{"id":"gen9ubers-1981165829","p1":"fishyroads","p2":"ash mars","format":"[Gen 9] Ubers","log":"|j|\u2606fishyroads\n|j|\u2606ash mars\n|t:|1698868943\n|gametype|singles\n|player|p1|fishyroads|harlequin|\n|player|p2|ash mars|jasmine|\n|teamsize|p1|6\n|teamsize|p2|6\n|gen|9\n|tier|[Gen 9] Ubers\n|rule|Sleep Clause Mod: Limit one foe put to sleep\n|rule|Species Clause: Limit one of each Pok\u00e9mon\n|rule|OHKO Clause: OHKO moves are banned\n|rule|Evasion Items Clause: Evasion items are banned\n|rule|Evasion Moves Clause: Evasion moves are banned\n|rule|Endless Battle Clause: Forcing endless battles is banned\n|rule|HP Percentage Mod: HP is shown in percentages\n|clearpoke\n|poke|p1|Torkoal, M|\n|poke|p1|Chi-Yu|\n|poke|p1|Walking Wake|\n|poke|p1|Cyclizar, F|\n|poke|p1|Magearna|\n|poke|p1|Arceus-Grass|\n|poke|p2|Zacian-*|\n|poke|p2|Shaymin-Sky|\n|poke|p2|Arceus-Ice|\n|poke|p2|Palafin, F|\n|poke|p2|Palkia-Origin|\n|poke|p2|Magearna|\n|teampreview\n|inactive|Battle timer is ON: inactive players will automatically lose when time's up. (requested by ash mars)\n|c|\u2606ash mars|hf\n|c|\u2606fishyroads|u2\n|\n|t:|1698868960\n|start\n|switch|p1a: Torkoal|Torkoal, M|100\/100\n|switch|p2a: Shaymin|Shaymin-Sky, shiny|100\/100\n|-weather|SunnyDay|[from] ability: Drought|[of] p1a: Torkoal\n|turn|1\n|\n|t:|1698868965\n|move|p2a: Shaymin|Air Slash|p1a: Torkoal\n|-damage|p1a: Torkoal|36\/100\n|-damage|p2a: Shaymin|91\/100|[from] item: Life Orb\n|move|p1a: Torkoal|Lava Plume|p2a: Shaymin\n|-supereffective|p2a: Shaymin\n|-damage|p2a: Shaymin|1\/100\n|-status|p2a: Shaymin|brn\n|\n|-weather|SunnyDay|[upkeep]\n|-damage|p2a: Shaymin|0 fnt|[from] brn\n|faint|p2a: Shaymin\n|upkeep\n|c|\u2606ash mars|man\n|c|\u2606fishyroads|i wont allow you to hax me any further\n|c|\u2606ash mars|nah not even that\n|c|\u2606ash mars|i loaded up the wrong tea\n|c|\u2606ash mars|team\n|c|\u2606fishyroads|bruh\n|inactive|ash mars has 270 seconds left.\n|\n|t:|1698868996\n|switch|p2a: Palafin|Palafin, F|100\/100\n|turn|2\n|\n|t:|1698869001\n|switch|p1a: Walking Wake|Walking Wake|100\/100\n|-activate|p1a: Walking Wake|ability: Protosynthesis\n|-start|p1a: Walking Wake|protosynthesisspa\n|move|p2a: Palafin|Flip Turn|p1a: Walking Wake\n|-resisted|p1a: Walking Wake\n|-damage|p1a: Walking Wake|96\/100\n|c|\u2606ash mars|i had the challenge ready to send and urs came thru and it swapped to the top one in my builder\n|c|\u2606ash mars|lol\n|inactive|ash mars has 270 seconds left.\n|\n|t:|1698869017\n|detailschange|p2a: Palafin|Palafin-Hero, F\n|switch|p2a: Magearna|Magearna|100\/100|[from] Flip Turn\n|\n|-weather|SunnyDay|[upkeep]\n|upkeep\n|turn|3\n|\n|t:|1698869021\n|move|p1a: Walking Wake|Weather Ball|p2a: Magearna\n|-supereffective|p2a: Magearna\n|-damage|p2a: Magearna|0 fnt\n|faint|p2a: Magearna\n|\n|-weather|SunnyDay|[upkeep]\n|upkeep\n|\n|t:|1698869028\n|switch|p2a: Zacian|Zacian, shiny|100\/100\n|-ability|p2a: Zacian|Intrepid Sword|boost\n|-boost|p2a: Zacian|atk|1\n|turn|4\n|c|\u2606fishyroads|well\n|\n|t:|1698869045\n|-end|p1a: Walking Wake|Protosynthesis|[silent]\n|switch|p1a: Magearna|Magearna|100\/100\n|move|p2a: Zacian|Swords Dance|p2a: Zacian\n|-boost|p2a: Zacian|atk|2\n|\n|-weather|SunnyDay|[upkeep]\n|upkeep\n|turn|5\n|\n|t:|1698869048\n|-terastallize|p2a: Zacian|Ground\n|move|p2a: Zacian|Tera Blast|p1a: Magearna|[anim] Tera Blast Ground\n|-supereffective|p1a: Magearna\n|-damage|p1a: Magearna|0 fnt\n|faint|p1a: Magearna\n|-damage|p2a: Zacian|91\/100|[from] item: Life Orb\n|\n|-weather|SunnyDay|[upkeep]\n|upkeep\n|c|\u2606fishyroads|allwoed\n|\n|t:|1698869055\n|switch|p1a: Chi-Yu|Chi-Yu|100\/100\n|-ability|p1a: Chi-Yu|Beads of Ruin\n|turn|6\n|\n|t:|1698869063\n|move|p1a: Chi-Yu|Fire Blast|p2a: Zacian\n|-damage|p2a: Zacian|0 fnt\n|faint|p2a: Zacian\n|\n|-weather|SunnyDay|[upkeep]\n|upkeep\n|\n|t:|1698869067\n|switch|p2a: Palkia|Palkia-Origin|100\/100\n|-ability|p2a: Palkia|Pressure\n|turn|7\n|\n|t:|1698869074\n|switch|p1a: Arceus|Arceus-Grass, shiny|100\/100\n|move|p2a: Palkia|Draco Meteor|p1a: Arceus\n|-damage|p1a: Arceus|37\/100\n|-unboost|p2a: Palkia|spa|2\n|\n|-weather|SunnyDay|[upkeep]\n|upkeep\n|turn|8\n|\n|t:|1698869082\n|switch|p2a: Arceus|Arceus-Ice, shiny|100\/100\n|move|p1a: Arceus|Recover|p1a: Arceus\n|-heal|p1a: Arceus|87\/100\n|\n|-weather|none\n|upkeep\n|turn|9\n|\n|t:|1698869085\n|switch|p1a: Torkoal|Torkoal, M|36\/100\n|-weather|SunnyDay|[from] ability: Drought|[of] p1a: Torkoal\n|move|p2a: Arceus|Calm Mind|p2a: Arceus\n|-boost|p2a: Arceus|spa|1\n|-boost|p2a: Arceus|spd|1\n|\n|-weather|SunnyDay|[upkeep]\n|upkeep\n|turn|10\n|\n|t:|1698869090\n|move|p2a: Arceus|Thunderbolt|p1a: Torkoal\n|-crit|p1a: Torkoal\n|-damage|p1a: Torkoal|0 fnt\n|faint|p1a: Torkoal\n|\n|-weather|SunnyDay|[upkeep]\n|upkeep\n|\n|t:|1698869096\n|switch|p1a: Chi-Yu|Chi-Yu|100\/100\n|-ability|p1a: Chi-Yu|Beads of Ruin\n|turn|11\n|\n|t:|1698869103\n|switch|p2a: Palkia|Palkia-Origin|100\/100\n|-ability|p2a: Palkia|Pressure\n|-terastallize|p1a: Chi-Yu|Fire\n|move|p1a: Chi-Yu|Flamethrower|p2a: Palkia\n|-resisted|p2a: Palkia\n|-damage|p2a: Palkia|70\/100\n|-status|p2a: Palkia|brn\n|\n|-weather|SunnyDay|[upkeep]\n|-damage|p2a: Palkia|64\/100 brn|[from] brn\n|upkeep\n|turn|12\n|\n|t:|1698869110\n|switch|p1a: Arceus|Arceus-Grass, shiny|87\/100\n|move|p2a: Palkia|Draco Meteor|p1a: Arceus\n|-damage|p1a: Arceus|24\/100\n|-unboost|p2a: Palkia|spa|2\n|\n|-weather|SunnyDay|[upkeep]\n|-damage|p2a: Palkia|58\/100 brn|[from] brn\n|upkeep\n|turn|13\n|\n|t:|1698869113\n|move|p1a: Arceus|Recover|p1a: Arceus\n|-heal|p1a: Arceus|74\/100\n|move|p2a: Palkia|Draco Meteor|p1a: Arceus\n|-damage|p1a: Arceus|44\/100\n|-unboost|p2a: Palkia|spa|2\n|\n|-weather|SunnyDay|[upkeep]\n|-damage|p2a: Palkia|52\/100 brn|[from] brn\n|upkeep\n|turn|14\n|\n|t:|1698869115\n|switch|p2a: Arceus|Arceus-Ice, shiny|100\/100\n|move|p1a: Arceus|Recover|p1a: Arceus\n|-heal|p1a: Arceus|94\/100\n|\n|-weather|SunnyDay|[upkeep]\n|upkeep\n|turn|15\n|\n|t:|1698869126\n|switch|p1a: Chi-Yu|Chi-Yu, tera:Fire|100\/100\n|-ability|p1a: Chi-Yu|Beads of Ruin\n|switch|p2a: Palkia|Palkia-Origin|52\/100 brn\n|-ability|p2a: Palkia|Pressure\n|\n|-weather|SunnyDay|[upkeep]\n|-damage|p2a: Palkia|45\/100 brn|[from] brn\n|upkeep\n|turn|16\n|\n|t:|1698869132\n|move|p1a: Chi-Yu|Dark Pulse|p2a: Palkia\n|-damage|p2a: Palkia|0 fnt\n|faint|p2a: Palkia\n|\n|-weather|none\n|upkeep\n|\n|t:|1698869134\n|switch|p2a: Arceus|Arceus-Ice, shiny|100\/100\n|turn|17\n|\n|t:|1698869141\n|switch|p1a: Walking Wake|Walking Wake|96\/100\n|move|p2a: Arceus|Calm Mind|p2a: Arceus\n|-boost|p2a: Arceus|spa|1\n|-boost|p2a: Arceus|spd|1\n|\n|upkeep\n|turn|18\n|\n|t:|1698869146\n|move|p2a: Arceus|Calm Mind|p2a: Arceus\n|-boost|p2a: Arceus|spa|1\n|-boost|p2a: Arceus|spd|1\n|move|p1a: Walking Wake|Draco Meteor|p2a: Arceus\n|-damage|p2a: Arceus|67\/100\n|-unboost|p1a: Walking Wake|spa|2\n|\n|upkeep\n|turn|19\n|\n|t:|1698869153\n|-end|p1a: Walking Wake|Protosynthesis|[silent]\n|switch|p1a: Arceus|Arceus-Grass, shiny|94\/100\n|move|p2a: Arceus|Calm Mind|p2a: Arceus\n|-boost|p2a: Arceus|spa|1\n|-boost|p2a: Arceus|spd|1\n|\n|upkeep\n|turn|20\n|\n|t:|1698869159\n|move|p2a: Arceus|Recover|p2a: Arceus\n|-heal|p2a: Arceus|100\/100\n|move|p1a: Arceus|Judgment|p2a: Arceus\n|-damage|p2a: Arceus|88\/100\n|\n|upkeep\n|turn|21\n|\n|t:|1698869162\n|move|p2a: Arceus|Calm Mind|p2a: Arceus\n|-boost|p2a: Arceus|spa|1\n|-boost|p2a: Arceus|spd|1\n|move|p1a: Arceus|Judgment|p2a: Arceus\n|-damage|p2a: Arceus|78\/100\n|\n|upkeep\n|turn|22\n|\n|t:|1698869164\n|move|p1a: Arceus|Judgment|p2a: Arceus\n|-damage|p2a: Arceus|68\/100\n|move|p2a: Arceus|Calm Mind|p2a: Arceus\n|-boost|p2a: Arceus|spa|1\n|-boost|p2a: Arceus|spd|1\n|\n|upkeep\n|turn|23\n|c|\u2606fishyroads|crit?\n|\n|t:|1698869170\n|move|p1a: Arceus|Judgment|p2a: Arceus\n|-crit|p2a: Arceus\n|-damage|p2a: Arceus|21\/100\n|move|p2a: Arceus|Recover|p2a: Arceus\n|-heal|p2a: Arceus|71\/100\n|\n|upkeep\n|turn|24\n|\n|t:|1698869174\n|move|p1a: Arceus|Judgment|p2a: Arceus\n|-damage|p2a: Arceus|63\/100\n|move|p2a: Arceus|Recover|p2a: Arceus\n|-heal|p2a: Arceus|100\/100\n|\n|upkeep\n|turn|25\n|\n|t:|1698869177\n|move|p2a: Arceus|Calm Mind|p2a: Arceus\n|-boost|p2a: Arceus|spa|1\n|-boost|p2a: Arceus|spd|1\n|move|p1a: Arceus|Judgment|p2a: Arceus\n|-damage|p2a: Arceus|92\/100\n|\n|upkeep\n|turn|26\n|\n|t:|1698869180\n|move|p1a: Arceus|Judgment|p2a: Arceus\n|-damage|p2a: Arceus|84\/100\n|move|p2a: Arceus|Recover|p2a: Arceus\n|-heal|p2a: Arceus|100\/100\n|\n|upkeep\n|turn|27\n|\n|t:|1698869182\n|move|p2a: Arceus|Judgment|p1a: Arceus\n|-supereffective|p1a: Arceus\n|-crit|p1a: Arceus\n|-damage|p1a: Arceus|0 fnt\n|faint|p1a: Arceus\n|\n|upkeep\n|\n|t:|1698869185\n|switch|p1a: Chi-Yu|Chi-Yu, tera:Fire|100\/100\n|-ability|p1a: Chi-Yu|Beads of Ruin\n|turn|28\n|\n|t:|1698869190\n|move|p1a: Chi-Yu|Fire Blast|p2a: Arceus\n|-supereffective|p2a: Arceus\n|-damage|p2a: Arceus|62\/100\n|-status|p2a: Arceus|brn\n|move|p2a: Arceus|Thunderbolt|p1a: Chi-Yu\n|-damage|p1a: Chi-Yu|0 fnt\n|faint|p1a: Chi-Yu\n|\n|-damage|p2a: Arceus|56\/100 brn|[from] brn\n|upkeep\n|\n|t:|1698869200\n|switch|p1a: Walking Wake|Walking Wake|96\/100\n|turn|29\n|\n|t:|1698869203\n|move|p2a: Arceus|Recover|p2a: Arceus\n|-heal|p2a: Arceus|100\/100 brn\n|move|p1a: Walking Wake|Flip Turn|p2a: Arceus\n|-damage|p2a: Arceus|90\/100 brn\n|\n|t:|1698869205\n|-end|p1a: Walking Wake|Protosynthesis|[silent]\n|switch|p1a: Cyclizar|Cyclizar, F|100\/100|[from] Flip Turn\n|\n|-damage|p2a: Arceus|84\/100 brn|[from] brn\n|upkeep\n|turn|30\n|\n|t:|1698869208\n|move|p1a: Cyclizar|Draco Meteor|p2a: Arceus\n|-damage|p2a: Arceus|77\/100 brn\n|-unboost|p1a: Cyclizar|spa|2\n|move|p2a: Arceus|Judgment|p1a: Cyclizar\n|-supereffective|p1a: Cyclizar\n|-damage|p1a: Cyclizar|0 fnt\n|faint|p1a: Cyclizar\n|\n|-damage|p2a: Arceus|71\/100 brn|[from] brn\n|upkeep\n|\n|t:|1698869211\n|switch|p1a: Walking Wake|Walking Wake|96\/100\n|turn|31\n|\n|t:|1698869213\n|move|p2a: Arceus|Judgment|p1a: Walking Wake\n|-damage|p1a: Walking Wake|0 fnt\n|faint|p1a: Walking Wake\n|-end|p1a: Walking Wake|Protosynthesis|[silent]\n|\n|win|ash mars\n|c|\u2606ash mars|gg\n|c|\u2606fishyroads|ggs\n|c|\u2606ash mars|can u send me g23\n|c|\u2606ash mars|2\n|c|\u2606ash mars|on disc\n|c|\u2606fishyroads|i got g2\n","uploadtime":1698869226,"views":29,"p1id":"fishyroads","p2id":"ashmars","formatid":"gen9ubers","rating":0,"private":0,"password":""}