{"id":"gen9ubers-1984031758","p1":"Kyalami","p2":"ThePuzzler13","format":"[Gen 9] Ubers","log":"|j|\u2606Kyalami\n|j|\u2606ThePuzzler13\n|t:|1699211658\n|gametype|singles\n|player|p1|Kyalami|skyla|\n|player|p2|ThePuzzler13|169|\n|teamsize|p1|6\n|teamsize|p2|6\n|gen|9\n|tier|[Gen 9] Ubers\n|rule|Sleep Clause Mod: Limit one foe put to sleep\n|rule|Species Clause: Limit one of each Pok\u00e9mon\n|rule|OHKO Clause: OHKO moves are banned\n|rule|Evasion Items Clause: Evasion items are banned\n|rule|Evasion Moves Clause: Evasion moves are banned\n|rule|Endless Battle Clause: Forcing endless battles is banned\n|rule|HP Percentage Mod: HP is shown in percentages\n|clearpoke\n|poke|p1|Ceruledge, M|\n|poke|p1|Espathra, M|\n|poke|p1|Shaymin-Sky|\n|poke|p1|Manaphy|\n|poke|p1|Sinistcha|\n|poke|p1|Goodra-Hisui, M|\n|poke|p2|Masquerain, F|\n|poke|p2|Arceus-Ice|\n|poke|p2|Gholdengo|\n|poke|p2|Palafin, F|\n|poke|p2|Chi-Yu|\n|poke|p2|Zamazenta-*|\n|teampreview\n|inactive|Battle timer is ON: inactive players will automatically lose when time's up. (requested by ThePuzzler13)\n|c|\u2606ThePuzzler13|aight we good now\n|\n|t:|1699211672\n|start\n|switch|p1a: Goodra|Goodra-Hisui, M|100\/100\n|switch|p2a: Masquerain|Masquerain, F|100\/100\n|-ability|p2a: Masquerain|Intimidate|boost\n|-unboost|p1a: Goodra|atk|1\n|turn|1\n|\n|t:|1699211680\n|move|p2a: Masquerain|Sticky Web|p1a: Goodra\n|-sidestart|p1: Kyalami|move: Sticky Web\n|move|p1a: Goodra|Blizzard|p2a: Masquerain\n|-supereffective|p2a: Masquerain\n|-enditem|p2a: Masquerain|Focus Sash\n|-damage|p2a: Masquerain|1\/100\n|\n|upkeep\n|turn|2\n|\n|t:|1699211687\n|move|p2a: Masquerain|Stun Spore|p1a: Goodra\n|-ability|p1a: Goodra|Sap Sipper|boost\n|-boost|p1a: Goodra|atk|1\n|move|p1a: Goodra|Chilling Water|p2a: Masquerain\n|-damage|p2a: Masquerain|0 fnt\n|faint|p2a: Masquerain\n|\n|upkeep\n|\n|t:|1699211698\n|switch|p2a: Zamazenta|Zamazenta-Crowned|100\/100\n|-ability|p2a: Zamazenta|Dauntless Shield|boost\n|-boost|p2a: Zamazenta|def|1\n|turn|3\n|c|\u2606Kyalami|Glhf\n|c|\u2606ThePuzzler13|glhf\n|\n|t:|1699211716\n|move|p2a: Zamazenta|Substitute|p2a: Zamazenta\n|-start|p2a: Zamazenta|Substitute\n|-damage|p2a: Zamazenta|75\/100\n|move|p1a: Goodra|Chilling Water|p2a: Zamazenta\n|-activate|p2a: Zamazenta|move: Substitute|[damage]\n|\n|upkeep\n|turn|4\n|\n|t:|1699211721\n|move|p2a: Zamazenta|Iron Defense|p2a: Zamazenta\n|-boost|p2a: Zamazenta|def|2\n|move|p1a: Goodra|Chilling Water|p2a: Zamazenta\n|-activate|p2a: Zamazenta|move: Substitute|[damage]\n|\n|upkeep\n|turn|5\n|\n|t:|1699211725\n|move|p2a: Zamazenta|Iron Defense|p2a: Zamazenta\n|-boost|p2a: Zamazenta|def|2\n|move|p1a: Goodra|Steel Beam|p2a: Zamazenta\n|-resisted|p2a: Zamazenta\n|-end|p2a: Zamazenta|Substitute\n|-damage|p1a: Goodra|50\/100|[from] steelbeam\n|\n|upkeep\n|turn|6\n|\n|t:|1699211731\n|move|p2a: Zamazenta|Body Press|p1a: Goodra\n|-supereffective|p1a: Goodra\n|-damage|p1a: Goodra|0 fnt\n|faint|p1a: Goodra\n|\n|upkeep\n|\n|t:|1699211733\n|switch|p1a: Ceruledge|Ceruledge, M|100\/100\n|-activate|p1a: Ceruledge|move: Sticky Web\n|-unboost|p1a: Ceruledge|spe|1\n|turn|7\n|\n|t:|1699211739\n|move|p2a: Zamazenta|Crunch|p1a: Ceruledge\n|-supereffective|p1a: Ceruledge\n|-damage|p1a: Ceruledge|40\/100\n|move|p1a: Ceruledge|Bitter Blade|p2a: Zamazenta\n|-supereffective|p2a: Zamazenta\n|-damage|p2a: Zamazenta|58\/100\n|-heal|p1a: Ceruledge|52\/100|[from] drain|[of] p2a: Zamazenta\n|\n|upkeep\n|turn|8\n|\n|t:|1699211753\n|-terastallize|p1a: Ceruledge|Electric\n|move|p2a: Zamazenta|Crunch|p1a: Ceruledge\n|-damage|p1a: Ceruledge|22\/100\n|-unboost|p1a: Ceruledge|def|1\n|move|p1a: Ceruledge|Bitter Blade|p2a: Zamazenta\n|-supereffective|p2a: Zamazenta\n|-damage|p2a: Zamazenta|43\/100\n|-heal|p1a: Ceruledge|33\/100|[from] drain|[of] p2a: Zamazenta\n|\n|upkeep\n|turn|9\n|\n|t:|1699211761\n|move|p2a: Zamazenta|Crunch|p1a: Ceruledge\n|-damage|p1a: Ceruledge|0 fnt\n|faint|p1a: Ceruledge\n|\n|upkeep\n|\n|t:|1699211763\n|switch|p1a: Espathra|Espathra, M|100\/100\n|-activate|p1a: Espathra|move: Sticky Web\n|-unboost|p1a: Espathra|spe|1\n|turn|10\n|\n|t:|1699211772\n|move|p2a: Zamazenta|Body Press|p1a: Espathra\n|-resisted|p1a: Espathra\n|-damage|p1a: Espathra|0 fnt\n|faint|p1a: Espathra\n|\n|upkeep\n|c|\u2606Kyalami|Shit\n|\n|t:|1699211780\n|switch|p1a: Shaymin|Shaymin-Sky|100\/100\n|turn|11\n|\n|t:|1699211784\n|move|p1a: Shaymin|Earth Power|p2a: Zamazenta\n|-supereffective|p2a: Zamazenta\n|-damage|p2a: Zamazenta|1\/100\n|-unboost|p2a: Zamazenta|spd|1\n|move|p2a: Zamazenta|Body Press|p1a: Shaymin\n|-resisted|p1a: Shaymin\n|-damage|p1a: Shaymin|0 fnt\n|faint|p1a: Shaymin\n|\n|upkeep\n|\n|t:|1699211787\n|switch|p1a: Sinistcha|Sinistcha|100\/100\n|-activate|p1a: Sinistcha|move: Sticky Web\n|-unboost|p1a: Sinistcha|spe|1\n|turn|12\n|c|\u2606Kyalami|1 HP\n|c|\u2606ThePuzzler13|lmao\n|\n|t:|1699211796\n|move|p2a: Zamazenta|Crunch|p1a: Sinistcha\n|-supereffective|p1a: Sinistcha\n|-damage|p1a: Sinistcha|62\/100\n|-enditem|p1a: Sinistcha|Weakness Policy\n|-boost|p1a: Sinistcha|atk|2|[from] item: Weakness Policy\n|-boost|p1a: Sinistcha|spa|2|[from] item: Weakness Policy\n|move|p1a: Sinistcha|Scald|p2a: Zamazenta\n|-damage|p2a: Zamazenta|0 fnt\n|faint|p2a: Zamazenta\n|\n|upkeep\n|c|\u2606ThePuzzler13|shit\n|\n|t:|1699211805\n|switch|p2a: Palafin|Palafin, F|100\/100\n|turn|13\n|\n|t:|1699211810\n|move|p2a: Palafin|Flip Turn|p1a: Sinistcha\n|-resisted|p1a: Sinistcha\n|-damage|p1a: Sinistcha|46\/100\n|\n|t:|1699211815\n|detailschange|p2a: Palafin|Palafin-Hero, F\n|switch|p2a: Arceus|Arceus-Ice|100\/100|[from] Flip Turn\n|move|p1a: Sinistcha|Scald|p2a: Arceus\n|-damage|p2a: Arceus|56\/100\n|\n|upkeep\n|turn|14\n|\n|t:|1699211821\n|move|p2a: Arceus|Calm Mind|p2a: Arceus\n|-boost|p2a: Arceus|spa|1\n|-boost|p2a: Arceus|spd|1\n|move|p1a: Sinistcha|Matcha Gotcha|p2a: Arceus\n|-damage|p2a: Arceus|10\/100\n|-heal|p1a: Sinistcha|71\/100|[from] drain|[of] p2a: Arceus\n|\n|upkeep\n|turn|15\n|\n|t:|1699211827\n|move|p2a: Arceus|Recover|p2a: Arceus\n|-heal|p2a: Arceus|60\/100\n|move|p1a: Sinistcha|Matcha Gotcha|p2a: Arceus\n|-damage|p2a: Arceus|13\/100\n|-heal|p1a: Sinistcha|98\/100|[from] drain|[of] p2a: Arceus\n|\n|upkeep\n|turn|16\n|\n|t:|1699211831\n|move|p2a: Arceus|Recover|p2a: Arceus\n|-heal|p2a: Arceus|63\/100\n|move|p1a: Sinistcha|Matcha Gotcha|p2a: Arceus\n|-damage|p2a: Arceus|19\/100\n|-heal|p1a: Sinistcha|100\/100|[from] drain|[of] p2a: Arceus\n|-status|p2a: Arceus|brn\n|\n|-damage|p2a: Arceus|13\/100 brn|[from] brn\n|upkeep\n|turn|17\n|\n|t:|1699211836\n|move|p2a: Arceus|Recover|p2a: Arceus\n|-heal|p2a: Arceus|63\/100 brn\n|move|p1a: Sinistcha|Matcha Gotcha|p2a: Arceus\n|-damage|p2a: Arceus|17\/100 brn\n|\n|-damage|p2a: Arceus|11\/100 brn|[from] brn\n|upkeep\n|turn|18\n|c|\u2606Kyalami|Xd\n|\n|t:|1699211844\n|move|p2a: Arceus|Judgment|p1a: Sinistcha\n|-supereffective|p1a: Sinistcha\n|-damage|p1a: Sinistcha|0 fnt\n|faint|p1a: Sinistcha\n|\n|-damage|p2a: Arceus|5\/100 brn|[from] brn\n|upkeep\n|\n|t:|1699211847\n|switch|p1a: Manaphy|Manaphy|100\/100\n|-activate|p1a: Manaphy|move: Sticky Web\n|-unboost|p1a: Manaphy|spe|1\n|turn|19\n|\n|t:|1699211852\n|move|p2a: Arceus|Thunderbolt|p1a: Manaphy\n|-supereffective|p1a: Manaphy\n|-damage|p1a: Manaphy|5\/100\n|-enditem|p1a: Manaphy|Salac Berry|[eat]\n|-boost|p1a: Manaphy|spe|1|[from] item: Salac Berry\n|move|p1a: Manaphy|Tera Blast|p2a: Arceus\n|-damage|p2a: Arceus|0 fnt\n|faint|p2a: Arceus\n|\n|upkeep\n|\n|t:|1699211862\n|switch|p2a: Palafin|Palafin-Hero, F|100\/100\n|-activate|p2a: Palafin|ability: Zero to Hero\n|turn|20\n|c|\u2606ThePuzzler13|gg\n|\n|t:|1699211868\n|move|p2a: Palafin|Jet Punch|p1a: Manaphy\n|-resisted|p1a: Manaphy\n|-damage|p1a: Manaphy|0 fnt\n|faint|p1a: Manaphy\n|\n|win|ThePuzzler13\n|c|\u2606Kyalami|Shit\n|c|\u2606Kyalami|Gg\n|c|\u2606Kyalami|First to three or?\n|c|\u2606Kyalami|Idk\n|c|\u2606Kyalami|I forgot\n|c|\u2606ThePuzzler13|It's best of three\n|c|\u2606Kyalami|Shit\n|c|\u2606ThePuzzler13|So I won\n|c|\u2606Kyalami|Gg\n|c|\u2606ThePuzzler13|Good game tho\n|c|\u2606Kyalami|Gotta rethink team\n|l|\u2606Kyalami\n|c|\u2606ThePuzzler13|Good luck with the rest of the torunament\n","uploadtime":1699211878,"views":19,"p1id":"kyalami","p2id":"thepuzzler13","formatid":"gen9ubers","rating":0,"private":0,"password":""}