{"id":"gen9ubers-1968122685","p1":"e63593","p2":"Batataplays","format":"[Gen 9] Ubers","log":"|j|\u2606e63593\n|j|\u2606Batataplays\n|inactive|Battle timer is ON: inactive players will automatically lose when time's up.\n|t:|1697386593\n|gametype|singles\n|player|p1|e63593|lillie-masters2|\n|player|p2|Batataplays|marnie-masters3|\n|teamsize|p1|6\n|teamsize|p2|6\n|gen|9\n|tier|[Gen 9] Ubers\n|rated|Tournament battle\n|rule|Sleep Clause Mod: Limit one foe put to sleep\n|rule|Species Clause: Limit one of each Pok\u00e9mon\n|rule|OHKO Clause: OHKO moves are banned\n|rule|Evasion Items Clause: Evasion items are banned\n|rule|Evasion Moves Clause: Evasion moves are banned\n|rule|Endless Battle Clause: Forcing endless battles is banned\n|rule|HP Percentage Mod: HP is shown in percentages\n|clearpoke\n|poke|p1|Arceus-Water|\n|poke|p1|Miraidon|\n|poke|p1|Ting-Lu|\n|poke|p1|Zacian-*|\n|poke|p1|Arcanine, F|\n|poke|p1|Dondozo, M|\n|poke|p2|Gliscor, M|\n|poke|p2|Koraidon|\n|poke|p2|Zacian-*|\n|poke|p2|Arceus|\n|poke|p2|Miraidon|\n|poke|p2|Toxapex, F|\n|teampreview\n|inactive|e63593 also wants the timer to be on.\n|c|\u2606Batataplays|Hevi fonfon\n|c|\u2606e63593|q\n|j| Jumeninja\n|inactive|e63593 has 120 seconds left.\n|c|\u2606Batataplays|Heavi fun\n|l| Jumeninja\n|c|\u2606Batataplays|Heavy fun\n|c|\u2606Batataplays|Fonfon\n|\n|t:|1697386633\n|start\n|switch|p1a: Arceus|Arceus-Water|100\/100\n|switch|p2a: Haaland|Miraidon|100\/100\n|-fieldstart|move: Electric Terrain|[from] ability: Hadron Engine|[of] p2a: Haaland\n|turn|1\n|\n|t:|1697386639\n|switch|p1a: Ting-Lu|Ting-Lu|100\/100\n|-ability|p1a: Ting-Lu|Vessel of Ruin\n|move|p2a: Haaland|U-turn|p1a: Ting-Lu\n|-supereffective|p1a: Ting-Lu\n|-damage|p1a: Ting-Lu|85\/100\n|\n|t:|1697386642\n|switch|p2a: Joao cancelo|Gliscor, M|100\/100|[from] U-turn\n|\n|-status|p2a: Joao cancelo|tox|[from] item: Toxic Orb\n|upkeep\n|turn|2\n|j| 1WeedBeard\n|\n|t:|1697386654\n|switch|p1a: Dondozo|Dondozo, M|100\/100\n|move|p2a: Joao cancelo|Toxic|p1a: Dondozo\n|-status|p1a: Dondozo|tox\n|\n|-damage|p1a: Dondozo|94\/100 tox|[from] psn\n|upkeep\n|turn|3\n|c| 1WeedBeard|jogando de gliscor t\u00e1 vendo\n|\n|t:|1697386670\n|switch|p1a: Miraidon|Miraidon|100\/100\n|-activate|p1a: Miraidon|ability: Hadron Engine\n|move|p2a: Joao cancelo|Spikes|p1a: Miraidon\n|-sidestart|p1: e63593|Spikes\n|\n|upkeep\n|turn|4\n|\n|t:|1697386675\n|switch|p1a: Dondozo|Dondozo, M|94\/100 tox\n|-damage|p1a: Dondozo|82\/100 tox|[from] Spikes\n|move|p2a: Joao cancelo|Toxic|p1a: Dondozo\n|-fail|p1a: Dondozo|tox\n|\n|-heal|p1a: Dondozo|88\/100 tox|[from] item: Leftovers\n|-damage|p1a: Dondozo|82\/100 tox|[from] psn\n|upkeep\n|turn|5\n|\n|t:|1697386681\n|switch|p1a: Ting-Lu|Ting-Lu|85\/100\n|-damage|p1a: Ting-Lu|73\/100|[from] Spikes\n|-ability|p1a: Ting-Lu|Vessel of Ruin\n|move|p2a: Joao cancelo|Spikes|p1a: Ting-Lu\n|-sidestart|p1: e63593|Spikes\n|\n|-fieldend|move: Electric Terrain\n|upkeep\n|turn|6\n|\n|t:|1697386683\n|move|p2a: Joao cancelo|Toxic|p1a: Ting-Lu\n|-status|p1a: Ting-Lu|tox\n|move|p1a: Ting-Lu|Ruination|p2a: Joao cancelo\n|-damage|p2a: Joao cancelo|50\/100 tox\n|\n|-heal|p2a: Joao cancelo|63\/100 tox|[from] ability: Poison Heal\n|-damage|p1a: Ting-Lu|67\/100 tox|[from] psn\n|upkeep\n|turn|7\n|\n|t:|1697386688\n|move|p2a: Joao cancelo|Spikes|p1a: Ting-Lu\n|-sidestart|p1: e63593|Spikes\n|move|p1a: Ting-Lu|Heavy Slam|p2a: Joao cancelo\n|-damage|p2a: Joao cancelo|40\/100 tox\n|\n|-heal|p2a: Joao cancelo|52\/100 tox|[from] ability: Poison Heal\n|-damage|p1a: Ting-Lu|54\/100 tox|[from] psn\n|upkeep\n|turn|8\n|\n|t:|1697386691\n|move|p2a: Joao cancelo|Protect|p2a: Joao cancelo\n|-singleturn|p2a: Joao cancelo|Protect\n|move|p1a: Ting-Lu|Tera Blast|p2a: Joao cancelo\n|-activate|p2a: Joao cancelo|move: Protect\n|\n|-heal|p2a: Joao cancelo|65\/100 tox|[from] ability: Poison Heal\n|-damage|p1a: Ting-Lu|36\/100 tox|[from] psn\n|upkeep\n|turn|9\n|\n|t:|1697386696\n|switch|p2a: Ake|Toxapex, F|100\/100\n|move|p1a: Ting-Lu|Ruination|p2a: Ake\n|-damage|p2a: Ake|50\/100\n|\n|-damage|p1a: Ting-Lu|11\/100 tox|[from] psn\n|upkeep\n|turn|10\n|\n|t:|1697386703\n|switch|p2a: Joao cancelo|Gliscor, M|65\/100 tox\n|move|p1a: Ting-Lu|Earthquake|p2a: Joao cancelo\n|-immune|p2a: Joao cancelo\n|\n|-heal|p2a: Joao cancelo|77\/100 tox|[from] ability: Poison Heal\n|-damage|p1a: Ting-Lu|0 fnt|[from] psn\n|faint|p1a: Ting-Lu\n|upkeep\n|\n|t:|1697386712\n|switch|p1a: Zacian|Zacian-Crowned|100\/100\n|-damage|p1a: Zacian|76\/100|[from] Spikes\n|-ability|p1a: Zacian|Intrepid Sword|boost\n|-boost|p1a: Zacian|atk|1\n|turn|11\n|\n|t:|1697386719\n|switch|p2a: Ake|Toxapex, F|84\/100\n|move|p1a: Zacian|Swords Dance|p1a: Zacian\n|-boost|p1a: Zacian|atk|2\n|\n|upkeep\n|turn|12\n|\n|t:|1697386722\n|move|p1a: Zacian|Wild Charge|p2a: Ake\n|-supereffective|p2a: Ake\n|-damage|p2a: Ake|0 fnt\n|-damage|p1a: Zacian|59\/100|[from] item: Rocky Helmet|[of] p2a: Ake\n|faint|p2a: Ake\n|-damage|p1a: Zacian|40\/100|[from] Recoil\n|\n|upkeep\n|\n|t:|1697386724\n|switch|p2a: Akanji|Koraidon|100\/100\n|-weather|SunnyDay|[from] ability: Orichalcum Pulse|[of] p2a: Akanji\n|-activate|p2a: Akanji|Orichalcum Pulse|[source]\n|turn|13\n|\n|t:|1697386726\n|move|p2a: Akanji|Flare Blitz|p1a: Zacian\n|-supereffective|p1a: Zacian\n|-damage|p1a: Zacian|0 fnt\n|faint|p1a: Zacian\n|-damage|p2a: Akanji|88\/100|[from] Recoil\n|\n|-weather|SunnyDay|[upkeep]\n|upkeep\n|\n|t:|1697386728\n|switch|p1a: Miraidon|Miraidon|100\/100\n|-damage|p1a: Miraidon|76\/100|[from] Spikes\n|-fieldstart|move: Electric Terrain|[from] ability: Hadron Engine|[of] p1a: Miraidon\n|turn|14\n|\n|t:|1697386734\n|switch|p2a: De bruyne|Zacian-Crowned|100\/100\n|-ability|p2a: De bruyne|Intrepid Sword|boost\n|-boost|p2a: De bruyne|atk|1\n|move|p1a: Miraidon|Calm Mind|p1a: Miraidon\n|-boost|p1a: Miraidon|spa|1\n|-boost|p1a: Miraidon|spd|1\n|\n|-weather|SunnyDay|[upkeep]\n|-heal|p1a: Miraidon|82\/100|[from] item: Leftovers\n|upkeep\n|turn|15\n|\n|t:|1697386740\n|move|p2a: De bruyne|Play Rough|p1a: Miraidon\n|-supereffective|p1a: Miraidon\n|-damage|p1a: Miraidon|0 fnt\n|faint|p1a: Miraidon\n|\n|-weather|SunnyDay|[upkeep]\n|upkeep\n|c|\u2606e63593|?\n|c|\u2606Batataplays|Oq?\n|c|\u2606e63593|!showset miraidon\n|c| e63593|\/raw <div class=\"infobox\">Miraidon @ Leftovers  <br \/>Ability: Hadron Engine  <br \/>Hidden Power: Ghost  <br \/>Tera Type: Fairy  <br \/>EVs: 248 HP &#x2f; 252 SpA &#x2f; 8 Spe  <br \/>Modest Nature  <br \/>- Calm Mind  <br \/>- Agility  <br \/>- Parabolic Charge  <br \/>- Dazzling Gleam  <br \/><br \/><\/div>\n|inactive|e63593 has 120 seconds left.\n|c|\u2606e63593|Behemoth Blade aqui era t\u00e3o \u00f3bvio\n|\n|t:|1697386786\n|switch|p1a: Arcanine|Arcanine, F|100\/100\n|-ability|p1a: Arcanine|Intimidate|boost\n|-unboost|p2a: De bruyne|atk|1\n|turn|16\n|j| Isabel Schmitt\n|c|\u2606Batataplays|Eu sou maluco\n|c|\u2606Batataplays|Apenas\n|inactive|Batataplays has 120 seconds left.\n|c| Isabel Schmitt|como deixaram um nabo igual o e63593 chegar na final\n|\n|t:|1697386819\n|switch|p2a: Joao cancelo|Gliscor, M|77\/100 tox\n|move|p1a: Arcanine|Will-O-Wisp||[still]\n|-fail|p1a: Arcanine\n|\n|-weather|SunnyDay|[upkeep]\n|-heal|p2a: Joao cancelo|90\/100 tox|[from] ability: Poison Heal\n|upkeep\n|turn|17\n|c|\u2606e63593|eu teria ganhado\n|inactive|e63593 has 120 seconds left.\n|c|\u2606e63593|se n\u00e3o fosse essa jogada maluca\n|\n|t:|1697386832\n|move|p2a: Joao cancelo|Protect|p2a: Joao cancelo\n|-singleturn|p2a: Joao cancelo|Protect\n|move|p1a: Arcanine|Roar|p2a: Joao cancelo\n|drag|p2a: Guardiola|Arceus|100\/100\n|\n|-weather|none\n|upkeep\n|turn|18\n|\n|t:|1697386840\n|switch|p2a: Joao cancelo|Gliscor, M|90\/100 tox\n|move|p1a: Arcanine|Will-O-Wisp||[still]\n|-fail|p1a: Arcanine\n|\n|-heal|p2a: Joao cancelo|100\/100 tox|[from] ability: Poison Heal\n|-fieldend|move: Electric Terrain\n|upkeep\n|turn|19\n|\n|t:|1697386851\n|move|p2a: Joao cancelo|Toxic|p1a: Arcanine\n|-status|p1a: Arcanine|tox\n|move|p1a: Arcanine|Roar|p2a: Joao cancelo\n|drag|p2a: Haaland|Miraidon|100\/100\n|-fieldstart|move: Electric Terrain|[from] ability: Hadron Engine|[of] p2a: Haaland\n|\n|-damage|p1a: Arcanine|94\/100 tox|[from] psn\n|upkeep\n|turn|20\n|\n|t:|1697386854\n|move|p2a: Haaland|Electro Drift|p1a: Arcanine\n|-damage|p1a: Arcanine|0 fnt\n|faint|p1a: Arcanine\n|\n|upkeep\n|\n|t:|1697386867\n|switch|p1a: Arceus|Arceus-Water|100\/100\n|-damage|p1a: Arceus|76\/100|[from] Spikes\n|turn|21\n|\n|t:|1697386869\n|switch|p2a: Joao cancelo|Gliscor, M|100\/100 tox\n|-terastallize|p1a: Arceus|Water\n|move|p1a: Arceus|Judgment|p2a: Joao cancelo\n|-supereffective|p2a: Joao cancelo\n|-damage|p2a: Joao cancelo|0 fnt\n|faint|p2a: Joao cancelo\n|\n|upkeep\n|\n|t:|1697386872\n|switch|p2a: Haaland|Miraidon|100\/100\n|-activate|p2a: Haaland|ability: Hadron Engine\n|turn|22\n|\n|t:|1697386877\n|move|p2a: Haaland|Electro Drift|p1a: Arceus\n|-supereffective|p1a: Arceus\n|-damage|p1a: Arceus|0 fnt\n|faint|p1a: Arceus\n|\n|upkeep\n|\n|t:|1697386880\n|switch|p1a: Dondozo|Dondozo, M|82\/100 tox\n|-damage|p1a: Dondozo|57\/100 tox|[from] Spikes\n|turn|23\n|\n|t:|1697386882\n|move|p2a: Haaland|Electro Drift|p1a: Dondozo\n|-supereffective|p1a: Dondozo\n|-damage|p1a: Dondozo|0 fnt\n|faint|p1a: Dondozo\n|\n|win|Batataplays\n|n|\u2606e63593|e63593\n|n|\u2606Batataplays|batataplays\n|n| 1WeedBeard|1weedbeard\n|n| Isabel Schmitt|isabelschmitt\n","uploadtime":1697386883,"views":16,"p1id":"e63593","p2id":"batataplays","formatid":"gen9ubers","rating":0,"private":0,"password":""}