{"id":"gen9ubers-1977787487","p1":"hatev2","p2":"RyzEr Chris","format":"[Gen 9] Ubers","log":"|j|\u2606hatev2\n|j|\u2606RyzEr Chris\n|t:|1698449584\n|gametype|singles\n|player|p1|hatev2|hiker-gen4|\n|player|p2|RyzEr Chris|169|\n|teamsize|p1|6\n|teamsize|p2|6\n|gen|9\n|tier|[Gen 9] Ubers\n|rule|Sleep Clause Mod: Limit one foe put to sleep\n|rule|Species Clause: Limit one of each Pok\u00e9mon\n|rule|OHKO Clause: OHKO moves are banned\n|rule|Evasion Items Clause: Evasion items are banned\n|rule|Evasion Moves Clause: Evasion moves are banned\n|rule|Endless Battle Clause: Forcing endless battles is banned\n|rule|HP Percentage Mod: HP is shown in percentages\n|clearpoke\n|poke|p1|Dragapult, M|\n|poke|p1|Iron Treads|\n|poke|p1|Enamorus, F|\n|poke|p1|Ceruledge, M|\n|poke|p1|Zarude|\n|poke|p1|Umbreon, F|\n|poke|p2|Amoonguss, M|\n|poke|p2|Annihilape, M|\n|poke|p2|Orthworm, F|\n|poke|p2|Iron Jugulis|\n|poke|p2|Garganacl, M|\n|poke|p2|Chi-Yu|\n|teampreview\n|j| SunShinyReys\n|c|\u2606RyzEr Chris|glhf\n|c|\u2606hatev2|glhf\n|j| DivogoJota\n|j| justinrockin\n|\n|t:|1698449691\n|start\n|switch|p1a: Dragapult|Dragapult, M|100\/100\n|switch|p2a: Orthworm|Orthworm, F, shiny|100\/100\n|turn|1\n|\n|t:|1698449720\n|move|p1a: Dragapult|Shadow Ball|p2a: Orthworm\n|-damage|p2a: Orthworm|5\/100\n|-enditem|p2a: Orthworm|Sitrus Berry|[eat]\n|-heal|p2a: Orthworm|30\/100|[from] item: Sitrus Berry\n|move|p2a: Orthworm|Stealth Rock|p1a: Dragapult\n|-sidestart|p1: hatev2|move: Stealth Rock\n|\n|upkeep\n|turn|2\n|c| SunShinyReys|Orthworm!!!\n|c|\u2606hatev2|the worm :3\n|c| DivogoJota|Happy guy\n|\n|t:|1698449788\n|move|p1a: Dragapult|Shadow Ball|p2a: Orthworm\n|-damage|p2a: Orthworm|0 fnt\n|faint|p2a: Orthworm\n|\n|upkeep\n|\n|t:|1698449798\n|switch|p2a: Iron Jugulis|Iron Jugulis|100\/100\n|-enditem|p2a: Iron Jugulis|Booster Energy\n|-activate|p2a: Iron Jugulis|ability: Quark Drive|[fromitem]\n|-start|p2a: Iron Jugulis|quarkdrivespe\n|turn|3\n|\n|t:|1698449806\n|switch|p1a: Umbreon|Umbreon, F|100\/100\n|-damage|p1a: Umbreon|88\/100|[from] Stealth Rock\n|move|p2a: Iron Jugulis|Dark Pulse|p1a: Umbreon\n|-resisted|p1a: Umbreon\n|-damage|p1a: Umbreon|77\/100\n|\n|upkeep\n|turn|4\n|\n|t:|1698449823\n|move|p2a: Iron Jugulis|Taunt|p1a: Umbreon\n|-start|p1a: Umbreon|move: Taunt\n|cant|p1a: Umbreon|move: Taunt|Toxic\n|\n|upkeep\n|turn|5\n|l| DivogoJota\n|j| DivogoJota\n|\n|t:|1698449939\n|move|p2a: Iron Jugulis|Flamethrower|p1a: Umbreon\n|-damage|p1a: Umbreon|63\/100\n|-activate|p1a: Umbreon|move: Struggle\n|move|p1a: Umbreon|Struggle|p2a: Iron Jugulis\n|-damage|p2a: Iron Jugulis|94\/100\n|-damage|p1a: Umbreon|38\/100|[from] recoil\n|\n|upkeep\n|turn|6\n|c| DivogoJota|:eyes:\n|\n|t:|1698449992\n|switch|p1a: Zarude|Zarude|100\/100\n|-damage|p1a: Zarude|88\/100|[from] Stealth Rock\n|move|p2a: Iron Jugulis|Hurricane|p1a: Zarude\n|-supereffective|p1a: Zarude\n|-damage|p1a: Zarude|0 fnt\n|faint|p1a: Zarude\n|\n|upkeep\n|\n|t:|1698449997\n|switch|p1a: Enamorus|Enamorus, F|100\/100\n|-damage|p1a: Enamorus|76\/100|[from] Stealth Rock\n|turn|7\n|\n|t:|1698450012\n|-end|p2a: Iron Jugulis|Quark Drive|[silent]\n|switch|p2a: Amoonguss|Amoonguss, M, shiny|100\/100\n|move|p1a: Enamorus|Moonblast|p2a: Amoonguss\n|-resisted|p2a: Amoonguss\n|-damage|p2a: Amoonguss|80\/100\n|-enditem|p2a: Amoonguss|Red Card|[of] p1a: Enamorus\n|drag|p1a: Dragapult|Dragapult, M|100\/100\n|-damage|p1a: Dragapult|88\/100|[from] Stealth Rock\n|\n|upkeep\n|turn|8\n|\n|t:|1698450047\n|move|p1a: Dragapult|Flamethrower|p2a: Amoonguss\n|-supereffective|p2a: Amoonguss\n|-damage|p2a: Amoonguss|12\/100\n|move|p2a: Amoonguss|Spore|p1a: Dragapult\n|-status|p1a: Dragapult|slp|[from] move: Spore\n|\n|upkeep\n|turn|9\n|j| thisispayneless\n|\n|t:|1698450087\n|switch|p1a: Umbreon|Umbreon, F|38\/100\n|-damage|p1a: Umbreon|25\/100|[from] Stealth Rock\n|switch|p2a: Annihilape|Annihilape, M, shiny|100\/100\n|\n|upkeep\n|turn|10\n|\n|t:|1698450147\n|-terastallize|p1a: Umbreon|Poison\n|move|p2a: Annihilape|Drain Punch|p1a: Umbreon\n|-resisted|p1a: Umbreon\n|-damage|p1a: Umbreon|13\/100\n|move|p1a: Umbreon|Wish|p1a: Umbreon\n|\n|upkeep\n|turn|11\n|\n|t:|1698450163\n|move|p1a: Umbreon|Protect|p1a: Umbreon\n|-singleturn|p1a: Umbreon|Protect\n|move|p2a: Annihilape|Rage Fist|p1a: Umbreon\n|-activate|p1a: Umbreon|move: Protect\n|\n|-heal|p1a: Umbreon|63\/100|[from] move: Wish|[wisher] Umbreon\n|upkeep\n|turn|12\n|\n|t:|1698450171\n|move|p2a: Annihilape|Bulk Up|p2a: Annihilape\n|-boost|p2a: Annihilape|atk|1\n|-boost|p2a: Annihilape|def|1\n|move|p1a: Umbreon|Toxic|p2a: Annihilape\n|-status|p2a: Annihilape|tox\n|\n|-damage|p2a: Annihilape|94\/100 tox|[from] psn\n|upkeep\n|turn|13\n|\n|t:|1698450207\n|move|p2a: Annihilape|Taunt|p1a: Umbreon\n|-start|p1a: Umbreon|move: Taunt\n|cant|p1a: Umbreon|move: Taunt|Wish\n|\n|-heal|p2a: Annihilape|100\/100 tox|[from] item: Leftovers\n|-damage|p2a: Annihilape|88\/100 tox|[from] psn\n|upkeep\n|turn|14\n|\n|t:|1698450235\n|switch|p1a: Enamorus|Enamorus, F|76\/100\n|-damage|p1a: Enamorus|51\/100|[from] Stealth Rock\n|move|p2a: Annihilape|Rage Fist|p1a: Enamorus\n|-damage|p1a: Enamorus|0 fnt\n|faint|p1a: Enamorus\n|\n|-heal|p2a: Annihilape|94\/100 tox|[from] item: Leftovers\n|-damage|p2a: Annihilape|76\/100 tox|[from] psn\n|upkeep\n|l| thisispayneless\n|\n|t:|1698450265\n|switch|p1a: Umbreon|Umbreon, F, tera:Poison|63\/100\n|-damage|p1a: Umbreon|50\/100|[from] Stealth Rock\n|turn|15\n|\n|t:|1698450269\n|move|p1a: Umbreon|Protect|p1a: Umbreon\n|-singleturn|p1a: Umbreon|Protect\n|move|p2a: Annihilape|Taunt|p1a: Umbreon\n|-activate|p1a: Umbreon|move: Protect\n|\n|-heal|p2a: Annihilape|82\/100 tox|[from] item: Leftovers\n|-damage|p2a: Annihilape|57\/100 tox|[from] psn\n|upkeep\n|turn|16\n|j| Lass Starling\n|\n|t:|1698450332\n|switch|p2a: Garganacl|Garganacl, M|100\/100\n|move|p1a: Umbreon|Protect||[still]\n|-fail|p1a: Umbreon\n|\n|upkeep\n|turn|17\n|\n|t:|1698450351\n|move|p1a: Umbreon|Wish|p1a: Umbreon\n|move|p2a: Garganacl|Salt Cure|p1a: Umbreon\n|-damage|p1a: Umbreon|40\/100\n|\n|upkeep\n|turn|18\n|\n|t:|1698450358\n|move|p1a: Umbreon|Skill Swap|p2a: Garganacl\n|-activate|p1a: Umbreon|move: Skill Swap|Purifying Salt|Synchronize|[of] p2a: Garganacl\n|move|p2a: Garganacl|Iron Defense|p2a: Garganacl\n|-boost|p2a: Garganacl|def|2\n|\n|-heal|p1a: Umbreon|90\/100|[from] move: Wish|[wisher] Umbreon\n|upkeep\n|turn|19\n|\n|t:|1698450469\n|move|p1a: Umbreon|Toxic|p2a: Garganacl\n|-status|p2a: Garganacl|tox\n|-activate|p2a: Garganacl|ability: Synchronize\n|-immune|p1a: Umbreon\n|move|p2a: Garganacl|Iron Defense|p2a: Garganacl\n|-boost|p2a: Garganacl|def|2\n|\n|-damage|p2a: Garganacl|94\/100 tox|[from] psn\n|upkeep\n|turn|20\n|\n|t:|1698450479\n|move|p1a: Umbreon|Wish|p1a: Umbreon\n|move|p2a: Garganacl|Salt Cure|p1a: Umbreon\n|-damage|p1a: Umbreon|79\/100\n|\n|-heal|p2a: Garganacl|100\/100 tox|[from] item: Leftovers\n|-damage|p2a: Garganacl|88\/100 tox|[from] psn\n|upkeep\n|turn|21\n|\n|t:|1698450490\n|switch|p2a: Chi-Yu|Chi-Yu|100\/100\n|-ability|p2a: Chi-Yu|Beads of Ruin\n|move|p1a: Umbreon|Protect||[still]\n|-fail|p1a: Umbreon\n|\n|-heal|p1a: Umbreon|100\/100|[from] move: Wish|[wisher] Umbreon\n|upkeep\n|turn|22\n|\n|t:|1698450523\n|switch|p2a: Amoonguss|Amoonguss, M, shiny|45\/100\n|move|p1a: Umbreon|Wish|p1a: Umbreon\n|\n|upkeep\n|turn|23\n|\n|t:|1698450568\n|switch|p1a: Dragapult|Dragapult, M|88\/100 slp\n|-damage|p1a: Dragapult|76\/100 slp|[from] Stealth Rock\n|move|p2a: Amoonguss|Giga Drain|p1a: Dragapult\n|-resisted|p1a: Dragapult\n|-damage|p1a: Dragapult|61\/100 slp\n|-heal|p2a: Amoonguss|51\/100|[from] drain|[of] p1a: Dragapult\n|\n|-heal|p1a: Dragapult|100\/100 slp|[from] move: Wish|[wisher] Umbreon\n|upkeep\n|turn|24\n|\n|t:|1698450593\n|switch|p2a: Iron Jugulis|Iron Jugulis|94\/100\n|cant|p1a: Dragapult|slp\n|\n|upkeep\n|turn|25\n|\n|t:|1698450601\n|switch|p1a: Umbreon|Umbreon, F, tera:Poison|100\/100\n|-damage|p1a: Umbreon|88\/100|[from] Stealth Rock\n|move|p2a: Iron Jugulis|Dark Pulse|p1a: Umbreon\n|-damage|p1a: Umbreon|68\/100\n|\n|upkeep\n|turn|26\n|\n|t:|1698450607\n|move|p2a: Iron Jugulis|Hurricane|p1a: Umbreon|[miss]\n|-miss|p2a: Iron Jugulis|p1a: Umbreon\n|move|p1a: Umbreon|Wish|p1a: Umbreon\n|\n|upkeep\n|turn|27\n|\n|t:|1698450617\n|move|p2a: Iron Jugulis|Taunt|p1a: Umbreon\n|-start|p1a: Umbreon|move: Taunt\n|cant|p1a: Umbreon|move: Taunt|Toxic\n|\n|-heal|p1a: Umbreon|100\/100|[from] move: Wish|[wisher] Umbreon\n|upkeep\n|turn|28\n|\n|t:|1698450658\n|move|p2a: Iron Jugulis|Hurricane|p1a: Umbreon\n|-damage|p1a: Umbreon|71\/100\n|-activate|p1a: Umbreon|move: Struggle\n|move|p1a: Umbreon|Struggle|p2a: Iron Jugulis\n|-damage|p2a: Iron Jugulis|87\/100\n|-damage|p1a: Umbreon|46\/100|[from] recoil\n|\n|upkeep\n|turn|29\n|\n|t:|1698450712\n|switch|p1a: Ceruledge|Ceruledge, M|100\/100\n|-damage|p1a: Ceruledge|76\/100|[from] Stealth Rock\n|move|p2a: Iron Jugulis|Hurricane|p1a: Ceruledge|[miss]\n|-miss|p2a: Iron Jugulis|p1a: Ceruledge\n|\n|upkeep\n|turn|30\n|\n|t:|1698450722\n|move|p2a: Iron Jugulis|Dark Pulse|p1a: Ceruledge\n|-supereffective|p1a: Ceruledge\n|-damage|p1a: Ceruledge|0 fnt\n|faint|p1a: Ceruledge\n|\n|upkeep\n|\n|t:|1698450725\n|switch|p1a: Iron Treads|Iron Treads|100\/100\n|-damage|p1a: Iron Treads|97\/100|[from] Stealth Rock\n|-enditem|p1a: Iron Treads|Booster Energy\n|-activate|p1a: Iron Treads|ability: Quark Drive|[fromitem]\n|-start|p1a: Iron Treads|quarkdriveatk\n|turn|31\n|\n|t:|1698450739\n|move|p2a: Iron Jugulis|Flamethrower|p1a: Iron Treads\n|-supereffective|p1a: Iron Treads\n|-damage|p1a: Iron Treads|20\/100\n|move|p1a: Iron Treads|Rapid Spin|p2a: Iron Jugulis\n|-damage|p2a: Iron Jugulis|58\/100\n|-boost|p1a: Iron Treads|spe|1\n|-sideend|p1: hatev2|Stealth Rock|[from] move: Rapid Spin|[of] p1a: Iron Treads\n|\n|upkeep\n|turn|32\n|\n|t:|1698450753\n|move|p1a: Iron Treads|Ice Spinner|p2a: Iron Jugulis\n|-supereffective|p2a: Iron Jugulis\n|-damage|p2a: Iron Jugulis|0 fnt\n|faint|p2a: Iron Jugulis\n|-end|p2a: Iron Jugulis|Quark Drive|[silent]\n|\n|upkeep\n|\n|t:|1698450789\n|switch|p2a: Amoonguss|Amoonguss, M, shiny|84\/100\n|turn|33\n|\n|t:|1698450807\n|-end|p1a: Iron Treads|Quark Drive|[silent]\n|switch|p1a: Umbreon|Umbreon, F, tera:Poison|46\/100\n|move|p2a: Amoonguss|Giga Drain|p1a: Umbreon\n|-resisted|p1a: Umbreon\n|-damage|p1a: Umbreon|40\/100\n|-heal|p2a: Amoonguss|87\/100|[from] drain|[of] p1a: Umbreon\n|\n|upkeep\n|turn|34\n|\n|t:|1698450821\n|switch|p2a: Chi-Yu|Chi-Yu|100\/100\n|-ability|p2a: Chi-Yu|Beads of Ruin\n|move|p1a: Umbreon|Wish|p1a: Umbreon\n|\n|upkeep\n|turn|35\n|\n|t:|1698450883\n|switch|p2a: Annihilape|Annihilape, M, shiny|57\/100 tox\n|move|p1a: Umbreon|Protect||[still]\n|-fail|p1a: Umbreon\n|\n|-heal|p1a: Umbreon|90\/100|[from] move: Wish|[wisher] Umbreon\n|-heal|p2a: Annihilape|63\/100 tox|[from] item: Leftovers\n|-damage|p2a: Annihilape|57\/100 tox|[from] psn\n|upkeep\n|turn|36\n|c|\u2606hatev2|i would like to apologize in advance for umbreon but you fucked my team without it LOL\n|\n|t:|1698450895\n|move|p1a: Umbreon|Protect|p1a: Umbreon\n|-singleturn|p1a: Umbreon|Protect\n|move|p2a: Annihilape|Taunt|p1a: Umbreon\n|-activate|p1a: Umbreon|move: Protect\n|\n|-heal|p2a: Annihilape|63\/100 tox|[from] item: Leftovers\n|-damage|p2a: Annihilape|51\/100 tox|[from] psn\n|upkeep\n|turn|37\n|c|\u2606RyzEr Chris|i mean like\n|c|\u2606RyzEr Chris|i went the wrong set on chi yu\n|c|\u2606RyzEr Chris|so its okay lmao\n|c|\u2606hatev2|oh\n|c|\u2606hatev2|i see\n|c|\u2606RyzEr Chris|ur umbreon would be dead rn if i acc had the right set\n|c|\u2606hatev2|ohhhh\n|c|\u2606RyzEr Chris|its so frustrating\n|\n|t:|1698450972\n|move|p1a: Umbreon|Protect|p1a: Umbreon\n|-singleturn|p1a: Umbreon|Protect\n|move|p2a: Annihilape|Rage Fist|p1a: Umbreon\n|-activate|p1a: Umbreon|move: Protect\n|\n|-heal|p2a: Annihilape|57\/100 tox|[from] item: Leftovers\n|-damage|p2a: Annihilape|39\/100 tox|[from] psn\n|upkeep\n|turn|38\n|c|\u2606RyzEr Chris|i dindt even realize until i swapped himin\n|c|\u2606hatev2|damn thats unfort\n|c|\u2606hatev2|if you really want to we can redo but totally up to you\n|c|\u2606hatev2|probably too far in tho\n|c|\u2606RyzEr Chris|its really up to you\n|c|\u2606RyzEr Chris|i think you just win, so really is up to you\n|c| DivogoJota|You are 38 turns in lmao\n|c|\u2606RyzEr Chris|xd\n|c|\u2606hatev2|uhhh i think i just lose LOL\n|c|\u2606RyzEr Chris|no i meant like\n|c|\u2606RyzEr Chris|u win this game ez\n|c|\u2606RyzEr Chris|so\n|c|\u2606hatev2|lets just play it out i think were too deep the more i think about this\n|c|\u2606RyzEr Chris|true\n|\n|t:|1698451066\n|move|p1a: Umbreon|Protect||[still]\n|-fail|p1a: Umbreon\n|move|p2a: Annihilape|Rage Fist|p1a: Umbreon\n|-damage|p1a: Umbreon|75\/100\n|\n|-heal|p2a: Annihilape|45\/100 tox|[from] item: Leftovers\n|-damage|p2a: Annihilape|20\/100 tox|[from] psn\n|upkeep\n|turn|39\n|\n|t:|1698451084\n|move|p2a: Annihilape|Drain Punch|p1a: Umbreon\n|-resisted|p1a: Umbreon\n|-damage|p1a: Umbreon|64\/100\n|-heal|p2a: Annihilape|25\/100 tox|[from] drain|[of] p1a: Umbreon\n|move|p1a: Umbreon|Wish|p1a: Umbreon\n|\n|-heal|p2a: Annihilape|31\/100 tox|[from] item: Leftovers\n|-damage|p2a: Annihilape|0 fnt|[from] psn\n|faint|p2a: Annihilape\n|upkeep\n|\n|t:|1698451097\n|switch|p2a: Amoonguss|Amoonguss, M, shiny|100\/100\n|turn|40\n|\n|t:|1698451112\n|move|p1a: Umbreon|Protect|p1a: Umbreon\n|-singleturn|p1a: Umbreon|Protect\n|move|p2a: Amoonguss|Giga Drain|p1a: Umbreon\n|-activate|p1a: Umbreon|move: Protect\n|\n|-heal|p1a: Umbreon|100\/100|[from] move: Wish|[wisher] Umbreon\n|upkeep\n|turn|41\n|\n|t:|1698451150\n|switch|p1a: Dragapult|Dragapult, M|100\/100 slp\n|move|p2a: Amoonguss|Sludge Bomb|p1a: Dragapult\n|-resisted|p1a: Dragapult\n|-damage|p1a: Dragapult|83\/100 slp\n|\n|upkeep\n|turn|42\n|\n|t:|1698451170\n|cant|p1a: Dragapult|slp\n|move|p2a: Amoonguss|Giga Drain|p1a: Dragapult\n|-resisted|p1a: Dragapult\n|-damage|p1a: Dragapult|67\/100 slp\n|\n|upkeep\n|turn|43\n|\n|t:|1698451176\n|cant|p1a: Dragapult|slp\n|move|p2a: Amoonguss|Spore|p1a: Dragapult\n|-fail|p1a: Dragapult|slp\n|\n|upkeep\n|turn|44\n|\n|t:|1698451181\n|-curestatus|p1a: Dragapult|slp|[msg]\n|move|p1a: Dragapult|Draco Meteor|p2a: Amoonguss\n|-damage|p2a: Amoonguss|18\/100\n|-unboost|p1a: Dragapult|spa|2\n|move|p2a: Amoonguss|Spore|p1a: Dragapult\n|-status|p1a: Dragapult|slp|[from] move: Spore\n|\n|upkeep\n|turn|45\n|\n|t:|1698451191\n|cant|p1a: Dragapult|slp\n|move|p2a: Amoonguss|Giga Drain|p1a: Dragapult\n|-resisted|p1a: Dragapult\n|-damage|p1a: Dragapult|52\/100 slp\n|-heal|p2a: Amoonguss|23\/100|[from] drain|[of] p1a: Dragapult\n|\n|upkeep\n|turn|46\n|\n|t:|1698451197\n|cant|p1a: Dragapult|slp\n|move|p2a: Amoonguss|Giga Drain|p1a: Dragapult\n|-resisted|p1a: Dragapult\n|-crit|p1a: Dragapult\n|-damage|p1a: Dragapult|30\/100 slp\n|-heal|p2a: Amoonguss|31\/100|[from] drain|[of] p1a: Dragapult\n|\n|upkeep\n|turn|47\n|\n|t:|1698451205\n|switch|p1a: Umbreon|Umbreon, F, tera:Poison|100\/100\n|move|p2a: Amoonguss|Giga Drain|p1a: Umbreon\n|-resisted|p1a: Umbreon\n|-damage|p1a: Umbreon|94\/100\n|-heal|p2a: Amoonguss|34\/100|[from] drain|[of] p1a: Umbreon\n|\n|upkeep\n|turn|48\n|\n|t:|1698451226\n|switch|p2a: Garganacl|Garganacl, M|88\/100 tox\n|move|p1a: Umbreon|Wish|p1a: Umbreon\n|\n|-heal|p2a: Garganacl|94\/100 tox|[from] item: Leftovers\n|-damage|p2a: Garganacl|88\/100 tox|[from] psn\n|upkeep\n|turn|49\n|\n|t:|1698451243\n|move|p1a: Umbreon|Protect|p1a: Umbreon\n|-singleturn|p1a: Umbreon|Protect\n|move|p2a: Garganacl|Salt Cure|p1a: Umbreon\n|-activate|p1a: Umbreon|move: Protect\n|\n|-heal|p1a: Umbreon|100\/100|[from] move: Wish|[wisher] Umbreon\n|-heal|p2a: Garganacl|94\/100 tox|[from] item: Leftovers\n|-damage|p2a: Garganacl|82\/100 tox|[from] psn\n|upkeep\n|turn|50\n|\n|t:|1698451259\n|move|p1a: Umbreon|Wish|p1a: Umbreon\n|move|p2a: Garganacl|Salt Cure|p1a: Umbreon\n|-damage|p1a: Umbreon|90\/100\n|\n|-heal|p2a: Garganacl|88\/100 tox|[from] item: Leftovers\n|-damage|p2a: Garganacl|70\/100 tox|[from] psn\n|upkeep\n|turn|51\n|\n|t:|1698451282\n|move|p1a: Umbreon|Toxic|p2a: Garganacl\n|-fail|p2a: Garganacl|tox\n|move|p2a: Garganacl|Recover|p2a: Garganacl\n|-heal|p2a: Garganacl|100\/100 tox\n|\n|-heal|p1a: Umbreon|100\/100|[from] move: Wish|[wisher] Umbreon\n|-damage|p2a: Garganacl|76\/100 tox|[from] psn\n|upkeep\n|turn|52\n|\n|t:|1698451293\n|switch|p2a: Amoonguss|Amoonguss, M, shiny|67\/100\n|move|p1a: Umbreon|Skill Swap|p2a: Amoonguss\n|-activate|p1a: Umbreon|move: Skill Swap|Regenerator|Synchronize|[of] p2a: Amoonguss\n|\n|upkeep\n|turn|53\n|c| DivogoJota|Look away folks\n|c| DivogoJota|this one will take awhile\n|c| DivogoJota|oh no\n|c|\u2606hatev2|LOL\n|\n|t:|1698451312\n|move|p1a: Umbreon|Wish|p1a: Umbreon\n|move|p2a: Amoonguss|Giga Drain|p1a: Umbreon\n|-resisted|p1a: Umbreon\n|-damage|p1a: Umbreon|95\/100\n|-heal|p2a: Amoonguss|70\/100|[from] drain|[of] p1a: Umbreon\n|\n|upkeep\n|turn|54\n|\n|t:|1698451332\n|switch|p1a: Dragapult|Dragapult, M|30\/100 slp\n|move|p2a: Amoonguss|Sludge Bomb|p1a: Dragapult\n|-resisted|p1a: Dragapult\n|-damage|p1a: Dragapult|11\/100 slp\n|\n|-heal|p1a: Dragapult|73\/100 slp|[from] move: Wish|[wisher] Umbreon\n|upkeep\n|turn|55\n|\n|t:|1698451349\n|cant|p1a: Dragapult|slp\n|move|p2a: Amoonguss|Spore|p1a: Dragapult\n|-fail|p1a: Dragapult|slp\n|\n|upkeep\n|turn|56\n|c|\u2606RyzEr Chris|im so fucking annoyed LMAO\n|\n|t:|1698451372\n|-curestatus|p1a: Dragapult|slp|[msg]\n|move|p1a: Dragapult|Draco Meteor|p2a: Amoonguss\n|-damage|p2a: Amoonguss|0 fnt\n|-unboost|p1a: Dragapult|spa|2\n|faint|p2a: Amoonguss\n|\n|upkeep\n|c|\u2606hatev2|i feel so bad rn LOL\n|\n|t:|1698451386\n|switch|p2a: Garganacl|Garganacl, M|76\/100 tox\n|turn|57\n|\n|t:|1698451404\n|switch|p1a: Umbreon|Umbreon, F, tera:Poison|100\/100\n|move|p2a: Garganacl|Body Press|p1a: Umbreon\n|-resisted|p1a: Umbreon\n|-damage|p1a: Umbreon|92\/100\n|\n|-heal|p2a: Garganacl|82\/100 tox|[from] item: Leftovers\n|-damage|p2a: Garganacl|76\/100 tox|[from] psn\n|upkeep\n|turn|58\n|\n|t:|1698451422\n|move|p1a: Umbreon|Skill Swap|p2a: Garganacl\n|-activate|p1a: Umbreon|move: Skill Swap|Purifying Salt|Synchronize|[of] p2a: Garganacl\n|move|p2a: Garganacl|Iron Defense|p2a: Garganacl\n|-boost|p2a: Garganacl|def|2\n|\n|-heal|p2a: Garganacl|82\/100 tox|[from] item: Leftovers\n|-damage|p2a: Garganacl|70\/100 tox|[from] psn\n|upkeep\n|turn|59\n|c|\u2606RyzEr Chris|only if i had right set for chi yu\n|c|\u2606RyzEr Chris|ghame would be over zzzz\n|\n|t:|1698451472\n|move|p1a: Umbreon|Toxic|p2a: Garganacl\n|-fail|p2a: Garganacl|tox\n|move|p2a: Garganacl|Iron Defense|p2a: Garganacl\n|-boost|p2a: Garganacl|def|2\n|\n|-heal|p2a: Garganacl|76\/100 tox|[from] item: Leftovers\n|-damage|p2a: Garganacl|57\/100 tox|[from] psn\n|upkeep\n|turn|60\n|\n|t:|1698451486\n|move|p1a: Umbreon|Toxic|p2a: Garganacl\n|-fail|p2a: Garganacl|tox\n|move|p2a: Garganacl|Body Press|p1a: Umbreon\n|-resisted|p1a: Umbreon\n|-damage|p1a: Umbreon|63\/100\n|\n|-heal|p2a: Garganacl|63\/100 tox|[from] item: Leftovers\n|-damage|p2a: Garganacl|39\/100 tox|[from] psn\n|upkeep\n|turn|61\n|\n|t:|1698451498\n|move|p1a: Umbreon|Wish|p1a: Umbreon\n|move|p2a: Garganacl|Body Press|p1a: Umbreon\n|-resisted|p1a: Umbreon\n|-damage|p1a: Umbreon|37\/100\n|\n|-heal|p2a: Garganacl|45\/100 tox|[from] item: Leftovers\n|-damage|p2a: Garganacl|14\/100 tox|[from] psn\n|upkeep\n|turn|62\n|c|\u2606hatev2|man your chi yu is such a threat if it got rid of my umbreon it was over\n|\n|t:|1698451511\n|switch|p2a: Chi-Yu|Chi-Yu|100\/100\n|-ability|p2a: Chi-Yu|Beads of Ruin\n|move|p1a: Umbreon|Protect||[still]\n|-fail|p1a: Umbreon\n|\n|-heal|p1a: Umbreon|87\/100|[from] move: Wish|[wisher] Umbreon\n|upkeep\n|turn|63\n|c|\u2606RyzEr Chris|xd\n|\n|t:|1698451552\n|switch|p2a: Garganacl|Garganacl, M|14\/100 tox\n|move|p1a: Umbreon|Wish|p1a: Umbreon\n|\n|-heal|p2a: Garganacl|20\/100 tox|[from] item: Leftovers\n|-damage|p2a: Garganacl|14\/100 tox|[from] psn\n|upkeep\n|turn|64\n|\n|t:|1698451570\n|switch|p1a: Iron Treads|Iron Treads|20\/100\n|move|p2a: Garganacl|Recover|p2a: Garganacl\n|-heal|p2a: Garganacl|64\/100 tox\n|\n|-heal|p1a: Iron Treads|81\/100|[from] move: Wish|[wisher] Umbreon\n|-heal|p2a: Garganacl|70\/100 tox|[from] item: Leftovers\n|-damage|p2a: Garganacl|58\/100 tox|[from] psn\n|upkeep\n|turn|65\n|\n|t:|1698451588\n|move|p1a: Iron Treads|Earthquake|p2a: Garganacl\n|-supereffective|p2a: Garganacl\n|-damage|p2a: Garganacl|0 fnt\n|faint|p2a: Garganacl\n|\n|upkeep\n|\n|t:|1698451592\n|switch|p2a: Chi-Yu|Chi-Yu|100\/100\n|-ability|p2a: Chi-Yu|Beads of Ruin\n|turn|66\n|\n|t:|1698451610\n|move|p1a: Iron Treads|Earthquake|p2a: Chi-Yu\n|-supereffective|p2a: Chi-Yu\n|-damage|p2a: Chi-Yu|0 fnt\n|faint|p2a: Chi-Yu\n|\n|win|hatev2\n|c|\u2606hatev2|ggs\n|c| DivogoJota|gg\n|c|\u2606RyzEr Chris|smfh\n|c|\u2606RyzEr Chris|gg\n|c|\u2606hatev2|sorry for the stall :(\n|c|\u2606RyzEr Chris|nah\n|c|\u2606RyzEr Chris|dont say sorry LOL\n","uploadtime":1698451630,"views":25,"p1id":"hatev2","p2id":"ryzerchris","formatid":"gen9ubers","rating":0,"private":0,"password":""}