{"id":"gen9ubers-1990564993","p1":"jakewwwwwww","p2":"NEdgyman","format":"[Gen 9] Ubers","log":"|j|\u2606jakewwwwwww\n|j|\u2606NEdgyman\n|t:|1699981858\n|gametype|singles\n|player|p1|jakewwwwwww|2|\n|player|p2|NEdgyman|hanbei-conquest|\n|teamsize|p1|6\n|teamsize|p2|6\n|gen|9\n|tier|[Gen 9] Ubers\n|rule|Sleep Clause Mod: Limit one foe put to sleep\n|rule|Species Clause: Limit one of each Pok\u00e9mon\n|rule|OHKO Clause: OHKO moves are banned\n|rule|Evasion Items Clause: Evasion items are banned\n|rule|Evasion Moves Clause: Evasion moves are banned\n|rule|Endless Battle Clause: Forcing endless battles is banned\n|rule|HP Percentage Mod: HP is shown in percentages\n|clearpoke\n|poke|p1|Zarude|\n|poke|p1|Cinderace, F|\n|poke|p1|Mamoswine, F|\n|poke|p1|Iron Valiant|\n|poke|p1|Corviknight, F|\n|poke|p1|Florges, F|\n|poke|p2|Annihilape, F|\n|poke|p2|Crawdaunt, M|\n|poke|p2|Glimmora, F|\n|poke|p2|Jolteon, M|\n|poke|p2|Cryogonal|\n|poke|p2|Typhlosion, M|\n|teampreview\n|\n|t:|1699981905\n|start\n|switch|p1a: Kick|Cinderace, F|100\/100\n|switch|p2a: Howler Monkey|Annihilape, F, shiny|100\/100\n|turn|1\n|j| Quackborg\n|\n|t:|1699981934\n|switch|p2a: Boiled Dinner|Crawdaunt, M|100\/100\n|move|p1a: Kick|Zen Headbutt|p2a: Boiled Dinner\n|-start|p1a: Kick|typechange|Psychic|[from] ability: Libero\n|-immune|p2a: Boiled Dinner\n|\n|upkeep\n|turn|2\n|\n|t:|1699981959\n|move|p1a: Kick|U-turn|p2a: Boiled Dinner\n|-supereffective|p2a: Boiled Dinner\n|-damage|p2a: Boiled Dinner|39\/100\n|c|\u2606NEdgyman|oh nah\n|\n|t:|1699981976\n|switch|p1a: Pendulum|Corviknight, F|100\/100|[from] U-turn\n|-ability|p1a: Pendulum|Pressure\n|move|p2a: Boiled Dinner|Crabhammer|p1a: Pendulum\n|-damage|p1a: Pendulum|57\/100\n|\n|-heal|p1a: Pendulum|63\/100|[from] item: Leftovers\n|upkeep\n|turn|3\n|\n|t:|1699982001\n|switch|p2a: Jr. Crocker|Jolteon, M|100\/100\n|move|p1a: Pendulum|U-turn|p2a: Jr. Crocker\n|-damage|p2a: Jr. Crocker|74\/100\n|\n|t:|1699982024\n|switch|p1a: Lifers|Florges, F|100\/100|[from] U-turn\n|\n|upkeep\n|turn|4\n|\n|t:|1699982051\n|move|p2a: Jr. Crocker|Volt Switch|p1a: Lifers\n|-damage|p1a: Lifers|80\/100\n|\n|t:|1699982059\n|switch|p2a: Boiled Dinner|Crawdaunt, M|39\/100|[from] Volt Switch\n|move|p1a: Lifers|Calm Mind|p1a: Lifers\n|-boost|p1a: Lifers|spa|1\n|-boost|p1a: Lifers|spd|1\n|\n|-heal|p1a: Lifers|86\/100|[from] item: Leftovers\n|upkeep\n|turn|5\n|\n|t:|1699982074\n|switch|p2a: Falcom Fanbase|Glimmora, F|100\/100\n|move|p1a: Lifers|Protect||[still]\n|-fail|p1a: Lifers\n|\n|-heal|p1a: Lifers|92\/100|[from] item: Leftovers\n|upkeep\n|turn|6\n|\n|t:|1699982119\n|move|p2a: Falcom Fanbase|Sludge Wave|p1a: Lifers\n|-supereffective|p1a: Lifers\n|-damage|p1a: Lifers|49\/100\n|move|p1a: Lifers|Calm Mind|p1a: Lifers\n|-boost|p1a: Lifers|spa|1\n|-boost|p1a: Lifers|spd|1\n|\n|-heal|p1a: Lifers|55\/100|[from] item: Leftovers\n|upkeep\n|turn|7\n|\n|t:|1699982129\n|move|p2a: Falcom Fanbase|Sludge Wave|p1a: Lifers\n|-supereffective|p1a: Lifers\n|-crit|p1a: Lifers\n|-damage|p1a: Lifers|0 fnt\n|faint|p1a: Lifers\n|\n|upkeep\n|c|\u2606NEdgyman|wow crit mattered\n|\n|t:|1699982148\n|switch|p1a: Kick|Cinderace, F|100\/100\n|turn|8\n|c| Quackborg|No shit sherlock\n|l| Quackborg\n|\n|t:|1699982181\n|move|p1a: Kick|Zen Headbutt|p2a: Falcom Fanbase\n|-start|p1a: Kick|typechange|Psychic|[from] ability: Libero\n|-supereffective|p2a: Falcom Fanbase\n|-damage|p2a: Falcom Fanbase|8\/100\n|-activate|p2a: Falcom Fanbase|ability: Toxic Debris\n|-sidestart|p1: jakewwwwwww|move: Toxic Spikes\n|move|p2a: Falcom Fanbase|Sludge Wave|p1a: Kick\n|-damage|p1a: Kick|31\/100\n|\n|upkeep\n|turn|9\n|j| Quackborg\n|\n|t:|1699982205\n|move|p1a: Kick|Zen Headbutt|p2a: Falcom Fanbase\n|-supereffective|p2a: Falcom Fanbase\n|-damage|p2a: Falcom Fanbase|0 fnt\n|-activate|p2a: Falcom Fanbase|ability: Toxic Debris\n|-sidestart|p1: jakewwwwwww|move: Toxic Spikes\n|faint|p2a: Falcom Fanbase\n|\n|upkeep\n|\n|t:|1699982237\n|switch|p2a: RISK RISK RISK!|Typhlosion, M|100\/100\n|turn|10\n|\n|t:|1699982250\n|move|p2a: RISK RISK RISK!|Eruption|p1a: Kick\n|-damage|p1a: Kick|0 fnt\n|faint|p1a: Kick\n|\n|upkeep\n|\n|t:|1699982285\n|switch|p1a: Generation Loss|Zarude|100\/100\n|turn|11\n|\n|t:|1699982294\n|-terastallize|p1a: Generation Loss|Fire\n|move|p2a: RISK RISK RISK!|Eruption|p1a: Generation Loss\n|-resisted|p1a: Generation Loss\n|-damage|p1a: Generation Loss|68\/100\n|move|p1a: Generation Loss|Bulk Up|p1a: Generation Loss\n|-boost|p1a: Generation Loss|atk|1\n|-boost|p1a: Generation Loss|def|1\n|\n|upkeep\n|turn|12\n|\n|t:|1699982331\n|move|p2a: RISK RISK RISK!|Eruption|p1a: Generation Loss\n|-resisted|p1a: Generation Loss\n|-damage|p1a: Generation Loss|35\/100\n|move|p1a: Generation Loss|Bulk Up|p1a: Generation Loss\n|-boost|p1a: Generation Loss|atk|1\n|-boost|p1a: Generation Loss|def|1\n|\n|upkeep\n|turn|13\n|\n|t:|1699982343\n|move|p2a: RISK RISK RISK!|Eruption|p1a: Generation Loss\n|-resisted|p1a: Generation Loss\n|-damage|p1a: Generation Loss|5\/100\n|move|p1a: Generation Loss|Drain Punch|p2a: RISK RISK RISK!\n|-damage|p2a: RISK RISK RISK!|51\/100\n|-heal|p1a: Generation Loss|23\/100|[from] drain|[of] p2a: RISK RISK RISK!\n|\n|upkeep\n|turn|14\n|\n|t:|1699982351\n|move|p2a: RISK RISK RISK!|Eruption|p1a: Generation Loss\n|-resisted|p1a: Generation Loss\n|-damage|p1a: Generation Loss|8\/100\n|move|p1a: Generation Loss|Drain Punch|p2a: RISK RISK RISK!\n|-damage|p2a: RISK RISK RISK!|0 fnt\n|-heal|p1a: Generation Loss|26\/100|[from] drain|[of] p2a: RISK RISK RISK!\n|faint|p2a: RISK RISK RISK!\n|\n|upkeep\n|\n|t:|1699982389\n|switch|p2a: Jr. Crocker|Jolteon, M|74\/100\n|turn|15\n|\n|t:|1699982412\n|switch|p1a: Otis\/Carl|Mamoswine, F|100\/100\n|-status|p1a: Otis\/Carl|tox\n|move|p2a: Jr. Crocker|Volt Switch|p1a: Otis\/Carl\n|-immune|p1a: Otis\/Carl\n|\n|-damage|p1a: Otis\/Carl|94\/100 tox|[from] psn\n|upkeep\n|turn|16\n|\n|t:|1699982425\n|switch|p2a: Special Snowflake|Cryogonal|100\/100\n|move|p1a: Otis\/Carl|Stone Edge|p2a: Special Snowflake\n|-supereffective|p2a: Special Snowflake\n|-enditem|p2a: Special Snowflake|Focus Sash\n|-damage|p2a: Special Snowflake|1\/100\n|\n|-damage|p1a: Otis\/Carl|82\/100 tox|[from] psn\n|upkeep\n|turn|17\n|c|\u2606NEdgyman|WHAT\n|\n|t:|1699982449\n|move|p1a: Otis\/Carl|Stone Edge|p2a: Special Snowflake\n|-supereffective|p2a: Special Snowflake\n|-crit|p2a: Special Snowflake\n|-damage|p2a: Special Snowflake|0 fnt\n|faint|p2a: Special Snowflake\n|\n|-damage|p1a: Otis\/Carl|64\/100 tox|[from] psn\n|upkeep\n|\n|t:|1699982475\n|switch|p2a: Howler Monkey|Annihilape, F, shiny|100\/100\n|turn|18\n|\n|t:|1699982479\n|switch|p1a: Pendulum|Corviknight, F|63\/100\n|-ability|p1a: Pendulum|Pressure\n|move|p2a: Howler Monkey|Drain Punch|p1a: Pendulum\n|-damage|p1a: Pendulum|42\/100\n|\n|-heal|p1a: Pendulum|48\/100|[from] item: Leftovers\n|upkeep\n|turn|19\n|\n|t:|1699982490\n|switch|p2a: Jr. Crocker|Jolteon, M|74\/100\n|move|p1a: Pendulum|Roost|p1a: Pendulum\n|-heal|p1a: Pendulum|98\/100\n|-singleturn|p1a: Pendulum|move: Roost\n|\n|-heal|p1a: Pendulum|100\/100|[from] item: Leftovers\n|upkeep\n|turn|20\n|\n|t:|1699982500\n|switch|p1a: Otis\/Carl|Mamoswine, F|64\/100 tox\n|move|p2a: Jr. Crocker|Thunderbolt|p1a: Otis\/Carl\n|-immune|p1a: Otis\/Carl\n|\n|-damage|p1a: Otis\/Carl|58\/100 tox|[from] psn\n|upkeep\n|turn|21\n|\n|t:|1699982535\n|switch|p2a: Howler Monkey|Annihilape, F, shiny|100\/100\n|move|p1a: Otis\/Carl|Earthquake|p2a: Howler Monkey\n|-crit|p2a: Howler Monkey\n|-damage|p2a: Howler Monkey|13\/100\n|\n|-damage|p1a: Otis\/Carl|46\/100 tox|[from] psn\n|upkeep\n|turn|22\n|-enditem|p2a: Howler Monkey|Custap Berry|[eat]\n|-activate|p2a: Howler Monkey|item: Custap Berry|[consumed]\n|\n|t:|1699982544\n|move|p2a: Howler Monkey|Drain Punch|p1a: Otis\/Carl\n|-supereffective|p1a: Otis\/Carl\n|-damage|p1a: Otis\/Carl|0 fnt\n|-heal|p2a: Howler Monkey|36\/100|[from] drain|[of] p1a: Otis\/Carl\n|faint|p1a: Otis\/Carl\n|\n|upkeep\n|\n|t:|1699982587\n|switch|p1a: Pendulum|Corviknight, F|100\/100\n|-ability|p1a: Pendulum|Pressure\n|turn|23\n|\n|t:|1699982600\n|move|p2a: Howler Monkey|Drain Punch|p1a: Pendulum\n|-damage|p1a: Pendulum|79\/100\n|-heal|p2a: Howler Monkey|47\/100|[from] drain|[of] p1a: Pendulum\n|move|p1a: Pendulum|Brave Bird|p2a: Howler Monkey\n|-supereffective|p2a: Howler Monkey\n|-damage|p2a: Howler Monkey|0 fnt\n|faint|p2a: Howler Monkey\n|-damage|p1a: Pendulum|64\/100|[from] Recoil\n|\n|-heal|p1a: Pendulum|70\/100|[from] item: Leftovers\n|upkeep\n|\n|t:|1699982617\n|switch|p2a: Jr. Crocker|Jolteon, M|74\/100\n|turn|24\n|\n|t:|1699982628\n|switch|p1a: Generation Loss|Zarude, tera:Fire|26\/100\n|move|p2a: Jr. Crocker|Thunderbolt|p1a: Generation Loss\n|-damage|p1a: Generation Loss|0 fnt\n|faint|p1a: Generation Loss\n|\n|upkeep\n|\n|t:|1699982640\n|switch|p1a: Clean-Up Crew|Iron Valiant|100\/100\n|-status|p1a: Clean-Up Crew|tox\n|-enditem|p1a: Clean-Up Crew|Booster Energy\n|-activate|p1a: Clean-Up Crew|ability: Quark Drive|[fromitem]\n|-start|p1a: Clean-Up Crew|quarkdrivespe\n|turn|25\n|\n|t:|1699982706\n|-terastallize|p2a: Jr. Crocker|Ice\n|move|p1a: Clean-Up Crew|Moonblast|p2a: Jr. Crocker\n|-damage|p2a: Jr. Crocker|18\/100\n|move|p2a: Jr. Crocker|Thunderbolt|p1a: Clean-Up Crew\n|-damage|p1a: Clean-Up Crew|23\/100 tox\n|\n|-damage|p1a: Clean-Up Crew|17\/100 tox|[from] psn\n|upkeep\n|turn|26\n|-enditem|p2a: Jr. Crocker|Custap Berry|[eat]\n|-activate|p2a: Jr. Crocker|item: Custap Berry|[consumed]\n|\n|t:|1699982717\n|move|p2a: Jr. Crocker|Thunderbolt|p1a: Clean-Up Crew\n|-crit|p1a: Clean-Up Crew\n|-damage|p1a: Clean-Up Crew|0 fnt\n|faint|p1a: Clean-Up Crew\n|-end|p1a: Clean-Up Crew|Quark Drive|[silent]\n|\n|upkeep\n|\n|t:|1699982724\n|switch|p1a: Pendulum|Corviknight, F|70\/100\n|-ability|p1a: Pendulum|Pressure\n|turn|27\n|c|\u2606NEdgyman|WE LOVE OBSCURE BERRIES\n|\n|t:|1699982737\n|move|p2a: Jr. Crocker|Thunderbolt|p1a: Pendulum\n|-supereffective|p1a: Pendulum\n|-damage|p1a: Pendulum|0 fnt\n|faint|p1a: Pendulum\n|\n|win|NEdgyman\n|c|\u2606NEdgyman|gg\n|l| Quackborg\n|c|\u2606jakewwwwwww|GG\n","uploadtime":1699982748,"views":22,"p1id":"jakewwwwwww","p2id":"nedgyman","formatid":"gen9ubers","rating":0,"private":0,"password":""}