{"id":"gen9ubers-1986277030","p1":"Anderew1","p2":"dumbass9","format":"[Gen 9] Ubers","log":"|j|\u2606Anderew1\n|j|\u2606dumbass9\n|t:|1699465527\n|gametype|singles\n|player|p1|Anderew1|ghetsis|\n|player|p2|dumbass9|acerola-masters|\n|teamsize|p1|6\n|teamsize|p2|6\n|gen|9\n|tier|[Gen 9] Ubers\n|rule|Sleep Clause Mod: Limit one foe put to sleep\n|rule|Species Clause: Limit one of each Pok\u00e9mon\n|rule|OHKO Clause: OHKO moves are banned\n|rule|Evasion Items Clause: Evasion items are banned\n|rule|Evasion Moves Clause: Evasion moves are banned\n|rule|Endless Battle Clause: Forcing endless battles is banned\n|rule|HP Percentage Mod: HP is shown in percentages\n|clearpoke\n|poke|p1|Weezing-Galar, M|\n|poke|p1|Espeon, F|\n|poke|p1|Crocalor, M|\n|poke|p1|Samurott-Hisui, M|\n|poke|p1|Rillaboom, F|\n|poke|p1|Cinderace, M|\n|poke|p2|Meowscarada, M|\n|poke|p2|Drifloon, F|\n|poke|p2|Annihilape, M|\n|poke|p2|Jolteon, F|\n|poke|p2|Great Tusk|\n|poke|p2|Basculegion, M|\n|teampreview\n|inactive|Battle timer is ON: inactive players will automatically lose when time's up. (requested by Anderew1)\n|c|\u2606dumbass9|same leads but otherwise we play with what we know?\n|c|\u2606Anderew1|yeah\n|\n|t:|1699465552\n|start\n|switch|p1a: Sam Sulek|Crocalor, M|100\/100\n|switch|p2a: Raphael|Meowscarada, M|100\/100\n|turn|1\n|c|\u2606Anderew1|fuck\n|c|\u2606dumbass9|thats a different lead\n|c|\u2606Anderew1|yeah i relise that\n|j| acero92\n|c|\u2606dumbass9|its fine\n|c|\u2606Anderew1|i forgot because i immediatley switched\n|c|\u2606dumbass9|we ball\n|c|\u2606Anderew1|sure?\n|inactive|Anderew1 has 270 seconds left.\n|\n|t:|1699465584\n|move|p2a: Raphael|Knock Off|p1a: Sam Sulek\n|-start|p2a: Raphael|typechange|Dark|[from] ability: Protean\n|-damage|p1a: Sam Sulek|70\/100\n|-enditem|p1a: Sam Sulek|Eviolite|[from] move: Knock Off|[of] p2a: Raphael\n|move|p1a: Sam Sulek|Will-O-Wisp|p2a: Raphael|[miss]\n|-miss|p1a: Sam Sulek|p2a: Raphael\n|\n|upkeep\n|turn|2\n|c|\u2606dumbass9|yeah\n|c|\u2606Anderew1|ok\n|c|\u2606Anderew1|of course\n|c|\u2606dumbass9|oh yeah baby\n|inactive|Anderew1 has 270 seconds left.\n|\n|t:|1699465595\n|move|p2a: Raphael|U-turn|p1a: Sam Sulek\n|-resisted|p1a: Sam Sulek\n|-damage|p1a: Sam Sulek|58\/100\n|\n|t:|1699465598\n|switch|p2a: Big Paulie|Jolteon, F|100\/100|[from] U-turn\n|move|p1a: Sam Sulek|Will-O-Wisp|p2a: Big Paulie\n|-status|p2a: Big Paulie|brn\n|\n|-damage|p2a: Big Paulie|94\/100 brn|[from] brn\n|upkeep\n|turn|3\n|\n|t:|1699465612\n|switch|p1a: Oliver|Weezing-Galar, M|100\/100\n|-ability|p1a: Oliver|Neutralizing Gas\n|move|p2a: Big Paulie|Volt Switch|p1a: Oliver\n|-damage|p1a: Oliver|51\/100\n|\n|t:|1699465621\n|switch|p2a: Tax Evader|Great Tusk|100\/100|[from] Volt Switch\n|\n|upkeep\n|turn|4\n|\n|t:|1699465641\n|move|p2a: Tax Evader|Rapid Spin|p1a: Oliver\n|-damage|p1a: Oliver|35\/100\n|-boost|p2a: Tax Evader|spe|1\n|move|p1a: Oliver|Strange Steam|p2a: Tax Evader\n|-supereffective|p2a: Tax Evader\n|-damage|p2a: Tax Evader|16\/100\n|\n|upkeep\n|turn|5\n|\n|t:|1699465652\n|move|p2a: Tax Evader|Headlong Rush|p1a: Oliver\n|-supereffective|p1a: Oliver\n|-damage|p1a: Oliver|0 fnt\n|-unboost|p2a: Tax Evader|def|1\n|-unboost|p2a: Tax Evader|spd|1\n|faint|p1a: Oliver\n|-end|p1a: Oliver|ability: Neutralizing Gas\n|\n|upkeep\n|\n|t:|1699465661\n|switch|p1a: Wanna Spike?|Samurott-Hisui, M|100\/100\n|turn|6\n|c|\u2606dumbass9|better be aqua jet buddy\n|\n|t:|1699465673\n|move|p1a: Wanna Spike?|Ceaseless Edge|p2a: Tax Evader\n|-resisted|p2a: Tax Evader\n|-damage|p2a: Tax Evader|0 fnt\n|-sidestart|p2: dumbass9|Spikes\n|faint|p2a: Tax Evader\n|-end|p2a: Tax Evader|Protosynthesis|[silent]\n|\n|upkeep\n|c|\u2606dumbass9|oh\n|c|\u2606dumbass9|scarf huh\n|c|\u2606Anderew1|im so dumb\n|c|\u2606Anderew1|yeah\n|\n|t:|1699465684\n|switch|p2a: Raphael|Meowscarada, M|100\/100\n|-damage|p2a: Raphael|88\/100|[from] Spikes\n|turn|7\n|c|\u2606Anderew1|i told you i use scarf\n|c|\u2606Anderew1|idiot\n|\n|t:|1699465691\n|switch|p1a: Sam Sulek|Crocalor, M|58\/100\n|move|p2a: Raphael|Toxic Spikes|p1a: Sam Sulek\n|-start|p2a: Raphael|typechange|Poison|[from] ability: Protean\n|-sidestart|p1: Anderew1|move: Toxic Spikes\n|\n|upkeep\n|turn|8\n|c|\u2606dumbass9|i thought youd be lying\n|c|\u2606Anderew1|honestly was gonna originally use sash but nah\n|\n|t:|1699465714\n|move|p2a: Raphael|U-turn|p1a: Sam Sulek\n|-resisted|p1a: Sam Sulek\n|-damage|p1a: Sam Sulek|47\/100\n|\n|t:|1699465717\n|switch|p2a: Big Paulie|Jolteon, F|94\/100 brn|[from] U-turn\n|-damage|p2a: Big Paulie|82\/100 brn|[from] Spikes\n|move|p1a: Sam Sulek|Slack Off|p1a: Sam Sulek\n|-heal|p1a: Sam Sulek|97\/100\n|\n|-damage|p2a: Big Paulie|76\/100 brn|[from] brn\n|upkeep\n|turn|9\n|\n|t:|1699465725\n|move|p2a: Big Paulie|Thunderbolt|p1a: Sam Sulek\n|-crit|p1a: Sam Sulek\n|-damage|p1a: Sam Sulek|0 fnt\n|faint|p1a: Sam Sulek\n|\n|-damage|p2a: Big Paulie|70\/100 brn|[from] brn\n|upkeep\n|c|\u2606dumbass9|yowch\n|\n|t:|1699465734\n|switch|p1a: evil wizard cat|Espeon, F, shiny|100\/100\n|-status|p1a: evil wizard cat|psn\n|turn|10\n|\n|t:|1699465747\n|-terastallize|p1a: evil wizard cat|Fairy\n|move|p2a: Big Paulie|Thunderbolt|p1a: evil wizard cat\n|-damage|p1a: evil wizard cat|55\/100 psn\n|move|p1a: evil wizard cat|Trailblaze|p2a: Big Paulie\n|-damage|p2a: Big Paulie|57\/100 brn\n|-boost|p1a: evil wizard cat|spe|1\n|\n|-damage|p1a: evil wizard cat|43\/100 psn|[from] psn\n|-damage|p2a: Big Paulie|51\/100 brn|[from] brn\n|upkeep\n|turn|11\n|\n|t:|1699465754\n|move|p1a: evil wizard cat|Draining Kiss|p2a: Big Paulie\n|-damage|p2a: Big Paulie|8\/100 brn\n|-heal|p1a: evil wizard cat|77\/100 psn|[from] drain|[of] p2a: Big Paulie\n|move|p2a: Big Paulie|Thunderbolt|p1a: evil wizard cat\n|-damage|p1a: evil wizard cat|34\/100 psn\n|\n|-damage|p1a: evil wizard cat|22\/100 psn|[from] psn\n|-damage|p2a: Big Paulie|2\/100 brn|[from] brn\n|upkeep\n|turn|12\n|\n|t:|1699465759\n|move|p1a: evil wizard cat|Trailblaze|p2a: Big Paulie\n|-damage|p2a: Big Paulie|0 fnt\n|-boost|p1a: evil wizard cat|spe|1\n|faint|p2a: Big Paulie\n|\n|-damage|p1a: evil wizard cat|10\/100 psn|[from] psn\n|upkeep\n|\n|t:|1699465762\n|switch|p2a: Slayers Champ|Basculegion, M, shiny|100\/100\n|-damage|p2a: Slayers Champ|88\/100|[from] Spikes\n|turn|13\n|\n|t:|1699465770\n|move|p2a: Slayers Champ|Aqua Jet|p1a: evil wizard cat\n|-damage|p1a: evil wizard cat|0 fnt\n|faint|p1a: evil wizard cat\n|\n|upkeep\n|\n|t:|1699465784\n|switch|p1a: hehe monke|Rillaboom, F|100\/100\n|-status|p1a: hehe monke|psn\n|-fieldstart|move: Grassy Terrain|[from] ability: Grassy Surge|[of] p1a: hehe monke\n|-enditem|p1a: hehe monke|Grassy Seed\n|-boost|p1a: hehe monke|def|1|[from] item: Grassy Seed\n|turn|14\n|\n|t:|1699465797\n|switch|p2a: Raphael|Meowscarada, M|88\/100\n|-damage|p2a: Raphael|76\/100|[from] Spikes\n|move|p1a: hehe monke|Swords Dance|p1a: hehe monke\n|-boost|p1a: hehe monke|atk|2\n|\n|-heal|p2a: Raphael|82\/100|[from] Grassy Terrain\n|-damage|p1a: hehe monke|88\/100 psn|[from] psn\n|upkeep\n|turn|15\n|\n|t:|1699465821\n|move|p2a: Raphael|Toxic Spikes|p1a: hehe monke\n|-start|p2a: Raphael|typechange|Poison|[from] ability: Protean\n|-sidestart|p1: Anderew1|move: Toxic Spikes\n|move|p1a: hehe monke|Acrobatics|p2a: Raphael\n|-damage|p2a: Raphael|0 fnt\n|faint|p2a: Raphael\n|\n|-heal|p1a: hehe monke|94\/100 psn|[from] Grassy Terrain\n|-damage|p1a: hehe monke|82\/100 psn|[from] psn\n|upkeep\n|\n|t:|1699465827\n|switch|p2a: Captain|Drifloon, F|100\/100\n|turn|16\n|\n|t:|1699465834\n|move|p1a: hehe monke|Acrobatics|p2a: Captain\n|-enditem|p2a: Captain|Focus Sash\n|-damage|p2a: Captain|1\/100\n|move|p2a: Captain|Destiny Bond|p2a: Captain\n|-singlemove|p2a: Captain|Destiny Bond\n|\n|-heal|p1a: hehe monke|88\/100 psn|[from] Grassy Terrain\n|-damage|p1a: hehe monke|76\/100 psn|[from] psn\n|upkeep\n|turn|17\n|\n|t:|1699465842\n|move|p2a: Captain|Acrobatics|p1a: hehe monke\n|-supereffective|p1a: hehe monke\n|-damage|p1a: hehe monke|30\/100 psn\n|move|p1a: hehe monke|Swords Dance|p1a: hehe monke\n|-boost|p1a: hehe monke|atk|2\n|\n|-heal|p1a: hehe monke|36\/100 psn|[from] Grassy Terrain\n|-damage|p1a: hehe monke|24\/100 psn|[from] psn\n|upkeep\n|turn|18\n|\n|t:|1699465857\n|move|p1a: hehe monke|Grassy Glide|p2a: Captain\n|-resisted|p2a: Captain\n|-damage|p2a: Captain|0 fnt\n|faint|p2a: Captain\n|\n|-heal|p1a: hehe monke|30\/100 psn|[from] Grassy Terrain\n|-damage|p1a: hehe monke|17\/100 psn|[from] psn\n|-fieldend|move: Grassy Terrain\n|upkeep\n|\n|t:|1699465860\n|switch|p2a: Slayers Champ|Basculegion, M, shiny|88\/100\n|-damage|p2a: Slayers Champ|76\/100|[from] Spikes\n|turn|19\n|c|\u2606dumbass9|he pulled through\n|\n|t:|1699465871\n|move|p2a: Slayers Champ|Aqua Jet|p1a: hehe monke\n|-resisted|p1a: hehe monke\n|-damage|p1a: hehe monke|4\/100 psn\n|move|p1a: hehe monke|Grassy Glide|p2a: Slayers Champ\n|-supereffective|p2a: Slayers Champ\n|-damage|p2a: Slayers Champ|0 fnt\n|faint|p2a: Slayers Champ\n|\n|-damage|p1a: hehe monke|0 fnt|[from] psn\n|faint|p1a: hehe monke\n|upkeep\n|c|\u2606dumbass9|drat\n|c|\u2606Anderew1|see no but still\n|\n|t:|1699465892\n|switch|p2a: Annie|Annihilape, M|100\/100\n|switch|p1a: Ancarra|Cinderace, M|100\/100\n|-status|p1a: Ancarra|tox\n|-damage|p2a: Annie|88\/100|[from] Spikes\n|turn|20\n|c|\u2606dumbass9|it is annie time\n|c|\u2606Anderew1|i gotta debut the funny\n|c|\u2606dumbass9|you should click court change\n|\n|t:|1699465909\n|move|p1a: Ancarra|Fling|p2a: Annie\n|-start|p1a: Ancarra|typechange|Dark|[from] ability: Libero\n|-damage|p2a: Annie|34\/100\n|-enditem|p1a: Ancarra|Big Nugget|[from] move: Fling\n|move|p2a: Annie|Drain Punch|p1a: Ancarra\n|-supereffective|p1a: Ancarra\n|-damage|p1a: Ancarra|20\/100 tox\n|-heal|p2a: Annie|63\/100|[from] drain|[of] p1a: Ancarra\n|\n|-heal|p2a: Annie|69\/100|[from] item: Leftovers\n|-damage|p1a: Ancarra|14\/100 tox|[from] psn\n|upkeep\n|turn|21\n|c|\u2606Anderew1|ok will do\n|c|\u2606dumbass9|ahem\n|c|\u2606Anderew1|yeah i relised that\n|\n|t:|1699465925\n|move|p1a: Ancarra|Acrobatics|p2a: Annie\n|-supereffective|p2a: Annie\n|-damage|p2a: Annie|11\/100\n|move|p2a: Annie|Drain Punch|p1a: Ancarra\n|-supereffective|p1a: Ancarra\n|-damage|p1a: Ancarra|0 fnt\n|-heal|p2a: Annie|16\/100|[from] drain|[of] p1a: Ancarra\n|faint|p1a: Ancarra\n|\n|-heal|p2a: Annie|22\/100|[from] item: Leftovers\n|upkeep\n|c|\u2606Anderew1|this is fine\n|c|\u2606dumbass9|oh yowch\n|c|\u2606Anderew1|yeah that was the funny\n|c|\u2606Anderew1|hollup\n|\n|t:|1699465948\n|switch|p1a: Wanna Spike?|Samurott-Hisui, M|100\/100\n|-status|p1a: Wanna Spike?|tox\n|turn|22\n|c|\u2606Anderew1|well its over this turn regardless\n|inactive|Anderew1 has 270 seconds left.\n|inactive|dumbass9 has 270 seconds left.\n|c|\u2606Anderew1|probably\n|c|\u2606dumbass9|technically its an invalid match\n|inactive|dumbass9 has 240 seconds left.\n|c|\u2606Anderew1|nope you said it was fine\n|c|\u2606dumbass9|you did cheat\n|c|\u2606Anderew1|how\n|inactive|dumbass9 has 210 seconds left.\n|c|\u2606dumbass9|leading croc\n|c|\u2606dumbass9|after agreeing to same leads\n|c|\u2606Anderew1|you said it was fine\n|c|\u2606Anderew1|and it didnt affect anything\n|c|\u2606dumbass9|it did effect things\n|c|\u2606Anderew1|because the toxic spikes wpuldve been gone anyway\n|inactive|dumbass9 has 180 seconds left.\n|c|\u2606dumbass9|you leading espeon gives me a free knock off\n|c|\u2606Anderew1|and if it wasnt fine why did you play to finish\n|c|\u2606dumbass9|as you are forced to switch\n|c|\u2606Anderew1|it wouldve went the exact same way\n|c|\u2606dumbass9|COS WE RESET TWICE ALREADY\n|inactive|dumbass9 has 150 seconds left.\n|c|\u2606Anderew1|ok then do you wanna just void this game and fucking play it another day\n|c|\u2606dumbass9|yeah honestly\n|c|\u2606Anderew1|jesus christ i didnt think it meant this much to you fucking hell\n|c|\u2606dumbass9|fate is not on our side\n|inactive|Anderew1 has 240 seconds left.\n|inactive|dumbass9 has 120 seconds left.\n|c|\u2606Anderew1|i mean i think it wouldve turned out exactly the same\n|c|\u2606Anderew1|but sure if youre not happy then we have to replay it i guess\n|inactive|Anderew1 has 210 seconds left.\n|inactive|dumbass9 has 90 seconds left.\n|c|\u2606dumbass9|i mean yeah\n|inactive|dumbass9 has 60 seconds left.\n|c|\u2606Anderew1|wait hollup\n|c|\u2606dumbass9|?\n|c|\u2606Anderew1|3rd opinion\n|c|\u2606Anderew1|acero whats your thoughts\n|inactive|Anderew1 has 180 seconds left.\n|inactiveoff|Battle timer is now OFF.\n|c|\u2606dumbass9|i dont think hes here\n|c|\u2606Anderew1|because theres clearly shit we have to discuss here\n|c| acero92|Well imo both partirs agreed to same leads but since Michael said it was ok for croc to be first after it happened I think it's still allowed\n|c|\u2606Anderew1|ok then we play another game simple as that\n|c| acero92|Like Andrew did offer a restart\n|c|\u2606dumbass9|im happy to play another\n|l| acero92\n|c|\u2606Anderew1|honestly im not massivley happy to do another but if youre really not then we dont really have a choice\n|c|\u2606Anderew1|because were not getting far discussing it here\n|c|\u2606Anderew1|tbh\n|j| acero92\n|c|\u2606dumbass9|i feel like it came down to the wire and the different lead cost me just enough that it couldve made a difference\n|c|\u2606Anderew1|i feel like it wouldne have because regardless of anything i wuldnt have wanted my espeontaking a knock off so i wouldve switched to my bulkiest mon\n|c|\u2606Anderew1|ir croc\n|c|\u2606Anderew1|ie\n|c| acero92|I think maybe to leave it a day let both teams re think as both of u guys already know what eachother want to do so maybe coming back to it with different teams would be a good idea\n|c|\u2606Anderew1|then wisped which missed anyay so it didnt affect anything your meowscerada did\n|c|\u2606dumbass9|i think conrads got a good idea there\n|c|\u2606Anderew1|look yes i agree with acero finish this game however it happens then we discuss it propely in person tomorrow\n|c| acero92|It would take to long to recreate the first match\n|c|\u2606Anderew1|but save this replay\n|c|\u2606Anderew1|yes\n|c| acero92|Yes I think that is fair\n|c|\u2606Anderew1|save this replay though so we have facts of what happened so i dont accidentally bs\n|c|\u2606Anderew1|ok?\n|c|\u2606dumbass9|ok sounds good\n|c|\u2606Anderew1|good\n|c|\u2606Anderew1|so just play this to finish now\n|c|\u2606Anderew1|however\n|c|\u2606dumbass9|and for curiosites sake lets play out the final turn\n|c|\u2606Anderew1|yes\n|\n|t:|1699466491\n|move|p1a: Wanna Spike?|Aqua Cutter|p2a: Annie\n|-damage|p2a: Annie|0 fnt\n|faint|p2a: Annie\n|\n|win|Anderew1\n|c|\u2606dumbass9|yeah\n","uploadtime":1699466497,"views":7,"p1id":"anderew1","p2id":"dumbass9","formatid":"gen9ubers","rating":0,"private":0,"password":""}