{"id":"gen9ubers-1973158396","p1":"darkmoju","p2":"Sonad~","format":"[Gen 9] Ubers","log":"|j|\u2606darkmoju\n|j|\u2606Sonad~\n|t:|1697934109\n|gametype|singles\n|player|p1|darkmoju|ghetsis-gen5bw|\n|player|p2|Sonad~|zinnia|\n|teamsize|p1|6\n|teamsize|p2|6\n|gen|9\n|tier|[Gen 9] Ubers\n|rule|Sleep Clause Mod: Limit one foe put to sleep\n|rule|Species Clause: Limit one of each Pok\u00e9mon\n|rule|OHKO Clause: OHKO moves are banned\n|rule|Evasion Items Clause: Evasion items are banned\n|rule|Evasion Moves Clause: Evasion moves are banned\n|rule|Endless Battle Clause: Forcing endless battles is banned\n|rule|HP Percentage Mod: HP is shown in percentages\n|clearpoke\n|poke|p1|Dialga-Origin|\n|poke|p1|Palkia-Origin|\n|poke|p1|Giratina-Origin|\n|poke|p1|Arceus|\n|poke|p1|Groudon|\n|poke|p1|Eternatus|\n|poke|p2|Ursaluna-Bloodmoon, M|\n|poke|p2|Miraidon|\n|poke|p2|Shaymin-Sky|\n|poke|p2|Urshifu-*, F|\n|poke|p2|Chi-Yu|\n|poke|p2|Zacian-*|\n|teampreview\n|\n|t:|1697934131\n|start\n|switch|p1a: Groudon|Groudon|100\/100\n|switch|p2a: Ursaluna|Ursaluna-Bloodmoon, M|100\/100\n|-weather|SunnyDay|[from] ability: Drought|[of] p1a: Groudon\n|turn|1\n|c|\u2606darkmoju|gl! this has been a great set so far\n|\n|t:|1697934158\n|move|p1a: Groudon|Will-O-Wisp|p2a: Ursaluna\n|-status|p2a: Ursaluna|brn\n|move|p2a: Ursaluna|Blood Moon|p1a: Groudon\n|-damage|p1a: Groudon|33\/100\n|-damage|p2a: Ursaluna|90\/100 brn|[from] item: Life Orb\n|\n|-weather|SunnyDay|[upkeep]\n|-heal|p1a: Groudon|39\/100|[from] item: Leftovers\n|-damage|p2a: Ursaluna|84\/100 brn|[from] brn\n|upkeep\n|turn|2\n|c|\u2606Sonad~|agreed!!\n|c|\u2606darkmoju|!dt Blood Moon\n|raw|<ul class=\"utilichart\"><li class=\"result\"><span class=\"col movenamecol\"><a href=\"https:\/\/dex.pokemonshowdown.com\/moves\/bloodmoon\">Blood Moon<\/a><\/span> <span class=\"col typecol\"><img src=\"\/\/play.pokemonshowdown.com\/sprites\/types\/Normal.png\" alt=\"Normal\" width=\"32\" height=\"14\"><img src=\"\/\/play.pokemonshowdown.com\/sprites\/categories\/Special.png\" alt=\"Special\" width=\"32\" height=\"14\"><\/span> <span class=\"col labelcol\"><em>Power<\/em><br>140<\/span> <span class=\"col widelabelcol\"><em>Accuracy<\/em><br>100%<\/span> <span class=\"col pplabelcol\"><em>PP<\/em><br>8<\/span> <span class=\"col movedesccol\">Cannot be used twice in a row.<\/span> <\/li><li style=\"clear:both\"><\/li><\/ul>\n|raw|<font size=\"1\"><font color=\"#686868\">Priority:<\/font> 0&nbsp;|&ThickSpace;<font color=\"#686868\">Gen:<\/font> 9&nbsp;|&ThickSpace;<font color=\"#686868\">Z-Power:<\/font> 200&nbsp;|&ThickSpace;<font color=\"#686868\">Dynamax Power:<\/font> 140&nbsp;|&ThickSpace;<font color=\"#686868\">Target:<\/font> One Adjacent Pok\u00e9mon<\/font>\n\n|\n|t:|1697934185\n|move|p1a: Groudon|Protect|p1a: Groudon\n|-singleturn|p1a: Groudon|Protect\n|move|p2a: Ursaluna|Earth Power|p1a: Groudon\n|-activate|p1a: Groudon|move: Protect\n|\n|-weather|SunnyDay|[upkeep]\n|-heal|p1a: Groudon|46\/100|[from] item: Leftovers\n|-damage|p2a: Ursaluna|78\/100 brn|[from] brn\n|upkeep\n|turn|3\n|\n|t:|1697934193\n|switch|p2a: Shaymin|Shaymin-Sky|100\/100\n|move|p1a: Groudon|Spikes|p2a: Shaymin\n|-sidestart|p2: Sonad~|Spikes\n|\n|-weather|SunnyDay|[upkeep]\n|-heal|p1a: Groudon|52\/100|[from] item: Leftovers\n|upkeep\n|turn|4\n|j| Hand0fD00m\n|\n|t:|1697934203\n|switch|p1a: Dialga|Dialga-Origin|100\/100\n|-ability|p1a: Dialga|Pressure\n|move|p2a: Shaymin|Seed Flare|p1a: Dialga\n|-resisted|p1a: Dialga\n|-damage|p1a: Dialga|87\/100\n|-unboost|p1a: Dialga|spd|2\n|\n|-weather|SunnyDay|[upkeep]\n|upkeep\n|turn|5\n|\n|t:|1697934229\n|switch|p2a: Chi-Yu|Chi-Yu|100\/100\n|-damage|p2a: Chi-Yu|88\/100|[from] Spikes\n|-ability|p2a: Chi-Yu|Beads of Ruin\n|move|p1a: Dialga|Thunder Wave|p2a: Chi-Yu\n|-status|p2a: Chi-Yu|par\n|\n|-weather|none\n|upkeep\n|turn|6\n|j| Rival Andrew\n|j| Yangsta\n|c| Yangsta|gl hf\n|c| Rival Andrew|i missed game 2 i think\n|\n|t:|1697934242\n|move|p1a: Dialga|Draco Meteor|p2a: Chi-Yu\n|-damage|p2a: Chi-Yu|0 fnt\n|-unboost|p1a: Dialga|spa|2\n|faint|p2a: Chi-Yu\n|\n|upkeep\n|c|\u2606Sonad~|that womps\n|c| Yangsta|Nathan made a come back\n|c| Yangsta|despite multiple misses lol\n|c|\u2606Sonad~|shush you\n|c| Yangsta|lolol\n|c| Yangsta|my bad bro\n|c|\u2606darkmoju|no misses this game?\n|\n|t:|1697934273\n|switch|p2a: Shaymin|Shaymin-Sky|100\/100\n|turn|7\n|c|\u2606Sonad~|no\n|\n|t:|1697934284\n|move|p2a: Shaymin|Air Slash|p1a: Dialga\n|-resisted|p1a: Dialga\n|-damage|p1a: Dialga|56\/100\n|cant|p1a: Dialga|flinch\n|\n|upkeep\n|turn|8\n|c| Yangsta|finally lol\n|\n|t:|1697934291\n|move|p2a: Shaymin|Air Slash|p1a: Dialga\n|-resisted|p1a: Dialga\n|-damage|p1a: Dialga|22\/100\n|move|p1a: Dialga|Stealth Rock|p2a: Shaymin\n|-sidestart|p2: Sonad~|move: Stealth Rock\n|\n|upkeep\n|turn|9\n|\n|t:|1697934299\n|move|p2a: Shaymin|Air Slash|p1a: Dialga\n|-resisted|p1a: Dialga\n|-damage|p1a: Dialga|0 fnt\n|faint|p1a: Dialga\n|\n|upkeep\n|c|\u2606Sonad~|smh\n|\n|t:|1697934310\n|switch|p1a: Eternatus|Eternatus|100\/100\n|-ability|p1a: Eternatus|Pressure\n|turn|10\n|\n|t:|1697934320\n|switch|p2a: Zacian|Zacian-Crowned|100\/100\n|-damage|p2a: Zacian|88\/100|[from] Spikes\n|-damage|p2a: Zacian|82\/100|[from] Stealth Rock\n|-ability|p2a: Zacian|Intrepid Sword|boost\n|-boost|p2a: Zacian|atk|1\n|move|p1a: Eternatus|Fire Blast|p2a: Zacian\n|-supereffective|p2a: Zacian\n|-damage|p2a: Zacian|1\/100\n|\n|upkeep\n|turn|11\n|c| Yangsta|:)\n|c|\u2606Sonad~|ouch\n|c| Yangsta|wild\n|c|\u2606Sonad~|whatchu smiling for\n|\n|t:|1697934353\n|move|p1a: Eternatus|Fire Blast|p2a: Zacian\n|-supereffective|p2a: Zacian\n|-damage|p2a: Zacian|0 fnt\n|faint|p2a: Zacian\n|\n|upkeep\n|c|\u2606Sonad~|ah yes. scarf\n|c|\u2606Sonad~|fuck\n|\n|t:|1697934380\n|switch|p2a: Miraidon|Miraidon|100\/100\n|-damage|p2a: Miraidon|88\/100|[from] Spikes\n|-damage|p2a: Miraidon|76\/100|[from] Stealth Rock\n|-fieldstart|move: Electric Terrain|[from] ability: Hadron Engine|[of] p2a: Miraidon\n|turn|12\n|\n|t:|1697934392\n|switch|p1a: Groudon|Groudon|52\/100\n|-weather|SunnyDay|[from] ability: Drought|[of] p1a: Groudon\n|move|p2a: Miraidon|Dragon Pulse|p1a: Groudon\n|-damage|p1a: Groudon|0 fnt\n|faint|p1a: Groudon\n|\n|-weather|SunnyDay|[upkeep]\n|upkeep\n|\n|t:|1697934410\n|switch|p1a: Eternatus|Eternatus|100\/100\n|-ability|p1a: Eternatus|Pressure\n|turn|13\n|\n|t:|1697934427\n|-terastallize|p1a: Eternatus|Ghost\n|-terastallize|p2a: Miraidon|Fairy\n|move|p1a: Eternatus|Sludge Bomb|p2a: Miraidon\n|-supereffective|p2a: Miraidon\n|-damage|p2a: Miraidon|0 fnt\n|faint|p2a: Miraidon\n|\n|-weather|SunnyDay|[upkeep]\n|upkeep\n|c|\u2606Sonad~|why\n|\n|t:|1697934442\n|switch|p2a: Urshifu|Urshifu-Rapid-Strike, F|100\/100\n|-damage|p2a: Urshifu|88\/100|[from] Spikes\n|-damage|p2a: Urshifu|82\/100|[from] Stealth Rock\n|turn|14\n|c| Yangsta|yeah why no dragon move lol\n|c| Yangsta|4D chess over here\n|c|\u2606Sonad~|and now no tera on urshifu to take this out\n|c| Rival Andrew|tera fairy is by far the most common tera for Miraidon\n|c| Rival Andrew|so maybe?\n|c|\u2606Sonad~|whyd i have to tera last turn\n|c| Rival Andrew|the predict\n|c|\u2606darkmoju|sludge bomb was the safest option with the mons he has up.\n|\n|t:|1697934485\n|switch|p1a: Palkia|Palkia-Origin|100\/100\n|-ability|p1a: Palkia|Pressure\n|move|p2a: Urshifu|Surging Strikes|p1a: Palkia\n|-resisted|p1a: Palkia\n|-crit|p1a: Palkia\n|-damage|p1a: Palkia|98\/100\n|-resisted|p1a: Palkia\n|-crit|p1a: Palkia\n|-damage|p1a: Palkia|96\/100\n|-resisted|p1a: Palkia\n|-crit|p1a: Palkia\n|-damage|p1a: Palkia|94\/100\n|-hitcount|p1a: Palkia|3\n|\n|-weather|SunnyDay|[upkeep]\n|upkeep\n|turn|15\n|c| Yangsta|lmfaooo did u want to sludge bomb errbody\n|c| Hand0fD00m|yeah true, less risk\n|c|\u2606darkmoju|yeah it will kill shayman LOL\n|\n|t:|1697934504\n|move|p1a: Palkia|Spacial Rend|p2a: Urshifu\n|-crit|p2a: Urshifu\n|-damage|p2a: Urshifu|0 fnt\n|faint|p2a: Urshifu\n|\n|-weather|SunnyDay|[upkeep]\n|upkeep\n|c| Yangsta|hahaha fair\n|c|\u2606Sonad~|urshifu kinda lame tho\n|\n|t:|1697934513\n|switch|p2a: Shaymin|Shaymin-Sky|100\/100\n|-damage|p2a: Shaymin|76\/100|[from] Stealth Rock\n|turn|16\n|\n|t:|1697934519\n|move|p2a: Shaymin|Air Slash|p1a: Palkia\n|-damage|p1a: Palkia|59\/100\n|cant|p1a: Palkia|flinch\n|\n|-weather|none\n|-fieldend|move: Electric Terrain\n|upkeep\n|turn|17\n|c|\u2606Sonad~|ok\n|c| Yangsta|gooo shay\n|c|\u2606Sonad~|ready for this?\n|\n|t:|1697934532\n|move|p2a: Shaymin|Air Slash|p1a: Palkia\n|-damage|p1a: Palkia|26\/100\n|cant|p1a: Palkia|flinch\n|\n|upkeep\n|turn|18\n|c| Yangsta|Shay with the sweep\n|\n|t:|1697934537\n|move|p2a: Shaymin|Air Slash|p1a: Palkia\n|-damage|p1a: Palkia|0 fnt\n|faint|p1a: Palkia\n|\n|upkeep\n|c| Yangsta|wild\n|\n|t:|1697934540\n|switch|p1a: Arceus|Arceus, shiny|100\/100\n|turn|19\n|c|\u2606Sonad~|oop\n|c|\u2606Sonad~|right\n|c|\u2606Sonad~|e speed\n|c|\u2606darkmoju|yeah lol\n|\n|t:|1697934556\n|move|p1a: Arceus|Extreme Speed|p2a: Shaymin\n|-damage|p2a: Shaymin|14\/100\n|move|p2a: Shaymin|Air Slash|p1a: Arceus\n|-damage|p1a: Arceus|76\/100\n|\n|upkeep\n|turn|20\n|c|\u2606Sonad~|lamee\n|\n|t:|1697934565\n|move|p1a: Arceus|Extreme Speed|p2a: Shaymin\n|-damage|p2a: Shaymin|0 fnt\n|faint|p2a: Shaymin\n|\n|upkeep\n|c| Yangsta|icky indeed\n|\n|t:|1697934566\n|switch|p2a: Ursaluna|Ursaluna-Bloodmoon, M|78\/100 brn\n|-damage|p2a: Ursaluna|66\/100 brn|[from] Spikes\n|-damage|p2a: Ursaluna|60\/100 brn|[from] Stealth Rock\n|turn|21\n|c|\u2606Sonad~|gg\n|\n|t:|1697934571\n|move|p1a: Arceus|Extreme Speed|p2a: Ursaluna\n|-damage|p2a: Ursaluna|22\/100 brn\n|move|p2a: Ursaluna|Blood Moon|p1a: Arceus\n|-damage|p1a: Arceus|2\/100\n|-damage|p2a: Ursaluna|12\/100 brn|[from] item: Life Orb\n|\n|-damage|p2a: Ursaluna|6\/100 brn|[from] brn\n|upkeep\n|turn|22\n|\n|t:|1697934574\n|move|p1a: Arceus|Extreme Speed|p2a: Ursaluna\n|-damage|p2a: Ursaluna|0 fnt\n|faint|p2a: Ursaluna\n|\n|win|darkmoju\n|c|\u2606darkmoju|ggs\n|l|\u2606Sonad~\n|c| Yangsta|gg\n|c| Rival Andrew|gg boyos\n|l| Yangsta\n|c| Hand0fD00m|dang ggs, usurped set of the tourney so far\n","uploadtime":1697934598,"views":11,"p1id":"darkmoju","p2id":"sonad","formatid":"gen9ubers","rating":0,"private":0,"password":""}