{"id":"gen9ubers-1973495736","p1":"musichat","p2":"Saykio","format":"[Gen 9] Ubers","log":"|j|\u2606musichat\n|j|\u2606Saykio\n|t:|1697983674\n|gametype|singles\n|player|p1|musichat|zinnia|1157\n|player|p2|Saykio|palmer|1075\n|teamsize|p1|6\n|teamsize|p2|6\n|gen|9\n|tier|[Gen 9] Ubers\n|rated|\n|rule|Sleep Clause Mod: Limit one foe put to sleep\n|rule|Species Clause: Limit one of each Pok\u00e9mon\n|rule|OHKO Clause: OHKO moves are banned\n|rule|Evasion Items Clause: Evasion items are banned\n|rule|Evasion Moves Clause: Evasion moves are banned\n|rule|Endless Battle Clause: Forcing endless battles is banned\n|rule|HP Percentage Mod: HP is shown in percentages\n|clearpoke\n|poke|p1|Glimmora, M|\n|poke|p1|Arceus-Ground|\n|poke|p1|Koraidon|\n|poke|p1|Miraidon|\n|poke|p1|Zacian-*|\n|poke|p1|Rayquaza|\n|poke|p2|Urshifu-*, M|\n|poke|p2|Arceus|\n|poke|p2|Zacian-*|\n|poke|p2|Koraidon|\n|poke|p2|Kyogre|\n|poke|p2|Landorus, M|\n|teampreview\n|inactive|Battle timer is ON: inactive players will automatically lose when time's up. (requested by musichat)\n|\n|t:|1697983679\n|start\n|switch|p1a: jon|Glimmora, M|100\/100\n|switch|p2a: Lead|Landorus, M|100\/100\n|turn|1\n|\n|t:|1697983684\n|move|p2a: Lead|Earth Power|p1a: jon\n|-supereffective|p1a: jon\n|-enditem|p1a: jon|Focus Sash\n|-damage|p1a: jon|1\/100\n|move|p1a: jon|Stealth Rock|p2a: Lead\n|-sidestart|p2: Saykio|move: Stealth Rock\n|\n|upkeep\n|turn|2\n|\n|t:|1697983691\n|move|p2a: Lead|Stealth Rock|p1a: jon\n|-sidestart|p1: musichat|move: Stealth Rock\n|move|p1a: jon|Mortal Spin|p2a: Lead\n|-resisted|p2a: Lead\n|-damage|p2a: Lead|97\/100\n|-status|p2a: Lead|psn\n|-sideend|p1: musichat|Stealth Rock|[from] move: Mortal Spin|[of] p1a: jon\n|\n|-damage|p2a: Lead|85\/100 psn|[from] psn\n|upkeep\n|turn|3\n|\n|t:|1697983697\n|move|p2a: Lead|Psychic|p1a: jon\n|-supereffective|p1a: jon\n|-damage|p1a: jon|0 fnt\n|faint|p1a: jon\n|\n|-damage|p2a: Lead|73\/100 psn|[from] psn\n|upkeep\n|\n|t:|1697983715\n|switch|p1a: ron|Rayquaza, shiny|100\/100\n|-ability|p1a: ron|Air Lock\n|turn|4\n|\n|t:|1697983725\n|move|p2a: Lead|Stealth Rock|p1a: ron\n|-sidestart|p1: musichat|move: Stealth Rock\n|move|p1a: ron|Dragon Dance|p1a: ron\n|-boost|p1a: ron|atk|1\n|-boost|p1a: ron|spe|1\n|\n|-damage|p2a: Lead|61\/100 psn|[from] psn\n|upkeep\n|turn|5\n|\n|t:|1697983732\n|move|p1a: ron|Dragon Ascent|p2a: Lead\n|-damage|p2a: Lead|0 fnt\n|-unboost|p1a: ron|def|1\n|-unboost|p1a: ron|spd|1\n|faint|p2a: Lead\n|\n|upkeep\n|\n|t:|1697983741\n|switch|p2a: Dr.Juiphe|Koraidon|100\/100\n|-damage|p2a: Dr.Juiphe|94\/100|[from] Stealth Rock\n|-weather|SunnyDay|[from] ability: Orichalcum Pulse|[of] p2a: Dr.Juiphe\n|-activate|p2a: Dr.Juiphe|Orichalcum Pulse|[source]\n|turn|6\n|\n|t:|1697983751\n|move|p2a: Dr.Juiphe|Dragon Claw|p1a: ron\n|-supereffective|p1a: ron\n|-enditem|p1a: ron|Focus Sash\n|-damage|p1a: ron|1\/100\n|move|p1a: ron|Dragon Ascent|p2a: Dr.Juiphe\n|-supereffective|p2a: Dr.Juiphe\n|-damage|p2a: Dr.Juiphe|0 fnt\n|-unboost|p1a: ron|def|1\n|-unboost|p1a: ron|spd|1\n|faint|p2a: Dr.Juiphe\n|\n|-weather|SunnyDay|[upkeep]\n|upkeep\n|\n|t:|1697983760\n|switch|p2a: Null|Arceus|100\/100\n|-damage|p2a: Null|88\/100|[from] Stealth Rock\n|turn|7\n|\n|t:|1697983767\n|move|p2a: Null|Extreme Speed|p1a: ron\n|-damage|p1a: ron|0 fnt\n|faint|p1a: ron\n|\n|-weather|SunnyDay|[upkeep]\n|upkeep\n|\n|t:|1697983775\n|switch|p1a: kon|Koraidon|100\/100\n|-damage|p1a: kon|94\/100|[from] Stealth Rock\n|-activate|p1a: kon|ability: Orichalcum Pulse\n|turn|8\n|\n|t:|1697983797\n|switch|p2a: Wouaf|Zacian-Crowned|100\/100\n|-damage|p2a: Wouaf|94\/100|[from] Stealth Rock\n|-ability|p2a: Wouaf|Intrepid Sword|boost\n|-boost|p2a: Wouaf|atk|1\n|move|p1a: kon|Low Kick|p2a: Wouaf\n|-damage|p2a: Wouaf|0 fnt\n|faint|p2a: Wouaf\n|-damage|p1a: kon|84\/100|[from] item: Life Orb\n|\n|-weather|SunnyDay|[upkeep]\n|upkeep\n|\n|t:|1697983809\n|switch|p2a: Prout|Kyogre|100\/100\n|-damage|p2a: Prout|88\/100|[from] Stealth Rock\n|-weather|RainDance|[from] ability: Drizzle|[of] p2a: Prout\n|turn|9\n|\n|t:|1697983824\n|move|p1a: kon|Low Kick|p2a: Prout\n|-damage|p2a: Prout|0 fnt\n|faint|p2a: Prout\n|-damage|p1a: kon|74\/100|[from] item: Life Orb\n|\n|-weather|RainDance|[upkeep]\n|upkeep\n|\n|t:|1697983831\n|switch|p2a: Kenshiro|Urshifu, M|100\/100\n|-damage|p2a: Kenshiro|94\/100|[from] Stealth Rock\n|turn|10\n|\n|t:|1697983837\n|move|p1a: kon|Low Kick|p2a: Kenshiro\n|-supereffective|p2a: Kenshiro\n|-damage|p2a: Kenshiro|0 fnt\n|faint|p2a: Kenshiro\n|-damage|p1a: kon|65\/100|[from] item: Life Orb\n|\n|-weather|RainDance|[upkeep]\n|upkeep\n|-message|Saykio forfeited.\n|\n|win|musichat\n|raw|musichat's rating: 1157 &rarr; <strong>1176<\/strong><br \/>(+19 for winning)\n|raw|Saykio's rating: 1075 &rarr; <strong>1059<\/strong><br \/>(-16 for losing)\n|l|\u2606Saykio\n","uploadtime":1697983844,"views":8,"p1id":"musichat","p2id":"saykio","formatid":"gen9ubers","rating":1059,"private":0,"password":""}