{"id":"gen9ubers-1990170067","p1":"Leo Justice","p2":"Oomaester1234","format":"[Gen 9] Ubers","log":"|j|\u2606Leo Justice\n|j|\u2606Oomaester1234\n|t:|1699932395\n|gametype|singles\n|player|p1|Leo Justice|carmine|\n|player|p2|Oomaester1234|teamrocket|\n|teamsize|p1|6\n|teamsize|p2|6\n|gen|9\n|tier|[Gen 9] Ubers\n|rule|Sleep Clause Mod: Limit one foe put to sleep\n|rule|Species Clause: Limit one of each Pok\u00e9mon\n|rule|OHKO Clause: OHKO moves are banned\n|rule|Evasion Items Clause: Evasion items are banned\n|rule|Evasion Moves Clause: Evasion moves are banned\n|rule|Endless Battle Clause: Forcing endless battles is banned\n|rule|HP Percentage Mod: HP is shown in percentages\n|clearpoke\n|poke|p1|Slowking-Galar, F|\n|poke|p1|Blissey, F|\n|poke|p1|Cyclizar, F|\n|poke|p1|Quagsire, M|\n|poke|p1|Gholdengo|\n|poke|p1|Tyranitar, M|\n|poke|p2|Torkoal, M|\n|poke|p2|Walking Wake|\n|poke|p2|Rillaboom, M|\n|poke|p2|Arceus-Fire|\n|poke|p2|Ceruledge, F|\n|poke|p2|Leavanny, M|\n|teampreview\n|\n|t:|1699932414\n|start\n|switch|p1a: Slowking|Slowking-Galar, F|100\/100\n|switch|p2a: Leavanny|Leavanny, M|100\/100\n|turn|1\n|\n|t:|1699932418\n|move|p2a: Leavanny|Sticky Web|p1a: Slowking\n|-sidestart|p1: Leo Justice|move: Sticky Web\n|move|p1a: Slowking|Toxic Spikes|p2a: Leavanny\n|-sidestart|p2: Oomaester1234|move: Toxic Spikes\n|\n|upkeep\n|turn|2\n|\n|t:|1699932422\n|move|p2a: Leavanny|Knock Off|p1a: Slowking\n|-supereffective|p1a: Slowking\n|-damage|p1a: Slowking|54\/100\n|-damage|p2a: Leavanny|84\/100|[from] item: Rocky Helmet|[of] p1a: Slowking\n|-enditem|p1a: Slowking|Rocky Helmet|[from] move: Knock Off|[of] p2a: Leavanny\n|move|p1a: Slowking|Toxic Spikes|p2a: Leavanny\n|-sidestart|p2: Oomaester1234|move: Toxic Spikes\n|\n|upkeep\n|turn|3\n|\n|t:|1699932437\n|move|p2a: Leavanny|Knock Off|p1a: Slowking\n|-supereffective|p1a: Slowking\n|-damage|p1a: Slowking|25\/100\n|move|p1a: Slowking|Slack Off|p1a: Slowking\n|-heal|p1a: Slowking|75\/100\n|\n|upkeep\n|turn|4\n|\n|t:|1699932446\n|move|p2a: Leavanny|Knock Off|p1a: Slowking\n|-supereffective|p1a: Slowking\n|-damage|p1a: Slowking|43\/100\n|move|p1a: Slowking|Sludge Bomb|p2a: Leavanny\n|-supereffective|p2a: Leavanny\n|-damage|p2a: Leavanny|0 fnt\n|faint|p2a: Leavanny\n|\n|upkeep\n|\n|t:|1699932465\n|switch|p2a: Torkoal|Torkoal, M|100\/100\n|-status|p2a: Torkoal|tox\n|-weather|SunnyDay|[from] ability: Drought|[of] p2a: Torkoal\n|turn|5\n|\n|t:|1699932472\n|move|p1a: Slowking|Chilly Reception|p1a: Slowking\n|-weather|Snow\n|\n|t:|1699932476\n|switch|p1a: Gholdengo|Gholdengo|100\/100|[from] Chilly Reception\n|-activate|p1a: Gholdengo|move: Sticky Web\n|-unboost|p1a: Gholdengo|spe|1\n|move|p2a: Torkoal|Stealth Rock|p1a: Gholdengo\n|-sidestart|p1: Leo Justice|move: Stealth Rock\n|\n|-weather|Snow|[upkeep]\n|-damage|p2a: Torkoal|94\/100 tox|[from] psn\n|upkeep\n|turn|6\n|\n|t:|1699932484\n|switch|p2a: Rillaboom|Rillaboom, M|100\/100\n|-status|p2a: Rillaboom|tox\n|-fieldstart|move: Grassy Terrain|[from] ability: Grassy Surge|[of] p2a: Rillaboom\n|move|p1a: Gholdengo|Nasty Plot|p1a: Gholdengo\n|-boost|p1a: Gholdengo|spa|2\n|\n|-weather|Snow|[upkeep]\n|-damage|p2a: Rillaboom|94\/100 tox|[from] psn\n|upkeep\n|turn|7\n|\n|t:|1699932492\n|switch|p1a: Slowking|Slowking-Galar, F|76\/100\n|-activate|p1a: Slowking|move: Sticky Web\n|-unboost|p1a: Slowking|spe|1\n|-damage|p1a: Slowking|64\/100|[from] Stealth Rock\n|move|p2a: Rillaboom|Knock Off|p1a: Slowking\n|-supereffective|p1a: Slowking\n|-damage|p1a: Slowking|26\/100\n|\n|-weather|Snow|[upkeep]\n|-heal|p2a: Rillaboom|100\/100 tox|[from] Grassy Terrain\n|-heal|p1a: Slowking|32\/100|[from] Grassy Terrain\n|-damage|p2a: Rillaboom|88\/100 tox|[from] psn\n|upkeep\n|turn|8\n|\n|t:|1699932507\n|switch|p1a: Cyclizar|Cyclizar, F|100\/100\n|move|p2a: Rillaboom|Knock Off|p1a: Cyclizar\n|-damage|p1a: Cyclizar|47\/100\n|-enditem|p1a: Cyclizar|Heavy-Duty Boots|[from] move: Knock Off|[of] p2a: Rillaboom\n|\n|-weather|Snow|[upkeep]\n|-heal|p1a: Cyclizar|53\/100|[from] Grassy Terrain\n|-heal|p2a: Rillaboom|94\/100 tox|[from] Grassy Terrain\n|-damage|p2a: Rillaboom|76\/100 tox|[from] psn\n|upkeep\n|turn|9\n|\n|t:|1699932515\n|move|p1a: Cyclizar|Shed Tail|p1a: Cyclizar\n|-start|p1a: Cyclizar|Substitute|[from] move: Shed Tail\n|-damage|p1a: Cyclizar|3\/100\n|\n|t:|1699932517\n|switch|p1a: Slowking|Slowking-Galar, F|65\/100|[from] Shed Tail\n|-activate|p1a: Slowking|move: Sticky Web\n|-unboost|p1a: Slowking|spe|1\n|-damage|p1a: Slowking|53\/100|[from] Stealth Rock\n|move|p2a: Rillaboom|U-turn|p1a: Slowking\n|-activate|p1a: Slowking|move: Substitute|[damage]\n|\n|t:|1699932529\n|switch|p2a: Torkoal|Torkoal, M|94\/100 tox|[from] U-turn\n|-weather|SunnyDay|[from] ability: Drought|[of] p2a: Torkoal\n|\n|-weather|SunnyDay|[upkeep]\n|-heal|p2a: Torkoal|100\/100 tox|[from] Grassy Terrain\n|-heal|p1a: Slowking|59\/100|[from] Grassy Terrain\n|-damage|p2a: Torkoal|94\/100 tox|[from] psn\n|upkeep\n|turn|10\n|j| 1P1o1s1h1e1\n|\n|t:|1699932541\n|switch|p2a: Arceus|Arceus-Fire|100\/100\n|-status|p2a: Arceus|tox\n|move|p1a: Slowking|Chilly Reception|p1a: Slowking\n|-weather|Snow\n|\n|t:|1699932547\n|switch|p1a: Quagsire|Quagsire, M|100\/100|[from] Chilly Reception\n|\n|-weather|Snow|[upkeep]\n|-damage|p2a: Arceus|94\/100 tox|[from] psn\n|upkeep\n|turn|11\n|c| 1P1o1s1h1e1|Sun webs g terrain\n|c| 1P1o1s1h1e1|Holy hell\n|c|\u2606Oomaester1234|yeah b ut im getting wwrecked by these spieks\n|\n|t:|1699932584\n|switch|p2a: Rillaboom|Rillaboom, M|76\/100 tox\n|move|p1a: Quagsire|Spikes|p2a: Rillaboom\n|-sidestart|p2: Oomaester1234|Spikes\n|\n|-weather|Snow|[upkeep]\n|-heal|p2a: Rillaboom|82\/100 tox|[from] Grassy Terrain\n|-damage|p2a: Rillaboom|76\/100 tox|[from] psn\n|upkeep\n|turn|12\n|\n|t:|1699932593\n|switch|p1a: Slowking|Slowking-Galar, F|92\/100\n|-activate|p1a: Slowking|move: Sticky Web\n|-unboost|p1a: Slowking|spe|1\n|-damage|p1a: Slowking|80\/100|[from] Stealth Rock\n|move|p2a: Rillaboom|Drum Beating|p1a: Slowking\n|-resisted|p1a: Slowking\n|-damage|p1a: Slowking|58\/100\n|-unboost|p1a: Slowking|spe|1\n|\n|-weather|Snow|[upkeep]\n|-heal|p2a: Rillaboom|82\/100 tox|[from] Grassy Terrain\n|-heal|p1a: Slowking|64\/100|[from] Grassy Terrain\n|-damage|p2a: Rillaboom|70\/100 tox|[from] psn\n|upkeep\n|turn|13\n|\n|t:|1699932598\n|move|p2a: Rillaboom|U-turn|p1a: Slowking\n|-damage|p1a: Slowking|46\/100\n|\n|t:|1699932605\n|switch|p2a: violet ass bandit|Ceruledge, F|100\/100|[from] U-turn\n|-status|p2a: violet ass bandit|tox\n|-damage|p2a: violet ass bandit|88\/100 tox|[from] Spikes\n|move|p1a: Slowking|Slack Off|p1a: Slowking\n|-heal|p1a: Slowking|96\/100\n|\n|-weather|Snow|[upkeep]\n|-heal|p2a: violet ass bandit|94\/100 tox|[from] Grassy Terrain\n|-heal|p1a: Slowking|100\/100|[from] Grassy Terrain\n|-damage|p2a: violet ass bandit|88\/100 tox|[from] psn\n|-fieldend|move: Grassy Terrain\n|upkeep\n|turn|14\n|\n|t:|1699932622\n|switch|p1a: Tyranitar|Tyranitar, M|100\/100\n|-activate|p1a: Tyranitar|move: Sticky Web\n|-unboost|p1a: Tyranitar|spe|1\n|-damage|p1a: Tyranitar|88\/100|[from] Stealth Rock\n|-weather|Sandstorm|[from] ability: Sand Stream|[of] p1a: Tyranitar\n|move|p2a: violet ass bandit|Bulk Up|p2a: violet ass bandit\n|-boost|p2a: violet ass bandit|atk|1\n|-boost|p2a: violet ass bandit|def|1\n|\n|-weather|Sandstorm|[upkeep]\n|-damage|p2a: violet ass bandit|82\/100 tox|[from] Sandstorm\n|-heal|p1a: Tyranitar|94\/100|[from] item: Leftovers\n|-damage|p2a: violet ass bandit|69\/100 tox|[from] psn\n|upkeep\n|turn|15\n|\n|t:|1699932633\n|move|p2a: violet ass bandit|Close Combat|p1a: Tyranitar\n|-supereffective|p1a: Tyranitar\n|-damage|p1a: Tyranitar|0 fnt\n|-unboost|p2a: violet ass bandit|def|1\n|-unboost|p2a: violet ass bandit|spd|1\n|faint|p1a: Tyranitar\n|\n|-weather|Sandstorm|[upkeep]\n|-damage|p2a: violet ass bandit|63\/100 tox|[from] Sandstorm\n|-damage|p2a: violet ass bandit|44\/100 tox|[from] psn\n|upkeep\n|c| 1P1o1s1h1e1|Oh yeah you're totally right for putting slack on lmao\n|\n|t:|1699932640\n|switch|p1a: Quagsire|Quagsire, M|100\/100\n|turn|16\n|c| 1P1o1s1h1e1|Forgot it actually got that \ud83d\udc80\n|\n|t:|1699932656\n|switch|p2a: Rillaboom|Rillaboom, M|70\/100 tox\n|-damage|p2a: Rillaboom|57\/100 tox|[from] Spikes\n|-fieldstart|move: Grassy Terrain|[from] ability: Grassy Surge|[of] p2a: Rillaboom\n|move|p1a: Quagsire|Earthquake|p2a: Rillaboom\n|-resisted|p2a: Rillaboom\n|-damage|p2a: Rillaboom|51\/100 tox\n|\n|-weather|Sandstorm|[upkeep]\n|-damage|p2a: Rillaboom|45\/100 tox|[from] Sandstorm\n|-heal|p2a: Rillaboom|51\/100 tox|[from] Grassy Terrain\n|-damage|p2a: Rillaboom|45\/100 tox|[from] psn\n|upkeep\n|turn|17\n|c| 1P1o1s1h1e1|You mind passing this var for the paste after\n|c|\u2606Oomaester1234|this team?\n|c| 1P1o1s1h1e1|Leo's\n|c|\u2606Oomaester1234|ohh\n|\n|t:|1699932686\n|switch|p1a: Slowking|Slowking-Galar, F|100\/100\n|-activate|p1a: Slowking|move: Sticky Web\n|-unboost|p1a: Slowking|spe|1\n|-damage|p1a: Slowking|88\/100|[from] Stealth Rock\n|move|p2a: Rillaboom|Knock Off|p1a: Slowking\n|-supereffective|p1a: Slowking\n|-damage|p1a: Slowking|55\/100\n|\n|-weather|Sandstorm|[upkeep]\n|-damage|p2a: Rillaboom|39\/100 tox|[from] Sandstorm\n|-damage|p1a: Slowking|48\/100|[from] Sandstorm\n|-heal|p2a: Rillaboom|45\/100 tox|[from] Grassy Terrain\n|-heal|p1a: Slowking|55\/100|[from] Grassy Terrain\n|-damage|p2a: Rillaboom|32\/100 tox|[from] psn\n|upkeep\n|turn|18\n|c|\u2606Leo Justice|Sure\n|\n|t:|1699932695\n|move|p2a: Rillaboom|Knock Off|p1a: Slowking\n|-supereffective|p1a: Slowking\n|-damage|p1a: Slowking|18\/100\n|move|p1a: Slowking|Slack Off|p1a: Slowking\n|-heal|p1a: Slowking|68\/100\n|\n|-weather|none\n|-heal|p2a: Rillaboom|39\/100 tox|[from] Grassy Terrain\n|-heal|p1a: Slowking|74\/100|[from] Grassy Terrain\n|-damage|p2a: Rillaboom|20\/100 tox|[from] psn\n|upkeep\n|turn|19\n|\n|t:|1699932701\n|move|p2a: Rillaboom|U-turn|p1a: Slowking\n|-damage|p1a: Slowking|56\/100\n|\n|t:|1699932703\n|switch|p2a: Torkoal|Torkoal, M|94\/100 tox|[from] U-turn\n|-damage|p2a: Torkoal|82\/100 tox|[from] Spikes\n|-weather|SunnyDay|[from] ability: Drought|[of] p2a: Torkoal\n|move|p1a: Slowking|Slack Off|p1a: Slowking\n|-heal|p1a: Slowking|100\/100\n|\n|-weather|SunnyDay|[upkeep]\n|-heal|p2a: Torkoal|88\/100 tox|[from] Grassy Terrain\n|-damage|p2a: Torkoal|82\/100 tox|[from] psn\n|upkeep\n|turn|20\n|\n|t:|1699932707\n|move|p2a: Torkoal|Rapid Spin|p1a: Slowking\n|-damage|p1a: Slowking|94\/100\n|-boost|p2a: Torkoal|spe|1\n|-sideend|p2: Oomaester1234|Spikes|[from] move: Rapid Spin|[of] p2a: Torkoal\n|-sideend|p2: Oomaester1234|Toxic Spikes|[from] move: Rapid Spin|[of] p2a: Torkoal\n|move|p1a: Slowking|Chilly Reception|p1a: Slowking\n|-weather|Snow\n|c|\u2606Oomaester1234|finally\n|\n|t:|1699932719\n|switch|p1a: Cyclizar|Cyclizar, F|36\/100|[from] Chilly Reception\n|-activate|p1a: Cyclizar|move: Sticky Web\n|-unboost|p1a: Cyclizar|spe|1\n|-damage|p1a: Cyclizar|24\/100|[from] Stealth Rock\n|\n|-weather|Snow|[upkeep]\n|-heal|p1a: Cyclizar|30\/100|[from] Grassy Terrain\n|-heal|p2a: Torkoal|88\/100 tox|[from] Grassy Terrain\n|-damage|p2a: Torkoal|76\/100 tox|[from] psn\n|upkeep\n|turn|21\n|\n|t:|1699932727\n|switch|p2a: Walking Wake|Walking Wake|100\/100\n|move|p1a: Cyclizar|Rapid Spin|p2a: Walking Wake\n|-damage|p2a: Walking Wake|83\/100\n|-boost|p1a: Cyclizar|spe|1\n|-sideend|p1: Leo Justice|Stealth Rock|[from] move: Rapid Spin|[of] p1a: Cyclizar\n|-sideend|p1: Leo Justice|Sticky Web|[from] move: Rapid Spin|[of] p1a: Cyclizar\n|\n|-weather|Snow|[upkeep]\n|-heal|p1a: Cyclizar|36\/100|[from] Grassy Terrain\n|-heal|p2a: Walking Wake|89\/100|[from] Grassy Terrain\n|upkeep\n|turn|22\n|\n|t:|1699932741\n|switch|p1a: Blissey|Blissey, F|100\/100\n|move|p2a: Walking Wake|Draco Meteor|p1a: Blissey|[miss]\n|-miss|p2a: Walking Wake|p1a: Blissey\n|\n|-weather|Snow|[upkeep]\n|-heal|p2a: Walking Wake|95\/100|[from] Grassy Terrain\n|upkeep\n|turn|23\n|\n|t:|1699932754\n|-end|p2a: Walking Wake|Protosynthesis|[silent]\n|switch|p2a: Torkoal|Torkoal, M|76\/100 tox\n|-weather|SunnyDay|[from] ability: Drought|[of] p2a: Torkoal\n|move|p1a: Blissey|Seismic Toss|p2a: Torkoal\n|-damage|p2a: Torkoal|47\/100 tox\n|\n|-weather|SunnyDay|[upkeep]\n|-heal|p2a: Torkoal|53\/100 tox|[from] Grassy Terrain\n|-damage|p2a: Torkoal|47\/100 tox|[from] psn\n|-fieldend|move: Grassy Terrain\n|upkeep\n|turn|24\n|\n|t:|1699932763\n|switch|p1a: Slowking|Slowking-Galar, F|100\/100\n|switch|p2a: violet ass bandit|Ceruledge, F|44\/100 tox\n|\n|-weather|SunnyDay|[upkeep]\n|-damage|p2a: violet ass bandit|38\/100 tox|[from] psn\n|upkeep\n|turn|25\n|\n|t:|1699932769\n|switch|p1a: Quagsire|Quagsire, M|100\/100\n|move|p2a: violet ass bandit|Bulk Up|p2a: violet ass bandit\n|-boost|p2a: violet ass bandit|atk|1\n|-boost|p2a: violet ass bandit|def|1\n|\n|-weather|SunnyDay|[upkeep]\n|-damage|p2a: violet ass bandit|25\/100 tox|[from] psn\n|upkeep\n|turn|26\n|\n|t:|1699932773\n|move|p2a: violet ass bandit|Poltergeist|p1a: Quagsire\n|-activate|p1a: Quagsire|move: Poltergeist|Heavy-Duty Boots\n|-damage|p1a: Quagsire|62\/100\n|move|p1a: Quagsire|Spikes|p2a: violet ass bandit\n|-sidestart|p2: Oomaester1234|Spikes\n|\n|-weather|SunnyDay|[upkeep]\n|-damage|p2a: violet ass bandit|7\/100 tox|[from] psn\n|upkeep\n|turn|27\n|\n|t:|1699932780\n|move|p2a: violet ass bandit|Bitter Blade|p1a: Quagsire\n|-resisted|p1a: Quagsire\n|-damage|p1a: Quagsire|37\/100\n|-heal|p2a: violet ass bandit|23\/100 tox|[from] drain|[of] p1a: Quagsire\n|move|p1a: Quagsire|Recover|p1a: Quagsire\n|-heal|p1a: Quagsire|87\/100\n|\n|-weather|SunnyDay|[upkeep]\n|-damage|p2a: violet ass bandit|0 fnt|[from] psn\n|faint|p2a: violet ass bandit\n|upkeep\n|\n|t:|1699932788\n|switch|p2a: Rillaboom|Rillaboom, M|20\/100 tox\n|-damage|p2a: Rillaboom|8\/100 tox|[from] Spikes\n|-fieldstart|move: Grassy Terrain|[from] ability: Grassy Surge|[of] p2a: Rillaboom\n|turn|28\n|\n|t:|1699932793\n|switch|p1a: Slowking|Slowking-Galar, F|100\/100\n|move|p2a: Rillaboom|Drain Punch|p1a: Slowking\n|-resisted|p1a: Slowking\n|-damage|p1a: Slowking|95\/100\n|-heal|p2a: Rillaboom|10\/100 tox|[from] drain|[of] p1a: Slowking\n|\n|-weather|SunnyDay|[upkeep]\n|-heal|p2a: Rillaboom|16\/100 tox|[from] Grassy Terrain\n|-heal|p1a: Slowking|100\/100|[from] Grassy Terrain\n|-damage|p2a: Rillaboom|10\/100 tox|[from] psn\n|upkeep\n|turn|29\n|\n|t:|1699932798\n|move|p2a: Rillaboom|U-turn|p1a: Slowking\n|-damage|p1a: Slowking|81\/100\n|\n|t:|1699932800\n|switch|p2a: Walking Wake|Walking Wake|95\/100|[from] U-turn\n|-damage|p2a: Walking Wake|83\/100|[from] Spikes\n|-activate|p2a: Walking Wake|ability: Protosynthesis\n|-start|p2a: Walking Wake|protosynthesisspa\n|move|p1a: Slowking|Toxic Spikes|p2a: Walking Wake\n|-sidestart|p2: Oomaester1234|move: Toxic Spikes\n|\n|-weather|SunnyDay|[upkeep]\n|-heal|p2a: Walking Wake|89\/100|[from] Grassy Terrain\n|-heal|p1a: Slowking|87\/100|[from] Grassy Terrain\n|upkeep\n|turn|30\n|\n|t:|1699932807\n|switch|p1a: Blissey|Blissey, F|100\/100\n|-terastallize|p2a: Walking Wake|Water\n|move|p2a: Walking Wake|Hydro Steam|p1a: Blissey\n|-damage|p1a: Blissey|38\/100\n|\n|-weather|none\n|-end|p2a: Walking Wake|Protosynthesis\n|-heal|p2a: Walking Wake|95\/100|[from] Grassy Terrain\n|-heal|p1a: Blissey|44\/100|[from] Grassy Terrain\n|upkeep\n|turn|31\n|\n|t:|1699932811\n|move|p2a: Walking Wake|Hydro Steam|p1a: Blissey\n|-damage|p1a: Blissey|16\/100\n|move|p1a: Blissey|Soft-Boiled|p1a: Blissey\n|-heal|p1a: Blissey|66\/100\n|\n|-heal|p2a: Walking Wake|100\/100|[from] Grassy Terrain\n|-heal|p1a: Blissey|72\/100|[from] Grassy Terrain\n|upkeep\n|turn|32\n|\n|t:|1699932818\n|-end|p2a: Walking Wake|Protosynthesis|[silent]\n|switch|p2a: Torkoal|Torkoal, M|47\/100 tox\n|-damage|p2a: Torkoal|35\/100 tox|[from] Spikes\n|-weather|SunnyDay|[from] ability: Drought|[of] p2a: Torkoal\n|move|p1a: Blissey|Soft-Boiled|p1a: Blissey\n|-heal|p1a: Blissey|100\/100\n|\n|-weather|SunnyDay|[upkeep]\n|-heal|p2a: Torkoal|41\/100 tox|[from] Grassy Terrain\n|-damage|p2a: Torkoal|35\/100 tox|[from] psn\n|upkeep\n|turn|33\n|\n|t:|1699932825\n|switch|p1a: Gholdengo|Gholdengo|100\/100\n|move|p2a: Torkoal|Lava Plume|p1a: Gholdengo\n|-supereffective|p1a: Gholdengo\n|-damage|p1a: Gholdengo|49\/100\n|\n|-weather|SunnyDay|[upkeep]\n|-heal|p1a: Gholdengo|55\/100|[from] Grassy Terrain\n|-heal|p1a: Gholdengo|61\/100|[from] item: Leftovers\n|-heal|p2a: Torkoal|41\/100 tox|[from] Grassy Terrain\n|-damage|p2a: Torkoal|28\/100 tox|[from] psn\n|upkeep\n|turn|34\n|\n|t:|1699932834\n|move|p1a: Gholdengo|Shadow Ball|p2a: Torkoal\n|-crit|p2a: Torkoal\n|-damage|p2a: Torkoal|0 fnt\n|faint|p2a: Torkoal\n|\n|-weather|SunnyDay|[upkeep]\n|-heal|p1a: Gholdengo|67\/100|[from] Grassy Terrain\n|-heal|p1a: Gholdengo|74\/100|[from] item: Leftovers\n|upkeep\n|\n|t:|1699932836\n|switch|p2a: Walking Wake|Walking Wake, tera:Water|100\/100\n|-damage|p2a: Walking Wake|88\/100|[from] Spikes\n|-status|p2a: Walking Wake|psn\n|-activate|p2a: Walking Wake|ability: Protosynthesis\n|-start|p2a: Walking Wake|protosynthesisspa\n|turn|35\n|\n|t:|1699932854\n|switch|p1a: Cyclizar|Cyclizar, F|69\/100\n|move|p2a: Walking Wake|Hydro Steam|p1a: Cyclizar\n|-resisted|p1a: Cyclizar\n|-damage|p1a: Cyclizar|0 fnt\n|faint|p1a: Cyclizar\n|\n|-weather|SunnyDay|[upkeep]\n|-heal|p2a: Walking Wake|94\/100 psn|[from] Grassy Terrain\n|-damage|p2a: Walking Wake|82\/100 psn|[from] psn\n|-fieldend|move: Grassy Terrain\n|upkeep\n|\n|t:|1699932865\n|switch|p1a: Blissey|Blissey, F|100\/100\n|turn|36\n|c|\u2606Oomaester1234|stall was probably the worst matchup for this team\n|\n|t:|1699932873\n|move|p2a: Walking Wake|Hydro Steam|p1a: Blissey\n|-damage|p1a: Blissey|39\/100\n|move|p1a: Blissey|Soft-Boiled|p1a: Blissey\n|-heal|p1a: Blissey|89\/100\n|\n|-weather|SunnyDay|[upkeep]\n|-damage|p2a: Walking Wake|70\/100 psn|[from] psn\n|upkeep\n|turn|37\n|\n|t:|1699932879\n|move|p2a: Walking Wake|Hydro Steam|p1a: Blissey\n|-damage|p1a: Blissey|34\/100\n|move|p1a: Blissey|Soft-Boiled|p1a: Blissey\n|-heal|p1a: Blissey|84\/100\n|\n|-weather|SunnyDay|[upkeep]\n|-damage|p2a: Walking Wake|57\/100 psn|[from] psn\n|upkeep\n|turn|38\n|\n|t:|1699932888\n|-end|p2a: Walking Wake|Protosynthesis|[silent]\n|switch|p2a: Arceus|Arceus-Fire|94\/100 tox\n|-damage|p2a: Arceus|82\/100 tox|[from] Spikes\n|move|p1a: Blissey|Soft-Boiled|p1a: Blissey\n|-heal|p1a: Blissey|100\/100\n|\n|-weather|SunnyDay|[upkeep]\n|-damage|p2a: Arceus|76\/100 tox|[from] psn\n|upkeep\n|turn|39\n|\n|t:|1699932891\n|switch|p1a: Quagsire|Quagsire, M|87\/100\n|move|p2a: Arceus|Dragon Dance|p2a: Arceus\n|-boost|p2a: Arceus|atk|1\n|-boost|p2a: Arceus|spe|1\n|\n|-weather|none\n|-damage|p2a: Arceus|64\/100 tox|[from] psn\n|upkeep\n|turn|40\n|\n|t:|1699932896\n|move|p2a: Arceus|Earthquake|p1a: Quagsire\n|-damage|p1a: Quagsire|62\/100\n|move|p1a: Quagsire|Spikes|p2a: Arceus\n|-sidestart|p2: Oomaester1234|Spikes\n|\n|-damage|p2a: Arceus|46\/100 tox|[from] psn\n|upkeep\n|turn|41\n|\n|t:|1699932900\n|move|p2a: Arceus|Earthquake|p1a: Quagsire\n|-damage|p1a: Quagsire|38\/100\n|move|p1a: Quagsire|Recover|p1a: Quagsire\n|-heal|p1a: Quagsire|88\/100\n|\n|-damage|p2a: Arceus|22\/100 tox|[from] psn\n|upkeep\n|turn|42\n|\n|t:|1699932907\n|switch|p2a: Walking Wake|Walking Wake, tera:Water|57\/100 psn\n|-damage|p2a: Walking Wake|41\/100 psn|[from] Spikes\n|move|p1a: Quagsire|Spikes|p2a: Walking Wake\n|-sidestart|p2: Oomaester1234|Spikes\n|\n|-damage|p2a: Walking Wake|28\/100 psn|[from] psn\n|upkeep\n|turn|43\n|\n|t:|1699932913\n|switch|p1a: Gholdengo|Gholdengo|74\/100\n|move|p2a: Walking Wake|Draco Meteor|p1a: Gholdengo\n|-resisted|p1a: Gholdengo\n|-damage|p1a: Gholdengo|36\/100\n|-unboost|p2a: Walking Wake|spa|2\n|\n|-heal|p1a: Gholdengo|43\/100|[from] item: Leftovers\n|-damage|p2a: Walking Wake|16\/100 psn|[from] psn\n|upkeep\n|turn|44\n|c|\u2606Oomaester1234|yeah ggs\n|c|\u2606Leo Justice|gg\n|c|\u2606Oomaester1234|im not winning this\n|-message|Oomaester1234 forfeited.\n|\n|win|Leo Justice\n|l|\u2606Oomaester1234\n|c| 1P1o1s1h1e1|Nice\n","uploadtime":1699932996,"views":4,"p1id":"leojustice","p2id":"oomaester1234","formatid":"gen9ubers","rating":0,"private":0,"password":""}