{"id":"gen9ubers-1980442621","p1":"koopa003","p2":"Future king of ou","format":"[Gen 9] Ubers","log":"|j|\u2606koopa003\n|j|\u2606Future king of ou\n|t:|1698785342\n|gametype|singles\n|player|p1|koopa003|camper|\n|player|p2|Future king of ou|mela|\n|teamsize|p1|6\n|teamsize|p2|6\n|gen|9\n|tier|[Gen 9] Ubers\n|rated|Tournament battle\n|rule|Sleep Clause Mod: Limit one foe put to sleep\n|rule|Species Clause: Limit one of each Pok\u00e9mon\n|rule|OHKO Clause: OHKO moves are banned\n|rule|Evasion Items Clause: Evasion items are banned\n|rule|Evasion Moves Clause: Evasion moves are banned\n|rule|Endless Battle Clause: Forcing endless battles is banned\n|rule|HP Percentage Mod: HP is shown in percentages\n|clearpoke\n|poke|p1|Flutter Mane|\n|poke|p1|Chien-Pao|\n|poke|p1|Goodra-Hisui, M|\n|poke|p1|Arceus|\n|poke|p1|Zacian-*|\n|poke|p1|Regieleki|\n|poke|p2|Giratina|\n|poke|p2|Corviknight, F|\n|poke|p2|Eternatus|\n|poke|p2|Dondozo, F|\n|poke|p2|Alomomola, F|\n|poke|p2|Blissey, F|\n|teampreview\n|c|\u2606koopa003|welp\n|inactive|Battle timer is ON: inactive players will automatically lose when time's up. (requested by koopa003)\n|\n|t:|1698785357\n|start\n|switch|p1a: Goodra|Goodra-Hisui, M|100\/100\n|switch|p2a: Blissey|Blissey, F|100\/100\n|turn|1\n|\n|t:|1698785366\n|move|p1a: Goodra|Body Press|p2a: Blissey\n|-supereffective|p2a: Blissey\n|-damage|p2a: Blissey|13\/100\n|move|p2a: Blissey|Stealth Rock|p1a: Goodra\n|-sidestart|p1: koopa003|move: Stealth Rock\n|\n|upkeep\n|turn|2\n|c|\u2606koopa003|my goodra is like xd\n|\n|t:|1698785376\n|switch|p2a: Alomomola|Alomomola, F|100\/100\n|move|p1a: Goodra|Flamethrower|p2a: Alomomola\n|-resisted|p2a: Alomomola\n|-damage|p2a: Alomomola|83\/100\n|\n|upkeep\n|turn|3\n|c|\u2606koopa003|mmm\n|\n|t:|1698785383\n|move|p2a: Alomomola|Protect|p2a: Alomomola\n|-singleturn|p2a: Alomomola|Protect\n|move|p1a: Goodra|Thunderbolt|p2a: Alomomola\n|-activate|p2a: Alomomola|move: Protect\n|\n|upkeep\n|turn|4\n|c|\u2606koopa003|sad\n|\n|t:|1698785389\n|switch|p2a: Eternatus|Eternatus|100\/100\n|-ability|p2a: Eternatus|Pressure\n|move|p1a: Goodra|Thunderbolt|p2a: Eternatus\n|-resisted|p2a: Eternatus\n|-damage|p2a: Eternatus|92\/100\n|-status|p2a: Eternatus|par\n|\n|upkeep\n|turn|5\n|c|\u2606koopa003|LOL\n|c|\u2606koopa003|are u chatting or will i feel alone?\n|c|\u2606Future king of ou|Hello\n|\n|t:|1698785418\n|switch|p1a: Zacian|Zacian-Crowned|100\/100\n|-damage|p1a: Zacian|94\/100|[from] Stealth Rock\n|-ability|p1a: Zacian|Intrepid Sword|boost\n|-boost|p1a: Zacian|atk|1\n|move|p2a: Eternatus|Protect||[still]\n|-fail|p2a: Eternatus\n|\n|upkeep\n|turn|6\n|\n|t:|1698785424\n|switch|p2a: Alomomola|Alomomola, F|100\/100\n|move|p1a: Zacian|Behemoth Blade|p2a: Alomomola\n|-resisted|p2a: Alomomola\n|-damage|p2a: Alomomola|76\/100\n|\n|upkeep\n|turn|7\n|\n|t:|1698785432\n|move|p1a: Zacian|Play Rough|p2a: Alomomola\n|-damage|p2a: Alomomola|32\/100\n|move|p2a: Alomomola|Wish|p2a: Alomomola\n|\n|upkeep\n|turn|8\n|\n|t:|1698785436\n|move|p2a: Alomomola|Protect|p2a: Alomomola\n|-singleturn|p2a: Alomomola|Protect\n|move|p1a: Zacian|Swords Dance|p1a: Zacian\n|-boost|p1a: Zacian|atk|2\n|\n|-heal|p2a: Alomomola|82\/100|[from] move: Wish|[wisher] Alomomola\n|upkeep\n|turn|9\n|\n|t:|1698785441\n|switch|p2a: Dondozo|Dondozo, F|100\/100\n|move|p1a: Zacian|Play Rough|p2a: Dondozo\n|-damage|p2a: Dondozo|79\/100\n|\n|-heal|p2a: Dondozo|85\/100|[from] item: Leftovers\n|upkeep\n|turn|10\n|j| FlamingThunderG0d\n|c|\u2606koopa003|sad\n|\n|t:|1698785450\n|move|p1a: Zacian|Close Combat|p2a: Dondozo\n|-damage|p2a: Dondozo|66\/100\n|-unboost|p1a: Zacian|def|1\n|-unboost|p1a: Zacian|spd|1\n|move|p2a: Dondozo|Body Press|p1a: Zacian\n|-crit|p1a: Zacian\n|-damage|p1a: Zacian|55\/100\n|\n|-heal|p2a: Dondozo|72\/100|[from] item: Leftovers\n|upkeep\n|turn|11\n|c|\u2606koopa003|super sad\n|\n|t:|1698785473\n|switch|p1a: Goodra|Goodra-Hisui, M|100\/100\n|-damage|p1a: Goodra|95\/100|[from] Stealth Rock\n|move|p2a: Dondozo|Body Press|p1a: Goodra\n|-supereffective|p1a: Goodra\n|-crit|p1a: Goodra\n|-damage|p1a: Goodra|3\/100\n|-ability|p1a: Goodra|Gooey\n|-unboost|p2a: Dondozo|spe|1\n|\n|-heal|p1a: Goodra|9\/100|[from] item: Leftovers\n|-heal|p2a: Dondozo|78\/100|[from] item: Leftovers\n|upkeep\n|turn|12\n|\n|t:|1698785482\n|switch|p2a: Corviknight|Corviknight, F|100\/100\n|-ability|p2a: Corviknight|Pressure\n|move|p1a: Goodra|Thunderbolt|p2a: Corviknight\n|-supereffective|p2a: Corviknight\n|-damage|p2a: Corviknight|45\/100\n|\n|-heal|p2a: Corviknight|52\/100|[from] item: Leftovers\n|-heal|p1a: Goodra|15\/100|[from] item: Leftovers\n|upkeep\n|turn|13\n|\n|t:|1698785492\n|-terastallize|p2a: Corviknight|Ground\n|move|p2a: Corviknight|Body Press|p1a: Goodra\n|-supereffective|p1a: Goodra\n|-damage|p1a: Goodra|0 fnt\n|-ability|p1a: Goodra|Gooey\n|-unboost|p2a: Corviknight|spe|1\n|faint|p1a: Goodra\n|\n|-heal|p2a: Corviknight|58\/100|[from] item: Leftovers\n|upkeep\n|c|\u2606koopa003|lol?\n|\n|t:|1698785503\n|switch|p1a: Chien-Pao|Chien-Pao|100\/100\n|-damage|p1a: Chien-Pao|76\/100|[from] Stealth Rock\n|-ability|p1a: Chien-Pao|Sword of Ruin\n|turn|14\n|\n|t:|1698785508\n|switch|p2a: Alomomola|Alomomola, F|100\/100\n|move|p1a: Chien-Pao|Ice Spinner|p2a: Alomomola\n|-resisted|p2a: Alomomola\n|-damage|p2a: Alomomola|81\/100\n|-damage|p1a: Chien-Pao|66\/100|[from] item: Life Orb\n|\n|upkeep\n|turn|15\n|\n|t:|1698785516\n|move|p1a: Chien-Pao|Crunch|p2a: Alomomola\n|-damage|p2a: Alomomola|39\/100\n|-damage|p1a: Chien-Pao|56\/100|[from] item: Life Orb\n|move|p2a: Alomomola|Wish|p2a: Alomomola\n|\n|upkeep\n|turn|16\n|\n|t:|1698785522\n|switch|p1a: Flutter Mane|Flutter Mane|100\/100\n|-damage|p1a: Flutter Mane|88\/100|[from] Stealth Rock\n|move|p2a: Alomomola|Protect||[still]\n|-fail|p2a: Alomomola\n|\n|-heal|p2a: Alomomola|89\/100|[from] move: Wish|[wisher] Alomomola\n|upkeep\n|turn|17\n|\n|t:|1698785528\n|move|p1a: Flutter Mane|Moonblast|p2a: Alomomola\n|-damage|p2a: Alomomola|19\/100\n|-unboost|p2a: Alomomola|spa|1\n|-damage|p1a: Flutter Mane|78\/100|[from] item: Life Orb\n|move|p2a: Alomomola|Wish|p2a: Alomomola\n|\n|upkeep\n|turn|18\n|\n|t:|1698785532\n|move|p2a: Alomomola|Protect|p2a: Alomomola\n|-singleturn|p2a: Alomomola|Protect\n|move|p1a: Flutter Mane|Calm Mind|p1a: Flutter Mane\n|-boost|p1a: Flutter Mane|spa|1\n|-boost|p1a: Flutter Mane|spd|1\n|\n|-heal|p2a: Alomomola|69\/100|[from] move: Wish|[wisher] Alomomola\n|upkeep\n|turn|19\n|\n|t:|1698785535\n|switch|p2a: Eternatus|Eternatus|92\/100 par\n|-ability|p2a: Eternatus|Pressure\n|move|p1a: Flutter Mane|Moonblast|p2a: Eternatus\n|-damage|p2a: Eternatus|45\/100 par\n|-damage|p1a: Flutter Mane|68\/100|[from] item: Life Orb\n|\n|upkeep\n|turn|20\n|\n|t:|1698785544\n|move|p2a: Eternatus|Protect|p2a: Eternatus\n|-singleturn|p2a: Eternatus|Protect\n|move|p1a: Flutter Mane|Moonblast|p2a: Eternatus\n|-activate|p2a: Eternatus|move: Protect\n|\n|upkeep\n|turn|21\n|c|\u2606koopa003|not black sludge? ok\n|\n|t:|1698785554\n|move|p1a: Flutter Mane|Moonblast|p2a: Eternatus\n|-damage|p2a: Eternatus|0 fnt\n|faint|p2a: Eternatus\n|-damage|p1a: Flutter Mane|58\/100|[from] item: Life Orb\n|\n|upkeep\n|\n|t:|1698785562\n|switch|p2a: Alomomola|Alomomola, F|100\/100\n|turn|22\n|\n|t:|1698785567\n|-terastallize|p1a: Flutter Mane|Ghost\n|move|p1a: Flutter Mane|Shadow Ball|p2a: Alomomola\n|-damage|p2a: Alomomola|0 fnt\n|faint|p2a: Alomomola\n|-damage|p1a: Flutter Mane|48\/100|[from] item: Life Orb\n|\n|upkeep\n|c|\u2606Future king of ou|Ggs\n|c|\u2606koopa003|yess\n|c|\u2606koopa003|gg\n|c|\u2606Future king of ou|This was my fault for staying in\n|c|\u2606koopa003|welp\n|c|\u2606Future king of ou|On blissey\n|c|\u2606koopa003|giratina maybe?\n|c|\u2606koopa003|nah\n|c|\u2606Future king of ou|No\n|c|\u2606koopa003|its ghost\n|c|\u2606koopa003|welp try\n|inactive|Future king of ou has 120 seconds left.\n|c|\u2606Future king of ou|Tfu\n|-message|Future king of ou forfeited.\n|\n|win|koopa003\n|n|\u2606koopa003|koopa003\n|n|\u2606Future king of ou|futurekingofou\n|n| FlamingThunderG0d|flamingthunderg0d\n","uploadtime":1698785601,"views":12,"p1id":"koopa003","p2id":"futurekingofou","formatid":"gen9ubers","rating":0,"private":0,"password":""}