{"id":"gen9ubers-1972934253","p1":"koko0603","p2":"Anne Frankkkk","format":"[Gen 9] Ubers","log":"|j|\u2606koko0603\n|j|\u2606Anne Frankkkk\n|t:|1697910385\n|gametype|singles\n|player|p1|koko0603|scientist-gen4dp|1074\n|player|p2|Anne Frankkkk|hilbert|1114\n|teamsize|p1|6\n|teamsize|p2|6\n|gen|9\n|tier|[Gen 9] Ubers\n|rated|\n|rule|Sleep Clause Mod: Limit one foe put to sleep\n|rule|Species Clause: Limit one of each Pok\u00e9mon\n|rule|OHKO Clause: OHKO moves are banned\n|rule|Evasion Items Clause: Evasion items are banned\n|rule|Evasion Moves Clause: Evasion moves are banned\n|rule|Endless Battle Clause: Forcing endless battles is banned\n|rule|HP Percentage Mod: HP is shown in percentages\n|clearpoke\n|poke|p1|Baxcalibur, M|\n|poke|p1|Glimmora, M|\n|poke|p1|Jirachi|\n|poke|p1|Ditto|\n|poke|p1|Dragapult, M|\n|poke|p1|Shaymin-Sky|\n|poke|p2|Iron Hands|\n|poke|p2|Kyogre|\n|poke|p2|Chien-Pao|\n|poke|p2|Donphan, M|\n|poke|p2|Miraidon|\n|poke|p2|Iron Moth|\n|teampreview\n|inactive|Battle timer is ON: inactive players will automatically lose when time's up. (requested by Anne Frankkkk)\n|\n|t:|1697910405\n|start\n|switch|p1a: Glimmora|Glimmora, M|100\/100\n|switch|p2a: Kyogre|Kyogre|100\/100\n|-weather|RainDance|[from] ability: Drizzle|[of] p2a: Kyogre\n|turn|1\n|\n|t:|1697910422\n|move|p2a: Kyogre|Water Spout|p1a: Glimmora\n|-supereffective|p1a: Glimmora\n|-damage|p1a: Glimmora|0 fnt\n|faint|p1a: Glimmora\n|\n|-weather|RainDance|[upkeep]\n|upkeep\n|\n|t:|1697910435\n|switch|p1a: Baxcalibur|Baxcalibur, M|100\/100\n|turn|2\n|\n|t:|1697910453\n|move|p2a: Kyogre|Water Spout|p1a: Baxcalibur\n|-resisted|p1a: Baxcalibur\n|-damage|p1a: Baxcalibur|23\/100\n|move|p1a: Baxcalibur|Dragon Dance|p1a: Baxcalibur\n|-boost|p1a: Baxcalibur|atk|1\n|-boost|p1a: Baxcalibur|spe|1\n|\n|-weather|RainDance|[upkeep]\n|upkeep\n|turn|3\n|\n|t:|1697910471\n|move|p2a: Kyogre|Water Spout|p1a: Baxcalibur\n|-resisted|p1a: Baxcalibur\n|-damage|p1a: Baxcalibur|0 fnt\n|faint|p1a: Baxcalibur\n|\n|-weather|RainDance|[upkeep]\n|upkeep\n|\n|t:|1697910485\n|switch|p1a: Jirachi|Jirachi|100\/100\n|turn|4\n|\n|t:|1697910496\n|move|p2a: Kyogre|Water Spout|p1a: Jirachi\n|-damage|p1a: Jirachi|0 fnt\n|faint|p1a: Jirachi\n|\n|-weather|RainDance|[upkeep]\n|upkeep\n|\n|t:|1697910501\n|switch|p1a: Ditto|Ditto|100\/100\n|-transform|p1a: Ditto|p2a: Kyogre|[from] ability: Imposter\n|turn|5\n|\n|t:|1697910506\n|switch|p2a: Iron Hands|Iron Hands, shiny|100\/100\n|move|p1a: Ditto|Thunder|p2a: Iron Hands\n|-resisted|p2a: Iron Hands\n|-damage|p2a: Iron Hands|87\/100\n|\n|-weather|none\n|upkeep\n|turn|6\n|\n|t:|1697910514\n|switch|p1a: Dragapult|Dragapult, M|100\/100\n|move|p2a: Iron Hands|Wild Charge|p1a: Dragapult\n|-resisted|p1a: Dragapult\n|-damage|p1a: Dragapult|65\/100\n|-damage|p2a: Iron Hands|81\/100|[from] Recoil\n|\n|upkeep\n|turn|7\n|\n|t:|1697910525\n|-terastallize|p1a: Dragapult|Dragon\n|move|p1a: Dragapult|Dragon Darts|p2a: Iron Hands\n|-damage|p2a: Iron Hands|61\/100\n|-anim|p1a: Dragapult|Dragon Darts|p2a: Iron Hands\n|-damage|p2a: Iron Hands|41\/100\n|move|p2a: Iron Hands|Heavy Slam|p1a: Dragapult\n|-damage|p1a: Dragapult|0 fnt\n|faint|p1a: Dragapult\n|\n|upkeep\n|\n|t:|1697910535\n|switch|p1a: Ditto|Ditto|100\/100\n|-transform|p1a: Ditto|p2a: Iron Hands|[from] ability: Imposter\n|turn|8\n|\n|t:|1697910547\n|move|p1a: Ditto|Heavy Slam|p2a: Iron Hands\n|-resisted|p2a: Iron Hands\n|-damage|p2a: Iron Hands|36\/100\n|move|p2a: Iron Hands|Drain Punch|p1a: Ditto\n|-damage|p1a: Ditto|52\/100\n|-heal|p2a: Iron Hands|50\/100|[from] drain|[of] p1a: Ditto\n|\n|upkeep\n|turn|9\n|-message|koko0603 forfeited.\n|\n|win|Anne Frankkkk\n|raw|koko0603's rating: 1074 &rarr; <strong>1055<\/strong><br \/>(-19 for losing)\n|raw|Anne Frankkkk's rating: 1114 &rarr; <strong>1136<\/strong><br \/>(+22 for winning)\n|l|\u2606koko0603\n","uploadtime":1697910556,"views":8,"p1id":"koko0603","p2id":"annefrankkkk","formatid":"gen9ubers","rating":1055,"private":0,"password":""}