{"id":"gen9ubers-1994182732","p1":"gettominated","p2":"Nelsonesstilo","format":"[Gen 9] Ubers","log":"|j|\u2606gettominated\n|j|\u2606Nelsonesstilo\n|t:|1700416277\n|gametype|singles\n|player|p1|gettominated|265|1061\n|player|p2|Nelsonesstilo|gambler|1004\n|teamsize|p1|6\n|teamsize|p2|6\n|gen|9\n|tier|[Gen 9] Ubers\n|rated|\n|rule|Sleep Clause Mod: Limit one foe put to sleep\n|rule|Species Clause: Limit one of each Pok\u00e9mon\n|rule|OHKO Clause: OHKO moves are banned\n|rule|Evasion Items Clause: Evasion items are banned\n|rule|Evasion Moves Clause: Evasion moves are banned\n|rule|Endless Battle Clause: Forcing endless battles is banned\n|rule|HP Percentage Mod: HP is shown in percentages\n|clearpoke\n|poke|p1|Chien-Pao|\n|poke|p1|Gholdengo|\n|poke|p1|Tyranitar, M|\n|poke|p1|Quaquaval, M|\n|poke|p1|Amoonguss, M|\n|poke|p1|Iron Treads|\n|poke|p2|Toxapex, F|\n|poke|p2|Tyranitar, F|\n|poke|p2|Garchomp, M|\n|poke|p2|Tinkaton, F|\n|poke|p2|Toedscruel, M|\n|poke|p2|Lucario, M|\n|teampreview\n|\n|t:|1700416290\n|start\n|switch|p1a: Gholdengo|Gholdengo|100\/100\n|switch|p2a: Toxapex|Toxapex, F, shiny|100\/100\n|turn|1\n|\n|t:|1700416299\n|move|p1a: Gholdengo|Make It Rain|p2a: Toxapex\n|-resisted|p2a: Toxapex\n|-damage|p2a: Toxapex|69\/100\n|-unboost|p1a: Gholdengo|spa|1\n|move|p2a: Toxapex|Toxic Spikes|p1a: Gholdengo\n|-sidestart|p1: gettominated|move: Toxic Spikes\n|\n|-heal|p2a: Toxapex|75\/100|[from] item: Leftovers\n|upkeep\n|turn|2\n|\n|t:|1700416310\n|move|p1a: Gholdengo|Shadow Ball|p2a: Toxapex\n|-damage|p2a: Toxapex|44\/100\n|move|p2a: Toxapex|Recover|p2a: Toxapex\n|-heal|p2a: Toxapex|94\/100\n|\n|-heal|p2a: Toxapex|99\/100|[from] item: Leftovers\n|upkeep\n|turn|3\n|\n|t:|1700416319\n|move|p1a: Gholdengo|Nasty Plot|p1a: Gholdengo\n|-boost|p1a: Gholdengo|spa|2\n|move|p2a: Toxapex|Toxic Spikes|p1a: Gholdengo\n|-sidestart|p1: gettominated|move: Toxic Spikes\n|\n|-heal|p2a: Toxapex|100\/100|[from] item: Leftovers\n|upkeep\n|turn|4\n|\n|t:|1700416327\n|move|p1a: Gholdengo|Shadow Ball|p2a: Toxapex\n|-damage|p2a: Toxapex|37\/100\n|move|p2a: Toxapex|Chilling Water|p1a: Gholdengo\n|-damage|p1a: Gholdengo|92\/100\n|-unboost|p1a: Gholdengo|atk|1\n|\n|-heal|p1a: Gholdengo|98\/100|[from] item: Leftovers\n|-heal|p2a: Toxapex|43\/100|[from] item: Leftovers\n|upkeep\n|turn|5\n|\n|t:|1700416345\n|move|p1a: Gholdengo|Shadow Ball|p2a: Toxapex\n|-damage|p2a: Toxapex|0 fnt\n|faint|p2a: Toxapex\n|\n|-heal|p1a: Gholdengo|100\/100|[from] item: Leftovers\n|upkeep\n|\n|t:|1700416355\n|switch|p2a: Garchomp|Garchomp, M|100\/100\n|turn|6\n|\n|t:|1700416360\n|move|p2a: Garchomp|Earthquake|p1a: Gholdengo\n|-supereffective|p1a: Gholdengo\n|-damage|p1a: Gholdengo|0 fnt\n|faint|p1a: Gholdengo\n|-damage|p2a: Garchomp|91\/100|[from] item: Life Orb\n|\n|upkeep\n|\n|t:|1700416366\n|switch|p1a: Tyranitar|Tyranitar, M|100\/100\n|-status|p1a: Tyranitar|tox\n|-weather|Sandstorm|[from] ability: Sand Stream|[of] p1a: Tyranitar\n|turn|7\n|\n|t:|1700416376\n|switch|p2a: Tinkaton|Tinkaton, F|100\/100\n|move|p1a: Tyranitar|Earthquake|p2a: Tinkaton\n|-supereffective|p2a: Tinkaton\n|-damage|p2a: Tinkaton|17\/100\n|\n|-weather|Sandstorm|[upkeep]\n|-damage|p1a: Tyranitar|94\/100 tox|[from] psn\n|upkeep\n|turn|8\n|\n|t:|1700416387\n|move|p2a: Tinkaton|Gigaton Hammer|p1a: Tyranitar\n|-supereffective|p1a: Tyranitar\n|-damage|p1a: Tyranitar|0 fnt\n|faint|p1a: Tyranitar\n|-damage|p2a: Tinkaton|7\/100|[from] item: Life Orb\n|\n|-weather|Sandstorm|[upkeep]\n|upkeep\n|\n|t:|1700416394\n|switch|p1a: Chien-Pao|Chien-Pao|100\/100\n|-status|p1a: Chien-Pao|tox\n|-ability|p1a: Chien-Pao|Sword of Ruin\n|turn|9\n|\n|t:|1700416408\n|move|p1a: Chien-Pao|Sucker Punch|p2a: Tinkaton\n|-resisted|p2a: Tinkaton\n|-damage|p2a: Tinkaton|0 fnt\n|faint|p2a: Tinkaton\n|\n|-weather|Sandstorm|[upkeep]\n|-damage|p1a: Chien-Pao|95\/100 tox|[from] Sandstorm\n|-damage|p1a: Chien-Pao|89\/100 tox|[from] psn\n|upkeep\n|inactive|Battle timer is ON: inactive players will automatically lose when time's up. (requested by gettominated)\n|\n|t:|1700416423\n|switch|p2a: Lucario|Lucario, M|100\/100\n|turn|10\n|\n|t:|1700416431\n|move|p2a: Lucario|Close Combat|p1a: Chien-Pao\n|-supereffective|p1a: Chien-Pao\n|-damage|p1a: Chien-Pao|0 fnt\n|-unboost|p2a: Lucario|def|1\n|-unboost|p2a: Lucario|spd|1\n|faint|p1a: Chien-Pao\n|\n|-weather|Sandstorm|[upkeep]\n|upkeep\n|\n|t:|1700416441\n|switch|p1a: Quaquaval|Quaquaval, M|100\/100\n|-status|p1a: Quaquaval|tox\n|turn|11\n|\n|t:|1700416452\n|move|p2a: Lucario|Close Combat|p1a: Quaquaval\n|-damage|p1a: Quaquaval|39\/100 tox\n|-unboost|p2a: Lucario|def|1\n|-unboost|p2a: Lucario|spd|1\n|move|p1a: Quaquaval|Bulk Up|p1a: Quaquaval\n|-boost|p1a: Quaquaval|atk|1\n|-boost|p1a: Quaquaval|def|1\n|\n|-weather|none\n|-damage|p1a: Quaquaval|33\/100 tox|[from] psn\n|upkeep\n|turn|12\n|\n|t:|1700416466\n|move|p2a: Lucario|Close Combat|p1a: Quaquaval\n|-damage|p1a: Quaquaval|0 fnt\n|-unboost|p2a: Lucario|def|1\n|-unboost|p2a: Lucario|spd|1\n|faint|p1a: Quaquaval\n|\n|upkeep\n|\n|t:|1700416473\n|switch|p1a: Iron Treads|Iron Treads|100\/100\n|turn|13\n|\n|t:|1700416480\n|move|p2a: Lucario|Close Combat|p1a: Iron Treads\n|-supereffective|p1a: Iron Treads\n|-damage|p1a: Iron Treads|42\/100\n|-unboost|p2a: Lucario|def|1\n|-unboost|p2a: Lucario|spd|1\n|move|p1a: Iron Treads|Stealth Rock|p2a: Lucario\n|-sidestart|p2: Nelsonesstilo|move: Stealth Rock\n|\n|-heal|p1a: Iron Treads|48\/100|[from] item: Leftovers\n|upkeep\n|turn|14\n|\n|t:|1700416492\n|move|p2a: Lucario|Close Combat|p1a: Iron Treads\n|-supereffective|p1a: Iron Treads\n|-damage|p1a: Iron Treads|0 fnt\n|-unboost|p2a: Lucario|def|1\n|-unboost|p2a: Lucario|spd|1\n|faint|p1a: Iron Treads\n|-end|p1a: Iron Treads|Quark Drive|[silent]\n|\n|upkeep\n|\n|t:|1700416499\n|switch|p1a: Amoonguss|Amoonguss, M, shiny|100\/100\n|-sideend|p1: gettominated|move: Toxic Spikes|[of] p1a: Amoonguss\n|turn|15\n|\n|t:|1700416506\n|move|p2a: Lucario|Close Combat|p1a: Amoonguss\n|-resisted|p1a: Amoonguss\n|-damage|p1a: Amoonguss|81\/100\n|-unboost|p2a: Lucario|def|1\n|-unboost|p2a: Lucario|spd|1\n|move|p1a: Amoonguss|Sludge Bomb|p2a: Lucario\n|-immune|p2a: Lucario\n|\n|-heal|p1a: Amoonguss|87\/100|[from] item: Black Sludge\n|upkeep\n|turn|16\n|\n|t:|1700416517\n|move|p2a: Lucario|Close Combat|p1a: Amoonguss\n|-resisted|p1a: Amoonguss\n|-damage|p1a: Amoonguss|68\/100\n|move|p1a: Amoonguss|Giga Drain|p2a: Lucario\n|-resisted|p2a: Lucario\n|-damage|p2a: Lucario|31\/100\n|-heal|p1a: Amoonguss|91\/100|[from] drain|[of] p2a: Lucario\n|\n|-heal|p1a: Amoonguss|97\/100|[from] item: Black Sludge\n|upkeep\n|turn|17\n|\n|t:|1700416529\n|move|p2a: Lucario|Close Combat|p1a: Amoonguss\n|-resisted|p1a: Amoonguss\n|-damage|p1a: Amoonguss|78\/100\n|move|p1a: Amoonguss|Giga Drain|p2a: Lucario\n|-resisted|p2a: Lucario\n|-damage|p2a: Lucario|0 fnt\n|-heal|p1a: Amoonguss|88\/100|[from] drain|[of] p2a: Lucario\n|faint|p2a: Lucario\n|\n|-heal|p1a: Amoonguss|94\/100|[from] item: Black Sludge\n|upkeep\n|\n|t:|1700416536\n|switch|p2a: Tyranitar|Tyranitar, F|100\/100\n|-damage|p2a: Tyranitar|88\/100|[from] Stealth Rock\n|-weather|Sandstorm|[from] ability: Sand Stream|[of] p2a: Tyranitar\n|turn|18\n|\n|t:|1700416545\n|move|p2a: Tyranitar|Body Press|p1a: Amoonguss\n|-resisted|p1a: Amoonguss\n|-damage|p1a: Amoonguss|86\/100\n|move|p1a: Amoonguss|Giga Drain|p2a: Tyranitar\n|-supereffective|p2a: Tyranitar\n|-damage|p2a: Tyranitar|70\/100\n|-heal|p1a: Amoonguss|93\/100|[from] drain|[of] p2a: Tyranitar\n|\n|-weather|Sandstorm|[upkeep]\n|-damage|p1a: Amoonguss|87\/100|[from] Sandstorm\n|-heal|p1a: Amoonguss|93\/100|[from] item: Black Sludge\n|upkeep\n|turn|19\n|\n|t:|1700416556\n|move|p2a: Tyranitar|Crunch|p1a: Amoonguss\n|-damage|p1a: Amoonguss|62\/100\n|move|p1a: Amoonguss|Toxic|p2a: Tyranitar\n|-status|p2a: Tyranitar|tox\n|\n|-weather|Sandstorm|[upkeep]\n|-damage|p1a: Amoonguss|56\/100|[from] Sandstorm\n|-heal|p1a: Amoonguss|62\/100|[from] item: Black Sludge\n|-damage|p2a: Tyranitar|64\/100 tox|[from] psn\n|upkeep\n|turn|20\n|\n|t:|1700416568\n|move|p2a: Tyranitar|Crunch|p1a: Amoonguss\n|-damage|p1a: Amoonguss|33\/100\n|move|p1a: Amoonguss|Giga Drain|p2a: Tyranitar\n|-supereffective|p2a: Tyranitar\n|-damage|p2a: Tyranitar|46\/100 tox\n|-heal|p1a: Amoonguss|40\/100|[from] drain|[of] p2a: Tyranitar\n|\n|-weather|Sandstorm|[upkeep]\n|-damage|p1a: Amoonguss|33\/100|[from] Sandstorm\n|-heal|p1a: Amoonguss|40\/100|[from] item: Black Sludge\n|-damage|p2a: Tyranitar|34\/100 tox|[from] psn\n|upkeep\n|turn|21\n|\n|t:|1700416579\n|move|p2a: Tyranitar|Crunch|p1a: Amoonguss\n|-damage|p1a: Amoonguss|12\/100\n|move|p1a: Amoonguss|Giga Drain|p2a: Tyranitar\n|-supereffective|p2a: Tyranitar\n|-damage|p2a: Tyranitar|17\/100 tox\n|-heal|p1a: Amoonguss|19\/100|[from] drain|[of] p2a: Tyranitar\n|\n|-weather|Sandstorm|[upkeep]\n|-damage|p1a: Amoonguss|12\/100|[from] Sandstorm\n|-heal|p1a: Amoonguss|19\/100|[from] item: Black Sludge\n|-damage|p2a: Tyranitar|0 fnt|[from] psn\n|faint|p2a: Tyranitar\n|upkeep\n|\n|t:|1700416592\n|switch|p2a: Toedscruel|Toedscruel, M|100\/100\n|-damage|p2a: Toedscruel|94\/100|[from] Stealth Rock\n|turn|22\n|\n|t:|1700416599\n|-terastallize|p1a: Amoonguss|Steel\n|move|p2a: Toedscruel|Giga Drain|p1a: Amoonguss\n|-resisted|p1a: Amoonguss\n|-damage|p1a: Amoonguss|9\/100\n|-heal|p2a: Toedscruel|99\/100|[from] drain|[of] p1a: Amoonguss\n|move|p1a: Amoonguss|Giga Drain|p2a: Toedscruel\n|-damage|p2a: Toedscruel|85\/100\n|-heal|p1a: Amoonguss|16\/100|[from] drain|[of] p2a: Toedscruel\n|\n|-weather|none\n|-heal|p2a: Toedscruel|91\/100|[from] item: Leftovers\n|-damage|p1a: Amoonguss|3\/100|[from] item: Black Sludge\n|upkeep\n|turn|23\n|\n|t:|1700416616\n|move|p2a: Toedscruel|Earth Power|p1a: Amoonguss\n|-supereffective|p1a: Amoonguss\n|-damage|p1a: Amoonguss|0 fnt\n|faint|p1a: Amoonguss\n|\n|win|Nelsonesstilo\n|raw|gettominated's rating: 1061 &rarr; <strong>1039<\/strong><br \/>(-22 for losing)\n|raw|Nelsonesstilo's rating: 1004 &rarr; <strong>1050<\/strong><br \/>(+46 for winning)\n","uploadtime":1700416622,"views":4,"p1id":"gettominated","p2id":"nelsonesstilo","formatid":"gen9ubers","rating":1039,"private":0,"password":""}