{"id":"gen9ubers-1997391691","p1":"Reduyan","p2":"killerpm11","format":"[Gen 9] Ubers","log":"|j|\u2606Reduyan\n|j|\u2606killerpm11\n|t:|1700798135\n|gametype|singles\n|player|p1|Reduyan|265|\n|player|p2|killerpm11|1|\n|teamsize|p1|6\n|teamsize|p2|6\n|gen|9\n|tier|[Gen 9] Ubers\n|rated|Tournament battle\n|rule|Sleep Clause Mod: Limit one foe put to sleep\n|rule|Species Clause: Limit one of each Pok\u00e9mon\n|rule|OHKO Clause: OHKO moves are banned\n|rule|Evasion Items Clause: Evasion items are banned\n|rule|Evasion Moves Clause: Evasion moves are banned\n|rule|Endless Battle Clause: Forcing endless battles is banned\n|rule|HP Percentage Mod: HP is shown in percentages\n|clearpoke\n|poke|p1|Koraidon|\n|poke|p1|Rayquaza|\n|poke|p1|Eternatus|\n|poke|p1|Landorus-Therian, M|\n|poke|p1|Zacian-*|\n|poke|p1|Ting-Lu|\n|poke|p2|Arceus|\n|poke|p2|Landorus, M|\n|poke|p2|Miraidon|\n|poke|p2|Calyrex-Ice|\n|poke|p2|Mewtwo|\n|poke|p2|Ursaluna-Bloodmoon, M|\n|teampreview\n|c|\u2606killerpm11|glhf\n|inactive|Battle timer is ON: inactive players will automatically lose when time's up. (requested by killerpm11)\n|c|\u2606Reduyan|U2\n|\n|t:|1700798170\n|start\n|switch|p1a: Koraidon|Koraidon|100\/100\n|switch|p2a: Landorus|Landorus, M|100\/100\n|-weather|SunnyDay|[from] ability: Orichalcum Pulse|[of] p1a: Koraidon\n|-activate|p1a: Koraidon|Orichalcum Pulse|[source]\n|turn|1\n|\n|t:|1700798193\n|move|p1a: Koraidon|U-turn|p2a: Landorus\n|-resisted|p2a: Landorus\n|-damage|p2a: Landorus|81\/100\n|\n|t:|1700798205\n|switch|p1a: Eternatus|Eternatus|100\/100|[from] U-turn\n|-ability|p1a: Eternatus|Pressure\n|move|p2a: Landorus|Stealth Rock|p1a: Eternatus\n|-sidestart|p1: Reduyan|move: Stealth Rock\n|\n|-weather|SunnyDay|[upkeep]\n|upkeep\n|turn|2\n|\n|t:|1700798211\n|move|p1a: Eternatus|Dynamax Cannon|p2a: Landorus\n|-damage|p2a: Landorus|0 fnt\n|faint|p2a: Landorus\n|-damage|p1a: Eternatus|91\/100|[from] item: Life Orb\n|\n|-weather|SunnyDay|[upkeep]\n|upkeep\n|\n|t:|1700798215\n|switch|p2a: Calyrex|Calyrex-Ice|100\/100\n|-ability|p2a: Calyrex|As One\n|-ability|p2a: Calyrex|Unnerve\n|turn|3\n|\n|t:|1700798223\n|move|p1a: Eternatus|Flamethrower|p2a: Calyrex\n|-supereffective|p2a: Calyrex\n|-damage|p2a: Calyrex|5\/100\n|-damage|p1a: Eternatus|81\/100|[from] item: Life Orb\n|move|p2a: Calyrex|Trick Room|p2a: Calyrex\n|-fieldstart|move: Trick Room|[of] p2a: Calyrex\n|\n|-weather|SunnyDay|[upkeep]\n|upkeep\n|turn|4\n|\n|t:|1700798249\n|-terastallize|p1a: Eternatus|Steel\n|move|p2a: Calyrex|Glacial Lance|p1a: Eternatus\n|-resisted|p1a: Eternatus\n|-damage|p1a: Eternatus|46\/100\n|move|p1a: Eternatus|Recover|p1a: Eternatus\n|-heal|p1a: Eternatus|96\/100\n|\n|-weather|SunnyDay|[upkeep]\n|upkeep\n|turn|5\n|inactive|Reduyan has 120 seconds left.\n|\n|t:|1700798264\n|move|p2a: Calyrex|Close Combat|p1a: Eternatus\n|-supereffective|p1a: Eternatus\n|-damage|p1a: Eternatus|0 fnt\n|-unboost|p2a: Calyrex|def|1\n|-unboost|p2a: Calyrex|spd|1\n|faint|p1a: Eternatus\n|-ability|p2a: Calyrex|Chilling Neigh|boost\n|-boost|p2a: Calyrex|atk|1\n|\n|-weather|none\n|upkeep\n|inactive|Reduyan has 120 seconds left.\n|\n|t:|1700798272\n|switch|p1a: Rayquaza|Rayquaza, shiny|100\/100\n|-damage|p1a: Rayquaza|76\/100|[from] Stealth Rock\n|-ability|p1a: Rayquaza|Air Lock\n|turn|6\n|\n|t:|1700798283\n|move|p1a: Rayquaza|Extreme Speed|p2a: Calyrex\n|-damage|p2a: Calyrex|0 fnt\n|faint|p2a: Calyrex\n|\n|upkeep\n|\n|t:|1700798285\n|switch|p2a: Ursaluna|Ursaluna-Bloodmoon, M|100\/100\n|turn|7\n|inactive|Reduyan has 120 seconds left.\n|\n|t:|1700798314\n|switch|p1a: Zacian|Zacian-Crowned|100\/100\n|-damage|p1a: Zacian|94\/100|[from] Stealth Rock\n|-ability|p1a: Zacian|Intrepid Sword|boost\n|-boost|p1a: Zacian|atk|1\n|move|p2a: Ursaluna|Blood Moon|p1a: Zacian\n|-resisted|p1a: Zacian\n|-damage|p1a: Zacian|53\/100\n|\n|-fieldend|move: Trick Room\n|upkeep\n|turn|8\n|inactive|Reduyan has 120 seconds left.\n|\n|t:|1700798341\n|switch|p2a: Miraidon|Miraidon|100\/100\n|-fieldstart|move: Electric Terrain|[from] ability: Hadron Engine|[of] p2a: Miraidon\n|move|p1a: Zacian|Swords Dance|p1a: Zacian\n|-boost|p1a: Zacian|atk|2\n|\n|upkeep\n|turn|9\n|\n|t:|1700798354\n|-terastallize|p2a: Miraidon|Water\n|move|p1a: Zacian|Play Rough|p2a: Miraidon\n|-damage|p2a: Miraidon|0 fnt\n|faint|p2a: Miraidon\n|\n|upkeep\n|\n|t:|1700798359\n|switch|p2a: Mewtwo|Mewtwo|100\/100\n|-ability|p2a: Mewtwo|Pressure\n|turn|10\n|\n|t:|1700798364\n|move|p1a: Zacian|Behemoth Blade|p2a: Mewtwo\n|-enditem|p2a: Mewtwo|Focus Sash\n|-damage|p2a: Mewtwo|1\/100\n|move|p2a: Mewtwo|Trick Room|p2a: Mewtwo\n|-fieldstart|move: Trick Room|[of] p2a: Mewtwo\n|\n|upkeep\n|turn|11\n|inactive|Reduyan has 120 seconds left.\n|\n|t:|1700798373\n|move|p2a: Mewtwo|Aura Sphere|p1a: Zacian\n|-damage|p1a: Zacian|19\/100\n|move|p1a: Zacian|Behemoth Blade|p2a: Mewtwo\n|-damage|p2a: Mewtwo|0 fnt\n|faint|p2a: Mewtwo\n|\n|upkeep\n|\n|t:|1700798376\n|switch|p2a: Ursaluna|Ursaluna-Bloodmoon, M|100\/100\n|turn|12\n|\n|t:|1700798383\n|switch|p1a: Ting-Lu|Ting-Lu|100\/100\n|-damage|p1a: Ting-Lu|94\/100|[from] Stealth Rock\n|-ability|p1a: Ting-Lu|Vessel of Ruin\n|move|p2a: Ursaluna|Hyper Voice|p1a: Ting-Lu\n|-damage|p1a: Ting-Lu|71\/100\n|-enditem|p2a: Ursaluna|Throat Spray\n|-boost|p2a: Ursaluna|spa|1|[from] item: Throat Spray\n|\n|-heal|p1a: Ting-Lu|77\/100|[from] item: Leftovers\n|-fieldend|move: Electric Terrain\n|upkeep\n|turn|13\n|\n|t:|1700798400\n|move|p2a: Ursaluna|Moonblast|p1a: Ting-Lu\n|-supereffective|p1a: Ting-Lu\n|-damage|p1a: Ting-Lu|30\/100\n|move|p1a: Ting-Lu|Whirlwind|p2a: Ursaluna\n|drag|p2a: Arceus|Arceus, shiny|100\/100\n|\n|-heal|p1a: Ting-Lu|36\/100|[from] item: Leftovers\n|upkeep\n|turn|14\n|\n|t:|1700798412\n|switch|p1a: Koraidon|Koraidon|100\/100\n|-damage|p1a: Koraidon|94\/100|[from] Stealth Rock\n|-weather|SunnyDay|[from] ability: Orichalcum Pulse|[of] p1a: Koraidon\n|-activate|p1a: Koraidon|Orichalcum Pulse|[source]\n|move|p2a: Arceus|Swords Dance|p2a: Arceus\n|-boost|p2a: Arceus|atk|2\n|\n|-weather|SunnyDay|[upkeep]\n|-fieldend|move: Trick Room\n|upkeep\n|turn|15\n|\n|t:|1700798418\n|move|p2a: Arceus|Extreme Speed|p1a: Koraidon\n|-damage|p1a: Koraidon|6\/100\n|move|p1a: Koraidon|Low Kick|p2a: Arceus\n|-supereffective|p2a: Arceus\n|-damage|p2a: Arceus|0 fnt\n|faint|p2a: Arceus\n|\n|-weather|SunnyDay|[upkeep]\n|upkeep\n|\n|t:|1700798423\n|switch|p2a: Ursaluna|Ursaluna-Bloodmoon, M|100\/100\n|turn|16\n|c|\u2606killerpm11|gg\n|\n|t:|1700798429\n|move|p1a: Koraidon|Low Kick|p2a: Ursaluna\n|-supereffective|p2a: Ursaluna\n|-damage|p2a: Ursaluna|0 fnt\n|faint|p2a: Ursaluna\n|\n|win|Reduyan\n|n|\u2606Reduyan|reduyan\n|n|\u2606killerpm11|killerpm11\n","uploadtime":1700798430,"views":5,"p1id":"reduyan","p2id":"killerpm11","formatid":"gen9ubers","rating":0,"private":0,"password":""}