{"id":"gen9ubers-1982869254","p1":"TubeKnight","p2":"adpg.alt","format":"[Gen 9] Ubers","log":"|j|\u2606TubeKnight\n|j|\u2606adpg.alt\n|t:|1699053147\n|gametype|singles\n|player|p1|TubeKnight|2|\n|player|p2|adpg.alt|hilbert-wonderlauncher|\n|teamsize|p1|6\n|teamsize|p2|6\n|gen|9\n|tier|[Gen 9] Ubers\n|rule|Sleep Clause Mod: Limit one foe put to sleep\n|rule|Species Clause: Limit one of each Pok\u00e9mon\n|rule|OHKO Clause: OHKO moves are banned\n|rule|Evasion Items Clause: Evasion items are banned\n|rule|Evasion Moves Clause: Evasion moves are banned\n|rule|Endless Battle Clause: Forcing endless battles is banned\n|rule|HP Percentage Mod: HP is shown in percentages\n|clearpoke\n|poke|p1|Chi-Yu|\n|poke|p1|Masquerain, F|\n|poke|p1|Cyclizar, F|\n|poke|p1|Gholdengo|\n|poke|p1|Baxcalibur, F|\n|poke|p1|Alomomola, F|\n|poke|p2|Ninetales-Alola, F|\n|poke|p2|Baxcalibur, M|\n|poke|p2|Arceus-Ghost|\n|poke|p2|Zacian-*|\n|poke|p2|Espathra, M|\n|poke|p2|Urshifu-*, F|\n|teampreview\n|inactive|Battle timer is ON: inactive players will automatically lose when time's up. (requested by TubeKnight)\n|c|\u2606TubeKnight|glhf\n|\n|t:|1699053163\n|start\n|switch|p1a: Masquerain|Masquerain, F, shiny|100\/100\n|switch|p2a: Anales|Ninetales-Alola, F, shiny|100\/100\n|-weather|Snow|[from] ability: Snow Warning|[of] p2a: Anales\n|-ability|p1a: Masquerain|Intimidate|boost\n|-unboost|p2a: Anales|atk|1\n|turn|1\n|c|\u2606adpg.alt|U2\n|\n|t:|1699053176\n|move|p2a: Anales|Aurora Veil|p2a: Anales\n|-sidestart|p2: adpg.alt|move: Aurora Veil\n|move|p1a: Masquerain|Sticky Web|p2a: Anales\n|-sidestart|p2: adpg.alt|move: Sticky Web\n|\n|-weather|Snow|[upkeep]\n|upkeep\n|turn|2\n|\n|t:|1699053186\n|move|p2a: Anales|Encore|p1a: Masquerain\n|-start|p1a: Masquerain|Encore\n|move|p1a: Masquerain|Sticky Web||[still]\n|-fail|p1a: Masquerain\n|\n|-weather|Snow|[upkeep]\n|upkeep\n|turn|3\n|\n|t:|1699053192\n|switch|p2a: Excalibur|Baxcalibur, M|100\/100\n|-activate|p2a: Excalibur|move: Sticky Web\n|-unboost|p2a: Excalibur|spe|1\n|switch|p1a: Gholdengo|Gholdengo|100\/100\n|\n|-weather|Snow|[upkeep]\n|upkeep\n|turn|4\n|\n|t:|1699053210\n|-terastallize|p2a: Excalibur|Poison\n|move|p1a: Gholdengo|Make It Rain|p2a: Excalibur\n|-damage|p2a: Excalibur|65\/100\n|-unboost|p1a: Gholdengo|spa|1\n|move|p2a: Excalibur|Dragon Dance|p2a: Excalibur\n|-boost|p2a: Excalibur|atk|1\n|-boost|p2a: Excalibur|spe|1\n|\n|-weather|Snow|[upkeep]\n|upkeep\n|turn|5\n|\n|t:|1699053221\n|switch|p1a: Masquerain|Masquerain, F, shiny|100\/100\n|-ability|p1a: Masquerain|Intimidate|boost\n|-unboost|p2a: Excalibur|atk|1\n|move|p2a: Excalibur|Dragon Dance|p2a: Excalibur\n|-boost|p2a: Excalibur|atk|1\n|-boost|p2a: Excalibur|spe|1\n|\n|-weather|none\n|upkeep\n|turn|6\n|\n|t:|1699053230\n|move|p2a: Excalibur|Icicle Spear|p1a: Masquerain\n|-supereffective|p1a: Masquerain\n|-damage|p1a: Masquerain|41\/100\n|-supereffective|p1a: Masquerain\n|-damage|p1a: Masquerain|0 fnt\n|faint|p1a: Masquerain\n|-hitcount|p1: Masquerain|2\n|\n|upkeep\n|c|\u2606TubeKnight|oops\n|inactive|TubeKnight has 270 seconds left.\n|\n|t:|1699053274\n|switch|p1a: Baxcalibur|Baxcalibur, F, shiny|100\/100\n|turn|7\n|\n|t:|1699053286\n|-terastallize|p1a: Baxcalibur|Fire\n|move|p2a: Excalibur|Icicle Spear|p1a: Baxcalibur\n|-resisted|p1a: Baxcalibur\n|-damage|p1a: Baxcalibur|90\/100\n|-resisted|p1a: Baxcalibur\n|-damage|p1a: Baxcalibur|79\/100\n|-resisted|p1a: Baxcalibur\n|-damage|p1a: Baxcalibur|69\/100\n|-resisted|p1a: Baxcalibur\n|-crit|p1a: Baxcalibur\n|-damage|p1a: Baxcalibur|54\/100\n|-resisted|p1a: Baxcalibur\n|-damage|p1a: Baxcalibur|44\/100\n|-hitcount|p1a: Baxcalibur|5\n|move|p1a: Baxcalibur|Scale Shot|p2a: Excalibur|[miss]\n|-miss|p1a: Baxcalibur|p2a: Excalibur\n|\n|upkeep\n|turn|8\n|c|\u2606TubeKnight|istfg\n|c|\u2606adpg.alt|Geez...\n|\n|t:|1699053308\n|move|p2a: Excalibur|Earthquake|p1a: Baxcalibur\n|-supereffective|p1a: Baxcalibur\n|-damage|p1a: Baxcalibur|0 fnt\n|faint|p1a: Baxcalibur\n|\n|-sideend|p2: adpg.alt|move: Aurora Veil\n|upkeep\n|\n|t:|1699053324\n|switch|p1a: Alomomola|Alomomola, F, shiny|100\/100\n|turn|9\n|\n|t:|1699053329\n|move|p2a: Excalibur|Dragon Dance|p2a: Excalibur\n|-boost|p2a: Excalibur|atk|1\n|-boost|p2a: Excalibur|spe|1\n|move|p1a: Alomomola|Wish|p1a: Alomomola\n|\n|upkeep\n|turn|10\n|\n|t:|1699053340\n|switch|p1a: Gholdengo|Gholdengo|100\/100\n|move|p2a: Excalibur|Scale Shot|p1a: Gholdengo\n|-resisted|p1a: Gholdengo\n|-damage|p1a: Gholdengo|85\/100\n|-resisted|p1a: Gholdengo\n|-damage|p1a: Gholdengo|70\/100\n|-resisted|p1a: Gholdengo\n|-damage|p1a: Gholdengo|55\/100\n|-resisted|p1a: Gholdengo\n|-damage|p1a: Gholdengo|38\/100\n|-hitcount|p1a: Gholdengo|4\n|-unboost|p2a: Excalibur|def|1\n|-boost|p2a: Excalibur|spe|1\n|\n|-heal|p1a: Gholdengo|100\/100|[from] move: Wish|[wisher] Alomomola\n|upkeep\n|turn|11\n|\n|t:|1699053356\n|move|p2a: Excalibur|Earthquake|p1a: Gholdengo\n|-supereffective|p1a: Gholdengo\n|-crit|p1a: Gholdengo\n|-damage|p1a: Gholdengo|0 fnt\n|faint|p1a: Gholdengo\n|\n|upkeep\n|\n|t:|1699053360\n|switch|p1a: Alomomola|Alomomola, F, shiny|100\/100\n|turn|12\n|\n|t:|1699053368\n|move|p2a: Excalibur|Scale Shot|p1a: Alomomola\n|-damage|p1a: Alomomola|86\/100\n|-damage|p1a: Alomomola|72\/100\n|-damage|p1a: Alomomola|55\/100\n|-damage|p1a: Alomomola|39\/100\n|-hitcount|p1a: Alomomola|4\n|-unboost|p2a: Excalibur|def|1\n|-boost|p2a: Excalibur|spe|1\n|move|p1a: Alomomola|Wish|p1a: Alomomola\n|\n|upkeep\n|turn|13\n|\n|t:|1699053382\n|switch|p1a: Chi-Yu|Chi-Yu|100\/100\n|-ability|p1a: Chi-Yu|Beads of Ruin\n|move|p2a: Excalibur|Scale Shot|p1a: Chi-Yu\n|-damage|p1a: Chi-Yu|51\/100\n|-damage|p1a: Chi-Yu|8\/100\n|-damage|p1a: Chi-Yu|0 fnt\n|faint|p1a: Chi-Yu\n|-hitcount|p1: Chi-Yu|3\n|-unboost|p2a: Excalibur|def|1\n|-boost|p2a: Excalibur|spe|1\n|\n|upkeep\n|\n|t:|1699053385\n|switch|p1a: Alomomola|Alomomola, F, shiny|73\/100\n|turn|14\n|\n|t:|1699053396\n|move|p2a: Excalibur|Scale Shot|p1a: Alomomola\n|-damage|p1a: Alomomola|57\/100\n|-damage|p1a: Alomomola|41\/100\n|-damage|p1a: Alomomola|26\/100\n|-damage|p1a: Alomomola|12\/100\n|-hitcount|p1a: Alomomola|4\n|-unboost|p2a: Excalibur|def|1\n|-boost|p2a: Excalibur|spe|1\n|move|p1a: Alomomola|Scald|p2a: Excalibur\n|-damage|p2a: Excalibur|51\/100\n|\n|upkeep\n|turn|15\n|\n|t:|1699053411\n|move|p2a: Excalibur|Icicle Spear|p1a: Alomomola\n|-resisted|p1a: Alomomola\n|-damage|p1a: Alomomola|4\/100\n|-resisted|p1a: Alomomola\n|-damage|p1a: Alomomola|0 fnt\n|faint|p1a: Alomomola\n|-hitcount|p1: Alomomola|2\n|\n|upkeep\n|\n|t:|1699053413\n|switch|p1a: Cyclizar|Cyclizar, F, shiny|100\/100\n|turn|16\n|c|\u2606TubeKnight|aight ggs\n|c|\u2606adpg.alt|GG\n|\n|t:|1699053423\n|move|p2a: Excalibur|Icicle Spear|p1a: Cyclizar\n|-supereffective|p1a: Cyclizar\n|-crit|p1a: Cyclizar\n|-damage|p1a: Cyclizar|0 fnt\n|faint|p1a: Cyclizar\n|-hitcount|p1: Cyclizar|1\n|\n|win|adpg.alt\n","uploadtime":1699053431,"views":6,"p1id":"tubeknight","p2id":"adpgalt","formatid":"gen9ubers","rating":0,"private":0,"password":""}