{"id":"gen9ubers-1973144041","p1":"Sonad~","p2":"darkmoju","format":"[Gen 9] Ubers","log":"|j|\u2606Sonad~\n|j|\u2606darkmoju\n|t:|1697932514\n|gametype|singles\n|player|p1|Sonad~|zinnia|\n|player|p2|darkmoju|ghetsis-gen5bw|\n|teamsize|p1|6\n|teamsize|p2|6\n|gen|9\n|tier|[Gen 9] Ubers\n|rule|Sleep Clause Mod: Limit one foe put to sleep\n|rule|Species Clause: Limit one of each Pok\u00e9mon\n|rule|OHKO Clause: OHKO moves are banned\n|rule|Evasion Items Clause: Evasion items are banned\n|rule|Evasion Moves Clause: Evasion moves are banned\n|rule|Endless Battle Clause: Forcing endless battles is banned\n|rule|HP Percentage Mod: HP is shown in percentages\n|clearpoke\n|poke|p1|Ursaluna-Bloodmoon, M|\n|poke|p1|Miraidon|\n|poke|p1|Shaymin-Sky|\n|poke|p1|Urshifu-*, M|\n|poke|p1|Chi-Yu|\n|poke|p1|Zacian-*|\n|poke|p2|Dialga-Origin|\n|poke|p2|Palkia-Origin|\n|poke|p2|Giratina-Origin|\n|poke|p2|Arceus|\n|poke|p2|Groudon|\n|poke|p2|Eternatus|\n|teampreview\n|j| Hand0fD00m\n|c|\u2606darkmoju|glhf\n|c|\u2606Sonad~|you too\n|c| Hand0fD00m|gl guys! thisll be a banger\n|\n|t:|1697932580\n|start\n|switch|p1a: Miraidon|Miraidon|100\/100\n|switch|p2a: Groudon|Groudon|100\/100\n|-fieldstart|move: Electric Terrain|[from] ability: Hadron Engine|[of] p1a: Miraidon\n|-weather|SunnyDay|[from] ability: Drought|[of] p2a: Groudon\n|turn|1\n|c| Hand0fD00m|and the winner faces me next\n|\n|t:|1697932592\n|switch|p1a: Shaymin|Shaymin-Sky|100\/100\n|move|p2a: Groudon|Spikes|p1a: Shaymin\n|-sidestart|p1: Sonad~|Spikes\n|\n|-weather|SunnyDay|[upkeep]\n|upkeep\n|turn|2\n|\n|t:|1697932604\n|move|p2a: Groudon|Protect|p2a: Groudon\n|-singleturn|p2a: Groudon|Protect\n|move|p1a: Shaymin|Seed Flare|p2a: Groudon\n|-activate|p2a: Groudon|move: Protect\n|\n|-weather|SunnyDay|[upkeep]\n|upkeep\n|turn|3\n|\n|t:|1697932618\n|switch|p2a: Eternatus|Eternatus|100\/100\n|-ability|p2a: Eternatus|Pressure\n|move|p1a: Shaymin|Seed Flare|p2a: Eternatus|[miss]\n|-miss|p1a: Shaymin|p2a: Eternatus\n|\n|-weather|SunnyDay|[upkeep]\n|upkeep\n|turn|4\n|\n|t:|1697932630\n|switch|p1a: Zacian|Zacian-Crowned|100\/100\n|-damage|p1a: Zacian|88\/100|[from] Spikes\n|-ability|p1a: Zacian|Intrepid Sword|boost\n|-boost|p1a: Zacian|atk|1\n|move|p2a: Eternatus|Sludge Bomb|p1a: Zacian\n|-immune|p1a: Zacian\n|\n|-weather|SunnyDay|[upkeep]\n|upkeep\n|turn|5\n|j| Rival Andrew\n|c| Rival Andrew|im late\n|j| Yangsta\n|c| Yangsta|gl hf\n|c| Rival Andrew|what happened to Bryce\n|c| Rival Andrew|#damn\n|\n|t:|1697932664\n|switch|p2a: Dialga|Dialga-Origin|100\/100\n|-ability|p2a: Dialga|Pressure\n|move|p1a: Zacian|Play Rough|p2a: Dialga\n|-damage|p2a: Dialga|30\/100\n|\n|-weather|none\n|-fieldend|move: Electric Terrain\n|upkeep\n|turn|6\n|\n|t:|1697932674\n|move|p1a: Zacian|Play Rough|p2a: Dialga\n|-damage|p2a: Dialga|0 fnt\n|faint|p2a: Dialga\n|\n|upkeep\n|\n|t:|1697932677\n|switch|p2a: Groudon|Groudon|100\/100\n|-weather|SunnyDay|[from] ability: Drought|[of] p2a: Groudon\n|turn|7\n|\n|t:|1697932703\n|move|p1a: Zacian|Play Rough|p2a: Groudon\n|-damage|p2a: Groudon|51\/100\n|move|p2a: Groudon|Will-O-Wisp|p1a: Zacian\n|-status|p1a: Zacian|brn\n|\n|-weather|SunnyDay|[upkeep]\n|-heal|p2a: Groudon|57\/100|[from] item: Leftovers\n|-damage|p1a: Zacian|82\/100 brn|[from] brn\n|upkeep\n|turn|8\n|c|\u2606Sonad~|ah even after seeing it last time, i dont expect a willy from groudon\n|\n|t:|1697932733\n|move|p1a: Zacian|Play Rough|p2a: Groudon\n|-damage|p2a: Groudon|34\/100\n|move|p2a: Groudon|Precipice Blades|p1a: Zacian|[miss]\n|-miss|p2a: Groudon|p1a: Zacian\n|\n|-weather|SunnyDay|[upkeep]\n|-heal|p2a: Groudon|40\/100|[from] item: Leftovers\n|-damage|p1a: Zacian|76\/100 brn|[from] brn\n|upkeep\n|turn|9\n|c| Yangsta|haha yeah\n|\n|t:|1697932738\n|switch|p1a: Shaymin|Shaymin-Sky|100\/100\n|move|p2a: Groudon|Precipice Blades|p1a: Shaymin\n|-immune|p1a: Shaymin\n|\n|-weather|SunnyDay|[upkeep]\n|-heal|p2a: Groudon|46\/100|[from] item: Leftovers\n|upkeep\n|turn|10\n|c| Yangsta|clean switch aj\n|\n|t:|1697932750\n|switch|p2a: Eternatus|Eternatus|100\/100\n|-ability|p2a: Eternatus|Pressure\n|move|p1a: Shaymin|Air Slash|p2a: Eternatus\n|-damage|p2a: Eternatus|70\/100\n|\n|-weather|SunnyDay|[upkeep]\n|upkeep\n|turn|11\n|c|\u2606Sonad~|im here all day\n|\n|t:|1697932759\n|move|p1a: Shaymin|Air Slash|p2a: Eternatus\n|-damage|p2a: Eternatus|40\/100\n|move|p2a: Eternatus|Fire Blast|p1a: Shaymin\n|-supereffective|p1a: Shaymin\n|-damage|p1a: Shaymin|0 fnt\n|faint|p1a: Shaymin\n|\n|-weather|none\n|upkeep\n|c|\u2606Sonad~|oop\n|c|\u2606Sonad~|60% flinch where u at\n|c| Yangsta|Jesus that thing had the strap lol\n|c| Yangsta|hahaha yeah bad luck\n|c|\u2606darkmoju|i wanted the switch to zacian ngl\n|\n|t:|1697932785\n|switch|p1a: Miraidon|Miraidon|100\/100\n|-damage|p1a: Miraidon|88\/100|[from] Spikes\n|-fieldstart|move: Electric Terrain|[from] ability: Hadron Engine|[of] p1a: Miraidon\n|turn|12\n|c|\u2606Sonad~|oh i know you did\n|\n|t:|1697932801\n|switch|p2a: Groudon|Groudon|46\/100\n|-weather|SunnyDay|[from] ability: Drought|[of] p2a: Groudon\n|move|p1a: Miraidon|Dragon Pulse|p2a: Groudon\n|-damage|p2a: Groudon|0 fnt\n|faint|p2a: Groudon\n|\n|-weather|SunnyDay|[upkeep]\n|upkeep\n|\n|t:|1697932804\n|switch|p2a: Eternatus|Eternatus|40\/100\n|-ability|p2a: Eternatus|Pressure\n|turn|13\n|c|\u2606Sonad~|choiced?\n|c|\u2606Sonad~|hmm\n|c|\u2606Sonad~|\ud83e\udd14\n|\n|t:|1697932833\n|move|p2a: Eternatus|Dynamax Cannon|p1a: Miraidon\n|-supereffective|p1a: Miraidon\n|-damage|p1a: Miraidon|0 fnt\n|faint|p1a: Miraidon\n|\n|-weather|SunnyDay|[upkeep]\n|upkeep\n|c|\u2606Sonad~|fucker\n|c|\u2606Sonad~|hahaha\n|c|\u2606darkmoju|LOL\n|c| Yangsta|hahaha\n|\n|t:|1697932860\n|switch|p1a: Zacian|Zacian-Crowned|76\/100 brn\n|-damage|p1a: Zacian|64\/100 brn|[from] Spikes\n|turn|14\n|\n|t:|1697932876\n|switch|p2a: Palkia|Palkia-Origin|100\/100\n|-ability|p2a: Palkia|Pressure\n|move|p1a: Zacian|Play Rough|p2a: Palkia\n|-supereffective|p2a: Palkia\n|-damage|p2a: Palkia|48\/100\n|\n|-weather|SunnyDay|[upkeep]\n|-damage|p1a: Zacian|57\/100 brn|[from] brn\n|upkeep\n|turn|15\n|\n|t:|1697932892\n|-terastallize|p2a: Palkia|Steel\n|move|p1a: Zacian|Play Rough|p2a: Palkia\n|-resisted|p2a: Palkia\n|-damage|p2a: Palkia|33\/100\n|move|p2a: Palkia|Fire Blast|p1a: Zacian|[miss]\n|-miss|p2a: Palkia|p1a: Zacian\n|\n|-weather|SunnyDay|[upkeep]\n|-damage|p1a: Zacian|51\/100 brn|[from] brn\n|upkeep\n|turn|16\n|c| Hand0fD00m|holy the misses\n|c|\u2606darkmoju|oop\n|c| Yangsta|bruh does everyone and their cousin have fire blast xD\n|c| Yangsta|straps everywhere\n|c|\u2606darkmoju|sun + fire blast XD\n|\n|t:|1697932928\n|move|p1a: Zacian|Wild Charge|p2a: Palkia\n|-crit|p2a: Palkia\n|-damage|p2a: Palkia|0 fnt\n|faint|p2a: Palkia\n|-damage|p1a: Zacian|43\/100 brn|[from] Recoil\n|\n|-weather|none\n|-damage|p1a: Zacian|37\/100 brn|[from] brn\n|-fieldend|move: Electric Terrain\n|upkeep\n|c|\u2606Sonad~|lol\n|c| Yangsta|lol aye, solid strat\n|c|\u2606darkmoju|only safe with koraidon chillin here\n|\n|t:|1697932938\n|switch|p2a: Eternatus|Eternatus|40\/100\n|-ability|p2a: Eternatus|Pressure\n|turn|17\n|\n|t:|1697932946\n|move|p2a: Eternatus|Fire Blast|p1a: Zacian\n|-supereffective|p1a: Zacian\n|-damage|p1a: Zacian|0 fnt\n|faint|p1a: Zacian\n|\n|upkeep\n|c| Yangsta|close game so far\n|c| Yangsta|nice plays by both sides\n|c| Hand0fD00m|very close\n|\n|t:|1697932971\n|switch|p1a: Urshifu|Urshifu-Rapid-Strike, M|100\/100\n|-damage|p1a: Urshifu|88\/100|[from] Spikes\n|turn|18\n|c| Yangsta|fun fact shi fu = kung fu teacher in Chinese\n|\n|t:|1697932988\n|switch|p2a: Giratina|Giratina-Origin, shiny|100\/100\n|move|p1a: Urshifu|Surging Strikes|p2a: Giratina\n|-resisted|p2a: Giratina\n|-crit|p2a: Giratina\n|-damage|p2a: Giratina|93\/100\n|-resisted|p2a: Giratina\n|-crit|p2a: Giratina\n|-damage|p2a: Giratina|86\/100\n|-resisted|p2a: Giratina\n|-crit|p2a: Giratina\n|-damage|p2a: Giratina|79\/100\n|-hitcount|p2a: Giratina|3\n|\n|upkeep\n|turn|19\n|c| Yangsta|Urshifu = Your kung fu teacher\n|c|\u2606darkmoju|wait the game lied to me LOL\n|c|\u2606Sonad~|oh?\n|c|\u2606darkmoju|said it was the dark one\n|c|\u2606darkmoju|i was scared shitless for it\n|c| Hand0fD00m|oh yeah mine did too\n|c| Yangsta|lol\n|c|\u2606Sonad~|huh, weird\n|c| Yangsta|think it uses the same opening sprite for both\n|\n|t:|1697933052\n|move|p1a: Urshifu|Bulk Up|p1a: Urshifu\n|-boost|p1a: Urshifu|atk|1\n|-boost|p1a: Urshifu|def|1\n|move|p2a: Giratina|Draco Meteor|p1a: Urshifu|[miss]\n|-miss|p2a: Giratina|p1a: Urshifu\n|\n|upkeep\n|turn|20\n|\n|t:|1697933060\n|move|p1a: Urshifu|Bulk Up|p1a: Urshifu\n|-boost|p1a: Urshifu|atk|1\n|-boost|p1a: Urshifu|def|1\n|move|p2a: Giratina|Draco Meteor|p1a: Urshifu\n|-damage|p1a: Urshifu|0 fnt\n|-unboost|p2a: Giratina|spa|2\n|faint|p1a: Urshifu\n|\n|upkeep\n|c|\u2606Sonad~|oop\n|c|\u2606Sonad~|thought i'd survive lol\n|c| Yangsta|lol\n|c| Rival Andrew|...!\n|\n|t:|1697933082\n|switch|p1a: Chi-Yu|Chi-Yu|100\/100\n|-damage|p1a: Chi-Yu|88\/100|[from] Spikes\n|-ability|p1a: Chi-Yu|Beads of Ruin\n|turn|21\n|c| Yangsta|ur still in the game tho, two ghosts on his side\n|c|\u2606Sonad~|oh  i know\n|\n|t:|1697933104\n|move|p1a: Chi-Yu|Dark Pulse|p2a: Giratina\n|-supereffective|p2a: Giratina\n|-damage|p2a: Giratina|0 fnt\n|faint|p2a: Giratina\n|\n|upkeep\n|\n|t:|1697933109\n|switch|p2a: Eternatus|Eternatus|40\/100\n|-ability|p2a: Eternatus|Pressure\n|turn|22\n|c|\u2606Sonad~|er\n|c|\u2606Sonad~|no\n|c|\u2606Sonad~|arceus is normal\n|c|\u2606Sonad~|?\n|c|\u2606darkmoju|hmmmm\n|c| Yangsta|oh shit I thought etern was ghost\n|\n|t:|1697933133\n|move|p2a: Eternatus|Dynamax Cannon|p1a: Chi-Yu\n|-damage|p1a: Chi-Yu|19\/100\n|move|p1a: Chi-Yu|Psychic|p2a: Eternatus\n|-supereffective|p2a: Eternatus\n|-damage|p2a: Eternatus|0 fnt\n|faint|p2a: Eternatus\n|\n|upkeep\n|c| Yangsta|im dumb ignore me\n|c|\u2606Sonad~|ohh\n|c|\u2606Sonad~|lol\n|\n|t:|1697933140\n|switch|p2a: Arceus|Arceus, shiny|100\/100\n|turn|23\n|c|\u2606Sonad~|im good at that enze dw\n|c| Yangsta|lol\n|\n|t:|1697933153\n|move|p1a: Chi-Yu|Flamethrower|p2a: Arceus\n|-damage|p2a: Arceus|54\/100\n|move|p2a: Arceus|Swords Dance|p2a: Arceus\n|-boost|p2a: Arceus|atk|2\n|\n|upkeep\n|turn|24\n|\n|t:|1697933162\n|move|p2a: Arceus|Extreme Speed|p1a: Chi-Yu\n|-damage|p1a: Chi-Yu|0 fnt\n|faint|p1a: Chi-Yu\n|\n|upkeep\n|c| Yangsta|bruh that SD...\n|c| Yangsta|ahh thats why\n|c| Yangsta|fuck\n|\n|t:|1697933170\n|switch|p1a: Ursaluna|Ursaluna-Bloodmoon, M|100\/100\n|-damage|p1a: Ursaluna|88\/100|[from] Spikes\n|turn|25\n|c|\u2606darkmoju|can i 1 shot this big guy\n|c|\u2606Sonad~|good question\n|c| Yangsta|lets see lol\n|c|\u2606Sonad~|do YOU think you can?\n|c| Yangsta|but if he protecc and u SD then u def can lol\n|c|\u2606darkmoju|sil scarf\n|c|\u2606darkmoju|SD\n|c|\u2606Sonad~|you're faster w\/o extremespeed\n|c|\u2606darkmoju|stab E speed\n|\n|t:|1697933216\n|move|p2a: Arceus|Extreme Speed|p1a: Ursaluna\n|-damage|p1a: Ursaluna|12\/100\n|move|p1a: Ursaluna|Blood Moon|p2a: Arceus\n|-damage|p2a: Arceus|0 fnt\n|faint|p2a: Arceus\n|-damage|p1a: Ursaluna|2\/100|[from] item: Life Orb\n|\n|win|Sonad~\n|c|\u2606Sonad~|gg\n|c|\u2606darkmoju|noooooo\n|c| Yangsta|gg\n|c|\u2606darkmoju|gg\n|l|\u2606darkmoju\n|c|\u2606Sonad~|yooo\n|c| Hand0fD00m|holy fuck what a game\n|c|\u2606Sonad~|almost died\n|c| Yangsta|so close\n|l| Yangsta\n","uploadtime":1697933252,"views":11,"p1id":"sonad","p2id":"darkmoju","formatid":"gen9ubers","rating":0,"private":0,"password":""}