{"id":"gen9ubers-1968115343","p1":"Envymetta_TTV","p2":"Snorlax Chef","format":"[Gen 9] Ubers","log":"|j|\u2606Envymetta_TTV\n|j|\u2606Snorlax Chef\n|t:|1697385864\n|gametype|singles\n|player|p1|Envymetta_TTV|acetrainer-gen4|1509\n|player|p2|Snorlax Chef|sailor|1352\n|teamsize|p1|6\n|teamsize|p2|6\n|gen|9\n|tier|[Gen 9] Ubers\n|rated|\n|rule|Sleep Clause Mod: Limit one foe put to sleep\n|rule|Species Clause: Limit one of each Pok\u00e9mon\n|rule|OHKO Clause: OHKO moves are banned\n|rule|Evasion Items Clause: Evasion items are banned\n|rule|Evasion Moves Clause: Evasion moves are banned\n|rule|Endless Battle Clause: Forcing endless battles is banned\n|rule|HP Percentage Mod: HP is shown in percentages\n|clearpoke\n|poke|p1|Shaymin-Sky|\n|poke|p1|Darkrai|\n|poke|p1|Arceus|\n|poke|p1|Dialga-Origin|\n|poke|p1|Giratina-Origin|\n|poke|p1|Garchomp, F|\n|poke|p2|Blissey, F|\n|poke|p2|Clodsire, F|\n|poke|p2|Corviknight, F|\n|poke|p2|Toxapex, F|\n|poke|p2|Arceus-Fairy|\n|poke|p2|Skeledirge, M|\n|teampreview\n|inactive|Battle timer is ON: inactive players will automatically lose when time's up. (requested by Snorlax Chef)\n|\n|t:|1697385888\n|start\n|switch|p1a: Darkrai|Darkrai, shiny|100\/100\n|switch|p2a: Arceus|Arceus-Fairy|100\/100\n|turn|1\n|\n|t:|1697385909\n|move|p1a: Darkrai|Hypnosis|p2a: Arceus|[miss]\n|-miss|p1a: Darkrai|p2a: Arceus\n|move|p2a: Arceus|Stealth Rock|p1a: Darkrai\n|-sidestart|p1: Envymetta_TTV|move: Stealth Rock\n|\n|upkeep\n|turn|2\n|\n|t:|1697385914\n|move|p1a: Darkrai|Hypnosis|p2a: Arceus\n|-status|p2a: Arceus|slp|[from] move: Hypnosis\n|cant|p2a: Arceus|slp\n|\n|-damage|p2a: Arceus|88\/100 slp|[from] ability: Bad Dreams|[of] p1a: Darkrai\n|upkeep\n|turn|3\n|\n|t:|1697385918\n|switch|p2a: Mommy|Blissey, F|100\/100\n|move|p1a: Darkrai|Substitute|p1a: Darkrai\n|-start|p1a: Darkrai|Substitute\n|-damage|p1a: Darkrai|76\/100\n|\n|upkeep\n|turn|4\n|\n|t:|1697385933\n|move|p1a: Darkrai|Nasty Plot|p1a: Darkrai\n|-boost|p1a: Darkrai|spa|2\n|move|p2a: Mommy|Calm Mind|p2a: Mommy\n|-boost|p2a: Mommy|spa|1\n|-boost|p2a: Mommy|spd|1\n|\n|upkeep\n|turn|5\n|\n|t:|1697385944\n|switch|p2a: NBA Quagsire|Clodsire, F|100\/100\n|move|p1a: Darkrai|Nasty Plot|p1a: Darkrai\n|-boost|p1a: Darkrai|spa|2\n|\n|upkeep\n|turn|6\n|\n|t:|1697385949\n|move|p1a: Darkrai|Dark Pulse|p2a: NBA Quagsire\n|-damage|p2a: NBA Quagsire|79\/100\n|move|p2a: NBA Quagsire|Spikes|p1a: Darkrai\n|-sidestart|p1: Envymetta_TTV|Spikes\n|\n|upkeep\n|turn|7\n|\n|t:|1697385954\n|move|p1a: Darkrai|Dark Pulse|p2a: NBA Quagsire\n|-damage|p2a: NBA Quagsire|55\/100\n|move|p2a: NBA Quagsire|Spikes|p1a: Darkrai\n|-sidestart|p1: Envymetta_TTV|Spikes\n|\n|upkeep\n|turn|8\n|\n|t:|1697385958\n|move|p1a: Darkrai|Dark Pulse|p2a: NBA Quagsire\n|-damage|p2a: NBA Quagsire|33\/100\n|move|p2a: NBA Quagsire|Recover|p2a: NBA Quagsire\n|-heal|p2a: NBA Quagsire|83\/100\n|\n|upkeep\n|turn|9\n|\n|t:|1697385966\n|move|p1a: Darkrai|Dark Pulse|p2a: NBA Quagsire\n|-damage|p2a: NBA Quagsire|58\/100\n|move|p2a: NBA Quagsire|Recover|p2a: NBA Quagsire\n|-heal|p2a: NBA Quagsire|100\/100\n|\n|upkeep\n|turn|10\n|\n|t:|1697385974\n|move|p1a: Darkrai|Dark Pulse|p2a: NBA Quagsire\n|-damage|p2a: NBA Quagsire|76\/100\n|move|p2a: NBA Quagsire|Earthquake|p1a: Darkrai\n|-end|p1a: Darkrai|Substitute\n|\n|upkeep\n|turn|11\n|\n|t:|1697385980\n|switch|p1a: Giratina|Giratina-Origin, shiny|100\/100\n|-damage|p1a: Giratina|88\/100|[from] Stealth Rock\n|move|p2a: NBA Quagsire|Toxic|p1a: Giratina\n|-status|p1a: Giratina|tox\n|\n|-damage|p1a: Giratina|82\/100 tox|[from] psn\n|upkeep\n|turn|12\n|\n|t:|1697385989\n|move|p1a: Giratina|Defog|p2a: NBA Quagsire\n|-unboost|p2a: NBA Quagsire|evasion|1\n|-sideend|p1: Envymetta_TTV|Spikes|[from] move: Defog|[of] p1a: Giratina\n|-sideend|p1: Envymetta_TTV|Stealth Rock|[from] move: Defog|[of] p1a: Giratina\n|move|p2a: NBA Quagsire|Spikes|p1a: Giratina\n|-sidestart|p1: Envymetta_TTV|Spikes\n|\n|-damage|p1a: Giratina|70\/100 tox|[from] psn\n|upkeep\n|turn|13\n|\n|t:|1697385994\n|switch|p2a: Arceus|Arceus-Fairy|88\/100 slp\n|move|p1a: Giratina|Poltergeist|p2a: Arceus\n|-activate|p2a: Arceus|move: Poltergeist|Pixie Plate\n|-damage|p2a: Arceus|52\/100 slp\n|\n|-damage|p1a: Giratina|51\/100 tox|[from] psn\n|upkeep\n|turn|14\n|\n|t:|1697386004\n|cant|p2a: Arceus|slp\n|move|p1a: Giratina|Defog|p2a: Arceus\n|-unboost|p2a: Arceus|evasion|1\n|-sideend|p1: Envymetta_TTV|Spikes|[from] move: Defog|[of] p1a: Giratina\n|\n|-damage|p1a: Giratina|26\/100 tox|[from] psn\n|upkeep\n|turn|15\n|\n|t:|1697386015\n|cant|p2a: Arceus|slp\n|move|p1a: Giratina|Poltergeist|p2a: Arceus\n|-activate|p2a: Arceus|move: Poltergeist|Pixie Plate\n|-damage|p2a: Arceus|17\/100 slp\n|\n|-damage|p1a: Giratina|0 fnt|[from] psn\n|faint|p1a: Giratina\n|upkeep\n|\n|t:|1697386030\n|switch|p1a: Shaymin|Shaymin-Sky, shiny|100\/100\n|turn|16\n|\n|t:|1697386042\n|switch|p2a: Toxapex|Toxapex, F|100\/100\n|move|p1a: Shaymin|Seed Flare|p2a: Toxapex\n|-damage|p2a: Toxapex|50\/100\n|-unboost|p2a: Toxapex|spd|2\n|\n|upkeep\n|turn|17\n|\n|t:|1697386051\n|move|p2a: Toxapex|Baneful Bunker|p2a: Toxapex\n|-singleturn|p2a: Toxapex|move: Protect\n|move|p1a: Shaymin|Seed Flare|p2a: Toxapex\n|-activate|p2a: Toxapex|move: Protect\n|\n|upkeep\n|turn|18\n|\n|t:|1697386060\n|switch|p2a: I hate electricity|Corviknight, F|100\/100\n|-ability|p2a: I hate electricity|Pressure\n|move|p1a: Shaymin|Seed Flare|p2a: I hate electricity\n|-resisted|p2a: I hate electricity\n|-damage|p2a: I hate electricity|87\/100\n|\n|-heal|p2a: I hate electricity|93\/100|[from] item: Leftovers\n|upkeep\n|turn|19\n|\n|t:|1697386079\n|switch|p1a: Dialga|Dialga-Origin, shiny|100\/100\n|-ability|p1a: Dialga|Pressure\n|move|p2a: I hate electricity|Steel Wing|p1a: Dialga\n|-resisted|p1a: Dialga\n|-damage|p1a: Dialga|93\/100\n|\n|-heal|p2a: I hate electricity|99\/100|[from] item: Leftovers\n|upkeep\n|turn|20\n|\n|t:|1697386095\n|switch|p2a: Mommy|Blissey, F|100\/100\n|move|p1a: Dialga|Dragon Pulse|p2a: Mommy\n|-damage|p2a: Mommy|81\/100\n|\n|upkeep\n|turn|21\n|\n|t:|1697386105\n|switch|p1a: Garchomp|Garchomp, F, shiny|100\/100\n|move|p2a: Mommy|Stealth Rock|p1a: Garchomp\n|-sidestart|p1: Envymetta_TTV|move: Stealth Rock\n|\n|upkeep\n|turn|22\n|\n|t:|1697386113\n|switch|p2a: I hate electricity|Corviknight, F|99\/100\n|-ability|p2a: I hate electricity|Pressure\n|move|p1a: Garchomp|Stealth Rock|p2a: I hate electricity\n|-sidestart|p2: Snorlax Chef|move: Stealth Rock\n|\n|-heal|p2a: I hate electricity|100\/100|[from] item: Leftovers\n|upkeep\n|turn|23\n|\n|t:|1697386122\n|switch|p1a: Dialga|Dialga-Origin, shiny|93\/100\n|-damage|p1a: Dialga|87\/100|[from] Stealth Rock\n|-ability|p1a: Dialga|Pressure\n|move|p2a: I hate electricity|U-turn|p1a: Dialga\n|-resisted|p1a: Dialga\n|-damage|p1a: Dialga|81\/100\n|\n|t:|1697386131\n|switch|p2a: Toxapex|Toxapex, F|83\/100|[from] U-turn\n|-damage|p2a: Toxapex|71\/100|[from] Stealth Rock\n|\n|upkeep\n|turn|24\n|\n|t:|1697386136\n|move|p1a: Dialga|Dragon Pulse|p2a: Toxapex\n|-damage|p2a: Toxapex|18\/100\n|move|p2a: Toxapex|Infestation|p1a: Dialga\n|-resisted|p1a: Dialga\n|-damage|p1a: Dialga|80\/100\n|-activate|p1a: Dialga|move: Infestation|[of] p2a: Toxapex\n|\n|-damage|p1a: Dialga|68\/100|[from] move: Infestation|[partiallytrapped]\n|upkeep\n|turn|25\n|\n|t:|1697386142\n|move|p2a: Toxapex|Baneful Bunker|p2a: Toxapex\n|-singleturn|p2a: Toxapex|move: Protect\n|move|p1a: Dialga|Dragon Pulse|p2a: Toxapex\n|-activate|p2a: Toxapex|move: Protect\n|\n|-damage|p1a: Dialga|56\/100|[from] move: Infestation|[partiallytrapped]\n|upkeep\n|turn|26\n|\n|t:|1697386152\n|switch|p2a: Mommy|Blissey, F|81\/100\n|move|p1a: Dialga|Dragon Pulse|p2a: Mommy\n|-damage|p2a: Mommy|62\/100\n|\n|-end|p1a: Dialga|Infestation|[partiallytrapped]|[silent]\n|upkeep\n|turn|27\n|\n|t:|1697386156\n|switch|p1a: Garchomp|Garchomp, F, shiny|100\/100\n|-damage|p1a: Garchomp|94\/100|[from] Stealth Rock\n|move|p2a: Mommy|Soft-Boiled|p2a: Mommy\n|-heal|p2a: Mommy|100\/100\n|\n|upkeep\n|turn|28\n|\n|t:|1697386162\n|switch|p2a: I hate electricity|Corviknight, F|100\/100\n|-damage|p2a: I hate electricity|88\/100|[from] Stealth Rock\n|-ability|p2a: I hate electricity|Pressure\n|move|p1a: Garchomp|Spikes|p2a: I hate electricity\n|-sidestart|p2: Snorlax Chef|Spikes\n|\n|-heal|p2a: I hate electricity|94\/100|[from] item: Leftovers\n|upkeep\n|turn|29\n|\n|t:|1697386166\n|move|p1a: Garchomp|Spikes|p2a: I hate electricity\n|-sidestart|p2: Snorlax Chef|Spikes\n|move|p2a: I hate electricity|Steel Wing|p1a: Garchomp\n|-damage|p1a: Garchomp|73\/100\n|-damage|p2a: I hate electricity|82\/100|[from] ability: Rough Skin|[of] p1a: Garchomp\n|\n|-heal|p2a: I hate electricity|88\/100|[from] item: Leftovers\n|upkeep\n|turn|30\n|\n|t:|1697386170\n|move|p1a: Garchomp|Spikes|p2a: I hate electricity\n|-sidestart|p2: Snorlax Chef|Spikes\n|move|p2a: I hate electricity|Defog|p1a: Garchomp\n|-unboost|p1a: Garchomp|evasion|1\n|-sideend|p1: Envymetta_TTV|Stealth Rock|[from] move: Defog|[of] p2a: I hate electricity\n|-sideend|p2: Snorlax Chef|Spikes|[from] move: Defog|[of] p2a: I hate electricity\n|-sideend|p2: Snorlax Chef|Stealth Rock|[from] move: Defog|[of] p2a: I hate electricity\n|\n|-heal|p2a: I hate electricity|94\/100|[from] item: Leftovers\n|upkeep\n|turn|31\n|\n|t:|1697386183\n|switch|p1a: Dialga|Dialga-Origin, shiny|56\/100\n|-ability|p1a: Dialga|Pressure\n|move|p2a: I hate electricity|Steel Wing|p1a: Dialga\n|-resisted|p1a: Dialga\n|-damage|p1a: Dialga|48\/100\n|\n|-heal|p2a: I hate electricity|100\/100|[from] item: Leftovers\n|upkeep\n|turn|32\n|\n|t:|1697386190\n|switch|p2a: Mommy|Blissey, F|100\/100\n|move|p1a: Dialga|Dragon Pulse|p2a: Mommy\n|-damage|p2a: Mommy|84\/100\n|\n|upkeep\n|turn|33\n|\n|t:|1697386197\n|switch|p1a: Garchomp|Garchomp, F, shiny|73\/100\n|move|p2a: Mommy|Seismic Toss|p1a: Garchomp\n|-damage|p1a: Garchomp|45\/100\n|-damage|p2a: Mommy|71\/100|[from] ability: Rough Skin|[of] p1a: Garchomp\n|\n|upkeep\n|turn|34\n|\n|t:|1697386205\n|switch|p2a: I hate electricity|Corviknight, F|100\/100\n|-ability|p2a: I hate electricity|Pressure\n|move|p1a: Garchomp|Stealth Rock|p2a: I hate electricity\n|-sidestart|p2: Snorlax Chef|move: Stealth Rock\n|\n|upkeep\n|turn|35\n|\n|t:|1697386211\n|switch|p1a: Dialga|Dialga-Origin, shiny|48\/100\n|-ability|p1a: Dialga|Pressure\n|move|p2a: I hate electricity|Defog|p1a: Dialga\n|-unboost|p1a: Dialga|evasion|1\n|-sideend|p2: Snorlax Chef|Stealth Rock|[from] move: Defog|[of] p2a: I hate electricity\n|\n|upkeep\n|turn|36\n|\n|t:|1697386217\n|switch|p1a: Garchomp|Garchomp, F, shiny|45\/100\n|switch|p2a: Mommy|Blissey, F|71\/100\n|\n|upkeep\n|turn|37\n|\n|t:|1697386221\n|switch|p2a: I hate electricity|Corviknight, F|100\/100\n|-ability|p2a: I hate electricity|Pressure\n|move|p1a: Garchomp|Stealth Rock|p2a: I hate electricity\n|-sidestart|p2: Snorlax Chef|move: Stealth Rock\n|\n|upkeep\n|turn|38\n|\n|t:|1697386228\n|switch|p1a: Dialga|Dialga-Origin, shiny|48\/100\n|-ability|p1a: Dialga|Pressure\n|move|p2a: I hate electricity|Steel Wing|p1a: Dialga\n|-resisted|p1a: Dialga\n|-damage|p1a: Dialga|41\/100\n|\n|upkeep\n|turn|39\n|\n|t:|1697386236\n|switch|p2a: Mommy|Blissey, F|71\/100\n|move|p1a: Dialga|Fire Blast|p2a: Mommy\n|-damage|p2a: Mommy|58\/100\n|\n|upkeep\n|turn|40\n|\n|t:|1697386254\n|switch|p1a: Arceus|Arceus, shiny|100\/100\n|move|p2a: Mommy|Soft-Boiled|p2a: Mommy\n|-heal|p2a: Mommy|100\/100\n|\n|upkeep\n|turn|41\n|\n|t:|1697386267\n|switch|p2a: Skeledirge|Skeledirge, M|100\/100\n|move|p1a: Arceus|Swords Dance|p1a: Arceus\n|-boost|p1a: Arceus|atk|2\n|\n|upkeep\n|turn|42\n|\n|t:|1697386275\n|move|p1a: Arceus|Taunt|p2a: Skeledirge\n|-start|p2a: Skeledirge|move: Taunt\n|cant|p2a: Skeledirge|move: Taunt|Will-O-Wisp\n|\n|upkeep\n|turn|43\n|\n|t:|1697386299\n|switch|p2a: Toxapex|Toxapex, F|51\/100\n|-damage|p2a: Toxapex|39\/100|[from] Stealth Rock\n|-terastallize|p1a: Arceus|Ghost\n|move|p1a: Arceus|Shadow Claw|p2a: Toxapex\n|-damage|p2a: Toxapex|0 fnt\n|-damage|p1a: Arceus|84\/100|[from] item: Rocky Helmet|[of] p2a: Toxapex\n|faint|p2a: Toxapex\n|\n|-heal|p1a: Arceus|90\/100|[from] item: Leftovers\n|upkeep\n|\n|t:|1697386306\n|switch|p2a: Skeledirge|Skeledirge, M|100\/100\n|turn|44\n|\n|t:|1697386312\n|-terastallize|p2a: Skeledirge|Fairy\n|move|p1a: Arceus|Taunt|p2a: Skeledirge\n|-start|p2a: Skeledirge|move: Taunt\n|move|p2a: Skeledirge|Hex|p1a: Arceus\n|-supereffective|p1a: Arceus\n|-damage|p1a: Arceus|57\/100\n|\n|-heal|p1a: Arceus|64\/100|[from] item: Leftovers\n|upkeep\n|turn|45\n|\n|t:|1697386321\n|switch|p1a: Dialga|Dialga-Origin, shiny|41\/100\n|-ability|p1a: Dialga|Pressure\n|move|p2a: Skeledirge|Hex|p1a: Dialga\n|-damage|p1a: Dialga|23\/100\n|\n|upkeep\n|turn|46\n|\n|t:|1697386327\n|switch|p2a: Mommy|Blissey, F|100\/100\n|move|p1a: Dialga|Steel Beam|p2a: Mommy\n|-damage|p2a: Mommy|71\/100\n|-damage|p1a: Dialga|0 fnt|[from] steelbeam\n|faint|p1a: Dialga\n|\n|upkeep\n|\n|t:|1697386347\n|switch|p1a: Arceus|Arceus, shiny, tera:Ghost|64\/100\n|turn|47\n|\n|t:|1697386360\n|switch|p2a: Skeledirge|Skeledirge, M, tera:Fairy|100\/100\n|move|p1a: Arceus|Swords Dance|p1a: Arceus\n|-boost|p1a: Arceus|atk|2\n|\n|-heal|p1a: Arceus|70\/100|[from] item: Leftovers\n|upkeep\n|turn|48\n|\n|t:|1697386369\n|switch|p1a: Darkrai|Darkrai, shiny|76\/100\n|move|p2a: Skeledirge|Will-O-Wisp|p1a: Darkrai\n|-status|p1a: Darkrai|brn\n|\n|-damage|p1a: Darkrai|70\/100 brn|[from] brn\n|upkeep\n|turn|49\n|\n|t:|1697386384\n|switch|p2a: Mommy|Blissey, F|71\/100\n|move|p1a: Darkrai|Dark Pulse|p2a: Mommy\n|-damage|p2a: Mommy|59\/100\n|\n|-damage|p1a: Darkrai|63\/100 brn|[from] brn\n|upkeep\n|turn|50\n|\n|t:|1697386392\n|switch|p1a: Arceus|Arceus, shiny, tera:Ghost|70\/100\n|move|p2a: Mommy|Stealth Rock|p1a: Arceus\n|-sidestart|p1: Envymetta_TTV|move: Stealth Rock\n|\n|-heal|p1a: Arceus|76\/100|[from] item: Leftovers\n|upkeep\n|turn|51\n|\n|t:|1697386400\n|switch|p2a: Skeledirge|Skeledirge, M, tera:Fairy|100\/100\n|move|p1a: Arceus|Extreme Speed|p2a: Skeledirge\n|-crit|p2a: Skeledirge\n|-damage|p2a: Skeledirge|62\/100\n|\n|-heal|p1a: Arceus|82\/100|[from] item: Leftovers\n|upkeep\n|turn|52\n|\n|t:|1697386406\n|move|p1a: Arceus|Taunt|p2a: Skeledirge\n|-start|p2a: Skeledirge|move: Taunt\n|move|p2a: Skeledirge|Hex|p1a: Arceus\n|-supereffective|p1a: Arceus\n|-damage|p1a: Arceus|49\/100\n|\n|-heal|p1a: Arceus|55\/100|[from] item: Leftovers\n|upkeep\n|turn|53\n|\n|t:|1697386417\n|switch|p2a: I hate electricity|Corviknight, F|100\/100\n|-damage|p2a: I hate electricity|88\/100|[from] Stealth Rock\n|-ability|p2a: I hate electricity|Pressure\n|move|p1a: Arceus|Extreme Speed|p2a: I hate electricity\n|-resisted|p2a: I hate electricity\n|-damage|p2a: I hate electricity|74\/100\n|\n|-heal|p1a: Arceus|62\/100|[from] item: Leftovers\n|-heal|p2a: I hate electricity|81\/100|[from] item: Leftovers\n|upkeep\n|turn|54\n|\n|t:|1697386424\n|move|p1a: Arceus|Swords Dance|p1a: Arceus\n|-boost|p1a: Arceus|atk|2\n|move|p2a: I hate electricity|Steel Wing|p1a: Arceus\n|-damage|p1a: Arceus|47\/100\n|\n|-heal|p1a: Arceus|53\/100|[from] item: Leftovers\n|-heal|p2a: I hate electricity|87\/100|[from] item: Leftovers\n|upkeep\n|turn|55\n|\n|t:|1697386431\n|move|p1a: Arceus|Shadow Claw|p2a: I hate electricity\n|-damage|p2a: I hate electricity|39\/100\n|move|p2a: I hate electricity|Steel Wing|p1a: Arceus\n|-damage|p1a: Arceus|40\/100\n|\n|-heal|p1a: Arceus|46\/100|[from] item: Leftovers\n|-heal|p2a: I hate electricity|46\/100|[from] item: Leftovers\n|upkeep\n|turn|56\n|\n|t:|1697386458\n|switch|p2a: Arceus|Arceus-Fairy|17\/100 slp\n|-damage|p2a: Arceus|5\/100 slp|[from] Stealth Rock\n|move|p1a: Arceus|Shadow Claw|p2a: Arceus\n|-damage|p2a: Arceus|0 fnt\n|faint|p2a: Arceus\n|\n|-heal|p1a: Arceus|53\/100|[from] item: Leftovers\n|upkeep\n|\n|t:|1697386460\n|switch|p2a: Skeledirge|Skeledirge, M, tera:Fairy|62\/100\n|turn|57\n|\n|t:|1697386486\n|move|p1a: Arceus|Taunt|p2a: Skeledirge\n|-start|p2a: Skeledirge|move: Taunt\n|cant|p2a: Skeledirge|move: Taunt|Slack Off\n|\n|-heal|p1a: Arceus|59\/100|[from] item: Leftovers\n|upkeep\n|turn|58\n|inactive|Envymetta_TTV has 120 seconds left.\n|\n|t:|1697386502\n|move|p1a: Arceus|Extreme Speed|p2a: Skeledirge\n|-damage|p2a: Skeledirge|36\/100\n|move|p2a: Skeledirge|Torch Song|p1a: Arceus\n|-damage|p1a: Arceus|40\/100\n|-boost|p2a: Skeledirge|spa|1\n|\n|-heal|p1a: Arceus|46\/100|[from] item: Leftovers\n|upkeep\n|turn|59\n|inactive|Envymetta_TTV has 120 seconds left.\n|\n|t:|1697386532\n|switch|p1a: Garchomp|Garchomp, F, shiny|45\/100\n|-damage|p1a: Garchomp|39\/100|[from] Stealth Rock\n|move|p2a: Skeledirge|Hex|p1a: Garchomp\n|-damage|p1a: Garchomp|0 fnt\n|faint|p1a: Garchomp\n|\n|-end|p2a: Skeledirge|move: Taunt\n|upkeep\n|\n|t:|1697386539\n|switch|p1a: Shaymin|Shaymin-Sky, shiny|100\/100\n|-damage|p1a: Shaymin|76\/100|[from] Stealth Rock\n|turn|60\n|\n|t:|1697386549\n|switch|p2a: Mommy|Blissey, F|59\/100\n|move|p1a: Shaymin|Seed Flare|p2a: Mommy\n|-damage|p2a: Mommy|43\/100\n|-unboost|p2a: Mommy|spd|2\n|\n|upkeep\n|turn|61\n|\n|t:|1697386556\n|switch|p2a: I hate electricity|Corviknight, F|46\/100\n|-damage|p2a: I hate electricity|33\/100|[from] Stealth Rock\n|-ability|p2a: I hate electricity|Pressure\n|move|p1a: Shaymin|Air Slash|p2a: I hate electricity\n|-resisted|p2a: I hate electricity\n|-damage|p2a: I hate electricity|15\/100\n|\n|-heal|p2a: I hate electricity|21\/100|[from] item: Leftovers\n|upkeep\n|turn|62\n|inactive|Envymetta_TTV has 120 seconds left.\n|\n|t:|1697386565\n|move|p1a: Shaymin|Air Slash|p2a: I hate electricity\n|-resisted|p2a: I hate electricity\n|-damage|p2a: I hate electricity|2\/100\n|move|p2a: I hate electricity|Roost|p2a: I hate electricity\n|-heal|p2a: I hate electricity|52\/100\n|-singleturn|p2a: I hate electricity|move: Roost\n|\n|-heal|p2a: I hate electricity|59\/100|[from] item: Leftovers\n|upkeep\n|turn|63\n|\n|t:|1697386569\n|move|p1a: Shaymin|Seed Flare|p2a: I hate electricity\n|-resisted|p2a: I hate electricity\n|-damage|p2a: I hate electricity|43\/100\n|move|p2a: I hate electricity|Roost|p2a: I hate electricity\n|-heal|p2a: I hate electricity|93\/100\n|-singleturn|p2a: I hate electricity|move: Roost\n|\n|-heal|p2a: I hate electricity|99\/100|[from] item: Leftovers\n|upkeep\n|turn|64\n|\n|t:|1697386574\n|move|p1a: Shaymin|Seed Flare|p2a: I hate electricity\n|-resisted|p2a: I hate electricity\n|-damage|p2a: I hate electricity|85\/100\n|-unboost|p2a: I hate electricity|spd|2\n|move|p2a: I hate electricity|U-turn|p1a: Shaymin\n|-damage|p1a: Shaymin|59\/100\n|\n|t:|1697386578\n|switch|p2a: Mommy|Blissey, F|43\/100|[from] U-turn\n|\n|upkeep\n|turn|65\n|\n|t:|1697386584\n|move|p1a: Shaymin|Air Slash|p2a: Mommy\n|-damage|p2a: Mommy|33\/100\n|cant|p2a: Mommy|flinch\n|\n|upkeep\n|turn|66\n|\n|t:|1697386588\n|move|p1a: Shaymin|Air Slash|p2a: Mommy\n|-damage|p2a: Mommy|22\/100\n|cant|p2a: Mommy|flinch\n|\n|upkeep\n|turn|67\n|l|\u2606Envymetta_TTV\n|inactive|Envymetta_TTV disconnected and has a minute to reconnect!\n|player|p1|\n|j|\u2606Envymetta_TTV\n|inactive|Envymetta_TTV reconnected and has 125 seconds left.\n|player|p1|Envymetta_TTV|acetrainer-gen4\n|\n|t:|1697386616\n|move|p1a: Shaymin|Air Slash|p2a: Mommy\n|-damage|p2a: Mommy|12\/100\n|cant|p2a: Mommy|flinch\n|\n|upkeep\n|turn|68\n|\n|t:|1697386642\n|move|p1a: Shaymin|Trailblaze|p2a: Mommy\n|-damage|p2a: Mommy|0 fnt\n|-boost|p1a: Shaymin|spe|1\n|faint|p2a: Mommy\n|\n|upkeep\n|\n|t:|1697386650\n|switch|p2a: I hate electricity|Corviknight, F|85\/100\n|-damage|p2a: I hate electricity|73\/100|[from] Stealth Rock\n|-ability|p2a: I hate electricity|Pressure\n|turn|69\n|inactive|Envymetta_TTV has 120 seconds left.\n|inactive|Envymetta_TTV has 90 seconds left.\n|inactive|Snorlax Chef has 120 seconds left.\n|\n|t:|1697386726\n|move|p1a: Shaymin|Air Slash|p2a: I hate electricity\n|-resisted|p2a: I hate electricity\n|-damage|p2a: I hate electricity|56\/100\n|cant|p2a: I hate electricity|flinch\n|\n|-heal|p2a: I hate electricity|62\/100|[from] item: Leftovers\n|upkeep\n|turn|70\n|\n|t:|1697386742\n|move|p1a: Shaymin|Air Slash|p2a: I hate electricity\n|-resisted|p2a: I hate electricity\n|-damage|p2a: I hate electricity|45\/100\n|cant|p2a: I hate electricity|flinch\n|\n|-heal|p2a: I hate electricity|52\/100|[from] item: Leftovers\n|upkeep\n|turn|71\n|inactive|Envymetta_TTV has 60 seconds left.\n|\n|t:|1697386785\n|move|p1a: Shaymin|Air Slash|p2a: I hate electricity\n|-resisted|p2a: I hate electricity\n|-damage|p2a: I hate electricity|32\/100\n|cant|p2a: I hate electricity|flinch\n|\n|-heal|p2a: I hate electricity|38\/100|[from] item: Leftovers\n|upkeep\n|turn|72\n|\n|t:|1697386792\n|move|p1a: Shaymin|Air Slash|p2a: I hate electricity\n|-resisted|p2a: I hate electricity\n|-damage|p2a: I hate electricity|19\/100\n|cant|p2a: I hate electricity|flinch\n|\n|-heal|p2a: I hate electricity|26\/100|[from] item: Leftovers\n|upkeep\n|turn|73\n|\n|t:|1697386799\n|move|p1a: Shaymin|Air Slash|p2a: I hate electricity\n|-resisted|p2a: I hate electricity\n|-damage|p2a: I hate electricity|6\/100\n|cant|p2a: I hate electricity|flinch\n|\n|-heal|p2a: I hate electricity|12\/100|[from] item: Leftovers\n|upkeep\n|turn|74\n|\n|t:|1697386804\n|switch|p2a: NBA Quagsire|Clodsire, F|76\/100\n|-damage|p2a: NBA Quagsire|70\/100|[from] Stealth Rock\n|move|p1a: Shaymin|Air Slash|p2a: NBA Quagsire\n|-damage|p2a: NBA Quagsire|50\/100\n|\n|upkeep\n|turn|75\n|c|\u2606Snorlax Chef|ur so good\n|inactive|Envymetta_TTV has 60 seconds left.\n|\n|t:|1697386813\n|move|p1a: Shaymin|Earth Power|p2a: NBA Quagsire\n|-supereffective|p2a: NBA Quagsire\n|-damage|p2a: NBA Quagsire|16\/100\n|move|p2a: NBA Quagsire|Recover|p2a: NBA Quagsire\n|-heal|p2a: NBA Quagsire|66\/100\n|\n|upkeep\n|turn|76\n|\n|t:|1697386818\n|move|p1a: Shaymin|Air Slash|p2a: NBA Quagsire\n|-damage|p2a: NBA Quagsire|47\/100\n|cant|p2a: NBA Quagsire|flinch\n|\n|upkeep\n|turn|77\n|\n|t:|1697386829\n|move|p1a: Shaymin|Air Slash|p2a: NBA Quagsire\n|-damage|p2a: NBA Quagsire|29\/100\n|cant|p2a: NBA Quagsire|flinch\n|\n|upkeep\n|turn|78\n|\n|t:|1697386833\n|switch|p2a: I hate electricity|Corviknight, F|12\/100\n|-damage|p2a: I hate electricity|0 fnt|[from] Stealth Rock\n|faint|p2a: I hate electricity\n|move|p1a: Shaymin|Earth Power|p2: I hate electricity|[notarget]\n|-fail|p1a: Shaymin\n|\n|upkeep\n|\n|t:|1697386840\n|switch|p2a: NBA Quagsire|Clodsire, F|29\/100\n|-damage|p2a: NBA Quagsire|22\/100|[from] Stealth Rock\n|turn|79\n|-message|Snorlax Chef forfeited.\n|\n|win|Envymetta_TTV\n|raw|Envymetta_TTV's rating: 1509 &rarr; <strong>1521<\/strong><br \/>(+12 for winning)\n|raw|Snorlax Chef's rating: 1352 &rarr; <strong>1340<\/strong><br \/>(-12 for losing)\n|l|\u2606Snorlax Chef\n","uploadtime":1697386848,"views":14,"p1id":"envymettattv","p2id":"snorlaxchef","formatid":"gen9ubers","rating":1340,"private":0,"password":""}