{"id":"gen9ubers-1982187180","p1":"Underhours","p2":"OreoMan789","format":"[Gen 9] Ubers","log":"|j|\u2606Underhours\n|j|\u2606OreoMan789\n|t:|1698976997\n|gametype|singles\n|player|p1|Underhours|erika-gen2|\n|player|p2|OreoMan789|101|\n|teamsize|p1|6\n|teamsize|p2|6\n|gen|9\n|tier|[Gen 9] Ubers\n|rule|Sleep Clause Mod: Limit one foe put to sleep\n|rule|Species Clause: Limit one of each Pok\u00e9mon\n|rule|OHKO Clause: OHKO moves are banned\n|rule|Evasion Items Clause: Evasion items are banned\n|rule|Evasion Moves Clause: Evasion moves are banned\n|rule|Endless Battle Clause: Forcing endless battles is banned\n|rule|HP Percentage Mod: HP is shown in percentages\n|clearpoke\n|poke|p1|Hatterene, F|\n|poke|p1|Shaymin-Sky|\n|poke|p1|Basculegion-F, F|\n|poke|p1|Chi-Yu|\n|poke|p1|Zacian-*|\n|poke|p1|Arceus-Poison|\n|poke|p2|Palkia-Origin|\n|poke|p2|Fezandipiti, M|\n|poke|p2|Zamazenta-*|\n|poke|p2|Espathra, F|\n|poke|p2|Ursaluna, M|\n|poke|p2|Giratina|\n|teampreview\n|\n|t:|1698977092\n|start\n|switch|p1a: Shaymin|Shaymin-Sky|100\/100\n|switch|p2a: Espathra|Espathra, F, shiny|100\/100\n|turn|1\n|\n|t:|1698977106\n|move|p2a: Espathra|Protect|p2a: Espathra\n|-singleturn|p2a: Espathra|Protect\n|move|p1a: Shaymin|Seed Flare|p2a: Espathra\n|-activate|p2a: Espathra|move: Protect\n|\n|-ability|p2a: Espathra|Speed Boost|boost\n|-boost|p2a: Espathra|spe|1\n|upkeep\n|turn|2\n|\n|t:|1698977111\n|move|p1a: Shaymin|Seed Flare|p2a: Espathra\n|-damage|p2a: Espathra|29\/100\n|-unboost|p2a: Espathra|spd|2\n|move|p2a: Espathra|Calm Mind|p2a: Espathra\n|-boost|p2a: Espathra|spa|1\n|-boost|p2a: Espathra|spd|1\n|\n|-heal|p2a: Espathra|36\/100|[from] item: Leftovers\n|-ability|p2a: Espathra|Speed Boost|boost\n|-boost|p2a: Espathra|spe|1\n|upkeep\n|turn|3\n|\n|t:|1698977116\n|move|p2a: Espathra|Protect|p2a: Espathra\n|-singleturn|p2a: Espathra|Protect\n|move|p1a: Shaymin|Seed Flare|p2a: Espathra\n|-activate|p2a: Espathra|move: Protect\n|\n|-heal|p2a: Espathra|42\/100|[from] item: Leftovers\n|-ability|p2a: Espathra|Speed Boost|boost\n|-boost|p2a: Espathra|spe|1\n|upkeep\n|turn|4\n|\n|t:|1698977132\n|move|p2a: Espathra|Stored Power|p1a: Shaymin\n|-damage|p1a: Shaymin|21\/100\n|move|p1a: Shaymin|Seed Flare|p2a: Espathra|[miss]\n|-miss|p1a: Shaymin|p2a: Espathra\n|\n|-heal|p2a: Espathra|48\/100|[from] item: Leftovers\n|-ability|p2a: Espathra|Speed Boost|boost\n|-boost|p2a: Espathra|spe|1\n|upkeep\n|turn|5\n|\n|t:|1698977148\n|move|p2a: Espathra|Stored Power|p1a: Shaymin\n|-damage|p1a: Shaymin|0 fnt\n|faint|p1a: Shaymin\n|\n|-heal|p2a: Espathra|54\/100|[from] item: Leftovers\n|-ability|p2a: Espathra|Speed Boost|boost\n|-boost|p2a: Espathra|spe|1\n|upkeep\n|\n|t:|1698977154\n|switch|p1a: Arceus|Arceus-Poison|100\/100\n|turn|6\n|\n|t:|1698977181\n|move|p2a: Espathra|Protect|p2a: Espathra\n|-singleturn|p2a: Espathra|Protect\n|move|p1a: Arceus|Sludge Bomb|p2a: Espathra\n|-activate|p2a: Espathra|move: Protect\n|\n|-heal|p2a: Espathra|60\/100|[from] item: Leftovers\n|-ability|p2a: Espathra|Speed Boost|boost\n|-boost|p2a: Espathra|spe|1\n|upkeep\n|turn|7\n|\n|t:|1698977187\n|move|p2a: Espathra|Stored Power|p1a: Arceus\n|-supereffective|p1a: Arceus\n|-damage|p1a: Arceus|0 fnt\n|faint|p1a: Arceus\n|\n|-heal|p2a: Espathra|66\/100|[from] item: Leftovers\n|upkeep\n|\n|t:|1698977193\n|switch|p1a: Hatterene|Hatterene, F|100\/100\n|turn|8\n|\n|t:|1698977199\n|move|p2a: Espathra|Stored Power|p1a: Hatterene\n|-resisted|p1a: Hatterene\n|-damage|p1a: Hatterene|40\/100\n|-enditem|p1a: Hatterene|Eject Button\n|\n|t:|1698977206\n|switch|p1a: Chi-Yu|Chi-Yu|100\/100\n|-ability|p1a: Chi-Yu|Beads of Ruin\n|\n|-heal|p2a: Espathra|72\/100|[from] item: Leftovers\n|upkeep\n|turn|9\n|\n|t:|1698977220\n|-terastallize|p2a: Espathra|Fairy\n|move|p2a: Espathra|Calm Mind|p2a: Espathra\n|-boost|p2a: Espathra|spa|1\n|-boost|p2a: Espathra|spd|1\n|move|p1a: Chi-Yu|Dark Pulse|p2a: Espathra\n|-resisted|p2a: Espathra\n|-damage|p2a: Espathra|21\/100\n|\n|-heal|p2a: Espathra|27\/100|[from] item: Leftovers\n|upkeep\n|turn|10\n|\n|t:|1698977236\n|move|p2a: Espathra|Protect|p2a: Espathra\n|-singleturn|p2a: Espathra|Protect\n|move|p1a: Chi-Yu|Dark Pulse|p2a: Espathra\n|-activate|p2a: Espathra|move: Protect\n|\n|-heal|p2a: Espathra|33\/100|[from] item: Leftovers\n|upkeep\n|turn|11\n|\n|t:|1698977241\n|move|p2a: Espathra|Dazzling Gleam|p1a: Chi-Yu\n|-damage|p1a: Chi-Yu|14\/100\n|move|p1a: Chi-Yu|Dark Pulse|p2a: Espathra\n|-resisted|p2a: Espathra\n|-damage|p2a: Espathra|0 fnt\n|faint|p2a: Espathra\n|\n|upkeep\n|\n|t:|1698977297\n|switch|p2a: Fezandipiti|Fezandipiti, M|100\/100\n|turn|12\n|\n|t:|1698977303\n|switch|p1a: Hatterene|Hatterene, F|40\/100\n|move|p2a: Fezandipiti|Beat Up|p1a: Hatterene\n|-damage|p1a: Hatterene|36\/100\n|-damage|p1a: Hatterene|32\/100\n|-status|p1a: Hatterene|tox|[from] ability: Toxic Chain|[of] p2a: Fezandipiti\n|-damage|p1a: Hatterene|29\/100 tox\n|-damage|p1a: Hatterene|25\/100 tox\n|-crit|p1a: Hatterene\n|-damage|p1a: Hatterene|19\/100 tox\n|-hitcount|p1a: Hatterene|5\n|\n|-damage|p1a: Hatterene|13\/100 tox|[from] psn\n|upkeep\n|turn|13\n|\n|t:|1698977307\n|move|p2a: Fezandipiti|Poison Jab|p1a: Hatterene\n|-supereffective|p1a: Hatterene\n|-damage|p1a: Hatterene|0 fnt\n|faint|p1a: Hatterene\n|\n|upkeep\n|\n|t:|1698977310\n|switch|p1a: Chi-Yu|Chi-Yu|14\/100\n|-ability|p1a: Chi-Yu|Beads of Ruin\n|turn|14\n|\n|t:|1698977336\n|move|p1a: Chi-Yu|Overheat|p2a: Fezandipiti\n|-damage|p2a: Fezandipiti|18\/100\n|-unboost|p1a: Chi-Yu|spa|2\n|move|p2a: Fezandipiti|Play Rough|p1a: Chi-Yu\n|-damage|p1a: Chi-Yu|0 fnt\n|faint|p1a: Chi-Yu\n|\n|-heal|p2a: Fezandipiti|24\/100|[from] item: Black Sludge\n|upkeep\n|\n|t:|1698977341\n|switch|p1a: Zacian|Zacian|100\/100\n|-ability|p1a: Zacian|Intrepid Sword|boost\n|-boost|p1a: Zacian|atk|1\n|turn|15\n|\n|t:|1698977362\n|move|p1a: Zacian|Play Rough|p2a: Fezandipiti\n|-resisted|p2a: Fezandipiti\n|-damage|p2a: Fezandipiti|0 fnt\n|faint|p2a: Fezandipiti\n|-damage|p1a: Zacian|91\/100|[from] item: Life Orb\n|\n|upkeep\n|\n|t:|1698977372\n|switch|p2a: Palkia|Palkia-Origin, shiny|100\/100\n|-ability|p2a: Palkia|Pressure\n|turn|16\n|\n|t:|1698977380\n|move|p1a: Zacian|Play Rough|p2a: Palkia\n|-supereffective|p2a: Palkia\n|-damage|p2a: Palkia|0 fnt\n|faint|p2a: Palkia\n|-damage|p1a: Zacian|81\/100|[from] item: Life Orb\n|\n|upkeep\n|\n|t:|1698977382\n|switch|p2a: Giratina|Giratina, shiny|100\/100\n|-ability|p2a: Giratina|Pressure\n|turn|17\n|\n|t:|1698977387\n|move|p1a: Zacian|Swords Dance|p1a: Zacian\n|-boost|p1a: Zacian|atk|2\n|move|p2a: Giratina|Shadow Force||[still]\n|-prepare|p2a: Giratina|Shadow Force\n|\n|upkeep\n|turn|18\n|\n|t:|1698977389\n|move|p1a: Zacian|Swords Dance|p1a: Zacian\n|-boost|p1a: Zacian|atk|2\n|move|p2a: Giratina|Shadow Force|p1a: Zacian|[from]lockedmove\n|-damage|p1a: Zacian|42\/100\n|\n|upkeep\n|turn|19\n|\n|t:|1698977393\n|move|p2a: Giratina|Protect|p2a: Giratina\n|-singleturn|p2a: Giratina|Protect\n|move|p1a: Zacian|Play Rough|p2a: Giratina\n|-activate|p2a: Giratina|move: Protect\n|\n|upkeep\n|turn|20\n|\n|t:|1698977396\n|move|p1a: Zacian|Play Rough|p2a: Giratina\n|-supereffective|p2a: Giratina\n|-damage|p2a: Giratina|0 fnt\n|faint|p2a: Giratina\n|-damage|p1a: Zacian|32\/100|[from] item: Life Orb\n|\n|upkeep\n|\n|t:|1698977402\n|switch|p2a: Ursaluna|Ursaluna, M, shiny|100\/100\n|turn|21\n|\n|t:|1698977407\n|move|p1a: Zacian|Close Combat|p2a: Ursaluna\n|-supereffective|p2a: Ursaluna\n|-damage|p2a: Ursaluna|0 fnt\n|-unboost|p1a: Zacian|def|1\n|-unboost|p1a: Zacian|spd|1\n|faint|p2a: Ursaluna\n|-damage|p1a: Zacian|22\/100|[from] item: Life Orb\n|\n|upkeep\n|\n|t:|1698977409\n|switch|p2a: Zamazenta|Zamazenta-Crowned, shiny|100\/100\n|-ability|p2a: Zamazenta|Dauntless Shield|boost\n|-boost|p2a: Zamazenta|def|1\n|turn|22\n|\n|t:|1698977414\n|move|p1a: Zacian|Close Combat|p2a: Zamazenta\n|-supereffective|p2a: Zamazenta\n|-damage|p2a: Zamazenta|0 fnt\n|-unboost|p1a: Zacian|def|1\n|-unboost|p1a: Zacian|spd|1\n|faint|p2a: Zamazenta\n|-damage|p1a: Zacian|12\/100|[from] item: Life Orb\n|\n|win|Underhours\n|l|\u2606OreoMan789\n","uploadtime":1698977423,"views":46,"p1id":"underhours","p2id":"oreoman789","formatid":"gen9ubers","rating":0,"private":0,"password":""}