{"id":"gen9ubers-1985434128","p1":"MayatazKJ","p2":"LadyMaria-Blue","format":"[Gen 9] Ubers","log":"|j|\u2606MayatazKJ\n|j|\u2606LadyMaria-Blue\n|t:|1699374367\n|gametype|singles\n|player|p1|MayatazKJ|170|\n|player|p2|LadyMaria-Blue|cynthia|\n|teamsize|p1|6\n|teamsize|p2|6\n|gen|9\n|tier|[Gen 9] Ubers\n|rule|Sleep Clause Mod: Limit one foe put to sleep\n|rule|Species Clause: Limit one of each Pok\u00e9mon\n|rule|OHKO Clause: OHKO moves are banned\n|rule|Evasion Items Clause: Evasion items are banned\n|rule|Evasion Moves Clause: Evasion moves are banned\n|rule|Endless Battle Clause: Forcing endless battles is banned\n|rule|HP Percentage Mod: HP is shown in percentages\n|clearpoke\n|poke|p1|Arceus-Ice|\n|poke|p1|Slowking-Galar, F|\n|poke|p1|Magearna|\n|poke|p1|Espathra, F|\n|poke|p1|Baxcalibur, M|\n|poke|p1|Cyclizar, M|\n|poke|p2|Torkoal, F|\n|poke|p2|Roaring Moon|\n|poke|p2|Magearna|\n|poke|p2|Volcanion|\n|poke|p2|Chi-Yu|\n|poke|p2|Walking Wake|\n|teampreview\n|\n|t:|1699374384\n|start\n|switch|p1a: Cyclizar|Cyclizar, M|100\/100\n|switch|p2a: Torkoal|Torkoal, F|100\/100\n|-weather|SunnyDay|[from] ability: Drought|[of] p2a: Torkoal\n|turn|1\n|\n|t:|1699374397\n|switch|p2a: Roaring Moon|Roaring Moon|100\/100\n|-activate|p2a: Roaring Moon|ability: Protosynthesis\n|-start|p2a: Roaring Moon|protosynthesisspe\n|move|p1a: Cyclizar|Shed Tail|p1a: Cyclizar\n|-start|p1a: Cyclizar|Substitute|[from] move: Shed Tail\n|-damage|p1a: Cyclizar|50\/100\n|-enditem|p1a: Cyclizar|Sitrus Berry|[eat]\n|-heal|p1a: Cyclizar|75\/100|[from] item: Sitrus Berry\n|\n|t:|1699374401\n|switch|p1a: Espathra|Espathra, F|100\/100|[from] Shed Tail\n|\n|-weather|SunnyDay|[upkeep]\n|upkeep\n|turn|2\n|\n|t:|1699374404\n|move|p2a: Roaring Moon|Knock Off|p1a: Espathra\n|-supereffective|p1a: Espathra\n|-end|p1a: Espathra|Substitute\n|move|p1a: Espathra|Dazzling Gleam|p2a: Roaring Moon\n|-supereffective|p2a: Roaring Moon\n|-damage|p2a: Roaring Moon|31\/100\n|\n|-weather|SunnyDay|[upkeep]\n|-ability|p1a: Espathra|Speed Boost|boost\n|-boost|p1a: Espathra|spe|1\n|upkeep\n|turn|3\n|\n|t:|1699374415\n|-terastallize|p1a: Espathra|Fairy\n|move|p2a: Roaring Moon|Knock Off|p1a: Espathra\n|-resisted|p1a: Espathra\n|-damage|p1a: Espathra|64\/100\n|-enditem|p1a: Espathra|Leftovers|[from] move: Knock Off|[of] p2a: Roaring Moon\n|move|p1a: Espathra|Dazzling Gleam|p2a: Roaring Moon\n|-supereffective|p2a: Roaring Moon\n|-damage|p2a: Roaring Moon|0 fnt\n|faint|p2a: Roaring Moon\n|-end|p2a: Roaring Moon|Protosynthesis|[silent]\n|\n|-weather|SunnyDay|[upkeep]\n|-ability|p1a: Espathra|Speed Boost|boost\n|-boost|p1a: Espathra|spe|1\n|upkeep\n|\n|t:|1699374420\n|switch|p2a: Magearna|Magearna|100\/100\n|turn|4\n|\n|t:|1699374439\n|move|p1a: Espathra|Calm Mind|p1a: Espathra\n|-boost|p1a: Espathra|spa|1\n|-boost|p1a: Espathra|spd|1\n|move|p2a: Magearna|Flash Cannon|p1a: Espathra\n|-supereffective|p1a: Espathra\n|-damage|p1a: Espathra|0 fnt\n|faint|p1a: Espathra\n|-ability|p2a: Magearna|Soul-Heart|boost\n|-boost|p2a: Magearna|spa|1\n|-damage|p2a: Magearna|91\/100|[from] item: Life Orb\n|\n|-weather|SunnyDay|[upkeep]\n|upkeep\n|\n|t:|1699374451\n|switch|p1a: Cyclizar|Cyclizar, M|100\/100\n|turn|5\n|\n|t:|1699374454\n|move|p1a: Cyclizar|Shed Tail|p1a: Cyclizar\n|-start|p1a: Cyclizar|Substitute|[from] move: Shed Tail\n|-damage|p1a: Cyclizar|50\/100\n|\n|t:|1699374462\n|switch|p1a: Baxcalibur|Baxcalibur, M|100\/100|[from] Shed Tail\n|move|p2a: Magearna|Shift Gear|p2a: Magearna\n|-boost|p2a: Magearna|spe|2\n|-boost|p2a: Magearna|atk|1\n|\n|-weather|SunnyDay|[upkeep]\n|upkeep\n|turn|6\n|\n|t:|1699374468\n|move|p2a: Magearna|Flash Cannon|p1a: Baxcalibur\n|-supereffective|p1a: Baxcalibur\n|-end|p1a: Baxcalibur|Substitute\n|-damage|p2a: Magearna|81\/100|[from] item: Life Orb\n|move|p1a: Baxcalibur|Icicle Spear|p2a: Magearna\n|-resisted|p2a: Magearna\n|-damage|p2a: Magearna|73\/100\n|-resisted|p2a: Magearna\n|-damage|p2a: Magearna|65\/100\n|-resisted|p2a: Magearna\n|-damage|p2a: Magearna|57\/100\n|-resisted|p2a: Magearna\n|-damage|p2a: Magearna|50\/100\n|-hitcount|p2a: Magearna|4\n|\n|-weather|SunnyDay|[upkeep]\n|upkeep\n|turn|7\n|\n|t:|1699374479\n|switch|p1a: Magearna|Magearna|100\/100\n|move|p2a: Magearna|Flash Cannon|p1a: Magearna\n|-damage|p1a: Magearna|15\/100\n|-damage|p2a: Magearna|40\/100|[from] item: Life Orb\n|\n|-weather|SunnyDay|[upkeep]\n|upkeep\n|turn|8\n|\n|t:|1699374484\n|move|p2a: Magearna|Flash Cannon|p1a: Magearna\n|-damage|p1a: Magearna|0 fnt\n|faint|p1a: Magearna\n|-ability|p2a: Magearna|Soul-Heart|boost\n|-boost|p2a: Magearna|spa|1\n|-damage|p2a: Magearna|30\/100|[from] item: Life Orb\n|\n|-weather|none\n|upkeep\n|\n|t:|1699374495\n|switch|p1a: Slowking|Slowking-Galar, F|100\/100\n|turn|9\n|\n|t:|1699374501\n|move|p2a: Magearna|Flash Cannon|p1a: Slowking\n|-damage|p1a: Slowking|38\/100\n|-damage|p2a: Magearna|20\/100|[from] item: Life Orb\n|move|p1a: Slowking|Surf|p2a: Magearna\n|-damage|p2a: Magearna|0 fnt\n|faint|p2a: Magearna\n|\n|upkeep\n|\n|t:|1699374505\n|switch|p2a: Torkoal|Torkoal, F|100\/100\n|-weather|SunnyDay|[from] ability: Drought|[of] p2a: Torkoal\n|turn|10\n|\n|t:|1699374507\n|move|p2a: Torkoal|Stealth Rock|p1a: Slowking\n|-sidestart|p1: MayatazKJ|move: Stealth Rock\n|move|p1a: Slowking|Chilly Reception|p1a: Slowking\n|-weather|Snow\n|\n|t:|1699374514\n|switch|p1a: Cyclizar|Cyclizar, M|84\/100|[from] Chilly Reception\n|-damage|p1a: Cyclizar|71\/100|[from] Stealth Rock\n|\n|-weather|Snow|[upkeep]\n|upkeep\n|turn|11\n|\n|t:|1699374520\n|switch|p2a: Volcanion|Volcanion|100\/100\n|move|p1a: Cyclizar|Rapid Spin|p2a: Volcanion\n|-damage|p2a: Volcanion|87\/100\n|-boost|p1a: Cyclizar|spe|1\n|-sideend|p1: MayatazKJ|Stealth Rock|[from] move: Rapid Spin|[of] p1a: Cyclizar\n|\n|-weather|Snow|[upkeep]\n|upkeep\n|turn|12\n|\n|t:|1699374523\n|move|p1a: Cyclizar|Shed Tail|p1a: Cyclizar\n|-start|p1a: Cyclizar|Substitute|[from] move: Shed Tail\n|-damage|p1a: Cyclizar|21\/100\n|\n|t:|1699374526\n|switch|p1a: Baxcalibur|Baxcalibur, M|100\/100|[from] Shed Tail\n|move|p2a: Volcanion|Substitute|p2a: Volcanion\n|-start|p2a: Volcanion|Substitute\n|-damage|p2a: Volcanion|62\/100\n|\n|-weather|Snow|[upkeep]\n|upkeep\n|turn|13\n|\n|t:|1699374529\n|move|p1a: Baxcalibur|Scale Shot|p2a: Volcanion\n|-activate|p2a: Volcanion|move: Substitute|[damage]\n|-crit|p2a: Volcanion\n|-end|p2a: Volcanion|Substitute\n|-damage|p2a: Volcanion|50\/100\n|-damage|p2a: Volcanion|39\/100\n|-damage|p2a: Volcanion|27\/100\n|-hitcount|p2a: Volcanion|5\n|-unboost|p1a: Baxcalibur|def|1\n|-boost|p1a: Baxcalibur|spe|1\n|move|p2a: Volcanion|Earth Power|p1a: Baxcalibur\n|-end|p1a: Baxcalibur|Substitute\n|\n|-weather|Snow|[upkeep]\n|upkeep\n|turn|14\n|\n|t:|1699374540\n|switch|p2a: Torkoal|Torkoal, F|100\/100\n|-weather|SunnyDay|[from] ability: Drought|[of] p2a: Torkoal\n|move|p1a: Baxcalibur|Scale Shot|p2a: Torkoal\n|-damage|p2a: Torkoal|90\/100\n|-damage|p2a: Torkoal|79\/100\n|-damage|p2a: Torkoal|69\/100\n|-damage|p2a: Torkoal|58\/100\n|-damage|p2a: Torkoal|47\/100\n|-hitcount|p2a: Torkoal|5\n|-unboost|p1a: Baxcalibur|def|1\n|-boost|p1a: Baxcalibur|spe|1\n|\n|-weather|SunnyDay|[upkeep]\n|upkeep\n|turn|15\n|\n|t:|1699374554\n|move|p1a: Baxcalibur|Swords Dance|p1a: Baxcalibur\n|-boost|p1a: Baxcalibur|atk|2\n|move|p2a: Torkoal|Yawn|p1a: Baxcalibur\n|-start|p1a: Baxcalibur|move: Yawn|[of] p2a: Torkoal\n|\n|-weather|SunnyDay|[upkeep]\n|upkeep\n|turn|16\n|\n|t:|1699374560\n|switch|p1a: Slowking|Slowking-Galar, F|71\/100\n|move|p2a: Torkoal|Stealth Rock|p1a: Slowking\n|-sidestart|p1: MayatazKJ|move: Stealth Rock\n|\n|-weather|SunnyDay|[upkeep]\n|upkeep\n|turn|17\n|\n|t:|1699374563\n|switch|p2a: Chi-Yu|Chi-Yu|100\/100\n|-ability|p2a: Chi-Yu|Beads of Ruin\n|move|p1a: Slowking|Chilly Reception|p1a: Slowking\n|-weather|Snow\n|\n|t:|1699374571\n|switch|p1a: Cyclizar|Cyclizar, M|54\/100|[from] Chilly Reception\n|-damage|p1a: Cyclizar|42\/100|[from] Stealth Rock\n|\n|-weather|Snow|[upkeep]\n|upkeep\n|turn|18\n|\n|t:|1699374576\n|move|p2a: Chi-Yu|Dark Pulse|p1a: Cyclizar\n|-damage|p1a: Cyclizar|0 fnt\n|faint|p1a: Cyclizar\n|\n|-weather|Snow|[upkeep]\n|upkeep\n|\n|t:|1699374585\n|switch|p1a: Arceus|Arceus-Ice|100\/100\n|-damage|p1a: Arceus|76\/100|[from] Stealth Rock\n|turn|19\n|\n|t:|1699374588\n|switch|p2a: Torkoal|Torkoal, F|47\/100\n|-weather|SunnyDay|[from] ability: Drought|[of] p2a: Torkoal\n|move|p1a: Arceus|Thunderbolt|p2a: Torkoal\n|-damage|p2a: Torkoal|20\/100\n|\n|-weather|SunnyDay|[upkeep]\n|upkeep\n|turn|20\n|\n|t:|1699374594\n|move|p1a: Arceus|Calm Mind|p1a: Arceus\n|-boost|p1a: Arceus|spa|1\n|-boost|p1a: Arceus|spd|1\n|move|p2a: Torkoal|Lava Plume|p1a: Arceus\n|-supereffective|p1a: Arceus\n|-damage|p1a: Arceus|40\/100\n|\n|-weather|SunnyDay|[upkeep]\n|upkeep\n|turn|21\n|\n|t:|1699374597\n|move|p1a: Arceus|Thunderbolt|p2a: Torkoal\n|-damage|p2a: Torkoal|0 fnt\n|faint|p2a: Torkoal\n|\n|-weather|SunnyDay|[upkeep]\n|upkeep\n|\n|t:|1699374600\n|switch|p2a: Chi-Yu|Chi-Yu|100\/100\n|-ability|p2a: Chi-Yu|Beads of Ruin\n|turn|22\n|\n|t:|1699374604\n|move|p2a: Chi-Yu|Fire Blast|p1a: Arceus\n|-supereffective|p1a: Arceus\n|-damage|p1a: Arceus|0 fnt\n|faint|p1a: Arceus\n|\n|-weather|SunnyDay|[upkeep]\n|upkeep\n|\n|t:|1699374607\n|switch|p1a: Slowking|Slowking-Galar, F|100\/100\n|turn|23\n|\n|t:|1699374614\n|-terastallize|p2a: Chi-Yu|Fire\n|move|p2a: Chi-Yu|Fire Blast|p1a: Slowking\n|-damage|p1a: Slowking|4\/100\n|move|p1a: Slowking|Chilly Reception|p1a: Slowking\n|-weather|Snow\n|\n|t:|1699374679\n|switch|p1a: Baxcalibur|Baxcalibur, M|100\/100|[from] Chilly Reception\n|-damage|p1a: Baxcalibur|76\/100|[from] Stealth Rock\n|\n|-weather|Snow|[upkeep]\n|upkeep\n|turn|24\n|\n|t:|1699374689\n|move|p2a: Chi-Yu|Fire Blast|p1a: Baxcalibur\n|-damage|p1a: Baxcalibur|0 fnt\n|faint|p1a: Baxcalibur\n|\n|-weather|Snow|[upkeep]\n|upkeep\n|c|\u2606MayatazKJ|gg\n|\n|t:|1699374695\n|switch|p1a: Slowking|Slowking-Galar, F|37\/100\n|turn|25\n|\n|t:|1699374698\n|move|p2a: Chi-Yu|Fire Blast|p1a: Slowking\n|-damage|p1a: Slowking|0 fnt\n|faint|p1a: Slowking\n|\n|win|LadyMaria-Blue\n|c|\u2606LadyMaria-Blue|ggs\n|l|\u2606MayatazKJ\n","uploadtime":1699374761,"views":26,"p1id":"mayatazkj","p2id":"ladymariablue","formatid":"gen9ubers","rating":0,"private":0,"password":""}