{"id":"gen9ubers-1981089380","p1":"XpokVEVO","p2":"vespyyy","format":"[Gen 9] Ubers","log":"|j|\u2606XpokVEVO\n|j|\u2606vespyyy\n|t:|1698862699\n|gametype|singles\n|player|p1|XpokVEVO|rika|\n|player|p2|vespyyy|juggler|\n|teamsize|p1|6\n|teamsize|p2|6\n|gen|9\n|tier|[Gen 9] Ubers\n|rule|Sleep Clause Mod: Limit one foe put to sleep\n|rule|Species Clause: Limit one of each Pok\u00e9mon\n|rule|OHKO Clause: OHKO moves are banned\n|rule|Evasion Items Clause: Evasion items are banned\n|rule|Evasion Moves Clause: Evasion moves are banned\n|rule|Endless Battle Clause: Forcing endless battles is banned\n|rule|HP Percentage Mod: HP is shown in percentages\n|clearpoke\n|poke|p1|Cyclizar, M|\n|poke|p1|Espathra, F|\n|poke|p1|Magearna|\n|poke|p1|Zacian-*|\n|poke|p1|Roaring Moon|\n|poke|p1|Arceus-Fire|\n|poke|p2|Blissey, F|\n|poke|p2|Moltres|\n|poke|p2|Arceus-Dark|\n|poke|p2|Garganacl, F|\n|poke|p2|Magearna|\n|poke|p2|Mandibuzz, F|\n|teampreview\n|inactive|Battle timer is ON: inactive players will automatically lose when time's up. (requested by XpokVEVO)\n|c|\u2606XpokVEVO|arceus change?\n|\n|t:|1698862711\n|start\n|switch|p1a: Akira|Cyclizar, M|100\/100\n|switch|p2a: Magearna|Magearna|100\/100\n|turn|1\n|c|\u2606XpokVEVO|what was it before\n|c|\u2606XpokVEVO|imagine how funny it would be if arceus form was hidden\n|\n|t:|1698862728\n|move|p1a: Akira|Shed Tail|p1a: Akira\n|-start|p1a: Akira|Substitute|[from] move: Shed Tail\n|-damage|p1a: Akira|50\/100\n|\n|t:|1698862733\n|switch|p1a: Ar\u0441eus-Fighting|Arceus-Fire, shiny|100\/100|[from] Shed Tail\n|move|p2a: Magearna|Ice Beam|p1a: Ar\u0441eus-Fighting\n|-resisted|p1a: Ar\u0441eus-Fighting\n|-activate|p1a: Ar\u0441eus-Fighting|move: Substitute|[damage]\n|\n|upkeep\n|turn|2\n|\n|t:|1698862745\n|switch|p2a: Moltres|Moltres|100\/100\n|move|p1a: Ar\u0441eus-Fighting|Dragon Dance|p1a: Ar\u0441eus-Fighting\n|-boost|p1a: Ar\u0441eus-Fighting|atk|1\n|-boost|p1a: Ar\u0441eus-Fighting|spe|1\n|\n|upkeep\n|turn|3\n|\n|t:|1698862747\n|move|p1a: Ar\u0441eus-Fighting|Tera Blast|p2a: Moltres\n|-damage|p2a: Moltres|79\/100\n|move|p2a: Moltres|Roar|p1a: Ar\u0441eus-Fighting\n|drag|p1a: Akira|Cyclizar, M|84\/100\n|\n|upkeep\n|turn|4\n|\n|t:|1698862756\n|move|p1a: Akira|Taunt|p2a: Moltres\n|-start|p2a: Moltres|move: Taunt\n|move|p2a: Moltres|Hurricane|p1a: Akira\n|-damage|p1a: Akira|22\/100\n|\n|upkeep\n|turn|5\n|\n|t:|1698862763\n|switch|p1a: Aunt Fanny|Magearna|100\/100\n|switch|p2a: Magearna|Magearna|100\/100\n|\n|upkeep\n|turn|6\n|\n|t:|1698862767\n|switch|p2a: Moltres|Moltres|79\/100\n|move|p1a: Aunt Fanny|Thunder Wave|p2a: Moltres\n|-status|p2a: Moltres|par\n|\n|upkeep\n|turn|7\n|\n|t:|1698862773\n|move|p1a: Aunt Fanny|Shift Gear|p1a: Aunt Fanny\n|-boost|p1a: Aunt Fanny|spe|2\n|-boost|p1a: Aunt Fanny|atk|1\n|move|p2a: Moltres|Roar|p1a: Aunt Fanny\n|drag|p1a: Akira|Cyclizar, M|55\/100\n|\n|upkeep\n|turn|8\n|\n|t:|1698862792\n|switch|p1a: Aunt Fanny|Magearna|100\/100\n|switch|p2a: Arceus|Arceus-Dark|100\/100\n|\n|upkeep\n|turn|9\n|\n|t:|1698862798\n|-terastallize|p2a: Arceus|Fairy\n|move|p2a: Arceus|Calm Mind|p2a: Arceus\n|-boost|p2a: Arceus|spa|1\n|-boost|p2a: Arceus|spd|1\n|move|p1a: Aunt Fanny|Shift Gear|p1a: Aunt Fanny\n|-boost|p1a: Aunt Fanny|spe|2\n|-boost|p1a: Aunt Fanny|atk|1\n|\n|upkeep\n|turn|10\n|\n|t:|1698862801\n|move|p1a: Aunt Fanny|Thunder Wave|p2a: Arceus\n|-status|p2a: Arceus|par\n|move|p2a: Arceus|Calm Mind|p2a: Arceus\n|-boost|p2a: Arceus|spa|1\n|-boost|p2a: Arceus|spd|1\n|\n|upkeep\n|turn|11\n|\n|t:|1698862804\n|move|p1a: Aunt Fanny|Flash Cannon|p2a: Arceus\n|-supereffective|p2a: Arceus\n|-damage|p2a: Arceus|70\/100 par\n|move|p2a: Arceus|Roar|p1a: Aunt Fanny\n|drag|p1a: Emu War|Espathra, F|100\/100\n|\n|upkeep\n|turn|12\n|\n|t:|1698862815\n|switch|p1a: Aunt Fanny|Magearna|100\/100\n|move|p2a: Arceus|Recover|p2a: Arceus\n|-heal|p2a: Arceus|100\/100 par\n|\n|upkeep\n|turn|13\n|\n|t:|1698862817\n|move|p1a: Aunt Fanny|Flash Cannon|p2a: Arceus\n|-supereffective|p2a: Arceus\n|-damage|p2a: Arceus|72\/100 par\n|move|p2a: Arceus|Roar|p1a: Aunt Fanny\n|drag|p1a: Roaring Peak|Roaring Moon|100\/100\n|-enditem|p1a: Roaring Peak|Booster Energy\n|-activate|p1a: Roaring Peak|ability: Protosynthesis|[fromitem]\n|-start|p1a: Roaring Peak|protosynthesisspe\n|\n|upkeep\n|turn|14\n|\n|t:|1698862826\n|-end|p1a: Roaring Peak|Protosynthesis|[silent]\n|switch|p1a: Ar\u0441eus-Fighting|Arceus-Fire, shiny|100\/100\n|cant|p2a: Arceus|par\n|\n|upkeep\n|turn|15\n|\n|t:|1698862829\n|cant|p2a: Arceus|par\n|move|p1a: Ar\u0441eus-Fighting|Roar|p2a: Arceus\n|drag|p2a: Mandibuzz|Mandibuzz, F|100\/100\n|\n|upkeep\n|turn|16\n|\n|t:|1698862832\n|switch|p1a: Aunt Fanny|Magearna|100\/100\n|move|p2a: Mandibuzz|Toxic|p1a: Aunt Fanny\n|-immune|p1a: Aunt Fanny\n|\n|upkeep\n|turn|17\n|c|\u2606XpokVEVO|this is so funny\n|c|\u2606XpokVEVO|im outstalling stall\n|\n|t:|1698862851\n|switch|p2a: Moltres|Moltres|79\/100 par\n|move|p1a: Aunt Fanny|Shift Gear|p1a: Aunt Fanny\n|-boost|p1a: Aunt Fanny|spe|2\n|-boost|p1a: Aunt Fanny|atk|1\n|\n|upkeep\n|turn|18\n|\n|t:|1698862855\n|move|p1a: Aunt Fanny|Flash Cannon|p2a: Moltres\n|-resisted|p2a: Moltres\n|-damage|p2a: Moltres|55\/100 par\n|cant|p2a: Moltres|par\n|\n|upkeep\n|turn|19\n|\n|t:|1698862857\n|move|p1a: Aunt Fanny|Flash Cannon|p2a: Moltres\n|-resisted|p2a: Moltres\n|-damage|p2a: Moltres|30\/100 par\n|move|p2a: Moltres|Roar|p1a: Aunt Fanny\n|drag|p1a: Ar\u0441eus-Fighting|Arceus-Fire, shiny|100\/100\n|\n|upkeep\n|turn|20\n|\n|t:|1698862864\n|move|p1a: Ar\u0441eus-Fighting|Dragon Dance|p1a: Ar\u0441eus-Fighting\n|-boost|p1a: Ar\u0441eus-Fighting|atk|1\n|-boost|p1a: Ar\u0441eus-Fighting|spe|1\n|move|p2a: Moltres|Roost|p2a: Moltres\n|-heal|p2a: Moltres|80\/100 par\n|-singleturn|p2a: Moltres|move: Roost\n|\n|upkeep\n|turn|21\n|\n|t:|1698862868\n|move|p1a: Ar\u0441eus-Fighting|Roar|p2a: Moltres\n|drag|p2a: Blissey|Blissey, F|100\/100\n|\n|upkeep\n|turn|22\n|\n|t:|1698862874\n|switch|p2a: Garganacl|Garganacl, F|100\/100\n|move|p1a: Ar\u0441eus-Fighting|Dragon Dance|p1a: Ar\u0441eus-Fighting\n|-boost|p1a: Ar\u0441eus-Fighting|atk|1\n|-boost|p1a: Ar\u0441eus-Fighting|spe|1\n|\n|upkeep\n|turn|23\n|\n|t:|1698862883\n|-terastallize|p1a: Ar\u0441eus-Fighting|Fairy\n|move|p1a: Ar\u0441eus-Fighting|Flare Blitz|p2a: Garganacl\n|-resisted|p2a: Garganacl\n|-damage|p2a: Garganacl|63\/100\n|-damage|p1a: Ar\u0441eus-Fighting|89\/100|[from] Recoil\n|move|p2a: Garganacl|Salt Cure|p1a: Ar\u0441eus-Fighting\n|-damage|p1a: Ar\u0441eus-Fighting|80\/100\n|-start|p1a: Ar\u0441eus-Fighting|Salt Cure\n|\n|-heal|p2a: Garganacl|70\/100|[from] item: Leftovers\n|-damage|p1a: Ar\u0441eus-Fighting|68\/100|[from] Salt Cure\n|upkeep\n|turn|24\n|c|\u2606XpokVEVO|thats\n|c|\u2606XpokVEVO|a lot of\n|\n|t:|1698862890\n|move|p1a: Ar\u0441eus-Fighting|Tera Blast|p2a: Garganacl|[anim] Tera Blast Fairy\n|-damage|p2a: Garganacl|27\/100\n|move|p2a: Garganacl|Iron Defense|p2a: Garganacl\n|-boost|p2a: Garganacl|def|2\n|\n|-heal|p2a: Garganacl|33\/100|[from] item: Leftovers\n|-damage|p1a: Ar\u0441eus-Fighting|56\/100|[from] Salt Cure\n|upkeep\n|turn|25\n|\n|t:|1698862893\n|move|p2a: Garganacl|Recover|p2a: Garganacl\n|-heal|p2a: Garganacl|83\/100\n|move|p1a: Ar\u0441eus-Fighting|Roar|p2a: Garganacl\n|drag|p2a: Moltres|Moltres|80\/100 par\n|\n|-damage|p1a: Ar\u0441eus-Fighting|43\/100|[from] Salt Cure\n|upkeep\n|turn|26\n|\n|t:|1698862895\n|move|p1a: Ar\u0441eus-Fighting|Flare Blitz|p2a: Moltres\n|-resisted|p2a: Moltres\n|-damage|p2a: Moltres|23\/100 par\n|-damage|p1a: Ar\u0441eus-Fighting|27\/100|[from] Recoil\n|cant|p2a: Moltres|par\n|\n|-damage|p1a: Ar\u0441eus-Fighting|14\/100|[from] Salt Cure\n|upkeep\n|turn|27\n|\n|t:|1698862899\n|move|p1a: Ar\u0441eus-Fighting|Tera Blast|p2a: Moltres|[anim] Tera Blast Fairy\n|-resisted|p2a: Moltres\n|-damage|p2a: Moltres|0 fnt\n|faint|p2a: Moltres\n|\n|-damage|p1a: Ar\u0441eus-Fighting|2\/100|[from] Salt Cure\n|upkeep\n|\n|t:|1698862903\n|switch|p2a: Garganacl|Garganacl, F|83\/100\n|turn|28\n|\n|t:|1698862907\n|move|p2a: Garganacl|Salt Cure|p1a: Ar\u0441eus-Fighting\n|-damage|p1a: Ar\u0441eus-Fighting|0 fnt\n|faint|p1a: Ar\u0441eus-Fighting\n|\n|-heal|p2a: Garganacl|89\/100|[from] item: Leftovers\n|upkeep\n|\n|t:|1698862912\n|switch|p1a: Aunt Fanny|Magearna|100\/100\n|turn|29\n|\n|t:|1698862914\n|move|p1a: Aunt Fanny|Shift Gear|p1a: Aunt Fanny\n|-boost|p1a: Aunt Fanny|spe|2\n|-boost|p1a: Aunt Fanny|atk|1\n|move|p2a: Garganacl|Salt Cure|p1a: Aunt Fanny\n|-resisted|p1a: Aunt Fanny\n|-damage|p1a: Aunt Fanny|94\/100\n|-start|p1a: Aunt Fanny|Salt Cure\n|\n|-heal|p2a: Garganacl|96\/100|[from] item: Leftovers\n|-damage|p1a: Aunt Fanny|69\/100|[from] Salt Cure\n|upkeep\n|turn|30\n|\n|t:|1698862918\n|switch|p2a: Arceus|Arceus-Dark, tera:Fairy|72\/100 par\n|move|p1a: Aunt Fanny|Flash Cannon|p2a: Arceus\n|-supereffective|p2a: Arceus\n|-damage|p2a: Arceus|11\/100 par\n|\n|-damage|p1a: Aunt Fanny|44\/100|[from] Salt Cure\n|upkeep\n|turn|31\n|\n|t:|1698862926\n|switch|p2a: Magearna|Magearna|100\/100\n|move|p1a: Aunt Fanny|Thunder Wave|p2a: Magearna\n|-status|p2a: Magearna|par\n|\n|-damage|p1a: Aunt Fanny|19\/100|[from] Salt Cure\n|upkeep\n|turn|32\n|\n|t:|1698862934\n|switch|p1a: Akira|Cyclizar, M|89\/100\n|move|p2a: Magearna|Spikes|p1a: Akira\n|-sidestart|p1: XpokVEVO|Spikes\n|\n|upkeep\n|turn|33\n|\n|t:|1698862937\n|move|p1a: Akira|Shed Tail|p1a: Akira\n|-start|p1a: Akira|Substitute|[from] move: Shed Tail\n|-damage|p1a: Akira|38\/100\n|\n|t:|1698862942\n|switch|p1a: Princess|Zacian, shiny|100\/100|[from] Shed Tail\n|-damage|p1a: Princess|88\/100|[from] Spikes\n|-ability|p1a: Princess|Intrepid Sword|boost\n|-boost|p1a: Princess|atk|1\n|cant|p2a: Magearna|par\n|\n|upkeep\n|turn|34\n|\n|t:|1698862948\n|move|p1a: Princess|Swords Dance|p1a: Princess\n|-boost|p1a: Princess|atk|2\n|cant|p2a: Magearna|par\n|\n|upkeep\n|turn|35\n|\n|t:|1698862951\n|move|p1a: Princess|Close Combat|p2a: Magearna\n|-damage|p2a: Magearna|0 fnt\n|-unboost|p1a: Princess|def|1\n|-unboost|p1a: Princess|spd|1\n|faint|p2a: Magearna\n|-damage|p1a: Princess|78\/100|[from] item: Life Orb\n|\n|upkeep\n|c|\u2606XpokVEVO|gg?\n|c|\u2606vespyyy|I clicked encore too\n|c|\u2606vespyyy|:\/\n|\n|t:|1698862966\n|switch|p2a: Garganacl|Garganacl, F|96\/100\n|turn|36\n|c|\u2606XpokVEVO|dont leave yet\n|c|\u2606XpokVEVO|the thing is\n|c|\u2606XpokVEVO|yeah you get bad paras\n|c|\u2606XpokVEVO|but that also comes from a lot of your mons ending up parad\n|c|\u2606vespyyy|Yeah i get that\n|inactive|vespyyy has 270 seconds left.\n|c|\u2606vespyyy|I cant do anything abt it\n|c|\u2606vespyyy|Never got a chance to heal bell\n|c|\u2606XpokVEVO|not playing stall:\n|-message|vespyyy forfeited.\n|\n|win|XpokVEVO\n|l|\u2606vespyyy\n|j|\u2606vespyyy\n|player|p2|vespyyy|juggler\n","uploadtime":1698863029,"views":31,"p1id":"xpokvevo","p2id":"vespyyy","formatid":"gen9ubers","rating":0,"private":0,"password":""}