{"id":"gen9ubers-1970416167","p1":"Kabunger","p2":"BlisseyHasSpecsKEK","format":"[Gen 9] Ubers","log":"|j|\u2606Kabunger\n|j|\u2606BlisseyHasSpecsKEK\n|t:|1697637166\n|gametype|singles\n|player|p1|Kabunger|hilda-wonderlauncher|\n|player|p2|BlisseyHasSpecsKEK|2|\n|teamsize|p1|6\n|teamsize|p2|6\n|gen|9\n|tier|[Gen 9] Ubers\n|rule|Sleep Clause Mod: Limit one foe put to sleep\n|rule|Species Clause: Limit one of each Pok\u00e9mon\n|rule|OHKO Clause: OHKO moves are banned\n|rule|Evasion Items Clause: Evasion items are banned\n|rule|Evasion Moves Clause: Evasion moves are banned\n|rule|Endless Battle Clause: Forcing endless battles is banned\n|rule|HP Percentage Mod: HP is shown in percentages\n|clearpoke\n|poke|p1|Palafin, M|\n|poke|p1|Cyclizar, M|\n|poke|p1|Dialga|\n|poke|p1|Weezing-Galar, M|\n|poke|p1|Scream Tail|\n|poke|p1|Gastrodon-East, M|\n|poke|p2|Magearna|\n|poke|p2|Ursaluna-Bloodmoon, M|\n|poke|p2|Cresselia, F|\n|poke|p2|Magnezone|\n|poke|p2|Shaymin-Sky|\n|poke|p2|Hatterene, F|\n|teampreview\n|inactive|Battle timer is ON: inactive players will automatically lose when time's up. (requested by BlisseyHasSpecsKEK)\n|c|\u2606Kabunger|no way,,, trick house\n|\n|t:|1697637193\n|start\n|switch|p1a: Palafin|Palafin, M|100\/100\n|switch|p2a: Ursaluna|Ursaluna-Bloodmoon, M|100\/100\n|turn|1\n|\n|t:|1697637206\n|detailschange|p1a: Palafin|Palafin-Hero, M\n|switch|p1a: Gastrodon|Gastrodon-East, M|100\/100\n|move|p2a: Ursaluna|Blood Moon|p1a: Gastrodon\n|-damage|p1a: Gastrodon|45\/100\n|\n|-heal|p1a: Gastrodon|51\/100|[from] item: Leftovers\n|upkeep\n|turn|2\n|\n|t:|1697637214\n|switch|p2a: Cresselia|Cresselia, F|100\/100\n|move|p1a: Gastrodon|Recover|p1a: Gastrodon\n|-heal|p1a: Gastrodon|100\/100\n|\n|upkeep\n|turn|3\n|\n|t:|1697637218\n|move|p1a: Gastrodon|Yawn|p2a: Cresselia\n|-start|p2a: Cresselia|move: Yawn|[of] p1a: Gastrodon\n|move|p2a: Cresselia|Trick Room|p2a: Cresselia\n|-fieldstart|move: Trick Room|[of] p2a: Cresselia\n|\n|upkeep\n|turn|4\n|inactive|BlisseyHasSpecsKEK has 270 seconds left.\n|\n|t:|1697637251\n|switch|p2a: Shaymin|Shaymin-Sky|100\/100\n|move|p1a: Gastrodon|Earth Power|p2a: Shaymin\n|-immune|p2a: Shaymin\n|\n|upkeep\n|turn|5\n|\n|t:|1697637259\n|switch|p1a: Scream Tail|Scream Tail|100\/100\n|move|p2a: Shaymin|Seed Flare|p1a: Scream Tail|[miss]\n|-miss|p2a: Shaymin|p1a: Scream Tail\n|\n|upkeep\n|turn|6\n|\n|t:|1697637269\n|switch|p2a: TheMagearnaZone|Magnezone, shiny|100\/100\n|move|p1a: Scream Tail|Thunder Wave|p2a: TheMagearnaZone\n|-immune|p2a: TheMagearnaZone\n|\n|upkeep\n|turn|7\n|\n|t:|1697637279\n|switch|p2a: Shaymin|Shaymin-Sky|100\/100\n|-end|p1a: Scream Tail|Protosynthesis|[silent]\n|switch|p1a: Gastrodon|Gastrodon-East, M|100\/100\n|\n|-fieldend|move: Trick Room\n|upkeep\n|turn|8\n|\n|t:|1697637286\n|switch|p1a: Dialga|Dialga|100\/100\n|-ability|p1a: Dialga|Pressure\n|move|p2a: Shaymin|Earth Power|p1a: Dialga\n|-supereffective|p1a: Dialga\n|-enditem|p1a: Dialga|Shuca Berry|[eat]\n|-enditem|p1a: Dialga|Shuca Berry|[weaken]\n|-damage|p1a: Dialga|66\/100\n|-unboost|p1a: Dialga|spd|1\n|-damage|p2a: Shaymin|91\/100|[from] item: Life Orb\n|\n|upkeep\n|turn|9\n|\n|t:|1697637302\n|switch|p1a: Weezing|Weezing-Galar, M|100\/100\n|move|p2a: Shaymin|Earth Power|p1a: Weezing\n|-immune|p1a: Weezing|[from] ability: Levitate\n|\n|upkeep\n|turn|10\n|\n|t:|1697637320\n|switch|p2a: Magearna|Magearna|100\/100\n|switch|p1a: Scream Tail|Scream Tail|100\/100\n|\n|upkeep\n|turn|11\n|\n|t:|1697637325\n|switch|p2a: TheMagearnaZone|Magnezone, shiny|100\/100\n|move|p1a: Scream Tail|Protect||[still]\n|-fail|p1a: Scream Tail\n|\n|upkeep\n|turn|12\n|\n|t:|1697637333\n|switch|p2a: Shaymin|Shaymin-Sky|91\/100\n|move|p1a: Scream Tail|Wish|p1a: Scream Tail\n|\n|upkeep\n|turn|13\n|\n|t:|1697637338\n|switch|p2a: TheMagearnaZone|Magnezone, shiny|100\/100\n|move|p1a: Scream Tail|Thunder Wave|p2a: TheMagearnaZone\n|-immune|p2a: TheMagearnaZone\n|\n|upkeep\n|turn|14\n|\n|t:|1697637345\n|-end|p1a: Scream Tail|Protosynthesis|[silent]\n|switch|p1a: Gastrodon|Gastrodon-East, M|100\/100\n|move|p2a: TheMagearnaZone|Flash Cannon|p1a: Gastrodon\n|-resisted|p1a: Gastrodon\n|-damage|p1a: Gastrodon|88\/100\n|-unboost|p1a: Gastrodon|spd|1\n|\n|-heal|p1a: Gastrodon|94\/100|[from] item: Leftovers\n|upkeep\n|turn|15\n|\n|t:|1697637350\n|switch|p2a: Cresselia|Cresselia, F|100\/100\n|move|p1a: Gastrodon|Ice Beam|p2a: Cresselia\n|-damage|p2a: Cresselia|88\/100\n|\n|-heal|p2a: Cresselia|94\/100|[from] item: Leftovers\n|-heal|p1a: Gastrodon|99\/100|[from] item: Leftovers\n|upkeep\n|turn|16\n|\n|t:|1697637360\n|move|p2a: Cresselia|Psyshock|p1a: Gastrodon\n|-damage|p1a: Gastrodon|64\/100\n|move|p1a: Gastrodon|Yawn|p2a: Cresselia\n|-start|p2a: Cresselia|move: Yawn|[of] p1a: Gastrodon\n|\n|-heal|p2a: Cresselia|99\/100|[from] item: Leftovers\n|-heal|p1a: Gastrodon|70\/100|[from] item: Leftovers\n|upkeep\n|turn|17\n|\n|t:|1697637371\n|switch|p2a: Ursaluna|Ursaluna-Bloodmoon, M|100\/100\n|move|p1a: Gastrodon|Recover|p1a: Gastrodon\n|-heal|p1a: Gastrodon|100\/100\n|\n|upkeep\n|turn|18\n|\n|t:|1697637382\n|move|p2a: Ursaluna|Blood Moon|p1a: Gastrodon\n|-damage|p1a: Gastrodon|16\/100\n|move|p1a: Gastrodon|Yawn|p2a: Ursaluna\n|-start|p2a: Ursaluna|move: Yawn|[of] p1a: Gastrodon\n|\n|-heal|p1a: Gastrodon|22\/100|[from] item: Leftovers\n|upkeep\n|turn|19\n|\n|t:|1697637392\n|switch|p2a: Shaymin|Shaymin-Sky|91\/100\n|switch|p1a: Weezing|Weezing-Galar, M|100\/100\n|\n|upkeep\n|turn|20\n|\n|t:|1697637402\n|switch|p2a: TheMagearnaZone|Magnezone, shiny|100\/100\n|move|p1a: Weezing|Will-O-Wisp|p2a: TheMagearnaZone\n|-status|p2a: TheMagearnaZone|brn\n|\n|-damage|p2a: TheMagearnaZone|94\/100 brn|[from] brn\n|upkeep\n|turn|21\n|\n|t:|1697637411\n|switch|p1a: Gastrodon|Gastrodon-East, M|22\/100\n|switch|p2a: Shaymin|Shaymin-Sky|91\/100\n|\n|-heal|p1a: Gastrodon|28\/100|[from] item: Leftovers\n|upkeep\n|turn|22\n|\n|t:|1697637422\n|move|p2a: Shaymin|Air Slash|p1a: Gastrodon\n|-damage|p1a: Gastrodon|0 fnt\n|faint|p1a: Gastrodon\n|-damage|p2a: Shaymin|81\/100|[from] item: Life Orb\n|\n|upkeep\n|\n|t:|1697637430\n|switch|p1a: Scream Tail|Scream Tail|100\/100\n|turn|23\n|\n|t:|1697637433\n|switch|p2a: TheMagearnaZone|Magnezone, shiny|94\/100 brn\n|move|p1a: Scream Tail|Play Rough|p2a: TheMagearnaZone\n|-resisted|p2a: TheMagearnaZone\n|-damage|p2a: TheMagearnaZone|85\/100 brn\n|\n|-heal|p2a: TheMagearnaZone|91\/100 brn|[from] item: Leftovers\n|-damage|p2a: TheMagearnaZone|85\/100 brn|[from] brn\n|upkeep\n|turn|24\n|\n|t:|1697637440\n|move|p1a: Scream Tail|Wish|p1a: Scream Tail\n|move|p2a: TheMagearnaZone|Substitute|p2a: TheMagearnaZone\n|-start|p2a: TheMagearnaZone|Substitute\n|-damage|p2a: TheMagearnaZone|60\/100 brn\n|\n|-heal|p2a: TheMagearnaZone|66\/100 brn|[from] item: Leftovers\n|-damage|p2a: TheMagearnaZone|60\/100 brn|[from] brn\n|upkeep\n|turn|25\n|\n|t:|1697637445\n|-end|p1a: Scream Tail|Protosynthesis|[silent]\n|switch|p1a: Dialga|Dialga|66\/100\n|-ability|p1a: Dialga|Pressure\n|move|p2a: TheMagearnaZone|Charge Beam|p1a: Dialga\n|-resisted|p1a: Dialga\n|-damage|p1a: Dialga|57\/100\n|-boost|p2a: TheMagearnaZone|spa|1\n|\n|-heal|p1a: Dialga|100\/100|[from] move: Wish|[wisher] Scream Tail\n|-heal|p2a: TheMagearnaZone|66\/100 brn|[from] item: Leftovers\n|-damage|p2a: TheMagearnaZone|60\/100 brn|[from] brn\n|upkeep\n|turn|26\n|\n|t:|1697637457\n|move|p2a: TheMagearnaZone|Light Screen|p2a: TheMagearnaZone\n|-sidestart|p2: BlisseyHasSpecsKEK|move: Light Screen\n|move|p1a: Dialga|Roar|p2a: TheMagearnaZone\n|drag|p2a: Hatterene|Hatterene, F|100\/100\n|\n|upkeep\n|turn|27\n|c|\u2606BlisseyHasSpecsKEK|The anti magearna tech\n|\n|t:|1697637480\n|move|p1a: Dialga|Flash Cannon|p2a: Hatterene\n|-supereffective|p2a: Hatterene\n|-damage|p2a: Hatterene|50\/100\n|-enditem|p2a: Hatterene|Eject Button\n|\n|t:|1697637489\n|switch|p2a: Ursaluna|Ursaluna-Bloodmoon, M|100\/100\n|\n|upkeep\n|turn|28\n|c|\u2606Kabunger|and there she goes\n|\n|t:|1697637500\n|move|p1a: Dialga|Draco Meteor|p2a: Ursaluna\n|-damage|p2a: Ursaluna|58\/100\n|-unboost|p1a: Dialga|spa|2\n|move|p2a: Ursaluna|Blood Moon|p1a: Dialga\n|-resisted|p1a: Dialga\n|-damage|p1a: Dialga|64\/100\n|\n|-heal|p2a: Ursaluna|64\/100|[from] item: Leftovers\n|upkeep\n|turn|29\n|\n|t:|1697637508\n|switch|p1a: Weezing|Weezing-Galar, M|100\/100\n|move|p2a: Ursaluna|Moonlight|p2a: Ursaluna\n|-heal|p2a: Ursaluna|100\/100\n|\n|upkeep\n|turn|30\n|\n|t:|1697637522\n|move|p1a: Weezing|Will-O-Wisp|p2a: Ursaluna\n|-status|p2a: Ursaluna|brn\n|move|p2a: Ursaluna|Blood Moon|p1a: Weezing\n|-damage|p1a: Weezing|0 fnt\n|faint|p1a: Weezing\n|\n|-damage|p2a: Ursaluna|94\/100 brn|[from] brn\n|-sideend|p2: BlisseyHasSpecsKEK|move: Light Screen\n|upkeep\n|c|\u2606Kabunger|OUCH???\n|\n|t:|1697637530\n|switch|p1a: Palafin|Palafin-Hero, M|100\/100\n|-activate|p1a: Palafin|ability: Zero to Hero\n|turn|31\n|\n|t:|1697637540\n|switch|p2a: Cresselia|Cresselia, F|99\/100\n|move|p1a: Palafin|Bulk Up|p1a: Palafin\n|-boost|p1a: Palafin|atk|1\n|-boost|p1a: Palafin|def|1\n|\n|-heal|p2a: Cresselia|100\/100|[from] item: Leftovers\n|upkeep\n|turn|32\n|\n|t:|1697637561\n|switch|p2a: Shaymin|Shaymin-Sky|81\/100\n|-terastallize|p1a: Palafin|Water\n|move|p1a: Palafin|Wave Crash|p2a: Shaymin\n|-resisted|p2a: Shaymin\n|-damage|p2a: Shaymin|0 fnt\n|faint|p2a: Shaymin\n|-damage|p1a: Palafin|77\/100|[from] Recoil\n|\n|upkeep\n|\n|t:|1697637574\n|switch|p2a: Magearna|Magearna|100\/100\n|turn|33\n|c|\u2606Kabunger|I am become falapin\n|\n|t:|1697637587\n|move|p1a: Palafin|Wave Crash|p2a: Magearna\n|-damage|p2a: Magearna|0 fnt\n|faint|p2a: Magearna\n|-damage|p1a: Palafin|46\/100|[from] Recoil\n|\n|upkeep\n|\n|t:|1697637597\n|switch|p2a: Cresselia|Cresselia, F|100\/100\n|turn|34\n|\n|t:|1697637612\n|switch|p1a: Cyclizar|Cyclizar, M|100\/100\n|move|p2a: Cresselia|Moonblast|p1a: Cyclizar\n|-supereffective|p1a: Cyclizar\n|-damage|p1a: Cyclizar|22\/100\n|\n|upkeep\n|turn|35\n|\n|t:|1697637620\n|move|p1a: Cyclizar|Knock Off|p2a: Cresselia\n|-supereffective|p2a: Cresselia\n|-damage|p2a: Cresselia|69\/100\n|-enditem|p2a: Cresselia|Leftovers|[from] move: Knock Off|[of] p1a: Cyclizar\n|move|p2a: Cresselia|Trick Room|p2a: Cresselia\n|-fieldstart|move: Trick Room|[of] p2a: Cresselia\n|\n|upkeep\n|turn|36\n|\n|t:|1697637628\n|switch|p2a: Ursaluna|Ursaluna-Bloodmoon, M|94\/100 brn\n|switch|p1a: Scream Tail|Scream Tail|100\/100\n|\n|-heal|p2a: Ursaluna|100\/100 brn|[from] item: Leftovers\n|-damage|p2a: Ursaluna|94\/100 brn|[from] brn\n|upkeep\n|turn|37\n|\n|t:|1697637637\n|move|p2a: Ursaluna|Blood Moon|p1a: Scream Tail\n|-damage|p1a: Scream Tail|53\/100\n|move|p1a: Scream Tail|Wish|p1a: Scream Tail\n|\n|-heal|p2a: Ursaluna|100\/100 brn|[from] item: Leftovers\n|-heal|p1a: Scream Tail|59\/100|[from] item: Leftovers\n|-damage|p2a: Ursaluna|94\/100 brn|[from] brn\n|upkeep\n|turn|38\n|\n|t:|1697637658\n|switch|p2a: TheMagearnaZone|Magnezone, shiny|60\/100 brn\n|move|p1a: Scream Tail|Play Rough|p2a: TheMagearnaZone\n|-resisted|p2a: TheMagearnaZone\n|-damage|p2a: TheMagearnaZone|51\/100 brn\n|\n|-heal|p1a: Scream Tail|100\/100|[from] move: Wish|[wisher] Scream Tail\n|-heal|p2a: TheMagearnaZone|57\/100 brn|[from] item: Leftovers\n|-damage|p2a: TheMagearnaZone|51\/100 brn|[from] brn\n|upkeep\n|turn|39\n|\n|t:|1697637676\n|move|p2a: TheMagearnaZone|Substitute|p2a: TheMagearnaZone\n|-start|p2a: TheMagearnaZone|Substitute\n|-damage|p2a: TheMagearnaZone|26\/100 brn\n|move|p1a: Scream Tail|Wish|p1a: Scream Tail\n|\n|-heal|p2a: TheMagearnaZone|32\/100 brn|[from] item: Leftovers\n|-damage|p2a: TheMagearnaZone|26\/100 brn|[from] brn\n|-fieldend|move: Trick Room\n|upkeep\n|turn|40\n|\n|t:|1697637688\n|-end|p1a: Scream Tail|Protosynthesis|[silent]\n|switch|p1a: Cyclizar|Cyclizar, M|56\/100\n|move|p2a: TheMagearnaZone|Light Screen|p2a: TheMagearnaZone\n|-sidestart|p2: BlisseyHasSpecsKEK|move: Light Screen\n|\n|-heal|p1a: Cyclizar|100\/100|[from] move: Wish|[wisher] Scream Tail\n|-heal|p2a: TheMagearnaZone|32\/100 brn|[from] item: Leftovers\n|-damage|p2a: TheMagearnaZone|26\/100 brn|[from] brn\n|upkeep\n|turn|41\n|\n|t:|1697637698\n|move|p1a: Cyclizar|Shed Tail|p1a: Cyclizar\n|-start|p1a: Cyclizar|Substitute|[from] move: Shed Tail\n|-damage|p1a: Cyclizar|50\/100\n|\n|t:|1697637700\n|switch|p1a: Palafin|Palafin-Hero, M, tera:Water|46\/100|[from] Shed Tail\n|move|p2a: TheMagearnaZone|Charge Beam|p1a: Palafin\n|-supereffective|p1a: Palafin\n|-end|p1a: Palafin|Substitute\n|-boost|p2a: TheMagearnaZone|spa|1\n|\n|-heal|p2a: TheMagearnaZone|32\/100 brn|[from] item: Leftovers\n|-damage|p2a: TheMagearnaZone|26\/100 brn|[from] brn\n|upkeep\n|turn|42\n|\n|t:|1697637708\n|switch|p1a: Dialga|Dialga|64\/100\n|-ability|p1a: Dialga|Pressure\n|move|p2a: TheMagearnaZone|Charge Beam|p1a: Dialga\n|-resisted|p1a: Dialga\n|-damage|p1a: Dialga|51\/100\n|-boost|p2a: TheMagearnaZone|spa|1\n|\n|-heal|p2a: TheMagearnaZone|32\/100 brn|[from] item: Leftovers\n|-damage|p2a: TheMagearnaZone|26\/100 brn|[from] brn\n|upkeep\n|turn|43\n|\n|t:|1697637718\n|move|p2a: TheMagearnaZone|Flash Cannon|p1a: Dialga\n|-resisted|p1a: Dialga\n|-damage|p1a: Dialga|22\/100\n|move|p1a: Dialga|Roar|p2a: TheMagearnaZone\n|drag|p2a: Hatterene|Hatterene, F|50\/100\n|\n|upkeep\n|turn|44\n|\n|t:|1697637727\n|move|p1a: Dialga|Flash Cannon|p2a: Hatterene\n|-supereffective|p2a: Hatterene\n|-damage|p2a: Hatterene|0 fnt\n|faint|p2a: Hatterene\n|\n|-sideend|p2: BlisseyHasSpecsKEK|move: Light Screen\n|upkeep\n|\n|t:|1697637734\n|switch|p2a: Cresselia|Cresselia, F|69\/100\n|turn|45\n|\n|t:|1697637738\n|move|p2a: Cresselia|Calm Mind|p2a: Cresselia\n|-boost|p2a: Cresselia|spa|1\n|-boost|p2a: Cresselia|spd|1\n|move|p1a: Dialga|Roar|p2a: Cresselia\n|drag|p2a: Ursaluna|Ursaluna-Bloodmoon, M|94\/100 brn\n|\n|-heal|p2a: Ursaluna|100\/100 brn|[from] item: Leftovers\n|-damage|p2a: Ursaluna|94\/100 brn|[from] brn\n|upkeep\n|turn|46\n|\n|t:|1697637746\n|move|p1a: Dialga|Draco Meteor|p2a: Ursaluna\n|-damage|p2a: Ursaluna|13\/100 brn\n|-unboost|p1a: Dialga|spa|2\n|move|p2a: Ursaluna|Earth Power|p1a: Dialga\n|-supereffective|p1a: Dialga\n|-damage|p1a: Dialga|0 fnt\n|faint|p1a: Dialga\n|\n|-heal|p2a: Ursaluna|19\/100 brn|[from] item: Leftovers\n|-damage|p2a: Ursaluna|13\/100 brn|[from] brn\n|upkeep\n|\n|t:|1697637750\n|switch|p1a: Palafin|Palafin-Hero, M, tera:Water|46\/100\n|turn|47\n|\n|t:|1697637752\n|move|p1a: Palafin|Jet Punch|p2a: Ursaluna\n|-supereffective|p2a: Ursaluna\n|-damage|p2a: Ursaluna|0 fnt\n|faint|p2a: Ursaluna\n|\n|upkeep\n|\n|t:|1697637754\n|switch|p2a: Cresselia|Cresselia, F|69\/100\n|turn|48\n|\n|t:|1697637768\n|switch|p1a: Scream Tail|Scream Tail|100\/100\n|-terastallize|p2a: Cresselia|Psychic\n|move|p2a: Cresselia|Psyshock|p1a: Scream Tail\n|-resisted|p1a: Scream Tail\n|-damage|p1a: Scream Tail|85\/100\n|\n|-heal|p1a: Scream Tail|91\/100|[from] item: Leftovers\n|upkeep\n|turn|49\n|\n|t:|1697637775\n|move|p1a: Scream Tail|Play Rough|p2a: Cresselia\n|-damage|p2a: Cresselia|54\/100\n|move|p2a: Cresselia|Calm Mind|p2a: Cresselia\n|-boost|p2a: Cresselia|spa|1\n|-boost|p2a: Cresselia|spd|1\n|\n|-heal|p1a: Scream Tail|97\/100|[from] item: Leftovers\n|upkeep\n|turn|50\n|\n|t:|1697637778\n|move|p1a: Scream Tail|Thunder Wave|p2a: Cresselia\n|-status|p2a: Cresselia|par\n|move|p2a: Cresselia|Calm Mind|p2a: Cresselia\n|-boost|p2a: Cresselia|spa|1\n|-boost|p2a: Cresselia|spd|1\n|\n|-heal|p1a: Scream Tail|100\/100|[from] item: Leftovers\n|upkeep\n|turn|51\n|\n|t:|1697637785\n|move|p1a: Scream Tail|Wish|p1a: Scream Tail\n|cant|p2a: Cresselia|par\n|\n|upkeep\n|turn|52\n|\n|t:|1697637787\n|-end|p1a: Scream Tail|Protosynthesis|[silent]\n|switch|p1a: Palafin|Palafin-Hero, M, tera:Water|46\/100\n|move|p2a: Cresselia|Trick Room|p2a: Cresselia\n|-fieldstart|move: Trick Room|[of] p2a: Cresselia\n|\n|-heal|p1a: Palafin|100\/100|[from] move: Wish|[wisher] Scream Tail\n|upkeep\n|turn|53\n|\n|t:|1697637794\n|switch|p1a: Scream Tail|Scream Tail|100\/100\n|move|p2a: Cresselia|Psyshock|p1a: Scream Tail\n|-resisted|p1a: Scream Tail\n|-damage|p1a: Scream Tail|67\/100\n|\n|-heal|p1a: Scream Tail|74\/100|[from] item: Leftovers\n|upkeep\n|turn|54\n|\n|t:|1697637798\n|move|p2a: Cresselia|Calm Mind|p2a: Cresselia\n|-boost|p2a: Cresselia|spa|1\n|-boost|p2a: Cresselia|spd|1\n|move|p1a: Scream Tail|Wish|p1a: Scream Tail\n|\n|-heal|p1a: Scream Tail|80\/100|[from] item: Leftovers\n|upkeep\n|turn|55\n|\n|t:|1697637803\n|move|p2a: Cresselia|Calm Mind|p2a: Cresselia\n|-boost|p2a: Cresselia|spa|1\n|-boost|p2a: Cresselia|spd|1\n|move|p1a: Scream Tail|Play Rough|p2a: Cresselia\n|-damage|p2a: Cresselia|38\/100 par\n|\n|-heal|p1a: Scream Tail|100\/100|[from] move: Wish|[wisher] Scream Tail\n|upkeep\n|turn|56\n|\n|t:|1697637807\n|move|p2a: Cresselia|Moonblast|p1a: Scream Tail\n|-damage|p1a: Scream Tail|61\/100\n|move|p1a: Scream Tail|Play Rough|p2a: Cresselia\n|-damage|p2a: Cresselia|21\/100 par\n|\n|-heal|p1a: Scream Tail|67\/100|[from] item: Leftovers\n|-fieldend|move: Trick Room\n|upkeep\n|turn|57\n|\n|t:|1697637815\n|move|p1a: Scream Tail|Play Rough|p2a: Cresselia\n|-damage|p2a: Cresselia|3\/100 par\n|move|p2a: Cresselia|Trick Room|p2a: Cresselia\n|-fieldstart|move: Trick Room|[of] p2a: Cresselia\n|\n|-heal|p1a: Scream Tail|73\/100|[from] item: Leftovers\n|upkeep\n|turn|58\n|\n|t:|1697637821\n|cant|p2a: Cresselia|par\n|move|p1a: Scream Tail|Play Rough|p2a: Cresselia\n|-damage|p2a: Cresselia|0 fnt\n|faint|p2a: Cresselia\n|\n|-heal|p1a: Scream Tail|79\/100|[from] item: Leftovers\n|upkeep\n|\n|t:|1697637824\n|switch|p2a: TheMagearnaZone|Magnezone, shiny|26\/100 brn\n|turn|59\n|\n|t:|1697637832\n|move|p2a: TheMagearnaZone|Substitute|p2a: TheMagearnaZone\n|-start|p2a: TheMagearnaZone|Substitute\n|-damage|p2a: TheMagearnaZone|1\/100 brn\n|move|p1a: Scream Tail|Play Rough|p2a: TheMagearnaZone\n|-resisted|p2a: TheMagearnaZone\n|-activate|p2a: TheMagearnaZone|move: Substitute|[damage]\n|\n|-heal|p2a: TheMagearnaZone|7\/100 brn|[from] item: Leftovers\n|-heal|p1a: Scream Tail|86\/100|[from] item: Leftovers\n|-damage|p2a: TheMagearnaZone|1\/100 brn|[from] brn\n|upkeep\n|turn|60\n|\n|t:|1697637839\n|move|p2a: TheMagearnaZone|Flash Cannon|p1a: Scream Tail\n|-supereffective|p1a: Scream Tail\n|-damage|p1a: Scream Tail|48\/100\n|move|p1a: Scream Tail|Play Rough|p2a: TheMagearnaZone\n|-resisted|p2a: TheMagearnaZone\n|-activate|p2a: TheMagearnaZone|move: Substitute|[damage]\n|\n|-heal|p2a: TheMagearnaZone|7\/100 brn|[from] item: Leftovers\n|-heal|p1a: Scream Tail|54\/100|[from] item: Leftovers\n|-damage|p2a: TheMagearnaZone|1\/100 brn|[from] brn\n|upkeep\n|turn|61\n|\n|t:|1697637844\n|move|p2a: TheMagearnaZone|Flash Cannon|p1a: Scream Tail\n|-supereffective|p1a: Scream Tail\n|-damage|p1a: Scream Tail|18\/100\n|move|p1a: Scream Tail|Play Rough|p2a: TheMagearnaZone\n|-resisted|p2a: TheMagearnaZone\n|-end|p2a: TheMagearnaZone|Substitute\n|\n|-heal|p2a: TheMagearnaZone|7\/100 brn|[from] item: Leftovers\n|-heal|p1a: Scream Tail|24\/100|[from] item: Leftovers\n|-damage|p2a: TheMagearnaZone|1\/100 brn|[from] brn\n|-fieldend|move: Trick Room\n|upkeep\n|turn|62\n|\n|t:|1697637849\n|move|p1a: Scream Tail|Play Rough|p2a: TheMagearnaZone\n|-resisted|p2a: TheMagearnaZone\n|-damage|p2a: TheMagearnaZone|0 fnt\n|faint|p2a: TheMagearnaZone\n|\n|win|Kabunger\n|c|\u2606Kabunger|gg\n|c|\u2606BlisseyHasSpecsKEK|Ggs\n|c|\u2606Kabunger|insane game\n","uploadtime":1697637865,"views":20,"p1id":"kabunger","p2id":"blisseyhasspecskek","formatid":"gen9ubers","rating":0,"private":0,"password":""}