{"id":"gen9ubers-1992551646","p1":"Franksaurio","p2":"sleepcooling","format":"[Gen 9] Ubers","log":"|j|\u2606Franksaurio\n|j|\u2606sleepcooling\n|t:|1700204269\n|gametype|singles\n|player|p1|Franksaurio|lusamine-nihilego|1416\n|player|p2|sleepcooling|bianca|1424\n|teamsize|p1|6\n|teamsize|p2|6\n|gen|9\n|tier|[Gen 9] Ubers\n|rated|\n|rule|Sleep Clause Mod: Limit one foe put to sleep\n|rule|Species Clause: Limit one of each Pok\u00e9mon\n|rule|OHKO Clause: OHKO moves are banned\n|rule|Evasion Items Clause: Evasion items are banned\n|rule|Evasion Moves Clause: Evasion moves are banned\n|rule|Endless Battle Clause: Forcing endless battles is banned\n|rule|HP Percentage Mod: HP is shown in percentages\n|clearpoke\n|poke|p1|Miraidon|\n|poke|p1|Arceus|\n|poke|p1|Zacian-*|\n|poke|p1|Grimmsnarl, M|\n|poke|p1|Koraidon|\n|poke|p1|Eternatus|\n|poke|p2|Iron Bundle|\n|poke|p2|Kyogre|\n|poke|p2|Barraskewda, F|\n|poke|p2|Arceus-Ground|\n|poke|p2|Eternatus|\n|poke|p2|Flutter Mane|\n|teampreview\n|inactive|Battle timer is ON: inactive players will automatically lose when time's up. (requested by Franksaurio)\n|\n|t:|1700204286\n|start\n|switch|p1a: Grimmsnarl|Grimmsnarl, M|100\/100\n|switch|p2a: Iron Bundle|Iron Bundle|100\/100\n|turn|1\n|\n|t:|1700204290\n|move|p1a: Grimmsnarl|Light Screen|p1a: Grimmsnarl\n|-sidestart|p1: Franksaurio|move: Light Screen\n|move|p2a: Iron Bundle|Encore|p1a: Grimmsnarl\n|-start|p1a: Grimmsnarl|Encore\n|\n|upkeep\n|turn|2\n|\n|t:|1700204300\n|-end|p2a: Iron Bundle|Quark Drive|[silent]\n|switch|p2a: Arceus|Arceus-Ground|100\/100\n|switch|p1a: Zacian|Zacian-Crowned|100\/100\n|-ability|p1a: Zacian|Intrepid Sword|boost\n|-boost|p1a: Zacian|atk|1\n|\n|upkeep\n|turn|3\n|\n|t:|1700204311\n|move|p1a: Zacian|Behemoth Blade|p2a: Arceus\n|-damage|p2a: Arceus|38\/100\n|move|p2a: Arceus|Earthquake|p1a: Zacian\n|-supereffective|p1a: Zacian\n|-damage|p1a: Zacian|0 fnt\n|faint|p1a: Zacian\n|\n|upkeep\n|\n|t:|1700204324\n|switch|p1a: Arceus|Arceus|100\/100\n|turn|4\n|\n|t:|1700204330\n|move|p2a: Arceus|Earthquake|p1a: Arceus\n|-damage|p1a: Arceus|59\/100\n|move|p1a: Arceus|Swords Dance|p1a: Arceus\n|-boost|p1a: Arceus|atk|2\n|\n|upkeep\n|turn|5\n|\n|t:|1700204337\n|switch|p2a: \u5076\u50cf\u53d1\u53d1|Flutter Mane|100\/100\n|move|p1a: Arceus|Extreme Speed|p2a: \u5076\u50cf\u53d1\u53d1\n|-immune|p2a: \u5076\u50cf\u53d1\u53d1\n|\n|-sideend|p1: Franksaurio|move: Light Screen\n|upkeep\n|turn|6\n|\n|t:|1700204348\n|-terastallize|p2a: \u5076\u50cf\u53d1\u53d1|Fairy\n|move|p2a: \u5076\u50cf\u53d1\u53d1|Moonblast|p1a: Arceus\n|-damage|p1a: Arceus|3\/100\n|-damage|p2a: \u5076\u50cf\u53d1\u53d1|91\/100|[from] item: Life Orb\n|move|p1a: Arceus|Shadow Claw|p2a: \u5076\u50cf\u53d1\u53d1\n|-damage|p2a: \u5076\u50cf\u53d1\u53d1|0 fnt\n|faint|p2a: \u5076\u50cf\u53d1\u53d1\n|-end|p2a: \u5076\u50cf\u53d1\u53d1|Protosynthesis|[silent]\n|-damage|p1a: Arceus|0 fnt|[from] item: Life Orb\n|faint|p1a: Arceus\n|\n|upkeep\n|\n|t:|1700204359\n|switch|p2a: Kyogre|Kyogre|100\/100\n|switch|p1a: Grimmsnarl|Grimmsnarl, M|100\/100\n|-weather|RainDance|[from] ability: Drizzle|[of] p2a: Kyogre\n|turn|7\n|\n|t:|1700204363\n|move|p1a: Grimmsnarl|Light Screen|p1a: Grimmsnarl\n|-sidestart|p1: Franksaurio|move: Light Screen\n|move|p2a: Kyogre|Water Spout|p1a: Grimmsnarl\n|-damage|p1a: Grimmsnarl|28\/100\n|\n|-weather|RainDance|[upkeep]\n|upkeep\n|turn|8\n|\n|t:|1700204367\n|move|p1a: Grimmsnarl|Reflect|p1a: Grimmsnarl\n|-sidestart|p1: Franksaurio|Reflect\n|move|p2a: Kyogre|Water Spout|p1a: Grimmsnarl\n|-damage|p1a: Grimmsnarl|0 fnt\n|faint|p1a: Grimmsnarl\n|\n|-weather|RainDance|[upkeep]\n|upkeep\n|\n|t:|1700204372\n|switch|p1a: Koraidon|Koraidon|100\/100\n|-weather|SunnyDay|[from] ability: Orichalcum Pulse|[of] p1a: Koraidon\n|-activate|p1a: Koraidon|Orichalcum Pulse|[source]\n|turn|9\n|\n|t:|1700204376\n|switch|p2a: Arceus|Arceus-Ground|38\/100\n|move|p1a: Koraidon|Dragon Claw|p2a: Arceus\n|-damage|p2a: Arceus|0 fnt\n|faint|p2a: Arceus\n|\n|-weather|SunnyDay|[upkeep]\n|upkeep\n|\n|t:|1700204388\n|switch|p2a: Eternatus|Eternatus|100\/100\n|-ability|p2a: Eternatus|Pressure\n|turn|10\n|\n|t:|1700204390\n|move|p1a: Koraidon|Dragon Claw|p2a: Eternatus\n|-supereffective|p2a: Eternatus\n|-enditem|p2a: Eternatus|Haban Berry|[eat]\n|-enditem|p2a: Eternatus|Haban Berry|[weaken]\n|-damage|p2a: Eternatus|46\/100\n|move|p2a: Eternatus|Dynamax Cannon|p1a: Koraidon\n|-supereffective|p1a: Koraidon\n|-damage|p1a: Koraidon|42\/100\n|\n|-weather|SunnyDay|[upkeep]\n|upkeep\n|turn|11\n|\n|t:|1700204403\n|move|p1a: Koraidon|Dragon Claw|p2a: Eternatus\n|-supereffective|p2a: Eternatus\n|-damage|p2a: Eternatus|0 fnt\n|faint|p2a: Eternatus\n|\n|-weather|SunnyDay|[upkeep]\n|-sideend|p1: Franksaurio|move: Light Screen\n|upkeep\n|\n|t:|1700204413\n|switch|p2a: Iron Bundle|Iron Bundle|100\/100\n|turn|12\n|\n|t:|1700204419\n|move|p1a: Koraidon|Dragon Claw|p2a: Iron Bundle\n|-damage|p2a: Iron Bundle|24\/100\n|move|p2a: Iron Bundle|Ice Beam|p1a: Koraidon\n|-supereffective|p1a: Koraidon\n|-damage|p1a: Koraidon|0 fnt\n|faint|p1a: Koraidon\n|\n|-weather|SunnyDay|[upkeep]\n|-sideend|p1: Franksaurio|Reflect\n|upkeep\n|\n|t:|1700204429\n|switch|p1a: Eternatus|Eternatus|100\/100\n|-ability|p1a: Eternatus|Pressure\n|turn|13\n|\n|t:|1700204432\n|move|p2a: Iron Bundle|Ice Beam|p1a: Eternatus\n|-supereffective|p1a: Eternatus\n|-damage|p1a: Eternatus|15\/100\n|move|p1a: Eternatus|Dynamax Cannon|p2a: Iron Bundle\n|-damage|p2a: Iron Bundle|0 fnt\n|faint|p2a: Iron Bundle\n|-end|p2a: Iron Bundle|Quark Drive|[silent]\n|\n|-weather|none\n|-heal|p1a: Eternatus|21\/100|[from] item: Leftovers\n|upkeep\n|\n|t:|1700204442\n|switch|p2a: Kyogre|Kyogre|100\/100\n|-weather|RainDance|[from] ability: Drizzle|[of] p2a: Kyogre\n|turn|14\n|\n|t:|1700204445\n|move|p2a: Kyogre|Water Spout|p1a: Eternatus\n|-resisted|p1a: Eternatus\n|-damage|p1a: Eternatus|0 fnt\n|faint|p1a: Eternatus\n|\n|-weather|RainDance|[upkeep]\n|upkeep\n|\n|t:|1700204448\n|switch|p1a: Miraidon|Miraidon|100\/100\n|-fieldstart|move: Electric Terrain|[from] ability: Hadron Engine|[of] p1a: Miraidon\n|turn|15\n|\n|t:|1700204452\n|move|p2a: Kyogre|Water Spout|p1a: Miraidon\n|-resisted|p1a: Miraidon\n|-damage|p1a: Miraidon|36\/100\n|move|p1a: Miraidon|Electro Drift|p2a: Kyogre\n|-supereffective|p2a: Kyogre\n|-damage|p2a: Kyogre|0 fnt\n|faint|p2a: Kyogre\n|\n|-weather|RainDance|[upkeep]\n|upkeep\n|\n|t:|1700204459\n|switch|p2a: Barraskewda|Barraskewda, F|100\/100\n|turn|16\n|\n|t:|1700204464\n|move|p2a: Barraskewda|Drill Run|p1a: Miraidon\n|-supereffective|p1a: Miraidon\n|-damage|p1a: Miraidon|0 fnt\n|faint|p1a: Miraidon\n|-damage|p2a: Barraskewda|91\/100|[from] item: Life Orb\n|\n|win|sleepcooling\n|raw|Franksaurio's rating: 1416 &rarr; <strong>1396<\/strong><br \/>(-20 for losing)\n|raw|sleepcooling's rating: 1424 &rarr; <strong>1444<\/strong><br \/>(+20 for winning)\n|l|\u2606Franksaurio\n|c|\u2606sleepcooling|gg\n","uploadtime":1700204828,"views":6,"p1id":"franksaurio","p2id":"sleepcooling","formatid":"gen9ubers","rating":1396,"private":0,"password":""}