{"id":"gen9ubers-1998671093","p1":"shurick","p2":"The Regulators","format":"[Gen 9] Ubers","log":"|j|\u2606shurick\n|j|\u2606The Regulators\n|t:|1700970356\n|gametype|singles\n|player|p1|shurick|ghetsis|\n|player|p2|The Regulators|lucas|\n|teamsize|p1|6\n|teamsize|p2|6\n|gen|9\n|tier|[Gen 9] Ubers\n|rated|Tournament battle\n|rule|Sleep Clause Mod: Limit one foe put to sleep\n|rule|Species Clause: Limit one of each Pok\u00e9mon\n|rule|OHKO Clause: OHKO moves are banned\n|rule|Evasion Items Clause: Evasion items are banned\n|rule|Evasion Moves Clause: Evasion moves are banned\n|rule|Endless Battle Clause: Forcing endless battles is banned\n|rule|HP Percentage Mod: HP is shown in percentages\n|clearpoke\n|poke|p1|Rabsca, M|\n|poke|p1|Lokix, M|\n|poke|p1|Spidops, M|\n|poke|p1|Volcarona, M|\n|poke|p1|Orthworm, F|\n|poke|p1|Iron Moth|\n|poke|p2|Koraidon|\n|poke|p2|Arceus|\n|poke|p2|Kyogre|\n|poke|p2|Landorus-Therian, M|\n|poke|p2|Clodsire, F|\n|poke|p2|Basculegion, M|\n|teampreview\n|inactive|Battle timer is ON: inactive players will automatically lose when time's up. (requested by The Regulators)\n|\n|t:|1700970380\n|start\n|switch|p1a: Chomei|Spidops, M|100\/100\n|switch|p2a: Landorus|Landorus-Therian, M|100\/100\n|-ability|p2a: Landorus|Intimidate|boost\n|-unboost|p1a: Chomei|atk|1\n|turn|1\n|\n|t:|1700970383\n|move|p2a: Landorus|U-turn|p1a: Chomei\n|-damage|p1a: Chomei|80\/100\n|\n|t:|1700970384\n|switch|p2a: Clodsire|Clodsire, F|100\/100|[from] U-turn\n|move|p1a: Chomei|Sticky Web|p2a: Clodsire\n|-sidestart|p2: The Regulators|move: Sticky Web\n|\n|upkeep\n|turn|2\n|\n|t:|1700970387\n|move|p1a: Chomei|Toxic Spikes|p2a: Clodsire\n|-sidestart|p2: The Regulators|move: Toxic Spikes\n|move|p2a: Clodsire|Stealth Rock|p1a: Chomei\n|-sidestart|p1: shurick|move: Stealth Rock\n|\n|upkeep\n|turn|3\n|\n|t:|1700970390\n|move|p1a: Chomei|Toxic Spikes|p2a: Clodsire\n|-sidestart|p2: The Regulators|move: Toxic Spikes\n|move|p2a: Clodsire|Toxic Spikes|p1a: Chomei\n|-sidestart|p1: shurick|move: Toxic Spikes\n|\n|upkeep\n|turn|4\n|\n|t:|1700970392\n|move|p1a: Chomei|Knock Off|p2a: Clodsire\n|-damage|p2a: Clodsire|87\/100\n|-damage|p1a: Chomei|63\/100|[from] item: Rocky Helmet|[of] p2a: Clodsire\n|-enditem|p2a: Clodsire|Rocky Helmet|[from] move: Knock Off|[of] p1a: Chomei\n|move|p2a: Clodsire|Toxic Spikes|p1a: Chomei\n|-sidestart|p1: shurick|move: Toxic Spikes\n|\n|upkeep\n|turn|5\n|\n|t:|1700970397\n|move|p1a: Chomei|Knock Off|p2a: Clodsire\n|-damage|p2a: Clodsire|78\/100\n|move|p2a: Clodsire|Earthquake|p1a: Chomei\n|-resisted|p1a: Chomei\n|-damage|p1a: Chomei|53\/100\n|\n|upkeep\n|turn|6\n|\n|t:|1700970399\n|move|p1a: Chomei|Knock Off|p2a: Clodsire\n|-damage|p2a: Clodsire|68\/100\n|move|p2a: Clodsire|Recover|p2a: Clodsire\n|-heal|p2a: Clodsire|100\/100\n|\n|upkeep\n|turn|7\n|\n|t:|1700970405\n|move|p1a: Chomei|Knock Off|p2a: Clodsire\n|-damage|p2a: Clodsire|90\/100\n|move|p2a: Clodsire|Earthquake|p1a: Chomei\n|-resisted|p1a: Chomei\n|-damage|p1a: Chomei|42\/100\n|\n|upkeep\n|turn|8\n|\n|t:|1700970407\n|move|p1a: Chomei|Knock Off|p2a: Clodsire\n|-damage|p2a: Clodsire|80\/100\n|move|p2a: Clodsire|Earthquake|p1a: Chomei\n|-resisted|p1a: Chomei\n|-damage|p1a: Chomei|32\/100\n|\n|upkeep\n|turn|9\n|\n|t:|1700970409\n|move|p1a: Chomei|Knock Off|p2a: Clodsire\n|-damage|p2a: Clodsire|72\/100\n|move|p2a: Clodsire|Earthquake|p1a: Chomei\n|-resisted|p1a: Chomei\n|-damage|p1a: Chomei|21\/100\n|\n|upkeep\n|turn|10\n|c|\u2606The Regulators|switch cuh\n|\n|t:|1700970412\n|move|p1a: Chomei|Knock Off|p2a: Clodsire\n|-damage|p2a: Clodsire|62\/100\n|move|p2a: Clodsire|Recover|p2a: Clodsire\n|-heal|p2a: Clodsire|100\/100\n|\n|upkeep\n|turn|11\n|\n|t:|1700970414\n|move|p1a: Chomei|Knock Off|p2a: Clodsire\n|-damage|p2a: Clodsire|91\/100\n|move|p2a: Clodsire|Earthquake|p1a: Chomei\n|-resisted|p1a: Chomei\n|-damage|p1a: Chomei|11\/100\n|\n|upkeep\n|turn|12\n|\n|t:|1700970417\n|move|p1a: Chomei|Silk Trap|p1a: Chomei\n|-singleturn|p1a: Chomei|Protect\n|move|p2a: Clodsire|Earthquake|p1a: Chomei\n|-activate|p1a: Chomei|move: Protect\n|\n|upkeep\n|turn|13\n|\n|t:|1700970419\n|move|p1a: Chomei|Knock Off|p2a: Clodsire\n|-crit|p2a: Clodsire\n|-damage|p2a: Clodsire|72\/100\n|move|p2a: Clodsire|Earthquake|p1a: Chomei\n|-resisted|p1a: Chomei\n|-damage|p1a: Chomei|0 fnt\n|faint|p1a: Chomei\n|\n|upkeep\n|\n|t:|1700970425\n|switch|p1a: Shelby|Orthworm, F|100\/100\n|-damage|p1a: Shelby|94\/100|[from] Stealth Rock\n|turn|14\n|\n|t:|1700970428\n|switch|p2a: Landorus|Landorus-Therian, M|100\/100\n|-ability|p2a: Landorus|Intimidate|boost\n|-unboost|p1a: Shelby|atk|1\n|move|p1a: Shelby|Stealth Rock|p2a: Landorus\n|-sidestart|p2: The Regulators|move: Stealth Rock\n|\n|upkeep\n|turn|15\n|\n|t:|1700970432\n|move|p2a: Landorus|U-turn|p1a: Shelby\n|-resisted|p1a: Shelby\n|-damage|p1a: Shelby|86\/100\n|-damage|p2a: Landorus|84\/100|[from] item: Rocky Helmet|[of] p1a: Shelby\n|\n|t:|1700970434\n|switch|p2a: Clodsire|Clodsire, F|72\/100|[from] U-turn\n|-activate|p2a: Clodsire|move: Sticky Web\n|-unboost|p2a: Clodsire|spe|1\n|-sideend|p2: The Regulators|move: Toxic Spikes|[of] p2a: Clodsire\n|-damage|p2a: Clodsire|66\/100|[from] Stealth Rock\n|move|p1a: Shelby|Coil|p1a: Shelby\n|-boost|p1a: Shelby|atk|1\n|-boost|p1a: Shelby|def|1\n|-boost|p1a: Shelby|accuracy|1\n|\n|upkeep\n|turn|16\n|\n|t:|1700970441\n|switch|p2a: Kyogre|Kyogre|100\/100\n|-weather|RainDance|[from] ability: Drizzle|[of] p2a: Kyogre\n|move|p1a: Shelby|Coil|p1a: Shelby\n|-boost|p1a: Shelby|atk|1\n|-boost|p1a: Shelby|def|1\n|-boost|p1a: Shelby|accuracy|1\n|\n|-weather|RainDance|[upkeep]\n|upkeep\n|turn|17\n|\n|t:|1700970446\n|move|p2a: Kyogre|Surf|p1a: Shelby\n|-damage|p1a: Shelby|0 fnt\n|faint|p1a: Shelby\n|\n|-weather|RainDance|[upkeep]\n|upkeep\n|c|\u2606The Regulators|LOL\n|\n|t:|1700970459\n|switch|p1a: Irion|Iron Moth|100\/100\n|-damage|p1a: Irion|76\/100|[from] Stealth Rock\n|-sideend|p1: shurick|move: Toxic Spikes|[of] p1a: Irion\n|turn|18\n|\n|t:|1700970465\n|move|p1a: Irion|Energy Ball|p2a: Kyogre\n|-supereffective|p2a: Kyogre\n|-damage|p2a: Kyogre|42\/100\n|move|p2a: Kyogre|Surf|p1a: Irion\n|-supereffective|p1a: Irion\n|-damage|p1a: Irion|0 fnt\n|faint|p1a: Irion\n|-end|p1a: Irion|Quark Drive|[silent]\n|\n|-weather|RainDance|[upkeep]\n|upkeep\n|\n|t:|1700970471\n|switch|p1a: Savilo|Lokix, M, shiny|100\/100\n|-damage|p1a: Savilo|76\/100|[from] Stealth Rock\n|turn|19\n|\n|t:|1700970480\n|switch|p2a: Basculegion|Basculegion, M|100\/100\n|move|p1a: Savilo|First Impression|p2a: Basculegion\n|-resisted|p2a: Basculegion\n|-damage|p2a: Basculegion|38\/100\n|-damage|p1a: Savilo|66\/100|[from] item: Life Orb\n|\n|-weather|RainDance|[upkeep]\n|upkeep\n|turn|20\n|\n|t:|1700970486\n|move|p1a: Savilo|Sucker Punch|p2a: Basculegion\n|-supereffective|p2a: Basculegion\n|-damage|p2a: Basculegion|0 fnt\n|faint|p2a: Basculegion\n|-damage|p1a: Savilo|56\/100|[from] item: Life Orb\n|\n|-weather|none\n|upkeep\n|\n|t:|1700970489\n|switch|p2a: Kyogre|Kyogre|42\/100\n|-weather|RainDance|[from] ability: Drizzle|[of] p2a: Kyogre\n|turn|21\n|\n|t:|1700970492\n|move|p1a: Savilo|Sucker Punch|p2a: Kyogre\n|-damage|p2a: Kyogre|15\/100\n|-damage|p1a: Savilo|46\/100|[from] item: Life Orb\n|move|p2a: Kyogre|Surf|p1a: Savilo\n|-damage|p1a: Savilo|0 fnt\n|faint|p1a: Savilo\n|\n|-weather|RainDance|[upkeep]\n|upkeep\n|\n|t:|1700970503\n|switch|p1a: Boloncho|Rabsca, M|100\/100\n|-damage|p1a: Boloncho|76\/100|[from] Stealth Rock\n|turn|22\n|\n|t:|1700970507\n|switch|p2a: Arceus|Arceus|100\/100\n|-activate|p2a: Arceus|move: Sticky Web\n|-unboost|p2a: Arceus|spe|1\n|-damage|p2a: Arceus|88\/100|[from] Stealth Rock\n|move|p1a: Boloncho|Dazzling Gleam|p2a: Arceus\n|-damage|p2a: Arceus|75\/100\n|\n|-weather|RainDance|[upkeep]\n|-heal|p1a: Boloncho|82\/100|[from] item: Leftovers\n|upkeep\n|turn|23\n|\n|t:|1700970511\n|move|p2a: Arceus|Swords Dance|p2a: Arceus\n|-boost|p2a: Arceus|atk|2\n|move|p1a: Boloncho|Dazzling Gleam|p2a: Arceus\n|-damage|p2a: Arceus|62\/100\n|\n|-weather|RainDance|[upkeep]\n|-heal|p1a: Boloncho|88\/100|[from] item: Leftovers\n|upkeep\n|turn|24\n|\n|t:|1700970513\n|move|p2a: Arceus|Swords Dance|p2a: Arceus\n|-boost|p2a: Arceus|atk|2\n|move|p1a: Boloncho|Dazzling Gleam|p2a: Arceus\n|-crit|p2a: Arceus\n|-damage|p2a: Arceus|41\/100\n|\n|-weather|RainDance|[upkeep]\n|-heal|p1a: Boloncho|94\/100|[from] item: Leftovers\n|upkeep\n|turn|25\n|\n|t:|1700970515\n|move|p2a: Arceus|Recover|p2a: Arceus\n|-heal|p2a: Arceus|91\/100\n|move|p1a: Boloncho|Dazzling Gleam|p2a: Arceus\n|-damage|p2a: Arceus|78\/100\n|\n|-weather|none\n|-heal|p1a: Boloncho|100\/100|[from] item: Leftovers\n|upkeep\n|turn|26\n|\n|t:|1700970518\n|-terastallize|p1a: Boloncho|Rock\n|move|p2a: Arceus|Shadow Claw|p1a: Boloncho\n|-damage|p1a: Boloncho|44\/100\n|move|p1a: Boloncho|Calm Mind|p1a: Boloncho\n|-boost|p1a: Boloncho|spa|1\n|-boost|p1a: Boloncho|spd|1\n|\n|-heal|p1a: Boloncho|50\/100|[from] item: Leftovers\n|upkeep\n|turn|27\n|\n|t:|1700970520\n|move|p2a: Arceus|Extreme Speed|p1a: Boloncho\n|-resisted|p1a: Boloncho\n|-damage|p1a: Boloncho|0 fnt\n|faint|p1a: Boloncho\n|\n|upkeep\n|\n|t:|1700970522\n|switch|p1a: Mr.Danpi|Volcarona, M|100\/100\n|turn|28\n|\n|t:|1700970524\n|move|p2a: Arceus|Extreme Speed|p1a: Mr.Danpi\n|-damage|p1a: Mr.Danpi|0 fnt\n|faint|p1a: Mr.Danpi\n|\n|win|The Regulators\n|n|\u2606shurick|shurick\n|n|\u2606The Regulators|theregulators\n","uploadtime":1700970525,"views":1,"p1id":"shurick","p2id":"theregulators","formatid":"gen9ubers","rating":0,"private":0,"password":""}