{"id":"gen9ubers-1996288722","p1":"sircilantro","p2":"dsj0000","format":"[Gen 9] Ubers","log":"|j|\u2606sircilantro\n|j|\u2606dsj0000\n|t:|1700667853\n|gametype|singles\n|player|p1|sircilantro|emmet|1120\n|player|p2|dsj0000|cynthia|1147\n|teamsize|p1|6\n|teamsize|p2|6\n|gen|9\n|tier|[Gen 9] Ubers\n|rated|\n|rule|Sleep Clause Mod: Limit one foe put to sleep\n|rule|Species Clause: Limit one of each Pok\u00e9mon\n|rule|OHKO Clause: OHKO moves are banned\n|rule|Evasion Items Clause: Evasion items are banned\n|rule|Evasion Moves Clause: Evasion moves are banned\n|rule|Endless Battle Clause: Forcing endless battles is banned\n|rule|HP Percentage Mod: HP is shown in percentages\n|clearpoke\n|poke|p1|Dragonite, F|\n|poke|p1|Vivillon-Fancy, F|\n|poke|p1|Goodra-Hisui, F|\n|poke|p1|Espathra, F|\n|poke|p1|Cyclizar, F|\n|poke|p1|Breloom, M|\n|poke|p2|Koraidon|\n|poke|p2|Sableye, F|\n|poke|p2|Flutter Mane|\n|poke|p2|Zacian-*|\n|poke|p2|Iron Bundle|\n|poke|p2|Kyogre|\n|teampreview\n|inactive|Battle timer is ON: inactive players will automatically lose when time's up. (requested by dsj0000)\n|inactive|dsj0000 has 120 seconds left.\n|\n|t:|1700667900\n|start\n|switch|p1a: Vivillon|Vivillon-Fancy, F, shiny|100\/100\n|switch|p2a: Zacian|Zacian-Crowned|100\/100\n|-ability|p2a: Zacian|Intrepid Sword|boost\n|-boost|p2a: Zacian|atk|1\n|turn|1\n|\n|t:|1700667916\n|move|p2a: Zacian|Trailblaze|p1a: Vivillon\n|-resisted|p1a: Vivillon\n|-damage|p1a: Vivillon|85\/100\n|-boost|p2a: Zacian|spe|1\n|move|p1a: Vivillon|Sleep Powder|p2a: Zacian\n|-status|p2a: Zacian|slp|[from] move: Sleep Powder\n|\n|upkeep\n|turn|2\n|\n|t:|1700667931\n|cant|p2a: Zacian|slp\n|move|p1a: Vivillon|Substitute|p1a: Vivillon\n|-start|p1a: Vivillon|Substitute\n|-damage|p1a: Vivillon|60\/100\n|\n|upkeep\n|turn|3\n|\n|t:|1700667937\n|cant|p2a: Zacian|slp\n|move|p1a: Vivillon|Quiver Dance|p1a: Vivillon\n|-boost|p1a: Vivillon|spa|1\n|-boost|p1a: Vivillon|spd|1\n|-boost|p1a: Vivillon|spe|1\n|\n|upkeep\n|turn|4\n|\n|t:|1700667946\n|-curestatus|p2a: Zacian|slp|[msg]\n|move|p2a: Zacian|Behemoth Blade|p1a: Vivillon\n|-crit|p1a: Vivillon\n|-end|p1a: Vivillon|Substitute\n|move|p1a: Vivillon|Quiver Dance|p1a: Vivillon\n|-boost|p1a: Vivillon|spa|1\n|-boost|p1a: Vivillon|spd|1\n|-boost|p1a: Vivillon|spe|1\n|\n|upkeep\n|turn|5\n|\n|t:|1700667959\n|move|p1a: Vivillon|Sleep Powder|p2a: Zacian\n|-status|p2a: Zacian|slp|[from] move: Sleep Powder\n|cant|p2a: Zacian|slp\n|\n|upkeep\n|turn|6\n|\n|t:|1700667967\n|switch|p2a: Sableye|Sableye, F, shiny|100\/100\n|move|p1a: Vivillon|Substitute|p1a: Vivillon\n|-start|p1a: Vivillon|Substitute\n|-damage|p1a: Vivillon|35\/100\n|\n|upkeep\n|turn|7\n|\n|t:|1700667977\n|move|p2a: Sableye|Light Screen|p2a: Sableye\n|-sidestart|p2: dsj0000|move: Light Screen\n|move|p1a: Vivillon|Hurricane|p2a: Sableye\n|-damage|p2a: Sableye|31\/100\n|\n|-heal|p2a: Sableye|37\/100|[from] item: Leftovers\n|upkeep\n|turn|8\n|inactive|dsj0000 has 120 seconds left.\n|\n|t:|1700668025\n|switch|p2a: Flutter Mane|Flutter Mane, shiny|100\/100\n|move|p1a: Vivillon|Hurricane|p2a: Flutter Mane\n|-damage|p2a: Flutter Mane|53\/100\n|-start|p2a: Flutter Mane|confusion\n|\n|upkeep\n|turn|9\n|\n|t:|1700668037\n|move|p1a: Vivillon|Hurricane|p2a: Flutter Mane\n|-damage|p2a: Flutter Mane|6\/100\n|-activate|p2a: Flutter Mane|confusion\n|move|p2a: Flutter Mane|Mystical Fire|p1a: Vivillon\n|-supereffective|p1a: Vivillon\n|-end|p1a: Vivillon|Substitute\n|\n|upkeep\n|turn|10\n|\n|t:|1700668047\n|move|p1a: Vivillon|Hurricane|p2a: Flutter Mane\n|-damage|p2a: Flutter Mane|0 fnt\n|faint|p2a: Flutter Mane\n|-end|p2a: Flutter Mane|Protosynthesis|[silent]\n|\n|upkeep\n|\n|t:|1700668066\n|switch|p2a: Koraidon|Koraidon|100\/100\n|-weather|SunnyDay|[from] ability: Orichalcum Pulse|[of] p2a: Koraidon\n|-activate|p2a: Koraidon|Orichalcum Pulse|[source]\n|turn|11\n|\n|t:|1700668083\n|-terastallize|p2a: Koraidon|Steel\n|move|p1a: Vivillon|Hurricane|p2a: Koraidon|[miss]\n|-miss|p1a: Vivillon|p2a: Koraidon\n|move|p2a: Koraidon|Dragon Claw|p1a: Vivillon\n|-damage|p1a: Vivillon|0 fnt\n|faint|p1a: Vivillon\n|\n|-weather|SunnyDay|[upkeep]\n|-sideend|p2: dsj0000|move: Light Screen\n|upkeep\n|\n|t:|1700668112\n|switch|p1a: Espathra|Espathra, F, shiny|100\/100\n|turn|12\n|\n|t:|1700668120\n|move|p2a: Koraidon|Dragon Claw|p1a: Espathra\n|-crit|p1a: Espathra\n|-damage|p1a: Espathra|12\/100\n|move|p1a: Espathra|Calm Mind|p1a: Espathra\n|-boost|p1a: Espathra|spa|1\n|-boost|p1a: Espathra|spd|1\n|\n|-weather|SunnyDay|[upkeep]\n|-ability|p1a: Espathra|Speed Boost|boost\n|-boost|p1a: Espathra|spe|1\n|upkeep\n|turn|13\n|\n|t:|1700668136\n|-terastallize|p1a: Espathra|Fairy\n|move|p2a: Koraidon|Dragon Claw|p1a: Espathra\n|-immune|p1a: Espathra\n|move|p1a: Espathra|Roost|p1a: Espathra\n|-heal|p1a: Espathra|63\/100\n|\n|-weather|SunnyDay|[upkeep]\n|-ability|p1a: Espathra|Speed Boost|boost\n|-boost|p1a: Espathra|spe|1\n|upkeep\n|turn|14\n|\n|t:|1700668158\n|switch|p2a: Sableye|Sableye, F, shiny|37\/100\n|move|p1a: Espathra|Stored Power|p2a: Sableye\n|-immune|p2a: Sableye\n|\n|-weather|SunnyDay|[upkeep]\n|-heal|p2a: Sableye|43\/100|[from] item: Leftovers\n|-ability|p1a: Espathra|Speed Boost|boost\n|-boost|p1a: Espathra|spe|1\n|upkeep\n|turn|15\n|\n|t:|1700668169\n|move|p2a: Sableye|Encore|p1a: Espathra\n|-start|p1a: Espathra|Encore\n|move|p1a: Espathra|Stored Power|p2a: Sableye\n|-immune|p2a: Sableye\n|\n|-weather|none\n|-heal|p2a: Sableye|49\/100|[from] item: Leftovers\n|-ability|p1a: Espathra|Speed Boost|boost\n|-boost|p1a: Espathra|spe|1\n|upkeep\n|turn|16\n|\n|t:|1700668181\n|move|p2a: Sableye|Thunder Wave|p1a: Espathra|[miss]\n|-miss|p2a: Sableye|p1a: Espathra\n|move|p1a: Espathra|Stored Power|p2a: Sableye\n|-immune|p2a: Sableye\n|\n|-heal|p2a: Sableye|55\/100|[from] item: Leftovers\n|-ability|p1a: Espathra|Speed Boost|boost\n|-boost|p1a: Espathra|spe|1\n|upkeep\n|turn|17\n|\n|t:|1700668192\n|move|p2a: Sableye|Thunder Wave|p1a: Espathra|[miss]\n|-miss|p2a: Sableye|p1a: Espathra\n|move|p1a: Espathra|Stored Power|p2a: Sableye\n|-immune|p2a: Sableye\n|\n|-heal|p2a: Sableye|61\/100|[from] item: Leftovers\n|-end|p1a: Espathra|Encore\n|-ability|p1a: Espathra|Speed Boost|boost\n|-boost|p1a: Espathra|spe|1\n|upkeep\n|turn|18\n|\n|t:|1700668204\n|move|p2a: Sableye|Encore|p1a: Espathra\n|-start|p1a: Espathra|Encore\n|move|p1a: Espathra|Stored Power|p2a: Sableye\n|-immune|p2a: Sableye\n|\n|-heal|p2a: Sableye|67\/100|[from] item: Leftovers\n|upkeep\n|turn|19\n|\n|t:|1700668218\n|move|p2a: Sableye|Thunder Wave|p1a: Espathra|[miss]\n|-miss|p2a: Sableye|p1a: Espathra\n|move|p1a: Espathra|Stored Power|p2a: Sableye\n|-immune|p2a: Sableye\n|\n|-heal|p2a: Sableye|73\/100|[from] item: Leftovers\n|upkeep\n|turn|20\n|\n|t:|1700668230\n|move|p2a: Sableye|Thunder Wave|p1a: Espathra\n|-status|p1a: Espathra|par\n|move|p1a: Espathra|Stored Power|p2a: Sableye\n|-immune|p2a: Sableye\n|\n|-heal|p2a: Sableye|79\/100|[from] item: Leftovers\n|-end|p1a: Espathra|Encore\n|upkeep\n|turn|21\n|\n|t:|1700668240\n|move|p2a: Sableye|Encore|p1a: Espathra\n|-start|p1a: Espathra|Encore\n|move|p1a: Espathra|Stored Power|p2a: Sableye\n|-immune|p2a: Sableye\n|\n|-heal|p2a: Sableye|85\/100|[from] item: Leftovers\n|upkeep\n|turn|22\n|\n|t:|1700668251\n|move|p2a: Sableye|Light Screen|p2a: Sableye\n|-sidestart|p2: dsj0000|move: Light Screen\n|cant|p1a: Espathra|par\n|\n|-heal|p2a: Sableye|91\/100|[from] item: Leftovers\n|upkeep\n|turn|23\n|inactive|dsj0000 has 90 seconds left.\n|\n|t:|1700668278\n|move|p2a: Sableye|Thunder Wave|p1a: Espathra\n|-fail|p1a: Espathra|par\n|move|p1a: Espathra|Stored Power|p2a: Sableye\n|-immune|p2a: Sableye\n|\n|-heal|p2a: Sableye|97\/100|[from] item: Leftovers\n|-end|p1a: Espathra|Encore\n|upkeep\n|turn|24\n|inactive|dsj0000 has 90 seconds left.\n|\n|t:|1700668297\n|switch|p1a: Cyclizar|Cyclizar, F, shiny|100\/100\n|move|p2a: Sableye|Encore||[still]\n|-fail|p2a: Sableye\n|\n|-heal|p2a: Sableye|100\/100|[from] item: Leftovers\n|upkeep\n|turn|25\n|inactive|dsj0000 has 90 seconds left.\n|\n|t:|1700668305\n|move|p2a: Sableye|Light Screen||[still]\n|-fail|p2a: Sableye\n|move|p1a: Cyclizar|Shed Tail|p1a: Cyclizar\n|-start|p1a: Cyclizar|Substitute|[from] move: Shed Tail\n|-damage|p1a: Cyclizar|50\/100\n|-enditem|p1a: Cyclizar|Sitrus Berry|[eat]\n|-heal|p1a: Cyclizar|75\/100|[from] item: Sitrus Berry\n|\n|t:|1700668314\n|switch|p1a: Breloom|Breloom, M, shiny|100\/100|[from] Shed Tail\n|\n|upkeep\n|turn|26\n|\n|t:|1700668325\n|move|p2a: Sableye|Thunder Wave||[still]\n|-fail|p2a: Sableye\n|move|p1a: Breloom|Swords Dance|p1a: Breloom\n|-boost|p1a: Breloom|atk|2\n|\n|-sideend|p2: dsj0000|move: Light Screen\n|upkeep\n|turn|27\n|\n|t:|1700668335\n|move|p2a: Sableye|Encore|p1a: Breloom\n|-start|p1a: Breloom|Encore\n|move|p1a: Breloom|Swords Dance|p1a: Breloom\n|-boost|p1a: Breloom|atk|2\n|\n|upkeep\n|turn|28\n|\n|t:|1700668345\n|switch|p2a: Iron Bundle|Iron Bundle, shiny|100\/100\n|-enditem|p2a: Iron Bundle|Booster Energy\n|-activate|p2a: Iron Bundle|ability: Quark Drive|[fromitem]\n|-start|p2a: Iron Bundle|quarkdrivespe\n|move|p1a: Breloom|Swords Dance|p1a: Breloom\n|-boost|p1a: Breloom|atk|2\n|\n|upkeep\n|turn|29\n|\n|t:|1700668359\n|move|p2a: Iron Bundle|Freeze-Dry|p1a: Breloom\n|-supereffective|p1a: Breloom\n|-end|p1a: Breloom|Substitute\n|move|p1a: Breloom|Swords Dance|p1a: Breloom\n|-boost|p1a: Breloom|atk|0\n|\n|-end|p1a: Breloom|Encore\n|upkeep\n|turn|30\n|\n|t:|1700668369\n|-end|p2a: Iron Bundle|Quark Drive|[silent]\n|switch|p2a: Sableye|Sableye, F, shiny|100\/100\n|move|p1a: Breloom|Mach Punch|p2a: Sableye\n|-immune|p2a: Sableye\n|\n|upkeep\n|turn|31\n|\n|t:|1700668378\n|move|p1a: Breloom|Protect|p1a: Breloom\n|-singleturn|p1a: Breloom|Protect\n|move|p2a: Sableye|Encore|p1a: Breloom\n|-activate|p1a: Breloom|move: Protect\n|\n|upkeep\n|turn|32\n|inactive|dsj0000 has 120 seconds left.\n|\n|t:|1700668389\n|move|p2a: Sableye|Encore|p1a: Breloom\n|-start|p1a: Breloom|Encore\n|move|p1a: Breloom|Protect||[still]\n|-fail|p1a: Breloom\n|\n|upkeep\n|turn|33\n|\n|t:|1700668395\n|move|p1a: Breloom|Protect|p1a: Breloom\n|-singleturn|p1a: Breloom|Protect\n|move|p2a: Sableye|Light Screen|p2a: Sableye\n|-sidestart|p2: dsj0000|move: Light Screen\n|\n|upkeep\n|turn|34\n|\n|t:|1700668402\n|move|p1a: Breloom|Protect||[still]\n|-fail|p1a: Breloom\n|move|p2a: Sableye|Thunder Wave|p1a: Breloom\n|-status|p1a: Breloom|par\n|\n|-end|p1a: Breloom|Encore\n|upkeep\n|turn|35\n|\n|t:|1700668416\n|move|p2a: Sableye|Encore|p1a: Breloom\n|-start|p1a: Breloom|Encore\n|move|p1a: Breloom|Protect||[still]\n|-fail|p1a: Breloom\n|\n|upkeep\n|turn|36\n|\n|t:|1700668428\n|switch|p2a: Iron Bundle|Iron Bundle, shiny|100\/100\n|switch|p1a: Cyclizar|Cyclizar, F, shiny|100\/100\n|\n|upkeep\n|turn|37\n|\n|t:|1700668437\n|move|p2a: Iron Bundle|Freeze-Dry|p1a: Cyclizar\n|-supereffective|p1a: Cyclizar\n|-damage|p1a: Cyclizar|0 fnt\n|faint|p1a: Cyclizar\n|\n|-sideend|p2: dsj0000|move: Light Screen\n|upkeep\n|\n|t:|1700668445\n|switch|p1a: Espathra|Espathra, F, shiny, tera:Fairy|63\/100 par\n|turn|38\n|\n|t:|1700668453\n|move|p2a: Iron Bundle|Freeze-Dry|p1a: Espathra\n|-damage|p1a: Espathra|10\/100 par\n|move|p1a: Espathra|Dazzling Gleam|p2a: Iron Bundle\n|-damage|p2a: Iron Bundle|41\/100\n|\n|-ability|p1a: Espathra|Speed Boost|boost\n|-boost|p1a: Espathra|spe|1\n|upkeep\n|turn|39\n|\n|t:|1700668464\n|move|p2a: Iron Bundle|Freeze-Dry|p1a: Espathra\n|-damage|p1a: Espathra|0 fnt\n|faint|p1a: Espathra\n|\n|upkeep\n|\n|t:|1700668468\n|switch|p1a: Dragonite|Dragonite, F, shiny|100\/100\n|turn|40\n|\n|t:|1700668485\n|-end|p2a: Iron Bundle|Quark Drive|[silent]\n|switch|p2a: Sableye|Sableye, F, shiny|100\/100\n|move|p1a: Dragonite|Iron Head|p2a: Sableye\n|-damage|p2a: Sableye|71\/100\n|\n|-heal|p2a: Sableye|77\/100|[from] item: Leftovers\n|upkeep\n|turn|41\n|\n|t:|1700668501\n|move|p2a: Sableye|Thunder Wave|p1a: Dragonite\n|-status|p1a: Dragonite|par\n|-enditem|p1a: Dragonite|Lum Berry|[eat]\n|-curestatus|p1a: Dragonite|par|[msg]\n|move|p1a: Dragonite|Iron Head|p2a: Sableye\n|-damage|p2a: Sableye|45\/100\n|\n|-heal|p2a: Sableye|51\/100|[from] item: Leftovers\n|upkeep\n|turn|42\n|\n|t:|1700668512\n|move|p2a: Sableye|Thunder Wave|p1a: Dragonite\n|-status|p1a: Dragonite|par\n|move|p1a: Dragonite|Dragon Claw|p2a: Sableye\n|-damage|p2a: Sableye|6\/100\n|\n|-heal|p2a: Sableye|12\/100|[from] item: Leftovers\n|upkeep\n|turn|43\n|\n|t:|1700668523\n|move|p2a: Sableye|Recover|p2a: Sableye\n|-heal|p2a: Sableye|62\/100\n|cant|p1a: Dragonite|par\n|\n|-heal|p2a: Sableye|68\/100|[from] item: Leftovers\n|upkeep\n|turn|44\n|\n|t:|1700668537\n|switch|p2a: Zacian|Zacian-Crowned|100\/100 slp\n|move|p1a: Dragonite|Dragon Claw|p2a: Zacian\n|-immune|p2a: Zacian\n|\n|upkeep\n|turn|45\n|\n|t:|1700668550\n|switch|p1a: Breloom|Breloom, M, shiny|100\/100 par\n|-curestatus|p2a: Zacian|slp|[msg]\n|move|p2a: Zacian|Play Rough|p1a: Breloom\n|-supereffective|p1a: Breloom\n|-damage|p1a: Breloom|0 fnt\n|faint|p1a: Breloom\n|\n|upkeep\n|-message|sircilantro forfeited.\n|\n|win|dsj0000\n|raw|sircilantro's rating: 1120 &rarr; <strong>1097<\/strong><br \/>(-23 for losing)\n|raw|dsj0000's rating: 1147 &rarr; <strong>1170<\/strong><br \/>(+23 for winning)\n|l|\u2606sircilantro\n","uploadtime":1700668623,"views":3,"p1id":"sircilantro","p2id":"dsj0000","formatid":"gen9ubers","rating":1097,"private":0,"password":""}