{"id":"gen9ubers-1981095056","p1":"Nitro524","p2":"mmk6ix","format":"[Gen 9] Ubers","log":"|j|\u2606Nitro524\n|j|\u2606mmk6ix\n|t:|1698863141\n|gametype|singles\n|player|p1|Nitro524|hilbert|1306\n|player|p2|mmk6ix|wulfric|1345\n|teamsize|p1|6\n|teamsize|p2|6\n|gen|9\n|tier|[Gen 9] Ubers\n|rated|\n|rule|Sleep Clause Mod: Limit one foe put to sleep\n|rule|Species Clause: Limit one of each Pok\u00e9mon\n|rule|OHKO Clause: OHKO moves are banned\n|rule|Evasion Items Clause: Evasion items are banned\n|rule|Evasion Moves Clause: Evasion moves are banned\n|rule|Endless Battle Clause: Forcing endless battles is banned\n|rule|HP Percentage Mod: HP is shown in percentages\n|clearpoke\n|poke|p1|Miraidon|\n|poke|p1|Iron Bundle|\n|poke|p1|Iron Valiant|\n|poke|p1|Iron Moth|\n|poke|p1|Iron Hands|\n|poke|p1|Iron Treads|\n|poke|p2|Flutter Mane|\n|poke|p2|Rayquaza|\n|poke|p2|Zacian-*|\n|poke|p2|Arceus|\n|poke|p2|Koraidon|\n|poke|p2|Chi-Yu|\n|teampreview\n|c|\u2606Nitro524|glhf\n|\n|t:|1698863158\n|start\n|switch|p1a: Nikola Tesla|Miraidon|100\/100\n|switch|p2a: Chi-Yu|Chi-Yu|100\/100\n|-fieldstart|move: Electric Terrain|[from] ability: Hadron Engine|[of] p1a: Nikola Tesla\n|-ability|p2a: Chi-Yu|Beads of Ruin\n|turn|1\n|\n|t:|1698863163\n|move|p1a: Nikola Tesla|Volt Switch|p2a: Chi-Yu\n|-damage|p2a: Chi-Yu|29\/100\n|\n|t:|1698863169\n|switch|p1a: Volcovid|Iron Moth|100\/100|[from] Volt Switch\n|-activate|p1a: Volcovid|ability: Quark Drive\n|-start|p1a: Volcovid|quarkdrivespe\n|move|p2a: Chi-Yu|Overheat|p1a: Volcovid|[miss]\n|-miss|p2a: Chi-Yu|p1a: Volcovid\n|\n|upkeep\n|turn|2\n|\n|t:|1698863186\n|switch|p2a: Koraidon|Koraidon|100\/100\n|-weather|SunnyDay|[from] ability: Orichalcum Pulse|[of] p2a: Koraidon\n|-activate|p2a: Koraidon|Orichalcum Pulse|[source]\n|move|p1a: Volcovid|Substitute|p1a: Volcovid\n|-start|p1a: Volcovid|Substitute\n|-damage|p1a: Volcovid|76\/100\n|\n|-weather|SunnyDay|[upkeep]\n|upkeep\n|turn|3\n|\n|t:|1698863211\n|move|p2a: Koraidon|Dragon Claw|p1a: Volcovid\n|-end|p1a: Volcovid|Substitute\n|move|p1a: Volcovid|Fiery Dance|p2a: Koraidon\n|-resisted|p2a: Koraidon\n|-damage|p2a: Koraidon|71\/100\n|\n|-weather|SunnyDay|[upkeep]\n|upkeep\n|turn|4\n|\n|t:|1698863224\n|-end|p1a: Volcovid|Quark Drive|[silent]\n|switch|p1a: Santa's Lil Helper|Iron Bundle|100\/100\n|-activate|p1a: Santa's Lil Helper|ability: Quark Drive\n|-start|p1a: Santa's Lil Helper|quarkdrivespe\n|move|p2a: Koraidon|Dragon Claw|p1a: Santa's Lil Helper\n|-damage|p1a: Santa's Lil Helper|34\/100\n|\n|-weather|SunnyDay|[upkeep]\n|upkeep\n|turn|5\n|\n|t:|1698863232\n|switch|p2a: Zacian|Zacian-Crowned|100\/100\n|-ability|p2a: Zacian|Intrepid Sword|boost\n|-boost|p2a: Zacian|atk|1\n|move|p1a: Santa's Lil Helper|Freeze-Dry|p2a: Zacian\n|-resisted|p2a: Zacian\n|-damage|p2a: Zacian|85\/100\n|\n|-weather|SunnyDay|[upkeep]\n|-fieldend|move: Electric Terrain\n|-end|p1a: Santa's Lil Helper|Quark Drive\n|upkeep\n|turn|6\n|\n|t:|1698863257\n|-end|p1a: Santa's Lil Helper|Quark Drive|[silent]\n|switch|p1a: Bryan.|Iron Hands|100\/100\n|move|p2a: Zacian|Behemoth Blade|p1a: Bryan.\n|-resisted|p1a: Bryan.\n|-damage|p1a: Bryan.|72\/100\n|\n|-weather|none\n|upkeep\n|turn|7\n|\n|t:|1698863268\n|move|p2a: Zacian|Play Rough|p1a: Bryan.|[miss]\n|-miss|p2a: Zacian|p1a: Bryan.\n|move|p1a: Bryan.|Drain Punch|p2a: Zacian\n|-damage|p2a: Zacian|45\/100\n|-heal|p1a: Bryan.|85\/100|[from] drain|[of] p2a: Zacian\n|\n|upkeep\n|turn|8\n|\n|t:|1698863278\n|move|p2a: Zacian|Swords Dance|p2a: Zacian\n|-boost|p2a: Zacian|atk|2\n|move|p1a: Bryan.|Earthquake|p2a: Zacian\n|-supereffective|p2a: Zacian\n|-damage|p2a: Zacian|0 fnt\n|faint|p2a: Zacian\n|\n|upkeep\n|\n|t:|1698863292\n|switch|p2a: Chi-Yu|Chi-Yu|29\/100\n|-ability|p2a: Chi-Yu|Beads of Ruin\n|turn|9\n|\n|t:|1698863299\n|-end|p1a: Bryan.|Quark Drive|[silent]\n|switch|p1a: Nikola Tesla|Miraidon|100\/100\n|-fieldstart|move: Electric Terrain|[from] ability: Hadron Engine|[of] p1a: Nikola Tesla\n|move|p2a: Chi-Yu|Overheat|p1a: Nikola Tesla\n|-resisted|p1a: Nikola Tesla\n|-damage|p1a: Nikola Tesla|52\/100\n|-unboost|p2a: Chi-Yu|spa|2\n|\n|upkeep\n|turn|10\n|\n|t:|1698863314\n|switch|p2a: Rayquaza|Rayquaza|100\/100\n|-ability|p2a: Rayquaza|Air Lock\n|move|p1a: Nikola Tesla|Volt Switch|p2a: Rayquaza\n|-damage|p2a: Rayquaza|36\/100\n|\n|t:|1698863324\n|switch|p1a: XG-9|Iron Valiant|100\/100|[from] Volt Switch\n|-activate|p1a: XG-9|ability: Quark Drive\n|-start|p1a: XG-9|quarkdrivespe\n|\n|upkeep\n|turn|11\n|\n|t:|1698863333\n|move|p1a: XG-9|Moonblast|p2a: Rayquaza\n|-supereffective|p2a: Rayquaza\n|-damage|p2a: Rayquaza|0 fnt\n|faint|p2a: Rayquaza\n|\n|upkeep\n|\n|t:|1698863341\n|switch|p2a: Koraidon|Koraidon|71\/100\n|-weather|SunnyDay|[from] ability: Orichalcum Pulse|[of] p2a: Koraidon\n|-activate|p2a: Koraidon|Orichalcum Pulse|[source]\n|turn|12\n|\n|t:|1698863351\n|-terastallize|p2a: Koraidon|Fire\n|move|p2a: Koraidon|Flare Blitz|p1a: XG-9\n|-damage|p1a: XG-9|0 fnt\n|faint|p1a: XG-9\n|-end|p1a: XG-9|Quark Drive|[silent]\n|-damage|p2a: Koraidon|44\/100|[from] Recoil\n|\n|-weather|SunnyDay|[upkeep]\n|upkeep\n|\n|t:|1698863359\n|switch|p1a: Santa's Lil Helper|Iron Bundle|34\/100\n|-activate|p1a: Santa's Lil Helper|ability: Quark Drive\n|-start|p1a: Santa's Lil Helper|quarkdrivespe\n|turn|13\n|\n|t:|1698863376\n|switch|p2a: Chi-Yu|Chi-Yu|29\/100\n|-ability|p2a: Chi-Yu|Beads of Ruin\n|move|p1a: Santa's Lil Helper|Hydro Pump|p2a: Chi-Yu|[miss]\n|-miss|p1a: Santa's Lil Helper|p2a: Chi-Yu\n|\n|-weather|SunnyDay|[upkeep]\n|-fieldend|move: Electric Terrain\n|-end|p1a: Santa's Lil Helper|Quark Drive\n|upkeep\n|turn|14\n|\n|t:|1698863421\n|move|p2a: Chi-Yu|Flamethrower|p1a: Santa's Lil Helper\n|-damage|p1a: Santa's Lil Helper|0 fnt\n|faint|p1a: Santa's Lil Helper\n|-end|p1a: Santa's Lil Helper|Quark Drive|[silent]\n|\n|-weather|SunnyDay|[upkeep]\n|upkeep\n|\n|t:|1698863426\n|switch|p1a: Nikola Tesla|Miraidon|52\/100\n|-fieldstart|move: Electric Terrain|[from] ability: Hadron Engine|[of] p1a: Nikola Tesla\n|turn|15\n|\n|t:|1698863449\n|move|p1a: Nikola Tesla|Volt Switch|p2a: Chi-Yu\n|-damage|p2a: Chi-Yu|0 fnt\n|faint|p2a: Chi-Yu\n|\n|t:|1698863460\n|switch|p1a: Ball of Rage|Iron Treads|100\/100|[from] Volt Switch\n|-activate|p1a: Ball of Rage|ability: Quark Drive\n|-start|p1a: Ball of Rage|quarkdrivespd\n|\n|-weather|SunnyDay|[upkeep]\n|upkeep\n|\n|t:|1698863475\n|switch|p2a: Koraidon|Koraidon, tera:Fire|44\/100\n|-activate|p2a: Koraidon|ability: Orichalcum Pulse\n|turn|16\n|\n|t:|1698863482\n|-end|p1a: Ball of Rage|Quark Drive|[silent]\n|switch|p1a: Nikola Tesla|Miraidon|52\/100\n|-activate|p1a: Nikola Tesla|ability: Hadron Engine\n|move|p2a: Koraidon|Flare Blitz|p1a: Nikola Tesla\n|-resisted|p1a: Nikola Tesla\n|-damage|p1a: Nikola Tesla|0 fnt\n|faint|p1a: Nikola Tesla\n|-damage|p2a: Koraidon|27\/100|[from] Recoil\n|\n|-weather|none\n|upkeep\n|\n|t:|1698863488\n|switch|p1a: Bryan.|Iron Hands|85\/100\n|-activate|p1a: Bryan.|ability: Quark Drive\n|-start|p1a: Bryan.|quarkdriveatk\n|turn|17\n|\n|t:|1698863539\n|move|p2a: Koraidon|Flare Blitz|p1a: Bryan.\n|-damage|p1a: Bryan.|45\/100\n|-damage|p2a: Koraidon|7\/100|[from] Recoil\n|move|p1a: Bryan.|Earthquake|p2a: Koraidon\n|-supereffective|p2a: Koraidon\n|-damage|p2a: Koraidon|0 fnt\n|faint|p2a: Koraidon\n|\n|upkeep\n|\n|t:|1698863560\n|switch|p2a: Flutter Mane|Flutter Mane|100\/100\n|turn|18\n|\n|t:|1698863573\n|move|p2a: Flutter Mane|Psyshock|p1a: Bryan.\n|-supereffective|p1a: Bryan.\n|-damage|p1a: Bryan.|0 fnt\n|faint|p1a: Bryan.\n|-end|p1a: Bryan.|Quark Drive|[silent]\n|\n|upkeep\n|\n|t:|1698863577\n|switch|p1a: Volcovid|Iron Moth|76\/100\n|-activate|p1a: Volcovid|ability: Quark Drive\n|-start|p1a: Volcovid|quarkdrivespe\n|turn|19\n|\n|t:|1698863585\n|move|p1a: Volcovid|Sludge Wave|p2a: Flutter Mane\n|-damage|p2a: Flutter Mane|50\/100\n|move|p2a: Flutter Mane|Psyshock|p1a: Volcovid\n|-supereffective|p1a: Volcovid\n|-damage|p1a: Volcovid|0 fnt\n|faint|p1a: Volcovid\n|-end|p1a: Volcovid|Quark Drive|[silent]\n|\n|-fieldend|move: Electric Terrain\n|upkeep\n|\n|t:|1698863588\n|switch|p1a: Ball of Rage|Iron Treads|100\/100\n|turn|20\n|\n|t:|1698863602\n|move|p2a: Flutter Mane|Psyshock|p1a: Ball of Rage\n|-resisted|p1a: Ball of Rage\n|-damage|p1a: Ball of Rage|82\/100\n|move|p1a: Ball of Rage|Stealth Rock|p2a: Flutter Mane\n|-sidestart|p2: mmk6ix|move: Stealth Rock\n|\n|-heal|p1a: Ball of Rage|89\/100|[from] item: Leftovers\n|upkeep\n|turn|21\n|\n|t:|1698863619\n|move|p2a: Flutter Mane|Psyshock|p1a: Ball of Rage\n|-resisted|p1a: Ball of Rage\n|-damage|p1a: Ball of Rage|70\/100\n|move|p1a: Ball of Rage|Knock Off|p2a: Flutter Mane\n|-damage|p2a: Flutter Mane|0 fnt\n|-enditem|p2a: Flutter Mane|Choice Specs|[from] move: Knock Off|[of] p1a: Ball of Rage\n|faint|p2a: Flutter Mane\n|-end|p2a: Flutter Mane|Protosynthesis|[silent]\n|\n|-heal|p1a: Ball of Rage|76\/100|[from] item: Leftovers\n|upkeep\n|\n|t:|1698863622\n|switch|p2a: Arceus|Arceus|100\/100\n|-damage|p2a: Arceus|88\/100|[from] Stealth Rock\n|turn|22\n|c|\u2606Nitro524|gg\n|\n|t:|1698863646\n|move|p2a: Arceus|Earthquake|p1a: Ball of Rage\n|-supereffective|p1a: Ball of Rage\n|-damage|p1a: Ball of Rage|20\/100\n|move|p1a: Ball of Rage|Knock Off|p2a: Arceus\n|-damage|p2a: Arceus|71\/100\n|-enditem|p2a: Arceus|Leftovers|[from] move: Knock Off|[of] p1a: Ball of Rage\n|\n|-heal|p1a: Ball of Rage|26\/100|[from] item: Leftovers\n|upkeep\n|turn|23\n|\n|t:|1698863651\n|move|p2a: Arceus|Earthquake|p1a: Ball of Rage\n|-supereffective|p1a: Ball of Rage\n|-damage|p1a: Ball of Rage|0 fnt\n|faint|p1a: Ball of Rage\n|-end|p1a: Ball of Rage|Quark Drive|[silent]\n|\n|win|mmk6ix\n|raw|Nitro524's rating: 1306 &rarr; <strong>1288<\/strong><br \/>(-18 for losing)\n|raw|mmk6ix's rating: 1345 &rarr; <strong>1363<\/strong><br \/>(+18 for winning)\n|c|\u2606Nitro524|wp\n|c|\u2606mmk6ix|who u terra?\n|c|\u2606mmk6ix|gg wp!\n|c|\u2606Nitro524|hm good question\n|c|\u2606Nitro524|they're all tera but i suppose treads?\n|c|\u2606mmk6ix|no i meant did u terra that game\n|c|\u2606mmk6ix|i couldnt remember\n|c|\u2606Nitro524|oh\n|c|\u2606Nitro524|i did not\n|c|\u2606mmk6ix|cant believe u sacked\n|c|\u2606mmk6ix|tesla\n|c|\u2606mmk6ix|scarf volt switch just hit everyone\n|c|\u2606Nitro524|yeah\n|c|\u2606Nitro524|i wasn't expecting that to kill lol\n|c|\u2606Nitro524|this was my first run w this team\n","uploadtime":1698863960,"views":10,"p1id":"nitro524","p2id":"mmk6ix","formatid":"gen9ubers","rating":1288,"private":0,"password":""}