{"id":"gen9ubers-1975919900","p1":"ballooins","p2":"unovafan53","format":"[Gen 9] Ubers","log":"|j|\u2606ballooins\n|j|\u2606unovafan53\n|t:|1698249250\n|gametype|singles\n|player|p1|ballooins|darach-caitlin|\n|player|p2|unovafan53|n|\n|teamsize|p1|6\n|teamsize|p2|6\n|gen|9\n|tier|[Gen 9] Ubers\n|rule|Sleep Clause Mod: Limit one foe put to sleep\n|rule|Species Clause: Limit one of each Pok\u00e9mon\n|rule|OHKO Clause: OHKO moves are banned\n|rule|Evasion Items Clause: Evasion items are banned\n|rule|Evasion Moves Clause: Evasion moves are banned\n|rule|Endless Battle Clause: Forcing endless battles is banned\n|rule|HP Percentage Mod: HP is shown in percentages\n|clearpoke\n|poke|p1|Arceus-Fire|\n|poke|p1|Iron Bundle|\n|poke|p1|Chien-Pao|\n|poke|p1|Baxcalibur, F|\n|poke|p1|Spectrier|\n|poke|p1|Giratina-Origin|\n|poke|p2|Chien-Pao|\n|poke|p2|Rayquaza|\n|poke|p2|Urshifu-*, M|\n|poke|p2|Arceus-Dragon|\n|poke|p2|Zacian-*|\n|poke|p2|Koraidon|\n|teampreview\n|c|\u2606unovafan53|iron bundle..\n|c|\u2606ballooins|the goat...\n|\n|t:|1698249280\n|start\n|switch|p1a: LET ME BACK IN OU|Baxcalibur, F|100\/100\n|switch|p2a: UrSHE\/HERfu|Urshifu-Rapid-Strike, M|100\/100\n|turn|1\n|\n|t:|1698249298\n|move|p2a: UrSHE\/HERfu|Close Combat|p1a: LET ME BACK IN OU\n|-supereffective|p1a: LET ME BACK IN OU\n|-damage|p1a: LET ME BACK IN OU|0 fnt\n|-unboost|p2a: UrSHE\/HERfu|def|1\n|-unboost|p2a: UrSHE\/HERfu|spd|1\n|faint|p1a: LET ME BACK IN OU\n|\n|upkeep\n|c|\u2606ballooins|LMFAO THE NAME\n|c|\u2606unovafan53|My team is woke\n|\n|t:|1698249312\n|switch|p1a: Eisenbundel|Iron Bundle|100\/100\n|turn|2\n|c|\u2606unovafan53|Hoyl shit\n|\n|t:|1698249319\n|move|p1a: Eisenbundel|Freeze-Dry|p2a: UrSHE\/HERfu\n|-supereffective|p2a: UrSHE\/HERfu\n|-damage|p2a: UrSHE\/HERfu|0 fnt\n|faint|p2a: UrSHE\/HERfu\n|\n|upkeep\n|\n|t:|1698249341\n|switch|p2a: ZEY\/ZEMcian|Zacian-Crowned|100\/100\n|-ability|p2a: ZEY\/ZEMcian|Intrepid Sword|boost\n|-boost|p2a: ZEY\/ZEMcian|atk|1\n|turn|3\n|\n|t:|1698249352\n|move|p2a: ZEY\/ZEMcian|Swords Dance|p2a: ZEY\/ZEMcian\n|-boost|p2a: ZEY\/ZEMcian|atk|2\n|move|p1a: Eisenbundel|Hydro Pump|p2a: ZEY\/ZEMcian\n|-damage|p2a: ZEY\/ZEMcian|46\/100\n|\n|upkeep\n|turn|4\n|c|\u2606ballooins|I DIDNT MISS\n|\n|t:|1698249363\n|move|p2a: ZEY\/ZEMcian|Behemoth Blade|p1a: Eisenbundel\n|-damage|p1a: Eisenbundel|0 fnt\n|faint|p1a: Eisenbundel\n|-end|p1a: Eisenbundel|Quark Drive|[silent]\n|\n|upkeep\n|c|\u2606unovafan53|the gif was wrong\n|\n|t:|1698249378\n|switch|p1a: God|Arceus-Fire|100\/100\n|turn|5\n|c|\u2606unovafan53|Religion.. we cant have that around here\n|\n|t:|1698249403\n|switch|p2a: RETARquaza|Rayquaza|100\/100\n|-ability|p2a: RETARquaza|Air Lock\n|move|p1a: God|Flare Blitz|p2a: RETARquaza\n|-resisted|p2a: RETARquaza\n|-damage|p2a: RETARquaza|57\/100\n|-status|p2a: RETARquaza|brn\n|-damage|p1a: God|88\/100|[from] Recoil\n|\n|-damage|p2a: RETARquaza|51\/100 brn|[from] brn\n|upkeep\n|turn|6\n|c|\u2606ballooins|HELPPP\n|\n|t:|1698249427\n|move|p1a: God|Flare Blitz|p2a: RETARquaza\n|-resisted|p2a: RETARquaza\n|-damage|p2a: RETARquaza|9\/100 brn\n|-damage|p1a: God|77\/100|[from] Recoil\n|move|p2a: RETARquaza|Earthquake|p1a: God\n|-supereffective|p1a: God\n|-damage|p1a: God|38\/100\n|-damage|p2a: RETARquaza|0 fnt|[from] item: Life Orb\n|faint|p2a: RETARquaza\n|\n|upkeep\n|\n|t:|1698249439\n|switch|p2a: KorBIdon|Koraidon|100\/100\n|-weather|SunnyDay|[from] ability: Orichalcum Pulse|[of] p2a: KorBIdon\n|-activate|p2a: KorBIdon|Orichalcum Pulse|[source]\n|turn|7\n|c|\u2606ballooins|KorBiden\n|c|\u2606unovafan53|True\n|\n|t:|1698249462\n|switch|p1a: Juan|Spectrier|100\/100\n|move|p2a: KorBIdon|Swords Dance|p2a: KorBIdon\n|-boost|p2a: KorBIdon|atk|2\n|\n|-weather|SunnyDay|[upkeep]\n|upkeep\n|turn|8\n|c|\u2606unovafan53|holt shit juan\n|\n|t:|1698249486\n|-terastallize|p2a: KorBIdon|Fire\n|move|p2a: KorBIdon|Flame Charge|p1a: Juan\n|-damage|p1a: Juan|0 fnt\n|-boost|p2a: KorBIdon|spe|1\n|faint|p1a: Juan\n|-damage|p2a: KorBIdon|91\/100|[from] item: Life Orb\n|\n|-weather|SunnyDay|[upkeep]\n|upkeep\n|\n|t:|1698249498\n|switch|p1a: God|Arceus-Fire|38\/100\n|turn|9\n|\n|t:|1698249505\n|move|p2a: KorBIdon|Stomping Tantrum|p1a: God\n|-supereffective|p1a: God\n|-damage|p1a: God|0 fnt\n|faint|p1a: God\n|-damage|p2a: KorBIdon|81\/100|[from] item: Life Orb\n|\n|-weather|SunnyDay|[upkeep]\n|upkeep\n|\n|t:|1698249510\n|switch|p1a: Satan|Giratina-Origin|100\/100\n|turn|10\n|\n|t:|1698249522\n|move|p2a: KorBIdon|Flame Charge|p1a: Satan\n|-resisted|p1a: Satan\n|-damage|p1a: Satan|45\/100\n|-boost|p2a: KorBIdon|spe|1\n|-damage|p2a: KorBIdon|71\/100|[from] item: Life Orb\n|move|p1a: Satan|Hex|p2a: KorBIdon\n|-damage|p2a: KorBIdon|35\/100\n|\n|-weather|SunnyDay|[upkeep]\n|upkeep\n|turn|11\n|\n|t:|1698249532\n|move|p2a: KorBIdon|Flame Charge|p1a: Satan\n|-resisted|p1a: Satan\n|-damage|p1a: Satan|0 fnt\n|-boost|p2a: KorBIdon|spe|1\n|faint|p1a: Satan\n|-damage|p2a: KorBIdon|25\/100|[from] item: Life Orb\n|\n|-weather|none\n|upkeep\n|c|\u2606ballooins|You aint ready for this one\n|\n|t:|1698249545\n|switch|p1a: I love CP|Chien-Pao|100\/100\n|-ability|p1a: I love CP|Sword of Ruin\n|turn|12\n|c|\u2606unovafan53|LMAOOOOO\n|c|\u2606ballooins|I love Chien-Pao <3\n|c|\u2606unovafan53|Me to\n|\n|t:|1698249562\n|move|p2a: KorBIdon|Low Kick|p1a: I love CP\n|-supereffective|p1a: I love CP\n|-damage|p1a: I love CP|0 fnt\n|faint|p1a: I love CP\n|-damage|p2a: KorBIdon|15\/100|[from] item: Life Orb\n|\n|win|unovafan53\n|c|\u2606unovafan53|Gg...\n","uploadtime":1698249572,"views":19,"p1id":"ballooins","p2id":"unovafan53","formatid":"gen9ubers","rating":0,"private":0,"password":""}