{"id":"gen9ubers-1974922674","p1":"amosamoswong","p2":"KonoRyanDa","format":"[Gen 9] Ubers","log":"|j|\u2606amosamoswong\n|j|\u2606KonoRyanDa\n|t:|1698145085\n|gametype|singles\n|player|p1|amosamoswong|youngster-gen1|\n|player|p2|KonoRyanDa|swimmerf-gen4|\n|teamsize|p1|6\n|teamsize|p2|6\n|gen|9\n|tier|[Gen 9] Ubers\n|rule|Sleep Clause Mod: Limit one foe put to sleep\n|rule|Species Clause: Limit one of each Pok\u00e9mon\n|rule|OHKO Clause: OHKO moves are banned\n|rule|Evasion Items Clause: Evasion items are banned\n|rule|Evasion Moves Clause: Evasion moves are banned\n|rule|Endless Battle Clause: Forcing endless battles is banned\n|rule|HP Percentage Mod: HP is shown in percentages\n|clearpoke\n|poke|p1|Palafin, M|\n|poke|p1|Samurott-Hisui, M|\n|poke|p1|Urshifu-*, F|\n|poke|p1|Pelipper, F|\n|poke|p1|Cinderace, F|\n|poke|p1|Hawlucha, F|\n|poke|p2|Giratina|\n|poke|p2|Ninetales-Alola, F|\n|poke|p2|Blissey, F|\n|poke|p2|Magearna|\n|poke|p2|Arceus-Poison|\n|poke|p2|Basculegion-F, F|\n|teampreview\n|c|\u2606amosamoswong|the legtimacy of the set up is on the line\n|c|\u2606amosamoswong|all the alternate forms\n|c|\u2606KonoRyanDa|wdym\n|c|\u2606amosamoswong|basculegion, giratina and the type of arceus\n|\n|t:|1698145140\n|start\n|switch|p1a: Palafin|Palafin, M|100\/100\n|switch|p2a: Magearna|Magearna|100\/100\n|turn|1\n|\n|t:|1698145156\n|detailschange|p1a: Palafin|Palafin-Hero, M\n|switch|p1a: Cinderace|Cinderace, F|100\/100\n|move|p2a: Magearna|Calm Mind|p2a: Magearna\n|-boost|p2a: Magearna|spa|1\n|-boost|p2a: Magearna|spd|1\n|\n|upkeep\n|turn|2\n|\n|t:|1698145173\n|-terastallize|p2a: Magearna|Psychic\n|move|p1a: Cinderace|Flare Blitz|p2a: Magearna\n|-damage|p2a: Magearna|26\/100\n|-damage|p1a: Cinderace|71\/100|[from] Recoil\n|move|p2a: Magearna|Shift Gear|p2a: Magearna\n|-boost|p2a: Magearna|spe|2\n|-boost|p2a: Magearna|atk|1\n|\n|-heal|p2a: Magearna|32\/100|[from] item: Leftovers\n|upkeep\n|turn|3\n|\n|t:|1698145184\n|move|p2a: Magearna|Stored Power|p1a: Cinderace\n|-damage|p1a: Cinderace|0 fnt\n|faint|p1a: Cinderace\n|-ability|p2a: Magearna|Soul-Heart|boost\n|-boost|p2a: Magearna|spa|1\n|\n|-heal|p2a: Magearna|38\/100|[from] item: Leftovers\n|upkeep\n|\n|t:|1698145192\n|switch|p1a: Pelipper|Pelipper, F|100\/100\n|-weather|RainDance|[from] ability: Drizzle|[of] p1a: Pelipper\n|turn|4\n|\n|t:|1698145199\n|move|p2a: Magearna|Stored Power|p1a: Pelipper\n|-damage|p1a: Pelipper|0 fnt\n|faint|p1a: Pelipper\n|-ability|p2a: Magearna|Soul-Heart|boost\n|-boost|p2a: Magearna|spa|1\n|\n|-weather|RainDance|[upkeep]\n|-heal|p2a: Magearna|44\/100|[from] item: Leftovers\n|upkeep\n|\n|t:|1698145201\n|switch|p1a: Palafin|Palafin-Hero, M|100\/100\n|-activate|p1a: Palafin|ability: Zero to Hero\n|turn|5\n|\n|t:|1698145205\n|move|p1a: Palafin|Jet Punch|p2a: Magearna\n|-damage|p2a: Magearna|0 fnt\n|faint|p2a: Magearna\n|\n|-weather|RainDance|[upkeep]\n|upkeep\n|\n|t:|1698145210\n|switch|p2a: Ninetales|Ninetales-Alola, F|100\/100\n|-weather|Snow|[from] ability: Snow Warning|[of] p2a: Ninetales\n|turn|6\n|\n|t:|1698145235\n|-terastallize|p1a: Palafin|Water\n|move|p1a: Palafin|Jet Punch|p2a: Ninetales\n|-damage|p2a: Ninetales|41\/100\n|move|p2a: Ninetales|Aurora Veil|p2a: Ninetales\n|-sidestart|p2: KonoRyanDa|move: Aurora Veil\n|\n|-weather|Snow|[upkeep]\n|upkeep\n|turn|7\n|\n|t:|1698145244\n|move|p2a: Ninetales|Freeze-Dry|p1a: Palafin\n|-supereffective|p1a: Palafin\n|-damage|p1a: Palafin|42\/100\n|move|p1a: Palafin|Wave Crash|p2a: Ninetales\n|-damage|p2a: Ninetales|0 fnt\n|faint|p2a: Ninetales\n|-damage|p1a: Palafin|31\/100|[from] Recoil\n|\n|-weather|Snow|[upkeep]\n|upkeep\n|\n|t:|1698145252\n|switch|p2a: Arceus|Arceus-Poison|100\/100\n|turn|8\n|\n|t:|1698145263\n|switch|p1a: Samurott|Samurott-Hisui, M|100\/100\n|move|p2a: Arceus|Calm Mind|p2a: Arceus\n|-boost|p2a: Arceus|spa|1\n|-boost|p2a: Arceus|spd|1\n|\n|-weather|Snow|[upkeep]\n|upkeep\n|turn|9\n|\n|t:|1698145271\n|move|p1a: Samurott|Brick Break|p2a: Arceus\n|-sideend|p2: KonoRyanDa|move: Aurora Veil\n|-resisted|p2a: Arceus\n|-crit|p2a: Arceus\n|-damage|p2a: Arceus|88\/100\n|move|p2a: Arceus|Calm Mind|p2a: Arceus\n|-boost|p2a: Arceus|spa|1\n|-boost|p2a: Arceus|spd|1\n|\n|-weather|Snow|[upkeep]\n|upkeep\n|turn|10\n|\n|t:|1698145286\n|switch|p1a: Hawlucha|Hawlucha, F|100\/100\n|-ability|p1a: Hawlucha|Mold Breaker\n|move|p2a: Arceus|Judgment|p1a: Hawlucha\n|-damage|p1a: Hawlucha|0 fnt\n|faint|p1a: Hawlucha\n|\n|-weather|none\n|upkeep\n|\n|t:|1698145293\n|switch|p1a: Samurott|Samurott-Hisui, M|100\/100\n|turn|11\n|\n|t:|1698145303\n|move|p1a: Samurott|Aqua Cutter|p2a: Arceus\n|-crit|p2a: Arceus\n|-damage|p2a: Arceus|32\/100\n|move|p2a: Arceus|Judgment|p1a: Samurott\n|-damage|p1a: Samurott|0 fnt\n|faint|p1a: Samurott\n|\n|upkeep\n|\n|t:|1698145318\n|switch|p1a: Urshifu|Urshifu-Rapid-Strike, F|100\/100\n|turn|12\n|\n|t:|1698145322\n|move|p2a: Arceus|Judgment|p1a: Urshifu\n|-enditem|p1a: Urshifu|Focus Sash\n|-damage|p1a: Urshifu|1\/100\n|move|p1a: Urshifu|Trailblaze|p2a: Arceus\n|-resisted|p2a: Arceus\n|-damage|p2a: Arceus|25\/100\n|-boost|p1a: Urshifu|spe|1\n|\n|upkeep\n|turn|13\n|\n|t:|1698145330\n|move|p1a: Urshifu|Surging Strikes|p2a: Arceus\n|-crit|p2a: Arceus\n|-damage|p2a: Arceus|9\/100\n|-crit|p2a: Arceus\n|-damage|p2a: Arceus|0 fnt\n|faint|p2a: Arceus\n|-hitcount|p2: Arceus|2\n|\n|upkeep\n|\n|t:|1698145336\n|switch|p2a: Giratina|Giratina|100\/100\n|-ability|p2a: Giratina|Pressure\n|turn|14\n|\n|t:|1698145343\n|move|p1a: Urshifu|Acrobatics|p2a: Giratina\n|-damage|p2a: Giratina|84\/100\n|move|p2a: Giratina|Hex|p1a: Urshifu\n|-damage|p1a: Urshifu|0 fnt\n|faint|p1a: Urshifu\n|\n|-heal|p2a: Giratina|90\/100|[from] item: Leftovers\n|upkeep\n|c|\u2606amosamoswong|...\n|c|\u2606amosamoswong|16%\n|c|\u2606KonoRyanDa|what did u day bout lowly noobs\n|\n|t:|1698145360\n|switch|p1a: Palafin|Palafin-Hero, M, tera:Water|31\/100\n|turn|15\n|c|\u2606KonoRyanDa|say\n|\n|t:|1698145368\n|move|p1a: Palafin|Wave Crash|p2a: Giratina\n|-resisted|p2a: Giratina\n|-damage|p2a: Giratina|64\/100\n|-damage|p1a: Palafin|18\/100|[from] Recoil\n|move|p2a: Giratina|Will-O-Wisp|p1a: Palafin\n|-status|p1a: Palafin|brn\n|\n|-heal|p2a: Giratina|71\/100|[from] item: Leftovers\n|-damage|p1a: Palafin|12\/100 brn|[from] brn\n|upkeep\n|turn|16\n|\n|t:|1698145377\n|move|p1a: Palafin|Jet Punch|p2a: Giratina\n|-resisted|p2a: Giratina\n|-damage|p2a: Giratina|64\/100\n|move|p2a: Giratina|Hex|p1a: Palafin\n|-damage|p1a: Palafin|0 fnt\n|faint|p1a: Palafin\n|\n|win|KonoRyanDa\n|c|\u2606amosamoswong|I cannot imagine it so weak\n|l|\u2606KonoRyanDa\n|j|\u2606KonoRyanDa\n|player|p2|KonoRyanDa|swimmerf-gen4\n","uploadtime":1698145546,"views":10,"p1id":"amosamoswong","p2id":"konoryanda","formatid":"gen9ubers","rating":0,"private":0,"password":""}