{"id":"gen9ubers-1994976242","p1":"elmaestro544","p2":"ExcreduS","format":"[Gen 9] Ubers","log":"|j|\u2606elmaestro544\n|j|\u2606ExcreduS\n|t:|1700509710\n|gametype|singles\n|player|p1|elmaestro544|2|1092\n|player|p2|ExcreduS|ninjaboy|1212\n|teamsize|p1|6\n|teamsize|p2|6\n|gen|9\n|tier|[Gen 9] Ubers\n|rated|\n|rule|Sleep Clause Mod: Limit one foe put to sleep\n|rule|Species Clause: Limit one of each Pok\u00e9mon\n|rule|OHKO Clause: OHKO moves are banned\n|rule|Evasion Items Clause: Evasion items are banned\n|rule|Evasion Moves Clause: Evasion moves are banned\n|rule|Endless Battle Clause: Forcing endless battles is banned\n|rule|HP Percentage Mod: HP is shown in percentages\n|clearpoke\n|poke|p1|Calyrex-Ice|\n|poke|p1|Kyogre|\n|poke|p1|Giratina-Origin|\n|poke|p1|Landorus-Therian, M|\n|poke|p1|Koraidon|\n|poke|p1|Zapdos|\n|poke|p2|Skeledirge, F|\n|poke|p2|Flutter Mane|\n|poke|p2|Dialga|\n|poke|p2|Toedscruel, M|\n|poke|p2|Kingambit, M|\n|poke|p2|Arceus-Ghost|\n|teampreview\n|\n|t:|1700509738\n|start\n|switch|p1a: Koraidon|Koraidon|100\/100\n|switch|p2a: Roars|Dialga, shiny|100\/100\n|-weather|SunnyDay|[from] ability: Orichalcum Pulse|[of] p1a: Koraidon\n|-activate|p1a: Koraidon|Orichalcum Pulse|[source]\n|-ability|p2a: Roars|Pressure\n|turn|1\n|\n|t:|1700509758\n|move|p1a: Koraidon|Flare Blitz|p2a: Roars\n|-damage|p2a: Roars|38\/100\n|-damage|p1a: Koraidon|80\/100|[from] Recoil\n|move|p2a: Roars|Thunder Wave|p1a: Koraidon|[miss]\n|-miss|p2a: Roars|p1a: Koraidon\n|\n|-weather|SunnyDay|[upkeep]\n|-heal|p1a: Koraidon|86\/100|[from] item: Leftovers\n|upkeep\n|turn|2\n|\n|t:|1700509770\n|move|p1a: Koraidon|Dragon Claw|p2a: Roars\n|-damage|p2a: Roars|0 fnt\n|faint|p2a: Roars\n|\n|-weather|SunnyDay|[upkeep]\n|-heal|p1a: Koraidon|92\/100|[from] item: Leftovers\n|upkeep\n|\n|t:|1700509785\n|switch|p2a: Annoys|Toedscruel, M|100\/100\n|turn|3\n|\n|t:|1700509794\n|move|p1a: Koraidon|Flare Blitz|p2a: Annoys\n|-supereffective|p2a: Annoys\n|-enditem|p2a: Annoys|Focus Sash\n|-damage|p2a: Annoys|1\/100\n|-damage|p1a: Koraidon|68\/100|[from] Recoil\n|move|p2a: Annoys|Spore|p1a: Koraidon\n|-status|p1a: Koraidon|slp|[from] move: Spore\n|\n|-weather|SunnyDay|[upkeep]\n|-heal|p1a: Koraidon|74\/100 slp|[from] item: Leftovers\n|upkeep\n|turn|4\n|\n|t:|1700509814\n|switch|p1a: Zapdos|Zapdos|100\/100\n|-ability|p1a: Zapdos|Pressure\n|move|p2a: Annoys|Earth Power|p1a: Zapdos\n|-immune|p1a: Zapdos\n|\n|-weather|SunnyDay|[upkeep]\n|upkeep\n|turn|5\n|\n|t:|1700509827\n|move|p1a: Zapdos|Protect|p1a: Zapdos\n|-singleturn|p1a: Zapdos|Protect\n|move|p2a: Annoys|Rapid Spin|p1a: Zapdos\n|-activate|p1a: Zapdos|move: Protect\n|\n|-weather|none\n|upkeep\n|turn|6\n|\n|t:|1700509837\n|move|p1a: Zapdos|Zap Cannon|p2a: Annoys\n|-immune|p2a: Annoys\n|move|p2a: Annoys|Spikes|p1a: Zapdos\n|-sidestart|p1: elmaestro544|Spikes\n|\n|upkeep\n|turn|7\n|\n|t:|1700509845\n|move|p1a: Zapdos|Hurricane|p2a: Annoys\n|-supereffective|p2a: Annoys\n|-damage|p2a: Annoys|0 fnt\n|faint|p2a: Annoys\n|\n|upkeep\n|\n|t:|1700509857\n|switch|p2a: Chomps|Skeledirge, F, shiny|100\/100\n|turn|8\n|\n|t:|1700509873\n|switch|p1a: Calyrex|Calyrex-Ice|100\/100\n|-ability|p1a: Calyrex|As One\n|-ability|p1a: Calyrex|Unnerve\n|-damage|p1a: Calyrex|88\/100|[from] Spikes\n|move|p2a: Chomps|Torch Song|p1a: Calyrex\n|-supereffective|p1a: Calyrex\n|-damage|p1a: Calyrex|40\/100\n|-boost|p2a: Chomps|spa|1\n|\n|upkeep\n|turn|9\n|\n|t:|1700509894\n|switch|p1a: Kyogre|Kyogre|100\/100\n|-damage|p1a: Kyogre|88\/100|[from] Spikes\n|-weather|RainDance|[from] ability: Drizzle|[of] p1a: Kyogre\n|move|p2a: Chomps|Torch Song|p1a: Kyogre\n|-resisted|p1a: Kyogre\n|-damage|p1a: Kyogre|79\/100\n|-boost|p2a: Chomps|spa|1\n|\n|-weather|RainDance|[upkeep]\n|upkeep\n|turn|10\n|\n|t:|1700509908\n|move|p1a: Kyogre|Water Spout|p2a: Chomps\n|-supereffective|p2a: Chomps\n|-damage|p2a: Chomps|0 fnt\n|faint|p2a: Chomps\n|\n|-weather|RainDance|[upkeep]\n|upkeep\n|\n|t:|1700509913\n|switch|p2a: Arceus|Arceus-Ghost|100\/100\n|turn|11\n|\n|t:|1700509926\n|move|p2a: Arceus|Shadow Claw|p1a: Kyogre\n|-damage|p1a: Kyogre|34\/100\n|move|p1a: Kyogre|Blizzard|p2a: Arceus\n|-damage|p2a: Arceus|66\/100\n|\n|-weather|RainDance|[upkeep]\n|upkeep\n|turn|12\n|\n|t:|1700509942\n|switch|p1a: Landorus|Landorus-Therian, M|100\/100\n|-ability|p1a: Landorus|Intimidate|boost\n|-unboost|p2a: Arceus|atk|1\n|move|p2a: Arceus|Shadow Claw|p1a: Landorus\n|-damage|p1a: Landorus|69\/100\n|\n|-weather|RainDance|[upkeep]\n|-heal|p1a: Landorus|75\/100|[from] item: Leftovers\n|upkeep\n|turn|13\n|\n|t:|1700509954\n|move|p2a: Arceus|Shadow Claw|p1a: Landorus\n|-crit|p1a: Landorus\n|-damage|p1a: Landorus|5\/100\n|move|p1a: Landorus|Earthquake|p2a: Arceus\n|-damage|p2a: Arceus|21\/100\n|\n|-weather|none\n|-heal|p1a: Landorus|11\/100|[from] item: Leftovers\n|upkeep\n|turn|14\n|\n|t:|1700509975\n|switch|p1a: Zapdos|Zapdos|100\/100\n|-ability|p1a: Zapdos|Pressure\n|move|p2a: Arceus|Shadow Claw|p1a: Zapdos\n|-damage|p1a: Zapdos|67\/100\n|\n|-heal|p1a: Zapdos|73\/100|[from] item: Leftovers\n|upkeep\n|turn|15\n|\n|t:|1700509994\n|move|p1a: Zapdos|Protect|p1a: Zapdos\n|-singleturn|p1a: Zapdos|Protect\n|move|p2a: Arceus|Shadow Claw|p1a: Zapdos\n|-activate|p1a: Zapdos|move: Protect\n|\n|-heal|p1a: Zapdos|79\/100|[from] item: Leftovers\n|upkeep\n|turn|16\n|\n|t:|1700510007\n|move|p2a: Arceus|Recover|p2a: Arceus\n|-heal|p2a: Arceus|71\/100\n|move|p1a: Zapdos|Zap Cannon|p2a: Arceus\n|-damage|p2a: Arceus|22\/100\n|-status|p2a: Arceus|par\n|\n|-heal|p1a: Zapdos|86\/100|[from] item: Leftovers\n|upkeep\n|turn|17\n|\n|t:|1700510021\n|move|p1a: Zapdos|Zap Cannon|p2a: Arceus|[miss]\n|-miss|p1a: Zapdos|p2a: Arceus\n|move|p2a: Arceus|Shadow Claw|p1a: Zapdos\n|-damage|p1a: Zapdos|55\/100\n|\n|-heal|p1a: Zapdos|61\/100|[from] item: Leftovers\n|upkeep\n|turn|18\n|\n|t:|1700510091\n|move|p1a: Zapdos|Zap Cannon|p2a: Arceus|[miss]\n|-miss|p1a: Zapdos|p2a: Arceus\n|move|p2a: Arceus|Shadow Claw|p1a: Zapdos\n|-crit|p1a: Zapdos\n|-damage|p1a: Zapdos|0 fnt\n|faint|p1a: Zapdos\n|\n|upkeep\n|\n|t:|1700510104\n|switch|p1a: Giratina|Giratina-Origin|100\/100\n|turn|19\n|\n|t:|1700510154\n|move|p1a: Giratina|Dragon Pulse|p2a: Arceus\n|-damage|p2a: Arceus|0 fnt\n|faint|p2a: Arceus\n|\n|upkeep\n|\n|t:|1700510158\n|switch|p2a: Curses|Flutter Mane, shiny|100\/100\n|-enditem|p2a: Curses|Booster Energy\n|-activate|p2a: Curses|ability: Protosynthesis|[fromitem]\n|-start|p2a: Curses|protosynthesisspe\n|turn|20\n|\n|t:|1700510169\n|move|p2a: Curses|Moonblast|p1a: Giratina\n|-supereffective|p1a: Giratina\n|-damage|p1a: Giratina|21\/100\n|move|p1a: Giratina|Poltergeist||[still]\n|-fail|p1a: Giratina\n|\n|upkeep\n|turn|21\n|\n|t:|1700510177\n|move|p2a: Curses|Moonblast|p1a: Giratina\n|-supereffective|p1a: Giratina\n|-damage|p1a: Giratina|0 fnt\n|faint|p1a: Giratina\n|\n|upkeep\n|\n|t:|1700510186\n|switch|p1a: Calyrex|Calyrex-Ice|40\/100\n|-ability|p1a: Calyrex|As One\n|-ability|p1a: Calyrex|Unnerve\n|-damage|p1a: Calyrex|28\/100|[from] Spikes\n|turn|22\n|\n|t:|1700510197\n|move|p2a: Curses|Moonblast|p1a: Calyrex\n|-damage|p1a: Calyrex|0 fnt\n|faint|p1a: Calyrex\n|\n|upkeep\n|\n|t:|1700510206\n|switch|p1a: Kyogre|Kyogre|34\/100\n|-damage|p1a: Kyogre|21\/100|[from] Spikes\n|-weather|RainDance|[from] ability: Drizzle|[of] p1a: Kyogre\n|turn|23\n|\n|t:|1700510218\n|move|p2a: Curses|Moonblast|p1a: Kyogre\n|-damage|p1a: Kyogre|0 fnt\n|faint|p1a: Kyogre\n|\n|-weather|RainDance|[upkeep]\n|upkeep\n|\n|t:|1700510228\n|switch|p1a: Landorus|Landorus-Therian, M|11\/100\n|-ability|p1a: Landorus|Intimidate|boost\n|-unboost|p2a: Curses|atk|1\n|turn|24\n|\n|t:|1700510243\n|move|p2a: Curses|Moonblast|p1a: Landorus\n|-damage|p1a: Landorus|0 fnt\n|faint|p1a: Landorus\n|\n|-weather|RainDance|[upkeep]\n|upkeep\n|c|\u2606elmaestro544|vete a la mierda\n|\n|t:|1700510264\n|switch|p1a: Koraidon|Koraidon|74\/100 slp\n|-damage|p1a: Koraidon|61\/100 slp|[from] Spikes\n|-weather|SunnyDay|[from] ability: Orichalcum Pulse|[of] p1a: Koraidon\n|-activate|p1a: Koraidon|Orichalcum Pulse|[source]\n|turn|25\n|c|\u2606elmaestro544|tramposo\n|\n|t:|1700510291\n|move|p2a: Curses|Moonblast|p1a: Koraidon\n|-supereffective|p1a: Koraidon\n|-damage|p1a: Koraidon|0 fnt\n|faint|p1a: Koraidon\n|\n|win|ExcreduS\n|raw|elmaestro544's rating: 1092 &rarr; <strong>1076<\/strong><br \/>(-16 for losing)\n|raw|ExcreduS's rating: 1212 &rarr; <strong>1229<\/strong><br \/>(+17 for winning)\n","uploadtime":1700510257,"views":1,"p1id":"elmaestro544","p2id":"excredus","formatid":"gen9ubers","rating":1076,"private":0,"password":""}