{"id":"gen9ubers-1988175938","p1":"Buizel%100","p2":"Treniam","format":"[Gen 9] Ubers","log":"|j|\u2606Buizel%100\n|j|\u2606Treniam\n|t:|1699679820\n|gametype|singles\n|player|p1|Buizel%100|170|\n|player|p2|Treniam|101|\n|teamsize|p1|6\n|teamsize|p2|6\n|gen|9\n|tier|[Gen 9] Ubers\n|rule|Sleep Clause Mod: Limit one foe put to sleep\n|rule|Species Clause: Limit one of each Pok\u00e9mon\n|rule|OHKO Clause: OHKO moves are banned\n|rule|Evasion Items Clause: Evasion items are banned\n|rule|Evasion Moves Clause: Evasion moves are banned\n|rule|Endless Battle Clause: Forcing endless battles is banned\n|rule|HP Percentage Mod: HP is shown in percentages\n|clearpoke\n|poke|p1|Mew|\n|poke|p1|Milotic, M|\n|poke|p1|Inteleon, F|\n|poke|p1|Ribombee, F|\n|poke|p1|Leafeon, M|\n|poke|p1|Mismagius, F|\n|poke|p2|Politoed, F|\n|poke|p2|Zapdos|\n|poke|p2|Basculegion-F, F|\n|poke|p2|Beartic, F|\n|poke|p2|Shiftry, F|\n|poke|p2|Farigiraf, M|\n|teampreview\n|c|\u2606Treniam|Gl Hf!\n|c|\u2606Buizel%100|Glhf\n|j| stealthr2\n|\n|t:|1699679876\n|start\n|switch|p1a: Milotic|Milotic, M|100\/100\n|switch|p2a: Loooooooong|Farigiraf, M, shiny|100\/100\n|turn|1\n|\n|t:|1699679884\n|move|p2a: Loooooooong|Nasty Plot|p2a: Loooooooong\n|-boost|p2a: Loooooooong|spa|2\n|move|p1a: Milotic|Coil|p1a: Milotic\n|-boost|p1a: Milotic|atk|1\n|-boost|p1a: Milotic|def|1\n|-boost|p1a: Milotic|accuracy|1\n|\n|-status|p1a: Milotic|brn|[from] item: Flame Orb\n|upkeep\n|turn|2\n|\n|t:|1699679893\n|move|p2a: Loooooooong|Stored Power|p1a: Milotic\n|-damage|p1a: Milotic|69\/100 brn\n|move|p1a: Milotic|Hydro Pump|p2a: Loooooooong\n|-damage|p2a: Loooooooong|59\/100\n|\n|-damage|p1a: Milotic|63\/100 brn|[from] brn\n|upkeep\n|turn|3\n|\n|t:|1699679906\n|move|p2a: Loooooooong|Stored Power|p1a: Milotic\n|-damage|p1a: Milotic|29\/100 brn\n|move|p1a: Milotic|Recover|p1a: Milotic\n|-heal|p1a: Milotic|79\/100 brn\n|\n|-damage|p1a: Milotic|73\/100 brn|[from] brn\n|upkeep\n|turn|4\n|\n|t:|1699679915\n|move|p2a: Loooooooong|Stored Power|p1a: Milotic\n|-damage|p1a: Milotic|41\/100 brn\n|move|p1a: Milotic|Hydro Pump|p2a: Loooooooong\n|-damage|p2a: Loooooooong|12\/100\n|-enditem|p2a: Loooooooong|Sitrus Berry|[eat]\n|-heal|p2a: Loooooooong|37\/100|[from] item: Sitrus Berry\n|\n|-damage|p1a: Milotic|35\/100 brn|[from] brn\n|upkeep\n|turn|5\n|\n|t:|1699679925\n|move|p2a: Loooooooong|Nasty Plot|p2a: Loooooooong\n|-boost|p2a: Loooooooong|spa|2\n|move|p1a: Milotic|Recover|p1a: Milotic\n|-heal|p1a: Milotic|85\/100 brn\n|\n|-damage|p1a: Milotic|79\/100 brn|[from] brn\n|-activate|p2a: Loooooooong|ability: Cud Chew\n|-enditem|p2a: Loooooooong|Sitrus Berry|[eat]\n|-heal|p2a: Loooooooong|62\/100|[from] item: Sitrus Berry\n|upkeep\n|turn|6\n|\n|t:|1699679935\n|move|p2a: Loooooooong|Stored Power|p1a: Milotic\n|-damage|p1a: Milotic|0 fnt\n|faint|p1a: Milotic\n|\n|upkeep\n|\n|t:|1699679943\n|switch|p1a: Ribombee|Ribombee, F|100\/100\n|turn|7\n|\n|t:|1699679953\n|move|p1a: Ribombee|Quiver Dance|p1a: Ribombee\n|-boost|p1a: Ribombee|spa|1\n|-boost|p1a: Ribombee|spd|1\n|-boost|p1a: Ribombee|spe|1\n|move|p2a: Loooooooong|Stored Power|p1a: Ribombee\n|-enditem|p1a: Ribombee|Focus Sash\n|-damage|p1a: Ribombee|1\/100\n|\n|upkeep\n|turn|8\n|\n|t:|1699679971\n|move|p1a: Ribombee|Moonblast|p2a: Loooooooong\n|-damage|p2a: Loooooooong|0 fnt\n|faint|p2a: Loooooooong\n|\n|upkeep\n|\n|t:|1699679982\n|switch|p2a: Brrrrrr|Beartic, F|100\/100\n|turn|9\n|\n|t:|1699679989\n|move|p2a: Brrrrrr|Aqua Jet|p1a: Ribombee\n|-damage|p1a: Ribombee|0 fnt\n|faint|p1a: Ribombee\n|-damage|p2a: Brrrrrr|91\/100|[from] item: Life Orb\n|\n|upkeep\n|\n|t:|1699679995\n|switch|p1a: Mismagius|Mismagius, F|100\/100\n|turn|10\n|\n|t:|1699680007\n|switch|p2a: Swish Swish|Shiftry, F|100\/100\n|move|p1a: Mismagius|Calm Mind|p1a: Mismagius\n|-boost|p1a: Mismagius|spa|1\n|-boost|p1a: Mismagius|spd|1\n|\n|upkeep\n|turn|11\n|\n|t:|1699680019\n|move|p2a: Swish Swish|Sucker Punch|p1a: Mismagius\n|-supereffective|p1a: Mismagius\n|-damage|p1a: Mismagius|0 fnt\n|faint|p1a: Mismagius\n|\n|upkeep\n|\n|t:|1699680026\n|switch|p1a: Leafeon|Leafeon, M|100\/100\n|turn|12\n|\n|t:|1699680031\n|move|p1a: Leafeon|Swords Dance|p1a: Leafeon\n|-boost|p1a: Leafeon|atk|2\n|move|p2a: Swish Swish|X-Scissor|p1a: Leafeon\n|-supereffective|p1a: Leafeon\n|-damage|p1a: Leafeon|56\/100\n|\n|upkeep\n|turn|13\n|c|\u2606Buizel%100|God I\u2019m getting wrecked\n|j| nicneg\n|\n|t:|1699680050\n|move|p1a: Leafeon|X-Scissor|p2a: Swish Swish\n|-supereffective|p2a: Swish Swish\n|-damage|p2a: Swish Swish|0 fnt\n|faint|p2a: Swish Swish\n|\n|upkeep\n|\n|t:|1699680056\n|switch|p2a: Ribbit|Politoed, F, shiny|100\/100\n|-weather|RainDance|[from] ability: Drizzle|[of] p2a: Ribbit\n|turn|14\n|\n|t:|1699680064\n|move|p1a: Leafeon|Leaf Blade|p2a: Ribbit\n|-supereffective|p2a: Ribbit\n|-damage|p2a: Ribbit|0 fnt\n|faint|p2a: Ribbit\n|\n|-weather|RainDance|[upkeep]\n|upkeep\n|\n|t:|1699680077\n|switch|p2a: Blub Blub|Basculegion-F, F, shiny|100\/100\n|turn|15\n|\n|t:|1699680084\n|move|p2a: Blub Blub|Ice Beam|p1a: Leafeon\n|-supereffective|p1a: Leafeon\n|-damage|p1a: Leafeon|0 fnt\n|faint|p1a: Leafeon\n|\n|-weather|RainDance|[upkeep]\n|upkeep\n|\n|t:|1699680090\n|switch|p1a: Mew|Mew|100\/100\n|turn|16\n|\n|t:|1699680101\n|switch|p2a: Brrrrrr|Beartic, F|91\/100\n|move|p1a: Mew|Giga Drain|p2a: Brrrrrr\n|-damage|p2a: Brrrrrr|63\/100\n|\n|-weather|RainDance|[upkeep]\n|upkeep\n|turn|17\n|\n|t:|1699680110\n|move|p2a: Brrrrrr|Icicle Crash|p1a: Mew\n|-damage|p1a: Mew|56\/100\n|-damage|p2a: Brrrrrr|53\/100|[from] item: Life Orb\n|move|p1a: Mew|Iron Defense|p1a: Mew\n|-boost|p1a: Mew|def|2\n|\n|-weather|RainDance|[upkeep]\n|-heal|p1a: Mew|62\/100|[from] item: Leftovers\n|upkeep\n|turn|18\n|\n|t:|1699680132\n|move|p2a: Brrrrrr|Icicle Crash|p1a: Mew\n|-damage|p1a: Mew|35\/100\n|-damage|p2a: Brrrrrr|43\/100|[from] item: Life Orb\n|move|p1a: Mew|Iron Defense|p1a: Mew\n|-boost|p1a: Mew|def|2\n|\n|-weather|RainDance|[upkeep]\n|-heal|p1a: Mew|42\/100|[from] item: Leftovers\n|upkeep\n|turn|19\n|\n|t:|1699680145\n|move|p2a: Brrrrrr|Close Combat|p1a: Mew\n|-resisted|p1a: Mew\n|-damage|p1a: Mew|34\/100\n|-unboost|p2a: Brrrrrr|def|1\n|-unboost|p2a: Brrrrrr|spd|1\n|-damage|p2a: Brrrrrr|33\/100|[from] item: Life Orb\n|move|p1a: Mew|Giga Drain|p2a: Brrrrrr\n|-damage|p2a: Brrrrrr|0 fnt\n|-heal|p1a: Mew|48\/100|[from] drain|[of] p2a: Brrrrrr\n|faint|p2a: Brrrrrr\n|\n|-weather|RainDance|[upkeep]\n|-heal|p1a: Mew|54\/100|[from] item: Leftovers\n|upkeep\n|\n|t:|1699680156\n|switch|p2a: Bzzzzzzzz|Zapdos|100\/100\n|turn|20\n|\n|t:|1699680165\n|move|p2a: Bzzzzzzzz|Thunderbolt|p1a: Mew\n|-damage|p1a: Mew|15\/100\n|move|p1a: Mew|Calm Mind|p1a: Mew\n|-boost|p1a: Mew|spa|1\n|-boost|p1a: Mew|spd|1\n|\n|-weather|RainDance|[upkeep]\n|-heal|p1a: Mew|21\/100|[from] item: Leftovers\n|upkeep\n|turn|21\n|\n|t:|1699680174\n|move|p2a: Bzzzzzzzz|Hurricane|p1a: Mew\n|-damage|p1a: Mew|0 fnt\n|faint|p1a: Mew\n|\n|-weather|none\n|upkeep\n|\n|t:|1699680179\n|switch|p1a: Inteleon|Inteleon, F|100\/100\n|turn|22\n|\n|t:|1699680185\n|move|p1a: Inteleon|Ice Beam|p2a: Bzzzzzzzz\n|-supereffective|p2a: Bzzzzzzzz\n|-damage|p2a: Bzzzzzzzz|31\/100\n|move|p2a: Bzzzzzzzz|Thunderbolt|p1a: Inteleon\n|-supereffective|p1a: Inteleon\n|-damage|p1a: Inteleon|0 fnt\n|faint|p1a: Inteleon\n|\n|win|Treniam\n|c|\u2606Buizel%100|Gg\n|c|\u2606Treniam|gg\n|l| nicneg\n","uploadtime":1699680199,"views":22,"p1id":"buizel100","p2id":"treniam","formatid":"gen9ubers","rating":0,"private":0,"password":""}