{"id":"gen9ubers-1996006157","p1":"Judgie","p2":"Graviton Forfeit","format":"[Gen 9] Ubers","log":"|j|\u2606Judgie\n|j|\u2606Graviton Forfeit\n|t:|1700628324\n|gametype|singles\n|player|p1|Judgie|policeman-gen4|\n|player|p2|Graviton Forfeit|n-masters3|\n|teamsize|p1|6\n|teamsize|p2|6\n|gen|9\n|tier|[Gen 9] Ubers\n|rule|Sleep Clause Mod: Limit one foe put to sleep\n|rule|Species Clause: Limit one of each Pok\u00e9mon\n|rule|OHKO Clause: OHKO moves are banned\n|rule|Evasion Items Clause: Evasion items are banned\n|rule|Evasion Moves Clause: Evasion moves are banned\n|rule|Endless Battle Clause: Forcing endless battles is banned\n|rule|HP Percentage Mod: HP is shown in percentages\n|clearpoke\n|poke|p1|Alomomola, F|\n|poke|p1|Gliscor, F|\n|poke|p1|Chi-Yu|\n|poke|p1|Regieleki|\n|poke|p1|Roaring Moon|\n|poke|p1|Breloom, F|\n|poke|p2|Cyclizar, F|\n|poke|p2|Chien-Pao|\n|poke|p2|Glimmora, M|\n|poke|p2|Gholdengo|\n|poke|p2|Dragapult, M|\n|poke|p2|Pawmot, F|\n|teampreview\n|inactive|Battle timer is ON: inactive players will automatically lose when time's up. (requested by Graviton Forfeit)\n|j| Willish6634\n|c|\u2606Judgie|oh brother will is here\n|c|\u2606Graviton Forfeit|I call this Macklanta\n|c|\u2606Judgie|lmao\n|\n|t:|1700628350\n|start\n|switch|p1a: Spaceship|Alomomola, F, shiny|100\/100\n|switch|p2a: Spin This|Glimmora, M, shiny|100\/100\n|turn|1\n|\n|t:|1700628356\n|move|p2a: Spin This|Energy Ball|p1a: Spaceship\n|-supereffective|p1a: Spaceship\n|-damage|p1a: Spaceship|27\/100\n|move|p1a: Spaceship|Scald|p2a: Spin This\n|-supereffective|p2a: Spin This\n|-damage|p2a: Spin This|65\/100\n|\n|-heal|p1a: Spaceship|33\/100|[from] item: Leftovers\n|upkeep\n|turn|2\n|c|\u2606Judgie|spin this lmao\n|\n|t:|1700628371\n|switch|p1a: Power|Chi-Yu|100\/100\n|-ability|p1a: Power|Beads of Ruin\n|move|p2a: Spin This|Stealth Rock|p1a: Power\n|-sidestart|p1: Judgie|move: Stealth Rock\n|\n|upkeep\n|turn|3\n|\n|t:|1700628384\n|move|p1a: Power|Overheat|p2a: Spin This\n|-resisted|p2a: Spin This\n|-damage|p2a: Spin This|2\/100\n|-unboost|p1a: Power|spa|2\n|move|p2a: Spin This|Power Gem|p1a: Power\n|-supereffective|p1a: Power\n|-damage|p1a: Power|5\/100\n|\n|upkeep\n|turn|4\n|c|\u2606Judgie|whoopsie\n|c|\u2606Graviton Forfeit|hehe\n|\n|t:|1700628404\n|move|p1a: Power|Overheat|p2a: Spin This\n|-resisted|p2a: Spin This\n|-damage|p2a: Spin This|0 fnt\n|-unboost|p1a: Power|spa|2\n|faint|p2a: Spin This\n|\n|upkeep\n|c|\u2606Judgie|thought i had psychic ngl\n|\n|t:|1700628422\n|switch|p2a: Macklanta|Dragapult, M, shiny|100\/100\n|turn|5\n|c| Willish6634|fr\n|j| Lillyrosethedemon\n|\n|t:|1700628430\n|switch|p1a: Slow Jamz|Gliscor, F|100\/100\n|-damage|p1a: Slow Jamz|88\/100|[from] Stealth Rock\n|move|p2a: Macklanta|Substitute|p2a: Macklanta\n|-start|p2a: Macklanta|Substitute\n|-damage|p2a: Macklanta|76\/100\n|\n|-heal|p2a: Macklanta|82\/100|[from] item: Leftovers\n|-status|p1a: Slow Jamz|tox|[from] item: Toxic Orb\n|upkeep\n|turn|6\n|\n|t:|1700628440\n|move|p2a: Macklanta|Hex|p1a: Slow Jamz\n|-damage|p1a: Slow Jamz|15\/100 tox\n|move|p1a: Slow Jamz|Earthquake|p2a: Macklanta\n|-end|p2a: Macklanta|Substitute\n|\n|-heal|p2a: Macklanta|88\/100|[from] item: Leftovers\n|-heal|p1a: Slow Jamz|27\/100 tox|[from] ability: Poison Heal\n|upkeep\n|turn|7\n|c| Willish6634|the cult of willis is here\n|\n|t:|1700628449\n|move|p1a: Slow Jamz|Protect|p1a: Slow Jamz\n|-singleturn|p1a: Slow Jamz|Protect\n|move|p2a: Macklanta|Dragon Darts|p1a: Slow Jamz\n|-activate|p1a: Slow Jamz|move: Protect\n|\n|-heal|p2a: Macklanta|94\/100|[from] item: Leftovers\n|-heal|p1a: Slow Jamz|40\/100 tox|[from] ability: Poison Heal\n|upkeep\n|turn|8\n|\n|t:|1700628460\n|switch|p1a: Spaceship|Alomomola, F, shiny|66\/100\n|-damage|p1a: Spaceship|54\/100|[from] Stealth Rock\n|move|p2a: Macklanta|Will-O-Wisp|p1a: Spaceship\n|-status|p1a: Spaceship|brn\n|\n|-heal|p2a: Macklanta|99\/100|[from] item: Leftovers\n|-heal|p1a: Spaceship|60\/100 brn|[from] item: Leftovers\n|-damage|p1a: Spaceship|54\/100 brn|[from] brn\n|upkeep\n|turn|9\n|c|\u2606Judgie|ouch\n|c|\u2606Judgie|if this thing has t bolt i swear\n|\n|t:|1700628477\n|move|p2a: Macklanta|Substitute|p2a: Macklanta\n|-start|p2a: Macklanta|Substitute\n|-damage|p2a: Macklanta|75\/100\n|move|p1a: Spaceship|Wish|p1a: Spaceship\n|\n|-heal|p2a: Macklanta|81\/100|[from] item: Leftovers\n|-heal|p1a: Spaceship|60\/100 brn|[from] item: Leftovers\n|-damage|p1a: Spaceship|54\/100 brn|[from] brn\n|upkeep\n|turn|10\n|\n|t:|1700628486\n|move|p2a: Macklanta|Hex|p1a: Spaceship\n|-damage|p1a: Spaceship|0 fnt\n|faint|p1a: Spaceship\n|\n|-heal|p2a: Macklanta|87\/100|[from] item: Leftovers\n|upkeep\n|\n|t:|1700628494\n|switch|p1a: Homecoming|Regieleki|100\/100\n|turn|11\n|\n|t:|1700628498\n|move|p1a: Homecoming|Volt Switch|p2a: Macklanta\n|-resisted|p2a: Macklanta\n|-activate|p2a: Macklanta|move: Substitute|[damage]\n|\n|t:|1700628502\n|switch|p1a: Power|Chi-Yu|5\/100|[from] Volt Switch\n|-damage|p1a: Power|0 fnt|[from] Stealth Rock\n|faint|p1a: Power\n|move|p2a: Macklanta|Dragon Darts|p1: Power|[notarget]\n|-fail|p2a: Macklanta\n|\n|-heal|p2a: Macklanta|93\/100|[from] item: Leftovers\n|upkeep\n|\n|t:|1700628516\n|switch|p1a: Slow Jamz|Gliscor, F|40\/100 tox\n|-damage|p1a: Slow Jamz|27\/100 tox|[from] Stealth Rock\n|turn|12\n|\n|t:|1700628521\n|move|p2a: Macklanta|Hex|p1a: Slow Jamz\n|-damage|p1a: Slow Jamz|0 fnt\n|faint|p1a: Slow Jamz\n|\n|-heal|p2a: Macklanta|99\/100|[from] item: Leftovers\n|upkeep\n|c|\u2606Judgie|its over lowkey\n|c| Willish6634|Getting cranked\n|\n|t:|1700628537\n|switch|p1a: Homecoming|Regieleki|100\/100\n|turn|13\n|\n|t:|1700628544\n|move|p1a: Homecoming|Volt Switch|p2a: Macklanta\n|-resisted|p2a: Macklanta\n|-end|p2a: Macklanta|Substitute\n|\n|t:|1700628549\n|switch|p1a: Jesus Walks|Breloom, F|100\/100|[from] Volt Switch\n|-damage|p1a: Jesus Walks|94\/100|[from] Stealth Rock\n|move|p2a: Macklanta|Dragon Darts|p1a: Jesus Walks\n|-damage|p1a: Jesus Walks|62\/100\n|-anim|p2a: Macklanta|Dragon Darts|p1a: Jesus Walks\n|-damage|p1a: Jesus Walks|27\/100\n|\n|-heal|p2a: Macklanta|100\/100|[from] item: Leftovers\n|upkeep\n|turn|14\n|c|\u2606Graviton Forfeit|i mean something isnt as good as me\n|c|\u2606Judgie|tru\n|c|\u2606Graviton Forfeit|this team is just how i really play\n|\n|t:|1700628578\n|move|p2a: Macklanta|Will-O-Wisp|p1a: Jesus Walks\n|-status|p1a: Jesus Walks|brn\n|move|p1a: Jesus Walks|Bullet Seed|p2a: Macklanta\n|-resisted|p2a: Macklanta\n|-damage|p2a: Macklanta|93\/100\n|-resisted|p2a: Macklanta\n|-damage|p2a: Macklanta|86\/100\n|-resisted|p2a: Macklanta\n|-damage|p2a: Macklanta|78\/100\n|-resisted|p2a: Macklanta\n|-crit|p2a: Macklanta\n|-damage|p2a: Macklanta|68\/100\n|-hitcount|p2a: Macklanta|4\n|\n|-heal|p2a: Macklanta|74\/100|[from] item: Leftovers\n|-damage|p1a: Jesus Walks|21\/100 brn|[from] brn\n|upkeep\n|turn|15\n|\n|t:|1700628592\n|move|p2a: Macklanta|Hex|p1a: Jesus Walks\n|-damage|p1a: Jesus Walks|0 fnt\n|faint|p1a: Jesus Walks\n|\n|-heal|p2a: Macklanta|80\/100|[from] item: Leftovers\n|upkeep\n|\n|t:|1700628597\n|switch|p1a: Runaway|Roaring Moon, shiny|100\/100\n|-damage|p1a: Runaway|88\/100|[from] Stealth Rock\n|-enditem|p1a: Runaway|Booster Energy\n|-activate|p1a: Runaway|ability: Protosynthesis|[fromitem]\n|-start|p1a: Runaway|protosynthesisatk\n|turn|16\n|\n|t:|1700628607\n|-terastallize|p2a: Macklanta|Fairy\n|-terastallize|p1a: Runaway|Steel\n|move|p2a: Macklanta|Will-O-Wisp|p1a: Runaway\n|-status|p1a: Runaway|brn\n|move|p1a: Runaway|Dragon Dance|p1a: Runaway\n|-boost|p1a: Runaway|atk|1\n|-boost|p1a: Runaway|spe|1\n|\n|-heal|p2a: Macklanta|86\/100|[from] item: Leftovers\n|-damage|p1a: Runaway|82\/100 brn|[from] brn\n|upkeep\n|turn|17\n|\n|t:|1700628626\n|move|p1a: Runaway|Earthquake|p2a: Macklanta\n|-crit|p2a: Macklanta\n|-damage|p2a: Macklanta|0 fnt\n|faint|p2a: Macklanta\n|\n|-damage|p1a: Runaway|76\/100 brn|[from] brn\n|upkeep\n|\n|t:|1700628633\n|switch|p2a: Pepperstick|Gholdengo|100\/100\n|-item|p2a: Pepperstick|Air Balloon\n|turn|18\n|\n|t:|1700628638\n|move|p1a: Runaway|Knock Off|p2a: Pepperstick\n|-supereffective|p2a: Pepperstick\n|-damage|p2a: Pepperstick|0 fnt\n|-enditem|p2a: Pepperstick|Air Balloon\n|faint|p2a: Pepperstick\n|\n|-damage|p1a: Runaway|70\/100 brn|[from] brn\n|upkeep\n|c| Willish6634|it is not gojover yet\n|c|\u2606Judgie|knock this pepperstick\n|inactive|Graviton Forfeit has 270 seconds left.\n|\n|t:|1700628670\n|switch|p2a: Screens|Cyclizar, F|100\/100\n|turn|19\n|c|\u2606Judgie|dude next game im turning off spectators\n|\n|t:|1700628681\n|move|p1a: Runaway|Brick Break|p2a: Screens\n|-supereffective|p2a: Screens\n|-damage|p2a: Screens|18\/100\n|-enditem|p2a: Screens|Sitrus Berry|[eat]\n|-heal|p2a: Screens|43\/100|[from] item: Sitrus Berry\n|move|p2a: Screens|Shed Tail|p2a: Screens\n|-fail|p2a: Screens|move: Shed Tail|[weak]\n|\n|-damage|p1a: Runaway|64\/100 brn|[from] brn\n|upkeep\n|turn|20\n|\n|t:|1700628690\n|move|p1a: Runaway|Brick Break|p2a: Screens\n|-supereffective|p2a: Screens\n|-damage|p2a: Screens|0 fnt\n|faint|p2a: Screens\n|\n|-damage|p1a: Runaway|58\/100 brn|[from] brn\n|upkeep\n|\n|t:|1700628695\n|switch|p2a: Bunwi|Pawmot, F, shiny|100\/100\n|turn|21\n|\n|t:|1700628704\n|move|p2a: Bunwi|Mach Punch|p1a: Runaway\n|-supereffective|p1a: Runaway\n|-damage|p1a: Runaway|0 fnt\n|faint|p1a: Runaway\n|-end|p1a: Runaway|Protosynthesis|[silent]\n|-damage|p2a: Bunwi|91\/100|[from] item: Life Orb\n|\n|upkeep\n|\n|t:|1700628709\n|switch|p1a: Homecoming|Regieleki|100\/100\n|turn|22\n|\n|t:|1700628713\n|move|p2a: Bunwi|Mach Punch|p1a: Homecoming\n|-damage|p1a: Homecoming|52\/100\n|-damage|p2a: Bunwi|81\/100|[from] item: Life Orb\n|move|p1a: Homecoming|Reflect|p1a: Homecoming\n|-sidestart|p1: Judgie|Reflect\n|\n|upkeep\n|turn|23\n|\n|t:|1700628732\n|move|p1a: Homecoming|Volt Switch|p2a: Bunwi\n|-resisted|p2a: Bunwi\n|-damage|p2a: Bunwi|53\/100\n|move|p2a: Bunwi|Close Combat|p1a: Homecoming\n|-damage|p1a: Homecoming|0 fnt\n|-unboost|p2a: Bunwi|def|1\n|-unboost|p2a: Bunwi|spd|1\n|faint|p1a: Homecoming\n|-damage|p2a: Bunwi|43\/100|[from] item: Life Orb\n|\n|win|Graviton Forfeit\n|c|\u2606Graviton Forfeit|gg\n|l| Lillyrosethedemon\n","uploadtime":1700628751,"views":15,"p1id":"judgie","p2id":"gravitonforfeit","formatid":"gen9ubers","rating":0,"private":0,"password":""}