{"id":"gen9ubers-1969263273","p1":"ItsmeBlankKnight","p2":"GratedsShtickface","format":"[Gen 9] Ubers","log":"|j|\u2606ItsmeBlankKnight\n|j|\u2606GratedsShtickface\n|t:|1697507453\n|gametype|singles\n|player|p1|ItsmeBlankKnight|larry|\n|player|p2|GratedsShtickface|hiker-gen4|\n|teamsize|p1|6\n|teamsize|p2|6\n|gen|9\n|tier|[Gen 9] Ubers\n|rule|Sleep Clause Mod: Limit one foe put to sleep\n|rule|Species Clause: Limit one of each Pok\u00e9mon\n|rule|OHKO Clause: OHKO moves are banned\n|rule|Evasion Items Clause: Evasion items are banned\n|rule|Evasion Moves Clause: Evasion moves are banned\n|rule|Endless Battle Clause: Forcing endless battles is banned\n|rule|HP Percentage Mod: HP is shown in percentages\n|clearpoke\n|poke|p1|Chi-Yu|\n|poke|p1|Palafin, M|\n|poke|p1|Spectrier|\n|poke|p1|Zacian-*|\n|poke|p1|Urshifu-*, M|\n|poke|p1|Arceus-Poison|\n|poke|p2|Palkia-Origin|\n|poke|p2|Shaymin-Sky|\n|poke|p2|Arceus-Fire|\n|poke|p2|Magearna|\n|poke|p2|Zacian-*|\n|poke|p2|Cyclizar, M|\n|teampreview\n|inactive|Battle timer is ON: inactive players will automatically lose when time's up. (requested by ItsmeBlankKnight)\n|inactive|GratedsShtickface also wants the timer to be on.\n|inactive|ItsmeBlankKnight has 270 seconds left.\n|\n|t:|1697507490\n|start\n|switch|p1a: Palafin|Palafin, M|100\/100\n|switch|p2a: Flesh Serpent|Cyclizar, M|100\/100\n|turn|1\n|c|\u2606GratedsShtickface|glhf\n|c|\u2606ItsmeBlankKnight|u2\n|\n|t:|1697507504\n|detailschange|p1a: Palafin|Palafin-Hero, M\n|switch|p1a: Urshifu|Urshifu, M|100\/100\n|move|p2a: Flesh Serpent|Shed Tail|p2a: Flesh Serpent\n|-start|p2a: Flesh Serpent|Substitute|[from] move: Shed Tail\n|-damage|p2a: Flesh Serpent|50\/100\n|\n|t:|1697507515\n|switch|p2a: Music Box Doll|Magearna|100\/100|[from] Shed Tail\n|\n|upkeep\n|turn|2\n|\n|t:|1697507528\n|move|p1a: Urshifu|Close Combat|p2a: Music Box Doll\n|-end|p2a: Music Box Doll|Substitute\n|-unboost|p1a: Urshifu|def|1\n|-unboost|p1a: Urshifu|spd|1\n|move|p2a: Music Box Doll|Draining Kiss|p1a: Urshifu\n|-supereffective|p1a: Urshifu\n|-damage|p1a: Urshifu|0 fnt\n|faint|p1a: Urshifu\n|-ability|p2a: Music Box Doll|Soul-Heart|boost\n|-boost|p2a: Music Box Doll|spa|1\n|\n|upkeep\n|\n|t:|1697507534\n|switch|p1a: Spectrier|Spectrier|100\/100\n|turn|3\n|\n|t:|1697507547\n|move|p1a: Spectrier|Nasty Plot|p1a: Spectrier\n|-boost|p1a: Spectrier|spa|2\n|move|p2a: Music Box Doll|Volt Switch|p1a: Spectrier\n|-damage|p1a: Spectrier|63\/100\n|\n|t:|1697507563\n|switch|p2a: Sif|Zacian|100\/100|[from] Volt Switch\n|-ability|p2a: Sif|Intrepid Sword|boost\n|-boost|p2a: Sif|atk|1\n|\n|upkeep\n|turn|4\n|\n|t:|1697507579\n|switch|p1a: Zacian|Zacian|100\/100\n|-ability|p1a: Zacian|Intrepid Sword|boost\n|-boost|p1a: Zacian|atk|1\n|move|p2a: Sif|Iron Head|p1a: Zacian\n|-supereffective|p1a: Zacian\n|-damage|p1a: Zacian|27\/100\n|\n|-heal|p1a: Zacian|33\/100|[from] item: Leftovers\n|upkeep\n|turn|5\n|\n|t:|1697507593\n|move|p2a: Sif|Iron Head|p1a: Zacian\n|-supereffective|p1a: Zacian\n|-damage|p1a: Zacian|0 fnt\n|faint|p1a: Zacian\n|\n|upkeep\n|\n|t:|1697507613\n|switch|p1a: Arceus|Arceus-Poison|100\/100\n|turn|6\n|\n|t:|1697507617\n|-terastallize|p2a: Sif|Ground\n|move|p2a: Sif|Tera Blast|p1a: Arceus|[anim] Tera Blast Ground\n|-supereffective|p1a: Arceus\n|-damage|p1a: Arceus|29\/100\n|move|p1a: Arceus|Swords Dance|p1a: Arceus\n|-boost|p1a: Arceus|atk|2\n|\n|upkeep\n|turn|7\n|\n|t:|1697507643\n|-terastallize|p1a: Arceus|Normal\n|move|p1a: Arceus|Extreme Speed|p2a: Sif\n|-damage|p2a: Sif|23\/100\n|move|p2a: Sif|Tera Blast|p1a: Arceus|[anim] Tera Blast Ground\n|-damage|p1a: Arceus|0 fnt\n|faint|p1a: Arceus\n|\n|upkeep\n|\n|t:|1697507652\n|switch|p1a: Palafin|Palafin-Hero, M|100\/100\n|-activate|p1a: Palafin|ability: Zero to Hero\n|turn|8\n|\n|t:|1697507657\n|switch|p2a: Honse|Palkia-Origin, shiny|100\/100\n|-ability|p2a: Honse|Pressure\n|move|p1a: Palafin|Jet Punch|p2a: Honse\n|-resisted|p2a: Honse\n|-crit|p2a: Honse\n|-damage|p2a: Honse|81\/100\n|-damage|p1a: Palafin|91\/100|[from] item: Life Orb\n|\n|upkeep\n|turn|9\n|\n|t:|1697507667\n|switch|p1a: Chi-Yu|Chi-Yu|100\/100\n|-ability|p1a: Chi-Yu|Beads of Ruin\n|move|p2a: Honse|Spacial Rend|p1a: Chi-Yu\n|-damage|p1a: Chi-Yu|25\/100\n|\n|upkeep\n|turn|10\n|\n|t:|1697507674\n|move|p2a: Honse|Substitute|p2a: Honse\n|-start|p2a: Honse|Substitute\n|-damage|p2a: Honse|57\/100\n|move|p1a: Chi-Yu|Dark Pulse|p2a: Honse\n|-end|p2a: Honse|Substitute\n|\n|upkeep\n|turn|11\n|\n|t:|1697507677\n|move|p2a: Honse|Earth Power|p1a: Chi-Yu\n|-supereffective|p1a: Chi-Yu\n|-damage|p1a: Chi-Yu|0 fnt\n|faint|p1a: Chi-Yu\n|\n|upkeep\n|\n|t:|1697507681\n|switch|p1a: Spectrier|Spectrier|63\/100\n|turn|12\n|\n|t:|1697507700\n|switch|p2a: Music Box Doll|Magearna|100\/100\n|move|p1a: Spectrier|Shadow Ball|p2a: Music Box Doll\n|-damage|p2a: Music Box Doll|71\/100\n|\n|-heal|p2a: Music Box Doll|77\/100|[from] item: Leftovers\n|upkeep\n|turn|13\n|\n|t:|1697507716\n|move|p1a: Spectrier|Shadow Ball|p2a: Music Box Doll\n|-damage|p2a: Music Box Doll|46\/100\n|move|p2a: Music Box Doll|Thunder Wave|p1a: Spectrier\n|-status|p1a: Spectrier|par\n|\n|-heal|p2a: Music Box Doll|52\/100|[from] item: Leftovers\n|upkeep\n|turn|14\n|\n|t:|1697507728\n|move|p1a: Spectrier|Nasty Plot|p1a: Spectrier\n|-boost|p1a: Spectrier|spa|2\n|move|p2a: Music Box Doll|Volt Switch|p1a: Spectrier\n|-damage|p1a: Spectrier|36\/100 par\n|\n|t:|1697507731\n|switch|p2a: Haxmin|Shaymin-Sky|100\/100|[from] Volt Switch\n|\n|upkeep\n|turn|15\n|\n|t:|1697507735\n|move|p2a: Haxmin|Air Slash|p1a: Spectrier\n|-crit|p1a: Spectrier\n|-damage|p1a: Spectrier|0 fnt\n|faint|p1a: Spectrier\n|\n|upkeep\n|\n|t:|1697507738\n|switch|p1a: Palafin|Palafin-Hero, M|91\/100\n|turn|16\n|c|\u2606ItsmeBlankKnight|gg\n|\n|t:|1697507749\n|switch|p2a: Honse|Palkia-Origin, shiny|57\/100\n|-ability|p2a: Honse|Pressure\n|move|p1a: Palafin|Ice Punch|p2a: Honse\n|-damage|p2a: Honse|12\/100\n|-damage|p1a: Palafin|81\/100|[from] item: Life Orb\n|\n|upkeep\n|turn|17\n|\n|t:|1697507759\n|move|p1a: Palafin|Jet Punch|p2a: Honse\n|-resisted|p2a: Honse\n|-damage|p2a: Honse|0 fnt\n|faint|p2a: Honse\n|-damage|p1a: Palafin|71\/100|[from] item: Life Orb\n|\n|upkeep\n|\n|t:|1697507762\n|switch|p2a: Haxmin|Shaymin-Sky|100\/100\n|turn|18\n|\n|t:|1697507766\n|move|p2a: Haxmin|Seed Flare|p1a: Palafin|[miss]\n|-miss|p2a: Haxmin|p1a: Palafin\n|move|p1a: Palafin|Ice Punch|p2a: Haxmin\n|-supereffective|p2a: Haxmin\n|-damage|p2a: Haxmin|0 fnt\n|faint|p2a: Haxmin\n|-damage|p1a: Palafin|61\/100|[from] item: Life Orb\n|\n|upkeep\n|\n|t:|1697507772\n|switch|p2a: Music Box Doll|Magearna|52\/100\n|turn|19\n|c|\u2606ItsmeBlankKnight|hol up\n|\n|t:|1697507775\n|move|p1a: Palafin|Jet Punch|p2a: Music Box Doll\n|-damage|p2a: Music Box Doll|9\/100\n|-damage|p1a: Palafin|51\/100|[from] item: Life Orb\n|move|p2a: Music Box Doll|Volt Switch|p1a: Palafin\n|-supereffective|p1a: Palafin\n|-damage|p1a: Palafin|3\/100\n|c|\u2606ItsmeBlankKnight|nope gg\n|\n|t:|1697507787\n|switch|p2a: Flesh Serpent|Cyclizar, M|83\/100|[from] Volt Switch\n|\n|upkeep\n|turn|20\n|\n|t:|1697507790\n|move|p1a: Palafin|Jet Punch|p2a: Flesh Serpent\n|-resisted|p2a: Flesh Serpent\n|-crit|p2a: Flesh Serpent\n|-damage|p2a: Flesh Serpent|27\/100\n|-damage|p1a: Palafin|0 fnt|[from] item: Life Orb\n|faint|p1a: Palafin\n|\n|win|GratedsShtickface\n|c|\u2606GratedsShtickface|gg\n|c|\u2606GratedsShtickface|I'll send the vod\n|l|\u2606ItsmeBlankKnight\n","uploadtime":1697507894,"views":28,"p1id":"itsmeblankknight","p2id":"gratedsshtickface","formatid":"gen9ubers","rating":0,"private":0,"password":""}