{"id":"gen9ubers-1977091611","p1":"im yoated","p2":"JohnLongGone","format":"[Gen 9] Ubers","log":"|j|\u2606im yoated\n|j|\u203dJohnLongGone\n|t:|1698370586\n|gametype|singles\n|player|p1|im yoated|erika-gen2|\n|player|p2|JohnLongGone|caitlin|\n|teamsize|p1|6\n|teamsize|p2|6\n|gen|9\n|tier|[Gen 9] Ubers\n|rule|Sleep Clause Mod: Limit one foe put to sleep\n|rule|Species Clause: Limit one of each Pok\u00e9mon\n|rule|OHKO Clause: OHKO moves are banned\n|rule|Evasion Items Clause: Evasion items are banned\n|rule|Evasion Moves Clause: Evasion moves are banned\n|rule|Endless Battle Clause: Forcing endless battles is banned\n|rule|HP Percentage Mod: HP is shown in percentages\n|clearpoke\n|poke|p1|Magearna|\n|poke|p1|Shaymin-Sky|\n|poke|p1|Chi-Yu|\n|poke|p1|Basculegion-F, F|\n|poke|p1|Giratina|\n|poke|p1|Zacian-*|\n|poke|p2|Arceus-Fire|\n|poke|p2|Palkia-Origin|\n|poke|p2|Amoonguss, M|\n|poke|p2|Magearna|\n|poke|p2|Zacian-*|\n|poke|p2|Roaring Moon|\n|teampreview\n|c|\u2606im yoated|Yo\n|c|\u2606im yoated|pls dont post to vods im bringing this team against freezai in like 20 mins\n|\n|t:|1698370614\n|start\n|switch|p1a: Magearna|Magearna|100\/100\n|switch|p2a: Arceus|Arceus-Fire|100\/100\n|turn|1\n|\n|t:|1698370621\n|switch|p1a: Giratina|Giratina|100\/100\n|-ability|p1a: Giratina|Pressure\n|move|p2a: Arceus|Flare Blitz|p1a: Giratina\n|-resisted|p1a: Giratina\n|-damage|p1a: Giratina|84\/100\n|-damage|p2a: Arceus|93\/100|[from] Recoil\n|\n|upkeep\n|turn|2\n|\n|t:|1698370633\n|switch|p2a: Magearna|Magearna|100\/100\n|move|p1a: Giratina|Roar|p2a: Magearna\n|drag|p2a: Amoonguss|Amoonguss, M|100\/100\n|\n|upkeep\n|turn|3\n|\n|t:|1698370642\n|switch|p1a: Shaymin|Shaymin-Sky|100\/100\n|move|p2a: Amoonguss|Spore|p1a: Shaymin\n|-immune|p1a: Shaymin\n|\n|upkeep\n|turn|4\n|\n|t:|1698370650\n|switch|p2a: Magearna|Magearna|100\/100\n|move|p1a: Shaymin|Air Slash|p2a: Magearna\n|-resisted|p2a: Magearna\n|-crit|p2a: Magearna\n|-damage|p2a: Magearna|83\/100\n|\n|-heal|p2a: Magearna|90\/100|[from] item: Leftovers\n|upkeep\n|turn|5\n|\n|t:|1698370658\n|switch|p1a: Chi-Yu|Chi-Yu|100\/100\n|-ability|p1a: Chi-Yu|Beads of Ruin\n|move|p2a: Magearna|Encore||[still]\n|-fail|p2a: Magearna\n|\n|-heal|p2a: Magearna|96\/100|[from] item: Leftovers\n|upkeep\n|turn|6\n|\n|t:|1698370675\n|switch|p2a: Palkia|Palkia-Origin|100\/100\n|-ability|p2a: Palkia|Pressure\n|move|p1a: Chi-Yu|Dark Pulse|p2a: Palkia\n|-damage|p2a: Palkia|27\/100\n|\n|upkeep\n|turn|7\n|\n|t:|1698370685\n|switch|p2a: Roaring Moon|Roaring Moon|100\/100\n|-enditem|p2a: Roaring Moon|Booster Energy\n|-activate|p2a: Roaring Moon|ability: Protosynthesis|[fromitem]\n|-start|p2a: Roaring Moon|protosynthesisatk\n|switch|p1a: Giratina|Giratina|84\/100\n|-ability|p1a: Giratina|Pressure\n|\n|upkeep\n|turn|8\n|\n|t:|1698370694\n|move|p2a: Roaring Moon|Knock Off|p1a: Giratina\n|-supereffective|p1a: Giratina\n|-damage|p1a: Giratina|19\/100\n|-enditem|p1a: Giratina|Heavy-Duty Boots|[from] move: Knock Off|[of] p2a: Roaring Moon\n|move|p1a: Giratina|Will-O-Wisp|p2a: Roaring Moon\n|-status|p2a: Roaring Moon|brn\n|\n|-damage|p2a: Roaring Moon|95\/100 brn|[from] brn\n|upkeep\n|turn|9\n|\n|t:|1698370716\n|switch|p1a: Zacian|Zacian|100\/100\n|-ability|p1a: Zacian|Intrepid Sword|boost\n|-boost|p1a: Zacian|atk|1\n|move|p2a: Roaring Moon|Knock Off|p1a: Zacian\n|-resisted|p1a: Zacian\n|-damage|p1a: Zacian|83\/100\n|-enditem|p1a: Zacian|Life Orb|[from] move: Knock Off|[of] p2a: Roaring Moon\n|\n|-damage|p2a: Roaring Moon|89\/100 brn|[from] brn\n|upkeep\n|turn|10\n|\n|t:|1698370723\n|move|p1a: Zacian|Swords Dance|p1a: Zacian\n|-boost|p1a: Zacian|atk|2\n|move|p2a: Roaring Moon|Dragon Dance|p2a: Roaring Moon\n|-boost|p2a: Roaring Moon|atk|1\n|-boost|p2a: Roaring Moon|spe|1\n|\n|-damage|p2a: Roaring Moon|83\/100 brn|[from] brn\n|upkeep\n|turn|11\n|\n|t:|1698370730\n|move|p2a: Roaring Moon|Acrobatics|p1a: Zacian\n|-damage|p1a: Zacian|46\/100\n|move|p1a: Zacian|Play Rough|p2a: Roaring Moon\n|-supereffective|p2a: Roaring Moon\n|-damage|p2a: Roaring Moon|0 fnt\n|faint|p2a: Roaring Moon\n|-end|p2a: Roaring Moon|Protosynthesis|[silent]\n|\n|upkeep\n|\n|t:|1698370736\n|switch|p2a: Arceus|Arceus-Fire|93\/100\n|turn|12\n|\n|t:|1698370741\n|-terastallize|p1a: Zacian|Ground\n|move|p1a: Zacian|Tera Blast|p2a: Arceus|[anim] Tera Blast Ground\n|-supereffective|p2a: Arceus\n|-damage|p2a: Arceus|0 fnt\n|faint|p2a: Arceus\n|\n|upkeep\n|\n|t:|1698370747\n|switch|p2a: Amoonguss|Amoonguss, M|100\/100\n|turn|13\n|\n|t:|1698370752\n|move|p1a: Zacian|Tera Blast|p2a: Amoonguss|[anim] Tera Blast Ground\n|-damage|p2a: Amoonguss|18\/100\n|move|p2a: Amoonguss|Spore|p1a: Zacian\n|-status|p1a: Zacian|slp|[from] move: Spore\n|\n|upkeep\n|turn|14\n|\n|t:|1698370766\n|switch|p1a: Giratina|Giratina|19\/100\n|-ability|p1a: Giratina|Pressure\n|move|p2a: Amoonguss|Giga Drain|p1a: Giratina\n|-resisted|p1a: Giratina\n|-damage|p1a: Giratina|13\/100\n|-heal|p2a: Amoonguss|22\/100|[from] drain|[of] p1a: Giratina\n|\n|upkeep\n|turn|15\n|\n|t:|1698370776\n|switch|p2a: Palkia|Palkia-Origin|27\/100\n|-ability|p2a: Palkia|Pressure\n|move|p1a: Giratina|Rest|p1a: Giratina\n|-status|p1a: Giratina|slp|[from] move: Rest\n|-heal|p1a: Giratina|100\/100 slp|[silent]\n|\n|upkeep\n|turn|16\n|\n|t:|1698370787\n|switch|p1a: Zacian|Zacian, tera:Ground|46\/100 slp\n|move|p2a: Palkia|Rest|p2a: Palkia\n|-status|p2a: Palkia|slp|[from] move: Rest\n|-heal|p2a: Palkia|100\/100 slp|[silent]\n|\n|upkeep\n|turn|17\n|\n|t:|1698370795\n|cant|p1a: Zacian|slp\n|cant|p2a: Palkia|slp\n|move|p2a: Palkia|Sleep Talk|p2a: Palkia\n|move|p2a: Palkia|Draco Meteor|p1a: Zacian|[from]move: Sleep Talk\n|-damage|p1a: Zacian|0 fnt\n|-unboost|p2a: Palkia|spa|2\n|faint|p1a: Zacian\n|\n|upkeep\n|\n|t:|1698370805\n|switch|p1a: Magearna|Magearna|100\/100\n|turn|18\n|\n|t:|1698370831\n|switch|p2a: Magearna|Magearna|96\/100\n|move|p1a: Magearna|Spikes|p2a: Magearna\n|-sidestart|p2: JohnLongGone|Spikes\n|\n|-heal|p2a: Magearna|100\/100|[from] item: Leftovers\n|upkeep\n|turn|19\n|\n|t:|1698370840\n|move|p2a: Magearna|Encore|p1a: Magearna\n|-start|p1a: Magearna|Encore\n|move|p1a: Magearna|Spikes|p2a: Magearna\n|-sidestart|p2: JohnLongGone|Spikes\n|\n|upkeep\n|turn|20\n|\n|t:|1698370845\n|switch|p1a: Chi-Yu|Chi-Yu|100\/100\n|-ability|p1a: Chi-Yu|Beads of Ruin\n|move|p2a: Magearna|Volt Switch|p1a: Chi-Yu\n|-damage|p1a: Chi-Yu|77\/100\n|\n|t:|1698370870\n|switch|p2a: Zacian|Zacian|100\/100|[from] Volt Switch\n|-ability|p2a: Zacian|Intrepid Sword|boost\n|-boost|p2a: Zacian|atk|1\n|\n|upkeep\n|turn|21\n|\n|t:|1698370926\n|move|p2a: Zacian|Swords Dance|p2a: Zacian\n|-boost|p2a: Zacian|atk|2\n|move|p1a: Chi-Yu|Overheat|p2a: Zacian|[miss]\n|-miss|p1a: Chi-Yu|p2a: Zacian\n|\n|upkeep\n|turn|22\n|\n|t:|1698370933\n|move|p2a: Zacian|Close Combat|p1a: Chi-Yu\n|-supereffective|p1a: Chi-Yu\n|-damage|p1a: Chi-Yu|0 fnt\n|-unboost|p2a: Zacian|def|1\n|-unboost|p2a: Zacian|spd|1\n|faint|p1a: Chi-Yu\n|\n|upkeep\n|\n|t:|1698370950\n|switch|p1a: Giratina|Giratina|100\/100 slp\n|-ability|p1a: Giratina|Pressure\n|turn|23\n|\n|t:|1698370956\n|move|p2a: Zacian|Play Rough|p1a: Giratina\n|-supereffective|p1a: Giratina\n|-damage|p1a: Giratina|0 fnt\n|faint|p1a: Giratina\n|\n|upkeep\n|\n|t:|1698370973\n|switch|p1a: Magearna|Magearna|100\/100\n|turn|24\n|\n|t:|1698370983\n|-terastallize|p2a: Zacian|Ground\n|move|p2a: Zacian|Tera Blast|p1a: Magearna|[anim] Tera Blast Ground\n|-supereffective|p1a: Magearna\n|-damage|p1a: Magearna|0 fnt\n|faint|p1a: Magearna\n|\n|upkeep\n|\n|t:|1698370989\n|switch|p1a: Shaymin|Shaymin-Sky|100\/100\n|turn|25\n|\n|t:|1698371007\n|move|p1a: Shaymin|Seed Flare|p2a: Zacian\n|-supereffective|p2a: Zacian\n|-damage|p2a: Zacian|0 fnt\n|faint|p2a: Zacian\n|\n|upkeep\n|\n|t:|1698371029\n|switch|p2a: Amoonguss|Amoonguss, M|55\/100\n|-damage|p2a: Amoonguss|38\/100|[from] Spikes\n|turn|26\n|\n|t:|1698371043\n|move|p1a: Shaymin|Seed Flare|p2a: Amoonguss\n|-resisted|p2a: Amoonguss\n|-damage|p2a: Amoonguss|26\/100\n|-unboost|p2a: Amoonguss|spd|2\n|move|p2a: Amoonguss|Sludge Bomb|p1a: Shaymin\n|-supereffective|p1a: Shaymin\n|-damage|p1a: Shaymin|31\/100\n|\n|upkeep\n|turn|27\n|\n|t:|1698371055\n|switch|p2a: Magearna|Magearna|100\/100\n|-damage|p2a: Magearna|84\/100|[from] Spikes\n|move|p1a: Shaymin|Seed Flare|p2a: Magearna\n|-resisted|p2a: Magearna\n|-damage|p2a: Magearna|66\/100\n|\n|-heal|p2a: Magearna|72\/100|[from] item: Leftovers\n|upkeep\n|turn|28\n|\n|t:|1698371059\n|move|p1a: Shaymin|Seed Flare|p2a: Magearna\n|-resisted|p2a: Magearna\n|-damage|p2a: Magearna|54\/100\n|-unboost|p2a: Magearna|spd|2\n|move|p2a: Magearna|Volt Switch|p1a: Shaymin\n|-damage|p1a: Shaymin|8\/100\n|\n|t:|1698371069\n|switch|p2a: Palkia|Palkia-Origin|100\/100 slp|[from] Volt Switch\n|-damage|p2a: Palkia|84\/100 slp|[from] Spikes\n|-ability|p2a: Palkia|Pressure\n|\n|upkeep\n|turn|29\n|\n|t:|1698371071\n|move|p1a: Shaymin|Seed Flare|p2a: Palkia\n|-damage|p2a: Palkia|29\/100 slp\n|-unboost|p2a: Palkia|spd|2\n|cant|p2a: Palkia|slp\n|move|p2a: Palkia|Sleep Talk|p2a: Palkia\n|move|p2a: Palkia|Draco Meteor|p1a: Shaymin|[from]move: Sleep Talk\n|-damage|p1a: Shaymin|0 fnt\n|-unboost|p2a: Palkia|spa|2\n|faint|p1a: Shaymin\n|\n|upkeep\n|\n|t:|1698371075\n|switch|p1a: Basculegion|Basculegion-F, F|100\/100\n|turn|30\n|\n|t:|1698371081\n|-curestatus|p2a: Palkia|slp|[msg]\n|move|p2a: Palkia|Sleep Talk||[still]\n|-fail|p2a: Palkia\n|move|p1a: Basculegion|Agility|p1a: Basculegion\n|-boost|p1a: Basculegion|spe|2\n|\n|upkeep\n|turn|31\n|\n|t:|1698371090\n|move|p1a: Basculegion|Last Respects|p2a: Palkia\n|-damage|p2a: Palkia|0 fnt\n|faint|p2a: Palkia\n|\n|upkeep\n|\n|t:|1698371113\n|switch|p2a: Magearna|Magearna|54\/100\n|-damage|p2a: Magearna|37\/100|[from] Spikes\n|turn|32\n|\n|t:|1698371116\n|move|p1a: Basculegion|Last Respects|p2a: Magearna\n|-damage|p2a: Magearna|0 fnt\n|faint|p2a: Magearna\n|\n|upkeep\n|\n|t:|1698371119\n|switch|p2a: Amoonguss|Amoonguss, M|59\/100\n|-damage|p2a: Amoonguss|43\/100|[from] Spikes\n|turn|33\n|c|\u2606im yoated|ggs\n|\n|t:|1698371122\n|move|p1a: Basculegion|Last Respects|p2a: Amoonguss\n|-damage|p2a: Amoonguss|0 fnt\n|faint|p2a: Amoonguss\n|\n|win|im yoated\n","uploadtime":1698371127,"views":8,"p1id":"imyoated","p2id":"johnlonggone","formatid":"gen9ubers","rating":0,"private":0,"password":""}