{"id":"gen9ubers-1976305331","p1":"Pine the Cone","p2":"SoSROc","format":"[Gen 9] Ubers","log":"|j|\u2606Pine the Cone\n|j|\u2606SoSROc\n|t:|1698284509\n|gametype|singles\n|player|p1|Pine the Cone|hooligans|\n|player|p2|SoSROc|shelly|\n|teamsize|p1|6\n|teamsize|p2|6\n|gen|9\n|tier|[Gen 9] Ubers\n|rule|Sleep Clause Mod: Limit one foe put to sleep\n|rule|Species Clause: Limit one of each Pok\u00e9mon\n|rule|OHKO Clause: OHKO moves are banned\n|rule|Evasion Items Clause: Evasion items are banned\n|rule|Evasion Moves Clause: Evasion moves are banned\n|rule|Endless Battle Clause: Forcing endless battles is banned\n|rule|HP Percentage Mod: HP is shown in percentages\n|clearpoke\n|poke|p1|Magearna|\n|poke|p1|Dondozo, F|\n|poke|p1|Blissey, F|\n|poke|p1|Gliscor, F|\n|poke|p1|Giratina|\n|poke|p1|Clefable, M|\n|poke|p2|Torkoal, M|\n|poke|p2|Gliscor, M|\n|poke|p2|Walking Wake|\n|poke|p2|Zapdos|\n|poke|p2|Urshifu-*, M|\n|poke|p2|Ursaluna-Bloodmoon, M|\n|teampreview\n|\n|t:|1698284530\n|start\n|switch|p1a: Gliscor|Gliscor, F|100\/100\n|switch|p2a: Mike|Torkoal, M, shiny|100\/100\n|-weather|SunnyDay|[from] ability: Drought|[of] p2a: Mike\n|turn|1\n|\n|t:|1698284556\n|switch|p2a: anda acordado|Walking Wake|100\/100\n|-activate|p2a: anda acordado|ability: Protosynthesis\n|-start|p2a: anda acordado|protosynthesisspa\n|move|p1a: Gliscor|Knock Off|p2a: anda acordado\n|-damage|p2a: anda acordado|85\/100\n|\n|-weather|SunnyDay|[upkeep]\n|-status|p1a: Gliscor|tox|[from] item: Toxic Orb\n|upkeep\n|turn|2\n|\n|t:|1698284585\n|switch|p1a: Clefable|Clefable, M|100\/100\n|move|p2a: anda acordado|Weather Ball|p1a: Clefable\n|-damage|p1a: Clefable|42\/100\n|\n|-weather|SunnyDay|[upkeep]\n|-heal|p1a: Clefable|48\/100|[from] item: Leftovers\n|upkeep\n|turn|3\n|\n|t:|1698284609\n|switch|p1a: Gliscor|Gliscor, F|100\/100 tox\n|move|p2a: anda acordado|Hydro Steam|p1a: Gliscor\n|-supereffective|p1a: Gliscor\n|-crit|p1a: Gliscor\n|-damage|p1a: Gliscor|0 fnt\n|faint|p1a: Gliscor\n|\n|-weather|SunnyDay|[upkeep]\n|upkeep\n|c|\u2606Pine the Cone|literalmente quem\n|\n|t:|1698284621\n|switch|p1a: Dondozo|Dondozo, F|100\/100\n|turn|4\n|c|\u2606SoSROc|lido\n|\n|t:|1698284638\n|-end|p2a: anda acordado|Protosynthesis|[silent]\n|switch|p2a: passa a\u00ed|Zapdos, shiny|100\/100\n|move|p1a: Dondozo|Curse|p1a: Dondozo\n|-unboost|p1a: Dondozo|spe|1\n|-boost|p1a: Dondozo|atk|1\n|-boost|p1a: Dondozo|def|1\n|\n|-weather|SunnyDay|[upkeep]\n|upkeep\n|turn|5\n|\n|t:|1698284653\n|switch|p1a: Blissey|Blissey, F|100\/100\n|move|p2a: passa a\u00ed|Heat Wave|p1a: Blissey\n|-damage|p1a: Blissey|86\/100\n|-status|p1a: Blissey|brn\n|\n|-weather|SunnyDay|[upkeep]\n|-heal|p1a: Blissey|92\/100 brn|[from] item: Leftovers\n|-damage|p1a: Blissey|86\/100 brn|[from] brn\n|upkeep\n|turn|6\n|\n|t:|1698284680\n|move|p2a: passa a\u00ed|Volt Switch|p1a: Blissey\n|-damage|p1a: Blissey|75\/100 brn\n|\n|t:|1698284694\n|switch|p2a: kkkkk|Gliscor, M|100\/100|[from] Volt Switch\n|move|p1a: Blissey|Stealth Rock|p2a: kkkkk\n|-sidestart|p2: SoSROc|move: Stealth Rock\n|\n|-weather|SunnyDay|[upkeep]\n|-heal|p1a: Blissey|81\/100 brn|[from] item: Leftovers\n|-damage|p1a: Blissey|75\/100 brn|[from] brn\n|-status|p2a: kkkkk|tox|[from] item: Toxic Orb\n|upkeep\n|turn|7\n|\n|t:|1698284714\n|-curestatus|p1a: Blissey|brn|[from] ability: Natural Cure\n|switch|p1a: Dondozo|Dondozo, F|100\/100\n|move|p2a: kkkkk|Knock Off|p1a: Dondozo\n|-damage|p1a: Dondozo|89\/100\n|-enditem|p1a: Dondozo|Leftovers|[from] move: Knock Off|[of] p2a: kkkkk\n|\n|-weather|SunnyDay|[upkeep]\n|upkeep\n|turn|8\n|\n|t:|1698284742\n|switch|p1a: Giratina|Giratina|100\/100\n|-ability|p1a: Giratina|Pressure\n|move|p2a: kkkkk|Protect||[still]\n|-fail|p2a: kkkkk\n|\n|-weather|none\n|upkeep\n|turn|9\n|\n|t:|1698284759\n|move|p2a: kkkkk|Toxic Spikes|p1a: Giratina\n|-sidestart|p1: Pine the Cone|move: Toxic Spikes\n|move|p1a: Giratina|Roar|p2a: kkkkk\n|drag|p2a: to sem ideia|Urshifu-Rapid-Strike, M|100\/100\n|-damage|p2a: to sem ideia|94\/100|[from] Stealth Rock\n|\n|upkeep\n|turn|10\n|\n|t:|1698284780\n|move|p2a: to sem ideia|U-turn|p1a: Giratina\n|-resisted|p1a: Giratina\n|-damage|p1a: Giratina|91\/100\n|\n|t:|1698284784\n|switch|p2a: Mike|Torkoal, M, shiny|100\/100|[from] U-turn\n|-damage|p2a: Mike|76\/100|[from] Stealth Rock\n|-weather|SunnyDay|[from] ability: Drought|[of] p2a: Mike\n|move|p1a: Giratina|Defog|p2a: Mike\n|-unboost|p2a: Mike|evasion|1\n|-sideend|p2: SoSROc|Stealth Rock|[from] move: Defog|[of] p1a: Giratina\n|-sideend|p1: Pine the Cone|Toxic Spikes|[from] move: Defog|[of] p1a: Giratina\n|\n|-weather|SunnyDay|[upkeep]\n|upkeep\n|turn|11\n|\n|t:|1698284812\n|move|p2a: Mike|Eruption|p1a: Giratina\n|-resisted|p1a: Giratina\n|-damage|p1a: Giratina|78\/100\n|move|p1a: Giratina|Roar|p2a: Mike\n|drag|p2a: kkkkk|Gliscor, M|100\/100 tox\n|\n|-weather|SunnyDay|[upkeep]\n|upkeep\n|turn|12\n|\n|t:|1698284823\n|move|p2a: kkkkk|Knock Off|p1a: Giratina\n|-supereffective|p1a: Giratina\n|-crit|p1a: Giratina\n|-damage|p1a: Giratina|34\/100\n|-enditem|p1a: Giratina|Heavy-Duty Boots|[from] move: Knock Off|[of] p2a: kkkkk\n|move|p1a: Giratina|Poltergeist|p2a: kkkkk\n|-activate|p2a: kkkkk|move: Poltergeist|Toxic Orb\n|-damage|p2a: kkkkk|68\/100 tox\n|\n|-weather|SunnyDay|[upkeep]\n|-heal|p2a: kkkkk|81\/100 tox|[from] ability: Poison Heal\n|upkeep\n|turn|13\n|\n|t:|1698284846\n|switch|p1a: Dondozo|Dondozo, F|89\/100\n|move|p2a: kkkkk|Toxic Spikes|p1a: Dondozo\n|-sidestart|p1: Pine the Cone|move: Toxic Spikes\n|\n|-weather|SunnyDay|[upkeep]\n|-heal|p2a: kkkkk|93\/100 tox|[from] ability: Poison Heal\n|upkeep\n|turn|14\n|\n|t:|1698284866\n|switch|p2a: passa a\u00ed|Zapdos, shiny|100\/100\n|move|p1a: Dondozo|Curse|p1a: Dondozo\n|-unboost|p1a: Dondozo|spe|1\n|-boost|p1a: Dondozo|atk|1\n|-boost|p1a: Dondozo|def|1\n|\n|-weather|SunnyDay|[upkeep]\n|upkeep\n|turn|15\n|\n|t:|1698284876\n|switch|p1a: Blissey|Blissey, F|75\/100\n|-status|p1a: Blissey|psn\n|move|p2a: passa a\u00ed|Heat Wave|p1a: Blissey\n|-damage|p1a: Blissey|61\/100 psn\n|\n|-weather|SunnyDay|[upkeep]\n|-heal|p1a: Blissey|67\/100 psn|[from] item: Leftovers\n|-damage|p1a: Blissey|55\/100 psn|[from] psn\n|upkeep\n|turn|16\n|\n|t:|1698284891\n|move|p2a: passa a\u00ed|Heat Wave|p1a: Blissey\n|-damage|p1a: Blissey|39\/100 psn\n|move|p1a: Blissey|Stealth Rock|p2a: passa a\u00ed\n|-sidestart|p2: SoSROc|move: Stealth Rock\n|\n|-weather|SunnyDay|[upkeep]\n|-heal|p1a: Blissey|45\/100 psn|[from] item: Leftovers\n|-damage|p1a: Blissey|33\/100 psn|[from] psn\n|upkeep\n|turn|17\n|\n|t:|1698284905\n|-curestatus|p1a: Blissey|psn|[from] ability: Natural Cure\n|switch|p1a: Giratina|Giratina|34\/100\n|-status|p1a: Giratina|psn\n|-ability|p1a: Giratina|Pressure\n|move|p2a: passa a\u00ed|Heat Wave|p1a: Giratina\n|-resisted|p1a: Giratina\n|-damage|p1a: Giratina|21\/100 psn\n|\n|-weather|none\n|-damage|p1a: Giratina|9\/100 psn|[from] psn\n|upkeep\n|turn|18\n|\n|t:|1698284916\n|move|p2a: passa a\u00ed|Volt Switch|p1a: Giratina\n|-resisted|p1a: Giratina\n|-damage|p1a: Giratina|0 fnt\n|faint|p1a: Giratina\n|\n|t:|1698284921\n|switch|p2a: Mike|Torkoal, M, shiny|76\/100|[from] Volt Switch\n|-damage|p2a: Mike|51\/100|[from] Stealth Rock\n|-weather|SunnyDay|[from] ability: Drought|[of] p2a: Mike\n|\n|-weather|SunnyDay|[upkeep]\n|upkeep\n|\n|t:|1698284932\n|switch|p1a: Blissey|Blissey, F|33\/100\n|-status|p1a: Blissey|psn\n|turn|19\n|\n|t:|1698284938\n|move|p1a: Blissey|Thunder Wave|p2a: Mike\n|-status|p2a: Mike|par\n|cant|p2a: Mike|par\n|\n|-weather|SunnyDay|[upkeep]\n|-heal|p1a: Blissey|39\/100 psn|[from] item: Leftovers\n|-damage|p1a: Blissey|26\/100 psn|[from] psn\n|upkeep\n|turn|20\n|\n|t:|1698284946\n|move|p1a: Blissey|Heal Bell|p1a: Blissey\n|-activate|p1a: Blissey|move: Heal Bell\n|-curestatus|p1a: Blissey|psn|[msg]\n|cant|p2a: Mike|par\n|\n|-weather|SunnyDay|[upkeep]\n|-heal|p1a: Blissey|32\/100|[from] item: Leftovers\n|upkeep\n|turn|21\n|\n|t:|1698284953\n|move|p1a: Blissey|Seismic Toss|p2a: Mike\n|-damage|p2a: Mike|22\/100 par\n|move|p2a: Mike|Rest|p2a: Mike\n|-status|p2a: Mike|slp|[from] move: Rest\n|-heal|p2a: Mike|100\/100 slp|[silent]\n|\n|-weather|SunnyDay|[upkeep]\n|-heal|p1a: Blissey|39\/100|[from] item: Leftovers\n|upkeep\n|turn|22\n|\n|t:|1698284973\n|switch|p2a: kkkkk|Gliscor, M|93\/100 tox\n|-damage|p2a: kkkkk|81\/100 tox|[from] Stealth Rock\n|move|p1a: Blissey|Seismic Toss|p2a: kkkkk\n|-damage|p2a: kkkkk|46\/100 tox\n|\n|-weather|SunnyDay|[upkeep]\n|-heal|p1a: Blissey|45\/100|[from] item: Leftovers\n|-heal|p2a: kkkkk|59\/100 tox|[from] ability: Poison Heal\n|upkeep\n|turn|23\n|\n|t:|1698284982\n|move|p2a: kkkkk|Earthquake|p1a: Blissey\n|-damage|p1a: Blissey|0 fnt\n|faint|p1a: Blissey\n|\n|-weather|SunnyDay|[upkeep]\n|-heal|p2a: kkkkk|71\/100 tox|[from] ability: Poison Heal\n|upkeep\n|\n|t:|1698284992\n|switch|p1a: Magearna|Magearna|100\/100\n|turn|24\n|\n|t:|1698285008\n|-terastallize|p1a: Magearna|Psychic\n|move|p2a: kkkkk|Earthquake|p1a: Magearna\n|-damage|p1a: Magearna|65\/100\n|move|p1a: Magearna|Calm Mind|p1a: Magearna\n|-boost|p1a: Magearna|spa|1\n|-boost|p1a: Magearna|spd|1\n|\n|-weather|SunnyDay|[upkeep]\n|-heal|p2a: kkkkk|83\/100 tox|[from] ability: Poison Heal\n|upkeep\n|turn|25\n|\n|t:|1698285017\n|move|p2a: kkkkk|Knock Off|p1a: Magearna\n|-supereffective|p1a: Magearna\n|-damage|p1a: Magearna|18\/100\n|-enditem|p1a: Magearna|Heavy-Duty Boots|[from] move: Knock Off|[of] p2a: kkkkk\n|move|p1a: Magearna|Shift Gear|p1a: Magearna\n|-boost|p1a: Magearna|spe|2\n|-boost|p1a: Magearna|atk|1\n|\n|-weather|none\n|-heal|p2a: kkkkk|96\/100 tox|[from] ability: Poison Heal\n|upkeep\n|turn|26\n|\n|t:|1698285033\n|move|p1a: Magearna|Stored Power|p2a: kkkkk\n|-damage|p2a: kkkkk|0 fnt\n|faint|p2a: kkkkk\n|-ability|p1a: Magearna|Soul-Heart|boost\n|-boost|p1a: Magearna|spa|1\n|\n|upkeep\n|\n|t:|1698285048\n|switch|p2a: anda acordado|Walking Wake|85\/100\n|-damage|p2a: anda acordado|72\/100|[from] Stealth Rock\n|-enditem|p2a: anda acordado|Booster Energy\n|-activate|p2a: anda acordado|ability: Protosynthesis|[fromitem]\n|-start|p2a: anda acordado|protosynthesisspa\n|turn|27\n|\n|t:|1698285127\n|-terastallize|p2a: anda acordado|Steel\n|move|p2a: anda acordado|Flamethrower|p1a: Magearna\n|-damage|p1a: Magearna|0 fnt\n|faint|p1a: Magearna\n|\n|upkeep\n|\n|t:|1698285131\n|switch|p1a: Dondozo|Dondozo, F|89\/100\n|-status|p1a: Dondozo|psn\n|turn|28\n|\n|t:|1698285148\n|move|p2a: anda acordado|Draco Meteor|p1a: Dondozo\n|-damage|p1a: Dondozo|13\/100 psn\n|-unboost|p2a: anda acordado|spa|2\n|move|p1a: Dondozo|Earthquake|p2a: anda acordado\n|-supereffective|p2a: anda acordado\n|-damage|p2a: anda acordado|22\/100\n|\n|-damage|p1a: Dondozo|0 fnt|[from] psn\n|faint|p1a: Dondozo\n|upkeep\n|c|\u2606Pine the Cone|achei que ia ter o magearna sweep\n|\n|t:|1698285154\n|switch|p1a: Clefable|Clefable, M|48\/100\n|-status|p1a: Clefable|psn\n|turn|29\n|c|\u2606SoSROc|KKKKK\n|\n|t:|1698285168\n|move|p2a: anda acordado|Draco Meteor|p1a: Clefable\n|-immune|p1a: Clefable\n|move|p1a: Clefable|Flamethrower|p2a: anda acordado\n|-supereffective|p2a: anda acordado\n|-damage|p2a: anda acordado|0 fnt\n|faint|p2a: anda acordado\n|-end|p2a: anda acordado|Protosynthesis|[silent]\n|\n|-heal|p1a: Clefable|54\/100 psn|[from] item: Leftovers\n|-damage|p1a: Clefable|42\/100 psn|[from] psn\n|upkeep\n|c|\u2606SoSROc|porra\n|c|\u2606SoSROc|missclick\n|\n|t:|1698285180\n|switch|p2a: to sem ideia|Urshifu-Rapid-Strike, M|94\/100\n|-damage|p2a: to sem ideia|88\/100|[from] Stealth Rock\n|turn|30\n|\n|t:|1698285184\n|move|p2a: to sem ideia|Poison Jab|p1a: Clefable\n|-supereffective|p1a: Clefable\n|-damage|p1a: Clefable|0 fnt\n|faint|p1a: Clefable\n|\n|win|SoSROc\n|c|\u2606Pine the Cone|eu n\u00e3o fa\u00e7o ideia do que eu estou fazendo\n|c|\u2606Pine the Cone|bgs shoryuken spammer\n|c|\u2606SoSROc|nem eu\n|c|\u2606SoSROc|bgs lixo\n|c|\u2606SoSROc|aprenda os seus abcs\n|c|\u2606Pine the Cone|nunca!\n|c|\u2606SoSROc|!!!!!\n|n|\u203dPine the Cone|pinethecone\n","uploadtime":1698285192,"views":10,"p1id":"pinethecone","p2id":"sosroc","formatid":"gen9ubers","rating":0,"private":0,"password":""}