{"id":"gen9ubers-1972800931","p1":"calcroft","p2":"itay1579","format":"[Gen 9] Ubers","log":"|j|\u2606calcroft\n|j|\u2606itay1579\n|t:|1697896725\n|gametype|singles\n|player|p1|calcroft|skier|\n|player|p2|itay1579|2|\n|teamsize|p1|6\n|teamsize|p2|6\n|gen|9\n|tier|[Gen 9] Ubers\n|rule|Sleep Clause Mod: Limit one foe put to sleep\n|rule|Species Clause: Limit one of each Pok\u00e9mon\n|rule|OHKO Clause: OHKO moves are banned\n|rule|Evasion Items Clause: Evasion items are banned\n|rule|Evasion Moves Clause: Evasion moves are banned\n|rule|Endless Battle Clause: Forcing endless battles is banned\n|rule|HP Percentage Mod: HP is shown in percentages\n|clearpoke\n|poke|p1|Iron Valiant|\n|poke|p1|Pincurchin, F|\n|poke|p1|Leavanny, F|\n|poke|p1|Oricorio-Sensu, F|\n|poke|p1|Garchomp, M|\n|poke|p1|Ceruledge, M|\n|poke|p2|Walking Wake|\n|poke|p2|Roaring Moon|\n|poke|p2|Hatterene, F|\n|poke|p2|Sandy Shocks|\n|poke|p2|Torkoal, M|\n|poke|p2|Tauros-Paldea-Blaze, M|\n|teampreview\n|j| Jaketr4\n|\n|t:|1697896760\n|start\n|switch|p1a: Garchomp|Garchomp, M|100\/100\n|switch|p2a: Gas|Torkoal, M|100\/100\n|-weather|SunnyDay|[from] ability: Drought|[of] p2a: Gas\n|turn|1\n|\n|t:|1697896811\n|move|p1a: Garchomp|Earthquake|p2a: Gas\n|-supereffective|p2a: Gas\n|-damage|p2a: Gas|46\/100\n|move|p2a: Gas|Yawn|p1a: Garchomp\n|-start|p1a: Garchomp|move: Yawn|[of] p2a: Gas\n|\n|-weather|SunnyDay|[upkeep]\n|upkeep\n|turn|2\n|\n|t:|1697896851\n|switch|p1a: Ceruledge|Ceruledge, M|100\/100\n|switch|p2a: Walking Wake|Walking Wake|100\/100\n|-activate|p2a: Walking Wake|ability: Protosynthesis\n|-start|p2a: Walking Wake|protosynthesisspe\n|\n|-weather|SunnyDay|[upkeep]\n|upkeep\n|turn|3\n|\n|t:|1697896865\n|switch|p1a: Pincurchin|Pincurchin, F|100\/100\n|-fieldstart|move: Electric Terrain|[from] ability: Electric Surge|[of] p1a: Pincurchin\n|move|p2a: Walking Wake|Hydro Steam|p1a: Pincurchin\n|-damage|p1a: Pincurchin|5\/100\n|\n|-weather|SunnyDay|[upkeep]\n|upkeep\n|turn|4\n|\n|t:|1697896875\n|-end|p2a: Walking Wake|Protosynthesis|[silent]\n|switch|p2a: Weird Creature|Hatterene, F|100\/100\n|move|p1a: Pincurchin|Thunderbolt|p2a: Weird Creature\n|-damage|p2a: Weird Creature|58\/100\n|\n|-weather|SunnyDay|[upkeep]\n|-heal|p2a: Weird Creature|64\/100|[from] item: Leftovers\n|upkeep\n|turn|5\n|\n|t:|1697896919\n|switch|p1a: Oricorio|Oricorio-Sensu, F|100\/100\n|move|p2a: Weird Creature|Psychic Terrain|p2a: Weird Creature\n|-fieldstart|move: Psychic Terrain\n|\n|-weather|SunnyDay|[upkeep]\n|-heal|p2a: Weird Creature|70\/100|[from] item: Leftovers\n|upkeep\n|turn|6\n|\n|t:|1697896953\n|switch|p2a: BIRD|Roaring Moon|100\/100\n|-activate|p2a: BIRD|ability: Protosynthesis\n|-start|p2a: BIRD|protosynthesisatk\n|move|p1a: Oricorio|Quiver Dance|p1a: Oricorio\n|-boost|p1a: Oricorio|spa|1\n|-boost|p1a: Oricorio|spd|1\n|-boost|p1a: Oricorio|spe|1\n|\n|-weather|SunnyDay|[upkeep]\n|upkeep\n|turn|7\n|\n|t:|1697896967\n|move|p1a: Oricorio|Quiver Dance|p1a: Oricorio\n|-boost|p1a: Oricorio|spa|1\n|-boost|p1a: Oricorio|spd|1\n|-boost|p1a: Oricorio|spe|1\n|move|p2a: BIRD|Dragon Dance|p2a: BIRD\n|-boost|p2a: BIRD|atk|1\n|-boost|p2a: BIRD|spe|1\n|-activate|p1a: Oricorio|ability: Dancer\n|move|p1a: Oricorio|Dragon Dance|p1a: Oricorio|[from]ability: Dancer\n|-boost|p1a: Oricorio|atk|1\n|-boost|p1a: Oricorio|spe|1\n|\n|-weather|SunnyDay|[upkeep]\n|upkeep\n|turn|8\n|\n|t:|1697896979\n|move|p1a: Oricorio|Icy Wind|p2a: BIRD\n|-supereffective|p2a: BIRD\n|-damage|p2a: BIRD|30\/100\n|-unboost|p2a: BIRD|spe|1\n|move|p2a: BIRD|Knock Off|p1a: Oricorio\n|-supereffective|p1a: Oricorio\n|-enditem|p1a: Oricorio|Focus Sash\n|-damage|p1a: Oricorio|1\/100\n|\n|-weather|none\n|-end|p2a: BIRD|Protosynthesis\n|upkeep\n|turn|9\n|\n|t:|1697897063\n|-end|p2a: BIRD|Protosynthesis|[silent]\n|switch|p2a: Gas|Torkoal, M|46\/100\n|-weather|SunnyDay|[from] ability: Drought|[of] p2a: Gas\n|move|p1a: Oricorio|Icy Wind|p2a: Gas\n|-resisted|p2a: Gas\n|-damage|p2a: Gas|22\/100\n|-unboost|p2a: Gas|spe|1\n|\n|-weather|SunnyDay|[upkeep]\n|-fieldend|move: Psychic Terrain\n|upkeep\n|turn|10\n|\n|t:|1697897077\n|move|p1a: Oricorio|Revelation Dance|p2a: Gas\n|-damage|p2a: Gas|0 fnt\n|faint|p2a: Gas\n|\n|-weather|SunnyDay|[upkeep]\n|upkeep\n|\n|t:|1697897108\n|switch|p2a: Walking Wake|Walking Wake|100\/100\n|-activate|p2a: Walking Wake|ability: Protosynthesis\n|-start|p2a: Walking Wake|protosynthesisspe\n|turn|11\n|\n|t:|1697897115\n|-terastallize|p1a: Oricorio|Fairy\n|move|p1a: Oricorio|Revelation Dance|p2a: Walking Wake\n|-supereffective|p2a: Walking Wake\n|-damage|p2a: Walking Wake|0 fnt\n|faint|p2a: Walking Wake\n|-end|p2a: Walking Wake|Protosynthesis|[silent]\n|\n|-weather|SunnyDay|[upkeep]\n|upkeep\n|\n|t:|1697897125\n|switch|p2a: RAGE|Tauros-Paldea-Blaze, M|100\/100\n|turn|12\n|\n|t:|1697897134\n|move|p1a: Oricorio|Revelation Dance|p2a: RAGE\n|-damage|p2a: RAGE|0 fnt\n|faint|p2a: RAGE\n|\n|-weather|SunnyDay|[upkeep]\n|upkeep\n|\n|t:|1697897147\n|switch|p2a: Crying Magnetone|Sandy Shocks|100\/100\n|-activate|p2a: Crying Magnetone|ability: Protosynthesis\n|-start|p2a: Crying Magnetone|protosynthesisspe\n|turn|13\n|\n|t:|1697897154\n|-terastallize|p2a: Crying Magnetone|Ice\n|move|p1a: Oricorio|Icy Wind|p2a: Crying Magnetone\n|-resisted|p2a: Crying Magnetone\n|-damage|p2a: Crying Magnetone|80\/100\n|-unboost|p2a: Crying Magnetone|spe|1\n|move|p2a: Crying Magnetone|Tera Blast|p1a: Oricorio|[anim] Tera Blast Ice\n|-damage|p1a: Oricorio|0 fnt\n|faint|p1a: Oricorio\n|\n|-weather|SunnyDay|[upkeep]\n|upkeep\n|\n|t:|1697897186\n|switch|p1a: Ceruledge|Ceruledge, M|100\/100\n|turn|14\n|\n|t:|1697897195\n|move|p2a: Crying Magnetone|Earth Power|p1a: Ceruledge\n|-supereffective|p1a: Ceruledge\n|-enditem|p1a: Ceruledge|Focus Sash\n|-damage|p1a: Ceruledge|1\/100\n|move|p1a: Ceruledge|Swords Dance|p1a: Ceruledge\n|-boost|p1a: Ceruledge|atk|2\n|\n|-weather|SunnyDay|[upkeep]\n|upkeep\n|turn|15\n|\n|t:|1697897207\n|move|p1a: Ceruledge|Shadow Sneak|p2a: Crying Magnetone\n|-damage|p2a: Crying Magnetone|35\/100\n|move|p2a: Crying Magnetone|Earth Power|p1a: Ceruledge\n|-supereffective|p1a: Ceruledge\n|-damage|p1a: Ceruledge|0 fnt\n|faint|p1a: Ceruledge\n|\n|-weather|SunnyDay|[upkeep]\n|upkeep\n|\n|t:|1697897238\n|switch|p1a: Pincurchin|Pincurchin, F|5\/100\n|-fieldstart|move: Electric Terrain|[from] ability: Electric Surge|[of] p1a: Pincurchin\n|turn|16\n|\n|t:|1697897247\n|-end|p2a: Crying Magnetone|Protosynthesis|[silent]\n|switch|p2a: Weird Creature|Hatterene, F|70\/100\n|move|p1a: Pincurchin|Spikes|p2a: Weird Creature\n|move|p2a: Weird Creature|Spikes|p1a: Pincurchin|[from]ability: Magic Bounce\n|-sidestart|p1: calcroft|Spikes\n|\n|-weather|none\n|-heal|p2a: Weird Creature|76\/100|[from] item: Leftovers\n|upkeep\n|turn|17\n|\n|t:|1697897258\n|move|p1a: Pincurchin|Liquidation|p2a: Weird Creature\n|-damage|p2a: Weird Creature|55\/100\n|move|p2a: Weird Creature|Psychic Terrain|p2a: Weird Creature\n|-fieldstart|move: Psychic Terrain\n|\n|-heal|p2a: Weird Creature|61\/100|[from] item: Leftovers\n|upkeep\n|turn|18\n|\n|t:|1697897264\n|move|p1a: Pincurchin|Thunderbolt|p2a: Weird Creature\n|-crit|p2a: Weird Creature\n|-damage|p2a: Weird Creature|11\/100\n|move|p2a: Weird Creature|Draining Kiss|p1a: Pincurchin\n|-damage|p1a: Pincurchin|0 fnt\n|-heal|p2a: Weird Creature|14\/100|[from] drain|[of] p1a: Pincurchin\n|faint|p1a: Pincurchin\n|\n|-heal|p2a: Weird Creature|20\/100|[from] item: Leftovers\n|upkeep\n|\n|t:|1697897286\n|switch|p1a: Garchomp|Garchomp, M|100\/100\n|-damage|p1a: Garchomp|88\/100|[from] Spikes\n|turn|19\n|\n|t:|1697897293\n|move|p1a: Garchomp|Poison Jab|p2a: Weird Creature\n|-supereffective|p2a: Weird Creature\n|-crit|p2a: Weird Creature\n|-damage|p2a: Weird Creature|0 fnt\n|faint|p2a: Weird Creature\n|\n|upkeep\n|\n|t:|1697897347\n|switch|p2a: BIRD|Roaring Moon|30\/100\n|turn|20\n|\n|t:|1697897353\n|move|p2a: BIRD|Dragon Dance|p2a: BIRD\n|-boost|p2a: BIRD|atk|1\n|-boost|p2a: BIRD|spe|1\n|move|p1a: Garchomp|Scale Shot|p2a: BIRD\n|-supereffective|p2a: BIRD\n|-damage|p2a: BIRD|0 fnt\n|faint|p2a: BIRD\n|-end|p2a: BIRD|Protosynthesis|[silent]\n|-hitcount|p2: BIRD|1\n|-unboost|p1a: Garchomp|def|1\n|-boost|p1a: Garchomp|spe|1\n|\n|upkeep\n|\n|t:|1697897357\n|switch|p2a: Crying Magnetone|Sandy Shocks, tera:Ice|35\/100\n|turn|21\n|\n|t:|1697897373\n|move|p1a: Garchomp|Earthquake|p2a: Crying Magnetone\n|-damage|p2a: Crying Magnetone|0 fnt\n|faint|p2a: Crying Magnetone\n|-end|p2a: Crying Magnetone|Protosynthesis|[silent]\n|\n|win|calcroft\n","uploadtime":1697897379,"views":49,"p1id":"calcroft","p2id":"itay1579","formatid":"gen9ubers","rating":0,"private":0,"password":""}