{"id":"gen9ubers-1983246321","p1":"I9821943813dws","p2":"SwordIsBored","format":"[Gen 9] Ubers","log":"|j|\u2606I9821943813dws\n|j|\u2606SwordIsBored\n|t:|1699109980\n|gametype|singles\n|player|p1|I9821943813dws|101|\n|player|p2|SwordIsBored|irida|\n|teamsize|p1|6\n|teamsize|p2|6\n|gen|9\n|tier|[Gen 9] Ubers\n|rule|Sleep Clause Mod: Limit one foe put to sleep\n|rule|Species Clause: Limit one of each Pok\u00e9mon\n|rule|OHKO Clause: OHKO moves are banned\n|rule|Evasion Items Clause: Evasion items are banned\n|rule|Evasion Moves Clause: Evasion moves are banned\n|rule|Endless Battle Clause: Forcing endless battles is banned\n|rule|HP Percentage Mod: HP is shown in percentages\n|clearpoke\n|poke|p1|Pelipper, F|\n|poke|p1|Zacian-*|\n|poke|p1|Palafin, F|\n|poke|p1|Tornadus-Therian, M|\n|poke|p1|Thundurus-Therian, M|\n|poke|p1|Landorus, M|\n|poke|p2|Masquerain, F|\n|poke|p2|Gholdengo|\n|poke|p2|Basculegion-F, F|\n|poke|p2|Urshifu-*, F|\n|poke|p2|Arceus-Fire|\n|poke|p2|Shaymin-Sky|\n|teampreview\n|inactive|Battle timer is ON: inactive players will automatically lose when time's up. (requested by I9821943813dws)\n|\n|t:|1699110009\n|start\n|switch|p1a: Pelipper|Pelipper, F|100\/100\n|switch|p2a: Masquerain|Masquerain, F|100\/100\n|-ability|p2a: Masquerain|Intimidate|boost\n|-unboost|p1a: Pelipper|atk|1\n|-weather|RainDance|[from] ability: Drizzle|[of] p1a: Pelipper\n|turn|1\n|\n|t:|1699110020\n|move|p2a: Masquerain|Sticky Web|p1a: Pelipper\n|-sidestart|p1: I9821943813dws|move: Sticky Web\n|move|p1a: Pelipper|U-turn|p2a: Masquerain\n|-resisted|p2a: Masquerain\n|-damage|p2a: Masquerain|95\/100\n|\n|t:|1699110025\n|switch|p1a: Thundurus|Thundurus-Therian, M|100\/100|[from] U-turn\n|\n|-weather|RainDance|[upkeep]\n|upkeep\n|turn|2\n|\n|t:|1699110033\n|move|p1a: Thundurus|Volt Switch|p2a: Masquerain\n|-supereffective|p2a: Masquerain\n|-damage|p2a: Masquerain|0 fnt\n|faint|p2a: Masquerain\n|\n|t:|1699110041\n|switch|p1a: Palafin|Palafin, F|100\/100|[from] Volt Switch\n|-activate|p1a: Palafin|move: Sticky Web\n|-unboost|p1a: Palafin|spe|1\n|\n|-weather|RainDance|[upkeep]\n|upkeep\n|\n|t:|1699110049\n|switch|p2a: Shaymin|Shaymin-Sky|100\/100\n|turn|3\n|\n|t:|1699110067\n|detailschange|p1a: Palafin|Palafin-Hero, F\n|switch|p1a: Tornadus|Tornadus-Therian, M|100\/100\n|move|p2a: Shaymin|Substitute|p2a: Shaymin\n|-start|p2a: Shaymin|Substitute\n|-damage|p2a: Shaymin|76\/100\n|\n|-weather|RainDance|[upkeep]\n|upkeep\n|turn|4\n|\n|t:|1699110073\n|move|p2a: Shaymin|Air Slash|p1a: Tornadus\n|-damage|p1a: Tornadus|55\/100\n|move|p1a: Tornadus|Bleakwind Storm|p2a: Shaymin\n|-supereffective|p2a: Shaymin\n|-end|p2a: Shaymin|Substitute\n|\n|-weather|RainDance|[upkeep]\n|upkeep\n|turn|5\n|\n|t:|1699110083\n|switch|p2a: Gholdengo|Gholdengo|100\/100\n|move|p1a: Tornadus|Bleakwind Storm|p2a: Gholdengo\n|-resisted|p2a: Gholdengo\n|-damage|p2a: Gholdengo|76\/100\n|\n|-weather|RainDance|[upkeep]\n|upkeep\n|turn|6\n|\n|t:|1699110089\n|move|p1a: Tornadus|U-turn|p2a: Gholdengo\n|-resisted|p2a: Gholdengo\n|-damage|p2a: Gholdengo|71\/100\n|\n|t:|1699110095\n|switch|p1a: Landorus|Landorus, M|100\/100|[from] U-turn\n|move|p2a: Gholdengo|Make It Rain|p1a: Landorus\n|-damage|p1a: Landorus|17\/100\n|-unboost|p2a: Gholdengo|spa|1\n|\n|-weather|RainDance|[upkeep]\n|upkeep\n|turn|7\n|\n|t:|1699110108\n|switch|p2a: Shaymin|Shaymin-Sky|76\/100\n|move|p1a: Landorus|Sludge Bomb|p2a: Shaymin\n|-supereffective|p2a: Shaymin\n|-damage|p2a: Shaymin|0 fnt\n|faint|p2a: Shaymin\n|\n|-weather|RainDance|[upkeep]\n|upkeep\n|c|\u2606I9821943813dws|Nice predict\n|\n|t:|1699110118\n|switch|p2a: Basculegion|Basculegion-F, F|100\/100\n|turn|8\n|\n|t:|1699110125\n|move|p2a: Basculegion|Aqua Jet|p1a: Landorus\n|-supereffective|p1a: Landorus\n|-damage|p1a: Landorus|0 fnt\n|faint|p1a: Landorus\n|\n|-weather|none\n|upkeep\n|\n|t:|1699110128\n|switch|p1a: Tornadus|Tornadus-Therian, M|88\/100\n|turn|9\n|\n|t:|1699110134\n|switch|p2a: Gholdengo|Gholdengo|71\/100\n|move|p1a: Tornadus|Bleakwind Storm|p2a: Gholdengo|[miss]\n|-miss|p1a: Tornadus|p2a: Gholdengo\n|\n|upkeep\n|turn|10\n|\n|t:|1699110141\n|move|p1a: Tornadus|U-turn|p2a: Gholdengo\n|-resisted|p2a: Gholdengo\n|-damage|p2a: Gholdengo|67\/100\n|\n|t:|1699110143\n|switch|p1a: Palafin|Palafin-Hero, F|100\/100|[from] U-turn\n|-activate|p1a: Palafin|move: Sticky Web\n|-unboost|p1a: Palafin|spe|1\n|-activate|p1a: Palafin|ability: Zero to Hero\n|move|p2a: Gholdengo|Shadow Ball|p1a: Palafin\n|-damage|p1a: Palafin|58\/100\n|\n|upkeep\n|turn|11\n|\n|t:|1699110155\n|move|p2a: Gholdengo|Shadow Ball|p1a: Palafin\n|-damage|p1a: Palafin|16\/100\n|move|p1a: Palafin|Flip Turn|p2a: Gholdengo\n|-damage|p2a: Gholdengo|0 fnt\n|faint|p2a: Gholdengo\n|\n|t:|1699110163\n|switch|p1a: Tornadus|Tornadus-Therian, M|100\/100|[from] Flip Turn\n|\n|upkeep\n|\n|t:|1699110166\n|switch|p2a: Arceus|Arceus-Fire|100\/100\n|turn|12\n|\n|t:|1699110175\n|move|p1a: Tornadus|Bleakwind Storm|p2a: Arceus\n|-damage|p2a: Arceus|66\/100\n|-unboost|p2a: Arceus|spe|1\n|move|p2a: Arceus|Flare Blitz|p1a: Tornadus\n|-damage|p1a: Tornadus|0 fnt\n|faint|p1a: Tornadus\n|-damage|p2a: Arceus|42\/100|[from] Recoil\n|\n|upkeep\n|\n|t:|1699110184\n|switch|p1a: Palafin|Palafin-Hero, F|16\/100\n|-activate|p1a: Palafin|move: Sticky Web\n|-unboost|p1a: Palafin|spe|1\n|turn|13\n|\n|t:|1699110187\n|move|p1a: Palafin|Jet Punch|p2a: Arceus\n|-supereffective|p2a: Arceus\n|-damage|p2a: Arceus|0 fnt\n|faint|p2a: Arceus\n|\n|upkeep\n|\n|t:|1699110200\n|switch|p2a: Urshifu|Urshifu, F|100\/100\n|turn|14\n|\n|t:|1699110204\n|switch|p1a: Zacian|Zacian|100\/100\n|-ability|p1a: Zacian|Intrepid Sword|boost\n|-boost|p1a: Zacian|atk|1\n|move|p2a: Urshifu|Sucker Punch||[still]\n|-fail|p2a: Urshifu\n|\n|upkeep\n|turn|15\n|c|\u2606I9821943813dws|Boots zacian ftw\n|\n|t:|1699110220\n|move|p1a: Zacian|Play Rough|p2a: Urshifu\n|-supereffective|p2a: Urshifu\n|-damage|p2a: Urshifu|0 fnt\n|faint|p2a: Urshifu\n|\n|upkeep\n|c|\u2606I9821943813dws|ggs\n|\n|t:|1699110222\n|switch|p2a: Basculegion|Basculegion-F, F|100\/100\n|turn|16\n|\n|t:|1699110224\n|-terastallize|p2a: Basculegion|Ghost\n|move|p1a: Zacian|Trailblaze|p2a: Basculegion\n|-damage|p2a: Basculegion|71\/100\n|-boost|p1a: Zacian|spe|1\n|move|p2a: Basculegion|Last Respects|p1a: Zacian\n|-damage|p1a: Zacian|0 fnt\n|faint|p1a: Zacian\n|\n|upkeep\n|\n|t:|1699110235\n|switch|p1a: Thundurus|Thundurus-Therian, M|100\/100\n|turn|17\n|\n|t:|1699110244\n|move|p1a: Thundurus|Volt Switch|p2a: Basculegion\n|-damage|p2a: Basculegion|4\/100\n|\n|t:|1699110246\n|switch|p1a: Pelipper|Pelipper, F|100\/100|[from] Volt Switch\n|-weather|RainDance|[from] ability: Drizzle|[of] p1a: Pelipper\n|move|p2a: Basculegion|Last Respects|p1a: Pelipper\n|-damage|p1a: Pelipper|0 fnt\n|faint|p1a: Pelipper\n|\n|-weather|RainDance|[upkeep]\n|upkeep\n|\n|t:|1699110248\n|switch|p1a: Palafin|Palafin-Hero, F|16\/100\n|-activate|p1a: Palafin|move: Sticky Web\n|-unboost|p1a: Palafin|spe|1\n|turn|18\n|\n|t:|1699110249\n|move|p1a: Palafin|Jet Punch|p2a: Basculegion\n|-damage|p2a: Basculegion|0 fnt\n|faint|p2a: Basculegion\n|\n|win|I9821943813dws\n|c|\u2606SwordIsBored|gg\n|l|\u2606SwordIsBored\n","uploadtime":1699110301,"views":24,"p1id":"i9821943813dws","p2id":"swordisbored","formatid":"gen9ubers","rating":0,"private":0,"password":""}