{"id":"gen9ubers-1983471789","p1":"Nickthenickthenick","p2":"FIRE LORD AESON!","format":"[Gen 9] Ubers","log":"|j|\u2606Nickthenickthenick\n|j|\u2606FIRE LORD AESON!\n|t:|1699133717\n|gametype|singles\n|player|p1|Nickthenickthenick|101|1246\n|player|p2|FIRE LORD AESON!|red-gen1|1200\n|teamsize|p1|6\n|teamsize|p2|6\n|gen|9\n|tier|[Gen 9] Ubers\n|rated|\n|rule|Sleep Clause Mod: Limit one foe put to sleep\n|rule|Species Clause: Limit one of each Pok\u00e9mon\n|rule|OHKO Clause: OHKO moves are banned\n|rule|Evasion Items Clause: Evasion items are banned\n|rule|Evasion Moves Clause: Evasion moves are banned\n|rule|Endless Battle Clause: Forcing endless battles is banned\n|rule|HP Percentage Mod: HP is shown in percentages\n|clearpoke\n|poke|p1|Annihilape, M|\n|poke|p1|Zacian-*|\n|poke|p1|Chi-Yu|\n|poke|p1|Arceus-Steel|\n|poke|p1|Shaymin-Sky|\n|poke|p1|Kyogre|\n|poke|p2|Torkoal, M|\n|poke|p2|Hatterene, F|\n|poke|p2|Kommo-o, F|\n|poke|p2|Cinderace, M|\n|poke|p2|Great Tusk|\n|poke|p2|Heatran, M|\n|teampreview\n|\n|t:|1699133725\n|start\n|switch|p1a: Chi-Yu|Chi-Yu|100\/100\n|switch|p2a: PLAYBOY|Cinderace, M|100\/100\n|-ability|p1a: Chi-Yu|Beads of Ruin\n|turn|1\n|\n|t:|1699133744\n|move|p1a: Chi-Yu|Dark Pulse|p2a: PLAYBOY\n|-damage|p2a: PLAYBOY|24\/100\n|move|p2a: PLAYBOY|High Jump Kick|p1a: Chi-Yu\n|-start|p2a: PLAYBOY|typechange|Fighting|[from] ability: Libero\n|-supereffective|p1a: Chi-Yu\n|-damage|p1a: Chi-Yu|0 fnt\n|faint|p1a: Chi-Yu\n|-damage|p2a: PLAYBOY|14\/100|[from] item: Life Orb\n|\n|upkeep\n|\n|t:|1699133754\n|switch|p1a: Shaymin|Shaymin-Sky|100\/100\n|turn|2\n|c|\u2606Nickthenickthenick|interesting\n|\n|t:|1699133775\n|move|p2a: PLAYBOY|Sucker Punch|p1a: Shaymin\n|-damage|p1a: Shaymin|65\/100\n|-damage|p2a: PLAYBOY|4\/100|[from] item: Life Orb\n|move|p1a: Shaymin|Air Slash|p2a: PLAYBOY|[miss]\n|-miss|p1a: Shaymin|p2a: PLAYBOY\n|\n|upkeep\n|turn|3\n|\n|t:|1699133785\n|move|p1a: Shaymin|Air Slash|p2a: PLAYBOY\n|-supereffective|p2a: PLAYBOY\n|-damage|p2a: PLAYBOY|0 fnt\n|faint|p2a: PLAYBOY\n|\n|upkeep\n|\n|t:|1699133807\n|switch|p2a: SUBSCRIBE 2 AESON!|Torkoal, M|100\/100\n|-weather|SunnyDay|[from] ability: Drought|[of] p2a: SUBSCRIBE 2 AESON!\n|turn|4\n|\n|t:|1699133811\n|switch|p1a: Kyogre|Kyogre|100\/100\n|-weather|RainDance|[from] ability: Drizzle|[of] p1a: Kyogre\n|move|p2a: SUBSCRIBE 2 AESON!|Stealth Rock|p1a: Kyogre\n|-sidestart|p1: Nickthenickthenick|move: Stealth Rock\n|\n|-weather|RainDance|[upkeep]\n|upkeep\n|turn|5\n|\n|t:|1699133856\n|switch|p2a: ROAD 2 RESPECT!|Heatran, M|100\/100\n|-item|p2a: ROAD 2 RESPECT!|Air Balloon\n|move|p1a: Kyogre|Water Spout|p2a: ROAD 2 RESPECT!\n|-supereffective|p2a: ROAD 2 RESPECT!\n|-damage|p2a: ROAD 2 RESPECT!|0 fnt\n|-enditem|p2a: ROAD 2 RESPECT!|Air Balloon\n|faint|p2a: ROAD 2 RESPECT!\n|\n|-weather|RainDance|[upkeep]\n|upkeep\n|c|\u2606Nickthenickthenick|gg\n|c|\u2606FIRE LORD AESON!|yea...\n|\n|t:|1699133898\n|switch|p2a: GEN 1 > GEN 9?|Great Tusk|100\/100\n|turn|6\n|\n|t:|1699133903\n|move|p1a: Kyogre|Water Spout|p2a: GEN 1 > GEN 9?\n|-supereffective|p2a: GEN 1 > GEN 9?\n|-enditem|p2a: GEN 1 > GEN 9?|Focus Sash\n|-damage|p2a: GEN 1 > GEN 9?|1\/100\n|move|p2a: GEN 1 > GEN 9?|Close Combat|p1a: Kyogre\n|-damage|p1a: Kyogre|28\/100\n|-unboost|p2a: GEN 1 > GEN 9?|def|1\n|-unboost|p2a: GEN 1 > GEN 9?|spd|1\n|\n|-weather|RainDance|[upkeep]\n|upkeep\n|turn|7\n|\n|t:|1699133913\n|-end|p2a: GEN 1 > GEN 9?|Protosynthesis|[silent]\n|switch|p2a: SUBSCRIBE 2 AESON!|Torkoal, M|100\/100\n|-weather|SunnyDay|[from] ability: Drought|[of] p2a: SUBSCRIBE 2 AESON!\n|move|p1a: Kyogre|Water Spout|p2a: SUBSCRIBE 2 AESON!\n|-supereffective|p2a: SUBSCRIBE 2 AESON!\n|-damage|p2a: SUBSCRIBE 2 AESON!|79\/100\n|\n|-weather|SunnyDay|[upkeep]\n|upkeep\n|turn|8\n|\n|t:|1699133927\n|switch|p2a: AESON SCORSESE|Kommo-o, F|100\/100\n|move|p1a: Kyogre|Water Spout|p2a: AESON SCORSESE\n|-resisted|p2a: AESON SCORSESE\n|-damage|p2a: AESON SCORSESE|93\/100\n|\n|-weather|SunnyDay|[upkeep]\n|upkeep\n|turn|9\n|\n|t:|1699133941\n|switch|p1a: Zacian|Zacian-Crowned|100\/100\n|-damage|p1a: Zacian|94\/100|[from] Stealth Rock\n|-ability|p1a: Zacian|Intrepid Sword|boost\n|-boost|p1a: Zacian|atk|1\n|move|p2a: AESON SCORSESE|Clangorous Soul|p2a: AESON SCORSESE\n|-boost|p2a: AESON SCORSESE|atk|1\n|-boost|p2a: AESON SCORSESE|def|1\n|-boost|p2a: AESON SCORSESE|spa|1\n|-boost|p2a: AESON SCORSESE|spd|1\n|-boost|p2a: AESON SCORSESE|spe|1\n|-damage|p2a: AESON SCORSESE|60\/100\n|\n|-weather|SunnyDay|[upkeep]\n|upkeep\n|turn|10\n|inactive|Battle timer is ON: inactive players will automatically lose when time's up. (requested by Nickthenickthenick)\n|\n|t:|1699134020\n|-terastallize|p2a: AESON SCORSESE|Steel\n|move|p2a: AESON SCORSESE|Flash Cannon|p1a: Zacian\n|-damage|p1a: Zacian|46\/100\n|-unboost|p1a: Zacian|spd|1\n|move|p1a: Zacian|Play Rough|p2a: AESON SCORSESE|[miss]\n|-miss|p1a: Zacian|p2a: AESON SCORSESE\n|\n|-weather|SunnyDay|[upkeep]\n|upkeep\n|turn|11\n|inactive|FIRE LORD AESON! has 120 seconds left.\n|\n|t:|1699134064\n|move|p2a: AESON SCORSESE|Flash Cannon|p1a: Zacian\n|-damage|p1a: Zacian|0 fnt\n|faint|p1a: Zacian\n|\n|-weather|SunnyDay|[upkeep]\n|upkeep\n|\n|t:|1699134072\n|switch|p1a: Kyogre|Kyogre|28\/100\n|-damage|p1a: Kyogre|16\/100|[from] Stealth Rock\n|-weather|RainDance|[from] ability: Drizzle|[of] p1a: Kyogre\n|turn|12\n|inactive|FIRE LORD AESON! has 120 seconds left.\n|\n|t:|1699134084\n|move|p1a: Kyogre|Origin Pulse|p2a: AESON SCORSESE\n|-damage|p2a: AESON SCORSESE|0 fnt\n|faint|p2a: AESON SCORSESE\n|\n|-weather|RainDance|[upkeep]\n|upkeep\n|\n|t:|1699134093\n|switch|p2a: SUBSCRIBE 2 AESON!|Torkoal, M|79\/100\n|-weather|SunnyDay|[from] ability: Drought|[of] p2a: SUBSCRIBE 2 AESON!\n|turn|13\n|\n|t:|1699134096\n|move|p1a: Kyogre|Origin Pulse|p2a: SUBSCRIBE 2 AESON!\n|-supereffective|p2a: SUBSCRIBE 2 AESON!\n|-damage|p2a: SUBSCRIBE 2 AESON!|9\/100\n|move|p2a: SUBSCRIBE 2 AESON!|Flamethrower|p1a: Kyogre\n|-resisted|p1a: Kyogre\n|-damage|p1a: Kyogre|0 fnt\n|faint|p1a: Kyogre\n|\n|-weather|SunnyDay|[upkeep]\n|upkeep\n|\n|t:|1699134112\n|switch|p1a: Arceus|Arceus-Steel|100\/100\n|-damage|p1a: Arceus|94\/100|[from] Stealth Rock\n|turn|14\n|\n|t:|1699134118\n|move|p1a: Arceus|Judgment|p2a: SUBSCRIBE 2 AESON!\n|-resisted|p2a: SUBSCRIBE 2 AESON!\n|-damage|p2a: SUBSCRIBE 2 AESON!|0 fnt\n|faint|p2a: SUBSCRIBE 2 AESON!\n|\n|-weather|SunnyDay|[upkeep]\n|upkeep\n|\n|t:|1699134124\n|switch|p2a: SEXY @ESON UTUBE!|Hatterene, F|100\/100\n|turn|15\n|\n|t:|1699134127\n|move|p1a: Arceus|Judgment|p2a: SEXY @ESON UTUBE!\n|-supereffective|p2a: SEXY @ESON UTUBE!\n|-damage|p2a: SEXY @ESON UTUBE!|4\/100\n|move|p2a: SEXY @ESON UTUBE!|Mystical Fire|p1a: Arceus\n|-supereffective|p1a: Arceus\n|-damage|p1a: Arceus|36\/100\n|-unboost|p1a: Arceus|spa|1\n|\n|-weather|SunnyDay|[upkeep]\n|upkeep\n|turn|16\n|\n|t:|1699134137\n|move|p1a: Arceus|Judgment|p2a: SEXY @ESON UTUBE!\n|-supereffective|p2a: SEXY @ESON UTUBE!\n|-damage|p2a: SEXY @ESON UTUBE!|0 fnt\n|faint|p2a: SEXY @ESON UTUBE!\n|\n|-weather|SunnyDay|[upkeep]\n|upkeep\n|\n|t:|1699134139\n|switch|p2a: GEN 1 > GEN 9?|Great Tusk|1\/100\n|-activate|p2a: GEN 1 > GEN 9?|ability: Protosynthesis\n|-start|p2a: GEN 1 > GEN 9?|protosynthesisatk\n|turn|17\n|\n|t:|1699134161\n|move|p1a: Arceus|Judgment|p2a: GEN 1 > GEN 9?\n|-damage|p2a: GEN 1 > GEN 9?|0 fnt\n|faint|p2a: GEN 1 > GEN 9?\n|-end|p2a: GEN 1 > GEN 9?|Protosynthesis|[silent]\n|\n|win|Nickthenickthenick\n|raw|Nickthenickthenick's rating: 1246 &rarr; <strong>1268<\/strong><br \/>(+22 for winning)\n|raw|FIRE LORD AESON!'s rating: 1200 &rarr; <strong>1178<\/strong><br \/>(-22 for losing)\n","uploadtime":1699134167,"views":5,"p1id":"nickthenickthenick","p2id":"firelordaeson","formatid":"gen9ubers","rating":1178,"private":0,"password":""}