{"id":"gen9ubers-1988667354","p1":"Finchely","p2":"IcyTheScreamer","format":"[Gen 9] Ubers","log":"|j|\u2606Finchely\n|j|\u2606IcyTheScreamer\n|t:|1699748265\n|gametype|singles\n|player|p1|Finchely|acetrainerf|\n|player|p2|IcyTheScreamer|ingo|\n|teamsize|p1|6\n|teamsize|p2|6\n|gen|9\n|tier|[Gen 9] Ubers\n|rule|Sleep Clause Mod: Limit one foe put to sleep\n|rule|Species Clause: Limit one of each Pok\u00e9mon\n|rule|OHKO Clause: OHKO moves are banned\n|rule|Evasion Items Clause: Evasion items are banned\n|rule|Evasion Moves Clause: Evasion moves are banned\n|rule|Endless Battle Clause: Forcing endless battles is banned\n|rule|HP Percentage Mod: HP is shown in percentages\n|clearpoke\n|poke|p1|Slowking-Galar, M|\n|poke|p1|Palkia-Origin|\n|poke|p1|Dragapult, M|\n|poke|p1|Cyclizar, F|\n|poke|p1|Clefable, M|\n|poke|p1|Arceus-Dark|\n|poke|p2|Garchomp, M|\n|poke|p2|Zacian-*|\n|poke|p2|Arceus-Ice|\n|poke|p2|Sneasler, M|\n|poke|p2|Iron Valiant|\n|poke|p2|Magearna|\n|teampreview\n|\n|t:|1699748291\n|start\n|switch|p1a: Dragapult|Dragapult, M, shiny|100\/100\n|switch|p2a: Garchomp|Garchomp, M|100\/100\n|turn|1\n|\n|t:|1699748303\n|move|p1a: Dragapult|U-turn|p2a: Garchomp\n|-damage|p2a: Garchomp|86\/100\n|-damage|p1a: Dragapult|88\/100|[from] ability: Rough Skin|[of] p2a: Garchomp\n|-damage|p1a: Dragapult|72\/100|[from] item: Rocky Helmet|[of] p2a: Garchomp\n|\n|t:|1699748309\n|switch|p1a: Arceus|Arceus-Dark|100\/100|[from] U-turn\n|move|p2a: Garchomp|Stealth Rock|p1a: Arceus\n|-sidestart|p1: Finchely|move: Stealth Rock\n|\n|upkeep\n|turn|2\n|\n|t:|1699748325\n|move|p2a: Garchomp|Draco Meteor|p1a: Arceus\n|-damage|p1a: Arceus|76\/100\n|-unboost|p2a: Garchomp|spa|2\n|move|p1a: Arceus|Cosmic Power|p1a: Arceus\n|-boost|p1a: Arceus|def|1\n|-boost|p1a: Arceus|spd|1\n|\n|upkeep\n|turn|3\n|\n|t:|1699748358\n|move|p2a: Garchomp|Spikes|p1a: Arceus\n|-sidestart|p1: Finchely|Spikes\n|move|p1a: Arceus|Cosmic Power|p1a: Arceus\n|-boost|p1a: Arceus|def|1\n|-boost|p1a: Arceus|spd|1\n|\n|upkeep\n|turn|4\n|\n|t:|1699748378\n|switch|p2a: Magearna|Magearna|100\/100\n|move|p1a: Arceus|Cosmic Power|p1a: Arceus\n|-boost|p1a: Arceus|def|1\n|-boost|p1a: Arceus|spd|1\n|\n|upkeep\n|turn|5\n|\n|t:|1699748405\n|move|p1a: Arceus|Body Press|p2a: Magearna\n|-damage|p2a: Magearna|54\/100\n|move|p2a: Magearna|Encore|p1a: Arceus\n|-start|p1a: Arceus|Encore\n|\n|upkeep\n|turn|6\n|\n|t:|1699748411\n|move|p1a: Arceus|Body Press|p2a: Magearna\n|-damage|p2a: Magearna|8\/100\n|move|p2a: Magearna|Thunder Wave|p1a: Arceus\n|-status|p1a: Arceus|par\n|\n|upkeep\n|turn|7\n|\n|t:|1699748419\n|switch|p2a: Garchomp|Garchomp, M|86\/100\n|cant|p1a: Arceus|par\n|\n|upkeep\n|turn|8\n|\n|t:|1699748425\n|move|p2a: Garchomp|Spikes|p1a: Arceus\n|-sidestart|p1: Finchely|Spikes\n|move|p1a: Arceus|Body Press|p2a: Garchomp\n|-damage|p2a: Garchomp|20\/100\n|-damage|p1a: Arceus|64\/100 par|[from] ability: Rough Skin|[of] p2a: Garchomp\n|-damage|p1a: Arceus|47\/100 par|[from] item: Rocky Helmet|[of] p2a: Garchomp\n|\n|-end|p1a: Arceus|Encore\n|upkeep\n|turn|9\n|\n|t:|1699748439\n|move|p2a: Garchomp|Spikes|p1a: Arceus\n|-sidestart|p1: Finchely|Spikes\n|move|p1a: Arceus|Recover|p1a: Arceus\n|-heal|p1a: Arceus|97\/100 par\n|\n|upkeep\n|turn|10\n|\n|t:|1699748444\n|move|p2a: Garchomp|Earthquake|p1a: Arceus\n|-damage|p1a: Arceus|88\/100 par\n|move|p1a: Arceus|Foul Play|p2a: Garchomp\n|-crit|p2a: Garchomp\n|-damage|p2a: Garchomp|0 fnt\n|-damage|p1a: Arceus|75\/100 par|[from] ability: Rough Skin|[of] p2a: Garchomp\n|-damage|p1a: Arceus|59\/100 par|[from] item: Rocky Helmet|[of] p2a: Garchomp\n|faint|p2a: Garchomp\n|\n|upkeep\n|\n|t:|1699748460\n|switch|p2a: Zacian|Zacian|100\/100\n|-ability|p2a: Zacian|Intrepid Sword|boost\n|-boost|p2a: Zacian|atk|1\n|turn|11\n|\n|t:|1699748475\n|-terastallize|p1a: Arceus|Fairy\n|move|p2a: Zacian|Play Rough|p1a: Arceus\n|-damage|p1a: Arceus|43\/100 par\n|-damage|p2a: Zacian|91\/100|[from] item: Life Orb\n|move|p1a: Arceus|Recover|p1a: Arceus\n|-heal|p1a: Arceus|93\/100 par\n|\n|upkeep\n|turn|12\n|\n|t:|1699748488\n|move|p2a: Zacian|Swords Dance|p2a: Zacian\n|-boost|p2a: Zacian|atk|2\n|move|p1a: Arceus|Foul Play|p2a: Zacian\n|-resisted|p2a: Zacian\n|-damage|p2a: Zacian|23\/100\n|\n|upkeep\n|turn|13\n|\n|t:|1699748502\n|-terastallize|p2a: Zacian|Steel\n|move|p2a: Zacian|Iron Head|p1a: Arceus\n|-supereffective|p1a: Arceus\n|-damage|p1a: Arceus|43\/100 par\n|-damage|p2a: Zacian|13\/100|[from] item: Life Orb\n|move|p1a: Arceus|Foul Play|p2a: Zacian\n|-damage|p2a: Zacian|0 fnt\n|faint|p2a: Zacian\n|\n|upkeep\n|\n|t:|1699748523\n|switch|p2a: Sneasler|Sneasler, M|100\/100\n|turn|14\n|\n|t:|1699748535\n|move|p2a: Sneasler|Dire Claw|p1a: Arceus\n|-supereffective|p1a: Arceus\n|-crit|p1a: Arceus\n|-damage|p1a: Arceus|0 fnt\n|faint|p1a: Arceus\n|\n|upkeep\n|c|\u2606Finchely|ooh shit\n|\n|t:|1699748543\n|switch|p1a: Slowking|Slowking-Galar, M|100\/100\n|-damage|p1a: Slowking|88\/100|[from] Stealth Rock\n|-damage|p1a: Slowking|63\/100|[from] Spikes\n|turn|15\n|\n|t:|1699748546\n|move|p2a: Sneasler|Fling|p1a: Slowking\n|-supereffective|p1a: Slowking\n|-damage|p1a: Slowking|0 fnt\n|-enditem|p2a: Sneasler|Big Nugget|[from] move: Fling\n|faint|p1a: Slowking\n|\n|upkeep\n|c|\u2606Finchely|oh\n|c|\u2606IcyTheScreamer|:3\n|\n|t:|1699748566\n|switch|p1a: Palkia|Palkia-Origin, shiny|100\/100\n|-damage|p1a: Palkia|88\/100|[from] Stealth Rock\n|-damage|p1a: Palkia|63\/100|[from] Spikes\n|-ability|p1a: Palkia|Pressure\n|turn|16\n|c|\u2606Finchely|i think the crit lost me the game lmao\n|c|\u2606Finchely|:3\n|\n|t:|1699748577\n|move|p2a: Sneasler|Close Combat|p1a: Palkia\n|-damage|p1a: Palkia|0 fnt\n|-unboost|p2a: Sneasler|def|1\n|-unboost|p2a: Sneasler|spd|1\n|faint|p1a: Palkia\n|\n|upkeep\n|\n|t:|1699748584\n|switch|p1a: Cyclizar|Cyclizar, F|100\/100\n|turn|17\n|\n|t:|1699748590\n|move|p2a: Sneasler|Close Combat|p1a: Cyclizar\n|-supereffective|p1a: Cyclizar\n|-damage|p1a: Cyclizar|0 fnt\n|-unboost|p2a: Sneasler|def|1\n|-unboost|p2a: Sneasler|spd|1\n|faint|p1a: Cyclizar\n|\n|upkeep\n|\n|t:|1699748593\n|switch|p1a: Clefable|Clefable, M|100\/100\n|-damage|p1a: Clefable|88\/100|[from] Stealth Rock\n|-damage|p1a: Clefable|63\/100|[from] Spikes\n|turn|18\n|c|\u2606Finchely|gg\n|\n|t:|1699748600\n|move|p2a: Sneasler|Dire Claw|p1a: Clefable\n|-supereffective|p1a: Clefable\n|-damage|p1a: Clefable|0 fnt\n|faint|p1a: Clefable\n|\n|upkeep\n|\n|t:|1699748602\n|switch|p1a: Dragapult|Dragapult, M, shiny|72\/100\n|-damage|p1a: Dragapult|59\/100|[from] Stealth Rock\n|-damage|p1a: Dragapult|35\/100|[from] Spikes\n|turn|19\n|c|\u2606IcyTheScreamer|gg\n|\n|t:|1699748610\n|move|p2a: Sneasler|Dire Claw|p1a: Dragapult\n|-resisted|p1a: Dragapult\n|-crit|p1a: Dragapult\n|-damage|p1a: Dragapult|0 fnt\n|faint|p1a: Dragapult\n|\n|win|IcyTheScreamer\n","uploadtime":1699748623,"views":10,"p1id":"finchely","p2id":"icythescreamer","formatid":"gen9ubers","rating":0,"private":0,"password":""}