{"id":"gen9ubers-1978348782","p1":"RubenPaCe","p2":"PinkScourge","format":"[Gen 9] Ubers","log":"|j|\u2606RubenPaCe\n|j|\u2606PinkScourge\n|t:|1698527962\n|gametype|singles\n|player|p1|RubenPaCe|2|\n|player|p2|PinkScourge|bede-leader|\n|teamsize|p1|6\n|teamsize|p2|6\n|gen|9\n|tier|[Gen 9] Ubers\n|rule|Sleep Clause Mod: Limit one foe put to sleep\n|rule|Species Clause: Limit one of each Pok\u00e9mon\n|rule|OHKO Clause: OHKO moves are banned\n|rule|Evasion Items Clause: Evasion items are banned\n|rule|Evasion Moves Clause: Evasion moves are banned\n|rule|Endless Battle Clause: Forcing endless battles is banned\n|rule|HP Percentage Mod: HP is shown in percentages\n|clearpoke\n|poke|p1|Pelipper, M|\n|poke|p1|Palafin, F|\n|poke|p1|Basculegion-F, F|\n|poke|p1|Magearna|\n|poke|p1|Arceus-Poison|\n|poke|p1|Dialga|\n|poke|p2|Scream Tail|\n|poke|p2|Alomomola, M|\n|poke|p2|Arceus-Fire|\n|poke|p2|Zamazenta-*|\n|poke|p2|Gothitelle, F|\n|poke|p2|Weezing-Galar, M|\n|teampreview\n|inactive|Battle timer is ON: inactive players will automatically lose when time's up. (requested by PinkScourge)\n|j| Pajoomas!\n|c|\u2606PinkScourge|Aaaahh\n|c|\u2606PinkScourge|Damn, I lose hard vs that lol\n|inactive|PinkScourge has 270 seconds left.\n|c|\u2606RubenPaCe|the dreaded rain match-up\n|\n|t:|1698527997\n|start\n|switch|p1a: Palafin|Palafin, F|100\/100\n|switch|p2a: Gothitelle|Gothitelle, F|100\/100\n|turn|1\n|\n|t:|1698528004\n|move|p1a: Palafin|Flip Turn|p2a: Gothitelle\n|-crit|p2a: Gothitelle\n|-damage|p2a: Gothitelle|47\/100\n|\n|t:|1698528008\n|detailschange|p1a: Palafin|Palafin-Hero, F\n|switch|p1a: Magearna|Magearna|100\/100|[from] Flip Turn\n|move|p2a: Gothitelle|Psychic|p1a: Magearna\n|-resisted|p1a: Magearna\n|-damage|p1a: Magearna|81\/100\n|\n|-heal|p1a: Magearna|87\/100|[from] item: Leftovers\n|upkeep\n|turn|2\n|\n|t:|1698528016\n|switch|p2a: Arceus|Arceus-Fire|100\/100\n|move|p1a: Magearna|Spikes|p2a: Arceus\n|-sidestart|p2: PinkScourge|Spikes\n|\n|-heal|p1a: Magearna|93\/100|[from] item: Leftovers\n|upkeep\n|turn|3\n|\n|t:|1698528024\n|move|p2a: Arceus|Judgment|p1a: Magearna\n|-supereffective|p1a: Magearna\n|-damage|p1a: Magearna|13\/100\n|move|p1a: Magearna|Volt Switch|p2a: Arceus\n|-damage|p2a: Arceus|91\/100\n|\n|t:|1698528029\n|switch|p1a: Pelipper|Pelipper, M|100\/100|[from] Volt Switch\n|-weather|RainDance|[from] ability: Drizzle|[of] p1a: Pelipper\n|\n|-weather|RainDance|[upkeep]\n|upkeep\n|turn|4\n|\n|t:|1698528035\n|switch|p2a: Alomomola|Alomomola, M|100\/100\n|-damage|p2a: Alomomola|88\/100|[from] Spikes\n|switch|p1a: Dialga|Dialga|100\/100\n|-ability|p1a: Dialga|Pressure\n|\n|-weather|RainDance|[upkeep]\n|upkeep\n|turn|5\n|\n|t:|1698528041\n|move|p1a: Dialga|Stealth Rock|p2a: Alomomola\n|-sidestart|p2: PinkScourge|move: Stealth Rock\n|move|p2a: Alomomola|Wish|p2a: Alomomola\n|\n|-weather|RainDance|[upkeep]\n|upkeep\n|turn|6\n|\n|t:|1698528044\n|move|p2a: Alomomola|Flip Turn|p1a: Dialga\n|-resisted|p1a: Dialga\n|-damage|p1a: Dialga|92\/100\n|\n|t:|1698528053\n|switch|p2a: Weezing|Weezing-Galar, M|100\/100|[from] Flip Turn\n|-fieldstart|move: Misty Terrain|[from] ability: Misty Surge|[of] p2a: Weezing\n|move|p1a: Dialga|Roar|p2a: Weezing\n|drag|p2a: Alomomola|Alomomola, M|100\/100\n|-damage|p2a: Alomomola|88\/100|[from] Spikes\n|-damage|p2a: Alomomola|76\/100|[from] Stealth Rock\n|\n|-weather|RainDance|[upkeep]\n|-heal|p2a: Alomomola|100\/100|[from] move: Wish|[wisher] Alomomola\n|-heal|p1a: Dialga|98\/100|[from] item: Leftovers\n|upkeep\n|turn|7\n|\n|t:|1698528064\n|move|p1a: Dialga|Flash Cannon|p2a: Alomomola\n|-resisted|p2a: Alomomola\n|-damage|p2a: Alomomola|84\/100\n|move|p2a: Alomomola|Wish|p2a: Alomomola\n|\n|-weather|RainDance|[upkeep]\n|-heal|p1a: Dialga|100\/100|[from] item: Leftovers\n|upkeep\n|turn|8\n|\n|t:|1698528067\n|move|p2a: Alomomola|Flip Turn|p1a: Dialga\n|-resisted|p1a: Dialga\n|-damage|p1a: Dialga|92\/100\n|\n|t:|1698528072\n|switch|p2a: Weezing|Weezing-Galar, M|100\/100|[from] Flip Turn\n|move|p1a: Dialga|Roar|p2a: Weezing\n|drag|p2a: Gothitelle|Gothitelle, F|47\/100\n|-damage|p2a: Gothitelle|35\/100|[from] Spikes\n|-damage|p2a: Gothitelle|22\/100|[from] Stealth Rock\n|\n|-weather|RainDance|[upkeep]\n|-heal|p2a: Gothitelle|92\/100|[from] move: Wish|[wisher] Alomomola\n|-heal|p1a: Dialga|99\/100|[from] item: Leftovers\n|upkeep\n|turn|9\n|\n|t:|1698528085\n|move|p1a: Dialga|Flash Cannon|p2a: Gothitelle\n|-damage|p2a: Gothitelle|63\/100\n|move|p2a: Gothitelle|Trick|p1a: Dialga\n|-activate|p2a: Gothitelle|move: Trick|[of] p1a: Dialga\n|-item|p1a: Dialga|Choice Specs|[from] move: Trick\n|-item|p2a: Gothitelle|Leftovers|[from] move: Trick\n|\n|-weather|RainDance|[upkeep]\n|-heal|p2a: Gothitelle|69\/100|[from] item: Leftovers\n|upkeep\n|turn|10\n|\n|t:|1698528092\n|move|p1a: Dialga|Flash Cannon|p2a: Gothitelle\n|-damage|p2a: Gothitelle|29\/100\n|move|p2a: Gothitelle|Torment|p1a: Dialga\n|-start|p1a: Dialga|Torment\n|\n|-weather|none\n|-heal|p2a: Gothitelle|35\/100|[from] item: Leftovers\n|-fieldend|Misty Terrain\n|upkeep\n|turn|11\n|\n|t:|1698528098\n|-activate|p1a: Dialga|move: Struggle\n|move|p1a: Dialga|Struggle|p2a: Gothitelle\n|-damage|p2a: Gothitelle|24\/100\n|-damage|p1a: Dialga|74\/100|[from] recoil\n|move|p2a: Gothitelle|Psychic|p1a: Dialga\n|-resisted|p1a: Dialga\n|-crit|p1a: Dialga\n|-damage|p1a: Dialga|59\/100\n|\n|-heal|p2a: Gothitelle|30\/100|[from] item: Leftovers\n|upkeep\n|turn|12\n|\n|t:|1698528105\n|move|p2a: Gothitelle|Protect|p2a: Gothitelle\n|-singleturn|p2a: Gothitelle|Protect\n|move|p1a: Dialga|Flash Cannon|p2a: Gothitelle\n|-activate|p2a: Gothitelle|move: Protect\n|\n|-heal|p2a: Gothitelle|36\/100|[from] item: Leftovers\n|upkeep\n|turn|13\n|\n|t:|1698528109\n|-activate|p1a: Dialga|move: Struggle\n|move|p1a: Dialga|Struggle|p2a: Gothitelle\n|-damage|p2a: Gothitelle|25\/100\n|-damage|p1a: Dialga|34\/100|[from] recoil\n|move|p2a: Gothitelle|Psychic|p1a: Dialga\n|-resisted|p1a: Dialga\n|-damage|p1a: Dialga|23\/100\n|\n|-heal|p2a: Gothitelle|31\/100|[from] item: Leftovers\n|upkeep\n|turn|14\n|\n|t:|1698528117\n|move|p2a: Gothitelle|Protect|p2a: Gothitelle\n|-singleturn|p2a: Gothitelle|Protect\n|move|p1a: Dialga|Flash Cannon|p2a: Gothitelle\n|-activate|p2a: Gothitelle|move: Protect\n|\n|-heal|p2a: Gothitelle|37\/100|[from] item: Leftovers\n|upkeep\n|turn|15\n|\n|t:|1698528122\n|-activate|p1a: Dialga|move: Struggle\n|move|p1a: Dialga|Struggle|p2a: Gothitelle\n|-damage|p2a: Gothitelle|27\/100\n|-damage|p1a: Dialga|0 fnt|[from] recoil\n|faint|p1a: Dialga\n|move|p2a: Gothitelle|Psychic|p1: Dialga|[notarget]\n|-fail|p2a: Gothitelle\n|\n|-heal|p2a: Gothitelle|33\/100|[from] item: Leftovers\n|upkeep\n|\n|t:|1698528125\n|switch|p1a: Palafin|Palafin-Hero, F|100\/100\n|-activate|p1a: Palafin|ability: Zero to Hero\n|turn|16\n|\n|t:|1698528133\n|switch|p2a: Alomomola|Alomomola, M|100\/100\n|-damage|p2a: Alomomola|88\/100|[from] Spikes\n|-damage|p2a: Alomomola|76\/100|[from] Stealth Rock\n|move|p1a: Palafin|Flip Turn|p2a: Alomomola\n|-resisted|p2a: Alomomola\n|-damage|p2a: Alomomola|58\/100\n|-damage|p1a: Palafin|84\/100|[from] item: Rocky Helmet|[of] p2a: Alomomola\n|\n|t:|1698528137\n|switch|p1a: Magearna|Magearna|13\/100|[from] Flip Turn\n|\n|-heal|p1a: Magearna|20\/100|[from] item: Leftovers\n|upkeep\n|turn|17\n|\n|t:|1698528145\n|move|p1a: Magearna|Fleur Cannon|p2a: Alomomola\n|-damage|p2a: Alomomola|5\/100\n|-unboost|p1a: Magearna|spa|2\n|move|p2a: Alomomola|Wish|p2a: Alomomola\n|\n|-heal|p1a: Magearna|26\/100|[from] item: Leftovers\n|upkeep\n|turn|18\n|\n|t:|1698528150\n|move|p2a: Alomomola|Protect|p2a: Alomomola\n|-singleturn|p2a: Alomomola|Protect\n|move|p1a: Magearna|Volt Switch|p2a: Alomomola\n|-activate|p2a: Alomomola|move: Protect\n|\n|-heal|p2a: Alomomola|55\/100|[from] move: Wish|[wisher] Alomomola\n|-heal|p1a: Magearna|32\/100|[from] item: Leftovers\n|upkeep\n|turn|19\n|\n|t:|1698528154\n|move|p1a: Magearna|Volt Switch|p2a: Alomomola\n|-supereffective|p2a: Alomomola\n|-damage|p2a: Alomomola|35\/100\n|\n|t:|1698528157\n|switch|p1a: Arceus|Arceus-Poison|100\/100|[from] Volt Switch\n|move|p2a: Alomomola|Mirror Coat|p1a: Arceus\n|-damage|p1a: Arceus|57\/100\n|\n|upkeep\n|turn|20\n|\n|t:|1698528163\n|move|p1a: Arceus|Taunt|p2a: Alomomola\n|-start|p2a: Alomomola|move: Taunt\n|move|p2a: Alomomola|Flip Turn|p1a: Arceus\n|-damage|p1a: Arceus|47\/100\n|\n|t:|1698528172\n|switch|p2a: Arceus|Arceus-Fire|91\/100|[from] Flip Turn\n|-damage|p2a: Arceus|78\/100|[from] Spikes\n|-damage|p2a: Arceus|53\/100|[from] Stealth Rock\n|\n|upkeep\n|turn|21\n|\n|t:|1698528177\n|switch|p1a: Pelipper|Pelipper, M|100\/100\n|-weather|RainDance|[from] ability: Drizzle|[of] p1a: Pelipper\n|move|p2a: Arceus|Recover|p2a: Arceus\n|-heal|p2a: Arceus|100\/100\n|\n|-weather|RainDance|[upkeep]\n|upkeep\n|turn|22\n|\n|t:|1698528186\n|switch|p2a: Weezing|Weezing-Galar, M|100\/100\n|-fieldstart|move: Misty Terrain|[from] ability: Misty Surge|[of] p2a: Weezing\n|move|p1a: Pelipper|U-turn|p2a: Weezing\n|-resisted|p2a: Weezing\n|-damage|p2a: Weezing|99\/100\n|\n|t:|1698528191\n|switch|p1a: Palafin|Palafin-Hero, F|84\/100|[from] U-turn\n|\n|-weather|RainDance|[upkeep]\n|upkeep\n|turn|23\n|\n|t:|1698528203\n|switch|p2a: Gothitelle|Gothitelle, F|33\/100\n|-damage|p2a: Gothitelle|21\/100|[from] Spikes\n|-damage|p2a: Gothitelle|8\/100|[from] Stealth Rock\n|move|p1a: Palafin|Wave Crash|p2a: Gothitelle\n|-crit|p2a: Gothitelle\n|-damage|p2a: Gothitelle|0 fnt\n|faint|p2a: Gothitelle\n|-damage|p1a: Palafin|82\/100|[from] Recoil\n|\n|-weather|RainDance|[upkeep]\n|upkeep\n|\n|t:|1698528225\n|switch|p2a: Zamazenta|Zamazenta-Crowned|100\/100\n|-damage|p2a: Zamazenta|88\/100|[from] Spikes\n|-damage|p2a: Zamazenta|85\/100|[from] Stealth Rock\n|-ability|p2a: Zamazenta|Dauntless Shield|boost\n|-boost|p2a: Zamazenta|def|1\n|turn|24\n|\n|t:|1698528235\n|-terastallize|p2a: Zamazenta|Water\n|move|p2a: Zamazenta|Iron Defense|p2a: Zamazenta\n|-boost|p2a: Zamazenta|def|2\n|move|p1a: Palafin|Wave Crash|p2a: Zamazenta\n|-resisted|p2a: Zamazenta\n|-damage|p2a: Zamazenta|60\/100\n|-damage|p1a: Palafin|75\/100|[from] Recoil\n|\n|-weather|RainDance|[upkeep]\n|upkeep\n|turn|25\n|\n|t:|1698528243\n|switch|p1a: Arceus|Arceus-Poison|47\/100\n|move|p2a: Zamazenta|Body Press|p1a: Arceus\n|-resisted|p1a: Arceus\n|-damage|p1a: Arceus|12\/100\n|\n|-weather|RainDance|[upkeep]\n|upkeep\n|turn|26\n|\n|t:|1698528249\n|move|p2a: Zamazenta|Body Press|p1a: Arceus\n|-resisted|p1a: Arceus\n|-damage|p1a: Arceus|0 fnt\n|faint|p1a: Arceus\n|\n|-weather|RainDance|[upkeep]\n|-fieldend|Misty Terrain\n|upkeep\n|\n|t:|1698528254\n|switch|p1a: Pelipper|Pelipper, M|100\/100\n|turn|27\n|\n|t:|1698528260\n|move|p2a: Zamazenta|Crunch|p1a: Pelipper\n|-damage|p1a: Pelipper|83\/100\n|move|p1a: Pelipper|Hurricane|p2a: Zamazenta\n|-damage|p2a: Zamazenta|32\/100\n|-start|p2a: Zamazenta|confusion\n|\n|-weather|RainDance|[upkeep]\n|upkeep\n|turn|28\n|\n|t:|1698528268\n|switch|p2a: Weezing|Weezing-Galar, M|99\/100\n|-fieldstart|move: Misty Terrain|[from] ability: Misty Surge|[of] p2a: Weezing\n|move|p1a: Pelipper|Hurricane|p2a: Weezing\n|-damage|p2a: Weezing|53\/100\n|\n|-weather|none\n|upkeep\n|turn|29\n|\n|t:|1698528275\n|switch|p1a: Magearna|Magearna|32\/100\n|move|p2a: Weezing|Defog|p1a: Magearna\n|-unboost|p1a: Magearna|evasion|1\n|-sideend|p2: PinkScourge|Spikes|[from] move: Defog|[of] p2a: Weezing\n|-sideend|p2: PinkScourge|Stealth Rock|[from] move: Defog|[of] p2a: Weezing\n|-fieldend|Misty Terrain\n|\n|-heal|p1a: Magearna|38\/100|[from] item: Leftovers\n|upkeep\n|turn|30\n|\n|t:|1698528283\n|switch|p1a: Pelipper|Pelipper, M|83\/100\n|-weather|RainDance|[from] ability: Drizzle|[of] p1a: Pelipper\n|switch|p2a: Arceus|Arceus-Fire|100\/100\n|\n|-weather|RainDance|[upkeep]\n|upkeep\n|turn|31\n|\n|t:|1698528288\n|switch|p2a: Alomomola|Alomomola, M|68\/100\n|move|p1a: Pelipper|U-turn|p2a: Alomomola\n|-damage|p2a: Alomomola|62\/100\n|-damage|p1a: Pelipper|67\/100|[from] item: Rocky Helmet|[of] p2a: Alomomola\n|\n|t:|1698528290\n|switch|p1a: Basculegion|Basculegion-F, F|100\/100|[from] U-turn\n|\n|-weather|RainDance|[upkeep]\n|upkeep\n|turn|32\n|\n|t:|1698528301\n|move|p2a: Alomomola|Protect|p2a: Alomomola\n|-singleturn|p2a: Alomomola|Protect\n|move|p1a: Basculegion|Last Respects|p2a: Alomomola\n|-activate|p2a: Alomomola|move: Protect\n|\n|-weather|RainDance|[upkeep]\n|upkeep\n|turn|33\n|\n|t:|1698528311\n|move|p1a: Basculegion|Last Respects|p2a: Alomomola\n|-damage|p2a: Alomomola|13\/100\n|move|p2a: Alomomola|Wish|p2a: Alomomola\n|\n|-weather|RainDance|[upkeep]\n|upkeep\n|turn|34\n|\n|t:|1698528319\n|move|p2a: Alomomola|Protect|p2a: Alomomola\n|-singleturn|p2a: Alomomola|Protect\n|move|p1a: Basculegion|Last Respects|p2a: Alomomola\n|-activate|p2a: Alomomola|move: Protect\n|\n|-weather|RainDance|[upkeep]\n|-heal|p2a: Alomomola|63\/100|[from] move: Wish|[wisher] Alomomola\n|upkeep\n|turn|35\n|\n|t:|1698528324\n|switch|p1a: Magearna|Magearna|38\/100\n|move|p2a: Alomomola|Wish|p2a: Alomomola\n|\n|-weather|RainDance|[upkeep]\n|-heal|p1a: Magearna|44\/100|[from] item: Leftovers\n|upkeep\n|turn|36\n|\n|t:|1698528339\n|move|p2a: Alomomola|Protect|p2a: Alomomola\n|-singleturn|p2a: Alomomola|Protect\n|move|p1a: Magearna|Volt Switch|p2a: Alomomola\n|-activate|p2a: Alomomola|move: Protect\n|\n|-weather|RainDance|[upkeep]\n|-heal|p2a: Alomomola|100\/100|[from] move: Wish|[wisher] Alomomola\n|-heal|p1a: Magearna|50\/100|[from] item: Leftovers\n|upkeep\n|turn|37\n|\n|t:|1698528347\n|move|p1a: Magearna|Spikes|p2a: Alomomola\n|-sidestart|p2: PinkScourge|Spikes\n|move|p2a: Alomomola|Mirror Coat||[still]\n|-fail|p2a: Alomomola\n|\n|-weather|none\n|-heal|p1a: Magearna|56\/100|[from] item: Leftovers\n|upkeep\n|turn|38\n|\n|t:|1698528349\n|move|p1a: Magearna|Spikes|p2a: Alomomola\n|-sidestart|p2: PinkScourge|Spikes\n|move|p2a: Alomomola|Wish|p2a: Alomomola\n|\n|-heal|p1a: Magearna|62\/100|[from] item: Leftovers\n|upkeep\n|turn|39\n|\n|t:|1698528354\n|move|p1a: Magearna|Volt Switch|p2a: Alomomola\n|-supereffective|p2a: Alomomola\n|-damage|p2a: Alomomola|67\/100\n|\n|t:|1698528356\n|switch|p1a: Pelipper|Pelipper, M|67\/100|[from] Volt Switch\n|-weather|RainDance|[from] ability: Drizzle|[of] p1a: Pelipper\n|move|p2a: Alomomola|Flip Turn|p1a: Pelipper\n|-resisted|p1a: Pelipper\n|-damage|p1a: Pelipper|58\/100\n|\n|t:|1698528363\n|switch|p2a: Zamazenta|Zamazenta-Crowned, tera:Water|32\/100|[from] Flip Turn\n|-damage|p2a: Zamazenta|15\/100|[from] Spikes\n|\n|-weather|RainDance|[upkeep]\n|-heal|p2a: Zamazenta|89\/100|[from] move: Wish|[wisher] Alomomola\n|upkeep\n|turn|40\n|\n|t:|1698528373\n|switch|p2a: Alomomola|Alomomola, M|99\/100\n|-damage|p2a: Alomomola|83\/100|[from] Spikes\n|move|p1a: Pelipper|Hurricane|p2a: Alomomola\n|-damage|p2a: Alomomola|50\/100\n|\n|-weather|RainDance|[upkeep]\n|upkeep\n|turn|41\n|\n|t:|1698528382\n|move|p1a: Pelipper|Hurricane|p2a: Alomomola\n|-damage|p2a: Alomomola|20\/100\n|move|p2a: Alomomola|Wish|p2a: Alomomola\n|\n|-weather|RainDance|[upkeep]\n|upkeep\n|turn|42\n|\n|t:|1698528389\n|switch|p1a: Magearna|Magearna|62\/100\n|move|p2a: Alomomola|Protect||[still]\n|-fail|p2a: Alomomola\n|\n|-weather|RainDance|[upkeep]\n|-heal|p2a: Alomomola|70\/100|[from] move: Wish|[wisher] Alomomola\n|-heal|p1a: Magearna|68\/100|[from] item: Leftovers\n|upkeep\n|turn|43\n|\n|t:|1698528395\n|move|p1a: Magearna|Spikes|p2a: Alomomola\n|-sidestart|p2: PinkScourge|Spikes\n|move|p2a: Alomomola|Wish|p2a: Alomomola\n|\n|-weather|RainDance|[upkeep]\n|-heal|p1a: Magearna|74\/100|[from] item: Leftovers\n|upkeep\n|turn|44\n|\n|t:|1698528398\n|move|p1a: Magearna|Thunder Wave|p2a: Alomomola\n|-status|p2a: Alomomola|par\n|move|p2a: Alomomola|Mirror Coat||[still]\n|-fail|p2a: Alomomola\n|\n|-weather|RainDance|[upkeep]\n|-heal|p2a: Alomomola|100\/100 par|[from] move: Wish|[wisher] Alomomola\n|-heal|p1a: Magearna|80\/100|[from] item: Leftovers\n|upkeep\n|turn|45\n|\n|t:|1698528402\n|move|p1a: Magearna|Volt Switch|p2a: Alomomola\n|-supereffective|p2a: Alomomola\n|-damage|p2a: Alomomola|61\/100 par\n|\n|t:|1698528407\n|switch|p1a: Basculegion|Basculegion-F, F|100\/100|[from] Volt Switch\n|move|p2a: Alomomola|Wish|p2a: Alomomola\n|\n|-weather|RainDance|[upkeep]\n|upkeep\n|turn|46\n|\n|t:|1698528414\n|move|p1a: Basculegion|Last Respects|p2a: Alomomola\n|-damage|p2a: Alomomola|12\/100 par\n|cant|p2a: Alomomola|par\n|\n|-weather|none\n|-heal|p2a: Alomomola|62\/100 par|[from] move: Wish|[wisher] Alomomola\n|upkeep\n|turn|47\n|\n|t:|1698528422\n|-terastallize|p1a: Basculegion|Ghost\n|move|p1a: Basculegion|Last Respects|p2a: Alomomola\n|-crit|p2a: Alomomola\n|-damage|p2a: Alomomola|0 fnt\n|faint|p2a: Alomomola\n|\n|upkeep\n|\n|t:|1698528432\n|switch|p2a: Zamazenta|Zamazenta-Crowned, tera:Water|89\/100\n|-damage|p2a: Zamazenta|64\/100|[from] Spikes\n|turn|48\n|\n|t:|1698528441\n|switch|p1a: Pelipper|Pelipper, M|58\/100\n|-weather|RainDance|[from] ability: Drizzle|[of] p1a: Pelipper\n|move|p2a: Zamazenta|Crunch|p1a: Pelipper\n|-damage|p1a: Pelipper|41\/100\n|-unboost|p1a: Pelipper|def|1\n|\n|-weather|RainDance|[upkeep]\n|upkeep\n|turn|49\n|\n|t:|1698528452\n|switch|p1a: Magearna|Magearna|80\/100\n|move|p2a: Zamazenta|Crunch|p1a: Magearna\n|-resisted|p1a: Magearna\n|-damage|p1a: Magearna|72\/100\n|\n|-weather|RainDance|[upkeep]\n|-heal|p1a: Magearna|78\/100|[from] item: Leftovers\n|upkeep\n|turn|50\n|\n|t:|1698528458\n|switch|p2a: Scream Tail|Scream Tail|100\/100\n|-damage|p2a: Scream Tail|76\/100|[from] Spikes\n|move|p1a: Magearna|Thunder Wave|p2a: Scream Tail\n|-status|p2a: Scream Tail|par\n|\n|-weather|RainDance|[upkeep]\n|-heal|p1a: Magearna|85\/100|[from] item: Leftovers\n|-heal|p2a: Scream Tail|82\/100 par|[from] item: Leftovers\n|upkeep\n|turn|51\n|\n|t:|1698528469\n|move|p1a: Magearna|Volt Switch|p2a: Scream Tail\n|-crit|p2a: Scream Tail\n|-damage|p2a: Scream Tail|64\/100 par\n|\n|t:|1698528471\n|switch|p1a: Palafin|Palafin-Hero, F|75\/100|[from] Volt Switch\n|move|p2a: Scream Tail|Wish|p2a: Scream Tail\n|\n|-weather|RainDance|[upkeep]\n|-heal|p2a: Scream Tail|71\/100 par|[from] item: Leftovers\n|upkeep\n|turn|52\n|\n|t:|1698528485\n|-end|p2a: Scream Tail|Protosynthesis|[silent]\n|switch|p2a: Zamazenta|Zamazenta-Crowned, tera:Water|64\/100\n|-damage|p2a: Zamazenta|39\/100|[from] Spikes\n|move|p1a: Palafin|Wave Crash|p2a: Zamazenta\n|-resisted|p2a: Zamazenta\n|-damage|p2a: Zamazenta|0 fnt\n|faint|p2a: Zamazenta\n|-damage|p1a: Palafin|64\/100|[from] Recoil\n|\n|-weather|RainDance|[upkeep]\n|upkeep\n|\n|t:|1698528494\n|switch|p2a: Arceus|Arceus-Fire|100\/100\n|-damage|p2a: Arceus|75\/100|[from] Spikes\n|turn|53\n|c|\u2606PinkScourge|GG\n|\n|t:|1698528502\n|move|p2a: Arceus|Recover|p2a: Arceus\n|-heal|p2a: Arceus|100\/100\n|move|p1a: Palafin|Wave Crash|p2a: Arceus\n|-supereffective|p2a: Arceus\n|-damage|p2a: Arceus|0 fnt\n|faint|p2a: Arceus\n|-damage|p1a: Palafin|27\/100|[from] Recoil\n|\n|-weather|RainDance|[upkeep]\n|upkeep\n|\n|t:|1698528507\n|switch|p2a: Weezing|Weezing-Galar, M|53\/100\n|-fieldstart|move: Misty Terrain|[from] ability: Misty Surge|[of] p2a: Weezing\n|turn|54\n|\n|t:|1698528509\n|move|p1a: Palafin|Wave Crash|p2a: Weezing\n|-damage|p2a: Weezing|0 fnt\n|faint|p2a: Weezing\n|-damage|p1a: Palafin|13\/100|[from] Recoil\n|\n|-weather|RainDance|[upkeep]\n|upkeep\n|\n|t:|1698528512\n|switch|p2a: Scream Tail|Scream Tail|71\/100 par\n|-damage|p2a: Scream Tail|46\/100 par|[from] Spikes\n|turn|55\n|c|\u2606RubenPaCe|gg\n|\n|t:|1698528516\n|move|p1a: Palafin|Wave Crash|p2a: Scream Tail\n|-damage|p2a: Scream Tail|0 fnt\n|faint|p2a: Scream Tail\n|-end|p2a: Scream Tail|Protosynthesis|[silent]\n|-damage|p1a: Palafin|0 fnt|[from] Recoil\n|faint|p1a: Palafin\n|\n|win|RubenPaCe\n|c|\u2606PinkScourge|WP\n","uploadtime":1698528525,"views":9,"p1id":"rubenpace","p2id":"pinkscourge","formatid":"gen9ubers","rating":0,"private":0,"password":""}