{"id":"gen9ubers-1992733629","p1":"APphi.\u70bd","p2":"troiscaracte","format":"[Gen 9] Ubers","log":"|j|\u2606APphi.\u70bd\n|j|\u2606troiscaracte\n|t:|1700230342\n|gametype|singles\n|player|p1|APphi.\u70bd|psychicf-gen4|1337\n|player|p2|troiscaracte|alec-anime|1461\n|teamsize|p1|6\n|teamsize|p2|6\n|gen|9\n|tier|[Gen 9] Ubers\n|rated|\n|rule|Sleep Clause Mod: Limit one foe put to sleep\n|rule|Species Clause: Limit one of each Pok\u00e9mon\n|rule|OHKO Clause: OHKO moves are banned\n|rule|Evasion Items Clause: Evasion items are banned\n|rule|Evasion Moves Clause: Evasion moves are banned\n|rule|Endless Battle Clause: Forcing endless battles is banned\n|rule|HP Percentage Mod: HP is shown in percentages\n|clearpoke\n|poke|p1|Arceus|\n|poke|p1|Zacian-*|\n|poke|p1|Miraidon|\n|poke|p1|Regieleki|\n|poke|p1|Kyogre|\n|poke|p1|Koraidon|\n|poke|p2|Miraidon|\n|poke|p2|Koraidon|\n|poke|p2|Clodsire, M|\n|poke|p2|Skeledirge, M|\n|poke|p2|Corviknight, M|\n|poke|p2|Flutter Mane|\n|teampreview\n|\n|t:|1700230353\n|start\n|switch|p1a: Zacian|Zacian-Crowned|100\/100\n|switch|p2a: Miraidon|Miraidon|100\/100\n|-fieldstart|move: Electric Terrain|[from] ability: Hadron Engine|[of] p2a: Miraidon\n|-ability|p1a: Zacian|Intrepid Sword|boost\n|-boost|p1a: Zacian|atk|1\n|turn|1\n|c|\u2606troiscaracte|gl hf\n|\n|t:|1700230357\n|move|p2a: Miraidon|U-turn|p1a: Zacian\n|-resisted|p1a: Zacian\n|-damage|p1a: Zacian|97\/100\n|\n|t:|1700230359\n|switch|p2a: Skeledirge|Skeledirge, M|100\/100|[from] U-turn\n|move|p1a: Zacian|Trailblaze|p2a: Skeledirge\n|-resisted|p2a: Skeledirge\n|-damage|p2a: Skeledirge|95\/100\n|-boost|p1a: Zacian|spe|1\n|\n|upkeep\n|turn|2\n|\n|t:|1700230378\n|switch|p1a: Arceus|Arceus|100\/100\n|move|p2a: Skeledirge|Will-O-Wisp|p1a: Arceus|[miss]\n|-miss|p2a: Skeledirge|p1a: Arceus\n|\n|upkeep\n|turn|3\n|\n|t:|1700230385\n|move|p1a: Arceus|Earthquake|p2a: Skeledirge\n|-supereffective|p2a: Skeledirge\n|-damage|p2a: Skeledirge|54\/100\n|move|p2a: Skeledirge|Torch Song|p1a: Arceus\n|-crit|p1a: Arceus\n|-damage|p1a: Arceus|69\/100\n|-boost|p2a: Skeledirge|spa|1\n|\n|-heal|p1a: Arceus|75\/100|[from] item: Leftovers\n|upkeep\n|turn|4\n|\n|t:|1700230389\n|move|p1a: Arceus|Earthquake|p2a: Skeledirge\n|-supereffective|p2a: Skeledirge\n|-damage|p2a: Skeledirge|9\/100\n|move|p2a: Skeledirge|Slack Off|p2a: Skeledirge\n|-heal|p2a: Skeledirge|59\/100\n|\n|-heal|p1a: Arceus|81\/100|[from] item: Leftovers\n|upkeep\n|turn|5\n|\n|t:|1700230402\n|move|p1a: Arceus|Earthquake|p2a: Skeledirge\n|-supereffective|p2a: Skeledirge\n|-damage|p2a: Skeledirge|19\/100\n|move|p2a: Skeledirge|Slack Off|p2a: Skeledirge\n|-heal|p2a: Skeledirge|69\/100\n|\n|-heal|p1a: Arceus|87\/100|[from] item: Leftovers\n|-fieldend|move: Electric Terrain\n|upkeep\n|turn|6\n|\n|t:|1700230431\n|move|p1a: Arceus|Earthquake|p2a: Skeledirge\n|-supereffective|p2a: Skeledirge\n|-crit|p2a: Skeledirge\n|-damage|p2a: Skeledirge|6\/100\n|move|p2a: Skeledirge|Will-O-Wisp|p1a: Arceus\n|-status|p1a: Arceus|brn\n|\n|-heal|p1a: Arceus|93\/100 brn|[from] item: Leftovers\n|-damage|p1a: Arceus|87\/100 brn|[from] brn\n|upkeep\n|turn|7\n|c|\u2606troiscaracte|nice\n|\n|t:|1700230443\n|switch|p2a: Corviknight|Corviknight, M, shiny|100\/100\n|-ability|p2a: Corviknight|Pressure\n|move|p1a: Arceus|Earthquake|p2a: Corviknight\n|-immune|p2a: Corviknight\n|\n|-heal|p1a: Arceus|93\/100 brn|[from] item: Leftovers\n|-damage|p1a: Arceus|87\/100 brn|[from] brn\n|upkeep\n|turn|8\n|\n|t:|1700230451\n|move|p1a: Arceus|Swords Dance|p1a: Arceus\n|-boost|p1a: Arceus|atk|2\n|move|p2a: Corviknight|U-turn|p1a: Arceus\n|-damage|p1a: Arceus|78\/100 brn\n|\n|t:|1700230455\n|switch|p2a: Koraidon|Koraidon|100\/100|[from] U-turn\n|-weather|SunnyDay|[from] ability: Orichalcum Pulse|[of] p2a: Koraidon\n|-activate|p2a: Koraidon|Orichalcum Pulse|[source]\n|\n|-weather|SunnyDay|[upkeep]\n|-heal|p1a: Arceus|84\/100 brn|[from] item: Leftovers\n|-damage|p1a: Arceus|78\/100 brn|[from] brn\n|upkeep\n|turn|9\n|\n|t:|1700230460\n|move|p1a: Arceus|Extreme Speed|p2a: Koraidon\n|-damage|p2a: Koraidon|61\/100\n|move|p2a: Koraidon|Close Combat|p1a: Arceus\n|-supereffective|p1a: Arceus\n|-damage|p1a: Arceus|0 fnt\n|-unboost|p2a: Koraidon|def|1\n|-unboost|p2a: Koraidon|spd|1\n|faint|p1a: Arceus\n|\n|-weather|SunnyDay|[upkeep]\n|upkeep\n|\n|t:|1700230471\n|switch|p1a: Zacian|Zacian-Crowned|97\/100\n|turn|10\n|\n|t:|1700230477\n|switch|p2a: Skeledirge|Skeledirge, M|6\/100\n|move|p1a: Zacian|Trailblaze|p2a: Skeledirge\n|-resisted|p2a: Skeledirge\n|-damage|p2a: Skeledirge|0 fnt\n|-boost|p1a: Zacian|spe|1\n|faint|p2a: Skeledirge\n|\n|-weather|SunnyDay|[upkeep]\n|upkeep\n|\n|t:|1700230487\n|switch|p2a: Clodsire|Clodsire, M|100\/100\n|turn|11\n|\n|t:|1700230507\n|move|p1a: Zacian|Behemoth Blade|p2a: Clodsire\n|-damage|p2a: Clodsire|31\/100\n|move|p2a: Clodsire|Earthquake|p1a: Zacian\n|-supereffective|p1a: Zacian\n|-damage|p1a: Zacian|49\/100\n|\n|-weather|SunnyDay|[upkeep]\n|-heal|p2a: Clodsire|37\/100|[from] item: Leftovers\n|upkeep\n|turn|12\n|\n|t:|1700230515\n|switch|p2a: Corviknight|Corviknight, M, shiny|100\/100\n|-ability|p2a: Corviknight|Pressure\n|move|p1a: Zacian|Behemoth Blade|p2a: Corviknight\n|-resisted|p2a: Corviknight\n|-damage|p2a: Corviknight|81\/100\n|\n|-weather|none\n|-heal|p2a: Corviknight|87\/100|[from] item: Leftovers\n|upkeep\n|turn|13\n|\n|t:|1700230519\n|move|p1a: Zacian|Swords Dance|p1a: Zacian\n|-boost|p1a: Zacian|atk|2\n|move|p2a: Corviknight|Iron Head|p1a: Zacian\n|-damage|p1a: Zacian|28\/100\n|\n|-heal|p2a: Corviknight|93\/100|[from] item: Leftovers\n|upkeep\n|turn|14\n|\n|t:|1700230530\n|move|p1a: Zacian|Behemoth Blade|p2a: Corviknight\n|-resisted|p2a: Corviknight\n|-damage|p2a: Corviknight|58\/100\n|move|p2a: Corviknight|Iron Head|p1a: Zacian\n|-damage|p1a: Zacian|5\/100\n|\n|-heal|p2a: Corviknight|65\/100|[from] item: Leftovers\n|upkeep\n|turn|15\n|\n|t:|1700230534\n|move|p1a: Zacian|Behemoth Blade|p2a: Corviknight\n|-resisted|p2a: Corviknight\n|-damage|p2a: Corviknight|27\/100\n|move|p2a: Corviknight|Iron Head|p1a: Zacian\n|-damage|p1a: Zacian|0 fnt\n|faint|p1a: Zacian\n|\n|-heal|p2a: Corviknight|33\/100|[from] item: Leftovers\n|upkeep\n|\n|t:|1700230540\n|switch|p1a: Miraidon|Miraidon|100\/100\n|-fieldstart|move: Electric Terrain|[from] ability: Hadron Engine|[of] p1a: Miraidon\n|turn|16\n|\n|t:|1700230545\n|switch|p2a: Clodsire|Clodsire, M|37\/100\n|move|p1a: Miraidon|Electro Drift|p2a: Clodsire\n|-immune|p2a: Clodsire\n|\n|-heal|p2a: Clodsire|44\/100|[from] item: Leftovers\n|upkeep\n|turn|17\n|\n|t:|1700230551\n|move|p1a: Miraidon|Draco Meteor|p2a: Clodsire\n|-crit|p2a: Clodsire\n|-damage|p2a: Clodsire|0 fnt\n|-unboost|p1a: Miraidon|spa|2\n|faint|p2a: Clodsire\n|\n|upkeep\n|\n|t:|1700230579\n|switch|p2a: Miraidon|Miraidon|100\/100\n|-activate|p2a: Miraidon|ability: Hadron Engine\n|turn|18\n|\n|t:|1700230591\n|switch|p1a: Regieleki|Regieleki|100\/100\n|move|p2a: Miraidon|Draco Meteor|p1a: Regieleki\n|-enditem|p1a: Regieleki|Focus Sash\n|-damage|p1a: Regieleki|1\/100\n|-unboost|p2a: Miraidon|spa|2\n|\n|upkeep\n|turn|19\n|\n|t:|1700230597\n|move|p2a: Miraidon|Draco Meteor|p1a: Regieleki\n|-damage|p1a: Regieleki|0 fnt\n|-unboost|p2a: Miraidon|spa|2\n|faint|p1a: Regieleki\n|\n|upkeep\n|\n|t:|1700230600\n|switch|p1a: Miraidon|Miraidon|100\/100\n|-activate|p1a: Miraidon|ability: Hadron Engine\n|turn|20\n|\n|t:|1700230605\n|switch|p2a: Flutter Mane|Flutter Mane|100\/100\n|move|p1a: Miraidon|Agility|p1a: Miraidon\n|-boost|p1a: Miraidon|spe|2\n|\n|-fieldend|move: Electric Terrain\n|upkeep\n|turn|21\n|\n|t:|1700230610\n|move|p1a: Miraidon|Calm Mind|p1a: Miraidon\n|-boost|p1a: Miraidon|spa|1\n|-boost|p1a: Miraidon|spd|1\n|move|p2a: Flutter Mane|Moonblast|p1a: Miraidon\n|-supereffective|p1a: Miraidon\n|-damage|p1a: Miraidon|29\/100\n|-unboost|p1a: Miraidon|spa|1\n|-damage|p2a: Flutter Mane|91\/100|[from] item: Life Orb\n|\n|-heal|p1a: Miraidon|35\/100|[from] item: Leftovers\n|upkeep\n|turn|22\n|\n|t:|1700230617\n|-terastallize|p1a: Miraidon|Electric\n|move|p1a: Miraidon|Electro Drift|p2a: Flutter Mane\n|-damage|p2a: Flutter Mane|6\/100\n|move|p2a: Flutter Mane|Moonblast|p1a: Miraidon\n|-damage|p1a: Miraidon|1\/100\n|-damage|p2a: Flutter Mane|0 fnt|[from] item: Life Orb\n|faint|p2a: Flutter Mane\n|-end|p2a: Flutter Mane|Protosynthesis|[silent]\n|\n|-heal|p1a: Miraidon|7\/100|[from] item: Leftovers\n|upkeep\n|c|\u2606troiscaracte|nah\n|c|\u2606troiscaracte|for real\n|c|\u2606troiscaracte|what's my luck\n|\n|t:|1700230640\n|switch|p2a: Miraidon|Miraidon|100\/100\n|-fieldstart|move: Electric Terrain|[from] ability: Hadron Engine|[of] p2a: Miraidon\n|turn|23\n|\n|t:|1700230648\n|-terastallize|p2a: Miraidon|Fairy\n|move|p1a: Miraidon|Draco Meteor|p2a: Miraidon\n|-immune|p2a: Miraidon\n|move|p2a: Miraidon|Dazzling Gleam|p1a: Miraidon\n|-damage|p1a: Miraidon|0 fnt\n|faint|p1a: Miraidon\n|\n|upkeep\n|\n|t:|1700230653\n|switch|p1a: Kyogre|Kyogre|100\/100\n|-weather|RainDance|[from] ability: Drizzle|[of] p1a: Kyogre\n|turn|24\n|\n|t:|1700230658\n|switch|p2a: Corviknight|Corviknight, M, shiny|33\/100\n|-ability|p2a: Corviknight|Pressure\n|move|p1a: Kyogre|Thunder|p2a: Corviknight\n|-supereffective|p2a: Corviknight\n|-damage|p2a: Corviknight|0 fnt\n|faint|p2a: Corviknight\n|\n|-weather|RainDance|[upkeep]\n|upkeep\n|\n|t:|1700230661\n|switch|p2a: Miraidon|Miraidon, tera:Fairy|100\/100\n|-activate|p2a: Miraidon|ability: Hadron Engine\n|turn|25\n|\n|t:|1700230674\n|switch|p1a: Koraidon|Koraidon|100\/100\n|-weather|SunnyDay|[from] ability: Orichalcum Pulse|[of] p1a: Koraidon\n|-activate|p1a: Koraidon|Orichalcum Pulse|[source]\n|move|p2a: Miraidon|Electro Drift|p1a: Koraidon\n|-resisted|p1a: Koraidon\n|-damage|p1a: Koraidon|50\/100\n|\n|-weather|SunnyDay|[upkeep]\n|upkeep\n|turn|26\n|\n|t:|1700230686\n|move|p2a: Miraidon|Electro Drift|p1a: Koraidon\n|-resisted|p1a: Koraidon\n|-damage|p1a: Koraidon|6\/100\n|move|p1a: Koraidon|Flare Blitz|p2a: Miraidon\n|-damage|p2a: Miraidon|21\/100\n|-damage|p1a: Koraidon|0 fnt|[from] Recoil\n|faint|p1a: Koraidon\n|\n|-weather|SunnyDay|[upkeep]\n|upkeep\n|\n|t:|1700230690\n|switch|p1a: Kyogre|Kyogre|100\/100\n|-weather|RainDance|[from] ability: Drizzle|[of] p1a: Kyogre\n|turn|27\n|\n|t:|1700230696\n|move|p2a: Miraidon|Electro Drift|p1a: Kyogre\n|-supereffective|p1a: Kyogre\n|-damage|p1a: Kyogre|0 fnt\n|faint|p1a: Kyogre\n|\n|win|troiscaracte\n|raw|APphi.\u70bd's rating: 1337 &rarr; <strong>1324<\/strong><br \/>(-13 for losing)\n|raw|troiscaracte's rating: 1461 &rarr; <strong>1474<\/strong><br \/>(+13 for winning)\n|c|\u2606troiscaracte|gg\n|l|\u2606APphi.\u70bd\n","uploadtime":1700230707,"views":9,"p1id":"apphi","p2id":"troiscaracte","formatid":"gen9ubers","rating":1324,"private":0,"password":""}