{"id":"gen9ubers-1969298791","p1":"Astyr.Pygos","p2":"KickinAsh","format":"[Gen 9] Ubers","log":"|j|\u2606Astyr.Pygos\n|j|\u2606KickinAsh\n|t:|1697511249\n|gametype|singles\n|player|p1|Astyr.Pygos|rosa|\n|player|p2|KickinAsh|170|\n|teamsize|p1|6\n|teamsize|p2|6\n|gen|9\n|tier|[Gen 9] Ubers\n|rule|Sleep Clause Mod: Limit one foe put to sleep\n|rule|Species Clause: Limit one of each Pok\u00e9mon\n|rule|OHKO Clause: OHKO moves are banned\n|rule|Evasion Items Clause: Evasion items are banned\n|rule|Evasion Moves Clause: Evasion moves are banned\n|rule|Endless Battle Clause: Forcing endless battles is banned\n|rule|HP Percentage Mod: HP is shown in percentages\n|clearpoke\n|poke|p1|Toxapex, M|\n|poke|p1|Ceruledge, F|\n|poke|p1|Rotom-Wash|\n|poke|p1|Iron Valiant|\n|poke|p1|Grimmsnarl, M|\n|poke|p1|Corviknight, F|\n|poke|p2|Kilowattrel, M|\n|poke|p2|Umbreon, F|\n|poke|p2|Cinderace, M|\n|poke|p2|Iron Leaves|\n|poke|p2|Gyarados, F|\n|poke|p2|Slowking-Galar, F|\n|teampreview\n|j| Squirshawott\n|j| Sol CPU\n|j| BLACK METAL 3\n|j| Pkpowers310\n|j| slugmaaa\n|\n|t:|1697511348\n|start\n|switch|p1a: Grimmsnarl|Grimmsnarl, M|100\/100\n|switch|p2a: BunBun|Cinderace, M|100\/100\n|turn|1\n|\n|t:|1697511381\n|move|p1a: Grimmsnarl|Reflect|p1a: Grimmsnarl\n|-sidestart|p1: Astyr.Pygos|Reflect\n|move|p2a: BunBun|Pyro Ball|p1a: Grimmsnarl\n|-damage|p1a: Grimmsnarl|55\/100\n|-damage|p2a: BunBun|91\/100|[from] item: Life Orb\n|\n|upkeep\n|turn|2\n|\n|t:|1697511394\n|switch|p1a: Toxapex|Toxapex, M|100\/100\n|move|p2a: BunBun|Pyro Ball|p1a: Toxapex|[miss]\n|-miss|p2a: BunBun|p1a: Toxapex\n|\n|upkeep\n|turn|3\n|l| Pkpowers310\n|j| Pkpowers310\n|\n|t:|1697511487\n|move|p2a: BunBun|U-turn|p1a: Toxapex\n|-start|p2a: BunBun|typechange|Bug|[from] ability: Libero\n|-resisted|p1a: Toxapex\n|-damage|p1a: Toxapex|94\/100\n|-damage|p2a: BunBun|74\/100|[from] item: Rocky Helmet|[of] p1a: Toxapex\n|-damage|p2a: BunBun|64\/100|[from] item: Life Orb\n|\n|t:|1697511536\n|switch|p2a: Shock|Kilowattrel, M|100\/100|[from] U-turn\n|move|p1a: Toxapex|Toxic|p2a: Shock\n|-status|p2a: Shock|tox\n|\n|-damage|p2a: Shock|94\/100 tox|[from] psn\n|upkeep\n|turn|4\n|\n|t:|1697511580\n|switch|p1a: Rotom|Rotom-Wash|100\/100\n|move|p2a: Shock|Volt Switch|p1a: Rotom\n|-damage|p1a: Rotom|68\/100\n|\n|t:|1697511623\n|switch|p2a: Fern|Iron Leaves|100\/100|[from] Volt Switch\n|-enditem|p2a: Fern|Booster Energy\n|-activate|p2a: Fern|ability: Quark Drive|[fromitem]\n|-start|p2a: Fern|quarkdriveatk\n|\n|-heal|p1a: Rotom|74\/100|[from] item: Leftovers\n|upkeep\n|turn|5\n|\n|t:|1697511658\n|move|p2a: Fern|Leaf Blade|p1a: Rotom\n|-supereffective|p1a: Rotom\n|-damage|p1a: Rotom|23\/100\n|move|p1a: Rotom|Will-O-Wisp|p2a: Fern\n|-status|p2a: Fern|brn\n|\n|-heal|p1a: Rotom|29\/100|[from] item: Leftovers\n|-damage|p2a: Fern|94\/100 brn|[from] brn\n|upkeep\n|turn|6\n|\n|t:|1697511742\n|-end|p2a: Fern|Quark Drive|[silent]\n|switch|p2a: Obsidion|Umbreon, F, shiny|100\/100\n|move|p1a: Rotom|Volt Switch|p2a: Obsidion\n|-damage|p2a: Obsidion|81\/100\n|\n|t:|1697511767\n|switch|p1a: Iron Valiant|Iron Valiant|100\/100|[from] Volt Switch\n|-enditem|p1a: Iron Valiant|Booster Energy\n|-activate|p1a: Iron Valiant|ability: Quark Drive|[fromitem]\n|-start|p1a: Iron Valiant|quarkdrivespe\n|\n|-heal|p2a: Obsidion|87\/100|[from] item: Leftovers\n|upkeep\n|turn|7\n|\n|t:|1697511806\n|move|p2a: Obsidion|Protect|p2a: Obsidion\n|-singleturn|p2a: Obsidion|Protect\n|move|p1a: Iron Valiant|Calm Mind|p1a: Iron Valiant\n|-boost|p1a: Iron Valiant|spa|1\n|-boost|p1a: Iron Valiant|spd|1\n|\n|-heal|p2a: Obsidion|93\/100|[from] item: Leftovers\n|upkeep\n|turn|8\n|\n|t:|1697511869\n|move|p2a: Obsidion|Protect|p2a: Obsidion\n|-singleturn|p2a: Obsidion|Protect\n|move|p1a: Iron Valiant|Calm Mind|p1a: Iron Valiant\n|-boost|p1a: Iron Valiant|spa|1\n|-boost|p1a: Iron Valiant|spd|1\n|\n|-heal|p2a: Obsidion|99\/100|[from] item: Leftovers\n|-sideend|p1: Astyr.Pygos|Reflect\n|upkeep\n|turn|9\n|\n|t:|1697511892\n|move|p2a: Obsidion|Protect||[still]\n|-fail|p2a: Obsidion\n|move|p1a: Iron Valiant|Moonblast|p2a: Obsidion\n|-supereffective|p2a: Obsidion\n|-damage|p2a: Obsidion|0 fnt\n|faint|p2a: Obsidion\n|\n|upkeep\n|\n|t:|1697511964\n|switch|p2a: Shock|Kilowattrel, M|94\/100 tox\n|turn|10\n|\n|t:|1697512000\n|move|p1a: Iron Valiant|Moonblast|p2a: Shock\n|-damage|p2a: Shock|0 fnt\n|faint|p2a: Shock\n|\n|upkeep\n|j| jackkarle\n|l| jackkarle\n|\n|t:|1697512015\n|switch|p2a: Triclops|Slowking-Galar, F, shiny|100\/100\n|turn|11\n|\n|t:|1697512028\n|move|p1a: Iron Valiant|Thunderbolt|p2a: Triclops\n|-damage|p2a: Triclops|71\/100\n|move|p2a: Triclops|Sludge Bomb|p1a: Iron Valiant\n|-supereffective|p1a: Iron Valiant\n|-damage|p1a: Iron Valiant|17\/100\n|-status|p1a: Iron Valiant|psn\n|\n|-damage|p1a: Iron Valiant|4\/100 psn|[from] psn\n|upkeep\n|turn|12\n|\n|t:|1697512126\n|-end|p1a: Iron Valiant|Quark Drive|[silent]\n|switch|p1a: Corviknight|Corviknight, F|100\/100\n|move|p2a: Triclops|Ice Beam|p1a: Corviknight\n|-damage|p1a: Corviknight|73\/100\n|\n|upkeep\n|turn|13\n|\n|t:|1697512169\n|move|p1a: Corviknight|Roost|p1a: Corviknight\n|-heal|p1a: Corviknight|100\/100\n|-singleturn|p1a: Corviknight|move: Roost\n|move|p2a: Triclops|Flamethrower|p1a: Corviknight\n|-supereffective|p1a: Corviknight\n|-damage|p1a: Corviknight|39\/100\n|\n|upkeep\n|turn|14\n|\n|t:|1697512248\n|move|p1a: Corviknight|Body Press|p2a: Triclops\n|-resisted|p2a: Triclops\n|-damage|p2a: Triclops|64\/100\n|move|p2a: Triclops|Flamethrower|p1a: Corviknight\n|-supereffective|p1a: Corviknight\n|-damage|p1a: Corviknight|0 fnt\n|faint|p1a: Corviknight\n|\n|upkeep\n|\n|t:|1697512260\n|switch|p1a: Grimmsnarl|Grimmsnarl, M|55\/100\n|turn|15\n|\n|t:|1697512297\n|move|p1a: Grimmsnarl|Light Screen|p1a: Grimmsnarl\n|-sidestart|p1: Astyr.Pygos|move: Light Screen\n|move|p2a: Triclops|Sludge Bomb|p1a: Grimmsnarl\n|-supereffective|p1a: Grimmsnarl\n|-damage|p1a: Grimmsnarl|20\/100\n|-status|p1a: Grimmsnarl|psn\n|\n|-damage|p1a: Grimmsnarl|8\/100 psn|[from] psn\n|upkeep\n|turn|16\n|\n|t:|1697512324\n|move|p1a: Grimmsnarl|Reflect|p1a: Grimmsnarl\n|-sidestart|p1: Astyr.Pygos|Reflect\n|move|p2a: Triclops|Ice Beam|p1a: Grimmsnarl\n|-damage|p1a: Grimmsnarl|0 fnt\n|faint|p1a: Grimmsnarl\n|\n|upkeep\n|\n|t:|1697512331\n|switch|p1a: Ceruledge|Ceruledge, F|100\/100\n|turn|17\n|\n|t:|1697512420\n|switch|p2a: Geis|Gyarados, F, shiny|100\/100\n|-ability|p2a: Geis|Intimidate|boost\n|-unboost|p1a: Ceruledge|atk|1\n|move|p1a: Ceruledge|Bulk Up|p1a: Ceruledge\n|-boost|p1a: Ceruledge|atk|1\n|-boost|p1a: Ceruledge|def|1\n|\n|upkeep\n|turn|18\n|l| Pkpowers310\n|j| Pkpowers310\n|l| Pkpowers310\n|j| Pkpowers310\n|\n|t:|1697512488\n|move|p1a: Ceruledge|Shadow Claw|p2a: Geis\n|-damage|p2a: Geis|40\/100\n|-damage|p1a: Ceruledge|91\/100|[from] item: Life Orb\n|move|p2a: Geis|Waterfall|p1a: Ceruledge\n|-supereffective|p1a: Ceruledge\n|-damage|p1a: Ceruledge|48\/100\n|-ability|p1a: Ceruledge|Weak Armor|boost\n|-unboost|p1a: Ceruledge|def|1\n|-boost|p1a: Ceruledge|spe|2\n|\n|upkeep\n|turn|19\n|\n|t:|1697512541\n|move|p1a: Ceruledge|Shadow Claw|p2a: Geis\n|-crit|p2a: Geis\n|-damage|p2a: Geis|0 fnt\n|faint|p2a: Geis\n|-damage|p1a: Ceruledge|38\/100|[from] item: Life Orb\n|\n|upkeep\n|\n|t:|1697512585\n|switch|p2a: BunBun|Cinderace, M|64\/100\n|turn|20\n|\n|t:|1697512674\n|move|p1a: Ceruledge|Bulk Up|p1a: Ceruledge\n|-boost|p1a: Ceruledge|atk|1\n|-boost|p1a: Ceruledge|def|1\n|move|p2a: BunBun|U-turn|p1a: Ceruledge\n|-start|p2a: BunBun|typechange|Bug|[from] ability: Libero\n|-resisted|p1a: Ceruledge\n|-damage|p1a: Ceruledge|33\/100\n|-ability|p1a: Ceruledge|Weak Armor|boost\n|-unboost|p1a: Ceruledge|def|1\n|-boost|p1a: Ceruledge|spe|2\n|-damage|p2a: BunBun|54\/100|[from] item: Life Orb\n|\n|t:|1697512690\n|switch|p2a: Triclops|Slowking-Galar, F, shiny|97\/100|[from] U-turn\n|\n|upkeep\n|turn|21\n|\n|t:|1697512789\n|move|p1a: Ceruledge|Bitter Blade|p2a: Triclops\n|-damage|p2a: Triclops|0 fnt\n|-heal|p1a: Ceruledge|98\/100|[from] drain|[of] p2a: Triclops\n|faint|p2a: Triclops\n|-damage|p1a: Ceruledge|88\/100|[from] item: Life Orb\n|\n|upkeep\n|\n|t:|1697512834\n|switch|p2a: Fern|Iron Leaves|94\/100 brn\n|turn|22\n|\n|t:|1697512852\n|move|p1a: Ceruledge|Shadow Claw|p2a: Fern\n|-supereffective|p2a: Fern\n|-crit|p2a: Fern\n|-damage|p2a: Fern|0 fnt\n|faint|p2a: Fern\n|-end|p2a: Fern|Quark Drive|[silent]\n|-damage|p1a: Ceruledge|79\/100|[from] item: Life Orb\n|\n|-sideend|p1: Astyr.Pygos|move: Light Screen\n|upkeep\n|\n|t:|1697512859\n|switch|p2a: BunBun|Cinderace, M|54\/100\n|turn|23\n|\n|t:|1697512877\n|move|p1a: Ceruledge|Shadow Claw|p2a: BunBun\n|-damage|p2a: BunBun|0 fnt\n|faint|p2a: BunBun\n|-damage|p1a: Ceruledge|69\/100|[from] item: Life Orb\n|\n|win|Astyr.Pygos\n|l| slugmaaa\n","uploadtime":1697512891,"views":13,"p1id":"astyrpygos","p2id":"kickinash","formatid":"gen9ubers","rating":0,"private":0,"password":""}