{"id":"gen9ubers-1974393265","p1":"EpicGamer069420","p2":"MaggMaxx","format":"[Gen 9] Ubers","log":"|j|\u2606EpicGamer069420\n|j|\u2606MaggMaxx\n|t:|1698083412\n|gametype|singles\n|player|p1|EpicGamer069420|lucas|1515\n|player|p2|MaggMaxx|flannery|1403\n|teamsize|p1|6\n|teamsize|p2|6\n|gen|9\n|tier|[Gen 9] Ubers\n|rated|\n|rule|Sleep Clause Mod: Limit one foe put to sleep\n|rule|Species Clause: Limit one of each Pok\u00e9mon\n|rule|OHKO Clause: OHKO moves are banned\n|rule|Evasion Items Clause: Evasion items are banned\n|rule|Evasion Moves Clause: Evasion moves are banned\n|rule|Endless Battle Clause: Forcing endless battles is banned\n|rule|HP Percentage Mod: HP is shown in percentages\n|clearpoke\n|poke|p1|Annihilape, F|\n|poke|p1|Hatterene, F|\n|poke|p1|Arceus-Ground|\n|poke|p1|Clodsire, M|\n|poke|p1|Kingambit, F|\n|poke|p1|Miraidon|\n|poke|p2|Miraidon|\n|poke|p2|Koraidon|\n|poke|p2|Ditto|\n|poke|p2|Giratina|\n|poke|p2|Kyogre|\n|poke|p2|Zacian-*|\n|teampreview\n|inactive|Battle timer is ON: inactive players will automatically lose when time's up. (requested by EpicGamer069420)\n|j| Cyrenux\n|\n|t:|1698083436\n|start\n|switch|p1a: Arceus|Arceus-Ground|100\/100\n|switch|p2a: Fukushima|Kyogre|100\/100\n|-weather|RainDance|[from] ability: Drizzle|[of] p2a: Fukushima\n|turn|1\n|\n|t:|1698083444\n|switch|p1a: Annihilape|Annihilape, F|100\/100\n|move|p2a: Fukushima|Water Spout|p1a: Annihilape\n|-damage|p1a: Annihilape|0 fnt\n|faint|p1a: Annihilape\n|\n|-weather|RainDance|[upkeep]\n|upkeep\n|c| Cyrenux|hi\n|c|\u2606MaggMaxx|hello\n|c|\u2606EpicGamer069420|wtf\n|\n|t:|1698083454\n|switch|p1a: Clodsire|Clodsire, M|100\/100\n|turn|2\n|\n|t:|1698083461\n|switch|p2a: \u4e95\u306e\u4e2d\u306e\u86d9\u5927\u6d77\u3092\u77e5\u3089\u305a|Giratina|100\/100\n|-ability|p2a: \u4e95\u306e\u4e2d\u306e\u86d9\u5927\u6d77\u3092\u77e5\u3089\u305a|Pressure\n|move|p1a: Clodsire|Stealth Rock|p2a: \u4e95\u306e\u4e2d\u306e\u86d9\u5927\u6d77\u3092\u77e5\u3089\u305a\n|-sidestart|p2: MaggMaxx|move: Stealth Rock\n|\n|-weather|RainDance|[upkeep]\n|upkeep\n|turn|3\n|\n|t:|1698083465\n|move|p2a: \u4e95\u306e\u4e2d\u306e\u86d9\u5927\u6d77\u3092\u77e5\u3089\u305a|Will-O-Wisp|p1a: Clodsire\n|-status|p1a: Clodsire|brn\n|move|p1a: Clodsire|Toxic|p2a: \u4e95\u306e\u4e2d\u306e\u86d9\u5927\u6d77\u3092\u77e5\u3089\u305a\n|-status|p2a: \u4e95\u306e\u4e2d\u306e\u86d9\u5927\u6d77\u3092\u77e5\u3089\u305a|tox\n|\n|-weather|RainDance|[upkeep]\n|-damage|p2a: \u4e95\u306e\u4e2d\u306e\u86d9\u5927\u6d77\u3092\u77e5\u3089\u305a|94\/100 tox|[from] psn\n|-damage|p1a: Clodsire|94\/100 brn|[from] brn\n|upkeep\n|turn|4\n|\n|t:|1698083477\n|switch|p1a: Hatterene|Hatterene, F|100\/100\n|move|p2a: \u4e95\u306e\u4e2d\u306e\u86d9\u5927\u6d77\u3092\u77e5\u3089\u305a|Defog|p1a: Hatterene\n|move|p1a: Hatterene|Defog|p2a: \u4e95\u306e\u4e2d\u306e\u86d9\u5927\u6d77\u3092\u77e5\u3089\u305a|[from]ability: Magic Bounce\n|-unboost|p2a: \u4e95\u306e\u4e2d\u306e\u86d9\u5927\u6d77\u3092\u77e5\u3089\u305a|evasion|1\n|-sideend|p2: MaggMaxx|Stealth Rock|[from] move: Defog|[of] p1a: Hatterene\n|\n|-weather|RainDance|[upkeep]\n|-heal|p2a: \u4e95\u306e\u4e2d\u306e\u86d9\u5927\u6d77\u3092\u77e5\u3089\u305a|100\/100 tox|[from] item: Leftovers\n|-damage|p2a: \u4e95\u306e\u4e2d\u306e\u86d9\u5927\u6d77\u3092\u77e5\u3089\u305a|88\/100 tox|[from] psn\n|upkeep\n|turn|5\n|\n|t:|1698083506\n|switch|p2a: Great Blue Dog|Zacian-Crowned|100\/100\n|-ability|p2a: Great Blue Dog|Intrepid Sword|boost\n|-boost|p2a: Great Blue Dog|atk|1\n|switch|p1a: Miraidon|Miraidon|100\/100\n|-fieldstart|move: Electric Terrain|[from] ability: Hadron Engine|[of] p1a: Miraidon\n|\n|-weather|none\n|upkeep\n|turn|6\n|\n|t:|1698083513\n|-terastallize|p1a: Miraidon|Electric\n|move|p2a: Great Blue Dog|Play Rough|p1a: Miraidon\n|-damage|p1a: Miraidon|22\/100\n|move|p1a: Miraidon|Electro Drift|p2a: Great Blue Dog\n|-damage|p2a: Great Blue Dog|0 fnt\n|faint|p2a: Great Blue Dog\n|\n|upkeep\n|\n|t:|1698083521\n|switch|p2a: Fukushima|Kyogre|100\/100\n|-weather|RainDance|[from] ability: Drizzle|[of] p2a: Fukushima\n|turn|7\n|\n|t:|1698083526\n|switch|p1a: Clodsire|Clodsire, M|94\/100 brn\n|move|p2a: Fukushima|Ice Beam|p1a: Clodsire\n|-supereffective|p1a: Clodsire\n|-damage|p1a: Clodsire|59\/100 brn\n|\n|-weather|RainDance|[upkeep]\n|-damage|p1a: Clodsire|53\/100 brn|[from] brn\n|upkeep\n|turn|8\n|\n|t:|1698083536\n|switch|p2a: Destiny Wheel|Koraidon|100\/100\n|-weather|SunnyDay|[from] ability: Orichalcum Pulse|[of] p2a: Destiny Wheel\n|-activate|p2a: Destiny Wheel|Orichalcum Pulse|[source]\n|move|p1a: Clodsire|Recover|p1a: Clodsire\n|-heal|p1a: Clodsire|100\/100 brn\n|\n|-weather|SunnyDay|[upkeep]\n|-damage|p1a: Clodsire|94\/100 brn|[from] brn\n|upkeep\n|turn|9\n|\n|t:|1698083547\n|switch|p1a: Arceus|Arceus-Ground|100\/100\n|move|p2a: Destiny Wheel|U-turn|p1a: Arceus\n|-damage|p1a: Arceus|82\/100\n|\n|t:|1698083551\n|switch|p2a: Fukushima|Kyogre|100\/100|[from] U-turn\n|-weather|RainDance|[from] ability: Drizzle|[of] p2a: Fukushima\n|\n|-weather|RainDance|[upkeep]\n|-fieldend|move: Electric Terrain\n|upkeep\n|turn|10\n|\n|t:|1698083557\n|switch|p1a: Clodsire|Clodsire, M|94\/100 brn\n|move|p2a: Fukushima|Water Spout|p1a: Clodsire\n|-heal|p1a: Clodsire|100\/100 brn|[from] ability: Water Absorb|[of] p2a: Fukushima\n|\n|-weather|RainDance|[upkeep]\n|-damage|p1a: Clodsire|94\/100 brn|[from] brn\n|upkeep\n|turn|11\n|\n|t:|1698083572\n|switch|p2a: Letaitar yletaito|Ditto|100\/100\n|-transform|p2a: Letaitar yletaito|p1a: Clodsire|[from] ability: Imposter\n|move|p1a: Clodsire|Stealth Rock|p2a: Letaitar yletaito\n|-sidestart|p2: MaggMaxx|move: Stealth Rock\n|\n|-weather|RainDance|[upkeep]\n|-damage|p1a: Clodsire|88\/100 brn|[from] brn\n|upkeep\n|turn|12\n|\n|t:|1698083580\n|switch|p2a: \u4e95\u306e\u4e2d\u306e\u86d9\u5927\u6d77\u3092\u77e5\u3089\u305a|Giratina|88\/100 tox\n|-damage|p2a: \u4e95\u306e\u4e2d\u306e\u86d9\u5927\u6d77\u3092\u77e5\u3089\u305a|76\/100 tox|[from] Stealth Rock\n|-ability|p2a: \u4e95\u306e\u4e2d\u306e\u86d9\u5927\u6d77\u3092\u77e5\u3089\u305a|Pressure\n|switch|p1a: Hatterene|Hatterene, F|100\/100\n|\n|-weather|RainDance|[upkeep]\n|-heal|p2a: \u4e95\u306e\u4e2d\u306e\u86d9\u5927\u6d77\u3092\u77e5\u3089\u305a|82\/100 tox|[from] item: Leftovers\n|-damage|p2a: \u4e95\u306e\u4e2d\u306e\u86d9\u5927\u6d77\u3092\u77e5\u3089\u305a|76\/100 tox|[from] psn\n|upkeep\n|turn|13\n|\n|t:|1698083583\n|move|p2a: \u4e95\u306e\u4e2d\u306e\u86d9\u5927\u6d77\u3092\u77e5\u3089\u305a|Defog|p1a: Hatterene\n|move|p1a: Hatterene|Defog|p2a: \u4e95\u306e\u4e2d\u306e\u86d9\u5927\u6d77\u3092\u77e5\u3089\u305a|[from]ability: Magic Bounce\n|-unboost|p2a: \u4e95\u306e\u4e2d\u306e\u86d9\u5927\u6d77\u3092\u77e5\u3089\u305a|evasion|1\n|-sideend|p2: MaggMaxx|Stealth Rock|[from] move: Defog|[of] p1a: Hatterene\n|move|p1a: Hatterene|Draining Kiss|p2a: \u4e95\u306e\u4e2d\u306e\u86d9\u5927\u6d77\u3092\u77e5\u3089\u305a\n|-supereffective|p2a: \u4e95\u306e\u4e2d\u306e\u86d9\u5927\u6d77\u3092\u77e5\u3089\u305a\n|-damage|p2a: \u4e95\u306e\u4e2d\u306e\u86d9\u5927\u6d77\u3092\u77e5\u3089\u305a|50\/100 tox\n|\n|-weather|none\n|-heal|p2a: \u4e95\u306e\u4e2d\u306e\u86d9\u5927\u6d77\u3092\u77e5\u3089\u305a|56\/100 tox|[from] item: Leftovers\n|-damage|p2a: \u4e95\u306e\u4e2d\u306e\u86d9\u5927\u6d77\u3092\u77e5\u3089\u305a|43\/100 tox|[from] psn\n|upkeep\n|turn|14\n|\n|t:|1698083588\n|move|p2a: \u4e95\u306e\u4e2d\u306e\u86d9\u5927\u6d77\u3092\u77e5\u3089\u305a|Rest|p2a: \u4e95\u306e\u4e2d\u306e\u86d9\u5927\u6d77\u3092\u77e5\u3089\u305a\n|-status|p2a: \u4e95\u306e\u4e2d\u306e\u86d9\u5927\u6d77\u3092\u77e5\u3089\u305a|slp|[from] move: Rest\n|-heal|p2a: \u4e95\u306e\u4e2d\u306e\u86d9\u5927\u6d77\u3092\u77e5\u3089\u305a|100\/100 slp|[silent]\n|move|p1a: Hatterene|Draining Kiss|p2a: \u4e95\u306e\u4e2d\u306e\u86d9\u5927\u6d77\u3092\u77e5\u3089\u305a\n|-supereffective|p2a: \u4e95\u306e\u4e2d\u306e\u86d9\u5927\u6d77\u3092\u77e5\u3089\u305a\n|-damage|p2a: \u4e95\u306e\u4e2d\u306e\u86d9\u5927\u6d77\u3092\u77e5\u3089\u305a|73\/100 slp\n|\n|-heal|p2a: \u4e95\u306e\u4e2d\u306e\u86d9\u5927\u6d77\u3092\u77e5\u3089\u305a|79\/100 slp|[from] item: Leftovers\n|upkeep\n|turn|15\n|\n|t:|1698083596\n|switch|p2a: Fukushima|Kyogre|100\/100\n|-weather|RainDance|[from] ability: Drizzle|[of] p2a: Fukushima\n|switch|p1a: Arceus|Arceus-Ground|82\/100\n|\n|-weather|RainDance|[upkeep]\n|upkeep\n|turn|16\n|\n|t:|1698083600\n|switch|p1a: Clodsire|Clodsire, M|88\/100 brn\n|move|p2a: Fukushima|Ice Beam|p1a: Clodsire\n|-supereffective|p1a: Clodsire\n|-damage|p1a: Clodsire|53\/100 brn\n|\n|-weather|RainDance|[upkeep]\n|-damage|p1a: Clodsire|46\/100 brn|[from] brn\n|upkeep\n|turn|17\n|\n|t:|1698083604\n|move|p2a: Fukushima|Ice Beam|p1a: Clodsire\n|-supereffective|p1a: Clodsire\n|-damage|p1a: Clodsire|10\/100 brn\n|move|p1a: Clodsire|Recover|p1a: Clodsire\n|-heal|p1a: Clodsire|60\/100 brn\n|\n|-weather|RainDance|[upkeep]\n|-damage|p1a: Clodsire|54\/100 brn|[from] brn\n|upkeep\n|turn|18\n|\n|t:|1698083606\n|move|p2a: Fukushima|Ice Beam|p1a: Clodsire\n|-supereffective|p1a: Clodsire\n|-damage|p1a: Clodsire|16\/100 brn\n|move|p1a: Clodsire|Recover|p1a: Clodsire\n|-heal|p1a: Clodsire|66\/100 brn\n|\n|-weather|RainDance|[upkeep]\n|-damage|p1a: Clodsire|60\/100 brn|[from] brn\n|upkeep\n|turn|19\n|\n|t:|1698083612\n|switch|p2a: \u4e95\u306e\u4e2d\u306e\u86d9\u5927\u6d77\u3092\u77e5\u3089\u305a|Giratina|79\/100 slp\n|-ability|p2a: \u4e95\u306e\u4e2d\u306e\u86d9\u5927\u6d77\u3092\u77e5\u3089\u305a|Pressure\n|move|p1a: Clodsire|Recover|p1a: Clodsire\n|-heal|p1a: Clodsire|100\/100 brn\n|\n|-weather|none\n|-heal|p2a: \u4e95\u306e\u4e2d\u306e\u86d9\u5927\u6d77\u3092\u77e5\u3089\u305a|85\/100 slp|[from] item: Leftovers\n|-damage|p1a: Clodsire|94\/100 brn|[from] brn\n|upkeep\n|turn|20\n|\n|t:|1698083620\n|cant|p2a: \u4e95\u306e\u4e2d\u306e\u86d9\u5927\u6d77\u3092\u77e5\u3089\u305a|slp\n|move|p1a: Clodsire|Stealth Rock|p2a: \u4e95\u306e\u4e2d\u306e\u86d9\u5927\u6d77\u3092\u77e5\u3089\u305a\n|-sidestart|p2: MaggMaxx|move: Stealth Rock\n|\n|-heal|p2a: \u4e95\u306e\u4e2d\u306e\u86d9\u5927\u6d77\u3092\u77e5\u3089\u305a|91\/100 slp|[from] item: Leftovers\n|-damage|p1a: Clodsire|88\/100 brn|[from] brn\n|upkeep\n|turn|21\n|\n|t:|1698083626\n|switch|p2a: Destiny Wheel|Koraidon|100\/100\n|-damage|p2a: Destiny Wheel|94\/100|[from] Stealth Rock\n|-weather|SunnyDay|[from] ability: Orichalcum Pulse|[of] p2a: Destiny Wheel\n|-activate|p2a: Destiny Wheel|Orichalcum Pulse|[source]\n|switch|p1a: Arceus|Arceus-Ground|82\/100\n|\n|-weather|SunnyDay|[upkeep]\n|upkeep\n|turn|22\n|\n|t:|1698083639\n|move|p2a: Destiny Wheel|Close Combat|p1a: Arceus\n|-damage|p1a: Arceus|38\/100\n|-unboost|p2a: Destiny Wheel|def|1\n|-unboost|p2a: Destiny Wheel|spd|1\n|move|p1a: Arceus|Judgment|p2a: Destiny Wheel\n|-damage|p2a: Destiny Wheel|13\/100\n|\n|-weather|SunnyDay|[upkeep]\n|upkeep\n|turn|23\n|\n|t:|1698083644\n|switch|p1a: Hatterene|Hatterene, F|100\/100\n|move|p2a: Destiny Wheel|Close Combat|p1a: Hatterene\n|-resisted|p1a: Hatterene\n|-damage|p1a: Hatterene|83\/100\n|-unboost|p2a: Destiny Wheel|def|1\n|-unboost|p2a: Destiny Wheel|spd|1\n|\n|-weather|SunnyDay|[upkeep]\n|-heal|p1a: Hatterene|89\/100|[from] item: Leftovers\n|upkeep\n|turn|24\n|inactive|MaggMaxx has 120 seconds left.\n|\n|t:|1698083688\n|switch|p2a: Letaitar yletaito|Ditto|100\/100\n|-damage|p2a: Letaitar yletaito|88\/100|[from] Stealth Rock\n|-transform|p2a: Letaitar yletaito|p1a: Hatterene|[from] ability: Imposter\n|move|p1a: Hatterene|Draining Kiss|p2a: Letaitar yletaito\n|-damage|p2a: Letaitar yletaito|63\/100\n|-heal|p1a: Hatterene|100\/100|[from] drain|[of] p2a: Letaitar yletaito\n|\n|-weather|SunnyDay|[upkeep]\n|upkeep\n|turn|25\n|\n|t:|1698083701\n|move|p2a: Letaitar yletaito|Mystical Fire|p1a: Hatterene\n|-damage|p1a: Hatterene|65\/100\n|-unboost|p1a: Hatterene|spa|1\n|move|p1a: Hatterene|Mystical Fire|p2a: Letaitar yletaito\n|-damage|p2a: Letaitar yletaito|38\/100\n|-unboost|p2a: Letaitar yletaito|spa|1\n|\n|-weather|none\n|-heal|p1a: Hatterene|71\/100|[from] item: Leftovers\n|upkeep\n|turn|26\n|inactive|MaggMaxx has 120 seconds left.\n|\n|t:|1698083709\n|switch|p2a: Destiny Wheel|Koraidon|13\/100\n|-damage|p2a: Destiny Wheel|6\/100|[from] Stealth Rock\n|-weather|SunnyDay|[from] ability: Orichalcum Pulse|[of] p2a: Destiny Wheel\n|-activate|p2a: Destiny Wheel|Orichalcum Pulse|[source]\n|move|p1a: Hatterene|Draining Kiss|p2a: Destiny Wheel\n|-supereffective|p2a: Destiny Wheel\n|-damage|p2a: Destiny Wheel|0 fnt\n|-heal|p1a: Hatterene|76\/100|[from] drain|[of] p2a: Destiny Wheel\n|faint|p2a: Destiny Wheel\n|\n|-weather|SunnyDay|[upkeep]\n|-heal|p1a: Hatterene|82\/100|[from] item: Leftovers\n|upkeep\n|inactive|MaggMaxx has 120 seconds left.\n|\n|t:|1698083720\n|switch|p2a: Keep yourself safe|Miraidon|100\/100\n|-damage|p2a: Keep yourself safe|88\/100|[from] Stealth Rock\n|-fieldstart|move: Electric Terrain|[from] ability: Hadron Engine|[of] p2a: Keep yourself safe\n|turn|27\n|\n|t:|1698083725\n|switch|p1a: Clodsire|Clodsire, M|88\/100 brn\n|move|p2a: Keep yourself safe|Electro Drift|p1a: Clodsire\n|-immune|p1a: Clodsire\n|\n|-weather|SunnyDay|[upkeep]\n|-heal|p2a: Keep yourself safe|94\/100|[from] item: Leftovers\n|-damage|p1a: Clodsire|82\/100 brn|[from] brn\n|upkeep\n|turn|28\n|\n|t:|1698083737\n|switch|p1a: Arceus|Arceus-Ground|38\/100\n|move|p2a: Keep yourself safe|Draco Meteor|p1a: Arceus\n|-damage|p1a: Arceus|0 fnt\n|-unboost|p2a: Keep yourself safe|spa|2\n|faint|p1a: Arceus\n|\n|-weather|SunnyDay|[upkeep]\n|-heal|p2a: Keep yourself safe|100\/100|[from] item: Leftovers\n|upkeep\n|\n|t:|1698083753\n|switch|p1a: Hatterene|Hatterene, F|82\/100\n|turn|29\n|\n|t:|1698083757\n|move|p2a: Keep yourself safe|Volt Switch|p1a: Hatterene\n|-damage|p1a: Hatterene|49\/100\n|\n|t:|1698083766\n|switch|p2a: Fukushima|Kyogre|100\/100|[from] Volt Switch\n|-damage|p2a: Fukushima|88\/100|[from] Stealth Rock\n|-weather|RainDance|[from] ability: Drizzle|[of] p2a: Fukushima\n|move|p1a: Hatterene|Draining Kiss|p2a: Fukushima\n|-damage|p2a: Fukushima|72\/100\n|-heal|p1a: Hatterene|62\/100|[from] drain|[of] p2a: Fukushima\n|\n|-weather|RainDance|[upkeep]\n|-heal|p1a: Hatterene|68\/100|[from] item: Leftovers\n|upkeep\n|turn|30\n|\n|t:|1698083774\n|switch|p1a: Clodsire|Clodsire, M|82\/100 brn\n|move|p2a: Fukushima|Water Spout|p1a: Clodsire\n|-heal|p1a: Clodsire|100\/100 brn|[from] ability: Water Absorb|[of] p2a: Fukushima\n|\n|-weather|RainDance|[upkeep]\n|-damage|p1a: Clodsire|94\/100 brn|[from] brn\n|upkeep\n|turn|31\n|\n|t:|1698083785\n|switch|p2a: \u4e95\u306e\u4e2d\u306e\u86d9\u5927\u6d77\u3092\u77e5\u3089\u305a|Giratina|91\/100 slp\n|-damage|p2a: \u4e95\u306e\u4e2d\u306e\u86d9\u5927\u6d77\u3092\u77e5\u3089\u305a|79\/100 slp|[from] Stealth Rock\n|-ability|p2a: \u4e95\u306e\u4e2d\u306e\u86d9\u5927\u6d77\u3092\u77e5\u3089\u305a|Pressure\n|move|p1a: Clodsire|Toxic||[still]\n|-fail|p1a: Clodsire\n|\n|-weather|RainDance|[upkeep]\n|-heal|p2a: \u4e95\u306e\u4e2d\u306e\u86d9\u5927\u6d77\u3092\u77e5\u3089\u305a|85\/100 slp|[from] item: Leftovers\n|-damage|p1a: Clodsire|88\/100 brn|[from] brn\n|-fieldend|move: Electric Terrain\n|upkeep\n|turn|32\n|\n|t:|1698083796\n|switch|p1a: Hatterene|Hatterene, F|68\/100\n|cant|p2a: \u4e95\u306e\u4e2d\u306e\u86d9\u5927\u6d77\u3092\u77e5\u3089\u305a|slp\n|\n|-weather|RainDance|[upkeep]\n|-heal|p2a: \u4e95\u306e\u4e2d\u306e\u86d9\u5927\u6d77\u3092\u77e5\u3089\u305a|91\/100 slp|[from] item: Leftovers\n|-heal|p1a: Hatterene|74\/100|[from] item: Leftovers\n|upkeep\n|turn|33\n|inactive|MaggMaxx has 120 seconds left.\n|inactive|MaggMaxx has 90 seconds left.\n|inactive|MaggMaxx has 60 seconds left.\n|\n|t:|1698083890\n|-curestatus|p2a: \u4e95\u306e\u4e2d\u306e\u86d9\u5927\u6d77\u3092\u77e5\u3089\u305a|slp|[msg]\n|move|p2a: \u4e95\u306e\u4e2d\u306e\u86d9\u5927\u6d77\u3092\u77e5\u3089\u305a|Defog|p1a: Hatterene\n|move|p1a: Hatterene|Defog|p2a: \u4e95\u306e\u4e2d\u306e\u86d9\u5927\u6d77\u3092\u77e5\u3089\u305a|[from]ability: Magic Bounce\n|-unboost|p2a: \u4e95\u306e\u4e2d\u306e\u86d9\u5927\u6d77\u3092\u77e5\u3089\u305a|evasion|1\n|-sideend|p2: MaggMaxx|Stealth Rock|[from] move: Defog|[of] p1a: Hatterene\n|move|p1a: Hatterene|Draining Kiss|p2a: \u4e95\u306e\u4e2d\u306e\u86d9\u5927\u6d77\u3092\u77e5\u3089\u305a\n|-supereffective|p2a: \u4e95\u306e\u4e2d\u306e\u86d9\u5927\u6d77\u3092\u77e5\u3089\u305a\n|-damage|p2a: \u4e95\u306e\u4e2d\u306e\u86d9\u5927\u6d77\u3092\u77e5\u3089\u305a|66\/100\n|-heal|p1a: Hatterene|100\/100|[from] drain|[of] p2a: \u4e95\u306e\u4e2d\u306e\u86d9\u5927\u6d77\u3092\u77e5\u3089\u305a\n|\n|-weather|none\n|-heal|p2a: \u4e95\u306e\u4e2d\u306e\u86d9\u5927\u6d77\u3092\u77e5\u3089\u305a|72\/100|[from] item: Leftovers\n|upkeep\n|turn|34\n|\n|t:|1698083901\n|move|p2a: \u4e95\u306e\u4e2d\u306e\u86d9\u5927\u6d77\u3092\u77e5\u3089\u305a|Defog|p1a: Hatterene\n|move|p1a: Hatterene|Defog|p2a: \u4e95\u306e\u4e2d\u306e\u86d9\u5927\u6d77\u3092\u77e5\u3089\u305a|[from]ability: Magic Bounce\n|-unboost|p2a: \u4e95\u306e\u4e2d\u306e\u86d9\u5927\u6d77\u3092\u77e5\u3089\u305a|evasion|1\n|move|p1a: Hatterene|Psyshock|p2a: \u4e95\u306e\u4e2d\u306e\u86d9\u5927\u6d77\u3092\u77e5\u3089\u305a\n|-damage|p2a: \u4e95\u306e\u4e2d\u306e\u86d9\u5927\u6d77\u3092\u77e5\u3089\u305a|56\/100\n|\n|-heal|p2a: \u4e95\u306e\u4e2d\u306e\u86d9\u5927\u6d77\u3092\u77e5\u3089\u305a|62\/100|[from] item: Leftovers\n|upkeep\n|turn|35\n|\n|t:|1698083910\n|move|p2a: \u4e95\u306e\u4e2d\u306e\u86d9\u5927\u6d77\u3092\u77e5\u3089\u305a|Defog|p1a: Hatterene\n|move|p1a: Hatterene|Defog|p2a: \u4e95\u306e\u4e2d\u306e\u86d9\u5927\u6d77\u3092\u77e5\u3089\u305a|[from]ability: Magic Bounce\n|-unboost|p2a: \u4e95\u306e\u4e2d\u306e\u86d9\u5927\u6d77\u3092\u77e5\u3089\u305a|evasion|1\n|move|p1a: Hatterene|Mystical Fire|p2a: \u4e95\u306e\u4e2d\u306e\u86d9\u5927\u6d77\u3092\u77e5\u3089\u305a\n|-resisted|p2a: \u4e95\u306e\u4e2d\u306e\u86d9\u5927\u6d77\u3092\u77e5\u3089\u305a\n|-damage|p2a: \u4e95\u306e\u4e2d\u306e\u86d9\u5927\u6d77\u3092\u77e5\u3089\u305a|56\/100\n|-unboost|p2a: \u4e95\u306e\u4e2d\u306e\u86d9\u5927\u6d77\u3092\u77e5\u3089\u305a|spa|1\n|\n|-heal|p2a: \u4e95\u306e\u4e2d\u306e\u86d9\u5927\u6d77\u3092\u77e5\u3089\u305a|63\/100|[from] item: Leftovers\n|upkeep\n|turn|36\n|\n|t:|1698083926\n|switch|p1a: Miraidon|Miraidon, tera:Electric|22\/100\n|-fieldstart|move: Electric Terrain|[from] ability: Hadron Engine|[of] p1a: Miraidon\n|move|p2a: \u4e95\u306e\u4e2d\u306e\u86d9\u5927\u6d77\u3092\u77e5\u3089\u305a|Will-O-Wisp|p1a: Miraidon\n|-status|p1a: Miraidon|brn\n|\n|-heal|p2a: \u4e95\u306e\u4e2d\u306e\u86d9\u5927\u6d77\u3092\u77e5\u3089\u305a|69\/100|[from] item: Leftovers\n|-damage|p1a: Miraidon|16\/100 brn|[from] brn\n|upkeep\n|turn|37\n|\n|t:|1698083946\n|switch|p1a: Hatterene|Hatterene, F|100\/100\n|move|p2a: \u4e95\u306e\u4e2d\u306e\u86d9\u5927\u6d77\u3092\u77e5\u3089\u305a|Shadow Sneak|p1a: Hatterene\n|-supereffective|p1a: Hatterene\n|-damage|p1a: Hatterene|77\/100\n|\n|-heal|p2a: \u4e95\u306e\u4e2d\u306e\u86d9\u5927\u6d77\u3092\u77e5\u3089\u305a|75\/100|[from] item: Leftovers\n|-heal|p1a: Hatterene|83\/100|[from] item: Leftovers\n|upkeep\n|turn|38\n|\n|t:|1698083954\n|move|p2a: \u4e95\u306e\u4e2d\u306e\u86d9\u5927\u6d77\u3092\u77e5\u3089\u305a|Defog|p1a: Hatterene\n|move|p1a: Hatterene|Defog|p2a: \u4e95\u306e\u4e2d\u306e\u86d9\u5927\u6d77\u3092\u77e5\u3089\u305a|[from]ability: Magic Bounce\n|-unboost|p2a: \u4e95\u306e\u4e2d\u306e\u86d9\u5927\u6d77\u3092\u77e5\u3089\u305a|evasion|1\n|-fieldend|move: Electric Terrain\n|move|p1a: Hatterene|Healing Wish|p1a: Hatterene\n|faint|p1a: Hatterene\n|\n|-heal|p2a: \u4e95\u306e\u4e2d\u306e\u86d9\u5927\u6d77\u3092\u77e5\u3089\u305a|81\/100|[from] item: Leftovers\n|upkeep\n|\n|t:|1698083956\n|switch|p1a: Miraidon|Miraidon, tera:Electric|16\/100 brn\n|-heal|p1a: Miraidon|100\/100|[from] move: Healing Wish\n|-fieldstart|move: Electric Terrain|[from] ability: Hadron Engine|[of] p1a: Miraidon\n|turn|39\n|inactive|MaggMaxx has 90 seconds left.\n|\n|t:|1698083967\n|move|p1a: Miraidon|Draco Meteor|p2a: \u4e95\u306e\u4e2d\u306e\u86d9\u5927\u6d77\u3092\u77e5\u3089\u305a\n|-supereffective|p2a: \u4e95\u306e\u4e2d\u306e\u86d9\u5927\u6d77\u3092\u77e5\u3089\u305a\n|-damage|p2a: \u4e95\u306e\u4e2d\u306e\u86d9\u5927\u6d77\u3092\u77e5\u3089\u305a|0 fnt\n|-unboost|p1a: Miraidon|spa|2\n|faint|p2a: \u4e95\u306e\u4e2d\u306e\u86d9\u5927\u6d77\u3092\u77e5\u3089\u305a\n|\n|upkeep\n|\n|t:|1698083969\n|switch|p2a: Fukushima|Kyogre|72\/100\n|-weather|RainDance|[from] ability: Drizzle|[of] p2a: Fukushima\n|turn|40\n|inactive|MaggMaxx has 90 seconds left.\n|\n|t:|1698083980\n|move|p2a: Fukushima|Ice Beam|p1a: Miraidon\n|-damage|p1a: Miraidon|69\/100\n|move|p1a: Miraidon|Electro Drift|p2a: Fukushima\n|-supereffective|p2a: Fukushima\n|-damage|p2a: Fukushima|0 fnt\n|faint|p2a: Fukushima\n|\n|-weather|RainDance|[upkeep]\n|upkeep\n|inactive|MaggMaxx has 90 seconds left.\n|\n|t:|1698083990\n|switch|p2a: Keep yourself safe|Miraidon|100\/100\n|-activate|p2a: Keep yourself safe|ability: Hadron Engine\n|turn|41\n|\n|t:|1698083999\n|switch|p1a: Clodsire|Clodsire, M|88\/100 brn\n|-terastallize|p2a: Keep yourself safe|Electric\n|move|p2a: Keep yourself safe|Electro Drift|p1a: Clodsire\n|-immune|p1a: Clodsire\n|\n|-weather|RainDance|[upkeep]\n|-damage|p1a: Clodsire|82\/100 brn|[from] brn\n|upkeep\n|turn|42\n|\n|t:|1698084005\n|move|p2a: Keep yourself safe|Draco Meteor|p1a: Clodsire\n|-damage|p1a: Clodsire|30\/100 brn\n|-unboost|p2a: Keep yourself safe|spa|2\n|move|p1a: Clodsire|Toxic|p2a: Keep yourself safe\n|-status|p2a: Keep yourself safe|tox\n|\n|-weather|RainDance|[upkeep]\n|-damage|p2a: Keep yourself safe|94\/100 tox|[from] psn\n|-damage|p1a: Clodsire|24\/100 brn|[from] brn\n|upkeep\n|turn|43\n|\n|t:|1698084018\n|move|p2a: Keep yourself safe|Draco Meteor|p1a: Clodsire\n|-damage|p1a: Clodsire|0 fnt\n|-unboost|p2a: Keep yourself safe|spa|2\n|faint|p1a: Clodsire\n|\n|-weather|RainDance|[upkeep]\n|-heal|p2a: Keep yourself safe|100\/100 tox|[from] item: Leftovers\n|-damage|p2a: Keep yourself safe|88\/100 tox|[from] psn\n|-fieldend|move: Electric Terrain\n|upkeep\n|\n|t:|1698084021\n|switch|p1a: Miraidon|Miraidon, tera:Electric|69\/100\n|-fieldstart|move: Electric Terrain|[from] ability: Hadron Engine|[of] p1a: Miraidon\n|turn|44\n|\n|t:|1698084027\n|move|p2a: Keep yourself safe|Volt Switch|p1a: Miraidon\n|-resisted|p1a: Miraidon\n|-damage|p1a: Miraidon|57\/100\n|\n|t:|1698084029\n|switch|p2a: Letaitar yletaito|Ditto|38\/100|[from] Volt Switch\n|-transform|p2a: Letaitar yletaito|p1a: Miraidon|[from] ability: Imposter\n|-activate|p2a: Letaitar yletaito|ability: Hadron Engine\n|move|p1a: Miraidon|Electro Drift|p2a: Letaitar yletaito\n|-resisted|p2a: Letaitar yletaito\n|-damage|p2a: Letaitar yletaito|6\/100\n|\n|-weather|none\n|upkeep\n|turn|45\n|\n|t:|1698084045\n|move|p2a: Letaitar yletaito|Draco Meteor|p1a: Miraidon\n|-damage|p1a: Miraidon|0 fnt\n|-unboost|p2a: Letaitar yletaito|spa|2\n|faint|p1a: Miraidon\n|\n|upkeep\n|\n|t:|1698084047\n|switch|p1a: Kingambit|Kingambit, F|100\/100\n|-activate|p1a: Kingambit|ability: Supreme Overlord\n|-start|p1a: Kingambit|fallen5|[silent]\n|turn|46\n|\n|t:|1698084057\n|switch|p2a: Keep yourself safe|Miraidon, tera:Electric|88\/100 tox\n|-activate|p2a: Keep yourself safe|ability: Hadron Engine\n|move|p1a: Kingambit|Swords Dance|p1a: Kingambit\n|-boost|p1a: Kingambit|atk|2\n|\n|-heal|p2a: Keep yourself safe|94\/100 tox|[from] item: Leftovers\n|-damage|p2a: Keep yourself safe|88\/100 tox|[from] psn\n|upkeep\n|turn|47\n|c| Cyrenux|sheist\n|c|\u2606MaggMaxx|epic ending\n|\n|t:|1698084072\n|move|p1a: Kingambit|Sucker Punch||[still]\n|-fail|p1a: Kingambit\n|move|p2a: Keep yourself safe|Taunt|p1a: Kingambit\n|-start|p1a: Kingambit|move: Taunt\n|\n|-heal|p2a: Keep yourself safe|94\/100 tox|[from] item: Leftovers\n|-damage|p2a: Keep yourself safe|82\/100 tox|[from] psn\n|upkeep\n|turn|48\n|\n|t:|1698084076\n|move|p1a: Kingambit|Sucker Punch||[still]\n|-fail|p1a: Kingambit\n|move|p2a: Keep yourself safe|Taunt||[still]\n|-fail|p2a: Keep yourself safe\n|\n|-heal|p2a: Keep yourself safe|88\/100 tox|[from] item: Leftovers\n|-damage|p2a: Keep yourself safe|70\/100 tox|[from] psn\n|-fieldend|move: Electric Terrain\n|upkeep\n|turn|49\n|c| Cyrenux|lol i saw that coming\n|\n|t:|1698084081\n|move|p1a: Kingambit|Sucker Punch||[still]\n|-fail|p1a: Kingambit\n|move|p2a: Keep yourself safe|Taunt||[still]\n|-fail|p2a: Keep yourself safe\n|\n|-heal|p2a: Keep yourself safe|76\/100 tox|[from] item: Leftovers\n|-damage|p2a: Keep yourself safe|51\/100 tox|[from] psn\n|upkeep\n|turn|50\n|\n|t:|1698084090\n|move|p1a: Kingambit|Sucker Punch|p2a: Keep yourself safe\n|-damage|p2a: Keep yourself safe|0 fnt\n|faint|p2a: Keep yourself safe\n|\n|-end|p1a: Kingambit|move: Taunt\n|upkeep\n|\n|t:|1698084092\n|switch|p2a: Letaitar yletaito|Ditto|6\/100\n|-transform|p2a: Letaitar yletaito|p1a: Kingambit|[from] ability: Imposter\n|-activate|p2a: Letaitar yletaito|ability: Supreme Overlord\n|-start|p2a: Letaitar yletaito|fallen5|[silent]\n|turn|51\n|\n|t:|1698084096\n|move|p2a: Letaitar yletaito|Sucker Punch|p1a: Kingambit\n|-resisted|p1a: Kingambit\n|-damage|p1a: Kingambit|57\/100\n|move|p1a: Kingambit|Sucker Punch||[still]\n|-fail|p1a: Kingambit\n|\n|-heal|p1a: Kingambit|63\/100|[from] item: Leftovers\n|upkeep\n|turn|52\n|\n|t:|1698084099\n|move|p2a: Letaitar yletaito|Sucker Punch|p1a: Kingambit\n|-resisted|p1a: Kingambit\n|-damage|p1a: Kingambit|22\/100\n|move|p1a: Kingambit|Kowtow Cleave|p2a: Letaitar yletaito\n|-resisted|p2a: Letaitar yletaito\n|-damage|p2a: Letaitar yletaito|0 fnt\n|faint|p2a: Letaitar yletaito\n|-end|p2a: Letaitar yletaito|fallen5|[silent]\n|\n|win|EpicGamer069420\n|raw|EpicGamer069420's rating: 1515 &rarr; <strong>1529<\/strong><br \/>(+14 for winning)\n|raw|MaggMaxx's rating: 1403 &rarr; <strong>1389<\/strong><br \/>(-14 for losing)\n|c|\u2606MaggMaxx|ggs\n|c|\u2606EpicGamer069420|gg\n|c|\u2606EpicGamer069420|i didnt need to predict\n|c|\u2606EpicGamer069420|u had a toxic on\n|c|\u2606MaggMaxx|ye\n|c| Cyrenux|true\n|l|\u2606MaggMaxx\n","uploadtime":1698084140,"views":9,"p1id":"epicgamer069420","p2id":"maggmaxx","formatid":"gen9ubers","rating":1389,"private":0,"password":""}