{"id":"gen9ubers-1974418551","p1":"Weredude08","p2":"Underhours","format":"[Gen 9] Ubers","log":"|j|\u2606Weredude08\n|j|\u2606Underhours\n|t:|1698085408\n|gametype|singles\n|player|p1|Weredude08|steven|\n|player|p2|Underhours|101|\n|teamsize|p1|6\n|teamsize|p2|6\n|gen|9\n|tier|[Gen 9] Ubers\n|rule|Sleep Clause Mod: Limit one foe put to sleep\n|rule|Species Clause: Limit one of each Pok\u00e9mon\n|rule|OHKO Clause: OHKO moves are banned\n|rule|Evasion Items Clause: Evasion items are banned\n|rule|Evasion Moves Clause: Evasion moves are banned\n|rule|Endless Battle Clause: Forcing endless battles is banned\n|rule|HP Percentage Mod: HP is shown in percentages\n|clearpoke\n|poke|p1|Greninja-*, M|\n|poke|p1|Enamorus, F|\n|poke|p1|Arceus-Fire|\n|poke|p1|Magearna|\n|poke|p1|Cyclizar, M|\n|poke|p1|Lycanroc, M|\n|poke|p2|Magearna|\n|poke|p2|Shaymin-Sky|\n|poke|p2|Chi-Yu|\n|poke|p2|Basculegion-F, F|\n|poke|p2|Arceus-Poison|\n|poke|p2|Zacian-*|\n|teampreview\n|inactive|Battle timer is ON: inactive players will automatically lose when time's up. (requested by Weredude08)\n|c|\u2606Underhours|glhf\n|inactive|Underhours has 270 seconds left.\n|c|\u2606Weredude08|yt\n|\n|t:|1698085442\n|start\n|switch|p1a: Lycanroc|Lycanroc, M|100\/100\n|switch|p2a: Magearna|Magearna|100\/100\n|turn|1\n|c|\u2606Weredude08|cheers m8\n|c|\u2606Weredude08|that couldve been bad if brought to tour\n|\n|t:|1698085459\n|move|p1a: Lycanroc|Stealth Rock|p2a: Magearna\n|-sidestart|p2: Underhours|move: Stealth Rock\n|move|p2a: Magearna|Volt Switch|p1a: Lycanroc\n|-damage|p1a: Lycanroc|57\/100\n|c|\u2606Underhours|haha im sure theyd have you use the official challenge format\n|c|\u2606Weredude08|oh ye\n|c|\u2606Weredude08|good point\n|\n|t:|1698085486\n|switch|p2a: Shaymin|Shaymin-Sky|100\/100|[from] Volt Switch\n|-damage|p2a: Shaymin|76\/100|[from] Stealth Rock\n|\n|upkeep\n|turn|2\n|c|\u2606Weredude08|ive got an even wierder team now lol\n|inactive|Underhours has 270 seconds left.\n|\n|t:|1698085501\n|move|p1a: Lycanroc|Accelerock|p2a: Shaymin\n|-supereffective|p2a: Shaymin\n|-crit|p2a: Shaymin\n|-damage|p2a: Shaymin|3\/100\n|move|p2a: Shaymin|Earth Power|p1a: Lycanroc\n|-supereffective|p1a: Lycanroc\n|-damage|p1a: Lycanroc|0 fnt\n|faint|p1a: Lycanroc\n|\n|upkeep\n|\n|t:|1698085518\n|switch|p1a: Cyclizar|Cyclizar, M|100\/100\n|turn|3\n|\n|t:|1698085527\n|move|p2a: Shaymin|Earth Power|p1a: Cyclizar\n|-damage|p1a: Cyclizar|57\/100\n|move|p1a: Cyclizar|Rapid Spin|p2a: Shaymin\n|-damage|p2a: Shaymin|0 fnt\n|-boost|p1a: Cyclizar|spe|1\n|faint|p2a: Shaymin\n|\n|upkeep\n|\n|t:|1698085539\n|switch|p2a: Zacian|Zacian|100\/100\n|-damage|p2a: Zacian|88\/100|[from] Stealth Rock\n|-ability|p2a: Zacian|Intrepid Sword|boost\n|-boost|p2a: Zacian|atk|1\n|turn|4\n|\n|t:|1698085543\n|move|p1a: Cyclizar|Shed Tail|p1a: Cyclizar\n|-start|p1a: Cyclizar|Substitute|[from] move: Shed Tail\n|-damage|p1a: Cyclizar|7\/100\n|\n|t:|1698085553\n|switch|p1a: Arceus|Arceus-Fire|100\/100|[from] Shed Tail\n|move|p2a: Zacian|Play Rough|p1a: Arceus\n|-resisted|p1a: Arceus\n|-end|p1a: Arceus|Substitute\n|-damage|p2a: Zacian|78\/100|[from] item: Life Orb\n|\n|upkeep\n|turn|5\n|\n|t:|1698085559\n|-terastallize|p2a: Zacian|Ground\n|move|p2a: Zacian|Tera Blast|p1a: Arceus|[anim] Tera Blast Ground\n|-supereffective|p1a: Arceus\n|-damage|p1a: Arceus|0 fnt\n|faint|p1a: Arceus\n|-damage|p2a: Zacian|68\/100|[from] item: Life Orb\n|\n|upkeep\n|\n|t:|1698085572\n|switch|p1a: Enamorus|Enamorus, F|100\/100\n|turn|6\n|\n|t:|1698085577\n|move|p1a: Enamorus|Moonblast|p2a: Zacian\n|-damage|p2a: Zacian|20\/100\n|move|p2a: Zacian|Play Rough|p1a: Enamorus\n|-damage|p1a: Enamorus|0 fnt\n|faint|p1a: Enamorus\n|-damage|p2a: Zacian|11\/100|[from] item: Life Orb\n|\n|upkeep\n|\n|t:|1698085583\n|switch|p1a: Greninja|Greninja, M|100\/100\n|turn|7\n|\n|t:|1698085586\n|move|p1a: Greninja|Water Shuriken|p2a: Zacian\n|-supereffective|p2a: Zacian\n|-crit|p2a: Zacian\n|-damage|p2a: Zacian|0 fnt\n|faint|p2a: Zacian\n|-ability|p1a: Greninja|Battle Bond|boost\n|-boost|p1a: Greninja|atk|1\n|-boost|p1a: Greninja|spa|1\n|-boost|p1a: Greninja|spe|1\n|-activate|p1a: Greninja|ability: Battle Bond\n|-hitcount|p2: Zacian|1\n|-damage|p1a: Greninja|91\/100|[from] item: Life Orb\n|\n|upkeep\n|\n|t:|1698085593\n|switch|p2a: Magearna|Magearna|100\/100\n|-damage|p2a: Magearna|95\/100|[from] Stealth Rock\n|turn|8\n|\n|t:|1698085607\n|-terastallize|p1a: Greninja|Water\n|move|p1a: Greninja|Hydro Pump|p2a: Magearna\n|-damage|p2a: Magearna|0 fnt\n|faint|p2a: Magearna\n|-damage|p1a: Greninja|81\/100|[from] item: Life Orb\n|\n|upkeep\n|\n|t:|1698085612\n|switch|p2a: Arceus|Arceus-Poison|100\/100\n|-damage|p2a: Arceus|88\/100|[from] Stealth Rock\n|turn|9\n|\n|t:|1698085617\n|move|p1a: Greninja|Hydro Pump|p2a: Arceus\n|-damage|p2a: Arceus|1\/100\n|-damage|p1a: Greninja|71\/100|[from] item: Life Orb\n|move|p2a: Arceus|Gunk Shot|p1a: Greninja|[miss]\n|-miss|p2a: Arceus|p1a: Greninja\n|\n|upkeep\n|turn|10\n|\n|t:|1698085631\n|move|p1a: Greninja|Dark Pulse|p2a: Arceus\n|-damage|p2a: Arceus|0 fnt\n|faint|p2a: Arceus\n|-damage|p1a: Greninja|61\/100|[from] item: Life Orb\n|\n|upkeep\n|\n|t:|1698085634\n|switch|p2a: Chi-Yu|Chi-Yu|100\/100\n|-damage|p2a: Chi-Yu|76\/100|[from] Stealth Rock\n|-ability|p2a: Chi-Yu|Beads of Ruin\n|turn|11\n|c|\u2606Weredude08|think thats ggs?\n|\n|t:|1698085649\n|move|p1a: Greninja|Water Shuriken|p2a: Chi-Yu\n|-supereffective|p2a: Chi-Yu\n|-damage|p2a: Chi-Yu|32\/100\n|-supereffective|p2a: Chi-Yu\n|-damage|p2a: Chi-Yu|0 fnt\n|faint|p2a: Chi-Yu\n|-hitcount|p2: Chi-Yu|2\n|-damage|p1a: Greninja|51\/100|[from] item: Life Orb\n|\n|upkeep\n|\n|t:|1698085652\n|switch|p2a: Basculegion|Basculegion-F, F|100\/100\n|turn|12\n|\n|t:|1698085658\n|move|p1a: Greninja|Dark Pulse|p2a: Basculegion\n|-supereffective|p2a: Basculegion\n|-crit|p2a: Basculegion\n|-damage|p2a: Basculegion|0 fnt\n|faint|p2a: Basculegion\n|-damage|p1a: Greninja|42\/100|[from] item: Life Orb\n|\n|win|Weredude08\n|c|\u2606Underhours|gg\n|c|\u2606Weredude08|unlucky miss\n","uploadtime":1698085665,"views":13,"p1id":"weredude08","p2id":"underhours","formatid":"gen9ubers","rating":0,"private":0,"password":""}