{"id":"gen9ubers-1992262460","p1":"die4ry","p2":"Lets Go Golfin","format":"[Gen 9] Ubers","log":"|j|\u2606die4ry\n|j|\u2606Lets Go Golfin\n|t:|1700168800\n|gametype|singles\n|player|p1|die4ry|170|1158\n|player|p2|Lets Go Golfin|drayden|1118\n|teamsize|p1|6\n|teamsize|p2|6\n|gen|9\n|tier|[Gen 9] Ubers\n|rated|\n|rule|Sleep Clause Mod: Limit one foe put to sleep\n|rule|Species Clause: Limit one of each Pok\u00e9mon\n|rule|OHKO Clause: OHKO moves are banned\n|rule|Evasion Items Clause: Evasion items are banned\n|rule|Evasion Moves Clause: Evasion moves are banned\n|rule|Endless Battle Clause: Forcing endless battles is banned\n|rule|HP Percentage Mod: HP is shown in percentages\n|clearpoke\n|poke|p1|Roaring Moon|\n|poke|p1|Flutter Mane|\n|poke|p1|Regieleki|\n|poke|p1|Shaymin-Sky|\n|poke|p1|Zacian-*|\n|poke|p1|Eternatus|\n|poke|p2|Annihilape, M|\n|poke|p2|Ogerpon-Hearthflame, F|\n|poke|p2|Palafin, F|\n|poke|p2|Maushold-Four|\n|poke|p2|Iron Valiant|\n|poke|p2|Gliscor, M|\n|teampreview\n|inactive|Battle timer is ON: inactive players will automatically lose when time's up. (requested by die4ry)\n|\n|t:|1700168811\n|start\n|switch|p1a: Regieleki|Regieleki|100\/100\n|switch|p2a: Palafin|Palafin, F|100\/100\n|turn|1\n|\n|t:|1700168815\n|move|p1a: Regieleki|Reflect|p1a: Regieleki\n|-sidestart|p1: die4ry|Reflect\n|move|p2a: Palafin|Flip Turn|p1a: Regieleki\n|-damage|p1a: Regieleki|72\/100\n|\n|t:|1700168819\n|detailschange|p2a: Palafin|Palafin-Hero, F\n|switch|p2a: Gliscor|Gliscor, M|100\/100|[from] Flip Turn\n|\n|-status|p2a: Gliscor|tox|[from] item: Toxic Orb\n|upkeep\n|turn|2\n|\n|t:|1700168845\n|move|p1a: Regieleki|Light Screen|p1a: Regieleki\n|-sidestart|p1: die4ry|move: Light Screen\n|move|p2a: Gliscor|Spikes|p1a: Regieleki\n|-sidestart|p1: die4ry|Spikes\n|\n|upkeep\n|turn|3\n|\n|t:|1700168853\n|switch|p1a: Shaymin|Shaymin-Sky, shiny|100\/100\n|move|p2a: Gliscor|Toxic|p1a: Shaymin\n|-status|p1a: Shaymin|tox\n|\n|-damage|p1a: Shaymin|94\/100 tox|[from] psn\n|upkeep\n|turn|4\n|\n|t:|1700168860\n|move|p1a: Shaymin|Seed Flare|p2a: Gliscor\n|-damage|p2a: Gliscor|22\/100 tox\n|-unboost|p2a: Gliscor|spd|2\n|move|p2a: Gliscor|Spikes|p1a: Shaymin\n|-sidestart|p1: die4ry|Spikes\n|\n|-damage|p1a: Shaymin|82\/100 tox|[from] psn\n|-heal|p2a: Gliscor|35\/100 tox|[from] ability: Poison Heal\n|upkeep\n|turn|5\n|\n|t:|1700168868\n|move|p2a: Gliscor|Protect|p2a: Gliscor\n|-singleturn|p2a: Gliscor|Protect\n|move|p1a: Shaymin|Air Slash|p2a: Gliscor\n|-activate|p2a: Gliscor|move: Protect\n|\n|-damage|p1a: Shaymin|64\/100 tox|[from] psn\n|-heal|p2a: Gliscor|47\/100 tox|[from] ability: Poison Heal\n|upkeep\n|turn|6\n|\n|t:|1700168882\n|move|p1a: Shaymin|Air Slash|p2a: Gliscor\n|-damage|p2a: Gliscor|0 fnt\n|faint|p2a: Gliscor\n|\n|-damage|p1a: Shaymin|39\/100 tox|[from] psn\n|upkeep\n|\n|t:|1700168892\n|switch|p2a: Palafin|Palafin-Hero, F|100\/100\n|-activate|p2a: Palafin|ability: Zero to Hero\n|turn|7\n|\n|t:|1700168903\n|move|p2a: Palafin|Jet Punch|p1a: Shaymin\n|-resisted|p1a: Shaymin\n|-damage|p1a: Shaymin|20\/100 tox\n|move|p1a: Shaymin|Seed Flare|p2a: Palafin\n|-supereffective|p2a: Palafin\n|-damage|p2a: Palafin|0 fnt\n|faint|p2a: Palafin\n|\n|-damage|p1a: Shaymin|0 fnt|[from] psn\n|faint|p1a: Shaymin\n|upkeep\n|\n|t:|1700168916\n|switch|p1a: Regieleki|Regieleki|72\/100\n|switch|p2a: Annihilape|Annihilape, M|100\/100\n|-damage|p1a: Regieleki|56\/100|[from] Spikes\n|turn|8\n|\n|t:|1700168923\n|move|p1a: Regieleki|Thunder Cage|p2a: Annihilape\n|-damage|p2a: Annihilape|71\/100\n|-activate|p2a: Annihilape|move: Thunder Cage|[of] p1a: Regieleki\n|move|p2a: Annihilape|Taunt|p1a: Regieleki\n|-start|p1a: Regieleki|move: Taunt\n|\n|-heal|p2a: Annihilape|77\/100|[from] item: Leftovers\n|-damage|p2a: Annihilape|65\/100|[from] move: Thunder Cage|[partiallytrapped]\n|-sideend|p1: die4ry|Reflect\n|upkeep\n|turn|9\n|\n|t:|1700168933\n|switch|p1a: Eternatus|Eternatus|100\/100\n|-damage|p1a: Eternatus|84\/100|[from] Spikes\n|-ability|p1a: Eternatus|Pressure\n|move|p2a: Annihilape|Bulk Up|p2a: Annihilape\n|-boost|p2a: Annihilape|atk|1\n|-boost|p2a: Annihilape|def|1\n|\n|-heal|p2a: Annihilape|71\/100|[from] item: Leftovers\n|-end|p2a: Annihilape|Thunder Cage|[partiallytrapped]|[silent]\n|-sideend|p1: die4ry|move: Light Screen\n|upkeep\n|turn|10\n|inactive|die4ry has 120 seconds left.\n|\n|t:|1700168969\n|move|p2a: Annihilape|Drain Punch|p1a: Eternatus\n|-resisted|p1a: Eternatus\n|-damage|p1a: Eternatus|63\/100\n|-heal|p2a: Annihilape|81\/100|[from] drain|[of] p1a: Eternatus\n|move|p1a: Eternatus|Dragon Tail|p2a: Annihilape\n|-damage|p2a: Annihilape|70\/100\n|drag|p2a: Ogerpon|Ogerpon-Hearthflame, F|100\/100\n|-ability|p2a: Ogerpon|Mold Breaker\n|\n|upkeep\n|turn|11\n|\n|t:|1700168981\n|move|p1a: Eternatus|Toxic|p2a: Ogerpon\n|-status|p2a: Ogerpon|tox\n|move|p2a: Ogerpon|Swords Dance|p2a: Ogerpon\n|-boost|p2a: Ogerpon|atk|2\n|\n|-damage|p2a: Ogerpon|95\/100 tox|[from] psn\n|upkeep\n|turn|12\n|\n|t:|1700168989\n|move|p2a: Ogerpon|Trailblaze|p1a: Eternatus\n|-resisted|p1a: Eternatus\n|-damage|p1a: Eternatus|50\/100\n|-boost|p2a: Ogerpon|spe|1\n|move|p1a: Eternatus|Dragon Tail|p2a: Ogerpon\n|-damage|p2a: Ogerpon|69\/100 tox\n|drag|p2a: Iron Valiant|Iron Valiant|100\/100\n|-enditem|p2a: Iron Valiant|Booster Energy\n|-activate|p2a: Iron Valiant|ability: Quark Drive|[fromitem]\n|-start|p2a: Iron Valiant|quarkdrivespa\n|\n|upkeep\n|turn|13\n|inactive|Lets Go Golfin has 120 seconds left.\n|\n|t:|1700169010\n|move|p1a: Eternatus|Toxic|p2a: Iron Valiant\n|-status|p2a: Iron Valiant|tox\n|move|p2a: Iron Valiant|Moonblast|p1a: Eternatus\n|-damage|p1a: Eternatus|7\/100\n|\n|-damage|p2a: Iron Valiant|94\/100 tox|[from] psn\n|upkeep\n|turn|14\n|inactive|Lets Go Golfin has 120 seconds left.\n|\n|t:|1700169023\n|-end|p2a: Iron Valiant|Quark Drive|[silent]\n|switch|p2a: Annihilape|Annihilape, M|70\/100\n|move|p1a: Eternatus|Flamethrower|p2a: Annihilape\n|-damage|p2a: Annihilape|52\/100\n|\n|-heal|p2a: Annihilape|58\/100|[from] item: Leftovers\n|upkeep\n|turn|15\n|inactive|Lets Go Golfin has 120 seconds left.\n|inactive|die4ry has 120 seconds left.\n|\n|t:|1700169081\n|switch|p2a: Iron Valiant|Iron Valiant|94\/100 tox\n|move|p1a: Eternatus|Flamethrower|p2a: Iron Valiant\n|-damage|p2a: Iron Valiant|37\/100 tox\n|\n|-damage|p2a: Iron Valiant|31\/100 tox|[from] psn\n|upkeep\n|turn|16\n|inactive|Lets Go Golfin has 120 seconds left.\n|\n|t:|1700169096\n|move|p1a: Eternatus|Flamethrower|p2a: Iron Valiant\n|-damage|p2a: Iron Valiant|0 fnt\n|faint|p2a: Iron Valiant\n|-end|p2a: Iron Valiant|Quark Drive|[silent]\n|\n|upkeep\n|\n|t:|1700169101\n|switch|p2a: Annihilape|Annihilape, M|58\/100\n|turn|17\n|\n|t:|1700169111\n|move|p1a: Eternatus|Toxic|p2a: Annihilape\n|-status|p2a: Annihilape|tox\n|move|p2a: Annihilape|Drain Punch|p1a: Eternatus\n|-resisted|p1a: Eternatus\n|-damage|p1a: Eternatus|0 fnt\n|-heal|p2a: Annihilape|62\/100 tox|[from] drain|[of] p1a: Eternatus\n|faint|p1a: Eternatus\n|\n|-heal|p2a: Annihilape|68\/100 tox|[from] item: Leftovers\n|-damage|p2a: Annihilape|62\/100 tox|[from] psn\n|upkeep\n|inactive|die4ry has 90 seconds left.\n|\n|t:|1700169145\n|switch|p1a: Flutter Mane|Flutter Mane|100\/100\n|-damage|p1a: Flutter Mane|84\/100|[from] Spikes\n|-enditem|p1a: Flutter Mane|Booster Energy\n|-activate|p1a: Flutter Mane|ability: Protosynthesis|[fromitem]\n|-start|p1a: Flutter Mane|protosynthesisspe\n|turn|18\n|\n|t:|1700169151\n|move|p1a: Flutter Mane|Psyshock|p2a: Annihilape\n|-supereffective|p2a: Annihilape\n|-damage|p2a: Annihilape|2\/100 tox\n|move|p2a: Annihilape|Rage Fist|p1a: Flutter Mane\n|-supereffective|p1a: Flutter Mane\n|-damage|p1a: Flutter Mane|0 fnt\n|faint|p1a: Flutter Mane\n|-end|p1a: Flutter Mane|Protosynthesis|[silent]\n|\n|-heal|p2a: Annihilape|8\/100 tox|[from] item: Leftovers\n|-damage|p2a: Annihilape|0 fnt|[from] psn\n|faint|p2a: Annihilape\n|upkeep\n|inactive|die4ry has 90 seconds left.\n|\n|t:|1700169168\n|switch|p1a: Regieleki|Regieleki|56\/100\n|switch|p2a: Maushold|Maushold-Four|100\/100\n|-damage|p1a: Regieleki|39\/100|[from] Spikes\n|turn|19\n|\n|t:|1700169190\n|switch|p2a: Ogerpon|Ogerpon-Hearthflame, F|69\/100 tox\n|-ability|p2a: Ogerpon|Mold Breaker\n|move|p1a: Regieleki|Reflect|p1a: Regieleki\n|-sidestart|p1: die4ry|Reflect\n|\n|-damage|p2a: Ogerpon|63\/100 tox|[from] psn\n|upkeep\n|turn|20\n|\n|t:|1700169199\n|move|p1a: Regieleki|Rapid Spin|p2a: Ogerpon\n|-damage|p2a: Ogerpon|50\/100 tox\n|-boost|p1a: Regieleki|spe|1\n|-sideend|p1: die4ry|Spikes|[from] move: Rapid Spin|[of] p1a: Regieleki\n|move|p2a: Ogerpon|Swords Dance|p2a: Ogerpon\n|-boost|p2a: Ogerpon|atk|2\n|\n|-damage|p2a: Ogerpon|38\/100 tox|[from] psn\n|upkeep\n|turn|21\n|\n|t:|1700169205\n|-terastallize|p2a: Ogerpon|Fire\n|detailschange|p2a: Ogerpon|Ogerpon-Hearthflame-Tera, F, tera:Fire\n|-ability|p2a: Ogerpon|Embody Aspect (Hearthflame)|boost\n|-boost|p2a: Ogerpon|atk|1\n|move|p1a: Regieleki|Thunder Cage|p2a: Ogerpon\n|-damage|p2a: Ogerpon|0 fnt\n|faint|p2a: Ogerpon\n|\n|upkeep\n|\n|t:|1700169207\n|switch|p2a: Maushold|Maushold-Four|100\/100\n|turn|22\n|\n|t:|1700169213\n|move|p1a: Regieleki|Thunder Cage|p2a: Maushold\n|-damage|p2a: Maushold|34\/100\n|-activate|p2a: Maushold|move: Thunder Cage|[of] p1a: Regieleki\n|move|p2a: Maushold|Population Bomb|p1a: Regieleki\n|-damage|p1a: Regieleki|29\/100\n|-damage|p1a: Regieleki|20\/100\n|-damage|p1a: Regieleki|11\/100\n|-damage|p1a: Regieleki|2\/100\n|-damage|p1a: Regieleki|0 fnt\n|faint|p1a: Regieleki\n|-hitcount|p1: Regieleki|5\n|\n|-end|p2a: Maushold|Thunder Cage|[partiallytrapped]|[silent]\n|upkeep\n|\n|t:|1700169216\n|switch|p1a: Zacian|Zacian-Crowned|100\/100\n|-ability|p1a: Zacian|Intrepid Sword|boost\n|-boost|p1a: Zacian|atk|1\n|turn|23\n|\n|t:|1700169230\n|move|p1a: Zacian|Sacred Sword|p2a: Maushold\n|-supereffective|p2a: Maushold\n|-damage|p2a: Maushold|0 fnt\n|faint|p2a: Maushold\n|\n|win|die4ry\n|raw|die4ry's rating: 1158 &rarr; <strong>1180<\/strong><br \/>(+22 for winning)\n|raw|Lets Go Golfin's rating: 1118 &rarr; <strong>1096<\/strong><br \/>(-22 for losing)\n|c|\u2606Lets Go Golfin|so fast );\n|c|\u2606Lets Go Golfin|gg\n|c|\u2606die4ry|gg\n|l|\u2606Lets Go Golfin\n","uploadtime":1700169971,"views":14,"p1id":"die4ry","p2id":"letsgogolfin","formatid":"gen9ubers","rating":1096,"private":0,"password":""}