{"id":"gen9ubers-1976172719","p1":"Tenku G Takeru","p2":"GateKeeper5","format":"[Gen 9] Ubers","log":"|j|\u2606Tenku G Takeru\n|j|\u2606GateKeeper5\n|t:|1698270261\n|gametype|singles\n|player|p1|Tenku G Takeru|ghetsis|\n|player|p2|GateKeeper5|hilbert|\n|teamsize|p1|6\n|teamsize|p2|6\n|gen|9\n|tier|[Gen 9] Ubers\n|rule|Sleep Clause Mod: Limit one foe put to sleep\n|rule|Species Clause: Limit one of each Pok\u00e9mon\n|rule|OHKO Clause: OHKO moves are banned\n|rule|Evasion Items Clause: Evasion items are banned\n|rule|Evasion Moves Clause: Evasion moves are banned\n|rule|Endless Battle Clause: Forcing endless battles is banned\n|rule|HP Percentage Mod: HP is shown in percentages\n|clearpoke\n|poke|p1|Kleavor, M|\n|poke|p1|Overqwil, M|\n|poke|p1|Sneasler, M|\n|poke|p1|Arceus-Ground|\n|poke|p1|Giratina-Origin|\n|poke|p1|Espeon, F|\n|poke|p2|Koraidon|\n|poke|p2|Miraidon|\n|poke|p2|Palafin, M|\n|poke|p2|Chi-Yu|\n|poke|p2|Garganacl, M|\n|poke|p2|Iron Bundle|\n|teampreview\n|c|\u2606GateKeeper5|i may not be able to finish\n|inactive|Battle timer is ON: inactive players will automatically lose when time's up. (requested by GateKeeper5)\n|\n|t:|1698270294\n|start\n|switch|p1a: Psyc(h)at|Espeon, F, shiny|100\/100\n|switch|p2a: Iron Bundle|Iron Bundle|100\/100\n|turn|1\n|\n|t:|1698270309\n|move|p2a: Iron Bundle|Ice Beam|p1a: Psyc(h)at\n|-damage|p1a: Psyc(h)at|37\/100\n|move|p1a: Psyc(h)at|Calm Mind|p1a: Psyc(h)at\n|-boost|p1a: Psyc(h)at|spa|1\n|-boost|p1a: Psyc(h)at|spd|1\n|\n|upkeep\n|turn|2\n|\n|t:|1698270318\n|move|p2a: Iron Bundle|Ice Beam|p1a: Psyc(h)at\n|-damage|p1a: Psyc(h)at|0 fnt\n|faint|p1a: Psyc(h)at\n|\n|upkeep\n|\n|t:|1698270325\n|switch|p1a: Striker|Sneasler, M, shiny|100\/100\n|turn|3\n|\n|t:|1698270338\n|move|p2a: Iron Bundle|Ice Beam|p1a: Striker\n|-damage|p1a: Striker|35\/100\n|move|p1a: Striker|Close Combat|p2a: Iron Bundle\n|-supereffective|p2a: Iron Bundle\n|-damage|p2a: Iron Bundle|0 fnt\n|-unboost|p1a: Striker|def|1\n|-unboost|p1a: Striker|spd|1\n|-enditem|p1a: Striker|White Herb\n|-clearnegativeboost|p1a: Striker|[silent]\n|faint|p2a: Iron Bundle\n|-end|p2a: Iron Bundle|Quark Drive|[silent]\n|\n|upkeep\n|inactive|GateKeeper5 has 270 seconds left.\n|\n|t:|1698270369\n|switch|p2a: Koraidon|Koraidon|100\/100\n|-weather|SunnyDay|[from] ability: Orichalcum Pulse|[of] p2a: Koraidon\n|-activate|p2a: Koraidon|Orichalcum Pulse|[source]\n|turn|4\n|inactive|GateKeeper5 has 270 seconds left.\n|\n|t:|1698270378\n|move|p1a: Striker|Acrobatics|p2a: Koraidon\n|-supereffective|p2a: Koraidon\n|-damage|p2a: Koraidon|23\/100\n|move|p2a: Koraidon|Dragon Claw|p1a: Striker\n|-damage|p1a: Striker|0 fnt\n|faint|p1a: Striker\n|\n|-weather|SunnyDay|[upkeep]\n|-heal|p2a: Koraidon|29\/100|[from] item: Leftovers\n|upkeep\n|\n|t:|1698270388\n|switch|p1a: Primal Mine|Overqwil, M, shiny|100\/100\n|-ability|p1a: Primal Mine|Intimidate|boost\n|-unboost|p2a: Koraidon|atk|1\n|turn|5\n|inactive|GateKeeper5 has 270 seconds left.\n|\n|t:|1698270411\n|move|p2a: Koraidon|Collision Course|p1a: Primal Mine\n|-damage|p1a: Primal Mine|43\/100\n|move|p1a: Primal Mine|Agility|p1a: Primal Mine\n|-boost|p1a: Primal Mine|spe|2\n|\n|-weather|SunnyDay|[upkeep]\n|-heal|p1a: Primal Mine|49\/100|[from] item: Leftovers\n|-heal|p2a: Koraidon|35\/100|[from] item: Leftovers\n|upkeep\n|turn|6\n|inactive|GateKeeper5 has 270 seconds left.\n|\n|t:|1698270421\n|move|p1a: Primal Mine|Barb Barrage|p2a: Koraidon\n|-damage|p2a: Koraidon|6\/100\n|-status|p2a: Koraidon|psn\n|move|p2a: Koraidon|Collision Course|p1a: Primal Mine\n|-damage|p1a: Primal Mine|0 fnt\n|faint|p1a: Primal Mine\n|\n|-weather|SunnyDay|[upkeep]\n|-heal|p2a: Koraidon|12\/100 psn|[from] item: Leftovers\n|-damage|p2a: Koraidon|0 fnt|[from] psn\n|faint|p2a: Koraidon\n|upkeep\n|inactive|GateKeeper5 has 270 seconds left.\n|\n|t:|1698270441\n|switch|p2a: Garganacl|Garganacl, M|100\/100\n|switch|p1a: AnitariGiratinA|Giratina-Origin, shiny|100\/100\n|turn|7\n|\n|t:|1698270448\n|move|p1a: AnitariGiratinA|Aura Sphere|p2a: Garganacl\n|-supereffective|p2a: Garganacl\n|-damage|p2a: Garganacl|44\/100\n|move|p2a: Garganacl|Salt Cure|p1a: AnitariGiratinA\n|-damage|p1a: AnitariGiratinA|90\/100\n|-start|p1a: AnitariGiratinA|Salt Cure\n|\n|-weather|SunnyDay|[upkeep]\n|-heal|p2a: Garganacl|50\/100|[from] item: Leftovers\n|-damage|p1a: AnitariGiratinA|78\/100|[from] Salt Cure\n|upkeep\n|turn|8\n|inactive|GateKeeper5 has 270 seconds left.\n|\n|t:|1698270458\n|move|p1a: AnitariGiratinA|Aura Sphere|p2a: Garganacl\n|-supereffective|p2a: Garganacl\n|-damage|p2a: Garganacl|0 fnt\n|faint|p2a: Garganacl\n|\n|-weather|none\n|-damage|p1a: AnitariGiratinA|66\/100|[from] Salt Cure\n|upkeep\n|\n|t:|1698270475\n|switch|p2a: Chi-Yu|Chi-Yu|100\/100\n|-ability|p2a: Chi-Yu|Beads of Ruin\n|turn|9\n|\n|t:|1698270483\n|move|p2a: Chi-Yu|Dark Pulse|p1a: AnitariGiratinA\n|-supereffective|p1a: AnitariGiratinA\n|-damage|p1a: AnitariGiratinA|0 fnt\n|faint|p1a: AnitariGiratinA\n|\n|upkeep\n|\n|t:|1698270490\n|switch|p1a: Groundeity|Arceus-Ground, shiny|100\/100\n|turn|10\n|\n|t:|1698270495\n|move|p1a: Groundeity|Dragon Dance|p1a: Groundeity\n|-boost|p1a: Groundeity|atk|1\n|-boost|p1a: Groundeity|spe|1\n|move|p2a: Chi-Yu|Flamethrower|p1a: Groundeity\n|-damage|p1a: Groundeity|54\/100\n|\n|upkeep\n|turn|11\n|\n|t:|1698270502\n|move|p1a: Groundeity|Earthquake|p2a: Chi-Yu\n|-supereffective|p2a: Chi-Yu\n|-damage|p2a: Chi-Yu|0 fnt\n|faint|p2a: Chi-Yu\n|\n|upkeep\n|\n|t:|1698270510\n|switch|p2a: Palafin|Palafin, M|100\/100\n|turn|12\n|\n|t:|1698270514\n|move|p1a: Groundeity|Earthquake|p2a: Palafin\n|-damage|p2a: Palafin|0 fnt\n|faint|p2a: Palafin\n|\n|upkeep\n|\n|t:|1698270518\n|switch|p2a: Miraidon|Miraidon|100\/100\n|-fieldstart|move: Electric Terrain|[from] ability: Hadron Engine|[of] p2a: Miraidon\n|turn|13\n|\n|t:|1698270523\n|move|p1a: Groundeity|Earthquake|p2a: Miraidon\n|-supereffective|p2a: Miraidon\n|-damage|p2a: Miraidon|0 fnt\n|faint|p2a: Miraidon\n|\n|win|Tenku G Takeru\n|c|\u2606Tenku G Takeru|gg\n|c|\u2606GateKeeper5|gg\n","uploadtime":1698270531,"views":11,"p1id":"tenkugtakeru","p2id":"gatekeeper5","formatid":"gen9ubers","rating":0,"private":0,"password":""}