{"id":"gen9ubers-1978566451","p1":"the tr4sh man","p2":"PinkScourge","format":"[Gen 9] Ubers","log":"|j|\u2606the tr4sh man\n|j|\u2606PinkScourge\n|t:|1698557186\n|gametype|singles\n|player|p1|the tr4sh man|xerosic|\n|player|p2|PinkScourge|bede-leader|\n|teamsize|p1|6\n|teamsize|p2|6\n|gen|9\n|tier|[Gen 9] Ubers\n|rule|Sleep Clause Mod: Limit one foe put to sleep\n|rule|Species Clause: Limit one of each Pok\u00e9mon\n|rule|OHKO Clause: OHKO moves are banned\n|rule|Evasion Items Clause: Evasion items are banned\n|rule|Evasion Moves Clause: Evasion moves are banned\n|rule|Endless Battle Clause: Forcing endless battles is banned\n|rule|HP Percentage Mod: HP is shown in percentages\n|clearpoke\n|poke|p1|Magearna|\n|poke|p1|Dialga|\n|poke|p1|Chi-Yu|\n|poke|p1|Palafin, F|\n|poke|p1|Spectrier|\n|poke|p1|Shaymin-Sky|\n|poke|p2|Indeedee-F, F|\n|poke|p2|Arceus-Psychic|\n|poke|p2|Palkia|\n|poke|p2|Alomomola, F|\n|poke|p2|Mandibuzz, F|\n|poke|p2|Slowking-Galar, F|\n|teampreview\n|inactive|Battle timer is ON: inactive players will automatically lose when time's up. (requested by PinkScourge)\n|c|\u2606the tr4sh man|glhf\n|\n|t:|1698557214\n|start\n|switch|p1a: Dialga|Dialga|100\/100\n|switch|p2a: Slowking|Slowking-Galar, F|100\/100\n|-ability|p1a: Dialga|Pressure\n|turn|1\n|c|\u2606PinkScourge|GL!\n|\n|t:|1698557220\n|move|p1a: Dialga|Stealth Rock|p2a: Slowking\n|-sidestart|p2: PinkScourge|move: Stealth Rock\n|move|p2a: Slowking|Future Sight|p1a: Dialga\n|-start|p2a: Slowking|move: Future Sight\n|\n|upkeep\n|turn|2\n|\n|t:|1698557223\n|switch|p1a: Chi-Yu|Chi-Yu|100\/100\n|-ability|p1a: Chi-Yu|Beads of Ruin\n|move|p2a: Slowking|Chilly Reception|p2a: Slowking\n|-weather|Snow\n|\n|t:|1698557233\n|switch|p2a: Palkia|Palkia|100\/100|[from] Chilly Reception\n|-damage|p2a: Palkia|88\/100|[from] Stealth Rock\n|-ability|p2a: Palkia|Pressure\n|\n|-weather|Snow|[upkeep]\n|upkeep\n|turn|3\n|\n|t:|1698557241\n|move|p1a: Chi-Yu|Dark Pulse|p2a: Palkia\n|-damage|p2a: Palkia|20\/100\n|move|p2a: Palkia|Surf|p1a: Chi-Yu\n|-supereffective|p1a: Chi-Yu\n|-damage|p1a: Chi-Yu|0 fnt\n|faint|p1a: Chi-Yu\n|\n|-weather|Snow|[upkeep]\n|-hint|Future Sight did not hit because the target is fainted.\n|upkeep\n|\n|t:|1698557247\n|switch|p1a: Spectrier|Spectrier|100\/100\n|turn|4\n|\n|t:|1698557263\n|switch|p2a: Alomomola|Alomomola, F|100\/100\n|-damage|p2a: Alomomola|88\/100|[from] Stealth Rock\n|move|p1a: Spectrier|Draining Kiss|p2a: Alomomola\n|-damage|p2a: Alomomola|63\/100\n|-damage|p1a: Spectrier|84\/100|[from] item: Rocky Helmet|[of] p2a: Alomomola\n|\n|-weather|Snow|[upkeep]\n|upkeep\n|turn|5\n|\n|t:|1698557274\n|switch|p1a: Magearna|Magearna|100\/100\n|move|p2a: Alomomola|Wish|p2a: Alomomola\n|\n|-weather|Snow|[upkeep]\n|upkeep\n|turn|6\n|\n|t:|1698557278\n|move|p1a: Magearna|Volt Switch|p2a: Alomomola\n|-supereffective|p2a: Alomomola\n|-damage|p2a: Alomomola|0 fnt\n|faint|p2a: Alomomola\n|-ability|p1a: Magearna|Soul-Heart|boost\n|-boost|p1a: Magearna|spa|1\n|\n|t:|1698557281\n|switch|p1a: Palafin|Palafin, F|100\/100|[from] Volt Switch\n|\n|-weather|none\n|upkeep\n|\n|t:|1698557296\n|switch|p2a: Arceus|Arceus-Psychic|100\/100\n|-damage|p2a: Arceus|88\/100|[from] Stealth Rock\n|turn|7\n|\n|t:|1698557299\n|move|p1a: Palafin|Flip Turn|p2a: Arceus\n|-damage|p2a: Arceus|79\/100\n|\n|t:|1698557304\n|detailschange|p1a: Palafin|Palafin-Hero, F\n|switch|p1a: Shaymin|Shaymin-Sky|100\/100|[from] Flip Turn\n|move|p2a: Arceus|Future Sight|p1a: Shaymin\n|-start|p2a: Arceus|move: Future Sight\n|\n|upkeep\n|turn|8\n|\n|t:|1698557318\n|move|p1a: Shaymin|Air Slash|p2a: Arceus\n|-damage|p2a: Arceus|40\/100\n|move|p2a: Arceus|Recover|p2a: Arceus\n|-heal|p2a: Arceus|90\/100\n|\n|upkeep\n|turn|9\n|\n|t:|1698557323\n|switch|p2a: Slowking|Slowking-Galar, F|100\/100\n|move|p1a: Shaymin|Air Slash|p2a: Slowking\n|-damage|p2a: Slowking|69\/100\n|\n|-end|p1a: Shaymin|move: Future Sight\n|-damage|p1a: Shaymin|20\/100\n|upkeep\n|turn|10\n|\n|t:|1698557331\n|switch|p1a: Dialga|Dialga|100\/100\n|-ability|p1a: Dialga|Pressure\n|move|p2a: Slowking|Future Sight|p1a: Dialga\n|-start|p2a: Slowking|move: Future Sight\n|\n|upkeep\n|turn|11\n|\n|t:|1698557334\n|move|p1a: Dialga|Steel Beam|p2a: Slowking\n|-damage|p2a: Slowking|0 fnt\n|-damage|p1a: Dialga|50\/100|[from] steelbeam\n|faint|p2a: Slowking\n|\n|upkeep\n|\n|t:|1698557341\n|switch|p2a: Indeedee|Indeedee-F, F|100\/100\n|-damage|p2a: Indeedee|88\/100|[from] Stealth Rock\n|-fieldstart|move: Psychic Terrain|[from] ability: Psychic Surge|[of] p2a: Indeedee\n|turn|12\n|\n|t:|1698557347\n|switch|p2a: Mandibuzz|Mandibuzz, F|100\/100\n|move|p1a: Dialga|Steel Beam|p2a: Mandibuzz\n|-damage|p2a: Mandibuzz|23\/100\n|-damage|p1a: Dialga|0 fnt|[from] steelbeam\n|faint|p1a: Dialga\n|\n|-hint|Future Sight did not hit because the target is fainted.\n|upkeep\n|\n|t:|1698557353\n|switch|p1a: Shaymin|Shaymin-Sky|20\/100\n|turn|13\n|\n|t:|1698557360\n|move|p1a: Shaymin|Air Slash|p2a: Mandibuzz\n|-damage|p2a: Mandibuzz|0 fnt\n|faint|p2a: Mandibuzz\n|\n|upkeep\n|\n|t:|1698557367\n|switch|p2a: Indeedee|Indeedee-F, F|88\/100\n|-damage|p2a: Indeedee|75\/100|[from] Stealth Rock\n|turn|14\n|c|\u2606the tr4sh man|i love how mandibuzz ate that steel beam\n|\n|t:|1698557374\n|move|p1a: Shaymin|Air Slash|p2a: Indeedee\n|-damage|p2a: Indeedee|24\/100\n|cant|p2a: Indeedee|flinch\n|\n|upkeep\n|turn|15\n|\n|t:|1698557379\n|move|p1a: Shaymin|Air Slash|p2a: Indeedee\n|-damage|p2a: Indeedee|0 fnt\n|faint|p2a: Indeedee\n|\n|upkeep\n|\n|t:|1698557382\n|switch|p2a: Arceus|Arceus-Psychic|90\/100\n|-damage|p2a: Arceus|78\/100|[from] Stealth Rock\n|turn|16\n|\n|t:|1698557386\n|move|p1a: Shaymin|Air Slash|p2a: Arceus\n|-damage|p2a: Arceus|39\/100\n|cant|p2a: Arceus|flinch\n|\n|upkeep\n|turn|17\n|\n|t:|1698557389\n|move|p1a: Shaymin|Air Slash|p2a: Arceus\n|-damage|p2a: Arceus|2\/100\n|move|p2a: Arceus|Recover|p2a: Arceus\n|-heal|p2a: Arceus|52\/100\n|\n|upkeep\n|turn|18\n|\n|t:|1698557395\n|move|p1a: Shaymin|Air Slash|p2a: Arceus\n|-damage|p2a: Arceus|16\/100\n|move|p2a: Arceus|Recover|p2a: Arceus\n|-heal|p2a: Arceus|66\/100\n|\n|upkeep\n|turn|19\n|\n|t:|1698557400\n|move|p1a: Shaymin|Air Slash|p2a: Arceus\n|-damage|p2a: Arceus|28\/100\n|move|p2a: Arceus|Future Sight|p1a: Shaymin\n|-start|p2a: Arceus|move: Future Sight\n|\n|-fieldend|move: Psychic Terrain\n|upkeep\n|turn|20\n|\n|t:|1698557408\n|move|p1a: Shaymin|Air Slash|p2a: Arceus\n|-damage|p2a: Arceus|0 fnt\n|faint|p2a: Arceus\n|\n|upkeep\n|\n|t:|1698557412\n|switch|p2a: Palkia|Palkia|20\/100\n|-damage|p2a: Palkia|7\/100|[from] Stealth Rock\n|-ability|p2a: Palkia|Pressure\n|turn|21\n|c|\u2606PinkScourge|GG\n|\n|t:|1698557417\n|move|p1a: Shaymin|Air Slash|p2a: Palkia\n|-damage|p2a: Palkia|0 fnt\n|faint|p2a: Palkia\n|\n|win|the tr4sh man\n|c|\u2606the tr4sh man|gg!\n","uploadtime":1698557421,"views":14,"p1id":"thetr4shman","p2id":"pinkscourge","formatid":"gen9ubers","rating":0,"private":0,"password":""}