{"id":"gen9ubers-1982684511","p1":"AlicieLizzie","p2":"LadyMaria-Blue","format":"[Gen 9] Ubers","log":"|j|\u2606AlicieLizzie\n|j|\u2606LadyMaria-Blue\n|t:|1699035608\n|gametype|singles\n|player|p1|AlicieLizzie|marnie-masters3|\n|player|p2|LadyMaria-Blue|cynthia|\n|teamsize|p1|6\n|teamsize|p2|6\n|gen|9\n|tier|[Gen 9] Ubers\n|rule|Sleep Clause Mod: Limit one foe put to sleep\n|rule|Species Clause: Limit one of each Pok\u00e9mon\n|rule|OHKO Clause: OHKO moves are banned\n|rule|Evasion Items Clause: Evasion items are banned\n|rule|Evasion Moves Clause: Evasion moves are banned\n|rule|Endless Battle Clause: Forcing endless battles is banned\n|rule|HP Percentage Mod: HP is shown in percentages\n|clearpoke\n|poke|p1|Magearna|\n|poke|p1|Ursaluna-Bloodmoon, M|\n|poke|p1|Snorlax, F|\n|poke|p1|Alomomola, F|\n|poke|p1|Dialga|\n|poke|p1|Garganacl, F|\n|poke|p2|Torkoal, F|\n|poke|p2|Roaring Moon|\n|poke|p2|Magearna|\n|poke|p2|Volcanion|\n|poke|p2|Chi-Yu|\n|poke|p2|Walking Wake|\n|teampreview\n|inactive|Battle timer is ON: inactive players will automatically lose when time's up. (requested by AlicieLizzie)\n|\n|t:|1699035625\n|start\n|switch|p1a: smth smth jojos|Dialga|100\/100\n|switch|p2a: Torkoal|Torkoal, F|100\/100\n|-ability|p1a: smth smth jojos|Pressure\n|-weather|SunnyDay|[from] ability: Drought|[of] p2a: Torkoal\n|turn|1\n|inactive|LadyMaria-Blue has 270 seconds left.\n|\n|t:|1699035660\n|move|p1a: smth smth jojos|Stealth Rock|p2a: Torkoal\n|-sidestart|p2: LadyMaria-Blue|move: Stealth Rock\n|move|p2a: Torkoal|Rapid Spin|p1a: smth smth jojos\n|-resisted|p1a: smth smth jojos\n|-damage|p1a: smth smth jojos|97\/100\n|-boost|p2a: Torkoal|spe|1\n|-sideend|p2: LadyMaria-Blue|Stealth Rock|[from] move: Rapid Spin|[of] p2a: Torkoal\n|\n|-weather|SunnyDay|[upkeep]\n|-heal|p1a: smth smth jojos|100\/100|[from] item: Leftovers\n|upkeep\n|turn|2\n|c|\u2606AlicieLizzie|you\n|\n|t:|1699035674\n|switch|p2a: Volcanion|Volcanion|100\/100\n|move|p1a: smth smth jojos|Trick Room|p1a: smth smth jojos\n|-fieldstart|move: Trick Room|[of] p1a: smth smth jojos\n|\n|-weather|SunnyDay|[upkeep]\n|upkeep\n|turn|3\n|inactive|LadyMaria-Blue has 270 seconds left.\n|\n|t:|1699035713\n|switch|p1a: sodium chloride|Garganacl, F|100\/100\n|move|p2a: Volcanion|Substitute|p2a: Volcanion\n|-start|p2a: Volcanion|Substitute\n|-damage|p2a: Volcanion|75\/100\n|\n|-weather|SunnyDay|[upkeep]\n|upkeep\n|turn|4\n|\n|t:|1699035719\n|move|p1a: sodium chloride|Salt Cure|p2a: Volcanion\n|-supereffective|p2a: Volcanion\n|-activate|p2a: Volcanion|move: Substitute|[damage]\n|move|p2a: Volcanion|Earth Power|p1a: sodium chloride\n|-supereffective|p1a: sodium chloride\n|-damage|p1a: sodium chloride|50\/100\n|\n|-weather|SunnyDay|[upkeep]\n|-heal|p1a: sodium chloride|57\/100|[from] item: Leftovers\n|upkeep\n|turn|5\n|\n|t:|1699035734\n|switch|p1a: fish 3|Alomomola, F|100\/100\n|move|p2a: Volcanion|Earth Power|p1a: fish 3\n|-damage|p1a: fish 3|69\/100\n|\n|-weather|SunnyDay|[upkeep]\n|-heal|p1a: fish 3|75\/100|[from] item: Leftovers\n|upkeep\n|turn|6\n|\n|t:|1699035744\n|move|p1a: fish 3|Wish|p1a: fish 3\n|move|p2a: Volcanion|Flamethrower|p1a: fish 3\n|-resisted|p1a: fish 3\n|-damage|p1a: fish 3|38\/100\n|\n|-weather|SunnyDay|[upkeep]\n|-heal|p1a: fish 3|45\/100|[from] item: Leftovers\n|-fieldend|move: Trick Room\n|upkeep\n|turn|7\n|\n|t:|1699035749\n|move|p2a: Volcanion|Earth Power|p1a: fish 3\n|-damage|p1a: fish 3|13\/100\n|-unboost|p1a: fish 3|spd|1\n|move|p1a: fish 3|Flip Turn|p2a: Volcanion\n|-heal|p2a: Volcanion|100\/100|[from] ability: Water Absorb|[of] p1a: fish 3\n|\n|-weather|SunnyDay|[upkeep]\n|-heal|p1a: fish 3|63\/100|[from] move: Wish|[wisher] fish 3\n|-heal|p1a: fish 3|69\/100|[from] item: Leftovers\n|upkeep\n|turn|8\n|\n|t:|1699035761\n|move|p2a: Volcanion|Earth Power|p1a: fish 3\n|-damage|p1a: fish 3|20\/100\n|move|p1a: fish 3|Wish|p1a: fish 3\n|\n|-weather|none\n|-heal|p1a: fish 3|26\/100|[from] item: Leftovers\n|upkeep\n|turn|9\n|\n|t:|1699035766\n|move|p1a: fish 3|Protect|p1a: fish 3\n|-singleturn|p1a: fish 3|Protect\n|move|p2a: Volcanion|Earth Power|p1a: fish 3\n|-activate|p1a: fish 3|move: Protect\n|\n|-heal|p1a: fish 3|76\/100|[from] move: Wish|[wisher] fish 3\n|-heal|p1a: fish 3|82\/100|[from] item: Leftovers\n|upkeep\n|turn|10\n|\n|t:|1699035776\n|switch|p1a: smth smth jojos|Dialga|100\/100\n|-ability|p1a: smth smth jojos|Pressure\n|move|p2a: Volcanion|Earth Power|p1a: smth smth jojos\n|-supereffective|p1a: smth smth jojos\n|-damage|p1a: smth smth jojos|50\/100\n|\n|-heal|p1a: smth smth jojos|56\/100|[from] item: Leftovers\n|upkeep\n|turn|11\n|\n|t:|1699035792\n|-terastallize|p1a: smth smth jojos|Flying\n|move|p2a: Volcanion|Earth Power|p1a: smth smth jojos\n|-immune|p1a: smth smth jojos\n|move|p1a: smth smth jojos|Trick Room|p1a: smth smth jojos\n|-fieldstart|move: Trick Room|[of] p1a: smth smth jojos\n|\n|-heal|p1a: smth smth jojos|62\/100|[from] item: Leftovers\n|upkeep\n|turn|12\n|\n|t:|1699035799\n|move|p2a: Volcanion|Steam Eruption|p1a: smth smth jojos\n|-damage|p1a: smth smth jojos|24\/100\n|-status|p1a: smth smth jojos|brn\n|move|p1a: smth smth jojos|Draco Meteor|p2a: Volcanion\n|-end|p2a: Volcanion|Substitute\n|-unboost|p1a: smth smth jojos|spa|2\n|\n|-heal|p1a: smth smth jojos|30\/100 brn|[from] item: Leftovers\n|-damage|p1a: smth smth jojos|24\/100 brn|[from] brn\n|upkeep\n|turn|13\n|\n|t:|1699035808\n|move|p2a: Volcanion|Steam Eruption|p1a: smth smth jojos\n|-damage|p1a: smth smth jojos|0 fnt\n|faint|p1a: smth smth jojos\n|\n|upkeep\n|\n|t:|1699035812\n|switch|p1a: your mother|Snorlax, F|100\/100\n|turn|14\n|\n|t:|1699035817\n|switch|p2a: Torkoal|Torkoal, F|100\/100\n|-weather|SunnyDay|[from] ability: Drought|[of] p2a: Torkoal\n|move|p1a: your mother|Belly Drum|p1a: your mother\n|-damage|p1a: your mother|50\/100\n|-setboost|p1a: your mother|atk|6|[from] move: Belly Drum\n|-enditem|p1a: your mother|Figy Berry|[eat]\n|-heal|p1a: your mother|84\/100|[from] item: Figy Berry\n|\n|-weather|SunnyDay|[upkeep]\n|upkeep\n|turn|15\n|\n|t:|1699035821\n|move|p2a: Torkoal|Yawn|p1a: your mother\n|-start|p1a: your mother|move: Yawn|[of] p2a: Torkoal\n|move|p1a: your mother|Body Slam|p2a: Torkoal\n|-damage|p2a: Torkoal|0 fnt\n|faint|p2a: Torkoal\n|\n|-weather|SunnyDay|[upkeep]\n|-fieldend|move: Trick Room\n|upkeep\n|\n|t:|1699035833\n|switch|p2a: Roaring Moon|Roaring Moon|100\/100\n|-activate|p2a: Roaring Moon|ability: Protosynthesis\n|-start|p2a: Roaring Moon|protosynthesisspe\n|turn|16\n|\n|t:|1699035836\n|move|p2a: Roaring Moon|Outrage|p1a: your mother\n|-damage|p1a: your mother|0 fnt\n|faint|p1a: your mother\n|\n|-weather|SunnyDay|[upkeep]\n|upkeep\n|\n|t:|1699035840\n|switch|p1a: see optimum pride|Magearna|100\/100\n|turn|17\n|\n|t:|1699035843\n|move|p2a: Roaring Moon|Outrage|p1a: see optimum pride|[from]lockedmove\n|-immune|p1a: see optimum pride\n|-start|p2a: Roaring Moon|confusion|[fatigue]\n|move|p1a: see optimum pride|Trick Room|p1a: see optimum pride\n|-fieldstart|move: Trick Room|[of] p1a: see optimum pride\n|\n|-weather|SunnyDay|[upkeep]\n|upkeep\n|turn|18\n|\n|t:|1699035848\n|-end|p2a: Roaring Moon|Protosynthesis|[silent]\n|switch|p2a: Volcanion|Volcanion|100\/100\n|move|p1a: see optimum pride|Fleur Cannon|p2a: Volcanion\n|-resisted|p2a: Volcanion\n|-damage|p2a: Volcanion|70\/100\n|-unboost|p1a: see optimum pride|spa|2\n|\n|-weather|SunnyDay|[upkeep]\n|upkeep\n|turn|19\n|\n|t:|1699035851\n|move|p1a: see optimum pride|Volt Switch|p2a: Volcanion\n|-supereffective|p2a: Volcanion\n|-damage|p2a: Volcanion|47\/100\n|\n|t:|1699035855\n|switch|p1a: fish 3|Alomomola, F|100\/100|[from] Volt Switch\n|move|p2a: Volcanion|Substitute|p2a: Volcanion\n|-start|p2a: Volcanion|Substitute\n|-damage|p2a: Volcanion|22\/100\n|\n|-weather|SunnyDay|[upkeep]\n|upkeep\n|turn|20\n|\n|t:|1699035860\n|move|p1a: fish 3|Wish|p1a: fish 3\n|move|p2a: Volcanion|Earth Power|p1a: fish 3\n|-damage|p1a: fish 3|66\/100\n|\n|-weather|SunnyDay|[upkeep]\n|-heal|p1a: fish 3|72\/100|[from] item: Leftovers\n|upkeep\n|turn|21\n|\n|t:|1699035866\n|switch|p1a: five at fred fnaf|Ursaluna-Bloodmoon, M|100\/100\n|move|p2a: Volcanion|Earth Power|p1a: five at fred fnaf\n|-damage|p1a: five at fred fnaf|67\/100\n|-unboost|p1a: five at fred fnaf|spd|1\n|\n|-weather|none\n|-heal|p1a: five at fred fnaf|100\/100|[from] move: Wish|[wisher] fish 3\n|-fieldend|move: Trick Room\n|upkeep\n|turn|22\n|\n|t:|1699035870\n|move|p2a: Volcanion|Steam Eruption|p1a: five at fred fnaf\n|-supereffective|p1a: five at fred fnaf\n|-damage|p1a: five at fred fnaf|0 fnt\n|faint|p1a: five at fred fnaf\n|\n|upkeep\n|\n|t:|1699035873\n|switch|p1a: sodium chloride|Garganacl, F|57\/100\n|turn|23\n|\n|t:|1699035885\n|move|p2a: Volcanion|Steam Eruption|p1a: sodium chloride\n|-supereffective|p1a: sodium chloride\n|-damage|p1a: sodium chloride|0 fnt\n|faint|p1a: sodium chloride\n|\n|upkeep\n|\n|t:|1699035890\n|switch|p1a: see optimum pride|Magearna|100\/100\n|turn|24\n|\n|t:|1699035893\n|move|p2a: Volcanion|Flamethrower|p1a: see optimum pride\n|-supereffective|p1a: see optimum pride\n|-damage|p1a: see optimum pride|34\/100\n|move|p1a: see optimum pride|Volt Switch|p2a: Volcanion\n|-supereffective|p2a: Volcanion\n|-end|p2a: Volcanion|Substitute\n|\n|t:|1699035896\n|switch|p1a: fish 3|Alomomola, F|100\/100|[from] Volt Switch\n|\n|upkeep\n|turn|25\n|\n|t:|1699035899\n|move|p2a: Volcanion|Earth Power|p1a: fish 3\n|-damage|p1a: fish 3|68\/100\n|move|p1a: fish 3|Wish|p1a: fish 3\n|\n|-heal|p1a: fish 3|75\/100|[from] item: Leftovers\n|upkeep\n|turn|26\n|\n|t:|1699035902\n|switch|p1a: see optimum pride|Magearna|34\/100\n|move|p2a: Volcanion|Earth Power|p1a: see optimum pride\n|-supereffective|p1a: see optimum pride\n|-damage|p1a: see optimum pride|0 fnt\n|faint|p1a: see optimum pride\n|\n|upkeep\n|\n|t:|1699035905\n|switch|p1a: fish 3|Alomomola, F|100\/100\n|turn|27\n|c|\u2606AlicieLizzie|well this team kinda sucks\n|-message|AlicieLizzie forfeited.\n|\n|win|LadyMaria-Blue\n|l|\u2606AlicieLizzie\n","uploadtime":1699035930,"views":14,"p1id":"alicielizzie","p2id":"ladymariablue","formatid":"gen9ubers","rating":0,"private":0,"password":""}