{"id":"gen9ubers-2000655535","p1":"yoSh13jR","p2":"Junky Dummy","format":"[Gen 9] Ubers","log":"|j|\u2606yoSh13jR\n|j|\u2606Junky Dummy\n|t:|1701215163\n|gametype|singles\n|player|p1|yoSh13jR|rocketgrunt|1084\n|player|p2|Junky Dummy|101|1303\n|teamsize|p1|6\n|teamsize|p2|6\n|gen|9\n|tier|[Gen 9] Ubers\n|rated|\n|rule|Sleep Clause Mod: Limit one foe put to sleep\n|rule|Species Clause: Limit one of each Pok\u00e9mon\n|rule|OHKO Clause: OHKO moves are banned\n|rule|Evasion Items Clause: Evasion items are banned\n|rule|Evasion Moves Clause: Evasion moves are banned\n|rule|Endless Battle Clause: Forcing endless battles is banned\n|rule|HP Percentage Mod: HP is shown in percentages\n|clearpoke\n|poke|p1|Volcarona, M|\n|poke|p1|Gliscor, F|\n|poke|p1|Mandibuzz, F|\n|poke|p1|Zacian-*|\n|poke|p1|Manaphy|\n|poke|p1|Scream Tail|\n|poke|p2|Gliscor, F|\n|poke|p2|Skeledirge, F|\n|poke|p2|Giratina-Origin|\n|poke|p2|Kyogre|\n|poke|p2|Zacian-*|\n|poke|p2|Miraidon|\n|teampreview\n|inactive|Battle timer is ON: inactive players will automatically lose when time's up. (requested by Junky Dummy)\n|\n|t:|1701215190\n|start\n|switch|p1a: Scream Tail|Scream Tail|100\/100\n|switch|p2a: Gliscor|Gliscor, F, shiny|100\/100\n|turn|1\n|inactive|Junky Dummy has 120 seconds left.\n|\n|t:|1701215244\n|move|p1a: Scream Tail|Stealth Rock|p2a: Gliscor\n|-sidestart|p2: Junky Dummy|move: Stealth Rock\n|move|p2a: Gliscor|Toxic|p1a: Scream Tail\n|-status|p1a: Scream Tail|tox\n|\n|-damage|p1a: Scream Tail|94\/100 tox|[from] psn\n|-status|p2a: Gliscor|tox|[from] item: Toxic Orb\n|upkeep\n|turn|2\n|\n|t:|1701215253\n|move|p1a: Scream Tail|Light Screen|p1a: Scream Tail\n|-sidestart|p1: yoSh13jR|move: Light Screen\n|move|p2a: Gliscor|Earthquake|p1a: Scream Tail\n|-damage|p1a: Scream Tail|65\/100 tox\n|\n|-heal|p1a: Scream Tail|71\/100 tox|[from] item: Leftovers\n|-damage|p1a: Scream Tail|59\/100 tox|[from] psn\n|upkeep\n|turn|3\n|\n|t:|1701215262\n|move|p1a: Scream Tail|Reflect|p1a: Scream Tail\n|-sidestart|p1: yoSh13jR|Reflect\n|move|p2a: Gliscor|Taunt|p1a: Scream Tail\n|-start|p1a: Scream Tail|move: Taunt\n|\n|-heal|p1a: Scream Tail|65\/100 tox|[from] item: Leftovers\n|-damage|p1a: Scream Tail|46\/100 tox|[from] psn\n|upkeep\n|turn|4\n|inactive|Junky Dummy has 120 seconds left.\n|\n|t:|1701215274\n|-end|p1a: Scream Tail|Protosynthesis|[silent]\n|switch|p1a: Zacian|Zacian-Crowned|100\/100\n|-ability|p1a: Zacian|Intrepid Sword|boost\n|-boost|p1a: Zacian|atk|1\n|move|p2a: Gliscor|Earthquake|p1a: Zacian\n|-supereffective|p1a: Zacian\n|-damage|p1a: Zacian|67\/100\n|\n|upkeep\n|turn|5\n|inactive|Junky Dummy has 120 seconds left.\n|\n|t:|1701215284\n|move|p1a: Zacian|Swords Dance|p1a: Zacian\n|-boost|p1a: Zacian|atk|2\n|move|p2a: Gliscor|Earthquake|p1a: Zacian\n|-supereffective|p1a: Zacian\n|-damage|p1a: Zacian|34\/100\n|\n|upkeep\n|turn|6\n|inactive|Junky Dummy has 120 seconds left.\n|\n|t:|1701215296\n|-terastallize|p1a: Zacian|Flying\n|move|p2a: Gliscor|Protect|p2a: Gliscor\n|-singleturn|p2a: Gliscor|Protect\n|move|p1a: Zacian|Swords Dance|p1a: Zacian\n|-boost|p1a: Zacian|atk|2\n|\n|-sideend|p1: yoSh13jR|move: Light Screen\n|upkeep\n|turn|7\n|\n|t:|1701215307\n|switch|p2a: Skeledirge|Skeledirge, F, shiny|100\/100\n|move|p1a: Zacian|Crunch|p2a: Skeledirge\n|-supereffective|p2a: Skeledirge\n|-damage|p2a: Skeledirge|58\/100\n|\n|-sideend|p1: yoSh13jR|Reflect\n|upkeep\n|turn|8\n|\n|t:|1701215314\n|move|p1a: Zacian|Crunch|p2a: Skeledirge\n|-supereffective|p2a: Skeledirge\n|-damage|p2a: Skeledirge|20\/100\n|move|p2a: Skeledirge|Will-O-Wisp|p1a: Zacian\n|-status|p1a: Zacian|brn\n|\n|-damage|p1a: Zacian|28\/100 brn|[from] brn\n|upkeep\n|turn|9\n|\n|t:|1701215321\n|move|p1a: Zacian|Crunch|p2a: Skeledirge\n|-supereffective|p2a: Skeledirge\n|-damage|p2a: Skeledirge|1\/100\n|move|p2a: Skeledirge|Slack Off|p2a: Skeledirge\n|-heal|p2a: Skeledirge|51\/100\n|\n|-damage|p1a: Zacian|21\/100 brn|[from] brn\n|upkeep\n|turn|10\n|\n|t:|1701215333\n|move|p1a: Zacian|Crunch|p2a: Skeledirge\n|-supereffective|p2a: Skeledirge\n|-damage|p2a: Skeledirge|32\/100\n|-unboost|p2a: Skeledirge|def|1\n|move|p2a: Skeledirge|Slack Off|p2a: Skeledirge\n|-heal|p2a: Skeledirge|82\/100\n|\n|-damage|p1a: Zacian|15\/100 brn|[from] brn\n|upkeep\n|turn|11\n|\n|t:|1701215340\n|move|p1a: Zacian|Crunch|p2a: Skeledirge\n|-supereffective|p2a: Skeledirge\n|-crit|p2a: Skeledirge\n|-damage|p2a: Skeledirge|39\/100\n|move|p2a: Skeledirge|Slack Off|p2a: Skeledirge\n|-heal|p2a: Skeledirge|89\/100\n|\n|-damage|p1a: Zacian|9\/100 brn|[from] brn\n|upkeep\n|turn|12\n|\n|t:|1701215350\n|move|p1a: Zacian|Crunch|p2a: Skeledirge\n|-supereffective|p2a: Skeledirge\n|-damage|p2a: Skeledirge|57\/100\n|move|p2a: Skeledirge|Slack Off|p2a: Skeledirge\n|-heal|p2a: Skeledirge|100\/100\n|\n|-damage|p1a: Zacian|3\/100 brn|[from] brn\n|upkeep\n|turn|13\n|\n|t:|1701215358\n|move|p1a: Zacian|Crunch|p2a: Skeledirge\n|-supereffective|p2a: Skeledirge\n|-damage|p2a: Skeledirge|71\/100\n|-unboost|p2a: Skeledirge|def|1\n|move|p2a: Skeledirge|Slack Off|p2a: Skeledirge\n|-heal|p2a: Skeledirge|100\/100\n|\n|-damage|p1a: Zacian|0 fnt|[from] brn\n|faint|p1a: Zacian\n|upkeep\n|\n|t:|1701215367\n|switch|p1a: Gliscor|Gliscor, F|100\/100\n|turn|14\n|\n|t:|1701215373\n|move|p1a: Gliscor|Taunt|p2a: Skeledirge\n|-start|p2a: Skeledirge|move: Taunt\n|cant|p2a: Skeledirge|move: Taunt|Will-O-Wisp\n|\n|-status|p1a: Gliscor|tox|[from] item: Toxic Orb\n|upkeep\n|turn|15\n|\n|t:|1701215381\n|switch|p2a: Gliscor|Gliscor, F, shiny|100\/100 tox\n|-damage|p2a: Gliscor|88\/100 tox|[from] Stealth Rock\n|move|p1a: Gliscor|Toxic Spikes|p2a: Gliscor\n|-sidestart|p2: Junky Dummy|move: Toxic Spikes\n|\n|-heal|p2a: Gliscor|100\/100 tox|[from] ability: Poison Heal\n|upkeep\n|turn|16\n|\n|t:|1701215392\n|move|p2a: Gliscor|Taunt|p1a: Gliscor\n|-start|p1a: Gliscor|move: Taunt\n|cant|p1a: Gliscor|move: Taunt|Taunt\n|\n|upkeep\n|turn|17\n|\n|t:|1701215402\n|switch|p1a: Scream Tail|Scream Tail|46\/100 tox\n|switch|p2a: Giratina|Giratina-Origin, shiny|100\/100\n|-damage|p2a: Giratina|88\/100|[from] Stealth Rock\n|\n|-heal|p1a: Scream Tail|53\/100 tox|[from] item: Leftovers\n|-damage|p1a: Scream Tail|46\/100 tox|[from] psn\n|upkeep\n|turn|18\n|\n|t:|1701215417\n|move|p1a: Scream Tail|Wish|p1a: Scream Tail\n|move|p2a: Giratina|Hex|p1a: Scream Tail\n|-supereffective|p1a: Scream Tail\n|-damage|p1a: Scream Tail|0 fnt\n|faint|p1a: Scream Tail\n|-end|p1a: Scream Tail|Protosynthesis|[silent]\n|\n|upkeep\n|\n|t:|1701215423\n|switch|p1a: Mandibuzz|Mandibuzz, F|100\/100\n|turn|19\n|\n|t:|1701215427\n|move|p2a: Giratina|Defog|p1a: Mandibuzz\n|-unboost|p1a: Mandibuzz|evasion|1\n|-sideend|p2: Junky Dummy|Toxic Spikes|[from] move: Defog|[of] p2a: Giratina\n|-sideend|p2: Junky Dummy|Stealth Rock|[from] move: Defog|[of] p2a: Giratina\n|move|p1a: Mandibuzz|Foul Play|p2a: Giratina\n|-supereffective|p2a: Giratina\n|-damage|p2a: Giratina|48\/100\n|\n|upkeep\n|turn|20\n|\n|t:|1701215449\n|move|p2a: Giratina|Will-O-Wisp|p1a: Mandibuzz\n|-status|p1a: Mandibuzz|brn\n|move|p1a: Mandibuzz|Foul Play|p2a: Giratina\n|-supereffective|p2a: Giratina\n|-damage|p2a: Giratina|26\/100\n|\n|-damage|p1a: Mandibuzz|94\/100 brn|[from] brn\n|upkeep\n|turn|21\n|\n|t:|1701215465\n|move|p2a: Giratina|Draco Meteor|p1a: Mandibuzz\n|-damage|p1a: Mandibuzz|24\/100 brn\n|-unboost|p2a: Giratina|spa|2\n|move|p1a: Mandibuzz|U-turn|p2a: Giratina\n|-resisted|p2a: Giratina\n|-damage|p2a: Giratina|24\/100\n|\n|t:|1701215477\n|switch|p1a: Manaphy|Manaphy|100\/100|[from] U-turn\n|\n|upkeep\n|turn|22\n|inactive|Junky Dummy has 120 seconds left.\n|\n|t:|1701215516\n|switch|p2a: Miraidon|Miraidon|100\/100\n|-fieldstart|move: Electric Terrain|[from] ability: Hadron Engine|[of] p2a: Miraidon\n|move|p1a: Manaphy|Take Heart|p1a: Manaphy\n|-boost|p1a: Manaphy|spa|1\n|-boost|p1a: Manaphy|spd|1\n|\n|upkeep\n|turn|23\n|inactive|Junky Dummy has 120 seconds left.\n|\n|t:|1701215536\n|switch|p1a: Gliscor|Gliscor, F|100\/100 tox\n|move|p2a: Miraidon|Draco Meteor|p1a: Gliscor\n|-damage|p1a: Gliscor|0 fnt\n|-unboost|p2a: Miraidon|spa|2\n|faint|p1a: Gliscor\n|\n|upkeep\n|-message|yoSh13jR forfeited.\n|\n|win|Junky Dummy\n|raw|yoSh13jR's rating: 1084 &rarr; <strong>1073<\/strong><br \/>(-11 for losing)\n|raw|Junky Dummy's rating: 1284 &rarr; <strong>1296<\/strong><br \/>(+12 for winning)\n|l|\u2606yoSh13jR\n","uploadtime":1701215556,"views":2,"p1id":"yosh13jr","p2id":"junkydummy","formatid":"gen9ubers","rating":1073,"private":0,"password":""}