{"id":"gen9ubers-1980630063","p1":"AlicieLizzie","p2":"Laprasrules12","format":"[Gen 9] Ubers","log":"|j|\u2606AlicieLizzie\n|j|\u2606Laprasrules12\n|t:|1698805267\n|gametype|singles\n|player|p1|AlicieLizzie|marnie-masters3|\n|player|p2|Laprasrules12|lusamine-nihilego|\n|teamsize|p1|6\n|teamsize|p2|6\n|gen|9\n|tier|[Gen 9] Ubers\n|rule|Sleep Clause Mod: Limit one foe put to sleep\n|rule|Species Clause: Limit one of each Pok\u00e9mon\n|rule|OHKO Clause: OHKO moves are banned\n|rule|Evasion Items Clause: Evasion items are banned\n|rule|Evasion Moves Clause: Evasion moves are banned\n|rule|Endless Battle Clause: Forcing endless battles is banned\n|rule|HP Percentage Mod: HP is shown in percentages\n|clearpoke\n|poke|p1|Ninetales-Alola, F|\n|poke|p1|Kommo-o, F|\n|poke|p1|Zacian-*|\n|poke|p1|Ursaluna-Bloodmoon, M|\n|poke|p1|Palafin, M|\n|poke|p1|Arceus-Fire|\n|poke|p2|Arceus-Fighting|\n|poke|p2|Espathra, M|\n|poke|p2|Zacian-*|\n|poke|p2|Palkia-Origin|\n|poke|p2|Cyclizar, F|\n|poke|p2|Magearna-Original|\n|teampreview\n|inactive|Battle timer is ON: inactive players will automatically lose when time's up. (requested by AlicieLizzie)\n|inactive|Laprasrules12 also wants the timer to be on.\n|\n|t:|1698805274\n|start\n|switch|p1a: Fin Halen|Palafin, M|100\/100\n|switch|p2a: Pok\u00e9ball|Magearna-Original|100\/100\n|turn|1\n|\n|t:|1698805277\n|move|p1a: Fin Halen|Flip Turn|p2a: Pok\u00e9ball\n|-damage|p2a: Pok\u00e9ball|72\/100\n|\n|t:|1698805280\n|detailschange|p1a: Fin Halen|Palafin-Hero, M\n|switch|p1a: URSA\/LUNA|Ursaluna-Bloodmoon, M|100\/100|[from] Flip Turn\n|move|p2a: Pok\u00e9ball|Thunder Wave|p1a: URSA\/LUNA\n|-immune|p1a: URSA\/LUNA\n|\n|-heal|p2a: Pok\u00e9ball|79\/100|[from] item: Leftovers\n|upkeep\n|turn|2\n|c|\u2606Laprasrules12|Yeah i clicked the wrong move lol\n|\n|t:|1698805290\n|switch|p2a: Kratos|Arceus-Fighting, shiny|100\/100\n|move|p1a: URSA\/LUNA|Calm Mind|p1a: URSA\/LUNA\n|-boost|p1a: URSA\/LUNA|spa|1\n|-boost|p1a: URSA\/LUNA|spd|1\n|\n|upkeep\n|turn|3\n|c|\u2606AlicieLizzie|L\n|\n|t:|1698805298\n|move|p2a: Kratos|Cosmic Power|p2a: Kratos\n|-boost|p2a: Kratos|def|1\n|-boost|p2a: Kratos|spd|1\n|move|p1a: URSA\/LUNA|Blood Moon|p2a: Kratos\n|-damage|p2a: Kratos|43\/100\n|\n|upkeep\n|turn|4\n|\n|t:|1698805301\n|move|p2a: Kratos|Recover|p2a: Kratos\n|-heal|p2a: Kratos|93\/100\n|move|p1a: URSA\/LUNA|Calm Mind|p1a: URSA\/LUNA\n|-boost|p1a: URSA\/LUNA|spa|1\n|-boost|p1a: URSA\/LUNA|spd|1\n|\n|upkeep\n|turn|5\n|\n|t:|1698805304\n|move|p2a: Kratos|Cosmic Power|p2a: Kratos\n|-boost|p2a: Kratos|def|1\n|-boost|p2a: Kratos|spd|1\n|move|p1a: URSA\/LUNA|Blood Moon|p2a: Kratos\n|-damage|p2a: Kratos|34\/100\n|\n|upkeep\n|turn|6\n|\n|t:|1698805308\n|move|p2a: Kratos|Cosmic Power|p2a: Kratos\n|-boost|p2a: Kratos|def|1\n|-boost|p2a: Kratos|spd|1\n|move|p1a: URSA\/LUNA|Earth Power|p2a: Kratos\n|-damage|p2a: Kratos|7\/100\n|\n|upkeep\n|turn|7\n|\n|t:|1698805311\n|move|p2a: Kratos|Recover|p2a: Kratos\n|-heal|p2a: Kratos|57\/100\n|move|p1a: URSA\/LUNA|Blood Moon|p2a: Kratos\n|-damage|p2a: Kratos|15\/100\n|\n|upkeep\n|turn|8\n|\n|t:|1698805318\n|move|p2a: Kratos|Recover|p2a: Kratos\n|-heal|p2a: Kratos|65\/100\n|move|p1a: URSA\/LUNA|Earth Power|p2a: Kratos\n|-damage|p2a: Kratos|39\/100\n|\n|upkeep\n|turn|9\n|\n|t:|1698805323\n|move|p2a: Kratos|Body Press|p1a: URSA\/LUNA\n|-supereffective|p1a: URSA\/LUNA\n|-damage|p1a: URSA\/LUNA|0 fnt\n|faint|p1a: URSA\/LUNA\n|\n|upkeep\n|\n|t:|1698805335\n|switch|p1a: Fin Halen|Palafin-Hero, M|100\/100\n|-activate|p1a: Fin Halen|ability: Zero to Hero\n|turn|10\n|\n|t:|1698805340\n|move|p1a: Fin Halen|Jet Punch|p2a: Kratos\n|-damage|p2a: Kratos|28\/100\n|move|p2a: Kratos|Recover|p2a: Kratos\n|-heal|p2a: Kratos|78\/100\n|\n|upkeep\n|turn|11\n|\n|t:|1698805347\n|switch|p1a: Nine Inch Tails|Ninetales-Alola, F|100\/100\n|-weather|Snow|[from] ability: Snow Warning|[of] p1a: Nine Inch Tails\n|move|p2a: Kratos|Cosmic Power|p2a: Kratos\n|-boost|p2a: Kratos|def|1\n|-boost|p2a: Kratos|spd|1\n|\n|-weather|Snow|[upkeep]\n|upkeep\n|turn|12\n|\n|t:|1698805349\n|move|p1a: Nine Inch Tails|Aurora Veil|p1a: Nine Inch Tails\n|-sidestart|p1: AlicieLizzie|move: Aurora Veil\n|move|p2a: Kratos|Body Press|p1a: Nine Inch Tails\n|-damage|p1a: Nine Inch Tails|30\/100\n|\n|-weather|Snow|[upkeep]\n|upkeep\n|turn|13\n|\n|t:|1698805355\n|move|p1a: Nine Inch Tails|Moonblast|p2a: Kratos\n|-supereffective|p2a: Kratos\n|-damage|p2a: Kratos|60\/100\n|move|p2a: Kratos|Body Press|p1a: Nine Inch Tails\n|-crit|p1a: Nine Inch Tails\n|-damage|p1a: Nine Inch Tails|0 fnt\n|faint|p1a: Nine Inch Tails\n|\n|-weather|Snow|[upkeep]\n|upkeep\n|\n|t:|1698805366\n|switch|p1a: Arcs N\u2019 Roses|Arceus-Fire|100\/100\n|turn|14\n|\n|t:|1698805371\n|move|p1a: Arcs N\u2019 Roses|Dragon Dance|p1a: Arcs N\u2019 Roses\n|-boost|p1a: Arcs N\u2019 Roses|atk|1\n|-boost|p1a: Arcs N\u2019 Roses|spe|1\n|move|p2a: Kratos|Body Press|p1a: Arcs N\u2019 Roses\n|-damage|p1a: Arcs N\u2019 Roses|45\/100\n|\n|-weather|Snow|[upkeep]\n|upkeep\n|turn|15\n|\n|t:|1698805378\n|move|p1a: Arcs N\u2019 Roses|Flare Blitz|p2a: Kratos\n|-damage|p2a: Kratos|39\/100\n|-damage|p1a: Arcs N\u2019 Roses|37\/100|[from] Recoil\n|move|p2a: Kratos|Recover|p2a: Kratos\n|-heal|p2a: Kratos|89\/100\n|\n|-weather|none\n|upkeep\n|turn|16\n|\n|t:|1698805383\n|move|p1a: Arcs N\u2019 Roses|Flare Blitz|p2a: Kratos\n|-damage|p2a: Kratos|68\/100\n|-damage|p1a: Arcs N\u2019 Roses|29\/100|[from] Recoil\n|move|p2a: Kratos|Body Press|p1a: Arcs N\u2019 Roses\n|-damage|p1a: Arcs N\u2019 Roses|0 fnt\n|faint|p1a: Arcs N\u2019 Roses\n|\n|upkeep\n|\n|t:|1698805390\n|switch|p1a: Zac Sabbath|Zacian|100\/100\n|-ability|p1a: Zac Sabbath|Intrepid Sword|boost\n|-boost|p1a: Zac Sabbath|atk|1\n|turn|17\n|\n|t:|1698805393\n|-terastallize|p2a: Kratos|Poison\n|move|p1a: Zac Sabbath|Play Rough|p2a: Kratos|[miss]\n|-miss|p1a: Zac Sabbath|p2a: Kratos\n|move|p2a: Kratos|Cosmic Power|p2a: Kratos\n|-boost|p2a: Kratos|def|1\n|-boost|p2a: Kratos|spd|1\n|\n|upkeep\n|turn|18\n|c|\u2606AlicieLizzie|bruh\n|c|\u2606Laprasrules12|Lol\n|\n|t:|1698805402\n|move|p1a: Zac Sabbath|Iron Head|p2a: Kratos\n|-damage|p2a: Kratos|62\/100\n|move|p2a: Kratos|Cosmic Power|p2a: Kratos\n|-boost|p2a: Kratos|def|1\n|-boost|p2a: Kratos|spd|1\n|\n|upkeep\n|turn|19\n|\n|t:|1698805407\n|move|p1a: Zac Sabbath|Iron Head|p2a: Kratos\n|-damage|p2a: Kratos|57\/100\n|move|p2a: Kratos|Stored Power|p1a: Zac Sabbath\n|-damage|p1a: Zac Sabbath|69\/100\n|\n|-heal|p1a: Zac Sabbath|75\/100|[from] item: Leftovers\n|-sideend|p1: AlicieLizzie|move: Aurora Veil\n|upkeep\n|turn|20\n|\n|t:|1698805410\n|move|p1a: Zac Sabbath|Iron Head|p2a: Kratos\n|-damage|p2a: Kratos|52\/100\n|move|p2a: Kratos|Recover|p2a: Kratos\n|-heal|p2a: Kratos|100\/100\n|\n|-heal|p1a: Zac Sabbath|81\/100|[from] item: Leftovers\n|upkeep\n|turn|21\n|\n|t:|1698805412\n|move|p1a: Zac Sabbath|Iron Head|p2a: Kratos\n|-damage|p2a: Kratos|95\/100\n|move|p2a: Kratos|Stored Power|p1a: Zac Sabbath\n|-crit|p1a: Zac Sabbath\n|-damage|p1a: Zac Sabbath|0 fnt\n|faint|p1a: Zac Sabbath\n|\n|upkeep\n|c|\u2606AlicieLizzie|LET ME CRIT GAME\n|\n|t:|1698805423\n|switch|p1a: Fin Halen|Palafin-Hero, M|100\/100\n|turn|22\n|c|\u2606Laprasrules12|GG\n|c|\u2606Laprasrules12|Ya crit last round\n|\n|t:|1698805428\n|move|p1a: Fin Halen|Wave Crash|p2a: Kratos\n|-damage|p2a: Kratos|80\/100\n|-damage|p1a: Fin Halen|94\/100|[from] Recoil\n|move|p2a: Kratos|Body Press|p1a: Fin Halen\n|-damage|p1a: Fin Halen|0 fnt\n|faint|p1a: Fin Halen\n|\n|upkeep\n|\n|t:|1698805433\n|switch|p1a: Fommo-o Fighters|Kommo-o, F|100\/100\n|turn|23\n|\n|t:|1698805435\n|move|p2a: Kratos|Stored Power|p1a: Fommo-o Fighters\n|-supereffective|p1a: Fommo-o Fighters\n|-damage|p1a: Fommo-o Fighters|0 fnt\n|faint|p1a: Fommo-o Fighters\n|\n|win|Laprasrules12\n","uploadtime":1698805439,"views":15,"p1id":"alicielizzie","p2id":"laprasrules12","formatid":"gen9ubers","rating":0,"private":0,"password":""}