{"id":"gen9ubers-1993803865","p1":"thebluewizzrobe","p2":"sonicknight15","format":"[Gen 9] Ubers","log":"|j|\u2606thebluewizzrobe\n|j|\u2606sonicknight15\n|t:|1700359251\n|gametype|singles\n|player|p1|thebluewizzrobe|cilan|\n|player|p2|sonicknight15|wallace|\n|teamsize|p1|6\n|teamsize|p2|6\n|gen|9\n|tier|[Gen 9] Ubers\n|rule|Sleep Clause Mod: Limit one foe put to sleep\n|rule|Species Clause: Limit one of each Pok\u00e9mon\n|rule|OHKO Clause: OHKO moves are banned\n|rule|Evasion Items Clause: Evasion items are banned\n|rule|Evasion Moves Clause: Evasion moves are banned\n|rule|Endless Battle Clause: Forcing endless battles is banned\n|rule|HP Percentage Mod: HP is shown in percentages\n|clearpoke\n|poke|p1|Ninetales-Alola, M|\n|poke|p1|Annihilape, M|\n|poke|p1|Glimmora, F|\n|poke|p1|Rotom-Heat|\n|poke|p1|Cacturne, F|\n|poke|p1|Masquerain, M|\n|poke|p2|Palafin, F|\n|poke|p2|Pelipper, M|\n|poke|p2|Iron Moth|\n|poke|p2|Iron Treads|\n|poke|p2|Garganacl, M|\n|poke|p2|Scizor, F|\n|teampreview\n|\n|t:|1700359269\n|start\n|switch|p1a: Angry Wings >:(|Masquerain, M|100\/100\n|switch|p2a: Minecraft DK|Garganacl, M, shiny|100\/100\n|-ability|p1a: Angry Wings >:(|Intimidate|boost\n|-unboost|p2a: Minecraft DK|atk|1\n|turn|1\n|\n|t:|1700359284\n|move|p1a: Angry Wings >:(|Sticky Web|p2a: Minecraft DK\n|-sidestart|p2: sonicknight15|move: Sticky Web\n|move|p2a: Minecraft DK|Stealth Rock|p1a: Angry Wings >:(\n|-sidestart|p1: thebluewizzrobe|move: Stealth Rock\n|\n|upkeep\n|turn|2\n|\n|t:|1700359309\n|switch|p1a: My Little Piglet|Annihilape, M|100\/100\n|-damage|p1a: My Little Piglet|94\/100|[from] Stealth Rock\n|move|p2a: Minecraft DK|Salt Cure|p1a: My Little Piglet\n|-resisted|p1a: My Little Piglet\n|-damage|p1a: My Little Piglet|90\/100\n|-start|p1a: My Little Piglet|Salt Cure\n|\n|-damage|p1a: My Little Piglet|78\/100|[from] Salt Cure\n|upkeep\n|turn|3\n|\n|t:|1700359338\n|switch|p2a: Lebowski|Pelipper, M|100\/100\n|-weather|RainDance|[from] ability: Drizzle|[of] p2a: Lebowski\n|move|p1a: My Little Piglet|Earthquake|p2a: Lebowski\n|-immune|p2a: Lebowski\n|\n|-weather|RainDance|[upkeep]\n|-damage|p1a: My Little Piglet|65\/100|[from] Salt Cure\n|upkeep\n|turn|4\n|\n|t:|1700359353\n|switch|p1a: Aurora Veil|Ninetales-Alola, M|100\/100\n|-damage|p1a: Aurora Veil|76\/100|[from] Stealth Rock\n|-weather|Snow|[from] ability: Snow Warning|[of] p1a: Aurora Veil\n|move|p2a: Lebowski|Hurricane|p1a: Aurora Veil\n|-damage|p1a: Aurora Veil|38\/100\n|\n|-weather|Snow|[upkeep]\n|upkeep\n|turn|5\n|\n|t:|1700359372\n|switch|p2a: Gwen|Scizor, F|100\/100\n|-activate|p2a: Gwen|move: Sticky Web\n|-unboost|p2a: Gwen|spe|1\n|move|p1a: Aurora Veil|Aurora Veil|p1a: Aurora Veil\n|-sidestart|p1: thebluewizzrobe|move: Aurora Veil\n|\n|-weather|Snow|[upkeep]\n|upkeep\n|turn|6\n|\n|t:|1700359390\n|switch|p1a: Literal Microwave|Rotom-Heat|100\/100\n|move|p2a: Gwen|Defog|p1a: Literal Microwave\n|-unboost|p1a: Literal Microwave|evasion|1\n|-sideend|p1: thebluewizzrobe|move: Aurora Veil\n|-sideend|p1: thebluewizzrobe|Stealth Rock|[from] move: Defog|[of] p2a: Gwen\n|-sideend|p2: sonicknight15|Sticky Web|[from] move: Defog|[of] p2a: Gwen\n|\n|-weather|Snow|[upkeep]\n|upkeep\n|turn|7\n|\n|t:|1700359412\n|switch|p2a: Minecraft DK|Garganacl, M, shiny|100\/100\n|move|p1a: Literal Microwave|Volt Switch|p2a: Minecraft DK\n|-damage|p2a: Minecraft DK|76\/100\n|\n|t:|1700359425\n|switch|p1a: It's Cactover|Cacturne, F|100\/100|[from] Volt Switch\n|\n|-weather|Snow|[upkeep]\n|-heal|p2a: Minecraft DK|82\/100|[from] item: Leftovers\n|upkeep\n|turn|8\n|\n|t:|1700359441\n|switch|p2a: Gwen|Scizor, F|100\/100\n|move|p1a: It's Cactover|Leaf Storm|p2a: Gwen|[miss]\n|-miss|p1a: It's Cactover|p2a: Gwen\n|\n|-weather|none\n|upkeep\n|turn|9\n|\n|t:|1700359451\n|switch|p1a: Literal Microwave|Rotom-Heat|100\/100\n|move|p2a: Gwen|U-turn|p1a: Literal Microwave\n|-resisted|p1a: Literal Microwave\n|-crit|p1a: Literal Microwave\n|-damage|p1a: Literal Microwave|66\/100\n|\n|t:|1700359466\n|switch|p2a: Nancy|Palafin, F, shiny|100\/100|[from] U-turn\n|\n|upkeep\n|turn|10\n|\n|t:|1700359474\n|switch|p1a: It's Cactover|Cacturne, F|100\/100\n|move|p2a: Nancy|Flip Turn|p1a: It's Cactover\n|-immune|p1a: It's Cactover|[from] ability: Water Absorb\n|\n|upkeep\n|turn|11\n|\n|t:|1700359500\n|detailschange|p2a: Nancy|Palafin-Hero, F, shiny\n|switch|p2a: Gwen|Scizor, F|100\/100\n|move|p1a: It's Cactover|Swords Dance|p1a: It's Cactover\n|-boost|p1a: It's Cactover|atk|2\n|\n|upkeep\n|turn|12\n|\n|t:|1700359536\n|-terastallize|p1a: It's Cactover|Ghost\n|move|p2a: Gwen|U-turn|p1a: It's Cactover\n|-resisted|p1a: It's Cactover\n|-damage|p1a: It's Cactover|69\/100\n|\n|t:|1700359548\n|switch|p2a: Minecraft DK|Garganacl, M, shiny|82\/100|[from] U-turn\n|move|p1a: It's Cactover|Swords Dance|p1a: It's Cactover\n|-boost|p1a: It's Cactover|atk|2\n|\n|-heal|p2a: Minecraft DK|88\/100|[from] item: Leftovers\n|upkeep\n|turn|13\n|\n|t:|1700359568\n|move|p1a: It's Cactover|Leaf Storm|p2a: Minecraft DK\n|-supereffective|p2a: Minecraft DK\n|-damage|p2a: Minecraft DK|0 fnt\n|-unboost|p1a: It's Cactover|spa|2\n|faint|p2a: Minecraft DK\n|-damage|p1a: It's Cactover|59\/100|[from] item: Life Orb\n|\n|upkeep\n|\n|t:|1700359582\n|switch|p2a: Philemon|Iron Moth, shiny|100\/100\n|-enditem|p2a: Philemon|Booster Energy\n|-activate|p2a: Philemon|ability: Quark Drive|[fromitem]\n|-start|p2a: Philemon|quarkdrivespe\n|turn|14\n|j| JcPenguin\n|\n|t:|1700359593\n|move|p1a: It's Cactover|Sucker Punch|p2a: Philemon\n|-damage|p2a: Philemon|0 fnt\n|faint|p2a: Philemon\n|-end|p2a: Philemon|Quark Drive|[silent]\n|-damage|p1a: It's Cactover|49\/100|[from] item: Life Orb\n|\n|upkeep\n|\n|t:|1700359604\n|switch|p2a: Gwen|Scizor, F|100\/100\n|turn|15\n|\n|t:|1700359611\n|move|p1a: It's Cactover|Sucker Punch|p2a: Gwen\n|-damage|p2a: Gwen|0 fnt\n|faint|p2a: Gwen\n|-damage|p1a: It's Cactover|39\/100|[from] item: Life Orb\n|\n|upkeep\n|\n|t:|1700359618\n|switch|p2a: Liberty|Iron Treads|100\/100\n|turn|16\n|\n|t:|1700359621\n|move|p1a: It's Cactover|Sucker Punch|p2a: Liberty\n|-damage|p2a: Liberty|0 fnt\n|faint|p2a: Liberty\n|-end|p2a: Liberty|Quark Drive|[silent]\n|-damage|p1a: It's Cactover|30\/100|[from] item: Life Orb\n|\n|upkeep\n|\n|t:|1700359628\n|switch|p2a: Lebowski|Pelipper, M|100\/100\n|-weather|RainDance|[from] ability: Drizzle|[of] p2a: Lebowski\n|turn|17\n|\n|t:|1700359634\n|move|p1a: It's Cactover|Sucker Punch|p2a: Lebowski\n|-damage|p2a: Lebowski|0 fnt\n|faint|p2a: Lebowski\n|-damage|p1a: It's Cactover|20\/100|[from] item: Life Orb\n|\n|-weather|RainDance|[upkeep]\n|upkeep\n|\n|t:|1700359640\n|switch|p2a: Nancy|Palafin-Hero, F, shiny|100\/100\n|-activate|p2a: Nancy|ability: Zero to Hero\n|turn|18\n|\n|t:|1700359648\n|move|p1a: It's Cactover|Sucker Punch|p2a: Nancy\n|-damage|p2a: Nancy|0 fnt\n|faint|p2a: Nancy\n|-damage|p1a: It's Cactover|10\/100|[from] item: Life Orb\n|\n|win|thebluewizzrobe\n|c|\u2606thebluewizzrobe|IT'S CACTOVERRRRR\n|l|\u2606sonicknight15\n|l| JcPenguin\n","uploadtime":1700359779,"views":33,"p1id":"thebluewizzrobe","p2id":"sonicknight15","formatid":"gen9ubers","rating":0,"private":0,"password":""}