{"id":"gen9ubers-1998271535","p1":"Yveltyy","p2":"Profesor Turo","format":"[Gen 9] Ubers","log":"|j|\u2606Yveltyy\n|j|\u2606Profesor Turo\n|t:|1700922892\n|gametype|singles\n|player|p1|Yveltyy|skierf|\n|player|p2|Profesor Turo|turo-ai|\n|teamsize|p1|6\n|teamsize|p2|6\n|gen|9\n|tier|[Gen 9] Ubers\n|rule|Sleep Clause Mod: Limit one foe put to sleep\n|rule|Species Clause: Limit one of each Pok\u00e9mon\n|rule|OHKO Clause: OHKO moves are banned\n|rule|Evasion Items Clause: Evasion items are banned\n|rule|Evasion Moves Clause: Evasion moves are banned\n|rule|Endless Battle Clause: Forcing endless battles is banned\n|rule|HP Percentage Mod: HP is shown in percentages\n|clearpoke\n|poke|p1|Sandaconda, F|\n|poke|p1|Gholdengo|\n|poke|p1|Blissey, F|\n|poke|p1|Slowking-Galar, F|\n|poke|p1|Zoroark-Hisui, M|\n|poke|p1|Darkrai|\n|poke|p2|Meowscarada, M|\n|poke|p2|Zoroark-Hisui, M|\n|poke|p2|Lurantis, F|\n|poke|p2|Slowking-Galar, M|\n|poke|p2|Polteageist|\n|poke|p2|Corviknight, F|\n|teampreview\n|inactive|Battle timer is ON: inactive players will automatically lose when time's up. (requested by Profesor Turo)\n|inactive|Yveltyy also wants the timer to be on.\n|c|\u2606Yveltyy|glhf\n|c|\u2606Profesor Turo|Glhf\n|inactive|Yveltyy has 270 seconds left.\n|\n|t:|1700922935\n|start\n|switch|p1a: Sandaconda|Sandaconda, F|100\/100\n|switch|p2a: Lurantis|Lurantis, F|100\/100\n|turn|1\n|inactive|Yveltyy has 270 seconds left.\n|\n|t:|1700922968\n|move|p1a: Sandaconda|Stealth Rock|p2a: Lurantis\n|-sidestart|p2: Profesor Turo|move: Stealth Rock\n|move|p2a: Lurantis|Leaf Storm|p1a: Sandaconda\n|-supereffective|p1a: Sandaconda\n|-damage|p1a: Sandaconda|0 fnt\n|-boost|p2a: Lurantis|spa|2\n|faint|p1a: Sandaconda\n|\n|upkeep\n|inactive|Yveltyy has 270 seconds left.\n|c|\u2606Yveltyy|am i stupid\n|\n|t:|1700922982\n|switch|p1a: Gholdengo|Gholdengo|100\/100\n|turn|2\n|\n|t:|1700922985\n|move|p1a: Gholdengo|Substitute|p1a: Gholdengo\n|-start|p1a: Gholdengo|Substitute\n|-damage|p1a: Gholdengo|76\/100\n|move|p2a: Lurantis|Leaf Storm|p1a: Gholdengo\n|-resisted|p1a: Gholdengo\n|-end|p1a: Gholdengo|Substitute\n|-boost|p2a: Lurantis|spa|2\n|\n|-heal|p1a: Gholdengo|82\/100|[from] item: Leftovers\n|upkeep\n|turn|3\n|inactive|Yveltyy has 270 seconds left.\n|c|\u2606Yveltyy|holy hell\n|\n|t:|1700923004\n|move|p1a: Gholdengo|Thunder Wave|p2a: Lurantis\n|-status|p2a: Lurantis|par\n|move|p2a: Lurantis|Leaf Storm|p1a: Gholdengo\n|-resisted|p1a: Gholdengo\n|-damage|p1a: Gholdengo|6\/100\n|-boost|p2a: Lurantis|spa|2\n|\n|-heal|p1a: Gholdengo|12\/100|[from] item: Leftovers\n|upkeep\n|turn|4\n|\n|t:|1700923010\n|move|p1a: Gholdengo|Iron Head|p2a: Lurantis\n|-damage|p2a: Lurantis|82\/100 par\n|move|p2a: Lurantis|Leaf Storm|p1a: Gholdengo\n|-resisted|p1a: Gholdengo\n|-damage|p1a: Gholdengo|0 fnt\n|faint|p1a: Gholdengo\n|\n|-heal|p2a: Lurantis|88\/100 par|[from] item: Leftovers\n|upkeep\n|inactive|Yveltyy has 270 seconds left.\n|\n|t:|1700923041\n|switch|p1a: Darkrai|Darkrai|100\/100\n|turn|5\n|\n|t:|1700923047\n|move|p1a: Darkrai|Substitute|p1a: Darkrai\n|-start|p1a: Darkrai|Substitute\n|-damage|p1a: Darkrai|75\/100\n|cant|p2a: Lurantis|par\n|\n|-heal|p1a: Darkrai|82\/100|[from] item: Leftovers\n|-heal|p2a: Lurantis|94\/100 par|[from] item: Leftovers\n|upkeep\n|turn|6\n|inactive|Yveltyy has 270 seconds left.\n|\n|t:|1700923052\n|move|p1a: Darkrai|Swords Dance|p1a: Darkrai\n|-boost|p1a: Darkrai|atk|2\n|move|p2a: Lurantis|Defog|p1a: Darkrai\n|-sideend|p2: Profesor Turo|Stealth Rock|[from] move: Defog|[of] p2a: Lurantis\n|\n|-heal|p1a: Darkrai|88\/100|[from] item: Leftovers\n|-heal|p2a: Lurantis|99\/100 par|[from] item: Leftovers\n|upkeep\n|turn|7\n|\n|t:|1700923061\n|move|p1a: Darkrai|Swords Dance|p1a: Darkrai\n|-boost|p1a: Darkrai|atk|2\n|cant|p2a: Lurantis|par\n|\n|-heal|p1a: Darkrai|94\/100|[from] item: Leftovers\n|-heal|p2a: Lurantis|100\/100 par|[from] item: Leftovers\n|upkeep\n|turn|8\n|\n|t:|1700923065\n|move|p1a: Darkrai|Swords Dance|p1a: Darkrai\n|-boost|p1a: Darkrai|atk|2\n|cant|p2a: Lurantis|par\n|\n|-heal|p1a: Darkrai|99\/100|[from] item: Leftovers\n|upkeep\n|turn|9\n|\n|t:|1700923069\n|move|p1a: Darkrai|Knock Off|p2a: Lurantis\n|-damage|p2a: Lurantis|0 fnt\n|-enditem|p2a: Lurantis|Leftovers|[from] move: Knock Off|[of] p1a: Darkrai\n|faint|p2a: Lurantis\n|\n|-heal|p1a: Darkrai|100\/100|[from] item: Leftovers\n|upkeep\n|c|\u2606Yveltyy|LMAO\n|c|\u2606Profesor Turo|guh\n|\n|t:|1700923079\n|switch|p2a: Meowscarada|Meowscarada, M|100\/100\n|turn|10\n|\n|t:|1700923084\n|move|p2a: Meowscarada|Aura Sphere|p1a: Darkrai\n|-supereffective|p1a: Darkrai\n|-end|p1a: Darkrai|Substitute\n|move|p1a: Darkrai|Knock Off|p2a: Meowscarada\n|-resisted|p2a: Meowscarada\n|-enditem|p2a: Meowscarada|Focus Sash\n|-damage|p2a: Meowscarada|1\/100\n|\n|upkeep\n|turn|11\n|\n|t:|1700923113\n|move|p2a: Meowscarada|Energy Ball|p1a: Darkrai\n|-damage|p1a: Darkrai|36\/100\n|-unboost|p1a: Darkrai|spd|1\n|move|p1a: Darkrai|Knock Off|p2a: Meowscarada\n|-resisted|p2a: Meowscarada\n|-damage|p2a: Meowscarada|0 fnt\n|faint|p2a: Meowscarada\n|\n|-heal|p1a: Darkrai|42\/100|[from] item: Leftovers\n|upkeep\n|\n|t:|1700923120\n|switch|p2a: Polteageist|Polteageist|100\/100\n|turn|12\n|\n|t:|1700923129\n|move|p1a: Darkrai|Knock Off|p2a: Polteageist\n|-supereffective|p2a: Polteageist\n|-enditem|p2a: Polteageist|Focus Sash\n|-damage|p2a: Polteageist|1\/100\n|-ability|p2a: Polteageist|Weak Armor|boost\n|-unboost|p2a: Polteageist|def|1\n|-boost|p2a: Polteageist|spe|2\n|move|p2a: Polteageist|Shell Smash|p2a: Polteageist\n|-unboost|p2a: Polteageist|def|1\n|-unboost|p2a: Polteageist|spd|1\n|-boost|p2a: Polteageist|atk|2\n|-boost|p2a: Polteageist|spa|2\n|-boost|p2a: Polteageist|spe|2\n|\n|-heal|p1a: Darkrai|48\/100|[from] item: Leftovers\n|upkeep\n|turn|13\n|c|\u2606Yveltyy|what does poltea even do\n|\n|t:|1700923147\n|move|p2a: Polteageist|Poltergeist|p1a: Darkrai\n|-activate|p1a: Darkrai|move: Poltergeist|Leftovers\n|-resisted|p1a: Darkrai\n|-damage|p1a: Darkrai|0 fnt\n|faint|p1a: Darkrai\n|\n|upkeep\n|c|\u2606Profesor Turo|damage\n|c|\u2606Yveltyy|oh i see\n|inactive|Yveltyy has 270 seconds left.\n|\n|t:|1700923179\n|switch|p1a: Blissey|Blissey, F|100\/100\n|turn|14\n|\n|t:|1700923188\n|move|p2a: Polteageist|Strength Sap|p1a: Blissey\n|-unboost|p1a: Blissey|atk|1\n|-heal|p2a: Polteageist|9\/100\n|move|p1a: Blissey|Thunder Wave|p2a: Polteageist\n|-status|p2a: Polteageist|par\n|\n|upkeep\n|turn|15\n|\n|t:|1700923201\n|move|p2a: Polteageist|Strength Sap|p1a: Blissey\n|-unboost|p1a: Blissey|atk|1\n|-heal|p2a: Polteageist|15\/100 par\n|move|p1a: Blissey|Charm|p2a: Polteageist\n|-unboost|p2a: Polteageist|atk|2\n|\n|upkeep\n|turn|16\n|\n|t:|1700923209\n|switch|p2a: Corviknight|Corviknight, F|100\/100\n|move|p1a: Blissey|Charm|p2a: Corviknight\n|-unboost|p2a: Corviknight|atk|2\n|\n|upkeep\n|turn|17\n|\n|t:|1700923215\n|move|p2a: Corviknight|Nasty Plot|p2a: Corviknight\n|-boost|p2a: Corviknight|spa|2\n|move|p1a: Blissey|Thunder Wave|p2a: Corviknight\n|-status|p2a: Corviknight|par\n|\n|upkeep\n|turn|18\n|inactive|Yveltyy has 270 seconds left.\n|c|\u2606Profesor Turo|nasty plot corv my beloved\n|c|\u2606Profesor Turo|you know whats even funnier then that\n|\n|t:|1700923241\n|switch|p1a: Blissey|Blissey, F|100\/100\n|move|p2a: Corviknight|Swords Dance|p2a: Corviknight\n|-boost|p2a: Corviknight|atk|2\n|\n|upkeep\n|turn|19\n|inactive|Yveltyy has 270 seconds left.\n|c|\u2606Yveltyy|holy hell\n|inactive|Yveltyy has 240 seconds left.\n|\n|t:|1700923277\n|move|p1a: Blissey|Knock Off|p2a: Corviknight\n|-supereffective|p2a: Corviknight\n|-damage|p2a: Corviknight|5\/100 par\n|replace|p2a: Zoroark|Zoroark-Hisui, M\n|-end|p2a: Zoroark|Illusion\n|-enditem|p2a: Zoroark|Focus Sash|[from] move: Knock Off|[of] p1a: Blissey\n|move|p2a: Zoroark|Comeuppance|p1a: Blissey\n|-damage|p1a: Blissey|0 fnt\n|replace|p1a: Zoroark|Zoroark-Hisui, M\n|-end|p1a: Zoroark|Illusion\n|faint|p1a: Zoroark\n|\n|upkeep\n|inactive|Yveltyy has 240 seconds left.\n|c|\u2606Yveltyy|insane horoark tech\n|c|\u2606Yveltyy|honestly impressed\n|c|\u2606Yveltyy|ggwp\n|-message|Yveltyy forfeited.\n|\n|win|Profesor Turo\n|c|\u2606Profesor Turo|Ggs\n|l|\u2606Profesor Turo\n","uploadtime":1700923309,"views":14,"p1id":"yveltyy","p2id":"profesorturo","formatid":"gen9ubers","rating":0,"private":0,"password":""}