{"id":"gen9ubers-1991540948","p1":"bigslim","p2":"V_T0rnadus","format":"[Gen 9] Ubers","log":"|j|\u2606bigslim\n|j|\u2606V_T0rnadus\n|t:|1700086486\n|gametype|singles\n|player|p1|bigslim|n|1055\n|player|p2|V_T0rnadus|youngcouple|1015\n|teamsize|p1|6\n|teamsize|p2|6\n|gen|9\n|tier|[Gen 9] Ubers\n|rated|\n|rule|Sleep Clause Mod: Limit one foe put to sleep\n|rule|Species Clause: Limit one of each Pok\u00e9mon\n|rule|OHKO Clause: OHKO moves are banned\n|rule|Evasion Items Clause: Evasion items are banned\n|rule|Evasion Moves Clause: Evasion moves are banned\n|rule|Endless Battle Clause: Forcing endless battles is banned\n|rule|HP Percentage Mod: HP is shown in percentages\n|clearpoke\n|poke|p1|Zacian-*|\n|poke|p1|Florges-Orange, F|\n|poke|p1|Groudon|\n|poke|p1|Inteleon, F|\n|poke|p1|Decidueye-Hisui, F|\n|poke|p1|Charizard, M|\n|poke|p2|Miraidon|\n|poke|p2|Chien-Pao|\n|poke|p2|Volcarona, M|\n|poke|p2|Iron Bundle|\n|poke|p2|Chi-Yu|\n|poke|p2|Baxcalibur, M|\n|teampreview\n|\n|t:|1700086520\n|start\n|switch|p1a: Inteleon|Inteleon, F|100\/100\n|switch|p2a: Iron Bundle|Iron Bundle|100\/100\n|turn|1\n|\n|t:|1700086530\n|move|p2a: Iron Bundle|Freeze-Dry|p1a: Inteleon\n|-supereffective|p1a: Inteleon\n|-damage|p1a: Inteleon|0 fnt\n|faint|p1a: Inteleon\n|\n|upkeep\n|\n|t:|1700086544\n|switch|p1a: Charizard|Charizard, M|100\/100\n|turn|2\n|\n|t:|1700086560\n|move|p2a: Iron Bundle|Freeze-Dry|p1a: Charizard\n|-damage|p1a: Charizard|50\/100\n|move|p1a: Charizard|Fire Pledge|p2a: Iron Bundle\n|-damage|p2a: Iron Bundle|28\/100\n|\n|upkeep\n|turn|3\n|\n|t:|1700086577\n|move|p2a: Iron Bundle|Flip Turn|p1a: Charizard\n|-supereffective|p1a: Charizard\n|-damage|p1a: Charizard|3\/100\n|\n|t:|1700086585\n|-end|p2a: Iron Bundle|Quark Drive|[silent]\n|switch|p2a: Baxcalibur|Baxcalibur, M|100\/100|[from] Flip Turn\n|move|p1a: Charizard|Dragon Pulse|p2a: Baxcalibur\n|-supereffective|p2a: Baxcalibur\n|-damage|p2a: Baxcalibur|50\/100\n|\n|upkeep\n|turn|4\n|\n|t:|1700086592\n|move|p1a: Charizard|Fire Blast|p2a: Baxcalibur\n|-crit|p2a: Baxcalibur\n|-damage|p2a: Baxcalibur|0 fnt\n|faint|p2a: Baxcalibur\n|\n|upkeep\n|\n|t:|1700086601\n|switch|p2a: Chi-Yu|Chi-Yu|100\/100\n|-ability|p2a: Chi-Yu|Beads of Ruin\n|turn|5\n|\n|t:|1700086611\n|move|p1a: Charizard|Air Cutter|p2a: Chi-Yu\n|-damage|p2a: Chi-Yu|67\/100\n|move|p2a: Chi-Yu|Dark Pulse|p1a: Charizard\n|-damage|p1a: Charizard|0 fnt\n|faint|p1a: Charizard\n|\n|upkeep\n|\n|t:|1700086622\n|switch|p1a: Groudon|Groudon|100\/100\n|-weather|SunnyDay|[from] ability: Drought|[of] p1a: Groudon\n|turn|6\n|\n|t:|1700086656\n|-terastallize|p2a: Chi-Yu|Dark\n|move|p1a: Groudon|Precipice Blades|p2a: Chi-Yu\n|-damage|p2a: Chi-Yu|0 fnt\n|faint|p2a: Chi-Yu\n|\n|-weather|SunnyDay|[upkeep]\n|upkeep\n|\n|t:|1700086661\n|switch|p2a: Iron Bundle|Iron Bundle|28\/100\n|turn|7\n|c|\u2606bigslim|flying tera???w\n|c|\u2606bigslim|im kinda predicting it\n|\n|t:|1700086697\n|move|p1a: Groudon|Precipice Blades|p2a: Iron Bundle|[miss]\n|-miss|p1a: Groudon|p2a: Iron Bundle\n|move|p2a: Iron Bundle|Freeze-Dry|p1a: Groudon\n|-supereffective|p1a: Groudon\n|-damage|p1a: Groudon|25\/100\n|\n|-weather|SunnyDay|[upkeep]\n|upkeep\n|turn|8\n|\n|t:|1700086707\n|move|p1a: Groudon|Precipice Blades|p2a: Iron Bundle\n|-damage|p2a: Iron Bundle|0 fnt\n|faint|p2a: Iron Bundle\n|-end|p2a: Iron Bundle|Quark Drive|[silent]\n|\n|-weather|SunnyDay|[upkeep]\n|upkeep\n|\n|t:|1700086716\n|switch|p2a: Chien-Pao|Chien-Pao|100\/100\n|-ability|p2a: Chien-Pao|Sword of Ruin\n|turn|9\n|\n|t:|1700086722\n|move|p1a: Groudon|Precipice Blades|p2a: Chien-Pao\n|-damage|p2a: Chien-Pao|12\/100\n|move|p2a: Chien-Pao|Icicle Crash|p1a: Groudon\n|-supereffective|p1a: Groudon\n|-damage|p1a: Groudon|0 fnt\n|faint|p1a: Groudon\n|\n|-weather|SunnyDay|[upkeep]\n|upkeep\n|\n|t:|1700086731\n|switch|p1a: Decidueye|Decidueye-Hisui, F|100\/100\n|turn|10\n|inactive|Battle timer is ON: inactive players will automatically lose when time's up. (requested by bigslim)\n|\n|t:|1700086785\n|move|p2a: Chien-Pao|Icicle Crash|p1a: Decidueye\n|-supereffective|p1a: Decidueye\n|-damage|p1a: Decidueye|0 fnt\n|faint|p1a: Decidueye\n|\n|-weather|none\n|upkeep\n|\n|t:|1700086792\n|switch|p1a: Florges|Florges-Orange, F|100\/100\n|turn|11\n|\n|t:|1700086799\n|move|p2a: Chien-Pao|Icicle Crash|p1a: Florges|[miss]\n|-miss|p2a: Chien-Pao|p1a: Florges\n|move|p1a: Florges|Moonblast|p2a: Chien-Pao\n|-supereffective|p2a: Chien-Pao\n|-damage|p2a: Chien-Pao|0 fnt\n|faint|p2a: Chien-Pao\n|\n|upkeep\n|\n|t:|1700086806\n|switch|p2a: Volcarona|Volcarona, M|100\/100\n|turn|12\n|\n|t:|1700086825\n|move|p2a: Volcarona|Psychic|p1a: Florges\n|-damage|p1a: Florges|72\/100\n|move|p1a: Florges|Moonblast|p2a: Volcarona\n|-resisted|p2a: Volcarona\n|-damage|p2a: Volcarona|74\/100\n|\n|upkeep\n|turn|13\n|inactive|bigslim has 120 seconds left.\n|\n|t:|1700086858\n|-terastallize|p1a: Florges|Fairy\n|move|p2a: Volcarona|Air Slash|p1a: Florges\n|-damage|p1a: Florges|48\/100\n|move|p1a: Florges|Swift|p2a: Volcarona\n|-damage|p2a: Volcarona|53\/100\n|\n|upkeep\n|turn|14\n|\n|t:|1700086873\n|move|p2a: Volcarona|Air Slash|p1a: Florges\n|-damage|p1a: Florges|25\/100\n|move|p1a: Florges|Petal Dance|p2a: Volcarona\n|-resisted|p2a: Volcarona\n|-crit|p2a: Volcarona\n|-damage|p2a: Volcarona|37\/100\n|-status|p1a: Florges|brn|[from] ability: Flame Body|[of] p2a: Volcarona\n|\n|-damage|p1a: Florges|19\/100 brn|[from] brn\n|upkeep\n|turn|15\n|\n|t:|1700086887\n|move|p2a: Volcarona|Air Slash|p1a: Florges\n|-damage|p1a: Florges|0 fnt\n|faint|p1a: Florges\n|\n|upkeep\n|\n|t:|1700086891\n|switch|p1a: Zacian|Zacian-Crowned|100\/100\n|-ability|p1a: Zacian|Intrepid Sword|boost\n|-boost|p1a: Zacian|atk|1\n|turn|16\n|\n|t:|1700086904\n|move|p1a: Zacian|Trailblaze|p2a: Volcarona\n|-resisted|p2a: Volcarona\n|-damage|p2a: Volcarona|25\/100\n|-boost|p1a: Zacian|spe|1\n|-status|p1a: Zacian|brn|[from] ability: Flame Body|[of] p2a: Volcarona\n|move|p2a: Volcarona|Overheat|p1a: Zacian\n|-supereffective|p1a: Zacian\n|-damage|p1a: Zacian|0 fnt\n|-unboost|p2a: Volcarona|spa|2\n|faint|p1a: Zacian\n|\n|win|V_T0rnadus\n|raw|bigslim's rating: 1055 &rarr; <strong>1035<\/strong><br \/>(-20 for losing)\n|raw|V_T0rnadus's rating: 1015 &rarr; <strong>1057<\/strong><br \/>(+42 for winning)\n|c|\u2606bigslim|grass type\n|l|\u2606bigslim\n","uploadtime":1700086920,"views":17,"p1id":"bigslim","p2id":"vt0rnadus","formatid":"gen9ubers","rating":1035,"private":0,"password":""}