{"id":"gen9ubers-1971793431","p1":"Rival Gary Oak","p2":"currys","format":"[Gen 9] Ubers","log":"|j|\u2606Rival Gary Oak\n|j|\u2606currys\n|t:|1697773000\n|gametype|singles\n|player|p1|Rival Gary Oak|blue|\n|player|p2|currys|2|\n|teamsize|p1|6\n|teamsize|p2|6\n|gen|9\n|tier|[Gen 9] Ubers\n|rule|Sleep Clause Mod: Limit one foe put to sleep\n|rule|Species Clause: Limit one of each Pok\u00e9mon\n|rule|OHKO Clause: OHKO moves are banned\n|rule|Evasion Items Clause: Evasion items are banned\n|rule|Evasion Moves Clause: Evasion moves are banned\n|rule|Endless Battle Clause: Forcing endless battles is banned\n|rule|HP Percentage Mod: HP is shown in percentages\n|clearpoke\n|poke|p1|Regieleki|\n|poke|p1|Dragapult, M|\n|poke|p1|Ogerpon, F|\n|poke|p1|Articuno-Galar|\n|poke|p1|Kingambit, M|\n|poke|p1|Goodra-Hisui, M|\n|poke|p2|Corviknight, F|\n|poke|p2|Iron Bundle|\n|poke|p2|Clodsire, M|\n|poke|p2|Great Tusk|\n|poke|p2|Jolteon, M|\n|poke|p2|Leavanny, F|\n|teampreview\n|j| Mysticalcheese\n|j| Mahcuu\n|\n|t:|1697773055\n|start\n|switch|p1a: Regieleki|Regieleki, shiny|100\/100\n|switch|p2a: Leavanny|Leavanny, F|100\/100\n|turn|1\n|l| Mysticalcheese\n|j| Mysticalcheese\n|\n|t:|1697773082\n|move|p1a: Regieleki|Volt Switch|p2a: Leavanny\n|-resisted|p2a: Leavanny\n|-damage|p2a: Leavanny|62\/100\n|l| Mahcuu\n|\n|t:|1697773105\n|switch|p1a: Ogerpon|Ogerpon, F|100\/100|[from] Volt Switch\n|move|p2a: Leavanny|Leaf Blade|p1a: Ogerpon\n|-resisted|p1a: Ogerpon\n|-damage|p1a: Ogerpon|74\/100\n|\n|upkeep\n|turn|2\n|j| Mahcuu\n|\n|t:|1697773131\n|switch|p2a: Corviknight|Corviknight, F, shiny|100\/100\n|move|p1a: Ogerpon|U-turn|p2a: Corviknight\n|-resisted|p2a: Corviknight\n|-damage|p2a: Corviknight|93\/100\n|\n|t:|1697773147\n|switch|p1a: Regieleki|Regieleki, shiny|100\/100|[from] U-turn\n|\n|-heal|p2a: Corviknight|99\/100|[from] item: Leftovers\n|upkeep\n|turn|3\n|\n|t:|1697773160\n|switch|p1a: Ogerpon|Ogerpon, F|74\/100\n|switch|p2a: Clodsire|Clodsire, M|100\/100\n|\n|upkeep\n|turn|4\n|c| Mahcuu|Holy\n|c| Mahcuu|Habs x games mode\n|c|\u2606Rival Gary Oak|it's 1-1\n|c|\u2606currys|donald trump\n|c|\u2606currys|pls save me donald trump\n|\n|t:|1697773202\n|move|p1a: Ogerpon|Ivy Cudgel|p2a: Clodsire\n|-damage|p2a: Clodsire|26\/100\n|move|p2a: Clodsire|Spikes|p1a: Ogerpon\n|-sidestart|p1: Rival Gary Oak|Spikes\n|\n|-heal|p2a: Clodsire|32\/100|[from] item: Black Sludge\n|upkeep\n|turn|5\n|\n|t:|1697773218\n|switch|p1a: Regieleki|Regieleki, shiny|100\/100\n|-damage|p1a: Regieleki|88\/100|[from] Spikes\n|switch|p2a: Corviknight|Corviknight, F, shiny|99\/100\n|\n|-heal|p2a: Corviknight|100\/100|[from] item: Leftovers\n|upkeep\n|turn|6\n|c| Mahcuu|WOW\n|\n|t:|1697773232\n|switch|p2a: Great Tusk|Great Tusk|100\/100\n|move|p1a: Regieleki|Rapid Spin|p2a: Great Tusk\n|-damage|p2a: Great Tusk|94\/100\n|-boost|p1a: Regieleki|spe|1\n|-sideend|p1: Rival Gary Oak|Spikes|[from] move: Rapid Spin|[of] p1a: Regieleki\n|\n|upkeep\n|turn|7\n|\n|t:|1697773244\n|switch|p1a: Articuno|Articuno-Galar, shiny|100\/100\n|move|p2a: Great Tusk|Earthquake|p1a: Articuno\n|-immune|p1a: Articuno\n|\n|upkeep\n|turn|8\n|l| Mysticalcheese\n|\n|t:|1697773286\n|switch|p1a: Ogerpon|Ogerpon, F|74\/100\n|-end|p2a: Great Tusk|Protosynthesis|[silent]\n|switch|p2a: Corviknight|Corviknight, F, shiny|100\/100\n|\n|upkeep\n|turn|9\n|c| Mahcuu|Haben a Psychic type Pokemon or what\n|\n|t:|1697773299\n|move|p1a: Ogerpon|Knock Off|p2a: Corviknight\n|-damage|p2a: Corviknight|64\/100\n|-enditem|p2a: Corviknight|Leftovers|[from] move: Knock Off|[of] p1a: Ogerpon\n|move|p2a: Corviknight|Iron Head|p1a: Ogerpon\n|-damage|p1a: Ogerpon|43\/100\n|\n|upkeep\n|turn|10\n|\n|t:|1697773309\n|switch|p1a: Regieleki|Regieleki, shiny|88\/100\n|move|p2a: Corviknight|Roost|p2a: Corviknight\n|-heal|p2a: Corviknight|100\/100\n|-singleturn|p2a: Corviknight|move: Roost\n|\n|upkeep\n|turn|11\n|\n|t:|1697773319\n|switch|p2a: Jolteon|Jolteon, M, shiny|100\/100\n|move|p1a: Regieleki|Tera Blast|p2a: Jolteon\n|-damage|p2a: Jolteon|70\/100\n|\n|-heal|p2a: Jolteon|75\/100|[from] item: Leftovers\n|upkeep\n|turn|12\n|j| Mysticalcheese\n|\n|t:|1697773329\n|switch|p1a: Ogerpon|Ogerpon, F|43\/100\n|move|p2a: Jolteon|Calm Mind|p2a: Jolteon\n|-boost|p2a: Jolteon|spa|1\n|-boost|p2a: Jolteon|spd|1\n|\n|-heal|p2a: Jolteon|81\/100|[from] item: Leftovers\n|upkeep\n|turn|13\n|\n|t:|1697773338\n|switch|p1a: Goodra|Goodra-Hisui, M|100\/100\n|move|p2a: Jolteon|Substitute|p2a: Jolteon\n|-start|p2a: Jolteon|Substitute\n|-damage|p2a: Jolteon|57\/100\n|\n|-heal|p2a: Jolteon|62\/100|[from] item: Leftovers\n|upkeep\n|turn|14\n|\n|t:|1697773351\n|move|p2a: Jolteon|Calm Mind|p2a: Jolteon\n|-boost|p2a: Jolteon|spa|1\n|-boost|p2a: Jolteon|spd|1\n|move|p1a: Goodra|Ice Beam|p2a: Jolteon\n|-activate|p2a: Jolteon|move: Substitute|[damage]\n|\n|-heal|p2a: Jolteon|68\/100|[from] item: Leftovers\n|upkeep\n|turn|15\n|\n|t:|1697773368\n|-terastallize|p2a: Jolteon|Ice\n|move|p2a: Jolteon|Tera Blast|p1a: Goodra|[anim] Tera Blast Ice\n|-damage|p1a: Goodra|66\/100\n|move|p1a: Goodra|Ice Beam|p2a: Jolteon\n|-resisted|p2a: Jolteon\n|-end|p2a: Jolteon|Substitute\n|\n|-heal|p2a: Jolteon|74\/100|[from] item: Leftovers\n|upkeep\n|turn|16\n|\n|t:|1697773376\n|move|p2a: Jolteon|Calm Mind|p2a: Jolteon\n|-boost|p2a: Jolteon|spa|1\n|-boost|p2a: Jolteon|spd|1\n|move|p1a: Goodra|Flash Cannon|p2a: Jolteon\n|-supereffective|p2a: Jolteon\n|-damage|p2a: Jolteon|31\/100\n|\n|-heal|p2a: Jolteon|37\/100|[from] item: Leftovers\n|upkeep\n|turn|17\n|\n|t:|1697773386\n|move|p2a: Jolteon|Tera Blast|p1a: Goodra|[anim] Tera Blast Ice\n|-damage|p1a: Goodra|22\/100\n|move|p1a: Goodra|Flash Cannon|p2a: Jolteon\n|-supereffective|p2a: Jolteon\n|-damage|p2a: Jolteon|0 fnt\n|faint|p2a: Jolteon\n|\n|upkeep\n|\n|t:|1697773425\n|switch|p2a: Corviknight|Corviknight, F, shiny|100\/100\n|turn|18\n|l| Mysticalcheese\n|l| Mahcuu\n|\n|t:|1697773429\n|switch|p2a: Leavanny|Leavanny, F|62\/100\n|move|p1a: Goodra|Thunderbolt|p2a: Leavanny\n|-resisted|p2a: Leavanny\n|-damage|p2a: Leavanny|41\/100\n|\n|upkeep\n|turn|19\n|j| Mysticalcheese\n|j| Mahcuu\n|\n|t:|1697773455\n|move|p2a: Leavanny|Sticky Web|p1a: Goodra\n|-sidestart|p1: Rival Gary Oak|move: Sticky Web\n|move|p1a: Goodra|Ice Beam|p2a: Leavanny\n|-supereffective|p2a: Leavanny\n|-damage|p2a: Leavanny|0 fnt\n|faint|p2a: Leavanny\n|\n|upkeep\n|\n|t:|1697773461\n|switch|p2a: Great Tusk|Great Tusk|94\/100\n|turn|20\n|\n|t:|1697773473\n|move|p2a: Great Tusk|Close Combat|p1a: Goodra\n|-supereffective|p1a: Goodra\n|-damage|p1a: Goodra|0 fnt\n|-unboost|p2a: Great Tusk|def|1\n|-unboost|p2a: Great Tusk|spd|1\n|faint|p1a: Goodra\n|\n|upkeep\n|l| Mahcuu\n|j| Mahcuu\n|\n|t:|1697773509\n|switch|p1a: Articuno|Articuno-Galar, shiny|100\/100\n|turn|21\n|c| Mahcuu|Man I wish my house had internet\n|c| Mahcuu|Now I know how Alan feels\n|c|\u2606currys|donald trump pls save me donald trump\n|\n|t:|1697773533\n|-end|p2a: Great Tusk|Protosynthesis|[silent]\n|switch|p2a: Corviknight|Corviknight, F, shiny|100\/100\n|move|p1a: Articuno|Freezing Glare|p2a: Corviknight\n|-resisted|p2a: Corviknight\n|-damage|p2a: Corviknight|86\/100\n|-status|p2a: Corviknight|frz\n|\n|upkeep\n|turn|22\n|\n|t:|1697773543\n|switch|p1a: Regieleki|Regieleki, shiny|88\/100\n|-activate|p1a: Regieleki|move: Sticky Web\n|-unboost|p1a: Regieleki|spe|1\n|cant|p2a: Corviknight|frz\n|\n|upkeep\n|turn|23\n|c| Mahcuu|Damn\n|\n|t:|1697773552\n|switch|p2a: Clodsire|Clodsire, M|32\/100\n|move|p1a: Regieleki|Rapid Spin|p2a: Clodsire\n|-damage|p2a: Clodsire|21\/100\n|-boost|p1a: Regieleki|spe|1\n|-sideend|p1: Rival Gary Oak|Sticky Web|[from] move: Rapid Spin|[of] p1a: Regieleki\n|\n|-heal|p2a: Clodsire|27\/100|[from] item: Black Sludge\n|upkeep\n|turn|24\n|c|\u2606currys|its joever\n|\n|t:|1697773567\n|switch|p1a: Articuno|Articuno-Galar, shiny|100\/100\n|move|p2a: Clodsire|Recover|p2a: Clodsire\n|-heal|p2a: Clodsire|77\/100\n|\n|-heal|p2a: Clodsire|83\/100|[from] item: Black Sludge\n|upkeep\n|turn|25\n|c| Mahcuu|Psychic Lucky Pokemon Haben\n|\n|t:|1697773574\n|switch|p2a: Corviknight|Corviknight, F, shiny|86\/100 frz\n|move|p1a: Articuno|Substitute|p1a: Articuno\n|-start|p1a: Articuno|Substitute\n|-damage|p1a: Articuno|76\/100\n|\n|-heal|p1a: Articuno|82\/100|[from] item: Leftovers\n|upkeep\n|turn|26\n|\n|t:|1697773586\n|move|p1a: Articuno|Calm Mind|p1a: Articuno\n|-boost|p1a: Articuno|spa|1\n|-boost|p1a: Articuno|spd|1\n|cant|p2a: Corviknight|frz\n|\n|-heal|p1a: Articuno|88\/100|[from] item: Leftovers\n|upkeep\n|turn|27\n|\n|t:|1697773592\n|move|p1a: Articuno|Calm Mind|p1a: Articuno\n|-boost|p1a: Articuno|spa|1\n|-boost|p1a: Articuno|spd|1\n|cant|p2a: Corviknight|frz\n|\n|-heal|p1a: Articuno|94\/100|[from] item: Leftovers\n|upkeep\n|turn|28\n|\n|t:|1697773599\n|move|p1a: Articuno|Calm Mind|p1a: Articuno\n|-boost|p1a: Articuno|spa|1\n|-boost|p1a: Articuno|spd|1\n|cant|p2a: Corviknight|frz\n|\n|-heal|p1a: Articuno|100\/100|[from] item: Leftovers\n|upkeep\n|turn|29\n|c| Mahcuu|Baton Pass to Kingambit now\n|\n|t:|1697773634\n|-terastallize|p1a: Articuno|Ice\n|move|p1a: Articuno|Tera Blast|p2a: Corviknight|[anim] Tera Blast Ice\n|-damage|p2a: Corviknight|22\/100 frz\n|-curestatus|p2a: Corviknight|frz|[msg]\n|move|p2a: Corviknight|Iron Head|p1a: Articuno\n|-supereffective|p1a: Articuno\n|-end|p1a: Articuno|Substitute\n|\n|upkeep\n|turn|30\n|\n|t:|1697773669\n|switch|p2a: Iron Bundle|Iron Bundle|100\/100\n|-enditem|p2a: Iron Bundle|Booster Energy\n|-activate|p2a: Iron Bundle|ability: Quark Drive|[fromitem]\n|-start|p2a: Iron Bundle|quarkdrivespe\n|move|p1a: Articuno|Tera Blast|p2a: Iron Bundle|[anim] Tera Blast Ice\n|-resisted|p2a: Iron Bundle\n|-damage|p2a: Iron Bundle|56\/100\n|\n|upkeep\n|turn|31\n|\n|t:|1697773680\n|move|p2a: Iron Bundle|Hydro Pump|p1a: Articuno\n|-damage|p1a: Articuno|78\/100\n|move|p1a: Articuno|Freezing Glare|p2a: Iron Bundle\n|-damage|p2a: Iron Bundle|0 fnt\n|faint|p2a: Iron Bundle\n|-end|p2a: Iron Bundle|Quark Drive|[silent]\n|\n|-heal|p1a: Articuno|84\/100|[from] item: Leftovers\n|upkeep\n|\n|t:|1697773691\n|switch|p2a: Great Tusk|Great Tusk|94\/100\n|turn|32\n|\n|t:|1697773694\n|move|p1a: Articuno|Freezing Glare|p2a: Great Tusk\n|-supereffective|p2a: Great Tusk\n|-damage|p2a: Great Tusk|0 fnt\n|faint|p2a: Great Tusk\n|-end|p2a: Great Tusk|Protosynthesis|[silent]\n|\n|-heal|p1a: Articuno|90\/100|[from] item: Leftovers\n|upkeep\n|\n|t:|1697773698\n|switch|p2a: Clodsire|Clodsire, M|83\/100\n|turn|33\n|\n|t:|1697773705\n|move|p1a: Articuno|Freezing Glare|p2a: Clodsire\n|-supereffective|p2a: Clodsire\n|-damage|p2a: Clodsire|33\/100\n|move|p2a: Clodsire|Toxic|p1a: Articuno\n|-status|p1a: Articuno|tox\n|\n|-heal|p1a: Articuno|96\/100 tox|[from] item: Leftovers\n|-heal|p2a: Clodsire|39\/100|[from] item: Black Sludge\n|-damage|p1a: Articuno|90\/100 tox|[from] psn\n|upkeep\n|turn|34\n|\n|t:|1697773739\n|move|p1a: Articuno|Freezing Glare|p2a: Clodsire\n|-supereffective|p2a: Clodsire\n|-damage|p2a: Clodsire|0 fnt\n|faint|p2a: Clodsire\n|\n|-heal|p1a: Articuno|96\/100 tox|[from] item: Leftovers\n|-damage|p1a: Articuno|84\/100 tox|[from] psn\n|upkeep\n|\n|t:|1697773741\n|switch|p2a: Corviknight|Corviknight, F, shiny|22\/100\n|turn|35\n|c| Mahcuu|Habs with win streak truly is rival gary oak and Im just a side character NPC scientist who deserved to lose\n|c|\u2606currys|donald trump\n|c|\u2606currys|pls save me\n|\n|t:|1697773755\n|move|p1a: Articuno|Tera Blast|p2a: Corviknight|[anim] Tera Blast Ice\n|-damage|p2a: Corviknight|0 fnt\n|faint|p2a: Corviknight\n|\n|win|Rival Gary Oak\n|l| Mahcuu\n|c|\u2606Rival Gary Oak|frick\n|l|\u2606currys\n|j| Mahcuu\n","uploadtime":1697773868,"views":6,"p1id":"rivalgaryoak","p2id":"currys","formatid":"gen9ubers","rating":0,"private":0,"password":""}