{"id":"gen9ubers-1987289449","p1":"Oborofan34","p2":"WARIOROFLIBERATION","format":"[Gen 9] Ubers","log":"|j|\u2606Oborofan34\n|j|\u2606WARIOROFLIBERATION\n|t:|1699573635\n|gametype|singles\n|player|p1|Oborofan34|kieran-festival|1403\n|player|p2|WARIOROFLIBERATION|red|1552\n|teamsize|p1|6\n|teamsize|p2|6\n|gen|9\n|tier|[Gen 9] Ubers\n|rated|\n|rule|Sleep Clause Mod: Limit one foe put to sleep\n|rule|Species Clause: Limit one of each Pok\u00e9mon\n|rule|OHKO Clause: OHKO moves are banned\n|rule|Evasion Items Clause: Evasion items are banned\n|rule|Evasion Moves Clause: Evasion moves are banned\n|rule|Endless Battle Clause: Forcing endless battles is banned\n|rule|HP Percentage Mod: HP is shown in percentages\n|clearpoke\n|poke|p1|Basculegion, M|\n|poke|p1|Ribombee, M|\n|poke|p1|Arceus-Ghost|\n|poke|p1|Espathra, F|\n|poke|p1|Miraidon|\n|poke|p1|Ditto|\n|poke|p2|Ursaluna, M|\n|poke|p2|Calyrex-Ice|\n|poke|p2|Magearna|\n|poke|p2|Basculegion, M|\n|poke|p2|Hatterene, F|\n|poke|p2|Dialga-Origin|\n|teampreview\n|\n|t:|1699573679\n|start\n|switch|p1a: Ditto|Ditto, shiny|100\/100\n|switch|p2a: KAIDO|Dialga-Origin, shiny|100\/100\n|-transform|p1a: Ditto|p2a: KAIDO|[from] ability: Imposter\n|-ability|p1a: Ditto|Pressure\n|-ability|p2a: KAIDO|Pressure\n|turn|1\n|inactive|Battle timer is ON: inactive players will automatically lose when time's up. (requested by WARIOROFLIBERATION)\n|\n|t:|1699573705\n|switch|p2a: PERONA|Hatterene, F|100\/100\n|move|p1a: Ditto|Stealth Rock|p2a: PERONA\n|move|p2a: PERONA|Stealth Rock|p1a: Ditto|[from]ability: Magic Bounce\n|-sidestart|p1: Oborofan34|move: Stealth Rock\n|\n|upkeep\n|turn|2\n|\n|t:|1699573714\n|switch|p1a: Arceus|Arceus-Ghost|100\/100\n|-damage|p1a: Arceus|88\/100|[from] Stealth Rock\n|move|p2a: PERONA|Trick Room|p2a: PERONA\n|-fieldstart|move: Trick Room|[of] p2a: PERONA\n|\n|upkeep\n|turn|3\n|\n|t:|1699573725\n|move|p2a: PERONA|Healing Wish|p2a: PERONA\n|faint|p2a: PERONA\n|move|p1a: Arceus|Aura Sphere|p2: PERONA|[notarget]\n|-fail|p1a: Arceus\n|\n|upkeep\n|\n|t:|1699573732\n|switch|p2a: BROOK|Basculegion, M, shiny|100\/100\n|turn|4\n|\n|t:|1699573745\n|move|p2a: BROOK|Last Respects|p1a: Arceus\n|-supereffective|p1a: Arceus\n|-damage|p1a: Arceus|0 fnt\n|faint|p1a: Arceus\n|\n|upkeep\n|\n|t:|1699573751\n|switch|p1a: Ditto|Ditto, shiny|100\/100\n|-damage|p1a: Ditto|88\/100|[from] Stealth Rock\n|-transform|p1a: Ditto|p2a: BROOK|[from] ability: Imposter\n|turn|5\n|\n|t:|1699573758\n|move|p2a: BROOK|Last Respects|p1a: Ditto\n|-supereffective|p1a: Ditto\n|-damage|p1a: Ditto|0 fnt\n|faint|p1a: Ditto\n|\n|upkeep\n|\n|t:|1699573765\n|switch|p1a: Espathra|Espathra, F|100\/100\n|-damage|p1a: Espathra|88\/100|[from] Stealth Rock\n|turn|6\n|\n|t:|1699573792\n|move|p1a: Espathra|Protect|p1a: Espathra\n|-singleturn|p1a: Espathra|Protect\n|move|p2a: BROOK|Last Respects|p1a: Espathra\n|-activate|p1a: Espathra|move: Protect\n|\n|-heal|p1a: Espathra|94\/100|[from] item: Leftovers\n|-fieldend|move: Trick Room\n|-ability|p1a: Espathra|Speed Boost|boost\n|-boost|p1a: Espathra|spe|1\n|upkeep\n|turn|7\n|\n|t:|1699573804\n|move|p1a: Espathra|Substitute|p1a: Espathra\n|-start|p1a: Espathra|Substitute\n|-damage|p1a: Espathra|69\/100\n|move|p2a: BROOK|Last Respects|p1a: Espathra\n|-supereffective|p1a: Espathra\n|-end|p1a: Espathra|Substitute\n|\n|-heal|p1a: Espathra|75\/100|[from] item: Leftovers\n|-ability|p1a: Espathra|Speed Boost|boost\n|-boost|p1a: Espathra|spe|1\n|upkeep\n|turn|8\n|\n|t:|1699573814\n|move|p1a: Espathra|Protect|p1a: Espathra\n|-singleturn|p1a: Espathra|Protect\n|move|p2a: BROOK|Last Respects|p1a: Espathra\n|-activate|p1a: Espathra|move: Protect\n|\n|-heal|p1a: Espathra|81\/100|[from] item: Leftovers\n|-ability|p1a: Espathra|Speed Boost|boost\n|-boost|p1a: Espathra|spe|1\n|upkeep\n|turn|9\n|\n|t:|1699573820\n|move|p1a: Espathra|Substitute|p1a: Espathra\n|-start|p1a: Espathra|Substitute\n|-damage|p1a: Espathra|57\/100\n|move|p2a: BROOK|Last Respects|p1a: Espathra\n|-supereffective|p1a: Espathra\n|-end|p1a: Espathra|Substitute\n|\n|-heal|p1a: Espathra|63\/100|[from] item: Leftovers\n|-ability|p1a: Espathra|Speed Boost|boost\n|-boost|p1a: Espathra|spe|1\n|upkeep\n|turn|10\n|\n|t:|1699573826\n|move|p1a: Espathra|Protect|p1a: Espathra\n|-singleturn|p1a: Espathra|Protect\n|move|p2a: BROOK|Last Respects|p1a: Espathra\n|-activate|p1a: Espathra|move: Protect\n|\n|-heal|p1a: Espathra|69\/100|[from] item: Leftovers\n|-ability|p1a: Espathra|Speed Boost|boost\n|-boost|p1a: Espathra|spe|1\n|upkeep\n|turn|11\n|\n|t:|1699573829\n|move|p1a: Espathra|Substitute|p1a: Espathra\n|-start|p1a: Espathra|Substitute\n|-damage|p1a: Espathra|44\/100\n|move|p2a: BROOK|Last Respects|p1a: Espathra\n|-supereffective|p1a: Espathra\n|-end|p1a: Espathra|Substitute\n|\n|-heal|p1a: Espathra|50\/100|[from] item: Leftovers\n|-ability|p1a: Espathra|Speed Boost|boost\n|-boost|p1a: Espathra|spe|1\n|upkeep\n|turn|12\n|\n|t:|1699573833\n|move|p1a: Espathra|Stored Power|p2a: BROOK\n|-damage|p2a: BROOK|33\/100\n|move|p2a: BROOK|Last Respects|p1a: Espathra\n|-supereffective|p1a: Espathra\n|-damage|p1a: Espathra|0 fnt\n|faint|p1a: Espathra\n|\n|upkeep\n|\n|t:|1699573837\n|switch|p1a: Ribombee|Ribombee, M|100\/100\n|-damage|p1a: Ribombee|76\/100|[from] Stealth Rock\n|turn|13\n|\n|t:|1699573843\n|switch|p2a: KAIDO|Dialga-Origin, shiny|100\/100\n|-ability|p2a: KAIDO|Pressure\n|move|p1a: Ribombee|Moonblast|p2a: KAIDO\n|-damage|p2a: KAIDO|74\/100\n|\n|upkeep\n|turn|14\n|\n|t:|1699573855\n|move|p1a: Ribombee|Moonblast|p2a: KAIDO\n|-damage|p2a: KAIDO|47\/100\n|-unboost|p2a: KAIDO|spa|1\n|move|p2a: KAIDO|Trick Room|p2a: KAIDO\n|-fieldstart|move: Trick Room|[of] p2a: KAIDO\n|\n|upkeep\n|turn|15\n|\n|t:|1699573863\n|move|p2a: KAIDO|Steel Beam|p1a: Ribombee\n|-supereffective|p1a: Ribombee\n|-damage|p1a: Ribombee|0 fnt\n|-damage|p2a: KAIDO|0 fnt|[from] steelbeam\n|faint|p2a: KAIDO\n|faint|p1a: Ribombee\n|\n|upkeep\n|-message|Oborofan34 forfeited.\n|\n|win|WARIOROFLIBERATION\n|raw|Oborofan34's rating: 1403 &rarr; <strong>1391<\/strong><br \/>(-12 for losing)\n|raw|WARIOROFLIBERATION's rating: 1552 &rarr; <strong>1564<\/strong><br \/>(+12 for winning)\n|l|\u2606Oborofan34\n","uploadtime":1699573873,"views":4,"p1id":"oborofan34","p2id":"wariorofliberation","formatid":"gen9ubers","rating":1391,"private":0,"password":""}