{"id":"gen9ubers-1993830444","p1":"fresh yes","p2":"memeoetta","format":"[Gen 9] Ubers","log":"|j|\u2606fresh yes\n|j|\u2606memeoetta\n|t:|1700362580\n|gametype|singles\n|player|p1|fresh yes|shauntal|1147\n|player|p2|memeoetta|2|1021\n|teamsize|p1|6\n|teamsize|p2|6\n|gen|9\n|tier|[Gen 9] Ubers\n|rated|\n|rule|Sleep Clause Mod: Limit one foe put to sleep\n|rule|Species Clause: Limit one of each Pok\u00e9mon\n|rule|OHKO Clause: OHKO moves are banned\n|rule|Evasion Items Clause: Evasion items are banned\n|rule|Evasion Moves Clause: Evasion moves are banned\n|rule|Endless Battle Clause: Forcing endless battles is banned\n|rule|HP Percentage Mod: HP is shown in percentages\n|clearpoke\n|poke|p1|Giratina|\n|poke|p1|Flutter Mane|\n|poke|p1|Ceruledge, M|\n|poke|p1|Gengar, F|\n|poke|p1|Annihilape, M|\n|poke|p1|Zoroark-Hisui, F|\n|poke|p2|Torterra, M|\n|poke|p2|Ninetales, F|\n|poke|p2|Muk-Alola, F|\n|poke|p2|Lilligant-Hisui, F|\n|poke|p2|Sylveon, F|\n|poke|p2|Walking Wake|\n|teampreview\n|inactive|Battle timer is ON: inactive players will automatically lose when time's up. (requested by fresh yes)\n|inactive|memeoetta has 120 seconds left.\n|\n|t:|1700362613\n|start\n|switch|p1a: ANGERY|Annihilape, M|100\/100\n|switch|p2a: Ninetales|Ninetales, F|100\/100\n|turn|1\n|\n|t:|1700362624\n|move|p2a: Ninetales|Will-O-Wisp|p1a: ANGERY\n|-status|p1a: ANGERY|brn\n|move|p1a: ANGERY|Stealth Rock|p2a: Ninetales\n|-sidestart|p2: memeoetta|move: Stealth Rock\n|\n|-damage|p1a: ANGERY|94\/100 brn|[from] brn\n|upkeep\n|turn|2\n|\n|t:|1700362631\n|move|p2a: Ninetales|Sunny Day|p2a: Ninetales\n|-weather|SunnyDay\n|move|p1a: ANGERY|U-turn|p2a: Ninetales\n|-resisted|p2a: Ninetales\n|-damage|p2a: Ninetales|90\/100\n|\n|t:|1700362641\n|switch|p1a: Ld. Renegade|Giratina|100\/100|[from] U-turn\n|-ability|p1a: Ld. Renegade|Pressure\n|\n|-weather|SunnyDay|[upkeep]\n|upkeep\n|turn|3\n|\n|t:|1700362650\n|move|p2a: Ninetales|Will-O-Wisp|p1a: Ld. Renegade\n|-status|p1a: Ld. Renegade|brn\n|move|p1a: Ld. Renegade|Calm Mind|p1a: Ld. Renegade\n|-boost|p1a: Ld. Renegade|spa|1\n|-boost|p1a: Ld. Renegade|spd|1\n|\n|-weather|SunnyDay|[upkeep]\n|-damage|p1a: Ld. Renegade|94\/100 brn|[from] brn\n|upkeep\n|turn|4\n|\n|t:|1700362667\n|switch|p2a: Sylveon|Sylveon, F|100\/100\n|-damage|p2a: Sylveon|88\/100|[from] Stealth Rock\n|move|p1a: Ld. Renegade|Thunder Wave|p2a: Sylveon\n|-status|p2a: Sylveon|par\n|\n|-weather|SunnyDay|[upkeep]\n|-heal|p1a: Ld. Renegade|100\/100 brn|[from] item: Leftovers\n|-damage|p1a: Ld. Renegade|94\/100 brn|[from] brn\n|upkeep\n|turn|5\n|\n|t:|1700362684\n|move|p1a: Ld. Renegade|Calm Mind|p1a: Ld. Renegade\n|-boost|p1a: Ld. Renegade|spa|1\n|-boost|p1a: Ld. Renegade|spd|1\n|move|p2a: Sylveon|Moonblast|p1a: Ld. Renegade\n|-supereffective|p1a: Ld. Renegade\n|-damage|p1a: Ld. Renegade|66\/100 brn\n|\n|-weather|SunnyDay|[upkeep]\n|-heal|p1a: Ld. Renegade|72\/100 brn|[from] item: Leftovers\n|-damage|p1a: Ld. Renegade|66\/100 brn|[from] brn\n|upkeep\n|turn|6\n|\n|t:|1700362694\n|move|p1a: Ld. Renegade|Hex|p2a: Sylveon\n|-damage|p2a: Sylveon|10\/100 par\n|move|p2a: Sylveon|Light Screen|p2a: Sylveon\n|-sidestart|p2: memeoetta|move: Light Screen\n|\n|-weather|none\n|-heal|p1a: Ld. Renegade|72\/100 brn|[from] item: Leftovers\n|-damage|p1a: Ld. Renegade|66\/100 brn|[from] brn\n|upkeep\n|turn|7\n|\n|t:|1700362705\n|move|p1a: Ld. Renegade|Calm Mind|p1a: Ld. Renegade\n|-boost|p1a: Ld. Renegade|spa|1\n|-boost|p1a: Ld. Renegade|spd|1\n|move|p2a: Sylveon|Moonblast|p1a: Ld. Renegade\n|-supereffective|p1a: Ld. Renegade\n|-damage|p1a: Ld. Renegade|44\/100 brn\n|\n|-heal|p1a: Ld. Renegade|50\/100 brn|[from] item: Leftovers\n|-damage|p1a: Ld. Renegade|44\/100 brn|[from] brn\n|upkeep\n|turn|8\n|\n|t:|1700362716\n|move|p1a: Ld. Renegade|Hex|p2a: Sylveon\n|-crit|p2a: Sylveon\n|-damage|p2a: Sylveon|0 fnt\n|faint|p2a: Sylveon\n|\n|-heal|p1a: Ld. Renegade|50\/100 brn|[from] item: Leftovers\n|-damage|p1a: Ld. Renegade|44\/100 brn|[from] brn\n|upkeep\n|\n|t:|1700362729\n|switch|p2a: Muk|Muk-Alola, F|100\/100\n|-damage|p2a: Muk|88\/100|[from] Stealth Rock\n|turn|9\n|inactive|fresh yes has 120 seconds left.\n|\n|t:|1700362779\n|move|p2a: Muk|Shadow Sneak|p1a: Ld. Renegade\n|-supereffective|p1a: Ld. Renegade\n|-damage|p1a: Ld. Renegade|30\/100 brn\n|move|p1a: Ld. Renegade|Thunder Wave|p2a: Muk|[miss]\n|-miss|p1a: Ld. Renegade|p2a: Muk\n|\n|-heal|p1a: Ld. Renegade|36\/100 brn|[from] item: Leftovers\n|-heal|p2a: Muk|94\/100|[from] item: Leftovers\n|-damage|p1a: Ld. Renegade|30\/100 brn|[from] brn\n|upkeep\n|turn|10\n|\n|t:|1700362792\n|move|p1a: Ld. Renegade|Thunder Wave|p2a: Muk\n|-status|p2a: Muk|par\n|move|p2a: Muk|Ice Punch|p1a: Ld. Renegade\n|-supereffective|p1a: Ld. Renegade\n|-damage|p1a: Ld. Renegade|0 fnt\n|faint|p1a: Ld. Renegade\n|\n|-heal|p2a: Muk|99\/100 par|[from] item: Leftovers\n|upkeep\n|\n|t:|1700362805\n|switch|p1a: ANGERY|Annihilape, M|94\/100 brn\n|turn|11\n|\n|t:|1700362810\n|move|p2a: Muk|Shadow Sneak|p1a: ANGERY\n|-supereffective|p1a: ANGERY\n|-damage|p1a: ANGERY|73\/100 brn\n|move|p1a: ANGERY|Drain Punch|p2a: Muk\n|-damage|p2a: Muk|77\/100 par\n|-heal|p1a: ANGERY|87\/100 brn|[from] drain|[of] p2a: Muk\n|\n|-heal|p2a: Muk|83\/100 par|[from] item: Leftovers\n|-damage|p1a: ANGERY|81\/100 brn|[from] brn\n|upkeep\n|turn|12\n|inactive|fresh yes has 120 seconds left.\n|\n|t:|1700362824\n|move|p2a: Muk|Shadow Sneak|p1a: ANGERY\n|-supereffective|p1a: ANGERY\n|-damage|p1a: ANGERY|56\/100 brn\n|move|p1a: ANGERY|U-turn|p2a: Muk\n|-damage|p2a: Muk|70\/100 par\n|\n|t:|1700362840\n|switch|p1a: blades|Ceruledge, M|100\/100|[from] U-turn\n|\n|-heal|p2a: Muk|76\/100 par|[from] item: Leftovers\n|upkeep\n|turn|13\n|\n|t:|1700362864\n|move|p2a: Muk|Shadow Sneak|p1a: blades\n|-supereffective|p1a: blades\n|-damage|p1a: blades|70\/100\n|-ability|p1a: blades|Weak Armor|boost\n|-unboost|p1a: blades|def|1\n|-boost|p1a: blades|spe|2\n|move|p1a: blades|Bulk Up|p1a: blades\n|-boost|p1a: blades|atk|1\n|-boost|p1a: blades|def|1\n|\n|-heal|p2a: Muk|82\/100 par|[from] item: Leftovers\n|-sideend|p2: memeoetta|move: Light Screen\n|upkeep\n|turn|14\n|\n|t:|1700362877\n|move|p2a: Muk|Shadow Sneak|p1a: blades\n|-supereffective|p1a: blades\n|-damage|p1a: blades|38\/100\n|-ability|p1a: blades|Weak Armor|boost\n|-unboost|p1a: blades|def|1\n|-boost|p1a: blades|spe|2\n|move|p1a: blades|Bitter Blade|p2a: Muk\n|-damage|p2a: Muk|0 fnt\n|-heal|p1a: blades|96\/100|[from] drain|[of] p2a: Muk\n|faint|p2a: Muk\n|\n|upkeep\n|\n|t:|1700362888\n|switch|p2a: Ninetales|Ninetales, F|90\/100\n|turn|15\n|-message|memeoetta forfeited.\n|\n|win|fresh yes\n|raw|fresh yes's rating: 1147 &rarr; <strong>1163<\/strong><br \/>(+16 for winning)\n|raw|memeoetta's rating: 1021 &rarr; <strong>1012<\/strong><br \/>(-9 for losing)\n|l|\u2606memeoetta\n","uploadtime":1700362896,"views":5,"p1id":"freshyes","p2id":"memeoetta","formatid":"gen9ubers","rating":1012,"private":0,"password":""}