{"id":"gen9ubers-1969487699","p1":"dumpy lump","p2":"OceanicGamer3","format":"[Gen 9] Ubers","log":"|j|\u2606dumpy lump\n|j|\u2606OceanicGamer3\n|t:|1697538688\n|gametype|singles\n|player|p1|dumpy lump|volo|\n|player|p2|OceanicGamer3|bugcatcher-gen4dp|\n|teamsize|p1|6\n|teamsize|p2|6\n|gen|9\n|tier|[Gen 9] Ubers\n|rule|Sleep Clause Mod: Limit one foe put to sleep\n|rule|Species Clause: Limit one of each Pok\u00e9mon\n|rule|OHKO Clause: OHKO moves are banned\n|rule|Evasion Items Clause: Evasion items are banned\n|rule|Evasion Moves Clause: Evasion moves are banned\n|rule|Endless Battle Clause: Forcing endless battles is banned\n|rule|HP Percentage Mod: HP is shown in percentages\n|clearpoke\n|poke|p1|Dialga|\n|poke|p1|Shaymin-Sky|\n|poke|p1|Azumarill, F|\n|poke|p1|Arcanine-Hisui, F|\n|poke|p1|Garchomp, M|\n|poke|p1|Gastrodon, F|\n|poke|p2|Darkrai|\n|poke|p2|Spidops, F|\n|poke|p2|Dragonite, F|\n|poke|p2|Chi-Yu|\n|poke|p2|Heatran, F|\n|poke|p2|Arceus-Ice|\n|teampreview\n|c|\u2606OceanicGamer3|Are you?\n|c|\u2606OceanicGamer3|Tera Fairy Gastrodon\n|c|\u2606OceanicGamer3|?\n|c|\u2606dumpy lump|i would never\n|inactive|Battle timer is ON: inactive players will automatically lose when time's up. (requested by OceanicGamer3)\n|\n|t:|1697538742\n|start\n|switch|p1a: Garchomp|Garchomp, M|100\/100\n|switch|p2a: Pls Hit|Darkrai, shiny|100\/100\n|turn|1\n|\n|t:|1697538752\n|move|p2a: Pls Hit|Hypnosis|p1a: Garchomp\n|-status|p1a: Garchomp|slp|[from] move: Hypnosis\n|cant|p1a: Garchomp|slp\n|\n|-damage|p1a: Garchomp|88\/100 slp|[from] ability: Bad Dreams|[of] p2a: Pls Hit\n|upkeep\n|turn|2\n|\n|t:|1697538761\n|switch|p1a: Dialga|Dialga|100\/100\n|-ability|p1a: Dialga|Pressure\n|move|p2a: Pls Hit|Nasty Plot|p2a: Pls Hit\n|-boost|p2a: Pls Hit|spa|2\n|\n|upkeep\n|turn|3\n|\n|t:|1697538769\n|move|p2a: Pls Hit|Dark Pulse|p1a: Dialga\n|-damage|p1a: Dialga|22\/100\n|cant|p1a: Dialga|flinch\n|\n|-heal|p1a: Dialga|28\/100|[from] item: Leftovers\n|upkeep\n|turn|4\n|c|\u2606OceanicGamer3|...\n|c|\u2606dumpy lump|mmmmaaaannnnnn\n|\n|t:|1697538785\n|move|p2a: Pls Hit|Dark Pulse|p1a: Dialga\n|-damage|p1a: Dialga|0 fnt\n|faint|p1a: Dialga\n|\n|upkeep\n|\n|t:|1697538793\n|switch|p1a: Azumarill|Azumarill, F, shiny|100\/100\n|turn|5\n|\n|t:|1697538800\n|move|p2a: Pls Hit|Taunt|p1a: Azumarill\n|-start|p1a: Azumarill|move: Taunt\n|move|p1a: Azumarill|Play Rough|p2a: Pls Hit\n|-supereffective|p2a: Pls Hit\n|-damage|p2a: Pls Hit|0 fnt\n|faint|p2a: Pls Hit\n|\n|upkeep\n|\n|t:|1697538814\n|switch|p2a: Spidops>Masquerain|Spidops, F, shiny|100\/100\n|turn|6\n|c|\u2606dumpy lump|belly drum is not needed\n|c|\u2606OceanicGamer3|Banded?\n|\n|t:|1697538824\n|move|p1a: Azumarill|Play Rough|p2a: Spidops>Masquerain|[miss]\n|-miss|p1a: Azumarill|p2a: Spidops>Masquerain\n|move|p2a: Spidops>Masquerain|Sticky Web|p1a: Azumarill\n|-sidestart|p1: dumpy lump|move: Sticky Web\n|\n|upkeep\n|turn|7\n|c|\u2606dumpy lump|ofc i miss those\n|\n|t:|1697538837\n|move|p1a: Azumarill|Play Rough|p2a: Spidops>Masquerain\n|-damage|p2a: Spidops>Masquerain|32\/100\n|move|p2a: Spidops>Masquerain|Memento|p1a: Azumarill\n|-unboost|p1a: Azumarill|atk|2\n|-unboost|p1a: Azumarill|spa|2\n|faint|p2a: Spidops>Masquerain\n|\n|-end|p1a: Azumarill|move: Taunt\n|upkeep\n|\n|t:|1697538860\n|switch|p2a: The GOAT|Dragonite, F|100\/100\n|turn|8\n|\n|t:|1697538884\n|switch|p1a: Arcanine|Arcanine-Hisui, F, shiny|100\/100\n|move|p2a: The GOAT|Dragon Dance|p2a: The GOAT\n|-boost|p2a: The GOAT|atk|1\n|-boost|p2a: The GOAT|spe|1\n|\n|upkeep\n|turn|9\n|\n|t:|1697538892\n|move|p2a: The GOAT|Earthquake|p1a: Arcanine\n|-supereffective|p1a: Arcanine\n|-damage|p1a: Arcanine|0 fnt\n|faint|p1a: Arcanine\n|\n|upkeep\n|\n|t:|1697538899\n|switch|p1a: Azumarill|Azumarill, F, shiny|100\/100\n|-activate|p1a: Azumarill|move: Sticky Web\n|-unboost|p1a: Azumarill|spe|1\n|turn|10\n|\n|t:|1697538909\n|-terastallize|p2a: The GOAT|Normal\n|move|p2a: The GOAT|Dragon Dance|p2a: The GOAT\n|-boost|p2a: The GOAT|atk|1\n|-boost|p2a: The GOAT|spe|1\n|move|p1a: Azumarill|Play Rough|p2a: The GOAT\n|-damage|p2a: The GOAT|69\/100\n|\n|upkeep\n|turn|11\n|\n|t:|1697538921\n|-terastallize|p1a: Azumarill|Fighting\n|move|p2a: The GOAT|Extreme Speed|p1a: Azumarill\n|-crit|p1a: Azumarill\n|-damage|p1a: Azumarill|0 fnt\n|faint|p1a: Azumarill\n|\n|upkeep\n|c|\u2606OceanicGamer3|Uh\n|c|\u2606dumpy lump|uh indeed\n|c|\u2606OceanicGamer3|Idk if crit mattered\n|c|\u2606dumpy lump|same\n|\n|t:|1697538947\n|switch|p1a: Shaymin|Shaymin-Sky, shiny|100\/100\n|turn|12\n|c|\u2606OceanicGamer3|How do i calc\n|inactive|dumpy lump has 270 seconds left.\n|c|\u2606dumpy lump|idk\n|\n|t:|1697538986\n|move|p2a: The GOAT|Extreme Speed|p1a: Shaymin\n|-damage|p1a: Shaymin|0 fnt\n|faint|p1a: Shaymin\n|\n|upkeep\n|c|\u2606OceanicGamer3|Ill do it later\n|\n|t:|1697538997\n|switch|p1a: Garchomp|Garchomp, M|88\/100 slp\n|-activate|p1a: Garchomp|move: Sticky Web\n|-unboost|p1a: Garchomp|spe|1\n|turn|13\n|\n|t:|1697539004\n|move|p2a: The GOAT|Extreme Speed|p1a: Garchomp\n|-damage|p1a: Garchomp|7\/100 slp\n|-damage|p2a: The GOAT|56\/100|[from] ability: Rough Skin|[of] p1a: Garchomp\n|cant|p1a: Garchomp|slp\n|\n|upkeep\n|turn|14\n|\n|t:|1697539010\n|move|p2a: The GOAT|Extreme Speed|p1a: Garchomp\n|-crit|p1a: Garchomp\n|-damage|p1a: Garchomp|0 fnt\n|-damage|p2a: The GOAT|44\/100|[from] ability: Rough Skin|[of] p1a: Garchomp\n|faint|p1a: Garchomp\n|\n|upkeep\n|\n|t:|1697539012\n|switch|p1a: Gastro|Gastrodon, F|100\/100\n|-activate|p1a: Gastro|move: Sticky Web\n|-unboost|p1a: Gastro|spe|1\n|turn|15\n|\n|t:|1697539021\n|move|p2a: The GOAT|Extreme Speed|p1a: Gastro\n|-damage|p1a: Gastro|10\/100\n|move|p1a: Gastro|Hydro Pump|p2a: The GOAT\n|-damage|p2a: The GOAT|3\/100\n|\n|-heal|p1a: Gastro|16\/100|[from] item: Leftovers\n|upkeep\n|turn|16\n|inactive|dumpy lump has 270 seconds left.\n|c|\u2606dumpy lump|not even killing there\n|c|\u2606OceanicGamer3|Sorry man\n|\n|t:|1697539042\n|move|p2a: The GOAT|Fire Punch|p1a: Gastro\n|-resisted|p1a: Gastro\n|-damage|p1a: Gastro|0 fnt\n|faint|p1a: Gastro\n|\n|win|OceanicGamer3\n|c|\u2606dumpy lump|ggs\n|c|\u2606OceanicGamer3|Gg\n|l|\u2606dumpy lump\n|l|\u2606OceanicGamer3\n|j|\u2606OceanicGamer3\n|player|p2|OceanicGamer3|bugcatcher-gen4dp\n","uploadtime":1697539053,"views":29,"p1id":"dumpylump","p2id":"oceanicgamer3","formatid":"gen9ubers","rating":0,"private":0,"password":""}