{"id":"gen9ubers-1968510666","p1":"Henrywav","p2":"Bopska","format":"[Gen 9] Ubers","log":"|j|\u2606Henrywav\n|j|\u2606Bopska\n|t:|1697426607\n|gametype|singles\n|player|p1|Henrywav|crasherwake|\n|player|p2|Bopska|ryuki|\n|teamsize|p1|6\n|teamsize|p2|6\n|gen|9\n|tier|[Gen 9] Ubers\n|rule|Sleep Clause Mod: Limit one foe put to sleep\n|rule|Species Clause: Limit one of each Pok\u00e9mon\n|rule|OHKO Clause: OHKO moves are banned\n|rule|Evasion Items Clause: Evasion items are banned\n|rule|Evasion Moves Clause: Evasion moves are banned\n|rule|Endless Battle Clause: Forcing endless battles is banned\n|rule|HP Percentage Mod: HP is shown in percentages\n|clearpoke\n|poke|p1|Cinderace, M|\n|poke|p1|Landorus-Therian, M|\n|poke|p1|Walking Wake|\n|poke|p1|Scizor, M|\n|poke|p1|Meowscarada, F|\n|poke|p1|Weavile, F|\n|poke|p2|Cloyster, M|\n|poke|p2|Iron Valiant|\n|poke|p2|Garganacl, F|\n|poke|p2|Corviknight, M|\n|poke|p2|Espeon, F|\n|poke|p2|Roaring Moon|\n|teampreview\n|j| PorygonTheBot\n|c| PorygonTheBot|y'all suck\n|j| jcolts79\n|j| notbryan96\n|j| McCartyTheParty\n|c| jcolts79|y'all suck\n|c|\u2606Henrywav|whenever youre ready\n|\n|t:|1697426643\n|start\n|switch|p1a: Meowscarada|Meowscarada, F, shiny|100\/100\n|switch|p2a: The Last Knight|Corviknight, M|100\/100\n|turn|1\n|j| SuperIdiot360\n|c| jcolts79|do a barrel roll\n|c| notbryan96|Hi Henry\n|\n|t:|1697426678\n|move|p1a: Meowscarada|Knock Off|p2a: The Last Knight\n|-start|p1a: Meowscarada|typechange|Dark|[from] ability: Protean\n|-damage|p2a: The Last Knight|72\/100\n|-enditem|p2a: The Last Knight|Leftovers|[from] move: Knock Off|[of] p1a: Meowscarada\n|move|p2a: The Last Knight|U-turn|p1a: Meowscarada\n|-supereffective|p1a: Meowscarada\n|-damage|p1a: Meowscarada|52\/100\n|c| jcolts79|henry why were you so busy tonight\n|\n|t:|1697426707\n|switch|p2a: Bumblebee|Iron Valiant|100\/100|[from] U-turn\n|\n|upkeep\n|turn|2\n|c|\u2606Henrywav|I had a friend come over\n|c| jcolts79|\"friend\"\n|c| SuperIdiot360|you show them your swing?\n|\n|t:|1697426760\n|switch|p1a: HIM|Scizor, M|100\/100\n|move|p2a: Bumblebee|Close Combat|p1a: HIM\n|-damage|p1a: HIM|31\/100\n|-unboost|p2a: Bumblebee|def|1\n|-unboost|p2a: Bumblebee|spd|1\n|\n|upkeep\n|turn|3\n|c|\u2606Henrywav|shhh thats a secret\n|\n|t:|1697426770\n|-end|p2a: Bumblebee|Quark Drive|[silent]\n|switch|p2a: The Last Knight|Corviknight, M|72\/100\n|move|p1a: HIM|Bullet Punch|p2a: The Last Knight\n|-resisted|p2a: The Last Knight\n|-damage|p2a: The Last Knight|60\/100\n|\n|upkeep\n|turn|4\n|c| SuperIdiot360|no, your parents know you fuck\n|c| notbryan96|Did you go to the nook?\n|c| jcolts79|scizor is kenough\n|\n|t:|1697426789\n|move|p1a: HIM|Close Combat|p2a: The Last Knight\n|-damage|p2a: The Last Knight|33\/100\n|-unboost|p1a: HIM|def|1\n|-unboost|p1a: HIM|spd|1\n|move|p2a: The Last Knight|Roost|p2a: The Last Knight\n|-heal|p2a: The Last Knight|83\/100\n|-singleturn|p2a: The Last Knight|move: Roost\n|\n|upkeep\n|turn|5\n|c|\u2606Bopska|joey called them them and made sure they knew\n|\n|t:|1697426797\n|move|p1a: HIM|Swords Dance|p1a: HIM\n|-boost|p1a: HIM|atk|2\n|move|p2a: The Last Knight|Brave Bird|p1a: HIM\n|-damage|p1a: HIM|0 fnt\n|faint|p1a: HIM\n|-damage|p2a: The Last Knight|76\/100|[from] Recoil\n|\n|upkeep\n|\n|t:|1697426810\n|switch|p1a: Cinderace|Cinderace, M|100\/100\n|turn|6\n|c| SuperIdiot360|i didnt need to\n|\n|t:|1697426817\n|switch|p2a: 1986 Original|Garganacl, F|100\/100\n|move|p1a: Cinderace|Pyro Ball|p2a: 1986 Original|[miss]\n|-miss|p1a: Cinderace|p2a: 1986 Original\n|\n|upkeep\n|turn|7\n|c| jcolts79|skill dodge\n|\n|t:|1697426829\n|-terastallize|p2a: 1986 Original|Water\n|move|p1a: Cinderace|U-turn|p2a: 1986 Original\n|-start|p1a: Cinderace|typechange|Bug|[from] ability: Libero\n|-crit|p2a: 1986 Original\n|-damage|p2a: 1986 Original|73\/100\n|\n|t:|1697426837\n|switch|p1a: Meowscarada|Meowscarada, F, shiny|52\/100|[from] U-turn\n|move|p2a: 1986 Original|Iron Defense|p2a: 1986 Original\n|-boost|p2a: 1986 Original|def|2\n|\n|-heal|p2a: 1986 Original|79\/100|[from] item: Leftovers\n|upkeep\n|turn|8\n|\n|t:|1697426845\n|move|p2a: 1986 Original|Protect|p2a: 1986 Original\n|-singleturn|p2a: 1986 Original|Protect\n|move|p1a: Meowscarada|Flower Trick|p2a: 1986 Original\n|-start|p1a: Meowscarada|typechange|Grass|[from] ability: Protean\n|-activate|p2a: 1986 Original|move: Protect\n|\n|-heal|p2a: 1986 Original|85\/100|[from] item: Leftovers\n|upkeep\n|turn|9\n|\n|t:|1697426891\n|move|p1a: Meowscarada|Flower Trick|p2a: 1986 Original\n|-supereffective|p2a: 1986 Original\n|-crit|p2a: 1986 Original\n|-damage|p2a: 1986 Original|39\/100\n|move|p2a: 1986 Original|Salt Cure|p1a: Meowscarada\n|-damage|p1a: Meowscarada|31\/100\n|-start|p1a: Meowscarada|Salt Cure\n|\n|-heal|p2a: 1986 Original|45\/100|[from] item: Leftovers\n|-damage|p1a: Meowscarada|19\/100|[from] Salt Cure\n|upkeep\n|turn|10\n|\n|t:|1697426901\n|move|p2a: 1986 Original|Protect|p2a: 1986 Original\n|-singleturn|p2a: 1986 Original|Protect\n|move|p1a: Meowscarada|Flower Trick|p2a: 1986 Original\n|-activate|p2a: 1986 Original|move: Protect\n|\n|-heal|p2a: 1986 Original|51\/100|[from] item: Leftovers\n|-damage|p1a: Meowscarada|6\/100|[from] Salt Cure\n|upkeep\n|turn|11\n|\n|t:|1697426938\n|switch|p2a: The Last Knight|Corviknight, M|76\/100\n|move|p1a: Meowscarada|Flower Trick|p2a: The Last Knight\n|-resisted|p2a: The Last Knight\n|-crit|p2a: The Last Knight\n|-damage|p2a: The Last Knight|70\/100\n|\n|-damage|p1a: Meowscarada|0 fnt|[from] Salt Cure\n|faint|p1a: Meowscarada\n|upkeep\n|\n|t:|1697426947\n|switch|p1a: Cinderace|Cinderace, M|100\/100\n|turn|12\n|\n|t:|1697426960\n|move|p1a: Cinderace|Pyro Ball|p2a: The Last Knight\n|-supereffective|p2a: The Last Knight\n|-damage|p2a: The Last Knight|0 fnt\n|faint|p2a: The Last Knight\n|\n|upkeep\n|inactive|Battle timer is ON: inactive players will automatically lose when time's up. (requested by Henrywav)\n|c|\u2606Bopska|oh lame\n|c| SuperIdiot360|broughts gotta sleep\n|c| McCartyTheParty|lol\n|c|\u2606Henrywav|sorry lol im trying to get jacob to sleep lol\n|c| jcolts79|i'll sleep when i'm dead\n|inactive|Bopska has 270 seconds left.\n|\n|t:|1697427029\n|switch|p2a: Rev of the Fallen|Cloyster, M|100\/100\n|turn|13\n|inactive|Henrywav has 270 seconds left.\n|c|\u2606Bopska|god does the timer really start at 5 minutes?\n|\n|t:|1697427073\n|move|p1a: Cinderace|Sucker Punch||[still]\n|-fail|p1a: Cinderace\n|move|p2a: Rev of the Fallen|Shell Smash|p2a: Rev of the Fallen\n|-unboost|p2a: Rev of the Fallen|def|1\n|-unboost|p2a: Rev of the Fallen|spd|1\n|-boost|p2a: Rev of the Fallen|atk|2\n|-boost|p2a: Rev of the Fallen|spa|2\n|-boost|p2a: Rev of the Fallen|spe|2\n|-enditem|p2a: Rev of the Fallen|White Herb\n|-clearnegativeboost|p2a: Rev of the Fallen|[silent]\n|\n|upkeep\n|turn|14\n|c|\u2606Bopska|we need a mark proof timer\n|c| jcolts79|y'all have a lot of time\n|\n|t:|1697427086\n|move|p1a: Cinderace|Sucker Punch|p2a: Rev of the Fallen\n|-start|p1a: Cinderace|typechange|Dark|[from] ability: Libero\n|-damage|p2a: Rev of the Fallen|69\/100\n|move|p2a: Rev of the Fallen|Waterfall|p1a: Cinderace\n|-damage|p1a: Cinderace|0 fnt\n|faint|p1a: Cinderace\n|\n|upkeep\n|\n|t:|1697427095\n|switch|p1a: Landorus|Landorus-Therian, M|100\/100\n|-ability|p1a: Landorus|Intimidate|boost\n|-unboost|p2a: Rev of the Fallen|atk|1\n|turn|15\n|\n|t:|1697427103\n|move|p2a: Rev of the Fallen|Icicle Spear|p1a: Landorus\n|-supereffective|p1a: Landorus\n|-damage|p1a: Landorus|25\/100\n|-supereffective|p1a: Landorus\n|-damage|p1a: Landorus|0 fnt\n|faint|p1a: Landorus\n|-hitcount|p1: Landorus|2\n|\n|upkeep\n|\n|t:|1697427113\n|switch|p1a: Walking Wake|Walking Wake|100\/100\n|turn|16\n|inactive|Henrywav has 270 seconds left.\n|\n|t:|1697427119\n|move|p2a: Rev of the Fallen|Icicle Spear|p1a: Walking Wake\n|-damage|p1a: Walking Wake|81\/100\n|-damage|p1a: Walking Wake|61\/100\n|-damage|p1a: Walking Wake|41\/100\n|-damage|p1a: Walking Wake|24\/100\n|-crit|p1a: Walking Wake\n|-damage|p1a: Walking Wake|0 fnt\n|faint|p1a: Walking Wake\n|-end|p1a: Walking Wake|Protosynthesis|[silent]\n|-hitcount|p1: Walking Wake|5\n|\n|upkeep\n|inactive|Henrywav has 270 seconds left.\n|\n|t:|1697427127\n|switch|p1a: Weavile|Weavile, F|100\/100\n|-ability|p1a: Weavile|Pressure\n|turn|17\n|c| jcolts79|lmao\n|\n|t:|1697427132\n|-terastallize|p1a: Weavile|Fairy\n|move|p2a: Rev of the Fallen|Waterfall|p1a: Weavile\n|-damage|p1a: Weavile|11\/100\n|move|p1a: Weavile|Swords Dance|p1a: Weavile\n|-boost|p1a: Weavile|atk|2\n|\n|upkeep\n|turn|18\n|\n|t:|1697427143\n|move|p2a: Rev of the Fallen|Ice Shard|p1a: Weavile\n|-damage|p1a: Weavile|0 fnt\n|faint|p1a: Weavile\n|\n|win|Bopska\n|c|\u2606Bopska|what a very infortunate crit\n|c| jcolts79|speed\n|l| PorygonTheBot\n|c|\u2606Bopska|!showteam\n|c| Bopska|\/raw <div class=\"infobox\"><details><summary>View team<\/summary>Rev of the Fallen (Cloyster) @ White Herb  <br \/>Ability: Skill Link  <br \/>Tera Type: Water  <br \/>EVs: 252 Atk &#x2f; 4 SpD &#x2f; 252 Spe  <br \/>Adamant Nature  <br \/>- Waterfall  <br \/>- Icicle Spear  <br \/>- Ice Shard  <br \/>- Shell Smash  <br \/><br \/>Bumblebee (Iron Valiant) @ Choice Scarf  <br \/>Ability: Quark Drive  <br \/>Tera Type: Fairy  <br \/>EVs: 48 HP &#x2f; 252 Atk &#x2f; 208 Spe  <br \/>Jolly Nature  <br \/>- Spirit Break  <br \/>- Close Combat  <br \/>- Liquidation  <br \/>- Knock Off  <br \/><br \/>1986 Original (Garganacl) @ Leftovers  <br \/>Ability: Purifying Salt  <br \/>Tera Type: Water  <br \/>EVs: 252 HP &#x2f; 252 Def &#x2f; 4 SpD  <br \/>Impish Nature  <br \/>- Salt Cure  <br \/>- Protect  <br \/>- Recover  <br \/>- Iron Defense  <br \/><br \/>The Last Knight (Corviknight) @ Leftovers  <br \/>Ability: Mirror Armor  <br \/>Tera Type: Water  <br \/>EVs: 252 HP &#x2f; 252 Def &#x2f; 4 SpD  <br \/>Impish Nature  <br \/>- Brave Bird  <br \/>- U-turn  <br \/>- Roost  <br \/>- Defog  <br \/><br \/>Age of Extinction (Espeon) @ Life Orb  <br \/>Ability: Magic Bounce  <br \/>Tera Type: Fairy  <br \/>EVs: 8 HP &#x2f; 252 SpA &#x2f; 248 Spe  <br \/>Timid Nature  <br \/>IVs: 0 Atk  <br \/>- Psychic  <br \/>- Dazzling Gleam  <br \/>- Power Gem  <br \/>- Thunder Wave  <br \/><br \/>Dark of the Moon (Roaring Moon) @ Leftovers  <br \/>Ability: Protosynthesis  <br \/>Tera Type: Dragon  <br \/>EVs: 72 HP &#x2f; 252 Atk &#x2f; 184 Spe  <br \/>Jolly Nature  <br \/>- Dragon Claw  <br \/>- Fire Fang  <br \/>- Dragon Dance  <br \/>- Roost  <br \/><br \/><\/details><\/div>\n|l| McCartyTheParty\n|c|\u2606Bopska|gg, get soem sleep\n|c|\u2606Henrywav|#showteam\n|c|\u2606Henrywav|ggs\n|c| notbryan96|Henry show team\n|c|\u2606Bopska|its ! showteam\n|l|\u2606Henrywav\n","uploadtime":1697427144,"views":15,"p1id":"henrywav","p2id":"bopska","formatid":"gen9ubers","rating":0,"private":0,"password":""}