{"id":"gen9ubers-1973935388","p1":"Charbotron","p2":"Wha1efish","format":"[Gen 9] Ubers","log":"|j|\u2606Charbotron\n|j|\u2606Wha1efish\n|t:|1698030018\n|gametype|singles\n|player|p1|Charbotron|102|\n|player|p2|Wha1efish|cynthia-gen4|\n|teamsize|p1|6\n|teamsize|p2|6\n|gen|9\n|tier|[Gen 9] Ubers\n|rule|Sleep Clause Mod: Limit one foe put to sleep\n|rule|Species Clause: Limit one of each Pok\u00e9mon\n|rule|OHKO Clause: OHKO moves are banned\n|rule|Evasion Items Clause: Evasion items are banned\n|rule|Evasion Moves Clause: Evasion moves are banned\n|rule|Endless Battle Clause: Forcing endless battles is banned\n|rule|HP Percentage Mod: HP is shown in percentages\n|clearpoke\n|poke|p1|Iron Moth|\n|poke|p1|Walking Wake|\n|poke|p1|Great Tusk|\n|poke|p1|Sylveon, M|\n|poke|p1|Torkoal, M|\n|poke|p1|Corviknight, M|\n|poke|p2|Annihilape, F|\n|poke|p2|Hydreigon, M|\n|poke|p2|Espathra, F|\n|poke|p2|Weezing-Galar, F|\n|poke|p2|Thundurus, M|\n|poke|p2|Gastrodon, M|\n|teampreview\n|j| rustygoomba\n|\n|t:|1698030033\n|start\n|switch|p1a: Sylveon|Sylveon, M|100\/100\n|switch|p2a: Espathra|Espathra, F|100\/100\n|turn|1\n|\n|t:|1698030073\n|switch|p2a: Weezing|Weezing-Galar, F|100\/100\n|move|p1a: Sylveon|Hyper Voice|p2a: Weezing\n|-resisted|p2a: Weezing\n|-crit|p2a: Weezing\n|-damage|p2a: Weezing|44\/100\n|\n|-heal|p2a: Weezing|50\/100|[from] item: Black Sludge\n|upkeep\n|turn|2\n|j| Nuttyr\n|j| RektCactus\n|\n|t:|1698030121\n|move|p2a: Weezing|Will-O-Wisp|p1a: Sylveon\n|-status|p1a: Sylveon|brn\n|move|p1a: Sylveon|Hyper Beam|p2a: Weezing|[miss]\n|-miss|p1a: Sylveon|p2a: Weezing\n|\n|-heal|p2a: Weezing|56\/100|[from] item: Black Sludge\n|-damage|p1a: Sylveon|94\/100 brn|[from] brn\n|upkeep\n|turn|3\n|j| RiddleDog\n|\n|t:|1698030150\n|move|p2a: Weezing|Sludge Bomb|p1a: Sylveon\n|-supereffective|p1a: Sylveon\n|-damage|p1a: Sylveon|67\/100 brn\n|move|p1a: Sylveon|Hyper Beam|p2a: Weezing\n|-resisted|p2a: Weezing\n|-damage|p2a: Weezing|0 fnt\n|-mustrecharge|p1a: Sylveon\n|faint|p2a: Weezing\n|\n|-damage|p1a: Sylveon|61\/100 brn|[from] brn\n|upkeep\n|\n|t:|1698030154\n|switch|p2a: Espathra|Espathra, F|100\/100\n|turn|4\n|\n|t:|1698030162\n|move|p2a: Espathra|Lumina Crash|p1a: Sylveon\n|-damage|p1a: Sylveon|41\/100 brn\n|-unboost|p1a: Sylveon|spd|2\n|cant|p1a: Sylveon|recharge\n|\n|-damage|p1a: Sylveon|35\/100 brn|[from] brn\n|-ability|p2a: Espathra|Speed Boost|boost\n|-boost|p2a: Espathra|spe|1\n|upkeep\n|turn|5\n|l| Nuttyr\n|j| Nuttyr\n|l| RiddleDog\n|\n|t:|1698030249\n|move|p2a: Espathra|Lumina Crash|p1a: Sylveon\n|-damage|p1a: Sylveon|0 fnt\n|faint|p1a: Sylveon\n|\n|-ability|p2a: Espathra|Speed Boost|boost\n|-boost|p2a: Espathra|spe|1\n|upkeep\n|\n|t:|1698030285\n|switch|p1a: Corviknight|Corviknight, M|100\/100\n|turn|6\n|\n|t:|1698030296\n|move|p2a: Espathra|Lumina Crash|p1a: Corviknight\n|-resisted|p1a: Corviknight\n|-damage|p1a: Corviknight|84\/100\n|-ability|p1a: Corviknight|Mirror Armor\n|-unboost|p2a: Espathra|spd|2\n|move|p1a: Corviknight|Bulk Up|p1a: Corviknight\n|-boost|p1a: Corviknight|atk|1\n|-boost|p1a: Corviknight|def|1\n|\n|-heal|p1a: Corviknight|91\/100|[from] item: Leftovers\n|-ability|p2a: Espathra|Speed Boost|boost\n|-boost|p2a: Espathra|spe|1\n|upkeep\n|turn|7\n|c| rustygoomba|YUOOOOO\n|c|\u2606Wha1efish|mirror armor corv\n|c|\u2606Wha1efish|da tech\n|\n|t:|1698030348\n|switch|p2a: Thundurus|Thundurus, M|100\/100\n|move|p1a: Corviknight|Brave Bird|p2a: Thundurus\n|-resisted|p2a: Thundurus\n|-damage|p2a: Thundurus|66\/100\n|-damage|p1a: Corviknight|82\/100|[from] Recoil\n|\n|-heal|p1a: Corviknight|88\/100|[from] item: Leftovers\n|upkeep\n|turn|8\n|\n|t:|1698030377\n|switch|p1a: Torkoal|Torkoal, M|100\/100\n|-weather|SunnyDay|[from] ability: Drought|[of] p1a: Torkoal\n|move|p2a: Thundurus|Nasty Plot|p2a: Thundurus\n|-boost|p2a: Thundurus|spa|2\n|\n|-weather|SunnyDay|[upkeep]\n|upkeep\n|turn|9\n|\n|t:|1698030403\n|switch|p1a: Great Tusk|Great Tusk|100\/100\n|-activate|p1a: Great Tusk|ability: Protosynthesis\n|-start|p1a: Great Tusk|protosynthesisatk\n|move|p2a: Thundurus|Thunderbolt|p1a: Great Tusk\n|-immune|p1a: Great Tusk\n|\n|-weather|SunnyDay|[upkeep]\n|upkeep\n|turn|10\n|\n|t:|1698030438\n|move|p2a: Thundurus|Grass Knot|p1a: Great Tusk\n|-supereffective|p1a: Great Tusk\n|-damage|p1a: Great Tusk|0 fnt\n|faint|p1a: Great Tusk\n|-end|p1a: Great Tusk|Protosynthesis|[silent]\n|\n|-weather|SunnyDay|[upkeep]\n|upkeep\n|\n|t:|1698030487\n|switch|p1a: Walking Wake|Walking Wake|100\/100\n|-activate|p1a: Walking Wake|ability: Protosynthesis\n|-start|p1a: Walking Wake|protosynthesisspe\n|turn|11\n|\n|t:|1698030522\n|switch|p2a: Gastrodon|Gastrodon, M|100\/100\n|move|p1a: Walking Wake|Dragon Pulse|p2a: Gastrodon\n|-damage|p2a: Gastrodon|61\/100\n|-damage|p1a: Walking Wake|91\/100|[from] item: Life Orb\n|\n|-weather|SunnyDay|[upkeep]\n|-heal|p2a: Gastrodon|67\/100|[from] item: Leftovers\n|upkeep\n|turn|12\n|\n|t:|1698030552\n|move|p1a: Walking Wake|Dragon Pulse|p2a: Gastrodon\n|-damage|p2a: Gastrodon|33\/100\n|-damage|p1a: Walking Wake|81\/100|[from] item: Life Orb\n|move|p2a: Gastrodon|Recover|p2a: Gastrodon\n|-heal|p2a: Gastrodon|83\/100\n|\n|-weather|SunnyDay|[upkeep]\n|-heal|p2a: Gastrodon|89\/100|[from] item: Leftovers\n|upkeep\n|turn|13\n|\n|t:|1698030572\n|-end|p1a: Walking Wake|Protosynthesis|[silent]\n|switch|p1a: Torkoal|Torkoal, M|100\/100\n|move|p2a: Gastrodon|Earth Power|p1a: Torkoal\n|-supereffective|p1a: Torkoal\n|-damage|p1a: Torkoal|22\/100\n|-unboost|p1a: Torkoal|spd|1\n|\n|-weather|SunnyDay|[upkeep]\n|-heal|p2a: Gastrodon|95\/100|[from] item: Leftovers\n|upkeep\n|turn|14\n|\n|t:|1698030584\n|switch|p2a: Hydreigon|Hydreigon, M|100\/100\n|move|p1a: Torkoal|Solar Beam||[still]\n|-prepare|p1a: Torkoal|Solar Beam\n|-anim|p1a: Torkoal|Solar Beam|p2a: Hydreigon\n|-resisted|p2a: Hydreigon\n|-damage|p2a: Hydreigon|87\/100\n|\n|-weather|SunnyDay|[upkeep]\n|upkeep\n|turn|15\n|\n|t:|1698030659\n|switch|p1a: Iron Moth|Iron Moth|100\/100\n|move|p2a: Hydreigon|Dark Pulse|p1a: Iron Moth\n|-damage|p1a: Iron Moth|36\/100\n|\n|-weather|none\n|upkeep\n|turn|16\n|\n|t:|1698030680\n|switch|p2a: Annihilape|Annihilape, F|100\/100\n|-terastallize|p1a: Iron Moth|Fairy\n|move|p1a: Iron Moth|Dazzling Gleam|p2a: Annihilape\n|-supereffective|p2a: Annihilape\n|-damage|p2a: Annihilape|11\/100\n|\n|upkeep\n|turn|17\n|\n|t:|1698030689\n|move|p1a: Iron Moth|Dazzling Gleam|p2a: Annihilape\n|-supereffective|p2a: Annihilape\n|-damage|p2a: Annihilape|0 fnt\n|faint|p2a: Annihilape\n|\n|upkeep\n|\n|t:|1698030692\n|switch|p2a: Thundurus|Thundurus, M|66\/100\n|turn|18\n|\n|t:|1698030695\n|move|p2a: Thundurus|Thunderbolt|p1a: Iron Moth\n|-damage|p1a: Iron Moth|0 fnt\n|faint|p1a: Iron Moth\n|-end|p1a: Iron Moth|Quark Drive|[silent]\n|\n|upkeep\n|\n|t:|1698030702\n|switch|p1a: Torkoal|Torkoal, M|22\/100\n|-weather|SunnyDay|[from] ability: Drought|[of] p1a: Torkoal\n|turn|19\n|\n|t:|1698030753\n|switch|p1a: Corviknight|Corviknight, M|88\/100\n|move|p2a: Thundurus|Thunderbolt|p1a: Corviknight\n|-supereffective|p1a: Corviknight\n|-damage|p1a: Corviknight|29\/100\n|\n|-weather|SunnyDay|[upkeep]\n|-heal|p1a: Corviknight|35\/100|[from] item: Leftovers\n|upkeep\n|turn|20\n|\n|t:|1698030771\n|move|p2a: Thundurus|Thunderbolt|p1a: Corviknight\n|-supereffective|p1a: Corviknight\n|-damage|p1a: Corviknight|0 fnt\n|faint|p1a: Corviknight\n|\n|-weather|SunnyDay|[upkeep]\n|upkeep\n|\n|t:|1698030776\n|switch|p1a: Walking Wake|Walking Wake|81\/100\n|-activate|p1a: Walking Wake|ability: Protosynthesis\n|-start|p1a: Walking Wake|protosynthesisspe\n|turn|21\n|\n|t:|1698030788\n|switch|p2a: Gastrodon|Gastrodon, M|95\/100\n|move|p1a: Walking Wake|Dragon Pulse|p2a: Gastrodon\n|-damage|p2a: Gastrodon|62\/100\n|-damage|p1a: Walking Wake|71\/100|[from] item: Life Orb\n|\n|-weather|SunnyDay|[upkeep]\n|-heal|p2a: Gastrodon|68\/100|[from] item: Leftovers\n|upkeep\n|turn|22\n|\n|t:|1698030803\n|move|p1a: Walking Wake|Dragon Pulse|p2a: Gastrodon\n|-damage|p2a: Gastrodon|30\/100\n|-damage|p1a: Walking Wake|61\/100|[from] item: Life Orb\n|move|p2a: Gastrodon|Recover|p2a: Gastrodon\n|-heal|p2a: Gastrodon|80\/100\n|\n|-weather|SunnyDay|[upkeep]\n|-heal|p2a: Gastrodon|86\/100|[from] item: Leftovers\n|upkeep\n|turn|23\n|\n|t:|1698030833\n|-end|p1a: Walking Wake|Protosynthesis|[silent]\n|switch|p1a: Torkoal|Torkoal, M|22\/100\n|move|p2a: Gastrodon|Recover|p2a: Gastrodon\n|-heal|p2a: Gastrodon|100\/100\n|\n|-weather|SunnyDay|[upkeep]\n|upkeep\n|turn|24\n|\n|t:|1698030839\n|move|p1a: Torkoal|Solar Beam||[still]\n|-prepare|p1a: Torkoal|Solar Beam\n|-anim|p1a: Torkoal|Solar Beam|p2a: Gastrodon\n|-supereffective|p2a: Gastrodon\n|-damage|p2a: Gastrodon|39\/100\n|move|p2a: Gastrodon|Earth Power|p1a: Torkoal\n|-supereffective|p1a: Torkoal\n|-damage|p1a: Torkoal|0 fnt\n|faint|p1a: Torkoal\n|\n|-weather|SunnyDay|[upkeep]\n|-heal|p2a: Gastrodon|45\/100|[from] item: Leftovers\n|upkeep\n|\n|t:|1698030851\n|switch|p1a: Walking Wake|Walking Wake|61\/100\n|-activate|p1a: Walking Wake|ability: Protosynthesis\n|-start|p1a: Walking Wake|protosynthesisspe\n|turn|25\n|\n|t:|1698030860\n|move|p1a: Walking Wake|Dragon Pulse|p2a: Gastrodon\n|-damage|p2a: Gastrodon|7\/100\n|-damage|p1a: Walking Wake|51\/100|[from] item: Life Orb\n|move|p2a: Gastrodon|Recover|p2a: Gastrodon\n|-heal|p2a: Gastrodon|57\/100\n|\n|-weather|SunnyDay|[upkeep]\n|-heal|p2a: Gastrodon|63\/100|[from] item: Leftovers\n|upkeep\n|turn|26\n|c| RektCactus|The don...\n|\n|t:|1698030869\n|move|p1a: Walking Wake|Dragon Pulse|p2a: Gastrodon\n|-damage|p2a: Gastrodon|25\/100\n|-damage|p1a: Walking Wake|41\/100|[from] item: Life Orb\n|move|p2a: Gastrodon|Recover|p2a: Gastrodon\n|-heal|p2a: Gastrodon|75\/100\n|\n|-weather|none\n|-end|p1a: Walking Wake|Protosynthesis\n|-heal|p2a: Gastrodon|81\/100|[from] item: Leftovers\n|upkeep\n|turn|27\n|\n|t:|1698030877\n|move|p1a: Walking Wake|Dragon Pulse|p2a: Gastrodon\n|-damage|p2a: Gastrodon|43\/100\n|-damage|p1a: Walking Wake|31\/100|[from] item: Life Orb\n|move|p2a: Gastrodon|Recover|p2a: Gastrodon\n|-heal|p2a: Gastrodon|93\/100\n|\n|-heal|p2a: Gastrodon|99\/100|[from] item: Leftovers\n|upkeep\n|turn|28\n|c|\u2606Wha1efish|my whole team will not be shamoned today\n|-message|Charbotron forfeited.\n|\n|win|Wha1efish\n|l|\u2606Charbotron\n","uploadtime":1698030896,"views":19,"p1id":"charbotron","p2id":"wha1efish","formatid":"gen9ubers","rating":0,"private":0,"password":""}