{"id":"gen9ubers-1990485631","p1":"banwobDPP","p2":"bluebim","format":"[Gen 9] Ubers","log":"|j|\u2606banwobDPP\n|j|\u2606bluebim\n|t:|1699975293\n|gametype|singles\n|player|p1|banwobDPP|n-masters|\n|player|p2|bluebim|170|\n|teamsize|p1|6\n|teamsize|p2|6\n|gen|9\n|tier|[Gen 9] Ubers\n|rated|Tournament battle\n|rule|Sleep Clause Mod: Limit one foe put to sleep\n|rule|Species Clause: Limit one of each Pok\u00e9mon\n|rule|OHKO Clause: OHKO moves are banned\n|rule|Evasion Items Clause: Evasion items are banned\n|rule|Evasion Moves Clause: Evasion moves are banned\n|rule|Endless Battle Clause: Forcing endless battles is banned\n|rule|HP Percentage Mod: HP is shown in percentages\n|clearpoke\n|poke|p1|Koraidon|\n|poke|p1|Miraidon|\n|poke|p1|Toxapex, F|\n|poke|p1|Groudon|\n|poke|p1|Calyrex-Ice|\n|poke|p1|Arceus-Ground|\n|poke|p2|Flutter Mane|\n|poke|p2|Ribombee, F|\n|poke|p2|Zacian-*|\n|poke|p2|Koraidon|\n|poke|p2|Arceus|\n|poke|p2|Rayquaza|\n|teampreview\n|inactive|Battle timer is ON: inactive players will automatically lose when time's up. (requested by bluebim)\n|\n|t:|1699975311\n|start\n|switch|p1a: Miraidon|Miraidon|100\/100\n|switch|p2a: Ribombee|Ribombee, F|100\/100\n|-fieldstart|move: Electric Terrain|[from] ability: Hadron Engine|[of] p1a: Miraidon\n|turn|1\n|\n|t:|1699975318\n|move|p1a: Miraidon|Taunt|p2a: Ribombee\n|-start|p2a: Ribombee|move: Taunt\n|cant|p2a: Ribombee|move: Taunt|Sticky Web\n|\n|upkeep\n|turn|2\n|j| Nineveh\n|inactive|banwobDPP has 120 seconds left.\n|inactive|bluebim has 120 seconds left.\n|\n|t:|1699975360\n|switch|p1a: Calyrex|Calyrex-Ice|100\/100\n|-ability|p1a: Calyrex|As One\n|-ability|p1a: Calyrex|Unnerve\n|switch|p2a: Zacian|Zacian-Crowned, shiny|100\/100\n|-ability|p2a: Zacian|Intrepid Sword|boost\n|-boost|p2a: Zacian|atk|1\n|\n|upkeep\n|turn|3\n|\n|t:|1699975386\n|-terastallize|p1a: Calyrex|Fire\n|move|p2a: Zacian|Behemoth Blade|p1a: Calyrex\n|-resisted|p1a: Calyrex\n|-damage|p1a: Calyrex|76\/100\n|move|p1a: Calyrex|Trick Room|p1a: Calyrex\n|-fieldstart|move: Trick Room|[of] p1a: Calyrex\n|\n|upkeep\n|turn|4\n|\n|t:|1699975392\n|move|p1a: Calyrex|High Horsepower|p2a: Zacian\n|-supereffective|p2a: Zacian\n|-damage|p2a: Zacian|18\/100\n|move|p2a: Zacian|Close Combat|p1a: Calyrex\n|-damage|p1a: Calyrex|31\/100\n|-unboost|p2a: Zacian|def|1\n|-unboost|p2a: Zacian|spd|1\n|\n|upkeep\n|turn|5\n|\n|t:|1699975401\n|move|p1a: Calyrex|Glacial Lance|p2a: Zacian\n|-resisted|p2a: Zacian\n|-damage|p2a: Zacian|0 fnt\n|faint|p2a: Zacian\n|-ability|p1a: Calyrex|Chilling Neigh|boost\n|-boost|p1a: Calyrex|atk|1\n|\n|-fieldend|move: Electric Terrain\n|upkeep\n|\n|t:|1699975404\n|switch|p2a: Ribombee|Ribombee, F|100\/100\n|turn|6\n|inactive|banwobDPP has 120 seconds left.\n|\n|t:|1699975427\n|move|p1a: Calyrex|Glacial Lance|p2a: Ribombee\n|-enditem|p2a: Ribombee|Focus Sash\n|-damage|p2a: Ribombee|1\/100\n|move|p2a: Ribombee|Sticky Web|p1a: Calyrex\n|-sidestart|p1: banwobDPP|move: Sticky Web\n|\n|upkeep\n|turn|7\n|\n|t:|1699975432\n|move|p1a: Calyrex|Swords Dance|p1a: Calyrex\n|-boost|p1a: Calyrex|atk|2\n|move|p2a: Ribombee|Tailwind|p2a: Ribombee\n|-sidestart|p2: bluebim|move: Tailwind\n|\n|-fieldend|move: Trick Room\n|upkeep\n|turn|8\n|\n|t:|1699975439\n|move|p2a: Ribombee|Moonblast|p1a: Calyrex\n|-resisted|p1a: Calyrex\n|-damage|p1a: Calyrex|19\/100\n|move|p1a: Calyrex|Trick Room|p1a: Calyrex\n|-fieldstart|move: Trick Room|[of] p1a: Calyrex\n|\n|upkeep\n|turn|9\n|\n|t:|1699975443\n|move|p1a: Calyrex|Glacial Lance|p2a: Ribombee\n|-damage|p2a: Ribombee|0 fnt\n|faint|p2a: Ribombee\n|-ability|p1a: Calyrex|Chilling Neigh|boost\n|-boost|p1a: Calyrex|atk|1\n|\n|upkeep\n|\n|t:|1699975446\n|switch|p2a: Arceus|Arceus|100\/100\n|turn|10\n|\n|t:|1699975461\n|switch|p1a: Toxapex|Toxapex, F|100\/100\n|-activate|p1a: Toxapex|move: Sticky Web\n|-unboost|p1a: Toxapex|spe|1\n|move|p2a: Arceus|Extreme Speed|p1a: Toxapex\n|-damage|p1a: Toxapex|70\/100\n|-damage|p2a: Arceus|84\/100|[from] item: Rocky Helmet|[of] p1a: Toxapex\n|\n|-sideend|p2: bluebim|move: Tailwind\n|upkeep\n|turn|11\n|\n|t:|1699975467\n|move|p1a: Toxapex|Infestation|p2a: Arceus\n|-damage|p2a: Arceus|82\/100\n|-activate|p2a: Arceus|move: Infestation|[of] p1a: Toxapex\n|move|p2a: Arceus|Swords Dance|p2a: Arceus\n|-boost|p2a: Arceus|atk|2\n|\n|-damage|p2a: Arceus|70\/100|[from] move: Infestation|[partiallytrapped]\n|upkeep\n|turn|12\n|\n|t:|1699975470\n|move|p1a: Toxapex|Haze|p1a: Toxapex\n|-clearallboost\n|move|p2a: Arceus|Swords Dance|p2a: Arceus\n|-boost|p2a: Arceus|atk|2\n|\n|-damage|p2a: Arceus|58\/100|[from] move: Infestation|[partiallytrapped]\n|-fieldend|move: Trick Room\n|upkeep\n|turn|13\n|\n|t:|1699975475\n|move|p2a: Arceus|Taunt|p1a: Toxapex\n|-start|p1a: Toxapex|move: Taunt\n|cant|p1a: Toxapex|move: Taunt|Haze\n|\n|-damage|p2a: Arceus|45\/100|[from] move: Infestation|[partiallytrapped]\n|upkeep\n|turn|14\n|\n|t:|1699975505\n|move|p2a: Arceus|Swords Dance|p2a: Arceus\n|-boost|p2a: Arceus|atk|2\n|move|p1a: Toxapex|Infestation|p2a: Arceus\n|-damage|p2a: Arceus|43\/100\n|\n|-damage|p2a: Arceus|31\/100|[from] move: Infestation|[partiallytrapped]\n|upkeep\n|turn|15\n|\n|t:|1699975507\n|move|p2a: Arceus|Extreme Speed|p1a: Toxapex\n|-damage|p1a: Toxapex|0 fnt\n|-damage|p2a: Arceus|14\/100|[from] item: Rocky Helmet|[of] p1a: Toxapex\n|faint|p1a: Toxapex\n|\n|-end|p2a: Arceus|Infestation|[partiallytrapped]|[silent]\n|upkeep\n|\n|t:|1699975527\n|switch|p1a: Groudon|Groudon|100\/100\n|-activate|p1a: Groudon|move: Sticky Web\n|-unboost|p1a: Groudon|spe|1\n|-weather|SunnyDay|[from] ability: Drought|[of] p1a: Groudon\n|turn|16\n|\n|t:|1699975533\n|move|p2a: Arceus|Extreme Speed|p1a: Groudon\n|-damage|p1a: Groudon|0 fnt\n|faint|p1a: Groudon\n|\n|-weather|SunnyDay|[upkeep]\n|upkeep\n|c|\u2606bluebim|gg(?)\n|inactive|banwobDPP has 120 seconds left.\n|\n|t:|1699975549\n|switch|p1a: Arceus|Arceus-Ground|100\/100\n|-activate|p1a: Arceus|move: Sticky Web\n|-unboost|p1a: Arceus|spe|1\n|turn|17\n|\n|t:|1699975554\n|switch|p1a: Calyrex|Calyrex-Ice, tera:Fire|19\/100\n|-ability|p1a: Calyrex|As One\n|-ability|p1a: Calyrex|Unnerve\n|move|p2a: Arceus|Extreme Speed|p1a: Calyrex\n|-damage|p1a: Calyrex|0 fnt\n|faint|p1a: Calyrex\n|\n|-weather|SunnyDay|[upkeep]\n|upkeep\n|inactive|banwobDPP has 120 seconds left.\n|inactive|banwobDPP has 90 seconds left.\n|\n|t:|1699975604\n|switch|p1a: Arceus|Arceus-Ground|100\/100\n|-activate|p1a: Arceus|move: Sticky Web\n|-unboost|p1a: Arceus|spe|1\n|turn|18\n|\n|t:|1699975614\n|move|p2a: Arceus|Extreme Speed|p1a: Arceus\n|-damage|p1a: Arceus|0 fnt\n|faint|p1a: Arceus\n|\n|-weather|SunnyDay|[upkeep]\n|upkeep\n|\n|t:|1699975616\n|switch|p1a: Koraidon|Koraidon|100\/100\n|-activate|p1a: Koraidon|move: Sticky Web\n|-unboost|p1a: Koraidon|spe|1\n|-activate|p1a: Koraidon|ability: Orichalcum Pulse\n|turn|19\n|\n|t:|1699975619\n|move|p2a: Arceus|Extreme Speed|p1a: Koraidon\n|-damage|p1a: Koraidon|0 fnt\n|faint|p1a: Koraidon\n|\n|-weather|SunnyDay|[upkeep]\n|upkeep\n|-message|banwobDPP forfeited.\n|\n|win|bluebim\n|n|\u2606banwobDPP|banwobdpp\n|n|\u2606bluebim|bluebim\n|n| Nineveh|nineveh\n","uploadtime":1699975624,"views":6,"p1id":"banwobdpp","p2id":"bluebim","formatid":"gen9ubers","rating":0,"private":0,"password":""}