{"id":"gen9ubers-1989282558","p1":"GBD777","p2":"plokami","format":"[Gen 9] Ubers","log":"|j|\u2606GBD777\n|j|\u2606plokami\n|t:|1699831589\n|gametype|singles\n|player|p1|GBD777|101|\n|player|p2|plokami|collector|\n|teamsize|p1|6\n|teamsize|p2|6\n|gen|9\n|tier|[Gen 9] Ubers\n|rule|Sleep Clause Mod: Limit one foe put to sleep\n|rule|Species Clause: Limit one of each Pok\u00e9mon\n|rule|OHKO Clause: OHKO moves are banned\n|rule|Evasion Items Clause: Evasion items are banned\n|rule|Evasion Moves Clause: Evasion moves are banned\n|rule|Endless Battle Clause: Forcing endless battles is banned\n|rule|HP Percentage Mod: HP is shown in percentages\n|clearpoke\n|poke|p1|Walking Wake|\n|poke|p1|Maushold-Four|\n|poke|p1|Dragonite, F|\n|poke|p1|Weezing-Galar, M|\n|poke|p1|Great Tusk|\n|poke|p1|Muk-Alola, F|\n|poke|p2|Rillaboom, M|\n|poke|p2|Heatran, F|\n|poke|p2|Ursaluna, F|\n|poke|p2|Hatterene, F|\n|poke|p2|Sneasler, F|\n|poke|p2|Mandibuzz, F|\n|teampreview\n|c|\u2606GBD777|gl hf\n|c|\u2606plokami|stelnw link\n|c|\u2606plokami|hf\n|c|\u2606plokami|a esteiles komple\n|\n|t:|1699831646\n|start\n|switch|p1a: Walking Wake|Walking Wake|100\/100\n|switch|p2a: Hatterene|Hatterene, F|100\/100\n|turn|1\n|\n|t:|1699831652\n|move|p1a: Walking Wake|Flip Turn|p2a: Hatterene\n|-damage|p2a: Hatterene|88\/100\n|\n|t:|1699831657\n|-end|p1a: Walking Wake|Protosynthesis|[silent]\n|switch|p1a: Weezing|Weezing-Galar, M|100\/100|[from] Flip Turn\n|move|p2a: Hatterene|Trick Room|p2a: Hatterene\n|-fieldstart|move: Trick Room|[of] p2a: Hatterene\n|\n|upkeep\n|turn|2\n|j| Coach ataman\n|\n|t:|1699831670\n|switch|p2a: Heatran|Heatran, F|100\/100\n|-item|p2a: Heatran|Air Balloon\n|move|p1a: Weezing|Sludge Bomb|p2a: Heatran\n|-immune|p2a: Heatran\n|\n|upkeep\n|turn|3\n|\n|t:|1699831678\n|switch|p1a: Muk|Muk-Alola, F|100\/100\n|move|p2a: Heatran|Magma Storm|p1a: Muk\n|-damage|p1a: Muk|71\/100\n|-activate|p1a: Muk|move: Magma Storm|[of] p2a: Heatran\n|\n|-heal|p1a: Muk|77\/100|[from] item: Black Sludge\n|-damage|p1a: Muk|64\/100|[from] move: Magma Storm|[partiallytrapped]\n|upkeep\n|turn|4\n|\n|t:|1699831689\n|move|p1a: Muk|Drain Punch|p2a: Heatran\n|-supereffective|p2a: Heatran\n|-damage|p2a: Heatran|66\/100\n|-heal|p1a: Muk|78\/100|[from] drain|[of] p2a: Heatran\n|-enditem|p2a: Heatran|Air Balloon\n|move|p2a: Heatran|Earth Power|p1a: Muk\n|-supereffective|p1a: Muk\n|-damage|p1a: Muk|43\/100\n|\n|-heal|p1a: Muk|49\/100|[from] item: Black Sludge\n|-damage|p1a: Muk|36\/100|[from] move: Magma Storm|[partiallytrapped]\n|upkeep\n|turn|5\n|\n|t:|1699831713\n|move|p1a: Muk|Drain Punch|p2a: Heatran\n|-supereffective|p2a: Heatran\n|-damage|p2a: Heatran|30\/100\n|-heal|p1a: Muk|51\/100|[from] drain|[of] p2a: Heatran\n|move|p2a: Heatran|Earth Power|p1a: Muk\n|-supereffective|p1a: Muk\n|-damage|p1a: Muk|13\/100\n|-unboost|p1a: Muk|spd|1\n|\n|-heal|p1a: Muk|19\/100|[from] item: Black Sludge\n|-damage|p1a: Muk|7\/100|[from] move: Magma Storm|[partiallytrapped]\n|-fieldend|move: Trick Room\n|upkeep\n|turn|6\n|\n|t:|1699831721\n|move|p1a: Muk|Protect|p1a: Muk\n|-singleturn|p1a: Muk|Protect\n|move|p2a: Heatran|Earth Power|p1a: Muk\n|-activate|p1a: Muk|move: Protect\n|\n|-heal|p1a: Muk|13\/100|[from] item: Black Sludge\n|-damage|p1a: Muk|1\/100|[from] move: Magma Storm|[partiallytrapped]\n|upkeep\n|turn|7\n|\n|t:|1699831725\n|move|p2a: Heatran|Earth Power|p1a: Muk\n|-supereffective|p1a: Muk\n|-damage|p1a: Muk|0 fnt\n|faint|p1a: Muk\n|\n|upkeep\n|\n|t:|1699831732\n|switch|p1a: Maushold|Maushold-Four|100\/100\n|turn|8\n|\n|t:|1699831745\n|-terastallize|p2a: Heatran|Ghost\n|move|p1a: Maushold|Population Bomb|p2a: Heatran\n|-immune|p2a: Heatran\n|move|p2a: Heatran|Magma Storm|p1a: Maushold\n|-damage|p1a: Maushold|24\/100\n|-activate|p1a: Maushold|move: Magma Storm|[of] p2a: Heatran\n|\n|-damage|p1a: Maushold|11\/100|[from] move: Magma Storm|[partiallytrapped]\n|upkeep\n|turn|9\n|\n|t:|1699831757\n|move|p1a: Maushold|Bite|p2a: Heatran\n|-supereffective|p2a: Heatran\n|-crit|p2a: Heatran\n|-damage|p2a: Heatran|0 fnt\n|faint|p2a: Heatran\n|\n|-end|p1a: Maushold|Magma Storm|[partiallytrapped]|[silent]\n|upkeep\n|\n|t:|1699831762\n|switch|p2a: Rillaboom|Rillaboom, M|100\/100\n|-fieldstart|move: Grassy Terrain|[from] ability: Grassy Surge|[of] p2a: Rillaboom\n|turn|10\n|\n|t:|1699831784\n|switch|p1a: Weezing|Weezing-Galar, M|100\/100\n|move|p2a: Rillaboom|Grassy Glide|p1a: Weezing\n|-resisted|p1a: Weezing\n|-damage|p1a: Weezing|81\/100\n|\n|upkeep\n|turn|11\n|\n|t:|1699831789\n|switch|p2a: Ursaluna|Ursaluna, F|100\/100\n|move|p1a: Weezing|Sludge Bomb|p2a: Ursaluna\n|-resisted|p2a: Ursaluna\n|-damage|p2a: Ursaluna|77\/100\n|-status|p2a: Ursaluna|psn\n|\n|-heal|p2a: Ursaluna|83\/100 psn|[from] Grassy Terrain\n|-damage|p2a: Ursaluna|71\/100 psn|[from] psn\n|upkeep\n|turn|12\n|\n|t:|1699831811\n|switch|p1a: Great Tusk|Great Tusk|100\/100\n|move|p2a: Ursaluna|Facade|p1a: Great Tusk\n|-damage|p1a: Great Tusk|45\/100\n|-damage|p2a: Ursaluna|54\/100 psn|[from] item: Rocky Helmet|[of] p1a: Great Tusk\n|\n|-heal|p1a: Great Tusk|51\/100|[from] Grassy Terrain\n|-heal|p2a: Ursaluna|60\/100 psn|[from] Grassy Terrain\n|-damage|p2a: Ursaluna|48\/100 psn|[from] psn\n|upkeep\n|turn|13\n|\n|t:|1699831819\n|switch|p2a: Mandibuzz|Mandibuzz, F|100\/100\n|move|p1a: Great Tusk|Ice Spinner|p2a: Mandibuzz\n|-supereffective|p2a: Mandibuzz\n|-damage|p2a: Mandibuzz|74\/100\n|-fieldend|move: Grassy Terrain\n|\n|upkeep\n|turn|14\n|\n|t:|1699831826\n|move|p1a: Great Tusk|Stealth Rock|p2a: Mandibuzz\n|-sidestart|p2: plokami|move: Stealth Rock\n|move|p2a: Mandibuzz|Roost|p2a: Mandibuzz\n|-heal|p2a: Mandibuzz|100\/100\n|-singleturn|p2a: Mandibuzz|move: Roost\n|\n|upkeep\n|turn|15\n|\n|t:|1699831841\n|-end|p1a: Great Tusk|Protosynthesis|[silent]\n|switch|p1a: Weezing|Weezing-Galar, M|81\/100\n|move|p2a: Mandibuzz|Knock Off|p1a: Weezing\n|-resisted|p1a: Weezing\n|-damage|p1a: Weezing|69\/100\n|-enditem|p1a: Weezing|Choice Specs|[from] move: Knock Off|[of] p2a: Mandibuzz\n|\n|upkeep\n|turn|16\n|\n|t:|1699831857\n|switch|p2a: Ursaluna|Ursaluna, F|48\/100 psn\n|-damage|p2a: Ursaluna|42\/100 psn|[from] Stealth Rock\n|move|p1a: Weezing|Strange Steam|p2a: Ursaluna\n|-damage|p2a: Ursaluna|8\/100 psn\n|\n|-damage|p2a: Ursaluna|0 fnt|[from] psn\n|faint|p2a: Ursaluna\n|upkeep\n|\n|t:|1699831892\n|switch|p2a: Rillaboom|Rillaboom, M|100\/100\n|-damage|p2a: Rillaboom|88\/100|[from] Stealth Rock\n|-fieldstart|move: Grassy Terrain|[from] ability: Grassy Surge|[of] p2a: Rillaboom\n|turn|17\n|\n|t:|1699831900\n|switch|p2a: Sneasler|Sneasler, F|100\/100\n|-damage|p2a: Sneasler|95\/100|[from] Stealth Rock\n|-enditem|p2a: Sneasler|Grassy Seed\n|-boost|p2a: Sneasler|def|1|[from] item: Grassy Seed\n|move|p1a: Weezing|Overheat|p2a: Sneasler\n|-damage|p2a: Sneasler|40\/100\n|-unboost|p1a: Weezing|spa|2\n|\n|-heal|p2a: Sneasler|46\/100|[from] Grassy Terrain\n|upkeep\n|turn|18\n|\n|t:|1699831911\n|switch|p1a: Great Tusk|Great Tusk|51\/100\n|move|p2a: Sneasler|Gunk Shot|p1a: Great Tusk\n|-resisted|p1a: Great Tusk\n|-damage|p1a: Great Tusk|34\/100\n|\n|-heal|p2a: Sneasler|52\/100|[from] Grassy Terrain\n|-heal|p1a: Great Tusk|40\/100|[from] Grassy Terrain\n|upkeep\n|turn|19\n|\n|t:|1699831921\n|move|p2a: Sneasler|Close Combat|p1a: Great Tusk\n|-damage|p1a: Great Tusk|8\/100\n|-unboost|p2a: Sneasler|def|1\n|-unboost|p2a: Sneasler|spd|1\n|-damage|p2a: Sneasler|36\/100|[from] item: Rocky Helmet|[of] p1a: Great Tusk\n|move|p1a: Great Tusk|Earthquake|p2a: Sneasler\n|-supereffective|p2a: Sneasler\n|-damage|p2a: Sneasler|0 fnt\n|faint|p2a: Sneasler\n|\n|-heal|p1a: Great Tusk|14\/100|[from] Grassy Terrain\n|upkeep\n|\n|t:|1699831925\n|switch|p2a: Rillaboom|Rillaboom, M|88\/100\n|-damage|p2a: Rillaboom|76\/100|[from] Stealth Rock\n|turn|20\n|\n|t:|1699831936\n|move|p2a: Rillaboom|Grassy Glide|p1a: Great Tusk\n|-supereffective|p1a: Great Tusk\n|-damage|p1a: Great Tusk|0 fnt\n|-damage|p2a: Rillaboom|59\/100|[from] item: Rocky Helmet|[of] p1a: Great Tusk\n|faint|p1a: Great Tusk\n|-end|p1a: Great Tusk|Protosynthesis|[silent]\n|\n|-heal|p2a: Rillaboom|65\/100|[from] Grassy Terrain\n|upkeep\n|\n|t:|1699831942\n|switch|p1a: Weezing|Weezing-Galar, M|69\/100\n|turn|21\n|\n|t:|1699831955\n|move|p1a: Weezing|Sludge Bomb|p2a: Rillaboom\n|-supereffective|p2a: Rillaboom\n|-damage|p2a: Rillaboom|4\/100\n|-status|p2a: Rillaboom|psn\n|move|p2a: Rillaboom|Wood Hammer|p1a: Weezing\n|-resisted|p1a: Weezing\n|-damage|p1a: Weezing|20\/100\n|-damage|p2a: Rillaboom|0 fnt|[from] Recoil\n|faint|p2a: Rillaboom\n|\n|-fieldend|move: Grassy Terrain\n|upkeep\n|\n|t:|1699831960\n|switch|p2a: Hatterene|Hatterene, F|88\/100\n|-damage|p2a: Hatterene|76\/100|[from] Stealth Rock\n|turn|22\n|\n|t:|1699831967\n|move|p1a: Weezing|Sludge Bomb|p2a: Hatterene\n|-supereffective|p2a: Hatterene\n|-damage|p2a: Hatterene|0 fnt\n|faint|p2a: Hatterene\n|\n|upkeep\n|c|\u2606plokami|gg\n|\n|t:|1699831974\n|switch|p2a: Mandibuzz|Mandibuzz, F|100\/100\n|turn|23\n|\n|t:|1699831982\n|move|p1a: Weezing|Strange Steam|p2a: Mandibuzz\n|-supereffective|p2a: Mandibuzz\n|-damage|p2a: Mandibuzz|34\/100\n|move|p2a: Mandibuzz|Foul Play|p1a: Weezing\n|-resisted|p1a: Weezing\n|-damage|p1a: Weezing|8\/100\n|\n|upkeep\n|turn|24\n|\n|t:|1699831986\n|move|p1a: Weezing|Strange Steam|p2a: Mandibuzz\n|-supereffective|p2a: Mandibuzz\n|-damage|p2a: Mandibuzz|0 fnt\n|faint|p2a: Mandibuzz\n|\n|win|GBD777\n|c|\u2606GBD777|gg\n|l| Coach ataman\n|l|\u2606plokami\n","uploadtime":1699831991,"views":20,"p1id":"gbd777","p2id":"plokami","formatid":"gen9ubers","rating":0,"private":0,"password":""}