{"id":"gen9ubers-1979791414","p1":"TubeKnight","p2":"babynogalXD","format":"[Gen 9] Ubers","log":"|j|\u2606TubeKnight\n|j|\u2606babynogalXD\n|t:|1698713639\n|gametype|singles\n|player|p1|TubeKnight|266|\n|player|p2|babynogalXD|hilbert|\n|teamsize|p1|6\n|teamsize|p2|6\n|gen|9\n|tier|[Gen 9] Ubers\n|rule|Sleep Clause Mod: Limit one foe put to sleep\n|rule|Species Clause: Limit one of each Pok\u00e9mon\n|rule|OHKO Clause: OHKO moves are banned\n|rule|Evasion Items Clause: Evasion items are banned\n|rule|Evasion Moves Clause: Evasion moves are banned\n|rule|Endless Battle Clause: Forcing endless battles is banned\n|rule|HP Percentage Mod: HP is shown in percentages\n|clearpoke\n|poke|p1|Giratina|\n|poke|p1|Blissey, F|\n|poke|p1|Dondozo, M|\n|poke|p1|Gliscor, F|\n|poke|p1|Gholdengo|\n|poke|p1|Garganacl, F|\n|poke|p2|Cutiefly, F|\n|poke|p2|Hatterene, F|\n|poke|p2|Spectrier|\n|poke|p2|Landorus, M|\n|poke|p2|Zacian-*|\n|poke|p2|Shaymin-Sky|\n|teampreview\n|inactive|Battle timer is ON: inactive players will automatically lose when time's up. (requested by TubeKnight)\n|c|\u2606TubeKnight|glhf\n|\n|t:|1698713671\n|start\n|switch|p1a: Gliscor|Gliscor, F, shiny|100\/100\n|switch|p2a: Shaymin|Shaymin-Sky|100\/100\n|turn|1\n|\n|t:|1698713682\n|switch|p2a: Hatterene|Hatterene, F|100\/100\n|move|p1a: Gliscor|Knock Off|p2a: Hatterene\n|-damage|p2a: Hatterene|82\/100\n|-enditem|p2a: Hatterene|Red Card|[from] move: Knock Off|[of] p1a: Gliscor\n|\n|-status|p1a: Gliscor|tox|[from] item: Toxic Orb\n|upkeep\n|turn|2\n|c|\u2606babynogalXD|U2\n|\n|t:|1698713701\n|switch|p1a: Blissey|Blissey, F, shiny|100\/100\n|move|p2a: Hatterene|Calm Mind|p2a: Hatterene\n|-boost|p2a: Hatterene|spa|1\n|-boost|p2a: Hatterene|spd|1\n|\n|upkeep\n|turn|3\n|\n|t:|1698713705\n|move|p1a: Blissey|Seismic Toss|p2a: Hatterene\n|-damage|p2a: Hatterene|50\/100\n|move|p2a: Hatterene|Psyshock|p1a: Blissey\n|-crit|p1a: Blissey\n|-damage|p1a: Blissey|0 fnt\n|faint|p1a: Blissey\n|\n|upkeep\n|c|\u2606babynogalXD|Mb\n|c|\u2606TubeKnight|oops\n|\n|t:|1698713722\n|switch|p1a: Gholdengo|Gholdengo|100\/100\n|turn|4\n|\n|t:|1698713726\n|switch|p2a: Cutiefly|Cutiefly, F|100\/100\n|move|p1a: Gholdengo|Make It Rain|p2a: Cutiefly\n|-supereffective|p2a: Cutiefly\n|-enditem|p2a: Cutiefly|Focus Sash\n|-damage|p2a: Cutiefly|1\/100\n|-unboost|p1a: Gholdengo|spa|1\n|\n|upkeep\n|turn|5\n|\n|t:|1698713729\n|move|p1a: Gholdengo|Make It Rain|p2a: Cutiefly\n|-supereffective|p2a: Cutiefly\n|-crit|p2a: Cutiefly\n|-damage|p2a: Cutiefly|0 fnt\n|-unboost|p1a: Gholdengo|spa|1\n|faint|p2a: Cutiefly\n|\n|upkeep\n|\n|t:|1698713741\n|switch|p2a: Shaymin|Shaymin-Sky|100\/100\n|turn|6\n|\n|t:|1698713751\n|switch|p1a: Gliscor|Gliscor, F, shiny|100\/100 tox\n|move|p2a: Shaymin|Substitute|p2a: Shaymin\n|-start|p2a: Shaymin|Substitute\n|-damage|p2a: Shaymin|76\/100\n|\n|-heal|p2a: Shaymin|82\/100|[from] item: Leftovers\n|upkeep\n|turn|7\n|\n|t:|1698713755\n|move|p2a: Shaymin|Leech Seed|p1a: Gliscor\n|-start|p1a: Gliscor|move: Leech Seed\n|move|p1a: Gliscor|Knock Off|p2a: Shaymin\n|-end|p2a: Shaymin|Substitute\n|\n|-heal|p2a: Shaymin|88\/100|[from] item: Leftovers\n|-damage|p1a: Gliscor|88\/100 tox|[from] Leech Seed|[of] p2a: Shaymin\n|-heal|p2a: Shaymin|100\/100|[silent]\n|-heal|p1a: Gliscor|100\/100 tox|[from] ability: Poison Heal\n|upkeep\n|turn|8\n|\n|t:|1698713758\n|move|p2a: Shaymin|Substitute|p2a: Shaymin\n|-start|p2a: Shaymin|Substitute\n|-damage|p2a: Shaymin|76\/100\n|move|p1a: Gliscor|Taunt|p2a: Shaymin\n|-start|p2a: Shaymin|move: Taunt\n|\n|-heal|p2a: Shaymin|82\/100|[from] item: Leftovers\n|-damage|p1a: Gliscor|88\/100 tox|[from] Leech Seed|[of] p2a: Shaymin\n|-heal|p2a: Shaymin|95\/100|[silent]\n|-heal|p1a: Gliscor|100\/100 tox|[from] ability: Poison Heal\n|upkeep\n|turn|9\n|\n|t:|1698713763\n|move|p2a: Shaymin|Seed Flare|p1a: Gliscor\n|-damage|p1a: Gliscor|28\/100 tox\n|-unboost|p1a: Gliscor|spd|2\n|move|p1a: Gliscor|Knock Off|p2a: Shaymin\n|-end|p2a: Shaymin|Substitute\n|\n|-heal|p2a: Shaymin|100\/100|[from] item: Leftovers\n|-damage|p1a: Gliscor|15\/100 tox|[from] Leech Seed|[of] p2a: Shaymin\n|-heal|p1a: Gliscor|28\/100 tox|[from] ability: Poison Heal\n|upkeep\n|turn|10\n|\n|t:|1698713767\n|switch|p1a: Gholdengo|Gholdengo|100\/100\n|move|p2a: Shaymin|Seed Flare|p1a: Gholdengo\n|-resisted|p1a: Gholdengo\n|-crit|p1a: Gholdengo\n|-damage|p1a: Gholdengo|48\/100\n|-unboost|p1a: Gholdengo|spd|2\n|\n|upkeep\n|turn|11\n|\n|t:|1698713776\n|switch|p2a: Hatterene|Hatterene, F|50\/100\n|move|p1a: Gholdengo|Make It Rain|p2a: Hatterene\n|-supereffective|p2a: Hatterene\n|-damage|p2a: Hatterene|0 fnt\n|-unboost|p1a: Gholdengo|spa|1\n|faint|p2a: Hatterene\n|\n|upkeep\n|\n|t:|1698713789\n|switch|p2a: Spectrier|Spectrier|100\/100\n|turn|12\n|\n|t:|1698713797\n|switch|p1a: Garganacl|Garganacl, F, shiny|100\/100\n|move|p2a: Spectrier|Shadow Ball|p1a: Garganacl\n|-damage|p1a: Garganacl|83\/100\n|\n|upkeep\n|turn|13\n|\n|t:|1698713800\n|move|p2a: Spectrier|Substitute|p2a: Spectrier\n|-start|p2a: Spectrier|Substitute\n|-damage|p2a: Spectrier|76\/100\n|move|p1a: Garganacl|Salt Cure|p2a: Spectrier\n|-activate|p2a: Spectrier|move: Substitute|[damage]\n|\n|upkeep\n|turn|14\n|\n|t:|1698713804\n|move|p2a: Spectrier|Nasty Plot|p2a: Spectrier\n|-boost|p2a: Spectrier|spa|2\n|move|p1a: Garganacl|Salt Cure|p2a: Spectrier\n|-end|p2a: Spectrier|Substitute\n|\n|upkeep\n|turn|15\n|\n|t:|1698713806\n|move|p2a: Spectrier|Substitute|p2a: Spectrier\n|-start|p2a: Spectrier|Substitute\n|-damage|p2a: Spectrier|51\/100\n|move|p1a: Garganacl|Salt Cure|p2a: Spectrier\n|-activate|p2a: Spectrier|move: Substitute|[damage]\n|\n|upkeep\n|turn|16\n|\n|t:|1698713808\n|move|p2a: Spectrier|Nasty Plot|p2a: Spectrier\n|-boost|p2a: Spectrier|spa|2\n|move|p1a: Garganacl|Salt Cure|p2a: Spectrier\n|-end|p2a: Spectrier|Substitute\n|\n|upkeep\n|turn|17\n|\n|t:|1698713813\n|move|p2a: Spectrier|Substitute|p2a: Spectrier\n|-start|p2a: Spectrier|Substitute\n|-damage|p2a: Spectrier|26\/100\n|move|p1a: Garganacl|Salt Cure|p2a: Spectrier\n|-activate|p2a: Spectrier|move: Substitute|[damage]\n|\n|upkeep\n|turn|18\n|\n|t:|1698713819\n|-terastallize|p2a: Spectrier|Fighting\n|move|p2a: Spectrier|Tera Blast|p1a: Garganacl|[anim] Tera Blast Fighting\n|-supereffective|p1a: Garganacl\n|-damage|p1a: Garganacl|0 fnt\n|faint|p1a: Garganacl\n|-ability|p2a: Spectrier|Grim Neigh|boost\n|-boost|p2a: Spectrier|spa|1\n|\n|upkeep\n|\n|t:|1698713843\n|switch|p1a: Dondozo|Dondozo, M, shiny|100\/100\n|turn|19\n|\n|t:|1698713846\n|move|p2a: Spectrier|Shadow Ball|p1a: Dondozo\n|-damage|p1a: Dondozo|52\/100\n|move|p1a: Dondozo|Liquidation|p2a: Spectrier\n|-end|p2a: Spectrier|Substitute\n|\n|upkeep\n|turn|20\n|\n|t:|1698713849\n|move|p2a: Spectrier|Shadow Ball|p1a: Dondozo\n|-damage|p1a: Dondozo|3\/100\n|move|p1a: Dondozo|Liquidation|p2a: Spectrier\n|-damage|p2a: Spectrier|0 fnt\n|faint|p2a: Spectrier\n|\n|upkeep\n|\n|t:|1698713857\n|switch|p2a: Shaymin|Shaymin-Sky|100\/100\n|turn|21\n|\n|t:|1698713861\n|move|p2a: Shaymin|Substitute|p2a: Shaymin\n|-start|p2a: Shaymin|Substitute\n|-damage|p2a: Shaymin|76\/100\n|move|p1a: Dondozo|Rest|p1a: Dondozo\n|-status|p1a: Dondozo|slp|[from] move: Rest\n|-heal|p1a: Dondozo|100\/100 slp|[silent]\n|\n|-heal|p2a: Shaymin|82\/100|[from] item: Leftovers\n|upkeep\n|turn|22\n|\n|t:|1698713867\n|switch|p1a: Giratina|Giratina, shiny|100\/100\n|-ability|p1a: Giratina|Pressure\n|move|p2a: Shaymin|Seed Flare|p1a: Giratina\n|-resisted|p1a: Giratina\n|-damage|p1a: Giratina|89\/100\n|-unboost|p1a: Giratina|spd|2\n|\n|-heal|p2a: Shaymin|88\/100|[from] item: Leftovers\n|upkeep\n|turn|23\n|\n|t:|1698713873\n|move|p2a: Shaymin|Air Slash|p1a: Giratina\n|-damage|p1a: Giratina|57\/100\n|move|p1a: Giratina|Roar|p2a: Shaymin\n|drag|p2a: Zacian|Zacian|100\/100\n|-ability|p2a: Zacian|Intrepid Sword|boost\n|-boost|p2a: Zacian|atk|1\n|\n|upkeep\n|turn|24\n|\n|t:|1698713877\n|-terastallize|p1a: Giratina|Steel\n|move|p2a: Zacian|Play Rough|p1a: Giratina\n|-resisted|p1a: Giratina\n|-damage|p1a: Giratina|33\/100\n|-damage|p2a: Zacian|91\/100|[from] item: Life Orb\n|move|p1a: Giratina|Will-O-Wisp|p2a: Zacian\n|-status|p2a: Zacian|brn\n|\n|-damage|p2a: Zacian|84\/100 brn|[from] brn\n|upkeep\n|turn|25\n|\n|t:|1698713892\n|switch|p1a: Gliscor|Gliscor, F, shiny|28\/100 tox\n|move|p2a: Zacian|Play Rough|p1a: Gliscor\n|-damage|p1a: Gliscor|1\/100 tox\n|-damage|p2a: Zacian|75\/100 brn|[from] item: Life Orb\n|\n|-heal|p1a: Gliscor|13\/100 tox|[from] ability: Poison Heal\n|-damage|p2a: Zacian|68\/100 brn|[from] brn\n|upkeep\n|turn|26\n|\n|t:|1698713899\n|move|p2a: Zacian|Play Rough|p1a: Gliscor\n|-damage|p1a: Gliscor|0 fnt\n|faint|p1a: Gliscor\n|-damage|p2a: Zacian|59\/100 brn|[from] item: Life Orb\n|\n|-damage|p2a: Zacian|52\/100 brn|[from] brn\n|upkeep\n|\n|t:|1698713902\n|switch|p1a: Gholdengo|Gholdengo|48\/100\n|turn|27\n|\n|t:|1698713904\n|move|p1a: Gholdengo|Make It Rain|p2a: Zacian\n|-supereffective|p2a: Zacian\n|-damage|p2a: Zacian|0 fnt\n|-unboost|p1a: Gholdengo|spa|1\n|faint|p2a: Zacian\n|\n|upkeep\n|\n|t:|1698713908\n|switch|p2a: Landorus|Landorus, M|100\/100\n|turn|28\n|\n|t:|1698713912\n|switch|p1a: Dondozo|Dondozo, M, shiny|100\/100 slp\n|move|p2a: Landorus|Earth Power|p1a: Dondozo\n|-damage|p1a: Dondozo|26\/100 slp\n|\n|upkeep\n|turn|29\n|\n|t:|1698713915\n|switch|p1a: Giratina|Giratina, shiny, tera:Steel|33\/100\n|-ability|p1a: Giratina|Pressure\n|move|p2a: Landorus|Earth Power|p1a: Giratina\n|-supereffective|p1a: Giratina\n|-damage|p1a: Giratina|0 fnt\n|faint|p1a: Giratina\n|\n|upkeep\n|\n|t:|1698713917\n|switch|p1a: Gholdengo|Gholdengo|48\/100\n|turn|30\n|\n|t:|1698713932\n|move|p1a: Gholdengo|Make It Rain|p2a: Landorus\n|-damage|p2a: Landorus|23\/100\n|-unboost|p1a: Gholdengo|spa|1\n|move|p2a: Landorus|Earth Power|p1a: Gholdengo\n|-supereffective|p1a: Gholdengo\n|-damage|p1a: Gholdengo|0 fnt\n|faint|p1a: Gholdengo\n|\n|upkeep\n|\n|t:|1698713935\n|switch|p1a: Dondozo|Dondozo, M, shiny|26\/100 slp\n|turn|31\n|\n|t:|1698713936\n|move|p2a: Landorus|Earth Power|p1a: Dondozo\n|-damage|p1a: Dondozo|0 fnt\n|faint|p1a: Dondozo\n|\n|win|babynogalXD\n|c|\u2606babynogalXD|Gg\n|c|\u2606TubeKnight|gg\n|l|\u2606babynogalXD\n","uploadtime":1698713962,"views":12,"p1id":"tubeknight","p2id":"babynogalxd","formatid":"gen9ubers","rating":0,"private":0,"password":""}