{"id":"gen9ubers-1975788662","p1":"Hash_13","p2":"Shadowheart05","format":"[Gen 9] Ubers","log":"|j|\u2606Hash_13\n|j|\u2606Shadowheart05\n|t:|1698238117\n|gametype|singles\n|player|p1|Hash_13|1|\n|player|p2|Shadowheart05|lady|\n|teamsize|p1|6\n|teamsize|p2|6\n|gen|9\n|tier|[Gen 9] Ubers\n|rule|Sleep Clause Mod: Limit one foe put to sleep\n|rule|Species Clause: Limit one of each Pok\u00e9mon\n|rule|OHKO Clause: OHKO moves are banned\n|rule|Evasion Items Clause: Evasion items are banned\n|rule|Evasion Moves Clause: Evasion moves are banned\n|rule|Endless Battle Clause: Forcing endless battles is banned\n|rule|HP Percentage Mod: HP is shown in percentages\n|clearpoke\n|poke|p1|Toxapex, F|\n|poke|p1|Sableye, M|\n|poke|p1|Talonflame, F|\n|poke|p1|Oricorio-Sensu, F|\n|poke|p1|Iron Leaves|\n|poke|p1|Cresselia, F|\n|poke|p2|Haxorus, M|\n|poke|p2|Lilligant-Hisui, F|\n|poke|p2|Gastrodon, F|\n|poke|p2|Slither Wing|\n|poke|p2|Zapdos|\n|poke|p2|Arcanine-Hisui, M|\n|teampreview\n|\n|t:|1698238144\n|start\n|switch|p1a: Sableye|Sableye, M, shiny|100\/100\n|switch|p2a: Gastrodon|Gastrodon, F|100\/100\n|turn|1\n|\n|t:|1698238151\n|move|p1a: Sableye|Taunt|p2a: Gastrodon\n|-start|p2a: Gastrodon|move: Taunt\n|cant|p2a: Gastrodon|move: Taunt|Spikes\n|\n|upkeep\n|turn|2\n|\n|t:|1698238203\n|switch|p1a: Iron Leaves|Iron Leaves|100\/100\n|-enditem|p1a: Iron Leaves|Booster Energy\n|-activate|p1a: Iron Leaves|ability: Quark Drive|[fromitem]\n|-start|p1a: Iron Leaves|quarkdrivespe\n|switch|p2a: Arcanine|Arcanine-Hisui, M|100\/100\n|\n|upkeep\n|turn|3\n|\n|t:|1698238217\n|-end|p1a: Iron Leaves|Quark Drive|[silent]\n|switch|p1a: Toxapex|Toxapex, F, shiny|100\/100\n|move|p2a: Arcanine|Flare Blitz|p1a: Toxapex\n|-resisted|p1a: Toxapex\n|-damage|p1a: Toxapex|83\/100\n|\n|-heal|p1a: Toxapex|89\/100|[from] item: Leftovers\n|upkeep\n|turn|4\n|j| itay1579\n|\n|t:|1698238226\n|switch|p2a: Zapdos|Zapdos|100\/100\n|-ability|p2a: Zapdos|Pressure\n|move|p1a: Toxapex|Toxic|p2a: Zapdos\n|-status|p2a: Zapdos|tox\n|\n|-heal|p1a: Toxapex|95\/100|[from] item: Leftovers\n|-damage|p2a: Zapdos|94\/100 tox|[from] psn\n|upkeep\n|turn|5\n|\n|t:|1698238244\n|move|p1a: Toxapex|Baneful Bunker|p1a: Toxapex\n|-singleturn|p1a: Toxapex|move: Protect\n|move|p2a: Zapdos|Thunderbolt|p1a: Toxapex\n|-activate|p1a: Toxapex|move: Protect\n|\n|-heal|p1a: Toxapex|100\/100|[from] item: Leftovers\n|-damage|p2a: Zapdos|82\/100 tox|[from] psn\n|upkeep\n|turn|6\n|\n|t:|1698238251\n|switch|p1a: Cresselia|Cresselia, F|100\/100\n|move|p2a: Zapdos|Sunny Day|p2a: Zapdos\n|-weather|SunnyDay\n|\n|-weather|SunnyDay|[upkeep]\n|-damage|p2a: Zapdos|63\/100 tox|[from] psn\n|upkeep\n|turn|7\n|\n|t:|1698238259\n|move|p2a: Zapdos|U-turn|p1a: Cresselia\n|-supereffective|p1a: Cresselia\n|-damage|p1a: Cresselia|82\/100\n|\n|t:|1698238285\n|switch|p2a: Slither Wing|Slither Wing|100\/100|[from] U-turn\n|-activate|p2a: Slither Wing|ability: Protosynthesis\n|-start|p2a: Slither Wing|protosynthesisatk\n|move|p1a: Cresselia|Calm Mind|p1a: Cresselia\n|-boost|p1a: Cresselia|spa|1\n|-boost|p1a: Cresselia|spd|1\n|\n|-weather|SunnyDay|[upkeep]\n|-heal|p1a: Cresselia|88\/100|[from] item: Leftovers\n|upkeep\n|turn|8\n|\n|t:|1698238298\n|switch|p1a: Toxapex|Toxapex, F, shiny|100\/100\n|move|p2a: Slither Wing|First Impression|p1a: Toxapex\n|-resisted|p1a: Toxapex\n|-damage|p1a: Toxapex|75\/100\n|-damage|p2a: Slither Wing|91\/100|[from] item: Life Orb\n|\n|-weather|SunnyDay|[upkeep]\n|-heal|p1a: Toxapex|81\/100|[from] item: Leftovers\n|upkeep\n|turn|9\n|\n|t:|1698238308\n|move|p2a: Slither Wing|U-turn|p1a: Toxapex\n|-resisted|p1a: Toxapex\n|-damage|p1a: Toxapex|61\/100\n|-damage|p2a: Slither Wing|81\/100|[from] item: Life Orb\n|\n|t:|1698238318\n|-end|p2a: Slither Wing|Protosynthesis|[silent]\n|switch|p2a: Zapdos|Zapdos|63\/100 tox|[from] U-turn\n|-ability|p2a: Zapdos|Pressure\n|move|p1a: Toxapex|Toxic|p2a: Zapdos\n|-fail|p2a: Zapdos|tox\n|\n|-weather|SunnyDay|[upkeep]\n|-heal|p1a: Toxapex|67\/100|[from] item: Leftovers\n|-damage|p2a: Zapdos|57\/100 tox|[from] psn\n|upkeep\n|turn|10\n|\n|t:|1698238325\n|move|p1a: Toxapex|Baneful Bunker|p1a: Toxapex\n|-singleturn|p1a: Toxapex|move: Protect\n|move|p2a: Zapdos|Thunderbolt|p1a: Toxapex\n|-activate|p1a: Toxapex|move: Protect\n|\n|-weather|SunnyDay|[upkeep]\n|-heal|p1a: Toxapex|73\/100|[from] item: Leftovers\n|-damage|p2a: Zapdos|44\/100 tox|[from] psn\n|upkeep\n|turn|11\n|\n|t:|1698238334\n|switch|p1a: Cresselia|Cresselia, F|88\/100\n|move|p2a: Zapdos|Thunderbolt|p1a: Cresselia\n|-damage|p1a: Cresselia|62\/100\n|\n|-weather|SunnyDay|[upkeep]\n|-heal|p1a: Cresselia|68\/100|[from] item: Leftovers\n|-damage|p2a: Zapdos|26\/100 tox|[from] psn\n|upkeep\n|turn|12\n|\n|t:|1698238367\n|switch|p2a: Arcanine|Arcanine-Hisui, M|100\/100\n|move|p1a: Cresselia|Moonlight|p1a: Cresselia\n|-heal|p1a: Cresselia|100\/100\n|\n|-weather|SunnyDay|[upkeep]\n|upkeep\n|turn|13\n|\n|t:|1698238376\n|switch|p1a: Toxapex|Toxapex, F, shiny|100\/100\n|move|p2a: Arcanine|Head Smash|p1a: Toxapex|[miss]\n|-miss|p2a: Arcanine|p1a: Toxapex\n|\n|-weather|none\n|upkeep\n|turn|14\n|\n|t:|1698238384\n|move|p2a: Arcanine|Head Smash|p1a: Toxapex\n|-damage|p1a: Toxapex|61\/100\n|move|p1a: Toxapex|Surf|p2a: Arcanine\n|-supereffective|p2a: Arcanine\n|-damage|p2a: Arcanine|6\/100\n|\n|-heal|p1a: Toxapex|67\/100|[from] item: Leftovers\n|upkeep\n|turn|15\n|\n|t:|1698238393\n|move|p1a: Toxapex|Baneful Bunker|p1a: Toxapex\n|-singleturn|p1a: Toxapex|move: Protect\n|move|p2a: Arcanine|Head Smash|p1a: Toxapex\n|-activate|p1a: Toxapex|move: Protect\n|-status|p2a: Arcanine|psn\n|\n|-heal|p1a: Toxapex|74\/100|[from] item: Leftovers\n|-damage|p2a: Arcanine|0 fnt|[from] psn\n|faint|p2a: Arcanine\n|upkeep\n|\n|t:|1698238396\n|switch|p2a: Haxorus|Haxorus, M|100\/100\n|-ability|p2a: Haxorus|Mold Breaker\n|turn|16\n|\n|t:|1698238406\n|move|p2a: Haxorus|Swords Dance|p2a: Haxorus\n|-boost|p2a: Haxorus|atk|2\n|move|p1a: Toxapex|Toxic|p2a: Haxorus\n|-status|p2a: Haxorus|tox\n|\n|-heal|p1a: Toxapex|80\/100|[from] item: Leftovers\n|-damage|p2a: Haxorus|94\/100 tox|[from] psn\n|upkeep\n|turn|17\n|\n|t:|1698238422\n|move|p1a: Toxapex|Baneful Bunker|p1a: Toxapex\n|-singleturn|p1a: Toxapex|move: Protect\n|move|p2a: Haxorus|Scale Shot|p1a: Toxapex\n|-activate|p1a: Toxapex|move: Protect\n|\n|-heal|p1a: Toxapex|86\/100|[from] item: Leftovers\n|-damage|p2a: Haxorus|82\/100 tox|[from] psn\n|upkeep\n|turn|18\n|\n|t:|1698238437\n|move|p2a: Haxorus|Scale Shot|p1a: Toxapex\n|-damage|p1a: Toxapex|70\/100\n|-damage|p1a: Toxapex|54\/100\n|-damage|p1a: Toxapex|36\/100\n|-damage|p1a: Toxapex|19\/100\n|-damage|p1a: Toxapex|0 fnt\n|faint|p1a: Toxapex\n|-hitcount|p1: Toxapex|5\n|-unboost|p2a: Haxorus|def|1\n|-boost|p2a: Haxorus|spe|1\n|\n|-damage|p2a: Haxorus|64\/100 tox|[from] psn\n|upkeep\n|\n|t:|1698238481\n|switch|p1a: Talonflame|Talonflame, F, shiny|100\/100\n|turn|19\n|\n|t:|1698238493\n|move|p1a: Talonflame|Brave Bird|p2a: Haxorus\n|-damage|p2a: Haxorus|0 fnt\n|faint|p2a: Haxorus\n|-damage|p1a: Talonflame|80\/100|[from] Recoil\n|\n|upkeep\n|\n|t:|1698238499\n|switch|p2a: Gastrodon|Gastrodon, F|100\/100\n|turn|20\n|\n|t:|1698238524\n|switch|p1a: Sableye|Sableye, M, shiny|100\/100\n|move|p2a: Gastrodon|Spikes|p1a: Sableye\n|-sidestart|p1: Hash_13|Spikes\n|\n|upkeep\n|turn|21\n|\n|t:|1698238529\n|move|p1a: Sableye|Taunt|p2a: Gastrodon\n|-start|p2a: Gastrodon|move: Taunt\n|move|p2a: Gastrodon|Earth Power|p1a: Sableye\n|-damage|p1a: Sableye|53\/100\n|\n|-heal|p1a: Sableye|59\/100|[from] item: Leftovers\n|upkeep\n|turn|22\n|\n|t:|1698238541\n|switch|p1a: Oricorio|Oricorio-Sensu, F, shiny|100\/100\n|move|p2a: Gastrodon|Earth Power|p1a: Oricorio\n|-immune|p1a: Oricorio\n|\n|upkeep\n|turn|23\n|\n|t:|1698238547\n|move|p1a: Oricorio|Quiver Dance|p1a: Oricorio\n|-boost|p1a: Oricorio|spa|1\n|-boost|p1a: Oricorio|spd|1\n|-boost|p1a: Oricorio|spe|1\n|move|p2a: Gastrodon|Ice Beam|p1a: Oricorio\n|-supereffective|p1a: Oricorio\n|-damage|p1a: Oricorio|56\/100\n|\n|-end|p2a: Gastrodon|move: Taunt\n|upkeep\n|turn|24\n|\n|t:|1698238566\n|-terastallize|p1a: Oricorio|Fairy\n|move|p1a: Oricorio|Quiver Dance|p1a: Oricorio\n|-boost|p1a: Oricorio|spa|1\n|-boost|p1a: Oricorio|spd|1\n|-boost|p1a: Oricorio|spe|1\n|move|p2a: Gastrodon|Ice Beam|p1a: Oricorio\n|-damage|p1a: Oricorio|40\/100\n|\n|upkeep\n|turn|25\n|\n|t:|1698238583\n|move|p1a: Oricorio|Roost|p1a: Oricorio\n|-heal|p1a: Oricorio|90\/100\n|move|p2a: Gastrodon|Earth Power|p1a: Oricorio\n|-damage|p1a: Oricorio|66\/100\n|\n|upkeep\n|turn|26\n|\n|t:|1698238590\n|move|p1a: Oricorio|Revelation Dance|p2a: Gastrodon\n|-damage|p2a: Gastrodon|48\/100\n|move|p2a: Gastrodon|Earth Power|p1a: Oricorio\n|-damage|p1a: Oricorio|44\/100\n|\n|-heal|p2a: Gastrodon|54\/100|[from] item: Leftovers\n|upkeep\n|turn|27\n|\n|t:|1698238620\n|move|p1a: Oricorio|Roost|p1a: Oricorio\n|-heal|p1a: Oricorio|94\/100\n|move|p2a: Gastrodon|Earth Power|p1a: Oricorio\n|-damage|p1a: Oricorio|71\/100\n|-unboost|p1a: Oricorio|spd|1\n|\n|-heal|p2a: Gastrodon|60\/100|[from] item: Leftovers\n|upkeep\n|turn|28\n|\n|t:|1698238625\n|move|p1a: Oricorio|Quiver Dance|p1a: Oricorio\n|-boost|p1a: Oricorio|spa|1\n|-boost|p1a: Oricorio|spd|1\n|-boost|p1a: Oricorio|spe|1\n|move|p2a: Gastrodon|Earth Power|p1a: Oricorio\n|-damage|p1a: Oricorio|49\/100\n|\n|-heal|p2a: Gastrodon|66\/100|[from] item: Leftovers\n|upkeep\n|turn|29\n|\n|t:|1698238633\n|switch|p2a: Slither Wing|Slither Wing|81\/100\n|move|p1a: Oricorio|Roost|p1a: Oricorio\n|-heal|p1a: Oricorio|99\/100\n|\n|upkeep\n|turn|30\n|\n|t:|1698238642\n|move|p2a: Slither Wing|First Impression|p1a: Oricorio\n|-resisted|p1a: Oricorio\n|-damage|p1a: Oricorio|42\/100\n|-damage|p2a: Slither Wing|71\/100|[from] item: Life Orb\n|move|p1a: Oricorio|Revelation Dance|p2a: Slither Wing\n|-supereffective|p2a: Slither Wing\n|-damage|p2a: Slither Wing|0 fnt\n|faint|p2a: Slither Wing\n|-end|p2a: Slither Wing|Protosynthesis|[silent]\n|\n|upkeep\n|\n|t:|1698238647\n|switch|p2a: Lilligant|Lilligant-Hisui, F|100\/100\n|turn|31\n|\n|t:|1698238652\n|switch|p2a: Gastrodon|Gastrodon, F|66\/100\n|move|p1a: Oricorio|Revelation Dance|p2a: Gastrodon\n|-damage|p2a: Gastrodon|2\/100\n|\n|-heal|p2a: Gastrodon|8\/100|[from] item: Leftovers\n|upkeep\n|turn|32\n|\n|t:|1698238661\n|switch|p2a: Zapdos|Zapdos|26\/100 tox\n|-ability|p2a: Zapdos|Pressure\n|move|p1a: Oricorio|Revelation Dance|p2a: Zapdos\n|-damage|p2a: Zapdos|0 fnt\n|faint|p2a: Zapdos\n|\n|upkeep\n|\n|t:|1698238664\n|switch|p2a: Gastrodon|Gastrodon, F|8\/100\n|turn|33\n|\n|t:|1698238670\n|move|p1a: Oricorio|Roost|p1a: Oricorio\n|-heal|p1a: Oricorio|92\/100\n|move|p2a: Gastrodon|Earth Power|p1a: Oricorio\n|-damage|p1a: Oricorio|71\/100\n|\n|-heal|p2a: Gastrodon|14\/100|[from] item: Leftovers\n|upkeep\n|turn|34\n|\n|t:|1698238675\n|move|p1a: Oricorio|Revelation Dance|p2a: Gastrodon\n|-damage|p2a: Gastrodon|0 fnt\n|faint|p2a: Gastrodon\n|\n|upkeep\n|\n|t:|1698238678\n|switch|p2a: Lilligant|Lilligant-Hisui, F|100\/100\n|turn|35\n|\n|t:|1698238681\n|move|p1a: Oricorio|Revelation Dance|p2a: Lilligant\n|-supereffective|p2a: Lilligant\n|-damage|p2a: Lilligant|0 fnt\n|faint|p2a: Lilligant\n|\n|win|Hash_13\n|l|\u2606Shadowheart05\n|c|\u2606Hash_13|gg\n","uploadtime":1698238691,"views":32,"p1id":"hash13","p2id":"shadowheart05","formatid":"gen9ubers","rating":0,"private":0,"password":""}