{"id":"gen9ubers-1996357542","p1":"Mouseattack","p2":"LenovoLix","format":"[Gen 9] Ubers","log":"|j|\u2606Mouseattack\n|j|\u2606LenovoLix\n|t:|1700674360\n|gametype|singles\n|player|p1|Mouseattack|koga|1079\n|player|p2|LenovoLix|hiker-gen4|1133\n|teamsize|p1|6\n|teamsize|p2|6\n|gen|9\n|tier|[Gen 9] Ubers\n|rated|\n|rule|Sleep Clause Mod: Limit one foe put to sleep\n|rule|Species Clause: Limit one of each Pok\u00e9mon\n|rule|OHKO Clause: OHKO moves are banned\n|rule|Evasion Items Clause: Evasion items are banned\n|rule|Evasion Moves Clause: Evasion moves are banned\n|rule|Endless Battle Clause: Forcing endless battles is banned\n|rule|HP Percentage Mod: HP is shown in percentages\n|clearpoke\n|poke|p1|Koraidon|\n|poke|p1|Great Tusk|\n|poke|p1|Baxcalibur, F|\n|poke|p1|Arceus-Ghost|\n|poke|p1|Zacian-*|\n|poke|p1|Ribombee, M|\n|poke|p2|Sneasler, M|\n|poke|p2|Arceus-Dragon|\n|poke|p2|Zacian-*|\n|poke|p2|Palkia-Origin|\n|poke|p2|Espathra, F|\n|poke|p2|Regieleki|\n|teampreview\n|inactive|Battle timer is ON: inactive players will automatically lose when time's up. (requested by LenovoLix)\n|\n|t:|1700674374\n|start\n|switch|p1a: Ribombee|Ribombee, M|100\/100\n|switch|p2a: Sneasler|Sneasler, M, shiny|100\/100\n|turn|1\n|\n|t:|1700674378\n|move|p2a: Sneasler|Switcheroo|p1a: Ribombee\n|-activate|p2a: Sneasler|move: Trick|[of] p1a: Ribombee\n|-item|p1a: Ribombee|Choice Scarf|[from] move: Switcheroo\n|-item|p2a: Sneasler|Focus Sash|[from] move: Switcheroo\n|move|p1a: Ribombee|Sticky Web|p2a: Sneasler\n|-sidestart|p2: LenovoLix|move: Sticky Web\n|\n|upkeep\n|turn|2\n|\n|t:|1700674385\n|switch|p1a: Zacian|Zacian-Crowned|100\/100\n|-ability|p1a: Zacian|Intrepid Sword|boost\n|-boost|p1a: Zacian|atk|1\n|move|p2a: Sneasler|Dire Claw|p1a: Zacian\n|-immune|p1a: Zacian\n|\n|upkeep\n|turn|3\n|\n|t:|1700674391\n|move|p1a: Zacian|Swords Dance|p1a: Zacian\n|-boost|p1a: Zacian|atk|2\n|move|p2a: Sneasler|Close Combat|p1a: Zacian\n|-damage|p1a: Zacian|41\/100\n|-unboost|p2a: Sneasler|def|1\n|-unboost|p2a: Sneasler|spd|1\n|\n|upkeep\n|turn|4\n|\n|t:|1700674395\n|move|p1a: Zacian|Behemoth Blade|p2a: Sneasler\n|-enditem|p2a: Sneasler|Focus Sash\n|-damage|p2a: Sneasler|1\/100\n|move|p2a: Sneasler|Close Combat|p1a: Zacian\n|-damage|p1a: Zacian|0 fnt\n|-unboost|p2a: Sneasler|def|1\n|-unboost|p2a: Sneasler|spd|1\n|faint|p1a: Zacian\n|\n|upkeep\n|\n|t:|1700674402\n|switch|p1a: Koraidon|Koraidon|100\/100\n|-weather|SunnyDay|[from] ability: Orichalcum Pulse|[of] p1a: Koraidon\n|-activate|p1a: Koraidon|Orichalcum Pulse|[source]\n|turn|5\n|\n|t:|1700674408\n|move|p1a: Koraidon|Scale Shot|p2a: Sneasler|[miss]\n|-miss|p1a: Koraidon|p2a: Sneasler\n|move|p2a: Sneasler|Dire Claw|p1a: Koraidon\n|-damage|p1a: Koraidon|60\/100\n|-status|p1a: Koraidon|slp\n|\n|-weather|SunnyDay|[upkeep]\n|upkeep\n|turn|6\n|\n|t:|1700674413\n|cant|p1a: Koraidon|slp\n|move|p2a: Sneasler|U-turn|p1a: Koraidon\n|-resisted|p1a: Koraidon\n|-damage|p1a: Koraidon|49\/100 slp\n|\n|t:|1700674415\n|switch|p2a: Regieleki|Regieleki, shiny|100\/100|[from] U-turn\n|-activate|p2a: Regieleki|move: Sticky Web\n|-unboost|p2a: Regieleki|spe|1\n|\n|-weather|SunnyDay|[upkeep]\n|upkeep\n|turn|7\n|\n|t:|1700674419\n|switch|p1a: Arceus|Arceus-Ghost|100\/100\n|move|p2a: Regieleki|Reflect|p2a: Regieleki\n|-sidestart|p2: LenovoLix|Reflect\n|\n|-weather|SunnyDay|[upkeep]\n|upkeep\n|turn|8\n|\n|t:|1700674423\n|move|p2a: Regieleki|Light Screen|p2a: Regieleki\n|-sidestart|p2: LenovoLix|move: Light Screen\n|move|p1a: Arceus|Taunt|p2a: Regieleki\n|-start|p2a: Regieleki|move: Taunt\n|\n|-weather|SunnyDay|[upkeep]\n|upkeep\n|turn|9\n|\n|t:|1700674429\n|move|p2a: Regieleki|Volt Switch|p1a: Arceus\n|-damage|p1a: Arceus|82\/100\n|\n|t:|1700674437\n|switch|p2a: Espathra|Espathra, F, shiny|100\/100|[from] Volt Switch\n|-activate|p2a: Espathra|move: Sticky Web\n|-unboost|p2a: Espathra|spe|1\n|move|p1a: Arceus|Judgment|p2a: Espathra\n|-supereffective|p2a: Espathra\n|-damage|p2a: Espathra|41\/100\n|\n|-weather|none\n|-heal|p2a: Espathra|47\/100|[from] item: Leftovers\n|upkeep\n|turn|10\n|\n|t:|1700674447\n|move|p2a: Espathra|Protect|p2a: Espathra\n|-singleturn|p2a: Espathra|Protect\n|move|p1a: Arceus|Taunt|p2a: Espathra\n|-activate|p2a: Espathra|move: Protect\n|\n|-heal|p2a: Espathra|53\/100|[from] item: Leftovers\n|-ability|p2a: Espathra|Speed Boost|boost\n|-boost|p2a: Espathra|spe|1\n|upkeep\n|turn|11\n|\n|t:|1700674453\n|move|p1a: Arceus|Taunt|p2a: Espathra\n|-start|p2a: Espathra|move: Taunt\n|cant|p2a: Espathra|move: Taunt|Calm Mind\n|\n|-heal|p2a: Espathra|59\/100|[from] item: Leftovers\n|-ability|p2a: Espathra|Speed Boost|boost\n|-boost|p2a: Espathra|spe|1\n|upkeep\n|turn|12\n|\n|t:|1700674457\n|move|p2a: Espathra|Dazzling Gleam|p1a: Arceus\n|-damage|p1a: Arceus|70\/100\n|move|p1a: Arceus|Judgment|p2a: Espathra\n|-supereffective|p2a: Espathra\n|-damage|p2a: Espathra|0 fnt\n|faint|p2a: Espathra\n|\n|upkeep\n|\n|t:|1700674462\n|switch|p2a: Zacian|Zacian-Crowned|100\/100\n|-activate|p2a: Zacian|move: Sticky Web\n|-unboost|p2a: Zacian|spe|1\n|-ability|p2a: Zacian|Intrepid Sword|boost\n|-boost|p2a: Zacian|atk|1\n|turn|13\n|\n|t:|1700674466\n|-terastallize|p2a: Zacian|Flying\n|move|p1a: Arceus|Will-O-Wisp|p2a: Zacian\n|-status|p2a: Zacian|brn\n|move|p2a: Zacian|Swords Dance|p2a: Zacian\n|-boost|p2a: Zacian|atk|2\n|\n|-damage|p2a: Zacian|94\/100 brn|[from] brn\n|upkeep\n|turn|14\n|-message|LenovoLix forfeited.\n|\n|win|Mouseattack\n|raw|Mouseattack's rating: 1079 &rarr; <strong>1111<\/strong><br \/>(+32 for winning)\n|raw|LenovoLix's rating: 1133 &rarr; <strong>1104<\/strong><br \/>(-29 for losing)\n|l|\u2606LenovoLix\n","uploadtime":1700674477,"views":1,"p1id":"mouseattack","p2id":"lenovolix","formatid":"gen9ubers","rating":1104,"private":0,"password":""}