{"id":"gen9ubers-1985904084","p1":"portobellomushroom","p2":"Vholtninja","format":"[Gen 9] Ubers","log":"|j|\u2606portobellomushroom\n|j|\u2606Vholtninja\n|t:|1699420229\n|gametype|singles\n|player|p1|portobellomushroom|cynthia|\n|player|p2|Vholtninja|serena-masters2|\n|teamsize|p1|6\n|teamsize|p2|6\n|gen|9\n|tier|[Gen 9] Ubers\n|rule|Sleep Clause Mod: Limit one foe put to sleep\n|rule|Species Clause: Limit one of each Pok\u00e9mon\n|rule|OHKO Clause: OHKO moves are banned\n|rule|Evasion Items Clause: Evasion items are banned\n|rule|Evasion Moves Clause: Evasion moves are banned\n|rule|Endless Battle Clause: Forcing endless battles is banned\n|rule|HP Percentage Mod: HP is shown in percentages\n|clearpoke\n|poke|p1|Palkia-Origin|\n|poke|p1|Tyranitar, M|\n|poke|p1|Houndstone, F|\n|poke|p1|Magearna|\n|poke|p1|Landorus, M|\n|poke|p1|Arceus-Poison|\n|poke|p2|Magearna|\n|poke|p2|Palkia-Origin|\n|poke|p2|Zacian-*|\n|poke|p2|Cyclizar, M|\n|poke|p2|Arceus-Poison|\n|poke|p2|Urshifu-*, M|\n|teampreview\n|\n|t:|1699420261\n|start\n|switch|p1a: swagearna|Magearna|100\/100\n|switch|p2a: Palkia|Palkia-Origin|100\/100\n|-ability|p2a: Palkia|Pressure\n|turn|1\n|\n|t:|1699420272\n|switch|p2a: Arceus|Arceus-Poison|100\/100\n|move|p1a: swagearna|Volt Switch|p2a: Arceus\n|-damage|p2a: Arceus|84\/100\n|\n|t:|1699420278\n|switch|p1a: actual lando|Landorus, M|100\/100|[from] Volt Switch\n|\n|upkeep\n|turn|2\n|\n|t:|1699420288\n|switch|p2a: Palkia|Palkia-Origin|100\/100\n|-ability|p2a: Palkia|Pressure\n|move|p1a: actual lando|Earth Power|p2a: Palkia\n|-damage|p2a: Palkia|34\/100\n|\n|upkeep\n|turn|3\n|\n|t:|1699420295\n|switch|p1a: swagearna|Magearna|100\/100\n|move|p2a: Palkia|Hydro Pump|p1a: swagearna\n|-damage|p1a: swagearna|58\/100\n|\n|upkeep\n|turn|4\n|\n|t:|1699420305\n|move|p2a: Palkia|Fire Blast|p1a: swagearna\n|-supereffective|p1a: swagearna\n|-damage|p1a: swagearna|13\/100\n|-status|p1a: swagearna|brn\n|move|p1a: swagearna|Draining Kiss|p2a: Palkia\n|-supereffective|p2a: Palkia\n|-damage|p2a: Palkia|0 fnt\n|-heal|p1a: swagearna|35\/100 brn|[from] drain|[of] p2a: Palkia\n|faint|p2a: Palkia\n|-ability|p1a: swagearna|Soul-Heart|boost\n|-boost|p1a: swagearna|spa|1\n|\n|-damage|p1a: swagearna|29\/100 brn|[from] brn\n|upkeep\n|\n|t:|1699420324\n|switch|p2a: Zacian|Zacian|100\/100\n|-ability|p2a: Zacian|Intrepid Sword|boost\n|-boost|p2a: Zacian|atk|1\n|turn|5\n|\n|t:|1699420329\n|move|p2a: Zacian|Wild Charge|p1a: swagearna\n|-damage|p1a: swagearna|0 fnt\n|faint|p1a: swagearna\n|-damage|p2a: Zacian|92\/100|[from] Recoil\n|\n|upkeep\n|\n|t:|1699420336\n|switch|p1a: actual lando|Landorus, M|100\/100\n|turn|6\n|\n|t:|1699420347\n|switch|p2a: Cyclizar|Cyclizar, M|100\/100\n|move|p1a: actual lando|Sludge Bomb|p2a: Cyclizar\n|-damage|p2a: Cyclizar|34\/100\n|-enditem|p2a: Cyclizar|Sitrus Berry|[eat]\n|-heal|p2a: Cyclizar|58\/100|[from] item: Sitrus Berry\n|\n|upkeep\n|turn|7\n|\n|t:|1699420354\n|move|p2a: Cyclizar|Knock Off|p1a: actual lando\n|-damage|p1a: actual lando|76\/100\n|-enditem|p1a: actual lando|Life Orb|[from] move: Knock Off|[of] p2a: Cyclizar\n|move|p1a: actual lando|Earth Power|p2a: Cyclizar\n|-damage|p2a: Cyclizar|0 fnt\n|faint|p2a: Cyclizar\n|\n|upkeep\n|\n|t:|1699420362\n|switch|p2a: Zacian|Zacian|92\/100\n|turn|8\n|\n|t:|1699420367\n|switch|p1a: Arceus|Arceus-Poison|100\/100\n|move|p2a: Zacian|Crunch|p1a: Arceus\n|-damage|p1a: Arceus|78\/100\n|\n|upkeep\n|turn|9\n|\n|t:|1699420374\n|switch|p2a: Arceus|Arceus-Poison|84\/100\n|move|p1a: Arceus|Calm Mind|p1a: Arceus\n|-boost|p1a: Arceus|spa|1\n|-boost|p1a: Arceus|spd|1\n|\n|upkeep\n|turn|10\n|\n|t:|1699420379\n|move|p2a: Arceus|Taunt|p1a: Arceus\n|-start|p1a: Arceus|move: Taunt\n|cant|p1a: Arceus|move: Taunt|Calm Mind\n|\n|upkeep\n|turn|11\n|\n|t:|1699420384\n|move|p2a: Arceus|Iron Defense|p2a: Arceus\n|-boost|p2a: Arceus|def|2\n|move|p1a: Arceus|Earth Power|p2a: Arceus\n|-supereffective|p2a: Arceus\n|-damage|p2a: Arceus|31\/100\n|\n|upkeep\n|turn|12\n|\n|t:|1699420397\n|move|p2a: Arceus|Body Press|p1a: Arceus\n|-resisted|p1a: Arceus\n|-damage|p1a: Arceus|66\/100\n|move|p1a: Arceus|Earth Power|p2a: Arceus\n|-supereffective|p2a: Arceus\n|-damage|p2a: Arceus|0 fnt\n|faint|p2a: Arceus\n|\n|-end|p1a: Arceus|move: Taunt\n|upkeep\n|\n|t:|1699420404\n|switch|p2a: Urshifu|Urshifu, M|100\/100\n|turn|13\n|\n|t:|1699420416\n|move|p2a: Urshifu|Wicked Blow|p1a: Arceus\n|-crit|p1a: Arceus\n|-damage|p1a: Arceus|22\/100\n|-damage|p2a: Urshifu|91\/100|[from] item: Life Orb\n|move|p1a: Arceus|Judgment|p2a: Urshifu\n|-damage|p2a: Urshifu|0 fnt\n|faint|p2a: Urshifu\n|\n|upkeep\n|\n|t:|1699420421\n|switch|p2a: Zacian|Zacian|92\/100\n|turn|14\n|\n|t:|1699420435\n|move|p2a: Zacian|Crunch|p1a: Arceus\n|-damage|p1a: Arceus|0 fnt\n|faint|p1a: Arceus\n|\n|upkeep\n|\n|t:|1699420455\n|switch|p1a: Palkia-Therian|Palkia-Origin|100\/100\n|-ability|p1a: Palkia-Therian|Pressure\n|turn|15\n|\n|t:|1699420462\n|switch|p2a: Magearna|Magearna|100\/100\n|move|p1a: Palkia-Therian|Thunder Wave|p2a: Magearna\n|-status|p2a: Magearna|par\n|\n|upkeep\n|turn|16\n|\n|t:|1699420477\n|move|p1a: Palkia-Therian|Fire Blast|p2a: Magearna\n|-supereffective|p2a: Magearna\n|-damage|p2a: Magearna|65\/100 par\n|cant|p2a: Magearna|par\n|\n|upkeep\n|turn|17\n|\n|t:|1699420483\n|switch|p1a: actual lando|Landorus, M|76\/100\n|move|p2a: Magearna|Fleur Cannon|p1a: actual lando\n|-damage|p1a: actual lando|7\/100\n|-unboost|p2a: Magearna|spa|2\n|\n|upkeep\n|turn|18\n|\n|t:|1699420490\n|move|p1a: actual lando|Earth Power|p2a: Magearna\n|-supereffective|p2a: Magearna\n|-damage|p2a: Magearna|17\/100 par\n|move|p2a: Magearna|Ice Beam|p1a: actual lando\n|-supereffective|p1a: actual lando\n|-damage|p1a: actual lando|0 fnt\n|faint|p1a: actual lando\n|-ability|p2a: Magearna|Soul-Heart|boost\n|-boost|p2a: Magearna|spa|1\n|\n|upkeep\n|\n|t:|1699420498\n|switch|p1a: Palkia-Therian|Palkia-Origin|100\/100\n|-ability|p1a: Palkia-Therian|Pressure\n|turn|19\n|\n|t:|1699420502\n|move|p1a: Palkia-Therian|Fire Blast|p2a: Magearna\n|-supereffective|p2a: Magearna\n|-damage|p2a: Magearna|0 fnt\n|faint|p2a: Magearna\n|\n|upkeep\n|\n|t:|1699420504\n|switch|p2a: Zacian|Zacian|92\/100\n|turn|20\n|\n|t:|1699420507\n|move|p2a: Zacian|Play Rough|p1a: Palkia-Therian\n|-supereffective|p1a: Palkia-Therian\n|-damage|p1a: Palkia-Therian|0 fnt\n|faint|p1a: Palkia-Therian\n|\n|upkeep\n|\n|t:|1699420513\n|switch|p1a: Mr. Tar|Tyranitar, M|100\/100\n|-weather|Sandstorm|[from] ability: Sand Stream|[of] p1a: Mr. Tar\n|turn|21\n|\n|t:|1699420517\n|move|p2a: Zacian|Play Rough|p1a: Mr. Tar|[miss]\n|-miss|p2a: Zacian|p1a: Mr. Tar\n|move|p1a: Mr. Tar|Knock Off|p2a: Zacian\n|-resisted|p2a: Zacian\n|-damage|p2a: Zacian|71\/100\n|-enditem|p2a: Zacian|Choice Band|[from] move: Knock Off|[of] p1a: Mr. Tar\n|\n|-weather|Sandstorm|[upkeep]\n|-damage|p2a: Zacian|64\/100|[from] Sandstorm\n|upkeep\n|turn|22\n|\n|t:|1699420523\n|move|p2a: Zacian|Play Rough|p1a: Mr. Tar\n|-supereffective|p1a: Mr. Tar\n|-damage|p1a: Mr. Tar|26\/100\n|move|p1a: Mr. Tar|Stone Edge|p2a: Zacian|[miss]\n|-miss|p1a: Mr. Tar|p2a: Zacian\n|\n|-weather|Sandstorm|[upkeep]\n|-damage|p2a: Zacian|58\/100|[from] Sandstorm\n|upkeep\n|turn|23\n|\n|t:|1699420528\n|move|p2a: Zacian|Play Rough|p1a: Mr. Tar\n|-supereffective|p1a: Mr. Tar\n|-damage|p1a: Mr. Tar|0 fnt\n|faint|p1a: Mr. Tar\n|\n|-weather|Sandstorm|[upkeep]\n|-damage|p2a: Zacian|52\/100|[from] Sandstorm\n|upkeep\n|\n|t:|1699420530\n|switch|p1a: Last Disrespects|Houndstone, F|100\/100\n|turn|24\n|\n|t:|1699420534\n|-terastallize|p2a: Zacian|Dark\n|move|p1a: Last Disrespects|Last Respects|p2a: Zacian\n|-resisted|p2a: Zacian\n|-damage|p2a: Zacian|0 fnt\n|faint|p2a: Zacian\n|\n|win|portobellomushroom\n|c|\u2606portobellomushroom|gg\n|c|\u2606Vholtninja|gg\n|c|\u2606portobellomushroom|I'll post\n","uploadtime":1699420546,"views":57,"p1id":"portobellomushroom","p2id":"vholtninja","formatid":"gen9ubers","rating":0,"private":0,"password":""}