{"id":"gen9ubers-1983168213","p1":"adamforlani","p2":"AubreyOmori1","format":"[Gen 9] Ubers","log":"|j|\u2606adamforlani\n|j|\u2606AubreyOmori1\n|t:|1699099500\n|gametype|singles\n|player|p1|adamforlani|erika|1360\n|player|p2|AubreyOmori1|roxie|1394\n|teamsize|p1|6\n|teamsize|p2|6\n|gen|9\n|tier|[Gen 9] Ubers\n|rated|\n|rule|Sleep Clause Mod: Limit one foe put to sleep\n|rule|Species Clause: Limit one of each Pok\u00e9mon\n|rule|OHKO Clause: OHKO moves are banned\n|rule|Evasion Items Clause: Evasion items are banned\n|rule|Evasion Moves Clause: Evasion moves are banned\n|rule|Endless Battle Clause: Forcing endless battles is banned\n|rule|HP Percentage Mod: HP is shown in percentages\n|clearpoke\n|poke|p1|Giratina-Origin|\n|poke|p1|Arceus|\n|poke|p1|Blissey, F|\n|poke|p1|Basculegion, M|\n|poke|p1|Flutter Mane|\n|poke|p1|Ogerpon-Hearthflame, F|\n|poke|p2|Ribombee, F|\n|poke|p2|Arceus|\n|poke|p2|Miraidon|\n|poke|p2|Zacian-*|\n|poke|p2|Koraidon|\n|poke|p2|Flutter Mane|\n|teampreview\n|\n|t:|1699099514\n|start\n|switch|p1a: Arceus|Arceus|100\/100\n|switch|p2a: Needle|Ribombee, F, shiny|100\/100\n|turn|1\n|\n|t:|1699099520\n|move|p2a: Needle|Sticky Web|p1a: Arceus\n|-sidestart|p1: adamforlani|move: Sticky Web\n|move|p1a: Arceus|Swords Dance|p1a: Arceus\n|-boost|p1a: Arceus|atk|2\n|\n|upkeep\n|turn|2\n|inactive|Battle timer is ON: inactive players will automatically lose when time's up. (requested by adamforlani)\n|\n|t:|1699099523\n|move|p2a: Needle|Stun Spore|p1a: Arceus\n|-status|p1a: Arceus|par\n|move|p1a: Arceus|Swords Dance|p1a: Arceus\n|-boost|p1a: Arceus|atk|2\n|\n|upkeep\n|turn|3\n|\n|t:|1699099529\n|move|p2a: Needle|Moonblast|p1a: Arceus\n|-damage|p1a: Arceus|75\/100 par\n|move|p1a: Arceus|Swords Dance|p1a: Arceus\n|-boost|p1a: Arceus|atk|2\n|\n|upkeep\n|turn|4\n|\n|t:|1699099537\n|move|p1a: Arceus|Extreme Speed|p2a: Needle\n|-enditem|p2a: Needle|Focus Sash\n|-damage|p2a: Needle|1\/100\n|move|p2a: Needle|Psychic|p1a: Arceus\n|-damage|p1a: Arceus|58\/100 par\n|\n|upkeep\n|turn|5\n|\n|t:|1699099543\n|cant|p1a: Arceus|par\n|move|p2a: Needle|Moonblast|p1a: Arceus\n|-damage|p1a: Arceus|31\/100 par\n|-unboost|p1a: Arceus|spa|1\n|-enditem|p1a: Arceus|Sitrus Berry|[eat]\n|-heal|p1a: Arceus|56\/100 par|[from] item: Sitrus Berry\n|\n|upkeep\n|turn|6\n|\n|t:|1699099549\n|move|p1a: Arceus|Extreme Speed|p2a: Needle\n|-damage|p2a: Needle|0 fnt\n|faint|p2a: Needle\n|\n|upkeep\n|\n|t:|1699099558\n|switch|p2a: Hero|Zacian-Crowned, shiny|100\/100\n|-ability|p2a: Hero|Intrepid Sword|boost\n|-boost|p2a: Hero|atk|1\n|turn|7\n|\n|t:|1699099564\n|-terastallize|p1a: Arceus|Fire\n|move|p2a: Hero|Behemoth Blade|p1a: Arceus\n|-resisted|p1a: Arceus\n|-damage|p1a: Arceus|29\/100 par\n|move|p1a: Arceus|Flare Blitz|p2a: Hero\n|-supereffective|p2a: Hero\n|-damage|p2a: Hero|0 fnt\n|faint|p2a: Hero\n|-damage|p1a: Arceus|5\/100 par|[from] Recoil\n|\n|upkeep\n|\n|t:|1699099575\n|switch|p2a: Amelia|Flutter Mane|100\/100\n|turn|8\n|\n|t:|1699099579\n|move|p2a: Amelia|Moonblast|p1a: Arceus\n|-resisted|p1a: Arceus\n|-damage|p1a: Arceus|0 fnt\n|faint|p1a: Arceus\n|-damage|p2a: Amelia|91\/100|[from] item: Life Orb\n|\n|upkeep\n|\n|t:|1699099587\n|switch|p1a: Blissey|Blissey, F|100\/100\n|-activate|p1a: Blissey|move: Sticky Web\n|-unboost|p1a: Blissey|spe|1\n|turn|9\n|\n|t:|1699099592\n|move|p2a: Amelia|Mystical Fire|p1a: Blissey\n|-damage|p1a: Blissey|90\/100\n|-unboost|p1a: Blissey|spa|1\n|-damage|p2a: Amelia|81\/100|[from] item: Life Orb\n|move|p1a: Blissey|Thunder Wave|p2a: Amelia\n|-status|p2a: Amelia|par\n|\n|-heal|p1a: Blissey|96\/100|[from] item: Leftovers\n|upkeep\n|turn|10\n|\n|t:|1699099600\n|switch|p1a: Giratina|Giratina-Origin|100\/100\n|move|p2a: Amelia|Calm Mind|p2a: Amelia\n|-boost|p2a: Amelia|spa|1\n|-boost|p2a: Amelia|spd|1\n|\n|upkeep\n|turn|11\n|\n|t:|1699099610\n|-terastallize|p2a: Amelia|Fairy\n|move|p1a: Giratina|Hex|p2a: Amelia\n|-damage|p2a: Amelia|34\/100 par\n|move|p2a: Amelia|Moonblast|p1a: Giratina\n|-supereffective|p1a: Giratina\n|-damage|p1a: Giratina|0 fnt\n|faint|p1a: Giratina\n|-damage|p2a: Amelia|24\/100 par|[from] item: Life Orb\n|\n|upkeep\n|\n|t:|1699099625\n|switch|p1a: Flutter Mane|Flutter Mane|100\/100\n|-activate|p1a: Flutter Mane|move: Sticky Web\n|-unboost|p1a: Flutter Mane|spe|1\n|turn|12\n|\n|t:|1699099628\n|move|p1a: Flutter Mane|Moonblast|p2a: Amelia\n|-damage|p2a: Amelia|0 fnt\n|faint|p2a: Amelia\n|-end|p2a: Amelia|Protosynthesis|[silent]\n|\n|upkeep\n|\n|t:|1699099633\n|switch|p2a: Shaggy|Arceus|100\/100\n|turn|13\n|\n|t:|1699099641\n|-end|p1a: Flutter Mane|Protosynthesis|[silent]\n|switch|p1a: Blissey|Blissey, F|96\/100\n|-activate|p1a: Blissey|move: Sticky Web\n|-unboost|p1a: Blissey|spe|1\n|move|p2a: Shaggy|Swords Dance|p2a: Shaggy\n|-boost|p2a: Shaggy|atk|2\n|\n|-heal|p1a: Blissey|100\/100|[from] item: Leftovers\n|upkeep\n|turn|14\n|\n|t:|1699099647\n|move|p2a: Shaggy|Taunt|p1a: Blissey\n|-start|p1a: Blissey|move: Taunt\n|cant|p1a: Blissey|move: Taunt|Thunder Wave\n|\n|upkeep\n|turn|15\n|\n|t:|1699099652\n|move|p2a: Shaggy|Extreme Speed|p1a: Blissey\n|-damage|p1a: Blissey|0 fnt\n|faint|p1a: Blissey\n|\n|upkeep\n|\n|t:|1699099659\n|switch|p1a: Flutter Mane|Flutter Mane|100\/100\n|-activate|p1a: Flutter Mane|move: Sticky Web\n|-unboost|p1a: Flutter Mane|spe|1\n|turn|16\n|\n|t:|1699099662\n|move|p2a: Shaggy|Shadow Claw|p1a: Flutter Mane\n|-supereffective|p1a: Flutter Mane\n|-enditem|p1a: Flutter Mane|Focus Sash\n|-damage|p1a: Flutter Mane|1\/100\n|move|p1a: Flutter Mane|Moonblast|p2a: Shaggy\n|-damage|p2a: Shaggy|61\/100\n|\n|upkeep\n|turn|17\n|\n|t:|1699099670\n|move|p2a: Shaggy|Shadow Claw|p1a: Flutter Mane\n|-supereffective|p1a: Flutter Mane\n|-damage|p1a: Flutter Mane|0 fnt\n|faint|p1a: Flutter Mane\n|-end|p1a: Flutter Mane|Protosynthesis|[silent]\n|\n|upkeep\n|\n|t:|1699099680\n|switch|p1a: Ogerpon|Ogerpon-Hearthflame, F|100\/100\n|-activate|p1a: Ogerpon|move: Sticky Web\n|-unboost|p1a: Ogerpon|spe|1\n|-ability|p1a: Ogerpon|Mold Breaker\n|turn|18\n|\n|t:|1699099688\n|move|p2a: Shaggy|Swords Dance|p2a: Shaggy\n|-boost|p2a: Shaggy|atk|2\n|move|p1a: Ogerpon|Wood Hammer|p2a: Shaggy\n|-damage|p2a: Shaggy|8\/100\n|-damage|p1a: Ogerpon|76\/100|[from] Recoil\n|\n|upkeep\n|turn|19\n|\n|t:|1699099694\n|move|p2a: Shaggy|Extreme Speed|p1a: Ogerpon\n|-damage|p1a: Ogerpon|0 fnt\n|faint|p1a: Ogerpon\n|\n|upkeep\n|\n|t:|1699099697\n|switch|p1a: Basculegion|Basculegion, M|100\/100\n|-activate|p1a: Basculegion|move: Sticky Web\n|-unboost|p1a: Basculegion|spe|1\n|turn|20\n|\n|t:|1699099699\n|move|p1a: Basculegion|Aqua Jet|p2a: Shaggy\n|-damage|p2a: Shaggy|0 fnt\n|faint|p2a: Shaggy\n|\n|upkeep\n|\n|t:|1699099702\n|switch|p2a: Robot Flower|Miraidon|100\/100\n|-fieldstart|move: Electric Terrain|[from] ability: Hadron Engine|[of] p2a: Robot Flower\n|turn|21\n|\n|t:|1699099705\n|move|p2a: Robot Flower|Electro Drift|p1a: Basculegion\n|-supereffective|p1a: Basculegion\n|-damage|p1a: Basculegion|0 fnt\n|faint|p1a: Basculegion\n|-damage|p2a: Robot Flower|91\/100|[from] item: Life Orb\n|\n|win|AubreyOmori1\n|raw|adamforlani's rating: 1360 &rarr; <strong>1342<\/strong><br \/>(-18 for losing)\n|raw|AubreyOmori1's rating: 1394 &rarr; <strong>1412<\/strong><br \/>(+18 for winning)\n","uploadtime":1699099710,"views":6,"p1id":"adamforlani","p2id":"aubreyomori1","formatid":"gen9ubers","rating":1342,"private":0,"password":""}