{"id":"gen9ubers-1970019882","p1":"Chadwin93","p2":"mklgd","format":"[Gen 9] Ubers","log":"|j|\u2606Chadwin93\n|j|\u2606mklgd\n|t:|1697585805\n|gametype|singles\n|player|p1|Chadwin93|1|\n|player|p2|mklgd|tabitha-gen3|\n|teamsize|p1|6\n|teamsize|p2|6\n|gen|9\n|tier|[Gen 9] Ubers\n|rule|Sleep Clause Mod: Limit one foe put to sleep\n|rule|Species Clause: Limit one of each Pok\u00e9mon\n|rule|OHKO Clause: OHKO moves are banned\n|rule|Evasion Items Clause: Evasion items are banned\n|rule|Evasion Moves Clause: Evasion moves are banned\n|rule|Endless Battle Clause: Forcing endless battles is banned\n|rule|HP Percentage Mod: HP is shown in percentages\n|clearpoke\n|poke|p1|Tornadus, M|\n|poke|p1|Roaring Moon|\n|poke|p1|Zapdos|\n|poke|p1|Muk-Alola, M|\n|poke|p1|Indeedee-F, F|\n|poke|p1|Espathra, F|\n|poke|p2|Forretress, M|\n|poke|p2|Ogerpon-Cornerstone, F|\n|poke|p2|Dusknoir, M|\n|poke|p2|Tauros-Paldea-Aqua, M|\n|poke|p2|Tyranitar, F|\n|poke|p2|Gardevoir, M|\n|teampreview\n|inactive|Battle timer is ON: inactive players will automatically lose when time's up. (requested by Chadwin93)\n|inactive|Chadwin93 has 270 seconds left.\n|j| ampharosaunt11\n|inactive|Chadwin93 has 240 seconds left.\n|inactive|mklgd has 270 seconds left.\n|inactive|Chadwin93 has 210 seconds left.\n|inactive|Chadwin93 has 180 seconds left.\n|c|\u2606Chadwin93|We'll start soon. See if anyone else joins\n|c|\u2606mklgd|sure\n|inactive|Chadwin93 has 150 seconds left.\n|c| ampharosaunt11|\"Might want to turn the timer off then.\" - Marge\n|inactive|Chadwin93 has 120 seconds left.\n|inactiveoff|Battle timer is now OFF.\n|c|\u2606Chadwin93|Let's go. Some may join in a bit\n|c|\u2606mklgd|sure\n|\n|t:|1697586083\n|start\n|switch|p1a: Indeedee|Indeedee-F, F|100\/100\n|switch|p2a: Ogerpon|Ogerpon-Cornerstone, F|100\/100\n|-fieldstart|move: Psychic Terrain|[from] ability: Psychic Surge|[of] p1a: Indeedee\n|-enditem|p1a: Indeedee|Psychic Seed\n|-boost|p1a: Indeedee|spd|1|[from] item: Psychic Seed\n|turn|1\n|\n|t:|1697586099\n|move|p2a: Ogerpon|Knock Off|p1a: Indeedee\n|-supereffective|p1a: Indeedee\n|-damage|p1a: Indeedee|56\/100\n|move|p1a: Indeedee|Reflect|p1a: Indeedee\n|-sidestart|p1: Chadwin93|Reflect\n|\n|upkeep\n|turn|2\n|\n|t:|1697586108\n|move|p2a: Ogerpon|Swords Dance|p2a: Ogerpon\n|-boost|p2a: Ogerpon|atk|2\n|move|p1a: Indeedee|Healing Wish|p1a: Indeedee\n|faint|p1a: Indeedee\n|\n|upkeep\n|\n|t:|1697586116\n|switch|p1a: Muk|Muk-Alola, M|100\/100\n|turn|3\n|\n|t:|1697586140\n|move|p2a: Ogerpon|Swords Dance|p2a: Ogerpon\n|-boost|p2a: Ogerpon|atk|2\n|move|p1a: Muk|Drain Punch|p2a: Ogerpon\n|-supereffective|p2a: Ogerpon\n|-damage|p2a: Ogerpon|57\/100\n|\n|upkeep\n|turn|4\n|j| trillbo\n|j| Willish6634\n|n| trillbo|trillbo\n|\n|t:|1697586176\n|move|p2a: Ogerpon|Ivy Cudgel|p1a: Muk\n|-damage|p1a: Muk|31\/100\n|-enditem|p1a: Muk|Red Card|[of] p2a: Ogerpon\n|drag|p2a: Forretress|Forretress, M|100\/100\n|move|p1a: Muk|Toxic|p2a: Forretress\n|-immune|p2a: Forretress\n|\n|upkeep\n|turn|5\n|c| Willish6634|Luck\n|\n|t:|1697586186\n|move|p1a: Muk|Flamethrower|p2a: Forretress\n|-supereffective|p2a: Forretress\n|-damage|p2a: Forretress|13\/100\n|move|p2a: Forretress|Stealth Rock|p1a: Muk\n|-sidestart|p1: Chadwin93|move: Stealth Rock\n|\n|-sideend|p1: Chadwin93|Reflect\n|-fieldend|move: Psychic Terrain\n|upkeep\n|turn|6\n|-enditem|p2a: Forretress|Custap Berry|[eat]\n|-activate|p2a: Forretress|item: Custap Berry|[consumed]\n|\n|t:|1697586207\n|move|p2a: Forretress|Spikes|p1a: Muk\n|-sidestart|p1: Chadwin93|Spikes\n|move|p1a: Muk|Knock Off|p2a: Forretress\n|-damage|p2a: Forretress|0 fnt\n|faint|p2a: Forretress\n|\n|upkeep\n|\n|t:|1697586214\n|switch|p2a: Ogerpon|Ogerpon-Cornerstone, F|57\/100\n|turn|7\n|\n|t:|1697586226\n|move|p2a: Ogerpon|Trailblaze|p1a: Muk\n|-resisted|p1a: Muk\n|-damage|p1a: Muk|19\/100\n|-boost|p2a: Ogerpon|spe|1\n|move|p1a: Muk|Drain Punch|p2a: Ogerpon\n|-supereffective|p2a: Ogerpon\n|-damage|p2a: Ogerpon|7\/100\n|-heal|p1a: Muk|37\/100|[from] drain|[of] p2a: Ogerpon\n|-status|p2a: Ogerpon|psn|[from] ability: Poison Touch|[of] p1a: Muk\n|\n|-damage|p2a: Ogerpon|0 fnt|[from] psn\n|faint|p2a: Ogerpon\n|upkeep\n|c|\u2606mklgd|lol\n|c|\u2606mklgd|frick\n|\n|t:|1697586241\n|switch|p2a: Tyranitar|Tyranitar, F|100\/100\n|-weather|Sandstorm|[from] ability: Sand Stream|[of] p2a: Tyranitar\n|turn|8\n|\n|t:|1697586251\n|switch|p2a: Tauros|Tauros-Paldea-Aqua, M|100\/100\n|-ability|p2a: Tauros|Intimidate|boost\n|-unboost|p1a: Muk|atk|1\n|-terastallize|p1a: Muk|Fairy\n|move|p1a: Muk|Drain Punch|p2a: Tauros\n|-damage|p2a: Tauros|92\/100\n|-heal|p1a: Muk|41\/100|[from] drain|[of] p2a: Tauros\n|\n|-weather|Sandstorm|[upkeep]\n|-damage|p2a: Tauros|86\/100|[from] Sandstorm\n|-damage|p1a: Muk|35\/100|[from] Sandstorm\n|-heal|p2a: Tauros|92\/100|[from] item: Leftovers\n|upkeep\n|turn|9\n|c| ampharosaunt11|\"Estimates have been updated\" - Marge\n|\n|t:|1697586267\n|move|p2a: Tauros|Bulk Up|p2a: Tauros\n|-boost|p2a: Tauros|atk|1\n|-boost|p2a: Tauros|def|1\n|move|p1a: Muk|Toxic|p2a: Tauros\n|-status|p2a: Tauros|tox\n|\n|-weather|Sandstorm|[upkeep]\n|-damage|p2a: Tauros|86\/100 tox|[from] Sandstorm\n|-damage|p1a: Muk|29\/100|[from] Sandstorm\n|-heal|p2a: Tauros|92\/100 tox|[from] item: Leftovers\n|-damage|p2a: Tauros|86\/100 tox|[from] psn\n|upkeep\n|turn|10\n|\n|t:|1697586289\n|switch|p1a: Zapdos|Zapdos|100\/100\n|-damage|p1a: Zapdos|75\/100|[from] Stealth Rock\n|move|p2a: Tauros|Bulk Up|p2a: Tauros\n|-boost|p2a: Tauros|atk|1\n|-boost|p2a: Tauros|def|1\n|\n|-weather|Sandstorm|[upkeep]\n|-damage|p1a: Zapdos|69\/100|[from] Sandstorm\n|-damage|p2a: Tauros|80\/100 tox|[from] Sandstorm\n|-heal|p2a: Tauros|86\/100 tox|[from] item: Leftovers\n|-damage|p2a: Tauros|74\/100 tox|[from] psn\n|upkeep\n|turn|11\n|\n|t:|1697586318\n|switch|p2a: Tyranitar|Tyranitar, F|100\/100\n|move|p1a: Zapdos|Volt Switch|p2a: Tyranitar\n|-damage|p2a: Tyranitar|91\/100\n|\n|t:|1697586333\n|switch|p1a: Tornadus|Tornadus, M|100\/100|[from] Volt Switch\n|-damage|p1a: Tornadus|75\/100|[from] Stealth Rock\n|\n|-weather|Sandstorm|[upkeep]\n|-damage|p1a: Tornadus|69\/100|[from] Sandstorm\n|upkeep\n|turn|12\n|l| Willish6634\n|\n|t:|1697586342\n|move|p1a: Tornadus|Brick Break|p2a: Tyranitar\n|-supereffective|p2a: Tyranitar\n|-damage|p2a: Tyranitar|18\/100\n|move|p2a: Tyranitar|Rock Slide|p1a: Tornadus|[miss]\n|-miss|p2a: Tyranitar|p1a: Tornadus\n|\n|-weather|none\n|upkeep\n|turn|13\n|j| Willish6634\n|\n|t:|1697586353\n|move|p1a: Tornadus|Brick Break|p2a: Tyranitar\n|-supereffective|p2a: Tyranitar\n|-damage|p2a: Tyranitar|0 fnt\n|faint|p2a: Tyranitar\n|\n|upkeep\n|\n|t:|1697586354\n|switch|p2a: Dusknoir|Dusknoir, M|100\/100\n|-item|p1a: Tornadus|Mirror Herb|[from] ability: Frisk|[of] p2a: Dusknoir|[identify]\n|turn|14\n|\n|t:|1697586364\n|move|p1a: Tornadus|Bulk Up|p1a: Tornadus\n|-boost|p1a: Tornadus|atk|1\n|-boost|p1a: Tornadus|def|1\n|move|p2a: Dusknoir|Trick Room|p2a: Dusknoir\n|-fieldstart|move: Trick Room|[of] p2a: Dusknoir\n|\n|upkeep\n|turn|15\n|\n|t:|1697586375\n|-terastallize|p2a: Dusknoir|Ghost\n|move|p2a: Dusknoir|Poltergeist|p1a: Tornadus\n|-activate|p1a: Tornadus|move: Poltergeist|Mirror Herb\n|-damage|p1a: Tornadus|0 fnt\n|faint|p1a: Tornadus\n|-damage|p2a: Dusknoir|91\/100|[from] item: Life Orb\n|\n|upkeep\n|\n|t:|1697586387\n|switch|p1a: Muk|Muk-Alola, M, tera:Fairy|29\/100\n|-heal|p1a: Muk|100\/100|[from] move: Healing Wish\n|-damage|p1a: Muk|88\/100|[from] Stealth Rock\n|-damage|p1a: Muk|76\/100|[from] Spikes\n|turn|16\n|\n|t:|1697586397\n|move|p2a: Dusknoir|Poltergeist||[still]\n|-fail|p2a: Dusknoir\n|move|p1a: Muk|Knock Off|p2a: Dusknoir\n|-supereffective|p2a: Dusknoir\n|-damage|p2a: Dusknoir|29\/100\n|-status|p2a: Dusknoir|psn|[from] ability: Poison Touch|[of] p1a: Muk\n|-enditem|p2a: Dusknoir|Life Orb|[from] move: Knock Off|[of] p1a: Muk\n|\n|-damage|p2a: Dusknoir|17\/100 psn|[from] psn\n|upkeep\n|turn|17\n|\n|t:|1697586411\n|switch|p2a: Tauros|Tauros-Paldea-Aqua, M|74\/100 tox\n|-ability|p2a: Tauros|Intimidate|boost\n|-unboost|p1a: Muk|atk|1\n|move|p1a: Muk|Knock Off|p2a: Tauros\n|-resisted|p2a: Tauros\n|-damage|p2a: Tauros|65\/100 tox\n|-enditem|p2a: Tauros|Leftovers|[from] move: Knock Off|[of] p1a: Muk\n|\n|-damage|p2a: Tauros|59\/100 tox|[from] psn\n|upkeep\n|turn|18\n|\n|t:|1697586431\n|move|p1a: Muk|Drain Punch|p2a: Tauros\n|-damage|p2a: Tauros|50\/100 tox\n|-heal|p1a: Muk|80\/100|[from] drain|[of] p2a: Tauros\n|move|p2a: Tauros|Raging Bull|p1a: Muk\n|-damage|p1a: Muk|52\/100\n|\n|-damage|p2a: Tauros|38\/100 tox|[from] psn\n|-fieldend|move: Trick Room\n|upkeep\n|turn|19\n|\n|t:|1697586454\n|switch|p1a: Zapdos|Zapdos|69\/100\n|-damage|p1a: Zapdos|44\/100|[from] Stealth Rock\n|move|p2a: Tauros|Raging Bull|p1a: Zapdos\n|-damage|p1a: Zapdos|12\/100\n|-damage|p2a: Tauros|21\/100 tox|[from] item: Rocky Helmet|[of] p1a: Zapdos\n|\n|-damage|p2a: Tauros|2\/100 tox|[from] psn\n|upkeep\n|turn|20\n|c| Willish6634|When the bull is raging\n|\n|t:|1697586466\n|move|p2a: Tauros|Aqua Jet|p1a: Zapdos\n|-damage|p1a: Zapdos|0 fnt\n|-damage|p2a: Tauros|0 fnt|[from] item: Rocky Helmet|[of] p1a: Zapdos\n|faint|p1a: Zapdos\n|faint|p2a: Tauros\n|\n|upkeep\n|\n|t:|1697586478\n|switch|p1a: Espathra|Espathra, F|100\/100\n|switch|p2a: Gardevoir|Gardevoir, M|100\/100\n|-ability|p2a: Gardevoir|Speed Boost|[from] ability: Trace|[of] p1a: Espathra\n|-damage|p1a: Espathra|88\/100|[from] Stealth Rock\n|-damage|p1a: Espathra|76\/100|[from] Spikes\n|turn|21\n|c| ampharosaunt11|\"Chadwin's chances of winning Thickiemania III have been upgraded to 40%\" - Marge\n|\n|t:|1697586492\n|move|p2a: Gardevoir|Moonblast|p1a: Espathra\n|-damage|p1a: Espathra|11\/100\n|move|p1a: Espathra|Calm Mind|p1a: Espathra\n|-boost|p1a: Espathra|spa|1\n|-boost|p1a: Espathra|spd|1\n|\n|-heal|p1a: Espathra|18\/100|[from] item: Leftovers\n|-ability|p2a: Gardevoir|Speed Boost|boost\n|-boost|p2a: Gardevoir|spe|1\n|-ability|p1a: Espathra|Speed Boost|boost\n|-boost|p1a: Espathra|spe|1\n|upkeep\n|turn|22\n|c| ampharosaunt11|\"20%\" - Marge\n|\n|t:|1697586514\n|move|p2a: Gardevoir|Moonblast|p1a: Espathra\n|-damage|p1a: Espathra|0 fnt\n|faint|p1a: Espathra\n|\n|-ability|p2a: Gardevoir|Speed Boost|boost\n|-boost|p2a: Gardevoir|spe|1\n|upkeep\n|\n|t:|1697586521\n|switch|p1a: Muk|Muk-Alola, M, tera:Fairy|52\/100\n|-damage|p1a: Muk|40\/100|[from] Stealth Rock\n|-damage|p1a: Muk|28\/100|[from] Spikes\n|turn|23\n|\n|t:|1697586528\n|move|p2a: Gardevoir|Moonblast|p1a: Muk\n|-damage|p1a: Muk|0 fnt\n|faint|p1a: Muk\n|\n|-ability|p2a: Gardevoir|Speed Boost|boost\n|-boost|p2a: Gardevoir|spe|1\n|upkeep\n|\n|t:|1697586536\n|switch|p1a: Roaring Moon|Roaring Moon|100\/100\n|-damage|p1a: Roaring Moon|88\/100|[from] Stealth Rock\n|-damage|p1a: Roaring Moon|76\/100|[from] Spikes\n|turn|24\n|c|\u2606mklgd|gg\n|\n|t:|1697586544\n|move|p2a: Gardevoir|Moonblast|p1a: Roaring Moon\n|-supereffective|p1a: Roaring Moon\n|-damage|p1a: Roaring Moon|0 fnt\n|faint|p1a: Roaring Moon\n|-end|p1a: Roaring Moon|Protosynthesis|[silent]\n|\n|win|mklgd\n","uploadtime":1697586549,"views":30,"p1id":"chadwin93","p2id":"mklgd","formatid":"gen9ubers","rating":0,"private":0,"password":""}