{"id":"gen9ubers-1981342158","p1":"gjhukghyujg","p2":"dannyboi29","format":"[Gen 9] Ubers","log":"|j|\u2606gjhukghyujg\n|j|\u2606dannyboi29\n|t:|1698885532\n|gametype|singles\n|player|p1|gjhukghyujg|preschoolerf|1000\n|player|p2|dannyboi29|steven|1178\n|teamsize|p1|6\n|teamsize|p2|6\n|gen|9\n|tier|[Gen 9] Ubers\n|rated|\n|rule|Sleep Clause Mod: Limit one foe put to sleep\n|rule|Species Clause: Limit one of each Pok\u00e9mon\n|rule|OHKO Clause: OHKO moves are banned\n|rule|Evasion Items Clause: Evasion items are banned\n|rule|Evasion Moves Clause: Evasion moves are banned\n|rule|Endless Battle Clause: Forcing endless battles is banned\n|rule|HP Percentage Mod: HP is shown in percentages\n|clearpoke\n|poke|p1|Flutter Mane|\n|poke|p1|Koraidon|\n|poke|p1|Houndstone, F|\n|poke|p1|Ting-Lu|\n|poke|p1|Glimmora, M|\n|poke|p1|Armarouge, M|\n|poke|p2|Scizor, M|\n|poke|p2|Breloom, M|\n|poke|p2|Glimmora, M|\n|poke|p2|Great Tusk|\n|poke|p2|Chi-Yu|\n|poke|p2|Flutter Mane|\n|teampreview\n|\n|t:|1698885541\n|start\n|switch|p1a: Ting-Lu|Ting-Lu|100\/100\n|switch|p2a: Glimmora|Glimmora, M, shiny|100\/100\n|-ability|p1a: Ting-Lu|Vessel of Ruin\n|turn|1\n|\n|t:|1698885548\n|move|p2a: Glimmora|Spikes|p1a: Ting-Lu\n|-sidestart|p1: gjhukghyujg|Spikes\n|move|p1a: Ting-Lu|Ruination|p2a: Glimmora\n|-damage|p2a: Glimmora|50\/100\n|\n|upkeep\n|turn|2\n|\n|t:|1698885557\n|move|p2a: Glimmora|Memento|p1a: Ting-Lu\n|-unboost|p1a: Ting-Lu|atk|2\n|-unboost|p1a: Ting-Lu|spa|2\n|faint|p2a: Glimmora\n|move|p1a: Ting-Lu|Earthquake|p2: Glimmora|[notarget]\n|-fail|p1a: Ting-Lu\n|\n|upkeep\n|\n|t:|1698885567\n|switch|p2a: Breloom|Breloom, M, shiny|100\/100\n|turn|3\n|\n|t:|1698885575\n|move|p2a: Breloom|Spore|p1a: Ting-Lu\n|-status|p1a: Ting-Lu|slp|[from] move: Spore\n|cant|p1a: Ting-Lu|slp\n|\n|upkeep\n|turn|4\n|\n|t:|1698885582\n|switch|p1a: Glimmora|Glimmora, M|100\/100\n|-damage|p1a: Glimmora|88\/100|[from] Spikes\n|move|p2a: Breloom|Bullet Seed|p1a: Glimmora\n|-damage|p1a: Glimmora|63\/100\n|-activate|p1a: Glimmora|ability: Toxic Debris\n|-sidestart|p2: dannyboi29|move: Toxic Spikes\n|-damage|p1a: Glimmora|36\/100\n|-activate|p1a: Glimmora|ability: Toxic Debris\n|-sidestart|p2: dannyboi29|move: Toxic Spikes\n|-damage|p1a: Glimmora|9\/100\n|-hitcount|p1a: Glimmora|3\n|\n|upkeep\n|turn|5\n|inactive|Battle timer is ON: inactive players will automatically lose when time's up. (requested by dannyboi29)\n|\n|t:|1698885594\n|move|p2a: Breloom|Mach Punch|p1a: Glimmora\n|-damage|p1a: Glimmora|0 fnt\n|faint|p1a: Glimmora\n|\n|upkeep\n|\n|t:|1698885603\n|switch|p1a: Armarouge|Armarouge, M|100\/100\n|turn|6\n|\n|t:|1698885618\n|-terastallize|p2a: Breloom|Fighting\n|move|p2a: Breloom|Bulldoze|p1a: Armarouge\n|-supereffective|p1a: Armarouge\n|-damage|p1a: Armarouge|40\/100\n|-unboost|p1a: Armarouge|spe|1\n|move|p1a: Armarouge|Armor Cannon|p2a: Breloom\n|-enditem|p2a: Breloom|Focus Sash\n|-damage|p2a: Breloom|1\/100\n|-unboost|p1a: Armarouge|def|1\n|-unboost|p1a: Armarouge|spd|1\n|\n|upkeep\n|turn|7\n|\n|t:|1698885628\n|move|p2a: Breloom|Bulldoze|p1a: Armarouge\n|-supereffective|p1a: Armarouge\n|-damage|p1a: Armarouge|0 fnt\n|faint|p1a: Armarouge\n|\n|upkeep\n|\n|t:|1698885636\n|switch|p1a: Flutter Mane|Flutter Mane|100\/100\n|-damage|p1a: Flutter Mane|88\/100|[from] Spikes\n|turn|8\n|\n|t:|1698885643\n|move|p1a: Flutter Mane|Moonblast|p2a: Breloom\n|-supereffective|p2a: Breloom\n|-damage|p2a: Breloom|0 fnt\n|faint|p2a: Breloom\n|\n|upkeep\n|\n|t:|1698885649\n|switch|p2a: Flutter Mane|Flutter Mane, shiny|100\/100\n|-status|p2a: Flutter Mane|tox\n|-enditem|p2a: Flutter Mane|Booster Energy\n|-activate|p2a: Flutter Mane|ability: Protosynthesis|[fromitem]\n|-start|p2a: Flutter Mane|protosynthesisspe\n|turn|9\n|\n|t:|1698885665\n|-end|p1a: Flutter Mane|Protosynthesis|[silent]\n|switch|p1a: Ting-Lu|Ting-Lu|100\/100 slp\n|-damage|p1a: Ting-Lu|88\/100 slp|[from] Spikes\n|-ability|p1a: Ting-Lu|Vessel of Ruin\n|move|p2a: Flutter Mane|Shadow Ball|p1a: Ting-Lu\n|-resisted|p1a: Ting-Lu\n|-damage|p1a: Ting-Lu|80\/100 slp\n|\n|-damage|p2a: Flutter Mane|95\/100 tox|[from] psn\n|upkeep\n|turn|10\n|\n|t:|1698885670\n|move|p2a: Flutter Mane|Moonblast|p1a: Ting-Lu\n|-supereffective|p1a: Ting-Lu\n|-crit|p1a: Ting-Lu\n|-damage|p1a: Ting-Lu|15\/100 slp\n|cant|p1a: Ting-Lu|slp\n|\n|-damage|p2a: Flutter Mane|83\/100 tox|[from] psn\n|upkeep\n|turn|11\n|\n|t:|1698885676\n|move|p2a: Flutter Mane|Moonblast|p1a: Ting-Lu\n|-supereffective|p1a: Ting-Lu\n|-damage|p1a: Ting-Lu|0 fnt\n|faint|p1a: Ting-Lu\n|\n|-damage|p2a: Flutter Mane|65\/100 tox|[from] psn\n|upkeep\n|\n|t:|1698885679\n|switch|p1a: Houndstone|Houndstone, F|100\/100\n|-damage|p1a: Houndstone|88\/100|[from] Spikes\n|turn|12\n|\n|t:|1698885687\n|move|p1a: Houndstone|Shadow Sneak|p2a: Flutter Mane\n|-supereffective|p2a: Flutter Mane\n|-damage|p2a: Flutter Mane|0 fnt\n|faint|p2a: Flutter Mane\n|-end|p2a: Flutter Mane|Protosynthesis|[silent]\n|\n|-heal|p1a: Houndstone|94\/100|[from] item: Leftovers\n|upkeep\n|\n|t:|1698885695\n|switch|p2a: Chi-Yu|Chi-Yu|100\/100\n|-status|p2a: Chi-Yu|tox\n|-ability|p2a: Chi-Yu|Beads of Ruin\n|turn|13\n|\n|t:|1698885701\n|switch|p1a: Flutter Mane|Flutter Mane|88\/100\n|-damage|p1a: Flutter Mane|76\/100|[from] Spikes\n|move|p2a: Chi-Yu|Dark Pulse|p1a: Flutter Mane\n|-damage|p1a: Flutter Mane|21\/100\n|\n|-damage|p2a: Chi-Yu|95\/100 tox|[from] psn\n|upkeep\n|turn|14\n|\n|t:|1698885712\n|move|p1a: Flutter Mane|Mystical Fire|p2a: Chi-Yu\n|-resisted|p2a: Chi-Yu\n|-damage|p2a: Chi-Yu|77\/100 tox\n|-unboost|p2a: Chi-Yu|spa|1\n|move|p2a: Chi-Yu|Dark Pulse|p1a: Flutter Mane\n|-damage|p1a: Flutter Mane|0 fnt\n|faint|p1a: Flutter Mane\n|-end|p1a: Flutter Mane|Protosynthesis|[silent]\n|\n|-damage|p2a: Chi-Yu|65\/100 tox|[from] psn\n|upkeep\n|\n|t:|1698885716\n|switch|p1a: Koraidon|Koraidon|100\/100\n|-damage|p1a: Koraidon|88\/100|[from] Spikes\n|-weather|SunnyDay|[from] ability: Orichalcum Pulse|[of] p1a: Koraidon\n|-activate|p1a: Koraidon|Orichalcum Pulse|[source]\n|turn|15\n|\n|t:|1698885728\n|move|p1a: Koraidon|Collision Course|p2a: Chi-Yu\n|-supereffective|p2a: Chi-Yu\n|-damage|p2a: Chi-Yu|0 fnt\n|faint|p2a: Chi-Yu\n|-damage|p1a: Koraidon|78\/100|[from] item: Life Orb\n|\n|-weather|SunnyDay|[upkeep]\n|upkeep\n|\n|t:|1698885743\n|switch|p2a: Scizor|Scizor, M, shiny|100\/100\n|turn|16\n|\n|t:|1698885754\n|move|p1a: Koraidon|Flare Blitz|p2a: Scizor\n|-supereffective|p2a: Scizor\n|-enditem|p2a: Scizor|Occa Berry|[eat]\n|-enditem|p2a: Scizor|Occa Berry|[weaken]\n|-damage|p2a: Scizor|0 fnt\n|faint|p2a: Scizor\n|-damage|p1a: Koraidon|51\/100|[from] Recoil\n|-damage|p1a: Koraidon|41\/100|[from] item: Life Orb\n|\n|-weather|SunnyDay|[upkeep]\n|upkeep\n|\n|t:|1698885763\n|switch|p2a: Great Tusk|Great Tusk, shiny|100\/100\n|-status|p2a: Great Tusk|tox\n|-activate|p2a: Great Tusk|ability: Protosynthesis\n|-start|p2a: Great Tusk|protosynthesisdef\n|turn|17\n|\n|t:|1698885770\n|move|p1a: Koraidon|Outrage|p2a: Great Tusk\n|-damage|p2a: Great Tusk|53\/100 tox\n|-damage|p1a: Koraidon|31\/100|[from] item: Life Orb\n|move|p2a: Great Tusk|Bulk Up|p2a: Great Tusk\n|-boost|p2a: Great Tusk|atk|1\n|-boost|p2a: Great Tusk|def|1\n|\n|-weather|SunnyDay|[upkeep]\n|-heal|p2a: Great Tusk|60\/100 tox|[from] item: Leftovers\n|-damage|p2a: Great Tusk|53\/100 tox|[from] psn\n|upkeep\n|turn|18\n|\n|t:|1698885780\n|move|p1a: Koraidon|Outrage|p2a: Great Tusk|[from]lockedmove\n|-damage|p2a: Great Tusk|22\/100 tox\n|-damage|p1a: Koraidon|21\/100|[from] item: Life Orb\n|-start|p1a: Koraidon|confusion|[fatigue]\n|move|p2a: Great Tusk|Earthquake|p1a: Koraidon\n|-damage|p1a: Koraidon|0 fnt\n|faint|p1a: Koraidon\n|\n|-weather|SunnyDay|[upkeep]\n|-heal|p2a: Great Tusk|28\/100 tox|[from] item: Leftovers\n|-damage|p2a: Great Tusk|15\/100 tox|[from] psn\n|upkeep\n|\n|t:|1698885785\n|switch|p1a: Houndstone|Houndstone, F|94\/100\n|-damage|p1a: Houndstone|82\/100|[from] Spikes\n|turn|19\n|\n|t:|1698885797\n|move|p1a: Houndstone|Shadow Sneak|p2a: Great Tusk\n|-damage|p2a: Great Tusk|11\/100 tox\n|move|p2a: Great Tusk|Earthquake|p1a: Houndstone\n|-crit|p1a: Houndstone\n|-damage|p1a: Houndstone|7\/100\n|\n|-weather|none\n|-end|p2a: Great Tusk|Protosynthesis\n|-heal|p2a: Great Tusk|17\/100 tox|[from] item: Leftovers\n|-heal|p1a: Houndstone|13\/100|[from] item: Leftovers\n|-damage|p2a: Great Tusk|0 fnt|[from] psn\n|faint|p2a: Great Tusk\n|-end|p2a: Great Tusk|Protosynthesis|[silent]\n|\n|win|gjhukghyujg\n|upkeep\n|raw|gjhukghyujg's rating: 1000 &rarr; <strong>1059<\/strong><br \/>(+59 for winning)\n|raw|dannyboi29's rating: 1178 &rarr; <strong>1141<\/strong><br \/>(-37 for losing)\n|l|\u2606dannyboi29\n","uploadtime":1698886006,"views":8,"p1id":"gjhukghyujg","p2id":"dannyboi29","formatid":"gen9ubers","rating":1059,"private":0,"password":""}