{"id":"gen9ubers-1983246655","p1":"LITLE0","p2":"Heywatchout","format":"[Gen 9] Ubers","log":"|j|\u2606LITLE0\n|j|\u2606Heywatchout\n|t:|1699110020\n|gametype|singles\n|player|p1|LITLE0|alec-anime|1071\n|player|p2|Heywatchout|firebreather|1050\n|teamsize|p1|6\n|teamsize|p2|6\n|gen|9\n|tier|[Gen 9] Ubers\n|rated|\n|rule|Sleep Clause Mod: Limit one foe put to sleep\n|rule|Species Clause: Limit one of each Pok\u00e9mon\n|rule|OHKO Clause: OHKO moves are banned\n|rule|Evasion Items Clause: Evasion items are banned\n|rule|Evasion Moves Clause: Evasion moves are banned\n|rule|Endless Battle Clause: Forcing endless battles is banned\n|rule|HP Percentage Mod: HP is shown in percentages\n|clearpoke\n|poke|p1|Blissey, F|\n|poke|p1|Dondozo, M|\n|poke|p1|Koraidon|\n|poke|p1|Torkoal, M|\n|poke|p1|Kingambit, M|\n|poke|p1|Flutter Mane|\n|poke|p2|Chi-Yu|\n|poke|p2|Ogerpon-Hearthflame, F|\n|poke|p2|Volcarona, M|\n|poke|p2|Delphox, F|\n|poke|p2|Arcanine-Hisui, M|\n|poke|p2|Cinderace, F|\n|teampreview\n|l|\u2606LITLE0\n|player|p1|\n|inactive|Battle timer is ON: inactive players will automatically lose when time's up. (requested by Heywatchout)\n|j|\u2606LITLE0\n|inactive|LITLE0 reconnected and has 130 seconds left.\n|player|p1|LITLE0|alec-anime\n|\n|t:|1699110095\n|start\n|switch|p1a: Dondozo|Dondozo, M|100\/100\n|switch|p2a: Delphox|Delphox, F|100\/100\n|turn|1\n|\n|t:|1699110111\n|switch|p1a: Flutter Mane|Flutter Mane|100\/100\n|move|p2a: Delphox|Switcheroo|p1a: Flutter Mane\n|-activate|p2a: Delphox|move: Trick|[of] p1a: Flutter Mane\n|-item|p1a: Flutter Mane|Flame Orb|[from] move: Switcheroo\n|-item|p2a: Delphox|Life Orb|[from] move: Switcheroo\n|\n|-status|p1a: Flutter Mane|brn|[from] item: Flame Orb\n|upkeep\n|turn|2\n|\n|t:|1699110121\n|move|p1a: Flutter Mane|Shadow Ball|p2a: Delphox\n|-supereffective|p2a: Delphox\n|-damage|p2a: Delphox|18\/100\n|move|p2a: Delphox|Calm Mind|p2a: Delphox\n|-boost|p2a: Delphox|spa|1\n|-boost|p2a: Delphox|spd|1\n|\n|-damage|p1a: Flutter Mane|95\/100 brn|[from] brn\n|upkeep\n|turn|3\n|\n|t:|1699110130\n|move|p1a: Flutter Mane|Moonblast|p2a: Delphox\n|-resisted|p2a: Delphox\n|-damage|p2a: Delphox|1\/100\n|move|p2a: Delphox|Psychic|p1a: Flutter Mane\n|-damage|p1a: Flutter Mane|20\/100 brn\n|-damage|p2a: Delphox|0 fnt|[from] item: Life Orb\n|faint|p2a: Delphox\n|\n|-damage|p1a: Flutter Mane|14\/100 brn|[from] brn\n|upkeep\n|\n|t:|1699110141\n|switch|p2a: Chi-Yu|Chi-Yu|100\/100\n|-ability|p2a: Chi-Yu|Beads of Ruin\n|turn|4\n|\n|t:|1699110147\n|move|p2a: Chi-Yu|Dark Pulse|p1a: Flutter Mane\n|-damage|p1a: Flutter Mane|0 fnt\n|faint|p1a: Flutter Mane\n|-end|p1a: Flutter Mane|Protosynthesis|[silent]\n|\n|upkeep\n|\n|t:|1699110157\n|switch|p1a: Blissey|Blissey, F|100\/100\n|turn|5\n|\n|t:|1699110162\n|move|p2a: Chi-Yu|Dark Pulse|p1a: Blissey\n|-damage|p1a: Blissey|84\/100\n|move|p1a: Blissey|Seismic Toss|p2a: Chi-Yu\n|-damage|p2a: Chi-Yu|62\/100\n|\n|-heal|p1a: Blissey|90\/100|[from] item: Leftovers\n|upkeep\n|turn|6\n|\n|t:|1699110171\n|move|p2a: Chi-Yu|Dark Pulse|p1a: Blissey\n|-damage|p1a: Blissey|74\/100\n|move|p1a: Blissey|Seismic Toss|p2a: Chi-Yu\n|-damage|p2a: Chi-Yu|23\/100\n|\n|-heal|p1a: Blissey|80\/100|[from] item: Leftovers\n|upkeep\n|turn|7\n|\n|t:|1699110178\n|move|p2a: Chi-Yu|Dark Pulse|p1a: Blissey\n|-damage|p1a: Blissey|60\/100\n|move|p1a: Blissey|Seismic Toss|p2a: Chi-Yu\n|-damage|p2a: Chi-Yu|0 fnt\n|faint|p2a: Chi-Yu\n|\n|-heal|p1a: Blissey|66\/100|[from] item: Leftovers\n|upkeep\n|\n|t:|1699110190\n|switch|p2a: Ogerpon|Ogerpon-Hearthflame, F|100\/100\n|-ability|p2a: Ogerpon|Mold Breaker\n|turn|8\n|\n|t:|1699110213\n|switch|p1a: Torkoal|Torkoal, M|100\/100\n|-weather|SunnyDay|[from] ability: Drought|[of] p1a: Torkoal\n|move|p2a: Ogerpon|Leech Seed|p1a: Torkoal\n|-start|p1a: Torkoal|move: Leech Seed\n|\n|-weather|SunnyDay|[upkeep]\n|-damage|p1a: Torkoal|88\/100|[from] Leech Seed|[of] p2a: Ogerpon\n|upkeep\n|turn|9\n|\n|t:|1699110223\n|move|p2a: Ogerpon|Knock Off|p1a: Torkoal\n|-damage|p1a: Torkoal|68\/100\n|-enditem|p1a: Torkoal|Heat Rock|[from] move: Knock Off|[of] p2a: Ogerpon\n|move|p1a: Torkoal|Yawn|p2a: Ogerpon\n|-start|p2a: Ogerpon|move: Yawn|[of] p1a: Torkoal\n|\n|-weather|SunnyDay|[upkeep]\n|-damage|p1a: Torkoal|56\/100|[from] Leech Seed|[of] p2a: Ogerpon\n|upkeep\n|turn|10\n|\n|t:|1699110236\n|switch|p1a: Koraidon|Koraidon|100\/100\n|-activate|p1a: Koraidon|ability: Orichalcum Pulse\n|move|p2a: Ogerpon|Horn Leech|p1a: Koraidon\n|-resisted|p1a: Koraidon\n|-damage|p1a: Koraidon|83\/100\n|\n|-weather|SunnyDay|[upkeep]\n|-end|p2a: Ogerpon|move: Yawn|[silent]\n|-status|p2a: Ogerpon|slp\n|upkeep\n|turn|11\n|\n|t:|1699110245\n|move|p1a: Koraidon|Swords Dance|p1a: Koraidon\n|-boost|p1a: Koraidon|atk|2\n|cant|p2a: Ogerpon|slp\n|\n|-weather|SunnyDay|[upkeep]\n|upkeep\n|turn|12\n|\n|t:|1699110253\n|move|p1a: Koraidon|Collision Course|p2a: Ogerpon\n|-damage|p2a: Ogerpon|0 fnt\n|faint|p2a: Ogerpon\n|\n|-weather|SunnyDay|[upkeep]\n|upkeep\n|\n|t:|1699110262\n|switch|p2a: Cinderace|Cinderace, F|100\/100\n|turn|13\n|\n|t:|1699110266\n|move|p1a: Koraidon|Collision Course|p2a: Cinderace\n|-damage|p2a: Cinderace|0 fnt\n|faint|p2a: Cinderace\n|\n|-weather|SunnyDay|[upkeep]\n|upkeep\n|\n|t:|1699110277\n|switch|p2a: Volcarona|Volcarona, M|100\/100\n|turn|14\n|\n|t:|1699110289\n|-terastallize|p2a: Volcarona|Bug\n|move|p1a: Koraidon|Dragon Claw|p2a: Volcarona\n|-damage|p2a: Volcarona|0 fnt\n|faint|p2a: Volcarona\n|\n|-weather|SunnyDay|[upkeep]\n|upkeep\n|\n|t:|1699110296\n|switch|p2a: Arcanine|Arcanine-Hisui, M|100\/100\n|-ability|p2a: Arcanine|Intimidate|boost\n|-unboost|p1a: Koraidon|atk|1\n|turn|15\n|\n|t:|1699110304\n|move|p1a: Koraidon|Collision Course|p2a: Arcanine\n|-supereffective|p2a: Arcanine\n|-damage|p2a: Arcanine|0 fnt\n|faint|p2a: Arcanine\n|\n|win|LITLE0\n|raw|LITLE0's rating: 1071 &rarr; <strong>1099<\/strong><br \/>(+28 for winning)\n|raw|Heywatchout's rating: 1050 &rarr; <strong>1034<\/strong><br \/>(-16 for losing)\n|c|\u2606LITLE0|gg\n|c|\u2606Heywatchout|gg\n","uploadtime":1699110312,"views":11,"p1id":"litle0","p2id":"heywatchout","formatid":"gen9ubers","rating":1034,"private":0,"password":""}