{"id":"gen9ubers-1968161839","p1":"InkyDarkBird","p2":"KurumiTokisakilove","format":"[Gen 9] Ubers","log":"|j|\u2606InkyDarkBird\n|j|\u2606KurumiTokisakilove\n|t:|1697390447\n|gametype|singles\n|player|p1|InkyDarkBird|allister-masters|1455\n|player|p2|KurumiTokisakilove|sabrina-gen2|1532\n|teamsize|p1|6\n|teamsize|p2|6\n|gen|9\n|tier|[Gen 9] Ubers\n|rated|\n|rule|Sleep Clause Mod: Limit one foe put to sleep\n|rule|Species Clause: Limit one of each Pok\u00e9mon\n|rule|OHKO Clause: OHKO moves are banned\n|rule|Evasion Items Clause: Evasion items are banned\n|rule|Evasion Moves Clause: Evasion moves are banned\n|rule|Endless Battle Clause: Forcing endless battles is banned\n|rule|HP Percentage Mod: HP is shown in percentages\n|clearpoke\n|poke|p1|Arceus|\n|poke|p1|Zacian-*|\n|poke|p1|Chien-Pao|\n|poke|p1|Skeledirge, M|\n|poke|p1|Koraidon|\n|poke|p1|Corviknight, F|\n|poke|p2|Ditto|\n|poke|p2|Ursaluna-Bloodmoon, M|\n|poke|p2|Koraidon|\n|poke|p2|Miraidon|\n|poke|p2|Mewtwo|\n|poke|p2|Glimmora, F|\n|teampreview\n|inactive|Battle timer is ON: inactive players will automatically lose when time's up. (requested by KurumiTokisakilove)\n|inactive|InkyDarkBird also wants the timer to be on.\n|\n|t:|1697390462\n|start\n|switch|p1a: Koraidon|Koraidon|100\/100\n|switch|p2a: Koraidon|Koraidon|100\/100\n|-weather|SunnyDay|[from] ability: Orichalcum Pulse|[of] p1a: Koraidon\n|-activate|p1a: Koraidon|Orichalcum Pulse|[source]\n|-activate|p2a: Koraidon|ability: Orichalcum Pulse\n|turn|1\n|\n|t:|1697390468\n|switch|p2a: Glimmora|Glimmora, F|100\/100\n|switch|p1a: Skeledirge|Skeledirge, M|100\/100\n|\n|-weather|SunnyDay|[upkeep]\n|upkeep\n|turn|2\n|j| yuujier\n|\n|t:|1697390472\n|switch|p1a: Koraidon|Koraidon|100\/100\n|-activate|p1a: Koraidon|ability: Orichalcum Pulse\n|move|p2a: Glimmora|Stealth Rock|p1a: Koraidon\n|-sidestart|p1: InkyDarkBird|move: Stealth Rock\n|\n|-weather|SunnyDay|[upkeep]\n|upkeep\n|turn|3\n|\n|t:|1697390477\n|move|p1a: Koraidon|Scale Shot|p2a: Glimmora\n|-damage|p2a: Glimmora|80\/100\n|-activate|p2a: Glimmora|ability: Toxic Debris\n|-sidestart|p1: InkyDarkBird|move: Toxic Spikes\n|-damage|p2a: Glimmora|58\/100\n|-activate|p2a: Glimmora|ability: Toxic Debris\n|-sidestart|p1: InkyDarkBird|move: Toxic Spikes\n|-damage|p2a: Glimmora|37\/100\n|-damage|p2a: Glimmora|14\/100\n|-damage|p2a: Glimmora|0 fnt\n|faint|p2a: Glimmora\n|-hitcount|p2: Glimmora|5\n|-unboost|p1a: Koraidon|def|1\n|-boost|p1a: Koraidon|spe|1\n|\n|-weather|SunnyDay|[upkeep]\n|upkeep\n|\n|t:|1697390486\n|switch|p2a: Ditto|Ditto, shiny|100\/100\n|-transform|p2a: Ditto|p1a: Koraidon|[from] ability: Imposter\n|-activate|p2a: Ditto|ability: Orichalcum Pulse\n|turn|4\n|\n|t:|1697390492\n|switch|p1a: Corviknight|Corviknight, F, shiny|100\/100\n|-damage|p1a: Corviknight|88\/100|[from] Stealth Rock\n|move|p2a: Ditto|Collision Course|p1a: Corviknight\n|-damage|p1a: Corviknight|47\/100\n|\n|-weather|SunnyDay|[upkeep]\n|-heal|p1a: Corviknight|54\/100|[from] item: Leftovers\n|upkeep\n|turn|5\n|\n|t:|1697390499\n|move|p2a: Ditto|Collision Course|p1a: Corviknight\n|-damage|p1a: Corviknight|13\/100\n|move|p1a: Corviknight|Defog|p2a: Ditto\n|-unboost|p2a: Ditto|evasion|1\n|-sideend|p1: InkyDarkBird|Toxic Spikes|[from] move: Defog|[of] p1a: Corviknight\n|-sideend|p1: InkyDarkBird|Stealth Rock|[from] move: Defog|[of] p1a: Corviknight\n|\n|-weather|none\n|-heal|p1a: Corviknight|19\/100|[from] item: Leftovers\n|upkeep\n|turn|6\n|\n|t:|1697390504\n|switch|p2a: Ursaluna|Ursaluna-Bloodmoon, M|100\/100\n|switch|p1a: Skeledirge|Skeledirge, M|100\/100\n|\n|upkeep\n|turn|7\n|\n|t:|1697390511\n|move|p1a: Skeledirge|Torch Song|p2a: Ursaluna\n|-damage|p2a: Ursaluna|68\/100\n|-boost|p1a: Skeledirge|spa|1\n|move|p2a: Ursaluna|Calm Mind|p2a: Ursaluna\n|-boost|p2a: Ursaluna|spa|1\n|-boost|p2a: Ursaluna|spd|1\n|\n|-heal|p2a: Ursaluna|74\/100|[from] item: Leftovers\n|upkeep\n|turn|8\n|\n|t:|1697390517\n|move|p1a: Skeledirge|Torch Song|p2a: Ursaluna\n|-damage|p2a: Ursaluna|27\/100\n|-boost|p1a: Skeledirge|spa|1\n|move|p2a: Ursaluna|Earth Power|p1a: Skeledirge\n|-supereffective|p1a: Skeledirge\n|-damage|p1a: Skeledirge|22\/100\n|\n|-heal|p1a: Skeledirge|28\/100|[from] item: Leftovers\n|-heal|p2a: Ursaluna|33\/100|[from] item: Leftovers\n|upkeep\n|turn|9\n|\n|t:|1697390521\n|move|p1a: Skeledirge|Torch Song|p2a: Ursaluna\n|-damage|p2a: Ursaluna|0 fnt\n|-boost|p1a: Skeledirge|spa|1\n|faint|p2a: Ursaluna\n|\n|-heal|p1a: Skeledirge|34\/100|[from] item: Leftovers\n|upkeep\n|\n|t:|1697390526\n|switch|p2a: Miraidon|Miraidon|100\/100\n|-fieldstart|move: Electric Terrain|[from] ability: Hadron Engine|[of] p2a: Miraidon\n|turn|10\n|\n|t:|1697390530\n|move|p2a: Miraidon|Volt Switch|p1a: Skeledirge\n|-damage|p1a: Skeledirge|0 fnt\n|faint|p1a: Skeledirge\n|\n|t:|1697390534\n|switch|p2a: Koraidon|Koraidon|100\/100|[from] Volt Switch\n|-weather|SunnyDay|[from] ability: Orichalcum Pulse|[of] p2a: Koraidon\n|-activate|p2a: Koraidon|Orichalcum Pulse|[source]\n|\n|-weather|SunnyDay|[upkeep]\n|upkeep\n|\n|t:|1697390545\n|switch|p1a: Corviknight|Corviknight, F, shiny|19\/100\n|turn|11\n|\n|t:|1697390549\n|move|p2a: Koraidon|Low Kick|p1a: Corviknight\n|-damage|p1a: Corviknight|0 fnt\n|faint|p1a: Corviknight\n|\n|-weather|SunnyDay|[upkeep]\n|upkeep\n|\n|t:|1697390552\n|switch|p1a: Koraidon|Koraidon|100\/100\n|-activate|p1a: Koraidon|ability: Orichalcum Pulse\n|turn|12\n|\n|t:|1697390557\n|move|p2a: Koraidon|Low Kick|p1a: Koraidon\n|-damage|p1a: Koraidon|0 fnt\n|faint|p1a: Koraidon\n|\n|-weather|SunnyDay|[upkeep]\n|upkeep\n|c|\u2606InkyDarkBird|band?\n|c|\u2606InkyDarkBird|hm\n|\n|t:|1697390567\n|switch|p1a: Arceus|Arceus|100\/100\n|turn|13\n|\n|t:|1697390573\n|switch|p2a: Mewtwo|Mewtwo|100\/100\n|-ability|p2a: Mewtwo|Pressure\n|-terastallize|p1a: Arceus|Psychic\n|move|p1a: Arceus|Calm Mind|p1a: Arceus\n|-boost|p1a: Arceus|spa|1\n|-boost|p1a: Arceus|spd|1\n|\n|-weather|SunnyDay|[upkeep]\n|upkeep\n|turn|14\n|\n|t:|1697390579\n|move|p2a: Mewtwo|Taunt|p1a: Arceus\n|-start|p1a: Arceus|move: Taunt\n|cant|p1a: Arceus|move: Taunt|Calm Mind\n|\n|-weather|none\n|-fieldend|move: Electric Terrain\n|upkeep\n|turn|15\n|\n|t:|1697390585\n|move|p2a: Mewtwo|Ice Beam|p1a: Arceus\n|-damage|p1a: Arceus|79\/100\n|-damage|p2a: Mewtwo|91\/100|[from] item: Life Orb\n|move|p1a: Arceus|Stored Power|p2a: Mewtwo\n|-resisted|p2a: Mewtwo\n|-damage|p2a: Mewtwo|71\/100\n|\n|-heal|p1a: Arceus|85\/100|[from] item: Leftovers\n|upkeep\n|turn|16\n|\n|t:|1697390591\n|move|p2a: Mewtwo|Psystrike|p1a: Arceus\n|-resisted|p1a: Arceus\n|-damage|p1a: Arceus|67\/100\n|-damage|p2a: Mewtwo|61\/100|[from] item: Life Orb\n|move|p1a: Arceus|Stored Power|p2a: Mewtwo\n|-resisted|p2a: Mewtwo\n|-damage|p2a: Mewtwo|40\/100\n|\n|-heal|p1a: Arceus|73\/100|[from] item: Leftovers\n|-end|p1a: Arceus|move: Taunt\n|upkeep\n|turn|17\n|\n|t:|1697390595\n|move|p2a: Mewtwo|Taunt|p1a: Arceus\n|-start|p1a: Arceus|move: Taunt\n|move|p1a: Arceus|Stored Power|p2a: Mewtwo\n|-resisted|p2a: Mewtwo\n|-damage|p2a: Mewtwo|21\/100\n|\n|-heal|p1a: Arceus|79\/100|[from] item: Leftovers\n|upkeep\n|turn|18\n|\n|t:|1697390599\n|move|p2a: Mewtwo|Psystrike|p1a: Arceus\n|-resisted|p1a: Arceus\n|-damage|p1a: Arceus|60\/100\n|-damage|p2a: Mewtwo|12\/100|[from] item: Life Orb\n|move|p1a: Arceus|Aura Sphere|p2a: Mewtwo\n|-resisted|p2a: Mewtwo\n|-damage|p2a: Mewtwo|0 fnt\n|faint|p2a: Mewtwo\n|\n|-heal|p1a: Arceus|66\/100|[from] item: Leftovers\n|upkeep\n|\n|t:|1697390603\n|switch|p2a: Koraidon|Koraidon|100\/100\n|-weather|SunnyDay|[from] ability: Orichalcum Pulse|[of] p2a: Koraidon\n|-activate|p2a: Koraidon|Orichalcum Pulse|[source]\n|turn|19\n|\n|t:|1697390606\n|move|p2a: Koraidon|Flare Blitz|p1a: Arceus\n|-damage|p1a: Arceus|7\/100\n|-damage|p2a: Koraidon|75\/100|[from] Recoil\n|move|p1a: Arceus|Stored Power|p2a: Koraidon\n|-supereffective|p2a: Koraidon\n|-damage|p2a: Koraidon|4\/100\n|\n|-weather|SunnyDay|[upkeep]\n|-heal|p1a: Arceus|13\/100|[from] item: Leftovers\n|-end|p1a: Arceus|move: Taunt\n|upkeep\n|turn|20\n|\n|t:|1697390613\n|move|p2a: Koraidon|Flare Blitz|p1a: Arceus\n|-damage|p1a: Arceus|0 fnt\n|faint|p1a: Arceus\n|-damage|p2a: Koraidon|0 fnt|[from] Recoil\n|faint|p2a: Koraidon\n|\n|-weather|SunnyDay|[upkeep]\n|upkeep\n|\n|t:|1697390617\n|switch|p2a: Miraidon|Miraidon|100\/100\n|switch|p1a: Chien-Pao|Chien-Pao|100\/100\n|-fieldstart|move: Electric Terrain|[from] ability: Hadron Engine|[of] p2a: Miraidon\n|-ability|p1a: Chien-Pao|Sword of Ruin\n|turn|21\n|\n|t:|1697390635\n|-terastallize|p2a: Miraidon|Fairy\n|move|p2a: Miraidon|Dazzling Gleam|p1a: Chien-Pao\n|-supereffective|p1a: Chien-Pao\n|-enditem|p1a: Chien-Pao|Focus Sash\n|-damage|p1a: Chien-Pao|1\/100\n|move|p1a: Chien-Pao|Sacred Sword|p2a: Miraidon\n|-resisted|p2a: Miraidon\n|-damage|p2a: Miraidon|80\/100\n|\n|-weather|SunnyDay|[upkeep]\n|upkeep\n|turn|22\n|\n|t:|1697390639\n|move|p1a: Chien-Pao|Sucker Punch|p2a: Miraidon\n|-resisted|p2a: Miraidon\n|-damage|p2a: Miraidon|57\/100\n|move|p2a: Miraidon|Dazzling Gleam|p1a: Chien-Pao\n|-supereffective|p1a: Chien-Pao\n|-damage|p1a: Chien-Pao|0 fnt\n|faint|p1a: Chien-Pao\n|\n|-weather|SunnyDay|[upkeep]\n|upkeep\n|\n|t:|1697390642\n|switch|p1a: Zacian|Zacian-Crowned|100\/100\n|-ability|p1a: Zacian|Intrepid Sword|boost\n|-boost|p1a: Zacian|atk|1\n|turn|23\n|\n|t:|1697390649\n|switch|p2a: Ditto|Ditto, shiny|100\/100\n|-transform|p2a: Ditto|p1a: Zacian|[from] ability: Imposter\n|-ability|p2a: Ditto|Intrepid Sword|boost\n|-boost|p2a: Ditto|atk|1\n|move|p1a: Zacian|Behemoth Blade|p2a: Ditto\n|-damage|p2a: Ditto|14\/100\n|\n|-weather|none\n|upkeep\n|turn|24\n|\n|t:|1697390658\n|move|p2a: Ditto|Behemoth Blade|p1a: Zacian\n|-damage|p1a: Zacian|0 fnt\n|faint|p1a: Zacian\n|\n|win|KurumiTokisakilove\n|raw|InkyDarkBird's rating: 1455 &rarr; <strong>1439<\/strong><br \/>(-16 for losing)\n|raw|KurumiTokisakilove's rating: 1532 &rarr; <strong>1548<\/strong><br \/>(+16 for winning)\n|l|\u2606InkyDarkBird\n","uploadtime":1697390668,"views":9,"p1id":"inkydarkbird","p2id":"kurumitokisakilove","formatid":"gen9ubers","rating":1439,"private":0,"password":""}