{"id":"gen9ubers-1973258301","p1":"chi-yu is fair","p2":"123457la","format":"[Gen 9] Ubers","log":"|j|\u2606chi-yu is fair\n|j|\u2606123457la\n|t:|1697945328\n|gametype|singles\n|player|p1|chi-yu is fair|169|1105\n|player|p2|123457la|266|1246\n|teamsize|p1|6\n|teamsize|p2|6\n|gen|9\n|tier|[Gen 9] Ubers\n|rated|\n|rule|Sleep Clause Mod: Limit one foe put to sleep\n|rule|Species Clause: Limit one of each Pok\u00e9mon\n|rule|OHKO Clause: OHKO moves are banned\n|rule|Evasion Items Clause: Evasion items are banned\n|rule|Evasion Moves Clause: Evasion moves are banned\n|rule|Endless Battle Clause: Forcing endless battles is banned\n|rule|HP Percentage Mod: HP is shown in percentages\n|clearpoke\n|poke|p1|Chi-Yu|\n|poke|p1|Glimmora, M|\n|poke|p1|Ribombee, F|\n|poke|p1|Chien-Pao|\n|poke|p1|Spectrier|\n|poke|p1|Gholdengo|\n|poke|p2|Miraidon|\n|poke|p2|Arceus|\n|poke|p2|Dialga-Origin|\n|poke|p2|Koraidon|\n|poke|p2|Clefable, M|\n|poke|p2|Zacian-*|\n|teampreview\n|inactive|Battle timer is ON: inactive players will automatically lose when time's up. (requested by chi-yu is fair)\n|\n|t:|1697945347\n|start\n|switch|p1a: Ribombee|Ribombee, F|100\/100\n|switch|p2a: Koraidon|Koraidon|100\/100\n|-weather|SunnyDay|[from] ability: Orichalcum Pulse|[of] p2a: Koraidon\n|-activate|p2a: Koraidon|Orichalcum Pulse|[source]\n|turn|1\n|\n|t:|1697945350\n|move|p2a: Koraidon|Flame Charge|p1a: Ribombee\n|-supereffective|p1a: Ribombee\n|-enditem|p1a: Ribombee|Focus Sash\n|-damage|p1a: Ribombee|1\/100\n|-boost|p2a: Koraidon|spe|1\n|move|p1a: Ribombee|Sticky Web|p2a: Koraidon\n|-sidestart|p2: 123457la|move: Sticky Web\n|\n|-weather|SunnyDay|[upkeep]\n|upkeep\n|turn|2\n|\n|t:|1697945355\n|move|p2a: Koraidon|Flame Charge|p1a: Ribombee\n|-supereffective|p1a: Ribombee\n|-damage|p1a: Ribombee|0 fnt\n|-boost|p2a: Koraidon|spe|1\n|faint|p1a: Ribombee\n|\n|-weather|SunnyDay|[upkeep]\n|upkeep\n|\n|t:|1697945366\n|switch|p1a: Spectrier|Spectrier|100\/100\n|turn|3\n|\n|t:|1697945381\n|-terastallize|p2a: Koraidon|Fire\n|move|p2a: Koraidon|Flare Blitz|p1a: Spectrier\n|-damage|p1a: Spectrier|0 fnt\n|faint|p1a: Spectrier\n|-damage|p2a: Koraidon|67\/100|[from] Recoil\n|-heal|p2a: Koraidon|80\/100|[from] item: Shell Bell|[of] p1: Spectrier\n|\n|-weather|SunnyDay|[upkeep]\n|upkeep\n|\n|t:|1697945387\n|switch|p1a: Glimmora|Glimmora, M|100\/100\n|turn|4\n|\n|t:|1697945398\n|move|p2a: Koraidon|Scale Shot|p1a: Glimmora|[miss]\n|-miss|p2a: Koraidon|p1a: Glimmora\n|move|p1a: Glimmora|Memento|p2a: Koraidon\n|-unboost|p2a: Koraidon|atk|2\n|-unboost|p2a: Koraidon|spa|2\n|faint|p1a: Glimmora\n|\n|-weather|SunnyDay|[upkeep]\n|upkeep\n|\n|t:|1697945403\n|switch|p1a: Singularity|Chi-Yu|100\/100\n|-ability|p1a: Singularity|Beads of Ruin\n|turn|5\n|\n|t:|1697945412\n|move|p2a: Koraidon|Collision Course|p1a: Singularity\n|-supereffective|p1a: Singularity\n|-damage|p1a: Singularity|0 fnt\n|faint|p1a: Singularity\n|-heal|p2a: Koraidon|89\/100|[from] item: Shell Bell|[of] p1: Singularity\n|\n|-weather|none\n|upkeep\n|-message|chi-yu is fair forfeited.\n|\n|win|123457la\n|raw|chi-yu is fair's rating: 1105 &rarr; <strong>1090<\/strong><br \/>(-15 for losing)\n|raw|123457la's rating: 1246 &rarr; <strong>1261<\/strong><br \/>(+15 for winning)\n|l|\u2606chi-yu is fair\n","uploadtime":1697945446,"views":17,"p1id":"chiyuisfair","p2id":"123457la","formatid":"gen9ubers","rating":1090,"private":0,"password":""}