{"id":"gen9ubers-1984071541","p1":"guess the memes","p2":"FoxDragon22","format":"[Gen 9] Ubers","log":"|j|\u2606guess the memes\n|j|\u2606FoxDragon22\n|t:|1699215734\n|gametype|singles\n|player|p1|guess the memes|acetrainerf|\n|player|p2|FoxDragon22|acetrainerf-gen4dp|\n|teamsize|p1|6\n|teamsize|p2|6\n|gen|9\n|tier|[Gen 9] Ubers\n|rule|Sleep Clause Mod: Limit one foe put to sleep\n|rule|Species Clause: Limit one of each Pok\u00e9mon\n|rule|OHKO Clause: OHKO moves are banned\n|rule|Evasion Items Clause: Evasion items are banned\n|rule|Evasion Moves Clause: Evasion moves are banned\n|rule|Endless Battle Clause: Forcing endless battles is banned\n|rule|HP Percentage Mod: HP is shown in percentages\n|clearpoke\n|poke|p1|Arceus-Poison|\n|poke|p1|Cyclizar, M|\n|poke|p1|Magearna|\n|poke|p1|Espathra, M|\n|poke|p1|Zacian-*|\n|poke|p1|Gliscor, F|\n|poke|p2|Arceus-Grass|\n|poke|p2|Dialga|\n|poke|p2|Zacian-*|\n|poke|p2|Palkia-Origin|\n|poke|p2|Gliscor, M|\n|poke|p2|Dragonite, M|\n|teampreview\n|\n|t:|1699215756\n|start\n|switch|p1a: Cyclizar|Cyclizar, M|100\/100\n|switch|p2a: Gliscor|Gliscor, M|100\/100\n|turn|1\n|\n|t:|1699215763\n|move|p1a: Cyclizar|Shed Tail|p1a: Cyclizar\n|-start|p1a: Cyclizar|Substitute|[from] move: Shed Tail\n|-damage|p1a: Cyclizar|50\/100\n|\n|t:|1699215768\n|switch|p1a: Espathra|Espathra, M|100\/100|[from] Shed Tail\n|move|p2a: Gliscor|Knock Off|p1a: Espathra\n|-supereffective|p1a: Espathra\n|-end|p1a: Espathra|Substitute\n|\n|-status|p2a: Gliscor|tox|[from] item: Toxic Orb\n|upkeep\n|turn|2\n|\n|t:|1699215778\n|-terastallize|p1a: Espathra|Fighting\n|move|p2a: Gliscor|Knock Off|p1a: Espathra\n|-resisted|p1a: Espathra\n|-damage|p1a: Espathra|86\/100\n|-enditem|p1a: Espathra|Leftovers|[from] move: Knock Off|[of] p2a: Gliscor\n|move|p1a: Espathra|Substitute|p1a: Espathra\n|-start|p1a: Espathra|Substitute\n|-damage|p1a: Espathra|61\/100\n|\n|-ability|p1a: Espathra|Speed Boost|boost\n|-boost|p1a: Espathra|spe|1\n|upkeep\n|turn|3\n|\n|t:|1699215806\n|move|p1a: Espathra|Calm Mind|p1a: Espathra\n|-boost|p1a: Espathra|spa|1\n|-boost|p1a: Espathra|spd|1\n|move|p2a: Gliscor|Stealth Rock|p1a: Espathra\n|-sidestart|p1: guess the memes|move: Stealth Rock\n|\n|-ability|p1a: Espathra|Speed Boost|boost\n|-boost|p1a: Espathra|spe|1\n|upkeep\n|turn|4\n|\n|t:|1699215815\n|move|p1a: Espathra|Calm Mind|p1a: Espathra\n|-boost|p1a: Espathra|spa|1\n|-boost|p1a: Espathra|spd|1\n|move|p2a: Gliscor|U-turn|p1a: Espathra\n|-resisted|p1a: Espathra\n|-crit|p1a: Espathra\n|-activate|p1a: Espathra|move: Substitute|[damage]\n|\n|t:|1699215823\n|switch|p2a: Dragonite|Dragonite, M|100\/100|[from] U-turn\n|\n|-ability|p1a: Espathra|Speed Boost|boost\n|-boost|p1a: Espathra|spe|1\n|upkeep\n|turn|5\n|\n|t:|1699215835\n|move|p2a: Dragonite|Extreme Speed|p1a: Espathra\n|-end|p1a: Espathra|Substitute\n|move|p1a: Espathra|Stored Power|p2a: Dragonite\n|-damage|p2a: Dragonite|40\/100\n|\n|-ability|p1a: Espathra|Speed Boost|boost\n|-boost|p1a: Espathra|spe|1\n|upkeep\n|turn|6\n|\n|t:|1699215844\n|move|p2a: Dragonite|Extreme Speed|p1a: Espathra\n|-damage|p1a: Espathra|33\/100\n|move|p1a: Espathra|Stored Power|p2a: Dragonite\n|-damage|p2a: Dragonite|0 fnt\n|faint|p2a: Dragonite\n|\n|-ability|p1a: Espathra|Speed Boost|boost\n|-boost|p1a: Espathra|spe|1\n|upkeep\n|\n|t:|1699215862\n|switch|p2a: Dialga|Dialga|100\/100\n|-ability|p2a: Dialga|Pressure\n|turn|7\n|\n|t:|1699215871\n|move|p1a: Espathra|Tera Blast|p2a: Dialga|[anim] Tera Blast Fighting\n|-supereffective|p2a: Dialga\n|-damage|p2a: Dialga|8\/100\n|move|p2a: Dialga|Dragon Tail|p1a: Espathra\n|-crit|p1a: Espathra\n|-damage|p1a: Espathra|1\/100\n|drag|p1a: Gliscor|Gliscor, F|100\/100\n|-damage|p1a: Gliscor|88\/100|[from] Stealth Rock\n|\n|-heal|p2a: Dialga|14\/100|[from] item: Leftovers\n|-status|p1a: Gliscor|tox|[from] item: Toxic Orb\n|upkeep\n|turn|8\n|\n|t:|1699215896\n|move|p1a: Gliscor|Stealth Rock|p2a: Dialga\n|-sidestart|p2: FoxDragon22|move: Stealth Rock\n|move|p2a: Dialga|Draco Meteor|p1a: Gliscor\n|-damage|p1a: Gliscor|11\/100 tox\n|-unboost|p2a: Dialga|spa|2\n|\n|-heal|p2a: Dialga|20\/100|[from] item: Leftovers\n|-heal|p1a: Gliscor|23\/100 tox|[from] ability: Poison Heal\n|upkeep\n|turn|9\n|\n|t:|1699215917\n|switch|p1a: Zacian|Zacian|100\/100\n|-damage|p1a: Zacian|88\/100|[from] Stealth Rock\n|-ability|p1a: Zacian|Intrepid Sword|boost\n|-boost|p1a: Zacian|atk|1\n|move|p2a: Dialga|Draco Meteor|p1a: Zacian\n|-immune|p1a: Zacian\n|\n|-heal|p2a: Dialga|26\/100|[from] item: Leftovers\n|upkeep\n|turn|10\n|\n|t:|1699215940\n|switch|p2a: Gliscor|Gliscor, M|100\/100 tox\n|-damage|p2a: Gliscor|88\/100 tox|[from] Stealth Rock\n|move|p1a: Zacian|Play Rough|p2a: Gliscor\n|-crit|p2a: Gliscor\n|-damage|p2a: Gliscor|0 fnt\n|faint|p2a: Gliscor\n|\n|upkeep\n|c|\u2606guess the memes|skillll\n|\n|t:|1699215956\n|switch|p2a: Zacian|Zacian|100\/100\n|-damage|p2a: Zacian|88\/100|[from] Stealth Rock\n|-ability|p2a: Zacian|Intrepid Sword|boost\n|-boost|p2a: Zacian|atk|1\n|turn|11\n|\n|t:|1699215965\n|move|p2a: Zacian|Play Rough|p1a: Zacian\n|-damage|p1a: Zacian|26\/100\n|move|p1a: Zacian|Play Rough|p2a: Zacian\n|-damage|p2a: Zacian|0 fnt\n|faint|p2a: Zacian\n|\n|upkeep\n|\n|t:|1699215993\n|switch|p2a: Dialga|Dialga|26\/100\n|-damage|p2a: Dialga|20\/100|[from] Stealth Rock\n|-ability|p2a: Dialga|Pressure\n|turn|12\n|\n|t:|1699216004\n|-terastallize|p2a: Dialga|Flying\n|move|p1a: Zacian|Play Rough|p2a: Dialga\n|-damage|p2a: Dialga|0 fnt\n|faint|p2a: Dialga\n|\n|upkeep\n|\n|t:|1699216012\n|switch|p2a: Arceus|Arceus-Grass|100\/100\n|-damage|p2a: Arceus|88\/100|[from] Stealth Rock\n|turn|13\n|\n|t:|1699216017\n|move|p1a: Zacian|Play Rough|p2a: Arceus\n|-damage|p2a: Arceus|17\/100\n|move|p2a: Arceus|Judgment|p1a: Zacian\n|-damage|p1a: Zacian|0 fnt\n|faint|p1a: Zacian\n|\n|upkeep\n|\n|t:|1699216042\n|switch|p1a: Arceus|Arceus-Poison|100\/100\n|-damage|p1a: Arceus|88\/100|[from] Stealth Rock\n|turn|14\n|\n|t:|1699216056\n|move|p1a: Arceus|Poison Jab|p2a: Arceus\n|-supereffective|p2a: Arceus\n|-damage|p2a: Arceus|0 fnt\n|faint|p2a: Arceus\n|\n|upkeep\n|\n|t:|1699216061\n|switch|p2a: Palkia|Palkia-Origin|100\/100\n|-damage|p2a: Palkia|88\/100|[from] Stealth Rock\n|-ability|p2a: Palkia|Pressure\n|turn|15\n|\n|t:|1699216070\n|move|p2a: Palkia|Earth Power|p1a: Arceus\n|-supereffective|p1a: Arceus\n|-damage|p1a: Arceus|44\/100\n|move|p1a: Arceus|Poison Jab|p2a: Palkia\n|-damage|p2a: Palkia|47\/100\n|-status|p2a: Palkia|psn\n|\n|-damage|p2a: Palkia|34\/100 psn|[from] psn\n|upkeep\n|turn|16\n|\n|t:|1699216080\n|move|p2a: Palkia|Earth Power|p1a: Arceus\n|-supereffective|p1a: Arceus\n|-damage|p1a: Arceus|0 fnt\n|faint|p1a: Arceus\n|\n|-damage|p2a: Palkia|22\/100 psn|[from] psn\n|upkeep\n|\n|t:|1699216084\n|switch|p1a: Magearna|Magearna|100\/100\n|-damage|p1a: Magearna|94\/100|[from] Stealth Rock\n|turn|17\n|\n|t:|1699216090\n|move|p2a: Palkia|Earth Power|p1a: Magearna\n|-supereffective|p1a: Magearna\n|-damage|p1a: Magearna|46\/100\n|move|p1a: Magearna|Draining Kiss|p2a: Palkia\n|-supereffective|p2a: Palkia\n|-damage|p2a: Palkia|0 fnt\n|-heal|p1a: Magearna|60\/100|[from] drain|[of] p2a: Palkia\n|faint|p2a: Palkia\n|\n|win|guess the memes\n|l|\u2606guess the memes\n|l|\u2606FoxDragon22\n|j|\u2606FoxDragon22\n|player|p2|FoxDragon22|acetrainerf-gen4dp\n|l|\u2606FoxDragon22\n|player|p2|\n|j|\u2606guess the memes\n|player|p1|guess the memes|acetrainerf\n","uploadtime":1699216102,"views":17,"p1id":"guessthememes","p2id":"foxdragon22","formatid":"gen9ubers","rating":0,"private":0,"password":""}