{"id":"gen9ubers-1996084866","p1":"chienpao041203","p2":"Superbusss","format":"[Gen 9] Ubers","log":"|j|\u2606chienpao041203\n|j|\u2606Superbusss\n|t:|1700641593\n|gametype|singles\n|player|p1|chienpao041203|lucas|1135\n|player|p2|Superbusss|265|1045\n|teamsize|p1|6\n|teamsize|p2|6\n|gen|9\n|tier|[Gen 9] Ubers\n|rated|\n|rule|Sleep Clause Mod: Limit one foe put to sleep\n|rule|Species Clause: Limit one of each Pok\u00e9mon\n|rule|OHKO Clause: OHKO moves are banned\n|rule|Evasion Items Clause: Evasion items are banned\n|rule|Evasion Moves Clause: Evasion moves are banned\n|rule|Endless Battle Clause: Forcing endless battles is banned\n|rule|HP Percentage Mod: HP is shown in percentages\n|clearpoke\n|poke|p1|Miraidon|\n|poke|p1|Arceus|\n|poke|p1|Groudon|\n|poke|p1|Dialga|\n|poke|p1|Zacian-*|\n|poke|p1|Chien-Pao|\n|poke|p2|Eternatus|\n|poke|p2|Garganacl, F|\n|poke|p2|Dragonite, F|\n|poke|p2|Maushold-Four|\n|poke|p2|Ting-Lu|\n|poke|p2|Pawmot, M|\n|teampreview\n|inactive|Battle timer is ON: inactive players will automatically lose when time's up. (requested by Superbusss)\n|\n|t:|1700641616\n|start\n|switch|p1a: Groudon|Groudon|100\/100\n|switch|p2a: Eternatus|Eternatus|100\/100\n|-ability|p2a: Eternatus|Pressure\n|-weather|SunnyDay|[from] ability: Drought|[of] p1a: Groudon\n|turn|1\n|\n|t:|1700641644\n|move|p2a: Eternatus|Toxic|p1a: Groudon\n|-status|p1a: Groudon|tox\n|move|p1a: Groudon|Fling|p2a: Eternatus\n|-damage|p2a: Eternatus|93\/100\n|-status|p2a: Eternatus|par\n|-enditem|p1a: Groudon|Light Ball|[from] move: Fling\n|\n|-weather|SunnyDay|[upkeep]\n|-heal|p2a: Eternatus|99\/100 par|[from] item: Leftovers\n|-damage|p1a: Groudon|94\/100 tox|[from] psn\n|upkeep\n|turn|2\n|inactive|Superbusss has 120 seconds left.\n|\n|t:|1700641659\n|move|p1a: Groudon|Stealth Rock|p2a: Eternatus\n|-sidestart|p2: Superbusss|move: Stealth Rock\n|move|p2a: Eternatus|Draco Meteor|p1a: Groudon\n|-damage|p1a: Groudon|48\/100 tox\n|-unboost|p2a: Eternatus|spa|2\n|\n|-weather|SunnyDay|[upkeep]\n|-heal|p2a: Eternatus|100\/100 par|[from] item: Leftovers\n|-damage|p1a: Groudon|35\/100 tox|[from] psn\n|upkeep\n|turn|3\n|inactive|Superbusss has 120 seconds left.\n|\n|t:|1700641670\n|move|p1a: Groudon|Earthquake|p2a: Eternatus\n|-supereffective|p2a: Eternatus\n|-damage|p2a: Eternatus|30\/100 par\n|move|p2a: Eternatus|Draco Meteor|p1a: Groudon\n|-damage|p1a: Groudon|9\/100 tox\n|-unboost|p2a: Eternatus|spa|2\n|\n|-weather|SunnyDay|[upkeep]\n|-heal|p2a: Eternatus|36\/100 par|[from] item: Leftovers\n|-damage|p1a: Groudon|0 fnt|[from] psn\n|faint|p1a: Groudon\n|upkeep\n|\n|t:|1700641685\n|switch|p1a: Arceus|Arceus|100\/100\n|turn|4\n|\n|t:|1700641694\n|move|p1a: Arceus|Swords Dance|p1a: Arceus\n|-boost|p1a: Arceus|atk|2\n|cant|p2a: Eternatus|par\n|\n|-weather|SunnyDay|[upkeep]\n|-heal|p2a: Eternatus|42\/100 par|[from] item: Leftovers\n|upkeep\n|turn|5\n|\n|t:|1700641702\n|move|p1a: Arceus|Swords Dance|p1a: Arceus\n|-boost|p1a: Arceus|atk|2\n|cant|p2a: Eternatus|par\n|\n|-weather|none\n|-heal|p2a: Eternatus|48\/100 par|[from] item: Leftovers\n|upkeep\n|turn|6\n|\n|t:|1700641711\n|-terastallize|p1a: Arceus|Normal\n|move|p1a: Arceus|Extreme Speed|p2a: Eternatus\n|-damage|p2a: Eternatus|0 fnt\n|faint|p2a: Eternatus\n|-damage|p1a: Arceus|91\/100|[from] item: Life Orb\n|\n|upkeep\n|\n|t:|1700641724\n|switch|p2a: Pawmot|Pawmot, M|100\/100\n|-damage|p2a: Pawmot|94\/100|[from] Stealth Rock\n|turn|7\n|\n|t:|1700641728\n|move|p1a: Arceus|Extreme Speed|p2a: Pawmot\n|-damage|p2a: Pawmot|0 fnt\n|faint|p2a: Pawmot\n|-damage|p1a: Arceus|81\/100|[from] item: Life Orb\n|\n|upkeep\n|\n|t:|1700641735\n|switch|p2a: Ting-Lu|Ting-Lu|100\/100\n|-damage|p2a: Ting-Lu|94\/100|[from] Stealth Rock\n|-ability|p2a: Ting-Lu|Vessel of Ruin\n|turn|8\n|\n|t:|1700641741\n|move|p1a: Arceus|Extreme Speed|p2a: Ting-Lu\n|-damage|p2a: Ting-Lu|0 fnt\n|faint|p2a: Ting-Lu\n|-damage|p1a: Arceus|71\/100|[from] item: Life Orb\n|\n|upkeep\n|n|!Superbusss|superbusss\n|-message|Superbusss forfeited.\n|\n|win|chienpao041203\n|raw|chienpao041203's rating: 1135 &rarr; <strong>1154<\/strong><br \/>(+19 for winning)\n|raw|Superbusss's rating: 1045 &rarr; <strong>1032<\/strong><br \/>(-13 for losing)\n|l|!Superbusss\n","uploadtime":1700641754,"views":0,"p1id":"chienpao041203","p2id":"superbusss","formatid":"gen9ubers","rating":1032,"private":0,"password":""}