{"id":"gen9ubers-1993751863","p1":"Flaggx","p2":"kai2805","format":"[Gen 9] Ubers","log":"|j|\u2606Flaggx\n|j|\u2606kai2805\n|t:|1700352995\n|gametype|singles\n|player|p1|Flaggx|169|\n|player|p2|kai2805|169|\n|teamsize|p1|6\n|teamsize|p2|6\n|gen|9\n|tier|[Gen 9] Ubers\n|rule|Sleep Clause Mod: Limit one foe put to sleep\n|rule|Species Clause: Limit one of each Pok\u00e9mon\n|rule|OHKO Clause: OHKO moves are banned\n|rule|Evasion Items Clause: Evasion items are banned\n|rule|Evasion Moves Clause: Evasion moves are banned\n|rule|Endless Battle Clause: Forcing endless battles is banned\n|rule|HP Percentage Mod: HP is shown in percentages\n|clearpoke\n|poke|p1|Sandslash-Alola, F|\n|poke|p1|Empoleon, M|\n|poke|p1|Rillaboom, M|\n|poke|p1|Scream Tail|\n|poke|p1|Jolteon, M|\n|poke|p1|Naclstack, F|\n|poke|p2|Roaring Moon|\n|poke|p2|Torkoal, F|\n|poke|p2|Slither Wing|\n|poke|p2|Alomomola, M|\n|poke|p2|Clodsire, M|\n|poke|p2|Ogerpon-Cornerstone, F|\n|teampreview\n|j| Horuskoria\n|j| Batikan17\n|j| EnOfFla\n|c| EnOfFla|popel ihn ab flaggx\n|j| michpanta\n|j| KreativerNamee\n|\n|t:|1700353063\n|start\n|switch|p1a: Jolteon|Jolteon, M|100\/100\n|switch|p2a: Roaring Moon|Roaring Moon|100\/100\n|turn|1\n|j| El Barano\n|l| KreativerNamee\n|j| KreativerNamee\n|\n|t:|1700353217\n|-terastallize|p1a: Jolteon|Ice\n|move|p1a: Jolteon|Volt Switch|p2a: Roaring Moon\n|-resisted|p2a: Roaring Moon\n|-damage|p2a: Roaring Moon|85\/100\n|\n|t:|1700353229\n|switch|p1a: Sandslash|Sandslash-Alola, F|100\/100|[from] Volt Switch\n|move|p2a: Roaring Moon|Knock Off|p1a: Sandslash\n|-damage|p1a: Sandslash|67\/100\n|-enditem|p1a: Sandslash|Shuca Berry|[from] move: Knock Off|[of] p2a: Roaring Moon\n|\n|upkeep\n|turn|2\n|c| EnOfFla|das arme roaring moon\n|c| EnOfFla|ich bin traurig\n|\n|t:|1700353278\n|move|p2a: Roaring Moon|Earthquake|p1a: Sandslash\n|-supereffective|p1a: Sandslash\n|-crit|p1a: Sandslash\n|-damage|p1a: Sandslash|0 fnt\n|faint|p1a: Sandslash\n|\n|upkeep\n|c| EnOfFla|brav\n|c|\u2606kai2805|hat nicht gemadert\n|c|\u2606Flaggx|wtfr\n|c| KreativerNamee|Kai besser gespielt tbh\n|c| Batikan17|shot\n|c|\u2606kai2805|hoffe ich xD\n|c| EnOfFla|ok, kai popelt eher flaggy ab XD\n|\n|t:|1700353310\n|switch|p1a: Rillaboom|Rillaboom, M|100\/100\n|-fieldstart|move: Grassy Terrain|[from] ability: Grassy Surge|[of] p1a: Rillaboom\n|turn|3\n|c|\u2606kai2805|keine ahnung vom calc xD\n|c| KreativerNamee|Wieso weichst du dem Crit nicht aus ?\n|\n|t:|1700353314\n|move|p2a: Roaring Moon|U-turn|p1a: Rillaboom\n|-supereffective|p1a: Rillaboom\n|-damage|p1a: Rillaboom|64\/100\n|\n|t:|1700353318\n|-end|p2a: Roaring Moon|Protosynthesis|[silent]\n|switch|p2a: Torkoal|Torkoal, F|100\/100|[from] U-turn\n|-weather|SunnyDay|[from] ability: Drought|[of] p2a: Torkoal\n|move|p1a: Rillaboom|U-turn|p2a: Torkoal\n|-resisted|p2a: Torkoal\n|-damage|p2a: Torkoal|95\/100\n|\n|t:|1700353322\n|switch|p1a: Empoleon|Empoleon, M|100\/100|[from] U-turn\n|\n|-weather|SunnyDay|[upkeep]\n|-heal|p2a: Torkoal|100\/100|[from] Grassy Terrain\n|upkeep\n|turn|4\n|\n|t:|1700353327\n|switch|p2a: Clodsire|Clodsire, M|100\/100\n|move|p1a: Empoleon|Surf|p2a: Clodsire\n|-immune|p2a: Clodsire|[from] ability: Water Absorb\n|\n|-weather|SunnyDay|[upkeep]\n|upkeep\n|turn|5\n|c| EnOfFla|sill issues XD\n|c| michpanta|Ich kann nicht mehr :D\n|c|\u2606Flaggx|digggaaa\n|c| Batikan17|ich will ja nichts sagen aber ich habs dir gesagt Flaggx :D\n|\n|t:|1700353367\n|switch|p1a: Scream Tail|Scream Tail|100\/100\n|-activate|p1a: Scream Tail|ability: Protosynthesis\n|-start|p1a: Scream Tail|protosynthesisspe\n|move|p2a: Clodsire|Spikes|p1a: Scream Tail\n|-sidestart|p1: Flaggx|Spikes\n|\n|-weather|SunnyDay|[upkeep]\n|upkeep\n|turn|6\n|c| KreativerNamee|Dr\u00fcck nochmal Surf vielleicht ist er dann nicht mehr Water Absorb\n|\n|t:|1700353377\n|move|p1a: Scream Tail|Wish|p1a: Scream Tail\n|move|p2a: Clodsire|Gunk Shot|p1a: Scream Tail\n|-supereffective|p1a: Scream Tail\n|-damage|p1a: Scream Tail|52\/100\n|-status|p1a: Scream Tail|psn\n|\n|-weather|SunnyDay|[upkeep]\n|-heal|p1a: Scream Tail|58\/100 psn|[from] Grassy Terrain\n|-damage|p1a: Scream Tail|46\/100 psn|[from] psn\n|upkeep\n|turn|7\n|\n|t:|1700353386\n|-end|p1a: Scream Tail|Protosynthesis|[silent]\n|switch|p1a: Naclstack|Naclstack, F|100\/100\n|-damage|p1a: Naclstack|88\/100|[from] Spikes\n|move|p2a: Clodsire|Spikes|p1a: Naclstack\n|-sidestart|p1: Flaggx|Spikes\n|\n|-weather|none\n|-heal|p1a: Naclstack|100\/100|[from] move: Wish|[wisher] Scream Tail\n|-fieldend|move: Grassy Terrain\n|upkeep\n|turn|8\n|\n|t:|1700353397\n|move|p1a: Naclstack|Iron Defense|p1a: Naclstack\n|-boost|p1a: Naclstack|def|2\n|move|p2a: Clodsire|Spikes|p1a: Naclstack\n|-sidestart|p1: Flaggx|Spikes\n|\n|upkeep\n|turn|9\n|\n|t:|1700353406\n|switch|p2a: Alomomola|Alomomola, M|100\/100\n|move|p1a: Naclstack|Iron Defense|p1a: Naclstack\n|-boost|p1a: Naclstack|def|2\n|\n|upkeep\n|turn|10\n|\n|t:|1700353412\n|move|p2a: Alomomola|Wish|p2a: Alomomola\n|move|p1a: Naclstack|Salt Cure|p2a: Alomomola\n|-damage|p2a: Alomomola|95\/100\n|-start|p2a: Alomomola|Salt Cure\n|\n|-damage|p2a: Alomomola|71\/100|[from] Salt Cure\n|upkeep\n|turn|11\n|\n|t:|1700353419\n|move|p2a: Alomomola|Flip Turn|p1a: Naclstack\n|-supereffective|p1a: Naclstack\n|-damage|p1a: Naclstack|92\/100\n|\n|t:|1700353429\n|switch|p2a: Torkoal|Torkoal, F|100\/100|[from] Flip Turn\n|-weather|SunnyDay|[from] ability: Drought|[of] p2a: Torkoal\n|move|p1a: Naclstack|Body Press|p2a: Torkoal\n|-damage|p2a: Torkoal|68\/100\n|\n|-weather|SunnyDay|[upkeep]\n|-heal|p2a: Torkoal|100\/100|[from] move: Wish|[wisher] Alomomola\n|upkeep\n|turn|12\n|\n|t:|1700353435\n|move|p1a: Naclstack|Salt Cure|p2a: Torkoal\n|-supereffective|p2a: Torkoal\n|-damage|p2a: Torkoal|89\/100\n|-start|p2a: Torkoal|Salt Cure\n|move|p2a: Torkoal|Stealth Rock|p1a: Naclstack\n|-sidestart|p1: Flaggx|move: Stealth Rock\n|\n|-weather|SunnyDay|[upkeep]\n|-damage|p2a: Torkoal|77\/100|[from] Salt Cure\n|upkeep\n|turn|13\n|\n|t:|1700353449\n|switch|p2a: Slither Wing|Slither Wing|100\/100\n|-activate|p2a: Slither Wing|ability: Protosynthesis\n|-start|p2a: Slither Wing|protosynthesisatk\n|move|p1a: Naclstack|Body Press|p2a: Slither Wing\n|-resisted|p2a: Slither Wing\n|-damage|p2a: Slither Wing|71\/100\n|\n|-weather|SunnyDay|[upkeep]\n|upkeep\n|turn|14\n|\n|t:|1700353456\n|move|p2a: Slither Wing|Close Combat|p1a: Naclstack\n|-supereffective|p1a: Naclstack\n|-damage|p1a: Naclstack|27\/100\n|-unboost|p2a: Slither Wing|def|1\n|-unboost|p2a: Slither Wing|spd|1\n|move|p1a: Naclstack|Salt Cure|p2a: Slither Wing\n|-damage|p2a: Slither Wing|54\/100\n|-start|p2a: Slither Wing|Salt Cure\n|\n|-weather|SunnyDay|[upkeep]\n|-damage|p2a: Slither Wing|41\/100|[from] Salt Cure\n|upkeep\n|turn|15\n|c| EnOfFla|kai machrt die guten plays D\n|\n|t:|1700353486\n|-end|p2a: Slither Wing|Protosynthesis|[silent]\n|switch|p2a: Clodsire|Clodsire, M|100\/100\n|switch|p1a: Scream Tail|Scream Tail|46\/100 psn\n|-activate|p1a: Scream Tail|ability: Protosynthesis\n|-start|p1a: Scream Tail|protosynthesisspe\n|\n|-weather|none\n|-end|p1a: Scream Tail|Protosynthesis\n|-damage|p1a: Scream Tail|33\/100 psn|[from] psn\n|upkeep\n|turn|16\n|\n|t:|1700353502\n|switch|p2a: Roaring Moon|Roaring Moon|85\/100\n|move|p1a: Scream Tail|Wish|p1a: Scream Tail\n|\n|-damage|p1a: Scream Tail|21\/100 psn|[from] psn\n|upkeep\n|turn|17\n|c| EnOfFla|flaggx macht flaggx sachen XD\n|c| KreativerNamee|Flaggx auch sch\u00f6n dass Blitza geterad f\u00fcr die Rocks\n|\n|t:|1700353518\n|move|p1a: Scream Tail|Dazzling Gleam|p2a: Roaring Moon\n|-supereffective|p2a: Roaring Moon\n|-damage|p2a: Roaring Moon|23\/100\n|move|p2a: Roaring Moon|Knock Off|p1a: Scream Tail\n|-damage|p1a: Scream Tail|0 fnt\n|-enditem|p1a: Scream Tail|Heavy-Duty Boots|[from] move: Knock Off|[of] p2a: Roaring Moon\n|faint|p1a: Scream Tail\n|-end|p1a: Scream Tail|Protosynthesis|[silent]\n|\n|upkeep\n|\n|t:|1700353530\n|switch|p1a: Empoleon|Empoleon, M|100\/100\n|-damage|p1a: Empoleon|75\/100|[from] Spikes\n|-damage|p1a: Empoleon|69\/100|[from] Stealth Rock\n|turn|18\n|c| EnOfFla|sry aber domenik sagt trashtalken machen die pros xd\n|\n|t:|1700353549\n|move|p1a: Empoleon|Vacuum Wave|p2a: Roaring Moon\n|-supereffective|p2a: Roaring Moon\n|-damage|p2a: Roaring Moon|0 fnt\n|faint|p2a: Roaring Moon\n|-end|p2a: Roaring Moon|Protosynthesis|[silent]\n|\n|upkeep\n|\n|t:|1700353557\n|switch|p2a: Slither Wing|Slither Wing|41\/100\n|turn|19\n|\n|t:|1700353567\n|switch|p1a: Naclstack|Naclstack, F|27\/100\n|-damage|p1a: Naclstack|2\/100|[from] Spikes\n|-damage|p1a: Naclstack|0 fnt|[from] Stealth Rock\n|faint|p1a: Naclstack\n|move|p2a: Slither Wing|U-turn|p1: Naclstack|[notarget]\n|-fail|p2a: Slither Wing\n|\n|upkeep\n|\n|t:|1700353574\n|switch|p1a: Jolteon|Jolteon, M, tera:Ice|100\/100\n|turn|20\n|\n|t:|1700353608\n|-end|p2a: Slither Wing|Protosynthesis|[silent]\n|switch|p2a: Clodsire|Clodsire, M|100\/100\n|move|p1a: Jolteon|Tera Blast|p2a: Clodsire|[anim] Tera Blast Ice\n|-supereffective|p2a: Clodsire\n|-damage|p2a: Clodsire|64\/100\n|\n|-heal|p2a: Clodsire|70\/100|[from] item: Black Sludge\n|upkeep\n|turn|21\n|\n|t:|1700353622\n|switch|p1a: Rillaboom|Rillaboom, M|64\/100\n|-damage|p1a: Rillaboom|39\/100|[from] Spikes\n|-damage|p1a: Rillaboom|26\/100|[from] Stealth Rock\n|-fieldstart|move: Grassy Terrain|[from] ability: Grassy Surge|[of] p1a: Rillaboom\n|move|p2a: Clodsire|Gunk Shot|p1a: Rillaboom|[miss]\n|-miss|p2a: Clodsire|p1a: Rillaboom\n|\n|-heal|p1a: Rillaboom|32\/100|[from] Grassy Terrain\n|-heal|p1a: Rillaboom|39\/100|[from] item: Leftovers\n|-heal|p2a: Clodsire|76\/100|[from] Grassy Terrain\n|-heal|p2a: Clodsire|83\/100|[from] item: Black Sludge\n|upkeep\n|turn|22\n|\n|t:|1700353636\n|move|p1a: Rillaboom|Grassy Glide|p2a: Clodsire\n|-damage|p2a: Clodsire|47\/100\n|move|p2a: Clodsire|Gunk Shot|p1a: Rillaboom\n|-supereffective|p1a: Rillaboom\n|-damage|p1a: Rillaboom|0 fnt\n|faint|p1a: Rillaboom\n|\n|-heal|p2a: Clodsire|54\/100|[from] Grassy Terrain\n|-heal|p2a: Clodsire|60\/100|[from] item: Black Sludge\n|upkeep\n|c| EnOfFla|kai for the win\n|\n|t:|1700353650\n|switch|p1a: Empoleon|Empoleon, M|69\/100\n|-damage|p1a: Empoleon|44\/100|[from] Spikes\n|-damage|p1a: Empoleon|38\/100|[from] Stealth Rock\n|turn|23\n|c| EnOfFla|roaring moon einfach geilo\n|\n|t:|1700353654\n|move|p1a: Empoleon|Grass Knot|p2a: Clodsire\n|-damage|p2a: Clodsire|30\/100\n|move|p2a: Clodsire|Recover|p2a: Clodsire\n|-heal|p2a: Clodsire|80\/100\n|\n|-heal|p1a: Empoleon|44\/100|[from] Grassy Terrain\n|-heal|p2a: Clodsire|86\/100|[from] Grassy Terrain\n|-heal|p2a: Clodsire|92\/100|[from] item: Black Sludge\n|upkeep\n|turn|24\n|c| EnOfFla|clodsire der g\n|\n|t:|1700353670\n|switch|p2a: Slither Wing|Slither Wing|41\/100\n|move|p1a: Empoleon|Flash Cannon|p2a: Slither Wing\n|-damage|p2a: Slither Wing|5\/100\n|\n|-heal|p2a: Slither Wing|11\/100|[from] Grassy Terrain\n|-heal|p1a: Empoleon|50\/100|[from] Grassy Terrain\n|upkeep\n|turn|25\n|c| EnOfFla|spamen macht spa\u00df XD\n|\n|t:|1700353683\n|-end|p2a: Slither Wing|Protosynthesis|[silent]\n|switch|p2a: Torkoal|Torkoal, F|77\/100\n|-weather|SunnyDay|[from] ability: Drought|[of] p2a: Torkoal\n|move|p1a: Empoleon|Vacuum Wave|p2a: Torkoal\n|-damage|p2a: Torkoal|60\/100\n|\n|-weather|SunnyDay|[upkeep]\n|-heal|p1a: Empoleon|57\/100|[from] Grassy Terrain\n|-heal|p2a: Torkoal|66\/100|[from] Grassy Terrain\n|-fieldend|move: Grassy Terrain\n|upkeep\n|turn|26\n|\n|t:|1700353706\n|move|p1a: Empoleon|Surf|p2a: Torkoal\n|-supereffective|p2a: Torkoal\n|-crit|p2a: Torkoal\n|-damage|p2a: Torkoal|0 fnt\n|faint|p2a: Torkoal\n|\n|-weather|SunnyDay|[upkeep]\n|upkeep\n|\n|t:|1700353717\n|switch|p2a: Ogerpon|Ogerpon-Cornerstone, F|100\/100\n|turn|27\n|c| EnOfFla|da seh ich einen titel incoming XD\n|\n|t:|1700353738\n|move|p2a: Ogerpon|Superpower|p1a: Empoleon\n|-supereffective|p1a: Empoleon\n|-damage|p1a: Empoleon|0 fnt\n|-unboost|p2a: Ogerpon|atk|1\n|-unboost|p2a: Ogerpon|def|1\n|faint|p1a: Empoleon\n|\n|-weather|SunnyDay|[upkeep]\n|upkeep\n|\n|t:|1700353741\n|switch|p1a: Jolteon|Jolteon, M, tera:Ice|100\/100\n|turn|28\n|\n|t:|1700353748\n|move|p1a: Jolteon|Tera Blast|p2a: Ogerpon|[anim] Tera Blast Ice\n|-supereffective|p2a: Ogerpon\n|-damage|p2a: Ogerpon|19\/100\n|move|p2a: Ogerpon|Ivy Cudgel|p1a: Jolteon|[anim] Ivy Cudgel Rock\n|-supereffective|p1a: Jolteon\n|-damage|p1a: Jolteon|0 fnt\n|faint|p1a: Jolteon\n|\n|win|kai2805\n|c|\u2606Flaggx|gg\n|c|\u2606kai2805|gg\n|l| Batikan17\n|c| El Barano|gg\n|l| michpanta\n|c| KreativerNamee|Gut gespielt Flaggx\n|l| El Barano\n|l| KreativerNamee\n|c| EnOfFla|gg\n|l| EnOfFla\n","uploadtime":1700353792,"views":26,"p1id":"flaggx","p2id":"kai2805","formatid":"gen9ubers","rating":0,"private":0,"password":""}