{"id":"gen9ubers-1994871897","p1":"starvinrizleschild","p2":"tekken_is_life","format":"[Gen 9] Ubers","log":"|j|\u2606starvinrizleschild\n|j|\u2606tekken_is_life\n|t:|1700500460\n|gametype|singles\n|player|p1|starvinrizleschild|zinzolin|1439\n|player|p2|tekken_is_life|riley|1672\n|teamsize|p1|6\n|teamsize|p2|6\n|gen|9\n|tier|[Gen 9] Ubers\n|rated|\n|rule|Sleep Clause Mod: Limit one foe put to sleep\n|rule|Species Clause: Limit one of each Pok\u00e9mon\n|rule|OHKO Clause: OHKO moves are banned\n|rule|Evasion Items Clause: Evasion items are banned\n|rule|Evasion Moves Clause: Evasion moves are banned\n|rule|Endless Battle Clause: Forcing endless battles is banned\n|rule|HP Percentage Mod: HP is shown in percentages\n|clearpoke\n|poke|p1|Gholdengo|\n|poke|p1|Arceus|\n|poke|p1|Mewtwo|\n|poke|p1|Ribombee, F|\n|poke|p1|Groudon|\n|poke|p1|Koraidon|\n|poke|p2|Rayquaza|\n|poke|p2|Zacian-*|\n|poke|p2|Skeledirge, M|\n|poke|p2|Miraidon|\n|poke|p2|Arceus-Ground|\n|poke|p2|Iron Bundle|\n|teampreview\n|\n|t:|1700500464\n|start\n|switch|p1a: Ribombee|Ribombee, F|100\/100\n|switch|p2a: Still Decent|Zacian-Crowned|100\/100\n|-ability|p2a: Still Decent|Intrepid Sword|boost\n|-boost|p2a: Still Decent|atk|1\n|turn|1\n|inactive|Battle timer is ON: inactive players will automatically lose when time's up. (requested by starvinrizleschild)\n|\n|t:|1700500468\n|move|p2a: Still Decent|Substitute|p2a: Still Decent\n|-start|p2a: Still Decent|Substitute\n|-damage|p2a: Still Decent|76\/100\n|move|p1a: Ribombee|Sticky Web|p2a: Still Decent\n|-sidestart|p2: tekken_is_life|move: Sticky Web\n|\n|upkeep\n|turn|2\n|\n|t:|1700500472\n|switch|p1a: Groudon|Groudon|100\/100\n|-weather|SunnyDay|[from] ability: Drought|[of] p1a: Groudon\n|move|p2a: Still Decent|Behemoth Blade|p1a: Groudon\n|-damage|p1a: Groudon|61\/100\n|\n|-weather|SunnyDay|[upkeep]\n|-heal|p1a: Groudon|68\/100|[from] item: Leftovers\n|upkeep\n|turn|3\n|\n|t:|1700500477\n|move|p2a: Still Decent|Behemoth Blade|p1a: Groudon\n|-damage|p1a: Groudon|27\/100\n|move|p1a: Groudon|Earthquake|p2a: Still Decent\n|-supereffective|p2a: Still Decent\n|-end|p2a: Still Decent|Substitute\n|\n|-weather|SunnyDay|[upkeep]\n|-heal|p1a: Groudon|33\/100|[from] item: Leftovers\n|upkeep\n|turn|4\n|\n|t:|1700500482\n|move|p1a: Groudon|Protect|p1a: Groudon\n|-singleturn|p1a: Groudon|Protect\n|move|p2a: Still Decent|Play Rough|p1a: Groudon\n|-activate|p1a: Groudon|move: Protect\n|\n|-weather|SunnyDay|[upkeep]\n|-heal|p1a: Groudon|40\/100|[from] item: Leftovers\n|upkeep\n|turn|5\n|\n|t:|1700500487\n|move|p2a: Still Decent|Behemoth Blade|p1a: Groudon\n|-damage|p1a: Groudon|0 fnt\n|faint|p1a: Groudon\n|\n|-weather|SunnyDay|[upkeep]\n|upkeep\n|\n|t:|1700500494\n|switch|p1a: Koraidon|Koraidon|100\/100\n|-activate|p1a: Koraidon|ability: Orichalcum Pulse\n|turn|6\n|\n|t:|1700500501\n|move|p1a: Koraidon|Flare Blitz|p2a: Still Decent\n|-supereffective|p2a: Still Decent\n|-damage|p2a: Still Decent|0 fnt\n|faint|p2a: Still Decent\n|-damage|p1a: Koraidon|77\/100|[from] Recoil\n|\n|-weather|none\n|upkeep\n|\n|t:|1700500506\n|switch|p2a: Ban me|Arceus-Ground|100\/100\n|-activate|p2a: Ban me|move: Sticky Web\n|-unboost|p2a: Ban me|spe|1\n|turn|7\n|\n|t:|1700500514\n|switch|p1a: Ribombee|Ribombee, F|100\/100\n|move|p2a: Ban me|Stealth Rock|p1a: Ribombee\n|-sidestart|p1: starvinrizleschild|move: Stealth Rock\n|\n|upkeep\n|turn|8\n|\n|t:|1700500518\n|switch|p2a: I\u2019m allowed smh|Miraidon|100\/100\n|-activate|p2a: I\u2019m allowed smh|move: Sticky Web\n|-unboost|p2a: I\u2019m allowed smh|spe|1\n|-fieldstart|move: Electric Terrain|[from] ability: Hadron Engine|[of] p2a: I\u2019m allowed smh\n|move|p1a: Ribombee|Stun Spore|p2a: I\u2019m allowed smh\n|-immune|p2a: I\u2019m allowed smh\n|\n|upkeep\n|turn|9\n|\n|t:|1700500529\n|move|p2a: I\u2019m allowed smh|Electro Drift|p1a: Ribombee\n|-enditem|p1a: Ribombee|Focus Sash\n|-damage|p1a: Ribombee|1\/100\n|move|p1a: Ribombee|Moonblast|p2a: I\u2019m allowed smh\n|-supereffective|p2a: I\u2019m allowed smh\n|-damage|p2a: I\u2019m allowed smh|30\/100\n|\n|upkeep\n|turn|10\n|\n|t:|1700500537\n|move|p2a: I\u2019m allowed smh|Electro Drift|p1a: Ribombee\n|-damage|p1a: Ribombee|0 fnt\n|faint|p1a: Ribombee\n|\n|upkeep\n|c|\u2606tekken_is_life|Makes no sense\n|\n|t:|1700500546\n|switch|p1a: Koraidon|Koraidon|77\/100\n|-damage|p1a: Koraidon|71\/100|[from] Stealth Rock\n|-weather|SunnyDay|[from] ability: Orichalcum Pulse|[of] p1a: Koraidon\n|-activate|p1a: Koraidon|Orichalcum Pulse|[source]\n|turn|11\n|c|\u2606tekken_is_life|scarf koridon on sticky web\n|\n|t:|1700500558\n|move|p1a: Koraidon|Dragon Claw|p2a: I\u2019m allowed smh\n|-supereffective|p2a: I\u2019m allowed smh\n|-damage|p2a: I\u2019m allowed smh|0 fnt\n|faint|p2a: I\u2019m allowed smh\n|\n|-weather|SunnyDay|[upkeep]\n|upkeep\n|\n|t:|1700500563\n|switch|p2a: Poke Ace|Iron Bundle|100\/100\n|-activate|p2a: Poke Ace|ability: Quark Drive\n|-start|p2a: Poke Ace|quarkdrivespe\n|turn|12\n|\n|t:|1700500569\n|move|p2a: Poke Ace|Freeze-Dry|p1a: Koraidon\n|-supereffective|p1a: Koraidon\n|-damage|p1a: Koraidon|0 fnt\n|faint|p1a: Koraidon\n|\n|-weather|SunnyDay|[upkeep]\n|-fieldend|move: Electric Terrain\n|-end|p2a: Poke Ace|Quark Drive\n|upkeep\n|\n|t:|1700500586\n|switch|p1a: Arceus|Arceus|100\/100\n|-damage|p1a: Arceus|88\/100|[from] Stealth Rock\n|turn|13\n|\n|t:|1700500595\n|move|p2a: Poke Ace|Substitute|p2a: Poke Ace\n|-start|p2a: Poke Ace|Substitute\n|-damage|p2a: Poke Ace|76\/100\n|move|p1a: Arceus|Swords Dance|p1a: Arceus\n|-boost|p1a: Arceus|atk|2\n|\n|-weather|SunnyDay|[upkeep]\n|upkeep\n|turn|14\n|\n|t:|1700500600\n|move|p1a: Arceus|Extreme Speed|p2a: Poke Ace\n|-end|p2a: Poke Ace|Substitute\n|move|p2a: Poke Ace|Encore|p1a: Arceus\n|-start|p1a: Arceus|Encore\n|\n|-weather|SunnyDay|[upkeep]\n|upkeep\n|turn|15\n|\n|t:|1700500602\n|-end|p2a: Poke Ace|Quark Drive|[silent]\n|switch|p2a: Skeledirge|Skeledirge, M|100\/100\n|move|p1a: Arceus|Extreme Speed|p2a: Skeledirge\n|-immune|p2a: Skeledirge\n|\n|-weather|none\n|upkeep\n|turn|16\n|\n|t:|1700500607\n|switch|p1a: Mewtwo|Mewtwo, shiny|100\/100\n|-damage|p1a: Mewtwo|88\/100|[from] Stealth Rock\n|-ability|p1a: Mewtwo|Pressure\n|move|p2a: Skeledirge|Torch Song|p1a: Mewtwo\n|-damage|p1a: Mewtwo|59\/100\n|-boost|p2a: Skeledirge|spa|1\n|\n|upkeep\n|turn|17\n|\n|t:|1700500616\n|switch|p2a: Poke Ace|Iron Bundle|76\/100\n|move|p1a: Mewtwo|Psystrike|p2a: Poke Ace\n|-damage|p2a: Poke Ace|0 fnt\n|faint|p2a: Poke Ace\n|-end|p2a: Poke Ace|Quark Drive|[silent]\n|-damage|p1a: Mewtwo|49\/100|[from] item: Life Orb\n|\n|upkeep\n|\n|t:|1700500638\n|switch|p2a: Ban me|Arceus-Ground|100\/100\n|-activate|p2a: Ban me|move: Sticky Web\n|-unboost|p2a: Ban me|spe|1\n|turn|18\n|\n|t:|1700500643\n|move|p2a: Ban me|Extreme Speed|p1a: Mewtwo\n|-damage|p1a: Mewtwo|18\/100\n|move|p1a: Mewtwo|Ice Beam|p2a: Ban me\n|-supereffective|p2a: Ban me\n|-damage|p2a: Ban me|39\/100\n|-damage|p1a: Mewtwo|8\/100|[from] item: Life Orb\n|\n|upkeep\n|turn|19\n|\n|t:|1700500649\n|move|p1a: Mewtwo|Ice Beam|p2a: Ban me\n|-supereffective|p2a: Ban me\n|-damage|p2a: Ban me|0 fnt\n|faint|p2a: Ban me\n|-damage|p1a: Mewtwo|0 fnt|[from] item: Life Orb\n|faint|p1a: Mewtwo\n|\n|upkeep\n|\n|t:|1700500659\n|switch|p1a: Arceus|Arceus|88\/100\n|switch|p2a: Stall Bad Lol|Rayquaza|100\/100\n|-damage|p1a: Arceus|76\/100|[from] Stealth Rock\n|-ability|p2a: Stall Bad Lol|Air Lock\n|turn|20\n|\n|t:|1700500666\n|move|p1a: Arceus|Extreme Speed|p2a: Stall Bad Lol\n|-damage|p2a: Stall Bad Lol|42\/100\n|move|p2a: Stall Bad Lol|Dragon Ascent|p1a: Arceus\n|-damage|p1a: Arceus|9\/100\n|-unboost|p2a: Stall Bad Lol|def|1\n|-unboost|p2a: Stall Bad Lol|spd|1\n|-damage|p2a: Stall Bad Lol|32\/100|[from] item: Life Orb\n|\n|upkeep\n|turn|21\n|\n|t:|1700500673\n|switch|p2a: Skeledirge|Skeledirge, M|100\/100\n|move|p1a: Arceus|Extreme Speed|p2a: Skeledirge\n|-immune|p2a: Skeledirge\n|\n|upkeep\n|turn|22\n|\n|t:|1700500682\n|move|p1a: Arceus|Shadow Claw|p2a: Skeledirge\n|-supereffective|p2a: Skeledirge\n|-damage|p2a: Skeledirge|68\/100\n|move|p2a: Skeledirge|Torch Song|p1a: Arceus\n|-damage|p1a: Arceus|0 fnt\n|-boost|p2a: Skeledirge|spa|1\n|faint|p1a: Arceus\n|\n|upkeep\n|\n|t:|1700500687\n|switch|p1a: Gholdengo|Gholdengo|100\/100\n|-damage|p1a: Gholdengo|94\/100|[from] Stealth Rock\n|-item|p1a: Gholdengo|Air Balloon\n|turn|23\n|\n|t:|1700500705\n|-terastallize|p1a: Gholdengo|Fairy\n|move|p1a: Gholdengo|Shadow Ball|p2a: Skeledirge\n|-supereffective|p2a: Skeledirge\n|-damage|p2a: Skeledirge|0 fnt\n|faint|p2a: Skeledirge\n|\n|upkeep\n|\n|t:|1700500709\n|switch|p2a: Stall Bad Lol|Rayquaza|32\/100\n|-ability|p2a: Stall Bad Lol|Air Lock\n|turn|24\n|\n|t:|1700500714\n|-terastallize|p2a: Stall Bad Lol|Normal\n|move|p1a: Gholdengo|Make It Rain|p2a: Stall Bad Lol\n|-damage|p2a: Stall Bad Lol|0 fnt\n|-unboost|p1a: Gholdengo|spa|1\n|faint|p2a: Stall Bad Lol\n|\n|win|starvinrizleschild\n|raw|starvinrizleschild's rating: 1439 &rarr; <strong>1471<\/strong><br \/>(+32 for winning)\n|raw|tekken_is_life's rating: 1672 &rarr; <strong>1640<\/strong><br \/>(-32 for losing)\n|l|\u2606tekken_is_life\n","uploadtime":1700500743,"views":16,"p1id":"starvinrizleschild","p2id":"tekkenislife","formatid":"gen9ubers","rating":1471,"private":0,"password":""}