{"id":"gen9ubers-1980451184","p1":"pyro's brother","p2":"dabidoodaa","format":"[Gen 9] Ubers","log":"|j|\u2606pyro's brother\n|j|\u2606dabidoodaa\n|t:|1698786129\n|gametype|singles\n|player|p1|pyro's brother|flint|1139\n|player|p2|dabidoodaa|clay|1111\n|teamsize|p1|6\n|teamsize|p2|6\n|gen|9\n|tier|[Gen 9] Ubers\n|rated|\n|rule|Sleep Clause Mod: Limit one foe put to sleep\n|rule|Species Clause: Limit one of each Pok\u00e9mon\n|rule|OHKO Clause: OHKO moves are banned\n|rule|Evasion Items Clause: Evasion items are banned\n|rule|Evasion Moves Clause: Evasion moves are banned\n|rule|Endless Battle Clause: Forcing endless battles is banned\n|rule|HP Percentage Mod: HP is shown in percentages\n|clearpoke\n|poke|p1|Kyogre|\n|poke|p1|Regieleki|\n|poke|p1|Mewtwo|\n|poke|p1|Landorus, M|\n|poke|p1|Zacian-*|\n|poke|p1|Spectrier|\n|poke|p2|Iron Bundle|\n|poke|p2|Ninetales-Alola, F|\n|poke|p2|Forretress, F|\n|poke|p2|Goodra, M|\n|poke|p2|Annihilape, M|\n|poke|p2|Enamorus-Therian, F|\n|teampreview\n|\n|t:|1698786137\n|start\n|switch|p1a: fish|Spectrier|100\/100\n|switch|p2a: babygirl|Ninetales-Alola, F|100\/100\n|-weather|Snow|[from] ability: Snow Warning|[of] p2a: babygirl\n|turn|1\n|\n|t:|1698786145\n|move|p1a: fish|Taunt|p2a: babygirl\n|-start|p2a: babygirl|move: Taunt\n|cant|p2a: babygirl|move: Taunt|Aurora Veil\n|\n|-weather|Snow|[upkeep]\n|upkeep\n|turn|2\n|\n|t:|1698786172\n|switch|p1a: OUCH|Regieleki|100\/100\n|switch|p2a: sasuke|Annihilape, M|100\/100\n|\n|-weather|Snow|[upkeep]\n|upkeep\n|turn|3\n|\n|t:|1698786183\n|move|p1a: OUCH|Light Screen|p1a: OUCH\n|-sidestart|p1: pyro's brother|move: Light Screen\n|move|p2a: sasuke|U-turn|p1a: OUCH\n|-damage|p1a: OUCH|65\/100\n|\n|t:|1698786191\n|switch|p2a: Teeth (2007)|Forretress, F|100\/100|[from] U-turn\n|\n|-weather|Snow|[upkeep]\n|upkeep\n|turn|4\n|\n|t:|1698786197\n|move|p1a: OUCH|Reflect|p1a: OUCH\n|-sidestart|p1: pyro's brother|Reflect\n|move|p2a: Teeth (2007)|Toxic Spikes|p1a: OUCH\n|-sidestart|p1: pyro's brother|move: Toxic Spikes\n|\n|-weather|Snow|[upkeep]\n|upkeep\n|turn|5\n|\n|t:|1698786202\n|move|p1a: OUCH|Rapid Spin|p2a: Teeth (2007)\n|-resisted|p2a: Teeth (2007)\n|-damage|p2a: Teeth (2007)|98\/100\n|-boost|p1a: OUCH|spe|1\n|-sideend|p1: pyro's brother|Toxic Spikes|[from] move: Rapid Spin|[of] p1a: OUCH\n|move|p2a: Teeth (2007)|Rapid Spin|p1a: OUCH\n|-crit|p1a: OUCH\n|-damage|p1a: OUCH|39\/100\n|-boost|p2a: Teeth (2007)|spe|1\n|\n|-weather|none\n|-heal|p2a: Teeth (2007)|100\/100|[from] item: Leftovers\n|upkeep\n|turn|6\n|\n|t:|1698786216\n|move|p1a: OUCH|Volt Switch|p2a: Teeth (2007)\n|-damage|p2a: Teeth (2007)|55\/100\n|\n|t:|1698786228\n|switch|p1a: creamy|Mewtwo|100\/100|[from] Volt Switch\n|-ability|p1a: creamy|Pressure\n|move|p2a: Teeth (2007)|Toxic Spikes|p1a: creamy\n|-sidestart|p1: pyro's brother|move: Toxic Spikes\n|\n|-heal|p2a: Teeth (2007)|62\/100|[from] item: Leftovers\n|upkeep\n|turn|7\n|inactive|Battle timer is ON: inactive players will automatically lose when time's up. (requested by dabidoodaa)\n|c|\u2606pyro's brother|be patient\n|inactive|dabidoodaa has 120 seconds left.\n|\n|t:|1698786265\n|switch|p2a: babygirl|Ninetales-Alola, F|100\/100\n|-weather|Snow|[from] ability: Snow Warning|[of] p2a: babygirl\n|move|p1a: creamy|Thunder Wave|p2a: babygirl\n|-status|p2a: babygirl|par\n|\n|-weather|Snow|[upkeep]\n|upkeep\n|turn|8\n|\n|t:|1698786278\n|-terastallize|p1a: creamy|Fire\n|move|p1a: creamy|Calm Mind|p1a: creamy\n|-boost|p1a: creamy|spa|1\n|-boost|p1a: creamy|spd|1\n|cant|p2a: babygirl|par\n|\n|-weather|Snow|[upkeep]\n|upkeep\n|turn|9\n|\n|t:|1698786287\n|move|p1a: creamy|Fire Blast|p2a: babygirl\n|-supereffective|p2a: babygirl\n|-damage|p2a: babygirl|0 fnt\n|faint|p2a: babygirl\n|-damage|p1a: creamy|91\/100|[from] item: Life Orb\n|\n|-weather|Snow|[upkeep]\n|upkeep\n|\n|t:|1698786293\n|switch|p2a: sasuke|Annihilape, M|100\/100\n|turn|10\n|\n|t:|1698786297\n|move|p1a: creamy|Psystrike|p2a: sasuke\n|-supereffective|p2a: sasuke\n|-damage|p2a: sasuke|0 fnt\n|faint|p2a: sasuke\n|-damage|p1a: creamy|81\/100|[from] item: Life Orb\n|\n|-weather|Snow|[upkeep]\n|-sideend|p1: pyro's brother|move: Light Screen\n|upkeep\n|\n|t:|1698786304\n|switch|p2a: robot mailman|Iron Bundle|100\/100\n|turn|11\n|\n|t:|1698786309\n|move|p1a: creamy|Psystrike|p2a: robot mailman\n|-damage|p2a: robot mailman|25\/100\n|-damage|p1a: creamy|71\/100|[from] item: Life Orb\n|move|p2a: robot mailman|Hydro Pump|p1a: creamy|[miss]\n|-miss|p2a: robot mailman|p1a: creamy\n|\n|-weather|none\n|-sideend|p1: pyro's brother|Reflect\n|upkeep\n|turn|12\n|\n|t:|1698786318\n|move|p1a: creamy|Psystrike|p2a: robot mailman\n|-damage|p2a: robot mailman|0 fnt\n|faint|p2a: robot mailman\n|-end|p2a: robot mailman|Quark Drive|[silent]\n|-damage|p1a: creamy|61\/100|[from] item: Life Orb\n|\n|upkeep\n|c|\u2606pyro's brother|weave\n|\n|t:|1698786330\n|switch|p2a: mama|Goodra, M|100\/100\n|turn|13\n|\n|t:|1698786335\n|move|p1a: creamy|Thunder Wave|p2a: mama\n|-status|p2a: mama|par\n|cant|p2a: mama|par\n|\n|upkeep\n|turn|14\n|\n|t:|1698786340\n|move|p1a: creamy|Calm Mind|p1a: creamy\n|-boost|p1a: creamy|spa|1\n|-boost|p1a: creamy|spd|1\n|move|p2a: mama|Hydro Pump|p1a: creamy\n|-supereffective|p1a: creamy\n|-damage|p1a: creamy|22\/100\n|\n|upkeep\n|turn|15\n|\n|t:|1698786347\n|move|p1a: creamy|Psystrike|p2a: mama\n|-damage|p2a: mama|0 fnt\n|faint|p2a: mama\n|-damage|p1a: creamy|12\/100|[from] item: Life Orb\n|\n|upkeep\n|\n|t:|1698786353\n|switch|p2a: ugly|Enamorus-Therian, F|100\/100\n|turn|16\n|c|\u2606pyro's brother|fortress sweep?\n|\n|t:|1698786370\n|move|p1a: creamy|Psystrike|p2a: ugly\n|-damage|p2a: ugly|0 fnt\n|faint|p2a: ugly\n|-damage|p1a: creamy|2\/100|[from] item: Life Orb\n|\n|upkeep\n|\n|t:|1698786375\n|switch|p2a: Teeth (2007)|Forretress, F|62\/100\n|turn|17\n|c|\u2606pyro's brother|comeback time?\n|\n|t:|1698786386\n|move|p1a: creamy|Fire Blast|p2a: Teeth (2007)\n|-supereffective|p2a: Teeth (2007)\n|-damage|p2a: Teeth (2007)|0 fnt\n|faint|p2a: Teeth (2007)\n|-damage|p1a: creamy|0 fnt|[from] item: Life Orb\n|faint|p1a: creamy\n|\n|win|pyro's brother\n|raw|pyro&apos;s brother's rating: 1139 &rarr; <strong>1162<\/strong><br \/>(+23 for winning)\n|raw|dabidoodaa's rating: 1111 &rarr; <strong>1088<\/strong><br \/>(-23 for losing)\n|c|\u2606pyro's brother|dang\n|l|\u2606dabidoodaa\n","uploadtime":1698786398,"views":11,"p1id":"pyrosbrother","p2id":"dabidoodaa","formatid":"gen9ubers","rating":1088,"private":0,"password":""}