{"id":"gen9ubers-1968925493","p1":"AlicieLizzie","p2":"VikrThe","format":"[Gen 9] Ubers","log":"|j|\u2606AlicieLizzie\n|j|\u2606VikrThe\n|t:|1697475935\n|gametype|singles\n|player|p1|AlicieLizzie|marnie-masters3|\n|player|p2|VikrThe|2|\n|teamsize|p1|6\n|teamsize|p2|6\n|gen|9\n|tier|[Gen 9] Ubers\n|rule|Sleep Clause Mod: Limit one foe put to sleep\n|rule|Species Clause: Limit one of each Pok\u00e9mon\n|rule|OHKO Clause: OHKO moves are banned\n|rule|Evasion Items Clause: Evasion items are banned\n|rule|Evasion Moves Clause: Evasion moves are banned\n|rule|Endless Battle Clause: Forcing endless battles is banned\n|rule|HP Percentage Mod: HP is shown in percentages\n|clearpoke\n|poke|p1|Cyclizar, M|\n|poke|p1|Zacian-*|\n|poke|p1|Garchomp, M|\n|poke|p1|Kommo-o, M|\n|poke|p1|Magearna|\n|poke|p1|Arceus-Poison|\n|poke|p2|Cyclizar, M|\n|poke|p2|Palkia-Origin|\n|poke|p2|Pincurchin, F|\n|poke|p2|Iron Valiant|\n|poke|p2|Magearna|\n|poke|p2|Sneasler, F|\n|teampreview\n|\n|t:|1697475944\n|start\n|switch|p1a: SPIN|Cyclizar, M|100\/100\n|switch|p2a: Pincurchin|Pincurchin, F|100\/100\n|-fieldstart|move: Electric Terrain|[from] ability: Electric Surge|[of] p2a: Pincurchin\n|turn|1\n|\n|t:|1697475959\n|switch|p2a: Sneasler|Sneasler, F|100\/100\n|-enditem|p2a: Sneasler|Electric Seed\n|-boost|p2a: Sneasler|def|1|[from] item: Electric Seed\n|move|p1a: SPIN|Shed Tail|p1a: SPIN\n|-start|p1a: SPIN|Substitute|[from] move: Shed Tail\n|-damage|p1a: SPIN|50\/100\n|\n|t:|1697475966\n|switch|p1a: Cynthia's Revenge|Garchomp, M|100\/100|[from] Shed Tail\n|\n|upkeep\n|turn|2\n|\n|t:|1697475980\n|-terastallize|p2a: Sneasler|Dark\n|move|p2a: Sneasler|Acrobatics|p1a: Cynthia's Revenge\n|-end|p1a: Cynthia's Revenge|Substitute\n|move|p1a: Cynthia's Revenge|Swords Dance|p1a: Cynthia's Revenge\n|-boost|p1a: Cynthia's Revenge|atk|2\n|\n|upkeep\n|turn|3\n|\n|t:|1697475989\n|move|p2a: Sneasler|Close Combat|p1a: Cynthia's Revenge\n|-damage|p1a: Cynthia's Revenge|36\/100\n|-unboost|p2a: Sneasler|def|1\n|-unboost|p2a: Sneasler|spd|1\n|-damage|p2a: Sneasler|88\/100|[from] ability: Rough Skin|[of] p1a: Cynthia's Revenge\n|move|p1a: Cynthia's Revenge|Scale Shot|p2a: Sneasler\n|-damage|p2a: Sneasler|41\/100\n|-damage|p2a: Sneasler|0 fnt\n|faint|p2a: Sneasler\n|-hitcount|p2: Sneasler|2\n|-unboost|p1a: Cynthia's Revenge|def|1\n|-boost|p1a: Cynthia's Revenge|spe|1\n|\n|upkeep\n|\n|t:|1697476009\n|switch|p2a: Iron Valiant|Iron Valiant|100\/100\n|-activate|p2a: Iron Valiant|ability: Quark Drive\n|-start|p2a: Iron Valiant|quarkdrivespe\n|turn|4\n|\n|t:|1697476018\n|move|p2a: Iron Valiant|Moonblast|p1a: Cynthia's Revenge\n|-supereffective|p1a: Cynthia's Revenge\n|-damage|p1a: Cynthia's Revenge|0 fnt\n|faint|p1a: Cynthia's Revenge\n|\n|upkeep\n|\n|t:|1697476023\n|switch|p1a: halt|Magearna|100\/100\n|turn|5\n|\n|t:|1697476028\n|-end|p2a: Iron Valiant|Quark Drive|[silent]\n|switch|p2a: Cyclizar|Cyclizar, M|100\/100\n|move|p1a: halt|Thunder Wave|p2a: Cyclizar\n|-status|p2a: Cyclizar|par\n|\n|upkeep\n|turn|6\n|\n|t:|1697476039\n|move|p2a: Cyclizar|Shed Tail|p2a: Cyclizar\n|-start|p2a: Cyclizar|Substitute|[from] move: Shed Tail\n|-damage|p2a: Cyclizar|50\/100 par\n|\n|t:|1697476047\n|switch|p2a: Iron Valiant|Iron Valiant|100\/100|[from] Shed Tail\n|-activate|p2a: Iron Valiant|ability: Quark Drive\n|-start|p2a: Iron Valiant|quarkdrivespe\n|move|p1a: halt|Calm Mind|p1a: halt\n|-boost|p1a: halt|spa|1\n|-boost|p1a: halt|spd|1\n|\n|upkeep\n|turn|7\n|\n|t:|1697476054\n|move|p2a: Iron Valiant|Trick|p1a: halt\n|-activate|p2a: Iron Valiant|move: Trick|[of] p1a: halt\n|-item|p1a: halt|Choice Specs|[from] move: Trick\n|-item|p2a: Iron Valiant|Leftovers|[from] move: Trick\n|move|p1a: halt|Fleur Cannon|p2a: Iron Valiant\n|-supereffective|p2a: Iron Valiant\n|-end|p2a: Iron Valiant|Substitute\n|-unboost|p1a: halt|spa|2\n|\n|upkeep\n|turn|8\n|\n|t:|1697476065\n|move|p2a: Iron Valiant|Aura Sphere|p1a: halt\n|-damage|p1a: halt|79\/100\n|move|p1a: halt|Fleur Cannon|p2a: Iron Valiant\n|-supereffective|p2a: Iron Valiant\n|-damage|p2a: Iron Valiant|0 fnt\n|-unboost|p1a: halt|spa|2\n|faint|p2a: Iron Valiant\n|-ability|p1a: halt|Soul-Heart|boost\n|-boost|p1a: halt|spa|1\n|-end|p2a: Iron Valiant|Quark Drive|[silent]\n|\n|-fieldend|move: Electric Terrain\n|upkeep\n|\n|t:|1697476072\n|switch|p2a: Pincurchin|Pincurchin, F|100\/100\n|-fieldstart|move: Electric Terrain|[from] ability: Electric Surge|[of] p2a: Pincurchin\n|turn|9\n|\n|t:|1697476080\n|switch|p1a: SPIN|Cyclizar, M|83\/100\n|move|p2a: Pincurchin|Memento|p1a: SPIN\n|-unboost|p1a: SPIN|atk|2\n|-unboost|p1a: SPIN|spa|2\n|faint|p2a: Pincurchin\n|\n|upkeep\n|\n|t:|1697476092\n|switch|p2a: Cyclizar|Cyclizar, M|84\/100 par\n|turn|10\n|\n|t:|1697476095\n|move|p1a: SPIN|Shed Tail|p1a: SPIN\n|-start|p1a: SPIN|Substitute|[from] move: Shed Tail\n|-damage|p1a: SPIN|33\/100\n|\n|t:|1697476097\n|switch|p1a: RAHHHH|Kommo-o, M|100\/100|[from] Shed Tail\n|move|p2a: Cyclizar|Shed Tail|p2a: Cyclizar\n|-start|p2a: Cyclizar|Substitute|[from] move: Shed Tail\n|-damage|p2a: Cyclizar|33\/100 par\n|\n|t:|1697476107\n|switch|p2a: Palkia|Palkia-Origin|100\/100|[from] Shed Tail\n|-ability|p2a: Palkia|Pressure\n|\n|upkeep\n|turn|11\n|\n|t:|1697476112\n|move|p2a: Palkia|Spacial Rend|p1a: RAHHHH\n|-supereffective|p1a: RAHHHH\n|-end|p1a: RAHHHH|Substitute\n|move|p1a: RAHHHH|Clangorous Soul|p1a: RAHHHH\n|-boost|p1a: RAHHHH|atk|1\n|-boost|p1a: RAHHHH|def|1\n|-boost|p1a: RAHHHH|spa|1\n|-boost|p1a: RAHHHH|spd|1\n|-boost|p1a: RAHHHH|spe|1\n|-damage|p1a: RAHHHH|68\/100\n|-enditem|p1a: RAHHHH|Throat Spray\n|-boost|p1a: RAHHHH|spa|1|[from] item: Throat Spray\n|\n|upkeep\n|turn|12\n|\n|t:|1697476121\n|move|p1a: RAHHHH|Clangorous Soul|p1a: RAHHHH\n|-boost|p1a: RAHHHH|atk|1\n|-boost|p1a: RAHHHH|def|1\n|-boost|p1a: RAHHHH|spa|1\n|-boost|p1a: RAHHHH|spd|1\n|-boost|p1a: RAHHHH|spe|1\n|-damage|p1a: RAHHHH|35\/100\n|move|p2a: Palkia|Spacial Rend|p1a: RAHHHH\n|-supereffective|p1a: RAHHHH\n|-crit|p1a: RAHHHH\n|-damage|p1a: RAHHHH|0 fnt\n|faint|p1a: RAHHHH\n|\n|upkeep\n|c|\u2606AlicieLizzie|misclick <\/3\n|\n|t:|1697476133\n|switch|p1a: gabriel canine|Zacian|100\/100\n|-ability|p1a: gabriel canine|Intrepid Sword|boost\n|-boost|p1a: gabriel canine|atk|1\n|turn|13\n|c|\u2606VikrThe|Oof\n|c|\u2606VikrThe|I was terrified bc I remembered that clanging scales is a sound move\n|\n|t:|1697476164\n|move|p1a: gabriel canine|Play Rough|p2a: Palkia\n|-supereffective|p2a: Palkia\n|-end|p2a: Palkia|Substitute\n|move|p2a: Palkia|Hydro Pump|p1a: gabriel canine\n|-damage|p1a: gabriel canine|28\/100\n|\n|upkeep\n|turn|14\n|c|\u2606AlicieLizzie|yeah that's the gimmick\n|\n|t:|1697476175\n|switch|p2a: Magearna|Magearna|100\/100\n|move|p1a: gabriel canine|Play Rough|p2a: Magearna\n|-resisted|p2a: Magearna\n|-damage|p2a: Magearna|62\/100\n|\n|-heal|p2a: Magearna|68\/100|[from] item: Leftovers\n|upkeep\n|turn|15\n|\n|t:|1697476193\n|switch|p1a: the zacian counter|Arceus-Poison|100\/100\n|move|p2a: Magearna|Flash Cannon|p1a: the zacian counter\n|-damage|p1a: the zacian counter|63\/100\n|\n|-heal|p2a: Magearna|74\/100|[from] item: Leftovers\n|upkeep\n|turn|16\n|\n|t:|1697476198\n|move|p1a: the zacian counter|Earthquake|p2a: Magearna\n|-supereffective|p2a: Magearna\n|-damage|p2a: Magearna|11\/100\n|move|p2a: Magearna|Calm Mind|p2a: Magearna\n|-boost|p2a: Magearna|spa|1\n|-boost|p2a: Magearna|spd|1\n|\n|-heal|p2a: Magearna|17\/100|[from] item: Leftovers\n|-fieldend|move: Electric Terrain\n|upkeep\n|turn|17\n|\n|t:|1697476202\n|move|p1a: the zacian counter|Earthquake|p2a: Magearna\n|-supereffective|p2a: Magearna\n|-damage|p2a: Magearna|0 fnt\n|faint|p2a: Magearna\n|\n|upkeep\n|\n|t:|1697476211\n|switch|p2a: Cyclizar|Cyclizar, M|67\/100 par\n|turn|18\n|\n|t:|1697476221\n|move|p1a: the zacian counter|Gunk Shot|p2a: Cyclizar|[miss]\n|-miss|p1a: the zacian counter|p2a: Cyclizar\n|move|p2a: Cyclizar|Shed Tail|p2a: Cyclizar\n|-start|p2a: Cyclizar|Substitute|[from] move: Shed Tail\n|-damage|p2a: Cyclizar|17\/100 par\n|c|\u2606AlicieLizzie|fuck\n|\n|t:|1697476230\n|switch|p2a: Palkia|Palkia-Origin|100\/100|[from] Shed Tail\n|-ability|p2a: Palkia|Pressure\n|\n|upkeep\n|turn|19\n|\n|t:|1697476235\n|move|p2a: Palkia|Hydro Pump|p1a: the zacian counter\n|-damage|p1a: the zacian counter|7\/100\n|move|p1a: the zacian counter|Gunk Shot|p2a: Palkia\n|-end|p2a: Palkia|Substitute\n|\n|upkeep\n|turn|20\n|\n|t:|1697476245\n|move|p2a: Palkia|Hydro Pump|p1a: the zacian counter|[miss]\n|-miss|p2a: Palkia|p1a: the zacian counter\n|move|p1a: the zacian counter|Recover|p1a: the zacian counter\n|-heal|p1a: the zacian counter|57\/100\n|\n|upkeep\n|turn|21\n|\n|t:|1697476249\n|move|p2a: Palkia|Hydro Pump|p1a: the zacian counter\n|-damage|p1a: the zacian counter|0 fnt\n|faint|p1a: the zacian counter\n|\n|upkeep\n|c|\u2606AlicieLizzie|huge\n|c|\u2606AlicieLizzie|nvm\n|\n|t:|1697476257\n|switch|p1a: gabriel canine|Zacian|28\/100\n|turn|22\n|\n|t:|1697476261\n|move|p1a: gabriel canine|Play Rough|p2a: Palkia\n|-supereffective|p2a: Palkia\n|-damage|p2a: Palkia|0 fnt\n|faint|p2a: Palkia\n|\n|upkeep\n|\n|t:|1697476264\n|switch|p2a: Cyclizar|Cyclizar, M|50\/100 par\n|turn|23\n|c|\u2606VikrThe|Gg\n|\n|t:|1697476275\n|move|p1a: gabriel canine|Play Rough|p2a: Cyclizar\n|-supereffective|p2a: Cyclizar\n|-damage|p2a: Cyclizar|0 fnt\n|faint|p2a: Cyclizar\n|\n|win|AlicieLizzie\n|c|\u2606AlicieLizzie|gg\n|c|\u2606AlicieLizzie|can you post the vod pls\n|c|\u2606VikrThe|Sure\n|l|\u2606AlicieLizzie\n|c|\u2606VikrThe|Where do I post it\n","uploadtime":1697476323,"views":29,"p1id":"alicielizzie","p2id":"vikrthe","formatid":"gen9ubers","rating":0,"private":0,"password":""}