{"id":"gen9ubers-1982832846","p1":"fungoos469","p2":"lionah","format":"[Gen 9] Ubers","log":"|j|\u2606fungoos469\n|j|\u2606lionah\n|t:|1699049341\n|gametype|singles\n|player|p1|fungoos469|169|\n|player|p2|lionah|shauna|\n|teamsize|p1|6\n|teamsize|p2|6\n|gen|9\n|tier|[Gen 9] Ubers\n|rule|Sleep Clause Mod: Limit one foe put to sleep\n|rule|Species Clause: Limit one of each Pok\u00e9mon\n|rule|OHKO Clause: OHKO moves are banned\n|rule|Evasion Items Clause: Evasion items are banned\n|rule|Evasion Moves Clause: Evasion moves are banned\n|rule|Endless Battle Clause: Forcing endless battles is banned\n|rule|HP Percentage Mod: HP is shown in percentages\n|clearpoke\n|poke|p1|Arceus-Fire|\n|poke|p1|Dondozo, M|\n|poke|p1|Shaymin-Sky|\n|poke|p1|Magearna|\n|poke|p1|Palkia-Origin|\n|poke|p1|Zacian-*|\n|poke|p2|Giratina|\n|poke|p2|Chi-Yu|\n|poke|p2|Arceus-Poison|\n|poke|p2|Magearna-Original|\n|poke|p2|Zacian-*|\n|poke|p2|Uxie|\n|teampreview\n|inactive|Battle timer is ON: inactive players will automatically lose when time's up. (requested by lionah)\n|\n|t:|1699049357\n|start\n|switch|p1a: Palkia|Palkia-Origin|100\/100\n|switch|p2a: Uxie|Uxie|100\/100\n|-ability|p1a: Palkia|Pressure\n|turn|1\n|\n|t:|1699049370\n|move|p1a: Palkia|Spacial Rend|p2a: Uxie\n|-damage|p2a: Uxie|59\/100\n|move|p2a: Uxie|Thunder Wave|p1a: Palkia\n|-status|p1a: Palkia|par\n|\n|-heal|p2a: Uxie|65\/100|[from] item: Leftovers\n|upkeep\n|turn|2\n|\n|t:|1699049379\n|move|p2a: Uxie|Stealth Rock|p1a: Palkia\n|-sidestart|p1: fungoos469|move: Stealth Rock\n|move|p1a: Palkia|Spacial Rend|p2a: Uxie\n|-damage|p2a: Uxie|20\/100\n|\n|-heal|p2a: Uxie|26\/100|[from] item: Leftovers\n|upkeep\n|turn|3\n|\n|t:|1699049386\n|switch|p2a: Magearna|Magearna-Original|100\/100\n|cant|p1a: Palkia|par\n|\n|upkeep\n|turn|4\n|\n|t:|1699049395\n|switch|p1a: Magearna|Magearna|100\/100\n|-damage|p1a: Magearna|94\/100|[from] Stealth Rock\n|move|p2a: Magearna|Fleur Cannon|p1a: Magearna\n|-resisted|p1a: Magearna\n|-damage|p1a: Magearna|70\/100\n|-unboost|p2a: Magearna|spa|2\n|\n|-heal|p1a: Magearna|76\/100|[from] item: Leftovers\n|upkeep\n|turn|5\n|\n|t:|1699049407\n|move|p2a: Magearna|Volt Switch|p1a: Magearna\n|-damage|p1a: Magearna|68\/100\n|\n|t:|1699049413\n|switch|p2a: Uxie|Uxie|26\/100|[from] Volt Switch\n|move|p1a: Magearna|Thunder Wave|p2a: Uxie\n|-status|p2a: Uxie|par\n|\n|-heal|p1a: Magearna|74\/100|[from] item: Leftovers\n|-heal|p2a: Uxie|33\/100 par|[from] item: Leftovers\n|upkeep\n|turn|6\n|\n|t:|1699049422\n|move|p1a: Magearna|Dazzling Gleam|p2a: Uxie\n|-damage|p2a: Uxie|4\/100 par\n|move|p2a: Uxie|Knock Off|p1a: Magearna\n|-resisted|p1a: Magearna\n|-damage|p1a: Magearna|66\/100\n|-enditem|p1a: Magearna|Leftovers|[from] move: Knock Off|[of] p2a: Uxie\n|\n|-heal|p2a: Uxie|11\/100 par|[from] item: Leftovers\n|upkeep\n|turn|7\n|\n|t:|1699049430\n|move|p1a: Magearna|Dazzling Gleam|p2a: Uxie\n|-damage|p2a: Uxie|0 fnt\n|faint|p2a: Uxie\n|-ability|p1a: Magearna|Soul-Heart|boost\n|-boost|p1a: Magearna|spa|1\n|\n|upkeep\n|\n|t:|1699049438\n|switch|p2a: Chi-Yu|Chi-Yu|100\/100\n|-ability|p2a: Chi-Yu|Beads of Ruin\n|turn|8\n|\n|t:|1699049459\n|switch|p1a: Dondozo|Dondozo, M|100\/100\n|-damage|p1a: Dondozo|88\/100|[from] Stealth Rock\n|move|p2a: Chi-Yu|Flamethrower|p1a: Dondozo\n|-resisted|p1a: Dondozo\n|-damage|p1a: Dondozo|38\/100\n|\n|-heal|p1a: Dondozo|44\/100|[from] item: Leftovers\n|upkeep\n|turn|9\n|\n|t:|1699049472\n|move|p2a: Chi-Yu|Flamethrower|p1a: Dondozo\n|-resisted|p1a: Dondozo\n|-damage|p1a: Dondozo|0 fnt\n|faint|p1a: Dondozo\n|\n|upkeep\n|\n|t:|1699049477\n|switch|p1a: Zacian|Zacian|100\/100\n|-damage|p1a: Zacian|88\/100|[from] Stealth Rock\n|-ability|p1a: Zacian|Intrepid Sword|boost\n|-boost|p1a: Zacian|atk|1\n|turn|10\n|\n|t:|1699049492\n|move|p1a: Zacian|Play Rough|p2a: Chi-Yu\n|-damage|p2a: Chi-Yu|0 fnt\n|faint|p2a: Chi-Yu\n|\n|upkeep\n|\n|t:|1699049496\n|switch|p2a: Magearna|Magearna-Original|100\/100\n|turn|11\n|\n|t:|1699049501\n|switch|p1a: Magearna|Magearna|66\/100\n|-damage|p1a: Magearna|60\/100|[from] Stealth Rock\n|move|p2a: Magearna|Thunder Wave|p1a: Magearna|[miss]\n|-miss|p2a: Magearna|p1a: Magearna\n|\n|upkeep\n|turn|12\n|\n|t:|1699049510\n|move|p2a: Magearna|Spikes|p1a: Magearna\n|-sidestart|p1: fungoos469|Spikes\n|move|p1a: Magearna|Spikes|p2a: Magearna\n|-sidestart|p2: lionah|Spikes\n|\n|upkeep\n|turn|13\n|\n|t:|1699049530\n|move|p2a: Magearna|Thunder Wave|p1a: Magearna\n|-status|p1a: Magearna|par\n|move|p1a: Magearna|Spikes|p2a: Magearna\n|-sidestart|p2: lionah|Spikes\n|\n|upkeep\n|turn|14\n|\n|t:|1699049545\n|move|p2a: Magearna|Spikes|p1a: Magearna\n|-sidestart|p1: fungoos469|Spikes\n|cant|p1a: Magearna|par\n|\n|upkeep\n|turn|15\n|\n|t:|1699049551\n|move|p2a: Magearna|Spikes|p1a: Magearna\n|-sidestart|p1: fungoos469|Spikes\n|move|p1a: Magearna|Spikes|p2a: Magearna\n|-sidestart|p2: lionah|Spikes\n|\n|upkeep\n|turn|16\n|\n|t:|1699049559\n|switch|p1a: Zacian|Zacian|88\/100\n|-damage|p1a: Zacian|76\/100|[from] Stealth Rock\n|-damage|p1a: Zacian|51\/100|[from] Spikes\n|move|p2a: Magearna|Thunder Wave|p1a: Zacian\n|-status|p1a: Zacian|par\n|\n|upkeep\n|turn|17\n|\n|t:|1699049574\n|cant|p1a: Zacian|par\n|move|p2a: Magearna|Fleur Cannon|p1a: Zacian\n|-damage|p1a: Zacian|0 fnt\n|-unboost|p2a: Magearna|spa|2\n|faint|p1a: Zacian\n|-ability|p2a: Magearna|Soul-Heart|boost\n|-boost|p2a: Magearna|spa|1\n|\n|upkeep\n|\n|t:|1699049594\n|switch|p1a: Shaymin|Shaymin-Sky, shiny|100\/100\n|turn|18\n|\n|t:|1699049601\n|move|p1a: Shaymin|Earth Power|p2a: Magearna\n|-supereffective|p2a: Magearna\n|-damage|p2a: Magearna|65\/100\n|move|p2a: Magearna|Thunder Wave|p1a: Shaymin\n|-status|p1a: Shaymin|par\n|\n|-heal|p2a: Magearna|71\/100|[from] item: Leftovers\n|upkeep\n|turn|19\n|\n|t:|1699049611\n|cant|p1a: Shaymin|par\n|move|p2a: Magearna|Volt Switch|p1a: Shaymin\n|-damage|p1a: Shaymin|83\/100 par\n|\n|t:|1699049614\n|switch|p2a: Giratina|Giratina|100\/100|[from] Volt Switch\n|-ability|p2a: Giratina|Pressure\n|\n|upkeep\n|turn|20\n|\n|t:|1699049626\n|move|p2a: Giratina|Hex|p1a: Shaymin\n|-damage|p1a: Shaymin|31\/100 par\n|move|p1a: Shaymin|Seed Flare|p2a: Giratina\n|-resisted|p2a: Giratina\n|-damage|p2a: Giratina|83\/100\n|-unboost|p2a: Giratina|spd|2\n|\n|upkeep\n|turn|21\n|\n|t:|1699049641\n|move|p2a: Giratina|Hex|p1a: Shaymin\n|-damage|p1a: Shaymin|0 fnt\n|faint|p1a: Shaymin\n|\n|upkeep\n|\n|t:|1699049647\n|switch|p1a: Palkia|Palkia-Origin|100\/100 par\n|-damage|p1a: Palkia|88\/100 par|[from] Stealth Rock\n|-damage|p1a: Palkia|63\/100 par|[from] Spikes\n|-ability|p1a: Palkia|Pressure\n|turn|22\n|\n|t:|1699049658\n|-terastallize|p1a: Palkia|Water\n|move|p2a: Giratina|Draco Meteor|p1a: Palkia\n|-damage|p1a: Palkia|25\/100 par\n|-unboost|p2a: Giratina|spa|2\n|cant|p1a: Palkia|par\n|\n|upkeep\n|turn|23\n|\n|t:|1699049669\n|switch|p2a: Magearna|Magearna-Original|71\/100\n|-damage|p2a: Magearna|46\/100|[from] Spikes\n|cant|p1a: Palkia|par\n|\n|-heal|p2a: Magearna|52\/100|[from] item: Leftovers\n|upkeep\n|turn|24\n|\n|t:|1699049676\n|cant|p1a: Palkia|par\n|move|p2a: Magearna|Volt Switch|p1a: Palkia\n|-supereffective|p1a: Palkia\n|-damage|p1a: Palkia|0 fnt\n|faint|p1a: Palkia\n|-ability|p2a: Magearna|Soul-Heart|boost\n|-boost|p2a: Magearna|spa|1\n|\n|t:|1699049681\n|switch|p2a: Giratina|Giratina|83\/100|[from] Volt Switch\n|-ability|p2a: Giratina|Pressure\n|\n|upkeep\n|\n|t:|1699049692\n|switch|p1a: Arceus|Arceus-Fire|100\/100\n|-damage|p1a: Arceus|76\/100|[from] Stealth Rock\n|-damage|p1a: Arceus|51\/100|[from] Spikes\n|turn|25\n|\n|t:|1699049698\n|move|p1a: Arceus|Recover|p1a: Arceus\n|-heal|p1a: Arceus|100\/100\n|move|p2a: Giratina|Thunder Wave|p1a: Arceus\n|-status|p1a: Arceus|par\n|\n|upkeep\n|turn|26\n|\n|t:|1699049704\n|move|p2a: Giratina|Hex|p1a: Arceus\n|-damage|p1a: Arceus|64\/100 par\n|move|p1a: Arceus|Dragon Dance|p1a: Arceus\n|-boost|p1a: Arceus|atk|1\n|-boost|p1a: Arceus|spe|1\n|\n|upkeep\n|turn|27\n|\n|t:|1699049720\n|cant|p1a: Arceus|par\n|move|p2a: Giratina|Hex|p1a: Arceus\n|-damage|p1a: Arceus|31\/100 par\n|\n|upkeep\n|turn|28\n|\n|t:|1699049727\n|move|p1a: Arceus|Recover|p1a: Arceus\n|-heal|p1a: Arceus|82\/100 par\n|move|p2a: Giratina|Hex|p1a: Arceus\n|-damage|p1a: Arceus|47\/100 par\n|\n|upkeep\n|turn|29\n|\n|t:|1699049733\n|cant|p1a: Arceus|par\n|move|p2a: Giratina|Hex|p1a: Arceus\n|-crit|p1a: Arceus\n|-damage|p1a: Arceus|0 fnt\n|faint|p1a: Arceus\n|\n|upkeep\n|\n|t:|1699049740\n|switch|p1a: Magearna|Magearna|60\/100 par\n|-damage|p1a: Magearna|54\/100 par|[from] Stealth Rock\n|-damage|p1a: Magearna|29\/100 par|[from] Spikes\n|turn|30\n|\n|t:|1699049745\n|move|p2a: Giratina|Hex|p1a: Magearna\n|-damage|p1a: Magearna|0 fnt\n|faint|p1a: Magearna\n|\n|win|lionah\n|c|\u2606lionah|gg\n|c|\u2606fungoos469|gg\n|l|\u2606fungoos469\n|j|\u2606fungoos469\n|player|p1|fungoos469|169\n|l|\u2606lionah\n","uploadtime":1699049752,"views":22,"p1id":"fungoos469","p2id":"lionah","formatid":"gen9ubers","rating":0,"private":0,"password":""}