{"id":"gen9ubers-1991949066","p1":"Jaiko11MS","p2":"rihihi","format":"[Gen 9] Ubers","log":"|j|\u2606Jaiko11MS\n|j|\u2606rihihi\n|t:|1700141577\n|gametype|singles\n|player|p1|Jaiko11MS|clown|1000\n|player|p2|rihihi|psychic|1000\n|teamsize|p1|6\n|teamsize|p2|6\n|gen|9\n|tier|[Gen 9] Ubers\n|rated|\n|rule|Sleep Clause Mod: Limit one foe put to sleep\n|rule|Species Clause: Limit one of each Pok\u00e9mon\n|rule|OHKO Clause: OHKO moves are banned\n|rule|Evasion Items Clause: Evasion items are banned\n|rule|Evasion Moves Clause: Evasion moves are banned\n|rule|Endless Battle Clause: Forcing endless battles is banned\n|rule|HP Percentage Mod: HP is shown in percentages\n|clearpoke\n|poke|p1|Palafin, M|\n|poke|p1|Ribombee, M|\n|poke|p1|Landorus, M|\n|poke|p1|Chi-Yu|\n|poke|p1|Zacian-*|\n|poke|p1|Gholdengo|\n|poke|p2|Greninja-*, F|\n|poke|p2|Zacian-*|\n|poke|p2|Rayquaza|\n|poke|p2|Arcanine-Hisui, M|\n|poke|p2|Regieleki|\n|poke|p2|Decidueye, M|\n|teampreview\n|inactive|Battle timer is ON: inactive players will automatically lose when time's up. (requested by rihihi)\n|\n|t:|1700141584\n|start\n|switch|p1a: Ribombee|Ribombee, M|100\/100\n|switch|p2a: speeeeeeeeeed|Regieleki, shiny|100\/100\n|-item|p2a: speeeeeeeeeed|Air Balloon\n|turn|1\n|\n|t:|1700141596\n|move|p2a: speeeeeeeeeed|Protect|p2a: speeeeeeeeeed\n|-singleturn|p2a: speeeeeeeeeed|Protect\n|move|p1a: Ribombee|Sticky Web|p2a: speeeeeeeeeed\n|-sidestart|p2: rihihi|move: Sticky Web\n|\n|upkeep\n|turn|2\n|\n|t:|1700141603\n|move|p2a: speeeeeeeeeed|Volt Switch|p1a: Ribombee\n|-damage|p1a: Ribombee|27\/100\n|\n|t:|1700141611\n|switch|p2a: best boi|Arcanine-Hisui, M, shiny|100\/100|[from] Volt Switch\n|-activate|p2a: best boi|move: Sticky Web\n|-unboost|p2a: best boi|spe|1\n|-enditem|p2a: best boi|White Herb\n|-clearnegativeboost|p2a: best boi|[silent]\n|move|p1a: Ribombee|Bug Buzz|p2a: best boi\n|-resisted|p2a: best boi\n|-damage|p2a: best boi|83\/100\n|\n|upkeep\n|turn|3\n|\n|t:|1700141628\n|switch|p1a: Landorus|Landorus, M|100\/100\n|move|p2a: best boi|Fire Blast|p1a: Landorus\n|-damage|p1a: Landorus|32\/100\n|\n|upkeep\n|turn|4\n|\n|t:|1700141639\n|move|p1a: Landorus|Earth Power|p2a: best boi\n|-supereffective|p2a: best boi\n|-damage|p2a: best boi|0 fnt\n|faint|p2a: best boi\n|\n|upkeep\n|\n|t:|1700141651\n|switch|p2a: ash|Greninja, F, shiny|100\/100\n|-activate|p2a: ash|move: Sticky Web\n|-unboost|p2a: ash|spe|1\n|turn|5\n|\n|t:|1700141675\n|switch|p1a: Ribombee|Ribombee, M|27\/100\n|move|p2a: ash|Ice Beam|p1a: Ribombee\n|-start|p2a: ash|typechange|Ice|[from] ability: Protean\n|-damage|p1a: Ribombee|0 fnt\n|faint|p1a: Ribombee\n|\n|upkeep\n|inactive|Jaiko11MS has 120 seconds left.\n|\n|t:|1700141698\n|switch|p1a: Zacian|Zacian-Crowned|100\/100\n|-ability|p1a: Zacian|Intrepid Sword|boost\n|-boost|p1a: Zacian|atk|1\n|turn|6\n|\n|t:|1700141705\n|move|p1a: Zacian|Behemoth Blade|p2a: ash\n|-supereffective|p2a: ash\n|-damage|p2a: ash|0 fnt\n|faint|p2a: ash\n|\n|upkeep\n|\n|t:|1700141716\n|switch|p2a: zaword|Zacian-Crowned, shiny|100\/100\n|-activate|p2a: zaword|move: Sticky Web\n|-unboost|p2a: zaword|spe|1\n|-ability|p2a: zaword|Intrepid Sword|boost\n|-boost|p2a: zaword|atk|1\n|turn|7\n|\n|t:|1700141727\n|move|p1a: Zacian|Swords Dance|p1a: Zacian\n|-boost|p1a: Zacian|atk|2\n|move|p2a: zaword|Close Combat|p1a: Zacian\n|-damage|p1a: Zacian|48\/100\n|-unboost|p2a: zaword|def|1\n|-unboost|p2a: zaword|spd|1\n|\n|upkeep\n|turn|8\n|\n|t:|1700141735\n|move|p1a: Zacian|Close Combat|p2a: zaword\n|-damage|p2a: zaword|0 fnt\n|-unboost|p1a: Zacian|def|1\n|-unboost|p1a: Zacian|spd|1\n|faint|p2a: zaword\n|\n|upkeep\n|-message|rihihi forfeited.\n|\n|win|Jaiko11MS\n|raw|Jaiko11MS's rating: 1000 &rarr; <strong>1040<\/strong><br \/>(+40 for winning)\n|raw|rihihi's rating: 1000 &rarr; <strong>1000<\/strong><br \/>(+0 for losing)\n|l|\u2606rihihi\n","uploadtime":1700141744,"views":28,"p1id":"jaiko11ms","p2id":"rihihi","formatid":"gen9ubers","rating":1000,"private":0,"password":""}