{"id":"gen9ubers-1979701058","p1":"Koibeatz","p2":"Blake-Mamba","format":"[Gen 9] Ubers","log":"|j|\u2606Koibeatz\n|j|\u2606Blake-Mamba\n|t:|1698704589\n|gametype|singles\n|player|p1|Koibeatz|gentleman-gen4|1195\n|player|p2|Blake-Mamba|juan|1368\n|teamsize|p1|6\n|teamsize|p2|6\n|gen|9\n|tier|[Gen 9] Ubers\n|rated|\n|rule|Sleep Clause Mod: Limit one foe put to sleep\n|rule|Species Clause: Limit one of each Pok\u00e9mon\n|rule|OHKO Clause: OHKO moves are banned\n|rule|Evasion Items Clause: Evasion items are banned\n|rule|Evasion Moves Clause: Evasion moves are banned\n|rule|Endless Battle Clause: Forcing endless battles is banned\n|rule|HP Percentage Mod: HP is shown in percentages\n|clearpoke\n|poke|p1|Chi-Yu|\n|poke|p1|Gholdengo|\n|poke|p1|Landorus-Therian, M|\n|poke|p1|Ogerpon-Wellspring, F|\n|poke|p1|Flutter Mane|\n|poke|p1|Kingambit, M|\n|poke|p2|Ogerpon-Hearthflame, F|\n|poke|p2|Vikavolt, F|\n|poke|p2|Kommo-o, F|\n|poke|p2|Ursaluna-Bloodmoon, M|\n|poke|p2|Yanmega, F|\n|poke|p2|Chandelure, M|\n|teampreview\n|inactive|Battle timer is ON: inactive players will automatically lose when time's up. (requested by Koibeatz)\n|\n|t:|1698704598\n|start\n|switch|p1a: Landorus|Landorus-Therian, M|100\/100\n|switch|p2a: Vikavolt|Vikavolt, F|100\/100\n|-ability|p1a: Landorus|Intimidate|boost\n|-unboost|p2a: Vikavolt|atk|1\n|turn|1\n|c|\u2606Blake-Mamba|Glhf\n|\n|t:|1698704605\n|move|p1a: Landorus|Stealth Rock|p2a: Vikavolt\n|-sidestart|p2: Blake-Mamba|move: Stealth Rock\n|move|p2a: Vikavolt|Sticky Web|p1a: Landorus\n|-sidestart|p1: Koibeatz|move: Sticky Web\n|\n|upkeep\n|turn|2\n|-activate|p2a: Vikavolt|item: Quick Claw\n|\n|t:|1698704613\n|move|p2a: Vikavolt|Energy Ball|p1a: Landorus\n|-damage|p1a: Landorus|63\/100\n|move|p1a: Landorus|Taunt|p2a: Vikavolt\n|-start|p2a: Vikavolt|move: Taunt\n|\n|-heal|p1a: Landorus|70\/100|[from] item: Leftovers\n|upkeep\n|turn|3\n|\n|t:|1698704623\n|move|p1a: Landorus|U-turn|p2a: Vikavolt\n|-damage|p2a: Vikavolt|76\/100\n|\n|t:|1698704630\n|switch|p1a: Kingambit|Kingambit, M|100\/100|[from] U-turn\n|-activate|p1a: Kingambit|move: Sticky Web\n|-unboost|p1a: Kingambit|spe|1\n|move|p2a: Vikavolt|Energy Ball|p1a: Kingambit\n|-resisted|p1a: Kingambit\n|-damage|p1a: Kingambit|81\/100\n|\n|upkeep\n|turn|4\n|\n|t:|1698704639\n|move|p2a: Vikavolt|Thunder|p1a: Kingambit|[miss]\n|-miss|p2a: Vikavolt|p1a: Kingambit\n|move|p1a: Kingambit|Swords Dance|p1a: Kingambit\n|-boost|p1a: Kingambit|atk|2\n|\n|upkeep\n|turn|5\n|\n|t:|1698704650\n|move|p2a: Vikavolt|Thunder|p1a: Kingambit\n|-damage|p1a: Kingambit|10\/100\n|move|p1a: Kingambit|Kowtow Cleave|p2a: Vikavolt\n|-damage|p2a: Vikavolt|0 fnt\n|faint|p2a: Vikavolt\n|\n|upkeep\n|\n|t:|1698704659\n|switch|p2a: Kommo-o|Kommo-o, F|100\/100\n|-damage|p2a: Kommo-o|94\/100|[from] Stealth Rock\n|turn|6\n|\n|t:|1698704664\n|move|p1a: Kingambit|Sucker Punch|p2a: Kommo-o\n|-resisted|p2a: Kommo-o\n|-damage|p2a: Kommo-o|54\/100\n|move|p2a: Kommo-o|Drain Punch|p1a: Kingambit\n|-supereffective|p1a: Kingambit\n|-damage|p1a: Kingambit|0 fnt\n|-heal|p2a: Kommo-o|60\/100|[from] drain|[of] p1a: Kingambit\n|faint|p1a: Kingambit\n|-end|p1a: Kingambit|fallenundefined|[silent]\n|\n|-heal|p2a: Kommo-o|66\/100|[from] item: Leftovers\n|upkeep\n|\n|t:|1698704668\n|switch|p1a: Gholdengo|Gholdengo|100\/100\n|-activate|p1a: Gholdengo|move: Sticky Web\n|-unboost|p1a: Gholdengo|spe|1\n|turn|7\n|\n|t:|1698704687\n|switch|p2a: Ursaluna|Ursaluna-Bloodmoon, M|100\/100\n|-damage|p2a: Ursaluna|94\/100|[from] Stealth Rock\n|move|p1a: Gholdengo|Trick|p2a: Ursaluna\n|-activate|p1a: Gholdengo|move: Trick|[of] p2a: Ursaluna\n|-item|p2a: Ursaluna|Choice Scarf|[from] move: Trick\n|-item|p1a: Gholdengo|Leftovers|[from] move: Trick\n|\n|upkeep\n|turn|8\n|\n|t:|1698704713\n|move|p2a: Ursaluna|Blood Moon|p1a: Gholdengo\n|-resisted|p1a: Gholdengo\n|-damage|p1a: Gholdengo|54\/100\n|move|p1a: Gholdengo|Focus Blast|p2a: Ursaluna\n|-supereffective|p2a: Ursaluna\n|-damage|p2a: Ursaluna|0 fnt\n|faint|p2a: Ursaluna\n|\n|-heal|p1a: Gholdengo|60\/100|[from] item: Leftovers\n|upkeep\n|\n|t:|1698704723\n|switch|p2a: Chandelure|Chandelure, M|100\/100\n|-damage|p2a: Chandelure|76\/100|[from] Stealth Rock\n|turn|9\n|inactive|Koibeatz has 120 seconds left.\n|\n|t:|1698704749\n|move|p2a: Chandelure|Overheat|p1a: Gholdengo\n|-supereffective|p1a: Gholdengo\n|-damage|p1a: Gholdengo|0 fnt\n|-unboost|p2a: Chandelure|spa|2\n|faint|p1a: Gholdengo\n|\n|upkeep\n|\n|t:|1698704754\n|switch|p1a: Landorus|Landorus-Therian, M|70\/100\n|-ability|p1a: Landorus|Intimidate|boost\n|-unboost|p2a: Chandelure|atk|1\n|turn|10\n|\n|t:|1698704759\n|move|p2a: Chandelure|Overheat|p1a: Landorus\n|-damage|p1a: Landorus|25\/100\n|-unboost|p2a: Chandelure|spa|2\n|move|p1a: Landorus|Earthquake|p2a: Chandelure\n|-supereffective|p2a: Chandelure\n|-damage|p2a: Chandelure|0 fnt\n|faint|p2a: Chandelure\n|\n|-heal|p1a: Landorus|31\/100|[from] item: Leftovers\n|upkeep\n|\n|t:|1698704770\n|switch|p2a: Yanmega|Yanmega, F, shiny|100\/100\n|-damage|p2a: Yanmega|50\/100|[from] Stealth Rock\n|turn|11\n|j| Mom Doers LLC\n|\n|t:|1698704777\n|move|p2a: Yanmega|Protect|p2a: Yanmega\n|-singleturn|p2a: Yanmega|Protect\n|move|p1a: Landorus|Earthquake|p2a: Yanmega\n|-activate|p2a: Yanmega|move: Protect\n|\n|-heal|p1a: Landorus|37\/100|[from] item: Leftovers\n|-ability|p2a: Yanmega|Speed Boost|boost\n|-boost|p2a: Yanmega|spe|1\n|upkeep\n|turn|12\n|\n|t:|1698704786\n|move|p2a: Yanmega|Bug Buzz|p1a: Landorus\n|-resisted|p1a: Landorus\n|-damage|p1a: Landorus|13\/100\n|-enditem|p2a: Yanmega|Throat Spray\n|-boost|p2a: Yanmega|spa|1|[from] item: Throat Spray\n|move|p1a: Landorus|Earthquake|p2a: Yanmega\n|-immune|p2a: Yanmega\n|\n|-heal|p1a: Landorus|19\/100|[from] item: Leftovers\n|-ability|p2a: Yanmega|Speed Boost|boost\n|-boost|p2a: Yanmega|spe|1\n|upkeep\n|turn|13\n|\n|t:|1698704798\n|move|p2a: Yanmega|Air Slash|p1a: Landorus\n|-crit|p1a: Landorus\n|-damage|p1a: Landorus|0 fnt\n|faint|p1a: Landorus\n|\n|-ability|p2a: Yanmega|Speed Boost|boost\n|-boost|p2a: Yanmega|spe|1\n|upkeep\n|\n|t:|1698704815\n|switch|p1a: Ogerpon|Ogerpon-Wellspring, F|100\/100\n|-activate|p1a: Ogerpon|move: Sticky Web\n|-unboost|p1a: Ogerpon|spe|1\n|turn|14\n|\n|t:|1698704820\n|move|p2a: Yanmega|Protect|p2a: Yanmega\n|-singleturn|p2a: Yanmega|Protect\n|move|p1a: Ogerpon|Ivy Cudgel|p2a: Yanmega\n|-activate|p2a: Yanmega|move: Protect\n|\n|-ability|p2a: Yanmega|Speed Boost|boost\n|-boost|p2a: Yanmega|spe|1\n|upkeep\n|turn|15\n|\n|t:|1698704829\n|move|p2a: Yanmega|Air Slash|p1a: Ogerpon\n|-supereffective|p1a: Ogerpon\n|-damage|p1a: Ogerpon|0 fnt\n|faint|p1a: Ogerpon\n|\n|-ability|p2a: Yanmega|Speed Boost|boost\n|-boost|p2a: Yanmega|spe|1\n|upkeep\n|\n|t:|1698704831\n|switch|p1a: Flutter Mane|Flutter Mane|100\/100\n|-activate|p1a: Flutter Mane|move: Sticky Web\n|-unboost|p1a: Flutter Mane|spe|1\n|turn|16\n|-message|Koibeatz forfeited.\n|\n|win|Blake-Mamba\n|raw|Koibeatz's rating: 1195 &rarr; <strong>1182<\/strong><br \/>(-13 for losing)\n|raw|Blake-Mamba's rating: 1368 &rarr; <strong>1379<\/strong><br \/>(+11 for winning)\n|l|\u2606Koibeatz\n","uploadtime":1698704849,"views":7,"p1id":"koibeatz","p2id":"blakemamba","formatid":"gen9ubers","rating":1182,"private":0,"password":""}