{"id":"gen9ubers-1992811944","p1":"butter dk","p2":"DreadHero99","format":"[Gen 9] Ubers","log":"|j|\u2606butter dk\n|j|\u2606DreadHero99\n|t:|1700237572\n|gametype|singles\n|player|p1|butter dk|proton|\n|player|p2|DreadHero99|2|\n|teamsize|p1|6\n|teamsize|p2|6\n|gen|9\n|tier|[Gen 9] Ubers\n|rule|Sleep Clause Mod: Limit one foe put to sleep\n|rule|Species Clause: Limit one of each Pok\u00e9mon\n|rule|OHKO Clause: OHKO moves are banned\n|rule|Evasion Items Clause: Evasion items are banned\n|rule|Evasion Moves Clause: Evasion moves are banned\n|rule|Endless Battle Clause: Forcing endless battles is banned\n|rule|HP Percentage Mod: HP is shown in percentages\n|clearpoke\n|poke|p1|Urshifu-*, M|\n|poke|p1|Enamorus, F|\n|poke|p1|Mew|\n|poke|p1|Toedscruel, F|\n|poke|p1|Ting-Lu|\n|poke|p1|Regidrago|\n|poke|p2|Amoonguss, F|\n|poke|p2|Gholdengo|\n|poke|p2|Toxapex, M|\n|poke|p2|Cinderace, F|\n|poke|p2|Tornadus, M|\n|poke|p2|Wo-Chien|\n|teampreview\n|c|\u2606DreadHero99|GLHF\n|\n|t:|1700237612\n|start\n|switch|p1a: Ting-Lou Bega|Ting-Lu|100\/100\n|switch|p2a: Tornadus|Tornadus, M|100\/100\n|-ability|p1a: Ting-Lou Bega|Vessel of Ruin\n|turn|1\n|j| best dk\n|c|\u2606butter dk|glglglgl\n|\n|t:|1700237624\n|move|p2a: Tornadus|Tailwind|p2a: Tornadus\n|-sidestart|p2: DreadHero99|move: Tailwind\n|move|p1a: Ting-Lou Bega|Rock Tomb|p2a: Tornadus\n|-supereffective|p2a: Tornadus\n|-crit|p2a: Tornadus\n|-damage|p2a: Tornadus|24\/100\n|-unboost|p2a: Tornadus|spe|1\n|-enditem|p2a: Tornadus|Sitrus Berry|[eat]\n|-heal|p2a: Tornadus|49\/100|[from] item: Sitrus Berry\n|\n|upkeep\n|turn|2\n|\n|t:|1700237640\n|move|p2a: Tornadus|U-turn|p1a: Ting-Lou Bega\n|-supereffective|p1a: Ting-Lou Bega\n|-damage|p1a: Ting-Lou Bega|74\/100\n|j| Dale B Cooper\n|\n|t:|1700237656\n|switch|p2a: Toxapex|Toxapex, M|100\/100|[from] U-turn\n|move|p1a: Ting-Lou Bega|Rock Tomb|p2a: Toxapex\n|-damage|p2a: Toxapex|90\/100\n|-unboost|p2a: Toxapex|spe|1\n|\n|-heal|p2a: Toxapex|96\/100|[from] item: Black Sludge\n|upkeep\n|turn|3\n|\n|t:|1700237677\n|switch|p1a: Blue Boy|Mew, shiny|100\/100\n|move|p2a: Toxapex|Toxic|p1a: Blue Boy\n|-status|p1a: Blue Boy|tox\n|-activate|p1a: Blue Boy|ability: Synchronize\n|-immune|p2a: Toxapex\n|\n|-heal|p2a: Toxapex|100\/100|[from] item: Black Sludge\n|-damage|p1a: Blue Boy|94\/100 tox|[from] psn\n|upkeep\n|turn|4\n|c| best dk|Lets go both players\n|\n|t:|1700237689\n|move|p1a: Blue Boy|Knock Off|p2a: Toxapex\n|-damage|p2a: Toxapex|87\/100\n|-enditem|p2a: Toxapex|Black Sludge|[from] move: Knock Off|[of] p1a: Blue Boy\n|move|p2a: Toxapex|Surf|p1a: Blue Boy\n|-damage|p1a: Blue Boy|77\/100 tox\n|\n|-damage|p1a: Blue Boy|65\/100 tox|[from] psn\n|-sideend|p2: DreadHero99|move: Tailwind\n|upkeep\n|turn|5\n|\n|t:|1700237698\n|move|p1a: Blue Boy|Spikes|p2a: Toxapex\n|-sidestart|p2: DreadHero99|Spikes\n|move|p2a: Toxapex|Recover|p2a: Toxapex\n|-heal|p2a: Toxapex|100\/100\n|\n|-damage|p1a: Blue Boy|47\/100 tox|[from] psn\n|upkeep\n|turn|6\n|\n|t:|1700237710\n|switch|p1a: sure thing boss|Toedscruel, F|100\/100\n|move|p2a: Toxapex|Surf|p1a: sure thing boss\n|-damage|p1a: sure thing boss|84\/100\n|\n|upkeep\n|turn|7\n|\n|t:|1700237729\n|switch|p2a: Tornadus|Tornadus, M|49\/100\n|move|p1a: sure thing boss|Earth Power|p2a: Tornadus\n|-immune|p2a: Tornadus\n|\n|upkeep\n|turn|8\n|c| best dk|Predicted\n|\n|t:|1700237751\n|switch|p1a: Ting-Lou Bega|Ting-Lu|74\/100\n|-ability|p1a: Ting-Lou Bega|Vessel of Ruin\n|move|p2a: Tornadus|Substitute|p2a: Tornadus\n|-start|p2a: Tornadus|Substitute\n|-damage|p2a: Tornadus|24\/100\n|\n|upkeep\n|turn|9\n|\n|t:|1700237760\n|move|p2a: Tornadus|U-turn|p1a: Ting-Lou Bega\n|-supereffective|p1a: Ting-Lou Bega\n|-damage|p1a: Ting-Lou Bega|47\/100\n|c| best dk|What a set\n|\n|t:|1700237785\n|switch|p2a: Toxapex|Toxapex, M|100\/100|[from] U-turn\n|-damage|p2a: Toxapex|88\/100|[from] Spikes\n|move|p1a: Ting-Lou Bega|Rock Tomb|p2a: Toxapex\n|-damage|p2a: Toxapex|77\/100\n|-unboost|p2a: Toxapex|spe|1\n|\n|upkeep\n|turn|10\n|\n|t:|1700237793\n|move|p1a: Ting-Lou Bega|Earthquake|p2a: Toxapex\n|-supereffective|p2a: Toxapex\n|-damage|p2a: Toxapex|29\/100\n|move|p2a: Toxapex|Surf|p1a: Ting-Lou Bega\n|-supereffective|p1a: Ting-Lou Bega\n|-damage|p1a: Ting-Lou Bega|34\/100\n|\n|upkeep\n|turn|11\n|\n|t:|1700237814\n|switch|p2a: Wo-Chien|Wo-Chien|100\/100\n|-damage|p2a: Wo-Chien|88\/100|[from] Spikes\n|-ability|p2a: Wo-Chien|Tablets of Ruin\n|move|p1a: Ting-Lou Bega|Heavy Slam|p2a: Wo-Chien\n|-damage|p2a: Wo-Chien|65\/100\n|\n|upkeep\n|turn|12\n|\n|t:|1700237838\n|switch|p1a: Blue Boy|Mew, shiny|47\/100 tox\n|move|p2a: Wo-Chien|Protect||[still]\n|-fail|p2a: Wo-Chien\n|\n|-damage|p1a: Blue Boy|41\/100 tox|[from] psn\n|upkeep\n|turn|13\n|\n|t:|1700237850\n|move|p1a: Blue Boy|Taunt|p2a: Wo-Chien\n|-start|p2a: Wo-Chien|move: Taunt\n|move|p2a: Wo-Chien|Knock Off|p1a: Blue Boy\n|-supereffective|p1a: Blue Boy\n|-damage|p1a: Blue Boy|0 fnt\n|-enditem|p1a: Blue Boy|Mental Herb|[from] move: Knock Off|[of] p2a: Wo-Chien\n|faint|p1a: Blue Boy\n|\n|upkeep\n|\n|t:|1700237863\n|switch|p1a: Love Me Tender|Enamorus, F|100\/100\n|turn|14\n|\n|t:|1700237882\n|move|p1a: Love Me Tender|Substitute|p1a: Love Me Tender\n|-start|p1a: Love Me Tender|Substitute\n|-damage|p1a: Love Me Tender|76\/100\n|move|p2a: Wo-Chien|Knock Off|p1a: Love Me Tender\n|-resisted|p1a: Love Me Tender\n|-activate|p1a: Love Me Tender|move: Substitute|[damage]\n|\n|-heal|p1a: Love Me Tender|82\/100|[from] item: Leftovers\n|upkeep\n|turn|15\n|\n|t:|1700237893\n|move|p1a: Love Me Tender|Calm Mind|p1a: Love Me Tender\n|-boost|p1a: Love Me Tender|spa|1\n|-boost|p1a: Love Me Tender|spd|1\n|move|p2a: Wo-Chien|Knock Off|p1a: Love Me Tender\n|-resisted|p1a: Love Me Tender\n|-end|p1a: Love Me Tender|Substitute\n|\n|-heal|p1a: Love Me Tender|88\/100|[from] item: Leftovers\n|-end|p2a: Wo-Chien|move: Taunt\n|upkeep\n|turn|16\n|\n|t:|1700237903\n|move|p1a: Love Me Tender|Substitute|p1a: Love Me Tender\n|-start|p1a: Love Me Tender|Substitute\n|-damage|p1a: Love Me Tender|63\/100\n|move|p2a: Wo-Chien|Leech Seed||[still]\n|-fail|p2a: Wo-Chien\n|\n|-heal|p1a: Love Me Tender|69\/100|[from] item: Leftovers\n|upkeep\n|turn|17\n|\n|t:|1700237931\n|switch|p2a: Amoonguss|Amoonguss, F|100\/100\n|-damage|p2a: Amoonguss|88\/100|[from] Spikes\n|move|p1a: Love Me Tender|Calm Mind|p1a: Love Me Tender\n|-boost|p1a: Love Me Tender|spa|1\n|-boost|p1a: Love Me Tender|spd|1\n|\n|-heal|p1a: Love Me Tender|75\/100|[from] item: Leftovers\n|upkeep\n|turn|18\n|\n|t:|1700237951\n|move|p1a: Love Me Tender|Earth Power|p2a: Amoonguss\n|-damage|p2a: Amoonguss|36\/100\n|move|p2a: Amoonguss|Clear Smog|p1a: Love Me Tender\n|-supereffective|p1a: Love Me Tender\n|-activate|p1a: Love Me Tender|move: Substitute|[damage]\n|\n|-heal|p1a: Love Me Tender|81\/100|[from] item: Leftovers\n|upkeep\n|turn|19\n|\n|t:|1700237981\n|switch|p2a: Tornadus|Tornadus, M|24\/100\n|move|p1a: Love Me Tender|Moonblast|p2a: Tornadus\n|-damage|p2a: Tornadus|0 fnt\n|faint|p2a: Tornadus\n|\n|-heal|p1a: Love Me Tender|87\/100|[from] item: Leftovers\n|upkeep\n|c| best dk|Substitute ter mvp of the whole event\n|\n|t:|1700237991\n|switch|p2a: Amoonguss|Amoonguss, F|69\/100\n|-damage|p2a: Amoonguss|57\/100|[from] Spikes\n|turn|20\n|\n|t:|1700237998\n|switch|p2a: Wo-Chien|Wo-Chien|65\/100\n|-damage|p2a: Wo-Chien|53\/100|[from] Spikes\n|-ability|p2a: Wo-Chien|Tablets of Ruin\n|move|p1a: Love Me Tender|Earth Power|p2a: Wo-Chien\n|-resisted|p2a: Wo-Chien\n|-damage|p2a: Wo-Chien|37\/100\n|\n|-heal|p1a: Love Me Tender|93\/100|[from] item: Leftovers\n|upkeep\n|turn|21\n|\n|t:|1700238015\n|move|p1a: Love Me Tender|Moonblast|p2a: Wo-Chien\n|-supereffective|p2a: Wo-Chien\n|-damage|p2a: Wo-Chien|0 fnt\n|faint|p2a: Wo-Chien\n|\n|-heal|p1a: Love Me Tender|99\/100|[from] item: Leftovers\n|upkeep\n|\n|t:|1700238024\n|switch|p2a: Amoonguss|Amoonguss, F|90\/100\n|-damage|p2a: Amoonguss|78\/100|[from] Spikes\n|turn|22\n|\n|t:|1700238028\n|move|p1a: Love Me Tender|Earth Power|p2a: Amoonguss\n|-damage|p2a: Amoonguss|18\/100\n|move|p2a: Amoonguss|Sludge Bomb|p1a: Love Me Tender\n|-supereffective|p1a: Love Me Tender\n|-end|p1a: Love Me Tender|Substitute\n|\n|-heal|p1a: Love Me Tender|100\/100|[from] item: Leftovers\n|upkeep\n|turn|23\n|\n|t:|1700238039\n|move|p1a: Love Me Tender|Substitute|p1a: Love Me Tender\n|-start|p1a: Love Me Tender|Substitute\n|-damage|p1a: Love Me Tender|76\/100\n|move|p2a: Amoonguss|Clear Smog|p1a: Love Me Tender\n|-supereffective|p1a: Love Me Tender\n|-activate|p1a: Love Me Tender|move: Substitute|[damage]\n|\n|-heal|p1a: Love Me Tender|82\/100|[from] item: Leftovers\n|upkeep\n|turn|24\n|\n|t:|1700238091\n|move|p1a: Love Me Tender|Moonblast|p2a: Amoonguss\n|-resisted|p2a: Amoonguss\n|-damage|p2a: Amoonguss|0 fnt\n|faint|p2a: Amoonguss\n|\n|-heal|p1a: Love Me Tender|88\/100|[from] item: Leftovers\n|upkeep\n|\n|t:|1700238101\n|switch|p2a: Cinderace|Cinderace, F|100\/100\n|turn|25\n|\n|t:|1700238112\n|move|p2a: Cinderace|Pyro Ball|p1a: Love Me Tender\n|-end|p1a: Love Me Tender|Substitute\n|move|p1a: Love Me Tender|Moonblast|p2a: Cinderace\n|-resisted|p2a: Cinderace\n|-damage|p2a: Cinderace|24\/100\n|-unboost|p2a: Cinderace|spa|1\n|\n|-heal|p1a: Love Me Tender|94\/100|[from] item: Leftovers\n|upkeep\n|turn|26\n|\n|t:|1700238121\n|move|p2a: Cinderace|Sucker Punch|p1a: Love Me Tender\n|-start|p2a: Cinderace|typechange|Dark|[from] ability: Libero\n|-resisted|p1a: Love Me Tender\n|-damage|p1a: Love Me Tender|72\/100\n|move|p1a: Love Me Tender|Moonblast|p2a: Cinderace\n|-supereffective|p2a: Cinderace\n|-damage|p2a: Cinderace|0 fnt\n|faint|p2a: Cinderace\n|\n|-heal|p1a: Love Me Tender|78\/100|[from] item: Leftovers\n|upkeep\n|\n|t:|1700238139\n|switch|p2a: Gholdengo|Gholdengo|100\/100\n|-damage|p2a: Gholdengo|88\/100|[from] Spikes\n|turn|27\n|\n|t:|1700238161\n|-terastallize|p2a: Gholdengo|Fairy\n|move|p1a: Love Me Tender|Earth Power|p2a: Gholdengo\n|-damage|p2a: Gholdengo|17\/100\n|move|p2a: Gholdengo|Nasty Plot|p2a: Gholdengo\n|-boost|p2a: Gholdengo|spa|2\n|\n|-heal|p1a: Love Me Tender|84\/100|[from] item: Leftovers\n|upkeep\n|turn|28\n|\n|t:|1700238173\n|move|p1a: Love Me Tender|Moonblast|p2a: Gholdengo\n|-damage|p2a: Gholdengo|0 fnt\n|faint|p2a: Gholdengo\n|\n|-heal|p1a: Love Me Tender|90\/100|[from] item: Leftovers\n|upkeep\n|\n|t:|1700238178\n|switch|p2a: Toxapex|Toxapex, M|62\/100\n|-damage|p2a: Toxapex|50\/100|[from] Spikes\n|turn|29\n|\n|t:|1700238185\n|move|p1a: Love Me Tender|Earth Power|p2a: Toxapex\n|-supereffective|p2a: Toxapex\n|-damage|p2a: Toxapex|0 fnt\n|faint|p2a: Toxapex\n|\n|win|butter dk\n|c|\u2606butter dk|ggs ggs\n|c|\u2606DreadHero99|GGs\n|l| Dale B Cooper\n","uploadtime":1700238196,"views":8,"p1id":"butterdk","p2id":"dreadhero99","formatid":"gen9ubers","rating":0,"private":0,"password":""}