{"id":"gen9ubers-1981371091","p1":"Bolt-Beam Studios","p2":"Chau20003","format":"[Gen 9] Ubers","log":"|j|\u2606Bolt-Beam Studios\n|j|\u2606Chau20003\n|t:|1698888537\n|gametype|singles\n|player|p1|Bolt-Beam Studios|winona|1372\n|player|p2|Chau20003|170|1216\n|teamsize|p1|6\n|teamsize|p2|6\n|gen|9\n|tier|[Gen 9] Ubers\n|rated|\n|rule|Sleep Clause Mod: Limit one foe put to sleep\n|rule|Species Clause: Limit one of each Pok\u00e9mon\n|rule|OHKO Clause: OHKO moves are banned\n|rule|Evasion Items Clause: Evasion items are banned\n|rule|Evasion Moves Clause: Evasion moves are banned\n|rule|Endless Battle Clause: Forcing endless battles is banned\n|rule|HP Percentage Mod: HP is shown in percentages\n|clearpoke\n|poke|p1|Koraidon|\n|poke|p1|Giratina-Origin|\n|poke|p1|Skeledirge, M|\n|poke|p1|Miraidon|\n|poke|p1|Zacian-*|\n|poke|p1|Clodsire, F|\n|poke|p2|Arceus-Psychic|\n|poke|p2|Ninetales-Alola, M|\n|poke|p2|Baxcalibur, M|\n|poke|p2|Flutter Mane|\n|poke|p2|Ogerpon-Hearthflame, F|\n|poke|p2|Sandslash-Alola, M|\n|teampreview\n|inactive|Battle timer is ON: inactive players will automatically lose when time's up. (requested by Chau20003)\n|inactive|Bolt-Beam Studios also wants the timer to be on.\n|\n|t:|1698888559\n|start\n|switch|p1a: Koraidon|Koraidon|100\/100\n|switch|p2a: Ninetales|Ninetales-Alola, M|100\/100\n|-weather|SunnyDay|[from] ability: Orichalcum Pulse|[of] p1a: Koraidon\n|-activate|p1a: Koraidon|Orichalcum Pulse|[source]\n|-weather|Snow|[from] ability: Snow Warning|[of] p2a: Ninetales\n|turn|1\n|\n|t:|1698888566\n|move|p1a: Koraidon|Flare Blitz|p2a: Ninetales\n|-supereffective|p2a: Ninetales\n|-damage|p2a: Ninetales|15\/100\n|-damage|p1a: Koraidon|77\/100|[from] Recoil\n|move|p2a: Ninetales|Aurora Veil|p2a: Ninetales\n|-sidestart|p2: Chau20003|move: Aurora Veil\n|\n|-weather|Snow|[upkeep]\n|upkeep\n|turn|2\n|\n|t:|1698888573\n|move|p1a: Koraidon|Flare Blitz|p2a: Ninetales\n|-supereffective|p2a: Ninetales\n|-damage|p2a: Ninetales|0 fnt\n|faint|p2a: Ninetales\n|-damage|p1a: Koraidon|73\/100|[from] Recoil\n|\n|-weather|Snow|[upkeep]\n|upkeep\n|\n|t:|1698888578\n|switch|p2a: Baxcalibur|Baxcalibur, M|100\/100\n|turn|3\n|\n|t:|1698888584\n|-terastallize|p1a: Koraidon|Fire\n|move|p1a: Koraidon|Swords Dance|p1a: Koraidon\n|-boost|p1a: Koraidon|atk|2\n|move|p2a: Baxcalibur|Dragon Dance|p2a: Baxcalibur\n|-boost|p2a: Baxcalibur|atk|1\n|-boost|p2a: Baxcalibur|spe|1\n|\n|-weather|Snow|[upkeep]\n|upkeep\n|turn|4\n|\n|t:|1698888600\n|-terastallize|p2a: Baxcalibur|Ground\n|move|p2a: Baxcalibur|Dragon Dance|p2a: Baxcalibur\n|-boost|p2a: Baxcalibur|atk|1\n|-boost|p2a: Baxcalibur|spe|1\n|move|p1a: Koraidon|Scale Shot|p2a: Baxcalibur\n|-damage|p2a: Baxcalibur|88\/100\n|-damage|p2a: Baxcalibur|76\/100\n|-damage|p2a: Baxcalibur|64\/100\n|-damage|p2a: Baxcalibur|51\/100\n|-damage|p2a: Baxcalibur|39\/100\n|-hitcount|p2a: Baxcalibur|5\n|-unboost|p1a: Koraidon|def|1\n|-boost|p1a: Koraidon|spe|1\n|\n|-weather|Snow|[upkeep]\n|upkeep\n|turn|5\n|\n|t:|1698888615\n|move|p1a: Koraidon|Scale Shot|p2a: Baxcalibur\n|-damage|p2a: Baxcalibur|25\/100\n|-damage|p2a: Baxcalibur|11\/100\n|-damage|p2a: Baxcalibur|0 fnt\n|faint|p2a: Baxcalibur\n|-hitcount|p2: Baxcalibur|3\n|-unboost|p1a: Koraidon|def|1\n|-boost|p1a: Koraidon|spe|1\n|\n|-weather|none\n|upkeep\n|\n|t:|1698888632\n|switch|p2a: Flutter Mane|Flutter Mane|100\/100\n|-enditem|p2a: Flutter Mane|Booster Energy\n|-activate|p2a: Flutter Mane|ability: Protosynthesis|[fromitem]\n|-start|p2a: Flutter Mane|protosynthesisspa\n|turn|6\n|\n|t:|1698888635\n|move|p1a: Koraidon|Flare Blitz|p2a: Flutter Mane\n|-damage|p2a: Flutter Mane|0 fnt\n|faint|p2a: Flutter Mane\n|-end|p2a: Flutter Mane|Protosynthesis|[silent]\n|-damage|p1a: Koraidon|49\/100|[from] Recoil\n|\n|upkeep\n|\n|t:|1698888643\n|switch|p2a: Arceus|Arceus-Psychic|100\/100\n|turn|7\n|\n|t:|1698888647\n|move|p1a: Koraidon|Scale Shot|p2a: Arceus\n|-damage|p2a: Arceus|93\/100\n|-damage|p2a: Arceus|84\/100\n|-damage|p2a: Arceus|75\/100\n|-damage|p2a: Arceus|66\/100\n|-damage|p2a: Arceus|57\/100\n|-hitcount|p2a: Arceus|5\n|-unboost|p1a: Koraidon|def|1\n|-boost|p1a: Koraidon|spe|1\n|move|p2a: Arceus|Cosmic Power|p2a: Arceus\n|-boost|p2a: Arceus|def|1\n|-boost|p2a: Arceus|spd|1\n|\n|upkeep\n|turn|8\n|\n|t:|1698888658\n|move|p1a: Koraidon|Scale Shot|p2a: Arceus|[miss]\n|-miss|p1a: Koraidon|p2a: Arceus\n|move|p2a: Arceus|Recover|p2a: Arceus\n|-heal|p2a: Arceus|100\/100\n|\n|-sideend|p2: Chau20003|move: Aurora Veil\n|upkeep\n|turn|9\n|\n|t:|1698888660\n|move|p1a: Koraidon|Scale Shot|p2a: Arceus\n|-damage|p2a: Arceus|90\/100\n|-damage|p2a: Arceus|78\/100\n|-damage|p2a: Arceus|67\/100\n|-damage|p2a: Arceus|56\/100\n|-hitcount|p2a: Arceus|4\n|-unboost|p1a: Koraidon|def|1\n|-boost|p1a: Koraidon|spe|1\n|move|p2a: Arceus|Cosmic Power|p2a: Arceus\n|-boost|p2a: Arceus|def|1\n|-boost|p2a: Arceus|spd|1\n|\n|upkeep\n|turn|10\n|\n|t:|1698888667\n|move|p1a: Koraidon|Scale Shot|p2a: Arceus\n|-crit|p2a: Arceus\n|-damage|p2a: Arceus|29\/100\n|-damage|p2a: Arceus|21\/100\n|-damage|p2a: Arceus|13\/100\n|-damage|p2a: Arceus|4\/100\n|-hitcount|p2a: Arceus|4\n|-unboost|p1a: Koraidon|def|1\n|-boost|p1a: Koraidon|spe|1\n|move|p2a: Arceus|Recover|p2a: Arceus\n|-heal|p2a: Arceus|54\/100\n|\n|upkeep\n|turn|11\n|\n|t:|1698888675\n|move|p1a: Koraidon|Scale Shot|p2a: Arceus|[miss]\n|-miss|p1a: Koraidon|p2a: Arceus\n|move|p2a: Arceus|Recover|p2a: Arceus\n|-heal|p2a: Arceus|100\/100\n|\n|upkeep\n|turn|12\n|\n|t:|1698888679\n|move|p1a: Koraidon|Swords Dance|p1a: Koraidon\n|-boost|p1a: Koraidon|atk|2\n|move|p2a: Arceus|Cosmic Power|p2a: Arceus\n|-boost|p2a: Arceus|def|1\n|-boost|p2a: Arceus|spd|1\n|\n|upkeep\n|turn|13\n|\n|t:|1698888682\n|move|p1a: Koraidon|Scale Shot|p2a: Arceus\n|-damage|p2a: Arceus|91\/100\n|-damage|p2a: Arceus|81\/100\n|-damage|p2a: Arceus|70\/100\n|-damage|p2a: Arceus|59\/100\n|-damage|p2a: Arceus|48\/100\n|-hitcount|p2a: Arceus|5\n|-unboost|p1a: Koraidon|def|1\n|-boost|p1a: Koraidon|spe|1\n|move|p2a: Arceus|Cosmic Power|p2a: Arceus\n|-boost|p2a: Arceus|def|1\n|-boost|p2a: Arceus|spd|1\n|\n|upkeep\n|turn|14\n|\n|t:|1698888693\n|move|p1a: Koraidon|Scale Shot|p2a: Arceus\n|-damage|p2a: Arceus|39\/100\n|-damage|p2a: Arceus|31\/100\n|-damage|p2a: Arceus|23\/100\n|-damage|p2a: Arceus|14\/100\n|-damage|p2a: Arceus|6\/100\n|-hitcount|p2a: Arceus|5\n|move|p2a: Arceus|Recover|p2a: Arceus\n|-heal|p2a: Arceus|56\/100\n|\n|upkeep\n|turn|15\n|\n|t:|1698888704\n|move|p1a: Koraidon|Swords Dance|p1a: Koraidon\n|-boost|p1a: Koraidon|atk|2\n|move|p2a: Arceus|Cosmic Power|p2a: Arceus\n|-boost|p2a: Arceus|def|1\n|-boost|p2a: Arceus|spd|1\n|\n|upkeep\n|turn|16\n|\n|t:|1698888707\n|move|p1a: Koraidon|Scale Shot|p2a: Arceus\n|-crit|p2a: Arceus\n|-damage|p2a: Arceus|8\/100\n|-crit|p2a: Arceus\n|-damage|p2a: Arceus|0 fnt\n|faint|p2a: Arceus\n|-hitcount|p2: Arceus|2\n|\n|upkeep\n|\n|t:|1698888714\n|switch|p2a: Ogerpon|Ogerpon-Hearthflame, F|100\/100\n|-ability|p2a: Ogerpon|Mold Breaker\n|turn|17\n|\n|t:|1698888720\n|move|p1a: Koraidon|Close Combat|p2a: Ogerpon\n|-damage|p2a: Ogerpon|0 fnt\n|-unboost|p1a: Koraidon|spd|1\n|faint|p2a: Ogerpon\n|\n|upkeep\n|-message|Chau20003 forfeited.\n|\n|win|Bolt-Beam Studios\n|raw|Bolt-Beam Studios's rating: 1372 &rarr; <strong>1384<\/strong><br \/>(+12 for winning)\n|raw|Chau20003's rating: 1216 &rarr; <strong>1202<\/strong><br \/>(-14 for losing)\n|l|\u2606Chau20003\n","uploadtime":1698888728,"views":21,"p1id":"boltbeamstudios","p2id":"chau20003","formatid":"gen9ubers","rating":1202,"private":0,"password":""}