{"id":"gen9ubers-1986747014","p1":"Rival Gary Oak","p2":"ShanmanT","format":"[Gen 9] Ubers","log":"|j|\u2606Rival Gary Oak\n|j|\u2606ShanmanT\n|t:|1699518597\n|gametype|singles\n|player|p1|Rival Gary Oak|blue|\n|player|p2|ShanmanT|265|\n|teamsize|p1|6\n|teamsize|p2|6\n|gen|9\n|tier|[Gen 9] Ubers\n|rule|Sleep Clause Mod: Limit one foe put to sleep\n|rule|Species Clause: Limit one of each Pok\u00e9mon\n|rule|OHKO Clause: OHKO moves are banned\n|rule|Evasion Items Clause: Evasion items are banned\n|rule|Evasion Moves Clause: Evasion moves are banned\n|rule|Endless Battle Clause: Forcing endless battles is banned\n|rule|HP Percentage Mod: HP is shown in percentages\n|clearpoke\n|poke|p1|Umbreon, M|\n|poke|p1|Dragapult, M|\n|poke|p1|Goodra-Hisui, F|\n|poke|p1|Ogerpon, F|\n|poke|p1|Ursaluna-Bloodmoon, M|\n|poke|p1|Carbink|\n|poke|p2|Breloom, F|\n|poke|p2|Diancie|\n|poke|p2|Garganacl, F|\n|poke|p2|Armarouge, F|\n|poke|p2|Decidueye, F|\n|poke|p2|Munkidori, M|\n|teampreview\n|j| Currys\n|j| mysticalcheese\n|\n|t:|1699518740\n|start\n|switch|p1a: Ogerpon|Ogerpon, F|100\/100\n|switch|p2a: Decidueye|Decidueye, F|100\/100\n|turn|1\n|\n|t:|1699518762\n|move|p1a: Ogerpon|Knock Off|p2a: Decidueye\n|-supereffective|p2a: Decidueye\n|-damage|p2a: Decidueye|9\/100\n|-enditem|p2a: Decidueye|Choice Band|[from] move: Knock Off|[of] p1a: Ogerpon\n|move|p2a: Decidueye|U-turn|p1a: Ogerpon\n|-supereffective|p1a: Ogerpon\n|-damage|p1a: Ogerpon|39\/100\n|\n|t:|1699518771\n|switch|p2a: Munkidori|Munkidori, M|100\/100|[from] U-turn\n|\n|upkeep\n|turn|2\n|\n|t:|1699518802\n|switch|p1a: Goodra|Goodra-Hisui, F|100\/100\n|move|p2a: Munkidori|Sludge Wave|p1a: Goodra\n|-immune|p1a: Goodra\n|\n|upkeep\n|turn|3\n|\n|t:|1699518811\n|switch|p2a: Decidueye|Decidueye, F|9\/100\n|move|p1a: Goodra|Knock Off|p2a: Decidueye\n|-supereffective|p2a: Decidueye\n|-damage|p2a: Decidueye|0 fnt\n|faint|p2a: Decidueye\n|\n|upkeep\n|\n|t:|1699518816\n|switch|p2a: Breloom|Breloom, F|100\/100\n|turn|4\n|\n|t:|1699518820\n|move|p2a: Breloom|Protect|p2a: Breloom\n|-singleturn|p2a: Breloom|Protect\n|move|p1a: Goodra|Ice Beam|p2a: Breloom\n|-activate|p2a: Breloom|move: Protect\n|\n|-status|p2a: Breloom|tox|[from] item: Toxic Orb\n|upkeep\n|turn|5\n|\n|t:|1699518860\n|move|p2a: Breloom|Substitute|p2a: Breloom\n|-start|p2a: Breloom|Substitute\n|-damage|p2a: Breloom|76\/100 tox\n|move|p1a: Goodra|Ice Beam|p2a: Breloom\n|-supereffective|p2a: Breloom\n|-end|p2a: Breloom|Substitute\n|\n|-heal|p2a: Breloom|88\/100 tox|[from] ability: Poison Heal\n|upkeep\n|turn|6\n|\n|t:|1699518871\n|move|p2a: Breloom|Protect|p2a: Breloom\n|-singleturn|p2a: Breloom|Protect\n|move|p1a: Goodra|Ice Beam|p2a: Breloom\n|-activate|p2a: Breloom|move: Protect\n|\n|-heal|p2a: Breloom|100\/100 tox|[from] ability: Poison Heal\n|upkeep\n|turn|7\n|\n|t:|1699518885\n|switch|p2a: Armarouge|Armarouge, F|100\/100\n|move|p1a: Goodra|Ice Beam|p2a: Armarouge\n|-resisted|p2a: Armarouge\n|-damage|p2a: Armarouge|83\/100\n|\n|upkeep\n|turn|8\n|\n|t:|1699518895\n|move|p2a: Armarouge|Calm Mind|p2a: Armarouge\n|-boost|p2a: Armarouge|spa|1\n|-boost|p2a: Armarouge|spd|1\n|move|p1a: Goodra|Knock Off|p2a: Armarouge\n|-supereffective|p2a: Armarouge\n|-crit|p2a: Armarouge\n|-damage|p2a: Armarouge|32\/100\n|-ability|p2a: Armarouge|Weak Armor|boost\n|-unboost|p2a: Armarouge|def|1\n|-boost|p2a: Armarouge|spe|2\n|-enditem|p2a: Armarouge|Chesto Berry|[from] move: Knock Off|[of] p1a: Goodra\n|\n|upkeep\n|turn|9\n|\n|t:|1699518913\n|move|p2a: Armarouge|Armor Cannon|p1a: Goodra\n|-damage|p1a: Goodra|29\/100\n|-unboost|p2a: Armarouge|def|1\n|-unboost|p2a: Armarouge|spd|1\n|move|p1a: Goodra|Knock Off|p2a: Armarouge\n|-supereffective|p2a: Armarouge\n|-damage|p2a: Armarouge|0 fnt\n|faint|p2a: Armarouge\n|\n|upkeep\n|\n|t:|1699518926\n|switch|p2a: Breloom|Breloom, F|100\/100 tox\n|turn|10\n|\n|t:|1699518949\n|move|p2a: Breloom|Close Combat|p1a: Goodra\n|-supereffective|p1a: Goodra\n|-enditem|p1a: Goodra|Chople Berry|[eat]\n|-enditem|p1a: Goodra|Chople Berry|[weaken]\n|-damage|p1a: Goodra|0 fnt\n|-unboost|p2a: Breloom|def|1\n|-unboost|p2a: Breloom|spd|1\n|faint|p1a: Goodra\n|\n|upkeep\n|\n|t:|1699519027\n|switch|p1a: Ogerpon|Ogerpon, F|39\/100\n|turn|11\n|\n|t:|1699519037\n|move|p2a: Breloom|Protect|p2a: Breloom\n|-singleturn|p2a: Breloom|Protect\n|move|p1a: Ogerpon|Play Rough|p2a: Breloom\n|-activate|p2a: Breloom|move: Protect\n|\n|upkeep\n|turn|12\n|\n|t:|1699519066\n|switch|p2a: Munkidori|Munkidori, M|100\/100\n|move|p1a: Ogerpon|Play Rough|p2a: Munkidori\n|-resisted|p2a: Munkidori\n|-damage|p2a: Munkidori|79\/100\n|\n|upkeep\n|turn|13\n|\n|t:|1699519082\n|switch|p1a: Umbreon|Umbreon, M, shiny|100\/100\n|move|p2a: Munkidori|Sludge Wave|p1a: Umbreon\n|-crit|p1a: Umbreon\n|-damage|p1a: Umbreon|50\/100\n|-status|p1a: Umbreon|tox|[from] ability: Toxic Chain|[of] p2a: Munkidori\n|-activate|p1a: Umbreon|ability: Synchronize\n|-immune|p2a: Munkidori\n|\n|-heal|p1a: Umbreon|56\/100 tox|[from] item: Leftovers\n|-damage|p1a: Umbreon|50\/100 tox|[from] psn\n|upkeep\n|turn|14\n|\n|t:|1699519101\n|-terastallize|p1a: Umbreon|Poison\n|move|p2a: Munkidori|Sludge Wave|p1a: Umbreon\n|-resisted|p1a: Umbreon\n|-damage|p1a: Umbreon|34\/100 tox\n|move|p1a: Umbreon|Foul Play|p2a: Munkidori\n|-supereffective|p2a: Munkidori\n|-damage|p2a: Munkidori|16\/100\n|\n|-heal|p1a: Umbreon|40\/100 tox|[from] item: Leftovers\n|-damage|p1a: Umbreon|28\/100 tox|[from] psn\n|upkeep\n|turn|15\n|\n|t:|1699519121\n|switch|p2a: Breloom|Breloom, F|100\/100 tox\n|move|p1a: Umbreon|Wish|p1a: Umbreon\n|\n|-heal|p1a: Umbreon|34\/100 tox|[from] item: Leftovers\n|-damage|p1a: Umbreon|16\/100 tox|[from] psn\n|upkeep\n|turn|16\n|\n|t:|1699519144\n|switch|p1a: Ogerpon|Ogerpon, F|39\/100\n|move|p2a: Breloom|Substitute|p2a: Breloom\n|-start|p2a: Breloom|Substitute\n|-damage|p2a: Breloom|76\/100 tox\n|\n|-heal|p1a: Ogerpon|100\/100|[from] move: Wish|[wisher] Umbreon\n|-heal|p2a: Breloom|88\/100 tox|[from] ability: Poison Heal\n|upkeep\n|turn|17\n|\n|t:|1699519156\n|move|p1a: Ogerpon|Play Rough|p2a: Breloom|[miss]\n|-miss|p1a: Ogerpon|p2a: Breloom\n|move|p2a: Breloom|Toxic|p1a: Ogerpon\n|-status|p1a: Ogerpon|tox\n|\n|-damage|p1a: Ogerpon|95\/100 tox|[from] psn\n|-heal|p2a: Breloom|100\/100 tox|[from] ability: Poison Heal\n|upkeep\n|turn|18\n|\n|t:|1699519180\n|move|p2a: Breloom|Protect|p2a: Breloom\n|-singleturn|p2a: Breloom|Protect\n|move|p1a: Ogerpon|Play Rough|p2a: Breloom\n|-activate|p2a: Breloom|move: Protect\n|\n|-damage|p1a: Ogerpon|83\/100 tox|[from] psn\n|upkeep\n|turn|19\n|\n|t:|1699519191\n|move|p1a: Ogerpon|U-turn|p2a: Breloom\n|-crit|p2a: Breloom\n|-end|p2a: Breloom|Substitute\n|\n|t:|1699519194\n|switch|p1a: Umbreon|Umbreon, M, shiny, tera:Poison|16\/100 tox|[from] U-turn\n|move|p2a: Breloom|Toxic|p1a: Umbreon\n|-fail|p1a: Umbreon|tox\n|\n|-heal|p1a: Umbreon|22\/100 tox|[from] item: Leftovers\n|-damage|p1a: Umbreon|16\/100 tox|[from] psn\n|upkeep\n|turn|20\n|\n|t:|1699519205\n|move|p2a: Breloom|Substitute|p2a: Breloom\n|-start|p2a: Breloom|Substitute\n|-damage|p2a: Breloom|76\/100 tox\n|move|p1a: Umbreon|Wish|p1a: Umbreon\n|\n|-heal|p1a: Umbreon|22\/100 tox|[from] item: Leftovers\n|-heal|p2a: Breloom|88\/100 tox|[from] ability: Poison Heal\n|-damage|p1a: Umbreon|10\/100 tox|[from] psn\n|upkeep\n|turn|21\n|\n|t:|1699519213\n|switch|p1a: Ogerpon|Ogerpon, F|83\/100 tox\n|move|p2a: Breloom|Close Combat|p1a: Ogerpon\n|-damage|p1a: Ogerpon|17\/100 tox\n|-unboost|p2a: Breloom|def|1\n|-unboost|p2a: Breloom|spd|1\n|\n|-heal|p1a: Ogerpon|83\/100 tox|[from] move: Wish|[wisher] Umbreon\n|-damage|p1a: Ogerpon|77\/100 tox|[from] psn\n|-heal|p2a: Breloom|100\/100 tox|[from] ability: Poison Heal\n|upkeep\n|turn|22\n|\n|t:|1699519266\n|move|p1a: Ogerpon|U-turn|p2a: Breloom\n|-end|p2a: Breloom|Substitute\n|\n|t:|1699519269\n|switch|p1a: Umbreon|Umbreon, M, shiny, tera:Poison|10\/100 tox|[from] U-turn\n|move|p2a: Breloom|Toxic|p1a: Umbreon\n|-fail|p1a: Umbreon|tox\n|\n|-heal|p1a: Umbreon|16\/100 tox|[from] item: Leftovers\n|-damage|p1a: Umbreon|10\/100 tox|[from] psn\n|upkeep\n|turn|23\n|\n|t:|1699519283\n|move|p2a: Breloom|Close Combat|p1a: Umbreon\n|-resisted|p1a: Umbreon\n|-damage|p1a: Umbreon|0 fnt\n|-unboost|p2a: Breloom|def|1\n|-unboost|p2a: Breloom|spd|1\n|faint|p1a: Umbreon\n|\n|upkeep\n|\n|t:|1699519288\n|switch|p1a: Ursaluna|Ursaluna-Bloodmoon, M|100\/100\n|turn|24\n|\n|t:|1699519320\n|move|p2a: Breloom|Protect|p2a: Breloom\n|-singleturn|p2a: Breloom|Protect\n|move|p1a: Ursaluna|Moonblast|p2a: Breloom\n|-activate|p2a: Breloom|move: Protect\n|\n|upkeep\n|turn|25\n|\n|t:|1699519346\n|switch|p2a: Diancie|Diancie|100\/100\n|move|p1a: Ursaluna|Moonblast|p2a: Diancie\n|-damage|p2a: Diancie|81\/100\n|\n|upkeep\n|turn|26\n|\n|t:|1699519362\n|switch|p1a: Carbink|Carbink, shiny|100\/100\n|move|p2a: Diancie|Diamond Storm|p1a: Carbink\n|-damage|p1a: Carbink|80\/100\n|-boost|p2a: Diancie|def|2\n|\n|upkeep\n|turn|27\n|\n|t:|1699519379\n|move|p1a: Carbink|Reflect|p1a: Carbink\n|-sidestart|p1: Rival Gary Oak|Reflect\n|move|p2a: Diancie|Flash Cannon|p1a: Carbink\n|-supereffective|p1a: Carbink\n|-damage|p1a: Carbink|4\/100\n|\n|upkeep\n|turn|28\n|\n|t:|1699519394\n|move|p1a: Carbink|Stealth Rock|p2a: Diancie\n|-sidestart|p2: ShanmanT|move: Stealth Rock\n|move|p2a: Diancie|Diamond Storm|p1a: Carbink\n|-crit|p1a: Carbink\n|-damage|p1a: Carbink|0 fnt\n|faint|p1a: Carbink\n|\n|upkeep\n|\n|t:|1699519400\n|switch|p1a: Ursaluna|Ursaluna-Bloodmoon, M|100\/100\n|turn|29\n|\n|t:|1699519404\n|move|p1a: Ursaluna|Earth Power|p2a: Diancie\n|-supereffective|p2a: Diancie\n|-damage|p2a: Diancie|32\/100\n|move|p2a: Diancie|Body Press|p1a: Ursaluna\n|-supereffective|p1a: Ursaluna\n|-damage|p1a: Ursaluna|57\/100\n|\n|upkeep\n|turn|30\n|\n|t:|1699519448\n|switch|p1a: Dragapult|Dragapult, M|100\/100\n|switch|p2a: Breloom|Breloom, F|100\/100 tox\n|-damage|p2a: Breloom|94\/100 tox|[from] Stealth Rock\n|\n|-heal|p2a: Breloom|100\/100 tox|[from] ability: Poison Heal\n|upkeep\n|turn|31\n|\n|t:|1699519475\n|move|p2a: Breloom|Protect|p2a: Breloom\n|-singleturn|p2a: Breloom|Protect\n|move|p1a: Dragapult|Phantom Force||[still]\n|-prepare|p1a: Dragapult|Phantom Force\n|\n|upkeep\n|turn|32\n|\n|t:|1699519597\n|switch|p2a: Garganacl|Garganacl, F|100\/100\n|-damage|p2a: Garganacl|88\/100|[from] Stealth Rock\n|move|p1a: Dragapult|Phantom Force|p2a: Garganacl|[from]lockedmove\n|-damage|p2a: Garganacl|69\/100\n|\n|-heal|p2a: Garganacl|75\/100|[from] item: Leftovers\n|upkeep\n|turn|33\n|\n|t:|1699519719\n|switch|p1a: Ogerpon|Ogerpon, F|77\/100 tox\n|move|p2a: Garganacl|Salt Cure|p1a: Ogerpon\n|-damage|p1a: Ogerpon|68\/100 tox\n|-start|p1a: Ogerpon|Salt Cure\n|\n|-heal|p2a: Garganacl|81\/100|[from] item: Leftovers\n|-damage|p1a: Ogerpon|62\/100 tox|[from] psn\n|-damage|p1a: Ogerpon|50\/100 tox|[from] Salt Cure\n|upkeep\n|turn|34\n|\n|t:|1699519761\n|switch|p2a: Breloom|Breloom, F|100\/100 tox\n|-damage|p2a: Breloom|94\/100 tox|[from] Stealth Rock\n|move|p1a: Ogerpon|Ivy Cudgel|p2a: Breloom\n|-resisted|p2a: Breloom\n|-damage|p2a: Breloom|72\/100 tox\n|\n|-damage|p1a: Ogerpon|38\/100 tox|[from] psn\n|-heal|p2a: Breloom|84\/100 tox|[from] ability: Poison Heal\n|-damage|p1a: Ogerpon|25\/100 tox|[from] Salt Cure\n|-sideend|p1: Rival Gary Oak|Reflect\n|upkeep\n|turn|35\n|\n|t:|1699519782\n|switch|p1a: Ursaluna|Ursaluna-Bloodmoon, M|57\/100\n|move|p2a: Breloom|Toxic|p1a: Ursaluna\n|-status|p1a: Ursaluna|tox\n|\n|-damage|p1a: Ursaluna|51\/100 tox|[from] psn\n|-heal|p2a: Breloom|97\/100 tox|[from] ability: Poison Heal\n|upkeep\n|turn|36\n|\n|t:|1699519835\n|switch|p1a: Ogerpon|Ogerpon, F|25\/100 tox\n|move|p2a: Breloom|Protect||[still]\n|-fail|p2a: Breloom\n|\n|-damage|p1a: Ogerpon|19\/100 tox|[from] psn\n|-heal|p2a: Breloom|100\/100 tox|[from] ability: Poison Heal\n|upkeep\n|turn|37\n|\n|t:|1699519852\n|move|p2a: Breloom|Protect|p2a: Breloom\n|-singleturn|p2a: Breloom|Protect\n|move|p1a: Ogerpon|Play Rough|p2a: Breloom\n|-activate|p2a: Breloom|move: Protect\n|\n|-damage|p1a: Ogerpon|7\/100 tox|[from] psn\n|upkeep\n|turn|38\n|\n|t:|1699519863\n|move|p1a: Ogerpon|Ivy Cudgel|p2a: Breloom\n|-resisted|p2a: Breloom\n|-crit|p2a: Breloom\n|-damage|p2a: Breloom|67\/100 tox\n|move|p2a: Breloom|Substitute|p2a: Breloom\n|-start|p2a: Breloom|Substitute\n|-damage|p2a: Breloom|42\/100 tox\n|\n|-damage|p1a: Ogerpon|0 fnt|[from] psn\n|faint|p1a: Ogerpon\n|-heal|p2a: Breloom|54\/100 tox|[from] ability: Poison Heal\n|upkeep\n|\n|t:|1699519870\n|switch|p1a: Dragapult|Dragapult, M|100\/100\n|turn|39\n|\n|t:|1699519885\n|move|p1a: Dragapult|Dragon Darts|p2a: Breloom\n|-damage|p2a: Breloom|20\/100 tox\n|-anim|p1a: Dragapult|Dragon Darts|p2a: Breloom\n|-damage|p2a: Breloom|0 fnt\n|faint|p2a: Breloom\n|\n|upkeep\n|\n|t:|1699519905\n|switch|p2a: Munkidori|Munkidori, M|16\/100\n|-damage|p2a: Munkidori|4\/100|[from] Stealth Rock\n|turn|40\n|\n|t:|1699519941\n|switch|p1a: Ursaluna|Ursaluna-Bloodmoon, M|51\/100 tox\n|move|p2a: Munkidori|Shadow Ball|p1a: Ursaluna\n|-immune|p1a: Ursaluna\n|\n|-damage|p1a: Ursaluna|45\/100 tox|[from] psn\n|upkeep\n|turn|41\n|\n|t:|1699519952\n|move|p2a: Munkidori|Shadow Ball|p1a: Ursaluna\n|-immune|p1a: Ursaluna\n|move|p1a: Ursaluna|Earth Power|p2a: Munkidori\n|-supereffective|p2a: Munkidori\n|-damage|p2a: Munkidori|0 fnt\n|faint|p2a: Munkidori\n|\n|-damage|p1a: Ursaluna|33\/100 tox|[from] psn\n|upkeep\n|\n|t:|1699520136\n|switch|p2a: Diancie|Diancie|32\/100\n|-damage|p2a: Diancie|20\/100|[from] Stealth Rock\n|turn|42\n|\n|t:|1699520140\n|move|p1a: Ursaluna|Earth Power|p2a: Diancie\n|-supereffective|p2a: Diancie\n|-damage|p2a: Diancie|0 fnt\n|faint|p2a: Diancie\n|\n|-damage|p1a: Ursaluna|15\/100 tox|[from] psn\n|upkeep\n|\n|t:|1699520146\n|switch|p2a: Garganacl|Garganacl, F|81\/100\n|-damage|p2a: Garganacl|69\/100|[from] Stealth Rock\n|turn|43\n|\n|t:|1699520151\n|move|p1a: Ursaluna|Earth Power|p2a: Garganacl\n|-supereffective|p2a: Garganacl\n|-damage|p2a: Garganacl|0 fnt\n|faint|p2a: Garganacl\n|\n|win|Rival Gary Oak\n|l|\u2606ShanmanT\n|l|\u2606Rival Gary Oak\n|l| Currys\n","uploadtime":1699520207,"views":12,"p1id":"rivalgaryoak","p2id":"shanmant","formatid":"gen9ubers","rating":0,"private":0,"password":""}