{"id":"gen9ubers-1983631047","p1":"Nyamonya","p2":"Wha1efish","format":"[Gen 9] Ubers","log":"|j|\u2606Nyamonya\n|j|\u2606Wha1efish\n|t:|1699151601\n|gametype|singles\n|player|p1|Nyamonya|leon-masters|\n|player|p2|Wha1efish|cynthia-gen4|\n|teamsize|p1|6\n|teamsize|p2|6\n|gen|9\n|tier|[Gen 9] Ubers\n|rule|Sleep Clause Mod: Limit one foe put to sleep\n|rule|Species Clause: Limit one of each Pok\u00e9mon\n|rule|OHKO Clause: OHKO moves are banned\n|rule|Evasion Items Clause: Evasion items are banned\n|rule|Evasion Moves Clause: Evasion moves are banned\n|rule|Endless Battle Clause: Forcing endless battles is banned\n|rule|HP Percentage Mod: HP is shown in percentages\n|clearpoke\n|poke|p1|Clefable, M|\n|poke|p1|Tornadus-Therian, M|\n|poke|p1|Jolteon, F|\n|poke|p1|Infernape, M|\n|poke|p1|Palossand, F|\n|poke|p1|Bronzong|\n|poke|p2|Annihilape, M|\n|poke|p2|Hydreigon, F|\n|poke|p2|Jirachi|\n|poke|p2|Weezing-Galar, M|\n|poke|p2|Thundurus, M|\n|poke|p2|Gastrodon, F|\n|teampreview\n|inactive|Battle timer is ON: inactive players will automatically lose when time's up. (requested by Nyamonya)\n|\n|t:|1699151617\n|start\n|switch|p1a: Tornadus|Tornadus-Therian, M|100\/100\n|switch|p2a: Thundurus|Thundurus, M|100\/100\n|turn|1\n|inactive|Nyamonya has 270 seconds left.\n|\n|t:|1699151655\n|move|p2a: Thundurus|Nasty Plot|p2a: Thundurus\n|-boost|p2a: Thundurus|spa|2\n|move|p1a: Tornadus|Knock Off|p2a: Thundurus\n|-damage|p2a: Thundurus|63\/100\n|-enditem|p2a: Thundurus|Heavy-Duty Boots|[from] move: Knock Off|[of] p1a: Tornadus\n|\n|upkeep\n|turn|2\n|inactive|Nyamonya has 270 seconds left.\n|inactive|Nyamonya has 240 seconds left.\n|\n|t:|1699151707\n|move|p1a: Tornadus|U-turn|p2a: Thundurus\n|-resisted|p2a: Thundurus\n|-crit|p2a: Thundurus\n|-damage|p2a: Thundurus|43\/100\n|\n|t:|1699151718\n|switch|p1a: Jolteon|Jolteon, F|100\/100|[from] U-turn\n|move|p2a: Thundurus|Thunderbolt|p1a: Jolteon\n|-immune|p1a: Jolteon|[from] ability: Volt Absorb\n|\n|upkeep\n|turn|3\n|inactive|Nyamonya has 210 seconds left.\n|\n|t:|1699151741\n|-terastallize|p2a: Thundurus|Ice\n|move|p1a: Jolteon|Substitute|p1a: Jolteon\n|-start|p1a: Jolteon|Substitute\n|-damage|p1a: Jolteon|76\/100\n|move|p2a: Thundurus|Tera Blast|p1a: Jolteon|[anim] Tera Blast Ice\n|-end|p1a: Jolteon|Substitute\n|\n|upkeep\n|turn|4\n|\n|t:|1699151750\n|move|p1a: Jolteon|Thunderbolt|p2a: Thundurus\n|-damage|p2a: Thundurus|0 fnt\n|faint|p2a: Thundurus\n|\n|upkeep\n|\n|t:|1699151755\n|switch|p2a: Gastrodon|Gastrodon, F|100\/100\n|turn|5\n|\n|t:|1699151760\n|switch|p1a: Palossand|Palossand, F|100\/100\n|move|p2a: Gastrodon|Sludge Bomb|p1a: Palossand\n|-resisted|p1a: Palossand\n|-damage|p1a: Palossand|95\/100\n|\n|upkeep\n|turn|6\n|\n|t:|1699151773\n|move|p2a: Gastrodon|Stealth Rock|p1a: Palossand\n|-sidestart|p1: Nyamonya|move: Stealth Rock\n|move|p1a: Palossand|Energy Ball|p2a: Gastrodon\n|-supereffective|p2a: Gastrodon\n|-damage|p2a: Gastrodon|0 fnt\n|faint|p2a: Gastrodon\n|\n|upkeep\n|\n|t:|1699151779\n|switch|p2a: Hydreigon|Hydreigon, F|100\/100\n|turn|7\n|\n|t:|1699151790\n|switch|p2a: Jirachi|Jirachi|100\/100\n|switch|p1a: Clefable|Clefable, M|100\/100\n|\n|upkeep\n|turn|8\n|\n|t:|1699151809\n|switch|p1a: Bronzong|Bronzong|100\/100\n|-damage|p1a: Bronzong|94\/100|[from] Stealth Rock\n|move|p2a: Jirachi|U-turn|p1a: Bronzong\n|-crit|p1a: Bronzong\n|-damage|p1a: Bronzong|73\/100\n|\n|t:|1699151811\n|switch|p2a: Hydreigon|Hydreigon, F|100\/100|[from] U-turn\n|\n|-heal|p1a: Bronzong|79\/100|[from] item: Leftovers\n|upkeep\n|turn|9\n|\n|t:|1699151825\n|move|p2a: Hydreigon|Dark Pulse|p1a: Bronzong\n|-supereffective|p1a: Bronzong\n|-damage|p1a: Bronzong|0 fnt\n|faint|p1a: Bronzong\n|\n|upkeep\n|inactive|Nyamonya has 210 seconds left.\n|\n|t:|1699151863\n|switch|p1a: Tornadus|Tornadus-Therian, M|100\/100\n|-damage|p1a: Tornadus|76\/100|[from] Stealth Rock\n|turn|10\n|\n|t:|1699151877\n|switch|p2a: Annihilape|Annihilape, M|100\/100\n|move|p1a: Tornadus|Knock Off|p2a: Annihilape\n|-damage|p2a: Annihilape|77\/100\n|-enditem|p2a: Annihilape|Chesto Berry|[from] move: Knock Off|[of] p1a: Tornadus\n|\n|upkeep\n|turn|11\n|\n|t:|1699151886\n|switch|p2a: Jirachi|Jirachi|100\/100\n|move|p1a: Tornadus|Bleakwind Storm|p2a: Jirachi\n|-resisted|p2a: Jirachi\n|-crit|p2a: Jirachi\n|-damage|p2a: Jirachi|72\/100\n|-unboost|p2a: Jirachi|spe|1\n|\n|upkeep\n|turn|12\n|inactive|Nyamonya has 210 seconds left.\n|\n|t:|1699151894\n|move|p1a: Tornadus|Knock Off|p2a: Jirachi\n|-supereffective|p2a: Jirachi\n|-crit|p2a: Jirachi\n|-damage|p2a: Jirachi|3\/100\n|-enditem|p2a: Jirachi|Choice Scarf|[from] move: Knock Off|[of] p1a: Tornadus\n|move|p2a: Jirachi|U-turn|p1a: Tornadus\n|-resisted|p1a: Tornadus\n|-damage|p1a: Tornadus|63\/100\n|\n|t:|1699151898\n|switch|p2a: Hydreigon|Hydreigon, F|100\/100|[from] U-turn\n|\n|upkeep\n|turn|13\n|\n|t:|1699151907\n|move|p1a: Tornadus|U-turn|p2a: Hydreigon\n|-supereffective|p2a: Hydreigon\n|-damage|p2a: Hydreigon|65\/100\n|\n|t:|1699151911\n|switch|p1a: Clefable|Clefable, M|100\/100|[from] U-turn\n|move|p2a: Hydreigon|U-turn|p1a: Clefable\n|-resisted|p1a: Clefable\n|-damage|p1a: Clefable|92\/100\n|\n|t:|1699151915\n|switch|p2a: Jirachi|Jirachi|3\/100|[from] U-turn\n|\n|upkeep\n|turn|14\n|inactive|Nyamonya has 210 seconds left.\n|\n|t:|1699151952\n|switch|p1a: Tornadus|Tornadus-Therian, M|97\/100\n|-damage|p1a: Tornadus|72\/100|[from] Stealth Rock\n|move|p2a: Jirachi|Iron Head|p1a: Tornadus\n|-damage|p1a: Tornadus|30\/100\n|\n|upkeep\n|turn|15\n|inactive|Nyamonya has 210 seconds left.\n|\n|t:|1699151964\n|move|p1a: Tornadus|Bleakwind Storm|p2a: Jirachi\n|-resisted|p2a: Jirachi\n|-damage|p2a: Jirachi|0 fnt\n|faint|p2a: Jirachi\n|\n|upkeep\n|\n|t:|1699151969\n|switch|p2a: Hydreigon|Hydreigon, F|65\/100\n|turn|16\n|\n|t:|1699151973\n|move|p1a: Tornadus|Bleakwind Storm|p2a: Hydreigon\n|-damage|p2a: Hydreigon|17\/100\n|move|p2a: Hydreigon|Flamethrower|p1a: Tornadus\n|-damage|p1a: Tornadus|0 fnt\n|faint|p1a: Tornadus\n|\n|upkeep\n|inactive|Nyamonya has 210 seconds left.\n|\n|t:|1699152015\n|switch|p1a: Jolteon|Jolteon, F|76\/100\n|-damage|p1a: Jolteon|63\/100|[from] Stealth Rock\n|turn|17\n|\n|t:|1699152029\n|switch|p2a: Annihilape|Annihilape, M|77\/100\n|move|p1a: Jolteon|Volt Switch|p2a: Annihilape\n|-damage|p2a: Annihilape|57\/100\n|inactive|Nyamonya has 180 seconds left.\n|\n|t:|1699152049\n|switch|p1a: Clefable|Clefable, M|92\/100|[from] Volt Switch\n|\n|upkeep\n|turn|18\n|\n|t:|1699152053\n|move|p2a: Annihilape|Rage Fist|p1a: Clefable\n|-damage|p1a: Clefable|30\/100\n|move|p1a: Clefable|Moonblast|p2a: Annihilape\n|-supereffective|p2a: Annihilape\n|-damage|p2a: Annihilape|0 fnt\n|faint|p2a: Annihilape\n|\n|upkeep\n|\n|t:|1699152056\n|switch|p2a: Weezing|Weezing-Galar, M|100\/100\n|turn|19\n|\n|t:|1699152063\n|switch|p1a: Palossand|Palossand, F|95\/100\n|-damage|p1a: Palossand|89\/100|[from] Stealth Rock\n|move|p2a: Weezing|Sludge Bomb|p1a: Palossand\n|-resisted|p1a: Palossand\n|-damage|p1a: Palossand|81\/100\n|\n|upkeep\n|turn|20\n|\n|t:|1699152072\n|move|p2a: Weezing|Sludge Bomb|p1a: Palossand\n|-resisted|p1a: Palossand\n|-damage|p1a: Palossand|73\/100\n|move|p1a: Palossand|Shadow Ball|p2a: Weezing\n|-damage|p2a: Weezing|17\/100\n|\n|-heal|p2a: Weezing|23\/100|[from] item: Black Sludge\n|upkeep\n|turn|21\n|\n|t:|1699152076\n|move|p2a: Weezing|Sludge Bomb|p1a: Palossand\n|-resisted|p1a: Palossand\n|-damage|p1a: Palossand|65\/100\n|move|p1a: Palossand|Shadow Ball|p2a: Weezing\n|-damage|p2a: Weezing|0 fnt\n|faint|p2a: Weezing\n|\n|upkeep\n|\n|t:|1699152078\n|switch|p2a: Hydreigon|Hydreigon, F|17\/100\n|turn|22\n|\n|t:|1699152083\n|switch|p1a: Infernape|Infernape, M|100\/100\n|-damage|p1a: Infernape|88\/100|[from] Stealth Rock\n|move|p2a: Hydreigon|Dark Pulse|p1a: Infernape\n|-resisted|p1a: Infernape\n|-damage|p1a: Infernape|45\/100\n|\n|upkeep\n|turn|23\n|\n|t:|1699152085\n|move|p1a: Infernape|Vacuum Wave|p2a: Hydreigon\n|-supereffective|p2a: Hydreigon\n|-damage|p2a: Hydreigon|0 fnt\n|faint|p2a: Hydreigon\n|\n|win|Nyamonya\n|l|\u2606Wha1efish\n|l|\u2606Nyamonya\n|j|\u2606Wha1efish\n|player|p2|Wha1efish|cynthia-gen4\n|j|\u2606Nyamonya\n|player|p1|Nyamonya|leon-masters\n","uploadtime":1699152096,"views":17,"p1id":"nyamonya","p2id":"wha1efish","formatid":"gen9ubers","rating":0,"private":0,"password":""}