{"id":"gen9ubers-1988118814","p1":"Spectrum725","p2":"LiRip","format":"[Gen 9] Ubers","log":"|j|\u2606Spectrum725\n|j|\u2606LiRip\n|t:|1699671855\n|gametype|singles\n|player|p1|Spectrum725|waiter-gen4dp|\n|player|p2|LiRip|drayden|\n|teamsize|p1|6\n|teamsize|p2|6\n|gen|9\n|tier|[Gen 9] Ubers\n|rule|Sleep Clause Mod: Limit one foe put to sleep\n|rule|Species Clause: Limit one of each Pok\u00e9mon\n|rule|OHKO Clause: OHKO moves are banned\n|rule|Evasion Items Clause: Evasion items are banned\n|rule|Evasion Moves Clause: Evasion moves are banned\n|rule|Endless Battle Clause: Forcing endless battles is banned\n|rule|HP Percentage Mod: HP is shown in percentages\n|clearpoke\n|poke|p1|Torkoal, M|\n|poke|p1|Walking Wake|\n|poke|p1|Chi-Yu|\n|poke|p1|Arceus-Grass|\n|poke|p1|Zacian-*|\n|poke|p1|Magearna-Original|\n|poke|p2|Gholdengo|\n|poke|p2|Magearna|\n|poke|p2|Yanmega, M|\n|poke|p2|Zamazenta-*|\n|poke|p2|Palkia-Origin|\n|poke|p2|Arceus-Grass|\n|teampreview\n|inactive|Battle timer is ON: inactive players will automatically lose when time's up. (requested by LiRip)\n|c|\u2606LiRip|Glhf\n|c|\u2606Spectrum725|glhf 2\n|l|\u2606Spectrum725\n|inactive|Spectrum725 disconnected and has 300 seconds to reconnect!\n|player|p1|\n|c|\u2606LiRip|Uhh\n|j|\u2606Spectrum725\n|inactive|Spectrum725 reconnected and has 290 seconds left.\n|player|p1|Spectrum725|waiter-gen4dp\n|c|\u2606LiRip|Oh ok good your back\n|c|\u2606Spectrum725|my b\n|c|\u2606Spectrum725|my connection was tweaked\n|inactive|Spectrum725 has 270 seconds left.\n|c|\u2606LiRip|Oh i get that lol\n|\n|t:|1699671918\n|start\n|switch|p1a: Magearna|Magearna-Original|100\/100\n|switch|p2a: Palkia|Palkia-Origin, shiny|100\/100\n|-ability|p2a: Palkia|Pressure\n|turn|1\n|\n|t:|1699671925\n|move|p2a: Palkia|Earth Power|p1a: Magearna\n|-supereffective|p1a: Magearna\n|-crit|p1a: Magearna\n|-damage|p1a: Magearna|40\/100\n|-unboost|p1a: Magearna|spd|1\n|move|p1a: Magearna|Thunder Wave|p2a: Palkia\n|-status|p2a: Palkia|par\n|\n|-heal|p1a: Magearna|46\/100|[from] item: Leftovers\n|upkeep\n|turn|2\n|\n|t:|1699671930\n|move|p2a: Palkia|Earth Power|p1a: Magearna\n|-supereffective|p1a: Magearna\n|-damage|p1a: Magearna|0 fnt\n|faint|p1a: Magearna\n|\n|upkeep\n|\n|t:|1699671937\n|switch|p1a: Torkoal|Torkoal, M|100\/100\n|-weather|SunnyDay|[from] ability: Drought|[of] p1a: Torkoal\n|turn|3\n|\n|t:|1699671942\n|switch|p1a: Arceus|Arceus-Grass|100\/100\n|move|p2a: Palkia|Draco Meteor|p1a: Arceus\n|-damage|p1a: Arceus|39\/100\n|-unboost|p2a: Palkia|spa|2\n|\n|-weather|SunnyDay|[upkeep]\n|upkeep\n|turn|4\n|\n|t:|1699671949\n|move|p1a: Arceus|Calm Mind|p1a: Arceus\n|-boost|p1a: Arceus|spa|1\n|-boost|p1a: Arceus|spd|1\n|cant|p2a: Palkia|par\n|\n|-weather|SunnyDay|[upkeep]\n|upkeep\n|turn|5\n|\n|t:|1699671956\n|switch|p2a: MY BOIII|Gholdengo|100\/100\n|move|p1a: Arceus|Recover|p1a: Arceus\n|-heal|p1a: Arceus|89\/100\n|\n|-weather|SunnyDay|[upkeep]\n|upkeep\n|turn|6\n|\n|t:|1699671959\n|move|p1a: Arceus|Taunt|p2a: MY BOIII\n|-immune|p2a: MY BOIII|[from] ability: Good as Gold\n|move|p2a: MY BOIII|Thunder Wave|p1a: Arceus\n|-status|p1a: Arceus|par\n|\n|-weather|SunnyDay|[upkeep]\n|upkeep\n|turn|7\n|c|\u2606Spectrum725|oh yeah\n|c|\u2606Spectrum725|that ability\n|\n|t:|1699671968\n|move|p2a: MY BOIII|Nasty Plot|p2a: MY BOIII\n|-boost|p2a: MY BOIII|spa|2\n|move|p1a: Arceus|Calm Mind|p1a: Arceus\n|-boost|p1a: Arceus|spa|1\n|-boost|p1a: Arceus|spd|1\n|\n|-weather|SunnyDay|[upkeep]\n|upkeep\n|turn|8\n|c|\u2606LiRip|Yuhh\n|\n|t:|1699671972\n|move|p2a: MY BOIII|Nasty Plot|p2a: MY BOIII\n|-boost|p2a: MY BOIII|spa|2\n|move|p1a: Arceus|Calm Mind|p1a: Arceus\n|-boost|p1a: Arceus|spa|1\n|-boost|p1a: Arceus|spd|1\n|\n|-weather|SunnyDay|[upkeep]\n|upkeep\n|turn|9\n|\n|t:|1699671974\n|move|p2a: MY BOIII|Nasty Plot|p2a: MY BOIII\n|-boost|p2a: MY BOIII|spa|2\n|cant|p1a: Arceus|par\n|\n|-weather|SunnyDay|[upkeep]\n|upkeep\n|turn|10\n|\n|t:|1699671976\n|move|p2a: MY BOIII|Shadow Ball|p1a: Arceus\n|-damage|p1a: Arceus|42\/100 par\n|move|p1a: Arceus|Calm Mind|p1a: Arceus\n|-boost|p1a: Arceus|spa|1\n|-boost|p1a: Arceus|spd|1\n|\n|-weather|none\n|upkeep\n|turn|11\n|\n|t:|1699671981\n|move|p2a: MY BOIII|Shadow Ball|p1a: Arceus\n|-damage|p1a: Arceus|8\/100 par\n|cant|p1a: Arceus|par\n|\n|upkeep\n|turn|12\n|\n|t:|1699671985\n|move|p2a: MY BOIII|Shadow Ball|p1a: Arceus\n|-damage|p1a: Arceus|0 fnt\n|faint|p1a: Arceus\n|\n|upkeep\n|\n|t:|1699671988\n|switch|p1a: Torkoal|Torkoal, M|100\/100\n|-weather|SunnyDay|[from] ability: Drought|[of] p1a: Torkoal\n|turn|13\n|\n|t:|1699671990\n|move|p2a: MY BOIII|Thunder Wave|p1a: Torkoal\n|-status|p1a: Torkoal|par\n|move|p1a: Torkoal|Lava Plume|p2a: MY BOIII\n|-supereffective|p2a: MY BOIII\n|-damage|p2a: MY BOIII|19\/100\n|-status|p2a: MY BOIII|brn\n|\n|-weather|SunnyDay|[upkeep]\n|-damage|p2a: MY BOIII|13\/100 brn|[from] brn\n|upkeep\n|turn|14\n|\n|t:|1699671993\n|move|p2a: MY BOIII|Shadow Ball|p1a: Torkoal\n|-damage|p1a: Torkoal|0 fnt\n|faint|p1a: Torkoal\n|\n|-weather|SunnyDay|[upkeep]\n|-damage|p2a: MY BOIII|7\/100 brn|[from] brn\n|upkeep\n|\n|t:|1699671998\n|switch|p1a: Chi-Yu|Chi-Yu|100\/100\n|-ability|p1a: Chi-Yu|Beads of Ruin\n|turn|15\n|\n|t:|1699672002\n|move|p1a: Chi-Yu|Flamethrower|p2a: MY BOIII\n|-supereffective|p2a: MY BOIII\n|-damage|p2a: MY BOIII|0 fnt\n|faint|p2a: MY BOIII\n|\n|-weather|SunnyDay|[upkeep]\n|upkeep\n|\n|t:|1699672007\n|switch|p2a: Just meta|Magearna|100\/100\n|turn|16\n|\n|t:|1699672013\n|switch|p2a: Palkia|Palkia-Origin, shiny|100\/100 par\n|-ability|p2a: Palkia|Pressure\n|move|p1a: Chi-Yu|Flamethrower|p2a: Palkia\n|-resisted|p2a: Palkia\n|-crit|p2a: Palkia\n|-damage|p2a: Palkia|62\/100 par\n|\n|-weather|SunnyDay|[upkeep]\n|upkeep\n|turn|17\n|\n|t:|1699672022\n|-terastallize|p1a: Chi-Yu|Fire\n|move|p1a: Chi-Yu|Flamethrower|p2a: Palkia\n|-resisted|p2a: Palkia\n|-damage|p2a: Palkia|33\/100 par\n|move|p2a: Palkia|Earth Power|p1a: Chi-Yu\n|-supereffective|p1a: Chi-Yu\n|-damage|p1a: Chi-Yu|14\/100\n|\n|-weather|SunnyDay|[upkeep]\n|upkeep\n|turn|18\n|\n|t:|1699672027\n|move|p1a: Chi-Yu|Flamethrower|p2a: Palkia\n|-resisted|p2a: Palkia\n|-damage|p2a: Palkia|4\/100 par\n|cant|p2a: Palkia|par\n|\n|-weather|SunnyDay|[upkeep]\n|upkeep\n|turn|19\n|\n|t:|1699672031\n|move|p1a: Chi-Yu|Flamethrower|p2a: Palkia\n|-resisted|p2a: Palkia\n|-damage|p2a: Palkia|0 fnt\n|faint|p2a: Palkia\n|\n|-weather|SunnyDay|[upkeep]\n|upkeep\n|\n|t:|1699672035\n|switch|p2a: Arceus|Arceus-Grass|100\/100\n|turn|20\n|c|\u2606Spectrum725|chi yusuf\n|\n|t:|1699672045\n|switch|p1a: Walking Wake|Walking Wake|100\/100\n|-activate|p1a: Walking Wake|ability: Protosynthesis\n|-start|p1a: Walking Wake|protosynthesisspe\n|move|p2a: Arceus|Extreme Speed|p1a: Walking Wake\n|-damage|p1a: Walking Wake|75\/100\n|\n|-weather|none\n|-end|p1a: Walking Wake|Protosynthesis\n|upkeep\n|turn|21\n|\n|t:|1699672054\n|move|p1a: Walking Wake|Flamethrower|p2a: Arceus\n|-supereffective|p2a: Arceus\n|-damage|p2a: Arceus|44\/100\n|move|p2a: Arceus|Judgment|p1a: Walking Wake\n|-damage|p1a: Walking Wake|3\/100\n|\n|upkeep\n|turn|22\n|\n|t:|1699672059\n|move|p2a: Arceus|Extreme Speed|p1a: Walking Wake\n|-damage|p1a: Walking Wake|0 fnt\n|faint|p1a: Walking Wake\n|-end|p1a: Walking Wake|Protosynthesis|[silent]\n|\n|upkeep\n|\n|t:|1699672061\n|switch|p1a: Zacian|Zacian|100\/100\n|-ability|p1a: Zacian|Intrepid Sword|boost\n|-boost|p1a: Zacian|atk|1\n|turn|23\n|\n|t:|1699672067\n|move|p1a: Zacian|Play Rough|p2a: Arceus\n|-damage|p2a: Arceus|0 fnt\n|faint|p2a: Arceus\n|\n|upkeep\n|\n|t:|1699672070\n|switch|p2a: CARRIES THE LOGS|Yanmega, M, shiny|100\/100\n|turn|24\n|\n|t:|1699672076\n|-terastallize|p2a: CARRIES THE LOGS|Bug\n|move|p1a: Zacian|Play Rough|p2a: CARRIES THE LOGS\n|-damage|p2a: CARRIES THE LOGS|18\/100\n|move|p2a: CARRIES THE LOGS|Bug Buzz|p1a: Zacian\n|-resisted|p1a: Zacian\n|-damage|p1a: Zacian|24\/100\n|\n|upkeep\n|turn|25\n|\n|t:|1699672081\n|move|p1a: Zacian|Play Rough|p2a: CARRIES THE LOGS\n|-damage|p2a: CARRIES THE LOGS|0 fnt\n|faint|p2a: CARRIES THE LOGS\n|\n|upkeep\n|\n|t:|1699672082\n|switch|p2a: Disgusting set|Zamazenta-Crowned|100\/100\n|-ability|p2a: Disgusting set|Dauntless Shield|boost\n|-boost|p2a: Disgusting set|def|1\n|turn|26\n|\n|t:|1699672087\n|move|p1a: Zacian|Close Combat|p2a: Disgusting set\n|-supereffective|p2a: Disgusting set\n|-damage|p2a: Disgusting set|45\/100\n|-unboost|p1a: Zacian|def|1\n|-unboost|p1a: Zacian|spd|1\n|move|p2a: Disgusting set|Body Press|p1a: Zacian\n|-resisted|p1a: Zacian\n|-damage|p1a: Zacian|0 fnt\n|faint|p1a: Zacian\n|\n|upkeep\n|\n|t:|1699672090\n|switch|p1a: Chi-Yu|Chi-Yu, tera:Fire|14\/100\n|-ability|p1a: Chi-Yu|Beads of Ruin\n|turn|27\n|\n|t:|1699672094\n|move|p1a: Chi-Yu|Flamethrower|p2a: Disgusting set\n|-supereffective|p2a: Disgusting set\n|-damage|p2a: Disgusting set|0 fnt\n|faint|p2a: Disgusting set\n|\n|upkeep\n|\n|t:|1699672099\n|switch|p2a: Just meta|Magearna|100\/100\n|turn|28\n|\n|t:|1699672101\n|move|p1a: Chi-Yu|Flamethrower|p2a: Just meta\n|-supereffective|p2a: Just meta\n|-damage|p2a: Just meta|0 fnt\n|faint|p2a: Just meta\n|\n|win|Spectrum725\n|c|\u2606Spectrum725|gg2\n|c|\u2606LiRip|Ah wow\n|c|\u2606LiRip|Ggs i didnt know it was scarfed\n|c|\u2606Spectrum725|yea i got way too lucky these games ngl\n|c|\u2606Spectrum725|but yea its scarfed\n|l|\u2606LiRip\n","uploadtime":1699672123,"views":26,"p1id":"spectrum725","p2id":"lirip","formatid":"gen9ubers","rating":0,"private":0,"password":""}