{"id":"gen9ubers-1981151025","p1":"Leo Justice","p2":"SwordIsBored","format":"[Gen 9] Ubers","log":"|j|\u2606Leo Justice\n|j|\u2606SwordIsBored\n|t:|1698867703\n|gametype|singles\n|player|p1|Leo Justice|carmine|\n|player|p2|SwordIsBored|irida|\n|teamsize|p1|6\n|teamsize|p2|6\n|gen|9\n|tier|[Gen 9] Ubers\n|rule|Sleep Clause Mod: Limit one foe put to sleep\n|rule|Species Clause: Limit one of each Pok\u00e9mon\n|rule|OHKO Clause: OHKO moves are banned\n|rule|Evasion Items Clause: Evasion items are banned\n|rule|Evasion Moves Clause: Evasion moves are banned\n|rule|Endless Battle Clause: Forcing endless battles is banned\n|rule|HP Percentage Mod: HP is shown in percentages\n|clearpoke\n|poke|p1|Dialga|\n|poke|p1|Moltres|\n|poke|p1|Palafin, M|\n|poke|p1|Arceus-Ghost|\n|poke|p1|Ogerpon-Wellspring, F|\n|poke|p1|Magearna|\n|poke|p2|Arceus-Ghost|\n|poke|p2|Shaymin-Sky|\n|poke|p2|Garchomp, M|\n|poke|p2|Magearna|\n|poke|p2|Palafin, M|\n|poke|p2|Cyclizar, M|\n|teampreview\n|c|\u2606SwordIsBored|glhf\n|c|\u2606Leo Justice|Gl\n|\n|t:|1698867733\n|start\n|switch|p1a: Palafin|Palafin, M|100\/100\n|switch|p2a: Cyclizar|Cyclizar, M|100\/100\n|turn|1\n|\n|t:|1698867740\n|move|p2a: Cyclizar|Shed Tail|p2a: Cyclizar\n|-start|p2a: Cyclizar|Substitute|[from] move: Shed Tail\n|-damage|p2a: Cyclizar|50\/100\n|\n|t:|1698867755\n|switch|p2a: Shaymin|Shaymin-Sky|100\/100|[from] Shed Tail\n|move|p1a: Palafin|Flip Turn|p2a: Shaymin\n|-resisted|p2a: Shaymin\n|-activate|p2a: Shaymin|move: Substitute|[damage]\n|\n|t:|1698867766\n|detailschange|p1a: Palafin|Palafin-Hero, M\n|switch|p1a: Dialga|Dialga|100\/100|[from] Flip Turn\n|-ability|p1a: Dialga|Pressure\n|\n|upkeep\n|turn|2\n|\n|t:|1698867773\n|move|p2a: Shaymin|Leech Seed|p1a: Dialga\n|-start|p1a: Dialga|move: Leech Seed\n|move|p1a: Dialga|Flash Cannon|p2a: Shaymin\n|-end|p2a: Shaymin|Substitute\n|\n|-damage|p1a: Dialga|88\/100|[from] Leech Seed|[of] p2a: Shaymin\n|upkeep\n|turn|3\n|\n|t:|1698867789\n|switch|p2a: Magearna|Magearna|100\/100\n|switch|p1a: Magearna|Magearna|100\/100\n|\n|upkeep\n|turn|4\n|\n|t:|1698867794\n|move|p2a: Magearna|Spikes|p1a: Magearna\n|-sidestart|p1: Leo Justice|Spikes\n|move|p1a: Magearna|Volt Switch|p2a: Magearna\n|-damage|p2a: Magearna|67\/100\n|\n|t:|1698867801\n|switch|p1a: Palafin|Palafin-Hero, M|100\/100|[from] Volt Switch\n|-damage|p1a: Palafin|88\/100|[from] Spikes\n|-activate|p1a: Palafin|ability: Zero to Hero\n|\n|-heal|p2a: Magearna|73\/100|[from] item: Leftovers\n|upkeep\n|turn|5\n|\n|t:|1698867821\n|move|p1a: Palafin|Flip Turn|p2a: Magearna\n|-damage|p2a: Magearna|27\/100\n|\n|t:|1698867827\n|switch|p1a: Dialga|Dialga|88\/100|[from] Flip Turn\n|-damage|p1a: Dialga|76\/100|[from] Spikes\n|-ability|p1a: Dialga|Pressure\n|move|p2a: Magearna|Fleur Cannon|p1a: Dialga\n|-damage|p1a: Dialga|34\/100\n|-unboost|p2a: Magearna|spa|2\n|\n|-heal|p1a: Dialga|40\/100|[from] item: Leftovers\n|-heal|p2a: Magearna|33\/100|[from] item: Leftovers\n|upkeep\n|turn|6\n|\n|t:|1698867850\n|move|p1a: Dialga|Flash Cannon|p2a: Magearna\n|-damage|p2a: Magearna|3\/100\n|move|p2a: Magearna|Spikes|p1a: Dialga\n|-sidestart|p1: Leo Justice|Spikes\n|\n|-heal|p1a: Dialga|46\/100|[from] item: Leftovers\n|-heal|p2a: Magearna|9\/100|[from] item: Leftovers\n|upkeep\n|turn|7\n|\n|t:|1698867855\n|move|p1a: Dialga|Stealth Rock|p2a: Magearna\n|-sidestart|p2: SwordIsBored|move: Stealth Rock\n|move|p2a: Magearna|Spikes|p1a: Dialga\n|-sidestart|p1: Leo Justice|Spikes\n|\n|-heal|p1a: Dialga|52\/100|[from] item: Leftovers\n|-heal|p2a: Magearna|15\/100|[from] item: Leftovers\n|upkeep\n|turn|8\n|\n|t:|1698867858\n|move|p1a: Dialga|Flash Cannon|p2a: Magearna\n|-damage|p2a: Magearna|0 fnt\n|faint|p2a: Magearna\n|\n|-heal|p1a: Dialga|59\/100|[from] item: Leftovers\n|upkeep\n|\n|t:|1698867865\n|switch|p2a: Garchomp|Garchomp, M|100\/100\n|-damage|p2a: Garchomp|94\/100|[from] Stealth Rock\n|turn|9\n|\n|t:|1698867870\n|switch|p1a: Moltres|Moltres|100\/100\n|move|p2a: Garchomp|Earthquake|p1a: Moltres\n|-immune|p1a: Moltres\n|\n|-heal|p2a: Garchomp|100\/100|[from] item: Leftovers\n|upkeep\n|turn|10\n|\n|t:|1698867878\n|switch|p2a: Cyclizar|Cyclizar, M|84\/100\n|move|p1a: Moltres|Will-O-Wisp|p2a: Cyclizar\n|-status|p2a: Cyclizar|brn\n|\n|-damage|p2a: Cyclizar|78\/100 brn|[from] brn\n|upkeep\n|turn|11\n|\n|t:|1698867886\n|move|p2a: Cyclizar|Shed Tail|p2a: Cyclizar\n|-start|p2a: Cyclizar|Substitute|[from] move: Shed Tail\n|-damage|p2a: Cyclizar|28\/100 brn\n|\n|t:|1698867891\n|switch|p2a: Garchomp|Garchomp, M|100\/100|[from] Shed Tail\n|-damage|p2a: Garchomp|94\/100|[from] Stealth Rock\n|move|p1a: Moltres|Hurricane|p2a: Garchomp\n|-end|p2a: Garchomp|Substitute\n|\n|-heal|p2a: Garchomp|100\/100|[from] item: Leftovers\n|upkeep\n|turn|12\n|\n|t:|1698867901\n|move|p2a: Garchomp|Swords Dance|p2a: Garchomp\n|-boost|p2a: Garchomp|atk|2\n|move|p1a: Moltres|Will-O-Wisp|p2a: Garchomp|[miss]\n|-miss|p1a: Moltres|p2a: Garchomp\n|\n|upkeep\n|turn|13\n|c|\u2606SwordIsBored|o\n|c|\u2606SwordIsBored|srry\n|\n|t:|1698867908\n|move|p2a: Garchomp|Scale Shot|p1a: Moltres\n|-crit|p1a: Moltres\n|-damage|p1a: Moltres|72\/100\n|-damage|p1a: Moltres|53\/100\n|-damage|p1a: Moltres|35\/100\n|-hitcount|p1a: Moltres|3\n|-unboost|p2a: Garchomp|def|1\n|-boost|p2a: Garchomp|spe|1\n|move|p1a: Moltres|Will-O-Wisp|p2a: Garchomp\n|-status|p2a: Garchomp|brn\n|\n|-damage|p2a: Garchomp|94\/100 brn|[from] brn\n|upkeep\n|turn|14\n|\n|t:|1698867919\n|move|p2a: Garchomp|Stealth Rock|p1a: Moltres\n|-sidestart|p1: Leo Justice|move: Stealth Rock\n|move|p1a: Moltres|Hurricane|p2a: Garchomp\n|-damage|p2a: Garchomp|44\/100 brn\n|\n|-heal|p2a: Garchomp|51\/100 brn|[from] item: Leftovers\n|-damage|p2a: Garchomp|44\/100 brn|[from] brn\n|upkeep\n|turn|15\n|\n|t:|1698867928\n|move|p2a: Garchomp|Scale Shot|p1a: Moltres\n|-damage|p1a: Moltres|26\/100\n|-crit|p1a: Moltres\n|-damage|p1a: Moltres|13\/100\n|-hitcount|p1a: Moltres|2\n|-unboost|p2a: Garchomp|def|1\n|-boost|p2a: Garchomp|spe|1\n|move|p1a: Moltres|Hurricane|p2a: Garchomp\n|-damage|p2a: Garchomp|0 fnt\n|faint|p2a: Garchomp\n|\n|upkeep\n|\n|t:|1698867947\n|switch|p2a: Shaymin|Shaymin-Sky|100\/100\n|turn|16\n|\n|t:|1698867951\n|move|p2a: Shaymin|Air Slash|p1a: Moltres\n|-damage|p1a: Moltres|0 fnt\n|faint|p1a: Moltres\n|\n|upkeep\n|\n|t:|1698867974\n|switch|p1a: Magearna|Magearna|100\/100\n|-damage|p1a: Magearna|75\/100|[from] Spikes\n|-damage|p1a: Magearna|69\/100|[from] Stealth Rock\n|turn|17\n|\n|t:|1698867982\n|move|p2a: Shaymin|Substitute|p2a: Shaymin\n|-start|p2a: Shaymin|Substitute\n|-damage|p2a: Shaymin|76\/100\n|move|p1a: Magearna|Fleur Cannon|p2a: Shaymin\n|-end|p2a: Shaymin|Substitute\n|-unboost|p1a: Magearna|spa|2\n|\n|upkeep\n|turn|18\n|\n|t:|1698867987\n|move|p2a: Shaymin|Leech Seed|p1a: Magearna\n|-start|p1a: Magearna|move: Leech Seed\n|move|p1a: Magearna|Fleur Cannon|p2a: Shaymin\n|-damage|p2a: Shaymin|0 fnt\n|-unboost|p1a: Magearna|spa|2\n|faint|p2a: Shaymin\n|-ability|p1a: Magearna|Soul-Heart|boost\n|-boost|p1a: Magearna|spa|1\n|\n|upkeep\n|c|\u2606SwordIsBored|o damn.\n|c|\u2606Leo Justice|Specs mag\n|c|\u2606Leo Justice|lets fucking go\n|\n|t:|1698868019\n|switch|p2a: Cyclizar|Cyclizar, M|61\/100 brn\n|turn|19\n|\n|t:|1698868024\n|move|p2a: Cyclizar|Shed Tail|p2a: Cyclizar\n|-start|p2a: Cyclizar|Substitute|[from] move: Shed Tail\n|-damage|p2a: Cyclizar|11\/100 brn\n|\n|t:|1698868026\n|switch|p2a: Arceus|Arceus-Ghost|100\/100|[from] Shed Tail\n|-damage|p2a: Arceus|88\/100|[from] Stealth Rock\n|move|p1a: Magearna|Fleur Cannon|p2a: Arceus\n|-end|p2a: Arceus|Substitute\n|-unboost|p1a: Magearna|spa|2\n|\n|-damage|p1a: Magearna|57\/100|[from] Leech Seed|[of] p2a: Arceus\n|-heal|p2a: Arceus|99\/100|[silent]\n|upkeep\n|turn|20\n|\n|t:|1698868035\n|switch|p1a: Dialga|Dialga|59\/100\n|-damage|p1a: Dialga|34\/100|[from] Spikes\n|-damage|p1a: Dialga|27\/100|[from] Stealth Rock\n|-ability|p1a: Dialga|Pressure\n|move|p2a: Arceus|Swords Dance|p2a: Arceus\n|-boost|p2a: Arceus|atk|2\n|\n|-heal|p1a: Dialga|34\/100|[from] item: Leftovers\n|upkeep\n|turn|21\n|\n|t:|1698868047\n|-terastallize|p2a: Arceus|Normal\n|move|p2a: Arceus|Extreme Speed|p1a: Dialga\n|-resisted|p1a: Dialga\n|-damage|p1a: Dialga|0 fnt\n|faint|p1a: Dialga\n|\n|upkeep\n|c|\u2606Leo Justice|its over gg\n|c|\u2606SwordIsBored|rip\n|\n|t:|1698868079\n|switch|p1a: Arceus|Arceus-Ghost|100\/100\n|-damage|p1a: Arceus|75\/100|[from] Spikes\n|-damage|p1a: Arceus|63\/100|[from] Stealth Rock\n|turn|22\n|\n|t:|1698868096\n|move|p2a: Arceus|Shadow Claw|p1a: Arceus\n|-supereffective|p1a: Arceus\n|-damage|p1a: Arceus|0 fnt\n|faint|p1a: Arceus\n|\n|upkeep\n|\n|t:|1698868102\n|switch|p1a: Palafin|Palafin-Hero, M|88\/100\n|-damage|p1a: Palafin|63\/100|[from] Spikes\n|-damage|p1a: Palafin|51\/100|[from] Stealth Rock\n|turn|23\n|c|\u2606SwordIsBored|hazards are just\n|c|\u2606SwordIsBored|busted\n|c|\u2606Leo Justice|Yeah\n|\n|t:|1698868109\n|-terastallize|p1a: Palafin|Water\n|move|p2a: Arceus|Extreme Speed|p1a: Palafin\n|-damage|p1a: Palafin|0 fnt\n|faint|p1a: Palafin\n|\n|upkeep\n|c|\u2606Leo Justice|now that tina is gone its just\n|c|\u2606Leo Justice|hard to remove then\n|\n|t:|1698868119\n|switch|p1a: Magearna|Magearna|57\/100\n|-damage|p1a: Magearna|32\/100|[from] Spikes\n|-damage|p1a: Magearna|26\/100|[from] Stealth Rock\n|turn|24\n|c|\u2606SwordIsBored|ye\n|c|\u2606SwordIsBored|u dont even need gholde\n|c|\u2606SwordIsBored|anymore\n|c|\u2606Leo Justice|Yeah just ghosteus\n|\n|t:|1698868130\n|move|p2a: Arceus|Shadow Claw|p1a: Magearna\n|-damage|p1a: Magearna|0 fnt\n|faint|p1a: Magearna\n|\n|upkeep\n|\n|t:|1698868135\n|switch|p1a: Ogerpon|Ogerpon-Wellspring, F|100\/100\n|-damage|p1a: Ogerpon|76\/100|[from] Spikes\n|-damage|p1a: Ogerpon|63\/100|[from] Stealth Rock\n|turn|25\n|\n|t:|1698868140\n|move|p2a: Arceus|Extreme Speed|p1a: Ogerpon\n|-damage|p1a: Ogerpon|0 fnt\n|faint|p1a: Ogerpon\n|\n|win|SwordIsBored\n","uploadtime":1698868144,"views":26,"p1id":"leojustice","p2id":"swordisbored","formatid":"gen9ubers","rating":0,"private":0,"password":""}