{"id":"gen9ubers-1988758010","p1":"Numbisss","p2":"leaveher","format":"[Gen 9] Ubers","log":"|j|\u2606Numbisss\n|j|\u2606leaveher\n|t:|1699759322\n|gametype|singles\n|player|p1|Numbisss|unknown|\n|player|p2|leaveher|li|\n|teamsize|p1|6\n|teamsize|p2|6\n|gen|9\n|tier|[Gen 9] Ubers\n|rule|Sleep Clause Mod: Limit one foe put to sleep\n|rule|Species Clause: Limit one of each Pok\u00e9mon\n|rule|OHKO Clause: OHKO moves are banned\n|rule|Evasion Items Clause: Evasion items are banned\n|rule|Evasion Moves Clause: Evasion moves are banned\n|rule|Endless Battle Clause: Forcing endless battles is banned\n|rule|HP Percentage Mod: HP is shown in percentages\n|clearpoke\n|poke|p1|Flutter Mane|\n|poke|p1|Ursaluna-Bloodmoon, M|\n|poke|p1|Dragapult, M|\n|poke|p1|Chien-Pao|\n|poke|p1|Annihilape, F|\n|poke|p1|Greninja-*, M|\n|poke|p2|Volcarona, F|\n|poke|p2|Koraidon|\n|poke|p2|Groudon|\n|poke|p2|Landorus-Therian, M|\n|poke|p2|Arceus-Fairy|\n|poke|p2|Eternatus|\n|teampreview\n|inactive|Battle timer is ON: inactive players will automatically lose when time's up. (requested by leaveher)\n|inactive|leaveher has 270 seconds left.\n|\n|t:|1699759357\n|start\n|switch|p1a: Freddy Fazbear|Ursaluna-Bloodmoon, M|100\/100\n|switch|p2a: Arceus|Arceus-Fairy|100\/100\n|turn|1\n|\n|t:|1699759372\n|move|p2a: Arceus|Calm Mind|p2a: Arceus\n|-boost|p2a: Arceus|spa|1\n|-boost|p2a: Arceus|spd|1\n|move|p1a: Freddy Fazbear|Blood Moon|p2a: Arceus\n|-damage|p2a: Arceus|56\/100\n|-damage|p1a: Freddy Fazbear|90\/100|[from] item: Life Orb\n|\n|upkeep\n|turn|2\n|\n|t:|1699759390\n|move|p2a: Arceus|Recover|p2a: Arceus\n|-heal|p2a: Arceus|100\/100\n|move|p1a: Freddy Fazbear|Earthquake|p2a: Arceus\n|-damage|p2a: Arceus|80\/100\n|-damage|p1a: Freddy Fazbear|80\/100|[from] item: Life Orb\n|\n|upkeep\n|turn|3\n|inactive|Numbisss has 270 seconds left.\n|\n|t:|1699759419\n|move|p2a: Arceus|Calm Mind|p2a: Arceus\n|-boost|p2a: Arceus|spa|1\n|-boost|p2a: Arceus|spd|1\n|move|p1a: Freddy Fazbear|Blood Moon|p2a: Arceus\n|-damage|p2a: Arceus|47\/100\n|-damage|p1a: Freddy Fazbear|70\/100|[from] item: Life Orb\n|\n|upkeep\n|turn|4\n|inactive|Numbisss has 270 seconds left.\n|\n|t:|1699759449\n|-terastallize|p1a: Freddy Fazbear|Ground\n|move|p2a: Arceus|Recover|p2a: Arceus\n|-heal|p2a: Arceus|97\/100\n|move|p1a: Freddy Fazbear|Earthquake|p2a: Arceus\n|-damage|p2a: Arceus|67\/100\n|-damage|p1a: Freddy Fazbear|60\/100|[from] item: Life Orb\n|\n|upkeep\n|turn|5\n|\n|t:|1699759462\n|move|p2a: Arceus|Recover|p2a: Arceus\n|-heal|p2a: Arceus|100\/100\n|move|p1a: Freddy Fazbear|Blood Moon|p2a: Arceus\n|-damage|p2a: Arceus|64\/100\n|-damage|p1a: Freddy Fazbear|50\/100|[from] item: Life Orb\n|\n|upkeep\n|turn|6\n|c|\u2606Numbisss|Idk what I\u2019m doing\n|\n|t:|1699759472\n|move|p2a: Arceus|Recover|p2a: Arceus\n|-heal|p2a: Arceus|100\/100\n|move|p1a: Freddy Fazbear|Earthquake|p2a: Arceus\n|-damage|p2a: Arceus|71\/100\n|-damage|p1a: Freddy Fazbear|40\/100|[from] item: Life Orb\n|\n|upkeep\n|turn|7\n|c|\u2606leaveher|u wanted ubers not me\n|\n|t:|1699759480\n|move|p2a: Arceus|Judgment|p1a: Freddy Fazbear\n|-damage|p1a: Freddy Fazbear|0 fnt\n|faint|p1a: Freddy Fazbear\n|\n|upkeep\n|c|\u2606Numbisss|Ouch\n|\n|t:|1699759502\n|switch|p1a: Stealth Bomber|Dragapult, M, shiny|100\/100\n|turn|8\n|c|\u2606leaveher|i didnt mean it in a mean way\n|\n|t:|1699759513\n|move|p1a: Stealth Bomber|Shadow Ball|p2a: Arceus\n|-damage|p2a: Arceus|59\/100\n|move|p2a: Arceus|Judgment|p1a: Stealth Bomber\n|-supereffective|p1a: Stealth Bomber\n|-damage|p1a: Stealth Bomber|0 fnt\n|faint|p1a: Stealth Bomber\n|\n|upkeep\n|inactive|Numbisss has 240 seconds left.\n|c|\u2606Numbisss|Ik I just felt like the Pok\u00e9mon was hurt because of that attack\n|\n|t:|1699759552\n|switch|p1a: Bloody Mary|Flutter Mane, shiny|100\/100\n|-enditem|p1a: Bloody Mary|Booster Energy\n|-activate|p1a: Bloody Mary|ability: Protosynthesis|[fromitem]\n|-start|p1a: Bloody Mary|protosynthesisspa\n|turn|9\n|\n|t:|1699759560\n|move|p2a: Arceus|Judgment|p1a: Bloody Mary\n|-damage|p1a: Bloody Mary|1\/100\n|move|p1a: Bloody Mary|Shadow Ball|p2a: Arceus\n|-damage|p2a: Arceus|38\/100\n|-unboost|p2a: Arceus|spd|1\n|\n|upkeep\n|turn|10\n|\n|t:|1699759582\n|-end|p1a: Bloody Mary|Protosynthesis|[silent]\n|switch|p1a: Big Monkey|Annihilape, F, shiny|100\/100\n|move|p2a: Arceus|Recover|p2a: Arceus\n|-heal|p2a: Arceus|88\/100\n|\n|upkeep\n|turn|11\n|\n|t:|1699759590\n|move|p2a: Arceus|Judgment|p1a: Big Monkey\n|-supereffective|p1a: Big Monkey\n|-enditem|p1a: Big Monkey|Focus Sash\n|-damage|p1a: Big Monkey|1\/100\n|move|p1a: Big Monkey|Rage Fist|p2a: Arceus\n|-damage|p2a: Arceus|51\/100\n|\n|upkeep\n|turn|12\n|c|\u2606Numbisss|The monkey looks cool!\n|c|\u2606leaveher|it does\n|inactive|Numbisss has 210 seconds left.\n|\n|t:|1699759621\n|move|p2a: Arceus|Judgment|p1a: Big Monkey\n|-supereffective|p1a: Big Monkey\n|-damage|p1a: Big Monkey|0 fnt\n|faint|p1a: Big Monkey\n|\n|upkeep\n|\n|t:|1699759628\n|switch|p1a: Po|Chien-Pao|100\/100\n|-ability|p1a: Po|Sword of Ruin\n|turn|13\n|inactive|Numbisss has 210 seconds left.\n|\n|t:|1699759634\n|move|p1a: Po|Sucker Punch|p2a: Arceus\n|-resisted|p2a: Arceus\n|-damage|p2a: Arceus|30\/100\n|-damage|p1a: Po|91\/100|[from] item: Life Orb\n|move|p2a: Arceus|Judgment|p1a: Po\n|-supereffective|p1a: Po\n|-damage|p1a: Po|0 fnt\n|faint|p1a: Po\n|\n|upkeep\n|inactive|Numbisss has 210 seconds left.\n|\n|t:|1699759647\n|switch|p1a: Ninja|Greninja, M|100\/100\n|turn|14\n|inactive|Numbisss has 210 seconds left.\n|\n|t:|1699759656\n|move|p2a: Arceus|Judgment|p1a: Ninja\n|-supereffective|p1a: Ninja\n|-damage|p1a: Ninja|0 fnt\n|faint|p1a: Ninja\n|\n|upkeep\n|inactive|Numbisss has 210 seconds left.\n|\n|t:|1699759661\n|switch|p1a: Bloody Mary|Flutter Mane, shiny|1\/100\n|turn|15\n|\n|t:|1699759665\n|move|p2a: Arceus|Judgment|p1a: Bloody Mary\n|-damage|p1a: Bloody Mary|0 fnt\n|faint|p1a: Bloody Mary\n|-end|p1a: Bloody Mary|Protosynthesis|[silent]\n|\n|win|leaveher\n|c|\u2606Numbisss|Gg\n|c|\u2606leaveher|gg\n|l|\u2606Numbisss\n|l|\u2606leaveher\n|j|\u2606leaveher\n|player|p2|leaveher|li\n","uploadtime":1699760329,"views":15,"p1id":"numbisss","p2id":"leaveher","formatid":"gen9ubers","rating":0,"private":0,"password":""}