{"id":"gen9ubers-1988132484","p1":"amblob","p2":"angl3r","format":"[Gen 9] Ubers","log":"|j|\u2606amblob\n|j|\u203dangl3r\n|t:|1699673621\n|gametype|singles\n|player|p1|amblob|ash-sinnoh|\n|player|p2|angl3r|iris-gen5bw2|\n|teamsize|p1|6\n|teamsize|p2|6\n|gen|9\n|tier|[Gen 9] Ubers\n|rule|Sleep Clause Mod: Limit one foe put to sleep\n|rule|Species Clause: Limit one of each Pok\u00e9mon\n|rule|OHKO Clause: OHKO moves are banned\n|rule|Evasion Items Clause: Evasion items are banned\n|rule|Evasion Moves Clause: Evasion moves are banned\n|rule|Endless Battle Clause: Forcing endless battles is banned\n|rule|HP Percentage Mod: HP is shown in percentages\n|clearpoke\n|poke|p1|Skeledirge, F|\n|poke|p1|Blissey, F|\n|poke|p1|Iron Valiant|\n|poke|p1|Giratina-Origin|\n|poke|p1|Gliscor, M|\n|poke|p1|Ninetales-Alola, M|\n|poke|p2|Iron Valiant|\n|poke|p2|Groudon|\n|poke|p2|Landorus, M|\n|poke|p2|Rayquaza|\n|poke|p2|Giratina-Origin|\n|poke|p2|Arceus|\n|teampreview\n|\n|t:|1699673638\n|start\n|switch|p1a: Gliscor|Gliscor, M|100\/100\n|switch|p2a: Groudon|Groudon|100\/100\n|-weather|SunnyDay|[from] ability: Drought|[of] p2a: Groudon\n|turn|1\n|\n|t:|1699673645\n|move|p1a: Gliscor|Protect|p1a: Gliscor\n|-singleturn|p1a: Gliscor|Protect\n|move|p2a: Groudon|Will-O-Wisp|p1a: Gliscor\n|-activate|p1a: Gliscor|move: Protect\n|\n|-weather|SunnyDay|[upkeep]\n|-status|p1a: Gliscor|tox|[from] item: Toxic Orb\n|upkeep\n|turn|2\n|\n|t:|1699673660\n|move|p1a: Gliscor|Toxic|p2a: Groudon\n|-status|p2a: Groudon|tox\n|move|p2a: Groudon|Stealth Rock|p1a: Gliscor\n|-sidestart|p1: amblob|move: Stealth Rock\n|\n|-weather|SunnyDay|[upkeep]\n|-damage|p2a: Groudon|94\/100 tox|[from] psn\n|upkeep\n|turn|3\n|\n|t:|1699673664\n|switch|p2a: Rayquaza|Rayquaza|100\/100\n|-ability|p2a: Rayquaza|Air Lock\n|move|p1a: Gliscor|Spikes|p2a: Rayquaza\n|-sidestart|p2: angl3r|Spikes\n|\n|-weather|SunnyDay|[upkeep]\n|upkeep\n|turn|4\n|\n|t:|1699673670\n|move|p1a: Gliscor|Protect|p1a: Gliscor\n|-singleturn|p1a: Gliscor|Protect\n|move|p2a: Rayquaza|Scale Shot|p1a: Gliscor\n|-activate|p1a: Gliscor|move: Protect\n|\n|-weather|SunnyDay|[upkeep]\n|upkeep\n|turn|5\n|\n|t:|1699673678\n|move|p2a: Rayquaza|Dragon Ascent|p1a: Gliscor\n|-damage|p1a: Gliscor|60\/100 tox\n|-unboost|p2a: Rayquaza|def|1\n|-unboost|p2a: Rayquaza|spd|1\n|move|p1a: Gliscor|Toxic|p2a: Rayquaza\n|-status|p2a: Rayquaza|tox\n|\n|-weather|none\n|-damage|p2a: Rayquaza|95\/100 tox|[from] psn\n|-heal|p1a: Gliscor|73\/100 tox|[from] ability: Poison Heal\n|upkeep\n|turn|6\n|\n|t:|1699673687\n|switch|p2a: Landorus|Landorus, M|100\/100\n|move|p1a: Gliscor|Toxic|p2a: Landorus\n|-status|p2a: Landorus|tox\n|\n|-damage|p2a: Landorus|95\/100 tox|[from] psn\n|-heal|p1a: Gliscor|85\/100 tox|[from] ability: Poison Heal\n|upkeep\n|turn|7\n|\n|t:|1699673693\n|move|p1a: Gliscor|Protect|p1a: Gliscor\n|-singleturn|p1a: Gliscor|Protect\n|move|p2a: Landorus|Psychic|p1a: Gliscor\n|-activate|p1a: Gliscor|move: Protect\n|\n|-damage|p2a: Landorus|83\/100 tox|[from] psn\n|-heal|p1a: Gliscor|98\/100 tox|[from] ability: Poison Heal\n|upkeep\n|turn|8\n|\n|t:|1699673697\n|switch|p1a: Blissey|Blissey, F|100\/100\n|-damage|p1a: Blissey|88\/100|[from] Stealth Rock\n|move|p2a: Landorus|Nasty Plot|p2a: Landorus\n|-boost|p2a: Landorus|spa|2\n|\n|-heal|p1a: Blissey|94\/100|[from] item: Leftovers\n|-damage|p2a: Landorus|65\/100 tox|[from] psn\n|upkeep\n|turn|9\n|\n|t:|1699673708\n|move|p2a: Landorus|Earth Power|p1a: Blissey\n|-damage|p1a: Blissey|60\/100\n|move|p1a: Blissey|Soft-Boiled|p1a: Blissey\n|-heal|p1a: Blissey|100\/100\n|\n|-damage|p2a: Landorus|41\/100 tox|[from] psn\n|upkeep\n|turn|10\n|\n|t:|1699673711\n|switch|p2a: Arceus|Arceus|100\/100\n|-damage|p2a: Arceus|88\/100|[from] Spikes\n|move|p1a: Blissey|Seismic Toss|p2a: Arceus\n|-damage|p2a: Arceus|62\/100\n|\n|-heal|p2a: Arceus|68\/100|[from] item: Leftovers\n|upkeep\n|turn|11\n|\n|t:|1699673717\n|switch|p1a: Skeledirge|Skeledirge, F|100\/100\n|move|p2a: Arceus|Shadow Claw|p1a: Skeledirge\n|-supereffective|p1a: Skeledirge\n|-crit|p1a: Skeledirge\n|-damage|p1a: Skeledirge|59\/100\n|\n|-heal|p2a: Arceus|74\/100|[from] item: Leftovers\n|upkeep\n|turn|12\n|\n|t:|1699673722\n|switch|p2a: Iron Valiant|Iron Valiant|100\/100\n|-damage|p2a: Iron Valiant|88\/100|[from] Spikes\n|-enditem|p2a: Iron Valiant|Booster Energy\n|-activate|p2a: Iron Valiant|ability: Quark Drive|[fromitem]\n|-start|p2a: Iron Valiant|quarkdrivespe\n|move|p1a: Skeledirge|Slack Off|p1a: Skeledirge\n|-heal|p1a: Skeledirge|100\/100\n|\n|upkeep\n|turn|13\n|\n|t:|1699673730\n|switch|p1a: Blissey|Blissey, F|100\/100\n|-damage|p1a: Blissey|88\/100|[from] Stealth Rock\n|move|p2a: Iron Valiant|Calm Mind|p2a: Iron Valiant\n|-boost|p2a: Iron Valiant|spa|1\n|-boost|p2a: Iron Valiant|spd|1\n|\n|-heal|p1a: Blissey|94\/100|[from] item: Leftovers\n|upkeep\n|turn|14\n|\n|t:|1699673738\n|move|p2a: Iron Valiant|Psyshock|p1a: Blissey\n|-damage|p1a: Blissey|20\/100\n|move|p1a: Blissey|Seismic Toss|p2a: Iron Valiant\n|-damage|p2a: Iron Valiant|53\/100\n|\n|-heal|p1a: Blissey|26\/100|[from] item: Leftovers\n|upkeep\n|turn|15\n|\n|t:|1699673744\n|move|p2a: Iron Valiant|Psyshock|p1a: Blissey\n|-damage|p1a: Blissey|0 fnt\n|faint|p1a: Blissey\n|\n|upkeep\n|\n|t:|1699673748\n|switch|p1a: Skeledirge|Skeledirge, F|100\/100\n|turn|16\n|\n|t:|1699673757\n|move|p2a: Iron Valiant|Shadow Ball|p1a: Skeledirge\n|-supereffective|p1a: Skeledirge\n|-damage|p1a: Skeledirge|49\/100\n|move|p1a: Skeledirge|Flare Blitz|p2a: Iron Valiant\n|-damage|p2a: Iron Valiant|15\/100\n|-damage|p1a: Skeledirge|40\/100|[from] Recoil\n|\n|upkeep\n|turn|17\n|\n|t:|1699673769\n|move|p2a: Iron Valiant|Shadow Ball|p1a: Skeledirge\n|-supereffective|p1a: Skeledirge\n|-damage|p1a: Skeledirge|0 fnt\n|faint|p1a: Skeledirge\n|\n|upkeep\n|\n|t:|1699673776\n|switch|p1a: Giratina|Giratina-Origin|100\/100\n|-damage|p1a: Giratina|88\/100|[from] Stealth Rock\n|turn|18\n|\n|t:|1699673778\n|move|p1a: Giratina|Shadow Sneak|p2a: Iron Valiant\n|-damage|p2a: Iron Valiant|0 fnt\n|faint|p2a: Iron Valiant\n|-end|p2a: Iron Valiant|Quark Drive|[silent]\n|\n|upkeep\n|\n|t:|1699673782\n|switch|p2a: Arceus|Arceus|74\/100\n|-damage|p2a: Arceus|62\/100|[from] Spikes\n|turn|19\n|\n|t:|1699673786\n|move|p2a: Arceus|Swords Dance|p2a: Arceus\n|-boost|p2a: Arceus|atk|2\n|move|p1a: Giratina|Will-O-Wisp|p2a: Arceus\n|-status|p2a: Arceus|brn\n|\n|-heal|p2a: Arceus|68\/100 brn|[from] item: Leftovers\n|-damage|p2a: Arceus|62\/100 brn|[from] brn\n|upkeep\n|turn|20\n|\n|t:|1699673795\n|switch|p1a: Ninetales|Ninetales-Alola, M|100\/100\n|-damage|p1a: Ninetales|76\/100|[from] Stealth Rock\n|-weather|Snow|[from] ability: Snow Warning|[of] p1a: Ninetales\n|move|p2a: Arceus|Recover|p2a: Arceus\n|-heal|p2a: Arceus|100\/100 brn\n|\n|-weather|Snow|[upkeep]\n|-damage|p2a: Arceus|94\/100 brn|[from] brn\n|upkeep\n|turn|21\n|\n|t:|1699673806\n|move|p2a: Arceus|Extreme Speed|p1a: Ninetales\n|-damage|p1a: Ninetales|44\/100\n|move|p1a: Ninetales|Foul Play|p2a: Arceus\n|-damage|p2a: Arceus|45\/100 brn\n|\n|-weather|Snow|[upkeep]\n|-heal|p2a: Arceus|51\/100 brn|[from] item: Leftovers\n|-damage|p2a: Arceus|45\/100 brn|[from] brn\n|upkeep\n|turn|22\n|\n|t:|1699673819\n|switch|p2a: Groudon|Groudon|94\/100 tox\n|-damage|p2a: Groudon|82\/100 tox|[from] Spikes\n|-weather|SunnyDay|[from] ability: Drought|[of] p2a: Groudon\n|move|p1a: Ninetales|Roar|p2a: Groudon\n|drag|p2a: Arceus|Arceus|45\/100 brn\n|-damage|p2a: Arceus|33\/100 brn|[from] Spikes\n|\n|-weather|SunnyDay|[upkeep]\n|-heal|p2a: Arceus|39\/100 brn|[from] item: Leftovers\n|-damage|p2a: Arceus|33\/100 brn|[from] brn\n|upkeep\n|turn|23\n|\n|t:|1699673832\n|move|p2a: Arceus|Recover|p2a: Arceus\n|-heal|p2a: Arceus|83\/100 brn\n|move|p1a: Ninetales|Foul Play|p2a: Arceus\n|-damage|p2a: Arceus|57\/100 brn\n|\n|-weather|SunnyDay|[upkeep]\n|-heal|p2a: Arceus|63\/100 brn|[from] item: Leftovers\n|-damage|p2a: Arceus|57\/100 brn|[from] brn\n|upkeep\n|turn|24\n|\n|t:|1699673837\n|move|p2a: Arceus|Extreme Speed|p1a: Ninetales\n|-damage|p1a: Ninetales|21\/100\n|move|p1a: Ninetales|Encore|p2a: Arceus\n|-start|p2a: Arceus|Encore\n|\n|-weather|SunnyDay|[upkeep]\n|-heal|p2a: Arceus|63\/100 brn|[from] item: Leftovers\n|-damage|p2a: Arceus|57\/100 brn|[from] brn\n|upkeep\n|turn|25\n|\n|t:|1699673846\n|switch|p2a: Giratina|Giratina-Origin|100\/100\n|switch|p1a: Gliscor|Gliscor, M|98\/100 tox\n|-damage|p1a: Gliscor|85\/100 tox|[from] Stealth Rock\n|\n|-weather|SunnyDay|[upkeep]\n|-heal|p1a: Gliscor|98\/100 tox|[from] ability: Poison Heal\n|upkeep\n|turn|26\n|\n|t:|1699673852\n|move|p1a: Gliscor|Toxic|p2a: Giratina\n|-status|p2a: Giratina|tox\n|move|p2a: Giratina|Poltergeist|p1a: Gliscor\n|-activate|p1a: Gliscor|move: Poltergeist|Toxic Orb\n|-damage|p1a: Gliscor|50\/100 tox\n|\n|-weather|none\n|-heal|p1a: Gliscor|63\/100 tox|[from] ability: Poison Heal\n|-damage|p2a: Giratina|94\/100 tox|[from] psn\n|upkeep\n|turn|27\n|\n|t:|1699673863\n|switch|p2a: Landorus|Landorus, M|41\/100 tox\n|move|p1a: Gliscor|Protect||[still]\n|-fail|p1a: Gliscor\n|\n|-damage|p2a: Landorus|35\/100 tox|[from] psn\n|-heal|p1a: Gliscor|75\/100 tox|[from] ability: Poison Heal\n|upkeep\n|turn|28\n|\n|t:|1699673873\n|move|p1a: Gliscor|Protect|p1a: Gliscor\n|-singleturn|p1a: Gliscor|Protect\n|move|p2a: Landorus|Psychic|p1a: Gliscor\n|-activate|p1a: Gliscor|move: Protect\n|\n|-damage|p2a: Landorus|23\/100 tox|[from] psn\n|-heal|p1a: Gliscor|88\/100 tox|[from] ability: Poison Heal\n|upkeep\n|turn|29\n|\n|t:|1699673883\n|move|p2a: Landorus|Psychic|p1a: Gliscor\n|-damage|p1a: Gliscor|46\/100 tox\n|move|p1a: Gliscor|Spikes|p2a: Landorus\n|-sidestart|p2: angl3r|Spikes\n|\n|-damage|p2a: Landorus|5\/100 tox|[from] psn\n|-heal|p1a: Gliscor|59\/100 tox|[from] ability: Poison Heal\n|upkeep\n|turn|30\n|\n|t:|1699673889\n|move|p1a: Gliscor|Protect|p1a: Gliscor\n|-singleturn|p1a: Gliscor|Protect\n|move|p2a: Landorus|Psychic|p1a: Gliscor\n|-activate|p1a: Gliscor|move: Protect\n|\n|-damage|p2a: Landorus|0 fnt|[from] psn\n|faint|p2a: Landorus\n|-heal|p1a: Gliscor|71\/100 tox|[from] ability: Poison Heal\n|upkeep\n|\n|t:|1699673890\n|switch|p2a: Rayquaza|Rayquaza|95\/100 tox\n|-ability|p2a: Rayquaza|Air Lock\n|turn|31\n|\n|t:|1699673904\n|switch|p1a: Ninetales|Ninetales-Alola, M|21\/100\n|-damage|p1a: Ninetales|0 fnt|[from] Stealth Rock\n|faint|p1a: Ninetales\n|move|p2a: Rayquaza|Swords Dance|p2a: Rayquaza\n|-boost|p2a: Rayquaza|atk|2\n|\n|-damage|p2a: Rayquaza|89\/100 tox|[from] psn\n|upkeep\n|\n|t:|1699673925\n|switch|p1a: Giratina|Giratina-Origin|88\/100\n|-damage|p1a: Giratina|76\/100|[from] Stealth Rock\n|turn|32\n|\n|t:|1699673935\n|-terastallize|p1a: Giratina|Steel\n|move|p2a: Rayquaza|Dragon Ascent|p1a: Giratina\n|-resisted|p1a: Giratina\n|-damage|p1a: Giratina|31\/100\n|-unboost|p2a: Rayquaza|def|1\n|-unboost|p2a: Rayquaza|spd|1\n|move|p1a: Giratina|Hex|p2a: Rayquaza\n|-damage|p2a: Rayquaza|0 fnt\n|faint|p2a: Rayquaza\n|\n|upkeep\n|\n|t:|1699673941\n|switch|p2a: Arceus|Arceus|57\/100 brn\n|-damage|p2a: Arceus|41\/100 brn|[from] Spikes\n|turn|33\n|\n|t:|1699673948\n|move|p2a: Arceus|Swords Dance|p2a: Arceus\n|-boost|p2a: Arceus|atk|2\n|move|p1a: Giratina|Draco Meteor|p2a: Arceus\n|-damage|p2a: Arceus|0 fnt\n|-unboost|p1a: Giratina|spa|2\n|faint|p2a: Arceus\n|\n|upkeep\n|\n|t:|1699673952\n|switch|p2a: Giratina|Giratina-Origin|94\/100 tox\n|turn|34\n|\n|t:|1699673956\n|switch|p1a: Gliscor|Gliscor, M|71\/100 tox\n|-damage|p1a: Gliscor|59\/100 tox|[from] Stealth Rock\n|move|p2a: Giratina|Poltergeist|p1a: Gliscor\n|-activate|p1a: Gliscor|move: Poltergeist|Toxic Orb\n|-damage|p1a: Gliscor|14\/100 tox\n|\n|-heal|p1a: Gliscor|27\/100 tox|[from] ability: Poison Heal\n|-damage|p2a: Giratina|88\/100 tox|[from] psn\n|upkeep\n|turn|35\n|\n|t:|1699673964\n|move|p1a: Gliscor|Protect|p1a: Gliscor\n|-singleturn|p1a: Gliscor|Protect\n|move|p2a: Giratina|Shadow Sneak|p1a: Gliscor\n|-activate|p1a: Gliscor|move: Protect\n|\n|-heal|p1a: Gliscor|39\/100 tox|[from] ability: Poison Heal\n|-damage|p2a: Giratina|76\/100 tox|[from] psn\n|upkeep\n|turn|36\n|\n|t:|1699673980\n|-terastallize|p2a: Giratina|Ghost\n|move|p1a: Gliscor|Protect||[still]\n|-fail|p1a: Gliscor\n|move|p2a: Giratina|Poltergeist|p1a: Gliscor\n|-activate|p1a: Gliscor|move: Poltergeist|Toxic Orb\n|-damage|p1a: Gliscor|0 fnt\n|faint|p1a: Gliscor\n|\n|-damage|p2a: Giratina|57\/100 tox|[from] psn\n|upkeep\n|\n|t:|1699673996\n|switch|p1a: Iron Valiant|Iron Valiant|100\/100\n|-damage|p1a: Iron Valiant|94\/100|[from] Stealth Rock\n|-enditem|p1a: Iron Valiant|Booster Energy\n|-activate|p1a: Iron Valiant|ability: Quark Drive|[fromitem]\n|-start|p1a: Iron Valiant|quarkdrivespe\n|turn|37\n|\n|t:|1699674001\n|move|p2a: Giratina|Shadow Sneak|p1a: Iron Valiant\n|-damage|p1a: Iron Valiant|52\/100\n|move|p1a: Iron Valiant|Moonblast|p2a: Giratina\n|-damage|p2a: Giratina|25\/100 tox\n|-unboost|p2a: Giratina|spa|1\n|\n|-damage|p2a: Giratina|0 fnt|[from] psn\n|faint|p2a: Giratina\n|upkeep\n|\n|t:|1699674002\n|switch|p2a: Groudon|Groudon|82\/100 tox\n|-damage|p2a: Groudon|65\/100 tox|[from] Spikes\n|-weather|SunnyDay|[from] ability: Drought|[of] p2a: Groudon\n|turn|38\n|\n|t:|1699674011\n|move|p1a: Iron Valiant|Moonblast|p2a: Groudon\n|-damage|p2a: Groudon|25\/100 tox\n|move|p2a: Groudon|Lava Plume|p1a: Iron Valiant\n|-damage|p1a: Iron Valiant|3\/100\n|\n|-weather|SunnyDay|[upkeep]\n|-heal|p2a: Groudon|31\/100 tox|[from] item: Leftovers\n|-damage|p2a: Groudon|25\/100 tox|[from] psn\n|upkeep\n|turn|39\n|\n|t:|1699674016\n|move|p1a: Iron Valiant|Moonblast|p2a: Groudon\n|-damage|p2a: Groudon|0 fnt\n|faint|p2a: Groudon\n|\n|win|amblob\n|l|\u203dangl3r\n","uploadtime":1699674111,"views":11,"p1id":"amblob","p2id":"angl3r","formatid":"gen9ubers","rating":0,"private":0,"password":""}