{"id":"gen9ubers-1983135408","p1":"Ordell","p2":"Neutralist","format":"[Gen 9] Ubers","log":"|j|\u2606Ordell\n|j|\u2606Neutralist\n|t:|1699093630\n|gametype|singles\n|player|p1|Ordell|burglar|1241\n|player|p2|Neutralist|101|1423\n|teamsize|p1|6\n|teamsize|p2|6\n|gen|9\n|tier|[Gen 9] Ubers\n|rated|\n|rule|Sleep Clause Mod: Limit one foe put to sleep\n|rule|Species Clause: Limit one of each Pok\u00e9mon\n|rule|OHKO Clause: OHKO moves are banned\n|rule|Evasion Items Clause: Evasion items are banned\n|rule|Evasion Moves Clause: Evasion moves are banned\n|rule|Endless Battle Clause: Forcing endless battles is banned\n|rule|HP Percentage Mod: HP is shown in percentages\n|clearpoke\n|poke|p1|Kyogre|\n|poke|p1|Regieleki|\n|poke|p1|Ogerpon-Hearthflame, F|\n|poke|p1|Koraidon|\n|poke|p1|Zacian-*|\n|poke|p1|Arceus|\n|poke|p2|Koraidon|\n|poke|p2|Ogerpon-Hearthflame, F|\n|poke|p2|Zacian-*|\n|poke|p2|Regieleki|\n|poke|p2|Arceus-Ground|\n|poke|p2|Flutter Mane|\n|teampreview\n|inactive|Battle timer is ON: inactive players will automatically lose when time's up. (requested by Neutralist)\n|\n|t:|1699093645\n|start\n|switch|p1a: Ogerpon|Ogerpon-Hearthflame, F|100\/100\n|switch|p2a: OP|Flutter Mane|100\/100\n|-ability|p1a: Ogerpon|Mold Breaker\n|turn|1\n|\n|t:|1699093653\n|-end|p2a: OP|Protosynthesis|[silent]\n|switch|p2a: Jenova|Arceus-Ground|100\/100\n|move|p1a: Ogerpon|Substitute|p1a: Ogerpon\n|-start|p1a: Ogerpon|Substitute\n|-damage|p1a: Ogerpon|76\/100\n|\n|upkeep\n|turn|2\n|\n|t:|1699093657\n|move|p1a: Ogerpon|Trailblaze|p2a: Jenova\n|-supereffective|p2a: Jenova\n|-damage|p2a: Jenova|71\/100\n|-boost|p1a: Ogerpon|spe|1\n|move|p2a: Jenova|Judgment|p1a: Ogerpon\n|-end|p1a: Ogerpon|Substitute\n|\n|upkeep\n|turn|3\n|\n|t:|1699093672\n|move|p1a: Ogerpon|Trailblaze|p2a: Jenova\n|-supereffective|p2a: Jenova\n|-damage|p2a: Jenova|43\/100\n|-boost|p1a: Ogerpon|spe|1\n|move|p2a: Jenova|Judgment|p1a: Ogerpon\n|-damage|p1a: Ogerpon|18\/100\n|\n|upkeep\n|turn|4\n|\n|t:|1699093683\n|move|p1a: Ogerpon|Ivy Cudgel|p2a: Jenova\n|-damage|p2a: Jenova|14\/100\n|move|p2a: Jenova|Judgment|p1a: Ogerpon\n|-damage|p1a: Ogerpon|0 fnt\n|faint|p1a: Ogerpon\n|\n|upkeep\n|\n|t:|1699093692\n|switch|p1a: Kyogre|Kyogre|100\/100\n|-weather|RainDance|[from] ability: Drizzle|[of] p1a: Kyogre\n|turn|5\n|\n|t:|1699093699\n|move|p1a: Kyogre|Water Spout|p2a: Jenova\n|-supereffective|p2a: Jenova\n|-damage|p2a: Jenova|0 fnt\n|faint|p2a: Jenova\n|\n|-weather|RainDance|[upkeep]\n|upkeep\n|\n|t:|1699093701\n|switch|p2a: Teraflare|Regieleki|100\/100\n|turn|6\n|\n|t:|1699093705\n|-terastallize|p1a: Kyogre|Water\n|move|p2a: Teraflare|Volt Switch|p1a: Kyogre\n|-supereffective|p1a: Kyogre\n|-damage|p1a: Kyogre|46\/100\n|\n|t:|1699093707\n|switch|p2a: KING|Koraidon|100\/100|[from] Volt Switch\n|-weather|SunnyDay|[from] ability: Orichalcum Pulse|[of] p2a: KING\n|-activate|p2a: KING|Orichalcum Pulse|[source]\n|move|p1a: Kyogre|Water Spout|p2a: KING\n|-resisted|p2a: KING\n|-damage|p2a: KING|87\/100\n|\n|-weather|SunnyDay|[upkeep]\n|upkeep\n|turn|7\n|\n|t:|1699093718\n|switch|p1a: Koraidon|Koraidon|100\/100\n|-activate|p1a: Koraidon|ability: Orichalcum Pulse\n|move|p2a: KING|Bulk Up|p2a: KING\n|-boost|p2a: KING|atk|1\n|-boost|p2a: KING|def|1\n|\n|-weather|SunnyDay|[upkeep]\n|upkeep\n|turn|8\n|\n|t:|1699093727\n|-terastallize|p2a: KING|Fire\n|move|p2a: KING|Scale Shot|p1a: Koraidon\n|-supereffective|p1a: Koraidon\n|-damage|p1a: Koraidon|56\/100\n|-supereffective|p1a: Koraidon\n|-damage|p1a: Koraidon|9\/100\n|-supereffective|p1a: Koraidon\n|-damage|p1a: Koraidon|0 fnt\n|faint|p1a: Koraidon\n|-hitcount|p1: Koraidon|3\n|-unboost|p2a: KING|def|1\n|-boost|p2a: KING|spe|1\n|\n|-weather|SunnyDay|[upkeep]\n|upkeep\n|\n|t:|1699093734\n|switch|p1a: Zacian|Zacian-Crowned|100\/100\n|-ability|p1a: Zacian|Intrepid Sword|boost\n|-boost|p1a: Zacian|atk|1\n|turn|9\n|\n|t:|1699093737\n|move|p2a: KING|Flare Blitz|p1a: Zacian\n|-supereffective|p1a: Zacian\n|-damage|p1a: Zacian|0 fnt\n|faint|p1a: Zacian\n|-damage|p2a: KING|55\/100|[from] Recoil\n|\n|-weather|SunnyDay|[upkeep]\n|upkeep\n|\n|t:|1699093741\n|switch|p1a: Kyogre|Kyogre, tera:Water|46\/100\n|-weather|RainDance|[from] ability: Drizzle|[of] p1a: Kyogre\n|turn|10\n|c|\u2606Neutralist|pov koraidon has dragon dance\n|\n|t:|1699093746\n|move|p2a: KING|Drain Punch|p1a: Kyogre\n|-damage|p1a: Kyogre|0 fnt\n|-heal|p2a: KING|78\/100|[from] drain|[of] p1a: Kyogre\n|faint|p1a: Kyogre\n|\n|-weather|RainDance|[upkeep]\n|upkeep\n|\n|t:|1699093755\n|switch|p1a: Regieleki|Regieleki, shiny|100\/100\n|turn|11\n|\n|t:|1699093759\n|move|p2a: KING|Drain Punch|p1a: Regieleki\n|-damage|p1a: Regieleki|0 fnt\n|-heal|p2a: KING|100\/100|[from] drain|[of] p1a: Regieleki\n|faint|p1a: Regieleki\n|\n|-weather|RainDance|[upkeep]\n|upkeep\n|\n|t:|1699093761\n|switch|p1a: Arceus|Arceus|100\/100\n|turn|12\n|\n|t:|1699093764\n|move|p1a: Arceus|Extreme Speed|p2a: KING\n|-damage|p2a: KING|40\/100\n|move|p2a: KING|Bulk Up|p2a: KING\n|-boost|p2a: KING|atk|1\n|-boost|p2a: KING|def|1\n|\n|-weather|RainDance|[upkeep]\n|upkeep\n|turn|13\n|\n|t:|1699093769\n|move|p1a: Arceus|Extreme Speed|p2a: KING\n|-damage|p2a: KING|4\/100\n|move|p2a: KING|Drain Punch|p1a: Arceus\n|-supereffective|p1a: Arceus\n|-damage|p1a: Arceus|0 fnt\n|-heal|p2a: KING|69\/100|[from] drain|[of] p1a: Arceus\n|faint|p1a: Arceus\n|\n|win|Neutralist\n|raw|Ordell's rating: 1241 &rarr; <strong>1228<\/strong><br \/>(-13 for losing)\n|raw|Neutralist's rating: 1423 &rarr; <strong>1433<\/strong><br \/>(+10 for winning)\n|l|\u2606Ordell\n","uploadtime":1699093813,"views":13,"p1id":"ordell","p2id":"neutralist","formatid":"gen9ubers","rating":1228,"private":0,"password":""}