{"id":"gen9ubers-1983509595","p1":"natorsa","p2":"matorsa","format":"[Gen 9] Ubers","log":"|j|\u2606natorsa\n|j|\u2606matorsa\n|t:|1699137862\n|gametype|singles\n|player|p1|natorsa|1|\n|player|p2|matorsa|102|\n|teamsize|p1|6\n|teamsize|p2|6\n|gen|9\n|tier|[Gen 9] Ubers\n|rule|Sleep Clause Mod: Limit one foe put to sleep\n|rule|Species Clause: Limit one of each Pok\u00e9mon\n|rule|OHKO Clause: OHKO moves are banned\n|rule|Evasion Items Clause: Evasion items are banned\n|rule|Evasion Moves Clause: Evasion moves are banned\n|rule|Endless Battle Clause: Forcing endless battles is banned\n|rule|HP Percentage Mod: HP is shown in percentages\n|clearpoke\n|poke|p1|Dipplin, M|\n|poke|p1|Vikavolt, M|\n|poke|p1|Poliwrath, F|\n|poke|p1|Arcanine, M|\n|poke|p1|Golem, F|\n|poke|p1|Staraptor, F|\n|poke|p2|Skeledirge, F|\n|poke|p2|Tinkaton, F|\n|poke|p2|Toedscruel, F|\n|poke|p2|Dondozo, M|\n|poke|p2|Bellibolt, F|\n|poke|p2|Flamigo, F|\n|teampreview\n|\n|t:|1699137884\n|start\n|switch|p1a: Dipplin|Dipplin, M|100\/100\n|switch|p2a: Tinkaton|Tinkaton, F|100\/100\n|-ability|p2a: Tinkaton|Mold Breaker\n|turn|1\n|\n|t:|1699137893\n|switch|p2a: Dondozo|Dondozo, M|100\/100\n|switch|p1a: Arcanine|Arcanine, M|100\/100\n|-ability|p1a: Arcanine|Intimidate|boost\n|-unboost|p2a: Dondozo|atk|1\n|\n|upkeep\n|turn|2\n|\n|t:|1699137900\n|switch|p1a: Vikavolt|Vikavolt, M|100\/100\n|move|p2a: Dondozo|Wave Crash|p1a: Vikavolt\n|-damage|p1a: Vikavolt|63\/100\n|-damage|p2a: Dondozo|92\/100|[from] Recoil\n|\n|upkeep\n|turn|3\n|\n|t:|1699137922\n|switch|p2a: Skeledirge|Skeledirge, F|100\/100\n|move|p1a: Vikavolt|Thunderbolt|p2a: Skeledirge\n|-damage|p2a: Skeledirge|35\/100\n|-damage|p1a: Vikavolt|53\/100|[from] item: Life Orb\n|\n|upkeep\n|turn|4\n|\n|t:|1699137926\n|move|p2a: Skeledirge|Torch Song|p1a: Vikavolt\n|-supereffective|p1a: Vikavolt\n|-damage|p1a: Vikavolt|0 fnt\n|-boost|p2a: Skeledirge|spa|1\n|faint|p1a: Vikavolt\n|-damage|p2a: Skeledirge|25\/100|[from] item: Life Orb\n|\n|upkeep\n|\n|t:|1699137930\n|switch|p1a: Poliwrath|Poliwrath, F|100\/100\n|turn|5\n|\n|t:|1699137942\n|move|p1a: Poliwrath|Liquidation|p2a: Skeledirge\n|-supereffective|p2a: Skeledirge\n|-damage|p2a: Skeledirge|0 fnt\n|faint|p2a: Skeledirge\n|\n|upkeep\n|\n|t:|1699137946\n|switch|p2a: Bellibolt|Bellibolt, F|100\/100\n|turn|6\n|\n|t:|1699137957\n|switch|p1a: Golem|Golem, F|100\/100\n|switch|p2a: Dondozo|Dondozo, M|92\/100\n|\n|upkeep\n|turn|7\n|\n|t:|1699137980\n|switch|p1a: Poliwrath|Poliwrath, F|100\/100\n|move|p2a: Dondozo|Earthquake|p1a: Poliwrath\n|-damage|p1a: Poliwrath|72\/100\n|\n|upkeep\n|turn|8\n|\n|t:|1699137989\n|move|p1a: Poliwrath|Close Combat|p2a: Dondozo\n|-damage|p2a: Dondozo|63\/100\n|-unboost|p1a: Poliwrath|def|1\n|-unboost|p1a: Poliwrath|spd|1\n|move|p2a: Dondozo|Earthquake|p1a: Poliwrath\n|-damage|p1a: Poliwrath|31\/100\n|-enditem|p1a: Poliwrath|Sitrus Berry|[eat]\n|-heal|p1a: Poliwrath|56\/100|[from] item: Sitrus Berry\n|\n|upkeep\n|turn|9\n|\n|t:|1699138005\n|switch|p1a: Staraptor|Staraptor, F|100\/100\n|move|p2a: Dondozo|Avalanche|p1a: Staraptor\n|-supereffective|p1a: Staraptor\n|-damage|p1a: Staraptor|50\/100\n|\n|upkeep\n|turn|10\n|\n|t:|1699138019\n|move|p1a: Staraptor|Brave Bird|p2a: Dondozo\n|-damage|p2a: Dondozo|6\/100\n|-damage|p1a: Staraptor|20\/100|[from] Recoil\n|-damage|p1a: Staraptor|10\/100|[from] item: Life Orb\n|move|p2a: Dondozo|Avalanche|p1a: Staraptor\n|-supereffective|p1a: Staraptor\n|-damage|p1a: Staraptor|0 fnt\n|faint|p1a: Staraptor\n|\n|upkeep\n|\n|t:|1699138032\n|switch|p1a: Poliwrath|Poliwrath, F|56\/100\n|turn|11\n|\n|t:|1699138039\n|move|p1a: Poliwrath|Ice Punch|p2a: Dondozo\n|-resisted|p2a: Dondozo\n|-damage|p2a: Dondozo|0 fnt\n|faint|p2a: Dondozo\n|\n|upkeep\n|\n|t:|1699138048\n|switch|p2a: Toedscruel|Toedscruel, F|100\/100\n|turn|12\n|\n|t:|1699138053\n|move|p2a: Toedscruel|Energy Ball|p1a: Poliwrath\n|-supereffective|p1a: Poliwrath\n|-damage|p1a: Poliwrath|0 fnt\n|faint|p1a: Poliwrath\n|-damage|p2a: Toedscruel|91\/100|[from] item: Life Orb\n|\n|upkeep\n|\n|t:|1699138062\n|switch|p1a: Arcanine|Arcanine, M|100\/100\n|-ability|p1a: Arcanine|Intimidate|boost\n|-unboost|p2a: Toedscruel|atk|1\n|turn|13\n|\n|t:|1699138069\n|move|p2a: Toedscruel|Earth Power|p1a: Arcanine\n|-supereffective|p1a: Arcanine\n|-damage|p1a: Arcanine|0 fnt\n|faint|p1a: Arcanine\n|-damage|p2a: Toedscruel|81\/100|[from] item: Life Orb\n|\n|upkeep\n|\n|t:|1699138076\n|switch|p1a: Dipplin|Dipplin, M|100\/100\n|turn|14\n|\n|t:|1699138082\n|move|p2a: Toedscruel|Dazzling Gleam|p1a: Dipplin\n|-supereffective|p1a: Dipplin\n|-damage|p1a: Dipplin|45\/100\n|-damage|p2a: Toedscruel|71\/100|[from] item: Life Orb\n|move|p1a: Dipplin|Dragon Pulse|p2a: Toedscruel\n|-damage|p2a: Toedscruel|34\/100\n|\n|-heal|p1a: Dipplin|51\/100|[from] item: Leftovers\n|upkeep\n|turn|15\n|\n|t:|1699138094\n|move|p2a: Toedscruel|Dazzling Gleam|p1a: Dipplin\n|-supereffective|p1a: Dipplin\n|-damage|p1a: Dipplin|0 fnt\n|faint|p1a: Dipplin\n|-damage|p2a: Toedscruel|24\/100|[from] item: Life Orb\n|\n|upkeep\n|\n|t:|1699138096\n|switch|p1a: Golem|Golem, F|100\/100\n|turn|16\n|\n|t:|1699138104\n|move|p2a: Toedscruel|Energy Ball|p1a: Golem\n|-supereffective|p1a: Golem\n|-ability|p1a: Golem|Sturdy\n|-damage|p1a: Golem|1\/100\n|-damage|p2a: Toedscruel|14\/100|[from] item: Life Orb\n|move|p1a: Golem|Earthquake|p2a: Toedscruel\n|-resisted|p2a: Toedscruel\n|-damage|p2a: Toedscruel|0 fnt\n|faint|p2a: Toedscruel\n|\n|-heal|p1a: Golem|7\/100|[from] item: Leftovers\n|upkeep\n|\n|t:|1699138118\n|switch|p2a: Flamigo|Flamigo, F|100\/100\n|turn|17\n|\n|t:|1699138126\n|move|p2a: Flamigo|Close Combat|p1a: Golem\n|-supereffective|p1a: Golem\n|-damage|p1a: Golem|0 fnt\n|-unboost|p2a: Flamigo|def|1\n|-unboost|p2a: Flamigo|spd|1\n|faint|p1a: Golem\n|\n|win|matorsa\n","uploadtime":1699138135,"views":8,"p1id":"natorsa","p2id":"matorsa","formatid":"gen9ubers","rating":0,"private":0,"password":""}