{"id":"gen9ubers-1984283445","p1":"the tr4sh man","p2":"rutriyououiyiyuyt","format":"[Gen 9] Ubers","log":"|j|\u2606the tr4sh man\n|j|\u2606rutriyououiyiyuyt\n|t:|1699238774\n|gametype|singles\n|player|p1|the tr4sh man|xerosic|\n|player|p2|rutriyououiyiyuyt|elesa|\n|teamsize|p1|6\n|teamsize|p2|6\n|gen|9\n|tier|[Gen 9] Ubers\n|rule|Sleep Clause Mod: Limit one foe put to sleep\n|rule|Species Clause: Limit one of each Pok\u00e9mon\n|rule|OHKO Clause: OHKO moves are banned\n|rule|Evasion Items Clause: Evasion items are banned\n|rule|Evasion Moves Clause: Evasion moves are banned\n|rule|Endless Battle Clause: Forcing endless battles is banned\n|rule|HP Percentage Mod: HP is shown in percentages\n|clearpoke\n|poke|p1|Masquerain, M|\n|poke|p1|Polteageist|\n|poke|p1|Donphan, M|\n|poke|p1|Zacian-*|\n|poke|p1|Arceus-Poison|\n|poke|p1|Gothitelle, F|\n|poke|p2|Arceus-Ghost|\n|poke|p2|Baxcalibur, F|\n|poke|p2|Cinderace, F|\n|poke|p2|Dialga|\n|poke|p2|Alomomola, F|\n|poke|p2|Slowking-Galar, M|\n|teampreview\n|\n|t:|1699238806\n|start\n|switch|p1a: Gothitelle|Gothitelle, F|100\/100\n|switch|p2a: Slowking|Slowking-Galar, M|100\/100\n|turn|1\n|\n|t:|1699238813\n|move|p1a: Gothitelle|Trick|p2a: Slowking\n|-activate|p1a: Gothitelle|move: Trick|[of] p2a: Slowking\n|-item|p2a: Slowking|Choice Scarf|[from] move: Trick\n|-item|p1a: Gothitelle|Colbur Berry|[from] move: Trick\n|move|p2a: Slowking|Chilly Reception|p2a: Slowking\n|-weather|Snow\n|\n|t:|1699238826\n|switch|p2a: Arceus|Arceus-Ghost|100\/100|[from] Chilly Reception\n|\n|-weather|Snow|[upkeep]\n|upkeep\n|turn|2\n|\n|t:|1699238832\n|switch|p1a: Masquerain|Masquerain, M|100\/100\n|-ability|p1a: Masquerain|Intimidate|boost\n|-unboost|p2a: Arceus|atk|1\n|move|p2a: Arceus|Calm Mind|p2a: Arceus\n|-boost|p2a: Arceus|spa|1\n|-boost|p2a: Arceus|spd|1\n|\n|-weather|Snow|[upkeep]\n|upkeep\n|turn|3\n|\n|t:|1699238861\n|move|p2a: Arceus|Thunder|p1a: Masquerain|[miss]\n|-miss|p2a: Arceus|p1a: Masquerain\n|move|p1a: Masquerain|Whirlwind|p2a: Arceus\n|drag|p2a: Slowking|Slowking-Galar, M|100\/100\n|\n|-weather|Snow|[upkeep]\n|upkeep\n|turn|4\n|\n|t:|1699238892\n|move|p1a: Masquerain|Sticky Web|p2a: Slowking\n|-sidestart|p2: rutriyououiyiyuyt|move: Sticky Web\n|move|p2a: Slowking|Chilly Reception|p2a: Slowking\n|\n|t:|1699238897\n|switch|p2a: Cinderace|Cinderace, F|100\/100|[from] Chilly Reception\n|\n|-weather|Snow|[upkeep]\n|upkeep\n|turn|5\n|\n|t:|1699238913\n|move|p2a: Cinderace|Court Change|p2a: Cinderace\n|-start|p2a: Cinderace|typechange|Normal|[from] ability: Libero\n|-swapsideconditions\n|-activate|p2a: Cinderace|move: Court Change\n|move|p1a: Masquerain|Stun Spore|p2a: Cinderace\n|-status|p2a: Cinderace|par\n|\n|-weather|none\n|upkeep\n|turn|6\n|\n|t:|1699238922\n|move|p1a: Masquerain|Sticky Web|p2a: Cinderace\n|-sidestart|p2: rutriyououiyiyuyt|move: Sticky Web\n|move|p2a: Cinderace|Pyro Ball|p1a: Masquerain\n|-supereffective|p1a: Masquerain\n|-enditem|p1a: Masquerain|Focus Sash\n|-damage|p1a: Masquerain|1\/100\n|\n|upkeep\n|turn|7\n|\n|t:|1699238944\n|switch|p1a: Gothitelle|Gothitelle, F|100\/100\n|-activate|p1a: Gothitelle|move: Sticky Web\n|-unboost|p1a: Gothitelle|spe|1\n|move|p2a: Cinderace|Sucker Punch||[still]\n|-fail|p2a: Cinderace\n|\n|upkeep\n|turn|8\n|\n|t:|1699238959\n|move|p1a: Gothitelle|Fake Out|p2a: Cinderace\n|-damage|p2a: Cinderace|88\/100 par\n|cant|p2a: Cinderace|flinch\n|\n|upkeep\n|turn|9\n|\n|t:|1699238976\n|move|p2a: Cinderace|U-turn|p1a: Gothitelle\n|-supereffective|p1a: Gothitelle\n|-damage|p1a: Gothitelle|48\/100\n|\n|t:|1699238986\n|switch|p2a: Dialga|Dialga|100\/100|[from] U-turn\n|-activate|p2a: Dialga|move: Sticky Web\n|-unboost|p2a: Dialga|spe|1\n|-ability|p2a: Dialga|Pressure\n|move|p1a: Gothitelle|Torment|p2a: Dialga\n|-start|p2a: Dialga|Torment\n|\n|upkeep\n|turn|10\n|\n|t:|1699239015\n|move|p2a: Dialga|Fire Blast|p1a: Gothitelle\n|-crit|p1a: Gothitelle\n|-damage|p1a: Gothitelle|0 fnt\n|faint|p1a: Gothitelle\n|\n|upkeep\n|\n|t:|1699239021\n|switch|p1a: Masquerain|Masquerain, M|1\/100\n|-ability|p1a: Masquerain|Intimidate|boost\n|-unboost|p2a: Dialga|atk|1\n|turn|11\n|\n|t:|1699239048\n|switch|p2a: Baxcalibur|Baxcalibur, F|100\/100\n|-activate|p2a: Baxcalibur|move: Sticky Web\n|-unboost|p2a: Baxcalibur|spe|1\n|move|p1a: Masquerain|Stun Spore|p2a: Baxcalibur|[miss]\n|-miss|p1a: Masquerain|p2a: Baxcalibur\n|\n|upkeep\n|turn|12\n|\n|t:|1699239081\n|switch|p2a: Cinderace|Cinderace, F|88\/100 par\n|move|p1a: Masquerain|Whirlwind|p2a: Cinderace\n|drag|p2a: Alomomola|Alomomola, F|100\/100\n|\n|upkeep\n|turn|13\n|\n|t:|1699239100\n|move|p1a: Masquerain|Stun Spore|p2a: Alomomola\n|-status|p2a: Alomomola|par\n|move|p2a: Alomomola|Scald|p1a: Masquerain\n|-damage|p1a: Masquerain|0 fnt\n|faint|p1a: Masquerain\n|\n|upkeep\n|\n|t:|1699239114\n|switch|p1a: Polteageist|Polteageist|100\/100\n|-activate|p1a: Polteageist|move: Sticky Web\n|-unboost|p1a: Polteageist|spe|1\n|turn|14\n|\n|t:|1699239126\n|move|p1a: Polteageist|Shell Smash|p1a: Polteageist\n|-unboost|p1a: Polteageist|def|1\n|-unboost|p1a: Polteageist|spd|1\n|-boost|p1a: Polteageist|atk|2\n|-boost|p1a: Polteageist|spa|2\n|-boost|p1a: Polteageist|spe|2\n|move|p2a: Alomomola|Flip Turn|p1a: Polteageist\n|-damage|p1a: Polteageist|56\/100\n|\n|t:|1699239141\n|switch|p2a: Slowking|Slowking-Galar, M|100\/100|[from] Flip Turn\n|-activate|p2a: Slowking|move: Sticky Web\n|-unboost|p2a: Slowking|spe|1\n|\n|upkeep\n|turn|15\n|\n|t:|1699239145\n|move|p1a: Polteageist|Shadow Ball|p2a: Slowking\n|-supereffective|p2a: Slowking\n|-damage|p2a: Slowking|0 fnt\n|faint|p2a: Slowking\n|\n|upkeep\n|\n|t:|1699239180\n|switch|p2a: Cinderace|Cinderace, F|88\/100 par\n|turn|16\n|\n|t:|1699239189\n|move|p2a: Cinderace|Sucker Punch||[still]\n|-fail|p2a: Cinderace\n|move|p1a: Polteageist|Shell Smash|p1a: Polteageist\n|-unboost|p1a: Polteageist|def|1\n|-unboost|p1a: Polteageist|spd|1\n|-boost|p1a: Polteageist|atk|2\n|-boost|p1a: Polteageist|spa|2\n|-boost|p1a: Polteageist|spe|2\n|\n|upkeep\n|turn|17\n|\n|t:|1699239202\n|move|p1a: Polteageist|Sucker Punch|p2a: Cinderace\n|-crit|p2a: Cinderace\n|-damage|p2a: Cinderace|20\/100 par\n|move|p2a: Cinderace|Sucker Punch||[still]\n|-fail|p2a: Cinderace\n|\n|upkeep\n|turn|18\n|\n|t:|1699239215\n|move|p1a: Polteageist|Sucker Punch||[still]\n|-fail|p1a: Polteageist\n|cant|p2a: Cinderace|par\n|\n|upkeep\n|turn|19\n|\n|t:|1699239226\n|move|p1a: Polteageist|Sucker Punch|p2a: Cinderace\n|-damage|p2a: Cinderace|0 fnt\n|faint|p2a: Cinderace\n|\n|upkeep\n|\n|t:|1699239240\n|switch|p2a: Dialga|Dialga|100\/100\n|-activate|p2a: Dialga|move: Sticky Web\n|-unboost|p2a: Dialga|spe|1\n|-ability|p2a: Dialga|Pressure\n|turn|20\n|\n|t:|1699239262\n|-terastallize|p1a: Polteageist|Ghost\n|move|p1a: Polteageist|Shadow Ball|p2a: Dialga\n|-damage|p2a: Dialga|0 fnt\n|faint|p2a: Dialga\n|\n|upkeep\n|\n|t:|1699239292\n|switch|p2a: Baxcalibur|Baxcalibur, F|100\/100\n|-activate|p2a: Baxcalibur|move: Sticky Web\n|-unboost|p2a: Baxcalibur|spe|1\n|turn|21\n|\n|t:|1699239322\n|-terastallize|p2a: Baxcalibur|Fairy\n|move|p1a: Polteageist|Shadow Ball|p2a: Baxcalibur\n|-damage|p2a: Baxcalibur|0 fnt\n|faint|p2a: Baxcalibur\n|\n|upkeep\n|\n|t:|1699239336\n|switch|p2a: Arceus|Arceus-Ghost|100\/100\n|-activate|p2a: Arceus|move: Sticky Web\n|-unboost|p2a: Arceus|spe|1\n|turn|22\n|\n|t:|1699239351\n|move|p1a: Polteageist|Stored Power|p2a: Arceus\n|-damage|p2a: Arceus|0 fnt\n|faint|p2a: Arceus\n|\n|upkeep\n|\n|t:|1699239418\n|switch|p2a: Alomomola|Alomomola, F|100\/100 par\n|turn|23\n|\n|t:|1699239424\n|move|p1a: Polteageist|Shadow Ball|p2a: Alomomola\n|-damage|p2a: Alomomola|0 fnt\n|faint|p2a: Alomomola\n|\n|win|the tr4sh man\n|c|\u2606the tr4sh man|gg\n|c|\u2606rutriyououiyiyuyt|gg\n","uploadtime":1699239438,"views":3,"p1id":"thetr4shman","p2id":"rutriyououiyiyuyt","formatid":"gen9ubers","rating":0,"private":0,"password":""}