{"id":"gen9ubers-1988237177","p1":"TheBallsmaSpace","p2":"garg_lover21","format":"[Gen 9] Ubers","log":"|j|\u2606TheBallsmaSpace\n|j|\u2606garg_lover21\n|t:|1699691554\n|gametype|singles\n|player|p1|TheBallsmaSpace|1|1379\n|player|p2|garg_lover21|scientist|1435\n|teamsize|p1|6\n|teamsize|p2|6\n|gen|9\n|tier|[Gen 9] Ubers\n|rated|\n|rule|Sleep Clause Mod: Limit one foe put to sleep\n|rule|Species Clause: Limit one of each Pok\u00e9mon\n|rule|OHKO Clause: OHKO moves are banned\n|rule|Evasion Items Clause: Evasion items are banned\n|rule|Evasion Moves Clause: Evasion moves are banned\n|rule|Endless Battle Clause: Forcing endless battles is banned\n|rule|HP Percentage Mod: HP is shown in percentages\n|clearpoke\n|poke|p1|Arceus-Ground|\n|poke|p1|Miraidon|\n|poke|p1|Dondozo, F|\n|poke|p1|Koraidon|\n|poke|p1|Zacian-*|\n|poke|p1|Basculin-White-Striped, M|\n|poke|p2|Koraidon|\n|poke|p2|Miraidon|\n|poke|p2|Zacian-*|\n|poke|p2|Ting-Lu|\n|poke|p2|Arceus-Ground|\n|poke|p2|Skeledirge, F|\n|teampreview\n|\n|t:|1699691586\n|start\n|switch|p1a: Arceus|Arceus-Ground|100\/100\n|switch|p2a: Miraidon|Miraidon|100\/100\n|-fieldstart|move: Electric Terrain|[from] ability: Hadron Engine|[of] p2a: Miraidon\n|turn|1\n|inactive|Battle timer is ON: inactive players will automatically lose when time's up. (requested by TheBallsmaSpace)\n|\n|t:|1699691609\n|move|p2a: Miraidon|U-turn|p1a: Arceus\n|-damage|p1a: Arceus|90\/100\n|\n|t:|1699691612\n|switch|p2a: Ting-Lu|Ting-Lu|100\/100|[from] U-turn\n|-ability|p2a: Ting-Lu|Vessel of Ruin\n|move|p1a: Arceus|Dragon Dance|p1a: Arceus\n|-boost|p1a: Arceus|atk|1\n|-boost|p1a: Arceus|spe|1\n|\n|upkeep\n|turn|2\n|\n|t:|1699691617\n|move|p1a: Arceus|Earthquake|p2a: Ting-Lu\n|-damage|p2a: Ting-Lu|50\/100\n|move|p2a: Ting-Lu|Whirlwind|p1a: Arceus\n|drag|p1a: Dondozo|Dondozo, F|100\/100\n|\n|-heal|p2a: Ting-Lu|56\/100|[from] item: Leftovers\n|upkeep\n|turn|3\n|inactive|garg_lover21 has 120 seconds left.\n|\n|t:|1699691649\n|move|p2a: Ting-Lu|Spikes|p1a: Dondozo\n|-sidestart|p1: TheBallsmaSpace|Spikes\n|move|p1a: Dondozo|Waterfall|p2a: Ting-Lu\n|-supereffective|p2a: Ting-Lu\n|-damage|p2a: Ting-Lu|28\/100\n|\n|-heal|p2a: Ting-Lu|34\/100|[from] item: Leftovers\n|upkeep\n|turn|4\n|\n|t:|1699691655\n|move|p2a: Ting-Lu|Spikes|p1a: Dondozo\n|-sidestart|p1: TheBallsmaSpace|Spikes\n|move|p1a: Dondozo|Body Slam|p2a: Ting-Lu\n|-crit|p2a: Ting-Lu\n|-damage|p2a: Ting-Lu|19\/100\n|\n|-heal|p2a: Ting-Lu|25\/100|[from] item: Leftovers\n|upkeep\n|turn|5\n|\n|t:|1699691667\n|switch|p1a: Arceus|Arceus-Ground|90\/100\n|-damage|p1a: Arceus|73\/100|[from] Spikes\n|move|p2a: Ting-Lu|Spikes|p1a: Arceus\n|-sidestart|p1: TheBallsmaSpace|Spikes\n|\n|-heal|p2a: Ting-Lu|32\/100|[from] item: Leftovers\n|-fieldend|move: Electric Terrain\n|upkeep\n|turn|6\n|\n|t:|1699691684\n|move|p1a: Arceus|Earthquake|p2a: Ting-Lu\n|-damage|p2a: Ting-Lu|2\/100\n|move|p2a: Ting-Lu|Stealth Rock|p1a: Arceus\n|-sidestart|p1: TheBallsmaSpace|move: Stealth Rock\n|\n|-heal|p2a: Ting-Lu|8\/100|[from] item: Leftovers\n|upkeep\n|turn|7\n|\n|t:|1699691688\n|move|p1a: Arceus|Earthquake|p2a: Ting-Lu\n|-damage|p2a: Ting-Lu|0 fnt\n|faint|p2a: Ting-Lu\n|\n|upkeep\n|inactive|garg_lover21 has 120 seconds left.\n|\n|t:|1699691720\n|switch|p2a: Arceus|Arceus-Ground|100\/100\n|turn|8\n|\n|t:|1699691723\n|move|p1a: Arceus|Dragon Dance|p1a: Arceus\n|-boost|p1a: Arceus|atk|1\n|-boost|p1a: Arceus|spe|1\n|move|p2a: Arceus|Dragon Dance|p2a: Arceus\n|-boost|p2a: Arceus|atk|1\n|-boost|p2a: Arceus|spe|1\n|\n|upkeep\n|turn|9\n|\n|t:|1699691734\n|move|p1a: Arceus|Earthquake|p2a: Arceus\n|-damage|p2a: Arceus|32\/100\n|move|p2a: Arceus|Earthquake|p1a: Arceus\n|-damage|p1a: Arceus|5\/100\n|\n|upkeep\n|turn|10\n|\n|t:|1699691740\n|move|p2a: Arceus|Extreme Speed|p1a: Arceus\n|-damage|p1a: Arceus|0 fnt\n|faint|p1a: Arceus\n|\n|upkeep\n|inactive|TheBallsmaSpace has 120 seconds left.\n|inactive|TheBallsmaSpace has 90 seconds left.\n|\n|t:|1699691807\n|switch|p1a: Dondozo|Dondozo, F|100\/100\n|-damage|p1a: Dondozo|75\/100|[from] Spikes\n|-damage|p1a: Dondozo|63\/100|[from] Stealth Rock\n|turn|11\n|\n|t:|1699691821\n|switch|p2a: Miraidon|Miraidon|100\/100\n|-fieldstart|move: Electric Terrain|[from] ability: Hadron Engine|[of] p2a: Miraidon\n|move|p1a: Dondozo|Curse|p1a: Dondozo\n|-unboost|p1a: Dondozo|spe|1\n|-boost|p1a: Dondozo|atk|1\n|-boost|p1a: Dondozo|def|1\n|\n|-heal|p1a: Dondozo|69\/100|[from] item: Leftovers\n|upkeep\n|turn|12\n|\n|t:|1699691831\n|switch|p1a: Miraidon|Miraidon|100\/100\n|-damage|p1a: Miraidon|76\/100|[from] Spikes\n|-damage|p1a: Miraidon|63\/100|[from] Stealth Rock\n|-activate|p1a: Miraidon|ability: Hadron Engine\n|-enditem|p1a: Miraidon|Electric Seed\n|-boost|p1a: Miraidon|def|1|[from] item: Electric Seed\n|move|p2a: Miraidon|Electro Drift|p1a: Miraidon\n|-resisted|p1a: Miraidon\n|-damage|p1a: Miraidon|44\/100\n|\n|upkeep\n|turn|13\n|\n|t:|1699691844\n|move|p2a: Miraidon|Electro Drift|p1a: Miraidon\n|-resisted|p1a: Miraidon\n|-crit|p1a: Miraidon\n|-damage|p1a: Miraidon|11\/100\n|move|p1a: Miraidon|Dazzling Gleam|p2a: Miraidon\n|-supereffective|p2a: Miraidon\n|-damage|p2a: Miraidon|38\/100\n|\n|upkeep\n|turn|14\n|\n|t:|1699691852\n|move|p2a: Miraidon|Electro Drift|p1a: Miraidon\n|-resisted|p1a: Miraidon\n|-damage|p1a: Miraidon|0 fnt\n|faint|p1a: Miraidon\n|\n|upkeep\n|\n|t:|1699691865\n|switch|p1a: Koraidon|Koraidon|100\/100\n|-damage|p1a: Koraidon|76\/100|[from] Spikes\n|-damage|p1a: Koraidon|69\/100|[from] Stealth Rock\n|-weather|SunnyDay|[from] ability: Orichalcum Pulse|[of] p1a: Koraidon\n|-activate|p1a: Koraidon|Orichalcum Pulse|[source]\n|turn|15\n|\n|t:|1699691874\n|switch|p2a: Zacian|Zacian-Crowned|100\/100\n|-ability|p2a: Zacian|Intrepid Sword|boost\n|-boost|p2a: Zacian|atk|1\n|move|p1a: Koraidon|Scale Shot|p2a: Zacian\n|-immune|p2a: Zacian\n|\n|-weather|SunnyDay|[upkeep]\n|-heal|p1a: Koraidon|76\/100|[from] item: Leftovers\n|-fieldend|move: Electric Terrain\n|upkeep\n|turn|16\n|\n|t:|1699691878\n|move|p2a: Zacian|Play Rough|p1a: Koraidon\n|-supereffective|p1a: Koraidon\n|-damage|p1a: Koraidon|0 fnt\n|faint|p1a: Koraidon\n|\n|-weather|SunnyDay|[upkeep]\n|upkeep\n|\n|t:|1699691887\n|switch|p1a: Basculin|Basculin-White-Striped, M|100\/100\n|-damage|p1a: Basculin|76\/100|[from] Spikes\n|-damage|p1a: Basculin|63\/100|[from] Stealth Rock\n|turn|17\n|inactive|TheBallsmaSpace has 120 seconds left.\n|\n|t:|1699691899\n|-terastallize|p1a: Basculin|Ghost\n|move|p1a: Basculin|Last Respects|p2a: Zacian\n|-damage|p2a: Zacian|0 fnt\n|faint|p2a: Zacian\n|\n|-weather|SunnyDay|[upkeep]\n|upkeep\n|inactive|garg_lover21 has 120 seconds left.\n|\n|t:|1699691937\n|switch|p2a: Miraidon|Miraidon|38\/100\n|-fieldstart|move: Electric Terrain|[from] ability: Hadron Engine|[of] p2a: Miraidon\n|turn|18\n|\n|t:|1699691947\n|move|p2a: Miraidon|Electro Drift|p1a: Basculin\n|-damage|p1a: Basculin|0 fnt\n|faint|p1a: Basculin\n|\n|-weather|SunnyDay|[upkeep]\n|upkeep\n|\n|t:|1699691949\n|switch|p1a: Zacian|Zacian-Crowned|100\/100\n|-damage|p1a: Zacian|76\/100|[from] Spikes\n|-damage|p1a: Zacian|69\/100|[from] Stealth Rock\n|-ability|p1a: Zacian|Intrepid Sword|boost\n|-boost|p1a: Zacian|atk|1\n|turn|19\n|\n|t:|1699691954\n|move|p2a: Miraidon|Electro Drift|p1a: Zacian\n|-damage|p1a: Zacian|0 fnt\n|faint|p1a: Zacian\n|\n|-weather|none\n|upkeep\n|\n|t:|1699691956\n|switch|p1a: Dondozo|Dondozo, F|69\/100\n|-damage|p1a: Dondozo|44\/100|[from] Spikes\n|-damage|p1a: Dondozo|32\/100|[from] Stealth Rock\n|turn|20\n|\n|t:|1699691974\n|move|p2a: Miraidon|Electro Drift|p1a: Dondozo\n|-supereffective|p1a: Dondozo\n|-damage|p1a: Dondozo|0 fnt\n|faint|p1a: Dondozo\n|\n|win|garg_lover21\n|raw|TheBallsmaSpace's rating: 1379 &rarr; <strong>1362<\/strong><br \/>(-17 for losing)\n|raw|garg_lover21's rating: 1435 &rarr; <strong>1452<\/strong><br \/>(+17 for winning)\n","uploadtime":1699691982,"views":9,"p1id":"theballsmaspace","p2id":"garglover21","formatid":"gen9ubers","rating":1362,"private":0,"password":""}