{"id":"gen9ubers-1996355307","p1":"JackAttack9712","p2":"Mouseattack","format":"[Gen 9] Ubers","log":"|j|\u2606JackAttack9712\n|j|\u2606Mouseattack\n|t:|1700674150\n|gametype|singles\n|player|p1|JackAttack9712|1|1111\n|player|p2|Mouseattack|koga|1000\n|teamsize|p1|6\n|teamsize|p2|6\n|gen|9\n|tier|[Gen 9] Ubers\n|rated|\n|rule|Sleep Clause Mod: Limit one foe put to sleep\n|rule|Species Clause: Limit one of each Pok\u00e9mon\n|rule|OHKO Clause: OHKO moves are banned\n|rule|Evasion Items Clause: Evasion items are banned\n|rule|Evasion Moves Clause: Evasion moves are banned\n|rule|Endless Battle Clause: Forcing endless battles is banned\n|rule|HP Percentage Mod: HP is shown in percentages\n|clearpoke\n|poke|p1|Gliscor, M|\n|poke|p1|Chien-Pao|\n|poke|p1|Sneasler, F|\n|poke|p1|Iron Hands|\n|poke|p1|Darkrai|\n|poke|p1|Giratina-Origin|\n|poke|p2|Koraidon|\n|poke|p2|Great Tusk|\n|poke|p2|Baxcalibur, M|\n|poke|p2|Arceus-Ghost|\n|poke|p2|Zacian-*|\n|poke|p2|Ribombee, M|\n|teampreview\n|\n|t:|1700674155\n|start\n|switch|p1a: Sneasler|Sneasler, F|100\/100\n|switch|p2a: Ribombee|Ribombee, M|100\/100\n|turn|1\n|\n|t:|1700674160\n|move|p1a: Sneasler|Fake Out|p2a: Ribombee\n|-enditem|p1a: Sneasler|Normal Gem|[from] gem\n|-damage|p2a: Ribombee|59\/100\n|move|p2a: Ribombee|Tailwind|p2a: Ribombee\n|-sidestart|p2: Mouseattack|move: Tailwind\n|\n|upkeep\n|turn|2\n|\n|t:|1700674165\n|move|p2a: Ribombee|Sticky Web|p1a: Sneasler\n|-sidestart|p1: JackAttack9712|move: Sticky Web\n|move|p1a: Sneasler|Dire Claw|p2a: Ribombee\n|-supereffective|p2a: Ribombee\n|-damage|p2a: Ribombee|0 fnt\n|faint|p2a: Ribombee\n|\n|upkeep\n|\n|t:|1700674172\n|switch|p2a: Zacian|Zacian-Crowned|100\/100\n|-ability|p2a: Zacian|Intrepid Sword|boost\n|-boost|p2a: Zacian|atk|1\n|turn|3\n|\n|t:|1700674179\n|move|p2a: Zacian|Swords Dance|p2a: Zacian\n|-boost|p2a: Zacian|atk|2\n|move|p1a: Sneasler|Close Combat|p2a: Zacian\n|-damage|p2a: Zacian|32\/100\n|-unboost|p1a: Sneasler|def|1\n|-unboost|p1a: Sneasler|spd|1\n|\n|upkeep\n|turn|4\n|\n|t:|1700674182\n|move|p2a: Zacian|Behemoth Blade|p1a: Sneasler\n|-damage|p1a: Sneasler|0 fnt\n|faint|p1a: Sneasler\n|\n|-sideend|p2: Mouseattack|move: Tailwind\n|upkeep\n|\n|t:|1700674191\n|switch|p1a: Gliscor|Gliscor, M, shiny|100\/100\n|turn|5\n|\n|t:|1700674194\n|move|p2a: Zacian|Behemoth Blade|p1a: Gliscor\n|-damage|p1a: Gliscor|0 fnt\n|faint|p1a: Gliscor\n|\n|upkeep\n|\n|t:|1700674204\n|switch|p1a: Iron Hands|Iron Hands|100\/100\n|-activate|p1a: Iron Hands|move: Sticky Web\n|-unboost|p1a: Iron Hands|spe|1\n|turn|6\n|\n|t:|1700674208\n|move|p1a: Iron Hands|Fake Out|p2a: Zacian\n|-resisted|p2a: Zacian\n|-damage|p2a: Zacian|24\/100\n|cant|p2a: Zacian|flinch\n|\n|upkeep\n|turn|7\n|\n|t:|1700674210\n|move|p2a: Zacian|Play Rough|p1a: Iron Hands\n|-supereffective|p1a: Iron Hands\n|-damage|p1a: Iron Hands|0 fnt\n|faint|p1a: Iron Hands\n|-end|p1a: Iron Hands|Quark Drive|[silent]\n|\n|upkeep\n|-message|JackAttack9712 forfeited.\n|\n|win|Mouseattack\n|raw|JackAttack9712's rating: 1111 &rarr; <strong>1078<\/strong><br \/>(-33 for losing)\n|raw|Mouseattack's rating: 1000 &rarr; <strong>1052<\/strong><br \/>(+52 for winning)\n|l|\u2606JackAttack9712\n","uploadtime":1700674218,"views":1,"p1id":"jackattack9712","p2id":"mouseattack","formatid":"gen9ubers","rating":1052,"private":0,"password":""}