{"id":"gen9ubers-1976618906","p1":"pokesolworfast","p2":"Anne Frankkkk","format":"[Gen 9] Ubers","log":"|j|\u2606pokesolworfast\n|j|\u2606Anne Frankkkk\n|t:|1698327776\n|gametype|singles\n|player|p1|pokesolworfast|101|1060\n|player|p2|Anne Frankkkk|hilbert|1147\n|teamsize|p1|6\n|teamsize|p2|6\n|gen|9\n|tier|[Gen 9] Ubers\n|rated|\n|rule|Sleep Clause Mod: Limit one foe put to sleep\n|rule|Species Clause: Limit one of each Pok\u00e9mon\n|rule|OHKO Clause: OHKO moves are banned\n|rule|Evasion Items Clause: Evasion items are banned\n|rule|Evasion Moves Clause: Evasion moves are banned\n|rule|Endless Battle Clause: Forcing endless battles is banned\n|rule|HP Percentage Mod: HP is shown in percentages\n|clearpoke\n|poke|p1|Dragapult, M|\n|poke|p1|Zacian-*|\n|poke|p1|Garchomp, M|\n|poke|p1|Flutter Mane|\n|poke|p1|Arceus-Ice|\n|poke|p1|Greninja-*, M|\n|poke|p2|Iron Hands|\n|poke|p2|Kyogre|\n|poke|p2|Chien-Pao|\n|poke|p2|Ribombee, F|\n|poke|p2|Miraidon|\n|poke|p2|Flutter Mane|\n|teampreview\n|\n|t:|1698327782\n|start\n|switch|p1a: Zacian|Zacian-Crowned, shiny|100\/100\n|switch|p2a: Moonblast|Ribombee, F, shiny|100\/100\n|-ability|p1a: Zacian|Intrepid Sword|boost\n|-boost|p1a: Zacian|atk|1\n|turn|1\n|inactive|Battle timer is ON: inactive players will automatically lose when time's up. (requested by Anne Frankkkk)\n|\n|t:|1698327791\n|move|p1a: Zacian|Swords Dance|p1a: Zacian\n|-boost|p1a: Zacian|atk|2\n|move|p2a: Moonblast|Sticky Web|p1a: Zacian\n|-sidestart|p1: pokesolworfast|move: Sticky Web\n|\n|upkeep\n|turn|2\n|\n|t:|1698327797\n|move|p1a: Zacian|Behemoth Blade|p2a: Moonblast\n|-supereffective|p2a: Moonblast\n|-enditem|p2a: Moonblast|Focus Sash\n|-damage|p2a: Moonblast|1\/100\n|move|p2a: Moonblast|Stun Spore|p1a: Zacian\n|-status|p1a: Zacian|par\n|\n|upkeep\n|turn|3\n|\n|t:|1698327807\n|move|p1a: Zacian|Quick Attack|p2a: Moonblast\n|-damage|p2a: Moonblast|0 fnt\n|faint|p2a: Moonblast\n|\n|upkeep\n|\n|t:|1698327810\n|switch|p2a: Big Boy|Iron Hands, shiny|100\/100\n|turn|4\n|\n|t:|1698327823\n|move|p2a: Big Boy|Fake Out|p1a: Zacian\n|-resisted|p1a: Zacian\n|-damage|p1a: Zacian|93\/100 par\n|cant|p1a: Zacian|flinch\n|\n|upkeep\n|turn|5\n|\n|t:|1698327828\n|cant|p1a: Zacian|par\n|move|p2a: Big Boy|Drain Punch|p1a: Zacian\n|-damage|p1a: Zacian|54\/100 par\n|\n|upkeep\n|turn|6\n|\n|t:|1698327834\n|move|p1a: Zacian|Behemoth Blade|p2a: Big Boy\n|-resisted|p2a: Big Boy\n|-damage|p2a: Big Boy|58\/100\n|move|p2a: Big Boy|Drain Punch|p1a: Zacian\n|-damage|p1a: Zacian|13\/100 par\n|-heal|p2a: Big Boy|71\/100|[from] drain|[of] p1a: Zacian\n|\n|upkeep\n|turn|7\n|\n|t:|1698327846\n|cant|p1a: Zacian|par\n|move|p2a: Big Boy|Drain Punch|p1a: Zacian\n|-damage|p1a: Zacian|0 fnt\n|-heal|p2a: Big Boy|75\/100|[from] drain|[of] p1a: Zacian\n|faint|p1a: Zacian\n|\n|upkeep\n|\n|t:|1698327854\n|switch|p1a: Garchomp|Garchomp, M, shiny|100\/100\n|-activate|p1a: Garchomp|move: Sticky Web\n|-unboost|p1a: Garchomp|spe|1\n|turn|8\n|\n|t:|1698327865\n|move|p1a: Garchomp|Swords Dance|p1a: Garchomp\n|-boost|p1a: Garchomp|atk|2\n|move|p2a: Big Boy|Drain Punch|p1a: Garchomp\n|-damage|p1a: Garchomp|58\/100\n|-heal|p2a: Big Boy|90\/100|[from] drain|[of] p1a: Garchomp\n|-damage|p2a: Big Boy|78\/100|[from] ability: Rough Skin|[of] p1a: Garchomp\n|\n|-heal|p1a: Garchomp|64\/100|[from] item: Leftovers\n|upkeep\n|turn|9\n|\n|t:|1698327875\n|move|p1a: Garchomp|Earthquake|p2a: Big Boy\n|-supereffective|p2a: Big Boy\n|-damage|p2a: Big Boy|0 fnt\n|faint|p2a: Big Boy\n|-end|p2a: Big Boy|Quark Drive|[silent]\n|\n|-heal|p1a: Garchomp|71\/100|[from] item: Leftovers\n|upkeep\n|\n|t:|1698327877\n|switch|p2a: Misdreavius|Flutter Mane, shiny|100\/100\n|-enditem|p2a: Misdreavius|Booster Energy\n|-activate|p2a: Misdreavius|ability: Protosynthesis|[fromitem]\n|-start|p2a: Misdreavius|protosynthesisspe\n|turn|10\n|\n|t:|1698327894\n|move|p2a: Misdreavius|Moonblast|p1a: Garchomp\n|-supereffective|p1a: Garchomp\n|-damage|p1a: Garchomp|0 fnt\n|faint|p1a: Garchomp\n|\n|upkeep\n|inactive|pokesolworfast has 120 seconds left.\n|\n|t:|1698327918\n|switch|p1a: Arceus|Arceus-Ice, shiny|100\/100\n|-activate|p1a: Arceus|move: Sticky Web\n|-unboost|p1a: Arceus|spe|1\n|turn|11\n|\n|t:|1698327924\n|move|p2a: Misdreavius|Power Gem|p1a: Arceus\n|-supereffective|p1a: Arceus\n|-damage|p1a: Arceus|59\/100\n|move|p1a: Arceus|Ice Beam|p2a: Misdreavius\n|-damage|p2a: Misdreavius|54\/100\n|\n|upkeep\n|turn|12\n|\n|t:|1698327931\n|move|p2a: Misdreavius|Power Gem|p1a: Arceus\n|-supereffective|p1a: Arceus\n|-damage|p1a: Arceus|17\/100\n|move|p1a: Arceus|Ice Beam|p2a: Misdreavius\n|-damage|p2a: Misdreavius|6\/100\n|\n|upkeep\n|turn|13\n|\n|t:|1698327939\n|move|p1a: Arceus|Extreme Speed|p2a: Misdreavius\n|-immune|p2a: Misdreavius\n|move|p2a: Misdreavius|Power Gem|p1a: Arceus\n|-supereffective|p1a: Arceus\n|-damage|p1a: Arceus|0 fnt\n|faint|p1a: Arceus\n|\n|upkeep\n|\n|t:|1698327948\n|switch|p1a: Dragapult|Dragapult, M, shiny|100\/100\n|turn|14\n|\n|t:|1698327961\n|move|p2a: Misdreavius|Moonblast|p1a: Dragapult\n|-supereffective|p1a: Dragapult\n|-damage|p1a: Dragapult|0 fnt\n|faint|p1a: Dragapult\n|\n|upkeep\n|\n|t:|1698327967\n|switch|p1a: Flutter Mane|Flutter Mane|100\/100\n|-activate|p1a: Flutter Mane|move: Sticky Web\n|-unboost|p1a: Flutter Mane|spe|1\n|turn|15\n|\n|t:|1698327973\n|move|p2a: Misdreavius|Shadow Ball|p1a: Flutter Mane\n|-supereffective|p1a: Flutter Mane\n|-damage|p1a: Flutter Mane|48\/100\n|move|p1a: Flutter Mane|Dazzling Gleam|p2a: Misdreavius\n|-damage|p2a: Misdreavius|0 fnt\n|faint|p2a: Misdreavius\n|-end|p2a: Misdreavius|Protosynthesis|[silent]\n|\n|upkeep\n|\n|t:|1698327979\n|switch|p2a: Ice Cat|Chien-Pao|100\/100\n|-ability|p2a: Ice Cat|Sword of Ruin\n|turn|16\n|\n|t:|1698327991\n|move|p2a: Ice Cat|Ice Spinner|p1a: Flutter Mane\n|-damage|p1a: Flutter Mane|0 fnt\n|faint|p1a: Flutter Mane\n|-end|p1a: Flutter Mane|Protosynthesis|[silent]\n|-damage|p2a: Ice Cat|91\/100|[from] item: Life Orb\n|\n|upkeep\n|\n|t:|1698327996\n|switch|p1a: Greninja|Greninja, M, shiny|100\/100\n|-activate|p1a: Greninja|move: Sticky Web\n|-unboost|p1a: Greninja|spe|1\n|turn|17\n|\n|t:|1698328003\n|move|p2a: Ice Cat|Sacred Sword|p1a: Greninja\n|-supereffective|p1a: Greninja\n|-damage|p1a: Greninja|0 fnt\n|faint|p1a: Greninja\n|-damage|p2a: Ice Cat|81\/100|[from] item: Life Orb\n|\n|win|Anne Frankkkk\n|raw|pokesolworfast's rating: 1060 &rarr; <strong>1046<\/strong><br \/>(-14 for losing)\n|raw|Anne Frankkkk's rating: 1147 &rarr; <strong>1166<\/strong><br \/>(+19 for winning)\n|l|\u2606pokesolworfast\n","uploadtime":1698328011,"views":9,"p1id":"pokesolworfast","p2id":"annefrankkkk","formatid":"gen9ubers","rating":1046,"private":0,"password":""}