{"id":"gen9ubers-1996115115","p1":"Aurorecristal","p2":"RPPLF_Qilin","format":"[Gen 9] Ubers","log":"|j|\u2606Aurorecristal\n|j|\u2606RPPLF_Qilin\n|t:|1700646424\n|gametype|singles\n|player|p1|Aurorecristal|lady|\n|player|p2|RPPLF_Qilin|1|\n|teamsize|p1|6\n|teamsize|p2|6\n|gen|9\n|tier|[Gen 9] Ubers\n|rule|Sleep Clause Mod: Limit one foe put to sleep\n|rule|Species Clause: Limit one of each Pok\u00e9mon\n|rule|OHKO Clause: OHKO moves are banned\n|rule|Evasion Items Clause: Evasion items are banned\n|rule|Evasion Moves Clause: Evasion moves are banned\n|rule|Endless Battle Clause: Forcing endless battles is banned\n|rule|HP Percentage Mod: HP is shown in percentages\n|clearpoke\n|poke|p1|Kingambit, M|\n|poke|p1|Ditto|\n|poke|p1|Scream Tail|\n|poke|p1|Alomomola, M|\n|poke|p1|Okidogi, M|\n|poke|p1|Annihilape, M|\n|poke|p2|Arceus|\n|poke|p2|Okidogi, M|\n|poke|p2|Grimmsnarl, M|\n|poke|p2|Corviknight, M|\n|poke|p2|Regidrago|\n|poke|p2|Greninja-*, M|\n|teampreview\n|c|\u2606Aurorecristal|Glhf\n|\n|t:|1700646458\n|start\n|switch|p1a: Okikitty|Okidogi, M|100\/100\n|switch|p2a: Okidogi|Okidogi, M|100\/100\n|turn|1\n|\n|t:|1700646463\n|switch|p2a: Corviknight|Corviknight, M|100\/100\n|-ability|p2a: Corviknight|Pressure\n|move|p1a: Okikitty|Knock Off|p2a: Corviknight\n|-damage|p2a: Corviknight|80\/100\n|-damage|p1a: Okikitty|84\/100|[from] item: Rocky Helmet|[of] p2a: Corviknight\n|-enditem|p2a: Corviknight|Rocky Helmet|[from] move: Knock Off|[of] p1a: Okikitty\n|\n|-heal|p1a: Okikitty|90\/100|[from] item: Black Sludge\n|upkeep\n|turn|2\n|\n|t:|1700646473\n|switch|p1a: Angry bird|Annihilape, M|100\/100\n|move|p2a: Corviknight|U-turn|p1a: Angry bird\n|-resisted|p1a: Angry bird\n|-damage|p1a: Angry bird|96\/100\n|\n|t:|1700646485\n|switch|p2a: Regidrago|Regidrago|100\/100|[from] U-turn\n|\n|upkeep\n|turn|3\n|\n|t:|1700646497\n|switch|p1a: Tail'low|Scream Tail|100\/100\n|switch|p2a: Okidogi|Okidogi, M|100\/100\n|\n|upkeep\n|turn|4\n|\n|t:|1700646507\n|move|p1a: Tail'low|Protect|p1a: Tail'low\n|-singleturn|p1a: Tail'low|Protect\n|move|p2a: Okidogi|Knock Off|p1a: Tail'low\n|-activate|p1a: Tail'low|move: Protect\n|\n|upkeep\n|turn|5\n|\n|t:|1700646519\n|-end|p1a: Tail'low|Protosynthesis|[silent]\n|switch|p1a: Angry bird|Annihilape, M|96\/100\n|move|p2a: Okidogi|Poison Jab|p1a: Angry bird\n|-resisted|p1a: Angry bird\n|-damage|p1a: Angry bird|73\/100\n|-status|p1a: Angry bird|psn\n|\n|-damage|p1a: Angry bird|60\/100 psn|[from] psn\n|upkeep\n|turn|6\n|\n|t:|1700646531\n|move|p1a: Angry bird|U-turn|p2a: Okidogi\n|-resisted|p2a: Okidogi\n|-damage|p2a: Okidogi|96\/100\n|\n|t:|1700646533\n|switch|p1a: Lovdisc|Alomomola, M|100\/100|[from] U-turn\n|move|p2a: Okidogi|Psychic Fangs|p1a: Lovdisc\n|-damage|p1a: Lovdisc|76\/100\n|-damage|p2a: Okidogi|79\/100|[from] item: Rocky Helmet|[of] p1a: Lovdisc\n|\n|upkeep\n|turn|7\n|\n|t:|1700646544\n|move|p2a: Okidogi|Knock Off|p1a: Lovdisc\n|-damage|p1a: Lovdisc|49\/100\n|-damage|p2a: Okidogi|63\/100|[from] item: Rocky Helmet|[of] p1a: Lovdisc\n|-enditem|p1a: Lovdisc|Rocky Helmet|[from] move: Knock Off|[of] p2a: Okidogi\n|move|p1a: Lovdisc|Whirlpool|p2a: Okidogi\n|-damage|p2a: Okidogi|59\/100\n|-activate|p2a: Okidogi|move: Whirlpool|[of] p1a: Lovdisc\n|\n|-damage|p2a: Okidogi|46\/100|[from] move: Whirlpool|[partiallytrapped]\n|upkeep\n|turn|8\n|\n|t:|1700646550\n|move|p2a: Okidogi|Poison Jab|p1a: Lovdisc\n|-damage|p1a: Lovdisc|13\/100\n|move|p1a: Lovdisc|Wish|p1a: Lovdisc\n|\n|-damage|p2a: Okidogi|34\/100|[from] move: Whirlpool|[partiallytrapped]\n|upkeep\n|turn|9\n|\n|t:|1700646565\n|move|p1a: Lovdisc|Protect|p1a: Lovdisc\n|-singleturn|p1a: Lovdisc|Protect\n|move|p2a: Okidogi|Drain Punch|p1a: Lovdisc\n|-activate|p1a: Lovdisc|move: Protect\n|\n|-heal|p1a: Lovdisc|63\/100|[from] move: Wish|[wisher] Lovdisc\n|-damage|p2a: Okidogi|21\/100|[from] move: Whirlpool|[partiallytrapped]\n|upkeep\n|turn|10\n|\n|t:|1700646580\n|move|p2a: Okidogi|Poison Jab|p1a: Lovdisc\n|-damage|p1a: Lovdisc|29\/100\n|-status|p1a: Lovdisc|psn\n|move|p1a: Lovdisc|Wish|p1a: Lovdisc\n|\n|-damage|p1a: Lovdisc|17\/100 psn|[from] psn\n|-damage|p2a: Okidogi|9\/100|[from] move: Whirlpool|[partiallytrapped]\n|upkeep\n|turn|11\n|\n|t:|1700646588\n|switch|p1a: Angry bird|Annihilape, M|60\/100 psn\n|move|p2a: Okidogi|Psychic Fangs|p1a: Angry bird\n|-supereffective|p1a: Angry bird\n|-damage|p1a: Angry bird|0 fnt\n|faint|p1a: Angry bird\n|\n|-end|p2a: Okidogi|Whirlpool|[partiallytrapped]\n|upkeep\n|\n|t:|1700646609\n|switch|p1a: Tail'low|Scream Tail|100\/100\n|turn|12\n|\n|t:|1700646627\n|move|p1a: Tail'low|Thunderbolt|p2a: Okidogi\n|-damage|p2a: Okidogi|0 fnt\n|faint|p2a: Okidogi\n|\n|upkeep\n|\n|t:|1700646651\n|switch|p2a: Arceus|Arceus|100\/100\n|turn|13\n|\n|t:|1700646668\n|move|p1a: Tail'low|Perish Song|p1a: Tail'low\n|-start|p1a: Tail'low|perish3|[silent]\n|-start|p2a: Arceus|perish3|[silent]\n|-fieldactivate|move: Perish Song\n|move|p2a: Arceus|Substitute|p2a: Arceus\n|-start|p2a: Arceus|Substitute\n|-damage|p2a: Arceus|76\/100\n|\n|-heal|p2a: Arceus|82\/100|[from] item: Leftovers\n|-start|p1a: Tail'low|perish3\n|-start|p2a: Arceus|perish3\n|upkeep\n|turn|14\n|\n|t:|1700646675\n|move|p1a: Tail'low|Wish|p1a: Tail'low\n|move|p2a: Arceus|Shadow Claw|p1a: Tail'low\n|-supereffective|p1a: Tail'low\n|-crit|p1a: Tail'low\n|-damage|p1a: Tail'low|41\/100\n|\n|-heal|p1a: Tail'low|47\/100|[from] item: Leftovers\n|-heal|p2a: Arceus|88\/100|[from] item: Leftovers\n|-start|p1a: Tail'low|perish2\n|-start|p2a: Arceus|perish2\n|upkeep\n|turn|15\n|\n|t:|1700646683\n|switch|p2a: Corviknight|Corviknight, M|80\/100\n|-ability|p2a: Corviknight|Pressure\n|move|p1a: Tail'low|Protect||[still]\n|-fail|p1a: Tail'low\n|\n|-heal|p1a: Tail'low|97\/100|[from] move: Wish|[wisher] Tail'low\n|-heal|p1a: Tail'low|100\/100|[from] item: Leftovers\n|-start|p1a: Tail'low|perish1\n|upkeep\n|turn|16\n|\n|t:|1700646688\n|-end|p1a: Tail'low|Protosynthesis|[silent]\n|switch|p1a: Lovdisc|Alomomola, M|50\/100 psn\n|move|p2a: Corviknight|U-turn|p1a: Lovdisc\n|-damage|p1a: Lovdisc|40\/100 psn\n|\n|t:|1700646715\n|switch|p2a: Greninja|Greninja, M|100\/100|[from] U-turn\n|\n|-damage|p1a: Lovdisc|28\/100 psn|[from] psn\n|upkeep\n|turn|17\n|\n|t:|1700646721\n|move|p2a: Greninja|Dark Pulse|p1a: Lovdisc\n|-damage|p1a: Lovdisc|0 fnt\n|faint|p1a: Lovdisc\n|-ability|p2a: Greninja|Battle Bond|boost\n|-boost|p2a: Greninja|atk|1\n|-boost|p2a: Greninja|spa|1\n|-boost|p2a: Greninja|spe|1\n|-activate|p2a: Greninja|ability: Battle Bond\n|-damage|p2a: Greninja|91\/100|[from] item: Life Orb\n|\n|upkeep\n|\n|t:|1700646726\n|switch|p1a: Slimy slime|Ditto|100\/100\n|-transform|p1a: Slimy slime|p2a: Greninja|[from] ability: Imposter\n|turn|18\n|\n|t:|1700646743\n|move|p1a: Slimy slime|Grass Knot|p2a: Greninja\n|-supereffective|p2a: Greninja\n|-damage|p2a: Greninja|6\/100\n|move|p2a: Greninja|Grass Knot|p1a: Slimy slime\n|-supereffective|p1a: Slimy slime\n|-damage|p1a: Slimy slime|0 fnt\n|faint|p1a: Slimy slime\n|-damage|p2a: Greninja|0 fnt|[from] item: Life Orb\n|faint|p2a: Greninja\n|\n|upkeep\n|\n|t:|1700646758\n|switch|p2a: Regidrago|Regidrago|100\/100\n|switch|p1a: My Lord|Kingambit, M|100\/100\n|-activate|p1a: My Lord|ability: Supreme Overlord\n|-start|p1a: My Lord|fallen3|[silent]\n|turn|19\n|\n|t:|1700646773\n|-terastallize|p2a: Regidrago|Fire\n|move|p2a: Regidrago|Tera Blast|p1a: My Lord|[anim] Tera Blast Fire\n|-supereffective|p1a: My Lord\n|-damage|p1a: My Lord|44\/100\n|move|p1a: My Lord|Kowtow Cleave|p2a: Regidrago\n|-damage|p2a: Regidrago|15\/100\n|-damage|p1a: My Lord|34\/100|[from] item: Life Orb\n|\n|upkeep\n|turn|20\n|\n|t:|1700646780\n|switch|p2a: Corviknight|Corviknight, M|80\/100\n|-ability|p2a: Corviknight|Pressure\n|move|p1a: My Lord|Sucker Punch||[still]\n|-fail|p1a: My Lord\n|\n|upkeep\n|turn|21\n|\n|t:|1700646786\n|move|p2a: Corviknight|U-turn|p1a: My Lord\n|-damage|p1a: My Lord|21\/100\n|\n|t:|1700646794\n|switch|p2a: Regidrago|Regidrago, tera:Fire|15\/100|[from] U-turn\n|move|p1a: My Lord|Stealth Rock|p2a: Regidrago\n|-sidestart|p2: RPPLF_Qilin|move: Stealth Rock\n|\n|upkeep\n|turn|22\n|\n|t:|1700646802\n|move|p1a: My Lord|Sucker Punch||[still]\n|-fail|p1a: My Lord\n|move|p2a: Regidrago|Dragon Dance|p2a: Regidrago\n|-boost|p2a: Regidrago|atk|1\n|-boost|p2a: Regidrago|spe|1\n|\n|upkeep\n|turn|23\n|\n|t:|1700646821\n|move|p2a: Regidrago|Tera Blast|p1a: My Lord|[anim] Tera Blast Fire\n|-supereffective|p1a: My Lord\n|-damage|p1a: My Lord|0 fnt\n|faint|p1a: My Lord\n|-end|p1a: My Lord|fallen3|[silent]\n|\n|upkeep\n|\n|t:|1700646826\n|switch|p1a: Tail'low|Scream Tail|100\/100\n|turn|24\n|\n|t:|1700646833\n|move|p2a: Regidrago|Tera Blast|p1a: Tail'low|[anim] Tera Blast Fire\n|-damage|p1a: Tail'low|69\/100\n|move|p1a: Tail'low|Thunderbolt|p2a: Regidrago\n|-damage|p2a: Regidrago|0 fnt\n|faint|p2a: Regidrago\n|\n|-heal|p1a: Tail'low|75\/100|[from] item: Leftovers\n|upkeep\n|\n|t:|1700646843\n|switch|p2a: Arceus|Arceus|88\/100\n|-damage|p2a: Arceus|75\/100|[from] Stealth Rock\n|turn|25\n|\n|t:|1700646852\n|move|p1a: Tail'low|Thunderbolt|p2a: Arceus\n|-damage|p2a: Arceus|64\/100\n|-status|p2a: Arceus|par\n|move|p2a: Arceus|Swords Dance|p2a: Arceus\n|-boost|p2a: Arceus|atk|2\n|\n|-heal|p1a: Tail'low|81\/100|[from] item: Leftovers\n|-heal|p2a: Arceus|70\/100 par|[from] item: Leftovers\n|upkeep\n|turn|26\n|\n|t:|1700646858\n|-terastallize|p1a: Tail'low|Steel\n|move|p1a: Tail'low|Perish Song|p1a: Tail'low\n|-start|p1a: Tail'low|perish3|[silent]\n|-start|p2a: Arceus|perish3|[silent]\n|-fieldactivate|move: Perish Song\n|move|p2a: Arceus|Shadow Claw|p1a: Tail'low\n|-damage|p1a: Tail'low|42\/100\n|\n|-heal|p1a: Tail'low|48\/100|[from] item: Leftovers\n|-heal|p2a: Arceus|76\/100 par|[from] item: Leftovers\n|-start|p1a: Tail'low|perish3\n|-start|p2a: Arceus|perish3\n|upkeep\n|turn|27\n|\n|t:|1700646884\n|move|p1a: Tail'low|Wish|p1a: Tail'low\n|cant|p2a: Arceus|par\n|\n|-heal|p1a: Tail'low|54\/100|[from] item: Leftovers\n|-heal|p2a: Arceus|82\/100 par|[from] item: Leftovers\n|-start|p1a: Tail'low|perish2\n|-start|p2a: Arceus|perish2\n|upkeep\n|turn|28\n|\n|t:|1700646889\n|switch|p2a: Corviknight|Corviknight, M|80\/100\n|-damage|p2a: Corviknight|68\/100|[from] Stealth Rock\n|-ability|p2a: Corviknight|Pressure\n|move|p1a: Tail'low|Thunderbolt|p2a: Corviknight\n|-supereffective|p2a: Corviknight\n|-damage|p2a: Corviknight|36\/100\n|\n|-heal|p1a: Tail'low|100\/100|[from] move: Wish|[wisher] Tail'low\n|-start|p1a: Tail'low|perish1\n|upkeep\n|turn|29\n|\n|t:|1700646896\n|-end|p1a: Tail'low|Protosynthesis|[silent]\n|switch|p1a: Okikitty|Okidogi, M|90\/100\n|move|p2a: Corviknight|Roost|p2a: Corviknight\n|-heal|p2a: Corviknight|86\/100\n|-singleturn|p2a: Corviknight|move: Roost\n|\n|-heal|p1a: Okikitty|96\/100|[from] item: Black Sludge\n|upkeep\n|turn|30\n|\n|t:|1700646901\n|move|p1a: Okikitty|Bulk Up|p1a: Okikitty\n|-boost|p1a: Okikitty|atk|1\n|-boost|p1a: Okikitty|def|1\n|move|p2a: Corviknight|Brave Bird|p1a: Okikitty\n|-supereffective|p1a: Okikitty\n|-damage|p1a: Okikitty|49\/100\n|-damage|p2a: Corviknight|74\/100|[from] Recoil\n|\n|-heal|p1a: Okikitty|55\/100|[from] item: Black Sludge\n|upkeep\n|turn|31\n|\n|t:|1700646910\n|move|p1a: Okikitty|Protect|p1a: Okikitty\n|-singleturn|p1a: Okikitty|Protect\n|move|p2a: Corviknight|Brave Bird|p1a: Okikitty\n|-activate|p1a: Okikitty|move: Protect\n|\n|-heal|p1a: Okikitty|61\/100|[from] item: Black Sludge\n|upkeep\n|turn|32\n|\n|t:|1700646927\n|switch|p1a: Tail'low|Scream Tail, tera:Steel|100\/100\n|move|p2a: Corviknight|Brave Bird|p1a: Tail'low\n|-resisted|p1a: Tail'low\n|-damage|p1a: Tail'low|85\/100\n|-damage|p2a: Corviknight|68\/100|[from] Recoil\n|\n|-heal|p1a: Tail'low|91\/100|[from] item: Leftovers\n|upkeep\n|turn|33\n|\n|t:|1700646937\n|switch|p2a: Grimmsnarl|Grimmsnarl, M|100\/100\n|-damage|p2a: Grimmsnarl|88\/100|[from] Stealth Rock\n|move|p1a: Tail'low|Thunderbolt|p2a: Grimmsnarl\n|-crit|p2a: Grimmsnarl\n|-damage|p2a: Grimmsnarl|71\/100\n|\n|-heal|p1a: Tail'low|97\/100|[from] item: Leftovers\n|upkeep\n|turn|34\n|\n|t:|1700646951\n|move|p2a: Grimmsnarl|Parting Shot|p1a: Tail'low\n|-unboost|p1a: Tail'low|atk|1\n|-unboost|p1a: Tail'low|spa|1\n|\n|t:|1700646952\n|switch|p2a: Corviknight|Corviknight, M|68\/100|[from] Parting Shot\n|-damage|p2a: Corviknight|56\/100|[from] Stealth Rock\n|-ability|p2a: Corviknight|Pressure\n|move|p1a: Tail'low|Thunderbolt|p2a: Corviknight\n|-supereffective|p2a: Corviknight\n|-damage|p2a: Corviknight|35\/100\n|\n|-heal|p1a: Tail'low|100\/100|[from] item: Leftovers\n|upkeep\n|turn|35\n|\n|t:|1700646957\n|move|p1a: Tail'low|Thunderbolt|p2a: Corviknight\n|-supereffective|p2a: Corviknight\n|-damage|p2a: Corviknight|14\/100\n|move|p2a: Corviknight|Roost|p2a: Corviknight\n|-heal|p2a: Corviknight|64\/100\n|-singleturn|p2a: Corviknight|move: Roost\n|\n|upkeep\n|turn|36\n|\n|t:|1700646963\n|move|p1a: Tail'low|Wish|p1a: Tail'low\n|move|p2a: Corviknight|Defog|p1a: Tail'low\n|-unboost|p1a: Tail'low|evasion|1\n|-sideend|p2: RPPLF_Qilin|Stealth Rock|[from] move: Defog|[of] p2a: Corviknight\n|\n|upkeep\n|turn|37\n|\n|t:|1700646974\n|move|p1a: Tail'low|Thunderbolt|p2a: Corviknight\n|-supereffective|p2a: Corviknight\n|-damage|p2a: Corviknight|42\/100\n|move|p2a: Corviknight|U-turn|p1a: Tail'low\n|-resisted|p1a: Tail'low\n|-crit|p1a: Tail'low\n|-damage|p1a: Tail'low|92\/100\n|\n|t:|1700646980\n|switch|p2a: Arceus|Arceus|82\/100 par|[from] U-turn\n|\n|-heal|p1a: Tail'low|100\/100|[from] move: Wish|[wisher] Tail'low\n|-heal|p2a: Arceus|88\/100 par|[from] item: Leftovers\n|upkeep\n|turn|38\n|\n|t:|1700646984\n|move|p1a: Tail'low|Wish|p1a: Tail'low\n|move|p2a: Arceus|Swords Dance|p2a: Arceus\n|-boost|p2a: Arceus|atk|2\n|\n|-heal|p2a: Arceus|94\/100 par|[from] item: Leftovers\n|upkeep\n|turn|39\n|\n|t:|1700646992\n|-end|p1a: Tail'low|Protosynthesis|[silent]\n|switch|p1a: Okikitty|Okidogi, M|61\/100\n|move|p2a: Arceus|Substitute|p2a: Arceus\n|-start|p2a: Arceus|Substitute\n|-damage|p2a: Arceus|70\/100 par\n|\n|-heal|p1a: Okikitty|100\/100|[from] move: Wish|[wisher] Tail'low\n|-heal|p2a: Arceus|76\/100 par|[from] item: Leftovers\n|upkeep\n|turn|40\n|\n|t:|1700647001\n|cant|p2a: Arceus|par\n|move|p1a: Okikitty|Knock Off|p2a: Arceus\n|-activate|p2a: Arceus|move: Substitute|[damage]\n|\n|-heal|p2a: Arceus|82\/100 par|[from] item: Leftovers\n|upkeep\n|turn|41\n|\n|t:|1700647011\n|move|p2a: Arceus|Extreme Speed|p1a: Okikitty\n|-damage|p1a: Okikitty|16\/100\n|move|p1a: Okikitty|Knock Off|p2a: Arceus\n|-end|p2a: Arceus|Substitute\n|\n|-heal|p1a: Okikitty|22\/100|[from] item: Black Sludge\n|-heal|p2a: Arceus|88\/100 par|[from] item: Leftovers\n|upkeep\n|turn|42\n|\n|t:|1700647016\n|move|p2a: Arceus|Extreme Speed|p1a: Okikitty\n|-damage|p1a: Okikitty|0 fnt\n|faint|p1a: Okikitty\n|\n|-heal|p2a: Arceus|94\/100 par|[from] item: Leftovers\n|upkeep\n|\n|t:|1700647018\n|switch|p1a: Tail'low|Scream Tail, tera:Steel|100\/100\n|turn|43\n|c|\u2606Aurorecristal|Gg\n|-message|Aurorecristal forfeited.\n|\n|win|RPPLF_Qilin\n|l|\u2606Aurorecristal\n|n|\u2606RPPLF_Qilin|rpplfqilin\n|c|\u2606RPPLF_Qilin|Gg\n","uploadtime":1700647065,"views":6,"p1id":"aurorecristal","p2id":"rpplfqilin","formatid":"gen9ubers","rating":0,"private":0,"password":""}