{"id":"gen9ubers-1998527526","p1":"Dogattacks","p2":"ROHONB","format":"[Gen 9] Ubers","log":"|j|\u2606Dogattacks\n|j|\u2606ROHONB\n|t:|1700952504\n|gametype|singles\n|player|p1|Dogattacks|koga|1000\n|player|p2|ROHONB|marlon|1000\n|teamsize|p1|6\n|teamsize|p2|6\n|gen|9\n|tier|[Gen 9] Ubers\n|rated|\n|rule|Sleep Clause Mod: Limit one foe put to sleep\n|rule|Species Clause: Limit one of each Pok\u00e9mon\n|rule|OHKO Clause: OHKO moves are banned\n|rule|Evasion Items Clause: Evasion items are banned\n|rule|Evasion Moves Clause: Evasion moves are banned\n|rule|Endless Battle Clause: Forcing endless battles is banned\n|rule|HP Percentage Mod: HP is shown in percentages\n|clearpoke\n|poke|p1|Koraidon|\n|poke|p1|Great Tusk|\n|poke|p1|Baxcalibur, F|\n|poke|p1|Arceus-Ghost|\n|poke|p1|Zacian-*|\n|poke|p1|Ribombee, F|\n|poke|p2|Quaquaval, M|\n|poke|p2|Oinkologne, M|\n|poke|p2|Annihilape, M|\n|poke|p2|Arboliva, M|\n|poke|p2|Klawf, M|\n|poke|p2|Baxcalibur, F|\n|teampreview\n|c|\u2606ROHONB|glhf\n|\n|t:|1700952530\n|start\n|switch|p1a: Ribombee|Ribombee, F|100\/100\n|switch|p2a: I. R. Baboon|Annihilape, M|100\/100\n|turn|1\n|\n|t:|1700952536\n|move|p1a: Ribombee|Sticky Web|p2a: I. R. Baboon\n|-sidestart|p2: ROHONB|move: Sticky Web\n|move|p2a: I. R. Baboon|Gunk Shot|p1a: Ribombee\n|-supereffective|p1a: Ribombee\n|-enditem|p1a: Ribombee|Focus Sash\n|-damage|p1a: Ribombee|1\/100\n|\n|upkeep\n|turn|2\n|\n|t:|1700952542\n|move|p1a: Ribombee|Moonblast|p2a: I. R. Baboon\n|-supereffective|p2a: I. R. Baboon\n|-damage|p2a: I. R. Baboon|24\/100\n|-unboost|p2a: I. R. Baboon|spa|1\n|-ability|p2a: I. R. Baboon|Defiant|boost\n|-boost|p2a: I. R. Baboon|atk|2\n|move|p2a: I. R. Baboon|Rage Fist|p1a: Ribombee\n|-damage|p1a: Ribombee|0 fnt\n|faint|p1a: Ribombee\n|\n|upkeep\n|\n|t:|1700952553\n|switch|p1a: Zacian|Zacian-Crowned|100\/100\n|-ability|p1a: Zacian|Intrepid Sword|boost\n|-boost|p1a: Zacian|atk|1\n|turn|3\n|\n|t:|1700952558\n|move|p1a: Zacian|Behemoth Blade|p2a: I. R. Baboon\n|-damage|p2a: I. R. Baboon|0 fnt\n|faint|p2a: I. R. Baboon\n|\n|upkeep\n|\n|t:|1700952569\n|switch|p2a: Porky|Oinkologne, M|100\/100\n|-activate|p2a: Porky|move: Sticky Web\n|-unboost|p2a: Porky|spe|1\n|turn|4\n|\n|t:|1700952579\n|move|p1a: Zacian|Swords Dance|p1a: Zacian\n|-boost|p1a: Zacian|atk|2\n|move|p2a: Porky|Yawn|p1a: Zacian\n|-start|p1a: Zacian|move: Yawn|[of] p2a: Porky\n|\n|upkeep\n|turn|5\n|\n|t:|1700952593\n|switch|p1a: Arceus|Arceus-Ghost|100\/100\n|move|p2a: Porky|Stomping Tantrum|p1a: Arceus\n|-damage|p1a: Arceus|87\/100\n|\n|upkeep\n|turn|6\n|\n|t:|1700952598\n|move|p1a: Arceus|Will-O-Wisp|p2a: Porky\n|-status|p2a: Porky|brn\n|move|p2a: Porky|Yawn|p1a: Arceus\n|-start|p1a: Arceus|move: Yawn|[of] p2a: Porky\n|\n|-damage|p2a: Porky|94\/100 brn|[from] brn\n|upkeep\n|turn|7\n|\n|t:|1700952612\n|switch|p1a: Great Tusk|Great Tusk|100\/100\n|move|p2a: Porky|Double-Edge|p1a: Great Tusk\n|-damage|p1a: Great Tusk|79\/100\n|-damage|p2a: Porky|87\/100 brn|[from] Recoil\n|\n|-heal|p2a: Porky|93\/100 brn|[from] item: Leftovers\n|-damage|p2a: Porky|87\/100 brn|[from] brn\n|upkeep\n|turn|8\n|\n|t:|1700952622\n|move|p1a: Great Tusk|Close Combat|p2a: Porky\n|-supereffective|p2a: Porky\n|-damage|p2a: Porky|0 fnt\n|-unboost|p1a: Great Tusk|def|1\n|-unboost|p1a: Great Tusk|spd|1\n|faint|p2a: Porky\n|\n|upkeep\n|\n|t:|1700952629\n|switch|p2a: Anne|Baxcalibur, F|100\/100\n|-activate|p2a: Anne|move: Sticky Web\n|-unboost|p2a: Anne|spe|1\n|turn|9\n|\n|t:|1700952633\n|move|p1a: Great Tusk|Close Combat|p2a: Anne\n|-supereffective|p2a: Anne\n|-enditem|p2a: Anne|Chople Berry|[eat]\n|-enditem|p2a: Anne|Chople Berry|[weaken]\n|-damage|p2a: Anne|50\/100\n|-unboost|p1a: Great Tusk|def|1\n|-unboost|p1a: Great Tusk|spd|1\n|move|p2a: Anne|Icicle Crash|p1a: Great Tusk\n|-supereffective|p1a: Great Tusk\n|-damage|p1a: Great Tusk|0 fnt\n|faint|p1a: Great Tusk\n|-end|p1a: Great Tusk|Protosynthesis|[silent]\n|\n|upkeep\n|\n|t:|1700952637\n|switch|p1a: Zacian|Zacian-Crowned|100\/100\n|turn|10\n|\n|t:|1700952644\n|move|p1a: Zacian|Behemoth Blade|p2a: Anne\n|-supereffective|p2a: Anne\n|-damage|p2a: Anne|0 fnt\n|faint|p2a: Anne\n|\n|upkeep\n|\n|t:|1700952651\n|switch|p2a: Phillive|Arboliva, M|100\/100\n|-activate|p2a: Phillive|move: Sticky Web\n|-unboost|p2a: Phillive|spe|1\n|turn|11\n|\n|t:|1700952658\n|move|p1a: Zacian|Play Rough|p2a: Phillive\n|-damage|p2a: Phillive|44\/100\n|-damage|p1a: Zacian|84\/100|[from] item: Rocky Helmet|[of] p2a: Phillive\n|-fieldstart|move: Grassy Terrain|[from] ability: Seed Sower|[of] p2a: Phillive\n|move|p2a: Phillive|Terrain Pulse|p1a: Zacian\n|-resisted|p1a: Zacian\n|-damage|p1a: Zacian|52\/100\n|\n|-heal|p1a: Zacian|59\/100|[from] Grassy Terrain\n|-heal|p2a: Phillive|50\/100|[from] Grassy Terrain\n|upkeep\n|turn|12\n|\n|t:|1700952669\n|move|p1a: Zacian|Play Rough|p2a: Phillive\n|-crit|p2a: Phillive\n|-damage|p2a: Phillive|0 fnt\n|-damage|p1a: Zacian|42\/100|[from] item: Rocky Helmet|[of] p2a: Phillive\n|faint|p2a: Phillive\n|\n|-heal|p1a: Zacian|48\/100|[from] Grassy Terrain\n|upkeep\n|\n|t:|1700952677\n|switch|p2a: Daffy|Quaquaval, M|100\/100\n|-activate|p2a: Daffy|move: Sticky Web\n|-unboost|p2a: Daffy|spe|1\n|turn|13\n|\n|t:|1700952683\n|-terastallize|p1a: Zacian|Electric\n|-terastallize|p2a: Daffy|Flying\n|move|p1a: Zacian|Wild Charge|p2a: Daffy\n|-supereffective|p2a: Daffy\n|-damage|p2a: Daffy|0 fnt\n|faint|p2a: Daffy\n|-damage|p1a: Zacian|24\/100|[from] Recoil\n|\n|-heal|p1a: Zacian|30\/100|[from] Grassy Terrain\n|upkeep\n|c|\u2606ROHONB|gg\n|\n|t:|1700952692\n|switch|p2a: Mr. Rocko|Klawf, M|100\/100\n|-activate|p2a: Mr. Rocko|move: Sticky Web\n|-unboost|p2a: Mr. Rocko|spe|1\n|turn|14\n|\n|t:|1700952694\n|move|p1a: Zacian|Behemoth Blade|p2a: Mr. Rocko\n|-supereffective|p2a: Mr. Rocko\n|-damage|p2a: Mr. Rocko|0 fnt\n|faint|p2a: Mr. Rocko\n|\n|win|Dogattacks\n|raw|Dogattacks's rating: 1000 &rarr; <strong>1040<\/strong><br \/>(+40 for winning)\n|raw|ROHONB's rating: 1000 &rarr; <strong>1000<\/strong><br \/>(+0 for losing)\n|l|\u2606ROHONB\n","uploadtime":1700952701,"views":4,"p1id":"dogattacks","p2id":"rohonb","formatid":"gen9ubers","rating":1000,"private":0,"password":""}