{"id":"gen9ubers-1976643780","p1":"ge%\/72o","p2":"DIB Jirachi","format":"[Gen 9] Ubers","log":"|j|\u2606ge%\/72o\n|j|\u2606DIB Jirachi\n|t:|1698329932\n|gametype|singles\n|player|p1|ge%\/72o|2|1085\n|player|p2|DIB Jirachi|brawly|1156\n|teamsize|p1|6\n|teamsize|p2|6\n|gen|9\n|tier|[Gen 9] Ubers\n|rated|\n|rule|Sleep Clause Mod: Limit one foe put to sleep\n|rule|Species Clause: Limit one of each Pok\u00e9mon\n|rule|OHKO Clause: OHKO moves are banned\n|rule|Evasion Items Clause: Evasion items are banned\n|rule|Evasion Moves Clause: Evasion moves are banned\n|rule|Endless Battle Clause: Forcing endless battles is banned\n|rule|HP Percentage Mod: HP is shown in percentages\n|clearpoke\n|poke|p1|Zacian-*|\n|poke|p1|Groudon|\n|poke|p1|Eternatus|\n|poke|p1|Koraidon|\n|poke|p1|Miraidon|\n|poke|p1|Giratina-Origin|\n|poke|p2|Ribombee, F|\n|poke|p2|Koraidon|\n|poke|p2|Arceus-Ghost|\n|poke|p2|Zacian-*|\n|poke|p2|Baxcalibur, M|\n|poke|p2|Great Tusk|\n|teampreview\n|inactive|Battle timer is ON: inactive players will automatically lose when time's up. (requested by DIB Jirachi)\n|\n|t:|1698329946\n|start\n|switch|p1a: Eternatus|Eternatus|100\/100\n|switch|p2a: Ribombee|Ribombee, F|100\/100\n|-ability|p1a: Eternatus|Pressure\n|turn|1\n|\n|t:|1698329953\n|move|p2a: Ribombee|Sticky Web|p1a: Eternatus\n|-sidestart|p1: ge%\/72o|move: Sticky Web\n|move|p1a: Eternatus|Flamethrower|p2a: Ribombee\n|-supereffective|p2a: Ribombee\n|-enditem|p2a: Ribombee|Focus Sash\n|-damage|p2a: Ribombee|1\/100\n|\n|upkeep\n|turn|2\n|\n|t:|1698329959\n|move|p2a: Ribombee|Stun Spore|p1a: Eternatus|[miss]\n|-miss|p2a: Ribombee|p1a: Eternatus\n|move|p1a: Eternatus|Cosmic Power|p1a: Eternatus\n|-boost|p1a: Eternatus|def|1\n|-boost|p1a: Eternatus|spd|1\n|\n|upkeep\n|turn|3\n|\n|t:|1698329971\n|move|p2a: Ribombee|Stun Spore|p1a: Eternatus\n|-status|p1a: Eternatus|par\n|cant|p1a: Eternatus|par\n|\n|upkeep\n|turn|4\n|\n|t:|1698329978\n|switch|p2a: Koraidon|Koraidon|100\/100\n|-weather|SunnyDay|[from] ability: Orichalcum Pulse|[of] p2a: Koraidon\n|-activate|p2a: Koraidon|Orichalcum Pulse|[source]\n|move|p1a: Eternatus|Cosmic Power|p1a: Eternatus\n|-boost|p1a: Eternatus|def|1\n|-boost|p1a: Eternatus|spd|1\n|\n|-weather|SunnyDay|[upkeep]\n|upkeep\n|turn|5\n|\n|t:|1698329997\n|-terastallize|p1a: Eternatus|Fairy\n|move|p2a: Koraidon|Taunt|p1a: Eternatus\n|-start|p1a: Eternatus|move: Taunt\n|cant|p1a: Eternatus|move: Taunt|Toxic\n|\n|-weather|SunnyDay|[upkeep]\n|upkeep\n|turn|6\n|\n|t:|1698330010\n|switch|p2a: Ribombee|Ribombee, F|1\/100\n|switch|p1a: Giratina|Giratina-Origin|100\/100\n|\n|-weather|SunnyDay|[upkeep]\n|upkeep\n|turn|7\n|\n|t:|1698330019\n|move|p2a: Ribombee|Moonblast|p1a: Giratina\n|-supereffective|p1a: Giratina\n|-damage|p1a: Giratina|48\/100\n|-unboost|p1a: Giratina|spa|1\n|move|p1a: Giratina|Defog|p2a: Ribombee\n|-unboost|p2a: Ribombee|evasion|1\n|-sideend|p1: ge%\/72o|Sticky Web|[from] move: Defog|[of] p1a: Giratina\n|\n|-weather|SunnyDay|[upkeep]\n|upkeep\n|turn|8\n|\n|t:|1698330028\n|move|p2a: Ribombee|Sticky Web|p1a: Giratina\n|-sidestart|p1: ge%\/72o|move: Sticky Web\n|move|p1a: Giratina|Earthquake|p2a: Ribombee\n|-resisted|p2a: Ribombee\n|-damage|p2a: Ribombee|0 fnt\n|faint|p2a: Ribombee\n|\n|-weather|none\n|upkeep\n|\n|t:|1698330037\n|switch|p2a: Koraidon|Koraidon|100\/100\n|-weather|SunnyDay|[from] ability: Orichalcum Pulse|[of] p2a: Koraidon\n|-activate|p2a: Koraidon|Orichalcum Pulse|[source]\n|turn|9\n|\n|t:|1698330045\n|switch|p1a: Groudon|Groudon|100\/100\n|-activate|p1a: Groudon|move: Sticky Web\n|-unboost|p1a: Groudon|spe|1\n|move|p2a: Koraidon|Scale Shot|p1a: Groudon\n|-damage|p1a: Groudon|92\/100\n|-damage|p1a: Groudon|83\/100\n|-damage|p1a: Groudon|75\/100\n|-damage|p1a: Groudon|66\/100\n|-damage|p1a: Groudon|58\/100\n|-hitcount|p1a: Groudon|5\n|-unboost|p2a: Koraidon|def|1\n|-boost|p2a: Koraidon|spe|1\n|\n|-weather|SunnyDay|[upkeep]\n|-heal|p1a: Groudon|64\/100|[from] item: Leftovers\n|upkeep\n|turn|10\n|\n|t:|1698330053\n|move|p2a: Koraidon|Swords Dance|p2a: Koraidon\n|-boost|p2a: Koraidon|atk|2\n|move|p1a: Groudon|Will-O-Wisp|p2a: Koraidon\n|-status|p2a: Koraidon|brn\n|\n|-weather|SunnyDay|[upkeep]\n|-heal|p1a: Groudon|70\/100|[from] item: Leftovers\n|-damage|p2a: Koraidon|94\/100 brn|[from] brn\n|upkeep\n|turn|11\n|\n|t:|1698330061\n|move|p2a: Koraidon|Scale Shot|p1a: Groudon\n|-damage|p1a: Groudon|62\/100\n|-damage|p1a: Groudon|54\/100\n|-damage|p1a: Groudon|47\/100\n|-damage|p1a: Groudon|38\/100\n|-damage|p1a: Groudon|30\/100\n|-hitcount|p1a: Groudon|5\n|-unboost|p2a: Koraidon|def|1\n|-boost|p2a: Koraidon|spe|1\n|move|p1a: Groudon|Bulk Up|p1a: Groudon\n|-boost|p1a: Groudon|atk|1\n|-boost|p1a: Groudon|def|1\n|\n|-weather|SunnyDay|[upkeep]\n|-heal|p1a: Groudon|36\/100|[from] item: Leftovers\n|-damage|p2a: Koraidon|88\/100 brn|[from] brn\n|upkeep\n|turn|12\n|\n|t:|1698330082\n|move|p2a: Koraidon|Taunt|p1a: Groudon\n|-start|p1a: Groudon|move: Taunt\n|move|p1a: Groudon|Earthquake|p2a: Koraidon\n|-damage|p2a: Koraidon|0 fnt\n|faint|p2a: Koraidon\n|\n|-weather|SunnyDay|[upkeep]\n|-heal|p1a: Groudon|42\/100|[from] item: Leftovers\n|upkeep\n|\n|t:|1698330100\n|switch|p2a: Arceus|Arceus-Ghost|100\/100\n|turn|13\n|\n|t:|1698330107\n|move|p2a: Arceus|Judgment|p1a: Groudon\n|-damage|p1a: Groudon|0 fnt\n|faint|p1a: Groudon\n|\n|-weather|none\n|upkeep\n|\n|t:|1698330115\n|switch|p1a: Eternatus|Eternatus, tera:Fairy|100\/100 par\n|-activate|p1a: Eternatus|move: Sticky Web\n|-unboost|p1a: Eternatus|spe|1\n|-ability|p1a: Eternatus|Pressure\n|turn|14\n|\n|t:|1698330121\n|switch|p2a: Zacian|Zacian-Crowned|100\/100\n|-ability|p2a: Zacian|Intrepid Sword|boost\n|-boost|p2a: Zacian|atk|1\n|move|p1a: Eternatus|Cosmic Power|p1a: Eternatus\n|-boost|p1a: Eternatus|def|1\n|-boost|p1a: Eternatus|spd|1\n|\n|upkeep\n|turn|15\n|\n|t:|1698330137\n|move|p2a: Zacian|Behemoth Blade|p1a: Eternatus\n|-supereffective|p1a: Eternatus\n|-damage|p1a: Eternatus|6\/100 par\n|move|p1a: Eternatus|Flamethrower|p2a: Zacian\n|-supereffective|p2a: Zacian\n|-damage|p2a: Zacian|48\/100\n|\n|-heal|p1a: Eternatus|12\/100 par|[from] item: Leftovers\n|upkeep\n|turn|16\n|\n|t:|1698330144\n|move|p2a: Zacian|Behemoth Blade|p1a: Eternatus\n|-supereffective|p1a: Eternatus\n|-damage|p1a: Eternatus|0 fnt\n|faint|p1a: Eternatus\n|\n|upkeep\n|\n|t:|1698330152\n|switch|p1a: Zacian|Zacian-Crowned|100\/100\n|-activate|p1a: Zacian|move: Sticky Web\n|-unboost|p1a: Zacian|spe|1\n|-ability|p1a: Zacian|Intrepid Sword|boost\n|-boost|p1a: Zacian|atk|1\n|turn|17\n|\n|t:|1698330174\n|switch|p2a: Arceus|Arceus-Ghost|100\/100\n|move|p1a: Zacian|Behemoth Blade|p2a: Arceus\n|-crit|p2a: Arceus\n|-damage|p2a: Arceus|27\/100\n|\n|upkeep\n|turn|18\n|\n|t:|1698330180\n|move|p2a: Arceus|Will-O-Wisp|p1a: Zacian\n|-status|p1a: Zacian|brn\n|move|p1a: Zacian|Behemoth Blade|p2a: Arceus\n|-damage|p2a: Arceus|4\/100\n|\n|-damage|p1a: Zacian|94\/100 brn|[from] brn\n|upkeep\n|turn|19\n|\n|t:|1698330189\n|move|p2a: Arceus|Recover|p2a: Arceus\n|-heal|p2a: Arceus|54\/100\n|move|p1a: Zacian|Behemoth Blade|p2a: Arceus\n|-damage|p2a: Arceus|31\/100\n|\n|-damage|p1a: Zacian|88\/100 brn|[from] brn\n|upkeep\n|turn|20\n|\n|t:|1698330195\n|move|p2a: Arceus|Recover|p2a: Arceus\n|-heal|p2a: Arceus|82\/100\n|move|p1a: Zacian|Swords Dance|p1a: Zacian\n|-boost|p1a: Zacian|atk|2\n|\n|-damage|p1a: Zacian|82\/100 brn|[from] brn\n|upkeep\n|turn|21\n|\n|t:|1698330199\n|move|p2a: Arceus|Judgment|p1a: Zacian\n|-damage|p1a: Zacian|36\/100 brn\n|move|p1a: Zacian|Swords Dance|p1a: Zacian\n|-boost|p1a: Zacian|atk|2\n|\n|-damage|p1a: Zacian|30\/100 brn|[from] brn\n|upkeep\n|turn|22\n|\n|t:|1698330203\n|move|p2a: Arceus|Judgment|p1a: Zacian\n|-damage|p1a: Zacian|0 fnt\n|faint|p1a: Zacian\n|\n|upkeep\n|\n|t:|1698330206\n|switch|p1a: Giratina|Giratina-Origin|48\/100\n|turn|23\n|\n|t:|1698330210\n|move|p2a: Arceus|Judgment|p1a: Giratina\n|-supereffective|p1a: Giratina\n|-damage|p1a: Giratina|0 fnt\n|faint|p1a: Giratina\n|\n|upkeep\n|-message|ge%\/72o forfeited.\n|\n|win|DIB Jirachi\n|raw|ge%&#x2f;72o's rating: 1085 &rarr; <strong>1067<\/strong><br \/>(-18 for losing)\n|raw|DIB Jirachi's rating: 1156 &rarr; <strong>1176<\/strong><br \/>(+20 for winning)\n|l|\u2606ge%\/72o\n","uploadtime":1698330218,"views":11,"p1id":"ge72o","p2id":"dibjirachi","formatid":"gen9ubers","rating":1067,"private":0,"password":""}