{"id":"gen9ubers-1990596499","p1":"xinjuju","p2":"Hukkaaja","format":"[Gen 9] Ubers","log":"|j|\u2606xinjuju\n|j|\u2606Hukkaaja\n|t:|1699984410\n|gametype|singles\n|player|p1|xinjuju|parasollady-gen4|1113\n|player|p2|Hukkaaja|ethan|1000\n|teamsize|p1|6\n|teamsize|p2|6\n|gen|9\n|tier|[Gen 9] Ubers\n|rated|\n|rule|Sleep Clause Mod: Limit one foe put to sleep\n|rule|Species Clause: Limit one of each Pok\u00e9mon\n|rule|OHKO Clause: OHKO moves are banned\n|rule|Evasion Items Clause: Evasion items are banned\n|rule|Evasion Moves Clause: Evasion moves are banned\n|rule|Endless Battle Clause: Forcing endless battles is banned\n|rule|HP Percentage Mod: HP is shown in percentages\n|clearpoke\n|poke|p1|Giratina-Origin|\n|poke|p1|Miraidon|\n|poke|p1|Koraidon|\n|poke|p1|Ribombee, M|\n|poke|p1|Zacian-*|\n|poke|p1|Great Tusk|\n|poke|p2|Flutter Mane|\n|poke|p2|Tornadus, M|\n|poke|p2|Chien-Pao|\n|poke|p2|Moltres-Galar|\n|poke|p2|Urshifu-*, M|\n|poke|p2|Dragonite, M|\n|teampreview\n|j| kipperace\n|\n|t:|1699984416\n|start\n|switch|p1a: Ribombee|Ribombee, M|100\/100\n|switch|p2a: Tornadus|Tornadus, M|100\/100\n|turn|1\n|\n|t:|1699984433\n|switch|p1a: Miraidon|Miraidon|100\/100\n|-fieldstart|move: Electric Terrain|[from] ability: Hadron Engine|[of] p1a: Miraidon\n|move|p2a: Tornadus|Tailwind|p2a: Tornadus\n|-sidestart|p2: Hukkaaja|move: Tailwind\n|\n|upkeep\n|turn|2\n|\n|t:|1699984463\n|move|p2a: Tornadus|Rain Dance|p2a: Tornadus\n|-weather|RainDance\n|move|p1a: Miraidon|Volt Switch|p2a: Tornadus\n|-supereffective|p2a: Tornadus\n|-enditem|p2a: Tornadus|Wacan Berry|[eat]\n|-enditem|p2a: Tornadus|Wacan Berry|[weaken]\n|-damage|p2a: Tornadus|26\/100\n|-damage|p1a: Miraidon|91\/100|[from] item: Life Orb\n|\n|t:|1699984479\n|switch|p1a: Ribombee|Ribombee, M|100\/100|[from] Volt Switch\n|\n|-weather|RainDance|[upkeep]\n|upkeep\n|turn|3\n|\n|t:|1699984489\n|switch|p2a: Moltres|Moltres-Galar|100\/100\n|move|p1a: Ribombee|Sticky Web|p2a: Moltres\n|-sidestart|p2: Hukkaaja|move: Sticky Web\n|\n|-weather|RainDance|[upkeep]\n|upkeep\n|turn|4\n|\n|t:|1699984498\n|-terastallize|p2a: Moltres|Poison\n|move|p2a: Moltres|Hurricane|p1a: Ribombee\n|-supereffective|p1a: Ribombee\n|-enditem|p1a: Ribombee|Focus Sash\n|-damage|p1a: Ribombee|1\/100\n|move|p1a: Ribombee|Stun Spore|p2a: Moltres\n|-status|p2a: Moltres|par\n|\n|-weather|RainDance|[upkeep]\n|-sideend|p2: Hukkaaja|move: Tailwind\n|upkeep\n|turn|5\n|\n|t:|1699984510\n|move|p1a: Ribombee|Moonblast|p2a: Moltres\n|-resisted|p2a: Moltres\n|-damage|p2a: Moltres|86\/100 par\n|move|p2a: Moltres|Fiery Wrath|p1a: Ribombee\n|-resisted|p1a: Ribombee\n|-damage|p1a: Ribombee|0 fnt\n|faint|p1a: Ribombee\n|\n|-weather|RainDance|[upkeep]\n|-fieldend|move: Electric Terrain\n|upkeep\n|\n|t:|1699984518\n|switch|p1a: Koraidon|Koraidon|100\/100\n|-weather|SunnyDay|[from] ability: Orichalcum Pulse|[of] p1a: Koraidon\n|-activate|p1a: Koraidon|Orichalcum Pulse|[source]\n|turn|6\n|\n|t:|1699984532\n|move|p1a: Koraidon|U-turn|p2a: Moltres\n|-resisted|p2a: Moltres\n|-damage|p2a: Moltres|66\/100 par\n|\n|t:|1699984538\n|switch|p1a: Zacian|Zacian-Crowned|100\/100|[from] U-turn\n|-ability|p1a: Zacian|Intrepid Sword|boost\n|-boost|p1a: Zacian|atk|1\n|cant|p2a: Moltres|par\n|\n|-weather|SunnyDay|[upkeep]\n|upkeep\n|turn|7\n|\n|t:|1699984549\n|switch|p2a: Urshifu|Urshifu-Rapid-Strike, M|100\/100\n|-activate|p2a: Urshifu|move: Sticky Web\n|-unboost|p2a: Urshifu|spe|1\n|move|p1a: Zacian|Behemoth Blade|p2a: Urshifu\n|-resisted|p2a: Urshifu\n|-damage|p2a: Urshifu|59\/100\n|\n|-weather|SunnyDay|[upkeep]\n|upkeep\n|turn|8\n|\n|t:|1699984562\n|move|p1a: Zacian|Play Rough|p2a: Urshifu\n|-supereffective|p2a: Urshifu\n|-crit|p2a: Urshifu\n|-damage|p2a: Urshifu|0 fnt\n|faint|p2a: Urshifu\n|\n|-weather|SunnyDay|[upkeep]\n|upkeep\n|\n|t:|1699984573\n|switch|p2a: Flutter Mane|Flutter Mane|100\/100\n|-activate|p2a: Flutter Mane|move: Sticky Web\n|-unboost|p2a: Flutter Mane|spe|1\n|-activate|p2a: Flutter Mane|ability: Protosynthesis\n|-start|p2a: Flutter Mane|protosynthesisspa\n|turn|9\n|\n|t:|1699984583\n|move|p2a: Flutter Mane|Protect|p2a: Flutter Mane\n|-singleturn|p2a: Flutter Mane|Protect\n|move|p1a: Zacian|Behemoth Blade|p2a: Flutter Mane\n|-activate|p2a: Flutter Mane|move: Protect\n|\n|-weather|SunnyDay|[upkeep]\n|upkeep\n|turn|10\n|\n|t:|1699984592\n|move|p1a: Zacian|Behemoth Blade|p2a: Flutter Mane\n|-supereffective|p2a: Flutter Mane\n|-damage|p2a: Flutter Mane|0 fnt\n|faint|p2a: Flutter Mane\n|-end|p2a: Flutter Mane|Protosynthesis|[silent]\n|\n|-weather|none\n|upkeep\n|\n|t:|1699984597\n|switch|p2a: Tornadus|Tornadus, M|26\/100\n|turn|11\n|\n|t:|1699984601\n|move|p2a: Tornadus|Tailwind|p2a: Tornadus\n|-sidestart|p2: Hukkaaja|move: Tailwind\n|move|p1a: Zacian|Behemoth Blade|p2a: Tornadus\n|-damage|p2a: Tornadus|0 fnt\n|faint|p2a: Tornadus\n|\n|upkeep\n|\n|t:|1699984611\n|switch|p2a: Moltres|Moltres-Galar, tera:Poison|66\/100 par\n|-activate|p2a: Moltres|move: Sticky Web\n|-unboost|p2a: Moltres|spe|1\n|turn|12\n|\n|t:|1699984622\n|move|p1a: Zacian|Behemoth Blade|p2a: Moltres\n|-crit|p2a: Moltres\n|-damage|p2a: Moltres|0 fnt\n|faint|p2a: Moltres\n|\n|upkeep\n|\n|t:|1699984628\n|switch|p2a: Chien-Pao|Chien-Pao|100\/100\n|-activate|p2a: Chien-Pao|move: Sticky Web\n|-unboost|p2a: Chien-Pao|spe|1\n|-ability|p2a: Chien-Pao|Sword of Ruin\n|turn|13\n|\n|t:|1699984637\n|move|p2a: Chien-Pao|Sacred Sword|p1a: Zacian\n|-damage|p1a: Zacian|64\/100\n|move|p1a: Zacian|Behemoth Blade|p2a: Chien-Pao\n|-supereffective|p2a: Chien-Pao\n|-enditem|p2a: Chien-Pao|Focus Sash\n|-damage|p2a: Chien-Pao|1\/100\n|\n|upkeep\n|turn|14\n|\n|t:|1699984648\n|move|p2a: Chien-Pao|Sacred Sword|p1a: Zacian\n|-damage|p1a: Zacian|31\/100\n|move|p1a: Zacian|Behemoth Blade|p2a: Chien-Pao\n|-supereffective|p2a: Chien-Pao\n|-damage|p2a: Chien-Pao|0 fnt\n|faint|p2a: Chien-Pao\n|\n|-sideend|p2: Hukkaaja|move: Tailwind\n|upkeep\n|\n|t:|1699984656\n|switch|p2a: Dragonite|Dragonite, M, shiny|100\/100\n|turn|15\n|\n|t:|1699984664\n|move|p1a: Zacian|Behemoth Blade|p2a: Dragonite\n|-damage|p2a: Dragonite|46\/100\n|move|p2a: Dragonite|Stomping Tantrum|p1a: Zacian\n|-supereffective|p1a: Zacian\n|-damage|p1a: Zacian|0 fnt\n|faint|p1a: Zacian\n|\n|upkeep\n|\n|t:|1699984668\n|switch|p1a: Miraidon|Miraidon|91\/100\n|-fieldstart|move: Electric Terrain|[from] ability: Hadron Engine|[of] p1a: Miraidon\n|turn|16\n|\n|t:|1699984675\n|move|p1a: Miraidon|Electro Drift|p2a: Dragonite\n|-damage|p2a: Dragonite|0 fnt\n|faint|p2a: Dragonite\n|-damage|p1a: Miraidon|81\/100|[from] item: Life Orb\n|\n|win|xinjuju\n|raw|xinjuju's rating: 1113 &rarr; <strong>1130<\/strong><br \/>(+17 for winning)\n|raw|Hukkaaja's rating: 1000 &rarr; <strong>1000<\/strong><br \/>(+0 for losing)\n|l|\u2606xinjuju\n|l|\u2606Hukkaaja\n","uploadtime":1699985212,"views":15,"p1id":"xinjuju","p2id":"hukkaaja","formatid":"gen9ubers","rating":1000,"private":0,"password":""}