{"id":"gen9ubers-1970875573","p1":"Gladiator_Kraken","p2":"godiamsosorry","format":"[Gen 9] Ubers","log":"|j|\u2606Gladiator_Kraken\n|j|\u2606godiamsosorry\n|t:|1697676213\n|gametype|singles\n|player|p1|Gladiator_Kraken|youngster-gen4dp|\n|player|p2|godiamsosorry|scientistf|\n|teamsize|p1|6\n|teamsize|p2|6\n|gen|9\n|tier|[Gen 9] Ubers\n|rule|Sleep Clause Mod: Limit one foe put to sleep\n|rule|Species Clause: Limit one of each Pok\u00e9mon\n|rule|OHKO Clause: OHKO moves are banned\n|rule|Evasion Items Clause: Evasion items are banned\n|rule|Evasion Moves Clause: Evasion moves are banned\n|rule|Endless Battle Clause: Forcing endless battles is banned\n|rule|HP Percentage Mod: HP is shown in percentages\n|clearpoke\n|poke|p1|Garchomp, F|\n|poke|p1|Grimmsnarl, M|\n|poke|p1|Calyrex-Ice|\n|poke|p1|Darkrai|\n|poke|p1|Zoroark-Hisui, M|\n|poke|p1|Lucario, F|\n|poke|p2|Gholdengo|\n|poke|p2|Infernape, F|\n|poke|p2|Azelf|\n|poke|p2|Ting-Lu|\n|poke|p2|Greninja-*, M|\n|poke|p2|Toedscruel, M|\n|teampreview\n|c|\u2606Gladiator_Kraken|we both forgot the glorious leader\n|c|\u2606godiamsosorry|Sad...\n|\n|t:|1697676283\n|start\n|switch|p1a: DVD Screensaver|Grimmsnarl, M|100\/100\n|switch|p2a: Ting-Lu|Ting-Lu|100\/100\n|-ability|p2a: Ting-Lu|Vessel of Ruin\n|turn|1\n|\n|t:|1697676290\n|move|p1a: DVD Screensaver|Reflect|p1a: DVD Screensaver\n|-sidestart|p1: Gladiator_Kraken|Reflect\n|move|p2a: Ting-Lu|Stealth Rock|p1a: DVD Screensaver\n|-sidestart|p1: Gladiator_Kraken|move: Stealth Rock\n|\n|upkeep\n|turn|2\n|\n|t:|1697676292\n|move|p1a: DVD Screensaver|Light Screen|p1a: DVD Screensaver\n|-sidestart|p1: Gladiator_Kraken|move: Light Screen\n|move|p2a: Ting-Lu|Spikes|p1a: DVD Screensaver\n|-sidestart|p1: Gladiator_Kraken|Spikes\n|\n|upkeep\n|turn|3\n|\n|t:|1697676297\n|switch|p1a: Jarchomp|Garchomp, F|100\/100\n|-damage|p1a: Jarchomp|94\/100|[from] Stealth Rock\n|-damage|p1a: Jarchomp|82\/100|[from] Spikes\n|move|p2a: Ting-Lu|Whirlwind|p1a: Jarchomp\n|drag|p1a: Nathan|Darkrai|100\/100\n|-damage|p1a: Nathan|88\/100|[from] Stealth Rock\n|-damage|p1a: Nathan|76\/100|[from] Spikes\n|\n|-heal|p1a: Nathan|82\/100|[from] item: Leftovers\n|upkeep\n|turn|4\n|\n|t:|1697676303\n|move|p1a: Nathan|Body Slam|p2a: Ting-Lu\n|-damage|p2a: Ting-Lu|86\/100\n|move|p2a: Ting-Lu|Spikes|p1a: Nathan\n|-sidestart|p1: Gladiator_Kraken|Spikes\n|\n|-heal|p1a: Nathan|88\/100|[from] item: Leftovers\n|-heal|p2a: Ting-Lu|92\/100|[from] item: Leftovers\n|upkeep\n|turn|5\n|\n|t:|1697676307\n|move|p1a: Nathan|Body Slam|p2a: Ting-Lu\n|-damage|p2a: Ting-Lu|76\/100\n|move|p2a: Ting-Lu|Spikes|p1a: Nathan\n|-sidestart|p1: Gladiator_Kraken|Spikes\n|\n|-heal|p1a: Nathan|94\/100|[from] item: Leftovers\n|-heal|p2a: Ting-Lu|82\/100|[from] item: Leftovers\n|upkeep\n|turn|6\n|\n|t:|1697676310\n|move|p1a: Nathan|Body Slam|p2a: Ting-Lu\n|-damage|p2a: Ting-Lu|67\/100\n|move|p2a: Ting-Lu|Ruination|p1a: Nathan|[miss]\n|-miss|p2a: Ting-Lu|p1a: Nathan\n|\n|-heal|p1a: Nathan|99\/100|[from] item: Leftovers\n|-heal|p2a: Ting-Lu|73\/100|[from] item: Leftovers\n|upkeep\n|turn|7\n|\n|t:|1697676316\n|move|p1a: Nathan|Swords Dance|p1a: Nathan\n|-boost|p1a: Nathan|atk|2\n|move|p2a: Ting-Lu|Whirlwind|p1a: Nathan\n|drag|p1a: Goober|Calyrex-Ice|100\/100\n|-ability|p1a: Goober|As One\n|-ability|p1a: Goober|Unnerve\n|-damage|p1a: Goober|76\/100|[from] Stealth Rock\n|-damage|p1a: Goober|51\/100|[from] Spikes\n|\n|-heal|p1a: Goober|57\/100|[from] item: Leftovers\n|-heal|p2a: Ting-Lu|79\/100|[from] item: Leftovers\n|upkeep\n|turn|8\n|\n|t:|1697676319\n|move|p1a: Goober|Draining Kiss|p2a: Ting-Lu\n|-supereffective|p2a: Ting-Lu\n|-damage|p2a: Ting-Lu|65\/100\n|-heal|p1a: Goober|74\/100|[from] drain|[of] p2a: Ting-Lu\n|move|p2a: Ting-Lu|Whirlwind|p1a: Goober\n|drag|p1a: Jarchomp|Garchomp, F|82\/100\n|-damage|p1a: Jarchomp|76\/100|[from] Stealth Rock\n|-damage|p1a: Jarchomp|51\/100|[from] Spikes\n|\n|-heal|p2a: Ting-Lu|71\/100|[from] item: Leftovers\n|-sideend|p1: Gladiator_Kraken|Reflect\n|upkeep\n|turn|9\n|\n|t:|1697676324\n|move|p1a: Jarchomp|Stealth Rock|p2a: Ting-Lu\n|-sidestart|p2: godiamsosorry|move: Stealth Rock\n|move|p2a: Ting-Lu|Whirlwind|p1a: Jarchomp\n|drag|p1a: DVD Screensaver|Grimmsnarl, M|100\/100\n|-damage|p1a: DVD Screensaver|88\/100|[from] Stealth Rock\n|-damage|p1a: DVD Screensaver|63\/100|[from] Spikes\n|\n|-heal|p2a: Ting-Lu|77\/100|[from] item: Leftovers\n|-sideend|p1: Gladiator_Kraken|move: Light Screen\n|upkeep\n|turn|10\n|\n|t:|1697676334\n|move|p1a: DVD Screensaver|Light Screen|p1a: DVD Screensaver\n|-sidestart|p1: Gladiator_Kraken|move: Light Screen\n|move|p2a: Ting-Lu|Ruination|p1a: DVD Screensaver\n|-damage|p1a: DVD Screensaver|32\/100\n|\n|-heal|p2a: Ting-Lu|83\/100|[from] item: Leftovers\n|upkeep\n|turn|11\n|\n|t:|1697676341\n|switch|p1a: Jarchomp|Garchomp, F|51\/100\n|-damage|p1a: Jarchomp|45\/100|[from] Stealth Rock\n|-damage|p1a: Jarchomp|20\/100|[from] Spikes\n|move|p2a: Ting-Lu|Whirlwind|p1a: Jarchomp\n|drag|p1a: DVD Screensaver|Grimmsnarl, M|32\/100\n|-damage|p1a: DVD Screensaver|20\/100|[from] Stealth Rock\n|-damage|p1a: DVD Screensaver|0 fnt|[from] Spikes\n|faint|p1a: DVD Screensaver\n|\n|-heal|p2a: Ting-Lu|90\/100|[from] item: Leftovers\n|upkeep\n|\n|t:|1697676343\n|switch|p1a: Furry|Lucario, F|100\/100\n|-damage|p1a: Furry|98\/100|[from] Stealth Rock\n|-damage|p1a: Furry|73\/100|[from] Spikes\n|turn|12\n|\n|t:|1697676351\n|move|p1a: Furry|Swords Dance|p1a: Furry\n|-boost|p1a: Furry|atk|2\n|move|p2a: Ting-Lu|Whirlwind|p1a: Furry\n|drag|p1a: Nathan|Darkrai|99\/100\n|-damage|p1a: Nathan|87\/100|[from] Stealth Rock\n|-damage|p1a: Nathan|63\/100|[from] Spikes\n|\n|-heal|p1a: Nathan|69\/100|[from] item: Leftovers\n|-heal|p2a: Ting-Lu|96\/100|[from] item: Leftovers\n|upkeep\n|turn|13\n|\n|t:|1697676353\n|move|p1a: Nathan|Body Slam|p2a: Ting-Lu\n|-damage|p2a: Ting-Lu|81\/100\n|move|p2a: Ting-Lu|Whirlwind|p1a: Nathan\n|drag|p1a: Furry|Lucario, F|73\/100\n|-damage|p1a: Furry|70\/100|[from] Stealth Rock\n|-damage|p1a: Furry|45\/100|[from] Spikes\n|\n|-heal|p2a: Ting-Lu|87\/100|[from] item: Leftovers\n|upkeep\n|turn|14\n|\n|t:|1697676360\n|move|p1a: Furry|Close Combat|p2a: Ting-Lu\n|-supereffective|p2a: Ting-Lu\n|-damage|p2a: Ting-Lu|25\/100\n|-unboost|p1a: Furry|def|1\n|-unboost|p1a: Furry|spd|1\n|-damage|p1a: Furry|35\/100|[from] item: Life Orb\n|move|p2a: Ting-Lu|Whirlwind|p1a: Furry\n|drag|p1a: Nathan|Darkrai|100\/100\n|-damage|p1a: Nathan|88\/100|[from] Stealth Rock\n|-damage|p1a: Nathan|63\/100|[from] Spikes\n|\n|-heal|p2a: Ting-Lu|31\/100|[from] item: Leftovers\n|upkeep\n|turn|15\n|\n|t:|1697676367\n|move|p1a: Nathan|Drain Punch|p2a: Ting-Lu\n|-supereffective|p2a: Ting-Lu\n|-damage|p2a: Ting-Lu|8\/100\n|-heal|p1a: Nathan|84\/100|[from] drain|[of] p2a: Ting-Lu\n|-damage|p1a: Nathan|74\/100|[from] item: Life Orb\n|move|p2a: Ting-Lu|Whirlwind|p1a: Nathan\n|drag|p1a: Furry|Lucario, F|69\/100\n|-damage|p1a: Furry|56\/100|[from] Stealth Rock\n|-damage|p1a: Furry|32\/100|[from] Spikes\n|\n|-heal|p1a: Furry|38\/100|[from] item: Leftovers\n|-heal|p2a: Ting-Lu|15\/100|[from] item: Leftovers\n|upkeep\n|turn|16\n|\n|t:|1697676395\n|switch|p2a: Gholdengo|Gholdengo|100\/100\n|-damage|p2a: Gholdengo|94\/100|[from] Stealth Rock\n|move|p1a: Furry|Body Slam|p2a: Gholdengo\n|-immune|p2a: Gholdengo\n|\n|-heal|p1a: Furry|44\/100|[from] item: Leftovers\n|-heal|p2a: Gholdengo|100\/100|[from] item: Leftovers\n|upkeep\n|turn|17\n|\n|t:|1697676400\n|move|p1a: Furry|Substitute|p1a: Furry\n|-start|p1a: Furry|Substitute\n|-damage|p1a: Furry|19\/100\n|move|p2a: Gholdengo|Thunder Wave||[still]\n|-fail|p2a: Gholdengo\n|\n|-heal|p1a: Furry|25\/100|[from] item: Leftovers\n|-sideend|p1: Gladiator_Kraken|move: Light Screen\n|upkeep\n|turn|18\n|\n|t:|1697676405\n|move|p1a: Furry|Swords Dance|p1a: Furry\n|-boost|p1a: Furry|atk|2\n|move|p2a: Gholdengo|Poltergeist|p1a: Furry\n|-immune|p1a: Furry\n|\n|-heal|p1a: Furry|31\/100|[from] item: Leftovers\n|upkeep\n|turn|19\n|\n|t:|1697676407\n|move|p1a: Furry|Poltergeist|p2a: Gholdengo\n|-activate|p2a: Gholdengo|move: Poltergeist|Leftovers\n|-supereffective|p2a: Gholdengo\n|-damage|p2a: Gholdengo|0 fnt\n|faint|p2a: Gholdengo\n|\n|-heal|p1a: Furry|37\/100|[from] item: Leftovers\n|upkeep\n|\n|t:|1697676412\n|switch|p2a: Greninja|Greninja, M|100\/100\n|-damage|p2a: Greninja|88\/100|[from] Stealth Rock\n|turn|20\n|\n|t:|1697676416\n|move|p2a: Greninja|Night Slash|p1a: Furry\n|-start|p2a: Greninja|typechange|Dark|[from] ability: Protean\n|-supereffective|p1a: Furry\n|-end|p1a: Furry|Substitute\n|move|p1a: Furry|Body Slam|p2a: Greninja\n|-damage|p2a: Greninja|0 fnt\n|faint|p2a: Greninja\n|\n|-heal|p1a: Furry|43\/100|[from] item: Leftovers\n|upkeep\n|\n|t:|1697676422\n|switch|p2a: Infernape|Infernape, F|100\/100\n|-damage|p2a: Infernape|88\/100|[from] Stealth Rock\n|turn|21\n|\n|t:|1697676437\n|move|p2a: Infernape|Flare Blitz|p1a: Furry\n|-damage|p1a: Furry|0 fnt\n|replace|p1a: Furry 2|Zoroark-Hisui, M\n|-end|p1a: Furry 2|Illusion\n|faint|p1a: Furry 2\n|-damage|p2a: Infernape|76\/100|[from] Recoil\n|\n|upkeep\n|\n|t:|1697676440\n|switch|p1a: Jarchomp|Garchomp, F|20\/100\n|-damage|p1a: Jarchomp|14\/100|[from] Stealth Rock\n|-damage|p1a: Jarchomp|0 fnt|[from] Spikes\n|faint|p1a: Jarchomp\n|\n|t:|1697676448\n|switch|p1a: Furry|Lucario, F|35\/100\n|-damage|p1a: Furry|32\/100|[from] Stealth Rock\n|-damage|p1a: Furry|7\/100|[from] Spikes\n|turn|22\n|\n|t:|1697676455\n|switch|p2a: Toedscruel|Toedscruel, M|100\/100\n|move|p1a: Furry|Extreme Speed|p2a: Toedscruel\n|-damage|p2a: Toedscruel|56\/100\n|-damage|p1a: Furry|0 fnt|[from] item: Life Orb\n|faint|p1a: Furry\n|\n|upkeep\n|\n|t:|1697676461\n|switch|p1a: Nathan|Darkrai|74\/100\n|-damage|p1a: Nathan|62\/100|[from] Stealth Rock\n|-damage|p1a: Nathan|37\/100|[from] Spikes\n|turn|23\n|\n|t:|1697676464\n|move|p1a: Nathan|Knock Off|p2a: Toedscruel\n|-damage|p2a: Toedscruel|0 fnt\n|-enditem|p2a: Toedscruel|Heavy-Duty Boots|[from] move: Knock Off|[of] p1a: Nathan\n|faint|p2a: Toedscruel\n|-damage|p1a: Nathan|27\/100|[from] item: Life Orb\n|\n|upkeep\n|\n|t:|1697676467\n|switch|p2a: Infernape|Infernape, F|76\/100\n|-damage|p2a: Infernape|64\/100|[from] Stealth Rock\n|turn|24\n|\n|t:|1697676473\n|move|p2a: Infernape|Flare Blitz|p1a: Nathan\n|-damage|p1a: Nathan|0 fnt\n|faint|p1a: Nathan\n|-damage|p2a: Infernape|56\/100|[from] Recoil\n|\n|upkeep\n|\n|t:|1697676475\n|switch|p1a: Goober|Calyrex-Ice|74\/100\n|-ability|p1a: Goober|As One\n|-ability|p1a: Goober|Unnerve\n|-damage|p1a: Goober|49\/100|[from] Stealth Rock\n|-damage|p1a: Goober|24\/100|[from] Spikes\n|turn|25\n|\n|t:|1697676479\n|-terastallize|p1a: Goober|Poison\n|move|p2a: Infernape|Flare Blitz|p1a: Goober\n|-damage|p1a: Goober|0 fnt\n|faint|p1a: Goober\n|-damage|p2a: Infernape|47\/100|[from] Recoil\n|\n|win|godiamsosorry\n|c|\u2606godiamsosorry|Gg...\n","uploadtime":1697676487,"views":22,"p1id":"gladiatorkraken","p2id":"godiamsosorry","formatid":"gen9ubers","rating":0,"private":0,"password":""}