{"id":"gen9ubers-1975343510","p1":"The Chosen None","p2":"maelizondo2","format":"[Gen 9] Ubers","log":"|j|\u2606The Chosen None\n|j|\u2606maelizondo2\n|t:|1698181612\n|gametype|singles\n|player|p1|The Chosen None|101|1333\n|player|p2|maelizondo2|169|1573\n|teamsize|p1|6\n|teamsize|p2|6\n|gen|9\n|tier|[Gen 9] Ubers\n|rated|\n|rule|Sleep Clause Mod: Limit one foe put to sleep\n|rule|Species Clause: Limit one of each Pok\u00e9mon\n|rule|OHKO Clause: OHKO moves are banned\n|rule|Evasion Items Clause: Evasion items are banned\n|rule|Evasion Moves Clause: Evasion moves are banned\n|rule|Endless Battle Clause: Forcing endless battles is banned\n|rule|HP Percentage Mod: HP is shown in percentages\n|clearpoke\n|poke|p1|Kyogre|\n|poke|p1|Miraidon|\n|poke|p1|Zacian-*|\n|poke|p1|Arceus-Ground|\n|poke|p1|Koraidon|\n|poke|p1|Ting-Lu|\n|poke|p2|Koraidon|\n|poke|p2|Giratina-Origin|\n|poke|p2|Zacian-*|\n|poke|p2|Rayquaza|\n|poke|p2|Miraidon|\n|poke|p2|Arceus-Steel|\n|teampreview\n|inactive|Battle timer is ON: inactive players will automatically lose when time's up. (requested by The Chosen None)\n|inactive|maelizondo2 has 120 seconds left.\n|\n|t:|1698181697\n|start\n|switch|p1a: Miraidon|Miraidon|100\/100\n|switch|p2a: Rayquaza|Rayquaza, shiny|100\/100\n|-fieldstart|move: Electric Terrain|[from] ability: Hadron Engine|[of] p1a: Miraidon\n|-ability|p2a: Rayquaza|Air Lock\n|turn|1\n|\n|t:|1698181720\n|move|p1a: Miraidon|Draco Meteor|p2a: Rayquaza\n|-supereffective|p2a: Rayquaza\n|-enditem|p2a: Rayquaza|Focus Sash\n|-damage|p2a: Rayquaza|1\/100\n|-unboost|p1a: Miraidon|spa|2\n|move|p2a: Rayquaza|Draco Meteor|p1a: Miraidon\n|-supereffective|p1a: Miraidon\n|-damage|p1a: Miraidon|0 fnt\n|-unboost|p2a: Rayquaza|spa|2\n|faint|p1a: Miraidon\n|\n|upkeep\n|inactive|The Chosen None has 120 seconds left.\n|\n|t:|1698181735\n|switch|p1a: Koraidon|Koraidon|100\/100\n|-weather|SunnyDay|[from] ability: Orichalcum Pulse|[of] p1a: Koraidon\n|-activate|p1a: Koraidon|Orichalcum Pulse|[source]\n|turn|2\n|inactive|The Chosen None has 120 seconds left.\n|\n|t:|1698181752\n|move|p2a: Rayquaza|Extreme Speed|p1a: Koraidon\n|-damage|p1a: Koraidon|71\/100\n|move|p1a: Koraidon|U-turn|p2a: Rayquaza\n|-resisted|p2a: Rayquaza\n|-damage|p2a: Rayquaza|0 fnt\n|faint|p2a: Rayquaza\n|inactive|The Chosen None has 120 seconds left.\n|\n|t:|1698181763\n|switch|p1a: Arceus|Arceus-Ground|100\/100|[from] U-turn\n|\n|-weather|SunnyDay|[upkeep]\n|upkeep\n|\n|t:|1698181768\n|switch|p2a: Koraidon|Koraidon|100\/100\n|-activate|p2a: Koraidon|ability: Orichalcum Pulse\n|turn|3\n|\n|t:|1698181778\n|move|p1a: Arceus|Ice Beam|p2a: Koraidon\n|-supereffective|p2a: Koraidon\n|-damage|p2a: Koraidon|75\/100\n|move|p2a: Koraidon|Low Kick|p1a: Arceus\n|-damage|p1a: Arceus|51\/100\n|\n|-weather|SunnyDay|[upkeep]\n|upkeep\n|turn|4\n|\n|t:|1698181792\n|move|p1a: Arceus|Recover|p1a: Arceus\n|-heal|p1a: Arceus|100\/100\n|move|p2a: Koraidon|Flame Charge|p1a: Arceus\n|-damage|p1a: Arceus|79\/100\n|-boost|p2a: Koraidon|spe|1\n|\n|-weather|SunnyDay|[upkeep]\n|upkeep\n|turn|5\n|inactive|The Chosen None has 120 seconds left.\n|\n|t:|1698181808\n|move|p2a: Koraidon|Low Kick|p1a: Arceus\n|-damage|p1a: Arceus|26\/100\n|move|p1a: Arceus|Recover|p1a: Arceus\n|-heal|p1a: Arceus|76\/100\n|\n|-weather|SunnyDay|[upkeep]\n|-fieldend|move: Electric Terrain\n|upkeep\n|turn|6\n|\n|t:|1698181817\n|move|p2a: Koraidon|Low Kick|p1a: Arceus\n|-damage|p1a: Arceus|28\/100\n|move|p1a: Arceus|Judgment|p2a: Koraidon\n|-damage|p2a: Koraidon|47\/100\n|\n|-weather|none\n|upkeep\n|turn|7\n|\n|t:|1698181823\n|move|p2a: Koraidon|Low Kick|p1a: Arceus\n|-damage|p1a: Arceus|0 fnt\n|faint|p1a: Arceus\n|\n|upkeep\n|\n|t:|1698181833\n|switch|p1a: Zacian|Zacian-Crowned|100\/100\n|-ability|p1a: Zacian|Intrepid Sword|boost\n|-boost|p1a: Zacian|atk|1\n|turn|8\n|\n|t:|1698181842\n|-terastallize|p1a: Zacian|Fairy\n|move|p2a: Koraidon|Flare Blitz|p1a: Zacian\n|-damage|p1a: Zacian|56\/100\n|-damage|p2a: Koraidon|35\/100|[from] Recoil\n|move|p1a: Zacian|Play Rough|p2a: Koraidon\n|-supereffective|p2a: Koraidon\n|-damage|p2a: Koraidon|0 fnt\n|faint|p2a: Koraidon\n|\n|upkeep\n|\n|t:|1698181851\n|switch|p2a: Miraidon|Miraidon|100\/100\n|-fieldstart|move: Electric Terrain|[from] ability: Hadron Engine|[of] p2a: Miraidon\n|turn|9\n|\n|t:|1698181856\n|switch|p1a: Ting-Lu|Ting-Lu|100\/100\n|-ability|p1a: Ting-Lu|Vessel of Ruin\n|move|p2a: Miraidon|Overheat|p1a: Ting-Lu\n|-damage|p1a: Ting-Lu|74\/100\n|-unboost|p2a: Miraidon|spa|2\n|\n|-heal|p1a: Ting-Lu|80\/100|[from] item: Leftovers\n|upkeep\n|turn|10\n|\n|t:|1698181873\n|switch|p2a: Zacian|Zacian-Crowned, shiny|100\/100\n|-ability|p2a: Zacian|Intrepid Sword|boost\n|-boost|p2a: Zacian|atk|1\n|move|p1a: Ting-Lu|Ruination|p2a: Zacian\n|-damage|p2a: Zacian|51\/100\n|\n|-heal|p1a: Ting-Lu|86\/100|[from] item: Leftovers\n|upkeep\n|turn|11\n|inactive|The Chosen None has 120 seconds left.\n|\n|t:|1698181904\n|move|p2a: Zacian|Play Rough|p1a: Ting-Lu\n|-supereffective|p1a: Ting-Lu\n|-damage|p1a: Ting-Lu|3\/100\n|move|p1a: Ting-Lu|Earthquake|p2a: Zacian\n|-supereffective|p2a: Zacian\n|-damage|p2a: Zacian|0 fnt\n|faint|p2a: Zacian\n|\n|-heal|p1a: Ting-Lu|9\/100|[from] item: Leftovers\n|upkeep\n|inactive|maelizondo2 has 120 seconds left.\n|\n|t:|1698181938\n|switch|p2a: Arceus|Arceus-Steel|100\/100\n|turn|12\n|\n|t:|1698181943\n|move|p2a: Arceus|Judgment|p1a: Ting-Lu\n|-damage|p1a: Ting-Lu|0 fnt\n|faint|p1a: Ting-Lu\n|\n|upkeep\n|inactive|The Chosen None has 120 seconds left.\n|\n|t:|1698181954\n|switch|p1a: Koraidon|Koraidon|71\/100\n|-weather|SunnyDay|[from] ability: Orichalcum Pulse|[of] p1a: Koraidon\n|-activate|p1a: Koraidon|Orichalcum Pulse|[source]\n|turn|13\n|inactive|The Chosen None has 120 seconds left.\n|\n|t:|1698181973\n|switch|p2a: Giratina|Giratina-Origin|100\/100\n|move|p1a: Koraidon|Close Combat|p2a: Giratina\n|-immune|p2a: Giratina\n|\n|-weather|SunnyDay|[upkeep]\n|-fieldend|move: Electric Terrain\n|upkeep\n|turn|14\n|inactive|The Chosen None has 120 seconds left.\n|\n|t:|1698181998\n|move|p1a: Koraidon|Scale Shot|p2a: Giratina\n|-supereffective|p2a: Giratina\n|-damage|p2a: Giratina|80\/100\n|-supereffective|p2a: Giratina\n|-damage|p2a: Giratina|60\/100\n|-supereffective|p2a: Giratina\n|-damage|p2a: Giratina|39\/100\n|-supereffective|p2a: Giratina\n|-damage|p2a: Giratina|21\/100\n|-supereffective|p2a: Giratina\n|-damage|p2a: Giratina|0 fnt\n|faint|p2a: Giratina\n|-hitcount|p2: Giratina|5\n|-unboost|p1a: Koraidon|def|1\n|-boost|p1a: Koraidon|spe|1\n|\n|-weather|SunnyDay|[upkeep]\n|upkeep\n|\n|t:|1698182018\n|switch|p2a: Miraidon|Miraidon|100\/100\n|-fieldstart|move: Electric Terrain|[from] ability: Hadron Engine|[of] p2a: Miraidon\n|turn|15\n|inactive|maelizondo2 has 120 seconds left.\n|inactive|The Chosen None has 90 seconds left.\n|\n|t:|1698182048\n|move|p1a: Koraidon|Scale Shot|p2a: Miraidon\n|-supereffective|p2a: Miraidon\n|-damage|p2a: Miraidon|66\/100\n|-supereffective|p2a: Miraidon\n|-damage|p2a: Miraidon|30\/100\n|-supereffective|p2a: Miraidon\n|-damage|p2a: Miraidon|0 fnt\n|faint|p2a: Miraidon\n|-hitcount|p2: Miraidon|3\n|-unboost|p1a: Koraidon|def|1\n|-boost|p1a: Koraidon|spe|1\n|\n|-weather|SunnyDay|[upkeep]\n|upkeep\n|inactive|maelizondo2 has 120 seconds left.\n|\n|t:|1698182058\n|switch|p2a: Arceus|Arceus-Steel|100\/100\n|turn|16\n|inactive|maelizondo2 has 120 seconds left.\n|\n|t:|1698182064\n|move|p1a: Koraidon|Close Combat|p2a: Arceus\n|-supereffective|p2a: Arceus\n|-damage|p2a: Arceus|0 fnt\n|-unboost|p1a: Koraidon|def|1\n|-unboost|p1a: Koraidon|spd|1\n|faint|p2a: Arceus\n|\n|win|The Chosen None\n|raw|The Chosen None's rating: 1333 &rarr; <strong>1365<\/strong><br \/>(+32 for winning)\n|raw|maelizondo2's rating: 1573 &rarr; <strong>1541<\/strong><br \/>(-32 for losing)\n|l|\u2606maelizondo2\n","uploadtime":1698182075,"views":9,"p1id":"thechosennone","p2id":"maelizondo2","formatid":"gen9ubers","rating":1365,"private":0,"password":""}