{"id":"gen9ubers-1979008776","p1":"Rei_darkness","p2":"N-Zoroark stan","format":"[Gen 9] Ubers","log":"|j|\u2606Rei_darkness\n|j|\u2606N-Zoroark stan\n|t:|1698620578\n|gametype|singles\n|player|p1|Rei_darkness|drayden|\n|player|p2|N-Zoroark stan|riley|\n|teamsize|p1|6\n|teamsize|p2|6\n|gen|9\n|tier|[Gen 9] Ubers\n|rule|Sleep Clause Mod: Limit one foe put to sleep\n|rule|Species Clause: Limit one of each Pok\u00e9mon\n|rule|OHKO Clause: OHKO moves are banned\n|rule|Evasion Items Clause: Evasion items are banned\n|rule|Evasion Moves Clause: Evasion moves are banned\n|rule|Endless Battle Clause: Forcing endless battles is banned\n|rule|HP Percentage Mod: HP is shown in percentages\n|clearpoke\n|poke|p1|Calyrex-Ice|\n|poke|p1|Slowking-Galar, M|\n|poke|p1|Medicham, M|\n|poke|p1|Greninja-*, M|\n|poke|p1|Abomasnow, M|\n|poke|p1|Azelf|\n|poke|p2|Zoroark-Hisui, F|\n|poke|p2|Toedscruel, F|\n|poke|p2|Blissey, F|\n|poke|p2|Palafin, F|\n|poke|p2|Slowking-Galar, M|\n|poke|p2|Infernape, F|\n|teampreview\n|inactive|Battle timer is ON: inactive players will automatically lose when time's up. (requested by N-Zoroark stan)\n|c|\u2606N-Zoroark stan|glhf\n|\n|t:|1698620591\n|start\n|switch|p1a: Azelf|Azelf|100\/100\n|switch|p2a: Palafin|Palafin, F|100\/100\n|turn|1\n|\n|t:|1698620597\n|detailschange|p2a: Palafin|Palafin-Hero, F\n|switch|p2a: Slowking|Slowking-Galar, M|100\/100\n|move|p1a: Azelf|Zen Headbutt|p2a: Slowking\n|-damage|p2a: Slowking|56\/100\n|\n|upkeep\n|turn|2\n|\n|t:|1698620607\n|move|p1a: Azelf|Zen Headbutt|p2a: Slowking\n|-damage|p2a: Slowking|16\/100\n|move|p2a: Slowking|Foul Play|p1a: Azelf\n|-supereffective|p1a: Azelf\n|-damage|p1a: Azelf|0 fnt\n|faint|p1a: Azelf\n|\n|upkeep\n|\n|t:|1698620618\n|switch|p1a: Calyrex|Calyrex-Ice|100\/100\n|-ability|p1a: Calyrex|As One\n|-ability|p1a: Calyrex|Unnerve\n|turn|3\n|\n|t:|1698620626\n|switch|p2a: Infernape|Infernape, F|100\/100\n|-terastallize|p1a: Calyrex|Fairy\n|move|p1a: Calyrex|Calm Mind|p1a: Calyrex\n|-boost|p1a: Calyrex|spa|1\n|-boost|p1a: Calyrex|spd|1\n|\n|upkeep\n|turn|4\n|\n|t:|1698620638\n|move|p2a: Infernape|Switcheroo|p1a: Calyrex\n|-activate|p2a: Infernape|move: Trick|[of] p1a: Calyrex\n|-item|p1a: Calyrex|Choice Scarf|[from] move: Switcheroo\n|-item|p2a: Infernape|Leftovers|[from] move: Switcheroo\n|move|p1a: Calyrex|Stored Power|p2a: Infernape\n|-supereffective|p2a: Infernape\n|-damage|p2a: Infernape|0 fnt\n|faint|p2a: Infernape\n|-ability|p1a: Calyrex|Chilling Neigh|boost\n|-boost|p1a: Calyrex|atk|1\n|\n|upkeep\n|\n|t:|1698620642\n|switch|p2a: Slowking|Slowking-Galar, M|49\/100\n|turn|5\n|\n|t:|1698620658\n|-terastallize|p2a: Slowking|Dark\n|move|p1a: Calyrex|Stored Power|p2a: Slowking\n|-immune|p2a: Slowking\n|move|p2a: Slowking|Slack Off|p2a: Slowking\n|-heal|p2a: Slowking|99\/100\n|\n|upkeep\n|turn|6\n|\n|t:|1698620664\n|switch|p1a: Medicham|Medicham, M|100\/100\n|move|p2a: Slowking|Chilly Reception|p2a: Slowking\n|-weather|Snow\n|\n|t:|1698620666\n|switch|p2a: Blissey|Blissey, F|100\/100|[from] Chilly Reception\n|\n|-weather|Snow|[upkeep]\n|upkeep\n|turn|7\n|\n|t:|1698620670\n|move|p2a: Blissey|U-turn|p1a: Medicham\n|-damage|p1a: Medicham|58\/100\n|\n|t:|1698620673\n|switch|p2a: Slowking|Slowking-Galar, M, tera:Dark|100\/100|[from] U-turn\n|move|p1a: Medicham|Close Combat|p2a: Slowking\n|-supereffective|p2a: Slowking\n|-damage|p2a: Slowking|0 fnt\n|-unboost|p1a: Medicham|def|1\n|-unboost|p1a: Medicham|spd|1\n|faint|p2a: Slowking\n|\n|-weather|Snow|[upkeep]\n|upkeep\n|c|\u2606N-Zoroark stan|HUH\n|c|\u2606N-Zoroark stan|ok\n|\n|t:|1698620683\n|switch|p2a: Blissey|Blissey, F|100\/100\n|turn|8\n|\n|t:|1698620689\n|switch|p1a: Greninja|Greninja, M|100\/100\n|move|p2a: Blissey|U-turn|p1a: Greninja\n|-supereffective|p1a: Greninja\n|-damage|p1a: Greninja|0 fnt\n|faint|p1a: Greninja\n|\n|t:|1698620693\n|switch|p2a: Palafin|Palafin-Hero, F|100\/100|[from] U-turn\n|-activate|p2a: Palafin|ability: Zero to Hero\n|\n|-weather|Snow|[upkeep]\n|upkeep\n|\n|t:|1698620710\n|switch|p1a: Slowking|Slowking-Galar, M|100\/100\n|turn|9\n|\n|t:|1698620722\n|move|p2a: Palafin|Surf|p1a: Slowking\n|-damage|p1a: Slowking|66\/100\n|move|p1a: Slowking|Trick Room|p1a: Slowking\n|-fieldstart|move: Trick Room|[of] p1a: Slowking\n|\n|-weather|Snow|[upkeep]\n|upkeep\n|turn|10\n|\n|t:|1698620730\n|switch|p2a: Blissey|Blissey, F|100\/100\n|move|p1a: Slowking|Chilly Reception|p1a: Slowking\n|\n|t:|1698620736\n|switch|p1a: Medicham|Medicham, M|58\/100|[from] Chilly Reception\n|\n|-weather|none\n|upkeep\n|turn|11\n|\n|t:|1698620741\n|move|p2a: Blissey|Seismic Toss|p1a: Medicham\n|-damage|p1a: Medicham|27\/100\n|move|p1a: Medicham|Zen Headbutt|p2a: Blissey|[miss]\n|-miss|p1a: Medicham|p2a: Blissey\n|\n|upkeep\n|turn|12\n|\n|t:|1698620752\n|move|p2a: Blissey|Seismic Toss|p1a: Medicham\n|-damage|p1a: Medicham|0 fnt\n|faint|p1a: Medicham\n|\n|upkeep\n|-message|Rei_darkness forfeited.\n|\n|win|N-Zoroark stan\n|l|\u2606Rei_darkness\n|j|\u2606Rei_darkness\n|player|p1|Rei_darkness|drayden\n","uploadtime":1698620775,"views":10,"p1id":"reidarkness","p2id":"nzoroarkstan","formatid":"gen9ubers","rating":0,"private":0,"password":""}