{"id":"gen9ubers-1989341639","p1":"ItsmeBlankKnight","p2":"Leo Justice","format":"[Gen 9] Ubers","log":"|j|\u2606ItsmeBlankKnight\n|j|\u2606Leo Justice\n|t:|1699838447\n|gametype|singles\n|player|p1|ItsmeBlankKnight|larry|\n|player|p2|Leo Justice|carmine|\n|teamsize|p1|6\n|teamsize|p2|6\n|gen|9\n|tier|[Gen 9] Ubers\n|rule|Sleep Clause Mod: Limit one foe put to sleep\n|rule|Species Clause: Limit one of each Pok\u00e9mon\n|rule|OHKO Clause: OHKO moves are banned\n|rule|Evasion Items Clause: Evasion items are banned\n|rule|Evasion Moves Clause: Evasion moves are banned\n|rule|Endless Battle Clause: Forcing endless battles is banned\n|rule|HP Percentage Mod: HP is shown in percentages\n|clearpoke\n|poke|p1|Chi-Yu|\n|poke|p1|Cyclizar, F|\n|poke|p1|Houndstone, M|\n|poke|p1|Espathra, M|\n|poke|p1|Regidrago|\n|poke|p1|Arceus-Poison|\n|poke|p2|Arceus-Bug|\n|poke|p2|Magearna|\n|poke|p2|Palkia-Origin|\n|poke|p2|Moltres|\n|poke|p2|Landorus, M|\n|poke|p2|Meowscarada, M|\n|teampreview\n|inactive|Battle timer is ON: inactive players will automatically lose when time's up. (requested by ItsmeBlankKnight)\n|\n|t:|1699838454\n|start\n|switch|p1a: Houndstone|Houndstone, M|100\/100\n|switch|p2a: Meowscarada|Meowscarada, M|100\/100\n|turn|1\n|\n|t:|1699838466\n|move|p2a: Meowscarada|U-turn|p1a: Houndstone\n|-start|p2a: Meowscarada|typechange|Bug|[from] ability: Protean\n|-resisted|p1a: Houndstone\n|-damage|p1a: Houndstone|93\/100\n|\n|t:|1699838468\n|switch|p2a: Moltres|Moltres|100\/100|[from] U-turn\n|move|p1a: Houndstone|Will-O-Wisp|p2a: Moltres|[miss]\n|-miss|p1a: Houndstone|p2a: Moltres\n|\n|upkeep\n|turn|2\n|\n|t:|1699838474\n|switch|p1a: Cyclizar|Cyclizar, F|100\/100\n|move|p2a: Moltres|U-turn|p1a: Cyclizar\n|-damage|p1a: Cyclizar|77\/100\n|\n|t:|1699838478\n|switch|p2a: Meowscarada|Meowscarada, M|100\/100|[from] U-turn\n|\n|upkeep\n|turn|3\n|\n|t:|1699838483\n|switch|p1a: Arceus|Arceus-Poison|100\/100\n|move|p2a: Meowscarada|Knock Off|p1a: Arceus\n|-start|p2a: Meowscarada|typechange|Dark|[from] ability: Protean\n|-damage|p1a: Arceus|81\/100\n|\n|upkeep\n|turn|4\n|\n|t:|1699838489\n|switch|p2a: Moltres|Moltres|100\/100\n|move|p1a: Arceus|Swords Dance|p1a: Arceus\n|-boost|p1a: Arceus|atk|2\n|\n|upkeep\n|turn|5\n|\n|t:|1699838492\n|move|p1a: Arceus|Swords Dance|p1a: Arceus\n|-boost|p1a: Arceus|atk|2\n|move|p2a: Moltres|Will-O-Wisp|p1a: Arceus\n|-status|p1a: Arceus|brn\n|\n|-damage|p1a: Arceus|75\/100 brn|[from] brn\n|upkeep\n|turn|6\n|\n|t:|1699838499\n|move|p1a: Arceus|Swords Dance|p1a: Arceus\n|-boost|p1a: Arceus|atk|2\n|move|p2a: Moltres|Hurricane|p1a: Arceus|[miss]\n|-miss|p2a: Moltres|p1a: Arceus\n|\n|-damage|p1a: Arceus|69\/100 brn|[from] brn\n|upkeep\n|turn|7\n|\n|t:|1699838503\n|move|p1a: Arceus|Extreme Speed|p2a: Moltres\n|-damage|p2a: Moltres|60\/100\n|move|p2a: Moltres|Hurricane|p1a: Arceus\n|-damage|p1a: Arceus|40\/100 brn\n|\n|-damage|p1a: Arceus|34\/100 brn|[from] brn\n|upkeep\n|turn|8\n|\n|t:|1699838510\n|move|p1a: Arceus|Gunk Shot|p2a: Moltres|[miss]\n|-miss|p1a: Arceus|p2a: Moltres\n|move|p2a: Moltres|Roost|p2a: Moltres\n|-heal|p2a: Moltres|100\/100\n|-singleturn|p2a: Moltres|move: Roost\n|\n|-damage|p1a: Arceus|28\/100 brn|[from] brn\n|upkeep\n|turn|9\n|\n|t:|1699838515\n|switch|p2a: Magearna|Magearna|100\/100\n|move|p1a: Arceus|Gunk Shot|p2a: Magearna\n|-immune|p2a: Magearna\n|\n|-damage|p1a: Arceus|22\/100 brn|[from] brn\n|upkeep\n|turn|10\n|\n|t:|1699838519\n|switch|p2a: Moltres|Moltres|100\/100\n|move|p1a: Arceus|Earthquake|p2a: Moltres\n|-immune|p2a: Moltres\n|\n|-damage|p1a: Arceus|16\/100 brn|[from] brn\n|upkeep\n|turn|11\n|\n|t:|1699838523\n|move|p1a: Arceus|Gunk Shot|p2a: Moltres\n|-damage|p2a: Moltres|0 fnt\n|faint|p2a: Moltres\n|\n|-damage|p1a: Arceus|10\/100 brn|[from] brn\n|upkeep\n|\n|t:|1699838529\n|switch|p2a: Arceus|Arceus-Bug|100\/100\n|turn|12\n|c|\u2606ItsmeBlankKnight|not falling for it\n|c|\u2606ItsmeBlankKnight|:<\n|\n|t:|1699838540\n|move|p1a: Arceus|Extreme Speed|p2a: Arceus\n|-damage|p2a: Arceus|58\/100\n|move|p2a: Arceus|Dragon Dance|p2a: Arceus\n|-boost|p2a: Arceus|atk|1\n|-boost|p2a: Arceus|spe|1\n|\n|-damage|p1a: Arceus|3\/100 brn|[from] brn\n|upkeep\n|turn|13\n|\n|t:|1699838544\n|move|p1a: Arceus|Extreme Speed|p2a: Arceus\n|-damage|p2a: Arceus|15\/100\n|move|p2a: Arceus|Recover|p2a: Arceus\n|-heal|p2a: Arceus|65\/100\n|\n|-damage|p1a: Arceus|0 fnt|[from] brn\n|faint|p1a: Arceus\n|upkeep\n|\n|t:|1699838550\n|switch|p1a: Houndstone|Houndstone, M|93\/100\n|turn|14\n|\n|t:|1699838560\n|switch|p2a: Palkia|Palkia-Origin|100\/100\n|-ability|p2a: Palkia|Pressure\n|move|p1a: Houndstone|Will-O-Wisp|p2a: Palkia\n|-status|p2a: Palkia|brn\n|\n|-damage|p2a: Palkia|94\/100 brn|[from] brn\n|upkeep\n|turn|15\n|\n|t:|1699838566\n|switch|p2a: Arceus|Arceus-Bug|65\/100\n|switch|p1a: Cyclizar|Cyclizar, F|100\/100\n|\n|upkeep\n|turn|16\n|c|\u2606Leo Justice|Wtf\n|c|\u2606Leo Justice|showdown\n|c|\u2606Leo Justice|that wasn't what I clicked\n|c|\u2606ItsmeBlankKnight|lol\n|c|\u2606ItsmeBlankKnight|wanna swap back\n|c|\u2606ItsmeBlankKnight|and we pretend it didn't happen\n|c|\u2606Leo Justice|Sure\n|inactive|ItsmeBlankKnight has 270 seconds left.\n|c|\u2606Leo Justice|Nah\n|c|\u2606Leo Justice|its fine\n|\n|t:|1699838612\n|move|p1a: Cyclizar|Shed Tail|p1a: Cyclizar\n|-start|p1a: Cyclizar|Substitute|[from] move: Shed Tail\n|-damage|p1a: Cyclizar|50\/100\n|\n|t:|1699838615\n|switch|p1a: Chi-Yu|Chi-Yu|100\/100|[from] Shed Tail\n|-ability|p1a: Chi-Yu|Beads of Ruin\n|move|p2a: Arceus|X-Scissor|p1a: Chi-Yu\n|-end|p1a: Chi-Yu|Substitute\n|\n|upkeep\n|turn|17\n|\n|t:|1699838622\n|-terastallize|p2a: Arceus|Water\n|move|p2a: Arceus|Dragon Dance|p2a: Arceus\n|-boost|p2a: Arceus|atk|1\n|-boost|p2a: Arceus|spe|1\n|move|p1a: Chi-Yu|Flamethrower|p2a: Arceus\n|-resisted|p2a: Arceus\n|-crit|p2a: Arceus\n|-damage|p2a: Arceus|5\/100\n|\n|upkeep\n|turn|18\n|\n|t:|1699838630\n|switch|p1a: Regidrago|Regidrago|100\/100\n|move|p2a: Arceus|Recover|p2a: Arceus\n|-heal|p2a: Arceus|56\/100\n|\n|upkeep\n|turn|19\n|\n|t:|1699838637\n|move|p2a: Arceus|X-Scissor|p1a: Regidrago\n|-damage|p1a: Regidrago|10\/100\n|move|p1a: Regidrago|Draco Meteor|p2a: Arceus\n|-damage|p2a: Arceus|0 fnt\n|-unboost|p1a: Regidrago|spa|2\n|faint|p2a: Arceus\n|\n|upkeep\n|\n|t:|1699838649\n|switch|p2a: Landorus|Landorus, M|100\/100\n|turn|20\n|\n|t:|1699838656\n|move|p1a: Regidrago|Draco Meteor|p2a: Landorus\n|-damage|p2a: Landorus|43\/100\n|-unboost|p1a: Regidrago|spa|2\n|move|p2a: Landorus|Nasty Plot|p2a: Landorus\n|-boost|p2a: Landorus|spa|2\n|\n|upkeep\n|turn|21\n|\n|t:|1699838661\n|move|p1a: Regidrago|Draco Meteor|p2a: Landorus\n|-damage|p2a: Landorus|3\/100\n|-unboost|p1a: Regidrago|spa|2\n|move|p2a: Landorus|Earth Power|p1a: Regidrago\n|-damage|p1a: Regidrago|0 fnt\n|faint|p1a: Regidrago\n|\n|upkeep\n|\n|t:|1699838670\n|switch|p1a: Espathra|Espathra, M|100\/100\n|turn|22\n|\n|t:|1699838672\n|move|p1a: Espathra|Protect|p1a: Espathra\n|-singleturn|p1a: Espathra|Protect\n|move|p2a: Landorus|Stealth Rock|p1a: Espathra\n|-sidestart|p1: ItsmeBlankKnight|move: Stealth Rock\n|\n|-ability|p1a: Espathra|Speed Boost|boost\n|-boost|p1a: Espathra|spe|1\n|upkeep\n|turn|23\n|\n|t:|1699838675\n|move|p1a: Espathra|Stored Power|p2a: Landorus\n|-damage|p2a: Landorus|0 fnt\n|faint|p2a: Landorus\n|\n|-ability|p1a: Espathra|Speed Boost|boost\n|-boost|p1a: Espathra|spe|1\n|upkeep\n|\n|t:|1699838678\n|switch|p2a: Meowscarada|Meowscarada, M|100\/100\n|turn|24\n|\n|t:|1699838682\n|move|p1a: Espathra|Protect|p1a: Espathra\n|-singleturn|p1a: Espathra|Protect\n|move|p2a: Meowscarada|Flower Trick|p1a: Espathra\n|-start|p2a: Meowscarada|typechange|Grass|[from] ability: Protean\n|-activate|p1a: Espathra|move: Protect\n|\n|-ability|p1a: Espathra|Speed Boost|boost\n|-boost|p1a: Espathra|spe|1\n|upkeep\n|turn|25\n|\n|t:|1699838686\n|move|p1a: Espathra|Substitute|p1a: Espathra\n|-start|p1a: Espathra|Substitute\n|-damage|p1a: Espathra|76\/100\n|move|p2a: Meowscarada|Flower Trick|p1a: Espathra\n|-crit|p1a: Espathra\n|-end|p1a: Espathra|Substitute\n|\n|-heal|p1a: Espathra|82\/100|[from] item: Leftovers\n|-ability|p1a: Espathra|Speed Boost|boost\n|-boost|p1a: Espathra|spe|1\n|upkeep\n|turn|26\n|\n|t:|1699838690\n|move|p1a: Espathra|Protect|p1a: Espathra\n|-singleturn|p1a: Espathra|Protect\n|move|p2a: Meowscarada|Flower Trick|p1a: Espathra\n|-activate|p1a: Espathra|move: Protect\n|\n|-heal|p1a: Espathra|88\/100|[from] item: Leftovers\n|-ability|p1a: Espathra|Speed Boost|boost\n|-boost|p1a: Espathra|spe|1\n|upkeep\n|turn|27\n|\n|t:|1699838692\n|move|p1a: Espathra|Substitute|p1a: Espathra\n|-start|p1a: Espathra|Substitute\n|-damage|p1a: Espathra|63\/100\n|move|p2a: Meowscarada|Flower Trick|p1a: Espathra\n|-crit|p1a: Espathra\n|-end|p1a: Espathra|Substitute\n|\n|-heal|p1a: Espathra|69\/100|[from] item: Leftovers\n|-ability|p1a: Espathra|Speed Boost|boost\n|-boost|p1a: Espathra|spe|1\n|upkeep\n|turn|28\n|\n|t:|1699838696\n|-terastallize|p1a: Espathra|Psychic\n|move|p1a: Espathra|Stored Power|p2a: Meowscarada\n|-damage|p2a: Meowscarada|0 fnt\n|faint|p2a: Meowscarada\n|\n|-heal|p1a: Espathra|75\/100|[from] item: Leftovers\n|upkeep\n|\n|t:|1699838701\n|switch|p2a: Magearna|Magearna|100\/100\n|turn|29\n|\n|t:|1699838704\n|move|p1a: Espathra|Stored Power|p2a: Magearna\n|-resisted|p2a: Magearna\n|-damage|p2a: Magearna|75\/100\n|move|p2a: Magearna|Flash Cannon|p1a: Espathra\n|-damage|p1a: Espathra|7\/100\n|-unboost|p1a: Espathra|spd|1\n|\n|-heal|p1a: Espathra|13\/100|[from] item: Leftovers\n|upkeep\n|turn|30\n|\n|t:|1699838709\n|move|p1a: Espathra|Protect|p1a: Espathra\n|-singleturn|p1a: Espathra|Protect\n|move|p2a: Magearna|Draining Kiss|p1a: Espathra\n|-activate|p1a: Espathra|move: Protect\n|\n|-heal|p1a: Espathra|19\/100|[from] item: Leftovers\n|upkeep\n|turn|31\n|\n|t:|1699838712\n|move|p1a: Espathra|Stored Power|p2a: Magearna\n|-resisted|p2a: Magearna\n|-damage|p2a: Magearna|51\/100\n|move|p2a: Magearna|Draining Kiss|p1a: Espathra\n|-damage|p1a: Espathra|0 fnt\n|-heal|p2a: Magearna|64\/100|[from] drain|[of] p1a: Espathra\n|faint|p1a: Espathra\n|-ability|p2a: Magearna|Soul-Heart|boost\n|-boost|p2a: Magearna|spa|1\n|\n|upkeep\n|\n|t:|1699838722\n|switch|p1a: Chi-Yu|Chi-Yu|100\/100\n|-damage|p1a: Chi-Yu|76\/100|[from] Stealth Rock\n|-ability|p1a: Chi-Yu|Beads of Ruin\n|turn|32\n|\n|t:|1699838732\n|move|p1a: Chi-Yu|Flamethrower|p2a: Magearna\n|-supereffective|p2a: Magearna\n|-damage|p2a: Magearna|0 fnt\n|faint|p2a: Magearna\n|\n|upkeep\n|\n|t:|1699838734\n|switch|p2a: Palkia|Palkia-Origin|94\/100 brn\n|-ability|p2a: Palkia|Pressure\n|turn|33\n|\n|t:|1699838736\n|move|p2a: Palkia|Thunder Wave|p1a: Chi-Yu\n|-status|p1a: Chi-Yu|par\n|move|p1a: Chi-Yu|Flamethrower|p2a: Palkia\n|-resisted|p2a: Palkia\n|-damage|p2a: Palkia|72\/100 brn\n|\n|-damage|p2a: Palkia|66\/100 brn|[from] brn\n|upkeep\n|turn|34\n|\n|t:|1699838741\n|move|p2a: Palkia|Spacial Rend|p1a: Chi-Yu\n|-damage|p1a: Chi-Yu|0 fnt\n|faint|p1a: Chi-Yu\n|\n|-damage|p2a: Palkia|59\/100 brn|[from] brn\n|upkeep\n|\n|t:|1699838745\n|switch|p1a: Cyclizar|Cyclizar, F|83\/100\n|-damage|p1a: Cyclizar|71\/100|[from] Stealth Rock\n|turn|35\n|\n|t:|1699838748\n|move|p1a: Cyclizar|Draco Meteor|p2a: Palkia\n|-supereffective|p2a: Palkia\n|-damage|p2a: Palkia|0 fnt\n|-unboost|p1a: Cyclizar|spa|2\n|faint|p2a: Palkia\n|\n|win|ItsmeBlankKnight\n|c|\u2606ItsmeBlankKnight|gg\n|c|\u2606Leo Justice|gg\n","uploadtime":1699838756,"views":17,"p1id":"itsmeblankknight","p2id":"leojustice","formatid":"gen9ubers","rating":0,"private":0,"password":""}