{"id":"gen9ubers-1988983104","p1":"LITLE0","p2":"meat in meatball","format":"[Gen 9] Ubers","log":"|j|\u2606LITLE0\n|j|\u2606meat in meatball\n|t:|1699798204\n|gametype|singles\n|player|p1|LITLE0|brock|1053\n|player|p2|meat in meatball|pokefan-gen4|1169\n|teamsize|p1|4\n|teamsize|p2|6\n|gen|9\n|tier|[Gen 9] Ubers\n|rated|\n|rule|Sleep Clause Mod: Limit one foe put to sleep\n|rule|Species Clause: Limit one of each Pok\u00e9mon\n|rule|OHKO Clause: OHKO moves are banned\n|rule|Evasion Items Clause: Evasion items are banned\n|rule|Evasion Moves Clause: Evasion moves are banned\n|rule|Endless Battle Clause: Forcing endless battles is banned\n|rule|HP Percentage Mod: HP is shown in percentages\n|clearpoke\n|poke|p1|Amoonguss, M|\n|poke|p1|Ceruledge, F|\n|poke|p1|Cyclizar, M|\n|poke|p1|Dondozo, M|\n|poke|p2|Banette, F|\n|poke|p2|Urshifu-*, F|\n|poke|p2|Calyrex-Ice|\n|poke|p2|Flutter Mane|\n|poke|p2|Gliscor, F|\n|poke|p2|Regieleki|\n|teampreview\n|c|\u2606meat in meatball|uh\n|j| ric30\n|j| crusher177843\n|l| ric30\n|c|\u2606meat in meatball|am I about to get gimmicked\n|\n|t:|1699798232\n|start\n|switch|p1a: Cyclizar|Cyclizar, M|100\/100\n|switch|p2a: Calyrex|Calyrex-Ice|100\/100\n|-ability|p2a: Calyrex|As One\n|-ability|p2a: Calyrex|Unnerve\n|turn|1\n|c|\u2606LITLE0|not necessarily\n|\n|t:|1699798246\n|move|p1a: Cyclizar|Shed Tail|p1a: Cyclizar\n|-start|p1a: Cyclizar|Substitute|[from] move: Shed Tail\n|-damage|p1a: Cyclizar|50\/100\n|\n|t:|1699798249\n|switch|p1a: Ceruledge|Ceruledge, F|100\/100|[from] Shed Tail\n|move|p2a: Calyrex|Trick Room|p2a: Calyrex\n|-fieldstart|move: Trick Room|[of] p2a: Calyrex\n|\n|upkeep\n|turn|2\n|\n|t:|1699798257\n|-terastallize|p2a: Calyrex|Fighting\n|move|p2a: Calyrex|Glacial Lance|p1a: Ceruledge\n|-resisted|p1a: Ceruledge\n|-end|p1a: Ceruledge|Substitute\n|-damage|p2a: Calyrex|91\/100|[from] item: Life Orb\n|move|p1a: Ceruledge|Poltergeist|p2a: Calyrex\n|-activate|p2a: Calyrex|move: Poltergeist|Life Orb\n|-damage|p2a: Calyrex|53\/100\n|\n|upkeep\n|turn|3\n|\n|t:|1699798269\n|move|p1a: Ceruledge|Endure|p1a: Ceruledge\n|-singleturn|p1a: Ceruledge|move: Endure\n|move|p2a: Calyrex|Swords Dance|p2a: Calyrex\n|-boost|p2a: Calyrex|atk|2\n|\n|upkeep\n|turn|4\n|\n|t:|1699798275\n|switch|p1a: Dondozo|Dondozo, M|100\/100\n|move|p2a: Calyrex|Glacial Lance|p1a: Dondozo\n|-resisted|p1a: Dondozo\n|-damage|p1a: Dondozo|78\/100\n|-damage|p2a: Calyrex|43\/100|[from] item: Life Orb\n|\n|-heal|p1a: Dondozo|84\/100|[from] item: Leftovers\n|upkeep\n|turn|5\n|\n|t:|1699798285\n|move|p2a: Calyrex|Close Combat|p1a: Dondozo\n|-damage|p1a: Dondozo|33\/100\n|-unboost|p2a: Calyrex|def|1\n|-unboost|p2a: Calyrex|spd|1\n|-damage|p2a: Calyrex|33\/100|[from] item: Life Orb\n|move|p1a: Dondozo|Liquidation|p2a: Calyrex\n|-damage|p2a: Calyrex|15\/100\n|-unboost|p2a: Calyrex|def|1\n|\n|-heal|p1a: Dondozo|40\/100|[from] item: Leftovers\n|-fieldend|move: Trick Room\n|upkeep\n|turn|6\n|\n|t:|1699798292\n|switch|p1a: Ceruledge|Ceruledge, F|100\/100\n|move|p2a: Calyrex|Close Combat|p1a: Ceruledge\n|-immune|p1a: Ceruledge\n|\n|upkeep\n|turn|7\n|\n|t:|1699798296\n|move|p1a: Ceruledge|Shadow Sneak|p2a: Calyrex\n|-damage|p2a: Calyrex|0 fnt\n|faint|p2a: Calyrex\n|\n|upkeep\n|\n|t:|1699798299\n|switch|p2a: Banette|Banette, F|100\/100\n|-item|p1a: Ceruledge|Weakness Policy|[from] ability: Frisk|[of] p2a: Banette|[identify]\n|turn|8\n|\n|t:|1699798307\n|switch|p1a: Dondozo|Dondozo, M|40\/100\n|move|p2a: Banette|Trick Room|p2a: Banette\n|-fieldstart|move: Trick Room|[of] p2a: Banette\n|\n|-heal|p1a: Dondozo|46\/100|[from] item: Leftovers\n|upkeep\n|turn|9\n|\n|t:|1699798313\n|move|p1a: Dondozo|Rest|p1a: Dondozo\n|-status|p1a: Dondozo|slp|[from] move: Rest\n|-heal|p1a: Dondozo|100\/100 slp|[silent]\n|move|p2a: Banette|Shadow Claw|p1a: Dondozo\n|-damage|p1a: Dondozo|86\/100 slp\n|\n|-heal|p1a: Dondozo|92\/100 slp|[from] item: Leftovers\n|upkeep\n|turn|10\n|\n|t:|1699798318\n|switch|p2a: Regieleki|Regieleki|100\/100\n|cant|p1a: Dondozo|slp\n|move|p1a: Dondozo|Sleep Talk|p1a: Dondozo\n|move|p1a: Dondozo|Liquidation|p2a: Regieleki|[from]move: Sleep Talk\n|-damage|p2a: Regieleki|40\/100\n|-unboost|p2a: Regieleki|def|1\n|\n|-heal|p1a: Dondozo|98\/100 slp|[from] item: Leftovers\n|upkeep\n|turn|11\n|\n|t:|1699798324\n|switch|p1a: Amoonguss|Amoonguss, M|100\/100\n|move|p2a: Regieleki|Volt Switch|p1a: Amoonguss\n|-resisted|p1a: Amoonguss\n|-damage|p1a: Amoonguss|88\/100\n|\n|t:|1699798333\n|switch|p2a: Banette|Banette, F|100\/100|[from] Volt Switch\n|-item|p1a: Amoonguss|Leftovers|[from] ability: Frisk|[of] p2a: Banette|[identify]\n|\n|-heal|p1a: Amoonguss|95\/100|[from] item: Leftovers\n|upkeep\n|turn|12\n|\n|t:|1699798343\n|move|p1a: Amoonguss|Spore|p2a: Banette\n|-status|p2a: Banette|slp|[from] move: Spore\n|cant|p2a: Banette|slp\n|\n|-heal|p1a: Amoonguss|100\/100|[from] item: Leftovers\n|-fieldend|move: Trick Room\n|upkeep\n|turn|13\n|\n|t:|1699798348\n|switch|p2a: Regieleki|Regieleki|40\/100\n|switch|p1a: Cyclizar|Cyclizar, M|84\/100\n|\n|upkeep\n|turn|14\n|\n|t:|1699798353\n|switch|p1a: Amoonguss|Amoonguss, M|100\/100\n|move|p2a: Regieleki|Explosion|p1a: Amoonguss\n|-damage|p1a: Amoonguss|36\/100\n|faint|p2a: Regieleki\n|\n|-heal|p1a: Amoonguss|42\/100|[from] item: Leftovers\n|upkeep\n|c|\u2606LITLE0|ouch\n|\n|t:|1699798360\n|switch|p2a: Flutter Mane|Flutter Mane|100\/100\n|turn|15\n|\n|t:|1699798372\n|switch|p1a: Dondozo|Dondozo, M|98\/100 slp\n|move|p2a: Flutter Mane|Dazzling Gleam|p1a: Dondozo\n|-damage|p1a: Dondozo|38\/100 slp\n|\n|-heal|p1a: Dondozo|44\/100 slp|[from] item: Leftovers\n|upkeep\n|turn|16\n|\n|t:|1699798377\n|switch|p1a: Amoonguss|Amoonguss, M|75\/100\n|move|p2a: Flutter Mane|Dazzling Gleam|p1a: Amoonguss\n|-resisted|p1a: Amoonguss\n|-damage|p1a: Amoonguss|55\/100\n|\n|-heal|p1a: Amoonguss|61\/100|[from] item: Leftovers\n|upkeep\n|turn|17\n|\n|t:|1699798384\n|-end|p2a: Flutter Mane|Protosynthesis|[silent]\n|switch|p2a: Banette|Banette, F|100\/100 slp\n|-item|p1a: Amoonguss|Leftovers|[from] ability: Frisk|[of] p2a: Banette|[identify]\n|move|p1a: Amoonguss|Synthesis|p1a: Amoonguss\n|-heal|p1a: Amoonguss|100\/100\n|\n|upkeep\n|turn|18\n|\n|t:|1699798391\n|switch|p1a: Cyclizar|Cyclizar, M|100\/100\n|cant|p2a: Banette|slp\n|\n|upkeep\n|turn|19\n|\n|t:|1699798397\n|move|p1a: Cyclizar|Shed Tail|p1a: Cyclizar\n|-start|p1a: Cyclizar|Substitute|[from] move: Shed Tail\n|-damage|p1a: Cyclizar|50\/100\n|\n|t:|1699798400\n|switch|p1a: Ceruledge|Ceruledge, F|100\/100|[from] Shed Tail\n|-curestatus|p2a: Banette|slp|[msg]\n|move|p2a: Banette|Trick Room|p2a: Banette\n|-fieldstart|move: Trick Room|[of] p2a: Banette\n|\n|upkeep\n|turn|20\n|\n|t:|1699798406\n|move|p2a: Banette|Foul Play|p1a: Ceruledge\n|-supereffective|p1a: Ceruledge\n|-end|p1a: Ceruledge|Substitute\n|move|p1a: Ceruledge|Poltergeist|p2a: Banette\n|-activate|p2a: Banette|move: Poltergeist|Focus Sash\n|-supereffective|p2a: Banette\n|-enditem|p2a: Banette|Focus Sash\n|-damage|p2a: Banette|1\/100\n|\n|upkeep\n|turn|21\n|\n|t:|1699798414\n|move|p1a: Ceruledge|Shadow Sneak|p2a: Banette\n|-supereffective|p2a: Banette\n|-damage|p2a: Banette|0 fnt\n|faint|p2a: Banette\n|\n|upkeep\n|\n|t:|1699798421\n|switch|p2a: Flutter Mane|Flutter Mane|100\/100\n|turn|22\n|c|\u2606meat in meatball|misclick\n|c|\u2606meat in meatball|fuck\n|c|\u2606LITLE0|im surprised how well im doing\n|\n|t:|1699798441\n|switch|p1a: Amoonguss|Amoonguss, M|100\/100\n|move|p2a: Flutter Mane|Shadow Ball|p1a: Amoonguss\n|-damage|p1a: Amoonguss|61\/100\n|-unboost|p1a: Amoonguss|spd|1\n|\n|-heal|p1a: Amoonguss|68\/100|[from] item: Leftovers\n|upkeep\n|turn|23\n|\n|t:|1699798456\n|switch|p1a: Cyclizar|Cyclizar, M|84\/100\n|-end|p2a: Flutter Mane|Protosynthesis|[silent]\n|switch|p2a: Gliscor|Gliscor, F, shiny|100\/100\n|\n|-fieldend|move: Trick Room\n|-status|p2a: Gliscor|tox|[from] item: Toxic Orb\n|upkeep\n|turn|24\n|\n|t:|1699798466\n|move|p1a: Cyclizar|Shed Tail|p1a: Cyclizar\n|-start|p1a: Cyclizar|Substitute|[from] move: Shed Tail\n|-damage|p1a: Cyclizar|34\/100\n|\n|t:|1699798469\n|switch|p1a: Ceruledge|Ceruledge, F|100\/100|[from] Shed Tail\n|move|p2a: Gliscor|Stealth Rock|p1a: Ceruledge\n|-sidestart|p1: LITLE0|move: Stealth Rock\n|\n|upkeep\n|turn|25\n|\n|t:|1699798476\n|move|p1a: Ceruledge|Poltergeist|p2a: Gliscor\n|-activate|p2a: Gliscor|move: Poltergeist|Toxic Orb\n|-damage|p2a: Gliscor|57\/100 tox\n|move|p2a: Gliscor|Knock Off|p1a: Ceruledge\n|-supereffective|p1a: Ceruledge\n|-end|p1a: Ceruledge|Substitute\n|\n|-heal|p2a: Gliscor|70\/100 tox|[from] ability: Poison Heal\n|upkeep\n|turn|26\n|\n|t:|1699798485\n|move|p1a: Ceruledge|Endure|p1a: Ceruledge\n|-singleturn|p1a: Ceruledge|move: Endure\n|move|p2a: Gliscor|Earthquake|p1a: Ceruledge\n|-supereffective|p1a: Ceruledge\n|-damage|p1a: Ceruledge|12\/100\n|-ability|p1a: Ceruledge|Weak Armor|boost\n|-unboost|p1a: Ceruledge|def|1\n|-boost|p1a: Ceruledge|spe|2\n|-enditem|p1a: Ceruledge|Weakness Policy\n|-boost|p1a: Ceruledge|atk|2|[from] item: Weakness Policy\n|-boost|p1a: Ceruledge|spa|2|[from] item: Weakness Policy\n|\n|-heal|p2a: Gliscor|82\/100 tox|[from] ability: Poison Heal\n|upkeep\n|turn|27\n|\n|t:|1699798498\n|-terastallize|p1a: Ceruledge|Ghost\n|move|p1a: Ceruledge|Poltergeist|p2a: Gliscor\n|-activate|p2a: Gliscor|move: Poltergeist|Toxic Orb\n|-damage|p2a: Gliscor|0 fnt\n|faint|p2a: Gliscor\n|\n|upkeep\n|\n|t:|1699798508\n|switch|p2a: Urshifu|Urshifu-Rapid-Strike, F|100\/100\n|turn|28\n|\n|t:|1699798513\n|move|p1a: Ceruledge|Shadow Sneak|p2a: Urshifu\n|-damage|p2a: Urshifu|48\/100\n|move|p2a: Urshifu|Surging Strikes|p1a: Ceruledge\n|-crit|p1a: Ceruledge\n|-damage|p1a: Ceruledge|0 fnt\n|faint|p1a: Ceruledge\n|-hitcount|p1: Ceruledge|1\n|\n|upkeep\n|\n|t:|1699798523\n|switch|p1a: Amoonguss|Amoonguss, M|100\/100\n|-damage|p1a: Amoonguss|88\/100|[from] Stealth Rock\n|turn|29\n|\n|t:|1699798534\n|move|p2a: Urshifu|Surging Strikes|p1a: Amoonguss\n|-resisted|p1a: Amoonguss\n|-crit|p1a: Amoonguss\n|-damage|p1a: Amoonguss|75\/100\n|-resisted|p1a: Amoonguss\n|-crit|p1a: Amoonguss\n|-damage|p1a: Amoonguss|64\/100\n|-resisted|p1a: Amoonguss\n|-crit|p1a: Amoonguss\n|-damage|p1a: Amoonguss|53\/100\n|-hitcount|p1a: Amoonguss|3\n|move|p1a: Amoonguss|Spore|p2a: Urshifu\n|-status|p2a: Urshifu|slp|[from] move: Spore\n|\n|-heal|p1a: Amoonguss|60\/100|[from] item: Leftovers\n|upkeep\n|turn|30\n|\n|t:|1699798542\n|switch|p2a: Flutter Mane|Flutter Mane|100\/100\n|move|p1a: Amoonguss|Hex|p2a: Flutter Mane\n|-supereffective|p2a: Flutter Mane\n|-damage|p2a: Flutter Mane|75\/100\n|\n|-heal|p1a: Amoonguss|66\/100|[from] item: Leftovers\n|upkeep\n|turn|31\n|\n|t:|1699798550\n|move|p2a: Flutter Mane|Dazzling Gleam|p1a: Amoonguss\n|-resisted|p1a: Amoonguss\n|-damage|p1a: Amoonguss|44\/100\n|move|p1a: Amoonguss|Synthesis|p1a: Amoonguss\n|-heal|p1a: Amoonguss|94\/100\n|\n|-heal|p1a: Amoonguss|100\/100|[from] item: Leftovers\n|upkeep\n|turn|32\n|-message|meat in meatball forfeited.\n|\n|win|LITLE0\n|raw|LITLE0's rating: 1053 &rarr; <strong>1095<\/strong><br \/>(+42 for winning)\n|raw|meat in meatball's rating: 1169 &rarr; <strong>1136<\/strong><br \/>(-33 for losing)\n|l|\u2606meat in meatball\n","uploadtime":1699798558,"views":14,"p1id":"litle0","p2id":"meatinmeatball","formatid":"gen9ubers","rating":1095,"private":0,"password":""}