{"id":"gen9ubers-1984116225","p1":"godsgifttogaming","p2":"Jtheking","format":"[Gen 9] Ubers","log":"|j|\u2606godsgifttogaming\n|j|\u2606Jtheking\n|t:|1699220346\n|gametype|singles\n|player|p1|godsgifttogaming|brycenman|\n|player|p2|Jtheking|lucas|\n|teamsize|p1|6\n|teamsize|p2|6\n|gen|9\n|tier|[Gen 9] Ubers\n|rule|Sleep Clause Mod: Limit one foe put to sleep\n|rule|Species Clause: Limit one of each Pok\u00e9mon\n|rule|OHKO Clause: OHKO moves are banned\n|rule|Evasion Items Clause: Evasion items are banned\n|rule|Evasion Moves Clause: Evasion moves are banned\n|rule|Endless Battle Clause: Forcing endless battles is banned\n|rule|HP Percentage Mod: HP is shown in percentages\n|clearpoke\n|poke|p1|Iron Bundle|\n|poke|p1|Rillaboom, F|\n|poke|p1|Hawlucha, F|\n|poke|p1|Glimmora, F|\n|poke|p1|Goodra, M|\n|poke|p1|Iron Moth|\n|poke|p2|Toedscruel, M|\n|poke|p2|Ursaluna, M|\n|poke|p2|Enamorus-Therian, F|\n|poke|p2|Cresselia, F|\n|poke|p2|Kingambit, M|\n|poke|p2|Squawkabilly-Yellow, F|\n|teampreview\n|\n|t:|1699220355\n|start\n|switch|p1a: Soogsx on twitter|Glimmora, F|100\/100\n|switch|p2a: Fritz Haber|Toedscruel, M|100\/100\n|turn|1\n|\n|t:|1699220391\n|switch|p1a: Paneling|Iron Moth|100\/100\n|move|p2a: Fritz Haber|Spore|p1a: Paneling\n|-status|p1a: Paneling|slp|[from] move: Spore\n|\n|upkeep\n|turn|2\n|\n|t:|1699220421\n|cant|p1a: Paneling|slp\n|move|p2a: Fritz Haber|Trick Room|p2a: Fritz Haber\n|-fieldstart|move: Trick Room|[of] p2a: Fritz Haber\n|\n|upkeep\n|turn|3\n|\n|t:|1699220428\n|switch|p2a: Ursama Bin Laden|Ursaluna, M, shiny|100\/100\n|-end|p1a: Paneling|Quark Drive|[silent]\n|switch|p1a: Soogsx on twitter|Glimmora, F|100\/100\n|\n|-status|p2a: Ursama Bin Laden|brn|[from] item: Flame Orb\n|upkeep\n|turn|4\n|\n|t:|1699220439\n|move|p2a: Ursama Bin Laden|Swords Dance|p2a: Ursama Bin Laden\n|-boost|p2a: Ursama Bin Laden|atk|2\n|move|p1a: Soogsx on twitter|Toxic Spikes|p2a: Ursama Bin Laden\n|-sidestart|p2: Jtheking|move: Toxic Spikes\n|\n|-damage|p2a: Ursama Bin Laden|94\/100 brn|[from] brn\n|upkeep\n|turn|5\n|\n|t:|1699220446\n|move|p2a: Ursama Bin Laden|Facade|p1a: Soogsx on twitter\n|-resisted|p1a: Soogsx on twitter\n|-enditem|p1a: Soogsx on twitter|Focus Sash\n|-damage|p1a: Soogsx on twitter|1\/100\n|-activate|p1a: Soogsx on twitter|ability: Toxic Debris\n|-sidestart|p2: Jtheking|move: Toxic Spikes\n|move|p1a: Soogsx on twitter|Stealth Rock|p2a: Ursama Bin Laden\n|-sidestart|p2: Jtheking|move: Stealth Rock\n|\n|-damage|p2a: Ursama Bin Laden|88\/100 brn|[from] brn\n|upkeep\n|turn|6\n|\n|t:|1699220458\n|move|p2a: Ursama Bin Laden|Facade|p1a: Soogsx on twitter\n|-resisted|p1a: Soogsx on twitter\n|-damage|p1a: Soogsx on twitter|0 fnt\n|faint|p1a: Soogsx on twitter\n|\n|-damage|p2a: Ursama Bin Laden|82\/100 brn|[from] brn\n|-fieldend|move: Trick Room\n|upkeep\n|\n|t:|1699220515\n|switch|p1a: Giggity|Iron Bundle|100\/100\n|turn|7\n|\n|t:|1699220525\n|switch|p2a: Fritz Haber|Toedscruel, M|100\/100\n|move|p1a: Giggity|Ice Beam|p2a: Fritz Haber\n|-supereffective|p2a: Fritz Haber\n|-damage|p2a: Fritz Haber|0 fnt\n|faint|p2a: Fritz Haber\n|\n|upkeep\n|\n|t:|1699220614\n|switch|p2a: Fidel Castro|Squawkabilly-Yellow, F|100\/100\n|-damage|p2a: Fidel Castro|75\/100|[from] Stealth Rock\n|-ability|p2a: Fidel Castro|Intimidate|boost\n|-unboost|p1a: Giggity|atk|1\n|turn|8\n|\n|t:|1699220621\n|move|p2a: Fidel Castro|Final Gambit|p1a: Giggity\n|-damage|p1a: Giggity|0 fnt\n|faint|p2a: Fidel Castro\n|faint|p1a: Giggity\n|-end|p1a: Giggity|Quark Drive|[silent]\n|\n|upkeep\n|\n|t:|1699220637\n|switch|p1a: Ringo|Rillaboom, F|100\/100\n|switch|p2a: Gaslight Gestapo|Enamorus-Therian, F|100\/100\n|-fieldstart|move: Grassy Terrain|[from] ability: Grassy Surge|[of] p1a: Ringo\n|-damage|p2a: Gaslight Gestapo|75\/100|[from] Stealth Rock\n|turn|9\n|\n|t:|1699220644\n|move|p1a: Ringo|Swords Dance|p1a: Ringo\n|-boost|p1a: Ringo|atk|2\n|move|p2a: Gaslight Gestapo|Iron Defense|p2a: Gaslight Gestapo\n|-boost|p2a: Gaslight Gestapo|def|2\n|\n|-heal|p2a: Gaslight Gestapo|82\/100|[from] item: Leftovers\n|upkeep\n|turn|10\n|\n|t:|1699220652\n|move|p1a: Ringo|Knock Off|p2a: Gaslight Gestapo\n|-resisted|p2a: Gaslight Gestapo\n|-damage|p2a: Gaslight Gestapo|64\/100\n|-enditem|p2a: Gaslight Gestapo|Leftovers|[from] move: Knock Off|[of] p1a: Ringo\n|-damage|p1a: Ringo|91\/100|[from] item: Life Orb\n|move|p2a: Gaslight Gestapo|Iron Defense|p2a: Gaslight Gestapo\n|-boost|p2a: Gaslight Gestapo|def|2\n|\n|-heal|p1a: Ringo|97\/100|[from] Grassy Terrain\n|upkeep\n|turn|11\n|\n|t:|1699220661\n|move|p1a: Ringo|Swords Dance|p1a: Ringo\n|-boost|p1a: Ringo|atk|2\n|move|p2a: Gaslight Gestapo|Draining Kiss|p1a: Ringo\n|-damage|p1a: Ringo|55\/100\n|-heal|p2a: Gaslight Gestapo|94\/100|[from] drain|[of] p1a: Ringo\n|\n|-heal|p1a: Ringo|61\/100|[from] Grassy Terrain\n|upkeep\n|turn|12\n|\n|t:|1699220675\n|switch|p1a: Paneling|Iron Moth|100\/100 slp\n|move|p2a: Gaslight Gestapo|Iron Defense|p2a: Gaslight Gestapo\n|-boost|p2a: Gaslight Gestapo|def|2\n|\n|upkeep\n|turn|13\n|\n|t:|1699220683\n|-curestatus|p1a: Paneling|slp|[msg]\n|move|p1a: Paneling|Substitute|p1a: Paneling\n|-start|p1a: Paneling|Substitute\n|-damage|p1a: Paneling|75\/100\n|move|p2a: Gaslight Gestapo|Earth Power|p1a: Paneling\n|-supereffective|p1a: Paneling\n|-end|p1a: Paneling|Substitute\n|\n|-heal|p1a: Paneling|82\/100|[from] Grassy Terrain\n|-heal|p1a: Paneling|88\/100|[from] item: Leftovers\n|-fieldend|move: Grassy Terrain\n|upkeep\n|turn|14\n|\n|t:|1699220696\n|move|p1a: Paneling|Fiery Dance|p2a: Gaslight Gestapo\n|-damage|p2a: Gaslight Gestapo|55\/100\n|move|p2a: Gaslight Gestapo|Earth Power|p1a: Paneling\n|-supereffective|p1a: Paneling\n|-damage|p1a: Paneling|0 fnt\n|faint|p1a: Paneling\n|-end|p1a: Paneling|Quark Drive|[silent]\n|\n|upkeep\n|\n|t:|1699220699\n|switch|p1a: Bingo|Goodra, M|100\/100\n|turn|15\n|\n|t:|1699220706\n|-terastallize|p1a: Bingo|Fairy\n|move|p1a: Bingo|Ice Beam|p2a: Gaslight Gestapo\n|-supereffective|p2a: Gaslight Gestapo\n|-damage|p2a: Gaslight Gestapo|0 fnt\n|faint|p2a: Gaslight Gestapo\n|\n|upkeep\n|\n|t:|1699220731\n|switch|p2a: Girl Hit Ler|Cresselia, F|100\/100\n|-damage|p2a: Girl Hit Ler|88\/100|[from] Stealth Rock\n|turn|16\n|\n|t:|1699220739\n|switch|p1a: Ringo|Rillaboom, F|61\/100\n|-fieldstart|move: Grassy Terrain|[from] ability: Grassy Surge|[of] p1a: Ringo\n|move|p2a: Girl Hit Ler|Trick Room|p2a: Girl Hit Ler\n|-fieldstart|move: Trick Room|[of] p2a: Girl Hit Ler\n|\n|-heal|p2a: Girl Hit Ler|94\/100|[from] item: Leftovers\n|-heal|p1a: Ringo|68\/100|[from] Grassy Terrain\n|upkeep\n|turn|17\n|\n|t:|1699220754\n|move|p2a: Girl Hit Ler|Moonblast|p1a: Ringo\n|-damage|p1a: Ringo|44\/100\n|-unboost|p1a: Ringo|spa|1\n|move|p1a: Ringo|Drain Punch|p2a: Girl Hit Ler\n|-resisted|p2a: Girl Hit Ler\n|-damage|p2a: Girl Hit Ler|82\/100\n|-heal|p1a: Ringo|52\/100|[from] drain|[of] p2a: Girl Hit Ler\n|-damage|p1a: Ringo|42\/100|[from] item: Life Orb\n|\n|-heal|p2a: Girl Hit Ler|88\/100|[from] item: Leftovers\n|-heal|p1a: Ringo|48\/100|[from] Grassy Terrain\n|upkeep\n|turn|18\n|\n|t:|1699220769\n|move|p2a: Girl Hit Ler|Lunar Dance|p2a: Girl Hit Ler\n|faint|p2a: Girl Hit Ler\n|move|p1a: Ringo|Drain Punch|p2: Girl Hit Ler|[notarget]\n|-fail|p1a: Ringo\n|\n|-heal|p1a: Ringo|54\/100|[from] Grassy Terrain\n|upkeep\n|\n|t:|1699220775\n|switch|p2a: Ursama Bin Laden|Ursaluna, M, shiny|82\/100 brn\n|-heal|p2a: Ursama Bin Laden|100\/100|[from] move: Lunar Dance\n|-status|p2a: Ursama Bin Laden|tox\n|-damage|p2a: Ursama Bin Laden|94\/100 tox|[from] Stealth Rock\n|turn|19\n|\n|t:|1699220797\n|switch|p1a: Bingo|Goodra, M, tera:Fairy|100\/100\n|move|p2a: Ursama Bin Laden|Facade|p1a: Bingo\n|-damage|p1a: Bingo|0 fnt\n|faint|p1a: Bingo\n|\n|-heal|p2a: Ursama Bin Laden|100\/100 tox|[from] Grassy Terrain\n|-damage|p2a: Ursama Bin Laden|94\/100 tox|[from] psn\n|upkeep\n|\n|t:|1699220801\n|switch|p1a: Logan Paul|Hawlucha, F|100\/100\n|-enditem|p1a: Logan Paul|Grassy Seed\n|-boost|p1a: Logan Paul|def|1|[from] item: Grassy Seed\n|turn|20\n|\n|t:|1699220813\n|switch|p1a: Ringo|Rillaboom, F|54\/100\n|move|p2a: Ursama Bin Laden|Facade|p1a: Ringo\n|-damage|p1a: Ringo|0 fnt\n|faint|p1a: Ringo\n|\n|-heal|p2a: Ursama Bin Laden|100\/100 tox|[from] Grassy Terrain\n|-damage|p2a: Ursama Bin Laden|88\/100 tox|[from] psn\n|-fieldend|move: Trick Room\n|-fieldend|move: Grassy Terrain\n|upkeep\n|\n|t:|1699220815\n|switch|p1a: Logan Paul|Hawlucha, F|100\/100\n|turn|21\n|\n|t:|1699220828\n|move|p1a: Logan Paul|Drain Punch|p2a: Ursama Bin Laden\n|-supereffective|p2a: Ursama Bin Laden\n|-damage|p2a: Ursama Bin Laden|44\/100 tox\n|move|p2a: Ursama Bin Laden|Facade|p1a: Logan Paul\n|-damage|p1a: Logan Paul|0 fnt\n|faint|p1a: Logan Paul\n|\n|win|Jtheking\n|l|\u2606godsgifttogaming\n","uploadtime":1699220881,"views":21,"p1id":"godsgifttogaming","p2id":"jtheking","formatid":"gen9ubers","rating":0,"private":0,"password":""}