{"id":"gen9ubers-1993550608","p1":"sexybodygod","p2":"MeAlly","format":"[Gen 9] Ubers","log":"|j|\u2606sexybodygod\n|j|\u2606MeAlly\n|t:|1700330751\n|gametype|singles\n|player|p1|sexybodygod|1|1406\n|player|p2|MeAlly|liza-masters|1399\n|teamsize|p1|6\n|teamsize|p2|6\n|gen|9\n|tier|[Gen 9] Ubers\n|rated|\n|rule|Sleep Clause Mod: Limit one foe put to sleep\n|rule|Species Clause: Limit one of each Pok\u00e9mon\n|rule|OHKO Clause: OHKO moves are banned\n|rule|Evasion Items Clause: Evasion items are banned\n|rule|Evasion Moves Clause: Evasion moves are banned\n|rule|Endless Battle Clause: Forcing endless battles is banned\n|rule|HP Percentage Mod: HP is shown in percentages\n|clearpoke\n|poke|p1|Eternatus|\n|poke|p1|Arceus-Ground|\n|poke|p1|Chien-Pao|\n|poke|p1|Giratina-Origin|\n|poke|p1|Miraidon|\n|poke|p1|Zacian-*|\n|poke|p2|Kyogre|\n|poke|p2|Iron Bundle|\n|poke|p2|Miraidon|\n|poke|p2|Zacian-*|\n|poke|p2|Iron Treads|\n|poke|p2|Iron Valiant|\n|teampreview\n|inactive|Battle timer is ON: inactive players will automatically lose when time's up. (requested by sexybodygod)\n|inactive|sexybodygod has 120 seconds left.\n|\n|t:|1700330792\n|start\n|switch|p1a: Giratina|Giratina-Origin|100\/100\n|switch|p2a: Miraidon|Miraidon|100\/100\n|-fieldstart|move: Electric Terrain|[from] ability: Hadron Engine|[of] p2a: Miraidon\n|turn|1\n|\n|t:|1700330803\n|move|p2a: Miraidon|Draco Meteor|p1a: Giratina\n|-supereffective|p1a: Giratina\n|-damage|p1a: Giratina|0 fnt\n|-unboost|p2a: Miraidon|spa|2\n|faint|p1a: Giratina\n|\n|upkeep\n|\n|t:|1700330808\n|switch|p1a: Zacian|Zacian-Crowned|100\/100\n|-ability|p1a: Zacian|Intrepid Sword|boost\n|-boost|p1a: Zacian|atk|1\n|turn|2\n|\n|t:|1700330821\n|switch|p2a: Iron Valiant|Iron Valiant|100\/100\n|-activate|p2a: Iron Valiant|ability: Quark Drive\n|-start|p2a: Iron Valiant|quarkdrivespe\n|move|p1a: Zacian|Swords Dance|p1a: Zacian\n|-boost|p1a: Zacian|atk|2\n|\n|upkeep\n|turn|3\n|\n|t:|1700330828\n|move|p2a: Iron Valiant|Encore|p1a: Zacian\n|-start|p1a: Zacian|Encore\n|move|p1a: Zacian|Swords Dance|p1a: Zacian\n|-boost|p1a: Zacian|atk|2\n|\n|upkeep\n|turn|4\n|\n|t:|1700330834\n|move|p2a: Iron Valiant|Close Combat|p1a: Zacian\n|-damage|p1a: Zacian|50\/100\n|-unboost|p2a: Iron Valiant|def|1\n|-unboost|p2a: Iron Valiant|spd|1\n|move|p1a: Zacian|Swords Dance|p1a: Zacian\n|-boost|p1a: Zacian|atk|1\n|\n|upkeep\n|turn|5\n|\n|t:|1700330845\n|move|p2a: Iron Valiant|Close Combat|p1a: Zacian\n|-damage|p1a: Zacian|1\/100\n|-unboost|p2a: Iron Valiant|def|1\n|-unboost|p2a: Iron Valiant|spd|1\n|move|p1a: Zacian|Swords Dance|p1a: Zacian\n|-boost|p1a: Zacian|atk|0\n|\n|-end|p1a: Zacian|Encore\n|-fieldend|move: Electric Terrain\n|-end|p2a: Iron Valiant|Quark Drive\n|upkeep\n|turn|6\n|c|\u2606sexybodygod|3 hp\n|\n|t:|1700330862\n|move|p1a: Zacian|Trailblaze|p2a: Iron Valiant\n|-damage|p2a: Iron Valiant|0 fnt\n|-boost|p1a: Zacian|spe|1\n|-damage|p1a: Zacian|0 fnt|[from] item: Rocky Helmet|[of] p2a: Iron Valiant\n|faint|p2a: Iron Valiant\n|-end|p2a: Iron Valiant|Quark Drive|[silent]\n|faint|p1a: Zacian\n|\n|upkeep\n|c|\u2606MeAlly|0 hp\n|c|\u2606sexybodygod|NO\n|c|\u2606MeAlly|XDDD\n|\n|t:|1700330880\n|switch|p1a: Eternatus|Eternatus|100\/100\n|switch|p2a: Miraidon|Miraidon|100\/100\n|-fieldstart|move: Electric Terrain|[from] ability: Hadron Engine|[of] p2a: Miraidon\n|-ability|p1a: Eternatus|Pressure\n|turn|7\n|\n|t:|1700330887\n|move|p2a: Miraidon|Draco Meteor|p1a: Eternatus\n|-supereffective|p1a: Eternatus\n|-damage|p1a: Eternatus|0 fnt\n|-unboost|p2a: Miraidon|spa|2\n|faint|p1a: Eternatus\n|\n|upkeep\n|\n|t:|1700330892\n|switch|p1a: Miraidon|Miraidon|100\/100\n|-activate|p1a: Miraidon|ability: Hadron Engine\n|turn|8\n|\n|t:|1700330899\n|switch|p2a: Iron Heads|Iron Treads|100\/100\n|-activate|p2a: Iron Heads|ability: Quark Drive\n|-start|p2a: Iron Heads|quarkdrivespe\n|move|p1a: Miraidon|Calm Mind|p1a: Miraidon\n|-boost|p1a: Miraidon|spa|1\n|-boost|p1a: Miraidon|spd|1\n|\n|upkeep\n|turn|9\n|\n|t:|1700330909\n|-terastallize|p1a: Miraidon|Water\n|move|p2a: Iron Heads|Earthquake|p1a: Miraidon\n|-damage|p1a: Miraidon|58\/100\n|move|p1a: Miraidon|Dragon Pulse|p2a: Iron Heads\n|-resisted|p2a: Iron Heads\n|-damage|p2a: Iron Heads|66\/100\n|\n|-heal|p1a: Miraidon|64\/100|[from] item: Leftovers\n|upkeep\n|turn|10\n|\n|t:|1700330919\n|move|p2a: Iron Heads|Knock Off|p1a: Miraidon\n|-damage|p1a: Miraidon|39\/100\n|-enditem|p1a: Miraidon|Leftovers|[from] move: Knock Off|[of] p2a: Iron Heads\n|move|p1a: Miraidon|Dragon Pulse|p2a: Iron Heads\n|-resisted|p2a: Iron Heads\n|-damage|p2a: Iron Heads|33\/100\n|\n|upkeep\n|turn|11\n|\n|t:|1700330927\n|move|p2a: Iron Heads|Earthquake|p1a: Miraidon\n|-damage|p1a: Miraidon|0 fnt\n|faint|p1a: Miraidon\n|\n|-fieldend|move: Electric Terrain\n|-end|p2a: Iron Heads|Quark Drive\n|upkeep\n|\n|t:|1700330929\n|switch|p1a: Arceus|Arceus-Ground|100\/100\n|turn|12\n|\n|t:|1700330938\n|-end|p2a: Iron Heads|Quark Drive|[silent]\n|switch|p2a: Kyogre|Kyogre|100\/100\n|-weather|RainDance|[from] ability: Drizzle|[of] p2a: Kyogre\n|move|p1a: Arceus|Dragon Dance|p1a: Arceus\n|-boost|p1a: Arceus|atk|1\n|-boost|p1a: Arceus|spe|1\n|\n|-weather|RainDance|[upkeep]\n|upkeep\n|turn|13\n|\n|t:|1700330950\n|move|p1a: Arceus|Earthquake|p2a: Kyogre\n|-damage|p2a: Kyogre|9\/100\n|move|p2a: Kyogre|Origin Pulse|p1a: Arceus\n|-supereffective|p1a: Arceus\n|-damage|p1a: Arceus|0 fnt\n|faint|p1a: Arceus\n|\n|-weather|RainDance|[upkeep]\n|upkeep\n|\n|t:|1700330954\n|switch|p1a: Chien-Pao|Chien-Pao|100\/100\n|-ability|p1a: Chien-Pao|Sword of Ruin\n|turn|14\n|\n|t:|1700330960\n|move|p2a: Kyogre|Origin Pulse|p1a: Chien-Pao\n|-damage|p1a: Chien-Pao|0 fnt\n|faint|p1a: Chien-Pao\n|\n|win|MeAlly\n|raw|sexybodygod's rating: 1406 &rarr; <strong>1386<\/strong><br \/>(-20 for losing)\n|raw|MeAlly's rating: 1399 &rarr; <strong>1419<\/strong><br \/>(+20 for winning)\n|l|\u2606sexybodygod\n|c|\u2606MeAlly|gg\n","uploadtime":1700330967,"views":7,"p1id":"sexybodygod","p2id":"meally","formatid":"gen9ubers","rating":1386,"private":0,"password":""}