{"id":"gen9ubers-1982821558","p1":"Holiss77","p2":"NEdgyman","format":"[Gen 9] Ubers","log":"|j|\u2606Holiss77\n|j|\u2606NEdgyman\n|t:|1699048217\n|gametype|singles\n|player|p1|Holiss77|102|\n|player|p2|NEdgyman|hanbei-conquest|\n|teamsize|p1|6\n|teamsize|p2|6\n|gen|9\n|tier|[Gen 9] Ubers\n|rule|Sleep Clause Mod: Limit one foe put to sleep\n|rule|Species Clause: Limit one of each Pok\u00e9mon\n|rule|OHKO Clause: OHKO moves are banned\n|rule|Evasion Items Clause: Evasion items are banned\n|rule|Evasion Moves Clause: Evasion moves are banned\n|rule|Endless Battle Clause: Forcing endless battles is banned\n|rule|HP Percentage Mod: HP is shown in percentages\n|clearpoke\n|poke|p1|Donphan, M|\n|poke|p1|Roaring Moon|\n|poke|p1|Ogerpon-Hearthflame, F|\n|poke|p1|Qwilfish-Hisui, M|\n|poke|p1|Electrode-Hisui|\n|poke|p1|Shiftry, M|\n|poke|p2|Annihilape, F|\n|poke|p2|Crawdaunt, M|\n|poke|p2|Glimmora, M|\n|poke|p2|Jolteon, M|\n|poke|p2|Cresselia, F|\n|poke|p2|Jumpluff, M|\n|teampreview\n|c|\u2606NEdgyman|glhf\n|c|\u2606Holiss77|glhf\n|j| So Threatening\n|\n|t:|1699048315\n|start\n|switch|p1a: Average tusks|Donphan, M|100\/100\n|switch|p2a: Falcom Fanbase|Glimmora, M|100\/100\n|turn|1\n|\n|t:|1699048328\n|move|p2a: Falcom Fanbase|Mortal Spin|p1a: Average tusks\n|-resisted|p1a: Average tusks\n|-damage|p1a: Average tusks|98\/100\n|-status|p1a: Average tusks|psn\n|move|p1a: Average tusks|Stealth Rock|p2a: Falcom Fanbase\n|-sidestart|p2: NEdgyman|move: Stealth Rock\n|\n|-damage|p1a: Average tusks|86\/100 psn|[from] psn\n|upkeep\n|turn|2\n|\n|t:|1699048339\n|move|p2a: Falcom Fanbase|Mortal Spin|p1a: Average tusks\n|-resisted|p1a: Average tusks\n|-damage|p1a: Average tusks|84\/100 psn\n|-sideend|p2: NEdgyman|Stealth Rock|[from] move: Mortal Spin|[of] p2a: Falcom Fanbase\n|move|p1a: Average tusks|Earthquake|p2a: Falcom Fanbase\n|-supereffective|p2a: Falcom Fanbase\n|-enditem|p2a: Falcom Fanbase|Shuca Berry|[eat]\n|-enditem|p2a: Falcom Fanbase|Shuca Berry|[weaken]\n|-damage|p2a: Falcom Fanbase|20\/100\n|-activate|p2a: Falcom Fanbase|ability: Toxic Debris\n|-sidestart|p1: Holiss77|move: Toxic Spikes\n|\n|-damage|p1a: Average tusks|71\/100 psn|[from] psn\n|upkeep\n|turn|3\n|\n|t:|1699048368\n|switch|p2a: Howler Monkey|Annihilape, F, shiny|100\/100\n|move|p1a: Average tusks|Rapid Spin|p2a: Howler Monkey\n|-immune|p2a: Howler Monkey\n|\n|-damage|p1a: Average tusks|59\/100 psn|[from] psn\n|upkeep\n|turn|4\n|\n|t:|1699048378\n|switch|p1a: Mr. Puff|Qwilfish-Hisui, M, shiny|100\/100\n|-sideend|p1: Holiss77|move: Toxic Spikes|[of] p1a: Mr. Puff\n|-ability|p1a: Mr. Puff|Intimidate|boost\n|-unboost|p2a: Howler Monkey|atk|1\n|-ability|p2a: Howler Monkey|Defiant|boost\n|-boost|p2a: Howler Monkey|atk|2\n|move|p2a: Howler Monkey|Bulk Up|p2a: Howler Monkey\n|-boost|p2a: Howler Monkey|atk|1\n|-boost|p2a: Howler Monkey|def|1\n|\n|upkeep\n|turn|5\n|j| Quackborg\n|\n|t:|1699048411\n|switch|p1a: Right on Cue|Electrode-Hisui, shiny|100\/100\n|move|p2a: Howler Monkey|Drain Punch|p1a: Right on Cue\n|-damage|p1a: Right on Cue|0 fnt\n|-damage|p2a: Howler Monkey|76\/100|[from] ability: Aftermath|[of] p1a: Right on Cue\n|faint|p1a: Right on Cue\n|\n|upkeep\n|\n|t:|1699048422\n|switch|p1a: Kozaburo|Shiftry, M|100\/100\n|turn|6\n|\n|t:|1699048459\n|move|p2a: Howler Monkey|Drain Punch|p1a: Kozaburo\n|-supereffective|p1a: Kozaburo\n|-damage|p1a: Kozaburo|0 fnt\n|-heal|p2a: Howler Monkey|100\/100|[from] drain|[of] p1a: Kozaburo\n|faint|p1a: Kozaburo\n|\n|upkeep\n|c|\u2606NEdgyman|im gonna ape you\n|\n|t:|1699048474\n|switch|p1a: Madface|Ogerpon-Hearthflame, F|100\/100\n|-ability|p1a: Madface|Mold Breaker\n|turn|7\n|\n|t:|1699048481\n|move|p1a: Madface|Ivy Cudgel|p2a: Howler Monkey\n|-crit|p2a: Howler Monkey\n|-damage|p2a: Howler Monkey|14\/100\n|move|p2a: Howler Monkey|Drain Punch|p1a: Madface\n|-damage|p1a: Madface|8\/100\n|-heal|p2a: Howler Monkey|53\/100|[from] drain|[of] p1a: Madface\n|\n|upkeep\n|turn|8\n|c|\u2606NEdgyman|horrid crit\n|\n|t:|1699048495\n|move|p1a: Madface|Ivy Cudgel|p2a: Howler Monkey\n|-damage|p2a: Howler Monkey|13\/100\n|move|p2a: Howler Monkey|Drain Punch|p1a: Madface\n|-crit|p1a: Madface\n|-damage|p1a: Madface|0 fnt\n|-heal|p2a: Howler Monkey|16\/100|[from] drain|[of] p1a: Madface\n|faint|p1a: Madface\n|\n|upkeep\n|\n|t:|1699048501\n|switch|p1a: Bluemoon|Roaring Moon|100\/100\n|-enditem|p1a: Bluemoon|Booster Energy\n|-activate|p1a: Bluemoon|ability: Protosynthesis|[fromitem]\n|-start|p1a: Bluemoon|protosynthesisspe\n|turn|9\n|j| Swagadile\n|\n|t:|1699048512\n|move|p1a: Bluemoon|Knock Off|p2a: Howler Monkey\n|-damage|p2a: Howler Monkey|0 fnt\n|-enditem|p2a: Howler Monkey|Mirror Herb|[from] move: Knock Off|[of] p1a: Bluemoon\n|faint|p2a: Howler Monkey\n|\n|upkeep\n|\n|t:|1699048526\n|switch|p2a: Nearly Witches|Cresselia, F|100\/100\n|turn|10\n|\n|t:|1699048534\n|move|p1a: Bluemoon|Dragon Dance|p1a: Bluemoon\n|-boost|p1a: Bluemoon|atk|1\n|-boost|p1a: Bluemoon|spe|1\n|move|p2a: Nearly Witches|Moonblast|p1a: Bluemoon\n|-supereffective|p1a: Bluemoon\n|-damage|p1a: Bluemoon|49\/100\n|\n|upkeep\n|turn|11\n|\n|t:|1699048541\n|move|p1a: Bluemoon|Knock Off|p2a: Nearly Witches\n|-supereffective|p2a: Nearly Witches\n|-crit|p2a: Nearly Witches\n|-damage|p2a: Nearly Witches|4\/100\n|-enditem|p2a: Nearly Witches|Light Clay|[from] move: Knock Off|[of] p1a: Bluemoon\n|move|p2a: Nearly Witches|Moonblast|p1a: Bluemoon\n|-supereffective|p1a: Bluemoon\n|-damage|p1a: Bluemoon|1\/100\n|\n|upkeep\n|turn|12\n|c|\u2606NEdgyman|nasty crits\n|\n|t:|1699048553\n|move|p1a: Bluemoon|Knock Off|p2a: Nearly Witches\n|-supereffective|p2a: Nearly Witches\n|-damage|p2a: Nearly Witches|0 fnt\n|faint|p2a: Nearly Witches\n|\n|upkeep\n|\n|t:|1699048560\n|switch|p2a: Boiled Dinner|Crawdaunt, M|100\/100\n|turn|13\n|\n|t:|1699048565\n|-end|p1a: Bluemoon|Protosynthesis|[silent]\n|switch|p1a: Mr. Puff|Qwilfish-Hisui, M, shiny|100\/100\n|-ability|p1a: Mr. Puff|Intimidate|boost\n|-unboost|p2a: Boiled Dinner|atk|1\n|move|p2a: Boiled Dinner|Aqua Jet|p1a: Mr. Puff\n|-crit|p1a: Mr. Puff\n|-damage|p1a: Mr. Puff|61\/100\n|\n|upkeep\n|turn|14\n|l| So Threatening\n|\n|t:|1699048582\n|switch|p1a: Average tusks|Donphan, M|59\/100 psn\n|switch|p2a: Jr. Crocker|Jolteon, M|100\/100\n|\n|-damage|p1a: Average tusks|47\/100 psn|[from] psn\n|upkeep\n|turn|15\n|\n|t:|1699048596\n|-terastallize|p2a: Jr. Crocker|Flying\n|move|p2a: Jr. Crocker|Tera Blast|p1a: Average tusks|[anim] Tera Blast Flying\n|-damage|p1a: Average tusks|6\/100 psn\n|move|p1a: Average tusks|Stealth Rock|p2a: Jr. Crocker\n|-sidestart|p2: NEdgyman|move: Stealth Rock\n|\n|-damage|p1a: Average tusks|0 fnt|[from] psn\n|faint|p1a: Average tusks\n|upkeep\n|\n|t:|1699048608\n|switch|p1a: Mr. Puff|Qwilfish-Hisui, M, shiny|61\/100\n|-ability|p1a: Mr. Puff|Intimidate|boost\n|-unboost|p2a: Jr. Crocker|atk|1\n|turn|16\n|\n|t:|1699048620\n|-terastallize|p1a: Mr. Puff|Dragon\n|move|p2a: Jr. Crocker|Tera Blast|p1a: Mr. Puff|[anim] Tera Blast Flying\n|-damage|p1a: Mr. Puff|13\/100\n|move|p1a: Mr. Puff|Scale Shot|p2a: Jr. Crocker\n|-damage|p2a: Jr. Crocker|86\/100\n|-damage|p2a: Jr. Crocker|70\/100\n|-damage|p2a: Jr. Crocker|55\/100\n|-damage|p2a: Jr. Crocker|39\/100\n|-hitcount|p2a: Jr. Crocker|4\n|-unboost|p1a: Mr. Puff|def|1\n|-boost|p1a: Mr. Puff|spe|1\n|\n|upkeep\n|turn|17\n|\n|t:|1699048635\n|move|p2a: Jr. Crocker|Tera Blast|p1a: Mr. Puff|[anim] Tera Blast Flying\n|-damage|p1a: Mr. Puff|0 fnt\n|faint|p1a: Mr. Puff\n|\n|upkeep\n|\n|t:|1699048639\n|switch|p1a: Bluemoon|Roaring Moon|1\/100\n|turn|18\n|c|\u2606Holiss77|gg\n|\n|t:|1699048651\n|move|p2a: Jr. Crocker|Tera Blast|p1a: Bluemoon|[anim] Tera Blast Flying\n|-damage|p1a: Bluemoon|0 fnt\n|faint|p1a: Bluemoon\n|-end|p1a: Bluemoon|Protosynthesis|[silent]\n|\n|win|NEdgyman\n|c|\u2606NEdgyman|gg\n|l|\u2606Holiss77\n","uploadtime":1699048658,"views":16,"p1id":"holiss77","p2id":"nedgyman","formatid":"gen9ubers","rating":0,"private":0,"password":""}