{"id":"gen9ubers-1968223668","p1":"xdTactician","p2":"NPSHarmonia","format":"[Gen 9] Ubers","log":"|inactive|Battle timer is ON: inactive players will automatically lose when time's up.\n|j|\u2606xdTactician\n|j|\u2606NPSHarmonia\n|t:|1697396457\n|gametype|singles\n|player|p1|xdTactician|102|\n|player|p2|NPSHarmonia|266|\n|teamsize|p1|6\n|teamsize|p2|6\n|gen|9\n|tier|[Gen 9] Ubers\n|rated|Tournament battle\n|rule|Sleep Clause Mod: Limit one foe put to sleep\n|rule|Species Clause: Limit one of each Pok\u00e9mon\n|rule|OHKO Clause: OHKO moves are banned\n|rule|Evasion Items Clause: Evasion items are banned\n|rule|Evasion Moves Clause: Evasion moves are banned\n|rule|Endless Battle Clause: Forcing endless battles is banned\n|rule|HP Percentage Mod: HP is shown in percentages\n|rule|Blitz: Super-fast timer\n|clearpoke\n|poke|p1|Krookodile, M|\n|poke|p1|Skuntank, M|\n|poke|p1|Samurott-Hisui, M|\n|poke|p1|Chien-Pao|\n|poke|p1|Zarude|\n|poke|p1|Iron Jugulis|\n|poke|p2|Krookodile, M|\n|poke|p2|Skuntank, M|\n|poke|p2|Samurott-Hisui, M|\n|poke|p2|Chien-Pao|\n|poke|p2|Zarude|\n|poke|p2|Iron Jugulis|\n|teampreview\n|j|*Lady Monita \u263d\n|inactive|xdTactician also wants the timer to be on.\n|c|\u2606NPSHarmonia|glhf\n|c|\u2606xdTactician|u2\n|\n|t:|1697396463\n|start\n|switch|p1a: Krookodile|Krookodile, M|100\/100\n|switch|p2a: Iron Jugulis|Iron Jugulis|100\/100\n|-ability|p1a: Krookodile|Intimidate|boost\n|-unboost|p2a: Iron Jugulis|atk|1\n|turn|1\n|inactive|xdTactician has 10 seconds left.\n|\n|t:|1697396470\n|move|p2a: Iron Jugulis|Focus Blast|p1a: Krookodile\n|-supereffective|p1a: Krookodile\n|-enditem|p1a: Krookodile|Focus Sash\n|-damage|p1a: Krookodile|1\/100\n|move|p1a: Krookodile|Stealth Rock|p2a: Iron Jugulis\n|-sidestart|p2: NPSHarmonia|move: Stealth Rock\n|\n|upkeep\n|turn|2\n|inactive|xdTactician has 10 seconds left.\n|\n|t:|1697396478\n|move|p2a: Iron Jugulis|Focus Blast|p1a: Krookodile\n|-supereffective|p1a: Krookodile\n|-damage|p1a: Krookodile|0 fnt\n|faint|p1a: Krookodile\n|\n|upkeep\n|inactive|xdTactician has 10 seconds left.\n|\n|t:|1697396487\n|switch|p1a: Iron Jugulis|Iron Jugulis|100\/100\n|turn|3\n|\n|t:|1697396490\n|move|p1a: Iron Jugulis|Tailwind|p1a: Iron Jugulis\n|-sidestart|p1: xdTactician|move: Tailwind\n|move|p2a: Iron Jugulis|Focus Blast|p1a: Iron Jugulis\n|-damage|p1a: Iron Jugulis|27\/100\n|\n|upkeep\n|turn|4\n|\n|t:|1697396493\n|move|p1a: Iron Jugulis|Focus Blast|p2a: Iron Jugulis|[miss]\n|-miss|p1a: Iron Jugulis|p2a: Iron Jugulis\n|move|p2a: Iron Jugulis|Focus Blast|p1a: Iron Jugulis|[miss]\n|-miss|p2a: Iron Jugulis|p1a: Iron Jugulis\n|\n|upkeep\n|turn|5\n|inactive|xdTactician has 10 seconds left.\n|\n|t:|1697396499\n|-end|p1a: Iron Jugulis|Quark Drive|[silent]\n|switch|p1a: Skuntank|Skuntank, M|100\/100\n|move|p2a: Iron Jugulis|Focus Blast|p1a: Skuntank\n|-damage|p1a: Skuntank|6\/100\n|\n|upkeep\n|turn|6\n|\n|t:|1697396502\n|move|p1a: Skuntank|Play Rough|p2a: Iron Jugulis\n|-supereffective|p2a: Iron Jugulis\n|-damage|p2a: Iron Jugulis|43\/100\n|move|p2a: Iron Jugulis|Focus Blast|p1a: Skuntank|[miss]\n|-miss|p2a: Iron Jugulis|p1a: Skuntank\n|\n|-sideend|p1: xdTactician|move: Tailwind\n|upkeep\n|turn|7\n|\n|t:|1697396505\n|move|p2a: Iron Jugulis|Focus Blast|p1a: Skuntank\n|-damage|p1a: Skuntank|0 fnt\n|faint|p1a: Skuntank\n|\n|upkeep\n|\n|t:|1697396508\n|switch|p1a: Iron Jugulis|Iron Jugulis|27\/100\n|turn|8\n|\n|t:|1697396510\n|move|p2a: Iron Jugulis|Focus Blast|p1a: Iron Jugulis\n|-damage|p1a: Iron Jugulis|0 fnt\n|faint|p1a: Iron Jugulis\n|-end|p1a: Iron Jugulis|Quark Drive|[silent]\n|\n|upkeep\n|\n|t:|1697396514\n|switch|p1a: Chien-Pao|Chien-Pao|100\/100\n|-ability|p1a: Chien-Pao|Sword of Ruin\n|turn|9\n|\n|t:|1697396517\n|move|p1a: Chien-Pao|Sacred Sword|p2a: Iron Jugulis\n|-damage|p2a: Iron Jugulis|0 fnt\n|faint|p2a: Iron Jugulis\n|-end|p2a: Iron Jugulis|Quark Drive|[silent]\n|\n|upkeep\n|inactive|NPSHarmonia has 10 seconds left.\n|\n|t:|1697396526\n|switch|p2a: Krookodile|Krookodile, M|100\/100\n|-damage|p2a: Krookodile|94\/100|[from] Stealth Rock\n|-ability|p2a: Krookodile|Intimidate|boost\n|-unboost|p1a: Chien-Pao|atk|1\n|turn|10\n|inactive|xdTactician has 10 seconds left.\n|inactive|NPSHarmonia has 10 seconds left.\n|\n|t:|1697396535\n|switch|p1a: Samurott|Samurott-Hisui, M|100\/100\n|-terastallize|p2a: Krookodile|Fighting\n|move|p2a: Krookodile|Close Combat|p1a: Samurott\n|-supereffective|p1a: Samurott\n|-damage|p1a: Samurott|0 fnt\n|-unboost|p2a: Krookodile|def|1\n|-unboost|p2a: Krookodile|spd|1\n|faint|p1a: Samurott\n|\n|-heal|p2a: Krookodile|100\/100|[from] item: Leftovers\n|upkeep\n|inactive|xdTactician has 10 seconds left.\n|\n|t:|1697396541\n|switch|p1a: Zarude|Zarude|100\/100\n|turn|11\n|\n|t:|1697396545\n|switch|p2a: Skuntank|Skuntank, M|100\/100\n|-damage|p2a: Skuntank|88\/100|[from] Stealth Rock\n|-terastallize|p1a: Zarude|Fairy\n|move|p1a: Zarude|Bulk Up|p1a: Zarude\n|-boost|p1a: Zarude|atk|1\n|-boost|p1a: Zarude|def|1\n|\n|-heal|p2a: Skuntank|94\/100|[from] item: Black Sludge\n|upkeep\n|turn|12\n|inactive|xdTactician has 10 seconds left.\n|\n|t:|1697396555\n|move|p2a: Skuntank|Taunt|p1a: Zarude\n|-start|p1a: Zarude|move: Taunt\n|cant|p1a: Zarude|move: Taunt|Bulk Up\n|\n|-heal|p2a: Skuntank|99\/100|[from] item: Black Sludge\n|upkeep\n|turn|13\n|j| Blonking\n|inactive|xdTactician has 10 seconds left.\n|\n|t:|1697396561\n|move|p2a: Skuntank|Super Fang|p1a: Zarude\n|-damage|p1a: Zarude|50\/100\n|move|p1a: Zarude|Drain Punch|p2a: Skuntank\n|-damage|p2a: Skuntank|57\/100\n|-heal|p1a: Zarude|75\/100|[from] drain|[of] p2a: Skuntank\n|\n|-heal|p2a: Skuntank|63\/100|[from] item: Black Sludge\n|-heal|p1a: Zarude|82\/100|[from] item: Leftovers\n|upkeep\n|turn|14\n|\n|t:|1697396565\n|move|p2a: Skuntank|Super Fang|p1a: Zarude\n|-damage|p1a: Zarude|41\/100\n|move|p1a: Zarude|Drain Punch|p2a: Skuntank\n|-damage|p2a: Skuntank|16\/100\n|-heal|p1a: Zarude|69\/100|[from] drain|[of] p2a: Skuntank\n|\n|-heal|p2a: Skuntank|22\/100|[from] item: Black Sludge\n|-heal|p1a: Zarude|75\/100|[from] item: Leftovers\n|-end|p1a: Zarude|move: Taunt\n|upkeep\n|turn|15\n|\n|t:|1697396568\n|move|p2a: Skuntank|Super Fang|p1a: Zarude\n|-damage|p1a: Zarude|38\/100\n|move|p1a: Zarude|Drain Punch|p2a: Skuntank\n|-damage|p2a: Skuntank|0 fnt\n|-heal|p1a: Zarude|50\/100|[from] drain|[of] p2a: Skuntank\n|-damage|p1a: Zarude|25\/100|[from] ability: Aftermath|[of] p2a: Skuntank\n|faint|p2a: Skuntank\n|\n|-heal|p1a: Zarude|32\/100|[from] item: Leftovers\n|upkeep\n|inactive|NPSHarmonia has 10 seconds left.\n|\n|t:|1697396577\n|switch|p2a: Chien-Pao|Chien-Pao|100\/100\n|-damage|p2a: Chien-Pao|76\/100|[from] Stealth Rock\n|-ability|p2a: Chien-Pao|Sword of Ruin\n|turn|16\n|\n|t:|1697396581\n|move|p2a: Chien-Pao|Icicle Crash|p1a: Zarude\n|-damage|p1a: Zarude|3\/100\n|move|p1a: Zarude|Drain Punch|p2a: Chien-Pao\n|-supereffective|p2a: Chien-Pao\n|-damage|p2a: Chien-Pao|0 fnt\n|-heal|p1a: Zarude|35\/100|[from] drain|[of] p2a: Chien-Pao\n|faint|p2a: Chien-Pao\n|\n|-heal|p1a: Zarude|42\/100|[from] item: Leftovers\n|upkeep\n|inactive|NPSHarmonia has 10 seconds left.\n|j| Notismeh\n|\n|t:|1697396589\n|switch|p2a: Krookodile|Krookodile, M, tera:Fighting|100\/100\n|-damage|p2a: Krookodile|94\/100|[from] Stealth Rock\n|-ability|p2a: Krookodile|Intimidate|boost\n|-unboost|p1a: Zarude|atk|1\n|turn|17\n|\n|t:|1697396592\n|move|p1a: Zarude|Synthesis|p1a: Zarude\n|-heal|p1a: Zarude|92\/100\n|move|p2a: Krookodile|Earthquake|p1a: Zarude\n|-damage|p1a: Zarude|71\/100\n|\n|-heal|p1a: Zarude|77\/100|[from] item: Leftovers\n|-heal|p2a: Krookodile|100\/100|[from] item: Leftovers\n|upkeep\n|turn|18\n|\n|t:|1697396595\n|move|p1a: Zarude|Bulk Up|p1a: Zarude\n|-boost|p1a: Zarude|atk|1\n|-boost|p1a: Zarude|def|1\n|move|p2a: Krookodile|Taunt|p1a: Zarude\n|-start|p1a: Zarude|move: Taunt\n|\n|-heal|p1a: Zarude|83\/100|[from] item: Leftovers\n|upkeep\n|turn|19\n|c|\u2606NPSHarmonia|f\n|c|\u2606NPSHarmonia|gg\n|inactive|NPSHarmonia has 10 seconds left.\n|l| Notismeh\n|\n|t:|1697396601\n|move|p1a: Zarude|Drain Punch|p2a: Krookodile\n|-damage|p2a: Krookodile|72\/100\n|-heal|p1a: Zarude|99\/100|[from] drain|[of] p2a: Krookodile\n|move|p2a: Krookodile|Earthquake|p1a: Zarude\n|-damage|p1a: Zarude|84\/100\n|\n|-heal|p1a: Zarude|90\/100|[from] item: Leftovers\n|-heal|p2a: Krookodile|78\/100|[from] item: Leftovers\n|upkeep\n|turn|20\n|j| Notismeh\n|\n|t:|1697396605\n|switch|p2a: Zarude|Zarude|100\/100\n|-damage|p2a: Zarude|88\/100|[from] Stealth Rock\n|move|p1a: Zarude|Power Whip|p2a: Zarude\n|-resisted|p2a: Zarude\n|-damage|p2a: Zarude|42\/100\n|\n|-heal|p1a: Zarude|97\/100|[from] item: Leftovers\n|upkeep\n|turn|21\n|inactive|NPSHarmonia has 10 seconds left.\n|\n|t:|1697396610\n|move|p2a: Zarude|Drain Punch|p1a: Zarude\n|-resisted|p1a: Zarude\n|-damage|p1a: Zarude|92\/100\n|-heal|p2a: Zarude|44\/100|[from] drain|[of] p1a: Zarude\n|move|p1a: Zarude|Drain Punch|p2a: Zarude\n|-supereffective|p2a: Zarude\n|-damage|p2a: Zarude|0 fnt\n|-heal|p1a: Zarude|100\/100|[from] drain|[of] p2a: Zarude\n|faint|p2a: Zarude\n|\n|-end|p1a: Zarude|move: Taunt\n|upkeep\n|inactive|NPSHarmonia has 10 seconds left.\n|-message|NPSHarmonia forfeited.\n|\n|win|xdTactician\n|n|\u2606xdTactician|xdtactician\n|n|\u2606NPSHarmonia|npsharmonia\n|n|*Lady Monita \u263d|ladymonita\n|n| Blonking|blonking\n|n| Notismeh|notismeh\n","uploadtime":1697396619,"views":11,"p1id":"xdtactician","p2id":"npsharmonia","formatid":"gen9ubers","rating":0,"private":0,"password":""}