{"id":"gen9ubers-1998849628","p1":"ImATrollAtThisGame","p2":"PokemonJavarRegion","format":"[Gen 9] Ubers","log":"|j|\u2606ImATrollAtThisGame\n|j|\u2606PokemonJavarRegion\n|t:|1701002844\n|gametype|singles\n|player|p1|ImATrollAtThisGame|101|1143\n|player|p2|PokemonJavarRegion|265|1007\n|teamsize|p1|6\n|teamsize|p2|6\n|gen|9\n|tier|[Gen 9] Ubers\n|rated|\n|rule|Sleep Clause Mod: Limit one foe put to sleep\n|rule|Species Clause: Limit one of each Pok\u00e9mon\n|rule|OHKO Clause: OHKO moves are banned\n|rule|Evasion Items Clause: Evasion items are banned\n|rule|Evasion Moves Clause: Evasion moves are banned\n|rule|Endless Battle Clause: Forcing endless battles is banned\n|rule|HP Percentage Mod: HP is shown in percentages\n|clearpoke\n|poke|p1|Gliscor, M|\n|poke|p1|Calyrex-Ice|\n|poke|p1|Hatterene, F|\n|poke|p1|Ursaluna-Bloodmoon, M|\n|poke|p1|Cetitan, F|\n|poke|p1|Ninetales-Alola, F|\n|poke|p2|Moltres|\n|poke|p2|Charmeleon, M|\n|poke|p2|Leafeon, M|\n|poke|p2|Zapdos|\n|poke|p2|Arcanine, M|\n|poke|p2|Talonflame, F|\n|teampreview\n|inactive|Battle timer is ON: inactive players will automatically lose when time's up. (requested by ImATrollAtThisGame)\n|\n|t:|1701002853\n|start\n|switch|p1a: Ninetales|Ninetales-Alola, F|100\/100\n|switch|p2a: Moltres|Moltres|100\/100\n|-weather|Snow|[from] ability: Snow Warning|[of] p1a: Ninetales\n|-ability|p2a: Moltres|Pressure\n|turn|1\n|\n|t:|1701002861\n|move|p1a: Ninetales|Aurora Veil|p1a: Ninetales\n|-sidestart|p1: ImATrollAtThisGame|move: Aurora Veil\n|move|p2a: Moltres|Overheat|p1a: Ninetales\n|-supereffective|p1a: Ninetales\n|-damage|p1a: Ninetales|21\/100\n|-unboost|p2a: Moltres|spa|2\n|\n|-weather|Snow|[upkeep]\n|upkeep\n|turn|2\n|\n|t:|1701002872\n|move|p1a: Ninetales|Blizzard|p2a: Moltres\n|-damage|p2a: Moltres|56\/100\n|move|p2a: Moltres|Overheat|p1a: Ninetales\n|-supereffective|p1a: Ninetales\n|-damage|p1a: Ninetales|0 fnt\n|-unboost|p2a: Moltres|spa|2\n|faint|p1a: Ninetales\n|\n|-weather|Snow|[upkeep]\n|upkeep\n|\n|t:|1701002878\n|switch|p1a: Cetitan|Cetitan, F|100\/100\n|turn|3\n|\n|t:|1701002883\n|move|p2a: Moltres|Overheat|p1a: Cetitan\n|-supereffective|p1a: Cetitan\n|-damage|p1a: Cetitan|90\/100\n|-unboost|p2a: Moltres|spa|2\n|move|p1a: Cetitan|Belly Drum|p1a: Cetitan\n|-damage|p1a: Cetitan|40\/100\n|-setboost|p1a: Cetitan|atk|6|[from] move: Belly Drum\n|\n|-weather|Snow|[upkeep]\n|upkeep\n|turn|4\n|\n|t:|1701002898\n|move|p1a: Cetitan|Ice Shard|p2a: Moltres\n|-crit|p2a: Moltres\n|-damage|p2a: Moltres|0 fnt\n|faint|p2a: Moltres\n|\n|-weather|Snow|[upkeep]\n|upkeep\n|\n|t:|1701002905\n|switch|p2a: Talonflame|Talonflame, F|100\/100\n|turn|5\n|\n|t:|1701002911\n|-terastallize|p1a: Cetitan|Ice\n|move|p1a: Cetitan|Ice Shard|p2a: Talonflame\n|-damage|p2a: Talonflame|0 fnt\n|faint|p2a: Talonflame\n|\n|-weather|none\n|upkeep\n|\n|t:|1701002917\n|switch|p2a: Charmeleon|Charmeleon, M|100\/100\n|turn|6\n|\n|t:|1701002927\n|move|p1a: Cetitan|Ice Shard|p2a: Charmeleon\n|-resisted|p2a: Charmeleon\n|-damage|p2a: Charmeleon|0 fnt\n|faint|p2a: Charmeleon\n|\n|upkeep\n|\n|t:|1701002933\n|switch|p2a: Arcanine|Arcanine, M|100\/100\n|-ability|p2a: Arcanine|Intimidate|boost\n|-unboost|p1a: Cetitan|atk|1\n|turn|7\n|\n|t:|1701002939\n|move|p1a: Cetitan|Ice Shard|p2a: Arcanine\n|-resisted|p2a: Arcanine\n|-damage|p2a: Arcanine|51\/100\n|move|p2a: Arcanine|Close Combat|p1a: Cetitan\n|-supereffective|p1a: Cetitan\n|-damage|p1a: Cetitan|9\/100\n|-unboost|p2a: Arcanine|def|1\n|-unboost|p2a: Arcanine|spd|1\n|\n|upkeep\n|turn|8\n|\n|t:|1701002947\n|move|p1a: Cetitan|Ice Shard|p2a: Arcanine\n|-resisted|p2a: Arcanine\n|-damage|p2a: Arcanine|0 fnt\n|faint|p2a: Arcanine\n|\n|-sideend|p1: ImATrollAtThisGame|move: Aurora Veil\n|upkeep\n|\n|t:|1701002953\n|switch|p2a: Zapdos|Zapdos|100\/100\n|-ability|p2a: Zapdos|Pressure\n|turn|9\n|inactive|ImATrollAtThisGame has 120 seconds left.\n|\n|t:|1701002987\n|move|p1a: Cetitan|Ice Shard|p2a: Zapdos\n|-supereffective|p2a: Zapdos\n|-damage|p2a: Zapdos|0 fnt\n|faint|p2a: Zapdos\n|\n|upkeep\n|\n|t:|1701002991\n|switch|p2a: Leafeon|Leafeon, M|100\/100\n|turn|10\n|\n|t:|1701002994\n|move|p1a: Cetitan|Ice Shard|p2a: Leafeon\n|-supereffective|p2a: Leafeon\n|-damage|p2a: Leafeon|0 fnt\n|faint|p2a: Leafeon\n|\n|win|ImATrollAtThisGame\n|raw|ImATrollAtThisGame's rating: 1143 &rarr; <strong>1159<\/strong><br \/>(+16 for winning)\n|raw|PokemonJavarRegion's rating: 1007 &rarr; <strong>1000<\/strong><br \/>(-7 for losing)\n|c|\u2606ImATrollAtThisGame|clean\n","uploadtime":1701003112,"views":2,"p1id":"imatrollatthisgame","p2id":"pokemonjavarregion","formatid":"gen9ubers","rating":1000,"private":0,"password":""}