{"id":"gen9ubers-1973943957","p1":"rustygoomba","p2":"Nagaina040501","format":"[Gen 9] Ubers","log":"|j|\u2606rustygoomba\n|j|\u2606Nagaina040501\n|t:|1698031096\n|gametype|singles\n|player|p1|rustygoomba|policeman-gen8|\n|player|p2|Nagaina040501|sailor|\n|teamsize|p1|6\n|teamsize|p2|6\n|gen|9\n|tier|[Gen 9] Ubers\n|rule|Sleep Clause Mod: Limit one foe put to sleep\n|rule|Species Clause: Limit one of each Pok\u00e9mon\n|rule|OHKO Clause: OHKO moves are banned\n|rule|Evasion Items Clause: Evasion items are banned\n|rule|Evasion Moves Clause: Evasion moves are banned\n|rule|Endless Battle Clause: Forcing endless battles is banned\n|rule|HP Percentage Mod: HP is shown in percentages\n|clearpoke\n|poke|p1|Tauros-Paldea-Blaze, M|\n|poke|p1|Clodsire, F|\n|poke|p1|Mew|\n|poke|p1|Iron Bundle|\n|poke|p1|Roaring Moon|\n|poke|p1|Frosmoth, F|\n|poke|p2|Baxcalibur, F|\n|poke|p2|Grimmsnarl, M|\n|poke|p2|Ursaluna-Bloodmoon, M|\n|poke|p2|Zapdos|\n|poke|p2|Slowking-Galar, F|\n|poke|p2|Toxapex, M|\n|teampreview\n|\n|t:|1698031125\n|start\n|switch|p1a: Mew|Mew|100\/100\n|switch|p2a: Claws|Baxcalibur, F|100\/100\n|turn|1\n|\n|t:|1698031136\n|move|p1a: Mew|Volt Switch|p2a: Claws\n|-resisted|p2a: Claws\n|-damage|p2a: Claws|91\/100\n|\n|t:|1698031140\n|switch|p1a: Tauros|Tauros-Paldea-Blaze, M|100\/100|[from] Volt Switch\n|-ability|p1a: Tauros|Intimidate|boost\n|-unboost|p2a: Claws|atk|1\n|move|p2a: Claws|Dragon Dance|p2a: Claws\n|-boost|p2a: Claws|atk|1\n|-boost|p2a: Claws|spe|1\n|\n|upkeep\n|turn|2\n|\n|t:|1698031159\n|move|p2a: Claws|Glaive Rush|p1a: Tauros\n|-damage|p1a: Tauros|52\/100\n|-singlemove|p2a: Claws|Glaive Rush|[silent]\n|move|p1a: Tauros|Bulk Up|p1a: Tauros\n|-boost|p1a: Tauros|atk|1\n|-boost|p1a: Tauros|def|1\n|\n|-heal|p1a: Tauros|58\/100|[from] item: Leftovers\n|upkeep\n|turn|3\n|\n|t:|1698031229\n|switch|p2a: HerDer|Slowking-Galar, F|100\/100\n|move|p1a: Tauros|Body Press|p2a: HerDer\n|-resisted|p2a: HerDer\n|-damage|p2a: HerDer|86\/100\n|\n|-heal|p1a: Tauros|64\/100|[from] item: Leftovers\n|-heal|p2a: HerDer|92\/100|[from] item: Leftovers\n|upkeep\n|turn|4\n|\n|t:|1698031241\n|move|p1a: Tauros|Raging Bull|p2a: HerDer\n|-damage|p2a: HerDer|41\/100\n|move|p2a: HerDer|Psychic|p1a: Tauros\n|-supereffective|p1a: Tauros\n|-damage|p1a: Tauros|0 fnt\n|faint|p1a: Tauros\n|\n|-heal|p2a: HerDer|47\/100|[from] item: Leftovers\n|upkeep\n|\n|t:|1698031250\n|switch|p1a: Mew|Mew|100\/100\n|turn|5\n|\n|t:|1698031261\n|switch|p2a: Real Gone|Zapdos|100\/100\n|move|p1a: Mew|Stealth Rock|p2a: Real Gone\n|-sidestart|p2: Nagaina040501|move: Stealth Rock\n|\n|upkeep\n|turn|6\n|j| Nuttyr\n|\n|t:|1698031275\n|move|p2a: Real Gone|Volt Switch|p1a: Mew\n|-damage|p1a: Mew|65\/100\n|\n|t:|1698031278\n|switch|p2a: HerDer|Slowking-Galar, F|80\/100|[from] Volt Switch\n|-damage|p2a: HerDer|68\/100|[from] Stealth Rock\n|move|p1a: Mew|Volt Switch|p2a: HerDer\n|-damage|p2a: HerDer|55\/100\n|\n|t:|1698031288\n|switch|p1a: Clodsire|Clodsire, F|100\/100|[from] Volt Switch\n|\n|-heal|p2a: HerDer|61\/100|[from] item: Leftovers\n|upkeep\n|turn|7\n|\n|t:|1698031374\n|switch|p2a: Claws|Baxcalibur, F|91\/100\n|-damage|p2a: Claws|66\/100|[from] Stealth Rock\n|move|p1a: Clodsire|Earthquake|p2a: Claws\n|-damage|p2a: Claws|39\/100\n|\n|upkeep\n|turn|8\n|\n|t:|1698031386\n|move|p2a: Claws|Glaive Rush|p1a: Clodsire\n|-damage|p1a: Clodsire|15\/100\n|-singlemove|p2a: Claws|Glaive Rush|[silent]\n|move|p1a: Clodsire|Toxic|p2a: Claws\n|-status|p2a: Claws|tox\n|\n|-heal|p1a: Clodsire|21\/100|[from] item: Black Sludge\n|-damage|p2a: Claws|32\/100 tox|[from] psn\n|upkeep\n|turn|9\n|\n|t:|1698031399\n|move|p1a: Clodsire|Protect|p1a: Clodsire\n|-singleturn|p1a: Clodsire|Protect\n|move|p2a: Claws|Ice Shard|p1a: Clodsire\n|-activate|p1a: Clodsire|move: Protect\n|\n|-heal|p1a: Clodsire|27\/100|[from] item: Black Sludge\n|-damage|p2a: Claws|20\/100 tox|[from] psn\n|upkeep\n|turn|10\n|j| RektCactus\n|\n|t:|1698031410\n|switch|p1a: Mew|Mew|65\/100\n|move|p2a: Claws|Ice Shard|p1a: Mew\n|-damage|p1a: Mew|41\/100\n|\n|-damage|p2a: Claws|1\/100 tox|[from] psn\n|upkeep\n|turn|11\n|\n|t:|1698031427\n|move|p1a: Mew|Volt Switch|p2a: Claws\n|-resisted|p2a: Claws\n|-damage|p2a: Claws|0 fnt\n|faint|p2a: Claws\n|\n|t:|1698031433\n|switch|p1a: Roaring Moon|Roaring Moon|100\/100|[from] Volt Switch\n|\n|upkeep\n|\n|t:|1698031447\n|switch|p2a: Grizzly|Ursaluna-Bloodmoon, M|100\/100\n|-damage|p2a: Grizzly|95\/100|[from] Stealth Rock\n|turn|12\n|\n|t:|1698031458\n|-terastallize|p2a: Grizzly|Normal\n|move|p1a: Roaring Moon|Knock Off|p2a: Grizzly\n|-damage|p2a: Grizzly|26\/100\n|-enditem|p2a: Grizzly|Assault Vest|[from] move: Knock Off|[of] p1a: Roaring Moon\n|move|p2a: Grizzly|Blood Moon|p1a: Roaring Moon\n|-damage|p1a: Roaring Moon|2\/100\n|\n|upkeep\n|turn|13\n|\n|t:|1698031466\n|move|p2a: Grizzly|Vacuum Wave|p1a: Roaring Moon\n|-supereffective|p1a: Roaring Moon\n|-damage|p1a: Roaring Moon|0 fnt\n|faint|p1a: Roaring Moon\n|-end|p1a: Roaring Moon|Protosynthesis|[silent]\n|\n|upkeep\n|\n|t:|1698031473\n|switch|p1a: Frosmoth|Frosmoth, F|100\/100\n|turn|14\n|\n|t:|1698031527\n|switch|p1a: Clodsire|Clodsire, F|27\/100\n|move|p2a: Grizzly|Blood Moon|p1a: Clodsire\n|-damage|p1a: Clodsire|0 fnt\n|faint|p1a: Clodsire\n|\n|upkeep\n|\n|t:|1698031539\n|switch|p1a: Mew|Mew|41\/100\n|turn|15\n|\n|t:|1698031553\n|switch|p2a: Real Gone|Zapdos|100\/100\n|move|p1a: Mew|Steel Beam|p2a: Real Gone\n|-resisted|p2a: Real Gone\n|-damage|p2a: Real Gone|77\/100\n|-damage|p1a: Mew|0 fnt|[from] steelbeam\n|faint|p1a: Mew\n|\n|upkeep\n|\n|t:|1698031561\n|switch|p1a: Iron Bundle|Iron Bundle|100\/100\n|turn|16\n|\n|t:|1698031617\n|move|p1a: Iron Bundle|Freeze-Dry|p2a: Real Gone\n|-supereffective|p2a: Real Gone\n|-damage|p2a: Real Gone|0 fnt\n|faint|p2a: Real Gone\n|\n|upkeep\n|\n|t:|1698031627\n|switch|p2a: Julie|Toxapex, M|100\/100\n|-damage|p2a: Julie|88\/100|[from] Stealth Rock\n|turn|17\n|\n|t:|1698031638\n|move|p1a: Iron Bundle|Freeze-Dry|p2a: Julie\n|-supereffective|p2a: Julie\n|-damage|p2a: Julie|0 fnt\n|faint|p2a: Julie\n|\n|upkeep\n|\n|t:|1698031652\n|switch|p2a: HerDer|Slowking-Galar, F|94\/100\n|-damage|p2a: HerDer|82\/100|[from] Stealth Rock\n|turn|18\n|\n|t:|1698031667\n|-end|p1a: Iron Bundle|Quark Drive|[silent]\n|switch|p1a: Frosmoth|Frosmoth, F|100\/100\n|move|p2a: HerDer|Sludge Bomb|p1a: Frosmoth\n|-damage|p1a: Frosmoth|49\/100\n|\n|-heal|p2a: HerDer|88\/100|[from] item: Leftovers\n|upkeep\n|turn|19\n|\n|t:|1698031697\n|-terastallize|p1a: Frosmoth|Ground\n|move|p1a: Frosmoth|Quiver Dance|p1a: Frosmoth\n|-boost|p1a: Frosmoth|spa|1\n|-boost|p1a: Frosmoth|spd|1\n|-boost|p1a: Frosmoth|spe|1\n|move|p2a: HerDer|Sludge Bomb|p1a: Frosmoth\n|-resisted|p1a: Frosmoth\n|-damage|p1a: Frosmoth|34\/100\n|\n|-heal|p2a: HerDer|94\/100|[from] item: Leftovers\n|upkeep\n|turn|20\n|\n|t:|1698031730\n|move|p1a: Frosmoth|Ice Beam|p2a: HerDer\n|-damage|p2a: HerDer|46\/100\n|move|p2a: HerDer|Psychic|p1a: Frosmoth\n|-damage|p1a: Frosmoth|3\/100\n|\n|-heal|p2a: HerDer|52\/100|[from] item: Leftovers\n|upkeep\n|turn|21\n|\n|t:|1698031759\n|move|p1a: Frosmoth|Ice Beam|p2a: HerDer\n|-damage|p2a: HerDer|3\/100\n|move|p2a: HerDer|Psychic|p1a: Frosmoth\n|-damage|p1a: Frosmoth|0 fnt\n|faint|p1a: Frosmoth\n|\n|-heal|p2a: HerDer|9\/100|[from] item: Leftovers\n|upkeep\n|\n|t:|1698031767\n|switch|p1a: Iron Bundle|Iron Bundle|100\/100\n|turn|22\n|\n|t:|1698031778\n|move|p1a: Iron Bundle|Ice Beam|p2a: HerDer\n|-damage|p2a: HerDer|0 fnt\n|faint|p2a: HerDer\n|\n|upkeep\n|\n|t:|1698031782\n|switch|p2a: Joker|Grimmsnarl, M|100\/100\n|-damage|p2a: Joker|88\/100|[from] Stealth Rock\n|turn|23\n|\n|t:|1698031791\n|move|p2a: Joker|Reflect|p2a: Joker\n|-sidestart|p2: Nagaina040501|Reflect\n|move|p1a: Iron Bundle|Ice Beam|p2a: Joker\n|-damage|p2a: Joker|17\/100\n|\n|upkeep\n|turn|24\n|\n|t:|1698031802\n|move|p2a: Joker|Light Screen|p2a: Joker\n|-sidestart|p2: Nagaina040501|move: Light Screen\n|move|p1a: Iron Bundle|Ice Beam|p2a: Joker\n|-damage|p2a: Joker|0 fnt\n|faint|p2a: Joker\n|\n|upkeep\n|\n|t:|1698031807\n|switch|p2a: Grizzly|Ursaluna-Bloodmoon, M, tera:Normal|26\/100\n|-damage|p2a: Grizzly|14\/100|[from] Stealth Rock\n|turn|25\n|\n|t:|1698031813\n|move|p1a: Iron Bundle|Ice Beam|p2a: Grizzly\n|-damage|p2a: Grizzly|0 fnt\n|faint|p2a: Grizzly\n|\n|win|rustygoomba\n","uploadtime":1698031818,"views":8,"p1id":"rustygoomba","p2id":"nagaina040501","formatid":"gen9ubers","rating":0,"private":0,"password":""}