{"id":"gen9ubers-1977781872","p1":"PinkScourge","p2":"uubers account","format":"[Gen 9] Ubers","log":"|j|\u2606PinkScourge\n|j|\u2606uubers account\n|t:|1698448909\n|gametype|singles\n|player|p1|PinkScourge|bede-leader|\n|player|p2|uubers account|1|\n|teamsize|p1|6\n|teamsize|p2|6\n|gen|9\n|tier|[Gen 9] Ubers\n|rule|Sleep Clause Mod: Limit one foe put to sleep\n|rule|Species Clause: Limit one of each Pok\u00e9mon\n|rule|OHKO Clause: OHKO moves are banned\n|rule|Evasion Items Clause: Evasion items are banned\n|rule|Evasion Moves Clause: Evasion moves are banned\n|rule|Endless Battle Clause: Forcing endless battles is banned\n|rule|HP Percentage Mod: HP is shown in percentages\n|clearpoke\n|poke|p1|Scream Tail|\n|poke|p1|Alomomola, F|\n|poke|p1|Arceus-Fire|\n|poke|p1|Zacian-*|\n|poke|p1|Amoonguss, F|\n|poke|p1|Weezing-Galar, F|\n|poke|p2|Shaymin-Sky|\n|poke|p2|Kommo-o, F|\n|poke|p2|Cyclizar, M|\n|poke|p2|Magearna|\n|poke|p2|Arceus-Poison|\n|poke|p2|Chi-Yu|\n|teampreview\n|inactive|Battle timer is ON: inactive players will automatically lose when time's up. (requested by PinkScourge)\n|c|\u2606uubers account|glhf\n|c|\u2606PinkScourge|GL HF\n|\n|t:|1698448931\n|start\n|switch|p1a: Arceus|Arceus-Fire|100\/100\n|switch|p2a: Magearna|Magearna|100\/100\n|turn|1\n|\n|t:|1698448944\n|move|p1a: Arceus|Will-O-Wisp|p2a: Magearna\n|-status|p2a: Magearna|brn\n|move|p2a: Magearna|Thunder Wave|p1a: Arceus\n|-status|p1a: Arceus|par\n|\n|-damage|p2a: Magearna|94\/100 brn|[from] brn\n|upkeep\n|turn|2\n|\n|t:|1698448951\n|switch|p2a: Arceus|Arceus-Poison|100\/100\n|move|p1a: Arceus|Judgment|p2a: Arceus\n|-damage|p2a: Arceus|62\/100\n|\n|upkeep\n|turn|3\n|\n|t:|1698448961\n|move|p2a: Arceus|Recover|p2a: Arceus\n|-heal|p2a: Arceus|100\/100\n|move|p1a: Arceus|Will-O-Wisp|p2a: Arceus\n|-status|p2a: Arceus|brn\n|\n|-damage|p2a: Arceus|94\/100 brn|[from] brn\n|upkeep\n|turn|4\n|\n|t:|1698448969\n|move|p2a: Arceus|Earthquake|p1a: Arceus\n|-supereffective|p1a: Arceus\n|-damage|p1a: Arceus|76\/100 par\n|move|p1a: Arceus|Perish Song|p1a: Arceus\n|-start|p1a: Arceus|perish3|[silent]\n|-start|p2a: Arceus|perish3|[silent]\n|-fieldactivate|move: Perish Song\n|\n|-damage|p2a: Arceus|88\/100 brn|[from] brn\n|-start|p2a: Arceus|perish3\n|-start|p1a: Arceus|perish3\n|upkeep\n|turn|5\n|\n|t:|1698448976\n|switch|p2a: Cyclizar|Cyclizar, M|100\/100\n|switch|p1a: Amoonguss|Amoonguss, F|100\/100\n|\n|upkeep\n|turn|6\n|\n|t:|1698448987\n|switch|p1a: Scream Tail|Scream Tail|100\/100\n|move|p2a: Cyclizar|Taunt|p1a: Scream Tail\n|-start|p1a: Scream Tail|move: Taunt\n|\n|upkeep\n|turn|7\n|\n|t:|1698448991\n|-end|p1a: Scream Tail|Protosynthesis|[silent]\n|switch|p1a: Arceus|Arceus-Fire|76\/100 par\n|move|p2a: Cyclizar|Shed Tail|p2a: Cyclizar\n|-start|p2a: Cyclizar|Substitute|[from] move: Shed Tail\n|-damage|p2a: Cyclizar|50\/100\n|\n|t:|1698448993\n|switch|p2a: Kommo-o|Kommo-o, F|100\/100|[from] Shed Tail\n|\n|upkeep\n|turn|8\n|\n|t:|1698449002\n|move|p2a: Kommo-o|Clangorous Soul|p2a: Kommo-o\n|-boost|p2a: Kommo-o|atk|1\n|-boost|p2a: Kommo-o|def|1\n|-boost|p2a: Kommo-o|spa|1\n|-boost|p2a: Kommo-o|spd|1\n|-boost|p2a: Kommo-o|spe|1\n|-damage|p2a: Kommo-o|68\/100\n|-enditem|p2a: Kommo-o|Throat Spray\n|-boost|p2a: Kommo-o|spa|1|[from] item: Throat Spray\n|cant|p1a: Arceus|par\n|\n|upkeep\n|turn|9\n|\n|t:|1698449014\n|move|p2a: Kommo-o|Clanging Scales|p1a: Arceus\n|-damage|p1a: Arceus|31\/100 par\n|-unboost|p2a: Kommo-o|def|1\n|cant|p1a: Arceus|par\n|\n|upkeep\n|turn|10\n|\n|t:|1698449021\n|switch|p1a: Scream Tail|Scream Tail|100\/100\n|move|p2a: Kommo-o|Clanging Scales|p1a: Scream Tail\n|-immune|p1a: Scream Tail\n|\n|upkeep\n|turn|11\n|\n|t:|1698449028\n|move|p2a: Kommo-o|Flash Cannon|p1a: Scream Tail\n|-supereffective|p1a: Scream Tail\n|-damage|p1a: Scream Tail|49\/100\n|-unboost|p1a: Scream Tail|spd|1\n|move|p1a: Scream Tail|Perish Song|p1a: Scream Tail\n|-start|p1a: Scream Tail|perish3|[silent]\n|-immune|p2a: Kommo-o|[from] ability: Soundproof\n|-fieldactivate|move: Perish Song\n|\n|-heal|p1a: Scream Tail|56\/100|[from] item: Leftovers\n|-start|p1a: Scream Tail|perish3\n|upkeep\n|turn|12\n|\n|t:|1698449034\n|move|p1a: Scream Tail|Protect|p1a: Scream Tail\n|-singleturn|p1a: Scream Tail|Protect\n|move|p2a: Kommo-o|Flash Cannon|p1a: Scream Tail\n|-activate|p1a: Scream Tail|move: Protect\n|\n|-heal|p1a: Scream Tail|62\/100|[from] item: Leftovers\n|-start|p1a: Scream Tail|perish2\n|upkeep\n|turn|13\n|\n|t:|1698449039\n|-end|p1a: Scream Tail|Protosynthesis|[silent]\n|switch|p1a: Alomomola|Alomomola, F|100\/100\n|-terastallize|p2a: Kommo-o|Steel\n|move|p2a: Kommo-o|Flash Cannon|p1a: Alomomola\n|-resisted|p1a: Alomomola\n|-damage|p1a: Alomomola|67\/100\n|\n|upkeep\n|turn|14\n|\n|t:|1698449045\n|move|p2a: Kommo-o|Clanging Scales|p1a: Alomomola\n|-damage|p1a: Alomomola|0 fnt\n|faint|p1a: Alomomola\n|-unboost|p2a: Kommo-o|def|1\n|\n|upkeep\n|\n|t:|1698449053\n|switch|p1a: Weezing|Weezing-Galar, F, shiny|100\/100\n|-fieldstart|move: Misty Terrain|[from] ability: Misty Surge|[of] p1a: Weezing\n|turn|15\n|c|\u2606uubers account|soudproof is cracked\n|\n|t:|1698449058\n|move|p2a: Kommo-o|Flash Cannon|p1a: Weezing\n|-supereffective|p1a: Weezing\n|-damage|p1a: Weezing|0 fnt\n|faint|p1a: Weezing\n|\n|upkeep\n|c|\u2606PinkScourge|Yeah... Inmune to Roar\n|\n|t:|1698449067\n|switch|p1a: Zacian|Zacian|100\/100\n|-ability|p1a: Zacian|Intrepid Sword|boost\n|-boost|p1a: Zacian|atk|1\n|turn|16\n|\n|t:|1698449072\n|move|p2a: Kommo-o|Flash Cannon|p1a: Zacian\n|-supereffective|p1a: Zacian\n|-damage|p1a: Zacian|0 fnt\n|faint|p1a: Zacian\n|\n|upkeep\n|\n|t:|1698449077\n|switch|p1a: Amoonguss|Amoonguss, F|100\/100\n|turn|17\n|c|\u2606PinkScourge|GG\n|\n|t:|1698449085\n|move|p2a: Kommo-o|Flash Cannon|p1a: Amoonguss\n|-damage|p1a: Amoonguss|50\/100\n|move|p1a: Amoonguss|Giga Drain|p2a: Kommo-o\n|-resisted|p2a: Kommo-o\n|-activate|p2a: Kommo-o|move: Substitute|[damage]\n|-heal|p1a: Amoonguss|52\/100|[from] drain|[of] p2a: Kommo-o\n|\n|upkeep\n|turn|18\n|\n|t:|1698449092\n|move|p2a: Kommo-o|Flash Cannon|p1a: Amoonguss\n|-crit|p1a: Amoonguss\n|-damage|p1a: Amoonguss|0 fnt\n|faint|p1a: Amoonguss\n|\n|upkeep\n|c|\u2606uubers account|gg\n|-message|PinkScourge forfeited.\n|\n|win|uubers account\n|l|\u2606PinkScourge\n","uploadtime":1698449106,"views":16,"p1id":"pinkscourge","p2id":"uubersaccount","formatid":"gen9ubers","rating":0,"private":0,"password":""}