{"id":"gen9ubers-1976379662","p1":"Anne Frankkkk","p2":"uuummm","format":"[Gen 9] Ubers","log":"|j|\u2606Anne Frankkkk\n|j|\u2606uuummm\n|t:|1698293731\n|gametype|singles\n|player|p1|Anne Frankkkk|hilbert|1130\n|player|p2|uuummm|1|1174\n|teamsize|p1|6\n|teamsize|p2|6\n|gen|9\n|tier|[Gen 9] Ubers\n|rated|\n|rule|Sleep Clause Mod: Limit one foe put to sleep\n|rule|Species Clause: Limit one of each Pok\u00e9mon\n|rule|OHKO Clause: OHKO moves are banned\n|rule|Evasion Items Clause: Evasion items are banned\n|rule|Evasion Moves Clause: Evasion moves are banned\n|rule|Endless Battle Clause: Forcing endless battles is banned\n|rule|HP Percentage Mod: HP is shown in percentages\n|clearpoke\n|poke|p1|Iron Hands|\n|poke|p1|Kyogre|\n|poke|p1|Chien-Pao|\n|poke|p1|Ribombee, F|\n|poke|p1|Miraidon|\n|poke|p1|Flutter Mane|\n|poke|p2|Urshifu-*, F|\n|poke|p2|Magearna|\n|poke|p2|Kyogre|\n|poke|p2|Landorus-Therian, M|\n|poke|p2|Ogerpon-Hearthflame, F|\n|poke|p2|Quagsire, M|\n|teampreview\n|\n|t:|1698293745\n|start\n|switch|p1a: Moonblast|Ribombee, F, shiny|100\/100\n|switch|p2a: Ogerpon|Ogerpon-Hearthflame, F|100\/100\n|-ability|p2a: Ogerpon|Mold Breaker\n|turn|1\n|\n|t:|1698293750\n|move|p1a: Moonblast|Sticky Web|p2a: Ogerpon\n|-sidestart|p2: uuummm|move: Sticky Web\n|move|p2a: Ogerpon|Ivy Cudgel|p1a: Moonblast\n|-supereffective|p1a: Moonblast\n|-enditem|p1a: Moonblast|Focus Sash\n|-damage|p1a: Moonblast|1\/100\n|\n|upkeep\n|turn|2\n|inactive|Battle timer is ON: inactive players will automatically lose when time's up. (requested by Anne Frankkkk)\n|\n|t:|1698293756\n|move|p1a: Moonblast|Stun Spore|p2a: Ogerpon\n|-immune|p2a: Ogerpon\n|move|p2a: Ogerpon|Trailblaze|p1a: Moonblast\n|-resisted|p1a: Moonblast\n|-damage|p1a: Moonblast|0 fnt\n|-boost|p2a: Ogerpon|spe|1\n|faint|p1a: Moonblast\n|\n|upkeep\n|\n|t:|1698293762\n|switch|p1a: Misdreavius|Flutter Mane, shiny|100\/100\n|-enditem|p1a: Misdreavius|Booster Energy\n|-activate|p1a: Misdreavius|ability: Protosynthesis|[fromitem]\n|-start|p1a: Misdreavius|protosynthesisspe\n|turn|3\n|inactive|uuummm has 120 seconds left.\n|\n|t:|1698293819\n|move|p1a: Misdreavius|Power Gem|p2a: Ogerpon\n|-supereffective|p2a: Ogerpon\n|-damage|p2a: Ogerpon|37\/100\n|move|p2a: Ogerpon|Ivy Cudgel|p1a: Misdreavius\n|-damage|p1a: Misdreavius|0 fnt\n|faint|p1a: Misdreavius\n|-end|p1a: Misdreavius|Protosynthesis|[silent]\n|\n|upkeep\n|\n|t:|1698293824\n|switch|p1a: Ice Cat|Chien-Pao|100\/100\n|-ability|p1a: Ice Cat|Sword of Ruin\n|turn|4\n|\n|t:|1698293829\n|move|p1a: Ice Cat|Sucker Punch||[still]\n|-fail|p1a: Ice Cat\n|move|p2a: Ogerpon|Swords Dance|p2a: Ogerpon\n|-boost|p2a: Ogerpon|atk|2\n|\n|upkeep\n|turn|5\n|\n|t:|1698293834\n|move|p1a: Ice Cat|Sucker Punch|p2a: Ogerpon\n|-damage|p2a: Ogerpon|0 fnt\n|faint|p2a: Ogerpon\n|-damage|p1a: Ice Cat|91\/100|[from] item: Life Orb\n|\n|upkeep\n|\n|t:|1698293838\n|switch|p2a: Quagsire|Quagsire, M|100\/100\n|-activate|p2a: Quagsire|move: Sticky Web\n|-unboost|p2a: Quagsire|spe|1\n|turn|6\n|\n|t:|1698293850\n|switch|p1a: Big Boy|Iron Hands, shiny|100\/100\n|move|p2a: Quagsire|Toxic|p1a: Big Boy\n|-status|p1a: Big Boy|tox\n|\n|-damage|p1a: Big Boy|94\/100 tox|[from] psn\n|upkeep\n|turn|7\n|\n|t:|1698293853\n|move|p1a: Big Boy|Fake Out|p2a: Quagsire\n|-damage|p2a: Quagsire|86\/100\n|cant|p2a: Quagsire|flinch\n|\n|-heal|p2a: Quagsire|92\/100|[from] item: Leftovers\n|-damage|p1a: Big Boy|82\/100 tox|[from] psn\n|upkeep\n|turn|8\n|\n|t:|1698293858\n|move|p1a: Big Boy|Drain Punch|p2a: Quagsire\n|-damage|p2a: Quagsire|54\/100\n|-heal|p1a: Big Boy|95\/100 tox|[from] drain|[of] p2a: Quagsire\n|move|p2a: Quagsire|Earthquake|p1a: Big Boy\n|-supereffective|p1a: Big Boy\n|-damage|p1a: Big Boy|58\/100 tox\n|\n|-heal|p2a: Quagsire|60\/100|[from] item: Leftovers\n|-damage|p1a: Big Boy|40\/100 tox|[from] psn\n|upkeep\n|turn|9\n|\n|t:|1698293864\n|switch|p2a: Landorus|Landorus-Therian, M|100\/100\n|-ability|p2a: Landorus|Intimidate|boost\n|-unboost|p1a: Big Boy|atk|1\n|move|p1a: Big Boy|Drain Punch|p2a: Landorus\n|-resisted|p2a: Landorus\n|-damage|p2a: Landorus|89\/100\n|-heal|p1a: Big Boy|44\/100 tox|[from] drain|[of] p2a: Landorus\n|\n|-heal|p2a: Landorus|96\/100|[from] item: Leftovers\n|-damage|p1a: Big Boy|19\/100 tox|[from] psn\n|upkeep\n|turn|10\n|\n|t:|1698293872\n|move|p2a: Landorus|Stealth Rock|p1a: Big Boy\n|-sidestart|p1: Anne Frankkkk|move: Stealth Rock\n|move|p1a: Big Boy|Drain Punch|p2a: Landorus\n|-resisted|p2a: Landorus\n|-damage|p2a: Landorus|85\/100\n|-heal|p1a: Big Boy|23\/100 tox|[from] drain|[of] p2a: Landorus\n|\n|-heal|p2a: Landorus|91\/100|[from] item: Leftovers\n|-damage|p1a: Big Boy|0 fnt|[from] psn\n|faint|p1a: Big Boy\n|-end|p1a: Big Boy|Quark Drive|[silent]\n|upkeep\n|\n|t:|1698293876\n|switch|p1a: Ice Cat|Chien-Pao|91\/100\n|-damage|p1a: Ice Cat|66\/100|[from] Stealth Rock\n|-ability|p1a: Ice Cat|Sword of Ruin\n|turn|11\n|\n|t:|1698293890\n|switch|p2a: Magearna|Magearna|100\/100\n|-activate|p2a: Magearna|move: Sticky Web\n|-unboost|p2a: Magearna|spe|1\n|move|p1a: Ice Cat|Swords Dance|p1a: Ice Cat\n|-boost|p1a: Ice Cat|atk|2\n|\n|upkeep\n|turn|12\n|\n|t:|1698293897\n|move|p1a: Ice Cat|Sacred Sword|p2a: Magearna\n|-damage|p2a: Magearna|27\/100\n|-damage|p1a: Ice Cat|56\/100|[from] item: Life Orb\n|move|p2a: Magearna|Draining Kiss|p1a: Ice Cat\n|-supereffective|p1a: Ice Cat\n|-damage|p1a: Ice Cat|0 fnt\n|-heal|p2a: Magearna|61\/100|[from] drain|[of] p1a: Ice Cat\n|faint|p1a: Ice Cat\n|-ability|p2a: Magearna|Soul-Heart|boost\n|-boost|p2a: Magearna|spa|1\n|\n|-heal|p2a: Magearna|67\/100|[from] item: Leftovers\n|upkeep\n|\n|t:|1698293904\n|switch|p1a: OHKO|Kyogre|100\/100\n|-damage|p1a: OHKO|88\/100|[from] Stealth Rock\n|-weather|RainDance|[from] ability: Drizzle|[of] p1a: OHKO\n|turn|13\n|\n|t:|1698293909\n|move|p1a: OHKO|Water Spout|p2a: Magearna\n|-crit|p2a: Magearna\n|-damage|p2a: Magearna|0 fnt\n|faint|p2a: Magearna\n|\n|-weather|RainDance|[upkeep]\n|upkeep\n|\n|t:|1698293920\n|switch|p2a: Landorus|Landorus-Therian, M|91\/100\n|-ability|p2a: Landorus|Intimidate|boost\n|-unboost|p1a: OHKO|atk|1\n|turn|14\n|\n|t:|1698293926\n|move|p1a: OHKO|Water Spout|p2a: Landorus\n|-supereffective|p2a: Landorus\n|-damage|p2a: Landorus|0 fnt\n|faint|p2a: Landorus\n|\n|-weather|RainDance|[upkeep]\n|upkeep\n|\n|t:|1698293929\n|switch|p2a: Quagsire|Quagsire, M|60\/100\n|-activate|p2a: Quagsire|move: Sticky Web\n|-unboost|p2a: Quagsire|spe|1\n|turn|15\n|\n|t:|1698293934\n|move|p1a: OHKO|Water Spout|p2a: Quagsire\n|-damage|p2a: Quagsire|0 fnt\n|faint|p2a: Quagsire\n|\n|-weather|RainDance|[upkeep]\n|upkeep\n|\n|t:|1698293939\n|switch|p2a: Kyogre|Kyogre|100\/100\n|turn|16\n|\n|t:|1698293948\n|switch|p1a: Cyber Lizard|Miraidon|100\/100\n|-damage|p1a: Cyber Lizard|88\/100|[from] Stealth Rock\n|-fieldstart|move: Electric Terrain|[from] ability: Hadron Engine|[of] p1a: Cyber Lizard\n|-item|p1a: Cyber Lizard|Air Balloon\n|move|p2a: Kyogre|Thunder Wave|p1a: Cyber Lizard\n|-immune|p1a: Cyber Lizard\n|\n|-weather|RainDance|[upkeep]\n|upkeep\n|turn|17\n|\n|t:|1698293953\n|-terastallize|p2a: Kyogre|Fairy\n|move|p1a: Cyber Lizard|Electro Drift|p2a: Kyogre\n|-damage|p2a: Kyogre|53\/100\n|move|p2a: Kyogre|Ice Beam|p1a: Cyber Lizard\n|-supereffective|p1a: Cyber Lizard\n|-damage|p1a: Cyber Lizard|17\/100\n|-enditem|p1a: Cyber Lizard|Air Balloon\n|\n|-weather|none\n|upkeep\n|turn|18\n|\n|t:|1698293960\n|move|p1a: Cyber Lizard|Electro Drift|p2a: Kyogre\n|-damage|p2a: Kyogre|0 fnt\n|faint|p2a: Kyogre\n|\n|upkeep\n|\n|t:|1698293962\n|switch|p2a: Urshifu|Urshifu-Rapid-Strike, F|100\/100\n|-activate|p2a: Urshifu|move: Sticky Web\n|-unboost|p2a: Urshifu|spe|1\n|turn|19\n|\n|t:|1698293966\n|move|p1a: Cyber Lizard|Electro Drift|p2a: Urshifu\n|-supereffective|p2a: Urshifu\n|-damage|p2a: Urshifu|0 fnt\n|faint|p2a: Urshifu\n|\n|win|Anne Frankkkk\n|raw|Anne Frankkkk's rating: 1130 &rarr; <strong>1158<\/strong><br \/>(+28 for winning)\n|raw|uuummm's rating: 1174 &rarr; <strong>1146<\/strong><br \/>(-28 for losing)\n|l|\u2606uuummm\n","uploadtime":1698293973,"views":12,"p1id":"annefrankkkk","p2id":"uuummm","formatid":"gen9ubers","rating":1146,"private":0,"password":""}