{"id":"gen9ubers-1978182476","p1":"Future king of ou","p2":"Abel020403","format":"[Gen 9] Ubers","log":"|j|\u2606Future king of ou\n|j|\u2606Abel020403\n|t:|1698508955\n|gametype|singles\n|player|p1|Future king of ou|heroine-conquest|\n|player|p2|Abel020403|lucas|\n|teamsize|p1|6\n|teamsize|p2|6\n|gen|9\n|tier|[Gen 9] Ubers\n|rated|Tournament battle\n|rule|Sleep Clause Mod: Limit one foe put to sleep\n|rule|Species Clause: Limit one of each Pok\u00e9mon\n|rule|OHKO Clause: OHKO moves are banned\n|rule|Evasion Items Clause: Evasion items are banned\n|rule|Evasion Moves Clause: Evasion moves are banned\n|rule|Endless Battle Clause: Forcing endless battles is banned\n|rule|HP Percentage Mod: HP is shown in percentages\n|clearpoke\n|poke|p1|Skeledirge, M|\n|poke|p1|Kyogre|\n|poke|p1|Zacian-*|\n|poke|p1|Koraidon|\n|poke|p1|Arceus|\n|poke|p1|Clodsire, F|\n|poke|p2|Koraidon|\n|poke|p2|Zacian-*|\n|poke|p2|Flutter Mane|\n|poke|p2|Groudon|\n|poke|p2|Arceus|\n|poke|p2|Urshifu-*, M|\n|teampreview\n|\n|t:|1698508994\n|start\n|switch|p1a: Kyogre|Kyogre|100\/100\n|switch|p2a: Koraidon|Koraidon|100\/100\n|-weather|SunnyDay|[from] ability: Orichalcum Pulse|[of] p2a: Koraidon\n|-activate|p2a: Koraidon|Orichalcum Pulse|[source]\n|-weather|RainDance|[from] ability: Drizzle|[of] p1a: Kyogre\n|turn|1\n|\n|t:|1698509003\n|move|p2a: Koraidon|Swords Dance|p2a: Koraidon\n|-boost|p2a: Koraidon|atk|2\n|move|p1a: Kyogre|Ice Beam|p2a: Koraidon\n|-supereffective|p2a: Koraidon\n|-damage|p2a: Koraidon|0 fnt\n|faint|p2a: Koraidon\n|\n|-weather|RainDance|[upkeep]\n|upkeep\n|\n|t:|1698509011\n|switch|p2a: Zacian|Zacian-Crowned|100\/100\n|-ability|p2a: Zacian|Intrepid Sword|boost\n|-boost|p2a: Zacian|atk|1\n|turn|2\n|\n|t:|1698509014\n|switch|p1a: Skeledirge|Skeledirge, M|100\/100\n|move|p2a: Zacian|Psychic Fangs|p1a: Skeledirge\n|-crit|p1a: Skeledirge\n|-damage|p1a: Skeledirge|71\/100\n|\n|-weather|RainDance|[upkeep]\n|upkeep\n|turn|3\n|\n|t:|1698509026\n|switch|p2a: Flutter Mane|Flutter Mane|100\/100\n|-enditem|p2a: Flutter Mane|Booster Energy\n|-activate|p2a: Flutter Mane|ability: Protosynthesis|[fromitem]\n|-start|p2a: Flutter Mane|protosynthesisspe\n|move|p1a: Skeledirge|Will-O-Wisp|p2a: Flutter Mane\n|-status|p2a: Flutter Mane|brn\n|\n|-weather|RainDance|[upkeep]\n|-damage|p2a: Flutter Mane|95\/100 brn|[from] brn\n|upkeep\n|turn|4\n|\n|t:|1698509030\n|switch|p1a: Arceus|Arceus|100\/100\n|move|p2a: Flutter Mane|Shadow Ball|p1a: Arceus\n|-immune|p1a: Arceus\n|\n|-weather|RainDance|[upkeep]\n|-damage|p2a: Flutter Mane|89\/100 brn|[from] brn\n|upkeep\n|turn|5\n|\n|t:|1698509037\n|move|p2a: Flutter Mane|Moonblast|p1a: Arceus\n|-damage|p1a: Arceus|66\/100\n|move|p1a: Arceus|Swords Dance|p1a: Arceus\n|-boost|p1a: Arceus|atk|2\n|\n|-weather|none\n|-damage|p2a: Flutter Mane|83\/100 brn|[from] brn\n|upkeep\n|turn|6\n|\n|t:|1698509050\n|move|p2a: Flutter Mane|Shadow Ball|p1a: Arceus\n|-immune|p1a: Arceus\n|move|p1a: Arceus|Recover|p1a: Arceus\n|-heal|p1a: Arceus|100\/100\n|\n|-damage|p2a: Flutter Mane|77\/100 brn|[from] brn\n|upkeep\n|turn|7\n|\n|t:|1698509056\n|move|p2a: Flutter Mane|Moonblast|p1a: Arceus\n|-damage|p1a: Arceus|68\/100\n|move|p1a: Arceus|Swords Dance|p1a: Arceus\n|-boost|p1a: Arceus|atk|2\n|\n|-damage|p2a: Flutter Mane|71\/100 brn|[from] brn\n|upkeep\n|turn|8\n|\n|t:|1698509058\n|move|p2a: Flutter Mane|Moonblast|p1a: Arceus\n|-damage|p1a: Arceus|30\/100\n|-unboost|p1a: Arceus|spa|1\n|move|p1a: Arceus|Recover|p1a: Arceus\n|-heal|p1a: Arceus|80\/100\n|\n|-damage|p2a: Flutter Mane|65\/100 brn|[from] brn\n|upkeep\n|turn|9\n|j| Adampadum\n|\n|t:|1698509062\n|move|p2a: Flutter Mane|Moonblast|p1a: Arceus\n|-damage|p1a: Arceus|45\/100\n|move|p1a: Arceus|Recover|p1a: Arceus\n|-heal|p1a: Arceus|95\/100\n|\n|-damage|p2a: Flutter Mane|59\/100 brn|[from] brn\n|upkeep\n|turn|10\n|\n|t:|1698509064\n|move|p2a: Flutter Mane|Moonblast|p1a: Arceus\n|-damage|p1a: Arceus|59\/100\n|move|p1a: Arceus|Swords Dance|p1a: Arceus\n|-boost|p1a: Arceus|atk|2\n|\n|-damage|p2a: Flutter Mane|53\/100 brn|[from] brn\n|upkeep\n|turn|11\n|\n|t:|1698509067\n|move|p2a: Flutter Mane|Moonblast|p1a: Arceus\n|-damage|p1a: Arceus|25\/100\n|move|p1a: Arceus|Recover|p1a: Arceus\n|-heal|p1a: Arceus|75\/100\n|\n|-damage|p2a: Flutter Mane|47\/100 brn|[from] brn\n|upkeep\n|turn|12\n|\n|t:|1698509072\n|move|p2a: Flutter Mane|Calm Mind|p2a: Flutter Mane\n|-boost|p2a: Flutter Mane|spa|1\n|-boost|p2a: Flutter Mane|spd|1\n|move|p1a: Arceus|Recover|p1a: Arceus\n|-heal|p1a: Arceus|100\/100\n|\n|-damage|p2a: Flutter Mane|41\/100 brn|[from] brn\n|upkeep\n|turn|13\n|j| Ash is trash\n|\n|t:|1698509075\n|move|p2a: Flutter Mane|Moonblast|p1a: Arceus\n|-damage|p1a: Arceus|49\/100\n|move|p1a: Arceus|Shadow Claw|p2a: Flutter Mane\n|-supereffective|p2a: Flutter Mane\n|-damage|p2a: Flutter Mane|0 fnt\n|faint|p2a: Flutter Mane\n|-end|p2a: Flutter Mane|Protosynthesis|[silent]\n|\n|upkeep\n|\n|t:|1698509082\n|switch|p2a: Zacian|Zacian-Crowned|100\/100\n|turn|14\n|\n|t:|1698509084\n|-terastallize|p1a: Arceus|Normal\n|move|p1a: Arceus|Extreme Speed|p2a: Zacian\n|-resisted|p2a: Zacian\n|-damage|p2a: Zacian|0 fnt\n|faint|p2a: Zacian\n|\n|upkeep\n|\n|t:|1698509090\n|switch|p2a: Arceus|Arceus|100\/100\n|turn|15\n|\n|t:|1698509093\n|-terastallize|p2a: Arceus|Normal\n|move|p2a: Arceus|Extreme Speed|p1a: Arceus\n|-damage|p1a: Arceus|8\/100\n|move|p1a: Arceus|Recover|p1a: Arceus\n|-heal|p1a: Arceus|58\/100\n|\n|upkeep\n|turn|16\n|j| Owl In Daylight\n|\n|t:|1698509102\n|move|p2a: Arceus|Extreme Speed|p1a: Arceus\n|-damage|p1a: Arceus|15\/100\n|move|p1a: Arceus|Extreme Speed|p2a: Arceus\n|-damage|p2a: Arceus|0 fnt\n|faint|p2a: Arceus\n|\n|upkeep\n|\n|t:|1698509106\n|switch|p2a: Urshifu|Urshifu, M|100\/100\n|turn|17\n|\n|t:|1698509108\n|move|p1a: Arceus|Extreme Speed|p2a: Urshifu\n|-damage|p2a: Urshifu|0 fnt\n|faint|p2a: Urshifu\n|\n|upkeep\n|\n|t:|1698509111\n|switch|p2a: Groudon|Groudon|100\/100\n|-weather|SunnyDay|[from] ability: Drought|[of] p2a: Groudon\n|turn|18\n|c|\u2606Future king of ou|Ggs bro\n|\n|t:|1698509113\n|move|p1a: Arceus|Extreme Speed|p2a: Groudon\n|-damage|p2a: Groudon|0 fnt\n|faint|p2a: Groudon\n|\n|win|Future king of ou\n|n|\u2606Future king of ou|futurekingofou\n|n|\u2606Abel020403|abel020403\n|n| Adampadum|adampadum\n|n| Ash is trash|ashistrash\n|n| Owl In Daylight|owlindaylight\n","uploadtime":1698509114,"views":13,"p1id":"futurekingofou","p2id":"abel020403","formatid":"gen9ubers","rating":0,"private":0,"password":""}