{"id":"gen9ubers-1978858425","p1":"Rpeezy","p2":"CloudlessGamer","format":"[Gen 9] Ubers","log":"|j|\u2606Rpeezy\n|j|\u2606CloudlessGamer\n|t:|1698603476\n|gametype|singles\n|player|p1|Rpeezy|lady|\n|player|p2|CloudlessGamer|101|\n|teamsize|p1|6\n|teamsize|p2|6\n|gen|9\n|tier|[Gen 9] Ubers\n|rule|Sleep Clause Mod: Limit one foe put to sleep\n|rule|Species Clause: Limit one of each Pok\u00e9mon\n|rule|OHKO Clause: OHKO moves are banned\n|rule|Evasion Items Clause: Evasion items are banned\n|rule|Evasion Moves Clause: Evasion moves are banned\n|rule|Endless Battle Clause: Forcing endless battles is banned\n|rule|HP Percentage Mod: HP is shown in percentages\n|clearpoke\n|poke|p1|Sinistcha|\n|poke|p1|Meowscarada, M|\n|poke|p1|Sneasler, F|\n|poke|p1|Qwilfish, F|\n|poke|p1|Illumise, F|\n|poke|p1|Enamorus, F|\n|poke|p2|Breloom, M|\n|poke|p2|Quaquaval, M|\n|poke|p2|Toxapex, M|\n|poke|p2|Ogerpon-Hearthflame, F|\n|poke|p2|Mew|\n|poke|p2|Avalugg-Hisui, F|\n|teampreview\n|inactive|Battle timer is ON: inactive players will automatically lose when time's up. (requested by Rpeezy)\n|c|\u2606CloudlessGamer|glhf\n|c|\u2606Rpeezy|glhf\n|inactiveoff|Battle timer is now OFF.\n|\n|t:|1698603561\n|start\n|switch|p1a: Lando-T|Qwilfish, F|100\/100\n|switch|p2a: Special Defense|Avalugg-Hisui, F, shiny|100\/100\n|-ability|p1a: Lando-T|Intimidate|boost\n|-unboost|p2a: Special Defense|atk|1\n|turn|1\n|j| Sussymatd\n|\n|t:|1698603585\n|move|p1a: Lando-T|Taunt|p2a: Special Defense\n|-start|p2a: Special Defense|move: Taunt\n|cant|p2a: Special Defense|move: Taunt|Stealth Rock\n|\n|upkeep\n|turn|2\n|c|\u2606CloudlessGamer|hey sissy\n|c|\u2606CloudlessGamer|sussy*\n|c|\u2606CloudlessGamer|can u leave?\n|c|\u2606CloudlessGamer|thx\n|c| Sussymatd|Oh wow\n|c| Sussymatd|Okay :(\n|l| Sussymatd\n|\n|t:|1698603650\n|switch|p2a: ACID|Breloom, M|100\/100\n|move|p1a: Lando-T|Spikes|p2a: ACID\n|-sidestart|p2: CloudlessGamer|Spikes\n|\n|upkeep\n|turn|3\n|\n|t:|1698603666\n|switch|p1a: smogon set shame|Sinistcha|100\/100\n|move|p2a: ACID|Spore|p1a: smogon set shame\n|-immune|p1a: smogon set shame\n|\n|upkeep\n|turn|4\n|c|\u2606Rpeezy|it's supposed to be smogon set, shame :sob:\n|c|\u2606Rpeezy|where did my comma go\n|\n|t:|1698603764\n|move|p2a: ACID|Swords Dance|p2a: ACID\n|-boost|p2a: ACID|atk|2\n|move|p1a: smogon set shame|Calm Mind|p1a: smogon set shame\n|-boost|p1a: smogon set shame|spa|1\n|-boost|p1a: smogon set shame|spd|1\n|\n|upkeep\n|turn|5\n|j| S3nKay\n|c| S3nKay|RAHHHHHHHHHHHHHHHHHHHHH\n|c|\u2606Rpeezy|hi sen, i think cloud doesn't want spectators tho <3\n|c|\u2606CloudlessGamer|nah was just sussy\n|c|\u2606CloudlessGamer|ur chillin\n|c| S3nKay|:cowpepe:\n|c|\u2606Rpeezy|DAMN\n|\n|t:|1698603892\n|switch|p2a: NUH UH|Toxapex, M|100\/100\n|-damage|p2a: NUH UH|88\/100|[from] Spikes\n|move|p1a: smogon set shame|Shadow Ball|p2a: NUH UH\n|-damage|p2a: NUH UH|56\/100\n|\n|-heal|p2a: NUH UH|62\/100|[from] item: Black Sludge\n|upkeep\n|turn|6\n|\n|t:|1698603917\n|switch|p1a: Lando-T|Qwilfish, F|100\/100\n|-ability|p1a: Lando-T|Intimidate|boost\n|-unboost|p2a: NUH UH|atk|1\n|move|p2a: NUH UH|Haze|p2a: NUH UH\n|-clearallboost\n|\n|-heal|p2a: NUH UH|69\/100|[from] item: Black Sludge\n|upkeep\n|turn|7\n|\n|t:|1698603958\n|switch|p2a: Not Gary The Snail|Mew, shiny|100\/100\n|-damage|p2a: Not Gary The Snail|88\/100|[from] Spikes\n|move|p1a: Lando-T|Taunt|p2a: Not Gary The Snail\n|-start|p2a: Not Gary The Snail|move: Taunt\n|\n|upkeep\n|turn|8\n|\n|t:|1698604009\n|switch|p1a: godstiniestkitty|Meowscarada, M|100\/100\n|move|p2a: Not Gary The Snail|Psyshock|p1a: godstiniestkitty\n|-immune|p1a: godstiniestkitty\n|\n|upkeep\n|turn|9\n|\n|t:|1698604038\n|switch|p2a: Special Defense|Avalugg-Hisui, F, shiny|100\/100\n|move|p1a: godstiniestkitty|U-turn|p2a: Special Defense\n|-start|p1a: godstiniestkitty|typechange|Bug|[from] ability: Protean\n|-crit|p2a: Special Defense\n|-damage|p2a: Special Defense|74\/100\n|-damage|p1a: godstiniestkitty|91\/100|[from] item: Life Orb\n|\n|t:|1698604069\n|switch|p1a: smogon set shame|Sinistcha|100\/100|[from] U-turn\n|\n|upkeep\n|turn|10\n|\n|t:|1698604075\n|switch|p2a: NUH UH|Toxapex, M|100\/100\n|-damage|p2a: NUH UH|88\/100|[from] Spikes\n|move|p1a: smogon set shame|Matcha Gotcha|p2a: NUH UH\n|-damage|p2a: NUH UH|68\/100\n|\n|-heal|p2a: NUH UH|74\/100|[from] item: Black Sludge\n|upkeep\n|turn|11\n|\n|t:|1698604117\n|switch|p1a: sgrg32|Illumise, F|100\/100\n|move|p2a: NUH UH|Recover|p2a: NUH UH\n|-heal|p2a: NUH UH|100\/100\n|\n|upkeep\n|turn|12\n|c|\u2606Rpeezy|OBLIGATORY SGRG32 CAMEO\n|c|\u2606CloudlessGamer|RAAAAHHHHHH\n|\n|t:|1698604180\n|switch|p2a: Special Defense|Avalugg-Hisui, F, shiny|74\/100\n|move|p1a: sgrg32|Thunder Wave|p2a: Special Defense|[miss]\n|-miss|p1a: sgrg32|p2a: Special Defense\n|\n|upkeep\n|turn|13\n|\n|t:|1698604207\n|switch|p1a: Lando-T|Qwilfish, F|100\/100\n|-ability|p1a: Lando-T|Intimidate|boost\n|-unboost|p2a: Special Defense|atk|1\n|move|p2a: Special Defense|Stealth Rock|p1a: Lando-T\n|-sidestart|p1: Rpeezy|move: Stealth Rock\n|\n|upkeep\n|turn|14\n|\n|t:|1698604239\n|switch|p2a: Not Gary The Snail|Mew, shiny|88\/100\n|-damage|p2a: Not Gary The Snail|76\/100|[from] Spikes\n|move|p1a: Lando-T|Taunt|p2a: Not Gary The Snail\n|-start|p2a: Not Gary The Snail|move: Taunt\n|\n|upkeep\n|turn|15\n|c| S3nKay|that's a weird looking lando\n|\n|t:|1698604300\n|move|p2a: Not Gary The Snail|Psyshock|p1a: Lando-T\n|-supereffective|p1a: Lando-T\n|-enditem|p1a: Lando-T|Focus Sash\n|-damage|p1a: Lando-T|1\/100\n|move|p1a: Lando-T|Spikes|p2a: Not Gary The Snail\n|-sidestart|p2: CloudlessGamer|Spikes\n|\n|upkeep\n|turn|16\n|c|\u2606Rpeezy|it's the upgraded version\n|\n|t:|1698604317\n|move|p2a: Not Gary The Snail|Ice Beam|p1a: Lando-T\n|-resisted|p1a: Lando-T\n|-damage|p1a: Lando-T|0 fnt\n|faint|p1a: Lando-T\n|\n|-end|p2a: Not Gary The Snail|move: Taunt\n|upkeep\n|\n|t:|1698604332\n|switch|p1a: godstiniestkitty|Meowscarada, M|91\/100\n|-damage|p1a: godstiniestkitty|78\/100|[from] Stealth Rock\n|turn|17\n|c| S3nKay|it got spikes now\n|c| S3nKay|lando could never\n|c|\u2606Rpeezy|it certainly did\n|\n|t:|1698604343\n|switch|p2a: Special Defense|Avalugg-Hisui, F, shiny|74\/100\n|move|p1a: godstiniestkitty|Knock Off|p2a: Special Defense\n|-start|p1a: godstiniestkitty|typechange|Dark|[from] ability: Protean\n|-damage|p2a: Special Defense|52\/100\n|-enditem|p2a: Special Defense|Heavy-Duty Boots|[from] move: Knock Off|[of] p1a: godstiniestkitty\n|-damage|p1a: godstiniestkitty|69\/100|[from] item: Life Orb\n|\n|upkeep\n|turn|18\n|\n|t:|1698604377\n|switch|p1a: smogon set shame|Sinistcha|100\/100\n|-damage|p1a: smogon set shame|88\/100|[from] Stealth Rock\n|move|p2a: Special Defense|Recover|p2a: Special Defense\n|-heal|p2a: Special Defense|100\/100\n|\n|-heal|p1a: smogon set shame|94\/100|[from] item: Leftovers\n|upkeep\n|turn|19\n|\n|t:|1698604387\n|move|p1a: smogon set shame|Matcha Gotcha|p2a: Special Defense\n|-supereffective|p2a: Special Defense\n|-ability|p2a: Special Defense|Sturdy\n|-damage|p2a: Special Defense|1\/100\n|-heal|p1a: smogon set shame|100\/100|[from] drain|[of] p2a: Special Defense\n|move|p2a: Special Defense|Avalanche|p1a: smogon set shame\n|-supereffective|p1a: smogon set shame\n|-damage|p1a: smogon set shame|19\/100\n|\n|-heal|p1a: smogon set shame|25\/100|[from] item: Leftovers\n|upkeep\n|turn|20\n|c|\u2606CloudlessGamer|GOD DANG THIS THING SUCKS\n|c|\u2606Rpeezy|180 BASE DEFENSE\n|\n|t:|1698604437\n|move|p1a: smogon set shame|Strength Sap|p2a: Special Defense\n|-unboost|p2a: Special Defense|atk|1\n|-heal|p1a: smogon set shame|100\/100\n|move|p2a: Special Defense|Avalanche|p1a: smogon set shame\n|-supereffective|p1a: smogon set shame\n|-damage|p1a: smogon set shame|74\/100\n|\n|-heal|p1a: smogon set shame|81\/100|[from] item: Leftovers\n|upkeep\n|turn|21\n|\n|t:|1698604450\n|move|p1a: smogon set shame|Calm Mind|p1a: smogon set shame\n|-boost|p1a: smogon set shame|spa|1\n|-boost|p1a: smogon set shame|spd|1\n|move|p2a: Special Defense|Avalanche|p1a: smogon set shame\n|-supereffective|p1a: smogon set shame\n|-damage|p1a: smogon set shame|53\/100\n|\n|-heal|p1a: smogon set shame|59\/100|[from] item: Leftovers\n|upkeep\n|turn|22\n|\n|t:|1698604458\n|move|p1a: smogon set shame|Strength Sap|p2a: Special Defense\n|-unboost|p2a: Special Defense|atk|1\n|-heal|p1a: smogon set shame|100\/100\n|move|p2a: Special Defense|Recover|p2a: Special Defense\n|-heal|p2a: Special Defense|51\/100\n|\n|upkeep\n|turn|23\n|\n|t:|1698604495\n|switch|p2a: NUH UH|Toxapex, M|100\/100\n|-damage|p2a: NUH UH|84\/100|[from] Spikes\n|move|p1a: smogon set shame|Shadow Ball|p2a: NUH UH\n|-damage|p2a: NUH UH|53\/100\n|\n|-heal|p2a: NUH UH|60\/100|[from] item: Black Sludge\n|upkeep\n|turn|24\n|\n|t:|1698604519\n|move|p1a: smogon set shame|Shadow Ball|p2a: NUH UH\n|-damage|p2a: NUH UH|28\/100\n|move|p2a: NUH UH|Haze|p2a: NUH UH\n|-clearallboost\n|\n|-heal|p2a: NUH UH|34\/100|[from] item: Black Sludge\n|upkeep\n|turn|25\n|\n|t:|1698604540\n|switch|p1a: godstiniestkitty|Meowscarada, M|69\/100\n|-damage|p1a: godstiniestkitty|56\/100|[from] Stealth Rock\n|move|p2a: NUH UH|Recover|p2a: NUH UH\n|-heal|p2a: NUH UH|84\/100\n|\n|-heal|p2a: NUH UH|90\/100|[from] item: Black Sludge\n|upkeep\n|turn|26\n|\n|t:|1698604580\n|switch|p2a: Special Defense|Avalugg-Hisui, F, shiny|51\/100\n|-damage|p2a: Special Defense|34\/100|[from] Spikes\n|move|p1a: godstiniestkitty|Thunder Punch|p2a: Special Defense\n|-start|p1a: godstiniestkitty|typechange|Electric|[from] ability: Protean\n|-crit|p2a: Special Defense\n|-damage|p2a: Special Defense|8\/100\n|-damage|p1a: godstiniestkitty|46\/100|[from] item: Life Orb\n|\n|upkeep\n|turn|27\n|\n|t:|1698604593\n|move|p1a: godstiniestkitty|Thunder Punch|p2a: Special Defense\n|-damage|p2a: Special Defense|0 fnt\n|faint|p2a: Special Defense\n|-damage|p1a: godstiniestkitty|37\/100|[from] item: Life Orb\n|\n|upkeep\n|\n|t:|1698604621\n|switch|p2a: DREAM|Ogerpon-Hearthflame, F|100\/100\n|-damage|p2a: DREAM|84\/100|[from] Spikes\n|-ability|p2a: DREAM|Mold Breaker\n|turn|28\n|\n|t:|1698604631\n|move|p1a: godstiniestkitty|Knock Off|p2a: DREAM\n|-damage|p2a: DREAM|50\/100\n|-damage|p1a: godstiniestkitty|27\/100|[from] item: Life Orb\n|move|p2a: DREAM|Knock Off|p1a: godstiniestkitty\n|-damage|p1a: godstiniestkitty|0 fnt\n|-enditem|p1a: godstiniestkitty|Life Orb|[from] move: Knock Off|[of] p2a: DREAM\n|faint|p1a: godstiniestkitty\n|\n|upkeep\n|c| S3nKay|rip kitty cat\n|\n|t:|1698604669\n|switch|p1a: Ayafungamer|Enamorus, F|100\/100\n|-damage|p1a: Ayafungamer|76\/100|[from] Stealth Rock\n|turn|29\n|\n|t:|1698604695\n|move|p1a: Ayafungamer|Superpower|p2a: DREAM\n|-damage|p2a: DREAM|0 fnt\n|-boost|p1a: Ayafungamer|atk|1\n|-boost|p1a: Ayafungamer|def|1\n|faint|p2a: DREAM\n|\n|upkeep\n|\n|t:|1698604730\n|switch|p2a: Not Gary The Snail|Mew, shiny|76\/100\n|-damage|p2a: Not Gary The Snail|59\/100|[from] Spikes\n|turn|30\n|c|\u2606CloudlessGamer|rp\n|c|\u2606CloudlessGamer|do you believe\n|c|\u2606CloudlessGamer|in the dice\n|c|\u2606CloudlessGamer|in\n|c|\u2606CloudlessGamer|the roll\n|c|\u2606Rpeezy|yes\n|\n|t:|1698604781\n|switch|p1a: sgrg32|Illumise, F|100\/100\n|-damage|p1a: sgrg32|76\/100|[from] Stealth Rock\n|move|p2a: Not Gary The Snail|Agility|p2a: Not Gary The Snail\n|-boost|p2a: Not Gary The Snail|spe|2\n|\n|upkeep\n|turn|31\n|\n|t:|1698604861\n|move|p1a: sgrg32|Trick|p2a: Not Gary The Snail\n|-activate|p1a: sgrg32|move: Trick|[of] p2a: Not Gary The Snail\n|-item|p2a: Not Gary The Snail|Lagging Tail|[from] move: Trick\n|-item|p1a: sgrg32|Weakness Policy|[from] move: Trick\n|move|p2a: Not Gary The Snail|Agility|p2a: Not Gary The Snail\n|-boost|p2a: Not Gary The Snail|spe|2\n|\n|upkeep\n|turn|32\n|c| S3nKay|mew go zooommies\n|\n|t:|1698604883\n|move|p1a: sgrg32|Wish|p1a: sgrg32\n|move|p2a: Not Gary The Snail|Psyshock|p1a: sgrg32\n|-damage|p1a: sgrg32|36\/100\n|\n|upkeep\n|turn|33\n|\n|t:|1698604904\n|switch|p1a: smogon set shame|Sinistcha|100\/100\n|-damage|p1a: smogon set shame|88\/100|[from] Stealth Rock\n|move|p2a: Not Gary The Snail|Ice Beam|p1a: smogon set shame\n|-supereffective|p1a: smogon set shame\n|-damage|p1a: smogon set shame|35\/100\n|\n|-heal|p1a: smogon set shame|83\/100|[from] move: Wish|[wisher] sgrg32\n|-heal|p1a: smogon set shame|89\/100|[from] item: Leftovers\n|upkeep\n|turn|34\n|\n|t:|1698604931\n|move|p1a: smogon set shame|Shadow Ball|p2a: Not Gary The Snail\n|-supereffective|p2a: Not Gary The Snail\n|-damage|p2a: Not Gary The Snail|0 fnt\n|faint|p2a: Not Gary The Snail\n|\n|-heal|p1a: smogon set shame|95\/100|[from] item: Leftovers\n|upkeep\n|c|\u2606CloudlessGamer|lagging tail go brr ngl\n|c|\u2606CloudlessGamer|was a good idea\n|c|\u2606Rpeezy|raaahhhh\n|\n|t:|1698604979\n|switch|p2a: DANCING QUEEEEEN|Quaquaval, M|100\/100\n|-damage|p2a: DANCING QUEEEEEN|84\/100|[from] Spikes\n|turn|35\n|\n|t:|1698605009\n|move|p2a: DANCING QUEEEEEN|Ice Spinner|p1a: smogon set shame\n|-supereffective|p1a: smogon set shame\n|-damage|p1a: smogon set shame|55\/100\n|move|p1a: smogon set shame|Matcha Gotcha|p2a: DANCING QUEEEEEN\n|-supereffective|p2a: DANCING QUEEEEEN\n|-damage|p2a: DANCING QUEEEEEN|0 fnt\n|-heal|p1a: smogon set shame|93\/100|[from] drain|[of] p2a: DANCING QUEEEEEN\n|faint|p2a: DANCING QUEEEEEN\n|\n|-heal|p1a: smogon set shame|99\/100|[from] item: Leftovers\n|upkeep\n|\n|t:|1698605029\n|switch|p2a: NUH UH|Toxapex, M|100\/100\n|-damage|p2a: NUH UH|84\/100|[from] Spikes\n|turn|36\n|\n|t:|1698605056\n|switch|p1a: sgrg32|Illumise, F|36\/100\n|-damage|p1a: sgrg32|11\/100|[from] Stealth Rock\n|move|p2a: NUH UH|Chilling Water|p1a: sgrg32\n|-damage|p1a: sgrg32|1\/100\n|-unboost|p1a: sgrg32|atk|1\n|\n|-heal|p2a: NUH UH|90\/100|[from] item: Black Sludge\n|upkeep\n|turn|37\n|c|\u2606Rpeezy|:sob:\n|\n|t:|1698605071\n|move|p1a: sgrg32|Thunder Wave|p2a: NUH UH\n|-status|p2a: NUH UH|par\n|move|p2a: NUH UH|Chilling Water|p1a: sgrg32\n|-damage|p1a: sgrg32|0 fnt\n|faint|p1a: sgrg32\n|\n|-heal|p2a: NUH UH|97\/100 par|[from] item: Black Sludge\n|upkeep\n|\n|t:|1698605121\n|switch|p1a: Ayafungamer|Enamorus, F|76\/100\n|-damage|p1a: Ayafungamer|51\/100|[from] Stealth Rock\n|turn|38\n|\n|t:|1698605137\n|move|p1a: Ayafungamer|Superpower|p2a: NUH UH\n|-resisted|p2a: NUH UH\n|-damage|p2a: NUH UH|79\/100 par\n|-boost|p1a: Ayafungamer|atk|1\n|-boost|p1a: Ayafungamer|def|1\n|move|p2a: NUH UH|Recover|p2a: NUH UH\n|-heal|p2a: NUH UH|100\/100 par\n|\n|upkeep\n|turn|39\n|\n|t:|1698605149\n|move|p1a: Ayafungamer|Superpower|p2a: NUH UH\n|-resisted|p2a: NUH UH\n|-damage|p2a: NUH UH|77\/100 par\n|-boost|p1a: Ayafungamer|atk|1\n|-boost|p1a: Ayafungamer|def|1\n|move|p2a: NUH UH|Haze|p2a: NUH UH\n|-clearallboost\n|\n|-heal|p2a: NUH UH|83\/100 par|[from] item: Black Sludge\n|upkeep\n|turn|40\n|\n|t:|1698605162\n|move|p1a: Ayafungamer|Superpower|p2a: NUH UH\n|-resisted|p2a: NUH UH\n|-damage|p2a: NUH UH|66\/100 par\n|-boost|p1a: Ayafungamer|atk|1\n|-boost|p1a: Ayafungamer|def|1\n|move|p2a: NUH UH|Haze|p2a: NUH UH\n|-clearallboost\n|\n|-heal|p2a: NUH UH|73\/100 par|[from] item: Black Sludge\n|upkeep\n|turn|41\n|\n|t:|1698605200\n|switch|p1a: smogon set shame|Sinistcha|99\/100\n|-damage|p1a: smogon set shame|87\/100|[from] Stealth Rock\n|move|p2a: NUH UH|Recover|p2a: NUH UH\n|-heal|p2a: NUH UH|100\/100 par\n|\n|-heal|p1a: smogon set shame|93\/100|[from] item: Leftovers\n|upkeep\n|turn|42\n|\n|t:|1698605224\n|move|p1a: smogon set shame|Shadow Ball|p2a: NUH UH\n|-damage|p2a: NUH UH|80\/100 par\n|move|p2a: NUH UH|Chilling Water|p1a: smogon set shame\n|-resisted|p1a: smogon set shame\n|-damage|p1a: smogon set shame|87\/100\n|-unboost|p1a: smogon set shame|atk|1\n|\n|-heal|p1a: smogon set shame|93\/100|[from] item: Leftovers\n|-heal|p2a: NUH UH|87\/100 par|[from] item: Black Sludge\n|upkeep\n|turn|43\n|\n|t:|1698605261\n|move|p1a: smogon set shame|Shadow Ball|p2a: NUH UH\n|-damage|p2a: NUH UH|67\/100 par\n|move|p2a: NUH UH|Chilling Water|p1a: smogon set shame\n|-resisted|p1a: smogon set shame\n|-damage|p1a: smogon set shame|87\/100\n|-unboost|p1a: smogon set shame|atk|1\n|\n|-heal|p1a: smogon set shame|94\/100|[from] item: Leftovers\n|-heal|p2a: NUH UH|73\/100 par|[from] item: Black Sludge\n|upkeep\n|turn|44\n|\n|t:|1698605272\n|move|p1a: smogon set shame|Calm Mind|p1a: smogon set shame\n|-boost|p1a: smogon set shame|spa|1\n|-boost|p1a: smogon set shame|spd|1\n|cant|p2a: NUH UH|par\n|\n|-heal|p1a: smogon set shame|99\/100|[from] item: Leftovers\n|-heal|p2a: NUH UH|79\/100 par|[from] item: Black Sludge\n|upkeep\n|turn|45\n|\n|t:|1698605280\n|move|p1a: smogon set shame|Shadow Ball|p2a: NUH UH\n|-damage|p2a: NUH UH|47\/100 par\n|cant|p2a: NUH UH|par\n|\n|-heal|p1a: smogon set shame|100\/100|[from] item: Leftovers\n|-heal|p2a: NUH UH|53\/100 par|[from] item: Black Sludge\n|upkeep\n|turn|46\n|c|\u2606Rpeezy|oh\n|\n|t:|1698605289\n|move|p1a: smogon set shame|Shadow Ball|p2a: NUH UH\n|-damage|p2a: NUH UH|24\/100 par\n|move|p2a: NUH UH|Recover|p2a: NUH UH\n|-heal|p2a: NUH UH|74\/100 par\n|\n|-heal|p2a: NUH UH|80\/100 par|[from] item: Black Sludge\n|upkeep\n|turn|47\n|\n|t:|1698605297\n|move|p1a: smogon set shame|Shadow Ball|p2a: NUH UH\n|-damage|p2a: NUH UH|48\/100 par\n|move|p2a: NUH UH|Haze|p2a: NUH UH\n|-clearallboost\n|\n|-heal|p2a: NUH UH|54\/100 par|[from] item: Black Sludge\n|upkeep\n|turn|48\n|\n|t:|1698605305\n|move|p1a: smogon set shame|Calm Mind|p1a: smogon set shame\n|-boost|p1a: smogon set shame|spa|1\n|-boost|p1a: smogon set shame|spd|1\n|move|p2a: NUH UH|Recover|p2a: NUH UH\n|-heal|p2a: NUH UH|100\/100 par\n|\n|upkeep\n|turn|49\n|\n|t:|1698605324\n|move|p1a: smogon set shame|Shadow Ball|p2a: NUH UH\n|-damage|p2a: NUH UH|73\/100 par\n|cant|p2a: NUH UH|par\n|\n|-heal|p2a: NUH UH|79\/100 par|[from] item: Black Sludge\n|upkeep\n|turn|50\n|\n|t:|1698605331\n|move|p1a: smogon set shame|Shadow Ball|p2a: NUH UH\n|-damage|p2a: NUH UH|48\/100 par\n|move|p2a: NUH UH|Haze|p2a: NUH UH\n|-clearallboost\n|\n|-heal|p2a: NUH UH|54\/100 par|[from] item: Black Sludge\n|upkeep\n|turn|51\n|\n|t:|1698605364\n|move|p1a: smogon set shame|Calm Mind|p1a: smogon set shame\n|-boost|p1a: smogon set shame|spa|1\n|-boost|p1a: smogon set shame|spd|1\n|move|p2a: NUH UH|Chilling Water|p1a: smogon set shame\n|-resisted|p1a: smogon set shame\n|-damage|p1a: smogon set shame|97\/100\n|-unboost|p1a: smogon set shame|atk|1\n|\n|-heal|p1a: smogon set shame|100\/100|[from] item: Leftovers\n|-heal|p2a: NUH UH|60\/100 par|[from] item: Black Sludge\n|upkeep\n|turn|52\n|\n|t:|1698605380\n|move|p1a: smogon set shame|Shadow Ball|p2a: NUH UH\n|-damage|p2a: NUH UH|29\/100 par\n|move|p2a: NUH UH|Haze|p2a: NUH UH\n|-clearallboost\n|\n|-heal|p2a: NUH UH|36\/100 par|[from] item: Black Sludge\n|upkeep\n|turn|53\n|\n|t:|1698605387\n|move|p1a: smogon set shame|Calm Mind|p1a: smogon set shame\n|-boost|p1a: smogon set shame|spa|1\n|-boost|p1a: smogon set shame|spd|1\n|cant|p2a: NUH UH|par\n|\n|-heal|p2a: NUH UH|42\/100 par|[from] item: Black Sludge\n|upkeep\n|turn|54\n|\n|t:|1698605393\n|move|p1a: smogon set shame|Calm Mind|p1a: smogon set shame\n|-boost|p1a: smogon set shame|spa|1\n|-boost|p1a: smogon set shame|spd|1\n|move|p2a: NUH UH|Recover|p2a: NUH UH\n|-heal|p2a: NUH UH|92\/100 par\n|\n|-heal|p2a: NUH UH|98\/100 par|[from] item: Black Sludge\n|upkeep\n|turn|55\n|\n|t:|1698605400\n|move|p1a: smogon set shame|Shadow Ball|p2a: NUH UH\n|-damage|p2a: NUH UH|60\/100 par\n|move|p2a: NUH UH|Haze|p2a: NUH UH\n|-clearallboost\n|\n|-heal|p2a: NUH UH|66\/100 par|[from] item: Black Sludge\n|upkeep\n|turn|56\n|c|\u2606CloudlessGamer|NUH UH\n|\n|t:|1698605426\n|move|p1a: smogon set shame|Shadow Ball|p2a: NUH UH\n|-damage|p2a: NUH UH|44\/100 par\n|move|p2a: NUH UH|Haze|p2a: NUH UH\n|-clearallboost\n|\n|-heal|p2a: NUH UH|50\/100 par|[from] item: Black Sludge\n|upkeep\n|turn|57\n|c|\u2606Rpeezy|this is ou in its peak\n|\n|t:|1698605438\n|move|p1a: smogon set shame|Shadow Ball|p2a: NUH UH\n|-damage|p2a: NUH UH|29\/100 par\n|move|p2a: NUH UH|Recover|p2a: NUH UH\n|-heal|p2a: NUH UH|79\/100 par\n|\n|-heal|p2a: NUH UH|85\/100 par|[from] item: Black Sludge\n|upkeep\n|turn|58\n|\n|t:|1698605449\n|move|p1a: smogon set shame|Calm Mind|p1a: smogon set shame\n|-boost|p1a: smogon set shame|spa|1\n|-boost|p1a: smogon set shame|spd|1\n|move|p2a: NUH UH|Chilling Water|p1a: smogon set shame\n|-resisted|p1a: smogon set shame\n|-damage|p1a: smogon set shame|97\/100\n|-unboost|p1a: smogon set shame|atk|1\n|\n|-heal|p1a: smogon set shame|100\/100|[from] item: Leftovers\n|-heal|p2a: NUH UH|91\/100 par|[from] item: Black Sludge\n|upkeep\n|turn|59\n|j| Ch3sc0\n|c| Ch3sc0|RP JUST FUCKING KILL HIM HOLY SHIT\n|\n|t:|1698605458\n|move|p1a: smogon set shame|Shadow Ball|p2a: NUH UH\n|-damage|p2a: NUH UH|61\/100 par\n|move|p2a: NUH UH|Haze|p2a: NUH UH\n|-clearallboost\n|\n|-heal|p2a: NUH UH|67\/100 par|[from] item: Black Sludge\n|upkeep\n|turn|60\n|c|\u2606Rpeezy|i just stalled out his recovers\n|\n|t:|1698605468\n|move|p1a: smogon set shame|Calm Mind|p1a: smogon set shame\n|-boost|p1a: smogon set shame|spa|1\n|-boost|p1a: smogon set shame|spd|1\n|move|p2a: NUH UH|Haze|p2a: NUH UH\n|-clearallboost\n|\n|-heal|p2a: NUH UH|73\/100 par|[from] item: Black Sludge\n|upkeep\n|turn|61\n|c|\u2606Rpeezy|nice read\n|\n|t:|1698605484\n|move|p1a: smogon set shame|Calm Mind|p1a: smogon set shame\n|-boost|p1a: smogon set shame|spa|1\n|-boost|p1a: smogon set shame|spd|1\n|move|p2a: NUH UH|Chilling Water|p1a: smogon set shame\n|-resisted|p1a: smogon set shame\n|-damage|p1a: smogon set shame|96\/100\n|-unboost|p1a: smogon set shame|atk|1\n|\n|-heal|p1a: smogon set shame|100\/100|[from] item: Leftovers\n|-heal|p2a: NUH UH|79\/100 par|[from] item: Black Sludge\n|upkeep\n|turn|62\n|\n|t:|1698605494\n|move|p1a: smogon set shame|Shadow Ball|p2a: NUH UH\n|-damage|p2a: NUH UH|51\/100 par\n|move|p2a: NUH UH|Haze|p2a: NUH UH\n|-clearallboost\n|\n|-heal|p2a: NUH UH|58\/100 par|[from] item: Black Sludge\n|upkeep\n|turn|63\n|c| S3nKay|no more recover\n|c| S3nKay|f\n|\n|t:|1698605507\n|move|p1a: smogon set shame|Shadow Ball|p2a: NUH UH\n|-damage|p2a: NUH UH|38\/100 par\n|cant|p2a: NUH UH|par\n|\n|-heal|p2a: NUH UH|44\/100 par|[from] item: Black Sludge\n|upkeep\n|turn|64\n|\n|t:|1698605513\n|move|p1a: smogon set shame|Shadow Ball|p2a: NUH UH\n|-damage|p2a: NUH UH|25\/100 par\n|-unboost|p2a: NUH UH|spd|1\n|cant|p2a: NUH UH|par\n|\n|-heal|p2a: NUH UH|31\/100 par|[from] item: Black Sludge\n|upkeep\n|turn|65\n|\n|t:|1698605521\n|move|p1a: smogon set shame|Shadow Ball|p2a: NUH UH\n|-damage|p2a: NUH UH|1\/100 par\n|move|p2a: NUH UH|Toxic Spikes|p1a: smogon set shame\n|-sidestart|p1: Rpeezy|move: Toxic Spikes\n|\n|-heal|p2a: NUH UH|8\/100 par|[from] item: Black Sludge\n|upkeep\n|turn|66\n|\n|t:|1698605529\n|move|p1a: smogon set shame|Shadow Ball|p2a: NUH UH\n|-damage|p2a: NUH UH|0 fnt\n|faint|p2a: NUH UH\n|\n|upkeep\n|c| S3nKay|o7 nuh uh\n|c|\u2606Rpeezy|o7\n|\n|t:|1698605540\n|switch|p2a: ACID|Breloom, M|100\/100\n|-damage|p2a: ACID|84\/100|[from] Spikes\n|turn|67\n|\n|t:|1698605548\n|move|p2a: ACID|Swords Dance|p2a: ACID\n|-boost|p2a: ACID|atk|2\n|move|p1a: smogon set shame|Shadow Ball|p2a: ACID\n|-damage|p2a: ACID|17\/100\n|-unboost|p2a: ACID|spd|1\n|\n|upkeep\n|turn|68\n|\n|t:|1698605555\n|move|p2a: ACID|Bullet Seed|p1a: smogon set shame\n|-resisted|p1a: smogon set shame\n|-damage|p1a: smogon set shame|86\/100\n|-resisted|p1a: smogon set shame\n|-damage|p1a: smogon set shame|71\/100\n|-resisted|p1a: smogon set shame\n|-damage|p1a: smogon set shame|58\/100\n|-resisted|p1a: smogon set shame\n|-damage|p1a: smogon set shame|42\/100\n|-resisted|p1a: smogon set shame\n|-damage|p1a: smogon set shame|27\/100\n|-hitcount|p1a: smogon set shame|5\n|move|p1a: smogon set shame|Shadow Ball|p2a: ACID\n|-damage|p2a: ACID|0 fnt\n|faint|p2a: ACID\n|\n|win|Rpeezy\n|c|\u2606Rpeezy|gg!!!\n|c|\u2606Rpeezy|this was actually amazing\n|c|\u2606CloudlessGamer|GG\n|c| S3nKay|gg\n|c|\u2606Rpeezy|i was on the backfoot so many times, really well done\n|l|\u2606CloudlessGamer\n|c| S3nKay|RAHHHHHHHHHHHHHHH\n|c| Ch3sc0|you guys shouldve gotten to round 69\n|c| S3nKay|unfortunate\n|l| S3nKay\n","uploadtime":1698605581,"views":66,"p1id":"rpeezy","p2id":"cloudlessgamer","formatid":"gen9ubers","rating":0,"private":0,"password":""}