{"id":"gen9ubers-1991558354","p1":"Dueysysgsw","p2":"igor47899","format":"[Gen 9] Ubers","log":"|j|\u2606Dueysysgsw\n|j|\u2606igor47899\n|t:|1700088234\n|gametype|singles\n|player|p1|Dueysysgsw|hiker-gen4|1048\n|player|p2|igor47899|bruno|1000\n|teamsize|p1|6\n|teamsize|p2|6\n|gen|9\n|tier|[Gen 9] Ubers\n|rated|\n|rule|Sleep Clause Mod: Limit one foe put to sleep\n|rule|Species Clause: Limit one of each Pok\u00e9mon\n|rule|OHKO Clause: OHKO moves are banned\n|rule|Evasion Items Clause: Evasion items are banned\n|rule|Evasion Moves Clause: Evasion moves are banned\n|rule|Endless Battle Clause: Forcing endless battles is banned\n|rule|HP Percentage Mod: HP is shown in percentages\n|clearpoke\n|poke|p1|Zacian-*|\n|poke|p1|Flutter Mane|\n|poke|p1|Groudon|\n|poke|p1|Kyogre|\n|poke|p1|Toxapex, M|\n|poke|p1|Koraidon|\n|poke|p2|Mimikyu, F|\n|poke|p2|Gliscor, F|\n|poke|p2|Dragapult, M|\n|poke|p2|Greninja-*, M|\n|poke|p2|Hatterene, F|\n|poke|p2|Toxapex, F|\n|teampreview\n|\n|t:|1700088245\n|start\n|switch|p1a: Groudon|Groudon|100\/100\n|switch|p2a: radiance|Toxapex, F|100\/100\n|-weather|SunnyDay|[from] ability: Drought|[of] p1a: Groudon\n|turn|1\n|\n|t:|1700088251\n|move|p1a: Groudon|Spikes|p2a: radiance\n|-sidestart|p2: igor47899|Spikes\n|move|p2a: radiance|Toxic Spikes|p1a: Groudon\n|-sidestart|p1: Dueysysgsw|move: Toxic Spikes\n|\n|-weather|SunnyDay|[upkeep]\n|upkeep\n|turn|2\n|\n|t:|1700088257\n|switch|p2a: Hatterene|Hatterene, F|100\/100\n|-damage|p2a: Hatterene|88\/100|[from] Spikes\n|move|p1a: Groudon|Spikes|p2a: Hatterene\n|move|p2a: Hatterene|Spikes|p1a: Groudon|[from]ability: Magic Bounce\n|-sidestart|p1: Dueysysgsw|Spikes\n|\n|-weather|SunnyDay|[upkeep]\n|-heal|p2a: Hatterene|94\/100|[from] item: Leftovers\n|upkeep\n|turn|3\n|inactive|Battle timer is ON: inactive players will automatically lose when time's up. (requested by Dueysysgsw)\n|\n|t:|1700088283\n|switch|p2a: jiraya|Greninja, M|100\/100\n|-damage|p2a: jiraya|88\/100|[from] Spikes\n|move|p1a: Groudon|Precipice Blades|p2a: jiraya\n|-damage|p2a: jiraya|0 fnt\n|faint|p2a: jiraya\n|\n|-weather|SunnyDay|[upkeep]\n|upkeep\n|\n|t:|1700088290\n|switch|p2a: Hatterene|Hatterene, F|94\/100\n|-damage|p2a: Hatterene|82\/100|[from] Spikes\n|turn|4\n|\n|t:|1700088294\n|move|p1a: Groudon|Precipice Blades|p2a: Hatterene\n|-damage|p2a: Hatterene|19\/100\n|move|p2a: Hatterene|Calm Mind|p2a: Hatterene\n|-boost|p2a: Hatterene|spa|1\n|-boost|p2a: Hatterene|spd|1\n|\n|-weather|SunnyDay|[upkeep]\n|-heal|p2a: Hatterene|25\/100|[from] item: Leftovers\n|upkeep\n|turn|5\n|\n|t:|1700088298\n|move|p1a: Groudon|Precipice Blades|p2a: Hatterene\n|-damage|p2a: Hatterene|0 fnt\n|faint|p2a: Hatterene\n|\n|-weather|none\n|upkeep\n|\n|t:|1700088302\n|switch|p2a: 1v6|Mimikyu, F|100\/100\n|-damage|p2a: 1v6|88\/100|[from] Spikes\n|turn|6\n|\n|t:|1700088305\n|move|p2a: 1v6|Swords Dance|p2a: 1v6\n|-boost|p2a: 1v6|atk|2\n|move|p1a: Groudon|Will-O-Wisp|p2a: 1v6\n|-status|p2a: 1v6|brn\n|\n|-damage|p2a: 1v6|82\/100 brn|[from] brn\n|upkeep\n|turn|7\n|\n|t:|1700088308\n|move|p2a: 1v6|Play Rough|p1a: Groudon\n|-damage|p1a: Groudon|77\/100\n|-damage|p2a: 1v6|66\/100 brn|[from] item: Rocky Helmet|[of] p1a: Groudon\n|-damage|p2a: 1v6|56\/100 brn|[from] item: Life Orb\n|move|p1a: Groudon|Spikes|p2a: 1v6\n|-sidestart|p2: igor47899|Spikes\n|\n|-damage|p2a: 1v6|50\/100 brn|[from] brn\n|upkeep\n|turn|8\n|\n|t:|1700088314\n|move|p2a: 1v6|Play Rough|p1a: Groudon\n|-damage|p1a: Groudon|53\/100\n|-damage|p2a: 1v6|34\/100 brn|[from] item: Rocky Helmet|[of] p1a: Groudon\n|-damage|p2a: 1v6|24\/100 brn|[from] item: Life Orb\n|move|p1a: Groudon|Spikes|p2a: 1v6\n|-sidestart|p2: igor47899|Spikes\n|\n|-damage|p2a: 1v6|18\/100 brn|[from] brn\n|upkeep\n|turn|9\n|-message|igor47899 forfeited.\n|\n|win|Dueysysgsw\n|raw|Dueysysgsw's rating: 1048 &rarr; <strong>1076<\/strong><br \/>(+28 for winning)\n|raw|igor47899's rating: 1000 &rarr; <strong>1000<\/strong><br \/>(+0 for losing)\n|l|\u2606igor47899\n","uploadtime":1700088332,"views":11,"p1id":"dueysysgsw","p2id":"igor47899","formatid":"gen9ubers","rating":1000,"private":0,"password":""}