{"id":"gen9ubers-1984861699","p1":"Low Tier Junk","p2":"manwhocouldntcook","format":"[Gen 9] Ubers","log":"|j|\u2606Low Tier Junk\n|j|\u2606manwhocouldntcook\n|t:|1699305377\n|gametype|singles\n|player|p1|Low Tier Junk|preschooler|\n|player|p2|manwhocouldntcook|chili|\n|teamsize|p1|6\n|teamsize|p2|6\n|gen|9\n|tier|[Gen 9] Ubers\n|rule|Sleep Clause Mod: Limit one foe put to sleep\n|rule|Species Clause: Limit one of each Pok\u00e9mon\n|rule|OHKO Clause: OHKO moves are banned\n|rule|Evasion Items Clause: Evasion items are banned\n|rule|Evasion Moves Clause: Evasion moves are banned\n|rule|Endless Battle Clause: Forcing endless battles is banned\n|rule|HP Percentage Mod: HP is shown in percentages\n|clearpoke\n|poke|p1|Magearna|\n|poke|p1|Cyclizar, F|\n|poke|p1|Espathra, M|\n|poke|p1|Arceus-Fighting|\n|poke|p1|Chi-Yu|\n|poke|p1|Sableye, F|\n|poke|p2|Ninetales-Alola, M|\n|poke|p2|Palkia-Origin|\n|poke|p2|Urshifu-*, F|\n|poke|p2|Cyclizar, M|\n|poke|p2|Volcarona, F|\n|poke|p2|Arceus-Ghost|\n|teampreview\n|c|\u2606manwhocouldntcook|gl hf\n|\n|t:|1699305401\n|start\n|switch|p1a: Kordidon|Cyclizar, F|100\/100\n|switch|p2a: Cyclizar|Cyclizar, M|100\/100\n|turn|1\n|\n|t:|1699305418\n|move|p1a: Kordidon|Shed Tail|p1a: Kordidon\n|-start|p1a: Kordidon|Substitute|[from] move: Shed Tail\n|-damage|p1a: Kordidon|50\/100\n|\n|t:|1699305423\n|switch|p1a: HoundStown|Espathra, M|100\/100|[from] Shed Tail\n|move|p2a: Cyclizar|Draco Meteor|p1a: HoundStown\n|-end|p1a: HoundStown|Substitute\n|-unboost|p2a: Cyclizar|spa|2\n|\n|upkeep\n|turn|2\n|inactive|Battle timer is ON: inactive players will automatically lose when time's up. (requested by manwhocouldntcook)\n|\n|t:|1699305432\n|move|p2a: Cyclizar|Taunt|p1a: HoundStown\n|-start|p1a: HoundStown|move: Taunt\n|cant|p1a: HoundStown|move: Taunt|Calm Mind\n|\n|-ability|p1a: HoundStown|Speed Boost|boost\n|-boost|p1a: HoundStown|spe|1\n|upkeep\n|turn|3\n|\n|t:|1699305443\n|switch|p1a: Arceus|Arceus-Fighting|100\/100\n|move|p2a: Cyclizar|Shed Tail|p2a: Cyclizar\n|-start|p2a: Cyclizar|Substitute|[from] move: Shed Tail\n|-damage|p2a: Cyclizar|50\/100\n|\n|t:|1699305458\n|switch|p2a: Arceus|Arceus-Ghost|100\/100|[from] Shed Tail\n|\n|upkeep\n|turn|4\n|\n|t:|1699305476\n|move|p2a: Arceus|Dragon Dance|p2a: Arceus\n|-boost|p2a: Arceus|atk|1\n|-boost|p2a: Arceus|spe|1\n|move|p1a: Arceus|Cosmic Power|p1a: Arceus\n|-boost|p1a: Arceus|def|1\n|-boost|p1a: Arceus|spd|1\n|\n|upkeep\n|turn|5\n|\n|t:|1699305500\n|move|p2a: Arceus|Dragon Dance|p2a: Arceus\n|-boost|p2a: Arceus|atk|1\n|-boost|p2a: Arceus|spe|1\n|move|p1a: Arceus|Cosmic Power|p1a: Arceus\n|-boost|p1a: Arceus|def|1\n|-boost|p1a: Arceus|spd|1\n|\n|upkeep\n|turn|6\n|\n|t:|1699305505\n|move|p2a: Arceus|Dragon Dance|p2a: Arceus\n|-boost|p2a: Arceus|atk|1\n|-boost|p2a: Arceus|spe|1\n|move|p1a: Arceus|Cosmic Power|p1a: Arceus\n|-boost|p1a: Arceus|def|1\n|-boost|p1a: Arceus|spd|1\n|\n|upkeep\n|turn|7\n|\n|t:|1699305512\n|move|p2a: Arceus|Dragon Dance|p2a: Arceus\n|-boost|p2a: Arceus|atk|1\n|-boost|p2a: Arceus|spe|1\n|move|p1a: Arceus|Cosmic Power|p1a: Arceus\n|-boost|p1a: Arceus|def|1\n|-boost|p1a: Arceus|spd|1\n|\n|upkeep\n|turn|8\n|\n|t:|1699305518\n|move|p2a: Arceus|Dragon Dance|p2a: Arceus\n|-boost|p2a: Arceus|atk|1\n|-boost|p2a: Arceus|spe|1\n|move|p1a: Arceus|Cosmic Power|p1a: Arceus\n|-boost|p1a: Arceus|def|1\n|-boost|p1a: Arceus|spd|1\n|\n|upkeep\n|turn|9\n|\n|t:|1699305527\n|move|p2a: Arceus|Dragon Dance|p2a: Arceus\n|-boost|p2a: Arceus|atk|1\n|-boost|p2a: Arceus|spe|1\n|move|p1a: Arceus|Stored Power|p2a: Arceus\n|-end|p2a: Arceus|Substitute\n|\n|upkeep\n|turn|10\n|\n|t:|1699305534\n|move|p2a: Arceus|Shadow Claw|p1a: Arceus\n|-damage|p1a: Arceus|73\/100\n|move|p1a: Arceus|Stored Power|p2a: Arceus\n|-damage|p2a: Arceus|59\/100\n|\n|upkeep\n|turn|11\n|\n|t:|1699305540\n|move|p2a: Arceus|Shadow Claw|p1a: Arceus\n|-damage|p1a: Arceus|49\/100\n|move|p1a: Arceus|Stored Power|p2a: Arceus\n|-damage|p2a: Arceus|12\/100\n|\n|upkeep\n|turn|12\n|\n|t:|1699305546\n|move|p2a: Arceus|Shadow Claw|p1a: Arceus\n|-damage|p1a: Arceus|25\/100\n|move|p1a: Arceus|Recover|p1a: Arceus\n|-heal|p1a: Arceus|75\/100\n|\n|upkeep\n|turn|13\n|\n|t:|1699305551\n|move|p2a: Arceus|Shadow Claw|p1a: Arceus\n|-damage|p1a: Arceus|47\/100\n|move|p1a: Arceus|Stored Power|p2a: Arceus\n|-damage|p2a: Arceus|0 fnt\n|faint|p2a: Arceus\n|\n|upkeep\n|\n|t:|1699305562\n|switch|p2a: Cyclizar|Cyclizar, M|84\/100\n|turn|14\n|\n|t:|1699305571\n|move|p2a: Cyclizar|Taunt|p1a: Arceus\n|-start|p1a: Arceus|move: Taunt\n|move|p1a: Arceus|Body Press|p2a: Cyclizar\n|-supereffective|p2a: Cyclizar\n|-damage|p2a: Cyclizar|0 fnt\n|faint|p2a: Cyclizar\n|\n|upkeep\n|\n|t:|1699305581\n|switch|p2a: Urshifu|Urshifu, F|100\/100\n|turn|15\n|\n|t:|1699305590\n|move|p2a: Urshifu|Wicked Blow|p1a: Arceus\n|-resisted|p1a: Arceus\n|-crit|p1a: Arceus\n|-damage|p1a: Arceus|32\/100\n|move|p1a: Arceus|Body Press|p2a: Urshifu\n|-supereffective|p2a: Urshifu\n|-enditem|p2a: Urshifu|Focus Sash\n|-damage|p2a: Urshifu|1\/100\n|\n|upkeep\n|turn|16\n|\n|t:|1699305599\n|move|p2a: Urshifu|Reversal|p1a: Arceus\n|-damage|p1a: Arceus|16\/100\n|move|p1a: Arceus|Body Press|p2a: Urshifu\n|-supereffective|p2a: Urshifu\n|-damage|p2a: Urshifu|0 fnt\n|faint|p2a: Urshifu\n|\n|-end|p1a: Arceus|move: Taunt\n|upkeep\n|\n|t:|1699305602\n|switch|p2a: Palkia|Palkia-Origin|100\/100\n|-ability|p2a: Palkia|Pressure\n|turn|17\n|\n|t:|1699305607\n|move|p2a: Palkia|Spacial Rend|p1a: Arceus\n|-damage|p1a: Arceus|2\/100\n|move|p1a: Arceus|Recover|p1a: Arceus\n|-heal|p1a: Arceus|52\/100\n|\n|upkeep\n|turn|18\n|\n|t:|1699305631\n|move|p2a: Palkia|Spacial Rend|p1a: Arceus\n|-damage|p1a: Arceus|38\/100\n|move|p1a: Arceus|Stored Power|p2a: Palkia\n|-damage|p2a: Palkia|50\/100\n|\n|upkeep\n|turn|19\n|\n|t:|1699305637\n|move|p2a: Palkia|Spacial Rend|p1a: Arceus\n|-damage|p1a: Arceus|24\/100\n|move|p1a: Arceus|Stored Power|p2a: Palkia\n|-damage|p2a: Palkia|0 fnt\n|faint|p2a: Palkia\n|\n|upkeep\n|\n|t:|1699305640\n|switch|p2a: Ninetales|Ninetales-Alola, M|100\/100\n|-weather|Snow|[from] ability: Snow Warning|[of] p2a: Ninetales\n|turn|20\n|\n|t:|1699305645\n|move|p2a: Ninetales|Encore|p1a: Arceus\n|-start|p1a: Arceus|Encore\n|move|p1a: Arceus|Stored Power|p2a: Ninetales\n|-damage|p2a: Ninetales|25\/100\n|\n|-weather|Snow|[upkeep]\n|upkeep\n|turn|21\n|\n|t:|1699305652\n|move|p2a: Ninetales|Aurora Veil|p2a: Ninetales\n|-sidestart|p2: manwhocouldntcook|move: Aurora Veil\n|move|p1a: Arceus|Stored Power|p2a: Ninetales\n|-damage|p2a: Ninetales|0 fnt\n|faint|p2a: Ninetales\n|\n|-weather|Snow|[upkeep]\n|upkeep\n|\n|t:|1699305654\n|switch|p2a: Volcarona|Volcarona, F|100\/100\n|turn|22\n|\n|t:|1699305661\n|-terastallize|p2a: Volcarona|Dark\n|move|p1a: Arceus|Stored Power|p2a: Volcarona\n|-immune|p2a: Volcarona\n|move|p2a: Volcarona|Quiver Dance|p2a: Volcarona\n|-boost|p2a: Volcarona|spa|1\n|-boost|p2a: Volcarona|spd|1\n|-boost|p2a: Volcarona|spe|1\n|\n|-weather|Snow|[upkeep]\n|-end|p1a: Arceus|Encore\n|upkeep\n|turn|23\n|\n|t:|1699305674\n|move|p2a: Volcarona|Fiery Dance|p1a: Arceus\n|-damage|p1a: Arceus|11\/100\n|move|p1a: Arceus|Body Press|p2a: Volcarona\n|-supereffective|p2a: Volcarona\n|-damage|p2a: Volcarona|0 fnt\n|-status|p1a: Arceus|brn|[from] ability: Flame Body|[of] p2a: Volcarona\n|faint|p2a: Volcarona\n|\n|win|Low Tier Junk\n|l|\u2606manwhocouldntcook\n|j|\u2606manwhocouldntcook\n|player|p2|manwhocouldntcook|chili\n|l|\u2606manwhocouldntcook\n|player|p2|\n","uploadtime":1699306346,"views":24,"p1id":"lowtierjunk","p2id":"manwhocouldntcook","formatid":"gen9ubers","rating":0,"private":0,"password":""}