{"id":"gen9ubers-1976200212","p1":"ArcticNubFox","p2":"Niconicolebest","format":"[Gen 9] Ubers","log":"|j|\u2606ArcticNubFox\n|j|\u2606Niconicolebest\n|t:|1698273051\n|gametype|singles\n|player|p1|ArcticNubFox|ghetsis|\n|player|p2|Niconicolebest|1|\n|teamsize|p1|6\n|teamsize|p2|6\n|gen|9\n|tier|[Gen 9] Ubers\n|rule|Sleep Clause Mod: Limit one foe put to sleep\n|rule|Species Clause: Limit one of each Pok\u00e9mon\n|rule|OHKO Clause: OHKO moves are banned\n|rule|Evasion Items Clause: Evasion items are banned\n|rule|Evasion Moves Clause: Evasion moves are banned\n|rule|Endless Battle Clause: Forcing endless battles is banned\n|rule|HP Percentage Mod: HP is shown in percentages\n|clearpoke\n|poke|p1|Arceus-Grass|\n|poke|p1|Basculegion-F, F|\n|poke|p1|Palkia-Origin|\n|poke|p1|Landorus, M|\n|poke|p1|Pelipper, M|\n|poke|p1|Cyclizar, F|\n|poke|p2|Magearna|\n|poke|p2|Shaymin-Sky|\n|poke|p2|Palafin, F|\n|poke|p2|Landorus, M|\n|poke|p2|Dondozo, F|\n|poke|p2|Blissey, F|\n|teampreview\n|inactive|Battle timer is ON: inactive players will automatically lose when time's up. (requested by ArcticNubFox)\n|inactive|Niconicolebest also wants the timer to be on.\n|\n|t:|1698273060\n|start\n|switch|p1a: Arceus|Arceus-Grass|100\/100\n|switch|p2a: Shaymin|Shaymin-Sky, shiny|100\/100\n|turn|1\n|\n|t:|1698273078\n|switch|p1a: Landorus|Landorus, M|100\/100\n|move|p2a: Shaymin|Substitute|p2a: Shaymin\n|-start|p2a: Shaymin|Substitute\n|-damage|p2a: Shaymin|76\/100\n|\n|-heal|p2a: Shaymin|82\/100|[from] item: Leftovers\n|upkeep\n|turn|2\n|\n|t:|1698273092\n|switch|p1a: Arceus|Arceus-Grass|100\/100\n|move|p2a: Shaymin|Air Slash|p1a: Arceus\n|-supereffective|p1a: Arceus\n|-damage|p1a: Arceus|49\/100\n|\n|-heal|p2a: Shaymin|88\/100|[from] item: Leftovers\n|upkeep\n|turn|3\n|\n|t:|1698273098\n|move|p2a: Shaymin|Air Slash|p1a: Arceus\n|-supereffective|p1a: Arceus\n|-damage|p1a: Arceus|4\/100\n|cant|p1a: Arceus|flinch\n|\n|-heal|p2a: Shaymin|94\/100|[from] item: Leftovers\n|upkeep\n|turn|4\n|\n|t:|1698273105\n|move|p2a: Shaymin|Air Slash|p1a: Arceus\n|-supereffective|p1a: Arceus\n|-damage|p1a: Arceus|0 fnt\n|faint|p1a: Arceus\n|\n|-heal|p2a: Shaymin|99\/100|[from] item: Leftovers\n|upkeep\n|\n|t:|1698273108\n|switch|p1a: Pelipper|Pelipper, M|100\/100\n|-weather|RainDance|[from] ability: Drizzle|[of] p1a: Pelipper\n|turn|5\n|\n|t:|1698273114\n|move|p2a: Shaymin|Seed Flare|p1a: Pelipper\n|-damage|p1a: Pelipper|39\/100\n|move|p1a: Pelipper|Tailwind|p1a: Pelipper\n|-sidestart|p1: ArcticNubFox|move: Tailwind\n|\n|-weather|RainDance|[upkeep]\n|-heal|p2a: Shaymin|100\/100|[from] item: Leftovers\n|upkeep\n|turn|6\n|\n|t:|1698273121\n|move|p2a: Shaymin|Tailwind|p2a: Shaymin\n|-sidestart|p2: Niconicolebest|move: Tailwind\n|move|p1a: Pelipper|U-turn|p2a: Shaymin\n|-activate|p2a: Shaymin|move: Substitute|[damage]\n|\n|t:|1698273140\n|switch|p1a: Basculegion|Basculegion-F, F|100\/100|[from] U-turn\n|\n|-weather|RainDance|[upkeep]\n|upkeep\n|turn|7\n|\n|t:|1698273146\n|move|p1a: Basculegion|Last Respects|p2a: Shaymin\n|-end|p2a: Shaymin|Substitute\n|move|p2a: Shaymin|Air Slash|p1a: Basculegion|[miss]\n|-miss|p2a: Shaymin|p1a: Basculegion\n|\n|-weather|RainDance|[upkeep]\n|upkeep\n|turn|8\n|\n|t:|1698273152\n|move|p1a: Basculegion|Last Respects|p2a: Shaymin\n|-damage|p2a: Shaymin|12\/100\n|move|p2a: Shaymin|Seed Flare|p1a: Basculegion\n|-supereffective|p1a: Basculegion\n|-damage|p1a: Basculegion|0 fnt\n|faint|p1a: Basculegion\n|\n|-weather|RainDance|[upkeep]\n|-heal|p2a: Shaymin|18\/100|[from] item: Leftovers\n|-sideend|p1: ArcticNubFox|move: Tailwind\n|upkeep\n|\n|t:|1698273160\n|switch|p1a: Cyclizar|Cyclizar, F|100\/100\n|turn|9\n|\n|t:|1698273164\n|move|p2a: Shaymin|Air Slash|p1a: Cyclizar\n|-damage|p1a: Cyclizar|47\/100\n|cant|p1a: Cyclizar|flinch\n|\n|-weather|RainDance|[upkeep]\n|-heal|p2a: Shaymin|25\/100|[from] item: Leftovers\n|-sideend|p2: Niconicolebest|move: Tailwind\n|upkeep\n|turn|10\n|\n|t:|1698273169\n|move|p2a: Shaymin|Tailwind|p2a: Shaymin\n|-sidestart|p2: Niconicolebest|move: Tailwind\n|move|p1a: Cyclizar|Rapid Spin|p2a: Shaymin\n|-damage|p2a: Shaymin|2\/100\n|-boost|p1a: Cyclizar|spe|1\n|\n|-weather|RainDance|[upkeep]\n|-heal|p2a: Shaymin|8\/100|[from] item: Leftovers\n|upkeep\n|turn|11\n|\n|t:|1698273175\n|move|p2a: Shaymin|Air Slash|p1a: Cyclizar\n|-crit|p1a: Cyclizar\n|-damage|p1a: Cyclizar|0 fnt\n|faint|p1a: Cyclizar\n|\n|-weather|RainDance|[upkeep]\n|-heal|p2a: Shaymin|15\/100|[from] item: Leftovers\n|upkeep\n|\n|t:|1698273179\n|switch|p1a: Palkia|Palkia-Origin|100\/100\n|-ability|p1a: Palkia|Pressure\n|turn|12\n|\n|t:|1698273185\n|move|p2a: Shaymin|Seed Flare|p1a: Palkia\n|-damage|p1a: Palkia|42\/100\n|move|p1a: Palkia|Hydro Pump|p2a: Shaymin\n|-resisted|p2a: Shaymin\n|-damage|p2a: Shaymin|0 fnt\n|faint|p2a: Shaymin\n|\n|-weather|none\n|upkeep\n|\n|t:|1698273193\n|switch|p2a: Blissey|Blissey, F, shiny|100\/100\n|turn|13\n|\n|t:|1698273201\n|switch|p1a: Landorus|Landorus, M|100\/100\n|move|p2a: Blissey|Thunder Wave|p1a: Landorus\n|-immune|p1a: Landorus\n|\n|-sideend|p2: Niconicolebest|move: Tailwind\n|upkeep\n|turn|14\n|\n|t:|1698273206\n|move|p1a: Landorus|Nasty Plot|p1a: Landorus\n|-boost|p1a: Landorus|spa|2\n|move|p2a: Blissey|Seismic Toss|p1a: Landorus\n|-damage|p1a: Landorus|69\/100\n|\n|upkeep\n|turn|15\n|\n|t:|1698273212\n|move|p1a: Landorus|Nasty Plot|p1a: Landorus\n|-boost|p1a: Landorus|spa|2\n|move|p2a: Blissey|Seismic Toss|p1a: Landorus\n|-damage|p1a: Landorus|38\/100\n|\n|upkeep\n|turn|16\n|\n|t:|1698273215\n|move|p1a: Landorus|Focus Blast|p2a: Blissey\n|-supereffective|p2a: Blissey\n|-damage|p2a: Blissey|0 fnt\n|faint|p2a: Blissey\n|\n|upkeep\n|\n|t:|1698273219\n|switch|p2a: Dondozo|Dondozo, F, shiny|100\/100\n|turn|17\n|\n|t:|1698273223\n|move|p1a: Landorus|Sludge Bomb|p2a: Dondozo\n|-damage|p2a: Dondozo|57\/100\n|move|p2a: Dondozo|Wave Crash|p1a: Landorus\n|-supereffective|p1a: Landorus\n|-damage|p1a: Landorus|0 fnt\n|faint|p1a: Landorus\n|-damage|p2a: Dondozo|50\/100|[from] Recoil\n|\n|-heal|p2a: Dondozo|56\/100|[from] item: Leftovers\n|upkeep\n|\n|t:|1698273231\n|switch|p1a: Pelipper|Pelipper, M|39\/100\n|-weather|RainDance|[from] ability: Drizzle|[of] p1a: Pelipper\n|turn|18\n|\n|t:|1698273238\n|move|p1a: Pelipper|Tailwind|p1a: Pelipper\n|-sidestart|p1: ArcticNubFox|move: Tailwind\n|move|p2a: Dondozo|Wave Crash|p1a: Pelipper\n|-resisted|p1a: Pelipper\n|-damage|p1a: Pelipper|7\/100\n|-damage|p2a: Dondozo|49\/100|[from] Recoil\n|\n|-weather|RainDance|[upkeep]\n|-heal|p2a: Dondozo|55\/100|[from] item: Leftovers\n|upkeep\n|turn|19\n|\n|t:|1698273250\n|move|p1a: Pelipper|Knock Off|p2a: Dondozo\n|-damage|p2a: Dondozo|50\/100\n|-enditem|p2a: Dondozo|Leftovers|[from] move: Knock Off|[of] p1a: Pelipper\n|move|p2a: Dondozo|Body Press|p1a: Pelipper\n|-resisted|p1a: Pelipper\n|-damage|p1a: Pelipper|0 fnt\n|faint|p1a: Pelipper\n|\n|-weather|RainDance|[upkeep]\n|upkeep\n|\n|t:|1698273255\n|switch|p1a: Palkia|Palkia-Origin|42\/100\n|-ability|p1a: Palkia|Pressure\n|turn|20\n|\n|t:|1698273261\n|move|p1a: Palkia|Thunder|p2a: Dondozo\n|-supereffective|p2a: Dondozo\n|-damage|p2a: Dondozo|0 fnt\n|faint|p2a: Dondozo\n|\n|-weather|RainDance|[upkeep]\n|upkeep\n|\n|t:|1698273266\n|switch|p2a: Landorus|Landorus, M, shiny|100\/100\n|turn|21\n|\n|t:|1698273273\n|move|p1a: Palkia|Hydro Pump|p2a: Landorus\n|-supereffective|p2a: Landorus\n|-damage|p2a: Landorus|0 fnt\n|faint|p2a: Landorus\n|\n|-weather|RainDance|[upkeep]\n|-sideend|p1: ArcticNubFox|move: Tailwind\n|upkeep\n|\n|t:|1698273278\n|switch|p2a: Palafin|Palafin, F, shiny|100\/100\n|turn|22\n|\n|t:|1698273280\n|detailschange|p2a: Palafin|Palafin-Hero, F, shiny\n|switch|p2a: Magearna|Magearna|100\/100\n|move|p1a: Palkia|Thunder|p2a: Magearna\n|-damage|p2a: Magearna|72\/100\n|\n|-weather|RainDance|[upkeep]\n|-heal|p2a: Magearna|78\/100|[from] item: Leftovers\n|upkeep\n|turn|23\n|\n|t:|1698273292\n|-terastallize|p1a: Palkia|Fairy\n|move|p1a: Palkia|Hydro Pump|p2a: Magearna\n|-damage|p2a: Magearna|2\/100\n|move|p2a: Magearna|Shift Gear|p2a: Magearna\n|-boost|p2a: Magearna|spe|2\n|-boost|p2a: Magearna|atk|1\n|\n|-weather|RainDance|[upkeep]\n|-heal|p2a: Magearna|8\/100|[from] item: Leftovers\n|upkeep\n|turn|24\n|\n|t:|1698273302\n|move|p1a: Palkia|Thunder|p2a: Magearna\n|-damage|p2a: Magearna|0 fnt\n|faint|p2a: Magearna\n|\n|-weather|RainDance|[upkeep]\n|upkeep\n|\n|t:|1698273304\n|switch|p2a: Palafin|Palafin-Hero, F, shiny|100\/100\n|-activate|p2a: Palafin|ability: Zero to Hero\n|turn|25\n|\n|t:|1698273308\n|-terastallize|p2a: Palafin|Water\n|move|p2a: Palafin|Jet Punch|p1a: Palkia\n|-damage|p1a: Palkia|0 fnt\n|faint|p1a: Palkia\n|\n|win|Niconicolebest\n|c|\u2606Niconicolebest|gg\n|c|\u2606ArcticNubFox|gg\n","uploadtime":1698273322,"views":12,"p1id":"arcticnubfox","p2id":"niconicolebest","formatid":"gen9ubers","rating":0,"private":0,"password":""}