{"id":"gen9ubers-1970041465","p1":"leonissenbaum","p2":"jordblast","format":"[Gen 9] Ubers","log":"|j|\u2606leonissenbaum\n|j|\u2606jordblast\n|t:|1697588076\n|gametype|singles\n|player|p1|leonissenbaum|leon|\n|player|p2|jordblast|2|\n|teamsize|p1|6\n|teamsize|p2|6\n|gen|9\n|tier|[Gen 9] Ubers\n|rule|Sleep Clause Mod: Limit one foe put to sleep\n|rule|Species Clause: Limit one of each Pok\u00e9mon\n|rule|OHKO Clause: OHKO moves are banned\n|rule|Evasion Items Clause: Evasion items are banned\n|rule|Evasion Moves Clause: Evasion moves are banned\n|rule|Endless Battle Clause: Forcing endless battles is banned\n|rule|HP Percentage Mod: HP is shown in percentages\n|clearpoke\n|poke|p1|Giratina|\n|poke|p1|Gliscor, M|\n|poke|p1|Blissey, F|\n|poke|p1|Dondozo, F|\n|poke|p1|Clefable, M|\n|poke|p1|Slowking-Galar, F|\n|poke|p2|Palkia-Origin|\n|poke|p2|Enamorus-Therian, F|\n|poke|p2|Mimikyu, F|\n|poke|p2|Arceus-Grass|\n|poke|p2|Gholdengo|\n|poke|p2|Dondozo, F|\n|teampreview\n|c|\u2606leonissenbaum|woah\n|c|\u2606leonissenbaum|never saw enamorus or mimikyu's before\n|c|\u2606jordblast|suprise\n|c|\u2606jordblast|yeah no these arent used\n|c|\u2606jordblast|im trying some strats to spice things up\n|c|\u2606leonissenbaum|oo cool\n|\n|t:|1697588128\n|start\n|switch|p1a: Slowking|Slowking-Galar, F|100\/100\n|switch|p2a: Palkia|Palkia-Origin|100\/100\n|-ability|p2a: Palkia|Pressure\n|turn|1\n|\n|t:|1697588135\n|move|p2a: Palkia|Earth Power|p1a: Slowking\n|-supereffective|p1a: Slowking\n|-damage|p1a: Slowking|62\/100\n|move|p1a: Slowking|Toxic Spikes|p2a: Palkia\n|-sidestart|p2: jordblast|move: Toxic Spikes\n|\n|upkeep\n|turn|2\n|\n|t:|1697588143\n|move|p2a: Palkia|Draco Meteor|p1a: Slowking\n|-damage|p1a: Slowking|6\/100\n|-unboost|p2a: Palkia|spa|2\n|move|p1a: Slowking|Toxic Spikes|p2a: Palkia\n|-sidestart|p2: jordblast|move: Toxic Spikes\n|\n|upkeep\n|turn|3\n|\n|t:|1697588154\n|switch|p1a: Gliscor|Gliscor, M|100\/100\n|move|p2a: Palkia|Earth Power|p1a: Gliscor\n|-immune|p1a: Gliscor\n|\n|-status|p1a: Gliscor|tox|[from] item: Toxic Orb\n|upkeep\n|turn|4\n|\n|t:|1697588167\n|move|p2a: Palkia|Hydro Pump|p1a: Gliscor\n|-supereffective|p1a: Gliscor\n|-damage|p1a: Gliscor|36\/100 tox\n|move|p1a: Gliscor|Spikes|p2a: Palkia\n|-sidestart|p2: jordblast|Spikes\n|\n|-heal|p1a: Gliscor|48\/100 tox|[from] ability: Poison Heal\n|upkeep\n|turn|5\n|\n|t:|1697588174\n|move|p1a: Gliscor|Protect|p1a: Gliscor\n|-singleturn|p1a: Gliscor|Protect\n|move|p2a: Palkia|Hydro Pump|p1a: Gliscor\n|-activate|p1a: Gliscor|move: Protect\n|\n|-heal|p1a: Gliscor|60\/100 tox|[from] ability: Poison Heal\n|upkeep\n|turn|6\n|\n|t:|1697588185\n|switch|p1a: Blissey|Blissey, F|100\/100\n|move|p2a: Palkia|Hydro Pump|p1a: Blissey|[miss]\n|-miss|p2a: Palkia|p1a: Blissey\n|\n|upkeep\n|turn|7\n|\n|t:|1697588195\n|switch|p2a: Enamorus|Enamorus-Therian, F|100\/100\n|move|p1a: Blissey|Seismic Toss|p2a: Enamorus\n|-damage|p2a: Enamorus|72\/100\n|\n|upkeep\n|turn|8\n|\n|t:|1697588202\n|switch|p2a: Gholdengo|Gholdengo|100\/100\n|-item|p2a: Gholdengo|Air Balloon\n|move|p1a: Blissey|Seismic Toss|p2a: Gholdengo\n|-immune|p2a: Gholdengo\n|\n|upkeep\n|turn|9\n|\n|t:|1697588213\n|move|p2a: Gholdengo|Nasty Plot|p2a: Gholdengo\n|-boost|p2a: Gholdengo|spa|2\n|move|p1a: Blissey|Calm Mind|p1a: Blissey\n|-boost|p1a: Blissey|spa|1\n|-boost|p1a: Blissey|spd|1\n|\n|upkeep\n|turn|10\n|\n|t:|1697588219\n|move|p2a: Gholdengo|Nasty Plot|p2a: Gholdengo\n|-boost|p2a: Gholdengo|spa|2\n|move|p1a: Blissey|Calm Mind|p1a: Blissey\n|-boost|p1a: Blissey|spa|1\n|-boost|p1a: Blissey|spd|1\n|\n|upkeep\n|turn|11\n|\n|t:|1697588224\n|move|p2a: Gholdengo|Nasty Plot|p2a: Gholdengo\n|-boost|p2a: Gholdengo|spa|2\n|move|p1a: Blissey|Calm Mind|p1a: Blissey\n|-boost|p1a: Blissey|spa|1\n|-boost|p1a: Blissey|spd|1\n|\n|upkeep\n|turn|12\n|\n|t:|1697588229\n|move|p1a: Blissey|Protect|p1a: Blissey\n|-singleturn|p1a: Blissey|Protect\n|move|p2a: Gholdengo|Make It Rain|p1a: Blissey\n|-activate|p1a: Blissey|move: Protect\n|\n|upkeep\n|turn|13\n|j| vespyyy\n|\n|t:|1697588234\n|move|p2a: Gholdengo|Make It Rain|p1a: Blissey\n|-damage|p1a: Blissey|69\/100\n|-unboost|p2a: Gholdengo|spa|1\n|move|p1a: Blissey|Calm Mind|p1a: Blissey\n|-boost|p1a: Blissey|spa|1\n|-boost|p1a: Blissey|spd|1\n|\n|-heal|p1a: Blissey|75\/100|[from] item: Leftovers\n|upkeep\n|turn|14\n|\n|t:|1697588247\n|switch|p2a: Mimikyu|Mimikyu, F|100\/100\n|-status|p2a: Mimikyu|tox\n|-damage|p2a: Mimikyu|88\/100 tox|[from] Spikes\n|move|p1a: Blissey|Calm Mind|p1a: Blissey\n|-boost|p1a: Blissey|spa|1\n|-boost|p1a: Blissey|spd|1\n|\n|-heal|p1a: Blissey|81\/100|[from] item: Leftovers\n|-damage|p2a: Mimikyu|82\/100 tox|[from] psn\n|upkeep\n|turn|15\n|\n|t:|1697588258\n|switch|p1a: Gliscor|Gliscor, M|60\/100 tox\n|move|p2a: Mimikyu|Play Rough|p1a: Gliscor\n|-damage|p1a: Gliscor|26\/100 tox\n|-damage|p2a: Mimikyu|72\/100 tox|[from] item: Life Orb\n|\n|-damage|p2a: Mimikyu|60\/100 tox|[from] psn\n|-heal|p1a: Gliscor|38\/100 tox|[from] ability: Poison Heal\n|upkeep\n|turn|16\n|\n|t:|1697588268\n|move|p1a: Gliscor|Protect|p1a: Gliscor\n|-singleturn|p1a: Gliscor|Protect\n|move|p2a: Mimikyu|Play Rough|p1a: Gliscor\n|-activate|p1a: Gliscor|move: Protect\n|\n|-damage|p2a: Mimikyu|42\/100 tox|[from] psn\n|-heal|p1a: Gliscor|51\/100 tox|[from] ability: Poison Heal\n|upkeep\n|turn|17\n|\n|t:|1697588276\n|move|p2a: Mimikyu|Play Rough|p1a: Gliscor\n|-damage|p1a: Gliscor|11\/100 tox\n|-damage|p2a: Mimikyu|32\/100 tox|[from] item: Life Orb\n|move|p1a: Gliscor|Knock Off|p2a: Mimikyu\n|-activate|p2a: Mimikyu|ability: Disguise\n|-damage|p2a: Mimikyu|32\/100 tox\n|-enditem|p2a: Mimikyu|Life Orb|[from] move: Knock Off|[of] p1a: Gliscor\n|detailschange|p2a: Mimikyu|Mimikyu-Busted, F\n|-damage|p2a: Mimikyu|20\/100 tox|[from] pokemon: Mimikyu-Busted\n|\n|-damage|p2a: Mimikyu|0 fnt|[from] psn\n|faint|p2a: Mimikyu\n|-heal|p1a: Gliscor|23\/100 tox|[from] ability: Poison Heal\n|upkeep\n|\n|t:|1697588282\n|switch|p2a: Dondozo|Dondozo, F|100\/100\n|-status|p2a: Dondozo|tox\n|-damage|p2a: Dondozo|88\/100 tox|[from] Spikes\n|turn|18\n|\n|t:|1697588286\n|move|p1a: Gliscor|Protect|p1a: Gliscor\n|-singleturn|p1a: Gliscor|Protect\n|move|p2a: Dondozo|Wave Crash|p1a: Gliscor\n|-activate|p1a: Gliscor|move: Protect\n|\n|-heal|p1a: Gliscor|36\/100 tox|[from] ability: Poison Heal\n|-damage|p2a: Dondozo|82\/100 tox|[from] psn\n|upkeep\n|turn|19\n|\n|t:|1697588301\n|switch|p1a: Clefable|Clefable, M|100\/100\n|move|p2a: Dondozo|Wave Crash|p1a: Clefable\n|-damage|p1a: Clefable|57\/100\n|-damage|p2a: Dondozo|71\/100 tox|[from] Recoil\n|\n|-heal|p1a: Clefable|63\/100|[from] item: Leftovers\n|-damage|p2a: Dondozo|59\/100 tox|[from] psn\n|upkeep\n|turn|20\n|\n|t:|1697588306\n|move|p1a: Clefable|Stealth Rock|p2a: Dondozo\n|-sidestart|p2: jordblast|move: Stealth Rock\n|move|p2a: Dondozo|Rest|p2a: Dondozo\n|-status|p2a: Dondozo|slp|[from] move: Rest\n|-heal|p2a: Dondozo|100\/100 slp|[silent]\n|\n|-heal|p1a: Clefable|69\/100|[from] item: Leftovers\n|upkeep\n|turn|21\n|\n|t:|1697588312\n|move|p1a: Clefable|Moonlight|p1a: Clefable\n|-heal|p1a: Clefable|100\/100\n|cant|p2a: Dondozo|slp\n|move|p2a: Dondozo|Sleep Talk|p2a: Dondozo\n|move|p2a: Dondozo|Curse|p2a: Dondozo|[from]move: Sleep Talk\n|-unboost|p2a: Dondozo|spe|1\n|-boost|p2a: Dondozo|atk|1\n|-boost|p2a: Dondozo|def|1\n|\n|upkeep\n|turn|22\n|\n|t:|1697588327\n|switch|p1a: Giratina|Giratina, shiny|100\/100\n|-ability|p1a: Giratina|Pressure\n|cant|p2a: Dondozo|slp\n|move|p2a: Dondozo|Sleep Talk|p2a: Dondozo\n|move|p2a: Dondozo|Rest||[from]move: Sleep Talk|[still]\n|-fail|p2a: Dondozo\n|\n|upkeep\n|turn|23\n|c|\u2606jordblast|bro i hate stall\n|\n|t:|1697588339\n|move|p1a: Giratina|Hex|p2a: Dondozo\n|-damage|p2a: Dondozo|58\/100 slp\n|-curestatus|p2a: Dondozo|slp|[msg]\n|move|p2a: Dondozo|Curse|p2a: Dondozo\n|-unboost|p2a: Dondozo|spe|1\n|-boost|p2a: Dondozo|atk|1\n|-boost|p2a: Dondozo|def|1\n|\n|upkeep\n|turn|24\n|c|\u2606leonissenbaum|rip\n|\n|t:|1697588348\n|switch|p2a: Gholdengo|Gholdengo|100\/100\n|-damage|p2a: Gholdengo|94\/100|[from] Stealth Rock\n|-item|p2a: Gholdengo|Air Balloon\n|move|p1a: Giratina|Roar|p2a: Gholdengo\n|-immune|p2a: Gholdengo|[from] ability: Good as Gold\n|\n|upkeep\n|turn|25\n|\n|t:|1697588356\n|move|p2a: Gholdengo|Nasty Plot|p2a: Gholdengo\n|-boost|p2a: Gholdengo|spa|2\n|move|p1a: Giratina|Hex|p2a: Gholdengo\n|-supereffective|p2a: Gholdengo\n|-damage|p2a: Gholdengo|46\/100\n|-enditem|p2a: Gholdengo|Air Balloon\n|\n|upkeep\n|turn|26\n|\n|t:|1697588360\n|move|p2a: Gholdengo|Shadow Ball|p1a: Giratina\n|-supereffective|p1a: Giratina\n|-damage|p1a: Giratina|25\/100\n|move|p1a: Giratina|Hex|p2a: Gholdengo\n|-supereffective|p2a: Gholdengo\n|-damage|p2a: Gholdengo|0 fnt\n|faint|p2a: Gholdengo\n|\n|-heal|p1a: Giratina|31\/100|[from] item: Leftovers\n|upkeep\n|\n|t:|1697588373\n|switch|p2a: Palkia|Palkia-Origin|100\/100\n|-status|p2a: Palkia|tox\n|-damage|p2a: Palkia|88\/100 tox|[from] Spikes\n|-damage|p2a: Palkia|76\/100 tox|[from] Stealth Rock\n|-ability|p2a: Palkia|Pressure\n|turn|27\n|\n|t:|1697588382\n|switch|p1a: Blissey|Blissey, F|81\/100\n|move|p2a: Palkia|Spacial Rend|p1a: Blissey\n|-damage|p1a: Blissey|61\/100\n|\n|-heal|p1a: Blissey|67\/100|[from] item: Leftovers\n|-damage|p2a: Palkia|69\/100 tox|[from] psn\n|upkeep\n|turn|28\n|c| vespyyy|Wow he ate that\n|c| vespyyy|Stay mad jordblast\n|\n|t:|1697588395\n|-terastallize|p2a: Palkia|Water\n|move|p2a: Palkia|Hydro Pump|p1a: Blissey\n|-damage|p1a: Blissey|37\/100\n|move|p1a: Blissey|Soft-Boiled|p1a: Blissey\n|-heal|p1a: Blissey|87\/100\n|\n|-heal|p1a: Blissey|93\/100|[from] item: Leftovers\n|-damage|p2a: Palkia|57\/100 tox|[from] psn\n|upkeep\n|turn|29\n|c|\u2606leonissenbaum|lmao\n|\n|t:|1697588410\n|move|p2a: Palkia|Hydro Pump|p1a: Blissey\n|-damage|p1a: Blissey|64\/100\n|move|p1a: Blissey|Seismic Toss|p2a: Palkia\n|-damage|p2a: Palkia|26\/100 tox\n|\n|-heal|p1a: Blissey|71\/100|[from] item: Leftovers\n|-damage|p2a: Palkia|7\/100 tox|[from] psn\n|upkeep\n|turn|30\n|c|\u2606jordblast|i lose this\n|\n|t:|1697588416\n|move|p2a: Palkia|Draco Meteor|p1a: Blissey\n|-damage|p1a: Blissey|41\/100\n|-unboost|p2a: Palkia|spa|2\n|move|p1a: Blissey|Soft-Boiled|p1a: Blissey\n|-heal|p1a: Blissey|91\/100\n|\n|-heal|p1a: Blissey|98\/100|[from] item: Leftovers\n|-damage|p2a: Palkia|0 fnt|[from] psn\n|faint|p2a: Palkia\n|upkeep\n|\n|t:|1697588423\n|switch|p2a: Dondozo|Dondozo, F|58\/100\n|-status|p2a: Dondozo|tox\n|-damage|p2a: Dondozo|46\/100 tox|[from] Spikes\n|-damage|p2a: Dondozo|34\/100 tox|[from] Stealth Rock\n|turn|31\n|c| vespyyy|Yeah no shit\n|\n|t:|1697588441\n|switch|p1a: Giratina|Giratina, shiny|31\/100\n|-ability|p1a: Giratina|Pressure\n|move|p2a: Dondozo|Rest|p2a: Dondozo\n|-status|p2a: Dondozo|slp|[from] move: Rest\n|-heal|p2a: Dondozo|100\/100 slp|[silent]\n|\n|-heal|p1a: Giratina|37\/100|[from] item: Leftovers\n|upkeep\n|turn|32\n|\n|t:|1697588458\n|switch|p2a: Enamorus|Enamorus-Therian, F|72\/100\n|-damage|p2a: Enamorus|47\/100|[from] Stealth Rock\n|move|p1a: Giratina|Rest|p1a: Giratina\n|-status|p1a: Giratina|slp|[from] move: Rest\n|-heal|p1a: Giratina|100\/100 slp|[silent]\n|\n|upkeep\n|turn|33\n|\n|t:|1697588473\n|switch|p1a: Blissey|Blissey, F|98\/100\n|move|p2a: Enamorus|Moonblast|p1a: Blissey\n|-damage|p1a: Blissey|81\/100\n|\n|-heal|p1a: Blissey|87\/100|[from] item: Leftovers\n|upkeep\n|turn|34\n|\n|t:|1697588484\n|move|p1a: Blissey|Seismic Toss|p2a: Enamorus\n|-damage|p2a: Enamorus|19\/100\n|move|p2a: Enamorus|Sludge Bomb|p1a: Blissey\n|-damage|p1a: Blissey|76\/100\n|\n|-heal|p1a: Blissey|83\/100|[from] item: Leftovers\n|upkeep\n|turn|35\n|\n|t:|1697588489\n|move|p1a: Blissey|Seismic Toss|p2a: Enamorus\n|-damage|p2a: Enamorus|0 fnt\n|faint|p2a: Enamorus\n|\n|-heal|p1a: Blissey|89\/100|[from] item: Leftovers\n|upkeep\n|\n|t:|1697588492\n|switch|p2a: Dondozo|Dondozo, F|100\/100 slp\n|-damage|p2a: Dondozo|88\/100 slp|[from] Spikes\n|-damage|p2a: Dondozo|76\/100 slp|[from] Stealth Rock\n|turn|36\n|\n|t:|1697588499\n|switch|p1a: Giratina|Giratina, shiny|100\/100 slp\n|-ability|p1a: Giratina|Pressure\n|switch|p2a: Arceus|Arceus-Grass|100\/100\n|-status|p2a: Arceus|tox\n|-damage|p2a: Arceus|88\/100 tox|[from] Spikes\n|-damage|p2a: Arceus|76\/100 tox|[from] Stealth Rock\n|\n|-damage|p2a: Arceus|70\/100 tox|[from] psn\n|upkeep\n|turn|37\n|\n|t:|1697588507\n|move|p2a: Arceus|Calm Mind|p2a: Arceus\n|-boost|p2a: Arceus|spa|1\n|-boost|p2a: Arceus|spd|1\n|cant|p1a: Giratina|slp\n|\n|-damage|p2a: Arceus|57\/100 tox|[from] psn\n|upkeep\n|turn|38\n|\n|t:|1697588511\n|move|p2a: Arceus|Calm Mind|p2a: Arceus\n|-boost|p2a: Arceus|spa|1\n|-boost|p2a: Arceus|spd|1\n|cant|p1a: Giratina|slp\n|\n|-damage|p2a: Arceus|39\/100 tox|[from] psn\n|upkeep\n|turn|39\n|\n|t:|1697588517\n|move|p2a: Arceus|Recover|p2a: Arceus\n|-heal|p2a: Arceus|89\/100 tox\n|-curestatus|p1a: Giratina|slp|[msg]\n|move|p1a: Giratina|Roar|p2a: Arceus\n|drag|p2a: Dondozo|Dondozo, F|76\/100 slp\n|-damage|p2a: Dondozo|64\/100 slp|[from] Spikes\n|-damage|p2a: Dondozo|51\/100 slp|[from] Stealth Rock\n|\n|upkeep\n|turn|40\n|\n|t:|1697588528\n|move|p1a: Giratina|Hex|p2a: Dondozo\n|-damage|p2a: Dondozo|6\/100 slp\n|cant|p2a: Dondozo|slp\n|\n|upkeep\n|turn|41\n|\n|t:|1697588531\n|move|p1a: Giratina|Hex|p2a: Dondozo\n|-damage|p2a: Dondozo|0 fnt\n|faint|p2a: Dondozo\n|\n|upkeep\n|\n|t:|1697588533\n|switch|p2a: Arceus|Arceus-Grass|89\/100 tox\n|-damage|p2a: Arceus|77\/100 tox|[from] Spikes\n|-damage|p2a: Arceus|64\/100 tox|[from] Stealth Rock\n|turn|42\n|l| vespyyy\n|\n|t:|1697588543\n|switch|p1a: Clefable|Clefable, M|100\/100\n|move|p2a: Arceus|Judgment|p1a: Clefable\n|-damage|p1a: Clefable|65\/100\n|\n|-heal|p1a: Clefable|71\/100|[from] item: Leftovers\n|-damage|p2a: Arceus|58\/100 tox|[from] psn\n|upkeep\n|turn|43\n|\n|t:|1697588547\n|move|p2a: Arceus|Judgment|p1a: Clefable\n|-damage|p1a: Clefable|36\/100\n|move|p1a: Clefable|Amnesia|p1a: Clefable\n|-boost|p1a: Clefable|spd|2\n|\n|-heal|p1a: Clefable|42\/100|[from] item: Leftovers\n|-damage|p2a: Arceus|46\/100 tox|[from] psn\n|upkeep\n|turn|44\n|\n|t:|1697588550\n|move|p2a: Arceus|Judgment|p1a: Clefable\n|-damage|p1a: Clefable|26\/100\n|move|p1a: Clefable|Moonlight|p1a: Clefable\n|-heal|p1a: Clefable|76\/100\n|\n|-heal|p1a: Clefable|82\/100|[from] item: Leftovers\n|-damage|p2a: Arceus|28\/100 tox|[from] psn\n|upkeep\n|turn|45\n|\n|t:|1697588552\n|move|p2a: Arceus|Judgment|p1a: Clefable\n|-damage|p1a: Clefable|65\/100\n|move|p1a: Clefable|Amnesia|p1a: Clefable\n|-boost|p1a: Clefable|spd|2\n|\n|-heal|p1a: Clefable|71\/100|[from] item: Leftovers\n|-damage|p2a: Arceus|4\/100 tox|[from] psn\n|upkeep\n|turn|46\n|\n|t:|1697588557\n|move|p2a: Arceus|Judgment|p1a: Clefable\n|-damage|p1a: Clefable|60\/100\n|move|p1a: Clefable|Amnesia|p1a: Clefable\n|-boost|p1a: Clefable|spd|2\n|\n|-heal|p1a: Clefable|66\/100|[from] item: Leftovers\n|-damage|p2a: Arceus|0 fnt|[from] psn\n|faint|p2a: Arceus\n|\n|win|leonissenbaum\n|upkeep\n|c|\u2606leonissenbaum|gg\n","uploadtime":1697588571,"views":21,"p1id":"leonissenbaum","p2id":"jordblast","formatid":"gen9ubers","rating":0,"private":0,"password":""}