{"id":"gen9ubers-1983580885","p1":"the tr4sh man","p2":"babynogalXD","format":"[Gen 9] Ubers","log":"|j|\u2606the tr4sh man\n|j|\u2606babynogalXD\n|t:|1699145731\n|gametype|singles\n|player|p1|the tr4sh man|xerosic|\n|player|p2|babynogalXD|hilbert|\n|teamsize|p1|6\n|teamsize|p2|6\n|gen|9\n|tier|[Gen 9] Ubers\n|rule|Sleep Clause Mod: Limit one foe put to sleep\n|rule|Species Clause: Limit one of each Pok\u00e9mon\n|rule|OHKO Clause: OHKO moves are banned\n|rule|Evasion Items Clause: Evasion items are banned\n|rule|Evasion Moves Clause: Evasion moves are banned\n|rule|Endless Battle Clause: Forcing endless battles is banned\n|rule|HP Percentage Mod: HP is shown in percentages\n|clearpoke\n|poke|p1|Enamorus, F|\n|poke|p1|Slowking-Galar, F|\n|poke|p1|Ursaluna, M|\n|poke|p1|Dialga|\n|poke|p1|Espathra, M|\n|poke|p1|Meowscarada, F|\n|poke|p2|Urshifu-*, M|\n|poke|p2|Zamazenta-*|\n|poke|p2|Arceus-Fighting|\n|poke|p2|Magearna|\n|poke|p2|Alomomola, F|\n|poke|p2|Dialga|\n|teampreview\n|\n|t:|1699145742\n|start\n|switch|p1a: Meowscarada|Meowscarada, F|100\/100\n|switch|p2a: Dialga|Dialga|100\/100\n|-ability|p2a: Dialga|Pressure\n|turn|1\n|\n|t:|1699145748\n|move|p1a: Meowscarada|Taunt|p2a: Dialga\n|-start|p1a: Meowscarada|typechange|Dark|[from] ability: Protean\n|-start|p2a: Dialga|move: Taunt\n|move|p2a: Dialga|Heavy Slam|p1a: Meowscarada\n|-damage|p1a: Meowscarada|25\/100\n|\n|upkeep\n|turn|2\n|\n|t:|1699145751\n|move|p1a: Meowscarada|Toxic Spikes|p2a: Dialga\n|-sidestart|p2: babynogalXD|move: Toxic Spikes\n|move|p2a: Dialga|Heavy Slam|p1a: Meowscarada\n|-damage|p1a: Meowscarada|0 fnt\n|faint|p1a: Meowscarada\n|\n|upkeep\n|\n|t:|1699145756\n|switch|p1a: Slowking|Slowking-Galar, F|100\/100\n|turn|3\n|\n|t:|1699145778\n|move|p2a: Dialga|Heavy Slam|p1a: Slowking\n|-damage|p1a: Slowking|69\/100\n|move|p1a: Slowking|Trick Room|p1a: Slowking\n|-fieldstart|move: Trick Room|[of] p1a: Slowking\n|\n|-end|p2a: Dialga|move: Taunt\n|upkeep\n|turn|4\n|\n|t:|1699145785\n|move|p2a: Dialga|Stealth Rock|p1a: Slowking\n|-sidestart|p1: the tr4sh man|move: Stealth Rock\n|move|p1a: Slowking|Chilly Reception|p1a: Slowking\n|-weather|Snow\n|\n|t:|1699145787\n|switch|p1a: Ursaluna|Ursaluna, M|100\/100|[from] Chilly Reception\n|-damage|p1a: Ursaluna|94\/100|[from] Stealth Rock\n|\n|-weather|Snow|[upkeep]\n|-status|p1a: Ursaluna|brn|[from] item: Flame Orb\n|upkeep\n|turn|5\n|\n|t:|1699145845\n|switch|p2a: Alomomola|Alomomola, F|100\/100\n|move|p1a: Ursaluna|Headlong Rush|p2a: Alomomola\n|-damage|p2a: Alomomola|41\/100\n|-unboost|p1a: Ursaluna|def|1\n|-unboost|p1a: Ursaluna|spd|1\n|\n|-weather|Snow|[upkeep]\n|-damage|p1a: Ursaluna|88\/100 brn|[from] brn\n|upkeep\n|turn|6\n|\n|t:|1699145868\n|move|p2a: Alomomola|Protect|p2a: Alomomola\n|-singleturn|p2a: Alomomola|Protect\n|move|p1a: Ursaluna|Swords Dance|p1a: Ursaluna\n|-boost|p1a: Ursaluna|atk|2\n|\n|-weather|Snow|[upkeep]\n|-damage|p1a: Ursaluna|82\/100 brn|[from] brn\n|upkeep\n|turn|7\n|\n|t:|1699145875\n|switch|p2a: Dialga|Dialga|100\/100\n|-ability|p2a: Dialga|Pressure\n|move|p1a: Ursaluna|Headlong Rush|p2a: Dialga\n|-supereffective|p2a: Dialga\n|-damage|p2a: Dialga|0 fnt\n|-unboost|p1a: Ursaluna|def|1\n|-unboost|p1a: Ursaluna|spd|1\n|faint|p2a: Dialga\n|\n|-weather|Snow|[upkeep]\n|-damage|p1a: Ursaluna|76\/100 brn|[from] brn\n|-fieldend|move: Trick Room\n|upkeep\n|\n|t:|1699145897\n|switch|p2a: Zamazenta|Zamazenta-Crowned|100\/100\n|-ability|p2a: Zamazenta|Dauntless Shield|boost\n|-boost|p2a: Zamazenta|def|1\n|turn|8\n|\n|t:|1699145909\n|switch|p1a: Slowking|Slowking-Galar, F|100\/100\n|-damage|p1a: Slowking|88\/100|[from] Stealth Rock\n|move|p2a: Zamazenta|Body Press|p1a: Slowking\n|-resisted|p1a: Slowking\n|-damage|p1a: Slowking|78\/100\n|\n|-weather|none\n|upkeep\n|turn|9\n|\n|t:|1699145916\n|switch|p1a: Espathra|Espathra, M|100\/100\n|-damage|p1a: Espathra|88\/100|[from] Stealth Rock\n|move|p2a: Zamazenta|Iron Defense|p2a: Zamazenta\n|-boost|p2a: Zamazenta|def|2\n|-ability|p1a: Espathra|Opportunist|boost\n|-boost|p1a: Espathra|def|2\n|\n|-heal|p1a: Espathra|94\/100|[from] item: Leftovers\n|upkeep\n|turn|10\n|\n|t:|1699145968\n|move|p2a: Zamazenta|Crunch|p1a: Espathra\n|-supereffective|p1a: Espathra\n|-damage|p1a: Espathra|66\/100\n|move|p1a: Espathra|Trick Room|p1a: Espathra\n|-fieldstart|move: Trick Room|[of] p1a: Espathra\n|\n|-heal|p1a: Espathra|72\/100|[from] item: Leftovers\n|upkeep\n|turn|11\n|\n|t:|1699145972\n|move|p1a: Espathra|Lumina Crash|p2a: Zamazenta\n|-crit|p2a: Zamazenta\n|-damage|p2a: Zamazenta|65\/100\n|-unboost|p2a: Zamazenta|spd|2\n|move|p2a: Zamazenta|Body Press|p1a: Espathra\n|-resisted|p1a: Espathra\n|-damage|p1a: Espathra|42\/100\n|\n|-heal|p1a: Espathra|48\/100|[from] item: Leftovers\n|upkeep\n|turn|12\n|\n|t:|1699145977\n|switch|p2a: Magearna|Magearna|100\/100\n|move|p1a: Espathra|Lumina Crash|p2a: Magearna\n|-resisted|p2a: Magearna\n|-damage|p2a: Magearna|89\/100\n|-unboost|p2a: Magearna|spd|2\n|\n|-heal|p2a: Magearna|95\/100|[from] item: Leftovers\n|-heal|p1a: Espathra|54\/100|[from] item: Leftovers\n|upkeep\n|turn|13\n|\n|t:|1699145981\n|move|p2a: Magearna|Fleur Cannon|p1a: Espathra\n|-damage|p1a: Espathra|0 fnt\n|-unboost|p2a: Magearna|spa|2\n|faint|p1a: Espathra\n|-ability|p2a: Magearna|Soul-Heart|boost\n|-boost|p2a: Magearna|spa|1\n|\n|-heal|p2a: Magearna|100\/100|[from] item: Leftovers\n|upkeep\n|\n|t:|1699145995\n|switch|p1a: Ursaluna|Ursaluna, M|76\/100 brn\n|-damage|p1a: Ursaluna|70\/100 brn|[from] Stealth Rock\n|turn|14\n|\n|t:|1699145999\n|switch|p2a: Alomomola|Alomomola, F|75\/100\n|move|p1a: Ursaluna|Headlong Rush|p2a: Alomomola\n|-damage|p2a: Alomomola|17\/100\n|-unboost|p1a: Ursaluna|def|1\n|-unboost|p1a: Ursaluna|spd|1\n|\n|-damage|p1a: Ursaluna|64\/100 brn|[from] brn\n|-fieldend|move: Trick Room\n|upkeep\n|turn|15\n|\n|t:|1699146006\n|move|p2a: Alomomola|Flip Turn|p1a: Ursaluna\n|-supereffective|p1a: Ursaluna\n|-damage|p1a: Ursaluna|28\/100 brn\n|\n|t:|1699146008\n|switch|p2a: Arceus|Arceus-Fighting|100\/100|[from] Flip Turn\n|-status|p2a: Arceus|psn\n|move|p1a: Ursaluna|Facade|p2a: Arceus\n|-damage|p2a: Arceus|2\/100 psn\n|\n|-damage|p2a: Arceus|0 fnt|[from] psn\n|faint|p2a: Arceus\n|-damage|p1a: Ursaluna|22\/100 brn|[from] brn\n|upkeep\n|\n|t:|1699146026\n|switch|p2a: Urshifu|Urshifu, M|100\/100\n|-status|p2a: Urshifu|psn\n|turn|16\n|\n|t:|1699146036\n|move|p2a: Urshifu|U-turn|p1a: Ursaluna\n|-damage|p1a: Ursaluna|0 fnt\n|faint|p1a: Ursaluna\n|\n|t:|1699146042\n|switch|p2a: Alomomola|Alomomola, F|50\/100|[from] U-turn\n|\n|upkeep\n|\n|t:|1699146045\n|switch|p1a: Slowking|Slowking-Galar, F|100\/100\n|-damage|p1a: Slowking|88\/100|[from] Stealth Rock\n|turn|17\n|\n|t:|1699146049\n|move|p2a: Alomomola|Wish|p2a: Alomomola\n|move|p1a: Slowking|Trick Room|p1a: Slowking\n|-fieldstart|move: Trick Room|[of] p1a: Slowking\n|\n|upkeep\n|turn|18\n|\n|t:|1699146053\n|switch|p2a: Zamazenta|Zamazenta-Crowned|65\/100\n|move|p1a: Slowking|Sludge Bomb|p2a: Zamazenta\n|-immune|p2a: Zamazenta\n|\n|-heal|p2a: Zamazenta|100\/100|[from] move: Wish|[wisher] Alomomola\n|upkeep\n|turn|19\n|\n|t:|1699146057\n|move|p2a: Zamazenta|Iron Defense|p2a: Zamazenta\n|-boost|p2a: Zamazenta|def|2\n|move|p1a: Slowking|Future Sight|p2a: Zamazenta\n|-start|p1a: Slowking|move: Future Sight\n|\n|upkeep\n|turn|20\n|\n|t:|1699146065\n|move|p2a: Zamazenta|Crunch|p1a: Slowking\n|-supereffective|p1a: Slowking\n|-damage|p1a: Slowking|54\/100\n|-unboost|p1a: Slowking|def|1\n|move|p1a: Slowking|Chilly Reception|p1a: Slowking\n|-weather|Snow\n|\n|t:|1699146076\n|switch|p1a: Dialga|Dialga|100\/100|[from] Chilly Reception\n|-damage|p1a: Dialga|94\/100|[from] Stealth Rock\n|-ability|p1a: Dialga|Pressure\n|\n|-weather|Snow|[upkeep]\n|upkeep\n|turn|21\n|\n|t:|1699146082\n|switch|p1a: Enamorus|Enamorus, F|100\/100\n|-damage|p1a: Enamorus|76\/100|[from] Stealth Rock\n|-enditem|p1a: Enamorus|Room Service\n|-boost|p1a: Enamorus|spe|1|[from] item: Room Service\n|switch|p2a: Magearna|Magearna|100\/100\n|\n|-weather|Snow|[upkeep]\n|-end|p2a: Magearna|move: Future Sight\n|-resisted|p2a: Magearna\n|-damage|p2a: Magearna|86\/100\n|-heal|p2a: Magearna|92\/100|[from] item: Leftovers\n|-fieldend|move: Trick Room\n|upkeep\n|turn|22\n|\n|t:|1699146089\n|move|p1a: Enamorus|Substitute|p1a: Enamorus\n|-start|p1a: Enamorus|Substitute\n|-damage|p1a: Enamorus|51\/100\n|move|p2a: Magearna|Thunder Wave||[still]\n|-fail|p2a: Magearna\n|\n|-weather|Snow|[upkeep]\n|-heal|p2a: Magearna|98\/100|[from] item: Leftovers\n|upkeep\n|turn|23\n|\n|t:|1699146093\n|move|p1a: Enamorus|Superpower|p2a: Magearna\n|-damage|p2a: Magearna|67\/100\n|-boost|p1a: Enamorus|atk|1\n|-boost|p1a: Enamorus|def|1\n|move|p2a: Magearna|Fleur Cannon|p1a: Enamorus\n|-end|p1a: Enamorus|Substitute\n|-unboost|p2a: Magearna|spa|2\n|\n|-weather|Snow|[upkeep]\n|-heal|p2a: Magearna|73\/100|[from] item: Leftovers\n|upkeep\n|turn|24\n|\n|t:|1699146105\n|-terastallize|p1a: Enamorus|Ground\n|move|p1a: Enamorus|Tera Blast|p2a: Magearna|[anim] Tera Blast Ground\n|-supereffective|p2a: Magearna\n|-damage|p2a: Magearna|0 fnt\n|faint|p2a: Magearna\n|\n|-weather|none\n|upkeep\n|\n|t:|1699146109\n|switch|p2a: Urshifu|Urshifu, M|100\/100 psn\n|turn|25\n|\n|t:|1699146111\n|-terastallize|p2a: Urshifu|Dark\n|move|p1a: Enamorus|Substitute|p1a: Enamorus\n|-start|p1a: Enamorus|Substitute\n|-damage|p1a: Enamorus|26\/100\n|move|p2a: Urshifu|Wicked Blow|p1a: Enamorus\n|-crit|p1a: Enamorus\n|-end|p1a: Enamorus|Substitute\n|\n|-damage|p2a: Urshifu|88\/100 psn|[from] psn\n|upkeep\n|turn|26\n|\n|t:|1699146189\n|move|p1a: Enamorus|Superpower|p2a: Urshifu\n|-supereffective|p2a: Urshifu\n|-damage|p2a: Urshifu|0 fnt\n|-boost|p1a: Enamorus|atk|1\n|-boost|p1a: Enamorus|def|1\n|faint|p2a: Urshifu\n|\n|upkeep\n|\n|t:|1699146190\n|switch|p2a: Alomomola|Alomomola, F|83\/100\n|turn|27\n|\n|t:|1699146196\n|move|p1a: Enamorus|Play Rough|p2a: Alomomola\n|-damage|p2a: Alomomola|36\/100\n|move|p2a: Alomomola|Flip Turn|p1a: Enamorus\n|-supereffective|p1a: Enamorus\n|-damage|p1a: Enamorus|0 fnt\n|faint|p1a: Enamorus\n|\n|t:|1699146199\n|switch|p2a: Zamazenta|Zamazenta-Crowned|100\/100|[from] Flip Turn\n|\n|upkeep\n|\n|t:|1699146201\n|switch|p1a: Slowking|Slowking-Galar, F|87\/100\n|-damage|p1a: Slowking|75\/100|[from] Stealth Rock\n|turn|28\n|\n|t:|1699146208\n|move|p2a: Zamazenta|Iron Defense|p2a: Zamazenta\n|-boost|p2a: Zamazenta|def|2\n|move|p1a: Slowking|Future Sight|p2a: Zamazenta\n|-start|p1a: Slowking|move: Future Sight\n|\n|upkeep\n|turn|29\n|\n|t:|1699146212\n|move|p2a: Zamazenta|Crunch|p1a: Slowking\n|-supereffective|p1a: Slowking\n|-damage|p1a: Slowking|43\/100\n|-unboost|p1a: Slowking|def|1\n|move|p1a: Slowking|Trick Room|p1a: Slowking\n|-fieldstart|move: Trick Room|[of] p1a: Slowking\n|\n|upkeep\n|turn|30\n|\n|t:|1699146217\n|move|p2a: Zamazenta|Crunch|p1a: Slowking\n|-supereffective|p1a: Slowking\n|-damage|p1a: Slowking|0 fnt\n|faint|p1a: Slowking\n|\n|-end|p2a: Zamazenta|move: Future Sight\n|-damage|p2a: Zamazenta|71\/100\n|upkeep\n|\n|t:|1699146219\n|switch|p1a: Dialga|Dialga|94\/100\n|-damage|p1a: Dialga|88\/100|[from] Stealth Rock\n|-ability|p1a: Dialga|Pressure\n|turn|31\n|\n|t:|1699146222\n|move|p1a: Dialga|Earth Power|p2a: Zamazenta\n|-supereffective|p2a: Zamazenta\n|-damage|p2a: Zamazenta|24\/100\n|move|p2a: Zamazenta|Body Press|p1a: Dialga\n|-supereffective|p1a: Dialga\n|-damage|p1a: Dialga|0 fnt\n|faint|p1a: Dialga\n|\n|win|babynogalXD\n|c|\u2606the tr4sh man|gg\n|c|\u2606babynogalXD|Gg\n","uploadtime":1699146230,"views":14,"p1id":"thetr4shman","p2id":"babynogalxd","formatid":"gen9ubers","rating":0,"private":0,"password":""}