{"id":"gen9ubers-1996294928","p1":"TBalpha22","p2":"Kinesquared","format":"[Gen 9] Ubers","log":"|j|\u2606TBalpha22\n|j|\u2606Kinesquared\n|t:|1700668445\n|gametype|singles\n|player|p1|TBalpha22|169|\n|player|p2|Kinesquared|scientist-gen4dp|\n|teamsize|p1|6\n|teamsize|p2|6\n|gen|9\n|tier|[Gen 9] Ubers\n|rule|Sleep Clause Mod: Limit one foe put to sleep\n|rule|Species Clause: Limit one of each Pok\u00e9mon\n|rule|OHKO Clause: OHKO moves are banned\n|rule|Evasion Items Clause: Evasion items are banned\n|rule|Evasion Moves Clause: Evasion moves are banned\n|rule|Endless Battle Clause: Forcing endless battles is banned\n|rule|HP Percentage Mod: HP is shown in percentages\n|clearpoke\n|poke|p1|Volcarona, F|\n|poke|p1|Blissey, F|\n|poke|p1|Cyclizar, M|\n|poke|p1|Arceus-Dark|\n|poke|p1|Masquerain, F|\n|poke|p1|Ninetales, F|\n|poke|p2|Magearna|\n|poke|p2|Ursaluna, F|\n|poke|p2|Dialga|\n|poke|p2|Hoopa-Unbound|\n|poke|p2|Cinderace, F|\n|poke|p2|Palafin, F|\n|teampreview\n|c|\u2606Kinesquared|gl\n|j| GratedsShtickface\n|\n|t:|1700668467\n|start\n|switch|p1a: Ninetales|Ninetales, F|100\/100\n|switch|p2a: Palafin|Palafin, F|100\/100\n|-weather|SunnyDay|[from] ability: Drought|[of] p1a: Ninetales\n|turn|1\n|c|\u2606TBalpha22|golf\n|c| GratedsShtickface|I wonder why 9\n|\n|t:|1700668485\n|move|p1a: Ninetales|Solar Beam||[still]\n|-prepare|p1a: Ninetales|Solar Beam\n|-anim|p1a: Ninetales|Solar Beam|p2a: Palafin\n|-supereffective|p2a: Palafin\n|-damage|p2a: Palafin|29\/100\n|move|p2a: Palafin|Flip Turn|p1a: Ninetales\n|-supereffective|p1a: Ninetales\n|-damage|p1a: Ninetales|46\/100\n|\n|t:|1700668500\n|detailschange|p2a: Palafin|Palafin-Hero, F\n|switch|p2a: Hoopa|Hoopa-Unbound|100\/100|[from] Flip Turn\n|\n|-weather|SunnyDay|[upkeep]\n|-heal|p1a: Ninetales|52\/100|[from] item: Leftovers\n|upkeep\n|turn|2\n|\n|t:|1700668512\n|move|p1a: Ninetales|Fire Blast|p2a: Hoopa\n|-damage|p2a: Hoopa|69\/100\n|move|p2a: Hoopa|Hyperspace Fury|p1a: Ninetales\n|-damage|p1a: Ninetales|0 fnt\n|-unboost|p2a: Hoopa|def|1\n|faint|p1a: Ninetales\n|\n|-weather|SunnyDay|[upkeep]\n|upkeep\n|\n|t:|1700668522\n|switch|p1a: Cyclizar|Cyclizar, M|100\/100\n|turn|3\n|\n|t:|1700668537\n|switch|p2a: Dialga|Dialga|100\/100\n|-ability|p2a: Dialga|Pressure\n|move|p1a: Cyclizar|U-turn|p2a: Dialga\n|-resisted|p2a: Dialga\n|-damage|p2a: Dialga|95\/100\n|\n|t:|1700668540\n|switch|p1a: Volcarona|Volcarona, F|100\/100|[from] U-turn\n|\n|-weather|SunnyDay|[upkeep]\n|upkeep\n|turn|4\n|\n|t:|1700668554\n|move|p1a: Volcarona|Quiver Dance|p1a: Volcarona\n|-boost|p1a: Volcarona|spa|1\n|-boost|p1a: Volcarona|spd|1\n|-boost|p1a: Volcarona|spe|1\n|move|p2a: Dialga|Trick Room|p2a: Dialga\n|-fieldstart|move: Trick Room|[of] p2a: Dialga\n|\n|-weather|SunnyDay|[upkeep]\n|upkeep\n|turn|5\n|\n|t:|1700668566\n|move|p2a: Dialga|Draco Meteor|p1a: Volcarona\n|-damage|p1a: Volcarona|39\/100\n|-unboost|p2a: Dialga|spa|2\n|-enditem|p2a: Dialga|Eject Pack\n|\n|t:|1700668582\n|switch|p2a: Hoopa|Hoopa-Unbound|69\/100\n|move|p1a: Volcarona|Giga Drain|p2a: Hoopa\n|-damage|p2a: Hoopa|48\/100\n|-heal|p1a: Volcarona|50\/100|[from] drain|[of] p2a: Hoopa\n|\n|-weather|none\n|upkeep\n|turn|6\n|\n|t:|1700668592\n|switch|p1a: Masquerain|Masquerain, F|100\/100\n|-ability|p1a: Masquerain|Intimidate|boost\n|-unboost|p2a: Hoopa|atk|1\n|move|p2a: Hoopa|Hyperspace Fury|p1a: Masquerain\n|-damage|p1a: Masquerain|25\/100\n|-unboost|p2a: Hoopa|def|1\n|\n|upkeep\n|turn|7\n|\n|t:|1700668617\n|move|p2a: Hoopa|Hyperspace Fury|p1a: Masquerain\n|-damage|p1a: Masquerain|0 fnt\n|-unboost|p2a: Hoopa|def|1\n|faint|p1a: Masquerain\n|\n|upkeep\n|\n|t:|1700668628\n|switch|p1a: Arceus|Arceus-Dark|100\/100\n|turn|8\n|\n|t:|1700668640\n|switch|p2a: Magearna|Magearna|100\/100\n|move|p1a: Arceus|Calm Mind|p1a: Arceus\n|-boost|p1a: Arceus|spa|1\n|-boost|p1a: Arceus|spd|1\n|\n|-fieldend|move: Trick Room\n|upkeep\n|turn|9\n|\n|t:|1700668646\n|move|p1a: Arceus|Earth Power|p2a: Magearna\n|-supereffective|p2a: Magearna\n|-damage|p2a: Magearna|45\/100\n|move|p2a: Magearna|Encore|p1a: Arceus\n|-start|p1a: Arceus|Encore\n|\n|-heal|p2a: Magearna|51\/100|[from] item: Leftovers\n|upkeep\n|turn|10\n|\n|t:|1700668676\n|switch|p2a: Hoopa|Hoopa-Unbound|48\/100\n|move|p1a: Arceus|Earth Power|p2a: Hoopa\n|-damage|p2a: Hoopa|31\/100\n|\n|upkeep\n|turn|11\n|\n|t:|1700668687\n|move|p1a: Arceus|Earth Power|p2a: Hoopa\n|-damage|p2a: Hoopa|11\/100\n|move|p2a: Hoopa|Drain Punch|p1a: Arceus\n|-supereffective|p1a: Arceus\n|-damage|p1a: Arceus|56\/100\n|-heal|p2a: Hoopa|43\/100|[from] drain|[of] p1a: Arceus\n|\n|upkeep\n|turn|12\n|\n|t:|1700668701\n|move|p1a: Arceus|Earth Power|p2a: Hoopa\n|-damage|p2a: Hoopa|26\/100\n|move|p2a: Hoopa|Drain Punch|p1a: Arceus\n|-supereffective|p1a: Arceus\n|-crit|p1a: Arceus\n|-damage|p1a: Arceus|0 fnt\n|-heal|p2a: Hoopa|67\/100|[from] drain|[of] p1a: Arceus\n|faint|p1a: Arceus\n|\n|upkeep\n|c|\u2606Kinesquared|oof\n|\n|t:|1700668713\n|switch|p1a: Cyclizar|Cyclizar, M|100\/100\n|turn|13\n|\n|t:|1700668723\n|switch|p2a: Dialga|Dialga|95\/100\n|-ability|p2a: Dialga|Pressure\n|move|p1a: Cyclizar|U-turn|p2a: Dialga\n|-resisted|p2a: Dialga\n|-damage|p2a: Dialga|89\/100\n|\n|t:|1700668725\n|switch|p1a: Blissey|Blissey, F|100\/100|[from] U-turn\n|\n|upkeep\n|turn|14\n|\n|t:|1700668732\n|move|p1a: Blissey|Stealth Rock|p2a: Dialga\n|-sidestart|p2: Kinesquared|move: Stealth Rock\n|move|p2a: Dialga|Trick Room|p2a: Dialga\n|-fieldstart|move: Trick Room|[of] p2a: Dialga\n|\n|upkeep\n|turn|15\n|\n|t:|1700668741\n|switch|p2a: Ursaluna|Ursaluna, F|100\/100\n|-damage|p2a: Ursaluna|94\/100|[from] Stealth Rock\n|move|p1a: Blissey|Seismic Toss|p2a: Ursaluna\n|-damage|p2a: Ursaluna|73\/100\n|\n|-status|p2a: Ursaluna|brn|[from] item: Flame Orb\n|upkeep\n|turn|16\n|\n|t:|1700668752\n|-terastallize|p1a: Blissey|Ghost\n|move|p2a: Ursaluna|Facade|p1a: Blissey\n|-immune|p1a: Blissey\n|move|p1a: Blissey|Seismic Toss|p2a: Ursaluna\n|-damage|p2a: Ursaluna|51\/100 brn\n|\n|-damage|p2a: Ursaluna|45\/100 brn|[from] brn\n|upkeep\n|turn|17\n|\n|t:|1700668770\n|move|p2a: Ursaluna|Headlong Rush|p1a: Blissey\n|-damage|p1a: Blissey|4\/100\n|-unboost|p2a: Ursaluna|def|1\n|-unboost|p2a: Ursaluna|spd|1\n|move|p1a: Blissey|Seismic Toss|p2a: Ursaluna\n|-damage|p2a: Ursaluna|24\/100 brn\n|\n|-heal|p1a: Blissey|10\/100|[from] item: Leftovers\n|-damage|p2a: Ursaluna|18\/100 brn|[from] brn\n|upkeep\n|turn|18\n|c|\u2606Kinesquared|oml\n|\n|t:|1700668784\n|move|p2a: Ursaluna|Headlong Rush|p1a: Blissey\n|-damage|p1a: Blissey|0 fnt\n|-unboost|p2a: Ursaluna|def|1\n|-unboost|p2a: Ursaluna|spd|1\n|faint|p1a: Blissey\n|\n|-damage|p2a: Ursaluna|12\/100 brn|[from] brn\n|-fieldend|move: Trick Room\n|upkeep\n|\n|t:|1700668787\n|switch|p1a: Cyclizar|Cyclizar, M|100\/100\n|turn|19\n|\n|t:|1700668794\n|move|p1a: Cyclizar|U-turn|p2a: Ursaluna\n|-damage|p2a: Ursaluna|0 fnt\n|faint|p2a: Ursaluna\n|\n|t:|1700668797\n|switch|p1a: Volcarona|Volcarona, F|50\/100|[from] U-turn\n|\n|upkeep\n|\n|t:|1700668810\n|switch|p2a: Palafin|Palafin-Hero, F|29\/100\n|-damage|p2a: Palafin|16\/100|[from] Stealth Rock\n|-activate|p2a: Palafin|ability: Zero to Hero\n|turn|20\n|\n|t:|1700668822\n|switch|p1a: Cyclizar|Cyclizar, M|100\/100\n|move|p2a: Palafin|Jet Punch|p1a: Cyclizar\n|-resisted|p1a: Cyclizar\n|-damage|p1a: Cyclizar|57\/100\n|\n|upkeep\n|turn|21\n|\n|t:|1700668836\n|-terastallize|p2a: Palafin|Water\n|move|p2a: Palafin|Jet Punch|p1a: Cyclizar\n|-resisted|p1a: Cyclizar\n|-damage|p1a: Cyclizar|0 fnt\n|faint|p1a: Cyclizar\n|\n|upkeep\n|c|\u2606Kinesquared|gg\n|\n|t:|1700668841\n|switch|p1a: Volcarona|Volcarona, F|50\/100\n|turn|22\n|\n|t:|1700668846\n|move|p2a: Palafin|Jet Punch|p1a: Volcarona\n|-supereffective|p1a: Volcarona\n|-damage|p1a: Volcarona|0 fnt\n|faint|p1a: Volcarona\n|\n|win|Kinesquared\n|c|\u2606TBalpha22|gg\n|l| GratedsShtickface\n","uploadtime":1700668858,"views":22,"p1id":"tbalpha22","p2id":"kinesquared","formatid":"gen9ubers","rating":0,"private":0,"password":""}