{"id":"gen9ubers-1977676450","p1":"Blake-Mamba","p2":"QuarrenShow","format":"[Gen 9] Ubers","log":"|j|\u2606Blake-Mamba\n|j|\u2606QuarrenShow\n|t:|1698437696\n|gametype|singles\n|player|p1|Blake-Mamba|juan|1242\n|player|p2|QuarrenShow|red|1218\n|teamsize|p1|6\n|teamsize|p2|6\n|gen|9\n|tier|[Gen 9] Ubers\n|rated|\n|rule|Sleep Clause Mod: Limit one foe put to sleep\n|rule|Species Clause: Limit one of each Pok\u00e9mon\n|rule|OHKO Clause: OHKO moves are banned\n|rule|Evasion Items Clause: Evasion items are banned\n|rule|Evasion Moves Clause: Evasion moves are banned\n|rule|Endless Battle Clause: Forcing endless battles is banned\n|rule|HP Percentage Mod: HP is shown in percentages\n|clearpoke\n|poke|p1|Ogerpon-Hearthflame, F|\n|poke|p1|Vikavolt, M|\n|poke|p1|Kommo-o, M|\n|poke|p1|Ursaluna-Bloodmoon, M|\n|poke|p1|Yanmega, F|\n|poke|p1|Chandelure, F|\n|poke|p2|Miraidon|\n|poke|p2|Kyogre|\n|poke|p2|Basculegion, M|\n|poke|p2|Dondozo, F|\n|poke|p2|Iron Treads|\n|poke|p2|Arceus|\n|teampreview\n|inactive|Battle timer is ON: inactive players will automatically lose when time's up. (requested by QuarrenShow)\n|\n|t:|1698437701\n|start\n|switch|p1a: Vikavolt|Vikavolt, M|100\/100\n|switch|p2a: Miraidon|Miraidon|100\/100\n|-fieldstart|move: Electric Terrain|[from] ability: Hadron Engine|[of] p2a: Miraidon\n|turn|1\n|c|\u2606Blake-Mamba|Glhf\n|\n|t:|1698437708\n|move|p2a: Miraidon|Dragon Breath|p1a: Vikavolt\n|-damage|p1a: Vikavolt|39\/100\n|move|p1a: Vikavolt|Sticky Web|p2a: Miraidon\n|-sidestart|p2: QuarrenShow|move: Sticky Web\n|\n|upkeep\n|turn|2\n|\n|t:|1698437716\n|move|p2a: Miraidon|Dragon Breath|p1a: Vikavolt\n|-damage|p1a: Vikavolt|0 fnt\n|faint|p1a: Vikavolt\n|\n|upkeep\n|\n|t:|1698437725\n|switch|p1a: Yanmega|Yanmega, F, shiny|100\/100\n|turn|3\n|\n|t:|1698437731\n|move|p1a: Yanmega|Protect|p1a: Yanmega\n|-singleturn|p1a: Yanmega|Protect\n|move|p2a: Miraidon|Dragon Breath|p1a: Yanmega\n|-activate|p1a: Yanmega|move: Protect\n|\n|-ability|p1a: Yanmega|Speed Boost|boost\n|-boost|p1a: Yanmega|spe|1\n|upkeep\n|turn|4\n|\n|t:|1698437743\n|move|p2a: Miraidon|Dragon Breath|p1a: Yanmega\n|-damage|p1a: Yanmega|22\/100\n|move|p1a: Yanmega|Bug Buzz|p2a: Miraidon\n|-damage|p2a: Miraidon|59\/100\n|-unboost|p2a: Miraidon|spd|1\n|-enditem|p1a: Yanmega|Throat Spray\n|-boost|p1a: Yanmega|spa|1|[from] item: Throat Spray\n|\n|-ability|p1a: Yanmega|Speed Boost|boost\n|-boost|p1a: Yanmega|spe|1\n|upkeep\n|turn|5\n|\n|t:|1698437753\n|move|p1a: Yanmega|Protect|p1a: Yanmega\n|-singleturn|p1a: Yanmega|Protect\n|move|p2a: Miraidon|Dragon Breath|p1a: Yanmega\n|-activate|p1a: Yanmega|move: Protect\n|\n|-fieldend|move: Electric Terrain\n|-ability|p1a: Yanmega|Speed Boost|boost\n|-boost|p1a: Yanmega|spe|1\n|upkeep\n|turn|6\n|\n|t:|1698437762\n|move|p1a: Yanmega|Bug Buzz|p2a: Miraidon\n|-damage|p2a: Miraidon|0 fnt\n|faint|p2a: Miraidon\n|\n|-ability|p1a: Yanmega|Speed Boost|boost\n|-boost|p1a: Yanmega|spe|1\n|upkeep\n|\n|t:|1698437775\n|switch|p2a: Iron Treads|Iron Treads|100\/100\n|-activate|p2a: Iron Treads|move: Sticky Web\n|-unboost|p2a: Iron Treads|spe|1\n|turn|7\n|\n|t:|1698437780\n|-terastallize|p1a: Yanmega|Ground\n|move|p1a: Yanmega|Tera Blast|p2a: Iron Treads|[anim] Tera Blast Ground\n|-supereffective|p2a: Iron Treads\n|-crit|p2a: Iron Treads\n|-damage|p2a: Iron Treads|0 fnt\n|faint|p2a: Iron Treads\n|-end|p2a: Iron Treads|Quark Drive|[silent]\n|\n|-ability|p1a: Yanmega|Speed Boost|boost\n|-boost|p1a: Yanmega|spe|1\n|upkeep\n|\n|t:|1698437784\n|switch|p2a: Dondozo|Dondozo, F|100\/100\n|-activate|p2a: Dondozo|move: Sticky Web\n|-unboost|p2a: Dondozo|spe|1\n|turn|8\n|\n|t:|1698437792\n|move|p1a: Yanmega|Air Slash|p2a: Dondozo\n|-damage|p2a: Dondozo|59\/100\n|move|p2a: Dondozo|Curse|p2a: Dondozo\n|-unboost|p2a: Dondozo|spe|1\n|-boost|p2a: Dondozo|atk|1\n|-boost|p2a: Dondozo|def|1\n|\n|-ability|p1a: Yanmega|Speed Boost|boost\n|-boost|p1a: Yanmega|spe|1\n|upkeep\n|turn|9\n|\n|t:|1698437802\n|move|p1a: Yanmega|Bug Buzz|p2a: Dondozo\n|-damage|p2a: Dondozo|17\/100\n|move|p2a: Dondozo|Body Press|p1a: Yanmega\n|-damage|p1a: Yanmega|0 fnt\n|faint|p1a: Yanmega\n|\n|upkeep\n|\n|t:|1698437811\n|switch|p1a: Ogerpon|Ogerpon-Hearthflame, F|100\/100\n|-ability|p1a: Ogerpon|Mold Breaker\n|turn|10\n|\n|t:|1698437823\n|move|p1a: Ogerpon|Trailblaze|p2a: Dondozo\n|-supereffective|p2a: Dondozo\n|-damage|p2a: Dondozo|0 fnt\n|-boost|p1a: Ogerpon|spe|1\n|faint|p2a: Dondozo\n|\n|upkeep\n|\n|t:|1698437828\n|switch|p2a: Arceus|Arceus|100\/100\n|-activate|p2a: Arceus|move: Sticky Web\n|-unboost|p2a: Arceus|spe|1\n|turn|11\n|\n|t:|1698437842\n|-terastallize|p2a: Arceus|Fire\n|move|p1a: Ogerpon|Ivy Cudgel|p2a: Arceus\n|-resisted|p2a: Arceus\n|-damage|p2a: Arceus|79\/100\n|move|p2a: Arceus|Swords Dance|p2a: Arceus\n|-boost|p2a: Arceus|atk|2\n|\n|upkeep\n|turn|12\n|\n|t:|1698437851\n|move|p1a: Ogerpon|Ivy Cudgel|p2a: Arceus\n|-resisted|p2a: Arceus\n|-damage|p2a: Arceus|56\/100\n|move|p2a: Arceus|Shadow Claw|p1a: Ogerpon\n|-damage|p1a: Ogerpon|35\/100\n|\n|upkeep\n|turn|13\n|\n|t:|1698437866\n|move|p2a: Arceus|Extreme Speed|p1a: Ogerpon\n|-damage|p1a: Ogerpon|0 fnt\n|faint|p1a: Ogerpon\n|\n|upkeep\n|\n|t:|1698437871\n|switch|p1a: Ursaluna|Ursaluna-Bloodmoon, M|100\/100\n|turn|14\n|\n|t:|1698437875\n|move|p2a: Arceus|Extreme Speed|p1a: Ursaluna\n|-damage|p1a: Ursaluna|30\/100\n|move|p1a: Ursaluna|Earth Power|p2a: Arceus\n|-supereffective|p2a: Arceus\n|-damage|p2a: Arceus|0 fnt\n|faint|p2a: Arceus\n|\n|-heal|p1a: Ursaluna|36\/100|[from] item: Leftovers\n|upkeep\n|\n|t:|1698437879\n|switch|p2a: Kyogre|Kyogre|100\/100\n|-activate|p2a: Kyogre|move: Sticky Web\n|-unboost|p2a: Kyogre|spe|1\n|-weather|RainDance|[from] ability: Drizzle|[of] p2a: Kyogre\n|turn|15\n|\n|t:|1698437894\n|move|p2a: Kyogre|Water Spout|p1a: Ursaluna\n|-supereffective|p1a: Ursaluna\n|-damage|p1a: Ursaluna|0 fnt\n|faint|p1a: Ursaluna\n|\n|-weather|RainDance|[upkeep]\n|upkeep\n|\n|t:|1698437901\n|switch|p1a: Chandelure|Chandelure, F|100\/100\n|turn|16\n|\n|t:|1698437906\n|move|p1a: Chandelure|Energy Ball|p2a: Kyogre\n|-supereffective|p2a: Kyogre\n|-damage|p2a: Kyogre|47\/100\n|move|p2a: Kyogre|Water Spout|p1a: Chandelure\n|-supereffective|p1a: Chandelure\n|-damage|p1a: Chandelure|0 fnt\n|faint|p1a: Chandelure\n|\n|-weather|RainDance|[upkeep]\n|upkeep\n|\n|t:|1698437916\n|switch|p1a: Kommo-o|Kommo-o, M|100\/100\n|turn|17\n|\n|t:|1698437923\n|move|p2a: Kyogre|Water Spout|p1a: Kommo-o\n|-resisted|p1a: Kommo-o\n|-damage|p1a: Kommo-o|75\/100\n|move|p1a: Kommo-o|Clangorous Soul|p1a: Kommo-o\n|-boost|p1a: Kommo-o|atk|1\n|-boost|p1a: Kommo-o|def|1\n|-boost|p1a: Kommo-o|spa|1\n|-boost|p1a: Kommo-o|spd|1\n|-boost|p1a: Kommo-o|spe|1\n|-damage|p1a: Kommo-o|42\/100\n|\n|-weather|RainDance|[upkeep]\n|-heal|p1a: Kommo-o|48\/100|[from] item: Leftovers\n|upkeep\n|turn|18\n|\n|t:|1698437937\n|move|p1a: Kommo-o|Clangorous Soul|p1a: Kommo-o\n|-boost|p1a: Kommo-o|atk|1\n|-boost|p1a: Kommo-o|def|1\n|-boost|p1a: Kommo-o|spa|1\n|-boost|p1a: Kommo-o|spd|1\n|-boost|p1a: Kommo-o|spe|1\n|-damage|p1a: Kommo-o|15\/100\n|move|p2a: Kyogre|Water Spout|p1a: Kommo-o\n|-resisted|p1a: Kommo-o\n|-damage|p1a: Kommo-o|2\/100\n|\n|-weather|RainDance|[upkeep]\n|-heal|p1a: Kommo-o|8\/100|[from] item: Leftovers\n|upkeep\n|turn|19\n|\n|t:|1698437950\n|move|p1a: Kommo-o|Drain Punch|p2a: Kyogre\n|-crit|p2a: Kyogre\n|-damage|p2a: Kyogre|0 fnt\n|-heal|p1a: Kommo-o|31\/100|[from] drain|[of] p2a: Kyogre\n|faint|p2a: Kyogre\n|\n|-weather|none\n|-heal|p1a: Kommo-o|37\/100|[from] item: Leftovers\n|upkeep\n|\n|t:|1698437953\n|switch|p2a: Basculegion|Basculegion, M|100\/100\n|-activate|p2a: Basculegion|move: Sticky Web\n|-unboost|p2a: Basculegion|spe|1\n|turn|20\n|\n|t:|1698437962\n|move|p1a: Kommo-o|Outrage|p2a: Basculegion\n|-damage|p2a: Basculegion|0 fnt\n|faint|p2a: Basculegion\n|\n|win|Blake-Mamba\n|raw|Blake-Mamba's rating: 1242 &rarr; <strong>1265<\/strong><br \/>(+23 for winning)\n|raw|QuarrenShow's rating: 1218 &rarr; <strong>1195<\/strong><br \/>(-23 for losing)\n|l|\u2606QuarrenShow\n|c|\u2606Blake-Mamba|Gg\n","uploadtime":1698437973,"views":10,"p1id":"blakemamba","p2id":"quarrenshow","formatid":"gen9ubers","rating":1195,"private":0,"password":""}