{"id":"gen9ubers-1984096008","p1":"BossShuckle","p2":"tom chwando","format":"[Gen 9] Ubers","log":"|j|\u2606BossShuckle\n|j|\u2606tom chwando\n|t:|1699218238\n|gametype|singles\n|player|p1|BossShuckle|veteran|\n|player|p2|tom chwando|102|\n|teamsize|p1|6\n|teamsize|p2|6\n|gen|9\n|tier|[Gen 9] Ubers\n|rule|Sleep Clause Mod: Limit one foe put to sleep\n|rule|Species Clause: Limit one of each Pok\u00e9mon\n|rule|OHKO Clause: OHKO moves are banned\n|rule|Evasion Items Clause: Evasion items are banned\n|rule|Evasion Moves Clause: Evasion moves are banned\n|rule|Endless Battle Clause: Forcing endless battles is banned\n|rule|HP Percentage Mod: HP is shown in percentages\n|clearpoke\n|poke|p1|Scream Tail|\n|poke|p1|Umbreon, M|\n|poke|p1|Coalossal, M|\n|poke|p1|Tyranitar, F|\n|poke|p1|Bronzong|\n|poke|p1|Amoonguss, F|\n|poke|p2|Enamorus, F|\n|poke|p2|Vivillon, M|\n|poke|p2|Meowscarada, F|\n|poke|p2|Skeledirge, M|\n|poke|p2|Goodra-Hisui, M|\n|poke|p2|Mandibuzz, F|\n|teampreview\n|j| KingDuns\n|j| Derpyderk\n|c| KingDuns|Timer and Start\n|inactive|Battle timer is ON: inactive players will automatically lose when time's up. (requested by tom chwando)\n|\n|t:|1699218282\n|start\n|switch|p1a: Dad|Coalossal, M|100\/100\n|switch|p2a: Popo|Enamorus, F|100\/100\n|turn|1\n|inactive|tom chwando has 270 seconds left.\n|inactive|tom chwando has 240 seconds left.\n|\n|t:|1699218344\n|switch|p2a: Snailton|Goodra-Hisui, M|100\/100\n|move|p1a: Dad|Will-O-Wisp|p2a: Snailton\n|-status|p2a: Snailton|brn\n|\n|-damage|p2a: Snailton|94\/100 brn|[from] brn\n|upkeep\n|turn|2\n|inactive|tom chwando has 240 seconds left.\n|\n|t:|1699218360\n|switch|p1a: Katy Perry|Scream Tail|100\/100\n|move|p2a: Snailton|Draco Meteor|p1a: Katy Perry\n|-immune|p1a: Katy Perry\n|\n|-heal|p2a: Snailton|100\/100 brn|[from] item: Leftovers\n|-damage|p2a: Snailton|94\/100 brn|[from] brn\n|upkeep\n|turn|3\n|c| KingDuns|Dad left us\n|inactive|tom chwando has 240 seconds left.\n|c| KingDuns|That's not dad\n|\n|t:|1699218375\n|move|p1a: Katy Perry|Dazzling Gleam|p2a: Snailton\n|-damage|p2a: Snailton|82\/100 brn\n|move|p2a: Snailton|Heavy Slam|p1a: Katy Perry\n|-supereffective|p1a: Katy Perry\n|-crit|p1a: Katy Perry\n|-damage|p1a: Katy Perry|64\/100\n|\n|-heal|p1a: Katy Perry|70\/100|[from] item: Leftovers\n|-heal|p2a: Snailton|88\/100 brn|[from] item: Leftovers\n|-damage|p2a: Snailton|82\/100 brn|[from] brn\n|upkeep\n|turn|4\n|inactive|tom chwando has 240 seconds left.\n|c| Derpyderk|Dad even unfriended us on nintendo\n|\n|t:|1699218388\n|move|p1a: Katy Perry|Wish|p1a: Katy Perry\n|move|p2a: Snailton|Heavy Slam|p1a: Katy Perry\n|-supereffective|p1a: Katy Perry\n|-damage|p1a: Katy Perry|47\/100\n|\n|-heal|p1a: Katy Perry|53\/100|[from] item: Leftovers\n|-heal|p2a: Snailton|88\/100 brn|[from] item: Leftovers\n|-damage|p2a: Snailton|82\/100 brn|[from] brn\n|upkeep\n|turn|5\n|inactive|tom chwando has 240 seconds left.\n|\n|t:|1699218415\n|move|p1a: Katy Perry|Protect|p1a: Katy Perry\n|-singleturn|p1a: Katy Perry|Protect\n|move|p2a: Snailton|Heavy Slam|p1a: Katy Perry\n|-activate|p1a: Katy Perry|move: Protect\n|\n|-heal|p1a: Katy Perry|100\/100|[from] move: Wish|[wisher] Katy Perry\n|-heal|p2a: Snailton|88\/100 brn|[from] item: Leftovers\n|-damage|p2a: Snailton|82\/100 brn|[from] brn\n|upkeep\n|turn|6\n|\n|t:|1699218429\n|switch|p2a: low effort weed|Meowscarada, F|100\/100\n|move|p1a: Katy Perry|Encore||[still]\n|-fail|p1a: Katy Perry\n|\n|upkeep\n|turn|7\n|\n|t:|1699218442\n|-end|p1a: Katy Perry|Protosynthesis|[silent]\n|switch|p1a: Over Worked|Amoonguss, F|100\/100\n|move|p2a: low effort weed|Knock Off|p1a: Over Worked\n|-start|p2a: low effort weed|typechange|Dark|[from] ability: Protean\n|-damage|p1a: Over Worked|50\/100\n|-enditem|p1a: Over Worked|Black Sludge|[from] move: Knock Off|[of] p2a: low effort weed\n|\n|upkeep\n|turn|8\n|\n|t:|1699218461\n|switch|p2a: Snailton|Goodra-Hisui, M|82\/100 brn\n|switch|p1a: Rodney|Umbreon, M, shiny|100\/100\n|\n|-heal|p2a: Snailton|88\/100 brn|[from] item: Leftovers\n|-damage|p2a: Snailton|82\/100 brn|[from] brn\n|upkeep\n|turn|9\n|inactive|tom chwando has 240 seconds left.\n|c| KingDuns|Rodney approves the name\n|\n|t:|1699218492\n|move|p1a: Rodney|Protect|p1a: Rodney\n|-singleturn|p1a: Rodney|Protect\n|move|p2a: Snailton|Draco Meteor|p1a: Rodney\n|-activate|p1a: Rodney|move: Protect\n|\n|-heal|p2a: Snailton|88\/100 brn|[from] item: Leftovers\n|-damage|p2a: Snailton|82\/100 brn|[from] brn\n|upkeep\n|turn|10\n|inactive|tom chwando has 210 seconds left.\n|\n|t:|1699218509\n|switch|p1a: Katy Perry|Scream Tail|100\/100\n|move|p2a: Snailton|Draco Meteor|p1a: Katy Perry\n|-immune|p1a: Katy Perry\n|\n|-heal|p2a: Snailton|88\/100 brn|[from] item: Leftovers\n|-damage|p2a: Snailton|82\/100 brn|[from] brn\n|upkeep\n|turn|11\n|inactive|tom chwando has 210 seconds left.\n|\n|t:|1699218520\n|move|p1a: Katy Perry|Encore|p2a: Snailton\n|-start|p2a: Snailton|Encore\n|move|p2a: Snailton|Draco Meteor|p1a: Katy Perry\n|-immune|p1a: Katy Perry\n|\n|-heal|p2a: Snailton|88\/100 brn|[from] item: Leftovers\n|-damage|p2a: Snailton|82\/100 brn|[from] brn\n|upkeep\n|turn|12\n|inactive|tom chwando has 210 seconds left.\n|\n|t:|1699218537\n|switch|p2a: low effort weed|Meowscarada, F|100\/100\n|move|p1a: Katy Perry|Dazzling Gleam|p2a: low effort weed\n|-supereffective|p2a: low effort weed\n|-damage|p2a: low effort weed|34\/100\n|\n|upkeep\n|turn|13\n|inactive|tom chwando has 210 seconds left.\n|\n|t:|1699218545\n|move|p1a: Katy Perry|Protect|p1a: Katy Perry\n|-singleturn|p1a: Katy Perry|Protect\n|move|p2a: low effort weed|Knock Off|p1a: Katy Perry\n|-start|p2a: low effort weed|typechange|Dark|[from] ability: Protean\n|-activate|p1a: Katy Perry|move: Protect\n|\n|upkeep\n|turn|14\n|inactive|tom chwando has 210 seconds left.\n|\n|t:|1699218577\n|switch|p2a: Roblox|Skeledirge, M|100\/100\n|-end|p1a: Katy Perry|Protosynthesis|[silent]\n|switch|p1a: Rodney|Umbreon, M, shiny|100\/100\n|\n|upkeep\n|turn|15\n|\n|t:|1699218589\n|switch|p2a: Popo|Enamorus, F|100\/100\n|switch|p1a: Mom|Tyranitar, F|100\/100\n|-weather|Sandstorm|[from] ability: Sand Stream|[of] p1a: Mom\n|\n|-weather|Sandstorm|[upkeep]\n|-damage|p2a: Popo|94\/100|[from] Sandstorm\n|upkeep\n|turn|16\n|c| KingDuns|My mom is not a t-tar\n|\n|t:|1699218614\n|move|p2a: Popo|Superpower|p1a: Mom\n|-supereffective|p1a: Mom\n|-damage|p1a: Mom|0 fnt\n|-boost|p2a: Popo|atk|1\n|-boost|p2a: Popo|def|1\n|faint|p1a: Mom\n|\n|-weather|Sandstorm|[upkeep]\n|-damage|p2a: Popo|88\/100|[from] Sandstorm\n|upkeep\n|inactive|BossShuckle has 270 seconds left.\n|\n|t:|1699218632\n|switch|p1a: Dad|Coalossal, M|100\/100\n|turn|17\n|inactive|BossShuckle has 270 seconds left.\n|inactive|tom chwando has 210 seconds left.\n|\n|t:|1699218651\n|switch|p1a: Over Worked|Amoonguss, F|83\/100\n|move|p2a: Popo|Superpower|p1a: Over Worked\n|-resisted|p1a: Over Worked\n|-damage|p1a: Over Worked|59\/100\n|-boost|p2a: Popo|atk|1\n|-boost|p2a: Popo|def|1\n|\n|-weather|Sandstorm|[upkeep]\n|-damage|p2a: Popo|82\/100|[from] Sandstorm\n|-damage|p1a: Over Worked|53\/100|[from] Sandstorm\n|upkeep\n|turn|18\n|inactive|BossShuckle has 270 seconds left.\n|inactive|tom chwando has 180 seconds left.\n|inactive|BossShuckle has 240 seconds left.\n|inactive|BossShuckle has 210 seconds left.\n|\n|t:|1699218730\n|switch|p2a: Snailton|Goodra-Hisui, M|82\/100 brn\n|switch|p1a: Phat Chimecho|Bronzong|100\/100\n|\n|-weather|Sandstorm|[upkeep]\n|-heal|p2a: Snailton|88\/100 brn|[from] item: Leftovers\n|-damage|p2a: Snailton|82\/100 brn|[from] brn\n|upkeep\n|turn|19\n|inactive|tom chwando has 180 seconds left.\n|inactive|BossShuckle has 210 seconds left.\n|c| KingDuns|Use heal bell\n|\n|t:|1699218744\n|move|p2a: Snailton|Fire Blast|p1a: Phat Chimecho\n|-supereffective|p1a: Phat Chimecho\n|-damage|p1a: Phat Chimecho|65\/100\n|move|p1a: Phat Chimecho|Stealth Rock|p2a: Snailton\n|-sidestart|p2: tom chwando|move: Stealth Rock\n|\n|-weather|none\n|-heal|p2a: Snailton|88\/100 brn|[from] item: Leftovers\n|-heal|p1a: Phat Chimecho|71\/100|[from] item: Leftovers\n|-damage|p2a: Snailton|82\/100 brn|[from] brn\n|upkeep\n|turn|20\n|c| KingDuns|Do it\n|inactive|tom chwando has 180 seconds left.\n|inactive|BossShuckle has 210 seconds left.\n|\n|t:|1699218761\n|switch|p2a: Roblox|Skeledirge, M|100\/100\n|switch|p1a: Rodney|Umbreon, M, shiny|100\/100\n|\n|upkeep\n|turn|21\n|inactive|BossShuckle has 210 seconds left.\n|\n|t:|1699218785\n|switch|p2a: Popo|Enamorus, F|82\/100\n|move|p1a: Rodney|Wish|p1a: Rodney\n|\n|upkeep\n|turn|22\n|\n|t:|1699218794\n|-terastallize|p1a: Rodney|Poison\n|move|p2a: Popo|Superpower|p1a: Rodney\n|-resisted|p1a: Rodney\n|-damage|p1a: Rodney|88\/100\n|-boost|p2a: Popo|atk|1\n|-boost|p2a: Popo|def|1\n|move|p1a: Rodney|Toxic|p2a: Popo\n|-status|p2a: Popo|tox\n|\n|-heal|p1a: Rodney|100\/100|[from] move: Wish|[wisher] Rodney\n|-damage|p2a: Popo|76\/100 tox|[from] psn\n|upkeep\n|turn|23\n|inactive|tom chwando has 150 seconds left.\n|\n|t:|1699218827\n|switch|p2a: Mandibular buzzing|Mandibuzz, F|100\/100\n|move|p1a: Rodney|Wish|p1a: Rodney\n|\n|upkeep\n|turn|24\n|\n|t:|1699218834\n|move|p1a: Rodney|Toxic|p2a: Mandibular buzzing\n|-status|p2a: Mandibular buzzing|tox\n|move|p2a: Mandibular buzzing|Defog|p1a: Rodney\n|-unboost|p1a: Rodney|evasion|1\n|-sideend|p2: tom chwando|Stealth Rock|[from] move: Defog|[of] p2a: Mandibular buzzing\n|\n|-damage|p2a: Mandibular buzzing|94\/100 tox|[from] psn\n|upkeep\n|turn|25\n|inactive|BossShuckle has 210 seconds left.\n|\n|t:|1699218852\n|move|p1a: Rodney|Protect|p1a: Rodney\n|-singleturn|p1a: Rodney|Protect\n|move|p2a: Mandibular buzzing|U-turn|p1a: Rodney\n|-activate|p1a: Rodney|move: Protect\n|\n|-damage|p2a: Mandibular buzzing|82\/100 tox|[from] psn\n|upkeep\n|turn|26\n|c| KingDuns|Rodney is loving the name still\n|\n|t:|1699218863\n|move|p1a: Rodney|Foul Play|p2a: Mandibular buzzing\n|-resisted|p2a: Mandibular buzzing\n|-damage|p2a: Mandibular buzzing|73\/100 tox\n|move|p2a: Mandibular buzzing|U-turn|p1a: Rodney\n|-resisted|p1a: Rodney\n|-damage|p1a: Rodney|96\/100\n|inactive|tom chwando has 150 seconds left.\n|\n|t:|1699218889\n|switch|p2a: Roblox|Skeledirge, M|100\/100|[from] U-turn\n|\n|-heal|p1a: Rodney|100\/100|[from] item: Leftovers\n|upkeep\n|turn|27\n|inactive|BossShuckle has 210 seconds left.\n|\n|t:|1699218896\n|move|p2a: Roblox|Earth Power|p1a: Rodney\n|-supereffective|p1a: Rodney\n|-damage|p1a: Rodney|78\/100\n|move|p1a: Rodney|Toxic|p2a: Roblox\n|-status|p2a: Roblox|tox\n|\n|-heal|p1a: Rodney|84\/100|[from] item: Leftovers\n|-damage|p2a: Roblox|94\/100 tox|[from] psn\n|upkeep\n|turn|28\n|inactive|tom chwando has 150 seconds left.\n|inactive|BossShuckle has 210 seconds left.\n|\n|t:|1699218932\n|move|p2a: Roblox|Will-O-Wisp||[still]\n|-status|p1a: Rodney|brn\n|-activate|p1a: Rodney|ability: Synchronize\n|-fail|p1a: Rodney\n|move|p1a: Rodney|Foul Play|p2a: Roblox\n|-supereffective|p2a: Roblox\n|-damage|p2a: Roblox|84\/100 tox\n|\n|-heal|p1a: Rodney|90\/100 brn|[from] item: Leftovers\n|-damage|p2a: Roblox|72\/100 tox|[from] psn\n|-damage|p1a: Rodney|84\/100 brn|[from] brn\n|upkeep\n|turn|29\n|inactive|BossShuckle has 180 seconds left.\n|\n|t:|1699218955\n|move|p1a: Rodney|Protect|p1a: Rodney\n|-singleturn|p1a: Rodney|Protect\n|move|p2a: Roblox|Earth Power|p1a: Rodney\n|-activate|p1a: Rodney|move: Protect\n|\n|-heal|p1a: Rodney|90\/100 brn|[from] item: Leftovers\n|-damage|p2a: Roblox|54\/100 tox|[from] psn\n|-damage|p1a: Rodney|84\/100 brn|[from] brn\n|upkeep\n|turn|30\n|\n|t:|1699218964\n|move|p2a: Roblox|Slack Off|p2a: Roblox\n|-heal|p2a: Roblox|100\/100 tox\n|move|p1a: Rodney|Wish|p1a: Rodney\n|\n|-heal|p1a: Rodney|90\/100 brn|[from] item: Leftovers\n|-damage|p2a: Roblox|76\/100 tox|[from] psn\n|-damage|p1a: Rodney|84\/100 brn|[from] brn\n|upkeep\n|turn|31\n|inactive|tom chwando has 120 seconds left.\n|\n|t:|1699219004\n|switch|p2a: Buterfree|Vivillon, M|100\/100\n|move|p1a: Rodney|Protect||[still]\n|-fail|p1a: Rodney\n|\n|-heal|p1a: Rodney|100\/100 brn|[from] move: Wish|[wisher] Rodney\n|-damage|p1a: Rodney|94\/100 brn|[from] brn\n|upkeep\n|turn|32\n|inactive|BossShuckle has 180 seconds left.\n|\n|t:|1699219043\n|-terastallize|p2a: Buterfree|Ground\n|move|p2a: Buterfree|Quiver Dance|p2a: Buterfree\n|-boost|p2a: Buterfree|spa|1\n|-boost|p2a: Buterfree|spd|1\n|-boost|p2a: Buterfree|spe|1\n|move|p1a: Rodney|Toxic|p2a: Buterfree\n|-status|p2a: Buterfree|tox\n|\n|-heal|p1a: Rodney|100\/100 brn|[from] item: Leftovers\n|-damage|p2a: Buterfree|95\/100 tox|[from] psn\n|-damage|p1a: Rodney|94\/100 brn|[from] brn\n|upkeep\n|turn|33\n|\n|t:|1699219057\n|move|p1a: Rodney|Protect|p1a: Rodney\n|-singleturn|p1a: Rodney|Protect\n|move|p2a: Buterfree|Hurricane|p1a: Rodney\n|-activate|p1a: Rodney|move: Protect\n|\n|-heal|p1a: Rodney|100\/100 brn|[from] item: Leftovers\n|-damage|p2a: Buterfree|83\/100 tox|[from] psn\n|-damage|p1a: Rodney|94\/100 brn|[from] brn\n|upkeep\n|turn|34\n|\n|t:|1699219079\n|switch|p1a: Dad|Coalossal, M|100\/100\n|move|p2a: Buterfree|Hurricane|p1a: Dad|[miss]\n|-miss|p2a: Buterfree|p1a: Dad\n|\n|-damage|p2a: Buterfree|65\/100 tox|[from] psn\n|upkeep\n|turn|35\n|\n|t:|1699219093\n|move|p2a: Buterfree|Sleep Powder|p1a: Dad\n|-status|p1a: Dad|slp|[from] move: Sleep Powder\n|cant|p1a: Dad|slp\n|\n|-damage|p2a: Buterfree|41\/100 tox|[from] psn\n|upkeep\n|turn|36\n|\n|t:|1699219100\n|move|p2a: Buterfree|Hurricane|p1a: Dad\n|-resisted|p1a: Dad\n|-damage|p1a: Dad|71\/100 slp\n|cant|p1a: Dad|slp\n|\n|-damage|p2a: Buterfree|11\/100 tox|[from] psn\n|upkeep\n|turn|37\n|\n|t:|1699219126\n|switch|p2a: Snailton|Goodra-Hisui, M|82\/100 brn\n|cant|p1a: Dad|slp\n|\n|-heal|p2a: Snailton|88\/100 brn|[from] item: Leftovers\n|-damage|p2a: Snailton|82\/100 brn|[from] brn\n|upkeep\n|turn|38\n|inactive|BossShuckle has 180 seconds left.\n|inactive|BossShuckle has 150 seconds left.\n|\n|t:|1699219173\n|move|p2a: Snailton|Heavy Slam|p1a: Dad\n|-damage|p1a: Dad|67\/100 slp\n|-curestatus|p1a: Dad|slp|[msg]\n|move|p1a: Dad|Body Press|p2a: Snailton\n|-supereffective|p2a: Snailton\n|-damage|p2a: Snailton|43\/100 brn\n|\n|-heal|p2a: Snailton|49\/100 brn|[from] item: Leftovers\n|-damage|p2a: Snailton|43\/100 brn|[from] brn\n|upkeep\n|turn|39\n|\n|t:|1699219188\n|move|p2a: Snailton|Draco Meteor|p1a: Dad\n|-damage|p1a: Dad|23\/100\n|-unboost|p2a: Snailton|spa|2\n|move|p1a: Dad|Body Press|p2a: Snailton\n|-supereffective|p2a: Snailton\n|-damage|p2a: Snailton|2\/100 brn\n|\n|-heal|p2a: Snailton|8\/100 brn|[from] item: Leftovers\n|-damage|p2a: Snailton|2\/100 brn|[from] brn\n|upkeep\n|turn|40\n|inactive|BossShuckle has 150 seconds left.\n|inactive|tom chwando has 90 seconds left.\n|\n|t:|1699219205\n|switch|p2a: Popo|Enamorus, F|76\/100 tox\n|switch|p1a: Katy Perry|Scream Tail|100\/100\n|\n|-damage|p2a: Popo|69\/100 tox|[from] psn\n|upkeep\n|turn|41\n|inactive|BossShuckle has 150 seconds left.\n|inactive|tom chwando has 90 seconds left.\n|\n|t:|1699219218\n|switch|p2a: Roblox|Skeledirge, M|76\/100 tox\n|move|p1a: Katy Perry|Protect||[still]\n|-fail|p1a: Katy Perry\n|\n|-damage|p2a: Roblox|70\/100 tox|[from] psn\n|upkeep\n|turn|42\n|inactive|BossShuckle has 150 seconds left.\n|\n|t:|1699219250\n|move|p1a: Katy Perry|Protect|p1a: Katy Perry\n|-singleturn|p1a: Katy Perry|Protect\n|move|p2a: Roblox|Will-O-Wisp|p1a: Katy Perry\n|-activate|p1a: Katy Perry|move: Protect\n|\n|-damage|p2a: Roblox|58\/100 tox|[from] psn\n|upkeep\n|turn|43\n|inactive|tom chwando has 90 seconds left.\n|\n|t:|1699219266\n|-end|p1a: Katy Perry|Protosynthesis|[silent]\n|switch|p1a: Rodney|Umbreon, M, shiny, tera:Poison|94\/100 brn\n|move|p2a: Roblox|Slack Off|p2a: Roblox\n|-heal|p2a: Roblox|100\/100 tox\n|\n|-heal|p1a: Rodney|100\/100 brn|[from] item: Leftovers\n|-damage|p2a: Roblox|82\/100 tox|[from] psn\n|-damage|p1a: Rodney|94\/100 brn|[from] brn\n|upkeep\n|turn|44\n|inactive|tom chwando has 90 seconds left.\n|\n|t:|1699219279\n|move|p2a: Roblox|Earth Power|p1a: Rodney\n|-supereffective|p1a: Rodney\n|-crit|p1a: Rodney\n|-damage|p1a: Rodney|59\/100 brn\n|move|p1a: Rodney|Wish|p1a: Rodney\n|\n|-heal|p1a: Rodney|65\/100 brn|[from] item: Leftovers\n|-damage|p2a: Roblox|58\/100 tox|[from] psn\n|-damage|p1a: Rodney|59\/100 brn|[from] brn\n|upkeep\n|turn|45\n|inactive|tom chwando has 90 seconds left.\n|\n|t:|1699219297\n|switch|p2a: low effort weed|Meowscarada, F|34\/100\n|move|p1a: Rodney|Protect||[still]\n|-fail|p1a: Rodney\n|\n|-heal|p1a: Rodney|100\/100 brn|[from] move: Wish|[wisher] Rodney\n|-damage|p1a: Rodney|94\/100 brn|[from] brn\n|upkeep\n|turn|46\n|inactive|BossShuckle has 150 seconds left.\n|inactive|tom chwando has 90 seconds left.\n|\n|t:|1699219309\n|move|p2a: low effort weed|Knock Off|p1a: Rodney\n|-start|p2a: low effort weed|typechange|Dark|[from] ability: Protean\n|-damage|p1a: Rodney|54\/100 brn\n|-enditem|p1a: Rodney|Leftovers|[from] move: Knock Off|[of] p2a: low effort weed\n|move|p1a: Rodney|Toxic|p2a: low effort weed\n|-status|p2a: low effort weed|tox\n|\n|-damage|p2a: low effort weed|28\/100 tox|[from] psn\n|-damage|p1a: Rodney|48\/100 brn|[from] brn\n|upkeep\n|turn|47\n|inactive|BossShuckle has 150 seconds left.\n|inactive|tom chwando has 90 seconds left.\n|\n|t:|1699219341\n|switch|p2a: Popo|Enamorus, F|69\/100 tox\n|move|p1a: Rodney|Protect||[still]\n|-fail|p1a: Rodney\n|\n|-damage|p2a: Popo|63\/100 tox|[from] psn\n|-damage|p1a: Rodney|42\/100 brn|[from] brn\n|upkeep\n|turn|48\n|inactive|BossShuckle has 150 seconds left.\n|\n|t:|1699219360\n|move|p1a: Rodney|Protect|p1a: Rodney\n|-singleturn|p1a: Rodney|Protect\n|move|p2a: Popo|Superpower|p1a: Rodney\n|-activate|p1a: Rodney|move: Protect\n|\n|-damage|p2a: Popo|51\/100 tox|[from] psn\n|-damage|p1a: Rodney|36\/100 brn|[from] brn\n|upkeep\n|turn|49\n|\n|t:|1699219372\n|switch|p1a: Over Worked|Amoonguss, F|86\/100\n|move|p2a: Popo|Superpower|p1a: Over Worked\n|-resisted|p1a: Over Worked\n|-damage|p1a: Over Worked|69\/100\n|-boost|p2a: Popo|atk|1\n|-boost|p2a: Popo|def|1\n|\n|-damage|p2a: Popo|32\/100 tox|[from] psn\n|upkeep\n|turn|50\n|\n|t:|1699219388\n|switch|p2a: Roblox|Skeledirge, M|58\/100 tox\n|move|p1a: Over Worked|Sludge Bomb|p2a: Roblox\n|-resisted|p2a: Roblox\n|-damage|p2a: Roblox|44\/100 tox\n|\n|-damage|p2a: Roblox|37\/100 tox|[from] psn\n|upkeep\n|turn|51\n|inactive|BossShuckle has 150 seconds left.\n|\n|t:|1699219413\n|switch|p1a: Katy Perry|Scream Tail|100\/100\n|move|p2a: Roblox|Slack Off|p2a: Roblox\n|-heal|p2a: Roblox|88\/100 tox\n|\n|-damage|p2a: Roblox|75\/100 tox|[from] psn\n|upkeep\n|turn|52\n|\n|t:|1699219421\n|move|p1a: Katy Perry|Wish|p1a: Katy Perry\n|move|p2a: Roblox|Will-O-Wisp|p1a: Katy Perry\n|-status|p1a: Katy Perry|brn\n|\n|-damage|p2a: Roblox|57\/100 tox|[from] psn\n|-damage|p1a: Katy Perry|94\/100 brn|[from] brn\n|upkeep\n|turn|53\n|inactive|tom chwando has 60 seconds left.\n|\n|t:|1699219453\n|switch|p2a: Buterfree|Vivillon, M, tera:Ground|11\/100 tox\n|move|p1a: Katy Perry|Encore||[still]\n|-fail|p1a: Katy Perry\n|\n|-heal|p1a: Katy Perry|100\/100 brn|[from] move: Wish|[wisher] Katy Perry\n|-damage|p2a: Buterfree|5\/100 tox|[from] psn\n|-damage|p1a: Katy Perry|94\/100 brn|[from] brn\n|upkeep\n|turn|54\n|inactive|tom chwando has 60 seconds left.\n|\n|t:|1699219466\n|move|p1a: Katy Perry|Protect|p1a: Katy Perry\n|-singleturn|p1a: Katy Perry|Protect\n|move|p2a: Buterfree|Bug Buzz|p1a: Katy Perry\n|-activate|p1a: Katy Perry|move: Protect\n|\n|-heal|p1a: Katy Perry|100\/100 brn|[from] item: Leftovers\n|-damage|p2a: Buterfree|0 fnt|[from] psn\n|faint|p2a: Buterfree\n|-damage|p1a: Katy Perry|94\/100 brn|[from] brn\n|upkeep\n|\n|t:|1699219479\n|switch|p2a: low effort weed|Meowscarada, F|28\/100 tox\n|turn|55\n|\n|t:|1699219493\n|move|p2a: low effort weed|Knock Off|p1a: Katy Perry\n|-start|p2a: low effort weed|typechange|Dark|[from] ability: Protean\n|-damage|p1a: Katy Perry|65\/100 brn\n|-enditem|p1a: Katy Perry|Leftovers|[from] move: Knock Off|[of] p2a: low effort weed\n|move|p1a: Katy Perry|Wish|p1a: Katy Perry\n|\n|-damage|p2a: low effort weed|22\/100 tox|[from] psn\n|-damage|p1a: Katy Perry|59\/100 brn|[from] brn\n|upkeep\n|turn|56\n|inactive|tom chwando has 60 seconds left.\n|\n|t:|1699219506\n|move|p1a: Katy Perry|Protect|p1a: Katy Perry\n|-singleturn|p1a: Katy Perry|Protect\n|move|p2a: low effort weed|Spikes|p1a: Katy Perry\n|-sidestart|p1: BossShuckle|Spikes\n|\n|-heal|p1a: Katy Perry|100\/100 brn|[from] move: Wish|[wisher] Katy Perry\n|-damage|p2a: low effort weed|10\/100 tox|[from] psn\n|-damage|p1a: Katy Perry|94\/100 brn|[from] brn\n|upkeep\n|turn|57\n|inactive|tom chwando has 60 seconds left.\n|\n|t:|1699219526\n|move|p2a: low effort weed|Flower Trick|p1a: Katy Perry\n|-crit|p1a: Katy Perry\n|-damage|p1a: Katy Perry|73\/100 brn\n|move|p1a: Katy Perry|Dazzling Gleam|p2a: low effort weed\n|-supereffective|p2a: low effort weed\n|-damage|p2a: low effort weed|0 fnt\n|faint|p2a: low effort weed\n|\n|-damage|p1a: Katy Perry|67\/100 brn|[from] brn\n|upkeep\n|\n|t:|1699219545\n|switch|p2a: Roblox|Skeledirge, M|57\/100 tox\n|turn|58\n|\n|t:|1699219562\n|move|p1a: Katy Perry|Wish|p1a: Katy Perry\n|move|p2a: Roblox|Slack Off|p2a: Roblox\n|-heal|p2a: Roblox|100\/100 tox\n|\n|-damage|p2a: Roblox|94\/100 tox|[from] psn\n|-damage|p1a: Katy Perry|60\/100 brn|[from] brn\n|upkeep\n|turn|59\n|\n|t:|1699219571\n|move|p1a: Katy Perry|Encore|p2a: Roblox\n|-start|p2a: Roblox|Encore\n|move|p2a: Roblox|Slack Off|p2a: Roblox\n|-heal|p2a: Roblox|100\/100 tox\n|\n|-heal|p1a: Katy Perry|100\/100 brn|[from] move: Wish|[wisher] Katy Perry\n|-damage|p2a: Roblox|88\/100 tox|[from] psn\n|-damage|p1a: Katy Perry|94\/100 brn|[from] brn\n|upkeep\n|turn|60\n|inactive|tom chwando has 60 seconds left.\n|\n|t:|1699219586\n|switch|p2a: Snailton|Goodra-Hisui, M|2\/100 brn\n|move|p1a: Katy Perry|Dazzling Gleam|p2a: Snailton\n|-damage|p2a: Snailton|0 fnt\n|faint|p2a: Snailton\n|\n|-damage|p1a: Katy Perry|88\/100 brn|[from] brn\n|upkeep\n|\n|t:|1699219596\n|switch|p2a: Mandibular buzzing|Mandibuzz, F|73\/100 tox\n|turn|61\n|inactive|BossShuckle has 150 seconds left.\n|\n|t:|1699219607\n|move|p1a: Katy Perry|Encore||[still]\n|-fail|p1a: Katy Perry\n|move|p2a: Mandibular buzzing|U-turn|p1a: Katy Perry\n|-damage|p1a: Katy Perry|81\/100 brn\n|\n|t:|1699219612\n|switch|p2a: Roblox|Skeledirge, M|88\/100 tox|[from] U-turn\n|\n|-damage|p2a: Roblox|82\/100 tox|[from] psn\n|-damage|p1a: Katy Perry|75\/100 brn|[from] brn\n|upkeep\n|turn|62\n|inactive|tom chwando has 60 seconds left.\n|\n|t:|1699219620\n|move|p1a: Katy Perry|Wish|p1a: Katy Perry\n|move|p2a: Roblox|Torch Song|p1a: Katy Perry\n|-damage|p1a: Katy Perry|54\/100 brn\n|-boost|p2a: Roblox|spa|1\n|\n|-damage|p2a: Roblox|70\/100 tox|[from] psn\n|-damage|p1a: Katy Perry|48\/100 brn|[from] brn\n|upkeep\n|turn|63\n|\n|t:|1699219628\n|move|p1a: Katy Perry|Protect|p1a: Katy Perry\n|-singleturn|p1a: Katy Perry|Protect\n|move|p2a: Roblox|Torch Song|p1a: Katy Perry\n|-activate|p1a: Katy Perry|move: Protect\n|\n|-heal|p1a: Katy Perry|98\/100 brn|[from] move: Wish|[wisher] Katy Perry\n|-damage|p2a: Roblox|52\/100 tox|[from] psn\n|-damage|p1a: Katy Perry|92\/100 brn|[from] brn\n|upkeep\n|turn|64\n|\n|t:|1699219640\n|switch|p2a: Mandibular buzzing|Mandibuzz, F|73\/100 tox\n|move|p1a: Katy Perry|Dazzling Gleam|p2a: Mandibular buzzing\n|-supereffective|p2a: Mandibular buzzing\n|-damage|p2a: Mandibular buzzing|49\/100 tox\n|\n|-damage|p2a: Mandibular buzzing|43\/100 tox|[from] psn\n|-damage|p1a: Katy Perry|86\/100 brn|[from] brn\n|upkeep\n|turn|65\n|\n|t:|1699219651\n|move|p1a: Katy Perry|Wish|p1a: Katy Perry\n|move|p2a: Mandibular buzzing|U-turn|p1a: Katy Perry\n|-damage|p1a: Katy Perry|79\/100 brn\n|\n|t:|1699219654\n|switch|p2a: Roblox|Skeledirge, M|52\/100 tox|[from] U-turn\n|\n|-damage|p2a: Roblox|46\/100 tox|[from] psn\n|-damage|p1a: Katy Perry|73\/100 brn|[from] brn\n|upkeep\n|turn|66\n|\n|t:|1699219662\n|move|p1a: Katy Perry|Dazzling Gleam|p2a: Roblox\n|-resisted|p2a: Roblox\n|-damage|p2a: Roblox|36\/100 tox\n|move|p2a: Roblox|Slack Off|p2a: Roblox\n|-heal|p2a: Roblox|86\/100 tox\n|\n|-heal|p1a: Katy Perry|100\/100 brn|[from] move: Wish|[wisher] Katy Perry\n|-damage|p2a: Roblox|73\/100 tox|[from] psn\n|-damage|p1a: Katy Perry|94\/100 brn|[from] brn\n|upkeep\n|turn|67\n|\n|t:|1699219672\n|move|p1a: Katy Perry|Encore|p2a: Roblox\n|-start|p2a: Roblox|Encore\n|move|p2a: Roblox|Slack Off|p2a: Roblox\n|-heal|p2a: Roblox|100\/100 tox\n|\n|-damage|p2a: Roblox|82\/100 tox|[from] psn\n|-damage|p1a: Katy Perry|88\/100 brn|[from] brn\n|upkeep\n|turn|68\n|inactive|BossShuckle has 180 seconds left.\n|inactive|tom chwando has 90 seconds left.\n|\n|t:|1699219689\n|switch|p2a: Mandibular buzzing|Mandibuzz, F|43\/100 tox\n|move|p1a: Katy Perry|Protect||[still]\n|-fail|p1a: Katy Perry\n|\n|-damage|p2a: Mandibular buzzing|37\/100 tox|[from] psn\n|-damage|p1a: Katy Perry|82\/100 brn|[from] brn\n|upkeep\n|turn|69\n|inactive|BossShuckle has 180 seconds left.\n|\n|t:|1699219699\n|move|p1a: Katy Perry|Wish|p1a: Katy Perry\n|move|p2a: Mandibular buzzing|Roost|p2a: Mandibular buzzing\n|-heal|p2a: Mandibular buzzing|87\/100 tox\n|-singleturn|p2a: Mandibular buzzing|move: Roost\n|\n|-damage|p2a: Mandibular buzzing|75\/100 tox|[from] psn\n|-damage|p1a: Katy Perry|76\/100 brn|[from] brn\n|upkeep\n|turn|70\n|inactive|tom chwando has 90 seconds left.\n|\n|t:|1699219715\n|move|p1a: Katy Perry|Encore|p2a: Mandibular buzzing\n|-start|p2a: Mandibular buzzing|Encore\n|move|p2a: Mandibular buzzing|Roost|p2a: Mandibular buzzing\n|-heal|p2a: Mandibular buzzing|100\/100 tox\n|-singleturn|p2a: Mandibular buzzing|move: Roost\n|\n|-heal|p1a: Katy Perry|100\/100 brn|[from] move: Wish|[wisher] Katy Perry\n|-damage|p2a: Mandibular buzzing|82\/100 tox|[from] psn\n|-damage|p1a: Katy Perry|94\/100 brn|[from] brn\n|upkeep\n|turn|71\n|\n|t:|1699219728\n|switch|p2a: Roblox|Skeledirge, M|82\/100 tox\n|move|p1a: Katy Perry|Protect||[still]\n|-fail|p1a: Katy Perry\n|\n|-damage|p2a: Roblox|76\/100 tox|[from] psn\n|-damage|p1a: Katy Perry|88\/100 brn|[from] brn\n|upkeep\n|turn|72\n|\n|t:|1699219737\n|move|p1a: Katy Perry|Wish|p1a: Katy Perry\n|move|p2a: Roblox|Torch Song|p1a: Katy Perry\n|-damage|p1a: Katy Perry|67\/100 brn\n|-boost|p2a: Roblox|spa|1\n|\n|-damage|p2a: Roblox|64\/100 tox|[from] psn\n|-damage|p1a: Katy Perry|61\/100 brn|[from] brn\n|upkeep\n|turn|73\n|inactive|tom chwando has 90 seconds left.\n|\n|t:|1699219746\n|move|p1a: Katy Perry|Protect|p1a: Katy Perry\n|-singleturn|p1a: Katy Perry|Protect\n|move|p2a: Roblox|Torch Song|p1a: Katy Perry\n|-activate|p1a: Katy Perry|move: Protect\n|\n|-heal|p1a: Katy Perry|100\/100 brn|[from] move: Wish|[wisher] Katy Perry\n|-damage|p2a: Roblox|46\/100 tox|[from] psn\n|-damage|p1a: Katy Perry|94\/100 brn|[from] brn\n|upkeep\n|turn|74\n|\n|t:|1699219761\n|move|p1a: Katy Perry|Dazzling Gleam|p2a: Roblox\n|-resisted|p2a: Roblox\n|-damage|p2a: Roblox|36\/100 tox\n|move|p2a: Roblox|Slack Off|p2a: Roblox\n|-heal|p2a: Roblox|86\/100 tox\n|\n|-damage|p2a: Roblox|61\/100 tox|[from] psn\n|-damage|p1a: Katy Perry|88\/100 brn|[from] brn\n|upkeep\n|turn|75\n|\n|t:|1699219773\n|switch|p2a: Mandibular buzzing|Mandibuzz, F|82\/100 tox\n|move|p1a: Katy Perry|Dazzling Gleam|p2a: Mandibular buzzing\n|-supereffective|p2a: Mandibular buzzing\n|-damage|p2a: Mandibular buzzing|59\/100 tox\n|\n|-damage|p2a: Mandibular buzzing|53\/100 tox|[from] psn\n|-damage|p1a: Katy Perry|82\/100 brn|[from] brn\n|upkeep\n|turn|76\n|inactive|tom chwando has 90 seconds left.\n|\n|t:|1699219789\n|move|p1a: Katy Perry|Dazzling Gleam|p2a: Mandibular buzzing\n|-supereffective|p2a: Mandibular buzzing\n|-damage|p2a: Mandibular buzzing|30\/100 tox\n|move|p2a: Mandibular buzzing|Roost|p2a: Mandibular buzzing\n|-heal|p2a: Mandibular buzzing|80\/100 tox\n|-singleturn|p2a: Mandibular buzzing|move: Roost\n|\n|-damage|p2a: Mandibular buzzing|68\/100 tox|[from] psn\n|-damage|p1a: Katy Perry|76\/100 brn|[from] brn\n|upkeep\n|turn|77\n|inactive|tom chwando has 90 seconds left.\n|\n|t:|1699219799\n|move|p1a: Katy Perry|Encore|p2a: Mandibular buzzing\n|-start|p2a: Mandibular buzzing|Encore\n|move|p2a: Mandibular buzzing|Roost|p2a: Mandibular buzzing\n|-heal|p2a: Mandibular buzzing|100\/100 tox\n|-singleturn|p2a: Mandibular buzzing|move: Roost\n|\n|-damage|p2a: Mandibular buzzing|82\/100 tox|[from] psn\n|-damage|p1a: Katy Perry|69\/100 brn|[from] brn\n|upkeep\n|turn|78\n|\n|t:|1699219809\n|switch|p2a: Popo|Enamorus, F|32\/100 tox\n|move|p1a: Katy Perry|Wish|p1a: Katy Perry\n|\n|-damage|p2a: Popo|26\/100 tox|[from] psn\n|-damage|p1a: Katy Perry|63\/100 brn|[from] brn\n|upkeep\n|turn|79\n|\n|t:|1699219825\n|move|p1a: Katy Perry|Protect|p1a: Katy Perry\n|-singleturn|p1a: Katy Perry|Protect\n|move|p2a: Popo|Moonblast|p1a: Katy Perry\n|-activate|p1a: Katy Perry|move: Protect\n|\n|-heal|p1a: Katy Perry|100\/100 brn|[from] move: Wish|[wisher] Katy Perry\n|-damage|p2a: Popo|13\/100 tox|[from] psn\n|-damage|p1a: Katy Perry|94\/100 brn|[from] brn\n|upkeep\n|turn|80\n|\n|t:|1699219835\n|switch|p2a: Roblox|Skeledirge, M|61\/100 tox\n|move|p1a: Katy Perry|Dazzling Gleam|p2a: Roblox\n|-resisted|p2a: Roblox\n|-crit|p2a: Roblox\n|-damage|p2a: Roblox|47\/100 tox\n|\n|-damage|p2a: Roblox|41\/100 tox|[from] psn\n|-damage|p1a: Katy Perry|88\/100 brn|[from] brn\n|upkeep\n|turn|81\n|\n|t:|1699219847\n|move|p1a: Katy Perry|Dazzling Gleam|p2a: Roblox\n|-resisted|p2a: Roblox\n|-damage|p2a: Roblox|31\/100 tox\n|move|p2a: Roblox|Earth Power|p1a: Katy Perry\n|-damage|p1a: Katy Perry|71\/100 brn\n|\n|-damage|p2a: Roblox|19\/100 tox|[from] psn\n|-damage|p1a: Katy Perry|65\/100 brn|[from] brn\n|upkeep\n|turn|82\n|-message|tom chwando forfeited.\n|\n|win|BossShuckle\n|l|\u2606tom chwando\n","uploadtime":1699219867,"views":12,"p1id":"bossshuckle","p2id":"tomchwando","formatid":"gen9ubers","rating":0,"private":0,"password":""}