{"id":"gen9ubers-1996670725","p1":"shurick","p2":"hehheiamcheese","format":"[Gen 9] Ubers","log":"|j|\u2606shurick\n|j|\u2606hehheiamcheese\n|t:|1700707682\n|gametype|singles\n|player|p1|shurick|ghetsis|1183\n|player|p2|hehheiamcheese|hilbert|1169\n|teamsize|p1|6\n|teamsize|p2|6\n|gen|9\n|tier|[Gen 9] Ubers\n|rated|\n|rule|Sleep Clause Mod: Limit one foe put to sleep\n|rule|Species Clause: Limit one of each Pok\u00e9mon\n|rule|OHKO Clause: OHKO moves are banned\n|rule|Evasion Items Clause: Evasion items are banned\n|rule|Evasion Moves Clause: Evasion moves are banned\n|rule|Endless Battle Clause: Forcing endless battles is banned\n|rule|HP Percentage Mod: HP is shown in percentages\n|clearpoke\n|poke|p1|Rabsca, M|\n|poke|p1|Lokix, M|\n|poke|p1|Spidops, M|\n|poke|p1|Volcarona, M|\n|poke|p1|Orthworm, F|\n|poke|p1|Iron Moth|\n|poke|p2|Volcarona, F|\n|poke|p2|Palafin, F|\n|poke|p2|Gliscor, F|\n|poke|p2|Giratina-Origin|\n|poke|p2|Annihilape, F|\n|poke|p2|Flutter Mane|\n|teampreview\n|\n|t:|1700707692\n|start\n|switch|p1a: Chomei|Spidops, M|100\/100\n|switch|p2a: Palafin|Palafin, F|100\/100\n|turn|1\n|\n|t:|1700707700\n|move|p1a: Chomei|Silk Trap|p1a: Chomei\n|-singleturn|p1a: Chomei|Protect\n|move|p2a: Palafin|Flip Turn|p1a: Chomei\n|-activate|p1a: Chomei|move: Protect\n|-unboost|p2a: Palafin|spe|1\n|\n|upkeep\n|turn|2\n|\n|t:|1700707709\n|move|p2a: Palafin|Flip Turn|p1a: Chomei\n|-damage|p1a: Chomei|75\/100\n|\n|t:|1700707714\n|detailschange|p2a: Palafin|Palafin-Hero, F\n|switch|p2a: Gliscor|Gliscor, F|100\/100|[from] Flip Turn\n|move|p1a: Chomei|Knock Off|p2a: Gliscor\n|-damage|p2a: Gliscor|88\/100\n|-enditem|p2a: Gliscor|Toxic Orb|[from] move: Knock Off|[of] p1a: Chomei\n|\n|upkeep\n|turn|3\n|\n|t:|1700707724\n|move|p2a: Gliscor|Spikes|p1a: Chomei\n|-sidestart|p1: shurick|Spikes\n|move|p1a: Chomei|Sticky Web|p2a: Gliscor\n|-sidestart|p2: hehheiamcheese|move: Sticky Web\n|\n|upkeep\n|turn|4\n|\n|t:|1700707729\n|move|p2a: Gliscor|Spikes|p1a: Chomei\n|-sidestart|p1: shurick|Spikes\n|move|p1a: Chomei|Toxic Spikes|p2a: Gliscor\n|-sidestart|p2: hehheiamcheese|move: Toxic Spikes\n|\n|upkeep\n|turn|5\n|c|\u2606hehheiamcheese|U know that rimbombee exists\n|\n|t:|1700707756\n|move|p2a: Gliscor|Toxic|p1a: Chomei\n|-status|p1a: Chomei|tox\n|move|p1a: Chomei|Toxic Spikes|p2a: Gliscor\n|-sidestart|p2: hehheiamcheese|move: Toxic Spikes\n|\n|-damage|p1a: Chomei|69\/100 tox|[from] psn\n|upkeep\n|turn|6\n|\n|t:|1700707771\n|switch|p1a: Shelby|Orthworm, F|100\/100\n|-damage|p1a: Shelby|84\/100|[from] Spikes\n|-terastallize|p2a: Gliscor|Water\n|move|p2a: Gliscor|Earthquake|p1a: Shelby\n|-heal|p1a: Shelby|100\/100|[from] ability: Earth Eater|[of] p2a: Gliscor\n|\n|upkeep\n|turn|7\n|\n|t:|1700707783\n|move|p2a: Gliscor|Earthquake|p1a: Shelby\n|-immune|p1a: Shelby|[from] ability: Earth Eater\n|move|p1a: Shelby|Stealth Rock|p2a: Gliscor\n|-sidestart|p2: hehheiamcheese|move: Stealth Rock\n|\n|upkeep\n|turn|8\n|\n|t:|1700707790\n|switch|p2a: Giratina|Giratina-Origin|100\/100\n|-damage|p2a: Giratina|88\/100|[from] Stealth Rock\n|move|p1a: Shelby|Coil|p1a: Shelby\n|-boost|p1a: Shelby|atk|1\n|-boost|p1a: Shelby|def|1\n|-boost|p1a: Shelby|accuracy|1\n|\n|upkeep\n|turn|9\n|\n|t:|1700707801\n|switch|p1a: Chomei|Spidops, M|69\/100 tox\n|-damage|p1a: Chomei|52\/100 tox|[from] Spikes\n|move|p2a: Giratina|Defog|p1a: Chomei\n|-unboost|p1a: Chomei|evasion|1\n|-sideend|p1: shurick|Spikes|[from] move: Defog|[of] p2a: Giratina\n|-sideend|p2: hehheiamcheese|Toxic Spikes|[from] move: Defog|[of] p2a: Giratina\n|-sideend|p2: hehheiamcheese|Stealth Rock|[from] move: Defog|[of] p2a: Giratina\n|-sideend|p2: hehheiamcheese|Sticky Web|[from] move: Defog|[of] p2a: Giratina\n|\n|-damage|p1a: Chomei|46\/100 tox|[from] psn\n|upkeep\n|turn|10\n|\n|t:|1700707813\n|move|p2a: Giratina|Dark Pulse|p1a: Chomei\n|-damage|p1a: Chomei|17\/100 tox\n|move|p1a: Chomei|Knock Off|p2a: Giratina\n|-supereffective|p2a: Giratina\n|-damage|p2a: Giratina|70\/100\n|\n|-damage|p1a: Chomei|5\/100 tox|[from] psn\n|upkeep\n|turn|11\n|\n|t:|1700707823\n|move|p2a: Giratina|Dark Pulse|p1a: Chomei\n|-damage|p1a: Chomei|0 fnt\n|faint|p1a: Chomei\n|\n|upkeep\n|\n|t:|1700707835\n|switch|p1a: Irion|Iron Moth|100\/100\n|turn|12\n|c|\u2606hehheiamcheese|My iteam is unknockable\n|\n|t:|1700707845\n|move|p1a: Irion|Fiery Dance|p2a: Giratina\n|-resisted|p2a: Giratina\n|-damage|p2a: Giratina|45\/100\n|-boost|p1a: Irion|spa|1\n|move|p2a: Giratina|Draco Meteor|p1a: Irion\n|-crit|p1a: Irion\n|-damage|p1a: Irion|0 fnt\n|-unboost|p2a: Giratina|spa|2\n|faint|p1a: Irion\n|-end|p1a: Irion|Quark Drive|[silent]\n|\n|upkeep\n|\n|t:|1700707863\n|switch|p1a: Boloncho|Rabsca, M|100\/100\n|turn|13\n|\n|t:|1700707867\n|move|p2a: Giratina|Dark Pulse|p1a: Boloncho\n|-supereffective|p1a: Boloncho\n|-damage|p1a: Boloncho|73\/100\n|move|p1a: Boloncho|Calm Mind|p1a: Boloncho\n|-boost|p1a: Boloncho|spa|1\n|-boost|p1a: Boloncho|spd|1\n|\n|-heal|p1a: Boloncho|80\/100|[from] item: Leftovers\n|upkeep\n|turn|14\n|\n|t:|1700707879\n|switch|p2a: Palafin|Palafin-Hero, F|100\/100\n|-activate|p2a: Palafin|ability: Zero to Hero\n|move|p1a: Boloncho|Calm Mind|p1a: Boloncho\n|-boost|p1a: Boloncho|spa|1\n|-boost|p1a: Boloncho|spd|1\n|\n|-heal|p1a: Boloncho|86\/100|[from] item: Leftovers\n|upkeep\n|turn|15\n|\n|t:|1700707891\n|move|p2a: Palafin|Wave Crash|p1a: Boloncho\n|-damage|p1a: Boloncho|1\/100\n|-damage|p2a: Palafin|71\/100|[from] Recoil\n|move|p1a: Boloncho|Power Gem|p2a: Palafin\n|-damage|p2a: Palafin|23\/100\n|\n|-heal|p1a: Boloncho|7\/100|[from] item: Leftovers\n|upkeep\n|turn|16\n|\n|t:|1700707900\n|move|p2a: Palafin|Wave Crash|p1a: Boloncho\n|-damage|p1a: Boloncho|0 fnt\n|faint|p1a: Boloncho\n|-damage|p2a: Palafin|20\/100|[from] Recoil\n|\n|upkeep\n|\n|t:|1700707903\n|switch|p1a: Shelby|Orthworm, F|100\/100\n|turn|17\n|\n|t:|1700707910\n|switch|p2a: Annihilape|Annihilape, F|100\/100\n|move|p1a: Shelby|Stealth Rock|p2a: Annihilape\n|-sidestart|p2: hehheiamcheese|move: Stealth Rock\n|\n|upkeep\n|turn|18\n|\n|t:|1700707915\n|move|p2a: Annihilape|Bulk Up|p2a: Annihilape\n|-boost|p2a: Annihilape|atk|1\n|-boost|p2a: Annihilape|def|1\n|move|p1a: Shelby|Earthquake|p2a: Annihilape\n|-damage|p2a: Annihilape|80\/100\n|\n|-heal|p2a: Annihilape|87\/100|[from] item: Leftovers\n|upkeep\n|turn|19\n|\n|t:|1700707924\n|move|p2a: Annihilape|Close Combat|p1a: Shelby\n|-supereffective|p1a: Shelby\n|-damage|p1a: Shelby|0 fnt\n|-unboost|p2a: Annihilape|def|1\n|-unboost|p2a: Annihilape|spd|1\n|-damage|p2a: Annihilape|70\/100|[from] item: Rocky Helmet|[of] p1a: Shelby\n|faint|p1a: Shelby\n|\n|-heal|p2a: Annihilape|76\/100|[from] item: Leftovers\n|upkeep\n|\n|t:|1700707932\n|switch|p1a: Savilo|Lokix, M, shiny|100\/100\n|turn|20\n|\n|t:|1700707938\n|move|p1a: Savilo|First Impression|p2a: Annihilape\n|-resisted|p2a: Annihilape\n|-damage|p2a: Annihilape|48\/100\n|-damage|p1a: Savilo|91\/100|[from] item: Life Orb\n|move|p2a: Annihilape|Close Combat|p1a: Savilo\n|-damage|p1a: Savilo|0 fnt\n|-unboost|p2a: Annihilape|def|1\n|-unboost|p2a: Annihilape|spd|1\n|faint|p1a: Savilo\n|\n|-heal|p2a: Annihilape|55\/100|[from] item: Leftovers\n|upkeep\n|\n|t:|1700707942\n|switch|p1a: Mr.Danpi|Volcarona, M|100\/100\n|turn|21\n|\n|t:|1700707951\n|move|p1a: Mr.Danpi|Quiver Dance|p1a: Mr.Danpi\n|-boost|p1a: Mr.Danpi|spa|1\n|-boost|p1a: Mr.Danpi|spd|1\n|-boost|p1a: Mr.Danpi|spe|1\n|move|p2a: Annihilape|Rage Fist|p1a: Mr.Danpi\n|-damage|p1a: Mr.Danpi|0 fnt\n|-status|p2a: Annihilape|brn|[from] ability: Flame Body|[of] p1a: Mr.Danpi\n|faint|p1a: Mr.Danpi\n|\n|win|hehheiamcheese\n|raw|shurick's rating: 1183 &rarr; <strong>1157<\/strong><br \/>(-26 for losing)\n|raw|hehheiamcheese's rating: 1169 &rarr; <strong>1195<\/strong><br \/>(+26 for winning)\n|l|\u2606shurick\n","uploadtime":1700707974,"views":1,"p1id":"shurick","p2id":"hehheiamcheese","formatid":"gen9ubers","rating":1157,"private":0,"password":""}