{"id":"gen9ubers-1969112635","p1":"Uubers account","p2":"underhours","format":"[Gen 9] Ubers","log":"|j|\u2606Uubers account\n|j|\u2606underhours\n|t:|1697491101\n|gametype|singles\n|player|p1|Uubers account|101|\n|player|p2|underhours|brock-gen2|\n|teamsize|p1|6\n|teamsize|p2|6\n|gen|9\n|tier|[Gen 9] Ubers\n|rule|Sleep Clause Mod: Limit one foe put to sleep\n|rule|Species Clause: Limit one of each Pok\u00e9mon\n|rule|OHKO Clause: OHKO moves are banned\n|rule|Evasion Items Clause: Evasion items are banned\n|rule|Evasion Moves Clause: Evasion moves are banned\n|rule|Endless Battle Clause: Forcing endless battles is banned\n|rule|HP Percentage Mod: HP is shown in percentages\n|clearpoke\n|poke|p1|Zacian-*|\n|poke|p1|Hatterene, F|\n|poke|p1|Basculegion-F, F|\n|poke|p1|Arceus-Dark|\n|poke|p1|Palkia-Origin|\n|poke|p1|Meowscarada, M|\n|poke|p2|Masquerain, M|\n|poke|p2|Urshifu-*, F|\n|poke|p2|Cyclizar, M|\n|poke|p2|Arceus-Grass|\n|poke|p2|Gholdengo|\n|poke|p2|Magearna|\n|teampreview\n|inactive|Battle timer is ON: inactive players will automatically lose when time's up. (requested by underhours)\n|c|\u2606Uubers account|glhf\n|c|\u2606underhours|u2\n|\n|t:|1697491117\n|start\n|switch|p1a: Meowscarada|Meowscarada, M|100\/100\n|switch|p2a: Gholdengo|Gholdengo|100\/100\n|turn|1\n|\n|t:|1697491124\n|move|p2a: Gholdengo|Focus Blast|p1a: Meowscarada\n|-supereffective|p1a: Meowscarada\n|-enditem|p1a: Meowscarada|Focus Sash\n|-damage|p1a: Meowscarada|1\/100\n|move|p1a: Meowscarada|Knock Off|p2a: Gholdengo\n|-supereffective|p2a: Gholdengo\n|-damage|p2a: Gholdengo|0 fnt\n|-enditem|p2a: Gholdengo|Choice Scarf|[from] move: Knock Off|[of] p1a: Meowscarada\n|faint|p2a: Gholdengo\n|\n|upkeep\n|\n|t:|1697491131\n|switch|p2a: here 4 good time|Masquerain, M|100\/100\n|-ability|p2a: here 4 good time|Intimidate|boost\n|-unboost|p1a: Meowscarada|atk|1\n|turn|2\n|\n|t:|1697491135\n|move|p1a: Meowscarada|Taunt|p2a: here 4 good time\n|-start|p2a: here 4 good time|move: Taunt\n|move|p2a: here 4 good time|U-turn|p1a: Meowscarada\n|-supereffective|p1a: Meowscarada\n|-damage|p1a: Meowscarada|0 fnt\n|faint|p1a: Meowscarada\n|\n|t:|1697491143\n|switch|p2a: jump higher|Cyclizar, M|100\/100|[from] U-turn\n|\n|upkeep\n|\n|t:|1697491158\n|switch|p1a: Zacian|Zacian|100\/100\n|-ability|p1a: Zacian|Intrepid Sword|boost\n|-boost|p1a: Zacian|atk|1\n|turn|3\n|\n|t:|1697491173\n|switch|p2a: here 4 good time|Masquerain, M|100\/100\n|-ability|p2a: here 4 good time|Intimidate|boost\n|-unboost|p1a: Zacian|atk|1\n|move|p1a: Zacian|Swords Dance|p1a: Zacian\n|-boost|p1a: Zacian|atk|2\n|\n|upkeep\n|turn|4\n|\n|t:|1697491181\n|move|p1a: Zacian|Play Rough|p2a: here 4 good time\n|-enditem|p2a: here 4 good time|Focus Sash\n|-damage|p2a: here 4 good time|1\/100\n|-unboost|p2a: here 4 good time|atk|1\n|move|p2a: here 4 good time|Whirlwind|p1a: Zacian\n|drag|p1a: Basculegion|Basculegion-F, F, shiny|100\/100\n|\n|upkeep\n|turn|5\n|\n|t:|1697491188\n|move|p1a: Basculegion|Flip Turn|p2a: here 4 good time\n|-damage|p2a: here 4 good time|0 fnt\n|faint|p2a: here 4 good time\n|\n|t:|1697491195\n|switch|p1a: Palkia|Palkia-Origin|100\/100|[from] Flip Turn\n|-ability|p1a: Palkia|Pressure\n|\n|upkeep\n|\n|t:|1697491201\n|switch|p2a: Magearna|Magearna|100\/100\n|turn|6\n|\n|t:|1697491213\n|-terastallize|p2a: Magearna|Water\n|move|p1a: Palkia|Substitute|p1a: Palkia\n|-start|p1a: Palkia|Substitute\n|-damage|p1a: Palkia|76\/100\n|move|p2a: Magearna|Calm Mind|p2a: Magearna\n|-boost|p2a: Magearna|spa|1\n|-boost|p2a: Magearna|spd|1\n|\n|upkeep\n|turn|7\n|\n|t:|1697491223\n|move|p1a: Palkia|Spacial Rend|p2a: Magearna\n|-damage|p2a: Magearna|63\/100\n|move|p2a: Magearna|Draining Kiss|p1a: Palkia\n|-supereffective|p1a: Palkia\n|-end|p1a: Palkia|Substitute\n|-heal|p2a: Magearna|80\/100|[from] drain|[of] p1a: Palkia\n|\n|-heal|p2a: Magearna|86\/100|[from] item: Leftovers\n|upkeep\n|turn|8\n|\n|t:|1697491231\n|switch|p1a: Hatterene|Hatterene, F|100\/100\n|move|p2a: Magearna|Shift Gear|p2a: Magearna\n|-boost|p2a: Magearna|spe|2\n|-boost|p2a: Magearna|atk|1\n|\n|-heal|p2a: Magearna|92\/100|[from] item: Leftovers\n|upkeep\n|turn|9\n|\n|t:|1697491252\n|move|p2a: Magearna|Draining Kiss|p1a: Hatterene\n|-damage|p1a: Hatterene|77\/100\n|-heal|p2a: Magearna|100\/100|[from] drain|[of] p1a: Hatterene\n|-enditem|p1a: Hatterene|Eject Button\n|\n|t:|1697491279\n|switch|p1a: Zacian|Zacian|100\/100\n|\n|upkeep\n|turn|10\n|\n|t:|1697491291\n|move|p1a: Zacian|Swords Dance|p1a: Zacian\n|-boost|p1a: Zacian|atk|2\n|move|p2a: Magearna|Stored Power|p1a: Zacian\n|-damage|p1a: Zacian|50\/100\n|\n|upkeep\n|turn|11\n|\n|t:|1697491315\n|switch|p2a: nachi|Arceus-Grass|100\/100\n|move|p1a: Zacian|Play Rough|p2a: nachi\n|-damage|p2a: nachi|42\/100\n|\n|upkeep\n|turn|12\n|\n|t:|1697491320\n|move|p1a: Zacian|Play Rough|p2a: nachi\n|-damage|p2a: nachi|0 fnt\n|faint|p2a: nachi\n|\n|upkeep\n|\n|t:|1697491323\n|switch|p2a: Magearna|Magearna, tera:Water|100\/100\n|turn|13\n|\n|t:|1697491331\n|move|p1a: Zacian|Play Rough|p2a: Magearna\n|-damage|p2a: Magearna|42\/100\n|move|p2a: Magearna|Draining Kiss|p1a: Zacian\n|-damage|p1a: Zacian|29\/100\n|-heal|p2a: Magearna|56\/100|[from] drain|[of] p1a: Zacian\n|\n|-heal|p2a: Magearna|62\/100|[from] item: Leftovers\n|upkeep\n|turn|14\n|\n|t:|1697491342\n|move|p1a: Zacian|Play Rough|p2a: Magearna\n|-damage|p2a: Magearna|4\/100\n|move|p2a: Magearna|Draining Kiss|p1a: Zacian\n|-damage|p1a: Zacian|7\/100\n|-heal|p2a: Magearna|19\/100|[from] drain|[of] p1a: Zacian\n|\n|-heal|p2a: Magearna|25\/100|[from] item: Leftovers\n|upkeep\n|turn|15\n|\n|t:|1697491351\n|move|p1a: Zacian|Crunch|p2a: Magearna\n|-damage|p2a: Magearna|0 fnt\n|faint|p2a: Magearna\n|\n|upkeep\n|\n|t:|1697491355\n|switch|p2a: king yambit|Urshifu, F|100\/100\n|turn|16\n|\n|t:|1697491360\n|move|p2a: king yambit|Sucker Punch||[still]\n|-fail|p2a: king yambit\n|move|p1a: Zacian|Swords Dance|p1a: Zacian\n|-boost|p1a: Zacian|atk|2\n|\n|upkeep\n|turn|17\n|\n|t:|1697491364\n|move|p2a: king yambit|Sucker Punch||[still]\n|-fail|p2a: king yambit\n|move|p1a: Zacian|Swords Dance|p1a: Zacian\n|-boost|p1a: Zacian|atk|2\n|\n|upkeep\n|turn|18\n|\n|t:|1697491367\n|move|p2a: king yambit|Sucker Punch|p1a: Zacian\n|-resisted|p1a: Zacian\n|-damage|p1a: Zacian|0 fnt\n|faint|p1a: Zacian\n|\n|upkeep\n|\n|t:|1697491374\n|switch|p1a: Hatterene|Hatterene, F|77\/100\n|turn|19\n|\n|t:|1697491379\n|switch|p2a: jump higher|Cyclizar, M|100\/100\n|move|p1a: Hatterene|Nuzzle|p2a: jump higher\n|-resisted|p2a: jump higher\n|-damage|p2a: jump higher|98\/100\n|-status|p2a: jump higher|par\n|\n|upkeep\n|turn|20\n|\n|t:|1697491389\n|switch|p1a: Arceus|Arceus-Dark|100\/100\n|move|p2a: jump higher|Shed Tail|p2a: jump higher\n|-start|p2a: jump higher|Substitute|[from] move: Shed Tail\n|-damage|p2a: jump higher|48\/100 par\n|\n|t:|1697491403\n|switch|p2a: king yambit|Urshifu, F|100\/100|[from] Shed Tail\n|\n|upkeep\n|turn|21\n|\n|t:|1697491412\n|-terastallize|p1a: Arceus|Fairy\n|move|p1a: Arceus|Taunt|p2a: king yambit\n|-start|p2a: king yambit|move: Taunt\n|cant|p2a: king yambit|move: Taunt|Swords Dance\n|\n|upkeep\n|turn|22\n|c|\u2606underhours|gg\n|c|\u2606Uubers account|gg\n|-message|underhours forfeited.\n|\n|win|Uubers account\n","uploadtime":1697491435,"views":18,"p1id":"uubersaccount","p2id":"underhours","formatid":"gen9ubers","rating":0,"private":0,"password":""}