{"id":"gen9ubers-1987630394","p1":"Big-Wx","p2":"vividstasis","format":"[Gen 9] Ubers","log":"|j|\u2606Big-Wx\n|j|\u2606vividstasis\n|t:|1699621749\n|gametype|singles\n|player|p1|Big-Wx|266|1077\n|player|p2|vividstasis|rosa-masters2|1168\n|teamsize|p1|6\n|teamsize|p2|6\n|gen|9\n|tier|[Gen 9] Ubers\n|rated|\n|rule|Sleep Clause Mod: Limit one foe put to sleep\n|rule|Species Clause: Limit one of each Pok\u00e9mon\n|rule|OHKO Clause: OHKO moves are banned\n|rule|Evasion Items Clause: Evasion items are banned\n|rule|Evasion Moves Clause: Evasion moves are banned\n|rule|Endless Battle Clause: Forcing endless battles is banned\n|rule|HP Percentage Mod: HP is shown in percentages\n|clearpoke\n|poke|p1|Palafin, M|\n|poke|p1|Pelipper, M|\n|poke|p1|Cyclizar, F|\n|poke|p1|Volcarona, M|\n|poke|p1|Garchomp, F|\n|poke|p1|Quaquaval, M|\n|poke|p2|Ribombee, F|\n|poke|p2|Eternatus|\n|poke|p2|Ogerpon-Hearthflame, F|\n|poke|p2|Groudon|\n|poke|p2|Flutter Mane|\n|poke|p2|Walking Wake|\n|teampreview\n|inactive|Battle timer is ON: inactive players will automatically lose when time's up. (requested by vividstasis)\n|\n|t:|1699621757\n|start\n|switch|p1a: Palafin|Palafin, M, shiny|100\/100\n|switch|p2a: Ribbon|Ribombee, F, shiny|100\/100\n|turn|1\n|\n|t:|1699621764\n|move|p2a: Ribbon|Stun Spore|p1a: Palafin\n|-status|p1a: Palafin|par\n|move|p1a: Palafin|Flip Turn|p2a: Ribbon\n|-damage|p2a: Ribbon|44\/100\n|\n|t:|1699621768\n|detailschange|p1a: Palafin|Palafin-Hero, M, shiny\n|switch|p1a: Quaquaval|Quaquaval, M|100\/100|[from] Flip Turn\n|\n|upkeep\n|turn|2\n|\n|t:|1699621774\n|move|p2a: Ribbon|Moonblast|p1a: Quaquaval\n|-supereffective|p1a: Quaquaval\n|-damage|p1a: Quaquaval|0 fnt\n|faint|p1a: Quaquaval\n|\n|upkeep\n|\n|t:|1699621777\n|switch|p1a: Volcarona|Volcarona, M|100\/100\n|turn|3\n|\n|t:|1699621782\n|move|p2a: Ribbon|Stun Spore|p1a: Volcarona\n|-status|p1a: Volcarona|par\n|move|p1a: Volcarona|Quiver Dance|p1a: Volcarona\n|-boost|p1a: Volcarona|spa|1\n|-boost|p1a: Volcarona|spd|1\n|-boost|p1a: Volcarona|spe|1\n|\n|upkeep\n|turn|4\n|\n|t:|1699621788\n|move|p2a: Ribbon|Sticky Web|p1a: Volcarona\n|-sidestart|p1: Big-Wx|move: Sticky Web\n|move|p1a: Volcarona|Quiver Dance|p1a: Volcarona\n|-boost|p1a: Volcarona|spa|1\n|-boost|p1a: Volcarona|spd|1\n|-boost|p1a: Volcarona|spe|1\n|\n|upkeep\n|turn|5\n|\n|t:|1699621790\n|move|p2a: Ribbon|Psychic|p1a: Volcarona\n|-damage|p1a: Volcarona|88\/100 par\n|move|p1a: Volcarona|Quiver Dance|p1a: Volcarona\n|-boost|p1a: Volcarona|spa|1\n|-boost|p1a: Volcarona|spd|1\n|-boost|p1a: Volcarona|spe|1\n|\n|upkeep\n|turn|6\n|\n|t:|1699621794\n|cant|p1a: Volcarona|par\n|move|p2a: Ribbon|Psychic|p1a: Volcarona\n|-damage|p1a: Volcarona|77\/100 par\n|\n|upkeep\n|turn|7\n|\n|t:|1699621799\n|move|p1a: Volcarona|Quiver Dance|p1a: Volcarona\n|-boost|p1a: Volcarona|spa|1\n|-boost|p1a: Volcarona|spd|1\n|-boost|p1a: Volcarona|spe|1\n|move|p2a: Ribbon|Psychic|p1a: Volcarona\n|-crit|p1a: Volcarona\n|-damage|p1a: Volcarona|35\/100 par\n|-unboost|p1a: Volcarona|spd|1\n|\n|upkeep\n|turn|8\n|\n|t:|1699621807\n|move|p1a: Volcarona|Quiver Dance|p1a: Volcarona\n|-boost|p1a: Volcarona|spa|1\n|-boost|p1a: Volcarona|spd|1\n|-boost|p1a: Volcarona|spe|1\n|move|p2a: Ribbon|Psychic|p1a: Volcarona\n|-damage|p1a: Volcarona|26\/100 par\n|\n|upkeep\n|turn|9\n|\n|t:|1699621813\n|cant|p1a: Volcarona|par\n|move|p2a: Ribbon|Psychic|p1a: Volcarona\n|-damage|p1a: Volcarona|17\/100 par\n|\n|upkeep\n|turn|10\n|\n|t:|1699621817\n|move|p1a: Volcarona|Quiver Dance|p1a: Volcarona\n|-boost|p1a: Volcarona|spa|1\n|-boost|p1a: Volcarona|spd|1\n|-boost|p1a: Volcarona|spe|1\n|move|p2a: Ribbon|Psychic|p1a: Volcarona\n|-damage|p1a: Volcarona|9\/100 par\n|\n|upkeep\n|turn|11\n|\n|t:|1699621823\n|-terastallize|p1a: Volcarona|Grass\n|cant|p1a: Volcarona|par\n|move|p2a: Ribbon|Psychic|p1a: Volcarona\n|-damage|p1a: Volcarona|0 fnt\n|faint|p1a: Volcarona\n|\n|upkeep\n|-message|Big-Wx forfeited.\n|\n|win|vividstasis\n|raw|Big-Wx's rating: 1077 &rarr; <strong>1061<\/strong><br \/>(-16 for losing)\n|raw|vividstasis's rating: 1168 &rarr; <strong>1187<\/strong><br \/>(+19 for winning)\n|l|\u2606Big-Wx\n|c|\u2606vividstasis|lmfao\n","uploadtime":1699621836,"views":9,"p1id":"bigwx","p2id":"vividstasis","formatid":"gen9ubers","rating":1061,"private":0,"password":""}