{"id":"gen9ubers-1972904164","p1":"theironpikachu","p2":"The Carkol Rider","format":"[Gen 9] Ubers","log":"|j|\u2606theironpikachu\n|j|\u2606The Carkol Rider\n|inactive|Battle timer is ON: inactive players will automatically lose when time's up.\n|t:|1697907392\n|gametype|singles\n|player|p1|theironpikachu|may-masters|\n|player|p2|The Carkol Rider|grimsley|\n|teamsize|p1|6\n|teamsize|p2|6\n|gen|9\n|tier|[Gen 9] Ubers\n|rated|Tournament battle\n|rule|Sleep Clause Mod: Limit one foe put to sleep\n|rule|Species Clause: Limit one of each Pok\u00e9mon\n|rule|OHKO Clause: OHKO moves are banned\n|rule|Evasion Items Clause: Evasion items are banned\n|rule|Evasion Moves Clause: Evasion moves are banned\n|rule|Endless Battle Clause: Forcing endless battles is banned\n|rule|HP Percentage Mod: HP is shown in percentages\n|rule|Terastal Clause: You cannot Terastallize\n|rule|1 Ability Clause: Limit 1 of each ability\n|clearpoke\n|poke|p1|Arceus-Water|\n|poke|p1|Blissey, F|\n|poke|p1|Muk-Alola, F|\n|poke|p1|Eternatus|\n|poke|p1|Groudon|\n|poke|p1|Giratina|\n|poke|p2|Miraidon|\n|poke|p2|Calyrex-Shadow|\n|poke|p2|Kyogre|\n|poke|p2|Arceus-Fairy|\n|poke|p2|Groudon|\n|poke|p2|Flutter Mane|\n|teampreview\n|j|*Lady Monita \u263d\n|inactive|theironpikachu also wants the timer to be on.\n|c|\u2606The Carkol Rider|glhf\n|c|\u2606theironpikachu|glhf\n|c|\u2606theironpikachu|no serene grace darkrai this time W\n|\n|t:|1697907413\n|start\n|switch|p1a: Blissey|Blissey, F|100\/100\n|switch|p2a: Miraidon|Miraidon|100\/100\n|-fieldstart|move: Electric Terrain|[from] ability: Hadron Engine|[of] p2a: Miraidon\n|turn|1\n|\n|t:|1697907418\n|move|p2a: Miraidon|Electro Drift|p1a: Blissey\n|-damage|p1a: Blissey|64\/100\n|move|p1a: Blissey|Stealth Rock|p2a: Miraidon\n|-sidestart|p2: The Carkol Rider|move: Stealth Rock\n|\n|-heal|p1a: Blissey|70\/100|[from] item: Leftovers\n|upkeep\n|turn|2\n|\n|t:|1697907425\n|switch|p2a: Groudon|Groudon|100\/100\n|-damage|p2a: Groudon|94\/100|[from] Stealth Rock\n|move|p1a: Blissey|Soft-Boiled|p1a: Blissey\n|-heal|p1a: Blissey|100\/100\n|\n|-heal|p2a: Groudon|100\/100|[from] item: Leftovers\n|upkeep\n|turn|3\n|\n|t:|1697907430\n|switch|p1a: Arceus|Arceus-Water|100\/100\n|move|p2a: Groudon|Spikes|p1a: Arceus\n|-sidestart|p1: theironpikachu|Spikes\n|\n|upkeep\n|turn|4\n|j| jasland91\n|\n|t:|1697907444\n|switch|p2a: Miraidon|Miraidon|100\/100\n|-damage|p2a: Miraidon|88\/100|[from] Stealth Rock\n|-activate|p2a: Miraidon|ability: Hadron Engine\n|move|p1a: Arceus|Judgment|p2a: Miraidon\n|-resisted|p2a: Miraidon\n|-damage|p2a: Miraidon|65\/100\n|\n|upkeep\n|turn|5\n|\n|t:|1697907448\n|switch|p1a: Blissey|Blissey, F|100\/100\n|-damage|p1a: Blissey|88\/100|[from] Spikes\n|move|p2a: Miraidon|Draco Meteor|p1a: Blissey\n|-damage|p1a: Blissey|51\/100\n|-unboost|p2a: Miraidon|spa|2\n|\n|-heal|p1a: Blissey|57\/100|[from] item: Leftovers\n|-fieldend|move: Electric Terrain\n|upkeep\n|turn|6\n|\n|t:|1697907455\n|switch|p2a: Kyogre|Kyogre|100\/100\n|-damage|p2a: Kyogre|88\/100|[from] Stealth Rock\n|move|p1a: Blissey|Seismic Toss|p2a: Kyogre\n|-damage|p2a: Kyogre|63\/100\n|\n|-heal|p1a: Blissey|63\/100|[from] item: Leftovers\n|-status|p2a: Kyogre|tox|[from] item: Toxic Orb\n|upkeep\n|turn|7\n|\n|t:|1697907460\n|move|p2a: Kyogre|Surf|p1a: Blissey\n|-damage|p1a: Blissey|51\/100\n|move|p1a: Blissey|Seismic Toss|p2a: Kyogre\n|-damage|p2a: Kyogre|39\/100 tox\n|\n|-heal|p1a: Blissey|57\/100|[from] item: Leftovers\n|-heal|p2a: Kyogre|51\/100 tox|[from] ability: Poison Heal\n|upkeep\n|turn|8\n|\n|t:|1697907464\n|move|p2a: Kyogre|Calm Mind|p2a: Kyogre\n|-boost|p2a: Kyogre|spa|1\n|-boost|p2a: Kyogre|spd|1\n|move|p1a: Blissey|Soft-Boiled|p1a: Blissey\n|-heal|p1a: Blissey|100\/100\n|\n|-heal|p2a: Kyogre|63\/100 tox|[from] ability: Poison Heal\n|upkeep\n|turn|9\n|\n|t:|1697907468\n|switch|p1a: Arceus|Arceus-Water|100\/100\n|-damage|p1a: Arceus|88\/100|[from] Spikes\n|move|p2a: Kyogre|Surf|p1a: Arceus\n|-resisted|p1a: Arceus\n|-damage|p1a: Arceus|75\/100\n|\n|-heal|p2a: Kyogre|76\/100 tox|[from] ability: Poison Heal\n|upkeep\n|turn|10\n|\n|t:|1697907473\n|switch|p2a: Flutter Mane|Flutter Mane|100\/100\n|-damage|p2a: Flutter Mane|88\/100|[from] Stealth Rock\n|move|p1a: Arceus|Calm Mind|p1a: Arceus\n|-boost|p1a: Arceus|spa|1\n|-boost|p1a: Arceus|spd|1\n|\n|upkeep\n|turn|11\n|\n|t:|1697907478\n|move|p2a: Flutter Mane|Moonblast|p1a: Arceus\n|-damage|p1a: Arceus|40\/100\n|move|p1a: Arceus|Recover|p1a: Arceus\n|-heal|p1a: Arceus|90\/100\n|\n|upkeep\n|turn|12\n|\n|t:|1697907485\n|switch|p2a: Arceus|Arceus-Fairy|100\/100\n|-damage|p2a: Arceus|88\/100|[from] Stealth Rock\n|move|p1a: Arceus|Judgment|p2a: Arceus\n|-damage|p2a: Arceus|55\/100\n|\n|upkeep\n|turn|13\n|\n|t:|1697907489\n|move|p2a: Arceus|Calm Mind|p2a: Arceus\n|-boost|p2a: Arceus|spa|1\n|-boost|p2a: Arceus|spd|1\n|move|p1a: Arceus|Judgment|p2a: Arceus\n|-damage|p2a: Arceus|25\/100\n|\n|upkeep\n|turn|14\n|\n|t:|1697907493\n|move|p2a: Arceus|Recover|p2a: Arceus\n|-heal|p2a: Arceus|75\/100\n|move|p1a: Arceus|Judgment|p2a: Arceus\n|-damage|p2a: Arceus|44\/100\n|\n|upkeep\n|turn|15\n|\n|t:|1697907496\n|move|p2a: Arceus|Recover|p2a: Arceus\n|-heal|p2a: Arceus|94\/100\n|move|p1a: Arceus|Calm Mind|p1a: Arceus\n|-boost|p1a: Arceus|spa|1\n|-boost|p1a: Arceus|spd|1\n|\n|upkeep\n|turn|16\n|\n|t:|1697907497\n|move|p2a: Arceus|Judgment|p1a: Arceus\n|-damage|p1a: Arceus|58\/100\n|move|p1a: Arceus|Calm Mind|p1a: Arceus\n|-boost|p1a: Arceus|spa|1\n|-boost|p1a: Arceus|spd|1\n|\n|upkeep\n|turn|17\n|\n|t:|1697907501\n|move|p2a: Arceus|Judgment|p1a: Arceus\n|-damage|p1a: Arceus|27\/100\n|move|p1a: Arceus|Recover|p1a: Arceus\n|-heal|p1a: Arceus|77\/100\n|\n|upkeep\n|turn|18\n|\n|t:|1697907503\n|move|p2a: Arceus|Calm Mind|p2a: Arceus\n|-boost|p2a: Arceus|spa|1\n|-boost|p2a: Arceus|spd|1\n|move|p1a: Arceus|Judgment|p2a: Arceus\n|-damage|p2a: Arceus|63\/100\n|\n|upkeep\n|turn|19\n|\n|t:|1697907505\n|move|p2a: Arceus|Judgment|p1a: Arceus\n|-crit|p1a: Arceus\n|-damage|p1a: Arceus|30\/100\n|move|p1a: Arceus|Judgment|p2a: Arceus\n|-damage|p2a: Arceus|33\/100\n|\n|upkeep\n|turn|20\n|\n|t:|1697907513\n|move|p2a: Arceus|Taunt|p1a: Arceus\n|-start|p1a: Arceus|move: Taunt\n|cant|p1a: Arceus|move: Taunt|Recover\n|\n|upkeep\n|turn|21\n|\n|t:|1697907515\n|move|p2a: Arceus|Recover|p2a: Arceus\n|-heal|p2a: Arceus|83\/100\n|move|p1a: Arceus|Judgment|p2a: Arceus\n|-damage|p2a: Arceus|52\/100\n|\n|upkeep\n|turn|22\n|\n|t:|1697907517\n|move|p2a: Arceus|Recover|p2a: Arceus\n|-heal|p2a: Arceus|100\/100\n|move|p1a: Arceus|Judgment|p2a: Arceus\n|-damage|p2a: Arceus|71\/100\n|\n|-end|p1a: Arceus|move: Taunt\n|upkeep\n|turn|23\n|\n|t:|1697907519\n|move|p2a: Arceus|Judgment|p1a: Arceus\n|-damage|p1a: Arceus|0 fnt\n|faint|p1a: Arceus\n|\n|upkeep\n|\n|t:|1697907524\n|switch|p1a: Eternatus|Eternatus|100\/100\n|-damage|p1a: Eternatus|88\/100|[from] Spikes\n|turn|24\n|\n|t:|1697907529\n|move|p2a: Arceus|Judgment|p1a: Eternatus\n|-damage|p1a: Eternatus|61\/100\n|move|p1a: Eternatus|Toxic Spikes|p2a: Arceus\n|-sidestart|p2: The Carkol Rider|move: Toxic Spikes\n|\n|-heal|p1a: Eternatus|67\/100|[from] item: Black Sludge\n|upkeep\n|turn|25\n|\n|t:|1697907535\n|move|p2a: Arceus|Calm Mind|p2a: Arceus\n|-boost|p2a: Arceus|spa|1\n|-boost|p2a: Arceus|spd|1\n|move|p1a: Eternatus|Toxic Spikes|p2a: Arceus\n|-sidestart|p2: The Carkol Rider|move: Toxic Spikes\n|\n|-heal|p1a: Eternatus|74\/100|[from] item: Black Sludge\n|upkeep\n|turn|26\n|\n|t:|1697907538\n|move|p2a: Arceus|Taunt|p1a: Eternatus\n|-start|p1a: Eternatus|move: Taunt\n|move|p1a: Eternatus|Flamethrower|p2a: Arceus\n|-damage|p2a: Arceus|64\/100\n|\n|-heal|p1a: Eternatus|80\/100|[from] item: Black Sludge\n|upkeep\n|turn|27\n|\n|t:|1697907540\n|move|p2a: Arceus|Calm Mind|p2a: Arceus\n|-boost|p2a: Arceus|spa|1\n|-boost|p2a: Arceus|spd|1\n|move|p1a: Eternatus|Flamethrower|p2a: Arceus\n|-damage|p2a: Arceus|57\/100\n|-status|p2a: Arceus|brn\n|\n|-heal|p1a: Eternatus|86\/100|[from] item: Black Sludge\n|-damage|p2a: Arceus|50\/100 brn|[from] brn\n|upkeep\n|turn|28\n|\n|t:|1697907545\n|move|p2a: Arceus|Calm Mind|p2a: Arceus\n|-boost|p2a: Arceus|spa|1\n|-boost|p2a: Arceus|spd|1\n|move|p1a: Eternatus|Shadow Ball|p2a: Arceus\n|-damage|p2a: Arceus|46\/100 brn\n|\n|-heal|p1a: Eternatus|92\/100|[from] item: Black Sludge\n|-damage|p2a: Arceus|39\/100 brn|[from] brn\n|-end|p1a: Eternatus|move: Taunt\n|upkeep\n|turn|29\n|\n|t:|1697907547\n|move|p2a: Arceus|Calm Mind|p2a: Arceus\n|-boost|p2a: Arceus|spa|1\n|-boost|p2a: Arceus|spd|1\n|move|p1a: Eternatus|Shadow Ball|p2a: Arceus\n|-damage|p2a: Arceus|35\/100 brn\n|\n|-heal|p1a: Eternatus|98\/100|[from] item: Black Sludge\n|-damage|p2a: Arceus|29\/100 brn|[from] brn\n|upkeep\n|turn|30\n|\n|t:|1697907549\n|move|p2a: Arceus|Recover|p2a: Arceus\n|-heal|p2a: Arceus|79\/100 brn\n|move|p1a: Eternatus|Shadow Ball|p2a: Arceus\n|-damage|p2a: Arceus|75\/100 brn\n|\n|-heal|p1a: Eternatus|100\/100|[from] item: Black Sludge\n|-damage|p2a: Arceus|69\/100 brn|[from] brn\n|upkeep\n|turn|31\n|\n|t:|1697907551\n|move|p2a: Arceus|Recover|p2a: Arceus\n|-heal|p2a: Arceus|100\/100 brn\n|move|p1a: Eternatus|Shadow Ball|p2a: Arceus\n|-damage|p2a: Arceus|96\/100 brn\n|\n|-damage|p2a: Arceus|90\/100 brn|[from] brn\n|upkeep\n|turn|32\n|l| jasland91\n|\n|t:|1697907558\n|move|p2a: Arceus|Judgment|p1a: Eternatus\n|-damage|p1a: Eternatus|54\/100\n|move|p1a: Eternatus|Shadow Ball|p2a: Arceus\n|-damage|p2a: Arceus|86\/100 brn\n|\n|-heal|p1a: Eternatus|60\/100|[from] item: Black Sludge\n|-damage|p2a: Arceus|80\/100 brn|[from] brn\n|upkeep\n|turn|33\n|\n|t:|1697907561\n|move|p2a: Arceus|Taunt|p1a: Eternatus\n|-start|p1a: Eternatus|move: Taunt\n|cant|p1a: Eternatus|move: Taunt|Recover\n|\n|-heal|p1a: Eternatus|66\/100|[from] item: Black Sludge\n|-damage|p2a: Arceus|74\/100 brn|[from] brn\n|upkeep\n|turn|34\n|\n|t:|1697907564\n|switch|p1a: Muk|Muk-Alola, F|100\/100\n|-damage|p1a: Muk|88\/100|[from] Spikes\n|move|p2a: Arceus|Judgment|p1a: Muk\n|-damage|p1a: Muk|7\/100\n|\n|-damage|p2a: Arceus|68\/100 brn|[from] brn\n|upkeep\n|turn|35\n|\n|t:|1697907572\n|move|p2a: Arceus|Judgment|p1a: Muk\n|-damage|p1a: Muk|0 fnt\n|faint|p1a: Muk\n|\n|-damage|p2a: Arceus|62\/100 brn|[from] brn\n|upkeep\n|\n|t:|1697907594\n|switch|p1a: Blissey|Blissey, F|100\/100\n|-damage|p1a: Blissey|88\/100|[from] Spikes\n|turn|36\n|\n|t:|1697907598\n|move|p2a: Arceus|Judgment|p1a: Blissey\n|-damage|p1a: Blissey|38\/100\n|move|p1a: Blissey|Seismic Toss|p2a: Arceus\n|-damage|p2a: Arceus|39\/100 brn\n|\n|-heal|p1a: Blissey|44\/100|[from] item: Leftovers\n|-damage|p2a: Arceus|33\/100 brn|[from] brn\n|upkeep\n|turn|37\n|\n|t:|1697907604\n|switch|p1a: Eternatus|Eternatus|66\/100\n|-damage|p1a: Eternatus|54\/100|[from] Spikes\n|move|p2a: Arceus|Judgment|p1a: Eternatus\n|-damage|p1a: Eternatus|0 fnt\n|faint|p1a: Eternatus\n|\n|-damage|p2a: Arceus|27\/100 brn|[from] brn\n|upkeep\n|\n|t:|1697907606\n|switch|p1a: Blissey|Blissey, F|44\/100\n|-damage|p1a: Blissey|32\/100|[from] Spikes\n|turn|38\n|\n|t:|1697907608\n|move|p2a: Arceus|Judgment|p1a: Blissey\n|-damage|p1a: Blissey|0 fnt\n|faint|p1a: Blissey\n|\n|-damage|p2a: Arceus|21\/100 brn|[from] brn\n|upkeep\n|\n|t:|1697907611\n|switch|p1a: Groudon|Groudon|100\/100\n|-damage|p1a: Groudon|88\/100|[from] Spikes\n|turn|39\n|\n|t:|1697907612\n|move|p2a: Arceus|Judgment|p1a: Groudon\n|-damage|p1a: Groudon|0 fnt\n|faint|p1a: Groudon\n|\n|-damage|p2a: Arceus|15\/100 brn|[from] brn\n|upkeep\n|\n|t:|1697907615\n|switch|p1a: Giratina|Giratina|100\/100\n|-damage|p1a: Giratina|88\/100|[from] Spikes\n|turn|40\n|\n|t:|1697907616\n|move|p1a: Giratina|Protect|p1a: Giratina\n|-singleturn|p1a: Giratina|Protect\n|move|p2a: Arceus|Judgment|p1a: Giratina\n|-activate|p1a: Giratina|move: Protect\n|\n|-heal|p1a: Giratina|94\/100|[from] item: Leftovers\n|-damage|p2a: Arceus|9\/100 brn|[from] brn\n|upkeep\n|turn|41\n|\n|t:|1697907618\n|move|p2a: Arceus|Judgment|p1a: Giratina\n|-supereffective|p1a: Giratina\n|-damage|p1a: Giratina|0 fnt\n|faint|p1a: Giratina\n|\n|win|The Carkol Rider\n|n|\u2606theironpikachu|theironpikachu\n|n|\u2606The Carkol Rider|thecarkolrider\n|n|*Lady Monita \u263d|ladymonita\n","uploadtime":1697907619,"views":7,"p1id":"theironpikachu","p2id":"thecarkolrider","formatid":"gen9ubers","rating":0,"private":0,"password":""}