{"id":"gen9ubers-1994109065","p1":"plokami","p2":"Lialiabeast","format":"[Gen 9] Ubers","log":"|j|\u2606plokami\n|j|\u2606Lialiabeast\n|t:|1700407922\n|gametype|singles\n|player|p1|plokami|collector|\n|player|p2|Lialiabeast|emmet-masters|\n|teamsize|p1|6\n|teamsize|p2|6\n|gen|9\n|tier|[Gen 9] Ubers\n|rule|Sleep Clause Mod: Limit one foe put to sleep\n|rule|Species Clause: Limit one of each Pok\u00e9mon\n|rule|OHKO Clause: OHKO moves are banned\n|rule|Evasion Items Clause: Evasion items are banned\n|rule|Evasion Moves Clause: Evasion moves are banned\n|rule|Endless Battle Clause: Forcing endless battles is banned\n|rule|HP Percentage Mod: HP is shown in percentages\n|clearpoke\n|poke|p1|Rillaboom, F|\n|poke|p1|Heatran, M|\n|poke|p1|Ursaluna, M|\n|poke|p1|Hatterene, F|\n|poke|p1|Sneasler, F|\n|poke|p1|Mandibuzz, F|\n|poke|p2|Pelipper, M|\n|poke|p2|Greninja-*, M|\n|poke|p2|Clodsire, F|\n|poke|p2|Kingambit, F|\n|poke|p2|Zapdos|\n|poke|p2|Iron Valiant|\n|teampreview\n|\n|t:|1700407974\n|start\n|switch|p1a: Rillaboom|Rillaboom, F|100\/100\n|switch|p2a: Pelipper|Pelipper, M|100\/100\n|-fieldstart|move: Grassy Terrain|[from] ability: Grassy Surge|[of] p1a: Rillaboom\n|-weather|RainDance|[from] ability: Drizzle|[of] p2a: Pelipper\n|turn|1\n|c|\u2606plokami|hf\n|c|\u2606Lialiabeast|hf\n|\n|t:|1700407995\n|switch|p2a: Zapdos|Zapdos|100\/100\n|move|p1a: Rillaboom|Wood Hammer|p2a: Zapdos\n|-resisted|p2a: Zapdos\n|-damage|p2a: Zapdos|49\/100\n|-damage|p1a: Rillaboom|86\/100|[from] Recoil\n|\n|-weather|RainDance|[upkeep]\n|-heal|p1a: Rillaboom|92\/100|[from] Grassy Terrain\n|upkeep\n|turn|2\n|\n|t:|1700408002\n|move|p2a: Zapdos|Hurricane|p1a: Rillaboom\n|-supereffective|p1a: Rillaboom\n|-damage|p1a: Rillaboom|10\/100\n|move|p1a: Rillaboom|Wood Hammer|p2a: Zapdos\n|-resisted|p2a: Zapdos\n|-damage|p2a: Zapdos|0 fnt\n|faint|p2a: Zapdos\n|-damage|p1a: Rillaboom|0 fnt|[from] Recoil\n|faint|p1a: Rillaboom\n|\n|-weather|RainDance|[upkeep]\n|upkeep\n|\n|t:|1700408021\n|switch|p2a: Clodsire|Clodsire, F|100\/100\n|switch|p1a: Sneasler|Sneasler, F|100\/100\n|-enditem|p1a: Sneasler|Grassy Seed\n|-boost|p1a: Sneasler|def|1|[from] item: Grassy Seed\n|turn|3\n|\n|t:|1700408040\n|switch|p1a: Heatran|Heatran, M|100\/100\n|-item|p1a: Heatran|Air Balloon\n|move|p2a: Clodsire|Earthquake|p1a: Heatran\n|-immune|p1a: Heatran\n|\n|-weather|RainDance|[upkeep]\n|upkeep\n|turn|4\n|\n|t:|1700408048\n|move|p1a: Heatran|Magma Storm|p2a: Clodsire\n|-damage|p2a: Clodsire|87\/100\n|-activate|p2a: Clodsire|move: Magma Storm|[of] p1a: Heatran\n|move|p2a: Clodsire|Stealth Rock|p1a: Heatran\n|-sidestart|p1: plokami|move: Stealth Rock\n|\n|-weather|RainDance|[upkeep]\n|-heal|p2a: Clodsire|93\/100|[from] Grassy Terrain\n|-damage|p2a: Clodsire|81\/100|[from] move: Magma Storm|[partiallytrapped]\n|upkeep\n|turn|5\n|\n|t:|1700408053\n|move|p1a: Heatran|Taunt|p2a: Clodsire\n|-start|p2a: Clodsire|move: Taunt\n|cant|p2a: Clodsire|move: Taunt|Recover\n|\n|-weather|RainDance|[upkeep]\n|-heal|p2a: Clodsire|87\/100|[from] Grassy Terrain\n|-damage|p2a: Clodsire|74\/100|[from] move: Magma Storm|[partiallytrapped]\n|-fieldend|move: Grassy Terrain\n|upkeep\n|turn|6\n|\n|t:|1700408057\n|move|p1a: Heatran|Earth Power|p2a: Clodsire\n|-supereffective|p2a: Clodsire\n|-damage|p2a: Clodsire|41\/100\n|move|p2a: Clodsire|Earthquake|p1a: Heatran\n|-immune|p1a: Heatran\n|\n|-weather|RainDance|[upkeep]\n|-damage|p2a: Clodsire|28\/100|[from] move: Magma Storm|[partiallytrapped]\n|upkeep\n|turn|7\n|\n|t:|1700408070\n|move|p1a: Heatran|Earth Power|p2a: Clodsire\n|-supereffective|p2a: Clodsire\n|-damage|p2a: Clodsire|0 fnt\n|faint|p2a: Clodsire\n|\n|-weather|RainDance|[upkeep]\n|upkeep\n|\n|t:|1700408072\n|switch|p2a: Greninja|Greninja, M|100\/100\n|turn|8\n|\n|t:|1700408106\n|-terastallize|p1a: Heatran|Ghost\n|move|p2a: Greninja|Hydro Pump|p1a: Heatran\n|-damage|p1a: Heatran|0 fnt\n|-enditem|p1a: Heatran|Air Balloon\n|faint|p1a: Heatran\n|-ability|p2a: Greninja|Battle Bond|boost\n|-boost|p2a: Greninja|atk|1\n|-boost|p2a: Greninja|spa|1\n|-boost|p2a: Greninja|spe|1\n|-activate|p2a: Greninja|ability: Battle Bond\n|-damage|p2a: Greninja|91\/100|[from] item: Life Orb\n|\n|-weather|none\n|upkeep\n|c|\u2606plokami|e eimai xazos\n|\n|t:|1700408146\n|switch|p1a: Sneasler|Sneasler, F|100\/100\n|-damage|p1a: Sneasler|95\/100|[from] Stealth Rock\n|turn|9\n|\n|t:|1700408154\n|move|p2a: Greninja|Hydro Pump|p1a: Sneasler\n|-damage|p1a: Sneasler|0 fnt\n|faint|p1a: Sneasler\n|-damage|p2a: Greninja|81\/100|[from] item: Life Orb\n|\n|upkeep\n|\n|t:|1700408159\n|switch|p1a: Hatterene|Hatterene, F|100\/100\n|-damage|p1a: Hatterene|88\/100|[from] Stealth Rock\n|turn|10\n|\n|t:|1700408164\n|switch|p2a: Kingambit|Kingambit, F|100\/100\n|-activate|p2a: Kingambit|ability: Supreme Overlord\n|-start|p2a: Kingambit|fallen2|[silent]\n|-item|p2a: Kingambit|Air Balloon\n|move|p1a: Hatterene|Trick Room|p1a: Hatterene\n|-fieldstart|move: Trick Room|[of] p1a: Hatterene\n|\n|upkeep\n|turn|11\n|\n|t:|1700408174\n|move|p1a: Hatterene|Misty Explosion|p2a: Kingambit\n|-damage|p2a: Kingambit|49\/100\n|-enditem|p2a: Kingambit|Air Balloon\n|faint|p1a: Hatterene\n|move|p2a: Kingambit|Iron Head|p1: Hatterene|[notarget]\n|-fail|p2a: Kingambit\n|\n|upkeep\n|\n|t:|1700408181\n|switch|p1a: Ursaluna|Ursaluna, M|100\/100\n|-damage|p1a: Ursaluna|94\/100|[from] Stealth Rock\n|turn|12\n|\n|t:|1700408192\n|move|p1a: Ursaluna|Headlong Rush|p2a: Kingambit\n|-supereffective|p2a: Kingambit\n|-damage|p2a: Kingambit|0 fnt\n|-unboost|p1a: Ursaluna|def|1\n|-unboost|p1a: Ursaluna|spd|1\n|faint|p2a: Kingambit\n|-end|p2a: Kingambit|fallen2|[silent]\n|\n|-status|p1a: Ursaluna|brn|[from] item: Flame Orb\n|upkeep\n|\n|t:|1700408196\n|switch|p2a: Pelipper|Pelipper, M|100\/100\n|-weather|RainDance|[from] ability: Drizzle|[of] p2a: Pelipper\n|turn|13\n|\n|t:|1700408202\n|move|p2a: Pelipper|Surf|p1a: Ursaluna\n|-supereffective|p1a: Ursaluna\n|-damage|p1a: Ursaluna|0 fnt\n|faint|p1a: Ursaluna\n|\n|-weather|RainDance|[upkeep]\n|upkeep\n|c|\u2606plokami|??\n|c|\u2606plokami|pws?\n|\n|t:|1700408225\n|switch|p1a: Mandibuzz|Mandibuzz, F|100\/100\n|turn|14\n|c|\u2606Lialiabeast|einai pio argo\n|c|\u2606plokami|nice\n|c|\u2606Lialiabeast|mallon\n|c|\u2606plokami|122 speed eixa\n|\n|t:|1700408256\n|move|p2a: Pelipper|Surf|p1a: Mandibuzz\n|-damage|p1a: Mandibuzz|62\/100\n|move|p1a: Mandibuzz|Knock Off|p2a: Pelipper\n|-damage|p2a: Pelipper|82\/100\n|-enditem|p2a: Pelipper|Damp Rock|[from] move: Knock Off|[of] p1a: Mandibuzz\n|\n|-weather|RainDance|[upkeep]\n|-fieldend|move: Trick Room\n|upkeep\n|turn|15\n|\n|t:|1700408267\n|move|p1a: Mandibuzz|Foul Play|p2a: Pelipper\n|-damage|p2a: Pelipper|66\/100\n|move|p2a: Pelipper|U-turn|p1a: Mandibuzz\n|-damage|p1a: Mandibuzz|57\/100\n|\n|t:|1700408270\n|switch|p2a: Greninja|Greninja, M|81\/100|[from] U-turn\n|\n|-weather|RainDance|[upkeep]\n|upkeep\n|turn|16\n|c|\u2606plokami|ggs anyway\n|c|\u2606Lialiabeast|ggs\n|-message|plokami forfeited.\n|\n|win|Lialiabeast\n|l|\u2606plokami\n","uploadtime":1700408307,"views":11,"p1id":"plokami","p2id":"lialiabeast","formatid":"gen9ubers","rating":0,"private":0,"password":""}