{"id":"gen9ubers-1984220396","p1":"MaseReloaded","p2":"InfernoFlare","format":"[Gen 9] Ubers","log":"|j|\u2606MaseReloaded\n|j|\u2606InfernoFlare\n|t:|1699231685\n|gametype|singles\n|player|p1|MaseReloaded|palmer|\n|player|p2|InfernoFlare|lance|\n|teamsize|p1|6\n|teamsize|p2|6\n|gen|9\n|tier|[Gen 9] Ubers\n|rule|Sleep Clause Mod: Limit one foe put to sleep\n|rule|Species Clause: Limit one of each Pok\u00e9mon\n|rule|OHKO Clause: OHKO moves are banned\n|rule|Evasion Items Clause: Evasion items are banned\n|rule|Evasion Moves Clause: Evasion moves are banned\n|rule|Endless Battle Clause: Forcing endless battles is banned\n|rule|HP Percentage Mod: HP is shown in percentages\n|clearpoke\n|poke|p1|Manaphy|\n|poke|p1|Ursaluna-Bloodmoon, M|\n|poke|p1|Regidrago|\n|poke|p1|Mandibuzz, F|\n|poke|p1|Goodra-Hisui, M|\n|poke|p1|Articuno|\n|poke|p2|Dragapult, M|\n|poke|p2|Wo-Chien|\n|poke|p2|Copperajah, M|\n|poke|p2|Zapdos-Galar|\n|poke|p2|Weezing-Galar, F|\n|poke|p2|Regieleki|\n|teampreview\n|c|\u2606MaseReloaded|hf\n|c|\u2606InfernoFlare|glhf\n|\n|t:|1699231775\n|start\n|switch|p1a: That Ain't Falco|Articuno|100\/100\n|switch|p2a: Dragapult|Dragapult, M|100\/100\n|-ability|p1a: That Ain't Falco|Pressure\n|turn|1\n|\n|t:|1699231831\n|move|p2a: Dragapult|U-turn|p1a: That Ain't Falco\n|-resisted|p1a: That Ain't Falco\n|-damage|p1a: That Ain't Falco|93\/100\n|\n|t:|1699231835\n|switch|p2a: Big Mac|Copperajah, M|100\/100|[from] U-turn\n|move|p1a: That Ain't Falco|Reflect|p1a: That Ain't Falco\n|-sidestart|p1: MaseReloaded|Reflect\n|\n|upkeep\n|turn|2\n|\n|t:|1699231909\n|switch|p1a: King Gizzard|Mandibuzz, F|100\/100\n|-terastallize|p2a: Big Mac|Steel\n|move|p2a: Big Mac|Heavy Slam|p1a: King Gizzard\n|-damage|p1a: King Gizzard|76\/100\n|\n|upkeep\n|turn|3\n|\n|t:|1699232014\n|switch|p2a: Weezing|Weezing-Galar, F|100\/100\n|move|p1a: King Gizzard|U-turn|p2a: Weezing\n|-resisted|p2a: Weezing\n|-damage|p2a: Weezing|99\/100\n|j| Ch3sc0\n|c| Ch3sc0|heyyyyyyyyyyyyy\n|\n|t:|1699232091\n|switch|p1a: Ooey Gooey Hisui|Goodra-Hisui, M|100\/100|[from] U-turn\n|\n|-heal|p2a: Weezing|100\/100|[from] item: Leftovers\n|upkeep\n|turn|4\n|\n|t:|1699232192\n|switch|p1a: Bear With Me|Ursaluna-Bloodmoon, M|100\/100\n|switch|p2a: Wo-Chien|Wo-Chien|100\/100\n|-ability|p2a: Wo-Chien|Tablets of Ruin\n|\n|upkeep\n|turn|5\n|\n|t:|1699232277\n|switch|p1a: That Ain't Falco|Articuno|93\/100\n|-ability|p1a: That Ain't Falco|Pressure\n|move|p2a: Wo-Chien|Leech Seed|p1a: That Ain't Falco\n|-start|p1a: That Ain't Falco|move: Leech Seed\n|\n|-damage|p1a: That Ain't Falco|81\/100|[from] Leech Seed|[of] p2a: Wo-Chien\n|upkeep\n|turn|6\n|\n|t:|1699232285\n|switch|p2a: Regieleki|Regieleki|100\/100\n|move|p1a: That Ain't Falco|Light Screen|p1a: That Ain't Falco\n|-sidestart|p1: MaseReloaded|move: Light Screen\n|\n|-damage|p1a: That Ain't Falco|68\/100|[from] Leech Seed|[of] p2a: Regieleki\n|upkeep\n|turn|7\n|\n|t:|1699232296\n|switch|p1a: Bear With Me|Ursaluna-Bloodmoon, M|100\/100\n|move|p2a: Regieleki|Light Screen|p2a: Regieleki\n|-sidestart|p2: InfernoFlare|move: Light Screen\n|\n|upkeep\n|turn|8\n|\n|t:|1699232305\n|switch|p2a: Wo-Chien|Wo-Chien|100\/100\n|-ability|p2a: Wo-Chien|Tablets of Ruin\n|move|p1a: Bear With Me|Calm Mind|p1a: Bear With Me\n|-boost|p1a: Bear With Me|spa|1\n|-boost|p1a: Bear With Me|spd|1\n|\n|-sideend|p1: MaseReloaded|Reflect\n|upkeep\n|turn|9\n|\n|t:|1699232377\n|move|p2a: Wo-Chien|Giga Drain|p1a: Bear With Me\n|-supereffective|p1a: Bear With Me\n|-damage|p1a: Bear With Me|83\/100\n|move|p1a: Bear With Me|Blood Moon|p2a: Wo-Chien\n|-damage|p2a: Wo-Chien|68\/100\n|\n|upkeep\n|turn|10\n|\n|t:|1699232383\n|move|p2a: Wo-Chien|Leech Seed|p1a: Bear With Me\n|-start|p1a: Bear With Me|move: Leech Seed\n|move|p1a: Bear With Me|Calm Mind|p1a: Bear With Me\n|-boost|p1a: Bear With Me|spa|1\n|-boost|p1a: Bear With Me|spd|1\n|\n|-damage|p1a: Bear With Me|70\/100|[from] Leech Seed|[of] p2a: Wo-Chien\n|-heal|p2a: Wo-Chien|82\/100|[silent]\n|upkeep\n|turn|11\n|\n|t:|1699232398\n|move|p2a: Wo-Chien|Protect|p2a: Wo-Chien\n|-singleturn|p2a: Wo-Chien|Protect\n|move|p1a: Bear With Me|Blood Moon|p2a: Wo-Chien\n|-activate|p2a: Wo-Chien|move: Protect\n|\n|-damage|p1a: Bear With Me|58\/100|[from] Leech Seed|[of] p2a: Wo-Chien\n|-heal|p2a: Wo-Chien|96\/100|[silent]\n|upkeep\n|turn|12\n|\n|t:|1699232506\n|switch|p1a: That Ain't Falco|Articuno|68\/100\n|-ability|p1a: That Ain't Falco|Pressure\n|move|p2a: Wo-Chien|Giga Drain|p1a: That Ain't Falco\n|-resisted|p1a: That Ain't Falco\n|-damage|p1a: That Ain't Falco|65\/100\n|-heal|p2a: Wo-Chien|98\/100|[from] drain|[of] p1a: That Ain't Falco\n|\n|upkeep\n|turn|13\n|\n|t:|1699232560\n|switch|p2a: Big Mac|Copperajah, M, tera:Steel|100\/100\n|move|p1a: That Ain't Falco|Reflect|p1a: That Ain't Falco\n|-sidestart|p1: MaseReloaded|Reflect\n|\n|-sideend|p1: MaseReloaded|move: Light Screen\n|upkeep\n|turn|14\n|\n|t:|1699232583\n|switch|p1a: King Gizzard|Mandibuzz, F|76\/100\n|move|p2a: Big Mac|Knock Off|p1a: King Gizzard\n|-resisted|p1a: King Gizzard\n|-damage|p1a: King Gizzard|70\/100\n|-enditem|p1a: King Gizzard|Heavy-Duty Boots|[from] move: Knock Off|[of] p2a: Big Mac\n|\n|-sideend|p2: InfernoFlare|move: Light Screen\n|upkeep\n|turn|15\n|\n|t:|1699232597\n|switch|p2a: Weezing|Weezing-Galar, F|100\/100\n|move|p1a: King Gizzard|Foul Play|p2a: Weezing\n|-resisted|p2a: Weezing\n|-damage|p2a: Weezing|94\/100\n|\n|-heal|p2a: Weezing|99\/100|[from] item: Leftovers\n|upkeep\n|turn|16\n|\n|t:|1699232622\n|switch|p1a: Ooey Gooey Hisui|Goodra-Hisui, M|100\/100\n|move|p2a: Weezing|Will-O-Wisp|p1a: Ooey Gooey Hisui|[miss]\n|-miss|p2a: Weezing|p1a: Ooey Gooey Hisui\n|\n|-heal|p2a: Weezing|100\/100|[from] item: Leftovers\n|upkeep\n|turn|17\n|\n|t:|1699232657\n|switch|p2a: Wo-Chien|Wo-Chien|98\/100\n|-ability|p2a: Wo-Chien|Tablets of Ruin\n|move|p1a: Ooey Gooey Hisui|Flash Cannon|p2a: Wo-Chien\n|-damage|p2a: Wo-Chien|75\/100\n|\n|upkeep\n|turn|18\n|\n|t:|1699232669\n|move|p1a: Ooey Gooey Hisui|Ice Beam|p2a: Wo-Chien\n|-supereffective|p2a: Wo-Chien\n|-damage|p2a: Wo-Chien|41\/100\n|move|p2a: Wo-Chien|Leech Seed|p1a: Ooey Gooey Hisui\n|-ability|p1a: Ooey Gooey Hisui|Sap Sipper|boost\n|-boost|p1a: Ooey Gooey Hisui|atk|1\n|\n|upkeep\n|turn|19\n|\n|t:|1699232680\n|move|p2a: Wo-Chien|Protect|p2a: Wo-Chien\n|-singleturn|p2a: Wo-Chien|Protect\n|move|p1a: Ooey Gooey Hisui|Ice Beam|p2a: Wo-Chien\n|-activate|p2a: Wo-Chien|move: Protect\n|\n|upkeep\n|turn|20\n|\n|t:|1699232693\n|switch|p2a: Big Mac|Copperajah, M, tera:Steel|100\/100\n|move|p1a: Ooey Gooey Hisui|Ice Beam|p2a: Big Mac\n|-resisted|p2a: Big Mac\n|-damage|p2a: Big Mac|89\/100\n|-status|p2a: Big Mac|frz\n|\n|-sideend|p1: MaseReloaded|Reflect\n|upkeep\n|turn|21\n|c|\u2606MaseReloaded|my bad\n|\n|t:|1699232714\n|move|p1a: Ooey Gooey Hisui|Earthquake|p2a: Big Mac\n|-supereffective|p2a: Big Mac\n|-damage|p2a: Big Mac|21\/100 frz\n|cant|p2a: Big Mac|frz\n|\n|upkeep\n|turn|22\n|\n|t:|1699232731\n|switch|p2a: Zapdos|Zapdos-Galar|100\/100\n|move|p1a: Ooey Gooey Hisui|Ice Beam|p2a: Zapdos\n|-supereffective|p2a: Zapdos\n|-damage|p2a: Zapdos|27\/100\n|\n|upkeep\n|turn|23\n|\n|t:|1699232909\n|switch|p1a: Bear With Me|Ursaluna-Bloodmoon, M|58\/100\n|move|p2a: Zapdos|Close Combat|p1a: Bear With Me\n|-supereffective|p1a: Bear With Me\n|-enditem|p1a: Bear With Me|Chople Berry|[eat]\n|-enditem|p1a: Bear With Me|Chople Berry|[weaken]\n|-damage|p1a: Bear With Me|0 fnt\n|-unboost|p2a: Zapdos|def|1\n|-unboost|p2a: Zapdos|spd|1\n|faint|p1a: Bear With Me\n|\n|upkeep\n|\n|t:|1699232919\n|switch|p1a: King Gizzard|Mandibuzz, F|70\/100\n|turn|24\n|\n|t:|1699232926\n|switch|p2a: Weezing|Weezing-Galar, F|100\/100\n|move|p1a: King Gizzard|Foul Play|p2a: Weezing\n|-resisted|p2a: Weezing\n|-damage|p2a: Weezing|93\/100\n|\n|-heal|p2a: Weezing|99\/100|[from] item: Leftovers\n|upkeep\n|turn|25\n|\n|t:|1699232999\n|switch|p1a: That Ain't Falco|Articuno|65\/100\n|-ability|p1a: That Ain't Falco|Pressure\n|switch|p2a: Regieleki|Regieleki|100\/100\n|\n|upkeep\n|turn|26\n|\n|t:|1699233044\n|move|p2a: Regieleki|Light Screen|p2a: Regieleki\n|-sidestart|p2: InfernoFlare|move: Light Screen\n|move|p1a: That Ain't Falco|Reflect|p1a: That Ain't Falco\n|-sidestart|p1: MaseReloaded|Reflect\n|\n|upkeep\n|turn|27\n|\n|t:|1699233055\n|move|p2a: Regieleki|Volt Switch|p1a: That Ain't Falco\n|-supereffective|p1a: That Ain't Falco\n|-damage|p1a: That Ain't Falco|29\/100\n|\n|t:|1699233064\n|switch|p2a: Dragapult|Dragapult, M|100\/100|[from] Volt Switch\n|move|p1a: That Ain't Falco|Light Screen|p1a: That Ain't Falco\n|-sidestart|p1: MaseReloaded|move: Light Screen\n|\n|upkeep\n|turn|28\n|\n|t:|1699233123\n|switch|p1a: King Gizzard|Mandibuzz, F|70\/100\n|move|p2a: Dragapult|Thunderbolt|p1a: King Gizzard\n|-supereffective|p1a: King Gizzard\n|-damage|p1a: King Gizzard|36\/100\n|\n|upkeep\n|turn|29\n|\n|t:|1699233182\n|switch|p2a: Weezing|Weezing-Galar, F|99\/100\n|switch|p1a: Ooey Gooey Hisui|Goodra-Hisui, M|100\/100\n|\n|-heal|p2a: Weezing|100\/100|[from] item: Leftovers\n|upkeep\n|turn|30\n|\n|t:|1699233208\n|switch|p2a: Big Mac|Copperajah, M, tera:Steel|21\/100 frz\n|move|p1a: Ooey Gooey Hisui|Ice Beam|p2a: Big Mac\n|-resisted|p2a: Big Mac\n|-damage|p2a: Big Mac|15\/100 frz\n|\n|upkeep\n|turn|31\n|\n|t:|1699233218\n|move|p1a: Ooey Gooey Hisui|Earthquake|p2a: Big Mac\n|-supereffective|p2a: Big Mac\n|-damage|p2a: Big Mac|0 fnt\n|faint|p2a: Big Mac\n|\n|upkeep\n|\n|t:|1699233372\n|switch|p2a: Weezing|Weezing-Galar, F|100\/100\n|turn|32\n|\n|t:|1699233383\n|move|p1a: Ooey Gooey Hisui|Flash Cannon|p2a: Weezing\n|-supereffective|p2a: Weezing\n|-damage|p2a: Weezing|45\/100\n|move|p2a: Weezing|Pain Split|p1a: Ooey Gooey Hisui\n|-sethp|p1a: Ooey Gooey Hisui|72\/100|[from] move: Pain Split|[silent]\n|-sethp|p2a: Weezing|74\/100|[from] move: Pain Split\n|\n|-heal|p2a: Weezing|80\/100|[from] item: Leftovers\n|upkeep\n|turn|33\n|\n|t:|1699233422\n|switch|p1a: That Ain't Falco|Articuno|29\/100\n|-ability|p1a: That Ain't Falco|Pressure\n|move|p2a: Weezing|Pain Split|p1a: That Ain't Falco\n|-sethp|p1a: That Ain't Falco|49\/100|[from] move: Pain Split|[silent]\n|-sethp|p2a: Weezing|56\/100|[from] move: Pain Split\n|\n|-heal|p2a: Weezing|62\/100|[from] item: Leftovers\n|-sideend|p1: MaseReloaded|Reflect\n|-sideend|p2: InfernoFlare|move: Light Screen\n|upkeep\n|turn|34\n|\n|t:|1699233439\n|switch|p2a: Regieleki|Regieleki|100\/100\n|move|p1a: That Ain't Falco|Reflect|p1a: That Ain't Falco\n|-sidestart|p1: MaseReloaded|Reflect\n|\n|-sideend|p1: MaseReloaded|move: Light Screen\n|upkeep\n|turn|35\n|l|\u2606InfernoFlare\n|player|p2|\n|j|\u2606InfernoFlare\n|player|p2|InfernoFlare|lance\n|\n|t:|1699233583\n|switch|p1a: Lizard Wizard|Regidrago|100\/100\n|move|p2a: Regieleki|Light Screen|p2a: Regieleki\n|-sidestart|p2: InfernoFlare|move: Light Screen\n|\n|upkeep\n|turn|36\n|\n|t:|1699233599\n|switch|p2a: Weezing|Weezing-Galar, F|62\/100\n|move|p1a: Lizard Wizard|Dragon Dance|p1a: Lizard Wizard\n|-boost|p1a: Lizard Wizard|atk|1\n|-boost|p1a: Lizard Wizard|spe|1\n|\n|-heal|p2a: Weezing|68\/100|[from] item: Leftovers\n|upkeep\n|turn|37\n|\n|t:|1699233640\n|-terastallize|p1a: Lizard Wizard|Steel\n|move|p1a: Lizard Wizard|Tera Blast|p2a: Weezing|[anim] Tera Blast Steel\n|-supereffective|p2a: Weezing\n|-damage|p2a: Weezing|0 fnt\n|faint|p2a: Weezing\n|\n|upkeep\n|\n|t:|1699233750\n|switch|p2a: Regieleki|Regieleki|100\/100\n|turn|38\n|\n|t:|1699233758\n|move|p2a: Regieleki|Reflect|p2a: Regieleki\n|-sidestart|p2: InfernoFlare|Reflect\n|move|p1a: Lizard Wizard|Dragon Dance|p1a: Lizard Wizard\n|-boost|p1a: Lizard Wizard|atk|1\n|-boost|p1a: Lizard Wizard|spe|1\n|\n|upkeep\n|turn|39\n|\n|t:|1699233824\n|move|p1a: Lizard Wizard|Earthquake|p2a: Regieleki\n|-supereffective|p2a: Regieleki\n|-damage|p2a: Regieleki|8\/100\n|move|p2a: Regieleki|Volt Switch|p1a: Lizard Wizard\n|-damage|p1a: Lizard Wizard|69\/100\n|\n|t:|1699233956\n|switch|p2a: Wo-Chien|Wo-Chien|41\/100|[from] Volt Switch\n|-ability|p2a: Wo-Chien|Tablets of Ruin\n|\n|upkeep\n|turn|40\n|l|\u2606InfernoFlare\n|player|p2|\n|j|\u2606InfernoFlare\n|player|p2|InfernoFlare|lance\n|inactive|Battle timer is ON: inactive players will automatically lose when time's up. (requested by InfernoFlare)\n|inactive|InfernoFlare has 270 seconds left.\n|inactive|InfernoFlare has 240 seconds left.\n|\n|t:|1699234070\n|move|p1a: Lizard Wizard|Scale Shot|p2a: Wo-Chien\n|-damage|p2a: Wo-Chien|31\/100\n|-damage|p2a: Wo-Chien|19\/100\n|-damage|p2a: Wo-Chien|8\/100\n|-damage|p2a: Wo-Chien|0 fnt\n|faint|p2a: Wo-Chien\n|-hitcount|p2: Wo-Chien|4\n|-unboost|p1a: Lizard Wizard|def|1\n|-boost|p1a: Lizard Wizard|spe|1\n|\n|upkeep\n|inactive|InfernoFlare has 270 seconds left.\n|\n|t:|1699234124\n|switch|p2a: Dragapult|Dragapult, M|100\/100\n|turn|41\n|\n|t:|1699234130\n|move|p1a: Lizard Wizard|Scale Shot|p2a: Dragapult\n|-supereffective|p2a: Dragapult\n|-damage|p2a: Dragapult|53\/100\n|-start|p1a: Lizard Wizard|Disable|Scale Shot|[from] ability: Cursed Body|[of] p2a: Dragapult\n|-supereffective|p2a: Dragapult\n|-damage|p2a: Dragapult|12\/100\n|-supereffective|p2a: Dragapult\n|-damage|p2a: Dragapult|0 fnt\n|faint|p2a: Dragapult\n|-hitcount|p2: Dragapult|3\n|-unboost|p1a: Lizard Wizard|def|1\n|-boost|p1a: Lizard Wizard|spe|1\n|\n|-sideend|p1: MaseReloaded|Reflect\n|upkeep\n|\n|t:|1699234147\n|switch|p2a: Zapdos|Zapdos-Galar|27\/100\n|turn|42\n|\n|t:|1699234152\n|move|p1a: Lizard Wizard|Tera Blast|p2a: Zapdos|[anim] Tera Blast Steel\n|-damage|p2a: Zapdos|0 fnt\n|faint|p2a: Zapdos\n|\n|-sideend|p2: InfernoFlare|move: Light Screen\n|upkeep\n|\n|t:|1699234157\n|switch|p2a: Regieleki|Regieleki|8\/100\n|turn|43\n|\n|t:|1699234160\n|move|p1a: Lizard Wizard|Earthquake|p2a: Regieleki\n|-supereffective|p2a: Regieleki\n|-damage|p2a: Regieleki|0 fnt\n|faint|p2a: Regieleki\n|\n|win|MaseReloaded\n|c|\u2606MaseReloaded|gg wp\n|c|\u2606InfernoFlare|gg\n|l|\u2606InfernoFlare\n","uploadtime":1699234188,"views":33,"p1id":"masereloaded","p2id":"infernoflare","formatid":"gen9ubers","rating":0,"private":0,"password":""}