{"id":"gen9ubers-1980499080","p1":"JohnLongGone","p2":"XpokVEVO","format":"[Gen 9] Ubers","log":"|j|\u2606JohnLongGone\n|j|\u2606XpokVEVO\n|t:|1698790814\n|gametype|singles\n|player|p1|JohnLongGone|caitlin|\n|player|p2|XpokVEVO|mustard|\n|teamsize|p1|6\n|teamsize|p2|6\n|gen|9\n|tier|[Gen 9] Ubers\n|rule|Sleep Clause Mod: Limit one foe put to sleep\n|rule|Species Clause: Limit one of each Pok\u00e9mon\n|rule|OHKO Clause: OHKO moves are banned\n|rule|Evasion Items Clause: Evasion items are banned\n|rule|Evasion Moves Clause: Evasion moves are banned\n|rule|Endless Battle Clause: Forcing endless battles is banned\n|rule|HP Percentage Mod: HP is shown in percentages\n|clearpoke\n|poke|p1|Magearna|\n|poke|p1|Conkeldurr, F|\n|poke|p1|Hatterene, F|\n|poke|p1|Dialga-Origin|\n|poke|p1|Chi-Yu|\n|poke|p1|Arceus-Grass|\n|poke|p2|Arceus-Fire|\n|poke|p2|Cyclizar, M|\n|poke|p2|Espathra, F|\n|poke|p2|Magearna|\n|poke|p2|Zacian-*|\n|poke|p2|Roaring Moon|\n|teampreview\n|inactive|Battle timer is ON: inactive players will automatically lose when time's up. (requested by XpokVEVO)\n|c|\u2606XpokVEVO|thx\n|\n|t:|1698790834\n|start\n|switch|p1a: Hatterene|Hatterene, F|100\/100\n|switch|p2a: Akira|Cyclizar, M|100\/100\n|turn|1\n|\n|t:|1698790848\n|move|p2a: Akira|Shed Tail|p2a: Akira\n|-start|p2a: Akira|Substitute|[from] move: Shed Tail\n|-damage|p2a: Akira|50\/100\n|\n|t:|1698790863\n|switch|p2a: Ar\u0441eus-Fighting|Arceus-Fire, shiny|100\/100|[from] Shed Tail\n|move|p1a: Hatterene|Trick Room|p1a: Hatterene\n|-fieldstart|move: Trick Room|[of] p1a: Hatterene\n|\n|upkeep\n|turn|2\n|\n|t:|1698790881\n|move|p1a: Hatterene|Dazzling Gleam|p2a: Ar\u0441eus-Fighting\n|-resisted|p2a: Ar\u0441eus-Fighting\n|-activate|p2a: Ar\u0441eus-Fighting|move: Substitute|[damage]\n|move|p2a: Ar\u0441eus-Fighting|Roar|p1a: Hatterene\n|move|p1a: Hatterene|Roar|p2a: Ar\u0441eus-Fighting|[from]ability: Magic Bounce\n|drag|p2a: Roaring Peak|Roaring Moon|100\/100\n|-enditem|p2a: Roaring Peak|Booster Energy\n|-activate|p2a: Roaring Peak|ability: Protosynthesis|[fromitem]\n|-start|p2a: Roaring Peak|protosynthesisspe\n|\n|upkeep\n|turn|3\n|c|\u2606XpokVEVO|oh my\n|\n|t:|1698790903\n|switch|p1a: Ursaluna @ Home|Conkeldurr, F|100\/100\n|-end|p2a: Roaring Peak|Protosynthesis|[silent]\n|switch|p2a: Ar\u0441eus-Fighting|Arceus-Fire, shiny|100\/100\n|\n|-status|p1a: Ursaluna @ Home|brn|[from] item: Flame Orb\n|upkeep\n|turn|4\n|\n|t:|1698790914\n|-terastallize|p2a: Ar\u0441eus-Fighting|Fairy\n|move|p1a: Ursaluna @ Home|Earthquake|p2a: Ar\u0441eus-Fighting\n|-damage|p2a: Ar\u0441eus-Fighting|63\/100\n|move|p2a: Ar\u0441eus-Fighting|Roar|p1a: Ursaluna @ Home\n|drag|p1a: Magearna|Magearna|100\/100\n|\n|upkeep\n|turn|5\n|inactive|JohnLongGone has 270 seconds left.\n|\n|t:|1698790939\n|move|p1a: Magearna|Volt Switch|p2a: Ar\u0441eus-Fighting\n|-damage|p2a: Ar\u0441eus-Fighting|46\/100\n|\n|t:|1698790946\n|switch|p1a: Chi-Yu|Chi-Yu|100\/100|[from] Volt Switch\n|-ability|p1a: Chi-Yu|Beads of Ruin\n|move|p2a: Ar\u0441eus-Fighting|Dragon Dance|p2a: Ar\u0441eus-Fighting\n|-boost|p2a: Ar\u0441eus-Fighting|atk|1\n|-boost|p2a: Ar\u0441eus-Fighting|spe|1\n|\n|-fieldend|move: Trick Room\n|upkeep\n|turn|6\n|inactive|JohnLongGone has 270 seconds left.\n|\n|t:|1698790960\n|move|p2a: Ar\u0441eus-Fighting|Tera Blast|p1a: Chi-Yu|[anim] Tera Blast Fairy\n|-damage|p1a: Chi-Yu|23\/100\n|move|p1a: Chi-Yu|Overheat|p2a: Ar\u0441eus-Fighting\n|-damage|p2a: Ar\u0441eus-Fighting|0 fnt\n|-unboost|p1a: Chi-Yu|spa|2\n|faint|p2a: Ar\u0441eus-Fighting\n|\n|upkeep\n|\n|t:|1698790970\n|switch|p2a: Roaring Peak|Roaring Moon|100\/100\n|turn|7\n|c|\u2606XpokVEVO|roaring GOAT\n|\n|t:|1698790976\n|switch|p1a: Hatterene|Hatterene, F|100\/100\n|move|p2a: Roaring Peak|Dragon Dance|p2a: Roaring Peak\n|-boost|p2a: Roaring Peak|atk|1\n|-boost|p2a: Roaring Peak|spe|1\n|\n|upkeep\n|turn|8\n|\n|t:|1698790980\n|move|p2a: Roaring Peak|Knock Off|p1a: Hatterene\n|-damage|p1a: Hatterene|18\/100\n|-enditem|p1a: Hatterene|Focus Sash|[from] move: Knock Off|[of] p2a: Roaring Peak\n|move|p1a: Hatterene|Trick Room|p1a: Hatterene\n|-fieldstart|move: Trick Room|[of] p1a: Hatterene\n|\n|upkeep\n|turn|9\n|\n|t:|1698790991\n|-end|p2a: Roaring Peak|Protosynthesis|[silent]\n|switch|p2a: Aunt Fanny|Magearna|100\/100\n|move|p1a: Hatterene|Healing Wish|p1a: Hatterene\n|faint|p1a: Hatterene\n|-ability|p2a: Aunt Fanny|Soul-Heart|boost\n|-boost|p2a: Aunt Fanny|spa|1\n|\n|upkeep\n|c|\u2606XpokVEVO|lol lmao?\n|\n|t:|1698790998\n|switch|p1a: Chi-Yu|Chi-Yu|23\/100\n|-heal|p1a: Chi-Yu|100\/100|[from] move: Healing Wish\n|-ability|p1a: Chi-Yu|Beads of Ruin\n|turn|10\n|\n|t:|1698791001\n|move|p1a: Chi-Yu|Flamethrower|p2a: Aunt Fanny\n|-supereffective|p2a: Aunt Fanny\n|-damage|p2a: Aunt Fanny|0 fnt\n|faint|p2a: Aunt Fanny\n|\n|upkeep\n|\n|t:|1698791008\n|switch|p2a: Emu War|Espathra, F|100\/100\n|turn|11\n|\n|t:|1698791012\n|move|p2a: Emu War|Protect|p2a: Emu War\n|-singleturn|p2a: Emu War|Protect\n|move|p1a: Chi-Yu|Flamethrower|p2a: Emu War\n|-activate|p2a: Emu War|move: Protect\n|\n|-ability|p2a: Emu War|Speed Boost|boost\n|-boost|p2a: Emu War|spe|1\n|upkeep\n|turn|12\n|\n|t:|1698791017\n|move|p1a: Chi-Yu|Flamethrower|p2a: Emu War\n|-enditem|p2a: Emu War|Focus Sash\n|-damage|p2a: Emu War|1\/100\n|move|p2a: Emu War|Calm Mind|p2a: Emu War\n|-boost|p2a: Emu War|spa|1\n|-boost|p2a: Emu War|spd|1\n|\n|-fieldend|move: Trick Room\n|-ability|p2a: Emu War|Speed Boost|boost\n|-boost|p2a: Emu War|spe|1\n|upkeep\n|turn|13\n|\n|t:|1698791028\n|move|p2a: Emu War|Dazzling Gleam|p1a: Chi-Yu\n|-damage|p1a: Chi-Yu|64\/100\n|move|p1a: Chi-Yu|Flamethrower|p2a: Emu War\n|-damage|p2a: Emu War|0 fnt\n|faint|p2a: Emu War\n|\n|upkeep\n|\n|t:|1698791031\n|switch|p2a: Akira|Cyclizar, M|84\/100\n|turn|14\n|\n|t:|1698791039\n|switch|p1a: Magearna|Magearna|100\/100\n|move|p2a: Akira|Shed Tail|p2a: Akira\n|-start|p2a: Akira|Substitute|[from] move: Shed Tail\n|-damage|p2a: Akira|33\/100\n|\n|t:|1698791044\n|switch|p2a: Princess|Zacian, shiny|100\/100|[from] Shed Tail\n|-ability|p2a: Princess|Intrepid Sword|boost\n|-boost|p2a: Princess|atk|1\n|\n|upkeep\n|turn|15\n|inactive|JohnLongGone has 270 seconds left.\n|\n|t:|1698791095\n|move|p2a: Princess|Iron Head|p1a: Magearna\n|-damage|p1a: Magearna|59\/100\n|-damage|p2a: Princess|91\/100|[from] item: Life Orb\n|move|p1a: Magearna|Fleur Cannon|p2a: Princess|[miss]\n|-miss|p1a: Magearna|p2a: Princess\n|\n|-heal|p1a: Magearna|65\/100|[from] item: Leftovers\n|upkeep\n|turn|16\n|c|\u2606XpokVEVO|HAHAHHA\n|\n|t:|1698791108\n|move|p2a: Princess|Close Combat|p1a: Magearna\n|-damage|p1a: Magearna|0 fnt\n|-unboost|p2a: Princess|def|1\n|-unboost|p2a: Princess|spd|1\n|faint|p1a: Magearna\n|-damage|p2a: Princess|81\/100|[from] item: Life Orb\n|\n|upkeep\n|\n|t:|1698791123\n|switch|p1a: Arceus|Arceus-Grass|100\/100\n|turn|17\n|\n|t:|1698791127\n|move|p2a: Princess|Swords Dance|p2a: Princess\n|-boost|p2a: Princess|atk|2\n|move|p1a: Arceus|Cosmic Power|p1a: Arceus\n|-boost|p1a: Arceus|def|1\n|-boost|p1a: Arceus|spd|1\n|\n|upkeep\n|turn|18\n|\n|t:|1698791130\n|move|p2a: Princess|Play Rough|p1a: Arceus\n|-crit|p1a: Arceus\n|-damage|p1a: Arceus|0 fnt\n|faint|p1a: Arceus\n|-damage|p2a: Princess|71\/100|[from] item: Life Orb\n|\n|upkeep\n|c|\u2606XpokVEVO|YARRHARHAR\n|inactive|JohnLongGone has 270 seconds left.\n|\n|t:|1698791137\n|switch|p1a: Dialga|Dialga-Origin|100\/100\n|-ability|p1a: Dialga|Pressure\n|turn|19\n|\n|t:|1698791141\n|move|p2a: Princess|Close Combat|p1a: Dialga\n|-supereffective|p1a: Dialga\n|-damage|p1a: Dialga|0 fnt\n|-unboost|p2a: Princess|def|1\n|-unboost|p2a: Princess|spd|1\n|faint|p1a: Dialga\n|-damage|p2a: Princess|61\/100|[from] item: Life Orb\n|\n|upkeep\n|\n|t:|1698791145\n|switch|p1a: Ursaluna @ Home|Conkeldurr, F|100\/100 brn\n|turn|20\n|c|\u2606XpokVEVO|DONT MISS\n|c|\u2606XpokVEVO|DONT MISS YOU STUPID DOG\n|c|\u2606XpokVEVO|also why not actual ursaluna?\n|\n|t:|1698791169\n|move|p2a: Princess|Play Rough|p1a: Ursaluna @ Home\n|-supereffective|p1a: Ursaluna @ Home\n|-damage|p1a: Ursaluna @ Home|0 fnt\n|faint|p1a: Ursaluna @ Home\n|-damage|p2a: Princess|52\/100|[from] item: Life Orb\n|\n|upkeep\n|c|\u2606XpokVEVO|its an incredibly strong mon\n|\n|t:|1698791171\n|switch|p1a: Chi-Yu|Chi-Yu|64\/100\n|-ability|p1a: Chi-Yu|Beads of Ruin\n|turn|21\n|\n|t:|1698791176\n|-terastallize|p1a: Chi-Yu|Fairy\n|move|p2a: Princess|Close Combat|p1a: Chi-Yu\n|-resisted|p1a: Chi-Yu\n|-damage|p1a: Chi-Yu|0 fnt\n|-unboost|p2a: Princess|def|1\n|-unboost|p2a: Princess|spd|1\n|faint|p1a: Chi-Yu\n|-damage|p2a: Princess|42\/100|[from] item: Life Orb\n|\n|win|XpokVEVO\n","uploadtime":1698791183,"views":6,"p1id":"johnlonggone","p2id":"xpokvevo","formatid":"gen9ubers","rating":0,"private":0,"password":""}