{"id":"gen9ubers-1968068092","p1":"teepee93","p2":"Hell Presidente","format":"[Gen 9] Ubers","log":"|j|\u2606teepee93\n|j|\u2606Hell Presidente\n|t:|1697380928\n|gametype|singles\n|player|p1|teepee93|265|\n|player|p2|Hell Presidente|ltsurge|\n|teamsize|p1|6\n|teamsize|p2|6\n|gen|9\n|tier|[Gen 9] Ubers\n|rule|Sleep Clause Mod: Limit one foe put to sleep\n|rule|Species Clause: Limit one of each Pok\u00e9mon\n|rule|OHKO Clause: OHKO moves are banned\n|rule|Evasion Items Clause: Evasion items are banned\n|rule|Evasion Moves Clause: Evasion moves are banned\n|rule|Endless Battle Clause: Forcing endless battles is banned\n|rule|HP Percentage Mod: HP is shown in percentages\n|clearpoke\n|poke|p1|Ninetales-Alola, M|\n|poke|p1|Salazzle, F|\n|poke|p1|Krookodile, M|\n|poke|p1|Zapdos|\n|poke|p1|Uxie|\n|poke|p1|Ogerpon-Wellspring, F|\n|poke|p2|Pelipper, M|\n|poke|p2|Palafin, F|\n|poke|p2|Politoed, F|\n|poke|p2|Floatzel, M|\n|poke|p2|Glimmora, F|\n|poke|p2|Overqwil, F|\n|teampreview\n|c|\u2606Hell Presidente|R e e e e e e e e\n|j| Gurtbilbo\n|c| Gurtbilbo|GL lads\n|c|\u2606Hell Presidente|Ggrreeee\n|\n|t:|1697380994\n|start\n|switch|p1a: Uxie|Uxie|100\/100\n|switch|p2a: Pelipper|Pelipper, M|100\/100\n|-weather|RainDance|[from] ability: Drizzle|[of] p2a: Pelipper\n|turn|1\n|\n|t:|1697381039\n|move|p2a: Pelipper|Hydro Pump|p1a: Uxie\n|-damage|p1a: Uxie|38\/100\n|move|p1a: Uxie|Stealth Rock|p2a: Pelipper\n|-sidestart|p2: Hell Presidente|move: Stealth Rock\n|\n|-weather|RainDance|[upkeep]\n|upkeep\n|turn|2\n|\n|t:|1697381066\n|move|p2a: Pelipper|Hydro Pump|p1a: Uxie|[miss]\n|-miss|p2a: Pelipper|p1a: Uxie\n|move|p1a: Uxie|Thunderbolt|p2a: Pelipper\n|-supereffective|p2a: Pelipper\n|-damage|p2a: Pelipper|0 fnt\n|faint|p2a: Pelipper\n|\n|-weather|RainDance|[upkeep]\n|upkeep\n|\n|t:|1697381080\n|switch|p2a: El Raton|Palafin, F|100\/100\n|-damage|p2a: El Raton|88\/100|[from] Stealth Rock\n|turn|3\n|\n|t:|1697381094\n|move|p2a: El Raton|Flip Turn|p1a: Uxie\n|-damage|p1a: Uxie|17\/100\n|-damage|p2a: El Raton|72\/100|[from] item: Rocky Helmet|[of] p1a: Uxie\n|\n|t:|1697381108\n|detailschange|p2a: El Raton|Palafin-Hero, F\n|switch|p2a: Overqwil|Overqwil, F|100\/100|[from] Flip Turn\n|-damage|p2a: Overqwil|88\/100|[from] Stealth Rock\n|move|p1a: Uxie|Yawn|p2a: Overqwil\n|-start|p2a: Overqwil|move: Yawn|[of] p1a: Uxie\n|\n|-weather|RainDance|[upkeep]\n|upkeep\n|turn|4\n|\n|t:|1697381149\n|switch|p2a: Glimmora|Glimmora, F|100\/100\n|-damage|p2a: Glimmora|88\/100|[from] Stealth Rock\n|move|p1a: Uxie|Yawn|p2a: Glimmora\n|-start|p2a: Glimmora|move: Yawn|[of] p1a: Uxie\n|\n|-weather|RainDance|[upkeep]\n|upkeep\n|turn|5\n|\n|t:|1697381164\n|move|p2a: Glimmora|Sludge Bomb|p1a: Uxie\n|-damage|p1a: Uxie|0 fnt\n|faint|p1a: Uxie\n|\n|-weather|none\n|-end|p2a: Glimmora|move: Yawn|[silent]\n|-status|p2a: Glimmora|slp\n|upkeep\n|\n|t:|1697381187\n|switch|p1a: Krookodile|Krookodile, M|100\/100\n|turn|6\n|\n|t:|1697381203\n|switch|p2a: Politoed|Politoed, F|100\/100\n|-damage|p2a: Politoed|88\/100|[from] Stealth Rock\n|-weather|RainDance|[from] ability: Drizzle|[of] p2a: Politoed\n|move|p1a: Krookodile|Earthquake|p2a: Politoed\n|-damage|p2a: Politoed|31\/100\n|-enditem|p2a: Politoed|Eject Button\n|\n|t:|1697381232\n|switch|p2a: Floatzel|Floatzel, M|100\/100\n|-damage|p2a: Floatzel|88\/100|[from] Stealth Rock\n|\n|-weather|RainDance|[upkeep]\n|upkeep\n|turn|7\n|\n|t:|1697381249\n|switch|p1a: Ninetales|Ninetales-Alola, M|100\/100\n|-weather|Snow|[from] ability: Snow Warning|[of] p1a: Ninetales\n|-terastallize|p2a: Floatzel|Water\n|move|p2a: Floatzel|Wave Crash|p1a: Ninetales\n|-damage|p1a: Ninetales|0 fnt\n|faint|p1a: Ninetales\n|-damage|p2a: Floatzel|56\/100|[from] Recoil\n|\n|-weather|Snow|[upkeep]\n|upkeep\n|\n|t:|1697381262\n|switch|p1a: Salazzle|Salazzle, F|100\/100\n|turn|8\n|\n|t:|1697381288\n|switch|p2a: Politoed|Politoed, F|31\/100\n|-damage|p2a: Politoed|18\/100|[from] Stealth Rock\n|-weather|RainDance|[from] ability: Drizzle|[of] p2a: Politoed\n|-terastallize|p1a: Salazzle|Grass\n|move|p1a: Salazzle|Tera Blast|p2a: Politoed|[anim] Tera Blast Grass\n|-supereffective|p2a: Politoed\n|-damage|p2a: Politoed|0 fnt\n|faint|p2a: Politoed\n|\n|-weather|RainDance|[upkeep]\n|upkeep\n|j| StueyF23\n|\n|t:|1697381314\n|switch|p2a: Overqwil|Overqwil, F|88\/100\n|-damage|p2a: Overqwil|75\/100|[from] Stealth Rock\n|turn|9\n|\n|t:|1697381338\n|move|p1a: Salazzle|Sunny Day|p1a: Salazzle\n|-weather|SunnyDay\n|move|p2a: Overqwil|Gunk Shot|p1a: Salazzle\n|-supereffective|p1a: Salazzle\n|-damage|p1a: Salazzle|0 fnt\n|faint|p1a: Salazzle\n|-damage|p2a: Overqwil|66\/100|[from] item: Life Orb\n|\n|-weather|SunnyDay|[upkeep]\n|upkeep\n|\n|t:|1697381385\n|switch|p1a: Krookodile|Krookodile, M|100\/100\n|turn|10\n|\n|t:|1697381396\n|switch|p2a: Glimmora|Glimmora, F|88\/100 slp\n|-damage|p2a: Glimmora|76\/100 slp|[from] Stealth Rock\n|move|p1a: Krookodile|Earthquake|p2a: Glimmora\n|-supereffective|p2a: Glimmora\n|-damage|p2a: Glimmora|0 fnt\n|-activate|p2a: Glimmora|ability: Toxic Debris\n|-sidestart|p1: teepee93|move: Toxic Spikes\n|faint|p2a: Glimmora\n|-ability|p1a: Krookodile|Moxie|boost\n|-boost|p1a: Krookodile|atk|1\n|\n|-weather|SunnyDay|[upkeep]\n|upkeep\n|\n|t:|1697381456\n|switch|p2a: Floatzel|Floatzel, M, tera:Water|56\/100\n|-damage|p2a: Floatzel|43\/100|[from] Stealth Rock\n|turn|11\n|c|\u2606Hell Presidente|Oop\n|\n|t:|1697381504\n|switch|p2a: Overqwil|Overqwil, F|66\/100\n|-damage|p2a: Overqwil|53\/100|[from] Stealth Rock\n|move|p1a: Krookodile|Earthquake|p2a: Overqwil\n|-supereffective|p2a: Overqwil\n|-damage|p2a: Overqwil|0 fnt\n|faint|p2a: Overqwil\n|-ability|p1a: Krookodile|Moxie|boost\n|-boost|p1a: Krookodile|atk|1\n|\n|-weather|SunnyDay|[upkeep]\n|upkeep\n|\n|t:|1697381516\n|switch|p2a: El Raton|Palafin-Hero, F|72\/100\n|-damage|p2a: El Raton|59\/100|[from] Stealth Rock\n|-activate|p2a: El Raton|ability: Zero to Hero\n|turn|12\n|\n|t:|1697381560\n|move|p2a: El Raton|Close Combat|p1a: Krookodile\n|-supereffective|p1a: Krookodile\n|-damage|p1a: Krookodile|0 fnt\n|-unboost|p2a: El Raton|def|1\n|-unboost|p2a: El Raton|spd|1\n|faint|p1a: Krookodile\n|\n|-weather|SunnyDay|[upkeep]\n|upkeep\n|\n|t:|1697381563\n|switch|p1a: Zapdos|Zapdos|100\/100\n|turn|13\n|j| JacobF22\n|\n|t:|1697381572\n|move|p2a: El Raton|Close Combat|p1a: Zapdos\n|-resisted|p1a: Zapdos\n|-damage|p1a: Zapdos|62\/100\n|-unboost|p2a: El Raton|def|1\n|-unboost|p2a: El Raton|spd|1\n|move|p1a: Zapdos|Tailwind|p1a: Zapdos\n|-sidestart|p1: teepee93|move: Tailwind\n|\n|-weather|none\n|upkeep\n|turn|14\n|\n|t:|1697381596\n|switch|p2a: Floatzel|Floatzel, M, tera:Water|43\/100\n|-damage|p2a: Floatzel|31\/100|[from] Stealth Rock\n|move|p1a: Zapdos|Thunder|p2a: Floatzel|[miss]\n|-miss|p1a: Zapdos|p2a: Floatzel\n|\n|upkeep\n|turn|15\n|\n|t:|1697381606\n|move|p1a: Zapdos|U-turn|p2a: Floatzel\n|-damage|p2a: Floatzel|2\/100\n|\n|t:|1697381610\n|switch|p1a: Ogerpon|Ogerpon-Wellspring, F|100\/100|[from] U-turn\n|-status|p1a: Ogerpon|psn\n|move|p2a: Floatzel|Ice Spinner|p1a: Ogerpon\n|-damage|p1a: Ogerpon|44\/100 psn\n|\n|-damage|p1a: Ogerpon|32\/100 psn|[from] psn\n|upkeep\n|turn|16\n|c|\u2606Hell Presidente|O\n|\n|t:|1697381621\n|move|p1a: Ogerpon|Horn Leech|p2a: Floatzel\n|-supereffective|p2a: Floatzel\n|-damage|p2a: Floatzel|0 fnt\n|-heal|p1a: Ogerpon|33\/100 psn|[from] drain|[of] p2a: Floatzel\n|faint|p2a: Floatzel\n|\n|-damage|p1a: Ogerpon|21\/100 psn|[from] psn\n|-sideend|p1: teepee93|move: Tailwind\n|upkeep\n|\n|t:|1697381630\n|switch|p2a: El Raton|Palafin-Hero, F|59\/100\n|-damage|p2a: El Raton|47\/100|[from] Stealth Rock\n|turn|17\n|\n|t:|1697381650\n|move|p2a: El Raton|Wave Crash|p1a: Ogerpon\n|-heal|p1a: Ogerpon|46\/100 psn|[from] ability: Water Absorb|[of] p2a: El Raton\n|move|p1a: Ogerpon|Sunny Day|p1a: Ogerpon\n|-weather|SunnyDay\n|\n|-weather|SunnyDay|[upkeep]\n|-damage|p1a: Ogerpon|33\/100 psn|[from] psn\n|upkeep\n|turn|18\n|c|\u2606Hell Presidente|Oop\n|\n|t:|1697381662\n|move|p2a: El Raton|Wave Crash|p1a: Ogerpon\n|-heal|p1a: Ogerpon|58\/100 psn|[from] ability: Water Absorb|[of] p2a: El Raton\n|move|p1a: Ogerpon|Horn Leech|p2a: El Raton\n|-supereffective|p2a: El Raton\n|-damage|p2a: El Raton|0 fnt\n|-heal|p1a: Ogerpon|85\/100 psn|[from] drain|[of] p2a: El Raton\n|faint|p2a: El Raton\n|\n|win|teepee93\n|c| Gurtbilbo|Lmao pain\n|l| StueyF23\n|c|\u2606teepee93|gg dude\n|l| Gurtbilbo\n|c|\u2606Hell Presidente|Gg\n|l|\u2606Hell Presidente\n|j| StueyF23\n|l|\u2606teepee93\n|l| StueyF23\n|j| StueyF23\n","uploadtime":1697382222,"views":19,"p1id":"teepee93","p2id":"hellpresidente","formatid":"gen9ubers","rating":0,"private":0,"password":""}