{"id":"gen9ubers-1988287784","p1":"Seraphz","p2":"bodi 69","format":"[Gen 9] Ubers","log":"|j|\u2606Seraphz\n|j|\u2606bodi 69\n|t:|1699702165\n|gametype|singles\n|player|p1|Seraphz|#ptplivdazzlingdiancies|\n|player|p2|bodi 69|leon|\n|teamsize|p1|6\n|teamsize|p2|6\n|gen|9\n|tier|[Gen 9] Ubers\n|rule|Sleep Clause Mod: Limit one foe put to sleep\n|rule|Species Clause: Limit one of each Pok\u00e9mon\n|rule|OHKO Clause: OHKO moves are banned\n|rule|Evasion Items Clause: Evasion items are banned\n|rule|Evasion Moves Clause: Evasion moves are banned\n|rule|Endless Battle Clause: Forcing endless battles is banned\n|rule|HP Percentage Mod: HP is shown in percentages\n|clearpoke\n|poke|p1|Kyogre|\n|poke|p1|Giratina-Origin|\n|poke|p1|Arceus-Ground|\n|poke|p1|Zacian-*|\n|poke|p1|Miraidon|\n|poke|p1|Landorus-Therian, M|\n|poke|p2|Annihilape, M|\n|poke|p2|Landorus, M|\n|poke|p2|Ditto|\n|poke|p2|Chien-Pao|\n|poke|p2|Rayquaza|\n|poke|p2|Zacian-*|\n|teampreview\n|inactive|Battle timer is ON: inactive players will automatically lose when time's up. (requested by bodi 69)\n|c|\u2606Seraphz|hf\n|inactive|bodi 69 has 270 seconds left.\n|inactive|bodi 69 has 240 seconds left.\n|c|\u2606bodi 69|u2\n|\n|t:|1699702238\n|start\n|switch|p1a: Kyogre|Kyogre|100\/100\n|switch|p2a: Annihilape|Annihilape, M|100\/100\n|-weather|RainDance|[from] ability: Drizzle|[of] p1a: Kyogre\n|turn|1\n|\n|t:|1699702245\n|switch|p1a: Landorus|Landorus-Therian, M|100\/100\n|-ability|p1a: Landorus|Intimidate|boost\n|-unboost|p2a: Annihilape|atk|1\n|-ability|p2a: Annihilape|Defiant|boost\n|-boost|p2a: Annihilape|atk|2\n|move|p2a: Annihilape|Final Gambit|p1a: Landorus\n|-damage|p1a: Landorus|0 fnt\n|faint|p2a: Annihilape\n|faint|p1a: Landorus\n|\n|-weather|RainDance|[upkeep]\n|upkeep\n|inactive|bodi 69 has 270 seconds left.\n|\n|t:|1699702280\n|switch|p2a: Chien-Pao|Chien-Pao|100\/100\n|switch|p1a: Miraidon|Miraidon|100\/100\n|-fieldstart|move: Electric Terrain|[from] ability: Hadron Engine|[of] p1a: Miraidon\n|-ability|p2a: Chien-Pao|Sword of Ruin\n|turn|2\n|inactive|bodi 69 has 270 seconds left.\n|\n|t:|1699702292\n|move|p1a: Miraidon|Electro Drift|p2a: Chien-Pao\n|-damage|p2a: Chien-Pao|0 fnt\n|faint|p2a: Chien-Pao\n|\n|-weather|RainDance|[upkeep]\n|upkeep\n|inactive|bodi 69 has 270 seconds left.\n|\n|t:|1699702297\n|switch|p2a: Landorus|Landorus, M|100\/100\n|turn|3\n|\n|t:|1699702303\n|switch|p1a: Giratina|Giratina-Origin|100\/100\n|move|p2a: Landorus|Psychic|p1a: Giratina\n|-damage|p1a: Giratina|75\/100\n|\n|-weather|RainDance|[upkeep]\n|upkeep\n|turn|4\n|\n|t:|1699702310\n|move|p2a: Landorus|Psychic|p1a: Giratina\n|-damage|p1a: Giratina|49\/100\n|move|p1a: Giratina|Draco Meteor|p2a: Landorus\n|-damage|p2a: Landorus|18\/100\n|-unboost|p1a: Giratina|spa|2\n|\n|-weather|RainDance|[upkeep]\n|upkeep\n|turn|5\n|\n|t:|1699702314\n|switch|p2a: Zacian|Zacian-Crowned|100\/100\n|-ability|p2a: Zacian|Intrepid Sword|boost\n|-boost|p2a: Zacian|atk|1\n|move|p1a: Giratina|Hex|p2a: Zacian\n|-damage|p2a: Zacian|87\/100\n|\n|-weather|none\n|upkeep\n|turn|6\n|\n|t:|1699702319\n|switch|p1a: Kyogre|Kyogre|100\/100\n|-weather|RainDance|[from] ability: Drizzle|[of] p1a: Kyogre\n|move|p2a: Zacian|Swords Dance|p2a: Zacian\n|-boost|p2a: Zacian|atk|2\n|\n|-weather|RainDance|[upkeep]\n|-fieldend|move: Electric Terrain\n|upkeep\n|turn|7\n|\n|t:|1699702324\n|move|p2a: Zacian|Play Rough|p1a: Kyogre\n|-damage|p1a: Kyogre|0 fnt\n|faint|p1a: Kyogre\n|\n|-weather|RainDance|[upkeep]\n|upkeep\n|\n|t:|1699702329\n|switch|p1a: Miraidon|Miraidon|100\/100\n|-fieldstart|move: Electric Terrain|[from] ability: Hadron Engine|[of] p1a: Miraidon\n|turn|8\n|\n|t:|1699702334\n|switch|p2a: Landorus|Landorus, M|18\/100\n|move|p1a: Miraidon|Volt Switch|p2a: Landorus\n|-immune|p2a: Landorus\n|\n|-weather|RainDance|[upkeep]\n|upkeep\n|turn|9\n|\n|t:|1699702337\n|switch|p1a: Giratina|Giratina-Origin|49\/100\n|move|p2a: Landorus|Psychic|p1a: Giratina\n|-damage|p1a: Giratina|27\/100\n|\n|-weather|RainDance|[upkeep]\n|upkeep\n|turn|10\n|\n|t:|1699702341\n|move|p2a: Landorus|Psychic|p1a: Giratina\n|-damage|p1a: Giratina|3\/100\n|move|p1a: Giratina|Hex|p2a: Landorus\n|-damage|p2a: Landorus|0 fnt\n|faint|p2a: Landorus\n|\n|-weather|none\n|upkeep\n|\n|t:|1699702346\n|switch|p2a: Zacian|Zacian-Crowned|87\/100\n|turn|11\n|\n|t:|1699702349\n|move|p2a: Zacian|Play Rough|p1a: Giratina\n|-supereffective|p1a: Giratina\n|-damage|p1a: Giratina|0 fnt\n|faint|p1a: Giratina\n|\n|upkeep\n|\n|t:|1699702355\n|switch|p1a: Arceus|Arceus-Ground|100\/100\n|turn|12\n|\n|t:|1699702357\n|move|p2a: Zacian|Play Rough|p1a: Arceus\n|-damage|p1a: Arceus|73\/100\n|move|p1a: Arceus|Judgment|p2a: Zacian\n|-supereffective|p2a: Zacian\n|-damage|p2a: Zacian|0 fnt\n|faint|p2a: Zacian\n|\n|-fieldend|move: Electric Terrain\n|upkeep\n|\n|t:|1699702370\n|switch|p2a: Ditto|Ditto|100\/100\n|-transform|p2a: Ditto|p1a: Arceus|[from] ability: Imposter\n|turn|13\n|\n|t:|1699702375\n|move|p2a: Ditto|Ice Beam|p1a: Arceus\n|-supereffective|p1a: Arceus\n|-damage|p1a: Arceus|40\/100\n|move|p1a: Arceus|Ice Beam|p2a: Ditto\n|-supereffective|p2a: Ditto\n|-damage|p2a: Ditto|53\/100\n|\n|upkeep\n|turn|14\n|\n|t:|1699702377\n|move|p2a: Ditto|Ice Beam|p1a: Arceus\n|-supereffective|p1a: Arceus\n|-damage|p1a: Arceus|9\/100\n|move|p1a: Arceus|Recover|p1a: Arceus\n|-heal|p1a: Arceus|59\/100\n|\n|upkeep\n|turn|15\n|\n|t:|1699702379\n|move|p2a: Ditto|Ice Beam|p1a: Arceus\n|-supereffective|p1a: Arceus\n|-damage|p1a: Arceus|25\/100\n|move|p1a: Arceus|Recover|p1a: Arceus\n|-heal|p1a: Arceus|75\/100\n|\n|upkeep\n|turn|16\n|\n|t:|1699702388\n|move|p2a: Ditto|Ice Beam|p1a: Arceus\n|-supereffective|p1a: Arceus\n|-damage|p1a: Arceus|44\/100\n|move|p1a: Arceus|Ice Beam|p2a: Ditto\n|-supereffective|p2a: Ditto\n|-damage|p2a: Ditto|8\/100\n|\n|upkeep\n|turn|17\n|inactive|Seraphz has 270 seconds left.\n|\n|t:|1699702436\n|move|p2a: Ditto|Ice Beam|p1a: Arceus\n|-supereffective|p1a: Arceus\n|-damage|p1a: Arceus|14\/100\n|move|p1a: Arceus|Recover|p1a: Arceus\n|-heal|p1a: Arceus|65\/100\n|\n|upkeep\n|turn|18\n|\n|t:|1699702459\n|-activate|p2a: Ditto|move: Struggle\n|move|p2a: Ditto|Struggle|p1a: Arceus\n|-damage|p1a: Arceus|59\/100\n|-damage|p2a: Ditto|0 fnt|[from] recoil\n|faint|p2a: Ditto\n|move|p1a: Arceus|Recover|p1a: Arceus\n|-heal|p1a: Arceus|100\/100\n|\n|upkeep\n|\n|t:|1699702464\n|switch|p2a: Rayquaza|Rayquaza|100\/100\n|-ability|p2a: Rayquaza|Air Lock\n|turn|19\n|\n|t:|1699702468\n|-terastallize|p2a: Rayquaza|Normal\n|move|p2a: Rayquaza|Dragon Dance|p2a: Rayquaza\n|-boost|p2a: Rayquaza|atk|1\n|-boost|p2a: Rayquaza|spe|1\n|move|p1a: Arceus|Ice Beam|p2a: Rayquaza\n|-damage|p2a: Rayquaza|75\/100\n|\n|upkeep\n|turn|20\n|\n|t:|1699702473\n|move|p2a: Rayquaza|Dragon Dance|p2a: Rayquaza\n|-boost|p2a: Rayquaza|atk|1\n|-boost|p2a: Rayquaza|spe|1\n|move|p1a: Arceus|Judgment|p2a: Rayquaza\n|-damage|p2a: Rayquaza|21\/100\n|\n|upkeep\n|turn|21\n|\n|t:|1699702477\n|-terastallize|p1a: Arceus|Steel\n|move|p2a: Rayquaza|Dragon Ascent|p1a: Arceus\n|-resisted|p1a: Arceus\n|-damage|p1a: Arceus|56\/100\n|-unboost|p2a: Rayquaza|def|1\n|-unboost|p2a: Rayquaza|spd|1\n|-damage|p2a: Rayquaza|11\/100|[from] item: Life Orb\n|move|p1a: Arceus|Judgment|p2a: Rayquaza\n|-damage|p2a: Rayquaza|0 fnt\n|faint|p2a: Rayquaza\n|\n|win|Seraphz\n|c|\u2606bodi 69|ggs\n|l|\u2606bodi 69\n|c|\u2606Seraphz|gg\n","uploadtime":1699702485,"views":76,"p1id":"seraphz","p2id":"bodi69","formatid":"gen9ubers","rating":0,"private":0,"password":""}