{"id":"gen9ubers-1980876950","p1":"wamkou","p2":"ateup","format":"[Gen 9] Ubers","log":"|j|\u2606wamkou\n|j|\u2606ateup\n|t:|1698845064\n|gametype|singles\n|player|p1|wamkou|elesa-masters2|\n|player|p2|ateup|pokemaniac|\n|teamsize|p1|6\n|teamsize|p2|6\n|gen|9\n|tier|[Gen 9] Ubers\n|rule|Sleep Clause Mod: Limit one foe put to sleep\n|rule|Species Clause: Limit one of each Pok\u00e9mon\n|rule|OHKO Clause: OHKO moves are banned\n|rule|Evasion Items Clause: Evasion items are banned\n|rule|Evasion Moves Clause: Evasion moves are banned\n|rule|Endless Battle Clause: Forcing endless battles is banned\n|rule|HP Percentage Mod: HP is shown in percentages\n|clearpoke\n|poke|p1|Shaymin-Sky|\n|poke|p1|Palkia-Origin|\n|poke|p1|Magearna|\n|poke|p1|Zacian-*|\n|poke|p1|Iron Moth|\n|poke|p1|Arceus-Fire|\n|poke|p2|Volcarona, F|\n|poke|p2|Garchomp, F|\n|poke|p2|Iron Valiant|\n|poke|p2|Landorus, M|\n|poke|p2|Chi-Yu|\n|poke|p2|Zacian-*|\n|teampreview\n|inactive|Battle timer is ON: inactive players will automatically lose when time's up. (requested by ateup)\n|\n|t:|1698845081\n|start\n|switch|p1a: Wet Horse|Palkia-Origin|100\/100\n|switch|p2a: Volcarona|Volcarona, F|100\/100\n|-ability|p1a: Wet Horse|Pressure\n|turn|1\n|\n|t:|1698845088\n|move|p1a: Wet Horse|Hydro Pump|p2a: Volcarona\n|-supereffective|p2a: Volcarona\n|-damage|p2a: Volcarona|0 fnt\n|faint|p2a: Volcarona\n|\n|upkeep\n|\n|t:|1698845096\n|switch|p2a: Zacian|Zacian|100\/100\n|-ability|p2a: Zacian|Intrepid Sword|boost\n|-boost|p2a: Zacian|atk|1\n|turn|2\n|inactive|wamkou has 270 seconds left.\n|\n|t:|1698845127\n|move|p2a: Zacian|Swords Dance|p2a: Zacian\n|-boost|p2a: Zacian|atk|2\n|move|p1a: Wet Horse|Substitute|p1a: Wet Horse\n|-start|p1a: Wet Horse|Substitute\n|-damage|p1a: Wet Horse|76\/100\n|\n|upkeep\n|turn|3\n|\n|t:|1698845134\n|move|p2a: Zacian|Play Rough|p1a: Wet Horse\n|-supereffective|p1a: Wet Horse\n|-end|p1a: Wet Horse|Substitute\n|move|p1a: Wet Horse|Hydro Pump|p2a: Zacian\n|-damage|p2a: Zacian|31\/100\n|\n|upkeep\n|turn|4\n|c|\u2606ateup|pray i miss here\n|c|\u2606wamkou|pray i miss after you miss\n|inactive|wamkou has 270 seconds left.\n|\n|t:|1698845157\n|switch|p1a: moth$|Iron Moth|100\/100\n|-enditem|p1a: moth$|Booster Energy\n|-activate|p1a: moth$|ability: Quark Drive|[fromitem]\n|-start|p1a: moth$|quarkdrivespa\n|move|p2a: Zacian|Play Rough|p1a: moth$\n|-resisted|p1a: moth$\n|-damage|p1a: moth$|51\/100\n|\n|upkeep\n|turn|5\n|\n|t:|1698845166\n|move|p2a: Zacian|Iron Head|p1a: moth$\n|-resisted|p1a: moth$\n|-damage|p1a: moth$|0 fnt\n|faint|p1a: moth$\n|-end|p1a: moth$|Quark Drive|[silent]\n|\n|upkeep\n|inactive|wamkou has 270 seconds left.\n|\n|t:|1698845180\n|switch|p1a: Arceus-Fightimg|Arceus-Fire, shiny|100\/100\n|turn|6\n|c|\u2606ateup|your team's matchup against zacian just comes down to a speed tie\n|c|\u2606wamkou|yeah i need to fix my team\n|c|\u2606ateup|wait no\n|c|\u2606ateup|arc fire kills zac here\n|inactive|ateup has 270 seconds left.\n|inactive|wamkou has 270 seconds left.\n|\n|t:|1698845226\n|move|p2a: Zacian|Close Combat|p1a: Arceus-Fightimg\n|-damage|p1a: Arceus-Fightimg|21\/100\n|-unboost|p2a: Zacian|def|1\n|-unboost|p2a: Zacian|spd|1\n|move|p1a: Arceus-Fightimg|Earthquake|p2a: Zacian\n|-damage|p2a: Zacian|0 fnt\n|faint|p2a: Zacian\n|\n|upkeep\n|inactive|ateup has 270 seconds left.\n|c|\u2606ateup|also u misspelled fighting\n|c|\u2606ateup|brb 1 sec\n|c|\u2606wamkou|it doesnt let you put fighting in\n|inactive|ateup has 240 seconds left.\n|inactive|ateup has 210 seconds left.\n|\n|t:|1698845296\n|switch|p2a: Chi-Yu|Chi-Yu|100\/100\n|-ability|p2a: Chi-Yu|Beads of Ruin\n|turn|7\n|inactive|ateup has 210 seconds left.\n|\n|t:|1698845302\n|move|p2a: Chi-Yu|Flamethrower|p1a: Arceus-Fightimg\n|-resisted|p1a: Arceus-Fightimg\n|-damage|p1a: Arceus-Fightimg|0 fnt\n|faint|p1a: Arceus-Fightimg\n|\n|upkeep\n|\n|t:|1698845306\n|switch|p1a: Wet Horse|Palkia-Origin|76\/100\n|-ability|p1a: Wet Horse|Pressure\n|turn|8\n|inactive|ateup has 210 seconds left.\n|\n|t:|1698845325\n|switch|p2a: Garchomp|Garchomp, F|100\/100\n|move|p1a: Wet Horse|Hydro Pump|p2a: Garchomp\n|-damage|p2a: Garchomp|31\/100\n|\n|upkeep\n|turn|9\n|inactive|ateup has 210 seconds left.\n|\n|t:|1698845336\n|move|p1a: Wet Horse|Hydro Pump|p2a: Garchomp\n|-damage|p2a: Garchomp|0 fnt\n|faint|p2a: Garchomp\n|\n|upkeep\n|\n|t:|1698845338\n|switch|p2a: Iron Valiant|Iron Valiant|100\/100\n|-enditem|p2a: Iron Valiant|Booster Energy\n|-activate|p2a: Iron Valiant|ability: Quark Drive|[fromitem]\n|-start|p2a: Iron Valiant|quarkdrivespe\n|turn|10\n|c|\u2606wamkou|i shouldve used sub\n|c|\u2606ateup|yeah you practically knew i had to switch there\n|inactive|wamkou has 270 seconds left.\n|\n|t:|1698845369\n|switch|p1a: Milf|Magearna|100\/100\n|move|p2a: Iron Valiant|Moonblast|p1a: Milf\n|-resisted|p1a: Milf\n|-damage|p1a: Milf|86\/100\n|\n|-heal|p1a: Milf|93\/100|[from] item: Leftovers\n|upkeep\n|turn|11\n|inactive|wamkou has 270 seconds left.\n|\n|t:|1698845383\n|-terastallize|p2a: Iron Valiant|Fairy\n|move|p2a: Iron Valiant|Calm Mind|p2a: Iron Valiant\n|-boost|p2a: Iron Valiant|spa|1\n|-boost|p2a: Iron Valiant|spd|1\n|move|p1a: Milf|Draining Kiss|p2a: Iron Valiant\n|-damage|p2a: Iron Valiant|75\/100\n|-heal|p1a: Milf|100\/100|[from] drain|[of] p2a: Iron Valiant\n|\n|upkeep\n|turn|12\n|\n|t:|1698845390\n|move|p2a: Iron Valiant|Calm Mind|p2a: Iron Valiant\n|-boost|p2a: Iron Valiant|spa|1\n|-boost|p2a: Iron Valiant|spd|1\n|move|p1a: Milf|Encore|p2a: Iron Valiant\n|-start|p2a: Iron Valiant|Encore\n|\n|upkeep\n|turn|13\n|c|\u2606ateup|FUck\n|\n|t:|1698845395\n|switch|p1a: Big D (damage)|Zacian|100\/100\n|-ability|p1a: Big D (damage)|Intrepid Sword|boost\n|-boost|p1a: Big D (damage)|atk|1\n|move|p2a: Iron Valiant|Calm Mind|p2a: Iron Valiant\n|-boost|p2a: Iron Valiant|spa|1\n|-boost|p2a: Iron Valiant|spd|1\n|\n|upkeep\n|turn|14\n|\n|t:|1698845403\n|move|p2a: Iron Valiant|Calm Mind|p2a: Iron Valiant\n|-boost|p2a: Iron Valiant|spa|1\n|-boost|p2a: Iron Valiant|spd|1\n|move|p1a: Big D (damage)|Play Rough|p2a: Iron Valiant\n|-damage|p2a: Iron Valiant|0 fnt\n|faint|p2a: Iron Valiant\n|-end|p2a: Iron Valiant|Quark Drive|[silent]\n|\n|upkeep\n|\n|t:|1698845409\n|switch|p2a: Chi-Yu|Chi-Yu|100\/100\n|-ability|p2a: Chi-Yu|Beads of Ruin\n|turn|15\n|\n|t:|1698845416\n|move|p2a: Chi-Yu|Fire Blast|p1a: Big D (damage)\n|-crit|p1a: Big D (damage)\n|-damage|p1a: Big D (damage)|0 fnt\n|faint|p1a: Big D (damage)\n|\n|upkeep\n|\n|t:|1698845420\n|switch|p1a: Wet Horse|Palkia-Origin|76\/100\n|-ability|p1a: Wet Horse|Pressure\n|turn|16\n|c|\u2606ateup|THE RNG\n|\n|t:|1698845427\n|switch|p2a: Landorus|Landorus, M|100\/100\n|move|p1a: Wet Horse|Hydro Pump|p2a: Landorus\n|-supereffective|p2a: Landorus\n|-damage|p2a: Landorus|0 fnt\n|faint|p2a: Landorus\n|\n|upkeep\n|\n|t:|1698845429\n|switch|p2a: Chi-Yu|Chi-Yu|100\/100\n|-ability|p2a: Chi-Yu|Beads of Ruin\n|turn|17\n|inactive|ateup has 270 seconds left.\n|c|\u2606ateup|gg tho\n|\n|t:|1698845451\n|switch|p1a: Milf|Magearna|100\/100\n|move|p2a: Chi-Yu|Dark Pulse|p1a: Milf\n|-resisted|p1a: Milf\n|-damage|p1a: Milf|82\/100\n|\n|-heal|p1a: Milf|88\/100|[from] item: Leftovers\n|upkeep\n|turn|18\n|\n|t:|1698845458\n|move|p2a: Chi-Yu|Dark Pulse|p1a: Milf\n|-resisted|p1a: Milf\n|-damage|p1a: Milf|69\/100\n|cant|p1a: Milf|flinch\n|\n|-heal|p1a: Milf|75\/100|[from] item: Leftovers\n|upkeep\n|turn|19\n|\n|t:|1698845467\n|move|p2a: Chi-Yu|Dark Pulse|p1a: Milf\n|-resisted|p1a: Milf\n|-damage|p1a: Milf|55\/100\n|cant|p1a: Milf|flinch\n|\n|-heal|p1a: Milf|61\/100|[from] item: Leftovers\n|upkeep\n|turn|20\n|c|\u2606ateup|flinch hax\n|c|\u2606ateup|activate\n|c|\u2606wamkou|flinch hax\n|\n|t:|1698845475\n|move|p2a: Chi-Yu|Dark Pulse|p1a: Milf\n|-resisted|p1a: Milf\n|-damage|p1a: Milf|42\/100\n|move|p1a: Milf|Thunder Wave|p2a: Chi-Yu\n|-status|p2a: Chi-Yu|par\n|\n|-heal|p1a: Milf|48\/100|[from] item: Leftovers\n|upkeep\n|turn|21\n|c|\u2606ateup|why would u twave lol\n|\n|t:|1698845483\n|cant|p2a: Chi-Yu|par\n|move|p1a: Milf|Draining Kiss|p2a: Chi-Yu\n|-damage|p2a: Chi-Yu|76\/100 par\n|-heal|p1a: Milf|61\/100|[from] drain|[of] p2a: Chi-Yu\n|\n|-heal|p1a: Milf|67\/100|[from] item: Leftovers\n|upkeep\n|turn|22\n|\n|t:|1698845487\n|move|p2a: Chi-Yu|Dark Pulse|p1a: Milf\n|-resisted|p1a: Milf\n|-damage|p1a: Milf|48\/100\n|move|p1a: Milf|Draining Kiss|p2a: Chi-Yu\n|-damage|p2a: Chi-Yu|52\/100 par\n|-heal|p1a: Milf|60\/100|[from] drain|[of] p2a: Chi-Yu\n|\n|-heal|p1a: Milf|66\/100|[from] item: Leftovers\n|upkeep\n|turn|23\n|\n|t:|1698845494\n|move|p2a: Chi-Yu|Dark Pulse|p1a: Milf\n|-resisted|p1a: Milf\n|-damage|p1a: Milf|48\/100\n|move|p1a: Milf|Draining Kiss|p2a: Chi-Yu\n|-damage|p2a: Chi-Yu|28\/100 par\n|-heal|p1a: Milf|61\/100|[from] drain|[of] p2a: Chi-Yu\n|\n|-heal|p1a: Milf|67\/100|[from] item: Leftovers\n|upkeep\n|turn|24\n|c|\u2606ateup|just ohko me with palkia already\n|\n|t:|1698845505\n|cant|p2a: Chi-Yu|par\n|move|p1a: Milf|Spikes|p2a: Chi-Yu\n|-sidestart|p2: ateup|Spikes\n|\n|-heal|p1a: Milf|73\/100|[from] item: Leftovers\n|upkeep\n|turn|25\n|\n|t:|1698845509\n|move|p2a: Chi-Yu|Dark Pulse|p1a: Milf\n|-resisted|p1a: Milf\n|-crit|p1a: Milf\n|-damage|p1a: Milf|43\/100\n|move|p1a: Milf|Spikes|p2a: Chi-Yu\n|-sidestart|p2: ateup|Spikes\n|\n|-heal|p1a: Milf|49\/100|[from] item: Leftovers\n|upkeep\n|turn|26\n|c|\u2606ateup|this is just toxic\n|\n|t:|1698845516\n|switch|p1a: Wet Horse|Palkia-Origin|76\/100\n|-ability|p1a: Wet Horse|Pressure\n|move|p2a: Chi-Yu|Dark Pulse|p1a: Wet Horse\n|-damage|p1a: Wet Horse|15\/100\n|\n|upkeep\n|turn|27\n|\n|t:|1698845519\n|move|p1a: Wet Horse|Earth Power|p2a: Chi-Yu\n|-supereffective|p2a: Chi-Yu\n|-damage|p2a: Chi-Yu|0 fnt\n|faint|p2a: Chi-Yu\n|\n|win|wamkou\n|c|\u2606ateup|gg\n|c|\u2606ateup|ill uplaod vod\n|c|\u2606wamkou|gg\n","uploadtime":1698845528,"views":21,"p1id":"wamkou","p2id":"ateup","formatid":"gen9ubers","rating":0,"private":0,"password":""}