{"id":"gen9ubers-1993504159","p1":"Ogskive","p2":"Synergenesis","format":"[Gen 9] Ubers","log":"|j|\u2606Ogskive\n|j|\u2606Synergenesis\n|t:|1700325681\n|gametype|singles\n|player|p1|Ogskive|fisherman-gen4|\n|player|p2|Synergenesis|scientistf|\n|teamsize|p1|6\n|teamsize|p2|6\n|gen|9\n|tier|[Gen 9] Ubers\n|rule|Sleep Clause Mod: Limit one foe put to sleep\n|rule|Species Clause: Limit one of each Pok\u00e9mon\n|rule|OHKO Clause: OHKO moves are banned\n|rule|Evasion Items Clause: Evasion items are banned\n|rule|Evasion Moves Clause: Evasion moves are banned\n|rule|Endless Battle Clause: Forcing endless battles is banned\n|rule|HP Percentage Mod: HP is shown in percentages\n|clearpoke\n|poke|p1|Magcargo, F|\n|poke|p1|Tatsugiri, M|\n|poke|p1|Vivillon-Continental, M|\n|poke|p1|Chesnaught, F|\n|poke|p1|Quaquaval, F|\n|poke|p1|Mismagius, F|\n|poke|p2|Skeledirge, F|\n|poke|p2|Garganacl, F|\n|poke|p2|Gholdengo|\n|poke|p2|Dragonite, M|\n|poke|p2|Dondozo, M|\n|poke|p2|Noivern, F|\n|teampreview\n|inactive|Battle timer is ON: inactive players will automatically lose when time's up. (requested by Ogskive)\n|j| mbumbee\n|\n|t:|1700325709\n|start\n|switch|p1a: Denial|Mismagius, F|100\/100\n|switch|p2a: Gholdengo|Gholdengo|100\/100\n|turn|1\n|inactive|Synergenesis has 270 seconds left.\n|\n|t:|1700325745\n|-terastallize|p2a: Gholdengo|Water\n|move|p1a: Denial|Shadow Ball|p2a: Gholdengo\n|-damage|p2a: Gholdengo|73\/100\n|move|p2a: Gholdengo|Light Screen|p2a: Gholdengo\n|-sidestart|p2: Synergenesis|move: Light Screen\n|\n|upkeep\n|turn|2\n|inactive|Synergenesis has 270 seconds left.\n|\n|t:|1700325757\n|move|p1a: Denial|Shadow Ball|p2a: Gholdengo\n|-damage|p2a: Gholdengo|62\/100\n|move|p2a: Gholdengo|Thunder Wave|p1a: Denial\n|-status|p1a: Denial|par\n|\n|upkeep\n|turn|3\n|inactive|Synergenesis has 270 seconds left.\n|\n|t:|1700325776\n|move|p2a: Gholdengo|Memento|p1a: Denial\n|-unboost|p1a: Denial|atk|2\n|-unboost|p1a: Denial|spa|2\n|faint|p2a: Gholdengo\n|move|p1a: Denial|Shadow Ball|p2: Gholdengo|[notarget]\n|-fail|p1a: Denial\n|\n|upkeep\n|inactive|Synergenesis has 270 seconds left.\n|\n|t:|1700325786\n|switch|p2a: Dragonite|Dragonite, M, shiny|100\/100\n|turn|4\n|inactive|Synergenesis has 270 seconds left.\n|\n|t:|1700325793\n|move|p2a: Dragonite|Dragon Dance|p2a: Dragonite\n|-boost|p2a: Dragonite|atk|1\n|-boost|p2a: Dragonite|spe|1\n|move|p1a: Denial|Memento|p2a: Dragonite\n|-unboost|p2a: Dragonite|atk|2\n|-unboost|p2a: Dragonite|spa|2\n|faint|p1a: Denial\n|\n|upkeep\n|\n|t:|1700325800\n|switch|p1a: Anger|Magcargo, F|100\/100\n|-item|p1a: Anger|Air Balloon\n|turn|5\n|\n|t:|1700325805\n|move|p2a: Dragonite|Dragon Dance|p2a: Dragonite\n|-boost|p2a: Dragonite|atk|1\n|-boost|p2a: Dragonite|spe|1\n|move|p1a: Anger|Memento|p2a: Dragonite\n|-unboost|p2a: Dragonite|atk|2\n|-unboost|p2a: Dragonite|spa|2\n|faint|p1a: Anger\n|\n|-sideend|p2: Synergenesis|move: Light Screen\n|upkeep\n|\n|t:|1700325813\n|switch|p1a: Bargaining|Tatsugiri, M|100\/100\n|turn|6\n|\n|t:|1700325830\n|move|p2a: Dragonite|Dragon Dance|p2a: Dragonite\n|-boost|p2a: Dragonite|atk|1\n|-boost|p2a: Dragonite|spe|1\n|move|p1a: Bargaining|Icy Wind|p2a: Dragonite\n|-supereffective|p2a: Dragonite\n|-damage|p2a: Dragonite|69\/100\n|-unboost|p2a: Dragonite|spe|1\n|\n|upkeep\n|turn|7\n|\n|t:|1700325847\n|move|p2a: Dragonite|Scale Shot|p1a: Bargaining\n|-supereffective|p1a: Bargaining\n|-damage|p1a: Bargaining|79\/100\n|-supereffective|p1a: Bargaining\n|-damage|p1a: Bargaining|59\/100\n|-supereffective|p1a: Bargaining\n|-damage|p1a: Bargaining|40\/100\n|-supereffective|p1a: Bargaining\n|-damage|p1a: Bargaining|19\/100\n|-supereffective|p1a: Bargaining\n|-damage|p1a: Bargaining|0 fnt\n|faint|p1a: Bargaining\n|-hitcount|p1: Bargaining|5\n|-unboost|p2a: Dragonite|def|1\n|-boost|p2a: Dragonite|spe|1\n|\n|upkeep\n|\n|t:|1700325859\n|switch|p1a: Depression|Vivillon-Continental, M, shiny|100\/100\n|turn|8\n|inactive|Synergenesis has 270 seconds left.\n|\n|t:|1700325895\n|-terastallize|p1a: Depression|Fairy\n|move|p2a: Dragonite|Scale Shot|p1a: Depression\n|-immune|p1a: Depression\n|move|p1a: Depression|Iron Defense|p1a: Depression\n|-boost|p1a: Depression|def|2\n|\n|upkeep\n|turn|9\n|\n|t:|1700325918\n|move|p2a: Dragonite|Earthquake|p1a: Depression\n|-damage|p1a: Depression|79\/100\n|move|p1a: Depression|Quiver Dance|p1a: Depression\n|-boost|p1a: Depression|spa|1\n|-boost|p1a: Depression|spd|1\n|-boost|p1a: Depression|spe|1\n|\n|upkeep\n|turn|10\n|\n|t:|1700325928\n|move|p2a: Dragonite|Earthquake|p1a: Depression\n|-damage|p1a: Depression|58\/100\n|move|p1a: Depression|Quiver Dance|p1a: Depression\n|-boost|p1a: Depression|spa|1\n|-boost|p1a: Depression|spd|1\n|-boost|p1a: Depression|spe|1\n|\n|upkeep\n|turn|11\n|\n|t:|1700325934\n|move|p2a: Dragonite|Earthquake|p1a: Depression\n|-damage|p1a: Depression|38\/100\n|move|p1a: Depression|Draining Kiss|p2a: Dragonite\n|-supereffective|p2a: Dragonite\n|-crit|p2a: Dragonite\n|-damage|p2a: Dragonite|0 fnt\n|-heal|p1a: Depression|84\/100|[from] drain|[of] p2a: Dragonite\n|faint|p2a: Dragonite\n|\n|upkeep\n|\n|t:|1700325941\n|switch|p2a: Dondozo|Dondozo, M|100\/100\n|turn|12\n|\n|t:|1700325950\n|move|p1a: Depression|Air Slash|p2a: Dondozo\n|-damage|p2a: Dondozo|78\/100\n|move|p2a: Dondozo|Curse|p2a: Dondozo\n|-unboost|p2a: Dondozo|spe|1\n|-boost|p2a: Dondozo|atk|1\n|-boost|p2a: Dondozo|def|1\n|\n|upkeep\n|turn|13\n|\n|t:|1700325967\n|move|p1a: Depression|Air Slash|p2a: Dondozo\n|-damage|p2a: Dondozo|55\/100\n|move|p2a: Dondozo|Curse|p2a: Dondozo\n|-unboost|p2a: Dondozo|spe|1\n|-boost|p2a: Dondozo|atk|1\n|-boost|p2a: Dondozo|def|1\n|\n|upkeep\n|turn|14\n|\n|t:|1700325976\n|move|p1a: Depression|Air Slash|p2a: Dondozo\n|-damage|p2a: Dondozo|35\/100\n|move|p2a: Dondozo|Rest|p2a: Dondozo\n|-status|p2a: Dondozo|slp|[from] move: Rest\n|-heal|p2a: Dondozo|100\/100 slp|[silent]\n|-enditem|p2a: Dondozo|Chesto Berry|[eat]\n|-curestatus|p2a: Dondozo|slp|[msg]\n|\n|upkeep\n|turn|15\n|\n|t:|1700325984\n|move|p1a: Depression|Air Slash|p2a: Dondozo\n|-damage|p2a: Dondozo|79\/100\n|move|p2a: Dondozo|Liquidation|p1a: Depression\n|-damage|p1a: Depression|0 fnt\n|faint|p1a: Depression\n|\n|upkeep\n|\n|t:|1700325990\n|switch|p1a: Acceptance|Chesnaught, F|100\/100\n|turn|16\n|\n|t:|1700325999\n|move|p1a: Acceptance|Leech Seed|p2a: Dondozo\n|-start|p2a: Dondozo|move: Leech Seed\n|move|p2a: Dondozo|Curse|p2a: Dondozo\n|-unboost|p2a: Dondozo|spe|1\n|-boost|p2a: Dondozo|atk|1\n|-boost|p2a: Dondozo|def|1\n|\n|-damage|p2a: Dondozo|67\/100|[from] Leech Seed|[of] p1a: Acceptance\n|upkeep\n|turn|17\n|\n|t:|1700326008\n|move|p1a: Acceptance|Substitute|p1a: Acceptance\n|-start|p1a: Acceptance|Substitute\n|-damage|p1a: Acceptance|75\/100\n|move|p2a: Dondozo|Curse|p2a: Dondozo\n|-unboost|p2a: Dondozo|spe|1\n|-boost|p2a: Dondozo|atk|1\n|-boost|p2a: Dondozo|def|1\n|\n|-damage|p2a: Dondozo|54\/100|[from] Leech Seed|[of] p1a: Acceptance\n|-heal|p1a: Acceptance|92\/100|[silent]\n|upkeep\n|turn|18\n|\n|t:|1700326027\n|move|p1a: Acceptance|Drain Punch|p2a: Dondozo\n|-damage|p2a: Dondozo|49\/100\n|-heal|p1a: Acceptance|96\/100|[from] drain|[of] p2a: Dondozo\n|move|p2a: Dondozo|Rest|p2a: Dondozo\n|-status|p2a: Dondozo|slp|[from] move: Rest\n|-heal|p2a: Dondozo|100\/100 slp|[silent]\n|\n|-damage|p2a: Dondozo|88\/100 slp|[from] Leech Seed|[of] p1a: Acceptance\n|-heal|p1a: Acceptance|100\/100|[silent]\n|upkeep\n|turn|19\n|\n|t:|1700326038\n|move|p1a: Acceptance|Spiky Shield|p1a: Acceptance\n|-singleturn|p1a: Acceptance|move: Protect\n|cant|p2a: Dondozo|slp\n|move|p2a: Dondozo|Sleep Talk|p2a: Dondozo\n|move|p2a: Dondozo|Liquidation|p1a: Acceptance|[from]move: Sleep Talk\n|-activate|p1a: Acceptance|move: Protect\n|-damage|p2a: Dondozo|75\/100 slp|[from] Spiky Shield|[of] p1a: Acceptance\n|\n|-damage|p2a: Dondozo|63\/100 slp|[from] Leech Seed|[of] p1a: Acceptance\n|upkeep\n|turn|20\n|\n|t:|1700326048\n|move|p1a: Acceptance|Drain Punch|p2a: Dondozo\n|-damage|p2a: Dondozo|57\/100 slp\n|cant|p2a: Dondozo|slp\n|move|p2a: Dondozo|Sleep Talk|p2a: Dondozo\n|move|p2a: Dondozo|Rest||[from]move: Sleep Talk|[still]\n|-fail|p2a: Dondozo\n|\n|-damage|p2a: Dondozo|45\/100 slp|[from] Leech Seed|[of] p1a: Acceptance\n|upkeep\n|turn|21\n|\n|t:|1700326058\n|move|p1a: Acceptance|Drain Punch|p2a: Dondozo\n|-damage|p2a: Dondozo|39\/100 slp\n|-curestatus|p2a: Dondozo|slp|[msg]\n|move|p2a: Dondozo|Rest|p2a: Dondozo\n|-status|p2a: Dondozo|slp|[from] move: Rest\n|-heal|p2a: Dondozo|100\/100 slp|[silent]\n|\n|-damage|p2a: Dondozo|88\/100 slp|[from] Leech Seed|[of] p1a: Acceptance\n|upkeep\n|turn|22\n|\n|t:|1700326068\n|move|p1a: Acceptance|Spiky Shield|p1a: Acceptance\n|-singleturn|p1a: Acceptance|move: Protect\n|cant|p2a: Dondozo|slp\n|move|p2a: Dondozo|Sleep Talk|p2a: Dondozo\n|move|p2a: Dondozo|Curse|p2a: Dondozo|[from]move: Sleep Talk\n|-unboost|p2a: Dondozo|spe|1\n|-boost|p2a: Dondozo|atk|1\n|-boost|p2a: Dondozo|def|1\n|\n|-damage|p2a: Dondozo|75\/100 slp|[from] Leech Seed|[of] p1a: Acceptance\n|upkeep\n|turn|23\n|\n|t:|1700326081\n|move|p1a: Acceptance|Leech Seed||[still]\n|-fail|p1a: Acceptance\n|cant|p2a: Dondozo|slp\n|move|p2a: Dondozo|Sleep Talk|p2a: Dondozo\n|move|p2a: Dondozo|Liquidation|p1a: Acceptance|[from]move: Sleep Talk\n|-resisted|p1a: Acceptance\n|-end|p1a: Acceptance|Substitute\n|\n|-damage|p2a: Dondozo|63\/100 slp|[from] Leech Seed|[of] p1a: Acceptance\n|upkeep\n|turn|24\n|\n|t:|1700326096\n|move|p1a: Acceptance|Spiky Shield|p1a: Acceptance\n|-singleturn|p1a: Acceptance|move: Protect\n|-curestatus|p2a: Dondozo|slp|[msg]\n|move|p2a: Dondozo|Curse|p2a: Dondozo\n|-unboost|p2a: Dondozo|spe|1\n|-boost|p2a: Dondozo|atk|1\n|-boost|p2a: Dondozo|def|1\n|\n|-damage|p2a: Dondozo|50\/100|[from] Leech Seed|[of] p1a: Acceptance\n|upkeep\n|turn|25\n|\n|t:|1700326108\n|move|p1a: Acceptance|Substitute|p1a: Acceptance\n|-start|p1a: Acceptance|Substitute\n|-damage|p1a: Acceptance|75\/100\n|move|p2a: Dondozo|Liquidation|p1a: Acceptance\n|-resisted|p1a: Acceptance\n|-end|p1a: Acceptance|Substitute\n|\n|-damage|p2a: Dondozo|38\/100|[from] Leech Seed|[of] p1a: Acceptance\n|-heal|p1a: Acceptance|92\/100|[silent]\n|upkeep\n|turn|26\n|\n|t:|1700326116\n|move|p1a: Acceptance|Substitute|p1a: Acceptance\n|-start|p1a: Acceptance|Substitute\n|-damage|p1a: Acceptance|67\/100\n|move|p2a: Dondozo|Rest|p2a: Dondozo\n|-status|p2a: Dondozo|slp|[from] move: Rest\n|-heal|p2a: Dondozo|100\/100 slp|[silent]\n|\n|-damage|p2a: Dondozo|88\/100 slp|[from] Leech Seed|[of] p1a: Acceptance\n|-heal|p1a: Acceptance|84\/100|[silent]\n|upkeep\n|turn|27\n|\n|t:|1700326126\n|move|p1a: Acceptance|Spiky Shield|p1a: Acceptance\n|-singleturn|p1a: Acceptance|move: Protect\n|cant|p2a: Dondozo|slp\n|move|p2a: Dondozo|Sleep Talk|p2a: Dondozo\n|move|p2a: Dondozo|Liquidation|p1a: Acceptance|[from]move: Sleep Talk\n|-activate|p1a: Acceptance|move: Protect\n|-damage|p2a: Dondozo|75\/100 slp|[from] Spiky Shield|[of] p1a: Acceptance\n|\n|-damage|p2a: Dondozo|63\/100 slp|[from] Leech Seed|[of] p1a: Acceptance\n|-heal|p1a: Acceptance|99\/100|[silent]\n|upkeep\n|turn|28\n|j| FranklyFurious\n|j| Keil19\n|j| SpicyLandShrimp\n|\n|t:|1700326138\n|move|p1a: Acceptance|Leech Seed||[still]\n|-fail|p1a: Acceptance\n|cant|p2a: Dondozo|slp\n|move|p2a: Dondozo|Sleep Talk|p2a: Dondozo\n|move|p2a: Dondozo|Liquidation|p1a: Acceptance|[from]move: Sleep Talk\n|-resisted|p1a: Acceptance\n|-end|p1a: Acceptance|Substitute\n|\n|-damage|p2a: Dondozo|50\/100 slp|[from] Leech Seed|[of] p1a: Acceptance\n|-heal|p1a: Acceptance|100\/100|[silent]\n|upkeep\n|turn|29\n|\n|t:|1700326148\n|move|p1a: Acceptance|Spiky Shield|p1a: Acceptance\n|-singleturn|p1a: Acceptance|move: Protect\n|-curestatus|p2a: Dondozo|slp|[msg]\n|move|p2a: Dondozo|Liquidation|p1a: Acceptance\n|-activate|p1a: Acceptance|move: Protect\n|-damage|p2a: Dondozo|38\/100|[from] Spiky Shield|[of] p1a: Acceptance\n|\n|-damage|p2a: Dondozo|25\/100|[from] Leech Seed|[of] p1a: Acceptance\n|upkeep\n|turn|30\n|\n|t:|1700326157\n|move|p1a: Acceptance|Substitute|p1a: Acceptance\n|-start|p1a: Acceptance|Substitute\n|-damage|p1a: Acceptance|75\/100\n|move|p2a: Dondozo|Rest|p2a: Dondozo\n|-status|p2a: Dondozo|slp|[from] move: Rest\n|-heal|p2a: Dondozo|100\/100 slp|[silent]\n|\n|-damage|p2a: Dondozo|88\/100 slp|[from] Leech Seed|[of] p1a: Acceptance\n|-heal|p1a: Acceptance|92\/100|[silent]\n|upkeep\n|turn|31\n|\n|t:|1700326166\n|move|p1a: Acceptance|Spiky Shield|p1a: Acceptance\n|-singleturn|p1a: Acceptance|move: Protect\n|cant|p2a: Dondozo|slp\n|move|p2a: Dondozo|Sleep Talk|p2a: Dondozo\n|move|p2a: Dondozo|Liquidation|p1a: Acceptance|[from]move: Sleep Talk\n|-activate|p1a: Acceptance|move: Protect\n|-damage|p2a: Dondozo|75\/100 slp|[from] Spiky Shield|[of] p1a: Acceptance\n|\n|-damage|p2a: Dondozo|63\/100 slp|[from] Leech Seed|[of] p1a: Acceptance\n|-heal|p1a: Acceptance|100\/100|[silent]\n|upkeep\n|turn|32\n|\n|t:|1700326176\n|move|p1a: Acceptance|Leech Seed||[still]\n|-fail|p1a: Acceptance\n|cant|p2a: Dondozo|slp\n|move|p2a: Dondozo|Sleep Talk|p2a: Dondozo\n|move|p2a: Dondozo|Liquidation|p1a: Acceptance|[from]move: Sleep Talk\n|-resisted|p1a: Acceptance\n|-end|p1a: Acceptance|Substitute\n|\n|-damage|p2a: Dondozo|50\/100 slp|[from] Leech Seed|[of] p1a: Acceptance\n|upkeep\n|turn|33\n|\n|t:|1700326187\n|move|p1a: Acceptance|Substitute|p1a: Acceptance\n|-start|p1a: Acceptance|Substitute\n|-damage|p1a: Acceptance|75\/100\n|-curestatus|p2a: Dondozo|slp|[msg]\n|move|p2a: Dondozo|Liquidation|p1a: Acceptance\n|-resisted|p1a: Acceptance\n|-end|p1a: Acceptance|Substitute\n|\n|-damage|p2a: Dondozo|38\/100|[from] Leech Seed|[of] p1a: Acceptance\n|-heal|p1a: Acceptance|92\/100|[silent]\n|upkeep\n|turn|34\n|\n|t:|1700326207\n|move|p1a: Acceptance|Substitute|p1a: Acceptance\n|-start|p1a: Acceptance|Substitute\n|-damage|p1a: Acceptance|67\/100\n|move|p2a: Dondozo|Curse|p2a: Dondozo\n|\n|-damage|p2a: Dondozo|25\/100|[from] Leech Seed|[of] p1a: Acceptance\n|-heal|p1a: Acceptance|84\/100|[silent]\n|upkeep\n|turn|35\n|c| Keil19|we were gonna speedrun this tourny and be done b4 noon.......\n|\n|t:|1700326215\n|move|p1a: Acceptance|Drain Punch|p2a: Dondozo\n|-damage|p2a: Dondozo|21\/100\n|-heal|p1a: Acceptance|87\/100|[from] drain|[of] p2a: Dondozo\n|move|p2a: Dondozo|Rest|p2a: Dondozo\n|-status|p2a: Dondozo|slp|[from] move: Rest\n|-heal|p2a: Dondozo|100\/100 slp|[silent]\n|\n|-damage|p2a: Dondozo|88\/100 slp|[from] Leech Seed|[of] p1a: Acceptance\n|-heal|p1a: Acceptance|100\/100|[silent]\n|upkeep\n|turn|36\n|\n|t:|1700326225\n|move|p1a: Acceptance|Spiky Shield|p1a: Acceptance\n|-singleturn|p1a: Acceptance|move: Protect\n|cant|p2a: Dondozo|slp\n|move|p2a: Dondozo|Sleep Talk|p2a: Dondozo\n|move|p2a: Dondozo|Rest||[from]move: Sleep Talk|[still]\n|-fail|p2a: Dondozo\n|\n|-damage|p2a: Dondozo|75\/100 slp|[from] Leech Seed|[of] p1a: Acceptance\n|upkeep\n|turn|37\n|\n|t:|1700326236\n|move|p1a: Acceptance|Leech Seed||[still]\n|-fail|p1a: Acceptance\n|cant|p2a: Dondozo|slp\n|move|p2a: Dondozo|Sleep Talk|p2a: Dondozo\n|move|p2a: Dondozo|Rest||[from]move: Sleep Talk|[still]\n|-fail|p2a: Dondozo\n|\n|-damage|p2a: Dondozo|63\/100 slp|[from] Leech Seed|[of] p1a: Acceptance\n|upkeep\n|turn|38\n|\n|t:|1700326255\n|move|p1a: Acceptance|Leech Seed|p2a: Dondozo|[miss]\n|-miss|p1a: Acceptance|p2a: Dondozo\n|-curestatus|p2a: Dondozo|slp|[msg]\n|move|p2a: Dondozo|Curse|p2a: Dondozo\n|\n|-damage|p2a: Dondozo|50\/100|[from] Leech Seed|[of] p1a: Acceptance\n|upkeep\n|turn|39\n|\n|t:|1700326262\n|move|p1a: Acceptance|Spiky Shield|p1a: Acceptance\n|-singleturn|p1a: Acceptance|move: Protect\n|move|p2a: Dondozo|Liquidation|p1a: Acceptance\n|-activate|p1a: Acceptance|move: Protect\n|-damage|p2a: Dondozo|38\/100|[from] Spiky Shield|[of] p1a: Acceptance\n|\n|-damage|p2a: Dondozo|25\/100|[from] Leech Seed|[of] p1a: Acceptance\n|upkeep\n|turn|40\n|\n|t:|1700326270\n|move|p1a: Acceptance|Drain Punch|p2a: Dondozo\n|-damage|p2a: Dondozo|22\/100\n|move|p2a: Dondozo|Rest|p2a: Dondozo\n|-status|p2a: Dondozo|slp|[from] move: Rest\n|-heal|p2a: Dondozo|100\/100 slp|[silent]\n|\n|-damage|p2a: Dondozo|88\/100 slp|[from] Leech Seed|[of] p1a: Acceptance\n|upkeep\n|turn|41\n|\n|t:|1700326281\n|move|p1a: Acceptance|Spiky Shield|p1a: Acceptance\n|-singleturn|p1a: Acceptance|move: Protect\n|cant|p2a: Dondozo|slp\n|move|p2a: Dondozo|Sleep Talk|p2a: Dondozo\n|move|p2a: Dondozo|Curse|p2a: Dondozo|[from]move: Sleep Talk\n|\n|-damage|p2a: Dondozo|75\/100 slp|[from] Leech Seed|[of] p1a: Acceptance\n|upkeep\n|turn|42\n|\n|t:|1700326293\n|move|p1a: Acceptance|Leech Seed||[still]\n|-fail|p1a: Acceptance\n|cant|p2a: Dondozo|slp\n|move|p2a: Dondozo|Sleep Talk|p2a: Dondozo\n|move|p2a: Dondozo|Rest||[from]move: Sleep Talk|[still]\n|-fail|p2a: Dondozo\n|\n|-damage|p2a: Dondozo|63\/100 slp|[from] Leech Seed|[of] p1a: Acceptance\n|upkeep\n|turn|43\n|\n|t:|1700326303\n|move|p1a: Acceptance|Spiky Shield|p1a: Acceptance\n|-singleturn|p1a: Acceptance|move: Protect\n|-curestatus|p2a: Dondozo|slp|[msg]\n|move|p2a: Dondozo|Liquidation|p1a: Acceptance\n|-activate|p1a: Acceptance|move: Protect\n|-damage|p2a: Dondozo|50\/100|[from] Spiky Shield|[of] p1a: Acceptance\n|\n|-damage|p2a: Dondozo|38\/100|[from] Leech Seed|[of] p1a: Acceptance\n|upkeep\n|turn|44\n|\n|t:|1700326312\n|move|p1a: Acceptance|Drain Punch|p2a: Dondozo\n|-crit|p2a: Dondozo\n|-damage|p2a: Dondozo|13\/100\n|move|p2a: Dondozo|Rest|p2a: Dondozo\n|-status|p2a: Dondozo|slp|[from] move: Rest\n|-heal|p2a: Dondozo|100\/100 slp|[silent]\n|\n|-damage|p2a: Dondozo|88\/100 slp|[from] Leech Seed|[of] p1a: Acceptance\n|upkeep\n|turn|45\n|\n|t:|1700326323\n|move|p1a: Acceptance|Spiky Shield|p1a: Acceptance\n|-singleturn|p1a: Acceptance|move: Protect\n|cant|p2a: Dondozo|slp\n|move|p2a: Dondozo|Sleep Talk|p2a: Dondozo\n|move|p2a: Dondozo|Curse|p2a: Dondozo|[from]move: Sleep Talk\n|\n|-damage|p2a: Dondozo|75\/100 slp|[from] Leech Seed|[of] p1a: Acceptance\n|upkeep\n|turn|46\n|\n|t:|1700326334\n|move|p1a: Acceptance|Leech Seed||[still]\n|-fail|p1a: Acceptance\n|cant|p2a: Dondozo|slp\n|move|p2a: Dondozo|Sleep Talk|p2a: Dondozo\n|move|p2a: Dondozo|Liquidation|p1a: Acceptance|[from]move: Sleep Talk\n|-resisted|p1a: Acceptance\n|-end|p1a: Acceptance|Substitute\n|\n|-damage|p2a: Dondozo|63\/100 slp|[from] Leech Seed|[of] p1a: Acceptance\n|upkeep\n|turn|47\n|\n|t:|1700326346\n|move|p1a: Acceptance|Substitute|p1a: Acceptance\n|-start|p1a: Acceptance|Substitute\n|-damage|p1a: Acceptance|75\/100\n|-curestatus|p2a: Dondozo|slp|[msg]\n|move|p2a: Dondozo|Liquidation|p1a: Acceptance\n|-resisted|p1a: Acceptance\n|-end|p1a: Acceptance|Substitute\n|\n|-damage|p2a: Dondozo|50\/100|[from] Leech Seed|[of] p1a: Acceptance\n|-heal|p1a: Acceptance|92\/100|[silent]\n|upkeep\n|turn|48\n|\n|t:|1700326355\n|move|p1a: Acceptance|Spiky Shield|p1a: Acceptance\n|-singleturn|p1a: Acceptance|move: Protect\n|move|p2a: Dondozo|Liquidation|p1a: Acceptance\n|-activate|p1a: Acceptance|move: Protect\n|-damage|p2a: Dondozo|38\/100|[from] Spiky Shield|[of] p1a: Acceptance\n|\n|-damage|p2a: Dondozo|25\/100|[from] Leech Seed|[of] p1a: Acceptance\n|-heal|p1a: Acceptance|100\/100|[silent]\n|upkeep\n|turn|49\n|\n|t:|1700326363\n|move|p1a: Acceptance|Substitute|p1a: Acceptance\n|-start|p1a: Acceptance|Substitute\n|-damage|p1a: Acceptance|75\/100\n|move|p2a: Dondozo|Liquidation|p1a: Acceptance\n|-resisted|p1a: Acceptance\n|-end|p1a: Acceptance|Substitute\n|\n|-damage|p2a: Dondozo|13\/100|[from] Leech Seed|[of] p1a: Acceptance\n|-heal|p1a: Acceptance|92\/100|[silent]\n|upkeep\n|turn|50\n|\n|t:|1700326375\n|move|p1a: Acceptance|Substitute|p1a: Acceptance\n|-start|p1a: Acceptance|Substitute\n|-damage|p1a: Acceptance|67\/100\n|move|p2a: Dondozo|Curse|p2a: Dondozo\n|\n|-damage|p2a: Dondozo|0 fnt|[from] Leech Seed|[of] p1a: Acceptance\n|-heal|p1a: Acceptance|84\/100|[silent]\n|faint|p2a: Dondozo\n|upkeep\n|\n|t:|1700326383\n|switch|p2a: Noivern|Noivern, F|100\/100\n|turn|51\n|\n|t:|1700326387\n|move|p2a: Noivern|Boomburst|p1a: Acceptance\n|-damage|p1a: Acceptance|50\/100\n|-enditem|p2a: Noivern|Throat Spray\n|-boost|p2a: Noivern|spa|1|[from] item: Throat Spray\n|move|p1a: Acceptance|Leech Seed|p2a: Noivern\n|-start|p2a: Noivern|move: Leech Seed\n|\n|-damage|p2a: Noivern|88\/100|[from] Leech Seed|[of] p1a: Acceptance\n|-heal|p1a: Acceptance|60\/100|[silent]\n|upkeep\n|turn|52\n|\n|t:|1700326396\n|move|p2a: Noivern|Boomburst|p1a: Acceptance\n|-damage|p1a: Acceptance|15\/100\n|move|p1a: Acceptance|Drain Punch|p2a: Noivern\n|-resisted|p2a: Noivern\n|-damage|p2a: Noivern|70\/100\n|-heal|p1a: Acceptance|22\/100|[from] drain|[of] p2a: Noivern\n|\n|-damage|p2a: Noivern|58\/100|[from] Leech Seed|[of] p1a: Acceptance\n|-heal|p1a: Acceptance|32\/100|[silent]\n|upkeep\n|turn|53\n|\n|t:|1700326406\n|move|p1a: Acceptance|Spiky Shield|p1a: Acceptance\n|-singleturn|p1a: Acceptance|move: Protect\n|move|p2a: Noivern|Boomburst|p1a: Acceptance\n|-activate|p1a: Acceptance|move: Protect\n|\n|-damage|p2a: Noivern|45\/100|[from] Leech Seed|[of] p1a: Acceptance\n|-heal|p1a: Acceptance|43\/100|[silent]\n|upkeep\n|turn|54\n|\n|t:|1700326413\n|move|p1a: Acceptance|Spiky Shield|p1a: Acceptance\n|-singleturn|p1a: Acceptance|move: Protect\n|move|p2a: Noivern|Boomburst|p1a: Acceptance\n|-activate|p1a: Acceptance|move: Protect\n|\n|-damage|p2a: Noivern|33\/100|[from] Leech Seed|[of] p1a: Acceptance\n|-heal|p1a: Acceptance|53\/100|[silent]\n|upkeep\n|turn|55\n|\n|t:|1700326420\n|move|p2a: Noivern|Boomburst|p1a: Acceptance\n|-damage|p1a: Acceptance|8\/100\n|move|p1a: Acceptance|Drain Punch|p2a: Noivern\n|-resisted|p2a: Noivern\n|-damage|p2a: Noivern|14\/100\n|-heal|p1a: Acceptance|16\/100|[from] drain|[of] p2a: Noivern\n|\n|-damage|p2a: Noivern|1\/100|[from] Leech Seed|[of] p1a: Acceptance\n|-heal|p1a: Acceptance|26\/100|[silent]\n|upkeep\n|turn|56\n|\n|t:|1700326432\n|move|p1a: Acceptance|Spiky Shield|p1a: Acceptance\n|-singleturn|p1a: Acceptance|move: Protect\n|move|p2a: Noivern|Roost|p2a: Noivern\n|-heal|p2a: Noivern|51\/100\n|-singleturn|p2a: Noivern|move: Roost\n|\n|-damage|p2a: Noivern|39\/100|[from] Leech Seed|[of] p1a: Acceptance\n|-heal|p1a: Acceptance|36\/100|[silent]\n|upkeep\n|turn|57\n|\n|t:|1700326442\n|move|p1a: Acceptance|Spiky Shield|p1a: Acceptance\n|-singleturn|p1a: Acceptance|move: Protect\n|move|p2a: Noivern|Boomburst|p1a: Acceptance\n|-activate|p1a: Acceptance|move: Protect\n|\n|-damage|p2a: Noivern|26\/100|[from] Leech Seed|[of] p1a: Acceptance\n|-heal|p1a: Acceptance|47\/100|[silent]\n|upkeep\n|turn|58\n|\n|t:|1700326449\n|move|p2a: Noivern|Roost|p2a: Noivern\n|-heal|p2a: Noivern|76\/100\n|-singleturn|p2a: Noivern|move: Roost\n|move|p1a: Acceptance|Drain Punch|p2a: Noivern\n|-damage|p2a: Noivern|41\/100\n|-heal|p1a: Acceptance|61\/100|[from] drain|[of] p2a: Noivern\n|\n|-damage|p2a: Noivern|29\/100|[from] Leech Seed|[of] p1a: Acceptance\n|-heal|p1a: Acceptance|71\/100|[silent]\n|upkeep\n|turn|59\n|\n|t:|1700326463\n|move|p2a: Noivern|Roost|p2a: Noivern\n|-heal|p2a: Noivern|79\/100\n|-singleturn|p2a: Noivern|move: Roost\n|move|p1a: Acceptance|Drain Punch|p2a: Noivern\n|-damage|p2a: Noivern|42\/100\n|-heal|p1a: Acceptance|87\/100|[from] drain|[of] p2a: Noivern\n|\n|-damage|p2a: Noivern|29\/100|[from] Leech Seed|[of] p1a: Acceptance\n|-heal|p1a: Acceptance|97\/100|[silent]\n|upkeep\n|turn|60\n|\n|t:|1700326474\n|move|p2a: Noivern|Boomburst|p1a: Acceptance\n|-damage|p1a: Acceptance|47\/100\n|move|p1a: Acceptance|Drain Punch|p2a: Noivern\n|-resisted|p2a: Noivern\n|-damage|p2a: Noivern|10\/100\n|-heal|p1a: Acceptance|54\/100|[from] drain|[of] p2a: Noivern\n|\n|-damage|p2a: Noivern|0 fnt|[from] Leech Seed|[of] p1a: Acceptance\n|-heal|p1a: Acceptance|62\/100|[silent]\n|faint|p2a: Noivern\n|upkeep\n|\n|t:|1700326482\n|switch|p2a: Skeledirge|Skeledirge, F|100\/100\n|turn|61\n|\n|t:|1700326487\n|move|p2a: Skeledirge|Torch Song|p1a: Acceptance\n|-supereffective|p1a: Acceptance\n|-damage|p1a: Acceptance|0 fnt\n|-boost|p2a: Skeledirge|spa|1\n|faint|p1a: Acceptance\n|\n|upkeep\n|\n|t:|1700326493\n|switch|p1a: SAMBA!|Quaquaval, F, shiny|100\/100\n|turn|62\n|\n|t:|1700326503\n|move|p1a: SAMBA!|Aqua Step|p2a: Skeledirge\n|-supereffective|p2a: Skeledirge\n|-damage|p2a: Skeledirge|21\/100\n|-boost|p1a: SAMBA!|spe|1\n|move|p2a: Skeledirge|Shadow Ball|p1a: SAMBA!\n|-damage|p1a: SAMBA!|20\/100\n|-unboost|p1a: SAMBA!|spd|1\n|\n|-heal|p2a: Skeledirge|27\/100|[from] item: Leftovers\n|upkeep\n|turn|63\n|\n|t:|1700326514\n|move|p1a: SAMBA!|Aqua Step|p2a: Skeledirge\n|-supereffective|p2a: Skeledirge\n|-damage|p2a: Skeledirge|0 fnt\n|-boost|p1a: SAMBA!|spe|1\n|faint|p2a: Skeledirge\n|-ability|p1a: SAMBA!|Moxie|boost\n|-boost|p1a: SAMBA!|atk|1\n|\n|upkeep\n|\n|t:|1700326517\n|switch|p2a: Garganacl|Garganacl, F|100\/100\n|turn|64\n|\n|t:|1700326525\n|move|p1a: SAMBA!|Close Combat|p2a: Garganacl\n|-supereffective|p2a: Garganacl\n|-damage|p2a: Garganacl|0 fnt\n|-unboost|p1a: SAMBA!|def|1\n|-unboost|p1a: SAMBA!|spd|1\n|faint|p2a: Garganacl\n|\n|win|Ogskive\n|l| Keil19\n|l| SpicyLandShrimp\n","uploadtime":1700326545,"views":11,"p1id":"ogskive","p2id":"synergenesis","formatid":"gen9ubers","rating":0,"private":0,"password":""}