{"id":"gen9ubers-1975320445","p1":"Ampharoside","p2":"NEdgyman","format":"[Gen 9] Ubers","log":"|j|\u2606Ampharoside\n|j|\u2606NEdgyman\n|t:|1698179519\n|gametype|singles\n|player|p1|Ampharoside|lucas|\n|player|p2|NEdgyman|hanbei-conquest|\n|teamsize|p1|6\n|teamsize|p2|6\n|gen|9\n|tier|[Gen 9] Ubers\n|rule|Sleep Clause Mod: Limit one foe put to sleep\n|rule|Species Clause: Limit one of each Pok\u00e9mon\n|rule|OHKO Clause: OHKO moves are banned\n|rule|Evasion Items Clause: Evasion items are banned\n|rule|Evasion Moves Clause: Evasion moves are banned\n|rule|Endless Battle Clause: Forcing endless battles is banned\n|rule|HP Percentage Mod: HP is shown in percentages\n|clearpoke\n|poke|p1|Baxcalibur, F|\n|poke|p1|Camerupt, M|\n|poke|p1|Enamorus-Therian, F|\n|poke|p1|Slowking-Galar, M|\n|poke|p1|Quaquaval, F|\n|poke|p1|Persian-Alola, F|\n|poke|p2|Annihilape, M|\n|poke|p2|Glimmora, F|\n|poke|p2|Ribombee, M|\n|poke|p2|Jolteon, F|\n|poke|p2|Typhlosion, F|\n|poke|p2|Cryogonal|\n|teampreview\n|c|\u2606NEdgyman|glhf\n|c|\u2606Ampharoside|u 2\n|\n|t:|1698179573\n|start\n|switch|p1a: Slowking|Slowking-Galar, M|100\/100\n|switch|p2a: Take Wing|Ribombee, M|100\/100\n|turn|1\n|\n|t:|1698179578\n|move|p2a: Take Wing|Sticky Web|p1a: Slowking\n|-sidestart|p1: Ampharoside|move: Sticky Web\n|move|p1a: Slowking|Future Sight|p2a: Take Wing\n|-start|p1a: Slowking|move: Future Sight\n|\n|upkeep\n|turn|2\n|\n|t:|1698179587\n|move|p2a: Take Wing|U-turn|p1a: Slowking\n|-damage|p1a: Slowking|91\/100\n|\n|t:|1698179597\n|switch|p2a: Jr. Crocker|Jolteon, F|100\/100|[from] U-turn\n|move|p1a: Slowking|Sludge Bomb|p2a: Jr. Crocker\n|-damage|p2a: Jr. Crocker|61\/100\n|-status|p2a: Jr. Crocker|psn\n|\n|-damage|p2a: Jr. Crocker|48\/100 psn|[from] psn\n|upkeep\n|turn|3\n|\n|t:|1698179605\n|move|p2a: Jr. Crocker|Volt Switch|p1a: Slowking\n|-damage|p1a: Slowking|62\/100\n|\n|t:|1698179610\n|switch|p2a: Falcom Fanbase|Glimmora, F|100\/100|[from] Volt Switch\n|move|p1a: Slowking|Chilly Reception|p1a: Slowking\n|-weather|Snow\n|\n|t:|1698179616\n|switch|p1a: Quaquaval|Quaquaval, F|100\/100|[from] Chilly Reception\n|\n|-weather|Snow|[upkeep]\n|-end|p2a: Falcom Fanbase|move: Future Sight\n|-supereffective|p2a: Falcom Fanbase\n|-damage|p2a: Falcom Fanbase|21\/100\n|-heal|p2a: Falcom Fanbase|27\/100|[from] item: Black Sludge\n|upkeep\n|turn|4\n|j| jksm\n|c|\u2606NEdgyman|im throwing\n|c|\u2606NEdgyman|i thought it was more turns tham that\n|c| jksm|its turn 3 calm down lol\n|\n|t:|1698179665\n|switch|p2a: Howler Monkey|Annihilape, M, shiny|100\/100\n|move|p1a: Quaquaval|Flip Turn|p2a: Howler Monkey\n|-damage|p2a: Howler Monkey|61\/100\n|\n|t:|1698179674\n|switch|p1a: Enamorus|Enamorus-Therian, F|100\/100|[from] Flip Turn\n|\n|-weather|Snow|[upkeep]\n|-heal|p2a: Howler Monkey|67\/100|[from] item: Leftovers\n|upkeep\n|turn|5\n|\n|t:|1698179692\n|switch|p2a: Falcom Fanbase|Glimmora, F|27\/100\n|move|p1a: Enamorus|Moonblast|p2a: Falcom Fanbase\n|-resisted|p2a: Falcom Fanbase\n|-damage|p2a: Falcom Fanbase|0 fnt\n|faint|p2a: Falcom Fanbase\n|-damage|p1a: Enamorus|91\/100|[from] item: Life Orb\n|\n|-weather|Snow|[upkeep]\n|upkeep\n|\n|t:|1698179698\n|switch|p2a: Special Snowflake|Cryogonal|100\/100\n|turn|6\n|\n|t:|1698179701\n|switch|p1a: Slowking|Slowking-Galar, M|95\/100\n|-activate|p1a: Slowking|move: Sticky Web\n|-unboost|p1a: Slowking|spe|1\n|move|p2a: Special Snowflake|Aurora Veil|p2a: Special Snowflake\n|-sidestart|p2: NEdgyman|move: Aurora Veil\n|\n|-weather|Snow|[upkeep]\n|upkeep\n|turn|7\n|\n|t:|1698179713\n|switch|p2a: Take Wing|Ribombee, M|100\/100\n|move|p1a: Slowking|Toxic|p2a: Take Wing\n|-status|p2a: Take Wing|tox\n|\n|-weather|none\n|-damage|p2a: Take Wing|94\/100 tox|[from] psn\n|upkeep\n|turn|8\n|\n|t:|1698179720\n|-terastallize|p2a: Take Wing|Ground\n|move|p2a: Take Wing|Tera Blast|p1a: Slowking|[anim] Tera Blast Ground\n|-supereffective|p1a: Slowking\n|-crit|p1a: Slowking\n|-damage|p1a: Slowking|6\/100\n|move|p1a: Slowking|Future Sight|p2a: Take Wing\n|-start|p1a: Slowking|move: Future Sight\n|\n|-damage|p2a: Take Wing|82\/100 tox|[from] psn\n|upkeep\n|turn|9\n|\n|t:|1698179729\n|switch|p1a: Camerupt|Camerupt, M|100\/100\n|-activate|p1a: Camerupt|move: Sticky Web\n|-unboost|p1a: Camerupt|spe|1\n|move|p2a: Take Wing|Moonblast|p1a: Camerupt\n|-resisted|p1a: Camerupt\n|-damage|p1a: Camerupt|80\/100\n|-unboost|p1a: Camerupt|spa|1\n|\n|-heal|p1a: Camerupt|86\/100|[from] item: Leftovers\n|-damage|p2a: Take Wing|63\/100 tox|[from] psn\n|upkeep\n|turn|10\n|\n|t:|1698179737\n|-terastallize|p1a: Camerupt|Grass\n|move|p2a: Take Wing|U-turn|p1a: Camerupt\n|-supereffective|p1a: Camerupt\n|-damage|p1a: Camerupt|58\/100\n|\n|t:|1698179747\n|switch|p2a: Howler Monkey|Annihilape, M, shiny|67\/100|[from] U-turn\n|move|p1a: Camerupt|Stealth Rock|p2a: Howler Monkey\n|-sidestart|p2: NEdgyman|move: Stealth Rock\n|\n|-end|p2a: Howler Monkey|move: Future Sight\n|-supereffective|p2a: Howler Monkey\n|-damage|p2a: Howler Monkey|18\/100\n|-heal|p2a: Howler Monkey|24\/100|[from] item: Leftovers\n|-heal|p1a: Camerupt|64\/100|[from] item: Leftovers\n|upkeep\n|turn|11\n|\n|t:|1698179756\n|move|p2a: Howler Monkey|Drain Punch|p1a: Camerupt\n|-crit|p1a: Camerupt\n|-damage|p1a: Camerupt|0 fnt\n|-heal|p2a: Howler Monkey|54\/100|[from] drain|[of] p1a: Camerupt\n|faint|p1a: Camerupt\n|\n|-heal|p2a: Howler Monkey|60\/100|[from] item: Leftovers\n|upkeep\n|\n|t:|1698179767\n|switch|p1a: Enamorus|Enamorus-Therian, F|91\/100\n|turn|12\n|\n|t:|1698179770\n|move|p2a: Howler Monkey|U-turn|p1a: Enamorus\n|-resisted|p1a: Enamorus\n|-damage|p1a: Enamorus|85\/100\n|\n|t:|1698179780\n|switch|p2a: Jr. Crocker|Jolteon, F|48\/100 psn|[from] U-turn\n|move|p1a: Enamorus|Moonblast|p2a: Jr. Crocker\n|-damage|p2a: Jr. Crocker|6\/100 psn\n|-unboost|p2a: Jr. Crocker|spa|1\n|-damage|p1a: Enamorus|75\/100|[from] item: Life Orb\n|\n|-damage|p2a: Jr. Crocker|0 fnt|[from] psn\n|faint|p2a: Jr. Crocker\n|upkeep\n|\n|t:|1698179796\n|switch|p2a: Special Snowflake|Cryogonal|100\/100\n|-damage|p2a: Special Snowflake|76\/100|[from] Stealth Rock\n|turn|13\n|j| TheJuicyJake\n|\n|t:|1698179805\n|switch|p1a: Baxcalibur|Baxcalibur, F|100\/100\n|-activate|p1a: Baxcalibur|move: Sticky Web\n|-unboost|p1a: Baxcalibur|spe|1\n|move|p2a: Special Snowflake|Rapid Spin|p1a: Baxcalibur\n|-damage|p1a: Baxcalibur|94\/100\n|-boost|p2a: Special Snowflake|spe|1\n|-sideend|p2: NEdgyman|Stealth Rock|[from] move: Rapid Spin|[of] p2a: Special Snowflake\n|\n|-sideend|p2: NEdgyman|move: Aurora Veil\n|upkeep\n|turn|14\n|\n|t:|1698179816\n|move|p2a: Special Snowflake|Explosion|p1a: Baxcalibur\n|-damage|p1a: Baxcalibur|67\/100\n|faint|p2a: Special Snowflake\n|move|p1a: Baxcalibur|Dragon Dance|p1a: Baxcalibur\n|-boost|p1a: Baxcalibur|atk|1\n|-boost|p1a: Baxcalibur|spe|1\n|\n|upkeep\n|\n|t:|1698179821\n|switch|p2a: RISK RISK RISK!|Typhlosion, F|100\/100\n|turn|15\n|\n|t:|1698179827\n|switch|p1a: Quaquaval|Quaquaval, F|100\/100\n|move|p2a: RISK RISK RISK!|Eruption|p1a: Quaquaval\n|-resisted|p1a: Quaquaval\n|-damage|p1a: Quaquaval|61\/100\n|\n|upkeep\n|turn|16\n|\n|t:|1698179832\n|switch|p2a: Take Wing|Ribombee, M, tera:Ground|63\/100 tox\n|move|p1a: Quaquaval|Rapid Spin|p2a: Take Wing\n|-damage|p2a: Take Wing|28\/100 tox\n|-boost|p1a: Quaquaval|spe|1\n|-sideend|p1: Ampharoside|Sticky Web|[from] move: Rapid Spin|[of] p1a: Quaquaval\n|\n|-damage|p2a: Take Wing|22\/100 tox|[from] psn\n|upkeep\n|turn|17\n|\n|t:|1698179851\n|switch|p2a: Howler Monkey|Annihilape, M, shiny|60\/100\n|move|p1a: Quaquaval|Rapid Spin|p2a: Howler Monkey\n|-immune|p2a: Howler Monkey\n|\n|-heal|p2a: Howler Monkey|66\/100|[from] item: Leftovers\n|upkeep\n|turn|18\n|\n|t:|1698179858\n|move|p1a: Quaquaval|Brave Bird|p2a: Howler Monkey\n|-supereffective|p2a: Howler Monkey\n|-damage|p2a: Howler Monkey|0 fnt\n|faint|p2a: Howler Monkey\n|-ability|p1a: Quaquaval|Moxie|boost\n|-boost|p1a: Quaquaval|atk|1\n|-damage|p1a: Quaquaval|38\/100|[from] Recoil\n|\n|upkeep\n|\n|t:|1698179866\n|switch|p2a: RISK RISK RISK!|Typhlosion, F|100\/100\n|turn|19\n|\n|t:|1698179879\n|move|p2a: RISK RISK RISK!|Eruption|p1a: Quaquaval\n|-resisted|p1a: Quaquaval\n|-crit|p1a: Quaquaval\n|-damage|p1a: Quaquaval|0 fnt\n|faint|p1a: Quaquaval\n|\n|upkeep\n|c| TheJuicyJake|that crit sucks lol\n|c|\u2606NEdgyman|i still think i threw\n|c| TheJuicyJake|yeah prolly\n|c|\u2606NEdgyman|horrible first turns\n|c| TheJuicyJake|lol just play better from here on\n|\n|t:|1698179942\n|switch|p1a: Persian|Persian-Alola, F|100\/100\n|turn|20\n|\n|t:|1698179945\n|move|p2a: RISK RISK RISK!|Eruption|p1a: Persian\n|-crit|p1a: Persian\n|-damage|p1a: Persian|0 fnt\n|faint|p1a: Persian\n|\n|upkeep\n|\n|t:|1698179950\n|switch|p1a: Slowking|Slowking-Galar, M|39\/100\n|turn|21\n|c|\u2606NEdgyman|oh wow\n|c|\u2606NEdgyman|that crit prob mattered\n|\n|t:|1698179962\n|switch|p1a: Baxcalibur|Baxcalibur, F|67\/100\n|move|p2a: RISK RISK RISK!|Eruption|p1a: Baxcalibur\n|-damage|p1a: Baxcalibur|0 fnt\n|faint|p1a: Baxcalibur\n|\n|upkeep\n|\n|t:|1698179967\n|switch|p1a: Slowking|Slowking-Galar, M|72\/100\n|turn|22\n|\n|t:|1698179970\n|move|p2a: RISK RISK RISK!|Eruption|p1a: Slowking\n|-damage|p1a: Slowking|15\/100\n|move|p1a: Slowking|Sludge Bomb|p2a: RISK RISK RISK!\n|-damage|p2a: RISK RISK RISK!|60\/100\n|\n|upkeep\n|turn|23\n|\n|t:|1698179974\n|switch|p1a: Enamorus|Enamorus-Therian, F|75\/100\n|move|p2a: RISK RISK RISK!|Eruption|p1a: Enamorus\n|-crit|p1a: Enamorus\n|-damage|p1a: Enamorus|1\/100\n|\n|upkeep\n|turn|24\n|\n|t:|1698179979\n|move|p2a: RISK RISK RISK!|Eruption|p1a: Enamorus\n|-damage|p1a: Enamorus|0 fnt\n|faint|p1a: Enamorus\n|\n|upkeep\n|\n|t:|1698179981\n|switch|p1a: Slowking|Slowking-Galar, M|49\/100\n|turn|25\n|c|\u2606NEdgyman|how\n|-message|Ampharoside forfeited.\n|\n|win|NEdgyman\n|c|\u2606Ampharoside|gg\n|c|\u2606NEdgyman|gg\n|c|\u2606NEdgyman|i love crits\n|l| jksm\n|c|\u2606NEdgyman|pray to rngsus\n","uploadtime":1698180012,"views":34,"p1id":"ampharoside","p2id":"nedgyman","formatid":"gen9ubers","rating":0,"private":0,"password":""}