{"id":"gen9ubers-1982006978","p1":"85792195wwww","p2":"bladedancer99","format":"[Gen 9] Ubers","log":"|j|\u203d85792195wwww\n|j|\u2606bladedancer99\n|t:|1698959064\n|gametype|singles\n|player|p1|85792195wwww|102|1452\n|player|p2|bladedancer99|ethan|1406\n|teamsize|p1|6\n|teamsize|p2|6\n|gen|9\n|tier|[Gen 9] Ubers\n|rated|\n|rule|Sleep Clause Mod: Limit one foe put to sleep\n|rule|Species Clause: Limit one of each Pok\u00e9mon\n|rule|OHKO Clause: OHKO moves are banned\n|rule|Evasion Items Clause: Evasion items are banned\n|rule|Evasion Moves Clause: Evasion moves are banned\n|rule|Endless Battle Clause: Forcing endless battles is banned\n|rule|HP Percentage Mod: HP is shown in percentages\n|clearpoke\n|poke|p1|Kyogre|\n|poke|p1|Zacian-*|\n|poke|p1|Arceus|\n|poke|p1|Annihilape, M|\n|poke|p1|Koraidon|\n|poke|p1|Ursaluna, F|\n|poke|p2|Greninja-*, M|\n|poke|p2|Torterra, F|\n|poke|p2|Masquerain, F|\n|poke|p2|Flutter Mane|\n|poke|p2|Roaring Moon|\n|poke|p2|Grimmsnarl, M|\n|teampreview\n|\n|t:|1698959076\n|start\n|switch|p1a: Koraidon|Koraidon|100\/100\n|switch|p2a: Masquerain|Masquerain, F|100\/100\n|-weather|SunnyDay|[from] ability: Orichalcum Pulse|[of] p1a: Koraidon\n|-activate|p1a: Koraidon|Orichalcum Pulse|[source]\n|-ability|p2a: Masquerain|Intimidate|boost\n|-unboost|p1a: Koraidon|atk|1\n|turn|1\n|\n|t:|1698959088\n|move|p1a: Koraidon|Dual Wingbeat|p2a: Masquerain\n|-supereffective|p2a: Masquerain\n|-damage|p2a: Masquerain|42\/100\n|-supereffective|p2a: Masquerain\n|-damage|p2a: Masquerain|0 fnt\n|faint|p2a: Masquerain\n|-hitcount|p2: Masquerain|2\n|-damage|p1a: Koraidon|91\/100|[from] item: Life Orb\n|\n|-weather|SunnyDay|[upkeep]\n|upkeep\n|\n|t:|1698959092\n|switch|p2a: Grimmsnarl|Grimmsnarl, M|100\/100\n|turn|2\n|\n|t:|1698959104\n|move|p2a: Grimmsnarl|Reflect|p2a: Grimmsnarl\n|-sidestart|p2: bladedancer99|Reflect\n|move|p1a: Koraidon|Swords Dance|p1a: Koraidon\n|-boost|p1a: Koraidon|atk|2\n|\n|-weather|SunnyDay|[upkeep]\n|upkeep\n|turn|3\n|\n|t:|1698959112\n|move|p2a: Grimmsnarl|Thunder Wave|p1a: Koraidon\n|-status|p1a: Koraidon|par\n|cant|p1a: Koraidon|par\n|\n|-weather|SunnyDay|[upkeep]\n|upkeep\n|turn|4\n|\n|t:|1698959120\n|move|p1a: Koraidon|Close Combat|p2a: Grimmsnarl\n|-damage|p2a: Grimmsnarl|0 fnt\n|-unboost|p1a: Koraidon|def|1\n|-unboost|p1a: Koraidon|spd|1\n|faint|p2a: Grimmsnarl\n|-damage|p1a: Koraidon|81\/100 par|[from] item: Life Orb\n|\n|-weather|SunnyDay|[upkeep]\n|upkeep\n|\n|t:|1698959125\n|switch|p2a: Roaring Moon|Roaring Moon|100\/100\n|-activate|p2a: Roaring Moon|ability: Protosynthesis\n|-start|p2a: Roaring Moon|protosynthesisatk\n|turn|5\n|\n|t:|1698959136\n|-terastallize|p2a: Roaring Moon|Flying\n|move|p2a: Roaring Moon|Dragon Dance|p2a: Roaring Moon\n|-boost|p2a: Roaring Moon|atk|1\n|-boost|p2a: Roaring Moon|spe|1\n|move|p1a: Koraidon|Scale Shot|p2a: Roaring Moon\n|-damage|p2a: Roaring Moon|77\/100\n|-damage|p2a: Roaring Moon|53\/100\n|-damage|p2a: Roaring Moon|32\/100\n|-damage|p2a: Roaring Moon|8\/100\n|-damage|p2a: Roaring Moon|0 fnt\n|faint|p2a: Roaring Moon\n|-end|p2a: Roaring Moon|Protosynthesis|[silent]\n|-hitcount|p2: Roaring Moon|5\n|-unboost|p1a: Koraidon|def|1\n|-boost|p1a: Koraidon|spe|1\n|-damage|p1a: Koraidon|71\/100 par|[from] item: Life Orb\n|\n|-weather|none\n|upkeep\n|\n|t:|1698959147\n|switch|p2a: Greninja|Greninja, M|100\/100\n|turn|6\n|\n|t:|1698959165\n|move|p2a: Greninja|Ice Beam|p1a: Koraidon\n|-supereffective|p1a: Koraidon\n|-damage|p1a: Koraidon|0 fnt\n|faint|p1a: Koraidon\n|-ability|p2a: Greninja|Battle Bond|boost\n|-boost|p2a: Greninja|atk|1\n|-boost|p2a: Greninja|spa|1\n|-boost|p2a: Greninja|spe|1\n|-activate|p2a: Greninja|ability: Battle Bond\n|-damage|p2a: Greninja|91\/100|[from] item: Life Orb\n|\n|upkeep\n|\n|t:|1698959175\n|switch|p1a: Annihilape|Annihilape, M|100\/100\n|turn|7\n|\n|t:|1698959179\n|move|p2a: Greninja|Extrasensory|p1a: Annihilape\n|-supereffective|p1a: Annihilape\n|-enditem|p1a: Annihilape|Focus Sash\n|-damage|p1a: Annihilape|1\/100\n|-damage|p2a: Greninja|81\/100|[from] item: Life Orb\n|move|p1a: Annihilape|Stealth Rock|p2a: Greninja\n|-sidestart|p2: bladedancer99|move: Stealth Rock\n|\n|upkeep\n|turn|8\n|\n|t:|1698959188\n|move|p2a: Greninja|Extrasensory|p1a: Annihilape\n|-supereffective|p1a: Annihilape\n|-damage|p1a: Annihilape|0 fnt\n|faint|p1a: Annihilape\n|-damage|p2a: Greninja|71\/100|[from] item: Life Orb\n|\n|upkeep\n|\n|t:|1698959200\n|switch|p1a: Kyogre|Kyogre|100\/100\n|-weather|RainDance|[from] ability: Drizzle|[of] p1a: Kyogre\n|turn|9\n|\n|t:|1698959214\n|switch|p1a: Ursaluna|Ursaluna, F|100\/100\n|move|p2a: Greninja|Dark Pulse|p1a: Ursaluna\n|-damage|p1a: Ursaluna|36\/100\n|-damage|p2a: Greninja|61\/100|[from] item: Life Orb\n|\n|-weather|RainDance|[upkeep]\n|-sideend|p2: bladedancer99|Reflect\n|-status|p1a: Ursaluna|brn|[from] item: Flame Orb\n|upkeep\n|turn|10\n|\n|t:|1698959225\n|move|p2a: Greninja|Surf|p1a: Ursaluna\n|-supereffective|p1a: Ursaluna\n|-damage|p1a: Ursaluna|0 fnt\n|faint|p1a: Ursaluna\n|-damage|p2a: Greninja|51\/100|[from] item: Life Orb\n|\n|-weather|RainDance|[upkeep]\n|upkeep\n|\n|t:|1698959233\n|switch|p1a: Arceus|Arceus|100\/100\n|turn|11\n|\n|t:|1698959237\n|move|p1a: Arceus|Extreme Speed|p2a: Greninja\n|-damage|p2a: Greninja|0 fnt\n|faint|p2a: Greninja\n|-damage|p1a: Arceus|91\/100|[from] item: Life Orb\n|\n|-weather|RainDance|[upkeep]\n|upkeep\n|\n|t:|1698959240\n|switch|p2a: Torterra|Torterra, F|100\/100\n|-damage|p2a: Torterra|94\/100|[from] Stealth Rock\n|turn|12\n|\n|t:|1698959249\n|move|p1a: Arceus|Swords Dance|p1a: Arceus\n|-boost|p1a: Arceus|atk|2\n|move|p2a: Torterra|Shell Smash|p2a: Torterra\n|-unboost|p2a: Torterra|def|1\n|-unboost|p2a: Torterra|spd|1\n|-boost|p2a: Torterra|atk|2\n|-boost|p2a: Torterra|spa|2\n|-boost|p2a: Torterra|spe|2\n|-enditem|p2a: Torterra|White Herb\n|-clearnegativeboost|p2a: Torterra|[silent]\n|\n|-weather|RainDance|[upkeep]\n|upkeep\n|turn|13\n|\n|t:|1698959261\n|-terastallize|p1a: Arceus|Normal\n|move|p1a: Arceus|Extreme Speed|p2a: Torterra\n|-damage|p2a: Torterra|0 fnt\n|faint|p2a: Torterra\n|-damage|p1a: Arceus|81\/100|[from] item: Life Orb\n|\n|-weather|none\n|upkeep\n|\n|t:|1698959268\n|switch|p2a: Flutter Mane|Flutter Mane|100\/100\n|-damage|p2a: Flutter Mane|88\/100|[from] Stealth Rock\n|-enditem|p2a: Flutter Mane|Booster Energy\n|-activate|p2a: Flutter Mane|ability: Protosynthesis|[fromitem]\n|-start|p2a: Flutter Mane|protosynthesisspa\n|turn|14\n|\n|t:|1698959275\n|move|p2a: Flutter Mane|Moonblast|p1a: Arceus\n|-damage|p1a: Arceus|22\/100\n|move|p1a: Arceus|Shadow Claw|p2a: Flutter Mane\n|-supereffective|p2a: Flutter Mane\n|-damage|p2a: Flutter Mane|0 fnt\n|faint|p2a: Flutter Mane\n|-end|p2a: Flutter Mane|Protosynthesis|[silent]\n|-damage|p1a: Arceus|12\/100|[from] item: Life Orb\n|\n|win|85792195wwww\n|raw|85792195wwww's rating: 1452 &rarr; <strong>1469<\/strong><br \/>(+17 for winning)\n|raw|bladedancer99's rating: 1406 &rarr; <strong>1389<\/strong><br \/>(-17 for losing)\n|l|\u2606bladedancer99\n","uploadtime":1698959289,"views":6,"p1id":"85792195wwww","p2id":"bladedancer99","formatid":"gen9ubers","rating":1389,"private":0,"password":""}