{"id":"gen9ubers-1981852136","p1":"SmiCat","p2":"RudyFo0x","format":"[Gen 9] Ubers","log":"|j|\u2606SmiCat\n|j|\u2606RudyFo0x\n|t:|1698946473\n|gametype|singles\n|player|p1|SmiCat|102|\n|player|p2|RudyFo0x|169|\n|teamsize|p1|6\n|teamsize|p2|6\n|gen|9\n|tier|[Gen 9] Ubers\n|rule|Sleep Clause Mod: Limit one foe put to sleep\n|rule|Species Clause: Limit one of each Pok\u00e9mon\n|rule|OHKO Clause: OHKO moves are banned\n|rule|Evasion Items Clause: Evasion items are banned\n|rule|Evasion Moves Clause: Evasion moves are banned\n|rule|Endless Battle Clause: Forcing endless battles is banned\n|rule|HP Percentage Mod: HP is shown in percentages\n|clearpoke\n|poke|p1|Iron Moth|\n|poke|p1|Rotom-Wash|\n|poke|p1|Ursaluna, M|\n|poke|p1|Lilligant-Hisui, F|\n|poke|p1|Corviknight, M|\n|poke|p1|Farigiraf, F|\n|poke|p2|Roaring Moon|\n|poke|p2|Basculegion, M|\n|poke|p2|Torkoal, M|\n|poke|p2|Great Tusk|\n|poke|p2|Bronzong|\n|poke|p2|Thundurus, M|\n|teampreview\n|j| thesunthesunthesun\n|j| coldgiga\n|\n|t:|1698946528\n|start\n|switch|p1a: Speedy delivery|Iron Moth|100\/100\n|switch|p2a: Torkoal|Torkoal, M|100\/100\n|-weather|SunnyDay|[from] ability: Drought|[of] p2a: Torkoal\n|-enditem|p1a: Speedy delivery|Booster Energy\n|-activate|p1a: Speedy delivery|ability: Quark Drive|[fromitem]\n|-start|p1a: Speedy delivery|quarkdrivespa\n|turn|1\n|\n|t:|1698946563\n|move|p1a: Speedy delivery|Fiery Dance|p2a: Torkoal\n|-resisted|p2a: Torkoal\n|-damage|p2a: Torkoal|43\/100\n|-boost|p1a: Speedy delivery|spa|1\n|move|p2a: Torkoal|Earthquake|p1a: Speedy delivery\n|-supereffective|p1a: Speedy delivery\n|-damage|p1a: Speedy delivery|0 fnt\n|faint|p1a: Speedy delivery\n|-end|p1a: Speedy delivery|Quark Drive|[silent]\n|\n|-weather|SunnyDay|[upkeep]\n|upkeep\n|\n|t:|1698946572\n|switch|p1a: Little Cook|Rotom-Wash|100\/100\n|turn|2\n|\n|t:|1698946603\n|switch|p2a: Great Tusk|Great Tusk|100\/100\n|-activate|p2a: Great Tusk|ability: Protosynthesis\n|-start|p2a: Great Tusk|protosynthesisatk\n|move|p1a: Little Cook|Discharge|p2a: Great Tusk\n|-immune|p2a: Great Tusk\n|\n|-weather|SunnyDay|[upkeep]\n|upkeep\n|turn|3\n|\n|t:|1698946632\n|move|p2a: Great Tusk|Close Combat|p1a: Little Cook\n|-crit|p1a: Little Cook\n|-damage|p1a: Little Cook|8\/100\n|-unboost|p2a: Great Tusk|def|1\n|-unboost|p2a: Great Tusk|spd|1\n|move|p1a: Little Cook|Hydro Pump|p2a: Great Tusk\n|-supereffective|p2a: Great Tusk\n|-damage|p2a: Great Tusk|13\/100\n|\n|-weather|SunnyDay|[upkeep]\n|-heal|p1a: Little Cook|15\/100|[from] item: Leftovers\n|upkeep\n|turn|4\n|\n|t:|1698946688\n|switch|p1a: Birb|Corviknight, M|100\/100\n|-ability|p1a: Birb|Pressure\n|move|p2a: Great Tusk|Close Combat|p1a: Birb\n|-damage|p1a: Birb|53\/100\n|-unboost|p2a: Great Tusk|def|1\n|-unboost|p2a: Great Tusk|spd|1\n|-damage|p2a: Great Tusk|0 fnt|[from] item: Rocky Helmet|[of] p1a: Birb\n|faint|p2a: Great Tusk\n|-end|p2a: Great Tusk|Protosynthesis|[silent]\n|\n|-weather|SunnyDay|[upkeep]\n|upkeep\n|\n|t:|1698946728\n|switch|p2a: Thundurus|Thundurus, M|100\/100\n|turn|5\n|\n|t:|1698946761\n|switch|p1a: Big Cook 2|Lilligant-Hisui, F|100\/100\n|move|p2a: Thundurus|Volt Switch|p1a: Big Cook 2\n|-resisted|p1a: Big Cook 2\n|-damage|p1a: Big Cook 2|76\/100\n|\n|t:|1698946830\n|switch|p2a: Bronzong|Bronzong|100\/100|[from] Volt Switch\n|\n|-weather|none\n|upkeep\n|turn|6\n|\n|t:|1698946870\n|switch|p1a: Big Cook|Ursaluna, M|100\/100\n|move|p2a: Bronzong|Ice Spinner|p1a: Big Cook\n|-supereffective|p1a: Big Cook\n|-damage|p1a: Big Cook|68\/100\n|\n|-status|p1a: Big Cook|brn|[from] item: Flame Orb\n|upkeep\n|turn|7\n|\n|t:|1698946905\n|switch|p2a: Basculegion|Basculegion, M|100\/100\n|move|p1a: Big Cook|Fire Punch|p2a: Basculegion\n|-resisted|p2a: Basculegion\n|-damage|p2a: Basculegion|71\/100\n|\n|-damage|p1a: Big Cook|62\/100 brn|[from] brn\n|upkeep\n|turn|8\n|\n|t:|1698946928\n|move|p2a: Basculegion|Ice Beam|p1a: Big Cook\n|-supereffective|p1a: Big Cook\n|-damage|p1a: Big Cook|34\/100 brn\n|move|p1a: Big Cook|Crunch|p2a: Basculegion\n|-supereffective|p2a: Basculegion\n|-damage|p2a: Basculegion|0 fnt\n|faint|p2a: Basculegion\n|\n|-damage|p1a: Big Cook|27\/100 brn|[from] brn\n|upkeep\n|\n|t:|1698946952\n|switch|p2a: Bronzong|Bronzong|100\/100\n|turn|9\n|\n|t:|1698946955\n|move|p1a: Big Cook|Fire Punch|p2a: Bronzong\n|-supereffective|p2a: Bronzong\n|-enditem|p2a: Bronzong|Occa Berry|[eat]\n|-enditem|p2a: Bronzong|Occa Berry|[weaken]\n|-damage|p2a: Bronzong|61\/100\n|move|p2a: Bronzong|Ice Spinner|p1a: Big Cook\n|-supereffective|p1a: Big Cook\n|-damage|p1a: Big Cook|0 fnt\n|faint|p1a: Big Cook\n|\n|upkeep\n|\n|t:|1698946992\n|switch|p1a: Ur Mom|Farigiraf, F|100\/100\n|turn|10\n|\n|t:|1698947048\n|switch|p2a: Roaring Moon|Roaring Moon|100\/100\n|move|p1a: Ur Mom|Calm Mind|p1a: Ur Mom\n|-boost|p1a: Ur Mom|spa|1\n|-boost|p1a: Ur Mom|spd|1\n|\n|upkeep\n|turn|11\n|\n|t:|1698947059\n|-terastallize|p1a: Ur Mom|Fairy\n|move|p2a: Roaring Moon|Knock Off|p1a: Ur Mom\n|-resisted|p1a: Ur Mom\n|-damage|p1a: Ur Mom|66\/100\n|-enditem|p1a: Ur Mom|Sitrus Berry|[from] move: Knock Off|[of] p2a: Roaring Moon\n|move|p1a: Ur Mom|Tera Blast|p2a: Roaring Moon|[anim] Tera Blast Fairy\n|-supereffective|p2a: Roaring Moon\n|-damage|p2a: Roaring Moon|0 fnt\n|faint|p2a: Roaring Moon\n|-end|p2a: Roaring Moon|Protosynthesis|[silent]\n|\n|upkeep\n|\n|t:|1698947080\n|switch|p2a: Bronzong|Bronzong|61\/100\n|turn|12\n|\n|t:|1698947122\n|switch|p1a: Birb|Corviknight, M|53\/100\n|-ability|p1a: Birb|Pressure\n|move|p2a: Bronzong|Iron Head|p1a: Birb\n|-resisted|p1a: Birb\n|-damage|p1a: Birb|43\/100\n|-damage|p2a: Bronzong|44\/100|[from] item: Rocky Helmet|[of] p1a: Birb\n|\n|upkeep\n|turn|13\n|\n|t:|1698947141\n|move|p1a: Birb|Body Press|p2a: Bronzong\n|-damage|p2a: Bronzong|19\/100\n|move|p2a: Bronzong|Ice Spinner|p1a: Birb\n|-damage|p1a: Birb|30\/100\n|-damage|p2a: Bronzong|3\/100|[from] item: Rocky Helmet|[of] p1a: Birb\n|\n|upkeep\n|turn|14\n|\n|t:|1698947186\n|move|p1a: Birb|Roost|p1a: Birb\n|-heal|p1a: Birb|80\/100\n|-singleturn|p1a: Birb|move: Roost\n|move|p2a: Bronzong|Psychic|p1a: Birb\n|-resisted|p1a: Birb\n|-damage|p1a: Birb|67\/100\n|\n|upkeep\n|turn|15\n|\n|t:|1698947205\n|switch|p2a: Thundurus|Thundurus, M|100\/100\n|move|p1a: Birb|Body Press|p2a: Thundurus\n|-resisted|p2a: Thundurus\n|-damage|p2a: Thundurus|80\/100\n|\n|upkeep\n|turn|16\n|\n|t:|1698947228\n|switch|p1a: Big Cook 2|Lilligant-Hisui, F|76\/100\n|-terastallize|p2a: Thundurus|Fire\n|move|p2a: Thundurus|Tera Blast|p1a: Big Cook 2|[anim] Tera Blast Fire\n|-supereffective|p1a: Big Cook 2\n|-damage|p1a: Big Cook 2|0 fnt\n|faint|p1a: Big Cook 2\n|\n|upkeep\n|\n|t:|1698947235\n|switch|p1a: Little Cook|Rotom-Wash|15\/100\n|turn|17\n|\n|t:|1698947243\n|move|p2a: Thundurus|Psychic|p1a: Little Cook\n|-damage|p1a: Little Cook|0 fnt\n|faint|p1a: Little Cook\n|\n|upkeep\n|\n|t:|1698947260\n|switch|p1a: Ur Mom|Farigiraf, F, tera:Fairy|66\/100\n|turn|18\n|\n|t:|1698947287\n|move|p2a: Thundurus|Tera Blast|p1a: Ur Mom|[anim] Tera Blast Fire\n|-damage|p1a: Ur Mom|19\/100\n|move|p1a: Ur Mom|Tera Blast|p2a: Thundurus|[anim] Tera Blast Fairy\n|-resisted|p2a: Thundurus\n|-damage|p2a: Thundurus|57\/100\n|\n|upkeep\n|turn|19\n|\n|t:|1698947301\n|move|p2a: Thundurus|Tera Blast|p1a: Ur Mom|[anim] Tera Blast Fire\n|-damage|p1a: Ur Mom|0 fnt\n|faint|p1a: Ur Mom\n|\n|upkeep\n|\n|t:|1698947304\n|switch|p1a: Birb|Corviknight, M|67\/100\n|-ability|p1a: Birb|Pressure\n|turn|20\n|\n|t:|1698947309\n|move|p2a: Thundurus|Tera Blast|p1a: Birb|[anim] Tera Blast Fire\n|-supereffective|p1a: Birb\n|-damage|p1a: Birb|0 fnt\n|faint|p1a: Birb\n|\n|win|RudyFo0x\n","uploadtime":1698947320,"views":10,"p1id":"smicat","p2id":"rudyfo0x","formatid":"gen9ubers","rating":0,"private":0,"password":""}