{"id":"gen9ubers-1983403437","p1":"MCBHammer","p2":"ackillin","format":"[Gen 9] Ubers","log":"|j|\u2606MCBHammer\n|j|\u2606ackillin\n|t:|1699126461\n|gametype|singles\n|player|p1|MCBHammer|170|\n|player|p2|ackillin|aromalady|\n|teamsize|p1|6\n|teamsize|p2|6\n|gen|9\n|tier|[Gen 9] Ubers\n|rule|Sleep Clause Mod: Limit one foe put to sleep\n|rule|Species Clause: Limit one of each Pok\u00e9mon\n|rule|OHKO Clause: OHKO moves are banned\n|rule|Evasion Items Clause: Evasion items are banned\n|rule|Evasion Moves Clause: Evasion moves are banned\n|rule|Endless Battle Clause: Forcing endless battles is banned\n|rule|HP Percentage Mod: HP is shown in percentages\n|clearpoke\n|poke|p1|Chi-Yu|\n|poke|p1|Torkoal, M|\n|poke|p1|Walking Wake|\n|poke|p1|Arceus-Grass|\n|poke|p1|Zacian-*|\n|poke|p1|Magearna|\n|poke|p2|Magearna|\n|poke|p2|Baxcalibur, F|\n|poke|p2|Ninetales-Alola, F|\n|poke|p2|Landorus, M|\n|poke|p2|Espathra, M|\n|poke|p2|Cyclizar, F|\n|teampreview\n|\n|t:|1699126479\n|start\n|switch|p1a: Thot Walk|Walking Wake|100\/100\n|switch|p2a: Buddy Holly|Baxcalibur, F|100\/100\n|turn|1\n|\n|t:|1699126488\n|switch|p2a: Pink Triangle|Ninetales-Alola, F|100\/100\n|-weather|Snow|[from] ability: Snow Warning|[of] p2a: Pink Triangle\n|move|p1a: Thot Walk|Dragon Pulse|p2a: Pink Triangle\n|-immune|p2a: Pink Triangle\n|\n|-weather|Snow|[upkeep]\n|upkeep\n|turn|2\n|\n|t:|1699126499\n|-end|p1a: Thot Walk|Protosynthesis|[silent]\n|switch|p1a: Hot in Here|Torkoal, M|100\/100\n|-weather|SunnyDay|[from] ability: Drought|[of] p1a: Hot in Here\n|move|p2a: Pink Triangle|Aurora Veil||[still]\n|-fail|p2a: Pink Triangle\n|\n|-weather|SunnyDay|[upkeep]\n|upkeep\n|turn|3\n|\n|t:|1699126522\n|move|p2a: Pink Triangle|Weather Ball|p1a: Hot in Here\n|-resisted|p1a: Hot in Here\n|-damage|p1a: Hot in Here|86\/100\n|move|p1a: Hot in Here|Stealth Rock|p2a: Pink Triangle\n|-sidestart|p2: ackillin|move: Stealth Rock\n|\n|-weather|SunnyDay|[upkeep]\n|upkeep\n|turn|4\n|\n|t:|1699126533\n|move|p2a: Pink Triangle|Encore|p1a: Hot in Here\n|-start|p1a: Hot in Here|Encore\n|move|p1a: Hot in Here|Stealth Rock||[still]\n|-fail|p1a: Hot in Here\n|\n|-weather|SunnyDay|[upkeep]\n|upkeep\n|turn|5\n|\n|t:|1699126573\n|switch|p2a: No Scrubs|Espathra, M|100\/100\n|-damage|p2a: No Scrubs|88\/100|[from] Stealth Rock\n|switch|p1a: 252+ SpA Choice S|Chi-Yu|100\/100\n|-ability|p1a: 252+ SpA Choice S|Beads of Ruin\n|\n|-weather|SunnyDay|[upkeep]\n|-heal|p2a: No Scrubs|94\/100|[from] item: Leftovers\n|upkeep\n|turn|6\n|\n|t:|1699126588\n|switch|p1a: Green Bowser|Arceus-Grass|100\/100\n|move|p2a: No Scrubs|Protect||[still]\n|-fail|p2a: No Scrubs\n|\n|-weather|SunnyDay|[upkeep]\n|-heal|p2a: No Scrubs|99\/100|[from] item: Leftovers\n|-ability|p2a: No Scrubs|Speed Boost|boost\n|-boost|p2a: No Scrubs|spe|1\n|upkeep\n|turn|7\n|\n|t:|1699126625\n|move|p2a: No Scrubs|Calm Mind|p2a: No Scrubs\n|-boost|p2a: No Scrubs|spa|1\n|-boost|p2a: No Scrubs|spd|1\n|move|p1a: Green Bowser|Taunt|p2a: No Scrubs\n|-start|p2a: No Scrubs|move: Taunt\n|\n|-weather|SunnyDay|[upkeep]\n|-heal|p2a: No Scrubs|100\/100|[from] item: Leftovers\n|-ability|p2a: No Scrubs|Speed Boost|boost\n|-boost|p2a: No Scrubs|spe|1\n|upkeep\n|turn|8\n|\n|t:|1699126642\n|switch|p1a: 252+ SpA Choice S|Chi-Yu|100\/100\n|-ability|p1a: 252+ SpA Choice S|Beads of Ruin\n|move|p2a: No Scrubs|Tera Blast|p1a: 252+ SpA Choice S\n|-damage|p1a: 252+ SpA Choice S|59\/100\n|\n|-weather|SunnyDay|[upkeep]\n|-ability|p2a: No Scrubs|Speed Boost|boost\n|-boost|p2a: No Scrubs|spe|1\n|upkeep\n|turn|9\n|\n|t:|1699126664\n|-terastallize|p2a: No Scrubs|Steel\n|-terastallize|p1a: 252+ SpA Choice S|Fire\n|move|p2a: No Scrubs|Tera Blast|p1a: 252+ SpA Choice S|[anim] Tera Blast Steel\n|-resisted|p1a: 252+ SpA Choice S\n|-damage|p1a: 252+ SpA Choice S|27\/100\n|move|p1a: 252+ SpA Choice S|Overheat|p2a: No Scrubs\n|-supereffective|p2a: No Scrubs\n|-damage|p2a: No Scrubs|0 fnt\n|-unboost|p1a: 252+ SpA Choice S|spa|2\n|faint|p2a: No Scrubs\n|\n|-weather|none\n|upkeep\n|\n|t:|1699126685\n|switch|p2a: Pink Triangle|Ninetales-Alola, F|100\/100\n|-damage|p2a: Pink Triangle|76\/100|[from] Stealth Rock\n|-weather|Snow|[from] ability: Snow Warning|[of] p2a: Pink Triangle\n|turn|10\n|\n|t:|1699126712\n|switch|p1a: Hot in Here|Torkoal, M|86\/100\n|-weather|SunnyDay|[from] ability: Drought|[of] p1a: Hot in Here\n|move|p2a: Pink Triangle|Weather Ball|p1a: Hot in Here\n|-resisted|p1a: Hot in Here\n|-damage|p1a: Hot in Here|72\/100\n|\n|-weather|SunnyDay|[upkeep]\n|upkeep\n|turn|11\n|\n|t:|1699126728\n|switch|p2a: Buddy Holly|Baxcalibur, F|100\/100\n|-damage|p2a: Buddy Holly|76\/100|[from] Stealth Rock\n|move|p1a: Hot in Here|Lava Plume|p2a: Buddy Holly\n|-damage|p2a: Buddy Holly|44\/100\n|-ability|p2a: Buddy Holly|Thermal Exchange|boost\n|-boost|p2a: Buddy Holly|atk|1\n|\n|-weather|SunnyDay|[upkeep]\n|upkeep\n|turn|12\n|\n|t:|1699126742\n|switch|p1a: Thot Walk|Walking Wake|100\/100\n|-activate|p1a: Thot Walk|ability: Protosynthesis\n|-start|p1a: Thot Walk|protosynthesisspe\n|move|p2a: Buddy Holly|Scale Shot|p1a: Thot Walk\n|-supereffective|p1a: Thot Walk\n|-damage|p1a: Thot Walk|54\/100\n|-supereffective|p1a: Thot Walk\n|-damage|p1a: Thot Walk|8\/100\n|-supereffective|p1a: Thot Walk\n|-damage|p1a: Thot Walk|0 fnt\n|faint|p1a: Thot Walk\n|-end|p1a: Thot Walk|Protosynthesis|[silent]\n|-hitcount|p1: Thot Walk|3\n|-unboost|p2a: Buddy Holly|def|1\n|-boost|p2a: Buddy Holly|spe|1\n|\n|-weather|SunnyDay|[upkeep]\n|upkeep\n|\n|t:|1699126758\n|switch|p1a: Dog|Zacian|100\/100\n|-ability|p1a: Dog|Intrepid Sword|boost\n|-boost|p1a: Dog|atk|1\n|turn|13\n|\n|t:|1699126774\n|switch|p2a: Pink Triangle|Ninetales-Alola, F|76\/100\n|-damage|p2a: Pink Triangle|51\/100|[from] Stealth Rock\n|-weather|Snow|[from] ability: Snow Warning|[of] p2a: Pink Triangle\n|move|p1a: Dog|Play Rough|p2a: Pink Triangle\n|-damage|p2a: Pink Triangle|0 fnt\n|faint|p2a: Pink Triangle\n|\n|-weather|Snow|[upkeep]\n|upkeep\n|\n|t:|1699126823\n|switch|p2a: Island in the Sun|Magearna|100\/100\n|-damage|p2a: Island in the Sun|94\/100|[from] Stealth Rock\n|turn|14\n|\n|t:|1699126832\n|move|p1a: Dog|Swords Dance|p1a: Dog\n|-boost|p1a: Dog|atk|2\n|move|p2a: Island in the Sun|Thunder Wave|p1a: Dog\n|-status|p1a: Dog|par\n|\n|-weather|Snow|[upkeep]\n|-heal|p2a: Island in the Sun|100\/100|[from] item: Leftovers\n|upkeep\n|turn|15\n|\n|t:|1699126849\n|move|p1a: Dog|Close Combat|p2a: Island in the Sun\n|-damage|p2a: Island in the Sun|17\/100\n|-unboost|p1a: Dog|def|1\n|-unboost|p1a: Dog|spd|1\n|move|p2a: Island in the Sun|Flash Cannon|p1a: Dog\n|-supereffective|p1a: Dog\n|-damage|p1a: Dog|0 fnt\n|faint|p1a: Dog\n|-ability|p2a: Island in the Sun|Soul-Heart|boost\n|-boost|p2a: Island in the Sun|spa|1\n|\n|-weather|Snow|[upkeep]\n|-heal|p2a: Island in the Sun|23\/100|[from] item: Leftovers\n|upkeep\n|\n|t:|1699126864\n|switch|p1a: Hot in Here|Torkoal, M|72\/100\n|-weather|SunnyDay|[from] ability: Drought|[of] p1a: Hot in Here\n|turn|16\n|\n|t:|1699126881\n|switch|p1a: Dude I don't know|Magearna|100\/100\n|move|p2a: Island in the Sun|Volt Switch|p1a: Dude I don't know\n|-damage|p1a: Dude I don't know|75\/100\n|\n|t:|1699126890\n|switch|p2a: The Good Life|Cyclizar, F|100\/100|[from] Volt Switch\n|-damage|p2a: The Good Life|88\/100|[from] Stealth Rock\n|\n|-weather|SunnyDay|[upkeep]\n|-heal|p1a: Dude I don't know|82\/100|[from] item: Leftovers\n|upkeep\n|turn|17\n|\n|t:|1699126902\n|move|p2a: The Good Life|Shed Tail|p2a: The Good Life\n|-start|p2a: The Good Life|Substitute|[from] move: Shed Tail\n|-damage|p2a: The Good Life|38\/100\n|\n|t:|1699126907\n|switch|p2a: Sweater Song|Landorus, M|100\/100|[from] Shed Tail\n|-damage|p2a: Sweater Song|88\/100|[from] Stealth Rock\n|move|p1a: Dude I don't know|Fleur Cannon|p2a: Sweater Song|[miss]\n|-miss|p1a: Dude I don't know|p2a: Sweater Song\n|\n|-weather|SunnyDay|[upkeep]\n|-heal|p1a: Dude I don't know|88\/100|[from] item: Leftovers\n|upkeep\n|turn|18\n|\n|t:|1699126923\n|switch|p1a: Green Bowser|Arceus-Grass|100\/100\n|move|p2a: Sweater Song|Focus Blast|p1a: Green Bowser|[miss]\n|-miss|p2a: Sweater Song|p1a: Green Bowser\n|\n|-weather|SunnyDay|[upkeep]\n|upkeep\n|turn|19\n|\n|t:|1699126948\n|move|p1a: Green Bowser|Calm Mind|p1a: Green Bowser\n|-boost|p1a: Green Bowser|spa|1\n|-boost|p1a: Green Bowser|spd|1\n|move|p2a: Sweater Song|Stealth Rock|p1a: Green Bowser\n|-sidestart|p1: MCBHammer|move: Stealth Rock\n|\n|-weather|SunnyDay|[upkeep]\n|upkeep\n|turn|20\n|\n|t:|1699126955\n|move|p1a: Green Bowser|Calm Mind|p1a: Green Bowser\n|-boost|p1a: Green Bowser|spa|1\n|-boost|p1a: Green Bowser|spd|1\n|move|p2a: Sweater Song|Sludge Bomb|p1a: Green Bowser\n|-supereffective|p1a: Green Bowser\n|-damage|p1a: Green Bowser|65\/100\n|\n|-weather|SunnyDay|[upkeep]\n|upkeep\n|turn|21\n|\n|t:|1699126964\n|move|p1a: Green Bowser|Calm Mind|p1a: Green Bowser\n|-boost|p1a: Green Bowser|spa|1\n|-boost|p1a: Green Bowser|spd|1\n|move|p2a: Sweater Song|Sludge Bomb|p1a: Green Bowser\n|-supereffective|p1a: Green Bowser\n|-damage|p1a: Green Bowser|39\/100\n|\n|-weather|SunnyDay|[upkeep]\n|upkeep\n|turn|22\n|\n|t:|1699126973\n|move|p1a: Green Bowser|Recover|p1a: Green Bowser\n|-heal|p1a: Green Bowser|89\/100\n|move|p2a: Sweater Song|Sludge Bomb|p1a: Green Bowser\n|-supereffective|p1a: Green Bowser\n|-damage|p1a: Green Bowser|65\/100\n|\n|-weather|SunnyDay|[upkeep]\n|upkeep\n|turn|23\n|\n|t:|1699126979\n|move|p1a: Green Bowser|Judgment|p2a: Sweater Song\n|-end|p2a: Sweater Song|Substitute\n|move|p2a: Sweater Song|Sludge Bomb|p1a: Green Bowser\n|-supereffective|p1a: Green Bowser\n|-damage|p1a: Green Bowser|41\/100\n|\n|-weather|none\n|upkeep\n|turn|24\n|\n|t:|1699126990\n|move|p1a: Green Bowser|Judgment|p2a: Sweater Song\n|-damage|p2a: Sweater Song|0 fnt\n|faint|p2a: Sweater Song\n|\n|upkeep\n|\n|t:|1699126996\n|switch|p2a: The Good Life|Cyclizar, F|71\/100\n|-damage|p2a: The Good Life|59\/100|[from] Stealth Rock\n|turn|25\n|\n|t:|1699127000\n|move|p2a: The Good Life|Shed Tail|p2a: The Good Life\n|-start|p2a: The Good Life|Substitute|[from] move: Shed Tail\n|-damage|p2a: The Good Life|9\/100\n|\n|t:|1699127006\n|switch|p2a: Buddy Holly|Baxcalibur, F|44\/100|[from] Shed Tail\n|-damage|p2a: Buddy Holly|19\/100|[from] Stealth Rock\n|move|p1a: Green Bowser|Judgment|p2a: Buddy Holly\n|-resisted|p2a: Buddy Holly\n|-end|p2a: Buddy Holly|Substitute\n|\n|upkeep\n|turn|26\n|\n|t:|1699127015\n|move|p1a: Green Bowser|Judgment|p2a: Buddy Holly\n|-resisted|p2a: Buddy Holly\n|-crit|p2a: Buddy Holly\n|-damage|p2a: Buddy Holly|0 fnt\n|faint|p2a: Buddy Holly\n|\n|upkeep\n|\n|t:|1699127017\n|switch|p2a: Island in the Sun|Magearna|23\/100\n|-damage|p2a: Island in the Sun|17\/100|[from] Stealth Rock\n|turn|27\n|\n|t:|1699127023\n|move|p1a: Green Bowser|Judgment|p2a: Island in the Sun\n|-resisted|p2a: Island in the Sun\n|-damage|p2a: Island in the Sun|0 fnt\n|faint|p2a: Island in the Sun\n|\n|upkeep\n|\n|t:|1699127025\n|switch|p2a: The Good Life|Cyclizar, F|42\/100\n|-damage|p2a: The Good Life|30\/100|[from] Stealth Rock\n|turn|28\n|\n|t:|1699127030\n|move|p2a: The Good Life|Rapid Spin|p1a: Green Bowser\n|-damage|p1a: Green Bowser|30\/100\n|-boost|p2a: The Good Life|spe|1\n|-sideend|p2: ackillin|Stealth Rock|[from] move: Rapid Spin|[of] p2a: The Good Life\n|move|p1a: Green Bowser|Judgment|p2a: The Good Life\n|-resisted|p2a: The Good Life\n|-damage|p2a: The Good Life|0 fnt\n|faint|p2a: The Good Life\n|\n|win|MCBHammer\n|l|\u2606MCBHammer\n","uploadtime":1699127050,"views":21,"p1id":"mcbhammer","p2id":"ackillin","formatid":"gen9ubers","rating":0,"private":0,"password":""}