{"id":"gen9ubers-1991411841","p1":"Velocitar32","p2":"Jaykicken94","format":"[Gen 9] Ubers","log":"|j|\u2606Velocitar32\n|j|\u2606Jaykicken94\n|t:|1700074899\n|gametype|singles\n|player|p1|Velocitar32|silver-masters|1418\n|player|p2|Jaykicken94|1|1317\n|teamsize|p1|6\n|teamsize|p2|6\n|gen|9\n|tier|[Gen 9] Ubers\n|rated|\n|rule|Sleep Clause Mod: Limit one foe put to sleep\n|rule|Species Clause: Limit one of each Pok\u00e9mon\n|rule|OHKO Clause: OHKO moves are banned\n|rule|Evasion Items Clause: Evasion items are banned\n|rule|Evasion Moves Clause: Evasion moves are banned\n|rule|Endless Battle Clause: Forcing endless battles is banned\n|rule|HP Percentage Mod: HP is shown in percentages\n|clearpoke\n|poke|p1|Arceus-Ground|\n|poke|p1|Annihilape, F|\n|poke|p1|Zacian-*|\n|poke|p1|Miraidon|\n|poke|p1|Koraidon|\n|poke|p1|Rayquaza|\n|poke|p2|Arceus|\n|poke|p2|Kyogre|\n|poke|p2|Shaymin-Sky|\n|poke|p2|Regieleki|\n|poke|p2|Miraidon|\n|poke|p2|Grimmsnarl, M|\n|teampreview\n|\n|t:|1700074905\n|start\n|switch|p1a: Kong|Annihilape, F, shiny|100\/100\n|switch|p2a: Arceus|Arceus|100\/100\n|turn|1\n|\n|t:|1700074912\n|move|p2a: Arceus|Cosmic Power|p2a: Arceus\n|-boost|p2a: Arceus|def|1\n|-boost|p2a: Arceus|spd|1\n|move|p1a: Kong|Taunt|p2a: Arceus\n|-start|p2a: Arceus|move: Taunt\n|\n|upkeep\n|turn|2\n|\n|t:|1700074925\n|-terastallize|p2a: Arceus|Psychic\n|move|p2a: Arceus|Stored Power|p1a: Kong\n|-supereffective|p1a: Kong\n|-crit|p1a: Kong\n|-damage|p1a: Kong|25\/100\n|move|p1a: Kong|Stealth Rock|p2a: Arceus\n|-sidestart|p2: Jaykicken94|move: Stealth Rock\n|\n|upkeep\n|turn|3\n|\n|t:|1700074933\n|move|p2a: Arceus|Stored Power|p1a: Kong\n|-supereffective|p1a: Kong\n|-damage|p1a: Kong|0 fnt\n|faint|p1a: Kong\n|\n|upkeep\n|\n|t:|1700074954\n|switch|p1a: Dieux|Arceus-Ground, shiny|100\/100\n|turn|4\n|\n|t:|1700074964\n|move|p2a: Arceus|Stored Power|p1a: Dieux\n|-damage|p1a: Dieux|81\/100\n|move|p1a: Dieux|Dragon Dance|p1a: Dieux\n|-boost|p1a: Dieux|atk|1\n|-boost|p1a: Dieux|spe|1\n|\n|-end|p2a: Arceus|move: Taunt\n|upkeep\n|turn|5\n|\n|t:|1700074971\n|move|p1a: Dieux|Shadow Claw|p2a: Arceus\n|-supereffective|p2a: Arceus\n|-damage|p2a: Arceus|69\/100\n|move|p2a: Arceus|Cosmic Power|p2a: Arceus\n|-boost|p2a: Arceus|def|1\n|-boost|p2a: Arceus|spd|1\n|\n|-heal|p2a: Arceus|75\/100|[from] item: Leftovers\n|upkeep\n|turn|6\n|\n|t:|1700074980\n|move|p1a: Dieux|Dragon Dance|p1a: Dieux\n|-boost|p1a: Dieux|atk|1\n|-boost|p1a: Dieux|spe|1\n|move|p2a: Arceus|Cosmic Power|p2a: Arceus\n|-boost|p2a: Arceus|def|1\n|-boost|p2a: Arceus|spd|1\n|\n|-heal|p2a: Arceus|82\/100|[from] item: Leftovers\n|upkeep\n|turn|7\n|\n|t:|1700074988\n|move|p1a: Dieux|Dragon Dance|p1a: Dieux\n|-boost|p1a: Dieux|atk|1\n|-boost|p1a: Dieux|spe|1\n|move|p2a: Arceus|Cosmic Power|p2a: Arceus\n|-boost|p2a: Arceus|def|1\n|-boost|p2a: Arceus|spd|1\n|\n|-heal|p2a: Arceus|88\/100|[from] item: Leftovers\n|upkeep\n|turn|8\n|\n|t:|1700074996\n|move|p1a: Dieux|Dragon Dance|p1a: Dieux\n|-boost|p1a: Dieux|atk|1\n|-boost|p1a: Dieux|spe|1\n|move|p2a: Arceus|Cosmic Power|p2a: Arceus\n|-boost|p2a: Arceus|def|1\n|-boost|p2a: Arceus|spd|1\n|\n|-heal|p2a: Arceus|94\/100|[from] item: Leftovers\n|upkeep\n|turn|9\n|\n|t:|1700075005\n|move|p1a: Dieux|Dragon Dance|p1a: Dieux\n|-boost|p1a: Dieux|atk|1\n|-boost|p1a: Dieux|spe|1\n|move|p2a: Arceus|Stored Power|p1a: Dieux\n|-damage|p1a: Dieux|7\/100\n|\n|-heal|p2a: Arceus|99\/100|[from] item: Leftovers\n|upkeep\n|turn|10\n|\n|t:|1700075014\n|move|p1a: Dieux|Shadow Claw|p2a: Arceus\n|-supereffective|p2a: Arceus\n|-crit|p2a: Arceus\n|-damage|p2a: Arceus|0 fnt\n|faint|p2a: Arceus\n|\n|upkeep\n|\n|t:|1700075031\n|switch|p2a: Grimmsnarl|Grimmsnarl, M|100\/100\n|-damage|p2a: Grimmsnarl|88\/100|[from] Stealth Rock\n|turn|11\n|\n|t:|1700075037\n|move|p2a: Grimmsnarl|Reflect|p2a: Grimmsnarl\n|-sidestart|p2: Jaykicken94|Reflect\n|move|p1a: Dieux|Earthquake|p2a: Grimmsnarl\n|-damage|p2a: Grimmsnarl|0 fnt\n|faint|p2a: Grimmsnarl\n|\n|upkeep\n|\n|t:|1700075062\n|switch|p2a: Kyogre|Kyogre|100\/100\n|-damage|p2a: Kyogre|88\/100|[from] Stealth Rock\n|-weather|RainDance|[from] ability: Drizzle|[of] p2a: Kyogre\n|turn|12\n|\n|t:|1700075075\n|move|p1a: Dieux|Earthquake|p2a: Kyogre\n|-damage|p2a: Kyogre|0 fnt\n|faint|p2a: Kyogre\n|\n|-weather|RainDance|[upkeep]\n|upkeep\n|-message|Jaykicken94 forfeited.\n|\n|win|Velocitar32\n|raw|Velocitar32's rating: 1418 &rarr; <strong>1432<\/strong><br \/>(+14 for winning)\n|raw|Jaykicken94's rating: 1317 &rarr; <strong>1303<\/strong><br \/>(-14 for losing)\n|l|\u2606Jaykicken94\n","uploadtime":1700075092,"views":6,"p1id":"velocitar32","p2id":"jaykicken94","formatid":"gen9ubers","rating":1303,"private":0,"password":""}