{"id":"gen9ubers-1977006797","p1":"Anne Frankkkk","p2":"Reidzxz","format":"[Gen 9] Ubers","log":"|j|\u2606Anne Frankkkk\n|j|\u2606Reidzxz\n|t:|1698361120\n|gametype|singles\n|player|p1|Anne Frankkkk|hilbert|1170\n|player|p2|Reidzxz|2|1073\n|teamsize|p1|6\n|teamsize|p2|6\n|gen|9\n|tier|[Gen 9] Ubers\n|rated|\n|rule|Sleep Clause Mod: Limit one foe put to sleep\n|rule|Species Clause: Limit one of each Pok\u00e9mon\n|rule|OHKO Clause: OHKO moves are banned\n|rule|Evasion Items Clause: Evasion items are banned\n|rule|Evasion Moves Clause: Evasion moves are banned\n|rule|Endless Battle Clause: Forcing endless battles is banned\n|rule|HP Percentage Mod: HP is shown in percentages\n|clearpoke\n|poke|p1|Iron Hands|\n|poke|p1|Kyogre|\n|poke|p1|Chien-Pao|\n|poke|p1|Ribombee, M|\n|poke|p1|Miraidon|\n|poke|p1|Flutter Mane|\n|poke|p2|Tyranitar, F|\n|poke|p2|Kyogre|\n|poke|p2|Sableye, M|\n|poke|p2|Clodsire, F|\n|poke|p2|Urshifu-*, M|\n|poke|p2|Scizor, F|\n|teampreview\n|inactive|Battle timer is ON: inactive players will automatically lose when time's up. (requested by Anne Frankkkk)\n|\n|t:|1698361137\n|start\n|switch|p1a: Moonblast|Ribombee, M, shiny|100\/100\n|switch|p2a: Clodsire|Clodsire, F|100\/100\n|turn|1\n|\n|t:|1698361143\n|move|p1a: Moonblast|Sticky Web|p2a: Clodsire\n|-sidestart|p2: Reidzxz|move: Sticky Web\n|move|p2a: Clodsire|Stealth Rock|p1a: Moonblast\n|-sidestart|p1: Anne Frankkkk|move: Stealth Rock\n|\n|upkeep\n|turn|2\n|\n|t:|1698361147\n|switch|p1a: Ice Cat|Chien-Pao|100\/100\n|-damage|p1a: Ice Cat|76\/100|[from] Stealth Rock\n|-ability|p1a: Ice Cat|Sword of Ruin\n|move|p2a: Clodsire|Toxic Spikes|p1a: Ice Cat\n|-sidestart|p1: Anne Frankkkk|move: Toxic Spikes\n|\n|upkeep\n|turn|3\n|\n|t:|1698361157\n|switch|p2a: Scizor|Scizor, F|100\/100\n|-activate|p2a: Scizor|move: Sticky Web\n|-unboost|p2a: Scizor|spe|1\n|move|p1a: Ice Cat|Ice Spinner|p2a: Scizor\n|-resisted|p2a: Scizor\n|-damage|p2a: Scizor|60\/100\n|-damage|p1a: Ice Cat|66\/100|[from] item: Life Orb\n|\n|upkeep\n|turn|4\n|\n|t:|1698361166\n|move|p1a: Ice Cat|Sacred Sword|p2a: Scizor\n|-damage|p2a: Scizor|7\/100\n|-damage|p1a: Ice Cat|56\/100|[from] item: Life Orb\n|move|p2a: Scizor|Defog|p1a: Ice Cat\n|-unboost|p1a: Ice Cat|evasion|1\n|-sideend|p1: Anne Frankkkk|Toxic Spikes|[from] move: Defog|[of] p2a: Scizor\n|-sideend|p1: Anne Frankkkk|Stealth Rock|[from] move: Defog|[of] p2a: Scizor\n|-sideend|p2: Reidzxz|Sticky Web|[from] move: Defog|[of] p2a: Scizor\n|\n|upkeep\n|turn|5\n|\n|t:|1698361174\n|move|p1a: Ice Cat|Sacred Sword|p2a: Scizor\n|-damage|p2a: Scizor|0 fnt\n|faint|p2a: Scizor\n|-damage|p1a: Ice Cat|46\/100|[from] item: Life Orb\n|\n|upkeep\n|\n|t:|1698361181\n|switch|p2a: Clodsire|Clodsire, F|100\/100\n|turn|6\n|\n|t:|1698361189\n|move|p1a: Ice Cat|Ice Spinner|p2a: Clodsire\n|-supereffective|p2a: Clodsire\n|-enditem|p2a: Clodsire|Focus Sash\n|-damage|p2a: Clodsire|1\/100\n|-damage|p1a: Ice Cat|36\/100|[from] item: Life Orb\n|move|p2a: Clodsire|Stealth Rock|p1a: Ice Cat\n|-sidestart|p1: Anne Frankkkk|move: Stealth Rock\n|\n|upkeep\n|turn|7\n|\n|t:|1698361203\n|move|p1a: Ice Cat|Ice Spinner|p2a: Clodsire\n|-supereffective|p2a: Clodsire\n|-damage|p2a: Clodsire|0 fnt\n|-status|p1a: Ice Cat|psn|[from] ability: Poison Point|[of] p2a: Clodsire\n|faint|p2a: Clodsire\n|-damage|p1a: Ice Cat|26\/100 psn|[from] item: Life Orb\n|\n|-damage|p1a: Ice Cat|13\/100 psn|[from] psn\n|upkeep\n|\n|t:|1698361217\n|switch|p2a: Urshifu|Urshifu, M|100\/100\n|turn|8\n|\n|t:|1698361221\n|move|p1a: Ice Cat|Sacred Sword|p2a: Urshifu\n|-supereffective|p2a: Urshifu\n|-damage|p2a: Urshifu|0 fnt\n|faint|p2a: Urshifu\n|-damage|p1a: Ice Cat|3\/100 psn|[from] item: Life Orb\n|\n|-damage|p1a: Ice Cat|0 fnt|[from] psn\n|faint|p1a: Ice Cat\n|upkeep\n|-message|Reidzxz forfeited.\n|\n|win|Anne Frankkkk\n|raw|Anne Frankkkk's rating: 1170 &rarr; <strong>1188<\/strong><br \/>(+18 for winning)\n|raw|Reidzxz's rating: 1073 &rarr; <strong>1058<\/strong><br \/>(-15 for losing)\n|l|\u2606Reidzxz\n","uploadtime":1698361230,"views":7,"p1id":"annefrankkkk","p2id":"reidzxz","formatid":"gen9ubers","rating":1058,"private":0,"password":""}