{"id":"gen9ubers-1974748685","p1":"PinkScourge","p2":"Chorosso","format":"[Gen 9] Ubers","log":"|j|\u2606PinkScourge\n|j|\u2606Chorosso\n|t:|1698117326\n|gametype|singles\n|player|p1|PinkScourge|bede-leader|\n|player|p2|Chorosso|bruno|\n|teamsize|p1|6\n|teamsize|p2|6\n|gen|9\n|tier|[Gen 9] Ubers\n|rule|Sleep Clause Mod: Limit one foe put to sleep\n|rule|Species Clause: Limit one of each Pok\u00e9mon\n|rule|OHKO Clause: OHKO moves are banned\n|rule|Evasion Items Clause: Evasion items are banned\n|rule|Evasion Moves Clause: Evasion moves are banned\n|rule|Endless Battle Clause: Forcing endless battles is banned\n|rule|HP Percentage Mod: HP is shown in percentages\n|clearpoke\n|poke|p1|Scream Tail|\n|poke|p1|Alomomola, F|\n|poke|p1|Arceus-Fire|\n|poke|p1|Zacian-*|\n|poke|p1|Gothitelle, F|\n|poke|p1|Weezing-Galar, M|\n|poke|p2|Urshifu-*, F|\n|poke|p2|Basculegion-F, F|\n|poke|p2|Pelipper, F|\n|poke|p2|Palkia-Origin|\n|poke|p2|Arceus-Grass|\n|poke|p2|Magearna|\n|teampreview\n|inactive|Battle timer is ON: inactive players will automatically lose when time's up. (requested by PinkScourge)\n|\n|t:|1698117355\n|start\n|switch|p1a: Alomomola|Alomomola, F|100\/100\n|switch|p2a: Magearna|Magearna|100\/100\n|turn|1\n|c|\u2606Chorosso|is it okay if you post vod?\n|\n|t:|1698117363\n|move|p2a: Magearna|Spikes|p1a: Alomomola\n|-sidestart|p1: PinkScourge|Spikes\n|move|p1a: Alomomola|Flip Turn|p2a: Magearna\n|-damage|p2a: Magearna|90\/100\n|\n|t:|1698117373\n|switch|p1a: Gothitelle|Gothitelle, F|100\/100|[from] Flip Turn\n|-damage|p1a: Gothitelle|88\/100|[from] Spikes\n|\n|-heal|p2a: Magearna|96\/100|[from] item: Leftovers\n|upkeep\n|turn|2\n|c|\u2606PinkScourge|I'm OK if you want to post it\n|\n|t:|1698117394\n|move|p1a: Gothitelle|Trick|p2a: Magearna\n|-activate|p1a: Gothitelle|move: Trick|[of] p2a: Magearna\n|-item|p2a: Magearna|Choice Specs|[from] move: Trick\n|-item|p1a: Gothitelle|Leftovers|[from] move: Trick\n|move|p2a: Magearna|Volt Switch|p1a: Gothitelle\n|-damage|p1a: Gothitelle|67\/100\n|\n|t:|1698117400\n|switch|p2a: Pelipper|Pelipper, F|100\/100|[from] Volt Switch\n|-weather|RainDance|[from] ability: Drizzle|[of] p2a: Pelipper\n|\n|-weather|RainDance|[upkeep]\n|-heal|p1a: Gothitelle|73\/100|[from] item: Leftovers\n|upkeep\n|turn|3\n|inactive|Chorosso has 270 seconds left.\n|c|\u2606Chorosso|i'll try post but there's no promises i won't mess it up somehow\n|\n|t:|1698117444\n|move|p1a: Gothitelle|Protect|p1a: Gothitelle\n|-singleturn|p1a: Gothitelle|Protect\n|move|p2a: Pelipper|U-turn|p1a: Gothitelle\n|-activate|p1a: Gothitelle|move: Protect\n|\n|-weather|RainDance|[upkeep]\n|-heal|p1a: Gothitelle|79\/100|[from] item: Leftovers\n|upkeep\n|turn|4\n|\n|t:|1698117458\n|switch|p1a: Weezing|Weezing-Galar, M|100\/100\n|-damage|p1a: Weezing|88\/100|[from] Spikes\n|-fieldstart|move: Misty Terrain|[from] ability: Misty Surge|[of] p1a: Weezing\n|move|p2a: Pelipper|U-turn|p1a: Weezing\n|-resisted|p1a: Weezing\n|-damage|p1a: Weezing|87\/100\n|inactive|Chorosso has 240 seconds left.\n|\n|t:|1698117477\n|switch|p2a: Palkia|Palkia-Origin|100\/100|[from] U-turn\n|-ability|p2a: Palkia|Pressure\n|\n|-weather|RainDance|[upkeep]\n|-heal|p1a: Weezing|93\/100|[from] item: Leftovers\n|upkeep\n|turn|5\n|\n|t:|1698117484\n|switch|p1a: Alomomola|Alomomola, F|100\/100\n|-damage|p1a: Alomomola|88\/100|[from] Spikes\n|move|p2a: Palkia|Earth Power|p1a: Alomomola\n|-damage|p1a: Alomomola|58\/100\n|\n|-weather|RainDance|[upkeep]\n|upkeep\n|turn|6\n|inactive|Chorosso has 240 seconds left.\n|\n|t:|1698117512\n|move|p2a: Palkia|Hydro Pump|p1a: Alomomola\n|-resisted|p1a: Alomomola\n|-damage|p1a: Alomomola|4\/100\n|move|p1a: Alomomola|Mirror Coat|p2a: Palkia\n|-damage|p2a: Palkia|0 fnt\n|faint|p2a: Palkia\n|\n|-weather|RainDance|[upkeep]\n|upkeep\n|inactive|Chorosso has 210 seconds left.\n|\n|t:|1698117538\n|switch|p2a: Urshifu|Urshifu-Rapid-Strike, F|100\/100\n|turn|7\n|\n|t:|1698117550\n|switch|p1a: Weezing|Weezing-Galar, M|93\/100\n|-damage|p1a: Weezing|80\/100|[from] Spikes\n|move|p2a: Urshifu|Surging Strikes|p1a: Weezing\n|-crit|p1a: Weezing\n|-damage|p1a: Weezing|47\/100\n|-crit|p1a: Weezing\n|-damage|p1a: Weezing|17\/100\n|-crit|p1a: Weezing\n|-damage|p1a: Weezing|0 fnt\n|faint|p1a: Weezing\n|-hitcount|p1: Weezing|3\n|\n|-weather|RainDance|[upkeep]\n|upkeep\n|\n|t:|1698117566\n|switch|p1a: Zacian|Zacian|100\/100\n|-ability|p1a: Zacian|Intrepid Sword|boost\n|-boost|p1a: Zacian|atk|1\n|turn|8\n|inactive|Chorosso has 210 seconds left.\n|\n|t:|1698117592\n|switch|p2a: Magearna|Magearna|96\/100\n|move|p1a: Zacian|Play Rough|p2a: Magearna\n|-resisted|p2a: Magearna\n|-damage|p2a: Magearna|74\/100\n|\n|-weather|RainDance|[upkeep]\n|-fieldend|Misty Terrain\n|upkeep\n|turn|9\n|inactive|Chorosso has 210 seconds left.\n|\n|t:|1698117603\n|move|p1a: Zacian|Swords Dance|p1a: Zacian\n|-boost|p1a: Zacian|atk|2\n|move|p2a: Magearna|Thunder Wave|p1a: Zacian\n|-status|p1a: Zacian|par\n|\n|-weather|none\n|upkeep\n|turn|10\n|inactive|Chorosso has 210 seconds left.\n|\n|t:|1698117623\n|switch|p2a: Pelipper|Pelipper, F|100\/100\n|-weather|RainDance|[from] ability: Drizzle|[of] p2a: Pelipper\n|cant|p1a: Zacian|par\n|\n|-weather|RainDance|[upkeep]\n|upkeep\n|turn|11\n|inactive|Chorosso has 180 seconds left.\n|\n|t:|1698117661\n|move|p1a: Zacian|Wild Charge|p2a: Pelipper\n|-supereffective|p2a: Pelipper\n|-damage|p2a: Pelipper|0 fnt\n|faint|p2a: Pelipper\n|-damage|p1a: Zacian|76\/100 par|[from] Recoil\n|\n|-weather|RainDance|[upkeep]\n|upkeep\n|inactive|Chorosso has 150 seconds left.\n|\n|t:|1698117708\n|switch|p2a: Urshifu|Urshifu-Rapid-Strike, F|100\/100\n|turn|12\n|\n|t:|1698117716\n|move|p2a: Urshifu|Surging Strikes|p1a: Zacian\n|-crit|p1a: Zacian\n|-damage|p1a: Zacian|33\/100 par\n|-crit|p1a: Zacian\n|-damage|p1a: Zacian|0 fnt\n|faint|p1a: Zacian\n|-hitcount|p1: Zacian|2\n|\n|-weather|RainDance|[upkeep]\n|upkeep\n|\n|t:|1698117734\n|switch|p1a: Alomomola|Alomomola, F|38\/100\n|-damage|p1a: Alomomola|25\/100|[from] Spikes\n|turn|13\n|\n|t:|1698117738\n|switch|p1a: Gothitelle|Gothitelle, F|79\/100\n|-damage|p1a: Gothitelle|67\/100|[from] Spikes\n|move|p2a: Urshifu|Surging Strikes|p1a: Gothitelle\n|-crit|p1a: Gothitelle\n|-damage|p1a: Gothitelle|17\/100\n|-crit|p1a: Gothitelle\n|-damage|p1a: Gothitelle|0 fnt\n|faint|p1a: Gothitelle\n|-hitcount|p1: Gothitelle|2\n|\n|-weather|RainDance|[upkeep]\n|upkeep\n|\n|t:|1698117755\n|switch|p1a: Alomomola|Alomomola, F|58\/100\n|-damage|p1a: Alomomola|46\/100|[from] Spikes\n|turn|14\n|\n|t:|1698117761\n|move|p2a: Urshifu|Surging Strikes|p1a: Alomomola\n|-resisted|p1a: Alomomola\n|-crit|p1a: Alomomola\n|-damage|p1a: Alomomola|30\/100\n|-damage|p2a: Urshifu|84\/100|[from] item: Rocky Helmet|[of] p1a: Alomomola\n|-resisted|p1a: Alomomola\n|-crit|p1a: Alomomola\n|-damage|p1a: Alomomola|15\/100\n|-damage|p2a: Urshifu|68\/100|[from] item: Rocky Helmet|[of] p1a: Alomomola\n|-resisted|p1a: Alomomola\n|-crit|p1a: Alomomola\n|-damage|p1a: Alomomola|1\/100\n|-damage|p2a: Urshifu|51\/100|[from] item: Rocky Helmet|[of] p1a: Alomomola\n|-hitcount|p1a: Alomomola|3\n|move|p1a: Alomomola|Flip Turn|p2a: Urshifu\n|-resisted|p2a: Urshifu\n|-damage|p2a: Urshifu|38\/100\n|c|\u2606Chorosso|oof\n|\n|t:|1698117776\n|switch|p1a: Scream Tail|Scream Tail|100\/100|[from] Flip Turn\n|-damage|p1a: Scream Tail|88\/100|[from] Spikes\n|\n|-weather|RainDance|[upkeep]\n|-heal|p1a: Scream Tail|94\/100|[from] item: Leftovers\n|upkeep\n|turn|15\n|inactive|Chorosso has 180 seconds left.\n|\n|t:|1698117792\n|-end|p1a: Scream Tail|Protosynthesis|[silent]\n|switch|p1a: Alomomola|Alomomola, F|34\/100\n|-damage|p1a: Alomomola|21\/100|[from] Spikes\n|move|p2a: Urshifu|Surging Strikes|p1a: Alomomola\n|-resisted|p1a: Alomomola\n|-crit|p1a: Alomomola\n|-damage|p1a: Alomomola|6\/100\n|-damage|p2a: Urshifu|22\/100|[from] item: Rocky Helmet|[of] p1a: Alomomola\n|-resisted|p1a: Alomomola\n|-crit|p1a: Alomomola\n|-damage|p1a: Alomomola|0 fnt\n|-damage|p2a: Urshifu|5\/100|[from] item: Rocky Helmet|[of] p1a: Alomomola\n|faint|p1a: Alomomola\n|-hitcount|p1: Alomomola|2\n|\n|-weather|RainDance|[upkeep]\n|upkeep\n|inactive|PinkScourge has 270 seconds left.\n|\n|t:|1698117830\n|switch|p1a: Scream Tail|Scream Tail|94\/100\n|-damage|p1a: Scream Tail|82\/100|[from] Spikes\n|turn|16\n|\n|t:|1698117841\n|move|p2a: Urshifu|Surging Strikes|p1a: Scream Tail\n|-crit|p1a: Scream Tail\n|-damage|p1a: Scream Tail|42\/100\n|-crit|p1a: Scream Tail\n|-damage|p1a: Scream Tail|2\/100\n|-crit|p1a: Scream Tail\n|-damage|p1a: Scream Tail|0 fnt\n|faint|p1a: Scream Tail\n|-end|p1a: Scream Tail|Protosynthesis|[silent]\n|-hitcount|p1: Scream Tail|3\n|\n|-weather|RainDance|[upkeep]\n|upkeep\n|\n|t:|1698117849\n|switch|p1a: Arceus|Arceus-Fire|100\/100\n|-damage|p1a: Arceus|88\/100|[from] Spikes\n|turn|17\n|\n|t:|1698117855\n|-terastallize|p1a: Arceus|Dark\n|move|p2a: Urshifu|Surging Strikes|p1a: Arceus\n|-crit|p1a: Arceus\n|-damage|p1a: Arceus|55\/100\n|-crit|p1a: Arceus\n|-damage|p1a: Arceus|21\/100\n|-crit|p1a: Arceus\n|-damage|p1a: Arceus|0 fnt\n|faint|p1a: Arceus\n|-hitcount|p1: Arceus|3\n|\n|win|Chorosso\n|c|\u2606PinkScourge|GG\n|c|\u2606Chorosso|GG\n|c|\u2606Chorosso|i'll post now\n","uploadtime":1698117870,"views":15,"p1id":"pinkscourge","p2id":"chorosso","formatid":"gen9ubers","rating":0,"private":0,"password":""}