{"id":"gen9ubers-1970428782","p1":"ZACIAN60","p2":"Cheat A Loner","format":"[Gen 9] Ubers","log":"|j|\u2606ZACIAN60\n|j|\u2606Cheat A Loner\n|t:|1697638247\n|gametype|singles\n|player|p1|ZACIAN60|hugh|1189\n|player|p2|Cheat A Loner|bianca|1151\n|teamsize|p1|6\n|teamsize|p2|6\n|gen|9\n|tier|[Gen 9] Ubers\n|rated|\n|rule|Sleep Clause Mod: Limit one foe put to sleep\n|rule|Species Clause: Limit one of each Pok\u00e9mon\n|rule|OHKO Clause: OHKO moves are banned\n|rule|Evasion Items Clause: Evasion items are banned\n|rule|Evasion Moves Clause: Evasion moves are banned\n|rule|Endless Battle Clause: Forcing endless battles is banned\n|rule|HP Percentage Mod: HP is shown in percentages\n|clearpoke\n|poke|p1|Landorus-Therian, M|\n|poke|p1|Iron Bundle|\n|poke|p1|Giratina-Origin|\n|poke|p1|Zacian-*|\n|poke|p1|Arceus|\n|poke|p1|Miraidon|\n|poke|p2|Zacian-*|\n|poke|p2|Gliscor, M|\n|poke|p2|Grafaiai, M|\n|poke|p2|Koraidon|\n|poke|p2|Mewtwo|\n|poke|p2|Cinderace, M|\n|teampreview\n|inactive|Battle timer is ON: inactive players will automatically lose when time's up. (requested by ZACIAN60)\n|\n|t:|1697638256\n|start\n|switch|p1a: Iron Bundle|Iron Bundle|100\/100\n|switch|p2a: Cinderace|Cinderace, M|100\/100\n|turn|1\n|\n|t:|1697638263\n|switch|p2a: Grafaiai|Grafaiai, M, shiny|100\/100\n|move|p1a: Iron Bundle|Hydro Pump|p2a: Grafaiai\n|-crit|p2a: Grafaiai\n|-damage|p2a: Grafaiai|40\/100\n|\n|upkeep\n|turn|2\n|\n|t:|1697638272\n|move|p2a: Grafaiai|Toxic|p1a: Iron Bundle\n|-status|p1a: Iron Bundle|tox\n|move|p1a: Iron Bundle|Freeze-Dry|p2a: Grafaiai\n|-damage|p2a: Grafaiai|10\/100\n|\n|-damage|p1a: Iron Bundle|94\/100 tox|[from] psn\n|upkeep\n|turn|3\n|\n|t:|1697638289\n|-end|p1a: Iron Bundle|Quark Drive|[silent]\n|switch|p1a: Landorus|Landorus-Therian, M|100\/100\n|-ability|p1a: Landorus|Intimidate|boost\n|-unboost|p2a: Grafaiai|atk|1\n|move|p2a: Grafaiai|Encore||[still]\n|-fail|p2a: Grafaiai\n|\n|upkeep\n|turn|4\n|\n|t:|1697638299\n|move|p2a: Grafaiai|Toxic|p1a: Landorus\n|-status|p1a: Landorus|tox\n|move|p1a: Landorus|U-turn|p2a: Grafaiai\n|-resisted|p2a: Grafaiai\n|-damage|p2a: Grafaiai|0 fnt\n|faint|p2a: Grafaiai\n|\n|t:|1697638311\n|switch|p1a: Giratina|Giratina-Origin|100\/100|[from] U-turn\n|\n|upkeep\n|\n|t:|1697638317\n|switch|p2a: Zacian|Zacian-Crowned|100\/100\n|-ability|p2a: Zacian|Intrepid Sword|boost\n|-boost|p2a: Zacian|atk|1\n|turn|5\n|\n|t:|1697638327\n|move|p2a: Zacian|Play Rough|p1a: Giratina\n|-supereffective|p1a: Giratina\n|-damage|p1a: Giratina|9\/100\n|move|p1a: Giratina|Will-O-Wisp|p2a: Zacian\n|-status|p2a: Zacian|brn\n|\n|-damage|p2a: Zacian|94\/100 brn|[from] brn\n|upkeep\n|turn|6\n|\n|t:|1697638338\n|switch|p1a: Landorus|Landorus-Therian, M|100\/100 tox\n|-ability|p1a: Landorus|Intimidate|boost\n|-unboost|p2a: Zacian|atk|1\n|move|p2a: Zacian|Trailblaze|p1a: Landorus\n|-damage|p1a: Landorus|91\/100 tox\n|-boost|p2a: Zacian|spe|1\n|-damage|p2a: Zacian|78\/100 brn|[from] item: Rocky Helmet|[of] p1a: Landorus\n|\n|-damage|p1a: Landorus|85\/100 tox|[from] psn\n|-damage|p2a: Zacian|72\/100 brn|[from] brn\n|upkeep\n|turn|7\n|\n|t:|1697638353\n|move|p2a: Zacian|Play Rough|p1a: Landorus\n|-damage|p1a: Landorus|60\/100 tox\n|-unboost|p1a: Landorus|atk|1\n|-damage|p2a: Zacian|55\/100 brn|[from] item: Rocky Helmet|[of] p1a: Landorus\n|move|p1a: Landorus|Earthquake|p2a: Zacian\n|-supereffective|p2a: Zacian\n|-damage|p2a: Zacian|0 fnt\n|faint|p2a: Zacian\n|\n|-damage|p1a: Landorus|48\/100 tox|[from] psn\n|upkeep\n|\n|t:|1697638362\n|switch|p2a: Gliscor|Gliscor, M|100\/100\n|turn|8\n|\n|t:|1697638374\n|switch|p1a: Iron Bundle|Iron Bundle|94\/100 tox\n|move|p2a: Gliscor|Swords Dance|p2a: Gliscor\n|-boost|p2a: Gliscor|atk|2\n|\n|-damage|p1a: Iron Bundle|88\/100 tox|[from] psn\n|-status|p2a: Gliscor|tox|[from] item: Toxic Orb\n|upkeep\n|turn|9\n|\n|t:|1697638382\n|switch|p2a: Mewtwo|Mewtwo|100\/100\n|-ability|p2a: Mewtwo|Pressure\n|move|p1a: Iron Bundle|Freeze-Dry|p2a: Mewtwo\n|-damage|p2a: Mewtwo|69\/100\n|\n|-damage|p1a: Iron Bundle|76\/100 tox|[from] psn\n|upkeep\n|turn|10\n|\n|t:|1697638399\n|-end|p1a: Iron Bundle|Quark Drive|[silent]\n|switch|p1a: Arceus|Arceus|100\/100\n|move|p2a: Mewtwo|Recover|p2a: Mewtwo\n|-heal|p2a: Mewtwo|100\/100\n|\n|upkeep\n|turn|11\n|\n|t:|1697638409\n|switch|p2a: Koraidon|Koraidon|100\/100\n|-weather|SunnyDay|[from] ability: Orichalcum Pulse|[of] p2a: Koraidon\n|-activate|p2a: Koraidon|Orichalcum Pulse|[source]\n|move|p1a: Arceus|Dragon Dance|p1a: Arceus\n|-boost|p1a: Arceus|atk|1\n|-boost|p1a: Arceus|spe|1\n|\n|-weather|SunnyDay|[upkeep]\n|upkeep\n|turn|12\n|\n|t:|1697638425\n|move|p1a: Arceus|Earthquake|p2a: Koraidon\n|-damage|p2a: Koraidon|55\/100\n|move|p2a: Koraidon|Collision Course|p1a: Arceus\n|-supereffective|p1a: Arceus\n|-damage|p1a: Arceus|0 fnt\n|faint|p1a: Arceus\n|\n|-weather|SunnyDay|[upkeep]\n|upkeep\n|\n|t:|1697638433\n|switch|p1a: Landorus|Landorus-Therian, M|48\/100 tox\n|-ability|p1a: Landorus|Intimidate|boost\n|-unboost|p2a: Koraidon|atk|1\n|turn|13\n|\n|t:|1697638452\n|switch|p2a: Mewtwo|Mewtwo|100\/100\n|-ability|p2a: Mewtwo|Pressure\n|move|p1a: Landorus|U-turn|p2a: Mewtwo\n|-supereffective|p2a: Mewtwo\n|-damage|p2a: Mewtwo|67\/100\n|-enditem|p2a: Mewtwo|Weakness Policy\n|-boost|p2a: Mewtwo|atk|2|[from] item: Weakness Policy\n|-boost|p2a: Mewtwo|spa|2|[from] item: Weakness Policy\n|\n|t:|1697638470\n|switch|p1a: Iron Bundle|Iron Bundle|76\/100 tox|[from] U-turn\n|\n|-weather|SunnyDay|[upkeep]\n|-damage|p1a: Iron Bundle|70\/100 tox|[from] psn\n|upkeep\n|turn|14\n|\n|t:|1697638489\n|move|p1a: Iron Bundle|Hydro Pump|p2a: Mewtwo|[miss]\n|-miss|p1a: Iron Bundle|p2a: Mewtwo\n|move|p2a: Mewtwo|Agility|p2a: Mewtwo\n|-boost|p2a: Mewtwo|spe|2\n|\n|-weather|SunnyDay|[upkeep]\n|-damage|p1a: Iron Bundle|58\/100 tox|[from] psn\n|upkeep\n|turn|15\n|\n|t:|1697638500\n|move|p2a: Mewtwo|Thunderbolt|p1a: Iron Bundle\n|-supereffective|p1a: Iron Bundle\n|-damage|p1a: Iron Bundle|0 fnt\n|faint|p1a: Iron Bundle\n|-end|p1a: Iron Bundle|Quark Drive|[silent]\n|\n|-weather|none\n|upkeep\n|\n|t:|1697638505\n|switch|p1a: Landorus|Landorus-Therian, M|48\/100 tox\n|-ability|p1a: Landorus|Intimidate|boost\n|-unboost|p2a: Mewtwo|atk|1\n|turn|16\n|\n|t:|1697638511\n|move|p2a: Mewtwo|Ice Beam|p1a: Landorus\n|-supereffective|p1a: Landorus\n|-damage|p1a: Landorus|0 fnt\n|faint|p1a: Landorus\n|\n|upkeep\n|\n|t:|1697638517\n|switch|p1a: Zacian|Zacian-Crowned|100\/100\n|-ability|p1a: Zacian|Intrepid Sword|boost\n|-boost|p1a: Zacian|atk|1\n|turn|17\n|\n|t:|1697638521\n|move|p2a: Mewtwo|Thunderbolt|p1a: Zacian\n|-damage|p1a: Zacian|47\/100\n|move|p1a: Zacian|Behemoth Blade|p2a: Mewtwo\n|-damage|p2a: Mewtwo|9\/100\n|\n|upkeep\n|turn|18\n|\n|t:|1697638530\n|move|p2a: Mewtwo|Thunderbolt|p1a: Zacian\n|-damage|p1a: Zacian|0 fnt\n|faint|p1a: Zacian\n|\n|upkeep\n|\n|t:|1697638535\n|switch|p1a: Miraidon|Miraidon|100\/100\n|-fieldstart|move: Electric Terrain|[from] ability: Hadron Engine|[of] p1a: Miraidon\n|turn|19\n|\n|t:|1697638541\n|move|p2a: Mewtwo|Ice Beam|p1a: Miraidon\n|-supereffective|p1a: Miraidon\n|-damage|p1a: Miraidon|0 fnt\n|faint|p1a: Miraidon\n|\n|upkeep\n|\n|t:|1697638545\n|switch|p1a: Giratina|Giratina-Origin|9\/100\n|turn|20\n|\n|t:|1697638550\n|move|p2a: Mewtwo|Ice Beam|p1a: Giratina\n|-supereffective|p1a: Giratina\n|-damage|p1a: Giratina|0 fnt\n|faint|p1a: Giratina\n|\n|win|Cheat A Loner\n|raw|ZACIAN60's rating: 1189 &rarr; <strong>1161<\/strong><br \/>(-28 for losing)\n|raw|Cheat A Loner's rating: 1151 &rarr; <strong>1179<\/strong><br \/>(+28 for winning)\n|l|\u2606ZACIAN60\n|c|\u2606Cheat A Loner|Gg\n","uploadtime":1697638569,"views":14,"p1id":"zacian60","p2id":"cheataloner","formatid":"gen9ubers","rating":1161,"private":0,"password":""}