{"id":"gen9ubers-1989768106","p1":"AlicieLizzie","p2":"Finchely","format":"[Gen 9] Ubers","log":"|j|\u2606AlicieLizzie\n|j|\u2606Finchely\n|t:|1699894076\n|gametype|singles\n|player|p1|AlicieLizzie|marnie-masters3|\n|player|p2|Finchely|acetrainerf|\n|teamsize|p1|6\n|teamsize|p2|6\n|gen|9\n|tier|[Gen 9] Ubers\n|rule|Sleep Clause Mod: Limit one foe put to sleep\n|rule|Species Clause: Limit one of each Pok\u00e9mon\n|rule|OHKO Clause: OHKO moves are banned\n|rule|Evasion Items Clause: Evasion items are banned\n|rule|Evasion Moves Clause: Evasion moves are banned\n|rule|Endless Battle Clause: Forcing endless battles is banned\n|rule|HP Percentage Mod: HP is shown in percentages\n|clearpoke\n|poke|p1|Ninetales-Alola, M|\n|poke|p1|Baxcalibur, M|\n|poke|p1|Jirachi|\n|poke|p1|Roaring Moon|\n|poke|p1|Cyclizar, M|\n|poke|p1|Slowking-Galar, F|\n|poke|p2|Arceus-Poison|\n|poke|p2|Clefable, M|\n|poke|p2|Orthworm, F|\n|poke|p2|Blissey, F|\n|poke|p2|Cyclizar, M|\n|poke|p2|Zacian-*|\n|teampreview\n|inactive|Battle timer is ON: inactive players will automatically lose when time's up. (requested by AlicieLizzie)\n|\n|t:|1699894092\n|start\n|switch|p1a: Nine Inch Tails|Ninetales-Alola, M|100\/100\n|switch|p2a: Arceus|Arceus-Poison|100\/100\n|-weather|Snow|[from] ability: Snow Warning|[of] p1a: Nine Inch Tails\n|turn|1\n|\n|t:|1699894097\n|move|p1a: Nine Inch Tails|Aurora Veil|p1a: Nine Inch Tails\n|-sidestart|p1: AlicieLizzie|move: Aurora Veil\n|move|p2a: Arceus|Bulk Up|p2a: Arceus\n|-boost|p2a: Arceus|atk|1\n|-boost|p2a: Arceus|def|1\n|\n|-weather|Snow|[upkeep]\n|upkeep\n|turn|2\n|\n|t:|1699894100\n|move|p1a: Nine Inch Tails|Encore|p2a: Arceus\n|-start|p2a: Arceus|Encore\n|move|p2a: Arceus|Bulk Up|p2a: Arceus\n|-boost|p2a: Arceus|atk|1\n|-boost|p2a: Arceus|def|1\n|\n|-weather|Snow|[upkeep]\n|upkeep\n|turn|3\n|\n|t:|1699894114\n|switch|p2a: Orthworm|Orthworm, F|100\/100\n|move|p1a: Nine Inch Tails|Blizzard|p2a: Orthworm\n|-resisted|p2a: Orthworm\n|-damage|p2a: Orthworm|68\/100\n|-status|p2a: Orthworm|frz\n|\n|-weather|Snow|[upkeep]\n|-heal|p2a: Orthworm|74\/100 frz|[from] item: Leftovers\n|upkeep\n|turn|4\n|c|\u2606Finchely|You\n|c|\u2606AlicieLizzie|lmao\n|\n|t:|1699894128\n|switch|p1a: Roar of the Spark|Roaring Moon|100\/100\n|-enditem|p1a: Roar of the Spark|Booster Energy\n|-activate|p1a: Roar of the Spark|ability: Protosynthesis|[fromitem]\n|-start|p1a: Roar of the Spark|protosynthesisatk\n|switch|p2a: Blissey|Blissey, F, shiny|100\/100\n|\n|-weather|Snow|[upkeep]\n|upkeep\n|turn|5\n|\n|t:|1699894133\n|switch|p2a: Arceus|Arceus-Poison|100\/100\n|move|p1a: Roar of the Spark|Dragon Dance|p1a: Roar of the Spark\n|-boost|p1a: Roar of the Spark|atk|1\n|-boost|p1a: Roar of the Spark|spe|1\n|\n|-weather|none\n|upkeep\n|turn|6\n|\n|t:|1699894143\n|switch|p2a: Orthworm|Orthworm, F|74\/100 frz\n|move|p1a: Roar of the Spark|Iron Head|p2a: Orthworm\n|-resisted|p2a: Orthworm\n|-damage|p2a: Orthworm|56\/100 frz\n|\n|-heal|p2a: Orthworm|62\/100 frz|[from] item: Leftovers\n|upkeep\n|turn|7\n|\n|t:|1699894154\n|move|p1a: Roar of the Spark|Knock Off|p2a: Orthworm\n|-damage|p2a: Orthworm|0 fnt\n|-enditem|p2a: Orthworm|Leftovers|[from] move: Knock Off|[of] p1a: Roar of the Spark\n|faint|p2a: Orthworm\n|\n|upkeep\n|c|\u2606Finchely|I\u2019m not sure I can beat this\n|\n|t:|1699894169\n|switch|p2a: Arceus|Arceus-Poison|100\/100\n|turn|8\n|c|\u2606AlicieLizzie|moon goes crazy\n|c|\u2606Finchely|Orthoworm was literally my physical check\n|inactive|Finchely has 270 seconds left.\n|\n|t:|1699894192\n|move|p1a: Roar of the Spark|Iron Head|p2a: Arceus\n|-crit|p2a: Arceus\n|-damage|p2a: Arceus|44\/100\n|cant|p2a: Arceus|flinch\n|\n|-sideend|p1: AlicieLizzie|move: Aurora Veil\n|upkeep\n|turn|9\n|c|\u2606AlicieLizzie|bonk\n|c|\u2606Finchely|Wow\n|c|\u2606Finchely|uhh\n|inactive|Finchely has 270 seconds left.\n|c|\u2606AlicieLizzie|luck of a lifetime rn\n|c|\u2606Finchely|All the hax lmao\n|\n|t:|1699894214\n|move|p1a: Roar of the Spark|Acrobatics|p2a: Arceus\n|-damage|p2a: Arceus|0 fnt\n|faint|p2a: Arceus\n|\n|upkeep\n|c|\u2606AlicieLizzie|that freeze was wild lmao\n|c|\u2606Finchely|Gg\n|c|\u2606Finchely|i literally don\u2019t win this\n|-message|Finchely forfeited.\n|\n|win|AlicieLizzie\n","uploadtime":1699894237,"views":12,"p1id":"alicielizzie","p2id":"finchely","formatid":"gen9ubers","rating":0,"private":0,"password":""}