{"id":"gen9ubers-1973669874","p1":"fotossintese","p2":"AminitraboTTT","format":"[Gen 9] Ubers","log":"|j|\u2606fotossintese\n|j|\u2606AminitraboTTT\n|t:|1698001723\n|gametype|singles\n|player|p1|fotossintese|169|\n|player|p2|AminitraboTTT|supernerd|\n|teamsize|p1|6\n|teamsize|p2|6\n|gen|9\n|tier|[Gen 9] Ubers\n|rule|Sleep Clause Mod: Limit one foe put to sleep\n|rule|Species Clause: Limit one of each Pok\u00e9mon\n|rule|OHKO Clause: OHKO moves are banned\n|rule|Evasion Items Clause: Evasion items are banned\n|rule|Evasion Moves Clause: Evasion moves are banned\n|rule|Endless Battle Clause: Forcing endless battles is banned\n|rule|HP Percentage Mod: HP is shown in percentages\n|clearpoke\n|poke|p1|Ribombee, F|\n|poke|p1|Chi-Yu|\n|poke|p1|Koraidon|\n|poke|p1|Miraidon|\n|poke|p1|Flutter Mane|\n|poke|p1|Arceus|\n|poke|p2|Koraidon|\n|poke|p2|Miraidon|\n|poke|p2|Iron Bundle|\n|poke|p2|Flutter Mane|\n|poke|p2|Iron Valiant|\n|poke|p2|Great Tusk|\n|teampreview\n|c|\u2606AminitraboTTT|Hola, soy AminitraboTTT, el bot de la sala Espa\u00f1ol. gl hf\n|inactive|Battle timer is ON: inactive players will automatically lose when time's up. (requested by AminitraboTTT)\n|\n|t:|1698001728\n|start\n|switch|p1a: Ribombee|Ribombee, F|100\/100\n|switch|p2a: Great Tusk|Great Tusk|100\/100\n|turn|1\n|\n|t:|1698001733\n|-end|p2a: Great Tusk|Protosynthesis|[silent]\n|switch|p2a: Flutter Mane|Flutter Mane|100\/100\n|move|p1a: Ribombee|Stun Spore|p2a: Flutter Mane|[miss]\n|-miss|p1a: Ribombee|p2a: Flutter Mane\n|\n|upkeep\n|turn|2\n|\n|t:|1698001737\n|-terastallize|p2a: Flutter Mane|Ghost\n|move|p2a: Flutter Mane|Calm Mind|p2a: Flutter Mane\n|-boost|p2a: Flutter Mane|spa|1\n|-boost|p2a: Flutter Mane|spd|1\n|move|p1a: Ribombee|Stun Spore|p2a: Flutter Mane\n|-status|p2a: Flutter Mane|par\n|\n|upkeep\n|turn|3\n|\n|t:|1698001741\n|move|p1a: Ribombee|Sticky Web|p2a: Flutter Mane\n|-sidestart|p2: AminitraboTTT|move: Sticky Web\n|move|p2a: Flutter Mane|Substitute|p2a: Flutter Mane\n|-start|p2a: Flutter Mane|Substitute\n|-damage|p2a: Flutter Mane|76\/100 par\n|\n|-heal|p2a: Flutter Mane|82\/100 par|[from] item: Leftovers\n|upkeep\n|turn|4\n|\n|t:|1698001745\n|move|p1a: Ribombee|Moonblast|p2a: Flutter Mane\n|-end|p2a: Flutter Mane|Substitute\n|cant|p2a: Flutter Mane|par\n|\n|-heal|p2a: Flutter Mane|88\/100 par|[from] item: Leftovers\n|upkeep\n|turn|5\n|\n|t:|1698001749\n|move|p1a: Ribombee|Moonblast|p2a: Flutter Mane\n|-damage|p2a: Flutter Mane|59\/100 par\n|-unboost|p2a: Flutter Mane|spa|1\n|move|p2a: Flutter Mane|Calm Mind|p2a: Flutter Mane\n|-boost|p2a: Flutter Mane|spa|1\n|-boost|p2a: Flutter Mane|spd|1\n|\n|-heal|p2a: Flutter Mane|65\/100 par|[from] item: Leftovers\n|upkeep\n|turn|6\n|\n|t:|1698001755\n|move|p1a: Ribombee|Moonblast|p2a: Flutter Mane\n|-damage|p2a: Flutter Mane|44\/100 par\n|move|p2a: Flutter Mane|Shadow Ball|p1a: Ribombee\n|-enditem|p1a: Ribombee|Focus Sash\n|-damage|p1a: Ribombee|1\/100\n|\n|-heal|p2a: Flutter Mane|50\/100 par|[from] item: Leftovers\n|upkeep\n|turn|7\n|\n|t:|1698001759\n|move|p1a: Ribombee|Moonblast|p2a: Flutter Mane\n|-damage|p2a: Flutter Mane|30\/100 par\n|move|p2a: Flutter Mane|Shadow Ball|p1a: Ribombee\n|-damage|p1a: Ribombee|0 fnt\n|faint|p1a: Ribombee\n|\n|-heal|p2a: Flutter Mane|36\/100 par|[from] item: Leftovers\n|upkeep\n|\n|t:|1698001762\n|switch|p1a: Koraidon|Koraidon|100\/100\n|-weather|SunnyDay|[from] ability: Orichalcum Pulse|[of] p1a: Koraidon\n|-activate|p2a: Flutter Mane|ability: Protosynthesis\n|-start|p2a: Flutter Mane|protosynthesisspd\n|-activate|p1a: Koraidon|Orichalcum Pulse|[source]\n|turn|8\n|\n|t:|1698001763\n|move|p1a: Koraidon|Flame Charge|p2a: Flutter Mane\n|-damage|p2a: Flutter Mane|0 fnt\n|-boost|p1a: Koraidon|spe|1\n|faint|p2a: Flutter Mane\n|-end|p2a: Flutter Mane|Protosynthesis|[silent]\n|-damage|p1a: Koraidon|91\/100|[from] item: Life Orb\n|\n|-weather|SunnyDay|[upkeep]\n|upkeep\n|\n|t:|1698001763\n|switch|p2a: Iron Valiant|Iron Valiant|100\/100\n|-activate|p2a: Iron Valiant|move: Sticky Web\n|-unboost|p2a: Iron Valiant|spe|1\n|turn|9\n|\n|t:|1698001770\n|move|p1a: Koraidon|Flame Charge|p2a: Iron Valiant\n|-damage|p2a: Iron Valiant|38\/100\n|-boost|p1a: Koraidon|spe|1\n|-damage|p1a: Koraidon|81\/100|[from] item: Life Orb\n|move|p2a: Iron Valiant|Moonblast|p1a: Koraidon\n|-supereffective|p1a: Koraidon\n|-damage|p1a: Koraidon|0 fnt\n|faint|p1a: Koraidon\n|\n|-weather|SunnyDay|[upkeep]\n|upkeep\n|\n|t:|1698001776\n|switch|p1a: Chi-Yu|Chi-Yu|100\/100\n|-ability|p1a: Chi-Yu|Beads of Ruin\n|turn|10\n|\n|t:|1698001777\n|move|p1a: Chi-Yu|Flamethrower|p2a: Iron Valiant\n|-damage|p2a: Iron Valiant|0 fnt\n|faint|p2a: Iron Valiant\n|-end|p2a: Iron Valiant|Quark Drive|[silent]\n|-damage|p1a: Chi-Yu|91\/100|[from] item: Life Orb\n|\n|-weather|SunnyDay|[upkeep]\n|upkeep\n|\n|t:|1698001777\n|switch|p2a: Koraidon|Koraidon|100\/100\n|-activate|p2a: Koraidon|move: Sticky Web\n|-unboost|p2a: Koraidon|spe|1\n|-activate|p2a: Koraidon|ability: Orichalcum Pulse\n|turn|11\n|\n|t:|1698001779\n|move|p1a: Chi-Yu|Overheat|p2a: Koraidon\n|-resisted|p2a: Koraidon\n|-damage|p2a: Koraidon|0 fnt\n|-unboost|p1a: Chi-Yu|spa|2\n|faint|p2a: Koraidon\n|-damage|p1a: Chi-Yu|81\/100|[from] item: Life Orb\n|\n|-weather|SunnyDay|[upkeep]\n|upkeep\n|\n|t:|1698001779\n|switch|p2a: Miraidon|Miraidon|100\/100\n|-activate|p2a: Miraidon|move: Sticky Web\n|-unboost|p2a: Miraidon|spe|1\n|-fieldstart|move: Electric Terrain|[from] ability: Hadron Engine|[of] p2a: Miraidon\n|turn|12\n|\n|t:|1698001786\n|move|p1a: Chi-Yu|Dark Pulse|p2a: Miraidon\n|-crit|p2a: Miraidon\n|-damage|p2a: Miraidon|0 fnt\n|faint|p2a: Miraidon\n|-damage|p1a: Chi-Yu|71\/100|[from] item: Life Orb\n|\n|-weather|none\n|upkeep\n|\n|t:|1698001786\n|switch|p2a: Great Tusk|Great Tusk|100\/100\n|-activate|p2a: Great Tusk|move: Sticky Web\n|-unboost|p2a: Great Tusk|spe|1\n|turn|13\n|\n|t:|1698001798\n|-terastallize|p1a: Chi-Yu|Fire\n|move|p1a: Chi-Yu|Overheat|p2a: Great Tusk\n|-damage|p2a: Great Tusk|0 fnt\n|-unboost|p1a: Chi-Yu|spa|2\n|faint|p2a: Great Tusk\n|-end|p2a: Great Tusk|Protosynthesis|[silent]\n|-damage|p1a: Chi-Yu|61\/100|[from] item: Life Orb\n|\n|upkeep\n|\n|t:|1698001798\n|switch|p2a: Iron Bundle|Iron Bundle|100\/100\n|-activate|p2a: Iron Bundle|move: Sticky Web\n|-unboost|p2a: Iron Bundle|spe|1\n|-activate|p2a: Iron Bundle|ability: Quark Drive\n|-start|p2a: Iron Bundle|quarkdrivespa\n|turn|14\n|\n|t:|1698001803\n|move|p1a: Chi-Yu|Flamethrower|p2a: Iron Bundle\n|-damage|p2a: Iron Bundle|16\/100\n|-damage|p1a: Chi-Yu|51\/100|[from] item: Life Orb\n|move|p2a: Iron Bundle|Ice Beam|p1a: Chi-Yu\n|-resisted|p1a: Chi-Yu\n|-damage|p1a: Chi-Yu|6\/100\n|-damage|p2a: Iron Bundle|6\/100|[from] item: Life Orb\n|\n|upkeep\n|turn|15\n|\n|t:|1698001805\n|move|p1a: Chi-Yu|Flamethrower|p2a: Iron Bundle\n|-crit|p2a: Iron Bundle\n|-damage|p2a: Iron Bundle|0 fnt\n|faint|p2a: Iron Bundle\n|-end|p2a: Iron Bundle|Quark Drive|[silent]\n|-damage|p1a: Chi-Yu|0 fnt|[from] item: Life Orb\n|faint|p1a: Chi-Yu\n|\n|win|fotossintese\n|c|\u2606AminitraboTTT|:(\n|l|\u2606AminitraboTTT\n","uploadtime":1698001823,"views":9,"p1id":"fotossintese","p2id":"aminitrabottt","formatid":"gen9ubers","rating":0,"private":0,"password":""}