{"id":"gen9ubers-1980255720","p1":"iSHATKK","p2":"lubertlubertson","format":"[Gen 9] Ubers","log":"|j|\u2606iSHATKK\n|j|\u2606lubertlubertson\n|t:|1698770055\n|gametype|singles\n|player|p1|iSHATKK|ghetsis-gen5bw|1262\n|player|p2|lubertlubertson|lucas|1088\n|teamsize|p1|6\n|teamsize|p2|6\n|gen|9\n|tier|[Gen 9] Ubers\n|rated|\n|rule|Sleep Clause Mod: Limit one foe put to sleep\n|rule|Species Clause: Limit one of each Pok\u00e9mon\n|rule|OHKO Clause: OHKO moves are banned\n|rule|Evasion Items Clause: Evasion items are banned\n|rule|Evasion Moves Clause: Evasion moves are banned\n|rule|Endless Battle Clause: Forcing endless battles is banned\n|rule|HP Percentage Mod: HP is shown in percentages\n|clearpoke\n|poke|p1|Kyogre|\n|poke|p1|Basculegion, M|\n|poke|p1|Donphan, L25, F|\n|poke|p1|Chien-Pao|\n|poke|p1|Zacian-*|\n|poke|p1|Toxapex, M|\n|poke|p2|Weavile, M|\n|poke|p2|Gliscor, M|\n|poke|p2|Dragapult, M|\n|poke|p2|Mewtwo|\n|poke|p2|Glimmora, F|\n|poke|p2|Garchomp, M|\n|teampreview\n|inactive|Battle timer is ON: inactive players will automatically lose when time's up. (requested by iSHATKK)\n|\n|t:|1698770065\n|start\n|switch|p1a: Kyogre|Kyogre|100\/100\n|switch|p2a: Dragapult|Dragapult, M|100\/100\n|-weather|RainDance|[from] ability: Drizzle|[of] p1a: Kyogre\n|turn|1\n|\n|t:|1698770072\n|move|p1a: Kyogre|Water Spout|p2a: Dragapult\n|-resisted|p2a: Dragapult\n|-damage|p2a: Dragapult|9\/100\n|move|p2a: Dragapult|Light Screen|p2a: Dragapult\n|-sidestart|p2: lubertlubertson|move: Light Screen\n|\n|-weather|RainDance|[upkeep]\n|upkeep\n|turn|2\n|\n|t:|1698770080\n|move|p1a: Kyogre|Water Spout|p2a: Dragapult\n|-resisted|p2a: Dragapult\n|-damage|p2a: Dragapult|0 fnt\n|faint|p2a: Dragapult\n|\n|-weather|RainDance|[upkeep]\n|upkeep\n|\n|t:|1698770087\n|switch|p2a: Mewtwo|Mewtwo|100\/100\n|-ability|p2a: Mewtwo|Unnerve\n|turn|3\n|\n|t:|1698770096\n|move|p1a: Kyogre|Water Spout|p2a: Mewtwo\n|-damage|p2a: Mewtwo|30\/100\n|move|p2a: Mewtwo|Thunderbolt|p1a: Kyogre\n|-supereffective|p1a: Kyogre\n|-damage|p1a: Kyogre|15\/100\n|-status|p1a: Kyogre|par\n|\n|-weather|RainDance|[upkeep]\n|upkeep\n|turn|4\n|\n|t:|1698770106\n|switch|p1a: Donphan|Donphan, L25, F|100\/100\n|move|p2a: Mewtwo|Thunderbolt|p1a: Donphan\n|-immune|p1a: Donphan\n|\n|-weather|RainDance|[upkeep]\n|upkeep\n|turn|5\n|\n|t:|1698770116\n|switch|p2a: Weavile|Weavile, M|100\/100\n|-ability|p2a: Weavile|Pressure\n|move|p1a: Donphan|Endeavor|p2a: Weavile\n|-damage|p2a: Weavile|31\/100\n|\n|-weather|none\n|upkeep\n|turn|6\n|\n|t:|1698770126\n|move|p2a: Weavile|Icicle Crash|p1a: Donphan\n|-supereffective|p1a: Donphan\n|-ability|p1a: Donphan|Sturdy\n|-damage|p1a: Donphan|2\/100\n|move|p1a: Donphan|Endeavor|p2a: Weavile\n|-damage|p2a: Weavile|1\/100\n|-heal|p1a: Donphan|13\/100|[from] item: Shell Bell|[of] p2a: Weavile\n|\n|upkeep\n|turn|7\n|\n|t:|1698770153\n|move|p2a: Weavile|Icicle Crash|p1a: Donphan\n|-supereffective|p1a: Donphan\n|-damage|p1a: Donphan|0 fnt\n|faint|p1a: Donphan\n|\n|upkeep\n|\n|t:|1698770158\n|switch|p1a: Chien-Pao|Chien-Pao|100\/100\n|-ability|p1a: Chien-Pao|Sword of Ruin\n|turn|8\n|\n|t:|1698770165\n|move|p1a: Chien-Pao|Sucker Punch|p2a: Weavile\n|-resisted|p2a: Weavile\n|-damage|p2a: Weavile|0 fnt\n|faint|p2a: Weavile\n|-damage|p1a: Chien-Pao|91\/100|[from] item: Life Orb\n|\n|-sideend|p2: lubertlubertson|move: Light Screen\n|upkeep\n|\n|t:|1698770174\n|switch|p2a: Mewtwo|Mewtwo|30\/100\n|-ability|p2a: Mewtwo|Unnerve\n|turn|9\n|\n|t:|1698770182\n|move|p1a: Chien-Pao|Ice Spinner|p2a: Mewtwo\n|-damage|p2a: Mewtwo|0 fnt\n|faint|p2a: Mewtwo\n|-damage|p1a: Chien-Pao|81\/100|[from] item: Life Orb\n|\n|upkeep\n|\n|t:|1698770190\n|switch|p2a: Glimmora|Glimmora, F|100\/100\n|turn|10\n|\n|t:|1698770198\n|move|p1a: Chien-Pao|Sacred Sword|p2a: Glimmora\n|-damage|p2a: Glimmora|58\/100\n|-activate|p2a: Glimmora|ability: Toxic Debris\n|-sidestart|p1: iSHATKK|move: Toxic Spikes\n|-damage|p1a: Chien-Pao|71\/100|[from] item: Life Orb\n|move|p2a: Glimmora|Stealth Rock|p1a: Chien-Pao\n|-sidestart|p1: iSHATKK|move: Stealth Rock\n|\n|-heal|p2a: Glimmora|64\/100|[from] item: Leftovers\n|upkeep\n|turn|11\n|\n|t:|1698770213\n|move|p1a: Chien-Pao|Psychic Fangs|p2a: Glimmora\n|-supereffective|p2a: Glimmora\n|-damage|p2a: Glimmora|0 fnt\n|-activate|p2a: Glimmora|ability: Toxic Debris\n|-sidestart|p1: iSHATKK|move: Toxic Spikes\n|faint|p2a: Glimmora\n|-damage|p1a: Chien-Pao|61\/100|[from] item: Life Orb\n|\n|upkeep\n|\n|t:|1698770221\n|switch|p2a: Garchomp|Garchomp, M|100\/100\n|turn|12\n|\n|t:|1698770227\n|move|p1a: Chien-Pao|Ice Spinner|p2a: Garchomp\n|-supereffective|p2a: Garchomp\n|-damage|p2a: Garchomp|0 fnt\n|-damage|p1a: Chien-Pao|48\/100|[from] ability: Rough Skin|[of] p2a: Garchomp\n|-damage|p1a: Chien-Pao|32\/100|[from] item: Rocky Helmet|[of] p2a: Garchomp\n|faint|p2a: Garchomp\n|-damage|p1a: Chien-Pao|22\/100|[from] item: Life Orb\n|\n|upkeep\n|\n|t:|1698770236\n|switch|p2a: Gliscor|Gliscor, M|100\/100\n|turn|13\n|\n|t:|1698770241\n|move|p1a: Chien-Pao|Ice Spinner|p2a: Gliscor\n|-supereffective|p2a: Gliscor\n|-damage|p2a: Gliscor|0 fnt\n|faint|p2a: Gliscor\n|-damage|p1a: Chien-Pao|12\/100|[from] item: Life Orb\n|\n|win|iSHATKK\n|raw|iSHATKK's rating: 1262 &rarr; <strong>1275<\/strong><br \/>(+13 for winning)\n|raw|lubertlubertson's rating: 1088 &rarr; <strong>1076<\/strong><br \/>(-12 for losing)\n|l|\u2606lubertlubertson\n","uploadtime":1698770295,"views":11,"p1id":"ishatkk","p2id":"lubertlubertson","formatid":"gen9ubers","rating":1076,"private":0,"password":""}