{"id":"gen9ubers-1974610874","p1":"mvpasap","p2":"OsirisGrimm","format":"[Gen 9] Ubers","log":"|j|\u2606mvpasap\n|j|\u2606OsirisGrimm\n|t:|1698102402\n|gametype|singles\n|player|p1|mvpasap|palmer|\n|player|p2|OsirisGrimm|2|\n|teamsize|p1|6\n|teamsize|p2|6\n|gen|9\n|tier|[Gen 9] Ubers\n|rule|Sleep Clause Mod: Limit one foe put to sleep\n|rule|Species Clause: Limit one of each Pok\u00e9mon\n|rule|OHKO Clause: OHKO moves are banned\n|rule|Evasion Items Clause: Evasion items are banned\n|rule|Evasion Moves Clause: Evasion moves are banned\n|rule|Endless Battle Clause: Forcing endless battles is banned\n|rule|HP Percentage Mod: HP is shown in percentages\n|clearpoke\n|poke|p1|Corviknight, M|\n|poke|p1|Groudon|\n|poke|p1|Dialga-Origin|\n|poke|p1|Glimmora, F|\n|poke|p1|Chien-Pao|\n|poke|p1|Grimmsnarl, M|\n|poke|p2|Annihilape, M|\n|poke|p2|Houndstone, F|\n|poke|p2|Palafin, M|\n|poke|p2|Flutter Mane|\n|poke|p2|Espathra, F|\n|poke|p2|Chi-Yu|\n|teampreview\n|j| Hand0fD00m\n|c| Hand0fD00m|gl guys!\n|\n|t:|1698102481\n|start\n|switch|p1a: Glimmora|Glimmora, F|100\/100\n|switch|p2a: Palafin|Palafin, M|100\/100\n|turn|1\n|j| Rival Andrew\n|\n|t:|1698102495\n|move|p2a: Palafin|Flip Turn|p1a: Glimmora\n|-supereffective|p1a: Glimmora\n|-damage|p1a: Glimmora|37\/100\n|-damage|p2a: Palafin|84\/100|[from] item: Rocky Helmet|[of] p1a: Glimmora\n|-activate|p1a: Glimmora|ability: Toxic Debris\n|-sidestart|p2: OsirisGrimm|move: Toxic Spikes\n|-damage|p2a: Palafin|74\/100|[from] item: Life Orb\n|\n|t:|1698102508\n|detailschange|p2a: Palafin|Palafin-Hero, M\n|switch|p2a: Espathra|Espathra, F|100\/100|[from] Flip Turn\n|-status|p2a: Espathra|psn\n|move|p1a: Glimmora|Stealth Rock|p2a: Espathra\n|-sidestart|p2: OsirisGrimm|move: Stealth Rock\n|\n|-damage|p2a: Espathra|88\/100 psn|[from] psn\n|upkeep\n|turn|2\n|\n|t:|1698102519\n|move|p2a: Espathra|Lumina Crash|p1a: Glimmora\n|-supereffective|p1a: Glimmora\n|-damage|p1a: Glimmora|0 fnt\n|faint|p1a: Glimmora\n|\n|-damage|p2a: Espathra|76\/100 psn|[from] psn\n|upkeep\n|\n|t:|1698102536\n|switch|p1a: Chien-Pao|Chien-Pao|100\/100\n|-ability|p1a: Chien-Pao|Sword of Ruin\n|turn|3\n|\n|t:|1698102552\n|-terastallize|p1a: Chien-Pao|Dark\n|move|p1a: Chien-Pao|Swords Dance|p1a: Chien-Pao\n|-boost|p1a: Chien-Pao|atk|2\n|-ability|p2a: Espathra|Opportunist|boost\n|-boost|p2a: Espathra|atk|2\n|move|p2a: Espathra|Dazzling Gleam|p1a: Chien-Pao\n|-supereffective|p1a: Chien-Pao\n|-damage|p1a: Chien-Pao|19\/100\n|\n|-damage|p2a: Espathra|63\/100 psn|[from] psn\n|upkeep\n|turn|4\n|c| Hand0fD00m|no speed boost?\n|c| Hand0fD00m|ah\n|\n|t:|1698102569\n|move|p1a: Chien-Pao|Sucker Punch|p2a: Espathra\n|-supereffective|p2a: Espathra\n|-damage|p2a: Espathra|0 fnt\n|faint|p2a: Espathra\n|-damage|p1a: Chien-Pao|9\/100|[from] item: Life Orb\n|\n|upkeep\n|\n|t:|1698102577\n|switch|p2a: Palafin|Palafin-Hero, M|74\/100\n|-status|p2a: Palafin|psn\n|-damage|p2a: Palafin|62\/100 psn|[from] Stealth Rock\n|-activate|p2a: Palafin|ability: Zero to Hero\n|turn|5\n|\n|t:|1698102586\n|move|p1a: Chien-Pao|Sucker Punch|p2a: Palafin\n|-damage|p2a: Palafin|0 fnt\n|faint|p2a: Palafin\n|-damage|p1a: Chien-Pao|0 fnt|[from] item: Life Orb\n|faint|p1a: Chien-Pao\n|\n|upkeep\n|\n|t:|1698102605\n|switch|p1a: Grimmsnarl|Grimmsnarl, M|100\/100\n|switch|p2a: Annihilape|Annihilape, M|100\/100\n|-status|p2a: Annihilape|psn\n|-damage|p2a: Annihilape|94\/100 psn|[from] Stealth Rock\n|turn|6\n|\n|t:|1698102619\n|move|p1a: Grimmsnarl|Reflect|p1a: Grimmsnarl\n|-sidestart|p1: mvpasap|Reflect\n|move|p2a: Annihilape|Bulk Up|p2a: Annihilape\n|-boost|p2a: Annihilape|atk|1\n|-boost|p2a: Annihilape|def|1\n|\n|-damage|p2a: Annihilape|82\/100 psn|[from] psn\n|upkeep\n|turn|7\n|\n|t:|1698102628\n|move|p1a: Grimmsnarl|Taunt|p2a: Annihilape\n|-start|p2a: Annihilape|move: Taunt\n|cant|p2a: Annihilape|move: Taunt|Bulk Up\n|\n|-damage|p2a: Annihilape|69\/100 psn|[from] psn\n|upkeep\n|turn|8\n|\n|t:|1698102639\n|move|p1a: Grimmsnarl|Light Screen|p1a: Grimmsnarl\n|-sidestart|p1: mvpasap|move: Light Screen\n|move|p2a: Annihilape|Drain Punch|p1a: Grimmsnarl\n|-damage|p1a: Grimmsnarl|51\/100\n|-heal|p2a: Annihilape|97\/100 psn|[from] drain|[of] p1a: Grimmsnarl\n|-damage|p2a: Annihilape|87\/100 psn|[from] item: Life Orb\n|\n|-heal|p1a: Grimmsnarl|57\/100|[from] item: Leftovers\n|-damage|p2a: Annihilape|74\/100 psn|[from] psn\n|upkeep\n|turn|9\n|\n|t:|1698102652\n|move|p2a: Annihilape|Drain Punch|p1a: Grimmsnarl\n|-damage|p1a: Grimmsnarl|7\/100\n|-heal|p2a: Annihilape|100\/100 psn|[from] drain|[of] p1a: Grimmsnarl\n|-damage|p2a: Annihilape|91\/100 psn|[from] item: Life Orb\n|move|p1a: Grimmsnarl|Draining Kiss|p2a: Annihilape\n|-supereffective|p2a: Annihilape\n|-damage|p2a: Annihilape|49\/100 psn\n|-heal|p1a: Grimmsnarl|35\/100|[from] drain|[of] p2a: Annihilape\n|\n|-heal|p1a: Grimmsnarl|41\/100|[from] item: Leftovers\n|-damage|p2a: Annihilape|37\/100 psn|[from] psn\n|-end|p2a: Annihilape|move: Taunt\n|upkeep\n|turn|10\n|\n|t:|1698102675\n|move|p1a: Grimmsnarl|Taunt|p2a: Annihilape\n|-start|p2a: Annihilape|move: Taunt\n|move|p2a: Annihilape|Drain Punch|p1a: Grimmsnarl\n|-damage|p1a: Grimmsnarl|0 fnt\n|-heal|p2a: Annihilape|59\/100 psn|[from] drain|[of] p1a: Grimmsnarl\n|faint|p1a: Grimmsnarl\n|-damage|p2a: Annihilape|49\/100 psn|[from] item: Life Orb\n|\n|-damage|p2a: Annihilape|37\/100 psn|[from] psn\n|-sideend|p1: mvpasap|Reflect\n|upkeep\n|\n|t:|1698102688\n|switch|p1a: Corviknight|Corviknight, M|100\/100\n|turn|11\n|\n|t:|1698102696\n|move|p2a: Annihilape|Drain Punch|p1a: Corviknight\n|-damage|p1a: Corviknight|57\/100\n|-heal|p2a: Annihilape|60\/100 psn|[from] drain|[of] p1a: Corviknight\n|-damage|p2a: Annihilape|50\/100 psn|[from] item: Life Orb\n|move|p1a: Corviknight|Drill Peck|p2a: Annihilape\n|-supereffective|p2a: Annihilape\n|-damage|p2a: Annihilape|13\/100 psn\n|\n|-damage|p2a: Annihilape|1\/100 psn|[from] psn\n|upkeep\n|turn|12\n|c| Hand0fD00m|this is pretty close so far\n|\n|t:|1698102709\n|move|p2a: Annihilape|Drain Punch|p1a: Corviknight\n|-damage|p1a: Corviknight|15\/100\n|-heal|p2a: Annihilape|24\/100 psn|[from] drain|[of] p1a: Corviknight\n|-damage|p2a: Annihilape|14\/100 psn|[from] item: Life Orb\n|move|p1a: Corviknight|Roost|p1a: Corviknight\n|-heal|p1a: Corviknight|65\/100\n|-singleturn|p1a: Corviknight|move: Roost\n|\n|-damage|p2a: Annihilape|2\/100 psn|[from] psn\n|-end|p2a: Annihilape|move: Taunt\n|-sideend|p1: mvpasap|move: Light Screen\n|upkeep\n|turn|13\n|\n|t:|1698102722\n|move|p2a: Annihilape|Drain Punch|p1a: Corviknight\n|-damage|p1a: Corviknight|16\/100\n|-heal|p2a: Annihilape|29\/100 psn|[from] drain|[of] p1a: Corviknight\n|-damage|p2a: Annihilape|19\/100 psn|[from] item: Life Orb\n|move|p1a: Corviknight|Drill Peck|p2a: Annihilape\n|-supereffective|p2a: Annihilape\n|-damage|p2a: Annihilape|0 fnt\n|faint|p2a: Annihilape\n|\n|upkeep\n|\n|t:|1698102732\n|switch|p2a: Chi-Yu|Chi-Yu|100\/100\n|-status|p2a: Chi-Yu|psn\n|-damage|p2a: Chi-Yu|76\/100 psn|[from] Stealth Rock\n|-ability|p2a: Chi-Yu|Beads of Ruin\n|turn|14\n|\n|t:|1698102746\n|move|p2a: Chi-Yu|Heat Wave|p1a: Corviknight\n|-supereffective|p1a: Corviknight\n|-damage|p1a: Corviknight|0 fnt\n|faint|p1a: Corviknight\n|\n|-damage|p2a: Chi-Yu|63\/100 psn|[from] psn\n|upkeep\n|\n|t:|1698102753\n|switch|p1a: Groudon|Groudon|100\/100\n|-weather|SunnyDay|[from] ability: Drought|[of] p1a: Groudon\n|turn|15\n|\n|t:|1698102760\n|move|p1a: Groudon|Precipice Blades|p2a: Chi-Yu\n|-supereffective|p2a: Chi-Yu\n|-damage|p2a: Chi-Yu|0 fnt\n|faint|p2a: Chi-Yu\n|\n|-weather|SunnyDay|[upkeep]\n|upkeep\n|\n|t:|1698102768\n|switch|p2a: Flutter Mane|Flutter Mane|100\/100\n|-status|p2a: Flutter Mane|psn\n|-damage|p2a: Flutter Mane|88\/100 psn|[from] Stealth Rock\n|-activate|p2a: Flutter Mane|ability: Protosynthesis\n|-start|p2a: Flutter Mane|protosynthesisspe\n|turn|16\n|\n|t:|1698102783\n|move|p2a: Flutter Mane|Shadow Ball|p1a: Groudon\n|-crit|p1a: Groudon\n|-damage|p1a: Groudon|40\/100\n|-unboost|p1a: Groudon|spd|1\n|move|p1a: Groudon|Precipice Blades|p2a: Flutter Mane\n|-damage|p2a: Flutter Mane|0 fnt\n|faint|p2a: Flutter Mane\n|-end|p2a: Flutter Mane|Protosynthesis|[silent]\n|\n|-weather|SunnyDay|[upkeep]\n|upkeep\n|\n|t:|1698102793\n|switch|p2a: Houndstone|Houndstone, F|100\/100\n|-status|p2a: Houndstone|psn\n|-damage|p2a: Houndstone|88\/100 psn|[from] Stealth Rock\n|turn|17\n|\n|t:|1698102801\n|move|p1a: Groudon|Precipice Blades|p2a: Houndstone\n|-damage|p2a: Houndstone|0 fnt\n|faint|p2a: Houndstone\n|\n|win|mvpasap\n|l|\u2606mvpasap\n|c| Hand0fD00m|woww gg fast groudon\n|l|\u2606OsirisGrimm\n","uploadtime":1698102821,"views":8,"p1id":"mvpasap","p2id":"osirisgrimm","formatid":"gen9ubers","rating":0,"private":0,"password":""}