{"id":"gen9ubers-1978383994","p1":"XpokVEVO","p2":"Kizaco","format":"[Gen 9] Ubers","log":"|j|\u2606XpokVEVO\n|j|\u2606Kizaco\n|t:|1698532046\n|gametype|singles\n|player|p1|XpokVEVO|anabel|\n|player|p2|Kizaco|101|\n|teamsize|p1|6\n|teamsize|p2|6\n|gen|9\n|tier|[Gen 9] Ubers\n|rule|Sleep Clause Mod: Limit one foe put to sleep\n|rule|Species Clause: Limit one of each Pok\u00e9mon\n|rule|OHKO Clause: OHKO moves are banned\n|rule|Evasion Items Clause: Evasion items are banned\n|rule|Evasion Moves Clause: Evasion moves are banned\n|rule|Endless Battle Clause: Forcing endless battles is banned\n|rule|HP Percentage Mod: HP is shown in percentages\n|clearpoke\n|poke|p1|Arceus-Fire|\n|poke|p1|Shaymin-Sky|\n|poke|p1|Cyclizar, F|\n|poke|p1|Espathra, M|\n|poke|p1|Magearna|\n|poke|p1|Zacian-*|\n|poke|p2|Masquerain, F|\n|poke|p2|Chi-Yu|\n|poke|p2|Cyclizar, F|\n|poke|p2|Gholdengo|\n|poke|p2|Zacian-*|\n|poke|p2|Shaymin-Sky|\n|teampreview\n|\n|t:|1698532060\n|start\n|switch|p1a: Cyclizar|Cyclizar, F|100\/100\n|switch|p2a: Masquerain|Masquerain, F|100\/100\n|-ability|p2a: Masquerain|Intimidate|boost\n|-unboost|p1a: Cyclizar|atk|1\n|turn|1\n|\n|t:|1698532066\n|move|p1a: Cyclizar|Taunt|p2a: Masquerain\n|-start|p2a: Masquerain|move: Taunt\n|move|p2a: Masquerain|Air Slash|p1a: Cyclizar\n|-damage|p1a: Cyclizar|57\/100\n|\n|upkeep\n|turn|2\n|\n|t:|1698532073\n|switch|p2a: Cyclizar|Cyclizar, F|100\/100\n|move|p1a: Cyclizar|Shed Tail|p1a: Cyclizar\n|-start|p1a: Cyclizar|Substitute|[from] move: Shed Tail\n|-damage|p1a: Cyclizar|7\/100\n|\n|t:|1698532080\n|switch|p1a: Zacian|Zacian, shiny|100\/100|[from] Shed Tail\n|-ability|p1a: Zacian|Intrepid Sword|boost\n|-boost|p1a: Zacian|atk|1\n|\n|upkeep\n|turn|3\n|\n|t:|1698532084\n|move|p1a: Zacian|Play Rough|p2a: Cyclizar\n|-supereffective|p2a: Cyclizar\n|-damage|p2a: Cyclizar|0 fnt\n|faint|p2a: Cyclizar\n|\n|upkeep\n|\n|t:|1698532096\n|switch|p2a: Masquerain|Masquerain, F|100\/100\n|-ability|p2a: Masquerain|Intimidate|boost\n|-immune|p1a: Zacian\n|turn|4\n|c|\u2606XpokVEVO|Why not?\n|\n|t:|1698532126\n|move|p1a: Zacian|Play Rough|p2a: Masquerain\n|-crit|p2a: Masquerain\n|-enditem|p2a: Masquerain|Focus Sash\n|-damage|p2a: Masquerain|1\/100\n|move|p2a: Masquerain|Sticky Web|p1a: Zacian\n|-sidestart|p1: XpokVEVO|move: Sticky Web\n|\n|upkeep\n|turn|5\n|\n|t:|1698532129\n|move|p1a: Zacian|Play Rough|p2a: Masquerain|[miss]\n|-miss|p1a: Zacian|p2a: Masquerain\n|move|p2a: Masquerain|Whirlwind|p1a: Zacian\n|drag|p1a: Magearna|Magearna|100\/100\n|-activate|p1a: Magearna|move: Sticky Web\n|-unboost|p1a: Magearna|spe|1\n|\n|upkeep\n|turn|6\n|\n|t:|1698532135\n|move|p2a: Masquerain|Stun Spore|p1a: Magearna\n|-status|p1a: Magearna|par\n|move|p1a: Magearna|Thunder Wave|p2a: Masquerain\n|-status|p2a: Masquerain|par\n|\n|upkeep\n|turn|7\n|\n|t:|1698532145\n|move|p1a: Magearna|Flash Cannon|p2a: Masquerain\n|-damage|p2a: Masquerain|0 fnt\n|faint|p2a: Masquerain\n|-ability|p1a: Magearna|Soul-Heart|boost\n|-boost|p1a: Magearna|spa|1\n|\n|upkeep\n|\n|t:|1698532166\n|switch|p2a: Chi-Yu|Chi-Yu|100\/100\n|-ability|p2a: Chi-Yu|Beads of Ruin\n|turn|8\n|\n|t:|1698532172\n|move|p2a: Chi-Yu|Flame Charge|p1a: Magearna\n|-supereffective|p1a: Magearna\n|-damage|p1a: Magearna|72\/100 par\n|-boost|p2a: Chi-Yu|spe|1\n|-enditem|p1a: Magearna|Weakness Policy\n|-boost|p1a: Magearna|atk|2|[from] item: Weakness Policy\n|-boost|p1a: Magearna|spa|2|[from] item: Weakness Policy\n|move|p1a: Magearna|Fleur Cannon|p2a: Chi-Yu\n|-damage|p2a: Chi-Yu|0 fnt\n|-unboost|p1a: Magearna|spa|2\n|faint|p2a: Chi-Yu\n|-ability|p1a: Magearna|Soul-Heart|boost\n|-boost|p1a: Magearna|spa|1\n|\n|upkeep\n|\n|t:|1698532182\n|switch|p2a: Shaymin|Shaymin-Sky|100\/100\n|turn|9\n|\n|t:|1698532185\n|move|p2a: Shaymin|Earth Power|p1a: Magearna\n|-supereffective|p1a: Magearna\n|-damage|p1a: Magearna|0 fnt\n|faint|p1a: Magearna\n|\n|upkeep\n|\n|t:|1698532336\n|switch|p1a: Shaymin|Shaymin-Sky, shiny|100\/100\n|turn|10\n|\n|t:|1698532342\n|switch|p2a: Gholdengo|Gholdengo|100\/100\n|move|p1a: Shaymin|Air Slash|p2a: Gholdengo\n|-resisted|p2a: Gholdengo\n|-damage|p2a: Gholdengo|74\/100\n|-damage|p1a: Shaymin|91\/100|[from] item: Life Orb\n|\n|upkeep\n|turn|11\n|\n|t:|1698532349\n|move|p2a: Gholdengo|Shadow Ball|p1a: Shaymin\n|-damage|p1a: Shaymin|33\/100\n|move|p1a: Shaymin|Earth Power|p2a: Gholdengo\n|-supereffective|p2a: Gholdengo\n|-damage|p2a: Gholdengo|0 fnt\n|faint|p2a: Gholdengo\n|-damage|p1a: Shaymin|23\/100|[from] item: Life Orb\n|\n|upkeep\n|\n|t:|1698532356\n|switch|p2a: Zacian|Zacian|100\/100\n|-ability|p2a: Zacian|Intrepid Sword|boost\n|-boost|p2a: Zacian|atk|1\n|turn|12\n|\n|t:|1698532406\n|move|p2a: Zacian|Crunch|p1a: Shaymin\n|-damage|p1a: Shaymin|0 fnt\n|faint|p1a: Shaymin\n|\n|upkeep\n|\n|t:|1698532481\n|switch|p1a: Ar\u0441eus-Fighting|Arceus-Fire, shiny|100\/100\n|-activate|p1a: Ar\u0441eus-Fighting|move: Sticky Web\n|-unboost|p1a: Ar\u0441eus-Fighting|spe|1\n|turn|13\n|\n|t:|1698532498\n|move|p2a: Zacian|Crunch|p1a: Ar\u0441eus-Fighting\n|-damage|p1a: Ar\u0441eus-Fighting|72\/100\n|move|p1a: Ar\u0441eus-Fighting|Flare Blitz|p2a: Zacian\n|-damage|p2a: Zacian|38\/100\n|-damage|p1a: Ar\u0441eus-Fighting|54\/100|[from] Recoil\n|\n|upkeep\n|turn|14\n|\n|t:|1698532508\n|move|p2a: Zacian|Close Combat|p1a: Ar\u0441eus-Fighting\n|-damage|p1a: Ar\u0441eus-Fighting|9\/100\n|-unboost|p2a: Zacian|def|1\n|-unboost|p2a: Zacian|spd|1\n|move|p1a: Ar\u0441eus-Fighting|Flare Blitz|p2a: Zacian\n|-damage|p2a: Zacian|0 fnt\n|faint|p2a: Zacian\n|-damage|p1a: Ar\u0441eus-Fighting|0 fnt|[from] Recoil\n|faint|p1a: Ar\u0441eus-Fighting\n|\n|upkeep\n|\n|t:|1698532516\n|switch|p2a: Shaymin|Shaymin-Sky|100\/100\n|switch|p1a: Cyclizar|Cyclizar, F|40\/100\n|turn|15\n|\n|t:|1698532523\n|move|p2a: Shaymin|Seed Flare|p1a: Cyclizar|[miss]\n|-miss|p2a: Shaymin|p1a: Cyclizar\n|move|p1a: Cyclizar|Rapid Spin|p2a: Shaymin\n|-damage|p2a: Shaymin|78\/100\n|-boost|p1a: Cyclizar|spe|1\n|-sideend|p1: XpokVEVO|Sticky Web|[from] move: Rapid Spin|[of] p1a: Cyclizar\n|\n|upkeep\n|turn|16\n|c|\u2606XpokVEVO|Thats rough buddy\n|c|\u2606XpokVEVO|Specs?\n|c|\u2606Kizaco|yeh\n|\n|t:|1698532548\n|move|p1a: Cyclizar|Knock Off|p2a: Shaymin\n|-damage|p2a: Shaymin|52\/100\n|-enditem|p2a: Shaymin|Choice Specs|[from] move: Knock Off|[of] p1a: Cyclizar\n|move|p2a: Shaymin|Seed Flare|p1a: Cyclizar\n|-resisted|p1a: Cyclizar\n|-damage|p1a: Cyclizar|1\/100\n|\n|upkeep\n|turn|17\n|\n|t:|1698532553\n|move|p1a: Cyclizar|Taunt|p2a: Shaymin\n|-start|p2a: Shaymin|move: Taunt\n|move|p2a: Shaymin|Dazzling Gleam|p1a: Cyclizar\n|-supereffective|p1a: Cyclizar\n|-damage|p1a: Cyclizar|0 fnt\n|faint|p1a: Cyclizar\n|\n|upkeep\n|\n|t:|1698532557\n|switch|p1a: Zacian|Zacian, shiny|100\/100\n|turn|18\n|c|\u2606Kizaco|well thanks ig\n|c|\u2606XpokVEVO|Gg\n|c|\u2606XpokVEVO|1 speed above\n|c|\u2606Kizaco|gg\n|\n|t:|1698532569\n|-terastallize|p2a: Shaymin|Grass\n|move|p1a: Zacian|Psychic Fangs|p2a: Shaymin\n|-damage|p2a: Shaymin|2\/100\n|move|p2a: Shaymin|Seed Flare|p1a: Zacian\n|-damage|p1a: Zacian|31\/100\n|-unboost|p1a: Zacian|spd|2\n|\n|upkeep\n|turn|19\n|\n|t:|1698532575\n|move|p1a: Zacian|Psychic Fangs|p2a: Shaymin\n|-damage|p2a: Shaymin|0 fnt\n|faint|p2a: Shaymin\n|\n|win|XpokVEVO\n|c|\u2606XpokVEVO|Oh my heart\n|l|\u2606Kizaco\n","uploadtime":1698532584,"views":14,"p1id":"xpokvevo","p2id":"kizaco","formatid":"gen9ubers","rating":0,"private":0,"password":""}