{"id":"gen9ubers-1986536657","p1":"Drampa\u5927Raivoso","p2":"CaioXLive12","format":"[Gen 9] Ubers","log":"|j|\u2606Drampa\u5927Raivoso\n|j|\u2606CaioXLive12\n|inactive|Battle timer is ON: inactive players will automatically lose when time's up.\n|t:|1699489402\n|gametype|singles\n|player|p1|Drampa\u5927Raivoso|n-masters|\n|player|p2|CaioXLive12|nate|\n|teamsize|p1|6\n|teamsize|p2|6\n|gen|9\n|tier|[Gen 9] Ubers\n|rated|Tournament battle\n|rule|Sleep Clause Mod: Limit one foe put to sleep\n|rule|Species Clause: Limit one of each Pok\u00e9mon\n|rule|OHKO Clause: OHKO moves are banned\n|rule|Evasion Items Clause: Evasion items are banned\n|rule|Evasion Moves Clause: Evasion moves are banned\n|rule|Endless Battle Clause: Forcing endless battles is banned\n|rule|HP Percentage Mod: HP is shown in percentages\n|clearpoke\n|poke|p1|Ribombee, F|\n|poke|p1|Mewtwo|\n|poke|p1|Koraidon|\n|poke|p1|Clodsire, M|\n|poke|p1|Arceus-Water|\n|poke|p1|Giratina-Origin|\n|poke|p2|Calyrex-Ice|\n|poke|p2|Ursaluna, F|\n|poke|p2|Magearna|\n|poke|p2|Cresselia, F|\n|poke|p2|Arceus|\n|poke|p2|Flutter Mane|\n|teampreview\n|j| e63593\n|inactive|Drampa\u5927Raivoso also wants the timer to be on.\n|j| The Kitten Boy\n|\n|t:|1699489416\n|start\n|switch|p1a: Milton|Mewtwo|100\/100\n|switch|p2a: Cresselia|Cresselia, F|100\/100\n|-ability|p1a: Milton|Pressure\n|turn|1\n|j| rliaszaper10\n|l| e63593\n|\n|t:|1699489421\n|move|p1a: Milton|Taunt|p2a: Cresselia\n|-start|p2a: Cresselia|move: Taunt\n|cant|p2a: Cresselia|move: Taunt|Trick Room\n|\n|upkeep\n|turn|2\n|\n|t:|1699489428\n|move|p1a: Milton|Will-O-Wisp|p2a: Cresselia\n|-status|p2a: Cresselia|brn\n|move|p2a: Cresselia|Moonblast|p1a: Milton\n|-damage|p1a: Milton|84\/100\n|-unboost|p1a: Milton|spa|1\n|\n|-heal|p1a: Milton|90\/100|[from] item: Leftovers\n|-damage|p2a: Cresselia|94\/100 brn|[from] brn\n|upkeep\n|turn|3\n|\n|t:|1699489436\n|switch|p2a: Flutter Mane|Flutter Mane, shiny|100\/100\n|-enditem|p2a: Flutter Mane|Booster Energy\n|-activate|p2a: Flutter Mane|ability: Protosynthesis|[fromitem]\n|-start|p2a: Flutter Mane|protosynthesisspe\n|move|p1a: Milton|Psystrike|p2a: Flutter Mane\n|-damage|p2a: Flutter Mane|25\/100\n|\n|-heal|p1a: Milton|97\/100|[from] item: Leftovers\n|upkeep\n|turn|4\n|\n|t:|1699489451\n|switch|p1a: J\u00e3o|Clodsire, M|100\/100\n|move|p2a: Flutter Mane|Shadow Ball|p1a: J\u00e3o\n|-damage|p1a: J\u00e3o|78\/100\n|-unboost|p1a: J\u00e3o|spd|1\n|\n|-heal|p1a: J\u00e3o|84\/100|[from] item: Leftovers\n|upkeep\n|turn|5\n|\n|t:|1699489459\n|-end|p2a: Flutter Mane|Protosynthesis|[silent]\n|switch|p2a: Cresselia|Cresselia, F|94\/100 brn\n|switch|p1a: Milton|Mewtwo|97\/100\n|-ability|p1a: Milton|Pressure\n|\n|-heal|p1a: Milton|100\/100|[from] item: Leftovers\n|-damage|p2a: Cresselia|88\/100 brn|[from] brn\n|upkeep\n|turn|6\n|l| rliaszaper10\n|j| jetstreamsamBR\n|\n|t:|1699489480\n|switch|p2a: Arceus|Arceus|100\/100\n|move|p1a: Milton|Taunt|p2a: Arceus\n|-start|p2a: Arceus|move: Taunt\n|\n|upkeep\n|turn|7\n|l| The Kitten Boy\n|inactive|Drampa\u5927Raivoso has 120 seconds left.\n|j| Rodriguin_Gamer23\n|\n|t:|1699489519\n|move|p2a: Arceus|Extreme Speed|p1a: Milton\n|-damage|p1a: Milton|60\/100\n|move|p1a: Milton|Will-O-Wisp|p2a: Arceus\n|-status|p2a: Arceus|brn\n|\n|-heal|p1a: Milton|66\/100|[from] item: Leftovers\n|-damage|p2a: Arceus|94\/100 brn|[from] brn\n|upkeep\n|turn|8\n|j| R0bo_gamer\n|\n|t:|1699489540\n|move|p2a: Arceus|Extreme Speed|p1a: Milton\n|-damage|p1a: Milton|48\/100\n|move|p1a: Milton|Recover|p1a: Milton\n|-heal|p1a: Milton|98\/100\n|\n|-heal|p1a: Milton|100\/100|[from] item: Leftovers\n|-heal|p2a: Arceus|100\/100 brn|[from] item: Leftovers\n|-damage|p2a: Arceus|94\/100 brn|[from] brn\n|-end|p2a: Arceus|move: Taunt\n|upkeep\n|turn|9\n|c| R0bo_gamer|MENINO!\n|\n|t:|1699489552\n|move|p1a: Milton|Taunt|p2a: Arceus\n|-start|p2a: Arceus|move: Taunt\n|cant|p2a: Arceus|move: Taunt|Swords Dance\n|\n|-heal|p2a: Arceus|100\/100 brn|[from] item: Leftovers\n|-damage|p2a: Arceus|94\/100 brn|[from] brn\n|upkeep\n|turn|10\n|\n|t:|1699489557\n|move|p1a: Milton|Psystrike|p2a: Arceus\n|-damage|p2a: Arceus|60\/100 brn\n|move|p2a: Arceus|Shadow Claw|p1a: Milton\n|-supereffective|p1a: Milton\n|-damage|p1a: Milton|79\/100\n|\n|-heal|p1a: Milton|85\/100|[from] item: Leftovers\n|-heal|p2a: Arceus|66\/100 brn|[from] item: Leftovers\n|-damage|p2a: Arceus|60\/100 brn|[from] brn\n|upkeep\n|turn|11\n|\n|t:|1699489564\n|move|p1a: Milton|Psystrike|p2a: Arceus\n|-damage|p2a: Arceus|26\/100 brn\n|move|p2a: Arceus|Shadow Claw|p1a: Milton\n|-supereffective|p1a: Milton\n|-damage|p1a: Milton|64\/100\n|\n|-heal|p1a: Milton|71\/100|[from] item: Leftovers\n|-heal|p2a: Arceus|32\/100 brn|[from] item: Leftovers\n|-damage|p2a: Arceus|26\/100 brn|[from] brn\n|-end|p2a: Arceus|move: Taunt\n|upkeep\n|turn|12\n|\n|t:|1699489576\n|move|p1a: Milton|Taunt|p2a: Arceus\n|-start|p2a: Arceus|move: Taunt\n|move|p2a: Arceus|Shadow Claw|p1a: Milton\n|-supereffective|p1a: Milton\n|-damage|p1a: Milton|48\/100\n|\n|-heal|p1a: Milton|54\/100|[from] item: Leftovers\n|-heal|p2a: Arceus|32\/100 brn|[from] item: Leftovers\n|-damage|p2a: Arceus|26\/100 brn|[from] brn\n|upkeep\n|turn|13\n|\n|t:|1699489583\n|move|p1a: Milton|Recover|p1a: Milton\n|-heal|p1a: Milton|100\/100\n|move|p2a: Arceus|Shadow Claw|p1a: Milton\n|-supereffective|p1a: Milton\n|-damage|p1a: Milton|76\/100\n|\n|-heal|p1a: Milton|82\/100|[from] item: Leftovers\n|-heal|p2a: Arceus|32\/100 brn|[from] item: Leftovers\n|-damage|p2a: Arceus|26\/100 brn|[from] brn\n|upkeep\n|turn|14\n|c| R0bo_gamer|Batalha mais \u00e9pica de todos os tempos!\n|\n|t:|1699489587\n|move|p1a: Milton|Psystrike|p2a: Arceus\n|-damage|p2a: Arceus|0 fnt\n|faint|p2a: Arceus\n|\n|-heal|p1a: Milton|88\/100|[from] item: Leftovers\n|upkeep\n|\n|t:|1699489591\n|switch|p2a: Ursaluna|Ursaluna, F, shiny|100\/100\n|turn|15\n|c| Rodriguin_Gamer23|oi robo gomes\n|\n|t:|1699489610\n|switch|p1a: Beelzebub|Giratina-Origin|100\/100\n|move|p2a: Ursaluna|Crunch|p1a: Beelzebub\n|-supereffective|p1a: Beelzebub\n|-damage|p1a: Beelzebub|58\/100\n|\n|-status|p2a: Ursaluna|brn|[from] item: Flame Orb\n|upkeep\n|turn|16\n|c|\u2606CaioXLive12|d\u00e1 WoW agora\n|\n|t:|1699489623\n|switch|p2a: Flutter Mane|Flutter Mane, shiny|25\/100\n|move|p1a: Beelzebub|Draco Meteor|p2a: Flutter Mane\n|-immune|p2a: Flutter Mane\n|\n|upkeep\n|turn|17\n|c| Rodriguin_Gamer23|wew\n|c| R0bo_gamer|Caneta azul, azulcaneta!\n|c| jetstreamsamBR|kkkkk\n|\n|t:|1699489653\n|switch|p1a: Tinker|Ribombee, F|100\/100\n|move|p2a: Flutter Mane|Draining Kiss|p1a: Tinker\n|-damage|p1a: Tinker|51\/100\n|-heal|p2a: Flutter Mane|63\/100|[from] drain|[of] p1a: Tinker\n|\n|upkeep\n|turn|18\n|\n|t:|1699489657\n|move|p2a: Flutter Mane|Shadow Ball|p1a: Tinker\n|-damage|p1a: Tinker|0 fnt\n|faint|p1a: Tinker\n|\n|upkeep\n|\n|t:|1699489663\n|switch|p1a: Ugassauro|Koraidon|100\/100\n|-weather|SunnyDay|[from] ability: Orichalcum Pulse|[of] p1a: Ugassauro\n|-activate|p2a: Flutter Mane|ability: Protosynthesis\n|-start|p2a: Flutter Mane|protosynthesisspe\n|-activate|p1a: Ugassauro|Orichalcum Pulse|[source]\n|turn|19\n|\n|t:|1699489669\n|move|p1a: Ugassauro|Flare Blitz|p2a: Flutter Mane\n|-damage|p2a: Flutter Mane|0 fnt\n|faint|p2a: Flutter Mane\n|-end|p2a: Flutter Mane|Protosynthesis|[silent]\n|-damage|p1a: Ugassauro|85\/100|[from] Recoil\n|\n|-weather|SunnyDay|[upkeep]\n|upkeep\n|\n|t:|1699489673\n|switch|p2a: Cresselia|Cresselia, F|88\/100 brn\n|turn|20\n|c| R0bo_gamer|Batalha s\u00f3 Pok\u00e9mon Bomente OP\n|\n|t:|1699489696\n|-terastallize|p1a: Ugassauro|Fire\n|move|p1a: Ugassauro|Flare Blitz|p2a: Cresselia\n|-damage|p2a: Cresselia|0 fnt\n|faint|p2a: Cresselia\n|-damage|p1a: Ugassauro|47\/100|[from] Recoil\n|\n|-weather|SunnyDay|[upkeep]\n|upkeep\n|c| jetstreamsamBR|tendi\n|c| Rodriguin_Gamer23|cade os magikarp\n|\n|t:|1699489709\n|switch|p2a: Calyrex|Calyrex-Ice|100\/100\n|-ability|p2a: Calyrex|As One\n|-ability|p2a: Calyrex|Unnerve\n|turn|21\n|c| Rodriguin_Gamer23|?\n|\n|t:|1699489714\n|-terastallize|p2a: Calyrex|Ground\n|move|p1a: Ugassauro|Flare Blitz|p2a: Calyrex\n|-damage|p2a: Calyrex|27\/100\n|-damage|p1a: Ugassauro|19\/100|[from] Recoil\n|move|p2a: Calyrex|Trick Room|p2a: Calyrex\n|-fieldstart|move: Trick Room|[of] p2a: Calyrex\n|\n|-weather|SunnyDay|[upkeep]\n|upkeep\n|turn|22\n|c| R0bo_gamer|Presiso de uma moto em Pok\u00e9mon\n|c| Rodriguin_Gamer23|esses pokemon ruim tipo mewtwo e flutter mane\n|inactive|Drampa\u5927Raivoso has 120 seconds left.\n|c| jetstreamsamBR|e as bicicletas?\n|c| R0bo_gamer|Que de prefer\u00eancia seja um motorola\n|c| Rodriguin_Gamer23|pokemon de uber e wynaut e magikarp\n|\n|t:|1699489758\n|switch|p1a: Mahoraga|Arceus-Water|100\/100\n|move|p2a: Calyrex|Zen Headbutt|p1a: Mahoraga\n|-damage|p1a: Mahoraga|71\/100\n|\n|-weather|SunnyDay|[upkeep]\n|upkeep\n|turn|23\n|\n|t:|1699489765\n|switch|p2a: Ursaluna|Ursaluna, F, shiny|100\/100 brn\n|move|p1a: Mahoraga|Judgment|p2a: Ursaluna\n|-supereffective|p2a: Ursaluna\n|-damage|p2a: Ursaluna|58\/100 brn\n|\n|-weather|none\n|-damage|p2a: Ursaluna|52\/100 brn|[from] brn\n|upkeep\n|turn|24\n|\n|t:|1699489771\n|switch|p1a: Beelzebub|Giratina-Origin|58\/100\n|move|p2a: Ursaluna|Facade|p1a: Beelzebub\n|-immune|p1a: Beelzebub\n|\n|-damage|p2a: Ursaluna|46\/100 brn|[from] brn\n|upkeep\n|turn|25\n|j| Always Edgy\n|\n|t:|1699489778\n|switch|p1a: J\u00e3o|Clodsire, M|84\/100\n|move|p2a: Ursaluna|Crunch|p1a: J\u00e3o\n|-damage|p1a: J\u00e3o|26\/100\n|\n|-heal|p1a: J\u00e3o|32\/100|[from] item: Leftovers\n|-damage|p2a: Ursaluna|40\/100 brn|[from] brn\n|-fieldend|move: Trick Room\n|upkeep\n|turn|26\n|\n|t:|1699489789\n|move|p2a: Ursaluna|Crunch|p1a: J\u00e3o\n|-damage|p1a: J\u00e3o|0 fnt\n|faint|p1a: J\u00e3o\n|\n|-damage|p2a: Ursaluna|34\/100 brn|[from] brn\n|upkeep\n|\n|t:|1699489797\n|switch|p1a: Mahoraga|Arceus-Water|71\/100\n|turn|27\n|\n|t:|1699489804\n|move|p1a: Mahoraga|Judgment|p2a: Ursaluna\n|-supereffective|p2a: Ursaluna\n|-damage|p2a: Ursaluna|0 fnt\n|faint|p2a: Ursaluna\n|\n|upkeep\n|\n|t:|1699489807\n|switch|p2a: Magearna|Magearna|100\/100\n|turn|28\n|c| R0bo_gamer|Como funciona judment?\n|\n|t:|1699489822\n|switch|p1a: Milton|Mewtwo|88\/100\n|-ability|p1a: Milton|Pressure\n|move|p2a: Magearna|Trick Room|p2a: Magearna\n|-fieldstart|move: Trick Room|[of] p2a: Magearna\n|\n|-heal|p1a: Milton|95\/100|[from] item: Leftovers\n|upkeep\n|turn|29\n|\n|t:|1699489826\n|move|p2a: Magearna|Calm Mind|p2a: Magearna\n|-boost|p2a: Magearna|spa|1\n|-boost|p2a: Magearna|spd|1\n|move|p1a: Milton|Will-O-Wisp|p2a: Magearna\n|-status|p2a: Magearna|brn\n|\n|-heal|p1a: Milton|100\/100|[from] item: Leftovers\n|-damage|p2a: Magearna|94\/100 brn|[from] brn\n|upkeep\n|turn|30\n|\n|t:|1699489831\n|move|p2a: Magearna|Calm Mind|p2a: Magearna\n|-boost|p2a: Magearna|spa|1\n|-boost|p2a: Magearna|spd|1\n|move|p1a: Milton|Taunt|p2a: Magearna\n|-start|p2a: Magearna|move: Taunt\n|\n|-heal|p2a: Magearna|100\/100 brn|[from] item: Leftovers\n|-damage|p2a: Magearna|94\/100 brn|[from] brn\n|upkeep\n|turn|31\n|c| jetstreamsamBR|pera ae.............\n|\n|t:|1699489834\n|move|p2a: Magearna|Draining Kiss|p1a: Milton\n|-damage|p1a: Milton|64\/100\n|-heal|p2a: Magearna|100\/100 brn|[from] drain|[of] p1a: Milton\n|move|p1a: Milton|Recover|p1a: Milton\n|-heal|p1a: Milton|100\/100\n|\n|-damage|p2a: Magearna|94\/100 brn|[from] brn\n|upkeep\n|turn|32\n|c| jetstreamsamBR|mahoraga...................................\n|\n|t:|1699489840\n|move|p2a: Magearna|Draining Kiss|p1a: Milton\n|-damage|p1a: Milton|60\/100\n|-heal|p2a: Magearna|100\/100 brn|[from] drain|[of] p1a: Milton\n|move|p1a: Milton|Recover|p1a: Milton\n|-heal|p1a: Milton|100\/100\n|\n|-damage|p2a: Magearna|94\/100 brn|[from] brn\n|-fieldend|move: Trick Room\n|upkeep\n|turn|33\n|c| Always Edgy|o tipo depende da plate que voce ta usando R0bo_gamer\n|\n|t:|1699489845\n|move|p1a: Milton|Psystrike|p2a: Magearna\n|-resisted|p2a: Magearna\n|-damage|p2a: Magearna|79\/100 brn\n|move|p2a: Magearna|Draining Kiss|p1a: Milton\n|-damage|p1a: Milton|61\/100\n|-heal|p2a: Magearna|100\/100 brn|[from] drain|[of] p1a: Milton\n|\n|-heal|p1a: Milton|67\/100|[from] item: Leftovers\n|-damage|p2a: Magearna|94\/100 brn|[from] brn\n|-end|p2a: Magearna|move: Taunt\n|upkeep\n|turn|34\n|c| Always Edgy|com o arceus\n|c| R0bo_gamer|Q?\n|c| Always Edgy|e vai ter sempre 100bp 100acc\n|\n|t:|1699489856\n|move|p1a: Milton|Taunt|p2a: Magearna\n|-start|p2a: Magearna|move: Taunt\n|move|p2a: Magearna|Draining Kiss|p1a: Milton\n|-damage|p1a: Milton|29\/100\n|-heal|p2a: Magearna|100\/100 brn|[from] drain|[of] p1a: Milton\n|\n|-heal|p1a: Milton|36\/100|[from] item: Leftovers\n|-damage|p2a: Magearna|94\/100 brn|[from] brn\n|upkeep\n|turn|35\n|c| Always Edgy|tipo se voce tiver com dread plate\n|c| Always Edgy|ele vai ser tipo dark\n|\n|t:|1699489864\n|move|p1a: Milton|Recover|p1a: Milton\n|-heal|p1a: Milton|86\/100\n|move|p2a: Magearna|Draining Kiss|p1a: Milton\n|-damage|p1a: Milton|46\/100\n|-heal|p2a: Magearna|100\/100 brn|[from] drain|[of] p1a: Milton\n|\n|-heal|p1a: Milton|53\/100|[from] item: Leftovers\n|-damage|p2a: Magearna|94\/100 brn|[from] brn\n|upkeep\n|turn|36\n|c| Always Edgy|e por ai vai\n|c| Always Edgy|saca\n|\n|t:|1699489871\n|move|p1a: Milton|Psystrike|p2a: Magearna\n|-resisted|p2a: Magearna\n|-damage|p2a: Magearna|79\/100 brn\n|move|p2a: Magearna|Draining Kiss|p1a: Milton\n|-damage|p1a: Milton|13\/100\n|-heal|p2a: Magearna|100\/100 brn|[from] drain|[of] p1a: Milton\n|\n|-heal|p1a: Milton|20\/100|[from] item: Leftovers\n|-damage|p2a: Magearna|94\/100 brn|[from] brn\n|-end|p2a: Magearna|move: Taunt\n|upkeep\n|turn|37\n|\n|t:|1699489880\n|move|p1a: Milton|Taunt|p2a: Magearna\n|-start|p2a: Magearna|move: Taunt\n|cant|p2a: Magearna|move: Taunt|Trick Room\n|\n|-heal|p1a: Milton|26\/100|[from] item: Leftovers\n|-heal|p2a: Magearna|100\/100 brn|[from] item: Leftovers\n|-damage|p2a: Magearna|94\/100 brn|[from] brn\n|upkeep\n|turn|38\n|\n|t:|1699489884\n|move|p1a: Milton|Recover|p1a: Milton\n|-heal|p1a: Milton|76\/100\n|move|p2a: Magearna|Stored Power|p1a: Milton\n|-resisted|p1a: Milton\n|-damage|p1a: Milton|52\/100\n|\n|-heal|p1a: Milton|58\/100|[from] item: Leftovers\n|-heal|p2a: Magearna|100\/100 brn|[from] item: Leftovers\n|-damage|p2a: Magearna|94\/100 brn|[from] brn\n|upkeep\n|turn|39\n|c| R0bo_gamer|A\n|\n|t:|1699489892\n|move|p1a: Milton|Psystrike|p2a: Magearna\n|-resisted|p2a: Magearna\n|-damage|p2a: Magearna|80\/100 brn\n|move|p2a: Magearna|Stored Power|p1a: Milton\n|-resisted|p1a: Milton\n|-damage|p1a: Milton|35\/100\n|\n|-heal|p1a: Milton|41\/100|[from] item: Leftovers\n|-heal|p2a: Magearna|86\/100 brn|[from] item: Leftovers\n|-damage|p2a: Magearna|80\/100 brn|[from] brn\n|-end|p2a: Magearna|move: Taunt\n|upkeep\n|turn|40\n|\n|t:|1699489902\n|move|p1a: Milton|Taunt|p2a: Magearna\n|-start|p2a: Magearna|move: Taunt\n|move|p2a: Magearna|Draining Kiss|p1a: Milton\n|-damage|p1a: Milton|1\/100\n|-heal|p2a: Magearna|100\/100 brn|[from] drain|[of] p1a: Milton\n|\n|-heal|p1a: Milton|7\/100|[from] item: Leftovers\n|-damage|p2a: Magearna|94\/100 brn|[from] brn\n|upkeep\n|turn|41\n|\n|t:|1699489914\n|move|p1a: Milton|Recover|p1a: Milton\n|-heal|p1a: Milton|57\/100\n|move|p2a: Magearna|Stored Power|p1a: Milton\n|-resisted|p1a: Milton\n|-damage|p1a: Milton|33\/100\n|\n|-heal|p1a: Milton|39\/100|[from] item: Leftovers\n|-heal|p2a: Magearna|100\/100 brn|[from] item: Leftovers\n|-damage|p2a: Magearna|94\/100 brn|[from] brn\n|upkeep\n|turn|42\n|\n|t:|1699489921\n|move|p1a: Milton|Psystrike|p2a: Magearna\n|-resisted|p2a: Magearna\n|-damage|p2a: Magearna|80\/100 brn\n|move|p2a: Magearna|Stored Power|p1a: Milton\n|-resisted|p1a: Milton\n|-damage|p1a: Milton|14\/100\n|\n|-heal|p1a: Milton|20\/100|[from] item: Leftovers\n|-heal|p2a: Magearna|86\/100 brn|[from] item: Leftovers\n|-damage|p2a: Magearna|80\/100 brn|[from] brn\n|-end|p2a: Magearna|move: Taunt\n|upkeep\n|turn|43\n|\n|t:|1699489927\n|move|p1a: Milton|Taunt|p2a: Magearna\n|-start|p2a: Magearna|move: Taunt\n|move|p2a: Magearna|Stored Power|p1a: Milton\n|-resisted|p1a: Milton\n|-damage|p1a: Milton|0 fnt\n|faint|p1a: Milton\n|-ability|p2a: Magearna|Soul-Heart|boost\n|-boost|p2a: Magearna|spa|1\n|\n|-heal|p2a: Magearna|86\/100 brn|[from] item: Leftovers\n|-damage|p2a: Magearna|80\/100 brn|[from] brn\n|upkeep\n|c| R0bo_gamer|Pok\u00e9mon com a abilidade stamina \u00e9 muito OP\n|\n|t:|1699489930\n|switch|p1a: Ugassauro|Koraidon, tera:Fire|19\/100\n|-weather|SunnyDay|[from] ability: Orichalcum Pulse|[of] p1a: Ugassauro\n|-activate|p1a: Ugassauro|Orichalcum Pulse|[source]\n|turn|44\n|\n|t:|1699489935\n|move|p1a: Ugassauro|Flare Blitz|p2a: Magearna\n|-supereffective|p2a: Magearna\n|-damage|p2a: Magearna|0 fnt\n|faint|p2a: Magearna\n|-damage|p1a: Ugassauro|0 fnt|[from] Recoil\n|faint|p1a: Ugassauro\n|\n|-weather|SunnyDay|[upkeep]\n|upkeep\n|c| jetstreamsamBR|tendi\n|\n|t:|1699489943\n|switch|p1a: Mahoraga|Arceus-Water|71\/100\n|switch|p2a: Calyrex|Calyrex-Ice, tera:Ground|27\/100\n|-ability|p2a: Calyrex|As One\n|-ability|p2a: Calyrex|Unnerve\n|turn|45\n|\n|t:|1699489948\n|move|p1a: Mahoraga|Ice Beam|p2a: Calyrex\n|-supereffective|p2a: Calyrex\n|-damage|p2a: Calyrex|0 fnt\n|faint|p2a: Calyrex\n|\n|win|Drampa\u5927Raivoso\n|n|\u2606Drampa\u5927Raivoso|dramparaivoso\n|n|\u2606CaioXLive12|caioxlive12\n|n| jetstreamsamBR|jetstreamsambr\n|n| Rodriguin_Gamer23|rodriguingamer23\n|n| R0bo_gamer|r0bogamer\n|n| Always Edgy|alwaysedgy\n","uploadtime":1699489950,"views":4,"p1id":"dramparaivoso","p2id":"caioxlive12","formatid":"gen9ubers","rating":0,"private":0,"password":""}