{"id":"gen9ubers-1980693644","p1":"asdfqwerty123","p2":"lolgz","format":"[Gen 9] Ubers","log":"|j|\u2606asdfqwerty123\n|j|\u2606lolgz\n|t:|1698814055\n|gametype|singles\n|player|p1|asdfqwerty123|liza|\n|player|p2|lolgz|266|\n|teamsize|p1|6\n|teamsize|p2|6\n|gen|9\n|tier|[Gen 9] Ubers\n|rule|Sleep Clause Mod: Limit one foe put to sleep\n|rule|Species Clause: Limit one of each Pok\u00e9mon\n|rule|OHKO Clause: OHKO moves are banned\n|rule|Evasion Items Clause: Evasion items are banned\n|rule|Evasion Moves Clause: Evasion moves are banned\n|rule|Endless Battle Clause: Forcing endless battles is banned\n|rule|HP Percentage Mod: HP is shown in percentages\n|clearpoke\n|poke|p1|Arceus-Fire|\n|poke|p1|Slowking-Galar, M|\n|poke|p1|Ninetales-Alola, F|\n|poke|p1|Zapdos|\n|poke|p1|Zacian-*|\n|poke|p1|Palkia-Origin|\n|poke|p2|Magearna|\n|poke|p2|Zacian-*|\n|poke|p2|Cyclizar, F|\n|poke|p2|Palkia-Origin|\n|poke|p2|Arceus-Fire|\n|poke|p2|Garchomp, M|\n|teampreview\n|inactive|Battle timer is ON: inactive players will automatically lose when time's up. (requested by lolgz)\n|c|\u2606asdfqwerty123|glhf\n|inactive|asdfqwerty123 has 270 seconds left.\n|\n|t:|1698814093\n|start\n|switch|p1a: Zacian|Zacian, shiny|100\/100\n|switch|p2a: Cyclizar|Cyclizar, F|100\/100\n|-ability|p1a: Zacian|Intrepid Sword|boost\n|-boost|p1a: Zacian|atk|1\n|turn|1\n|\n|t:|1698814110\n|move|p2a: Cyclizar|Shed Tail|p2a: Cyclizar\n|-start|p2a: Cyclizar|Substitute|[from] move: Shed Tail\n|-damage|p2a: Cyclizar|50\/100\n|\n|t:|1698814113\n|switch|p2a: Magearna|Magearna|100\/100|[from] Shed Tail\n|move|p1a: Zacian|Play Rough|p2a: Magearna\n|-resisted|p2a: Magearna\n|-activate|p2a: Magearna|move: Substitute|[damage]\n|\n|upkeep\n|turn|2\n|\n|t:|1698814125\n|switch|p1a: Slowking|Slowking-Galar, M, shiny|100\/100\n|move|p2a: Magearna|Shift Gear|p2a: Magearna\n|-boost|p2a: Magearna|spe|2\n|-boost|p2a: Magearna|atk|1\n|\n|upkeep\n|turn|3\n|\n|t:|1698814134\n|move|p2a: Magearna|Calm Mind|p2a: Magearna\n|-boost|p2a: Magearna|spa|1\n|-boost|p2a: Magearna|spd|1\n|move|p1a: Slowking|Toxic Spikes|p2a: Magearna\n|-sidestart|p2: lolgz|move: Toxic Spikes\n|\n|upkeep\n|turn|4\n|\n|t:|1698814137\n|move|p2a: Magearna|Calm Mind|p2a: Magearna\n|-boost|p2a: Magearna|spa|1\n|-boost|p2a: Magearna|spd|1\n|move|p1a: Slowking|Toxic Spikes|p2a: Magearna\n|-sidestart|p2: lolgz|move: Toxic Spikes\n|\n|upkeep\n|turn|5\n|\n|t:|1698814152\n|move|p2a: Magearna|Calm Mind|p2a: Magearna\n|-boost|p2a: Magearna|spa|1\n|-boost|p2a: Magearna|spd|1\n|move|p1a: Slowking|Chilly Reception|p1a: Slowking\n|-weather|Snow\n|c|\u2606asdfqwerty123|forgot my 4th move on glowking lmao\n|\n|t:|1698814166\n|switch|p1a: Zapdos|Zapdos, shiny|100\/100|[from] Chilly Reception\n|\n|-weather|Snow|[upkeep]\n|upkeep\n|turn|6\n|\n|t:|1698814174\n|-terastallize|p1a: Zapdos|Grass\n|move|p2a: Magearna|Stored Power|p1a: Zapdos\n|-damage|p1a: Zapdos|0 fnt\n|faint|p1a: Zapdos\n|-ability|p2a: Magearna|Soul-Heart|boost\n|-boost|p2a: Magearna|spa|1\n|\n|-weather|Snow|[upkeep]\n|upkeep\n|\n|t:|1698814181\n|switch|p1a: Ninetales|Ninetales-Alola, F, shiny|100\/100\n|turn|7\n|\n|t:|1698814185\n|move|p1a: Ninetales|Aurora Veil|p1a: Ninetales\n|-sidestart|p1: asdfqwerty123|move: Aurora Veil\n|move|p2a: Magearna|Stored Power|p1a: Ninetales\n|-enditem|p1a: Ninetales|Focus Sash\n|-damage|p1a: Ninetales|1\/100\n|\n|-weather|Snow|[upkeep]\n|upkeep\n|turn|8\n|\n|t:|1698814188\n|move|p1a: Ninetales|Icy Wind|p2a: Magearna\n|-resisted|p2a: Magearna\n|-crit|p2a: Magearna\n|-end|p2a: Magearna|Substitute\n|move|p2a: Magearna|Shift Gear|p2a: Magearna\n|-boost|p2a: Magearna|spe|2\n|-boost|p2a: Magearna|atk|1\n|\n|-weather|Snow|[upkeep]\n|upkeep\n|turn|9\n|\n|t:|1698814200\n|move|p2a: Magearna|Draining Kiss|p1a: Ninetales\n|-damage|p1a: Ninetales|0 fnt\n|faint|p1a: Ninetales\n|-ability|p2a: Magearna|Soul-Heart|boost\n|-boost|p2a: Magearna|spa|1\n|\n|-weather|none\n|upkeep\n|\n|t:|1698814214\n|switch|p1a: Zacian|Zacian, shiny|100\/100\n|turn|10\n|\n|t:|1698814226\n|move|p2a: Magearna|Stored Power|p1a: Zacian\n|-damage|p1a: Zacian|0 fnt\n|faint|p1a: Zacian\n|-ability|p2a: Magearna|Soul-Heart|boost\n|-boost|p2a: Magearna|spa|1\n|\n|upkeep\n|\n|t:|1698814230\n|switch|p1a: Palkia|Palkia-Origin, shiny|100\/100\n|-ability|p1a: Palkia|Pressure\n|turn|11\n|\n|t:|1698814240\n|move|p2a: Magearna|Stored Power|p1a: Palkia\n|-damage|p1a: Palkia|0 fnt\n|faint|p1a: Palkia\n|\n|-sideend|p1: asdfqwerty123|move: Aurora Veil\n|upkeep\n|c|\u2606asdfqwerty123|re\n|c|\u2606asdfqwerty123|?\n|\n|t:|1698814245\n|switch|p1a: Slowking|Slowking-Galar, M, shiny|100\/100\n|turn|12\n|\n|t:|1698814254\n|move|p2a: Magearna|Stored Power|p1a: Slowking\n|-crit|p1a: Slowking\n|-damage|p1a: Slowking|0 fnt\n|faint|p1a: Slowking\n|\n|upkeep\n|\n|t:|1698814256\n|switch|p1a: Arceus|Arceus-Fire, shiny|100\/100\n|turn|13\n|\n|t:|1698814261\n|move|p1a: Arceus|Extreme Speed|p2a: Magearna\n|-resisted|p2a: Magearna\n|-damage|p2a: Magearna|92\/100\n|move|p2a: Magearna|Stored Power|p1a: Arceus\n|-damage|p1a: Arceus|0 fnt\n|faint|p1a: Arceus\n|\n|win|lolgz\n","uploadtime":1698814268,"views":11,"p1id":"asdfqwerty123","p2id":"lolgz","formatid":"gen9ubers","rating":0,"private":0,"password":""}