{"id":"gen9ubers-1968321595","p1":"UUbers account","p2":"Hakurei Aquarius","format":"[Gen 9] Ubers","log":"|j|\u2606UUbers account\n|j|\u2606Hakurei Aquarius\n|t:|1697405933\n|gametype|singles\n|player|p1|UUbers account|shadowtriad|\n|player|p2|Hakurei Aquarius|gloria|\n|teamsize|p1|6\n|teamsize|p2|6\n|gen|9\n|tier|[Gen 9] Ubers\n|rule|Sleep Clause Mod: Limit one foe put to sleep\n|rule|Species Clause: Limit one of each Pok\u00e9mon\n|rule|OHKO Clause: OHKO moves are banned\n|rule|Evasion Items Clause: Evasion items are banned\n|rule|Evasion Moves Clause: Evasion moves are banned\n|rule|Endless Battle Clause: Forcing endless battles is banned\n|rule|HP Percentage Mod: HP is shown in percentages\n|clearpoke\n|poke|p1|Basculegion-F, F|\n|poke|p1|Arceus-Dark|\n|poke|p1|Magearna|\n|poke|p1|Hatterene, F|\n|poke|p1|Chi-Yu|\n|poke|p1|Giratina|\n|poke|p2|Magearna|\n|poke|p2|Garchomp, M|\n|poke|p2|Chi-Yu|\n|poke|p2|Palkia-Origin|\n|poke|p2|Donphan, M|\n|poke|p2|Arceus-Poison|\n|teampreview\n|c|\u2606UUbers account|glhf\n|inactive|Battle timer is ON: inactive players will automatically lose when time's up. (requested by Hakurei Aquarius)\n|c|\u2606Hakurei Aquarius|You too\n|\n|t:|1697405957\n|start\n|switch|p1a: Magearna|Magearna|100\/100\n|switch|p2a: Garchomp|Garchomp, M|100\/100\n|turn|1\n|\n|t:|1697405965\n|-terastallize|p2a: Garchomp|Steel\n|move|p2a: Garchomp|Swords Dance|p2a: Garchomp\n|-boost|p2a: Garchomp|atk|2\n|move|p1a: Magearna|Fleur Cannon|p2a: Garchomp\n|-resisted|p2a: Garchomp\n|-damage|p2a: Garchomp|70\/100\n|-unboost|p1a: Magearna|spa|2\n|\n|upkeep\n|turn|2\n|\n|t:|1697405972\n|-terastallize|p1a: Magearna|Water\n|move|p2a: Garchomp|Scale Shot|p1a: Magearna\n|-damage|p1a: Magearna|85\/100\n|-damage|p1a: Magearna|70\/100\n|-damage|p1a: Magearna|53\/100\n|-damage|p1a: Magearna|38\/100\n|-hitcount|p1a: Magearna|4\n|-unboost|p2a: Garchomp|def|1\n|-boost|p2a: Garchomp|spe|1\n|move|p1a: Magearna|Thunder Wave|p2a: Garchomp\n|-status|p2a: Garchomp|par\n|\n|-heal|p1a: Magearna|44\/100|[from] item: Leftovers\n|upkeep\n|turn|3\n|c|\u2606UUbers account|what a read\n|c|\u2606Hakurei Aquarius|That was\n|c|\u2606Hakurei Aquarius|WOW I am proud of myself\n|c|\u2606UUbers account|were u guessing tera or switch?\n|\n|t:|1697405998\n|move|p2a: Garchomp|Scale Shot|p1a: Magearna\n|-damage|p1a: Magearna|27\/100\n|-damage|p1a: Magearna|11\/100\n|-damage|p1a: Magearna|0 fnt\n|faint|p1a: Magearna\n|-hitcount|p1: Magearna|3\n|-unboost|p2a: Garchomp|def|1\n|-boost|p2a: Garchomp|spe|1\n|\n|upkeep\n|c|\u2606Hakurei Aquarius|Either\n|\n|t:|1697406006\n|switch|p1a: Chi-Yu|Chi-Yu|100\/100\n|-ability|p1a: Chi-Yu|Beads of Ruin\n|turn|4\n|c|\u2606Hakurei Aquarius|no way you were keeping a steel on an eq\n|\n|t:|1697406018\n|move|p1a: Chi-Yu|Flamethrower|p2a: Garchomp\n|-supereffective|p2a: Garchomp\n|-damage|p2a: Garchomp|0 fnt\n|faint|p2a: Garchomp\n|\n|upkeep\n|\n|t:|1697406020\n|switch|p2a: Donphan|Donphan, M|100\/100\n|turn|5\n|c|\u2606UUbers account|Ive done it before\n|\n|t:|1697406030\n|switch|p1a: Hatterene|Hatterene, F|100\/100\n|move|p2a: Donphan|Earthquake|p1a: Hatterene\n|-damage|p1a: Hatterene|42\/100\n|-enditem|p1a: Hatterene|Eject Button\n|\n|t:|1697406038\n|switch|p1a: Giratina|Giratina|100\/100\n|-ability|p1a: Giratina|Pressure\n|\n|upkeep\n|turn|6\n|c|\u2606Hakurei Aquarius|A +2 cynthia flavored eq\n|c|\u2606UUbers account|lol\n|\n|t:|1697406044\n|move|p1a: Giratina|Will-O-Wisp|p2a: Donphan\n|-status|p2a: Donphan|brn\n|move|p2a: Donphan|Knock Off|p1a: Giratina\n|-supereffective|p1a: Giratina\n|-damage|p1a: Giratina|80\/100\n|-enditem|p1a: Giratina|Heavy-Duty Boots|[from] move: Knock Off|[of] p2a: Donphan\n|\n|-damage|p2a: Donphan|94\/100 brn|[from] brn\n|upkeep\n|turn|7\n|\n|t:|1697406049\n|switch|p2a: Chi-Yu|Chi-Yu|100\/100\n|-ability|p2a: Chi-Yu|Beads of Ruin\n|move|p1a: Giratina|Hex|p2a: Chi-Yu\n|-resisted|p2a: Chi-Yu\n|-damage|p2a: Chi-Yu|89\/100\n|\n|upkeep\n|turn|8\n|\n|t:|1697406060\n|move|p2a: Chi-Yu|Flamethrower|p1a: Giratina\n|-resisted|p1a: Giratina\n|-damage|p1a: Giratina|67\/100\n|move|p1a: Giratina|Roar|p2a: Chi-Yu\n|drag|p2a: Arceus|Arceus-Poison|100\/100\n|\n|upkeep\n|turn|9\n|c|\u2606Hakurei Aquarius|You got me that time\n|inactive|Hakurei Aquarius has 270 seconds left.\n|\n|t:|1697406104\n|switch|p2a: Donphan|Donphan, M|94\/100 brn\n|move|p1a: Giratina|Will-O-Wisp|p2a: Donphan\n|-fail|p2a: Donphan|brn\n|\n|-damage|p2a: Donphan|88\/100 brn|[from] brn\n|upkeep\n|turn|10\n|\n|t:|1697406118\n|switch|p1a: Arceus|Arceus-Dark|100\/100\n|move|p2a: Donphan|Knock Off|p1a: Arceus\n|-resisted|p1a: Arceus\n|-damage|p1a: Arceus|97\/100\n|\n|-damage|p2a: Donphan|82\/100 brn|[from] brn\n|upkeep\n|turn|11\n|\n|t:|1697406125\n|switch|p2a: Arceus|Arceus-Poison|100\/100\n|move|p1a: Arceus|Calm Mind|p1a: Arceus\n|-boost|p1a: Arceus|spa|1\n|-boost|p1a: Arceus|spd|1\n|\n|upkeep\n|turn|12\n|\n|t:|1697406130\n|move|p1a: Arceus|Taunt|p2a: Arceus\n|-start|p2a: Arceus|move: Taunt\n|cant|p2a: Arceus|move: Taunt|Substitute\n|\n|upkeep\n|turn|13\n|\n|t:|1697406133\n|switch|p2a: Magearna|Magearna|100\/100\n|move|p1a: Arceus|Calm Mind|p1a: Arceus\n|-boost|p1a: Arceus|spa|1\n|-boost|p1a: Arceus|spd|1\n|\n|upkeep\n|turn|14\n|\n|t:|1697406139\n|move|p1a: Arceus|Taunt|p2a: Magearna\n|-start|p2a: Magearna|move: Taunt\n|move|p2a: Magearna|Fleur Cannon|p1a: Arceus\n|-supereffective|p1a: Arceus\n|-damage|p1a: Arceus|49\/100\n|-unboost|p2a: Magearna|spa|2\n|\n|upkeep\n|turn|15\n|\n|t:|1697406144\n|switch|p2a: Donphan|Donphan, M|82\/100 brn\n|move|p1a: Arceus|Calm Mind|p1a: Arceus\n|-boost|p1a: Arceus|spa|1\n|-boost|p1a: Arceus|spd|1\n|\n|-damage|p2a: Donphan|76\/100 brn|[from] brn\n|upkeep\n|turn|16\n|\n|t:|1697406150\n|switch|p2a: Magearna|Magearna|100\/100\n|move|p1a: Arceus|Recover|p1a: Arceus\n|-heal|p1a: Arceus|99\/100\n|\n|upkeep\n|turn|17\n|\n|t:|1697406152\n|move|p1a: Arceus|Taunt|p2a: Magearna\n|-start|p2a: Magearna|move: Taunt\n|move|p2a: Magearna|Fleur Cannon|p1a: Arceus\n|-supereffective|p1a: Arceus\n|-damage|p1a: Arceus|61\/100\n|-unboost|p2a: Magearna|spa|2\n|\n|upkeep\n|turn|18\n|\n|t:|1697406157\n|move|p1a: Arceus|Calm Mind|p1a: Arceus\n|-boost|p1a: Arceus|spa|1\n|-boost|p1a: Arceus|spd|1\n|move|p2a: Magearna|Fleur Cannon|p1a: Arceus\n|-supereffective|p1a: Arceus\n|-damage|p1a: Arceus|46\/100\n|-unboost|p2a: Magearna|spa|2\n|\n|upkeep\n|turn|19\n|\n|t:|1697406161\n|move|p1a: Arceus|Recover|p1a: Arceus\n|-heal|p1a: Arceus|96\/100\n|move|p2a: Magearna|Fleur Cannon|p1a: Arceus\n|-supereffective|p1a: Arceus\n|-damage|p1a: Arceus|85\/100\n|-unboost|p2a: Magearna|spa|2\n|\n|-end|p2a: Magearna|move: Taunt\n|upkeep\n|turn|20\n|c|\u2606UUbers account|fishing for a crit\n|c|\u2606Hakurei Aquarius|A SINGULAR CRIT\n|c|\u2606Hakurei Aquarius|IS ALL I NEED\n|\n|t:|1697406175\n|move|p1a: Arceus|Taunt|p2a: Magearna\n|-start|p2a: Magearna|move: Taunt\n|move|p2a: Magearna|Fleur Cannon|p1a: Arceus\n|-supereffective|p1a: Arceus\n|-damage|p1a: Arceus|78\/100\n|\n|upkeep\n|turn|21\n|\n|t:|1697406179\n|move|p1a: Arceus|Recover|p1a: Arceus\n|-heal|p1a: Arceus|100\/100\n|move|p2a: Magearna|Fleur Cannon|p1a: Arceus\n|-supereffective|p1a: Arceus\n|-damage|p1a: Arceus|92\/100\n|\n|upkeep\n|turn|22\n|\n|t:|1697406182\n|move|p1a: Arceus|Calm Mind|p1a: Arceus\n|-boost|p1a: Arceus|spa|1\n|-boost|p1a: Arceus|spd|1\n|move|p2a: Magearna|Fleur Cannon|p1a: Arceus\n|-supereffective|p1a: Arceus\n|-damage|p1a: Arceus|84\/100\n|\n|-end|p2a: Magearna|move: Taunt\n|upkeep\n|turn|23\n|c|\u2606Hakurei Aquarius|MAGEARNA\n|c|\u2606Hakurei Aquarius|PLEASE\n|\n|t:|1697406191\n|move|p1a: Arceus|Calm Mind|p1a: Arceus\n|-boost|p1a: Arceus|spa|1\n|-boost|p1a: Arceus|spd|1\n|move|p2a: Magearna|Fleur Cannon|p1a: Arceus\n|-supereffective|p1a: Arceus\n|-damage|p1a: Arceus|77\/100\n|\n|upkeep\n|turn|24\n|c|\u2606UUbers account|dont rely on a crit to win\n|c|\u2606Hakurei Aquarius|I got nothing else\n|c|\u2606Hakurei Aquarius|the rest are special\n|c|\u2606UUbers account|just in general\n|\n|t:|1697406207\n|move|p1a: Arceus|Taunt|p2a: Magearna\n|-start|p2a: Magearna|move: Taunt\n|cant|p2a: Magearna|move: Taunt|Thunder Wave\n|\n|upkeep\n|turn|25\n|\n|t:|1697406214\n|move|p1a: Arceus|Judgment|p2a: Magearna\n|-resisted|p2a: Magearna\n|-damage|p2a: Magearna|23\/100\n|move|p2a: Magearna|Volt Switch|p1a: Arceus\n|-crit|p1a: Arceus\n|-damage|p1a: Arceus|49\/100\n|c|\u2606UUbers account|lol\n|c|\u2606Hakurei Aquarius|..\n|c|\u2606Hakurei Aquarius|bro\n|\n|t:|1697406226\n|switch|p2a: Palkia|Palkia-Origin|100\/100|[from] Volt Switch\n|-ability|p2a: Palkia|Pressure\n|\n|upkeep\n|turn|26\n|c|\u2606UUbers account|that is scripted\n|\n|t:|1697406237\n|move|p1a: Arceus|Judgment|p2a: Palkia\n|-damage|p2a: Palkia|0 fnt\n|faint|p2a: Palkia\n|\n|upkeep\n|\n|t:|1697406240\n|switch|p2a: Chi-Yu|Chi-Yu|89\/100\n|-ability|p2a: Chi-Yu|Beads of Ruin\n|turn|27\n|\n|t:|1697406246\n|move|p2a: Chi-Yu|Flamethrower|p1a: Arceus\n|-damage|p1a: Arceus|39\/100\n|move|p1a: Arceus|Recover|p1a: Arceus\n|-heal|p1a: Arceus|89\/100\n|\n|upkeep\n|turn|28\n|\n|t:|1697406248\n|move|p2a: Chi-Yu|Flamethrower|p1a: Arceus\n|-damage|p1a: Arceus|79\/100\n|move|p1a: Arceus|Judgment|p2a: Chi-Yu\n|-resisted|p2a: Chi-Yu\n|-damage|p2a: Chi-Yu|0 fnt\n|faint|p2a: Chi-Yu\n|\n|upkeep\n|\n|t:|1697406252\n|switch|p2a: Arceus|Arceus-Poison|100\/100\n|turn|29\n|c|\u2606Hakurei Aquarius|I changed my arceus set btw\n|c|\u2606Hakurei Aquarius|not this one\n|c|\u2606Hakurei Aquarius|during the battle\n|\n|t:|1697406265\n|move|p2a: Arceus|Substitute|p2a: Arceus\n|-start|p2a: Arceus|Substitute\n|-damage|p2a: Arceus|76\/100\n|move|p1a: Arceus|Judgment|p2a: Arceus\n|-end|p2a: Arceus|Substitute\n|\n|upkeep\n|turn|30\n|c|\u2606UUbers account|what is the new one?\n|\n|t:|1697406272\n|move|p1a: Arceus|Judgment|p2a: Arceus\n|-damage|p2a: Arceus|0 fnt\n|faint|p2a: Arceus\n|\n|upkeep\n|\n|t:|1697406275\n|switch|p2a: Donphan|Donphan, M|76\/100 brn\n|turn|31\n|c|\u2606Hakurei Aquarius|A counter\n|\n|t:|1697406286\n|move|p1a: Arceus|Judgment|p2a: Donphan\n|-damage|p2a: Donphan|0 fnt\n|faint|p2a: Donphan\n|\n|upkeep\n|\n|t:|1697406289\n|switch|p2a: Magearna|Magearna|23\/100\n|turn|32\n|\n|t:|1697406292\n|move|p1a: Arceus|Judgment|p2a: Magearna\n|-resisted|p2a: Magearna\n|-damage|p2a: Magearna|0 fnt\n|faint|p2a: Magearna\n|\n|win|UUbers account\n|c|\u2606Hakurei Aquarius|Wanna see?\n|c|\u2606UUbers account|this darkceus set isnt common aty all\n|c|\u2606Hakurei Aquarius|Its a counter to all arceus sets\n|c|\u2606UUbers account|sure ill see it\n|c|\u2606Hakurei Aquarius|Or, the primary ones I\u2019m dealing with\n|c|\u2606Hakurei Aquarius|Pre tera\n|l|\u2606Hakurei Aquarius\n","uploadtime":1697406352,"views":20,"p1id":"uubersaccount","p2id":"hakureiaquarius","formatid":"gen9ubers","rating":0,"private":0,"password":""}