{"id":"gen9ubers-1973755213","p1":"Vincent76300","p2":"Deriverse","format":"[Gen 9] Ubers","log":"|j|\u2606Vincent76300\n|j|\u2606Deriverse\n|t:|1698010131\n|gametype|singles\n|player|p1|Vincent76300|silver|1242\n|player|p2|Deriverse|roxanne|1217\n|teamsize|p1|6\n|teamsize|p2|6\n|gen|9\n|tier|[Gen 9] Ubers\n|rated|\n|rule|Sleep Clause Mod: Limit one foe put to sleep\n|rule|Species Clause: Limit one of each Pok\u00e9mon\n|rule|OHKO Clause: OHKO moves are banned\n|rule|Evasion Items Clause: Evasion items are banned\n|rule|Evasion Moves Clause: Evasion moves are banned\n|rule|Endless Battle Clause: Forcing endless battles is banned\n|rule|HP Percentage Mod: HP is shown in percentages\n|clearpoke\n|poke|p1|Landorus-Therian, M|\n|poke|p1|Toxapex, M|\n|poke|p1|Kyogre|\n|poke|p1|Chansey, F|\n|poke|p1|Arceus-Fairy|\n|poke|p1|Regieleki|\n|poke|p2|Shaymin-Sky|\n|poke|p2|Flutter Mane|\n|poke|p2|Groudon|\n|poke|p2|Palafin, M|\n|poke|p2|Ribombee, M|\n|poke|p2|Great Tusk|\n|teampreview\n|inactive|Battle timer is ON: inactive players will automatically lose when time's up. (requested by Deriverse)\n|\n|t:|1698010167\n|start\n|switch|p1a: New vibe|Arceus-Fairy|100\/100\n|switch|p2a: Great Tusk|Great Tusk|100\/100\n|turn|1\n|\n|t:|1698010178\n|move|p1a: New vibe|Judgment|p2a: Great Tusk\n|-supereffective|p2a: Great Tusk\n|-damage|p2a: Great Tusk|0 fnt\n|faint|p2a: Great Tusk\n|-end|p2a: Great Tusk|Protosynthesis|[silent]\n|\n|upkeep\n|\n|t:|1698010181\n|switch|p2a: Ribombee|Ribombee, M|100\/100\n|turn|2\n|\n|t:|1698010184\n|move|p2a: Ribombee|Sticky Web|p1a: New vibe\n|-sidestart|p1: Vincent76300|move: Sticky Web\n|move|p1a: New vibe|Judgment|p2a: Ribombee\n|-damage|p2a: Ribombee|4\/100\n|\n|upkeep\n|turn|3\n|\n|t:|1698010189\n|move|p2a: Ribombee|Stun Spore|p1a: New vibe\n|-status|p1a: New vibe|par\n|move|p1a: New vibe|Judgment|p2a: Ribombee\n|-damage|p2a: Ribombee|0 fnt\n|faint|p2a: Ribombee\n|\n|upkeep\n|\n|t:|1698010195\n|switch|p2a: Groudon|Groudon|100\/100\n|-weather|SunnyDay|[from] ability: Drought|[of] p2a: Groudon\n|turn|4\n|\n|t:|1698010199\n|switch|p1a: CHIEN|Landorus-Therian, M|100\/100\n|-ability|p1a: CHIEN|Intimidate|boost\n|-unboost|p2a: Groudon|atk|1\n|move|p2a: Groudon|Precipice Blades|p1a: CHIEN\n|-immune|p1a: CHIEN\n|\n|-weather|SunnyDay|[upkeep]\n|upkeep\n|turn|5\n|\n|t:|1698010206\n|-terastallize|p1a: CHIEN|Ice\n|move|p1a: CHIEN|Tera Blast|p2a: Groudon|[anim] Tera Blast Ice\n|-supereffective|p2a: Groudon\n|-damage|p2a: Groudon|43\/100\n|move|p2a: Groudon|Swords Dance|p2a: Groudon\n|-boost|p2a: Groudon|atk|2\n|\n|-weather|SunnyDay|[upkeep]\n|upkeep\n|turn|6\n|\n|t:|1698010213\n|switch|p2a: Palafin|Palafin, M|100\/100\n|move|p1a: CHIEN|Tera Blast|p2a: Palafin|[anim] Tera Blast Ice\n|-resisted|p2a: Palafin\n|-damage|p2a: Palafin|74\/100\n|\n|-weather|SunnyDay|[upkeep]\n|upkeep\n|turn|7\n|\n|t:|1698010231\n|move|p1a: CHIEN|Tera Blast|p2a: Palafin|[anim] Tera Blast Ice\n|-resisted|p2a: Palafin\n|-damage|p2a: Palafin|47\/100\n|move|p2a: Palafin|Flip Turn|p1a: CHIEN\n|-damage|p1a: CHIEN|86\/100\n|\n|t:|1698010240\n|detailschange|p2a: Palafin|Palafin-Hero, M\n|switch|p2a: Flutter Mane|Flutter Mane|100\/100|[from] Flip Turn\n|-activate|p2a: Flutter Mane|ability: Protosynthesis\n|-start|p2a: Flutter Mane|protosynthesisspe\n|\n|-weather|SunnyDay|[upkeep]\n|upkeep\n|turn|8\n|\n|t:|1698010244\n|switch|p1a: OEUF|Chansey, F|100\/100\n|-activate|p1a: OEUF|move: Sticky Web\n|-unboost|p1a: OEUF|spe|1\n|move|p2a: Flutter Mane|Moonblast|p1a: OEUF\n|-damage|p1a: OEUF|88\/100\n|\n|-weather|SunnyDay|[upkeep]\n|upkeep\n|turn|9\n|\n|t:|1698010251\n|move|p2a: Flutter Mane|Substitute|p2a: Flutter Mane\n|-start|p2a: Flutter Mane|Substitute\n|-damage|p2a: Flutter Mane|76\/100\n|move|p1a: OEUF|Heal Bell|p1a: OEUF\n|-activate|p1a: OEUF|move: Heal Bell\n|-curestatus|p1: New vibe|par|[msg]\n|\n|-weather|SunnyDay|[upkeep]\n|-heal|p2a: Flutter Mane|82\/100|[from] item: Leftovers\n|upkeep\n|turn|10\n|\n|t:|1698010261\n|switch|p1a: CHIEN|Landorus-Therian, M, tera:Ice|86\/100\n|-activate|p1a: CHIEN|move: Sticky Web\n|-unboost|p1a: CHIEN|spe|1\n|-ability|p1a: CHIEN|Intimidate|boost\n|-immune|p2a: Flutter Mane\n|move|p2a: Flutter Mane|Calm Mind|p2a: Flutter Mane\n|-boost|p2a: Flutter Mane|spa|1\n|-boost|p2a: Flutter Mane|spd|1\n|\n|-weather|SunnyDay|[upkeep]\n|-heal|p2a: Flutter Mane|88\/100|[from] item: Leftovers\n|upkeep\n|turn|11\n|\n|t:|1698010269\n|move|p2a: Flutter Mane|Moonblast|p1a: CHIEN\n|-damage|p1a: CHIEN|0 fnt\n|faint|p1a: CHIEN\n|\n|-weather|none\n|-end|p2a: Flutter Mane|Protosynthesis\n|-heal|p2a: Flutter Mane|94\/100|[from] item: Leftovers\n|upkeep\n|\n|t:|1698010286\n|switch|p1a: New vibe|Arceus-Fairy|100\/100\n|-activate|p1a: New vibe|move: Sticky Web\n|-unboost|p1a: New vibe|spe|1\n|turn|12\n|\n|t:|1698010297\n|move|p2a: Flutter Mane|Moonblast|p1a: New vibe\n|-damage|p1a: New vibe|48\/100\n|-unboost|p1a: New vibe|spa|1\n|move|p1a: New vibe|Judgment|p2a: Flutter Mane\n|-activate|p2a: Flutter Mane|move: Substitute|[damage]\n|\n|-heal|p2a: Flutter Mane|99\/100|[from] item: Leftovers\n|upkeep\n|turn|13\n|\n|t:|1698010304\n|move|p2a: Flutter Mane|Moonblast|p1a: New vibe\n|-damage|p1a: New vibe|0 fnt\n|faint|p1a: New vibe\n|\n|-heal|p2a: Flutter Mane|100\/100|[from] item: Leftovers\n|upkeep\n|\n|t:|1698010307\n|switch|p1a: POISSON|Kyogre|100\/100\n|-activate|p1a: POISSON|move: Sticky Web\n|-unboost|p1a: POISSON|spe|1\n|-weather|RainDance|[from] ability: Drizzle|[of] p1a: POISSON\n|turn|14\n|\n|t:|1698010310\n|move|p2a: Flutter Mane|Moonblast|p1a: POISSON\n|-damage|p1a: POISSON|42\/100\n|move|p1a: POISSON|Water Spout|p2a: Flutter Mane\n|-end|p2a: Flutter Mane|Substitute\n|\n|-weather|RainDance|[upkeep]\n|upkeep\n|turn|15\n|-message|Vincent76300 forfeited.\n|\n|win|Deriverse\n|raw|Vincent76300's rating: 1242 &rarr; <strong>1215<\/strong><br \/>(-27 for losing)\n|raw|Deriverse's rating: 1217 &rarr; <strong>1244<\/strong><br \/>(+27 for winning)\n|l|\u2606Vincent76300\n","uploadtime":1698010326,"views":14,"p1id":"vincent76300","p2id":"deriverse","formatid":"gen9ubers","rating":1215,"private":0,"password":""}