{"id":"gen9ubers-1979982919","p1":"sparkyboii200","p2":"Mads_The_Boy","format":"[Gen 9] Ubers","log":"|j|\u2606sparkyboii200\n|j|\u203dMads_The_Boy\n|t:|1698741559\n|gametype|singles\n|player|p1|sparkyboii200|volkner|1191\n|player|p2|Mads_The_Boy|wallace|1104\n|teamsize|p1|6\n|teamsize|p2|6\n|gen|9\n|tier|[Gen 9] Ubers\n|rated|\n|rule|Sleep Clause Mod: Limit one foe put to sleep\n|rule|Species Clause: Limit one of each Pok\u00e9mon\n|rule|OHKO Clause: OHKO moves are banned\n|rule|Evasion Items Clause: Evasion items are banned\n|rule|Evasion Moves Clause: Evasion moves are banned\n|rule|Endless Battle Clause: Forcing endless battles is banned\n|rule|HP Percentage Mod: HP is shown in percentages\n|clearpoke\n|poke|p1|Jolteon, F|\n|poke|p1|Chien-Pao|\n|poke|p1|Zacian-*|\n|poke|p1|Corviknight, M|\n|poke|p1|Skeledirge, M|\n|poke|p1|Kyogre|\n|poke|p2|Ogerpon-Hearthflame, F|\n|poke|p2|Koraidon|\n|poke|p2|Darkrai|\n|poke|p2|Calyrex-Ice|\n|poke|p2|Giratina-Origin|\n|poke|p2|Zacian-*|\n|teampreview\n|inactive|Battle timer is ON: inactive players will automatically lose when time's up. (requested by sparkyboii200)\n|c|\u2606sparkyboii200|glhf!\n|\n|t:|1698741570\n|start\n|switch|p1a: Koii|Corviknight, M|100\/100\n|switch|p2a: Darkrai|Darkrai|100\/100\n|-ability|p1a: Koii|Pressure\n|turn|1\n|\n|t:|1698741579\n|move|p2a: Darkrai|Hypnosis|p1a: Koii\n|-status|p1a: Koii|slp|[from] move: Hypnosis\n|cant|p1a: Koii|slp\n|\n|-damage|p1a: Koii|88\/100 slp|[from] ability: Bad Dreams|[of] p2a: Darkrai\n|upkeep\n|turn|2\n|\n|t:|1698741586\n|move|p2a: Darkrai|Nasty Plot|p2a: Darkrai\n|-boost|p2a: Darkrai|spa|2\n|cant|p1a: Koii|slp\n|\n|-damage|p1a: Koii|76\/100 slp|[from] ability: Bad Dreams|[of] p2a: Darkrai\n|upkeep\n|turn|3\n|\n|t:|1698741593\n|move|p2a: Darkrai|Nasty Plot|p2a: Darkrai\n|-boost|p2a: Darkrai|spa|2\n|cant|p1a: Koii|slp\n|\n|-damage|p1a: Koii|64\/100 slp|[from] ability: Bad Dreams|[of] p2a: Darkrai\n|upkeep\n|turn|4\n|\n|t:|1698741600\n|move|p2a: Darkrai|Nasty Plot|p2a: Darkrai\n|-boost|p2a: Darkrai|spa|2\n|-curestatus|p1a: Koii|slp|[msg]\n|move|p1a: Koii|U-turn|p2a: Darkrai\n|-supereffective|p2a: Darkrai\n|-damage|p2a: Darkrai|59\/100\n|\n|t:|1698741603\n|switch|p1a: Isheru|Chien-Pao|100\/100|[from] U-turn\n|-ability|p1a: Isheru|Sword of Ruin\n|\n|upkeep\n|turn|5\n|\n|t:|1698741614\n|move|p1a: Isheru|Sacred Sword|p2a: Darkrai\n|-supereffective|p2a: Darkrai\n|-damage|p2a: Darkrai|0 fnt\n|faint|p2a: Darkrai\n|\n|upkeep\n|\n|t:|1698741621\n|switch|p2a: Koraidon|Koraidon|100\/100\n|-weather|SunnyDay|[from] ability: Orichalcum Pulse|[of] p2a: Koraidon\n|-activate|p2a: Koraidon|Orichalcum Pulse|[source]\n|turn|6\n|\n|t:|1698741630\n|switch|p1a: Valk|Skeledirge, M|100\/100\n|move|p2a: Koraidon|Collision Course|p1a: Valk\n|-immune|p1a: Valk\n|\n|-weather|SunnyDay|[upkeep]\n|upkeep\n|turn|7\n|\n|t:|1698741640\n|switch|p2a: Ogerpon|Ogerpon-Hearthflame, F|100\/100\n|-ability|p2a: Ogerpon|Mold Breaker\n|move|p1a: Valk|Will-O-Wisp|p2a: Ogerpon\n|-immune|p2a: Ogerpon\n|\n|-weather|SunnyDay|[upkeep]\n|upkeep\n|turn|8\n|\n|t:|1698741648\n|move|p2a: Ogerpon|Swords Dance|p2a: Ogerpon\n|-boost|p2a: Ogerpon|atk|2\n|move|p1a: Valk|Torch Song|p2a: Ogerpon\n|-damage|p2a: Ogerpon|50\/100\n|-boost|p1a: Valk|spa|1\n|\n|-weather|SunnyDay|[upkeep]\n|upkeep\n|turn|9\n|\n|t:|1698741657\n|-terastallize|p2a: Ogerpon|Fire\n|detailschange|p2a: Ogerpon|Ogerpon-Hearthflame-Tera, F, tera:Fire\n|-ability|p2a: Ogerpon|Embody Aspect (Hearthflame)|boost\n|-boost|p2a: Ogerpon|atk|1\n|move|p2a: Ogerpon|Play Rough|p1a: Valk\n|-resisted|p1a: Valk\n|-damage|p1a: Valk|87\/100\n|move|p1a: Valk|Torch Song|p2a: Ogerpon\n|-resisted|p2a: Ogerpon\n|-damage|p2a: Ogerpon|12\/100\n|-boost|p1a: Valk|spa|1\n|\n|-weather|SunnyDay|[upkeep]\n|-heal|p1a: Valk|93\/100|[from] item: Leftovers\n|upkeep\n|turn|10\n|\n|t:|1698741671\n|move|p2a: Ogerpon|Ivy Cudgel|p1a: Valk\n|-resisted|p1a: Valk\n|-damage|p1a: Valk|45\/100\n|move|p1a: Valk|Torch Song|p2a: Ogerpon\n|-resisted|p2a: Ogerpon\n|-damage|p2a: Ogerpon|0 fnt\n|-boost|p1a: Valk|spa|1\n|faint|p2a: Ogerpon\n|\n|-weather|none\n|-heal|p1a: Valk|51\/100|[from] item: Leftovers\n|upkeep\n|l|\u203dMads_The_Boy\n|inactive|Mads_The_Boy disconnected and has a minute to reconnect!\n|player|p2|\n|inactive|Mads_The_Boy has 30 seconds to reconnect!\n|inactive|Mads_The_Boy has 20 seconds to reconnect!\n|inactive|Mads_The_Boy has 15 seconds to reconnect!\n|inactive|Mads_The_Boy has 10 seconds to reconnect!\n|inactive|Mads_The_Boy has 5 seconds to reconnect!\n|-message|Mads_The_Boy lost due to inactivity.\n|\n|win|sparkyboii200\n|raw|sparkyboii200's rating: 1191 &rarr; <strong>1210<\/strong><br \/>(+19 for winning)\n|raw|Mads_The_Boy's rating: 1104 &rarr; <strong>1085<\/strong><br \/>(-19 for losing)\n","uploadtime":1698741745,"views":11,"p1id":"sparkyboii200","p2id":"madstheboy","formatid":"gen9ubers","rating":1085,"private":0,"password":""}