{"id":"gen9ubers-1989444363","p1":"Rhmsitb","p2":"mlgpokeballer","format":"[Gen 9] Ubers","log":"|j|\u2606Rhmsitb\n|j|\u2606mlgpokeballer\n|t:|1699851387\n|gametype|singles\n|player|p1|Rhmsitb|#uplximelmetal|\n|player|p2|mlgpokeballer|crasherwake|\n|teamsize|p1|6\n|teamsize|p2|6\n|gen|9\n|tier|[Gen 9] Ubers\n|rated|Tournament battle\n|rule|Sleep Clause Mod: Limit one foe put to sleep\n|rule|Species Clause: Limit one of each Pok\u00e9mon\n|rule|OHKO Clause: OHKO moves are banned\n|rule|Evasion Items Clause: Evasion items are banned\n|rule|Evasion Moves Clause: Evasion moves are banned\n|rule|Endless Battle Clause: Forcing endless battles is banned\n|rule|HP Percentage Mod: HP is shown in percentages\n|clearpoke\n|poke|p1|Glimmora, M|\n|poke|p1|Arceus|\n|poke|p1|Koraidon|\n|poke|p1|Ditto|\n|poke|p1|Miraidon|\n|poke|p1|Zacian-*|\n|poke|p2|Zacian-*|\n|poke|p2|Koraidon|\n|poke|p2|Miraidon|\n|poke|p2|Ting-Lu|\n|poke|p2|Skeledirge, M|\n|poke|p2|Giratina-Origin|\n|teampreview\n|\n|t:|1699851397\n|start\n|switch|p1a: Glimmora|Glimmora, M|100\/100\n|switch|p2a: Koraidon|Koraidon|100\/100\n|-weather|SunnyDay|[from] ability: Orichalcum Pulse|[of] p2a: Koraidon\n|-activate|p2a: Koraidon|Orichalcum Pulse|[source]\n|turn|1\n|\n|t:|1699851409\n|move|p2a: Koraidon|Scale Shot|p1a: Glimmora\n|-damage|p1a: Glimmora|79\/100\n|-activate|p1a: Glimmora|ability: Toxic Debris\n|-sidestart|p2: mlgpokeballer|move: Toxic Spikes\n|-damage|p1a: Glimmora|57\/100\n|-activate|p1a: Glimmora|ability: Toxic Debris\n|-sidestart|p2: mlgpokeballer|move: Toxic Spikes\n|-damage|p1a: Glimmora|34\/100\n|-damage|p1a: Glimmora|11\/100\n|-hitcount|p1a: Glimmora|4\n|-unboost|p2a: Koraidon|def|1\n|-boost|p2a: Koraidon|spe|1\n|move|p1a: Glimmora|Stealth Rock|p2a: Koraidon\n|-sidestart|p2: mlgpokeballer|move: Stealth Rock\n|\n|-weather|SunnyDay|[upkeep]\n|upkeep\n|turn|2\n|\n|t:|1699851418\n|move|p2a: Koraidon|Scale Shot|p1a: Glimmora|[miss]\n|-miss|p2a: Koraidon|p1a: Glimmora\n|move|p1a: Glimmora|Earth Power|p2a: Koraidon\n|-damage|p2a: Koraidon|66\/100\n|\n|-weather|SunnyDay|[upkeep]\n|upkeep\n|turn|3\n|\n|t:|1699851424\n|move|p2a: Koraidon|Scale Shot|p1a: Glimmora\n|-damage|p1a: Glimmora|0 fnt\n|faint|p1a: Glimmora\n|-hitcount|p1: Glimmora|1\n|-unboost|p2a: Koraidon|def|1\n|-boost|p2a: Koraidon|spe|1\n|\n|-weather|SunnyDay|[upkeep]\n|upkeep\n|\n|t:|1699851427\n|switch|p1a: Arceus|Arceus|100\/100\n|turn|4\n|\n|t:|1699851431\n|switch|p2a: Giratina|Giratina-Origin, shiny|100\/100\n|-damage|p2a: Giratina|88\/100|[from] Stealth Rock\n|move|p1a: Arceus|Extreme Speed|p2a: Giratina\n|-immune|p2a: Giratina\n|\n|-weather|SunnyDay|[upkeep]\n|upkeep\n|turn|5\n|j|%Taka\n|j| FireWolf89\n|\n|t:|1699851454\n|move|p1a: Arceus|Taunt|p2a: Giratina\n|-start|p2a: Giratina|move: Taunt\n|cant|p2a: Giratina|move: Taunt|Will-O-Wisp\n|\n|-weather|none\n|upkeep\n|turn|6\n|\n|t:|1699851466\n|move|p1a: Arceus|Swords Dance|p1a: Arceus\n|-boost|p1a: Arceus|atk|2\n|move|p2a: Giratina|Dragon Tail|p1a: Arceus\n|-damage|p1a: Arceus|79\/100\n|drag|p1a: Ditto|Ditto|100\/100\n|-transform|p1a: Ditto|p2a: Giratina|[from] ability: Imposter\n|\n|upkeep\n|turn|7\n|\n|t:|1699851478\n|switch|p2a: Skeledirge|Skeledirge, M, shiny|100\/100\n|move|p1a: Ditto|Dragon Tail|p2a: Skeledirge\n|-damage|p2a: Skeledirge|84\/100\n|drag|p2a: Miraidon|Miraidon|100\/100\n|-status|p2a: Miraidon|tox\n|-damage|p2a: Miraidon|88\/100 tox|[from] Stealth Rock\n|-fieldstart|move: Electric Terrain|[from] ability: Hadron Engine|[of] p2a: Miraidon\n|\n|-damage|p2a: Miraidon|82\/100 tox|[from] psn\n|upkeep\n|turn|8\n|\n|t:|1699851488\n|switch|p1a: Zacian|Zacian-Crowned|100\/100\n|-ability|p1a: Zacian|Intrepid Sword|boost\n|-boost|p1a: Zacian|atk|1\n|move|p2a: Miraidon|Electro Drift|p1a: Zacian\n|-damage|p1a: Zacian|0 fnt\n|faint|p1a: Zacian\n|\n|-damage|p2a: Miraidon|70\/100 tox|[from] psn\n|upkeep\n|\n|t:|1699851494\n|switch|p1a: Koraidon|Koraidon|100\/100\n|-weather|SunnyDay|[from] ability: Orichalcum Pulse|[of] p1a: Koraidon\n|-activate|p1a: Koraidon|Orichalcum Pulse|[source]\n|turn|9\n|\n|t:|1699851498\n|switch|p2a: Skeledirge|Skeledirge, M, shiny|84\/100\n|move|p1a: Koraidon|Scale Shot|p2a: Skeledirge\n|-damage|p2a: Skeledirge|73\/100\n|-damage|p2a: Skeledirge|63\/100\n|-damage|p2a: Skeledirge|53\/100\n|-damage|p2a: Skeledirge|42\/100\n|-hitcount|p2a: Skeledirge|4\n|-unboost|p1a: Koraidon|def|1\n|-boost|p1a: Koraidon|spe|1\n|\n|-weather|SunnyDay|[upkeep]\n|upkeep\n|turn|10\n|j| bluebim\n|\n|t:|1699851509\n|-terastallize|p2a: Skeledirge|Fairy\n|move|p1a: Koraidon|Scale Shot|p2a: Skeledirge\n|-immune|p2a: Skeledirge\n|move|p2a: Skeledirge|Will-O-Wisp|p1a: Koraidon\n|-status|p1a: Koraidon|brn\n|\n|-weather|SunnyDay|[upkeep]\n|-damage|p1a: Koraidon|94\/100 brn|[from] brn\n|upkeep\n|turn|11\n|\n|t:|1699851517\n|switch|p1a: Miraidon|Miraidon|100\/100\n|-activate|p1a: Miraidon|ability: Hadron Engine\n|move|p2a: Skeledirge|Slack Off|p2a: Skeledirge\n|-heal|p2a: Skeledirge|92\/100\n|\n|-weather|SunnyDay|[upkeep]\n|-fieldend|move: Electric Terrain\n|upkeep\n|turn|12\n|inactive|Battle timer is ON: inactive players will automatically lose when time's up. (requested by Rhmsitb)\n|\n|t:|1699851533\n|switch|p2a: Miraidon|Miraidon|70\/100 tox\n|-damage|p2a: Miraidon|57\/100 tox|[from] Stealth Rock\n|-fieldstart|move: Electric Terrain|[from] ability: Hadron Engine|[of] p2a: Miraidon\n|move|p1a: Miraidon|U-turn|p2a: Miraidon\n|-damage|p2a: Miraidon|45\/100 tox\n|\n|t:|1699851539\n|switch|p1a: Koraidon|Koraidon|94\/100 brn|[from] U-turn\n|-activate|p1a: Koraidon|ability: Orichalcum Pulse\n|\n|-weather|SunnyDay|[upkeep]\n|-damage|p2a: Miraidon|39\/100 tox|[from] psn\n|-damage|p1a: Koraidon|88\/100 brn|[from] brn\n|upkeep\n|turn|13\n|\n|t:|1699851550\n|move|p2a: Miraidon|Draco Meteor|p1a: Koraidon\n|-supereffective|p1a: Koraidon\n|-damage|p1a: Koraidon|0 fnt\n|-unboost|p2a: Miraidon|spa|2\n|faint|p1a: Koraidon\n|\n|-weather|none\n|-damage|p2a: Miraidon|27\/100 tox|[from] psn\n|upkeep\n|\n|t:|1699851555\n|switch|p1a: Arceus|Arceus|79\/100\n|turn|14\n|\n|t:|1699851560\n|switch|p2a: Giratina|Giratina-Origin, shiny|88\/100\n|-damage|p2a: Giratina|75\/100|[from] Stealth Rock\n|move|p1a: Arceus|Swords Dance|p1a: Arceus\n|-boost|p1a: Arceus|atk|2\n|\n|upkeep\n|turn|15\n|\n|t:|1699851565\n|move|p1a: Arceus|Shadow Claw|p2a: Giratina\n|-supereffective|p2a: Giratina\n|-damage|p2a: Giratina|18\/100\n|move|p2a: Giratina|Dragon Tail|p1a: Arceus\n|-damage|p1a: Arceus|57\/100\n|drag|p1a: Ditto|Ditto|100\/100\n|-transform|p1a: Ditto|p2a: Giratina|[from] ability: Imposter\n|\n|upkeep\n|turn|16\n|\n|t:|1699851577\n|switch|p1a: Arceus|Arceus|57\/100\n|move|p2a: Giratina|Defog|p1a: Arceus\n|-unboost|p1a: Arceus|evasion|1\n|-sideend|p2: mlgpokeballer|Toxic Spikes|[from] move: Defog|[of] p2a: Giratina\n|-sideend|p2: mlgpokeballer|Stealth Rock|[from] move: Defog|[of] p2a: Giratina\n|-fieldend|move: Electric Terrain\n|\n|upkeep\n|turn|17\n|\n|t:|1699851588\n|move|p1a: Arceus|Shadow Claw|p2a: Giratina\n|-supereffective|p2a: Giratina\n|-damage|p2a: Giratina|0 fnt\n|faint|p2a: Giratina\n|\n|upkeep\n|\n|t:|1699851594\n|switch|p2a: Koraidon|Koraidon|66\/100\n|-weather|SunnyDay|[from] ability: Orichalcum Pulse|[of] p2a: Koraidon\n|-activate|p2a: Koraidon|Orichalcum Pulse|[source]\n|turn|18\n|\n|t:|1699851607\n|switch|p1a: Miraidon|Miraidon|100\/100\n|-fieldstart|move: Electric Terrain|[from] ability: Hadron Engine|[of] p1a: Miraidon\n|move|p2a: Koraidon|Scale Shot|p1a: Miraidon\n|-supereffective|p1a: Miraidon\n|-damage|p1a: Miraidon|66\/100\n|-supereffective|p1a: Miraidon\n|-damage|p1a: Miraidon|32\/100\n|-supereffective|p1a: Miraidon\n|-damage|p1a: Miraidon|0 fnt\n|faint|p1a: Miraidon\n|-hitcount|p1: Miraidon|3\n|-unboost|p2a: Koraidon|def|1\n|-boost|p2a: Koraidon|spe|1\n|\n|-weather|SunnyDay|[upkeep]\n|upkeep\n|\n|t:|1699851618\n|switch|p1a: Ditto|Ditto|100\/100\n|-transform|p1a: Ditto|p2a: Koraidon|[from] ability: Imposter\n|-activate|p1a: Ditto|ability: Orichalcum Pulse\n|turn|19\n|\n|t:|1699851625\n|switch|p2a: Miraidon|Miraidon|27\/100 tox\n|-activate|p2a: Miraidon|ability: Hadron Engine\n|move|p1a: Ditto|Collision Course|p2a: Miraidon\n|-damage|p2a: Miraidon|0 fnt\n|faint|p2a: Miraidon\n|\n|-weather|SunnyDay|[upkeep]\n|upkeep\n|\n|t:|1699851628\n|switch|p2a: Skeledirge|Skeledirge, M, shiny, tera:Fairy|92\/100\n|turn|20\n|\n|t:|1699851635\n|move|p1a: Ditto|Collision Course|p2a: Skeledirge\n|-resisted|p2a: Skeledirge\n|-damage|p2a: Skeledirge|71\/100\n|move|p2a: Skeledirge|Will-O-Wisp|p1a: Ditto\n|-status|p1a: Ditto|brn\n|\n|-weather|SunnyDay|[upkeep]\n|-damage|p1a: Ditto|94\/100 brn|[from] brn\n|upkeep\n|turn|21\n|\n|t:|1699851639\n|switch|p1a: Arceus|Arceus|57\/100\n|move|p2a: Skeledirge|Torch Song|p1a: Arceus\n|-damage|p1a: Arceus|25\/100\n|-boost|p2a: Skeledirge|spa|1\n|\n|-weather|SunnyDay|[upkeep]\n|upkeep\n|turn|22\n|\n|t:|1699851641\n|switch|p1a: Ditto|Ditto|94\/100 brn\n|-transform|p1a: Ditto|p2a: Skeledirge|[from] ability: Imposter\n|move|p2a: Skeledirge|Torch Song|p1a: Ditto\n|-resisted|p1a: Ditto\n|-damage|p1a: Ditto|59\/100 brn\n|-boost|p2a: Skeledirge|spa|1\n|\n|-weather|none\n|-damage|p1a: Ditto|53\/100 brn|[from] brn\n|-fieldend|move: Electric Terrain\n|upkeep\n|turn|23\n|\n|t:|1699851657\n|switch|p2a: Ting-Lu|Ting-Lu|100\/100\n|-ability|p2a: Ting-Lu|Vessel of Ruin\n|move|p1a: Ditto|Will-O-Wisp|p2a: Ting-Lu\n|-status|p2a: Ting-Lu|brn\n|\n|-damage|p1a: Ditto|47\/100 brn|[from] brn\n|-damage|p2a: Ting-Lu|94\/100 brn|[from] brn\n|upkeep\n|turn|24\n|\n|t:|1699851663\n|switch|p1a: Arceus|Arceus|25\/100\n|move|p2a: Ting-Lu|Spikes|p1a: Arceus\n|-sidestart|p1: Rhmsitb|Spikes\n|\n|-heal|p2a: Ting-Lu|100\/100 brn|[from] item: Leftovers\n|-damage|p2a: Ting-Lu|94\/100 brn|[from] brn\n|upkeep\n|turn|25\n|l| FireWolf89\n|\n|t:|1699851670\n|switch|p2a: Skeledirge|Skeledirge, M, shiny, tera:Fairy|71\/100\n|move|p1a: Arceus|Swords Dance|p1a: Arceus\n|-boost|p1a: Arceus|atk|2\n|\n|upkeep\n|turn|26\n|\n|t:|1699851679\n|-terastallize|p1a: Arceus|Ghost\n|move|p1a: Arceus|Shadow Claw|p2a: Skeledirge\n|-crit|p2a: Skeledirge\n|-damage|p2a: Skeledirge|35\/100\n|move|p2a: Skeledirge|Torch Song|p1a: Arceus\n|-damage|p1a: Arceus|3\/100\n|-boost|p2a: Skeledirge|spa|1\n|\n|upkeep\n|turn|27\n|\n|t:|1699851690\n|move|p1a: Arceus|Shadow Claw|p2a: Skeledirge\n|-damage|p2a: Skeledirge|13\/100\n|move|p2a: Skeledirge|Torch Song|p1a: Arceus\n|-damage|p1a: Arceus|0 fnt\n|-boost|p2a: Skeledirge|spa|1\n|faint|p1a: Arceus\n|\n|upkeep\n|\n|t:|1699851694\n|switch|p1a: Ditto|Ditto|47\/100 brn\n|-damage|p1a: Ditto|35\/100 brn|[from] Spikes\n|-transform|p1a: Ditto|p2a: Skeledirge|[from] ability: Imposter\n|turn|28\n|\n|t:|1699851716\n|move|p1a: Ditto|Hex|p2a: Skeledirge\n|-damage|p2a: Skeledirge|0 fnt\n|faint|p2a: Skeledirge\n|\n|-damage|p1a: Ditto|29\/100 brn|[from] brn\n|upkeep\n|\n|t:|1699851721\n|switch|p2a: Koraidon|Koraidon|66\/100\n|-weather|SunnyDay|[from] ability: Orichalcum Pulse|[of] p2a: Koraidon\n|-activate|p2a: Koraidon|Orichalcum Pulse|[source]\n|turn|29\n|\n|t:|1699851724\n|move|p2a: Koraidon|Scale Shot|p1a: Ditto\n|-damage|p1a: Ditto|15\/100 brn\n|-damage|p1a: Ditto|0 fnt\n|faint|p1a: Ditto\n|-hitcount|p1: Ditto|2\n|\n|win|mlgpokeballer\n|n|\u2606Rhmsitb|rhmsitb\n|n|\u2606mlgpokeballer|mlgpokeballer\n|n| Taka|taka\n|n| bluebim|bluebim\n","uploadtime":1699851725,"views":7,"p1id":"rhmsitb","p2id":"mlgpokeballer","formatid":"gen9ubers","rating":0,"private":0,"password":""}