{"id":"gen9ubers-1970546044","p1":"gianbesozio","p2":"1P1o1s1h1e1","format":"[Gen 9] Ubers","log":"|j|\u2606gianbesozio\n|j|\u26061P1o1s1h1e1\n|t:|1697647301\n|gametype|singles\n|player|p1|gianbesozio|n|\n|player|p2|1P1o1s1h1e1|hooligans|\n|teamsize|p1|6\n|teamsize|p2|6\n|gen|9\n|tier|[Gen 9] Ubers\n|rule|Sleep Clause Mod: Limit one foe put to sleep\n|rule|Species Clause: Limit one of each Pok\u00e9mon\n|rule|OHKO Clause: OHKO moves are banned\n|rule|Evasion Items Clause: Evasion items are banned\n|rule|Evasion Moves Clause: Evasion moves are banned\n|rule|Endless Battle Clause: Forcing endless battles is banned\n|rule|HP Percentage Mod: HP is shown in percentages\n|clearpoke\n|poke|p1|Pelipper, M|\n|poke|p1|Magearna|\n|poke|p1|Palkia-Origin|\n|poke|p1|Zapdos|\n|poke|p1|Urshifu-*, F|\n|poke|p1|Basculegion-F, F|\n|poke|p2|Wo-Chien|\n|poke|p2|Arceus-Poison|\n|poke|p2|Magearna|\n|poke|p2|Ursaluna-Bloodmoon, M|\n|poke|p2|Sneasler, M|\n|poke|p2|Dialga|\n|teampreview\n|c|\u26061P1o1s1h1e1|glhf\n|\n|t:|1697647347\n|start\n|switch|p1a: Pelipper|Pelipper, M|100\/100\n|switch|p2a: Magearna|Magearna|100\/100\n|-weather|RainDance|[from] ability: Drizzle|[of] p1a: Pelipper\n|turn|1\n|\n|t:|1697647371\n|switch|p1a: Zapdos|Zapdos|100\/100\n|-ability|p1a: Zapdos|Pressure\n|move|p2a: Magearna|Thunder Wave|p1a: Zapdos\n|-immune|p1a: Zapdos\n|\n|-weather|RainDance|[upkeep]\n|upkeep\n|turn|2\n|\n|t:|1697647386\n|move|p1a: Zapdos|Thunder|p2a: Magearna\n|-damage|p2a: Magearna|68\/100\n|move|p2a: Magearna|Spikes|p1a: Zapdos\n|-sidestart|p1: gianbesozio|Spikes\n|\n|-weather|RainDance|[upkeep]\n|-heal|p2a: Magearna|74\/100|[from] item: Leftovers\n|upkeep\n|turn|3\n|\n|t:|1697647402\n|switch|p2a: Wo-Chien|Wo-Chien|100\/100\n|-ability|p2a: Wo-Chien|Tablets of Ruin\n|move|p1a: Zapdos|Volt Switch|p2a: Wo-Chien\n|-resisted|p2a: Wo-Chien\n|-damage|p2a: Wo-Chien|91\/100\n|\n|t:|1697647410\n|switch|p1a: Pelipper|Pelipper, M|100\/100|[from] Volt Switch\n|\n|-weather|RainDance|[upkeep]\n|-heal|p2a: Wo-Chien|97\/100|[from] item: Leftovers\n|upkeep\n|turn|4\n|\n|t:|1697647417\n|move|p2a: Wo-Chien|Knock Off|p1a: Pelipper\n|-damage|p1a: Pelipper|78\/100\n|-enditem|p1a: Pelipper|Heavy-Duty Boots|[from] move: Knock Off|[of] p2a: Wo-Chien\n|move|p1a: Pelipper|Hurricane|p2a: Wo-Chien\n|-supereffective|p2a: Wo-Chien\n|-damage|p2a: Wo-Chien|59\/100\n|-start|p2a: Wo-Chien|confusion\n|\n|-weather|RainDance|[upkeep]\n|-heal|p2a: Wo-Chien|65\/100|[from] item: Leftovers\n|upkeep\n|turn|5\n|\n|t:|1697647427\n|switch|p2a: Dialga|Dialga|100\/100\n|-ability|p2a: Dialga|Pressure\n|move|p1a: Pelipper|U-turn|p2a: Dialga\n|-resisted|p2a: Dialga\n|-damage|p2a: Dialga|98\/100\n|\n|t:|1697647433\n|switch|p1a: Urshifu|Urshifu-Rapid-Strike, F|100\/100|[from] U-turn\n|-damage|p1a: Urshifu|88\/100|[from] Spikes\n|\n|-weather|none\n|-heal|p2a: Dialga|100\/100|[from] item: Leftovers\n|upkeep\n|turn|6\n|\n|t:|1697647440\n|move|p1a: Urshifu|Close Combat|p2a: Dialga\n|-supereffective|p2a: Dialga\n|-damage|p2a: Dialga|28\/100\n|-unboost|p1a: Urshifu|def|1\n|-unboost|p1a: Urshifu|spd|1\n|move|p2a: Dialga|Draco Meteor|p1a: Urshifu\n|-damage|p1a: Urshifu|0 fnt\n|-unboost|p2a: Dialga|spa|2\n|faint|p1a: Urshifu\n|\n|-heal|p2a: Dialga|34\/100|[from] item: Leftovers\n|upkeep\n|\n|t:|1697647453\n|switch|p1a: Pelipper|Pelipper, M|78\/100\n|-weather|RainDance|[from] ability: Drizzle|[of] p1a: Pelipper\n|turn|7\n|\n|t:|1697647458\n|move|p2a: Dialga|Stealth Rock|p1a: Pelipper\n|-sidestart|p1: gianbesozio|move: Stealth Rock\n|move|p1a: Pelipper|Roost|p1a: Pelipper\n|-heal|p1a: Pelipper|100\/100\n|-singleturn|p1a: Pelipper|move: Roost\n|\n|-weather|RainDance|[upkeep]\n|-heal|p2a: Dialga|40\/100|[from] item: Leftovers\n|upkeep\n|turn|8\n|\n|t:|1697647473\n|switch|p2a: Magearna|Magearna|74\/100\n|move|p1a: Pelipper|Hydro Pump|p2a: Magearna\n|-damage|p2a: Magearna|40\/100\n|\n|-weather|RainDance|[upkeep]\n|-heal|p2a: Magearna|46\/100|[from] item: Leftovers\n|upkeep\n|turn|9\n|\n|t:|1697647480\n|switch|p1a: Zapdos|Zapdos|100\/100\n|-ability|p1a: Zapdos|Pressure\n|move|p2a: Magearna|Volt Switch|p1a: Zapdos\n|-damage|p1a: Zapdos|77\/100\n|\n|t:|1697647490\n|switch|p2a: Ursaluna|Ursaluna-Bloodmoon, M|100\/100|[from] Volt Switch\n|\n|-weather|RainDance|[upkeep]\n|upkeep\n|turn|10\n|\n|t:|1697647494\n|move|p1a: Zapdos|Weather Ball|p2a: Ursaluna\n|-supereffective|p2a: Ursaluna\n|-damage|p2a: Ursaluna|27\/100\n|move|p2a: Ursaluna|Roar|p1a: Zapdos\n|drag|p1a: Basculegion|Basculegion-F, F|100\/100\n|-damage|p1a: Basculegion|88\/100|[from] Spikes\n|-damage|p1a: Basculegion|76\/100|[from] Stealth Rock\n|\n|-weather|RainDance|[upkeep]\n|-heal|p2a: Ursaluna|33\/100|[from] item: Leftovers\n|upkeep\n|turn|11\n|\n|t:|1697647513\n|switch|p2a: Dialga|Dialga|40\/100\n|-ability|p2a: Dialga|Pressure\n|move|p1a: Basculegion|Flip Turn|p2a: Dialga\n|-resisted|p2a: Dialga\n|-damage|p2a: Dialga|23\/100\n|\n|t:|1697647524\n|switch|p1a: Palkia|Palkia-Origin|100\/100|[from] Flip Turn\n|-damage|p1a: Palkia|88\/100|[from] Spikes\n|-damage|p1a: Palkia|76\/100|[from] Stealth Rock\n|-ability|p1a: Palkia|Pressure\n|\n|-weather|none\n|-heal|p2a: Dialga|29\/100|[from] item: Leftovers\n|upkeep\n|turn|12\n|\n|t:|1697647542\n|move|p1a: Palkia|Earth Power|p2a: Dialga\n|-supereffective|p2a: Dialga\n|-crit|p2a: Dialga\n|-damage|p2a: Dialga|0 fnt\n|faint|p2a: Dialga\n|\n|upkeep\n|\n|t:|1697647548\n|switch|p2a: Wo-Chien|Wo-Chien|65\/100\n|-ability|p2a: Wo-Chien|Tablets of Ruin\n|turn|13\n|\n|t:|1697647573\n|switch|p1a: Pelipper|Pelipper, M|100\/100\n|-damage|p1a: Pelipper|76\/100|[from] Stealth Rock\n|-weather|RainDance|[from] ability: Drizzle|[of] p1a: Pelipper\n|move|p2a: Wo-Chien|Leech Seed|p1a: Pelipper|[miss]\n|-miss|p2a: Wo-Chien|p1a: Pelipper\n|\n|-weather|RainDance|[upkeep]\n|-heal|p2a: Wo-Chien|71\/100|[from] item: Leftovers\n|upkeep\n|turn|14\n|\n|t:|1697647583\n|move|p2a: Wo-Chien|Protect|p2a: Wo-Chien\n|-singleturn|p2a: Wo-Chien|Protect\n|move|p1a: Pelipper|U-turn|p2a: Wo-Chien\n|-activate|p2a: Wo-Chien|move: Protect\n|\n|-weather|RainDance|[upkeep]\n|-heal|p2a: Wo-Chien|77\/100|[from] item: Leftovers\n|upkeep\n|turn|15\n|\n|t:|1697647592\n|move|p2a: Wo-Chien|Knock Off|p1a: Pelipper\n|-damage|p1a: Pelipper|61\/100\n|move|p1a: Pelipper|U-turn|p2a: Wo-Chien\n|-supereffective|p2a: Wo-Chien\n|-damage|p2a: Wo-Chien|56\/100\n|\n|t:|1697647598\n|switch|p1a: Zapdos|Zapdos|77\/100|[from] U-turn\n|-ability|p1a: Zapdos|Pressure\n|\n|-weather|RainDance|[upkeep]\n|-heal|p2a: Wo-Chien|62\/100|[from] item: Leftovers\n|upkeep\n|turn|16\n|\n|t:|1697647610\n|move|p2a: Wo-Chien|Protect|p2a: Wo-Chien\n|-singleturn|p2a: Wo-Chien|Protect\n|move|p1a: Zapdos|Hurricane|p2a: Wo-Chien\n|-activate|p2a: Wo-Chien|move: Protect\n|\n|-weather|RainDance|[upkeep]\n|-heal|p2a: Wo-Chien|68\/100|[from] item: Leftovers\n|upkeep\n|turn|17\n|\n|t:|1697647624\n|move|p1a: Zapdos|Hurricane|p2a: Wo-Chien\n|-supereffective|p2a: Wo-Chien\n|-damage|p2a: Wo-Chien|9\/100\n|-start|p2a: Wo-Chien|confusion\n|-activate|p2a: Wo-Chien|confusion\n|move|p2a: Wo-Chien|Leech Seed|p1a: Zapdos\n|-start|p1a: Zapdos|move: Leech Seed\n|\n|-weather|none\n|-heal|p2a: Wo-Chien|15\/100|[from] item: Leftovers\n|-damage|p1a: Zapdos|65\/100|[from] Leech Seed|[of] p2a: Wo-Chien\n|-heal|p2a: Wo-Chien|25\/100|[silent]\n|upkeep\n|turn|18\n|\n|t:|1697647634\n|-activate|p2a: Wo-Chien|confusion\n|move|p2a: Wo-Chien|Protect|p2a: Wo-Chien\n|-singleturn|p2a: Wo-Chien|Protect\n|move|p1a: Zapdos|Hurricane|p2a: Wo-Chien\n|-activate|p2a: Wo-Chien|move: Protect\n|\n|-heal|p2a: Wo-Chien|32\/100|[from] item: Leftovers\n|-damage|p1a: Zapdos|52\/100|[from] Leech Seed|[of] p2a: Wo-Chien\n|-heal|p2a: Wo-Chien|42\/100|[silent]\n|upkeep\n|turn|19\n|\n|t:|1697647646\n|switch|p2a: Arceus|Arceus-Poison|100\/100\n|move|p1a: Zapdos|Hurricane|p2a: Arceus\n|-damage|p2a: Arceus|67\/100\n|\n|-damage|p1a: Zapdos|40\/100|[from] Leech Seed|[of] p2a: Arceus\n|-heal|p2a: Arceus|76\/100|[silent]\n|upkeep\n|turn|20\n|\n|t:|1697647659\n|move|p1a: Zapdos|Volt Switch|p2a: Arceus\n|-damage|p2a: Arceus|53\/100\n|\n|t:|1697647663\n|switch|p1a: Pelipper|Pelipper, M|61\/100|[from] Volt Switch\n|-damage|p1a: Pelipper|36\/100|[from] Stealth Rock\n|-weather|RainDance|[from] ability: Drizzle|[of] p1a: Pelipper\n|move|p2a: Arceus|Poison Jab|p1a: Pelipper\n|-damage|p1a: Pelipper|5\/100\n|\n|-weather|RainDance|[upkeep]\n|upkeep\n|turn|21\n|\n|t:|1697647676\n|switch|p1a: Magearna|Magearna|100\/100\n|-damage|p1a: Magearna|88\/100|[from] Spikes\n|-damage|p1a: Magearna|82\/100|[from] Stealth Rock\n|move|p2a: Arceus|Poison Jab|p1a: Magearna\n|-immune|p1a: Magearna\n|\n|-weather|RainDance|[upkeep]\n|-heal|p1a: Magearna|88\/100|[from] item: Leftovers\n|upkeep\n|turn|22\n|\n|t:|1697647692\n|move|p2a: Arceus|Taunt|p1a: Magearna\n|-start|p1a: Magearna|move: Taunt\n|cant|p1a: Magearna|move: Taunt|Thunder Wave\n|\n|-weather|RainDance|[upkeep]\n|-heal|p1a: Magearna|94\/100|[from] item: Leftovers\n|upkeep\n|turn|23\n|-message|gianbesozio forfeited.\n|\n|win|1P1o1s1h1e1\n|l|\u2606gianbesozio\n|c|\u26061P1o1s1h1e1|gg\n","uploadtime":1697647706,"views":25,"p1id":"gianbesozio","p2id":"1p1o1s1h1e1","formatid":"gen9ubers","rating":0,"private":0,"password":""}