{"id":"gen9ubers-1983886178","p1":"vespyyy","p2":"OceanicGamer3","format":"[Gen 9] Ubers","log":"|j|\u2606vespyyy\n|j|\u2606OceanicGamer3\n|t:|1699196167\n|gametype|singles\n|player|p1|vespyyy|juggler|\n|player|p2|OceanicGamer3|workerice|\n|teamsize|p1|6\n|teamsize|p2|6\n|gen|9\n|tier|[Gen 9] Ubers\n|rule|Sleep Clause Mod: Limit one foe put to sleep\n|rule|Species Clause: Limit one of each Pok\u00e9mon\n|rule|OHKO Clause: OHKO moves are banned\n|rule|Evasion Items Clause: Evasion items are banned\n|rule|Evasion Moves Clause: Evasion moves are banned\n|rule|Endless Battle Clause: Forcing endless battles is banned\n|rule|HP Percentage Mod: HP is shown in percentages\n|clearpoke\n|poke|p1|Garganacl, M|\n|poke|p1|Arceus-Dark|\n|poke|p1|Blissey, F|\n|poke|p1|Cresselia, F|\n|poke|p1|Quagsire, M|\n|poke|p1|Dialga|\n|poke|p2|Dragapult, M|\n|poke|p2|Dragonite, F|\n|poke|p2|Urshifu-*, M|\n|poke|p2|Zamazenta-*|\n|poke|p2|Lokix, F|\n|poke|p2|Quagsire, F|\n|teampreview\n|inactive|Battle timer is ON: inactive players will automatically lose when time's up. (requested by OceanicGamer3)\n|c|\u2606OceanicGamer3|hello\n|l|\u2606vespyyy\n|inactive|vespyyy disconnected and has 300 seconds to reconnect!\n|player|p1|\n|c|\u2606OceanicGamer3|this team is just an experiment\n|j|\u2606vespyyy\n|inactive|vespyyy reconnected and has 290 seconds left.\n|player|p1|vespyyy|juggler\n|\n|t:|1699196199\n|start\n|switch|p1a: Garganacl|Garganacl, M|100\/100\n|switch|p2a: Dragapult|Dragapult, M, shiny|100\/100\n|turn|1\n|\n|t:|1699196207\n|switch|p1a: Arceus|Arceus-Dark|100\/100\n|move|p2a: Dragapult|Reflect|p2a: Dragapult\n|-sidestart|p2: OceanicGamer3|Reflect\n|\n|upkeep\n|turn|2\n|\n|t:|1699196212\n|move|p2a: Dragapult|Light Screen|p2a: Dragapult\n|-sidestart|p2: OceanicGamer3|move: Light Screen\n|move|p1a: Arceus|Foul Play|p2a: Dragapult\n|-supereffective|p2a: Dragapult\n|-damage|p2a: Dragapult|45\/100\n|\n|upkeep\n|turn|3\n|\n|t:|1699196217\n|move|p2a: Dragapult|Curse|p1a: Arceus\n|-start|p1a: Arceus|Curse|[of] p2a: Dragapult\n|-damage|p2a: Dragapult|0 fnt\n|faint|p2a: Dragapult\n|move|p1a: Arceus|Foul Play|p2: Dragapult|[notarget]\n|-fail|p1a: Arceus\n|\n|-damage|p1a: Arceus|76\/100|[from] Curse\n|upkeep\n|\n|t:|1699196240\n|switch|p2a: Urshifu|Urshifu-Rapid-Strike, M|100\/100\n|turn|4\n|c|\u2606vespyyy|Yea sos this one\n|\n|t:|1699196250\n|switch|p1a: Cresselia|Cresselia, F|100\/100\n|move|p2a: Urshifu|U-turn|p1a: Cresselia\n|-supereffective|p1a: Cresselia\n|-damage|p1a: Cresselia|71\/100\n|\n|t:|1699196258\n|switch|p2a: Zamazenta|Zamazenta-Crowned, shiny|100\/100|[from] U-turn\n|-ability|p2a: Zamazenta|Dauntless Shield|boost\n|-boost|p2a: Zamazenta|def|1\n|\n|-heal|p1a: Cresselia|77\/100|[from] item: Leftovers\n|upkeep\n|turn|5\n|\n|t:|1699196267\n|switch|p1a: Quagsire|Quagsire, M|100\/100\n|move|p2a: Zamazenta|Howl|p2a: Zamazenta\n|-boost|p2a: Zamazenta|atk|1\n|\n|upkeep\n|turn|6\n|\n|t:|1699196278\n|move|p2a: Zamazenta|Close Combat|p1a: Quagsire\n|-damage|p1a: Quagsire|62\/100\n|-unboost|p2a: Zamazenta|def|1\n|-unboost|p2a: Zamazenta|spd|1\n|move|p1a: Quagsire|Toxic Spikes|p2a: Zamazenta\n|-sidestart|p2: OceanicGamer3|move: Toxic Spikes\n|\n|upkeep\n|turn|7\n|\n|t:|1699196286\n|move|p2a: Zamazenta|Close Combat|p1a: Quagsire\n|-damage|p1a: Quagsire|23\/100\n|-unboost|p2a: Zamazenta|def|1\n|-unboost|p2a: Zamazenta|spd|1\n|move|p1a: Quagsire|Recover|p1a: Quagsire\n|-heal|p1a: Quagsire|73\/100\n|\n|upkeep\n|turn|8\n|\n|t:|1699196302\n|switch|p2a: Lokix|Lokix, F, shiny|100\/100\n|-status|p2a: Lokix|psn\n|switch|p1a: Dialga|Dialga|100\/100\n|-ability|p1a: Dialga|Pressure\n|\n|-damage|p2a: Lokix|88\/100 psn|[from] psn\n|-sideend|p2: OceanicGamer3|Reflect\n|upkeep\n|turn|9\n|\n|t:|1699196316\n|move|p2a: Lokix|Axe Kick|p1a: Dialga\n|-supereffective|p1a: Dialga\n|-damage|p1a: Dialga|46\/100\n|move|p1a: Dialga|Draco Meteor|p2a: Lokix\n|-damage|p2a: Lokix|22\/100 psn\n|-unboost|p1a: Dialga|spa|2\n|\n|-damage|p2a: Lokix|9\/100 psn|[from] psn\n|-sideend|p2: OceanicGamer3|move: Light Screen\n|upkeep\n|turn|10\n|\n|t:|1699196329\n|move|p2a: Lokix|Axe Kick|p1a: Dialga\n|-supereffective|p1a: Dialga\n|-damage|p1a: Dialga|0 fnt\n|faint|p1a: Dialga\n|\n|-damage|p2a: Lokix|0 fnt|[from] psn\n|faint|p2a: Lokix\n|upkeep\n|\n|t:|1699196337\n|switch|p2a: Urshifu|Urshifu-Rapid-Strike, M|100\/100\n|switch|p1a: Garganacl|Garganacl, M|100\/100\n|-status|p2a: Urshifu|psn\n|turn|11\n|\n|t:|1699196358\n|-terastallize|p1a: Garganacl|Water\n|move|p2a: Urshifu|Close Combat|p1a: Garganacl\n|-damage|p1a: Garganacl|65\/100\n|-unboost|p2a: Urshifu|def|1\n|-unboost|p2a: Urshifu|spd|1\n|move|p1a: Garganacl|Recover|p1a: Garganacl\n|-heal|p1a: Garganacl|100\/100\n|\n|-damage|p2a: Urshifu|88\/100 psn|[from] psn\n|upkeep\n|turn|12\n|\n|t:|1699196378\n|move|p2a: Urshifu|Close Combat|p1a: Garganacl\n|-damage|p1a: Garganacl|66\/100\n|-unboost|p2a: Urshifu|def|1\n|-unboost|p2a: Urshifu|spd|1\n|move|p1a: Garganacl|Block|p2a: Urshifu\n|-activate|p2a: Urshifu|trapped\n|\n|-damage|p2a: Urshifu|76\/100 psn|[from] psn\n|upkeep\n|turn|13\n|\n|t:|1699196385\n|move|p2a: Urshifu|Close Combat|p1a: Garganacl\n|-damage|p1a: Garganacl|33\/100\n|-unboost|p2a: Urshifu|def|1\n|-unboost|p2a: Urshifu|spd|1\n|move|p1a: Garganacl|Recover|p1a: Garganacl\n|-heal|p1a: Garganacl|83\/100\n|\n|-damage|p2a: Urshifu|64\/100 psn|[from] psn\n|upkeep\n|turn|14\n|c|\u2606OceanicGamer3|great\n|\n|t:|1699196391\n|move|p2a: Urshifu|Close Combat|p1a: Garganacl\n|-damage|p1a: Garganacl|48\/100\n|-unboost|p2a: Urshifu|def|1\n|-unboost|p2a: Urshifu|spd|1\n|move|p1a: Garganacl|Iron Defense|p1a: Garganacl\n|-boost|p1a: Garganacl|def|2\n|\n|-damage|p2a: Urshifu|51\/100 psn|[from] psn\n|upkeep\n|turn|15\n|\n|t:|1699196396\n|move|p2a: Urshifu|Close Combat|p1a: Garganacl\n|-damage|p1a: Garganacl|29\/100\n|-unboost|p2a: Urshifu|def|1\n|-unboost|p2a: Urshifu|spd|1\n|move|p1a: Garganacl|Recover|p1a: Garganacl\n|-heal|p1a: Garganacl|79\/100\n|\n|-damage|p2a: Urshifu|39\/100 psn|[from] psn\n|upkeep\n|turn|16\n|\n|t:|1699196401\n|move|p2a: Urshifu|Close Combat|p1a: Garganacl\n|-damage|p1a: Garganacl|60\/100\n|-unboost|p2a: Urshifu|def|1\n|-unboost|p2a: Urshifu|spd|1\n|move|p1a: Garganacl|Iron Defense|p1a: Garganacl\n|-boost|p1a: Garganacl|def|2\n|\n|-damage|p2a: Urshifu|27\/100 psn|[from] psn\n|upkeep\n|turn|17\n|\n|t:|1699196405\n|move|p2a: Urshifu|Close Combat|p1a: Garganacl\n|-damage|p1a: Garganacl|49\/100\n|move|p1a: Garganacl|Recover|p1a: Garganacl\n|-heal|p1a: Garganacl|99\/100\n|\n|-damage|p2a: Urshifu|14\/100 psn|[from] psn\n|upkeep\n|turn|18\n|\n|t:|1699196410\n|move|p2a: Urshifu|Close Combat|p1a: Garganacl\n|-damage|p1a: Garganacl|87\/100\n|move|p1a: Garganacl|Iron Defense|p1a: Garganacl\n|-boost|p1a: Garganacl|def|2\n|\n|-damage|p2a: Urshifu|2\/100 psn|[from] psn\n|upkeep\n|turn|19\n|\n|t:|1699196417\n|switch|p1a: Quagsire|Quagsire, M|73\/100\n|-activate|p2a: Urshifu|move: Struggle\n|move|p2a: Urshifu|Struggle|p1a: Quagsire\n|-damage|p1a: Quagsire|60\/100\n|-damage|p2a: Urshifu|0 fnt|[from] recoil\n|faint|p2a: Urshifu\n|\n|upkeep\n|\n|t:|1699196427\n|switch|p2a: Quagsire|Quagsire, F, shiny|100\/100\n|-status|p2a: Quagsire|psn\n|turn|20\n|\n|t:|1699196432\n|move|p1a: Quagsire|Waterfall|p2a: Quagsire\n|-damage|p2a: Quagsire|84\/100 psn\n|move|p2a: Quagsire|Ice Beam|p1a: Quagsire\n|-damage|p1a: Quagsire|43\/100\n|\n|-heal|p2a: Quagsire|90\/100 psn|[from] item: Leftovers\n|-damage|p2a: Quagsire|77\/100 psn|[from] psn\n|upkeep\n|turn|21\n|\n|t:|1699196439\n|move|p2a: Quagsire|Toxic|p1a: Quagsire\n|-status|p1a: Quagsire|tox\n|move|p1a: Quagsire|Recover|p1a: Quagsire\n|-heal|p1a: Quagsire|93\/100 tox\n|\n|-heal|p2a: Quagsire|83\/100 psn|[from] item: Leftovers\n|-damage|p2a: Quagsire|71\/100 psn|[from] psn\n|-damage|p1a: Quagsire|87\/100 tox|[from] psn\n|upkeep\n|turn|22\n|\n|t:|1699196446\n|switch|p1a: Garganacl|Garganacl, M, tera:Water|87\/100\n|move|p2a: Quagsire|Spikes|p1a: Garganacl\n|-sidestart|p1: vespyyy|Spikes\n|\n|-heal|p2a: Quagsire|77\/100 psn|[from] item: Leftovers\n|-damage|p2a: Quagsire|65\/100 psn|[from] psn\n|upkeep\n|turn|23\n|\n|t:|1699196450\n|move|p2a: Quagsire|Spikes|p1a: Garganacl\n|-sidestart|p1: vespyyy|Spikes\n|move|p1a: Garganacl|Body Press|p2a: Quagsire\n|-damage|p2a: Quagsire|46\/100 psn\n|\n|-heal|p2a: Quagsire|52\/100 psn|[from] item: Leftovers\n|-damage|p2a: Quagsire|40\/100 psn|[from] psn\n|upkeep\n|turn|24\n|\n|t:|1699196455\n|move|p2a: Quagsire|Ice Beam|p1a: Garganacl\n|-resisted|p1a: Garganacl\n|-damage|p1a: Garganacl|81\/100\n|move|p1a: Garganacl|Block|p2a: Quagsire\n|-activate|p2a: Quagsire|trapped\n|\n|-heal|p2a: Quagsire|46\/100 psn|[from] item: Leftovers\n|-damage|p2a: Quagsire|33\/100 psn|[from] psn\n|upkeep\n|turn|25\n|\n|t:|1699196459\n|move|p1a: Garganacl|Body Press|p2a: Quagsire\n|-damage|p2a: Quagsire|13\/100 psn\n|move|p2a: Quagsire|Spikes|p1a: Garganacl\n|-sidestart|p1: vespyyy|Spikes\n|\n|-heal|p2a: Quagsire|19\/100 psn|[from] item: Leftovers\n|-damage|p2a: Quagsire|7\/100 psn|[from] psn\n|upkeep\n|turn|26\n|\n|t:|1699196465\n|move|p1a: Garganacl|Body Press|p2a: Quagsire\n|-damage|p2a: Quagsire|0 fnt\n|faint|p2a: Quagsire\n|\n|upkeep\n|\n|t:|1699196472\n|switch|p2a: Dragonite|Dragonite, F|100\/100\n|turn|27\n|\n|t:|1699196481\n|move|p2a: Dragonite|Earthquake|p1a: Garganacl\n|-damage|p1a: Garganacl|60\/100\n|move|p1a: Garganacl|Iron Defense|p1a: Garganacl\n|-boost|p1a: Garganacl|def|2\n|\n|upkeep\n|turn|28\n|\n|t:|1699196488\n|move|p2a: Dragonite|Earthquake|p1a: Garganacl\n|-damage|p1a: Garganacl|49\/100\n|move|p1a: Garganacl|Iron Defense|p1a: Garganacl\n|-boost|p1a: Garganacl|def|2\n|\n|upkeep\n|turn|29\n|c|\u2606OceanicGamer3|gg\n|c|\u2606OceanicGamer3|i give up\n|-message|OceanicGamer3 forfeited.\n|\n|win|vespyyy\n|l|\u2606OceanicGamer3\n|l|\u2606vespyyy\n|j|\u2606vespyyy\n|player|p1|vespyyy|juggler\n","uploadtime":1699196721,"views":12,"p1id":"vespyyy","p2id":"oceanicgamer3","formatid":"gen9ubers","rating":0,"private":0,"password":""}