{"id":"gen9ubers-1984715482","p1":"8_chips","p2":"Joshh103","format":"[Gen 9] Ubers","log":"|j|\u26068_chips\n|j|\u2606Joshh103\n|t:|1699293168\n|gametype|singles\n|player|p1|8_chips|266|1111\n|player|p2|Joshh103|2|1188\n|teamsize|p1|6\n|teamsize|p2|6\n|gen|9\n|tier|[Gen 9] Ubers\n|rated|\n|rule|Sleep Clause Mod: Limit one foe put to sleep\n|rule|Species Clause: Limit one of each Pok\u00e9mon\n|rule|OHKO Clause: OHKO moves are banned\n|rule|Evasion Items Clause: Evasion items are banned\n|rule|Evasion Moves Clause: Evasion moves are banned\n|rule|Endless Battle Clause: Forcing endless battles is banned\n|rule|HP Percentage Mod: HP is shown in percentages\n|clearpoke\n|poke|p1|Baxcalibur, F|\n|poke|p1|Ninetales-Alola, M|\n|poke|p1|Regieleki|\n|poke|p1|Rayquaza|\n|poke|p1|Toxapex, M|\n|poke|p1|Ting-Lu|\n|poke|p2|Miraidon|\n|poke|p2|Giratina-Origin|\n|poke|p2|Arceus-Fire|\n|poke|p2|Mewtwo|\n|poke|p2|Urshifu-*, M|\n|poke|p2|Zacian-*|\n|teampreview\n|c|\u26068_chips|Hi legend spammer\n|\n|t:|1699293186\n|start\n|switch|p1a: Ting-Lu|Ting-Lu|100\/100\n|switch|p2a: Arceus|Arceus-Fire|100\/100\n|-ability|p1a: Ting-Lu|Vessel of Ruin\n|turn|1\n|\n|t:|1699293196\n|move|p2a: Arceus|Reflect|p2a: Arceus\n|-sidestart|p2: Joshh103|Reflect\n|move|p1a: Ting-Lu|Stealth Rock|p2a: Arceus\n|-sidestart|p2: Joshh103|move: Stealth Rock\n|\n|upkeep\n|turn|2\n|\n|t:|1699293201\n|move|p2a: Arceus|Calm Mind|p2a: Arceus\n|-boost|p2a: Arceus|spa|1\n|-boost|p2a: Arceus|spd|1\n|move|p1a: Ting-Lu|Spikes|p2a: Arceus\n|-sidestart|p2: Joshh103|Spikes\n|\n|upkeep\n|turn|3\n|\n|t:|1699293212\n|move|p2a: Arceus|Calm Mind|p2a: Arceus\n|-boost|p2a: Arceus|spa|1\n|-boost|p2a: Arceus|spd|1\n|move|p1a: Ting-Lu|Spikes|p2a: Arceus\n|-sidestart|p2: Joshh103|Spikes\n|\n|upkeep\n|turn|4\n|\n|t:|1699293220\n|move|p2a: Arceus|Calm Mind|p2a: Arceus\n|-boost|p2a: Arceus|spa|1\n|-boost|p2a: Arceus|spd|1\n|move|p1a: Ting-Lu|Spikes|p2a: Arceus\n|-sidestart|p2: Joshh103|Spikes\n|\n|upkeep\n|turn|5\n|\n|t:|1699293231\n|move|p2a: Arceus|Calm Mind|p2a: Arceus\n|-boost|p2a: Arceus|spa|1\n|-boost|p2a: Arceus|spd|1\n|move|p1a: Ting-Lu|Stealth Rock||[still]\n|-fail|p1a: Ting-Lu\n|\n|-sideend|p2: Joshh103|Reflect\n|upkeep\n|turn|6\n|\n|t:|1699293238\n|move|p2a: Arceus|Reflect|p2a: Arceus\n|-sidestart|p2: Joshh103|Reflect\n|move|p1a: Ting-Lu|Earthquake|p2a: Arceus\n|-supereffective|p2a: Arceus\n|-damage|p2a: Arceus|69\/100\n|\n|upkeep\n|turn|7\n|\n|t:|1699293244\n|move|p2a: Arceus|Fire Blast|p1a: Ting-Lu\n|-damage|p1a: Ting-Lu|0 fnt\n|faint|p1a: Ting-Lu\n|\n|upkeep\n|\n|t:|1699293251\n|switch|p1a: Regieleki|Regieleki|100\/100\n|turn|8\n|\n|t:|1699293260\n|move|p1a: Regieleki|Thunderbolt|p2a: Arceus\n|-damage|p2a: Arceus|57\/100\n|move|p2a: Arceus|Flamethrower|p1a: Regieleki\n|-enditem|p1a: Regieleki|Focus Sash\n|-damage|p1a: Regieleki|1\/100\n|\n|upkeep\n|turn|9\n|\n|t:|1699293271\n|move|p1a: Regieleki|Thunderbolt|p2a: Arceus\n|-crit|p2a: Arceus\n|-damage|p2a: Arceus|3\/100\n|move|p2a: Arceus|Flamethrower|p1a: Regieleki\n|-damage|p1a: Regieleki|0 fnt\n|faint|p1a: Regieleki\n|\n|upkeep\n|\n|t:|1699293286\n|switch|p1a: Rayquaza|Rayquaza|100\/100\n|-ability|p1a: Rayquaza|Air Lock\n|turn|10\n|\n|t:|1699293294\n|move|p1a: Rayquaza|Extreme Speed|p2a: Arceus\n|-damage|p2a: Arceus|0 fnt\n|faint|p2a: Arceus\n|\n|-sideend|p2: Joshh103|Reflect\n|upkeep\n|\n|t:|1699293301\n|switch|p2a: Giratina|Giratina-Origin, shiny|100\/100\n|-damage|p2a: Giratina|88\/100|[from] Stealth Rock\n|turn|11\n|\n|t:|1699293314\n|-terastallize|p1a: Rayquaza|Steel\n|move|p1a: Rayquaza|Dragon Dance|p1a: Rayquaza\n|-boost|p1a: Rayquaza|atk|1\n|-boost|p1a: Rayquaza|spe|1\n|move|p2a: Giratina|Defog|p1a: Rayquaza\n|-unboost|p1a: Rayquaza|evasion|1\n|-sideend|p2: Joshh103|Spikes|[from] move: Defog|[of] p2a: Giratina\n|-sideend|p2: Joshh103|Stealth Rock|[from] move: Defog|[of] p2a: Giratina\n|\n|upkeep\n|turn|12\n|\n|t:|1699293329\n|move|p2a: Giratina|Shadow Sneak|p1a: Rayquaza\n|-damage|p1a: Rayquaza|71\/100\n|move|p1a: Rayquaza|Dragon Claw|p2a: Giratina\n|-supereffective|p2a: Giratina\n|-damage|p2a: Giratina|0 fnt\n|faint|p2a: Giratina\n|\n|upkeep\n|\n|t:|1699293342\n|switch|p2a: Mewtwo|Mewtwo|100\/100\n|-ability|p2a: Mewtwo|Unnerve\n|turn|13\n|\n|t:|1699293354\n|move|p2a: Mewtwo|Fire Blast|p1a: Rayquaza\n|-supereffective|p1a: Rayquaza\n|-damage|p1a: Rayquaza|0 fnt\n|faint|p1a: Rayquaza\n|\n|upkeep\n|\n|t:|1699293367\n|switch|p1a: Toxapex|Toxapex, M|100\/100\n|turn|14\n|\n|t:|1699293374\n|move|p2a: Mewtwo|Fire Blast|p1a: Toxapex\n|-resisted|p1a: Toxapex\n|-damage|p1a: Toxapex|84\/100\n|move|p1a: Toxapex|Toxic|p2a: Mewtwo\n|-status|p2a: Mewtwo|tox\n|\n|-heal|p1a: Toxapex|90\/100|[from] item: Black Sludge\n|-damage|p2a: Mewtwo|94\/100 tox|[from] psn\n|upkeep\n|turn|15\n|\n|t:|1699293390\n|move|p2a: Mewtwo|Fire Blast|p1a: Toxapex\n|-resisted|p1a: Toxapex\n|-damage|p1a: Toxapex|73\/100\n|move|p1a: Toxapex|Toxic Spikes|p2a: Mewtwo\n|-sidestart|p2: Joshh103|move: Toxic Spikes\n|\n|-heal|p1a: Toxapex|79\/100|[from] item: Black Sludge\n|-damage|p2a: Mewtwo|82\/100 tox|[from] psn\n|upkeep\n|turn|16\n|\n|t:|1699293405\n|move|p2a: Mewtwo|Fire Blast|p1a: Toxapex\n|-resisted|p1a: Toxapex\n|-damage|p1a: Toxapex|62\/100\n|move|p1a: Toxapex|Toxic Spikes|p2a: Mewtwo\n|-sidestart|p2: Joshh103|move: Toxic Spikes\n|\n|-heal|p1a: Toxapex|68\/100|[from] item: Black Sludge\n|-damage|p2a: Mewtwo|63\/100 tox|[from] psn\n|upkeep\n|turn|17\n|\n|t:|1699293418\n|move|p2a: Mewtwo|Fire Blast|p1a: Toxapex\n|-resisted|p1a: Toxapex\n|-damage|p1a: Toxapex|50\/100\n|move|p1a: Toxapex|Ice Spinner|p2a: Mewtwo\n|-crit|p2a: Mewtwo\n|-damage|p2a: Mewtwo|31\/100 tox\n|\n|-heal|p1a: Toxapex|56\/100|[from] item: Black Sludge\n|-damage|p2a: Mewtwo|6\/100 tox|[from] psn\n|upkeep\n|turn|18\n|\n|t:|1699293429\n|move|p2a: Mewtwo|Fire Blast|p1a: Toxapex\n|-resisted|p1a: Toxapex\n|-damage|p1a: Toxapex|38\/100\n|move|p1a: Toxapex|Recover|p1a: Toxapex\n|-heal|p1a: Toxapex|88\/100\n|\n|-heal|p1a: Toxapex|94\/100|[from] item: Black Sludge\n|-damage|p2a: Mewtwo|0 fnt|[from] psn\n|faint|p2a: Mewtwo\n|upkeep\n|\n|t:|1699293440\n|switch|p2a: Zacian|Zacian-Crowned|100\/100\n|-ability|p2a: Zacian|Intrepid Sword|boost\n|-boost|p2a: Zacian|atk|1\n|turn|19\n|\n|t:|1699293453\n|move|p2a: Zacian|Behemoth Blade|p1a: Toxapex\n|-resisted|p1a: Toxapex\n|-damage|p1a: Toxapex|58\/100\n|move|p1a: Toxapex|Ice Spinner|p2a: Zacian\n|-resisted|p2a: Zacian\n|-damage|p2a: Zacian|91\/100\n|\n|-heal|p1a: Toxapex|65\/100|[from] item: Black Sludge\n|upkeep\n|turn|20\n|\n|t:|1699293465\n|move|p2a: Zacian|Trailblaze|p1a: Toxapex\n|-damage|p1a: Toxapex|40\/100\n|-boost|p2a: Zacian|spe|1\n|move|p1a: Toxapex|Recover|p1a: Toxapex\n|-heal|p1a: Toxapex|90\/100\n|\n|-heal|p1a: Toxapex|96\/100|[from] item: Black Sludge\n|upkeep\n|turn|21\n|\n|t:|1699293478\n|move|p2a: Zacian|Swords Dance|p2a: Zacian\n|-boost|p2a: Zacian|atk|2\n|move|p1a: Toxapex|Ice Spinner|p2a: Zacian\n|-resisted|p2a: Zacian\n|-damage|p2a: Zacian|82\/100\n|\n|-heal|p1a: Toxapex|100\/100|[from] item: Black Sludge\n|upkeep\n|turn|22\n|n|!8_chips|8chips\n|-message|8_chips forfeited.\n|\n|win|Joshh103\n|raw|8_chips's rating: 1111 &rarr; <strong>1091<\/strong><br \/>(-20 for losing)\n|raw|Joshh103's rating: 1188 &rarr; <strong>1208<\/strong><br \/>(+20 for winning)\n","uploadtime":1699293532,"views":5,"p1id":"8chips","p2id":"joshh103","formatid":"gen9ubers","rating":1091,"private":0,"password":""}