{"id":"gen9ubers-1982146589","p1":"sword over shield","p2":"Finchely","format":"[Gen 9] Ubers","log":"|j|\u2606sword over shield\n|j|\u2606Finchely\n|t:|1698972654\n|gametype|singles\n|player|p1|sword over shield|2|\n|player|p2|Finchely|acetrainerf|\n|teamsize|p1|6\n|teamsize|p2|6\n|gen|9\n|tier|[Gen 9] Ubers\n|rule|Sleep Clause Mod: Limit one foe put to sleep\n|rule|Species Clause: Limit one of each Pok\u00e9mon\n|rule|OHKO Clause: OHKO moves are banned\n|rule|Evasion Items Clause: Evasion items are banned\n|rule|Evasion Moves Clause: Evasion moves are banned\n|rule|Endless Battle Clause: Forcing endless battles is banned\n|rule|HP Percentage Mod: HP is shown in percentages\n|clearpoke\n|poke|p1|Arceus-Poison|\n|poke|p1|Magearna|\n|poke|p1|Dragapult, F|\n|poke|p1|Zacian-*|\n|poke|p1|Gliscor, F|\n|poke|p1|Palkia-Origin|\n|poke|p2|Slowking-Galar, F|\n|poke|p2|Urshifu-*, F|\n|poke|p2|Giratina|\n|poke|p2|Azumarill, F|\n|poke|p2|Magearna-Original|\n|poke|p2|Arceus-Grass|\n|teampreview\n|inactive|Battle timer is ON: inactive players will automatically lose when time's up. (requested by Finchely)\n|\n|t:|1698972714\n|start\n|switch|p1a: Gliscor|Gliscor, F|100\/100\n|switch|p2a: Slowking|Slowking-Galar, F, shiny|100\/100\n|turn|1\n|\n|t:|1698972725\n|move|p1a: Gliscor|Protect|p1a: Gliscor\n|-singleturn|p1a: Gliscor|Protect\n|move|p2a: Slowking|Chilly Reception|p2a: Slowking\n|-weather|Snow\n|\n|t:|1698972737\n|switch|p2a: Magearna|Magearna-Original|100\/100|[from] Chilly Reception\n|\n|-weather|Snow|[upkeep]\n|-status|p1a: Gliscor|tox|[from] item: Toxic Orb\n|upkeep\n|turn|2\n|\n|t:|1698972756\n|move|p1a: Gliscor|Stealth Rock|p2a: Magearna\n|-sidestart|p2: Finchely|move: Stealth Rock\n|move|p2a: Magearna|Ice Beam|p1a: Gliscor\n|-supereffective|p1a: Gliscor\n|-damage|p1a: Gliscor|0 fnt\n|faint|p1a: Gliscor\n|-ability|p2a: Magearna|Soul-Heart|boost\n|-boost|p2a: Magearna|spa|1\n|\n|-weather|Snow|[upkeep]\n|upkeep\n|c|\u2606Finchely|Yeah let\u2019s go\n|\n|t:|1698972770\n|switch|p1a: Magearna|Magearna|100\/100\n|turn|3\n|c|\u2606Finchely|Aldsondont send this vid to Alice pls\n|c|\u2606Finchely|im fighting her tomorrow\n|c|\u2606Finchely|and bringing this team\n|c|\u2606sword over shield|for the tourn?\n|inactive|Finchely has 270 seconds left.\n|\n|t:|1698972802\n|move|p2a: Magearna|Volt Switch|p1a: Magearna\n|-damage|p1a: Magearna|82\/100\n|inactive|Finchely has 270 seconds left.\n|\n|t:|1698972817\n|switch|p2a: Arceus|Arceus-Grass|100\/100|[from] Volt Switch\n|-damage|p2a: Arceus|88\/100|[from] Stealth Rock\n|move|p1a: Magearna|Thunder Wave|p2a: Arceus|[miss]\n|-miss|p1a: Magearna|p2a: Arceus\n|\n|-weather|Snow|[upkeep]\n|-heal|p1a: Magearna|88\/100|[from] item: Leftovers\n|upkeep\n|turn|4\n|inactive|Finchely has 270 seconds left.\n|\n|t:|1698972829\n|move|p2a: Arceus|Taunt|p1a: Magearna\n|-start|p1a: Magearna|move: Taunt\n|move|p1a: Magearna|Volt Switch|p2a: Arceus\n|-resisted|p2a: Arceus\n|-damage|p2a: Arceus|81\/100\n|c|\u2606Finchely|Ywah\n|c|\u2606Finchely|*yeah\n|c|\u2606Finchely|tournament\n|c|\u2606sword over shield|ok i wont\n|\n|t:|1698972847\n|switch|p1a: Arceus|Arceus-Poison|100\/100|[from] Volt Switch\n|\n|-weather|Snow|[upkeep]\n|upkeep\n|turn|5\n|\n|t:|1698972853\n|switch|p2a: Slowking|Slowking-Galar, F, shiny|100\/100\n|move|p1a: Arceus|Swords Dance|p1a: Arceus\n|-boost|p1a: Arceus|atk|2\n|\n|-weather|none\n|upkeep\n|turn|6\n|c|\u2606Finchely|Wait\n|c|\u2606Finchely|rhis is literally a set Alice ran lol\n|inactive|Finchely has 270 seconds left.\n|\n|t:|1698972870\n|move|p1a: Arceus|Earthquake|p2a: Slowking\n|-supereffective|p2a: Slowking\n|-damage|p2a: Slowking|4\/100\n|move|p2a: Slowking|Future Sight|p1a: Arceus\n|-start|p2a: Slowking|move: Future Sight\n|\n|upkeep\n|turn|7\n|c|\u2606sword over shield|me?\n|\n|t:|1698972880\n|switch|p2a: Arceus|Arceus-Grass|81\/100\n|-damage|p2a: Arceus|69\/100|[from] Stealth Rock\n|move|p1a: Arceus|Swords Dance|p1a: Arceus\n|-boost|p1a: Arceus|atk|2\n|\n|upkeep\n|turn|8\n|\n|t:|1698972892\n|-terastallize|p1a: Arceus|Normal\n|move|p1a: Arceus|Extreme Speed|p2a: Arceus\n|-damage|p2a: Arceus|4\/100\n|move|p2a: Arceus|Fire Blast|p1a: Arceus\n|-damage|p1a: Arceus|80\/100\n|-status|p1a: Arceus|brn\n|\n|-end|p1a: Arceus|move: Future Sight\n|-damage|p1a: Arceus|51\/100 brn\n|-damage|p1a: Arceus|45\/100 brn|[from] brn\n|upkeep\n|turn|9\n|\n|t:|1698972905\n|move|p2a: Arceus|Recover|p2a: Arceus\n|-heal|p2a: Arceus|54\/100\n|move|p1a: Arceus|Recover|p1a: Arceus\n|-heal|p1a: Arceus|95\/100 brn\n|\n|-damage|p1a: Arceus|89\/100 brn|[from] brn\n|upkeep\n|turn|10\n|c|\u2606Finchely|Swords dance poison ceus\n|\n|t:|1698972922\n|move|p1a: Arceus|Swords Dance|p1a: Arceus\n|-boost|p1a: Arceus|atk|2\n|move|p2a: Arceus|Taunt|p1a: Arceus\n|-start|p1a: Arceus|move: Taunt\n|\n|-damage|p1a: Arceus|82\/100 brn|[from] brn\n|upkeep\n|turn|11\n|\n|t:|1698972936\n|switch|p2a: Giratina|Giratina, shiny|100\/100\n|-ability|p2a: Giratina|Pressure\n|move|p1a: Arceus|Extreme Speed|p2a: Giratina\n|-immune|p2a: Giratina\n|\n|-damage|p1a: Arceus|76\/100 brn|[from] brn\n|upkeep\n|turn|12\n|\n|t:|1698972943\n|move|p1a: Arceus|Earthquake|p2a: Giratina\n|-crit|p2a: Giratina\n|-damage|p2a: Giratina|54\/100\n|move|p2a: Giratina|Dragon Tail|p1a: Arceus\n|-damage|p1a: Arceus|65\/100 brn\n|drag|p1a: Magearna|Magearna|88\/100\n|\n|-heal|p1a: Magearna|94\/100|[from] item: Leftovers\n|upkeep\n|turn|13\n|c|\u2606Finchely|The crit hurts lol\n|\n|t:|1698972955\n|switch|p2a: Magearna|Magearna-Original|100\/100\n|-damage|p2a: Magearna|94\/100|[from] Stealth Rock\n|move|p1a: Magearna|Fleur Cannon|p2a: Magearna\n|-resisted|p2a: Magearna\n|-damage|p2a: Magearna|77\/100\n|-unboost|p1a: Magearna|spa|2\n|\n|-heal|p1a: Magearna|99\/100|[from] item: Leftovers\n|upkeep\n|turn|14\n|\n|t:|1698972968\n|move|p2a: Magearna|Spikes|p1a: Magearna\n|-sidestart|p1: sword over shield|Spikes\n|move|p1a: Magearna|Spikes|p2a: Magearna\n|-sidestart|p2: Finchely|Spikes\n|\n|-heal|p1a: Magearna|100\/100|[from] item: Leftovers\n|upkeep\n|turn|15\n|\n|t:|1698972973\n|move|p2a: Magearna|Volt Switch|p1a: Magearna\n|-damage|p1a: Magearna|87\/100\n|\n|t:|1698972978\n|switch|p2a: Slowking|Slowking-Galar, F, shiny|37\/100|[from] Volt Switch\n|move|p1a: Magearna|Spikes|p2a: Slowking\n|-sidestart|p2: Finchely|Spikes\n|\n|-heal|p1a: Magearna|93\/100|[from] item: Leftovers\n|upkeep\n|turn|16\n|\n|t:|1698972987\n|move|p1a: Magearna|Volt Switch|p2a: Slowking\n|-damage|p2a: Slowking|30\/100\n|\n|t:|1698973001\n|switch|p1a: Arceus|Arceus-Poison, tera:Normal|65\/100 brn|[from] Volt Switch\n|-damage|p1a: Arceus|53\/100 brn|[from] Spikes\n|move|p2a: Slowking|Future Sight|p1a: Arceus\n|-start|p2a: Slowking|move: Future Sight\n|\n|-damage|p1a: Arceus|46\/100 brn|[from] brn\n|upkeep\n|turn|17\n|inactive|Finchely has 270 seconds left.\n|\n|t:|1698973056\n|switch|p2a: Giratina|Giratina, shiny|54\/100\n|-ability|p2a: Giratina|Pressure\n|move|p1a: Arceus|Earthquake|p2a: Giratina\n|-damage|p2a: Giratina|46\/100\n|\n|-damage|p1a: Arceus|40\/100 brn|[from] brn\n|upkeep\n|turn|18\n|\n|t:|1698973083\n|move|p1a: Arceus|Recover|p1a: Arceus\n|-heal|p1a: Arceus|90\/100 brn\n|move|p2a: Giratina|Defog|p1a: Arceus\n|-unboost|p1a: Arceus|evasion|1\n|-sideend|p1: sword over shield|Spikes|[from] move: Defog|[of] p2a: Giratina\n|-sideend|p2: Finchely|Spikes|[from] move: Defog|[of] p2a: Giratina\n|-sideend|p2: Finchely|Stealth Rock|[from] move: Defog|[of] p2a: Giratina\n|\n|-end|p1a: Arceus|move: Future Sight\n|-damage|p1a: Arceus|60\/100 brn\n|-damage|p1a: Arceus|54\/100 brn|[from] brn\n|upkeep\n|turn|19\n|\n|t:|1698973093\n|switch|p2a: Arceus|Arceus-Grass|54\/100\n|move|p1a: Arceus|Recover|p1a: Arceus\n|-heal|p1a: Arceus|100\/100 brn\n|\n|-damage|p1a: Arceus|94\/100 brn|[from] brn\n|upkeep\n|turn|20\n|\n|t:|1698973097\n|switch|p1a: Dragapult|Dragapult, F|100\/100\n|move|p2a: Arceus|Taunt|p1a: Dragapult\n|-start|p1a: Dragapult|move: Taunt\n|\n|upkeep\n|turn|21\n|\n|t:|1698973109\n|switch|p2a: Magearna|Magearna-Original|77\/100\n|move|p1a: Dragapult|U-turn|p2a: Magearna\n|-resisted|p2a: Magearna\n|-damage|p2a: Magearna|74\/100\n|\n|t:|1698973121\n|switch|p1a: Palkia|Palkia-Origin|100\/100|[from] U-turn\n|-ability|p1a: Palkia|Pressure\n|\n|upkeep\n|turn|22\n|inactive|Finchely has 270 seconds left.\n|\n|t:|1698973129\n|switch|p2a: Azumarill|Azumarill, F, shiny|100\/100\n|move|p1a: Palkia|Earth Power|p2a: Azumarill\n|-damage|p2a: Azumarill|75\/100\n|\n|upkeep\n|turn|23\n|\n|t:|1698973140\n|move|p1a: Palkia|Thunder Wave|p2a: Azumarill\n|-status|p2a: Azumarill|par\n|move|p2a: Azumarill|Play Rough|p1a: Palkia\n|-supereffective|p1a: Palkia\n|-damage|p1a: Palkia|0 fnt\n|faint|p1a: Palkia\n|\n|upkeep\n|c|\u2606Finchely|Twave huh\n|c|\u2606Finchely|thats not as common\n|c|\u2606sword over shield|really thought you would belly drum\n|inactive|sword over shield has 270 seconds left.\n|\n|t:|1698973174\n|switch|p1a: Zacian|Zacian|100\/100\n|-ability|p1a: Zacian|Intrepid Sword|boost\n|-boost|p1a: Zacian|atk|1\n|turn|24\n|c|\u2606Finchely|Lol\n|\n|t:|1698973198\n|move|p1a: Zacian|Swords Dance|p1a: Zacian\n|-boost|p1a: Zacian|atk|2\n|move|p2a: Azumarill|Play Rough|p1a: Zacian\n|-damage|p1a: Zacian|45\/100\n|-unboost|p1a: Zacian|atk|1\n|\n|upkeep\n|turn|25\n|inactive|Finchely has 270 seconds left.\n|c|\u2606Finchely|Sorry got to calc stuff\n|inactive|Finchely has 240 seconds left.\n|c|\u2606sword over shield|sis its a friendly\n|c|\u2606sword over shield|its not a tournament game\n|inactive|Finchely has 210 seconds left.\n|inactive|Finchely has 180 seconds left.\n|inactive|Finchely has 150 seconds left.\n|\n|t:|1698973349\n|move|p2a: Azumarill|Aqua Jet|p1a: Zacian\n|-damage|p1a: Zacian|21\/100\n|move|p1a: Zacian|Play Rough|p2a: Azumarill\n|-damage|p2a: Azumarill|0 fnt\n|faint|p2a: Azumarill\n|\n|upkeep\n|\n|t:|1698973355\n|switch|p2a: Urshifu|Urshifu, F|100\/100\n|turn|26\n|\n|t:|1698973364\n|move|p1a: Zacian|Play Rough|p2a: Urshifu\n|-supereffective|p2a: Urshifu\n|-damage|p2a: Urshifu|0 fnt\n|faint|p2a: Urshifu\n|\n|upkeep\n|\n|t:|1698973379\n|switch|p2a: Slowking|Slowking-Galar, F, shiny|63\/100\n|turn|27\n|\n|t:|1698973382\n|move|p1a: Zacian|Crunch|p2a: Slowking\n|-supereffective|p2a: Slowking\n|-damage|p2a: Slowking|0 fnt\n|faint|p2a: Slowking\n|\n|upkeep\n|\n|t:|1698973384\n|switch|p2a: Arceus|Arceus-Grass|54\/100\n|turn|28\n|c|\u2606Finchely|Gg\n|\n|t:|1698973389\n|move|p1a: Zacian|Play Rough|p2a: Arceus|[miss]\n|-miss|p1a: Zacian|p2a: Arceus\n|move|p2a: Arceus|Judgment|p1a: Zacian\n|-damage|p1a: Zacian|0 fnt\n|faint|p1a: Zacian\n|\n|upkeep\n|c|\u2606Finchely|Oh wait\n|\n|t:|1698973403\n|switch|p1a: Dragapult|Dragapult, F|100\/100\n|turn|29\n|\n|t:|1698973409\n|switch|p2a: Magearna|Magearna-Original|74\/100\n|move|p1a: Dragapult|Flamethrower|p2a: Magearna\n|-supereffective|p2a: Magearna\n|-damage|p2a: Magearna|25\/100\n|\n|upkeep\n|turn|30\n|\n|t:|1698973417\n|-terastallize|p2a: Magearna|Water\n|move|p1a: Dragapult|Flamethrower|p2a: Magearna\n|-resisted|p2a: Magearna\n|-damage|p2a: Magearna|12\/100\n|move|p2a: Magearna|Draining Kiss|p1a: Dragapult\n|-supereffective|p1a: Dragapult\n|-damage|p1a: Dragapult|36\/100\n|-heal|p2a: Magearna|54\/100|[from] drain|[of] p1a: Dragapult\n|\n|upkeep\n|turn|31\n|\n|t:|1698973425\n|switch|p1a: Arceus|Arceus-Poison, tera:Normal|94\/100 brn\n|move|p2a: Magearna|Draining Kiss|p1a: Arceus\n|-damage|p1a: Arceus|81\/100 brn\n|-heal|p2a: Magearna|66\/100|[from] drain|[of] p1a: Arceus\n|\n|-damage|p1a: Arceus|75\/100 brn|[from] brn\n|upkeep\n|turn|32\n|\n|t:|1698973431\n|move|p1a: Arceus|Swords Dance|p1a: Arceus\n|-boost|p1a: Arceus|atk|2\n|move|p2a: Magearna|Volt Switch|p1a: Arceus\n|-damage|p1a: Arceus|62\/100 brn\n|\n|t:|1698973432\n|switch|p2a: Giratina|Giratina, shiny|46\/100|[from] Volt Switch\n|-ability|p2a: Giratina|Pressure\n|\n|-damage|p1a: Arceus|55\/100 brn|[from] brn\n|upkeep\n|turn|33\n|\n|t:|1698973436\n|move|p1a: Arceus|Recover|p1a: Arceus\n|-heal|p1a: Arceus|100\/100 brn\n|move|p2a: Giratina|Dragon Tail|p1a: Arceus\n|-damage|p1a: Arceus|88\/100 brn\n|drag|p1a: Magearna|Magearna|93\/100\n|\n|-heal|p1a: Magearna|99\/100|[from] item: Leftovers\n|upkeep\n|turn|34\n|\n|t:|1698973445\n|switch|p2a: Arceus|Arceus-Grass|54\/100\n|move|p1a: Magearna|Thunder Wave|p2a: Arceus\n|-status|p2a: Arceus|par\n|\n|-heal|p1a: Magearna|100\/100|[from] item: Leftovers\n|upkeep\n|turn|35\n|\n|t:|1698973454\n|move|p1a: Magearna|Volt Switch|p2a: Arceus\n|-resisted|p2a: Arceus\n|-damage|p2a: Arceus|48\/100 par\n|\n|t:|1698973458\n|switch|p1a: Arceus|Arceus-Poison, tera:Normal|88\/100 brn|[from] Volt Switch\n|move|p2a: Arceus|Recover|p2a: Arceus\n|-heal|p2a: Arceus|98\/100 par\n|\n|-damage|p1a: Arceus|82\/100 brn|[from] brn\n|upkeep\n|turn|36\n|\n|t:|1698973467\n|move|p1a: Arceus|Swords Dance|p1a: Arceus\n|-boost|p1a: Arceus|atk|2\n|move|p2a: Arceus|Taunt|p1a: Arceus\n|-start|p1a: Arceus|move: Taunt\n|\n|-damage|p1a: Arceus|76\/100 brn|[from] brn\n|upkeep\n|turn|37\n|inactive|Finchely has 240 seconds left.\n|\n|t:|1698973480\n|move|p1a: Arceus|Earthquake|p2a: Arceus\n|-resisted|p2a: Arceus\n|-damage|p2a: Arceus|90\/100 par\n|cant|p2a: Arceus|par\n|\n|-damage|p1a: Arceus|70\/100 brn|[from] brn\n|upkeep\n|turn|38\n|inactive|Finchely has 240 seconds left.\n|\n|t:|1698973487\n|move|p1a: Arceus|Extreme Speed|p2a: Arceus\n|-damage|p2a: Arceus|70\/100 par\n|cant|p2a: Arceus|par\n|\n|-damage|p1a: Arceus|64\/100 brn|[from] brn\n|upkeep\n|turn|39\n|\n|t:|1698973495\n|move|p1a: Arceus|Earthquake|p2a: Arceus\n|-resisted|p2a: Arceus\n|-damage|p2a: Arceus|60\/100 par\n|move|p2a: Arceus|Judgment|p1a: Arceus\n|-damage|p1a: Arceus|31\/100 brn\n|\n|-damage|p1a: Arceus|25\/100 brn|[from] brn\n|-end|p1a: Arceus|move: Taunt\n|upkeep\n|turn|40\n|\n|t:|1698973500\n|move|p1a: Arceus|Recover|p1a: Arceus\n|-heal|p1a: Arceus|75\/100 brn\n|cant|p2a: Arceus|par\n|\n|-damage|p1a: Arceus|69\/100 brn|[from] brn\n|upkeep\n|turn|41\n|\n|t:|1698973504\n|move|p1a: Arceus|Swords Dance|p1a: Arceus\n|-boost|p1a: Arceus|atk|2\n|move|p2a: Arceus|Judgment|p1a: Arceus\n|-damage|p1a: Arceus|40\/100 brn\n|\n|-damage|p1a: Arceus|34\/100 brn|[from] brn\n|upkeep\n|turn|42\n|inactive|Finchely has 270 seconds left.\n|\n|t:|1698973516\n|move|p1a: Arceus|Recover|p1a: Arceus\n|-heal|p1a: Arceus|84\/100 brn\n|move|p2a: Arceus|Judgment|p1a: Arceus\n|-damage|p1a: Arceus|54\/100 brn\n|\n|-damage|p1a: Arceus|48\/100 brn|[from] brn\n|upkeep\n|turn|43\n|\n|t:|1698973527\n|switch|p2a: Giratina|Giratina, shiny|46\/100\n|-ability|p2a: Giratina|Pressure\n|move|p1a: Arceus|Extreme Speed|p2a: Giratina\n|-immune|p2a: Giratina\n|\n|-damage|p1a: Arceus|42\/100 brn|[from] brn\n|upkeep\n|turn|44\n|\n|t:|1698973537\n|move|p1a: Arceus|Earthquake|p2a: Giratina\n|-damage|p2a: Giratina|20\/100\n|move|p2a: Giratina|Dragon Tail|p1a: Arceus\n|-damage|p1a: Arceus|29\/100 brn\n|drag|p1a: Dragapult|Dragapult, F|36\/100\n|\n|upkeep\n|turn|45\n|\n|t:|1698973546\n|move|p1a: Dragapult|Shadow Ball|p2a: Giratina\n|-supereffective|p2a: Giratina\n|-damage|p2a: Giratina|0 fnt\n|faint|p2a: Giratina\n|\n|upkeep\n|\n|t:|1698973562\n|switch|p2a: Magearna|Magearna-Original, tera:Water|66\/100\n|turn|46\n|\n|t:|1698973566\n|switch|p1a: Arceus|Arceus-Poison, tera:Normal|29\/100 brn\n|move|p2a: Magearna|Volt Switch|p1a: Arceus\n|-crit|p1a: Arceus\n|-damage|p1a: Arceus|9\/100 brn\n|\n|t:|1698973571\n|switch|p2a: Arceus|Arceus-Grass|60\/100 par|[from] Volt Switch\n|\n|-damage|p1a: Arceus|3\/100 brn|[from] brn\n|upkeep\n|turn|47\n|\n|t:|1698973579\n|move|p1a: Arceus|Recover|p1a: Arceus\n|-heal|p1a: Arceus|53\/100 brn\n|move|p2a: Arceus|Taunt|p1a: Arceus\n|-start|p1a: Arceus|move: Taunt\n|\n|-damage|p1a: Arceus|47\/100 brn|[from] brn\n|upkeep\n|turn|48\n|\n|t:|1698973587\n|move|p1a: Arceus|Extreme Speed|p2a: Arceus\n|-damage|p2a: Arceus|49\/100 par\n|move|p2a: Arceus|Judgment|p1a: Arceus\n|-damage|p1a: Arceus|14\/100 brn\n|\n|-damage|p1a: Arceus|7\/100 brn|[from] brn\n|upkeep\n|turn|49\n|\n|t:|1698973615\n|move|p1a: Arceus|Extreme Speed|p2a: Arceus\n|-damage|p2a: Arceus|39\/100 par\n|move|p2a: Arceus|Judgment|p1a: Arceus\n|-damage|p1a: Arceus|0 fnt\n|faint|p1a: Arceus\n|\n|upkeep\n|inactive|sword over shield has 270 seconds left.\n|\n|t:|1698973667\n|switch|p1a: Dragapult|Dragapult, F|36\/100\n|turn|50\n|\n|t:|1698973676\n|switch|p2a: Magearna|Magearna-Original, tera:Water|66\/100\n|move|p1a: Dragapult|Draco Meteor|p2a: Magearna\n|-damage|p2a: Magearna|15\/100\n|-unboost|p1a: Dragapult|spa|2\n|\n|upkeep\n|turn|51\n|inactive|sword over shield has 240 seconds left.\n|c|\u2606Finchely|Gg I think\n|\n|t:|1698973722\n|move|p1a: Dragapult|Draco Meteor|p2a: Magearna\n|-damage|p2a: Magearna|0 fnt\n|-unboost|p1a: Dragapult|spa|2\n|faint|p2a: Magearna\n|\n|upkeep\n|c|\u2606Finchely|i can\u2019t win this I don\u2019t think\n|\n|t:|1698973728\n|switch|p2a: Arceus|Arceus-Grass|39\/100 par\n|turn|52\n|\n|t:|1698973733\n|switch|p1a: Magearna|Magearna|100\/100\n|cant|p2a: Arceus|par\n|\n|upkeep\n|turn|53\n|\n|t:|1698973739\n|move|p1a: Magearna|Fleur Cannon|p2a: Arceus\n|-damage|p2a: Arceus|4\/100 par\n|-unboost|p1a: Magearna|spa|2\n|cant|p2a: Arceus|par\n|\n|upkeep\n|turn|54\n|\n|t:|1698973744\n|move|p1a: Magearna|Fleur Cannon|p2a: Arceus\n|-damage|p2a: Arceus|0 fnt\n|-unboost|p1a: Magearna|spa|2\n|faint|p2a: Arceus\n|\n|win|sword over shield\n|c|\u2606sword over shield|gg\n|c|\u2606Finchely|Gg\n|l|\u2606Finchely\n","uploadtime":1698973755,"views":5,"p1id":"swordovershield","p2id":"finchely","formatid":"gen9ubers","rating":0,"private":0,"password":""}