{"id":"gen9ubers-1983075709","p1":"kai dragneel","p2":"Vlad6","format":"[Gen 9] Ubers","log":"|j|\u2606kai dragneel\n|j|\u2606Vlad6\n|t:|1699080459\n|gametype|singles\n|player|p1|kai dragneel|169|1114\n|player|p2|Vlad6|266|1102\n|teamsize|p1|6\n|teamsize|p2|6\n|gen|9\n|tier|[Gen 9] Ubers\n|rated|\n|rule|Sleep Clause Mod: Limit one foe put to sleep\n|rule|Species Clause: Limit one of each Pok\u00e9mon\n|rule|OHKO Clause: OHKO moves are banned\n|rule|Evasion Items Clause: Evasion items are banned\n|rule|Evasion Moves Clause: Evasion moves are banned\n|rule|Endless Battle Clause: Forcing endless battles is banned\n|rule|HP Percentage Mod: HP is shown in percentages\n|clearpoke\n|poke|p1|Decidueye-Hisui, M|\n|poke|p1|Arcanine-Hisui, M|\n|poke|p1|Basculegion, M|\n|poke|p1|Ursaluna, M|\n|poke|p1|Braviary-Hisui, M|\n|poke|p1|Goodra-Hisui, M|\n|poke|p2|Miraidon|\n|poke|p2|Iron Bundle|\n|poke|p2|Iron Treads|\n|poke|p2|Koraidon|\n|poke|p2|Flutter Mane|\n|poke|p2|Great Tusk|\n|teampreview\n|inactive|Battle timer is ON: inactive players will automatically lose when time's up. (requested by Vlad6)\n|\n|t:|1699080484\n|start\n|switch|p1a: Arcanine|Arcanine-Hisui, M|100\/100\n|switch|p2a: Miraidon|Miraidon|100\/100\n|-fieldstart|move: Electric Terrain|[from] ability: Hadron Engine|[of] p2a: Miraidon\n|turn|1\n|\n|t:|1699080494\n|switch|p1a: Goodra|Goodra-Hisui, M|100\/100\n|move|p2a: Miraidon|Electro Drift|p1a: Goodra\n|-resisted|p1a: Goodra\n|-damage|p1a: Goodra|71\/100\n|\n|upkeep\n|turn|2\n|\n|t:|1699080509\n|switch|p2a: Flutter Mane|Flutter Mane|100\/100\n|move|p1a: Goodra|Dragon Pulse|p2a: Flutter Mane\n|-immune|p2a: Flutter Mane\n|\n|upkeep\n|turn|3\n|\n|t:|1699080533\n|move|p2a: Flutter Mane|Moonblast|p1a: Goodra\n|-damage|p1a: Goodra|43\/100\n|-damage|p2a: Flutter Mane|91\/100|[from] item: Life Orb\n|move|p1a: Goodra|Flash Cannon|p2a: Flutter Mane\n|-supereffective|p2a: Flutter Mane\n|-damage|p2a: Flutter Mane|12\/100\n|\n|upkeep\n|turn|4\n|\n|t:|1699080549\n|move|p2a: Flutter Mane|Moonblast|p1a: Goodra\n|-damage|p1a: Goodra|15\/100\n|-unboost|p1a: Goodra|spa|1\n|-damage|p2a: Flutter Mane|2\/100|[from] item: Life Orb\n|move|p1a: Goodra|Flash Cannon|p2a: Flutter Mane\n|-supereffective|p2a: Flutter Mane\n|-damage|p2a: Flutter Mane|0 fnt\n|faint|p2a: Flutter Mane\n|-end|p2a: Flutter Mane|Protosynthesis|[silent]\n|\n|upkeep\n|\n|t:|1699080558\n|switch|p2a: Great Tusk|Great Tusk|100\/100\n|turn|5\n|\n|t:|1699080563\n|move|p2a: Great Tusk|Headlong Rush|p1a: Goodra\n|-supereffective|p1a: Goodra\n|-damage|p1a: Goodra|0 fnt\n|-unboost|p2a: Great Tusk|def|1\n|-unboost|p2a: Great Tusk|spd|1\n|faint|p1a: Goodra\n|\n|-fieldend|move: Electric Terrain\n|upkeep\n|\n|t:|1699080573\n|switch|p1a: Decidueye|Decidueye-Hisui, M|100\/100\n|turn|6\n|\n|t:|1699080592\n|move|p2a: Great Tusk|Headlong Rush|p1a: Decidueye\n|-resisted|p1a: Decidueye\n|-damage|p1a: Decidueye|69\/100\n|-unboost|p2a: Great Tusk|def|1\n|-unboost|p2a: Great Tusk|spd|1\n|move|p1a: Decidueye|Leaf Blade|p2a: Great Tusk\n|-supereffective|p2a: Great Tusk\n|-damage|p2a: Great Tusk|0 fnt\n|faint|p2a: Great Tusk\n|-end|p2a: Great Tusk|Protosynthesis|[silent]\n|-damage|p1a: Decidueye|59\/100|[from] item: Life Orb\n|\n|upkeep\n|\n|t:|1699080603\n|switch|p2a: Iron Bundle|Iron Bundle|100\/100\n|turn|7\n|\n|t:|1699080613\n|move|p1a: Decidueye|Sucker Punch|p2a: Iron Bundle\n|-damage|p2a: Iron Bundle|61\/100\n|-damage|p1a: Decidueye|49\/100|[from] item: Life Orb\n|move|p2a: Iron Bundle|Ice Beam|p1a: Decidueye\n|-supereffective|p1a: Decidueye\n|-damage|p1a: Decidueye|0 fnt\n|faint|p1a: Decidueye\n|\n|upkeep\n|\n|t:|1699080623\n|switch|p1a: Basculegion|Basculegion, M|100\/100\n|turn|8\n|\n|t:|1699080632\n|-end|p2a: Iron Bundle|Quark Drive|[silent]\n|switch|p2a: Miraidon|Miraidon|100\/100\n|-fieldstart|move: Electric Terrain|[from] ability: Hadron Engine|[of] p2a: Miraidon\n|move|p1a: Basculegion|Last Respects|p2a: Miraidon\n|-damage|p2a: Miraidon|27\/100\n|\n|upkeep\n|turn|9\n|\n|t:|1699080642\n|switch|p1a: Ursaluna|Ursaluna, M|100\/100\n|move|p2a: Miraidon|Electro Drift|p1a: Ursaluna\n|-immune|p1a: Ursaluna\n|\n|-status|p1a: Ursaluna|brn|[from] item: Flame Orb\n|upkeep\n|turn|10\n|\n|t:|1699080667\n|switch|p2a: Koraidon|Koraidon|100\/100\n|-weather|SunnyDay|[from] ability: Orichalcum Pulse|[of] p2a: Koraidon\n|-activate|p2a: Koraidon|Orichalcum Pulse|[source]\n|move|p1a: Ursaluna|Earthquake|p2a: Koraidon\n|-damage|p2a: Koraidon|23\/100\n|\n|-weather|SunnyDay|[upkeep]\n|-damage|p1a: Ursaluna|94\/100 brn|[from] brn\n|upkeep\n|turn|11\n|\n|t:|1699080684\n|switch|p1a: Braviary|Braviary-Hisui, M|100\/100\n|-terastallize|p2a: Koraidon|Fighting\n|move|p2a: Koraidon|Collision Course|p1a: Braviary\n|-resisted|p1a: Braviary\n|-damage|p1a: Braviary|51\/100\n|\n|-weather|SunnyDay|[upkeep]\n|upkeep\n|turn|12\n|\n|t:|1699080695\n|move|p2a: Koraidon|Collision Course|p1a: Braviary\n|-resisted|p1a: Braviary\n|-damage|p1a: Braviary|5\/100\n|move|p1a: Braviary|Esper Wing|p2a: Koraidon\n|-supereffective|p2a: Koraidon\n|-damage|p2a: Koraidon|0 fnt\n|-boost|p1a: Braviary|spe|1\n|faint|p2a: Koraidon\n|\n|-weather|SunnyDay|[upkeep]\n|-fieldend|move: Electric Terrain\n|upkeep\n|\n|t:|1699080706\n|switch|p2a: Iron Treads|Iron Treads|100\/100\n|turn|13\n|\n|t:|1699080714\n|move|p1a: Braviary|Heat Wave|p2a: Iron Treads\n|-supereffective|p2a: Iron Treads\n|-damage|p2a: Iron Treads|0 fnt\n|faint|p2a: Iron Treads\n|-end|p2a: Iron Treads|Quark Drive|[silent]\n|\n|-weather|SunnyDay|[upkeep]\n|upkeep\n|\n|t:|1699080718\n|switch|p2a: Iron Bundle|Iron Bundle|61\/100\n|turn|14\n|\n|t:|1699080727\n|move|p2a: Iron Bundle|Ice Beam|p1a: Braviary\n|-supereffective|p1a: Braviary\n|-damage|p1a: Braviary|0 fnt\n|faint|p1a: Braviary\n|\n|-weather|none\n|upkeep\n|\n|t:|1699080734\n|switch|p1a: Basculegion|Basculegion, M|100\/100\n|turn|15\n|\n|t:|1699080748\n|move|p1a: Basculegion|Last Respects|p2a: Iron Bundle\n|-damage|p2a: Iron Bundle|0 fnt\n|faint|p2a: Iron Bundle\n|-end|p2a: Iron Bundle|Quark Drive|[silent]\n|\n|upkeep\n|\n|t:|1699080753\n|switch|p2a: Miraidon|Miraidon|27\/100\n|-fieldstart|move: Electric Terrain|[from] ability: Hadron Engine|[of] p2a: Miraidon\n|turn|16\n|\n|t:|1699080763\n|move|p1a: Basculegion|Last Respects|p2a: Miraidon\n|-damage|p2a: Miraidon|0 fnt\n|faint|p2a: Miraidon\n|\n|win|kai dragneel\n|raw|kai dragneel's rating: 1114 &rarr; <strong>1138<\/strong><br \/>(+24 for winning)\n|raw|Vlad6's rating: 1102 &rarr; <strong>1078<\/strong><br \/>(-24 for losing)\n|l|\u2606Vlad6\n","uploadtime":1699080770,"views":16,"p1id":"kaidragneel","p2id":"vlad6","formatid":"gen9ubers","rating":1078,"private":0,"password":""}