{"id":"gen9ubers-1997009674","p1":"CoffeeBeanz2","p2":"UnknownToasted","format":"[Gen 9] Ubers","log":"|j|\u2606CoffeeBeanz2\n|j|\u2606UnknownToasted\n|t:|1700755271\n|gametype|singles\n|player|p1|CoffeeBeanz2|lysandre|\n|player|p2|UnknownToasted|janitor|\n|teamsize|p1|6\n|teamsize|p2|6\n|gen|9\n|tier|[Gen 9] Ubers\n|rule|Sleep Clause Mod: Limit one foe put to sleep\n|rule|Species Clause: Limit one of each Pok\u00e9mon\n|rule|OHKO Clause: OHKO moves are banned\n|rule|Evasion Items Clause: Evasion items are banned\n|rule|Evasion Moves Clause: Evasion moves are banned\n|rule|Endless Battle Clause: Forcing endless battles is banned\n|rule|HP Percentage Mod: HP is shown in percentages\n|clearpoke\n|poke|p1|Ribombee, F|\n|poke|p1|Iron Moth|\n|poke|p1|Landorus-Therian, M|\n|poke|p1|Gholdengo|\n|poke|p1|Quaquaval, M|\n|poke|p1|Kingambit, F|\n|poke|p2|Dragonite, M|\n|poke|p2|Samurott-Hisui, F|\n|poke|p2|Jirachi|\n|poke|p2|Landorus-Therian, M|\n|poke|p2|Chandelure, M|\n|poke|p2|Weezing-Galar, F|\n|teampreview\n|\n|t:|1700755291\n|start\n|switch|p1a: Ribombee|Ribombee, F|100\/100\n|switch|p2a: Chandelure|Chandelure, M|100\/100\n|turn|1\n|\n|t:|1700755299\n|move|p2a: Chandelure|Overheat|p1a: Ribombee\n|-supereffective|p1a: Ribombee\n|-enditem|p1a: Ribombee|Focus Sash\n|-damage|p1a: Ribombee|1\/100\n|-unboost|p2a: Chandelure|spa|2\n|move|p1a: Ribombee|Sticky Web|p2a: Chandelure\n|-sidestart|p2: UnknownToasted|move: Sticky Web\n|\n|upkeep\n|turn|2\n|\n|t:|1700755308\n|switch|p1a: Quaquaval|Quaquaval, M|100\/100\n|move|p2a: Chandelure|Overheat|p1a: Quaquaval\n|-resisted|p1a: Quaquaval\n|-damage|p1a: Quaquaval|75\/100\n|-unboost|p2a: Chandelure|spa|2\n|\n|-heal|p1a: Quaquaval|81\/100|[from] item: Leftovers\n|upkeep\n|turn|3\n|\n|t:|1700755328\n|switch|p2a: Weezing|Weezing-Galar, F|100\/100\n|-ability|p2a: Weezing|Neutralizing Gas\n|move|p1a: Quaquaval|Aqua Step|p2a: Weezing\n|-damage|p2a: Weezing|71\/100\n|-boost|p1a: Quaquaval|spe|1\n|\n|-heal|p1a: Quaquaval|87\/100|[from] item: Leftovers\n|upkeep\n|turn|4\n|\n|t:|1700755349\n|switch|p1a: Gholdengo|Gholdengo|100\/100\n|-item|p1a: Gholdengo|Air Balloon\n|move|p2a: Weezing|Defog|p1a: Gholdengo\n|-unboost|p1a: Gholdengo|evasion|1\n|-sideend|p2: UnknownToasted|Sticky Web|[from] move: Defog|[of] p2a: Weezing\n|\n|upkeep\n|turn|5\n|\n|t:|1700755368\n|move|p1a: Gholdengo|Shadow Ball|p2a: Weezing\n|-damage|p2a: Weezing|16\/100\n|-unboost|p2a: Weezing|spd|1\n|move|p2a: Weezing|Taunt|p1a: Gholdengo\n|-start|p1a: Gholdengo|move: Taunt\n|\n|upkeep\n|turn|6\n|\n|t:|1700755391\n|move|p1a: Gholdengo|Dazzling Gleam|p2a: Weezing\n|-resisted|p2a: Weezing\n|-damage|p2a: Weezing|0 fnt\n|faint|p2a: Weezing\n|-end|p2a: Weezing|ability: Neutralizing Gas\n|\n|upkeep\n|\n|t:|1700755398\n|switch|p2a: Chandelure|Chandelure, M|100\/100\n|turn|7\n|\n|t:|1700755404\n|switch|p1a: Iron Moth|Iron Moth|100\/100\n|-enditem|p1a: Iron Moth|Booster Energy\n|-activate|p1a: Iron Moth|ability: Quark Drive|[fromitem]\n|-start|p1a: Iron Moth|quarkdrivespa\n|move|p2a: Chandelure|Energy Ball|p1a: Iron Moth\n|-resisted|p1a: Iron Moth\n|-damage|p1a: Iron Moth|93\/100\n|\n|upkeep\n|turn|8\n|\n|t:|1700755424\n|switch|p2a: Samurott|Samurott-Hisui, F|100\/100\n|move|p1a: Iron Moth|Fiery Dance|p2a: Samurott\n|-resisted|p2a: Samurott\n|-damage|p2a: Samurott|73\/100\n|\n|upkeep\n|turn|9\n|\n|t:|1700755438\n|move|p1a: Iron Moth|Sludge Wave|p2a: Samurott\n|-damage|p2a: Samurott|10\/100\n|move|p2a: Samurott|Knock Off|p1a: Iron Moth\n|-damage|p1a: Iron Moth|45\/100\n|\n|upkeep\n|turn|10\n|\n|t:|1700755450\n|move|p1a: Iron Moth|Fiery Dance|p2a: Samurott\n|-resisted|p2a: Samurott\n|-damage|p2a: Samurott|0 fnt\n|faint|p2a: Samurott\n|\n|upkeep\n|\n|t:|1700755457\n|switch|p2a: Chandelure|Chandelure, M|100\/100\n|turn|11\n|\n|t:|1700755464\n|move|p2a: Chandelure|Shadow Ball|p1a: Iron Moth\n|-damage|p1a: Iron Moth|0 fnt\n|faint|p1a: Iron Moth\n|-end|p1a: Iron Moth|Quark Drive|[silent]\n|\n|upkeep\n|\n|t:|1700755474\n|switch|p1a: Kingambit|Kingambit, F|100\/100\n|-activate|p1a: Kingambit|ability: Supreme Overlord\n|-start|p1a: Kingambit|fallen1|[silent]\n|turn|12\n|\n|t:|1700755489\n|switch|p2a: Landorus|Landorus-Therian, M|100\/100\n|-ability|p2a: Landorus|Intimidate|boost\n|-unboost|p1a: Kingambit|atk|1\n|move|p1a: Kingambit|Kowtow Cleave|p2a: Landorus\n|-damage|p2a: Landorus|67\/100\n|-damage|p1a: Kingambit|84\/100|[from] item: Rocky Helmet|[of] p2a: Landorus\n|\n|upkeep\n|turn|13\n|\n|t:|1700755506\n|-end|p1a: Kingambit|fallen1|[silent]\n|switch|p1a: Landorus|Landorus-Therian, M|100\/100\n|-ability|p1a: Landorus|Intimidate|boost\n|-unboost|p2a: Landorus|atk|1\n|move|p2a: Landorus|U-turn|p1a: Landorus\n|-resisted|p1a: Landorus\n|-damage|p1a: Landorus|95\/100\n|-damage|p2a: Landorus|51\/100|[from] item: Rocky Helmet|[of] p1a: Landorus\n|\n|t:|1700755530\n|switch|p2a: Dragonite|Dragonite, M|100\/100|[from] U-turn\n|\n|upkeep\n|turn|14\n|\n|t:|1700755585\n|-terastallize|p2a: Dragonite|Normal\n|move|p2a: Dragonite|Fire Punch|p1a: Landorus\n|-damage|p1a: Landorus|63\/100\n|-damage|p2a: Dragonite|84\/100|[from] item: Rocky Helmet|[of] p1a: Landorus\n|move|p1a: Landorus|U-turn|p2a: Dragonite\n|-damage|p2a: Dragonite|58\/100\n|\n|t:|1700755598\n|switch|p1a: Quaquaval|Quaquaval, M|87\/100|[from] U-turn\n|\n|-heal|p1a: Quaquaval|93\/100|[from] item: Leftovers\n|upkeep\n|turn|15\n|\n|t:|1700755603\n|switch|p2a: Jirachi|Jirachi|100\/100\n|move|p1a: Quaquaval|Aqua Step|p2a: Jirachi\n|-damage|p2a: Jirachi|70\/100\n|-boost|p1a: Quaquaval|spe|1\n|\n|-heal|p1a: Quaquaval|99\/100|[from] item: Leftovers\n|-heal|p2a: Jirachi|76\/100|[from] item: Leftovers\n|upkeep\n|turn|16\n|\n|t:|1700755618\n|move|p1a: Quaquaval|Aqua Step|p2a: Jirachi\n|-damage|p2a: Jirachi|46\/100\n|-boost|p1a: Quaquaval|spe|1\n|move|p2a: Jirachi|Doom Desire|p1a: Quaquaval\n|-start|p2a: Jirachi|Doom Desire\n|\n|-heal|p1a: Quaquaval|100\/100|[from] item: Leftovers\n|-heal|p2a: Jirachi|52\/100|[from] item: Leftovers\n|upkeep\n|turn|17\n|\n|t:|1700755629\n|move|p1a: Quaquaval|Close Combat|p2a: Jirachi\n|-damage|p2a: Jirachi|7\/100\n|-unboost|p1a: Quaquaval|def|1\n|-unboost|p1a: Quaquaval|spd|1\n|move|p2a: Jirachi|Wish|p2a: Jirachi\n|\n|-heal|p2a: Jirachi|13\/100|[from] item: Leftovers\n|upkeep\n|turn|18\n|\n|t:|1700755636\n|move|p1a: Quaquaval|Aqua Step|p2a: Jirachi\n|-damage|p2a: Jirachi|0 fnt\n|-boost|p1a: Quaquaval|spe|1\n|faint|p2a: Jirachi\n|-ability|p1a: Quaquaval|Moxie|boost\n|-boost|p1a: Quaquaval|atk|1\n|\n|-end|p1a: Quaquaval|move: Doom Desire\n|-resisted|p1a: Quaquaval\n|-damage|p1a: Quaquaval|53\/100\n|-heal|p1a: Quaquaval|59\/100|[from] item: Leftovers\n|upkeep\n|\n|t:|1700755657\n|switch|p2a: Dragonite|Dragonite, M, tera:Normal|58\/100\n|turn|19\n|\n|t:|1700755676\n|-terastallize|p1a: Quaquaval|Steel\n|move|p2a: Dragonite|Extreme Speed|p1a: Quaquaval\n|-resisted|p1a: Quaquaval\n|-damage|p1a: Quaquaval|0 fnt\n|faint|p1a: Quaquaval\n|\n|upkeep\n|\n|t:|1700755683\n|switch|p1a: Landorus|Landorus-Therian, M|63\/100\n|-ability|p1a: Landorus|Intimidate|boost\n|-unboost|p2a: Dragonite|atk|1\n|turn|20\n|\n|t:|1700755690\n|switch|p2a: Landorus|Landorus-Therian, M|51\/100\n|-ability|p2a: Landorus|Intimidate|boost\n|-unboost|p1a: Landorus|atk|1\n|move|p1a: Landorus|Earthquake|p2a: Landorus\n|-immune|p2a: Landorus\n|\n|upkeep\n|turn|21\n|\n|t:|1700755700\n|move|p1a: Landorus|Grass Knot|p2a: Landorus\n|-damage|p2a: Landorus|32\/100\n|-damage|p1a: Landorus|47\/100|[from] item: Rocky Helmet|[of] p2a: Landorus\n|move|p2a: Landorus|Stealth Rock|p1a: Landorus\n|-sidestart|p1: CoffeeBeanz2|move: Stealth Rock\n|\n|upkeep\n|turn|22\n|\n|t:|1700755706\n|move|p1a: Landorus|Stealth Rock|p2a: Landorus\n|-sidestart|p2: UnknownToasted|move: Stealth Rock\n|move|p2a: Landorus|Taunt|p1a: Landorus\n|-start|p1a: Landorus|move: Taunt\n|\n|upkeep\n|turn|23\n|\n|t:|1700755716\n|move|p1a: Landorus|Earthquake|p2a: Landorus\n|-immune|p2a: Landorus\n|move|p2a: Landorus|U-turn|p1a: Landorus\n|-resisted|p1a: Landorus\n|-damage|p1a: Landorus|39\/100\n|-damage|p2a: Landorus|15\/100|[from] item: Rocky Helmet|[of] p1a: Landorus\n|\n|t:|1700755730\n|switch|p2a: Dragonite|Dragonite, M, tera:Normal|58\/100|[from] U-turn\n|-damage|p2a: Dragonite|45\/100|[from] Stealth Rock\n|\n|upkeep\n|turn|24\n|\n|t:|1700755765\n|switch|p1a: Gholdengo|Gholdengo|100\/100\n|-damage|p1a: Gholdengo|94\/100|[from] Stealth Rock\n|-item|p1a: Gholdengo|Air Balloon\n|move|p2a: Dragonite|Fire Punch|p1a: Gholdengo\n|-supereffective|p1a: Gholdengo\n|-damage|p1a: Gholdengo|0 fnt\n|-enditem|p1a: Gholdengo|Air Balloon\n|faint|p1a: Gholdengo\n|\n|upkeep\n|\n|t:|1700755774\n|switch|p1a: Kingambit|Kingambit, F|84\/100\n|-damage|p1a: Kingambit|78\/100|[from] Stealth Rock\n|-activate|p1a: Kingambit|ability: Supreme Overlord\n|-start|p1a: Kingambit|fallen3|[silent]\n|turn|25\n|\n|t:|1700755800\n|switch|p2a: Landorus|Landorus-Therian, M|15\/100\n|-damage|p2a: Landorus|3\/100|[from] Stealth Rock\n|-ability|p2a: Landorus|Intimidate|boost\n|-unboost|p1a: Kingambit|atk|1\n|move|p1a: Kingambit|Sucker Punch||[still]\n|-fail|p1a: Kingambit\n|\n|upkeep\n|turn|26\n|\n|t:|1700755810\n|-end|p1a: Kingambit|fallen3|[silent]\n|switch|p1a: Landorus|Landorus-Therian, M|39\/100\n|-damage|p1a: Landorus|27\/100|[from] Stealth Rock\n|-ability|p1a: Landorus|Intimidate|boost\n|-unboost|p2a: Landorus|atk|1\n|move|p2a: Landorus|Earthquake|p1a: Landorus\n|-immune|p1a: Landorus\n|\n|upkeep\n|turn|27\n|\n|t:|1700755820\n|move|p1a: Landorus|Earthquake|p2a: Landorus\n|-immune|p2a: Landorus\n|move|p2a: Landorus|U-turn|p1a: Landorus\n|-resisted|p1a: Landorus\n|-damage|p1a: Landorus|22\/100\n|-damage|p2a: Landorus|0 fnt|[from] item: Rocky Helmet|[of] p1a: Landorus\n|faint|p2a: Landorus\n|\n|upkeep\n|\n|t:|1700755851\n|switch|p2a: Dragonite|Dragonite, M, tera:Normal|45\/100\n|-damage|p2a: Dragonite|33\/100|[from] Stealth Rock\n|turn|28\n|\n|t:|1700755858\n|move|p2a: Dragonite|Extreme Speed|p1a: Landorus\n|-damage|p1a: Landorus|0 fnt\n|-damage|p2a: Dragonite|17\/100|[from] item: Rocky Helmet|[of] p1a: Landorus\n|faint|p1a: Landorus\n|\n|upkeep\n|\n|t:|1700755862\n|switch|p1a: Kingambit|Kingambit, F|78\/100\n|-damage|p1a: Kingambit|72\/100|[from] Stealth Rock\n|-activate|p1a: Kingambit|ability: Supreme Overlord\n|-start|p1a: Kingambit|fallen4|[silent]\n|turn|29\n|\n|t:|1700755865\n|move|p2a: Dragonite|Extreme Speed|p1a: Kingambit\n|-resisted|p1a: Kingambit\n|-damage|p1a: Kingambit|45\/100\n|move|p1a: Kingambit|Kowtow Cleave|p2a: Dragonite\n|-damage|p2a: Dragonite|0 fnt\n|faint|p2a: Dragonite\n|\n|upkeep\n|\n|t:|1700755868\n|switch|p2a: Chandelure|Chandelure, M|100\/100\n|-damage|p2a: Chandelure|76\/100|[from] Stealth Rock\n|turn|30\n|\n|t:|1700755874\n|move|p1a: Kingambit|Sucker Punch|p2a: Chandelure\n|-supereffective|p2a: Chandelure\n|-damage|p2a: Chandelure|0 fnt\n|faint|p2a: Chandelure\n|\n|win|CoffeeBeanz2\n|c|\u2606CoffeeBeanz2|gg\n","uploadtime":1700755879,"views":9,"p1id":"coffeebeanz2","p2id":"unknowntoasted","formatid":"gen9ubers","rating":0,"private":0,"password":""}