{"id":"gen9ubers-1976276541","p1":"Scampton","p2":"godiamsosorry","format":"[Gen 9] Ubers","log":"|j|\u2606Scampton\n|j|\u2606godiamsosorry\n|t:|1698281350\n|gametype|singles\n|player|p1|Scampton|clown|\n|player|p2|godiamsosorry|scientistf|\n|teamsize|p1|6\n|teamsize|p2|6\n|gen|9\n|tier|[Gen 9] Ubers\n|rule|Sleep Clause Mod: Limit one foe put to sleep\n|rule|Species Clause: Limit one of each Pok\u00e9mon\n|rule|OHKO Clause: OHKO moves are banned\n|rule|Evasion Items Clause: Evasion items are banned\n|rule|Evasion Moves Clause: Evasion moves are banned\n|rule|Endless Battle Clause: Forcing endless battles is banned\n|rule|HP Percentage Mod: HP is shown in percentages\n|clearpoke\n|poke|p1|Ribombee, F|\n|poke|p1|Delibird, F|\n|poke|p1|Slowking-Galar, M|\n|poke|p1|Palafin, M|\n|poke|p1|Enamorus, F|\n|poke|p1|Medicham, F|\n|poke|p2|Klefki, F|\n|poke|p2|Medicham, F|\n|poke|p2|Zoroark-Hisui, M|\n|poke|p2|Palafin, M|\n|poke|p2|Enamorus, F|\n|poke|p2|Toedscruel, F|\n|teampreview\n|c|\u2606Scampton|you're going DOWN\n|c|\u2606Scampton|evil dies TONIGHT\n|\n|t:|1698281372\n|start\n|switch|p1a: Ribombee|Ribombee, F|100\/100\n|switch|p2a: Klefki|Klefki, F, shiny|100\/100\n|turn|1\n|\n|t:|1698281375\n|move|p2a: Klefki|Thunder Wave|p1a: Ribombee\n|-status|p1a: Ribombee|par\n|cant|p1a: Ribombee|par\n|\n|upkeep\n|turn|2\n|c|\u2606Scampton|Bro\n|\n|t:|1698281382\n|move|p1a: Ribombee|Sticky Web|p2a: Klefki\n|-sidestart|p2: godiamsosorry|move: Sticky Web\n|move|p2a: Klefki|Flash Cannon|p1a: Ribombee\n|-supereffective|p1a: Ribombee\n|-damage|p1a: Ribombee|18\/100 par\n|\n|upkeep\n|turn|3\n|\n|t:|1698281386\n|switch|p1a: Palafin|Palafin, M|100\/100\n|move|p2a: Klefki|Reflect|p2a: Klefki\n|-sidestart|p2: godiamsosorry|Reflect\n|\n|upkeep\n|turn|4\n|\n|t:|1698281391\n|move|p2a: Klefki|Light Screen|p2a: Klefki\n|-sidestart|p2: godiamsosorry|move: Light Screen\n|move|p1a: Palafin|Hydro Pump|p2a: Klefki\n|-damage|p2a: Klefki|69\/100\n|\n|upkeep\n|turn|5\n|\n|t:|1698281397\n|detailschange|p1a: Palafin|Palafin-Hero, M\n|switch|p1a: Slowking|Slowking-Galar, M|100\/100\n|move|p2a: Klefki|Thunder Wave|p1a: Slowking\n|-status|p1a: Slowking|par\n|\n|upkeep\n|turn|6\n|\n|t:|1698281405\n|switch|p2a: Toedscruel|Toedscruel, F|100\/100\n|cant|p1a: Slowking|par\n|\n|upkeep\n|turn|7\n|\n|t:|1698281411\n|move|p2a: Toedscruel|Rapid Spin|p1a: Slowking\n|-damage|p1a: Slowking|94\/100 par\n|-boost|p2a: Toedscruel|spe|1\n|-sideend|p2: godiamsosorry|Sticky Web|[from] move: Rapid Spin|[of] p2a: Toedscruel\n|move|p1a: Slowking|Poison Jab|p2a: Toedscruel\n|-damage|p2a: Toedscruel|86\/100\n|\n|upkeep\n|turn|8\n|\n|t:|1698281420\n|switch|p2a: Enamorus|Enamorus, F|100\/100\n|move|p1a: Slowking|Chilly Reception|p1a: Slowking\n|-weather|Snow\n|\n|t:|1698281426\n|switch|p1a: Palafin|Palafin-Hero, M|100\/100|[from] Chilly Reception\n|-activate|p1a: Palafin|ability: Zero to Hero\n|\n|-weather|Snow|[upkeep]\n|upkeep\n|turn|9\n|\n|t:|1698281430\n|switch|p2a: Toedscruel|Toedscruel, F|100\/100\n|move|p1a: Palafin|Blizzard|p2a: Toedscruel\n|-damage|p2a: Toedscruel|48\/100\n|replace|p2a: Zoroark|Zoroark-Hisui, M\n|-end|p2a: Zoroark|Illusion\n|\n|-weather|Snow|[upkeep]\n|upkeep\n|turn|10\n|\n|t:|1698281440\n|move|p2a: Zoroark|Knock Off|p1a: Palafin\n|-crit|p1a: Palafin\n|-damage|p1a: Palafin|58\/100\n|-enditem|p1a: Palafin|Choice Specs|[from] move: Knock Off|[of] p2a: Zoroark\n|move|p1a: Palafin|Blizzard|p2a: Zoroark\n|-damage|p2a: Zoroark|10\/100\n|\n|-weather|Snow|[upkeep]\n|-sideend|p2: godiamsosorry|Reflect\n|upkeep\n|turn|11\n|\n|t:|1698281448\n|move|p2a: Zoroark|Body Slam|p1a: Palafin\n|-damage|p1a: Palafin|23\/100\n|-status|p1a: Palafin|par\n|move|p1a: Palafin|Blizzard|p2a: Zoroark\n|-damage|p2a: Zoroark|0 fnt\n|faint|p2a: Zoroark\n|\n|-weather|Snow|[upkeep]\n|-sideend|p2: godiamsosorry|move: Light Screen\n|upkeep\n|c|\u2606Scampton|damn\n|\n|t:|1698281455\n|switch|p2a: Enamorus|Enamorus, F|100\/100\n|turn|12\n|\n|t:|1698281460\n|-terastallize|p1a: Palafin|Ghost\n|move|p2a: Enamorus|Play Rough|p1a: Palafin\n|-damage|p1a: Palafin|0 fnt\n|faint|p1a: Palafin\n|\n|-weather|none\n|upkeep\n|\n|t:|1698281466\n|switch|p1a: Delibird|Delibird, F|100\/100\n|turn|13\n|\n|t:|1698281471\n|-terastallize|p2a: Enamorus|Steel\n|move|p1a: Delibird|Ice Shard|p2a: Enamorus\n|-resisted|p2a: Enamorus\n|-damage|p2a: Enamorus|77\/100\n|move|p2a: Enamorus|Substitute|p2a: Enamorus\n|-start|p2a: Enamorus|Substitute\n|-damage|p2a: Enamorus|52\/100\n|\n|-heal|p2a: Enamorus|58\/100|[from] item: Leftovers\n|upkeep\n|turn|14\n|\n|t:|1698281479\n|move|p1a: Delibird|Ice Shard|p2a: Enamorus\n|-resisted|p2a: Enamorus\n|-activate|p2a: Enamorus|move: Substitute|[damage]\n|move|p2a: Enamorus|Superpower|p1a: Delibird\n|-damage|p1a: Delibird|1\/100\n|-boost|p2a: Enamorus|atk|1\n|-boost|p2a: Enamorus|def|1\n|\n|-heal|p2a: Enamorus|64\/100|[from] item: Leftovers\n|upkeep\n|turn|15\n|\n|t:|1698281486\n|move|p1a: Delibird|Ice Shard|p2a: Enamorus\n|-resisted|p2a: Enamorus\n|-end|p2a: Enamorus|Substitute\n|move|p2a: Enamorus|Superpower|p1a: Delibird\n|-damage|p1a: Delibird|0 fnt\n|-boost|p2a: Enamorus|atk|1\n|-boost|p2a: Enamorus|def|1\n|faint|p1a: Delibird\n|\n|-heal|p2a: Enamorus|70\/100|[from] item: Leftovers\n|upkeep\n|\n|t:|1698281496\n|switch|p1a: Medicham|Medicham, F|100\/100\n|turn|16\n|\n|t:|1698281505\n|move|p2a: Enamorus|Substitute|p2a: Enamorus\n|-start|p2a: Enamorus|Substitute\n|-damage|p2a: Enamorus|45\/100\n|move|p1a: Medicham|Close Combat|p2a: Enamorus\n|-supereffective|p2a: Enamorus\n|-end|p2a: Enamorus|Substitute\n|-unboost|p1a: Medicham|def|1\n|-unboost|p1a: Medicham|spd|1\n|\n|-heal|p2a: Enamorus|52\/100|[from] item: Leftovers\n|upkeep\n|turn|17\n|\n|t:|1698281515\n|switch|p1a: Slowking|Slowking-Galar, M|100\/100 par\n|move|p2a: Enamorus|Iron Head|p1a: Slowking\n|-damage|p1a: Slowking|41\/100 par\n|\n|-heal|p2a: Enamorus|58\/100|[from] item: Leftovers\n|upkeep\n|turn|18\n|\n|t:|1698281521\n|move|p2a: Enamorus|Substitute|p2a: Enamorus\n|-start|p2a: Enamorus|Substitute\n|-damage|p2a: Enamorus|33\/100\n|move|p1a: Slowking|Foul Play|p2a: Enamorus\n|-end|p2a: Enamorus|Substitute\n|\n|-heal|p2a: Enamorus|39\/100|[from] item: Leftovers\n|upkeep\n|turn|19\n|\n|t:|1698281524\n|move|p2a: Enamorus|Iron Head|p1a: Slowking\n|-damage|p1a: Slowking|0 fnt\n|faint|p1a: Slowking\n|\n|-heal|p2a: Enamorus|45\/100|[from] item: Leftovers\n|upkeep\n|\n|t:|1698281528\n|switch|p1a: Medicham|Medicham, F|100\/100\n|turn|20\n|\n|t:|1698281531\n|move|p1a: Medicham|Fake Out|p2a: Enamorus\n|-resisted|p2a: Enamorus\n|-damage|p2a: Enamorus|38\/100\n|cant|p2a: Enamorus|flinch\n|\n|-heal|p2a: Enamorus|44\/100|[from] item: Leftovers\n|upkeep\n|turn|21\n|\n|t:|1698281534\n|move|p2a: Enamorus|Play Rough|p1a: Medicham|[miss]\n|-miss|p2a: Enamorus|p1a: Medicham\n|move|p1a: Medicham|Close Combat|p2a: Enamorus\n|-supereffective|p2a: Enamorus\n|-damage|p2a: Enamorus|0 fnt\n|-unboost|p1a: Medicham|def|1\n|-unboost|p1a: Medicham|spd|1\n|faint|p2a: Enamorus\n|\n|upkeep\n|c|\u2606godiamsosorry|Skill...\n|c|\u2606Scampton|finally\n|\n|t:|1698281540\n|switch|p2a: Klefki|Klefki, F, shiny|69\/100\n|turn|22\n|\n|t:|1698281543\n|switch|p1a: Ribombee|Ribombee, F|18\/100 par\n|move|p2a: Klefki|Reflect|p2a: Klefki\n|-sidestart|p2: godiamsosorry|Reflect\n|\n|upkeep\n|turn|23\n|\n|t:|1698281549\n|move|p1a: Ribombee|Sticky Web|p2a: Klefki\n|-sidestart|p2: godiamsosorry|move: Sticky Web\n|move|p2a: Klefki|Flash Cannon|p1a: Ribombee\n|-supereffective|p1a: Ribombee\n|-damage|p1a: Ribombee|0 fnt\n|faint|p1a: Ribombee\n|\n|upkeep\n|\n|t:|1698281557\n|switch|p1a: Medicham|Medicham, F|100\/100\n|turn|24\n|\n|t:|1698281562\n|move|p1a: Medicham|Fake Out|p2a: Klefki\n|-resisted|p2a: Klefki\n|-damage|p2a: Klefki|66\/100\n|cant|p2a: Klefki|flinch\n|\n|upkeep\n|turn|25\n|\n|t:|1698281573\n|move|p2a: Klefki|Thunder Wave|p1a: Medicham\n|-status|p1a: Medicham|par\n|cant|p1a: Medicham|par\n|\n|upkeep\n|turn|26\n|\n|t:|1698281577\n|move|p2a: Klefki|Light Screen|p2a: Klefki\n|-sidestart|p2: godiamsosorry|move: Light Screen\n|move|p1a: Medicham|Close Combat|p2a: Klefki\n|-damage|p2a: Klefki|32\/100\n|-unboost|p1a: Medicham|def|1\n|-unboost|p1a: Medicham|spd|1\n|\n|upkeep\n|turn|27\n|\n|t:|1698281583\n|move|p2a: Klefki|Flash Cannon|p1a: Medicham\n|-crit|p1a: Medicham\n|-damage|p1a: Medicham|46\/100 par\n|move|p1a: Medicham|Close Combat|p2a: Klefki\n|-damage|p2a: Klefki|0 fnt\n|-unboost|p1a: Medicham|def|1\n|-unboost|p1a: Medicham|spd|1\n|faint|p2a: Klefki\n|\n|upkeep\n|\n|t:|1698281589\n|switch|p2a: Toedscruel|Toedscruel, F|86\/100\n|turn|28\n|\n|t:|1698281593\n|move|p2a: Toedscruel|Rapid Spin|p1a: Medicham\n|-damage|p1a: Medicham|16\/100 par\n|-boost|p2a: Toedscruel|spe|1\n|-sideend|p2: godiamsosorry|Sticky Web|[from] move: Rapid Spin|[of] p2a: Toedscruel\n|move|p1a: Medicham|Ice Punch|p2a: Toedscruel\n|-supereffective|p2a: Toedscruel\n|-damage|p2a: Toedscruel|6\/100\n|\n|upkeep\n|turn|29\n|\n|t:|1698281601\n|move|p2a: Toedscruel|Rapid Spin|p1a: Medicham\n|-damage|p1a: Medicham|0 fnt\n|-boost|p2a: Toedscruel|spe|1\n|faint|p1a: Medicham\n|\n|-sideend|p2: godiamsosorry|Reflect\n|upkeep\n|\n|t:|1698281603\n|switch|p1a: Enamorus|Enamorus, F|100\/100\n|turn|30\n|\n|t:|1698281606\n|move|p1a: Enamorus|Superpower|p2a: Toedscruel\n|-damage|p2a: Toedscruel|0 fnt\n|-boost|p1a: Enamorus|atk|1\n|-boost|p1a: Enamorus|def|1\n|faint|p2a: Toedscruel\n|-damage|p1a: Enamorus|91\/100|[from] item: Life Orb\n|\n|upkeep\n|\n|t:|1698281608\n|switch|p2a: Palafin|Palafin, M|100\/100\n|turn|31\n|\n|t:|1698281614\n|detailschange|p2a: Palafin|Palafin-Hero, M\n|switch|p2a: Medicham|Medicham, F|100\/100\n|move|p1a: Enamorus|Superpower|p2a: Medicham\n|-resisted|p2a: Medicham\n|-damage|p2a: Medicham|36\/100\n|-boost|p1a: Enamorus|atk|1\n|-boost|p1a: Enamorus|def|1\n|-damage|p1a: Enamorus|81\/100|[from] item: Life Orb\n|\n|upkeep\n|turn|32\n|\n|t:|1698281619\n|move|p2a: Medicham|Rock Slide|p1a: Enamorus\n|-supereffective|p1a: Enamorus\n|-damage|p1a: Enamorus|33\/100\n|move|p1a: Enamorus|Superpower|p2a: Medicham\n|-resisted|p2a: Medicham\n|-damage|p2a: Medicham|0 fnt\n|-boost|p1a: Enamorus|atk|1\n|-boost|p1a: Enamorus|def|1\n|faint|p2a: Medicham\n|-damage|p1a: Enamorus|23\/100|[from] item: Life Orb\n|\n|upkeep\n|c|\u2606Scampton|uh oh\n|\n|t:|1698281624\n|switch|p2a: Palafin|Palafin-Hero, M|100\/100\n|-activate|p2a: Palafin|ability: Zero to Hero\n|turn|33\n|c|\u2606godiamsosorry|Gg.\n|c|\u2606godiamsosorry|You win...\n|c|\u2606Scampton|gg?\n|\n|t:|1698281632\n|move|p1a: Enamorus|Superpower|p2a: Palafin\n|-damage|p2a: Palafin|0 fnt\n|-boost|p1a: Enamorus|atk|1\n|-boost|p1a: Enamorus|def|1\n|faint|p2a: Palafin\n|-damage|p1a: Enamorus|13\/100|[from] item: Life Orb\n|\n|win|Scampton\n|c|\u2606Scampton|oh\n|c|\u2606Scampton|i do !\n|c|\u2606Scampton|gg\n","uploadtime":1698281638,"views":14,"p1id":"scampton","p2id":"godiamsosorry","formatid":"gen9ubers","rating":0,"private":0,"password":""}