{"id":"gen9ubers-1988498132","p1":"iSHATKKw","p2":"Bradofax","format":"[Gen 9] Ubers","log":"|j|\u2606iSHATKKw\n|j|\u2606Bradofax\n|t:|1699729369\n|gametype|singles\n|player|p1|iSHATKKw|ghetsis-gen5bw|1208\n|player|p2|Bradofax|170|1155\n|teamsize|p1|6\n|teamsize|p2|6\n|gen|9\n|tier|[Gen 9] Ubers\n|rated|\n|rule|Sleep Clause Mod: Limit one foe put to sleep\n|rule|Species Clause: Limit one of each Pok\u00e9mon\n|rule|OHKO Clause: OHKO moves are banned\n|rule|Evasion Items Clause: Evasion items are banned\n|rule|Evasion Moves Clause: Evasion moves are banned\n|rule|Endless Battle Clause: Forcing endless battles is banned\n|rule|HP Percentage Mod: HP is shown in percentages\n|clearpoke\n|poke|p1|Chien-Pao|\n|poke|p1|Toxapex, M|\n|poke|p1|Flutter Mane|\n|poke|p1|Sableye, M|\n|poke|p1|Clodsire, M|\n|poke|p1|Chi-Yu|\n|poke|p2|Cyclizar, M|\n|poke|p2|Dragonite, F|\n|poke|p2|Annihilape, M|\n|poke|p2|Flutter Mane|\n|poke|p2|Chien-Pao|\n|poke|p2|Skeledirge, F|\n|teampreview\n|inactive|Battle timer is ON: inactive players will automatically lose when time's up. (requested by iSHATKKw)\n|\n|t:|1699729376\n|start\n|switch|p1a: Flutter Mane|Flutter Mane|100\/100\n|switch|p2a: Cyclizar|Cyclizar, M|100\/100\n|turn|1\n|\n|t:|1699729382\n|move|p2a: Cyclizar|Shed Tail|p2a: Cyclizar\n|-start|p2a: Cyclizar|Substitute|[from] move: Shed Tail\n|-damage|p2a: Cyclizar|50\/100\n|\n|t:|1699729385\n|switch|p2a: Dragonite|Dragonite, F|100\/100|[from] Shed Tail\n|move|p1a: Flutter Mane|Moonblast|p2a: Dragonite\n|-supereffective|p2a: Dragonite\n|-end|p2a: Dragonite|Substitute\n|-damage|p1a: Flutter Mane|91\/100|[from] item: Life Orb\n|\n|upkeep\n|turn|2\n|\n|t:|1699729395\n|-terastallize|p2a: Dragonite|Normal\n|move|p1a: Flutter Mane|Moonblast|p2a: Dragonite\n|-damage|p2a: Dragonite|64\/100\n|-unboost|p2a: Dragonite|spa|1\n|-damage|p1a: Flutter Mane|81\/100|[from] item: Life Orb\n|move|p2a: Dragonite|Dragon Dance|p2a: Dragonite\n|-boost|p2a: Dragonite|atk|1\n|-boost|p2a: Dragonite|spe|1\n|\n|upkeep\n|turn|3\n|\n|t:|1699729406\n|move|p1a: Flutter Mane|Moonblast|p2a: Dragonite\n|-damage|p2a: Dragonite|0 fnt\n|faint|p2a: Dragonite\n|-damage|p1a: Flutter Mane|71\/100|[from] item: Life Orb\n|\n|upkeep\n|\n|t:|1699729415\n|switch|p2a: Cyclizar|Cyclizar, M|84\/100\n|turn|4\n|\n|t:|1699729418\n|move|p2a: Cyclizar|Shed Tail|p2a: Cyclizar\n|-start|p2a: Cyclizar|Substitute|[from] move: Shed Tail\n|-damage|p2a: Cyclizar|34\/100\n|\n|t:|1699729424\n|switch|p2a: Annihilape|Annihilape, M|100\/100|[from] Shed Tail\n|move|p1a: Flutter Mane|Moonblast|p2a: Annihilape\n|-supereffective|p2a: Annihilape\n|-end|p2a: Annihilape|Substitute\n|-damage|p1a: Flutter Mane|61\/100|[from] item: Life Orb\n|\n|upkeep\n|turn|5\n|\n|t:|1699729433\n|move|p1a: Flutter Mane|Moonblast|p2a: Annihilape\n|-supereffective|p2a: Annihilape\n|-damage|p2a: Annihilape|9\/100\n|-unboost|p2a: Annihilape|spa|1\n|-ability|p2a: Annihilape|Defiant|boost\n|-boost|p2a: Annihilape|atk|2\n|-damage|p1a: Flutter Mane|51\/100|[from] item: Life Orb\n|move|p2a: Annihilape|Rage Fist|p1a: Flutter Mane\n|-supereffective|p1a: Flutter Mane\n|-damage|p1a: Flutter Mane|0 fnt\n|faint|p1a: Flutter Mane\n|-end|p1a: Flutter Mane|Protosynthesis|[silent]\n|\n|-heal|p2a: Annihilape|15\/100|[from] item: Leftovers\n|upkeep\n|\n|t:|1699729445\n|switch|p1a: Chien-Pao|Chien-Pao|100\/100\n|-ability|p1a: Chien-Pao|Sword of Ruin\n|turn|6\n|\n|t:|1699729451\n|switch|p2a: Cyclizar|Cyclizar, M|67\/100\n|move|p1a: Chien-Pao|Psychic Fangs|p2a: Cyclizar\n|-damage|p2a: Cyclizar|1\/100\n|-damage|p1a: Chien-Pao|91\/100|[from] item: Life Orb\n|\n|upkeep\n|turn|7\n|\n|t:|1699729459\n|move|p1a: Chien-Pao|Sucker Punch|p2a: Cyclizar\n|-damage|p2a: Cyclizar|0 fnt\n|faint|p2a: Cyclizar\n|-damage|p1a: Chien-Pao|81\/100|[from] item: Life Orb\n|\n|upkeep\n|\n|t:|1699729464\n|switch|p2a: Skeledirge|Skeledirge, F|100\/100\n|turn|8\n|\n|t:|1699729469\n|switch|p1a: Sableye|Sableye, M|100\/100\n|move|p2a: Skeledirge|Torch Song|p1a: Sableye\n|-damage|p1a: Sableye|64\/100\n|-boost|p2a: Skeledirge|spa|1\n|\n|upkeep\n|turn|9\n|\n|t:|1699729477\n|move|p2a: Skeledirge|Torch Song|p1a: Sableye\n|-damage|p1a: Sableye|0 fnt\n|-boost|p2a: Skeledirge|spa|1\n|faint|p1a: Sableye\n|\n|upkeep\n|\n|t:|1699729487\n|switch|p1a: Toxapex|Toxapex, M|100\/100\n|turn|10\n|\n|t:|1699729491\n|move|p2a: Skeledirge|Will-O-Wisp|p1a: Toxapex\n|-status|p1a: Toxapex|brn\n|move|p1a: Toxapex|Haze|p1a: Toxapex\n|-clearallboost\n|\n|-damage|p1a: Toxapex|94\/100 brn|[from] brn\n|upkeep\n|turn|11\n|\n|t:|1699729501\n|switch|p2a: Annihilape|Annihilape, M|15\/100\n|move|p1a: Toxapex|Toxic|p2a: Annihilape\n|-status|p2a: Annihilape|tox\n|\n|-heal|p2a: Annihilape|21\/100 tox|[from] item: Leftovers\n|-damage|p2a: Annihilape|15\/100 tox|[from] psn\n|-damage|p1a: Toxapex|88\/100 brn|[from] brn\n|upkeep\n|turn|12\n|\n|t:|1699729516\n|move|p2a: Annihilape|Drain Punch|p1a: Toxapex\n|-resisted|p1a: Toxapex\n|-damage|p1a: Toxapex|78\/100 brn\n|-heal|p2a: Annihilape|18\/100 tox|[from] drain|[of] p1a: Toxapex\n|-damage|p2a: Annihilape|1\/100 tox|[from] item: Rocky Helmet|[of] p1a: Toxapex\n|move|p1a: Toxapex|Recover|p1a: Toxapex\n|-heal|p1a: Toxapex|100\/100 brn\n|\n|-heal|p2a: Annihilape|8\/100 tox|[from] item: Leftovers\n|-damage|p2a: Annihilape|0 fnt|[from] psn\n|faint|p2a: Annihilape\n|-damage|p1a: Toxapex|94\/100 brn|[from] brn\n|upkeep\n|\n|t:|1699729532\n|switch|p2a: Flutter Mane|Flutter Mane|100\/100\n|turn|13\n|\n|t:|1699729536\n|switch|p1a: Clodsire|Clodsire, M|100\/100\n|move|p2a: Flutter Mane|Thunderbolt|p1a: Clodsire\n|-immune|p1a: Clodsire\n|\n|upkeep\n|turn|14\n|\n|t:|1699729543\n|move|p2a: Flutter Mane|Moonblast|p1a: Clodsire\n|-resisted|p1a: Clodsire\n|-damage|p1a: Clodsire|86\/100\n|move|p1a: Clodsire|Toxic Spikes|p2a: Flutter Mane\n|-sidestart|p2: Bradofax|move: Toxic Spikes\n|\n|-heal|p1a: Clodsire|93\/100|[from] item: Leftovers\n|upkeep\n|turn|15\n|\n|t:|1699729554\n|move|p2a: Flutter Mane|Moonblast|p1a: Clodsire\n|-resisted|p1a: Clodsire\n|-damage|p1a: Clodsire|77\/100\n|move|p1a: Clodsire|Earthquake|p2a: Flutter Mane\n|-damage|p2a: Flutter Mane|46\/100\n|\n|-heal|p1a: Clodsire|83\/100|[from] item: Leftovers\n|upkeep\n|turn|16\n|\n|t:|1699729563\n|move|p2a: Flutter Mane|Mystical Fire|p1a: Clodsire\n|-damage|p1a: Clodsire|69\/100\n|-unboost|p1a: Clodsire|spa|1\n|move|p1a: Clodsire|Earthquake|p2a: Flutter Mane\n|-damage|p2a: Flutter Mane|0 fnt\n|faint|p2a: Flutter Mane\n|-end|p2a: Flutter Mane|Protosynthesis|[silent]\n|\n|-heal|p1a: Clodsire|75\/100|[from] item: Leftovers\n|upkeep\n|\n|t:|1699729573\n|switch|p2a: Chien-Pao|Chien-Pao|100\/100\n|-ability|p2a: Chien-Pao|Sword of Ruin\n|turn|17\n|\n|t:|1699729584\n|switch|p1a: Toxapex|Toxapex, M|100\/100 brn\n|move|p2a: Chien-Pao|Icicle Crash|p1a: Toxapex\n|-resisted|p1a: Toxapex\n|-damage|p1a: Toxapex|78\/100 brn\n|\n|-damage|p1a: Toxapex|72\/100 brn|[from] brn\n|upkeep\n|turn|18\n|\n|t:|1699729593\n|move|p2a: Chien-Pao|Crunch|p1a: Toxapex\n|-damage|p1a: Toxapex|32\/100 brn\n|-damage|p2a: Chien-Pao|84\/100|[from] item: Rocky Helmet|[of] p1a: Toxapex\n|move|p1a: Toxapex|Toxic|p2a: Chien-Pao\n|-status|p2a: Chien-Pao|tox\n|\n|-damage|p2a: Chien-Pao|78\/100 tox|[from] psn\n|-damage|p1a: Toxapex|25\/100 brn|[from] brn\n|upkeep\n|turn|19\n|\n|t:|1699729605\n|switch|p1a: Clodsire|Clodsire, M|75\/100\n|move|p2a: Chien-Pao|Sacred Sword|p1a: Clodsire\n|-resisted|p1a: Clodsire\n|-damage|p1a: Clodsire|54\/100\n|\n|-heal|p1a: Clodsire|60\/100|[from] item: Leftovers\n|-damage|p2a: Chien-Pao|66\/100 tox|[from] psn\n|upkeep\n|turn|20\n|\n|t:|1699729621\n|switch|p2a: Skeledirge|Skeledirge, F|100\/100\n|move|p1a: Clodsire|Recover|p1a: Clodsire\n|-heal|p1a: Clodsire|100\/100\n|\n|upkeep\n|turn|21\n|\n|t:|1699729629\n|switch|p1a: Toxapex|Toxapex, M|59\/100 brn\n|move|p2a: Skeledirge|Torch Song|p1a: Toxapex\n|-resisted|p1a: Toxapex\n|-damage|p1a: Toxapex|45\/100 brn\n|-boost|p2a: Skeledirge|spa|1\n|\n|-damage|p1a: Toxapex|39\/100 brn|[from] brn\n|upkeep\n|turn|22\n|\n|t:|1699729643\n|move|p2a: Skeledirge|Hex|p1a: Toxapex\n|-damage|p1a: Toxapex|0 fnt\n|faint|p1a: Toxapex\n|\n|upkeep\n|\n|t:|1699729647\n|switch|p1a: Chi-Yu|Chi-Yu|100\/100\n|-ability|p1a: Chi-Yu|Beads of Ruin\n|turn|23\n|\n|t:|1699729655\n|move|p1a: Chi-Yu|Dark Pulse|p2a: Skeledirge\n|-supereffective|p2a: Skeledirge\n|-damage|p2a: Skeledirge|0 fnt\n|faint|p2a: Skeledirge\n|\n|upkeep\n|\n|t:|1699729660\n|switch|p2a: Chien-Pao|Chien-Pao|66\/100 tox\n|-ability|p2a: Chien-Pao|Sword of Ruin\n|turn|24\n|\n|t:|1699729665\n|switch|p1a: Clodsire|Clodsire, M|100\/100\n|move|p2a: Chien-Pao|Sacred Sword|p1a: Clodsire\n|-resisted|p1a: Clodsire\n|-damage|p1a: Clodsire|79\/100\n|\n|-heal|p1a: Clodsire|86\/100|[from] item: Leftovers\n|-damage|p2a: Chien-Pao|60\/100 tox|[from] psn\n|upkeep\n|turn|25\n|-message|Bradofax forfeited.\n|\n|win|iSHATKKw\n|raw|iSHATKKw's rating: 1208 &rarr; <strong>1229<\/strong><br \/>(+21 for winning)\n|raw|Bradofax's rating: 1155 &rarr; <strong>1134<\/strong><br \/>(-21 for losing)\n|l|\u2606Bradofax\n","uploadtime":1699729679,"views":39,"p1id":"ishatkkw","p2id":"bradofax","formatid":"gen9ubers","rating":1134,"private":0,"password":""}