{"id":"gen9ubers-1970396036","p1":"Theviking52","p2":"Vario 64\u2606\u5f61","format":"[Gen 9] Ubers","log":"|j|\u2606Theviking52\n|j|\u2606Vario 64\u2606\u5f61\n|t:|1697635396\n|gametype|singles\n|player|p1|Theviking52|linebacker|\n|player|p2|Vario 64\u2606\u5f61|ghetsis|\n|teamsize|p1|6\n|teamsize|p2|6\n|gen|9\n|tier|[Gen 9] Ubers\n|rule|Sleep Clause Mod: Limit one foe put to sleep\n|rule|Species Clause: Limit one of each Pok\u00e9mon\n|rule|OHKO Clause: OHKO moves are banned\n|rule|Evasion Items Clause: Evasion items are banned\n|rule|Evasion Moves Clause: Evasion moves are banned\n|rule|Endless Battle Clause: Forcing endless battles is banned\n|rule|HP Percentage Mod: HP is shown in percentages\n|clearpoke\n|poke|p1|Gastrodon-East, M|\n|poke|p1|Espathra, M|\n|poke|p1|Zacian-*|\n|poke|p1|Arceus-Grass|\n|poke|p1|Palkia-Origin|\n|poke|p1|Magearna|\n|poke|p2|Pelipper, F|\n|poke|p2|Basculegion-F, F|\n|poke|p2|Magearna|\n|poke|p2|Shaymin-Sky|\n|poke|p2|Palkia|\n|poke|p2|Politoed, M|\n|teampreview\n|c|\u2606Theviking52|double setters ok\n|\n|t:|1697635417\n|start\n|switch|p1a: Espathra|Espathra, M|100\/100\n|switch|p2a: Magearna|Magearna|100\/100\n|turn|1\n|c|\u2606Vario 64\u2606\u5f61|Yeah, a lot of people run weather control, might be good to figure out how it work, in a worst case scenario\n|\n|t:|1697635482\n|switch|p1a: Arceus|Arceus-Grass|100\/100\n|move|p2a: Magearna|Spikes|p1a: Arceus\n|-sidestart|p1: Theviking52|Spikes\n|\n|upkeep\n|turn|2\n|c|\u2606Theviking52|i have done that with sand teams\n|\n|t:|1697635508\n|move|p1a: Arceus|Earth Power|p2a: Magearna\n|-supereffective|p2a: Magearna\n|-damage|p2a: Magearna|63\/100\n|move|p2a: Magearna|Volt Switch|p1a: Arceus\n|-resisted|p1a: Arceus\n|-crit|p1a: Arceus\n|-damage|p1a: Arceus|90\/100\n|\n|t:|1697635517\n|switch|p2a: Shaymin|Shaymin-Sky|100\/100|[from] Volt Switch\n|\n|upkeep\n|turn|3\n|\n|t:|1697635538\n|switch|p1a: Magearna|Magearna|100\/100\n|-damage|p1a: Magearna|88\/100|[from] Spikes\n|move|p2a: Shaymin|Substitute|p2a: Shaymin\n|-start|p2a: Shaymin|Substitute\n|-damage|p2a: Shaymin|76\/100\n|\n|-heal|p2a: Shaymin|82\/100|[from] item: Leftovers\n|-heal|p1a: Magearna|94\/100|[from] item: Leftovers\n|upkeep\n|turn|4\n|\n|t:|1697635548\n|move|p2a: Shaymin|Air Slash|p1a: Magearna\n|-resisted|p1a: Magearna\n|-damage|p1a: Magearna|78\/100\n|cant|p1a: Magearna|flinch\n|\n|-heal|p2a: Shaymin|88\/100|[from] item: Leftovers\n|-heal|p1a: Magearna|84\/100|[from] item: Leftovers\n|upkeep\n|turn|5\n|\n|t:|1697635556\n|move|p2a: Shaymin|Air Slash|p1a: Magearna\n|-resisted|p1a: Magearna\n|-damage|p1a: Magearna|70\/100\n|move|p1a: Magearna|Shift Gear|p1a: Magearna\n|-boost|p1a: Magearna|spe|2\n|-boost|p1a: Magearna|atk|1\n|\n|-heal|p2a: Shaymin|94\/100|[from] item: Leftovers\n|-heal|p1a: Magearna|76\/100|[from] item: Leftovers\n|upkeep\n|turn|6\n|\n|t:|1697635565\n|move|p2a: Shaymin|Earth Power|p1a: Magearna\n|-supereffective|p1a: Magearna\n|-damage|p1a: Magearna|25\/100\n|move|p1a: Magearna|Shift Gear|p1a: Magearna\n|-boost|p1a: Magearna|spe|2\n|-boost|p1a: Magearna|atk|1\n|\n|-heal|p1a: Magearna|31\/100|[from] item: Leftovers\n|-heal|p2a: Shaymin|99\/100|[from] item: Leftovers\n|upkeep\n|turn|7\n|\n|t:|1697635577\n|move|p1a: Magearna|Fleur Cannon|p2a: Shaymin\n|-end|p2a: Shaymin|Substitute\n|-unboost|p1a: Magearna|spa|2\n|move|p2a: Shaymin|Earth Power|p1a: Magearna\n|-supereffective|p1a: Magearna\n|-damage|p1a: Magearna|0 fnt\n|faint|p1a: Magearna\n|\n|-heal|p2a: Shaymin|100\/100|[from] item: Leftovers\n|upkeep\n|\n|t:|1697635596\n|switch|p1a: Palkia|Palkia-Origin|100\/100\n|-damage|p1a: Palkia|88\/100|[from] Spikes\n|-ability|p1a: Palkia|Pressure\n|turn|8\n|\n|t:|1697635628\n|switch|p2a: Palkia|Palkia|100\/100\n|-ability|p2a: Palkia|Pressure\n|move|p1a: Palkia|Spacial Rend|p2a: Palkia\n|-supereffective|p2a: Palkia\n|-damage|p2a: Palkia|21\/100\n|\n|upkeep\n|turn|9\n|\n|t:|1697635635\n|move|p1a: Palkia|Spacial Rend|p2a: Palkia\n|-supereffective|p2a: Palkia\n|-damage|p2a: Palkia|0 fnt\n|faint|p2a: Palkia\n|\n|upkeep\n|\n|t:|1697635646\n|switch|p2a: Politoed|Politoed, M|100\/100\n|-weather|RainDance|[from] ability: Drizzle|[of] p2a: Politoed\n|turn|10\n|c|\u2606Theviking52|oh didnt realize base palkia was legal\n|\n|t:|1697635664\n|switch|p2a: Magearna|Magearna|63\/100\n|switch|p1a: Espathra|Espathra, M|100\/100\n|-damage|p1a: Espathra|88\/100|[from] Spikes\n|\n|-weather|RainDance|[upkeep]\n|-heal|p2a: Magearna|69\/100|[from] item: Leftovers\n|upkeep\n|turn|11\n|c|\u2606Vario 64\u2606\u5f61|Yep!\n|\n|t:|1697635710\n|move|p1a: Espathra|Calm Mind|p1a: Espathra\n|-boost|p1a: Espathra|spa|1\n|-boost|p1a: Espathra|spd|1\n|move|p2a: Magearna|Fleur Cannon|p1a: Espathra\n|-damage|p1a: Espathra|36\/100\n|-unboost|p2a: Magearna|spa|2\n|\n|-weather|RainDance|[upkeep]\n|-heal|p2a: Magearna|75\/100|[from] item: Leftovers\n|-ability|p1a: Espathra|Speed Boost|boost\n|-boost|p1a: Espathra|spe|1\n|upkeep\n|turn|12\n|\n|t:|1697635728\n|move|p1a: Espathra|Roost|p1a: Espathra\n|-heal|p1a: Espathra|86\/100\n|-singleturn|p1a: Espathra|move: Roost\n|move|p2a: Magearna|Volt Switch|p1a: Espathra\n|-damage|p1a: Espathra|77\/100\n|\n|t:|1697635734\n|switch|p2a: Basculegion|Basculegion-F, F|100\/100|[from] Volt Switch\n|\n|-weather|RainDance|[upkeep]\n|-ability|p1a: Espathra|Speed Boost|boost\n|-boost|p1a: Espathra|spe|1\n|upkeep\n|turn|13\n|\n|t:|1697635751\n|move|p1a: Espathra|Calm Mind|p1a: Espathra\n|-boost|p1a: Espathra|spa|1\n|-boost|p1a: Espathra|spd|1\n|move|p2a: Basculegion|Liquidation|p1a: Espathra\n|-damage|p1a: Espathra|0 fnt\n|faint|p1a: Espathra\n|\n|-weather|RainDance|[upkeep]\n|upkeep\n|c|\u2606Theviking52|shit absorb bulb doesn't work like that well this team doesn't work\n|\n|t:|1697635799\n|switch|p1a: Palkia|Palkia-Origin|88\/100\n|-damage|p1a: Palkia|76\/100|[from] Spikes\n|-ability|p1a: Palkia|Pressure\n|turn|14\n|\n|t:|1697635805\n|switch|p2a: Magearna|Magearna|75\/100\n|move|p1a: Palkia|Spacial Rend|p2a: Magearna\n|-immune|p2a: Magearna\n|\n|-weather|none\n|-heal|p2a: Magearna|81\/100|[from] item: Leftovers\n|upkeep\n|turn|15\n|\n|t:|1697635812\n|move|p1a: Palkia|Earth Power|p2a: Magearna\n|-supereffective|p2a: Magearna\n|-damage|p2a: Magearna|20\/100\n|move|p2a: Magearna|Volt Switch|p1a: Palkia\n|-damage|p1a: Palkia|58\/100\n|\n|t:|1697635824\n|switch|p2a: Pelipper|Pelipper, F|100\/100|[from] Volt Switch\n|-weather|RainDance|[from] ability: Drizzle|[of] p2a: Pelipper\n|\n|-weather|RainDance|[upkeep]\n|upkeep\n|turn|16\n|\n|t:|1697635831\n|move|p1a: Palkia|Substitute|p1a: Palkia\n|-start|p1a: Palkia|Substitute\n|-damage|p1a: Palkia|33\/100\n|move|p2a: Pelipper|U-turn|p1a: Palkia\n|-activate|p1a: Palkia|move: Substitute|[damage]\n|\n|t:|1697635835\n|switch|p2a: Shaymin|Shaymin-Sky|100\/100|[from] U-turn\n|\n|-weather|RainDance|[upkeep]\n|upkeep\n|turn|17\n|\n|t:|1697635849\n|move|p2a: Shaymin|Air Slash|p1a: Palkia|[miss]\n|-miss|p2a: Shaymin|p1a: Palkia\n|move|p1a: Palkia|Spacial Rend|p2a: Shaymin\n|-damage|p2a: Shaymin|17\/100\n|\n|-weather|RainDance|[upkeep]\n|-heal|p2a: Shaymin|23\/100|[from] item: Leftovers\n|upkeep\n|turn|18\n|\n|t:|1697635857\n|move|p2a: Shaymin|Air Slash|p1a: Palkia\n|-end|p1a: Palkia|Substitute\n|move|p1a: Palkia|Spacial Rend|p2a: Shaymin\n|-damage|p2a: Shaymin|0 fnt\n|faint|p2a: Shaymin\n|\n|-weather|RainDance|[upkeep]\n|upkeep\n|\n|t:|1697635860\n|switch|p2a: Basculegion|Basculegion-F, F|100\/100\n|turn|19\n|\n|t:|1697635866\n|move|p2a: Basculegion|Last Respects|p1a: Palkia\n|-damage|p1a: Palkia|0 fnt\n|faint|p1a: Palkia\n|\n|-weather|none\n|upkeep\n|\n|t:|1697635872\n|switch|p1a: Zacian|Zacian|100\/100\n|-damage|p1a: Zacian|88\/100|[from] Spikes\n|-ability|p1a: Zacian|Intrepid Sword|boost\n|-boost|p1a: Zacian|atk|1\n|turn|20\n|\n|t:|1697635877\n|switch|p2a: Pelipper|Pelipper, F|100\/100\n|-weather|RainDance|[from] ability: Drizzle|[of] p2a: Pelipper\n|move|p1a: Zacian|Wild Charge|p2a: Pelipper\n|-supereffective|p2a: Pelipper\n|-damage|p2a: Pelipper|0 fnt\n|faint|p2a: Pelipper\n|-damage|p1a: Zacian|63\/100|[from] Recoil\n|\n|-weather|RainDance|[upkeep]\n|upkeep\n|\n|t:|1697635884\n|switch|p2a: Basculegion|Basculegion-F, F|100\/100\n|turn|21\n|\n|t:|1697635894\n|switch|p1a: Gastrodon|Gastrodon-East, M|100\/100\n|-damage|p1a: Gastrodon|88\/100|[from] Spikes\n|-terastallize|p2a: Basculegion|Ghost\n|move|p2a: Basculegion|Last Respects|p1a: Gastrodon\n|-damage|p1a: Gastrodon|0 fnt\n|faint|p1a: Gastrodon\n|\n|-weather|RainDance|[upkeep]\n|upkeep\n|\n|t:|1697635903\n|switch|p1a: Arceus|Arceus-Grass|90\/100\n|-damage|p1a: Arceus|78\/100|[from] Spikes\n|turn|22\n|\n|t:|1697635910\n|move|p2a: Basculegion|Last Respects|p1a: Arceus\n|-damage|p1a: Arceus|0 fnt\n|faint|p1a: Arceus\n|\n|-weather|RainDance|[upkeep]\n|upkeep\n|\n|t:|1697635914\n|switch|p1a: Zacian|Zacian|63\/100\n|-damage|p1a: Zacian|51\/100|[from] Spikes\n|turn|23\n|\n|t:|1697635920\n|-terastallize|p1a: Zacian|Dark\n|move|p2a: Basculegion|Last Respects|p1a: Zacian\n|-resisted|p1a: Zacian\n|-damage|p1a: Zacian|0 fnt\n|faint|p1a: Zacian\n|\n|win|Vario 64\u2606\u5f61\n|c|\u2606Theviking52|gg\n|c|\u2606Vario 64\u2606\u5f61|Gg\n|l|\u2606Vario 64\u2606\u5f61\n","uploadtime":1697635988,"views":13,"p1id":"theviking52","p2id":"vario64","formatid":"gen9ubers","rating":0,"private":0,"password":""}