{"id":"gen9ubers-1978805370","p1":"SwordIsBored","p2":"XpokVEVO","format":"[Gen 9] Ubers","log":"|j|\u2606SwordIsBored\n|j|\u2606XpokVEVO\n|t:|1698597375\n|gametype|singles\n|player|p1|SwordIsBored|irida|\n|player|p2|XpokVEVO|anabel|\n|teamsize|p1|6\n|teamsize|p2|6\n|gen|9\n|tier|[Gen 9] Ubers\n|rule|Sleep Clause Mod: Limit one foe put to sleep\n|rule|Species Clause: Limit one of each Pok\u00e9mon\n|rule|OHKO Clause: OHKO moves are banned\n|rule|Evasion Items Clause: Evasion items are banned\n|rule|Evasion Moves Clause: Evasion moves are banned\n|rule|Endless Battle Clause: Forcing endless battles is banned\n|rule|HP Percentage Mod: HP is shown in percentages\n|clearpoke\n|poke|p1|Ninetales-Alola, M|\n|poke|p1|Arceus-Fire|\n|poke|p1|Espathra, M|\n|poke|p1|Magearna|\n|poke|p1|Hatterene, F|\n|poke|p1|Ursaluna-Bloodmoon, M|\n|poke|p2|Ursaluna, F|\n|poke|p2|Magearna|\n|poke|p2|Dialga|\n|poke|p2|Glastrier|\n|poke|p2|Hoopa-Unbound|\n|poke|p2|Hatterene, F|\n|teampreview\n|\n|t:|1698597397\n|start\n|switch|p1a: Magearna|Magearna|100\/100\n|switch|p2a: Magearna|Magearna|100\/100\n|turn|1\n|\n|t:|1698597413\n|move|p1a: Magearna|Iron Defense|p1a: Magearna\n|-boost|p1a: Magearna|def|2\n|move|p2a: Magearna|Trick Room|p2a: Magearna\n|-fieldstart|move: Trick Room|[of] p2a: Magearna\n|\n|upkeep\n|turn|2\n|\n|t:|1698597422\n|switch|p2a: Hatterene|Hatterene, F, shiny|100\/100\n|move|p1a: Magearna|Iron Defense|p1a: Magearna\n|-boost|p1a: Magearna|def|2\n|\n|upkeep\n|turn|3\n|\n|t:|1698597426\n|move|p2a: Hatterene|Mystical Fire|p1a: Magearna\n|-supereffective|p1a: Magearna\n|-damage|p1a: Magearna|54\/100\n|-unboost|p1a: Magearna|spa|1\n|move|p1a: Magearna|Calm Mind|p1a: Magearna\n|-boost|p1a: Magearna|spa|1\n|-boost|p1a: Magearna|spd|1\n|\n|-heal|p1a: Magearna|60\/100|[from] item: Leftovers\n|upkeep\n|turn|4\n|\n|t:|1698597432\n|-terastallize|p1a: Magearna|Water\n|move|p2a: Hatterene|Mystical Fire|p1a: Magearna\n|-resisted|p1a: Magearna\n|-damage|p1a: Magearna|53\/100\n|-unboost|p1a: Magearna|spa|1\n|move|p1a: Magearna|Calm Mind|p1a: Magearna\n|-boost|p1a: Magearna|spa|1\n|-boost|p1a: Magearna|spd|1\n|\n|-heal|p1a: Magearna|59\/100|[from] item: Leftovers\n|upkeep\n|turn|5\n|\n|t:|1698597440\n|switch|p2a: Dialga|Dialga, shiny|100\/100\n|-ability|p2a: Dialga|Pressure\n|move|p1a: Magearna|Calm Mind|p1a: Magearna\n|-boost|p1a: Magearna|spa|1\n|-boost|p1a: Magearna|spd|1\n|\n|-heal|p1a: Magearna|65\/100|[from] item: Leftovers\n|-fieldend|move: Trick Room\n|upkeep\n|turn|6\n|\n|t:|1698597444\n|move|p1a: Magearna|Draining Kiss|p2a: Dialga\n|-damage|p2a: Dialga|73\/100\n|-heal|p1a: Magearna|88\/100|[from] drain|[of] p2a: Dialga\n|move|p2a: Dialga|Roar|p1a: Magearna\n|drag|p1a: Hatterene|Hatterene, F|100\/100\n|\n|upkeep\n|turn|7\n|\n|t:|1698597451\n|move|p1a: Hatterene|Nuzzle|p2a: Dialga\n|-resisted|p2a: Dialga\n|-damage|p2a: Dialga|72\/100\n|-status|p2a: Dialga|par\n|move|p2a: Dialga|Trick Room|p2a: Dialga\n|-fieldstart|move: Trick Room|[of] p2a: Dialga\n|\n|upkeep\n|turn|8\n|\n|t:|1698597459\n|move|p2a: Dialga|Flash Cannon|p1a: Hatterene\n|-supereffective|p1a: Hatterene\n|-damage|p1a: Hatterene|2\/100\n|move|p1a: Hatterene|Calm Mind|p1a: Hatterene\n|-boost|p1a: Hatterene|spa|1\n|-boost|p1a: Hatterene|spd|1\n|\n|-heal|p1a: Hatterene|8\/100|[from] item: Leftovers\n|upkeep\n|turn|9\n|\n|t:|1698597465\n|cant|p2a: Dialga|par\n|move|p1a: Hatterene|Draining Kiss|p2a: Dialga\n|-damage|p2a: Dialga|44\/100 par\n|-heal|p1a: Hatterene|35\/100|[from] drain|[of] p2a: Dialga\n|\n|-heal|p1a: Hatterene|41\/100|[from] item: Leftovers\n|upkeep\n|turn|10\n|\n|t:|1698597472\n|switch|p1a: Arceus|Arceus-Fire|100\/100\n|move|p2a: Dialga|Flash Cannon|p1a: Arceus\n|-resisted|p1a: Arceus\n|-damage|p1a: Arceus|83\/100\n|\n|upkeep\n|turn|11\n|\n|t:|1698597476\n|move|p2a: Dialga|Draco Meteor|p1a: Arceus\n|-damage|p1a: Arceus|20\/100\n|-unboost|p2a: Dialga|spa|2\n|-enditem|p2a: Dialga|Eject Pack\n|\n|t:|1698597484\n|switch|p2a: Magearna|Magearna|100\/100\n|move|p1a: Arceus|Dragon Dance|p1a: Arceus\n|-boost|p1a: Arceus|atk|1\n|-boost|p1a: Arceus|spe|1\n|\n|-fieldend|move: Trick Room\n|upkeep\n|turn|12\n|\n|t:|1698597486\n|move|p1a: Arceus|Flare Blitz|p2a: Magearna\n|-supereffective|p2a: Magearna\n|-damage|p2a: Magearna|0 fnt\n|faint|p2a: Magearna\n|-damage|p1a: Arceus|0 fnt|[from] Recoil\n|faint|p1a: Arceus\n|\n|upkeep\n|\n|t:|1698597492\n|switch|p1a: Ninetales|Ninetales-Alola, M|100\/100\n|switch|p2a: Hatterene|Hatterene, F, shiny|100\/100\n|-weather|Snow|[from] ability: Snow Warning|[of] p1a: Ninetales\n|turn|13\n|\n|t:|1698597505\n|move|p1a: Ninetales|Aurora Veil|p1a: Ninetales\n|-sidestart|p1: SwordIsBored|move: Aurora Veil\n|move|p2a: Hatterene|Trick Room|p2a: Hatterene\n|-fieldstart|move: Trick Room|[of] p2a: Hatterene\n|\n|-weather|Snow|[upkeep]\n|upkeep\n|turn|14\n|\n|t:|1698597509\n|move|p2a: Hatterene|Mystical Fire|p1a: Ninetales\n|-supereffective|p1a: Ninetales\n|-damage|p1a: Ninetales|71\/100\n|-unboost|p1a: Ninetales|spa|1\n|move|p1a: Ninetales|Encore|p2a: Hatterene\n|move|p2a: Hatterene|Encore||[from]ability: Magic Bounce|[still]\n|-fail|p2a: Hatterene\n|\n|-weather|Snow|[upkeep]\n|upkeep\n|turn|15\n|\n|t:|1698597524\n|switch|p1a: Espathra|Espathra, M|100\/100\n|move|p2a: Hatterene|Misty Explosion|p1a: Espathra\n|-damage|p1a: Espathra|58\/100\n|faint|p2a: Hatterene\n|\n|-weather|Snow|[upkeep]\n|-heal|p1a: Espathra|65\/100|[from] item: Leftovers\n|upkeep\n|\n|t:|1698597529\n|switch|p2a: Hoopa|Hoopa-Unbound|100\/100\n|turn|16\n|\n|t:|1698597535\n|move|p2a: Hoopa|Hyperspace Fury|p1a: Espathra\n|-supereffective|p1a: Espathra\n|-damage|p1a: Espathra|0 fnt\n|-unboost|p2a: Hoopa|def|1\n|faint|p1a: Espathra\n|-damage|p2a: Hoopa|91\/100|[from] item: Life Orb\n|\n|-weather|Snow|[upkeep]\n|upkeep\n|\n|t:|1698597550\n|switch|p1a: Magearna|Magearna, tera:Water|88\/100\n|turn|17\n|\n|t:|1698597563\n|move|p2a: Hoopa|Hyperspace Fury|p1a: Magearna\n|-damage|p1a: Magearna|60\/100\n|-unboost|p2a: Hoopa|def|1\n|-damage|p2a: Hoopa|81\/100|[from] item: Life Orb\n|move|p1a: Magearna|Iron Defense|p1a: Magearna\n|-boost|p1a: Magearna|def|2\n|\n|-weather|none\n|-heal|p1a: Magearna|66\/100|[from] item: Leftovers\n|-fieldend|move: Trick Room\n|upkeep\n|turn|18\n|\n|t:|1698597572\n|move|p1a: Magearna|Draining Kiss|p2a: Hoopa\n|-supereffective|p2a: Hoopa\n|-damage|p2a: Hoopa|41\/100\n|-heal|p1a: Magearna|91\/100|[from] drain|[of] p2a: Hoopa\n|move|p2a: Hoopa|Hyperspace Fury|p1a: Magearna\n|-crit|p1a: Magearna\n|-damage|p1a: Magearna|14\/100\n|-unboost|p2a: Hoopa|def|1\n|-damage|p2a: Hoopa|31\/100|[from] item: Life Orb\n|\n|-heal|p1a: Magearna|20\/100|[from] item: Leftovers\n|upkeep\n|turn|19\n|\n|t:|1698597581\n|switch|p2a: Dialga|Dialga, shiny|44\/100 par\n|-ability|p2a: Dialga|Pressure\n|move|p1a: Magearna|Draining Kiss|p2a: Dialga\n|-damage|p2a: Dialga|27\/100 par\n|-heal|p1a: Magearna|35\/100|[from] drain|[of] p2a: Dialga\n|\n|-heal|p1a: Magearna|41\/100|[from] item: Leftovers\n|upkeep\n|turn|20\n|\n|t:|1698597584\n|move|p1a: Magearna|Draining Kiss|p2a: Dialga\n|-damage|p2a: Dialga|10\/100 par\n|-heal|p1a: Magearna|55\/100|[from] drain|[of] p2a: Dialga\n|move|p2a: Dialga|Trick Room|p2a: Dialga\n|-fieldstart|move: Trick Room|[of] p2a: Dialga\n|\n|-heal|p1a: Magearna|61\/100|[from] item: Leftovers\n|-sideend|p1: SwordIsBored|move: Aurora Veil\n|upkeep\n|turn|21\n|\n|t:|1698597593\n|switch|p1a: Ninetales|Ninetales-Alola, M|71\/100\n|-weather|Snow|[from] ability: Snow Warning|[of] p1a: Ninetales\n|move|p2a: Dialga|Roar|p1a: Ninetales\n|drag|p1a: Magearna|Magearna, tera:Water|61\/100\n|\n|-weather|Snow|[upkeep]\n|-heal|p1a: Magearna|67\/100|[from] item: Leftovers\n|upkeep\n|turn|22\n|\n|t:|1698597604\n|switch|p1a: Ursaluna|Ursaluna-Bloodmoon, M|100\/100\n|move|p2a: Dialga|Draco Meteor|p1a: Ursaluna\n|-damage|p1a: Ursaluna|0 fnt\n|-unboost|p2a: Dialga|spa|2\n|faint|p1a: Ursaluna\n|\n|-weather|Snow|[upkeep]\n|upkeep\n|\n|t:|1698597610\n|switch|p1a: Magearna|Magearna, tera:Water|67\/100\n|turn|23\n|\n|t:|1698597613\n|move|p1a: Magearna|Draining Kiss|p2a: Dialga\n|-damage|p2a: Dialga|0 fnt\n|-heal|p1a: Magearna|75\/100|[from] drain|[of] p2a: Dialga\n|faint|p2a: Dialga\n|-ability|p1a: Magearna|Soul-Heart|boost\n|-boost|p1a: Magearna|spa|1\n|\n|-weather|Snow|[upkeep]\n|-heal|p1a: Magearna|81\/100|[from] item: Leftovers\n|upkeep\n|\n|t:|1698597622\n|switch|p2a: Glastrier|Glastrier|100\/100\n|turn|24\n|\n|t:|1698597628\n|-terastallize|p2a: Glastrier|Water\n|move|p2a: Glastrier|Heavy Slam|p1a: Magearna\n|-resisted|p1a: Magearna\n|-crit|p1a: Magearna\n|-damage|p1a: Magearna|51\/100\n|-damage|p2a: Glastrier|91\/100|[from] item: Life Orb\n|move|p1a: Magearna|Iron Defense|p1a: Magearna\n|-boost|p1a: Magearna|def|2\n|\n|-weather|Snow|[upkeep]\n|-heal|p1a: Magearna|57\/100|[from] item: Leftovers\n|-fieldend|move: Trick Room\n|upkeep\n|turn|25\n|\n|t:|1698597632\n|move|p1a: Magearna|Draining Kiss|p2a: Glastrier\n|-damage|p2a: Glastrier|68\/100\n|-heal|p1a: Magearna|77\/100|[from] drain|[of] p2a: Glastrier\n|move|p2a: Glastrier|Icicle Crash|p1a: Magearna\n|-resisted|p1a: Magearna\n|-damage|p1a: Magearna|66\/100\n|-damage|p2a: Glastrier|58\/100|[from] item: Life Orb\n|\n|-weather|none\n|-heal|p1a: Magearna|72\/100|[from] item: Leftovers\n|upkeep\n|turn|26\n|\n|t:|1698597644\n|switch|p2a: Ursaluna|Ursaluna, F, shiny|100\/100\n|move|p1a: Magearna|Iron Defense|p1a: Magearna\n|-boost|p1a: Magearna|def|2\n|\n|-heal|p1a: Magearna|78\/100|[from] item: Leftovers\n|-status|p2a: Ursaluna|brn|[from] item: Flame Orb\n|upkeep\n|turn|27\n|\n|t:|1698597648\n|move|p1a: Magearna|Draining Kiss|p2a: Ursaluna\n|-damage|p2a: Ursaluna|72\/100 brn\n|-heal|p1a: Magearna|100\/100|[from] drain|[of] p2a: Ursaluna\n|move|p2a: Ursaluna|Facade|p1a: Magearna\n|-damage|p1a: Magearna|76\/100\n|\n|-heal|p1a: Magearna|82\/100|[from] item: Leftovers\n|-damage|p2a: Ursaluna|66\/100 brn|[from] brn\n|upkeep\n|turn|28\n|\n|t:|1698597655\n|move|p1a: Magearna|Draining Kiss|p2a: Ursaluna\n|-damage|p2a: Ursaluna|37\/100 brn\n|-heal|p1a: Magearna|100\/100|[from] drain|[of] p2a: Ursaluna\n|move|p2a: Ursaluna|Facade|p1a: Magearna\n|-damage|p1a: Magearna|73\/100\n|\n|-heal|p1a: Magearna|79\/100|[from] item: Leftovers\n|-damage|p2a: Ursaluna|30\/100 brn|[from] brn\n|upkeep\n|turn|29\n|inactive|Battle timer is ON: inactive players will automatically lose when time's up. (requested by SwordIsBored)\n|inactive|XpokVEVO has 270 seconds left.\n|\n|t:|1698597754\n|move|p1a: Magearna|Stored Power|p2a: Ursaluna\n|-damage|p2a: Ursaluna|0 fnt\n|faint|p2a: Ursaluna\n|-ability|p1a: Magearna|Soul-Heart|boost\n|-boost|p1a: Magearna|spa|1\n|\n|-heal|p1a: Magearna|85\/100|[from] item: Leftovers\n|upkeep\n|\n|t:|1698597757\n|switch|p2a: Hoopa|Hoopa-Unbound|31\/100\n|turn|30\n|l|\u2606XpokVEVO\n|inactive|XpokVEVO disconnected and has 300 seconds to reconnect!\n|player|p2|\n|inactive|XpokVEVO has 270 seconds to reconnect!\n|inactive|XpokVEVO has 240 seconds to reconnect!\n|inactive|XpokVEVO has 210 seconds to reconnect!\n|inactive|XpokVEVO has 180 seconds to reconnect!\n|inactive|XpokVEVO has 150 seconds to reconnect!\n|inactive|XpokVEVO has 120 seconds to reconnect!\n|inactive|XpokVEVO has 90 seconds to reconnect!\n|inactive|XpokVEVO has 60 seconds to reconnect!\n|inactive|XpokVEVO has 30 seconds to reconnect!\n|inactive|XpokVEVO has 20 seconds to reconnect!\n|inactive|XpokVEVO has 15 seconds to reconnect!\n|inactive|XpokVEVO has 10 seconds to reconnect!\n|inactive|XpokVEVO has 5 seconds to reconnect!\n|-message|XpokVEVO lost due to inactivity.\n|\n|win|SwordIsBored\n","uploadtime":1698598085,"views":7,"p1id":"swordisbored","p2id":"xpokvevo","formatid":"gen9ubers","rating":0,"private":0,"password":""}