{"id":"gen9ubers-1979077819","p1":"RomaingDia","p2":"Sol CPU","format":"[Gen 9] Ubers","log":"|j|\u2606RomaingDia\n|j|\u2606Sol CPU\n|t:|1698629314\n|gametype|singles\n|player|p1|RomaingDia|pokemaniac|\n|player|p2|Sol CPU|ethan|\n|teamsize|p1|6\n|teamsize|p2|6\n|gen|9\n|tier|[Gen 9] Ubers\n|rule|Sleep Clause Mod: Limit one foe put to sleep\n|rule|Species Clause: Limit one of each Pok\u00e9mon\n|rule|OHKO Clause: OHKO moves are banned\n|rule|Evasion Items Clause: Evasion items are banned\n|rule|Evasion Moves Clause: Evasion moves are banned\n|rule|Endless Battle Clause: Forcing endless battles is banned\n|rule|HP Percentage Mod: HP is shown in percentages\n|clearpoke\n|poke|p1|Sneasler, F|\n|poke|p1|Roaring Moon|\n|poke|p1|Walking Wake|\n|poke|p1|Lilligant-Hisui, F|\n|poke|p1|Torkoal, M|\n|poke|p1|Heatran, M|\n|poke|p2|Great Tusk|\n|poke|p2|Thundurus, M|\n|poke|p2|Sylveon, F|\n|poke|p2|Dragalge, M|\n|poke|p2|Meloetta|\n|poke|p2|Lycanroc-Dusk, M|\n|teampreview\n|j| slugmaaa\n|j| Squirshawott\n|\n|t:|1698629541\n|start\n|switch|p1a: Bently|Torkoal, M|100\/100\n|switch|p2a: Mr. Genie Man|Thundurus, M, shiny|100\/100\n|-weather|SunnyDay|[from] ability: Drought|[of] p1a: Bently\n|turn|1\n|\n|t:|1698629551\n|move|p2a: Mr. Genie Man|Rain Dance|p2a: Mr. Genie Man\n|-weather|RainDance\n|move|p1a: Bently|Will-O-Wisp|p2a: Mr. Genie Man\n|-status|p2a: Mr. Genie Man|brn\n|\n|-weather|RainDance|[upkeep]\n|-damage|p2a: Mr. Genie Man|94\/100 brn|[from] brn\n|upkeep\n|turn|2\n|j| pkpowers310\n|\n|t:|1698629579\n|switch|p1a: Cooked Croak|Heatran, M|100\/100\n|move|p2a: Mr. Genie Man|Nasty Plot|p2a: Mr. Genie Man\n|-boost|p2a: Mr. Genie Man|spa|2\n|\n|-weather|RainDance|[upkeep]\n|-damage|p2a: Mr. Genie Man|88\/100 brn|[from] brn\n|upkeep\n|turn|3\n|\n|t:|1698629606\n|move|p2a: Mr. Genie Man|Thunderbolt|p1a: Cooked Croak\n|-damage|p1a: Cooked Croak|27\/100\n|move|p1a: Cooked Croak|Magma Storm|p2a: Mr. Genie Man\n|-damage|p2a: Mr. Genie Man|52\/100 brn\n|-activate|p2a: Mr. Genie Man|move: Magma Storm|[of] p1a: Cooked Croak\n|\n|-weather|RainDance|[upkeep]\n|-heal|p1a: Cooked Croak|33\/100|[from] item: Leftovers\n|-damage|p2a: Mr. Genie Man|46\/100 brn|[from] brn\n|-damage|p2a: Mr. Genie Man|34\/100 brn|[from] move: Magma Storm|[partiallytrapped]\n|upkeep\n|turn|4\n|\n|t:|1698629626\n|switch|p1a: Pea Shooter|Lilligant-Hisui, F, shiny|100\/100\n|move|p2a: Mr. Genie Man|Thunderbolt|p1a: Pea Shooter\n|-resisted|p1a: Pea Shooter\n|-damage|p1a: Pea Shooter|28\/100\n|\n|-weather|RainDance|[upkeep]\n|-damage|p2a: Mr. Genie Man|28\/100 brn|[from] brn\n|-end|p2a: Mr. Genie Man|Magma Storm|[partiallytrapped]|[silent]\n|upkeep\n|turn|5\n|\n|t:|1698629636\n|move|p2a: Mr. Genie Man|Thunderbolt|p1a: Pea Shooter\n|-resisted|p1a: Pea Shooter\n|-damage|p1a: Pea Shooter|0 fnt\n|faint|p1a: Pea Shooter\n|\n|-weather|none\n|-damage|p2a: Mr. Genie Man|22\/100 brn|[from] brn\n|upkeep\n|\n|t:|1698629643\n|switch|p1a: Bently|Torkoal, M|100\/100\n|-weather|SunnyDay|[from] ability: Drought|[of] p1a: Bently\n|turn|6\n|\n|t:|1698629652\n|switch|p2a: GET 'EM BOYS|Great Tusk|100\/100\n|-activate|p2a: GET 'EM BOYS|ability: Protosynthesis\n|-start|p2a: GET 'EM BOYS|protosynthesisatk\n|switch|p1a: Okuyasu Nijimura|Walking Wake|100\/100\n|-activate|p1a: Okuyasu Nijimura|ability: Protosynthesis\n|-start|p1a: Okuyasu Nijimura|protosynthesisspe\n|\n|-weather|SunnyDay|[upkeep]\n|upkeep\n|turn|7\n|\n|t:|1698629666\n|-end|p2a: GET 'EM BOYS|Protosynthesis|[silent]\n|switch|p2a: Ribbons Galore|Sylveon, F|100\/100\n|move|p1a: Okuyasu Nijimura|Hydro Steam|p2a: Ribbons Galore\n|-damage|p2a: Ribbons Galore|40\/100\n|\n|-weather|SunnyDay|[upkeep]\n|-heal|p2a: Ribbons Galore|46\/100|[from] item: Leftovers\n|upkeep\n|turn|8\n|\n|t:|1698629676\n|move|p1a: Okuyasu Nijimura|Hydro Steam|p2a: Ribbons Galore\n|-damage|p2a: Ribbons Galore|0 fnt\n|faint|p2a: Ribbons Galore\n|\n|-weather|SunnyDay|[upkeep]\n|upkeep\n|\n|t:|1698629705\n|switch|p2a: Sing Queen|Meloetta|100\/100\n|turn|9\n|\n|t:|1698629712\n|-terastallize|p2a: Sing Queen|Fairy\n|move|p1a: Okuyasu Nijimura|Hydro Steam|p2a: Sing Queen\n|-damage|p2a: Sing Queen|35\/100\n|move|p2a: Sing Queen|Thunder Wave|p1a: Okuyasu Nijimura\n|-status|p1a: Okuyasu Nijimura|par\n|\n|-weather|SunnyDay|[upkeep]\n|upkeep\n|turn|10\n|\n|t:|1698629724\n|move|p1a: Okuyasu Nijimura|Hydro Steam|p2a: Sing Queen\n|-damage|p2a: Sing Queen|0 fnt\n|faint|p2a: Sing Queen\n|\n|-weather|SunnyDay|[upkeep]\n|upkeep\n|\n|t:|1698629732\n|switch|p2a: Mr. Genie Man|Thundurus, M, shiny|22\/100 brn\n|turn|11\n|\n|t:|1698629737\n|move|p2a: Mr. Genie Man|Thunderbolt|p1a: Okuyasu Nijimura\n|-damage|p1a: Okuyasu Nijimura|43\/100 par\n|move|p1a: Okuyasu Nijimura|Hydro Steam|p2a: Mr. Genie Man\n|-damage|p2a: Mr. Genie Man|0 fnt\n|faint|p2a: Mr. Genie Man\n|\n|-weather|SunnyDay|[upkeep]\n|upkeep\n|l| pkpowers310\n|\n|t:|1698629747\n|switch|p2a: Time for Ice Cream|Lycanroc-Dusk, M|100\/100\n|turn|12\n|\n|t:|1698629751\n|move|p2a: Time for Ice Cream|Swords Dance|p2a: Time for Ice Cream\n|-boost|p2a: Time for Ice Cream|atk|2\n|move|p1a: Okuyasu Nijimura|Hydro Steam|p2a: Time for Ice Cream\n|-supereffective|p2a: Time for Ice Cream\n|-enditem|p2a: Time for Ice Cream|Focus Sash\n|-damage|p2a: Time for Ice Cream|1\/100\n|\n|-weather|SunnyDay|[upkeep]\n|upkeep\n|turn|13\n|\n|t:|1698629763\n|move|p2a: Time for Ice Cream|Psychic Fangs|p1a: Okuyasu Nijimura\n|-damage|p1a: Okuyasu Nijimura|0 fnt\n|faint|p1a: Okuyasu Nijimura\n|-end|p1a: Okuyasu Nijimura|Protosynthesis|[silent]\n|\n|-weather|none\n|upkeep\n|\n|t:|1698629769\n|switch|p1a: Gazoontite|Sneasler, F|100\/100\n|turn|14\n|\n|t:|1698629774\n|move|p1a: Gazoontite|Fake Out|p2a: Time for Ice Cream\n|-resisted|p2a: Time for Ice Cream\n|-damage|p2a: Time for Ice Cream|0 fnt\n|faint|p2a: Time for Ice Cream\n|\n|upkeep\n|\n|t:|1698629784\n|switch|p2a: Not Kingdra|Dragalge, M|100\/100\n|turn|15\n|\n|t:|1698629796\n|move|p1a: Gazoontite|U-turn|p2a: Not Kingdra\n|-resisted|p2a: Not Kingdra\n|-damage|p2a: Not Kingdra|86\/100\n|\n|t:|1698629799\n|switch|p1a: Cooked Croak|Heatran, M|33\/100|[from] U-turn\n|move|p2a: Not Kingdra|Dragon Pulse|p1a: Cooked Croak\n|-resisted|p1a: Cooked Croak\n|-crit|p1a: Cooked Croak\n|-damage|p1a: Cooked Croak|2\/100\n|\n|-heal|p1a: Cooked Croak|8\/100|[from] item: Leftovers\n|-heal|p2a: Not Kingdra|92\/100|[from] item: Black Sludge\n|upkeep\n|turn|16\n|\n|t:|1698629814\n|move|p1a: Cooked Croak|Earth Power|p2a: Not Kingdra\n|-supereffective|p2a: Not Kingdra\n|-damage|p2a: Not Kingdra|35\/100\n|move|p2a: Not Kingdra|Surf|p1a: Cooked Croak\n|-supereffective|p1a: Cooked Croak\n|-damage|p1a: Cooked Croak|0 fnt\n|faint|p1a: Cooked Croak\n|\n|-heal|p2a: Not Kingdra|41\/100|[from] item: Black Sludge\n|upkeep\n|\n|t:|1698629823\n|switch|p1a: Gazoontite|Sneasler, F|100\/100\n|turn|17\n|\n|t:|1698629828\n|move|p1a: Gazoontite|Fake Out|p2a: Not Kingdra\n|-damage|p2a: Not Kingdra|25\/100\n|cant|p2a: Not Kingdra|flinch\n|\n|-heal|p2a: Not Kingdra|31\/100|[from] item: Black Sludge\n|upkeep\n|turn|18\n|\n|t:|1698629842\n|move|p1a: Gazoontite|U-turn|p2a: Not Kingdra\n|-resisted|p2a: Not Kingdra\n|-damage|p2a: Not Kingdra|17\/100\n|\n|t:|1698629845\n|switch|p1a: Bently|Torkoal, M|100\/100|[from] U-turn\n|-weather|SunnyDay|[from] ability: Drought|[of] p1a: Bently\n|move|p2a: Not Kingdra|Dragon Pulse|p1a: Bently\n|-damage|p1a: Bently|50\/100\n|\n|-weather|SunnyDay|[upkeep]\n|-heal|p2a: Not Kingdra|23\/100|[from] item: Black Sludge\n|upkeep\n|turn|19\n|\n|t:|1698629856\n|move|p2a: Not Kingdra|Dragon Pulse|p1a: Bently\n|-damage|p1a: Bently|0 fnt\n|faint|p1a: Bently\n|\n|-weather|SunnyDay|[upkeep]\n|-heal|p2a: Not Kingdra|29\/100|[from] item: Black Sludge\n|upkeep\n|\n|t:|1698629862\n|switch|p1a: Noriaki Kakyoin|Roaring Moon, shiny|100\/100\n|-activate|p1a: Noriaki Kakyoin|ability: Protosynthesis\n|-start|p1a: Noriaki Kakyoin|protosynthesisatk\n|turn|20\n|\n|t:|1698629874\n|move|p1a: Noriaki Kakyoin|Knock Off|p2a: Not Kingdra\n|-damage|p2a: Not Kingdra|0 fnt\n|-enditem|p2a: Not Kingdra|Black Sludge|[from] move: Knock Off|[of] p1a: Noriaki Kakyoin\n|faint|p2a: Not Kingdra\n|\n|-weather|SunnyDay|[upkeep]\n|upkeep\n|\n|t:|1698629879\n|switch|p2a: GET 'EM BOYS|Great Tusk|100\/100\n|-activate|p2a: GET 'EM BOYS|ability: Protosynthesis\n|-start|p2a: GET 'EM BOYS|protosynthesisatk\n|turn|21\n|j| pkpowers310\n|\n|t:|1698629917\n|move|p1a: Noriaki Kakyoin|Knock Off|p2a: GET 'EM BOYS\n|-resisted|p2a: GET 'EM BOYS\n|-damage|p2a: GET 'EM BOYS|80\/100\n|move|p2a: GET 'EM BOYS|Close Combat|p1a: Noriaki Kakyoin\n|-supereffective|p1a: Noriaki Kakyoin\n|-damage|p1a: Noriaki Kakyoin|0 fnt\n|-unboost|p2a: GET 'EM BOYS|def|1\n|-unboost|p2a: GET 'EM BOYS|spd|1\n|faint|p1a: Noriaki Kakyoin\n|-end|p1a: Noriaki Kakyoin|Protosynthesis|[silent]\n|\n|-weather|SunnyDay|[upkeep]\n|upkeep\n|\n|t:|1698629927\n|switch|p1a: Gazoontite|Sneasler, F|100\/100\n|turn|22\n|\n|t:|1698629930\n|move|p1a: Gazoontite|Fake Out|p2a: GET 'EM BOYS\n|-damage|p2a: GET 'EM BOYS|65\/100\n|-status|p2a: GET 'EM BOYS|psn|[from] ability: Poison Touch|[of] p1a: Gazoontite\n|cant|p2a: GET 'EM BOYS|flinch\n|\n|-weather|SunnyDay|[upkeep]\n|-damage|p2a: GET 'EM BOYS|52\/100 psn|[from] psn\n|upkeep\n|turn|23\n|\n|t:|1698629948\n|move|p1a: Gazoontite|Brick Break|p2a: GET 'EM BOYS\n|-damage|p2a: GET 'EM BOYS|10\/100 psn\n|move|p2a: GET 'EM BOYS|Earthquake|p1a: Gazoontite\n|-supereffective|p1a: Gazoontite\n|-damage|p1a: Gazoontite|0 fnt\n|faint|p1a: Gazoontite\n|\n|win|Sol CPU\n|l|\u2606RomaingDia\n|l|\u2606Sol CPU\n|l| slugmaaa\n|l| pkpowers310\n","uploadtime":1698630468,"views":12,"p1id":"romaingdia","p2id":"solcpu","formatid":"gen9ubers","rating":0,"private":0,"password":""}