{"id":"gen9ubers-1994427640","p1":"iboxedyou","p2":"GS StuDogg101","format":"[Gen 9] Ubers","log":"|j|\u2606iboxedyou\n|j|\u2606GS StuDogg101\n|t:|1700442761\n|gametype|singles\n|player|p1|iboxedyou|101|\n|player|p2|GS StuDogg101|gambler|\n|teamsize|p1|6\n|teamsize|p2|6\n|gen|9\n|tier|[Gen 9] Ubers\n|rule|Sleep Clause Mod: Limit one foe put to sleep\n|rule|Species Clause: Limit one of each Pok\u00e9mon\n|rule|OHKO Clause: OHKO moves are banned\n|rule|Evasion Items Clause: Evasion items are banned\n|rule|Evasion Moves Clause: Evasion moves are banned\n|rule|Endless Battle Clause: Forcing endless battles is banned\n|rule|HP Percentage Mod: HP is shown in percentages\n|clearpoke\n|poke|p1|Chi-Yu|\n|poke|p1|Empoleon, F|\n|poke|p1|Weezing, M|\n|poke|p1|Iron Thorns|\n|poke|p1|Regidrago|\n|poke|p1|Rillaboom, F|\n|poke|p2|Kleavor, F|\n|poke|p2|Chien-Pao|\n|poke|p2|Garchomp, F|\n|poke|p2|Scream Tail|\n|poke|p2|Piloswine, F|\n|poke|p2|Vikavolt, M|\n|teampreview\n|c|\u2606GS StuDogg101|Glhf !\n|\n|t:|1700442798\n|start\n|switch|p1a: Regidrago|Regidrago|100\/100\n|switch|p2a: Mantis|Kleavor, F, shiny|100\/100\n|turn|1\n|\n|t:|1700442811\n|move|p1a: Regidrago|Dragon Energy|p2a: Mantis\n|-enditem|p2a: Mantis|Focus Sash\n|-damage|p2a: Mantis|1\/100\n|move|p2a: Mantis|Stone Axe|p1a: Regidrago\n|-damage|p1a: Regidrago|45\/100\n|-sidestart|p1: iboxedyou|move: Stealth Rock\n|\n|upkeep\n|turn|2\n|\n|t:|1700442823\n|move|p1a: Regidrago|Dragon Energy|p2a: Mantis\n|-damage|p2a: Mantis|0 fnt\n|faint|p2a: Mantis\n|\n|upkeep\n|\n|t:|1700442902\n|switch|p2a: Zeke|Chien-Pao|100\/100\n|-ability|p2a: Zeke|Sword of Ruin\n|turn|3\n|\n|t:|1700442909\n|switch|p1a: Weezing|Weezing, M|100\/100\n|-damage|p1a: Weezing|88\/100|[from] Stealth Rock\n|move|p2a: Zeke|Ice Shard|p1a: Weezing\n|-damage|p1a: Weezing|55\/100\n|\n|-heal|p1a: Weezing|61\/100|[from] item: Black Sludge\n|upkeep\n|turn|4\n|\n|t:|1700442929\n|switch|p2a: Raptor|Vikavolt, M, shiny|100\/100\n|move|p1a: Weezing|Will-O-Wisp|p2a: Raptor\n|-status|p2a: Raptor|brn\n|\n|-heal|p1a: Weezing|67\/100|[from] item: Black Sludge\n|-damage|p2a: Raptor|94\/100 brn|[from] brn\n|upkeep\n|turn|5\n|\n|t:|1700442948\n|move|p1a: Weezing|Flamethrower|p2a: Raptor\n|-supereffective|p2a: Raptor\n|-damage|p2a: Raptor|49\/100 brn\n|move|p2a: Raptor|Sticky Web|p1a: Weezing\n|-sidestart|p1: iboxedyou|move: Sticky Web\n|\n|-heal|p1a: Weezing|72\/100|[from] item: Black Sludge\n|-damage|p2a: Raptor|43\/100 brn|[from] brn\n|upkeep\n|turn|6\n|\n|t:|1700442964\n|switch|p2a: Buffy|Scream Tail|100\/100\n|move|p1a: Weezing|Toxic Spikes|p2a: Buffy\n|-sidestart|p2: GS StuDogg101|move: Toxic Spikes\n|\n|-heal|p1a: Weezing|78\/100|[from] item: Black Sludge\n|upkeep\n|turn|7\n|\n|t:|1700442978\n|move|p2a: Buffy|Wish|p2a: Buffy\n|move|p1a: Weezing|Sludge Bomb|p2a: Buffy\n|-supereffective|p2a: Buffy\n|-damage|p2a: Buffy|64\/100\n|\n|-heal|p2a: Buffy|71\/100|[from] item: Leftovers\n|-heal|p1a: Weezing|84\/100|[from] item: Black Sludge\n|upkeep\n|turn|8\n|\n|t:|1700442999\n|move|p2a: Buffy|Thunder Wave|p1a: Weezing\n|-status|p1a: Weezing|par\n|move|p1a: Weezing|Toxic Spikes|p2a: Buffy\n|-sidestart|p2: GS StuDogg101|move: Toxic Spikes\n|\n|-heal|p2a: Buffy|100\/100|[from] move: Wish|[wisher] Buffy\n|-heal|p1a: Weezing|90\/100 par|[from] item: Black Sludge\n|upkeep\n|turn|9\n|\n|t:|1700443014\n|move|p2a: Buffy|Wish|p2a: Buffy\n|move|p1a: Weezing|Sludge Bomb|p2a: Buffy\n|-supereffective|p2a: Buffy\n|-damage|p2a: Buffy|64\/100\n|\n|-heal|p2a: Buffy|71\/100|[from] item: Leftovers\n|-heal|p1a: Weezing|96\/100 par|[from] item: Black Sludge\n|upkeep\n|turn|10\n|\n|t:|1700443038\n|-end|p2a: Buffy|Protosynthesis|[silent]\n|switch|p2a: Megalodon|Garchomp, F|100\/100\n|-status|p2a: Megalodon|tox\n|move|p1a: Weezing|Flamethrower|p2a: Megalodon\n|-resisted|p2a: Megalodon\n|-damage|p2a: Megalodon|90\/100 tox\n|\n|-heal|p2a: Megalodon|100\/100 tox|[from] move: Wish|[wisher] Buffy\n|-heal|p1a: Weezing|100\/100 par|[from] item: Black Sludge\n|-damage|p2a: Megalodon|94\/100 tox|[from] psn\n|upkeep\n|turn|11\n|\n|t:|1700443069\n|move|p2a: Megalodon|Swords Dance|p2a: Megalodon\n|-boost|p2a: Megalodon|atk|2\n|move|p1a: Weezing|Sludge Bomb|p2a: Megalodon\n|-resisted|p2a: Megalodon\n|-damage|p2a: Megalodon|80\/100 tox\n|\n|-damage|p2a: Megalodon|68\/100 tox|[from] psn\n|upkeep\n|turn|12\n|\n|t:|1700443080\n|move|p2a: Megalodon|Scale Shot|p1a: Weezing\n|-damage|p1a: Weezing|77\/100 par\n|-damage|p1a: Weezing|57\/100 par\n|-damage|p1a: Weezing|34\/100 par\n|-damage|p1a: Weezing|14\/100 par\n|-damage|p1a: Weezing|0 fnt\n|faint|p1a: Weezing\n|-hitcount|p1: Weezing|5\n|-unboost|p2a: Megalodon|def|1\n|-boost|p2a: Megalodon|spe|1\n|\n|-damage|p2a: Megalodon|50\/100 tox|[from] psn\n|upkeep\n|\n|t:|1700443106\n|switch|p1a: Rillaboom|Rillaboom, F|100\/100\n|-damage|p1a: Rillaboom|88\/100|[from] Stealth Rock\n|-activate|p1a: Rillaboom|move: Sticky Web\n|-unboost|p1a: Rillaboom|spe|1\n|-fieldstart|move: Grassy Terrain|[from] ability: Grassy Surge|[of] p1a: Rillaboom\n|turn|13\n|\n|t:|1700443134\n|switch|p2a: Raptor|Vikavolt, M, shiny|43\/100 brn\n|move|p1a: Rillaboom|Grassy Glide|p2a: Raptor\n|-resisted|p2a: Raptor\n|-damage|p2a: Raptor|23\/100 brn\n|\n|-heal|p1a: Rillaboom|94\/100|[from] Grassy Terrain\n|-damage|p2a: Raptor|17\/100 brn|[from] brn\n|upkeep\n|turn|14\n|\n|t:|1700443147\n|move|p1a: Rillaboom|Grassy Glide|p2a: Raptor\n|-resisted|p2a: Raptor\n|-damage|p2a: Raptor|0 fnt\n|faint|p2a: Raptor\n|\n|-heal|p1a: Rillaboom|100\/100|[from] Grassy Terrain\n|upkeep\n|\n|t:|1700443203\n|switch|p2a: Zeke|Chien-Pao|100\/100\n|-status|p2a: Zeke|tox\n|-ability|p2a: Zeke|Sword of Ruin\n|turn|15\n|\n|t:|1700443233\n|move|p2a: Zeke|Ice Shard|p1a: Rillaboom\n|-supereffective|p1a: Rillaboom\n|-damage|p1a: Rillaboom|11\/100\n|move|p1a: Rillaboom|Grassy Glide|p2a: Zeke\n|-damage|p2a: Zeke|29\/100 tox\n|\n|-heal|p2a: Zeke|35\/100 tox|[from] Grassy Terrain\n|-heal|p1a: Rillaboom|17\/100|[from] Grassy Terrain\n|-damage|p2a: Zeke|29\/100 tox|[from] psn\n|upkeep\n|turn|16\n|\n|t:|1700443260\n|move|p2a: Zeke|Ice Shard|p1a: Rillaboom\n|-supereffective|p1a: Rillaboom\n|-damage|p1a: Rillaboom|0 fnt\n|faint|p1a: Rillaboom\n|\n|-heal|p2a: Zeke|35\/100 tox|[from] Grassy Terrain\n|-damage|p2a: Zeke|23\/100 tox|[from] psn\n|upkeep\n|\n|t:|1700443287\n|switch|p1a: Iron Thorns|Iron Thorns|100\/100\n|-damage|p1a: Iron Thorns|88\/100|[from] Stealth Rock\n|-activate|p1a: Iron Thorns|move: Sticky Web\n|-unboost|p1a: Iron Thorns|spe|1\n|-enditem|p1a: Iron Thorns|Booster Energy\n|-activate|p1a: Iron Thorns|ability: Quark Drive|[fromitem]\n|-start|p1a: Iron Thorns|quarkdriveatk\n|turn|17\n|\n|t:|1700443311\n|switch|p2a: It|Piloswine, F|100\/100\n|-status|p2a: It|tox\n|move|p1a: Iron Thorns|Brick Break|p2a: It\n|-supereffective|p2a: It\n|-damage|p2a: It|51\/100 tox\n|\n|-heal|p1a: Iron Thorns|94\/100|[from] Grassy Terrain\n|-heal|p2a: It|58\/100 tox|[from] Grassy Terrain\n|-damage|p2a: It|51\/100 tox|[from] psn\n|-fieldend|move: Grassy Terrain\n|upkeep\n|turn|18\n|\n|t:|1700443325\n|-terastallize|p1a: Iron Thorns|Flying\n|move|p1a: Iron Thorns|Dragon Dance|p1a: Iron Thorns\n|-boost|p1a: Iron Thorns|atk|1\n|-boost|p1a: Iron Thorns|spe|1\n|move|p2a: It|Earthquake|p1a: Iron Thorns\n|-immune|p1a: Iron Thorns\n|\n|-damage|p2a: It|39\/100 tox|[from] psn\n|upkeep\n|turn|19\n|\n|t:|1700443348\n|move|p2a: It|Ice Shard|p1a: Iron Thorns\n|-supereffective|p1a: Iron Thorns\n|-damage|p1a: Iron Thorns|67\/100\n|move|p1a: Iron Thorns|Dragon Dance|p1a: Iron Thorns\n|-boost|p1a: Iron Thorns|atk|1\n|-boost|p1a: Iron Thorns|spe|1\n|\n|-damage|p2a: It|21\/100 tox|[from] psn\n|upkeep\n|turn|20\n|\n|t:|1700443367\n|move|p2a: It|Ice Shard|p1a: Iron Thorns\n|-supereffective|p1a: Iron Thorns\n|-damage|p1a: Iron Thorns|39\/100\n|move|p1a: Iron Thorns|Brick Break|p2a: It\n|-supereffective|p2a: It\n|-damage|p2a: It|0 fnt\n|faint|p2a: It\n|\n|upkeep\n|\n|t:|1700443405\n|switch|p2a: Buffy|Scream Tail|71\/100\n|-status|p2a: Buffy|tox\n|turn|21\n|\n|t:|1700443431\n|move|p1a: Iron Thorns|Rock Blast|p2a: Buffy\n|-damage|p2a: Buffy|51\/100 tox\n|-damage|p2a: Buffy|31\/100 tox\n|-hitcount|p2a: Buffy|2\n|move|p2a: Buffy|Wish|p2a: Buffy\n|\n|-heal|p2a: Buffy|37\/100 tox|[from] item: Leftovers\n|-damage|p2a: Buffy|31\/100 tox|[from] psn\n|upkeep\n|turn|22\n|\n|t:|1700443446\n|move|p1a: Iron Thorns|Rock Blast|p2a: Buffy\n|-damage|p2a: Buffy|9\/100 tox\n|-damage|p2a: Buffy|0 fnt\n|faint|p2a: Buffy\n|-end|p2a: Buffy|Protosynthesis|[silent]\n|-hitcount|p2: Buffy|2\n|\n|upkeep\n|\n|t:|1700443457\n|switch|p2a: Zeke|Chien-Pao|23\/100 tox\n|-ability|p2a: Zeke|Sword of Ruin\n|turn|23\n|\n|t:|1700443473\n|move|p2a: Zeke|Ice Shard|p1a: Iron Thorns\n|-supereffective|p1a: Iron Thorns\n|-damage|p1a: Iron Thorns|0 fnt\n|faint|p1a: Iron Thorns\n|-end|p1a: Iron Thorns|Quark Drive|[silent]\n|\n|-damage|p2a: Zeke|18\/100 tox|[from] psn\n|upkeep\n|\n|t:|1700443491\n|switch|p1a: Regidrago|Regidrago|45\/100\n|-damage|p1a: Regidrago|33\/100|[from] Stealth Rock\n|-activate|p1a: Regidrago|move: Sticky Web\n|-unboost|p1a: Regidrago|spe|1\n|turn|24\n|\n|t:|1700443498\n|move|p2a: Zeke|Ice Shard|p1a: Regidrago\n|-supereffective|p1a: Regidrago\n|-damage|p1a: Regidrago|0 fnt\n|faint|p1a: Regidrago\n|\n|-damage|p2a: Zeke|6\/100 tox|[from] psn\n|upkeep\n|\n|t:|1700443506\n|switch|p1a: Empoleon|Empoleon, F|100\/100\n|-damage|p1a: Empoleon|94\/100|[from] Stealth Rock\n|-activate|p1a: Empoleon|move: Sticky Web\n|-unboost|p1a: Empoleon|spe|1\n|-ability|p1a: Empoleon|Competitive|boost\n|-boost|p1a: Empoleon|spa|2\n|turn|25\n|\n|t:|1700443520\n|move|p2a: Zeke|Ice Shard|p1a: Empoleon\n|-resisted|p1a: Empoleon\n|-damage|p1a: Empoleon|84\/100\n|move|p1a: Empoleon|Roost|p1a: Empoleon\n|-heal|p1a: Empoleon|100\/100\n|-singleturn|p1a: Empoleon|move: Roost\n|\n|-damage|p2a: Zeke|0 fnt|[from] psn\n|faint|p2a: Zeke\n|upkeep\n|\n|t:|1700443529\n|switch|p2a: Megalodon|Garchomp, F|50\/100 tox\n|turn|26\n|\n|t:|1700443536\n|move|p2a: Megalodon|Earthquake|p1a: Empoleon\n|-supereffective|p1a: Empoleon\n|-damage|p1a: Empoleon|0 fnt\n|faint|p1a: Empoleon\n|\n|-damage|p2a: Megalodon|43\/100 tox|[from] psn\n|upkeep\n|\n|t:|1700443548\n|switch|p1a: Chi-Yu|Chi-Yu|100\/100\n|-damage|p1a: Chi-Yu|76\/100|[from] Stealth Rock\n|-activate|p1a: Chi-Yu|move: Sticky Web\n|-unboost|p1a: Chi-Yu|spe|1\n|-ability|p1a: Chi-Yu|Beads of Ruin\n|turn|27\n|\n|t:|1700443558\n|move|p2a: Megalodon|Earthquake|p1a: Chi-Yu\n|-supereffective|p1a: Chi-Yu\n|-damage|p1a: Chi-Yu|0 fnt\n|faint|p1a: Chi-Yu\n|\n|win|GS StuDogg101\n|c|\u2606GS StuDogg101|Gg bro.\n","uploadtime":1700443578,"views":25,"p1id":"iboxedyou","p2id":"gsstudogg101","formatid":"gen9ubers","rating":0,"private":0,"password":""}