{"id":"gen9ubers-1978454707","p1":"GS Wendigo","p2":"Demigodfletch","format":"[Gen 9] Ubers","log":"|j|\u2606GS Wendigo\n|j|\u2606Demigodfletch\n|t:|1698541124\n|gametype|singles\n|player|p1|GS Wendigo|170|\n|player|p2|Demigodfletch|266|\n|teamsize|p1|6\n|teamsize|p2|6\n|gen|9\n|tier|[Gen 9] Ubers\n|rule|Sleep Clause Mod: Limit one foe put to sleep\n|rule|Species Clause: Limit one of each Pok\u00e9mon\n|rule|OHKO Clause: OHKO moves are banned\n|rule|Evasion Items Clause: Evasion items are banned\n|rule|Evasion Moves Clause: Evasion moves are banned\n|rule|Endless Battle Clause: Forcing endless battles is banned\n|rule|HP Percentage Mod: HP is shown in percentages\n|clearpoke\n|poke|p1|Flutter Mane|\n|poke|p1|Ditto|\n|poke|p1|Ninetales-Alola, M|\n|poke|p1|Frosmoth, F|\n|poke|p1|Arcanine, M|\n|poke|p1|Cloyster, F|\n|poke|p2|Walking Wake|\n|poke|p2|Torkoal, F|\n|poke|p2|Mamoswine, F|\n|poke|p2|Klefki, F|\n|poke|p2|Spiritomb, M|\n|poke|p2|Slither Wing|\n|teampreview\n|\n|t:|1698541131\n|start\n|switch|p1a: Frosmoth|Frosmoth, F|100\/100\n|switch|p2a: Klefki|Klefki, F|100\/100\n|turn|1\n|\n|t:|1698541151\n|-terastallize|p1a: Frosmoth|Water\n|move|p2a: Klefki|Thunder Wave|p1a: Frosmoth\n|-status|p1a: Frosmoth|par\n|move|p1a: Frosmoth|Quiver Dance|p1a: Frosmoth\n|-boost|p1a: Frosmoth|spa|1\n|-boost|p1a: Frosmoth|spd|1\n|-boost|p1a: Frosmoth|spe|1\n|\n|upkeep\n|turn|2\n|\n|t:|1698541162\n|move|p2a: Klefki|Draining Kiss|p1a: Frosmoth\n|-damage|p1a: Frosmoth|93\/100 par\n|move|p1a: Frosmoth|Quiver Dance|p1a: Frosmoth\n|-boost|p1a: Frosmoth|spa|1\n|-boost|p1a: Frosmoth|spd|1\n|-boost|p1a: Frosmoth|spe|1\n|\n|-heal|p1a: Frosmoth|99\/100 par|[from] item: Leftovers\n|upkeep\n|turn|3\n|\n|t:|1698541171\n|switch|p2a: Mamoswine|Mamoswine, F|100\/100\n|move|p1a: Frosmoth|Quiver Dance|p1a: Frosmoth\n|-boost|p1a: Frosmoth|spa|1\n|-boost|p1a: Frosmoth|spd|1\n|-boost|p1a: Frosmoth|spe|1\n|\n|-heal|p1a: Frosmoth|100\/100 par|[from] item: Leftovers\n|upkeep\n|turn|4\n|\n|t:|1698541188\n|move|p1a: Frosmoth|Tera Blast|p2a: Mamoswine|[anim] Tera Blast Water\n|-supereffective|p2a: Mamoswine\n|-damage|p2a: Mamoswine|0 fnt\n|faint|p2a: Mamoswine\n|\n|upkeep\n|\n|t:|1698541193\n|switch|p2a: Klefki|Klefki, F|100\/100\n|turn|5\n|\n|t:|1698541197\n|cant|p1a: Frosmoth|par\n|move|p2a: Klefki|Draining Kiss|p1a: Frosmoth\n|-damage|p1a: Frosmoth|96\/100 par\n|\n|-heal|p1a: Frosmoth|100\/100 par|[from] item: Leftovers\n|upkeep\n|turn|6\n|c|\u2606Demigodfletch|Gg lol\n|\n|t:|1698541210\n|move|p2a: Klefki|Spikes|p1a: Frosmoth\n|-sidestart|p1: GS Wendigo|Spikes\n|move|p1a: Frosmoth|Quiver Dance|p1a: Frosmoth\n|-boost|p1a: Frosmoth|spa|1\n|-boost|p1a: Frosmoth|spd|1\n|-boost|p1a: Frosmoth|spe|1\n|\n|upkeep\n|turn|7\n|\n|t:|1698541219\n|switch|p2a: Spiritomb|Spiritomb, M|100\/100\n|move|p1a: Frosmoth|Quiver Dance|p1a: Frosmoth\n|-boost|p1a: Frosmoth|spa|1\n|-boost|p1a: Frosmoth|spd|1\n|-boost|p1a: Frosmoth|spe|1\n|\n|upkeep\n|turn|8\n|\n|t:|1698541228\n|cant|p1a: Frosmoth|par\n|move|p2a: Spiritomb|Calm Mind|p2a: Spiritomb\n|-boost|p2a: Spiritomb|spa|1\n|-boost|p2a: Spiritomb|spd|1\n|\n|upkeep\n|turn|9\n|\n|t:|1698541234\n|move|p1a: Frosmoth|Ice Beam|p2a: Spiritomb\n|-crit|p2a: Spiritomb\n|-damage|p2a: Spiritomb|0 fnt\n|faint|p2a: Spiritomb\n|\n|upkeep\n|\n|t:|1698541240\n|switch|p2a: Slither Wing|Slither Wing|100\/100\n|turn|10\n|c|\u2606GS Wendigo|Sorry for crit\n|\n|t:|1698541248\n|cant|p1a: Frosmoth|par\n|move|p2a: Slither Wing|Wild Charge|p1a: Frosmoth\n|-supereffective|p1a: Frosmoth\n|-damage|p1a: Frosmoth|0 fnt\n|faint|p1a: Frosmoth\n|-damage|p2a: Slither Wing|78\/100|[from] Recoil\n|-damage|p2a: Slither Wing|68\/100|[from] item: Life Orb\n|\n|upkeep\n|\n|t:|1698541259\n|switch|p1a: Arcanine|Arcanine, M|100\/100\n|-damage|p1a: Arcanine|88\/100|[from] Spikes\n|-ability|p1a: Arcanine|Intimidate|boost\n|-unboost|p2a: Slither Wing|atk|1\n|turn|11\n|j| GS StuDogg101\n|\n|t:|1698541288\n|move|p2a: Slither Wing|U-turn|p1a: Arcanine\n|-resisted|p1a: Arcanine\n|-damage|p1a: Arcanine|75\/100\n|-damage|p2a: Slither Wing|52\/100|[from] item: Rocky Helmet|[of] p1a: Arcanine\n|-damage|p2a: Slither Wing|42\/100|[from] item: Life Orb\n|\n|t:|1698541293\n|-end|p2a: Slither Wing|Protosynthesis|[silent]\n|switch|p2a: Torkoal|Torkoal, F|100\/100|[from] U-turn\n|-weather|SunnyDay|[from] ability: Drought|[of] p2a: Torkoal\n|move|p1a: Arcanine|Flare Blitz|p2a: Torkoal\n|-resisted|p2a: Torkoal\n|-damage|p2a: Torkoal|72\/100\n|-damage|p1a: Arcanine|68\/100|[from] Recoil\n|\n|-weather|SunnyDay|[upkeep]\n|upkeep\n|turn|12\n|\n|t:|1698541307\n|switch|p1a: Ninetales|Ninetales-Alola, M|100\/100\n|-damage|p1a: Ninetales|88\/100|[from] Spikes\n|-weather|Snow|[from] ability: Snow Warning|[of] p1a: Ninetales\n|move|p2a: Torkoal|Rock Slide|p1a: Ninetales\n|-supereffective|p1a: Ninetales\n|-damage|p1a: Ninetales|57\/100\n|\n|-weather|Snow|[upkeep]\n|upkeep\n|turn|13\n|\n|t:|1698541317\n|move|p1a: Ninetales|Aurora Veil|p1a: Ninetales\n|-sidestart|p1: GS Wendigo|move: Aurora Veil\n|move|p2a: Torkoal|Flame Charge|p1a: Ninetales\n|-supereffective|p1a: Ninetales\n|-damage|p1a: Ninetales|39\/100\n|-boost|p2a: Torkoal|spe|1\n|\n|-weather|Snow|[upkeep]\n|upkeep\n|turn|14\n|\n|t:|1698541329\n|switch|p1a: Cloyster|Cloyster, F|100\/100\n|-damage|p1a: Cloyster|88\/100|[from] Spikes\n|move|p2a: Torkoal|Stealth Rock|p1a: Cloyster\n|-sidestart|p1: GS Wendigo|move: Stealth Rock\n|\n|-weather|Snow|[upkeep]\n|upkeep\n|turn|15\n|\n|t:|1698541339\n|switch|p2a: Klefki|Klefki, F|100\/100\n|move|p1a: Cloyster|Shell Smash|p1a: Cloyster\n|-unboost|p1a: Cloyster|def|1\n|-unboost|p1a: Cloyster|spd|1\n|-boost|p1a: Cloyster|atk|2\n|-boost|p1a: Cloyster|spa|2\n|-boost|p1a: Cloyster|spe|2\n|\n|-weather|Snow|[upkeep]\n|upkeep\n|turn|16\n|\n|t:|1698541356\n|move|p2a: Klefki|Thunder Wave|p1a: Cloyster\n|-status|p1a: Cloyster|par\n|move|p1a: Cloyster|Icicle Spear|p2a: Klefki\n|-resisted|p2a: Klefki\n|-damage|p2a: Klefki|87\/100\n|-resisted|p2a: Klefki\n|-damage|p2a: Klefki|75\/100\n|-resisted|p2a: Klefki\n|-damage|p2a: Klefki|64\/100\n|-resisted|p2a: Klefki\n|-damage|p2a: Klefki|52\/100\n|-resisted|p2a: Klefki\n|-damage|p2a: Klefki|39\/100\n|-hitcount|p2a: Klefki|5\n|\n|-weather|none\n|-heal|p2a: Klefki|45\/100|[from] item: Leftovers\n|upkeep\n|turn|17\n|\n|t:|1698541373\n|cant|p1a: Cloyster|par\n|move|p2a: Klefki|Draining Kiss|p1a: Cloyster\n|-damage|p1a: Cloyster|43\/100 par\n|-heal|p2a: Klefki|71\/100|[from] drain|[of] p1a: Cloyster\n|\n|-heal|p2a: Klefki|77\/100|[from] item: Leftovers\n|upkeep\n|turn|18\n|\n|t:|1698541394\n|switch|p1a: Arcanine|Arcanine, M|68\/100\n|-damage|p1a: Arcanine|56\/100|[from] Spikes\n|-damage|p1a: Arcanine|31\/100|[from] Stealth Rock\n|-ability|p1a: Arcanine|Intimidate|boost\n|-unboost|p2a: Klefki|atk|1\n|move|p2a: Klefki|Draining Kiss|p1a: Arcanine\n|-resisted|p1a: Arcanine\n|-damage|p1a: Arcanine|25\/100\n|-heal|p2a: Klefki|82\/100|[from] drain|[of] p1a: Arcanine\n|-damage|p2a: Klefki|65\/100|[from] item: Rocky Helmet|[of] p1a: Arcanine\n|\n|-heal|p2a: Klefki|71\/100|[from] item: Leftovers\n|upkeep\n|turn|19\n|\n|t:|1698541409\n|switch|p1a: Flutter Mane|Flutter Mane|100\/100\n|-damage|p1a: Flutter Mane|88\/100|[from] Spikes\n|-damage|p1a: Flutter Mane|76\/100|[from] Stealth Rock\n|switch|p2a: Slither Wing|Slither Wing|42\/100\n|\n|upkeep\n|turn|20\n|\n|t:|1698541430\n|move|p1a: Flutter Mane|Moonblast|p2a: Slither Wing\n|-supereffective|p2a: Slither Wing\n|-damage|p2a: Slither Wing|0 fnt\n|faint|p2a: Slither Wing\n|-end|p2a: Slither Wing|Protosynthesis|[silent]\n|\n|-sideend|p1: GS Wendigo|move: Aurora Veil\n|upkeep\n|\n|t:|1698541437\n|switch|p2a: Torkoal|Torkoal, F|72\/100\n|-weather|SunnyDay|[from] ability: Drought|[of] p2a: Torkoal\n|-activate|p1a: Flutter Mane|ability: Protosynthesis\n|-start|p1a: Flutter Mane|protosynthesisspe\n|turn|21\n|\n|t:|1698541452\n|move|p1a: Flutter Mane|Moonblast|p2a: Torkoal\n|-resisted|p2a: Torkoal\n|-damage|p2a: Torkoal|12\/100\n|move|p2a: Torkoal|Rock Slide|p1a: Flutter Mane\n|-damage|p1a: Flutter Mane|31\/100\n|\n|-weather|SunnyDay|[upkeep]\n|upkeep\n|turn|22\n|\n|t:|1698541461\n|move|p1a: Flutter Mane|Moonblast|p2a: Torkoal\n|-resisted|p2a: Torkoal\n|-damage|p2a: Torkoal|0 fnt\n|faint|p2a: Torkoal\n|\n|-weather|SunnyDay|[upkeep]\n|upkeep\n|\n|t:|1698541468\n|switch|p2a: Walking Wake|Walking Wake|100\/100\n|-activate|p2a: Walking Wake|ability: Protosynthesis\n|-start|p2a: Walking Wake|protosynthesisspa\n|turn|23\n|\n|t:|1698541477\n|move|p1a: Flutter Mane|Moonblast|p2a: Walking Wake\n|-supereffective|p2a: Walking Wake\n|-damage|p2a: Walking Wake|0 fnt\n|faint|p2a: Walking Wake\n|-end|p2a: Walking Wake|Protosynthesis|[silent]\n|\n|-weather|SunnyDay|[upkeep]\n|upkeep\n|\n|t:|1698541484\n|switch|p2a: Klefki|Klefki, F|71\/100\n|turn|24\n|\n|t:|1698541489\n|move|p1a: Flutter Mane|Moonblast|p2a: Klefki\n|-resisted|p2a: Klefki\n|-damage|p2a: Klefki|23\/100\n|move|p2a: Klefki|Draining Kiss|p1a: Flutter Mane\n|-damage|p1a: Flutter Mane|8\/100\n|-heal|p2a: Klefki|36\/100|[from] drain|[of] p1a: Flutter Mane\n|\n|-weather|SunnyDay|[upkeep]\n|-heal|p2a: Klefki|42\/100|[from] item: Leftovers\n|upkeep\n|turn|25\n|\n|t:|1698541499\n|move|p1a: Flutter Mane|Moonblast|p2a: Klefki\n|-resisted|p2a: Klefki\n|-damage|p2a: Klefki|0 fnt\n|faint|p2a: Klefki\n|\n|win|GS Wendigo\n","uploadtime":1698541506,"views":16,"p1id":"gswendigo","p2id":"demigodfletch","formatid":"gen9ubers","rating":0,"private":0,"password":""}