{"id":"gen9ubers-1973832320","p1":"phibble","p2":"Blake-Mamba","format":"[Gen 9] Ubers","log":"|j|\u2606phibble\n|j|\u2606Blake-Mamba\n|t:|1698018403\n|gametype|singles\n|player|p1|phibble|swimmerf|1300\n|player|p2|Blake-Mamba|juan|1202\n|teamsize|p1|6\n|teamsize|p2|6\n|gen|9\n|tier|[Gen 9] Ubers\n|rated|\n|rule|Sleep Clause Mod: Limit one foe put to sleep\n|rule|Species Clause: Limit one of each Pok\u00e9mon\n|rule|OHKO Clause: OHKO moves are banned\n|rule|Evasion Items Clause: Evasion items are banned\n|rule|Evasion Moves Clause: Evasion moves are banned\n|rule|Endless Battle Clause: Forcing endless battles is banned\n|rule|HP Percentage Mod: HP is shown in percentages\n|clearpoke\n|poke|p1|Zacian-*|\n|poke|p1|Giratina-Origin|\n|poke|p1|Kyogre|\n|poke|p1|Arceus-Ground|\n|poke|p1|Koraidon|\n|poke|p1|Chi-Yu|\n|poke|p2|Ogerpon-Hearthflame, F|\n|poke|p2|Vikavolt, F|\n|poke|p2|Kommo-o, M|\n|poke|p2|Ursaluna-Bloodmoon, M|\n|poke|p2|Yanmega, F|\n|poke|p2|Chandelure, M|\n|teampreview\n|inactive|Battle timer is ON: inactive players will automatically lose when time's up. (requested by Blake-Mamba)\n|c|\u2606Blake-Mamba|Glhf\n|\n|t:|1698018436\n|start\n|switch|p1a: Kyogre|Kyogre|100\/100\n|switch|p2a: Vikavolt|Vikavolt, F|100\/100\n|-weather|RainDance|[from] ability: Drizzle|[of] p1a: Kyogre\n|turn|1\n|\n|t:|1698018444\n|-terastallize|p1a: Kyogre|Water\n|move|p1a: Kyogre|Water Spout|p2a: Vikavolt\n|-damage|p2a: Vikavolt|0 fnt\n|faint|p2a: Vikavolt\n|\n|-weather|RainDance|[upkeep]\n|upkeep\n|\n|t:|1698018452\n|switch|p2a: Kommo-o|Kommo-o, M|100\/100\n|turn|2\n|\n|t:|1698018461\n|switch|p1a: Giratina|Giratina-Origin|100\/100\n|move|p2a: Kommo-o|Drain Punch|p1a: Giratina\n|-immune|p1a: Giratina\n|\n|-weather|RainDance|[upkeep]\n|upkeep\n|turn|3\n|\n|t:|1698018469\n|move|p1a: Giratina|Thunder Wave|p2a: Kommo-o|[miss]\n|-miss|p1a: Giratina|p2a: Kommo-o\n|move|p2a: Kommo-o|Clangorous Soul|p2a: Kommo-o\n|-boost|p2a: Kommo-o|atk|1\n|-boost|p2a: Kommo-o|def|1\n|-boost|p2a: Kommo-o|spa|1\n|-boost|p2a: Kommo-o|spd|1\n|-boost|p2a: Kommo-o|spe|1\n|-damage|p2a: Kommo-o|68\/100\n|\n|-weather|RainDance|[upkeep]\n|-heal|p2a: Kommo-o|74\/100|[from] item: Leftovers\n|upkeep\n|turn|4\n|\n|t:|1698018482\n|move|p2a: Kommo-o|Outrage|p1a: Giratina\n|-supereffective|p1a: Giratina\n|-damage|p1a: Giratina|0 fnt\n|faint|p1a: Giratina\n|\n|-weather|RainDance|[upkeep]\n|-heal|p2a: Kommo-o|80\/100|[from] item: Leftovers\n|upkeep\n|\n|t:|1698018484\n|switch|p1a: Zacian|Zacian-Crowned|100\/100\n|-ability|p1a: Zacian|Intrepid Sword|boost\n|-boost|p1a: Zacian|atk|1\n|turn|5\n|\n|t:|1698018493\n|move|p1a: Zacian|Play Rough|p2a: Kommo-o\n|-supereffective|p2a: Kommo-o\n|-damage|p2a: Kommo-o|0 fnt\n|faint|p2a: Kommo-o\n|\n|-weather|none\n|upkeep\n|\n|t:|1698018500\n|switch|p2a: Ogerpon|Ogerpon-Hearthflame, F|100\/100\n|-ability|p2a: Ogerpon|Mold Breaker\n|turn|6\n|\n|t:|1698018514\n|switch|p1a: Chi-Yu|Chi-Yu|100\/100\n|-ability|p1a: Chi-Yu|Beads of Ruin\n|move|p2a: Ogerpon|Trailblaze|p1a: Chi-Yu\n|-resisted|p1a: Chi-Yu\n|-damage|p1a: Chi-Yu|75\/100\n|-boost|p2a: Ogerpon|spe|1\n|\n|upkeep\n|turn|7\n|\n|t:|1698018526\n|-terastallize|p2a: Ogerpon|Fire\n|detailschange|p2a: Ogerpon|Ogerpon-Hearthflame-Tera, F, tera:Fire\n|-ability|p2a: Ogerpon|Embody Aspect (Hearthflame)|boost\n|-boost|p2a: Ogerpon|atk|1\n|move|p2a: Ogerpon|Ivy Cudgel|p1a: Chi-Yu\n|-resisted|p1a: Chi-Yu\n|-crit|p1a: Chi-Yu\n|-damage|p1a: Chi-Yu|0 fnt\n|faint|p1a: Chi-Yu\n|\n|upkeep\n|\n|t:|1698018540\n|switch|p1a: Koraidon|Koraidon|100\/100\n|-weather|SunnyDay|[from] ability: Orichalcum Pulse|[of] p1a: Koraidon\n|-activate|p1a: Koraidon|Orichalcum Pulse|[source]\n|turn|8\n|\n|t:|1698018547\n|move|p2a: Ogerpon|Play Rough|p1a: Koraidon\n|-supereffective|p1a: Koraidon\n|-damage|p1a: Koraidon|0 fnt\n|faint|p1a: Koraidon\n|\n|-weather|SunnyDay|[upkeep]\n|upkeep\n|\n|t:|1698018554\n|switch|p1a: Kyogre|Kyogre, tera:Water|100\/100\n|-weather|RainDance|[from] ability: Drizzle|[of] p1a: Kyogre\n|turn|9\n|\n|t:|1698018566\n|switch|p1a: Zacian|Zacian-Crowned|100\/100\n|move|p2a: Ogerpon|Horn Leech|p1a: Zacian\n|-resisted|p1a: Zacian\n|-damage|p1a: Zacian|65\/100\n|\n|-weather|RainDance|[upkeep]\n|upkeep\n|turn|10\n|\n|t:|1698018579\n|move|p2a: Ogerpon|Ivy Cudgel|p1a: Zacian\n|-supereffective|p1a: Zacian\n|-damage|p1a: Zacian|0 fnt\n|faint|p1a: Zacian\n|\n|-weather|RainDance|[upkeep]\n|upkeep\n|\n|t:|1698018584\n|switch|p1a: Arceus|Arceus-Ground|100\/100\n|turn|11\n|\n|t:|1698018590\n|move|p2a: Ogerpon|Horn Leech|p1a: Arceus\n|-supereffective|p1a: Arceus\n|-damage|p1a: Arceus|0 fnt\n|faint|p1a: Arceus\n|\n|-weather|RainDance|[upkeep]\n|upkeep\n|-message|phibble forfeited.\n|\n|win|Blake-Mamba\n|raw|phibble's rating: 1300 &rarr; <strong>1268<\/strong><br \/>(-32 for losing)\n|raw|Blake-Mamba's rating: 1202 &rarr; <strong>1234<\/strong><br \/>(+32 for winning)\n|l|\u2606phibble\n|c|\u2606Blake-Mamba|Gg\n","uploadtime":1698018602,"views":10,"p1id":"phibble","p2id":"blakemamba","formatid":"gen9ubers","rating":1234,"private":0,"password":""}