{"id":"gen9ubers-1977516727","p1":"FT Morgan","p2":"Kyekep","format":"[Gen 9] Ubers","log":"|j|\u2606FT Morgan\n|j|\u2606Kyekep\n|t:|1698423737\n|gametype|singles\n|player|p1|FT Morgan|lass|1329\n|player|p2|Kyekep|unknown|1356\n|teamsize|p1|6\n|teamsize|p2|6\n|gen|9\n|tier|[Gen 9] Ubers\n|rated|\n|rule|Sleep Clause Mod: Limit one foe put to sleep\n|rule|Species Clause: Limit one of each Pok\u00e9mon\n|rule|OHKO Clause: OHKO moves are banned\n|rule|Evasion Items Clause: Evasion items are banned\n|rule|Evasion Moves Clause: Evasion moves are banned\n|rule|Endless Battle Clause: Forcing endless battles is banned\n|rule|HP Percentage Mod: HP is shown in percentages\n|clearpoke\n|poke|p1|Roaring Moon|\n|poke|p1|Skeledirge, M|\n|poke|p1|Ting-Lu|\n|poke|p1|Landorus-Therian, M|\n|poke|p1|Azumarill, F|\n|poke|p1|Iron Valiant|\n|poke|p2|Ogerpon-Hearthflame, F|\n|poke|p2|Great Tusk|\n|poke|p2|Miraidon|\n|poke|p2|Groudon|\n|poke|p2|Calyrex-Ice|\n|poke|p2|Flutter Mane|\n|teampreview\n|inactive|Battle timer is ON: inactive players will automatically lose when time's up. (requested by Kyekep)\n|\n|t:|1698423752\n|start\n|switch|p1a: Azumarill|Azumarill, F|100\/100\n|switch|p2a: Miraidon|Miraidon|100\/100\n|-fieldstart|move: Electric Terrain|[from] ability: Hadron Engine|[of] p2a: Miraidon\n|turn|1\n|\n|t:|1698423757\n|switch|p2a: Ogerpon|Ogerpon-Hearthflame, F|100\/100\n|-ability|p2a: Ogerpon|Mold Breaker\n|switch|p1a: Ting-Lu|Ting-Lu|100\/100\n|-ability|p1a: Ting-Lu|Vessel of Ruin\n|\n|upkeep\n|turn|2\n|\n|t:|1698423770\n|switch|p1a: Roaring Moon|Roaring Moon|100\/100\n|-enditem|p1a: Roaring Moon|Booster Energy\n|-activate|p1a: Roaring Moon|ability: Protosynthesis|[fromitem]\n|-start|p1a: Roaring Moon|protosynthesisatk\n|move|p2a: Ogerpon|Ivy Cudgel|p1a: Roaring Moon\n|-resisted|p1a: Roaring Moon\n|-damage|p1a: Roaring Moon|61\/100\n|\n|upkeep\n|turn|3\n|j| Itsmeheats\n|\n|t:|1698423780\n|-terastallize|p1a: Roaring Moon|Flying\n|move|p2a: Ogerpon|Play Rough|p1a: Roaring Moon\n|-damage|p1a: Roaring Moon|13\/100\n|move|p1a: Roaring Moon|Dragon Dance|p1a: Roaring Moon\n|-boost|p1a: Roaring Moon|atk|1\n|-boost|p1a: Roaring Moon|spe|1\n|\n|upkeep\n|turn|4\n|inactive|Kyekep has 120 seconds left.\n|\n|t:|1698423810\n|switch|p2a: Groudon|Groudon|100\/100\n|-weather|SunnyDay|[from] ability: Drought|[of] p2a: Groudon\n|move|p1a: Roaring Moon|Acrobatics|p2a: Groudon\n|-damage|p2a: Groudon|28\/100\n|\n|-weather|SunnyDay|[upkeep]\n|-heal|p2a: Groudon|34\/100|[from] item: Leftovers\n|upkeep\n|turn|5\n|\n|t:|1698423817\n|move|p1a: Roaring Moon|Acrobatics|p2a: Groudon\n|-damage|p2a: Groudon|0 fnt\n|faint|p2a: Groudon\n|\n|-weather|SunnyDay|[upkeep]\n|-fieldend|move: Electric Terrain\n|upkeep\n|\n|t:|1698423818\n|switch|p2a: Flutter Mane|Flutter Mane|100\/100\n|-activate|p2a: Flutter Mane|ability: Protosynthesis\n|-start|p2a: Flutter Mane|protosynthesisspe\n|turn|6\n|\n|t:|1698423823\n|move|p2a: Flutter Mane|Moonblast|p1a: Roaring Moon\n|-damage|p1a: Roaring Moon|0 fnt\n|faint|p1a: Roaring Moon\n|-end|p1a: Roaring Moon|Protosynthesis|[silent]\n|-damage|p2a: Flutter Mane|91\/100|[from] item: Life Orb\n|\n|-weather|SunnyDay|[upkeep]\n|upkeep\n|\n|t:|1698423826\n|switch|p1a: Azumarill|Azumarill, F|100\/100\n|turn|7\n|\n|t:|1698423831\n|-end|p2a: Flutter Mane|Protosynthesis|[silent]\n|switch|p2a: Ogerpon|Ogerpon-Hearthflame, F|100\/100\n|-ability|p2a: Ogerpon|Mold Breaker\n|move|p1a: Azumarill|Play Rough|p2a: Ogerpon|[miss]\n|-miss|p1a: Azumarill|p2a: Ogerpon\n|\n|-weather|SunnyDay|[upkeep]\n|upkeep\n|turn|8\n|\n|t:|1698423836\n|switch|p1a: Skeledirge|Skeledirge, M|100\/100\n|move|p2a: Ogerpon|Power Whip|p1a: Skeledirge\n|-resisted|p1a: Skeledirge\n|-damage|p1a: Skeledirge|79\/100\n|\n|-weather|none\n|upkeep\n|turn|9\n|\n|t:|1698423842\n|move|p2a: Ogerpon|Power Whip|p1a: Skeledirge\n|-resisted|p1a: Skeledirge\n|-damage|p1a: Skeledirge|58\/100\n|move|p1a: Skeledirge|Torch Song|p2a: Ogerpon\n|-damage|p2a: Ogerpon|68\/100\n|-boost|p1a: Skeledirge|spa|1\n|\n|upkeep\n|turn|10\n|\n|t:|1698423852\n|move|p2a: Ogerpon|Power Whip|p1a: Skeledirge\n|-resisted|p1a: Skeledirge\n|-damage|p1a: Skeledirge|36\/100\n|move|p1a: Skeledirge|Torch Song|p2a: Ogerpon\n|-damage|p2a: Ogerpon|15\/100\n|-boost|p1a: Skeledirge|spa|1\n|\n|upkeep\n|turn|11\n|\n|t:|1698423855\n|move|p2a: Ogerpon|Power Whip|p1a: Skeledirge\n|-resisted|p1a: Skeledirge\n|-damage|p1a: Skeledirge|13\/100\n|move|p1a: Skeledirge|Slack Off|p1a: Skeledirge\n|-heal|p1a: Skeledirge|63\/100\n|\n|upkeep\n|turn|12\n|\n|t:|1698423858\n|move|p2a: Ogerpon|Power Whip|p1a: Skeledirge\n|-resisted|p1a: Skeledirge\n|-damage|p1a: Skeledirge|42\/100\n|move|p1a: Skeledirge|Slack Off|p1a: Skeledirge\n|-heal|p1a: Skeledirge|92\/100\n|\n|upkeep\n|turn|13\n|\n|t:|1698423864\n|move|p2a: Ogerpon|Power Whip|p1a: Skeledirge\n|-resisted|p1a: Skeledirge\n|-damage|p1a: Skeledirge|72\/100\n|move|p1a: Skeledirge|Torch Song|p2a: Ogerpon\n|-damage|p2a: Ogerpon|0 fnt\n|-boost|p1a: Skeledirge|spa|1\n|faint|p2a: Ogerpon\n|\n|upkeep\n|\n|t:|1698423868\n|switch|p2a: Flutter Mane|Flutter Mane|91\/100\n|turn|14\n|\n|t:|1698423872\n|switch|p1a: Azumarill|Azumarill, F|100\/100\n|move|p2a: Flutter Mane|Shadow Ball|p1a: Azumarill\n|-damage|p1a: Azumarill|60\/100\n|-damage|p2a: Flutter Mane|81\/100|[from] item: Life Orb\n|\n|upkeep\n|turn|15\n|\n|t:|1698423876\n|move|p2a: Flutter Mane|Thunderbolt|p1a: Azumarill\n|-supereffective|p1a: Azumarill\n|-damage|p1a: Azumarill|2\/100\n|-damage|p2a: Flutter Mane|71\/100|[from] item: Life Orb\n|move|p1a: Azumarill|Play Rough|p2a: Flutter Mane\n|-damage|p2a: Flutter Mane|0 fnt\n|faint|p2a: Flutter Mane\n|-end|p2a: Flutter Mane|Protosynthesis|[silent]\n|\n|upkeep\n|-message|Kyekep forfeited.\n|\n|win|FT Morgan\n|raw|FT Morgan's rating: 1329 &rarr; <strong>1351<\/strong><br \/>(+22 for winning)\n|raw|Kyekep's rating: 1356 &rarr; <strong>1334<\/strong><br \/>(-22 for losing)\n|l|\u2606Kyekep\n","uploadtime":1698423915,"views":14,"p1id":"ftmorgan","p2id":"kyekep","formatid":"gen9ubers","rating":1334,"private":0,"password":""}