{"id":"gen9ubers-1980611685","p1":"Tifa bubble","p2":"WARIOROFLIBERATION","format":"[Gen 9] Ubers","log":"|j|\u2606Tifa bubble\n|j|\u2606WARIOROFLIBERATION\n|t:|1698803162\n|gametype|singles\n|player|p1|Tifa bubble|2|1208\n|player|p2|WARIOROFLIBERATION|red-gen2|1336\n|teamsize|p1|6\n|teamsize|p2|6\n|gen|9\n|tier|[Gen 9] Ubers\n|rated|\n|rule|Sleep Clause Mod: Limit one foe put to sleep\n|rule|Species Clause: Limit one of each Pok\u00e9mon\n|rule|OHKO Clause: OHKO moves are banned\n|rule|Evasion Items Clause: Evasion items are banned\n|rule|Evasion Moves Clause: Evasion moves are banned\n|rule|Endless Battle Clause: Forcing endless battles is banned\n|rule|HP Percentage Mod: HP is shown in percentages\n|clearpoke\n|poke|p1|Miraidon|\n|poke|p1|Shaymin-Sky|\n|poke|p1|Mewtwo|\n|poke|p1|Arceus-Psychic|\n|poke|p1|Ribombee, F|\n|poke|p1|Zamazenta-*|\n|poke|p2|Ursaluna, M|\n|poke|p2|Calyrex-Ice|\n|poke|p2|Magearna|\n|poke|p2|Basculegion, M|\n|poke|p2|Hatterene, F|\n|poke|p2|Dialga-Origin|\n|teampreview\n|inactive|Battle timer is ON: inactive players will automatically lose when time's up. (requested by Tifa bubble)\n|inactive|WARIOROFLIBERATION has 120 seconds left.\n|\n|t:|1698803218\n|start\n|switch|p1a: Ribombee|Ribombee, F|100\/100\n|switch|p2a: BAJRANGAAAAA GUN\ud83d\udd2b|Hatterene, F|100\/100\n|turn|1\n|\n|t:|1698803235\n|move|p1a: Ribombee|Quiver Dance|p1a: Ribombee\n|-boost|p1a: Ribombee|spa|1\n|-boost|p1a: Ribombee|spd|1\n|-boost|p1a: Ribombee|spe|1\n|move|p2a: BAJRANGAAAAA GUN\ud83d\udd2b|Mystical Fire|p1a: Ribombee\n|-supereffective|p1a: Ribombee\n|-damage|p1a: Ribombee|48\/100\n|\n|upkeep\n|turn|2\n|\n|t:|1698803251\n|move|p1a: Ribombee|Moonblast|p2a: BAJRANGAAAAA GUN\ud83d\udd2b\n|-damage|p2a: BAJRANGAAAAA GUN\ud83d\udd2b|66\/100\n|move|p2a: BAJRANGAAAAA GUN\ud83d\udd2b|Trick Room|p2a: BAJRANGAAAAA GUN\ud83d\udd2b\n|-fieldstart|move: Trick Room|[of] p2a: BAJRANGAAAAA GUN\ud83d\udd2b\n|\n|upkeep\n|turn|3\n|inactive|WARIOROFLIBERATION has 120 seconds left.\n|inactive|WARIOROFLIBERATION has 90 seconds left.\n|\n|t:|1698803321\n|move|p2a: BAJRANGAAAAA GUN\ud83d\udd2b|Healing Wish|p2a: BAJRANGAAAAA GUN\ud83d\udd2b\n|faint|p2a: BAJRANGAAAAA GUN\ud83d\udd2b\n|move|p1a: Ribombee|Moonblast|p2: BAJRANGAAAAA GUN\ud83d\udd2b|[notarget]\n|-fail|p1a: Ribombee\n|\n|upkeep\n|\n|t:|1698803334\n|switch|p2a: BAJRANGAAAA GUN\ud83d\udd2b|Basculegion, M, shiny|100\/100\n|turn|4\n|\n|t:|1698803358\n|move|p2a: BAJRANGAAAA GUN\ud83d\udd2b|Last Respects|p1a: Ribombee\n|-damage|p1a: Ribombee|0 fnt\n|faint|p1a: Ribombee\n|\n|upkeep\n|\n|t:|1698803370\n|switch|p1a: Zamazenta|Zamazenta-Crowned|100\/100\n|-ability|p1a: Zamazenta|Dauntless Shield|boost\n|-boost|p1a: Zamazenta|def|1\n|turn|5\n|inactive|WARIOROFLIBERATION has 90 seconds left.\n|\n|t:|1698803394\n|-terastallize|p2a: BAJRANGAAAA GUN\ud83d\udd2b|Ghost\n|move|p2a: BAJRANGAAAA GUN\ud83d\udd2b|Last Respects|p1a: Zamazenta\n|-damage|p1a: Zamazenta|45\/100\n|move|p1a: Zamazenta|Iron Defense|p1a: Zamazenta\n|-boost|p1a: Zamazenta|def|2\n|\n|upkeep\n|turn|6\n|inactive|WARIOROFLIBERATION has 90 seconds left.\n|inactive|Tifa bubble has 120 seconds left.\n|inactive|Tifa bubble has 90 seconds left.\n|\n|t:|1698803445\n|move|p2a: BAJRANGAAAA GUN\ud83d\udd2b|Last Respects|p1a: Zamazenta\n|-damage|p1a: Zamazenta|12\/100\n|move|p1a: Zamazenta|Iron Defense|p1a: Zamazenta\n|-boost|p1a: Zamazenta|def|2\n|\n|-fieldend|move: Trick Room\n|upkeep\n|turn|7\n|\n|t:|1698803453\n|move|p1a: Zamazenta|Rest|p1a: Zamazenta\n|-status|p1a: Zamazenta|slp|[from] move: Rest\n|-heal|p1a: Zamazenta|100\/100 slp|[silent]\n|move|p2a: BAJRANGAAAA GUN\ud83d\udd2b|Last Respects|p1a: Zamazenta\n|-damage|p1a: Zamazenta|77\/100 slp\n|\n|upkeep\n|turn|8\n|inactive|Tifa bubble has 90 seconds left.\n|\n|t:|1698803471\n|cant|p1a: Zamazenta|slp\n|move|p2a: BAJRANGAAAA GUN\ud83d\udd2b|Last Respects|p1a: Zamazenta\n|-damage|p1a: Zamazenta|54\/100 slp\n|\n|upkeep\n|turn|9\n|\n|t:|1698803478\n|cant|p1a: Zamazenta|slp\n|move|p1a: Zamazenta|Sleep Talk|p1a: Zamazenta\n|move|p1a: Zamazenta|Iron Defense|p1a: Zamazenta|[from]move: Sleep Talk\n|-boost|p1a: Zamazenta|def|1\n|move|p2a: BAJRANGAAAA GUN\ud83d\udd2b|Last Respects|p1a: Zamazenta\n|-damage|p1a: Zamazenta|36\/100 slp\n|\n|upkeep\n|turn|10\n|\n|t:|1698803496\n|switch|p2a: BAJRANGAAA GUN\ud83d\udd2b|Magearna|100\/100\n|-curestatus|p1a: Zamazenta|slp|[msg]\n|move|p1a: Zamazenta|Iron Defense|p1a: Zamazenta\n|-boost|p1a: Zamazenta|def|0\n|\n|upkeep\n|turn|11\n|\n|t:|1698803503\n|switch|p2a: BAJRANGAAAA GUN\ud83d\udd2b|Basculegion, M, shiny, tera:Ghost|100\/100\n|move|p1a: Zamazenta|Body Press|p2a: BAJRANGAAAA GUN\ud83d\udd2b\n|-immune|p2a: BAJRANGAAAA GUN\ud83d\udd2b\n|\n|upkeep\n|turn|12\n|\n|t:|1698803513\n|move|p1a: Zamazenta|Iron Defense|p1a: Zamazenta\n|-boost|p1a: Zamazenta|def|0\n|move|p2a: BAJRANGAAAA GUN\ud83d\udd2b|Last Respects|p1a: Zamazenta\n|-damage|p1a: Zamazenta|16\/100\n|\n|upkeep\n|turn|13\n|inactive|WARIOROFLIBERATION has 120 seconds left.\n|\n|t:|1698803520\n|switch|p2a: BAJRANGAAA GUN\ud83d\udd2b|Magearna|100\/100\n|move|p1a: Zamazenta|Rest|p1a: Zamazenta\n|-status|p1a: Zamazenta|slp|[from] move: Rest\n|-heal|p1a: Zamazenta|100\/100 slp|[silent]\n|\n|upkeep\n|turn|14\n|inactive|Tifa bubble has 120 seconds left.\n|\n|t:|1698803527\n|cant|p1a: Zamazenta|slp\n|move|p1a: Zamazenta|Sleep Talk|p1a: Zamazenta\n|move|p1a: Zamazenta|Rest||[from]move: Sleep Talk|[still]\n|-fail|p1a: Zamazenta\n|move|p2a: BAJRANGAAA GUN\ud83d\udd2b|Trick Room|p2a: BAJRANGAAA GUN\ud83d\udd2b\n|-fieldstart|move: Trick Room|[of] p2a: BAJRANGAAA GUN\ud83d\udd2b\n|\n|upkeep\n|turn|15\n|inactive|WARIOROFLIBERATION has 120 seconds left.\n|\n|t:|1698803550\n|move|p2a: BAJRANGAAA GUN\ud83d\udd2b|Aura Sphere|p1a: Zamazenta\n|-supereffective|p1a: Zamazenta\n|-damage|p1a: Zamazenta|71\/100 slp\n|cant|p1a: Zamazenta|slp\n|move|p1a: Zamazenta|Sleep Talk|p1a: Zamazenta\n|move|p1a: Zamazenta|Rest||[from]move: Sleep Talk|[still]\n|-fail|p1a: Zamazenta\n|\n|upkeep\n|turn|16\n|inactive|WARIOROFLIBERATION has 120 seconds left.\n|\n|t:|1698803561\n|switch|p2a: BAJRANGAAAA GUN\ud83d\udd2b|Basculegion, M, shiny, tera:Ghost|100\/100\n|-curestatus|p1a: Zamazenta|slp|[msg]\n|move|p1a: Zamazenta|Body Press|p2a: BAJRANGAAAA GUN\ud83d\udd2b\n|-immune|p2a: BAJRANGAAAA GUN\ud83d\udd2b\n|\n|upkeep\n|turn|17\n|\n|t:|1698803569\n|move|p2a: BAJRANGAAAA GUN\ud83d\udd2b|Last Respects|p1a: Zamazenta\n|-damage|p1a: Zamazenta|50\/100\n|move|p1a: Zamazenta|Iron Defense|p1a: Zamazenta\n|-boost|p1a: Zamazenta|def|0\n|\n|upkeep\n|turn|18\n|\n|t:|1698803578\n|move|p2a: BAJRANGAAAA GUN\ud83d\udd2b|Last Respects|p1a: Zamazenta\n|-crit|p1a: Zamazenta\n|-damage|p1a: Zamazenta|0 fnt\n|faint|p1a: Zamazenta\n|\n|-fieldend|move: Trick Room\n|upkeep\n|\n|t:|1698803586\n|switch|p1a: Miraidon|Miraidon|100\/100\n|-fieldstart|move: Electric Terrain|[from] ability: Hadron Engine|[of] p1a: Miraidon\n|turn|19\n|\n|t:|1698803607\n|switch|p2a: BAJRANGA GUN\ud83d\udd2b|Ursaluna, M, shiny|100\/100\n|move|p1a: Miraidon|Draco Meteor|p2a: BAJRANGA GUN\ud83d\udd2b\n|-damage|p2a: BAJRANGA GUN\ud83d\udd2b|0 fnt\n|-unboost|p1a: Miraidon|spa|2\n|faint|p2a: BAJRANGA GUN\ud83d\udd2b\n|\n|upkeep\n|\n|t:|1698803618\n|switch|p2a: BAJRANGA GUNN\ud83d\udd2b|Dialga-Origin, shiny|100\/100\n|-ability|p2a: BAJRANGA GUNN\ud83d\udd2b|Pressure\n|turn|20\n|\n|t:|1698803625\n|switch|p1a: Mewtwo|Mewtwo|100\/100\n|-ability|p1a: Mewtwo|Pressure\n|move|p2a: BAJRANGA GUNN\ud83d\udd2b|Trick Room|p2a: BAJRANGA GUNN\ud83d\udd2b\n|-fieldstart|move: Trick Room|[of] p2a: BAJRANGA GUNN\ud83d\udd2b\n|\n|upkeep\n|turn|21\n|\n|t:|1698803632\n|move|p2a: BAJRANGA GUNN\ud83d\udd2b|Stealth Rock|p1a: Mewtwo\n|-sidestart|p1: Tifa bubble|move: Stealth Rock\n|move|p1a: Mewtwo|Taunt|p2a: BAJRANGA GUNN\ud83d\udd2b\n|-start|p2a: BAJRANGA GUNN\ud83d\udd2b|move: Taunt\n|\n|upkeep\n|turn|22\n|\n|t:|1698803650\n|move|p2a: BAJRANGA GUNN\ud83d\udd2b|Steel Beam|p1a: Mewtwo\n|-damage|p1a: Mewtwo|9\/100\n|-damage|p2a: BAJRANGA GUNN\ud83d\udd2b|50\/100|[from] steelbeam\n|move|p1a: Mewtwo|Will-O-Wisp|p2a: BAJRANGA GUNN\ud83d\udd2b\n|-status|p2a: BAJRANGA GUNN\ud83d\udd2b|brn\n|\n|-heal|p1a: Mewtwo|16\/100|[from] item: Leftovers\n|-damage|p2a: BAJRANGA GUNN\ud83d\udd2b|44\/100 brn|[from] brn\n|upkeep\n|turn|23\n|\n|t:|1698803664\n|move|p2a: BAJRANGA GUNN\ud83d\udd2b|Steel Beam|p1a: Mewtwo\n|-damage|p1a: Mewtwo|0 fnt\n|-damage|p2a: BAJRANGA GUNN\ud83d\udd2b|0 fnt|[from] steelbeam\n|faint|p2a: BAJRANGA GUNN\ud83d\udd2b\n|faint|p1a: Mewtwo\n|\n|-fieldend|move: Electric Terrain\n|upkeep\n|\n|t:|1698803675\n|switch|p2a: BAJRANGAA GUN\ud83d\udd2b|Calyrex-Ice|100\/100\n|switch|p1a: Arceus|Arceus-Psychic|100\/100\n|-ability|p2a: BAJRANGAA GUN\ud83d\udd2b|As One\n|-ability|p2a: BAJRANGAA GUN\ud83d\udd2b|Unnerve\n|-damage|p1a: Arceus|88\/100|[from] Stealth Rock\n|turn|24\n|\n|t:|1698803687\n|switch|p2a: BAJRANGAAAA GUN\ud83d\udd2b|Basculegion, M, shiny, tera:Ghost|100\/100\n|move|p1a: Arceus|Cosmic Power|p1a: Arceus\n|-boost|p1a: Arceus|def|1\n|-boost|p1a: Arceus|spd|1\n|\n|-fieldend|move: Trick Room\n|upkeep\n|turn|25\n|\n|t:|1698803698\n|-terastallize|p1a: Arceus|Poison\n|move|p1a: Arceus|Cosmic Power|p1a: Arceus\n|-boost|p1a: Arceus|def|1\n|-boost|p1a: Arceus|spd|1\n|move|p2a: BAJRANGAAAA GUN\ud83d\udd2b|Last Respects|p1a: Arceus\n|-damage|p1a: Arceus|25\/100\n|\n|upkeep\n|turn|26\n|\n|t:|1698803711\n|move|p1a: Arceus|Stored Power|p2a: BAJRANGAAAA GUN\ud83d\udd2b\n|-damage|p2a: BAJRANGAAAA GUN\ud83d\udd2b|56\/100\n|move|p2a: BAJRANGAAAA GUN\ud83d\udd2b|Last Respects|p1a: Arceus\n|-damage|p1a: Arceus|0 fnt\n|faint|p1a: Arceus\n|\n|upkeep\n|\n|t:|1698803719\n|switch|p1a: Miraidon|Miraidon|100\/100\n|-damage|p1a: Miraidon|88\/100|[from] Stealth Rock\n|-fieldstart|move: Electric Terrain|[from] ability: Hadron Engine|[of] p1a: Miraidon\n|turn|27\n|\n|t:|1698803732\n|move|p1a: Miraidon|Electro Drift|p2a: BAJRANGAAAA GUN\ud83d\udd2b\n|-damage|p2a: BAJRANGAAAA GUN\ud83d\udd2b|0 fnt\n|faint|p2a: BAJRANGAAAA GUN\ud83d\udd2b\n|\n|upkeep\n|inactive|WARIOROFLIBERATION has 120 seconds left.\n|\n|t:|1698803765\n|switch|p2a: BAJRANGAA GUN\ud83d\udd2b|Calyrex-Ice|100\/100\n|-ability|p2a: BAJRANGAA GUN\ud83d\udd2b|As One\n|-ability|p2a: BAJRANGAA GUN\ud83d\udd2b|Unnerve\n|turn|28\n|\n|t:|1698803776\n|move|p1a: Miraidon|Electro Drift|p2a: BAJRANGAA GUN\ud83d\udd2b\n|-damage|p2a: BAJRANGAA GUN\ud83d\udd2b|6\/100\n|move|p2a: BAJRANGAA GUN\ud83d\udd2b|Trick Room|p2a: BAJRANGAA GUN\ud83d\udd2b\n|-fieldstart|move: Trick Room|[of] p2a: BAJRANGAA GUN\ud83d\udd2b\n|\n|upkeep\n|turn|29\n|inactive|WARIOROFLIBERATION has 120 seconds left.\n|\n|t:|1698803813\n|move|p2a: BAJRANGAA GUN\ud83d\udd2b|Glacial Lance|p1a: Miraidon\n|-supereffective|p1a: Miraidon\n|-damage|p1a: Miraidon|0 fnt\n|faint|p1a: Miraidon\n|-ability|p2a: BAJRANGAA GUN\ud83d\udd2b|Chilling Neigh|boost\n|-boost|p2a: BAJRANGAA GUN\ud83d\udd2b|atk|1\n|-damage|p2a: BAJRANGAA GUN\ud83d\udd2b|0 fnt|[from] item: Life Orb\n|faint|p2a: BAJRANGAA GUN\ud83d\udd2b\n|\n|upkeep\n|\n|t:|1698803823\n|switch|p2a: BAJRANGAAA GUN\ud83d\udd2b|Magearna|100\/100\n|switch|p1a: Shaymin|Shaymin-Sky|100\/100\n|-damage|p1a: Shaymin|76\/100|[from] Stealth Rock\n|turn|30\n|\n|t:|1698803843\n|move|p2a: BAJRANGAAA GUN\ud83d\udd2b|Aura Sphere|p1a: Shaymin\n|-resisted|p1a: Shaymin\n|-damage|p1a: Shaymin|60\/100\n|move|p1a: Shaymin|Earth Power|p2a: BAJRANGAAA GUN\ud83d\udd2b\n|-supereffective|p2a: BAJRANGAAA GUN\ud83d\udd2b\n|-crit|p2a: BAJRANGAAA GUN\ud83d\udd2b\n|-damage|p2a: BAJRANGAAA GUN\ud83d\udd2b|29\/100\n|-unboost|p2a: BAJRANGAAA GUN\ud83d\udd2b|spd|1\n|\n|upkeep\n|turn|31\n|\n|t:|1698803854\n|move|p2a: BAJRANGAAA GUN\ud83d\udd2b|Steel Beam|p1a: Shaymin|[miss]\n|-miss|p2a: BAJRANGAAA GUN\ud83d\udd2b|p1a: Shaymin\n|-damage|p2a: BAJRANGAAA GUN\ud83d\udd2b|0 fnt|[from] steelbeam\n|faint|p2a: BAJRANGAAA GUN\ud83d\udd2b\n|\n|win|Tifa bubble\n|raw|Tifa bubble's rating: 1208 &rarr; <strong>1242<\/strong><br \/>(+34 for winning)\n|raw|WARIOROFLIBERATION's rating: 1336 &rarr; <strong>1309<\/strong><br \/>(-27 for losing)\n|l|\u2606Tifa bubble\n","uploadtime":1698803883,"views":7,"p1id":"tifabubble","p2id":"wariorofliberation","formatid":"gen9ubers","rating":1242,"private":0,"password":""}