{"id":"gen9ubers-1978501544","p1":"Blackoutz0","p2":"Gaara1","format":"[Gen 9] Ubers","log":"|j|\u2606Blackoutz0\n|j|\u2606Gaara1\n|t:|1698547269\n|gametype|singles\n|player|p1|Blackoutz0|red|1184\n|player|p2|Gaara1|blue|1164\n|teamsize|p1|6\n|teamsize|p2|6\n|gen|9\n|tier|[Gen 9] Ubers\n|rated|\n|rule|Sleep Clause Mod: Limit one foe put to sleep\n|rule|Species Clause: Limit one of each Pok\u00e9mon\n|rule|OHKO Clause: OHKO moves are banned\n|rule|Evasion Items Clause: Evasion items are banned\n|rule|Evasion Moves Clause: Evasion moves are banned\n|rule|Endless Battle Clause: Forcing endless battles is banned\n|rule|HP Percentage Mod: HP is shown in percentages\n|clearpoke\n|poke|p1|Garchomp, M|\n|poke|p1|Zacian-*|\n|poke|p1|Miraidon|\n|poke|p1|Arceus|\n|poke|p1|Urshifu-*, F|\n|poke|p1|Ceruledge, M|\n|poke|p2|Glimmora, M|\n|poke|p2|Koraidon|\n|poke|p2|Zacian-*|\n|poke|p2|Garchomp, M|\n|poke|p2|Pelipper, M|\n|poke|p2|Basculegion, M|\n|teampreview\n|inactive|Battle timer is ON: inactive players will automatically lose when time's up. (requested by Gaara1)\n|\n|t:|1698547284\n|start\n|switch|p1a: Ceruledge|Ceruledge, M|100\/100\n|switch|p2a: Glimmora|Glimmora, M, shiny|100\/100\n|turn|1\n|-activate|p1a: Ceruledge|item: Quick Claw\n|\n|t:|1698547290\n|move|p1a: Ceruledge|Bulk Up|p1a: Ceruledge\n|-boost|p1a: Ceruledge|atk|1\n|-boost|p1a: Ceruledge|def|1\n|move|p2a: Glimmora|Stealth Rock|p1a: Ceruledge\n|-sidestart|p1: Blackoutz0|move: Stealth Rock\n|\n|upkeep\n|turn|2\n|\n|t:|1698547297\n|move|p2a: Glimmora|Mortal Spin|p1a: Ceruledge\n|-resisted|p1a: Ceruledge\n|-damage|p1a: Ceruledge|98\/100\n|-status|p1a: Ceruledge|psn\n|-ability|p1a: Ceruledge|Weak Armor|boost\n|-unboost|p1a: Ceruledge|def|1\n|-boost|p1a: Ceruledge|spe|2\n|move|p1a: Ceruledge|Bulk Up|p1a: Ceruledge\n|-boost|p1a: Ceruledge|atk|1\n|-boost|p1a: Ceruledge|def|1\n|\n|-damage|p1a: Ceruledge|85\/100 psn|[from] psn\n|upkeep\n|turn|3\n|\n|t:|1698547314\n|move|p1a: Ceruledge|Bitter Blade|p2a: Glimmora\n|-resisted|p2a: Glimmora\n|-damage|p2a: Glimmora|43\/100\n|-heal|p1a: Ceruledge|100\/100 psn|[from] drain|[of] p2a: Glimmora\n|-activate|p2a: Glimmora|ability: Toxic Debris\n|-sidestart|p1: Blackoutz0|move: Toxic Spikes\n|move|p2a: Glimmora|Earth Power|p1a: Ceruledge\n|-supereffective|p1a: Ceruledge\n|-damage|p1a: Ceruledge|28\/100 psn\n|\n|-damage|p1a: Ceruledge|16\/100 psn|[from] psn\n|upkeep\n|turn|4\n|-activate|p1a: Ceruledge|item: Quick Claw\n|\n|t:|1698547327\n|move|p1a: Ceruledge|Bitter Blade|p2a: Glimmora\n|-resisted|p2a: Glimmora\n|-damage|p2a: Glimmora|0 fnt\n|-heal|p1a: Ceruledge|38\/100 psn|[from] drain|[of] p2a: Glimmora\n|-activate|p2a: Glimmora|ability: Toxic Debris\n|-sidestart|p1: Blackoutz0|move: Toxic Spikes\n|faint|p2a: Glimmora\n|\n|-damage|p1a: Ceruledge|26\/100 psn|[from] psn\n|upkeep\n|\n|t:|1698547336\n|switch|p2a: Garchomp|Garchomp, M, shiny|100\/100\n|turn|5\n|\n|t:|1698547341\n|move|p1a: Ceruledge|Bitter Blade|p2a: Garchomp\n|-resisted|p2a: Garchomp\n|-damage|p2a: Garchomp|57\/100\n|-heal|p1a: Ceruledge|53\/100 psn|[from] drain|[of] p2a: Garchomp\n|-damage|p1a: Ceruledge|40\/100 psn|[from] ability: Rough Skin|[of] p2a: Garchomp\n|-damage|p1a: Ceruledge|24\/100 psn|[from] item: Rocky Helmet|[of] p2a: Garchomp\n|move|p2a: Garchomp|Spikes|p1a: Ceruledge\n|-sidestart|p1: Blackoutz0|Spikes\n|\n|-damage|p1a: Ceruledge|11\/100 psn|[from] psn\n|upkeep\n|turn|6\n|\n|t:|1698547357\n|-terastallize|p1a: Ceruledge|Fire\n|move|p1a: Ceruledge|Bitter Blade|p2a: Garchomp\n|-resisted|p2a: Garchomp\n|-damage|p2a: Garchomp|0 fnt\n|-heal|p1a: Ceruledge|46\/100 psn|[from] drain|[of] p2a: Garchomp\n|-damage|p1a: Ceruledge|34\/100 psn|[from] ability: Rough Skin|[of] p2a: Garchomp\n|-damage|p1a: Ceruledge|17\/100 psn|[from] item: Rocky Helmet|[of] p2a: Garchomp\n|faint|p2a: Garchomp\n|\n|-damage|p1a: Ceruledge|5\/100 psn|[from] psn\n|upkeep\n|\n|t:|1698547369\n|switch|p2a: Overused Legend|Koraidon|100\/100\n|-weather|SunnyDay|[from] ability: Orichalcum Pulse|[of] p2a: Overused Legend\n|-activate|p2a: Overused Legend|Orichalcum Pulse|[source]\n|turn|7\n|\n|t:|1698547374\n|move|p1a: Ceruledge|Bitter Blade|p2a: Overused Legend\n|-resisted|p2a: Overused Legend\n|-damage|p2a: Overused Legend|24\/100\n|-heal|p1a: Ceruledge|57\/100 psn|[from] drain|[of] p2a: Overused Legend\n|move|p2a: Overused Legend|Flame Charge|p1a: Ceruledge\n|-resisted|p1a: Ceruledge\n|-damage|p1a: Ceruledge|40\/100 psn\n|-boost|p2a: Overused Legend|spe|1\n|-ability|p1a: Ceruledge|Weak Armor|boost\n|-unboost|p1a: Ceruledge|def|1\n|-boost|p1a: Ceruledge|spe|2\n|\n|-weather|SunnyDay|[upkeep]\n|-heal|p2a: Overused Legend|30\/100|[from] item: Leftovers\n|-damage|p1a: Ceruledge|27\/100 psn|[from] psn\n|upkeep\n|turn|8\n|-activate|p1a: Ceruledge|item: Quick Claw\n|\n|t:|1698547389\n|move|p1a: Ceruledge|Bitter Blade|p2a: Overused Legend\n|-resisted|p2a: Overused Legend\n|-damage|p2a: Overused Legend|0 fnt\n|-heal|p1a: Ceruledge|48\/100 psn|[from] drain|[of] p2a: Overused Legend\n|faint|p2a: Overused Legend\n|\n|-weather|SunnyDay|[upkeep]\n|-damage|p1a: Ceruledge|35\/100 psn|[from] psn\n|upkeep\n|\n|t:|1698547397\n|switch|p2a: Zacian|Zacian-Crowned, shiny|100\/100\n|-ability|p2a: Zacian|Intrepid Sword|boost\n|-boost|p2a: Zacian|atk|1\n|turn|9\n|\n|t:|1698547402\n|move|p1a: Ceruledge|Bitter Blade|p2a: Zacian\n|-supereffective|p2a: Zacian\n|-damage|p2a: Zacian|0 fnt\n|-heal|p1a: Ceruledge|91\/100 psn|[from] drain|[of] p2a: Zacian\n|faint|p2a: Zacian\n|\n|-weather|SunnyDay|[upkeep]\n|-damage|p1a: Ceruledge|79\/100 psn|[from] psn\n|upkeep\n|c|\u2606Gaara1|gg\n|\n|t:|1698547414\n|switch|p2a: Pelipper|Pelipper, M, shiny|100\/100\n|-weather|RainDance|[from] ability: Drizzle|[of] p2a: Pelipper\n|turn|10\n|-activate|p1a: Ceruledge|item: Quick Claw\n|\n|t:|1698547420\n|move|p1a: Ceruledge|Shadow Claw|p2a: Pelipper\n|-damage|p2a: Pelipper|0 fnt\n|faint|p2a: Pelipper\n|\n|-weather|RainDance|[upkeep]\n|-damage|p1a: Ceruledge|67\/100 psn|[from] psn\n|upkeep\n|\n|t:|1698547428\n|switch|p2a: Last Respects|Basculegion, M, shiny|100\/100\n|turn|11\n|\n|t:|1698547431\n|move|p2a: Last Respects|Aqua Jet|p1a: Ceruledge\n|-supereffective|p1a: Ceruledge\n|-damage|p1a: Ceruledge|0 fnt\n|faint|p1a: Ceruledge\n|\n|-weather|RainDance|[upkeep]\n|upkeep\n|\n|t:|1698547436\n|switch|p1a: Miraidon|Miraidon|100\/100\n|-damage|p1a: Miraidon|88\/100|[from] Stealth Rock\n|-fieldstart|move: Electric Terrain|[from] ability: Hadron Engine|[of] p1a: Miraidon\n|-item|p1a: Miraidon|Air Balloon\n|turn|12\n|\n|t:|1698547444\n|-terastallize|p2a: Last Respects|Dragon\n|move|p2a: Last Respects|Last Respects|p1a: Miraidon\n|-damage|p1a: Miraidon|0 fnt\n|-enditem|p1a: Miraidon|Air Balloon\n|faint|p1a: Miraidon\n|\n|-weather|RainDance|[upkeep]\n|upkeep\n|\n|t:|1698547453\n|switch|p1a: Arceus|Arceus|100\/100\n|-damage|p1a: Arceus|88\/100|[from] Stealth Rock\n|-status|p1a: Arceus|tox\n|-damage|p1a: Arceus|76\/100 tox|[from] Spikes\n|turn|13\n|\n|t:|1698547459\n|move|p2a: Last Respects|Wave Crash|p1a: Arceus\n|-damage|p1a: Arceus|9\/100 tox\n|-damage|p2a: Last Respects|78\/100|[from] Recoil\n|move|p1a: Arceus|Shadow Claw|p2a: Last Respects\n|-damage|p2a: Last Respects|47\/100\n|\n|-weather|RainDance|[upkeep]\n|-damage|p1a: Arceus|3\/100 tox|[from] psn\n|upkeep\n|turn|14\n|\n|t:|1698547468\n|move|p2a: Last Respects|Aqua Jet|p1a: Arceus\n|-damage|p1a: Arceus|0 fnt\n|faint|p1a: Arceus\n|\n|-weather|RainDance|[upkeep]\n|upkeep\n|\n|t:|1698547476\n|switch|p1a: Zacian|Zacian-Crowned|100\/100\n|-damage|p1a: Zacian|94\/100|[from] Stealth Rock\n|-damage|p1a: Zacian|82\/100|[from] Spikes\n|-ability|p1a: Zacian|Intrepid Sword|boost\n|-boost|p1a: Zacian|atk|1\n|turn|15\n|\n|t:|1698547487\n|move|p2a: Last Respects|Last Respects|p1a: Zacian\n|-damage|p1a: Zacian|0 fnt\n|faint|p1a: Zacian\n|\n|-weather|RainDance|[upkeep]\n|upkeep\n|\n|t:|1698547496\n|switch|p1a: Urshifu|Urshifu-Rapid-Strike, F|100\/100\n|-damage|p1a: Urshifu|94\/100|[from] Stealth Rock\n|-status|p1a: Urshifu|tox\n|-damage|p1a: Urshifu|82\/100 tox|[from] Spikes\n|turn|16\n|\n|t:|1698547506\n|move|p2a: Last Respects|Last Respects|p1a: Urshifu\n|-damage|p1a: Urshifu|0 fnt\n|faint|p1a: Urshifu\n|\n|-weather|RainDance|[upkeep]\n|-fieldend|move: Electric Terrain\n|upkeep\n|\n|t:|1698547512\n|switch|p1a: Garchomp|Garchomp, M|100\/100\n|-damage|p1a: Garchomp|94\/100|[from] Stealth Rock\n|-status|p1a: Garchomp|tox\n|-damage|p1a: Garchomp|82\/100 tox|[from] Spikes\n|turn|17\n|\n|t:|1698547521\n|move|p2a: Last Respects|Last Respects|p1a: Garchomp\n|-damage|p1a: Garchomp|0 fnt\n|faint|p1a: Garchomp\n|\n|win|Gaara1\n|raw|Blackoutz0's rating: 1184 &rarr; <strong>1158<\/strong><br \/>(-26 for losing)\n|raw|Gaara1's rating: 1164 &rarr; <strong>1190<\/strong><br \/>(+26 for winning)\n|c|\u2606Gaara1|yes, that was a cheap trick\n|l|\u2606Gaara1\n","uploadtime":1698547657,"views":17,"p1id":"blackoutz0","p2id":"gaara1","formatid":"gen9ubers","rating":1158,"private":0,"password":""}