{"id":"gen9ubers-1986217019","p1":"NoLifeLudas","p2":"Jrmoore896","format":"[Gen 9] Ubers","log":"|j|\u2606NoLifeLudas\n|j|\u2606Jrmoore896\n|t:|1699460662\n|gametype|singles\n|player|p1|NoLifeLudas|blue-masters|1210\n|player|p2|Jrmoore896|lucas-gen4pt|1293\n|teamsize|p1|6\n|teamsize|p2|6\n|gen|9\n|tier|[Gen 9] Ubers\n|rated|\n|rule|Sleep Clause Mod: Limit one foe put to sleep\n|rule|Species Clause: Limit one of each Pok\u00e9mon\n|rule|OHKO Clause: OHKO moves are banned\n|rule|Evasion Items Clause: Evasion items are banned\n|rule|Evasion Moves Clause: Evasion moves are banned\n|rule|Endless Battle Clause: Forcing endless battles is banned\n|rule|HP Percentage Mod: HP is shown in percentages\n|clearpoke\n|poke|p1|Kyogre|\n|poke|p1|Tyranitar, M|\n|poke|p1|Kingambit, M|\n|poke|p1|Landorus, M|\n|poke|p1|Mimikyu, M|\n|poke|p1|Arcanine-Hisui, F|\n|poke|p2|Ninetales-Alola, M|\n|poke|p2|Baxcalibur, M|\n|poke|p2|Mienshao, M|\n|poke|p2|Chandelure, M|\n|poke|p2|Cinderace, M|\n|poke|p2|Clefable, M|\n|teampreview\n|inactive|Battle timer is ON: inactive players will automatically lose when time's up. (requested by Jrmoore896)\n|\n|t:|1699460704\n|start\n|switch|p1a: Rain|Kyogre|100\/100\n|switch|p2a: Mienshao|Mienshao, M|100\/100\n|-weather|RainDance|[from] ability: Drizzle|[of] p1a: Rain\n|turn|1\n|\n|t:|1699460712\n|move|p2a: Mienshao|Knock Off|p1a: Rain\n|-damage|p1a: Rain|66\/100\n|-enditem|p1a: Rain|Leftovers|[from] move: Knock Off|[of] p2a: Mienshao\n|move|p1a: Rain|Thunder|p2a: Mienshao\n|-damage|p2a: Mienshao|15\/100\n|-status|p2a: Mienshao|par\n|\n|-weather|RainDance|[upkeep]\n|upkeep\n|turn|2\n|\n|t:|1699460722\n|move|p2a: Mienshao|Knock Off|p1a: Rain\n|-damage|p1a: Rain|44\/100\n|move|p1a: Rain|Origin Pulse|p2a: Mienshao\n|-damage|p2a: Mienshao|0 fnt\n|faint|p2a: Mienshao\n|\n|-weather|RainDance|[upkeep]\n|upkeep\n|\n|t:|1699460737\n|switch|p2a: Ninetales|Ninetales-Alola, M|100\/100\n|-weather|Snow|[from] ability: Snow Warning|[of] p2a: Ninetales\n|turn|3\n|\n|t:|1699460747\n|switch|p2a: Baxcalibur|Baxcalibur, M, shiny|100\/100\n|switch|p1a: Tremor|Tyranitar, M|100\/100\n|-weather|Sandstorm|[from] ability: Sand Stream|[of] p1a: Tremor\n|\n|-weather|Sandstorm|[upkeep]\n|-damage|p2a: Baxcalibur|94\/100|[from] Sandstorm\n|upkeep\n|turn|4\n|\n|t:|1699460760\n|-terastallize|p2a: Baxcalibur|Fairy\n|move|p2a: Baxcalibur|Swords Dance|p2a: Baxcalibur\n|-boost|p2a: Baxcalibur|atk|2\n|move|p1a: Tremor|Rock Blast|p2a: Baxcalibur\n|-damage|p2a: Baxcalibur|84\/100\n|-damage|p2a: Baxcalibur|71\/100\n|-damage|p2a: Baxcalibur|60\/100\n|-damage|p2a: Baxcalibur|49\/100\n|-damage|p2a: Baxcalibur|38\/100\n|-hitcount|p2a: Baxcalibur|5\n|\n|-weather|Sandstorm|[upkeep]\n|-damage|p2a: Baxcalibur|32\/100|[from] Sandstorm\n|upkeep\n|turn|5\n|\n|t:|1699460776\n|move|p2a: Baxcalibur|Scale Shot|p1a: Tremor\n|-damage|p1a: Tremor|79\/100\n|-damage|p1a: Tremor|57\/100\n|-damage|p1a: Tremor|35\/100\n|-damage|p1a: Tremor|15\/100\n|-damage|p1a: Tremor|0 fnt\n|faint|p1a: Tremor\n|-hitcount|p1: Tremor|5\n|-unboost|p2a: Baxcalibur|def|1\n|-boost|p2a: Baxcalibur|spe|1\n|\n|-weather|Sandstorm|[upkeep]\n|-damage|p2a: Baxcalibur|25\/100|[from] Sandstorm\n|upkeep\n|inactive|NoLifeLudas has 120 seconds left.\n|\n|t:|1699460803\n|switch|p1a: Landorus|Landorus, M|100\/100\n|turn|6\n|\n|t:|1699460822\n|move|p2a: Baxcalibur|Scale Shot|p1a: Landorus\n|-damage|p1a: Landorus|68\/100\n|-damage|p1a: Landorus|37\/100\n|-damage|p1a: Landorus|4\/100\n|-damage|p1a: Landorus|0 fnt\n|faint|p1a: Landorus\n|-hitcount|p1: Landorus|4\n|-unboost|p2a: Baxcalibur|def|1\n|-boost|p2a: Baxcalibur|spe|1\n|\n|-weather|Sandstorm|[upkeep]\n|-damage|p2a: Baxcalibur|19\/100|[from] Sandstorm\n|upkeep\n|\n|t:|1699460826\n|switch|p1a: Kingambit|Kingambit, M|100\/100\n|-activate|p1a: Kingambit|ability: Supreme Overlord\n|-start|p1a: Kingambit|fallen2|[silent]\n|turn|7\n|\n|t:|1699460839\n|switch|p2a: Cinderace|Cinderace, M|100\/100\n|move|p1a: Kingambit|Sucker Punch||[still]\n|-fail|p1a: Kingambit\n|\n|-weather|none\n|upkeep\n|turn|8\n|\n|t:|1699460850\n|-end|p1a: Kingambit|fallen2|[silent]\n|switch|p1a: Rain|Kyogre|44\/100\n|-weather|RainDance|[from] ability: Drizzle|[of] p1a: Rain\n|move|p2a: Cinderace|Will-O-Wisp|p1a: Rain\n|-status|p1a: Rain|brn\n|\n|-weather|RainDance|[upkeep]\n|-damage|p1a: Rain|38\/100 brn|[from] brn\n|upkeep\n|turn|9\n|\n|t:|1699460862\n|move|p2a: Cinderace|U-turn|p1a: Rain\n|-start|p2a: Cinderace|typechange|Bug|[from] ability: Libero\n|-damage|p1a: Rain|14\/100 brn\n|\n|t:|1699460868\n|switch|p2a: Ninetales|Ninetales-Alola, M|100\/100|[from] U-turn\n|-weather|Snow|[from] ability: Snow Warning|[of] p2a: Ninetales\n|move|p1a: Rain|Origin Pulse|p2a: Ninetales\n|-damage|p2a: Ninetales|32\/100\n|\n|-weather|Snow|[upkeep]\n|-damage|p1a: Rain|7\/100 brn|[from] brn\n|upkeep\n|turn|10\n|\n|t:|1699460880\n|move|p2a: Ninetales|Aurora Veil|p2a: Ninetales\n|-sidestart|p2: Jrmoore896|move: Aurora Veil\n|move|p1a: Rain|Origin Pulse|p2a: Ninetales|[miss]\n|-miss|p1a: Rain|p2a: Ninetales\n|\n|-weather|Snow|[upkeep]\n|-damage|p1a: Rain|1\/100 brn|[from] brn\n|upkeep\n|turn|11\n|\n|t:|1699460890\n|move|p2a: Ninetales|Freeze-Dry|p1a: Rain\n|-supereffective|p1a: Rain\n|-damage|p1a: Rain|0 fnt\n|faint|p1a: Rain\n|\n|-weather|Snow|[upkeep]\n|upkeep\n|\n|t:|1699460897\n|switch|p1a: Mimikyu|Mimikyu, M|100\/100\n|turn|12\n|\n|t:|1699460908\n|move|p2a: Ninetales|Freeze-Dry|p1a: Mimikyu\n|-activate|p1a: Mimikyu|ability: Disguise\n|-damage|p1a: Mimikyu|100\/100\n|detailschange|p1a: Mimikyu|Mimikyu-Busted, M\n|-damage|p1a: Mimikyu|88\/100|[from] pokemon: Mimikyu-Busted\n|move|p1a: Mimikyu|Swords Dance|p1a: Mimikyu\n|-boost|p1a: Mimikyu|atk|2\n|\n|-weather|Snow|[upkeep]\n|upkeep\n|turn|13\n|\n|t:|1699460922\n|move|p2a: Ninetales|Encore|p1a: Mimikyu\n|-start|p1a: Mimikyu|Encore\n|move|p1a: Mimikyu|Swords Dance|p1a: Mimikyu\n|-boost|p1a: Mimikyu|atk|2\n|\n|-weather|none\n|upkeep\n|turn|14\n|\n|t:|1699460931\n|switch|p2a: Chandelure|Chandelure, M|100\/100\n|switch|p1a: Arcanine|Arcanine-Hisui, F|100\/100\n|\n|upkeep\n|turn|15\n|\n|t:|1699460946\n|move|p2a: Chandelure|Shadow Ball|p1a: Arcanine\n|-damage|p1a: Arcanine|61\/100\n|move|p1a: Arcanine|Head Smash|p2a: Chandelure\n|-supereffective|p2a: Chandelure\n|-damage|p2a: Chandelure|0 fnt\n|faint|p2a: Chandelure\n|\n|upkeep\n|\n|t:|1699460956\n|switch|p2a: Clefable|Clefable, M|100\/100\n|turn|16\n|\n|t:|1699460969\n|move|p1a: Arcanine|Flare Blitz|p2a: Clefable\n|-damage|p2a: Clefable|73\/100\n|move|p2a: Clefable|Cosmic Power|p2a: Clefable\n|-boost|p2a: Clefable|def|1\n|-boost|p2a: Clefable|spd|1\n|\n|-heal|p2a: Clefable|79\/100|[from] item: Leftovers\n|upkeep\n|turn|17\n|\n|t:|1699460979\n|move|p1a: Arcanine|Head Smash|p2a: Clefable\n|-damage|p2a: Clefable|57\/100\n|move|p2a: Clefable|Cosmic Power|p2a: Clefable\n|-boost|p2a: Clefable|def|1\n|-boost|p2a: Clefable|spd|1\n|\n|-heal|p2a: Clefable|63\/100|[from] item: Leftovers\n|-sideend|p2: Jrmoore896|move: Aurora Veil\n|upkeep\n|turn|18\n|\n|t:|1699460988\n|move|p1a: Arcanine|Flare Blitz|p2a: Clefable\n|-damage|p2a: Clefable|38\/100\n|move|p2a: Clefable|Cosmic Power|p2a: Clefable\n|-boost|p2a: Clefable|def|1\n|-boost|p2a: Clefable|spd|1\n|\n|-heal|p2a: Clefable|44\/100|[from] item: Leftovers\n|upkeep\n|turn|19\n|\n|t:|1699460997\n|move|p1a: Arcanine|Flare Blitz|p2a: Clefable\n|-damage|p2a: Clefable|22\/100\n|move|p2a: Clefable|Cosmic Power|p2a: Clefable\n|-boost|p2a: Clefable|def|1\n|-boost|p2a: Clefable|spd|1\n|\n|-heal|p2a: Clefable|28\/100|[from] item: Leftovers\n|upkeep\n|turn|20\n|\n|t:|1699461007\n|move|p1a: Arcanine|Flare Blitz|p2a: Clefable\n|-damage|p2a: Clefable|11\/100\n|move|p2a: Clefable|Rest|p2a: Clefable\n|-status|p2a: Clefable|slp|[from] move: Rest\n|-heal|p2a: Clefable|100\/100 slp|[silent]\n|\n|upkeep\n|turn|21\n|\n|t:|1699461017\n|switch|p1a: Kingambit|Kingambit, M|100\/100\n|-activate|p1a: Kingambit|ability: Supreme Overlord\n|-start|p1a: Kingambit|fallen3|[silent]\n|cant|p2a: Clefable|slp\n|\n|upkeep\n|turn|22\n|\n|t:|1699461026\n|cant|p2a: Clefable|slp\n|move|p1a: Kingambit|Iron Head|p2a: Clefable\n|-supereffective|p2a: Clefable\n|-damage|p2a: Clefable|67\/100 slp\n|\n|-heal|p2a: Clefable|73\/100 slp|[from] item: Leftovers\n|upkeep\n|turn|23\n|\n|t:|1699461034\n|-curestatus|p2a: Clefable|slp|[msg]\n|move|p2a: Clefable|Cosmic Power|p2a: Clefable\n|-boost|p2a: Clefable|def|1\n|-boost|p2a: Clefable|spd|1\n|move|p1a: Kingambit|Iron Head|p2a: Clefable\n|-supereffective|p2a: Clefable\n|-damage|p2a: Clefable|44\/100\n|\n|-heal|p2a: Clefable|50\/100|[from] item: Leftovers\n|upkeep\n|turn|24\n|\n|t:|1699461045\n|move|p2a: Clefable|Cosmic Power|p2a: Clefable\n|-boost|p2a: Clefable|def|1\n|-boost|p2a: Clefable|spd|1\n|move|p1a: Kingambit|Iron Head|p2a: Clefable\n|-supereffective|p2a: Clefable\n|-damage|p2a: Clefable|23\/100\n|\n|-heal|p2a: Clefable|29\/100|[from] item: Leftovers\n|upkeep\n|turn|25\n|\n|t:|1699461055\n|move|p2a: Clefable|Rest|p2a: Clefable\n|-status|p2a: Clefable|slp|[from] move: Rest\n|-heal|p2a: Clefable|100\/100 slp|[silent]\n|move|p1a: Kingambit|Iron Head|p2a: Clefable\n|-supereffective|p2a: Clefable\n|-damage|p2a: Clefable|76\/100 slp\n|\n|-heal|p2a: Clefable|82\/100 slp|[from] item: Leftovers\n|upkeep\n|turn|26\n|\n|t:|1699461066\n|cant|p2a: Clefable|slp\n|move|p1a: Kingambit|Iron Head|p2a: Clefable\n|-supereffective|p2a: Clefable\n|-damage|p2a: Clefable|55\/100 slp\n|\n|-heal|p2a: Clefable|61\/100 slp|[from] item: Leftovers\n|upkeep\n|turn|27\n|\n|t:|1699461074\n|cant|p2a: Clefable|slp\n|move|p1a: Kingambit|Iron Head|p2a: Clefable\n|-supereffective|p2a: Clefable\n|-damage|p2a: Clefable|36\/100 slp\n|\n|-heal|p2a: Clefable|42\/100 slp|[from] item: Leftovers\n|upkeep\n|turn|28\n|\n|t:|1699461083\n|-curestatus|p2a: Clefable|slp|[msg]\n|move|p2a: Clefable|Night Shade|p1a: Kingambit\n|-damage|p1a: Kingambit|74\/100\n|move|p1a: Kingambit|Iron Head|p2a: Clefable\n|-supereffective|p2a: Clefable\n|-damage|p2a: Clefable|13\/100\n|\n|-heal|p2a: Clefable|19\/100|[from] item: Leftovers\n|upkeep\n|turn|29\n|\n|t:|1699461095\n|move|p2a: Clefable|Rest|p2a: Clefable\n|-status|p2a: Clefable|slp|[from] move: Rest\n|-heal|p2a: Clefable|100\/100 slp|[silent]\n|move|p1a: Kingambit|Iron Head|p2a: Clefable\n|-supereffective|p2a: Clefable\n|-damage|p2a: Clefable|76\/100 slp\n|\n|-heal|p2a: Clefable|82\/100 slp|[from] item: Leftovers\n|upkeep\n|turn|30\n|c|\u2606NoLifeLudas|Ill land the critical sometime this week dont worry\n|\n|t:|1699461115\n|cant|p2a: Clefable|slp\n|move|p1a: Kingambit|Iron Head|p2a: Clefable\n|-supereffective|p2a: Clefable\n|-damage|p2a: Clefable|54\/100 slp\n|\n|-heal|p2a: Clefable|60\/100 slp|[from] item: Leftovers\n|upkeep\n|turn|31\n|\n|t:|1699461124\n|cant|p2a: Clefable|slp\n|move|p1a: Kingambit|Iron Head|p2a: Clefable\n|-supereffective|p2a: Clefable\n|-damage|p2a: Clefable|33\/100 slp\n|\n|-heal|p2a: Clefable|39\/100 slp|[from] item: Leftovers\n|upkeep\n|turn|32\n|\n|t:|1699461132\n|-curestatus|p2a: Clefable|slp|[msg]\n|move|p2a: Clefable|Night Shade|p1a: Kingambit\n|-damage|p1a: Kingambit|47\/100\n|move|p1a: Kingambit|Iron Head|p2a: Clefable\n|-supereffective|p2a: Clefable\n|-damage|p2a: Clefable|12\/100\n|\n|-heal|p2a: Clefable|18\/100|[from] item: Leftovers\n|upkeep\n|turn|33\n|\n|t:|1699461143\n|move|p2a: Clefable|Rest|p2a: Clefable\n|-status|p2a: Clefable|slp|[from] move: Rest\n|-heal|p2a: Clefable|100\/100 slp|[silent]\n|move|p1a: Kingambit|Iron Head|p2a: Clefable\n|-supereffective|p2a: Clefable\n|-damage|p2a: Clefable|76\/100 slp\n|\n|-heal|p2a: Clefable|82\/100 slp|[from] item: Leftovers\n|upkeep\n|turn|34\n|\n|t:|1699461153\n|cant|p2a: Clefable|slp\n|move|p1a: Kingambit|Iron Head|p2a: Clefable\n|-supereffective|p2a: Clefable\n|-damage|p2a: Clefable|56\/100 slp\n|\n|-heal|p2a: Clefable|62\/100 slp|[from] item: Leftovers\n|upkeep\n|turn|35\n|\n|t:|1699461161\n|cant|p2a: Clefable|slp\n|move|p1a: Kingambit|Iron Head|p2a: Clefable\n|-supereffective|p2a: Clefable\n|-damage|p2a: Clefable|36\/100 slp\n|\n|-heal|p2a: Clefable|42\/100 slp|[from] item: Leftovers\n|upkeep\n|turn|36\n|\n|t:|1699461169\n|-curestatus|p2a: Clefable|slp|[msg]\n|move|p2a: Clefable|Night Shade|p1a: Kingambit\n|-damage|p1a: Kingambit|20\/100\n|move|p1a: Kingambit|Iron Head|p2a: Clefable\n|-supereffective|p2a: Clefable\n|-damage|p2a: Clefable|18\/100\n|\n|-heal|p2a: Clefable|24\/100|[from] item: Leftovers\n|upkeep\n|turn|37\n|j| Itsmeheats\n|\n|t:|1699461180\n|move|p2a: Clefable|Rest|p2a: Clefable\n|-status|p2a: Clefable|slp|[from] move: Rest\n|-heal|p2a: Clefable|100\/100 slp|[silent]\n|move|p1a: Kingambit|Iron Head|p2a: Clefable\n|-supereffective|p2a: Clefable\n|-damage|p2a: Clefable|76\/100 slp\n|\n|-heal|p2a: Clefable|82\/100 slp|[from] item: Leftovers\n|upkeep\n|turn|38\n|\n|t:|1699461190\n|cant|p2a: Clefable|slp\n|move|p1a: Kingambit|Iron Head|p2a: Clefable\n|-supereffective|p2a: Clefable\n|-damage|p2a: Clefable|55\/100 slp\n|\n|-heal|p2a: Clefable|61\/100 slp|[from] item: Leftovers\n|upkeep\n|turn|39\n|\n|t:|1699461198\n|cant|p2a: Clefable|slp\n|move|p1a: Kingambit|Iron Head|p2a: Clefable\n|-supereffective|p2a: Clefable\n|-damage|p2a: Clefable|36\/100 slp\n|\n|-heal|p2a: Clefable|42\/100 slp|[from] item: Leftovers\n|upkeep\n|turn|40\n|\n|t:|1699461207\n|move|p1a: Kingambit|Protect|p1a: Kingambit\n|-singleturn|p1a: Kingambit|Protect\n|-curestatus|p2a: Clefable|slp|[msg]\n|move|p2a: Clefable|Night Shade|p1a: Kingambit\n|-activate|p1a: Kingambit|move: Protect\n|\n|-heal|p2a: Clefable|48\/100|[from] item: Leftovers\n|upkeep\n|turn|41\n|\n|t:|1699461217\n|move|p2a: Clefable|Night Shade|p1a: Kingambit\n|-damage|p1a: Kingambit|0 fnt\n|faint|p1a: Kingambit\n|-end|p1a: Kingambit|fallen3|[silent]\n|\n|-heal|p2a: Clefable|54\/100|[from] item: Leftovers\n|upkeep\n|\n|t:|1699461222\n|switch|p1a: Mimikyu|Mimikyu-Busted, M|88\/100\n|turn|42\n|\n|t:|1699461228\n|move|p1a: Mimikyu|Shadow Claw|p2a: Clefable\n|-damage|p2a: Clefable|47\/100\n|move|p2a: Clefable|Stored Power|p1a: Mimikyu\n|-crit|p1a: Mimikyu\n|-damage|p1a: Mimikyu|0 fnt\n|faint|p1a: Mimikyu\n|\n|-heal|p2a: Clefable|54\/100|[from] item: Leftovers\n|upkeep\n|\n|t:|1699461230\n|switch|p1a: Arcanine|Arcanine-Hisui, F|61\/100\n|turn|43\n|\n|t:|1699461240\n|move|p1a: Arcanine|Head Smash|p2a: Clefable|[miss]\n|-miss|p1a: Arcanine|p2a: Clefable\n|move|p2a: Clefable|Stored Power|p1a: Arcanine\n|-damage|p1a: Arcanine|13\/100\n|\n|-heal|p2a: Clefable|60\/100|[from] item: Leftovers\n|upkeep\n|turn|44\n|j| sea gato\n|\n|t:|1699461250\n|-terastallize|p1a: Arcanine|Fire\n|move|p1a: Arcanine|Flare Blitz|p2a: Clefable\n|-damage|p2a: Clefable|40\/100\n|move|p2a: Clefable|Stored Power|p1a: Arcanine\n|-damage|p1a: Arcanine|0 fnt\n|faint|p1a: Arcanine\n|\n|win|Jrmoore896\n|raw|NoLifeLudas's rating: 1210 &rarr; <strong>1189<\/strong><br \/>(-21 for losing)\n|raw|Jrmoore896's rating: 1269 &rarr; <strong>1290<\/strong><br \/>(+21 for winning)\n|l|\u2606NoLifeLudas\n","uploadtime":1699461261,"views":22,"p1id":"nolifeludas","p2id":"jrmoore896","formatid":"gen9ubers","rating":1189,"private":0,"password":""}