{"id":"gen9ubers-1988114043","p1":"OreoMan789","p2":"PinkScourge","format":"[Gen 9] Ubers","log":"|j|\u2606OreoMan789\n|j|\u2606PinkScourge\n|t:|1699671256\n|gametype|singles\n|player|p1|OreoMan789|gentleman-gen4|\n|player|p2|PinkScourge|bede-leader|\n|teamsize|p1|6\n|teamsize|p2|6\n|gen|9\n|tier|[Gen 9] Ubers\n|rule|Sleep Clause Mod: Limit one foe put to sleep\n|rule|Species Clause: Limit one of each Pok\u00e9mon\n|rule|OHKO Clause: OHKO moves are banned\n|rule|Evasion Items Clause: Evasion items are banned\n|rule|Evasion Moves Clause: Evasion moves are banned\n|rule|Endless Battle Clause: Forcing endless battles is banned\n|rule|HP Percentage Mod: HP is shown in percentages\n|clearpoke\n|poke|p1|Dialga-Origin|\n|poke|p1|Espathra, F|\n|poke|p1|Baxcalibur, M|\n|poke|p1|Ogerpon-Wellspring, F|\n|poke|p1|Dragapult, M|\n|poke|p1|Ursaluna-Bloodmoon, M|\n|poke|p2|Gothitelle, F|\n|poke|p2|Arceus-Poison|\n|poke|p2|Palkia|\n|poke|p2|Alomomola, M|\n|poke|p2|Mandibuzz, F|\n|poke|p2|Slowking-Galar, F|\n|teampreview\n|inactive|Battle timer is ON: inactive players will automatically lose when time's up. (requested by PinkScourge)\n|\n|t:|1699671266\n|start\n|switch|p1a: Ursaluna|Ursaluna-Bloodmoon, M|100\/100\n|switch|p2a: Palkia|Palkia|100\/100\n|-ability|p2a: Palkia|Pressure\n|turn|1\n|\n|t:|1699671276\n|switch|p1a: Ogerpon|Ogerpon-Wellspring, F|100\/100\n|move|p2a: Palkia|Surf|p1a: Ogerpon\n|-immune|p1a: Ogerpon|[from] ability: Water Absorb\n|\n|upkeep\n|turn|2\n|\n|t:|1699671286\n|move|p1a: Ogerpon|Trailblaze|p2a: Palkia\n|-damage|p2a: Palkia|73\/100\n|-boost|p1a: Ogerpon|spe|1\n|move|p2a: Palkia|Trick Room|p2a: Palkia\n|-fieldstart|move: Trick Room|[of] p2a: Palkia\n|\n|upkeep\n|turn|3\n|\n|t:|1699671295\n|-terastallize|p1a: Ogerpon|Water\n|detailschange|p1a: Ogerpon|Ogerpon-Wellspring-Tera, F, tera:Water\n|-ability|p1a: Ogerpon|Embody Aspect (Wellspring)|boost\n|-boost|p1a: Ogerpon|spd|1\n|move|p2a: Palkia|Spacial Rend|p1a: Ogerpon\n|-damage|p1a: Ogerpon|41\/100\n|move|p1a: Ogerpon|Horn Leech|p2a: Palkia\n|-damage|p2a: Palkia|36\/100\n|-heal|p1a: Ogerpon|64\/100|[from] drain|[of] p2a: Palkia\n|\n|upkeep\n|turn|4\n|\n|t:|1699671315\n|switch|p2a: Mandibuzz|Mandibuzz, F|100\/100\n|move|p1a: Ogerpon|Horn Leech|p2a: Mandibuzz\n|-resisted|p2a: Mandibuzz\n|-damage|p2a: Mandibuzz|83\/100\n|-heal|p1a: Ogerpon|77\/100|[from] drain|[of] p2a: Mandibuzz\n|\n|upkeep\n|turn|5\n|\n|t:|1699671330\n|switch|p1a: Ursaluna|Ursaluna-Bloodmoon, M|100\/100\n|move|p2a: Mandibuzz|Foul Play|p1a: Ursaluna\n|-damage|p1a: Ursaluna|87\/100\n|\n|upkeep\n|turn|6\n|\n|t:|1699671339\n|move|p1a: Ursaluna|Moonblast|p2a: Mandibuzz\n|-supereffective|p2a: Mandibuzz\n|-damage|p2a: Mandibuzz|39\/100\n|move|p2a: Mandibuzz|U-turn|p1a: Ursaluna\n|-damage|p1a: Ursaluna|80\/100\n|\n|t:|1699671353\n|switch|p2a: Alomomola|Alomomola, M|100\/100|[from] U-turn\n|\n|-fieldend|move: Trick Room\n|upkeep\n|turn|7\n|\n|t:|1699671358\n|switch|p1a: Ogerpon|Ogerpon-Wellspring-Tera, F, tera:Water|77\/100\n|-ability|p1a: Ogerpon|Embody Aspect (Wellspring)|boost\n|-boost|p1a: Ogerpon|spd|1\n|move|p2a: Alomomola|Wish|p2a: Alomomola\n|\n|upkeep\n|turn|8\n|\n|t:|1699671374\n|switch|p2a: Mandibuzz|Mandibuzz, F|39\/100\n|move|p1a: Ogerpon|Swords Dance|p1a: Ogerpon\n|-boost|p1a: Ogerpon|atk|2\n|\n|-heal|p2a: Mandibuzz|98\/100|[from] move: Wish|[wisher] Alomomola\n|upkeep\n|turn|9\n|\n|t:|1699671381\n|-terastallize|p2a: Mandibuzz|Water\n|move|p1a: Ogerpon|Ivy Cudgel|p2a: Mandibuzz\n|-resisted|p2a: Mandibuzz\n|-damage|p2a: Mandibuzz|37\/100\n|move|p2a: Mandibuzz|Foul Play|p1a: Ogerpon\n|-damage|p1a: Ogerpon|0 fnt\n|faint|p1a: Ogerpon\n|\n|upkeep\n|\n|t:|1699671390\n|switch|p1a: Espathra|Espathra, F, shiny|100\/100\n|turn|10\n|\n|t:|1699671394\n|switch|p2a: Arceus|Arceus-Poison|100\/100\n|move|p1a: Espathra|Calm Mind|p1a: Espathra\n|-boost|p1a: Espathra|spa|1\n|-boost|p1a: Espathra|spd|1\n|\n|-ability|p1a: Espathra|Speed Boost|boost\n|-boost|p1a: Espathra|spe|1\n|upkeep\n|turn|11\n|\n|t:|1699671400\n|move|p1a: Espathra|Protect|p1a: Espathra\n|-singleturn|p1a: Espathra|Protect\n|move|p2a: Arceus|Perish Song|p2a: Arceus\n|-start|p1a: Espathra|perish3|[silent]\n|-start|p2a: Arceus|perish3|[silent]\n|-fieldactivate|move: Perish Song\n|\n|-start|p1a: Espathra|perish3\n|-start|p2a: Arceus|perish3\n|-ability|p1a: Espathra|Speed Boost|boost\n|-boost|p1a: Espathra|spe|1\n|upkeep\n|turn|12\n|\n|t:|1699671405\n|switch|p1a: Dragapult|Dragapult, M|100\/100\n|switch|p2a: Gothitelle|Gothitelle, F|100\/100\n|\n|upkeep\n|turn|13\n|\n|t:|1699671414\n|move|p1a: Dragapult|U-turn|p2a: Gothitelle\n|-supereffective|p2a: Gothitelle\n|-damage|p2a: Gothitelle|66\/100\n|-damage|p1a: Dragapult|91\/100|[from] item: Life Orb\n|\n|t:|1699671419\n|switch|p1a: Dialga|Dialga-Origin|100\/100|[from] U-turn\n|-ability|p1a: Dialga|Pressure\n|move|p2a: Gothitelle|Foul Play|p1a: Dialga\n|-damage|p1a: Dialga|86\/100\n|\n|upkeep\n|turn|14\n|\n|t:|1699671427\n|switch|p2a: Arceus|Arceus-Poison|100\/100\n|move|p1a: Dialga|Dragon Pulse|p2a: Arceus\n|-damage|p2a: Arceus|75\/100\n|\n|upkeep\n|turn|15\n|\n|t:|1699671433\n|move|p2a: Arceus|Future Sight|p1a: Dialga\n|-start|p2a: Arceus|move: Future Sight\n|move|p1a: Dialga|Earth Power|p2a: Arceus\n|-supereffective|p2a: Arceus\n|-damage|p2a: Arceus|44\/100\n|\n|upkeep\n|turn|16\n|\n|t:|1699671438\n|move|p2a: Arceus|Recover|p2a: Arceus\n|-heal|p2a: Arceus|94\/100\n|move|p1a: Dialga|Earth Power|p2a: Arceus\n|-supereffective|p2a: Arceus\n|-damage|p2a: Arceus|60\/100\n|\n|upkeep\n|turn|17\n|\n|t:|1699671440\n|move|p2a: Arceus|Perish Song|p2a: Arceus\n|-start|p1a: Dialga|perish3|[silent]\n|-start|p2a: Arceus|perish3|[silent]\n|-fieldactivate|move: Perish Song\n|move|p1a: Dialga|Earth Power|p2a: Arceus\n|-supereffective|p2a: Arceus\n|-damage|p2a: Arceus|30\/100\n|\n|-end|p1a: Dialga|move: Future Sight\n|-resisted|p1a: Dialga\n|-damage|p1a: Dialga|76\/100\n|-start|p2a: Arceus|perish3\n|-start|p1a: Dialga|perish3\n|upkeep\n|turn|18\n|\n|t:|1699671446\n|switch|p1a: Dragapult|Dragapult, M|91\/100\n|move|p2a: Arceus|Recover|p2a: Arceus\n|-heal|p2a: Arceus|80\/100\n|\n|-start|p2a: Arceus|perish2\n|upkeep\n|turn|19\n|\n|t:|1699671456\n|switch|p2a: Alomomola|Alomomola, M|100\/100\n|move|p1a: Dragapult|U-turn|p2a: Alomomola\n|-damage|p2a: Alomomola|88\/100\n|-damage|p1a: Dragapult|74\/100|[from] item: Rocky Helmet|[of] p2a: Alomomola\n|-damage|p1a: Dragapult|65\/100|[from] item: Life Orb\n|\n|t:|1699671465\n|switch|p1a: Espathra|Espathra, F, shiny|100\/100|[from] U-turn\n|\n|upkeep\n|turn|20\n|\n|t:|1699671472\n|move|p1a: Espathra|Calm Mind|p1a: Espathra\n|-boost|p1a: Espathra|spa|1\n|-boost|p1a: Espathra|spd|1\n|move|p2a: Alomomola|Flip Turn|p1a: Espathra\n|-damage|p1a: Espathra|77\/100\n|\n|t:|1699671476\n|switch|p2a: Arceus|Arceus-Poison|80\/100|[from] Flip Turn\n|\n|-heal|p1a: Espathra|83\/100|[from] item: Leftovers\n|-ability|p1a: Espathra|Speed Boost|boost\n|-boost|p1a: Espathra|spe|1\n|upkeep\n|turn|21\n|\n|t:|1699671481\n|move|p1a: Espathra|Stored Power|p2a: Arceus\n|-supereffective|p2a: Arceus\n|-damage|p2a: Arceus|26\/100\n|move|p2a: Arceus|Perish Song|p2a: Arceus\n|-start|p1a: Espathra|perish3|[silent]\n|-start|p2a: Arceus|perish3|[silent]\n|-fieldactivate|move: Perish Song\n|\n|-heal|p1a: Espathra|90\/100|[from] item: Leftovers\n|-start|p1a: Espathra|perish3\n|-start|p2a: Arceus|perish3\n|-ability|p1a: Espathra|Speed Boost|boost\n|-boost|p1a: Espathra|spe|1\n|upkeep\n|turn|22\n|\n|t:|1699671490\n|switch|p1a: Dialga|Dialga-Origin|76\/100\n|-ability|p1a: Dialga|Pressure\n|switch|p2a: Alomomola|Alomomola, M|100\/100\n|\n|upkeep\n|turn|23\n|\n|t:|1699671496\n|switch|p1a: Baxcalibur|Baxcalibur, M|100\/100\n|move|p2a: Alomomola|Mirror Coat||[still]\n|-fail|p2a: Alomomola\n|\n|upkeep\n|turn|24\n|\n|t:|1699671503\n|move|p1a: Baxcalibur|Earthquake|p2a: Alomomola\n|-damage|p2a: Alomomola|76\/100\n|move|p2a: Alomomola|Wish|p2a: Alomomola\n|\n|upkeep\n|turn|25\n|\n|t:|1699671509\n|move|p1a: Baxcalibur|Earthquake|p2a: Alomomola\n|-damage|p2a: Alomomola|53\/100\n|move|p2a: Alomomola|Flip Turn|p1a: Baxcalibur\n|-resisted|p1a: Baxcalibur\n|-damage|p1a: Baxcalibur|93\/100\n|\n|t:|1699671522\n|switch|p2a: Mandibuzz|Mandibuzz, F, tera:Water|37\/100|[from] Flip Turn\n|\n|-heal|p2a: Mandibuzz|96\/100|[from] move: Wish|[wisher] Alomomola\n|upkeep\n|turn|26\n|\n|t:|1699671527\n|switch|p1a: Ursaluna|Ursaluna-Bloodmoon, M|80\/100\n|move|p2a: Mandibuzz|Foul Play|p1a: Ursaluna\n|-damage|p1a: Ursaluna|67\/100\n|\n|upkeep\n|turn|27\n|\n|t:|1699671534\n|move|p2a: Mandibuzz|U-turn|p1a: Ursaluna\n|-damage|p1a: Ursaluna|59\/100\n|\n|t:|1699671540\n|switch|p2a: Alomomola|Alomomola, M|86\/100|[from] U-turn\n|move|p1a: Ursaluna|Blood Moon|p2a: Alomomola\n|-damage|p2a: Alomomola|13\/100\n|\n|upkeep\n|turn|28\n|\n|t:|1699671555\n|switch|p2a: Slowking|Slowking-Galar, F|100\/100\n|move|p1a: Ursaluna|Earth Power|p2a: Slowking\n|-supereffective|p2a: Slowking\n|-damage|p2a: Slowking|41\/100\n|\n|upkeep\n|turn|29\n|\n|t:|1699671570\n|move|p1a: Ursaluna|Earth Power|p2a: Slowking\n|-supereffective|p2a: Slowking\n|-damage|p2a: Slowking|0 fnt\n|faint|p2a: Slowking\n|\n|upkeep\n|\n|t:|1699671586\n|switch|p2a: Palkia|Palkia|36\/100\n|-ability|p2a: Palkia|Pressure\n|turn|30\n|\n|t:|1699671595\n|switch|p1a: Dialga|Dialga-Origin|76\/100\n|-ability|p1a: Dialga|Pressure\n|move|p2a: Palkia|Surf|p1a: Dialga\n|-resisted|p1a: Dialga\n|-damage|p1a: Dialga|53\/100\n|\n|upkeep\n|turn|31\n|\n|t:|1699671604\n|switch|p2a: Mandibuzz|Mandibuzz, F, tera:Water|96\/100\n|move|p1a: Dialga|Dragon Pulse|p2a: Mandibuzz\n|-damage|p2a: Mandibuzz|63\/100\n|\n|upkeep\n|turn|32\n|\n|t:|1699671610\n|move|p1a: Dialga|Dragon Pulse|p2a: Mandibuzz\n|-damage|p2a: Mandibuzz|32\/100\n|move|p2a: Mandibuzz|Roost|p2a: Mandibuzz\n|-heal|p2a: Mandibuzz|82\/100\n|\n|upkeep\n|turn|33\n|\n|t:|1699671614\n|move|p1a: Dialga|Dragon Pulse|p2a: Mandibuzz\n|-damage|p2a: Mandibuzz|47\/100\n|move|p2a: Mandibuzz|U-turn|p1a: Dialga\n|-resisted|p1a: Dialga\n|-damage|p1a: Dialga|49\/100\n|\n|t:|1699671622\n|switch|p2a: Alomomola|Alomomola, M|46\/100|[from] U-turn\n|\n|upkeep\n|turn|34\n|\n|t:|1699671627\n|move|p2a: Alomomola|Protect|p2a: Alomomola\n|-singleturn|p2a: Alomomola|Protect\n|move|p1a: Dialga|Earth Power|p2a: Alomomola\n|-activate|p2a: Alomomola|move: Protect\n|\n|upkeep\n|turn|35\n|\n|t:|1699671638\n|switch|p2a: Mandibuzz|Mandibuzz, F, tera:Water|47\/100\n|move|p1a: Dialga|Earth Power|p2a: Mandibuzz\n|-damage|p2a: Mandibuzz|27\/100\n|\n|upkeep\n|turn|36\n|\n|t:|1699671649\n|move|p1a: Dialga|Dragon Pulse|p2a: Mandibuzz\n|-damage|p2a: Mandibuzz|0 fnt\n|faint|p2a: Mandibuzz\n|\n|upkeep\n|\n|t:|1699671653\n|switch|p2a: Alomomola|Alomomola, M|79\/100\n|turn|37\n|\n|t:|1699671658\n|move|p1a: Dialga|Earth Power|p2a: Alomomola\n|-damage|p2a: Alomomola|49\/100\n|move|p2a: Alomomola|Wish|p2a: Alomomola\n|\n|upkeep\n|turn|38\n|\n|t:|1699671665\n|move|p2a: Alomomola|Protect|p2a: Alomomola\n|-singleturn|p2a: Alomomola|Protect\n|move|p1a: Dialga|Earth Power|p2a: Alomomola\n|-activate|p2a: Alomomola|move: Protect\n|\n|-heal|p2a: Alomomola|99\/100|[from] move: Wish|[wisher] Alomomola\n|upkeep\n|turn|39\n|\n|t:|1699671667\n|move|p1a: Dialga|Earth Power|p2a: Alomomola\n|-damage|p2a: Alomomola|69\/100\n|move|p2a: Alomomola|Wish|p2a: Alomomola\n|\n|upkeep\n|turn|40\n|\n|t:|1699671672\n|move|p1a: Dialga|Flamethrower|p2a: Alomomola\n|-resisted|p2a: Alomomola\n|-damage|p2a: Alomomola|54\/100\n|move|p2a: Alomomola|Flip Turn|p1a: Dialga\n|-resisted|p1a: Dialga\n|-damage|p1a: Dialga|44\/100\n|\n|t:|1699671681\n|switch|p2a: Arceus|Arceus-Poison|26\/100|[from] Flip Turn\n|\n|-heal|p2a: Arceus|83\/100|[from] move: Wish|[wisher] Alomomola\n|upkeep\n|turn|41\n|\n|t:|1699671688\n|move|p2a: Arceus|Future Sight|p1a: Dialga\n|-start|p2a: Arceus|move: Future Sight\n|move|p1a: Dialga|Earth Power|p2a: Arceus\n|-supereffective|p2a: Arceus\n|-damage|p2a: Arceus|53\/100\n|\n|upkeep\n|turn|42\n|\n|t:|1699671694\n|move|p2a: Arceus|Recover|p2a: Arceus\n|-heal|p2a: Arceus|100\/100\n|move|p1a: Dialga|Earth Power|p2a: Arceus\n|-supereffective|p2a: Arceus\n|-damage|p2a: Arceus|69\/100\n|\n|upkeep\n|turn|43\n|\n|t:|1699671699\n|move|p2a: Arceus|Perish Song|p2a: Arceus\n|-start|p1a: Dialga|perish3|[silent]\n|-start|p2a: Arceus|perish3|[silent]\n|-fieldactivate|move: Perish Song\n|move|p1a: Dialga|Earth Power|p2a: Arceus\n|-supereffective|p2a: Arceus\n|-damage|p2a: Arceus|39\/100\n|\n|-end|p1a: Dialga|move: Future Sight\n|-resisted|p1a: Dialga\n|-damage|p1a: Dialga|33\/100\n|-start|p2a: Arceus|perish3\n|-start|p1a: Dialga|perish3\n|upkeep\n|turn|44\n|inactive|OreoMan789 has 270 seconds left.\n|\n|t:|1699671730\n|switch|p1a: Espathra|Espathra, F, shiny|90\/100\n|move|p2a: Arceus|Recover|p2a: Arceus\n|-heal|p2a: Arceus|89\/100\n|\n|-heal|p1a: Espathra|96\/100|[from] item: Leftovers\n|-start|p2a: Arceus|perish2\n|upkeep\n|turn|45\n|\n|t:|1699671734\n|move|p1a: Espathra|Calm Mind|p1a: Espathra\n|-boost|p1a: Espathra|spa|1\n|-boost|p1a: Espathra|spd|1\n|move|p2a: Arceus|Perish Song|p2a: Arceus\n|-start|p1a: Espathra|perish3|[silent]\n|-fieldactivate|move: Perish Song\n|\n|-heal|p1a: Espathra|100\/100|[from] item: Leftovers\n|-start|p1a: Espathra|perish3\n|-start|p2a: Arceus|perish1\n|-ability|p1a: Espathra|Speed Boost|boost\n|-boost|p1a: Espathra|spe|1\n|upkeep\n|turn|46\n|\n|t:|1699671741\n|switch|p1a: Dragapult|Dragapult, M|65\/100\n|switch|p2a: Alomomola|Alomomola, M|87\/100\n|\n|upkeep\n|turn|47\n|\n|t:|1699671744\n|move|p1a: Dragapult|U-turn|p2a: Alomomola\n|-damage|p2a: Alomomola|74\/100\n|-damage|p1a: Dragapult|48\/100|[from] item: Rocky Helmet|[of] p2a: Alomomola\n|-damage|p1a: Dragapult|38\/100|[from] item: Life Orb\n|\n|t:|1699671750\n|switch|p1a: Baxcalibur|Baxcalibur, M|93\/100|[from] U-turn\n|move|p2a: Alomomola|Wish|p2a: Alomomola\n|\n|upkeep\n|turn|48\n|\n|t:|1699671758\n|move|p1a: Baxcalibur|Earthquake|p2a: Alomomola\n|-damage|p2a: Alomomola|50\/100\n|move|p2a: Alomomola|Flip Turn|p1a: Baxcalibur\n|-resisted|p1a: Baxcalibur\n|-damage|p1a: Baxcalibur|85\/100\n|\n|t:|1699671766\n|switch|p2a: Palkia|Palkia|36\/100|[from] Flip Turn\n|-ability|p2a: Palkia|Pressure\n|\n|-heal|p2a: Palkia|100\/100|[from] move: Wish|[wisher] Alomomola\n|upkeep\n|turn|49\n|\n|t:|1699671780\n|switch|p2a: Alomomola|Alomomola, M|83\/100\n|move|p1a: Baxcalibur|Scale Shot|p2a: Alomomola\n|-damage|p2a: Alomomola|73\/100\n|-damage|p2a: Alomomola|64\/100\n|-damage|p2a: Alomomola|55\/100\n|-crit|p2a: Alomomola\n|-damage|p2a: Alomomola|40\/100\n|-hitcount|p2a: Alomomola|4\n|-unboost|p1a: Baxcalibur|def|1\n|-boost|p1a: Baxcalibur|spe|1\n|\n|upkeep\n|turn|50\n|\n|t:|1699671799\n|move|p1a: Baxcalibur|Scale Shot|p2a: Alomomola\n|-damage|p2a: Alomomola|30\/100\n|-damage|p2a: Alomomola|22\/100\n|-damage|p2a: Alomomola|13\/100\n|-damage|p2a: Alomomola|3\/100\n|-hitcount|p2a: Alomomola|4\n|-unboost|p1a: Baxcalibur|def|1\n|-boost|p1a: Baxcalibur|spe|1\n|move|p2a: Alomomola|Wish|p2a: Alomomola\n|\n|upkeep\n|turn|51\n|\n|t:|1699671812\n|switch|p2a: Arceus|Arceus-Poison|89\/100\n|move|p1a: Baxcalibur|Earthquake|p2a: Arceus\n|-supereffective|p2a: Arceus\n|-damage|p2a: Arceus|33\/100\n|\n|-heal|p2a: Arceus|90\/100|[from] move: Wish|[wisher] Alomomola\n|upkeep\n|turn|52\n|\n|t:|1699671820\n|move|p1a: Baxcalibur|Earthquake|p2a: Arceus\n|-supereffective|p2a: Arceus\n|-damage|p2a: Arceus|40\/100\n|move|p2a: Arceus|Poison Jab|p1a: Baxcalibur\n|-damage|p1a: Baxcalibur|15\/100\n|\n|upkeep\n|turn|53\n|\n|t:|1699671844\n|switch|p2a: Alomomola|Alomomola, M|37\/100\n|move|p1a: Baxcalibur|Earthquake|p2a: Alomomola\n|-damage|p2a: Alomomola|13\/100\n|\n|upkeep\n|turn|54\n|\n|t:|1699671851\n|switch|p2a: Gothitelle|Gothitelle, F|66\/100\n|move|p1a: Baxcalibur|Earthquake|p2a: Gothitelle\n|-damage|p2a: Gothitelle|35\/100\n|\n|upkeep\n|turn|55\n|\n|t:|1699671860\n|move|p1a: Baxcalibur|Icicle Spear|p2a: Gothitelle\n|-damage|p2a: Gothitelle|23\/100\n|-damage|p2a: Gothitelle|12\/100\n|-damage|p2a: Gothitelle|0 fnt\n|faint|p2a: Gothitelle\n|-hitcount|p2: Gothitelle|3\n|\n|upkeep\n|\n|t:|1699671867\n|switch|p2a: Alomomola|Alomomola, M|46\/100\n|turn|56\n|\n|t:|1699671881\n|move|p1a: Baxcalibur|Scale Shot|p2a: Alomomola\n|-damage|p2a: Alomomola|37\/100\n|-damage|p2a: Alomomola|28\/100\n|-damage|p2a: Alomomola|20\/100\n|-damage|p2a: Alomomola|11\/100\n|-hitcount|p2a: Alomomola|4\n|-unboost|p1a: Baxcalibur|def|1\n|-boost|p1a: Baxcalibur|spe|1\n|move|p2a: Alomomola|Wish|p2a: Alomomola\n|\n|upkeep\n|turn|57\n|\n|t:|1699671893\n|move|p2a: Alomomola|Protect|p2a: Alomomola\n|-singleturn|p2a: Alomomola|Protect\n|move|p1a: Baxcalibur|Icicle Spear|p2a: Alomomola\n|-activate|p2a: Alomomola|move: Protect\n|\n|-heal|p2a: Alomomola|61\/100|[from] move: Wish|[wisher] Alomomola\n|upkeep\n|turn|58\n|\n|t:|1699671908\n|move|p1a: Baxcalibur|Scale Shot|p2a: Alomomola\n|-damage|p2a: Alomomola|51\/100\n|-damage|p2a: Alomomola|41\/100\n|-damage|p2a: Alomomola|33\/100\n|-damage|p2a: Alomomola|23\/100\n|-hitcount|p2a: Alomomola|4\n|-unboost|p1a: Baxcalibur|def|1\n|-boost|p1a: Baxcalibur|spe|1\n|move|p2a: Alomomola|Wish|p2a: Alomomola\n|\n|upkeep\n|turn|59\n|\n|t:|1699671919\n|move|p2a: Alomomola|Protect|p2a: Alomomola\n|-singleturn|p2a: Alomomola|Protect\n|move|p1a: Baxcalibur|Scale Shot|p2a: Alomomola\n|-activate|p2a: Alomomola|move: Protect\n|\n|-heal|p2a: Alomomola|73\/100|[from] move: Wish|[wisher] Alomomola\n|upkeep\n|turn|60\n|\n|t:|1699671923\n|move|p1a: Baxcalibur|Scale Shot|p2a: Alomomola\n|-damage|p2a: Alomomola|64\/100\n|-damage|p2a: Alomomola|55\/100\n|-damage|p2a: Alomomola|45\/100\n|-damage|p2a: Alomomola|35\/100\n|-hitcount|p2a: Alomomola|4\n|-unboost|p1a: Baxcalibur|def|1\n|-boost|p1a: Baxcalibur|spe|1\n|move|p2a: Alomomola|Wish|p2a: Alomomola\n|\n|upkeep\n|turn|61\n|\n|t:|1699671936\n|move|p2a: Alomomola|Protect|p2a: Alomomola\n|-singleturn|p2a: Alomomola|Protect\n|move|p1a: Baxcalibur|Scale Shot|p2a: Alomomola\n|-activate|p2a: Alomomola|move: Protect\n|\n|-heal|p2a: Alomomola|85\/100|[from] move: Wish|[wisher] Alomomola\n|upkeep\n|turn|62\n|\n|t:|1699671942\n|move|p1a: Baxcalibur|Scale Shot|p2a: Alomomola\n|-damage|p2a: Alomomola|77\/100\n|-damage|p2a: Alomomola|67\/100\n|-damage|p2a: Alomomola|58\/100\n|-damage|p2a: Alomomola|49\/100\n|-damage|p2a: Alomomola|40\/100\n|-hitcount|p2a: Alomomola|5\n|-unboost|p1a: Baxcalibur|def|1\n|-boost|p1a: Baxcalibur|spe|1\n|move|p2a: Alomomola|Flip Turn|p1a: Baxcalibur\n|-resisted|p1a: Baxcalibur\n|-damage|p1a: Baxcalibur|0 fnt\n|faint|p1a: Baxcalibur\n|\n|t:|1699671947\n|switch|p2a: Arceus|Arceus-Poison|40\/100|[from] Flip Turn\n|\n|upkeep\n|\n|t:|1699671954\n|switch|p1a: Espathra|Espathra, F, shiny|100\/100\n|turn|63\n|\n|t:|1699671963\n|move|p1a: Espathra|Calm Mind|p1a: Espathra\n|-boost|p1a: Espathra|spa|1\n|-boost|p1a: Espathra|spd|1\n|move|p2a: Arceus|Perish Song|p2a: Arceus\n|-start|p1a: Espathra|perish3|[silent]\n|-start|p2a: Arceus|perish3|[silent]\n|-fieldactivate|move: Perish Song\n|\n|-start|p1a: Espathra|perish3\n|-start|p2a: Arceus|perish3\n|-ability|p1a: Espathra|Speed Boost|boost\n|-boost|p1a: Espathra|spe|1\n|upkeep\n|turn|64\n|\n|t:|1699671967\n|move|p1a: Espathra|Calm Mind|p1a: Espathra\n|-boost|p1a: Espathra|spa|1\n|-boost|p1a: Espathra|spd|1\n|move|p2a: Arceus|Recover|p2a: Arceus\n|-heal|p2a: Arceus|90\/100\n|\n|-start|p1a: Espathra|perish2\n|-start|p2a: Arceus|perish2\n|-ability|p1a: Espathra|Speed Boost|boost\n|-boost|p1a: Espathra|spe|1\n|upkeep\n|turn|65\n|\n|t:|1699671973\n|move|p1a: Espathra|Stored Power|p2a: Arceus\n|-supereffective|p2a: Arceus\n|-damage|p2a: Arceus|0 fnt\n|faint|p2a: Arceus\n|\n|-start|p1a: Espathra|perish1\n|-ability|p1a: Espathra|Speed Boost|boost\n|-boost|p1a: Espathra|spe|1\n|upkeep\n|\n|t:|1699671982\n|switch|p2a: Alomomola|Alomomola, M|73\/100\n|turn|66\n|\n|t:|1699671986\n|switch|p1a: Dialga|Dialga-Origin|33\/100\n|-ability|p1a: Dialga|Pressure\n|move|p2a: Alomomola|Flip Turn|p1a: Dialga\n|-resisted|p1a: Dialga\n|-damage|p1a: Dialga|28\/100\n|\n|t:|1699671993\n|switch|p2a: Palkia|Palkia|100\/100|[from] Flip Turn\n|-ability|p2a: Palkia|Pressure\n|\n|upkeep\n|turn|67\n|\n|t:|1699671998\n|move|p2a: Palkia|Spacial Rend|p1a: Dialga|[miss]\n|-miss|p2a: Palkia|p1a: Dialga\n|move|p1a: Dialga|Dragon Pulse|p2a: Palkia\n|-supereffective|p2a: Palkia\n|-damage|p2a: Palkia|16\/100\n|\n|upkeep\n|turn|68\n|\n|t:|1699672005\n|move|p2a: Palkia|Spacial Rend|p1a: Dialga\n|-damage|p1a: Dialga|0 fnt\n|faint|p1a: Dialga\n|\n|upkeep\n|\n|t:|1699672009\n|switch|p1a: Dragapult|Dragapult, M|38\/100\n|turn|69\n|\n|t:|1699672011\n|switch|p2a: Alomomola|Alomomola, M|100\/100\n|move|p1a: Dragapult|Shadow Ball|p2a: Alomomola\n|-damage|p2a: Alomomola|55\/100\n|-damage|p1a: Dragapult|29\/100|[from] item: Life Orb\n|\n|upkeep\n|turn|70\n|\n|t:|1699672022\n|move|p1a: Dragapult|Draco Meteor|p2a: Alomomola\n|-damage|p2a: Alomomola|0 fnt\n|-unboost|p1a: Dragapult|spa|2\n|faint|p2a: Alomomola\n|-damage|p1a: Dragapult|19\/100|[from] item: Life Orb\n|\n|upkeep\n|\n|t:|1699672026\n|switch|p2a: Palkia|Palkia|16\/100\n|-ability|p2a: Palkia|Pressure\n|turn|71\n|c|\u2606PinkScourge|GG\n|\n|t:|1699672030\n|switch|p1a: Ursaluna|Ursaluna-Bloodmoon, M|59\/100\n|move|p2a: Palkia|Hydro Pump|p1a: Ursaluna\n|-supereffective|p1a: Ursaluna\n|-damage|p1a: Ursaluna|0 fnt\n|faint|p1a: Ursaluna\n|\n|upkeep\n|\n|t:|1699672032\n|switch|p1a: Dragapult|Dragapult, M|19\/100\n|turn|72\n|\n|t:|1699672035\n|move|p1a: Dragapult|Shadow Ball|p2a: Palkia\n|-damage|p2a: Palkia|0 fnt\n|faint|p2a: Palkia\n|-damage|p1a: Dragapult|9\/100|[from] item: Life Orb\n|\n|win|OreoMan789\n|c|\u2606OreoMan789|gg\n|c|\u2606OreoMan789|my man\n|c|\u2606OreoMan789|good game\n|l|\u2606OreoMan789\n","uploadtime":1699672365,"views":28,"p1id":"oreoman789","p2id":"pinkscourge","formatid":"gen9ubers","rating":0,"private":0,"password":""}