{"id":"gen9ubers-1974674530","p1":"righteous light","p2":"corvere\u2665","format":"[Gen 9] Ubers","log":"|j|\u2606righteous light\n|j|\u2606corvere\u2665\n|t:|1698109201\n|gametype|singles\n|player|p1|righteous light|ariana|\n|player|p2|corvere\u2665|anthea|\n|teamsize|p1|6\n|teamsize|p2|6\n|gen|9\n|tier|[Gen 9] Ubers\n|rated|Tournament battle\n|rule|Sleep Clause Mod: Limit one foe put to sleep\n|rule|Species Clause: Limit one of each Pok\u00e9mon\n|rule|OHKO Clause: OHKO moves are banned\n|rule|Evasion Items Clause: Evasion items are banned\n|rule|Evasion Moves Clause: Evasion moves are banned\n|rule|Endless Battle Clause: Forcing endless battles is banned\n|rule|HP Percentage Mod: HP is shown in percentages\n|clearpoke\n|poke|p1|Groudon|\n|poke|p1|Koraidon|\n|poke|p1|Flutter Mane|\n|poke|p1|Clodsire, M|\n|poke|p1|Alomomola, M|\n|poke|p1|Giratina-Origin|\n|poke|p2|Gliscor, M|\n|poke|p2|Clefable, F|\n|poke|p2|Alomomola, M|\n|poke|p2|Arceus|\n|poke|p2|Kyogre|\n|poke|p2|Clodsire, F|\n|teampreview\n|inactive|Battle timer is ON: inactive players will automatically lose when time's up. (requested by righteous light)\n|inactive|corvere\u2665 also wants the timer to be on.\n|c|\u2606righteous light|hf\n|c|\u2606corvere\u2665|hf\n|\n|t:|1698109216\n|start\n|switch|p1a: Giratina|Giratina-Origin|100\/100\n|switch|p2a: Gliscor|Gliscor, M|100\/100\n|turn|1\n|j| mitana\n|\n|t:|1698109223\n|-terastallize|p1a: Giratina|Steel\n|move|p2a: Gliscor|Protect|p2a: Gliscor\n|-singleturn|p2a: Gliscor|Protect\n|move|p1a: Giratina|Poltergeist|p2a: Gliscor\n|-activate|p2a: Gliscor|move: Protect\n|\n|-status|p2a: Gliscor|tox|[from] item: Toxic Orb\n|upkeep\n|turn|2\n|j| Thor\n|\n|t:|1698109237\n|switch|p2a: Alomomola|Alomomola, M|100\/100\n|move|p1a: Giratina|Poltergeist|p2a: Alomomola|[miss]\n|-miss|p1a: Giratina|p2a: Alomomola\n|\n|upkeep\n|turn|3\n|c| Thor|mitana\n|\n|t:|1698109241\n|switch|p1a: Clodsire|Clodsire, M|100\/100\n|move|p2a: Alomomola|Flip Turn|p1a: Clodsire\n|-immune|p1a: Clodsire|[from] ability: Water Absorb\n|\n|upkeep\n|turn|4\n|\n|t:|1698109246\n|switch|p2a: Gliscor|Gliscor, M|100\/100 tox\n|move|p1a: Clodsire|Spikes|p2a: Gliscor\n|-sidestart|p2: corvere\u2665|Spikes\n|\n|upkeep\n|turn|5\n|\n|t:|1698109255\n|switch|p1a: Giratina|Giratina-Origin, tera:Steel|100\/100\n|move|p2a: Gliscor|Spikes|p1a: Giratina\n|-sidestart|p1: righteous light|Spikes\n|\n|upkeep\n|turn|6\n|c| mitana|Thor joined\n|\n|t:|1698109259\n|move|p2a: Gliscor|Spikes|p1a: Giratina\n|-sidestart|p1: righteous light|Spikes\n|move|p1a: Giratina|Dragon Tail|p2a: Gliscor\n|-damage|p2a: Gliscor|79\/100 tox\n|drag|p2a: Clodsire|Clodsire, F|100\/100\n|\n|upkeep\n|turn|7\n|\n|t:|1698109267\n|switch|p2a: Alomomola|Alomomola, M|100\/100\n|move|p1a: Giratina|Poltergeist|p2a: Alomomola\n|-activate|p2a: Alomomola|move: Poltergeist|Heavy-Duty Boots\n|-damage|p2a: Alomomola|68\/100\n|\n|upkeep\n|turn|8\n|\n|t:|1698109275\n|move|p2a: Alomomola|Flip Turn|p1a: Giratina\n|-damage|p1a: Giratina|90\/100\n|\n|t:|1698109278\n|switch|p2a: helena|Clefable, F|100\/100|[from] Flip Turn\n|move|p1a: Giratina|Dragon Tail|p2a: helena\n|-immune|p2a: helena\n|\n|upkeep\n|turn|9\n|\n|t:|1698109289\n|switch|p1a: Groudon|Groudon|100\/100\n|-damage|p1a: Groudon|84\/100|[from] Spikes\n|-weather|SunnyDay|[from] ability: Drought|[of] p1a: Groudon\n|move|p2a: helena|Stealth Rock|p1a: Groudon\n|-sidestart|p1: righteous light|move: Stealth Rock\n|\n|-weather|SunnyDay|[upkeep]\n|-heal|p1a: Groudon|90\/100|[from] item: Leftovers\n|upkeep\n|turn|10\n|\n|t:|1698109294\n|switch|p2a: Kyogre|Kyogre|100\/100\n|-weather|RainDance|[from] ability: Drizzle|[of] p2a: Kyogre\n|move|p1a: Groudon|Stealth Rock|p2a: Kyogre\n|-sidestart|p2: corvere\u2665|move: Stealth Rock\n|\n|-weather|RainDance|[upkeep]\n|-heal|p1a: Groudon|97\/100|[from] item: Leftovers\n|upkeep\n|turn|11\n|\n|t:|1698109304\n|switch|p1a: Clodsire|Clodsire, M|100\/100\n|move|p2a: Kyogre|Calm Mind|p2a: Kyogre\n|-boost|p2a: Kyogre|spa|1\n|-boost|p2a: Kyogre|spd|1\n|\n|-weather|RainDance|[upkeep]\n|upkeep\n|turn|12\n|\n|t:|1698109306\n|move|p2a: Kyogre|Ice Beam|p1a: Clodsire\n|-supereffective|p1a: Clodsire\n|-damage|p1a: Clodsire|52\/100\n|move|p1a: Clodsire|Poison Jab|p2a: Kyogre\n|-damage|p2a: Kyogre|85\/100\n|\n|-weather|RainDance|[upkeep]\n|upkeep\n|turn|13\n|\n|t:|1698109313\n|move|p2a: Kyogre|Ice Beam|p1a: Clodsire\n|-supereffective|p1a: Clodsire\n|-damage|p1a: Clodsire|1\/100\n|move|p1a: Clodsire|Spikes|p2a: Kyogre\n|-sidestart|p2: corvere\u2665|Spikes\n|\n|-weather|RainDance|[upkeep]\n|upkeep\n|turn|14\n|\n|t:|1698109316\n|move|p2a: Kyogre|Ice Beam|p1a: Clodsire\n|-supereffective|p1a: Clodsire\n|-damage|p1a: Clodsire|0 fnt\n|faint|p1a: Clodsire\n|\n|-weather|none\n|upkeep\n|\n|t:|1698109318\n|switch|p1a: Koraidon|Koraidon|100\/100\n|-damage|p1a: Koraidon|84\/100|[from] Spikes\n|-damage|p1a: Koraidon|78\/100|[from] Stealth Rock\n|-weather|SunnyDay|[from] ability: Orichalcum Pulse|[of] p1a: Koraidon\n|-activate|p1a: Koraidon|Orichalcum Pulse|[source]\n|turn|15\n|\n|t:|1698109321\n|-terastallize|p2a: Kyogre|Fairy\n|move|p1a: Koraidon|U-turn|p2a: Kyogre\n|-resisted|p2a: Kyogre\n|-damage|p2a: Kyogre|73\/100\n|\n|t:|1698109326\n|switch|p1a: Giratina|Giratina-Origin, tera:Steel|90\/100|[from] U-turn\n|-damage|p1a: Giratina|84\/100|[from] Stealth Rock\n|move|p2a: Kyogre|Ice Beam|p1a: Giratina\n|-resisted|p1a: Giratina\n|-damage|p1a: Giratina|70\/100\n|\n|-weather|SunnyDay|[upkeep]\n|upkeep\n|turn|16\n|\n|t:|1698109331\n|switch|p2a: Alomomola|Alomomola, M|100\/100\n|move|p1a: Giratina|Dragon Tail|p2a: Alomomola\n|-damage|p2a: Alomomola|82\/100\n|drag|p2a: Arceus|Arceus|100\/100\n|\n|-weather|SunnyDay|[upkeep]\n|upkeep\n|turn|17\n|\n|t:|1698109339\n|switch|p2a: Alomomola|Alomomola, M|100\/100\n|move|p1a: Giratina|Dragon Tail|p2a: Alomomola\n|-damage|p2a: Alomomola|84\/100\n|drag|p2a: Kyogre|Kyogre, tera:Fairy|73\/100\n|-weather|RainDance|[from] ability: Drizzle|[of] p2a: Kyogre\n|\n|-weather|RainDance|[upkeep]\n|upkeep\n|turn|18\n|\n|t:|1698109345\n|switch|p2a: Alomomola|Alomomola, M|100\/100\n|move|p1a: Giratina|Poltergeist|p2a: Alomomola\n|-activate|p2a: Alomomola|move: Poltergeist|Heavy-Duty Boots\n|-damage|p2a: Alomomola|67\/100\n|\n|-weather|RainDance|[upkeep]\n|upkeep\n|turn|19\n|\n|t:|1698109350\n|move|p2a: Alomomola|Flip Turn|p1a: Giratina\n|-damage|p1a: Giratina|55\/100\n|\n|t:|1698109352\n|switch|p2a: helena|Clefable, F|100\/100|[from] Flip Turn\n|move|p1a: Giratina|Dragon Tail|p2a: helena\n|-immune|p2a: helena\n|\n|-weather|RainDance|[upkeep]\n|upkeep\n|turn|20\n|\n|t:|1698109364\n|move|p2a: helena|Wish|p2a: helena\n|move|p1a: Giratina|Dragon Tail|p2a: helena\n|-immune|p2a: helena\n|\n|-weather|RainDance|[upkeep]\n|upkeep\n|turn|21\n|\n|t:|1698109371\n|switch|p2a: Kyogre|Kyogre, tera:Fairy|73\/100\n|move|p1a: Giratina|Dragon Tail|p2a: Kyogre\n|-immune|p2a: Kyogre\n|\n|-weather|none\n|-heal|p2a: Kyogre|100\/100|[from] move: Wish|[wisher] helena\n|upkeep\n|turn|22\n|\n|t:|1698109378\n|switch|p2a: Alomomola|Alomomola, M|99\/100\n|move|p1a: Giratina|Poltergeist|p2a: Alomomola\n|-activate|p2a: Alomomola|move: Poltergeist|Heavy-Duty Boots\n|-crit|p2a: Alomomola\n|-damage|p2a: Alomomola|51\/100\n|\n|upkeep\n|turn|23\n|\n|t:|1698109385\n|move|p1a: Giratina|Poltergeist|p2a: Alomomola\n|-activate|p2a: Alomomola|move: Poltergeist|Heavy-Duty Boots\n|-damage|p2a: Alomomola|18\/100\n|move|p2a: Alomomola|Flip Turn|p1a: Giratina\n|-damage|p1a: Giratina|46\/100\n|\n|t:|1698109392\n|switch|p2a: Kyogre|Kyogre, tera:Fairy|100\/100|[from] Flip Turn\n|-weather|RainDance|[from] ability: Drizzle|[of] p2a: Kyogre\n|\n|-weather|RainDance|[upkeep]\n|upkeep\n|turn|24\n|\n|t:|1698109396\n|move|p2a: Kyogre|Surf|p1a: Giratina\n|-damage|p1a: Giratina|3\/100\n|move|p1a: Giratina|Poltergeist|p2a: Kyogre\n|-activate|p2a: Kyogre|move: Poltergeist|Heavy-Duty Boots\n|-damage|p2a: Kyogre|62\/100\n|\n|-weather|RainDance|[upkeep]\n|upkeep\n|turn|25\n|\n|t:|1698109403\n|move|p1a: Giratina|Shadow Sneak|p2a: Kyogre\n|-damage|p2a: Kyogre|46\/100\n|move|p2a: Kyogre|Surf|p1a: Giratina\n|-damage|p1a: Giratina|0 fnt\n|faint|p1a: Giratina\n|\n|-weather|RainDance|[upkeep]\n|upkeep\n|\n|t:|1698109409\n|switch|p1a: Koraidon|Koraidon|78\/100\n|-damage|p1a: Koraidon|61\/100|[from] Spikes\n|-damage|p1a: Koraidon|55\/100|[from] Stealth Rock\n|-weather|SunnyDay|[from] ability: Orichalcum Pulse|[of] p1a: Koraidon\n|-activate|p1a: Koraidon|Orichalcum Pulse|[source]\n|turn|26\n|\n|t:|1698109416\n|switch|p2a: Alomomola|Alomomola, M|52\/100\n|move|p1a: Koraidon|Flare Blitz|p2a: Alomomola\n|-resisted|p2a: Alomomola\n|-damage|p2a: Alomomola|27\/100\n|-status|p2a: Alomomola|brn\n|-damage|p1a: Koraidon|43\/100|[from] Recoil\n|\n|-weather|SunnyDay|[upkeep]\n|-damage|p2a: Alomomola|21\/100 brn|[from] brn\n|upkeep\n|turn|27\n|\n|t:|1698109420\n|switch|p2a: Kyogre|Kyogre, tera:Fairy|46\/100\n|-weather|RainDance|[from] ability: Drizzle|[of] p2a: Kyogre\n|move|p1a: Koraidon|Flare Blitz|p2a: Kyogre\n|-damage|p2a: Kyogre|32\/100\n|-damage|p1a: Koraidon|37\/100|[from] Recoil\n|\n|-weather|RainDance|[upkeep]\n|upkeep\n|turn|28\n|\n|t:|1698109424\n|switch|p1a: Groudon|Groudon|97\/100\n|-damage|p1a: Groudon|80\/100|[from] Spikes\n|-damage|p1a: Groudon|74\/100|[from] Stealth Rock\n|-weather|SunnyDay|[from] ability: Drought|[of] p1a: Groudon\n|switch|p2a: Gliscor|Gliscor, M|79\/100 tox\n|-damage|p2a: Gliscor|67\/100 tox|[from] Stealth Rock\n|\n|-weather|SunnyDay|[upkeep]\n|-heal|p1a: Groudon|80\/100|[from] item: Leftovers\n|-heal|p2a: Gliscor|79\/100 tox|[from] ability: Poison Heal\n|upkeep\n|turn|29\n|\n|t:|1698109427\n|move|p2a: Gliscor|Toxic|p1a: Groudon\n|-status|p1a: Groudon|tox\n|move|p1a: Groudon|Roar|p2a: Gliscor\n|drag|p2a: Arceus|Arceus|100\/100\n|\n|-weather|SunnyDay|[upkeep]\n|-heal|p1a: Groudon|86\/100 tox|[from] item: Leftovers\n|-damage|p1a: Groudon|80\/100 tox|[from] psn\n|upkeep\n|turn|30\n|\n|t:|1698109433\n|switch|p2a: Gliscor|Gliscor, M|79\/100 tox\n|-damage|p2a: Gliscor|67\/100 tox|[from] Stealth Rock\n|move|p1a: Groudon|Roar|p2a: Gliscor\n|drag|p2a: Arceus|Arceus|100\/100\n|\n|-weather|SunnyDay|[upkeep]\n|-heal|p1a: Groudon|86\/100 tox|[from] item: Leftovers\n|-damage|p1a: Groudon|74\/100 tox|[from] psn\n|upkeep\n|turn|31\n|\n|t:|1698109438\n|switch|p2a: Gliscor|Gliscor, M|67\/100 tox\n|-damage|p2a: Gliscor|54\/100 tox|[from] Stealth Rock\n|move|p1a: Groudon|Roar|p2a: Gliscor\n|drag|p2a: Clodsire|Clodsire, F|100\/100\n|\n|-weather|SunnyDay|[upkeep]\n|-heal|p1a: Groudon|80\/100 tox|[from] item: Leftovers\n|-damage|p1a: Groudon|61\/100 tox|[from] psn\n|upkeep\n|turn|32\n|\n|t:|1698109441\n|switch|p2a: Gliscor|Gliscor, M|54\/100 tox\n|-damage|p2a: Gliscor|42\/100 tox|[from] Stealth Rock\n|move|p1a: Groudon|Roar|p2a: Gliscor\n|drag|p2a: Arceus|Arceus|100\/100\n|\n|-weather|none\n|-heal|p1a: Groudon|68\/100 tox|[from] item: Leftovers\n|-damage|p1a: Groudon|43\/100 tox|[from] psn\n|upkeep\n|turn|33\n|\n|t:|1698109448\n|switch|p2a: Gliscor|Gliscor, M|42\/100 tox\n|-damage|p2a: Gliscor|29\/100 tox|[from] Stealth Rock\n|move|p1a: Groudon|Roar|p2a: Gliscor\n|drag|p2a: Alomomola|Alomomola, M|54\/100 brn\n|\n|-heal|p1a: Groudon|49\/100 tox|[from] item: Leftovers\n|-damage|p1a: Groudon|18\/100 tox|[from] psn\n|-damage|p2a: Alomomola|48\/100 brn|[from] brn\n|upkeep\n|turn|34\n|\n|t:|1698109454\n|move|p1a: Groudon|Precipice Blades|p2a: Alomomola\n|-damage|p2a: Alomomola|18\/100 brn\n|move|p2a: Alomomola|Flip Turn|p1a: Groudon\n|-supereffective|p1a: Groudon\n|-damage|p1a: Groudon|9\/100 tox\n|\n|t:|1698109461\n|switch|p2a: Gliscor|Gliscor, M|29\/100 tox|[from] Flip Turn\n|-damage|p2a: Gliscor|17\/100 tox|[from] Stealth Rock\n|\n|-heal|p1a: Groudon|15\/100 tox|[from] item: Leftovers\n|-heal|p2a: Gliscor|29\/100 tox|[from] ability: Poison Heal\n|-damage|p1a: Groudon|0 fnt|[from] psn\n|faint|p1a: Groudon\n|upkeep\n|\n|t:|1698109466\n|switch|p1a: Flutter Mane|Flutter Mane|100\/100\n|-damage|p1a: Flutter Mane|84\/100|[from] Spikes\n|-damage|p1a: Flutter Mane|72\/100|[from] Stealth Rock\n|turn|35\n|\n|t:|1698109468\n|move|p2a: Gliscor|Protect|p2a: Gliscor\n|-singleturn|p2a: Gliscor|Protect\n|move|p1a: Flutter Mane|Calm Mind|p1a: Flutter Mane\n|-boost|p1a: Flutter Mane|spa|1\n|-boost|p1a: Flutter Mane|spd|1\n|\n|-heal|p2a: Gliscor|42\/100 tox|[from] ability: Poison Heal\n|upkeep\n|turn|36\n|\n|t:|1698109475\n|move|p1a: Flutter Mane|Moonblast|p2a: Gliscor\n|-damage|p2a: Gliscor|0 fnt\n|faint|p2a: Gliscor\n|-damage|p1a: Flutter Mane|62\/100|[from] item: Life Orb\n|\n|upkeep\n|\n|t:|1698109477\n|switch|p2a: Arceus|Arceus|100\/100\n|turn|37\n|\n|t:|1698109480\n|move|p1a: Flutter Mane|Moonblast|p2a: Arceus\n|-damage|p2a: Arceus|42\/100\n|-damage|p1a: Flutter Mane|52\/100|[from] item: Life Orb\n|move|p2a: Arceus|Earthquake|p1a: Flutter Mane\n|-crit|p1a: Flutter Mane\n|-damage|p1a: Flutter Mane|0 fnt\n|faint|p1a: Flutter Mane\n|-end|p1a: Flutter Mane|Protosynthesis|[silent]\n|\n|upkeep\n|\n|t:|1698109485\n|switch|p1a: Alomomola|Alomomola, M|100\/100\n|-damage|p1a: Alomomola|84\/100|[from] Spikes\n|-damage|p1a: Alomomola|71\/100|[from] Stealth Rock\n|turn|38\n|-message|righteous light forfeited.\n|\n|win|corvere\u2665\n|n|\u2606righteous light|righteouslight\n|n|\u2606corvere\u2665|corvere\n|n| mitana|mitana\n|n| Thor|thor\n","uploadtime":1698109490,"views":14,"p1id":"righteouslight","p2id":"corvere","formatid":"gen9ubers","rating":0,"private":0,"password":""}