{"id":"gen9ubers-1992223407","p1":"Lily & MDB2","p2":"Boonty&Darth","format":"[Gen 9] Ubers","log":"|j|\u2606Lily & MDB2\n|j|\u2606Boonty&Darth\n|t:|1700165293\n|gametype|singles\n|player|p1|Lily & MDB2|265|\n|player|p2|Boonty&Darth|lady|\n|teamsize|p1|6\n|teamsize|p2|6\n|gen|9\n|tier|[Gen 9] Ubers\n|rule|Sleep Clause Mod: Limit one foe put to sleep\n|rule|Species Clause: Limit one of each Pok\u00e9mon\n|rule|OHKO Clause: OHKO moves are banned\n|rule|Evasion Items Clause: Evasion items are banned\n|rule|Evasion Moves Clause: Evasion moves are banned\n|rule|Endless Battle Clause: Forcing endless battles is banned\n|rule|HP Percentage Mod: HP is shown in percentages\n|clearpoke\n|poke|p1|Ting-Lu|\n|poke|p1|Amoonguss, M|\n|poke|p1|Gholdengo|\n|poke|p1|Tornadus-Therian, M|\n|poke|p1|Clefable, M|\n|poke|p1|Gliscor, M|\n|poke|p2|Kingambit, F|\n|poke|p2|Great Tusk|\n|poke|p2|Dragapult, M|\n|poke|p2|Ogerpon-Wellspring, F|\n|poke|p2|Blissey, F|\n|poke|p2|Zapdos|\n|teampreview\n|inactive|Battle timer is ON: inactive players will automatically lose when time's up. (requested by Boonty&Darth)\n|j| BlackRabbit85\n|c|\u2606Lily & MDB2|hf\n|inactiveoff|Battle timer is now OFF.\n|c|\u2606Boonty&Darth|hf\n|c|\u2606Boonty&Darth|(with stall)\n|c| BlackRabbit85|hf\n|c|\u2606Boonty&Darth|xD\n|j| Flolapoule\n|j| Zenadark\n|j| absolrigide\n|l| Zenadark\n|inactive|Battle timer is ON: inactive players will automatically lose when time's up. (requested by Lily & MDB2)\n|l| absolrigide\n|inactive|Lily & MDB2 has 270 seconds left.\n|inactive|Boonty&Darth has 270 seconds left.\n|\n|t:|1700165431\n|start\n|switch|p1a: Gliscor|Gliscor, M|100\/100\n|switch|p2a: Great Tusk|Great Tusk|100\/100\n|turn|1\n|inactive|Boonty&Darth has 240 seconds left.\n|\n|t:|1700165456\n|move|p1a: Gliscor|Protect|p1a: Gliscor\n|-singleturn|p1a: Gliscor|Protect\n|move|p2a: Great Tusk|Knock Off|p1a: Gliscor\n|-activate|p1a: Gliscor|move: Protect\n|\n|-status|p1a: Gliscor|tox|[from] item: Toxic Orb\n|upkeep\n|turn|2\n|inactive|Boonty&Darth has 240 seconds left.\n|inactive|Lily & MDB2 has 240 seconds left.\n|inactive|Lily & MDB2 has 210 seconds left.\n|\n|t:|1700165520\n|switch|p1a: Amoonguss|Amoonguss, M|100\/100\n|move|p2a: Great Tusk|Ice Spinner|p1a: Amoonguss\n|-supereffective|p1a: Amoonguss\n|-damage|p1a: Amoonguss|63\/100\n|\n|upkeep\n|turn|3\n|inactive|Lily & MDB2 has 210 seconds left.\n|inactive|Boonty&Darth has 240 seconds left.\n|inactive|Lily & MDB2 has 180 seconds left.\n|\n|t:|1700165562\n|-end|p2a: Great Tusk|Protosynthesis|[silent]\n|switch|p2a: Blissey|Blissey, F|100\/100\n|move|p1a: Amoonguss|Spore|p2a: Blissey\n|-status|p2a: Blissey|slp|[from] move: Spore\n|\n|upkeep\n|turn|4\n|inactive|Lily & MDB2 has 180 seconds left.\n|inactive|Boonty&Darth has 210 seconds left.\n|inactive|Boonty&Darth has 180 seconds left.\n|\n|t:|1700165613\n|-curestatus|p2a: Blissey|slp|[from] ability: Natural Cure\n|switch|p2a: Zapdos|Zapdos|100\/100\n|switch|p1a: Ting-Lu|Ting-Lu|100\/100\n|-ability|p1a: Ting-Lu|Vessel of Ruin\n|\n|upkeep\n|turn|5\n|inactive|Boonty&Darth has 180 seconds left.\n|\n|t:|1700165648\n|switch|p2a: Ogerpon|Ogerpon-Wellspring, F|100\/100\n|move|p1a: Ting-Lu|Ruination|p2a: Ogerpon\n|-damage|p2a: Ogerpon|51\/100\n|\n|upkeep\n|turn|6\n|inactive|Boonty&Darth has 150 seconds left.\n|\n|t:|1700165674\n|switch|p1a: Amoonguss|Amoonguss, M|97\/100\n|move|p2a: Ogerpon|Horn Leech|p1a: Amoonguss\n|-resisted|p1a: Amoonguss\n|-damage|p1a: Amoonguss|88\/100\n|-heal|p2a: Ogerpon|57\/100|[from] drain|[of] p1a: Amoonguss\n|\n|upkeep\n|turn|7\n|inactive|Boonty&Darth has 150 seconds left.\n|\n|t:|1700165688\n|move|p2a: Ogerpon|U-turn|p1a: Amoonguss\n|-damage|p1a: Amoonguss|69\/100\n|\n|t:|1700165692\n|switch|p2a: Blissey|Blissey, F|100\/100|[from] U-turn\n|move|p1a: Amoonguss|Spore|p2a: Blissey\n|-status|p2a: Blissey|slp|[from] move: Spore\n|\n|upkeep\n|turn|8\n|inactive|Boonty&Darth has 150 seconds left.\n|inactive|Boonty&Darth has 120 seconds left.\n|\n|t:|1700165733\n|switch|p1a: Ting-Lu|Ting-Lu|100\/100\n|-ability|p1a: Ting-Lu|Vessel of Ruin\n|cant|p2a: Blissey|slp\n|\n|upkeep\n|turn|9\n|inactive|Boonty&Darth has 120 seconds left.\n|\n|t:|1700165767\n|cant|p2a: Blissey|slp\n|move|p1a: Ting-Lu|Spikes|p2a: Blissey\n|-sidestart|p2: Boonty&Darth|Spikes\n|\n|upkeep\n|turn|10\n|inactive|Boonty&Darth has 90 seconds left.\n|\n|t:|1700165801\n|cant|p2a: Blissey|slp\n|move|p1a: Ting-Lu|Ruination|p2a: Blissey\n|-damage|p2a: Blissey|50\/100 slp\n|\n|upkeep\n|turn|11\n|\n|t:|1700165820\n|-curestatus|p2a: Blissey|slp|[msg]\n|move|p2a: Blissey|Soft-Boiled|p2a: Blissey\n|-heal|p2a: Blissey|100\/100\n|move|p1a: Ting-Lu|Earthquake|p2a: Blissey\n|-damage|p2a: Blissey|68\/100\n|\n|upkeep\n|turn|12\n|inactive|Boonty&Darth has 90 seconds left.\n|\n|t:|1700165829\n|move|p2a: Blissey|Stealth Rock|p1a: Ting-Lu\n|-sidestart|p1: Lily & MDB2|move: Stealth Rock\n|move|p1a: Ting-Lu|Earthquake|p2a: Blissey\n|-damage|p2a: Blissey|34\/100\n|\n|upkeep\n|turn|13\n|\n|t:|1700165848\n|move|p2a: Blissey|Soft-Boiled|p2a: Blissey\n|-heal|p2a: Blissey|84\/100\n|move|p1a: Ting-Lu|Earthquake|p2a: Blissey\n|-damage|p2a: Blissey|54\/100\n|\n|upkeep\n|turn|14\n|inactive|Boonty&Darth has 90 seconds left.\n|\n|t:|1700165876\n|switch|p2a: Great Tusk|Great Tusk|100\/100\n|-damage|p2a: Great Tusk|88\/100|[from] Spikes\n|move|p1a: Ting-Lu|Ruination|p2a: Great Tusk\n|-damage|p2a: Great Tusk|44\/100\n|\n|-heal|p2a: Great Tusk|50\/100|[from] item: Leftovers\n|upkeep\n|turn|15\n|inactive|Lily & MDB2 has 180 seconds left.\n|inactive|Lily & MDB2 has 150 seconds left.\n|inactive|Lily & MDB2 has 120 seconds left.\n|\n|t:|1700165962\n|switch|p1a: Clefable|Clefable, M|100\/100\n|move|p2a: Great Tusk|Knock Off|p1a: Clefable\n|-resisted|p1a: Clefable\n|-damage|p1a: Clefable|89\/100\n|-enditem|p1a: Clefable|Heavy-Duty Boots|[from] move: Knock Off|[of] p2a: Great Tusk\n|\n|-heal|p2a: Great Tusk|57\/100|[from] item: Leftovers\n|upkeep\n|turn|16\n|inactive|Boonty&Darth has 60 seconds left.\n|\n|t:|1700165989\n|-end|p2a: Great Tusk|Protosynthesis|[silent]\n|switch|p2a: Blissey|Blissey, F|54\/100\n|move|p1a: Clefable|Stealth Rock|p2a: Blissey\n|-sidestart|p2: Boonty&Darth|move: Stealth Rock\n|\n|upkeep\n|turn|17\n|inactive|Boonty&Darth has 60 seconds left.\n|\n|t:|1700166008\n|switch|p1a: Gliscor|Gliscor, M|100\/100 tox\n|-damage|p1a: Gliscor|88\/100 tox|[from] Stealth Rock\n|move|p2a: Blissey|Soft-Boiled|p2a: Blissey\n|-heal|p2a: Blissey|100\/100\n|\n|-heal|p1a: Gliscor|100\/100 tox|[from] ability: Poison Heal\n|upkeep\n|turn|18\n|inactive|Boonty&Darth has 60 seconds left.\n|inactive|Boonty&Darth has 30 seconds left.\n|\n|t:|1700166051\n|move|p1a: Gliscor|Knock Off|p2a: Blissey\n|-damage|p2a: Blissey|83\/100\n|-enditem|p2a: Blissey|Heavy-Duty Boots|[from] move: Knock Off|[of] p1a: Gliscor\n|move|p2a: Blissey|Shadow Ball|p1a: Gliscor\n|-damage|p1a: Gliscor|87\/100 tox\n|\n|-heal|p1a: Gliscor|99\/100 tox|[from] ability: Poison Heal\n|upkeep\n|turn|19\n|inactive|Boonty&Darth has 30 seconds left.\n|\n|t:|1700166067\n|switch|p2a: Ogerpon|Ogerpon-Wellspring, F|57\/100\n|-damage|p2a: Ogerpon|44\/100|[from] Spikes\n|-damage|p2a: Ogerpon|32\/100|[from] Stealth Rock\n|move|p1a: Gliscor|Knock Off|p2a: Ogerpon\n|-damage|p2a: Ogerpon|14\/100\n|\n|-heal|p1a: Gliscor|100\/100 tox|[from] ability: Poison Heal\n|upkeep\n|turn|20\n|inactive|Lily & MDB2 has 120 seconds left.\n|inactive|Boonty&Darth has 30 seconds left.\n|inactive|Boonty&Darth has 20 seconds left.\n|inactive|Boonty&Darth has 15 seconds left.\n|inactive|Boonty&Darth has 10 seconds left.\n|\n|t:|1700166094\n|switch|p1a: Amoonguss|Amoonguss, M|100\/100\n|-terastallize|p2a: Ogerpon|Water\n|detailschange|p2a: Ogerpon|Ogerpon-Wellspring-Tera, F, tera:Water\n|-ability|p2a: Ogerpon|Embody Aspect (Wellspring)|boost\n|-boost|p2a: Ogerpon|spd|1\n|move|p2a: Ogerpon|Horn Leech|p1a: Amoonguss\n|-resisted|p1a: Amoonguss\n|-damage|p1a: Amoonguss|92\/100\n|-heal|p2a: Ogerpon|20\/100|[from] drain|[of] p1a: Amoonguss\n|\n|upkeep\n|turn|21\n|inactive|Boonty&Darth has 20 seconds left this turn.\n|inactive|Lily & MDB2 has 120 seconds left.\n|inactive|Boonty&Darth has 15 seconds left.\n|inactive|Boonty&Darth has 10 seconds left.\n|inactive|Boonty&Darth has 5 seconds left.\n|\n|t:|1700166110\n|move|p2a: Ogerpon|Ivy Cudgel|p1a: Amoonguss|[anim] Ivy Cudgel Water\n|-resisted|p1a: Amoonguss\n|-damage|p1a: Amoonguss|63\/100\n|move|p1a: Amoonguss|Spore|p2a: Ogerpon\n|-status|p2a: Ogerpon|slp|[from] move: Spore\n|\n|upkeep\n|turn|22\n|inactive|Boonty&Darth has 15 seconds left this turn.\n|inactive|Lily & MDB2 has 120 seconds left.\n|inactive|Boonty&Darth has 10 seconds left.\n|inactive|Boonty&Darth has 5 seconds left.\n|\n|t:|1700166125\n|switch|p2a: Zapdos|Zapdos|100\/100\n|switch|p1a: Tornadus|Tornadus-Therian, M|100\/100\n|\n|upkeep\n|turn|23\n|inactive|Boonty&Darth has 15 seconds left this turn.\n|inactive|Boonty&Darth has 10 seconds left.\n|\n|t:|1700166132\n|switch|p1a: Ting-Lu|Ting-Lu|100\/100\n|-ability|p1a: Ting-Lu|Vessel of Ruin\n|move|p2a: Zapdos|Hurricane|p1a: Ting-Lu\n|-damage|p1a: Ting-Lu|79\/100\n|-start|p1a: Ting-Lu|confusion\n|\n|upkeep\n|turn|24\n|inactive|Boonty&Darth has 20 seconds left this turn.\n|inactive|Boonty&Darth has 15 seconds left.\n|inactive|Boonty&Darth has 10 seconds left.\n|inactive|Lily & MDB2 has 120 seconds left.\n|\n|t:|1700166158\n|move|p2a: Zapdos|Hurricane|p1a: Ting-Lu\n|-damage|p1a: Ting-Lu|59\/100\n|-activate|p1a: Ting-Lu|confusion\n|move|p1a: Ting-Lu|Ruination|p2a: Zapdos\n|-damage|p2a: Zapdos|50\/100\n|\n|upkeep\n|turn|25\n|inactive|Boonty&Darth has 20 seconds left this turn.\n|inactive|Boonty&Darth has 15 seconds left.\n|\n|t:|1700166176\n|move|p2a: Zapdos|Hurricane|p1a: Ting-Lu|[miss]\n|-miss|p2a: Zapdos|p1a: Ting-Lu\n|-activate|p1a: Ting-Lu|confusion\n|-damage|p1a: Ting-Lu|53\/100|[from] confusion\n|\n|upkeep\n|turn|26\n|inactive|Boonty&Darth has 25 seconds left this turn.\n|inactive|Boonty&Darth has 20 seconds left.\n|\n|t:|1700166187\n|move|p2a: Zapdos|Hurricane|p1a: Ting-Lu\n|-damage|p1a: Ting-Lu|32\/100\n|-end|p1a: Ting-Lu|confusion\n|move|p1a: Ting-Lu|Whirlwind|p2a: Zapdos\n|drag|p2a: Great Tusk|Great Tusk|57\/100\n|-damage|p2a: Great Tusk|44\/100|[from] Spikes\n|-damage|p2a: Great Tusk|41\/100|[from] Stealth Rock\n|\n|-heal|p2a: Great Tusk|48\/100|[from] item: Leftovers\n|upkeep\n|turn|27\n|inactive|Boonty&Darth has 30 seconds left this turn.\n|inactive|Boonty&Darth has 20 seconds left.\n|\n|t:|1700166211\n|switch|p1a: Gholdengo|Gholdengo|100\/100\n|move|p2a: Great Tusk|Rapid Spin|p1a: Gholdengo\n|-immune|p1a: Gholdengo\n|\n|-heal|p2a: Great Tusk|54\/100|[from] item: Leftovers\n|upkeep\n|turn|28\n|inactive|Boonty&Darth has 30 seconds left this turn.\n|inactive|Boonty&Darth has 20 seconds left.\n|inactive|Lily & MDB2 has 90 seconds left.\n|inactive|Boonty&Darth has 15 seconds left.\n|\n|t:|1700166238\n|move|p2a: Great Tusk|Ice Spinner|p1a: Gholdengo\n|-resisted|p1a: Gholdengo\n|-damage|p1a: Gholdengo|91\/100\n|move|p1a: Gholdengo|Dazzling Gleam|p2a: Great Tusk\n|-supereffective|p2a: Great Tusk\n|-damage|p2a: Great Tusk|0 fnt\n|faint|p2a: Great Tusk\n|-end|p2a: Great Tusk|Protosynthesis|[silent]\n|\n|upkeep\n|inactive|Boonty&Darth has 20 seconds left this turn.\n|inactive|Boonty&Darth has 15 seconds left.\n|inactive|Boonty&Darth has 10 seconds left.\n|\n|t:|1700166251\n|switch|p2a: Zapdos|Zapdos|50\/100\n|turn|29\n|inactive|Boonty&Darth has 20 seconds left this turn.\n|inactive|Lily & MDB2 has 90 seconds left.\n|inactive|Boonty&Darth has 15 seconds left.\n|\n|t:|1700166268\n|move|p2a: Zapdos|Heat Wave|p1a: Gholdengo\n|-supereffective|p1a: Gholdengo\n|-damage|p1a: Gholdengo|37\/100\n|move|p1a: Gholdengo|Shadow Ball|p2a: Zapdos\n|-damage|p2a: Zapdos|19\/100\n|\n|upkeep\n|turn|30\n|inactive|Boonty&Darth has 25 seconds left this turn.\n|inactive|Boonty&Darth has 20 seconds left.\n|inactive|Lily & MDB2 has 60 seconds left.\n|\n|t:|1700166301\n|switch|p1a: Gliscor|Gliscor, M|100\/100 tox\n|-damage|p1a: Gliscor|88\/100 tox|[from] Stealth Rock\n|move|p2a: Zapdos|Heat Wave|p1a: Gliscor\n|-damage|p1a: Gliscor|66\/100 tox\n|\n|-heal|p1a: Gliscor|78\/100 tox|[from] ability: Poison Heal\n|upkeep\n|turn|31\n|inactive|Boonty&Darth has 30 seconds left this turn.\n|inactive|Lily & MDB2 has 60 seconds left.\n|inactive|Boonty&Darth has 20 seconds left.\n|\n|t:|1700166316\n|move|p2a: Zapdos|Hurricane|p1a: Gliscor\n|-damage|p1a: Gliscor|39\/100 tox\n|-start|p1a: Gliscor|confusion\n|-activate|p1a: Gliscor|confusion\n|-damage|p1a: Gliscor|32\/100 tox|[from] confusion\n|\n|-heal|p1a: Gliscor|44\/100 tox|[from] ability: Poison Heal\n|upkeep\n|turn|32\n|inactive|Boonty&Darth has 30 seconds left this turn.\n|inactive|Lily & MDB2 has 60 seconds left.\n|inactive|Boonty&Darth has 20 seconds left.\n|\n|t:|1700166338\n|move|p2a: Zapdos|Hurricane|p1a: Gliscor\n|-damage|p1a: Gliscor|2\/100 tox\n|-activate|p1a: Gliscor|confusion\n|-damage|p1a: Gliscor|0 fnt|[from] confusion\n|faint|p1a: Gliscor\n|\n|upkeep\n|inactive|Boonty&Darth has 25 seconds left this turn.\n|j| Zenadark\n|\n|t:|1700166358\n|switch|p1a: Tornadus|Tornadus-Therian, M|100\/100\n|turn|33\n|inactive|Boonty&Darth has 30 seconds left.\n|\n|t:|1700166363\n|move|p1a: Tornadus|Heat Wave|p2a: Zapdos\n|-damage|p2a: Zapdos|0 fnt\n|faint|p2a: Zapdos\n|\n|upkeep\n|inactive|Boonty&Darth has 30 seconds left.\n|l| Zenadark\n|inactive|Boonty&Darth has 20 seconds left.\n|inactive|Boonty&Darth has 15 seconds left.\n|\n|t:|1700166384\n|switch|p2a: Dragapult|Dragapult, M|100\/100\n|-damage|p2a: Dragapult|88\/100|[from] Spikes\n|-damage|p2a: Dragapult|76\/100|[from] Stealth Rock\n|turn|34\n|inactive|Boonty&Darth has 25 seconds left this turn.\n|inactive|Boonty&Darth has 20 seconds left.\n|inactive|Boonty&Darth has 15 seconds left.\n|\n|t:|1700166411\n|switch|p1a: Ting-Lu|Ting-Lu|32\/100\n|-ability|p1a: Ting-Lu|Vessel of Ruin\n|move|p2a: Dragapult|Shadow Ball|p1a: Ting-Lu\n|-resisted|p1a: Ting-Lu\n|-damage|p1a: Ting-Lu|20\/100\n|-unboost|p1a: Ting-Lu|spd|1\n|\n|upkeep\n|turn|35\n|inactive|Boonty&Darth has 25 seconds left this turn.\n|inactive|Boonty&Darth has 20 seconds left.\n|inactive|Boonty&Darth has 15 seconds left.\n|inactive|Lily & MDB2 has 30 seconds left.\n|inactive|Boonty&Darth has 10 seconds left.\n|inactive|Lily & MDB2 has 20 seconds left.\n|inactive|Lily & MDB2 has 15 seconds left.\n|inactive|Lily & MDB2 has 10 seconds left.\n|\n|t:|1700166446\n|move|p2a: Dragapult|Shadow Ball|p1a: Ting-Lu\n|-resisted|p1a: Ting-Lu\n|-damage|p1a: Ting-Lu|1\/100\n|move|p1a: Ting-Lu|Earthquake|p2a: Dragapult\n|-damage|p2a: Dragapult|29\/100\n|\n|upkeep\n|turn|36\n|inactive|Lily & MDB2 has 20 seconds left this turn.\n|inactive|Boonty&Darth has 20 seconds left this turn.\n|inactive|Lily & MDB2 has 15 seconds left.\n|inactive|Boonty&Darth has 15 seconds left.\n|inactive|Lily & MDB2 has 10 seconds left.\n|\n|t:|1700166458\n|move|p2a: Dragapult|Shadow Ball|p1a: Ting-Lu\n|-resisted|p1a: Ting-Lu\n|-damage|p1a: Ting-Lu|0 fnt\n|faint|p1a: Ting-Lu\n|\n|upkeep\n|inactive|Lily & MDB2 has 15 seconds left this turn.\n|inactive|Boonty&Darth has 20 seconds left this turn.\n|inactive|Lily & MDB2 has 10 seconds left.\n|\n|t:|1700166466\n|switch|p1a: Clefable|Clefable, M|89\/100\n|-damage|p1a: Clefable|76\/100|[from] Stealth Rock\n|turn|37\n|inactive|Lily & MDB2 has 20 seconds left this turn.\n|inactive|Boonty&Darth has 30 seconds left this turn.\n|inactive|Boonty&Darth has 20 seconds left.\n|\n|t:|1700166480\n|move|p2a: Dragapult|Shadow Ball|p1a: Clefable\n|-damage|p1a: Clefable|31\/100\n|move|p1a: Clefable|Moonblast|p2a: Dragapult\n|-supereffective|p2a: Dragapult\n|-damage|p2a: Dragapult|0 fnt\n|faint|p2a: Dragapult\n|\n|upkeep\n|inactive|Lily & MDB2 has 25 seconds left this turn.\n|inactive|Boonty&Darth has 25 seconds left this turn.\n|inactive|Boonty&Darth has 20 seconds left.\n|inactive|Boonty&Darth has 15 seconds left.\n|inactive|Boonty&Darth has 10 seconds left.\n|\n|t:|1700166495\n|switch|p2a: Kingambit|Kingambit, F|100\/100\n|-damage|p2a: Kingambit|88\/100|[from] Spikes\n|-damage|p2a: Kingambit|82\/100|[from] Stealth Rock\n|-activate|p2a: Kingambit|ability: Supreme Overlord\n|-start|p2a: Kingambit|fallen3|[silent]\n|turn|38\n|inactive|Boonty&Darth has 20 seconds left this turn.\n|inactive|Boonty&Darth has 15 seconds left.\n|\n|t:|1700166504\n|move|p2a: Kingambit|Iron Head|p1a: Clefable\n|-supereffective|p1a: Clefable\n|-damage|p1a: Clefable|0 fnt\n|faint|p1a: Clefable\n|\n|upkeep\n|inactive|Boonty&Darth has 20 seconds left this turn.\n|inactive|Lily & MDB2 has 30 seconds left.\n|\n|t:|1700166516\n|switch|p1a: Tornadus|Tornadus-Therian, M|100\/100\n|turn|39\n|inactive|Boonty&Darth has 30 seconds left this turn.\n|inactive|Boonty&Darth has 20 seconds left.\n|\n|t:|1700166528\n|-terastallize|p1a: Tornadus|Fire\n|move|p2a: Kingambit|Sucker Punch|p1a: Tornadus\n|-damage|p1a: Tornadus|31\/100\n|move|p1a: Tornadus|Heat Wave|p2a: Kingambit\n|-supereffective|p2a: Kingambit\n|-damage|p2a: Kingambit|0 fnt\n|faint|p2a: Kingambit\n|-end|p2a: Kingambit|fallen3|[silent]\n|\n|upkeep\n|inactive|Boonty&Darth has 25 seconds left this turn.\n|inactive|Boonty&Darth has 20 seconds left.\n|inactive|Boonty&Darth has 15 seconds left.\n|\n|t:|1700166543\n|switch|p2a: Blissey|Blissey, F|83\/100\n|-damage|p2a: Blissey|71\/100|[from] Spikes\n|-damage|p2a: Blissey|58\/100|[from] Stealth Rock\n|turn|40\n|inactive|Boonty&Darth has 25 seconds left this turn.\n|inactive|Boonty&Darth has 20 seconds left.\n|\n|t:|1700166552\n|switch|p1a: Amoonguss|Amoonguss, M|97\/100\n|move|p2a: Blissey|Seismic Toss|p1a: Amoonguss\n|-damage|p1a: Amoonguss|74\/100\n|\n|upkeep\n|turn|41\n|inactive|Boonty&Darth has 30 seconds left this turn.\n|\n|t:|1700166562\n|move|p2a: Blissey|Seismic Toss|p1a: Amoonguss\n|-damage|p1a: Amoonguss|50\/100\n|move|p1a: Amoonguss|Sludge Bomb|p2a: Blissey\n|-damage|p2a: Blissey|49\/100\n|\n|upkeep\n|turn|42\n|inactive|Boonty&Darth has 30 seconds left.\n|\n|t:|1700166569\n|move|p2a: Blissey|Seismic Toss|p1a: Amoonguss\n|-damage|p1a: Amoonguss|27\/100\n|move|p1a: Amoonguss|Sludge Bomb|p2a: Blissey\n|-damage|p2a: Blissey|38\/100\n|\n|upkeep\n|turn|43\n|\n|t:|1700166576\n|switch|p1a: Tornadus|Tornadus-Therian, M, tera:Fire|64\/100\n|move|p2a: Blissey|Soft-Boiled|p2a: Blissey\n|-heal|p2a: Blissey|88\/100\n|\n|upkeep\n|turn|44\n|\n|t:|1700166585\n|switch|p1a: Amoonguss|Amoonguss, M|61\/100\n|move|p2a: Blissey|Seismic Toss|p1a: Amoonguss\n|-damage|p1a: Amoonguss|38\/100\n|\n|upkeep\n|turn|45\n|\n|t:|1700166591\n|switch|p1a: Tornadus|Tornadus-Therian, M, tera:Fire|97\/100\n|move|p2a: Blissey|Seismic Toss|p1a: Tornadus\n|-damage|p1a: Tornadus|65\/100\n|\n|upkeep\n|turn|46\n|\n|t:|1700166597\n|switch|p1a: Amoonguss|Amoonguss, M|71\/100\n|move|p2a: Blissey|Seismic Toss|p1a: Amoonguss\n|-damage|p1a: Amoonguss|48\/100\n|\n|upkeep\n|turn|47\n|\n|t:|1700166603\n|move|p2a: Blissey|Seismic Toss|p1a: Amoonguss\n|-damage|p1a: Amoonguss|25\/100\n|move|p1a: Amoonguss|Sludge Bomb|p2a: Blissey\n|-damage|p2a: Blissey|79\/100\n|-status|p2a: Blissey|psn\n|\n|-damage|p2a: Blissey|66\/100 psn|[from] psn\n|upkeep\n|turn|48\n|inactive|Boonty&Darth has 60 seconds left.\n|\n|t:|1700166613\n|-curestatus|p2a: Blissey|psn|[from] ability: Natural Cure\n|switch|p2a: Ogerpon|Ogerpon-Wellspring-Tera, F, tera:Water|20\/100 slp\n|-damage|p2a: Ogerpon|8\/100 slp|[from] Spikes\n|-damage|p2a: Ogerpon|0 fnt|[from] Stealth Rock\n|faint|p2a: Ogerpon\n|switch|p1a: Tornadus|Tornadus-Therian, M, tera:Fire|98\/100\n|\n|upkeep\n|inactive|Boonty&Darth has 60 seconds left.\n|\n|t:|1700166622\n|switch|p2a: Blissey|Blissey, F|66\/100\n|-damage|p2a: Blissey|54\/100|[from] Spikes\n|-damage|p2a: Blissey|41\/100|[from] Stealth Rock\n|turn|49\n|inactive|Boonty&Darth has 60 seconds left.\n|\n|t:|1700166636\n|move|p1a: Tornadus|Nasty Plot|p1a: Tornadus\n|-boost|p1a: Tornadus|spa|2\n|move|p2a: Blissey|Seismic Toss|p1a: Tornadus\n|-damage|p1a: Tornadus|66\/100\n|\n|upkeep\n|turn|50\n|\n|t:|1700166643\n|move|p1a: Tornadus|Heat Wave|p2a: Blissey\n|-damage|p2a: Blissey|10\/100\n|move|p2a: Blissey|Seismic Toss|p1a: Tornadus\n|-damage|p1a: Tornadus|34\/100\n|\n|upkeep\n|turn|51\n|\n|t:|1700166650\n|move|p1a: Tornadus|Heat Wave|p2a: Blissey\n|-damage|p2a: Blissey|0 fnt\n|faint|p2a: Blissey\n|\n|win|Lily & MDB2\n|c|\u2606Lily & MDB2|gg\n|c|\u2606Boonty&Darth|gg\n|c| BlackRabbit85|gg\n|c|\u2606Boonty&Darth|gen8\n|l|\u2606Boonty&Darth\n|l| Flolapoule\n|l| BlackRabbit85\n|player|p1|Lily & MDB2|265\n","uploadtime":1700166679,"views":48,"p1id":"lilymdb2","p2id":"boontydarth","formatid":"gen9ubers","rating":0,"private":0,"password":""}