{"id":"gen9ubers-1979573142","p1":"whaud","p2":"angl3r","format":"[Gen 9] Ubers","log":"|j|\u2606whaud\n|j|\u203dangl3r\n|t:|1698693387\n|gametype|singles\n|player|p1|whaud|alain|\n|player|p2|angl3r|iris|\n|teamsize|p1|6\n|teamsize|p2|6\n|gen|9\n|tier|[Gen 9] Ubers\n|rule|Sleep Clause Mod: Limit one foe put to sleep\n|rule|Species Clause: Limit one of each Pok\u00e9mon\n|rule|OHKO Clause: OHKO moves are banned\n|rule|Evasion Items Clause: Evasion items are banned\n|rule|Evasion Moves Clause: Evasion moves are banned\n|rule|Endless Battle Clause: Forcing endless battles is banned\n|rule|HP Percentage Mod: HP is shown in percentages\n|clearpoke\n|poke|p1|Cyclizar, F|\n|poke|p1|Palkia-Origin|\n|poke|p1|Magearna|\n|poke|p1|Palafin, M|\n|poke|p1|Zacian-*|\n|poke|p1|Arceus-Fighting|\n|poke|p2|Basculegion-F, F|\n|poke|p2|Magearna|\n|poke|p2|Cyclizar, F|\n|poke|p2|Zacian-*|\n|poke|p2|Palkia-Origin|\n|poke|p2|Arceus-Poison|\n|teampreview\n|\n|t:|1698693399\n|start\n|switch|p1a: Cyclizar|Cyclizar, F|100\/100\n|switch|p2a: Palkia|Palkia-Origin|100\/100\n|-ability|p2a: Palkia|Pressure\n|turn|1\n|\n|t:|1698693404\n|move|p1a: Cyclizar|Shed Tail|p1a: Cyclizar\n|-start|p1a: Cyclizar|Substitute|[from] move: Shed Tail\n|-damage|p1a: Cyclizar|50\/100\n|\n|t:|1698693406\n|switch|p1a: Magearna|Magearna|100\/100|[from] Shed Tail\n|move|p2a: Palkia|Hydro Pump|p1a: Magearna|[miss]\n|-miss|p2a: Palkia|p1a: Magearna\n|\n|upkeep\n|turn|2\n|\n|t:|1698693411\n|switch|p2a: Cyclizar|Cyclizar, F|100\/100\n|move|p1a: Magearna|Calm Mind|p1a: Magearna\n|-boost|p1a: Magearna|spa|1\n|-boost|p1a: Magearna|spd|1\n|\n|upkeep\n|turn|3\n|\n|t:|1698693415\n|move|p2a: Cyclizar|Taunt|p1a: Magearna\n|-start|p1a: Magearna|move: Taunt\n|cant|p1a: Magearna|move: Taunt|Calm Mind\n|\n|upkeep\n|turn|4\n|\n|t:|1698693419\n|switch|p2a: Arceus|Arceus-Poison|100\/100\n|move|p1a: Magearna|Draining Kiss|p2a: Arceus\n|-resisted|p2a: Arceus\n|-damage|p2a: Arceus|89\/100\n|\n|upkeep\n|turn|5\n|\n|t:|1698693425\n|switch|p2a: Zacian|Zacian|100\/100\n|-ability|p2a: Zacian|Intrepid Sword|boost\n|-boost|p2a: Zacian|atk|1\n|move|p1a: Magearna|Stored Power|p2a: Zacian\n|-damage|p2a: Zacian|78\/100\n|\n|-end|p1a: Magearna|move: Taunt\n|upkeep\n|turn|6\n|\n|t:|1698693428\n|move|p2a: Zacian|Close Combat|p1a: Magearna\n|-end|p1a: Magearna|Substitute\n|-unboost|p2a: Zacian|def|1\n|-unboost|p2a: Zacian|spd|1\n|move|p1a: Magearna|Iron Defense|p1a: Magearna\n|-boost|p1a: Magearna|def|2\n|\n|upkeep\n|turn|7\n|\n|t:|1698693433\n|-terastallize|p2a: Zacian|Fighting\n|move|p2a: Zacian|Close Combat|p1a: Magearna\n|-crit|p1a: Magearna\n|-damage|p1a: Magearna|0 fnt\n|-unboost|p2a: Zacian|def|1\n|-unboost|p2a: Zacian|spd|1\n|faint|p1a: Magearna\n|\n|upkeep\n|\n|t:|1698693441\n|switch|p1a: Cyclizar|Cyclizar, F|84\/100\n|turn|8\n|\n|t:|1698693444\n|move|p1a: Cyclizar|Shed Tail|p1a: Cyclizar\n|-start|p1a: Cyclizar|Substitute|[from] move: Shed Tail\n|-damage|p1a: Cyclizar|34\/100\n|\n|t:|1698693449\n|switch|p1a: Arceus|Arceus-Fighting|100\/100|[from] Shed Tail\n|move|p2a: Zacian|Close Combat|p1a: Arceus\n|-end|p1a: Arceus|Substitute\n|-unboost|p2a: Zacian|def|1\n|-unboost|p2a: Zacian|spd|1\n|\n|upkeep\n|turn|9\n|\n|t:|1698693461\n|move|p2a: Zacian|Close Combat|p1a: Arceus\n|-damage|p1a: Arceus|31\/100\n|-unboost|p2a: Zacian|def|1\n|-unboost|p2a: Zacian|spd|1\n|move|p1a: Arceus|Cosmic Power|p1a: Arceus\n|-boost|p1a: Arceus|def|1\n|-boost|p1a: Arceus|spd|1\n|\n|upkeep\n|turn|10\n|\n|t:|1698693466\n|move|p2a: Zacian|Close Combat|p1a: Arceus\n|-damage|p1a: Arceus|0 fnt\n|-unboost|p2a: Zacian|def|1\n|-unboost|p2a: Zacian|spd|1\n|faint|p1a: Arceus\n|\n|upkeep\n|\n|t:|1698693470\n|switch|p1a: Palafin|Palafin, M|100\/100\n|turn|11\n|\n|t:|1698693473\n|detailschange|p1a: Palafin|Palafin-Hero, M\n|switch|p1a: Cyclizar|Cyclizar, F|67\/100\n|move|p2a: Zacian|Close Combat|p1a: Cyclizar\n|-supereffective|p1a: Cyclizar\n|-crit|p1a: Cyclizar\n|-damage|p1a: Cyclizar|0 fnt\n|-unboost|p2a: Zacian|def|1\n|-unboost|p2a: Zacian|spd|1\n|faint|p1a: Cyclizar\n|\n|upkeep\n|\n|t:|1698693477\n|switch|p1a: Zacian|Zacian|100\/100\n|-ability|p1a: Zacian|Intrepid Sword|boost\n|-boost|p1a: Zacian|atk|1\n|turn|12\n|\n|t:|1698693481\n|switch|p2a: Arceus|Arceus-Poison|89\/100\n|move|p1a: Zacian|Play Rough|p2a: Arceus\n|-resisted|p2a: Arceus\n|-damage|p2a: Arceus|57\/100\n|\n|upkeep\n|turn|13\n|\n|t:|1698693485\n|move|p1a: Zacian|Play Rough|p2a: Arceus\n|-resisted|p2a: Arceus\n|-damage|p2a: Arceus|22\/100\n|move|p2a: Arceus|Cosmic Power|p2a: Arceus\n|-boost|p2a: Arceus|def|1\n|-boost|p2a: Arceus|spd|1\n|\n|upkeep\n|turn|14\n|\n|t:|1698693491\n|move|p1a: Zacian|Play Rough|p2a: Arceus|[miss]\n|-miss|p1a: Zacian|p2a: Arceus\n|move|p2a: Arceus|Recover|p2a: Arceus\n|-heal|p2a: Arceus|72\/100\n|\n|upkeep\n|turn|15\n|\n|t:|1698693493\n|move|p1a: Zacian|Play Rough|p2a: Arceus\n|-resisted|p2a: Arceus\n|-damage|p2a: Arceus|50\/100\n|-unboost|p2a: Arceus|atk|1\n|move|p2a: Arceus|Cosmic Power|p2a: Arceus\n|-boost|p2a: Arceus|def|1\n|-boost|p2a: Arceus|spd|1\n|\n|upkeep\n|turn|16\n|\n|t:|1698693497\n|move|p1a: Zacian|Play Rough|p2a: Arceus\n|-resisted|p2a: Arceus\n|-damage|p2a: Arceus|33\/100\n|move|p2a: Arceus|Recover|p2a: Arceus\n|-heal|p2a: Arceus|83\/100\n|\n|upkeep\n|turn|17\n|\n|t:|1698693500\n|move|p1a: Zacian|Play Rough|p2a: Arceus\n|-resisted|p2a: Arceus\n|-damage|p2a: Arceus|68\/100\n|move|p2a: Arceus|Cosmic Power|p2a: Arceus\n|-boost|p2a: Arceus|def|1\n|-boost|p2a: Arceus|spd|1\n|\n|upkeep\n|turn|18\n|\n|t:|1698693503\n|move|p1a: Zacian|Play Rough|p2a: Arceus|[miss]\n|-miss|p1a: Zacian|p2a: Arceus\n|move|p2a: Arceus|Recover|p2a: Arceus\n|-heal|p2a: Arceus|100\/100\n|\n|upkeep\n|turn|19\n|\n|t:|1698693504\n|move|p1a: Zacian|Play Rough|p2a: Arceus\n|-resisted|p2a: Arceus\n|-crit|p2a: Arceus\n|-damage|p2a: Arceus|55\/100\n|move|p2a: Arceus|Cosmic Power|p2a: Arceus\n|-boost|p2a: Arceus|def|1\n|-boost|p2a: Arceus|spd|1\n|\n|upkeep\n|turn|20\n|\n|t:|1698693506\n|move|p1a: Zacian|Play Rough|p2a: Arceus\n|-resisted|p2a: Arceus\n|-damage|p2a: Arceus|45\/100\n|move|p2a: Arceus|Cosmic Power|p2a: Arceus\n|-boost|p2a: Arceus|def|1\n|-boost|p2a: Arceus|spd|1\n|\n|upkeep\n|turn|21\n|\n|t:|1698693507\n|move|p1a: Zacian|Play Rough|p2a: Arceus\n|-resisted|p2a: Arceus\n|-damage|p2a: Arceus|36\/100\n|move|p2a: Arceus|Recover|p2a: Arceus\n|-heal|p2a: Arceus|86\/100\n|\n|upkeep\n|turn|22\n|\n|t:|1698693510\n|move|p1a: Zacian|Play Rough|p2a: Arceus\n|-resisted|p2a: Arceus\n|-damage|p2a: Arceus|77\/100\n|move|p2a: Arceus|Cosmic Power|p2a: Arceus\n|-boost|p2a: Arceus|def|1\n|-boost|p2a: Arceus|spd|1\n|\n|upkeep\n|turn|23\n|\n|t:|1698693512\n|move|p1a: Zacian|Play Rough|p2a: Arceus\n|-resisted|p2a: Arceus\n|-damage|p2a: Arceus|68\/100\n|move|p2a: Arceus|Recover|p2a: Arceus\n|-heal|p2a: Arceus|100\/100\n|\n|upkeep\n|turn|24\n|\n|t:|1698693514\n|move|p1a: Zacian|Play Rough|p2a: Arceus\n|-resisted|p2a: Arceus\n|-damage|p2a: Arceus|92\/100\n|-unboost|p2a: Arceus|atk|1\n|move|p2a: Arceus|Stored Power|p1a: Zacian\n|-damage|p1a: Zacian|39\/100\n|\n|upkeep\n|turn|25\n|\n|t:|1698693516\n|move|p1a: Zacian|Play Rough|p2a: Arceus\n|-resisted|p2a: Arceus\n|-damage|p2a: Arceus|84\/100\n|move|p2a: Arceus|Stored Power|p1a: Zacian\n|-damage|p1a: Zacian|0 fnt\n|faint|p1a: Zacian\n|\n|upkeep\n|\n|t:|1698693518\n|switch|p1a: Palafin|Palafin-Hero, M|100\/100\n|-activate|p1a: Palafin|ability: Zero to Hero\n|turn|26\n|\n|t:|1698693521\n|move|p1a: Palafin|Jet Punch|p2a: Arceus\n|-damage|p2a: Arceus|79\/100\n|move|p2a: Arceus|Stored Power|p1a: Palafin\n|-crit|p1a: Palafin\n|-damage|p1a: Palafin|31\/100\n|\n|-heal|p1a: Palafin|37\/100|[from] item: Leftovers\n|upkeep\n|turn|27\n|\n|t:|1698693524\n|move|p1a: Palafin|Jet Punch|p2a: Arceus\n|-damage|p2a: Arceus|73\/100\n|move|p2a: Arceus|Stored Power|p1a: Palafin\n|-damage|p1a: Palafin|0 fnt\n|faint|p1a: Palafin\n|\n|upkeep\n|\n|t:|1698693526\n|switch|p1a: Palkia|Palkia-Origin|100\/100\n|-ability|p1a: Palkia|Pressure\n|turn|28\n|\n|t:|1698693529\n|move|p2a: Arceus|Stored Power|p1a: Palkia\n|-damage|p1a: Palkia|40\/100\n|move|p1a: Palkia|Substitute|p1a: Palkia\n|-start|p1a: Palkia|Substitute\n|-damage|p1a: Palkia|15\/100\n|\n|upkeep\n|turn|29\n|\n|t:|1698693533\n|move|p1a: Palkia|Hydro Pump|p2a: Arceus\n|-damage|p2a: Arceus|60\/100\n|move|p2a: Arceus|Stored Power|p1a: Palkia\n|-end|p1a: Palkia|Substitute\n|\n|upkeep\n|turn|30\n|\n|t:|1698693535\n|move|p1a: Palkia|Hydro Pump|p2a: Arceus\n|-damage|p2a: Arceus|46\/100\n|move|p2a: Arceus|Stored Power|p1a: Palkia\n|-damage|p1a: Palkia|0 fnt\n|faint|p1a: Palkia\n|\n|win|angl3r\n","uploadtime":1698693617,"views":16,"p1id":"whaud","p2id":"angl3r","formatid":"gen9ubers","rating":0,"private":0,"password":""}