{"id":"gen9ubers-1970642836","p1":"DragoFox3","p2":"MeteorAsh15","format":"[Gen 9] Ubers","log":"|j|\u2606DragoFox3\n|j|\u2606MeteorAsh15\n|t:|1697654727\n|gametype|singles\n|player|p1|DragoFox3|pokemonbreeder-gen4|1061\n|player|p2|MeteorAsh15|nate|1150\n|teamsize|p1|6\n|teamsize|p2|6\n|gen|9\n|tier|[Gen 9] Ubers\n|rated|\n|rule|Sleep Clause Mod: Limit one foe put to sleep\n|rule|Species Clause: Limit one of each Pok\u00e9mon\n|rule|OHKO Clause: OHKO moves are banned\n|rule|Evasion Items Clause: Evasion items are banned\n|rule|Evasion Moves Clause: Evasion moves are banned\n|rule|Endless Battle Clause: Forcing endless battles is banned\n|rule|HP Percentage Mod: HP is shown in percentages\n|clearpoke\n|poke|p1|Slaking, M|\n|poke|p1|Regidrago|\n|poke|p1|Kyogre|\n|poke|p1|Hoopa-Unbound|\n|poke|p1|Goodra-Hisui, F|\n|poke|p1|Calyrex-Ice|\n|poke|p2|Baxcalibur, F|\n|poke|p2|Ninetales-Alola, F|\n|poke|p2|Koraidon|\n|poke|p2|Zacian-*|\n|poke|p2|Tornadus, M|\n|poke|p2|Ribombee, F|\n|teampreview\n|inactive|Battle timer is ON: inactive players will automatically lose when time's up. (requested by DragoFox3)\n|\n|t:|1697654734\n|start\n|switch|p1a: Kyogre|Kyogre, shiny|100\/100\n|switch|p2a: Ribombee|Ribombee, F, shiny|100\/100\n|-weather|RainDance|[from] ability: Drizzle|[of] p1a: Kyogre\n|turn|1\n|\n|t:|1697654742\n|move|p1a: Kyogre|Water Spout|p2a: Ribombee\n|-enditem|p2a: Ribombee|Focus Sash\n|-damage|p2a: Ribombee|1\/100\n|move|p2a: Ribombee|Sticky Web|p1a: Kyogre\n|-sidestart|p1: DragoFox3|move: Sticky Web\n|\n|-weather|RainDance|[upkeep]\n|upkeep\n|turn|2\n|\n|t:|1697654751\n|move|p1a: Kyogre|Water Spout|p2a: Ribombee\n|-damage|p2a: Ribombee|0 fnt\n|faint|p2a: Ribombee\n|\n|-weather|RainDance|[upkeep]\n|upkeep\n|\n|t:|1697654758\n|switch|p2a: Koraidon|Koraidon|100\/100\n|-weather|SunnyDay|[from] ability: Orichalcum Pulse|[of] p2a: Koraidon\n|-activate|p2a: Koraidon|Orichalcum Pulse|[source]\n|turn|3\n|\n|t:|1697654764\n|switch|p1a: Unbound|Hoopa-Unbound|100\/100\n|-activate|p1a: Unbound|move: Sticky Web\n|-unboost|p1a: Unbound|spe|1\n|move|p2a: Koraidon|Collision Course|p1a: Unbound\n|-damage|p1a: Unbound|21\/100\n|\n|-weather|SunnyDay|[upkeep]\n|upkeep\n|turn|4\n|\n|t:|1697654774\n|move|p2a: Koraidon|Dragon Claw|p1a: Unbound\n|-damage|p1a: Unbound|0 fnt\n|faint|p1a: Unbound\n|\n|-weather|SunnyDay|[upkeep]\n|upkeep\n|\n|t:|1697654780\n|switch|p1a: Kyogre|Kyogre, shiny|100\/100\n|-activate|p1a: Kyogre|move: Sticky Web\n|-unboost|p1a: Kyogre|spe|1\n|-weather|RainDance|[from] ability: Drizzle|[of] p1a: Kyogre\n|turn|5\n|\n|t:|1697654790\n|switch|p2a: Zacian|Zacian-Crowned, shiny|100\/100\n|-ability|p2a: Zacian|Intrepid Sword|boost\n|-boost|p2a: Zacian|atk|1\n|move|p1a: Kyogre|Chilling Water|p2a: Zacian\n|-damage|p2a: Zacian|55\/100\n|-unboost|p2a: Zacian|atk|1\n|\n|-weather|RainDance|[upkeep]\n|upkeep\n|turn|6\n|\n|t:|1697654800\n|move|p2a: Zacian|Play Rough|p1a: Kyogre\n|-damage|p1a: Kyogre|41\/100\n|move|p1a: Kyogre|Chilling Water|p2a: Zacian\n|-damage|p2a: Zacian|8\/100\n|-unboost|p2a: Zacian|atk|1\n|\n|-weather|RainDance|[upkeep]\n|upkeep\n|turn|7\n|\n|t:|1697654809\n|move|p2a: Zacian|Play Rough|p1a: Kyogre\n|-damage|p1a: Kyogre|3\/100\n|move|p1a: Kyogre|Chilling Water|p2a: Zacian\n|-damage|p2a: Zacian|0 fnt\n|faint|p2a: Zacian\n|\n|-weather|RainDance|[upkeep]\n|upkeep\n|\n|t:|1697654821\n|switch|p2a: Koraidon|Koraidon|100\/100\n|-weather|SunnyDay|[from] ability: Orichalcum Pulse|[of] p2a: Koraidon\n|-activate|p2a: Koraidon|Orichalcum Pulse|[source]\n|turn|8\n|\n|t:|1697654826\n|move|p2a: Koraidon|Dragon Claw|p1a: Kyogre\n|-damage|p1a: Kyogre|0 fnt\n|faint|p1a: Kyogre\n|\n|-weather|SunnyDay|[upkeep]\n|upkeep\n|\n|t:|1697654829\n|switch|p1a: King Cal|Calyrex-Ice|100\/100\n|-ability|p1a: King Cal|As One\n|-ability|p1a: King Cal|Unnerve\n|-activate|p1a: King Cal|move: Sticky Web\n|-unboost|p1a: King Cal|spe|1\n|turn|9\n|\n|t:|1697654839\n|move|p2a: Koraidon|Flare Blitz|p1a: King Cal\n|-supereffective|p1a: King Cal\n|-damage|p1a: King Cal|0 fnt\n|faint|p1a: King Cal\n|-damage|p2a: Koraidon|61\/100|[from] Recoil\n|\n|-weather|SunnyDay|[upkeep]\n|upkeep\n|\n|t:|1697654845\n|switch|p1a: Dragoo|Goodra-Hisui, F, shiny|100\/100\n|-activate|p1a: Dragoo|move: Sticky Web\n|-unboost|p1a: Dragoo|spe|1\n|turn|10\n|\n|t:|1697654850\n|move|p2a: Koraidon|Collision Course|p1a: Dragoo\n|-supereffective|p1a: Dragoo\n|-damage|p1a: Dragoo|0 fnt\n|-ability|p1a: Dragoo|Gooey\n|-unboost|p2a: Koraidon|spe|1\n|faint|p1a: Dragoo\n|\n|-weather|SunnyDay|[upkeep]\n|upkeep\n|\n|t:|1697654861\n|switch|p1a: Regidrago|Regidrago|100\/100\n|-activate|p1a: Regidrago|move: Sticky Web\n|-unboost|p1a: Regidrago|spe|1\n|turn|11\n|\n|t:|1697654866\n|move|p1a: Regidrago|Draco Meteor|p2a: Koraidon\n|-supereffective|p2a: Koraidon\n|-damage|p2a: Koraidon|0 fnt\n|-unboost|p1a: Regidrago|spa|2\n|faint|p2a: Koraidon\n|\n|-weather|SunnyDay|[upkeep]\n|upkeep\n|\n|t:|1697654875\n|switch|p2a: Tornadus|Tornadus, M, shiny|100\/100\n|turn|12\n|\n|t:|1697654879\n|switch|p1a: Slaking|Slaking, M, shiny|100\/100\n|-activate|p1a: Slaking|move: Sticky Web\n|-unboost|p1a: Slaking|spe|1\n|move|p2a: Tornadus|Tailwind|p2a: Tornadus\n|-sidestart|p2: MeteorAsh15|move: Tailwind\n|\n|-weather|none\n|upkeep\n|turn|13\n|\n|t:|1697654890\n|move|p2a: Tornadus|U-turn|p1a: Slaking\n|-damage|p1a: Slaking|87\/100\n|\n|t:|1697654893\n|switch|p2a: Ninetales|Ninetales-Alola, F|100\/100|[from] U-turn\n|-weather|Snow|[from] ability: Snow Warning|[of] p2a: Ninetales\n|move|p1a: Slaking|Giga Impact|p2a: Ninetales\n|-damage|p2a: Ninetales|0 fnt\n|-mustrecharge|p1a: Slaking\n|faint|p2a: Ninetales\n|\n|-weather|Snow|[upkeep]\n|upkeep\n|\n|t:|1697654904\n|switch|p2a: Baxcalibur|Baxcalibur, F|100\/100\n|turn|14\n|\n|t:|1697654907\n|move|p2a: Baxcalibur|Swords Dance|p2a: Baxcalibur\n|-boost|p2a: Baxcalibur|atk|2\n|cant|p1a: Slaking|recharge\n|\n|-weather|Snow|[upkeep]\n|upkeep\n|turn|15\n|\n|t:|1697654914\n|move|p2a: Baxcalibur|Scale Shot|p1a: Slaking\n|-damage|p1a: Slaking|65\/100\n|-damage|p1a: Slaking|43\/100\n|-damage|p1a: Slaking|21\/100\n|-damage|p1a: Slaking|0 fnt\n|faint|p1a: Slaking\n|-hitcount|p1: Slaking|4\n|-unboost|p2a: Baxcalibur|def|1\n|-boost|p2a: Baxcalibur|spe|1\n|\n|-weather|Snow|[upkeep]\n|-sideend|p2: MeteorAsh15|move: Tailwind\n|upkeep\n|\n|t:|1697654917\n|switch|p1a: Regidrago|Regidrago|100\/100\n|-activate|p1a: Regidrago|move: Sticky Web\n|-unboost|p1a: Regidrago|spe|1\n|turn|16\n|\n|t:|1697654930\n|move|p2a: Baxcalibur|Icicle Spear|p1a: Regidrago\n|-supereffective|p1a: Regidrago\n|-damage|p1a: Regidrago|37\/100\n|-supereffective|p1a: Regidrago\n|-damage|p1a: Regidrago|0 fnt\n|faint|p1a: Regidrago\n|-hitcount|p1: Regidrago|2\n|\n|win|MeteorAsh15\n|raw|DragoFox3's rating: 1061 &rarr; <strong>1047<\/strong><br \/>(-14 for losing)\n|raw|MeteorAsh15's rating: 1150 &rarr; <strong>1169<\/strong><br \/>(+19 for winning)\n|c|\u2606DragoFox3|Gg\n|l|\u2606DragoFox3\n|c|\u2606MeteorAsh15|Gg\n","uploadtime":1697654947,"views":11,"p1id":"dragofox3","p2id":"meteorash15","formatid":"gen9ubers","rating":1047,"private":0,"password":""}