{"id":"gen9ubers-1993436652","p1":"Neyrix","p2":"Anne Frankkkk","format":"[Gen 9] Ubers","log":"|j|\u2606Neyrix\n|j|\u2606Anne Frankkkk\n|t:|1700317721\n|gametype|singles\n|player|p1|Neyrix|ghetsis|1167\n|player|p2|Anne Frankkkk|hilbert|1342\n|teamsize|p1|6\n|teamsize|p2|6\n|gen|9\n|tier|[Gen 9] Ubers\n|rated|\n|rule|Sleep Clause Mod: Limit one foe put to sleep\n|rule|Species Clause: Limit one of each Pok\u00e9mon\n|rule|OHKO Clause: OHKO moves are banned\n|rule|Evasion Items Clause: Evasion items are banned\n|rule|Evasion Moves Clause: Evasion moves are banned\n|rule|Endless Battle Clause: Forcing endless battles is banned\n|rule|HP Percentage Mod: HP is shown in percentages\n|clearpoke\n|poke|p1|Zacian-*|\n|poke|p1|Koraidon|\n|poke|p1|Flutter Mane|\n|poke|p1|Regieleki|\n|poke|p1|Ursaluna-Bloodmoon, M|\n|poke|p1|Roaring Moon|\n|poke|p2|Regieleki|\n|poke|p2|Kyogre|\n|poke|p2|Chien-Pao|\n|poke|p2|Ribombee, F|\n|poke|p2|Miraidon|\n|poke|p2|Flutter Mane|\n|teampreview\n|inactive|Battle timer is ON: inactive players will automatically lose when time's up. (requested by Neyrix)\n|\n|t:|1700317727\n|start\n|switch|p1a: Regieleki|Regieleki|100\/100\n|switch|p2a: Moonblast|Ribombee, F, shiny|100\/100\n|turn|1\n|\n|t:|1700317735\n|move|p1a: Regieleki|Thunder|p2a: Moonblast|[miss]\n|-miss|p1a: Regieleki|p2a: Moonblast\n|move|p2a: Moonblast|Sticky Web|p1a: Regieleki\n|-sidestart|p1: Neyrix|move: Sticky Web\n|\n|upkeep\n|turn|2\n|\n|t:|1700317743\n|switch|p2a: Misdreavius|Flutter Mane, shiny|100\/100\n|-enditem|p2a: Misdreavius|Booster Energy\n|-activate|p2a: Misdreavius|ability: Protosynthesis|[fromitem]\n|-start|p2a: Misdreavius|protosynthesisspe\n|move|p1a: Regieleki|Thunder|p2a: Misdreavius\n|-damage|p2a: Misdreavius|35\/100\n|\n|upkeep\n|turn|3\n|\n|t:|1700317753\n|move|p2a: Misdreavius|Moonblast|p1a: Regieleki\n|-damage|p1a: Regieleki|8\/100\n|-unboost|p1a: Regieleki|spa|1\n|move|p1a: Regieleki|Thunder|p2a: Misdreavius\n|-damage|p2a: Misdreavius|0 fnt\n|faint|p2a: Misdreavius\n|-end|p2a: Misdreavius|Protosynthesis|[silent]\n|\n|-heal|p1a: Regieleki|14\/100|[from] item: Leftovers\n|upkeep\n|\n|t:|1700317757\n|switch|p2a: Ice Cat|Chien-Pao|100\/100\n|-ability|p2a: Ice Cat|Sword of Ruin\n|turn|4\n|\n|t:|1700317767\n|move|p2a: Ice Cat|Sucker Punch|p1a: Regieleki\n|-damage|p1a: Regieleki|0 fnt\n|faint|p1a: Regieleki\n|\n|upkeep\n|\n|t:|1700317780\n|switch|p1a: Koraidon|Koraidon|100\/100\n|-activate|p1a: Koraidon|move: Sticky Web\n|-unboost|p1a: Koraidon|spe|1\n|-weather|SunnyDay|[from] ability: Orichalcum Pulse|[of] p1a: Koraidon\n|-activate|p1a: Koraidon|Orichalcum Pulse|[source]\n|turn|5\n|\n|t:|1700317788\n|move|p1a: Koraidon|Collision Course|p2a: Ice Cat\n|-supereffective|p2a: Ice Cat\n|-enditem|p2a: Ice Cat|Focus Sash\n|-damage|p2a: Ice Cat|1\/100\n|move|p2a: Ice Cat|Ice Spinner|p1a: Koraidon\n|-supereffective|p1a: Koraidon\n|-damage|p1a: Koraidon|0 fnt\n|faint|p1a: Koraidon\n|\n|-weather|SunnyDay|[upkeep]\n|upkeep\n|\n|t:|1700317805\n|switch|p1a: Zacian|Zacian|100\/100\n|-activate|p1a: Zacian|move: Sticky Web\n|-unboost|p1a: Zacian|spe|1\n|-ability|p1a: Zacian|Intrepid Sword|boost\n|-boost|p1a: Zacian|atk|1\n|turn|6\n|\n|t:|1700317817\n|move|p2a: Ice Cat|Ice Spinner|p1a: Zacian\n|-damage|p1a: Zacian|43\/100\n|move|p1a: Zacian|Sacred Sword|p2a: Ice Cat\n|-supereffective|p2a: Ice Cat\n|-damage|p2a: Ice Cat|0 fnt\n|faint|p2a: Ice Cat\n|-damage|p1a: Zacian|33\/100|[from] item: Life Orb\n|\n|-weather|SunnyDay|[upkeep]\n|upkeep\n|\n|t:|1700317826\n|switch|p2a: Bzzzzt|Regieleki, shiny|100\/100\n|turn|7\n|\n|t:|1700317833\n|switch|p1a: Ursaluna|Ursaluna-Bloodmoon, M|100\/100\n|-activate|p1a: Ursaluna|move: Sticky Web\n|-unboost|p1a: Ursaluna|spe|1\n|move|p2a: Bzzzzt|Volt Switch|p1a: Ursaluna\n|-immune|p1a: Ursaluna\n|\n|-weather|SunnyDay|[upkeep]\n|upkeep\n|turn|8\n|\n|t:|1700317847\n|switch|p2a: Moonblast|Ribombee, F, shiny|100\/100\n|move|p1a: Ursaluna|Earthquake|p2a: Moonblast\n|-resisted|p2a: Moonblast\n|-damage|p2a: Moonblast|66\/100\n|\n|-weather|SunnyDay|[upkeep]\n|upkeep\n|turn|9\n|\n|t:|1700317861\n|move|p2a: Moonblast|Stun Spore|p1a: Ursaluna\n|-status|p1a: Ursaluna|par\n|move|p1a: Ursaluna|Body Slam|p2a: Moonblast\n|-damage|p2a: Moonblast|6\/100\n|\n|-weather|none\n|upkeep\n|turn|10\n|\n|t:|1700317873\n|move|p2a: Moonblast|Moonblast|p1a: Ursaluna\n|-damage|p1a: Ursaluna|60\/100 par\n|cant|p1a: Ursaluna|par\n|\n|-heal|p1a: Ursaluna|66\/100 par|[from] item: Leftovers\n|upkeep\n|turn|11\n|\n|t:|1700317881\n|move|p2a: Moonblast|Moonblast|p1a: Ursaluna\n|-damage|p1a: Ursaluna|25\/100 par\n|cant|p1a: Ursaluna|par\n|\n|-heal|p1a: Ursaluna|31\/100 par|[from] item: Leftovers\n|upkeep\n|turn|12\n|\n|t:|1700317890\n|move|p2a: Moonblast|Moonblast|p1a: Ursaluna\n|-damage|p1a: Ursaluna|0 fnt\n|faint|p1a: Ursaluna\n|\n|upkeep\n|\n|t:|1700317904\n|switch|p1a: Flutter Mane|Flutter Mane|100\/100\n|-activate|p1a: Flutter Mane|move: Sticky Web\n|-unboost|p1a: Flutter Mane|spe|1\n|turn|13\n|\n|t:|1700317909\n|move|p2a: Moonblast|Moonblast|p1a: Flutter Mane\n|-damage|p1a: Flutter Mane|61\/100\n|move|p1a: Flutter Mane|Mystical Fire|p2a: Moonblast\n|-supereffective|p2a: Moonblast\n|-damage|p2a: Moonblast|0 fnt\n|faint|p2a: Moonblast\n|\n|-heal|p1a: Flutter Mane|67\/100|[from] item: Leftovers\n|upkeep\n|\n|t:|1700317917\n|switch|p2a: OHKO|Kyogre|100\/100\n|-weather|RainDance|[from] ability: Drizzle|[of] p2a: OHKO\n|turn|14\n|j| Too Many Caps\n|\n|t:|1700317928\n|move|p2a: OHKO|Water Spout|p1a: Flutter Mane\n|-damage|p1a: Flutter Mane|0 fnt\n|faint|p1a: Flutter Mane\n|-end|p1a: Flutter Mane|Protosynthesis|[silent]\n|\n|-weather|RainDance|[upkeep]\n|upkeep\n|\n|t:|1700317937\n|switch|p1a: Zacian|Zacian|33\/100\n|-activate|p1a: Zacian|move: Sticky Web\n|-unboost|p1a: Zacian|spe|1\n|turn|15\n|\n|t:|1700317942\n|move|p2a: OHKO|Water Spout|p1a: Zacian\n|-damage|p1a: Zacian|0 fnt\n|faint|p1a: Zacian\n|\n|-weather|RainDance|[upkeep]\n|upkeep\n|-message|Neyrix forfeited.\n|\n|win|Anne Frankkkk\n|raw|Neyrix's rating: 1167 &rarr; <strong>1154<\/strong><br \/>(-13 for losing)\n|raw|Anne Frankkkk's rating: 1342 &rarr; <strong>1353<\/strong><br \/>(+11 for winning)\n|l|\u2606Neyrix\n","uploadtime":1700317952,"views":5,"p1id":"neyrix","p2id":"annefrankkkk","formatid":"gen9ubers","rating":1154,"private":0,"password":""}