{"id":"gen9ubers-1989286978","p1":"VigilanteVigoroth","p2":"ash mars","format":"[Gen 9] Ubers","log":"|j|\u2606VigilanteVigoroth\n|j|\u2606ash mars\n|t:|1699832093\n|gametype|singles\n|player|p1|VigilanteVigoroth|#teamvictini|\n|player|p2|ash mars|jasmine|\n|teamsize|p1|6\n|teamsize|p2|6\n|gen|9\n|tier|[Gen 9] Ubers\n|rule|Sleep Clause Mod: Limit one foe put to sleep\n|rule|Species Clause: Limit one of each Pok\u00e9mon\n|rule|OHKO Clause: OHKO moves are banned\n|rule|Evasion Items Clause: Evasion items are banned\n|rule|Evasion Moves Clause: Evasion moves are banned\n|rule|Endless Battle Clause: Forcing endless battles is banned\n|rule|HP Percentage Mod: HP is shown in percentages\n|clearpoke\n|poke|p1|Baxcalibur, F|\n|poke|p1|Slowking-Galar, M|\n|poke|p1|Scizor, M|\n|poke|p1|Heatran, M|\n|poke|p1|Zacian-*|\n|poke|p1|Arceus-Ghost|\n|poke|p2|Arceus-Ice|\n|poke|p2|Magearna|\n|poke|p2|Palkia-Origin|\n|poke|p2|Palafin, F|\n|poke|p2|Houndstone, M|\n|poke|p2|Tyranitar, F|\n|teampreview\n|inactive|Battle timer is ON: inactive players will automatically lose when time's up. (requested by ash mars)\n|c|\u2606VigilanteVigoroth|gl\n|c|\u2606ash mars|hfhf\n|c|\u2606ash mars|i loaded up the wrong team fml\n|c|\u2606ash mars|gl tho lma0o\n|\n|t:|1699832120\n|start\n|switch|p1a: Scizor|Scizor, M|100\/100\n|switch|p2a: Palafin|Palafin, F|100\/100\n|turn|1\n|\n|t:|1699832145\n|move|p2a: Palafin|Flip Turn|p1a: Scizor\n|-damage|p1a: Scizor|68\/100\n|\n|t:|1699832157\n|detailschange|p2a: Palafin|Palafin-Hero, F\n|switch|p2a: Palkia|Palkia-Origin|100\/100|[from] Flip Turn\n|-ability|p2a: Palkia|Pressure\n|move|p1a: Scizor|U-turn|p2a: Palkia\n|-damage|p2a: Palkia|59\/100\n|inactive|VigilanteVigoroth has 270 seconds left.\n|inactive|VigilanteVigoroth has 240 seconds left.\n|\n|t:|1699832217\n|switch|p1a: Arceus|Arceus-Ghost|100\/100|[from] U-turn\n|\n|upkeep\n|turn|2\n|\n|t:|1699832221\n|move|p2a: Palkia|Hydro Pump|p1a: Arceus\n|-damage|p1a: Arceus|52\/100\n|move|p1a: Arceus|Judgment|p2a: Palkia\n|-damage|p2a: Palkia|15\/100\n|\n|upkeep\n|turn|3\n|\n|t:|1699832231\n|switch|p2a: Tyranitar|Tyranitar, F|100\/100\n|-weather|Sandstorm|[from] ability: Sand Stream|[of] p2a: Tyranitar\n|move|p1a: Arceus|Judgment|p2a: Tyranitar\n|-resisted|p2a: Tyranitar\n|-damage|p2a: Tyranitar|91\/100\n|\n|-weather|Sandstorm|[upkeep]\n|-damage|p1a: Arceus|46\/100|[from] Sandstorm\n|upkeep\n|turn|4\n|\n|t:|1699832244\n|move|p1a: Arceus|Will-O-Wisp|p2a: Tyranitar\n|-status|p2a: Tyranitar|brn\n|move|p2a: Tyranitar|Knock Off|p1a: Arceus\n|-supereffective|p1a: Arceus\n|-damage|p1a: Arceus|27\/100\n|\n|-weather|Sandstorm|[upkeep]\n|-damage|p1a: Arceus|21\/100|[from] Sandstorm\n|-damage|p2a: Tyranitar|85\/100 brn|[from] brn\n|upkeep\n|turn|5\n|\n|t:|1699832249\n|move|p1a: Arceus|Recover|p1a: Arceus\n|-heal|p1a: Arceus|71\/100\n|move|p2a: Tyranitar|Stealth Rock|p1a: Arceus\n|-sidestart|p1: VigilanteVigoroth|move: Stealth Rock\n|\n|-weather|Sandstorm|[upkeep]\n|-damage|p1a: Arceus|65\/100|[from] Sandstorm\n|-damage|p2a: Tyranitar|78\/100 brn|[from] brn\n|upkeep\n|turn|6\n|inactive|VigilanteVigoroth has 270 seconds left.\n|\n|t:|1699832260\n|switch|p1a: Scizor|Scizor, M|68\/100\n|-damage|p1a: Scizor|56\/100|[from] Stealth Rock\n|switch|p2a: Arceus|Arceus-Ice, shiny|100\/100\n|\n|-weather|Sandstorm|[upkeep]\n|-damage|p2a: Arceus|94\/100|[from] Sandstorm\n|upkeep\n|turn|7\n|inactive|VigilanteVigoroth has 270 seconds left.\n|\n|t:|1699832283\n|switch|p2a: Magearna|Magearna|100\/100\n|move|p1a: Scizor|Pounce|p2a: Magearna\n|-resisted|p2a: Magearna\n|-crit|p2a: Magearna\n|-damage|p2a: Magearna|87\/100\n|-unboost|p2a: Magearna|spe|1\n|\n|-weather|Sandstorm|[upkeep]\n|-heal|p2a: Magearna|93\/100|[from] item: Leftovers\n|upkeep\n|turn|8\n|\n|t:|1699832291\n|move|p1a: Scizor|Swords Dance|p1a: Scizor\n|-boost|p1a: Scizor|atk|2\n|move|p2a: Magearna|Shift Gear|p2a: Magearna\n|-boost|p2a: Magearna|spe|2\n|-boost|p2a: Magearna|atk|1\n|\n|-weather|Sandstorm|[upkeep]\n|-heal|p2a: Magearna|99\/100|[from] item: Leftovers\n|upkeep\n|turn|9\n|\n|t:|1699832297\n|switch|p2a: Palafin|Palafin-Hero, F|100\/100\n|-activate|p2a: Palafin|ability: Zero to Hero\n|move|p1a: Scizor|Bullet Punch|p2a: Palafin\n|-resisted|p2a: Palafin\n|-damage|p2a: Palafin|67\/100\n|\n|-weather|Sandstorm|[upkeep]\n|-damage|p2a: Palafin|61\/100|[from] Sandstorm\n|upkeep\n|turn|10\n|\n|t:|1699832307\n|move|p2a: Palafin|Jet Punch|p1a: Scizor\n|-damage|p1a: Scizor|1\/100\n|move|p1a: Scizor|Pounce|p2a: Palafin\n|-damage|p2a: Palafin|0 fnt\n|faint|p2a: Palafin\n|\n|-weather|none\n|upkeep\n|\n|t:|1699832330\n|switch|p2a: Magearna|Magearna|99\/100\n|turn|11\n|\n|t:|1699832340\n|-terastallize|p2a: Magearna|Water\n|move|p1a: Scizor|Bullet Punch|p2a: Magearna\n|-resisted|p2a: Magearna\n|-damage|p2a: Magearna|74\/100\n|move|p2a: Magearna|Shift Gear|p2a: Magearna\n|-boost|p2a: Magearna|spe|2\n|-boost|p2a: Magearna|atk|1\n|\n|-heal|p2a: Magearna|80\/100|[from] item: Leftovers\n|upkeep\n|turn|12\n|\n|t:|1699832348\n|move|p2a: Magearna|Draining Kiss|p1a: Scizor\n|-resisted|p1a: Scizor\n|-crit|p1a: Scizor\n|-damage|p1a: Scizor|0 fnt\n|-heal|p2a: Magearna|80\/100|[from] drain|[of] p1a: Scizor\n|faint|p1a: Scizor\n|-ability|p2a: Magearna|Soul-Heart|boost\n|-boost|p2a: Magearna|spa|1\n|\n|-heal|p2a: Magearna|86\/100|[from] item: Leftovers\n|upkeep\n|\n|t:|1699832377\n|switch|p1a: Slowking|Slowking-Galar, M|100\/100\n|-damage|p1a: Slowking|88\/100|[from] Stealth Rock\n|turn|13\n|\n|t:|1699832387\n|move|p2a: Magearna|Calm Mind|p2a: Magearna\n|-boost|p2a: Magearna|spa|1\n|-boost|p2a: Magearna|spd|1\n|move|p1a: Slowking|Chilly Reception|p1a: Slowking\n|-weather|Snow\n|\n|t:|1699832390\n|switch|p1a: Baxcalibur|Baxcalibur, F|100\/100|[from] Chilly Reception\n|-damage|p1a: Baxcalibur|76\/100|[from] Stealth Rock\n|\n|-weather|Snow|[upkeep]\n|-heal|p2a: Magearna|92\/100|[from] item: Leftovers\n|upkeep\n|turn|14\n|\n|t:|1699832404\n|-terastallize|p1a: Baxcalibur|Poison\n|move|p2a: Magearna|Draining Kiss|p1a: Baxcalibur\n|-resisted|p1a: Baxcalibur\n|-damage|p1a: Baxcalibur|55\/100\n|-heal|p2a: Magearna|100\/100|[from] drain|[of] p1a: Baxcalibur\n|move|p1a: Baxcalibur|Scale Shot|p2a: Magearna\n|-damage|p2a: Magearna|90\/100\n|-damage|p2a: Magearna|80\/100\n|-damage|p2a: Magearna|69\/100\n|-damage|p2a: Magearna|58\/100\n|-hitcount|p2a: Magearna|4\n|-unboost|p1a: Baxcalibur|def|1\n|-boost|p1a: Baxcalibur|spe|1\n|\n|-weather|Snow|[upkeep]\n|-heal|p2a: Magearna|65\/100|[from] item: Leftovers\n|upkeep\n|turn|15\n|\n|t:|1699832417\n|move|p1a: Baxcalibur|Scale Shot|p2a: Magearna\n|-damage|p2a: Magearna|54\/100\n|-damage|p2a: Magearna|43\/100\n|-damage|p2a: Magearna|32\/100\n|-damage|p2a: Magearna|20\/100\n|-damage|p2a: Magearna|9\/100\n|-hitcount|p2a: Magearna|5\n|-unboost|p1a: Baxcalibur|def|1\n|-boost|p1a: Baxcalibur|spe|1\n|move|p2a: Magearna|Stored Power|p1a: Baxcalibur\n|-supereffective|p1a: Baxcalibur\n|-damage|p1a: Baxcalibur|0 fnt\n|faint|p1a: Baxcalibur\n|-ability|p2a: Magearna|Soul-Heart|boost\n|-boost|p2a: Magearna|spa|1\n|\n|-weather|Snow|[upkeep]\n|-heal|p2a: Magearna|15\/100|[from] item: Leftovers\n|upkeep\n|\n|t:|1699832434\n|switch|p1a: Heatran|Heatran, M|100\/100\n|-damage|p1a: Heatran|88\/100|[from] Stealth Rock\n|turn|16\n|\n|t:|1699832463\n|move|p2a: Magearna|Stored Power|p1a: Heatran\n|-resisted|p1a: Heatran\n|-damage|p1a: Heatran|65\/100\n|move|p1a: Heatran|Earth Power|p2a: Magearna\n|-damage|p2a: Magearna|1\/100\n|\n|-weather|Snow|[upkeep]\n|-heal|p2a: Magearna|7\/100|[from] item: Leftovers\n|upkeep\n|turn|17\n|\n|t:|1699832473\n|move|p2a: Magearna|Stored Power|p1a: Heatran\n|-resisted|p1a: Heatran\n|-damage|p1a: Heatran|42\/100\n|move|p1a: Heatran|Earth Power|p2a: Magearna\n|-damage|p2a: Magearna|0 fnt\n|faint|p2a: Magearna\n|\n|-weather|none\n|upkeep\n|\n|t:|1699832475\n|switch|p2a: Tyranitar|Tyranitar, F|78\/100 brn\n|-weather|Sandstorm|[from] ability: Sand Stream|[of] p2a: Tyranitar\n|turn|18\n|\n|t:|1699832482\n|move|p1a: Heatran|Flash Cannon|p2a: Tyranitar\n|-supereffective|p2a: Tyranitar\n|-damage|p2a: Tyranitar|50\/100 brn\n|move|p2a: Tyranitar|Earthquake|p1a: Heatran\n|-supereffective|p1a: Heatran\n|-damage|p1a: Heatran|0 fnt\n|faint|p1a: Heatran\n|\n|-weather|Sandstorm|[upkeep]\n|-damage|p2a: Tyranitar|44\/100 brn|[from] brn\n|upkeep\n|\n|t:|1699832498\n|switch|p1a: Slowking|Slowking-Galar, M|100\/100\n|-damage|p1a: Slowking|88\/100|[from] Stealth Rock\n|turn|19\n|\n|t:|1699832509\n|move|p2a: Tyranitar|Knock Off|p1a: Slowking\n|-supereffective|p1a: Slowking\n|-damage|p1a: Slowking|47\/100\n|-enditem|p1a: Slowking|Leftovers|[from] move: Knock Off|[of] p2a: Tyranitar\n|move|p1a: Slowking|Toxic Spikes|p2a: Tyranitar\n|-sidestart|p2: ash mars|move: Toxic Spikes\n|\n|-weather|Sandstorm|[upkeep]\n|-damage|p1a: Slowking|41\/100|[from] Sandstorm\n|-damage|p2a: Tyranitar|37\/100 brn|[from] brn\n|upkeep\n|turn|20\n|\n|t:|1699832530\n|switch|p2a: Palkia|Palkia-Origin|15\/100\n|-status|p2a: Palkia|psn\n|-ability|p2a: Palkia|Pressure\n|move|p1a: Slowking|Sludge Bomb|p2a: Palkia\n|-damage|p2a: Palkia|0 fnt\n|faint|p2a: Palkia\n|\n|-weather|Sandstorm|[upkeep]\n|-damage|p1a: Slowking|35\/100|[from] Sandstorm\n|upkeep\n|\n|t:|1699832533\n|switch|p2a: Houndstone|Houndstone, M|100\/100\n|-status|p2a: Houndstone|psn\n|turn|21\n|\n|t:|1699832541\n|move|p2a: Houndstone|Last Respects|p1a: Slowking\n|-supereffective|p1a: Slowking\n|-damage|p1a: Slowking|0 fnt\n|faint|p1a: Slowking\n|\n|-weather|Sandstorm|[upkeep]\n|-damage|p2a: Houndstone|88\/100 psn|[from] psn\n|upkeep\n|\n|t:|1699832553\n|switch|p1a: Arceus|Arceus-Ghost|65\/100\n|-damage|p1a: Arceus|53\/100|[from] Stealth Rock\n|turn|22\n|inactive|ash mars has 270 seconds left.\n|\n|t:|1699832591\n|move|p2a: Houndstone|Last Respects|p1a: Arceus\n|-supereffective|p1a: Arceus\n|-damage|p1a: Arceus|0 fnt\n|faint|p1a: Arceus\n|\n|-weather|Sandstorm|[upkeep]\n|-damage|p2a: Houndstone|76\/100 psn|[from] psn\n|upkeep\n|\n|t:|1699832593\n|switch|p1a: Zacian|Zacian|100\/100\n|-ability|p1a: Zacian|Intrepid Sword|boost\n|-boost|p1a: Zacian|atk|1\n|turn|23\n|\n|t:|1699832596\n|move|p2a: Houndstone|Last Respects|p1a: Zacian\n|-damage|p1a: Zacian|0 fnt\n|faint|p1a: Zacian\n|\n|win|ash mars\n|c|\u2606VigilanteVigoroth|gg\n|c|\u2606ash mars|gg\n|l|\u2606VigilanteVigoroth\n","uploadtime":1699832604,"views":33,"p1id":"vigilantevigoroth","p2id":"ashmars","formatid":"gen9ubers","rating":0,"private":0,"password":""}