{"id":"gen9ubers-1977468207","p1":"tryinggen9random","p2":"Returntomonkes","format":"[Gen 9] Ubers","log":"|j|\u2606tryinggen9random\n|j|\u2606Returntomonkes\n|t:|1698419645\n|gametype|singles\n|player|p1|tryinggen9random|170|1063\n|player|p2|Returntomonkes|benga|1030\n|teamsize|p1|4\n|teamsize|p2|6\n|gen|9\n|tier|[Gen 9] Ubers\n|rated|\n|rule|Sleep Clause Mod: Limit one foe put to sleep\n|rule|Species Clause: Limit one of each Pok\u00e9mon\n|rule|OHKO Clause: OHKO moves are banned\n|rule|Evasion Items Clause: Evasion items are banned\n|rule|Evasion Moves Clause: Evasion moves are banned\n|rule|Endless Battle Clause: Forcing endless battles is banned\n|rule|HP Percentage Mod: HP is shown in percentages\n|clearpoke\n|poke|p1|Torkoal, F|\n|poke|p1|Ribombee, M|\n|poke|p1|Leavanny, F|\n|poke|p1|Cyclizar, F|\n|poke|p2|Flutter Mane|\n|poke|p2|Kyogre|\n|poke|p2|Mewtwo|\n|poke|p2|Chien-Pao|\n|poke|p2|Zacian-*|\n|poke|p2|Rayquaza|\n|teampreview\n|inactive|Battle timer is ON: inactive players will automatically lose when time's up. (requested by tryinggen9random)\n|\n|t:|1698419655\n|start\n|switch|p1a: Ribombee|Ribombee, M|100\/100\n|switch|p2a: Flutter Mane|Flutter Mane|100\/100\n|-enditem|p2a: Flutter Mane|Booster Energy\n|-activate|p2a: Flutter Mane|ability: Protosynthesis|[fromitem]\n|-start|p2a: Flutter Mane|protosynthesisspa\n|turn|1\n|\n|t:|1698419666\n|move|p1a: Ribombee|Sticky Web|p2a: Flutter Mane\n|-sidestart|p2: Returntomonkes|move: Sticky Web\n|move|p2a: Flutter Mane|Shadow Ball|p1a: Ribombee\n|-damage|p1a: Ribombee|17\/100\n|\n|upkeep\n|turn|2\n|\n|t:|1698419672\n|move|p1a: Ribombee|Light Screen|p1a: Ribombee\n|-sidestart|p1: tryinggen9random|move: Light Screen\n|move|p2a: Flutter Mane|Shadow Ball|p1a: Ribombee\n|-damage|p1a: Ribombee|0 fnt\n|faint|p1a: Ribombee\n|\n|upkeep\n|\n|t:|1698419688\n|switch|p1a: Torkoal|Torkoal, F|100\/100\n|-weather|SunnyDay|[from] ability: Drought|[of] p1a: Torkoal\n|turn|3\n|\n|t:|1698419699\n|move|p2a: Flutter Mane|Calm Mind|p2a: Flutter Mane\n|-boost|p2a: Flutter Mane|spa|1\n|-boost|p2a: Flutter Mane|spd|1\n|move|p1a: Torkoal|Stealth Rock|p2a: Flutter Mane\n|-sidestart|p2: Returntomonkes|move: Stealth Rock\n|\n|-weather|SunnyDay|[upkeep]\n|upkeep\n|turn|4\n|\n|t:|1698419704\n|move|p2a: Flutter Mane|Calm Mind|p2a: Flutter Mane\n|-boost|p2a: Flutter Mane|spa|1\n|-boost|p2a: Flutter Mane|spd|1\n|move|p1a: Torkoal|Clear Smog|p2a: Flutter Mane\n|-damage|p2a: Flutter Mane|95\/100\n|-clearboost|p2a: Flutter Mane\n|\n|-weather|SunnyDay|[upkeep]\n|upkeep\n|turn|5\n|\n|t:|1698419712\n|move|p2a: Flutter Mane|Shadow Ball|p1a: Torkoal\n|-damage|p1a: Torkoal|59\/100\n|move|p1a: Torkoal|Yawn|p2a: Flutter Mane\n|-start|p2a: Flutter Mane|move: Yawn|[of] p1a: Torkoal\n|\n|-weather|SunnyDay|[upkeep]\n|upkeep\n|turn|6\n|\n|t:|1698419725\n|-end|p2a: Flutter Mane|Protosynthesis|[silent]\n|switch|p2a: Legend bingus|Mewtwo|100\/100\n|-activate|p2a: Legend bingus|move: Sticky Web\n|-unboost|p2a: Legend bingus|spe|1\n|-damage|p2a: Legend bingus|88\/100|[from] Stealth Rock\n|-ability|p2a: Legend bingus|Pressure\n|switch|p1a: Cyclizar|Cyclizar, F|100\/100\n|\n|-weather|SunnyDay|[upkeep]\n|-sideend|p1: tryinggen9random|move: Light Screen\n|upkeep\n|turn|7\n|\n|t:|1698419742\n|move|p1a: Cyclizar|Shed Tail|p1a: Cyclizar\n|-start|p1a: Cyclizar|Substitute|[from] move: Shed Tail\n|-damage|p1a: Cyclizar|50\/100\n|\n|t:|1698419744\n|switch|p1a: Leavanny|Leavanny, F|100\/100|[from] Shed Tail\n|move|p2a: Legend bingus|Ice Beam|p1a: Leavanny\n|-supereffective|p1a: Leavanny\n|-end|p1a: Leavanny|Substitute\n|\n|-weather|SunnyDay|[upkeep]\n|upkeep\n|turn|8\n|\n|t:|1698419755\n|-terastallize|p1a: Leavanny|Fire\n|move|p1a: Leavanny|Swords Dance|p1a: Leavanny\n|-boost|p1a: Leavanny|atk|2\n|move|p2a: Legend bingus|Ice Beam|p1a: Leavanny\n|-resisted|p1a: Leavanny\n|-damage|p1a: Leavanny|64\/100\n|\n|-weather|SunnyDay|[upkeep]\n|upkeep\n|turn|9\n|\n|t:|1698419766\n|switch|p2a: Zacian|Zacian-Crowned, shiny|100\/100\n|-activate|p2a: Zacian|move: Sticky Web\n|-unboost|p2a: Zacian|spe|1\n|-damage|p2a: Zacian|94\/100|[from] Stealth Rock\n|-ability|p2a: Zacian|Intrepid Sword|boost\n|-boost|p2a: Zacian|atk|1\n|move|p1a: Leavanny|Knock Off|p2a: Zacian\n|-resisted|p2a: Zacian\n|-damage|p2a: Zacian|71\/100\n|-damage|p1a: Leavanny|54\/100|[from] item: Life Orb\n|\n|-weather|SunnyDay|[upkeep]\n|upkeep\n|turn|10\n|\n|t:|1698419778\n|move|p1a: Leavanny|Tera Blast|p2a: Zacian|[anim] Tera Blast Fire\n|-supereffective|p2a: Zacian\n|-damage|p2a: Zacian|0 fnt\n|faint|p2a: Zacian\n|-damage|p1a: Leavanny|44\/100|[from] item: Life Orb\n|\n|-weather|none\n|upkeep\n|\n|t:|1698419789\n|switch|p2a: Chien-Pao|Chien-Pao|100\/100\n|-activate|p2a: Chien-Pao|move: Sticky Web\n|-unboost|p2a: Chien-Pao|spe|1\n|-damage|p2a: Chien-Pao|76\/100|[from] Stealth Rock\n|-ability|p2a: Chien-Pao|Sword of Ruin\n|turn|11\n|\n|t:|1698419797\n|move|p1a: Leavanny|Tera Blast|p2a: Chien-Pao|[anim] Tera Blast Fire\n|-supereffective|p2a: Chien-Pao\n|-damage|p2a: Chien-Pao|0 fnt\n|faint|p2a: Chien-Pao\n|-damage|p1a: Leavanny|34\/100|[from] item: Life Orb\n|\n|upkeep\n|\n|t:|1698419809\n|switch|p2a: Legend bingus|Mewtwo|88\/100\n|-activate|p2a: Legend bingus|move: Sticky Web\n|-unboost|p2a: Legend bingus|spe|1\n|-damage|p2a: Legend bingus|76\/100|[from] Stealth Rock\n|-ability|p2a: Legend bingus|Pressure\n|turn|12\n|\n|t:|1698419822\n|move|p1a: Leavanny|Leaf Blade|p2a: Legend bingus\n|-damage|p2a: Legend bingus|0 fnt\n|faint|p2a: Legend bingus\n|-damage|p1a: Leavanny|24\/100|[from] item: Life Orb\n|\n|upkeep\n|\n|t:|1698419839\n|switch|p2a: Kyogre|Kyogre|100\/100\n|-activate|p2a: Kyogre|move: Sticky Web\n|-unboost|p2a: Kyogre|spe|1\n|-damage|p2a: Kyogre|88\/100|[from] Stealth Rock\n|-weather|RainDance|[from] ability: Drizzle|[of] p2a: Kyogre\n|turn|13\n|inactive|Returntomonkes has 120 seconds left.\n|\n|t:|1698419865\n|move|p1a: Leavanny|Leaf Blade|p2a: Kyogre\n|-supereffective|p2a: Kyogre\n|-damage|p2a: Kyogre|0 fnt\n|faint|p2a: Kyogre\n|-damage|p1a: Leavanny|14\/100|[from] item: Life Orb\n|\n|-weather|RainDance|[upkeep]\n|upkeep\n|\n|t:|1698419872\n|switch|p2a: Flutter Mane|Flutter Mane|95\/100\n|-activate|p2a: Flutter Mane|move: Sticky Web\n|-unboost|p2a: Flutter Mane|spe|1\n|-damage|p2a: Flutter Mane|83\/100|[from] Stealth Rock\n|turn|14\n|\n|t:|1698419889\n|move|p1a: Leavanny|Leaf Blade|p2a: Flutter Mane\n|-damage|p2a: Flutter Mane|0 fnt\n|faint|p2a: Flutter Mane\n|-end|p2a: Flutter Mane|Protosynthesis|[silent]\n|-damage|p1a: Leavanny|4\/100|[from] item: Life Orb\n|\n|-weather|RainDance|[upkeep]\n|upkeep\n|\n|t:|1698419895\n|switch|p2a: Space Noodle|Rayquaza, shiny|100\/100\n|-damage|p2a: Space Noodle|76\/100|[from] Stealth Rock\n|-ability|p2a: Space Noodle|Air Lock\n|turn|15\n|\n|t:|1698419900\n|move|p2a: Space Noodle|Extreme Speed|p1a: Leavanny\n|-damage|p1a: Leavanny|0 fnt\n|faint|p1a: Leavanny\n|\n|-weather|RainDance|[upkeep]\n|upkeep\n|\n|t:|1698419903\n|switch|p1a: Torkoal|Torkoal, F|59\/100\n|-weather|SunnyDay|[from] ability: Drought|[of] p1a: Torkoal\n|turn|16\n|inactive|Returntomonkes has 120 seconds left.\n|\n|t:|1698419912\n|move|p2a: Space Noodle|Dragon Ascent|p1a: Torkoal\n|-damage|p1a: Torkoal|15\/100\n|-unboost|p2a: Space Noodle|def|1\n|-unboost|p2a: Space Noodle|spd|1\n|move|p1a: Torkoal|Yawn|p2a: Space Noodle\n|-start|p2a: Space Noodle|move: Yawn|[of] p1a: Torkoal\n|\n|-weather|SunnyDay|[upkeep]\n|upkeep\n|turn|17\n|\n|t:|1698419920\n|move|p2a: Space Noodle|Dragon Claw|p1a: Torkoal\n|-damage|p1a: Torkoal|0 fnt\n|faint|p1a: Torkoal\n|\n|-weather|SunnyDay|[upkeep]\n|-end|p2a: Space Noodle|move: Yawn|[silent]\n|-status|p2a: Space Noodle|slp\n|upkeep\n|\n|t:|1698419922\n|switch|p1a: Cyclizar|Cyclizar, F|83\/100\n|turn|18\n|inactive|Returntomonkes has 120 seconds left.\n|inactive|Returntomonkes has 90 seconds left.\n|\n|t:|1698419984\n|move|p1a: Cyclizar|Knock Off|p2a: Space Noodle\n|-damage|p2a: Space Noodle|36\/100 slp\n|-enditem|p2a: Space Noodle|Focus Sash|[from] move: Knock Off|[of] p1a: Cyclizar\n|cant|p2a: Space Noodle|slp\n|\n|-weather|SunnyDay|[upkeep]\n|-heal|p1a: Cyclizar|89\/100|[from] item: Leftovers\n|upkeep\n|turn|19\n|-message|Returntomonkes forfeited.\n|\n|win|tryinggen9random\n|raw|tryinggen9random's rating: 1063 &rarr; <strong>1091<\/strong><br \/>(+28 for winning)\n|raw|Returntomonkes's rating: 1030 &rarr; <strong>1017<\/strong><br \/>(-13 for losing)\n|l|\u2606Returntomonkes\n","uploadtime":1698419999,"views":9,"p1id":"tryinggen9random","p2id":"returntomonkes","formatid":"gen9ubers","rating":1017,"private":0,"password":""}