{"id":"gen9ubers-1984065746","p1":"2474wawa","p2":"pronerdgaming","format":"[Gen 9] Ubers","log":"|j|\u26062474wawa\n|j|\u2606pronerdgaming\n|t:|1699215125\n|gametype|singles\n|player|p1|2474wawa|170|\n|player|p2|pronerdgaming|170|\n|teamsize|p1|6\n|teamsize|p2|6\n|gen|9\n|tier|[Gen 9] Ubers\n|rule|Sleep Clause Mod: Limit one foe put to sleep\n|rule|Species Clause: Limit one of each Pok\u00e9mon\n|rule|OHKO Clause: OHKO moves are banned\n|rule|Evasion Items Clause: Evasion items are banned\n|rule|Evasion Moves Clause: Evasion moves are banned\n|rule|Endless Battle Clause: Forcing endless battles is banned\n|rule|HP Percentage Mod: HP is shown in percentages\n|clearpoke\n|poke|p1|Manaphy|\n|poke|p1|Cyclizar, F|\n|poke|p1|Roaring Moon|\n|poke|p1|Zamazenta-*|\n|poke|p1|Glimmora, F|\n|poke|p1|Arceus-Dark|\n|poke|p2|Arceus-Ice|\n|poke|p2|Cyclizar, F|\n|poke|p2|Espathra, M|\n|poke|p2|Shaymin-Sky|\n|poke|p2|Zacian-*|\n|poke|p2|Dondozo, M|\n|teampreview\n|\n|t:|1699215138\n|start\n|switch|p1a: Cyclizar|Cyclizar, F|100\/100\n|switch|p2a: Cyclizar|Cyclizar, F|100\/100\n|turn|1\n|inactive|Battle timer is ON: inactive players will automatically lose when time's up. (requested by pronerdgaming)\n|\n|t:|1699215153\n|move|p1a: Cyclizar|Shed Tail|p1a: Cyclizar\n|-start|p1a: Cyclizar|Substitute|[from] move: Shed Tail\n|-damage|p1a: Cyclizar|50\/100\n|\n|t:|1699215161\n|switch|p1a: y|Arceus-Dark|100\/100|[from] Shed Tail\n|move|p2a: Cyclizar|Taunt|p1a: y\n|-start|p1a: y|move: Taunt\n|\n|upkeep\n|turn|2\n|\n|t:|1699215169\n|move|p2a: Cyclizar|Shed Tail|p2a: Cyclizar\n|-start|p2a: Cyclizar|Substitute|[from] move: Shed Tail\n|-damage|p2a: Cyclizar|50\/100\n|\n|t:|1699215183\n|switch|p2a: Zacian|Zacian|100\/100|[from] Shed Tail\n|-ability|p2a: Zacian|Intrepid Sword|boost\n|-boost|p2a: Zacian|atk|1\n|move|p1a: y|Judgment|p2a: Zacian\n|-resisted|p2a: Zacian\n|-activate|p2a: Zacian|move: Substitute|[damage]\n|\n|upkeep\n|turn|3\n|inactive|2474wawa has 270 seconds left.\n|\n|t:|1699215214\n|move|p2a: Zacian|Swords Dance|p2a: Zacian\n|-boost|p2a: Zacian|atk|2\n|move|p1a: y|Judgment|p2a: Zacian\n|-resisted|p2a: Zacian\n|-end|p2a: Zacian|Substitute\n|\n|-end|p1a: y|move: Taunt\n|upkeep\n|turn|4\n|\n|t:|1699215222\n|move|p2a: Zacian|Play Rough|p1a: y|[miss]\n|-miss|p2a: Zacian|p1a: y\n|move|p1a: y|Perish Song|p1a: y\n|-start|p1a: y|perish3|[silent]\n|-start|p2a: Zacian|perish3|[silent]\n|-fieldactivate|move: Perish Song\n|\n|-start|p2a: Zacian|perish3\n|-start|p1a: y|perish3\n|upkeep\n|turn|5\n|\n|t:|1699215235\n|move|p2a: Zacian|Play Rough|p1a: y\n|-supereffective|p1a: y\n|-end|p1a: y|Substitute\n|-damage|p2a: Zacian|91\/100|[from] item: Life Orb\n|move|p1a: y|Judgment|p2a: Zacian\n|-resisted|p2a: Zacian\n|-damage|p2a: Zacian|69\/100\n|\n|-start|p2a: Zacian|perish2\n|-start|p1a: y|perish2\n|upkeep\n|turn|6\n|\n|t:|1699215247\n|switch|p1a: Glimmora|Glimmora, F|100\/100\n|move|p2a: Zacian|Close Combat|p1a: Glimmora\n|-enditem|p1a: Glimmora|Focus Sash\n|-damage|p1a: Glimmora|1\/100\n|-unboost|p2a: Zacian|def|1\n|-unboost|p2a: Zacian|spd|1\n|-activate|p1a: Glimmora|ability: Toxic Debris\n|-sidestart|p2: pronerdgaming|move: Toxic Spikes\n|-damage|p2a: Zacian|59\/100|[from] item: Life Orb\n|\n|-start|p2a: Zacian|perish1\n|upkeep\n|turn|7\n|\n|t:|1699215260\n|switch|p2a: Cyclizar|Cyclizar, F|84\/100\n|move|p1a: Glimmora|Stealth Rock|p2a: Cyclizar\n|-sidestart|p2: pronerdgaming|move: Stealth Rock\n|\n|upkeep\n|turn|8\n|inactive|2474wawa has 270 seconds left.\n|\n|t:|1699215288\n|move|p2a: Cyclizar|Rapid Spin|p1a: Glimmora\n|-resisted|p1a: Glimmora\n|-damage|p1a: Glimmora|0 fnt\n|-boost|p2a: Cyclizar|spe|1\n|-activate|p1a: Glimmora|ability: Toxic Debris\n|-sidestart|p2: pronerdgaming|move: Toxic Spikes\n|-sideend|p2: pronerdgaming|Toxic Spikes|[from] move: Rapid Spin|[of] p2a: Cyclizar\n|-sideend|p2: pronerdgaming|Stealth Rock|[from] move: Rapid Spin|[of] p2a: Cyclizar\n|faint|p1a: Glimmora\n|\n|upkeep\n|\n|t:|1699215303\n|switch|p1a: Cyclizar|Cyclizar, F|84\/100\n|turn|9\n|\n|t:|1699215308\n|move|p2a: Cyclizar|Taunt|p1a: Cyclizar\n|-start|p1a: Cyclizar|move: Taunt\n|move|p1a: Cyclizar|Draco Meteor|p2a: Cyclizar\n|-supereffective|p2a: Cyclizar\n|-damage|p2a: Cyclizar|0 fnt\n|-unboost|p1a: Cyclizar|spa|2\n|faint|p2a: Cyclizar\n|\n|upkeep\n|\n|t:|1699215319\n|switch|p2a: Zacian|Zacian|59\/100\n|turn|10\n|inactive|2474wawa has 270 seconds left.\n|\n|t:|1699215346\n|switch|p1a: Zamazenta|Zamazenta-Crowned|100\/100\n|-ability|p1a: Zamazenta|Dauntless Shield|boost\n|-boost|p1a: Zamazenta|def|1\n|move|p2a: Zacian|Swords Dance|p2a: Zacian\n|-boost|p2a: Zacian|atk|2\n|\n|upkeep\n|turn|11\n|\n|t:|1699215366\n|-terastallize|p1a: Zamazenta|Water\n|move|p2a: Zacian|Close Combat|p1a: Zamazenta\n|-damage|p1a: Zamazenta|56\/100\n|-unboost|p2a: Zacian|def|1\n|-unboost|p2a: Zacian|spd|1\n|-damage|p2a: Zacian|49\/100|[from] item: Life Orb\n|move|p1a: Zamazenta|Behemoth Bash|p2a: Zacian\n|-supereffective|p2a: Zacian\n|-damage|p2a: Zacian|0 fnt\n|faint|p2a: Zacian\n|\n|upkeep\n|\n|t:|1699215371\n|switch|p2a: Shaymin|Shaymin-Sky|100\/100\n|turn|12\n|\n|t:|1699215384\n|move|p2a: Shaymin|Seed Flare|p1a: Zamazenta\n|-supereffective|p1a: Zamazenta\n|-damage|p1a: Zamazenta|0 fnt\n|faint|p1a: Zamazenta\n|\n|upkeep\n|\n|t:|1699215389\n|switch|p1a: Cyclizar|Cyclizar, F|100\/100\n|turn|13\n|\n|t:|1699215394\n|move|p2a: Shaymin|Air Slash|p1a: Cyclizar\n|-damage|p1a: Cyclizar|56\/100\n|cant|p1a: Cyclizar|flinch\n|\n|upkeep\n|turn|14\n|\n|t:|1699215402\n|move|p2a: Shaymin|Air Slash|p1a: Cyclizar\n|-damage|p1a: Cyclizar|12\/100\n|move|p1a: Cyclizar|Taunt|p2a: Shaymin\n|-start|p2a: Shaymin|move: Taunt\n|\n|upkeep\n|turn|15\n|inactive|2474wawa has 270 seconds left.\n|\n|t:|1699215409\n|switch|p1a: y|Arceus-Dark|100\/100\n|move|p2a: Shaymin|Air Slash|p1a: y\n|-damage|p1a: y|79\/100\n|\n|upkeep\n|turn|16\n|\n|t:|1699215416\n|move|p2a: Shaymin|Seed Flare|p1a: y\n|-damage|p1a: y|47\/100\n|-unboost|p1a: y|spd|2\n|move|p1a: y|Calm Mind|p1a: y\n|-boost|p1a: y|spa|1\n|-boost|p1a: y|spd|1\n|\n|upkeep\n|turn|17\n|\n|t:|1699215426\n|move|p2a: Shaymin|Air Slash|p1a: y\n|-damage|p1a: y|16\/100\n|cant|p1a: y|flinch\n|\n|-end|p2a: Shaymin|move: Taunt\n|upkeep\n|turn|18\n|\n|t:|1699215438\n|switch|p1a: meow|Roaring Moon|100\/100\n|-enditem|p1a: meow|Booster Energy\n|-activate|p1a: meow|ability: Protosynthesis|[fromitem]\n|-start|p1a: meow|protosynthesisspe\n|move|p2a: Shaymin|Air Slash|p1a: meow\n|-damage|p1a: meow|71\/100\n|\n|upkeep\n|turn|19\n|\n|t:|1699215449\n|move|p1a: meow|Dragon Dance|p1a: meow\n|-boost|p1a: meow|atk|1\n|-boost|p1a: meow|spe|1\n|move|p2a: Shaymin|Leech Seed|p1a: meow\n|-start|p1a: meow|move: Leech Seed\n|\n|-damage|p1a: meow|59\/100|[from] Leech Seed|[of] p2a: Shaymin\n|upkeep\n|turn|20\n|\n|t:|1699215456\n|move|p1a: meow|Knock Off|p2a: Shaymin\n|-damage|p2a: Shaymin|13\/100\n|-enditem|p2a: Shaymin|Wide Lens|[from] move: Knock Off|[of] p1a: meow\n|move|p2a: Shaymin|Seed Flare|p1a: meow\n|-resisted|p1a: meow\n|-damage|p1a: meow|36\/100\n|-unboost|p1a: meow|spd|2\n|\n|-damage|p1a: meow|24\/100|[from] Leech Seed|[of] p2a: Shaymin\n|-heal|p2a: Shaymin|24\/100|[silent]\n|upkeep\n|turn|21\n|\n|t:|1699215468\n|move|p1a: meow|Knock Off|p2a: Shaymin\n|-damage|p2a: Shaymin|0 fnt\n|faint|p2a: Shaymin\n|\n|upkeep\n|\n|t:|1699215470\n|switch|p2a: Dondozo|Dondozo, M|100\/100\n|turn|22\n|\n|t:|1699215482\n|move|p1a: meow|Knock Off|p2a: Dondozo\n|-damage|p2a: Dondozo|71\/100\n|-enditem|p2a: Dondozo|Leftovers|[from] move: Knock Off|[of] p1a: meow\n|move|p2a: Dondozo|Wave Crash|p1a: meow\n|-resisted|p1a: meow\n|-damage|p1a: meow|0 fnt\n|faint|p1a: meow\n|-end|p1a: meow|Protosynthesis|[silent]\n|-damage|p2a: Dondozo|65\/100|[from] Recoil\n|\n|upkeep\n|\n|t:|1699215493\n|switch|p1a: y|Arceus-Dark|16\/100\n|turn|23\n|\n|t:|1699215496\n|move|p1a: y|Recover|p1a: y\n|-heal|p1a: y|66\/100\n|move|p2a: Dondozo|Wave Crash|p1a: y\n|-damage|p1a: y|32\/100\n|-damage|p2a: Dondozo|55\/100|[from] Recoil\n|\n|upkeep\n|turn|24\n|\n|t:|1699215508\n|switch|p2a: Espathra|Espathra, M|100\/100\n|move|p1a: y|Recover|p1a: y\n|-heal|p1a: y|82\/100\n|\n|upkeep\n|turn|25\n|\n|t:|1699215515\n|-terastallize|p2a: Espathra|Fairy\n|move|p1a: y|Perish Song|p1a: y\n|-start|p1a: y|perish3|[silent]\n|-start|p2a: Espathra|perish3|[silent]\n|-fieldactivate|move: Perish Song\n|move|p2a: Espathra|Calm Mind|p2a: Espathra\n|-boost|p2a: Espathra|spa|1\n|-boost|p2a: Espathra|spd|1\n|\n|-start|p1a: y|perish3\n|-start|p2a: Espathra|perish3\n|-ability|p2a: Espathra|Speed Boost|boost\n|-boost|p2a: Espathra|spe|1\n|upkeep\n|turn|26\n|\n|t:|1699215531\n|move|p2a: Espathra|Dazzling Gleam|p1a: y\n|-supereffective|p1a: y\n|-damage|p1a: y|10\/100\n|move|p1a: y|Calm Mind|p1a: y\n|-boost|p1a: y|spa|1\n|-boost|p1a: y|spd|1\n|\n|-start|p2a: Espathra|perish2\n|-start|p1a: y|perish2\n|-ability|p2a: Espathra|Speed Boost|boost\n|-boost|p2a: Espathra|spe|1\n|upkeep\n|turn|27\n|\n|t:|1699215541\n|move|p2a: Espathra|Dazzling Gleam|p1a: y\n|-supereffective|p1a: y\n|-damage|p1a: y|0 fnt\n|faint|p1a: y\n|\n|-start|p2a: Espathra|perish1\n|-ability|p2a: Espathra|Speed Boost|boost\n|-boost|p2a: Espathra|spe|1\n|upkeep\n|\n|t:|1699215560\n|switch|p1a: Cyclizar|Cyclizar, F|45\/100\n|turn|28\n|\n|t:|1699215570\n|move|p2a: Espathra|Stored Power|p1a: Cyclizar\n|-damage|p1a: Cyclizar|0 fnt\n|faint|p1a: Cyclizar\n|\n|-start|p2a: Espathra|perish0\n|faint|p2a: Espathra\n|upkeep\n|\n|t:|1699215575\n|switch|p1a: Manaphy|Manaphy, shiny|100\/100\n|switch|p2a: Arceus|Arceus-Ice|100\/100\n|turn|29\n|\n|t:|1699215581\n|move|p2a: Arceus|Thunderbolt|p1a: Manaphy\n|-supereffective|p1a: Manaphy\n|-damage|p1a: Manaphy|57\/100\n|move|p1a: Manaphy|Substitute|p1a: Manaphy\n|-start|p1a: Manaphy|Substitute\n|-damage|p1a: Manaphy|33\/100\n|\n|-heal|p1a: Manaphy|39\/100|[from] item: Leftovers\n|upkeep\n|turn|30\n|\n|t:|1699215589\n|move|p2a: Arceus|Calm Mind|p2a: Arceus\n|-boost|p2a: Arceus|spa|1\n|-boost|p2a: Arceus|spd|1\n|move|p1a: Manaphy|Scald|p2a: Arceus\n|-damage|p2a: Arceus|87\/100\n|-status|p2a: Arceus|brn\n|\n|-heal|p1a: Manaphy|45\/100|[from] item: Leftovers\n|-damage|p2a: Arceus|81\/100 brn|[from] brn\n|upkeep\n|turn|31\n|\n|t:|1699215599\n|move|p2a: Arceus|Thunderbolt|p1a: Manaphy\n|-supereffective|p1a: Manaphy\n|-crit|p1a: Manaphy\n|-end|p1a: Manaphy|Substitute\n|move|p1a: Manaphy|Scald|p2a: Arceus\n|-damage|p2a: Arceus|67\/100 brn\n|\n|-heal|p1a: Manaphy|51\/100|[from] item: Leftovers\n|-damage|p2a: Arceus|61\/100 brn|[from] brn\n|upkeep\n|turn|32\n|c|\u26062474wawa|gg\n|c|\u2606pronerdgaming|gg\n|-message|2474wawa forfeited.\n|\n|win|pronerdgaming\n|l|\u26062474wawa\n","uploadtime":1699215620,"views":3,"p1id":"2474wawa","p2id":"pronerdgaming","formatid":"gen9ubers","rating":0,"private":0,"password":""}