{"id":"gen9ubers-1983006399","p1":"Pyrax69","p2":"qwerman234","format":"[Gen 9] Ubers","log":"|j|\u2606Pyrax69\n|j|\u2606qwerman234\n|t:|1699069096\n|gametype|singles\n|player|p1|Pyrax69|cynthia-gen4|1090\n|player|p2|qwerman234|gambler|1146\n|teamsize|p1|6\n|teamsize|p2|6\n|gen|9\n|tier|[Gen 9] Ubers\n|rated|\n|rule|Sleep Clause Mod: Limit one foe put to sleep\n|rule|Species Clause: Limit one of each Pok\u00e9mon\n|rule|OHKO Clause: OHKO moves are banned\n|rule|Evasion Items Clause: Evasion items are banned\n|rule|Evasion Moves Clause: Evasion moves are banned\n|rule|Endless Battle Clause: Forcing endless battles is banned\n|rule|HP Percentage Mod: HP is shown in percentages\n|clearpoke\n|poke|p1|Koraidon|\n|poke|p1|Miraidon|\n|poke|p1|Zacian-*|\n|poke|p1|Arceus-Ground|\n|poke|p1|Chi-Yu|\n|poke|p1|Flutter Mane|\n|poke|p2|Arceus|\n|poke|p2|Cyclizar, F|\n|poke|p2|Maushold-Four|\n|poke|p2|Zoroark-Hisui, M|\n|poke|p2|Ditto|\n|poke|p2|Ursaluna-Bloodmoon, M|\n|teampreview\n|inactive|Battle timer is ON: inactive players will automatically lose when time's up. (requested by qwerman234)\n|\n|t:|1699069106\n|start\n|switch|p1a: Arceus|Arceus-Ground|100\/100\n|switch|p2a: toyota corolla|Cyclizar, F|100\/100\n|turn|1\n|\n|t:|1699069112\n|move|p2a: toyota corolla|Shed Tail|p2a: toyota corolla\n|-start|p2a: toyota corolla|Substitute|[from] move: Shed Tail\n|-damage|p2a: toyota corolla|50\/100\n|\n|t:|1699069116\n|switch|p2a: family of 4|Maushold-Four|100\/100|[from] Shed Tail\n|move|p1a: Arceus|Stealth Rock|p2a: family of 4\n|-sidestart|p2: qwerman234|move: Stealth Rock\n|\n|upkeep\n|turn|2\n|\n|t:|1699069125\n|move|p1a: Arceus|Extreme Speed|p2a: family of 4\n|-end|p2a: family of 4|Substitute\n|move|p2a: family of 4|Tidy Up|p2a: family of 4\n|-sideend|p2: qwerman234|Stealth Rock\n|-activate|p2a: family of 4|move: Tidy Up\n|-boost|p2a: family of 4|atk|1\n|-boost|p2a: family of 4|spe|1\n|\n|upkeep\n|turn|3\n|\n|t:|1699069133\n|move|p2a: family of 4|Bullet Seed|p1a: Arceus\n|-supereffective|p1a: Arceus\n|-damage|p1a: Arceus|78\/100\n|-supereffective|p1a: Arceus\n|-damage|p1a: Arceus|59\/100\n|-supereffective|p1a: Arceus\n|-damage|p1a: Arceus|35\/100\n|-supereffective|p1a: Arceus\n|-damage|p1a: Arceus|14\/100\n|-supereffective|p1a: Arceus\n|-damage|p1a: Arceus|0 fnt\n|faint|p1a: Arceus\n|-hitcount|p1: Arceus|5\n|\n|upkeep\n|\n|t:|1699069147\n|switch|p1a: Chi-Yu|Chi-Yu|100\/100\n|-ability|p1a: Chi-Yu|Beads of Ruin\n|turn|4\n|\n|t:|1699069154\n|move|p2a: family of 4|Population Bomb|p1a: Chi-Yu\n|-damage|p1a: Chi-Yu|75\/100\n|-damage|p1a: Chi-Yu|50\/100\n|-damage|p1a: Chi-Yu|22\/100\n|-damage|p1a: Chi-Yu|0 fnt\n|faint|p1a: Chi-Yu\n|-hitcount|p1: Chi-Yu|4\n|\n|upkeep\n|\n|t:|1699069164\n|switch|p1a: Flutter Mane|Flutter Mane|100\/100\n|-enditem|p1a: Flutter Mane|Booster Energy\n|-activate|p1a: Flutter Mane|ability: Protosynthesis|[fromitem]\n|-start|p1a: Flutter Mane|protosynthesisspe\n|turn|5\n|\n|t:|1699069174\n|-terastallize|p1a: Flutter Mane|Ghost\n|move|p1a: Flutter Mane|Moonblast|p2a: family of 4\n|-damage|p2a: family of 4|21\/100\n|move|p2a: family of 4|Crunch|p1a: Flutter Mane\n|-supereffective|p1a: Flutter Mane\n|-damage|p1a: Flutter Mane|0 fnt\n|faint|p1a: Flutter Mane\n|-end|p1a: Flutter Mane|Protosynthesis|[silent]\n|\n|upkeep\n|-message|Pyrax69 forfeited.\n|\n|win|qwerman234\n|raw|Pyrax69's rating: 1090 &rarr; <strong>1070<\/strong><br \/>(-20 for losing)\n|raw|qwerman234's rating: 1146 &rarr; <strong>1167<\/strong><br \/>(+21 for winning)\n|l|\u2606Pyrax69\n|l|\u2606qwerman234\n|j|\u2606qwerman234\n|player|p2|qwerman234|gambler\n","uploadtime":1699069555,"views":6,"p1id":"pyrax69","p2id":"qwerman234","formatid":"gen9ubers","rating":1070,"private":0,"password":""}