{"id":"gen9ubers-1982060034","p1":"Albaz Brand","p2":"Janis105","format":"[Gen 9] Ubers","log":"|j|\u2606Albaz Brand\n|j|\u2606Janis105\n|t:|1698963868\n|gametype|singles\n|player|p1|Albaz Brand|bellelba|\n|player|p2|Janis105|eusine|\n|teamsize|p1|6\n|teamsize|p2|6\n|gen|9\n|tier|[Gen 9] Ubers\n|rule|Sleep Clause Mod: Limit one foe put to sleep\n|rule|Species Clause: Limit one of each Pok\u00e9mon\n|rule|OHKO Clause: OHKO moves are banned\n|rule|Evasion Items Clause: Evasion items are banned\n|rule|Evasion Moves Clause: Evasion moves are banned\n|rule|Endless Battle Clause: Forcing endless battles is banned\n|rule|HP Percentage Mod: HP is shown in percentages\n|clearpoke\n|poke|p1|Torkoal, M|\n|poke|p1|Arceus-Grass|\n|poke|p1|Roaring Moon|\n|poke|p1|Walking Wake|\n|poke|p1|Iron Moth|\n|poke|p1|Magearna-Original|\n|poke|p2|Zacian-*|\n|poke|p2|Palkia-Origin|\n|poke|p2|Cinderace, F|\n|poke|p2|Magearna|\n|poke|p2|Cyclizar, M|\n|poke|p2|Arceus-Grass|\n|teampreview\n|c|\u2606Janis105|glhf\n|c|\u2606Albaz Brand|GLHF\n|inactive|Battle timer is ON: inactive players will automatically lose when time's up. (requested by Janis105)\n|\n|t:|1698963937\n|start\n|switch|p1a: Torkoal|Torkoal, M|100\/100\n|switch|p2a: Magearna|Magearna|100\/100\n|-weather|SunnyDay|[from] ability: Drought|[of] p1a: Torkoal\n|turn|1\n|\n|t:|1698963951\n|move|p2a: Magearna|Calm Mind|p2a: Magearna\n|-boost|p2a: Magearna|spa|1\n|-boost|p2a: Magearna|spd|1\n|move|p1a: Torkoal|Lava Plume|p2a: Magearna\n|-supereffective|p2a: Magearna\n|-damage|p2a: Magearna|64\/100\n|\n|-weather|SunnyDay|[upkeep]\n|-heal|p2a: Magearna|70\/100|[from] item: Leftovers\n|upkeep\n|turn|2\n|\n|t:|1698963970\n|-terastallize|p2a: Magearna|Water\n|move|p2a: Magearna|Shift Gear|p2a: Magearna\n|-boost|p2a: Magearna|spe|2\n|-boost|p2a: Magearna|atk|1\n|move|p1a: Torkoal|Yawn|p2a: Magearna\n|-start|p2a: Magearna|move: Yawn|[of] p1a: Torkoal\n|\n|-weather|SunnyDay|[upkeep]\n|-heal|p2a: Magearna|76\/100|[from] item: Leftovers\n|upkeep\n|turn|3\n|j| uubers account\n|\n|t:|1698963980\n|switch|p1a: Magearna|Magearna-Original|100\/100\n|move|p2a: Magearna|Stored Power|p1a: Magearna\n|-resisted|p1a: Magearna\n|-damage|p1a: Magearna|74\/100\n|\n|-weather|SunnyDay|[upkeep]\n|-heal|p2a: Magearna|82\/100|[from] item: Leftovers\n|-heal|p1a: Magearna|80\/100|[from] item: Leftovers\n|-end|p2a: Magearna|move: Yawn|[silent]\n|-status|p2a: Magearna|slp\n|upkeep\n|turn|4\n|\n|t:|1698964003\n|cant|p2a: Magearna|slp\n|move|p1a: Magearna|Calm Mind|p1a: Magearna\n|-boost|p1a: Magearna|spa|1\n|-boost|p1a: Magearna|spd|1\n|\n|-weather|SunnyDay|[upkeep]\n|-heal|p2a: Magearna|88\/100 slp|[from] item: Leftovers\n|-heal|p1a: Magearna|86\/100|[from] item: Leftovers\n|upkeep\n|turn|5\n|l| uubers account\n|j| uubers account\n|\n|t:|1698964016\n|switch|p2a: Cinderace|Cinderace, F|100\/100\n|move|p1a: Magearna|Calm Mind|p1a: Magearna\n|-boost|p1a: Magearna|spa|1\n|-boost|p1a: Magearna|spd|1\n|\n|-weather|SunnyDay|[upkeep]\n|-heal|p1a: Magearna|92\/100|[from] item: Leftovers\n|upkeep\n|turn|6\n|\n|t:|1698964022\n|move|p2a: Cinderace|Pyro Ball|p1a: Magearna\n|-supereffective|p1a: Magearna\n|-damage|p1a: Magearna|0 fnt\n|faint|p1a: Magearna\n|\n|-weather|SunnyDay|[upkeep]\n|upkeep\n|\n|t:|1698964026\n|switch|p1a: Walking Wake|Walking Wake|100\/100\n|-activate|p1a: Walking Wake|ability: Protosynthesis\n|-start|p1a: Walking Wake|protosynthesisspe\n|turn|7\n|\n|t:|1698964040\n|switch|p2a: Arceus|Arceus-Grass|100\/100\n|move|p1a: Walking Wake|Draco Meteor|p2a: Arceus\n|-damage|p2a: Arceus|34\/100\n|-unboost|p1a: Walking Wake|spa|2\n|\n|-weather|SunnyDay|[upkeep]\n|upkeep\n|turn|8\n|\n|t:|1698964062\n|switch|p2a: Magearna|Magearna, tera:Water|88\/100 slp\n|move|p1a: Walking Wake|Draco Meteor|p2a: Magearna\n|-damage|p2a: Magearna|46\/100 slp\n|-unboost|p1a: Walking Wake|spa|2\n|\n|-weather|none\n|-end|p1a: Walking Wake|Protosynthesis\n|-heal|p2a: Magearna|52\/100 slp|[from] item: Leftovers\n|upkeep\n|turn|9\n|\n|t:|1698964068\n|-end|p1a: Walking Wake|Protosynthesis|[silent]\n|switch|p1a: Torkoal|Torkoal, M|100\/100\n|-weather|SunnyDay|[from] ability: Drought|[of] p1a: Torkoal\n|cant|p2a: Magearna|slp\n|\n|-weather|SunnyDay|[upkeep]\n|-heal|p2a: Magearna|58\/100 slp|[from] item: Leftovers\n|upkeep\n|turn|10\n|\n|t:|1698964075\n|-curestatus|p2a: Magearna|slp|[msg]\n|move|p2a: Magearna|Draining Kiss|p1a: Torkoal\n|-resisted|p1a: Torkoal\n|-damage|p1a: Torkoal|86\/100\n|-heal|p2a: Magearna|68\/100|[from] drain|[of] p1a: Torkoal\n|move|p1a: Torkoal|Lava Plume|p2a: Magearna\n|-resisted|p2a: Magearna\n|-damage|p2a: Magearna|52\/100\n|-status|p2a: Magearna|brn\n|\n|-weather|SunnyDay|[upkeep]\n|-heal|p2a: Magearna|58\/100 brn|[from] item: Leftovers\n|-damage|p2a: Magearna|52\/100 brn|[from] brn\n|upkeep\n|turn|11\n|\n|t:|1698964101\n|switch|p2a: Cyclizar|Cyclizar, M|100\/100\n|switch|p1a: Iron Moth|Iron Moth, shiny|100\/100\n|-enditem|p1a: Iron Moth|Booster Energy\n|-activate|p1a: Iron Moth|ability: Quark Drive|[fromitem]\n|-start|p1a: Iron Moth|quarkdrivespe\n|\n|-weather|SunnyDay|[upkeep]\n|upkeep\n|turn|12\n|inactive|Janis105 has 270 seconds left.\n|\n|t:|1698964117\n|move|p1a: Iron Moth|Dazzling Gleam|p2a: Cyclizar\n|-supereffective|p2a: Cyclizar\n|-damage|p2a: Cyclizar|21\/100\n|-enditem|p2a: Cyclizar|Sitrus Berry|[eat]\n|-heal|p2a: Cyclizar|46\/100|[from] item: Sitrus Berry\n|move|p2a: Cyclizar|Shed Tail|p2a: Cyclizar\n|-fail|p2a: Cyclizar|move: Shed Tail|[weak]\n|\n|-weather|SunnyDay|[upkeep]\n|upkeep\n|turn|13\n|inactive|Janis105 has 270 seconds left.\n|\n|t:|1698964131\n|switch|p2a: Cinderace|Cinderace, F|100\/100\n|move|p1a: Iron Moth|Dazzling Gleam|p2a: Cinderace\n|-resisted|p2a: Cinderace\n|-damage|p2a: Cinderace|85\/100\n|\n|-weather|SunnyDay|[upkeep]\n|upkeep\n|turn|14\n|c| uubers account|huge\n|\n|t:|1698964140\n|move|p1a: Iron Moth|Sludge Wave|p2a: Cinderace\n|-damage|p2a: Cinderace|28\/100\n|move|p2a: Cinderace|Pyro Ball|p1a: Iron Moth\n|-resisted|p1a: Iron Moth\n|-damage|p1a: Iron Moth|50\/100\n|\n|-weather|SunnyDay|[upkeep]\n|upkeep\n|turn|15\n|\n|t:|1698964152\n|move|p1a: Iron Moth|Sludge Wave|p2a: Cinderace\n|-damage|p2a: Cinderace|0 fnt\n|faint|p2a: Cinderace\n|\n|-weather|SunnyDay|[upkeep]\n|upkeep\n|\n|t:|1698964161\n|switch|p2a: Palkia|Palkia-Origin|100\/100\n|-ability|p2a: Palkia|Pressure\n|turn|16\n|\n|t:|1698964164\n|move|p1a: Iron Moth|Dazzling Gleam|p2a: Palkia\n|-supereffective|p2a: Palkia\n|-crit|p2a: Palkia\n|-damage|p2a: Palkia|25\/100\n|move|p2a: Palkia|Substitute|p2a: Palkia\n|-fail|p2a: Palkia|move: Substitute|[weak]\n|\n|-weather|none\n|upkeep\n|turn|17\n|c|\u2606Janis105|man\n|c| uubers account|bro\n|c|\u2606Albaz Brand|Mobby huge moment\n|inactive|Janis105 has 270 seconds left.\n|\n|t:|1698964214\n|switch|p2a: Arceus|Arceus-Grass|34\/100\n|move|p1a: Iron Moth|Sludge Wave|p2a: Arceus\n|-supereffective|p2a: Arceus\n|-damage|p2a: Arceus|0 fnt\n|faint|p2a: Arceus\n|\n|upkeep\n|inactive|Janis105 has 240 seconds left.\n|\n|t:|1698964236\n|switch|p2a: Zacian|Zacian|100\/100\n|-ability|p2a: Zacian|Intrepid Sword|boost\n|-boost|p2a: Zacian|atk|1\n|turn|18\n|\n|t:|1698964240\n|move|p1a: Iron Moth|Sludge Wave|p2a: Zacian\n|-supereffective|p2a: Zacian\n|-damage|p2a: Zacian|14\/100\n|move|p2a: Zacian|Crunch|p1a: Iron Moth\n|-damage|p1a: Iron Moth|0 fnt\n|faint|p1a: Iron Moth\n|-end|p1a: Iron Moth|Quark Drive|[silent]\n|\n|upkeep\n|\n|t:|1698964245\n|switch|p1a: Roaring Moon|Roaring Moon|100\/100\n|-enditem|p1a: Roaring Moon|Booster Energy\n|-activate|p1a: Roaring Moon|ability: Protosynthesis|[fromitem]\n|-start|p1a: Roaring Moon|protosynthesisatk\n|turn|19\n|\n|t:|1698964257\n|switch|p2a: Magearna|Magearna, tera:Water|52\/100 brn\n|-terastallize|p1a: Roaring Moon|Fire\n|move|p1a: Roaring Moon|Dragon Dance|p1a: Roaring Moon\n|-boost|p1a: Roaring Moon|atk|1\n|-boost|p1a: Roaring Moon|spe|1\n|\n|-heal|p2a: Magearna|58\/100 brn|[from] item: Leftovers\n|-damage|p2a: Magearna|52\/100 brn|[from] brn\n|upkeep\n|turn|20\n|inactive|Janis105 has 240 seconds left.\n|\n|t:|1698964274\n|move|p1a: Roaring Moon|Knock Off|p2a: Magearna\n|-damage|p2a: Magearna|0 fnt\n|-enditem|p2a: Magearna|Leftovers|[from] move: Knock Off|[of] p1a: Roaring Moon\n|faint|p2a: Magearna\n|\n|upkeep\n|inactive|Janis105 has 240 seconds left.\n|\n|t:|1698964291\n|switch|p2a: Cyclizar|Cyclizar, M|79\/100\n|turn|21\n|\n|t:|1698964302\n|move|p1a: Roaring Moon|Knock Off|p2a: Cyclizar\n|-damage|p2a: Cyclizar|0 fnt\n|faint|p2a: Cyclizar\n|\n|upkeep\n|\n|t:|1698964306\n|switch|p2a: Palkia|Palkia-Origin|25\/100\n|-ability|p2a: Palkia|Pressure\n|turn|22\n|\n|t:|1698964308\n|move|p1a: Roaring Moon|Knock Off|p2a: Palkia\n|-damage|p2a: Palkia|0 fnt\n|faint|p2a: Palkia\n|\n|upkeep\n|c|\u2606Janis105|gg\n|c|\u2606Albaz Brand|Ggs\n|-message|Janis105 forfeited.\n|\n|win|Albaz Brand\n|l|\u2606Albaz Brand\n|l| uubers account\n|j| uubers account\n","uploadtime":1698964908,"views":25,"p1id":"albazbrand","p2id":"janis105","formatid":"gen9ubers","rating":0,"private":0,"password":""}