{"id":"gen9ubers-2000068463","p1":"bruc3wi11is","p2":"Bereng0","format":"[Gen 9] Ubers","log":"|j|\u2606bruc3wi11is\n|j|\u2606Bereng0\n|t:|1701149040\n|gametype|singles\n|player|p1|bruc3wi11is|red|1248\n|player|p2|Bereng0|colress|1410\n|teamsize|p1|6\n|teamsize|p2|6\n|gen|9\n|tier|[Gen 9] Ubers\n|rated|\n|rule|Sleep Clause Mod: Limit one foe put to sleep\n|rule|Species Clause: Limit one of each Pok\u00e9mon\n|rule|OHKO Clause: OHKO moves are banned\n|rule|Evasion Items Clause: Evasion items are banned\n|rule|Evasion Moves Clause: Evasion moves are banned\n|rule|Endless Battle Clause: Forcing endless battles is banned\n|rule|HP Percentage Mod: HP is shown in percentages\n|clearpoke\n|poke|p1|Zacian-*|\n|poke|p1|Rayquaza|\n|poke|p1|Ribombee, M|\n|poke|p1|Dialga-Origin|\n|poke|p1|Koraidon|\n|poke|p1|Iron Bundle|\n|poke|p2|Zacian-*|\n|poke|p2|Koraidon|\n|poke|p2|Miraidon|\n|poke|p2|Froslass, F|\n|poke|p2|Kyogre|\n|poke|p2|Flutter Mane|\n|teampreview\n|inactive|Battle timer is ON: inactive players will automatically lose when time's up. (requested by bruc3wi11is)\n|\n|t:|1701149050\n|start\n|switch|p1a: Ribombee|Ribombee, M|100\/100\n|switch|p2a: Koraidon|Koraidon|100\/100\n|-weather|SunnyDay|[from] ability: Orichalcum Pulse|[of] p2a: Koraidon\n|-activate|p2a: Koraidon|Orichalcum Pulse|[source]\n|turn|1\n|\n|t:|1701149053\n|move|p2a: Koraidon|Flame Charge|p1a: Ribombee\n|-supereffective|p1a: Ribombee\n|-enditem|p1a: Ribombee|Focus Sash\n|-damage|p1a: Ribombee|1\/100\n|-boost|p2a: Koraidon|spe|1\n|-damage|p2a: Koraidon|91\/100|[from] item: Life Orb\n|move|p1a: Ribombee|Sticky Web|p2a: Koraidon\n|-sidestart|p2: Bereng0|move: Sticky Web\n|\n|-weather|SunnyDay|[upkeep]\n|upkeep\n|turn|2\n|\n|t:|1701149057\n|move|p2a: Koraidon|Flame Charge|p1a: Ribombee\n|-supereffective|p1a: Ribombee\n|-damage|p1a: Ribombee|0 fnt\n|-boost|p2a: Koraidon|spe|1\n|faint|p1a: Ribombee\n|-damage|p2a: Koraidon|81\/100|[from] item: Life Orb\n|\n|-weather|SunnyDay|[upkeep]\n|upkeep\n|\n|t:|1701149065\n|switch|p1a: Zacian|Zacian-Crowned|100\/100\n|-ability|p1a: Zacian|Intrepid Sword|boost\n|-boost|p1a: Zacian|atk|1\n|turn|3\n|\n|t:|1701149072\n|-terastallize|p1a: Zacian|Ground\n|move|p2a: Koraidon|Flame Charge|p1a: Zacian\n|-damage|p1a: Zacian|58\/100\n|-boost|p2a: Koraidon|spe|1\n|-damage|p2a: Koraidon|71\/100|[from] item: Life Orb\n|move|p1a: Zacian|Play Rough|p2a: Koraidon\n|-supereffective|p2a: Koraidon\n|-damage|p2a: Koraidon|0 fnt\n|faint|p2a: Koraidon\n|\n|-weather|SunnyDay|[upkeep]\n|upkeep\n|\n|t:|1701149080\n|switch|p2a: Kyogre|Kyogre|100\/100\n|-weather|RainDance|[from] ability: Drizzle|[of] p2a: Kyogre\n|turn|4\n|\n|t:|1701149087\n|move|p1a: Zacian|Play Rough|p2a: Kyogre\n|-damage|p2a: Kyogre|35\/100\n|move|p2a: Kyogre|Surf|p1a: Zacian\n|-supereffective|p1a: Zacian\n|-damage|p1a: Zacian|0 fnt\n|faint|p1a: Zacian\n|\n|-weather|RainDance|[upkeep]\n|upkeep\n|\n|t:|1701149090\n|switch|p1a: Iron Bundle|Iron Bundle|100\/100\n|turn|5\n|\n|t:|1701149094\n|move|p1a: Iron Bundle|Freeze-Dry|p2a: Kyogre\n|-supereffective|p2a: Kyogre\n|-damage|p2a: Kyogre|0 fnt\n|faint|p2a: Kyogre\n|\n|-weather|RainDance|[upkeep]\n|upkeep\n|\n|t:|1701149100\n|switch|p2a: Zacian|Zacian-Crowned|100\/100\n|-activate|p2a: Zacian|move: Sticky Web\n|-unboost|p2a: Zacian|spe|1\n|-ability|p2a: Zacian|Intrepid Sword|boost\n|-boost|p2a: Zacian|atk|1\n|turn|6\n|\n|t:|1701149104\n|move|p1a: Iron Bundle|Encore||[still]\n|-fail|p1a: Iron Bundle\n|move|p2a: Zacian|Behemoth Blade|p1a: Iron Bundle\n|-damage|p1a: Iron Bundle|0 fnt\n|faint|p1a: Iron Bundle\n|-end|p1a: Iron Bundle|Quark Drive|[silent]\n|\n|-weather|RainDance|[upkeep]\n|upkeep\n|\n|t:|1701149107\n|switch|p1a: Dialga|Dialga-Origin|100\/100\n|-ability|p1a: Dialga|Pressure\n|turn|7\n|\n|t:|1701149117\n|move|p2a: Zacian|Play Rough|p1a: Dialga\n|-crit|p1a: Dialga\n|-damage|p1a: Dialga|18\/100\n|move|p1a: Dialga|Steel Beam|p2a: Zacian\n|-damage|p2a: Zacian|26\/100\n|-damage|p1a: Dialga|0 fnt|[from] steelbeam\n|faint|p1a: Dialga\n|\n|-weather|RainDance|[upkeep]\n|upkeep\n|\n|t:|1701149122\n|switch|p1a: Koraidon|Koraidon|100\/100\n|-weather|SunnyDay|[from] ability: Orichalcum Pulse|[of] p1a: Koraidon\n|-activate|p1a: Koraidon|Orichalcum Pulse|[source]\n|turn|8\n|\n|t:|1701149128\n|move|p1a: Koraidon|Flare Blitz|p2a: Zacian\n|-supereffective|p2a: Zacian\n|-damage|p2a: Zacian|0 fnt\n|faint|p2a: Zacian\n|-damage|p1a: Koraidon|93\/100|[from] Recoil\n|\n|-weather|SunnyDay|[upkeep]\n|upkeep\n|\n|t:|1701149132\n|switch|p2a: Froslass|Froslass, F|100\/100\n|-activate|p2a: Froslass|move: Sticky Web\n|-unboost|p2a: Froslass|spe|1\n|turn|9\n|\n|t:|1701149138\n|move|p1a: Koraidon|Scale Shot|p2a: Froslass\n|-damage|p2a: Froslass|77\/100\n|-damage|p2a: Froslass|54\/100\n|-start|p1a: Koraidon|Disable|Scale Shot|[from] ability: Cursed Body|[of] p2a: Froslass\n|-damage|p2a: Froslass|30\/100\n|-damage|p2a: Froslass|6\/100\n|-hitcount|p2a: Froslass|4\n|-unboost|p1a: Koraidon|def|1\n|-boost|p1a: Koraidon|spe|1\n|move|p2a: Froslass|Thunder Wave|p1a: Koraidon\n|-status|p1a: Koraidon|par\n|\n|-weather|SunnyDay|[upkeep]\n|upkeep\n|turn|10\n|\n|t:|1701149153\n|switch|p1a: Rayquaza|Rayquaza|100\/100\n|-ability|p1a: Rayquaza|Air Lock\n|move|p2a: Froslass|Destiny Bond|p2a: Froslass\n|-singlemove|p2a: Froslass|Destiny Bond\n|\n|-weather|SunnyDay|[upkeep]\n|upkeep\n|turn|11\n|\n|t:|1701149156\n|move|p1a: Rayquaza|Substitute|p1a: Rayquaza\n|-start|p1a: Rayquaza|Substitute\n|-damage|p1a: Rayquaza|76\/100\n|move|p2a: Froslass|Thunder Wave||[still]\n|-fail|p2a: Froslass\n|\n|-weather|SunnyDay|[upkeep]\n|upkeep\n|turn|12\n|\n|t:|1701149166\n|move|p1a: Rayquaza|Dragon Dance|p1a: Rayquaza\n|-boost|p1a: Rayquaza|atk|1\n|-boost|p1a: Rayquaza|spe|1\n|move|p2a: Froslass|Spikes|p1a: Rayquaza\n|-sidestart|p1: bruc3wi11is|Spikes\n|\n|-weather|none\n|upkeep\n|turn|13\n|\n|t:|1701149171\n|move|p1a: Rayquaza|Earthquake|p2a: Froslass\n|-damage|p2a: Froslass|0 fnt\n|faint|p2a: Froslass\n|\n|upkeep\n|\n|t:|1701149178\n|switch|p2a: Miraidon|Miraidon|100\/100\n|-activate|p2a: Miraidon|move: Sticky Web\n|-unboost|p2a: Miraidon|spe|1\n|-fieldstart|move: Electric Terrain|[from] ability: Hadron Engine|[of] p2a: Miraidon\n|turn|14\n|\n|t:|1701149183\n|-terastallize|p2a: Miraidon|Dragon\n|move|p1a: Rayquaza|Earthquake|p2a: Miraidon\n|-damage|p2a: Miraidon|51\/100\n|move|p2a: Miraidon|Dragon Pulse|p1a: Rayquaza\n|-supereffective|p1a: Rayquaza\n|-end|p1a: Rayquaza|Substitute\n|\n|-heal|p2a: Miraidon|57\/100|[from] item: Leftovers\n|upkeep\n|turn|15\n|\n|t:|1701149188\n|move|p1a: Rayquaza|Dragon Ascent|p2a: Miraidon\n|-damage|p2a: Miraidon|0 fnt\n|-unboost|p1a: Rayquaza|def|1\n|-unboost|p1a: Rayquaza|spd|1\n|faint|p2a: Miraidon\n|\n|upkeep\n|\n|t:|1701149191\n|switch|p2a: Flutter Mane|Flutter Mane|100\/100\n|-activate|p2a: Flutter Mane|move: Sticky Web\n|-unboost|p2a: Flutter Mane|spe|1\n|turn|16\n|\n|t:|1701149196\n|move|p1a: Rayquaza|Earthquake|p2a: Flutter Mane\n|-damage|p2a: Flutter Mane|0 fnt\n|faint|p2a: Flutter Mane\n|-end|p2a: Flutter Mane|Protosynthesis|[silent]\n|\n|win|bruc3wi11is\n|raw|bruc3wi11is's rating: 1248 &rarr; <strong>1284<\/strong><br \/>(+36 for winning)\n|raw|Bereng0's rating: 1410 &rarr; <strong>1381<\/strong><br \/>(-29 for losing)\n|l|\u2606Bereng0\n","uploadtime":1701149210,"views":9,"p1id":"bruc3wi11is","p2id":"bereng0","formatid":"gen9ubers","rating":1284,"private":0,"password":""}