{"id":"gen9ubers-1993369899","p1":"galefang","p2":"Defog Conk Enjoyer","format":"[Gen 9] Ubers","log":"|j|\u2606galefang\n|j|\u2606Defog Conk Enjoyer\n|t:|1700307517\n|gametype|singles\n|player|p1|galefang|lance|1381\n|player|p2|Defog Conk Enjoyer|supernerd|1443\n|teamsize|p1|6\n|teamsize|p2|6\n|gen|9\n|tier|[Gen 9] Ubers\n|rated|\n|rule|Sleep Clause Mod: Limit one foe put to sleep\n|rule|Species Clause: Limit one of each Pok\u00e9mon\n|rule|OHKO Clause: OHKO moves are banned\n|rule|Evasion Items Clause: Evasion items are banned\n|rule|Evasion Moves Clause: Evasion moves are banned\n|rule|Endless Battle Clause: Forcing endless battles is banned\n|rule|HP Percentage Mod: HP is shown in percentages\n|clearpoke\n|poke|p1|Grimmsnarl, M|\n|poke|p1|Koraidon|\n|poke|p1|Arceus|\n|poke|p1|Flutter Mane|\n|poke|p1|Zacian-*|\n|poke|p1|Calyrex-Ice|\n|poke|p2|Zacian-*|\n|poke|p2|Koraidon|\n|poke|p2|Miraidon|\n|poke|p2|Arceus|\n|poke|p2|Groudon|\n|poke|p2|Eternatus|\n|teampreview\n|\n|t:|1700307556\n|start\n|switch|p1a: Grimmsnarl|Grimmsnarl, M|100\/100\n|switch|p2a: Gorilla|Groudon|100\/100\n|-weather|SunnyDay|[from] ability: Drought|[of] p2a: Gorilla\n|turn|1\n|\n|t:|1700307581\n|move|p1a: Grimmsnarl|Taunt|p2a: Gorilla\n|-start|p2a: Gorilla|move: Taunt\n|cant|p2a: Gorilla|move: Taunt|Stealth Rock\n|\n|-weather|SunnyDay|[upkeep]\n|upkeep\n|turn|2\n|\n|t:|1700307586\n|move|p1a: Grimmsnarl|Reflect|p1a: Grimmsnarl\n|-sidestart|p1: galefang|Reflect\n|move|p2a: Gorilla|Precipice Blades|p1a: Grimmsnarl\n|-damage|p1a: Grimmsnarl|53\/100\n|\n|-weather|SunnyDay|[upkeep]\n|upkeep\n|turn|3\n|\n|t:|1700307592\n|switch|p2a: Happy Wheels|Miraidon|100\/100\n|-fieldstart|move: Electric Terrain|[from] ability: Hadron Engine|[of] p2a: Happy Wheels\n|move|p1a: Grimmsnarl|Light Screen|p1a: Grimmsnarl\n|-sidestart|p1: galefang|move: Light Screen\n|\n|-weather|SunnyDay|[upkeep]\n|upkeep\n|turn|4\n|\n|t:|1700307605\n|switch|p1a: Calyrex|Calyrex-Ice|100\/100\n|-ability|p1a: Calyrex|As One\n|-ability|p1a: Calyrex|Unnerve\n|move|p2a: Happy Wheels|Volt Switch|p1a: Calyrex\n|-crit|p1a: Calyrex\n|-damage|p1a: Calyrex|0 fnt\n|faint|p1a: Calyrex\n|\n|t:|1700307614\n|switch|p2a: Gorilla|Groudon|100\/100|[from] Volt Switch\n|\n|-weather|SunnyDay|[upkeep]\n|upkeep\n|c|\u2606galefang|well that was unfort\n|\n|t:|1700307628\n|switch|p1a: Arceus|Arceus|100\/100\n|turn|5\n|\n|t:|1700307632\n|move|p1a: Arceus|Taunt|p2a: Gorilla\n|-start|p2a: Gorilla|move: Taunt\n|cant|p2a: Gorilla|move: Taunt|Will-O-Wisp\n|\n|-weather|none\n|upkeep\n|turn|6\n|\n|t:|1700307637\n|move|p1a: Arceus|Swords Dance|p1a: Arceus\n|-boost|p1a: Arceus|atk|2\n|move|p2a: Gorilla|Precipice Blades|p1a: Arceus\n|-damage|p1a: Arceus|74\/100\n|\n|upkeep\n|turn|7\n|\n|t:|1700307643\n|move|p1a: Arceus|Swords Dance|p1a: Arceus\n|-boost|p1a: Arceus|atk|2\n|move|p2a: Gorilla|Precipice Blades|p1a: Arceus|[miss]\n|-miss|p2a: Gorilla|p1a: Arceus\n|\n|-end|p2a: Gorilla|move: Taunt\n|-fieldend|move: Electric Terrain\n|upkeep\n|turn|8\n|\n|t:|1700307650\n|move|p1a: Arceus|Taunt|p2a: Gorilla\n|-start|p2a: Gorilla|move: Taunt\n|cant|p2a: Gorilla|move: Taunt|Will-O-Wisp\n|\n|upkeep\n|turn|9\n|\n|t:|1700307655\n|move|p1a: Arceus|Extreme Speed|p2a: Gorilla\n|-damage|p2a: Gorilla|0 fnt\n|-damage|p1a: Arceus|57\/100|[from] item: Rocky Helmet|[of] p2a: Gorilla\n|faint|p2a: Gorilla\n|\n|-sideend|p1: galefang|Reflect\n|upkeep\n|\n|t:|1700307658\n|switch|p2a: Jod|Arceus, shiny|100\/100\n|turn|10\n|\n|t:|1700307669\n|-terastallize|p2a: Jod|Normal\n|move|p2a: Jod|Extreme Speed|p1a: Arceus\n|-damage|p1a: Arceus|15\/100\n|move|p1a: Arceus|Shadow Claw|p2a: Jod\n|-immune|p2a: Jod\n|\n|-sideend|p1: galefang|move: Light Screen\n|upkeep\n|turn|11\n|c|\u2606galefang|dang it\n|\n|t:|1700307708\n|move|p1a: Arceus|Extreme Speed|p2a: Jod\n|-damage|p2a: Jod|4\/100\n|move|p2a: Jod|Extreme Speed|p1a: Arceus\n|-damage|p1a: Arceus|0 fnt\n|faint|p1a: Arceus\n|\n|-heal|p2a: Jod|10\/100|[from] item: Leftovers\n|upkeep\n|c|\u2606galefang|that lives +4?\n|\n|t:|1700307758\n|switch|p1a: Flutter Mane|Flutter Mane|100\/100\n|turn|12\n|\n|t:|1700307768\n|move|p1a: Flutter Mane|Psyshock|p2a: Jod\n|-damage|p2a: Jod|0 fnt\n|faint|p2a: Jod\n|-damage|p1a: Flutter Mane|91\/100|[from] item: Life Orb\n|\n|upkeep\n|\n|t:|1700307786\n|switch|p2a: Woof|Zacian-Crowned, shiny|100\/100\n|-ability|p2a: Woof|Intrepid Sword|boost\n|-boost|p2a: Woof|atk|1\n|turn|13\n|c|\u2606galefang|+4 252+ Atk Silk Scarf Arceus Extreme Speed vs. 200 HP \/ 0 Def Arceus: 417-492 (96.7 - 114.1%) -- 81.3% chance to OHKO\n|c|\u2606galefang|your luck is on another level\n|\n|t:|1700307815\n|-end|p1a: Flutter Mane|Protosynthesis|[silent]\n|switch|p1a: Grimmsnarl|Grimmsnarl, M|53\/100\n|move|p2a: Woof|Swords Dance|p2a: Woof\n|-boost|p2a: Woof|atk|2\n|\n|upkeep\n|turn|14\n|\n|t:|1700307831\n|move|p1a: Grimmsnarl|Reflect|p1a: Grimmsnarl\n|-sidestart|p1: galefang|Reflect\n|move|p2a: Woof|Behemoth Blade|p1a: Grimmsnarl\n|-supereffective|p1a: Grimmsnarl\n|-damage|p1a: Grimmsnarl|0 fnt\n|faint|p1a: Grimmsnarl\n|\n|upkeep\n|\n|t:|1700307842\n|switch|p1a: Koraidon|Koraidon|100\/100\n|-weather|SunnyDay|[from] ability: Orichalcum Pulse|[of] p1a: Koraidon\n|-activate|p1a: Koraidon|Orichalcum Pulse|[source]\n|turn|15\n|\n|t:|1700307851\n|-terastallize|p1a: Koraidon|Steel\n|move|p2a: Woof|Play Rough|p1a: Koraidon\n|-resisted|p1a: Koraidon\n|-damage|p1a: Koraidon|71\/100\n|move|p1a: Koraidon|Flare Blitz|p2a: Woof\n|-supereffective|p2a: Woof\n|-damage|p2a: Woof|0 fnt\n|faint|p2a: Woof\n|-damage|p1a: Koraidon|40\/100|[from] Recoil\n|\n|-weather|SunnyDay|[upkeep]\n|upkeep\n|\n|t:|1700307858\n|switch|p2a: Happy Wheels|Miraidon|100\/100\n|-fieldstart|move: Electric Terrain|[from] ability: Hadron Engine|[of] p2a: Happy Wheels\n|turn|16\n|\n|t:|1700307866\n|move|p2a: Happy Wheels|Volt Switch|p1a: Koraidon\n|-damage|p1a: Koraidon|0 fnt\n|faint|p1a: Koraidon\n|\n|t:|1700307872\n|switch|p2a: Terminus|Eternatus|100\/100|[from] Volt Switch\n|-ability|p2a: Terminus|Pressure\n|\n|-weather|SunnyDay|[upkeep]\n|upkeep\n|\n|t:|1700307879\n|switch|p1a: Zacian|Zacian-Crowned|100\/100\n|-ability|p1a: Zacian|Intrepid Sword|boost\n|-boost|p1a: Zacian|atk|1\n|turn|17\n|\n|t:|1700307886\n|move|p1a: Zacian|Behemoth Blade|p2a: Terminus\n|-damage|p2a: Terminus|39\/100\n|move|p2a: Terminus|Reflect|p2a: Terminus\n|-sidestart|p2: Defog Conk Enjoyer|Reflect\n|\n|-weather|SunnyDay|[upkeep]\n|upkeep\n|turn|18\n|\n|t:|1700307896\n|switch|p2a: Happy Wheels|Miraidon|100\/100\n|-activate|p2a: Happy Wheels|ability: Hadron Engine\n|move|p1a: Zacian|Swords Dance|p1a: Zacian\n|-boost|p1a: Zacian|atk|2\n|\n|-weather|SunnyDay|[upkeep]\n|upkeep\n|turn|19\n|\n|t:|1700307905\n|move|p1a: Zacian|Play Rough|p2a: Happy Wheels\n|-supereffective|p2a: Happy Wheels\n|-damage|p2a: Happy Wheels|0 fnt\n|faint|p2a: Happy Wheels\n|\n|-weather|none\n|upkeep\n|\n|t:|1700307910\n|switch|p2a: Sad Wheels|Koraidon|100\/100\n|-weather|SunnyDay|[from] ability: Orichalcum Pulse|[of] p2a: Sad Wheels\n|-activate|p2a: Sad Wheels|Orichalcum Pulse|[source]\n|turn|20\n|\n|t:|1700307916\n|move|p1a: Zacian|Play Rough|p2a: Sad Wheels\n|-supereffective|p2a: Sad Wheels\n|-damage|p2a: Sad Wheels|0 fnt\n|faint|p2a: Sad Wheels\n|\n|-weather|SunnyDay|[upkeep]\n|-fieldend|move: Electric Terrain\n|upkeep\n|-message|Defog Conk Enjoyer forfeited.\n|\n|win|galefang\n|raw|galefang's rating: 1381 &rarr; <strong>1405<\/strong><br \/>(+24 for winning)\n|raw|Defog Conk Enjoyer's rating: 1443 &rarr; <strong>1419<\/strong><br \/>(-24 for losing)\n|c|\u2606galefang|no way you lost that\n|l|\u2606Defog Conk Enjoyer\n","uploadtime":1700307955,"views":5,"p1id":"galefang","p2id":"defogconkenjoyer","formatid":"gen9ubers","rating":1405,"private":0,"password":""}