{"id":"gen9ubers-1968848258","p1":"multiplayerenjoyer","p2":"Victornya","format":"[Gen 9] Ubers","log":"|j|\u2606multiplayerenjoyer\n|j|\u2606Victornya\n|t:|1697469779\n|gametype|singles\n|player|p1|multiplayerenjoyer|lusamine-nihilego|\n|player|p2|Victornya|parasollady|\n|teamsize|p1|6\n|teamsize|p2|6\n|gen|9\n|tier|[Gen 9] Ubers\n|rule|Sleep Clause Mod: Limit one foe put to sleep\n|rule|Species Clause: Limit one of each Pok\u00e9mon\n|rule|OHKO Clause: OHKO moves are banned\n|rule|Evasion Items Clause: Evasion items are banned\n|rule|Evasion Moves Clause: Evasion moves are banned\n|rule|Endless Battle Clause: Forcing endless battles is banned\n|rule|HP Percentage Mod: HP is shown in percentages\n|clearpoke\n|poke|p1|Masquerain, F|\n|poke|p1|Magearna|\n|poke|p1|Giratina|\n|poke|p1|Hatterene, F|\n|poke|p1|Urshifu-*, M|\n|poke|p1|Gardevoir, F|\n|poke|p2|Magearna|\n|poke|p2|Ninetales-Alola, M|\n|poke|p2|Dondozo, F|\n|poke|p2|Dragapult, F|\n|poke|p2|Hatterene, F|\n|poke|p2|Ogerpon, F|\n|teampreview\n|\n|t:|1697469801\n|start\n|switch|p1a: Urshifu|Urshifu-Rapid-Strike, M|100\/100\n|switch|p2a: Hatterene|Hatterene, F|100\/100\n|turn|1\n|\n|t:|1697469827\n|switch|p2a: Magearna|Magearna|100\/100\n|move|p1a: Urshifu|U-turn|p2a: Magearna\n|-resisted|p2a: Magearna\n|-damage|p2a: Magearna|94\/100\n|\n|t:|1697469837\n|switch|p1a: Masquerain|Masquerain, F|100\/100|[from] U-turn\n|-ability|p1a: Masquerain|Intimidate|boost\n|-unboost|p2a: Magearna|atk|1\n|\n|-heal|p2a: Magearna|99\/100|[from] item: Leftovers\n|upkeep\n|turn|2\n|\n|t:|1697469845\n|move|p1a: Masquerain|U-turn|p2a: Magearna\n|-resisted|p2a: Magearna\n|-damage|p2a: Magearna|97\/100\n|\n|t:|1697469849\n|switch|p1a: Urshifu|Urshifu-Rapid-Strike, M|100\/100|[from] U-turn\n|move|p2a: Magearna|Shift Gear|p2a: Magearna\n|-boost|p2a: Magearna|spe|2\n|-boost|p2a: Magearna|atk|1\n|\n|-heal|p2a: Magearna|100\/100|[from] item: Leftovers\n|upkeep\n|turn|3\n|\n|t:|1697469863\n|-terastallize|p1a: Urshifu|Water\n|move|p2a: Magearna|Calm Mind|p2a: Magearna\n|-boost|p2a: Magearna|spa|1\n|-boost|p2a: Magearna|spd|1\n|move|p1a: Urshifu|Surging Strikes|p2a: Magearna\n|-crit|p2a: Magearna\n|-damage|p2a: Magearna|71\/100\n|-crit|p2a: Magearna\n|-damage|p2a: Magearna|46\/100\n|-crit|p2a: Magearna\n|-damage|p2a: Magearna|16\/100\n|-hitcount|p2a: Magearna|3\n|\n|-heal|p2a: Magearna|22\/100|[from] item: Leftovers\n|upkeep\n|turn|4\n|\n|t:|1697469872\n|move|p2a: Magearna|Fleur Cannon|p1a: Urshifu\n|-damage|p1a: Urshifu|0 fnt\n|-unboost|p2a: Magearna|spa|2\n|faint|p1a: Urshifu\n|-ability|p2a: Magearna|Soul-Heart|boost\n|-boost|p2a: Magearna|spa|1\n|\n|-heal|p2a: Magearna|29\/100|[from] item: Leftovers\n|upkeep\n|\n|t:|1697469892\n|switch|p1a: Giratina|Giratina|100\/100\n|-ability|p1a: Giratina|Pressure\n|turn|5\n|\n|t:|1697469900\n|switch|p2a: Dragapult|Dragapult, F|100\/100\n|move|p1a: Giratina|Poltergeist|p2a: Dragapult\n|-activate|p2a: Dragapult|move: Poltergeist|Leftovers\n|-supereffective|p2a: Dragapult\n|-damage|p2a: Dragapult|7\/100\n|\n|-heal|p2a: Dragapult|13\/100|[from] item: Leftovers\n|upkeep\n|turn|6\n|\n|t:|1697469913\n|switch|p1a: Hatterene|Hatterene, F|100\/100\n|move|p2a: Dragapult|Will-O-Wisp|p1a: Hatterene\n|move|p1a: Hatterene|Will-O-Wisp|p2a: Dragapult|[from]ability: Magic Bounce|[miss]\n|-miss|p1a: Hatterene|p2a: Dragapult\n|\n|-heal|p2a: Dragapult|19\/100|[from] item: Leftovers\n|upkeep\n|turn|7\n|\n|t:|1697469939\n|switch|p2a: Ninetales|Ninetales-Alola, M|100\/100\n|-weather|Snow|[from] ability: Snow Warning|[of] p2a: Ninetales\n|move|p1a: Hatterene|Agility|p1a: Hatterene\n|-boost|p1a: Hatterene|spe|2\n|\n|-weather|Snow|[upkeep]\n|upkeep\n|turn|8\n|\n|t:|1697469950\n|move|p2a: Ninetales|Aurora Veil|p2a: Ninetales\n|-sidestart|p2: Victornya|move: Aurora Veil\n|move|p1a: Hatterene|Agility|p1a: Hatterene\n|-boost|p1a: Hatterene|spe|2\n|\n|-weather|Snow|[upkeep]\n|upkeep\n|turn|9\n|\n|t:|1697469964\n|move|p2a: Ninetales|Blizzard|p1a: Hatterene\n|-damage|p1a: Hatterene|55\/100\n|move|p1a: Hatterene|Agility|p1a: Hatterene\n|-boost|p1a: Hatterene|spe|2\n|\n|-weather|Snow|[upkeep]\n|upkeep\n|turn|10\n|\n|t:|1697469969\n|move|p1a: Hatterene|Calm Mind|p1a: Hatterene\n|-boost|p1a: Hatterene|spa|1\n|-boost|p1a: Hatterene|spd|1\n|move|p2a: Ninetales|Blizzard|p1a: Hatterene\n|-damage|p1a: Hatterene|27\/100\n|-status|p1a: Hatterene|frz\n|\n|-weather|Snow|[upkeep]\n|upkeep\n|turn|11\n|\n|t:|1697469976\n|cant|p1a: Hatterene|frz\n|move|p2a: Ninetales|Blizzard|p1a: Hatterene\n|-crit|p1a: Hatterene\n|-damage|p1a: Hatterene|0 fnt\n|faint|p1a: Hatterene\n|\n|-weather|none\n|upkeep\n|\n|t:|1697469984\n|switch|p1a: Masquerain|Masquerain, F|100\/100\n|-ability|p1a: Masquerain|Intimidate|boost\n|-unboost|p2a: Ninetales|atk|1\n|turn|12\n|\n|t:|1697469992\n|switch|p2a: Hatterene|Hatterene, F|100\/100\n|move|p1a: Masquerain|U-turn|p2a: Hatterene\n|-damage|p2a: Hatterene|92\/100\n|-enditem|p2a: Hatterene|Red Card|[of] p1a: Masquerain\n|drag|p1a: Giratina|Giratina|100\/100\n|-ability|p1a: Giratina|Pressure\n|\n|upkeep\n|turn|13\n|\n|t:|1697470012\n|switch|p1a: Gardevoir|Gardevoir, F|100\/100\n|-ability|p1a: Gardevoir|Magic Bounce|[from] ability: Trace|[of] p2a: Hatterene\n|move|p2a: Hatterene|Nuzzle|p1a: Gardevoir\n|-damage|p1a: Gardevoir|95\/100\n|-status|p1a: Gardevoir|par\n|\n|upkeep\n|turn|14\n|\n|t:|1697470038\n|switch|p2a: Ogerpon|Ogerpon, F|100\/100\n|move|p1a: Gardevoir|Teleport|p1a: Gardevoir\n|\n|t:|1697470044\n|switch|p1a: Giratina|Giratina|100\/100|[from] Teleport\n|-ability|p1a: Giratina|Pressure\n|\n|upkeep\n|turn|15\n|\n|t:|1697470054\n|move|p2a: Ogerpon|Play Rough|p1a: Giratina\n|-supereffective|p1a: Giratina\n|-damage|p1a: Giratina|53\/100\n|-unboost|p1a: Giratina|atk|1\n|-enditem|p1a: Giratina|Eject Pack\n|\n|t:|1697470068\n|switch|p1a: Magearna|Magearna|100\/100\n|\n|-sideend|p2: Victornya|move: Aurora Veil\n|upkeep\n|turn|16\n|\n|t:|1697470081\n|switch|p2a: Ninetales|Ninetales-Alola, M|100\/100\n|-weather|Snow|[from] ability: Snow Warning|[of] p2a: Ninetales\n|move|p1a: Magearna|Shift Gear|p1a: Magearna\n|-boost|p1a: Magearna|spe|2\n|-boost|p1a: Magearna|atk|1\n|\n|-weather|Snow|[upkeep]\n|upkeep\n|turn|17\n|\n|t:|1697470088\n|move|p2a: Ninetales|Blizzard|p1a: Magearna\n|-resisted|p1a: Magearna\n|-damage|p1a: Magearna|83\/100\n|move|p1a: Magearna|Shift Gear|p1a: Magearna\n|-boost|p1a: Magearna|spe|2\n|-boost|p1a: Magearna|atk|1\n|\n|-weather|Snow|[upkeep]\n|-heal|p1a: Magearna|89\/100|[from] item: Leftovers\n|upkeep\n|turn|18\n|\n|t:|1697470093\n|move|p1a: Magearna|Calm Mind|p1a: Magearna\n|-boost|p1a: Magearna|spa|1\n|-boost|p1a: Magearna|spd|1\n|move|p2a: Ninetales|Blizzard|p1a: Magearna\n|-resisted|p1a: Magearna\n|-damage|p1a: Magearna|78\/100\n|\n|-weather|Snow|[upkeep]\n|-heal|p1a: Magearna|84\/100|[from] item: Leftovers\n|upkeep\n|turn|19\n|\n|t:|1697470098\n|move|p1a: Magearna|Calm Mind|p1a: Magearna\n|-boost|p1a: Magearna|spa|1\n|-boost|p1a: Magearna|spd|1\n|move|p2a: Ninetales|Blizzard|p1a: Magearna\n|-resisted|p1a: Magearna\n|-damage|p1a: Magearna|75\/100\n|\n|-weather|Snow|[upkeep]\n|-heal|p1a: Magearna|81\/100|[from] item: Leftovers\n|upkeep\n|turn|20\n|\n|t:|1697470101\n|move|p1a: Magearna|Stored Power|p2a: Ninetales\n|-damage|p2a: Ninetales|0 fnt\n|faint|p2a: Ninetales\n|-ability|p1a: Magearna|Soul-Heart|boost\n|-boost|p1a: Magearna|spa|1\n|\n|-weather|none\n|-heal|p1a: Magearna|87\/100|[from] item: Leftovers\n|upkeep\n|\n|t:|1697470124\n|switch|p2a: Hatterene|Hatterene, F|92\/100\n|turn|21\n|\n|t:|1697470151\n|move|p1a: Magearna|Stored Power|p2a: Hatterene\n|-resisted|p2a: Hatterene\n|-damage|p2a: Hatterene|7\/100\n|move|p2a: Hatterene|Nuzzle|p1a: Magearna\n|-damage|p1a: Magearna|84\/100\n|-status|p1a: Magearna|par\n|\n|-heal|p1a: Magearna|90\/100 par|[from] item: Leftovers\n|upkeep\n|turn|22\n|\n|t:|1697470179\n|move|p1a: Magearna|Shift Gear|p1a: Magearna\n|-boost|p1a: Magearna|spe|2\n|-boost|p1a: Magearna|atk|1\n|move|p2a: Hatterene|Draining Kiss|p1a: Magearna\n|-resisted|p1a: Magearna\n|-damage|p1a: Magearna|83\/100 par\n|-heal|p2a: Hatterene|12\/100|[from] drain|[of] p1a: Magearna\n|\n|-heal|p1a: Magearna|89\/100 par|[from] item: Leftovers\n|upkeep\n|turn|23\n|\n|t:|1697470186\n|cant|p1a: Magearna|par\n|move|p2a: Hatterene|Calm Mind|p2a: Hatterene\n|-boost|p2a: Hatterene|spa|1\n|-boost|p2a: Hatterene|spd|1\n|\n|-heal|p1a: Magearna|96\/100 par|[from] item: Leftovers\n|upkeep\n|turn|24\n|\n|t:|1697470191\n|cant|p1a: Magearna|par\n|move|p2a: Hatterene|Mystical Fire|p1a: Magearna\n|-supereffective|p1a: Magearna\n|-damage|p1a: Magearna|61\/100 par\n|-unboost|p1a: Magearna|spa|1\n|\n|-heal|p1a: Magearna|67\/100 par|[from] item: Leftovers\n|upkeep\n|turn|25\n|\n|t:|1697470198\n|cant|p1a: Magearna|par\n|move|p2a: Hatterene|Mystical Fire|p1a: Magearna\n|-supereffective|p1a: Magearna\n|-damage|p1a: Magearna|28\/100 par\n|-unboost|p1a: Magearna|spa|1\n|\n|-heal|p1a: Magearna|34\/100 par|[from] item: Leftovers\n|upkeep\n|turn|26\n|\n|t:|1697470203\n|cant|p1a: Magearna|par\n|move|p2a: Hatterene|Mystical Fire|p1a: Magearna\n|-supereffective|p1a: Magearna\n|-damage|p1a: Magearna|0 fnt\n|faint|p1a: Magearna\n|\n|upkeep\n|\n|t:|1697470212\n|switch|p1a: Masquerain|Masquerain, F|100\/100\n|-ability|p1a: Masquerain|Intimidate|boost\n|-unboost|p2a: Hatterene|atk|1\n|turn|27\n|\n|t:|1697470226\n|switch|p2a: Dondozo|Dondozo, F|100\/100\n|move|p1a: Masquerain|Hurricane|p2a: Dondozo\n|-damage|p2a: Dondozo|65\/100\n|\n|upkeep\n|turn|28\n|\n|t:|1697470238\n|move|p1a: Masquerain|Hurricane|p2a: Dondozo|[miss]\n|-miss|p1a: Masquerain|p2a: Dondozo\n|move|p2a: Dondozo|Avalanche|p1a: Masquerain\n|-supereffective|p1a: Masquerain\n|-damage|p1a: Masquerain|63\/100\n|\n|upkeep\n|turn|29\n|\n|t:|1697470250\n|move|p1a: Masquerain|Sticky Web|p2a: Dondozo\n|-sidestart|p2: Victornya|move: Sticky Web\n|move|p2a: Dondozo|Avalanche|p1a: Masquerain\n|-supereffective|p1a: Masquerain\n|-damage|p1a: Masquerain|24\/100\n|\n|upkeep\n|turn|30\n|\n|t:|1697470256\n|move|p1a: Masquerain|Hurricane|p2a: Dondozo\n|-damage|p2a: Dondozo|31\/100\n|move|p2a: Dondozo|Avalanche|p1a: Masquerain\n|-supereffective|p1a: Masquerain\n|-damage|p1a: Masquerain|0 fnt\n|faint|p1a: Masquerain\n|\n|upkeep\n|\n|t:|1697470267\n|switch|p1a: Giratina|Giratina|53\/100\n|-ability|p1a: Giratina|Pressure\n|turn|31\n|\n|t:|1697470321\n|switch|p2a: Dragapult|Dragapult, F|19\/100\n|-activate|p2a: Dragapult|move: Sticky Web\n|-unboost|p2a: Dragapult|spe|1\n|move|p1a: Giratina|Draco Meteor|p2a: Dragapult\n|-supereffective|p2a: Dragapult\n|-damage|p2a: Dragapult|0 fnt\n|-unboost|p1a: Giratina|spa|2\n|faint|p2a: Dragapult\n|\n|upkeep\n|\n|t:|1697470359\n|switch|p2a: Ogerpon|Ogerpon, F|100\/100\n|-activate|p2a: Ogerpon|move: Sticky Web\n|-unboost|p2a: Ogerpon|spe|1\n|-ability|p2a: Ogerpon|Defiant|boost\n|-boost|p2a: Ogerpon|atk|2\n|turn|32\n|\n|t:|1697470375\n|-terastallize|p2a: Ogerpon|Grass\n|detailschange|p2a: Ogerpon|Ogerpon-Teal-Tera, F, tera:Grass\n|-ability|p2a: Ogerpon|Embody Aspect (Teal)|boost\n|-boost|p2a: Ogerpon|spe|1\n|move|p2a: Ogerpon|Play Rough|p1a: Giratina|[miss]\n|-miss|p2a: Ogerpon|p1a: Giratina\n|move|p1a: Giratina|Poltergeist|p2a: Ogerpon\n|-activate|p2a: Ogerpon|move: Poltergeist|Choice Band\n|-damage|p2a: Ogerpon|48\/100\n|\n|upkeep\n|turn|33\n|\n|t:|1697470386\n|move|p2a: Ogerpon|Play Rough|p1a: Giratina\n|-supereffective|p1a: Giratina\n|-damage|p1a: Giratina|0 fnt\n|faint|p1a: Giratina\n|\n|upkeep\n|\n|t:|1697470389\n|switch|p1a: Gardevoir|Gardevoir, F|95\/100 par\n|-ability|p1a: Gardevoir|Embody Aspect (Teal)|[from] ability: Trace|[of] p2a: Ogerpon\n|turn|34\n|\n|t:|1697470398\n|switch|p2a: Magearna|Magearna|29\/100\n|-activate|p2a: Magearna|move: Sticky Web\n|-unboost|p2a: Magearna|spe|1\n|cant|p1a: Gardevoir|par\n|\n|-heal|p2a: Magearna|35\/100|[from] item: Leftovers\n|upkeep\n|turn|35\n|\n|t:|1697470416\n|move|p1a: Gardevoir|Future Sight|p2a: Magearna\n|-start|p1a: Gardevoir|move: Future Sight\n|move|p2a: Magearna|Flash Cannon|p1a: Gardevoir\n|-supereffective|p1a: Gardevoir\n|-damage|p1a: Gardevoir|34\/100 par\n|\n|-heal|p2a: Magearna|41\/100|[from] item: Leftovers\n|upkeep\n|turn|36\n|\n|t:|1697470421\n|cant|p1a: Gardevoir|par\n|move|p2a: Magearna|Flash Cannon|p1a: Gardevoir\n|-supereffective|p1a: Gardevoir\n|-damage|p1a: Gardevoir|0 fnt\n|faint|p1a: Gardevoir\n|\n|win|Victornya\n","uploadtime":1697470430,"views":16,"p1id":"multiplayerenjoyer","p2id":"victornya","formatid":"gen9ubers","rating":0,"private":0,"password":""}