{"id":"gen9ubers-1999385519","p1":"TRaSHiNSeCT","p2":"Rei_darkness","format":"[Gen 9] Ubers","log":"|j|\u2606TRaSHiNSeCT\n|j|\u2606Rei_darkness\n|t:|1701071412\n|gametype|singles\n|player|p1|TRaSHiNSeCT|workerice|\n|player|p2|Rei_darkness|drayden|\n|teamsize|p1|6\n|teamsize|p2|6\n|gen|9\n|tier|[Gen 9] Ubers\n|rule|Sleep Clause Mod: Limit one foe put to sleep\n|rule|Species Clause: Limit one of each Pok\u00e9mon\n|rule|OHKO Clause: OHKO moves are banned\n|rule|Evasion Items Clause: Evasion items are banned\n|rule|Evasion Moves Clause: Evasion moves are banned\n|rule|Endless Battle Clause: Forcing endless battles is banned\n|rule|HP Percentage Mod: HP is shown in percentages\n|clearpoke\n|poke|p1|Garchomp, F|\n|poke|p1|Grimmsnarl, M|\n|poke|p1|Infernape, F|\n|poke|p1|Slowbro-Galar, F|\n|poke|p1|Darkrai|\n|poke|p1|Landorus-Therian, M|\n|poke|p2|Ribombee, F|\n|poke|p2|Iron Jugulis|\n|poke|p2|Dugtrio, M|\n|poke|p2|Medicham, M|\n|poke|p2|Slowking-Galar, M|\n|poke|p2|Palafin, F|\n|teampreview\n|inactive|Battle timer is ON: inactive players will automatically lose when time's up. (requested by Rei_darkness)\n|c|\u2606Rei_darkness|midtrio...\n|\n|t:|1701071436\n|start\n|switch|p1a: Garchomp|Garchomp, F|100\/100\n|switch|p2a: Dugtrio|Dugtrio, M|100\/100\n|turn|1\n|\n|t:|1701071447\n|move|p2a: Dugtrio|Stealth Rock|p1a: Garchomp\n|-sidestart|p1: TRaSHiNSeCT|move: Stealth Rock\n|move|p1a: Garchomp|Stealth Rock|p2a: Dugtrio\n|-sidestart|p2: Rei_darkness|move: Stealth Rock\n|\n|upkeep\n|turn|2\n|inactive|Rei_darkness has 270 seconds left.\n|\n|t:|1701071480\n|switch|p2a: Ribombee|Ribombee, F, shiny|100\/100\n|-damage|p2a: Ribombee|76\/100|[from] Stealth Rock\n|move|p1a: Garchomp|Flamethrower|p2a: Ribombee\n|-supereffective|p2a: Ribombee\n|-damage|p2a: Ribombee|15\/100\n|\n|upkeep\n|turn|3\n|\n|t:|1701071487\n|move|p2a: Ribombee|Sticky Web|p1a: Garchomp\n|-sidestart|p1: TRaSHiNSeCT|move: Sticky Web\n|move|p1a: Garchomp|Flamethrower|p2a: Ribombee\n|-supereffective|p2a: Ribombee\n|-damage|p2a: Ribombee|0 fnt\n|faint|p2a: Ribombee\n|\n|upkeep\n|\n|t:|1701071493\n|switch|p2a: Medicham|Medicham, M, shiny|100\/100\n|-damage|p2a: Medicham|94\/100|[from] Stealth Rock\n|turn|4\n|\n|t:|1701071500\n|move|p2a: Medicham|Ice Punch|p1a: Garchomp\n|-supereffective|p1a: Garchomp\n|-damage|p1a: Garchomp|0 fnt\n|-damage|p2a: Medicham|82\/100|[from] ability: Rough Skin|[of] p1a: Garchomp\n|-damage|p2a: Medicham|66\/100|[from] item: Rocky Helmet|[of] p1a: Garchomp\n|faint|p1a: Garchomp\n|\n|upkeep\n|\n|t:|1701071514\n|switch|p1a: Grimmsnarl|Grimmsnarl, M|100\/100\n|-damage|p1a: Grimmsnarl|88\/100|[from] Stealth Rock\n|-activate|p1a: Grimmsnarl|move: Sticky Web\n|-unboost|p1a: Grimmsnarl|spe|1\n|turn|5\n|\n|t:|1701071521\n|switch|p2a: Dugtrio|Dugtrio, M|100\/100\n|-damage|p2a: Dugtrio|94\/100|[from] Stealth Rock\n|move|p1a: Grimmsnarl|Reflect|p1a: Grimmsnarl\n|-sidestart|p1: TRaSHiNSeCT|Reflect\n|\n|upkeep\n|turn|6\n|\n|t:|1701071527\n|move|p2a: Dugtrio|Mud-Slap|p1a: Grimmsnarl\n|-damage|p1a: Grimmsnarl|84\/100\n|-unboost|p1a: Grimmsnarl|accuracy|1\n|move|p1a: Grimmsnarl|Dazzling Gleam|p2a: Dugtrio\n|-damage|p2a: Dugtrio|51\/100\n|\n|upkeep\n|turn|7\n|c|\u2606TRaSHiNSeCT|scum tactics\n|c|\u2606TRaSHiNSeCT|have you no honor?\n|\n|t:|1701071557\n|move|p2a: Dugtrio|Mud-Slap|p1a: Grimmsnarl\n|-damage|p1a: Grimmsnarl|79\/100\n|-unboost|p1a: Grimmsnarl|accuracy|1\n|move|p1a: Grimmsnarl|Dazzling Gleam|p2a: Dugtrio\n|-damage|p2a: Dugtrio|3\/100\n|\n|upkeep\n|turn|8\n|\n|t:|1701071564\n|move|p2a: Dugtrio|Memento|p1a: Grimmsnarl\n|-unboost|p1a: Grimmsnarl|atk|2\n|-unboost|p1a: Grimmsnarl|spa|2\n|faint|p2a: Dugtrio\n|move|p1a: Grimmsnarl|Dazzling Gleam|p2: Dugtrio|[notarget]\n|-fail|p1a: Grimmsnarl\n|\n|upkeep\n|\n|t:|1701071590\n|switch|p2a: Iron Jugulis|Iron Jugulis, shiny|100\/100\n|-damage|p2a: Iron Jugulis|75\/100|[from] Stealth Rock\n|-enditem|p2a: Iron Jugulis|Booster Energy\n|-activate|p2a: Iron Jugulis|ability: Quark Drive|[fromitem]\n|-start|p2a: Iron Jugulis|quarkdrivespe\n|turn|9\n|\n|t:|1701071599\n|switch|p1a: Landorus|Landorus-Therian, M|100\/100\n|-damage|p1a: Landorus|88\/100|[from] Stealth Rock\n|-ability|p1a: Landorus|Intimidate|boost\n|-unboost|p2a: Iron Jugulis|atk|1\n|-terastallize|p2a: Iron Jugulis|Ground\n|move|p2a: Iron Jugulis|Work Up|p2a: Iron Jugulis\n|-boost|p2a: Iron Jugulis|atk|1\n|-boost|p2a: Iron Jugulis|spa|1\n|\n|-heal|p1a: Landorus|94\/100|[from] item: Leftovers\n|upkeep\n|turn|10\n|\n|t:|1701071614\n|move|p2a: Iron Jugulis|Acrobatics|p1a: Landorus\n|-damage|p1a: Landorus|70\/100\n|move|p1a: Landorus|Earth Power|p2a: Iron Jugulis\n|-damage|p2a: Iron Jugulis|27\/100\n|\n|-heal|p1a: Landorus|76\/100|[from] item: Leftovers\n|upkeep\n|turn|11\n|\n|t:|1701071627\n|move|p2a: Iron Jugulis|Knock Off|p1a: Landorus\n|-damage|p1a: Landorus|53\/100\n|-enditem|p1a: Landorus|Leftovers|[from] move: Knock Off|[of] p2a: Iron Jugulis\n|move|p1a: Landorus|Nasty Plot|p1a: Landorus\n|-boost|p1a: Landorus|spa|2\n|\n|upkeep\n|turn|12\n|\n|t:|1701071635\n|move|p2a: Iron Jugulis|Acrobatics|p1a: Landorus\n|-damage|p1a: Landorus|25\/100\n|move|p1a: Landorus|Earth Power|p2a: Iron Jugulis\n|-damage|p2a: Iron Jugulis|0 fnt\n|faint|p2a: Iron Jugulis\n|-end|p2a: Iron Jugulis|Quark Drive|[silent]\n|\n|-sideend|p1: TRaSHiNSeCT|Reflect\n|upkeep\n|\n|t:|1701071638\n|switch|p2a: Medicham|Medicham, M, shiny|66\/100\n|-damage|p2a: Medicham|60\/100|[from] Stealth Rock\n|turn|13\n|\n|t:|1701071647\n|switch|p1a: Grimmsnarl|Grimmsnarl, M|79\/100\n|-damage|p1a: Grimmsnarl|67\/100|[from] Stealth Rock\n|-activate|p1a: Grimmsnarl|move: Sticky Web\n|-unboost|p1a: Grimmsnarl|spe|1\n|move|p2a: Medicham|Close Combat|p1a: Grimmsnarl\n|-damage|p1a: Grimmsnarl|1\/100\n|-unboost|p2a: Medicham|def|1\n|-unboost|p2a: Medicham|spd|1\n|\n|upkeep\n|turn|14\n|c|\u2606Rei_darkness|:(\n|\n|t:|1701071656\n|move|p1a: Grimmsnarl|Thunder Wave|p2a: Medicham\n|-status|p2a: Medicham|par\n|move|p2a: Medicham|Close Combat|p1a: Grimmsnarl\n|-damage|p1a: Grimmsnarl|0 fnt\n|-unboost|p2a: Medicham|def|1\n|-unboost|p2a: Medicham|spd|1\n|faint|p1a: Grimmsnarl\n|\n|upkeep\n|\n|t:|1701071668\n|switch|p1a: Slowbro|Slowbro-Galar, F|100\/100\n|-damage|p1a: Slowbro|88\/100|[from] Stealth Rock\n|-activate|p1a: Slowbro|move: Sticky Web\n|-unboost|p1a: Slowbro|spe|1\n|turn|15\n|\n|t:|1701071675\n|switch|p2a: Slowking|Slowking-Galar, M, shiny|100\/100\n|move|p1a: Slowbro|Psyshock|p2a: Slowking\n|-damage|p2a: Slowking|37\/100\n|\n|upkeep\n|turn|16\n|\n|t:|1701071682\n|move|p2a: Slowking|Chilly Reception|p2a: Slowking\n|-weather|Snow\n|\n|t:|1701071687\n|switch|p2a: Palafin|Palafin, F|100\/100|[from] Chilly Reception\n|-damage|p2a: Palafin|88\/100|[from] Stealth Rock\n|move|p1a: Slowbro|Psyshock|p2a: Palafin\n|-damage|p2a: Palafin|18\/100\n|\n|-weather|Snow|[upkeep]\n|upkeep\n|turn|17\n|\n|t:|1701071695\n|detailschange|p2a: Palafin|Palafin-Hero, F\n|switch|p2a: Slowking|Slowking-Galar, M, shiny|71\/100\n|move|p1a: Slowbro|Psyshock|p2a: Slowking\n|-damage|p2a: Slowking|15\/100\n|\n|-weather|Snow|[upkeep]\n|upkeep\n|turn|18\n|\n|t:|1701071701\n|move|p2a: Slowking|Foul Play|p1a: Slowbro\n|-supereffective|p1a: Slowbro\n|-damage|p1a: Slowbro|58\/100\n|move|p1a: Slowbro|Psyshock|p2a: Slowking\n|-damage|p2a: Slowking|0 fnt\n|faint|p2a: Slowking\n|\n|-weather|Snow|[upkeep]\n|upkeep\n|\n|t:|1701071703\n|switch|p2a: Medicham|Medicham, M, shiny|60\/100 par\n|-damage|p2a: Medicham|53\/100 par|[from] Stealth Rock\n|turn|19\n|\n|t:|1701071711\n|switch|p1a: Landorus|Landorus-Therian, M|25\/100\n|-damage|p1a: Landorus|13\/100|[from] Stealth Rock\n|-ability|p1a: Landorus|Intimidate|boost\n|-unboost|p2a: Medicham|atk|1\n|move|p2a: Medicham|Close Combat|p1a: Landorus\n|-resisted|p1a: Landorus\n|-damage|p1a: Landorus|0 fnt\n|-unboost|p2a: Medicham|def|1\n|-unboost|p2a: Medicham|spd|1\n|faint|p1a: Landorus\n|\n|-weather|Snow|[upkeep]\n|upkeep\n|\n|t:|1701071724\n|switch|p1a: Darkrai|Darkrai|100\/100\n|-damage|p1a: Darkrai|88\/100|[from] Stealth Rock\n|-activate|p1a: Darkrai|move: Sticky Web\n|-unboost|p1a: Darkrai|spe|1\n|turn|20\n|\n|t:|1701071730\n|move|p1a: Darkrai|Sucker Punch|p2a: Medicham\n|-damage|p2a: Medicham|0 fnt\n|faint|p2a: Medicham\n|\n|-weather|none\n|upkeep\n|c|\u2606Rei_darkness|priority :(\n|-message|Rei_darkness forfeited.\n|\n|win|TRaSHiNSeCT\n|c|\u2606TRaSHiNSeCT|gg wp\n|c|\u2606Rei_darkness|arena trap is not worth it!!!\n|c|\u2606Rei_darkness|dugtrio sucks ass\n","uploadtime":1701071760,"views":21,"p1id":"trashinsect","p2id":"reidarkness","formatid":"gen9ubers","rating":0,"private":0,"password":""}