{"id":"gen9ubers-1984235922","p1":"Superison","p2":"silastf","format":"[Gen 9] Ubers","log":"|j|\u2606Superison\n|j|\u2606silastf\n|t:|1699233415\n|gametype|singles\n|player|p1|Superison|170|\n|player|p2|silastf|2|\n|teamsize|p1|6\n|teamsize|p2|6\n|gen|9\n|tier|[Gen 9] Ubers\n|rule|Sleep Clause Mod: Limit one foe put to sleep\n|rule|Species Clause: Limit one of each Pok\u00e9mon\n|rule|OHKO Clause: OHKO moves are banned\n|rule|Evasion Items Clause: Evasion items are banned\n|rule|Evasion Moves Clause: Evasion moves are banned\n|rule|Endless Battle Clause: Forcing endless battles is banned\n|rule|HP Percentage Mod: HP is shown in percentages\n|clearpoke\n|poke|p1|Ursaluna-Bloodmoon, M|\n|poke|p1|Sneasler, F|\n|poke|p1|Samurott-Hisui, M|\n|poke|p1|Mew|\n|poke|p1|Goodra, F|\n|poke|p1|Regieleki|\n|poke|p2|Greninja-*, M|\n|poke|p2|Garchomp, F|\n|poke|p2|Infernape, M|\n|poke|p2|Leavanny, M|\n|poke|p2|Hatterene, F|\n|poke|p2|Corviknight, F|\n|teampreview\n|\n|t:|1699233465\n|start\n|switch|p1a: Ursaluna|Ursaluna-Bloodmoon, M|100\/100\n|switch|p2a: Garchomp|Garchomp, F|100\/100\n|turn|1\n|\n|t:|1699233476\n|move|p1a: Ursaluna|Blood Moon|p2a: Garchomp\n|-damage|p2a: Garchomp|41\/100\n|move|p2a: Garchomp|Dragon Tail|p1a: Ursaluna\n|-damage|p1a: Ursaluna|82\/100\n|drag|p1a: Regieleki|Regieleki|100\/100\n|\n|upkeep\n|turn|2\n|\n|t:|1699233496\n|switch|p1a: Ursaluna|Ursaluna-Bloodmoon, M|82\/100\n|move|p2a: Garchomp|Stealth Rock|p1a: Ursaluna\n|-sidestart|p1: Superison|move: Stealth Rock\n|\n|-heal|p1a: Ursaluna|88\/100|[from] item: Leftovers\n|upkeep\n|turn|3\n|\n|t:|1699233567\n|switch|p2a: Corviknight|Corviknight, F|100\/100\n|-ability|p2a: Corviknight|Pressure\n|move|p1a: Ursaluna|Blood Moon|p2a: Corviknight\n|-resisted|p2a: Corviknight\n|-damage|p2a: Corviknight|77\/100\n|\n|-heal|p1a: Ursaluna|94\/100|[from] item: Leftovers\n|upkeep\n|turn|4\n|\n|t:|1699233585\n|switch|p1a: Mew|Mew|100\/100\n|-damage|p1a: Mew|88\/100|[from] Stealth Rock\n|move|p2a: Corviknight|Body Press|p1a: Mew\n|-resisted|p1a: Mew\n|-damage|p1a: Mew|76\/100\n|\n|upkeep\n|turn|5\n|l|\u2606Superison\n|player|p1|\n|j| HailieVictoria\n|j|\u2606Superison\n|player|p1|Superison|170\n|c|\u2606Superison|sorry playing in subway\n|c|\u2606silastf|Thats alright\n|\n|t:|1699233663\n|move|p1a: Mew|Thunderbolt|p2a: Corviknight\n|-supereffective|p2a: Corviknight\n|-damage|p2a: Corviknight|46\/100\n|move|p2a: Corviknight|U-turn|p1a: Mew\n|-supereffective|p1a: Mew\n|-damage|p1a: Mew|49\/100\n|\n|t:|1699233675\n|switch|p2a: Leavanny|Leavanny, M|100\/100|[from] U-turn\n|\n|upkeep\n|turn|6\n|j| IshaNn\n|l|\u2606Superison\n|player|p1|\n|j|\u2606Superison\n|player|p1|Superison|170\n|\n|t:|1699233717\n|switch|p1a: Sneasler|Sneasler, F|100\/100\n|-damage|p1a: Sneasler|95\/100|[from] Stealth Rock\n|move|p2a: Leavanny|Lunge|p1a: Sneasler\n|-resisted|p1a: Sneasler\n|-damage|p1a: Sneasler|79\/100\n|-unboost|p1a: Sneasler|atk|1\n|\n|upkeep\n|turn|7\n|\n|t:|1699233746\n|switch|p2a: Garchomp|Garchomp, F|41\/100\n|move|p1a: Sneasler|Acrobatics|p2a: Garchomp\n|-damage|p2a: Garchomp|30\/100\n|-damage|p1a: Sneasler|67\/100|[from] ability: Rough Skin|[of] p2a: Garchomp\n|-damage|p1a: Sneasler|50\/100|[from] item: Rocky Helmet|[of] p2a: Garchomp\n|\n|upkeep\n|turn|8\n|\n|t:|1699233757\n|switch|p1a: Samurott|Samurott-Hisui, M|100\/100\n|-damage|p1a: Samurott|88\/100|[from] Stealth Rock\n|move|p2a: Garchomp|Dragon Tail|p1a: Samurott\n|-damage|p1a: Samurott|56\/100\n|drag|p1a: Sneasler|Sneasler, F|50\/100\n|-damage|p1a: Sneasler|44\/100|[from] Stealth Rock\n|\n|upkeep\n|turn|9\n|\n|t:|1699233778\n|move|p1a: Sneasler|Fake Out|p2a: Garchomp\n|-enditem|p1a: Sneasler|Normal Gem|[from] gem\n|-damage|p2a: Garchomp|17\/100\n|-damage|p1a: Sneasler|32\/100|[from] ability: Rough Skin|[of] p2a: Garchomp\n|-damage|p1a: Sneasler|15\/100|[from] item: Rocky Helmet|[of] p2a: Garchomp\n|cant|p2a: Garchomp|flinch\n|\n|upkeep\n|turn|10\n|\n|t:|1699233782\n|move|p1a: Sneasler|Close Combat|p2a: Garchomp\n|-crit|p2a: Garchomp\n|-damage|p2a: Garchomp|0 fnt\n|-unboost|p1a: Sneasler|def|1\n|-unboost|p1a: Sneasler|spd|1\n|-damage|p1a: Sneasler|3\/100|[from] ability: Rough Skin|[of] p2a: Garchomp\n|-damage|p1a: Sneasler|0 fnt|[from] item: Rocky Helmet|[of] p2a: Garchomp\n|faint|p2a: Garchomp\n|faint|p1a: Sneasler\n|\n|upkeep\n|\n|t:|1699233796\n|switch|p1a: Samurott|Samurott-Hisui, M|56\/100\n|switch|p2a: Hatterene|Hatterene, F|100\/100\n|-damage|p1a: Samurott|43\/100|[from] Stealth Rock\n|turn|11\n|l|\u2606Superison\n|player|p1|\n|j|\u2606Superison\n|player|p1|Superison|170\n|\n|t:|1699233832\n|move|p1a: Samurott|Ceaseless Edge|p2a: Hatterene\n|-damage|p2a: Hatterene|47\/100\n|-sidestart|p2: silastf|Spikes\n|move|p2a: Hatterene|Draining Kiss|p1a: Samurott\n|-supereffective|p1a: Samurott\n|-damage|p1a: Samurott|0 fnt\n|-heal|p2a: Hatterene|86\/100|[from] drain|[of] p1a: Samurott\n|faint|p1a: Samurott\n|\n|upkeep\n|\n|t:|1699233844\n|switch|p1a: Regieleki|Regieleki|100\/100\n|-damage|p1a: Regieleki|88\/100|[from] Stealth Rock\n|turn|12\n|\n|t:|1699233865\n|move|p1a: Regieleki|Thunderbolt|p2a: Hatterene\n|-crit|p2a: Hatterene\n|-damage|p2a: Hatterene|0 fnt\n|faint|p2a: Hatterene\n|\n|upkeep\n|c|\u2606silastf|damnnn\n|\n|t:|1699233876\n|switch|p2a: Infernape|Infernape, M|100\/100\n|-damage|p2a: Infernape|88\/100|[from] Spikes\n|turn|13\n|\n|t:|1699233909\n|move|p2a: Infernape|Fake Out|p1a: Regieleki\n|-damage|p1a: Regieleki|59\/100\n|-damage|p2a: Infernape|78\/100|[from] item: Life Orb\n|cant|p1a: Regieleki|flinch\n|\n|upkeep\n|turn|14\n|\n|t:|1699233918\n|move|p1a: Regieleki|Thunderbolt|p2a: Infernape\n|-damage|p2a: Infernape|0 fnt\n|faint|p2a: Infernape\n|\n|upkeep\n|\n|t:|1699233927\n|switch|p2a: Leavanny|Leavanny, M|100\/100\n|-damage|p2a: Leavanny|88\/100|[from] Spikes\n|turn|15\n|\n|t:|1699233942\n|move|p1a: Regieleki|Volt Switch|p2a: Leavanny\n|-resisted|p2a: Leavanny\n|-damage|p2a: Leavanny|54\/100\n|\n|t:|1699233953\n|switch|p1a: Goodra|Goodra, F|100\/100|[from] Volt Switch\n|-damage|p1a: Goodra|88\/100|[from] Stealth Rock\n|move|p2a: Leavanny|Leaf Blade|p1a: Goodra\n|-resisted|p1a: Goodra\n|-crit|p1a: Goodra\n|-damage|p1a: Goodra|52\/100\n|-ability|p1a: Goodra|Gooey\n|-unboost|p2a: Leavanny|spe|1\n|\n|upkeep\n|turn|16\n|\n|t:|1699233975\n|switch|p2a: Corviknight|Corviknight, F|46\/100\n|-ability|p2a: Corviknight|Pressure\n|move|p1a: Goodra|Flamethrower|p2a: Corviknight\n|-supereffective|p2a: Corviknight\n|-damage|p2a: Corviknight|20\/100\n|\n|upkeep\n|turn|17\n|\n|t:|1699233993\n|move|p1a: Goodra|Flamethrower|p2a: Corviknight\n|-supereffective|p2a: Corviknight\n|-damage|p2a: Corviknight|0 fnt\n|faint|p2a: Corviknight\n|\n|upkeep\n|\n|t:|1699234001\n|switch|p2a: Greninja|Greninja, M|100\/100\n|-damage|p2a: Greninja|88\/100|[from] Spikes\n|turn|18\n|\n|t:|1699234062\n|move|p2a: Greninja|Ice Beam|p1a: Goodra\n|-supereffective|p1a: Goodra\n|-damage|p1a: Goodra|25\/100\n|-status|p1a: Goodra|frz\n|-damage|p2a: Greninja|78\/100|[from] item: Life Orb\n|cant|p1a: Goodra|frz\n|\n|upkeep\n|turn|19\n|\n|t:|1699234070\n|move|p2a: Greninja|Ice Beam|p1a: Goodra\n|-supereffective|p1a: Goodra\n|-crit|p1a: Goodra\n|-damage|p1a: Goodra|0 fnt\n|faint|p1a: Goodra\n|-ability|p2a: Greninja|Battle Bond|boost\n|-boost|p2a: Greninja|atk|1\n|-boost|p2a: Greninja|spa|1\n|-boost|p2a: Greninja|spe|1\n|-activate|p2a: Greninja|ability: Battle Bond\n|-damage|p2a: Greninja|69\/100|[from] item: Life Orb\n|\n|upkeep\n|c| IshaNn|huge freeze\n|j| LOLWhale\n|\n|t:|1699234079\n|switch|p1a: Mew|Mew|49\/100\n|-damage|p1a: Mew|37\/100|[from] Stealth Rock\n|turn|20\n|c|\u2606silastf|no first turn thaw!!!!!!\n|\n|t:|1699234083\n|move|p2a: Greninja|Dark Pulse|p1a: Mew\n|-supereffective|p1a: Mew\n|-damage|p1a: Mew|0 fnt\n|faint|p1a: Mew\n|-damage|p2a: Greninja|59\/100|[from] item: Life Orb\n|\n|upkeep\n|c| LOLWhale|No fucking way\n|\n|t:|1699234090\n|switch|p1a: Regieleki|Regieleki|59\/100\n|-damage|p1a: Regieleki|47\/100|[from] Stealth Rock\n|turn|21\n|\n|t:|1699234098\n|move|p2a: Greninja|Dark Pulse|p1a: Regieleki\n|-damage|p1a: Regieleki|0 fnt\n|faint|p1a: Regieleki\n|-damage|p2a: Greninja|49\/100|[from] item: Life Orb\n|\n|upkeep\n|j| DivogoJota\n|c| DivogoJota|did the crit on Hatterene matter\n|\n|t:|1699234151\n|switch|p1a: Ursaluna|Ursaluna-Bloodmoon, M|94\/100\n|-damage|p1a: Ursaluna|88\/100|[from] Stealth Rock\n|turn|22\n|c|\u2606silastf|it was not very bulky\n|\n|t:|1699234161\n|move|p1a: Ursaluna|Vacuum Wave|p2a: Greninja\n|-supereffective|p2a: Greninja\n|-damage|p2a: Greninja|0 fnt\n|faint|p2a: Greninja\n|\n|-heal|p1a: Ursaluna|94\/100|[from] item: Leftovers\n|upkeep\n|\n|t:|1699234166\n|switch|p2a: Leavanny|Leavanny, M|54\/100\n|-damage|p2a: Leavanny|42\/100|[from] Spikes\n|turn|23\n|c| DivogoJota|wait\n|c| DivogoJota|it had vacuum wave the whole time\n|c| LOLWhale|LMAO\n|\n|t:|1699234191\n|move|p2a: Leavanny|Leaf Blade|p1a: Ursaluna\n|-supereffective|p1a: Ursaluna\n|-crit|p1a: Ursaluna\n|-damage|p1a: Ursaluna|10\/100\n|move|p1a: Ursaluna|Blood Moon|p2a: Leavanny\n|-damage|p2a: Leavanny|0 fnt\n|faint|p2a: Leavanny\n|\n|win|Superison\n|c|\u2606silastf|GG\n|c| LOLWhale|Oh my\n|c| DivogoJota|the crit to almost pull it off\n|c| DivogoJota|gg\n|c| DivogoJota|what an experience\n|c|\u2606Superison|ggs\n|c| DivogoJota|what a journey\n|l| DivogoJota\n|l|\u2606silastf\n|l| LOLWhale\n|l|\u2606Superison\n|j|\u2606silastf\n|player|p2|silastf|2\n","uploadtime":1699234219,"views":20,"p1id":"superison","p2id":"silastf","formatid":"gen9ubers","rating":0,"private":0,"password":""}