{"id":"gen9ubers-1969253602","p1":"LadyMaria-Blue","p2":"jvitorfufu09","format":"[Gen 9] Ubers","log":"|j|\u2606LadyMaria-Blue\n|j|\u2606jvitorfufu09\n|t:|1697506431\n|gametype|singles\n|player|p1|LadyMaria-Blue|cynthia|\n|player|p2|jvitorfufu09|266|\n|teamsize|p1|6\n|teamsize|p2|6\n|gen|9\n|tier|[Gen 9] Ubers\n|rule|Sleep Clause Mod: Limit one foe put to sleep\n|rule|Species Clause: Limit one of each Pok\u00e9mon\n|rule|OHKO Clause: OHKO moves are banned\n|rule|Evasion Items Clause: Evasion items are banned\n|rule|Evasion Moves Clause: Evasion moves are banned\n|rule|Endless Battle Clause: Forcing endless battles is banned\n|rule|HP Percentage Mod: HP is shown in percentages\n|clearpoke\n|poke|p1|Torkoal, F|\n|poke|p1|Landorus, M|\n|poke|p1|Magearna|\n|poke|p1|Volcanion|\n|poke|p1|Chi-Yu|\n|poke|p1|Walking Wake|\n|poke|p2|Volcarona, M|\n|poke|p2|Torkoal, M|\n|poke|p2|Magearna|\n|poke|p2|Arceus-Fire|\n|poke|p2|Shaymin-Sky|\n|poke|p2|Walking Wake|\n|teampreview\n|c|\u2606jvitorfufu09|Hi!\n|\n|t:|1697506459\n|start\n|switch|p1a: Torkoal|Torkoal, F|100\/100\n|switch|p2a: Torkoal|Torkoal, M|100\/100\n|-weather|SunnyDay|[from] ability: Drought|[of] p2a: Torkoal\n|turn|1\n|\n|t:|1697506467\n|move|p2a: Torkoal|Yawn|p1a: Torkoal\n|-start|p1a: Torkoal|move: Yawn|[of] p2a: Torkoal\n|move|p1a: Torkoal|Stealth Rock|p2a: Torkoal\n|-sidestart|p2: jvitorfufu09|move: Stealth Rock\n|\n|-weather|SunnyDay|[upkeep]\n|upkeep\n|turn|2\n|\n|t:|1697506474\n|switch|p1a: Walking Wake|Walking Wake|100\/100\n|-activate|p1a: Walking Wake|ability: Protosynthesis\n|-start|p1a: Walking Wake|protosynthesisspe\n|move|p2a: Torkoal|Stealth Rock|p1a: Walking Wake\n|-sidestart|p1: LadyMaria-Blue|move: Stealth Rock\n|\n|-weather|SunnyDay|[upkeep]\n|upkeep\n|turn|3\n|\n|t:|1697506533\n|switch|p2a: Magearna|Magearna|100\/100\n|-damage|p2a: Magearna|94\/100|[from] Stealth Rock\n|move|p1a: Walking Wake|Dragon Pulse|p2a: Magearna\n|-immune|p2a: Magearna\n|\n|-weather|SunnyDay|[upkeep]\n|-heal|p2a: Magearna|100\/100|[from] item: Leftovers\n|upkeep\n|turn|4\n|\n|t:|1697506554\n|-end|p1a: Walking Wake|Protosynthesis|[silent]\n|switch|p1a: Chi-Yu|Chi-Yu|100\/100\n|-damage|p1a: Chi-Yu|76\/100|[from] Stealth Rock\n|-ability|p1a: Chi-Yu|Beads of Ruin\n|move|p2a: Magearna|Ice Beam|p1a: Chi-Yu\n|-resisted|p1a: Chi-Yu\n|-damage|p1a: Chi-Yu|60\/100\n|\n|-weather|SunnyDay|[upkeep]\n|upkeep\n|turn|5\n|\n|t:|1697506582\n|switch|p2a: Walking Wake|Walking Wake|100\/100\n|-damage|p2a: Walking Wake|88\/100|[from] Stealth Rock\n|-activate|p2a: Walking Wake|ability: Protosynthesis\n|-start|p2a: Walking Wake|protosynthesisspe\n|move|p1a: Chi-Yu|Fire Blast|p2a: Walking Wake\n|-resisted|p2a: Walking Wake\n|-damage|p2a: Walking Wake|57\/100\n|\n|-weather|SunnyDay|[upkeep]\n|upkeep\n|turn|6\n|\n|t:|1697506605\n|switch|p1a: Volcanion|Volcanion|100\/100\n|move|p2a: Walking Wake|Flamethrower|p1a: Volcanion\n|-resisted|p1a: Volcanion\n|-damage|p1a: Volcanion|83\/100\n|\n|-weather|SunnyDay|[upkeep]\n|upkeep\n|turn|7\n|\n|t:|1697506623\n|-end|p2a: Walking Wake|Protosynthesis|[silent]\n|switch|p2a: Volcarona|Volcarona, M|100\/100\n|move|p1a: Volcanion|Substitute|p1a: Volcanion\n|-start|p1a: Volcanion|Substitute\n|-damage|p1a: Volcanion|58\/100\n|\n|-weather|SunnyDay|[upkeep]\n|upkeep\n|turn|8\n|\n|t:|1697506649\n|move|p2a: Volcarona|Quiver Dance|p2a: Volcarona\n|-boost|p2a: Volcarona|spa|1\n|-boost|p2a: Volcarona|spd|1\n|-boost|p2a: Volcarona|spe|1\n|move|p1a: Volcanion|Flamethrower|p2a: Volcarona\n|-damage|p2a: Volcarona|54\/100\n|\n|-weather|none\n|upkeep\n|turn|9\n|\n|t:|1697506669\n|move|p2a: Volcarona|Quiver Dance|p2a: Volcarona\n|-boost|p2a: Volcarona|spa|1\n|-boost|p2a: Volcarona|spd|1\n|-boost|p2a: Volcarona|spe|1\n|move|p1a: Volcanion|Steam Eruption|p2a: Volcarona\n|-supereffective|p2a: Volcarona\n|-damage|p2a: Volcarona|0 fnt\n|faint|p2a: Volcarona\n|\n|upkeep\n|\n|t:|1697506710\n|switch|p2a: Torkoal|Torkoal, M|100\/100\n|-damage|p2a: Torkoal|76\/100|[from] Stealth Rock\n|-weather|SunnyDay|[from] ability: Drought|[of] p2a: Torkoal\n|turn|10\n|\n|t:|1697506716\n|switch|p2a: Walking Wake|Walking Wake|57\/100\n|-damage|p2a: Walking Wake|44\/100|[from] Stealth Rock\n|-activate|p2a: Walking Wake|ability: Protosynthesis\n|-start|p2a: Walking Wake|protosynthesisspe\n|move|p1a: Volcanion|Earth Power|p2a: Walking Wake\n|-damage|p2a: Walking Wake|7\/100\n|\n|-weather|SunnyDay|[upkeep]\n|upkeep\n|turn|11\n|\n|t:|1697506729\n|move|p2a: Walking Wake|Dragon Pulse|p1a: Volcanion\n|-end|p1a: Volcanion|Substitute\n|move|p1a: Volcanion|Earth Power|p2a: Walking Wake\n|-damage|p2a: Walking Wake|0 fnt\n|faint|p2a: Walking Wake\n|-end|p2a: Walking Wake|Protosynthesis|[silent]\n|\n|-weather|SunnyDay|[upkeep]\n|upkeep\n|\n|t:|1697506737\n|switch|p2a: Shaymin|Shaymin-Sky|100\/100\n|-damage|p2a: Shaymin|76\/100|[from] Stealth Rock\n|turn|12\n|\n|t:|1697506745\n|move|p2a: Shaymin|Earth Power|p1a: Volcanion\n|-supereffective|p1a: Volcanion\n|-damage|p1a: Volcanion|0 fnt\n|faint|p1a: Volcanion\n|-damage|p2a: Shaymin|66\/100|[from] item: Life Orb\n|\n|-weather|SunnyDay|[upkeep]\n|upkeep\n|\n|t:|1697506757\n|switch|p1a: Walking Wake|Walking Wake|100\/100\n|-damage|p1a: Walking Wake|88\/100|[from] Stealth Rock\n|-activate|p1a: Walking Wake|ability: Protosynthesis\n|-start|p1a: Walking Wake|protosynthesisspe\n|turn|13\n|\n|t:|1697506775\n|move|p1a: Walking Wake|Hydro Steam|p2a: Shaymin\n|-resisted|p2a: Shaymin\n|-damage|p2a: Shaymin|7\/100\n|move|p2a: Shaymin|Seed Flare|p1a: Walking Wake|[miss]\n|-miss|p2a: Shaymin|p1a: Walking Wake\n|\n|-weather|SunnyDay|[upkeep]\n|upkeep\n|turn|14\n|\n|t:|1697506783\n|move|p1a: Walking Wake|Hydro Steam|p2a: Shaymin\n|-resisted|p2a: Shaymin\n|-damage|p2a: Shaymin|0 fnt\n|faint|p2a: Shaymin\n|\n|-weather|SunnyDay|[upkeep]\n|upkeep\n|\n|t:|1697506794\n|switch|p2a: Magearna|Magearna|100\/100\n|-damage|p2a: Magearna|94\/100|[from] Stealth Rock\n|turn|15\n|\n|t:|1697506800\n|move|p1a: Walking Wake|Hydro Steam|p2a: Magearna\n|-damage|p2a: Magearna|43\/100\n|move|p2a: Magearna|Eerie Impulse|p1a: Walking Wake\n|-unboost|p1a: Walking Wake|spa|2\n|\n|-weather|SunnyDay|[upkeep]\n|-heal|p2a: Magearna|49\/100|[from] item: Leftovers\n|upkeep\n|turn|16\n|\n|t:|1697506817\n|-end|p1a: Walking Wake|Protosynthesis|[silent]\n|switch|p1a: Landorus|Landorus, M|100\/100\n|-damage|p1a: Landorus|88\/100|[from] Stealth Rock\n|move|p2a: Magearna|Draining Kiss|p1a: Landorus\n|-damage|p1a: Landorus|62\/100\n|-heal|p2a: Magearna|68\/100|[from] drain|[of] p1a: Landorus\n|\n|-weather|SunnyDay|[upkeep]\n|-heal|p2a: Magearna|74\/100|[from] item: Leftovers\n|upkeep\n|turn|17\n|\n|t:|1697506827\n|-terastallize|p2a: Magearna|Flying\n|move|p1a: Landorus|Earth Power|p2a: Magearna\n|-immune|p2a: Magearna\n|move|p2a: Magearna|Ice Beam|p1a: Landorus\n|-supereffective|p1a: Landorus\n|-damage|p1a: Landorus|0 fnt\n|faint|p1a: Landorus\n|-ability|p2a: Magearna|Soul-Heart|boost\n|-boost|p2a: Magearna|spa|1\n|\n|-weather|none\n|-heal|p2a: Magearna|80\/100|[from] item: Leftovers\n|upkeep\n|\n|t:|1697506833\n|switch|p1a: Torkoal|Torkoal, F|100\/100\n|-weather|SunnyDay|[from] ability: Drought|[of] p1a: Torkoal\n|turn|18\n|\n|t:|1697506846\n|move|p2a: Magearna|Draining Kiss|p1a: Torkoal\n|-resisted|p1a: Torkoal\n|-damage|p1a: Torkoal|83\/100\n|-heal|p2a: Magearna|91\/100|[from] drain|[of] p1a: Torkoal\n|move|p1a: Torkoal|Yawn|p2a: Magearna\n|-start|p2a: Magearna|move: Yawn|[of] p1a: Torkoal\n|\n|-weather|SunnyDay|[upkeep]\n|-heal|p2a: Magearna|97\/100|[from] item: Leftovers\n|upkeep\n|turn|19\n|\n|t:|1697506852\n|switch|p2a: Arceus|Arceus-Fire|100\/100\n|-damage|p2a: Arceus|76\/100|[from] Stealth Rock\n|move|p1a: Torkoal|Rapid Spin|p2a: Arceus\n|-damage|p2a: Arceus|67\/100\n|-boost|p1a: Torkoal|spe|1\n|-sideend|p1: LadyMaria-Blue|Stealth Rock|[from] move: Rapid Spin|[of] p1a: Torkoal\n|\n|-weather|SunnyDay|[upkeep]\n|upkeep\n|turn|20\n|\n|t:|1697506859\n|switch|p1a: Walking Wake|Walking Wake|88\/100\n|-activate|p1a: Walking Wake|ability: Protosynthesis\n|-start|p1a: Walking Wake|protosynthesisspe\n|move|p2a: Arceus|Calm Mind|p2a: Arceus\n|-boost|p2a: Arceus|spa|1\n|-boost|p2a: Arceus|spd|1\n|\n|-weather|SunnyDay|[upkeep]\n|upkeep\n|turn|21\n|\n|t:|1697506864\n|move|p1a: Walking Wake|Hydro Steam|p2a: Arceus\n|-supereffective|p2a: Arceus\n|-damage|p2a: Arceus|0 fnt\n|faint|p2a: Arceus\n|\n|-weather|SunnyDay|[upkeep]\n|upkeep\n|\n|t:|1697506868\n|switch|p2a: Magearna|Magearna, tera:Flying|97\/100\n|-damage|p2a: Magearna|72\/100|[from] Stealth Rock\n|turn|22\n|\n|t:|1697506873\n|move|p1a: Walking Wake|Hydro Steam|p2a: Magearna\n|-damage|p2a: Magearna|14\/100\n|move|p2a: Magearna|Eerie Impulse|p1a: Walking Wake\n|-unboost|p1a: Walking Wake|spa|2\n|\n|-weather|none\n|-end|p1a: Walking Wake|Protosynthesis\n|-heal|p2a: Magearna|20\/100|[from] item: Leftovers\n|upkeep\n|turn|23\n|\n|t:|1697506877\n|move|p1a: Walking Wake|Hydro Steam|p2a: Magearna\n|-damage|p2a: Magearna|2\/100\n|move|p2a: Magearna|Draining Kiss|p1a: Walking Wake\n|-supereffective|p1a: Walking Wake\n|-damage|p1a: Walking Wake|35\/100\n|-heal|p2a: Magearna|40\/100|[from] drain|[of] p1a: Walking Wake\n|\n|-heal|p2a: Magearna|46\/100|[from] item: Leftovers\n|upkeep\n|turn|24\n|\n|t:|1697506883\n|-end|p1a: Walking Wake|Protosynthesis|[silent]\n|switch|p1a: Torkoal|Torkoal, F|83\/100\n|-weather|SunnyDay|[from] ability: Drought|[of] p1a: Torkoal\n|move|p2a: Magearna|Draining Kiss|p1a: Torkoal\n|-resisted|p1a: Torkoal\n|-damage|p1a: Torkoal|72\/100\n|-heal|p2a: Magearna|54\/100|[from] drain|[of] p1a: Torkoal\n|\n|-weather|SunnyDay|[upkeep]\n|-heal|p2a: Magearna|60\/100|[from] item: Leftovers\n|upkeep\n|turn|25\n|\n|t:|1697506890\n|switch|p2a: Torkoal|Torkoal, M|76\/100\n|-damage|p2a: Torkoal|51\/100|[from] Stealth Rock\n|move|p1a: Torkoal|Yawn|p2a: Torkoal\n|-start|p2a: Torkoal|move: Yawn|[of] p1a: Torkoal\n|\n|-weather|SunnyDay|[upkeep]\n|upkeep\n|turn|26\n|\n|t:|1697506898\n|switch|p1a: Chi-Yu|Chi-Yu|60\/100\n|-ability|p1a: Chi-Yu|Beads of Ruin\n|move|p2a: Torkoal|Yawn|p1a: Chi-Yu\n|-start|p1a: Chi-Yu|move: Yawn|[of] p2a: Torkoal\n|\n|-weather|SunnyDay|[upkeep]\n|-end|p2a: Torkoal|move: Yawn|[silent]\n|-status|p2a: Torkoal|slp\n|upkeep\n|turn|27\n|\n|t:|1697506903\n|switch|p1a: Walking Wake|Walking Wake|35\/100\n|-activate|p1a: Walking Wake|ability: Protosynthesis\n|-start|p1a: Walking Wake|protosynthesisspe\n|cant|p2a: Torkoal|slp\n|\n|-weather|SunnyDay|[upkeep]\n|upkeep\n|turn|28\n|\n|t:|1697506912\n|move|p1a: Walking Wake|Hydro Steam|p2a: Torkoal\n|-supereffective|p2a: Torkoal\n|-damage|p2a: Torkoal|0 fnt\n|faint|p2a: Torkoal\n|\n|-weather|none\n|-end|p1a: Walking Wake|Protosynthesis\n|upkeep\n|\n|t:|1697506928\n|switch|p2a: Magearna|Magearna, tera:Flying|60\/100\n|-damage|p2a: Magearna|35\/100|[from] Stealth Rock\n|turn|29\n|\n|t:|1697506935\n|move|p1a: Walking Wake|Hydro Steam|p2a: Magearna\n|-damage|p2a: Magearna|0 fnt\n|faint|p2a: Magearna\n|\n|win|LadyMaria-Blue\n|c|\u2606LadyMaria-Blue|ggs\n|c|\u2606jvitorfufu09|gg\n|c|\u2606LadyMaria-Blue|your team is really nice!\n","uploadtime":1697506948,"views":22,"p1id":"ladymariablue","p2id":"jvitorfufu09","formatid":"gen9ubers","rating":0,"private":0,"password":""}