{"id":"gen9ubers-1967823389","p1":"I9821943813dws","p2":"2747wawa","format":"[Gen 9] Ubers","log":"|j|\u2606I9821943813dws\n|j|\u26062747wawa\n|t:|1697342899\n|gametype|singles\n|player|p1|I9821943813dws|elio|\n|player|p2|2747wawa|102|\n|teamsize|p1|6\n|teamsize|p2|6\n|gen|9\n|tier|[Gen 9] Ubers\n|rule|Sleep Clause Mod: Limit one foe put to sleep\n|rule|Species Clause: Limit one of each Pok\u00e9mon\n|rule|OHKO Clause: OHKO moves are banned\n|rule|Evasion Items Clause: Evasion items are banned\n|rule|Evasion Moves Clause: Evasion moves are banned\n|rule|Endless Battle Clause: Forcing endless battles is banned\n|rule|HP Percentage Mod: HP is shown in percentages\n|clearpoke\n|poke|p1|Pelipper, F|\n|poke|p1|Palkia-Origin|\n|poke|p1|Landorus, M|\n|poke|p1|Thundurus-Therian, M|\n|poke|p1|Tornadus-Therian, M|\n|poke|p1|Palafin, M|\n|poke|p2|Shaymin-Sky|\n|poke|p2|Cyclizar, F|\n|poke|p2|Chi-Yu|\n|poke|p2|Magearna|\n|poke|p2|Gliscor, M|\n|poke|p2|Zacian-*|\n|teampreview\n|inactive|Battle timer is ON: inactive players will automatically lose when time's up. (requested by I9821943813dws)\n|\n|t:|1697342916\n|start\n|switch|p1a: Drizzle|Pelipper, F|100\/100\n|switch|p2a: toxicorbman|Gliscor, M|100\/100\n|-weather|RainDance|[from] ability: Drizzle|[of] p1a: Drizzle\n|turn|1\n|c|\u2606I9821943813dws|Good luck\n|\n|t:|1697342929\n|switch|p2a: leftoversman|Shaymin-Sky, shiny|100\/100\n|move|p1a: Drizzle|Knock Off|p2a: leftoversman\n|-damage|p2a: leftoversman|87\/100\n|-enditem|p2a: leftoversman|Leftovers|[from] move: Knock Off|[of] p1a: Drizzle\n|\n|-weather|RainDance|[upkeep]\n|upkeep\n|turn|2\n|\n|t:|1697342937\n|move|p2a: leftoversman|Substitute|p2a: leftoversman\n|-start|p2a: leftoversman|Substitute\n|-damage|p2a: leftoversman|62\/100\n|move|p1a: Drizzle|Hurricane|p2a: leftoversman\n|-supereffective|p2a: leftoversman\n|-end|p2a: leftoversman|Substitute\n|\n|-weather|RainDance|[upkeep]\n|upkeep\n|turn|3\n|\n|t:|1697342946\n|switch|p2a: leftoverswoman|Magearna|100\/100\n|move|p1a: Drizzle|Hurricane|p2a: leftoverswoman\n|-resisted|p2a: leftoverswoman\n|-crit|p2a: leftoverswoman\n|-damage|p2a: leftoverswoman|78\/100\n|\n|-weather|RainDance|[upkeep]\n|-heal|p2a: leftoverswoman|84\/100|[from] item: Leftovers\n|upkeep\n|turn|4\n|\n|t:|1697342958\n|move|p2a: leftoverswoman|Volt Switch|p1a: Drizzle\n|-supereffective|p1a: Drizzle\n|-damage|p1a: Drizzle|0 fnt\n|faint|p1a: Drizzle\n|-ability|p2a: leftoverswoman|Soul-Heart|boost\n|-boost|p2a: leftoverswoman|spa|1\n|\n|t:|1697342964\n|switch|p2a: toxicorbman|Gliscor, M|100\/100|[from] Volt Switch\n|\n|-weather|RainDance|[upkeep]\n|-status|p2a: toxicorbman|tox|[from] item: Toxic Orb\n|upkeep\n|\n|t:|1697342968\n|switch|p1a: Zero to Hero|Palafin, M|100\/100\n|turn|5\n|\n|t:|1697342983\n|switch|p2a: bootsman|Cyclizar, F|100\/100\n|move|p1a: Zero to Hero|Flip Turn|p2a: bootsman\n|-resisted|p2a: bootsman\n|-crit|p2a: bootsman\n|-damage|p2a: bootsman|49\/100\n|\n|t:|1697342995\n|detailschange|p1a: Zero to Hero|Palafin-Hero, M\n|switch|p1a: Regenerator|Tornadus-Therian, M|100\/100|[from] Flip Turn\n|\n|-weather|RainDance|[upkeep]\n|upkeep\n|turn|6\n|\n|t:|1697343011\n|switch|p2a: leftoverswoman|Magearna|84\/100\n|move|p1a: Regenerator|Focus Blast|p2a: leftoverswoman|[miss]\n|-miss|p1a: Regenerator|p2a: leftoverswoman\n|\n|-weather|RainDance|[upkeep]\n|-heal|p2a: leftoverswoman|90\/100|[from] item: Leftovers\n|upkeep\n|turn|7\n|\n|t:|1697343021\n|move|p1a: Regenerator|U-turn|p2a: leftoverswoman\n|-resisted|p2a: leftoverswoman\n|-damage|p2a: leftoverswoman|87\/100\n|\n|t:|1697343023\n|switch|p1a: Volt Absorb|Thundurus-Therian, M|100\/100|[from] U-turn\n|move|p2a: leftoverswoman|Volt Switch|p1a: Volt Absorb\n|-immune|p1a: Volt Absorb|[from] ability: Volt Absorb\n|\n|-weather|RainDance|[upkeep]\n|-heal|p2a: leftoverswoman|93\/100|[from] item: Leftovers\n|upkeep\n|turn|8\n|\n|t:|1697343041\n|switch|p1a: Zero to Hero|Palafin-Hero, M|100\/100\n|-activate|p1a: Zero to Hero|ability: Zero to Hero\n|move|p2a: leftoverswoman|Shadow Ball|p1a: Zero to Hero\n|-damage|p1a: Zero to Hero|72\/100\n|-unboost|p1a: Zero to Hero|spd|1\n|\n|-weather|none\n|-heal|p2a: leftoverswoman|99\/100|[from] item: Leftovers\n|upkeep\n|turn|9\n|\n|t:|1697343052\n|move|p1a: Zero to Hero|Wave Crash|p2a: leftoverswoman\n|-damage|p2a: leftoverswoman|0 fnt\n|faint|p2a: leftoverswoman\n|-damage|p1a: Zero to Hero|47\/100|[from] Recoil\n|\n|upkeep\n|\n|t:|1697343063\n|switch|p2a: leftoversman|Shaymin-Sky, shiny|62\/100\n|turn|10\n|\n|t:|1697343069\n|switch|p1a: Regenerator|Tornadus-Therian, M|100\/100\n|move|p2a: leftoversman|Substitute|p2a: leftoversman\n|-start|p2a: leftoversman|Substitute\n|-damage|p2a: leftoversman|37\/100\n|\n|upkeep\n|turn|11\n|\n|t:|1697343075\n|move|p2a: leftoversman|Leech Seed|p1a: Regenerator\n|-start|p1a: Regenerator|move: Leech Seed\n|move|p1a: Regenerator|Bleakwind Storm|p2a: leftoversman\n|-supereffective|p2a: leftoversman\n|-end|p2a: leftoversman|Substitute\n|\n|-damage|p1a: Regenerator|88\/100|[from] Leech Seed|[of] p2a: leftoversman\n|-heal|p2a: leftoversman|47\/100|[silent]\n|upkeep\n|turn|12\n|\n|t:|1697343084\n|move|p2a: leftoversman|Substitute|p2a: leftoversman\n|-start|p2a: leftoversman|Substitute\n|-damage|p2a: leftoversman|22\/100\n|move|p1a: Regenerator|Taunt|p2a: leftoversman\n|-start|p2a: leftoversman|move: Taunt\n|\n|-damage|p1a: Regenerator|76\/100|[from] Leech Seed|[of] p2a: leftoversman\n|-heal|p2a: leftoversman|33\/100|[silent]\n|upkeep\n|turn|13\n|\n|t:|1697343091\n|move|p2a: leftoversman|Air Slash|p1a: Regenerator\n|-damage|p1a: Regenerator|37\/100\n|cant|p1a: Regenerator|flinch\n|\n|-damage|p1a: Regenerator|25\/100|[from] Leech Seed|[of] p2a: leftoversman\n|-heal|p2a: leftoversman|43\/100|[silent]\n|upkeep\n|turn|14\n|\n|t:|1697343097\n|switch|p1a: Volt Absorb|Thundurus-Therian, M|100\/100\n|move|p2a: leftoversman|Air Slash|p1a: Volt Absorb\n|-resisted|p1a: Volt Absorb\n|-damage|p1a: Volt Absorb|81\/100\n|\n|upkeep\n|turn|15\n|\n|t:|1697343103\n|move|p2a: leftoversman|Air Slash|p1a: Volt Absorb\n|-resisted|p1a: Volt Absorb\n|-damage|p1a: Volt Absorb|60\/100\n|cant|p1a: Volt Absorb|flinch\n|\n|-end|p2a: leftoversman|move: Taunt\n|upkeep\n|turn|16\n|\n|t:|1697343110\n|move|p2a: leftoversman|Leech Seed|p1a: Volt Absorb\n|-start|p1a: Volt Absorb|move: Leech Seed\n|move|p1a: Volt Absorb|Volt Switch|p2a: leftoversman\n|-end|p2a: leftoversman|Substitute\n|\n|t:|1697343118\n|switch|p1a: Regenerator|Tornadus-Therian, M|58\/100|[from] Volt Switch\n|\n|upkeep\n|turn|17\n|\n|t:|1697343124\n|move|p2a: leftoversman|Leech Seed|p1a: Regenerator|[miss]\n|-miss|p2a: leftoversman|p1a: Regenerator\n|move|p1a: Regenerator|Bleakwind Storm|p2a: leftoversman\n|-supereffective|p2a: leftoversman\n|-crit|p2a: leftoversman\n|-damage|p2a: leftoversman|0 fnt\n|faint|p2a: leftoversman\n|\n|upkeep\n|\n|t:|1697343140\n|switch|p2a: bootsman|Cyclizar, F|82\/100\n|turn|18\n|\n|t:|1697343151\n|switch|p1a: Sheer Force|Landorus, M|100\/100\n|move|p2a: bootsman|Shed Tail|p2a: bootsman\n|-start|p2a: bootsman|Substitute|[from] move: Shed Tail\n|-damage|p2a: bootsman|32\/100\n|\n|t:|1697343159\n|switch|p2a: scarfman|Chi-Yu|100\/100|[from] Shed Tail\n|-ability|p2a: scarfman|Beads of Ruin\n|\n|upkeep\n|turn|19\n|\n|t:|1697343172\n|move|p1a: Sheer Force|Sludge Bomb|p2a: scarfman\n|-end|p2a: scarfman|Substitute\n|move|p2a: scarfman|Nasty Plot|p2a: scarfman\n|-boost|p2a: scarfman|spa|2\n|\n|upkeep\n|turn|20\n|\n|t:|1697343186\n|-terastallize|p2a: scarfman|Water\n|move|p1a: Sheer Force|Sandsear Storm|p2a: scarfman\n|-damage|p2a: scarfman|12\/100\n|move|p2a: scarfman|Flamethrower|p1a: Sheer Force\n|-damage|p1a: Sheer Force|0 fnt\n|faint|p1a: Sheer Force\n|-damage|p2a: scarfman|2\/100|[from] item: Life Orb\n|\n|upkeep\n|\n|t:|1697343194\n|switch|p1a: Regenerator|Tornadus-Therian, M|91\/100\n|turn|21\n|\n|t:|1697343198\n|move|p1a: Regenerator|U-turn|p2a: scarfman\n|-damage|p2a: scarfman|0 fnt\n|faint|p2a: scarfman\n|\n|t:|1697343202\n|switch|p1a: Zero to Hero|Palafin-Hero, M|47\/100|[from] U-turn\n|\n|upkeep\n|\n|t:|1697343205\n|switch|p2a: bootsman|Cyclizar, F|65\/100\n|turn|22\n|\n|t:|1697343210\n|switch|p1a: Regenerator|Tornadus-Therian, M|100\/100\n|move|p2a: bootsman|Draco Meteor|p1a: Regenerator|[miss]\n|-miss|p2a: bootsman|p1a: Regenerator\n|\n|upkeep\n|turn|23\n|\n|t:|1697343224\n|move|p1a: Regenerator|Bleakwind Storm|p2a: bootsman\n|-damage|p2a: bootsman|0 fnt\n|faint|p2a: bootsman\n|\n|upkeep\n|c|\u2606I9821943813dws|Oof\n|\n|t:|1697343231\n|switch|p2a: bandman|Zacian|100\/100\n|-ability|p2a: bandman|Intrepid Sword|boost\n|-boost|p2a: bandman|atk|1\n|turn|24\n|\n|t:|1697343239\n|move|p1a: Regenerator|Bleakwind Storm|p2a: bandman\n|-damage|p2a: bandman|55\/100\n|move|p2a: bandman|Play Rough|p1a: Regenerator\n|-damage|p1a: Regenerator|0 fnt\n|faint|p1a: Regenerator\n|\n|upkeep\n|\n|t:|1697343249\n|switch|p1a: Pressure|Palkia-Origin|100\/100\n|-ability|p1a: Pressure|Pressure\n|turn|25\n|\n|t:|1697343253\n|-terastallize|p1a: Pressure|Electric\n|move|p2a: bandman|Play Rough|p1a: Pressure\n|-damage|p1a: Pressure|0 fnt\n|faint|p1a: Pressure\n|\n|upkeep\n|\n|t:|1697343259\n|switch|p1a: Zero to Hero|Palafin-Hero, M|47\/100\n|turn|26\n|c|\u26062747wawa|jesus\n|\n|t:|1697343263\n|move|p1a: Zero to Hero|Jet Punch|p2a: bandman\n|-damage|p2a: bandman|0 fnt\n|faint|p2a: bandman\n|\n|upkeep\n|\n|t:|1697343267\n|switch|p2a: toxicorbman|Gliscor, M|100\/100 tox\n|turn|27\n|\n|t:|1697343273\n|switch|p1a: Volt Absorb|Thundurus-Therian, M|60\/100\n|move|p2a: toxicorbman|Knock Off|p1a: Volt Absorb\n|-damage|p1a: Volt Absorb|30\/100\n|-enditem|p1a: Volt Absorb|Choice Specs|[from] move: Knock Off|[of] p2a: toxicorbman\n|\n|upkeep\n|turn|28\n|\n|t:|1697343282\n|move|p1a: Volt Absorb|Sludge Bomb|p2a: toxicorbman\n|-resisted|p2a: toxicorbman\n|-damage|p2a: toxicorbman|80\/100 tox\n|move|p2a: toxicorbman|Stealth Rock|p1a: Volt Absorb\n|-sidestart|p1: I9821943813dws|move: Stealth Rock\n|\n|-heal|p2a: toxicorbman|92\/100 tox|[from] ability: Poison Heal\n|upkeep\n|turn|29\n|\n|t:|1697343291\n|move|p1a: Volt Absorb|Grass Knot|p2a: toxicorbman\n|-damage|p2a: toxicorbman|66\/100 tox\n|move|p2a: toxicorbman|Knock Off|p1a: Volt Absorb\n|-damage|p1a: Volt Absorb|7\/100\n|\n|-heal|p2a: toxicorbman|78\/100 tox|[from] ability: Poison Heal\n|upkeep\n|turn|30\n|\n|t:|1697343298\n|move|p1a: Volt Absorb|Grass Knot|p2a: toxicorbman\n|-damage|p2a: toxicorbman|52\/100 tox\n|move|p2a: toxicorbman|Spikes|p1a: Volt Absorb\n|-sidestart|p1: I9821943813dws|Spikes\n|\n|-heal|p2a: toxicorbman|64\/100 tox|[from] ability: Poison Heal\n|upkeep\n|turn|31\n|\n|t:|1697343305\n|switch|p1a: Zero to Hero|Palafin-Hero, M|47\/100\n|-damage|p1a: Zero to Hero|34\/100|[from] Stealth Rock\n|-damage|p1a: Zero to Hero|22\/100|[from] Spikes\n|move|p2a: toxicorbman|Spikes|p1a: Zero to Hero\n|-sidestart|p1: I9821943813dws|Spikes\n|\n|-heal|p2a: toxicorbman|77\/100 tox|[from] ability: Poison Heal\n|upkeep\n|turn|32\n|\n|t:|1697343314\n|move|p1a: Zero to Hero|Jet Punch|p2a: toxicorbman\n|-supereffective|p2a: toxicorbman\n|-damage|p2a: toxicorbman|0 fnt\n|faint|p2a: toxicorbman\n|\n|win|I9821943813dws\n|c|\u2606I9821943813dws|ggs\n|c|\u26062747wawa|gg\n","uploadtime":1697343322,"views":35,"p1id":"i9821943813dws","p2id":"2747wawa","formatid":"gen9ubers","rating":0,"private":0,"password":""}