{"id":"gen9ubers-1979745950","p1":"Bestmaindragonite","p2":"Nitro524","format":"[Gen 9] Ubers","log":"|j|\u2606Bestmaindragonite\n|j|\u2606Nitro524\n|t:|1698708943\n|gametype|singles\n|player|p1|Bestmaindragonite|lillie|\n|player|p2|Nitro524|hilbert|\n|teamsize|p1|6\n|teamsize|p2|6\n|gen|9\n|tier|[Gen 9] Ubers\n|rule|Sleep Clause Mod: Limit one foe put to sleep\n|rule|Species Clause: Limit one of each Pok\u00e9mon\n|rule|OHKO Clause: OHKO moves are banned\n|rule|Evasion Items Clause: Evasion items are banned\n|rule|Evasion Moves Clause: Evasion moves are banned\n|rule|Endless Battle Clause: Forcing endless battles is banned\n|rule|HP Percentage Mod: HP is shown in percentages\n|clearpoke\n|poke|p1|Pelipper, F|\n|poke|p1|Basculegion-F, F|\n|poke|p1|Overqwil, F|\n|poke|p1|Palkia-Origin|\n|poke|p1|Donphan, F|\n|poke|p1|Thundurus-Therian, M|\n|poke|p2|Meowscarada, F|\n|poke|p2|Grimmsnarl, M|\n|poke|p2|Zacian-*|\n|poke|p2|Arceus-Poison|\n|poke|p2|Magearna|\n|poke|p2|Basculegion-F, F|\n|teampreview\n|\n|t:|1698708957\n|start\n|switch|p1a: Pelipper|Pelipper, F|100\/100\n|switch|p2a: Grimmsnarl|Grimmsnarl, M|100\/100\n|-weather|RainDance|[from] ability: Drizzle|[of] p1a: Pelipper\n|turn|1\n|j| GratedsShtickface\n|\n|t:|1698708961\n|move|p2a: Grimmsnarl|Reflect|p2a: Grimmsnarl\n|-sidestart|p2: Nitro524|Reflect\n|move|p1a: Pelipper|U-turn|p2a: Grimmsnarl\n|-damage|p2a: Grimmsnarl|95\/100\n|\n|t:|1698708972\n|switch|p1a: Overqwil|Overqwil, F|100\/100|[from] U-turn\n|\n|-weather|RainDance|[upkeep]\n|upkeep\n|turn|2\n|l|\u2606Bestmaindragonite\n|player|p1|\n|j|\u2606Bestmaindragonite\n|player|p1|Bestmaindragonite|lillie\n|\n|t:|1698709009\n|switch|p2a: Magearna|Magearna|100\/100\n|move|p1a: Overqwil|Gunk Shot|p2a: Magearna\n|-immune|p2a: Magearna\n|\n|-weather|RainDance|[upkeep]\n|upkeep\n|turn|3\n|\n|t:|1698709022\n|switch|p1a: Thundurus|Thundurus-Therian, M|100\/100\n|move|p2a: Magearna|Shift Gear|p2a: Magearna\n|-boost|p2a: Magearna|spe|2\n|-boost|p2a: Magearna|atk|1\n|\n|-weather|RainDance|[upkeep]\n|upkeep\n|turn|4\n|\n|t:|1698709046\n|move|p2a: Magearna|Calm Mind|p2a: Magearna\n|-boost|p2a: Magearna|spa|1\n|-boost|p2a: Magearna|spd|1\n|move|p1a: Thundurus|Thunder|p2a: Magearna\n|-damage|p2a: Magearna|64\/100\n|-status|p2a: Magearna|par\n|\n|-weather|RainDance|[upkeep]\n|-heal|p2a: Magearna|70\/100 par|[from] item: Leftovers\n|upkeep\n|turn|5\n|l| GratedsShtickface\n|\n|t:|1698709063\n|-terastallize|p1a: Thundurus|Electric\n|move|p1a: Thundurus|Thunder|p2a: Magearna\n|-damage|p2a: Magearna|27\/100 par\n|move|p2a: Magearna|Draining Kiss|p1a: Thundurus\n|-damage|p1a: Thundurus|71\/100\n|-heal|p2a: Magearna|45\/100 par|[from] drain|[of] p1a: Thundurus\n|\n|-weather|RainDance|[upkeep]\n|-heal|p2a: Magearna|51\/100 par|[from] item: Leftovers\n|upkeep\n|turn|6\n|\n|t:|1698709074\n|move|p1a: Thundurus|Thunder|p2a: Magearna\n|-damage|p2a: Magearna|7\/100 par\n|move|p2a: Magearna|Stored Power|p1a: Thundurus\n|-damage|p1a: Thundurus|25\/100\n|\n|-weather|RainDance|[upkeep]\n|-heal|p2a: Magearna|13\/100 par|[from] item: Leftovers\n|upkeep\n|turn|7\n|c|\u2606Bestmaindragonite|A\n|\n|t:|1698709128\n|move|p1a: Thundurus|Volt Switch|p2a: Magearna\n|-crit|p2a: Magearna\n|-damage|p2a: Magearna|0 fnt\n|faint|p2a: Magearna\n|l|\u2606Bestmaindragonite\n|player|p1|\n|j|\u2606Bestmaindragonite\n|player|p1|Bestmaindragonite|lillie\n|\n|t:|1698709170\n|switch|p1a: Overqwil|Overqwil, F|100\/100|[from] Volt Switch\n|\n|-weather|RainDance|[upkeep]\n|upkeep\n|\n|t:|1698709197\n|switch|p2a: Arceus|Arceus-Poison|100\/100\n|turn|8\n|\n|t:|1698709210\n|move|p1a: Overqwil|Crunch|p2a: Arceus\n|-damage|p2a: Arceus|79\/100\n|move|p2a: Arceus|Earth Power|p1a: Overqwil\n|-supereffective|p1a: Overqwil\n|-damage|p1a: Overqwil|30\/100\n|\n|-weather|none\n|-sideend|p2: Nitro524|Reflect\n|upkeep\n|turn|9\n|\n|t:|1698709234\n|move|p2a: Arceus|Calm Mind|p2a: Arceus\n|-boost|p2a: Arceus|spa|1\n|-boost|p2a: Arceus|spd|1\n|move|p1a: Overqwil|Crunch|p2a: Arceus\n|-damage|p2a: Arceus|36\/100\n|\n|upkeep\n|turn|10\n|\n|t:|1698709239\n|move|p2a: Arceus|Judgment|p1a: Overqwil\n|-resisted|p1a: Overqwil\n|-damage|p1a: Overqwil|0 fnt\n|faint|p1a: Overqwil\n|\n|upkeep\n|\n|t:|1698709248\n|switch|p1a: Donphan|Donphan, F|100\/100\n|turn|11\n|c|\u2606Bestmaindragonite|B\n|\n|t:|1698709310\n|move|p2a: Arceus|Judgment|p1a: Donphan\n|-resisted|p1a: Donphan\n|-damage|p1a: Donphan|49\/100\n|move|p1a: Donphan|Earthquake|p2a: Arceus\n|-supereffective|p2a: Arceus\n|-damage|p2a: Arceus|0 fnt\n|faint|p2a: Arceus\n|\n|upkeep\n|\n|t:|1698709315\n|switch|p2a: Grimmsnarl|Grimmsnarl, M|95\/100\n|turn|12\n|\n|t:|1698709321\n|move|p2a: Grimmsnarl|Reflect|p2a: Grimmsnarl\n|-sidestart|p2: Nitro524|Reflect\n|move|p1a: Donphan|Endeavor|p2a: Grimmsnarl\n|-damage|p2a: Grimmsnarl|47\/100\n|\n|upkeep\n|turn|13\n|\n|t:|1698709339\n|move|p2a: Grimmsnarl|Light Screen|p2a: Grimmsnarl\n|-sidestart|p2: Nitro524|move: Light Screen\n|move|p1a: Donphan|Earthquake|p2a: Grimmsnarl\n|-damage|p2a: Grimmsnarl|12\/100\n|\n|upkeep\n|turn|14\n|\n|t:|1698709344\n|move|p2a: Grimmsnarl|Parting Shot|p1a: Donphan\n|-unboost|p1a: Donphan|atk|1\n|-unboost|p1a: Donphan|spa|1\n|\n|t:|1698709349\n|switch|p2a: Meowscarada|Meowscarada, F|100\/100|[from] Parting Shot\n|move|p1a: Donphan|Earthquake|p2a: Meowscarada\n|-resisted|p2a: Meowscarada\n|-damage|p2a: Meowscarada|86\/100\n|\n|upkeep\n|turn|15\n|\n|t:|1698709357\n|move|p2a: Meowscarada|Knock Off|p1a: Donphan\n|-start|p2a: Meowscarada|typechange|Dark|[from] ability: Protean\n|-damage|p1a: Donphan|13\/100\n|-enditem|p1a: Donphan|Heavy-Duty Boots|[from] move: Knock Off|[of] p2a: Meowscarada\n|move|p1a: Donphan|Endeavor|p2a: Meowscarada\n|-damage|p2a: Meowscarada|17\/100\n|\n|upkeep\n|turn|16\n|\n|t:|1698709387\n|move|p1a: Donphan|Ice Shard|p2a: Meowscarada\n|-damage|p2a: Meowscarada|10\/100\n|move|p2a: Meowscarada|U-turn|p1a: Donphan\n|-damage|p1a: Donphan|0 fnt\n|faint|p1a: Donphan\n|\n|t:|1698709395\n|switch|p2a: Zacian|Zacian|100\/100|[from] U-turn\n|-ability|p2a: Zacian|Intrepid Sword|boost\n|-boost|p2a: Zacian|atk|1\n|\n|upkeep\n|\n|t:|1698709400\n|switch|p1a: Pelipper|Pelipper, F|100\/100\n|-weather|RainDance|[from] ability: Drizzle|[of] p1a: Pelipper\n|turn|17\n|\n|t:|1698709405\n|switch|p1a: Thundurus|Thundurus-Therian, M, tera:Electric|25\/100\n|move|p2a: Zacian|Swords Dance|p2a: Zacian\n|-boost|p2a: Zacian|atk|2\n|\n|-weather|RainDance|[upkeep]\n|upkeep\n|turn|18\n|\n|t:|1698709416\n|move|p2a: Zacian|Play Rough|p1a: Thundurus\n|-damage|p1a: Thundurus|0 fnt\n|faint|p1a: Thundurus\n|\n|-weather|RainDance|[upkeep]\n|upkeep\n|\n|t:|1698709438\n|switch|p1a: Basculegion|Basculegion-F, F|100\/100\n|turn|19\n|\n|t:|1698709443\n|move|p1a: Basculegion|Flip Turn|p2a: Zacian\n|-damage|p2a: Zacian|83\/100\n|\n|t:|1698709447\n|switch|p1a: Palkia|Palkia-Origin|100\/100|[from] Flip Turn\n|-ability|p1a: Palkia|Pressure\n|move|p2a: Zacian|Play Rough|p1a: Palkia\n|-supereffective|p1a: Palkia\n|-damage|p1a: Palkia|0 fnt\n|faint|p1a: Palkia\n|\n|-weather|RainDance|[upkeep]\n|-sideend|p2: Nitro524|Reflect\n|upkeep\n|\n|t:|1698709449\n|switch|p1a: Basculegion|Basculegion-F, F|100\/100\n|turn|20\n|\n|t:|1698709452\n|move|p1a: Basculegion|Last Respects|p2a: Zacian\n|-damage|p2a: Zacian|0 fnt\n|faint|p2a: Zacian\n|\n|-weather|RainDance|[upkeep]\n|-sideend|p2: Nitro524|move: Light Screen\n|upkeep\n|\n|t:|1698709461\n|switch|p2a: Grimmsnarl|Grimmsnarl, M|12\/100\n|turn|21\n|\n|t:|1698709464\n|move|p1a: Basculegion|Aqua Jet|p2a: Grimmsnarl\n|-damage|p2a: Grimmsnarl|0 fnt\n|faint|p2a: Grimmsnarl\n|\n|-weather|RainDance|[upkeep]\n|upkeep\n|\n|t:|1698709474\n|switch|p2a: Basculegion|Basculegion-F, F|100\/100\n|turn|22\n|\n|t:|1698709481\n|-terastallize|p2a: Basculegion|Normal\n|move|p1a: Basculegion|Last Respects|p2a: Basculegion\n|-immune|p2a: Basculegion\n|move|p2a: Basculegion|Last Respects|p1a: Basculegion\n|-supereffective|p1a: Basculegion\n|-damage|p1a: Basculegion|0 fnt\n|faint|p1a: Basculegion\n|\n|-weather|RainDance|[upkeep]\n|upkeep\n|\n|t:|1698709486\n|switch|p1a: Pelipper|Pelipper, F|100\/100\n|turn|23\n|\n|t:|1698709489\n|move|p2a: Basculegion|Last Respects|p1a: Pelipper\n|-damage|p1a: Pelipper|22\/100\n|move|p1a: Pelipper|Weather Ball|p2a: Basculegion\n|-damage|p2a: Basculegion|45\/100\n|\n|-weather|RainDance|[upkeep]\n|upkeep\n|turn|24\n|c|\u2606Nitro524|gg\n|\n|t:|1698709493\n|move|p2a: Basculegion|Last Respects|p1a: Pelipper\n|-damage|p1a: Pelipper|0 fnt\n|faint|p1a: Pelipper\n|\n|win|Nitro524\n","uploadtime":1698709499,"views":11,"p1id":"bestmaindragonite","p2id":"nitro524","formatid":"gen9ubers","rating":0,"private":0,"password":""}