{"id":"gen9ubers-1995857183","p1":"rustygoomba","p2":"Nuttyr","format":"[Gen 9] Ubers","log":"|j|\u2606rustygoomba\n|j|\u2606Nuttyr\n|t:|1700610279\n|gametype|singles\n|player|p1|rustygoomba|burglar-lgpe|\n|player|p2|Nuttyr|265|\n|teamsize|p1|6\n|teamsize|p2|6\n|gen|9\n|tier|[Gen 9] Ubers\n|rule|Sleep Clause Mod: Limit one foe put to sleep\n|rule|Species Clause: Limit one of each Pok\u00e9mon\n|rule|OHKO Clause: OHKO moves are banned\n|rule|Evasion Items Clause: Evasion items are banned\n|rule|Evasion Moves Clause: Evasion moves are banned\n|rule|Endless Battle Clause: Forcing endless battles is banned\n|rule|HP Percentage Mod: HP is shown in percentages\n|clearpoke\n|poke|p1|Mew|\n|poke|p1|Frosmoth, F|\n|poke|p1|Clodsire, F|\n|poke|p1|Iron Bundle|\n|poke|p1|Roaring Moon|\n|poke|p1|Tauros-Paldea-Blaze, M|\n|poke|p2|Quaquaval, M|\n|poke|p2|Ninetales-Alola, F|\n|poke|p2|Garganacl, M|\n|poke|p2|Samurott-Hisui, F|\n|poke|p2|Gholdengo|\n|poke|p2|Masquerain, F|\n|teampreview\n|inactive|Battle timer is ON: inactive players will automatically lose when time's up. (requested by Nuttyr)\n|inactive|Nuttyr has 270 seconds left.\n|\n|t:|1700610331\n|start\n|switch|p1a: monya|Mew|100\/100\n|switch|p2a: Masquerain|Masquerain, F|100\/100\n|-ability|p2a: Masquerain|Intimidate|boost\n|-unboost|p1a: monya|atk|1\n|turn|1\n|inactive|rustygoomba has 270 seconds left.\n|\n|t:|1700610380\n|switch|p1a: justin jefferson|Frosmoth, F|100\/100\n|move|p2a: Masquerain|Bug Buzz|p1a: justin jefferson\n|-damage|p1a: justin jefferson|73\/100\n|\n|upkeep\n|turn|2\n|\n|t:|1700610393\n|switch|p2a: Gholdengo|Gholdengo|100\/100\n|move|p1a: justin jefferson|Ice Beam|p2a: Gholdengo\n|-resisted|p2a: Gholdengo\n|-damage|p2a: Gholdengo|73\/100\n|\n|upkeep\n|turn|3\n|\n|t:|1700610403\n|switch|p1a: randy moss|Roaring Moon|100\/100\n|move|p2a: Gholdengo|Trick|p1a: randy moss\n|-activate|p2a: Gholdengo|move: Trick|[of] p1a: randy moss\n|-item|p1a: randy moss|Choice Scarf|[from] move: Trick\n|-item|p2a: Gholdengo|Choice Band|[from] move: Trick\n|\n|upkeep\n|turn|4\n|\n|t:|1700610417\n|switch|p2a: Masquerain|Masquerain, F|100\/100\n|-ability|p2a: Masquerain|Intimidate|boost\n|-unboost|p1a: randy moss|atk|1\n|move|p1a: randy moss|Knock Off|p2a: Masquerain\n|-damage|p2a: Masquerain|39\/100\n|-enditem|p2a: Masquerain|Focus Sash|[from] move: Knock Off|[of] p1a: randy moss\n|\n|upkeep\n|turn|5\n|inactive|rustygoomba has 270 seconds left.\n|\n|t:|1700610462\n|move|p1a: randy moss|Knock Off|p2a: Masquerain\n|-damage|p2a: Masquerain|0 fnt\n|faint|p2a: Masquerain\n|\n|upkeep\n|\n|t:|1700610470\n|switch|p2a: Samurott|Samurott-Hisui, F|100\/100\n|turn|6\n|\n|t:|1700610479\n|-end|p1a: randy moss|Protosynthesis|[silent]\n|switch|p1a: pengin|Iron Bundle|100\/100\n|move|p2a: Samurott|Ceaseless Edge|p1a: pengin\n|-damage|p1a: pengin|44\/100\n|-sidestart|p1: rustygoomba|Spikes\n|\n|upkeep\n|turn|7\n|\n|t:|1700610497\n|switch|p2a: Ninetales|Ninetales-Alola, F|100\/100\n|-weather|Snow|[from] ability: Snow Warning|[of] p2a: Ninetales\n|move|p1a: pengin|Freeze-Dry|p2a: Ninetales\n|-resisted|p2a: Ninetales\n|-damage|p2a: Ninetales|85\/100\n|\n|-weather|Snow|[upkeep]\n|upkeep\n|turn|8\n|inactive|rustygoomba has 270 seconds left.\n|\n|t:|1700610519\n|-end|p1a: pengin|Quark Drive|[silent]\n|switch|p1a: monya|Mew|100\/100\n|-damage|p1a: monya|88\/100|[from] Spikes\n|move|p2a: Ninetales|Extrasensory|p1a: monya\n|-resisted|p1a: monya\n|-damage|p1a: monya|80\/100\n|\n|-weather|Snow|[upkeep]\n|upkeep\n|turn|9\n|\n|t:|1700610527\n|move|p1a: monya|Trick|p2a: Ninetales\n|-activate|p1a: monya|move: Trick|[of] p2a: Ninetales\n|-item|p2a: Ninetales|Choice Scarf|[from] move: Trick\n|-item|p1a: monya|Light Clay|[from] move: Trick\n|move|p2a: Ninetales|Aurora Veil|p2a: Ninetales\n|-sidestart|p2: Nuttyr|move: Aurora Veil\n|\n|-weather|Snow|[upkeep]\n|upkeep\n|turn|10\n|\n|t:|1700610539\n|switch|p2a: Samurott|Samurott-Hisui, F|100\/100\n|move|p1a: monya|Reflect|p1a: monya\n|-sidestart|p1: rustygoomba|Reflect\n|\n|-weather|Snow|[upkeep]\n|upkeep\n|turn|11\n|\n|t:|1700610548\n|move|p1a: monya|Steel Beam|p2a: Samurott\n|-resisted|p2a: Samurott\n|-damage|p2a: Samurott|87\/100\n|-damage|p1a: monya|30\/100|[from] steelbeam\n|move|p2a: Samurott|Ceaseless Edge|p1a: monya\n|-supereffective|p1a: monya\n|-damage|p1a: monya|0 fnt\n|-sidestart|p1: rustygoomba|Spikes\n|faint|p1a: monya\n|\n|-weather|none\n|upkeep\n|\n|t:|1700610558\n|switch|p1a: randy moss|Roaring Moon|100\/100\n|-damage|p1a: randy moss|84\/100|[from] Spikes\n|turn|12\n|j| RektCactus\n|\n|t:|1700610568\n|move|p1a: randy moss|U-turn|p2a: Samurott\n|-supereffective|p2a: Samurott\n|-damage|p2a: Samurott|54\/100\n|\n|t:|1700610573\n|-end|p1a: randy moss|Protosynthesis|[silent]\n|switch|p1a: pengin|Iron Bundle|44\/100|[from] U-turn\n|move|p2a: Samurott|Ceaseless Edge|p1a: pengin\n|-damage|p1a: pengin|19\/100\n|-sidestart|p1: rustygoomba|Spikes\n|\n|upkeep\n|turn|13\n|c| RektCactus|battle of the goats\n|\n|t:|1700610591\n|move|p1a: pengin|Freeze-Dry|p2a: Samurott\n|-supereffective|p2a: Samurott\n|-damage|p2a: Samurott|6\/100\n|move|p2a: Samurott|Knock Off|p1a: pengin\n|-damage|p1a: pengin|0 fnt\n|-enditem|p1a: pengin|Heavy-Duty Boots|[from] move: Knock Off|[of] p2a: Samurott\n|faint|p1a: pengin\n|-end|p1a: pengin|Quark Drive|[silent]\n|\n|-sideend|p2: Nuttyr|move: Aurora Veil\n|upkeep\n|inactive|rustygoomba has 270 seconds left.\n|\n|t:|1700610621\n|switch|p1a: randy moss|Roaring Moon|84\/100\n|-damage|p1a: randy moss|59\/100|[from] Spikes\n|turn|14\n|\n|t:|1700610643\n|move|p2a: Samurott|Aqua Jet|p1a: randy moss\n|-resisted|p1a: randy moss\n|-damage|p1a: randy moss|54\/100\n|move|p1a: randy moss|U-turn|p2a: Samurott\n|-supereffective|p2a: Samurott\n|-damage|p2a: Samurott|0 fnt\n|faint|p2a: Samurott\n|inactive|rustygoomba has 270 seconds left.\n|\n|t:|1700610649\n|-end|p1a: randy moss|Protosynthesis|[silent]\n|switch|p1a: justin jefferson|Frosmoth, F|73\/100|[from] U-turn\n|-damage|p1a: justin jefferson|49\/100|[from] Spikes\n|\n|upkeep\n|inactive|Nuttyr has 270 seconds left.\n|\n|t:|1700610678\n|switch|p2a: Gholdengo|Gholdengo|73\/100\n|turn|15\n|inactive|Nuttyr has 270 seconds left.\n|\n|t:|1700610685\n|-terastallize|p1a: justin jefferson|Ground\n|move|p2a: Gholdengo|Trick|p1a: justin jefferson\n|-activate|p2a: Gholdengo|move: Trick|[of] p1a: justin jefferson\n|-item|p1a: justin jefferson|Choice Band|[from] move: Trick\n|-item|p2a: Gholdengo|Covert Cloak|[from] move: Trick\n|move|p1a: justin jefferson|Quiver Dance|p1a: justin jefferson\n|-boost|p1a: justin jefferson|spa|1\n|-boost|p1a: justin jefferson|spd|1\n|-boost|p1a: justin jefferson|spe|1\n|\n|upkeep\n|turn|16\n|inactive|Nuttyr has 270 seconds left.\n|\n|t:|1700610698\n|switch|p2a: Garganacl|Garganacl, M|100\/100\n|move|p1a: justin jefferson|Quiver Dance|p1a: justin jefferson\n|-boost|p1a: justin jefferson|spa|1\n|-boost|p1a: justin jefferson|spd|1\n|-boost|p1a: justin jefferson|spe|1\n|\n|upkeep\n|turn|17\n|\n|t:|1700610707\n|switch|p1a: dan|Tauros-Paldea-Blaze, M|100\/100\n|-damage|p1a: dan|76\/100|[from] Spikes\n|-ability|p1a: dan|Intimidate|boost\n|-unboost|p2a: Garganacl|atk|1\n|move|p2a: Garganacl|Iron Defense|p2a: Garganacl\n|-boost|p2a: Garganacl|def|2\n|\n|-sideend|p1: rustygoomba|Reflect\n|upkeep\n|turn|18\n|c| RektCactus|Holy shit.\n|c|\u2606rustygoomba|i forgor\n|\n|t:|1700610715\n|-terastallize|p2a: Garganacl|Water\n|move|p1a: dan|Bulk Up|p1a: dan\n|-boost|p1a: dan|atk|1\n|-boost|p1a: dan|def|1\n|move|p2a: Garganacl|Salt Cure|p1a: dan\n|-damage|p1a: dan|70\/100\n|-start|p1a: dan|Salt Cure\n|\n|-damage|p1a: dan|58\/100|[from] Salt Cure\n|upkeep\n|turn|19\n|c| RektCactus|he goobed on u\n|\n|t:|1700610723\n|move|p1a: dan|Bulk Up|p1a: dan\n|-boost|p1a: dan|atk|1\n|-boost|p1a: dan|def|1\n|move|p2a: Garganacl|Iron Defense|p2a: Garganacl\n|-boost|p2a: Garganacl|def|2\n|\n|-damage|p1a: dan|46\/100|[from] Salt Cure\n|upkeep\n|turn|20\n|\n|t:|1700610728\n|move|p1a: dan|Body Press|p2a: Garganacl\n|-damage|p2a: Garganacl|81\/100\n|move|p2a: Garganacl|Salt Cure|p1a: dan\n|-damage|p1a: dan|42\/100\n|\n|-heal|p2a: Garganacl|87\/100|[from] item: Leftovers\n|-damage|p1a: dan|30\/100|[from] Salt Cure\n|upkeep\n|turn|21\n|\n|t:|1700610733\n|move|p1a: dan|Body Press|p2a: Garganacl\n|-damage|p2a: Garganacl|69\/100\n|move|p2a: Garganacl|Salt Cure|p1a: dan\n|-damage|p1a: dan|26\/100\n|\n|-heal|p2a: Garganacl|75\/100|[from] item: Leftovers\n|-damage|p1a: dan|13\/100|[from] Salt Cure\n|upkeep\n|turn|22\n|c| RektCactus|garganacl my hatred.\n|-enditem|p1a: dan|Custap Berry|[eat]\n|-activate|p1a: dan|item: Custap Berry|[consumed]\n|\n|t:|1700610740\n|move|p1a: dan|Body Press|p2a: Garganacl\n|-damage|p2a: Garganacl|58\/100\n|move|p2a: Garganacl|Stealth Rock|p1a: dan\n|-sidestart|p1: rustygoomba|move: Stealth Rock\n|\n|-heal|p2a: Garganacl|64\/100|[from] item: Leftovers\n|-damage|p1a: dan|1\/100|[from] Salt Cure\n|upkeep\n|turn|23\n|\n|t:|1700610746\n|move|p1a: dan|Body Press|p2a: Garganacl\n|-damage|p2a: Garganacl|47\/100\n|move|p2a: Garganacl|Recover|p2a: Garganacl\n|-heal|p2a: Garganacl|97\/100\n|\n|-heal|p2a: Garganacl|100\/100|[from] item: Leftovers\n|-damage|p1a: dan|0 fnt|[from] Salt Cure\n|faint|p1a: dan\n|upkeep\n|\n|t:|1700610750\n|switch|p1a: justin jefferson|Frosmoth, F, tera:Ground|49\/100\n|-damage|p1a: justin jefferson|24\/100|[from] Spikes\n|-damage|p1a: justin jefferson|18\/100|[from] Stealth Rock\n|turn|24\n|\n|t:|1700610758\n|move|p1a: justin jefferson|Giga Drain|p2a: Garganacl\n|-supereffective|p2a: Garganacl\n|-damage|p2a: Garganacl|65\/100\n|-heal|p1a: justin jefferson|43\/100|[from] drain|[of] p2a: Garganacl\n|move|p2a: Garganacl|Salt Cure|p1a: justin jefferson\n|-resisted|p1a: justin jefferson\n|-damage|p1a: justin jefferson|35\/100\n|-start|p1a: justin jefferson|Salt Cure\n|\n|-heal|p2a: Garganacl|71\/100|[from] item: Leftovers\n|-damage|p1a: justin jefferson|23\/100|[from] Salt Cure\n|upkeep\n|turn|25\n|\n|t:|1700610770\n|switch|p2a: Gholdengo|Gholdengo|73\/100\n|move|p1a: justin jefferson|Giga Drain|p2a: Gholdengo\n|-resisted|p2a: Gholdengo\n|-damage|p2a: Gholdengo|58\/100\n|-heal|p1a: justin jefferson|31\/100|[from] drain|[of] p2a: Gholdengo\n|\n|-damage|p1a: justin jefferson|19\/100|[from] Salt Cure\n|upkeep\n|turn|26\n|\n|t:|1700610778\n|move|p2a: Gholdengo|Dazzling Gleam|p1a: justin jefferson\n|-damage|p1a: justin jefferson|1\/100\n|move|p1a: justin jefferson|Giga Drain|p2a: Gholdengo\n|-resisted|p2a: Gholdengo\n|-damage|p2a: Gholdengo|44\/100\n|-heal|p1a: justin jefferson|9\/100|[from] drain|[of] p2a: Gholdengo\n|\n|-damage|p1a: justin jefferson|0 fnt|[from] Salt Cure\n|faint|p1a: justin jefferson\n|upkeep\n|\n|t:|1700610790\n|switch|p1a: g2rald|Clodsire, F|100\/100\n|-damage|p1a: g2rald|76\/100|[from] Spikes\n|-damage|p1a: g2rald|70\/100|[from] Stealth Rock\n|turn|27\n|\n|t:|1700610805\n|move|p2a: Gholdengo|Make It Rain|p1a: g2rald\n|-damage|p1a: g2rald|25\/100\n|-unboost|p2a: Gholdengo|spa|1\n|move|p1a: g2rald|Toxic|p2a: Gholdengo\n|-immune|p2a: Gholdengo|[from] ability: Good as Gold\n|\n|upkeep\n|turn|28\n|\n|t:|1700610815\n|move|p2a: Gholdengo|Make It Rain|p1a: g2rald\n|-damage|p1a: g2rald|0 fnt\n|-unboost|p2a: Gholdengo|spa|1\n|faint|p1a: g2rald\n|\n|upkeep\n|\n|t:|1700610818\n|switch|p1a: randy moss|Roaring Moon|54\/100\n|-damage|p1a: randy moss|29\/100|[from] Spikes\n|-damage|p1a: randy moss|17\/100|[from] Stealth Rock\n|turn|29\n|\n|t:|1700610828\n|move|p1a: randy moss|Iron Head|p2a: Gholdengo\n|-resisted|p2a: Gholdengo\n|-damage|p2a: Gholdengo|27\/100\n|move|p2a: Gholdengo|Dazzling Gleam|p1a: randy moss\n|-supereffective|p1a: randy moss\n|-damage|p1a: randy moss|0 fnt\n|faint|p1a: randy moss\n|-end|p1a: randy moss|Protosynthesis|[silent]\n|\n|win|Nuttyr\n|c|\u2606Nuttyr|gg\n","uploadtime":1700610840,"views":5,"p1id":"rustygoomba","p2id":"nuttyr","formatid":"gen9ubers","rating":0,"private":0,"password":""}