{"id":"gen9ubers-1971664644","p1":"Sea_Anenome33","p2":"Bikey5600","format":"[Gen 9] Ubers","log":"|j|\u2606Sea_Anenome33\n|j|\u2606Bikey5600\n|t:|1697758746\n|gametype|singles\n|player|p1|Sea_Anenome33|102|\n|player|p2|Bikey5600|backpacker|\n|teamsize|p1|6\n|teamsize|p2|6\n|gen|9\n|tier|[Gen 9] Ubers\n|rule|Sleep Clause Mod: Limit one foe put to sleep\n|rule|Species Clause: Limit one of each Pok\u00e9mon\n|rule|OHKO Clause: OHKO moves are banned\n|rule|Evasion Items Clause: Evasion items are banned\n|rule|Evasion Moves Clause: Evasion moves are banned\n|rule|Endless Battle Clause: Forcing endless battles is banned\n|rule|HP Percentage Mod: HP is shown in percentages\n|clearpoke\n|poke|p1|Frosmoth, M|\n|poke|p1|Slither Wing|\n|poke|p1|Arceus-Bug|\n|poke|p1|Lokix, M|\n|poke|p1|Ribombee, M|\n|poke|p1|Forretress, F|\n|poke|p2|Rayquaza|\n|poke|p2|Clodsire, M|\n|poke|p2|Gliscor, M|\n|poke|p2|Chandelure, F|\n|poke|p2|Great Tusk|\n|poke|p2|Diancie|\n|teampreview\n|\n|t:|1697758758\n|start\n|switch|p1a: Forretress|Forretress, F|100\/100\n|switch|p2a: manny savage|Great Tusk|100\/100\n|turn|1\n|\n|t:|1697758766\n|move|p2a: manny savage|Fire Fang|p1a: Forretress\n|-supereffective|p1a: Forretress\n|-damage|p1a: Forretress|43\/100\n|move|p1a: Forretress|Substitute|p1a: Forretress\n|-start|p1a: Forretress|Substitute\n|-damage|p1a: Forretress|18\/100\n|\n|-heal|p1a: Forretress|24\/100|[from] item: Leftovers\n|upkeep\n|turn|2\n|\n|t:|1697758776\n|move|p2a: manny savage|Fire Fang|p1a: Forretress\n|-supereffective|p1a: Forretress\n|-end|p1a: Forretress|Substitute\n|move|p1a: Forretress|Spikes|p2a: manny savage\n|-sidestart|p2: Bikey5600|Spikes\n|\n|-heal|p1a: Forretress|30\/100|[from] item: Leftovers\n|upkeep\n|turn|3\n|\n|t:|1697758786\n|move|p2a: manny savage|Fire Fang|p1a: Forretress\n|-supereffective|p1a: Forretress\n|-damage|p1a: Forretress|0 fnt\n|faint|p1a: Forretress\n|\n|upkeep\n|\n|t:|1697758804\n|switch|p1a: Slither Wing|Slither Wing|100\/100\n|-enditem|p1a: Slither Wing|Booster Energy\n|-activate|p1a: Slither Wing|ability: Protosynthesis|[fromitem]\n|-start|p1a: Slither Wing|protosynthesisatk\n|turn|4\n|\n|t:|1697758844\n|-terastallize|p1a: Slither Wing|Flying\n|move|p2a: manny savage|Rapid Spin|p1a: Slither Wing\n|-damage|p1a: Slither Wing|83\/100\n|-boost|p2a: manny savage|spe|1\n|-sideend|p2: Bikey5600|Spikes|[from] move: Rapid Spin|[of] p2a: manny savage\n|move|p1a: Slither Wing|Close Combat|p2a: manny savage\n|-damage|p2a: manny savage|43\/100\n|-unboost|p1a: Slither Wing|def|1\n|-unboost|p1a: Slither Wing|spd|1\n|\n|upkeep\n|turn|5\n|\n|t:|1697758864\n|move|p2a: manny savage|Rock Slide|p1a: Slither Wing\n|-supereffective|p1a: Slither Wing\n|-damage|p1a: Slither Wing|0 fnt\n|faint|p1a: Slither Wing\n|-end|p1a: Slither Wing|Protosynthesis|[silent]\n|\n|upkeep\n|\n|t:|1697758880\n|switch|p1a: Lokix|Lokix, M|100\/100\n|turn|6\n|\n|t:|1697758892\n|move|p2a: manny savage|Stealth Rock|p1a: Lokix\n|-sidestart|p1: Sea_Anenome33|move: Stealth Rock\n|move|p1a: Lokix|Counter||[still]\n|-fail|p1a: Lokix\n|\n|upkeep\n|turn|7\n|\n|t:|1697758901\n|-end|p2a: manny savage|Protosynthesis|[silent]\n|switch|p2a: queen bink|Diancie|100\/100\n|move|p1a: Lokix|Knock Off|p2a: queen bink\n|-resisted|p2a: queen bink\n|-damage|p2a: queen bink|85\/100\n|-enditem|p2a: queen bink|Assault Vest|[from] move: Knock Off|[of] p1a: Lokix\n|\n|upkeep\n|turn|8\n|\n|t:|1697758916\n|move|p1a: Lokix|Brick Break|p2a: queen bink\n|-damage|p2a: queen bink|69\/100\n|move|p2a: queen bink|Diamond Storm|p1a: Lokix\n|-supereffective|p1a: Lokix\n|-damage|p1a: Lokix|0 fnt\n|faint|p1a: Lokix\n|\n|upkeep\n|\n|t:|1697758926\n|switch|p1a: Frosmoth|Frosmoth, M|100\/100\n|-damage|p1a: Frosmoth|51\/100|[from] Stealth Rock\n|turn|9\n|\n|t:|1697758932\n|move|p1a: Frosmoth|Defog|p2a: queen bink\n|-fail|p2a: queen bink|unboost|[from] ability: Clear Body|[of] p2a: queen bink\n|-sideend|p1: Sea_Anenome33|Stealth Rock|[from] move: Defog|[of] p1a: Frosmoth\n|move|p2a: queen bink|Diamond Storm|p1a: Frosmoth\n|-supereffective|p1a: Frosmoth\n|-damage|p1a: Frosmoth|0 fnt\n|-boost|p2a: queen bink|def|2\n|faint|p1a: Frosmoth\n|\n|upkeep\n|\n|t:|1697758941\n|switch|p1a: Ribombee|Ribombee, M|100\/100\n|turn|10\n|\n|t:|1697758944\n|move|p1a: Ribombee|Switcheroo|p2a: queen bink\n|-activate|p1a: Ribombee|move: Trick|[of] p2a: queen bink\n|-item|p2a: queen bink|Toxic Orb|[from] move: Switcheroo\n|-enditem|p1a: Ribombee|Toxic Orb|[silent]|[from] move: Switcheroo\n|move|p2a: queen bink|Diamond Storm|p1a: Ribombee\n|-supereffective|p1a: Ribombee\n|-damage|p1a: Ribombee|0 fnt\n|-boost|p2a: queen bink|def|2\n|faint|p1a: Ribombee\n|\n|-status|p2a: queen bink|tox|[from] item: Toxic Orb\n|upkeep\n|\n|t:|1697758953\n|switch|p1a: Arceus|Arceus-Bug|100\/100\n|turn|11\n|\n|t:|1697758969\n|move|p1a: Arceus|Aura Sphere|p2a: queen bink\n|-damage|p2a: queen bink|52\/100 tox\n|move|p2a: queen bink|Diamond Storm|p1a: Arceus\n|-supereffective|p1a: Arceus\n|-damage|p1a: Arceus|46\/100\n|-boost|p2a: queen bink|def|2\n|\n|-damage|p2a: queen bink|46\/100 tox|[from] psn\n|upkeep\n|turn|12\n|\n|t:|1697758980\n|move|p1a: Arceus|Chilling Water|p2a: queen bink\n|-supereffective|p2a: queen bink\n|-damage|p2a: queen bink|24\/100 tox\n|move|p2a: queen bink|Body Slam|p1a: Arceus\n|-damage|p1a: Arceus|28\/100\n|\n|-damage|p2a: queen bink|12\/100 tox|[from] psn\n|upkeep\n|turn|13\n|\n|t:|1697758996\n|move|p1a: Arceus|Bug Buzz|p2a: queen bink\n|-resisted|p2a: queen bink\n|-damage|p2a: queen bink|0 fnt\n|faint|p2a: queen bink\n|\n|upkeep\n|\n|t:|1697759012\n|switch|p2a: manny savage|Great Tusk|43\/100\n|turn|14\n|\n|t:|1697759018\n|move|p2a: manny savage|Fire Fang|p1a: Arceus\n|-supereffective|p1a: Arceus\n|-damage|p1a: Arceus|1\/100\n|move|p1a: Arceus|Chilling Water|p2a: manny savage\n|-supereffective|p2a: manny savage\n|-damage|p2a: manny savage|4\/100\n|-unboost|p2a: manny savage|atk|1\n|\n|upkeep\n|turn|15\n|\n|t:|1697759029\n|move|p2a: manny savage|Rapid Spin|p1a: Arceus\n|-damage|p1a: Arceus|0 fnt\n|-boost|p2a: manny savage|spe|1\n|faint|p1a: Arceus\n|\n|win|Bikey5600\n","uploadtime":1697759103,"views":7,"p1id":"seaanenome33","p2id":"bikey5600","formatid":"gen9ubers","rating":0,"private":0,"password":""}