{"id":"gen9ubers-1999846777","p1":"zorbb","p2":"Shrewstorm1","format":"[Gen 9] Ubers","log":"|j|\u2606zorbb\n|j|\u2606Shrewstorm1\n|t:|1701122295\n|gametype|singles\n|player|p1|zorbb|skierf|\n|player|p2|Shrewstorm1|101|\n|teamsize|p1|6\n|teamsize|p2|6\n|gen|9\n|tier|[Gen 9] Ubers\n|rule|Sleep Clause Mod: Limit one foe put to sleep\n|rule|Species Clause: Limit one of each Pok\u00e9mon\n|rule|OHKO Clause: OHKO moves are banned\n|rule|Evasion Items Clause: Evasion items are banned\n|rule|Evasion Moves Clause: Evasion moves are banned\n|rule|Endless Battle Clause: Forcing endless battles is banned\n|rule|HP Percentage Mod: HP is shown in percentages\n|clearpoke\n|poke|p1|Zamazenta-*|\n|poke|p1|Dragonite, M|\n|poke|p1|Kingambit, F|\n|poke|p1|Enamorus, F|\n|poke|p1|Cyclizar, M|\n|poke|p1|Armarouge, M|\n|poke|p2|Corviknight, M|\n|poke|p2|Zamazenta-*|\n|poke|p2|Dragapult, M|\n|poke|p2|Iron Moth|\n|poke|p2|Rillaboom, M|\n|poke|p2|Greninja-*, F|\n|teampreview\n|\n|t:|1701122317\n|start\n|switch|p1a: Cyclizar|Cyclizar, M|100\/100\n|switch|p2a: Greninja|Greninja, F|100\/100\n|turn|1\n|c|\u2606zorbb|im slower ow\n|\n|t:|1701122338\n|move|p2a: Greninja|Hydro Pump|p1a: Cyclizar\n|-start|p2a: Greninja|typechange|Water|[from] ability: Protean\n|-resisted|p1a: Cyclizar\n|-damage|p1a: Cyclizar|58\/100\n|move|p1a: Cyclizar|U-turn|p2a: Greninja\n|-damage|p2a: Greninja|69\/100\n|inactive|Battle timer is ON: inactive players will automatically lose when time's up. (requested by Shrewstorm1)\n|\n|t:|1701122365\n|switch|p1a: Zamazenta|Zamazenta|100\/100|[from] U-turn\n|-ability|p1a: Zamazenta|Dauntless Shield|boost\n|-boost|p1a: Zamazenta|def|1\n|\n|upkeep\n|turn|2\n|\n|t:|1701122376\n|move|p1a: Zamazenta|Close Combat|p2a: Greninja\n|-damage|p2a: Greninja|0 fnt\n|-unboost|p1a: Zamazenta|def|1\n|-unboost|p1a: Zamazenta|spd|1\n|faint|p2a: Greninja\n|\n|upkeep\n|\n|t:|1701122384\n|switch|p2a: Zamazenta|Zamazenta|100\/100\n|-ability|p2a: Zamazenta|Dauntless Shield|boost\n|-boost|p2a: Zamazenta|def|1\n|turn|3\n|c|\u2606zorbb|oh my god this is crunch body press iron def sub\n|c|\u2606zorbb|this is\n|c|\u2606zorbb|so sad\n|c|\u2606zorbb|i LOSE\n|\n|t:|1701122412\n|switch|p1a: Enamorus|Enamorus, F|100\/100\n|move|p2a: Zamazenta|Substitute|p2a: Zamazenta\n|-start|p2a: Zamazenta|Substitute\n|-damage|p2a: Zamazenta|75\/100\n|\n|-heal|p2a: Zamazenta|82\/100|[from] item: Leftovers\n|upkeep\n|turn|4\n|\n|t:|1701122424\n|move|p1a: Enamorus|Moonblast|p2a: Zamazenta\n|-supereffective|p2a: Zamazenta\n|-end|p2a: Zamazenta|Substitute\n|move|p2a: Zamazenta|Iron Defense|p2a: Zamazenta\n|-boost|p2a: Zamazenta|def|2\n|\n|-heal|p2a: Zamazenta|88\/100|[from] item: Leftovers\n|upkeep\n|turn|5\n|c|\u2606zorbb|LEAVE switch\n|inactive|zorbb has 270 seconds left.\n|\n|t:|1701122445\n|switch|p1a: Armarouge|Armarouge, M|100\/100\n|move|p2a: Zamazenta|Substitute|p2a: Zamazenta\n|-start|p2a: Zamazenta|Substitute\n|-damage|p2a: Zamazenta|63\/100\n|\n|-heal|p2a: Zamazenta|69\/100|[from] item: Leftovers\n|upkeep\n|turn|6\n|c|\u2606zorbb|why thatsd so mean\n|inactive|zorbb has 270 seconds left.\n|\n|t:|1701122456\n|move|p2a: Zamazenta|Crunch|p1a: Armarouge\n|-supereffective|p1a: Armarouge\n|-damage|p1a: Armarouge|57\/100\n|-unboost|p1a: Armarouge|def|1\n|-ability|p1a: Armarouge|Weak Armor|boost\n|-unboost|p1a: Armarouge|def|1\n|-boost|p1a: Armarouge|spe|2\n|-enditem|p1a: Armarouge|Weakness Policy\n|-boost|p1a: Armarouge|atk|2|[from] item: Weakness Policy\n|-boost|p1a: Armarouge|spa|2|[from] item: Weakness Policy\n|move|p1a: Armarouge|Iron Defense|p1a: Armarouge\n|-boost|p1a: Armarouge|def|2\n|\n|-heal|p2a: Zamazenta|75\/100|[from] item: Leftovers\n|upkeep\n|turn|7\n|\n|t:|1701122470\n|move|p1a: Armarouge|Stored Power|p2a: Zamazenta\n|-supereffective|p2a: Zamazenta\n|-end|p2a: Zamazenta|Substitute\n|move|p2a: Zamazenta|Crunch|p1a: Armarouge\n|-supereffective|p1a: Armarouge\n|-damage|p1a: Armarouge|6\/100\n|-ability|p1a: Armarouge|Weak Armor|boost\n|-unboost|p1a: Armarouge|def|1\n|-boost|p1a: Armarouge|spe|2\n|\n|-heal|p2a: Zamazenta|81\/100|[from] item: Leftovers\n|upkeep\n|turn|8\n|c|\u2606zorbb|this omega kills\n|inactive|zorbb has 270 seconds left.\n|c|\u2606zorbb|180 base power stab\n|c|\u2606zorbb|o\n|\n|t:|1701122490\n|move|p1a: Armarouge|Armor Cannon|p2a: Zamazenta\n|-damage|p2a: Zamazenta|0 fnt\n|-unboost|p1a: Armarouge|def|1\n|-unboost|p1a: Armarouge|spd|1\n|faint|p2a: Zamazenta\n|\n|upkeep\n|\n|t:|1701122494\n|switch|p2a: Dragapult|Dragapult, M|100\/100\n|turn|9\n|\n|t:|1701122506\n|move|p1a: Armarouge|Stored Power|p2a: Dragapult\n|-damage|p2a: Dragapult|0 fnt\n|faint|p2a: Dragapult\n|\n|upkeep\n|c|\u2606Shrewstorm1|How are you faster\n|c|\u2606zorbb|weak armor\n|c|\u2606zorbb|im 3x speed\n|\n|t:|1701122531\n|switch|p2a: Corviknight|Corviknight, M|100\/100\n|-ability|p2a: Corviknight|Pressure\n|turn|10\n|\n|t:|1701122542\n|-terastallize|p2a: Corviknight|Flying\n|move|p1a: Armarouge|Armor Cannon|p2a: Corviknight\n|-damage|p2a: Corviknight|0 fnt\n|-unboost|p1a: Armarouge|def|1\n|-unboost|p1a: Armarouge|spd|1\n|faint|p2a: Corviknight\n|\n|upkeep\n|c|\u2606zorbb|rillaboom has grassy glide\n|c|\u2606zorbb|whyy\n|inactive|Shrewstorm1 has 270 seconds left.\n|c|\u2606Shrewstorm1|You will just kill me\n|\n|t:|1701122557\n|switch|p2a: Rillaboom|Rillaboom, M|100\/100\n|-fieldstart|move: Grassy Terrain|[from] ability: Grassy Surge|[of] p2a: Rillaboom\n|turn|11\n|c|\u2606zorbb|you have priority\n|\n|t:|1701122562\n|move|p2a: Rillaboom|Grassy Glide|p1a: Armarouge\n|-resisted|p1a: Armarouge\n|-damage|p1a: Armarouge|0 fnt\n|faint|p1a: Armarouge\n|\n|upkeep\n|c|\u2606Shrewstorm1|Bro. I don\u2019t use rillaboom\n|c|\u2606Shrewstorm1|id k bro\n|c|\u2606Shrewstorm1|I thought rillaboom sucked\n|c|\u2606zorbb|oh\n|inactive|zorbb has 270 seconds left.\n|\n|t:|1701122600\n|switch|p1a: Cyclizar|Cyclizar, M|91\/100\n|turn|12\n|inactive|zorbb has 270 seconds left.\n|c|\u2606Shrewstorm1|When I picked it as my starter in swsh everyone said it was bad I guess that was a\n|c|\u2606Shrewstorm1|lie\n|c|\u2606Shrewstorm1|or it change\n|inactive|Shrewstorm1 has 270 seconds left.\n|\n|t:|1701122626\n|move|p1a: Cyclizar|U-turn|p2a: Rillaboom\n|-supereffective|p2a: Rillaboom\n|-damage|p2a: Rillaboom|63\/100\n|c|\u2606zorbb|its really good with its hidden ability\n|inactive|zorbb has 270 seconds left.\n|\n|t:|1701122633\n|switch|p1a: Enamorus|Enamorus, F|100\/100|[from] U-turn\n|move|p2a: Rillaboom|Drain Punch|p1a: Enamorus\n|-resisted|p1a: Enamorus\n|-damage|p1a: Enamorus|93\/100\n|-heal|p2a: Rillaboom|66\/100|[from] drain|[of] p1a: Enamorus\n|\n|-heal|p2a: Rillaboom|72\/100|[from] Grassy Terrain\n|upkeep\n|turn|13\n|\n|t:|1701122641\n|switch|p1a: Cyclizar|Cyclizar, M|100\/100\n|switch|p2a: Iron Moth|Iron Moth|100\/100\n|-enditem|p2a: Iron Moth|Booster Energy\n|-activate|p2a: Iron Moth|ability: Quark Drive|[fromitem]\n|-start|p2a: Iron Moth|quarkdrivespe\n|\n|upkeep\n|turn|14\n|\n|t:|1701122653\n|move|p2a: Iron Moth|Sludge Wave|p1a: Cyclizar\n|-damage|p1a: Cyclizar|14\/100\n|move|p1a: Cyclizar|Rapid Spin|p2a: Iron Moth\n|-damage|p2a: Iron Moth|69\/100\n|-boost|p1a: Cyclizar|spe|1\n|\n|-heal|p1a: Cyclizar|20\/100|[from] Grassy Terrain\n|-heal|p2a: Iron Moth|75\/100|[from] Grassy Terrain\n|upkeep\n|turn|15\n|\n|t:|1701122661\n|move|p1a: Cyclizar|Rapid Spin|p2a: Iron Moth\n|-damage|p2a: Iron Moth|47\/100\n|-boost|p1a: Cyclizar|spe|1\n|move|p2a: Iron Moth|Sludge Wave|p1a: Cyclizar\n|-crit|p1a: Cyclizar\n|-damage|p1a: Cyclizar|0 fnt\n|faint|p1a: Cyclizar\n|\n|-heal|p2a: Iron Moth|53\/100|[from] Grassy Terrain\n|-fieldend|move: Grassy Terrain\n|upkeep\n|\n|t:|1701122673\n|switch|p1a: Dragonite|Dragonite, M|100\/100\n|turn|16\n|c|\u2606zorbb|im dragonite\n|c|\u2606zorbb|i kill\n|c|\u2606zorbb|i hope\n|\n|t:|1701122680\n|-terastallize|p1a: Dragonite|Normal\n|move|p1a: Dragonite|Extreme Speed|p2a: Iron Moth\n|-damage|p2a: Iron Moth|0 fnt\n|faint|p2a: Iron Moth\n|-end|p2a: Iron Moth|Quark Drive|[silent]\n|\n|upkeep\n|c|\u2606zorbb|i think\n|\n|t:|1701122684\n|switch|p2a: Rillaboom|Rillaboom, M|72\/100\n|-fieldstart|move: Grassy Terrain|[from] ability: Grassy Surge|[of] p2a: Rillaboom\n|turn|17\n|\n|t:|1701122692\n|move|p1a: Dragonite|Extreme Speed|p2a: Rillaboom\n|-damage|p2a: Rillaboom|31\/100\n|move|p2a: Rillaboom|Drain Punch|p1a: Dragonite\n|-supereffective|p1a: Dragonite\n|-damage|p1a: Dragonite|78\/100\n|-heal|p2a: Rillaboom|41\/100|[from] drain|[of] p1a: Dragonite\n|\n|-heal|p1a: Dragonite|84\/100|[from] Grassy Terrain\n|-heal|p2a: Rillaboom|47\/100|[from] Grassy Terrain\n|upkeep\n|turn|18\n|c|\u2606Shrewstorm1|I thought that would do more\n|c|\u2606Shrewstorm1|noooo\n|\n|t:|1701122707\n|switch|p1a: Enamorus|Enamorus, F|93\/100\n|move|p2a: Rillaboom|Grassy Glide|p1a: Enamorus\n|-resisted|p1a: Enamorus\n|-damage|p1a: Enamorus|68\/100\n|-start|p2a: Rillaboom|Attract|[from] ability: Cute Charm|[of] p1a: Enamorus\n|\n|-heal|p2a: Rillaboom|53\/100|[from] Grassy Terrain\n|upkeep\n|turn|19\n|c|\u2606zorbb|multiscale\n|\n|t:|1701122718\n|move|p1a: Enamorus|Moonblast|p2a: Rillaboom\n|-damage|p2a: Rillaboom|27\/100\n|-activate|p2a: Rillaboom|move: Attract|[of] p1a: Enamorus\n|cant|p2a: Rillaboom|Attract\n|\n|-heal|p2a: Rillaboom|33\/100|[from] Grassy Terrain\n|upkeep\n|turn|20\n|c|\u2606zorbb|hes in love!!!!!!!!!!\n|c|\u2606Shrewstorm1|Good for him\n|c|\u2606Shrewstorm1|but now he\u2019s dead\n|c|\u2606zorbb|yes\n|inactive|Shrewstorm1 has 270 seconds left.\n|\n|t:|1701122744\n|-activate|p2a: Rillaboom|move: Attract|[of] p1a: Enamorus\n|move|p2a: Rillaboom|Grassy Glide|p1a: Enamorus\n|-resisted|p1a: Enamorus\n|-damage|p1a: Enamorus|43\/100\n|move|p1a: Enamorus|Moonblast|p2a: Rillaboom\n|-damage|p2a: Rillaboom|9\/100\n|\n|-heal|p2a: Rillaboom|15\/100|[from] Grassy Terrain\n|upkeep\n|turn|21\n|c|\u2606zorbb|:(\n|\n|t:|1701122753\n|-activate|p2a: Rillaboom|move: Attract|[of] p1a: Enamorus\n|move|p2a: Rillaboom|Grassy Glide|p1a: Enamorus\n|-resisted|p1a: Enamorus\n|-damage|p1a: Enamorus|19\/100\n|move|p1a: Enamorus|Moonblast|p2a: Rillaboom\n|-damage|p2a: Rillaboom|0 fnt\n|faint|p2a: Rillaboom\n|\n|win|zorbb\n|c|\u2606zorbb|gg\n","uploadtime":1701122758,"views":2,"p1id":"zorbb","p2id":"shrewstorm1","formatid":"gen9ubers","rating":0,"private":0,"password":""}