{"id":"gen9ubers-1977887296","p1":"PinkScourge","p2":"TubeKnight","format":"[Gen 9] Ubers","log":"|j|\u2606PinkScourge\n|j|\u2606TubeKnight\n|t:|1698461972\n|gametype|singles\n|player|p1|PinkScourge|bede-leader|\n|player|p2|TubeKnight|169|\n|teamsize|p1|6\n|teamsize|p2|6\n|gen|9\n|tier|[Gen 9] Ubers\n|rule|Sleep Clause Mod: Limit one foe put to sleep\n|rule|Species Clause: Limit one of each Pok\u00e9mon\n|rule|OHKO Clause: OHKO moves are banned\n|rule|Evasion Items Clause: Evasion items are banned\n|rule|Evasion Moves Clause: Evasion moves are banned\n|rule|Endless Battle Clause: Forcing endless battles is banned\n|rule|HP Percentage Mod: HP is shown in percentages\n|clearpoke\n|poke|p1|Indeedee-F, F|\n|poke|p1|Hatterene, F|\n|poke|p1|Palkia|\n|poke|p1|Alomomola, F|\n|poke|p1|Ursaluna, M|\n|poke|p1|Slowking-Galar, F|\n|poke|p2|Shaymin-Sky|\n|poke|p2|Blissey, F|\n|poke|p2|Gliscor, F|\n|poke|p2|Dondozo, F|\n|poke|p2|Giratina|\n|poke|p2|Zacian-*|\n|teampreview\n|inactive|Battle timer is ON: inactive players will automatically lose when time's up. (requested by PinkScourge)\n|c|\u2606TubeKnight|glhf\n|c|\u2606PinkScourge|GL HF\n|inactive|TubeKnight has 270 seconds left.\n|\n|t:|1698462007\n|start\n|switch|p1a: Slowking|Slowking-Galar, F|100\/100\n|switch|p2a: Gliscor|Gliscor, F, shiny|100\/100\n|turn|1\n|\n|t:|1698462018\n|switch|p1a: Alomomola|Alomomola, F|100\/100\n|move|p2a: Gliscor|Spikes|p1a: Alomomola\n|-sidestart|p1: PinkScourge|Spikes\n|\n|-status|p2a: Gliscor|tox|[from] item: Toxic Orb\n|upkeep\n|turn|2\n|\n|t:|1698462024\n|move|p2a: Gliscor|U-turn|p1a: Alomomola\n|-damage|p1a: Alomomola|91\/100\n|-damage|p2a: Gliscor|84\/100 tox|[from] item: Rocky Helmet|[of] p1a: Alomomola\n|\n|t:|1698462049\n|switch|p2a: Shaymin|Shaymin-Sky, shiny|100\/100|[from] U-turn\n|move|p1a: Alomomola|Flip Turn|p2a: Shaymin\n|-resisted|p2a: Shaymin\n|-damage|p2a: Shaymin|91\/100\n|\n|t:|1698462054\n|switch|p1a: Slowking|Slowking-Galar, F|100\/100|[from] Flip Turn\n|\n|upkeep\n|turn|3\n|\n|t:|1698462062\n|switch|p2a: Gliscor|Gliscor, F, shiny|84\/100 tox\n|move|p1a: Slowking|Future Sight|p2a: Gliscor\n|-start|p1a: Slowking|move: Future Sight\n|\n|-heal|p2a: Gliscor|96\/100 tox|[from] ability: Poison Heal\n|upkeep\n|turn|4\n|\n|t:|1698462067\n|switch|p1a: Hatterene|Hatterene, F|100\/100\n|-damage|p1a: Hatterene|88\/100|[from] Spikes\n|move|p2a: Gliscor|Knock Off|p1a: Hatterene\n|-damage|p1a: Hatterene|71\/100\n|-enditem|p1a: Hatterene|Leftovers|[from] move: Knock Off|[of] p2a: Gliscor\n|\n|-heal|p2a: Gliscor|100\/100 tox|[from] ability: Poison Heal\n|upkeep\n|turn|5\n|\n|t:|1698462076\n|move|p2a: Gliscor|U-turn|p1a: Hatterene\n|-damage|p1a: Hatterene|59\/100\n|\n|t:|1698462093\n|switch|p2a: Blissey|Blissey, F, shiny|100\/100|[from] U-turn\n|move|p1a: Hatterene|Calm Mind|p1a: Hatterene\n|-boost|p1a: Hatterene|spa|1\n|-boost|p1a: Hatterene|spd|1\n|\n|-end|p2a: Blissey|move: Future Sight\n|-damage|p2a: Blissey|84\/100\n|upkeep\n|turn|6\n|\n|t:|1698462100\n|move|p2a: Blissey|Seismic Toss|p1a: Hatterene\n|-damage|p1a: Hatterene|27\/100\n|move|p1a: Hatterene|Draining Kiss|p2a: Blissey\n|-damage|p2a: Blissey|71\/100\n|-heal|p1a: Hatterene|50\/100|[from] drain|[of] p2a: Blissey\n|\n|upkeep\n|turn|7\n|\n|t:|1698462107\n|move|p2a: Blissey|Seismic Toss|p1a: Hatterene\n|-damage|p1a: Hatterene|18\/100\n|move|p1a: Hatterene|Psyshock|p2a: Blissey\n|-damage|p2a: Blissey|28\/100\n|\n|upkeep\n|turn|8\n|\n|t:|1698462115\n|switch|p1a: Alomomola|Alomomola, F|100\/100\n|-damage|p1a: Alomomola|88\/100|[from] Spikes\n|move|p2a: Blissey|Seismic Toss|p1a: Alomomola\n|-damage|p1a: Alomomola|67\/100\n|-damage|p2a: Blissey|11\/100|[from] item: Rocky Helmet|[of] p1a: Alomomola\n|\n|upkeep\n|turn|9\n|\n|t:|1698462121\n|move|p2a: Blissey|Soft-Boiled|p2a: Blissey\n|-heal|p2a: Blissey|61\/100\n|move|p1a: Alomomola|Wish|p1a: Alomomola\n|\n|upkeep\n|turn|10\n|\n|t:|1698462123\n|move|p2a: Blissey|Soft-Boiled|p2a: Blissey\n|-heal|p2a: Blissey|100\/100\n|move|p1a: Alomomola|Flip Turn|p2a: Blissey\n|-damage|p2a: Blissey|85\/100\n|\n|t:|1698462126\n|switch|p1a: Hatterene|Hatterene, F|18\/100|[from] Flip Turn\n|-damage|p1a: Hatterene|6\/100|[from] Spikes\n|\n|-heal|p1a: Hatterene|82\/100|[from] move: Wish|[wisher] Alomomola\n|upkeep\n|turn|11\n|inactive|TubeKnight has 270 seconds left.\n|inactive|TubeKnight has 240 seconds left.\n|\n|t:|1698462189\n|switch|p1a: Indeedee|Indeedee-F, F|100\/100\n|-damage|p1a: Indeedee|88\/100|[from] Spikes\n|-fieldstart|move: Psychic Terrain|[from] ability: Psychic Surge|[of] p1a: Indeedee\n|move|p2a: Blissey|Seismic Toss|p1a: Indeedee\n|-damage|p1a: Indeedee|59\/100\n|\n|upkeep\n|turn|12\n|\n|t:|1698462197\n|move|p2a: Blissey|Stealth Rock|p1a: Indeedee\n|-sidestart|p1: PinkScourge|move: Stealth Rock\n|move|p1a: Indeedee|Trick Room|p1a: Indeedee\n|-fieldstart|move: Trick Room|[of] p1a: Indeedee\n|\n|upkeep\n|turn|13\n|inactive|TubeKnight has 240 seconds left.\n|\n|t:|1698462224\n|switch|p2a: Giratina|Giratina, shiny|100\/100\n|-ability|p2a: Giratina|Pressure\n|switch|p1a: Slowking|Slowking-Galar, F|100\/100\n|\n|upkeep\n|turn|14\n|\n|t:|1698462228\n|move|p1a: Slowking|Future Sight|p2a: Giratina\n|-start|p1a: Slowking|move: Future Sight\n|move|p2a: Giratina|Roar|p1a: Slowking\n|drag|p1a: Alomomola|Alomomola, F|100\/100\n|-damage|p1a: Alomomola|88\/100|[from] Spikes\n|-damage|p1a: Alomomola|76\/100|[from] Stealth Rock\n|\n|upkeep\n|turn|15\n|inactive|TubeKnight has 240 seconds left.\n|\n|t:|1698462257\n|move|p1a: Alomomola|Wish|p1a: Alomomola\n|move|p2a: Giratina|Will-O-Wisp|p1a: Alomomola\n|-status|p1a: Alomomola|brn\n|\n|-damage|p1a: Alomomola|69\/100 brn|[from] brn\n|upkeep\n|turn|16\n|\n|t:|1698462264\n|move|p1a: Alomomola|Flip Turn|p2a: Giratina\n|-resisted|p2a: Giratina\n|-damage|p2a: Giratina|98\/100\n|\n|t:|1698462270\n|switch|p1a: Slowking|Slowking-Galar, F|100\/100|[from] Flip Turn\n|move|p2a: Giratina|Hex|p1a: Slowking\n|-supereffective|p1a: Slowking\n|-damage|p1a: Slowking|73\/100\n|\n|-end|p2a: Giratina|move: Future Sight\n|-damage|p2a: Giratina|72\/100\n|-heal|p1a: Slowking|100\/100|[from] move: Wish|[wisher] Alomomola\n|-fieldend|move: Trick Room\n|upkeep\n|turn|17\n|\n|t:|1698462278\n|move|p1a: Slowking|Future Sight|p2a: Giratina\n|-start|p1a: Slowking|move: Future Sight\n|move|p2a: Giratina|Roar|p1a: Slowking\n|drag|p1a: Palkia|Palkia|100\/100\n|-damage|p1a: Palkia|88\/100|[from] Spikes\n|-damage|p1a: Palkia|75\/100|[from] Stealth Rock\n|-ability|p1a: Palkia|Pressure\n|\n|upkeep\n|turn|18\n|\n|t:|1698462286\n|switch|p2a: Blissey|Blissey, F, shiny|85\/100\n|move|p1a: Palkia|Spacial Rend|p2a: Blissey\n|-damage|p2a: Blissey|59\/100\n|\n|-fieldend|move: Psychic Terrain\n|upkeep\n|turn|19\n|\n|t:|1698462300\n|switch|p1a: Slowking|Slowking-Galar, F|100\/100\n|move|p2a: Blissey|Thunder Wave|p1a: Slowking\n|-status|p1a: Slowking|par\n|\n|-end|p2a: Blissey|move: Future Sight\n|-damage|p2a: Blissey|42\/100\n|upkeep\n|turn|20\n|\n|t:|1698462307\n|move|p2a: Blissey|Soft-Boiled|p2a: Blissey\n|-heal|p2a: Blissey|92\/100\n|move|p1a: Slowking|Future Sight|p2a: Blissey\n|-start|p1a: Slowking|move: Future Sight\n|\n|upkeep\n|turn|21\n|\n|t:|1698462312\n|move|p2a: Blissey|Seismic Toss|p1a: Slowking\n|-damage|p1a: Slowking|75\/100 par\n|cant|p1a: Slowking|par\n|\n|upkeep\n|turn|22\n|\n|t:|1698462320\n|switch|p2a: Gliscor|Gliscor, F, shiny|100\/100 tox\n|move|p1a: Slowking|Chilly Reception|p1a: Slowking\n|-weather|Snow\n|\n|t:|1698462328\n|switch|p1a: Hatterene|Hatterene, F|82\/100|[from] Chilly Reception\n|-damage|p1a: Hatterene|69\/100|[from] Spikes\n|-damage|p1a: Hatterene|57\/100|[from] Stealth Rock\n|\n|-weather|Snow|[upkeep]\n|-end|p2a: Gliscor|move: Future Sight\n|-damage|p2a: Gliscor|38\/100 tox\n|-heal|p2a: Gliscor|51\/100 tox|[from] ability: Poison Heal\n|upkeep\n|turn|23\n|\n|t:|1698462342\n|move|p2a: Gliscor|Knock Off|p1a: Hatterene\n|-damage|p1a: Hatterene|46\/100\n|move|p1a: Hatterene|Calm Mind|p1a: Hatterene\n|-boost|p1a: Hatterene|spa|1\n|-boost|p1a: Hatterene|spd|1\n|\n|-weather|Snow|[upkeep]\n|-heal|p2a: Gliscor|63\/100 tox|[from] ability: Poison Heal\n|upkeep\n|turn|24\n|\n|t:|1698462347\n|move|p2a: Gliscor|U-turn|p1a: Hatterene\n|-damage|p1a: Hatterene|33\/100\n|\n|t:|1698462352\n|switch|p2a: Shaymin|Shaymin-Sky, shiny|91\/100|[from] U-turn\n|move|p1a: Hatterene|Draining Kiss|p2a: Shaymin\n|-damage|p2a: Shaymin|45\/100\n|-heal|p1a: Hatterene|70\/100|[from] drain|[of] p2a: Shaymin\n|\n|-weather|Snow|[upkeep]\n|upkeep\n|turn|25\n|\n|t:|1698462359\n|-terastallize|p2a: Shaymin|Fairy\n|move|p2a: Shaymin|Leech Seed|p1a: Hatterene\n|move|p1a: Hatterene|Leech Seed|p2a: Shaymin|[from]ability: Magic Bounce\n|-start|p2a: Shaymin|move: Leech Seed\n|move|p1a: Hatterene|Draining Kiss|p2a: Shaymin\n|-damage|p2a: Shaymin|0 fnt\n|-heal|p1a: Hatterene|100\/100|[from] drain|[of] p2a: Shaymin\n|faint|p2a: Shaymin\n|\n|-weather|Snow|[upkeep]\n|upkeep\n|c|\u2606TubeKnight|oops\n|inactive|TubeKnight has 270 seconds left.\n|\n|t:|1698462395\n|switch|p2a: Zacian|Zacian, shiny|100\/100\n|-ability|p2a: Zacian|Intrepid Sword|boost\n|-boost|p2a: Zacian|atk|1\n|turn|26\n|\n|t:|1698462401\n|move|p2a: Zacian|Play Rough|p1a: Hatterene\n|-damage|p1a: Hatterene|50\/100\n|move|p1a: Hatterene|Psyshock|p2a: Zacian\n|-damage|p2a: Zacian|50\/100\n|\n|-weather|none\n|upkeep\n|turn|27\n|\n|t:|1698462408\n|move|p2a: Zacian|Play Rough|p1a: Hatterene\n|-damage|p1a: Hatterene|0 fnt\n|faint|p1a: Hatterene\n|\n|upkeep\n|\n|t:|1698462417\n|switch|p1a: Slowking|Slowking-Galar, F|100\/100 par\n|turn|28\n|\n|t:|1698462432\n|switch|p2a: Gliscor|Gliscor, F, shiny|63\/100 tox\n|move|p1a: Slowking|Sludge Bomb|p2a: Gliscor\n|-resisted|p2a: Gliscor\n|-damage|p2a: Gliscor|43\/100 tox\n|\n|-heal|p2a: Gliscor|55\/100 tox|[from] ability: Poison Heal\n|upkeep\n|turn|29\n|\n|t:|1698462437\n|move|p2a: Gliscor|Spikes|p1a: Slowking\n|-sidestart|p1: PinkScourge|Spikes\n|move|p1a: Slowking|Future Sight|p2a: Gliscor\n|-start|p1a: Slowking|move: Future Sight\n|\n|-heal|p2a: Gliscor|68\/100 tox|[from] ability: Poison Heal\n|upkeep\n|turn|30\n|\n|t:|1698462442\n|move|p2a: Gliscor|Spikes|p1a: Slowking\n|-sidestart|p1: PinkScourge|Spikes\n|move|p1a: Slowking|Chilly Reception|p1a: Slowking\n|-weather|Snow\n|\n|t:|1698462446\n|switch|p1a: Indeedee|Indeedee-F, F|59\/100|[from] Chilly Reception\n|-damage|p1a: Indeedee|34\/100|[from] Spikes\n|-damage|p1a: Indeedee|21\/100|[from] Stealth Rock\n|-fieldstart|move: Psychic Terrain|[from] ability: Psychic Surge|[of] p1a: Indeedee\n|\n|-weather|Snow|[upkeep]\n|-heal|p2a: Gliscor|80\/100 tox|[from] ability: Poison Heal\n|upkeep\n|turn|31\n|\n|t:|1698462454\n|move|p2a: Gliscor|Knock Off|p1a: Indeedee\n|-supereffective|p1a: Indeedee\n|-damage|p1a: Indeedee|0 fnt\n|-enditem|p1a: Indeedee|Terrain Extender|[from] move: Knock Off|[of] p2a: Gliscor\n|faint|p1a: Indeedee\n|\n|-weather|Snow|[upkeep]\n|-end|p2a: Gliscor|move: Future Sight\n|-damage|p2a: Gliscor|11\/100 tox\n|-heal|p2a: Gliscor|23\/100 tox|[from] ability: Poison Heal\n|upkeep\n|\n|t:|1698462467\n|switch|p1a: Ursaluna|Ursaluna, M|100\/100\n|-damage|p1a: Ursaluna|75\/100|[from] Spikes\n|-damage|p1a: Ursaluna|69\/100|[from] Stealth Rock\n|turn|32\n|\n|t:|1698462474\n|move|p2a: Gliscor|Toxic|p1a: Ursaluna\n|-status|p1a: Ursaluna|tox\n|move|p1a: Ursaluna|Swords Dance|p1a: Ursaluna\n|-boost|p1a: Ursaluna|atk|2\n|\n|-weather|Snow|[upkeep]\n|-heal|p2a: Gliscor|36\/100 tox|[from] ability: Poison Heal\n|-damage|p1a: Ursaluna|63\/100 tox|[from] psn\n|upkeep\n|turn|33\n|\n|t:|1698462479\n|move|p2a: Gliscor|U-turn|p1a: Ursaluna\n|-damage|p1a: Ursaluna|52\/100 tox\n|\n|t:|1698462481\n|switch|p2a: Dondozo|Dondozo, F, shiny|100\/100|[from] U-turn\n|move|p1a: Ursaluna|Headlong Rush|p2a: Dondozo\n|-damage|p2a: Dondozo|55\/100\n|-unboost|p1a: Ursaluna|def|1\n|-unboost|p1a: Ursaluna|spd|1\n|-damage|p1a: Ursaluna|35\/100 tox|[from] item: Rocky Helmet|[of] p2a: Dondozo\n|\n|-weather|Snow|[upkeep]\n|-damage|p1a: Ursaluna|22\/100 tox|[from] psn\n|upkeep\n|turn|34\n|\n|t:|1698462487\n|switch|p2a: Gliscor|Gliscor, F, shiny|36\/100 tox\n|move|p1a: Ursaluna|Facade|p2a: Gliscor\n|-damage|p2a: Gliscor|0 fnt\n|faint|p2a: Gliscor\n|\n|-weather|none\n|-damage|p1a: Ursaluna|4\/100 tox|[from] psn\n|upkeep\n|\n|t:|1698462499\n|switch|p2a: Zacian|Zacian, shiny|50\/100\n|turn|35\n|\n|t:|1698462502\n|move|p2a: Zacian|Psychic Fangs|p1a: Ursaluna\n|-damage|p1a: Ursaluna|0 fnt\n|faint|p1a: Ursaluna\n|\n|upkeep\n|\n|t:|1698462514\n|switch|p1a: Slowking|Slowking-Galar, F|100\/100 par\n|turn|36\n|\n|t:|1698462531\n|switch|p2a: Blissey|Blissey, F, shiny|92\/100\n|move|p1a: Slowking|Future Sight|p2a: Blissey\n|-start|p1a: Slowking|move: Future Sight\n|\n|upkeep\n|turn|37\n|\n|t:|1698462537\n|move|p2a: Blissey|Seismic Toss|p1a: Slowking\n|-damage|p1a: Slowking|75\/100 par\n|move|p1a: Slowking|Chilly Reception|p1a: Slowking\n|-weather|Snow\n|\n|t:|1698462542\n|switch|p1a: Alomomola|Alomomola, F|100\/100 brn|[from] Chilly Reception\n|-damage|p1a: Alomomola|76\/100 brn|[from] Spikes\n|-damage|p1a: Alomomola|63\/100 brn|[from] Stealth Rock\n|\n|-weather|Snow|[upkeep]\n|-damage|p1a: Alomomola|57\/100 brn|[from] brn\n|-fieldend|move: Psychic Terrain\n|upkeep\n|turn|38\n|\n|t:|1698462548\n|move|p2a: Blissey|Seismic Toss|p1a: Alomomola\n|-damage|p1a: Alomomola|36\/100 brn\n|-damage|p2a: Blissey|75\/100|[from] item: Rocky Helmet|[of] p1a: Alomomola\n|move|p1a: Alomomola|Wish|p1a: Alomomola\n|\n|-weather|Snow|[upkeep]\n|-end|p2a: Blissey|move: Future Sight\n|-damage|p2a: Blissey|57\/100\n|-damage|p1a: Alomomola|30\/100 brn|[from] brn\n|upkeep\n|turn|39\n|\n|t:|1698462554\n|move|p2a: Blissey|Soft-Boiled|p2a: Blissey\n|-heal|p2a: Blissey|100\/100\n|move|p1a: Alomomola|Flip Turn|p2a: Blissey\n|-damage|p2a: Blissey|93\/100\n|\n|t:|1698462559\n|switch|p1a: Palkia|Palkia|75\/100|[from] Flip Turn\n|-damage|p1a: Palkia|50\/100|[from] Spikes\n|-damage|p1a: Palkia|38\/100|[from] Stealth Rock\n|-ability|p1a: Palkia|Pressure\n|\n|-weather|Snow|[upkeep]\n|-heal|p1a: Palkia|100\/100|[from] move: Wish|[wisher] Alomomola\n|upkeep\n|turn|40\n|\n|t:|1698462576\n|switch|p1a: Slowking|Slowking-Galar, F|100\/100 par\n|move|p2a: Blissey|Thunder Wave|p1a: Slowking\n|-fail|p1a: Slowking|par\n|\n|-weather|Snow|[upkeep]\n|upkeep\n|turn|41\n|\n|t:|1698462582\n|move|p2a: Blissey|Seismic Toss|p1a: Slowking\n|-damage|p1a: Slowking|75\/100 par\n|move|p1a: Slowking|Future Sight|p2a: Blissey\n|-start|p1a: Slowking|move: Future Sight\n|\n|-weather|none\n|upkeep\n|turn|42\n|\n|t:|1698462599\n|move|p2a: Blissey|Seismic Toss|p1a: Slowking\n|-damage|p1a: Slowking|50\/100 par\n|move|p1a: Slowking|Sludge Bomb|p2a: Blissey\n|-damage|p2a: Blissey|79\/100\n|\n|upkeep\n|turn|43\n|\n|t:|1698462605\n|move|p2a: Blissey|Seismic Toss|p1a: Slowking\n|-damage|p1a: Slowking|24\/100 par\n|move|p1a: Slowking|Chilly Reception|p1a: Slowking\n|-weather|Snow\n|\n|t:|1698462610\n|switch|p1a: Alomomola|Alomomola, F|63\/100 brn|[from] Chilly Reception\n|-damage|p1a: Alomomola|38\/100 brn|[from] Spikes\n|-damage|p1a: Alomomola|26\/100 brn|[from] Stealth Rock\n|\n|-weather|Snow|[upkeep]\n|-end|p2a: Blissey|move: Future Sight\n|-damage|p2a: Blissey|62\/100\n|-damage|p1a: Alomomola|19\/100 brn|[from] brn\n|upkeep\n|turn|44\n|\n|t:|1698462617\n|switch|p1a: Slowking|Slowking-Galar, F|58\/100 par\n|move|p2a: Blissey|Seismic Toss|p1a: Slowking\n|-damage|p1a: Slowking|32\/100 par\n|\n|-weather|Snow|[upkeep]\n|upkeep\n|turn|45\n|\n|t:|1698462626\n|move|p2a: Blissey|Seismic Toss|p1a: Slowking\n|-damage|p1a: Slowking|7\/100 par\n|cant|p1a: Slowking|par\n|\n|-weather|Snow|[upkeep]\n|upkeep\n|turn|46\n|\n|t:|1698462631\n|move|p2a: Blissey|Seismic Toss|p1a: Slowking\n|-damage|p1a: Slowking|0 fnt\n|faint|p1a: Slowking\n|\n|-weather|Snow|[upkeep]\n|upkeep\n|\n|t:|1698462637\n|switch|p1a: Palkia|Palkia|100\/100\n|-damage|p1a: Palkia|75\/100|[from] Spikes\n|-damage|p1a: Palkia|63\/100|[from] Stealth Rock\n|-ability|p1a: Palkia|Pressure\n|turn|47\n|\n|t:|1698462641\n|move|p2a: Blissey|Soft-Boiled|p2a: Blissey\n|-heal|p2a: Blissey|100\/100\n|move|p1a: Palkia|Trick Room|p1a: Palkia\n|-fieldstart|move: Trick Room|[of] p1a: Palkia\n|\n|-weather|none\n|upkeep\n|turn|48\n|\n|t:|1698462649\n|-terastallize|p1a: Palkia|Water\n|move|p2a: Blissey|Thunder Wave|p1a: Palkia\n|-status|p1a: Palkia|par\n|cant|p1a: Palkia|par\n|\n|upkeep\n|turn|49\n|\n|t:|1698462654\n|move|p1a: Palkia|Surf|p2a: Blissey\n|-damage|p2a: Blissey|66\/100\n|move|p2a: Blissey|Seismic Toss|p1a: Palkia\n|-damage|p1a: Palkia|37\/100 par\n|\n|upkeep\n|turn|50\n|\n|t:|1698462658\n|move|p1a: Palkia|Surf|p2a: Blissey\n|-damage|p2a: Blissey|34\/100\n|move|p2a: Blissey|Soft-Boiled|p2a: Blissey\n|-heal|p2a: Blissey|84\/100\n|\n|upkeep\n|turn|51\n|\n|t:|1698462667\n|move|p1a: Palkia|Surf|p2a: Blissey\n|-damage|p2a: Blissey|48\/100\n|move|p2a: Blissey|Seismic Toss|p1a: Palkia\n|-damage|p1a: Palkia|11\/100 par\n|\n|-fieldend|move: Trick Room\n|upkeep\n|turn|52\n|c|\u2606PinkScourge|Well... GG\n|c|\u2606TubeKnight|blissey best sweeper\n|c|\u2606PinkScourge|This team needs hazard control\n|\n|t:|1698462684\n|move|p2a: Blissey|Seismic Toss|p1a: Palkia\n|-damage|p1a: Palkia|0 fnt\n|faint|p1a: Palkia\n|\n|upkeep\n|c|\u2606TubeKnight|yeah prob\n|\n|t:|1698462689\n|switch|p1a: Alomomola|Alomomola, F|53\/100 brn\n|-damage|p1a: Alomomola|28\/100 brn|[from] Spikes\n|-damage|p1a: Alomomola|15\/100 brn|[from] Stealth Rock\n|turn|53\n|\n|t:|1698462693\n|move|p2a: Blissey|Seismic Toss|p1a: Alomomola\n|-damage|p1a: Alomomola|0 fnt\n|-damage|p2a: Blissey|32\/100|[from] item: Rocky Helmet|[of] p1a: Alomomola\n|faint|p1a: Alomomola\n|\n|win|TubeKnight\n|c|\u2606TubeKnight|ggs\n","uploadtime":1698462703,"views":18,"p1id":"pinkscourge","p2id":"tubeknight","formatid":"gen9ubers","rating":0,"private":0,"password":""}