{"id":"gen9ubers-1980893399","p1":"Vholtninja","p2":"clorboycoctopus","format":"[Gen 9] Ubers","log":"|j|\u2606Vholtninja\n|j|\u2606clorboycoctopus\n|t:|1698846636\n|gametype|singles\n|player|p1|Vholtninja|serena-masters2|\n|player|p2|clorboycoctopus|blackbelt-gen4dp|\n|teamsize|p1|6\n|teamsize|p2|6\n|gen|9\n|tier|[Gen 9] Ubers\n|rule|Sleep Clause Mod: Limit one foe put to sleep\n|rule|Species Clause: Limit one of each Pok\u00e9mon\n|rule|OHKO Clause: OHKO moves are banned\n|rule|Evasion Items Clause: Evasion items are banned\n|rule|Evasion Moves Clause: Evasion moves are banned\n|rule|Endless Battle Clause: Forcing endless battles is banned\n|rule|HP Percentage Mod: HP is shown in percentages\n|clearpoke\n|poke|p1|Roaring Moon|\n|poke|p1|Cyclizar, M|\n|poke|p1|Zacian-*|\n|poke|p1|Magearna-Original|\n|poke|p1|Urshifu-*, M|\n|poke|p1|Volcarona, F|\n|poke|p2|Spectrier|\n|poke|p2|Masquerain, M|\n|poke|p2|Cyclizar, F|\n|poke|p2|Landorus, M|\n|poke|p2|Zacian-*|\n|poke|p2|Arceus-Fire|\n|teampreview\n|c|\u2606Vholtninja|glhf\n|c|\u2606clorboycoctopus|glhf\n|\n|t:|1698846696\n|start\n|switch|p1a: Cyclizar|Cyclizar, M|100\/100\n|switch|p2a: Masquerain|Masquerain, M|100\/100\n|-ability|p2a: Masquerain|Intimidate|boost\n|-unboost|p1a: Cyclizar|atk|1\n|turn|1\n|\n|t:|1698846713\n|move|p1a: Cyclizar|Knock Off|p2a: Masquerain\n|-damage|p2a: Masquerain|73\/100\n|-enditem|p2a: Masquerain|Focus Sash|[from] move: Knock Off|[of] p1a: Cyclizar\n|move|p2a: Masquerain|Bug Buzz|p1a: Cyclizar\n|-damage|p1a: Cyclizar|39\/100\n|-enditem|p1a: Cyclizar|Sitrus Berry|[eat]\n|-heal|p1a: Cyclizar|64\/100|[from] item: Sitrus Berry\n|\n|upkeep\n|turn|2\n|\n|t:|1698846721\n|move|p1a: Cyclizar|Shed Tail|p1a: Cyclizar\n|-start|p1a: Cyclizar|Substitute|[from] move: Shed Tail\n|-damage|p1a: Cyclizar|14\/100\n|\n|t:|1698846725\n|switch|p1a: Zacian|Zacian, shiny|100\/100|[from] Shed Tail\n|-ability|p1a: Zacian|Intrepid Sword|boost\n|-boost|p1a: Zacian|atk|1\n|move|p2a: Masquerain|Sticky Web|p1a: Zacian\n|-sidestart|p1: Vholtninja|move: Sticky Web\n|\n|upkeep\n|turn|3\n|\n|t:|1698846736\n|move|p1a: Zacian|Wild Charge|p2a: Masquerain\n|-supereffective|p2a: Masquerain\n|-damage|p2a: Masquerain|0 fnt\n|faint|p2a: Masquerain\n|-damage|p1a: Zacian|85\/100|[from] Recoil\n|\n|upkeep\n|\n|t:|1698846746\n|switch|p2a: Arceus|Arceus-Fire|100\/100\n|turn|4\n|\n|t:|1698846783\n|switch|p1a: Roaring Moon|Roaring Moon|100\/100\n|-activate|p1a: Roaring Moon|move: Sticky Web\n|-unboost|p1a: Roaring Moon|spe|1\n|-enditem|p1a: Roaring Moon|Booster Energy\n|-activate|p1a: Roaring Moon|ability: Protosynthesis|[fromitem]\n|-start|p1a: Roaring Moon|protosynthesisatk\n|move|p2a: Arceus|Dragon Dance|p2a: Arceus\n|-boost|p2a: Arceus|atk|1\n|-boost|p2a: Arceus|spe|1\n|\n|upkeep\n|turn|5\n|\n|t:|1698846794\n|move|p2a: Arceus|Flare Blitz|p1a: Roaring Moon\n|-resisted|p1a: Roaring Moon\n|-damage|p1a: Roaring Moon|30\/100\n|-damage|p2a: Arceus|79\/100|[from] Recoil\n|move|p1a: Roaring Moon|Earthquake|p2a: Arceus\n|-supereffective|p2a: Arceus\n|-damage|p2a: Arceus|1\/100\n|\n|upkeep\n|turn|6\n|\n|t:|1698846807\n|-terastallize|p2a: Arceus|Grass\n|move|p2a: Arceus|Recover|p2a: Arceus\n|-heal|p2a: Arceus|51\/100\n|move|p1a: Roaring Moon|Earthquake|p2a: Arceus\n|-resisted|p2a: Arceus\n|-damage|p2a: Arceus|30\/100\n|\n|upkeep\n|turn|7\n|\n|t:|1698846812\n|move|p2a: Arceus|Recover|p2a: Arceus\n|-heal|p2a: Arceus|80\/100\n|move|p1a: Roaring Moon|Dragon Claw|p2a: Arceus\n|-damage|p2a: Arceus|35\/100\n|\n|upkeep\n|turn|8\n|\n|t:|1698846820\n|move|p2a: Arceus|Flare Blitz|p1a: Roaring Moon\n|-resisted|p1a: Roaring Moon\n|-damage|p1a: Roaring Moon|0 fnt\n|faint|p1a: Roaring Moon\n|-end|p1a: Roaring Moon|Protosynthesis|[silent]\n|-damage|p2a: Arceus|26\/100|[from] Recoil\n|\n|upkeep\n|\n|t:|1698846837\n|switch|p1a: Urshifu|Urshifu, M|100\/100\n|-activate|p1a: Urshifu|move: Sticky Web\n|-unboost|p1a: Urshifu|spe|1\n|turn|9\n|\n|t:|1698846854\n|move|p2a: Arceus|Recover|p2a: Arceus\n|-heal|p2a: Arceus|76\/100\n|move|p1a: Urshifu|Close Combat|p2a: Arceus\n|-damage|p2a: Arceus|3\/100\n|-unboost|p1a: Urshifu|def|1\n|-unboost|p1a: Urshifu|spd|1\n|-damage|p1a: Urshifu|91\/100|[from] item: Life Orb\n|\n|upkeep\n|turn|10\n|\n|t:|1698846873\n|move|p1a: Urshifu|Sucker Punch|p2a: Arceus\n|-damage|p2a: Arceus|0 fnt\n|faint|p2a: Arceus\n|-damage|p1a: Urshifu|81\/100|[from] item: Life Orb\n|\n|upkeep\n|\n|t:|1698846881\n|switch|p2a: Zacian|Zacian|100\/100\n|-ability|p2a: Zacian|Intrepid Sword|boost\n|-boost|p2a: Zacian|atk|1\n|turn|11\n|\n|t:|1698846884\n|switch|p1a: Volcarona|Volcarona, F|100\/100\n|move|p2a: Zacian|Play Rough|p1a: Volcarona\n|-resisted|p1a: Volcarona\n|-damage|p1a: Volcarona|53\/100\n|-unboost|p1a: Volcarona|atk|1\n|-damage|p2a: Zacian|91\/100|[from] item: Life Orb\n|\n|upkeep\n|turn|12\n|\n|t:|1698846904\n|move|p2a: Zacian|Swords Dance|p2a: Zacian\n|-boost|p2a: Zacian|atk|2\n|move|p1a: Volcarona|Morning Sun|p1a: Volcarona\n|-heal|p1a: Volcarona|100\/100\n|\n|upkeep\n|turn|13\n|\n|t:|1698846910\n|move|p2a: Zacian|Play Rough|p1a: Volcarona\n|-resisted|p1a: Volcarona\n|-damage|p1a: Volcarona|22\/100\n|-damage|p2a: Zacian|81\/100|[from] item: Life Orb\n|move|p1a: Volcarona|Quiver Dance|p1a: Volcarona\n|-boost|p1a: Volcarona|spa|1\n|-boost|p1a: Volcarona|spd|1\n|-boost|p1a: Volcarona|spe|1\n|\n|upkeep\n|turn|14\n|\n|t:|1698846917\n|move|p1a: Volcarona|Flamethrower|p2a: Zacian\n|-damage|p2a: Zacian|20\/100\n|move|p2a: Zacian|Poison Jab|p1a: Volcarona\n|-damage|p1a: Volcarona|0 fnt\n|-status|p2a: Zacian|brn|[from] ability: Flame Body|[of] p1a: Volcarona\n|faint|p1a: Volcarona\n|-damage|p2a: Zacian|11\/100 brn|[from] item: Life Orb\n|\n|-damage|p2a: Zacian|4\/100 brn|[from] brn\n|upkeep\n|\n|t:|1698846930\n|switch|p1a: Urshifu|Urshifu, M|81\/100\n|-activate|p1a: Urshifu|move: Sticky Web\n|-unboost|p1a: Urshifu|spe|1\n|turn|15\n|\n|t:|1698846935\n|move|p1a: Urshifu|Sucker Punch|p2a: Zacian\n|-resisted|p2a: Zacian\n|-damage|p2a: Zacian|0 fnt\n|faint|p2a: Zacian\n|-damage|p1a: Urshifu|71\/100|[from] item: Life Orb\n|\n|upkeep\n|\n|t:|1698846942\n|switch|p2a: Cyclizar|Cyclizar, F|100\/100\n|turn|16\n|\n|t:|1698846948\n|move|p2a: Cyclizar|Shed Tail|p2a: Cyclizar\n|-start|p2a: Cyclizar|Substitute|[from] move: Shed Tail\n|-damage|p2a: Cyclizar|50\/100\n|\n|t:|1698846957\n|switch|p2a: Spectrier|Spectrier|100\/100|[from] Shed Tail\n|move|p1a: Urshifu|Wicked Blow|p2a: Spectrier\n|-supereffective|p2a: Spectrier\n|-crit|p2a: Spectrier\n|-end|p2a: Spectrier|Substitute\n|-damage|p1a: Urshifu|61\/100|[from] item: Life Orb\n|\n|upkeep\n|turn|17\n|\n|t:|1698846968\n|move|p2a: Spectrier|Will-O-Wisp|p1a: Urshifu\n|-status|p1a: Urshifu|brn\n|move|p1a: Urshifu|Wicked Blow|p2a: Spectrier\n|-supereffective|p2a: Spectrier\n|-crit|p2a: Spectrier\n|-damage|p2a: Spectrier|0 fnt\n|faint|p2a: Spectrier\n|-damage|p1a: Urshifu|51\/100 brn|[from] item: Life Orb\n|\n|-damage|p1a: Urshifu|44\/100 brn|[from] brn\n|upkeep\n|\n|t:|1698846972\n|switch|p2a: Landorus|Landorus, M|100\/100\n|turn|18\n|\n|t:|1698846994\n|move|p1a: Urshifu|Sucker Punch||[still]\n|-fail|p1a: Urshifu\n|move|p2a: Landorus|Nasty Plot|p2a: Landorus\n|-boost|p2a: Landorus|spa|2\n|\n|-damage|p1a: Urshifu|38\/100 brn|[from] brn\n|upkeep\n|turn|19\n|\n|t:|1698847014\n|move|p2a: Landorus|Earth Power|p1a: Urshifu\n|-damage|p1a: Urshifu|0 fnt\n|faint|p1a: Urshifu\n|\n|upkeep\n|\n|t:|1698847020\n|switch|p1a: A clock?|Magearna-Original|100\/100\n|-activate|p1a: A clock?|move: Sticky Web\n|-unboost|p1a: A clock?|spe|1\n|turn|20\n|\n|t:|1698847028\n|-terastallize|p1a: A clock?|Water\n|move|p2a: Landorus|Earth Power|p1a: A clock?\n|-damage|p1a: A clock?|0 fnt\n|faint|p1a: A clock?\n|\n|upkeep\n|\n|t:|1698847044\n|switch|p1a: Zacian|Zacian, shiny|85\/100\n|-activate|p1a: Zacian|move: Sticky Web\n|-unboost|p1a: Zacian|spe|1\n|turn|21\n|c|\u2606Vholtninja|oh modest\n|\n|t:|1698847086\n|move|p1a: Zacian|Iron Head|p2a: Landorus\n|-damage|p2a: Landorus|69\/100\n|cant|p2a: Landorus|flinch\n|\n|upkeep\n|turn|22\n|c|\u2606clorboycoctopus|wait huh that outspeed\n|c|\u2606Vholtninja|im scarfed\n|c|\u2606clorboycoctopus|is this choice scarf zacian\n|c|\u2606Vholtninja|yes\n|c|\u2606clorboycoctopus|oh my god\n|c|\u2606clorboycoctopus|thats awesome\n|\n|t:|1698847126\n|move|p1a: Zacian|Iron Head|p2a: Landorus\n|-damage|p2a: Landorus|41\/100\n|cant|p2a: Landorus|flinch\n|\n|upkeep\n|turn|23\n|\n|t:|1698847132\n|move|p1a: Zacian|Iron Head|p2a: Landorus\n|-damage|p2a: Landorus|9\/100\n|move|p2a: Landorus|Sludge Bomb|p1a: Zacian\n|-supereffective|p1a: Zacian\n|-damage|p1a: Zacian|0 fnt\n|faint|p1a: Zacian\n|\n|upkeep\n|c|\u2606Vholtninja|aww\n|\n|t:|1698847140\n|switch|p1a: Cyclizar|Cyclizar, M|47\/100\n|-activate|p1a: Cyclizar|move: Sticky Web\n|-unboost|p1a: Cyclizar|spe|1\n|turn|24\n|c|\u2606clorboycoctopus|thank god\n|c|\u2606Vholtninja|gg\n|\n|t:|1698847147\n|move|p2a: Landorus|Earth Power|p1a: Cyclizar\n|-damage|p1a: Cyclizar|0 fnt\n|faint|p1a: Cyclizar\n|\n|win|clorboycoctopus\n|c|\u2606clorboycoctopus|gg\n|c|\u2606Vholtninja|modest earth power was a roll in my favor too dam\n|c|\u2606clorboycoctopus|oh really\n|c|\u2606clorboycoctopus|damn\n|c|\u2606clorboycoctopus|did you count sheer force life orb\n|c|\u2606Vholtninja|yeah I think calcdex did it\n|c|\u2606clorboycoctopus|in the calculations\n|c|\u2606clorboycoctopus|thats interesting\n|c|\u2606clorboycoctopus|i was surprised mag just died\n|c|\u2606Vholtninja|+2 252+ SpA Life Orb Sheer Force Landorus Earth Power vs. 248 HP \/ 252+ SpD Tera Water Magearna: 328-386 (90.3 - 106.3%) -- 43.8% chance to OHKO\n|c|\u2606clorboycoctopus|oh damn\n|c|\u2606clorboycoctopus|that makes sense\n|c|\u2606clorboycoctopus|didnt expect it to kill at all\n|c|\u2606clorboycoctopus|rm?\n","uploadtime":1698847318,"views":15,"p1id":"vholtninja","p2id":"clorboycoctopus","formatid":"gen9ubers","rating":0,"private":0,"password":""}