{"id":"gen9ubers-1994938566","p1":"LordeQuazzy","p2":"Betoofff","format":"[Gen 9] Ubers","log":"|j|\u2606LordeQuazzy\n|j|\u2606Betoofff\n|t:|1700506374\n|gametype|singles\n|player|p1|LordeQuazzy|blackbelt-gen4dp|1280\n|player|p2|Betoofff|ghetsis|1333\n|teamsize|p1|6\n|teamsize|p2|6\n|gen|9\n|tier|[Gen 9] Ubers\n|rated|\n|rule|Sleep Clause Mod: Limit one foe put to sleep\n|rule|Species Clause: Limit one of each Pok\u00e9mon\n|rule|OHKO Clause: OHKO moves are banned\n|rule|Evasion Items Clause: Evasion items are banned\n|rule|Evasion Moves Clause: Evasion moves are banned\n|rule|Endless Battle Clause: Forcing endless battles is banned\n|rule|HP Percentage Mod: HP is shown in percentages\n|clearpoke\n|poke|p1|Arceus|\n|poke|p1|Koraidon|\n|poke|p1|Flutter Mane|\n|poke|p1|Grimmsnarl, M|\n|poke|p1|Calyrex-Ice|\n|poke|p1|Blissey, F|\n|poke|p2|Espathra, M|\n|poke|p2|Grimmsnarl, M|\n|poke|p2|Miraidon|\n|poke|p2|Glimmora, M|\n|poke|p2|Rabsca, M|\n|poke|p2|Clodsire, M|\n|teampreview\n|inactive|Battle timer is ON: inactive players will automatically lose when time's up. (requested by Betoofff)\n|inactive|LordeQuazzy also wants the timer to be on.\n|c|\u2606LordeQuazzy|gl hf\n|\n|t:|1700506383\n|start\n|switch|p1a: lransmmirg|Grimmsnarl, M, shiny|100\/100\n|switch|p2a: Glimmora|Glimmora, M|100\/100\n|turn|1\n|\n|t:|1700506390\n|move|p1a: lransmmirg|Taunt|p2a: Glimmora\n|-start|p2a: Glimmora|move: Taunt\n|cant|p2a: Glimmora|move: Taunt|Spikes\n|\n|upkeep\n|turn|2\n|\n|t:|1700506413\n|move|p1a: lransmmirg|Light Screen|p1a: lransmmirg\n|-sidestart|p1: LordeQuazzy|move: Light Screen\n|move|p2a: Glimmora|Mortal Spin|p1a: lransmmirg\n|-supereffective|p1a: lransmmirg\n|-damage|p1a: lransmmirg|85\/100\n|-status|p1a: lransmmirg|psn\n|\n|-damage|p1a: lransmmirg|72\/100 psn|[from] psn\n|upkeep\n|turn|3\n|\n|t:|1700506427\n|switch|p2a: Espathra|Espathra, M, shiny|100\/100\n|move|p1a: lransmmirg|Reflect|p1a: lransmmirg\n|-sidestart|p1: LordeQuazzy|Reflect\n|\n|-damage|p1a: lransmmirg|60\/100 psn|[from] psn\n|upkeep\n|turn|4\n|\n|t:|1700506439\n|move|p1a: lransmmirg|Taunt|p2a: Espathra\n|-start|p2a: Espathra|move: Taunt\n|cant|p2a: Espathra|move: Taunt|Calm Mind\n|\n|-damage|p1a: lransmmirg|47\/100 psn|[from] psn\n|-ability|p2a: Espathra|Speed Boost|boost\n|-boost|p2a: Espathra|spe|1\n|upkeep\n|turn|5\n|\n|t:|1700506446\n|move|p1a: lransmmirg|Parting Shot|p2a: Espathra\n|-unboost|p2a: Espathra|atk|1\n|-unboost|p2a: Espathra|spa|1\n|\n|t:|1700506456\n|switch|p1a: ILikeShowers|Arceus, shiny|100\/100|[from] Parting Shot\n|move|p2a: Espathra|Dazzling Gleam|p1a: ILikeShowers\n|-damage|p1a: ILikeShowers|97\/100\n|\n|-ability|p2a: Espathra|Speed Boost|boost\n|-boost|p2a: Espathra|spe|1\n|upkeep\n|turn|6\n|\n|t:|1700506467\n|switch|p2a: Clodsire|Clodsire, M, shiny|100\/100\n|move|p1a: ILikeShowers|Shadow Claw|p2a: Clodsire\n|-damage|p2a: Clodsire|71\/100\n|\n|-heal|p2a: Clodsire|77\/100|[from] item: Leftovers\n|upkeep\n|turn|7\n|\n|t:|1700506477\n|move|p1a: ILikeShowers|Swords Dance|p1a: ILikeShowers\n|-boost|p1a: ILikeShowers|atk|2\n|move|p2a: Clodsire|Toxic|p1a: ILikeShowers\n|-status|p1a: ILikeShowers|tox\n|\n|-heal|p2a: Clodsire|83\/100|[from] item: Leftovers\n|-damage|p1a: ILikeShowers|91\/100 tox|[from] psn\n|upkeep\n|turn|8\n|\n|t:|1700506483\n|move|p1a: ILikeShowers|Extreme Speed|p2a: Clodsire\n|-damage|p2a: Clodsire|26\/100\n|move|p2a: Clodsire|Stealth Rock|p1a: ILikeShowers\n|-sidestart|p1: LordeQuazzy|move: Stealth Rock\n|\n|-heal|p2a: Clodsire|32\/100|[from] item: Leftovers\n|-damage|p1a: ILikeShowers|78\/100 tox|[from] psn\n|upkeep\n|turn|9\n|\n|t:|1700506490\n|switch|p2a: Glimmora|Glimmora, M|100\/100\n|move|p1a: ILikeShowers|Extreme Speed|p2a: Glimmora\n|-resisted|p2a: Glimmora\n|-damage|p2a: Glimmora|65\/100\n|-activate|p2a: Glimmora|ability: Toxic Debris\n|-sidestart|p1: LordeQuazzy|move: Toxic Spikes\n|\n|-heal|p2a: Glimmora|71\/100|[from] item: Leftovers\n|-damage|p1a: ILikeShowers|60\/100 tox|[from] psn\n|-sideend|p1: LordeQuazzy|move: Light Screen\n|upkeep\n|turn|10\n|\n|t:|1700506500\n|switch|p1a: Blissey|Blissey, F|100\/100\n|-damage|p1a: Blissey|88\/100|[from] Stealth Rock\n|-status|p1a: Blissey|psn\n|move|p2a: Glimmora|Spiky Shield||[still]\n|-fail|p2a: Glimmora\n|\n|-heal|p2a: Glimmora|77\/100|[from] item: Leftovers\n|-heal|p1a: Blissey|94\/100 psn|[from] item: Leftovers\n|-damage|p1a: Blissey|82\/100 psn|[from] psn\n|-sideend|p1: LordeQuazzy|Reflect\n|upkeep\n|turn|11\n|\n|t:|1700506507\n|move|p2a: Glimmora|Spikes|p1a: Blissey\n|-sidestart|p1: LordeQuazzy|Spikes\n|move|p1a: Blissey|Heal Bell|p1a: Blissey\n|-activate|p1a: Blissey|move: Heal Bell\n|-curestatus|p1a: Blissey|psn|[msg]\n|-curestatus|p1: lransmmirg|psn|[msg]\n|-curestatus|p1: ILikeShowers|tox|[msg]\n|\n|-heal|p2a: Glimmora|83\/100|[from] item: Leftovers\n|-heal|p1a: Blissey|88\/100|[from] item: Leftovers\n|upkeep\n|turn|12\n|\n|t:|1700506519\n|move|p2a: Glimmora|Spikes|p1a: Blissey\n|-sidestart|p1: LordeQuazzy|Spikes\n|move|p1a: Blissey|Skill Swap|p2a: Glimmora\n|-activate|p1a: Blissey|move: Skill Swap|Toxic Debris|Natural Cure|[of] p2a: Glimmora\n|\n|-heal|p2a: Glimmora|90\/100|[from] item: Leftovers\n|-heal|p1a: Blissey|94\/100|[from] item: Leftovers\n|upkeep\n|turn|13\n|\n|t:|1700506533\n|move|p2a: Glimmora|Spikes|p1a: Blissey\n|-sidestart|p1: LordeQuazzy|Spikes\n|move|p1a: Blissey|Seismic Toss|p2a: Glimmora\n|-damage|p2a: Glimmora|63\/100\n|\n|-heal|p2a: Glimmora|69\/100|[from] item: Leftovers\n|-heal|p1a: Blissey|99\/100|[from] item: Leftovers\n|upkeep\n|turn|14\n|c|\u2606LordeQuazzy|so much  setup lmao\n|c|\u2606LordeQuazzy|hot damn is swapping gonna hurt\n|\n|t:|1700506548\n|switch|p2a: Espathra|Espathra, M, shiny|100\/100\n|move|p1a: Blissey|Seismic Toss|p2a: Espathra\n|-damage|p2a: Espathra|75\/100\n|\n|-heal|p2a: Espathra|81\/100|[from] item: Leftovers\n|-heal|p1a: Blissey|100\/100|[from] item: Leftovers\n|upkeep\n|turn|15\n|\n|t:|1700506558\n|move|p2a: Espathra|Calm Mind|p2a: Espathra\n|-boost|p2a: Espathra|spa|1\n|-boost|p2a: Espathra|spd|1\n|move|p1a: Blissey|Seismic Toss|p2a: Espathra\n|-damage|p2a: Espathra|56\/100\n|\n|-heal|p2a: Espathra|62\/100|[from] item: Leftovers\n|-ability|p2a: Espathra|Speed Boost|boost\n|-boost|p2a: Espathra|spe|1\n|upkeep\n|turn|16\n|\n|t:|1700506576\n|switch|p1a: lransmmirg|Grimmsnarl, M, shiny|47\/100\n|-damage|p1a: lransmmirg|35\/100|[from] Stealth Rock\n|-status|p1a: lransmmirg|psn\n|-damage|p1a: lransmmirg|10\/100 psn|[from] Spikes\n|move|p2a: Espathra|Protect||[still]\n|-fail|p2a: Espathra\n|\n|-heal|p2a: Espathra|68\/100|[from] item: Leftovers\n|-damage|p1a: lransmmirg|0 fnt|[from] psn\n|faint|p1a: lransmmirg\n|-ability|p2a: Espathra|Speed Boost|boost\n|-boost|p2a: Espathra|spe|1\n|upkeep\n|c|\u2606LordeQuazzy|lmao\n|\n|t:|1700506593\n|switch|p1a: ILikeShowers|Arceus, shiny|60\/100\n|-damage|p1a: ILikeShowers|48\/100|[from] Stealth Rock\n|-status|p1a: ILikeShowers|psn\n|-damage|p1a: ILikeShowers|23\/100 psn|[from] Spikes\n|turn|17\n|\n|t:|1700506601\n|move|p1a: ILikeShowers|Extreme Speed|p2a: Espathra\n|-damage|p2a: Espathra|3\/100\n|move|p2a: Espathra|Calm Mind|p2a: Espathra\n|-boost|p2a: Espathra|spa|1\n|-boost|p2a: Espathra|spd|1\n|\n|-heal|p2a: Espathra|9\/100|[from] item: Leftovers\n|-damage|p1a: ILikeShowers|10\/100 psn|[from] psn\n|-ability|p2a: Espathra|Speed Boost|boost\n|-boost|p2a: Espathra|spe|1\n|upkeep\n|turn|18\n|c|\u2606LordeQuazzy|this is beautiful\n|\n|t:|1700506607\n|move|p2a: Espathra|Protect|p2a: Espathra\n|-singleturn|p2a: Espathra|Protect\n|move|p1a: ILikeShowers|Extreme Speed|p2a: Espathra\n|-activate|p2a: Espathra|move: Protect\n|\n|-heal|p2a: Espathra|15\/100|[from] item: Leftovers\n|-damage|p1a: ILikeShowers|0 fnt|[from] psn\n|faint|p1a: ILikeShowers\n|-ability|p2a: Espathra|Speed Boost|boost\n|-boost|p2a: Espathra|spe|1\n|upkeep\n|\n|t:|1700506611\n|switch|p1a: BallOnAHorse|Calyrex-Ice|100\/100\n|-ability|p1a: BallOnAHorse|As One\n|-ability|p1a: BallOnAHorse|Unnerve\n|-damage|p1a: BallOnAHorse|75\/100|[from] Stealth Rock\n|-status|p1a: BallOnAHorse|psn\n|-damage|p1a: BallOnAHorse|50\/100 psn|[from] Spikes\n|turn|19\n|\n|t:|1700506622\n|move|p2a: Espathra|Stored Power|p1a: BallOnAHorse\n|-resisted|p1a: BallOnAHorse\n|-damage|p1a: BallOnAHorse|7\/100 psn\n|move|p1a: BallOnAHorse|Trick Room|p1a: BallOnAHorse\n|-fieldstart|move: Trick Room|[of] p1a: BallOnAHorse\n|\n|-heal|p1a: BallOnAHorse|13\/100 psn|[from] item: Leftovers\n|-heal|p2a: Espathra|22\/100|[from] item: Leftovers\n|-damage|p1a: BallOnAHorse|0 fnt|[from] psn\n|faint|p1a: BallOnAHorse\n|-ability|p2a: Espathra|Speed Boost|boost\n|-boost|p2a: Espathra|spe|1\n|upkeep\n|\n|t:|1700506634\n|switch|p1a: Luscious Locks|Flutter Mane|100\/100\n|-damage|p1a: Luscious Locks|88\/100|[from] Stealth Rock\n|-status|p1a: Luscious Locks|psn\n|-damage|p1a: Luscious Locks|63\/100 psn|[from] Spikes\n|turn|20\n|c|\u2606LordeQuazzy|absolutely amazing\n|\n|t:|1700506642\n|move|p2a: Espathra|Protect|p2a: Espathra\n|-singleturn|p2a: Espathra|Protect\n|move|p1a: Luscious Locks|Shadow Ball|p2a: Espathra\n|-activate|p2a: Espathra|move: Protect\n|\n|-heal|p2a: Espathra|28\/100|[from] item: Leftovers\n|-damage|p1a: Luscious Locks|51\/100 psn|[from] psn\n|-ability|p2a: Espathra|Speed Boost|boost\n|-boost|p2a: Espathra|spe|1\n|upkeep\n|turn|21\n|\n|t:|1700506651\n|switch|p2a: Grimmsnarl|Grimmsnarl, M, shiny|100\/100\n|move|p1a: Luscious Locks|Shadow Ball|p2a: Grimmsnarl\n|-resisted|p2a: Grimmsnarl\n|-crit|p2a: Grimmsnarl\n|-damage|p2a: Grimmsnarl|53\/100\n|-damage|p1a: Luscious Locks|41\/100 psn|[from] item: Life Orb\n|\n|-damage|p1a: Luscious Locks|29\/100 psn|[from] psn\n|upkeep\n|turn|22\n|\n|t:|1700506657\n|move|p2a: Grimmsnarl|Light Screen|p2a: Grimmsnarl\n|-sidestart|p2: Betoofff|move: Light Screen\n|move|p1a: Luscious Locks|Dazzling Gleam|p2a: Grimmsnarl\n|-supereffective|p2a: Grimmsnarl\n|-damage|p2a: Grimmsnarl|0 fnt\n|faint|p2a: Grimmsnarl\n|-damage|p1a: Luscious Locks|19\/100 psn|[from] item: Life Orb\n|\n|-damage|p1a: Luscious Locks|6\/100 psn|[from] psn\n|upkeep\n|\n|t:|1700506667\n|switch|p2a: Espathra|Espathra, M, shiny|28\/100\n|turn|23\n|c|\u2606LordeQuazzy|I need a cleaner, don't I?\n|\n|t:|1700506676\n|move|p2a: Espathra|Protect|p2a: Espathra\n|-singleturn|p2a: Espathra|Protect\n|move|p1a: Luscious Locks|Shadow Ball|p2a: Espathra\n|-activate|p2a: Espathra|move: Protect\n|\n|-heal|p2a: Espathra|34\/100|[from] item: Leftovers\n|-damage|p1a: Luscious Locks|0 fnt|[from] psn\n|faint|p1a: Luscious Locks\n|-end|p1a: Luscious Locks|Protosynthesis|[silent]\n|-fieldend|move: Trick Room\n|-ability|p2a: Espathra|Speed Boost|boost\n|-boost|p2a: Espathra|spe|1\n|upkeep\n|\n|t:|1700506678\n|switch|p1a: CyclingAccident|Koraidon|100\/100\n|-damage|p1a: CyclingAccident|94\/100|[from] Stealth Rock\n|-status|p1a: CyclingAccident|psn\n|-damage|p1a: CyclingAccident|70\/100 psn|[from] Spikes\n|-weather|SunnyDay|[from] ability: Orichalcum Pulse|[of] p1a: CyclingAccident\n|-activate|p1a: CyclingAccident|Orichalcum Pulse|[source]\n|turn|24\n|\n|t:|1700506691\n|-terastallize|p2a: Espathra|Fairy\n|move|p1a: CyclingAccident|Scale Shot|p2a: Espathra\n|-immune|p2a: Espathra\n|move|p2a: Espathra|Dazzling Gleam|p1a: CyclingAccident\n|-supereffective|p1a: CyclingAccident\n|-damage|p1a: CyclingAccident|0 fnt\n|faint|p1a: CyclingAccident\n|\n|-weather|SunnyDay|[upkeep]\n|-heal|p2a: Espathra|40\/100|[from] item: Leftovers\n|-ability|p2a: Espathra|Speed Boost|boost\n|-boost|p2a: Espathra|spe|1\n|upkeep\n|c|\u2606LordeQuazzy|touche\n|\n|t:|1700506697\n|switch|p1a: Blissey|Blissey, F|100\/100\n|-damage|p1a: Blissey|88\/100|[from] Stealth Rock\n|-status|p1a: Blissey|psn\n|-damage|p1a: Blissey|63\/100 psn|[from] Spikes\n|turn|25\n|\n|t:|1700506709\n|move|p2a: Espathra|Protect|p2a: Espathra\n|-singleturn|p2a: Espathra|Protect\n|move|p1a: Blissey|Skill Swap|p2a: Espathra\n|-activate|p2a: Espathra|move: Protect\n|\n|-weather|SunnyDay|[upkeep]\n|-heal|p2a: Espathra|46\/100|[from] item: Leftovers\n|-heal|p1a: Blissey|69\/100 psn|[from] item: Leftovers\n|-damage|p1a: Blissey|57\/100 psn|[from] psn\n|-ability|p2a: Espathra|Speed Boost|boost\n|-boost|p2a: Espathra|spe|1\n|upkeep\n|turn|26\n|\n|t:|1700506715\n|move|p2a: Espathra|Calm Mind|p2a: Espathra\n|-boost|p2a: Espathra|spa|1\n|-boost|p2a: Espathra|spd|1\n|move|p1a: Blissey|Skill Swap|p2a: Espathra\n|-activate|p1a: Blissey|move: Skill Swap|Speed Boost|Natural Cure|[of] p2a: Espathra\n|\n|-weather|SunnyDay|[upkeep]\n|-heal|p2a: Espathra|52\/100|[from] item: Leftovers\n|-heal|p1a: Blissey|63\/100 psn|[from] item: Leftovers\n|-damage|p1a: Blissey|50\/100 psn|[from] psn\n|-ability|p1a: Blissey|Speed Boost|boost\n|-boost|p1a: Blissey|spe|1\n|upkeep\n|turn|27\n|c|\u2606LordeQuazzy|this is very funny IMo\n|\n|t:|1700506728\n|move|p2a: Espathra|Calm Mind|p2a: Espathra\n|-boost|p2a: Espathra|spa|1\n|-boost|p2a: Espathra|spd|1\n|move|p1a: Blissey|Soft-Boiled|p1a: Blissey\n|-heal|p1a: Blissey|100\/100 psn\n|\n|-weather|SunnyDay|[upkeep]\n|-heal|p2a: Espathra|58\/100|[from] item: Leftovers\n|-damage|p1a: Blissey|88\/100 psn|[from] psn\n|-ability|p1a: Blissey|Speed Boost|boost\n|-boost|p1a: Blissey|spe|1\n|upkeep\n|turn|28\n|\n|t:|1700506740\n|move|p2a: Espathra|Calm Mind|p2a: Espathra\n|-boost|p2a: Espathra|spa|1\n|-boost|p2a: Espathra|spd|1\n|move|p1a: Blissey|Seismic Toss|p2a: Espathra\n|-damage|p2a: Espathra|33\/100\n|\n|-weather|none\n|-heal|p2a: Espathra|39\/100|[from] item: Leftovers\n|-heal|p1a: Blissey|94\/100 psn|[from] item: Leftovers\n|-damage|p1a: Blissey|82\/100 psn|[from] psn\n|-ability|p1a: Blissey|Speed Boost|boost\n|-boost|p1a: Blissey|spe|1\n|upkeep\n|turn|29\n|\n|t:|1700506748\n|move|p2a: Espathra|Calm Mind|p2a: Espathra\n|-boost|p2a: Espathra|spa|1\n|-boost|p2a: Espathra|spd|1\n|move|p1a: Blissey|Seismic Toss|p2a: Espathra\n|-damage|p2a: Espathra|13\/100\n|\n|-heal|p2a: Espathra|20\/100|[from] item: Leftovers\n|-heal|p1a: Blissey|88\/100 psn|[from] item: Leftovers\n|-damage|p1a: Blissey|75\/100 psn|[from] psn\n|-sideend|p2: Betoofff|move: Light Screen\n|-ability|p1a: Blissey|Speed Boost|boost\n|-boost|p1a: Blissey|spe|1\n|upkeep\n|turn|30\n|\n|t:|1700506754\n|move|p2a: Espathra|Stored Power|p1a: Blissey\n|-damage|p1a: Blissey|5\/100 psn\n|move|p1a: Blissey|Seismic Toss|p2a: Espathra\n|-damage|p2a: Espathra|0 fnt\n|faint|p2a: Espathra\n|\n|-heal|p1a: Blissey|11\/100 psn|[from] item: Leftovers\n|-damage|p1a: Blissey|0 fnt|[from] psn\n|faint|p1a: Blissey\n|\n|win|Betoofff\n|upkeep\n|raw|LordeQuazzy's rating: 1280 &rarr; <strong>1259<\/strong><br \/>(-21 for losing)\n|raw|Betoofff's rating: 1333 &rarr; <strong>1350<\/strong><br \/>(+17 for winning)\n|c|\u2606LordeQuazzy|gg\n|c|\u2606Betoofff|gg\n|l|\u2606LordeQuazzy\n","uploadtime":1700506766,"views":1,"p1id":"lordequazzy","p2id":"betoofff","formatid":"gen9ubers","rating":1259,"private":0,"password":""}