{"id":"gen9ubers-1988054375","p1":"Anne Frankkkk","p2":"Armagedios","format":"[Gen 9] Ubers","log":"|j|\u2606Anne Frankkkk\n|j|\u2606Armagedios\n|t:|1699663947\n|gametype|singles\n|player|p1|Anne Frankkkk|hilbert|1172\n|player|p2|Armagedios|266|1100\n|teamsize|p1|6\n|teamsize|p2|6\n|gen|9\n|tier|[Gen 9] Ubers\n|rated|\n|rule|Sleep Clause Mod: Limit one foe put to sleep\n|rule|Species Clause: Limit one of each Pok\u00e9mon\n|rule|OHKO Clause: OHKO moves are banned\n|rule|Evasion Items Clause: Evasion items are banned\n|rule|Evasion Moves Clause: Evasion moves are banned\n|rule|Endless Battle Clause: Forcing endless battles is banned\n|rule|HP Percentage Mod: HP is shown in percentages\n|clearpoke\n|poke|p1|Iron Hands|\n|poke|p1|Kyogre|\n|poke|p1|Chien-Pao|\n|poke|p1|Ribombee, M|\n|poke|p1|Miraidon|\n|poke|p1|Flutter Mane|\n|poke|p2|Koraidon|\n|poke|p2|Ceruledge, F|\n|poke|p2|Flutter Mane|\n|poke|p2|Milotic, F|\n|poke|p2|Tsareena, F|\n|poke|p2|Gliscor, F|\n|teampreview\n|\n|t:|1699663952\n|start\n|switch|p1a: Moonblast|Ribombee, M, shiny|100\/100\n|switch|p2a: Koraidon|Koraidon|100\/100\n|-weather|SunnyDay|[from] ability: Orichalcum Pulse|[of] p2a: Koraidon\n|-activate|p2a: Koraidon|Orichalcum Pulse|[source]\n|turn|1\n|inactive|Battle timer is ON: inactive players will automatically lose when time's up. (requested by Anne Frankkkk)\n|\n|t:|1699663961\n|move|p2a: Koraidon|U-turn|p1a: Moonblast\n|-resisted|p1a: Moonblast\n|-damage|p1a: Moonblast|69\/100\n|\n|t:|1699663965\n|switch|p2a: Ceruledge|Ceruledge, F, shiny|100\/100|[from] U-turn\n|move|p1a: Moonblast|Stun Spore|p2a: Ceruledge\n|-status|p2a: Ceruledge|par\n|\n|-weather|SunnyDay|[upkeep]\n|upkeep\n|turn|2\n|\n|t:|1699663975\n|move|p1a: Moonblast|Sticky Web|p2a: Ceruledge\n|-sidestart|p2: Armagedios|move: Sticky Web\n|cant|p2a: Ceruledge|par\n|\n|-weather|SunnyDay|[upkeep]\n|upkeep\n|turn|3\n|\n|t:|1699663982\n|switch|p2a: Tsareena|Tsareena, F|100\/100\n|move|p1a: Moonblast|Moonblast|p2a: Tsareena\n|-damage|p2a: Tsareena|59\/100\n|-unboost|p2a: Tsareena|spa|1\n|\n|-weather|SunnyDay|[upkeep]\n|upkeep\n|turn|4\n|\n|t:|1699663991\n|move|p1a: Moonblast|Bug Buzz|p2a: Tsareena\n|-supereffective|p2a: Tsareena\n|-damage|p2a: Tsareena|0 fnt\n|faint|p2a: Tsareena\n|\n|-weather|SunnyDay|[upkeep]\n|upkeep\n|\n|t:|1699664009\n|switch|p2a: Milotic|Milotic, F|100\/100\n|-activate|p2a: Milotic|move: Sticky Web\n|-unboost|p2a: Milotic|spe|1\n|turn|5\n|\n|t:|1699664014\n|move|p1a: Moonblast|Moonblast|p2a: Milotic\n|-damage|p2a: Milotic|74\/100\n|move|p2a: Milotic|Scald|p1a: Moonblast\n|-damage|p1a: Moonblast|46\/100\n|\n|-weather|SunnyDay|[upkeep]\n|-status|p2a: Milotic|brn|[from] item: Flame Orb\n|upkeep\n|turn|6\n|\n|t:|1699664025\n|move|p1a: Moonblast|Moonblast|p2a: Milotic\n|-damage|p2a: Milotic|47\/100 brn\n|move|p2a: Milotic|Scald|p1a: Moonblast\n|-crit|p1a: Moonblast\n|-damage|p1a: Moonblast|8\/100\n|\n|-weather|SunnyDay|[upkeep]\n|-damage|p2a: Milotic|41\/100 brn|[from] brn\n|upkeep\n|turn|7\n|\n|t:|1699664037\n|move|p1a: Moonblast|Moonblast|p2a: Milotic\n|-damage|p2a: Milotic|15\/100 brn\n|move|p2a: Milotic|Recover|p2a: Milotic\n|-heal|p2a: Milotic|65\/100 brn\n|\n|-weather|SunnyDay|[upkeep]\n|-damage|p2a: Milotic|59\/100 brn|[from] brn\n|upkeep\n|turn|8\n|\n|t:|1699664048\n|move|p1a: Moonblast|Moonblast|p2a: Milotic\n|-damage|p2a: Milotic|36\/100 brn\n|move|p2a: Milotic|Recover|p2a: Milotic\n|-heal|p2a: Milotic|86\/100 brn\n|\n|-weather|none\n|-damage|p2a: Milotic|79\/100 brn|[from] brn\n|upkeep\n|turn|9\n|\n|t:|1699664057\n|move|p1a: Moonblast|Moonblast|p2a: Milotic\n|-damage|p2a: Milotic|54\/100 brn\n|-unboost|p2a: Milotic|spa|1\n|move|p2a: Milotic|Scald|p1a: Moonblast\n|-damage|p1a: Moonblast|0 fnt\n|faint|p1a: Moonblast\n|\n|-damage|p2a: Milotic|47\/100 brn|[from] brn\n|upkeep\n|\n|t:|1699664061\n|switch|p1a: Cyber Lizard|Miraidon|100\/100\n|-fieldstart|move: Electric Terrain|[from] ability: Hadron Engine|[of] p1a: Cyber Lizard\n|-item|p1a: Cyber Lizard|Air Balloon\n|turn|10\n|\n|t:|1699664078\n|move|p1a: Cyber Lizard|Calm Mind|p1a: Cyber Lizard\n|-boost|p1a: Cyber Lizard|spa|1\n|-boost|p1a: Cyber Lizard|spd|1\n|move|p2a: Milotic|Scald|p1a: Cyber Lizard\n|-resisted|p1a: Cyber Lizard\n|-damage|p1a: Cyber Lizard|95\/100\n|-enditem|p1a: Cyber Lizard|Air Balloon\n|\n|-damage|p2a: Milotic|41\/100 brn|[from] brn\n|upkeep\n|turn|11\n|\n|t:|1699664090\n|switch|p2a: Gliscor|Gliscor, F|100\/100\n|move|p1a: Cyber Lizard|Calm Mind|p1a: Cyber Lizard\n|-boost|p1a: Cyber Lizard|spa|1\n|-boost|p1a: Cyber Lizard|spd|1\n|\n|-status|p2a: Gliscor|tox|[from] item: Toxic Orb\n|upkeep\n|turn|12\n|\n|t:|1699664102\n|move|p1a: Cyber Lizard|Dragon Pulse|p2a: Gliscor\n|-damage|p2a: Gliscor|0 fnt\n|faint|p2a: Gliscor\n|\n|upkeep\n|\n|t:|1699664112\n|switch|p2a: Flutter Mane|Flutter Mane, shiny|100\/100\n|-activate|p2a: Flutter Mane|move: Sticky Web\n|-unboost|p2a: Flutter Mane|spe|1\n|turn|13\n|\n|t:|1699664121\n|move|p1a: Cyber Lizard|Electro Drift|p2a: Flutter Mane\n|-damage|p2a: Flutter Mane|0 fnt\n|faint|p2a: Flutter Mane\n|-end|p2a: Flutter Mane|Protosynthesis|[silent]\n|\n|upkeep\n|\n|t:|1699664127\n|switch|p2a: Koraidon|Koraidon|100\/100\n|-activate|p2a: Koraidon|move: Sticky Web\n|-unboost|p2a: Koraidon|spe|1\n|-weather|SunnyDay|[from] ability: Orichalcum Pulse|[of] p2a: Koraidon\n|-activate|p2a: Koraidon|Orichalcum Pulse|[source]\n|turn|14\n|\n|t:|1699664137\n|-terastallize|p1a: Cyber Lizard|Fairy\n|move|p1a: Cyber Lizard|Dragon Pulse|p2a: Koraidon\n|-supereffective|p2a: Koraidon\n|-damage|p2a: Koraidon|0 fnt\n|faint|p2a: Koraidon\n|\n|-weather|SunnyDay|[upkeep]\n|-fieldend|move: Electric Terrain\n|upkeep\n|\n|t:|1699664146\n|switch|p2a: Ceruledge|Ceruledge, F, shiny|100\/100 par\n|-activate|p2a: Ceruledge|move: Sticky Web\n|-unboost|p2a: Ceruledge|spe|1\n|turn|15\n|\n|t:|1699664152\n|move|p2a: Ceruledge|Shadow Sneak|p1a: Cyber Lizard\n|-damage|p1a: Cyber Lizard|74\/100\n|move|p1a: Cyber Lizard|Electro Drift|p2a: Ceruledge\n|-enditem|p2a: Ceruledge|Focus Sash\n|-damage|p2a: Ceruledge|1\/100 par\n|\n|-weather|SunnyDay|[upkeep]\n|upkeep\n|turn|16\n|\n|t:|1699664161\n|cant|p2a: Ceruledge|par\n|move|p1a: Cyber Lizard|Electro Drift|p2a: Ceruledge\n|-damage|p2a: Ceruledge|0 fnt\n|faint|p2a: Ceruledge\n|\n|-weather|SunnyDay|[upkeep]\n|upkeep\n|\n|t:|1699664175\n|switch|p2a: Milotic|Milotic, F|41\/100 brn\n|-activate|p2a: Milotic|move: Sticky Web\n|-unboost|p2a: Milotic|spe|1\n|turn|17\n|\n|t:|1699664182\n|move|p1a: Cyber Lizard|Electro Drift|p2a: Milotic\n|-supereffective|p2a: Milotic\n|-damage|p2a: Milotic|0 fnt\n|faint|p2a: Milotic\n|\n|win|Anne Frankkkk\n|raw|Anne Frankkkk's rating: 1126 &rarr; <strong>1149<\/strong><br \/>(+23 for winning)\n|raw|Armagedios's rating: 1100 &rarr; <strong>1077<\/strong><br \/>(-23 for losing)\n","uploadtime":1699664190,"views":5,"p1id":"annefrankkkk","p2id":"armagedios","formatid":"gen9ubers","rating":1077,"private":0,"password":""}