{"id":"gen9ubers-1991365565","p1":"baleine_poilu","p2":"IceColdd","format":"[Gen 9] Ubers","log":"|j|\u2606baleine_poilu\n|j|\u2606IceColdd\n|t:|1700071077\n|gametype|singles\n|player|p1|baleine_poilu|silver|\n|player|p2|IceColdd|guzma|\n|teamsize|p1|6\n|teamsize|p2|6\n|gen|9\n|tier|[Gen 9] Ubers\n|rule|Sleep Clause Mod: Limit one foe put to sleep\n|rule|Species Clause: Limit one of each Pok\u00e9mon\n|rule|OHKO Clause: OHKO moves are banned\n|rule|Evasion Items Clause: Evasion items are banned\n|rule|Evasion Moves Clause: Evasion moves are banned\n|rule|Endless Battle Clause: Forcing endless battles is banned\n|rule|HP Percentage Mod: HP is shown in percentages\n|clearpoke\n|poke|p1|Zacian-*|\n|poke|p1|Magearna|\n|poke|p1|Palafin, M|\n|poke|p1|Palkia-Origin|\n|poke|p1|Ursaluna-Bloodmoon, M|\n|poke|p1|Blissey, F|\n|poke|p2|Arceus-Fire|\n|poke|p2|Palkia-Origin|\n|poke|p2|Rillaboom, M|\n|poke|p2|Sneasler, F|\n|poke|p2|Magearna|\n|poke|p2|Gholdengo|\n|teampreview\n|inactive|Battle timer is ON: inactive players will automatically lose when time's up. (requested by IceColdd)\n|c|\u2606IceColdd|gl hf\n|c|\u2606baleine_poilu|glhf\n|\n|t:|1700071099\n|start\n|switch|p1a: Blissey|Blissey, F|100\/100\n|switch|p2a: Magearna|Magearna|100\/100\n|turn|1\n|\n|t:|1700071107\n|switch|p2a: Sneasler|Sneasler, F|100\/100\n|move|p1a: Blissey|Thunder Wave|p2a: Sneasler\n|-status|p2a: Sneasler|par\n|\n|upkeep\n|turn|2\n|\n|t:|1700071118\n|switch|p1a: Magearna|Magearna|100\/100\n|move|p2a: Sneasler|Dire Claw|p1a: Magearna\n|-immune|p1a: Magearna\n|\n|upkeep\n|turn|3\n|\n|t:|1700071141\n|switch|p2a: Arceus|Arceus-Fire|100\/100\n|move|p1a: Magearna|Volt Switch|p2a: Arceus\n|-damage|p2a: Arceus|85\/100\n|\n|t:|1700071148\n|switch|p1a: Palafin|Palafin, M|100\/100|[from] Volt Switch\n|\n|upkeep\n|turn|4\n|inactive|IceColdd has 270 seconds left.\n|\n|t:|1700071176\n|-terastallize|p2a: Arceus|Fairy\n|move|p1a: Palafin|Flip Turn|p2a: Arceus\n|-crit|p2a: Arceus\n|-damage|p2a: Arceus|62\/100\n|\n|t:|1700071187\n|detailschange|p1a: Palafin|Palafin-Hero, M\n|switch|p1a: Blissey|Blissey, F|100\/100|[from] Flip Turn\n|move|p2a: Arceus|Dragon Dance|p2a: Arceus\n|-boost|p2a: Arceus|atk|1\n|-boost|p2a: Arceus|spe|1\n|\n|upkeep\n|turn|5\n|\n|t:|1700071203\n|move|p2a: Arceus|Flare Blitz|p1a: Blissey\n|-damage|p1a: Blissey|0 fnt\n|faint|p1a: Blissey\n|-damage|p2a: Arceus|0 fnt|[from] Recoil\n|faint|p2a: Arceus\n|\n|upkeep\n|\n|t:|1700071219\n|switch|p2a: Rillaboom|Rillaboom, M|100\/100\n|switch|p1a: Palafin|Palafin-Hero, M|100\/100\n|-activate|p1a: Palafin|ability: Zero to Hero\n|-fieldstart|move: Grassy Terrain|[from] ability: Grassy Surge|[of] p2a: Rillaboom\n|turn|6\n|\n|t:|1700071233\n|switch|p1a: Magearna|Magearna|100\/100\n|move|p2a: Rillaboom|Fake Out|p1a: Magearna\n|-resisted|p1a: Magearna\n|-damage|p1a: Magearna|96\/100\n|\n|-heal|p1a: Magearna|100\/100|[from] Grassy Terrain\n|upkeep\n|turn|7\n|\n|t:|1700071246\n|move|p2a: Rillaboom|Knock Off|p1a: Magearna\n|-resisted|p1a: Magearna\n|-damage|p1a: Magearna|90\/100\n|-enditem|p1a: Magearna|Leftovers|[from] move: Knock Off|[of] p2a: Rillaboom\n|move|p1a: Magearna|Fleur Cannon|p2a: Rillaboom\n|-damage|p2a: Rillaboom|58\/100\n|-unboost|p1a: Magearna|spa|2\n|\n|-heal|p2a: Rillaboom|64\/100|[from] Grassy Terrain\n|-heal|p1a: Magearna|96\/100|[from] Grassy Terrain\n|upkeep\n|turn|8\n|\n|t:|1700071260\n|move|p2a: Rillaboom|High Horsepower|p1a: Magearna\n|-supereffective|p1a: Magearna\n|-damage|p1a: Magearna|54\/100\n|move|p1a: Magearna|Volt Switch|p2a: Rillaboom\n|-resisted|p2a: Rillaboom\n|-damage|p2a: Rillaboom|61\/100\n|inactive|baleine_poilu has 270 seconds left.\n|\n|t:|1700071280\n|switch|p1a: Ursaluna|Ursaluna-Bloodmoon, M|100\/100|[from] Volt Switch\n|\n|-heal|p2a: Rillaboom|67\/100|[from] Grassy Terrain\n|upkeep\n|turn|9\n|inactive|baleine_poilu has 270 seconds left.\n|\n|t:|1700071298\n|switch|p2a: Gholdengo|Gholdengo|100\/100\n|-terastallize|p1a: Ursaluna|Poison\n|move|p1a: Ursaluna|Blood Moon|p2a: Gholdengo\n|-resisted|p2a: Gholdengo\n|-damage|p2a: Gholdengo|66\/100\n|\n|-heal|p2a: Gholdengo|72\/100|[from] Grassy Terrain\n|upkeep\n|turn|10\n|inactive|baleine_poilu has 270 seconds left.\n|\n|t:|1700071315\n|switch|p2a: Rillaboom|Rillaboom, M|67\/100\n|move|p1a: Ursaluna|Calm Mind|p1a: Ursaluna\n|-boost|p1a: Ursaluna|spa|1\n|-boost|p1a: Ursaluna|spd|1\n|\n|-heal|p2a: Rillaboom|73\/100|[from] Grassy Terrain\n|-fieldend|move: Grassy Terrain\n|upkeep\n|turn|11\n|inactive|baleine_poilu has 270 seconds left.\n|\n|t:|1700071328\n|move|p2a: Rillaboom|Fake Out|p1a: Ursaluna\n|-damage|p1a: Ursaluna|90\/100\n|cant|p1a: Ursaluna|flinch\n|\n|-heal|p1a: Ursaluna|96\/100|[from] item: Leftovers\n|upkeep\n|turn|12\n|\n|t:|1700071337\n|move|p2a: Rillaboom|Knock Off|p1a: Ursaluna\n|-damage|p1a: Ursaluna|70\/100\n|-enditem|p1a: Ursaluna|Leftovers|[from] move: Knock Off|[of] p2a: Rillaboom\n|move|p1a: Ursaluna|Blood Moon|p2a: Rillaboom\n|-damage|p2a: Rillaboom|0 fnt\n|faint|p2a: Rillaboom\n|\n|upkeep\n|\n|t:|1700071360\n|switch|p2a: Palkia|Palkia-Origin|100\/100\n|-ability|p2a: Palkia|Pressure\n|turn|13\n|\n|t:|1700071370\n|move|p2a: Palkia|Hydro Pump|p1a: Ursaluna\n|-damage|p1a: Ursaluna|32\/100\n|move|p1a: Ursaluna|Moonlight|p1a: Ursaluna\n|-heal|p1a: Ursaluna|82\/100\n|\n|upkeep\n|turn|14\n|\n|t:|1700071386\n|move|p2a: Palkia|Spacial Rend|p1a: Ursaluna\n|-damage|p1a: Ursaluna|44\/100\n|move|p1a: Ursaluna|Calm Mind|p1a: Ursaluna\n|-boost|p1a: Ursaluna|spa|1\n|-boost|p1a: Ursaluna|spd|1\n|\n|upkeep\n|turn|15\n|\n|t:|1700071405\n|move|p2a: Palkia|Spacial Rend|p1a: Ursaluna|[miss]\n|-miss|p2a: Palkia|p1a: Ursaluna\n|move|p1a: Ursaluna|Moonlight|p1a: Ursaluna\n|-heal|p1a: Ursaluna|94\/100\n|\n|upkeep\n|turn|16\n|\n|t:|1700071419\n|move|p2a: Palkia|Spacial Rend|p1a: Ursaluna\n|-damage|p1a: Ursaluna|66\/100\n|move|p1a: Ursaluna|Blood Moon|p2a: Palkia\n|-damage|p2a: Palkia|0 fnt\n|faint|p2a: Palkia\n|\n|upkeep\n|\n|t:|1700071434\n|switch|p2a: Magearna|Magearna|100\/100\n|turn|17\n|\n|t:|1700071442\n|move|p2a: Magearna|Flash Cannon|p1a: Ursaluna\n|-damage|p1a: Ursaluna|47\/100\n|move|p1a: Ursaluna|Earth Power|p2a: Magearna\n|-supereffective|p2a: Magearna\n|-damage|p2a: Magearna|0 fnt\n|faint|p2a: Magearna\n|\n|upkeep\n|\n|t:|1700071445\n|switch|p2a: Gholdengo|Gholdengo|72\/100\n|turn|18\n|\n|t:|1700071452\n|move|p2a: Gholdengo|Make It Rain|p1a: Ursaluna\n|-damage|p1a: Ursaluna|20\/100\n|-unboost|p2a: Gholdengo|spa|1\n|move|p1a: Ursaluna|Moonlight|p1a: Ursaluna\n|-heal|p1a: Ursaluna|70\/100\n|\n|upkeep\n|turn|19\n|\n|t:|1700071462\n|switch|p2a: Sneasler|Sneasler, F|100\/100 par\n|move|p1a: Ursaluna|Moonlight|p1a: Ursaluna\n|-heal|p1a: Ursaluna|100\/100\n|\n|upkeep\n|turn|20\n|c|\u2606IceColdd|yeah I'm afraid this is a gg\n|\n|t:|1700071473\n|move|p2a: Sneasler|Dire Claw|p1a: Ursaluna\n|-resisted|p1a: Ursaluna\n|-damage|p1a: Ursaluna|86\/100\n|move|p1a: Ursaluna|Earth Power|p2a: Sneasler\n|-supereffective|p2a: Sneasler\n|-damage|p2a: Sneasler|0 fnt\n|faint|p2a: Sneasler\n|\n|upkeep\n|\n|t:|1700071478\n|switch|p2a: Gholdengo|Gholdengo|72\/100\n|turn|21\n|\n|t:|1700071484\n|move|p2a: Gholdengo|Make It Rain|p1a: Ursaluna\n|-damage|p1a: Ursaluna|62\/100\n|-unboost|p2a: Gholdengo|spa|1\n|move|p1a: Ursaluna|Earth Power|p2a: Gholdengo\n|-supereffective|p2a: Gholdengo\n|-damage|p2a: Gholdengo|0 fnt\n|faint|p2a: Gholdengo\n|\n|win|baleine_poilu\n|c|\u2606baleine_poilu|ggwp bud\n|c|\u2606IceColdd|yeha gg wp\n|l|\u2606IceColdd\n|l|\u2606baleine_poilu\n|j|\u2606baleine_poilu\n|player|p1|baleine_poilu|silver\n","uploadtime":1700071513,"views":8,"p1id":"baleinepoilu","p2id":"icecoldd","formatid":"gen9ubers","rating":0,"private":0,"password":""}