{"id":"gen9ubers-1974709970","p1":"Quarren_Show","p2":"Blake-Mamba","format":"[Gen 9] Ubers","log":"|j|\u2606Quarren_Show\n|j|\u2606Blake-Mamba\n|t:|1698112917\n|gametype|singles\n|player|p1|Quarren_Show|red|1257\n|player|p2|Blake-Mamba|juan|1253\n|teamsize|p1|6\n|teamsize|p2|6\n|gen|9\n|tier|[Gen 9] Ubers\n|rated|\n|rule|Sleep Clause Mod: Limit one foe put to sleep\n|rule|Species Clause: Limit one of each Pok\u00e9mon\n|rule|OHKO Clause: OHKO moves are banned\n|rule|Evasion Items Clause: Evasion items are banned\n|rule|Evasion Moves Clause: Evasion moves are banned\n|rule|Endless Battle Clause: Forcing endless battles is banned\n|rule|HP Percentage Mod: HP is shown in percentages\n|clearpoke\n|poke|p1|Koraidon|\n|poke|p1|Miraidon|\n|poke|p1|Flutter Mane|\n|poke|p1|Skeledirge, F|\n|poke|p1|Zacian-*|\n|poke|p1|Iron Treads|\n|poke|p2|Ogerpon-Hearthflame, F|\n|poke|p2|Vikavolt, M|\n|poke|p2|Kommo-o, F|\n|poke|p2|Ursaluna-Bloodmoon, M|\n|poke|p2|Yanmega, F|\n|poke|p2|Chandelure, F|\n|teampreview\n|inactive|Battle timer is ON: inactive players will automatically lose when time's up. (requested by Quarren_Show)\n|\n|t:|1698112924\n|start\n|switch|p1a: Miraidon|Miraidon|100\/100\n|switch|p2a: Vikavolt|Vikavolt, M|100\/100\n|-fieldstart|move: Electric Terrain|[from] ability: Hadron Engine|[of] p1a: Miraidon\n|turn|1\n|-activate|p2a: Vikavolt|item: Quick Claw\n|\n|t:|1698112932\n|move|p2a: Vikavolt|Sticky Web|p1a: Miraidon\n|-sidestart|p1: Quarren_Show|move: Sticky Web\n|move|p1a: Miraidon|Volt Switch|p2a: Vikavolt\n|-resisted|p2a: Vikavolt\n|-damage|p2a: Vikavolt|62\/100\n|\n|t:|1698112941\n|switch|p1a: Iron Treads|Iron Treads|100\/100|[from] Volt Switch\n|-activate|p1a: Iron Treads|move: Sticky Web\n|-unboost|p1a: Iron Treads|spe|1\n|-activate|p1a: Iron Treads|ability: Quark Drive\n|-start|p1a: Iron Treads|quarkdrivedef\n|\n|upkeep\n|turn|2\n|\n|t:|1698112949\n|switch|p2a: Chandelure|Chandelure, F|100\/100\n|move|p1a: Iron Treads|Rapid Spin|p2a: Chandelure\n|-immune|p2a: Chandelure\n|\n|upkeep\n|turn|3\n|\n|t:|1698112962\n|move|p2a: Chandelure|Overheat|p1a: Iron Treads\n|-supereffective|p1a: Iron Treads\n|-damage|p1a: Iron Treads|0 fnt\n|-unboost|p2a: Chandelure|spa|2\n|faint|p1a: Iron Treads\n|-end|p1a: Iron Treads|Quark Drive|[silent]\n|\n|upkeep\n|\n|t:|1698112967\n|switch|p1a: Skeledirge|Skeledirge, F|100\/100\n|-activate|p1a: Skeledirge|move: Sticky Web\n|-unboost|p1a: Skeledirge|spe|1\n|turn|4\n|\n|t:|1698112982\n|switch|p2a: Ursaluna|Ursaluna-Bloodmoon, M|100\/100\n|move|p1a: Skeledirge|Torch Song|p2a: Ursaluna\n|-damage|p2a: Ursaluna|65\/100\n|-boost|p1a: Skeledirge|spa|1\n|\n|-heal|p2a: Ursaluna|71\/100|[from] item: Leftovers\n|upkeep\n|turn|5\n|\n|t:|1698112995\n|-terastallize|p1a: Skeledirge|Fairy\n|move|p2a: Ursaluna|Earth Power|p1a: Skeledirge\n|-damage|p1a: Skeledirge|59\/100\n|move|p1a: Skeledirge|Torch Song|p2a: Ursaluna\n|-damage|p2a: Ursaluna|22\/100\n|-boost|p1a: Skeledirge|spa|1\n|\n|-heal|p2a: Ursaluna|28\/100|[from] item: Leftovers\n|-heal|p1a: Skeledirge|65\/100|[from] item: Leftovers\n|-fieldend|move: Electric Terrain\n|upkeep\n|turn|6\n|\n|t:|1698113008\n|move|p2a: Ursaluna|Blood Moon|p1a: Skeledirge\n|-damage|p1a: Skeledirge|9\/100\n|move|p1a: Skeledirge|Slack Off|p1a: Skeledirge\n|-heal|p1a: Skeledirge|59\/100\n|\n|-heal|p2a: Ursaluna|34\/100|[from] item: Leftovers\n|-heal|p1a: Skeledirge|66\/100|[from] item: Leftovers\n|upkeep\n|turn|7\n|\n|t:|1698113018\n|switch|p2a: Chandelure|Chandelure, F|100\/100\n|move|p1a: Skeledirge|Slack Off|p1a: Skeledirge\n|-heal|p1a: Skeledirge|100\/100\n|\n|upkeep\n|turn|8\n|\n|t:|1698113025\n|move|p2a: Chandelure|Flamethrower|p1a: Skeledirge\n|-damage|p1a: Skeledirge|58\/100\n|move|p1a: Skeledirge|Hex|p2a: Chandelure\n|-supereffective|p2a: Chandelure\n|-damage|p2a: Chandelure|0 fnt\n|faint|p2a: Chandelure\n|\n|-heal|p1a: Skeledirge|64\/100|[from] item: Leftovers\n|upkeep\n|\n|t:|1698113035\n|switch|p2a: Yanmega|Yanmega, F, shiny|100\/100\n|turn|9\n|\n|t:|1698113040\n|move|p2a: Yanmega|Air Slash|p1a: Skeledirge\n|-damage|p1a: Skeledirge|33\/100\n|cant|p1a: Skeledirge|flinch\n|\n|-heal|p1a: Skeledirge|39\/100|[from] item: Leftovers\n|-ability|p2a: Yanmega|Speed Boost|boost\n|-boost|p2a: Yanmega|spe|1\n|upkeep\n|turn|10\n|\n|t:|1698113066\n|move|p2a: Yanmega|Air Slash|p1a: Skeledirge\n|-damage|p1a: Skeledirge|9\/100\n|move|p1a: Skeledirge|Torch Song|p2a: Yanmega\n|-supereffective|p2a: Yanmega\n|-damage|p2a: Yanmega|0 fnt\n|-boost|p1a: Skeledirge|spa|1\n|faint|p2a: Yanmega\n|\n|-heal|p1a: Skeledirge|15\/100|[from] item: Leftovers\n|upkeep\n|\n|t:|1698113077\n|switch|p2a: Ogerpon|Ogerpon-Hearthflame, F|100\/100\n|-ability|p2a: Ogerpon|Mold Breaker\n|turn|11\n|\n|t:|1698113082\n|move|p2a: Ogerpon|Trailblaze|p1a: Skeledirge\n|-crit|p1a: Skeledirge\n|-damage|p1a: Skeledirge|0 fnt\n|-boost|p2a: Ogerpon|spe|1\n|faint|p1a: Skeledirge\n|\n|upkeep\n|\n|t:|1698113087\n|switch|p1a: Koraidon|Koraidon|100\/100\n|-activate|p1a: Koraidon|move: Sticky Web\n|-unboost|p1a: Koraidon|spe|1\n|-weather|SunnyDay|[from] ability: Orichalcum Pulse|[of] p1a: Koraidon\n|-activate|p1a: Koraidon|Orichalcum Pulse|[source]\n|turn|12\n|\n|t:|1698113093\n|move|p2a: Ogerpon|Play Rough|p1a: Koraidon\n|-supereffective|p1a: Koraidon\n|-damage|p1a: Koraidon|0 fnt\n|faint|p1a: Koraidon\n|\n|-weather|SunnyDay|[upkeep]\n|upkeep\n|\n|t:|1698113099\n|switch|p1a: Miraidon|Miraidon|100\/100\n|-activate|p1a: Miraidon|move: Sticky Web\n|-unboost|p1a: Miraidon|spe|1\n|-fieldstart|move: Electric Terrain|[from] ability: Hadron Engine|[of] p1a: Miraidon\n|turn|13\n|\n|t:|1698113107\n|-terastallize|p2a: Ogerpon|Fire\n|detailschange|p2a: Ogerpon|Ogerpon-Hearthflame-Tera, F, tera:Fire\n|-ability|p2a: Ogerpon|Embody Aspect (Hearthflame)|boost\n|-boost|p2a: Ogerpon|atk|1\n|move|p2a: Ogerpon|Play Rough|p1a: Miraidon\n|-supereffective|p1a: Miraidon\n|-damage|p1a: Miraidon|0 fnt\n|faint|p1a: Miraidon\n|\n|-weather|SunnyDay|[upkeep]\n|upkeep\n|\n|t:|1698113114\n|switch|p1a: Flutter Mane|Flutter Mane, shiny|100\/100\n|-activate|p1a: Flutter Mane|move: Sticky Web\n|-unboost|p1a: Flutter Mane|spe|1\n|-activate|p1a: Flutter Mane|ability: Protosynthesis\n|-start|p1a: Flutter Mane|protosynthesisspa\n|turn|14\n|\n|t:|1698113122\n|move|p2a: Ogerpon|Ivy Cudgel|p1a: Flutter Mane\n|-damage|p1a: Flutter Mane|0 fnt\n|faint|p1a: Flutter Mane\n|-end|p1a: Flutter Mane|Protosynthesis|[silent]\n|\n|-weather|SunnyDay|[upkeep]\n|upkeep\n|\n|t:|1698113125\n|switch|p1a: Zacian|Zacian-Crowned|100\/100\n|-activate|p1a: Zacian|move: Sticky Web\n|-unboost|p1a: Zacian|spe|1\n|-ability|p1a: Zacian|Intrepid Sword|boost\n|-boost|p1a: Zacian|atk|1\n|turn|15\n|\n|t:|1698113133\n|move|p2a: Ogerpon|Ivy Cudgel|p1a: Zacian\n|-supereffective|p1a: Zacian\n|-crit|p1a: Zacian\n|-damage|p1a: Zacian|0 fnt\n|faint|p1a: Zacian\n|\n|win|Blake-Mamba\n|raw|Quarren_Show's rating: 1257 &rarr; <strong>1232<\/strong><br \/>(-25 for losing)\n|raw|Blake-Mamba's rating: 1253 &rarr; <strong>1278<\/strong><br \/>(+25 for winning)\n|c|\u2606Blake-Mamba|Gg\n|l|\u2606Quarren_Show\n","uploadtime":1698113143,"views":13,"p1id":"quarrenshow","p2id":"blakemamba","formatid":"gen9ubers","rating":1232,"private":0,"password":""}