{"id":"gen9ubers-1973268243","p1":"Enzolconti","p2":"Rubyboi711","format":"[Gen 9] Ubers","log":"|j|\u2606Enzolconti\n|j|\u2606Rubyboi711\n|t:|1697946545\n|gametype|singles\n|player|p1|Enzolconti|266|1165\n|player|p2|Rubyboi711|volkner|1095\n|teamsize|p1|6\n|teamsize|p2|6\n|gen|9\n|tier|[Gen 9] Ubers\n|rated|\n|rule|Sleep Clause Mod: Limit one foe put to sleep\n|rule|Species Clause: Limit one of each Pok\u00e9mon\n|rule|OHKO Clause: OHKO moves are banned\n|rule|Evasion Items Clause: Evasion items are banned\n|rule|Evasion Moves Clause: Evasion moves are banned\n|rule|Endless Battle Clause: Forcing endless battles is banned\n|rule|HP Percentage Mod: HP is shown in percentages\n|clearpoke\n|poke|p1|Palkia-Origin|\n|poke|p1|Palafin, F|\n|poke|p1|Miraidon|\n|poke|p1|Kyogre|\n|poke|p1|Iron Treads|\n|poke|p1|Zoroark-Hisui, F|\n|poke|p2|Regieleki|\n|poke|p2|Calyrex-Ice|\n|poke|p2|Florges, F|\n|poke|p2|Koraidon|\n|poke|p2|Miraidon|\n|poke|p2|Arceus-Water|\n|teampreview\n|\n|t:|1697946576\n|start\n|switch|p1a: Palafin|Palafin, F, shiny|100\/100\n|switch|p2a: Miraidon|Miraidon|100\/100\n|-fieldstart|move: Electric Terrain|[from] ability: Hadron Engine|[of] p2a: Miraidon\n|turn|1\n|\n|t:|1697946583\n|detailschange|p1a: Palafin|Palafin-Hero, F, shiny\n|switch|p1a: Iron Treads|Iron Treads, shiny|100\/100\n|-activate|p1a: Iron Treads|ability: Quark Drive\n|-start|p1a: Iron Treads|quarkdrivespe\n|move|p2a: Miraidon|Electro Drift|p1a: Iron Treads\n|-immune|p1a: Iron Treads\n|\n|upkeep\n|turn|2\n|\n|t:|1697946598\n|move|p1a: Iron Treads|Knock Off|p2a: Miraidon\n|-damage|p2a: Miraidon|68\/100\n|-enditem|p2a: Miraidon|Zap Plate|[from] move: Knock Off|[of] p1a: Iron Treads\n|move|p2a: Miraidon|Overheat|p1a: Iron Treads\n|-supereffective|p1a: Iron Treads\n|-damage|p1a: Iron Treads|0 fnt\n|-unboost|p2a: Miraidon|spa|2\n|faint|p1a: Iron Treads\n|-end|p1a: Iron Treads|Quark Drive|[silent]\n|\n|upkeep\n|\n|t:|1697946617\n|switch|p1a: Palkia|Palkia-Origin|100\/100\n|turn|3\n|\n|t:|1697946625\n|switch|p2a: Florges|Florges, F|100\/100\n|-terastallize|p1a: Palkia|Ground\n|move|p1a: Palkia|Tera Blast|p2a: Florges|[anim] Tera Blast Ground\n|-damage|p2a: Florges|78\/100\n|\n|-heal|p2a: Florges|84\/100|[from] item: Leftovers\n|upkeep\n|turn|4\n|\n|t:|1697946636\n|switch|p1a: Kyogre|Kyogre|100\/100\n|-weather|RainDance|[from] ability: Drizzle|[of] p1a: Kyogre\n|move|p2a: Florges|Wish|p2a: Florges\n|\n|-weather|RainDance|[upkeep]\n|-heal|p2a: Florges|90\/100|[from] item: Leftovers\n|upkeep\n|turn|5\n|\n|t:|1697946641\n|switch|p2a: Miraidon|Miraidon|68\/100\n|-activate|p2a: Miraidon|ability: Hadron Engine\n|move|p1a: Kyogre|Thunder Wave|p2a: Miraidon\n|-immune|p2a: Miraidon\n|\n|-weather|RainDance|[upkeep]\n|-heal|p2a: Miraidon|100\/100|[from] move: Wish|[wisher] Florges\n|-fieldend|move: Electric Terrain\n|upkeep\n|turn|6\n|\n|t:|1697946651\n|move|p2a: Miraidon|Electro Drift|p1a: Kyogre\n|-supereffective|p1a: Kyogre\n|-damage|p1a: Kyogre|8\/100\n|move|p1a: Kyogre|Origin Pulse|p2a: Miraidon\n|-resisted|p2a: Miraidon\n|-damage|p2a: Miraidon|56\/100\n|\n|-weather|RainDance|[upkeep]\n|-heal|p1a: Kyogre|15\/100|[from] item: Leftovers\n|upkeep\n|turn|7\n|-message|Enzolconti forfeited.\n|\n|win|Rubyboi711\n|raw|Enzolconti's rating: 1165 &rarr; <strong>1135<\/strong><br \/>(-30 for losing)\n|raw|Rubyboi711's rating: 1095 &rarr; <strong>1126<\/strong><br \/>(+31 for winning)\n|l|\u2606Enzolconti\n","uploadtime":1697946660,"views":14,"p1id":"enzolconti","p2id":"rubyboi711","formatid":"gen9ubers","rating":1126,"private":0,"password":""}