{"id":"gen9ubers-1980174219","p1":"makers manhattan","p2":"8142e","format":"[Gen 9] Ubers","log":"|j|\u2606makers manhattan\n|j|\u26068142e\n|t:|1698763701\n|gametype|singles\n|player|p1|makers manhattan|265|\n|player|p2|8142e|101|\n|teamsize|p1|6\n|teamsize|p2|6\n|gen|9\n|tier|[Gen 9] Ubers\n|rated|Tournament battle\n|rule|Sleep Clause Mod: Limit one foe put to sleep\n|rule|Species Clause: Limit one of each Pok\u00e9mon\n|rule|OHKO Clause: OHKO moves are banned\n|rule|Evasion Items Clause: Evasion items are banned\n|rule|Evasion Moves Clause: Evasion moves are banned\n|rule|Endless Battle Clause: Forcing endless battles is banned\n|rule|HP Percentage Mod: HP is shown in percentages\n|clearpoke\n|poke|p1|Ribombee, F|\n|poke|p1|Mewtwo|\n|poke|p1|Miraidon|\n|poke|p1|Eternatus|\n|poke|p1|Zacian-*|\n|poke|p1|Basculegion, M|\n|poke|p2|Corviknight, F|\n|poke|p2|Blissey, F|\n|poke|p2|Eternatus|\n|poke|p2|Giratina|\n|poke|p2|Dondozo, F|\n|poke|p2|Arceus-Fairy|\n|teampreview\n|c|\u26068142e|hf\n|c|\u2606makers manhattan|hf\n|\n|t:|1698763722\n|start\n|switch|p1a: Ribombee|Ribombee, F, shiny|100\/100\n|switch|p2a: Blissey|Blissey, F|100\/100\n|turn|1\n|\n|t:|1698763730\n|move|p1a: Ribombee|Sticky Web|p2a: Blissey\n|-sidestart|p2: 8142e|move: Sticky Web\n|move|p2a: Blissey|Stealth Rock|p1a: Ribombee\n|-sidestart|p1: makers manhattan|move: Stealth Rock\n|\n|upkeep\n|turn|2\n|\n|t:|1698763745\n|move|p1a: Ribombee|Stun Spore|p2a: Blissey\n|-status|p2a: Blissey|par\n|move|p2a: Blissey|Stealth Rock||[still]\n|-fail|p2a: Blissey\n|\n|upkeep\n|turn|3\n|\n|t:|1698763753\n|move|p1a: Ribombee|Moonblast|p2a: Blissey\n|-damage|p2a: Blissey|88\/100 par\n|move|p2a: Blissey|Seismic Toss|p1a: Ribombee\n|-damage|p1a: Ribombee|62\/100\n|\n|upkeep\n|turn|4\n|\n|t:|1698763760\n|move|p1a: Ribombee|Moonblast|p2a: Blissey\n|-damage|p2a: Blissey|77\/100 par\n|-unboost|p2a: Blissey|spa|1\n|cant|p2a: Blissey|par\n|\n|upkeep\n|turn|5\n|\n|t:|1698763772\n|move|p1a: Ribombee|Moonblast|p2a: Blissey\n|-damage|p2a: Blissey|66\/100 par\n|move|p2a: Blissey|Seismic Toss|p1a: Ribombee\n|-damage|p1a: Ribombee|24\/100\n|\n|upkeep\n|turn|6\n|\n|t:|1698763781\n|move|p1a: Ribombee|Moonblast|p2a: Blissey\n|-damage|p2a: Blissey|54\/100 par\n|cant|p2a: Blissey|par\n|\n|upkeep\n|turn|7\n|\n|t:|1698763789\n|move|p1a: Ribombee|Moonblast|p2a: Blissey\n|-damage|p2a: Blissey|43\/100 par\n|-unboost|p2a: Blissey|spa|1\n|cant|p2a: Blissey|par\n|\n|upkeep\n|turn|8\n|\n|t:|1698763795\n|move|p1a: Ribombee|Moonblast|p2a: Blissey\n|-damage|p2a: Blissey|30\/100 par\n|-unboost|p2a: Blissey|spa|1\n|move|p2a: Blissey|Soft-Boiled|p2a: Blissey\n|-heal|p2a: Blissey|80\/100 par\n|\n|upkeep\n|turn|9\n|\n|t:|1698763796\n|move|p1a: Ribombee|Moonblast|p2a: Blissey\n|-damage|p2a: Blissey|67\/100 par\n|-unboost|p2a: Blissey|spa|1\n|move|p2a: Blissey|Soft-Boiled|p2a: Blissey\n|-heal|p2a: Blissey|100\/100 par\n|\n|upkeep\n|turn|10\n|\n|t:|1698763799\n|move|p1a: Ribombee|Moonblast|p2a: Blissey\n|-damage|p2a: Blissey|88\/100 par\n|cant|p2a: Blissey|par\n|\n|upkeep\n|turn|11\n|\n|t:|1698763805\n|move|p1a: Ribombee|Moonblast|p2a: Blissey\n|-damage|p2a: Blissey|77\/100 par\n|move|p2a: Blissey|Seismic Toss|p1a: Ribombee\n|-damage|p1a: Ribombee|0 fnt\n|faint|p1a: Ribombee\n|\n|upkeep\n|\n|t:|1698763833\n|switch|p1a: Eternatus|Eternatus|100\/100\n|-damage|p1a: Eternatus|88\/100|[from] Stealth Rock\n|-ability|p1a: Eternatus|Pressure\n|turn|12\n|j| Nicometeor\n|\n|t:|1698763838\n|-curestatus|p2a: Blissey|par|[from] ability: Natural Cure\n|switch|p2a: Corviknight|Corviknight, F|100\/100\n|-ability|p2a: Corviknight|Pressure\n|move|p1a: Eternatus|Dynamax Cannon|p2a: Corviknight\n|-resisted|p2a: Corviknight\n|-damage|p2a: Corviknight|68\/100\n|\n|-heal|p1a: Eternatus|94\/100|[from] item: Leftovers\n|-heal|p2a: Corviknight|74\/100|[from] item: Leftovers\n|upkeep\n|turn|13\n|\n|t:|1698763846\n|switch|p2a: Blissey|Blissey, F|77\/100\n|move|p1a: Eternatus|Fire Blast|p2a: Blissey\n|-damage|p2a: Blissey|62\/100\n|\n|-heal|p1a: Eternatus|100\/100|[from] item: Leftovers\n|upkeep\n|turn|14\n|\n|t:|1698763851\n|move|p1a: Eternatus|Sludge Bomb|p2a: Blissey\n|-damage|p2a: Blissey|45\/100\n|-status|p2a: Blissey|psn\n|move|p2a: Blissey|Soft-Boiled|p2a: Blissey\n|-heal|p2a: Blissey|95\/100 psn\n|\n|-damage|p2a: Blissey|83\/100 psn|[from] psn\n|upkeep\n|turn|15\n|\n|t:|1698763863\n|-curestatus|p2a: Blissey|psn|[from] ability: Natural Cure\n|switch|p2a: Giratina|Giratina|100\/100\n|-activate|p2a: Giratina|move: Sticky Web\n|-unboost|p2a: Giratina|spe|1\n|-ability|p2a: Giratina|Pressure\n|move|p1a: Eternatus|Sludge Bomb|p2a: Giratina\n|-resisted|p2a: Giratina\n|-crit|p2a: Giratina\n|-damage|p2a: Giratina|74\/100\n|-status|p2a: Giratina|psn\n|\n|-heal|p2a: Giratina|80\/100 psn|[from] item: Leftovers\n|-damage|p2a: Giratina|68\/100 psn|[from] psn\n|upkeep\n|turn|16\n|\n|t:|1698763867\n|move|p2a: Giratina|Protect|p2a: Giratina\n|-singleturn|p2a: Giratina|Protect\n|move|p1a: Eternatus|Dynamax Cannon|p2a: Giratina\n|-activate|p2a: Giratina|move: Protect\n|\n|-heal|p2a: Giratina|74\/100 psn|[from] item: Leftovers\n|-damage|p2a: Giratina|62\/100 psn|[from] psn\n|upkeep\n|turn|17\n|c| Nicometeor|r u srs 8truc\n|c|\u26068142e|no\n|c| Nicometeor|u are banned from holy gang\n|c| Nicometeor|for playing such ugly\n|c|\u26068142e|im sleepy af\n|c| Nicometeor|bro is playing hard stall\n|c| Nicometeor|>im sleepy\n|\n|t:|1698763897\n|switch|p2a: Corviknight|Corviknight, F|74\/100\n|-ability|p2a: Corviknight|Pressure\n|move|p1a: Eternatus|Fire Blast|p2a: Corviknight\n|-supereffective|p2a: Corviknight\n|-damage|p2a: Corviknight|0 fnt\n|faint|p2a: Corviknight\n|\n|upkeep\n|\n|t:|1698763903\n|switch|p2a: Giratina|Giratina|62\/100 psn\n|-activate|p2a: Giratina|move: Sticky Web\n|-unboost|p2a: Giratina|spe|1\n|-ability|p2a: Giratina|Pressure\n|turn|18\n|c|\u26068142e|im seriously sleepy\n|\n|t:|1698763911\n|move|p1a: Eternatus|Agility|p1a: Eternatus\n|-boost|p1a: Eternatus|spe|2\n|move|p2a: Giratina|Substitute|p2a: Giratina\n|-start|p2a: Giratina|Substitute\n|-damage|p2a: Giratina|37\/100 psn\n|\n|-heal|p2a: Giratina|43\/100 psn|[from] item: Leftovers\n|-damage|p2a: Giratina|30\/100 psn|[from] psn\n|upkeep\n|turn|19\n|c| Nicometeor|what is this set\n|\n|t:|1698763927\n|move|p2a: Giratina|Protect|p2a: Giratina\n|-singleturn|p2a: Giratina|Protect\n|move|p1a: Eternatus|Sludge Bomb|p2a: Giratina\n|-activate|p2a: Giratina|move: Protect\n|\n|-heal|p2a: Giratina|36\/100 psn|[from] item: Leftovers\n|-damage|p2a: Giratina|24\/100 psn|[from] psn\n|upkeep\n|turn|20\n|c|\u26068142e|im memeing\n|\n|t:|1698763932\n|move|p1a: Eternatus|Dynamax Cannon|p2a: Giratina\n|-supereffective|p2a: Giratina\n|-end|p2a: Giratina|Substitute\n|move|p2a: Giratina|Spite|p1a: Eternatus\n|-activate|p1a: Eternatus|move: Spite|Dynamax Cannon|2\n|\n|-heal|p2a: Giratina|30\/100 psn|[from] item: Leftovers\n|-damage|p2a: Giratina|18\/100 psn|[from] psn\n|upkeep\n|turn|21\n|\n|t:|1698763938\n|switch|p2a: Eternatus|Eternatus|100\/100\n|-activate|p2a: Eternatus|move: Sticky Web\n|-unboost|p2a: Eternatus|spe|1\n|-ability|p2a: Eternatus|Pressure\n|move|p1a: Eternatus|Sludge Bomb|p2a: Eternatus\n|-resisted|p2a: Eternatus\n|-damage|p2a: Eternatus|83\/100\n|\n|-heal|p2a: Eternatus|90\/100|[from] item: Leftovers\n|upkeep\n|turn|22\n|l| Nicometeor\n|\n|t:|1698763946\n|switch|p1a: Zacian|Zacian-Crowned, shiny|100\/100\n|-damage|p1a: Zacian|94\/100|[from] Stealth Rock\n|-ability|p1a: Zacian|Intrepid Sword|boost\n|-boost|p1a: Zacian|atk|1\n|move|p2a: Eternatus|Substitute|p2a: Eternatus\n|-start|p2a: Eternatus|Substitute\n|-damage|p2a: Eternatus|65\/100\n|\n|-heal|p2a: Eternatus|71\/100|[from] item: Leftovers\n|upkeep\n|turn|23\n|j| Nicometeor\n|\n|t:|1698763955\n|move|p1a: Zacian|Behemoth Blade|p2a: Eternatus\n|-end|p2a: Eternatus|Substitute\n|move|p2a: Eternatus|Flamethrower|p1a: Zacian\n|-supereffective|p1a: Zacian\n|-damage|p1a: Zacian|40\/100\n|\n|-heal|p2a: Eternatus|77\/100|[from] item: Leftovers\n|upkeep\n|turn|24\n|\n|t:|1698763963\n|switch|p2a: Giratina|Giratina|18\/100 psn\n|-activate|p2a: Giratina|move: Sticky Web\n|-unboost|p2a: Giratina|spe|1\n|-ability|p2a: Giratina|Pressure\n|move|p1a: Zacian|Behemoth Blade|p2a: Giratina\n|-crit|p2a: Giratina\n|-damage|p2a: Giratina|0 fnt\n|faint|p2a: Giratina\n|\n|upkeep\n|\n|t:|1698763967\n|switch|p2a: Dondozo|Dondozo, F|100\/100\n|-activate|p2a: Dondozo|move: Sticky Web\n|-unboost|p2a: Dondozo|spe|1\n|turn|25\n|\n|t:|1698763983\n|switch|p1a: Miraidon|Miraidon|100\/100\n|-damage|p1a: Miraidon|88\/100|[from] Stealth Rock\n|-fieldstart|move: Electric Terrain|[from] ability: Hadron Engine|[of] p1a: Miraidon\n|-enditem|p1a: Miraidon|Electric Seed\n|-boost|p1a: Miraidon|def|1|[from] item: Electric Seed\n|move|p2a: Dondozo|Liquidation|p1a: Miraidon\n|-resisted|p1a: Miraidon\n|-crit|p1a: Miraidon\n|-damage|p1a: Miraidon|68\/100\n|\n|upkeep\n|turn|26\n|\n|t:|1698763992\n|switch|p2a: Blissey|Blissey, F|83\/100\n|move|p1a: Miraidon|Calm Mind|p1a: Miraidon\n|-boost|p1a: Miraidon|spa|1\n|-boost|p1a: Miraidon|spd|1\n|\n|upkeep\n|turn|27\n|\n|t:|1698763996\n|move|p1a: Miraidon|Parabolic Charge|p2a: Blissey\n|-damage|p2a: Blissey|53\/100\n|-heal|p1a: Miraidon|92\/100|[from] drain|[of] p2a: Blissey\n|move|p2a: Blissey|Seismic Toss|p1a: Miraidon\n|-damage|p1a: Miraidon|67\/100\n|\n|upkeep\n|turn|28\n|\n|t:|1698764000\n|-terastallize|p2a: Blissey|Ground\n|move|p1a: Miraidon|Parabolic Charge|p2a: Blissey\n|-immune|p2a: Blissey\n|move|p2a: Blissey|Soft-Boiled|p2a: Blissey\n|-heal|p2a: Blissey|100\/100\n|\n|upkeep\n|turn|29\n|j| Fartconsumer\n|\n|t:|1698764018\n|switch|p1a: Zacian|Zacian-Crowned, shiny|40\/100\n|-damage|p1a: Zacian|34\/100|[from] Stealth Rock\n|move|p2a: Blissey|Seismic Toss|p1a: Zacian\n|-damage|p1a: Zacian|3\/100\n|\n|-fieldend|move: Electric Terrain\n|upkeep\n|turn|30\n|\n|t:|1698764024\n|switch|p2a: Dondozo|Dondozo, F|100\/100\n|-activate|p2a: Dondozo|move: Sticky Web\n|-unboost|p2a: Dondozo|spe|1\n|move|p1a: Zacian|Behemoth Blade|p2a: Dondozo\n|-resisted|p2a: Dondozo\n|-crit|p2a: Dondozo\n|-damage|p2a: Dondozo|81\/100\n|\n|-heal|p2a: Dondozo|88\/100|[from] item: Leftovers\n|upkeep\n|turn|31\n|\n|t:|1698764029\n|move|p1a: Zacian|Wild Charge|p2a: Dondozo\n|-supereffective|p2a: Dondozo\n|-damage|p2a: Dondozo|56\/100\n|-damage|p1a: Zacian|0 fnt|[from] Recoil\n|faint|p1a: Zacian\n|move|p2a: Dondozo|Curse|p2a: Dondozo\n|-unboost|p2a: Dondozo|spe|1\n|-boost|p2a: Dondozo|atk|1\n|-boost|p2a: Dondozo|def|1\n|\n|-heal|p2a: Dondozo|62\/100|[from] item: Leftovers\n|upkeep\n|\n|t:|1698764035\n|switch|p1a: Miraidon|Miraidon|67\/100\n|-damage|p1a: Miraidon|55\/100|[from] Stealth Rock\n|-fieldstart|move: Electric Terrain|[from] ability: Hadron Engine|[of] p1a: Miraidon\n|turn|32\n|\n|t:|1698764040\n|switch|p1a: Mewtwo|Mewtwo, shiny|100\/100\n|-damage|p1a: Mewtwo|88\/100|[from] Stealth Rock\n|-ability|p1a: Mewtwo|Pressure\n|move|p2a: Dondozo|Protect||[still]\n|-fail|p2a: Dondozo\n|\n|-heal|p2a: Dondozo|69\/100|[from] item: Leftovers\n|upkeep\n|turn|33\n|\n|t:|1698764053\n|switch|p1a: Eternatus|Eternatus|100\/100\n|-damage|p1a: Eternatus|88\/100|[from] Stealth Rock\n|-ability|p1a: Eternatus|Pressure\n|move|p2a: Dondozo|Protect||[still]\n|-fail|p2a: Dondozo\n|\n|-heal|p1a: Eternatus|94\/100|[from] item: Leftovers\n|-heal|p2a: Dondozo|75\/100|[from] item: Leftovers\n|upkeep\n|turn|34\n|inactive|Battle timer is ON: inactive players will automatically lose when time's up. (requested by 8142e)\n|\n|t:|1698764056\n|move|p2a: Dondozo|Protect|p2a: Dondozo\n|-singleturn|p2a: Dondozo|Protect\n|move|p1a: Eternatus|Sludge Bomb|p2a: Dondozo\n|-activate|p2a: Dondozo|move: Protect\n|\n|-heal|p1a: Eternatus|100\/100|[from] item: Leftovers\n|-heal|p2a: Dondozo|81\/100|[from] item: Leftovers\n|upkeep\n|turn|35\n|inactiveoff|Battle timer is now OFF.\n|\n|t:|1698764060\n|switch|p2a: Eternatus|Eternatus|77\/100\n|-activate|p2a: Eternatus|move: Sticky Web\n|-unboost|p2a: Eternatus|spe|1\n|-ability|p2a: Eternatus|Pressure\n|move|p1a: Eternatus|Sludge Bomb|p2a: Eternatus\n|-resisted|p2a: Eternatus\n|-damage|p2a: Eternatus|58\/100\n|\n|-heal|p2a: Eternatus|64\/100|[from] item: Leftovers\n|upkeep\n|turn|36\n|\n|t:|1698764070\n|switch|p1a: Mewtwo|Mewtwo, shiny|88\/100\n|-damage|p1a: Mewtwo|76\/100|[from] Stealth Rock\n|-ability|p1a: Mewtwo|Pressure\n|move|p2a: Eternatus|Substitute|p2a: Eternatus\n|-start|p2a: Eternatus|Substitute\n|-damage|p2a: Eternatus|40\/100\n|\n|-heal|p2a: Eternatus|46\/100|[from] item: Leftovers\n|-fieldend|move: Electric Terrain\n|upkeep\n|turn|37\n|\n|t:|1698764076\n|-terastallize|p1a: Mewtwo|Steel\n|move|p1a: Mewtwo|Psystrike|p2a: Eternatus\n|-supereffective|p2a: Eternatus\n|-end|p2a: Eternatus|Substitute\n|-damage|p1a: Mewtwo|66\/100|[from] item: Life Orb\n|move|p2a: Eternatus|Toxic|p1a: Mewtwo\n|-immune|p1a: Mewtwo\n|\n|-heal|p2a: Eternatus|52\/100|[from] item: Leftovers\n|upkeep\n|turn|38\n|\n|t:|1698764087\n|switch|p2a: Dondozo|Dondozo, F|81\/100\n|-activate|p2a: Dondozo|move: Sticky Web\n|-unboost|p2a: Dondozo|spe|1\n|move|p1a: Mewtwo|Psystrike|p2a: Dondozo\n|-damage|p2a: Dondozo|49\/100\n|-damage|p1a: Mewtwo|56\/100|[from] item: Life Orb\n|\n|-heal|p2a: Dondozo|55\/100|[from] item: Leftovers\n|upkeep\n|turn|39\n|\n|t:|1698764097\n|move|p2a: Dondozo|Protect|p2a: Dondozo\n|-singleturn|p2a: Dondozo|Protect\n|move|p1a: Mewtwo|Grass Knot|p2a: Dondozo\n|-activate|p2a: Dondozo|move: Protect\n|\n|-heal|p2a: Dondozo|61\/100|[from] item: Leftovers\n|upkeep\n|turn|40\n|\n|t:|1698764102\n|switch|p2a: Eternatus|Eternatus|52\/100\n|-activate|p2a: Eternatus|move: Sticky Web\n|-unboost|p2a: Eternatus|spe|1\n|-ability|p2a: Eternatus|Pressure\n|move|p1a: Mewtwo|Psystrike|p2a: Eternatus\n|-supereffective|p2a: Eternatus\n|-damage|p2a: Eternatus|0 fnt\n|faint|p2a: Eternatus\n|-damage|p1a: Mewtwo|46\/100|[from] item: Life Orb\n|\n|upkeep\n|\n|t:|1698764104\n|switch|p2a: Arceus|Arceus-Fairy|100\/100\n|-activate|p2a: Arceus|move: Sticky Web\n|-unboost|p2a: Arceus|spe|1\n|turn|41\n|j| BIKAS\n|\n|t:|1698764109\n|switch|p1a: Eternatus|Eternatus|100\/100\n|-damage|p1a: Eternatus|88\/100|[from] Stealth Rock\n|-ability|p1a: Eternatus|Pressure\n|switch|p2a: Dondozo|Dondozo, F|61\/100\n|-activate|p2a: Dondozo|move: Sticky Web\n|-unboost|p2a: Dondozo|spe|1\n|\n|-heal|p1a: Eternatus|94\/100|[from] item: Leftovers\n|-heal|p2a: Dondozo|67\/100|[from] item: Leftovers\n|upkeep\n|turn|42\n|\n|t:|1698764113\n|move|p2a: Dondozo|Protect|p2a: Dondozo\n|-singleturn|p2a: Dondozo|Protect\n|move|p1a: Eternatus|Sludge Bomb|p2a: Dondozo\n|-activate|p2a: Dondozo|move: Protect\n|\n|-heal|p1a: Eternatus|100\/100|[from] item: Leftovers\n|-heal|p2a: Dondozo|74\/100|[from] item: Leftovers\n|upkeep\n|turn|43\n|\n|t:|1698764119\n|switch|p2a: Blissey|Blissey, F, tera:Ground|100\/100\n|move|p1a: Eternatus|Sludge Bomb|p2a: Blissey\n|-resisted|p2a: Blissey\n|-damage|p2a: Blissey|92\/100\n|\n|upkeep\n|turn|44\n|\n|t:|1698764125\n|switch|p1a: Miraidon|Miraidon|55\/100\n|-damage|p1a: Miraidon|43\/100|[from] Stealth Rock\n|-fieldstart|move: Electric Terrain|[from] ability: Hadron Engine|[of] p1a: Miraidon\n|switch|p2a: Dondozo|Dondozo, F|74\/100\n|-activate|p2a: Dondozo|move: Sticky Web\n|-unboost|p2a: Dondozo|spe|1\n|\n|-heal|p2a: Dondozo|80\/100|[from] item: Leftovers\n|upkeep\n|turn|45\n|\n|t:|1698764128\n|move|p2a: Dondozo|Protect|p2a: Dondozo\n|-singleturn|p2a: Dondozo|Protect\n|move|p1a: Miraidon|Calm Mind|p1a: Miraidon\n|-boost|p1a: Miraidon|spa|1\n|-boost|p1a: Miraidon|spd|1\n|\n|-heal|p2a: Dondozo|86\/100|[from] item: Leftovers\n|upkeep\n|turn|46\n|\n|t:|1698764132\n|switch|p2a: Blissey|Blissey, F, tera:Ground|92\/100\n|move|p1a: Miraidon|Dazzling Gleam|p2a: Blissey\n|-damage|p2a: Blissey|74\/100\n|\n|upkeep\n|turn|47\n|\n|t:|1698764136\n|move|p1a: Miraidon|Dazzling Gleam|p2a: Blissey\n|-damage|p2a: Blissey|54\/100\n|move|p2a: Blissey|Seismic Toss|p1a: Miraidon\n|-damage|p1a: Miraidon|18\/100\n|\n|upkeep\n|turn|48\n|\n|t:|1698764139\n|move|p1a: Miraidon|Dazzling Gleam|p2a: Blissey\n|-damage|p2a: Blissey|34\/100\n|move|p2a: Blissey|Seismic Toss|p1a: Miraidon\n|-damage|p1a: Miraidon|0 fnt\n|faint|p1a: Miraidon\n|\n|-fieldend|move: Electric Terrain\n|upkeep\n|\n|t:|1698764148\n|switch|p1a: Mewtwo|Mewtwo, shiny, tera:Steel|46\/100\n|-damage|p1a: Mewtwo|40\/100|[from] Stealth Rock\n|-ability|p1a: Mewtwo|Pressure\n|turn|49\n|\n|t:|1698764150\n|move|p1a: Mewtwo|Psystrike|p2a: Blissey\n|-damage|p2a: Blissey|0 fnt\n|faint|p2a: Blissey\n|-damage|p1a: Mewtwo|30\/100|[from] item: Life Orb\n|\n|upkeep\n|\n|t:|1698764152\n|switch|p2a: Dondozo|Dondozo, F|86\/100\n|-activate|p2a: Dondozo|move: Sticky Web\n|-unboost|p2a: Dondozo|spe|1\n|turn|50\n|\n|t:|1698764155\n|move|p2a: Dondozo|Protect|p2a: Dondozo\n|-singleturn|p2a: Dondozo|Protect\n|move|p1a: Mewtwo|Grass Knot|p2a: Dondozo\n|-activate|p2a: Dondozo|move: Protect\n|\n|-heal|p2a: Dondozo|92\/100|[from] item: Leftovers\n|upkeep\n|turn|51\n|\n|t:|1698764164\n|move|p1a: Mewtwo|Grass Knot|p2a: Dondozo\n|-supereffective|p2a: Dondozo\n|-damage|p2a: Dondozo|0 fnt\n|faint|p2a: Dondozo\n|-damage|p1a: Mewtwo|20\/100|[from] item: Life Orb\n|\n|upkeep\n|\n|t:|1698764165\n|switch|p2a: Arceus|Arceus-Fairy|100\/100\n|-activate|p2a: Arceus|move: Sticky Web\n|-unboost|p2a: Arceus|spe|1\n|turn|52\n|\n|t:|1698764169\n|move|p1a: Mewtwo|Psystrike|p2a: Arceus\n|-damage|p2a: Arceus|63\/100\n|-damage|p1a: Mewtwo|10\/100|[from] item: Life Orb\n|move|p2a: Arceus|Calm Mind|p2a: Arceus\n|-boost|p2a: Arceus|spa|1\n|-boost|p2a: Arceus|spd|1\n|\n|upkeep\n|turn|53\n|\n|t:|1698764172\n|move|p1a: Mewtwo|Psystrike|p2a: Arceus\n|-damage|p2a: Arceus|24\/100\n|-damage|p1a: Mewtwo|0 fnt|[from] item: Life Orb\n|faint|p1a: Mewtwo\n|move|p2a: Arceus|Recover|p2a: Arceus\n|-heal|p2a: Arceus|74\/100\n|\n|upkeep\n|\n|t:|1698764178\n|switch|p1a: Eternatus|Eternatus|100\/100\n|-damage|p1a: Eternatus|88\/100|[from] Stealth Rock\n|-ability|p1a: Eternatus|Pressure\n|turn|54\n|l| Nicometeor\n|\n|t:|1698764186\n|move|p1a: Eternatus|Sludge Bomb|p2a: Arceus\n|-supereffective|p2a: Arceus\n|-damage|p2a: Arceus|24\/100\n|-status|p2a: Arceus|psn\n|move|p2a: Arceus|Recover|p2a: Arceus\n|-heal|p2a: Arceus|75\/100 psn\n|\n|-heal|p1a: Eternatus|94\/100|[from] item: Leftovers\n|-damage|p2a: Arceus|62\/100 psn|[from] psn\n|upkeep\n|turn|55\n|j| Captain Mineblox\n|c|\u26068142e|:(\n|\n|t:|1698764195\n|move|p1a: Eternatus|Sludge Bomb|p2a: Arceus\n|-supereffective|p2a: Arceus\n|-damage|p2a: Arceus|16\/100 psn\n|move|p2a: Arceus|Recover|p2a: Arceus\n|-heal|p2a: Arceus|66\/100 psn\n|\n|-heal|p1a: Eternatus|100\/100|[from] item: Leftovers\n|-damage|p2a: Arceus|53\/100 psn|[from] psn\n|upkeep\n|turn|56\n|\n|t:|1698764198\n|move|p1a: Eternatus|Sludge Bomb|p2a: Arceus\n|-supereffective|p2a: Arceus\n|-damage|p2a: Arceus|2\/100 psn\n|move|p2a: Arceus|Recover|p2a: Arceus\n|-heal|p2a: Arceus|52\/100 psn\n|\n|-damage|p2a: Arceus|40\/100 psn|[from] psn\n|upkeep\n|turn|57\n|\n|t:|1698764200\n|move|p1a: Eternatus|Sludge Bomb|p2a: Arceus\n|-supereffective|p2a: Arceus\n|-damage|p2a: Arceus|0 fnt\n|faint|p2a: Arceus\n|\n|win|makers manhattan\n|n|\u2606makers manhattan|makersmanhattan\n|n|\u26068142e|8142e\n|n| Fartconsumer|fartconsumer\n|n| BIKAS|bikas\n|n| Captain Mineblox|captainmineblox\n|l| BIKAS\n|c|\u2606makers manhattan|gg\n|c|\u26068142e|i won if no poison\n|c|\u26068142e|sad\n|c|\u2606makers manhattan|i had\n|c|\u2606makers manhattan|basculegion\n|c|\u26068142e|im max max\n|l| Captain Mineblox\n|c|\u26068142e|does 80\n|c|\u2606makers manhattan|which would OHKO with last respects\n|c|\u26068142e|no\n|j| Captain Mineblox\n|l| Captain Mineblox\n|c|\u2606makers manhattan|Yes lol\n|c|\u26068142e|you can calc\n|c|\u2606makers manhattan|no need to\n|c|\u26068142e|srsly\n|c|\u26068142e|ill calc for you\n|c|\u2606makers manhattan|Go for it\n|c|\u26068142e|yes\n|c| Fartconsumer|Does arc fairy win 1v1 with etern?\n|c|\u26068142e|ye without poison\n|c|\u2606makers manhattan|basculegion would win because I\u2019m not swift swim\n|c| Fartconsumer|Yeah but poison is super likely cus you\u2019ll need to tank several sludge bombs\n|c| Fartconsumer|and its 30% poison chance right?\n|l|\u2606makers manhattan\n|c|\u26068142e|ill show calc\n|c|\u26068142e|252 Atk Adaptability Basculegion Last Respects vs. 248 HP \/ 204+ Def Arceus-Fairy: 386-456 (87.1 - 102.9%) -- 18.8% chance to OHKO\n|c|\u26068142e|18 percent to ko\n|c|\u26068142e|im max max\n|c| Fartconsumer|Yeah but I don\u2019t think arc fairy could actually even win the 1v1 with etern lol\n|c| Fartconsumer|sludge bomb was doing 50 even with cm up\n|c|\u26068142e|etern has 3 pp\n|c|\u26068142e|bruh\n|c| Fartconsumer|Oh I didn\u2019t see that\n|c| Fartconsumer|There\u2019s like a 65% chance he poisons then\n|c|\u26068142e|shhhh\n|l|\u26068142e\n|j|\u2606makers manhattan\n|player|p1|makers manhattan|265\n","uploadtime":1698764521,"views":15,"p1id":"makersmanhattan","p2id":"8142e","formatid":"gen9ubers","rating":0,"private":0,"password":""}