{"id":"gen9ubers-1993773562","p1":"meisgroot1","p2":"Acetraineraegis","format":"[Gen 9] Ubers","log":"|j|\u2606meisgroot1\n|j|\u2606Acetraineraegis\n|t:|1700355578\n|gametype|singles\n|player|p1|meisgroot1|266|\n|player|p2|Acetraineraegis|skierf-gen4dp|\n|teamsize|p1|6\n|teamsize|p2|6\n|gen|9\n|tier|[Gen 9] Ubers\n|rule|Sleep Clause Mod: Limit one foe put to sleep\n|rule|Species Clause: Limit one of each Pok\u00e9mon\n|rule|OHKO Clause: OHKO moves are banned\n|rule|Evasion Items Clause: Evasion items are banned\n|rule|Evasion Moves Clause: Evasion moves are banned\n|rule|Endless Battle Clause: Forcing endless battles is banned\n|rule|HP Percentage Mod: HP is shown in percentages\n|clearpoke\n|poke|p1|Iron Valiant|\n|poke|p1|Cetitan, M|\n|poke|p1|Dialga-Origin|\n|poke|p1|Ogerpon-Wellspring, F|\n|poke|p1|Basculin-White-Striped, F|\n|poke|p1|Gengar, M|\n|poke|p2|Cyclizar, F|\n|poke|p2|Ninetales-Alola, M|\n|poke|p2|Espathra, M|\n|poke|p2|Baxcalibur, F|\n|poke|p2|Palafin, F|\n|poke|p2|Zacian-*|\n|teampreview\n|\n|t:|1700355587\n|start\n|switch|p1a: Ogerpon|Ogerpon-Wellspring, F|100\/100\n|switch|p2a: Cyclizar|Cyclizar, F|100\/100\n|turn|1\n|\n|t:|1700355603\n|move|p2a: Cyclizar|Shed Tail|p2a: Cyclizar\n|-start|p2a: Cyclizar|Substitute|[from] move: Shed Tail\n|-damage|p2a: Cyclizar|50\/100\n|-enditem|p2a: Cyclizar|Sitrus Berry|[eat]\n|-heal|p2a: Cyclizar|75\/100|[from] item: Sitrus Berry\n|\n|t:|1700355616\n|switch|p2a: Baxcalibur|Baxcalibur, F|100\/100|[from] Shed Tail\n|move|p1a: Ogerpon|Trailblaze|p2a: Baxcalibur\n|-resisted|p2a: Baxcalibur\n|-activate|p2a: Baxcalibur|move: Substitute|[damage]\n|-boost|p1a: Ogerpon|spe|1\n|\n|upkeep\n|turn|2\n|\n|t:|1700355627\n|move|p1a: Ogerpon|Swords Dance|p1a: Ogerpon\n|-boost|p1a: Ogerpon|atk|2\n|move|p2a: Baxcalibur|Swords Dance|p2a: Baxcalibur\n|-boost|p2a: Baxcalibur|atk|2\n|\n|upkeep\n|turn|3\n|\n|t:|1700355636\n|move|p1a: Ogerpon|Ivy Cudgel|p2a: Baxcalibur|[anim] Ivy Cudgel Water\n|-resisted|p2a: Baxcalibur\n|-end|p2a: Baxcalibur|Substitute\n|move|p2a: Baxcalibur|Scale Shot|p1a: Ogerpon|[miss]\n|-miss|p2a: Baxcalibur|p1a: Ogerpon\n|\n|upkeep\n|turn|4\n|\n|t:|1700355653\n|move|p1a: Ogerpon|Ivy Cudgel|p2a: Baxcalibur|[anim] Ivy Cudgel Water\n|-resisted|p2a: Baxcalibur\n|-damage|p2a: Baxcalibur|41\/100\n|move|p2a: Baxcalibur|Scale Shot|p1a: Ogerpon\n|-damage|p1a: Ogerpon|66\/100\n|-crit|p1a: Ogerpon\n|-damage|p1a: Ogerpon|14\/100\n|-damage|p1a: Ogerpon|0 fnt\n|faint|p1a: Ogerpon\n|-hitcount|p1: Ogerpon|3\n|-unboost|p2a: Baxcalibur|def|1\n|-boost|p2a: Baxcalibur|spe|1\n|\n|upkeep\n|\n|t:|1700355669\n|switch|p1a: Dialga|Dialga-Origin|100\/100\n|-ability|p1a: Dialga|Pressure\n|turn|5\n|\n|t:|1700355683\n|move|p2a: Baxcalibur|Icicle Spear|p1a: Dialga\n|-damage|p1a: Dialga|81\/100\n|-damage|p1a: Dialga|64\/100\n|-damage|p1a: Dialga|45\/100\n|-damage|p1a: Dialga|25\/100\n|-damage|p1a: Dialga|8\/100\n|-hitcount|p1a: Dialga|5\n|move|p1a: Dialga|Earth Power|p2a: Baxcalibur\n|-damage|p2a: Baxcalibur|11\/100\n|\n|upkeep\n|turn|6\n|\n|t:|1700355691\n|move|p1a: Dialga|Protect|p1a: Dialga\n|-singleturn|p1a: Dialga|Protect\n|move|p2a: Baxcalibur|Icicle Spear|p1a: Dialga\n|-activate|p1a: Dialga|move: Protect\n|\n|upkeep\n|turn|7\n|\n|t:|1700355717\n|switch|p1a: Gengar|Gengar, M|100\/100\n|move|p2a: Baxcalibur|Icicle Spear|p1a: Gengar\n|-damage|p1a: Gengar|55\/100\n|-start|p2a: Baxcalibur|Disable|Icicle Spear|[from] ability: Cursed Body|[of] p1a: Gengar\n|-damage|p1a: Gengar|7\/100\n|-damage|p1a: Gengar|0 fnt\n|faint|p1a: Gengar\n|-hitcount|p1: Gengar|3\n|\n|upkeep\n|\n|t:|1700355742\n|switch|p1a: Cetitan|Cetitan, M|100\/100\n|turn|8\n|\n|t:|1700355747\n|move|p2a: Baxcalibur|Iron Head|p1a: Cetitan\n|-supereffective|p1a: Cetitan\n|-damage|p1a: Cetitan|0 fnt\n|faint|p1a: Cetitan\n|\n|upkeep\n|\n|t:|1700355751\n|switch|p1a: Iron Valiant|Iron Valiant|100\/100\n|-enditem|p1a: Iron Valiant|Booster Energy\n|-activate|p1a: Iron Valiant|ability: Quark Drive|[fromitem]\n|-start|p1a: Iron Valiant|quarkdrivespe\n|turn|9\n|\n|t:|1700355753\n|move|p1a: Iron Valiant|Knock Off|p2a: Baxcalibur\n|-damage|p2a: Baxcalibur|0 fnt\n|-enditem|p2a: Baxcalibur|Loaded Dice|[from] move: Knock Off|[of] p1a: Iron Valiant\n|faint|p2a: Baxcalibur\n|\n|upkeep\n|\n|t:|1700355762\n|switch|p2a: Zacian|Zacian|100\/100\n|-ability|p2a: Zacian|Intrepid Sword|boost\n|-boost|p2a: Zacian|atk|1\n|turn|10\n|\n|t:|1700355779\n|move|p1a: Iron Valiant|Swords Dance|p1a: Iron Valiant\n|-boost|p1a: Iron Valiant|atk|2\n|move|p2a: Zacian|Play Rough|p1a: Iron Valiant\n|-supereffective|p1a: Iron Valiant\n|-damage|p1a: Iron Valiant|0 fnt\n|faint|p1a: Iron Valiant\n|-end|p1a: Iron Valiant|Quark Drive|[silent]\n|\n|upkeep\n|\n|t:|1700355781\n|switch|p1a: Basculin|Basculin-White-Striped, F, shiny|100\/100\n|turn|11\n|\n|t:|1700355788\n|-terastallize|p1a: Basculin|Ghost\n|move|p1a: Basculin|Last Respects|p2a: Zacian\n|-damage|p2a: Zacian|0 fnt\n|faint|p2a: Zacian\n|\n|upkeep\n|\n|t:|1700355794\n|switch|p2a: Cyclizar|Cyclizar, F|75\/100\n|turn|12\n|\n|t:|1700355796\n|move|p1a: Basculin|Last Respects|p2a: Cyclizar\n|-immune|p2a: Cyclizar\n|move|p2a: Cyclizar|Knock Off|p1a: Basculin\n|-supereffective|p1a: Basculin\n|-damage|p1a: Basculin|34\/100\n|-enditem|p1a: Basculin|Choice Scarf|[from] move: Knock Off|[of] p2a: Cyclizar\n|\n|upkeep\n|turn|13\n|\n|t:|1700355819\n|move|p2a: Cyclizar|Knock Off|p1a: Basculin\n|-supereffective|p1a: Basculin\n|-damage|p1a: Basculin|0 fnt\n|faint|p1a: Basculin\n|\n|upkeep\n|\n|t:|1700355821\n|switch|p1a: Dialga|Dialga-Origin|8\/100\n|-ability|p1a: Dialga|Pressure\n|turn|14\n|\n|t:|1700355826\n|move|p2a: Cyclizar|Knock Off|p1a: Dialga\n|-damage|p1a: Dialga|0 fnt\n|faint|p1a: Dialga\n|\n|win|Acetraineraegis\n|c|\u2606Acetraineraegis|Gg\n|c|\u2606meisgroot1|GG\n","uploadtime":1700355835,"views":30,"p1id":"meisgroot1","p2id":"acetraineraegis","formatid":"gen9ubers","rating":0,"private":0,"password":""}