{"id":"gen9ubers-1979307682","p1":"wahwyh","p2":"cheeserock5150","format":"[Gen 9] Ubers","log":"|j|\u2606wahwyh\n|j|\u2606cheeserock5150\n|t:|1698669373\n|gametype|singles\n|player|p1|wahwyh|266|1000\n|player|p2|cheeserock5150|steven|1097\n|teamsize|p1|6\n|teamsize|p2|6\n|gen|9\n|tier|[Gen 9] Ubers\n|rated|\n|rule|Sleep Clause Mod: Limit one foe put to sleep\n|rule|Species Clause: Limit one of each Pok\u00e9mon\n|rule|OHKO Clause: OHKO moves are banned\n|rule|Evasion Items Clause: Evasion items are banned\n|rule|Evasion Moves Clause: Evasion moves are banned\n|rule|Endless Battle Clause: Forcing endless battles is banned\n|rule|HP Percentage Mod: HP is shown in percentages\n|clearpoke\n|poke|p1|Ursaluna-Bloodmoon, M|\n|poke|p1|Baxcalibur, F|\n|poke|p1|Miraidon|\n|poke|p1|Kyogre|\n|poke|p1|Flutter Mane|\n|poke|p1|Zacian-*|\n|poke|p2|Palafin, F|\n|poke|p2|Ursaluna-Bloodmoon, M|\n|poke|p2|Chi-Yu|\n|poke|p2|Groudon|\n|poke|p2|Shaymin-Sky|\n|poke|p2|Regieleki|\n|teampreview\n|\n|t:|1698669384\n|start\n|switch|p1a: Ursaluna|Ursaluna-Bloodmoon, M|100\/100\n|switch|p2a: minyahS|Shaymin-Sky|100\/100\n|turn|1\n|\n|t:|1698669393\n|move|p2a: minyahS|Air Slash|p1a: Ursaluna\n|-damage|p1a: Ursaluna|57\/100\n|move|p1a: Ursaluna|Blood Moon|p2a: minyahS\n|-damage|p2a: minyahS|0 fnt\n|faint|p2a: minyahS\n|-damage|p1a: Ursaluna|47\/100|[from] item: Life Orb\n|\n|upkeep\n|\n|t:|1698669400\n|switch|p2a: dolphin|Palafin, F|100\/100\n|turn|2\n|\n|t:|1698669411\n|switch|p1a: Zacian|Zacian-Crowned|100\/100\n|-ability|p1a: Zacian|Intrepid Sword|boost\n|-boost|p1a: Zacian|atk|1\n|move|p2a: dolphin|Flip Turn|p1a: Zacian\n|-damage|p1a: Zacian|67\/100\n|\n|t:|1698669418\n|detailschange|p2a: dolphin|Palafin-Hero, F\n|switch|p2a: grewdown|Groudon|100\/100|[from] Flip Turn\n|-weather|SunnyDay|[from] ability: Drought|[of] p2a: grewdown\n|\n|-weather|SunnyDay|[upkeep]\n|upkeep\n|turn|3\n|\n|t:|1698669430\n|switch|p1a: Kyogre|Kyogre|100\/100\n|-weather|RainDance|[from] ability: Drizzle|[of] p1a: Kyogre\n|move|p2a: grewdown|Precipice Blades|p1a: Kyogre\n|-damage|p1a: Kyogre|35\/100\n|\n|-weather|RainDance|[upkeep]\n|upkeep\n|turn|4\n|\n|t:|1698669444\n|-terastallize|p1a: Kyogre|Water\n|move|p1a: Kyogre|Water Spout|p2a: grewdown\n|-supereffective|p2a: grewdown\n|-damage|p2a: grewdown|0 fnt\n|faint|p2a: grewdown\n|\n|-weather|RainDance|[upkeep]\n|upkeep\n|\n|t:|1698669450\n|switch|p2a: regigrass|Regieleki|100\/100\n|turn|5\n|\n|t:|1698669458\n|move|p2a: regigrass|Thunder Cage|p1a: Kyogre\n|-supereffective|p1a: Kyogre\n|-damage|p1a: Kyogre|0 fnt\n|faint|p1a: Kyogre\n|-damage|p2a: regigrass|91\/100|[from] item: Life Orb\n|\n|-weather|RainDance|[upkeep]\n|upkeep\n|\n|t:|1698669468\n|switch|p1a: Ursaluna|Ursaluna-Bloodmoon, M|47\/100\n|turn|6\n|\n|t:|1698669483\n|switch|p2a: dolphin|Palafin-Hero, F|100\/100\n|-activate|p2a: dolphin|ability: Zero to Hero\n|move|p1a: Ursaluna|Moonblast|p2a: dolphin\n|-damage|p2a: dolphin|54\/100\n|-damage|p1a: Ursaluna|37\/100|[from] item: Life Orb\n|\n|-weather|RainDance|[upkeep]\n|upkeep\n|turn|7\n|\n|t:|1698669497\n|move|p2a: dolphin|Jet Punch|p1a: Ursaluna\n|-supereffective|p1a: Ursaluna\n|-damage|p1a: Ursaluna|0 fnt\n|faint|p1a: Ursaluna\n|\n|-weather|none\n|upkeep\n|\n|t:|1698669507\n|switch|p1a: Zacian|Zacian-Crowned|67\/100\n|turn|8\n|\n|t:|1698669513\n|switch|p2a: craker|Chi-Yu|100\/100\n|-ability|p2a: craker|Beads of Ruin\n|move|p1a: Zacian|Behemoth Blade|p2a: craker\n|-resisted|p2a: craker\n|-damage|p2a: craker|48\/100\n|\n|upkeep\n|turn|9\n|\n|t:|1698669523\n|move|p1a: Zacian|Behemoth Blade|p2a: craker\n|-resisted|p2a: craker\n|-damage|p2a: craker|0 fnt\n|faint|p2a: craker\n|\n|upkeep\n|\n|t:|1698669526\n|switch|p2a: frederick|Ursaluna-Bloodmoon, M|100\/100\n|turn|10\n|\n|t:|1698669534\n|move|p1a: Zacian|Close Combat|p2a: frederick\n|-supereffective|p2a: frederick\n|-damage|p2a: frederick|37\/100\n|-unboost|p1a: Zacian|def|1\n|-unboost|p1a: Zacian|spd|1\n|move|p2a: frederick|Earth Power|p1a: Zacian\n|-supereffective|p1a: Zacian\n|-damage|p1a: Zacian|0 fnt\n|faint|p1a: Zacian\n|-damage|p2a: frederick|27\/100|[from] item: Life Orb\n|\n|upkeep\n|\n|t:|1698669547\n|switch|p1a: Flutter Mane|Flutter Mane|100\/100\n|turn|11\n|\n|t:|1698669558\n|switch|p2a: regigrass|Regieleki|91\/100\n|move|p1a: Flutter Mane|Mystical Fire|p2a: regigrass\n|-damage|p2a: regigrass|31\/100\n|-unboost|p2a: regigrass|spa|1\n|\n|upkeep\n|turn|12\n|\n|t:|1698669567\n|move|p2a: regigrass|Thunder Cage|p1a: Flutter Mane\n|-damage|p1a: Flutter Mane|71\/100\n|-activate|p1a: Flutter Mane|move: Thunder Cage|[of] p2a: regigrass\n|-damage|p2a: regigrass|21\/100|[from] item: Life Orb\n|move|p1a: Flutter Mane|Mystical Fire|p2a: regigrass\n|-damage|p2a: regigrass|0 fnt\n|faint|p2a: regigrass\n|\n|-end|p1a: Flutter Mane|Thunder Cage|[partiallytrapped]|[silent]\n|upkeep\n|\n|t:|1698669573\n|switch|p2a: frederick|Ursaluna-Bloodmoon, M|27\/100\n|turn|13\n|\n|t:|1698669580\n|move|p1a: Flutter Mane|Dark Pulse|p2a: frederick\n|-damage|p2a: frederick|0 fnt\n|faint|p2a: frederick\n|\n|upkeep\n|\n|t:|1698669583\n|switch|p2a: dolphin|Palafin-Hero, F|54\/100\n|turn|14\n|\n|t:|1698669589\n|-terastallize|p2a: dolphin|Water\n|move|p2a: dolphin|Jet Punch|p1a: Flutter Mane\n|-damage|p1a: Flutter Mane|0 fnt\n|faint|p1a: Flutter Mane\n|-end|p1a: Flutter Mane|Protosynthesis|[silent]\n|\n|upkeep\n|\n|t:|1698669597\n|switch|p1a: Baxcalibur|Baxcalibur, F|100\/100\n|turn|15\n|\n|t:|1698669608\n|move|p2a: dolphin|Jet Punch|p1a: Baxcalibur\n|-resisted|p1a: Baxcalibur\n|-damage|p1a: Baxcalibur|65\/100\n|move|p1a: Baxcalibur|Scale Shot|p2a: dolphin\n|-damage|p2a: dolphin|38\/100\n|-damage|p2a: dolphin|19\/100\n|-damage|p2a: dolphin|2\/100\n|-damage|p2a: dolphin|0 fnt\n|faint|p2a: dolphin\n|-hitcount|p2: dolphin|4\n|-damage|p1a: Baxcalibur|55\/100|[from] item: Life Orb\n|\n|win|wahwyh\n|raw|wahwyh's rating: 1000 &rarr; <strong>1051<\/strong><br \/>(+51 for winning)\n|raw|cheeserock5150's rating: 1097 &rarr; <strong>1066<\/strong><br \/>(-31 for losing)\n|l|\u2606cheeserock5150\n","uploadtime":1698669649,"views":9,"p1id":"wahwyh","p2id":"cheeserock5150","formatid":"gen9ubers","rating":1051,"private":0,"password":""}