{"id":"gen9ubers-1991191741","p1":"sharpyboi","p2":"Too Many Caps","format":"[Gen 9] Ubers","log":"|j|\u2606sharpyboi\n|j|\u2606Too Many Caps\n|t:|1700055522\n|gametype|singles\n|player|p1|sharpyboi|pilot|\n|player|p2|Too Many Caps|archie-gen6|\n|teamsize|p1|6\n|teamsize|p2|6\n|gen|9\n|tier|[Gen 9] Ubers\n|rule|Sleep Clause Mod: Limit one foe put to sleep\n|rule|Species Clause: Limit one of each Pok\u00e9mon\n|rule|OHKO Clause: OHKO moves are banned\n|rule|Evasion Items Clause: Evasion items are banned\n|rule|Evasion Moves Clause: Evasion moves are banned\n|rule|Endless Battle Clause: Forcing endless battles is banned\n|rule|HP Percentage Mod: HP is shown in percentages\n|clearpoke\n|poke|p1|Zacian-*|\n|poke|p1|Miraidon|\n|poke|p1|Skeledirge, F|\n|poke|p1|Komala, M|\n|poke|p1|Arceus|\n|poke|p1|Koraidon|\n|poke|p2|Ribombee, F|\n|poke|p2|Kyogre|\n|poke|p2|Koraidon|\n|poke|p2|Miraidon|\n|poke|p2|Arceus|\n|poke|p2|Zacian-*|\n|teampreview\n|\n|t:|1700055545\n|start\n|switch|p1a: Komala|Komala, M|100\/100\n|switch|p2a: Ribombee|Ribombee, F, shiny|100\/100\n|-ability|p1a: Komala|Comatose\n|turn|1\n|\n|t:|1700055551\n|move|p2a: Ribombee|Sticky Web|p1a: Komala\n|-sidestart|p1: sharpyboi|move: Sticky Web\n|move|p1a: Komala|Knock Off|p2a: Ribombee\n|-resisted|p2a: Ribombee\n|-damage|p2a: Ribombee|78\/100\n|-enditem|p2a: Ribombee|Focus Sash|[from] move: Knock Off|[of] p1a: Komala\n|\n|upkeep\n|turn|2\n|\n|t:|1700055562\n|move|p2a: Ribombee|Moonblast|p1a: Komala\n|-damage|p1a: Komala|65\/100\n|-unboost|p1a: Komala|spa|1\n|move|p1a: Komala|Rapid Spin|p2a: Ribombee\n|-damage|p2a: Ribombee|39\/100\n|-boost|p1a: Komala|spe|1\n|-sideend|p1: sharpyboi|Sticky Web|[from] move: Rapid Spin|[of] p1a: Komala\n|\n|upkeep\n|turn|3\n|\n|t:|1700055624\n|switch|p2a: Kyogre|Kyogre|100\/100\n|-weather|RainDance|[from] ability: Drizzle|[of] p2a: Kyogre\n|move|p1a: Komala|U-turn|p2a: Kyogre\n|-damage|p2a: Kyogre|82\/100\n|\n|t:|1700055630\n|switch|p1a: Miraidon|Miraidon|100\/100|[from] U-turn\n|-fieldstart|move: Electric Terrain|[from] ability: Hadron Engine|[of] p1a: Miraidon\n|\n|-weather|RainDance|[upkeep]\n|upkeep\n|turn|4\n|\n|t:|1700055644\n|switch|p2a: Ribombee|Ribombee, F, shiny|39\/100\n|move|p1a: Miraidon|Electro Drift|p2a: Ribombee\n|-damage|p2a: Ribombee|0 fnt\n|faint|p2a: Ribombee\n|\n|-weather|RainDance|[upkeep]\n|upkeep\n|\n|t:|1700055656\n|switch|p2a: Deus Ex Machina|Miraidon|100\/100\n|-activate|p2a: Deus Ex Machina|ability: Hadron Engine\n|turn|5\n|\n|t:|1700055660\n|switch|p1a: Zacian|Zacian-Crowned|100\/100\n|-ability|p1a: Zacian|Intrepid Sword|boost\n|-boost|p1a: Zacian|atk|1\n|move|p2a: Deus Ex Machina|Draco Meteor|p1a: Zacian\n|-immune|p1a: Zacian\n|\n|-weather|RainDance|[upkeep]\n|upkeep\n|turn|6\n|\n|t:|1700055672\n|switch|p2a: Kyogre|Kyogre|82\/100\n|move|p1a: Zacian|Swords Dance|p1a: Zacian\n|-boost|p1a: Zacian|atk|2\n|\n|-weather|RainDance|[upkeep]\n|upkeep\n|turn|7\n|\n|t:|1700055683\n|-terastallize|p1a: Zacian|Water\n|move|p1a: Zacian|Play Rough|p2a: Kyogre\n|-damage|p2a: Kyogre|0 fnt\n|faint|p2a: Kyogre\n|\n|-weather|none\n|-fieldend|move: Electric Terrain\n|upkeep\n|\n|t:|1700055698\n|switch|p2a: Zacian|Zacian-Crowned|100\/100\n|-ability|p2a: Zacian|Intrepid Sword|boost\n|-boost|p2a: Zacian|atk|1\n|turn|8\n|\n|t:|1700055702\n|switch|p1a: Skeledirge|Skeledirge, F|100\/100\n|move|p2a: Zacian|Play Rough|p1a: Skeledirge\n|-resisted|p1a: Skeledirge\n|-damage|p1a: Skeledirge|85\/100\n|\n|-heal|p1a: Skeledirge|92\/100|[from] item: Leftovers\n|upkeep\n|turn|9\n|\n|t:|1700055707\n|switch|p2a: Deus Ex Machina|Miraidon|100\/100\n|-fieldstart|move: Electric Terrain|[from] ability: Hadron Engine|[of] p2a: Deus Ex Machina\n|move|p1a: Skeledirge|Will-O-Wisp|p2a: Deus Ex Machina\n|-status|p2a: Deus Ex Machina|brn\n|\n|-heal|p1a: Skeledirge|98\/100|[from] item: Leftovers\n|-damage|p2a: Deus Ex Machina|94\/100 brn|[from] brn\n|upkeep\n|turn|10\n|\n|t:|1700055713\n|switch|p1a: Komala|Komala, M|65\/100\n|-ability|p1a: Komala|Comatose\n|move|p2a: Deus Ex Machina|Substitute|p2a: Deus Ex Machina\n|-start|p2a: Deus Ex Machina|Substitute\n|-damage|p2a: Deus Ex Machina|69\/100 brn\n|\n|-damage|p2a: Deus Ex Machina|63\/100 brn|[from] brn\n|upkeep\n|turn|11\n|\n|t:|1700055719\n|move|p2a: Deus Ex Machina|Calm Mind|p2a: Deus Ex Machina\n|-boost|p2a: Deus Ex Machina|spa|1\n|-boost|p2a: Deus Ex Machina|spd|1\n|move|p1a: Komala|U-turn|p2a: Deus Ex Machina\n|-activate|p2a: Deus Ex Machina|move: Substitute|[damage]\n|\n|t:|1700055721\n|switch|p1a: Skeledirge|Skeledirge, F|98\/100|[from] U-turn\n|\n|-heal|p1a: Skeledirge|100\/100|[from] item: Leftovers\n|-damage|p2a: Deus Ex Machina|57\/100 brn|[from] brn\n|upkeep\n|turn|12\n|\n|t:|1700055728\n|move|p2a: Deus Ex Machina|Draco Meteor|p1a: Skeledirge\n|-damage|p1a: Skeledirge|0 fnt\n|-unboost|p2a: Deus Ex Machina|spa|2\n|faint|p1a: Skeledirge\n|-damage|p2a: Deus Ex Machina|47\/100 brn|[from] item: Life Orb\n|\n|-damage|p2a: Deus Ex Machina|41\/100 brn|[from] brn\n|upkeep\n|\n|t:|1700055734\n|switch|p1a: Arceus|Arceus|100\/100\n|turn|13\n|\n|t:|1700055740\n|move|p1a: Arceus|Extreme Speed|p2a: Deus Ex Machina\n|-end|p2a: Deus Ex Machina|Substitute\n|move|p2a: Deus Ex Machina|Electro Drift|p1a: Arceus\n|-damage|p1a: Arceus|43\/100\n|-damage|p2a: Deus Ex Machina|31\/100 brn|[from] item: Life Orb\n|\n|-damage|p2a: Deus Ex Machina|25\/100 brn|[from] brn\n|-fieldend|move: Electric Terrain\n|upkeep\n|turn|14\n|\n|t:|1700055747\n|move|p1a: Arceus|Extreme Speed|p2a: Deus Ex Machina\n|-damage|p2a: Deus Ex Machina|0 fnt\n|faint|p2a: Deus Ex Machina\n|\n|upkeep\n|\n|t:|1700055776\n|switch|p2a: Zacian|Zacian-Crowned|100\/100\n|turn|15\n|\n|t:|1700055788\n|move|p2a: Zacian|Substitute|p2a: Zacian\n|-start|p2a: Zacian|Substitute\n|-damage|p2a: Zacian|76\/100\n|move|p1a: Arceus|Taunt|p2a: Zacian\n|-start|p2a: Zacian|move: Taunt\n|\n|upkeep\n|turn|16\n|\n|t:|1700055794\n|move|p1a: Arceus|Extreme Speed|p2a: Zacian\n|-resisted|p2a: Zacian\n|-activate|p2a: Zacian|move: Substitute|[damage]\n|move|p2a: Zacian|Behemoth Blade|p1a: Arceus\n|-damage|p1a: Arceus|7\/100\n|\n|upkeep\n|turn|17\n|\n|t:|1700055801\n|move|p1a: Arceus|Extreme Speed|p2a: Zacian\n|-resisted|p2a: Zacian\n|-end|p2a: Zacian|Substitute\n|move|p2a: Zacian|Behemoth Blade|p1a: Arceus\n|-damage|p1a: Arceus|0 fnt\n|faint|p1a: Arceus\n|\n|upkeep\n|\n|t:|1700055813\n|switch|p1a: Koraidon|Koraidon|100\/100\n|-weather|SunnyDay|[from] ability: Orichalcum Pulse|[of] p1a: Koraidon\n|-activate|p1a: Koraidon|Orichalcum Pulse|[source]\n|turn|18\n|\n|t:|1700055825\n|move|p2a: Zacian|Play Rough|p1a: Koraidon\n|-supereffective|p1a: Koraidon\n|-damage|p1a: Koraidon|0 fnt\n|faint|p1a: Koraidon\n|\n|-weather|SunnyDay|[upkeep]\n|-end|p2a: Zacian|move: Taunt\n|upkeep\n|\n|t:|1700055828\n|switch|p1a: Zacian|Zacian-Crowned, tera:Water|100\/100\n|turn|19\n|\n|t:|1700055838\n|move|p1a: Zacian|Behemoth Blade|p2a: Zacian\n|-damage|p2a: Zacian|23\/100\n|move|p2a: Zacian|Play Rough|p1a: Zacian\n|-damage|p1a: Zacian|49\/100\n|\n|-weather|SunnyDay|[upkeep]\n|upkeep\n|turn|20\n|\n|t:|1700055844\n|move|p2a: Zacian|Play Rough|p1a: Zacian\n|-damage|p1a: Zacian|0 fnt\n|faint|p1a: Zacian\n|\n|-weather|SunnyDay|[upkeep]\n|upkeep\n|\n|t:|1700055850\n|switch|p1a: Miraidon|Miraidon|100\/100\n|-fieldstart|move: Electric Terrain|[from] ability: Hadron Engine|[of] p1a: Miraidon\n|turn|21\n|\n|t:|1700055855\n|move|p2a: Zacian|Play Rough|p1a: Miraidon|[miss]\n|-miss|p2a: Zacian|p1a: Miraidon\n|move|p1a: Miraidon|Volt Switch|p2a: Zacian\n|-damage|p2a: Zacian|0 fnt\n|faint|p2a: Zacian\n|\n|t:|1700055857\n|switch|p1a: Komala|Komala, M|65\/100|[from] Volt Switch\n|-ability|p1a: Komala|Comatose\n|\n|-weather|SunnyDay|[upkeep]\n|upkeep\n|\n|t:|1700055863\n|switch|p2a: Arceus|Arceus, shiny|100\/100\n|turn|22\n|\n|t:|1700055867\n|move|p2a: Arceus|Swords Dance|p2a: Arceus\n|-boost|p2a: Arceus|atk|2\n|move|p1a: Komala|Wish|p1a: Komala\n|\n|-weather|none\n|upkeep\n|turn|23\n|\n|t:|1700055888\n|move|p2a: Arceus|Swords Dance|p2a: Arceus\n|-boost|p2a: Arceus|atk|2\n|move|p1a: Komala|U-turn|p2a: Arceus\n|-damage|p2a: Arceus|88\/100\n|\n|t:|1700055891\n|switch|p1a: Miraidon|Miraidon|100\/100|[from] U-turn\n|-activate|p1a: Miraidon|ability: Hadron Engine\n|\n|upkeep\n|turn|24\n|\n|t:|1700055895\n|move|p2a: Arceus|Extreme Speed|p1a: Miraidon\n|-damage|p1a: Miraidon|0 fnt\n|faint|p1a: Miraidon\n|\n|upkeep\n|\n|t:|1700055897\n|switch|p1a: Komala|Komala, M|65\/100\n|-ability|p1a: Komala|Comatose\n|turn|25\n|\n|t:|1700055901\n|move|p2a: Arceus|Extreme Speed|p1a: Komala\n|-damage|p1a: Komala|0 fnt\n|faint|p1a: Komala\n|\n|win|Too Many Caps\n|l|\u2606sharpyboi\n|c|\u2606Too Many Caps|gg wp\n|c|\u2606Too Many Caps|Interesting Komala set.\n","uploadtime":1700056320,"views":8,"p1id":"sharpyboi","p2id":"toomanycaps","formatid":"gen9ubers","rating":0,"private":0,"password":""}