{"id":"gen9ubers-1969164006","p1":"Fireblitz15","p2":"SenkTheMoth","format":"[Gen 9] Ubers","log":"|j|\u2606Fireblitz15\n|j|\u2606SenkTheMoth\n|t:|1697495988\n|gametype|singles\n|player|p1|Fireblitz15|2|\n|player|p2|SenkTheMoth|dawn-gen4pt|\n|teamsize|p1|6\n|teamsize|p2|6\n|gen|9\n|tier|[Gen 9] Ubers\n|rule|Sleep Clause Mod: Limit one foe put to sleep\n|rule|Species Clause: Limit one of each Pok\u00e9mon\n|rule|OHKO Clause: OHKO moves are banned\n|rule|Evasion Items Clause: Evasion items are banned\n|rule|Evasion Moves Clause: Evasion moves are banned\n|rule|Endless Battle Clause: Forcing endless battles is banned\n|rule|HP Percentage Mod: HP is shown in percentages\n|clearpoke\n|poke|p1|Magearna|\n|poke|p1|Arceus-Poison|\n|poke|p1|Zacian-*|\n|poke|p1|Dialga|\n|poke|p1|Ursaluna, M|\n|poke|p1|Cyclizar, M|\n|poke|p2|Zacian-*|\n|poke|p2|Magearna|\n|poke|p2|Palkia-Origin|\n|poke|p2|Gholdengo|\n|poke|p2|Arceus-Electric|\n|poke|p2|Goodra-Hisui, M|\n|teampreview\n|\n|t:|1697496009\n|start\n|switch|p1a: Cyclizar|Cyclizar, M|100\/100\n|switch|p2a: Big Man|Goodra-Hisui, M|100\/100\n|turn|1\n|\n|t:|1697496015\n|move|p1a: Cyclizar|Taunt|p2a: Big Man\n|-start|p2a: Big Man|move: Taunt\n|cant|p2a: Big Man|move: Taunt|Curse\n|\n|upkeep\n|turn|2\n|\n|t:|1697496026\n|move|p1a: Cyclizar|Knock Off|p2a: Big Man\n|-crit|p2a: Big Man\n|-damage|p2a: Big Man|68\/100\n|-enditem|p2a: Big Man|Leftovers|[from] move: Knock Off|[of] p1a: Cyclizar\n|move|p2a: Big Man|Iron Head|p1a: Cyclizar\n|-damage|p1a: Cyclizar|65\/100\n|\n|upkeep\n|turn|3\n|\n|t:|1697496034\n|move|p1a: Cyclizar|Shed Tail|p1a: Cyclizar\n|-start|p1a: Cyclizar|Substitute|[from] move: Shed Tail\n|-damage|p1a: Cyclizar|14\/100\n|\n|t:|1697496046\n|switch|p1a: Dialga|Dialga|100\/100|[from] Shed Tail\n|-ability|p1a: Dialga|Pressure\n|move|p2a: Big Man|Dragon Tail|p1a: Dialga\n|-activate|p1a: Dialga|move: Substitute|[damage]\n|\n|-end|p2a: Big Man|move: Taunt\n|upkeep\n|turn|4\n|\n|t:|1697496056\n|move|p2a: Big Man|Earthquake|p1a: Dialga\n|-supereffective|p1a: Dialga\n|-end|p1a: Dialga|Substitute\n|move|p1a: Dialga|Trick Room|p1a: Dialga\n|-fieldstart|move: Trick Room|[of] p1a: Dialga\n|\n|upkeep\n|turn|5\n|\n|t:|1697496063\n|move|p1a: Dialga|Earth Power|p2a: Big Man\n|-supereffective|p2a: Big Man\n|-damage|p2a: Big Man|29\/100\n|move|p2a: Big Man|Dragon Tail|p1a: Dialga\n|-damage|p1a: Dialga|86\/100\n|drag|p1a: Ursaluna|Ursaluna, M|100\/100\n|\n|-status|p1a: Ursaluna|brn|[from] item: Flame Orb\n|upkeep\n|turn|6\n|c|\u2606SenkTheMoth|this is horrible news\n|c|\u2606SenkTheMoth|i've constructed my own demise\n|\n|t:|1697496077\n|move|p1a: Ursaluna|Earthquake|p2a: Big Man\n|-supereffective|p2a: Big Man\n|-damage|p2a: Big Man|0 fnt\n|faint|p2a: Big Man\n|\n|-damage|p1a: Ursaluna|94\/100 brn|[from] brn\n|upkeep\n|c|\u2606Fireblitz15|yep\n|c|\u2606Fireblitz15|kinda wild how bad the luck there was\n|\n|t:|1697496099\n|switch|p2a: Magearna|Magearna|100\/100\n|turn|7\n|\n|t:|1697496108\n|-terastallize|p1a: Ursaluna|Normal\n|-terastallize|p2a: Magearna|Water\n|move|p1a: Ursaluna|Earthquake|p2a: Magearna\n|-damage|p2a: Magearna|41\/100\n|move|p2a: Magearna|Ice Beam|p1a: Ursaluna\n|-damage|p1a: Ursaluna|70\/100 brn\n|\n|-heal|p2a: Magearna|47\/100|[from] item: Leftovers\n|-damage|p1a: Ursaluna|64\/100 brn|[from] brn\n|upkeep\n|turn|8\n|\n|t:|1697496119\n|move|p1a: Ursaluna|Earthquake|p2a: Magearna\n|-damage|p2a: Magearna|0 fnt\n|faint|p2a: Magearna\n|\n|-damage|p1a: Ursaluna|58\/100 brn|[from] brn\n|-fieldend|move: Trick Room\n|upkeep\n|\n|t:|1697496130\n|switch|p2a: Zacian|Zacian|100\/100\n|-ability|p2a: Zacian|Intrepid Sword|boost\n|-boost|p2a: Zacian|atk|1\n|turn|9\n|\n|t:|1697496138\n|switch|p1a: Cyclizar|Cyclizar, M|48\/100\n|move|p2a: Zacian|Close Combat|p1a: Cyclizar\n|-supereffective|p1a: Cyclizar\n|-damage|p1a: Cyclizar|0 fnt\n|-unboost|p2a: Zacian|def|1\n|-unboost|p2a: Zacian|spd|1\n|faint|p1a: Cyclizar\n|\n|upkeep\n|\n|t:|1697496151\n|switch|p1a: Magearna|Magearna|100\/100\n|turn|10\n|\n|t:|1697496155\n|move|p2a: Zacian|Close Combat|p1a: Magearna\n|-damage|p1a: Magearna|48\/100\n|-unboost|p2a: Zacian|def|1\n|-unboost|p2a: Zacian|spd|1\n|move|p1a: Magearna|Trick Room|p1a: Magearna\n|-fieldstart|move: Trick Room|[of] p1a: Magearna\n|\n|upkeep\n|turn|11\n|\n|t:|1697496163\n|move|p1a: Magearna|Volt Switch|p2a: Zacian\n|-crit|p2a: Zacian\n|-damage|p2a: Zacian|32\/100\n|\n|t:|1697496169\n|switch|p1a: Arceus|Arceus-Poison|100\/100|[from] Volt Switch\n|move|p2a: Zacian|Close Combat|p1a: Arceus\n|-resisted|p1a: Arceus\n|-damage|p1a: Arceus|80\/100\n|-unboost|p2a: Zacian|def|1\n|-unboost|p2a: Zacian|spd|1\n|\n|upkeep\n|turn|12\n|\n|t:|1697496181\n|switch|p2a: Minos|Arceus-Electric|100\/100\n|move|p1a: Arceus|Judgment|p2a: Minos\n|-damage|p2a: Minos|70\/100\n|\n|upkeep\n|turn|13\n|\n|t:|1697496188\n|switch|p1a: Dialga|Dialga|86\/100\n|-ability|p1a: Dialga|Pressure\n|move|p2a: Minos|Judgment|p1a: Dialga\n|-resisted|p1a: Dialga\n|-damage|p1a: Dialga|66\/100\n|\n|upkeep\n|turn|14\n|\n|t:|1697496197\n|move|p1a: Dialga|Earth Power|p2a: Minos\n|-supereffective|p2a: Minos\n|-damage|p2a: Minos|19\/100\n|move|p2a: Minos|Recover|p2a: Minos\n|-heal|p2a: Minos|69\/100\n|\n|-fieldend|move: Trick Room\n|upkeep\n|turn|15\n|\n|t:|1697496207\n|move|p2a: Minos|Ice Beam|p1a: Dialga\n|-damage|p1a: Dialga|46\/100\n|move|p1a: Dialga|Trick Room|p1a: Dialga\n|-fieldstart|move: Trick Room|[of] p1a: Dialga\n|\n|upkeep\n|turn|16\n|\n|t:|1697496213\n|move|p1a: Dialga|Earth Power|p2a: Minos\n|-supereffective|p2a: Minos\n|-damage|p2a: Minos|20\/100\n|move|p2a: Minos|Judgment|p1a: Dialga\n|-resisted|p1a: Dialga\n|-damage|p1a: Dialga|24\/100\n|\n|upkeep\n|turn|17\n|\n|t:|1697496221\n|switch|p2a: Palkia|Palkia-Origin|100\/100\n|-ability|p2a: Palkia|Pressure\n|move|p1a: Dialga|Earth Power|p2a: Palkia\n|-damage|p2a: Palkia|63\/100\n|\n|upkeep\n|turn|18\n|\n|t:|1697496229\n|move|p1a: Dialga|Draco Meteor|p2a: Palkia\n|-supereffective|p2a: Palkia\n|-damage|p2a: Palkia|0 fnt\n|-unboost|p1a: Dialga|spa|2\n|faint|p2a: Palkia\n|\n|upkeep\n|\n|t:|1697496236\n|switch|p2a: Minos|Arceus-Electric|20\/100\n|turn|19\n|\n|t:|1697496241\n|move|p1a: Dialga|Earth Power|p2a: Minos\n|-supereffective|p2a: Minos\n|-damage|p2a: Minos|0 fnt\n|faint|p2a: Minos\n|\n|-fieldend|move: Trick Room\n|upkeep\n|\n|t:|1697496257\n|switch|p2a: Zacian|Zacian|32\/100\n|turn|20\n|\n|t:|1697496260\n|move|p2a: Zacian|Swords Dance|p2a: Zacian\n|-boost|p2a: Zacian|atk|2\n|move|p1a: Dialga|Flash Cannon|p2a: Zacian\n|-supereffective|p2a: Zacian\n|-damage|p2a: Zacian|0 fnt\n|faint|p2a: Zacian\n|\n|upkeep\n|c|\u2606SenkTheMoth|gg\n|\n|t:|1697496264\n|switch|p2a: Gholdengo|Gholdengo|100\/100\n|turn|21\n|c|\u2606Fireblitz15|gg\n|\n|t:|1697496272\n|move|p2a: Gholdengo|Trick|p1a: Dialga\n|-activate|p2a: Gholdengo|move: Trick|[of] p1a: Dialga\n|-item|p1a: Dialga|Choice Scarf|[from] move: Trick\n|-item|p2a: Gholdengo|Adamant Orb|[from] move: Trick\n|move|p1a: Dialga|Earth Power|p2a: Gholdengo\n|-supereffective|p2a: Gholdengo\n|-damage|p2a: Gholdengo|58\/100\n|\n|upkeep\n|turn|22\n|\n|t:|1697496278\n|move|p2a: Gholdengo|Shadow Ball|p1a: Dialga\n|-damage|p1a: Dialga|0 fnt\n|faint|p1a: Dialga\n|\n|upkeep\n|c|\u2606Fireblitz15|thanks for that\n|c|\u2606Fireblitz15|did not know you could trick that\n|c|\u2606SenkTheMoth|well technically it was the right play, cause all my other moves have immunities lol. doesn't matter anyway though\n|\n|t:|1697496304\n|switch|p1a: Magearna|Magearna|48\/100\n|turn|23\n|\n|t:|1697496310\n|move|p2a: Gholdengo|Make It Rain|p1a: Magearna\n|-damage|p1a: Magearna|6\/100\n|-unboost|p2a: Gholdengo|spa|1\n|move|p1a: Magearna|Trick Room|p1a: Magearna\n|-fieldstart|move: Trick Room|[of] p1a: Magearna\n|\n|upkeep\n|turn|24\n|\n|t:|1697496318\n|move|p1a: Magearna|Volt Switch|p2a: Gholdengo\n|-damage|p2a: Gholdengo|30\/100\n|\n|t:|1697496341\n|switch|p1a: Zacian|Zacian|100\/100|[from] Volt Switch\n|-ability|p1a: Zacian|Intrepid Sword|boost\n|-boost|p1a: Zacian|atk|1\n|move|p2a: Gholdengo|Trick|p1a: Zacian\n|-activate|p2a: Gholdengo|move: Trick|[of] p1a: Zacian\n|-item|p1a: Zacian|Adamant Orb|[from] move: Trick\n|-item|p2a: Gholdengo|Heavy-Duty Boots|[from] move: Trick\n|\n|upkeep\n|turn|25\n|\n|t:|1697496352\n|move|p2a: Gholdengo|Shadow Ball|p1a: Zacian\n|-damage|p1a: Zacian|74\/100\n|move|p1a: Zacian|Play Rough|p2a: Gholdengo\n|-resisted|p2a: Gholdengo\n|-damage|p2a: Gholdengo|0 fnt\n|faint|p2a: Gholdengo\n|\n|win|Fireblitz15\n","uploadtime":1697496362,"views":9,"p1id":"fireblitz15","p2id":"senkthemoth","formatid":"gen9ubers","rating":0,"private":0,"password":""}