{"id":"gen9ubers-1989343427","p1":"AVaxgd","p2":"Toasterina","format":"[Gen 9] Ubers","log":"|j|\u2606AVaxgd\n|j|\u2606Toasterina\n|t:|1699838654\n|gametype|singles\n|player|p1|AVaxgd|170|1141\n|player|p2|Toasterina|169|1274\n|teamsize|p1|6\n|teamsize|p2|6\n|gen|9\n|tier|[Gen 9] Ubers\n|rated|\n|rule|Sleep Clause Mod: Limit one foe put to sleep\n|rule|Species Clause: Limit one of each Pok\u00e9mon\n|rule|OHKO Clause: OHKO moves are banned\n|rule|Evasion Items Clause: Evasion items are banned\n|rule|Evasion Moves Clause: Evasion moves are banned\n|rule|Endless Battle Clause: Forcing endless battles is banned\n|rule|HP Percentage Mod: HP is shown in percentages\n|clearpoke\n|poke|p1|Annihilape, F|\n|poke|p1|Baxcalibur, M|\n|poke|p1|Palafin, M|\n|poke|p1|Volcarona, M|\n|poke|p1|Kingambit, F|\n|poke|p1|Flutter Mane|\n|poke|p2|Zacian-*|\n|poke|p2|Koraidon|\n|poke|p2|Flutter Mane|\n|poke|p2|Ogerpon-Hearthflame, F|\n|poke|p2|Chi-Yu|\n|poke|p2|Kingambit, M|\n|teampreview\n|inactive|Battle timer is ON: inactive players will automatically lose when time's up. (requested by Toasterina)\n|\n|t:|1699838678\n|start\n|switch|p1a: Palafin|Palafin, M, shiny|100\/100\n|switch|p2a: Koraidon|Koraidon|100\/100\n|-weather|SunnyDay|[from] ability: Orichalcum Pulse|[of] p2a: Koraidon\n|-activate|p2a: Koraidon|Orichalcum Pulse|[source]\n|turn|1\n|\n|t:|1699838686\n|move|p2a: Koraidon|U-turn|p1a: Palafin\n|-damage|p1a: Palafin|61\/100\n|\n|t:|1699838696\n|switch|p2a: Zacian|Zacian-Crowned|100\/100|[from] U-turn\n|-ability|p2a: Zacian|Intrepid Sword|boost\n|-boost|p2a: Zacian|atk|1\n|move|p1a: Palafin|Flip Turn|p2a: Zacian\n|-damage|p2a: Zacian|89\/100\n|\n|t:|1699838712\n|detailschange|p1a: Palafin|Palafin-Hero, M, shiny\n|switch|p1a: Baxcalibur|Baxcalibur, M|100\/100|[from] Flip Turn\n|\n|-weather|SunnyDay|[upkeep]\n|upkeep\n|turn|2\n|\n|t:|1699838731\n|-terastallize|p1a: Baxcalibur|Dragon\n|move|p2a: Zacian|Play Rough|p1a: Baxcalibur\n|-supereffective|p1a: Baxcalibur\n|-damage|p1a: Baxcalibur|0 fnt\n|faint|p1a: Baxcalibur\n|\n|-weather|SunnyDay|[upkeep]\n|upkeep\n|\n|t:|1699838740\n|switch|p1a: Volcarona|Volcarona, M|100\/100\n|turn|3\n|\n|t:|1699838746\n|-terastallize|p2a: Zacian|Fire\n|move|p2a: Zacian|Behemoth Blade|p1a: Volcarona\n|-resisted|p1a: Volcarona\n|-damage|p1a: Volcarona|37\/100\n|move|p1a: Volcarona|Fiery Dance|p2a: Zacian\n|-resisted|p2a: Zacian\n|-damage|p2a: Zacian|61\/100\n|\n|-weather|SunnyDay|[upkeep]\n|upkeep\n|turn|4\n|\n|t:|1699838756\n|move|p2a: Zacian|Behemoth Blade|p1a: Volcarona\n|-resisted|p1a: Volcarona\n|-damage|p1a: Volcarona|0 fnt\n|faint|p1a: Volcarona\n|\n|-weather|SunnyDay|[upkeep]\n|upkeep\n|\n|t:|1699838763\n|switch|p1a: Palafin|Palafin-Hero, M, shiny|61\/100\n|-activate|p1a: Palafin|ability: Zero to Hero\n|turn|5\n|\n|t:|1699838769\n|move|p2a: Zacian|Play Rough|p1a: Palafin\n|-damage|p1a: Palafin|0 fnt\n|faint|p1a: Palafin\n|\n|-weather|none\n|upkeep\n|\n|t:|1699838776\n|switch|p1a: Flutter Mane|Flutter Mane, shiny|100\/100\n|-enditem|p1a: Flutter Mane|Booster Energy\n|-activate|p1a: Flutter Mane|ability: Protosynthesis|[fromitem]\n|-start|p1a: Flutter Mane|protosynthesisspe\n|turn|6\n|\n|t:|1699838789\n|move|p1a: Flutter Mane|Shadow Ball|p2a: Zacian\n|-damage|p2a: Zacian|17\/100\n|move|p2a: Zacian|Behemoth Blade|p1a: Flutter Mane\n|-supereffective|p1a: Flutter Mane\n|-damage|p1a: Flutter Mane|0 fnt\n|faint|p1a: Flutter Mane\n|-end|p1a: Flutter Mane|Protosynthesis|[silent]\n|\n|upkeep\n|\n|t:|1699838797\n|switch|p1a: Kingambit|Kingambit, F|100\/100\n|-activate|p1a: Kingambit|ability: Supreme Overlord\n|-start|p1a: Kingambit|fallen4|[silent]\n|turn|7\n|\n|t:|1699838802\n|move|p1a: Kingambit|Sucker Punch|p2a: Zacian\n|-damage|p2a: Zacian|0 fnt\n|faint|p2a: Zacian\n|-damage|p1a: Kingambit|91\/100|[from] item: Life Orb\n|\n|upkeep\n|\n|t:|1699838807\n|switch|p2a: Chi-Yu|Chi-Yu|100\/100\n|-ability|p2a: Chi-Yu|Beads of Ruin\n|turn|8\n|\n|t:|1699838814\n|move|p1a: Kingambit|Sucker Punch|p2a: Chi-Yu\n|-resisted|p2a: Chi-Yu\n|-damage|p2a: Chi-Yu|44\/100\n|-damage|p1a: Kingambit|81\/100|[from] item: Life Orb\n|move|p2a: Chi-Yu|Flamethrower|p1a: Kingambit\n|-supereffective|p1a: Kingambit\n|-damage|p1a: Kingambit|0 fnt\n|faint|p1a: Kingambit\n|-end|p1a: Kingambit|fallen4|[silent]\n|\n|upkeep\n|\n|t:|1699838821\n|switch|p1a: Annihilape|Annihilape, F, shiny|100\/100\n|turn|9\n|\n|t:|1699838825\n|move|p2a: Chi-Yu|Flamethrower|p1a: Annihilape\n|-damage|p1a: Annihilape|18\/100\n|-status|p1a: Annihilape|brn\n|move|p1a: Annihilape|Bulk Up|p1a: Annihilape\n|-boost|p1a: Annihilape|atk|1\n|-boost|p1a: Annihilape|def|1\n|\n|-damage|p1a: Annihilape|12\/100 brn|[from] brn\n|upkeep\n|turn|10\n|c|\u2606Toasterina|gg\n|-message|AVaxgd forfeited.\n|\n|win|Toasterina\n|raw|AVaxgd's rating: 1141 &rarr; <strong>1125<\/strong><br \/>(-16 for losing)\n|raw|Toasterina's rating: 1274 &rarr; <strong>1290<\/strong><br \/>(+16 for winning)\n|l|\u2606AVaxgd\n","uploadtime":1699838851,"views":21,"p1id":"avaxgd","p2id":"toasterina","formatid":"gen9ubers","rating":1125,"private":0,"password":""}