{"id":"gen9ubers-1995684070","p1":"Skyiewxz","p2":"JamboreeJourney","format":"[Gen 9] Ubers","log":"|j|\u2606Skyiewxz\n|j|\u2606JamboreeJourney\n|t:|1700593708\n|gametype|singles\n|player|p1|Skyiewxz|dawn|1622\n|player|p2|JamboreeJourney|parasollady-gen4|1578\n|teamsize|p1|6\n|teamsize|p2|6\n|gen|9\n|tier|[Gen 9] Ubers\n|rated|\n|rule|Sleep Clause Mod: Limit one foe put to sleep\n|rule|Species Clause: Limit one of each Pok\u00e9mon\n|rule|OHKO Clause: OHKO moves are banned\n|rule|Evasion Items Clause: Evasion items are banned\n|rule|Evasion Moves Clause: Evasion moves are banned\n|rule|Endless Battle Clause: Forcing endless battles is banned\n|rule|HP Percentage Mod: HP is shown in percentages\n|clearpoke\n|poke|p1|Koraidon|\n|poke|p1|Flutter Mane|\n|poke|p1|Arceus|\n|poke|p1|Miraidon|\n|poke|p1|Ditto|\n|poke|p1|Grimmsnarl, M|\n|poke|p2|Walking Wake|\n|poke|p2|Zacian-*|\n|poke|p2|Koraidon|\n|poke|p2|Skeledirge, F|\n|poke|p2|Gliscor, F|\n|poke|p2|Kyogre|\n|teampreview\n|c|\u2606Skyiewxz|gf\n|c|\u2606JamboreeJourney|gl hf\n|c|\u2606Skyiewxz|glhf*\n|\n|t:|1700593747\n|start\n|switch|p1a: Grimmsnarl|Grimmsnarl, M|100\/100\n|switch|p2a: Zacian|Zacian-Crowned|100\/100\n|-ability|p2a: Zacian|Intrepid Sword|boost\n|-boost|p2a: Zacian|atk|1\n|turn|1\n|\n|t:|1700593751\n|move|p1a: Grimmsnarl|Reflect|p1a: Grimmsnarl\n|-sidestart|p1: Skyiewxz|Reflect\n|move|p2a: Zacian|Substitute|p2a: Zacian\n|-start|p2a: Zacian|Substitute\n|-damage|p2a: Zacian|76\/100\n|\n|upkeep\n|turn|2\n|\n|t:|1700593758\n|move|p1a: Grimmsnarl|Light Screen|p1a: Grimmsnarl\n|-sidestart|p1: Skyiewxz|move: Light Screen\n|move|p2a: Zacian|Behemoth Blade|p1a: Grimmsnarl\n|-supereffective|p1a: Grimmsnarl\n|-damage|p1a: Grimmsnarl|2\/100\n|\n|upkeep\n|turn|3\n|\n|t:|1700593762\n|move|p2a: Zacian|Behemoth Blade|p1a: Grimmsnarl\n|-supereffective|p1a: Grimmsnarl\n|-damage|p1a: Grimmsnarl|0 fnt\n|faint|p1a: Grimmsnarl\n|\n|upkeep\n|\n|t:|1700593769\n|switch|p1a: Arceus|Arceus|100\/100\n|turn|4\n|\n|t:|1700593773\n|move|p2a: Zacian|Close Combat|p1a: Arceus\n|-supereffective|p1a: Arceus\n|-damage|p1a: Arceus|58\/100\n|-unboost|p2a: Zacian|def|1\n|-unboost|p2a: Zacian|spd|1\n|move|p1a: Arceus|Earthquake|p2a: Zacian\n|-supereffective|p2a: Zacian\n|-end|p2a: Zacian|Substitute\n|\n|upkeep\n|turn|5\n|\n|t:|1700593782\n|switch|p2a: Gliscor|Gliscor, F|100\/100\n|move|p1a: Arceus|Extreme Speed|p2a: Gliscor\n|-damage|p2a: Gliscor|59\/100\n|\n|-status|p2a: Gliscor|tox|[from] item: Toxic Orb\n|upkeep\n|turn|6\n|\n|t:|1700593786\n|move|p1a: Arceus|Swords Dance|p1a: Arceus\n|-boost|p1a: Arceus|atk|2\n|move|p2a: Gliscor|Toxic|p1a: Arceus|[miss]\n|-miss|p2a: Gliscor|p1a: Arceus\n|\n|-heal|p2a: Gliscor|71\/100 tox|[from] ability: Poison Heal\n|upkeep\n|turn|7\n|\n|t:|1700593792\n|move|p2a: Gliscor|Protect|p2a: Gliscor\n|-singleturn|p2a: Gliscor|Protect\n|move|p1a: Arceus|Swords Dance|p1a: Arceus\n|-boost|p1a: Arceus|atk|2\n|\n|-heal|p2a: Gliscor|84\/100 tox|[from] ability: Poison Heal\n|upkeep\n|turn|8\n|\n|t:|1700593796\n|switch|p2a: Skeledirge|Skeledirge, F|100\/100\n|move|p1a: Arceus|Extreme Speed|p2a: Skeledirge\n|-immune|p2a: Skeledirge\n|\n|-sideend|p1: Skyiewxz|Reflect\n|upkeep\n|turn|9\n|\n|t:|1700593798\n|-terastallize|p1a: Arceus|Fire\n|move|p1a: Arceus|Earthquake|p2a: Skeledirge\n|-supereffective|p2a: Skeledirge\n|-damage|p2a: Skeledirge|58\/100\n|move|p2a: Skeledirge|Will-O-Wisp|p1a: Arceus\n|-immune|p1a: Arceus\n|\n|-sideend|p1: Skyiewxz|move: Light Screen\n|upkeep\n|turn|10\n|\n|t:|1700593809\n|-terastallize|p2a: Skeledirge|Fairy\n|move|p1a: Arceus|Earthquake|p2a: Skeledirge\n|-damage|p2a: Skeledirge|38\/100\n|move|p2a: Skeledirge|Slack Off|p2a: Skeledirge\n|-heal|p2a: Skeledirge|88\/100\n|\n|upkeep\n|turn|11\n|\n|t:|1700593812\n|move|p1a: Arceus|Recover|p1a: Arceus\n|-heal|p1a: Arceus|100\/100\n|move|p2a: Skeledirge|Torch Song|p1a: Arceus\n|-resisted|p1a: Arceus\n|-damage|p1a: Arceus|91\/100\n|-boost|p2a: Skeledirge|spa|1\n|\n|upkeep\n|turn|12\n|\n|t:|1700593814\n|move|p1a: Arceus|Extreme Speed|p2a: Skeledirge\n|-damage|p2a: Skeledirge|60\/100\n|move|p2a: Skeledirge|Torch Song|p1a: Arceus\n|-resisted|p1a: Arceus\n|-damage|p1a: Arceus|78\/100\n|-boost|p2a: Skeledirge|spa|1\n|\n|upkeep\n|turn|13\n|\n|t:|1700593827\n|move|p1a: Arceus|Swords Dance|p1a: Arceus\n|-boost|p1a: Arceus|atk|2\n|move|p2a: Skeledirge|Torch Song|p1a: Arceus\n|-resisted|p1a: Arceus\n|-damage|p1a: Arceus|60\/100\n|-boost|p2a: Skeledirge|spa|1\n|\n|upkeep\n|turn|14\n|\n|t:|1700593834\n|switch|p1a: Koraidon|Koraidon|100\/100\n|-weather|SunnyDay|[from] ability: Orichalcum Pulse|[of] p1a: Koraidon\n|-activate|p1a: Koraidon|Orichalcum Pulse|[source]\n|move|p2a: Skeledirge|Hex|p1a: Koraidon\n|-damage|p1a: Koraidon|35\/100\n|\n|-weather|SunnyDay|[upkeep]\n|-heal|p1a: Koraidon|41\/100|[from] item: Leftovers\n|upkeep\n|turn|15\n|\n|t:|1700593838\n|move|p1a: Koraidon|Flame Charge|p2a: Skeledirge\n|-damage|p2a: Skeledirge|38\/100\n|-boost|p1a: Koraidon|spe|1\n|move|p2a: Skeledirge|Slack Off|p2a: Skeledirge\n|-heal|p2a: Skeledirge|88\/100\n|\n|-weather|SunnyDay|[upkeep]\n|-heal|p1a: Koraidon|47\/100|[from] item: Leftovers\n|upkeep\n|turn|16\n|\n|t:|1700593842\n|move|p1a: Koraidon|Flame Charge|p2a: Skeledirge\n|-damage|p2a: Skeledirge|64\/100\n|-boost|p1a: Koraidon|spe|1\n|move|p2a: Skeledirge|Will-O-Wisp|p1a: Koraidon\n|-status|p1a: Koraidon|brn\n|\n|-weather|SunnyDay|[upkeep]\n|-heal|p1a: Koraidon|54\/100 brn|[from] item: Leftovers\n|-damage|p1a: Koraidon|47\/100 brn|[from] brn\n|upkeep\n|turn|17\n|\n|t:|1700593849\n|switch|p1a: Ditto|Ditto|100\/100\n|-transform|p1a: Ditto|p2a: Skeledirge|[from] ability: Imposter\n|move|p2a: Skeledirge|Slack Off|p2a: Skeledirge\n|-heal|p2a: Skeledirge|100\/100\n|\n|-weather|SunnyDay|[upkeep]\n|upkeep\n|-start|p1a: Ditto|typechange|Fire\/Ghost|[silent]\n|turn|18\n|\n|t:|1700593855\n|switch|p2a: Walking Wake|Walking Wake|100\/100\n|-activate|p2a: Walking Wake|ability: Protosynthesis\n|-start|p2a: Walking Wake|protosynthesisspa\n|move|p1a: Ditto|Torch Song|p2a: Walking Wake\n|-resisted|p2a: Walking Wake\n|-damage|p2a: Walking Wake|67\/100\n|-boost|p1a: Ditto|spa|1\n|\n|-weather|none\n|-end|p2a: Walking Wake|Protosynthesis\n|upkeep\n|turn|19\n|\n|t:|1700593859\n|switch|p1a: Koraidon|Koraidon|47\/100 brn\n|-weather|SunnyDay|[from] ability: Orichalcum Pulse|[of] p1a: Koraidon\n|-activate|p2a: Walking Wake|ability: Protosynthesis\n|-start|p2a: Walking Wake|protosynthesisspa\n|-activate|p1a: Koraidon|Orichalcum Pulse|[source]\n|move|p2a: Walking Wake|Draco Meteor|p1a: Koraidon\n|-supereffective|p1a: Koraidon\n|-damage|p1a: Koraidon|0 fnt\n|-unboost|p2a: Walking Wake|spa|2\n|faint|p1a: Koraidon\n|\n|-weather|SunnyDay|[upkeep]\n|upkeep\n|\n|t:|1700593861\n|switch|p1a: Miraidon|Miraidon|100\/100\n|-fieldstart|move: Electric Terrain|[from] ability: Hadron Engine|[of] p1a: Miraidon\n|turn|20\n|\n|t:|1700593865\n|-end|p2a: Walking Wake|Protosynthesis|[silent]\n|switch|p2a: Zacian|Zacian-Crowned|76\/100\n|move|p1a: Miraidon|Agility|p1a: Miraidon\n|-boost|p1a: Miraidon|spe|2\n|\n|-weather|SunnyDay|[upkeep]\n|upkeep\n|turn|21\n|\n|t:|1700593870\n|switch|p1a: Ditto|Ditto|100\/100\n|-transform|p1a: Ditto|p2a: Zacian|[from] ability: Imposter\n|-ability|p1a: Ditto|Intrepid Sword|boost\n|-boost|p1a: Ditto|atk|1\n|move|p2a: Zacian|Play Rough|p1a: Ditto\n|-resisted|p1a: Ditto\n|-damage|p1a: Ditto|72\/100\n|\n|-weather|SunnyDay|[upkeep]\n|upkeep\n|turn|22\n|\n|t:|1700593873\n|switch|p2a: Skeledirge|Skeledirge, F, tera:Fairy|100\/100\n|move|p1a: Ditto|Behemoth Blade|p2a: Skeledirge\n|-supereffective|p2a: Skeledirge\n|-damage|p2a: Skeledirge|29\/100\n|\n|-weather|SunnyDay|[upkeep]\n|upkeep\n|turn|23\n|\n|t:|1700593879\n|move|p1a: Ditto|Behemoth Blade|p2a: Skeledirge\n|-supereffective|p2a: Skeledirge\n|-damage|p2a: Skeledirge|0 fnt\n|faint|p2a: Skeledirge\n|\n|-weather|none\n|upkeep\n|\n|t:|1700593884\n|switch|p2a: Kyogre|Kyogre|100\/100\n|-weather|RainDance|[from] ability: Drizzle|[of] p2a: Kyogre\n|turn|24\n|\n|t:|1700593888\n|switch|p1a: Arceus|Arceus, tera:Fire|60\/100\n|move|p2a: Kyogre|Surf|p1a: Arceus\n|-supereffective|p1a: Arceus\n|-damage|p1a: Arceus|0 fnt\n|faint|p1a: Arceus\n|\n|-weather|RainDance|[upkeep]\n|-fieldend|move: Electric Terrain\n|upkeep\n|\n|t:|1700593891\n|switch|p1a: Miraidon|Miraidon|100\/100\n|-fieldstart|move: Electric Terrain|[from] ability: Hadron Engine|[of] p1a: Miraidon\n|turn|25\n|\n|t:|1700593896\n|switch|p2a: Koraidon|Koraidon|100\/100\n|-weather|SunnyDay|[from] ability: Orichalcum Pulse|[of] p2a: Koraidon\n|-activate|p2a: Koraidon|Orichalcum Pulse|[source]\n|move|p1a: Miraidon|Agility|p1a: Miraidon\n|-boost|p1a: Miraidon|spe|2\n|\n|-weather|SunnyDay|[upkeep]\n|upkeep\n|turn|26\n|\n|t:|1700593900\n|move|p1a: Miraidon|Dragon Pulse|p2a: Koraidon\n|-supereffective|p2a: Koraidon\n|-damage|p2a: Koraidon|0 fnt\n|faint|p2a: Koraidon\n|\n|-weather|SunnyDay|[upkeep]\n|upkeep\n|\n|t:|1700593903\n|switch|p2a: Zacian|Zacian-Crowned|76\/100\n|turn|27\n|\n|t:|1700593907\n|switch|p1a: Ditto|Ditto|72\/100\n|-transform|p1a: Ditto|p2a: Zacian|[from] ability: Imposter\n|move|p2a: Zacian|Play Rough|p1a: Ditto\n|-resisted|p1a: Ditto\n|-damage|p1a: Ditto|45\/100\n|\n|-weather|SunnyDay|[upkeep]\n|upkeep\n|turn|28\n|\n|t:|1700593913\n|switch|p2a: Walking Wake|Walking Wake|67\/100\n|-activate|p2a: Walking Wake|ability: Protosynthesis\n|-start|p2a: Walking Wake|protosynthesisspa\n|move|p1a: Ditto|Behemoth Blade|p2a: Walking Wake\n|-resisted|p2a: Walking Wake\n|-damage|p2a: Walking Wake|36\/100\n|\n|-weather|SunnyDay|[upkeep]\n|upkeep\n|turn|29\n|\n|t:|1700593921\n|move|p1a: Ditto|Behemoth Blade|p2a: Walking Wake\n|-resisted|p2a: Walking Wake\n|-damage|p2a: Walking Wake|4\/100\n|move|p2a: Walking Wake|Dragon Pulse|p1a: Ditto\n|-immune|p1a: Ditto\n|\n|-weather|none\n|-end|p2a: Walking Wake|Protosynthesis\n|-fieldend|move: Electric Terrain\n|upkeep\n|turn|30\n|\n|t:|1700593925\n|move|p1a: Ditto|Behemoth Blade|p2a: Walking Wake\n|-resisted|p2a: Walking Wake\n|-damage|p2a: Walking Wake|0 fnt\n|faint|p2a: Walking Wake\n|-end|p2a: Walking Wake|Protosynthesis|[silent]\n|\n|upkeep\n|\n|t:|1700593931\n|switch|p2a: Kyogre|Kyogre|100\/100\n|-weather|RainDance|[from] ability: Drizzle|[of] p2a: Kyogre\n|turn|31\n|\n|t:|1700593938\n|switch|p1a: Flutter Mane|Flutter Mane|100\/100\n|move|p2a: Kyogre|Surf|p1a: Flutter Mane\n|-damage|p1a: Flutter Mane|8\/100\n|\n|-weather|RainDance|[upkeep]\n|upkeep\n|turn|32\n|\n|t:|1700593941\n|switch|p2a: Zacian|Zacian-Crowned|76\/100\n|move|p1a: Flutter Mane|Moonblast|p2a: Zacian\n|-resisted|p2a: Zacian\n|-damage|p2a: Zacian|46\/100\n|-damage|p1a: Flutter Mane|0 fnt|[from] item: Life Orb\n|faint|p1a: Flutter Mane\n|-end|p1a: Flutter Mane|Protosynthesis|[silent]\n|\n|-weather|RainDance|[upkeep]\n|upkeep\n|\n|t:|1700593944\n|switch|p1a: Ditto|Ditto|45\/100\n|-transform|p1a: Ditto|p2a: Zacian|[from] ability: Imposter\n|turn|33\n|\n|t:|1700593948\n|move|p1a: Ditto|Behemoth Blade|p2a: Zacian\n|-damage|p2a: Zacian|0 fnt\n|faint|p2a: Zacian\n|\n|-weather|RainDance|[upkeep]\n|upkeep\n|\n|t:|1700593951\n|switch|p2a: Kyogre|Kyogre|100\/100\n|turn|34\n|\n|t:|1700593953\n|move|p1a: Ditto|Behemoth Blade|p2a: Kyogre\n|-resisted|p2a: Kyogre\n|-damage|p2a: Kyogre|73\/100\n|move|p2a: Kyogre|Surf|p1a: Ditto\n|-damage|p1a: Ditto|0 fnt\n|faint|p1a: Ditto\n|\n|-weather|RainDance|[upkeep]\n|upkeep\n|\n|t:|1700593955\n|switch|p1a: Miraidon|Miraidon|100\/100\n|-fieldstart|move: Electric Terrain|[from] ability: Hadron Engine|[of] p1a: Miraidon\n|turn|35\n|\n|t:|1700593958\n|move|p1a: Miraidon|Calm Mind|p1a: Miraidon\n|-boost|p1a: Miraidon|spa|1\n|-boost|p1a: Miraidon|spd|1\n|move|p2a: Kyogre|Ice Beam|p1a: Miraidon\n|-supereffective|p1a: Miraidon\n|-damage|p1a: Miraidon|63\/100\n|-enditem|p1a: Miraidon|Weakness Policy\n|-boost|p1a: Miraidon|atk|2|[from] item: Weakness Policy\n|-boost|p1a: Miraidon|spa|2|[from] item: Weakness Policy\n|\n|-weather|none\n|upkeep\n|turn|36\n|\n|t:|1700593959\n|move|p1a: Miraidon|Parabolic Charge|p2a: Kyogre\n|-supereffective|p2a: Kyogre\n|-damage|p2a: Kyogre|0 fnt\n|-heal|p1a: Miraidon|100\/100|[from] drain|[of] p2a: Kyogre\n|faint|p2a: Kyogre\n|\n|upkeep\n|\n|t:|1700593962\n|switch|p2a: Gliscor|Gliscor, F|84\/100 tox\n|turn|37\n|\n|t:|1700593963\n|move|p2a: Gliscor|Protect|p2a: Gliscor\n|-singleturn|p2a: Gliscor|Protect\n|move|p1a: Miraidon|Dragon Pulse|p2a: Gliscor\n|-activate|p2a: Gliscor|move: Protect\n|\n|-heal|p2a: Gliscor|96\/100 tox|[from] ability: Poison Heal\n|upkeep\n|turn|38\n|\n|t:|1700593965\n|move|p1a: Miraidon|Dragon Pulse|p2a: Gliscor\n|-crit|p2a: Gliscor\n|-damage|p2a: Gliscor|0 fnt\n|faint|p2a: Gliscor\n|\n|win|Skyiewxz\n|raw|Skyiewxz's rating: 1622 &rarr; <strong>1639<\/strong><br \/>(+17 for winning)\n|raw|JamboreeJourney's rating: 1578 &rarr; <strong>1561<\/strong><br \/>(-17 for losing)\n|l|\u2606Skyiewxz\n|c|\u2606JamboreeJourney|gg\n|j|\u2606Skyiewxz\n|player|p1|Skyiewxz|dawn\n|l|\u2606JamboreeJourney\n","uploadtime":1700593978,"views":0,"p1id":"skyiewxz","p2id":"jamboreejourney","formatid":"gen9ubers","rating":1561,"private":0,"password":""}