{"id":"gen9ubers-1972302205","p1":"LadyMaria-Blue","p2":"Guard Dawg","format":"[Gen 9] Ubers","log":"|j|\u2606LadyMaria-Blue\n|j|\u2606Guard Dawg\n|t:|1697829481\n|gametype|singles\n|player|p1|LadyMaria-Blue|cynthia|\n|player|p2|Guard Dawg|gentleman-gen4|\n|teamsize|p1|6\n|teamsize|p2|6\n|gen|9\n|tier|[Gen 9] Ubers\n|rule|Sleep Clause Mod: Limit one foe put to sleep\n|rule|Species Clause: Limit one of each Pok\u00e9mon\n|rule|OHKO Clause: OHKO moves are banned\n|rule|Evasion Items Clause: Evasion items are banned\n|rule|Evasion Moves Clause: Evasion moves are banned\n|rule|Endless Battle Clause: Forcing endless battles is banned\n|rule|HP Percentage Mod: HP is shown in percentages\n|clearpoke\n|poke|p1|Dialga|\n|poke|p1|Gliscor, F|\n|poke|p1|Gholdengo|\n|poke|p1|Espathra, F|\n|poke|p1|Chi-Yu|\n|poke|p1|Cyclizar, F|\n|poke|p2|Spidops, F|\n|poke|p2|Brambleghast, M|\n|poke|p2|Chi-Yu|\n|poke|p2|Urshifu-*, F|\n|poke|p2|Palkia-Origin|\n|poke|p2|Landorus, M|\n|teampreview\n|\n|t:|1697829500\n|start\n|switch|p1a: Dialga|Dialga, shiny|100\/100\n|switch|p2a: Metro Spidops|Spidops, F|100\/100\n|-ability|p1a: Dialga|Pressure\n|turn|1\n|\n|t:|1697829503\n|move|p1a: Dialga|Stealth Rock|p2a: Metro Spidops\n|-sidestart|p2: Guard Dawg|move: Stealth Rock\n|move|p2a: Metro Spidops|Sticky Web|p1a: Dialga\n|-sidestart|p1: LadyMaria-Blue|move: Sticky Web\n|\n|upkeep\n|turn|2\n|\n|t:|1697829512\n|move|p1a: Dialga|Draco Meteor|p2a: Metro Spidops|[miss]\n|-miss|p1a: Dialga|p2a: Metro Spidops\n|move|p2a: Metro Spidops|Rock Tomb|p1a: Dialga\n|-resisted|p1a: Dialga\n|-damage|p1a: Dialga|96\/100\n|-unboost|p1a: Dialga|spe|1\n|\n|-heal|p1a: Dialga|100\/100|[from] item: Leftovers\n|upkeep\n|turn|3\n|\n|t:|1697829517\n|move|p1a: Dialga|Draco Meteor|p2a: Metro Spidops\n|-damage|p2a: Metro Spidops|22\/100\n|-unboost|p1a: Dialga|spa|2\n|move|p2a: Metro Spidops|Rock Tomb|p1a: Dialga\n|-resisted|p1a: Dialga\n|-damage|p1a: Dialga|96\/100\n|-unboost|p1a: Dialga|spe|1\n|\n|-heal|p1a: Dialga|100\/100|[from] item: Leftovers\n|upkeep\n|turn|4\n|\n|t:|1697829522\n|move|p1a: Dialga|Draco Meteor|p2a: Metro Spidops\n|-damage|p2a: Metro Spidops|0 fnt\n|-unboost|p1a: Dialga|spa|2\n|faint|p2a: Metro Spidops\n|\n|upkeep\n|\n|t:|1697829528\n|switch|p2a: High Noon|Brambleghast, M|100\/100\n|turn|5\n|\n|t:|1697829531\n|switch|p1a: Gliscor|Gliscor, F, shiny|100\/100\n|move|p2a: High Noon|Poltergeist|p1a: Gliscor\n|-activate|p1a: Gliscor|move: Poltergeist|Toxic Orb\n|-damage|p1a: Gliscor|61\/100\n|\n|-status|p1a: Gliscor|tox|[from] item: Toxic Orb\n|upkeep\n|turn|6\n|\n|t:|1697829539\n|move|p1a: Gliscor|Protect|p1a: Gliscor\n|-singleturn|p1a: Gliscor|Protect\n|move|p2a: High Noon|Rapid Spin|p1a: Gliscor\n|-activate|p1a: Gliscor|move: Protect\n|\n|-heal|p1a: Gliscor|74\/100 tox|[from] ability: Poison Heal\n|upkeep\n|turn|7\n|\n|t:|1697829546\n|switch|p1a: Gholdengo|Gholdengo|100\/100\n|-activate|p1a: Gholdengo|move: Sticky Web\n|-unboost|p1a: Gholdengo|spe|1\n|move|p2a: High Noon|Poltergeist|p1a: Gholdengo|[miss]\n|-miss|p2a: High Noon|p1a: Gholdengo\n|\n|upkeep\n|turn|8\n|\n|t:|1697829555\n|switch|p1a: Cyclizar|Cyclizar, F|100\/100\n|move|p2a: High Noon|Poltergeist|p1a: Cyclizar\n|-immune|p1a: Cyclizar\n|\n|upkeep\n|turn|9\n|\n|t:|1697829561\n|move|p1a: Cyclizar|Taunt|p2a: High Noon\n|-start|p2a: High Noon|move: Taunt\n|move|p2a: High Noon|Rapid Spin|p1a: Cyclizar\n|-damage|p1a: Cyclizar|77\/100\n|-boost|p2a: High Noon|spe|1\n|-sideend|p2: Guard Dawg|Stealth Rock|[from] move: Rapid Spin|[of] p2a: High Noon\n|\n|upkeep\n|turn|10\n|\n|t:|1697829565\n|move|p2a: High Noon|Power Whip|p1a: Cyclizar|[miss]\n|-miss|p2a: High Noon|p1a: Cyclizar\n|move|p1a: Cyclizar|Shed Tail|p1a: Cyclizar\n|-start|p1a: Cyclizar|Substitute|[from] move: Shed Tail\n|-damage|p1a: Cyclizar|27\/100\n|\n|t:|1697829575\n|switch|p1a: Chi-Yu|Chi-Yu|100\/100|[from] Shed Tail\n|-activate|p1a: Chi-Yu|move: Sticky Web\n|-unboost|p1a: Chi-Yu|spe|1\n|-ability|p1a: Chi-Yu|Beads of Ruin\n|\n|upkeep\n|turn|11\n|\n|t:|1697829580\n|move|p2a: High Noon|Poltergeist|p1a: Chi-Yu\n|-activate|p1a: Chi-Yu|move: Poltergeist|Choice Scarf\n|-resisted|p1a: Chi-Yu\n|-end|p1a: Chi-Yu|Substitute\n|move|p1a: Chi-Yu|Flamethrower|p2a: High Noon\n|-supereffective|p2a: High Noon\n|-damage|p2a: High Noon|0 fnt\n|faint|p2a: High Noon\n|\n|upkeep\n|\n|t:|1697829593\n|switch|p2a: Maggie|Palkia-Origin|100\/100\n|-ability|p2a: Maggie|Pressure\n|turn|12\n|\n|t:|1697829600\n|switch|p1a: Dialga|Dialga, shiny|100\/100\n|-activate|p1a: Dialga|move: Sticky Web\n|-unboost|p1a: Dialga|spe|1\n|-ability|p1a: Dialga|Pressure\n|move|p2a: Maggie|Hydro Pump|p1a: Dialga\n|-resisted|p1a: Dialga\n|-damage|p1a: Dialga|64\/100\n|\n|-heal|p1a: Dialga|71\/100|[from] item: Leftovers\n|upkeep\n|turn|13\n|\n|t:|1697829610\n|move|p2a: Maggie|Spacial Rend|p1a: Dialga\n|-damage|p1a: Dialga|5\/100\n|move|p1a: Dialga|Draco Meteor|p2a: Maggie\n|-supereffective|p2a: Maggie\n|-damage|p2a: Maggie|0 fnt\n|-unboost|p1a: Dialga|spa|2\n|faint|p2a: Maggie\n|\n|-heal|p1a: Dialga|11\/100|[from] item: Leftovers\n|upkeep\n|\n|t:|1697829628\n|switch|p2a: Po|Urshifu-Rapid-Strike, F|100\/100\n|turn|14\n|\n|t:|1697829633\n|switch|p1a: Gholdengo|Gholdengo|100\/100\n|-activate|p1a: Gholdengo|move: Sticky Web\n|-unboost|p1a: Gholdengo|spe|1\n|move|p2a: Po|Swords Dance|p2a: Po\n|-boost|p2a: Po|atk|2\n|\n|upkeep\n|turn|15\n|\n|t:|1697829636\n|move|p2a: Po|Surging Strikes|p1a: Gholdengo\n|-crit|p1a: Gholdengo\n|-damage|p1a: Gholdengo|48\/100\n|-crit|p1a: Gholdengo\n|-damage|p1a: Gholdengo|2\/100\n|-crit|p1a: Gholdengo\n|-damage|p1a: Gholdengo|0 fnt\n|faint|p1a: Gholdengo\n|-hitcount|p1: Gholdengo|3\n|\n|upkeep\n|\n|t:|1697829641\n|switch|p1a: Cyclizar|Cyclizar, F|61\/100\n|turn|16\n|\n|t:|1697829644\n|move|p1a: Cyclizar|Shed Tail|p1a: Cyclizar\n|-start|p1a: Cyclizar|Substitute|[from] move: Shed Tail\n|-damage|p1a: Cyclizar|10\/100\n|\n|t:|1697829653\n|switch|p1a: Espathra|Espathra, F|100\/100|[from] Shed Tail\n|-activate|p1a: Espathra|move: Sticky Web\n|-unboost|p1a: Espathra|spe|1\n|move|p2a: Po|Surging Strikes|p1a: Espathra\n|-crit|p1a: Espathra\n|-end|p1a: Espathra|Substitute\n|-crit|p1a: Espathra\n|-damage|p1a: Espathra|40\/100\n|-crit|p1a: Espathra\n|-damage|p1a: Espathra|0 fnt\n|faint|p1a: Espathra\n|-hitcount|p1: Espathra|3\n|\n|upkeep\n|\n|t:|1697829659\n|switch|p1a: Cyclizar|Cyclizar, F|44\/100\n|turn|17\n|\n|t:|1697829663\n|move|p1a: Cyclizar|Draco Meteor|p2a: Po\n|-crit|p2a: Po\n|-damage|p2a: Po|14\/100\n|-unboost|p1a: Cyclizar|spa|2\n|move|p2a: Po|Surging Strikes|p1a: Cyclizar\n|-resisted|p1a: Cyclizar\n|-crit|p1a: Cyclizar\n|-damage|p1a: Cyclizar|9\/100\n|-resisted|p1a: Cyclizar\n|-crit|p1a: Cyclizar\n|-damage|p1a: Cyclizar|0 fnt\n|faint|p1a: Cyclizar\n|-hitcount|p1: Cyclizar|2\n|\n|upkeep\n|\n|t:|1697829666\n|switch|p1a: Dialga|Dialga, shiny|11\/100\n|-activate|p1a: Dialga|move: Sticky Web\n|-unboost|p1a: Dialga|spe|1\n|-ability|p1a: Dialga|Pressure\n|turn|18\n|\n|t:|1697829670\n|move|p2a: Po|Surging Strikes|p1a: Dialga\n|-resisted|p1a: Dialga\n|-crit|p1a: Dialga\n|-damage|p1a: Dialga|0 fnt\n|faint|p1a: Dialga\n|-hitcount|p1: Dialga|1\n|\n|upkeep\n|\n|t:|1697829674\n|switch|p1a: Gliscor|Gliscor, F, shiny|74\/100 tox\n|turn|19\n|\n|t:|1697829678\n|move|p1a: Gliscor|Protect|p1a: Gliscor\n|-singleturn|p1a: Gliscor|Protect\n|move|p2a: Po|U-turn|p1a: Gliscor\n|-resisted|p1a: Gliscor\n|-damage|p1a: Gliscor|58\/100 tox\n|\n|t:|1697829685\n|switch|p2a: Flavor Blasted|Chi-Yu|100\/100|[from] U-turn\n|-ability|p2a: Flavor Blasted|Beads of Ruin\n|\n|-heal|p1a: Gliscor|71\/100 tox|[from] ability: Poison Heal\n|upkeep\n|turn|20\n|\n|t:|1697829694\n|move|p2a: Flavor Blasted|Flamethrower|p1a: Gliscor\n|-damage|p1a: Gliscor|0 fnt\n|faint|p1a: Gliscor\n|\n|upkeep\n|\n|t:|1697829695\n|switch|p1a: Chi-Yu|Chi-Yu|100\/100\n|-activate|p1a: Chi-Yu|move: Sticky Web\n|-unboost|p1a: Chi-Yu|spe|1\n|-ability|p1a: Chi-Yu|Beads of Ruin\n|turn|21\n|\n|t:|1697829701\n|move|p1a: Chi-Yu|Flamethrower|p2a: Flavor Blasted\n|-resisted|p2a: Flavor Blasted\n|-damage|p2a: Flavor Blasted|72\/100\n|move|p2a: Flavor Blasted|Flamethrower|p1a: Chi-Yu\n|-resisted|p1a: Chi-Yu\n|-damage|p1a: Chi-Yu|54\/100\n|\n|upkeep\n|turn|22\n|\n|t:|1697829707\n|move|p1a: Chi-Yu|Flamethrower|p2a: Flavor Blasted\n|-resisted|p2a: Flavor Blasted\n|-damage|p2a: Flavor Blasted|45\/100\n|move|p2a: Flavor Blasted|Flamethrower|p1a: Chi-Yu\n|-resisted|p1a: Chi-Yu\n|-damage|p1a: Chi-Yu|11\/100\n|\n|upkeep\n|turn|23\n|\n|t:|1697829718\n|move|p1a: Chi-Yu|Flamethrower|p2a: Flavor Blasted\n|-resisted|p2a: Flavor Blasted\n|-damage|p2a: Flavor Blasted|17\/100\n|move|p2a: Flavor Blasted|Flamethrower|p1a: Chi-Yu\n|-resisted|p1a: Chi-Yu\n|-damage|p1a: Chi-Yu|0 fnt\n|faint|p1a: Chi-Yu\n|\n|win|Guard Dawg\n|c|\u2606LadyMaria-Blue|gg\n|c|\u2606Guard Dawg|gg\n","uploadtime":1697829723,"views":25,"p1id":"ladymariablue","p2id":"guarddawg","formatid":"gen9ubers","rating":0,"private":0,"password":""}