{"id":"gen9ubers-2000224709","p1":"Sharpfang505","p2":"TWIISTED2","format":"[Gen 9] Ubers","log":"|j|\u2606Sharpfang505\n|j|\u2606TWIISTED2\n|t:|1701174454\n|gametype|singles\n|player|p1|Sharpfang505|psychic-gen4|1248\n|player|p2|TWIISTED2|bugcatcher-gen4dp|1163\n|teamsize|p1|6\n|teamsize|p2|6\n|gen|9\n|tier|[Gen 9] Ubers\n|rated|\n|rule|Sleep Clause Mod: Limit one foe put to sleep\n|rule|Species Clause: Limit one of each Pok\u00e9mon\n|rule|OHKO Clause: OHKO moves are banned\n|rule|Evasion Items Clause: Evasion items are banned\n|rule|Evasion Moves Clause: Evasion moves are banned\n|rule|Endless Battle Clause: Forcing endless battles is banned\n|rule|HP Percentage Mod: HP is shown in percentages\n|clearpoke\n|poke|p1|Gliscor, F|\n|poke|p1|Iron Bundle|\n|poke|p1|Chien-Pao|\n|poke|p1|Giratina|\n|poke|p1|Gholdengo|\n|poke|p1|Breloom, M|\n|poke|p2|Calyrex-Ice|\n|poke|p2|Miraidon|\n|poke|p2|Glimmora, F|\n|poke|p2|Ceruledge, M|\n|poke|p2|Sneasler, F|\n|poke|p2|Gliscor, F|\n|teampreview\n|\n|t:|1701174467\n|start\n|switch|p1a: Giratina|Giratina|100\/100\n|switch|p2a: Calyrex|Calyrex-Ice|100\/100\n|-ability|p2a: Calyrex|As One\n|-ability|p2a: Calyrex|Unnerve\n|-ability|p1a: Giratina|Pressure\n|turn|1\n|\n|t:|1701174501\n|-terastallize|p2a: Calyrex|Ground\n|move|p1a: Giratina|Will-O-Wisp|p2a: Calyrex\n|-status|p2a: Calyrex|brn\n|move|p2a: Calyrex|Trick Room|p2a: Calyrex\n|-fieldstart|move: Trick Room|[of] p2a: Calyrex\n|\n|-damage|p2a: Calyrex|94\/100 brn|[from] brn\n|upkeep\n|turn|2\n|\n|t:|1701174515\n|move|p2a: Calyrex|Swords Dance|p2a: Calyrex\n|-boost|p2a: Calyrex|atk|2\n|move|p1a: Giratina|Dragon Tail|p2a: Calyrex\n|-damage|p2a: Calyrex|79\/100 brn\n|drag|p2a: Sneasler|Sneasler, F|100\/100\n|-item|p2a: Sneasler|Air Balloon\n|\n|upkeep\n|turn|3\n|\n|t:|1701174531\n|move|p1a: Giratina|Will-O-Wisp|p2a: Sneasler\n|-status|p2a: Sneasler|brn\n|move|p2a: Sneasler|Swords Dance|p2a: Sneasler\n|-boost|p2a: Sneasler|atk|2\n|\n|-damage|p2a: Sneasler|94\/100 brn|[from] brn\n|upkeep\n|turn|4\n|\n|t:|1701174555\n|switch|p2a: Glimmora|Glimmora, F|100\/100\n|move|p1a: Giratina|Dragon Tail|p2a: Glimmora\n|-damage|p2a: Glimmora|75\/100\n|-activate|p2a: Glimmora|ability: Toxic Debris\n|-sidestart|p1: Sharpfang505|move: Toxic Spikes\n|drag|p2a: Miraidon|Miraidon|100\/100\n|-fieldstart|move: Electric Terrain|[from] ability: Hadron Engine|[of] p2a: Miraidon\n|\n|upkeep\n|turn|5\n|\n|t:|1701174579\n|-terastallize|p1a: Giratina|Poison\n|move|p2a: Miraidon|Draco Meteor|p1a: Giratina\n|-damage|p1a: Giratina|42\/100\n|-unboost|p2a: Miraidon|spa|2\n|-damage|p2a: Miraidon|91\/100|[from] item: Life Orb\n|move|p1a: Giratina|Dragon Tail|p2a: Miraidon\n|-supereffective|p2a: Miraidon\n|-damage|p2a: Miraidon|48\/100\n|drag|p2a: Ceruledge|Ceruledge, M|100\/100\n|\n|-heal|p1a: Giratina|48\/100|[from] item: Leftovers\n|-fieldend|move: Trick Room\n|upkeep\n|turn|6\n|\n|t:|1701174608\n|move|p2a: Ceruledge|Poltergeist|p1a: Giratina\n|-activate|p1a: Giratina|move: Poltergeist|Leftovers\n|-damage|p1a: Giratina|18\/100\n|move|p1a: Giratina|Dragon Tail|p2a: Ceruledge\n|-damage|p2a: Ceruledge|67\/100\n|-ability|p2a: Ceruledge|Weak Armor|boost\n|-unboost|p2a: Ceruledge|def|1\n|-boost|p2a: Ceruledge|spe|2\n|drag|p2a: Miraidon|Miraidon|48\/100\n|-activate|p2a: Miraidon|ability: Hadron Engine\n|\n|-heal|p1a: Giratina|24\/100|[from] item: Leftovers\n|upkeep\n|turn|7\n|\n|t:|1701174626\n|switch|p1a: Gliscor|Gliscor, F|100\/100\n|move|p2a: Miraidon|Flash Cannon|p1a: Gliscor\n|-damage|p1a: Gliscor|44\/100\n|-damage|p2a: Miraidon|38\/100|[from] item: Life Orb\n|\n|-status|p1a: Gliscor|tox|[from] item: Toxic Orb\n|upkeep\n|turn|8\n|\n|t:|1701174637\n|move|p1a: Gliscor|Protect|p1a: Gliscor\n|-singleturn|p1a: Gliscor|Protect\n|move|p2a: Miraidon|Flash Cannon|p1a: Gliscor\n|-activate|p1a: Gliscor|move: Protect\n|\n|-heal|p1a: Gliscor|57\/100 tox|[from] ability: Poison Heal\n|-fieldend|move: Electric Terrain\n|upkeep\n|turn|9\n|\n|t:|1701174646\n|move|p2a: Miraidon|Flash Cannon|p1a: Gliscor\n|-damage|p1a: Gliscor|12\/100 tox\n|-damage|p2a: Miraidon|28\/100|[from] item: Life Orb\n|move|p1a: Gliscor|Earthquake|p2a: Miraidon\n|-supereffective|p2a: Miraidon\n|-damage|p2a: Miraidon|0 fnt\n|faint|p2a: Miraidon\n|\n|-heal|p1a: Gliscor|24\/100 tox|[from] ability: Poison Heal\n|upkeep\n|c|\u2606TWIISTED2|why did the move go down 10% i dmg???\n|c|\u2606Sharpfang505|!dt hadron engine\n|raw|<ul class=\"utilichart\"><li class=\"result\"><span class=\"col namecol\"><a href=\"https:\/\/dex.pokemonshowdown.com\/abilities\/hadronengine\">Hadron Engine<\/a><\/span> <span class=\"col abilitydesccol\">On switch-in, summons Electric Terrain. During Electric Terrain, Sp. Atk is 1.3333x.<\/span> <\/li><li style=\"clear:both\"><\/li><\/ul>\n|raw|<font size=\"1\"><font color=\"#686868\">Gen:<\/font> 9<\/font>\n\n|\n|t:|1701174686\n|switch|p2a: Calyrex|Calyrex-Ice, tera:Ground|79\/100 brn\n|-ability|p2a: Calyrex|As One\n|-ability|p2a: Calyrex|Unnerve\n|turn|10\n|c|\u2606Sharpfang505|the terrain ended\n|c|\u2606TWIISTED2|ohh\n|\n|t:|1701174702\n|move|p1a: Gliscor|Spikes|p2a: Calyrex\n|-sidestart|p2: TWIISTED2|Spikes\n|move|p2a: Calyrex|Trick Room|p2a: Calyrex\n|-fieldstart|move: Trick Room|[of] p2a: Calyrex\n|\n|-heal|p1a: Gliscor|37\/100 tox|[from] ability: Poison Heal\n|-damage|p2a: Calyrex|73\/100 brn|[from] brn\n|upkeep\n|turn|11\n|\n|t:|1701174743\n|move|p2a: Calyrex|Glacial Lance|p1a: Gliscor\n|-supereffective|p1a: Gliscor\n|-damage|p1a: Gliscor|0 fnt\n|faint|p1a: Gliscor\n|-ability|p2a: Calyrex|Chilling Neigh|boost\n|-boost|p2a: Calyrex|atk|1\n|\n|-damage|p2a: Calyrex|67\/100 brn|[from] brn\n|upkeep\n|\n|t:|1701174761\n|switch|p1a: Giratina|Giratina, tera:Poison|24\/100\n|-sideend|p1: Sharpfang505|move: Toxic Spikes|[of] p1a: Giratina\n|-ability|p1a: Giratina|Pressure\n|turn|12\n|\n|t:|1701174768\n|move|p2a: Calyrex|High Horsepower|p1a: Giratina\n|-supereffective|p1a: Giratina\n|-damage|p1a: Giratina|0 fnt\n|faint|p1a: Giratina\n|-ability|p2a: Calyrex|Chilling Neigh|boost\n|-boost|p2a: Calyrex|atk|1\n|\n|-damage|p2a: Calyrex|61\/100 brn|[from] brn\n|upkeep\n|\n|t:|1701174778\n|switch|p1a: Gholdengo|Gholdengo|100\/100\n|-item|p1a: Gholdengo|Air Balloon\n|turn|13\n|\n|t:|1701174790\n|move|p2a: Calyrex|Glacial Lance|p1a: Gholdengo\n|-resisted|p1a: Gholdengo\n|-damage|p1a: Gholdengo|57\/100\n|-enditem|p1a: Gholdengo|Air Balloon\n|move|p1a: Gholdengo|Make It Rain|p2a: Calyrex\n|-damage|p2a: Calyrex|18\/100 brn\n|-unboost|p1a: Gholdengo|spa|1\n|-enditem|p2a: Calyrex|Aguav Berry|[eat]\n|-heal|p2a: Calyrex|51\/100 brn|[from] item: Aguav Berry\n|\n|-damage|p2a: Calyrex|45\/100 brn|[from] brn\n|upkeep\n|turn|14\n|\n|t:|1701174806\n|move|p2a: Calyrex|High Horsepower|p1a: Gholdengo\n|-supereffective|p1a: Gholdengo\n|-damage|p1a: Gholdengo|0 fnt\n|faint|p1a: Gholdengo\n|-ability|p2a: Calyrex|Chilling Neigh|boost\n|-boost|p2a: Calyrex|atk|1\n|\n|-damage|p2a: Calyrex|38\/100 brn|[from] brn\n|-fieldend|move: Trick Room\n|upkeep\n|\n|t:|1701174812\n|switch|p1a: Chien-Pao|Chien-Pao|100\/100\n|-ability|p1a: Chien-Pao|Sword of Ruin\n|turn|15\n|\n|t:|1701174817\n|move|p1a: Chien-Pao|Ice Spinner|p2a: Calyrex\n|-supereffective|p2a: Calyrex\n|-damage|p2a: Calyrex|0 fnt\n|faint|p2a: Calyrex\n|\n|upkeep\n|\n|t:|1701174845\n|switch|p2a: Glimmora|Glimmora, F|75\/100\n|-damage|p2a: Glimmora|62\/100|[from] Spikes\n|turn|16\n|\n|t:|1701174859\n|move|p1a: Chien-Pao|Crunch|p2a: Glimmora\n|-damage|p2a: Glimmora|0 fnt\n|-activate|p2a: Glimmora|ability: Toxic Debris\n|-sidestart|p1: Sharpfang505|move: Toxic Spikes\n|faint|p2a: Glimmora\n|\n|upkeep\n|\n|t:|1701174867\n|switch|p2a: Sneasler|Sneasler, F|94\/100 brn\n|-item|p2a: Sneasler|Air Balloon\n|turn|17\n|\n|t:|1701174894\n|move|p1a: Chien-Pao|Ice Spinner|p2a: Sneasler\n|-crit|p2a: Sneasler\n|-damage|p2a: Sneasler|0 fnt\n|-enditem|p2a: Sneasler|Air Balloon\n|faint|p2a: Sneasler\n|\n|upkeep\n|\n|t:|1701174909\n|switch|p2a: Ceruledge|Ceruledge, M|67\/100\n|-damage|p2a: Ceruledge|55\/100|[from] Spikes\n|turn|18\n|\n|t:|1701174918\n|move|p2a: Ceruledge|Shadow Sneak|p1a: Chien-Pao\n|-resisted|p1a: Chien-Pao\n|-damage|p1a: Chien-Pao|87\/100\n|move|p1a: Chien-Pao|Crunch|p2a: Ceruledge\n|-supereffective|p2a: Ceruledge\n|-damage|p2a: Ceruledge|0 fnt\n|faint|p2a: Ceruledge\n|\n|upkeep\n|\n|t:|1701174925\n|switch|p2a: Gliscor|Gliscor, F|100\/100\n|turn|19\n|\n|t:|1701174941\n|move|p1a: Chien-Pao|Ice Spinner|p2a: Gliscor\n|-supereffective|p2a: Gliscor\n|-damage|p2a: Gliscor|0 fnt\n|faint|p2a: Gliscor\n|\n|win|Sharpfang505\n|raw|Sharpfang505's rating: 1248 &rarr; <strong>1267<\/strong><br \/>(+19 for winning)\n|raw|TWIISTED2's rating: 1163 &rarr; <strong>1144<\/strong><br \/>(-19 for losing)\n|c|\u2606TWIISTED2|gg\n|c|\u2606Sharpfang505|gg\n|l|\u2606TWIISTED2\n","uploadtime":1701174953,"views":7,"p1id":"sharpfang505","p2id":"twiisted2","formatid":"gen9ubers","rating":1144,"private":0,"password":""}