{"id":"gen9ubers-1999592032","p1":"Kai dragneel","p2":"astroblastyt","format":"[Gen 9] Ubers","log":"|j|\u2606Kai dragneel\n|j|\u2606astroblastyt\n|t:|1701099264\n|gametype|singles\n|player|p1|Kai dragneel|265|1130\n|player|p2|astroblastyt|101|1113\n|teamsize|p1|6\n|teamsize|p2|6\n|gen|9\n|tier|[Gen 9] Ubers\n|rated|\n|rule|Sleep Clause Mod: Limit one foe put to sleep\n|rule|Species Clause: Limit one of each Pok\u00e9mon\n|rule|OHKO Clause: OHKO moves are banned\n|rule|Evasion Items Clause: Evasion items are banned\n|rule|Evasion Moves Clause: Evasion moves are banned\n|rule|Endless Battle Clause: Forcing endless battles is banned\n|rule|HP Percentage Mod: HP is shown in percentages\n|clearpoke\n|poke|p1|Quaquaval, M|\n|poke|p1|Arboliva, M|\n|poke|p1|Armarouge, M|\n|poke|p1|Garganacl, M|\n|poke|p1|Baxcalibur, M|\n|poke|p1|Gholdengo|\n|poke|p2|Gliscor, M|\n|poke|p2|Arceus-Fairy|\n|poke|p2|Espathra, F|\n|poke|p2|Miraidon|\n|poke|p2|Palafin, F|\n|poke|p2|Ursaluna-Bloodmoon, M|\n|teampreview\n|inactive|Battle timer is ON: inactive players will automatically lose when time's up. (requested by astroblastyt)\n|\n|t:|1701099272\n|start\n|switch|p1a: Gholdengo|Gholdengo|100\/100\n|switch|p2a: Miraidon|Miraidon|100\/100\n|-fieldstart|move: Electric Terrain|[from] ability: Hadron Engine|[of] p2a: Miraidon\n|turn|1\n|\n|t:|1701099281\n|switch|p2a: Gliscor|Gliscor, M, shiny|100\/100\n|move|p1a: Gholdengo|Dazzling Gleam|p2a: Gliscor\n|-damage|p2a: Gliscor|65\/100\n|\n|-status|p2a: Gliscor|tox|[from] item: Toxic Orb\n|upkeep\n|turn|2\n|\n|t:|1701099291\n|switch|p1a: Quaquaval|Quaquaval, M|100\/100\n|move|p2a: Gliscor|Knock Off|p1a: Quaquaval\n|-resisted|p1a: Quaquaval\n|-damage|p1a: Quaquaval|88\/100\n|-enditem|p1a: Quaquaval|Lum Berry|[from] move: Knock Off|[of] p2a: Gliscor\n|\n|-heal|p2a: Gliscor|78\/100 tox|[from] ability: Poison Heal\n|upkeep\n|turn|3\n|\n|t:|1701099301\n|move|p1a: Quaquaval|Swords Dance|p1a: Quaquaval\n|-boost|p1a: Quaquaval|atk|2\n|move|p2a: Gliscor|Toxic|p1a: Quaquaval\n|-status|p1a: Quaquaval|tox\n|\n|-damage|p1a: Quaquaval|82\/100 tox|[from] psn\n|-heal|p2a: Gliscor|90\/100 tox|[from] ability: Poison Heal\n|upkeep\n|turn|4\n|\n|t:|1701099311\n|move|p1a: Quaquaval|Aqua Step|p2a: Gliscor\n|-supereffective|p2a: Gliscor\n|-damage|p2a: Gliscor|0 fnt\n|-boost|p1a: Quaquaval|spe|1\n|faint|p2a: Gliscor\n|-ability|p1a: Quaquaval|Moxie|boost\n|-boost|p1a: Quaquaval|atk|1\n|\n|-damage|p1a: Quaquaval|69\/100 tox|[from] psn\n|upkeep\n|\n|t:|1701099314\n|switch|p2a: Espathra|Espathra, F, shiny|100\/100\n|-enditem|p2a: Espathra|Electric Seed\n|-boost|p2a: Espathra|def|1|[from] item: Electric Seed\n|turn|5\n|\n|t:|1701099325\n|move|p1a: Quaquaval|Ice Spinner|p2a: Espathra\n|-damage|p2a: Espathra|63\/100\n|-fieldend|move: Electric Terrain\n|move|p2a: Espathra|Calm Mind|p2a: Espathra\n|-boost|p2a: Espathra|spa|1\n|-boost|p2a: Espathra|spd|1\n|\n|-damage|p1a: Quaquaval|51\/100 tox|[from] psn\n|-ability|p2a: Espathra|Speed Boost|boost\n|-boost|p2a: Espathra|spe|1\n|upkeep\n|turn|6\n|\n|t:|1701099335\n|move|p1a: Quaquaval|Ice Spinner|p2a: Espathra\n|-damage|p2a: Espathra|23\/100\n|move|p2a: Espathra|Stored Power|p1a: Quaquaval\n|-supereffective|p1a: Quaquaval\n|-damage|p1a: Quaquaval|0 fnt\n|faint|p1a: Quaquaval\n|\n|-ability|p2a: Espathra|Speed Boost|boost\n|-boost|p2a: Espathra|spe|1\n|upkeep\n|\n|t:|1701099345\n|switch|p1a: Gholdengo|Gholdengo|100\/100\n|turn|7\n|\n|t:|1701099349\n|move|p2a: Espathra|Roost|p2a: Espathra\n|-heal|p2a: Espathra|73\/100\n|-singleturn|p2a: Espathra|move: Roost\n|move|p1a: Gholdengo|Make It Rain|p2a: Espathra\n|-crit|p2a: Espathra\n|-damage|p2a: Espathra|0 fnt\n|-unboost|p1a: Gholdengo|spa|1\n|faint|p2a: Espathra\n|\n|upkeep\n|\n|t:|1701099357\n|switch|p2a: Palafin|Palafin, F, shiny|100\/100\n|turn|8\n|\n|t:|1701099363\n|switch|p1a: Arboliva|Arboliva, M|100\/100\n|move|p2a: Palafin|Flip Turn|p1a: Arboliva\n|-resisted|p1a: Arboliva\n|-damage|p1a: Arboliva|87\/100\n|-fieldstart|move: Grassy Terrain|[from] ability: Seed Sower|[of] p1a: Arboliva\n|-damage|p2a: Palafin|91\/100|[from] item: Life Orb\n|\n|t:|1701099387\n|detailschange|p2a: Palafin|Palafin-Hero, F, shiny\n|switch|p2a: Miraidon|Miraidon|100\/100|[from] Flip Turn\n|-fieldstart|move: Electric Terrain|[from] ability: Hadron Engine|[of] p2a: Miraidon\n|\n|upkeep\n|turn|9\n|\n|t:|1701099393\n|move|p2a: Miraidon|Electro Drift|p1a: Arboliva\n|-resisted|p1a: Arboliva\n|-damage|p1a: Arboliva|43\/100\n|-fieldstart|move: Grassy Terrain|[from] ability: Seed Sower|[of] p1a: Arboliva\n|move|p1a: Arboliva|Earth Power|p2a: Miraidon\n|-supereffective|p2a: Miraidon\n|-damage|p2a: Miraidon|41\/100\n|\n|-heal|p2a: Miraidon|47\/100|[from] Grassy Terrain\n|-heal|p1a: Arboliva|50\/100|[from] Grassy Terrain\n|upkeep\n|turn|10\n|\n|t:|1701099412\n|switch|p2a: Ursaluna|Ursaluna-Bloodmoon, M|100\/100\n|move|p1a: Arboliva|Earth Power|p2a: Ursaluna\n|-damage|p2a: Ursaluna|64\/100\n|\n|-heal|p2a: Ursaluna|70\/100|[from] Grassy Terrain\n|-heal|p1a: Arboliva|56\/100|[from] Grassy Terrain\n|upkeep\n|turn|11\n|\n|t:|1701099422\n|move|p2a: Ursaluna|Blood Moon|p1a: Arboliva\n|-enditem|p2a: Ursaluna|Normal Gem|[from] gem\n|-damage|p1a: Arboliva|0 fnt\n|faint|p1a: Arboliva\n|\n|-heal|p2a: Ursaluna|76\/100|[from] Grassy Terrain\n|upkeep\n|\n|t:|1701099431\n|switch|p1a: Baxcalibur|Baxcalibur, M|100\/100\n|turn|12\n|\n|t:|1701099451\n|move|p1a: Baxcalibur|Dragon Dance|p1a: Baxcalibur\n|-boost|p1a: Baxcalibur|atk|1\n|-boost|p1a: Baxcalibur|spe|1\n|move|p2a: Ursaluna|Earth Power|p1a: Baxcalibur\n|-damage|p1a: Baxcalibur|46\/100\n|\n|-heal|p1a: Baxcalibur|53\/100|[from] Grassy Terrain\n|-heal|p2a: Ursaluna|82\/100|[from] Grassy Terrain\n|upkeep\n|turn|13\n|\n|t:|1701099461\n|move|p1a: Baxcalibur|Icicle Spear|p2a: Ursaluna\n|-supereffective|p2a: Ursaluna\n|-damage|p2a: Ursaluna|54\/100\n|-supereffective|p2a: Ursaluna\n|-damage|p2a: Ursaluna|26\/100\n|-supereffective|p2a: Ursaluna\n|-damage|p2a: Ursaluna|0 fnt\n|faint|p2a: Ursaluna\n|-hitcount|p2: Ursaluna|3\n|\n|-heal|p1a: Baxcalibur|59\/100|[from] Grassy Terrain\n|-fieldend|move: Grassy Terrain\n|upkeep\n|\n|t:|1701099467\n|switch|p2a: Arceus|Arceus-Fairy|100\/100\n|turn|14\n|\n|t:|1701099475\n|-terastallize|p2a: Arceus|Steel\n|move|p1a: Baxcalibur|Icicle Spear|p2a: Arceus\n|-resisted|p2a: Arceus\n|-damage|p2a: Arceus|94\/100\n|-resisted|p2a: Arceus\n|-damage|p2a: Arceus|88\/100\n|-resisted|p2a: Arceus\n|-damage|p2a: Arceus|82\/100\n|-resisted|p2a: Arceus\n|-damage|p2a: Arceus|75\/100\n|-resisted|p2a: Arceus\n|-damage|p2a: Arceus|69\/100\n|-hitcount|p2a: Arceus|5\n|move|p2a: Arceus|Calm Mind|p2a: Arceus\n|-boost|p2a: Arceus|spa|1\n|-boost|p2a: Arceus|spd|1\n|\n|upkeep\n|turn|15\n|\n|t:|1701099491\n|-terastallize|p1a: Baxcalibur|Ground\n|move|p1a: Baxcalibur|Earthquake|p2a: Arceus\n|-supereffective|p2a: Arceus\n|-damage|p2a: Arceus|0 fnt\n|faint|p2a: Arceus\n|\n|upkeep\n|-message|astroblastyt forfeited.\n|\n|win|Kai dragneel\n|raw|Kai dragneel's rating: 1130 &rarr; <strong>1154<\/strong><br \/>(+24 for winning)\n|raw|astroblastyt's rating: 1113 &rarr; <strong>1089<\/strong><br \/>(-24 for losing)\n|l|\u2606astroblastyt\n","uploadtime":1701099513,"views":1,"p1id":"kaidragneel","p2id":"astroblastyt","formatid":"gen9ubers","rating":1089,"private":0,"password":""}