{"id":"gen9ubers-1978823911","p1":"hannah_xyz","p2":"1P1o1s1h1e1","format":"[Gen 9] Ubers","log":"|j|\u2606hannah_xyz\n|j|\u26061P1o1s1h1e1\n|t:|1698599531\n|gametype|singles\n|player|p1|hannah_xyz|caitlin|\n|player|p2|1P1o1s1h1e1|2|\n|teamsize|p1|6\n|teamsize|p2|6\n|gen|9\n|tier|[Gen 9] Ubers\n|rule|Sleep Clause Mod: Limit one foe put to sleep\n|rule|Species Clause: Limit one of each Pok\u00e9mon\n|rule|OHKO Clause: OHKO moves are banned\n|rule|Evasion Items Clause: Evasion items are banned\n|rule|Evasion Moves Clause: Evasion moves are banned\n|rule|Endless Battle Clause: Forcing endless battles is banned\n|rule|HP Percentage Mod: HP is shown in percentages\n|clearpoke\n|poke|p1|Zacian-*|\n|poke|p1|Dugtrio, M|\n|poke|p1|Chi-Yu|\n|poke|p1|Gholdengo|\n|poke|p1|Quaquaval, M|\n|poke|p1|Cutiefly, F|\n|poke|p2|Wo-Chien|\n|poke|p2|Arceus-Poison|\n|poke|p2|Magearna|\n|poke|p2|Ursaluna-Bloodmoon, M|\n|poke|p2|Sneasler, M|\n|poke|p2|Scream Tail|\n|teampreview\n|\n|t:|1698599553\n|start\n|switch|p1a: Cutiefly|Cutiefly, F, shiny|100\/100\n|switch|p2a: Purple Guy (FNAF)|Arceus-Poison|100\/100\n|turn|1\n|\n|t:|1698599565\n|move|p2a: Purple Guy (FNAF)|Taunt|p1a: Cutiefly\n|-start|p1a: Cutiefly|move: Taunt\n|cant|p1a: Cutiefly|move: Taunt|Stun Spore\n|\n|upkeep\n|turn|2\n|\n|t:|1698599576\n|switch|p1a: Gholdengo|Gholdengo|100\/100\n|move|p2a: Purple Guy (FNAF)|Will-O-Wisp|p1a: Gholdengo\n|-immune|p1a: Gholdengo|[from] ability: Good as Gold\n|\n|upkeep\n|turn|3\n|\n|t:|1698599582\n|switch|p2a: Mangle (FNAF)|Wo-Chien|100\/100\n|-ability|p2a: Mangle (FNAF)|Tablets of Ruin\n|move|p1a: Gholdengo|Shadow Ball|p2a: Mangle (FNAF)\n|-resisted|p2a: Mangle (FNAF)\n|-damage|p2a: Mangle (FNAF)|86\/100\n|-damage|p1a: Gholdengo|91\/100|[from] item: Life Orb\n|\n|-heal|p2a: Mangle (FNAF)|92\/100|[from] item: Leftovers\n|upkeep\n|turn|4\n|\n|t:|1698599592\n|switch|p1a: Cutiefly|Cutiefly, F, shiny|100\/100\n|switch|p2a: Purple Guy (FNAF)|Arceus-Poison|100\/100\n|\n|upkeep\n|turn|5\n|\n|t:|1698599603\n|switch|p2a: sheIsSuchABadBi-|Sneasler, M, shiny|100\/100\n|switch|p1a: Chi-Yu|Chi-Yu|100\/100\n|-ability|p1a: Chi-Yu|Beads of Ruin\n|\n|upkeep\n|turn|6\n|\n|t:|1698599612\n|move|p2a: sheIsSuchABadBi-|Close Combat|p1a: Chi-Yu\n|-supereffective|p1a: Chi-Yu\n|-damage|p1a: Chi-Yu|0 fnt\n|-unboost|p2a: sheIsSuchABadBi-|def|1\n|-unboost|p2a: sheIsSuchABadBi-|spd|1\n|faint|p1a: Chi-Yu\n|\n|upkeep\n|\n|t:|1698599630\n|switch|p1a: Gholdengo|Gholdengo|91\/100\n|turn|7\n|\n|t:|1698599636\n|switch|p2a: Mangle (FNAF)|Wo-Chien|92\/100\n|-ability|p2a: Mangle (FNAF)|Tablets of Ruin\n|move|p1a: Gholdengo|Nasty Plot|p1a: Gholdengo\n|-boost|p1a: Gholdengo|spa|2\n|\n|-heal|p2a: Mangle (FNAF)|98\/100|[from] item: Leftovers\n|upkeep\n|turn|8\n|\n|t:|1698599642\n|move|p1a: Gholdengo|Make It Rain|p2a: Mangle (FNAF)\n|-damage|p2a: Mangle (FNAF)|10\/100\n|-unboost|p1a: Gholdengo|spa|1\n|-damage|p1a: Gholdengo|81\/100|[from] item: Life Orb\n|move|p2a: Mangle (FNAF)|Knock Off|p1a: Gholdengo\n|-supereffective|p1a: Gholdengo\n|-damage|p1a: Gholdengo|19\/100\n|-enditem|p1a: Gholdengo|Life Orb|[from] move: Knock Off|[of] p2a: Mangle (FNAF)\n|\n|-heal|p2a: Mangle (FNAF)|16\/100|[from] item: Leftovers\n|upkeep\n|turn|9\n|\n|t:|1698599655\n|move|p1a: Gholdengo|Make It Rain|p2a: Mangle (FNAF)\n|-damage|p2a: Mangle (FNAF)|0 fnt\n|-unboost|p1a: Gholdengo|spa|1\n|faint|p2a: Mangle (FNAF)\n|\n|upkeep\n|\n|t:|1698599683\n|switch|p2a: sheIsSuchABadBi-|Sneasler, M, shiny|100\/100\n|turn|10\n|\n|t:|1698599690\n|switch|p1a: Quaquaval|Quaquaval, M|100\/100\n|move|p2a: sheIsSuchABadBi-|U-turn|p1a: Quaquaval\n|-resisted|p1a: Quaquaval\n|-damage|p1a: Quaquaval|88\/100\n|-status|p1a: Quaquaval|psn|[from] ability: Poison Touch|[of] p2a: sheIsSuchABadBi-\n|\n|t:|1698599697\n|switch|p2a: Purple Guy (FNAF)|Arceus-Poison|100\/100|[from] U-turn\n|\n|-damage|p1a: Quaquaval|76\/100 psn|[from] psn\n|upkeep\n|turn|11\n|\n|t:|1698599708\n|move|p2a: Purple Guy (FNAF)|Gunk Shot|p1a: Quaquaval\n|-damage|p1a: Quaquaval|22\/100 psn\n|move|p1a: Quaquaval|Flip Turn|p2a: Purple Guy (FNAF)\n|-damage|p2a: Purple Guy (FNAF)|78\/100\n|\n|t:|1698599714\n|switch|p1a: Dugtrio|Dugtrio, M|100\/100|[from] Flip Turn\n|\n|upkeep\n|turn|12\n|\n|t:|1698599720\n|-terastallize|p2a: Purple Guy (FNAF)|Grass\n|move|p1a: Dugtrio|Earthquake|p2a: Purple Guy (FNAF)\n|-resisted|p2a: Purple Guy (FNAF)\n|-damage|p2a: Purple Guy (FNAF)|60\/100\n|move|p2a: Purple Guy (FNAF)|Will-O-Wisp|p1a: Dugtrio\n|-status|p1a: Dugtrio|brn\n|\n|-damage|p1a: Dugtrio|94\/100 brn|[from] brn\n|upkeep\n|turn|13\n|\n|t:|1698599730\n|move|p1a: Dugtrio|Earthquake|p2a: Purple Guy (FNAF)\n|-resisted|p2a: Purple Guy (FNAF)\n|-damage|p2a: Purple Guy (FNAF)|52\/100\n|move|p2a: Purple Guy (FNAF)|Recover|p2a: Purple Guy (FNAF)\n|-heal|p2a: Purple Guy (FNAF)|100\/100\n|\n|-damage|p1a: Dugtrio|88\/100 brn|[from] brn\n|upkeep\n|turn|14\n|\n|t:|1698599734\n|move|p1a: Dugtrio|Earthquake|p2a: Purple Guy (FNAF)\n|-resisted|p2a: Purple Guy (FNAF)\n|-damage|p2a: Purple Guy (FNAF)|92\/100\n|move|p2a: Purple Guy (FNAF)|Gunk Shot|p1a: Dugtrio\n|-resisted|p1a: Dugtrio\n|-damage|p1a: Dugtrio|11\/100 brn\n|\n|-damage|p1a: Dugtrio|5\/100 brn|[from] brn\n|upkeep\n|turn|15\n|\n|t:|1698599743\n|move|p1a: Dugtrio|Earthquake|p2a: Purple Guy (FNAF)\n|-resisted|p2a: Purple Guy (FNAF)\n|-damage|p2a: Purple Guy (FNAF)|83\/100\n|move|p2a: Purple Guy (FNAF)|Taunt|p1a: Dugtrio\n|-start|p1a: Dugtrio|move: Taunt\n|\n|-damage|p1a: Dugtrio|0 fnt|[from] brn\n|faint|p1a: Dugtrio\n|upkeep\n|\n|t:|1698599749\n|switch|p1a: Gholdengo|Gholdengo|19\/100\n|turn|16\n|\n|t:|1698599758\n|switch|p2a: Bonnie (FNAF)|Magearna|100\/100\n|move|p1a: Gholdengo|Nasty Plot|p1a: Gholdengo\n|-boost|p1a: Gholdengo|spa|2\n|\n|upkeep\n|turn|17\n|\n|t:|1698599764\n|move|p1a: Gholdengo|Make It Rain|p2a: Bonnie (FNAF)\n|-damage|p2a: Bonnie (FNAF)|27\/100\n|-unboost|p1a: Gholdengo|spa|1\n|move|p2a: Bonnie (FNAF)|Volt Switch|p1a: Gholdengo\n|-damage|p1a: Gholdengo|0 fnt\n|faint|p1a: Gholdengo\n|-ability|p2a: Bonnie (FNAF)|Soul-Heart|boost\n|-boost|p2a: Bonnie (FNAF)|spa|1\n|\n|t:|1698599776\n|switch|p2a: Cupcake (FNAF)|Scream Tail|100\/100|[from] Volt Switch\n|\n|upkeep\n|\n|t:|1698599781\n|switch|p1a: Cutiefly|Cutiefly, F, shiny|100\/100\n|turn|18\n|\n|t:|1698599789\n|-end|p2a: Cupcake (FNAF)|Protosynthesis|[silent]\n|switch|p2a: sheIsSuchABadBi-|Sneasler, M, shiny|100\/100\n|move|p1a: Cutiefly|Sticky Web|p2a: sheIsSuchABadBi-\n|-sidestart|p2: 1P1o1s1h1e1|move: Sticky Web\n|\n|upkeep\n|turn|19\n|\n|t:|1698599794\n|move|p2a: sheIsSuchABadBi-|Dire Claw|p1a: Cutiefly\n|-supereffective|p1a: Cutiefly\n|-enditem|p1a: Cutiefly|Focus Sash\n|-damage|p1a: Cutiefly|1\/100\n|move|p1a: Cutiefly|Stun Spore|p2a: sheIsSuchABadBi-\n|-status|p2a: sheIsSuchABadBi-|par\n|\n|upkeep\n|turn|20\n|\n|t:|1698599805\n|move|p1a: Cutiefly|Moonblast|p2a: sheIsSuchABadBi-\n|-damage|p2a: sheIsSuchABadBi-|58\/100 par\n|-unboost|p2a: sheIsSuchABadBi-|spa|1\n|move|p2a: sheIsSuchABadBi-|Dire Claw|p1a: Cutiefly\n|-supereffective|p1a: Cutiefly\n|-damage|p1a: Cutiefly|0 fnt\n|faint|p1a: Cutiefly\n|\n|upkeep\n|\n|t:|1698599847\n|switch|p1a: Quaquaval|Quaquaval, M|22\/100 psn\n|turn|21\n|\n|t:|1698599850\n|move|p2a: sheIsSuchABadBi-|Dire Claw|p1a: Quaquaval\n|-damage|p1a: Quaquaval|0 fnt\n|faint|p1a: Quaquaval\n|\n|upkeep\n|\n|t:|1698599853\n|switch|p1a: Zacian|Zacian|100\/100\n|-ability|p1a: Zacian|Intrepid Sword|boost\n|-boost|p1a: Zacian|atk|1\n|turn|22\n|\n|t:|1698599884\n|move|p1a: Zacian|Wild Charge|p2a: sheIsSuchABadBi-\n|-damage|p2a: sheIsSuchABadBi-|0 fnt\n|faint|p2a: sheIsSuchABadBi-\n|-damage|p1a: Zacian|87\/100|[from] Recoil\n|-damage|p1a: Zacian|77\/100|[from] item: Life Orb\n|\n|upkeep\n|\n|t:|1698599895\n|switch|p2a: Purple Guy (FNAF)|Arceus-Poison, tera:Grass|83\/100\n|-activate|p2a: Purple Guy (FNAF)|move: Sticky Web\n|-unboost|p2a: Purple Guy (FNAF)|spe|1\n|turn|23\n|\n|t:|1698599901\n|-terastallize|p1a: Zacian|Fairy\n|move|p1a: Zacian|Play Rough|p2a: Purple Guy (FNAF)\n|-damage|p2a: Purple Guy (FNAF)|19\/100\n|-damage|p1a: Zacian|67\/100|[from] item: Life Orb\n|move|p2a: Purple Guy (FNAF)|Will-O-Wisp|p1a: Zacian\n|-status|p1a: Zacian|brn\n|\n|-damage|p1a: Zacian|61\/100 brn|[from] brn\n|upkeep\n|turn|24\n|\n|t:|1698599912\n|switch|p2a: Cupcake (FNAF)|Scream Tail|100\/100\n|-activate|p2a: Cupcake (FNAF)|move: Sticky Web\n|-unboost|p2a: Cupcake (FNAF)|spe|1\n|move|p1a: Zacian|Swords Dance|p1a: Zacian\n|-boost|p1a: Zacian|atk|2\n|\n|-damage|p1a: Zacian|55\/100 brn|[from] brn\n|upkeep\n|turn|25\n|\n|t:|1698599917\n|move|p1a: Zacian|Play Rough|p2a: Cupcake (FNAF)\n|-crit|p2a: Cupcake (FNAF)\n|-damage|p2a: Cupcake (FNAF)|20\/100\n|-damage|p1a: Zacian|45\/100 brn|[from] item: Life Orb\n|move|p2a: Cupcake (FNAF)|Wish|p2a: Cupcake (FNAF)\n|\n|-heal|p2a: Cupcake (FNAF)|26\/100|[from] item: Leftovers\n|-damage|p1a: Zacian|39\/100 brn|[from] brn\n|upkeep\n|turn|26\n|\n|t:|1698599924\n|move|p2a: Cupcake (FNAF)|Protect|p2a: Cupcake (FNAF)\n|-singleturn|p2a: Cupcake (FNAF)|Protect\n|move|p1a: Zacian|Swords Dance|p1a: Zacian\n|-boost|p1a: Zacian|atk|2\n|\n|-heal|p2a: Cupcake (FNAF)|76\/100|[from] move: Wish|[wisher] Cupcake (FNAF)\n|-heal|p2a: Cupcake (FNAF)|82\/100|[from] item: Leftovers\n|-damage|p1a: Zacian|33\/100 brn|[from] brn\n|upkeep\n|turn|27\n|\n|t:|1698599929\n|move|p1a: Zacian|Play Rough|p2a: Cupcake (FNAF)\n|-damage|p2a: Cupcake (FNAF)|2\/100\n|-damage|p1a: Zacian|23\/100 brn|[from] item: Life Orb\n|move|p2a: Cupcake (FNAF)|Dazzling Gleam|p1a: Zacian\n|-damage|p1a: Zacian|5\/100 brn\n|\n|-heal|p2a: Cupcake (FNAF)|8\/100|[from] item: Leftovers\n|-damage|p1a: Zacian|0 fnt|[from] brn\n|faint|p1a: Zacian\n|\n|win|1P1o1s1h1e1\n|upkeep\n|l|\u2606hannah_xyz\n","uploadtime":1698599944,"views":12,"p1id":"hannahxyz","p2id":"1p1o1s1h1e1","formatid":"gen9ubers","rating":0,"private":0,"password":""}