{"id":"gen9ubers-2000273408","p1":"Joshi Akshar","p2":"gabilix","format":"[Gen 9] Ubers","log":"|j|\u2606Joshi Akshar\n|j|\u2606gabilix\n|t:|1701180110\n|gametype|singles\n|player|p1|Joshi Akshar|2|1072\n|player|p2|gabilix|veteran|1176\n|teamsize|p1|6\n|teamsize|p2|6\n|gen|9\n|tier|[Gen 9] Ubers\n|rated|\n|rule|Sleep Clause Mod: Limit one foe put to sleep\n|rule|Species Clause: Limit one of each Pok\u00e9mon\n|rule|OHKO Clause: OHKO moves are banned\n|rule|Evasion Items Clause: Evasion items are banned\n|rule|Evasion Moves Clause: Evasion moves are banned\n|rule|Endless Battle Clause: Forcing endless battles is banned\n|rule|HP Percentage Mod: HP is shown in percentages\n|clearpoke\n|poke|p1|Arceus-Rock|\n|poke|p1|Zacian-*|\n|poke|p1|Darkrai|\n|poke|p1|Espathra, F|\n|poke|p1|Kyogre|\n|poke|p1|Shaymin-Sky|\n|poke|p2|Darkrai|\n|poke|p2|Regieleki|\n|poke|p2|Espathra, F|\n|poke|p2|Koraidon|\n|poke|p2|Arceus-Bug|\n|poke|p2|Zacian-*|\n|teampreview\n|inactive|Battle timer is ON: inactive players will automatically lose when time's up. (requested by Joshi Akshar)\n|inactive|gabilix has 120 seconds left.\n|\n|t:|1701180143\n|start\n|switch|p1a: Espathra|Espathra, F|100\/100\n|switch|p2a: Darkrai|Darkrai|100\/100\n|turn|1\n|\n|t:|1701180157\n|move|p1a: Espathra|Protect|p1a: Espathra\n|-singleturn|p1a: Espathra|Protect\n|move|p2a: Darkrai|Trick|p1a: Espathra\n|-activate|p1a: Espathra|move: Protect\n|\n|-ability|p1a: Espathra|Speed Boost|boost\n|-boost|p1a: Espathra|spe|1\n|upkeep\n|turn|2\n|\n|t:|1701180171\n|move|p2a: Darkrai|Trick|p1a: Espathra\n|-activate|p2a: Darkrai|move: Trick|[of] p1a: Espathra\n|-item|p1a: Espathra|Choice Scarf|[from] move: Trick\n|-item|p2a: Darkrai|Leftovers|[from] move: Trick\n|move|p1a: Espathra|Dazzling Gleam|p2a: Darkrai\n|-supereffective|p2a: Darkrai\n|-crit|p2a: Darkrai\n|-damage|p2a: Darkrai|5\/100\n|\n|-heal|p2a: Darkrai|11\/100|[from] item: Leftovers\n|-ability|p1a: Espathra|Speed Boost|boost\n|-boost|p1a: Espathra|spe|1\n|upkeep\n|turn|3\n|\n|t:|1701180179\n|move|p1a: Espathra|Dazzling Gleam|p2a: Darkrai\n|-supereffective|p2a: Darkrai\n|-damage|p2a: Darkrai|0 fnt\n|faint|p2a: Darkrai\n|\n|-ability|p1a: Espathra|Speed Boost|boost\n|-boost|p1a: Espathra|spe|1\n|upkeep\n|\n|t:|1701180186\n|switch|p2a: Regieleki|Regieleki, shiny|100\/100\n|turn|4\n|\n|t:|1701180196\n|move|p1a: Espathra|Dazzling Gleam|p2a: Regieleki\n|-damage|p2a: Regieleki|58\/100\n|move|p2a: Regieleki|Light Screen|p2a: Regieleki\n|-sidestart|p2: gabilix|move: Light Screen\n|\n|-ability|p1a: Espathra|Speed Boost|boost\n|-boost|p1a: Espathra|spe|1\n|upkeep\n|turn|5\n|\n|t:|1701180205\n|switch|p1a: Arceus|Arceus-Rock|100\/100\n|move|p2a: Regieleki|Reflect|p2a: Regieleki\n|-sidestart|p2: gabilix|Reflect\n|\n|upkeep\n|turn|6\n|\n|t:|1701180210\n|move|p2a: Regieleki|Explosion|p1a: Arceus\n|-resisted|p1a: Arceus\n|-damage|p1a: Arceus|76\/100\n|faint|p2a: Regieleki\n|move|p1a: Arceus|Judgment|p2: Regieleki|[notarget]\n|-fail|p1a: Arceus\n|\n|upkeep\n|\n|t:|1701180221\n|switch|p2a: Espathra|Espathra, F, shiny|100\/100\n|turn|7\n|\n|t:|1701180225\n|move|p1a: Arceus|Judgment|p2a: Espathra\n|-damage|p2a: Espathra|61\/100\n|move|p2a: Espathra|Calm Mind|p2a: Espathra\n|-boost|p2a: Espathra|spa|1\n|-boost|p2a: Espathra|spd|1\n|\n|-heal|p2a: Espathra|67\/100|[from] item: Leftovers\n|-ability|p2a: Espathra|Speed Boost|boost\n|-boost|p2a: Espathra|spe|1\n|upkeep\n|turn|8\n|\n|t:|1701180233\n|move|p2a: Espathra|Protect|p2a: Espathra\n|-singleturn|p2a: Espathra|Protect\n|move|p1a: Arceus|Extreme Speed|p2a: Espathra\n|-activate|p2a: Espathra|move: Protect\n|\n|-heal|p2a: Espathra|73\/100|[from] item: Leftovers\n|-ability|p2a: Espathra|Speed Boost|boost\n|-boost|p2a: Espathra|spe|1\n|upkeep\n|turn|9\n|\n|t:|1701180237\n|move|p2a: Espathra|Calm Mind|p2a: Espathra\n|-boost|p2a: Espathra|spa|1\n|-boost|p2a: Espathra|spd|1\n|move|p1a: Arceus|Hurricane|p2a: Espathra|[miss]\n|-miss|p1a: Arceus|p2a: Espathra\n|\n|-heal|p2a: Espathra|79\/100|[from] item: Leftovers\n|-ability|p2a: Espathra|Speed Boost|boost\n|-boost|p2a: Espathra|spe|1\n|upkeep\n|turn|10\n|\n|t:|1701180241\n|move|p1a: Arceus|Extreme Speed|p2a: Espathra\n|-damage|p2a: Espathra|69\/100\n|move|p2a: Espathra|Calm Mind|p2a: Espathra\n|-boost|p2a: Espathra|spa|1\n|-boost|p2a: Espathra|spd|1\n|\n|-heal|p2a: Espathra|75\/100|[from] item: Leftovers\n|-ability|p2a: Espathra|Speed Boost|boost\n|-boost|p2a: Espathra|spe|1\n|upkeep\n|turn|11\n|\n|t:|1701180245\n|move|p2a: Espathra|Calm Mind|p2a: Espathra\n|-boost|p2a: Espathra|spa|1\n|-boost|p2a: Espathra|spd|1\n|move|p1a: Arceus|Hurricane|p2a: Espathra|[miss]\n|-miss|p1a: Arceus|p2a: Espathra\n|\n|-heal|p2a: Espathra|81\/100|[from] item: Leftovers\n|-sideend|p2: gabilix|move: Light Screen\n|-ability|p2a: Espathra|Speed Boost|boost\n|-boost|p2a: Espathra|spe|1\n|upkeep\n|turn|12\n|\n|t:|1701180253\n|move|p1a: Arceus|Extreme Speed|p2a: Espathra\n|-damage|p2a: Espathra|72\/100\n|move|p2a: Espathra|Calm Mind|p2a: Espathra\n|-boost|p2a: Espathra|spa|1\n|-boost|p2a: Espathra|spd|1\n|\n|-heal|p2a: Espathra|78\/100|[from] item: Leftovers\n|-sideend|p2: gabilix|Reflect\n|-ability|p2a: Espathra|Speed Boost|boost\n|-boost|p2a: Espathra|spe|1\n|upkeep\n|turn|13\n|\n|t:|1701180259\n|switch|p1a: Espathra|Espathra, F|100\/100\n|move|p2a: Espathra|Stored Power|p1a: Espathra\n|-resisted|p1a: Espathra\n|-damage|p1a: Espathra|0 fnt\n|faint|p1a: Espathra\n|\n|-heal|p2a: Espathra|84\/100|[from] item: Leftovers\n|upkeep\n|\n|t:|1701180264\n|switch|p1a: Darkrai|Darkrai|100\/100\n|turn|14\n|\n|t:|1701180269\n|-terastallize|p2a: Espathra|Fairy\n|move|p2a: Espathra|Dazzling Gleam|p1a: Darkrai\n|-supereffective|p1a: Darkrai\n|-damage|p1a: Darkrai|0 fnt\n|faint|p1a: Darkrai\n|\n|-heal|p2a: Espathra|90\/100|[from] item: Leftovers\n|upkeep\n|\n|t:|1701180274\n|switch|p1a: Zacian|Zacian-Crowned|100\/100\n|-ability|p1a: Zacian|Intrepid Sword|boost\n|-boost|p1a: Zacian|atk|1\n|turn|15\n|\n|t:|1701180276\n|move|p2a: Espathra|Stored Power|p1a: Zacian\n|-resisted|p1a: Zacian\n|-damage|p1a: Zacian|0 fnt\n|faint|p1a: Zacian\n|\n|-heal|p2a: Espathra|96\/100|[from] item: Leftovers\n|upkeep\n|\n|t:|1701180280\n|switch|p1a: Shaymin|Shaymin-Sky|100\/100\n|turn|16\n|\n|t:|1701180283\n|move|p1a: Shaymin|Protect|p1a: Shaymin\n|-singleturn|p1a: Shaymin|Protect\n|move|p2a: Espathra|Stored Power|p1a: Shaymin\n|-activate|p1a: Shaymin|move: Protect\n|\n|-heal|p2a: Espathra|100\/100|[from] item: Leftovers\n|upkeep\n|turn|17\n|\n|t:|1701180290\n|move|p1a: Shaymin|Protect|p1a: Shaymin\n|-singleturn|p1a: Shaymin|Protect\n|move|p2a: Espathra|Stored Power|p1a: Shaymin\n|-activate|p1a: Shaymin|move: Protect\n|\n|upkeep\n|turn|18\n|\n|t:|1701180298\n|move|p2a: Espathra|Stored Power|p1a: Shaymin\n|-damage|p1a: Shaymin|0 fnt\n|faint|p1a: Shaymin\n|\n|upkeep\n|\n|t:|1701180301\n|switch|p1a: Arceus|Arceus-Rock|76\/100\n|turn|19\n|\n|t:|1701180308\n|-terastallize|p1a: Arceus|Rock\n|move|p2a: Espathra|Calm Mind|p2a: Espathra\n|-boost|p2a: Espathra|spa|1\n|-boost|p2a: Espathra|spd|1\n|move|p1a: Arceus|Judgment|p2a: Espathra\n|-damage|p2a: Espathra|77\/100\n|\n|-heal|p2a: Espathra|83\/100|[from] item: Leftovers\n|upkeep\n|turn|20\n|c|\u2606Joshi Akshar|dang\n|\n|t:|1701180319\n|move|p2a: Espathra|Stored Power|p1a: Arceus\n|-damage|p1a: Arceus|0 fnt\n|faint|p1a: Arceus\n|\n|-heal|p2a: Espathra|89\/100|[from] item: Leftovers\n|upkeep\n|\n|t:|1701180322\n|switch|p1a: Kyogre|Kyogre|100\/100\n|-weather|RainDance|[from] ability: Drizzle|[of] p1a: Kyogre\n|turn|21\n|\n|t:|1701180351\n|move|p2a: Espathra|Dazzling Gleam|p1a: Kyogre\n|-damage|p1a: Kyogre|47\/100\n|move|p1a: Kyogre|Water Spout|p2a: Espathra\n|-damage|p2a: Espathra|69\/100\n|\n|-weather|RainDance|[upkeep]\n|-heal|p2a: Espathra|75\/100|[from] item: Leftovers\n|upkeep\n|turn|22\n|n|!Joshi Akshar|joshiakshar\n|-message|Joshi Akshar forfeited.\n|\n|win|gabilix\n|raw|Joshi Akshar's rating: 1072 &rarr; <strong>1057<\/strong><br \/>(-15 for losing)\n|raw|gabilix's rating: 1176 &rarr; <strong>1194<\/strong><br \/>(+18 for winning)\n|l|!Joshi Akshar\n","uploadtime":1701180361,"views":1,"p1id":"joshiakshar","p2id":"gabilix","formatid":"gen9ubers","rating":1057,"private":0,"password":""}