{"id":"gen9ubers-1968322641","p1":"Tdogacosta98","p2":"Fat Nerd 22","format":"[Gen 9] Ubers","log":"|j|\u2606Tdogacosta98\n|j|\u2606Fat Nerd 22\n|t:|1697406039\n|gametype|singles\n|player|p1|Tdogacosta98|silver|1000\n|player|p2|Fat Nerd 22|zirco-unite|1087\n|teamsize|p1|6\n|teamsize|p2|6\n|gen|9\n|tier|[Gen 9] Ubers\n|rated|\n|rule|Sleep Clause Mod: Limit one foe put to sleep\n|rule|Species Clause: Limit one of each Pok\u00e9mon\n|rule|OHKO Clause: OHKO moves are banned\n|rule|Evasion Items Clause: Evasion items are banned\n|rule|Evasion Moves Clause: Evasion moves are banned\n|rule|Endless Battle Clause: Forcing endless battles is banned\n|rule|HP Percentage Mod: HP is shown in percentages\n|clearpoke\n|poke|p1|Annihilape, M|\n|poke|p1|Ursaluna-Bloodmoon, M|\n|poke|p1|Palafin, F|\n|poke|p1|Magearna|\n|poke|p1|Urshifu-*, M|\n|poke|p1|Espathra, F|\n|poke|p2|Roaring Moon|\n|poke|p2|Hawlucha, F|\n|poke|p2|Slowking-Galar, M|\n|poke|p2|Ninetales, F|\n|poke|p2|Armarouge, F|\n|poke|p2|Lokix, F|\n|teampreview\n|inactive|Battle timer is ON: inactive players will automatically lose when time's up. (requested by Tdogacosta98)\n|\n|t:|1697406051\n|start\n|switch|p1a: Espathra|Espathra, F|100\/100\n|switch|p2a: Lokix|Lokix, F|100\/100\n|turn|1\n|\n|t:|1697406058\n|move|p1a: Espathra|Substitute|p1a: Espathra\n|-start|p1a: Espathra|Substitute\n|-damage|p1a: Espathra|76\/100\n|move|p2a: Lokix|Knock Off|p1a: Espathra\n|-supereffective|p1a: Espathra\n|-end|p1a: Espathra|Substitute\n|\n|-heal|p1a: Espathra|82\/100|[from] item: Leftovers\n|-ability|p1a: Espathra|Speed Boost|boost\n|-boost|p1a: Espathra|spe|1\n|upkeep\n|turn|2\n|\n|t:|1697406068\n|move|p1a: Espathra|Dazzling Gleam|p2a: Lokix\n|-supereffective|p2a: Lokix\n|-damage|p2a: Lokix|14\/100\n|-enditem|p2a: Lokix|Eject Button\n|\n|t:|1697406083\n|switch|p2a: Armarouge|Armarouge, F|100\/100\n|\n|-heal|p1a: Espathra|88\/100|[from] item: Leftovers\n|-ability|p1a: Espathra|Speed Boost|boost\n|-boost|p1a: Espathra|spe|1\n|upkeep\n|turn|3\n|\n|t:|1697406093\n|move|p1a: Espathra|Calm Mind|p1a: Espathra\n|-boost|p1a: Espathra|spa|1\n|-boost|p1a: Espathra|spd|1\n|move|p2a: Armarouge|Calm Mind|p2a: Armarouge\n|-boost|p2a: Armarouge|spa|1\n|-boost|p2a: Armarouge|spd|1\n|\n|-heal|p1a: Espathra|94\/100|[from] item: Leftovers\n|-ability|p1a: Espathra|Speed Boost|boost\n|-boost|p1a: Espathra|spe|1\n|upkeep\n|turn|4\n|\n|t:|1697406107\n|move|p1a: Espathra|Substitute|p1a: Espathra\n|-start|p1a: Espathra|Substitute\n|-damage|p1a: Espathra|69\/100\n|move|p2a: Armarouge|Energy Ball|p1a: Espathra\n|-end|p1a: Espathra|Substitute\n|\n|-heal|p1a: Espathra|75\/100|[from] item: Leftovers\n|-ability|p1a: Espathra|Speed Boost|boost\n|-boost|p1a: Espathra|spe|1\n|upkeep\n|turn|5\n|\n|t:|1697406116\n|move|p1a: Espathra|Stored Power|p2a: Armarouge\n|-resisted|p2a: Armarouge\n|-damage|p2a: Armarouge|63\/100\n|move|p2a: Armarouge|Energy Ball|p1a: Espathra\n|-damage|p1a: Espathra|26\/100\n|-unboost|p1a: Espathra|spd|1\n|\n|-heal|p1a: Espathra|33\/100|[from] item: Leftovers\n|-ability|p1a: Espathra|Speed Boost|boost\n|-boost|p1a: Espathra|spe|1\n|upkeep\n|turn|6\n|\n|t:|1697406122\n|move|p1a: Espathra|Dazzling Gleam|p2a: Armarouge\n|-resisted|p2a: Armarouge\n|-damage|p2a: Armarouge|50\/100\n|move|p2a: Armarouge|Energy Ball|p1a: Espathra\n|-damage|p1a: Espathra|0 fnt\n|faint|p1a: Espathra\n|\n|upkeep\n|\n|t:|1697406133\n|switch|p1a: Annihilape|Annihilape, M|100\/100\n|turn|7\n|\n|t:|1697406141\n|-terastallize|p2a: Armarouge|Grass\n|move|p1a: Annihilape|Stealth Rock|p2a: Armarouge\n|-sidestart|p2: Fat Nerd 22|move: Stealth Rock\n|move|p2a: Armarouge|Psychic|p1a: Annihilape\n|-supereffective|p1a: Annihilape\n|-damage|p1a: Annihilape|0 fnt\n|faint|p1a: Annihilape\n|\n|upkeep\n|\n|t:|1697406147\n|switch|p1a: Magearna|Magearna|100\/100\n|turn|8\n|c|\u2606Fat Nerd 22|Stealthrock Ape???\n|\n|t:|1697406163\n|move|p2a: Armarouge|Armor Cannon|p1a: Magearna\n|-supereffective|p1a: Magearna\n|-damage|p1a: Magearna|0 fnt\n|-unboost|p2a: Armarouge|def|1\n|-unboost|p2a: Armarouge|spd|1\n|faint|p1a: Magearna\n|\n|upkeep\n|\n|t:|1697406167\n|switch|p1a: Urshifu|Urshifu, M|100\/100\n|turn|9\n|\n|t:|1697406173\n|switch|p2a: Lokix|Lokix, F|14\/100\n|-damage|p2a: Lokix|0 fnt|[from] Stealth Rock\n|faint|p2a: Lokix\n|move|p1a: Urshifu|Wicked Blow|p2: Lokix|[notarget]\n|-fail|p1a: Urshifu\n|\n|upkeep\n|\n|t:|1697406189\n|switch|p2a: Hawlucha|Hawlucha, F|100\/100\n|-damage|p2a: Hawlucha|88\/100|[from] Stealth Rock\n|turn|10\n|\n|t:|1697406205\n|move|p2a: Hawlucha|Endure|p2a: Hawlucha\n|-singleturn|p2a: Hawlucha|move: Endure\n|move|p1a: Urshifu|Bulk Up|p1a: Urshifu\n|-boost|p1a: Urshifu|atk|1\n|-boost|p1a: Urshifu|def|1\n|\n|upkeep\n|turn|11\n|\n|t:|1697406216\n|move|p1a: Urshifu|Poison Jab|p2a: Hawlucha\n|-damage|p2a: Hawlucha|36\/100\n|-status|p2a: Hawlucha|psn\n|move|p2a: Hawlucha|Defog|p1a: Urshifu\n|-unboost|p1a: Urshifu|evasion|1\n|-sideend|p2: Fat Nerd 22|Stealth Rock|[from] move: Defog|[of] p2a: Hawlucha\n|\n|-damage|p2a: Hawlucha|24\/100 psn|[from] psn\n|upkeep\n|-enditem|p2a: Hawlucha|Liechi Berry|[eat]\n|-boost|p2a: Hawlucha|atk|1|[from] item: Liechi Berry\n|turn|12\n|\n|t:|1697406232\n|move|p2a: Hawlucha|Acrobatics|p1a: Urshifu\n|-supereffective|p1a: Urshifu\n|-damage|p1a: Urshifu|0 fnt\n|faint|p1a: Urshifu\n|\n|-damage|p2a: Hawlucha|11\/100 psn|[from] psn\n|upkeep\n|\n|t:|1697406235\n|switch|p1a: Palafin|Palafin, F|100\/100\n|turn|13\n|\n|t:|1697406249\n|detailschange|p1a: Palafin|Palafin-Hero, F\n|switch|p1a: Ursaluna|Ursaluna-Bloodmoon, M|100\/100\n|move|p2a: Hawlucha|Close Combat|p1a: Ursaluna\n|-supereffective|p1a: Ursaluna\n|-damage|p1a: Ursaluna|0 fnt\n|-unboost|p2a: Hawlucha|def|1\n|-unboost|p2a: Hawlucha|spd|1\n|faint|p1a: Ursaluna\n|\n|-damage|p2a: Hawlucha|0 fnt|[from] psn\n|faint|p2a: Hawlucha\n|upkeep\n|\n|t:|1697406258\n|switch|p2a: Ninetales|Ninetales, F|100\/100\n|switch|p1a: Palafin|Palafin-Hero, F|100\/100\n|-activate|p1a: Palafin|ability: Zero to Hero\n|-weather|SunnyDay|[from] ability: Drought|[of] p2a: Ninetales\n|turn|14\n|\n|t:|1697406272\n|-terastallize|p1a: Palafin|Water\n|move|p1a: Palafin|Jet Punch|p2a: Ninetales\n|-supereffective|p2a: Ninetales\n|-damage|p2a: Ninetales|41\/100\n|move|p2a: Ninetales|Healing Wish|p2a: Ninetales\n|faint|p2a: Ninetales\n|\n|-weather|SunnyDay|[upkeep]\n|upkeep\n|\n|t:|1697406278\n|switch|p2a: Armarouge|Armarouge, F, tera:Grass|50\/100\n|-heal|p2a: Armarouge|100\/100|[from] move: Healing Wish\n|turn|15\n|\n|t:|1697406284\n|move|p1a: Palafin|Ice Punch|p2a: Armarouge\n|-supereffective|p2a: Armarouge\n|-damage|p2a: Armarouge|46\/100\n|-ability|p2a: Armarouge|Weak Armor|boost\n|-unboost|p2a: Armarouge|def|1\n|-boost|p2a: Armarouge|spe|2\n|move|p2a: Armarouge|Energy Ball|p1a: Palafin\n|-supereffective|p1a: Palafin\n|-damage|p1a: Palafin|0 fnt\n|faint|p1a: Palafin\n|\n|win|Fat Nerd 22\n|raw|Tdogacosta98's rating: 1000 &rarr; <strong>1000<\/strong><br \/>(+0 for losing)\n|raw|Fat Nerd 22's rating: 1087 &rarr; <strong>1107<\/strong><br \/>(+20 for winning)\n|l|\u2606Tdogacosta98\n","uploadtime":1697406316,"views":13,"p1id":"tdogacosta98","p2id":"fatnerd22","formatid":"gen9ubers","rating":1000,"private":0,"password":""}