{"id":"gen9ubers-1971516309","p1":"tabstabs","p2":"This December","format":"[Gen 9] Ubers","log":"|j|\u2606tabstabs\n|j|\u2606This December\n|t:|1697744699\n|gametype|singles\n|player|p1|tabstabs|pokemonranger|1059\n|player|p2|This December|mallow-masters|1084\n|teamsize|p1|6\n|teamsize|p2|6\n|gen|9\n|tier|[Gen 9] Ubers\n|rated|\n|rule|Sleep Clause Mod: Limit one foe put to sleep\n|rule|Species Clause: Limit one of each Pok\u00e9mon\n|rule|OHKO Clause: OHKO moves are banned\n|rule|Evasion Items Clause: Evasion items are banned\n|rule|Evasion Moves Clause: Evasion moves are banned\n|rule|Endless Battle Clause: Forcing endless battles is banned\n|rule|HP Percentage Mod: HP is shown in percentages\n|clearpoke\n|poke|p1|Darkrai|\n|poke|p1|Giratina-Origin|\n|poke|p1|Mewtwo|\n|poke|p1|Palkia|\n|poke|p1|Groudon|\n|poke|p1|Arceus-Flying|\n|poke|p2|Chien-Pao|\n|poke|p2|Miraidon|\n|poke|p2|Corviknight, M|\n|poke|p2|Skeledirge, F|\n|poke|p2|Arceus-Ground|\n|poke|p2|Zacian-*|\n|teampreview\n|c|\u2606This December|hf\n|c|\u2606tabstabs|?\n|c|\u2606This December|short for have fun\n|c|\u2606tabstabs|I dont understand what you mean\n|c|\u2606This December|it's just a pleasantry\n|c|\u2606This December|it's like gl\n|c|\u2606tabstabs|oh\n|\n|t:|1697744771\n|start\n|switch|p1a: Darkrai|Darkrai|100\/100\n|switch|p2a: Arceus|Arceus-Ground|100\/100\n|turn|1\n|c|\u2606tabstabs|okay\n|c|\u2606tabstabs|same to you\n|\n|t:|1697744789\n|switch|p2a: Chien-Pao|Chien-Pao|100\/100\n|-ability|p2a: Chien-Pao|Sword of Ruin\n|move|p1a: Darkrai|Hypnosis|p2a: Chien-Pao\n|-status|p2a: Chien-Pao|slp|[from] move: Hypnosis\n|\n|-damage|p2a: Chien-Pao|88\/100 slp|[from] ability: Bad Dreams|[of] p1a: Darkrai\n|upkeep\n|turn|2\n|c|\u2606This December|ty\n|\n|t:|1697744812\n|switch|p2a: Arceus|Arceus-Ground|100\/100\n|move|p1a: Darkrai|Shadow Ball|p2a: Arceus\n|-damage|p2a: Arceus|76\/100\n|-damage|p1a: Darkrai|91\/100|[from] item: Life Orb\n|\n|upkeep\n|turn|3\n|\n|t:|1697744819\n|move|p1a: Darkrai|Hypnosis|p2a: Arceus\n|-message|Sleep Clause Mod activated.\n|-hint|Sleep Clause Mod prevents players from putting more than one of their opponent's Pok\u00e9mon to sleep at a time\n|move|p2a: Arceus|Stealth Rock|p1a: Darkrai\n|-sidestart|p1: tabstabs|move: Stealth Rock\n|\n|upkeep\n|turn|4\n|\n|t:|1697744828\n|switch|p1a: Palkia|Palkia|100\/100\n|-damage|p1a: Palkia|88\/100|[from] Stealth Rock\n|-ability|p1a: Palkia|Pressure\n|move|p2a: Arceus|Judgment|p1a: Palkia\n|-damage|p1a: Palkia|44\/100\n|\n|upkeep\n|turn|5\n|\n|t:|1697744846\n|move|p2a: Arceus|Judgment|p1a: Palkia\n|-damage|p1a: Palkia|4\/100\n|move|p1a: Palkia|Hydro Pump|p2a: Arceus\n|-supereffective|p2a: Arceus\n|-damage|p2a: Arceus|0 fnt\n|faint|p2a: Arceus\n|-damage|p1a: Palkia|0 fnt|[from] item: Life Orb\n|faint|p1a: Palkia\n|\n|upkeep\n|\n|t:|1697744859\n|switch|p2a: Zacian|Zacian-Crowned|100\/100\n|switch|p1a: Mewtwo|Mewtwo|100\/100\n|-ability|p1a: Mewtwo|Unnerve\n|-ability|p2a: Zacian|Intrepid Sword|boost\n|-boost|p2a: Zacian|atk|1\n|-damage|p1a: Mewtwo|88\/100|[from] Stealth Rock\n|turn|6\n|\n|t:|1697744878\n|switch|p2a: Skeledirge|Skeledirge, F, shiny|100\/100\n|-terastallize|p1a: Mewtwo|Psychic\n|move|p1a: Mewtwo|Fire Blast|p2a: Skeledirge\n|-resisted|p2a: Skeledirge\n|-damage|p2a: Skeledirge|79\/100\n|\n|-heal|p1a: Mewtwo|94\/100|[from] item: Leftovers\n|upkeep\n|turn|7\n|\n|t:|1697744893\n|move|p1a: Mewtwo|Ice Beam|p2a: Skeledirge\n|-resisted|p2a: Skeledirge\n|-damage|p2a: Skeledirge|61\/100\n|move|p2a: Skeledirge|Torch Song|p1a: Mewtwo\n|-damage|p1a: Mewtwo|64\/100\n|-boost|p2a: Skeledirge|spa|1\n|\n|-heal|p1a: Mewtwo|70\/100|[from] item: Leftovers\n|upkeep\n|turn|8\n|\n|t:|1697744902\n|move|p1a: Mewtwo|Psystrike|p2a: Skeledirge\n|-damage|p2a: Skeledirge|11\/100\n|move|p2a: Skeledirge|Slack Off|p2a: Skeledirge\n|-heal|p2a: Skeledirge|61\/100\n|\n|-heal|p1a: Mewtwo|77\/100|[from] item: Leftovers\n|upkeep\n|turn|9\n|\n|t:|1697744908\n|move|p1a: Mewtwo|Psystrike|p2a: Skeledirge\n|-damage|p2a: Skeledirge|17\/100\n|move|p2a: Skeledirge|Hex|p1a: Mewtwo\n|-supereffective|p1a: Mewtwo\n|-damage|p1a: Mewtwo|0 fnt\n|faint|p1a: Mewtwo\n|\n|upkeep\n|\n|t:|1697744922\n|switch|p1a: Arceus|Arceus-Flying|100\/100\n|-damage|p1a: Arceus|76\/100|[from] Stealth Rock\n|turn|10\n|\n|t:|1697744928\n|switch|p2a: Corviknight|Corviknight, M|100\/100\n|-ability|p2a: Corviknight|Pressure\n|move|p1a: Arceus|Calm Mind|p1a: Arceus\n|-boost|p1a: Arceus|spa|1\n|-boost|p1a: Arceus|spd|1\n|\n|upkeep\n|turn|11\n|\n|t:|1697744939\n|move|p1a: Arceus|Stone Edge|p2a: Corviknight\n|-damage|p2a: Corviknight|85\/100\n|move|p2a: Corviknight|U-turn|p1a: Arceus\n|-resisted|p1a: Arceus\n|-damage|p1a: Arceus|71\/100\n|\n|t:|1697744948\n|switch|p2a: Zacian|Zacian-Crowned|100\/100|[from] U-turn\n|\n|upkeep\n|turn|12\n|\n|t:|1697744954\n|move|p2a: Zacian|Swords Dance|p2a: Zacian\n|-boost|p2a: Zacian|atk|2\n|move|p1a: Arceus|Judgment|p2a: Zacian\n|-resisted|p2a: Zacian\n|-damage|p2a: Zacian|65\/100\n|\n|upkeep\n|turn|13\n|\n|t:|1697744959\n|move|p2a: Zacian|Swords Dance|p2a: Zacian\n|-boost|p2a: Zacian|atk|2\n|move|p1a: Arceus|Calm Mind|p1a: Arceus\n|-boost|p1a: Arceus|spa|1\n|-boost|p1a: Arceus|spd|1\n|\n|upkeep\n|turn|14\n|\n|t:|1697744965\n|move|p2a: Zacian|Behemoth Blade|p1a: Arceus\n|-damage|p1a: Arceus|0 fnt\n|faint|p1a: Arceus\n|\n|upkeep\n|\n|t:|1697744971\n|switch|p1a: Groudon|Groudon|100\/100\n|-damage|p1a: Groudon|94\/100|[from] Stealth Rock\n|-weather|SunnyDay|[from] ability: Drought|[of] p1a: Groudon\n|turn|15\n|\n|t:|1697744981\n|move|p2a: Zacian|Behemoth Blade|p1a: Groudon\n|-damage|p1a: Groudon|0 fnt\n|faint|p1a: Groudon\n|\n|-weather|SunnyDay|[upkeep]\n|upkeep\n|\n|t:|1697744987\n|switch|p1a: Giratina|Giratina-Origin|100\/100\n|-damage|p1a: Giratina|88\/100|[from] Stealth Rock\n|turn|16\n|\n|t:|1697744993\n|move|p2a: Zacian|Behemoth Blade|p1a: Giratina\n|-damage|p1a: Giratina|0 fnt\n|faint|p1a: Giratina\n|\n|-weather|SunnyDay|[upkeep]\n|upkeep\n|\n|t:|1697744998\n|switch|p1a: Darkrai|Darkrai|91\/100\n|-damage|p1a: Darkrai|78\/100|[from] Stealth Rock\n|turn|17\n|\n|t:|1697745004\n|move|p2a: Zacian|Behemoth Blade|p1a: Darkrai\n|-damage|p1a: Darkrai|0 fnt\n|faint|p1a: Darkrai\n|\n|win|This December\n|raw|tabstabs's rating: 1087 &rarr; <strong>1064<\/strong><br \/>(-23 for losing)\n|raw|This December's rating: 1084 &rarr; <strong>1112<\/strong><br \/>(+28 for winning)\n|c|\u2606This December|gg\n","uploadtime":1697745007,"views":10,"p1id":"tabstabs","p2id":"thisdecember","formatid":"gen9ubers","rating":1064,"private":0,"password":""}