{"id":"gen9ubers-1996321709","p1":"GL Samson","p2":"Shroomfruit","format":"[Gen 9] Ubers","log":"|j|\u2606GL Samson\n|j|\u2606Shroomfruit\n|t:|1700670973\n|gametype|singles\n|player|p1|GL Samson|riley|\n|player|p2|Shroomfruit|acerola-masters|\n|teamsize|p1|6\n|teamsize|p2|6\n|gen|9\n|tier|[Gen 9] Ubers\n|rule|Sleep Clause Mod: Limit one foe put to sleep\n|rule|Species Clause: Limit one of each Pok\u00e9mon\n|rule|OHKO Clause: OHKO moves are banned\n|rule|Evasion Items Clause: Evasion items are banned\n|rule|Evasion Moves Clause: Evasion moves are banned\n|rule|Endless Battle Clause: Forcing endless battles is banned\n|rule|HP Percentage Mod: HP is shown in percentages\n|clearpoke\n|poke|p1|Iron Moth|\n|poke|p1|Kingambit, M|\n|poke|p1|Flutter Mane|\n|poke|p1|Great Tusk|\n|poke|p1|Ursaluna-Bloodmoon, M|\n|poke|p1|Dragonite, M|\n|poke|p2|Dragonite, M|\n|poke|p2|Kingambit, M|\n|poke|p2|Sandy Shocks|\n|poke|p2|Iron Moth|\n|poke|p2|Iron Valiant|\n|poke|p2|Iron Bundle|\n|teampreview\n|inactive|Battle timer is ON: inactive players will automatically lose when time's up. (requested by Shroomfruit)\n|\n|t:|1700671032\n|start\n|switch|p1a: Netherite|Great Tusk|100\/100\n|switch|p2a: Sandy Sandwich|Sandy Shocks, shiny|100\/100\n|-enditem|p2a: Sandy Sandwich|Booster Energy\n|-activate|p2a: Sandy Sandwich|ability: Protosynthesis|[fromitem]\n|-start|p2a: Sandy Sandwich|protosynthesisspe\n|-enditem|p1a: Netherite|Booster Energy\n|-activate|p1a: Netherite|ability: Protosynthesis|[fromitem]\n|-start|p1a: Netherite|protosynthesisspe\n|turn|1\n|\n|t:|1700671049\n|move|p2a: Sandy Sandwich|Stealth Rock|p1a: Netherite\n|-sidestart|p1: GL Samson|move: Stealth Rock\n|move|p1a: Netherite|Stealth Rock|p2a: Sandy Sandwich\n|-sidestart|p2: Shroomfruit|move: Stealth Rock\n|\n|upkeep\n|turn|2\n|\n|t:|1700671054\n|move|p2a: Sandy Sandwich|Earth Power|p1a: Netherite\n|-damage|p1a: Netherite|46\/100\n|move|p1a: Netherite|Earthquake|p2a: Sandy Sandwich\n|-supereffective|p2a: Sandy Sandwich\n|-damage|p2a: Sandy Sandwich|6\/100\n|\n|upkeep\n|turn|3\n|\n|t:|1700671066\n|move|p2a: Sandy Sandwich|Earth Power|p1a: Netherite\n|-damage|p1a: Netherite|0 fnt\n|faint|p1a: Netherite\n|-end|p1a: Netherite|Protosynthesis|[silent]\n|\n|upkeep\n|\n|t:|1700671090\n|switch|p1a: Obelisk|Kingambit, M, shiny|100\/100\n|-damage|p1a: Obelisk|94\/100|[from] Stealth Rock\n|-activate|p1a: Obelisk|ability: Supreme Overlord\n|-start|p1a: Obelisk|fallen1|[silent]\n|-item|p1a: Obelisk|Air Balloon\n|turn|4\n|\n|t:|1700671111\n|move|p1a: Obelisk|Sucker Punch|p2a: Sandy Sandwich\n|-damage|p2a: Sandy Sandwich|0 fnt\n|faint|p2a: Sandy Sandwich\n|-end|p2a: Sandy Sandwich|Protosynthesis|[silent]\n|\n|upkeep\n|inactive|Shroomfruit has 270 seconds left.\n|\n|t:|1700671127\n|switch|p2a: Fanta|Iron Moth, shiny|100\/100\n|-damage|p2a: Fanta|76\/100|[from] Stealth Rock\n|-enditem|p2a: Fanta|Booster Energy\n|-activate|p2a: Fanta|ability: Quark Drive|[fromitem]\n|-start|p2a: Fanta|quarkdrivespe\n|turn|5\n|inactive|GL Samson has 270 seconds left.\n|\n|t:|1700671160\n|-terastallize|p1a: Obelisk|Water\n|move|p2a: Fanta|Fiery Dance|p1a: Obelisk\n|-resisted|p1a: Obelisk\n|-damage|p1a: Obelisk|75\/100\n|-enditem|p1a: Obelisk|Air Balloon\n|move|p1a: Obelisk|Swords Dance|p1a: Obelisk\n|-boost|p1a: Obelisk|atk|2\n|\n|upkeep\n|turn|6\n|\n|t:|1700671172\n|move|p1a: Obelisk|Sucker Punch|p2a: Fanta\n|-damage|p2a: Fanta|0 fnt\n|faint|p2a: Fanta\n|-end|p2a: Fanta|Quark Drive|[silent]\n|\n|upkeep\n|inactive|Shroomfruit has 270 seconds left.\n|\n|t:|1700671207\n|switch|p2a: Root Beer|Kingambit, M, shiny|100\/100\n|-damage|p2a: Root Beer|94\/100|[from] Stealth Rock\n|-activate|p2a: Root Beer|ability: Supreme Overlord\n|-start|p2a: Root Beer|fallen2|[silent]\n|turn|7\n|inactive|GL Samson has 270 seconds left.\n|\n|t:|1700671222\n|-end|p1a: Obelisk|fallen1|[silent]\n|switch|p1a: Deimos|Ursaluna-Bloodmoon, M|100\/100\n|-damage|p1a: Deimos|94\/100|[from] Stealth Rock\n|move|p2a: Root Beer|Kowtow Cleave|p1a: Deimos\n|-crit|p1a: Deimos\n|-damage|p1a: Deimos|31\/100\n|\n|-heal|p1a: Deimos|37\/100|[from] item: Leftovers\n|upkeep\n|turn|8\n|inactive|GL Samson has 270 seconds left.\n|\n|t:|1700671241\n|move|p1a: Deimos|Earth Power|p2a: Root Beer\n|-supereffective|p2a: Root Beer\n|-damage|p2a: Root Beer|0 fnt\n|faint|p2a: Root Beer\n|-end|p2a: Root Beer|fallen2|[silent]\n|\n|-heal|p1a: Deimos|43\/100|[from] item: Leftovers\n|upkeep\n|\n|t:|1700671248\n|switch|p2a: Santa|Iron Bundle|100\/100\n|-damage|p2a: Santa|76\/100|[from] Stealth Rock\n|-enditem|p2a: Santa|Booster Energy\n|-activate|p2a: Santa|ability: Quark Drive|[fromitem]\n|-start|p2a: Santa|quarkdrivespe\n|turn|9\n|\n|t:|1700671256\n|move|p1a: Deimos|Vacuum Wave|p2a: Santa\n|-supereffective|p2a: Santa\n|-damage|p2a: Santa|8\/100\n|move|p2a: Santa|Ice Beam|p1a: Deimos\n|-supereffective|p1a: Deimos\n|-crit|p1a: Deimos\n|-damage|p1a: Deimos|0 fnt\n|faint|p1a: Deimos\n|\n|upkeep\n|inactive|GL Samson has 270 seconds left.\n|\n|t:|1700671280\n|switch|p1a: Obelisk|Kingambit, M, shiny, tera:Water|75\/100\n|-damage|p1a: Obelisk|62\/100|[from] Stealth Rock\n|-activate|p1a: Obelisk|ability: Supreme Overlord\n|-start|p1a: Obelisk|fallen2|[silent]\n|turn|10\n|inactive|GL Samson has 270 seconds left.\n|\n|t:|1700671287\n|move|p1a: Obelisk|Sucker Punch||[still]\n|-fail|p1a: Obelisk\n|move|p2a: Santa|Encore|p1a: Obelisk\n|-start|p1a: Obelisk|Encore\n|\n|upkeep\n|turn|11\n|\n|t:|1700671296\n|-end|p2a: Santa|Quark Drive|[silent]\n|switch|p2a: Throwbobo|Dragonite, M|100\/100\n|-damage|p2a: Throwbobo|75\/100|[from] Stealth Rock\n|-end|p1a: Obelisk|fallen2|[silent]\n|switch|p1a: Drobobo|Dragonite, M|100\/100\n|-damage|p1a: Drobobo|76\/100|[from] Stealth Rock\n|\n|-heal|p1a: Drobobo|82\/100|[from] item: Leftovers\n|upkeep\n|turn|12\n|inactive|Shroomfruit has 270 seconds left.\n|\n|t:|1700671311\n|move|p2a: Throwbobo|Dragon Dance|p2a: Throwbobo\n|-boost|p2a: Throwbobo|atk|1\n|-boost|p2a: Throwbobo|spe|1\n|move|p1a: Drobobo|Dragon Dance|p1a: Drobobo\n|-boost|p1a: Drobobo|atk|1\n|-boost|p1a: Drobobo|spe|1\n|\n|-heal|p1a: Drobobo|88\/100|[from] item: Leftovers\n|upkeep\n|turn|13\n|inactive|Shroomfruit has 270 seconds left.\n|\n|t:|1700671334\n|-terastallize|p2a: Throwbobo|Normal\n|move|p1a: Drobobo|Extreme Speed|p2a: Throwbobo\n|-damage|p2a: Throwbobo|32\/100\n|move|p2a: Throwbobo|Extreme Speed|p1a: Drobobo\n|-damage|p1a: Drobobo|12\/100\n|\n|-heal|p1a: Drobobo|18\/100|[from] item: Leftovers\n|upkeep\n|turn|14\n|\n|t:|1700671346\n|move|p2a: Throwbobo|Extreme Speed|p1a: Drobobo\n|-damage|p1a: Drobobo|0 fnt\n|faint|p1a: Drobobo\n|\n|upkeep\n|inactive|GL Samson has 270 seconds left.\n|\n|t:|1700671378\n|switch|p1a: Slifer|Iron Moth|100\/100\n|-damage|p1a: Slifer|76\/100|[from] Stealth Rock\n|-enditem|p1a: Slifer|Booster Energy\n|-activate|p1a: Slifer|ability: Quark Drive|[fromitem]\n|-start|p1a: Slifer|quarkdrivespe\n|turn|15\n|inactive|Shroomfruit has 270 seconds left.\n|\n|t:|1700671393\n|move|p2a: Throwbobo|Extreme Speed|p1a: Slifer\n|-damage|p1a: Slifer|0 fnt\n|faint|p1a: Slifer\n|-end|p1a: Slifer|Quark Drive|[silent]\n|\n|upkeep\n|\n|t:|1700671400\n|switch|p1a: Avarice|Flutter Mane|100\/100\n|-damage|p1a: Avarice|88\/100|[from] Stealth Rock\n|-enditem|p1a: Avarice|Booster Energy\n|-activate|p1a: Avarice|ability: Protosynthesis|[fromitem]\n|-start|p1a: Avarice|protosynthesisspe\n|turn|16\n|inactive|Shroomfruit has 270 seconds left.\n|\n|t:|1700671419\n|switch|p2a: Iron Valiant|Iron Valiant|100\/100\n|-damage|p2a: Iron Valiant|94\/100|[from] Stealth Rock\n|-enditem|p2a: Iron Valiant|Booster Energy\n|-activate|p2a: Iron Valiant|ability: Quark Drive|[fromitem]\n|-start|p2a: Iron Valiant|quarkdrivespe\n|move|p1a: Avarice|Moonblast|p2a: Iron Valiant\n|-supereffective|p2a: Iron Valiant\n|-damage|p2a: Iron Valiant|0 fnt\n|faint|p2a: Iron Valiant\n|-end|p2a: Iron Valiant|Quark Drive|[silent]\n|\n|upkeep\n|\n|t:|1700671430\n|switch|p2a: Santa|Iron Bundle|8\/100\n|-damage|p2a: Santa|0 fnt|[from] Stealth Rock\n|faint|p2a: Santa\n|-end|p2a: Santa|Quark Drive|[silent]\n|\n|t:|1700671434\n|switch|p2a: Throwbobo|Dragonite, M, tera:Normal|32\/100\n|-damage|p2a: Throwbobo|20\/100|[from] Stealth Rock\n|turn|17\n|inactive|GL Samson has 270 seconds left.\n|inactive|Shroomfruit has 270 seconds left.\n|\n|t:|1700671445\n|move|p1a: Avarice|Moonblast|p2a: Throwbobo\n|-damage|p2a: Throwbobo|0 fnt\n|faint|p2a: Throwbobo\n|\n|win|GL Samson\n|l|\u2606GL Samson\n|l|\u2606Shroomfruit\n|j|\u2606GL Samson\n|player|p1|GL Samson|riley\n","uploadtime":1700671516,"views":12,"p1id":"glsamson","p2id":"shroomfruit","formatid":"gen9ubers","rating":0,"private":0,"password":""}