{"id":"gen9ubers-1977941493","p1":"quesoblancofundido","p2":"GordonH40","format":"[Gen 9] Ubers","log":"|j|\u2606quesoblancofundido\n|j|\u2606GordonH40\n|t:|1698470031\n|gametype|singles\n|player|p1|quesoblancofundido|nate|\n|player|p2|GordonH40|li|\n|teamsize|p1|6\n|teamsize|p2|6\n|gen|9\n|tier|[Gen 9] Ubers\n|rule|Sleep Clause Mod: Limit one foe put to sleep\n|rule|Species Clause: Limit one of each Pok\u00e9mon\n|rule|OHKO Clause: OHKO moves are banned\n|rule|Evasion Items Clause: Evasion items are banned\n|rule|Evasion Moves Clause: Evasion moves are banned\n|rule|Endless Battle Clause: Forcing endless battles is banned\n|rule|HP Percentage Mod: HP is shown in percentages\n|clearpoke\n|poke|p1|Mimikyu, M|\n|poke|p1|Torterra, M|\n|poke|p1|Greninja-*, F|\n|poke|p1|Roaring Moon|\n|poke|p1|Ursaluna, M|\n|poke|p1|Braviary, M|\n|poke|p2|Ting-Lu|\n|poke|p2|Ninetales-Alola, F|\n|poke|p2|Meowscarada, F|\n|poke|p2|Dragapult, M|\n|poke|p2|Iron Moth|\n|poke|p2|Thundurus-Therian, M|\n|teampreview\n|inactive|Battle timer is ON: inactive players will automatically lose when time's up. (requested by quesoblancofundido)\n|\n|t:|1698470065\n|start\n|switch|p1a: Greninja|Greninja, F|100\/100\n|switch|p2a: Doge|Ninetales-Alola, F|100\/100\n|-weather|Snow|[from] ability: Snow Warning|[of] p2a: Doge\n|turn|1\n|inactive|quesoblancofundido has 270 seconds left.\n|inactive|quesoblancofundido has 240 seconds left.\n|\n|t:|1698470133\n|switch|p1a: Ursaluna|Ursaluna, M|100\/100\n|move|p2a: Doge|Aurora Veil|p2a: Doge\n|-sidestart|p2: GordonH40|move: Aurora Veil\n|\n|-weather|Snow|[upkeep]\n|-status|p1a: Ursaluna|brn|[from] item: Flame Orb\n|upkeep\n|turn|2\n|\n|t:|1698470148\n|switch|p2a: LuLu|Ting-Lu|100\/100\n|-ability|p2a: LuLu|Vessel of Ruin\n|move|p1a: Ursaluna|Stone Edge|p2a: LuLu\n|-resisted|p2a: LuLu\n|-damage|p2a: LuLu|94\/100\n|\n|-weather|Snow|[upkeep]\n|-heal|p2a: LuLu|99\/100|[from] item: Leftovers\n|-damage|p1a: Ursaluna|94\/100 brn|[from] brn\n|upkeep\n|turn|3\n|\n|t:|1698470158\n|move|p1a: Ursaluna|Trailblaze|p2a: LuLu\n|-supereffective|p2a: LuLu\n|-damage|p2a: LuLu|88\/100\n|-boost|p1a: Ursaluna|spe|1\n|move|p2a: LuLu|Stealth Rock|p1a: Ursaluna\n|-sidestart|p1: quesoblancofundido|move: Stealth Rock\n|\n|-weather|Snow|[upkeep]\n|-heal|p2a: LuLu|94\/100|[from] item: Leftovers\n|-damage|p1a: Ursaluna|88\/100 brn|[from] brn\n|upkeep\n|turn|4\n|\n|t:|1698470167\n|switch|p1a: Braviary|Braviary, M|100\/100\n|move|p2a: LuLu|Spikes|p1a: Braviary\n|-sidestart|p1: quesoblancofundido|Spikes\n|\n|-weather|Snow|[upkeep]\n|-heal|p2a: LuLu|99\/100|[from] item: Leftovers\n|upkeep\n|turn|5\n|\n|t:|1698470174\n|move|p1a: Braviary|Defog|p2a: LuLu\n|-unboost|p2a: LuLu|evasion|1\n|-sideend|p2: GordonH40|move: Aurora Veil\n|-sideend|p1: quesoblancofundido|Spikes|[from] move: Defog|[of] p1a: Braviary\n|-sideend|p1: quesoblancofundido|Stealth Rock|[from] move: Defog|[of] p1a: Braviary\n|move|p2a: LuLu|Whirlwind|p1a: Braviary\n|drag|p1a: Torterra|Torterra, M|100\/100\n|\n|-weather|none\n|-heal|p2a: LuLu|100\/100|[from] item: Leftovers\n|upkeep\n|turn|6\n|inactive|quesoblancofundido has 270 seconds left.\n|\n|t:|1698470205\n|switch|p2a: Doge|Ninetales-Alola, F|100\/100\n|-weather|Snow|[from] ability: Snow Warning|[of] p2a: Doge\n|move|p1a: Torterra|Bullet Seed|p2a: Doge\n|-crit|p2a: Doge\n|-damage|p2a: Doge|84\/100\n|-damage|p2a: Doge|73\/100\n|-damage|p2a: Doge|63\/100\n|-damage|p2a: Doge|52\/100\n|-damage|p2a: Doge|40\/100\n|-hitcount|p2a: Doge|5\n|\n|-weather|Snow|[upkeep]\n|upkeep\n|turn|7\n|inactive|quesoblancofundido has 240 seconds left.\n|inactive|quesoblancofundido has 210 seconds left.\n|\n|t:|1698470256\n|switch|p1a: Braviary|Braviary, M|100\/100\n|move|p2a: Doge|Aurora Veil|p2a: Doge\n|-sidestart|p2: GordonH40|move: Aurora Veil\n|\n|-weather|Snow|[upkeep]\n|upkeep\n|turn|8\n|inactive|quesoblancofundido has 210 seconds left.\n|\n|t:|1698470269\n|move|p2a: Doge|Freeze-Dry|p1a: Braviary\n|-supereffective|p1a: Braviary\n|-damage|p1a: Braviary|56\/100\n|-status|p1a: Braviary|frz\n|-curestatus|p1a: Braviary|frz|[msg]\n|move|p1a: Braviary|Close Combat|p2a: Doge\n|-damage|p2a: Doge|27\/100\n|-unboost|p1a: Braviary|def|1\n|-unboost|p1a: Braviary|spd|1\n|\n|-weather|Snow|[upkeep]\n|upkeep\n|turn|9\n|\n|t:|1698470280\n|move|p2a: Doge|Freeze-Dry|p1a: Braviary\n|-supereffective|p1a: Braviary\n|-damage|p1a: Braviary|0 fnt\n|faint|p1a: Braviary\n|\n|-weather|Snow|[upkeep]\n|upkeep\n|\n|t:|1698470283\n|switch|p1a: Ursaluna|Ursaluna, M|88\/100 brn\n|turn|10\n|\n|t:|1698470303\n|switch|p2a: LuLu|Ting-Lu|100\/100\n|-ability|p2a: LuLu|Vessel of Ruin\n|move|p1a: Ursaluna|Facade|p2a: LuLu\n|-damage|p2a: LuLu|74\/100\n|\n|-weather|none\n|-heal|p2a: LuLu|80\/100|[from] item: Leftovers\n|-damage|p1a: Ursaluna|82\/100 brn|[from] brn\n|upkeep\n|turn|11\n|\n|t:|1698470312\n|switch|p1a: Torterra|Torterra, M|100\/100\n|move|p2a: LuLu|Stealth Rock|p1a: Torterra\n|-sidestart|p1: quesoblancofundido|move: Stealth Rock\n|\n|-heal|p2a: LuLu|86\/100|[from] item: Leftovers\n|upkeep\n|turn|12\n|\n|t:|1698470319\n|move|p1a: Torterra|Shell Smash|p1a: Torterra\n|-unboost|p1a: Torterra|def|1\n|-unboost|p1a: Torterra|spd|1\n|-boost|p1a: Torterra|atk|2\n|-boost|p1a: Torterra|spa|2\n|-boost|p1a: Torterra|spe|2\n|move|p2a: LuLu|Whirlwind|p1a: Torterra\n|drag|p1a: Greninja|Greninja, F|100\/100\n|-damage|p1a: Greninja|88\/100|[from] Stealth Rock\n|\n|-heal|p2a: LuLu|93\/100|[from] item: Leftovers\n|upkeep\n|turn|13\n|inactive|quesoblancofundido has 240 seconds left.\n|\n|t:|1698470334\n|move|p1a: Greninja|Ice Beam|p2a: LuLu\n|-start|p1a: Greninja|typechange|Ice|[from] ability: Protean\n|-supereffective|p2a: LuLu\n|-damage|p2a: LuLu|72\/100\n|-damage|p1a: Greninja|78\/100|[from] item: Life Orb\n|move|p2a: LuLu|Spikes|p1a: Greninja\n|-sidestart|p1: quesoblancofundido|Spikes\n|\n|-heal|p2a: LuLu|78\/100|[from] item: Leftovers\n|upkeep\n|turn|14\n|\n|t:|1698470344\n|move|p1a: Greninja|Ice Beam|p2a: LuLu\n|-supereffective|p2a: LuLu\n|-damage|p2a: LuLu|56\/100\n|-damage|p1a: Greninja|69\/100|[from] item: Life Orb\n|move|p2a: LuLu|Spikes|p1a: Greninja\n|-sidestart|p1: quesoblancofundido|Spikes\n|\n|-heal|p2a: LuLu|62\/100|[from] item: Leftovers\n|-sideend|p2: GordonH40|move: Aurora Veil\n|upkeep\n|turn|15\n|\n|t:|1698470353\n|switch|p2a: Doge|Ninetales-Alola, F|27\/100\n|-weather|Snow|[from] ability: Snow Warning|[of] p2a: Doge\n|move|p1a: Greninja|Ice Beam|p2a: Doge\n|-resisted|p2a: Doge\n|-damage|p2a: Doge|2\/100\n|-damage|p1a: Greninja|59\/100|[from] item: Life Orb\n|\n|-weather|Snow|[upkeep]\n|upkeep\n|turn|16\n|\n|t:|1698470362\n|move|p1a: Greninja|Ice Beam|p2a: Doge\n|-resisted|p2a: Doge\n|-damage|p2a: Doge|0 fnt\n|faint|p2a: Doge\n|-damage|p1a: Greninja|49\/100|[from] item: Life Orb\n|\n|-weather|Snow|[upkeep]\n|upkeep\n|\n|t:|1698470381\n|switch|p2a: Volcarona I swear|Iron Moth|100\/100\n|-enditem|p2a: Volcarona I swear|Booster Energy\n|-activate|p2a: Volcarona I swear|ability: Quark Drive|[fromitem]\n|-start|p2a: Volcarona I swear|quarkdrivespa\n|turn|17\n|inactive|quesoblancofundido has 270 seconds left.\n|\n|t:|1698470392\n|move|p1a: Greninja|Hydro Pump|p2a: Volcarona I swear\n|-supereffective|p2a: Volcarona I swear\n|-damage|p2a: Volcarona I swear|17\/100\n|-damage|p1a: Greninja|40\/100|[from] item: Life Orb\n|move|p2a: Volcarona I swear|Agility|p2a: Volcarona I swear\n|-boost|p2a: Volcarona I swear|spe|2\n|\n|-weather|Snow|[upkeep]\n|upkeep\n|turn|18\n|\n|t:|1698470400\n|move|p2a: Volcarona I swear|Fiery Dance|p1a: Greninja\n|-supereffective|p1a: Greninja\n|-damage|p1a: Greninja|0 fnt\n|-boost|p2a: Volcarona I swear|spa|1\n|faint|p1a: Greninja\n|\n|-weather|Snow|[upkeep]\n|upkeep\n|\n|t:|1698470407\n|switch|p1a: Ursaluna|Ursaluna, M|82\/100 brn\n|-damage|p1a: Ursaluna|76\/100 brn|[from] Stealth Rock\n|-damage|p1a: Ursaluna|59\/100 brn|[from] Spikes\n|turn|19\n|\n|t:|1698470421\n|move|p2a: Volcarona I swear|Psychic|p1a: Ursaluna\n|-damage|p1a: Ursaluna|0 fnt\n|faint|p1a: Ursaluna\n|\n|-weather|none\n|upkeep\n|\n|t:|1698470426\n|switch|p1a: Mimikyu|Mimikyu, M|100\/100\n|-damage|p1a: Mimikyu|88\/100|[from] Stealth Rock\n|-damage|p1a: Mimikyu|72\/100|[from] Spikes\n|turn|20\n|\n|t:|1698470437\n|move|p1a: Mimikyu|Shadow Sneak|p2a: Volcarona I swear\n|-damage|p2a: Volcarona I swear|0 fnt\n|faint|p2a: Volcarona I swear\n|-end|p2a: Volcarona I swear|Quark Drive|[silent]\n|-damage|p1a: Mimikyu|62\/100|[from] item: Life Orb\n|\n|upkeep\n|\n|t:|1698470442\n|switch|p2a: Meowscaraid|Meowscarada, F|100\/100\n|turn|21\n|\n|t:|1698470448\n|move|p2a: Meowscaraid|U-turn|p1a: Mimikyu\n|-start|p2a: Meowscaraid|typechange|Bug|[from] ability: Protean\n|-activate|p1a: Mimikyu|ability: Disguise\n|-damage|p1a: Mimikyu|62\/100\n|detailschange|p1a: Mimikyu|Mimikyu-Busted, M\n|-damage|p1a: Mimikyu|50\/100|[from] pokemon: Mimikyu-Busted\n|\n|t:|1698470456\n|switch|p2a: LuLu|Ting-Lu|62\/100|[from] U-turn\n|-ability|p2a: LuLu|Vessel of Ruin\n|move|p1a: Mimikyu|Play Rough|p2a: LuLu\n|-supereffective|p2a: LuLu\n|-damage|p2a: LuLu|4\/100\n|-damage|p1a: Mimikyu|40\/100|[from] item: Life Orb\n|\n|-heal|p2a: LuLu|10\/100|[from] item: Leftovers\n|upkeep\n|turn|22\n|\n|t:|1698470483\n|switch|p2a: Cloudy w\/ a chance|Thundurus-Therian, M|100\/100\n|move|p1a: Mimikyu|Play Rough|p2a: Cloudy w\/ a chance\n|-crit|p2a: Cloudy w\/ a chance\n|-damage|p2a: Cloudy w\/ a chance|0 fnt\n|faint|p2a: Cloudy w\/ a chance\n|-damage|p1a: Mimikyu|30\/100|[from] item: Life Orb\n|\n|upkeep\n|inactive|GordonH40 has 270 seconds left.\n|\n|t:|1698470494\n|switch|p2a: A Literal Jet|Dragapult, M|100\/100\n|turn|23\n|\n|t:|1698470499\n|move|p1a: Mimikyu|Shadow Sneak|p2a: A Literal Jet\n|-supereffective|p2a: A Literal Jet\n|-damage|p2a: A Literal Jet|41\/100\n|-damage|p1a: Mimikyu|20\/100|[from] item: Life Orb\n|move|p2a: A Literal Jet|Shadow Ball|p1a: Mimikyu\n|-supereffective|p1a: Mimikyu\n|-damage|p1a: Mimikyu|0 fnt\n|faint|p1a: Mimikyu\n|\n|upkeep\n|\n|t:|1698470522\n|switch|p1a: Roaring Moon|Roaring Moon|100\/100\n|-damage|p1a: Roaring Moon|88\/100|[from] Stealth Rock\n|-damage|p1a: Roaring Moon|71\/100|[from] Spikes\n|-enditem|p1a: Roaring Moon|Booster Energy\n|-activate|p1a: Roaring Moon|ability: Protosynthesis|[fromitem]\n|-start|p1a: Roaring Moon|protosynthesisatk\n|turn|24\n|\n|t:|1698470534\n|switch|p2a: LuLu|Ting-Lu|10\/100\n|-ability|p2a: LuLu|Vessel of Ruin\n|move|p1a: Roaring Moon|Knock Off|p2a: LuLu\n|-resisted|p2a: LuLu\n|-damage|p2a: LuLu|0 fnt\n|-enditem|p2a: LuLu|Leftovers|[from] move: Knock Off|[of] p1a: Roaring Moon\n|faint|p2a: LuLu\n|\n|upkeep\n|\n|t:|1698470542\n|switch|p2a: A Literal Jet|Dragapult, M|41\/100\n|turn|25\n|\n|t:|1698470549\n|move|p2a: A Literal Jet|Draco Meteor|p1a: Roaring Moon\n|-supereffective|p1a: Roaring Moon\n|-damage|p1a: Roaring Moon|0 fnt\n|-unboost|p2a: A Literal Jet|spa|2\n|faint|p1a: Roaring Moon\n|-end|p1a: Roaring Moon|Protosynthesis|[silent]\n|\n|upkeep\n|\n|t:|1698470551\n|switch|p1a: Torterra|Torterra, M|100\/100\n|-damage|p1a: Torterra|94\/100|[from] Stealth Rock\n|-damage|p1a: Torterra|78\/100|[from] Spikes\n|turn|26\n|\n|t:|1698470559\n|switch|p2a: Meowscaraid|Meowscarada, F|100\/100\n|-terastallize|p1a: Torterra|Fairy\n|move|p1a: Torterra|Tera Blast|p2a: Meowscaraid|[anim] Tera Blast Fairy\n|-supereffective|p2a: Meowscaraid\n|-damage|p2a: Meowscaraid|0 fnt\n|faint|p2a: Meowscaraid\n|\n|upkeep\n|\n|t:|1698470566\n|switch|p2a: A Literal Jet|Dragapult, M|41\/100\n|turn|27\n|\n|t:|1698470590\n|move|p2a: A Literal Jet|Shadow Ball|p1a: Torterra\n|-damage|p1a: Torterra|22\/100\n|-unboost|p1a: Torterra|spd|1\n|move|p1a: Torterra|Tera Blast|p2a: A Literal Jet|[anim] Tera Blast Fairy\n|-supereffective|p2a: A Literal Jet\n|-damage|p2a: A Literal Jet|0 fnt\n|faint|p2a: A Literal Jet\n|\n|win|quesoblancofundido\n|c|\u2606GordonH40|ggs\n|c|\u2606quesoblancofundido|ggs\n|c|\u2606quesoblancofundido|nine tails is a pain\n","uploadtime":1698470616,"views":18,"p1id":"quesoblancofundido","p2id":"gordonh40","formatid":"gen9ubers","rating":0,"private":0,"password":""}