{"id":"gen9ubers-1978295256","p1":"uubers account","p2":"IcyTheScreamer","format":"[Gen 9] Ubers","log":"|j|\u2606uubers account\n|j|\u2606IcyTheScreamer\n|t:|1698521985\n|gametype|singles\n|player|p1|uubers account|2|\n|player|p2|IcyTheScreamer|ingo|\n|teamsize|p1|6\n|teamsize|p2|6\n|gen|9\n|tier|[Gen 9] Ubers\n|rule|Sleep Clause Mod: Limit one foe put to sleep\n|rule|Species Clause: Limit one of each Pok\u00e9mon\n|rule|OHKO Clause: OHKO moves are banned\n|rule|Evasion Items Clause: Evasion items are banned\n|rule|Evasion Moves Clause: Evasion moves are banned\n|rule|Endless Battle Clause: Forcing endless battles is banned\n|rule|HP Percentage Mod: HP is shown in percentages\n|clearpoke\n|poke|p1|Arceus-Dark|\n|poke|p1|Magearna|\n|poke|p1|Palafin, F|\n|poke|p1|Gliscor, F|\n|poke|p1|Chi-Yu|\n|poke|p1|Giratina|\n|poke|p2|Dialga|\n|poke|p2|Gliscor, M|\n|poke|p2|Arceus-Poison|\n|poke|p2|Blissey, F|\n|poke|p2|Giratina|\n|poke|p2|Dondozo, M|\n|teampreview\n|c|\u2606IcyTheScreamer|fellow gliscor enjoyer\n|c|\u2606uubers account|hello there\n|\n|t:|1698522013\n|start\n|switch|p1a: Palafin|Palafin, F|100\/100\n|switch|p2a: Dialga|Dialga|100\/100\n|-ability|p2a: Dialga|Pressure\n|turn|1\n|\n|t:|1698522020\n|move|p1a: Palafin|Flip Turn|p2a: Dialga\n|-resisted|p2a: Dialga\n|-damage|p2a: Dialga|91\/100\n|\n|t:|1698522024\n|detailschange|p1a: Palafin|Palafin-Hero, F\n|switch|p1a: Magearna|Magearna|100\/100|[from] Flip Turn\n|move|p2a: Dialga|Stealth Rock|p1a: Magearna\n|-sidestart|p1: uubers account|move: Stealth Rock\n|\n|-heal|p2a: Dialga|97\/100|[from] item: Leftovers\n|upkeep\n|turn|2\n|\n|t:|1698522029\n|move|p1a: Magearna|Thunder Wave|p2a: Dialga\n|-status|p2a: Dialga|par\n|move|p2a: Dialga|Roar|p1a: Magearna\n|drag|p1a: Arceus|Arceus-Dark|100\/100\n|-damage|p1a: Arceus|88\/100|[from] Stealth Rock\n|\n|-heal|p2a: Dialga|100\/100 par|[from] item: Leftovers\n|upkeep\n|turn|3\n|\n|t:|1698522038\n|switch|p2a: Dondozo|Dondozo, M|100\/100\n|move|p1a: Arceus|Taunt|p2a: Dondozo\n|-start|p2a: Dondozo|move: Taunt\n|\n|upkeep\n|turn|4\n|\n|t:|1698522044\n|move|p1a: Arceus|Judgment|p2a: Dondozo\n|-damage|p2a: Dondozo|52\/100\n|move|p2a: Dondozo|Waterfall|p1a: Arceus\n|-damage|p1a: Arceus|68\/100\n|\n|upkeep\n|turn|5\n|\n|t:|1698522050\n|switch|p2a: Blissey|Blissey, F|100\/100\n|move|p1a: Arceus|Judgment|p2a: Blissey\n|-damage|p2a: Blissey|83\/100\n|\n|-heal|p2a: Blissey|89\/100|[from] item: Leftovers\n|upkeep\n|turn|6\n|\n|t:|1698522061\n|move|p1a: Arceus|Taunt|p2a: Blissey\n|-start|p2a: Blissey|move: Taunt\n|cant|p2a: Blissey|move: Taunt|Heal Bell\n|\n|-heal|p2a: Blissey|95\/100|[from] item: Leftovers\n|upkeep\n|turn|7\n|\n|t:|1698522065\n|move|p1a: Arceus|Calm Mind|p1a: Arceus\n|-boost|p1a: Arceus|spa|1\n|-boost|p1a: Arceus|spd|1\n|move|p2a: Blissey|Ice Beam|p1a: Arceus\n|-damage|p1a: Arceus|61\/100\n|\n|-heal|p2a: Blissey|100\/100|[from] item: Leftovers\n|upkeep\n|turn|8\n|\n|t:|1698522076\n|move|p1a: Arceus|Calm Mind|p1a: Arceus\n|-boost|p1a: Arceus|spa|1\n|-boost|p1a: Arceus|spd|1\n|move|p2a: Blissey|Ice Beam|p1a: Arceus\n|-damage|p1a: Arceus|56\/100\n|\n|-end|p2a: Blissey|move: Taunt\n|upkeep\n|turn|9\n|\n|t:|1698522101\n|switch|p2a: Dialga|Dialga|100\/100 par\n|-ability|p2a: Dialga|Pressure\n|move|p1a: Arceus|Taunt|p2a: Dialga\n|-start|p2a: Dialga|move: Taunt\n|\n|upkeep\n|turn|10\n|\n|t:|1698522109\n|move|p1a: Arceus|Recover|p1a: Arceus\n|-heal|p1a: Arceus|100\/100\n|move|p2a: Dialga|Earth Power|p1a: Arceus\n|-damage|p1a: Arceus|91\/100\n|\n|upkeep\n|turn|11\n|\n|t:|1698522119\n|move|p1a: Arceus|Calm Mind|p1a: Arceus\n|-boost|p1a: Arceus|spa|1\n|-boost|p1a: Arceus|spd|1\n|move|p2a: Dialga|Earth Power|p1a: Arceus\n|-damage|p1a: Arceus|83\/100\n|\n|-end|p2a: Dialga|move: Taunt\n|upkeep\n|turn|12\n|\n|t:|1698522129\n|move|p1a: Arceus|Taunt|p2a: Dialga\n|-start|p2a: Dialga|move: Taunt\n|cant|p2a: Dialga|move: Taunt|Roar\n|\n|upkeep\n|turn|13\n|\n|t:|1698522137\n|switch|p2a: Arceus|Arceus-Poison|100\/100\n|move|p1a: Arceus|Calm Mind|p1a: Arceus\n|-boost|p1a: Arceus|spa|1\n|-boost|p1a: Arceus|spd|1\n|\n|upkeep\n|turn|14\n|\n|t:|1698522142\n|move|p1a: Arceus|Judgment|p2a: Arceus\n|-damage|p2a: Arceus|1\/100\n|move|p2a: Arceus|Taunt|p1a: Arceus\n|-start|p1a: Arceus|move: Taunt\n|\n|upkeep\n|turn|15\n|c|\u2606uubers account|1%\n|c|\u2606uubers account|bruh\n|c|\u2606IcyTheScreamer|litteraly 2 hp\n|\n|t:|1698522162\n|move|p1a: Arceus|Judgment|p2a: Arceus\n|-damage|p2a: Arceus|0 fnt\n|faint|p2a: Arceus\n|\n|upkeep\n|\n|t:|1698522168\n|switch|p2a: Gliscor|Gliscor, M|100\/100\n|turn|16\n|c|\u2606uubers account|hat's what we like to call a damage roll\n|\n|t:|1698522174\n|-terastallize|p2a: Gliscor|Steel\n|move|p1a: Arceus|Judgment|p2a: Gliscor\n|-damage|p2a: Gliscor|0 fnt\n|faint|p2a: Gliscor\n|\n|upkeep\n|c|\u2606uubers account|?\n|\n|t:|1698522180\n|switch|p2a: Blissey|Blissey, F|100\/100\n|turn|17\n|c|\u2606IcyTheScreamer|i thought max spdef gisc would survive for some reason\n|\n|t:|1698522204\n|switch|p1a: Gliscor|Gliscor, F|100\/100\n|-damage|p1a: Gliscor|88\/100|[from] Stealth Rock\n|move|p2a: Blissey|Ice Beam|p1a: Gliscor\n|-supereffective|p1a: Gliscor\n|-damage|p1a: Gliscor|36\/100\n|\n|-status|p1a: Gliscor|tox|[from] item: Toxic Orb\n|upkeep\n|turn|18\n|c|\u2606uubers account|it's +3\n|c|\u2606uubers account|and tera\n|c|\u2606IcyTheScreamer|ikik\n|\n|t:|1698522217\n|move|p1a: Gliscor|Knock Off|p2a: Blissey\n|-damage|p2a: Blissey|82\/100\n|-enditem|p2a: Blissey|Leftovers|[from] move: Knock Off|[of] p1a: Gliscor\n|move|p2a: Blissey|Ice Beam|p1a: Gliscor\n|-supereffective|p1a: Gliscor\n|-damage|p1a: Gliscor|0 fnt\n|faint|p1a: Gliscor\n|\n|upkeep\n|\n|t:|1698522236\n|switch|p1a: Arceus|Arceus-Dark|83\/100\n|-damage|p1a: Arceus|71\/100|[from] Stealth Rock\n|turn|19\n|\n|t:|1698522244\n|switch|p2a: Dialga|Dialga|100\/100 par\n|-ability|p2a: Dialga|Pressure\n|move|p1a: Arceus|Taunt|p2a: Dialga\n|-start|p2a: Dialga|move: Taunt\n|\n|upkeep\n|turn|20\n|\n|t:|1698522247\n|move|p1a: Arceus|Calm Mind|p1a: Arceus\n|-boost|p1a: Arceus|spa|1\n|-boost|p1a: Arceus|spd|1\n|cant|p2a: Dialga|par\n|\n|upkeep\n|turn|21\n|\n|t:|1698522251\n|move|p1a: Arceus|Calm Mind|p1a: Arceus\n|-boost|p1a: Arceus|spa|1\n|-boost|p1a: Arceus|spd|1\n|cant|p2a: Dialga|par\n|\n|-end|p2a: Dialga|move: Taunt\n|upkeep\n|turn|22\n|\n|t:|1698522256\n|move|p1a: Arceus|Taunt|p2a: Dialga\n|-start|p2a: Dialga|move: Taunt\n|cant|p2a: Dialga|move: Taunt|Roar\n|\n|upkeep\n|turn|23\n|\n|t:|1698522269\n|move|p1a: Arceus|Calm Mind|p1a: Arceus\n|-boost|p1a: Arceus|spa|1\n|-boost|p1a: Arceus|spd|1\n|cant|p2a: Dialga|par\n|\n|upkeep\n|turn|24\n|\n|t:|1698522273\n|move|p1a: Arceus|Recover|p1a: Arceus\n|-heal|p1a: Arceus|100\/100\n|move|p2a: Dialga|Earth Power|p1a: Arceus\n|-damage|p1a: Arceus|92\/100\n|\n|-end|p2a: Dialga|move: Taunt\n|upkeep\n|turn|25\n|\n|t:|1698522284\n|move|p1a: Arceus|Taunt|p2a: Dialga\n|-start|p2a: Dialga|move: Taunt\n|move|p2a: Dialga|Earth Power|p1a: Arceus\n|-damage|p1a: Arceus|84\/100\n|\n|upkeep\n|turn|26\n|\n|t:|1698522289\n|move|p1a: Arceus|Calm Mind|p1a: Arceus\n|-boost|p1a: Arceus|spa|1\n|-boost|p1a: Arceus|spd|1\n|move|p2a: Dialga|Earth Power|p1a: Arceus\n|-damage|p1a: Arceus|78\/100\n|\n|upkeep\n|turn|27\n|\n|t:|1698522296\n|move|p1a: Arceus|Calm Mind|p1a: Arceus\n|-boost|p1a: Arceus|spa|1\n|-boost|p1a: Arceus|spd|1\n|move|p2a: Dialga|Earth Power|p1a: Arceus\n|-damage|p1a: Arceus|72\/100\n|\n|-end|p2a: Dialga|move: Taunt\n|upkeep\n|turn|28\n|\n|t:|1698522303\n|move|p1a: Arceus|Judgment|p2a: Dialga\n|-damage|p2a: Dialga|0 fnt\n|faint|p2a: Dialga\n|\n|upkeep\n|c|\u2606IcyTheScreamer|gg\n|-message|IcyTheScreamer forfeited.\n|\n|win|uubers account\n|c|\u2606uubers account|gg\n","uploadtime":1698522320,"views":11,"p1id":"uubersaccount","p2id":"icythescreamer","formatid":"gen9ubers","rating":0,"private":0,"password":""}