{"id":"gen9ubers-1984300849","p1":"BrunoMobBoss","p2":"lehuynhan","format":"[Gen 9] Ubers","log":"|j|\u2606BrunoMobBoss\n|j|\u2606lehuynhan\n|t:|1699240861\n|gametype|singles\n|player|p1|BrunoMobBoss|1|1090\n|player|p2|lehuynhan|266|1116\n|teamsize|p1|6\n|teamsize|p2|6\n|gen|9\n|tier|[Gen 9] Ubers\n|rated|\n|rule|Sleep Clause Mod: Limit one foe put to sleep\n|rule|Species Clause: Limit one of each Pok\u00e9mon\n|rule|OHKO Clause: OHKO moves are banned\n|rule|Evasion Items Clause: Evasion items are banned\n|rule|Evasion Moves Clause: Evasion moves are banned\n|rule|Endless Battle Clause: Forcing endless battles is banned\n|rule|HP Percentage Mod: HP is shown in percentages\n|clearpoke\n|poke|p1|Volcarona, F|\n|poke|p1|Palafin, M|\n|poke|p1|Breloom, F|\n|poke|p1|Cetitan, M|\n|poke|p1|Corviknight, M|\n|poke|p1|Flutter Mane|\n|poke|p2|Ribombee, F|\n|poke|p2|Great Tusk|\n|poke|p2|Crawdaunt, M|\n|poke|p2|Gholdengo|\n|poke|p2|Iron Valiant|\n|poke|p2|Tyranitar, F|\n|teampreview\n|\n|t:|1699240865\n|start\n|switch|p1a: Palafin|Palafin, M|100\/100\n|switch|p2a: Ribombee|Ribombee, F|100\/100\n|turn|1\n|\n|t:|1699240874\n|move|p2a: Ribombee|Stun Spore|p1a: Palafin|[miss]\n|-miss|p2a: Ribombee|p1a: Palafin\n|move|p1a: Palafin|Flip Turn|p2a: Ribombee\n|-damage|p2a: Ribombee|58\/100\n|\n|t:|1699240881\n|detailschange|p1a: Palafin|Palafin-Hero, M\n|switch|p1a: Volcarona|Volcarona, F|100\/100|[from] Flip Turn\n|\n|upkeep\n|turn|2\n|\n|t:|1699240891\n|move|p2a: Ribombee|Sticky Web|p1a: Volcarona\n|-sidestart|p1: BrunoMobBoss|move: Sticky Web\n|move|p1a: Volcarona|Quiver Dance|p1a: Volcarona\n|-boost|p1a: Volcarona|spa|1\n|-boost|p1a: Volcarona|spd|1\n|-boost|p1a: Volcarona|spe|1\n|\n|upkeep\n|turn|3\n|\n|t:|1699240899\n|move|p1a: Volcarona|Fiery Dance|p2a: Ribombee\n|-supereffective|p2a: Ribombee\n|-damage|p2a: Ribombee|0 fnt\n|-boost|p1a: Volcarona|spa|1\n|faint|p2a: Ribombee\n|\n|upkeep\n|\n|t:|1699240901\n|switch|p2a: Crawdaunt|Crawdaunt, M|100\/100\n|turn|4\n|\n|t:|1699240907\n|-terastallize|p1a: Volcarona|Grass\n|-terastallize|p2a: Crawdaunt|Water\n|move|p2a: Crawdaunt|Aqua Jet|p1a: Volcarona\n|-resisted|p1a: Volcarona\n|-damage|p1a: Volcarona|65\/100\n|-status|p2a: Crawdaunt|brn|[from] ability: Flame Body|[of] p1a: Volcarona\n|-damage|p2a: Crawdaunt|90\/100 brn|[from] item: Life Orb\n|move|p1a: Volcarona|Giga Drain|p2a: Crawdaunt\n|-supereffective|p2a: Crawdaunt\n|-damage|p2a: Crawdaunt|0 fnt\n|-heal|p1a: Volcarona|100\/100|[from] drain|[of] p2a: Crawdaunt\n|faint|p2a: Crawdaunt\n|\n|upkeep\n|\n|t:|1699240913\n|switch|p2a: Iron Valiant|Iron Valiant|100\/100\n|-enditem|p2a: Iron Valiant|Booster Energy\n|-activate|p2a: Iron Valiant|ability: Quark Drive|[fromitem]\n|-start|p2a: Iron Valiant|quarkdrivespe\n|turn|5\n|\n|t:|1699240925\n|move|p2a: Iron Valiant|Moonblast|p1a: Volcarona\n|-damage|p1a: Volcarona|69\/100\n|move|p1a: Volcarona|Fiery Dance|p2a: Iron Valiant\n|-damage|p2a: Iron Valiant|0 fnt\n|-boost|p1a: Volcarona|spa|1\n|faint|p2a: Iron Valiant\n|-end|p2a: Iron Valiant|Quark Drive|[silent]\n|\n|upkeep\n|\n|t:|1699240931\n|switch|p2a: c|Tyranitar, F|100\/100\n|-weather|Sandstorm|[from] ability: Sand Stream|[of] p2a: c\n|turn|6\n|\n|t:|1699240936\n|move|p1a: Volcarona|Giga Drain|p2a: c\n|-supereffective|p2a: c\n|-damage|p2a: c|0 fnt\n|-heal|p1a: Volcarona|100\/100|[from] drain|[of] p2a: c\n|faint|p2a: c\n|\n|-weather|Sandstorm|[upkeep]\n|-damage|p1a: Volcarona|94\/100|[from] Sandstorm\n|upkeep\n|\n|t:|1699240939\n|switch|p2a: Great Tusk|Great Tusk|100\/100\n|-enditem|p2a: Great Tusk|Booster Energy\n|-activate|p2a: Great Tusk|ability: Protosynthesis|[fromitem]\n|-start|p2a: Great Tusk|protosynthesisatk\n|turn|7\n|\n|t:|1699240947\n|move|p1a: Volcarona|Giga Drain|p2a: Great Tusk\n|-supereffective|p2a: Great Tusk\n|-crit|p2a: Great Tusk\n|-damage|p2a: Great Tusk|0 fnt\n|-heal|p1a: Volcarona|100\/100|[from] drain|[of] p2a: Great Tusk\n|faint|p2a: Great Tusk\n|-end|p2a: Great Tusk|Protosynthesis|[silent]\n|\n|-weather|Sandstorm|[upkeep]\n|-damage|p1a: Volcarona|94\/100|[from] Sandstorm\n|upkeep\n|-message|lehuynhan forfeited.\n|\n|win|BrunoMobBoss\n|raw|BrunoMobBoss's rating: 1090 &rarr; <strong>1118<\/strong><br \/>(+28 for winning)\n|raw|lehuynhan's rating: 1116 &rarr; <strong>1089<\/strong><br \/>(-27 for losing)\n|l|\u2606lehuynhan\n","uploadtime":1699240957,"views":4,"p1id":"brunomobboss","p2id":"lehuynhan","formatid":"gen9ubers","rating":1089,"private":0,"password":""}