{"id":"gen9ubers-1984295198","p1":"Laprasrules12","p2":"TheSilvySilv","format":"[Gen 9] Ubers","log":"|j|\u2606Laprasrules12\n|j|\u2606TheSilvySilv\n|t:|1699240182\n|gametype|singles\n|player|p1|Laprasrules12|lusamine-nihilego|\n|player|p2|TheSilvySilv|ghetsis|\n|teamsize|p1|6\n|teamsize|p2|6\n|gen|9\n|tier|[Gen 9] Ubers\n|rule|Sleep Clause Mod: Limit one foe put to sleep\n|rule|Species Clause: Limit one of each Pok\u00e9mon\n|rule|OHKO Clause: OHKO moves are banned\n|rule|Evasion Items Clause: Evasion items are banned\n|rule|Evasion Moves Clause: Evasion moves are banned\n|rule|Endless Battle Clause: Forcing endless battles is banned\n|rule|HP Percentage Mod: HP is shown in percentages\n|clearpoke\n|poke|p1|Ninetales-Alola, M|\n|poke|p1|Baxcalibur, F|\n|poke|p1|Magearna-Original|\n|poke|p1|Espathra, M|\n|poke|p1|Chi-Yu|\n|poke|p1|Arceus-Ghost|\n|poke|p2|Rillaboom, M|\n|poke|p2|Sneasler, F|\n|poke|p2|Arceus-Fire|\n|poke|p2|Ursaluna-Bloodmoon, M|\n|poke|p2|Clefable, F|\n|poke|p2|Palafin, F|\n|teampreview\n|inactive|Battle timer is ON: inactive players will automatically lose when time's up. (requested by Laprasrules12)\n|\n|t:|1699240192\n|start\n|switch|p1a: Snowfall|Ninetales-Alola, M, shiny|100\/100\n|switch|p2a: Arceus|Arceus-Fire|100\/100\n|-weather|Snow|[from] ability: Snow Warning|[of] p1a: Snowfall\n|turn|1\n|\n|t:|1699240199\n|move|p2a: Arceus|Judgment|p1a: Snowfall\n|-supereffective|p1a: Snowfall\n|-damage|p1a: Snowfall|0 fnt\n|faint|p1a: Snowfall\n|\n|-weather|Snow|[upkeep]\n|upkeep\n|c|\u2606Laprasrules12|Opp\n|\n|t:|1699240209\n|switch|p1a: Godzilla|Baxcalibur, F, shiny|100\/100\n|turn|2\n|c|\u2606Laprasrules12|Didnt expect max speed fuck\n|j| Leo Justice\n|l| Leo Justice\n|j| Reposti\n|j| Leo Justice\n|inactive|TheSilvySilv has 270 seconds left.\n|c| Leo Justice|Most arc are max speed\n|c| Leo Justice|tbf\n|c|\u2606Laprasrules12|Not really\n|c|\u2606Laprasrules12|Ive seen a lot that arent\n|c| Reposti|Once again A9 being wack\n|inactive|TheSilvySilv has 240 seconds left.\n|c| Reposti|Comeback now Marx\n|c| Leo Justice|I mean it depends\n|c| Reposti|believe!\n|c| Leo Justice|if its THE SET or all of its equivalents\n|\n|t:|1699240285\n|move|p2a: Arceus|Calm Mind|p2a: Arceus\n|-boost|p2a: Arceus|spa|1\n|-boost|p2a: Arceus|spd|1\n|move|p1a: Godzilla|Dragon Dance|p1a: Godzilla\n|-boost|p1a: Godzilla|atk|1\n|-boost|p1a: Godzilla|spe|1\n|\n|-weather|Snow|[upkeep]\n|upkeep\n|turn|3\n|c| Leo Justice|then yes its max speed\n|\n|t:|1699240291\n|-terastallize|p2a: Arceus|Flying\n|move|p1a: Godzilla|Earthquake|p2a: Arceus\n|-immune|p2a: Arceus\n|move|p2a: Arceus|Judgment|p1a: Godzilla\n|-damage|p1a: Godzilla|11\/100\n|-ability|p1a: Godzilla|Thermal Exchange|boost\n|-boost|p1a: Godzilla|atk|1\n|\n|-weather|Snow|[upkeep]\n|upkeep\n|turn|4\n|c|\u2606TheSilvySilv|oh it didn't kill\\\n|c|\u2606TheSilvySilv|damn thats bulky\n|c|\u2606Laprasrules12|Wanna what will kill\n|c|\u2606Laprasrules12|The ape\n|c|\u2606TheSilvySilv|yes\n|inactive|TheSilvySilv has 210 seconds left.\n|\n|t:|1699240328\n|switch|p2a: Clefable|Clefable, F|100\/100\n|move|p1a: Godzilla|Icicle Spear|p2a: Clefable\n|-damage|p2a: Clefable|70\/100\n|-damage|p2a: Clefable|35\/100\n|-crit|p2a: Clefable\n|-damage|p2a: Clefable|0 fnt\n|faint|p2a: Clefable\n|-hitcount|p2: Clefable|3\n|\n|-weather|Snow|[upkeep]\n|upkeep\n|\n|t:|1699240347\n|switch|p2a: Rillaboom|Rillaboom, M|100\/100\n|-fieldstart|move: Grassy Terrain|[from] ability: Grassy Surge|[of] p2a: Rillaboom\n|turn|5\n|\n|t:|1699240351\n|move|p2a: Rillaboom|Grassy Glide|p1a: Godzilla\n|-resisted|p1a: Godzilla\n|-damage|p1a: Godzilla|0 fnt\n|faint|p1a: Godzilla\n|\n|-weather|none\n|upkeep\n|\n|t:|1699240355\n|switch|p1a: Man I'm dead|Arceus-Ghost, shiny|100\/100\n|turn|6\n|c| Leo Justice|oh you're done\n|\n|t:|1699240361\n|switch|p2a: Ursaluna|Ursaluna-Bloodmoon, M|100\/100\n|-enditem|p2a: Ursaluna|Grassy Seed\n|-boost|p2a: Ursaluna|def|1|[from] item: Grassy Seed\n|move|p1a: Man I'm dead|Swords Dance|p1a: Man I'm dead\n|-boost|p1a: Man I'm dead|atk|2\n|\n|upkeep\n|turn|7\n|c| Leo Justice|arc ghost is in\n|c| Leo Justice|Oh?\n|\n|t:|1699240370\n|-terastallize|p1a: Man I'm dead|Normal\n|move|p1a: Man I'm dead|Extreme Speed|p2a: Ursaluna\n|-damage|p2a: Ursaluna|63\/100\n|move|p2a: Ursaluna|Calm Mind|p2a: Ursaluna\n|-boost|p2a: Ursaluna|spa|1\n|-boost|p2a: Ursaluna|spd|1\n|\n|-heal|p2a: Ursaluna|69\/100|[from] Grassy Terrain\n|upkeep\n|turn|8\n|\n|t:|1699240382\n|move|p1a: Man I'm dead|Swords Dance|p1a: Man I'm dead\n|-boost|p1a: Man I'm dead|atk|2\n|move|p2a: Ursaluna|Blood Moon|p1a: Man I'm dead\n|-damage|p1a: Man I'm dead|37\/100\n|\n|-heal|p1a: Man I'm dead|43\/100|[from] Grassy Terrain\n|-heal|p2a: Ursaluna|75\/100|[from] Grassy Terrain\n|upkeep\n|turn|9\n|c|\u2606Laprasrules12|Well fuck\n|\n|t:|1699240388\n|move|p1a: Man I'm dead|Extreme Speed|p2a: Ursaluna\n|-damage|p2a: Ursaluna|19\/100\n|move|p2a: Ursaluna|Moonlight|p2a: Ursaluna\n|-heal|p2a: Ursaluna|69\/100\n|\n|-heal|p1a: Man I'm dead|49\/100|[from] Grassy Terrain\n|-heal|p2a: Ursaluna|75\/100|[from] Grassy Terrain\n|-fieldend|move: Grassy Terrain\n|upkeep\n|turn|10\n|\n|t:|1699240391\n|move|p1a: Man I'm dead|Extreme Speed|p2a: Ursaluna\n|-damage|p2a: Ursaluna|13\/100\n|move|p2a: Ursaluna|Blood Moon|p1a: Man I'm dead\n|-damage|p1a: Man I'm dead|0 fnt\n|faint|p1a: Man I'm dead\n|\n|upkeep\n|\n|t:|1699240394\n|switch|p1a: Goldfish|Chi-Yu|100\/100\n|-ability|p1a: Goldfish|Beads of Ruin\n|turn|11\n|\n|t:|1699240397\n|move|p1a: Goldfish|Flame Charge|p2a: Ursaluna\n|-damage|p2a: Ursaluna|7\/100\n|-boost|p1a: Goldfish|spe|1\n|move|p2a: Ursaluna|Earth Power|p1a: Goldfish\n|-supereffective|p1a: Goldfish\n|-damage|p1a: Goldfish|0 fnt\n|faint|p1a: Goldfish\n|\n|upkeep\n|c|\u2606Laprasrules12|Fml\n|c|\u2606Laprasrules12|That didnt kill\n|\n|t:|1699240406\n|switch|p1a: Pok\u00e9ball|Magearna-Original|100\/100\n|turn|12\n|\n|t:|1699240409\n|move|p1a: Pok\u00e9ball|Fleur Cannon|p2a: Ursaluna\n|-damage|p2a: Ursaluna|0 fnt\n|-unboost|p1a: Pok\u00e9ball|spa|2\n|faint|p2a: Ursaluna\n|-ability|p1a: Pok\u00e9ball|Soul-Heart|boost\n|-boost|p1a: Pok\u00e9ball|spa|1\n|\n|upkeep\n|inactive|TheSilvySilv has 270 seconds left.\n|c| Leo Justice|Chi-yu's attack is like 50\n|\n|t:|1699240422\n|switch|p2a: Palafin|Palafin, F|100\/100\n|turn|13\n|c|\u2606Laprasrules12|So\n|\n|t:|1699240426\n|detailschange|p2a: Palafin|Palafin-Hero, F\n|switch|p2a: Arceus|Arceus-Fire, tera:Flying|100\/100\n|move|p1a: Pok\u00e9ball|Volt Switch|p2a: Arceus\n|-supereffective|p2a: Arceus\n|-damage|p2a: Arceus|80\/100\n|\n|t:|1699240428\n|switch|p1a: Cleopatra|Espathra, M, shiny|100\/100|[from] Volt Switch\n|\n|upkeep\n|turn|14\n|c| Leo Justice|So it doesnt make sense\n|\n|t:|1699240434\n|move|p2a: Arceus|Judgment|p1a: Cleopatra\n|-damage|p1a: Cleopatra|22\/100\n|move|p1a: Cleopatra|Calm Mind|p1a: Cleopatra\n|-boost|p1a: Cleopatra|spa|1\n|-boost|p1a: Cleopatra|spd|1\n|\n|-heal|p1a: Cleopatra|28\/100|[from] item: Leftovers\n|-ability|p1a: Cleopatra|Speed Boost|boost\n|-boost|p1a: Cleopatra|spe|1\n|upkeep\n|turn|15\n|c| Leo Justice|to expect it to kill\n|\n|t:|1699240439\n|switch|p2a: Rillaboom|Rillaboom, M|100\/100\n|-fieldstart|move: Grassy Terrain|[from] ability: Grassy Surge|[of] p2a: Rillaboom\n|move|p1a: Cleopatra|Protect||[still]\n|-fail|p1a: Cleopatra\n|\n|-heal|p1a: Cleopatra|34\/100|[from] Grassy Terrain\n|-heal|p1a: Cleopatra|40\/100|[from] item: Leftovers\n|-ability|p1a: Cleopatra|Speed Boost|boost\n|-boost|p1a: Cleopatra|spe|1\n|upkeep\n|turn|16\n|c|\u2606Laprasrules12|I expected insta calm\n|\n|t:|1699240452\n|move|p1a: Cleopatra|Protect|p1a: Cleopatra\n|-singleturn|p1a: Cleopatra|Protect\n|move|p2a: Rillaboom|Grassy Glide|p1a: Cleopatra\n|-activate|p1a: Cleopatra|move: Protect\n|\n|-heal|p1a: Cleopatra|46\/100|[from] Grassy Terrain\n|-heal|p1a: Cleopatra|52\/100|[from] item: Leftovers\n|-ability|p1a: Cleopatra|Speed Boost|boost\n|-boost|p1a: Cleopatra|spe|1\n|upkeep\n|turn|17\n|\n|t:|1699240454\n|move|p2a: Rillaboom|Grassy Glide|p1a: Cleopatra\n|-damage|p1a: Cleopatra|0 fnt\n|faint|p1a: Cleopatra\n|\n|upkeep\n|\n|t:|1699240457\n|switch|p1a: Pok\u00e9ball|Magearna-Original|100\/100\n|turn|18\n|c| Leo Justice|esp against a +1 Ursaluna\n|-message|Laprasrules12 forfeited.\n|\n|win|TheSilvySilv\n|l|\u2606Laprasrules12\n|c|\u2606TheSilvySilv|gg\n|l| Reposti\n|j| PinkScourge\n|l| PinkScourge\n|j| PinkScourge\n|l| PinkScourge\n|j|\u2606Laprasrules12\n|player|p1|Laprasrules12|lusamine-nihilego\n","uploadtime":1699240918,"views":39,"p1id":"laprasrules12","p2id":"thesilvysilv","formatid":"gen9ubers","rating":0,"private":0,"password":""}