{"id":"gen9ubers-1987920978","p1":"SpaceWiz101","p2":"masterash","format":"[Gen 9] Ubers","log":"|j|\u2606SpaceWiz101\n|j|\u2606masterash\n|t:|1699649317\n|gametype|singles\n|player|p1|SpaceWiz101|steven|1008\n|player|p2|masterash|hilbert|1091\n|teamsize|p1|6\n|teamsize|p2|6\n|gen|9\n|tier|[Gen 9] Ubers\n|rated|\n|rule|Sleep Clause Mod: Limit one foe put to sleep\n|rule|Species Clause: Limit one of each Pok\u00e9mon\n|rule|OHKO Clause: OHKO moves are banned\n|rule|Evasion Items Clause: Evasion items are banned\n|rule|Evasion Moves Clause: Evasion moves are banned\n|rule|Endless Battle Clause: Forcing endless battles is banned\n|rule|HP Percentage Mod: HP is shown in percentages\n|clearpoke\n|poke|p1|Ting-Lu|\n|poke|p1|Eternatus|\n|poke|p1|Ribombee, F|\n|poke|p1|Calyrex-Ice|\n|poke|p1|Blissey, F|\n|poke|p1|Gliscor, F|\n|poke|p2|Meowscarada, M|\n|poke|p2|Tinkaton, F|\n|poke|p2|Annihilape, M|\n|poke|p2|Scream Tail|\n|poke|p2|Iron Moth|\n|poke|p2|Palafin, F|\n|teampreview\n|\n|t:|1699649327\n|start\n|switch|p1a: Ribombee|Ribombee, F|100\/100\n|switch|p2a: Hammah|Tinkaton, F|100\/100\n|turn|1\n|\n|t:|1699649333\n|move|p1a: Ribombee|Sticky Web|p2a: Hammah\n|-sidestart|p2: masterash|move: Sticky Web\n|move|p2a: Hammah|Gigaton Hammer|p1a: Ribombee\n|-supereffective|p1a: Ribombee\n|-enditem|p1a: Ribombee|Focus Sash\n|-damage|p1a: Ribombee|1\/100\n|\n|upkeep\n|turn|2\n|\n|t:|1699649348\n|move|p1a: Ribombee|Stun Spore|p2a: Hammah|[miss]\n|-miss|p1a: Ribombee|p2a: Hammah\n|move|p2a: Hammah|Knock Off|p1a: Ribombee\n|-resisted|p1a: Ribombee\n|-damage|p1a: Ribombee|0 fnt\n|faint|p1a: Ribombee\n|\n|upkeep\n|\n|t:|1699649360\n|switch|p1a: Eternatus|Eternatus|100\/100\n|-ability|p1a: Eternatus|Pressure\n|turn|3\n|\n|t:|1699649373\n|move|p1a: Eternatus|Dynamax Cannon|p2a: Hammah\n|-immune|p2a: Hammah\n|move|p2a: Hammah|Knock Off|p1a: Eternatus\n|-damage|p1a: Eternatus|85\/100\n|-enditem|p1a: Eternatus|Leftovers|[from] move: Knock Off|[of] p2a: Hammah\n|\n|upkeep\n|turn|4\n|\n|t:|1699649383\n|switch|p1a: Ting-Lu|Ting-Lu|100\/100\n|-ability|p1a: Ting-Lu|Vessel of Ruin\n|move|p2a: Hammah|Encore||[still]\n|-fail|p2a: Hammah\n|\n|upkeep\n|turn|5\n|\n|t:|1699649391\n|move|p2a: Hammah|Knock Off|p1a: Ting-Lu\n|-resisted|p1a: Ting-Lu\n|-damage|p1a: Ting-Lu|97\/100\n|-enditem|p1a: Ting-Lu|Leftovers|[from] move: Knock Off|[of] p2a: Hammah\n|move|p1a: Ting-Lu|Spikes|p2a: Hammah\n|-sidestart|p2: masterash|Spikes\n|\n|upkeep\n|turn|6\n|\n|t:|1699649399\n|switch|p2a: Rocky|Annihilape, M|100\/100\n|-activate|p2a: Rocky|move: Sticky Web\n|-unboost|p2a: Rocky|spe|1\n|-ability|p2a: Rocky|Defiant|boost\n|-boost|p2a: Rocky|atk|2\n|-damage|p2a: Rocky|88\/100|[from] Spikes\n|move|p1a: Ting-Lu|Whirlwind|p2a: Rocky\n|drag|p2a: Mr. Bright|Iron Moth|100\/100\n|-activate|p2a: Mr. Bright|move: Sticky Web\n|-unboost|p2a: Mr. Bright|spe|1\n|-damage|p2a: Mr. Bright|88\/100|[from] Spikes\n|-enditem|p2a: Mr. Bright|Booster Energy\n|-activate|p2a: Mr. Bright|ability: Quark Drive|[fromitem]\n|-start|p2a: Mr. Bright|quarkdrivespa\n|\n|upkeep\n|turn|7\n|\n|t:|1699649415\n|move|p2a: Mr. Bright|Energy Ball|p1a: Ting-Lu\n|-supereffective|p1a: Ting-Lu\n|-damage|p1a: Ting-Lu|44\/100\n|move|p1a: Ting-Lu|Earthquake|p2a: Mr. Bright\n|-supereffective|p2a: Mr. Bright\n|-damage|p2a: Mr. Bright|0 fnt\n|faint|p2a: Mr. Bright\n|-end|p2a: Mr. Bright|Quark Drive|[silent]\n|\n|upkeep\n|\n|t:|1699649422\n|switch|p2a: Marvel|Palafin, F|100\/100\n|-activate|p2a: Marvel|move: Sticky Web\n|-unboost|p2a: Marvel|spe|1\n|-damage|p2a: Marvel|88\/100|[from] Spikes\n|turn|8\n|\n|t:|1699649428\n|move|p2a: Marvel|Flip Turn|p1a: Ting-Lu\n|-supereffective|p1a: Ting-Lu\n|-damage|p1a: Ting-Lu|16\/100\n|\n|t:|1699649432\n|detailschange|p2a: Marvel|Palafin-Hero, F\n|switch|p2a: Screamo|Scream Tail|100\/100|[from] Flip Turn\n|-activate|p2a: Screamo|move: Sticky Web\n|-unboost|p2a: Screamo|spe|1\n|-damage|p2a: Screamo|88\/100|[from] Spikes\n|move|p1a: Ting-Lu|Whirlwind|p2a: Screamo\n|-end|p2a: Screamo|Protosynthesis|[silent]\n|drag|p2a: Rocky|Annihilape, M|88\/100\n|-activate|p2a: Rocky|move: Sticky Web\n|-unboost|p2a: Rocky|spe|1\n|-ability|p2a: Rocky|Defiant|boost\n|-boost|p2a: Rocky|atk|2\n|-damage|p2a: Rocky|76\/100|[from] Spikes\n|\n|-heal|p2a: Rocky|82\/100|[from] item: Leftovers\n|upkeep\n|turn|9\n|\n|t:|1699649450\n|move|p2a: Rocky|Drain Punch|p1a: Ting-Lu\n|-supereffective|p1a: Ting-Lu\n|-damage|p1a: Ting-Lu|0 fnt\n|-heal|p2a: Rocky|92\/100|[from] drain|[of] p1a: Ting-Lu\n|faint|p1a: Ting-Lu\n|\n|-heal|p2a: Rocky|98\/100|[from] item: Leftovers\n|upkeep\n|\n|t:|1699649459\n|switch|p1a: Eternatus|Eternatus|85\/100\n|-ability|p1a: Eternatus|Pressure\n|turn|10\n|\n|t:|1699649471\n|-terastallize|p2a: Rocky|Fairy\n|move|p1a: Eternatus|Dynamax Cannon|p2a: Rocky\n|-immune|p2a: Rocky\n|move|p2a: Rocky|Taunt|p1a: Eternatus\n|-start|p1a: Eternatus|move: Taunt\n|\n|-heal|p2a: Rocky|100\/100|[from] item: Leftovers\n|upkeep\n|turn|11\n|\n|t:|1699649481\n|switch|p1a: Gliscor|Gliscor, F, shiny|100\/100\n|move|p2a: Rocky|Bulk Up|p2a: Rocky\n|-boost|p2a: Rocky|atk|1\n|-boost|p2a: Rocky|def|1\n|\n|-status|p1a: Gliscor|tox|[from] item: Toxic Orb\n|upkeep\n|turn|12\n|\n|t:|1699649489\n|move|p1a: Gliscor|Facade|p2a: Rocky\n|-damage|p2a: Rocky|75\/100\n|move|p2a: Rocky|Taunt|p1a: Gliscor\n|-start|p1a: Gliscor|move: Taunt\n|\n|-heal|p2a: Rocky|81\/100|[from] item: Leftovers\n|upkeep\n|turn|13\n|\n|t:|1699649498\n|move|p1a: Gliscor|Facade|p2a: Rocky\n|-damage|p2a: Rocky|57\/100\n|move|p2a: Rocky|Rage Fist|p1a: Gliscor\n|-damage|p1a: Gliscor|0 fnt\n|faint|p1a: Gliscor\n|\n|-heal|p2a: Rocky|63\/100|[from] item: Leftovers\n|upkeep\n|\n|t:|1699649509\n|switch|p1a: Calyrex|Calyrex-Ice|100\/100\n|-ability|p1a: Calyrex|As One\n|-ability|p1a: Calyrex|Unnerve\n|turn|14\n|\n|t:|1699649528\n|move|p1a: Calyrex|Glacial Lance|p2a: Rocky\n|-damage|p2a: Rocky|9\/100\n|move|p2a: Rocky|Drain Punch|p1a: Calyrex\n|-damage|p1a: Calyrex|52\/100\n|-heal|p2a: Rocky|29\/100|[from] drain|[of] p1a: Calyrex\n|\n|-heal|p2a: Rocky|35\/100|[from] item: Leftovers\n|upkeep\n|turn|15\n|\n|t:|1699649538\n|move|p1a: Calyrex|Glacial Lance|p2a: Rocky\n|-damage|p2a: Rocky|0 fnt\n|faint|p2a: Rocky\n|-ability|p1a: Calyrex|Chilling Neigh|boost\n|-boost|p1a: Calyrex|atk|1\n|\n|upkeep\n|\n|t:|1699649551\n|switch|p2a: Marvel|Palafin-Hero, F|88\/100\n|-activate|p2a: Marvel|move: Sticky Web\n|-unboost|p2a: Marvel|spe|1\n|-damage|p2a: Marvel|76\/100|[from] Spikes\n|-activate|p2a: Marvel|ability: Zero to Hero\n|turn|16\n|\n|t:|1699649563\n|move|p2a: Marvel|Close Combat|p1a: Calyrex\n|-damage|p1a: Calyrex|1\/100\n|-unboost|p2a: Marvel|def|1\n|-unboost|p2a: Marvel|spd|1\n|move|p1a: Calyrex|Close Combat|p2a: Marvel\n|-damage|p2a: Marvel|0 fnt\n|-unboost|p1a: Calyrex|def|1\n|-unboost|p1a: Calyrex|spd|1\n|faint|p2a: Marvel\n|-ability|p1a: Calyrex|Chilling Neigh|boost\n|-boost|p1a: Calyrex|atk|1\n|\n|upkeep\n|\n|t:|1699649576\n|switch|p2a: Screamo|Scream Tail|88\/100\n|-activate|p2a: Screamo|move: Sticky Web\n|-unboost|p2a: Screamo|spe|1\n|-damage|p2a: Screamo|76\/100|[from] Spikes\n|turn|17\n|\n|t:|1699649584\n|move|p1a: Calyrex|Close Combat|p2a: Screamo\n|-resisted|p2a: Screamo\n|-damage|p2a: Screamo|60\/100\n|-unboost|p1a: Calyrex|def|1\n|-unboost|p1a: Calyrex|spd|1\n|-damage|p1a: Calyrex|0 fnt|[from] item: Rocky Helmet|[of] p2a: Screamo\n|faint|p1a: Calyrex\n|move|p2a: Screamo|Stealth Rock|p1: Calyrex\n|-sidestart|p1: SpaceWiz101|move: Stealth Rock\n|\n|upkeep\n|\n|t:|1699649594\n|switch|p1a: Eternatus|Eternatus|85\/100\n|-damage|p1a: Eternatus|72\/100|[from] Stealth Rock\n|-ability|p1a: Eternatus|Pressure\n|turn|18\n|\n|t:|1699649600\n|move|p1a: Eternatus|Dynamax Cannon|p2a: Screamo\n|-immune|p2a: Screamo\n|move|p2a: Screamo|Wish|p2a: Screamo\n|\n|upkeep\n|turn|19\n|\n|t:|1699649607\n|move|p2a: Screamo|Protect|p2a: Screamo\n|-singleturn|p2a: Screamo|Protect\n|move|p1a: Eternatus|Toxic|p2a: Screamo\n|-activate|p2a: Screamo|move: Protect\n|\n|-heal|p2a: Screamo|100\/100|[from] move: Wish|[wisher] Screamo\n|upkeep\n|turn|20\n|\n|t:|1699649615\n|move|p1a: Eternatus|Toxic|p2a: Screamo\n|-status|p2a: Screamo|tox\n|move|p2a: Screamo|Dazzling Gleam|p1a: Eternatus\n|-damage|p1a: Eternatus|59\/100\n|\n|-damage|p2a: Screamo|94\/100 tox|[from] psn\n|upkeep\n|turn|21\n|\n|t:|1699649622\n|move|p1a: Eternatus|Recover|p1a: Eternatus\n|-heal|p1a: Eternatus|100\/100\n|move|p2a: Screamo|Wish|p2a: Screamo\n|\n|-damage|p2a: Screamo|82\/100 tox|[from] psn\n|upkeep\n|turn|22\n|\n|t:|1699649628\n|switch|p1a: Blissey|Blissey, F|100\/100\n|-damage|p1a: Blissey|88\/100|[from] Stealth Rock\n|-end|p2a: Screamo|Protosynthesis|[silent]\n|switch|p2a: Hammah|Tinkaton, F|100\/100\n|-activate|p2a: Hammah|move: Sticky Web\n|-unboost|p2a: Hammah|spe|1\n|-damage|p2a: Hammah|88\/100|[from] Spikes\n|\n|-heal|p2a: Hammah|100\/100|[from] move: Wish|[wisher] Screamo\n|-heal|p1a: Blissey|94\/100|[from] item: Leftovers\n|upkeep\n|turn|23\n|\n|t:|1699649640\n|move|p2a: Hammah|Swords Dance|p2a: Hammah\n|-boost|p2a: Hammah|atk|2\n|move|p1a: Blissey|Seismic Toss|p2a: Hammah\n|-damage|p2a: Hammah|74\/100\n|\n|-heal|p2a: Hammah|80\/100|[from] item: Leftovers\n|-heal|p1a: Blissey|99\/100|[from] item: Leftovers\n|upkeep\n|turn|24\n|-message|SpaceWiz101 forfeited.\n|\n|win|masterash\n|raw|SpaceWiz101's rating: 1008 &rarr; <strong>1000<\/strong><br \/>(-8 for losing)\n|raw|masterash's rating: 1091 &rarr; <strong>1111<\/strong><br \/>(+20 for winning)\n|l|\u2606SpaceWiz101\n|c|\u2606masterash|GG\n","uploadtime":1699649659,"views":11,"p1id":"spacewiz101","p2id":"masterash","formatid":"gen9ubers","rating":1000,"private":0,"password":""}