{"id":"gen9ubers-1990739303","p1":"IcyTheScreamer","p2":"1P1o1s1h1e1","format":"[Gen 9] Ubers","log":"|j|\u2606IcyTheScreamer\n|j|\u26061P1o1s1h1e1\n|t:|1699996322\n|gametype|singles\n|player|p1|IcyTheScreamer|ingo|\n|player|p2|1P1o1s1h1e1|169|\n|teamsize|p1|6\n|teamsize|p2|6\n|gen|9\n|tier|[Gen 9] Ubers\n|rule|Sleep Clause Mod: Limit one foe put to sleep\n|rule|Species Clause: Limit one of each Pok\u00e9mon\n|rule|OHKO Clause: OHKO moves are banned\n|rule|Evasion Items Clause: Evasion items are banned\n|rule|Evasion Moves Clause: Evasion moves are banned\n|rule|Endless Battle Clause: Forcing endless battles is banned\n|rule|HP Percentage Mod: HP is shown in percentages\n|clearpoke\n|poke|p1|Ninetales-Alola, M|\n|poke|p1|Arceus-Ice|\n|poke|p1|Baxcalibur, F|\n|poke|p1|Espathra, M|\n|poke|p1|Palafin, F|\n|poke|p1|Zacian-*|\n|poke|p2|Slowking-Galar, F|\n|poke|p2|Blissey, F|\n|poke|p2|Cyclizar, F|\n|poke|p2|Quagsire, F|\n|poke|p2|Gholdengo|\n|poke|p2|Tyranitar, F|\n|teampreview\n|\n|t:|1699996337\n|start\n|switch|p1a: Ninetales|Ninetales-Alola, M|100\/100\n|switch|p2a: Slowking|Slowking-Galar, F|100\/100\n|-weather|Snow|[from] ability: Snow Warning|[of] p1a: Ninetales\n|turn|1\n|\n|t:|1699996346\n|move|p1a: Ninetales|Aurora Veil|p1a: Ninetales\n|-sidestart|p1: IcyTheScreamer|move: Aurora Veil\n|move|p2a: Slowking|Toxic Spikes|p1a: Ninetales\n|-sidestart|p1: IcyTheScreamer|move: Toxic Spikes\n|\n|-weather|Snow|[upkeep]\n|upkeep\n|turn|2\n|\n|t:|1699996363\n|switch|p1a: Baxcalibur|Baxcalibur, F|100\/100\n|-status|p1a: Baxcalibur|psn\n|move|p2a: Slowking|Toxic Spikes|p1a: Baxcalibur\n|-sidestart|p1: IcyTheScreamer|move: Toxic Spikes\n|\n|-weather|Snow|[upkeep]\n|-damage|p1a: Baxcalibur|88\/100 psn|[from] psn\n|upkeep\n|turn|3\n|\n|t:|1699996371\n|switch|p2a: Quagsire|Quagsire, F|100\/100\n|move|p1a: Baxcalibur|Substitute|p1a: Baxcalibur\n|-start|p1a: Baxcalibur|Substitute\n|-damage|p1a: Baxcalibur|63\/100 psn\n|\n|-weather|Snow|[upkeep]\n|-damage|p1a: Baxcalibur|51\/100 psn|[from] psn\n|upkeep\n|turn|4\n|\n|t:|1699996378\n|move|p1a: Baxcalibur|Icicle Spear|p2a: Quagsire\n|-damage|p2a: Quagsire|90\/100\n|-damage|p2a: Quagsire|80\/100\n|-damage|p2a: Quagsire|70\/100\n|-damage|p2a: Quagsire|59\/100\n|-hitcount|p2a: Quagsire|4\n|move|p2a: Quagsire|Spikes|p1a: Baxcalibur\n|-sidestart|p1: IcyTheScreamer|Spikes\n|\n|-weather|Snow|[upkeep]\n|-damage|p1a: Baxcalibur|39\/100 psn|[from] psn\n|upkeep\n|turn|5\n|\n|t:|1699996392\n|switch|p2a: Gholdengo|Gholdengo|100\/100\n|move|p1a: Baxcalibur|Scale Shot|p2a: Gholdengo\n|-resisted|p2a: Gholdengo\n|-damage|p2a: Gholdengo|94\/100\n|-resisted|p2a: Gholdengo\n|-damage|p2a: Gholdengo|88\/100\n|-resisted|p2a: Gholdengo\n|-damage|p2a: Gholdengo|81\/100\n|-resisted|p2a: Gholdengo\n|-damage|p2a: Gholdengo|75\/100\n|-hitcount|p2a: Gholdengo|4\n|-unboost|p1a: Baxcalibur|def|1\n|-boost|p1a: Baxcalibur|spe|1\n|\n|-weather|none\n|-heal|p2a: Gholdengo|81\/100|[from] item: Leftovers\n|-damage|p1a: Baxcalibur|26\/100 psn|[from] psn\n|upkeep\n|turn|6\n|\n|t:|1699996407\n|switch|p2a: Quagsire|Quagsire, F|59\/100\n|move|p1a: Baxcalibur|Swords Dance|p1a: Baxcalibur\n|-boost|p1a: Baxcalibur|atk|2\n|\n|-damage|p1a: Baxcalibur|14\/100 psn|[from] psn\n|upkeep\n|turn|7\n|\n|t:|1699996414\n|move|p1a: Baxcalibur|Icicle Spear|p2a: Quagsire\n|-damage|p2a: Quagsire|49\/100\n|-damage|p2a: Quagsire|38\/100\n|-damage|p2a: Quagsire|28\/100\n|-damage|p2a: Quagsire|18\/100\n|-hitcount|p2a: Quagsire|4\n|move|p2a: Quagsire|Recover|p2a: Quagsire\n|-heal|p2a: Quagsire|68\/100\n|\n|-damage|p1a: Baxcalibur|1\/100 psn|[from] psn\n|upkeep\n|turn|8\n|\n|t:|1699996447\n|move|p1a: Baxcalibur|Scale Shot|p2a: Quagsire\n|-damage|p2a: Quagsire|58\/100\n|-damage|p2a: Quagsire|48\/100\n|-damage|p2a: Quagsire|38\/100\n|-damage|p2a: Quagsire|29\/100\n|-damage|p2a: Quagsire|18\/100\n|-hitcount|p2a: Quagsire|5\n|-unboost|p1a: Baxcalibur|def|1\n|-boost|p1a: Baxcalibur|spe|1\n|move|p2a: Quagsire|Recover|p2a: Quagsire\n|-heal|p2a: Quagsire|68\/100\n|\n|-damage|p1a: Baxcalibur|0 fnt|[from] psn\n|faint|p1a: Baxcalibur\n|-sideend|p1: IcyTheScreamer|move: Aurora Veil\n|upkeep\n|c|\u2606IcyTheScreamer|i kinda forgot to make this team good, mind a rematch?\n|c|\u26061P1o1s1h1e1|play it out pls\n|c|\u2606IcyTheScreamer|alright\n|c|\u26061P1o1s1h1e1|good for sample sub\n|c|\u2606IcyTheScreamer|yeah but its like a bad team your fighing against\n|\n|t:|1699996502\n|switch|p1a: Ninetales|Ninetales-Alola, M|100\/100\n|-status|p1a: Ninetales|tox\n|-damage|p1a: Ninetales|88\/100 tox|[from] Spikes\n|-weather|Snow|[from] ability: Snow Warning|[of] p1a: Ninetales\n|turn|9\n|c|\u26061P1o1s1h1e1|only thing its really missing is hazard removal\n|\n|t:|1699996519\n|switch|p2a: Tyranitar|Tyranitar, F|100\/100\n|-weather|Sandstorm|[from] ability: Sand Stream|[of] p2a: Tyranitar\n|move|p1a: Ninetales|Encore||[still]\n|-fail|p1a: Ninetales\n|\n|-weather|Sandstorm|[upkeep]\n|-damage|p1a: Ninetales|82\/100 tox|[from] Sandstorm\n|-damage|p1a: Ninetales|76\/100 tox|[from] psn\n|upkeep\n|turn|10\n|c|\u2606IcyTheScreamer|yeah im still workshoping this one\n|\n|t:|1699996528\n|move|p1a: Ninetales|Moonblast|p2a: Tyranitar\n|-supereffective|p2a: Tyranitar\n|-damage|p2a: Tyranitar|78\/100\n|move|p2a: Tyranitar|Stealth Rock|p1a: Ninetales\n|-sidestart|p1: IcyTheScreamer|move: Stealth Rock\n|\n|-weather|Sandstorm|[upkeep]\n|-damage|p1a: Ninetales|70\/100 tox|[from] Sandstorm\n|-heal|p2a: Tyranitar|84\/100|[from] item: Leftovers\n|-damage|p1a: Ninetales|58\/100 tox|[from] psn\n|upkeep\n|turn|11\n|\n|t:|1699996539\n|move|p1a: Ninetales|Encore|p2a: Tyranitar\n|-start|p2a: Tyranitar|Encore\n|move|p2a: Tyranitar|Stealth Rock||[still]\n|-fail|p2a: Tyranitar\n|\n|-weather|Sandstorm|[upkeep]\n|-damage|p1a: Ninetales|52\/100 tox|[from] Sandstorm\n|-heal|p2a: Tyranitar|91\/100|[from] item: Leftovers\n|-damage|p1a: Ninetales|34\/100 tox|[from] psn\n|upkeep\n|turn|12\n|\n|t:|1699996563\n|switch|p1a: Espathra|Espathra, M|100\/100\n|-status|p1a: Espathra|tox\n|-damage|p1a: Espathra|88\/100 tox|[from] Spikes\n|-damage|p1a: Espathra|76\/100 tox|[from] Stealth Rock\n|switch|p2a: Gholdengo|Gholdengo|81\/100\n|\n|-weather|Sandstorm|[upkeep]\n|-damage|p1a: Espathra|70\/100 tox|[from] Sandstorm\n|-heal|p1a: Espathra|76\/100 tox|[from] item: Leftovers\n|-heal|p2a: Gholdengo|87\/100|[from] item: Leftovers\n|-damage|p1a: Espathra|70\/100 tox|[from] psn\n|upkeep\n|turn|13\n|\n|t:|1699996576\n|move|p1a: Espathra|Protect|p1a: Espathra\n|-singleturn|p1a: Espathra|Protect\n|move|p2a: Gholdengo|Nasty Plot|p2a: Gholdengo\n|-boost|p2a: Gholdengo|spa|2\n|\n|-weather|none\n|-heal|p1a: Espathra|76\/100 tox|[from] item: Leftovers\n|-heal|p2a: Gholdengo|93\/100|[from] item: Leftovers\n|-damage|p1a: Espathra|64\/100 tox|[from] psn\n|-ability|p1a: Espathra|Speed Boost|boost\n|-boost|p1a: Espathra|spe|1\n|upkeep\n|turn|14\n|\n|t:|1699996587\n|move|p1a: Espathra|Stored Power|p2a: Gholdengo\n|-resisted|p2a: Gholdengo\n|-damage|p2a: Gholdengo|87\/100\n|move|p2a: Gholdengo|Shadow Ball|p1a: Espathra\n|-supereffective|p1a: Espathra\n|-crit|p1a: Espathra\n|-damage|p1a: Espathra|0 fnt\n|faint|p1a: Espathra\n|\n|-heal|p2a: Gholdengo|93\/100|[from] item: Leftovers\n|upkeep\n|\n|t:|1699996597\n|switch|p1a: Ninetales|Ninetales-Alola, M|34\/100 tox\n|-damage|p1a: Ninetales|22\/100 tox|[from] Spikes\n|-damage|p1a: Ninetales|0 fnt|[from] Stealth Rock\n|faint|p1a: Ninetales\n|\n|t:|1699996599\n|switch|p1a: Palafin|Palafin, F|100\/100\n|-status|p1a: Palafin|tox\n|-damage|p1a: Palafin|88\/100 tox|[from] Spikes\n|-damage|p1a: Palafin|76\/100 tox|[from] Stealth Rock\n|turn|15\n|\n|t:|1699996608\n|detailschange|p1a: Palafin|Palafin-Hero, F\n|switch|p1a: Arceus|Arceus-Ice|100\/100\n|-status|p1a: Arceus|tox\n|-damage|p1a: Arceus|88\/100 tox|[from] Spikes\n|-damage|p1a: Arceus|63\/100 tox|[from] Stealth Rock\n|move|p2a: Gholdengo|Shadow Ball|p1a: Arceus\n|-damage|p1a: Arceus|10\/100 tox\n|\n|-heal|p2a: Gholdengo|99\/100|[from] item: Leftovers\n|-damage|p1a: Arceus|4\/100 tox|[from] psn\n|upkeep\n|turn|16\n|\n|t:|1699996632\n|move|p1a: Arceus|Earth Power|p2a: Gholdengo\n|-supereffective|p2a: Gholdengo\n|-damage|p2a: Gholdengo|58\/100\n|move|p2a: Gholdengo|Shadow Ball|p1a: Arceus\n|-damage|p1a: Arceus|0 fnt\n|faint|p1a: Arceus\n|\n|-heal|p2a: Gholdengo|64\/100|[from] item: Leftovers\n|upkeep\n|\n|t:|1699996637\n|switch|p1a: Palafin|Palafin-Hero, F|76\/100 tox\n|-damage|p1a: Palafin|64\/100 tox|[from] Spikes\n|-damage|p1a: Palafin|51\/100 tox|[from] Stealth Rock\n|-activate|p1a: Palafin|ability: Zero to Hero\n|turn|17\n|\n|t:|1699996651\n|switch|p2a: Slowking|Slowking-Galar, F|100\/100\n|-terastallize|p1a: Palafin|Water\n|move|p1a: Palafin|Jet Punch|p2a: Slowking\n|-crit|p2a: Slowking\n|-damage|p2a: Slowking|19\/100\n|-damage|p1a: Palafin|35\/100 tox|[from] item: Rocky Helmet|[of] p2a: Slowking\n|\n|-damage|p1a: Palafin|29\/100 tox|[from] psn\n|upkeep\n|turn|18\n|\n|t:|1699996671\n|switch|p2a: Blissey|Blissey, F|100\/100\n|move|p1a: Palafin|Jet Punch|p2a: Blissey\n|-damage|p2a: Blissey|21\/100\n|\n|-damage|p1a: Palafin|16\/100 tox|[from] psn\n|upkeep\n|turn|19\n|\n|t:|1699996684\n|move|p1a: Palafin|Jet Punch|p2a: Blissey\n|-damage|p2a: Blissey|0 fnt\n|faint|p2a: Blissey\n|\n|-damage|p1a: Palafin|0 fnt|[from] psn\n|faint|p1a: Palafin\n|upkeep\n|\n|t:|1699996691\n|switch|p1a: Zacian|Zacian|100\/100\n|switch|p2a: Quagsire|Quagsire, F|68\/100\n|-status|p1a: Zacian|tox\n|-damage|p1a: Zacian|88\/100 tox|[from] Spikes\n|-damage|p1a: Zacian|76\/100 tox|[from] Stealth Rock\n|-ability|p1a: Zacian|Intrepid Sword|boost\n|-boost|p1a: Zacian|atk|1\n|turn|20\n|\n|t:|1699996700\n|move|p1a: Zacian|Play Rough|p2a: Quagsire\n|-damage|p2a: Quagsire|29\/100\n|-damage|p1a: Zacian|66\/100 tox|[from] item: Life Orb\n|move|p2a: Quagsire|Earthquake|p1a: Zacian\n|-damage|p1a: Zacian|36\/100 tox\n|\n|-damage|p1a: Zacian|30\/100 tox|[from] psn\n|upkeep\n|turn|21\n|\n|t:|1699996708\n|switch|p2a: Slowking|Slowking-Galar, F|52\/100\n|move|p1a: Zacian|Play Rough|p2a: Slowking|[miss]\n|-miss|p1a: Zacian|p2a: Slowking\n|\n|-damage|p1a: Zacian|18\/100 tox|[from] psn\n|upkeep\n|turn|22\n|\n|t:|1699996715\n|switch|p2a: Gholdengo|Gholdengo|64\/100\n|move|p1a: Zacian|Crunch|p2a: Gholdengo\n|-supereffective|p2a: Gholdengo\n|-damage|p2a: Gholdengo|0 fnt\n|faint|p2a: Gholdengo\n|-damage|p1a: Zacian|8\/100 tox|[from] item: Life Orb\n|\n|-damage|p1a: Zacian|0 fnt|[from] psn\n|faint|p1a: Zacian\n|\n|win|1P1o1s1h1e1\n|upkeep\n|c|\u2606IcyTheScreamer|gg\n|c|\u26061P1o1s1h1e1|gg\n","uploadtime":1699996726,"views":14,"p1id":"icythescreamer","p2id":"1p1o1s1h1e1","formatid":"gen9ubers","rating":0,"private":0,"password":""}