{"id":"gen9ubers-1995878256","p1":"BrunoMobBoss","p2":"Lightningboy4219","format":"[Gen 9] Ubers","log":"|j|\u2606BrunoMobBoss\n|j|\u2606Lightningboy4219\n|t:|1700612694\n|gametype|singles\n|player|p1|BrunoMobBoss|102|1140\n|player|p2|Lightningboy4219|1|1288\n|teamsize|p1|6\n|teamsize|p2|6\n|gen|9\n|tier|[Gen 9] Ubers\n|rated|\n|rule|Sleep Clause Mod: Limit one foe put to sleep\n|rule|Species Clause: Limit one of each Pok\u00e9mon\n|rule|OHKO Clause: OHKO moves are banned\n|rule|Evasion Items Clause: Evasion items are banned\n|rule|Evasion Moves Clause: Evasion moves are banned\n|rule|Endless Battle Clause: Forcing endless battles is banned\n|rule|HP Percentage Mod: HP is shown in percentages\n|clearpoke\n|poke|p1|Volcarona, F|\n|poke|p1|Palafin, F|\n|poke|p1|Breloom, M|\n|poke|p1|Flutter Mane|\n|poke|p1|Baxcalibur, F|\n|poke|p1|Corviknight, F|\n|poke|p2|Zacian-*|\n|poke|p2|Calyrex-Ice|\n|poke|p2|Miraidon|\n|poke|p2|Ogerpon-Hearthflame, F|\n|poke|p2|Kyogre|\n|poke|p2|Regieleki|\n|teampreview\n|l|\u2606Lightningboy4219\n|player|p2|\n|j|\u2606Lightningboy4219\n|player|p2|Lightningboy4219|1\n|\n|t:|1700612824\n|start\n|switch|p1a: Palafin|Palafin, F|100\/100\n|switch|p2a: Kyogre|Kyogre, shiny|100\/100\n|-weather|RainDance|[from] ability: Drizzle|[of] p2a: Kyogre\n|turn|1\n|\n|t:|1700612834\n|-terastallize|p2a: Kyogre|Water\n|move|p2a: Kyogre|Water Spout|p1a: Palafin\n|-resisted|p1a: Palafin\n|-damage|p1a: Palafin|0 fnt\n|faint|p1a: Palafin\n|\n|-weather|RainDance|[upkeep]\n|upkeep\n|\n|t:|1700612841\n|switch|p1a: Volcarona|Volcarona, F|100\/100\n|turn|2\n|\n|t:|1700612845\n|-terastallize|p1a: Volcarona|Grass\n|move|p2a: Kyogre|Water Spout|p1a: Volcarona\n|-resisted|p1a: Volcarona\n|-damage|p1a: Volcarona|12\/100\n|move|p1a: Volcarona|Quiver Dance|p1a: Volcarona\n|-boost|p1a: Volcarona|spa|1\n|-boost|p1a: Volcarona|spd|1\n|-boost|p1a: Volcarona|spe|1\n|\n|-weather|RainDance|[upkeep]\n|upkeep\n|turn|3\n|\n|t:|1700612857\n|switch|p2a: Calyrex|Calyrex-Ice|100\/100\n|-ability|p2a: Calyrex|As One\n|-ability|p2a: Calyrex|Unnerve\n|move|p1a: Volcarona|Giga Drain|p2a: Calyrex\n|-damage|p2a: Calyrex|47\/100\n|-heal|p1a: Volcarona|42\/100|[from] drain|[of] p2a: Calyrex\n|\n|-weather|RainDance|[upkeep]\n|upkeep\n|turn|4\n|\n|t:|1700612867\n|move|p1a: Volcarona|Fiery Dance|p2a: Calyrex\n|-supereffective|p2a: Calyrex\n|-damage|p2a: Calyrex|0 fnt\n|-boost|p1a: Volcarona|spa|1\n|faint|p2a: Calyrex\n|\n|-weather|RainDance|[upkeep]\n|upkeep\n|\n|t:|1700612873\n|switch|p2a: Regieleki|Regieleki, shiny|100\/100\n|turn|5\n|\n|t:|1700612882\n|move|p2a: Regieleki|Thunder|p1a: Volcarona\n|-resisted|p1a: Volcarona\n|-damage|p1a: Volcarona|16\/100\n|move|p1a: Volcarona|Giga Drain|p2a: Regieleki\n|-damage|p2a: Regieleki|0 fnt\n|-heal|p1a: Volcarona|64\/100|[from] drain|[of] p2a: Regieleki\n|faint|p2a: Regieleki\n|\n|-weather|none\n|upkeep\n|\n|t:|1700612890\n|switch|p2a: Ogerpon|Ogerpon-Hearthflame, F|100\/100\n|-ability|p2a: Ogerpon|Mold Breaker\n|turn|6\n|\n|t:|1700612900\n|move|p1a: Volcarona|Fiery Dance|p2a: Ogerpon\n|-damage|p2a: Ogerpon|0 fnt\n|-boost|p1a: Volcarona|spa|1\n|faint|p2a: Ogerpon\n|\n|upkeep\n|\n|t:|1700612906\n|switch|p2a: Miraidon|Miraidon|100\/100\n|-fieldstart|move: Electric Terrain|[from] ability: Hadron Engine|[of] p2a: Miraidon\n|turn|7\n|\n|t:|1700612913\n|move|p1a: Volcarona|Bug Buzz|p2a: Miraidon\n|-damage|p2a: Miraidon|0 fnt\n|faint|p2a: Miraidon\n|\n|upkeep\n|\n|t:|1700612916\n|switch|p2a: Zacian|Zacian-Crowned|100\/100\n|-ability|p2a: Zacian|Intrepid Sword|boost\n|-boost|p2a: Zacian|atk|1\n|turn|8\n|-message|Lightningboy4219 forfeited.\n|\n|win|BrunoMobBoss\n|raw|BrunoMobBoss's rating: 1140 &rarr; <strong>1175<\/strong><br \/>(+35 for winning)\n|raw|Lightningboy4219's rating: 1288 &rarr; <strong>1253<\/strong><br \/>(-35 for losing)\n|l|\u2606Lightningboy4219\n","uploadtime":1700612929,"views":5,"p1id":"brunomobboss","p2id":"lightningboy4219","formatid":"gen9ubers","rating":1175,"private":0,"password":""}