{"id":"gen9ubers-1995327282","p1":"kanrenji","p2":"mrbadd","format":"[Gen 9] Ubers","log":"|j|\u2606kanrenji\n|j|\u2606mrbadd\n|t:|1700554307\n|gametype|singles\n|player|p1|kanrenji|101|1211\n|player|p2|mrbadd|rocker-gen1rb|1363\n|teamsize|p1|6\n|teamsize|p2|6\n|gen|9\n|tier|[Gen 9] Ubers\n|rated|\n|rule|Sleep Clause Mod: Limit one foe put to sleep\n|rule|Species Clause: Limit one of each Pok\u00e9mon\n|rule|OHKO Clause: OHKO moves are banned\n|rule|Evasion Items Clause: Evasion items are banned\n|rule|Evasion Moves Clause: Evasion moves are banned\n|rule|Endless Battle Clause: Forcing endless battles is banned\n|rule|HP Percentage Mod: HP is shown in percentages\n|clearpoke\n|poke|p1|Annihilape, M|\n|poke|p1|Miraidon|\n|poke|p1|Kingambit, M|\n|poke|p1|Landorus, M|\n|poke|p1|Espathra, F|\n|poke|p1|Zacian-*|\n|poke|p2|Zacian-*|\n|poke|p2|Flutter Mane|\n|poke|p2|Groudon|\n|poke|p2|Kyogre|\n|poke|p2|Toxapex, M|\n|poke|p2|Koraidon|\n|teampreview\n|inactive|Battle timer is ON: inactive players will automatically lose when time's up. (requested by kanrenji)\n|\n|t:|1700554329\n|start\n|switch|p1a: Annihilape|Annihilape, M|100\/100\n|switch|p2a: Pink Floyd|Kyogre, shiny|100\/100\n|-weather|RainDance|[from] ability: Drizzle|[of] p2a: Pink Floyd\n|turn|1\n|\n|t:|1700554336\n|move|p1a: Annihilape|Rage Fist|p2a: Pink Floyd\n|-damage|p2a: Pink Floyd|76\/100\n|move|p2a: Pink Floyd|Water Spout|p1a: Annihilape\n|-enditem|p1a: Annihilape|Focus Sash\n|-damage|p1a: Annihilape|1\/100\n|\n|-weather|RainDance|[upkeep]\n|upkeep\n|turn|2\n|\n|t:|1700554354\n|move|p1a: Annihilape|Rage Fist|p2a: Pink Floyd\n|-damage|p2a: Pink Floyd|23\/100\n|move|p2a: Pink Floyd|Water Spout|p1a: Annihilape\n|-damage|p1a: Annihilape|0 fnt\n|faint|p1a: Annihilape\n|\n|-weather|RainDance|[upkeep]\n|upkeep\n|\n|t:|1700554362\n|switch|p1a: Zacian|Zacian-Crowned|100\/100\n|-ability|p1a: Zacian|Intrepid Sword|boost\n|-boost|p1a: Zacian|atk|1\n|turn|3\n|\n|t:|1700554371\n|move|p1a: Zacian|Behemoth Blade|p2a: Pink Floyd\n|-resisted|p2a: Pink Floyd\n|-crit|p2a: Pink Floyd\n|-damage|p2a: Pink Floyd|0 fnt\n|faint|p2a: Pink Floyd\n|\n|-weather|RainDance|[upkeep]\n|upkeep\n|\n|t:|1700554379\n|switch|p2a: Here Comes the Sun|Groudon, shiny|100\/100\n|-weather|SunnyDay|[from] ability: Drought|[of] p2a: Here Comes the Sun\n|turn|4\n|\n|t:|1700554394\n|switch|p1a: Landorus|Landorus, M|100\/100\n|move|p2a: Here Comes the Sun|Will-O-Wisp|p1a: Landorus|[miss]\n|-miss|p2a: Here Comes the Sun|p1a: Landorus\n|\n|-weather|SunnyDay|[upkeep]\n|upkeep\n|turn|5\n|\n|t:|1700554407\n|move|p1a: Landorus|Psychic|p2a: Here Comes the Sun\n|-damage|p2a: Here Comes the Sun|57\/100\n|move|p2a: Here Comes the Sun|Roar|p1a: Landorus\n|drag|p1a: Miraidon|Miraidon|100\/100\n|-fieldstart|move: Electric Terrain|[from] ability: Hadron Engine|[of] p1a: Miraidon\n|\n|-weather|SunnyDay|[upkeep]\n|upkeep\n|turn|6\n|\n|t:|1700554417\n|switch|p2a: Wilfred|Zacian-Crowned|100\/100\n|-ability|p2a: Wilfred|Intrepid Sword|boost\n|-boost|p2a: Wilfred|atk|1\n|move|p1a: Miraidon|Draco Meteor|p2a: Wilfred\n|-immune|p2a: Wilfred\n|\n|-weather|SunnyDay|[upkeep]\n|upkeep\n|turn|7\n|\n|t:|1700554428\n|switch|p1a: Zacian|Zacian-Crowned|100\/100\n|move|p2a: Wilfred|Behemoth Blade|p1a: Zacian\n|-damage|p1a: Zacian|19\/100\n|\n|-weather|SunnyDay|[upkeep]\n|upkeep\n|turn|8\n|\n|t:|1700554436\n|move|p2a: Wilfred|Behemoth Blade|p1a: Zacian\n|-damage|p1a: Zacian|0 fnt\n|faint|p1a: Zacian\n|\n|-weather|none\n|upkeep\n|\n|t:|1700554440\n|switch|p1a: Miraidon|Miraidon|100\/100\n|-activate|p1a: Miraidon|ability: Hadron Engine\n|turn|9\n|\n|t:|1700554449\n|switch|p2a: Here Comes the Sun|Groudon, shiny|57\/100\n|-weather|SunnyDay|[from] ability: Drought|[of] p2a: Here Comes the Sun\n|move|p1a: Miraidon|Draco Meteor|p2a: Here Comes the Sun\n|-damage|p2a: Here Comes the Sun|0 fnt\n|-unboost|p1a: Miraidon|spa|2\n|faint|p2a: Here Comes the Sun\n|\n|-weather|SunnyDay|[upkeep]\n|-fieldend|move: Electric Terrain\n|upkeep\n|\n|t:|1700554460\n|switch|p2a: Wilfred|Zacian-Crowned|100\/100\n|turn|10\n|\n|t:|1700554471\n|switch|p1a: Landorus|Landorus, M|100\/100\n|move|p2a: Wilfred|Swords Dance|p2a: Wilfred\n|-boost|p2a: Wilfred|atk|2\n|\n|-weather|SunnyDay|[upkeep]\n|upkeep\n|turn|11\n|\n|t:|1700554478\n|move|p2a: Wilfred|Behemoth Blade|p1a: Landorus\n|-crit|p1a: Landorus\n|-damage|p1a: Landorus|0 fnt\n|faint|p1a: Landorus\n|\n|-weather|SunnyDay|[upkeep]\n|upkeep\n|\n|t:|1700554484\n|switch|p1a: Miraidon|Miraidon|100\/100\n|-fieldstart|move: Electric Terrain|[from] ability: Hadron Engine|[of] p1a: Miraidon\n|turn|12\n|\n|t:|1700554490\n|-terastallize|p1a: Miraidon|Electric\n|move|p1a: Miraidon|Electro Drift|p2a: Wilfred\n|-damage|p2a: Wilfred|0 fnt\n|faint|p2a: Wilfred\n|\n|-weather|SunnyDay|[upkeep]\n|upkeep\n|\n|t:|1700554512\n|switch|p2a: Skag|Toxapex, M, shiny|100\/100\n|turn|13\n|\n|t:|1700554541\n|-terastallize|p2a: Skag|Ground\n|move|p1a: Miraidon|Electro Drift|p2a: Skag\n|-immune|p2a: Skag\n|move|p2a: Skag|Infestation|p1a: Miraidon\n|-damage|p1a: Miraidon|98\/100\n|-activate|p1a: Miraidon|move: Infestation|[of] p2a: Skag\n|\n|-weather|none\n|-damage|p2a: Skag|88\/100|[from] item: Black Sludge\n|-damage|p1a: Miraidon|86\/100|[from] move: Infestation|[partiallytrapped]\n|upkeep\n|turn|14\n|-message|kanrenji forfeited.\n|\n|win|mrbadd\n|raw|kanrenji's rating: 1211 &rarr; <strong>1196<\/strong><br \/>(-15 for losing)\n|raw|mrbadd's rating: 1363 &rarr; <strong>1375<\/strong><br \/>(+12 for winning)\n|l|\u2606kanrenji\n","uploadtime":1700554564,"views":5,"p1id":"kanrenji","p2id":"mrbadd","formatid":"gen9ubers","rating":1196,"private":0,"password":""}