{"id":"gen9ubers-1971196002","p1":"Iruoy24","p2":"Vaxtouwen","format":"[Gen 9] Ubers","log":"|j|\u2606Iruoy24\n|j|\u2606Vaxtouwen\n|t:|1697718639\n|gametype|singles\n|player|p1|Iruoy24|marlon|1136\n|player|p2|Vaxtouwen|ghetsis-gen5bw|1064\n|teamsize|p1|6\n|teamsize|p2|6\n|gen|9\n|tier|[Gen 9] Ubers\n|rated|\n|rule|Sleep Clause Mod: Limit one foe put to sleep\n|rule|Species Clause: Limit one of each Pok\u00e9mon\n|rule|OHKO Clause: OHKO moves are banned\n|rule|Evasion Items Clause: Evasion items are banned\n|rule|Evasion Moves Clause: Evasion moves are banned\n|rule|Endless Battle Clause: Forcing endless battles is banned\n|rule|HP Percentage Mod: HP is shown in percentages\n|clearpoke\n|poke|p1|Arceus-Ghost|\n|poke|p1|Zacian-*|\n|poke|p1|Rayquaza|\n|poke|p1|Kyogre|\n|poke|p1|Basculegion, M|\n|poke|p1|Iron Bundle|\n|poke|p2|Cyclizar, M|\n|poke|p2|Dragalge, M|\n|poke|p2|Kommo-o, M|\n|poke|p2|Lycanroc-Midnight, F|\n|poke|p2|Kingambit, M|\n|poke|p2|Meowscarada, M|\n|teampreview\n|\n|t:|1697718665\n|start\n|switch|p1a: Arceus|Arceus-Ghost|100\/100\n|switch|p2a: Drac\u00f4ve|Cyclizar, M|100\/100\n|turn|1\n|\n|t:|1697718679\n|move|p2a: Drac\u00f4ve|Shed Tail|p2a: Drac\u00f4ve\n|-start|p2a: Drac\u00f4ve|Substitute|[from] move: Shed Tail\n|-damage|p2a: Drac\u00f4ve|50\/100\n|inactive|Battle timer is ON: inactive players will automatically lose when time's up. (requested by Iruoy24)\n|\n|t:|1697718697\n|switch|p2a: Nusar|Meowscarada, M|100\/100|[from] Shed Tail\n|move|p1a: Arceus|Focus Blast|p2a: Nusar|[miss]\n|-miss|p1a: Arceus|p2a: Nusar\n|\n|upkeep\n|turn|2\n|\n|t:|1697718706\n|move|p2a: Nusar|Sucker Punch|p1a: Arceus\n|-start|p2a: Nusar|typechange|Dark|[from] ability: Protean\n|-supereffective|p1a: Arceus\n|-damage|p1a: Arceus|43\/100\n|move|p1a: Arceus|Judgment|p2a: Nusar\n|-resisted|p2a: Nusar\n|-end|p2a: Nusar|Substitute\n|\n|upkeep\n|turn|3\n|\n|t:|1697718716\n|move|p2a: Nusar|Sucker Punch||[still]\n|-fail|p2a: Nusar\n|move|p1a: Arceus|Taunt|p2a: Nusar\n|-start|p2a: Nusar|move: Taunt\n|\n|upkeep\n|turn|4\n|\n|t:|1697718722\n|move|p2a: Nusar|Sucker Punch|p1a: Arceus\n|-supereffective|p1a: Arceus\n|-damage|p1a: Arceus|0 fnt\n|faint|p1a: Arceus\n|\n|upkeep\n|\n|t:|1697718728\n|switch|p1a: Rayquaza|Rayquaza|100\/100\n|-ability|p1a: Rayquaza|Air Lock\n|turn|5\n|\n|t:|1697718748\n|switch|p2a: Drac\u00f4ve|Cyclizar, M|84\/100\n|move|p1a: Rayquaza|Dragon Dance|p1a: Rayquaza\n|-boost|p1a: Rayquaza|atk|1\n|-boost|p1a: Rayquaza|spe|1\n|\n|upkeep\n|turn|6\n|\n|t:|1697718759\n|move|p1a: Rayquaza|Dragon Dance|p1a: Rayquaza\n|-boost|p1a: Rayquaza|atk|1\n|-boost|p1a: Rayquaza|spe|1\n|move|p2a: Drac\u00f4ve|Shed Tail|p2a: Drac\u00f4ve\n|-start|p2a: Drac\u00f4ve|Substitute|[from] move: Shed Tail\n|-damage|p2a: Drac\u00f4ve|34\/100\n|\n|t:|1697718768\n|switch|p2a: Osqu\u00e9non|Kommo-o, M|100\/100|[from] Shed Tail\n|\n|upkeep\n|turn|7\n|\n|t:|1697718776\n|move|p1a: Rayquaza|Dragon Ascent|p2a: Osqu\u00e9non\n|-supereffective|p2a: Osqu\u00e9non\n|-end|p2a: Osqu\u00e9non|Substitute\n|-unboost|p1a: Rayquaza|def|1\n|-unboost|p1a: Rayquaza|spd|1\n|move|p2a: Osqu\u00e9non|Outrage|p1a: Rayquaza\n|-supereffective|p1a: Rayquaza\n|-enditem|p1a: Rayquaza|Focus Sash\n|-damage|p1a: Rayquaza|1\/100\n|\n|upkeep\n|turn|8\n|\n|t:|1697718792\n|move|p1a: Rayquaza|Dragon Ascent|p2a: Osqu\u00e9non\n|-supereffective|p2a: Osqu\u00e9non\n|-damage|p2a: Osqu\u00e9non|0 fnt\n|-unboost|p1a: Rayquaza|def|1\n|-unboost|p1a: Rayquaza|spd|1\n|faint|p2a: Osqu\u00e9non\n|\n|upkeep\n|\n|t:|1697718804\n|switch|p2a: Nusar|Meowscarada, M|100\/100\n|turn|9\n|\n|t:|1697718808\n|move|p2a: Nusar|Sucker Punch|p1a: Rayquaza\n|-start|p2a: Nusar|typechange|Dark|[from] ability: Protean\n|-damage|p1a: Rayquaza|0 fnt\n|faint|p1a: Rayquaza\n|\n|upkeep\n|\n|t:|1697718814\n|switch|p1a: Zacian|Zacian-Crowned|100\/100\n|-ability|p1a: Zacian|Intrepid Sword|boost\n|-boost|p1a: Zacian|atk|1\n|turn|10\n|\n|t:|1697718842\n|switch|p2a: Kal\u00e8n|Dragalge, M, shiny|100\/100\n|move|p1a: Zacian|Play Rough|p2a: Kal\u00e8n\n|-damage|p2a: Kal\u00e8n|33\/100\n|\n|-heal|p2a: Kal\u00e8n|39\/100|[from] item: Leftovers\n|upkeep\n|turn|11\n|\n|t:|1697718853\n|move|p1a: Zacian|Behemoth Blade|p2a: Kal\u00e8n\n|-damage|p2a: Kal\u00e8n|0 fnt\n|faint|p2a: Kal\u00e8n\n|\n|upkeep\n|inactive|Vaxtouwen has 120 seconds left.\n|\n|t:|1697718865\n|switch|p2a: Nusar|Meowscarada, M|100\/100\n|turn|12\n|\n|t:|1697718868\n|move|p1a: Zacian|Behemoth Blade|p2a: Nusar\n|-damage|p2a: Nusar|0 fnt\n|faint|p2a: Nusar\n|\n|upkeep\n|\n|t:|1697718877\n|switch|p2a: Drac\u00f4ve|Cyclizar, M|67\/100\n|turn|13\n|\n|t:|1697718883\n|move|p1a: Zacian|Behemoth Blade|p2a: Drac\u00f4ve\n|-damage|p2a: Drac\u00f4ve|0 fnt\n|faint|p2a: Drac\u00f4ve\n|\n|upkeep\n|\n|t:|1697718888\n|switch|p2a: Raw'kah|Lycanroc-Midnight, F, shiny|100\/100\n|turn|14\n|\n|t:|1697718903\n|move|p1a: Zacian|Trailblaze|p2a: Raw'kah\n|-supereffective|p2a: Raw'kah\n|-damage|p2a: Raw'kah|33\/100\n|-boost|p1a: Zacian|spe|1\n|move|p2a: Raw'kah|Stone Edge|p1a: Zacian\n|-resisted|p1a: Zacian\n|-damage|p1a: Zacian|74\/100\n|\n|upkeep\n|turn|15\n|\n|t:|1697718914\n|move|p1a: Zacian|Trailblaze|p2a: Raw'kah\n|-supereffective|p2a: Raw'kah\n|-damage|p2a: Raw'kah|0 fnt\n|-boost|p1a: Zacian|spe|1\n|faint|p2a: Raw'kah\n|\n|upkeep\n|\n|t:|1697718920\n|switch|p2a: Azkh\u00e9nar|Kingambit, M, shiny|100\/100\n|-activate|p2a: Azkh\u00e9nar|ability: Supreme Overlord\n|-start|p2a: Azkh\u00e9nar|fallen5|[silent]\n|turn|16\n|\n|t:|1697718926\n|move|p1a: Zacian|Behemoth Blade|p2a: Azkh\u00e9nar\n|-resisted|p2a: Azkh\u00e9nar\n|-damage|p2a: Azkh\u00e9nar|61\/100\n|-damage|p1a: Zacian|58\/100|[from] item: Rocky Helmet|[of] p2a: Azkh\u00e9nar\n|move|p2a: Azkh\u00e9nar|Iron Head|p1a: Zacian\n|-damage|p1a: Zacian|0 fnt\n|faint|p1a: Zacian\n|\n|upkeep\n|\n|t:|1697718935\n|switch|p1a: Kyogre|Kyogre|100\/100\n|-weather|RainDance|[from] ability: Drizzle|[of] p1a: Kyogre\n|turn|17\n|\n|t:|1697718944\n|-terastallize|p1a: Kyogre|Water\n|-terastallize|p2a: Azkh\u00e9nar|Dark\n|move|p2a: Azkh\u00e9nar|Sucker Punch|p1a: Kyogre\n|-damage|p1a: Kyogre|8\/100\n|move|p1a: Kyogre|Water Spout|p2a: Azkh\u00e9nar\n|-damage|p2a: Azkh\u00e9nar|50\/100\n|\n|-weather|RainDance|[upkeep]\n|upkeep\n|turn|18\n|\n|t:|1697718955\n|move|p2a: Azkh\u00e9nar|Sucker Punch|p1a: Kyogre\n|-damage|p1a: Kyogre|0 fnt\n|faint|p1a: Kyogre\n|\n|-weather|RainDance|[upkeep]\n|upkeep\n|\n|t:|1697718960\n|switch|p1a: Iron Bundle|Iron Bundle|100\/100\n|-enditem|p1a: Iron Bundle|Booster Energy\n|-activate|p1a: Iron Bundle|ability: Quark Drive|[fromitem]\n|-start|p1a: Iron Bundle|quarkdrivespe\n|turn|19\n|\n|t:|1697718972\n|move|p2a: Azkh\u00e9nar|Sucker Punch|p1a: Iron Bundle\n|-damage|p1a: Iron Bundle|0 fnt\n|faint|p1a: Iron Bundle\n|-end|p1a: Iron Bundle|Quark Drive|[silent]\n|\n|-weather|RainDance|[upkeep]\n|upkeep\n|\n|t:|1697718976\n|switch|p1a: Basculegion|Basculegion, M|100\/100\n|turn|20\n|\n|t:|1697718980\n|move|p2a: Azkh\u00e9nar|Sucker Punch|p1a: Basculegion\n|-supereffective|p1a: Basculegion\n|-damage|p1a: Basculegion|0 fnt\n|faint|p1a: Basculegion\n|\n|win|Vaxtouwen\n|raw|Iruoy24's rating: 1136 &rarr; <strong>1106<\/strong><br \/>(-30 for losing)\n|raw|Vaxtouwen's rating: 1064 &rarr; <strong>1101<\/strong><br \/>(+37 for winning)\n|l|\u2606Iruoy24\n","uploadtime":1697718987,"views":18,"p1id":"iruoy24","p2id":"vaxtouwen","formatid":"gen9ubers","rating":1101,"private":0,"password":""}