{"id":"gen9ubers-1984865604","p1":"Low Tier Junk","p2":"manwhocouldntcook","format":"[Gen 9] Ubers","log":"|j|\u2606Low Tier Junk\n|j|\u2606manwhocouldntcook\n|t:|1699305726\n|gametype|singles\n|player|p1|Low Tier Junk|preschooler|\n|player|p2|manwhocouldntcook|chili|\n|teamsize|p1|6\n|teamsize|p2|6\n|gen|9\n|tier|[Gen 9] Ubers\n|rule|Sleep Clause Mod: Limit one foe put to sleep\n|rule|Species Clause: Limit one of each Pok\u00e9mon\n|rule|OHKO Clause: OHKO moves are banned\n|rule|Evasion Items Clause: Evasion items are banned\n|rule|Evasion Moves Clause: Evasion moves are banned\n|rule|Endless Battle Clause: Forcing endless battles is banned\n|rule|HP Percentage Mod: HP is shown in percentages\n|clearpoke\n|poke|p1|Magearna|\n|poke|p1|Cyclizar, F|\n|poke|p1|Espathra, M|\n|poke|p1|Arceus-Fighting|\n|poke|p1|Chi-Yu|\n|poke|p1|Sableye, F|\n|poke|p2|Magearna|\n|poke|p2|Arceus-Dragon|\n|poke|p2|Baxcalibur, M|\n|poke|p2|Chi-Yu|\n|poke|p2|Magnezone|\n|poke|p2|Palkia-Origin|\n|teampreview\n|\n|t:|1699305750\n|start\n|switch|p1a: Kordidon|Cyclizar, F|100\/100\n|switch|p2a: Chi-Yu|Chi-Yu|100\/100\n|-ability|p2a: Chi-Yu|Beads of Ruin\n|turn|1\n|\n|t:|1699305757\n|move|p1a: Kordidon|Shed Tail|p1a: Kordidon\n|-start|p1a: Kordidon|Substitute|[from] move: Shed Tail\n|-damage|p1a: Kordidon|50\/100\n|inactive|Battle timer is ON: inactive players will automatically lose when time's up. (requested by manwhocouldntcook)\n|\n|t:|1699305766\n|switch|p1a: HoundStown|Espathra, M|100\/100|[from] Shed Tail\n|move|p2a: Chi-Yu|Dark Pulse|p1a: HoundStown\n|-supereffective|p1a: HoundStown\n|-end|p1a: HoundStown|Substitute\n|\n|upkeep\n|turn|2\n|\n|t:|1699305772\n|move|p1a: HoundStown|Protect|p1a: HoundStown\n|-singleturn|p1a: HoundStown|Protect\n|move|p2a: Chi-Yu|Dark Pulse|p1a: HoundStown\n|-activate|p1a: HoundStown|move: Protect\n|\n|-ability|p1a: HoundStown|Speed Boost|boost\n|-boost|p1a: HoundStown|spe|1\n|upkeep\n|turn|3\n|\n|t:|1699305786\n|switch|p2a: Magearna|Magearna|100\/100\n|-terastallize|p1a: HoundStown|Fighting\n|move|p1a: HoundStown|Tera Blast|p2a: Magearna|[anim] Tera Blast Fighting\n|-damage|p2a: Magearna|76\/100\n|\n|-heal|p2a: Magearna|82\/100|[from] item: Leftovers\n|-ability|p1a: HoundStown|Speed Boost|boost\n|-boost|p1a: HoundStown|spe|1\n|upkeep\n|turn|4\n|\n|t:|1699305796\n|move|p1a: HoundStown|Calm Mind|p1a: HoundStown\n|-boost|p1a: HoundStown|spa|1\n|-boost|p1a: HoundStown|spd|1\n|move|p2a: Magearna|Spikes|p1a: HoundStown\n|-sidestart|p1: Low Tier Junk|Spikes\n|\n|-heal|p2a: Magearna|88\/100|[from] item: Leftovers\n|-ability|p1a: HoundStown|Speed Boost|boost\n|-boost|p1a: HoundStown|spe|1\n|upkeep\n|turn|5\n|\n|t:|1699305801\n|move|p1a: HoundStown|Calm Mind|p1a: HoundStown\n|-boost|p1a: HoundStown|spa|1\n|-boost|p1a: HoundStown|spd|1\n|move|p2a: Magearna|Fleur Cannon|p1a: HoundStown\n|-supereffective|p1a: HoundStown\n|-damage|p1a: HoundStown|1\/100\n|-unboost|p2a: Magearna|spa|2\n|\n|-heal|p1a: HoundStown|7\/100|[from] item: Leftovers\n|-heal|p2a: Magearna|94\/100|[from] item: Leftovers\n|-ability|p1a: HoundStown|Speed Boost|boost\n|-boost|p1a: HoundStown|spe|1\n|upkeep\n|turn|6\n|\n|t:|1699305809\n|switch|p2a: Arceus|Arceus-Dragon|100\/100\n|move|p1a: HoundStown|Protect||[still]\n|-fail|p1a: HoundStown\n|\n|-heal|p1a: HoundStown|13\/100|[from] item: Leftovers\n|-ability|p1a: HoundStown|Speed Boost|boost\n|-boost|p1a: HoundStown|spe|1\n|upkeep\n|turn|7\n|\n|t:|1699305826\n|move|p2a: Arceus|Extreme Speed|p1a: HoundStown\n|-damage|p1a: HoundStown|0 fnt\n|faint|p1a: HoundStown\n|\n|upkeep\n|\n|t:|1699305832\n|switch|p1a: Waifu Tier|Magearna|100\/100\n|-damage|p1a: Waifu Tier|88\/100|[from] Spikes\n|turn|8\n|\n|t:|1699305838\n|switch|p2a: Magnezone|Magnezone|100\/100\n|-item|p2a: Magnezone|Air Balloon\n|move|p1a: Waifu Tier|Fleur Cannon|p2a: Magnezone\n|-resisted|p2a: Magnezone\n|-damage|p2a: Magnezone|59\/100\n|-unboost|p1a: Waifu Tier|spa|2\n|-enditem|p2a: Magnezone|Air Balloon\n|\n|-heal|p1a: Waifu Tier|94\/100|[from] item: Leftovers\n|upkeep\n|turn|9\n|\n|t:|1699305843\n|move|p2a: Magnezone|Thunderbolt|p1a: Waifu Tier\n|-damage|p1a: Waifu Tier|54\/100\n|-status|p1a: Waifu Tier|par\n|move|p1a: Waifu Tier|Calm Mind|p1a: Waifu Tier\n|-boost|p1a: Waifu Tier|spa|1\n|-boost|p1a: Waifu Tier|spd|1\n|\n|-heal|p1a: Waifu Tier|60\/100 par|[from] item: Leftovers\n|upkeep\n|turn|10\n|\n|t:|1699305850\n|switch|p2a: Chi-Yu|Chi-Yu|100\/100\n|-ability|p2a: Chi-Yu|Beads of Ruin\n|move|p1a: Waifu Tier|Fleur Cannon|p2a: Chi-Yu\n|-damage|p2a: Chi-Yu|44\/100\n|-unboost|p1a: Waifu Tier|spa|2\n|\n|-heal|p1a: Waifu Tier|66\/100 par|[from] item: Leftovers\n|upkeep\n|turn|11\n|\n|t:|1699305857\n|move|p2a: Chi-Yu|Overheat|p1a: Waifu Tier\n|-supereffective|p1a: Waifu Tier\n|-damage|p1a: Waifu Tier|0 fnt\n|-unboost|p2a: Chi-Yu|spa|2\n|faint|p1a: Waifu Tier\n|\n|upkeep\n|\n|t:|1699305862\n|switch|p1a: Kordidon|Cyclizar, F|84\/100\n|turn|12\n|\n|t:|1699305872\n|switch|p2a: Magnezone|Magnezone|59\/100\n|move|p1a: Kordidon|Shed Tail|p1a: Kordidon\n|-start|p1a: Kordidon|Substitute|[from] move: Shed Tail\n|-damage|p1a: Kordidon|34\/100\n|\n|t:|1699305878\n|switch|p1a: Arceus|Arceus-Fighting|100\/100|[from] Shed Tail\n|-damage|p1a: Arceus|88\/100|[from] Spikes\n|\n|upkeep\n|turn|13\n|\n|t:|1699305883\n|move|p1a: Arceus|Cosmic Power|p1a: Arceus\n|-boost|p1a: Arceus|def|1\n|-boost|p1a: Arceus|spd|1\n|move|p2a: Magnezone|Thunderbolt|p1a: Arceus\n|-end|p1a: Arceus|Substitute\n|\n|upkeep\n|turn|14\n|\n|t:|1699305893\n|switch|p2a: Magearna|Magearna|94\/100\n|move|p1a: Arceus|Cosmic Power|p1a: Arceus\n|-boost|p1a: Arceus|def|1\n|-boost|p1a: Arceus|spd|1\n|\n|-heal|p2a: Magearna|100\/100|[from] item: Leftovers\n|upkeep\n|turn|15\n|\n|t:|1699305905\n|move|p1a: Arceus|Body Press|p2a: Magearna\n|-damage|p2a: Magearna|23\/100\n|move|p2a: Magearna|Fleur Cannon|p1a: Arceus\n|-supereffective|p1a: Arceus\n|-damage|p1a: Arceus|37\/100\n|-unboost|p2a: Magearna|spa|2\n|\n|-heal|p2a: Magearna|29\/100|[from] item: Leftovers\n|upkeep\n|turn|16\n|\n|t:|1699305922\n|switch|p2a: Palkia|Palkia-Origin|100\/100\n|-ability|p2a: Palkia|Pressure\n|move|p1a: Arceus|Recover|p1a: Arceus\n|-heal|p1a: Arceus|87\/100\n|\n|upkeep\n|turn|17\n|\n|t:|1699305928\n|move|p2a: Palkia|Thunder Wave|p1a: Arceus\n|-status|p1a: Arceus|par\n|cant|p1a: Arceus|par\n|\n|upkeep\n|turn|18\n|\n|t:|1699305939\n|switch|p2a: Baxcalibur|Baxcalibur, M|100\/100\n|move|p1a: Arceus|Cosmic Power|p1a: Arceus\n|-boost|p1a: Arceus|def|1\n|-boost|p1a: Arceus|spd|1\n|\n|upkeep\n|turn|19\n|\n|t:|1699305943\n|move|p2a: Baxcalibur|Scale Shot|p1a: Arceus\n|-damage|p1a: Arceus|83\/100 par\n|-damage|p1a: Arceus|80\/100 par\n|-damage|p1a: Arceus|78\/100 par\n|-damage|p1a: Arceus|74\/100 par\n|-damage|p1a: Arceus|71\/100 par\n|-hitcount|p1a: Arceus|5\n|-unboost|p2a: Baxcalibur|def|1\n|-boost|p2a: Baxcalibur|spe|1\n|move|p1a: Arceus|Cosmic Power|p1a: Arceus\n|-boost|p1a: Arceus|def|1\n|-boost|p1a: Arceus|spd|1\n|\n|upkeep\n|turn|20\n|\n|t:|1699305954\n|move|p2a: Baxcalibur|Icicle Spear|p1a: Arceus\n|-damage|p1a: Arceus|68\/100 par\n|-damage|p1a: Arceus|65\/100 par\n|-damage|p1a: Arceus|62\/100 par\n|-damage|p1a: Arceus|59\/100 par\n|-hitcount|p1a: Arceus|4\n|move|p1a: Arceus|Cosmic Power|p1a: Arceus\n|-boost|p1a: Arceus|def|1\n|-boost|p1a: Arceus|spd|1\n|\n|upkeep\n|turn|21\n|\n|t:|1699305964\n|move|p2a: Baxcalibur|Dragon Dance|p2a: Baxcalibur\n|-boost|p2a: Baxcalibur|atk|1\n|-boost|p2a: Baxcalibur|spe|1\n|cant|p1a: Arceus|par\n|\n|upkeep\n|turn|22\n|\n|t:|1699305969\n|move|p2a: Baxcalibur|Icicle Spear|p1a: Arceus\n|-damage|p1a: Arceus|56\/100 par\n|-damage|p1a: Arceus|52\/100 par\n|-damage|p1a: Arceus|48\/100 par\n|-damage|p1a: Arceus|45\/100 par\n|-hitcount|p1a: Arceus|4\n|cant|p1a: Arceus|par\n|\n|upkeep\n|turn|23\n|\n|t:|1699305977\n|move|p2a: Baxcalibur|Dragon Dance|p2a: Baxcalibur\n|-boost|p2a: Baxcalibur|atk|1\n|-boost|p2a: Baxcalibur|spe|1\n|cant|p1a: Arceus|par\n|\n|upkeep\n|turn|24\n|\n|t:|1699305983\n|move|p2a: Baxcalibur|Icicle Spear|p1a: Arceus\n|-damage|p1a: Arceus|41\/100 par\n|-damage|p1a: Arceus|37\/100 par\n|-damage|p1a: Arceus|32\/100 par\n|-damage|p1a: Arceus|28\/100 par\n|-hitcount|p1a: Arceus|4\n|move|p1a: Arceus|Recover|p1a: Arceus\n|-heal|p1a: Arceus|78\/100 par\n|\n|upkeep\n|turn|25\n|\n|t:|1699305992\n|move|p2a: Baxcalibur|Icicle Spear|p1a: Arceus\n|-damage|p1a: Arceus|73\/100 par\n|-damage|p1a: Arceus|69\/100 par\n|-damage|p1a: Arceus|64\/100 par\n|-damage|p1a: Arceus|60\/100 par\n|-damage|p1a: Arceus|56\/100 par\n|-hitcount|p1a: Arceus|5\n|move|p1a: Arceus|Body Press|p2a: Baxcalibur\n|-supereffective|p2a: Baxcalibur\n|-damage|p2a: Baxcalibur|0 fnt\n|faint|p2a: Baxcalibur\n|\n|upkeep\n|\n|t:|1699306002\n|switch|p2a: Palkia|Palkia-Origin|100\/100\n|-ability|p2a: Palkia|Pressure\n|turn|26\n|\n|t:|1699306008\n|move|p2a: Palkia|Spacial Rend|p1a: Arceus\n|-damage|p1a: Arceus|44\/100 par\n|move|p1a: Arceus|Stored Power|p2a: Palkia\n|-damage|p2a: Palkia|44\/100\n|\n|upkeep\n|turn|27\n|\n|t:|1699306013\n|move|p2a: Palkia|Spacial Rend|p1a: Arceus\n|-damage|p1a: Arceus|32\/100 par\n|move|p1a: Arceus|Recover|p1a: Arceus\n|-heal|p1a: Arceus|82\/100 par\n|\n|upkeep\n|turn|28\n|\n|t:|1699306020\n|move|p2a: Palkia|Spacial Rend|p1a: Arceus|[miss]\n|-miss|p2a: Palkia|p1a: Arceus\n|cant|p1a: Arceus|par\n|\n|upkeep\n|turn|29\n|\n|t:|1699306028\n|move|p2a: Palkia|Spacial Rend|p1a: Arceus\n|-damage|p1a: Arceus|69\/100 par\n|move|p1a: Arceus|Stored Power|p2a: Palkia\n|-damage|p2a: Palkia|0 fnt\n|faint|p2a: Palkia\n|\n|upkeep\n|c|\u2606manwhocouldntcook|higher crit chance they said\n|\n|t:|1699306039\n|switch|p2a: Magearna|Magearna|29\/100\n|turn|30\n|\n|t:|1699306046\n|move|p2a: Magearna|Fleur Cannon|p1a: Arceus\n|-supereffective|p1a: Arceus\n|-damage|p1a: Arceus|38\/100 par\n|-unboost|p2a: Magearna|spa|2\n|move|p1a: Arceus|Body Press|p2a: Magearna\n|-damage|p2a: Magearna|0 fnt\n|faint|p2a: Magearna\n|\n|upkeep\n|\n|t:|1699306066\n|switch|p2a: Chi-Yu|Chi-Yu|44\/100\n|-ability|p2a: Chi-Yu|Beads of Ruin\n|turn|31\n|\n|t:|1699306075\n|move|p2a: Chi-Yu|Overheat|p1a: Arceus\n|-damage|p1a: Arceus|9\/100 par\n|-unboost|p2a: Chi-Yu|spa|2\n|move|p1a: Arceus|Recover|p1a: Arceus\n|-heal|p1a: Arceus|59\/100 par\n|\n|upkeep\n|turn|32\n|\n|t:|1699306078\n|switch|p2a: Arceus|Arceus-Dragon|100\/100\n|move|p1a: Arceus|Body Press|p2a: Arceus\n|-damage|p2a: Arceus|0 fnt\n|faint|p2a: Arceus\n|\n|upkeep\n|-message|manwhocouldntcook forfeited.\n|\n|win|Low Tier Junk\n|l|\u2606manwhocouldntcook\n|c|\u2606Low Tier Junk|gg\n|j|\u2606manwhocouldntcook\n|player|p2|manwhocouldntcook|chili\n","uploadtime":1699306344,"views":36,"p1id":"lowtierjunk","p2id":"manwhocouldntcook","formatid":"gen9ubers","rating":0,"private":0,"password":""}