{"id":"gen9ubers-1990383960","p1":"cj99ex","p2":"DrJay007","format":"[Gen 9] Ubers","log":"|j|\u2606cj99ex\n|j|\u2606DrJay007\n|t:|1699965110\n|gametype|singles\n|player|p1|cj99ex|101|1071\n|player|p2|DrJay007|1|1000\n|teamsize|p1|6\n|teamsize|p2|6\n|gen|9\n|tier|[Gen 9] Ubers\n|rated|\n|rule|Sleep Clause Mod: Limit one foe put to sleep\n|rule|Species Clause: Limit one of each Pok\u00e9mon\n|rule|OHKO Clause: OHKO moves are banned\n|rule|Evasion Items Clause: Evasion items are banned\n|rule|Evasion Moves Clause: Evasion moves are banned\n|rule|Endless Battle Clause: Forcing endless battles is banned\n|rule|HP Percentage Mod: HP is shown in percentages\n|clearpoke\n|poke|p1|Azumarill, F|\n|poke|p1|Arceus|\n|poke|p1|Ariados, M|\n|poke|p1|Hatterene, F|\n|poke|p1|Ceruledge, F|\n|poke|p1|Haxorus, M|\n|poke|p2|Trevenant, F|\n|poke|p2|Torkoal, F|\n|poke|p2|Farigiraf, M|\n|poke|p2|Ursaluna-Bloodmoon, M|\n|poke|p2|Iron Hands|\n|poke|p2|Empoleon, F|\n|teampreview\n|\n|t:|1699965130\n|start\n|switch|p1a: Ariados|Ariados, M|100\/100\n|switch|p2a: Iron Hands|Iron Hands|100\/100\n|turn|1\n|\n|t:|1699965138\n|move|p2a: Iron Hands|Fake Out|p1a: Ariados\n|-damage|p1a: Ariados|75\/100\n|cant|p1a: Ariados|flinch\n|\n|upkeep\n|turn|2\n|\n|t:|1699965162\n|move|p1a: Ariados|Sticky Web|p2a: Iron Hands\n|-sidestart|p2: DrJay007|move: Sticky Web\n|move|p2a: Iron Hands|Volt Switch|p1a: Ariados\n|-damage|p1a: Ariados|54\/100\n|\n|t:|1699965184\n|-end|p2a: Iron Hands|Quark Drive|[silent]\n|switch|p2a: Ursaluna|Ursaluna-Bloodmoon, M|100\/100|[from] Volt Switch\n|-activate|p2a: Ursaluna|move: Sticky Web\n|-unboost|p2a: Ursaluna|spe|1\n|\n|upkeep\n|turn|3\n|\n|t:|1699965197\n|move|p1a: Ariados|Toxic Spikes|p2a: Ursaluna\n|-sidestart|p2: DrJay007|move: Toxic Spikes\n|move|p2a: Ursaluna|Hyper Voice|p1a: Ariados\n|-damage|p1a: Ariados|0 fnt\n|faint|p1a: Ariados\n|-enditem|p2a: Ursaluna|Throat Spray\n|-boost|p2a: Ursaluna|spa|1|[from] item: Throat Spray\n|\n|upkeep\n|\n|t:|1699965215\n|switch|p1a: Hatterene|Hatterene, F|100\/100\n|turn|4\n|\n|t:|1699965234\n|move|p2a: Ursaluna|Protect|p2a: Ursaluna\n|-singleturn|p2a: Ursaluna|Protect\n|move|p1a: Hatterene|Calm Mind|p1a: Hatterene\n|-boost|p1a: Hatterene|spa|1\n|-boost|p1a: Hatterene|spd|1\n|\n|upkeep\n|turn|5\n|\n|t:|1699965248\n|move|p1a: Hatterene|Psyshock|p2a: Ursaluna\n|-damage|p2a: Ursaluna|62\/100\n|move|p2a: Ursaluna|Blood Moon|p1a: Hatterene\n|-damage|p1a: Hatterene|25\/100\n|\n|-heal|p1a: Hatterene|31\/100|[from] item: Leftovers\n|upkeep\n|turn|6\n|\n|t:|1699965259\n|move|p1a: Hatterene|Psyshock|p2a: Ursaluna\n|-damage|p2a: Ursaluna|24\/100\n|move|p2a: Ursaluna|Hyper Voice|p1a: Hatterene\n|-damage|p1a: Hatterene|0 fnt\n|faint|p1a: Hatterene\n|\n|upkeep\n|\n|t:|1699965266\n|switch|p1a: Arceus|Arceus|100\/100\n|turn|7\n|\n|t:|1699965293\n|move|p1a: Arceus|Swords Dance|p1a: Arceus\n|-boost|p1a: Arceus|atk|2\n|move|p2a: Ursaluna|Earth Power|p1a: Arceus\n|-damage|p1a: Arceus|59\/100\n|-unboost|p1a: Arceus|spd|1\n|\n|upkeep\n|turn|8\n|\n|t:|1699965303\n|-terastallize|p1a: Arceus|Normal\n|move|p1a: Arceus|Extreme Speed|p2a: Ursaluna\n|-damage|p2a: Ursaluna|0 fnt\n|faint|p2a: Ursaluna\n|\n|upkeep\n|\n|t:|1699965315\n|switch|p2a: Torkoal|Torkoal, F|100\/100\n|-activate|p2a: Torkoal|move: Sticky Web\n|-unboost|p2a: Torkoal|spe|1\n|-status|p2a: Torkoal|psn\n|-weather|SunnyDay|[from] ability: Drought|[of] p2a: Torkoal\n|turn|9\n|\n|t:|1699965332\n|move|p1a: Arceus|Extreme Speed|p2a: Torkoal\n|-damage|p2a: Torkoal|6\/100 psn\n|move|p2a: Torkoal|Earth Power|p1a: Arceus\n|-damage|p1a: Arceus|33\/100\n|\n|-weather|SunnyDay|[upkeep]\n|-damage|p2a: Torkoal|0 fnt|[from] psn\n|faint|p2a: Torkoal\n|upkeep\n|\n|t:|1699965344\n|switch|p2a: Iron Hands|Iron Hands|100\/100\n|-activate|p2a: Iron Hands|move: Sticky Web\n|-unboost|p2a: Iron Hands|spe|1\n|-status|p2a: Iron Hands|psn\n|turn|10\n|\n|t:|1699965353\n|move|p2a: Iron Hands|Fake Out|p1a: Arceus\n|-damage|p1a: Arceus|23\/100\n|cant|p1a: Arceus|flinch\n|\n|-weather|SunnyDay|[upkeep]\n|-damage|p2a: Iron Hands|88\/100 psn|[from] psn\n|upkeep\n|turn|11\n|\n|t:|1699965363\n|move|p1a: Arceus|Extreme Speed|p2a: Iron Hands\n|-crit|p2a: Iron Hands\n|-damage|p2a: Iron Hands|0 fnt\n|faint|p2a: Iron Hands\n|-end|p2a: Iron Hands|Quark Drive|[silent]\n|\n|-weather|SunnyDay|[upkeep]\n|upkeep\n|\n|t:|1699965369\n|switch|p2a: Farigiraf|Farigiraf, M|100\/100\n|-activate|p2a: Farigiraf|move: Sticky Web\n|-unboost|p2a: Farigiraf|spe|1\n|-status|p2a: Farigiraf|psn\n|turn|12\n|\n|t:|1699965384\n|move|p1a: Arceus|Earthquake|p2a: Farigiraf\n|-damage|p2a: Farigiraf|25\/100 psn\n|move|p2a: Farigiraf|Trick Room|p2a: Farigiraf\n|-fieldstart|move: Trick Room|[of] p2a: Farigiraf\n|\n|-weather|SunnyDay|[upkeep]\n|-damage|p2a: Farigiraf|13\/100 psn|[from] psn\n|upkeep\n|turn|13\n|\n|t:|1699965413\n|move|p1a: Arceus|Extreme Speed||[still]\n|cant|p2a: Farigiraf|ability: Armor Tail|Extreme Speed|[of] p1a: Arceus\n|move|p2a: Farigiraf|Psychic|p1a: Arceus\n|-damage|p1a: Arceus|0 fnt\n|faint|p1a: Arceus\n|\n|-weather|none\n|-damage|p2a: Farigiraf|1\/100 psn|[from] psn\n|upkeep\n|\n|t:|1699965444\n|switch|p1a: Ceruledge|Ceruledge, F|100\/100\n|turn|14\n|\n|t:|1699965451\n|move|p2a: Farigiraf|Psychic|p1a: Ceruledge\n|-damage|p1a: Ceruledge|50\/100\n|move|p1a: Ceruledge|Swords Dance|p1a: Ceruledge\n|-boost|p1a: Ceruledge|atk|2\n|\n|-damage|p2a: Farigiraf|0 fnt|[from] psn\n|faint|p2a: Farigiraf\n|upkeep\n|\n|t:|1699965461\n|switch|p2a: Empoleon|Empoleon, F|100\/100\n|-activate|p2a: Empoleon|move: Sticky Web\n|-unboost|p2a: Empoleon|spe|1\n|-ability|p2a: Empoleon|Competitive|boost\n|-boost|p2a: Empoleon|spa|2\n|turn|15\n|\n|t:|1699965473\n|move|p2a: Empoleon|Water Pledge|p1a: Ceruledge\n|-supereffective|p1a: Ceruledge\n|-damage|p1a: Ceruledge|0 fnt\n|faint|p1a: Ceruledge\n|\n|upkeep\n|\n|t:|1699965479\n|switch|p1a: Haxorus|Haxorus, M|100\/100\n|-ability|p1a: Haxorus|Unnerve\n|turn|16\n|\n|t:|1699965486\n|move|p2a: Empoleon|Ice Beam|p1a: Haxorus\n|-supereffective|p1a: Haxorus\n|-damage|p1a: Haxorus|0 fnt\n|faint|p1a: Haxorus\n|\n|-fieldend|move: Trick Room\n|upkeep\n|\n|t:|1699965491\n|switch|p1a: Azumarill|Azumarill, F|100\/100\n|turn|17\n|\n|t:|1699965536\n|move|p1a: Azumarill|Superpower|p2a: Empoleon\n|-supereffective|p2a: Empoleon\n|-crit|p2a: Empoleon\n|-damage|p2a: Empoleon|0 fnt\n|-unboost|p1a: Azumarill|atk|1\n|-unboost|p1a: Azumarill|def|1\n|faint|p2a: Empoleon\n|\n|upkeep\n|\n|t:|1699965547\n|switch|p2a: Trevenant|Trevenant, F|100\/100\n|-activate|p2a: Trevenant|move: Sticky Web\n|-unboost|p2a: Trevenant|spe|1\n|-status|p2a: Trevenant|psn\n|turn|18\n|\n|t:|1699965557\n|move|p1a: Azumarill|Play Rough|p2a: Trevenant\n|-damage|p2a: Trevenant|51\/100 psn\n|move|p2a: Trevenant|Will-O-Wisp|p1a: Azumarill\n|-status|p1a: Azumarill|brn\n|\n|-damage|p2a: Trevenant|39\/100 psn|[from] psn\n|-damage|p1a: Azumarill|94\/100 brn|[from] brn\n|upkeep\n|-enditem|p2a: Trevenant|Sitrus Berry|[eat]\n|-heal|p2a: Trevenant|63\/100 psn|[from] item: Sitrus Berry\n|turn|19\n|\n|t:|1699965569\n|move|p1a: Azumarill|Belly Drum|p1a: Azumarill\n|-damage|p1a: Azumarill|44\/100 brn\n|-setboost|p1a: Azumarill|atk|6|[from] move: Belly Drum\n|-enditem|p1a: Azumarill|Sitrus Berry|[eat]\n|-heal|p1a: Azumarill|69\/100 brn|[from] item: Sitrus Berry\n|move|p2a: Trevenant|Horn Leech|p1a: Azumarill\n|-supereffective|p1a: Azumarill\n|-damage|p1a: Azumarill|0 fnt\n|-heal|p2a: Trevenant|100\/100 psn|[from] drain|[of] p1a: Azumarill\n|faint|p1a: Azumarill\n|\n|win|DrJay007\n|raw|cj99ex's rating: 1071 &rarr; <strong>1046<\/strong><br \/>(-25 for losing)\n|raw|DrJay007's rating: 1000 &rarr; <strong>1048<\/strong><br \/>(+48 for winning)\n|l|\u2606cj99ex\n","uploadtime":1699965590,"views":5,"p1id":"cj99ex","p2id":"drjay007","formatid":"gen9ubers","rating":1046,"private":0,"password":""}