{"id":"gen9ubers-1974677176","p1":"AlicieLizzie","p2":"qewt","format":"[Gen 9] Ubers","log":"|j|\u2606AlicieLizzie\n|j|\u2606qewt\n|t:|1698109485\n|gametype|singles\n|player|p1|AlicieLizzie|marnie-masters3|\n|player|p2|qewt|furisodegirl-black|\n|teamsize|p1|6\n|teamsize|p2|6\n|gen|9\n|tier|[Gen 9] Ubers\n|rule|Sleep Clause Mod: Limit one foe put to sleep\n|rule|Species Clause: Limit one of each Pok\u00e9mon\n|rule|OHKO Clause: OHKO moves are banned\n|rule|Evasion Items Clause: Evasion items are banned\n|rule|Evasion Moves Clause: Evasion moves are banned\n|rule|Endless Battle Clause: Forcing endless battles is banned\n|rule|HP Percentage Mod: HP is shown in percentages\n|clearpoke\n|poke|p1|Cyclizar, M|\n|poke|p1|Kommo-o, M|\n|poke|p1|Slowking-Galar, F|\n|poke|p1|Shaymin-Sky|\n|poke|p1|Gholdengo|\n|poke|p1|Zacian-*|\n|poke|p2|Zacian-*|\n|poke|p2|Arceus-Poison|\n|poke|p2|Magearna|\n|poke|p2|Palkia-Origin|\n|poke|p2|Cyclizar, F|\n|poke|p2|Gliscor, F|\n|teampreview\n|inactive|Battle timer is ON: inactive players will automatically lose when time's up. (requested by AlicieLizzie)\n|\n|t:|1698109499\n|start\n|switch|p1a: Zac King|Zacian|100\/100\n|switch|p2a: Zacian|Zacian|100\/100\n|-ability|p2a: Zacian|Intrepid Sword|boost\n|-boost|p2a: Zacian|atk|1\n|-ability|p1a: Zac King|Intrepid Sword|boost\n|-boost|p1a: Zac King|atk|1\n|turn|1\n|\n|t:|1698109510\n|move|p2a: Zacian|Trailblaze|p1a: Zac King\n|-damage|p1a: Zac King|72\/100\n|-boost|p2a: Zacian|spe|1\n|-damage|p2a: Zacian|91\/100|[from] item: Life Orb\n|move|p1a: Zac King|Iron Head|p2a: Zacian\n|-supereffective|p2a: Zacian\n|-damage|p2a: Zacian|0 fnt\n|faint|p2a: Zacian\n|\n|upkeep\n|\n|t:|1698109524\n|switch|p2a: Arceus|Arceus-Poison, shiny|100\/100\n|turn|2\n|\n|t:|1698109529\n|switch|p1a: Spiffy as Silver|Gholdengo|100\/100\n|move|p2a: Arceus|Cosmic Power|p2a: Arceus\n|-boost|p2a: Arceus|def|1\n|-boost|p2a: Arceus|spd|1\n|\n|upkeep\n|turn|3\n|\n|t:|1698109540\n|switch|p2a: Gliscor|Gliscor, F|100\/100\n|move|p1a: Spiffy as Silver|Make It Rain|p2a: Gliscor\n|-damage|p2a: Gliscor|50\/100\n|-unboost|p1a: Spiffy as Silver|spa|1\n|\n|-status|p2a: Gliscor|tox|[from] item: Toxic Orb\n|upkeep\n|turn|4\n|\n|t:|1698109550\n|switch|p1a: It's a Shayme|Shaymin-Sky|100\/100\n|move|p2a: Gliscor|Earthquake|p1a: It's a Shayme\n|-immune|p1a: It's a Shayme\n|\n|-heal|p2a: Gliscor|63\/100 tox|[from] ability: Poison Heal\n|upkeep\n|turn|5\n|\n|t:|1698109554\n|move|p2a: Gliscor|Protect|p2a: Gliscor\n|-singleturn|p2a: Gliscor|Protect\n|move|p1a: It's a Shayme|Seed Flare|p2a: Gliscor\n|-activate|p2a: Gliscor|move: Protect\n|\n|-heal|p2a: Gliscor|75\/100 tox|[from] ability: Poison Heal\n|upkeep\n|turn|6\n|\n|t:|1698109559\n|switch|p2a: Arceus|Arceus-Poison, shiny|100\/100\n|move|p1a: It's a Shayme|Seed Flare|p2a: Arceus|[miss]\n|-miss|p1a: It's a Shayme|p2a: Arceus\n|\n|upkeep\n|turn|7\n|\n|t:|1698109563\n|move|p1a: It's a Shayme|Air Slash|p2a: Arceus\n|-crit|p2a: Arceus\n|-damage|p2a: Arceus|68\/100\n|move|p2a: Arceus|Cosmic Power|p2a: Arceus\n|-boost|p2a: Arceus|def|1\n|-boost|p2a: Arceus|spd|1\n|\n|upkeep\n|turn|8\n|\n|t:|1698109569\n|move|p1a: It's a Shayme|Air Slash|p2a: Arceus\n|-damage|p2a: Arceus|54\/100\n|cant|p2a: Arceus|flinch\n|\n|upkeep\n|turn|9\n|\n|t:|1698109575\n|switch|p2a: Magearna|Magearna|100\/100\n|move|p1a: It's a Shayme|Air Slash|p2a: Magearna\n|-resisted|p2a: Magearna\n|-damage|p2a: Magearna|87\/100\n|\n|-heal|p2a: Magearna|93\/100|[from] item: Leftovers\n|upkeep\n|turn|10\n|\n|t:|1698109579\n|move|p1a: It's a Shayme|Leech Seed|p2a: Magearna\n|-start|p2a: Magearna|move: Leech Seed\n|move|p2a: Magearna|Thunder Wave|p1a: It's a Shayme\n|-status|p1a: It's a Shayme|par\n|\n|-heal|p2a: Magearna|99\/100|[from] item: Leftovers\n|-damage|p2a: Magearna|87\/100|[from] Leech Seed|[of] p1a: It's a Shayme\n|upkeep\n|turn|11\n|\n|t:|1698109584\n|switch|p1a: Glowstone King|Slowking-Galar, F|100\/100\n|move|p2a: Magearna|Spikes|p1a: Glowstone King\n|-sidestart|p1: AlicieLizzie|Spikes\n|\n|-heal|p2a: Magearna|93\/100|[from] item: Leftovers\n|-damage|p2a: Magearna|81\/100|[from] Leech Seed|[of] p1a: Glowstone King\n|upkeep\n|turn|12\n|\n|t:|1698109590\n|move|p2a: Magearna|Thunder Wave|p1a: Glowstone King\n|-status|p1a: Glowstone King|par\n|move|p1a: Glowstone King|Flamethrower|p2a: Magearna\n|-supereffective|p2a: Magearna\n|-damage|p2a: Magearna|46\/100\n|\n|-heal|p2a: Magearna|52\/100|[from] item: Leftovers\n|-damage|p2a: Magearna|40\/100|[from] Leech Seed|[of] p1a: Glowstone King\n|upkeep\n|turn|13\n|\n|t:|1698109596\n|move|p2a: Magearna|Volt Switch|p1a: Glowstone King\n|-damage|p1a: Glowstone King|89\/100 par\n|\n|t:|1698109602\n|switch|p2a: Palkia|Palkia-Origin, shiny|100\/100|[from] Volt Switch\n|-ability|p2a: Palkia|Pressure\n|move|p1a: Glowstone King|Flamethrower|p2a: Palkia\n|-resisted|p2a: Palkia\n|-damage|p2a: Palkia|96\/100\n|\n|upkeep\n|turn|14\n|\n|t:|1698109604\n|move|p2a: Palkia|Substitute|p2a: Palkia\n|-start|p2a: Palkia|Substitute\n|-damage|p2a: Palkia|71\/100\n|move|p1a: Glowstone King|Toxic||[still]\n|-fail|p1a: Glowstone King\n|\n|upkeep\n|turn|15\n|\n|t:|1698109611\n|switch|p1a: Zac King|Zacian|72\/100\n|-damage|p1a: Zac King|59\/100|[from] Spikes\n|move|p2a: Palkia|Hydro Pump|p1a: Zac King\n|-damage|p1a: Zac King|0 fnt\n|faint|p1a: Zac King\n|\n|upkeep\n|\n|t:|1698109616\n|switch|p1a: Cycle Dryer|Cyclizar, M|100\/100\n|turn|16\n|\n|t:|1698109623\n|move|p1a: Cycle Dryer|Rapid Spin|p2a: Palkia\n|-activate|p2a: Palkia|move: Substitute|[damage]\n|-sideend|p1: AlicieLizzie|Spikes|[from] move: Rapid Spin|[of] p1a: Cycle Dryer\n|-boost|p1a: Cycle Dryer|spe|1\n|move|p2a: Palkia|Spacial Rend|p1a: Cycle Dryer\n|-supereffective|p1a: Cycle Dryer\n|-damage|p1a: Cycle Dryer|0 fnt\n|faint|p1a: Cycle Dryer\n|\n|upkeep\n|\n|t:|1698109633\n|switch|p1a: Kommo-OH NO|Kommo-o, M|100\/100\n|turn|17\n|\n|t:|1698109638\n|-terastallize|p1a: Kommo-OH NO|Normal\n|move|p2a: Palkia|Thunder Wave|p1a: Kommo-OH NO\n|-status|p1a: Kommo-OH NO|par\n|move|p1a: Kommo-OH NO|Clanging Scales|p2a: Palkia\n|-supereffective|p2a: Palkia\n|-damage|p2a: Palkia|0 fnt\n|faint|p2a: Palkia\n|-unboost|p1a: Kommo-OH NO|def|1\n|-enditem|p1a: Kommo-OH NO|Throat Spray\n|-boost|p1a: Kommo-OH NO|spa|1|[from] item: Throat Spray\n|\n|upkeep\n|\n|t:|1698109647\n|switch|p2a: Arceus|Arceus-Poison, shiny|54\/100\n|turn|18\n|\n|t:|1698109652\n|move|p2a: Arceus|Cosmic Power|p2a: Arceus\n|-boost|p2a: Arceus|def|1\n|-boost|p2a: Arceus|spd|1\n|move|p1a: Kommo-OH NO|Boomburst|p2a: Arceus\n|-damage|p2a: Arceus|16\/100\n|\n|upkeep\n|turn|19\n|\n|t:|1698109655\n|move|p2a: Arceus|Recover|p2a: Arceus\n|-heal|p2a: Arceus|66\/100\n|move|p1a: Kommo-OH NO|Boomburst|p2a: Arceus\n|-crit|p2a: Arceus\n|-damage|p2a: Arceus|0 fnt\n|faint|p2a: Arceus\n|\n|upkeep\n|c|\u2606qewt|smmm\n|\n|t:|1698109661\n|switch|p2a: Gliscor|Gliscor, F|75\/100 tox\n|turn|20\n|c|\u2606qewt|againnn\n|c|\u2606AlicieLizzie|well that took less time than the last go round\n|\n|t:|1698109670\n|move|p2a: Gliscor|Earthquake|p1a: Kommo-OH NO\n|-damage|p1a: Kommo-OH NO|55\/100 par\n|move|p1a: Kommo-OH NO|Boomburst|p2a: Gliscor\n|-damage|p2a: Gliscor|0 fnt\n|faint|p2a: Gliscor\n|\n|upkeep\n|\n|t:|1698109675\n|switch|p2a: Magearna|Magearna|40\/100\n|turn|21\n|\n|t:|1698109678\n|move|p2a: Magearna|Fleur Cannon|p1a: Kommo-OH NO\n|-damage|p1a: Kommo-OH NO|0 fnt\n|-unboost|p2a: Magearna|spa|2\n|faint|p1a: Kommo-OH NO\n|-ability|p2a: Magearna|Soul-Heart|boost\n|-boost|p2a: Magearna|spa|1\n|\n|-heal|p2a: Magearna|46\/100|[from] item: Leftovers\n|upkeep\n|\n|t:|1698109683\n|switch|p1a: Spiffy as Silver|Gholdengo|100\/100\n|turn|22\n|c|\u2606qewt|ugh tahts so annoying\n|\n|t:|1698109687\n|move|p1a: Spiffy as Silver|Make It Rain|p2a: Magearna\n|-damage|p2a: Magearna|0 fnt\n|-unboost|p1a: Spiffy as Silver|spa|1\n|faint|p2a: Magearna\n|\n|upkeep\n|\n|t:|1698109689\n|switch|p2a: Cyclizar|Cyclizar, F|100\/100\n|turn|23\n|c|\u2606qewt|rm again?\n|\n|t:|1698109693\n|move|p1a: Spiffy as Silver|Make It Rain|p2a: Cyclizar\n|-damage|p2a: Cyclizar|42\/100\n|-unboost|p1a: Spiffy as Silver|spa|1\n|move|p2a: Cyclizar|Knock Off|p1a: Spiffy as Silver\n|-supereffective|p1a: Spiffy as Silver\n|-damage|p1a: Spiffy as Silver|54\/100\n|-enditem|p1a: Spiffy as Silver|Choice Scarf|[from] move: Knock Off|[of] p2a: Cyclizar\n|\n|upkeep\n|turn|24\n|c|\u2606AlicieLizzie|sure\n|\n|t:|1698109698\n|move|p2a: Cyclizar|Knock Off|p1a: Spiffy as Silver\n|-supereffective|p1a: Spiffy as Silver\n|-damage|p1a: Spiffy as Silver|20\/100\n|move|p1a: Spiffy as Silver|Make It Rain|p2a: Cyclizar\n|-damage|p2a: Cyclizar|0 fnt\n|-unboost|p1a: Spiffy as Silver|spa|1\n|faint|p2a: Cyclizar\n|\n|win|AlicieLizzie\n","uploadtime":1698109701,"views":22,"p1id":"alicielizzie","p2id":"qewt","formatid":"gen9ubers","rating":0,"private":0,"password":""}