{"id":"gen9ubers-1979737708","p1":"samuel__jales","p2":"weloveep","format":"[Gen 9] Ubers","log":"|j|\u2606samuel__jales\n|j|\u2606weloveep\n|t:|1698708110\n|gametype|singles\n|player|p1|samuel__jales|101|1445\n|player|p2|weloveep|swimmerf-gen4|1359\n|teamsize|p1|6\n|teamsize|p2|6\n|gen|9\n|tier|[Gen 9] Ubers\n|rated|\n|rule|Sleep Clause Mod: Limit one foe put to sleep\n|rule|Species Clause: Limit one of each Pok\u00e9mon\n|rule|OHKO Clause: OHKO moves are banned\n|rule|Evasion Items Clause: Evasion items are banned\n|rule|Evasion Moves Clause: Evasion moves are banned\n|rule|Endless Battle Clause: Forcing endless battles is banned\n|rule|HP Percentage Mod: HP is shown in percentages\n|clearpoke\n|poke|p1|Zacian-*|\n|poke|p1|Koraidon|\n|poke|p1|Miraidon|\n|poke|p1|Kyogre|\n|poke|p1|Groudon|\n|poke|p1|Arceus|\n|poke|p2|Calyrex-Ice|\n|poke|p2|Koraidon|\n|poke|p2|Toxapex, M|\n|poke|p2|Ting-Lu|\n|poke|p2|Arceus|\n|poke|p2|Miraidon|\n|teampreview\n|j| ZowwyCafe\u2764\n|j| TheLindomar\n|\n|t:|1698708124\n|start\n|switch|p1a: Koraidon|Koraidon|100\/100\n|switch|p2a: Koraidon|Koraidon|100\/100\n|-weather|SunnyDay|[from] ability: Orichalcum Pulse|[of] p2a: Koraidon\n|-activate|p2a: Koraidon|Orichalcum Pulse|[source]\n|-activate|p1a: Koraidon|ability: Orichalcum Pulse\n|turn|1\n|\n|t:|1698708130\n|-terastallize|p1a: Koraidon|Fire\n|move|p2a: Koraidon|U-turn|p1a: Koraidon\n|-resisted|p1a: Koraidon\n|-damage|p1a: Koraidon|87\/100\n|\n|t:|1698708134\n|switch|p2a: Toxapex|Toxapex, M|100\/100|[from] U-turn\n|move|p1a: Koraidon|Scale Shot|p2a: Toxapex\n|-damage|p2a: Toxapex|88\/100\n|-damage|p2a: Toxapex|75\/100\n|-damage|p2a: Toxapex|64\/100\n|-damage|p2a: Toxapex|51\/100\n|-damage|p2a: Toxapex|40\/100\n|-hitcount|p2a: Toxapex|5\n|-unboost|p1a: Koraidon|def|1\n|-boost|p1a: Koraidon|spe|1\n|\n|-weather|SunnyDay|[upkeep]\n|upkeep\n|turn|2\n|\n|t:|1698708140\n|move|p1a: Koraidon|Scale Shot|p2a: Toxapex\n|-damage|p2a: Toxapex|28\/100\n|-damage|p2a: Toxapex|17\/100\n|-damage|p2a: Toxapex|6\/100\n|-damage|p2a: Toxapex|0 fnt\n|faint|p2a: Toxapex\n|-hitcount|p2: Toxapex|4\n|-unboost|p1a: Koraidon|def|1\n|-boost|p1a: Koraidon|spe|1\n|\n|-weather|SunnyDay|[upkeep]\n|upkeep\n|\n|t:|1698708143\n|switch|p2a: Arceus|Arceus|100\/100\n|turn|3\n|\n|t:|1698708179\n|move|p2a: Arceus|Extreme Speed|p1a: Koraidon\n|-damage|p1a: Koraidon|0 fnt\n|faint|p1a: Koraidon\n|\n|-weather|SunnyDay|[upkeep]\n|upkeep\n|\n|t:|1698708196\n|switch|p1a: Zacian|Zacian-Crowned|100\/100\n|-ability|p1a: Zacian|Intrepid Sword|boost\n|-boost|p1a: Zacian|atk|1\n|turn|4\n|\n|t:|1698708204\n|move|p1a: Zacian|Close Combat|p2a: Arceus\n|-supereffective|p2a: Arceus\n|-damage|p2a: Arceus|3\/100\n|-unboost|p1a: Zacian|def|1\n|-unboost|p1a: Zacian|spd|1\n|move|p2a: Arceus|Swords Dance|p2a: Arceus\n|-boost|p2a: Arceus|atk|2\n|\n|-weather|SunnyDay|[upkeep]\n|upkeep\n|turn|5\n|\n|t:|1698708214\n|switch|p1a: Arceus|Arceus|100\/100\n|move|p2a: Arceus|Extreme Speed|p1a: Arceus\n|-damage|p1a: Arceus|34\/100\n|\n|-weather|none\n|-heal|p1a: Arceus|40\/100|[from] item: Leftovers\n|upkeep\n|turn|6\n|\n|t:|1698708218\n|move|p2a: Arceus|Extreme Speed|p1a: Arceus\n|-damage|p1a: Arceus|0 fnt\n|faint|p1a: Arceus\n|\n|upkeep\n|\n|t:|1698708221\n|switch|p1a: Zacian|Zacian-Crowned|100\/100\n|turn|7\n|\n|t:|1698708226\n|-terastallize|p2a: Arceus|Normal\n|move|p2a: Arceus|Extreme Speed|p1a: Zacian\n|-resisted|p1a: Zacian\n|-damage|p1a: Zacian|33\/100\n|move|p1a: Zacian|Behemoth Blade|p2a: Arceus\n|-damage|p2a: Arceus|0 fnt\n|faint|p2a: Arceus\n|\n|upkeep\n|\n|t:|1698708234\n|switch|p2a: Koraidon|Koraidon|100\/100\n|-weather|SunnyDay|[from] ability: Orichalcum Pulse|[of] p2a: Koraidon\n|-activate|p2a: Koraidon|Orichalcum Pulse|[source]\n|turn|8\n|\n|t:|1698708250\n|move|p2a: Koraidon|Low Kick|p1a: Zacian\n|-damage|p1a: Zacian|0 fnt\n|faint|p1a: Zacian\n|\n|-weather|SunnyDay|[upkeep]\n|upkeep\n|\n|t:|1698708259\n|switch|p1a: Miraidon|Miraidon|100\/100\n|-fieldstart|move: Electric Terrain|[from] ability: Hadron Engine|[of] p1a: Miraidon\n|turn|9\n|\n|t:|1698708263\n|move|p2a: Koraidon|Low Kick|p1a: Miraidon\n|-damage|p1a: Miraidon|16\/100\n|move|p1a: Miraidon|Draco Meteor|p2a: Koraidon\n|-supereffective|p2a: Koraidon\n|-damage|p2a: Koraidon|0 fnt\n|-unboost|p1a: Miraidon|spa|2\n|faint|p2a: Koraidon\n|\n|-weather|SunnyDay|[upkeep]\n|upkeep\n|\n|t:|1698708265\n|switch|p2a: EP|Calyrex-Ice|100\/100\n|-ability|p2a: EP|As One\n|-ability|p2a: EP|Unnerve\n|turn|10\n|\n|t:|1698708269\n|move|p1a: Miraidon|Draco Meteor|p2a: EP\n|-damage|p2a: EP|50\/100\n|-unboost|p1a: Miraidon|spa|2\n|move|p2a: EP|Trick Room|p2a: EP\n|-fieldstart|move: Trick Room|[of] p2a: EP\n|\n|-weather|SunnyDay|[upkeep]\n|upkeep\n|turn|11\n|\n|t:|1698708274\n|switch|p1a: Kyogre|Kyogre|100\/100\n|-weather|RainDance|[from] ability: Drizzle|[of] p1a: Kyogre\n|move|p2a: EP|Swords Dance|p2a: EP\n|-boost|p2a: EP|atk|2\n|\n|-weather|RainDance|[upkeep]\n|upkeep\n|turn|12\n|\n|t:|1698708281\n|move|p2a: EP|High Horsepower|p1a: Kyogre\n|-damage|p1a: Kyogre|14\/100\n|move|p1a: Kyogre|Surf|p2a: EP\n|-damage|p2a: EP|0 fnt\n|faint|p2a: EP\n|\n|-weather|RainDance|[upkeep]\n|-heal|p1a: Kyogre|20\/100|[from] item: Leftovers\n|upkeep\n|\n|t:|1698708284\n|switch|p2a: Ting-Lu|Ting-Lu|100\/100\n|-ability|p2a: Ting-Lu|Vessel of Ruin\n|turn|13\n|\n|t:|1698708294\n|move|p2a: Ting-Lu|Earthquake|p1a: Kyogre\n|-damage|p1a: Kyogre|0 fnt\n|faint|p1a: Kyogre\n|\n|-weather|RainDance|[upkeep]\n|-fieldend|move: Electric Terrain\n|upkeep\n|\n|t:|1698708297\n|switch|p1a: Groudon|Groudon|100\/100\n|-weather|SunnyDay|[from] ability: Drought|[of] p1a: Groudon\n|turn|14\n|\n|t:|1698708302\n|move|p2a: Ting-Lu|Earthquake|p1a: Groudon\n|-damage|p1a: Groudon|75\/100\n|move|p1a: Groudon|Will-O-Wisp|p2a: Ting-Lu\n|-status|p2a: Ting-Lu|brn\n|\n|-weather|SunnyDay|[upkeep]\n|-heal|p1a: Groudon|81\/100|[from] item: Leftovers\n|-damage|p2a: Ting-Lu|94\/100 brn|[from] brn\n|-fieldend|move: Trick Room\n|upkeep\n|turn|15\n|\n|t:|1698708307\n|move|p1a: Groudon|Stealth Rock|p2a: Ting-Lu\n|-sidestart|p2: weloveep|move: Stealth Rock\n|move|p2a: Ting-Lu|Whirlwind|p1a: Groudon\n|drag|p1a: Miraidon|Miraidon|16\/100\n|-fieldstart|move: Electric Terrain|[from] ability: Hadron Engine|[of] p1a: Miraidon\n|\n|-weather|SunnyDay|[upkeep]\n|-heal|p2a: Ting-Lu|100\/100 brn|[from] item: Leftovers\n|-damage|p2a: Ting-Lu|94\/100 brn|[from] brn\n|upkeep\n|turn|16\n|\n|t:|1698708318\n|move|p1a: Miraidon|Draco Meteor|p2a: Ting-Lu\n|-damage|p2a: Ting-Lu|39\/100 brn\n|-unboost|p1a: Miraidon|spa|2\n|move|p2a: Ting-Lu|Earthquake|p1a: Miraidon\n|-supereffective|p1a: Miraidon\n|-damage|p1a: Miraidon|0 fnt\n|faint|p1a: Miraidon\n|\n|-weather|SunnyDay|[upkeep]\n|-heal|p2a: Ting-Lu|45\/100 brn|[from] item: Leftovers\n|-damage|p2a: Ting-Lu|39\/100 brn|[from] brn\n|upkeep\n|\n|t:|1698708322\n|switch|p1a: Groudon|Groudon|81\/100\n|turn|17\n|\n|t:|1698708326\n|move|p1a: Groudon|Precipice Blades|p2a: Ting-Lu\n|-damage|p2a: Ting-Lu|6\/100 brn\n|move|p2a: Ting-Lu|Ruination|p1a: Groudon\n|-damage|p1a: Groudon|41\/100\n|\n|-weather|SunnyDay|[upkeep]\n|-heal|p1a: Groudon|47\/100|[from] item: Leftovers\n|-heal|p2a: Ting-Lu|12\/100 brn|[from] item: Leftovers\n|-damage|p2a: Ting-Lu|6\/100 brn|[from] brn\n|upkeep\n|turn|18\n|\n|t:|1698708329\n|move|p1a: Groudon|Precipice Blades|p2a: Ting-Lu\n|-damage|p2a: Ting-Lu|0 fnt\n|faint|p2a: Ting-Lu\n|\n|-weather|none\n|-heal|p1a: Groudon|53\/100|[from] item: Leftovers\n|upkeep\n|\n|t:|1698708331\n|switch|p2a: Miraidon|Miraidon|100\/100\n|-damage|p2a: Miraidon|88\/100|[from] Stealth Rock\n|-activate|p2a: Miraidon|ability: Hadron Engine\n|turn|19\n|\n|t:|1698708334\n|move|p2a: Miraidon|Draco Meteor|p1a: Groudon\n|-damage|p1a: Groudon|0 fnt\n|-unboost|p2a: Miraidon|spa|2\n|faint|p1a: Groudon\n|-damage|p2a: Miraidon|78\/100|[from] item: Life Orb\n|\n|win|weloveep\n|raw|samuel__jales's rating: 1465 &rarr; <strong>1439<\/strong><br \/>(-26 for losing)\n|raw|weloveep's rating: 1359 &rarr; <strong>1385<\/strong><br \/>(+26 for winning)\n|l|\u2606samuel__jales\n|c|\u2606weloveep|ez\n|l|\u2606weloveep\n|l| ZowwyCafe\u2764\n","uploadtime":1698708392,"views":15,"p1id":"samueljales","p2id":"weloveep","formatid":"gen9ubers","rating":1385,"private":0,"password":""}