{"id":"gen9ubers-1991847650","p1":"Toasterina","p2":"Not a Jynx","format":"[Gen 9] Ubers","log":"|j|\u2606Toasterina\n|j|\u2606Not a Jynx\n|t:|1700127813\n|gametype|singles\n|player|p1|Toasterina|266|1343\n|player|p2|Not a Jynx|170|1320\n|teamsize|p1|6\n|teamsize|p2|6\n|gen|9\n|tier|[Gen 9] Ubers\n|rated|\n|rule|Sleep Clause Mod: Limit one foe put to sleep\n|rule|Species Clause: Limit one of each Pok\u00e9mon\n|rule|OHKO Clause: OHKO moves are banned\n|rule|Evasion Items Clause: Evasion items are banned\n|rule|Evasion Moves Clause: Evasion moves are banned\n|rule|Endless Battle Clause: Forcing endless battles is banned\n|rule|HP Percentage Mod: HP is shown in percentages\n|clearpoke\n|poke|p1|Zacian-*|\n|poke|p1|Koraidon|\n|poke|p1|Flutter Mane|\n|poke|p1|Ogerpon-Hearthflame, F|\n|poke|p1|Chi-Yu|\n|poke|p1|Kingambit, M|\n|poke|p2|Espathra, F|\n|poke|p2|Dondozo, F|\n|poke|p2|Regieleki|\n|poke|p2|Arceus|\n|poke|p2|Palafin, F|\n|poke|p2|Slowking-Galar, F|\n|teampreview\n|inactive|Battle timer is ON: inactive players will automatically lose when time's up. (requested by Toasterina)\n|\n|t:|1700127847\n|start\n|switch|p1a: Koraidon|Koraidon|100\/100\n|switch|p2a: Regieleki|Regieleki|100\/100\n|-weather|SunnyDay|[from] ability: Orichalcum Pulse|[of] p1a: Koraidon\n|-activate|p1a: Koraidon|Orichalcum Pulse|[source]\n|turn|1\n|\n|t:|1700127854\n|move|p1a: Koraidon|Outrage|p2a: Regieleki\n|-crit|p2a: Regieleki\n|-damage|p2a: Regieleki|0 fnt\n|faint|p2a: Regieleki\n|\n|-weather|SunnyDay|[upkeep]\n|upkeep\n|inactive|Not a Jynx has 120 seconds left.\n|\n|t:|1700127886\n|switch|p2a: Palafin|Palafin, F|100\/100\n|turn|2\n|\n|t:|1700127889\n|detailschange|p2a: Palafin|Palafin-Hero, F\n|switch|p2a: Dondozo|Dondozo, F|100\/100\n|move|p1a: Koraidon|Outrage|p2a: Dondozo|[from]lockedmove\n|-damage|p2a: Dondozo|64\/100\n|\n|-weather|SunnyDay|[upkeep]\n|-heal|p2a: Dondozo|70\/100|[from] item: Leftovers\n|upkeep\n|turn|3\n|j| gokunous\\\n|\n|t:|1700127895\n|move|p1a: Koraidon|Outrage|p2a: Dondozo|[from]lockedmove\n|-damage|p2a: Dondozo|30\/100\n|-start|p1a: Koraidon|confusion|[fatigue]\n|move|p2a: Dondozo|Yawn|p1a: Koraidon\n|-start|p1a: Koraidon|move: Yawn|[of] p2a: Dondozo\n|\n|-weather|SunnyDay|[upkeep]\n|-heal|p2a: Dondozo|36\/100|[from] item: Leftovers\n|upkeep\n|turn|4\n|\n|t:|1700127900\n|-activate|p1a: Koraidon|confusion\n|move|p1a: Koraidon|Outrage|p2a: Dondozo\n|-damage|p2a: Dondozo|0 fnt\n|faint|p2a: Dondozo\n|\n|-weather|SunnyDay|[upkeep]\n|-end|p1a: Koraidon|move: Yawn|[silent]\n|-status|p1a: Koraidon|slp\n|upkeep\n|\n|t:|1700127912\n|switch|p2a: Espathra|Espathra, F|100\/100\n|turn|5\n|\n|t:|1700127924\n|switch|p1a: Zacian|Zacian-Crowned|100\/100\n|-ability|p1a: Zacian|Intrepid Sword|boost\n|-boost|p1a: Zacian|atk|1\n|move|p2a: Espathra|Calm Mind|p2a: Espathra\n|-boost|p2a: Espathra|spa|1\n|-boost|p2a: Espathra|spd|1\n|\n|-weather|none\n|-ability|p2a: Espathra|Speed Boost|boost\n|-boost|p2a: Espathra|spe|1\n|upkeep\n|turn|6\n|\n|t:|1700127931\n|move|p2a: Espathra|Protect|p2a: Espathra\n|-singleturn|p2a: Espathra|Protect\n|move|p1a: Zacian|Behemoth Blade|p2a: Espathra\n|-activate|p2a: Espathra|move: Protect\n|\n|-ability|p2a: Espathra|Speed Boost|boost\n|-boost|p2a: Espathra|spe|1\n|upkeep\n|turn|7\n|\n|t:|1700127939\n|move|p2a: Espathra|Stored Power|p1a: Zacian\n|-resisted|p1a: Zacian\n|-damage|p1a: Zacian|72\/100\n|move|p1a: Zacian|Behemoth Blade|p2a: Espathra\n|-damage|p2a: Espathra|0 fnt\n|faint|p2a: Espathra\n|\n|upkeep\n|-message|Not a Jynx forfeited.\n|\n|win|Toasterina\n|raw|Toasterina's rating: 1343 &rarr; <strong>1362<\/strong><br \/>(+19 for winning)\n|raw|Not a Jynx's rating: 1320 &rarr; <strong>1301<\/strong><br \/>(-19 for losing)\n|l|\u2606Not a Jynx\n","uploadtime":1700127949,"views":16,"p1id":"toasterina","p2id":"notajynx","formatid":"gen9ubers","rating":1301,"private":0,"password":""}