{"id":"gen9ubers-1985207288","p1":"Walnut_Simulacrum","p2":"PaulThePrickle","format":"[Gen 9] Ubers","log":"|j|\u2606Walnut_Simulacrum\n|j|\u2606PaulThePrickle\n|t:|1699348774\n|gametype|singles\n|player|p1|Walnut_Simulacrum|plasmagruntf|1043\n|player|p2|PaulThePrickle|hilbert|1134\n|teamsize|p1|6\n|teamsize|p2|6\n|gen|9\n|tier|[Gen 9] Ubers\n|rated|\n|rule|Sleep Clause Mod: Limit one foe put to sleep\n|rule|Species Clause: Limit one of each Pok\u00e9mon\n|rule|OHKO Clause: OHKO moves are banned\n|rule|Evasion Items Clause: Evasion items are banned\n|rule|Evasion Moves Clause: Evasion moves are banned\n|rule|Endless Battle Clause: Forcing endless battles is banned\n|rule|HP Percentage Mod: HP is shown in percentages\n|clearpoke\n|poke|p1|Kyogre|\n|poke|p1|Ribombee, M|\n|poke|p1|Zacian-*|\n|poke|p1|Skeledirge, M|\n|poke|p1|Arceus-Ground|\n|poke|p1|Flutter Mane|\n|poke|p2|Garganacl, M|\n|poke|p2|Sableye, M|\n|poke|p2|Chien-Pao|\n|poke|p2|Regieleki|\n|poke|p2|Volcarona, F|\n|poke|p2|Ogerpon-Hearthflame, F|\n|teampreview\n|inactive|Battle timer is ON: inactive players will automatically lose when time's up. (requested by Walnut_Simulacrum)\n|inactive|PaulThePrickle also wants the timer to be on.\n|\n|t:|1699348796\n|start\n|switch|p1a: Bombastic|Ribombee, M|100\/100\n|switch|p2a: Zoom|Regieleki|100\/100\n|turn|1\n|\n|t:|1699348812\n|move|p2a: Zoom|Thunderbolt|p1a: Bombastic\n|-enditem|p1a: Bombastic|Focus Sash\n|-damage|p1a: Bombastic|1\/100\n|-damage|p2a: Zoom|91\/100|[from] item: Life Orb\n|move|p1a: Bombastic|Stun Spore|p2a: Zoom\n|-immune|p2a: Zoom\n|\n|upkeep\n|turn|2\n|\n|t:|1699348826\n|move|p2a: Zoom|Rapid Spin|p1a: Bombastic\n|-damage|p1a: Bombastic|0 fnt\n|-boost|p2a: Zoom|spe|1\n|faint|p1a: Bombastic\n|-damage|p2a: Zoom|81\/100|[from] item: Life Orb\n|\n|upkeep\n|\n|t:|1699348847\n|switch|p1a: Arceus|Arceus-Ground|100\/100\n|turn|3\n|c|\u2606PaulThePrickle|!dex transistor\n|raw|<ul class=\"utilichart\"><li class=\"result\"><span class=\"col namecol\"><a href=\"https:\/\/dex.pokemonshowdown.com\/abilities\/transistor\">Transistor<\/a><\/span> <span class=\"col abilitydesccol\">This Pokemon's offensive stat is multiplied by 1.3 while using an Electric-type attack.<\/span> <\/li><li style=\"clear:both\"><\/li><\/ul>\n\n|\n|t:|1699348869\n|switch|p2a: Onyx|Sableye, M|100\/100\n|move|p1a: Arceus|Earthquake|p2a: Onyx\n|-damage|p2a: Onyx|22\/100\n|\n|-heal|p2a: Onyx|28\/100|[from] item: Leftovers\n|upkeep\n|turn|4\n|\n|t:|1699348881\n|move|p2a: Onyx|Will-O-Wisp|p1a: Arceus\n|-status|p1a: Arceus|brn\n|move|p1a: Arceus|Earthquake|p2a: Onyx\n|-damage|p2a: Onyx|0 fnt\n|faint|p2a: Onyx\n|\n|-damage|p1a: Arceus|94\/100 brn|[from] brn\n|upkeep\n|\n|t:|1699348887\n|switch|p2a: Girly|Ogerpon-Hearthflame, F|100\/100\n|-ability|p2a: Girly|Mold Breaker\n|turn|5\n|\n|t:|1699348903\n|move|p2a: Girly|Horn Leech|p1a: Arceus\n|-supereffective|p1a: Arceus\n|-damage|p1a: Arceus|29\/100 brn\n|move|p1a: Arceus|Dragon Dance|p1a: Arceus\n|-boost|p1a: Arceus|atk|1\n|-boost|p1a: Arceus|spe|1\n|\n|-damage|p1a: Arceus|23\/100 brn|[from] brn\n|upkeep\n|turn|6\n|\n|t:|1699348917\n|move|p1a: Arceus|Earthquake|p2a: Girly\n|-damage|p2a: Girly|39\/100\n|move|p2a: Girly|Horn Leech|p1a: Arceus\n|-supereffective|p1a: Arceus\n|-damage|p1a: Arceus|0 fnt\n|-heal|p2a: Girly|53\/100|[from] drain|[of] p1a: Arceus\n|faint|p1a: Arceus\n|\n|upkeep\n|inactive|Walnut_Simulacrum has 120 seconds left.\n|inactive|Walnut_Simulacrum has 90 seconds left.\n|inactive|Walnut_Simulacrum has 60 seconds left.\n|inactive|Walnut_Simulacrum has 30 seconds left.\n|\n|t:|1699349018\n|switch|p1a: Zacyan|Zacian-Crowned|100\/100\n|-ability|p1a: Zacyan|Intrepid Sword|boost\n|-boost|p1a: Zacyan|atk|1\n|turn|7\n|\n|t:|1699349027\n|move|p1a: Zacyan|Play Rough|p2a: Girly|[miss]\n|-miss|p1a: Zacyan|p2a: Girly\n|move|p2a: Girly|Ivy Cudgel|p1a: Zacyan\n|-supereffective|p1a: Zacyan\n|-damage|p1a: Zacyan|0 fnt\n|faint|p1a: Zacyan\n|\n|upkeep\n|\n|t:|1699349034\n|switch|p1a: Skellington|Skeledirge, M|100\/100\n|turn|8\n|\n|t:|1699349043\n|switch|p2a: Salt|Garganacl, M|100\/100\n|move|p1a: Skellington|Torch Song|p2a: Salt\n|-resisted|p2a: Salt\n|-damage|p2a: Salt|86\/100\n|-boost|p1a: Skellington|spa|1\n|\n|-heal|p2a: Salt|93\/100|[from] item: Leftovers\n|upkeep\n|turn|9\n|\n|t:|1699349053\n|switch|p1a: kyShrek|Kyogre|100\/100\n|-weather|RainDance|[from] ability: Drizzle|[of] p1a: kyShrek\n|move|p2a: Salt|Salt Cure|p1a: kyShrek\n|-damage|p1a: kyShrek|86\/100\n|-start|p1a: kyShrek|Salt Cure\n|\n|-weather|RainDance|[upkeep]\n|-heal|p2a: Salt|99\/100|[from] item: Leftovers\n|-damage|p1a: kyShrek|61\/100|[from] Salt Cure\n|upkeep\n|turn|10\n|\n|t:|1699349069\n|-terastallize|p1a: kyShrek|Water\n|move|p2a: Salt|Protect|p2a: Salt\n|-singleturn|p2a: Salt|Protect\n|move|p1a: kyShrek|Water Spout|p2a: Salt\n|-activate|p2a: Salt|move: Protect\n|\n|-weather|RainDance|[upkeep]\n|-heal|p2a: Salt|100\/100|[from] item: Leftovers\n|-damage|p1a: kyShrek|36\/100|[from] Salt Cure\n|upkeep\n|turn|11\n|\n|t:|1699349082\n|-terastallize|p2a: Salt|Ghost\n|move|p1a: kyShrek|Water Spout|p2a: Salt\n|-damage|p2a: Salt|1\/100\n|move|p2a: Salt|Recover|p2a: Salt\n|-heal|p2a: Salt|51\/100\n|\n|-weather|RainDance|[upkeep]\n|-heal|p2a: Salt|57\/100|[from] item: Leftovers\n|-damage|p1a: kyShrek|11\/100|[from] Salt Cure\n|upkeep\n|turn|12\n|\n|t:|1699349094\n|switch|p1a: Flubber|Flutter Mane|100\/100\n|move|p2a: Salt|Protect||[still]\n|-fail|p2a: Salt\n|\n|-weather|RainDance|[upkeep]\n|-heal|p2a: Salt|63\/100|[from] item: Leftovers\n|upkeep\n|turn|13\n|\n|t:|1699349108\n|move|p1a: Flubber|Moonblast|p2a: Salt\n|-damage|p2a: Salt|0 fnt\n|faint|p2a: Salt\n|\n|-weather|none\n|upkeep\n|\n|t:|1699349112\n|switch|p2a: Gato|Chien-Pao|100\/100\n|-ability|p2a: Gato|Sword of Ruin\n|turn|14\n|\n|t:|1699349117\n|move|p1a: Flubber|Moonblast|p2a: Gato\n|-supereffective|p2a: Gato\n|-enditem|p2a: Gato|Focus Sash\n|-damage|p2a: Gato|1\/100\n|move|p2a: Gato|Crunch|p1a: Flubber\n|-damage|p1a: Flubber|0 fnt\n|faint|p1a: Flubber\n|-end|p1a: Flubber|Protosynthesis|[silent]\n|\n|upkeep\n|\n|t:|1699349127\n|switch|p1a: Skellington|Skeledirge, M|100\/100\n|turn|15\n|\n|t:|1699349130\n|move|p2a: Gato|Crunch|p1a: Skellington\n|-supereffective|p1a: Skellington\n|-damage|p1a: Skellington|37\/100\n|move|p1a: Skellington|Torch Song|p2a: Gato\n|-supereffective|p2a: Gato\n|-crit|p2a: Gato\n|-damage|p2a: Gato|0 fnt\n|-boost|p1a: Skellington|spa|1\n|faint|p2a: Gato\n|\n|upkeep\n|\n|t:|1699349136\n|switch|p2a: Zoom|Regieleki|81\/100\n|turn|16\n|\n|t:|1699349146\n|move|p2a: Zoom|Thunderbolt|p1a: Skellington\n|-damage|p1a: Skellington|0 fnt\n|faint|p1a: Skellington\n|-damage|p2a: Zoom|71\/100|[from] item: Life Orb\n|\n|upkeep\n|\n|t:|1699349152\n|switch|p1a: kyShrek|Kyogre, tera:Water|11\/100\n|-weather|RainDance|[from] ability: Drizzle|[of] p1a: kyShrek\n|turn|17\n|\n|t:|1699349159\n|move|p2a: Zoom|Thunderbolt|p1a: kyShrek\n|-supereffective|p1a: kyShrek\n|-damage|p1a: kyShrek|0 fnt\n|faint|p1a: kyShrek\n|-damage|p2a: Zoom|61\/100|[from] item: Life Orb\n|\n|win|PaulThePrickle\n|raw|Walnut_Simulacrum's rating: 1043 &rarr; <strong>1031<\/strong><br \/>(-12 for losing)\n|raw|PaulThePrickle's rating: 1134 &rarr; <strong>1153<\/strong><br \/>(+19 for winning)\n|l|\u2606Walnut_Simulacrum\n","uploadtime":1699349168,"views":6,"p1id":"walnutsimulacrum","p2id":"paultheprickle","formatid":"gen9ubers","rating":1031,"private":0,"password":""}