{"id":"gen9ubers-1970851481","p1":"MicklePokemon","p2":"LiampokeGod","format":"[Gen 9] Ubers","log":"|j|\u2606MicklePokemon\n|j|\u2606LiampokeGod\n|t:|1697673729\n|gametype|singles\n|player|p1|MicklePokemon|170|1000\n|player|p2|LiampokeGod|170|1098\n|teamsize|p1|6\n|teamsize|p2|6\n|gen|9\n|tier|[Gen 9] Ubers\n|rated|\n|rule|Sleep Clause Mod: Limit one foe put to sleep\n|rule|Species Clause: Limit one of each Pok\u00e9mon\n|rule|OHKO Clause: OHKO moves are banned\n|rule|Evasion Items Clause: Evasion items are banned\n|rule|Evasion Moves Clause: Evasion moves are banned\n|rule|Endless Battle Clause: Forcing endless battles is banned\n|rule|HP Percentage Mod: HP is shown in percentages\n|clearpoke\n|poke|p1|Amoonguss, F|\n|poke|p1|Ditto|\n|poke|p1|Maushold|\n|poke|p1|Breloom, F|\n|poke|p1|Chandelure, M|\n|poke|p1|Goodra-Hisui, M|\n|poke|p2|Eternatus|\n|poke|p2|Dialga|\n|poke|p2|Zacian-*|\n|poke|p2|Calyrex-Ice|\n|poke|p2|Arceus-Steel|\n|poke|p2|Mewtwo|\n|teampreview\n|c|\u2606MicklePokemon|this\n|c|\u2606MicklePokemon|this isnt UU is it?\n|\n|t:|1697673753\n|start\n|switch|p1a: Ditto|Ditto, shiny|100\/100\n|switch|p2a: Zacian|Zacian-Crowned, shiny|100\/100\n|-ability|p2a: Zacian|Intrepid Sword|boost\n|-boost|p2a: Zacian|atk|1\n|-transform|p1a: Ditto|p2a: Zacian|[from] ability: Imposter\n|-ability|p1a: Ditto|Intrepid Sword|boost\n|-boost|p1a: Ditto|atk|1\n|turn|1\n|\n|t:|1697673768\n|move|p1a: Ditto|Behemoth Blade|p2a: Zacian\n|-damage|p2a: Zacian|0 fnt\n|faint|p2a: Zacian\n|\n|upkeep\n|inactive|Battle timer is ON: inactive players will automatically lose when time's up. (requested by MicklePokemon)\n|\n|t:|1697673805\n|switch|p2a: Arceus|Arceus-Steel|100\/100\n|turn|2\n|\n|t:|1697673824\n|move|p1a: Ditto|Behemoth Blade|p2a: Arceus\n|-resisted|p2a: Arceus\n|-damage|p2a: Arceus|68\/100\n|move|p2a: Arceus|Earth Power|p1a: Ditto\n|-supereffective|p1a: Ditto\n|-damage|p1a: Ditto|52\/100\n|\n|upkeep\n|turn|3\n|\n|t:|1697673832\n|move|p1a: Ditto|Behemoth Blade|p2a: Arceus\n|-resisted|p2a: Arceus\n|-damage|p2a: Arceus|32\/100\n|move|p2a: Arceus|Earth Power|p1a: Ditto\n|-supereffective|p1a: Ditto\n|-damage|p1a: Ditto|2\/100\n|\n|upkeep\n|turn|4\n|\n|t:|1697673842\n|switch|p2a: Dialga|Dialga|100\/100\n|-ability|p2a: Dialga|Pressure\n|move|p1a: Ditto|Behemoth Blade|p2a: Dialga\n|-resisted|p2a: Dialga\n|-damage|p2a: Dialga|60\/100\n|\n|-heal|p2a: Dialga|67\/100|[from] item: Leftovers\n|upkeep\n|turn|5\n|\n|t:|1697673852\n|-activate|p1a: Ditto|move: Struggle\n|move|p1a: Ditto|Struggle|p2a: Dialga\n|-damage|p2a: Dialga|41\/100\n|-damage|p1a: Ditto|0 fnt|[from] recoil\n|faint|p1a: Ditto\n|move|p2a: Dialga|Earth Power|p1: Ditto|[notarget]\n|-fail|p2a: Dialga\n|\n|-heal|p2a: Dialga|47\/100|[from] item: Leftovers\n|upkeep\n|\n|t:|1697673864\n|switch|p1a: Chandelure|Chandelure, M|100\/100\n|turn|6\n|\n|t:|1697673879\n|switch|p2a: Eternatus|Eternatus|100\/100\n|-ability|p2a: Eternatus|Pressure\n|move|p1a: Chandelure|Flamethrower|p2a: Eternatus\n|-resisted|p2a: Eternatus\n|-damage|p2a: Eternatus|76\/100\n|-damage|p1a: Chandelure|91\/100|[from] item: Life Orb\n|\n|-heal|p2a: Eternatus|83\/100|[from] item: Black Sludge\n|upkeep\n|turn|7\n|\n|t:|1697673888\n|move|p2a: Eternatus|Cosmic Power|p2a: Eternatus\n|-boost|p2a: Eternatus|def|1\n|-boost|p2a: Eternatus|spd|1\n|move|p1a: Chandelure|Shadow Ball|p2a: Eternatus\n|-damage|p2a: Eternatus|51\/100\n|-damage|p1a: Chandelure|81\/100|[from] item: Life Orb\n|\n|-heal|p2a: Eternatus|57\/100|[from] item: Black Sludge\n|upkeep\n|turn|8\n|\n|t:|1697673900\n|move|p2a: Eternatus|Toxic|p1a: Chandelure\n|-status|p1a: Chandelure|tox\n|move|p1a: Chandelure|Shadow Ball|p2a: Eternatus\n|-damage|p2a: Eternatus|30\/100\n|-unboost|p2a: Eternatus|spd|1\n|-damage|p1a: Chandelure|71\/100 tox|[from] item: Life Orb\n|\n|-heal|p2a: Eternatus|37\/100|[from] item: Black Sludge\n|-damage|p1a: Chandelure|64\/100 tox|[from] psn\n|upkeep\n|turn|9\n|\n|t:|1697673910\n|move|p2a: Eternatus|Recover|p2a: Eternatus\n|-heal|p2a: Eternatus|87\/100\n|move|p1a: Chandelure|Shadow Ball|p2a: Eternatus\n|-damage|p2a: Eternatus|42\/100\n|-damage|p1a: Chandelure|55\/100 tox|[from] item: Life Orb\n|\n|-heal|p2a: Eternatus|48\/100|[from] item: Black Sludge\n|-damage|p1a: Chandelure|42\/100 tox|[from] psn\n|upkeep\n|turn|10\n|\n|t:|1697673919\n|move|p2a: Eternatus|Recover|p2a: Eternatus\n|-heal|p2a: Eternatus|98\/100\n|move|p1a: Chandelure|Calm Mind|p1a: Chandelure\n|-boost|p1a: Chandelure|spa|1\n|-boost|p1a: Chandelure|spd|1\n|\n|-heal|p2a: Eternatus|100\/100|[from] item: Black Sludge\n|-damage|p1a: Chandelure|24\/100 tox|[from] psn\n|upkeep\n|turn|11\n|\n|t:|1697673929\n|move|p2a: Eternatus|Flamethrower|p1a: Chandelure\n|-start|p1a: Chandelure|ability: Flash Fire\n|move|p1a: Chandelure|Shadow Ball|p2a: Eternatus\n|-damage|p2a: Eternatus|39\/100\n|-damage|p1a: Chandelure|14\/100 tox|[from] item: Life Orb\n|\n|-heal|p2a: Eternatus|46\/100|[from] item: Black Sludge\n|-damage|p1a: Chandelure|0 fnt|[from] psn\n|faint|p1a: Chandelure\n|upkeep\n|\n|t:|1697673936\n|switch|p1a: Maushold|Maushold|100\/100\n|turn|12\n|\n|t:|1697673941\n|move|p2a: Eternatus|Recover|p2a: Eternatus\n|-heal|p2a: Eternatus|96\/100\n|move|p1a: Maushold|Tidy Up|p1a: Maushold\n|-boost|p1a: Maushold|atk|1\n|-boost|p1a: Maushold|spe|1\n|\n|-heal|p2a: Eternatus|100\/100|[from] item: Black Sludge\n|upkeep\n|turn|13\n|\n|t:|1697673953\n|-terastallize|p1a: Maushold|Normal\n|move|p1a: Maushold|Population Bomb|p2a: Eternatus\n|-damage|p2a: Eternatus|90\/100\n|-damage|p2a: Eternatus|80\/100\n|-damage|p2a: Eternatus|70\/100\n|-damage|p2a: Eternatus|59\/100\n|-damage|p2a: Eternatus|48\/100\n|-damage|p2a: Eternatus|37\/100\n|-damage|p2a: Eternatus|26\/100\n|-damage|p2a: Eternatus|14\/100\n|-damage|p2a: Eternatus|4\/100\n|-damage|p2a: Eternatus|0 fnt\n|faint|p2a: Eternatus\n|-hitcount|p2: Eternatus|10\n|\n|upkeep\n|\n|t:|1697673974\n|switch|p2a: Calyrex|Calyrex-Ice|100\/100\n|-ability|p2a: Calyrex|As One\n|-ability|p2a: Calyrex|Unnerve\n|turn|14\n|\n|t:|1697673982\n|move|p1a: Maushold|Population Bomb|p2a: Calyrex\n|-damage|p2a: Calyrex|85\/100\n|-damage|p2a: Calyrex|69\/100\n|-damage|p2a: Calyrex|54\/100\n|-damage|p2a: Calyrex|40\/100\n|-damage|p2a: Calyrex|25\/100\n|-damage|p2a: Calyrex|11\/100\n|-damage|p2a: Calyrex|0 fnt\n|faint|p2a: Calyrex\n|-hitcount|p2: Calyrex|7\n|\n|upkeep\n|\n|t:|1697673995\n|switch|p2a: Mewtwo|Mewtwo|100\/100\n|-ability|p2a: Mewtwo|Unnerve\n|turn|15\n|\n|t:|1697674003\n|move|p1a: Maushold|Population Bomb|p2a: Mewtwo\n|-damage|p2a: Mewtwo|77\/100\n|-damage|p2a: Mewtwo|53\/100\n|-damage|p2a: Mewtwo|30\/100\n|-damage|p2a: Mewtwo|4\/100\n|-crit|p2a: Mewtwo\n|-damage|p2a: Mewtwo|0 fnt\n|faint|p2a: Mewtwo\n|-hitcount|p2: Mewtwo|5\n|\n|upkeep\n|\n|t:|1697674013\n|switch|p2a: Dialga|Dialga|47\/100\n|-ability|p2a: Dialga|Pressure\n|turn|16\n|\n|t:|1697674019\n|move|p1a: Maushold|Population Bomb|p2a: Dialga\n|-resisted|p2a: Dialga\n|-damage|p2a: Dialga|39\/100\n|-hitcount|p2a: Dialga|1\n|move|p2a: Dialga|Trick Room|p2a: Dialga\n|-fieldstart|move: Trick Room|[of] p2a: Dialga\n|\n|-heal|p2a: Dialga|45\/100|[from] item: Leftovers\n|upkeep\n|turn|17\n|\n|t:|1697674032\n|move|p2a: Dialga|Dragon Pulse|p1a: Maushold\n|-damage|p1a: Maushold|26\/100\n|move|p1a: Maushold|Population Bomb|p2a: Dialga\n|-resisted|p2a: Dialga\n|-damage|p2a: Dialga|37\/100\n|-resisted|p2a: Dialga\n|-damage|p2a: Dialga|30\/100\n|-resisted|p2a: Dialga\n|-damage|p2a: Dialga|23\/100\n|-resisted|p2a: Dialga\n|-damage|p2a: Dialga|14\/100\n|-resisted|p2a: Dialga\n|-crit|p2a: Dialga\n|-damage|p2a: Dialga|3\/100\n|-resisted|p2a: Dialga\n|-damage|p2a: Dialga|0 fnt\n|faint|p2a: Dialga\n|-hitcount|p2: Dialga|6\n|\n|upkeep\n|\n|t:|1697674049\n|switch|p2a: Arceus|Arceus-Steel|32\/100\n|turn|18\n|\n|t:|1697674059\n|move|p2a: Arceus|Recover|p2a: Arceus\n|-heal|p2a: Arceus|82\/100\n|move|p1a: Maushold|Population Bomb|p2a: Arceus\n|-resisted|p2a: Arceus\n|-damage|p2a: Arceus|76\/100\n|-resisted|p2a: Arceus\n|-damage|p2a: Arceus|70\/100\n|-resisted|p2a: Arceus\n|-damage|p2a: Arceus|63\/100\n|-resisted|p2a: Arceus\n|-damage|p2a: Arceus|57\/100\n|-resisted|p2a: Arceus\n|-damage|p2a: Arceus|50\/100\n|-resisted|p2a: Arceus\n|-damage|p2a: Arceus|44\/100\n|-resisted|p2a: Arceus\n|-damage|p2a: Arceus|37\/100\n|-resisted|p2a: Arceus\n|-damage|p2a: Arceus|31\/100\n|-resisted|p2a: Arceus\n|-damage|p2a: Arceus|25\/100\n|-resisted|p2a: Arceus\n|-damage|p2a: Arceus|19\/100\n|-hitcount|p2a: Arceus|10\n|\n|upkeep\n|turn|19\n|\n|t:|1697674081\n|move|p2a: Arceus|Earth Power|p1a: Maushold\n|-damage|p1a: Maushold|0 fnt\n|faint|p1a: Maushold\n|\n|upkeep\n|\n|t:|1697674085\n|switch|p1a: Goodra|Goodra-Hisui, M|100\/100\n|turn|20\n|\n|t:|1697674088\n|move|p1a: Goodra|Flamethrower|p2a: Arceus\n|-supereffective|p2a: Arceus\n|-damage|p2a: Arceus|0 fnt\n|faint|p2a: Arceus\n|\n|win|MicklePokemon\n|raw|MicklePokemon's rating: 1000 &rarr; <strong>1051<\/strong><br \/>(+51 for winning)\n|raw|LiampokeGod's rating: 1098 &rarr; <strong>1067<\/strong><br \/>(-31 for losing)\n|l|\u2606LiampokeGod\n","uploadtime":1697674099,"views":16,"p1id":"micklepokemon","p2id":"liampokegod","formatid":"gen9ubers","rating":1051,"private":0,"password":""}