{"id":"gen9ubers-1988966286","p1":"Aurorecristal","p2":"Skotchaud","format":"[Gen 9] Ubers","log":"|j|\u2606Aurorecristal\n|j|\u2606Skotchaud\n|t:|1699795764\n|gametype|singles\n|player|p1|Aurorecristal|lady|\n|player|p2|Skotchaud|noland|\n|teamsize|p1|6\n|teamsize|p2|6\n|gen|9\n|tier|[Gen 9] Ubers\n|rule|Sleep Clause Mod: Limit one foe put to sleep\n|rule|Species Clause: Limit one of each Pok\u00e9mon\n|rule|OHKO Clause: OHKO moves are banned\n|rule|Evasion Items Clause: Evasion items are banned\n|rule|Evasion Moves Clause: Evasion moves are banned\n|rule|Endless Battle Clause: Forcing endless battles is banned\n|rule|HP Percentage Mod: HP is shown in percentages\n|clearpoke\n|poke|p1|Garganacl, M|\n|poke|p1|Glastrier|\n|poke|p1|Dragapult, F|\n|poke|p1|Ditto|\n|poke|p1|Talonflame, F|\n|poke|p1|Kommo-o, M|\n|poke|p2|Dragapult, M|\n|poke|p2|Cinderace, M|\n|poke|p2|Rillaboom, F|\n|poke|p2|Sneasler, F|\n|poke|p2|Dondozo, M|\n|poke|p2|Enamorus, F|\n|teampreview\n|c|\u2606Aurorecristal|Glhf et ALED\n|\n|t:|1699795810\n|start\n|switch|p1a: Big Mom|Dragapult, F|100\/100\n|switch|p2a: JaiUneDerbouka|Rillaboom, F|100\/100\n|-fieldstart|move: Grassy Terrain|[from] ability: Grassy Surge|[of] p2a: JaiUneDerbouka\n|turn|1\n|\n|t:|1699795813\n|move|p1a: Big Mom|U-turn|p2a: JaiUneDerbouka\n|-supereffective|p2a: JaiUneDerbouka\n|-damage|p2a: JaiUneDerbouka|58\/100\n|\n|t:|1699795819\n|switch|p1a: Just Dance|Kommo-o, M|100\/100|[from] U-turn\n|move|p2a: JaiUneDerbouka|Knock Off|p1a: Just Dance\n|-resisted|p1a: Just Dance\n|-damage|p1a: Just Dance|74\/100\n|-enditem|p1a: Just Dance|Sitrus Berry|[from] move: Knock Off|[of] p2a: JaiUneDerbouka\n|\n|-heal|p1a: Just Dance|80\/100|[from] Grassy Terrain\n|-heal|p2a: JaiUneDerbouka|64\/100|[from] Grassy Terrain\n|upkeep\n|turn|2\n|l|\u2606Skotchaud\n|player|p2|\n|j|\u2606Skotchaud\n|player|p2|Skotchaud|noland\n|\n|t:|1699795906\n|switch|p2a: 106|Enamorus, F|100\/100\n|move|p1a: Just Dance|Clangorous Soul|p1a: Just Dance\n|-boost|p1a: Just Dance|atk|1\n|-boost|p1a: Just Dance|def|1\n|-boost|p1a: Just Dance|spa|1\n|-boost|p1a: Just Dance|spd|1\n|-boost|p1a: Just Dance|spe|1\n|-damage|p1a: Just Dance|47\/100\n|\n|-heal|p1a: Just Dance|53\/100|[from] Grassy Terrain\n|upkeep\n|turn|3\n|\n|t:|1699795920\n|move|p1a: Just Dance|Ice Punch|p2a: 106\n|-supereffective|p2a: 106\n|-damage|p2a: 106|0 fnt\n|faint|p2a: 106\n|\n|-heal|p1a: Just Dance|59\/100|[from] Grassy Terrain\n|upkeep\n|\n|t:|1699795929\n|switch|p2a: On baizz?|Dondozo, M|100\/100\n|turn|4\n|\n|t:|1699795933\n|move|p1a: Just Dance|Drain Punch|p2a: On baizz?\n|-damage|p2a: On baizz?|85\/100\n|-heal|p1a: Just Dance|73\/100|[from] drain|[of] p2a: On baizz?\n|move|p2a: On baizz?|Curse|p2a: On baizz?\n|-unboost|p2a: On baizz?|spe|1\n|-boost|p2a: On baizz?|atk|1\n|-boost|p2a: On baizz?|def|1\n|\n|-heal|p1a: Just Dance|79\/100|[from] Grassy Terrain\n|-heal|p2a: On baizz?|91\/100|[from] Grassy Terrain\n|upkeep\n|turn|5\n|\n|t:|1699795942\n|switch|p1a: Flappy Bird|Talonflame, F|100\/100\n|move|p2a: On baizz?|Liquidation|p1a: Flappy Bird\n|-supereffective|p1a: Flappy Bird\n|-damage|p1a: Flappy Bird|0 fnt\n|faint|p1a: Flappy Bird\n|\n|-heal|p2a: On baizz?|97\/100|[from] Grassy Terrain\n|-fieldend|move: Grassy Terrain\n|upkeep\n|\n|t:|1699795952\n|switch|p1a: MOBA Player|Garganacl, M|100\/100\n|turn|6\n|\n|t:|1699795956\n|-terastallize|p1a: MOBA Player|Water\n|move|p1a: MOBA Player|Salt Cure|p2a: On baizz?\n|-damage|p2a: On baizz?|93\/100\n|move|p2a: On baizz?|Liquidation|p1a: MOBA Player\n|-resisted|p1a: MOBA Player\n|-damage|p1a: MOBA Player|87\/100\n|\n|-heal|p1a: MOBA Player|93\/100|[from] item: Leftovers\n|upkeep\n|turn|7\n|\n|t:|1699795970\n|move|p1a: MOBA Player|Salt Cure|p2a: On baizz?\n|-damage|p2a: On baizz?|89\/100\n|move|p2a: On baizz?|Body Press|p1a: MOBA Player\n|-damage|p1a: MOBA Player|62\/100\n|\n|-heal|p1a: MOBA Player|69\/100|[from] item: Leftovers\n|upkeep\n|turn|8\n|c|\u2606Aurorecristal|Euh ?\n|\n|t:|1699796003\n|switch|p1a: Big Mom|Dragapult, F|100\/100\n|move|p2a: On baizz?|Liquidation|p1a: Big Mom\n|-resisted|p1a: Big Mom\n|-damage|p1a: Big Mom|70\/100\n|\n|upkeep\n|turn|9\n|\n|t:|1699796009\n|switch|p2a: JaiUneDerbouka|Rillaboom, F|64\/100\n|-fieldstart|move: Grassy Terrain|[from] ability: Grassy Surge|[of] p2a: JaiUneDerbouka\n|move|p1a: Big Mom|Outrage|p2a: JaiUneDerbouka\n|-damage|p2a: JaiUneDerbouka|7\/100\n|\n|-heal|p1a: Big Mom|76\/100|[from] Grassy Terrain\n|-heal|p2a: JaiUneDerbouka|14\/100|[from] Grassy Terrain\n|upkeep\n|turn|10\n|\n|t:|1699796018\n|move|p1a: Big Mom|Outrage|p2a: JaiUneDerbouka|[from]lockedmove\n|-damage|p2a: JaiUneDerbouka|0 fnt\n|faint|p2a: JaiUneDerbouka\n|-start|p1a: Big Mom|confusion|[fatigue]\n|\n|-heal|p1a: Big Mom|82\/100|[from] Grassy Terrain\n|upkeep\n|\n|t:|1699796032\n|switch|p2a: La sweepeuse|Sneasler, F, shiny|100\/100\n|-enditem|p2a: La sweepeuse|Grassy Seed\n|-boost|p2a: La sweepeuse|def|1|[from] item: Grassy Seed\n|turn|11\n|\n|t:|1699796043\n|move|p2a: La sweepeuse|Swords Dance|p2a: La sweepeuse\n|-boost|p2a: La sweepeuse|atk|2\n|-activate|p1a: Big Mom|confusion\n|move|p1a: Big Mom|Outrage|p2a: La sweepeuse\n|-damage|p2a: La sweepeuse|31\/100\n|\n|-heal|p2a: La sweepeuse|37\/100|[from] Grassy Terrain\n|-heal|p1a: Big Mom|88\/100|[from] Grassy Terrain\n|upkeep\n|turn|12\n|\n|t:|1699796049\n|move|p2a: La sweepeuse|Night Slash|p1a: Big Mom\n|-supereffective|p1a: Big Mom\n|-damage|p1a: Big Mom|0 fnt\n|faint|p1a: Big Mom\n|\n|-heal|p2a: La sweepeuse|43\/100|[from] Grassy Terrain\n|upkeep\n|\n|t:|1699796052\n|switch|p1a: Genderfluid|Ditto|100\/100\n|-transform|p1a: Genderfluid|p2a: La sweepeuse|[from] ability: Imposter\n|turn|13\n|\n|t:|1699796059\n|-terastallize|p2a: La sweepeuse|Flying\n|move|p2a: La sweepeuse|Acrobatics|p1a: Genderfluid\n|-supereffective|p1a: Genderfluid\n|-enditem|p1a: Genderfluid|Focus Sash\n|-damage|p1a: Genderfluid|1\/100\n|move|p1a: Genderfluid|Acrobatics|p2a: La sweepeuse\n|-damage|p2a: La sweepeuse|0 fnt\n|faint|p2a: La sweepeuse\n|\n|-heal|p1a: Genderfluid|7\/100|[from] Grassy Terrain\n|-fieldend|move: Grassy Terrain\n|upkeep\n|\n|t:|1699796079\n|switch|p2a: Dragapute|Dragapult, M|100\/100\n|turn|14\n|\n|t:|1699796082\n|move|p1a: Genderfluid|Night Slash|p2a: Dragapute\n|-supereffective|p2a: Dragapute\n|-damage|p2a: Dragapute|0 fnt\n|faint|p2a: Dragapute\n|\n|upkeep\n|\n|t:|1699796085\n|switch|p2a: On baizz?|Dondozo, M|89\/100\n|turn|15\n|\n|t:|1699796088\n|move|p1a: Genderfluid|Close Combat|p2a: On baizz?\n|-damage|p2a: On baizz?|57\/100\n|-unboost|p1a: Genderfluid|def|1\n|-unboost|p1a: Genderfluid|spd|1\n|move|p2a: On baizz?|Curse|p2a: On baizz?\n|-unboost|p2a: On baizz?|spe|1\n|-boost|p2a: On baizz?|atk|1\n|-boost|p2a: On baizz?|def|1\n|\n|upkeep\n|turn|16\n|\n|t:|1699796094\n|move|p1a: Genderfluid|Close Combat|p2a: On baizz?\n|-damage|p2a: On baizz?|37\/100\n|-unboost|p1a: Genderfluid|def|1\n|-unboost|p1a: Genderfluid|spd|1\n|move|p2a: On baizz?|Liquidation|p1a: Genderfluid\n|-crit|p1a: Genderfluid\n|-damage|p1a: Genderfluid|0 fnt\n|faint|p1a: Genderfluid\n|\n|upkeep\n|c|\u2606Aurorecristal|Gg I guess\n|\n|t:|1699796120\n|switch|p1a: Just Dance|Kommo-o, M|79\/100\n|turn|17\n|\n|t:|1699796122\n|move|p1a: Just Dance|Drain Punch|p2a: On baizz?\n|-damage|p2a: On baizz?|27\/100\n|-heal|p1a: Just Dance|88\/100|[from] drain|[of] p2a: On baizz?\n|move|p2a: On baizz?|Rest|p2a: On baizz?\n|-status|p2a: On baizz?|slp|[from] move: Rest\n|-heal|p2a: On baizz?|100\/100 slp|[silent]\n|\n|upkeep\n|turn|18\n|\n|t:|1699796132\n|move|p1a: Just Dance|Drain Punch|p2a: On baizz?\n|-damage|p2a: On baizz?|90\/100 slp\n|-heal|p1a: Just Dance|97\/100|[from] drain|[of] p2a: On baizz?\n|cant|p2a: On baizz?|slp\n|\n|upkeep\n|turn|19\n|\n|t:|1699796137\n|move|p1a: Just Dance|Earthquake|p2a: On baizz?\n|-damage|p2a: On baizz?|81\/100 slp\n|cant|p2a: On baizz?|slp\n|\n|upkeep\n|turn|20\n|\n|t:|1699796145\n|move|p1a: Just Dance|Earthquake|p2a: On baizz?\n|-damage|p2a: On baizz?|71\/100 slp\n|-curestatus|p2a: On baizz?|slp|[msg]\n|move|p2a: On baizz?|Curse|p2a: On baizz?\n|-unboost|p2a: On baizz?|spe|1\n|-boost|p2a: On baizz?|atk|1\n|-boost|p2a: On baizz?|def|1\n|\n|upkeep\n|turn|21\n|\n|t:|1699796148\n|move|p1a: Just Dance|Ice Punch|p2a: On baizz?\n|-resisted|p2a: On baizz?\n|-damage|p2a: On baizz?|69\/100\n|move|p2a: On baizz?|Curse|p2a: On baizz?\n|-unboost|p2a: On baizz?|spe|1\n|-boost|p2a: On baizz?|atk|1\n|-boost|p2a: On baizz?|def|1\n|\n|upkeep\n|turn|22\n|\n|t:|1699796152\n|move|p1a: Just Dance|Ice Punch|p2a: On baizz?\n|-resisted|p2a: On baizz?\n|-damage|p2a: On baizz?|67\/100\n|move|p2a: On baizz?|Body Press|p1a: Just Dance\n|-damage|p1a: Just Dance|27\/100\n|\n|upkeep\n|turn|23\n|\n|t:|1699796154\n|move|p1a: Just Dance|Drain Punch|p2a: On baizz?\n|-damage|p2a: On baizz?|60\/100\n|-heal|p1a: Just Dance|33\/100|[from] drain|[of] p2a: On baizz?\n|move|p2a: On baizz?|Body Press|p1a: Just Dance\n|-damage|p1a: Just Dance|0 fnt\n|faint|p1a: Just Dance\n|\n|upkeep\n|\n|t:|1699796159\n|switch|p1a: MOBA Player|Garganacl, M, tera:Water|69\/100\n|turn|24\n|\n|t:|1699796163\n|move|p1a: MOBA Player|Salt Cure|p2a: On baizz?\n|-damage|p2a: On baizz?|58\/100\n|move|p2a: On baizz?|Body Press|p1a: MOBA Player\n|-damage|p1a: MOBA Player|21\/100\n|\n|-heal|p1a: MOBA Player|27\/100|[from] item: Leftovers\n|upkeep\n|turn|25\n|\n|t:|1699796170\n|move|p1a: MOBA Player|Recover|p1a: MOBA Player\n|-heal|p1a: MOBA Player|77\/100\n|move|p2a: On baizz?|Rest|p2a: On baizz?\n|-status|p2a: On baizz?|slp|[from] move: Rest\n|-heal|p2a: On baizz?|100\/100 slp|[silent]\n|\n|-heal|p1a: MOBA Player|84\/100|[from] item: Leftovers\n|upkeep\n|turn|26\n|\n|t:|1699796179\n|switch|p1a: My Little Pony|Glastrier|100\/100\n|cant|p2a: On baizz?|slp\n|\n|upkeep\n|turn|27\n|\n|t:|1699796189\n|switch|p1a: MOBA Player|Garganacl, M, tera:Water|84\/100\n|cant|p2a: On baizz?|slp\n|\n|-heal|p1a: MOBA Player|90\/100|[from] item: Leftovers\n|upkeep\n|turn|28\n|\n|t:|1699796194\n|move|p1a: MOBA Player|Curse|p1a: MOBA Player\n|-unboost|p1a: MOBA Player|spe|1\n|-boost|p1a: MOBA Player|atk|1\n|-boost|p1a: MOBA Player|def|1\n|-curestatus|p2a: On baizz?|slp|[msg]\n|move|p2a: On baizz?|Curse|p2a: On baizz?\n|-unboost|p2a: On baizz?|spe|1\n|-boost|p2a: On baizz?|atk|1\n|-boost|p2a: On baizz?|def|1\n|\n|-heal|p1a: MOBA Player|96\/100|[from] item: Leftovers\n|upkeep\n|turn|29\n|\n|t:|1699796203\n|move|p1a: MOBA Player|Body Press|p2a: On baizz?\n|-damage|p2a: On baizz?|97\/100\n|move|p2a: On baizz?|Curse|p2a: On baizz?\n|-unboost|p2a: On baizz?|spe|1\n|-boost|p2a: On baizz?|atk|1\n|-boost|p2a: On baizz?|def|1\n|\n|-heal|p1a: MOBA Player|100\/100|[from] item: Leftovers\n|upkeep\n|turn|30\n|\n|t:|1699796206\n|move|p1a: MOBA Player|Salt Cure|p2a: On baizz?\n|-crit|p2a: On baizz?\n|-damage|p2a: On baizz?|88\/100\n|move|p2a: On baizz?|Curse|p2a: On baizz?\n|-unboost|p2a: On baizz?|spe|1\n|-boost|p2a: On baizz?|atk|1\n|-boost|p2a: On baizz?|def|1\n|\n|upkeep\n|turn|31\n|\n|t:|1699796208\n|move|p1a: MOBA Player|Salt Cure|p2a: On baizz?\n|-damage|p2a: On baizz?|86\/100\n|move|p2a: On baizz?|Body Press|p1a: MOBA Player\n|-damage|p1a: MOBA Player|27\/100\n|\n|-heal|p1a: MOBA Player|34\/100|[from] item: Leftovers\n|upkeep\n|turn|32\n|\n|t:|1699796210\n|move|p1a: MOBA Player|Recover|p1a: MOBA Player\n|-heal|p1a: MOBA Player|84\/100\n|move|p2a: On baizz?|Body Press|p1a: MOBA Player\n|-damage|p1a: MOBA Player|6\/100\n|\n|-heal|p1a: MOBA Player|12\/100|[from] item: Leftovers\n|upkeep\n|turn|33\n|\n|t:|1699796221\n|move|p1a: MOBA Player|Recover|p1a: MOBA Player\n|-heal|p1a: MOBA Player|62\/100\n|move|p2a: On baizz?|Body Press|p1a: MOBA Player\n|-damage|p1a: MOBA Player|0 fnt\n|faint|p1a: MOBA Player\n|\n|upkeep\n|\n|t:|1699796222\n|switch|p1a: My Little Pony|Glastrier|100\/100\n|turn|34\n|\n|t:|1699796225\n|move|p1a: My Little Pony|Iron Defense|p1a: My Little Pony\n|-boost|p1a: My Little Pony|def|2\n|move|p2a: On baizz?|Body Press|p1a: My Little Pony\n|-supereffective|p1a: My Little Pony\n|-damage|p1a: My Little Pony|0 fnt\n|faint|p1a: My Little Pony\n|\n|win|Skotchaud\n|c|\u2606Aurorecristal|Gg\n|l|\u2606Skotchaud\n|l|\u2606Aurorecristal\n|j|\u2606Aurorecristal\n|player|p1|Aurorecristal|lady\n","uploadtime":1699796231,"views":5,"p1id":"aurorecristal","p2id":"skotchaud","formatid":"gen9ubers","rating":0,"private":0,"password":""}