{"id":"gen9ubers-1978390178","p1":"RubenPaCe","p2":"Kizaco","format":"[Gen 9] Ubers","log":"|j|\u2606RubenPaCe\n|j|\u2606Kizaco\n|t:|1698532802\n|gametype|singles\n|player|p1|RubenPaCe|2|\n|player|p2|Kizaco|101|\n|teamsize|p1|6\n|teamsize|p2|6\n|gen|9\n|tier|[Gen 9] Ubers\n|rule|Sleep Clause Mod: Limit one foe put to sleep\n|rule|Species Clause: Limit one of each Pok\u00e9mon\n|rule|OHKO Clause: OHKO moves are banned\n|rule|Evasion Items Clause: Evasion items are banned\n|rule|Evasion Moves Clause: Evasion moves are banned\n|rule|Endless Battle Clause: Forcing endless battles is banned\n|rule|HP Percentage Mod: HP is shown in percentages\n|clearpoke\n|poke|p1|Pelipper, F|\n|poke|p1|Palafin, M|\n|poke|p1|Basculegion-F, F|\n|poke|p1|Magearna|\n|poke|p1|Arceus-Poison|\n|poke|p1|Dialga|\n|poke|p2|Masquerain, F|\n|poke|p2|Chi-Yu|\n|poke|p2|Cyclizar, F|\n|poke|p2|Gholdengo|\n|poke|p2|Zacian-*|\n|poke|p2|Shaymin-Sky|\n|teampreview\n|j| Cw1999\n|l| Cw1999\n|\n|t:|1698532842\n|start\n|switch|p1a: Arceus|Arceus-Poison|100\/100\n|switch|p2a: Masquerain|Masquerain, F|100\/100\n|-ability|p2a: Masquerain|Intimidate|boost\n|-unboost|p1a: Arceus|atk|1\n|turn|1\n|\n|t:|1698532849\n|move|p1a: Arceus|Taunt|p2a: Masquerain\n|-start|p2a: Masquerain|move: Taunt\n|cant|p2a: Masquerain|move: Taunt|Stun Spore\n|\n|upkeep\n|turn|2\n|\n|t:|1698532854\n|switch|p2a: Gholdengo|Gholdengo|100\/100\n|move|p1a: Arceus|Calm Mind|p1a: Arceus\n|-boost|p1a: Arceus|spa|1\n|-boost|p1a: Arceus|spd|1\n|\n|upkeep\n|turn|3\n|\n|t:|1698532861\n|move|p2a: Gholdengo|Shadow Ball|p1a: Arceus\n|-damage|p1a: Arceus|82\/100\n|-unboost|p1a: Arceus|spd|1\n|move|p1a: Arceus|Earth Power|p2a: Gholdengo\n|-supereffective|p2a: Gholdengo\n|-damage|p2a: Gholdengo|20\/100\n|\n|upkeep\n|turn|4\n|\n|t:|1698532867\n|switch|p2a: Shaymin|Shaymin-Sky|100\/100\n|switch|p1a: Dialga|Dialga|100\/100\n|-ability|p1a: Dialga|Pressure\n|\n|upkeep\n|turn|5\n|\n|t:|1698532882\n|-terastallize|p2a: Shaymin|Ground\n|move|p2a: Shaymin|Earth Power|p1a: Dialga\n|-supereffective|p1a: Dialga\n|-damage|p1a: Dialga|7\/100\n|move|p1a: Dialga|Stealth Rock|p2a: Shaymin\n|-sidestart|p2: Kizaco|move: Stealth Rock\n|\n|-heal|p1a: Dialga|13\/100|[from] item: Leftovers\n|upkeep\n|turn|6\n|\n|t:|1698532890\n|switch|p1a: Pelipper|Pelipper, F|100\/100\n|-weather|RainDance|[from] ability: Drizzle|[of] p1a: Pelipper\n|move|p2a: Shaymin|Earth Power|p1a: Pelipper\n|-immune|p1a: Pelipper\n|\n|-weather|RainDance|[upkeep]\n|upkeep\n|turn|7\n|\n|t:|1698532896\n|switch|p2a: Gholdengo|Gholdengo|20\/100\n|-damage|p2a: Gholdengo|14\/100|[from] Stealth Rock\n|switch|p1a: Dialga|Dialga|13\/100\n|-ability|p1a: Dialga|Pressure\n|\n|-weather|RainDance|[upkeep]\n|-heal|p1a: Dialga|19\/100|[from] item: Leftovers\n|upkeep\n|turn|8\n|\n|t:|1698532908\n|move|p2a: Gholdengo|Trick|p1a: Dialga\n|-activate|p2a: Gholdengo|move: Trick|[of] p1a: Dialga\n|-item|p1a: Dialga|Choice Scarf|[from] move: Trick\n|-item|p2a: Gholdengo|Leftovers|[from] move: Trick\n|move|p1a: Dialga|Roar|p2a: Gholdengo\n|-immune|p2a: Gholdengo|[from] ability: Good as Gold\n|\n|-weather|RainDance|[upkeep]\n|-heal|p2a: Gholdengo|20\/100|[from] item: Leftovers\n|upkeep\n|turn|9\n|\n|t:|1698532916\n|switch|p1a: Palafin|Palafin, M|100\/100\n|move|p2a: Gholdengo|Shadow Ball|p1a: Palafin\n|-damage|p1a: Palafin|46\/100\n|-unboost|p1a: Palafin|spd|1\n|\n|-weather|RainDance|[upkeep]\n|-heal|p2a: Gholdengo|27\/100|[from] item: Leftovers\n|upkeep\n|turn|10\n|\n|t:|1698532921\n|move|p1a: Palafin|Jet Punch|p2a: Gholdengo\n|-crit|p2a: Gholdengo\n|-damage|p2a: Gholdengo|0 fnt\n|faint|p2a: Gholdengo\n|\n|-weather|RainDance|[upkeep]\n|upkeep\n|\n|t:|1698532937\n|switch|p2a: Cyclizar|Cyclizar, F|100\/100\n|turn|11\n|j| Cw1999\n|\n|t:|1698532959\n|detailschange|p1a: Palafin|Palafin-Hero, M\n|switch|p1a: Arceus|Arceus-Poison|82\/100\n|move|p2a: Cyclizar|Knock Off|p1a: Arceus\n|-damage|p1a: Arceus|69\/100\n|\n|-weather|RainDance|[upkeep]\n|upkeep\n|turn|12\n|\n|t:|1698532966\n|move|p2a: Cyclizar|Rapid Spin|p1a: Arceus\n|-damage|p1a: Arceus|56\/100\n|-boost|p2a: Cyclizar|spe|1\n|-sideend|p2: Kizaco|Stealth Rock|[from] move: Rapid Spin|[of] p2a: Cyclizar\n|move|p1a: Arceus|Judgment|p2a: Cyclizar\n|-damage|p2a: Cyclizar|21\/100\n|\n|-weather|RainDance|[upkeep]\n|upkeep\n|turn|13\n|\n|t:|1698532971\n|move|p2a: Cyclizar|U-turn|p1a: Arceus\n|-resisted|p1a: Arceus\n|-damage|p1a: Arceus|49\/100\n|\n|t:|1698532978\n|switch|p2a: Masquerain|Masquerain, F|100\/100|[from] U-turn\n|-ability|p2a: Masquerain|Intimidate|boost\n|-unboost|p1a: Arceus|atk|1\n|move|p1a: Arceus|Judgment|p2a: Masquerain\n|-damage|p2a: Masquerain|37\/100\n|\n|-weather|none\n|upkeep\n|turn|14\n|\n|t:|1698532982\n|move|p1a: Arceus|Judgment|p2a: Masquerain\n|-damage|p2a: Masquerain|0 fnt\n|faint|p2a: Masquerain\n|\n|upkeep\n|\n|t:|1698532991\n|switch|p2a: Shaymin|Shaymin-Sky, tera:Ground|100\/100\n|turn|15\n|\n|t:|1698533006\n|switch|p1a: Pelipper|Pelipper, F|100\/100\n|-weather|RainDance|[from] ability: Drizzle|[of] p1a: Pelipper\n|move|p2a: Shaymin|Air Slash|p1a: Pelipper\n|-damage|p1a: Pelipper|19\/100\n|\n|-weather|RainDance|[upkeep]\n|upkeep\n|turn|16\n|\n|t:|1698533009\n|switch|p1a: Dialga|Dialga|19\/100\n|-ability|p1a: Dialga|Pressure\n|move|p2a: Shaymin|Air Slash|p1a: Dialga\n|-resisted|p1a: Dialga\n|-damage|p1a: Dialga|0 fnt\n|faint|p1a: Dialga\n|\n|-weather|RainDance|[upkeep]\n|upkeep\n|\n|t:|1698533012\n|switch|p1a: Palafin|Palafin-Hero, M|46\/100\n|-activate|p1a: Palafin|ability: Zero to Hero\n|turn|17\n|\n|t:|1698533016\n|switch|p2a: Cyclizar|Cyclizar, F|55\/100\n|move|p1a: Palafin|Jet Punch|p2a: Cyclizar\n|-resisted|p2a: Cyclizar\n|-damage|p2a: Cyclizar|0 fnt\n|faint|p2a: Cyclizar\n|\n|-weather|RainDance|[upkeep]\n|upkeep\n|\n|t:|1698533023\n|switch|p2a: Zacian|Zacian|100\/100\n|-ability|p2a: Zacian|Intrepid Sword|boost\n|-boost|p2a: Zacian|atk|1\n|turn|18\n|\n|t:|1698533036\n|switch|p1a: Magearna|Magearna|100\/100\n|move|p2a: Zacian|Play Rough|p1a: Magearna\n|-resisted|p1a: Magearna\n|-crit|p1a: Magearna\n|-damage|p1a: Magearna|67\/100\n|\n|-weather|RainDance|[upkeep]\n|-heal|p1a: Magearna|73\/100|[from] item: Leftovers\n|upkeep\n|turn|19\n|\n|t:|1698533044\n|switch|p2a: Chi-Yu|Chi-Yu|100\/100\n|-ability|p2a: Chi-Yu|Beads of Ruin\n|move|p1a: Magearna|Fleur Cannon|p2a: Chi-Yu\n|-damage|p2a: Chi-Yu|35\/100\n|-unboost|p1a: Magearna|spa|2\n|\n|-weather|RainDance|[upkeep]\n|-heal|p1a: Magearna|79\/100|[from] item: Leftovers\n|upkeep\n|turn|20\n|\n|t:|1698533074\n|switch|p1a: Arceus|Arceus-Poison|49\/100\n|move|p2a: Chi-Yu|Flame Charge|p1a: Arceus\n|-damage|p1a: Arceus|44\/100\n|-boost|p2a: Chi-Yu|spe|1\n|\n|-weather|RainDance|[upkeep]\n|upkeep\n|turn|21\n|\n|t:|1698533079\n|move|p2a: Chi-Yu|Dark Pulse|p1a: Arceus\n|-damage|p1a: Arceus|8\/100\n|cant|p1a: Arceus|flinch\n|\n|-weather|RainDance|[upkeep]\n|upkeep\n|turn|22\n|\n|t:|1698533083\n|move|p2a: Chi-Yu|Dark Pulse|p1a: Arceus\n|-damage|p1a: Arceus|0 fnt\n|faint|p1a: Arceus\n|\n|-weather|none\n|upkeep\n|\n|t:|1698533085\n|switch|p1a: Palafin|Palafin-Hero, M|46\/100\n|turn|23\n|l| Cw1999\n|\n|t:|1698533091\n|move|p1a: Palafin|Jet Punch|p2a: Chi-Yu\n|-supereffective|p2a: Chi-Yu\n|-damage|p2a: Chi-Yu|0 fnt\n|faint|p2a: Chi-Yu\n|\n|upkeep\n|\n|t:|1698533098\n|switch|p2a: Zacian|Zacian|100\/100\n|turn|24\n|\n|t:|1698533108\n|switch|p2a: Shaymin|Shaymin-Sky, tera:Ground|100\/100\n|switch|p1a: Pelipper|Pelipper, F|19\/100\n|-weather|RainDance|[from] ability: Drizzle|[of] p1a: Pelipper\n|\n|-weather|RainDance|[upkeep]\n|upkeep\n|turn|25\n|\n|t:|1698533115\n|move|p2a: Shaymin|Air Slash|p1a: Pelipper\n|-damage|p1a: Pelipper|0 fnt\n|faint|p1a: Pelipper\n|\n|-weather|RainDance|[upkeep]\n|upkeep\n|\n|t:|1698533129\n|switch|p1a: Palafin|Palafin-Hero, M|46\/100\n|turn|26\n|\n|t:|1698533145\n|move|p1a: Palafin|Jet Punch|p2a: Shaymin\n|-supereffective|p2a: Shaymin\n|-damage|p2a: Shaymin|0 fnt\n|faint|p2a: Shaymin\n|\n|-weather|RainDance|[upkeep]\n|upkeep\n|\n|t:|1698533147\n|switch|p2a: Zacian|Zacian|100\/100\n|turn|27\n|\n|t:|1698533183\n|-terastallize|p1a: Palafin|Water\n|move|p1a: Palafin|Jet Punch|p2a: Zacian\n|-damage|p2a: Zacian|0 fnt\n|faint|p2a: Zacian\n|\n|win|RubenPaCe\n|c|\u2606RubenPaCe|gg\n","uploadtime":1698533191,"views":8,"p1id":"rubenpace","p2id":"kizaco","formatid":"gen9ubers","rating":0,"private":0,"password":""}