{"id":"gen9ubers-1969115728","p1":"underhours","p2":"IspamObjection","format":"[Gen 9] Ubers","log":"|j|\u2606underhours\n|j|\u2606IspamObjection\n|t:|1697491372\n|gametype|singles\n|player|p1|underhours|brock-gen2|\n|player|p2|IspamObjection|lance-gen2|\n|teamsize|p1|6\n|teamsize|p2|6\n|gen|9\n|tier|[Gen 9] Ubers\n|rule|Sleep Clause Mod: Limit one foe put to sleep\n|rule|Species Clause: Limit one of each Pok\u00e9mon\n|rule|OHKO Clause: OHKO moves are banned\n|rule|Evasion Items Clause: Evasion items are banned\n|rule|Evasion Moves Clause: Evasion moves are banned\n|rule|Endless Battle Clause: Forcing endless battles is banned\n|rule|HP Percentage Mod: HP is shown in percentages\n|clearpoke\n|poke|p1|Masquerain, F|\n|poke|p1|Dialga-Origin|\n|poke|p1|Urshifu-*, F|\n|poke|p1|Cyclizar, F|\n|poke|p1|Arceus-Grass|\n|poke|p1|Gholdengo|\n|poke|p2|Giratina|\n|poke|p2|Garchomp, F|\n|poke|p2|Espathra, F|\n|poke|p2|Cyclizar, M|\n|poke|p2|Palafin, F|\n|poke|p2|Chi-Yu|\n|teampreview\n|inactive|Battle timer is ON: inactive players will automatically lose when time's up. (requested by underhours)\n|\n|t:|1697491390\n|start\n|switch|p1a: here 4 good time|Masquerain, F|100\/100\n|switch|p2a: Garchover|Garchomp, F|100\/100\n|-ability|p1a: here 4 good time|Intimidate|boost\n|-unboost|p2a: Garchover|atk|1\n|turn|1\n|\n|t:|1697491396\n|move|p2a: Garchover|Stealth Rock|p1a: here 4 good time\n|-sidestart|p1: underhours|move: Stealth Rock\n|move|p1a: here 4 good time|Sticky Web|p2a: Garchover\n|-sidestart|p2: IspamObjection|move: Sticky Web\n|\n|upkeep\n|turn|2\n|inactive|underhours has 270 seconds left.\n|\n|t:|1697491433\n|move|p2a: Garchover|Spikes|p1a: here 4 good time\n|-sidestart|p1: underhours|Spikes\n|move|p1a: here 4 good time|Whirlwind|p2a: Garchover\n|drag|p2a: Chi-Yu|Chi-Yu|100\/100\n|-activate|p2a: Chi-Yu|move: Sticky Web\n|-unboost|p2a: Chi-Yu|spe|1\n|-ability|p2a: Chi-Yu|Beads of Ruin\n|\n|upkeep\n|turn|3\n|\n|t:|1697491442\n|move|p2a: Chi-Yu|Flamethrower|p1a: here 4 good time\n|-supereffective|p1a: here 4 good time\n|-enditem|p1a: here 4 good time|Focus Sash\n|-damage|p1a: here 4 good time|1\/100\n|move|p1a: here 4 good time|Tailwind|p1a: here 4 good time\n|-sidestart|p1: underhours|move: Tailwind\n|\n|upkeep\n|turn|4\n|\n|t:|1697491454\n|move|p1a: here 4 good time|U-turn|p2a: Chi-Yu\n|-damage|p2a: Chi-Yu|73\/100\n|inactive|underhours has 270 seconds left.\n|\n|t:|1697491469\n|switch|p1a: pestilence|Dialga-Origin|100\/100|[from] U-turn\n|-damage|p1a: pestilence|94\/100|[from] Stealth Rock\n|-damage|p1a: pestilence|82\/100|[from] Spikes\n|-ability|p1a: pestilence|Pressure\n|move|p2a: Chi-Yu|Flamethrower|p1a: pestilence\n|-damage|p1a: pestilence|30\/100\n|\n|upkeep\n|turn|5\n|\n|t:|1697491485\n|move|p2a: Chi-Yu|Flamethrower|p1a: pestilence\n|-damage|p1a: pestilence|0 fnt\n|faint|p1a: pestilence\n|\n|upkeep\n|inactive|underhours has 270 seconds left.\n|\n|t:|1697491506\n|switch|p1a: nachi|Arceus-Grass|100\/100\n|-damage|p1a: nachi|88\/100|[from] Stealth Rock\n|-damage|p1a: nachi|76\/100|[from] Spikes\n|turn|6\n|\n|t:|1697491516\n|move|p1a: nachi|Earth Power|p2a: Chi-Yu\n|-supereffective|p2a: Chi-Yu\n|-damage|p2a: Chi-Yu|14\/100\n|move|p2a: Chi-Yu|Flamethrower|p1a: nachi\n|-supereffective|p1a: nachi\n|-damage|p1a: nachi|0 fnt\n|faint|p1a: nachi\n|\n|-sideend|p1: underhours|move: Tailwind\n|upkeep\n|inactive|underhours has 270 seconds left.\n|\n|t:|1697491526\n|switch|p1a: king yambit|Urshifu, F|100\/100\n|-damage|p1a: king yambit|94\/100|[from] Stealth Rock\n|-damage|p1a: king yambit|82\/100|[from] Spikes\n|turn|7\n|inactive|IspamObjection has 270 seconds left.\n|\n|t:|1697491557\n|switch|p2a: Garchover|Garchomp, F|100\/100\n|-activate|p2a: Garchover|move: Sticky Web\n|-unboost|p2a: Garchover|spe|1\n|move|p1a: king yambit|Sucker Punch||[still]\n|-fail|p1a: king yambit\n|\n|upkeep\n|turn|8\n|inactive|IspamObjection has 270 seconds left.\n|\n|t:|1697491579\n|move|p1a: king yambit|Swords Dance|p1a: king yambit\n|-boost|p1a: king yambit|atk|2\n|move|p2a: Garchover|Outrage|p1a: king yambit\n|-damage|p1a: king yambit|22\/100\n|\n|upkeep\n|turn|9\n|\n|t:|1697491585\n|move|p1a: king yambit|Wicked Blow|p2a: Garchover\n|-crit|p2a: Garchover\n|-enditem|p2a: Garchover|Focus Sash\n|-damage|p2a: Garchover|1\/100\n|-damage|p1a: king yambit|10\/100|[from] ability: Rough Skin|[of] p2a: Garchover\n|move|p2a: Garchover|Outrage|p1a: king yambit|[from]lockedmove\n|-damage|p1a: king yambit|0 fnt\n|faint|p1a: king yambit\n|\n|upkeep\n|c|\u2606underhours|gg\n|-message|underhours forfeited.\n|\n|win|IspamObjection\n","uploadtime":1697491602,"views":20,"p1id":"underhours","p2id":"ispamobjection","formatid":"gen9ubers","rating":0,"private":0,"password":""}