{"id":"gen9ubers-2000485320","p1":"KingOfZock4ever","p2":"PokemonJavarRegion","format":"[Gen 9] Ubers","log":"|j|\u2606KingOfZock4ever\n|j|\u2606PokemonJavarRegion\n|t:|1701198765\n|gametype|singles\n|player|p1|KingOfZock4ever|palmer|1000\n|player|p2|PokemonJavarRegion|265|1079\n|teamsize|p1|6\n|teamsize|p2|6\n|gen|9\n|tier|[Gen 9] Ubers\n|rated|\n|rule|Sleep Clause Mod: Limit one foe put to sleep\n|rule|Species Clause: Limit one of each Pok\u00e9mon\n|rule|OHKO Clause: OHKO moves are banned\n|rule|Evasion Items Clause: Evasion items are banned\n|rule|Evasion Moves Clause: Evasion moves are banned\n|rule|Endless Battle Clause: Forcing endless battles is banned\n|rule|HP Percentage Mod: HP is shown in percentages\n|clearpoke\n|poke|p1|Greninja-*, F|\n|poke|p1|Rillaboom, M|\n|poke|p1|Chansey, F|\n|poke|p1|Appletun, M|\n|poke|p1|Landorus-Therian, M|\n|poke|p1|Gholdengo|\n|poke|p2|Moltres|\n|poke|p2|Charmeleon, F|\n|poke|p2|Leafeon, M|\n|poke|p2|Zapdos|\n|poke|p2|Arcanine, F|\n|poke|p2|Gyarados, M|\n|teampreview\n|inactive|Battle timer is ON: inactive players will automatically lose when time's up. (requested by KingOfZock4ever)\n|inactive|PokemonJavarRegion has 120 seconds left.\n|\n|t:|1701198814\n|start\n|switch|p1a: Appletun|Appletun, M|100\/100\n|switch|p2a: Zapdos|Zapdos|100\/100\n|-ability|p2a: Zapdos|Pressure\n|turn|1\n|\n|t:|1701198824\n|switch|p2a: Arcanine|Arcanine, F|100\/100\n|move|p1a: Appletun|Light Screen|p1a: Appletun\n|-sidestart|p1: KingOfZock4ever|move: Light Screen\n|\n|upkeep\n|turn|2\n|\n|t:|1701198833\n|switch|p1a: Greninja|Greninja, F|100\/100\n|move|p2a: Arcanine|Overheat|p1a: Greninja\n|-resisted|p1a: Greninja\n|-damage|p1a: Greninja|90\/100\n|-unboost|p2a: Arcanine|spa|2\n|\n|upkeep\n|turn|3\n|\n|t:|1701198843\n|switch|p2a: Zapdos|Zapdos|100\/100\n|-ability|p2a: Zapdos|Pressure\n|move|p1a: Greninja|Water Shuriken|p2a: Zapdos\n|-start|p1a: Greninja|typechange|Water|[from] ability: Protean\n|-damage|p2a: Zapdos|93\/100\n|-damage|p2a: Zapdos|87\/100\n|-hitcount|p2a: Zapdos|2\n|\n|upkeep\n|turn|4\n|\n|t:|1701198866\n|move|p1a: Greninja|Grass Knot|p2a: Zapdos\n|-resisted|p2a: Zapdos\n|-damage|p2a: Zapdos|76\/100\n|move|p2a: Zapdos|Thunder|p1a: Greninja\n|-supereffective|p1a: Greninja\n|-crit|p1a: Greninja\n|-damage|p1a: Greninja|0 fnt\n|faint|p1a: Greninja\n|\n|upkeep\n|\n|t:|1701198879\n|switch|p1a: Landorus|Landorus-Therian, M|100\/100\n|-ability|p1a: Landorus|Intimidate|boost\n|-unboost|p2a: Zapdos|atk|1\n|turn|5\n|\n|t:|1701198886\n|move|p1a: Landorus|Stealth Rock|p2a: Zapdos\n|-sidestart|p2: PokemonJavarRegion|move: Stealth Rock\n|move|p2a: Zapdos|Thunder|p1a: Landorus\n|-immune|p1a: Landorus\n|\n|-sideend|p1: KingOfZock4ever|move: Light Screen\n|upkeep\n|turn|6\n|\n|t:|1701198894\n|move|p1a: Landorus|Stone Edge|p2a: Zapdos\n|-supereffective|p2a: Zapdos\n|-damage|p2a: Zapdos|0 fnt\n|faint|p2a: Zapdos\n|\n|upkeep\n|\n|t:|1701198904\n|switch|p2a: Leafeon|Leafeon, M|100\/100\n|-damage|p2a: Leafeon|88\/100|[from] Stealth Rock\n|turn|7\n|\n|t:|1701198909\n|move|p1a: Landorus|U-turn|p2a: Leafeon\n|-supereffective|p2a: Leafeon\n|-damage|p2a: Leafeon|45\/100\n|-enditem|p2a: Leafeon|Enigma Berry|[eat]\n|-heal|p2a: Leafeon|70\/100|[from] item: Enigma Berry|[of] p1a: Landorus\n|\n|t:|1701198924\n|switch|p1a: Chansey|Chansey, F|100\/100|[from] U-turn\n|move|p2a: Leafeon|Leaf Storm|p1a: Chansey\n|-damage|p1a: Chansey|92\/100\n|-unboost|p2a: Leafeon|spa|2\n|\n|upkeep\n|turn|8\n|\n|t:|1701198936\n|switch|p2a: Charmeleon|Charmeleon, F|100\/100\n|-damage|p2a: Charmeleon|75\/100|[from] Stealth Rock\n|move|p1a: Chansey|Thunder Wave|p2a: Charmeleon\n|-status|p2a: Charmeleon|par\n|\n|upkeep\n|turn|9\n|\n|t:|1701198948\n|switch|p2a: Arcanine|Arcanine, F|100\/100\n|-damage|p2a: Arcanine|76\/100|[from] Stealth Rock\n|switch|p1a: Landorus|Landorus-Therian, M|100\/100\n|-ability|p1a: Landorus|Intimidate|boost\n|-unboost|p2a: Arcanine|atk|1\n|\n|upkeep\n|turn|10\n|\n|t:|1701198966\n|switch|p2a: Gyarados|Gyarados, M|100\/100\n|-damage|p2a: Gyarados|76\/100|[from] Stealth Rock\n|move|p1a: Landorus|Earthquake|p2a: Gyarados\n|-immune|p2a: Gyarados\n|\n|upkeep\n|turn|11\n|\n|t:|1701198978\n|switch|p1a: Rillaboom|Rillaboom, M|100\/100\n|-fieldstart|move: Grassy Terrain|[from] ability: Grassy Surge|[of] p1a: Rillaboom\n|-enditem|p1a: Rillaboom|Grassy Seed\n|-boost|p1a: Rillaboom|def|1|[from] item: Grassy Seed\n|move|p2a: Gyarados|Earthquake|p1a: Rillaboom\n|-resisted|p1a: Rillaboom\n|-damage|p1a: Rillaboom|93\/100\n|-damage|p2a: Gyarados|66\/100|[from] item: Life Orb\n|\n|-heal|p1a: Rillaboom|99\/100|[from] Grassy Terrain\n|upkeep\n|turn|12\n|inactive|KingOfZock4ever has 120 seconds left.\n|\n|t:|1701199038\n|switch|p1a: Appletun|Appletun, M|100\/100\n|move|p2a: Gyarados|Fire Blast|p1a: Appletun\n|-damage|p1a: Appletun|91\/100\n|-damage|p2a: Gyarados|56\/100|[from] item: Life Orb\n|\n|-heal|p1a: Appletun|97\/100|[from] Grassy Terrain\n|-heal|p1a: Appletun|100\/100|[from] item: Leftovers\n|upkeep\n|turn|13\n|\n|t:|1701199053\n|move|p2a: Gyarados|Blizzard|p1a: Appletun\n|-supereffective|p1a: Appletun\n|-damage|p1a: Appletun|61\/100\n|-damage|p2a: Gyarados|46\/100|[from] item: Life Orb\n|move|p1a: Appletun|Leech Seed|p2a: Gyarados\n|-start|p2a: Gyarados|move: Leech Seed\n|\n|-heal|p1a: Appletun|67\/100|[from] Grassy Terrain\n|-heal|p1a: Appletun|74\/100|[from] item: Leftovers\n|-damage|p2a: Gyarados|33\/100|[from] Leech Seed|[of] p1a: Appletun\n|-heal|p1a: Appletun|83\/100|[silent]\n|upkeep\n|turn|14\n|\n|t:|1701199068\n|move|p2a: Gyarados|Blizzard|p1a: Appletun\n|-supereffective|p1a: Appletun\n|-damage|p1a: Appletun|45\/100\n|-damage|p2a: Gyarados|23\/100|[from] item: Life Orb\n|move|p1a: Appletun|Light Screen|p1a: Appletun\n|-sidestart|p1: KingOfZock4ever|move: Light Screen\n|\n|-heal|p1a: Appletun|51\/100|[from] Grassy Terrain\n|-heal|p1a: Appletun|58\/100|[from] item: Leftovers\n|-damage|p2a: Gyarados|11\/100|[from] Leech Seed|[of] p1a: Appletun\n|-heal|p1a: Appletun|67\/100|[silent]\n|upkeep\n|turn|15\n|\n|t:|1701199082\n|move|p2a: Gyarados|Blizzard|p1a: Appletun\n|-supereffective|p1a: Appletun\n|-damage|p1a: Appletun|50\/100\n|-damage|p2a: Gyarados|1\/100|[from] item: Life Orb\n|move|p1a: Appletun|Reflect|p1a: Appletun\n|-sidestart|p1: KingOfZock4ever|Reflect\n|\n|-heal|p1a: Appletun|56\/100|[from] Grassy Terrain\n|-heal|p1a: Appletun|62\/100|[from] item: Leftovers\n|-damage|p2a: Gyarados|0 fnt|[from] Leech Seed|[of] p1a: Appletun\n|-heal|p1a: Appletun|62\/100|[silent]\n|faint|p2a: Gyarados\n|-fieldend|move: Grassy Terrain\n|upkeep\n|\n|t:|1701199095\n|switch|p2a: Moltres|Moltres|100\/100\n|-damage|p2a: Moltres|50\/100|[from] Stealth Rock\n|turn|16\n|\n|t:|1701199102\n|switch|p1a: Landorus|Landorus-Therian, M|100\/100\n|-ability|p1a: Landorus|Intimidate|boost\n|-unboost|p2a: Moltres|atk|1\n|move|p2a: Moltres|Roost|p2a: Moltres\n|-heal|p2a: Moltres|100\/100\n|-singleturn|p2a: Moltres|move: Roost\n|\n|upkeep\n|turn|17\n|\n|t:|1701199118\n|switch|p2a: Leafeon|Leafeon, M|70\/100\n|-damage|p2a: Leafeon|58\/100|[from] Stealth Rock\n|move|p1a: Landorus|Stone Edge|p2a: Leafeon\n|-damage|p2a: Leafeon|29\/100\n|\n|upkeep\n|turn|18\n|\n|t:|1701199129\n|move|p1a: Landorus|U-turn|p2a: Leafeon\n|-supereffective|p2a: Leafeon\n|-damage|p2a: Leafeon|0 fnt\n|faint|p2a: Leafeon\n|\n|t:|1701199136\n|switch|p1a: Appletun|Appletun, M|62\/100|[from] U-turn\n|\n|-heal|p1a: Appletun|68\/100|[from] item: Leftovers\n|-sideend|p1: KingOfZock4ever|move: Light Screen\n|upkeep\n|\n|t:|1701199145\n|switch|p2a: Moltres|Moltres|100\/100\n|-damage|p2a: Moltres|50\/100|[from] Stealth Rock\n|turn|19\n|\n|t:|1701199152\n|move|p2a: Moltres|Overheat|p1a: Appletun\n|-damage|p1a: Appletun|48\/100\n|-unboost|p2a: Moltres|spa|2\n|move|p1a: Appletun|Light Screen|p1a: Appletun\n|-sidestart|p1: KingOfZock4ever|move: Light Screen\n|\n|-heal|p1a: Appletun|55\/100|[from] item: Leftovers\n|-sideend|p1: KingOfZock4ever|Reflect\n|upkeep\n|turn|20\n|inactive|KingOfZock4ever has 120 seconds left.\n|\n|t:|1701199174\n|-terastallize|p2a: Moltres|Fire\n|move|p2a: Moltres|Overheat|p1a: Appletun|[miss]\n|-miss|p2a: Moltres|p1a: Appletun\n|move|p1a: Appletun|Leech Seed|p2a: Moltres\n|-start|p2a: Moltres|move: Leech Seed\n|\n|-heal|p1a: Appletun|61\/100|[from] item: Leftovers\n|-damage|p2a: Moltres|38\/100|[from] Leech Seed|[of] p1a: Appletun\n|-heal|p1a: Appletun|72\/100|[silent]\n|upkeep\n|turn|21\n|inactive|KingOfZock4ever has 120 seconds left.\n|\n|t:|1701199191\n|switch|p2a: Arcanine|Arcanine, F|76\/100\n|-damage|p2a: Arcanine|51\/100|[from] Stealth Rock\n|move|p1a: Appletun|Recover|p1a: Appletun\n|-heal|p1a: Appletun|100\/100\n|\n|upkeep\n|turn|22\n|\n|t:|1701199203\n|move|p2a: Arcanine|Outrage|p1a: Appletun\n|-supereffective|p1a: Appletun\n|-damage|p1a: Appletun|13\/100\n|move|p1a: Appletun|Leech Seed|p2a: Arcanine\n|-start|p2a: Arcanine|move: Leech Seed\n|\n|-heal|p1a: Appletun|19\/100|[from] item: Leftovers\n|-damage|p2a: Arcanine|38\/100|[from] Leech Seed|[of] p1a: Appletun\n|-heal|p1a: Appletun|28\/100|[silent]\n|upkeep\n|turn|23\n|inactive|KingOfZock4ever has 120 seconds left.\n|\n|t:|1701199233\n|switch|p1a: Gholdengo|Gholdengo|100\/100\n|move|p2a: Arcanine|Outrage|p1a: Gholdengo|[from]lockedmove\n|-resisted|p1a: Gholdengo\n|-damage|p1a: Gholdengo|84\/100\n|\n|-damage|p2a: Arcanine|26\/100|[from] Leech Seed|[of] p1a: Gholdengo\n|-heal|p1a: Gholdengo|94\/100|[silent]\n|-sideend|p1: KingOfZock4ever|move: Light Screen\n|upkeep\n|turn|24\n|\n|t:|1701199250\n|move|p2a: Arcanine|Outrage|p1a: Gholdengo|[from]lockedmove\n|-resisted|p1a: Gholdengo\n|-damage|p1a: Gholdengo|78\/100\n|-start|p2a: Arcanine|confusion|[fatigue]\n|move|p1a: Gholdengo|Nasty Plot|p1a: Gholdengo\n|-boost|p1a: Gholdengo|spa|2\n|\n|-damage|p2a: Arcanine|13\/100|[from] Leech Seed|[of] p1a: Gholdengo\n|-heal|p1a: Gholdengo|89\/100|[silent]\n|upkeep\n|turn|25\n|\n|t:|1701199266\n|-activate|p2a: Arcanine|confusion\n|-damage|p2a: Arcanine|0 fnt|[from] confusion\n|faint|p2a: Arcanine\n|move|p1a: Gholdengo|Nasty Plot|p1a: Gholdengo\n|-boost|p1a: Gholdengo|spa|2\n|\n|upkeep\n|\n|t:|1701199271\n|switch|p2a: Moltres|Moltres, tera:Fire|38\/100\n|-damage|p2a: Moltres|13\/100|[from] Stealth Rock\n|turn|26\n|\n|t:|1701199284\n|move|p2a: Moltres|Overheat|p1a: Gholdengo\n|-supereffective|p1a: Gholdengo\n|-damage|p1a: Gholdengo|0 fnt\n|-unboost|p2a: Moltres|spa|2\n|faint|p1a: Gholdengo\n|\n|upkeep\n|\n|t:|1701199293\n|switch|p1a: Landorus|Landorus-Therian, M|100\/100\n|-ability|p1a: Landorus|Intimidate|boost\n|-unboost|p2a: Moltres|atk|1\n|turn|27\n|\n|t:|1701199300\n|move|p1a: Landorus|Stone Edge|p2a: Moltres\n|-supereffective|p2a: Moltres\n|-crit|p2a: Moltres\n|-damage|p2a: Moltres|0 fnt\n|faint|p2a: Moltres\n|\n|upkeep\n|\n|t:|1701199305\n|switch|p2a: Charmeleon|Charmeleon, F|75\/100 par\n|-damage|p2a: Charmeleon|50\/100 par|[from] Stealth Rock\n|turn|28\n|\n|t:|1701199317\n|move|p1a: Landorus|Stone Edge|p2a: Charmeleon\n|-supereffective|p2a: Charmeleon\n|-damage|p2a: Charmeleon|0 fnt\n|faint|p2a: Charmeleon\n|\n|win|KingOfZock4ever\n|raw|KingOfZock4ever's rating: 1000 &rarr; <strong>1049<\/strong><br \/>(+49 for winning)\n|raw|PokemonJavarRegion's rating: 1079 &rarr; <strong>1052<\/strong><br \/>(-27 for losing)\n","uploadtime":1701199326,"views":0,"p1id":"kingofzock4ever","p2id":"pokemonjavarregion","formatid":"gen9ubers","rating":1049,"private":0,"password":""}