{"id":"gen9ubers-1972929389","p1":"Every day is evil.","p2":"Matabuelas300T","format":"[Gen 9] Ubers","log":"|j|\u2606Every day is evil.\n|j|\u2606Matabuelas300T\n|t:|1697909893\n|gametype|singles\n|player|p1|Every day is evil.|grimsley|1000\n|player|p2|Matabuelas300T|102|1000\n|teamsize|p1|6\n|teamsize|p2|6\n|gen|9\n|tier|[Gen 9] Ubers\n|rated|\n|rule|Sleep Clause Mod: Limit one foe put to sleep\n|rule|Species Clause: Limit one of each Pok\u00e9mon\n|rule|OHKO Clause: OHKO moves are banned\n|rule|Evasion Items Clause: Evasion items are banned\n|rule|Evasion Moves Clause: Evasion moves are banned\n|rule|Endless Battle Clause: Forcing endless battles is banned\n|rule|HP Percentage Mod: HP is shown in percentages\n|clearpoke\n|poke|p1|Ting-Lu|\n|poke|p1|Kingambit, M|\n|poke|p1|Moltres-Galar|\n|poke|p1|Samurott-Hisui, M|\n|poke|p1|Chien-Pao|\n|poke|p1|Urshifu-*, F|\n|poke|p2|Landorus-Therian, M|\n|poke|p2|Flutter Mane|\n|poke|p2|Amoonguss, F|\n|poke|p2|Urshifu-*, M|\n|poke|p2|Chien-Pao|\n|poke|p2|Iron Hands|\n|teampreview\n|\n|t:|1697909917\n|start\n|switch|p1a: Samurott|Samurott-Hisui, M|100\/100\n|switch|p2a: Flutter Mane|Flutter Mane|100\/100\n|turn|1\n|\n|t:|1697909929\n|move|p2a: Flutter Mane|Moonblast|p1a: Samurott\n|-supereffective|p1a: Samurott\n|-damage|p1a: Samurott|0 fnt\n|faint|p1a: Samurott\n|\n|upkeep\n|\n|t:|1697909936\n|switch|p1a: Chien-Pao|Chien-Pao|100\/100\n|-ability|p1a: Chien-Pao|Sword of Ruin\n|turn|2\n|\n|t:|1697909942\n|move|p2a: Flutter Mane|Moonblast|p1a: Chien-Pao\n|-supereffective|p1a: Chien-Pao\n|-enditem|p1a: Chien-Pao|Focus Sash\n|-damage|p1a: Chien-Pao|1\/100\n|move|p1a: Chien-Pao|Swords Dance|p1a: Chien-Pao\n|-boost|p1a: Chien-Pao|atk|2\n|\n|upkeep\n|turn|3\n|\n|t:|1697909955\n|move|p1a: Chien-Pao|Sucker Punch|p2a: Flutter Mane\n|-damage|p2a: Flutter Mane|0 fnt\n|faint|p2a: Flutter Mane\n|-end|p2a: Flutter Mane|Protosynthesis|[silent]\n|\n|upkeep\n|\n|t:|1697909967\n|switch|p2a: Landorus|Landorus-Therian, M|100\/100\n|-ability|p2a: Landorus|Intimidate|boost\n|-unboost|p1a: Chien-Pao|atk|1\n|turn|4\n|\n|t:|1697909980\n|move|p1a: Chien-Pao|Acrobatics|p2a: Landorus\n|-damage|p2a: Landorus|12\/100\n|move|p2a: Landorus|U-turn|p1a: Chien-Pao\n|-supereffective|p1a: Chien-Pao\n|-damage|p1a: Chien-Pao|0 fnt\n|faint|p1a: Chien-Pao\n|\n|t:|1697909990\n|switch|p2a: Iron Hands|Iron Hands|100\/100|[from] U-turn\n|\n|upkeep\n|\n|t:|1697909997\n|switch|p1a: Ting-Lu|Ting-Lu|100\/100\n|-ability|p1a: Ting-Lu|Vessel of Ruin\n|turn|5\n|\n|t:|1697910005\n|move|p2a: Iron Hands|Fake Out|p1a: Ting-Lu\n|-damage|p1a: Ting-Lu|92\/100\n|-damage|p2a: Iron Hands|84\/100|[from] item: Rocky Helmet|[of] p1a: Ting-Lu\n|cant|p1a: Ting-Lu|flinch\n|\n|upkeep\n|turn|6\n|\n|t:|1697910016\n|-terastallize|p2a: Iron Hands|Water\n|move|p2a: Iron Hands|Drain Punch|p1a: Ting-Lu\n|-supereffective|p1a: Ting-Lu\n|-damage|p1a: Ting-Lu|37\/100\n|-heal|p2a: Iron Hands|100\/100|[from] drain|[of] p1a: Ting-Lu\n|-damage|p2a: Iron Hands|84\/100|[from] item: Rocky Helmet|[of] p1a: Ting-Lu\n|move|p1a: Ting-Lu|Stealth Rock|p2a: Iron Hands\n|-sidestart|p2: Matabuelas300T|move: Stealth Rock\n|\n|upkeep\n|turn|7\n|\n|t:|1697910029\n|move|p2a: Iron Hands|Drain Punch|p1a: Ting-Lu\n|-supereffective|p1a: Ting-Lu\n|-damage|p1a: Ting-Lu|0 fnt\n|-heal|p2a: Iron Hands|100\/100|[from] drain|[of] p1a: Ting-Lu\n|-damage|p2a: Iron Hands|84\/100|[from] item: Rocky Helmet|[of] p1a: Ting-Lu\n|faint|p1a: Ting-Lu\n|\n|upkeep\n|\n|t:|1697910051\n|switch|p1a: Kingambit|Kingambit, M|100\/100\n|-activate|p1a: Kingambit|ability: Supreme Overlord\n|-start|p1a: Kingambit|fallen3|[silent]\n|turn|8\n|\n|t:|1697910063\n|-terastallize|p1a: Kingambit|Ghost\n|move|p2a: Iron Hands|Wild Charge|p1a: Kingambit\n|-damage|p1a: Kingambit|63\/100\n|-damage|p2a: Iron Hands|76\/100|[from] Recoil\n|move|p1a: Kingambit|Swords Dance|p1a: Kingambit\n|-boost|p1a: Kingambit|atk|2\n|\n|upkeep\n|turn|9\n|\n|t:|1697910074\n|move|p1a: Kingambit|Swords Dance|p1a: Kingambit\n|-boost|p1a: Kingambit|atk|2\n|move|p2a: Iron Hands|Volt Switch|p1a: Kingambit\n|-damage|p1a: Kingambit|52\/100\n|\n|t:|1697910085\n|-end|p2a: Iron Hands|Quark Drive|[silent]\n|switch|p2a: Urshifu|Urshifu-Rapid-Strike, M|100\/100|[from] Volt Switch\n|-damage|p2a: Urshifu|94\/100|[from] Stealth Rock\n|\n|upkeep\n|turn|10\n|\n|t:|1697910097\n|move|p1a: Kingambit|Sucker Punch||[still]\n|-fail|p1a: Kingambit\n|move|p2a: Urshifu|Taunt|p1a: Kingambit\n|-start|p1a: Kingambit|move: Taunt\n|\n|upkeep\n|turn|11\n|\n|t:|1697910106\n|move|p2a: Urshifu|Surging Strikes|p1a: Kingambit\n|-crit|p1a: Kingambit\n|-damage|p1a: Kingambit|34\/100\n|-crit|p1a: Kingambit\n|-damage|p1a: Kingambit|17\/100\n|-crit|p1a: Kingambit\n|-damage|p1a: Kingambit|0 fnt\n|faint|p1a: Kingambit\n|-end|p1a: Kingambit|fallen3|[silent]\n|-hitcount|p1: Kingambit|3\n|\n|upkeep\n|\n|t:|1697910118\n|switch|p1a: Urshifu|Urshifu, F|100\/100\n|turn|12\n|\n|t:|1697910123\n|move|p2a: Urshifu|Taunt|p1a: Urshifu\n|-start|p1a: Urshifu|move: Taunt\n|cant|p1a: Urshifu|move: Taunt|Bulk Up\n|\n|upkeep\n|turn|13\n|\n|t:|1697910135\n|move|p2a: Urshifu|Aqua Jet|p1a: Urshifu\n|-damage|p1a: Urshifu|73\/100\n|move|p1a: Urshifu|Wicked Blow|p2a: Urshifu\n|-resisted|p2a: Urshifu\n|-crit|p2a: Urshifu\n|-damage|p2a: Urshifu|62\/100\n|\n|upkeep\n|turn|14\n|\n|t:|1697910143\n|move|p1a: Urshifu|Drain Punch|p2a: Urshifu\n|-damage|p2a: Urshifu|20\/100\n|-heal|p1a: Urshifu|94\/100|[from] drain|[of] p2a: Urshifu\n|move|p2a: Urshifu|Surging Strikes|p1a: Urshifu\n|-crit|p1a: Urshifu\n|-damage|p1a: Urshifu|68\/100\n|-crit|p1a: Urshifu\n|-damage|p1a: Urshifu|42\/100\n|-crit|p1a: Urshifu\n|-damage|p1a: Urshifu|16\/100\n|-enditem|p1a: Urshifu|Salac Berry|[eat]\n|-boost|p1a: Urshifu|spe|1|[from] item: Salac Berry\n|-hitcount|p1a: Urshifu|3\n|\n|-end|p1a: Urshifu|move: Taunt\n|upkeep\n|turn|15\n|\n|t:|1697910160\n|move|p2a: Urshifu|Protect|p2a: Urshifu\n|-singleturn|p2a: Urshifu|Protect\n|move|p1a: Urshifu|Drain Punch|p2a: Urshifu\n|-damage|p2a: Urshifu|0 fnt\n|-heal|p1a: Urshifu|26\/100|[from] drain|[of] p2a: Urshifu\n|faint|p2a: Urshifu\n|\n|upkeep\n|\n|t:|1697910176\n|switch|p2a: Amoonguss|Amoonguss, F|100\/100\n|-damage|p2a: Amoonguss|88\/100|[from] Stealth Rock\n|turn|16\n|\n|t:|1697910184\n|switch|p1a: Moltres|Moltres-Galar|100\/100\n|move|p2a: Amoonguss|Spore|p1a: Moltres\n|-status|p1a: Moltres|slp|[from] move: Spore\n|\n|upkeep\n|turn|17\n|\n|t:|1697910196\n|switch|p2a: Chien-Pao|Chien-Pao|100\/100\n|-damage|p2a: Chien-Pao|76\/100|[from] Stealth Rock\n|-ability|p2a: Chien-Pao|Sword of Ruin\n|cant|p1a: Moltres|slp\n|\n|upkeep\n|turn|18\n|\n|t:|1697910212\n|move|p2a: Chien-Pao|Sacred Sword|p1a: Moltres\n|-damage|p1a: Moltres|51\/100 slp\n|cant|p1a: Moltres|slp\n|\n|upkeep\n|turn|19\n|\n|t:|1697910220\n|move|p2a: Chien-Pao|Sacred Sword|p1a: Moltres\n|-damage|p1a: Moltres|0 fnt\n|faint|p1a: Moltres\n|\n|upkeep\n|\n|t:|1697910226\n|switch|p1a: Urshifu|Urshifu, F|26\/100\n|turn|20\n|\n|t:|1697910234\n|move|p2a: Chien-Pao|Icicle Crash|p1a: Urshifu\n|-damage|p1a: Urshifu|0 fnt\n|faint|p1a: Urshifu\n|\n|win|Matabuelas300T\n|raw|Every day is evil.'s rating: 1000 &rarr; <strong>1000<\/strong><br \/>(+0 for losing)\n|raw|Matabuelas300T's rating: 1000 &rarr; <strong>1040<\/strong><br \/>(+40 for winning)\n|l|\u2606Every day is evil.\n|l|\u2606Matabuelas300T\n|j|\u2606Matabuelas300T\n|player|p2|Matabuelas300T|102\n","uploadtime":1697910486,"views":10,"p1id":"everydayisevil","p2id":"matabuelas300t","formatid":"gen9ubers","rating":1000,"private":0,"password":""}