{"id":"gen9ubers-1968364827","p1":"GratedsShtickface","p2":"Xmaserd","format":"[Gen 9] Ubers","log":"|j|\u2606GratedsShtickface\n|j|\u203dXmaserd\n|t:|1697410498\n|gametype|singles\n|player|p1|GratedsShtickface|hiker-gen4|\n|player|p2|Xmaserd|fisherman-gen4|\n|teamsize|p1|6\n|teamsize|p2|6\n|gen|9\n|tier|[Gen 9] Ubers\n|rule|Sleep Clause Mod: Limit one foe put to sleep\n|rule|Species Clause: Limit one of each Pok\u00e9mon\n|rule|OHKO Clause: OHKO moves are banned\n|rule|Evasion Items Clause: Evasion items are banned\n|rule|Evasion Moves Clause: Evasion moves are banned\n|rule|Endless Battle Clause: Forcing endless battles is banned\n|rule|HP Percentage Mod: HP is shown in percentages\n|clearpoke\n|poke|p1|Tyranitar, M|\n|poke|p1|Houndstone, M|\n|poke|p1|Lycanroc, M|\n|poke|p1|Cyclizar, M|\n|poke|p1|Arceus-Grass|\n|poke|p1|Magearna|\n|poke|p2|Pelipper, M|\n|poke|p2|Palkia-Origin|\n|poke|p2|Basculegion-F, F|\n|poke|p2|Giratina|\n|poke|p2|Meowscarada, F|\n|poke|p2|Magearna|\n|teampreview\n|inactive|Battle timer is ON: inactive players will automatically lose when time's up. (requested by GratedsShtickface)\n|inactive|Xmaserd has 270 seconds left.\n|\n|t:|1697410531\n|start\n|switch|p1a: Ar\u0441eus-Bug|Arceus-Grass, shiny|100\/100\n|switch|p2a: Meowscarada|Meowscarada, F|100\/100\n|turn|1\n|\n|t:|1697410542\n|move|p2a: Meowscarada|Toxic Spikes|p1a: Ar\u0441eus-Bug\n|-sidestart|p1: GratedsShtickface|move: Toxic Spikes\n|move|p1a: Ar\u0441eus-Bug|Judgment|p2a: Meowscarada\n|-resisted|p2a: Meowscarada\n|-damage|p2a: Meowscarada|62\/100\n|\n|upkeep\n|turn|2\n|\n|t:|1697410551\n|switch|p1a: Music Box Doll|Magearna|100\/100\n|move|p2a: Meowscarada|Toxic Spikes|p1a: Music Box Doll\n|-sidestart|p1: GratedsShtickface|move: Toxic Spikes\n|\n|upkeep\n|turn|3\n|\n|t:|1697410563\n|move|p2a: Meowscarada|Spikes|p1a: Music Box Doll\n|-sidestart|p1: GratedsShtickface|Spikes\n|move|p1a: Music Box Doll|Shift Gear|p1a: Music Box Doll\n|-boost|p1a: Music Box Doll|spe|2\n|-boost|p1a: Music Box Doll|atk|1\n|\n|upkeep\n|turn|4\n|\n|t:|1697410581\n|switch|p2a: Pelipper|Pelipper, M|100\/100\n|-weather|RainDance|[from] ability: Drizzle|[of] p2a: Pelipper\n|move|p1a: Music Box Doll|Shift Gear|p1a: Music Box Doll\n|-boost|p1a: Music Box Doll|spe|2\n|-boost|p1a: Music Box Doll|atk|1\n|\n|-weather|RainDance|[upkeep]\n|upkeep\n|turn|5\n|\n|t:|1697410590\n|move|p1a: Music Box Doll|Calm Mind|p1a: Music Box Doll\n|-boost|p1a: Music Box Doll|spa|1\n|-boost|p1a: Music Box Doll|spd|1\n|move|p2a: Pelipper|U-turn|p1a: Music Box Doll\n|-resisted|p1a: Music Box Doll\n|-damage|p1a: Music Box Doll|99\/100\n|\n|t:|1697410595\n|switch|p2a: Basculegion|Basculegion-F, F|100\/100|[from] U-turn\n|\n|-weather|RainDance|[upkeep]\n|upkeep\n|turn|6\n|\n|t:|1697410603\n|-terastallize|p2a: Basculegion|Water\n|move|p1a: Music Box Doll|Stored Power|p2a: Basculegion\n|-damage|p2a: Basculegion|6\/100\n|move|p2a: Basculegion|Flip Turn|p1a: Music Box Doll\n|-damage|p1a: Music Box Doll|40\/100\n|\n|t:|1697410613\n|switch|p2a: Palkia|Palkia-Origin|100\/100|[from] Flip Turn\n|-ability|p2a: Palkia|Pressure\n|\n|-weather|RainDance|[upkeep]\n|upkeep\n|turn|7\n|\n|t:|1697410618\n|move|p1a: Music Box Doll|Draining Kiss|p2a: Palkia\n|-supereffective|p2a: Palkia\n|-damage|p2a: Palkia|43\/100\n|-heal|p1a: Music Box Doll|79\/100|[from] drain|[of] p2a: Palkia\n|move|p2a: Palkia|Hydro Pump|p1a: Music Box Doll|[miss]\n|-miss|p2a: Palkia|p1a: Music Box Doll\n|\n|-weather|RainDance|[upkeep]\n|upkeep\n|turn|8\n|-message|Xmaserd forfeited.\n|\n|win|GratedsShtickface\n|l|\u203dXmaserd\n","uploadtime":1697410627,"views":43,"p1id":"gratedsshtickface","p2id":"xmaserd","formatid":"gen9ubers","rating":0,"private":0,"password":""}