{"id":"gen9ubers-1974476263","p1":"Rei_darkness","p2":"TRaSHiNSeCT","format":"[Gen 9] Ubers","log":"|j|\u2606Rei_darkness\n|j|\u2606TRaSHiNSeCT\n|t:|1698090138\n|gametype|singles\n|player|p1|Rei_darkness|drayden|\n|player|p2|TRaSHiNSeCT|workerice|\n|teamsize|p1|6\n|teamsize|p2|6\n|gen|9\n|tier|[Gen 9] Ubers\n|rule|Sleep Clause Mod: Limit one foe put to sleep\n|rule|Species Clause: Limit one of each Pok\u00e9mon\n|rule|OHKO Clause: OHKO moves are banned\n|rule|Evasion Items Clause: Evasion items are banned\n|rule|Evasion Moves Clause: Evasion moves are banned\n|rule|Endless Battle Clause: Forcing endless battles is banned\n|rule|HP Percentage Mod: HP is shown in percentages\n|clearpoke\n|poke|p1|Slowbro-Galar, F|\n|poke|p1|Klefki, M|\n|poke|p1|Calyrex-Ice|\n|poke|p1|Victreebel, F|\n|poke|p1|Scovillain, F|\n|poke|p1|Koraidon|\n|poke|p2|Slowking-Galar, F|\n|poke|p2|Torkoal, M|\n|poke|p2|Amoonguss, M|\n|poke|p2|Toedscruel, M|\n|poke|p2|Greninja-*, M|\n|poke|p2|Mesprit|\n|teampreview\n|\n|t:|1698090150\n|start\n|switch|p1a: I die now|Klefki, M|100\/100\n|switch|p2a: Toedscruel|Toedscruel, M|100\/100\n|turn|1\n|\n|t:|1698090174\n|move|p1a: I die now|Light Screen|p1a: I die now\n|-sidestart|p1: Rei_darkness|move: Light Screen\n|move|p2a: Toedscruel|Knock Off|p1a: I die now\n|-resisted|p1a: I die now\n|-damage|p1a: I die now|93\/100\n|-enditem|p1a: I die now|Light Clay|[from] move: Knock Off|[of] p2a: Toedscruel\n|\n|upkeep\n|turn|2\n|\n|t:|1698090182\n|move|p1a: I die now|Sunny Day|p1a: I die now\n|-weather|SunnyDay\n|move|p2a: Toedscruel|Spikes|p1a: I die now\n|-sidestart|p1: Rei_darkness|Spikes\n|\n|-weather|SunnyDay|[upkeep]\n|upkeep\n|turn|3\n|\n|t:|1698090196\n|switch|p1a: gen9shitmon|Scovillain, F|100\/100\n|-damage|p1a: gen9shitmon|88\/100|[from] Spikes\n|move|p2a: Toedscruel|Spikes|p1a: gen9shitmon\n|-sidestart|p1: Rei_darkness|Spikes\n|\n|-weather|SunnyDay|[upkeep]\n|upkeep\n|turn|4\n|\n|t:|1698090204\n|move|p1a: gen9shitmon|Growth|p1a: gen9shitmon\n|-boost|p1a: gen9shitmon|atk|2\n|-boost|p1a: gen9shitmon|spa|2\n|move|p2a: Toedscruel|Knock Off|p1a: gen9shitmon\n|-damage|p1a: gen9shitmon|59\/100\n|-enditem|p1a: gen9shitmon|Focus Sash|[from] move: Knock Off|[of] p2a: Toedscruel\n|\n|-weather|SunnyDay|[upkeep]\n|upkeep\n|turn|5\n|\n|t:|1698090216\n|move|p1a: gen9shitmon|Fire Fang|p2a: Toedscruel\n|-supereffective|p2a: Toedscruel\n|-damage|p2a: Toedscruel|0 fnt\n|faint|p2a: Toedscruel\n|\n|-weather|SunnyDay|[upkeep]\n|upkeep\n|\n|t:|1698090231\n|switch|p2a: Amoonguss|Amoonguss, M|100\/100\n|turn|6\n|\n|t:|1698090238\n|-terastallize|p2a: Amoonguss|Water\n|move|p1a: gen9shitmon|Seed Bomb|p2a: Amoonguss\n|-supereffective|p2a: Amoonguss\n|-damage|p2a: Amoonguss|0 fnt\n|faint|p2a: Amoonguss\n|\n|-weather|none\n|upkeep\n|\n|t:|1698090246\n|switch|p2a: Slowking|Slowking-Galar, F|100\/100\n|turn|7\n|\n|t:|1698090253\n|move|p1a: gen9shitmon|Lash Out|p2a: Slowking\n|-supereffective|p2a: Slowking\n|-damage|p2a: Slowking|0 fnt\n|faint|p2a: Slowking\n|\n|upkeep\n|\n|t:|1698090258\n|switch|p2a: Greninja|Greninja, M|100\/100\n|turn|8\n|\n|t:|1698090266\n|switch|p1a: actualboxleg|Koraidon|100\/100\n|-damage|p1a: actualboxleg|84\/100|[from] Spikes\n|-weather|SunnyDay|[from] ability: Orichalcum Pulse|[of] p1a: actualboxleg\n|-activate|p1a: actualboxleg|Orichalcum Pulse|[source]\n|move|p2a: Greninja|Swords Dance|p2a: Greninja\n|-boost|p2a: Greninja|atk|2\n|\n|-weather|SunnyDay|[upkeep]\n|-sideend|p1: Rei_darkness|move: Light Screen\n|upkeep\n|turn|9\n|\n|t:|1698090276\n|move|p1a: actualboxleg|Solar Beam||[still]\n|-prepare|p1a: actualboxleg|Solar Beam\n|-anim|p1a: actualboxleg|Solar Beam|p2a: Greninja\n|-supereffective|p2a: Greninja\n|-damage|p2a: Greninja|9\/100\n|move|p2a: Greninja|Night Slash|p1a: actualboxleg\n|-resisted|p1a: actualboxleg\n|-damage|p1a: actualboxleg|56\/100\n|\n|-weather|SunnyDay|[upkeep]\n|upkeep\n|turn|10\n|\n|t:|1698090285\n|switch|p2a: Torkoal|Torkoal, M|100\/100\n|move|p1a: actualboxleg|Solar Beam||[still]\n|-prepare|p1a: actualboxleg|Solar Beam\n|-anim|p1a: actualboxleg|Solar Beam|p2a: Torkoal\n|-resisted|p2a: Torkoal\n|-damage|p2a: Torkoal|82\/100\n|\n|-weather|SunnyDay|[upkeep]\n|upkeep\n|turn|11\n|\n|t:|1698090293\n|move|p1a: actualboxleg|Draco Meteor|p2a: Torkoal\n|-damage|p2a: Torkoal|10\/100\n|-unboost|p1a: actualboxleg|spa|2\n|move|p2a: Torkoal|Weather Ball|p1a: actualboxleg\n|-resisted|p1a: actualboxleg\n|-crit|p1a: actualboxleg\n|-damage|p1a: actualboxleg|0 fnt\n|faint|p1a: actualboxleg\n|\n|-weather|SunnyDay|[upkeep]\n|upkeep\n|\n|t:|1698090306\n|switch|p1a: gen9shitmon|Scovillain, F|59\/100\n|-damage|p1a: gen9shitmon|43\/100|[from] Spikes\n|turn|12\n|\n|t:|1698090310\n|move|p1a: gen9shitmon|Seed Bomb|p2a: Torkoal\n|-resisted|p2a: Torkoal\n|-damage|p2a: Torkoal|0 fnt\n|faint|p2a: Torkoal\n|\n|-weather|SunnyDay|[upkeep]\n|upkeep\n|\n|t:|1698090315\n|switch|p2a: Mesprit|Mesprit|100\/100\n|turn|13\n|\n|t:|1698090318\n|move|p1a: gen9shitmon|Lash Out|p2a: Mesprit\n|-supereffective|p2a: Mesprit\n|-damage|p2a: Mesprit|53\/100\n|move|p2a: Mesprit|Mystical Power|p1a: gen9shitmon|[miss]\n|-miss|p2a: Mesprit|p1a: gen9shitmon\n|\n|-weather|SunnyDay|[upkeep]\n|-heal|p2a: Mesprit|59\/100|[from] item: Leftovers\n|upkeep\n|turn|14\n|c|\u2606TRaSHiNSeCT|dammit\n|\n|t:|1698090327\n|move|p1a: gen9shitmon|Lash Out|p2a: Mesprit\n|-supereffective|p2a: Mesprit\n|-crit|p2a: Mesprit\n|-damage|p2a: Mesprit|0 fnt\n|faint|p2a: Mesprit\n|\n|-weather|SunnyDay|[upkeep]\n|upkeep\n|\n|t:|1698090333\n|switch|p2a: Greninja|Greninja, M|9\/100\n|turn|15\n|c|\u2606TRaSHiNSeCT|ggs wp\n|c|\u2606Rei_darkness|i pay the contrarian council members for this rng\n|\n|t:|1698090344\n|move|p1a: gen9shitmon|Seed Bomb|p2a: Greninja\n|-supereffective|p2a: Greninja\n|-damage|p2a: Greninja|0 fnt\n|faint|p2a: Greninja\n|\n|win|Rei_darkness\n","uploadtime":1698090348,"views":19,"p1id":"reidarkness","p2id":"trashinsect","formatid":"gen9ubers","rating":0,"private":0,"password":""}