{"id":"gen9ubers-1996123067","p1":"jacothaptrllr","p2":"wowgueur","format":"[Gen 9] Ubers","log":"|j|\u2606jacothaptrllr\n|j|\u2606wowgueur\n|t:|1700647647\n|gametype|singles\n|player|p1|jacothaptrllr|chuck|1159\n|player|p2|wowgueur|cynthia|1425\n|teamsize|p1|6\n|teamsize|p2|6\n|gen|9\n|tier|[Gen 9] Ubers\n|rated|\n|rule|Sleep Clause Mod: Limit one foe put to sleep\n|rule|Species Clause: Limit one of each Pok\u00e9mon\n|rule|OHKO Clause: OHKO moves are banned\n|rule|Evasion Items Clause: Evasion items are banned\n|rule|Evasion Moves Clause: Evasion moves are banned\n|rule|Endless Battle Clause: Forcing endless battles is banned\n|rule|HP Percentage Mod: HP is shown in percentages\n|clearpoke\n|poke|p1|Flutter Mane|\n|poke|p1|Miraidon|\n|poke|p1|Kyogre|\n|poke|p1|Skeledirge, F|\n|poke|p1|Chien-Pao|\n|poke|p1|Sneasler, M|\n|poke|p2|Blissey, F|\n|poke|p2|Arceus|\n|poke|p2|Iron Bundle|\n|poke|p2|Dondozo, M|\n|poke|p2|Regieleki|\n|poke|p2|Eternatus|\n|teampreview\n|inactive|Battle timer is ON: inactive players will automatically lose when time's up. (requested by wowgueur)\n|inactive|jacothaptrllr also wants the timer to be on.\n|inactive|wowgueur has 120 seconds left.\n|inactive|wowgueur has 90 seconds left.\n|inactive|wowgueur has 60 seconds left.\n|\n|t:|1700647747\n|start\n|switch|p1a: Bob Lazar|Miraidon|100\/100\n|switch|p2a: DA EMPEROR|Eternatus|100\/100\n|-fieldstart|move: Electric Terrain|[from] ability: Hadron Engine|[of] p1a: Bob Lazar\n|-ability|p2a: DA EMPEROR|Pressure\n|turn|1\n|inactive|wowgueur has 120 seconds left.\n|\n|t:|1700647756\n|switch|p2a: DA SMILE|Blissey, F|100\/100\n|move|p1a: Bob Lazar|Draco Meteor|p2a: DA SMILE\n|-damage|p2a: DA SMILE|62\/100\n|-unboost|p1a: Bob Lazar|spa|2\n|-damage|p1a: Bob Lazar|91\/100|[from] item: Life Orb\n|\n|upkeep\n|turn|2\n|\n|t:|1700647768\n|move|p1a: Bob Lazar|Volt Switch|p2a: DA SMILE\n|-damage|p2a: DA SMILE|50\/100\n|-damage|p1a: Bob Lazar|81\/100|[from] item: Life Orb\n|\n|t:|1700647776\n|switch|p1a: David Grusch|Chien-Pao|100\/100|[from] Volt Switch\n|-ability|p1a: David Grusch|Sword of Ruin\n|move|p2a: DA SMILE|Stealth Rock|p1a: David Grusch\n|-sidestart|p1: jacothaptrllr|move: Stealth Rock\n|\n|upkeep\n|turn|3\n|\n|t:|1700647781\n|switch|p2a: DA JOE|Dondozo, M|100\/100\n|move|p1a: David Grusch|Ice Shard|p2a: DA JOE\n|-resisted|p2a: DA JOE\n|-damage|p2a: DA JOE|92\/100\n|\n|-heal|p2a: DA JOE|98\/100|[from] item: Leftovers\n|upkeep\n|turn|4\n|\n|t:|1700647788\n|switch|p1a: Sitchin|Kyogre|100\/100\n|-damage|p1a: Sitchin|88\/100|[from] Stealth Rock\n|-weather|RainDance|[from] ability: Drizzle|[of] p1a: Sitchin\n|move|p2a: DA JOE|Liquidation|p1a: Sitchin\n|-resisted|p1a: Sitchin\n|-damage|p1a: Sitchin|65\/100\n|\n|-weather|RainDance|[upkeep]\n|-heal|p2a: DA JOE|100\/100|[from] item: Leftovers\n|upkeep\n|turn|5\n|\n|t:|1700647801\n|switch|p2a: DA EMPEROR|Eternatus|100\/100\n|-ability|p2a: DA EMPEROR|Pressure\n|move|p1a: Sitchin|Thunder|p2a: DA EMPEROR\n|-resisted|p2a: DA EMPEROR\n|-damage|p2a: DA EMPEROR|83\/100\n|\n|-weather|RainDance|[upkeep]\n|-fieldend|move: Electric Terrain\n|upkeep\n|turn|6\n|\n|t:|1700647810\n|move|p2a: DA EMPEROR|Flamethrower|p1a: Sitchin\n|-resisted|p1a: Sitchin\n|-damage|p1a: Sitchin|59\/100\n|move|p1a: Sitchin|Ice Beam|p2a: DA EMPEROR\n|-supereffective|p2a: DA EMPEROR\n|-damage|p2a: DA EMPEROR|38\/100\n|\n|-weather|RainDance|[upkeep]\n|upkeep\n|turn|7\n|\n|t:|1700647818\n|move|p2a: DA EMPEROR|Dynamax Cannon|p1a: Sitchin\n|-damage|p1a: Sitchin|25\/100\n|move|p1a: Sitchin|Ice Beam|p2a: DA EMPEROR\n|-supereffective|p2a: DA EMPEROR\n|-damage|p2a: DA EMPEROR|0 fnt\n|faint|p2a: DA EMPEROR\n|\n|-weather|RainDance|[upkeep]\n|upkeep\n|\n|t:|1700647831\n|switch|p2a: DA SMILE|Blissey, F|50\/100\n|turn|8\n|\n|t:|1700647835\n|move|p1a: Sitchin|Origin Pulse|p2a: DA SMILE\n|-damage|p2a: DA SMILE|13\/100\n|move|p2a: DA SMILE|Soft-Boiled|p2a: DA SMILE\n|-heal|p2a: DA SMILE|63\/100\n|\n|-weather|none\n|upkeep\n|turn|9\n|\n|t:|1700647860\n|switch|p1a: Sneasler|Sneasler, M|100\/100\n|-damage|p1a: Sneasler|95\/100|[from] Stealth Rock\n|move|p2a: DA SMILE|Thunder Wave|p1a: Sneasler\n|-status|p1a: Sneasler|par\n|\n|upkeep\n|turn|10\n|\n|t:|1700647867\n|switch|p2a: DA JOE|Dondozo, M|100\/100\n|move|p1a: Sneasler|Toxic Spikes|p2a: DA JOE\n|-sidestart|p2: wowgueur|move: Toxic Spikes\n|\n|upkeep\n|turn|11\n|\n|t:|1700647875\n|cant|p1a: Sneasler|par\n|move|p2a: DA JOE|Curse|p2a: DA JOE\n|-unboost|p2a: DA JOE|spe|1\n|-boost|p2a: DA JOE|atk|1\n|-boost|p2a: DA JOE|def|1\n|\n|upkeep\n|turn|12\n|\n|t:|1700647878\n|move|p1a: Sneasler|Toxic Spikes|p2a: DA JOE\n|-sidestart|p2: wowgueur|move: Toxic Spikes\n|move|p2a: DA JOE|Liquidation|p1a: Sneasler\n|-damage|p1a: Sneasler|13\/100 par\n|-unboost|p1a: Sneasler|def|1\n|\n|upkeep\n|turn|13\n|\n|t:|1700647892\n|move|p1a: Sneasler|Toxic Spikes||[still]\n|-fail|p1a: Sneasler\n|move|p2a: DA JOE|Curse|p2a: DA JOE\n|-unboost|p2a: DA JOE|spe|1\n|-boost|p2a: DA JOE|atk|1\n|-boost|p2a: DA JOE|def|1\n|\n|upkeep\n|turn|14\n|\n|t:|1700647898\n|cant|p1a: Sneasler|par\n|move|p2a: DA JOE|Curse|p2a: DA JOE\n|-unboost|p2a: DA JOE|spe|1\n|-boost|p2a: DA JOE|atk|1\n|-boost|p2a: DA JOE|def|1\n|\n|upkeep\n|turn|15\n|\n|t:|1700647903\n|move|p1a: Sneasler|Toxic Spikes||[still]\n|-fail|p1a: Sneasler\n|move|p2a: DA JOE|Curse|p2a: DA JOE\n|-unboost|p2a: DA JOE|spe|1\n|-boost|p2a: DA JOE|atk|1\n|-boost|p2a: DA JOE|def|1\n|\n|upkeep\n|turn|16\n|\n|t:|1700647905\n|move|p1a: Sneasler|Toxic Spikes||[still]\n|-fail|p1a: Sneasler\n|move|p2a: DA JOE|Liquidation|p1a: Sneasler\n|-damage|p1a: Sneasler|0 fnt\n|faint|p1a: Sneasler\n|\n|upkeep\n|\n|t:|1700647908\n|switch|p1a: Sitchin|Kyogre|25\/100\n|-damage|p1a: Sitchin|13\/100|[from] Stealth Rock\n|-weather|RainDance|[from] ability: Drizzle|[of] p1a: Sitchin\n|turn|17\n|\n|t:|1700647914\n|move|p1a: Sitchin|Thunder|p2a: DA JOE\n|-supereffective|p2a: DA JOE\n|-damage|p2a: DA JOE|22\/100\n|move|p2a: DA JOE|Liquidation|p1a: Sitchin\n|-resisted|p1a: Sitchin\n|-damage|p1a: Sitchin|0 fnt\n|faint|p1a: Sitchin\n|\n|-weather|RainDance|[upkeep]\n|-heal|p2a: DA JOE|28\/100|[from] item: Leftovers\n|upkeep\n|\n|t:|1700647929\n|switch|p1a: Bob Lazar|Miraidon|81\/100\n|-damage|p1a: Bob Lazar|68\/100|[from] Stealth Rock\n|-fieldstart|move: Electric Terrain|[from] ability: Hadron Engine|[of] p1a: Bob Lazar\n|turn|18\n|\n|t:|1700647937\n|move|p1a: Bob Lazar|Parabolic Charge|p2a: DA JOE\n|-supereffective|p2a: DA JOE\n|-damage|p2a: DA JOE|0 fnt\n|-heal|p1a: Bob Lazar|88\/100|[from] drain|[of] p2a: DA JOE\n|faint|p2a: DA JOE\n|-damage|p1a: Bob Lazar|79\/100|[from] item: Life Orb\n|\n|-weather|RainDance|[upkeep]\n|upkeep\n|\n|t:|1700647943\n|switch|p2a: DA SPEED BO\u00cf|Regieleki|100\/100\n|-status|p2a: DA SPEED BO\u00cf|tox\n|turn|19\n|\n|t:|1700647949\n|move|p2a: DA SPEED BO\u00cf|Light Screen|p2a: DA SPEED BO\u00cf\n|-sidestart|p2: wowgueur|move: Light Screen\n|move|p1a: Bob Lazar|Draco Meteor|p2a: DA SPEED BO\u00cf\n|-crit|p2a: DA SPEED BO\u00cf\n|-damage|p2a: DA SPEED BO\u00cf|0 fnt\n|-unboost|p1a: Bob Lazar|spa|2\n|faint|p2a: DA SPEED BO\u00cf\n|-damage|p1a: Bob Lazar|69\/100|[from] item: Life Orb\n|\n|-weather|RainDance|[upkeep]\n|upkeep\n|\n|t:|1700647957\n|switch|p2a: DA CYBER PINGU|Iron Bundle|100\/100\n|-status|p2a: DA CYBER PINGU|tox\n|-activate|p2a: DA CYBER PINGU|ability: Quark Drive\n|-start|p2a: DA CYBER PINGU|quarkdrivespe\n|turn|20\n|\n|t:|1700647962\n|move|p2a: DA CYBER PINGU|Ice Beam|p1a: Bob Lazar\n|-supereffective|p1a: Bob Lazar\n|-damage|p1a: Bob Lazar|0 fnt\n|faint|p1a: Bob Lazar\n|\n|-weather|RainDance|[upkeep]\n|-damage|p2a: DA CYBER PINGU|95\/100 tox|[from] psn\n|upkeep\n|\n|t:|1700647971\n|switch|p1a: Graham Hancock|Skeledirge, F|100\/100\n|-damage|p1a: Graham Hancock|76\/100|[from] Stealth Rock\n|turn|21\n|\n|t:|1700647976\n|-end|p2a: DA CYBER PINGU|Quark Drive|[silent]\n|switch|p2a: DA SMILE|Blissey, F|63\/100\n|-terastallize|p1a: Graham Hancock|Water\n|move|p1a: Graham Hancock|Torch Song|p2a: DA SMILE\n|-damage|p2a: DA SMILE|58\/100\n|-boost|p1a: Graham Hancock|spa|1\n|\n|-weather|none\n|upkeep\n|turn|22\n|\n|t:|1700647986\n|switch|p1a: David Grusch|Chien-Pao|100\/100\n|-damage|p1a: David Grusch|76\/100|[from] Stealth Rock\n|-ability|p1a: David Grusch|Sword of Ruin\n|move|p2a: DA SMILE|Thunder Wave|p1a: David Grusch|[miss]\n|-miss|p2a: DA SMILE|p1a: David Grusch\n|\n|-fieldend|move: Electric Terrain\n|upkeep\n|turn|23\n|\n|t:|1700648001\n|move|p1a: David Grusch|Psychic Fangs|p2a: DA SMILE\n|-sideend|p2: wowgueur|move: Light Screen\n|-damage|p2a: DA SMILE|0 fnt\n|faint|p2a: DA SMILE\n|\n|upkeep\n|\n|t:|1700648007\n|switch|p2a: DA GOD HORSE|Arceus|100\/100\n|-status|p2a: DA GOD HORSE|tox\n|turn|24\n|\n|t:|1700648012\n|move|p2a: DA GOD HORSE|Extreme Speed|p1a: David Grusch\n|-damage|p1a: David Grusch|5\/100\n|move|p1a: David Grusch|Psychic Fangs|p2a: DA GOD HORSE\n|-damage|p2a: DA GOD HORSE|62\/100 tox\n|\n|-damage|p2a: DA GOD HORSE|55\/100 tox|[from] psn\n|upkeep\n|turn|25\n|\n|t:|1700648021\n|switch|p1a: eepy babi|Flutter Mane|100\/100\n|-damage|p1a: eepy babi|88\/100|[from] Stealth Rock\n|-enditem|p1a: eepy babi|Booster Energy\n|-activate|p1a: eepy babi|ability: Protosynthesis|[fromitem]\n|-start|p1a: eepy babi|protosynthesisspe\n|move|p2a: DA GOD HORSE|Extreme Speed|p1a: eepy babi\n|-immune|p1a: eepy babi\n|\n|-damage|p2a: DA GOD HORSE|43\/100 tox|[from] psn\n|upkeep\n|turn|26\n|\n|t:|1700648029\n|move|p1a: eepy babi|Moonblast|p2a: DA GOD HORSE\n|-damage|p2a: DA GOD HORSE|13\/100 tox\n|move|p2a: DA GOD HORSE|Swords Dance|p2a: DA GOD HORSE\n|-boost|p2a: DA GOD HORSE|atk|2\n|\n|-damage|p2a: DA GOD HORSE|0 fnt|[from] psn\n|faint|p2a: DA GOD HORSE\n|upkeep\n|\n|t:|1700648035\n|switch|p2a: DA CYBER PINGU|Iron Bundle|95\/100 tox\n|turn|27\n|\n|t:|1700648047\n|-terastallize|p2a: DA CYBER PINGU|Ice\n|move|p1a: eepy babi|Moonblast|p2a: DA CYBER PINGU\n|-damage|p2a: DA CYBER PINGU|0 fnt\n|faint|p2a: DA CYBER PINGU\n|-end|p2a: DA CYBER PINGU|Quark Drive|[silent]\n|\n|win|jacothaptrllr\n|raw|jacothaptrllr's rating: 1159 &rarr; <strong>1200<\/strong><br \/>(+41 for winning)\n|raw|wowgueur's rating: 1425 &rarr; <strong>1392<\/strong><br \/>(-33 for losing)\n|l|\u2606wowgueur\n|c|\u2606jacothaptrllr|good game\n","uploadtime":1700648064,"views":0,"p1id":"jacothaptrllr","p2id":"wowgueur","formatid":"gen9ubers","rating":1200,"private":0,"password":""}