{"id":"gen9ubers-1968815351","p1":"TheAmazingBaldwin","p2":"tingalera","format":"[Gen 9] Ubers","log":"|j|\u2606TheAmazingBaldwin\n|j|\u2606tingalera\n|t:|1697467133\n|gametype|singles\n|player|p1|TheAmazingBaldwin|1|1158\n|player|p2|tingalera|parasollady-gen4|1046\n|teamsize|p1|6\n|teamsize|p2|6\n|gen|9\n|tier|[Gen 9] Ubers\n|rated|\n|rule|Sleep Clause Mod: Limit one foe put to sleep\n|rule|Species Clause: Limit one of each Pok\u00e9mon\n|rule|OHKO Clause: OHKO moves are banned\n|rule|Evasion Items Clause: Evasion items are banned\n|rule|Evasion Moves Clause: Evasion moves are banned\n|rule|Endless Battle Clause: Forcing endless battles is banned\n|rule|HP Percentage Mod: HP is shown in percentages\n|clearpoke\n|poke|p1|Regieleki|\n|poke|p1|Flutter Mane|\n|poke|p1|Miraidon|\n|poke|p1|Zacian-*|\n|poke|p1|Chien-Pao|\n|poke|p1|Arceus-Ground|\n|poke|p2|Giratina-Origin|\n|poke|p2|Miraidon|\n|poke|p2|Koraidon|\n|poke|p2|Ribombee, M|\n|poke|p2|Zacian-*|\n|poke|p2|Great Tusk|\n|teampreview\n|inactive|Battle timer is ON: inactive players will automatically lose when time's up. (requested by TheAmazingBaldwin)\n|\n|t:|1697467143\n|start\n|switch|p1a: Regieleki|Regieleki, shiny|100\/100\n|switch|p2a: Ribombee|Ribombee, M|100\/100\n|turn|1\n|\n|t:|1697467147\n|move|p1a: Regieleki|Reflect|p1a: Regieleki\n|-sidestart|p1: TheAmazingBaldwin|Reflect\n|move|p2a: Ribombee|Sticky Web|p1a: Regieleki\n|-sidestart|p1: TheAmazingBaldwin|move: Sticky Web\n|\n|upkeep\n|turn|2\n|\n|t:|1697467152\n|switch|p2a: Giratina|Giratina-Origin|100\/100\n|move|p1a: Regieleki|Rapid Spin|p2a: Giratina\n|-immune|p2a: Giratina\n|\n|upkeep\n|turn|3\n|\n|t:|1697467156\n|move|p1a: Regieleki|Light Screen|p1a: Regieleki\n|-sidestart|p1: TheAmazingBaldwin|move: Light Screen\n|move|p2a: Giratina|Shadow Ball|p1a: Regieleki\n|-damage|p1a: Regieleki|59\/100\n|\n|upkeep\n|turn|4\n|\n|t:|1697467161\n|switch|p1a: Chien-Pao|Chien-Pao|100\/100\n|-activate|p1a: Chien-Pao|move: Sticky Web\n|-unboost|p1a: Chien-Pao|spe|1\n|-ability|p1a: Chien-Pao|Sword of Ruin\n|move|p2a: Giratina|Shadow Ball|p1a: Chien-Pao\n|-resisted|p1a: Chien-Pao\n|-damage|p1a: Chien-Pao|79\/100\n|\n|upkeep\n|turn|5\n|\n|t:|1697467164\n|switch|p2a: Zacian|Zacian-Crowned|100\/100\n|-ability|p2a: Zacian|Intrepid Sword|boost\n|-boost|p2a: Zacian|atk|1\n|move|p1a: Chien-Pao|Sucker Punch||[still]\n|-fail|p1a: Chien-Pao\n|\n|upkeep\n|turn|6\n|\n|t:|1697467172\n|switch|p1a: Regieleki|Regieleki, shiny|59\/100\n|-activate|p1a: Regieleki|move: Sticky Web\n|-unboost|p1a: Regieleki|spe|1\n|move|p2a: Zacian|Behemoth Blade|p1a: Regieleki\n|-resisted|p1a: Regieleki\n|-crit|p1a: Regieleki\n|-damage|p1a: Regieleki|0 fnt\n|faint|p1a: Regieleki\n|\n|upkeep\n|\n|t:|1697467181\n|switch|p1a: Arceus|Arceus-Ground|100\/100\n|-activate|p1a: Arceus|move: Sticky Web\n|-unboost|p1a: Arceus|spe|1\n|turn|7\n|inactive|tingalera has 120 seconds left.\n|\n|t:|1697467212\n|move|p2a: Zacian|Swords Dance|p2a: Zacian\n|-boost|p2a: Zacian|atk|2\n|move|p1a: Arceus|Swords Dance|p1a: Arceus\n|-boost|p1a: Arceus|atk|2\n|\n|upkeep\n|turn|8\n|\n|t:|1697467219\n|-terastallize|p2a: Zacian|Flying\n|move|p2a: Zacian|Swords Dance|p2a: Zacian\n|-boost|p2a: Zacian|atk|2\n|move|p1a: Arceus|Earthquake|p2a: Zacian\n|-immune|p2a: Zacian\n|\n|-sideend|p1: TheAmazingBaldwin|Reflect\n|upkeep\n|turn|9\n|\n|t:|1697467222\n|move|p1a: Arceus|Extreme Speed|p2a: Zacian\n|-damage|p2a: Zacian|42\/100\n|move|p2a: Zacian|Behemoth Blade|p1a: Arceus\n|-damage|p1a: Arceus|0 fnt\n|faint|p1a: Arceus\n|\n|upkeep\n|\n|t:|1697467225\n|switch|p1a: Chien-Pao|Chien-Pao|79\/100\n|-activate|p1a: Chien-Pao|move: Sticky Web\n|-unboost|p1a: Chien-Pao|spe|1\n|-ability|p1a: Chien-Pao|Sword of Ruin\n|turn|10\n|\n|t:|1697467238\n|switch|p2a: Ribombee|Ribombee, M|100\/100\n|move|p1a: Chien-Pao|Sucker Punch||[still]\n|-fail|p1a: Chien-Pao\n|\n|-sideend|p1: TheAmazingBaldwin|move: Light Screen\n|upkeep\n|turn|11\n|\n|t:|1697467242\n|switch|p1a: Zacian|Zacian-Crowned|100\/100\n|-activate|p1a: Zacian|move: Sticky Web\n|-unboost|p1a: Zacian|spe|1\n|-ability|p1a: Zacian|Intrepid Sword|boost\n|-boost|p1a: Zacian|atk|1\n|move|p2a: Ribombee|Moonblast|p1a: Zacian\n|-resisted|p1a: Zacian\n|-damage|p1a: Zacian|85\/100\n|\n|upkeep\n|turn|12\n|\n|t:|1697467245\n|move|p2a: Ribombee|Stun Spore|p1a: Zacian|[miss]\n|-miss|p2a: Ribombee|p1a: Zacian\n|move|p1a: Zacian|Behemoth Blade|p2a: Ribombee\n|-supereffective|p2a: Ribombee\n|-enditem|p2a: Ribombee|Focus Sash\n|-damage|p2a: Ribombee|1\/100\n|\n|upkeep\n|turn|13\n|\n|t:|1697467249\n|switch|p1a: Miraidon|Miraidon|100\/100\n|-activate|p1a: Miraidon|move: Sticky Web\n|-unboost|p1a: Miraidon|spe|1\n|-fieldstart|move: Electric Terrain|[from] ability: Hadron Engine|[of] p1a: Miraidon\n|-enditem|p1a: Miraidon|Electric Seed\n|-boost|p1a: Miraidon|def|1|[from] item: Electric Seed\n|move|p2a: Ribombee|Stun Spore|p1a: Miraidon\n|-immune|p1a: Miraidon\n|\n|upkeep\n|turn|14\n|\n|t:|1697467253\n|move|p2a: Ribombee|Moonblast|p1a: Miraidon\n|-supereffective|p1a: Miraidon\n|-damage|p1a: Miraidon|46\/100\n|move|p1a: Miraidon|Electro Drift|p2a: Ribombee\n|-damage|p2a: Ribombee|0 fnt\n|faint|p2a: Ribombee\n|\n|upkeep\n|-message|TheAmazingBaldwin forfeited.\n|\n|win|tingalera\n|raw|TheAmazingBaldwin's rating: 1158 &rarr; <strong>1125<\/strong><br \/>(-33 for losing)\n|raw|tingalera's rating: 1046 &rarr; <strong>1089<\/strong><br \/>(+43 for winning)\n|l|\u2606TheAmazingBaldwin\n","uploadtime":1697467264,"views":14,"p1id":"theamazingbaldwin","p2id":"tingalera","formatid":"gen9ubers","rating":1089,"private":0,"password":""}