{"id":"gen9ubers-1977901568","p1":"Judgie","p2":"mklgd","format":"[Gen 9] Ubers","log":"|j|\u2606Judgie\n|j|\u2606mklgd\n|t:|1698463898\n|gametype|singles\n|player|p1|Judgie|policeman-gen4|\n|player|p2|mklgd|tabitha-gen3|\n|teamsize|p1|6\n|teamsize|p2|6\n|gen|9\n|tier|[Gen 9] Ubers\n|rule|Sleep Clause Mod: Limit one foe put to sleep\n|rule|Species Clause: Limit one of each Pok\u00e9mon\n|rule|OHKO Clause: OHKO moves are banned\n|rule|Evasion Items Clause: Evasion items are banned\n|rule|Evasion Moves Clause: Evasion moves are banned\n|rule|Endless Battle Clause: Forcing endless battles is banned\n|rule|HP Percentage Mod: HP is shown in percentages\n|clearpoke\n|poke|p1|Regieleki|\n|poke|p1|Chi-Yu|\n|poke|p1|Palafin, F|\n|poke|p1|Gliscor, F|\n|poke|p1|Roaring Moon|\n|poke|p1|Goodra-Hisui, M|\n|poke|p2|Tauros-Paldea-Aqua, M|\n|poke|p2|Mesprit|\n|poke|p2|Ogerpon-Cornerstone, F|\n|poke|p2|Gengar, M|\n|poke|p2|Forretress, M|\n|poke|p2|Lokix, F|\n|teampreview\n|j| Willish6634\n|j| Destroy Smoochie\n|j| bandit_tpl\n|j| ampharosaunt11\n|\n|t:|1698463954\n|start\n|switch|p1a: Judgie jr|Palafin, F, shiny|100\/100\n|switch|p2a: Gengar|Gengar, M|100\/100\n|turn|1\n|\n|t:|1698463959\n|detailschange|p1a: Judgie jr|Palafin-Hero, F, shiny\n|switch|p1a: Tonka|Goodra-Hisui, M, shiny|100\/100\n|move|p2a: Gengar|Toxic Spikes|p1a: Tonka\n|-sidestart|p1: Judgie|move: Toxic Spikes\n|\n|upkeep\n|turn|2\n|\n|t:|1698463968\n|switch|p2a: Mesprit|Mesprit|100\/100\n|move|p1a: Tonka|Draco Meteor|p2a: Mesprit\n|-damage|p2a: Mesprit|27\/100\n|-unboost|p1a: Tonka|spa|2\n|\n|upkeep\n|turn|3\n|\n|t:|1698463979\n|move|p2a: Mesprit|U-turn|p1a: Tonka\n|-resisted|p1a: Tonka\n|-damage|p1a: Tonka|94\/100\n|\n|t:|1698463981\n|switch|p2a: Forretress|Forretress, M|100\/100|[from] U-turn\n|move|p1a: Tonka|Flash Cannon|p2a: Forretress\n|-resisted|p2a: Forretress\n|-damage|p2a: Forretress|84\/100\n|\n|-heal|p1a: Tonka|99\/100|[from] item: Leftovers\n|upkeep\n|turn|4\n|\n|t:|1698463988\n|move|p1a: Tonka|Flamethrower|p2a: Forretress\n|-supereffective|p2a: Forretress\n|-damage|p2a: Forretress|0 fnt\n|faint|p2a: Forretress\n|\n|-heal|p1a: Tonka|100\/100|[from] item: Leftovers\n|upkeep\n|\n|t:|1698463992\n|switch|p2a: Tauros|Tauros-Paldea-Aqua, M|100\/100\n|-ability|p2a: Tauros|Intimidate|boost\n|-unboost|p1a: Tonka|atk|1\n|turn|5\n|\n|t:|1698464013\n|switch|p1a: vamp|Gliscor, F, shiny|100\/100\n|move|p2a: Tauros|Bulk Up|p2a: Tauros\n|-boost|p2a: Tauros|atk|1\n|-boost|p2a: Tauros|def|1\n|\n|-status|p1a: vamp|tox|[from] item: Toxic Orb\n|upkeep\n|turn|6\n|\n|t:|1698464027\n|-terastallize|p1a: vamp|Water\n|move|p2a: Tauros|Bulk Up|p2a: Tauros\n|-boost|p2a: Tauros|atk|1\n|-boost|p2a: Tauros|def|1\n|move|p1a: vamp|Toxic|p2a: Tauros\n|-status|p2a: Tauros|tox\n|\n|-damage|p2a: Tauros|94\/100 tox|[from] psn\n|upkeep\n|turn|7\n|\n|t:|1698464036\n|move|p2a: Tauros|Close Combat|p1a: vamp\n|-damage|p1a: vamp|2\/100 tox\n|-unboost|p2a: Tauros|def|1\n|-unboost|p2a: Tauros|spd|1\n|-damage|p2a: Tauros|84\/100 tox|[from] item: Life Orb\n|move|p1a: vamp|Knock Off|p2a: Tauros\n|-resisted|p2a: Tauros\n|-crit|p2a: Tauros\n|-damage|p2a: Tauros|66\/100 tox\n|-enditem|p2a: Tauros|Life Orb|[from] move: Knock Off|[of] p1a: vamp\n|\n|-damage|p2a: Tauros|53\/100 tox|[from] psn\n|-heal|p1a: vamp|15\/100 tox|[from] ability: Poison Heal\n|upkeep\n|turn|8\n|\n|t:|1698464050\n|move|p1a: vamp|Protect|p1a: vamp\n|-singleturn|p1a: vamp|Protect\n|move|p2a: Tauros|Close Combat|p1a: vamp\n|-activate|p1a: vamp|move: Protect\n|\n|-damage|p2a: Tauros|35\/100 tox|[from] psn\n|-heal|p1a: vamp|27\/100 tox|[from] ability: Poison Heal\n|upkeep\n|turn|9\n|\n|t:|1698464063\n|move|p2a: Tauros|Close Combat|p1a: vamp\n|-damage|p1a: vamp|0 fnt\n|-unboost|p2a: Tauros|def|1\n|-unboost|p2a: Tauros|spd|1\n|faint|p1a: vamp\n|\n|-damage|p2a: Tauros|10\/100 tox|[from] psn\n|upkeep\n|\n|t:|1698464078\n|switch|p1a: Rip Van Winkle|Regieleki|100\/100\n|-status|p1a: Rip Van Winkle|psn\n|turn|10\n|\n|t:|1698464084\n|switch|p2a: Gengar|Gengar, M|100\/100\n|move|p1a: Rip Van Winkle|Rapid Spin|p2a: Gengar\n|-immune|p2a: Gengar\n|\n|-damage|p1a: Rip Van Winkle|88\/100 psn|[from] psn\n|upkeep\n|turn|11\n|\n|t:|1698464091\n|move|p1a: Rip Van Winkle|Volt Switch|p2a: Gengar\n|-damage|p2a: Gengar|4\/100\n|-damage|p1a: Rip Van Winkle|78\/100 psn|[from] item: Life Orb\n|\n|t:|1698464095\n|switch|p1a: Tonka|Goodra-Hisui, M, shiny|100\/100|[from] Volt Switch\n|move|p2a: Gengar|Shadow Ball|p1a: Tonka\n|-damage|p1a: Tonka|72\/100\n|\n|-heal|p1a: Tonka|79\/100|[from] item: Leftovers\n|upkeep\n|turn|12\n|\n|t:|1698464104\n|move|p2a: Gengar|Destiny Bond|p2a: Gengar\n|-singlemove|p2a: Gengar|Destiny Bond\n|move|p1a: Tonka|Flash Cannon|p2a: Gengar\n|-damage|p2a: Gengar|0 fnt\n|faint|p2a: Gengar\n|-activate|p2a: Gengar|move: Destiny Bond\n|faint|p1a: Tonka\n|\n|upkeep\n|\n|t:|1698464118\n|switch|p2a: Ogerpon|Ogerpon-Cornerstone, F|100\/100\n|switch|p1a: Rip Van Winkle|Regieleki|78\/100 psn\n|turn|13\n|\n|t:|1698464129\n|move|p1a: Rip Van Winkle|Rapid Spin|p2a: Ogerpon\n|-resisted|p2a: Ogerpon\n|-damage|p2a: Ogerpon|91\/100\n|-boost|p1a: Rip Van Winkle|spe|1\n|-sideend|p1: Judgie|Toxic Spikes|[from] move: Rapid Spin|[of] p1a: Rip Van Winkle\n|-damage|p1a: Rip Van Winkle|68\/100 psn|[from] item: Life Orb\n|move|p2a: Ogerpon|Horn Leech|p1a: Rip Van Winkle\n|-damage|p1a: Rip Van Winkle|0 fnt\n|-heal|p2a: Ogerpon|100\/100|[from] drain|[of] p1a: Rip Van Winkle\n|faint|p1a: Rip Van Winkle\n|\n|upkeep\n|\n|t:|1698464139\n|switch|p1a: Raymundo|Roaring Moon|100\/100\n|-enditem|p1a: Raymundo|Booster Energy\n|-activate|p1a: Raymundo|ability: Protosynthesis|[fromitem]\n|-start|p1a: Raymundo|protosynthesisatk\n|turn|14\n|\n|t:|1698464153\n|-terastallize|p2a: Ogerpon|Rock\n|detailschange|p2a: Ogerpon|Ogerpon-Cornerstone-Tera, F, tera:Rock\n|-ability|p2a: Ogerpon|Embody Aspect (Cornerstone)|boost\n|-boost|p2a: Ogerpon|def|1\n|move|p1a: Raymundo|Iron Head|p2a: Ogerpon\n|-supereffective|p2a: Ogerpon\n|-damage|p2a: Ogerpon|28\/100\n|move|p2a: Ogerpon|Ivy Cudgel|p1a: Raymundo\n|-damage|p1a: Raymundo|0 fnt\n|faint|p1a: Raymundo\n|-end|p1a: Raymundo|Protosynthesis|[silent]\n|\n|upkeep\n|\n|t:|1698464177\n|switch|p1a: Judgie jr|Palafin-Hero, F, shiny|100\/100\n|-activate|p1a: Judgie jr|ability: Zero to Hero\n|turn|15\n|\n|t:|1698464189\n|move|p2a: Ogerpon|Horn Leech|p1a: Judgie jr\n|-supereffective|p1a: Judgie jr\n|-damage|p1a: Judgie jr|7\/100\n|-heal|p2a: Ogerpon|81\/100|[from] drain|[of] p1a: Judgie jr\n|move|p1a: Judgie jr|Wave Crash|p2a: Ogerpon\n|-supereffective|p2a: Ogerpon\n|-damage|p2a: Ogerpon|0 fnt\n|faint|p2a: Ogerpon\n|-damage|p1a: Judgie jr|0 fnt|[from] Recoil\n|faint|p1a: Judgie jr\n|\n|upkeep\n|\n|t:|1698464200\n|switch|p2a: Tauros|Tauros-Paldea-Aqua, M|10\/100 tox\n|switch|p1a: John|Chi-Yu|100\/100\n|-ability|p1a: John|Beads of Ruin\n|-ability|p2a: Tauros|Intimidate|boost\n|-unboost|p1a: John|atk|1\n|turn|16\n|\n|t:|1698464208\n|move|p2a: Tauros|Aqua Jet|p1a: John\n|-supereffective|p1a: John\n|-damage|p1a: John|26\/100\n|move|p1a: John|Flamethrower|p2a: Tauros\n|-resisted|p2a: Tauros\n|-damage|p2a: Tauros|0 fnt\n|faint|p2a: Tauros\n|\n|upkeep\n|\n|t:|1698464211\n|switch|p2a: Lokix|Lokix, F|100\/100\n|turn|17\n|c| Willish6634|gg\n|\n|t:|1698464219\n|move|p2a: Lokix|First Impression|p1a: John\n|-damage|p1a: John|0 fnt\n|faint|p1a: John\n|-damage|p2a: Lokix|91\/100|[from] item: Life Orb\n|\n|win|mklgd\n|c|\u2606mklgd|gg\n|c| Willish6634|to both\n|l|\u2606mklgd\n","uploadtime":1698464226,"views":31,"p1id":"judgie","p2id":"mklgd","formatid":"gen9ubers","rating":0,"private":0,"password":""}