{"id":"gen9ubers-1992190043","p1":"HawluchaTaquero","p2":"Akaaii","format":"[Gen 9] Ubers","log":"|j|\u2606HawluchaTaquero\n|j|\u2606Akaaii\n|t:|1700162449\n|gametype|singles\n|player|p1|HawluchaTaquero|iono|\n|player|p2|Akaaii|ghetsis-gen5bw|\n|teamsize|p1|6\n|teamsize|p2|6\n|gen|9\n|tier|[Gen 9] Ubers\n|rule|Sleep Clause Mod: Limit one foe put to sleep\n|rule|Species Clause: Limit one of each Pok\u00e9mon\n|rule|OHKO Clause: OHKO moves are banned\n|rule|Evasion Items Clause: Evasion items are banned\n|rule|Evasion Moves Clause: Evasion moves are banned\n|rule|Endless Battle Clause: Forcing endless battles is banned\n|rule|HP Percentage Mod: HP is shown in percentages\n|clearpoke\n|poke|p1|Ribombee, M|\n|poke|p1|Arcanine-Hisui, M|\n|poke|p1|Ting-Lu|\n|poke|p1|Corviknight, M|\n|poke|p1|Manaphy|\n|poke|p1|Dragonite, M|\n|poke|p2|Baxcalibur, M|\n|poke|p2|Appletun, M|\n|poke|p2|Roaring Moon|\n|poke|p2|Cyclizar, M|\n|poke|p2|Kommo-o, M|\n|poke|p2|Garchomp, F|\n|teampreview\n|\n|t:|1700162469\n|start\n|switch|p1a: Ribombee|Ribombee, M|100\/100\n|switch|p2a: Cyclizar|Cyclizar, M|100\/100\n|turn|1\n|\n|t:|1700162480\n|move|p1a: Ribombee|Moonblast|p2a: Cyclizar\n|-supereffective|p2a: Cyclizar\n|-damage|p2a: Cyclizar|0 fnt\n|faint|p2a: Cyclizar\n|\n|upkeep\n|l|\u2606Akaaii\n|player|p2|\n|j|\u2606Akaaii\n|player|p2|Akaaii|ghetsis-gen5bw\n|\n|t:|1700162514\n|switch|p2a: Baxcalibur|Baxcalibur, M|100\/100\n|turn|2\n|\n|t:|1700162529\n|move|p1a: Ribombee|Sticky Web|p2a: Baxcalibur\n|-sidestart|p2: Akaaii|move: Sticky Web\n|move|p2a: Baxcalibur|Icicle Spear|p1a: Ribombee\n|-damage|p1a: Ribombee|68\/100\n|-damage|p1a: Ribombee|35\/100\n|-damage|p1a: Ribombee|4\/100\n|-crit|p1a: Ribombee\n|-damage|p1a: Ribombee|0 fnt\n|faint|p1a: Ribombee\n|-hitcount|p1: Ribombee|4\n|\n|upkeep\n|\n|t:|1700162534\n|switch|p1a: Arcanine|Arcanine-Hisui, M|100\/100\n|turn|3\n|\n|t:|1700162568\n|move|p1a: Arcanine|Close Combat|p2a: Baxcalibur\n|-supereffective|p2a: Baxcalibur\n|-damage|p2a: Baxcalibur|0 fnt\n|-unboost|p1a: Arcanine|def|1\n|-unboost|p1a: Arcanine|spd|1\n|faint|p2a: Baxcalibur\n|\n|upkeep\n|\n|t:|1700162578\n|switch|p2a: Garchomp|Garchomp, F|100\/100\n|-activate|p2a: Garchomp|move: Sticky Web\n|-unboost|p2a: Garchomp|spe|1\n|turn|4\n|\n|t:|1700162585\n|switch|p1a: Corviknight|Corviknight, M|100\/100\n|-ability|p1a: Corviknight|Pressure\n|move|p2a: Garchomp|Earthquake|p1a: Corviknight\n|-immune|p1a: Corviknight\n|\n|upkeep\n|turn|5\n|\n|t:|1700162605\n|move|p1a: Corviknight|U-turn|p2a: Garchomp\n|-crit|p2a: Garchomp\n|-damage|p2a: Garchomp|86\/100\n|-damage|p1a: Corviknight|88\/100|[from] ability: Rough Skin|[of] p2a: Garchomp\n|-damage|p1a: Corviknight|71\/100|[from] item: Rocky Helmet|[of] p2a: Garchomp\n|\n|t:|1700162610\n|switch|p1a: Ting-Lu|Ting-Lu|100\/100|[from] U-turn\n|-ability|p1a: Ting-Lu|Vessel of Ruin\n|move|p2a: Garchomp|Stealth Rock|p1a: Ting-Lu\n|-sidestart|p1: HawluchaTaquero|move: Stealth Rock\n|\n|upkeep\n|turn|6\n|\n|t:|1700162632\n|switch|p2a: Appletun|Appletun, M|100\/100\n|-activate|p2a: Appletun|move: Sticky Web\n|-unboost|p2a: Appletun|spe|1\n|move|p1a: Ting-Lu|Stealth Rock|p2a: Appletun\n|-sidestart|p2: Akaaii|move: Stealth Rock\n|\n|upkeep\n|turn|7\n|\n|t:|1700162642\n|move|p2a: Appletun|Leech Seed|p1a: Ting-Lu\n|-start|p1a: Ting-Lu|move: Leech Seed\n|move|p1a: Ting-Lu|Whirlwind|p2a: Appletun\n|drag|p2a: Garchomp|Garchomp, F|86\/100\n|-activate|p2a: Garchomp|move: Sticky Web\n|-unboost|p2a: Garchomp|spe|1\n|-damage|p2a: Garchomp|80\/100|[from] Stealth Rock\n|\n|-damage|p1a: Ting-Lu|88\/100|[from] Leech Seed|[of] p2a: Garchomp\n|-heal|p2a: Garchomp|94\/100|[silent]\n|upkeep\n|turn|8\n|\n|t:|1700162671\n|move|p2a: Garchomp|Iron Head|p1a: Ting-Lu\n|-damage|p1a: Ting-Lu|74\/100\n|move|p1a: Ting-Lu|Ruination|p2a: Garchomp\n|-damage|p2a: Garchomp|48\/100\n|\n|-heal|p1a: Ting-Lu|81\/100|[from] item: Leftovers\n|-damage|p1a: Ting-Lu|68\/100|[from] Leech Seed|[of] p2a: Garchomp\n|-heal|p2a: Garchomp|63\/100|[silent]\n|upkeep\n|turn|9\n|\n|t:|1700162682\n|switch|p1a: Corviknight|Corviknight, M|71\/100\n|-damage|p1a: Corviknight|59\/100|[from] Stealth Rock\n|-ability|p1a: Corviknight|Pressure\n|move|p2a: Garchomp|Dragon Claw|p1a: Corviknight\n|-resisted|p1a: Corviknight\n|-damage|p1a: Corviknight|48\/100\n|-damage|p2a: Garchomp|46\/100|[from] item: Rocky Helmet|[of] p1a: Corviknight\n|\n|upkeep\n|turn|10\n|\n|t:|1700162696\n|move|p1a: Corviknight|Roost|p1a: Corviknight\n|-heal|p1a: Corviknight|98\/100\n|-singleturn|p1a: Corviknight|move: Roost\n|move|p2a: Garchomp|Dragon Claw|p1a: Corviknight\n|-resisted|p1a: Corviknight\n|-damage|p1a: Corviknight|88\/100\n|-damage|p2a: Garchomp|29\/100|[from] item: Rocky Helmet|[of] p1a: Corviknight\n|\n|upkeep\n|turn|11\n|\n|t:|1700162718\n|move|p1a: Corviknight|Brave Bird|p2a: Garchomp\n|-damage|p2a: Garchomp|5\/100\n|-damage|p1a: Corviknight|75\/100|[from] ability: Rough Skin|[of] p2a: Garchomp\n|-damage|p1a: Corviknight|59\/100|[from] item: Rocky Helmet|[of] p2a: Garchomp\n|-damage|p1a: Corviknight|50\/100|[from] Recoil\n|move|p2a: Garchomp|Dragon Claw|p1a: Corviknight\n|-resisted|p1a: Corviknight\n|-damage|p1a: Corviknight|39\/100\n|-damage|p2a: Garchomp|0 fnt|[from] item: Rocky Helmet|[of] p1a: Corviknight\n|faint|p2a: Garchomp\n|\n|upkeep\n|\n|t:|1700162733\n|switch|p2a: Kommo-o|Kommo-o, M|100\/100\n|-activate|p2a: Kommo-o|move: Sticky Web\n|-unboost|p2a: Kommo-o|spe|1\n|-damage|p2a: Kommo-o|94\/100|[from] Stealth Rock\n|turn|12\n|\n|t:|1700162756\n|-terastallize|p2a: Kommo-o|Steel\n|move|p2a: Kommo-o|Tera Blast|p1a: Corviknight|[anim] Tera Blast Steel\n|-resisted|p1a: Corviknight\n|-damage|p1a: Corviknight|22\/100\n|move|p1a: Corviknight|U-turn|p2a: Kommo-o\n|-resisted|p2a: Kommo-o\n|-damage|p2a: Kommo-o|87\/100\n|\n|t:|1700162763\n|switch|p1a: Arcanine|Arcanine-Hisui, M|100\/100|[from] U-turn\n|-damage|p1a: Arcanine|76\/100|[from] Stealth Rock\n|\n|upkeep\n|turn|13\n|\n|t:|1700162779\n|move|p1a: Arcanine|Flare Blitz|p2a: Kommo-o\n|-supereffective|p2a: Kommo-o\n|-damage|p2a: Kommo-o|0 fnt\n|faint|p2a: Kommo-o\n|\n|upkeep\n|\n|t:|1700162785\n|switch|p2a: Roaring Moon|Roaring Moon|100\/100\n|-activate|p2a: Roaring Moon|move: Sticky Web\n|-unboost|p2a: Roaring Moon|spe|1\n|-damage|p2a: Roaring Moon|88\/100|[from] Stealth Rock\n|-enditem|p2a: Roaring Moon|Booster Energy\n|-activate|p2a: Roaring Moon|ability: Protosynthesis|[fromitem]\n|-start|p2a: Roaring Moon|protosynthesisatk\n|turn|14\n|\n|t:|1700162797\n|-terastallize|p1a: Arcanine|Fire\n|move|p1a: Arcanine|Flare Blitz|p2a: Roaring Moon\n|-resisted|p2a: Roaring Moon\n|-damage|p2a: Roaring Moon|11\/100\n|move|p2a: Roaring Moon|Dragon Dance|p2a: Roaring Moon\n|-boost|p2a: Roaring Moon|atk|1\n|-boost|p2a: Roaring Moon|spe|1\n|\n|upkeep\n|turn|15\n|\n|t:|1700162808\n|move|p2a: Roaring Moon|Earthquake|p1a: Arcanine\n|-supereffective|p1a: Arcanine\n|-damage|p1a: Arcanine|0 fnt\n|faint|p1a: Arcanine\n|\n|upkeep\n|\n|t:|1700162810\n|switch|p1a: Dragonite|Dragonite, M|100\/100\n|turn|16\n|\n|t:|1700162818\n|-end|p2a: Roaring Moon|Protosynthesis|[silent]\n|switch|p2a: Appletun|Appletun, M|100\/100\n|-activate|p2a: Appletun|move: Sticky Web\n|-unboost|p2a: Appletun|spe|1\n|-damage|p2a: Appletun|88\/100|[from] Stealth Rock\n|move|p1a: Dragonite|Extreme Speed|p2a: Appletun\n|-damage|p2a: Appletun|59\/100\n|\n|-heal|p2a: Appletun|65\/100|[from] item: Leftovers\n|upkeep\n|turn|17\n|\n|t:|1700162829\n|move|p1a: Dragonite|Dragon Dance|p1a: Dragonite\n|-boost|p1a: Dragonite|atk|1\n|-boost|p1a: Dragonite|spe|1\n|move|p2a: Appletun|Leech Seed|p1a: Dragonite\n|-start|p1a: Dragonite|move: Leech Seed\n|\n|-heal|p2a: Appletun|71\/100|[from] item: Leftovers\n|-damage|p1a: Dragonite|88\/100|[from] Leech Seed|[of] p2a: Appletun\n|-heal|p2a: Appletun|81\/100|[silent]\n|upkeep\n|turn|18\n|\n|t:|1700162840\n|move|p1a: Dragonite|Earthquake|p2a: Appletun\n|-resisted|p2a: Appletun\n|-damage|p2a: Appletun|54\/100\n|move|p2a: Appletun|Dragon Pulse|p1a: Dragonite\n|-supereffective|p1a: Dragonite\n|-damage|p1a: Dragonite|31\/100\n|\n|-heal|p2a: Appletun|60\/100|[from] item: Leftovers\n|-damage|p1a: Dragonite|18\/100|[from] Leech Seed|[of] p2a: Appletun\n|-heal|p2a: Appletun|70\/100|[silent]\n|upkeep\n|turn|19\n|\n|t:|1700162857\n|move|p1a: Dragonite|Extreme Speed|p2a: Appletun\n|-damage|p2a: Appletun|24\/100\n|move|p2a: Appletun|Dragon Pulse|p1a: Dragonite\n|-supereffective|p1a: Dragonite\n|-damage|p1a: Dragonite|0 fnt\n|faint|p1a: Dragonite\n|\n|-heal|p2a: Appletun|30\/100|[from] item: Leftovers\n|upkeep\n|\n|t:|1700162863\n|switch|p1a: Manaphy|Manaphy|100\/100\n|-damage|p1a: Manaphy|88\/100|[from] Stealth Rock\n|turn|20\n|\n|t:|1700162874\n|move|p1a: Manaphy|Ice Beam|p2a: Appletun\n|-supereffective|p2a: Appletun\n|-damage|p2a: Appletun|0 fnt\n|faint|p2a: Appletun\n|\n|-heal|p1a: Manaphy|94\/100|[from] item: Leftovers\n|upkeep\n|\n|t:|1700162883\n|switch|p2a: Roaring Moon|Roaring Moon|11\/100\n|-activate|p2a: Roaring Moon|move: Sticky Web\n|-unboost|p2a: Roaring Moon|spe|1\n|-damage|p2a: Roaring Moon|0 fnt|[from] Stealth Rock\n|faint|p2a: Roaring Moon\n|-end|p2a: Roaring Moon|Protosynthesis|[silent]\n|\n|win|HawluchaTaquero\n","uploadtime":1700162891,"views":13,"p1id":"hawluchataquero","p2id":"akaaii","formatid":"gen9ubers","rating":0,"private":0,"password":""}