{"id":"gen9ubers-1981531659","p1":"BieberDialga","p2":"thingamagig","format":"[Gen 9] Ubers","log":"|j|\u2606BieberDialga\n|j|\u2606thingamagig\n|t:|1698913477\n|gametype|singles\n|player|p1|BieberDialga|carmine-festival|\n|player|p2|thingamagig|buck|\n|teamsize|p1|6\n|teamsize|p2|6\n|gen|9\n|tier|[Gen 9] Ubers\n|rule|Sleep Clause Mod: Limit one foe put to sleep\n|rule|Species Clause: Limit one of each Pok\u00e9mon\n|rule|OHKO Clause: OHKO moves are banned\n|rule|Evasion Items Clause: Evasion items are banned\n|rule|Evasion Moves Clause: Evasion moves are banned\n|rule|Endless Battle Clause: Forcing endless battles is banned\n|rule|HP Percentage Mod: HP is shown in percentages\n|clearpoke\n|poke|p1|Cyclizar, M|\n|poke|p1|Dialga|\n|poke|p1|Zacian-*|\n|poke|p1|Moltres|\n|poke|p1|Spectrier|\n|poke|p1|Arceus-Fighting|\n|poke|p2|Torkoal, M|\n|poke|p2|Arceus-Grass|\n|poke|p2|Zacian-*|\n|poke|p2|Dragapult, F|\n|poke|p2|Gliscor, F|\n|poke|p2|Cinderace, M|\n|teampreview\n|\n|t:|1698913556\n|start\n|switch|p1a: DJ Khaled|Cyclizar, M|100\/100\n|switch|p2a: Dragapult|Dragapult, F|100\/100\n|turn|1\n|j| C4CTUSK1NG\n|\n|t:|1698913565\n|move|p1a: DJ Khaled|Shed Tail|p1a: DJ Khaled\n|-start|p1a: DJ Khaled|Substitute|[from] move: Shed Tail\n|-damage|p1a: DJ Khaled|50\/100\n|\n|t:|1698913568\n|switch|p1a: Justin|Dialga|100\/100|[from] Shed Tail\n|-ability|p1a: Justin|Pressure\n|move|p2a: Dragapult|Draco Meteor|p1a: Justin\n|-damage|p1a: Justin|53\/100\n|-unboost|p2a: Dragapult|spa|2\n|\n|-heal|p1a: Justin|59\/100|[from] item: Leftovers\n|upkeep\n|turn|2\n|\n|t:|1698913589\n|switch|p2a: Torkoal|Torkoal, M|100\/100\n|-weather|SunnyDay|[from] ability: Drought|[of] p2a: Torkoal\n|move|p1a: Justin|Stealth Rock|p2a: Torkoal\n|-sidestart|p2: thingamagig|move: Stealth Rock\n|\n|-weather|SunnyDay|[upkeep]\n|-heal|p1a: Justin|65\/100|[from] item: Leftovers\n|upkeep\n|turn|3\n|\n|t:|1698913598\n|move|p1a: Justin|Iron Defense|p1a: Justin\n|-boost|p1a: Justin|def|2\n|move|p2a: Torkoal|Lava Plume|p1a: Justin\n|-activate|p1a: Justin|move: Substitute|[damage]\n|\n|-weather|SunnyDay|[upkeep]\n|-heal|p1a: Justin|71\/100|[from] item: Leftovers\n|upkeep\n|turn|4\n|\n|t:|1698913605\n|move|p1a: Justin|Body Press|p2a: Torkoal\n|-damage|p2a: Torkoal|66\/100\n|move|p2a: Torkoal|Lava Plume|p1a: Justin\n|-end|p1a: Justin|Substitute\n|\n|-weather|SunnyDay|[upkeep]\n|-heal|p1a: Justin|77\/100|[from] item: Leftovers\n|upkeep\n|turn|5\n|\n|t:|1698913632\n|switch|p2a: Gliscor|Gliscor, F|100\/100\n|-damage|p2a: Gliscor|88\/100|[from] Stealth Rock\n|move|p1a: Justin|Body Press|p2a: Gliscor\n|-resisted|p2a: Gliscor\n|-damage|p2a: Gliscor|71\/100\n|\n|-weather|SunnyDay|[upkeep]\n|-heal|p1a: Justin|84\/100|[from] item: Leftovers\n|-status|p2a: Gliscor|tox|[from] item: Toxic Orb\n|upkeep\n|turn|6\n|\n|t:|1698913657\n|switch|p1a: Usher|Arceus-Fighting|100\/100\n|move|p2a: Gliscor|Spikes|p1a: Usher\n|-sidestart|p1: BieberDialga|Spikes\n|\n|-weather|SunnyDay|[upkeep]\n|-heal|p2a: Gliscor|84\/100 tox|[from] ability: Poison Heal\n|upkeep\n|turn|7\n|\n|t:|1698913691\n|move|p1a: Usher|Cosmic Power|p1a: Usher\n|-boost|p1a: Usher|def|1\n|-boost|p1a: Usher|spd|1\n|move|p2a: Gliscor|U-turn|p1a: Usher\n|-resisted|p1a: Usher\n|-damage|p1a: Usher|97\/100\n|\n|t:|1698913697\n|switch|p2a: Arceus|Arceus-Grass|100\/100|[from] U-turn\n|-damage|p2a: Arceus|88\/100|[from] Stealth Rock\n|\n|-weather|SunnyDay|[upkeep]\n|upkeep\n|turn|8\n|\n|t:|1698913709\n|move|p2a: Arceus|Calm Mind|p2a: Arceus\n|-boost|p2a: Arceus|spa|1\n|-boost|p2a: Arceus|spd|1\n|move|p1a: Usher|Cosmic Power|p1a: Usher\n|-boost|p1a: Usher|def|1\n|-boost|p1a: Usher|spd|1\n|\n|-weather|SunnyDay|[upkeep]\n|upkeep\n|turn|9\n|\n|t:|1698913717\n|move|p2a: Arceus|Calm Mind|p2a: Arceus\n|-boost|p2a: Arceus|spa|1\n|-boost|p2a: Arceus|spd|1\n|move|p1a: Usher|Body Press|p2a: Arceus\n|-damage|p2a: Arceus|17\/100\n|\n|-weather|none\n|upkeep\n|turn|10\n|\n|t:|1698913736\n|move|p2a: Arceus|Judgment|p1a: Usher\n|-damage|p1a: Usher|64\/100\n|move|p1a: Usher|Body Press|p2a: Arceus\n|-damage|p2a: Arceus|0 fnt\n|faint|p2a: Arceus\n|\n|upkeep\n|\n|t:|1698913777\n|switch|p2a: Cinderace|Cinderace, M|100\/100\n|turn|11\n|\n|t:|1698913799\n|move|p2a: Cinderace|Will-O-Wisp|p1a: Usher\n|-status|p1a: Usher|brn\n|move|p1a: Usher|Body Press|p2a: Cinderace\n|-damage|p2a: Cinderace|31\/100\n|\n|-damage|p1a: Usher|58\/100 brn|[from] brn\n|upkeep\n|turn|12\n|\n|t:|1698913832\n|move|p2a: Cinderace|U-turn|p1a: Usher\n|-start|p2a: Cinderace|typechange|Bug|[from] ability: Libero\n|-resisted|p1a: Usher\n|-damage|p1a: Usher|53\/100 brn\n|\n|t:|1698913840\n|switch|p2a: Torkoal|Torkoal, M|66\/100|[from] U-turn\n|-damage|p2a: Torkoal|41\/100|[from] Stealth Rock\n|-weather|SunnyDay|[from] ability: Drought|[of] p2a: Torkoal\n|move|p1a: Usher|Recover|p1a: Usher\n|-heal|p1a: Usher|100\/100 brn\n|\n|-weather|SunnyDay|[upkeep]\n|-damage|p1a: Usher|94\/100 brn|[from] brn\n|upkeep\n|turn|13\n|\n|t:|1698913849\n|move|p1a: Usher|Body Press|p2a: Torkoal\n|-damage|p2a: Torkoal|3\/100\n|move|p2a: Torkoal|Clear Smog|p1a: Usher\n|-damage|p1a: Usher|91\/100 brn\n|-clearboost|p1a: Usher\n|\n|-weather|SunnyDay|[upkeep]\n|-damage|p1a: Usher|85\/100 brn|[from] brn\n|upkeep\n|turn|14\n|\n|t:|1698913854\n|move|p1a: Usher|Body Press|p2a: Torkoal\n|-damage|p2a: Torkoal|0 fnt\n|faint|p2a: Torkoal\n|\n|-weather|SunnyDay|[upkeep]\n|-damage|p1a: Usher|79\/100 brn|[from] brn\n|upkeep\n|\n|t:|1698913868\n|switch|p2a: Dragapult|Dragapult, F|100\/100\n|-damage|p2a: Dragapult|88\/100|[from] Stealth Rock\n|turn|15\n|\n|t:|1698913880\n|switch|p1a: Justin|Dialga|84\/100\n|-damage|p1a: Justin|71\/100|[from] Spikes\n|-ability|p1a: Justin|Pressure\n|move|p2a: Dragapult|Draco Meteor|p1a: Justin\n|-damage|p1a: Justin|15\/100\n|-unboost|p2a: Dragapult|spa|2\n|\n|-weather|SunnyDay|[upkeep]\n|-heal|p1a: Justin|22\/100|[from] item: Leftovers\n|upkeep\n|turn|16\n|\n|t:|1698913911\n|move|p2a: Dragapult|Draco Meteor|p1a: Justin\n|-damage|p1a: Justin|0 fnt\n|-unboost|p2a: Dragapult|spa|2\n|faint|p1a: Justin\n|\n|-weather|SunnyDay|[upkeep]\n|upkeep\n|\n|t:|1698913923\n|switch|p1a: DJ Khaled|Cyclizar, M|84\/100\n|-damage|p1a: DJ Khaled|71\/100|[from] Spikes\n|turn|17\n|\n|t:|1698913945\n|switch|p2a: Gliscor|Gliscor, F|84\/100 tox\n|-damage|p2a: Gliscor|71\/100 tox|[from] Stealth Rock\n|move|p1a: DJ Khaled|Shed Tail|p1a: DJ Khaled\n|-start|p1a: DJ Khaled|Substitute|[from] move: Shed Tail\n|-damage|p1a: DJ Khaled|21\/100\n|\n|t:|1698913955\n|switch|p1a: Quavo|Zacian|100\/100|[from] Shed Tail\n|-damage|p1a: Quavo|88\/100|[from] Spikes\n|-ability|p1a: Quavo|Intrepid Sword|boost\n|-boost|p1a: Quavo|atk|1\n|\n|-weather|SunnyDay|[upkeep]\n|-heal|p2a: Gliscor|84\/100 tox|[from] ability: Poison Heal\n|upkeep\n|turn|18\n|\n|t:|1698913973\n|-terastallize|p1a: Quavo|Grass\n|move|p1a: Quavo|Trailblaze|p2a: Gliscor\n|-damage|p2a: Gliscor|44\/100 tox\n|-boost|p1a: Quavo|spe|1\n|move|p2a: Gliscor|Earthquake|p1a: Quavo\n|-resisted|p1a: Quavo\n|-activate|p1a: Quavo|move: Substitute|[damage]\n|\n|-weather|SunnyDay|[upkeep]\n|-heal|p2a: Gliscor|57\/100 tox|[from] ability: Poison Heal\n|upkeep\n|turn|19\n|\n|t:|1698913989\n|move|p1a: Quavo|Play Rough|p2a: Gliscor\n|-damage|p2a: Gliscor|2\/100 tox\n|move|p2a: Gliscor|U-turn|p1a: Quavo\n|-supereffective|p1a: Quavo\n|-end|p1a: Quavo|Substitute\n|\n|t:|1698914003\n|switch|p2a: Zacian|Zacian|100\/100|[from] U-turn\n|-damage|p2a: Zacian|88\/100|[from] Stealth Rock\n|-ability|p2a: Zacian|Intrepid Sword|boost\n|-boost|p2a: Zacian|atk|1\n|\n|-weather|none\n|upkeep\n|turn|20\n|\n|t:|1698914008\n|-terastallize|p2a: Zacian|Fairy\n|move|p1a: Quavo|Play Rough|p2a: Zacian\n|-damage|p2a: Zacian|18\/100\n|move|p2a: Zacian|Play Rough|p1a: Quavo\n|-damage|p1a: Quavo|0 fnt\n|faint|p1a: Quavo\n|\n|upkeep\n|\n|t:|1698914019\n|switch|p1a: Chance|Moltres|100\/100\n|turn|21\n|\n|t:|1698914034\n|switch|p2a: Gliscor|Gliscor, F|2\/100 tox\n|-damage|p2a: Gliscor|0 fnt|[from] Stealth Rock\n|faint|p2a: Gliscor\n|move|p1a: Chance|Flamethrower|p2: Gliscor|[notarget]\n|-fail|p1a: Chance\n|\n|upkeep\n|\n|t:|1698914038\n|switch|p2a: Dragapult|Dragapult, F|88\/100\n|-damage|p2a: Dragapult|76\/100|[from] Stealth Rock\n|turn|22\n|\n|t:|1698914056\n|switch|p1a: Weezy|Spectrier|100\/100\n|-damage|p1a: Weezy|88\/100|[from] Spikes\n|move|p2a: Dragapult|Draco Meteor|p1a: Weezy\n|-damage|p1a: Weezy|0 fnt\n|-unboost|p2a: Dragapult|spa|2\n|faint|p1a: Weezy\n|\n|upkeep\n|\n|t:|1698914068\n|switch|p1a: DJ Khaled|Cyclizar, M|54\/100\n|-damage|p1a: DJ Khaled|42\/100|[from] Spikes\n|turn|23\n|\n|t:|1698914077\n|move|p1a: DJ Khaled|U-turn|p2a: Dragapult\n|-resisted|p2a: Dragapult\n|-crit|p2a: Dragapult\n|-damage|p2a: Dragapult|63\/100\n|\n|t:|1698914084\n|switch|p1a: Chance|Moltres|100\/100|[from] U-turn\n|move|p2a: Dragapult|Draco Meteor|p1a: Chance\n|-damage|p1a: Chance|59\/100\n|-unboost|p2a: Dragapult|spa|2\n|\n|upkeep\n|turn|24\n|\n|t:|1698914090\n|switch|p2a: Cinderace|Cinderace, M|31\/100\n|move|p1a: Chance|Roost|p1a: Chance\n|-heal|p1a: Chance|100\/100\n|-singleturn|p1a: Chance|move: Roost\n|\n|upkeep\n|turn|25\n|\n|t:|1698914102\n|move|p2a: Cinderace|Pyro Ball|p1a: Chance\n|-resisted|p1a: Chance\n|-damage|p1a: Chance|79\/100\n|move|p1a: Chance|Flamethrower|p2a: Cinderace\n|-resisted|p2a: Cinderace\n|-damage|p2a: Cinderace|3\/100\n|\n|upkeep\n|turn|26\n|\n|t:|1698914123\n|move|p2a: Cinderace|Pyro Ball|p1a: Chance\n|-resisted|p1a: Chance\n|-damage|p1a: Chance|61\/100\n|move|p1a: Chance|Roost|p1a: Chance\n|-heal|p1a: Chance|100\/100\n|-singleturn|p1a: Chance|move: Roost\n|\n|upkeep\n|turn|27\n|\n|t:|1698914133\n|move|p2a: Cinderace|Pyro Ball|p1a: Chance\n|-resisted|p1a: Chance\n|-damage|p1a: Chance|80\/100\n|move|p1a: Chance|U-turn|p2a: Cinderace\n|-resisted|p2a: Cinderace\n|-damage|p2a: Cinderace|0 fnt\n|faint|p2a: Cinderace\n|\n|t:|1698914136\n|switch|p1a: DJ Khaled|Cyclizar, M|75\/100|[from] U-turn\n|-damage|p1a: DJ Khaled|62\/100|[from] Spikes\n|\n|upkeep\n|\n|t:|1698914185\n|switch|p2a: Zacian|Zacian, tera:Fairy|18\/100\n|-damage|p2a: Zacian|5\/100|[from] Stealth Rock\n|turn|28\n|\n|t:|1698914190\n|move|p1a: DJ Khaled|Rapid Spin|p2a: Zacian\n|-damage|p2a: Zacian|0 fnt\n|-boost|p1a: DJ Khaled|spe|1\n|-sideend|p1: BieberDialga|Spikes|[from] move: Rapid Spin|[of] p1a: DJ Khaled\n|faint|p2a: Zacian\n|\n|upkeep\n|\n|t:|1698914195\n|switch|p2a: Dragapult|Dragapult, F|63\/100\n|-damage|p2a: Dragapult|50\/100|[from] Stealth Rock\n|turn|29\n|\n|t:|1698914203\n|switch|p1a: Usher|Arceus-Fighting|79\/100 brn\n|move|p2a: Dragapult|Thunderbolt|p1a: Usher\n|-damage|p1a: Usher|54\/100 brn\n|\n|-damage|p1a: Usher|48\/100 brn|[from] brn\n|upkeep\n|turn|30\n|\n|t:|1698914209\n|move|p2a: Dragapult|Thunderbolt|p1a: Usher\n|-damage|p1a: Usher|21\/100 brn\n|move|p1a: Usher|Recover|p1a: Usher\n|-heal|p1a: Usher|71\/100 brn\n|\n|-damage|p1a: Usher|65\/100 brn|[from] brn\n|upkeep\n|turn|31\n|\n|t:|1698914212\n|move|p2a: Dragapult|Thunderbolt|p1a: Usher\n|-damage|p1a: Usher|41\/100 brn\n|move|p1a: Usher|Recover|p1a: Usher\n|-heal|p1a: Usher|91\/100 brn\n|\n|-damage|p1a: Usher|85\/100 brn|[from] brn\n|upkeep\n|turn|32\n|\n|t:|1698914224\n|move|p2a: Dragapult|Thunderbolt|p1a: Usher\n|-damage|p1a: Usher|59\/100 brn\n|move|p1a: Usher|Cosmic Power|p1a: Usher\n|-boost|p1a: Usher|def|1\n|-boost|p1a: Usher|spd|1\n|\n|-damage|p1a: Usher|53\/100 brn|[from] brn\n|upkeep\n|turn|33\n|\n|t:|1698914228\n|move|p2a: Dragapult|Thunderbolt|p1a: Usher\n|-damage|p1a: Usher|34\/100 brn\n|move|p1a: Usher|Recover|p1a: Usher\n|-heal|p1a: Usher|84\/100 brn\n|\n|-damage|p1a: Usher|78\/100 brn|[from] brn\n|upkeep\n|turn|34\n|\n|t:|1698914230\n|move|p2a: Dragapult|Thunderbolt|p1a: Usher\n|-damage|p1a: Usher|60\/100 brn\n|move|p1a: Usher|Cosmic Power|p1a: Usher\n|-boost|p1a: Usher|def|1\n|-boost|p1a: Usher|spd|1\n|\n|-damage|p1a: Usher|54\/100 brn|[from] brn\n|upkeep\n|turn|35\n|\n|t:|1698914232\n|move|p2a: Dragapult|Thunderbolt|p1a: Usher\n|-damage|p1a: Usher|41\/100 brn\n|move|p1a: Usher|Recover|p1a: Usher\n|-heal|p1a: Usher|91\/100 brn\n|\n|-damage|p1a: Usher|85\/100 brn|[from] brn\n|upkeep\n|turn|36\n|\n|t:|1698914235\n|move|p2a: Dragapult|Thunderbolt|p1a: Usher\n|-damage|p1a: Usher|72\/100 brn\n|move|p1a: Usher|Stored Power|p2a: Dragapult\n|-damage|p2a: Dragapult|17\/100\n|\n|-damage|p1a: Usher|66\/100 brn|[from] brn\n|upkeep\n|turn|37\n|\n|t:|1698914237\n|move|p2a: Dragapult|Thunderbolt|p1a: Usher\n|-damage|p1a: Usher|52\/100 brn\n|move|p1a: Usher|Stored Power|p2a: Dragapult\n|-damage|p2a: Dragapult|0 fnt\n|faint|p2a: Dragapult\n|\n|win|BieberDialga\n","uploadtime":1698914312,"views":15,"p1id":"bieberdialga","p2id":"thingamagig","formatid":"gen9ubers","rating":0,"private":0,"password":""}