{"id":"gen9ubers-1977718405","p1":"Xyzyzp90","p2":"SpaceJelly05","format":"[Gen 9] Ubers","log":"|j|\u2606Xyzyzp90\n|j|\u2606SpaceJelly05\n|t:|1698441808\n|gametype|singles\n|player|p1|Xyzyzp90|li|1203\n|player|p2|SpaceJelly05|lusamine-nihilego|1256\n|teamsize|p1|6\n|teamsize|p2|6\n|gen|9\n|tier|[Gen 9] Ubers\n|rated|\n|rule|Sleep Clause Mod: Limit one foe put to sleep\n|rule|Species Clause: Limit one of each Pok\u00e9mon\n|rule|OHKO Clause: OHKO moves are banned\n|rule|Evasion Items Clause: Evasion items are banned\n|rule|Evasion Moves Clause: Evasion moves are banned\n|rule|Endless Battle Clause: Forcing endless battles is banned\n|rule|HP Percentage Mod: HP is shown in percentages\n|clearpoke\n|poke|p1|Giratina-Origin|\n|poke|p1|Groudon|\n|poke|p1|Koraidon|\n|poke|p1|Zacian-*|\n|poke|p1|Miraidon|\n|poke|p1|Arceus-Fairy|\n|poke|p2|Arceus|\n|poke|p2|Kyogre|\n|poke|p2|Groudon|\n|poke|p2|Giratina-Origin|\n|poke|p2|Miraidon|\n|poke|p2|Zacian-*|\n|teampreview\n|\n|t:|1698441831\n|start\n|switch|p1a: Arceus|Arceus-Fairy|100\/100\n|switch|p2a: Groudon|Groudon|100\/100\n|-weather|SunnyDay|[from] ability: Drought|[of] p2a: Groudon\n|turn|1\n|\n|t:|1698441843\n|move|p1a: Arceus|Will-O-Wisp|p2a: Groudon\n|-status|p2a: Groudon|brn\n|move|p2a: Groudon|Will-O-Wisp|p1a: Arceus|[miss]\n|-miss|p2a: Groudon|p1a: Arceus\n|\n|-weather|SunnyDay|[upkeep]\n|-damage|p2a: Groudon|94\/100 brn|[from] brn\n|upkeep\n|turn|2\n|\n|t:|1698441853\n|move|p1a: Arceus|Judgment|p2a: Groudon\n|-damage|p2a: Groudon|50\/100 brn\n|move|p2a: Groudon|Will-O-Wisp|p1a: Arceus\n|-status|p1a: Arceus|brn\n|\n|-weather|SunnyDay|[upkeep]\n|-heal|p2a: Groudon|56\/100 brn|[from] item: Leftovers\n|-damage|p1a: Arceus|94\/100 brn|[from] brn\n|-damage|p2a: Groudon|50\/100 brn|[from] brn\n|upkeep\n|turn|3\n|\n|t:|1698441863\n|switch|p2a: Zacian|Zacian-Crowned|100\/100\n|-ability|p2a: Zacian|Intrepid Sword|boost\n|-boost|p2a: Zacian|atk|1\n|move|p1a: Arceus|Judgment|p2a: Zacian\n|-resisted|p2a: Zacian\n|-damage|p2a: Zacian|78\/100\n|\n|-weather|SunnyDay|[upkeep]\n|-damage|p1a: Arceus|88\/100 brn|[from] brn\n|upkeep\n|turn|4\n|\n|t:|1698441882\n|move|p2a: Zacian|Behemoth Blade|p1a: Arceus\n|-supereffective|p1a: Arceus\n|-damage|p1a: Arceus|0 fnt\n|faint|p1a: Arceus\n|\n|-weather|SunnyDay|[upkeep]\n|upkeep\n|inactive|Battle timer is ON: inactive players will automatically lose when time's up. (requested by Xyzyzp90)\n|\n|t:|1698441887\n|switch|p1a: Giratina|Giratina-Origin|100\/100\n|turn|5\n|\n|t:|1698441898\n|switch|p2a: Groudon|Groudon|50\/100 brn\n|move|p1a: Giratina|Thunder Wave|p2a: Groudon\n|-immune|p2a: Groudon\n|\n|-weather|none\n|-heal|p2a: Groudon|56\/100 brn|[from] item: Leftovers\n|-damage|p2a: Groudon|50\/100 brn|[from] brn\n|upkeep\n|turn|6\n|\n|t:|1698441912\n|switch|p1a: Groudon|Groudon|100\/100\n|-weather|SunnyDay|[from] ability: Drought|[of] p1a: Groudon\n|move|p2a: Groudon|Stealth Rock|p1a: Groudon\n|-sidestart|p1: Xyzyzp90|move: Stealth Rock\n|\n|-weather|SunnyDay|[upkeep]\n|-heal|p2a: Groudon|56\/100 brn|[from] item: Leftovers\n|-damage|p2a: Groudon|50\/100 brn|[from] brn\n|upkeep\n|turn|7\n|\n|t:|1698441928\n|move|p2a: Groudon|Will-O-Wisp|p1a: Groudon\n|-status|p1a: Groudon|brn\n|move|p1a: Groudon|Stealth Rock|p2a: Groudon\n|-sidestart|p2: SpaceJelly05|move: Stealth Rock\n|\n|-weather|SunnyDay|[upkeep]\n|-heal|p2a: Groudon|56\/100 brn|[from] item: Leftovers\n|-damage|p2a: Groudon|50\/100 brn|[from] brn\n|-damage|p1a: Groudon|94\/100 brn|[from] brn\n|upkeep\n|turn|8\n|\n|t:|1698441944\n|move|p2a: Groudon|Bulk Up|p2a: Groudon\n|-boost|p2a: Groudon|atk|1\n|-boost|p2a: Groudon|def|1\n|move|p1a: Groudon|Precipice Blades|p2a: Groudon\n|-damage|p2a: Groudon|40\/100 brn\n|\n|-weather|SunnyDay|[upkeep]\n|-heal|p2a: Groudon|46\/100 brn|[from] item: Leftovers\n|-heal|p1a: Groudon|100\/100 brn|[from] item: Leftovers\n|-damage|p2a: Groudon|40\/100 brn|[from] brn\n|-damage|p1a: Groudon|94\/100 brn|[from] brn\n|upkeep\n|turn|9\n|\n|t:|1698441952\n|switch|p1a: Koraidon|Koraidon|100\/100\n|-damage|p1a: Koraidon|94\/100|[from] Stealth Rock\n|-activate|p1a: Koraidon|ability: Orichalcum Pulse\n|move|p2a: Groudon|Bulk Up|p2a: Groudon\n|-boost|p2a: Groudon|atk|1\n|-boost|p2a: Groudon|def|1\n|\n|-weather|SunnyDay|[upkeep]\n|-heal|p2a: Groudon|46\/100 brn|[from] item: Leftovers\n|-damage|p2a: Groudon|40\/100 brn|[from] brn\n|upkeep\n|turn|10\n|\n|t:|1698441958\n|switch|p1a: Giratina|Giratina-Origin|100\/100\n|-damage|p1a: Giratina|88\/100|[from] Stealth Rock\n|move|p2a: Groudon|Earthquake|p1a: Giratina\n|-immune|p1a: Giratina|[from] ability: Levitate\n|\n|-weather|none\n|-heal|p2a: Groudon|46\/100 brn|[from] item: Leftovers\n|-damage|p2a: Groudon|40\/100 brn|[from] brn\n|upkeep\n|turn|11\n|\n|t:|1698441963\n|move|p2a: Groudon|Earthquake|p1a: Giratina\n|-immune|p1a: Giratina|[from] ability: Levitate\n|move|p1a: Giratina|Defog|p2a: Groudon\n|-unboost|p2a: Groudon|evasion|1\n|-sideend|p2: SpaceJelly05|Stealth Rock|[from] move: Defog|[of] p1a: Giratina\n|-sideend|p1: Xyzyzp90|Stealth Rock|[from] move: Defog|[of] p1a: Giratina\n|\n|-heal|p2a: Groudon|46\/100 brn|[from] item: Leftovers\n|-damage|p2a: Groudon|40\/100 brn|[from] brn\n|upkeep\n|turn|12\n|\n|t:|1698441970\n|move|p2a: Groudon|Stealth Rock|p1a: Giratina\n|-sidestart|p1: Xyzyzp90|move: Stealth Rock\n|move|p1a: Giratina|Defog|p2a: Groudon\n|-unboost|p2a: Groudon|evasion|1\n|-sideend|p1: Xyzyzp90|Stealth Rock|[from] move: Defog|[of] p1a: Giratina\n|\n|-heal|p2a: Groudon|46\/100 brn|[from] item: Leftovers\n|-damage|p2a: Groudon|40\/100 brn|[from] brn\n|upkeep\n|turn|13\n|\n|t:|1698441987\n|switch|p2a: Kyogre|Kyogre|100\/100\n|-weather|RainDance|[from] ability: Drizzle|[of] p2a: Kyogre\n|move|p1a: Giratina|Defog|p2a: Kyogre\n|-unboost|p2a: Kyogre|evasion|1\n|\n|-weather|RainDance|[upkeep]\n|upkeep\n|turn|14\n|\n|t:|1698442000\n|move|p2a: Kyogre|Ice Beam|p1a: Giratina\n|-supereffective|p1a: Giratina\n|-damage|p1a: Giratina|52\/100\n|-status|p1a: Giratina|frz\n|cant|p1a: Giratina|frz\n|\n|-weather|RainDance|[upkeep]\n|upkeep\n|turn|15\n|\n|t:|1698442011\n|move|p2a: Kyogre|Ice Beam|p1a: Giratina\n|-supereffective|p1a: Giratina\n|-damage|p1a: Giratina|15\/100 frz\n|cant|p1a: Giratina|frz\n|\n|-weather|RainDance|[upkeep]\n|upkeep\n|turn|16\n|\n|t:|1698442015\n|move|p2a: Kyogre|Ice Beam|p1a: Giratina\n|-supereffective|p1a: Giratina\n|-damage|p1a: Giratina|0 fnt\n|faint|p1a: Giratina\n|\n|-weather|RainDance|[upkeep]\n|upkeep\n|\n|t:|1698442019\n|switch|p1a: Miraidon|Miraidon|100\/100\n|-fieldstart|move: Electric Terrain|[from] ability: Hadron Engine|[of] p1a: Miraidon\n|turn|17\n|\n|t:|1698442035\n|switch|p2a: Groudon|Groudon|40\/100 brn\n|-weather|SunnyDay|[from] ability: Drought|[of] p2a: Groudon\n|move|p1a: Miraidon|Draco Meteor|p2a: Groudon\n|-damage|p2a: Groudon|0 fnt\n|-unboost|p1a: Miraidon|spa|2\n|faint|p2a: Groudon\n|\n|-weather|SunnyDay|[upkeep]\n|upkeep\n|\n|t:|1698442046\n|switch|p2a: Zacian|Zacian-Crowned|78\/100\n|turn|18\n|inactive|SpaceJelly05 has 120 seconds left.\n|\n|t:|1698442072\n|switch|p1a: Groudon|Groudon|94\/100 brn\n|move|p2a: Zacian|Play Rough|p1a: Groudon\n|-damage|p1a: Groudon|67\/100 brn\n|\n|-weather|SunnyDay|[upkeep]\n|-heal|p1a: Groudon|73\/100 brn|[from] item: Leftovers\n|-damage|p1a: Groudon|67\/100 brn|[from] brn\n|upkeep\n|turn|19\n|inactive|SpaceJelly05 has 120 seconds left.\n|\n|t:|1698442081\n|switch|p2a: Giratina|Giratina-Origin|100\/100\n|move|p1a: Groudon|Precipice Blades|p2a: Giratina\n|-immune|p2a: Giratina|[from] ability: Levitate\n|\n|-weather|SunnyDay|[upkeep]\n|-heal|p1a: Groudon|73\/100 brn|[from] item: Leftovers\n|-damage|p1a: Groudon|67\/100 brn|[from] brn\n|upkeep\n|turn|20\n|\n|t:|1698442109\n|move|p2a: Giratina|Hex|p1a: Groudon\n|-damage|p1a: Groudon|0 fnt\n|faint|p1a: Groudon\n|\n|-weather|SunnyDay|[upkeep]\n|upkeep\n|\n|t:|1698442119\n|switch|p1a: Miraidon|Miraidon|100\/100\n|-activate|p1a: Miraidon|ability: Hadron Engine\n|turn|21\n|\n|t:|1698442130\n|switch|p2a: Zacian|Zacian-Crowned|78\/100\n|move|p1a: Miraidon|Volt Switch|p2a: Zacian\n|-damage|p2a: Zacian|0 fnt\n|faint|p2a: Zacian\n|inactive|Xyzyzp90 has 120 seconds left.\n|\n|t:|1698442150\n|switch|p1a: Koraidon|Koraidon|94\/100|[from] Volt Switch\n|-activate|p1a: Koraidon|ability: Orichalcum Pulse\n|\n|-weather|none\n|-fieldend|move: Electric Terrain\n|upkeep\n|\n|t:|1698442163\n|switch|p2a: Kyogre|Kyogre|100\/100\n|-weather|RainDance|[from] ability: Drizzle|[of] p2a: Kyogre\n|turn|22\n|inactive|Xyzyzp90 has 120 seconds left.\n|\n|t:|1698442179\n|move|p1a: Koraidon|U-turn|p2a: Kyogre\n|-damage|p2a: Kyogre|75\/100\n|inactive|Xyzyzp90 has 120 seconds left.\n|\n|t:|1698442185\n|switch|p1a: Zacian|Zacian-Crowned|100\/100|[from] U-turn\n|-ability|p1a: Zacian|Intrepid Sword|boost\n|-boost|p1a: Zacian|atk|1\n|move|p2a: Kyogre|Ice Beam|p1a: Zacian\n|-resisted|p1a: Zacian\n|-damage|p1a: Zacian|85\/100\n|\n|-weather|RainDance|[upkeep]\n|upkeep\n|turn|23\n|\n|t:|1698442194\n|switch|p2a: Arceus|Arceus|100\/100\n|move|p1a: Zacian|Wild Charge|p2a: Arceus\n|-damage|p2a: Arceus|63\/100\n|-damage|p1a: Zacian|72\/100|[from] Recoil\n|\n|-weather|RainDance|[upkeep]\n|upkeep\n|turn|24\n|\n|t:|1698442212\n|move|p1a: Zacian|Close Combat|p2a: Arceus\n|-supereffective|p2a: Arceus\n|-damage|p2a: Arceus|0 fnt\n|-unboost|p1a: Zacian|def|1\n|-unboost|p1a: Zacian|spd|1\n|faint|p2a: Arceus\n|\n|-weather|RainDance|[upkeep]\n|upkeep\n|\n|t:|1698442217\n|switch|p2a: Kyogre|Kyogre|75\/100\n|turn|25\n|\n|t:|1698442224\n|move|p2a: Kyogre|Origin Pulse|p1a: Zacian\n|-damage|p1a: Zacian|0 fnt\n|faint|p1a: Zacian\n|\n|-weather|RainDance|[upkeep]\n|upkeep\n|\n|t:|1698442228\n|switch|p1a: Miraidon|Miraidon|100\/100\n|-fieldstart|move: Electric Terrain|[from] ability: Hadron Engine|[of] p1a: Miraidon\n|turn|26\n|\n|t:|1698442245\n|switch|p2a: Giratina|Giratina-Origin|100\/100\n|move|p1a: Miraidon|Draco Meteor|p2a: Giratina\n|-supereffective|p2a: Giratina\n|-damage|p2a: Giratina|0 fnt\n|-unboost|p1a: Miraidon|spa|2\n|faint|p2a: Giratina\n|\n|-weather|none\n|upkeep\n|inactive|SpaceJelly05 has 120 seconds left.\n|\n|t:|1698442266\n|switch|p2a: Ozpin|Miraidon|100\/100\n|-activate|p2a: Ozpin|ability: Hadron Engine\n|turn|27\n|inactive|SpaceJelly05 has 120 seconds left.\n|\n|t:|1698442287\n|-terastallize|p2a: Ozpin|Fairy\n|-terastallize|p1a: Miraidon|Electric\n|move|p1a: Miraidon|Draco Meteor|p2a: Ozpin\n|-immune|p2a: Ozpin\n|move|p2a: Ozpin|Draco Meteor|p1a: Miraidon\n|-damage|p1a: Miraidon|20\/100\n|-unboost|p2a: Ozpin|spa|2\n|\n|upkeep\n|turn|28\n|inactive|SpaceJelly05 has 120 seconds left.\n|\n|t:|1698442304\n|switch|p1a: Koraidon|Koraidon|94\/100\n|-weather|SunnyDay|[from] ability: Orichalcum Pulse|[of] p1a: Koraidon\n|-activate|p1a: Koraidon|Orichalcum Pulse|[source]\n|move|p2a: Ozpin|Electro Drift|p1a: Koraidon\n|-resisted|p1a: Koraidon\n|-damage|p1a: Koraidon|71\/100\n|\n|-weather|SunnyDay|[upkeep]\n|upkeep\n|turn|29\n|\n|t:|1698442318\n|move|p1a: Koraidon|Flare Blitz|p2a: Ozpin\n|-damage|p2a: Ozpin|9\/100\n|-damage|p1a: Koraidon|41\/100|[from] Recoil\n|move|p2a: Ozpin|Draco Meteor|p1a: Koraidon\n|-supereffective|p1a: Koraidon\n|-damage|p1a: Koraidon|0 fnt\n|-unboost|p2a: Ozpin|spa|2\n|faint|p1a: Koraidon\n|\n|-weather|SunnyDay|[upkeep]\n|upkeep\n|\n|t:|1698442322\n|switch|p1a: Miraidon|Miraidon, tera:Electric|20\/100\n|-activate|p1a: Miraidon|ability: Hadron Engine\n|turn|30\n|\n|t:|1698442326\n|move|p1a: Miraidon|Electro Drift|p2a: Ozpin\n|-damage|p2a: Ozpin|0 fnt\n|faint|p2a: Ozpin\n|\n|-weather|SunnyDay|[upkeep]\n|-fieldend|move: Electric Terrain\n|upkeep\n|\n|t:|1698442329\n|switch|p2a: Kyogre|Kyogre|75\/100\n|-weather|RainDance|[from] ability: Drizzle|[of] p2a: Kyogre\n|turn|31\n|j| I lack the brain\n|\n|t:|1698442345\n|move|p2a: Kyogre|Water Spout|p1a: Miraidon\n|-damage|p1a: Miraidon|0 fnt\n|faint|p1a: Miraidon\n|\n|win|SpaceJelly05\n|raw|Xyzyzp90's rating: 1247 &rarr; <strong>1223<\/strong><br \/>(-24 for losing)\n|raw|SpaceJelly05's rating: 1256 &rarr; <strong>1280<\/strong><br \/>(+24 for winning)\n|l|\u2606Xyzyzp90\n","uploadtime":1698442353,"views":12,"p1id":"xyzyzp90","p2id":"spacejelly05","formatid":"gen9ubers","rating":1223,"private":0,"password":""}