{"id":"gen9ubers-1975554442","p1":"Astyr.Pygos","p2":"DeadGoblin","format":"[Gen 9] Ubers","log":"|j|\u2606Astyr.Pygos\n|j|\u2606DeadGoblin\n|t:|1698204217\n|gametype|singles\n|player|p1|Astyr.Pygos|hilda|\n|player|p2|DeadGoblin|cynthia|\n|teamsize|p1|6\n|teamsize|p2|6\n|gen|9\n|tier|[Gen 9] Ubers\n|rule|Sleep Clause Mod: Limit one foe put to sleep\n|rule|Species Clause: Limit one of each Pok\u00e9mon\n|rule|OHKO Clause: OHKO moves are banned\n|rule|Evasion Items Clause: Evasion items are banned\n|rule|Evasion Moves Clause: Evasion moves are banned\n|rule|Endless Battle Clause: Forcing endless battles is banned\n|rule|HP Percentage Mod: HP is shown in percentages\n|clearpoke\n|poke|p1|Iron Valiant|\n|poke|p1|Iron Moth|\n|poke|p1|Tatsugiri, F|\n|poke|p1|Grimmsnarl, M|\n|poke|p1|Clodsire, M|\n|poke|p1|Rotom-Wash|\n|poke|p2|Gardevoir, F|\n|poke|p2|Armarouge, M|\n|poke|p2|Wo-Chien|\n|poke|p2|Magnezone|\n|poke|p2|Enamorus, F|\n|poke|p2|Haxorus, F|\n|teampreview\n|c|\u2606DeadGoblin|gl hf!\n|j| Squirshawott\n|j| BLACK METAL 3\n|c|\u2606Astyr.Pygos|gl hf!\n|c|\u2606DeadGoblin|I love slurping snails, it is a crime I will forgive the french for\n|\n|t:|1698204319\n|start\n|switch|p1a: Grimmsnarl|Grimmsnarl, M|100\/100\n|switch|p2a: Estrella|Gardevoir, F, shiny|100\/100\n|-ability|p2a: Estrella|Prankster|[from] ability: Trace|[of] p1a: Grimmsnarl\n|turn|1\n|\n|t:|1698204383\n|move|p2a: Estrella|Trick|p1a: Grimmsnarl\n|-hint|Since gen 7, Dark is immune to Prankster moves.\n|-immune|p1a: Grimmsnarl\n|move|p1a: Grimmsnarl|Parting Shot|p2a: Estrella\n|-unboost|p2a: Estrella|atk|1\n|-unboost|p2a: Estrella|spa|1\n|\n|t:|1698204415\n|switch|p1a: Tatsugiri|Tatsugiri, F|100\/100|[from] Parting Shot\n|\n|upkeep\n|turn|2\n|j| Sol CPU\n|\n|t:|1698204441\n|move|p2a: Estrella|Trick|p1a: Tatsugiri\n|-activate|p2a: Estrella|move: Trick|[of] p1a: Tatsugiri\n|-item|p1a: Tatsugiri|Choice Scarf|[from] move: Trick\n|-item|p2a: Estrella|Choice Scarf|[from] move: Trick\n|move|p1a: Tatsugiri|Surf|p2a: Estrella\n|-damage|p2a: Estrella|55\/100\n|\n|upkeep\n|turn|3\n|\n|t:|1698204450\n|switch|p2a: Live Reaction|Wo-Chien|100\/100\n|-ability|p2a: Live Reaction|Tablets of Ruin\n|move|p1a: Tatsugiri|Surf|p2a: Live Reaction\n|-resisted|p2a: Live Reaction\n|-damage|p2a: Live Reaction|86\/100\n|\n|upkeep\n|turn|4\n|\n|t:|1698204464\n|switch|p1a: Iron Moth|Iron Moth|100\/100\n|move|p2a: Live Reaction|Leech Seed|p1a: Iron Moth\n|-start|p1a: Iron Moth|move: Leech Seed\n|\n|-damage|p1a: Iron Moth|88\/100|[from] Leech Seed|[of] p2a: Live Reaction\n|-heal|p2a: Live Reaction|96\/100|[silent]\n|upkeep\n|turn|5\n|\n|t:|1698204479\n|switch|p2a: MEGAMAN X|Armarouge, M, shiny|100\/100\n|move|p1a: Iron Moth|Fiery Dance|p2a: MEGAMAN X\n|-start|p2a: MEGAMAN X|ability: Flash Fire\n|\n|-damage|p1a: Iron Moth|76\/100|[from] Leech Seed|[of] p2a: MEGAMAN X\n|upkeep\n|turn|6\n|\n|t:|1698204507\n|-end|p1a: Iron Moth|Quark Drive|[silent]\n|switch|p1a: Clodsire|Clodsire, M|100\/100\n|move|p2a: MEGAMAN X|Armor Cannon|p1a: Clodsire\n|-damage|p1a: Clodsire|54\/100\n|-unboost|p2a: MEGAMAN X|def|1\n|-unboost|p2a: MEGAMAN X|spd|1\n|\n|-heal|p1a: Clodsire|61\/100|[from] item: Black Sludge\n|upkeep\n|turn|7\n|\n|t:|1698204544\n|-end|p2a: MEGAMAN X|ability: Flash Fire|[silent]\n|switch|p2a: Slaying|Enamorus, F|100\/100\n|move|p1a: Clodsire|Poison Jab|p2a: Slaying\n|-supereffective|p2a: Slaying\n|-crit|p2a: Slaying\n|-damage|p2a: Slaying|2\/100\n|\n|-heal|p1a: Clodsire|67\/100|[from] item: Black Sludge\n|upkeep\n|turn|8\n|\n|t:|1698204582\n|move|p2a: Slaying|Earth Power|p1a: Clodsire\n|-supereffective|p1a: Clodsire\n|-damage|p1a: Clodsire|27\/100\n|move|p1a: Clodsire|Poison Jab|p2a: Slaying\n|-supereffective|p2a: Slaying\n|-damage|p2a: Slaying|0 fnt\n|faint|p2a: Slaying\n|\n|-heal|p1a: Clodsire|33\/100|[from] item: Black Sludge\n|upkeep\n|\n|t:|1698204594\n|switch|p2a: Estrella|Gardevoir, F, shiny|55\/100\n|-ability|p2a: Estrella|Unaware|[from] ability: Trace|[of] p1a: Clodsire\n|turn|9\n|\n|t:|1698204686\n|switch|p1a: Rotom|Rotom-Wash|100\/100\n|move|p2a: Estrella|Psychic|p1a: Rotom\n|-damage|p1a: Rotom|52\/100\n|\n|-heal|p1a: Rotom|58\/100|[from] item: Leftovers\n|upkeep\n|turn|10\n|\n|t:|1698204717\n|switch|p2a: WelcomeToTheZone|Magnezone|100\/100\n|move|p1a: Rotom|Volt Switch|p2a: WelcomeToTheZone\n|-resisted|p2a: WelcomeToTheZone\n|-crit|p2a: WelcomeToTheZone\n|-damage|p2a: WelcomeToTheZone|75\/100\n|\n|t:|1698204727\n|switch|p1a: Iron Moth|Iron Moth|76\/100|[from] Volt Switch\n|\n|-heal|p2a: WelcomeToTheZone|81\/100|[from] item: Leftovers\n|upkeep\n|turn|11\n|\n|t:|1698204750\n|-end|p1a: Iron Moth|Quark Drive|[silent]\n|switch|p1a: Tatsugiri|Tatsugiri, F|100\/100\n|switch|p2a: Hax|Haxorus, F, shiny|100\/100\n|-ability|p2a: Hax|Mold Breaker\n|\n|upkeep\n|turn|12\n|\n|t:|1698204821\n|move|p1a: Tatsugiri|Dragon Pulse|p2a: Hax\n|-supereffective|p2a: Hax\n|-damage|p2a: Hax|0 fnt\n|faint|p2a: Hax\n|\n|upkeep\n|\n|t:|1698204857\n|switch|p2a: Estrella|Gardevoir, F, shiny|55\/100\n|-ability|p2a: Estrella|Storm Drain|[from] ability: Trace|[of] p1a: Tatsugiri\n|turn|13\n|\n|t:|1698204881\n|switch|p1a: Rotom|Rotom-Wash|58\/100\n|move|p2a: Estrella|Psychic|p1a: Rotom\n|-damage|p1a: Rotom|14\/100\n|\n|-heal|p1a: Rotom|20\/100|[from] item: Leftovers\n|upkeep\n|turn|14\n|\n|t:|1698204901\n|switch|p2a: Live Reaction|Wo-Chien|96\/100\n|-ability|p2a: Live Reaction|Tablets of Ruin\n|move|p1a: Rotom|Volt Switch|p2a: Live Reaction\n|-resisted|p2a: Live Reaction\n|-damage|p2a: Live Reaction|87\/100\n|\n|t:|1698204939\n|switch|p1a: Grimmsnarl|Grimmsnarl, M|100\/100|[from] Volt Switch\n|\n|upkeep\n|turn|15\n|\n|t:|1698204955\n|move|p1a: Grimmsnarl|Light Screen|p1a: Grimmsnarl\n|-sidestart|p1: Astyr.Pygos|move: Light Screen\n|move|p2a: Live Reaction|Taunt|p1a: Grimmsnarl\n|-start|p1a: Grimmsnarl|move: Taunt\n|\n|upkeep\n|turn|16\n|\n|t:|1698204977\n|switch|p2a: MEGAMAN X|Armarouge, M, shiny|100\/100\n|move|p1a: Grimmsnarl|Spirit Break|p2a: MEGAMAN X\n|-resisted|p2a: MEGAMAN X\n|-damage|p2a: MEGAMAN X|89\/100\n|-unboost|p2a: MEGAMAN X|spa|1\n|\n|upkeep\n|turn|17\n|\n|t:|1698205009\n|switch|p1a: Rotom|Rotom-Wash|20\/100\n|move|p2a: MEGAMAN X|Armor Cannon|p1a: Rotom\n|-resisted|p1a: Rotom\n|-damage|p1a: Rotom|9\/100\n|-unboost|p2a: MEGAMAN X|def|1\n|-unboost|p2a: MEGAMAN X|spd|1\n|\n|-heal|p1a: Rotom|16\/100|[from] item: Leftovers\n|upkeep\n|turn|18\n|\n|t:|1698205032\n|switch|p2a: WelcomeToTheZone|Magnezone|81\/100\n|move|p1a: Rotom|Hydro Pump|p2a: WelcomeToTheZone\n|-damage|p2a: WelcomeToTheZone|31\/100\n|\n|-heal|p2a: WelcomeToTheZone|37\/100|[from] item: Leftovers\n|-heal|p1a: Rotom|22\/100|[from] item: Leftovers\n|upkeep\n|turn|19\n|\n|t:|1698205060\n|switch|p2a: Live Reaction|Wo-Chien|87\/100\n|-ability|p2a: Live Reaction|Tablets of Ruin\n|move|p1a: Rotom|Protect||[still]\n|-fail|p1a: Rotom\n|\n|-heal|p1a: Rotom|28\/100|[from] item: Leftovers\n|upkeep\n|turn|20\n|\n|t:|1698205080\n|move|p2a: Live Reaction|Leech Seed|p1a: Rotom|[miss]\n|-miss|p2a: Live Reaction|p1a: Rotom\n|move|p1a: Rotom|Volt Switch|p2a: Live Reaction\n|-resisted|p2a: Live Reaction\n|-damage|p2a: Live Reaction|78\/100\n|\n|t:|1698205088\n|switch|p1a: Iron Moth|Iron Moth|76\/100|[from] Volt Switch\n|\n|upkeep\n|turn|21\n|\n|t:|1698205095\n|switch|p2a: MEGAMAN X|Armarouge, M, shiny|89\/100\n|move|p1a: Iron Moth|Sludge Wave|p2a: MEGAMAN X\n|-damage|p2a: MEGAMAN X|10\/100\n|-damage|p1a: Iron Moth|66\/100|[from] item: Life Orb\n|\n|upkeep\n|turn|22\n|\n|t:|1698205132\n|move|p1a: Iron Moth|Bug Buzz|p2a: MEGAMAN X\n|-damage|p2a: MEGAMAN X|0 fnt\n|faint|p2a: MEGAMAN X\n|-damage|p1a: Iron Moth|56\/100|[from] item: Life Orb\n|\n|-sideend|p1: Astyr.Pygos|move: Light Screen\n|upkeep\n|\n|t:|1698205138\n|switch|p2a: Live Reaction|Wo-Chien|78\/100\n|-ability|p2a: Live Reaction|Tablets of Ruin\n|turn|23\n|\n|t:|1698205148\n|move|p1a: Iron Moth|Fiery Dance|p2a: Live Reaction\n|-supereffective|p2a: Live Reaction\n|-damage|p2a: Live Reaction|0 fnt\n|faint|p2a: Live Reaction\n|-damage|p1a: Iron Moth|46\/100|[from] item: Life Orb\n|\n|upkeep\n|\n|t:|1698205155\n|switch|p2a: Estrella|Gardevoir, F, shiny|55\/100\n|turn|24\n|\n|t:|1698205175\n|move|p2a: Estrella|Moonblast|p1a: Iron Moth\n|-resisted|p1a: Iron Moth\n|-damage|p1a: Iron Moth|33\/100\n|move|p1a: Iron Moth|Sludge Wave|p2a: Estrella\n|-supereffective|p2a: Estrella\n|-damage|p2a: Estrella|0 fnt\n|faint|p2a: Estrella\n|-damage|p1a: Iron Moth|23\/100|[from] item: Life Orb\n|\n|upkeep\n|\n|t:|1698205183\n|switch|p2a: WelcomeToTheZone|Magnezone|37\/100\n|turn|25\n|-message|DeadGoblin forfeited.\n|\n|win|Astyr.Pygos\n|l|\u2606DeadGoblin\n","uploadtime":1698205193,"views":12,"p1id":"astyrpygos","p2id":"deadgoblin","formatid":"gen9ubers","rating":0,"private":0,"password":""}