{"id":"gen9ubers-1988115820","p1":"Spectrum725","p2":"LiRip","format":"[Gen 9] Ubers","log":"|j|\u2606Spectrum725\n|j|\u2606LiRip\n|t:|1699671480\n|gametype|singles\n|player|p1|Spectrum725|waiter-gen4dp|\n|player|p2|LiRip|drayden|\n|teamsize|p1|6\n|teamsize|p2|6\n|gen|9\n|tier|[Gen 9] Ubers\n|rule|Sleep Clause Mod: Limit one foe put to sleep\n|rule|Species Clause: Limit one of each Pok\u00e9mon\n|rule|OHKO Clause: OHKO moves are banned\n|rule|Evasion Items Clause: Evasion items are banned\n|rule|Evasion Moves Clause: Evasion moves are banned\n|rule|Endless Battle Clause: Forcing endless battles is banned\n|rule|HP Percentage Mod: HP is shown in percentages\n|clearpoke\n|poke|p1|Torkoal, M|\n|poke|p1|Walking Wake|\n|poke|p1|Chi-Yu|\n|poke|p1|Arceus-Grass|\n|poke|p1|Zacian-*|\n|poke|p1|Magearna-Original|\n|poke|p2|Gholdengo|\n|poke|p2|Magearna|\n|poke|p2|Yanmega, M|\n|poke|p2|Zamazenta-*|\n|poke|p2|Palkia-Origin|\n|poke|p2|Arceus-Grass|\n|teampreview\n|inactive|Battle timer is ON: inactive players will automatically lose when time's up. (requested by LiRip)\n|c|\u2606Spectrum725|glhf 1\n|inactive|Spectrum725 has 270 seconds left.\n|c|\u2606LiRip|Yeah you too\n|\n|t:|1699671516\n|start\n|switch|p1a: Walking Wake|Walking Wake|100\/100\n|switch|p2a: Palkia|Palkia-Origin, shiny|100\/100\n|-ability|p2a: Palkia|Pressure\n|turn|1\n|c|\u2606LiRip|Wait\n|c|\u2606Spectrum725|ok\n|c|\u2606LiRip|Just wanna know can we tera?\n|inactive|LiRip has 270 seconds left.\n|c|\u2606Spectrum725|yeah\n|c|\u2606LiRip|Oh kk\n|\n|t:|1699671564\n|switch|p2a: Just meta|Magearna|100\/100\n|move|p1a: Walking Wake|Dragon Pulse|p2a: Just meta\n|-immune|p2a: Just meta\n|\n|upkeep\n|turn|2\n|\n|t:|1699671569\n|-end|p1a: Walking Wake|Protosynthesis|[silent]\n|switch|p1a: Magearna|Magearna-Original|100\/100\n|move|p2a: Just meta|Shift Gear|p2a: Just meta\n|-boost|p2a: Just meta|spe|2\n|-boost|p2a: Just meta|atk|1\n|\n|upkeep\n|turn|3\n|\n|t:|1699671572\n|move|p2a: Just meta|Calm Mind|p2a: Just meta\n|-boost|p2a: Just meta|spa|1\n|-boost|p2a: Just meta|spd|1\n|move|p1a: Magearna|Thunder Wave|p2a: Just meta\n|-status|p2a: Just meta|par\n|\n|upkeep\n|turn|4\n|\n|t:|1699671580\n|move|p2a: Just meta|Shift Gear|p2a: Just meta\n|-boost|p2a: Just meta|spe|2\n|-boost|p2a: Just meta|atk|1\n|move|p1a: Magearna|Volt Switch|p2a: Just meta\n|-damage|p2a: Just meta|90\/100 par\n|\n|t:|1699671587\n|switch|p1a: Arceus|Arceus-Grass|100\/100|[from] Volt Switch\n|\n|upkeep\n|turn|5\n|\n|t:|1699671594\n|move|p1a: Arceus|Taunt|p2a: Just meta\n|-start|p2a: Just meta|move: Taunt\n|move|p2a: Just meta|Stored Power|p1a: Arceus\n|-damage|p1a: Arceus|35\/100\n|\n|upkeep\n|turn|6\n|\n|t:|1699671599\n|switch|p1a: Chi-Yu|Chi-Yu|100\/100\n|-ability|p1a: Chi-Yu|Beads of Ruin\n|move|p2a: Just meta|Draining Kiss|p1a: Chi-Yu\n|-damage|p1a: Chi-Yu|49\/100\n|-heal|p2a: Just meta|100\/100 par|[from] drain|[of] p1a: Chi-Yu\n|\n|upkeep\n|turn|7\n|\n|t:|1699671606\n|move|p1a: Chi-Yu|Flamethrower|p2a: Just meta\n|-supereffective|p2a: Just meta\n|-damage|p2a: Just meta|24\/100 par\n|-enditem|p2a: Just meta|Weakness Policy\n|-boost|p2a: Just meta|atk|2|[from] item: Weakness Policy\n|-boost|p2a: Just meta|spa|2|[from] item: Weakness Policy\n|move|p2a: Just meta|Draining Kiss|p1a: Chi-Yu\n|-damage|p1a: Chi-Yu|0 fnt\n|-heal|p2a: Just meta|49\/100 par|[from] drain|[of] p1a: Chi-Yu\n|faint|p1a: Chi-Yu\n|-ability|p2a: Just meta|Soul-Heart|boost\n|-boost|p2a: Just meta|spa|1\n|\n|-end|p2a: Just meta|move: Taunt\n|upkeep\n|\n|t:|1699671617\n|switch|p1a: Zacian|Zacian|100\/100\n|-ability|p1a: Zacian|Intrepid Sword|boost\n|-boost|p1a: Zacian|atk|1\n|turn|8\n|\n|t:|1699671623\n|move|p1a: Zacian|Tera Blast|p2a: Just meta\n|-resisted|p2a: Just meta\n|-crit|p2a: Just meta\n|-damage|p2a: Just meta|40\/100 par\n|move|p2a: Just meta|Stored Power|p1a: Zacian\n|-damage|p1a: Zacian|0 fnt\n|faint|p1a: Zacian\n|-ability|p2a: Just meta|Soul-Heart|boost\n|-boost|p2a: Just meta|spa|1\n|\n|upkeep\n|\n|t:|1699671627\n|switch|p1a: Torkoal|Torkoal, M|100\/100\n|-weather|SunnyDay|[from] ability: Drought|[of] p1a: Torkoal\n|turn|9\n|\n|t:|1699671630\n|move|p2a: Just meta|Stored Power|p1a: Torkoal\n|-damage|p1a: Torkoal|0 fnt\n|faint|p1a: Torkoal\n|-ability|p2a: Just meta|Soul-Heart|boost\n|-boost|p2a: Just meta|spa|1\n|\n|-weather|SunnyDay|[upkeep]\n|upkeep\n|\n|t:|1699671635\n|switch|p1a: Walking Wake|Walking Wake|100\/100\n|-activate|p1a: Walking Wake|ability: Protosynthesis\n|-start|p1a: Walking Wake|protosynthesisspe\n|turn|10\n|\n|t:|1699671644\n|-terastallize|p1a: Walking Wake|Water\n|move|p1a: Walking Wake|Flamethrower|p2a: Just meta\n|-supereffective|p2a: Just meta\n|-crit|p2a: Just meta\n|-damage|p2a: Just meta|0 fnt\n|faint|p2a: Just meta\n|\n|-weather|SunnyDay|[upkeep]\n|upkeep\n|\n|t:|1699671656\n|switch|p2a: Palkia|Palkia-Origin, shiny|100\/100\n|-ability|p2a: Palkia|Pressure\n|turn|11\n|\n|t:|1699671664\n|-end|p1a: Walking Wake|Protosynthesis|[silent]\n|switch|p1a: Magearna|Magearna-Original|100\/100\n|-terastallize|p2a: Palkia|Grass\n|move|p2a: Palkia|Earth Power|p1a: Magearna\n|-supereffective|p1a: Magearna\n|-damage|p1a: Magearna|59\/100\n|\n|-weather|SunnyDay|[upkeep]\n|-heal|p1a: Magearna|65\/100|[from] item: Leftovers\n|upkeep\n|turn|12\n|\n|t:|1699671673\n|move|p2a: Palkia|Earth Power|p1a: Magearna\n|-supereffective|p1a: Magearna\n|-damage|p1a: Magearna|21\/100\n|move|p1a: Magearna|Thunder Wave|p2a: Palkia|[miss]\n|-miss|p1a: Magearna|p2a: Palkia\n|\n|-weather|SunnyDay|[upkeep]\n|-heal|p1a: Magearna|27\/100|[from] item: Leftovers\n|upkeep\n|turn|13\n|\n|t:|1699671681\n|switch|p1a: Arceus|Arceus-Grass|35\/100\n|move|p2a: Palkia|Earth Power|p1a: Arceus\n|-resisted|p1a: Arceus\n|-damage|p1a: Arceus|24\/100\n|\n|-weather|SunnyDay|[upkeep]\n|upkeep\n|turn|14\n|\n|t:|1699671684\n|move|p1a: Arceus|Recover|p1a: Arceus\n|-heal|p1a: Arceus|74\/100\n|move|p2a: Palkia|Blizzard|p1a: Arceus\n|-supereffective|p1a: Arceus\n|-damage|p1a: Arceus|19\/100\n|\n|-weather|SunnyDay|[upkeep]\n|upkeep\n|turn|15\n|\n|t:|1699671688\n|switch|p1a: Magearna|Magearna-Original|27\/100\n|move|p2a: Palkia|Blizzard|p1a: Magearna\n|-resisted|p1a: Magearna\n|-damage|p1a: Magearna|13\/100\n|\n|-weather|SunnyDay|[upkeep]\n|-heal|p1a: Magearna|19\/100|[from] item: Leftovers\n|upkeep\n|turn|16\n|\n|t:|1699671693\n|move|p2a: Palkia|Draco Meteor|p1a: Magearna\n|-immune|p1a: Magearna\n|move|p1a: Magearna|Thunder Wave|p2a: Palkia\n|-status|p2a: Palkia|par\n|\n|-weather|none\n|-heal|p1a: Magearna|25\/100|[from] item: Leftovers\n|upkeep\n|turn|17\n|\n|t:|1699671698\n|cant|p2a: Palkia|par\n|move|p1a: Magearna|Spikes|p2a: Palkia\n|-sidestart|p2: LiRip|Spikes\n|\n|-heal|p1a: Magearna|31\/100|[from] item: Leftovers\n|upkeep\n|turn|18\n|c|\u2606LiRip|Ahhh i read the switch lol\n|\n|t:|1699671709\n|move|p2a: Palkia|Earth Power|p1a: Magearna\n|-supereffective|p1a: Magearna\n|-damage|p1a: Magearna|0 fnt\n|faint|p1a: Magearna\n|\n|upkeep\n|\n|t:|1699671713\n|switch|p1a: Walking Wake|Walking Wake, tera:Water|100\/100\n|turn|19\n|\n|t:|1699671718\n|move|p1a: Walking Wake|Flamethrower|p2a: Palkia\n|-supereffective|p2a: Palkia\n|-damage|p2a: Palkia|20\/100 par\n|cant|p2a: Palkia|par\n|\n|upkeep\n|turn|20\n|\n|t:|1699671722\n|move|p1a: Walking Wake|Flamethrower|p2a: Palkia\n|-supereffective|p2a: Palkia\n|-damage|p2a: Palkia|0 fnt\n|faint|p2a: Palkia\n|\n|upkeep\n|\n|t:|1699671726\n|switch|p2a: Disgusting set|Zamazenta-Crowned|100\/100\n|-damage|p2a: Disgusting set|88\/100|[from] Spikes\n|-ability|p2a: Disgusting set|Dauntless Shield|boost\n|-boost|p2a: Disgusting set|def|1\n|turn|21\n|\n|t:|1699671730\n|move|p2a: Disgusting set|Light Screen|p2a: Disgusting set\n|-sidestart|p2: LiRip|move: Light Screen\n|move|p1a: Walking Wake|Flamethrower|p2a: Disgusting set\n|-supereffective|p2a: Disgusting set\n|-damage|p2a: Disgusting set|58\/100\n|\n|upkeep\n|turn|22\n|\n|t:|1699671734\n|move|p2a: Disgusting set|Iron Defense|p2a: Disgusting set\n|-boost|p2a: Disgusting set|def|2\n|move|p1a: Walking Wake|Flamethrower|p2a: Disgusting set\n|-supereffective|p2a: Disgusting set\n|-damage|p2a: Disgusting set|30\/100\n|\n|upkeep\n|turn|23\n|\n|t:|1699671736\n|move|p2a: Disgusting set|Body Press|p1a: Walking Wake\n|-damage|p1a: Walking Wake|9\/100\n|move|p1a: Walking Wake|Flamethrower|p2a: Disgusting set\n|-supereffective|p2a: Disgusting set\n|-damage|p2a: Disgusting set|2\/100\n|-status|p2a: Disgusting set|brn\n|\n|-damage|p2a: Disgusting set|0 fnt|[from] brn\n|faint|p2a: Disgusting set\n|upkeep\n|\n|t:|1699671740\n|switch|p2a: Arceus|Arceus-Grass|100\/100\n|-damage|p2a: Arceus|88\/100|[from] Spikes\n|turn|24\n|\n|t:|1699671742\n|move|p2a: Arceus|Extreme Speed|p1a: Walking Wake\n|-damage|p1a: Walking Wake|0 fnt\n|faint|p1a: Walking Wake\n|-end|p1a: Walking Wake|Protosynthesis|[silent]\n|\n|upkeep\n|\n|t:|1699671744\n|switch|p1a: Arceus|Arceus-Grass|19\/100\n|turn|25\n|\n|t:|1699671746\n|move|p1a: Arceus|Recover|p1a: Arceus\n|-heal|p1a: Arceus|69\/100\n|move|p2a: Arceus|Bug Buzz|p1a: Arceus\n|-supereffective|p1a: Arceus\n|-damage|p1a: Arceus|26\/100\n|\n|-sideend|p2: LiRip|move: Light Screen\n|upkeep\n|turn|26\n|\n|t:|1699671749\n|move|p2a: Arceus|Extreme Speed|p1a: Arceus\n|-damage|p1a: Arceus|13\/100\n|move|p1a: Arceus|Recover|p1a: Arceus\n|-heal|p1a: Arceus|63\/100\n|\n|upkeep\n|turn|27\n|\n|t:|1699671753\n|move|p1a: Arceus|Recover|p1a: Arceus\n|-heal|p1a: Arceus|100\/100\n|move|p2a: Arceus|Bug Buzz|p1a: Arceus\n|-supereffective|p1a: Arceus\n|-damage|p1a: Arceus|56\/100\n|\n|upkeep\n|turn|28\n|\n|t:|1699671756\n|move|p1a: Arceus|Calm Mind|p1a: Arceus\n|-boost|p1a: Arceus|spa|1\n|-boost|p1a: Arceus|spd|1\n|move|p2a: Arceus|Bug Buzz|p1a: Arceus\n|-supereffective|p1a: Arceus\n|-damage|p1a: Arceus|29\/100\n|\n|upkeep\n|turn|29\n|\n|t:|1699671758\n|move|p1a: Arceus|Recover|p1a: Arceus\n|-heal|p1a: Arceus|79\/100\n|move|p2a: Arceus|Bug Buzz|p1a: Arceus\n|-supereffective|p1a: Arceus\n|-damage|p1a: Arceus|52\/100\n|\n|upkeep\n|turn|30\n|\n|t:|1699671766\n|move|p1a: Arceus|Recover|p1a: Arceus\n|-heal|p1a: Arceus|100\/100\n|move|p2a: Arceus|Bug Buzz|p1a: Arceus\n|-supereffective|p1a: Arceus\n|-damage|p1a: Arceus|72\/100\n|\n|upkeep\n|turn|31\n|\n|t:|1699671769\n|move|p1a: Arceus|Calm Mind|p1a: Arceus\n|-boost|p1a: Arceus|spa|1\n|-boost|p1a: Arceus|spd|1\n|move|p2a: Arceus|Bug Buzz|p1a: Arceus\n|-supereffective|p1a: Arceus\n|-damage|p1a: Arceus|50\/100\n|\n|upkeep\n|turn|32\n|\n|t:|1699671773\n|switch|p2a: CARRIES THE LOGS|Yanmega, M, shiny|100\/100\n|move|p1a: Arceus|Recover|p1a: Arceus\n|-heal|p1a: Arceus|100\/100\n|\n|upkeep\n|turn|33\n|\n|t:|1699671779\n|move|p1a: Arceus|Judgment|p2a: CARRIES THE LOGS\n|-resisted|p2a: CARRIES THE LOGS\n|-damage|p2a: CARRIES THE LOGS|55\/100\n|move|p2a: CARRIES THE LOGS|Bug Buzz|p1a: Arceus\n|-supereffective|p1a: Arceus\n|-damage|p1a: Arceus|59\/100\n|\n|upkeep\n|turn|34\n|\n|t:|1699671782\n|move|p1a: Arceus|Judgment|p2a: CARRIES THE LOGS\n|-resisted|p2a: CARRIES THE LOGS\n|-damage|p2a: CARRIES THE LOGS|17\/100\n|move|p2a: CARRIES THE LOGS|Bug Buzz|p1a: Arceus\n|-supereffective|p1a: Arceus\n|-damage|p1a: Arceus|18\/100\n|\n|upkeep\n|turn|35\n|\n|t:|1699671785\n|move|p1a: Arceus|Judgment|p2a: CARRIES THE LOGS\n|-resisted|p2a: CARRIES THE LOGS\n|-damage|p2a: CARRIES THE LOGS|0 fnt\n|faint|p2a: CARRIES THE LOGS\n|\n|upkeep\n|\n|t:|1699671790\n|switch|p2a: MY BOIII|Gholdengo|100\/100\n|-damage|p2a: MY BOIII|88\/100|[from] Spikes\n|turn|36\n|\n|t:|1699671793\n|move|p1a: Arceus|Recover|p1a: Arceus\n|-heal|p1a: Arceus|68\/100\n|move|p2a: MY BOIII|Shadow Ball|p1a: Arceus\n|-damage|p1a: Arceus|54\/100\n|\n|upkeep\n|turn|37\n|\n|t:|1699671797\n|move|p1a: Arceus|Judgment|p2a: MY BOIII\n|-resisted|p2a: MY BOIII\n|-damage|p2a: MY BOIII|36\/100\n|move|p2a: MY BOIII|Thunder Wave|p1a: Arceus\n|-status|p1a: Arceus|par\n|\n|upkeep\n|turn|38\n|\n|t:|1699671801\n|move|p2a: MY BOIII|Nasty Plot|p2a: MY BOIII\n|-boost|p2a: MY BOIII|spa|2\n|move|p1a: Arceus|Judgment|p2a: MY BOIII\n|-resisted|p2a: MY BOIII\n|-damage|p2a: MY BOIII|0 fnt\n|faint|p2a: MY BOIII\n|\n|upkeep\n|\n|t:|1699671802\n|switch|p2a: Arceus|Arceus-Grass|88\/100\n|-damage|p2a: Arceus|76\/100|[from] Spikes\n|turn|39\n|\n|t:|1699671808\n|move|p2a: Arceus|Blizzard|p1a: Arceus|[miss]\n|-miss|p2a: Arceus|p1a: Arceus\n|move|p1a: Arceus|Judgment|p2a: Arceus\n|-resisted|p2a: Arceus\n|-damage|p2a: Arceus|45\/100\n|\n|upkeep\n|turn|40\n|\n|t:|1699671811\n|move|p2a: Arceus|Blizzard|p1a: Arceus\n|-supereffective|p1a: Arceus\n|-damage|p1a: Arceus|27\/100 par\n|move|p1a: Arceus|Judgment|p2a: Arceus\n|-resisted|p2a: Arceus\n|-crit|p2a: Arceus\n|-damage|p2a: Arceus|0 fnt\n|faint|p2a: Arceus\n|\n|win|Spectrum725\n|c|\u2606Spectrum725|NO WAY\n|c|\u2606Spectrum725|\ud83d\ude2d\n|c|\u2606LiRip|Damn lol\n|c|\u2606LiRip|Ggs\n|c|\u2606Spectrum725|that was horrendously undeserved\n|c|\u2606Spectrum725|ggs\n|c|\u2606LiRip|Is it best outta 3?\n","uploadtime":1699671836,"views":30,"p1id":"spectrum725","p2id":"lirip","formatid":"gen9ubers","rating":0,"private":0,"password":""}