{"id":"gen9ubers-1979652774","p1":"manwhocouldntcook","p2":"TheSilvySilv","format":"[Gen 9] Ubers","log":"|j|\u2606manwhocouldntcook\n|j|\u2606TheSilvySilv\n|t:|1698700139\n|gametype|singles\n|player|p1|manwhocouldntcook|chili|\n|player|p2|TheSilvySilv|ghetsis|\n|teamsize|p1|6\n|teamsize|p2|6\n|gen|9\n|tier|[Gen 9] Ubers\n|rule|Sleep Clause Mod: Limit one foe put to sleep\n|rule|Species Clause: Limit one of each Pok\u00e9mon\n|rule|OHKO Clause: OHKO moves are banned\n|rule|Evasion Items Clause: Evasion items are banned\n|rule|Evasion Moves Clause: Evasion moves are banned\n|rule|Endless Battle Clause: Forcing endless battles is banned\n|rule|HP Percentage Mod: HP is shown in percentages\n|clearpoke\n|poke|p1|Magearna|\n|poke|p1|Arceus-Dragon|\n|poke|p1|Dragapult, F|\n|poke|p1|Chi-Yu|\n|poke|p1|Magnezone|\n|poke|p1|Palkia-Origin|\n|poke|p2|Rillaboom, M|\n|poke|p2|Sneasler, F|\n|poke|p2|Arceus-Fire|\n|poke|p2|Ursaluna-Bloodmoon, M|\n|poke|p2|Clefable, F|\n|poke|p2|Palafin, F|\n|teampreview\n|\n|t:|1698700155\n|start\n|switch|p1a: Chi-Yu|Chi-Yu|100\/100\n|switch|p2a: Palafin|Palafin, F|100\/100\n|-ability|p1a: Chi-Yu|Beads of Ruin\n|turn|1\n|c|\u2606TheSilvySilv|glhf! :D\n|c|\u2606manwhocouldntcook|no u\n|\n|t:|1698700164\n|detailschange|p2a: Palafin|Palafin-Hero, F\n|switch|p2a: Arceus|Arceus-Fire|100\/100\n|switch|p1a: Palkia|Palkia-Origin|100\/100\n|-ability|p1a: Palkia|Pressure\n|\n|upkeep\n|turn|2\n|\n|t:|1698700170\n|switch|p2a: Rillaboom|Rillaboom, M|100\/100\n|-fieldstart|move: Grassy Terrain|[from] ability: Grassy Surge|[of] p2a: Rillaboom\n|move|p1a: Palkia|Thunder Wave|p2a: Rillaboom\n|-status|p2a: Rillaboom|par\n|\n|upkeep\n|turn|3\n|inactive|Battle timer is ON: inactive players will automatically lose when time's up. (requested by manwhocouldntcook)\n|\n|t:|1698700176\n|move|p1a: Palkia|Fire Blast|p2a: Rillaboom\n|-supereffective|p2a: Rillaboom\n|-damage|p2a: Rillaboom|0 fnt\n|faint|p2a: Rillaboom\n|\n|upkeep\n|\n|t:|1698700188\n|switch|p2a: Ursaluna|Ursaluna-Bloodmoon, M|100\/100\n|-enditem|p2a: Ursaluna|Grassy Seed\n|-boost|p2a: Ursaluna|def|1|[from] item: Grassy Seed\n|turn|4\n|\n|t:|1698700192\n|-terastallize|p2a: Ursaluna|Poison\n|move|p1a: Palkia|Hydro Pump|p2a: Ursaluna\n|-damage|p2a: Ursaluna|47\/100\n|move|p2a: Ursaluna|Calm Mind|p2a: Ursaluna\n|-boost|p2a: Ursaluna|spa|1\n|-boost|p2a: Ursaluna|spd|1\n|\n|-heal|p2a: Ursaluna|53\/100|[from] Grassy Terrain\n|upkeep\n|turn|5\n|\n|t:|1698700205\n|move|p1a: Palkia|Spacial Rend|p2a: Ursaluna\n|-damage|p2a: Ursaluna|18\/100\n|move|p2a: Ursaluna|Moonlight|p2a: Ursaluna\n|-heal|p2a: Ursaluna|68\/100\n|\n|-heal|p2a: Ursaluna|74\/100|[from] Grassy Terrain\n|upkeep\n|turn|6\n|\n|t:|1698700209\n|move|p1a: Palkia|Spacial Rend|p2a: Ursaluna\n|-damage|p2a: Ursaluna|42\/100\n|move|p2a: Ursaluna|Moonlight|p2a: Ursaluna\n|-heal|p2a: Ursaluna|92\/100\n|\n|-heal|p2a: Ursaluna|98\/100|[from] Grassy Terrain\n|-fieldend|move: Grassy Terrain\n|upkeep\n|turn|7\n|\n|t:|1698700211\n|move|p1a: Palkia|Spacial Rend|p2a: Ursaluna|[miss]\n|-miss|p1a: Palkia|p2a: Ursaluna\n|move|p2a: Ursaluna|Calm Mind|p2a: Ursaluna\n|-boost|p2a: Ursaluna|spa|1\n|-boost|p2a: Ursaluna|spd|1\n|\n|upkeep\n|turn|8\n|c|\u2606manwhocouldntcook|high crit raet\n|\n|t:|1698700220\n|move|p1a: Palkia|Spacial Rend|p2a: Ursaluna\n|-damage|p2a: Ursaluna|73\/100\n|move|p2a: Ursaluna|Blood Moon|p1a: Palkia\n|-damage|p1a: Palkia|0 fnt\n|faint|p1a: Palkia\n|\n|upkeep\n|\n|t:|1698700234\n|switch|p1a: Chi-Yu|Chi-Yu|100\/100\n|-ability|p1a: Chi-Yu|Beads of Ruin\n|turn|9\n|\n|t:|1698700237\n|move|p1a: Chi-Yu|Overheat|p2a: Ursaluna\n|-damage|p2a: Ursaluna|17\/100\n|-unboost|p1a: Chi-Yu|spa|2\n|move|p2a: Ursaluna|Moonlight|p2a: Ursaluna\n|-heal|p2a: Ursaluna|67\/100\n|\n|upkeep\n|turn|10\n|\n|t:|1698700248\n|switch|p1a: Magnezone|Magnezone|100\/100\n|-item|p1a: Magnezone|Air Balloon\n|move|p2a: Ursaluna|Calm Mind|p2a: Ursaluna\n|-boost|p2a: Ursaluna|spa|1\n|-boost|p2a: Ursaluna|spd|1\n|\n|upkeep\n|turn|11\n|\n|t:|1698700253\n|move|p1a: Magnezone|Thunderbolt|p2a: Ursaluna\n|-damage|p2a: Ursaluna|52\/100\n|move|p2a: Ursaluna|Moonlight|p2a: Ursaluna\n|-heal|p2a: Ursaluna|100\/100\n|\n|upkeep\n|turn|12\n|\n|t:|1698700258\n|move|p1a: Magnezone|Thunderbolt|p2a: Ursaluna\n|-damage|p2a: Ursaluna|84\/100\n|move|p2a: Ursaluna|Blood Moon|p1a: Magnezone\n|-resisted|p1a: Magnezone\n|-damage|p1a: Magnezone|17\/100\n|-enditem|p1a: Magnezone|Air Balloon\n|\n|upkeep\n|turn|13\n|\n|t:|1698700264\n|move|p1a: Magnezone|Thunderbolt|p2a: Ursaluna\n|-damage|p2a: Ursaluna|69\/100\n|move|p2a: Ursaluna|Calm Mind|p2a: Ursaluna\n|-boost|p2a: Ursaluna|spa|1\n|-boost|p2a: Ursaluna|spd|1\n|\n|upkeep\n|turn|14\n|\n|t:|1698700268\n|move|p1a: Magnezone|Thunderbolt|p2a: Ursaluna\n|-damage|p2a: Ursaluna|56\/100\n|-status|p2a: Ursaluna|par\n|cant|p2a: Ursaluna|par\n|\n|upkeep\n|turn|15\n|\n|t:|1698700270\n|move|p1a: Magnezone|Thunderbolt|p2a: Ursaluna\n|-damage|p2a: Ursaluna|43\/100 par\n|move|p2a: Ursaluna|Moonlight|p2a: Ursaluna\n|-heal|p2a: Ursaluna|93\/100 par\n|\n|upkeep\n|turn|16\n|\n|t:|1698700272\n|move|p1a: Magnezone|Thunderbolt|p2a: Ursaluna\n|-damage|p2a: Ursaluna|79\/100 par\n|move|p2a: Ursaluna|Earth Power|p1a: Magnezone\n|-supereffective|p1a: Magnezone\n|-damage|p1a: Magnezone|0 fnt\n|faint|p1a: Magnezone\n|\n|upkeep\n|\n|t:|1698700277\n|switch|p1a: Arceus|Arceus-Dragon|100\/100\n|turn|17\n|\n|t:|1698700280\n|move|p1a: Arceus|Earthquake|p2a: Ursaluna\n|-supereffective|p2a: Ursaluna\n|-damage|p2a: Ursaluna|45\/100 par\n|move|p2a: Ursaluna|Blood Moon|p1a: Arceus\n|-damage|p1a: Arceus|0 fnt\n|faint|p1a: Arceus\n|\n|upkeep\n|\n|t:|1698700288\n|switch|p1a: Chi-Yu|Chi-Yu|100\/100\n|-ability|p1a: Chi-Yu|Beads of Ruin\n|turn|18\n|\n|t:|1698700290\n|move|p1a: Chi-Yu|Overheat|p2a: Ursaluna|[miss]\n|-miss|p1a: Chi-Yu|p2a: Ursaluna\n|move|p2a: Ursaluna|Moonlight|p2a: Ursaluna\n|-heal|p2a: Ursaluna|95\/100 par\n|\n|upkeep\n|turn|19\n|c|\u2606TheSilvySilv|sry\n|c|\u2606manwhocouldntcook|bruh\n|-message|manwhocouldntcook forfeited.\n|\n|win|TheSilvySilv\n|l|\u2606manwhocouldntcook\n","uploadtime":1698700303,"views":9,"p1id":"manwhocouldntcook","p2id":"thesilvysilv","formatid":"gen9ubers","rating":0,"private":0,"password":""}