{"id":"gen9ubers-1971483712","p1":"SunShinyReys","p2":"Undead_Redhead","format":"[Gen 9] Ubers","log":"|j|\u2606SunShinyReys\n|j|\u2606Undead_Redhead\n|t:|1697742075\n|gametype|singles\n|player|p1|SunShinyReys|burglar|\n|player|p2|Undead_Redhead|flannery|\n|teamsize|p1|6\n|teamsize|p2|6\n|gen|9\n|tier|[Gen 9] Ubers\n|rule|Sleep Clause Mod: Limit one foe put to sleep\n|rule|Species Clause: Limit one of each Pok\u00e9mon\n|rule|OHKO Clause: OHKO moves are banned\n|rule|Evasion Items Clause: Evasion items are banned\n|rule|Evasion Moves Clause: Evasion moves are banned\n|rule|Endless Battle Clause: Forcing endless battles is banned\n|rule|HP Percentage Mod: HP is shown in percentages\n|clearpoke\n|poke|p1|Gligar, M|\n|poke|p1|Slowking, M|\n|poke|p1|Bellibolt, M|\n|poke|p1|Beartic, M|\n|poke|p1|Kommo-o, F|\n|poke|p1|Chi-Yu|\n|poke|p2|Landorus-Therian, M|\n|poke|p2|Volcanion|\n|poke|p2|Clefable, F|\n|poke|p2|Meowscarada, M|\n|poke|p2|Trevenant, M|\n|poke|p2|Luxray, F|\n|teampreview\n|c|\u2606Undead_Redhead|Everyone here? Do we need to send to everyone?\n|c|\u2606SunShinyReys|There will be a replay available so we don't need people to come in and watch, but we can wait a few minutes if you'd like.\n|c|\u2606Undead_Redhead|I'm good to go if you are :3\n|c|\u2606Undead_Redhead|Good luck~\n|\n|t:|1697742187\n|start\n|switch|p1a: Scorpion King|Gligar, M|100\/100\n|switch|p2a: Landorus|Landorus-Therian, M|100\/100\n|-ability|p2a: Landorus|Intimidate|boost\n|-unboost|p1a: Scorpion King|atk|1\n|turn|1\n|\n|t:|1697742205\n|move|p2a: Landorus|Stealth Rock|p1a: Scorpion King\n|-sidestart|p1: SunShinyReys|move: Stealth Rock\n|move|p1a: Scorpion King|Stealth Rock|p2a: Landorus\n|-sidestart|p2: Undead_Redhead|move: Stealth Rock\n|\n|upkeep\n|turn|2\n|\n|t:|1697742215\n|move|p2a: Landorus|U-turn|p1a: Scorpion King\n|-resisted|p1a: Scorpion King\n|-damage|p1a: Scorpion King|95\/100\n|\n|t:|1697742227\n|switch|p2a: Clefable|Clefable, F|100\/100|[from] U-turn\n|move|p1a: Scorpion King|Toxic|p2a: Clefable\n|-status|p2a: Clefable|tox\n|\n|upkeep\n|turn|3\n|\n|t:|1697742236\n|move|p1a: Scorpion King|Knock Off|p2a: Clefable\n|-resisted|p2a: Clefable\n|-damage|p2a: Clefable|94\/100 tox\n|-enditem|p2a: Clefable|Leftovers|[from] move: Knock Off|[of] p1a: Scorpion King\n|move|p2a: Clefable|Knock Off|p1a: Scorpion King\n|-damage|p1a: Scorpion King|86\/100\n|-enditem|p1a: Scorpion King|Eviolite|[from] move: Knock Off|[of] p2a: Clefable\n|\n|upkeep\n|turn|4\n|\n|t:|1697742246\n|move|p1a: Scorpion King|U-turn|p2a: Clefable\n|-resisted|p2a: Clefable\n|-damage|p2a: Clefable|90\/100 tox\n|\n|t:|1697742259\n|switch|p1a: Belli Boi|Bellibolt, M|100\/100|[from] U-turn\n|-damage|p1a: Belli Boi|88\/100|[from] Stealth Rock\n|move|p2a: Clefable|Moonblast|p1a: Belli Boi\n|-damage|p1a: Belli Boi|60\/100\n|-start|p1a: Belli Boi|Charge|Moonblast|[from] ability: Electromorphosis\n|\n|-heal|p1a: Belli Boi|66\/100|[from] item: Leftovers\n|upkeep\n|turn|5\n|\n|t:|1697742279\n|move|p2a: Clefable|Knock Off|p1a: Belli Boi\n|-damage|p1a: Belli Boi|55\/100\n|-start|p1a: Belli Boi|Charge|Knock Off|[from] ability: Electromorphosis\n|-enditem|p1a: Belli Boi|Leftovers|[from] move: Knock Off|[of] p2a: Clefable\n|move|p1a: Belli Boi|Parabolic Charge|p2a: Clefable\n|-damage|p2a: Clefable|57\/100 tox\n|-heal|p1a: Belli Boi|70\/100|[from] drain|[of] p2a: Clefable\n|-end|p1a: Belli Boi|Charge|[silent]\n|\n|upkeep\n|turn|6\n|\n|t:|1697742292\n|move|p2a: Clefable|Moonblast|p1a: Belli Boi\n|-damage|p1a: Belli Boi|43\/100\n|-start|p1a: Belli Boi|Charge|Moonblast|[from] ability: Electromorphosis\n|move|p1a: Belli Boi|Parabolic Charge|p2a: Clefable\n|-damage|p2a: Clefable|26\/100 tox\n|-heal|p1a: Belli Boi|58\/100|[from] drain|[of] p2a: Clefable\n|-end|p1a: Belli Boi|Charge|[silent]\n|\n|upkeep\n|turn|7\n|\n|t:|1697742302\n|move|p2a: Clefable|Moonlight|p2a: Clefable\n|-heal|p2a: Clefable|76\/100 tox\n|move|p1a: Belli Boi|Parabolic Charge|p2a: Clefable\n|-damage|p2a: Clefable|62\/100 tox\n|-heal|p1a: Belli Boi|64\/100|[from] drain|[of] p2a: Clefable\n|\n|upkeep\n|turn|8\n|\n|t:|1697742310\n|switch|p2a: Landorus|Landorus-Therian, M|100\/100\n|-damage|p2a: Landorus|88\/100|[from] Stealth Rock\n|-ability|p2a: Landorus|Intimidate|boost\n|-unboost|p1a: Belli Boi|atk|1\n|move|p1a: Belli Boi|Slack Off|p1a: Belli Boi\n|-heal|p1a: Belli Boi|100\/100\n|\n|upkeep\n|turn|9\n|\n|t:|1697742332\n|switch|p1a: Scald King|Slowking, M|100\/100\n|move|p2a: Landorus|U-turn|p1a: Scald King\n|-supereffective|p1a: Scald King\n|-damage|p1a: Scald King|57\/100\n|\n|t:|1697742337\n|switch|p2a: Meowscarada|Meowscarada, M|100\/100|[from] U-turn\n|-damage|p2a: Meowscarada|88\/100|[from] Stealth Rock\n|\n|upkeep\n|turn|10\n|\n|t:|1697742391\n|switch|p1a: Belli Boi|Bellibolt, M|100\/100\n|-damage|p1a: Belli Boi|88\/100|[from] Stealth Rock\n|move|p2a: Meowscarada|Flower Trick|p1a: Belli Boi\n|-start|p2a: Meowscarada|typechange|Grass|[from] ability: Protean\n|-crit|p1a: Belli Boi\n|-damage|p1a: Belli Boi|55\/100\n|-start|p1a: Belli Boi|Charge|Flower Trick|[from] ability: Electromorphosis\n|\n|upkeep\n|turn|11\n|\n|t:|1697742410\n|switch|p2a: Landorus|Landorus-Therian, M|88\/100\n|-damage|p2a: Landorus|76\/100|[from] Stealth Rock\n|-ability|p2a: Landorus|Intimidate|boost\n|-unboost|p1a: Belli Boi|atk|1\n|move|p1a: Belli Boi|Parabolic Charge|p2a: Landorus\n|-immune|p2a: Landorus\n|-end|p1a: Belli Boi|Charge|[silent]\n|\n|upkeep\n|turn|12\n|j| IshaNn\n|\n|t:|1697742421\n|switch|p1a: Scald King|Slowking, M|91\/100\n|move|p2a: Landorus|Earthquake|p1a: Scald King\n|-damage|p1a: Scald King|47\/100\n|\n|upkeep\n|turn|13\n|l| IshaNn\n|\n|t:|1697742429\n|move|p2a: Landorus|U-turn|p1a: Scald King\n|-supereffective|p1a: Scald King\n|-damage|p1a: Scald King|5\/100\n|\n|t:|1697742434\n|switch|p2a: Meowscarada|Meowscarada, M|88\/100|[from] U-turn\n|-damage|p2a: Meowscarada|76\/100|[from] Stealth Rock\n|move|p1a: Scald King|Slack Off|p1a: Scald King\n|-heal|p1a: Scald King|55\/100\n|\n|upkeep\n|turn|14\n|\n|t:|1697742449\n|switch|p1a: Scorpion King|Gligar, M|86\/100\n|-damage|p1a: Scorpion King|74\/100|[from] Stealth Rock\n|move|p2a: Meowscarada|Knock Off|p1a: Scorpion King\n|-start|p2a: Meowscarada|typechange|Dark|[from] ability: Protean\n|-damage|p1a: Scorpion King|52\/100\n|\n|upkeep\n|turn|15\n|\n|t:|1697742475\n|switch|p2a: Landorus|Landorus-Therian, M|76\/100\n|-damage|p2a: Landorus|64\/100|[from] Stealth Rock\n|-ability|p2a: Landorus|Intimidate|boost\n|-unboost|p1a: Scorpion King|atk|1\n|move|p1a: Scorpion King|Toxic|p2a: Landorus\n|-status|p2a: Landorus|tox\n|\n|-damage|p2a: Landorus|58\/100 tox|[from] psn\n|upkeep\n|turn|16\n|\n|t:|1697742488\n|move|p2a: Landorus|U-turn|p1a: Scorpion King\n|-resisted|p1a: Scorpion King\n|-crit|p1a: Scorpion King\n|-damage|p1a: Scorpion King|39\/100\n|\n|t:|1697742491\n|switch|p2a: Clefable|Clefable, F|62\/100 tox|[from] U-turn\n|move|p1a: Scorpion King|Knock Off|p2a: Clefable\n|-resisted|p2a: Clefable\n|-damage|p2a: Clefable|57\/100 tox\n|\n|upkeep\n|turn|17\n|j| Yveltql\n|\n|t:|1697742518\n|move|p1a: Scorpion King|U-turn|p2a: Clefable\n|-resisted|p2a: Clefable\n|-damage|p2a: Clefable|53\/100 tox\n|\n|t:|1697742540\n|switch|p1a: Scald King|Slowking, M|88\/100|[from] U-turn\n|move|p2a: Clefable|Moonblast|p1a: Scald King\n|-damage|p1a: Scald King|65\/100\n|-unboost|p1a: Scald King|spa|1\n|\n|upkeep\n|turn|18\n|\n|t:|1697742552\n|move|p2a: Clefable|Knock Off|p1a: Scald King\n|-supereffective|p1a: Scald King\n|-damage|p1a: Scald King|39\/100\n|-enditem|p1a: Scald King|Heavy-Duty Boots|[from] move: Knock Off|[of] p2a: Clefable\n|move|p1a: Scald King|Ice Beam|p2a: Clefable\n|-damage|p2a: Clefable|42\/100 tox\n|\n|upkeep\n|turn|19\n|\n|t:|1697742560\n|move|p2a: Clefable|Moonlight|p2a: Clefable\n|-heal|p2a: Clefable|92\/100 tox\n|move|p1a: Scald King|Chilly Reception|p1a: Scald King\n|-weather|Snow\n|\n|t:|1697742565\n|switch|p1a: Ice Bear|Beartic, M|100\/100|[from] Chilly Reception\n|-damage|p1a: Ice Bear|76\/100|[from] Stealth Rock\n|\n|-weather|Snow|[upkeep]\n|upkeep\n|turn|20\n|\n|t:|1697742577\n|move|p1a: Ice Bear|Swords Dance|p1a: Ice Bear\n|-boost|p1a: Ice Bear|atk|2\n|move|p2a: Clefable|Knock Off|p1a: Ice Bear\n|-damage|p1a: Ice Bear|63\/100\n|-enditem|p1a: Ice Bear|Loaded Dice|[from] move: Knock Off|[of] p2a: Clefable\n|\n|-weather|Snow|[upkeep]\n|upkeep\n|turn|21\n|\n|t:|1697742597\n|move|p1a: Ice Bear|Icicle Spear|p2a: Clefable\n|-damage|p2a: Clefable|62\/100 tox\n|-damage|p2a: Clefable|28\/100 tox\n|-hitcount|p2a: Clefable|2\n|move|p2a: Clefable|Moonblast|p1a: Ice Bear\n|-damage|p1a: Ice Bear|21\/100\n|\n|-weather|Snow|[upkeep]\n|upkeep\n|turn|22\n|\n|t:|1697742609\n|move|p1a: Ice Bear|Icicle Spear|p2a: Clefable\n|-damage|p2a: Clefable|0 fnt\n|faint|p2a: Clefable\n|-hitcount|p2: Clefable|1\n|\n|-weather|Snow|[upkeep]\n|upkeep\n|\n|t:|1697742620\n|switch|p2a: Meowscarada|Meowscarada, M|76\/100\n|-damage|p2a: Meowscarada|64\/100|[from] Stealth Rock\n|turn|23\n|\n|t:|1697742628\n|move|p2a: Meowscarada|Flower Trick|p1a: Ice Bear\n|-start|p2a: Meowscarada|typechange|Grass|[from] ability: Protean\n|-crit|p1a: Ice Bear\n|-damage|p1a: Ice Bear|0 fnt\n|faint|p1a: Ice Bear\n|\n|-weather|none\n|upkeep\n|\n|t:|1697742642\n|switch|p1a: Scorpion King|Gligar, M|39\/100\n|-damage|p1a: Scorpion King|27\/100|[from] Stealth Rock\n|turn|24\n|\n|t:|1697742647\n|move|p2a: Meowscarada|Flower Trick|p1a: Scorpion King\n|-crit|p1a: Scorpion King\n|-damage|p1a: Scorpion King|0 fnt\n|faint|p1a: Scorpion King\n|\n|upkeep\n|\n|t:|1697742667\n|switch|p1a: Ghoti|Chi-Yu|100\/100\n|-damage|p1a: Ghoti|76\/100|[from] Stealth Rock\n|-ability|p1a: Ghoti|Beads of Ruin\n|turn|25\n|\n|t:|1697742703\n|switch|p2a: Landorus|Landorus-Therian, M|58\/100 tox\n|-damage|p2a: Landorus|46\/100 tox|[from] Stealth Rock\n|-ability|p2a: Landorus|Intimidate|boost\n|-unboost|p1a: Ghoti|atk|1\n|move|p1a: Ghoti|Dark Pulse|p2a: Landorus\n|-damage|p2a: Landorus|0 fnt\n|faint|p2a: Landorus\n|\n|upkeep\n|\n|t:|1697742726\n|switch|p2a: Volcanion|Volcanion|100\/100\n|-damage|p2a: Volcanion|76\/100|[from] Stealth Rock\n|turn|26\n|\n|t:|1697742747\n|switch|p1a: Scald King|Slowking, M|72\/100\n|-damage|p1a: Scald King|60\/100|[from] Stealth Rock\n|move|p2a: Volcanion|Steam Eruption|p1a: Scald King\n|-resisted|p1a: Scald King\n|-damage|p1a: Scald King|34\/100\n|-status|p1a: Scald King|brn\n|\n|-damage|p1a: Scald King|28\/100 brn|[from] brn\n|upkeep\n|turn|27\n|\n|t:|1697742773\n|move|p2a: Volcanion|Steam Eruption|p1a: Scald King\n|-resisted|p1a: Scald King\n|-damage|p1a: Scald King|5\/100 brn\n|move|p1a: Scald King|Slack Off|p1a: Scald King\n|-heal|p1a: Scald King|55\/100 brn\n|\n|-damage|p1a: Scald King|49\/100 brn|[from] brn\n|upkeep\n|turn|28\n|\n|t:|1697742783\n|move|p2a: Volcanion|Earth Power|p1a: Scald King\n|-damage|p1a: Scald King|24\/100 brn\n|move|p1a: Scald King|Slack Off|p1a: Scald King\n|-heal|p1a: Scald King|74\/100 brn\n|\n|-damage|p1a: Scald King|68\/100 brn|[from] brn\n|upkeep\n|turn|29\n|\n|t:|1697742795\n|move|p2a: Volcanion|Earth Power|p1a: Scald King\n|-damage|p1a: Scald King|39\/100 brn\n|move|p1a: Scald King|Slack Off|p1a: Scald King\n|-heal|p1a: Scald King|89\/100 brn\n|\n|-damage|p1a: Scald King|83\/100 brn|[from] brn\n|upkeep\n|turn|30\n|\n|t:|1697742816\n|move|p2a: Volcanion|Earth Power|p1a: Scald King\n|-damage|p1a: Scald King|58\/100 brn\n|move|p1a: Scald King|Ice Beam|p2a: Volcanion\n|-resisted|p2a: Volcanion\n|-damage|p2a: Volcanion|72\/100\n|\n|-damage|p1a: Scald King|52\/100 brn|[from] brn\n|upkeep\n|turn|31\n|\n|t:|1697742832\n|move|p2a: Volcanion|Earth Power|p1a: Scald King\n|-damage|p1a: Scald King|24\/100 brn\n|move|p1a: Scald King|Slack Off|p1a: Scald King\n|-heal|p1a: Scald King|74\/100 brn\n|\n|-damage|p1a: Scald King|68\/100 brn|[from] brn\n|upkeep\n|turn|32\n|\n|t:|1697742847\n|move|p2a: Volcanion|Earth Power|p1a: Scald King\n|-damage|p1a: Scald King|41\/100 brn\n|move|p1a: Scald King|Slack Off|p1a: Scald King\n|-heal|p1a: Scald King|91\/100 brn\n|\n|-damage|p1a: Scald King|85\/100 brn|[from] brn\n|upkeep\n|turn|33\n|\n|t:|1697742857\n|move|p2a: Volcanion|Earth Power|p1a: Scald King\n|-damage|p1a: Scald King|58\/100 brn\n|move|p1a: Scald King|Ice Beam|p2a: Volcanion\n|-resisted|p2a: Volcanion\n|-damage|p2a: Volcanion|68\/100\n|\n|-damage|p1a: Scald King|52\/100 brn|[from] brn\n|upkeep\n|turn|34\n|\n|t:|1697742866\n|move|p2a: Volcanion|Earth Power|p1a: Scald King\n|-damage|p1a: Scald King|26\/100 brn\n|move|p1a: Scald King|Slack Off|p1a: Scald King\n|-heal|p1a: Scald King|76\/100 brn\n|\n|-damage|p1a: Scald King|70\/100 brn|[from] brn\n|upkeep\n|turn|35\n|c|\u2606Undead_Redhead|Where SP Def drop\n|\n|t:|1697742883\n|move|p2a: Volcanion|Earth Power|p1a: Scald King\n|-damage|p1a: Scald King|45\/100 brn\n|move|p1a: Scald King|Chilly Reception|p1a: Scald King\n|-weather|Snow\n|\n|t:|1697742890\n|switch|p1a: Eddie the Head|Kommo-o, F|100\/100|[from] Chilly Reception\n|-damage|p1a: Eddie the Head|94\/100|[from] Stealth Rock\n|\n|-weather|Snow|[upkeep]\n|upkeep\n|turn|36\n|\n|t:|1697742935\n|move|p1a: Eddie the Head|Close Combat|p2a: Volcanion\n|-damage|p2a: Volcanion|2\/100\n|-unboost|p1a: Eddie the Head|def|1\n|-unboost|p1a: Eddie the Head|spd|1\n|move|p2a: Volcanion|Steam Eruption|p1a: Eddie the Head\n|-resisted|p1a: Eddie the Head\n|-damage|p1a: Eddie the Head|44\/100\n|\n|-weather|Snow|[upkeep]\n|upkeep\n|turn|37\n|\n|t:|1697742955\n|move|p1a: Eddie the Head|Close Combat|p2a: Volcanion\n|-damage|p2a: Volcanion|0 fnt\n|-unboost|p1a: Eddie the Head|def|1\n|-unboost|p1a: Eddie the Head|spd|1\n|faint|p2a: Volcanion\n|\n|-weather|Snow|[upkeep]\n|upkeep\n|\n|t:|1697742965\n|switch|p2a: Meowscarada|Meowscarada, M|64\/100\n|-damage|p2a: Meowscarada|51\/100|[from] Stealth Rock\n|turn|38\n|\n|t:|1697743049\n|switch|p1a: Belli Boi|Bellibolt, M|55\/100\n|-damage|p1a: Belli Boi|43\/100|[from] Stealth Rock\n|move|p2a: Meowscarada|Play Rough|p1a: Belli Boi|[miss]\n|-start|p2a: Meowscarada|typechange|Fairy|[from] ability: Protean\n|-miss|p2a: Meowscarada|p1a: Belli Boi\n|\n|-weather|Snow|[upkeep]\n|upkeep\n|turn|39\n|\n|t:|1697743065\n|move|p2a: Meowscarada|Play Rough|p1a: Belli Boi\n|-damage|p1a: Belli Boi|15\/100\n|-start|p1a: Belli Boi|Charge|Play Rough|[from] ability: Electromorphosis\n|move|p1a: Belli Boi|Slack Off|p1a: Belli Boi\n|-heal|p1a: Belli Boi|65\/100\n|\n|-weather|none\n|upkeep\n|turn|40\n|\n|t:|1697743087\n|switch|p2a: Luxray|Luxray, F|100\/100\n|-damage|p2a: Luxray|88\/100|[from] Stealth Rock\n|move|p1a: Belli Boi|Slack Off|p1a: Belli Boi\n|-heal|p1a: Belli Boi|100\/100\n|\n|-status|p2a: Luxray|brn|[from] item: Flame Orb\n|upkeep\n|turn|41\n|j| 319phoenix\n|\n|t:|1697743160\n|move|p2a: Luxray|Play Rough|p1a: Belli Boi\n|-damage|p1a: Belli Boi|71\/100\n|-unboost|p1a: Belli Boi|atk|1\n|-start|p1a: Belli Boi|Charge|Play Rough|[from] ability: Electromorphosis\n|move|p1a: Belli Boi|Muddy Water|p2a: Luxray\n|-damage|p2a: Luxray|60\/100 brn\n|-unboost|p2a: Luxray|accuracy|1\n|\n|-damage|p2a: Luxray|54\/100 brn|[from] brn\n|upkeep\n|turn|42\n|\n|t:|1697743182\n|move|p2a: Luxray|Fire Fang|p1a: Belli Boi\n|-damage|p1a: Belli Boi|51\/100\n|-start|p1a: Belli Boi|Charge|Fire Fang|[from] ability: Electromorphosis\n|move|p1a: Belli Boi|Muddy Water|p2a: Luxray\n|-damage|p2a: Luxray|25\/100 brn\n|\n|-damage|p2a: Luxray|19\/100 brn|[from] brn\n|upkeep\n|turn|43\n|\n|t:|1697743195\n|move|p2a: Luxray|Fire Fang|p1a: Belli Boi\n|-damage|p1a: Belli Boi|31\/100\n|-start|p1a: Belli Boi|Charge|Fire Fang|[from] ability: Electromorphosis\n|move|p1a: Belli Boi|Muddy Water|p2a: Luxray\n|-damage|p2a: Luxray|0 fnt\n|faint|p2a: Luxray\n|\n|upkeep\n|\n|t:|1697743204\n|switch|p2a: Trevenant|Trevenant, M|100\/100\n|-damage|p2a: Trevenant|88\/100|[from] Stealth Rock\n|turn|44\n|\n|t:|1697743211\n|move|p2a: Trevenant|Leech Seed|p1a: Belli Boi\n|-start|p1a: Belli Boi|move: Leech Seed\n|move|p1a: Belli Boi|Parabolic Charge|p2a: Trevenant\n|-resisted|p2a: Trevenant\n|-damage|p2a: Trevenant|72\/100\n|-heal|p1a: Belli Boi|38\/100|[from] drain|[of] p2a: Trevenant\n|-end|p1a: Belli Boi|Charge|[silent]\n|\n|-damage|p1a: Belli Boi|26\/100|[from] Leech Seed|[of] p2a: Trevenant\n|-heal|p2a: Trevenant|86\/100|[silent]\n|upkeep\n|turn|45\n|\n|t:|1697743224\n|move|p2a: Trevenant|Substitute|p2a: Trevenant\n|-start|p2a: Trevenant|Substitute\n|-damage|p2a: Trevenant|61\/100\n|move|p1a: Belli Boi|Toxic||[still]\n|-fail|p1a: Belli Boi\n|\n|-damage|p1a: Belli Boi|14\/100|[from] Leech Seed|[of] p2a: Trevenant\n|-heal|p2a: Trevenant|75\/100|[silent]\n|upkeep\n|turn|46\n|\n|t:|1697743374\n|move|p2a: Trevenant|Protect|p2a: Trevenant\n|-singleturn|p2a: Trevenant|Protect\n|move|p1a: Belli Boi|Muddy Water|p2a: Trevenant\n|-activate|p2a: Trevenant|move: Protect\n|\n|-damage|p1a: Belli Boi|1\/100|[from] Leech Seed|[of] p2a: Trevenant\n|-heal|p2a: Trevenant|89\/100|[silent]\n|upkeep\n|turn|47\n|\n|t:|1697743389\n|move|p2a: Trevenant|Horn Leech|p1a: Belli Boi\n|-damage|p1a: Belli Boi|0 fnt\n|-heal|p2a: Trevenant|89\/100|[from] drain|[of] p1a: Belli Boi\n|faint|p1a: Belli Boi\n|\n|upkeep\n|\n|t:|1697743418\n|switch|p1a: Eddie the Head|Kommo-o, F|44\/100\n|-damage|p1a: Eddie the Head|38\/100|[from] Stealth Rock\n|turn|48\n|\n|t:|1697743432\n|move|p1a: Eddie the Head|Ice Punch|p2a: Trevenant\n|-supereffective|p2a: Trevenant\n|-end|p2a: Trevenant|Substitute\n|move|p2a: Trevenant|Leech Seed|p1a: Eddie the Head\n|-start|p1a: Eddie the Head|move: Leech Seed\n|\n|-damage|p1a: Eddie the Head|25\/100|[from] Leech Seed|[of] p2a: Trevenant\n|-heal|p2a: Trevenant|99\/100|[silent]\n|upkeep\n|turn|49\n|\n|t:|1697743448\n|-terastallize|p2a: Trevenant|Water\n|move|p2a: Trevenant|Protect|p2a: Trevenant\n|-singleturn|p2a: Trevenant|Protect\n|move|p1a: Eddie the Head|Ice Punch|p2a: Trevenant\n|-activate|p2a: Trevenant|move: Protect\n|\n|-damage|p1a: Eddie the Head|13\/100|[from] Leech Seed|[of] p2a: Trevenant\n|-heal|p2a: Trevenant|100\/100|[silent]\n|upkeep\n|turn|50\n|\n|t:|1697743515\n|move|p1a: Eddie the Head|Ice Punch|p2a: Trevenant\n|-resisted|p2a: Trevenant\n|-damage|p2a: Trevenant|81\/100\n|move|p2a: Trevenant|Substitute|p2a: Trevenant\n|-start|p2a: Trevenant|Substitute\n|-damage|p2a: Trevenant|56\/100\n|\n|-damage|p1a: Eddie the Head|0 fnt|[from] Leech Seed|[of] p2a: Trevenant\n|-heal|p2a: Trevenant|66\/100|[silent]\n|faint|p1a: Eddie the Head\n|upkeep\n|\n|t:|1697743546\n|switch|p1a: Ghoti|Chi-Yu|76\/100\n|-damage|p1a: Ghoti|51\/100|[from] Stealth Rock\n|-ability|p1a: Ghoti|Beads of Ruin\n|turn|51\n|\n|t:|1697743559\n|move|p1a: Ghoti|Dark Pulse|p2a: Trevenant\n|-end|p2a: Trevenant|Substitute\n|move|p2a: Trevenant|Leech Seed|p1a: Ghoti\n|-start|p1a: Ghoti|move: Leech Seed\n|\n|-damage|p1a: Ghoti|38\/100|[from] Leech Seed|[of] p2a: Trevenant\n|-heal|p2a: Trevenant|75\/100|[silent]\n|upkeep\n|turn|52\n|\n|t:|1697743568\n|move|p2a: Trevenant|Protect|p2a: Trevenant\n|-singleturn|p2a: Trevenant|Protect\n|move|p1a: Ghoti|Dark Pulse|p2a: Trevenant\n|-activate|p2a: Trevenant|move: Protect\n|\n|-damage|p1a: Ghoti|26\/100|[from] Leech Seed|[of] p2a: Trevenant\n|-heal|p2a: Trevenant|84\/100|[silent]\n|upkeep\n|turn|53\n|\n|t:|1697743580\n|move|p1a: Ghoti|Dark Pulse|p2a: Trevenant\n|-damage|p2a: Trevenant|41\/100\n|-enditem|p2a: Trevenant|Sitrus Berry|[eat]\n|-heal|p2a: Trevenant|66\/100|[from] item: Sitrus Berry\n|move|p2a: Trevenant|Horn Leech|p1a: Ghoti\n|-resisted|p1a: Ghoti\n|-damage|p1a: Ghoti|3\/100\n|-heal|p2a: Trevenant|74\/100|[from] drain|[of] p1a: Ghoti\n|\n|-damage|p1a: Ghoti|0 fnt|[from] Leech Seed|[of] p2a: Trevenant\n|-heal|p2a: Trevenant|76\/100|[silent]\n|faint|p1a: Ghoti\n|-item|p2a: Trevenant|Sitrus Berry|[from] ability: Harvest\n|upkeep\n|\n|t:|1697743593\n|switch|p1a: Scald King|Slowking, M|79\/100 brn\n|-damage|p1a: Scald King|66\/100 brn|[from] Stealth Rock\n|turn|54\n|\n|t:|1697743600\n|move|p2a: Trevenant|Leech Seed|p1a: Scald King\n|-start|p1a: Scald King|move: Leech Seed\n|move|p1a: Scald King|Scald|p2a: Trevenant\n|-resisted|p2a: Trevenant\n|-damage|p2a: Trevenant|65\/100\n|\n|-damage|p1a: Scald King|54\/100 brn|[from] Leech Seed|[of] p2a: Trevenant\n|-heal|p2a: Trevenant|78\/100|[silent]\n|-damage|p1a: Scald King|48\/100 brn|[from] brn\n|upkeep\n|turn|55\n|\n|t:|1697743610\n|move|p2a: Trevenant|Horn Leech|p1a: Scald King\n|-supereffective|p1a: Scald King\n|-damage|p1a: Scald King|0 fnt\n|-heal|p2a: Trevenant|100\/100|[from] drain|[of] p1a: Scald King\n|faint|p1a: Scald King\n|\n|win|Undead_Redhead\n|c|\u2606SunShinyReys|gg\n|c|\u2606Undead_Redhead|GG <3\n","uploadtime":1697743621,"views":49,"p1id":"sunshinyreys","p2id":"undeadredhead","formatid":"gen9ubers","rating":0,"private":0,"password":""}