{"id":"gen9ubers-1978076918","p1":"Imagineagiantduck","p2":"Zappytappy","format":"[Gen 9] Ubers","log":"|j|\u2606Imagineagiantduck\n|j|\u2606Zappytappy\n|t:|1698495864\n|gametype|singles\n|player|p1|Imagineagiantduck|265|1102\n|player|p2|Zappytappy|169|1060\n|teamsize|p1|6\n|teamsize|p2|6\n|gen|9\n|tier|[Gen 9] Ubers\n|rated|\n|rule|Sleep Clause Mod: Limit one foe put to sleep\n|rule|Species Clause: Limit one of each Pok\u00e9mon\n|rule|OHKO Clause: OHKO moves are banned\n|rule|Evasion Items Clause: Evasion items are banned\n|rule|Evasion Moves Clause: Evasion moves are banned\n|rule|Endless Battle Clause: Forcing endless battles is banned\n|rule|HP Percentage Mod: HP is shown in percentages\n|clearpoke\n|poke|p1|Ogerpon-Cornerstone, F|\n|poke|p1|Houndstone, F|\n|poke|p1|Hippowdon, M|\n|poke|p1|Corviknight, F|\n|poke|p1|Empoleon, M|\n|poke|p1|Gastrodon, M|\n|poke|p2|Arceus-Fairy|\n|poke|p2|Zacian-*|\n|poke|p2|Miraidon|\n|poke|p2|Annihilape, F|\n|poke|p2|Kingambit, M|\n|poke|p2|Dragapult, F|\n|teampreview\n|\n|t:|1698495870\n|start\n|switch|p1a: Hippowdon|Hippowdon, M|100\/100\n|switch|p2a: Dragapult|Dragapult, F|100\/100\n|-weather|Sandstorm|[from] ability: Sand Stream|[of] p1a: Hippowdon\n|turn|1\n|\n|t:|1698495880\n|move|p2a: Dragapult|Shadow Ball|p1a: Hippowdon\n|-damage|p1a: Hippowdon|68\/100\n|move|p1a: Hippowdon|Yawn|p2a: Dragapult\n|-start|p2a: Dragapult|move: Yawn|[of] p1a: Hippowdon\n|\n|-weather|Sandstorm|[upkeep]\n|-damage|p2a: Dragapult|95\/100|[from] Sandstorm\n|upkeep\n|turn|2\n|\n|t:|1698495894\n|switch|p2a: Arceus|Arceus-Fairy|100\/100\n|switch|p1a: Empoleon|Empoleon, M, shiny|100\/100\n|\n|-weather|Sandstorm|[upkeep]\n|-damage|p2a: Arceus|94\/100|[from] Sandstorm\n|upkeep\n|turn|3\n|\n|t:|1698495902\n|switch|p2a: Annihilape|Annihilape, F|100\/100\n|move|p1a: Empoleon|Stealth Rock|p2a: Annihilape\n|-sidestart|p2: Zappytappy|move: Stealth Rock\n|\n|-weather|Sandstorm|[upkeep]\n|-damage|p2a: Annihilape|94\/100|[from] Sandstorm\n|upkeep\n|turn|4\n|\n|t:|1698495910\n|switch|p1a: Corviknight|Corviknight, F, shiny|100\/100\n|move|p2a: Annihilape|Rage Fist|p1a: Corviknight\n|-damage|p1a: Corviknight|82\/100\n|\n|-weather|Sandstorm|[upkeep]\n|-damage|p2a: Annihilape|88\/100|[from] Sandstorm\n|-heal|p1a: Corviknight|88\/100|[from] item: Leftovers\n|upkeep\n|turn|5\n|\n|t:|1698495923\n|-terastallize|p2a: Annihilape|Fighting\n|move|p2a: Annihilape|Close Combat|p1a: Corviknight\n|-damage|p1a: Corviknight|34\/100\n|-unboost|p2a: Annihilape|def|1\n|-unboost|p2a: Annihilape|spd|1\n|move|p1a: Corviknight|Iron Defense|p1a: Corviknight\n|-boost|p1a: Corviknight|def|2\n|\n|-weather|Sandstorm|[upkeep]\n|-damage|p2a: Annihilape|82\/100|[from] Sandstorm\n|-heal|p1a: Corviknight|41\/100|[from] item: Leftovers\n|upkeep\n|turn|6\n|\n|t:|1698495944\n|move|p2a: Annihilape|Close Combat|p1a: Corviknight\n|-damage|p1a: Corviknight|13\/100\n|-unboost|p2a: Annihilape|def|1\n|-unboost|p2a: Annihilape|spd|1\n|move|p1a: Corviknight|Brave Bird|p2a: Annihilape\n|-supereffective|p2a: Annihilape\n|-damage|p2a: Annihilape|0 fnt\n|faint|p2a: Annihilape\n|-damage|p1a: Corviknight|0 fnt|[from] Recoil\n|faint|p1a: Corviknight\n|\n|-weather|Sandstorm|[upkeep]\n|upkeep\n|\n|t:|1698495958\n|switch|p2a: Arceus|Arceus-Fairy|94\/100\n|switch|p1a: Gastrodon|Gastrodon, M|100\/100\n|-damage|p2a: Arceus|82\/100|[from] Stealth Rock\n|turn|7\n|\n|t:|1698495964\n|move|p2a: Arceus|Future Sight|p1a: Gastrodon\n|-start|p2a: Arceus|move: Future Sight\n|move|p1a: Gastrodon|Weather Ball|p2a: Arceus\n|-damage|p2a: Arceus|61\/100\n|\n|-weather|Sandstorm|[upkeep]\n|-damage|p2a: Arceus|55\/100|[from] Sandstorm\n|upkeep\n|turn|8\n|\n|t:|1698495972\n|move|p2a: Arceus|Judgment|p1a: Gastrodon\n|-damage|p1a: Gastrodon|40\/100\n|move|p1a: Gastrodon|Earth Power|p2a: Arceus\n|-damage|p2a: Arceus|29\/100\n|\n|-weather|none\n|-heal|p1a: Gastrodon|46\/100|[from] item: Leftovers\n|upkeep\n|turn|9\n|\n|t:|1698495980\n|switch|p1a: Hippowdon|Hippowdon, M|68\/100\n|-weather|Sandstorm|[from] ability: Sand Stream|[of] p1a: Hippowdon\n|move|p2a: Arceus|Judgment|p1a: Hippowdon\n|-damage|p1a: Hippowdon|9\/100\n|\n|-weather|Sandstorm|[upkeep]\n|-damage|p2a: Arceus|23\/100|[from] Sandstorm\n|-end|p1a: Hippowdon|move: Future Sight\n|-damage|p1a: Hippowdon|0 fnt\n|faint|p1a: Hippowdon\n|upkeep\n|\n|t:|1698495989\n|switch|p1a: Ogerpon|Ogerpon-Cornerstone, F|100\/100\n|turn|10\n|\n|t:|1698495995\n|move|p1a: Ogerpon|Ivy Cudgel|p2a: Arceus\n|-damage|p2a: Arceus|0 fnt\n|faint|p2a: Arceus\n|\n|-weather|Sandstorm|[upkeep]\n|upkeep\n|\n|t:|1698496002\n|switch|p2a: Zacian|Zacian-Crowned|100\/100\n|-damage|p2a: Zacian|94\/100|[from] Stealth Rock\n|-ability|p2a: Zacian|Intrepid Sword|boost\n|-boost|p2a: Zacian|atk|1\n|turn|11\n|\n|t:|1698496009\n|move|p1a: Ogerpon|Stomping Tantrum|p2a: Zacian\n|-supereffective|p2a: Zacian\n|-damage|p2a: Zacian|40\/100\n|move|p2a: Zacian|Behemoth Blade|p1a: Ogerpon\n|-supereffective|p1a: Ogerpon\n|-ability|p1a: Ogerpon|Sturdy\n|-damage|p1a: Ogerpon|1\/100\n|\n|-weather|Sandstorm|[upkeep]\n|upkeep\n|turn|12\n|\n|t:|1698496019\n|move|p1a: Ogerpon|Stomping Tantrum|p2a: Zacian\n|-supereffective|p2a: Zacian\n|-damage|p2a: Zacian|0 fnt\n|faint|p2a: Zacian\n|\n|-weather|Sandstorm|[upkeep]\n|upkeep\n|\n|t:|1698496024\n|switch|p2a: Miraidon|Miraidon|100\/100\n|-damage|p2a: Miraidon|88\/100|[from] Stealth Rock\n|-fieldstart|move: Electric Terrain|[from] ability: Hadron Engine|[of] p2a: Miraidon\n|turn|13\n|\n|t:|1698496030\n|switch|p1a: Gastrodon|Gastrodon, M|46\/100\n|move|p2a: Miraidon|Thunderbolt|p1a: Gastrodon\n|-immune|p1a: Gastrodon\n|\n|-weather|Sandstorm|[upkeep]\n|-damage|p2a: Miraidon|82\/100|[from] Sandstorm\n|-heal|p2a: Miraidon|88\/100|[from] item: Leftovers\n|-heal|p1a: Gastrodon|52\/100|[from] item: Leftovers\n|upkeep\n|turn|14\n|\n|t:|1698496042\n|move|p2a: Miraidon|Dazzling Gleam|p1a: Gastrodon\n|-damage|p1a: Gastrodon|17\/100\n|move|p1a: Gastrodon|Earth Power|p2a: Miraidon\n|-supereffective|p2a: Miraidon\n|-damage|p2a: Miraidon|27\/100\n|\n|-weather|Sandstorm|[upkeep]\n|-damage|p2a: Miraidon|21\/100|[from] Sandstorm\n|-heal|p2a: Miraidon|27\/100|[from] item: Leftovers\n|-heal|p1a: Gastrodon|23\/100|[from] item: Leftovers\n|upkeep\n|turn|15\n|\n|t:|1698496061\n|switch|p1a: Empoleon|Empoleon, M, shiny|100\/100\n|move|p2a: Miraidon|Dazzling Gleam|p1a: Empoleon\n|-resisted|p1a: Empoleon\n|-damage|p1a: Empoleon|88\/100\n|\n|-weather|Sandstorm|[upkeep]\n|-damage|p2a: Miraidon|21\/100|[from] Sandstorm\n|-heal|p2a: Miraidon|27\/100|[from] item: Leftovers\n|-heal|p1a: Empoleon|95\/100|[from] item: Leftovers\n|upkeep\n|turn|16\n|\n|t:|1698496071\n|move|p2a: Miraidon|Electro Drift|p1a: Empoleon\n|-supereffective|p1a: Empoleon\n|-damage|p1a: Empoleon|0 fnt\n|faint|p1a: Empoleon\n|\n|-weather|none\n|-heal|p2a: Miraidon|33\/100|[from] item: Leftovers\n|upkeep\n|\n|t:|1698496077\n|switch|p1a: Houndstone|Houndstone, F, shiny|100\/100\n|turn|17\n|\n|t:|1698496081\n|move|p1a: Houndstone|Shadow Sneak|p2a: Miraidon\n|-damage|p2a: Miraidon|7\/100\n|move|p2a: Miraidon|Dazzling Gleam|p1a: Houndstone\n|-damage|p1a: Houndstone|51\/100\n|\n|-heal|p2a: Miraidon|13\/100|[from] item: Leftovers\n|-fieldend|move: Electric Terrain\n|upkeep\n|turn|18\n|\n|t:|1698496089\n|move|p1a: Houndstone|Shadow Sneak|p2a: Miraidon\n|-damage|p2a: Miraidon|0 fnt\n|faint|p2a: Miraidon\n|\n|upkeep\n|\n|t:|1698496093\n|switch|p2a: Dragapult|Dragapult, F|95\/100\n|turn|19\n|\n|t:|1698496099\n|move|p1a: Houndstone|Shadow Sneak|p2a: Dragapult\n|-supereffective|p2a: Dragapult\n|-damage|p2a: Dragapult|31\/100\n|move|p2a: Dragapult|Shadow Ball|p1a: Houndstone\n|-supereffective|p1a: Houndstone\n|-damage|p1a: Houndstone|0 fnt\n|faint|p1a: Houndstone\n|\n|upkeep\n|\n|t:|1698496124\n|switch|p1a: Gastrodon|Gastrodon, M|23\/100\n|turn|20\n|\n|t:|1698496128\n|move|p2a: Dragapult|Outrage|p1a: Gastrodon\n|-damage|p1a: Gastrodon|0 fnt\n|faint|p1a: Gastrodon\n|\n|upkeep\n|\n|t:|1698496130\n|switch|p1a: Ogerpon|Ogerpon-Cornerstone, F|1\/100\n|turn|21\n|\n|t:|1698496134\n|move|p1a: Ogerpon|Stomping Tantrum|p2a: Dragapult\n|-damage|p2a: Dragapult|0 fnt\n|faint|p2a: Dragapult\n|\n|upkeep\n|\n|t:|1698496138\n|switch|p2a: Kingambit|Kingambit, M|100\/100\n|-damage|p2a: Kingambit|94\/100|[from] Stealth Rock\n|-activate|p2a: Kingambit|ability: Supreme Overlord\n|-start|p2a: Kingambit|fallen5|[silent]\n|turn|22\n|c|\u2606Imagineagiantduck|Oh\n|\n|t:|1698496147\n|move|p2a: Kingambit|Protect|p2a: Kingambit\n|-singleturn|p2a: Kingambit|Protect\n|move|p1a: Ogerpon|Swords Dance|p1a: Ogerpon\n|-boost|p1a: Ogerpon|atk|2\n|\n|-heal|p2a: Kingambit|100\/100|[from] item: Leftovers\n|upkeep\n|turn|23\n|\n|t:|1698496157\n|move|p1a: Ogerpon|Stomping Tantrum|p2a: Kingambit\n|-supereffective|p2a: Kingambit\n|-damage|p2a: Kingambit|0 fnt\n|faint|p2a: Kingambit\n|-end|p2a: Kingambit|fallen5|[silent]\n|\n|win|Imagineagiantduck\n|raw|Imagineagiantduck's rating: 1102 &rarr; <strong>1124<\/strong><br \/>(+22 for winning)\n|raw|Zappytappy's rating: 1060 &rarr; <strong>1043<\/strong><br \/>(-17 for losing)\n|l|\u2606Zappytappy\n|c|\u2606Imagineagiantduck|How did i win\n","uploadtime":1698496171,"views":10,"p1id":"imagineagiantduck","p2id":"zappytappy","formatid":"gen9ubers","rating":1043,"private":0,"password":""}