{"id":"gen9ubers-1997681278","p1":"Autismo27","p2":"EpicRainRayman","format":"[Gen 9] Ubers","log":"|j|\u2606Autismo27\n|j|\u2606EpicRainRayman\n|t:|1700841157\n|gametype|singles\n|player|p1|Autismo27|benga|1043\n|player|p2|EpicRainRayman|unknown|1023\n|teamsize|p1|6\n|teamsize|p2|6\n|gen|9\n|tier|[Gen 9] Ubers\n|rated|\n|rule|Sleep Clause Mod: Limit one foe put to sleep\n|rule|Species Clause: Limit one of each Pok\u00e9mon\n|rule|OHKO Clause: OHKO moves are banned\n|rule|Evasion Items Clause: Evasion items are banned\n|rule|Evasion Moves Clause: Evasion moves are banned\n|rule|Endless Battle Clause: Forcing endless battles is banned\n|rule|HP Percentage Mod: HP is shown in percentages\n|clearpoke\n|poke|p1|Tyranitar, F|\n|poke|p1|Kommo-o, F|\n|poke|p1|Lycanroc, F|\n|poke|p1|Ogerpon-Hearthflame, F|\n|poke|p1|Kingambit, F|\n|poke|p1|Baxcalibur, F|\n|poke|p2|Empoleon, F|\n|poke|p2|Gliscor, F|\n|poke|p2|Ribombee, M|\n|poke|p2|Chandelure, M|\n|poke|p2|Ursaluna-Bloodmoon, M|\n|poke|p2|Baxcalibur, F|\n|teampreview\n|inactive|Battle timer is ON: inactive players will automatically lose when time's up. (requested by EpicRainRayman)\n|\n|t:|1700841162\n|start\n|switch|p1a: Tyranitar|Tyranitar, F|100\/100\n|switch|p2a: Empoleon|Empoleon, F|100\/100\n|-weather|Sandstorm|[from] ability: Sand Stream|[of] p1a: Tyranitar\n|turn|1\n|\n|t:|1700841171\n|move|p1a: Tyranitar|Earthquake|p2a: Empoleon\n|-supereffective|p2a: Empoleon\n|-damage|p2a: Empoleon|15\/100\n|move|p2a: Empoleon|Substitute|p2a: Empoleon\n|-fail|p2a: Empoleon|move: Substitute|[weak]\n|\n|-weather|Sandstorm|[upkeep]\n|upkeep\n|turn|2\n|\n|t:|1700841179\n|move|p1a: Tyranitar|Knock Off|p2a: Empoleon\n|-damage|p2a: Empoleon|0 fnt\n|-enditem|p2a: Empoleon|Heavy-Duty Boots|[from] move: Knock Off|[of] p1a: Tyranitar\n|faint|p2a: Empoleon\n|\n|-weather|Sandstorm|[upkeep]\n|upkeep\n|\n|t:|1700841185\n|switch|p2a: Gliscor|Gliscor, F|100\/100\n|turn|3\n|\n|t:|1700841192\n|move|p2a: Gliscor|Swords Dance|p2a: Gliscor\n|-boost|p2a: Gliscor|atk|2\n|move|p1a: Tyranitar|Ice Punch|p2a: Gliscor\n|-supereffective|p2a: Gliscor\n|-damage|p2a: Gliscor|0 fnt\n|faint|p2a: Gliscor\n|\n|-weather|Sandstorm|[upkeep]\n|upkeep\n|\n|t:|1700841200\n|switch|p2a: Baxcalibur|Baxcalibur, F|100\/100\n|turn|4\n|\n|t:|1700841203\n|move|p2a: Baxcalibur|Snowscape|p2a: Baxcalibur\n|-weather|Snow\n|move|p1a: Tyranitar|Dragon Tail|p2a: Baxcalibur\n|-supereffective|p2a: Baxcalibur\n|-damage|p2a: Baxcalibur|70\/100\n|-damage|p1a: Tyranitar|84\/100|[from] item: Rocky Helmet|[of] p2a: Baxcalibur\n|drag|p2a: Chandelure|Chandelure, M|100\/100\n|\n|-weather|Snow|[upkeep]\n|upkeep\n|turn|5\n|\n|t:|1700841215\n|switch|p2a: Baxcalibur|Baxcalibur, F|70\/100\n|move|p1a: Tyranitar|Earthquake|p2a: Baxcalibur\n|-damage|p2a: Baxcalibur|45\/100\n|\n|-weather|Snow|[upkeep]\n|-heal|p2a: Baxcalibur|51\/100|[from] ability: Ice Body\n|upkeep\n|turn|6\n|\n|t:|1700841223\n|move|p2a: Baxcalibur|Avalanche|p1a: Tyranitar\n|-damage|p1a: Tyranitar|52\/100\n|move|p1a: Tyranitar|Dragon Tail|p2a: Baxcalibur\n|-supereffective|p2a: Baxcalibur\n|-damage|p2a: Baxcalibur|20\/100\n|-damage|p1a: Tyranitar|36\/100|[from] item: Rocky Helmet|[of] p2a: Baxcalibur\n|drag|p2a: Chandelure|Chandelure, M|100\/100\n|\n|-weather|Snow|[upkeep]\n|upkeep\n|turn|7\n|\n|t:|1700841232\n|switch|p2a: Baxcalibur|Baxcalibur, F|20\/100\n|move|p1a: Tyranitar|Dragon Tail|p2a: Baxcalibur\n|-supereffective|p2a: Baxcalibur\n|-damage|p2a: Baxcalibur|0 fnt\n|-damage|p1a: Tyranitar|19\/100|[from] item: Rocky Helmet|[of] p2a: Baxcalibur\n|-enditem|p1a: Tyranitar|Aguav Berry|[eat]\n|-heal|p1a: Tyranitar|52\/100|[from] item: Aguav Berry\n|faint|p2a: Baxcalibur\n|\n|-weather|Snow|[upkeep]\n|upkeep\n|\n|t:|1700841241\n|switch|p2a: Ribombee|Ribombee, M|100\/100\n|turn|8\n|\n|t:|1700841248\n|move|p2a: Ribombee|Sticky Web|p1a: Tyranitar\n|-sidestart|p1: Autismo27|move: Sticky Web\n|move|p1a: Tyranitar|Ice Punch|p2a: Ribombee\n|-damage|p2a: Ribombee|56\/100\n|\n|-weather|none\n|upkeep\n|turn|9\n|\n|t:|1700841256\n|move|p2a: Ribombee|Skill Swap|p1a: Tyranitar\n|-activate|p2a: Ribombee|move: Skill Swap|Sand Stream|Honey Gather|[of] p1a: Tyranitar\n|-weather|Sandstorm|[from] ability: Sand Stream|[of] p2a: Ribombee\n|move|p1a: Tyranitar|Earthquake|p2a: Ribombee\n|-resisted|p2a: Ribombee\n|-damage|p2a: Ribombee|26\/100\n|\n|-weather|Sandstorm|[upkeep]\n|-damage|p2a: Ribombee|19\/100|[from] Sandstorm\n|upkeep\n|turn|10\n|\n|t:|1700841270\n|move|p2a: Ribombee|Protect|p2a: Ribombee\n|-singleturn|p2a: Ribombee|Protect\n|move|p1a: Tyranitar|Knock Off|p2a: Ribombee\n|-activate|p2a: Ribombee|move: Protect\n|\n|-weather|Sandstorm|[upkeep]\n|-damage|p2a: Ribombee|13\/100|[from] Sandstorm\n|upkeep\n|turn|11\n|\n|t:|1700841276\n|move|p2a: Ribombee|Protect||[still]\n|-fail|p2a: Ribombee\n|move|p1a: Tyranitar|Knock Off|p2a: Ribombee\n|-resisted|p2a: Ribombee\n|-damage|p2a: Ribombee|0 fnt\n|-enditem|p2a: Ribombee|Focus Sash|[from] move: Knock Off|[of] p1a: Tyranitar\n|faint|p2a: Ribombee\n|\n|-weather|Sandstorm|[upkeep]\n|upkeep\n|\n|t:|1700841283\n|switch|p2a: Ursaluna|Ursaluna-Bloodmoon, M|100\/100\n|turn|12\n|\n|t:|1700841290\n|move|p1a: Tyranitar|Knock Off|p2a: Ursaluna\n|-damage|p2a: Ursaluna|63\/100\n|-enditem|p2a: Ursaluna|Blunder Policy|[from] move: Knock Off|[of] p1a: Tyranitar\n|move|p2a: Ursaluna|Trailblaze|p1a: Tyranitar\n|-supereffective|p1a: Tyranitar\n|-damage|p1a: Tyranitar|33\/100\n|-boost|p2a: Ursaluna|spe|1\n|\n|-weather|Sandstorm|[upkeep]\n|upkeep\n|turn|13\n|\n|t:|1700841300\n|move|p2a: Ursaluna|Trailblaze|p1a: Tyranitar\n|-supereffective|p1a: Tyranitar\n|-damage|p1a: Tyranitar|13\/100\n|-boost|p2a: Ursaluna|spe|1\n|move|p1a: Tyranitar|Ice Punch|p2a: Ursaluna\n|-supereffective|p2a: Ursaluna\n|-damage|p2a: Ursaluna|23\/100\n|-status|p2a: Ursaluna|frz\n|\n|-weather|none\n|upkeep\n|turn|14\n|\n|t:|1700841310\n|-curestatus|p2a: Ursaluna|frz|[msg]\n|move|p2a: Ursaluna|Trailblaze|p1a: Tyranitar\n|-supereffective|p1a: Tyranitar\n|-damage|p1a: Tyranitar|0 fnt\n|-boost|p2a: Ursaluna|spe|1\n|faint|p1a: Tyranitar\n|\n|upkeep\n|\n|t:|1700841317\n|switch|p1a: Kingambit|Kingambit, F|100\/100\n|-activate|p1a: Kingambit|move: Sticky Web\n|-unboost|p1a: Kingambit|spe|1\n|-activate|p1a: Kingambit|ability: Supreme Overlord\n|-start|p1a: Kingambit|fallen1|[silent]\n|turn|15\n|\n|t:|1700841330\n|move|p1a: Kingambit|Sucker Punch|p2a: Ursaluna\n|-damage|p2a: Ursaluna|0 fnt\n|faint|p2a: Ursaluna\n|\n|upkeep\n|\n|t:|1700841334\n|switch|p2a: Chandelure|Chandelure, M|100\/100\n|turn|16\n|\n|t:|1700841337\n|move|p1a: Kingambit|Sucker Punch||[still]\n|-fail|p1a: Kingambit\n|move|p2a: Chandelure|Confuse Ray|p1a: Kingambit\n|-start|p1a: Kingambit|confusion\n|\n|upkeep\n|turn|17\n|\n|t:|1700841342\n|-activate|p1a: Kingambit|confusion\n|-damage|p1a: Kingambit|89\/100|[from] confusion\n|move|p2a: Chandelure|Will-O-Wisp|p1a: Kingambit\n|-status|p1a: Kingambit|brn\n|\n|-damage|p1a: Kingambit|82\/100 brn|[from] brn\n|upkeep\n|turn|18\n|\n|t:|1700841352\n|-activate|p1a: Kingambit|confusion\n|move|p1a: Kingambit|Sucker Punch|p2a: Chandelure\n|-supereffective|p2a: Chandelure\n|-damage|p2a: Chandelure|0 fnt\n|faint|p2a: Chandelure\n|\n|win|Autismo27\n|raw|Autismo27's rating: 1043 &rarr; <strong>1075<\/strong><br \/>(+32 for winning)\n|raw|EpicRainRayman's rating: 1023 &rarr; <strong>1010<\/strong><br \/>(-13 for losing)\n|l|\u2606EpicRainRayman\n","uploadtime":1700841358,"views":2,"p1id":"autismo27","p2id":"epicrainrayman","formatid":"gen9ubers","rating":1010,"private":0,"password":""}