{"id":"gen9ubers-1989327841","p1":"NightKing642","p2":"BrunoMobBoss","format":"[Gen 9] Ubers","log":"|j|\u2606NightKing642\n|j|\u2606BrunoMobBoss\n|t:|1699836856\n|gametype|singles\n|player|p1|NightKing642|dragontamer|1048\n|player|p2|BrunoMobBoss|266|1073\n|teamsize|p1|6\n|teamsize|p2|6\n|gen|9\n|tier|[Gen 9] Ubers\n|rated|\n|rule|Sleep Clause Mod: Limit one foe put to sleep\n|rule|Species Clause: Limit one of each Pok\u00e9mon\n|rule|OHKO Clause: OHKO moves are banned\n|rule|Evasion Items Clause: Evasion items are banned\n|rule|Evasion Moves Clause: Evasion moves are banned\n|rule|Endless Battle Clause: Forcing endless battles is banned\n|rule|HP Percentage Mod: HP is shown in percentages\n|clearpoke\n|poke|p1|Cinderace, F|\n|poke|p1|Gyarados, F|\n|poke|p1|Roaring Moon|\n|poke|p1|Garchomp, M|\n|poke|p1|Tinkaton, F|\n|poke|p1|Bronzong|\n|poke|p2|Volcarona, M|\n|poke|p2|Palafin, M|\n|poke|p2|Breloom, F|\n|poke|p2|Cetitan, F|\n|poke|p2|Corviknight, F|\n|poke|p2|Flutter Mane|\n|teampreview\n|\n|t:|1699836871\n|start\n|switch|p1a: Cinderace|Cinderace, F|100\/100\n|switch|p2a: Palafin|Palafin, M|100\/100\n|turn|1\n|\n|t:|1699836878\n|move|p1a: Cinderace|U-turn|p2a: Palafin\n|-start|p1a: Cinderace|typechange|Bug|[from] ability: Libero\n|-damage|p2a: Palafin|58\/100\n|\n|t:|1699836885\n|switch|p1a: Bronzong|Bronzong|100\/100|[from] U-turn\n|move|p2a: Palafin|Flip Turn|p1a: Bronzong\n|-damage|p1a: Bronzong|82\/100\n|\n|t:|1699836892\n|detailschange|p2a: Palafin|Palafin-Hero, M\n|switch|p2a: Volcarona|Volcarona, M|100\/100|[from] Flip Turn\n|\n|-heal|p1a: Bronzong|89\/100|[from] item: Leftovers\n|upkeep\n|turn|2\n|\n|t:|1699836898\n|switch|p1a: Gyarados|Gyarados, F|100\/100\n|-ability|p1a: Gyarados|Intimidate|boost\n|-unboost|p2a: Volcarona|atk|1\n|move|p2a: Volcarona|Quiver Dance|p2a: Volcarona\n|-boost|p2a: Volcarona|spa|1\n|-boost|p2a: Volcarona|spd|1\n|-boost|p2a: Volcarona|spe|1\n|\n|upkeep\n|turn|3\n|\n|t:|1699836908\n|-terastallize|p2a: Volcarona|Grass\n|move|p2a: Volcarona|Giga Drain|p1a: Gyarados\n|-damage|p1a: Gyarados|33\/100\n|move|p1a: Gyarados|Waterfall|p2a: Volcarona\n|-resisted|p2a: Volcarona\n|-damage|p2a: Volcarona|66\/100\n|\n|-heal|p1a: Gyarados|39\/100|[from] item: Leftovers\n|upkeep\n|turn|4\n|\n|t:|1699836925\n|move|p2a: Volcarona|Giga Drain|p1a: Gyarados\n|-damage|p1a: Gyarados|0 fnt\n|-heal|p2a: Volcarona|87\/100|[from] drain|[of] p1a: Gyarados\n|faint|p1a: Gyarados\n|\n|upkeep\n|\n|t:|1699836932\n|switch|p1a: Cinderace|Cinderace, F|100\/100\n|turn|5\n|\n|t:|1699836941\n|move|p2a: Volcarona|Bug Buzz|p1a: Cinderace\n|-resisted|p1a: Cinderace\n|-damage|p1a: Cinderace|51\/100\n|move|p1a: Cinderace|Gunk Shot|p2a: Volcarona\n|-start|p1a: Cinderace|typechange|Poison|[from] ability: Libero\n|-supereffective|p2a: Volcarona\n|-damage|p2a: Volcarona|0 fnt\n|faint|p2a: Volcarona\n|\n|upkeep\n|\n|t:|1699836953\n|switch|p2a: Corviknight|Corviknight, F|100\/100\n|turn|6\n|\n|t:|1699836962\n|move|p1a: Cinderace|Pyro Ball|p2a: Corviknight\n|-supereffective|p2a: Corviknight\n|-damage|p2a: Corviknight|47\/100\n|move|p2a: Corviknight|Brave Bird|p1a: Cinderace\n|-damage|p1a: Cinderace|0 fnt\n|faint|p1a: Cinderace\n|-damage|p2a: Corviknight|31\/100|[from] Recoil\n|-heal|p2a: Corviknight|37\/100|[from] item: Shell Bell|[of] p1: Cinderace\n|\n|upkeep\n|\n|t:|1699836972\n|switch|p1a: Bronzong|Bronzong|89\/100\n|turn|7\n|\n|t:|1699836978\n|move|p2a: Corviknight|Iron Defense|p2a: Corviknight\n|-boost|p2a: Corviknight|def|2\n|move|p1a: Bronzong|Psychic|p2a: Corviknight\n|-resisted|p2a: Corviknight\n|-damage|p2a: Corviknight|22\/100\n|\n|-heal|p1a: Bronzong|95\/100|[from] item: Leftovers\n|upkeep\n|turn|8\n|\n|t:|1699836989\n|move|p2a: Corviknight|Body Press|p1a: Bronzong\n|-damage|p1a: Bronzong|48\/100\n|-heal|p2a: Corviknight|28\/100|[from] item: Shell Bell|[of] p1a: Bronzong\n|move|p1a: Bronzong|Psychic|p2a: Corviknight\n|-resisted|p2a: Corviknight\n|-damage|p2a: Corviknight|13\/100\n|\n|-heal|p1a: Bronzong|55\/100|[from] item: Leftovers\n|upkeep\n|turn|9\n|\n|t:|1699836998\n|move|p2a: Corviknight|Body Press|p1a: Bronzong\n|-damage|p1a: Bronzong|10\/100\n|-heal|p2a: Corviknight|19\/100|[from] item: Shell Bell|[of] p1a: Bronzong\n|move|p1a: Bronzong|Body Press|p2a: Corviknight\n|-damage|p2a: Corviknight|11\/100\n|\n|-heal|p1a: Bronzong|16\/100|[from] item: Leftovers\n|upkeep\n|turn|10\n|\n|t:|1699837013\n|move|p2a: Corviknight|Body Press|p1a: Bronzong\n|-damage|p1a: Bronzong|0 fnt\n|faint|p1a: Bronzong\n|-heal|p2a: Corviknight|13\/100|[from] item: Shell Bell|[of] p1: Bronzong\n|\n|upkeep\n|\n|t:|1699837019\n|switch|p1a: Roaring Moon|Roaring Moon|100\/100\n|-enditem|p1a: Roaring Moon|Booster Energy\n|-activate|p1a: Roaring Moon|ability: Protosynthesis|[fromitem]\n|-start|p1a: Roaring Moon|protosynthesisatk\n|turn|11\n|\n|t:|1699837030\n|move|p1a: Roaring Moon|Dragon Dance|p1a: Roaring Moon\n|-boost|p1a: Roaring Moon|atk|1\n|-boost|p1a: Roaring Moon|spe|1\n|move|p2a: Corviknight|Body Press|p1a: Roaring Moon\n|-supereffective|p1a: Roaring Moon\n|-damage|p1a: Roaring Moon|0 fnt\n|faint|p1a: Roaring Moon\n|-end|p1a: Roaring Moon|Protosynthesis|[silent]\n|-heal|p2a: Corviknight|26\/100|[from] item: Shell Bell|[of] p1: Roaring Moon\n|\n|upkeep\n|\n|t:|1699837039\n|switch|p1a: Garchomp|Garchomp, M|100\/100\n|turn|12\n|\n|t:|1699837045\n|move|p1a: Garchomp|Fire Fang|p2a: Corviknight\n|-supereffective|p2a: Corviknight\n|-damage|p2a: Corviknight|10\/100\n|move|p2a: Corviknight|Body Press|p1a: Garchomp\n|-damage|p1a: Garchomp|51\/100\n|-damage|p2a: Corviknight|0 fnt|[from] ability: Rough Skin|[of] p1a: Garchomp\n|faint|p2a: Corviknight\n|\n|upkeep\n|\n|t:|1699837054\n|switch|p2a: Cetitan|Cetitan, F|100\/100\n|turn|13\n|\n|t:|1699837060\n|switch|p1a: Tinkaton|Tinkaton, F|100\/100\n|-ability|p1a: Tinkaton|Mold Breaker\n|move|p2a: Cetitan|Earthquake|p1a: Tinkaton\n|-supereffective|p1a: Tinkaton\n|-damage|p1a: Tinkaton|46\/100\n|\n|upkeep\n|turn|14\n|\n|t:|1699837069\n|move|p1a: Tinkaton|Gigaton Hammer|p2a: Cetitan\n|-supereffective|p2a: Cetitan\n|-damage|p2a: Cetitan|2\/100\n|move|p2a: Cetitan|Earthquake|p1a: Tinkaton\n|-supereffective|p1a: Tinkaton\n|-damage|p1a: Tinkaton|0 fnt\n|faint|p1a: Tinkaton\n|\n|-heal|p2a: Cetitan|8\/100|[from] item: Leftovers\n|upkeep\n|\n|t:|1699837078\n|switch|p1a: Garchomp|Garchomp, M|51\/100\n|turn|15\n|\n|t:|1699837081\n|move|p1a: Garchomp|Fire Fang|p2a: Cetitan\n|-supereffective|p2a: Cetitan\n|-damage|p2a: Cetitan|0 fnt\n|faint|p2a: Cetitan\n|\n|upkeep\n|\n|t:|1699837090\n|switch|p2a: Flutter Mane|Flutter Mane|100\/100\n|-enditem|p2a: Flutter Mane|Booster Energy\n|-activate|p2a: Flutter Mane|ability: Protosynthesis|[fromitem]\n|-start|p2a: Flutter Mane|protosynthesisspa\n|turn|16\n|\n|t:|1699837098\n|move|p2a: Flutter Mane|Moonblast|p1a: Garchomp\n|-supereffective|p1a: Garchomp\n|-damage|p1a: Garchomp|0 fnt\n|faint|p1a: Garchomp\n|\n|win|BrunoMobBoss\n|raw|NightKing642's rating: 1048 &rarr; <strong>1032<\/strong><br \/>(-16 for losing)\n|raw|BrunoMobBoss's rating: 1073 &rarr; <strong>1100<\/strong><br \/>(+27 for winning)\n|l|\u2606NightKing642\n","uploadtime":1699837105,"views":23,"p1id":"nightking642","p2id":"brunomobboss","formatid":"gen9ubers","rating":1032,"private":0,"password":""}