{"id":"gen9ubers-1994412475","p1":"YoungEsq","p2":"ShadowScythe420","format":"[Gen 9] Ubers","log":"|j|\u2606YoungEsq\n|j|\u2606ShadowScythe420\n|t:|1700441030\n|gametype|singles\n|player|p1|YoungEsq|102|1206\n|player|p2|ShadowScythe420|dragontamer|1077\n|teamsize|p1|6\n|teamsize|p2|6\n|gen|9\n|tier|[Gen 9] Ubers\n|rated|\n|rule|Sleep Clause Mod: Limit one foe put to sleep\n|rule|Species Clause: Limit one of each Pok\u00e9mon\n|rule|OHKO Clause: OHKO moves are banned\n|rule|Evasion Items Clause: Evasion items are banned\n|rule|Evasion Moves Clause: Evasion moves are banned\n|rule|Endless Battle Clause: Forcing endless battles is banned\n|rule|HP Percentage Mod: HP is shown in percentages\n|clearpoke\n|poke|p1|Ting-Lu|\n|poke|p1|Gholdengo|\n|poke|p1|Roaring Moon|\n|poke|p1|Chi-Yu|\n|poke|p1|Samurott-Hisui, F|\n|poke|p1|Mandibuzz, F|\n|poke|p2|Iron Moth|\n|poke|p2|Ribombee, F|\n|poke|p2|Gliscor, M|\n|poke|p2|Kyogre|\n|poke|p2|Espathra, F|\n|poke|p2|Iron Treads|\n|teampreview\n|inactive|Battle timer is ON: inactive players will automatically lose when time's up. (requested by YoungEsq)\n|\n|t:|1700441051\n|start\n|switch|p1a: Ting-Lu|Ting-Lu|100\/100\n|switch|p2a: Ribombee|Ribombee, F|100\/100\n|-ability|p1a: Ting-Lu|Vessel of Ruin\n|turn|1\n|\n|t:|1700441061\n|move|p2a: Ribombee|Stun Spore|p1a: Ting-Lu\n|-status|p1a: Ting-Lu|par\n|move|p1a: Ting-Lu|Stealth Rock|p2a: Ribombee\n|-sidestart|p2: ShadowScythe420|move: Stealth Rock\n|\n|upkeep\n|turn|2\n|\n|t:|1700441067\n|move|p2a: Ribombee|Sticky Web|p1a: Ting-Lu\n|-sidestart|p1: YoungEsq|move: Sticky Web\n|move|p1a: Ting-Lu|Whirlwind|p2a: Ribombee\n|drag|p2a: Kyogre|Kyogre|100\/100\n|-damage|p2a: Kyogre|88\/100|[from] Stealth Rock\n|-weather|RainDance|[from] ability: Drizzle|[of] p2a: Kyogre\n|\n|-weather|RainDance|[upkeep]\n|upkeep\n|turn|3\n|\n|t:|1700441075\n|switch|p1a: Mandibuzz|Mandibuzz, F|100\/100\n|move|p2a: Kyogre|Origin Pulse|p1a: Mandibuzz|[miss]\n|-miss|p2a: Kyogre|p1a: Mandibuzz\n|\n|-weather|RainDance|[upkeep]\n|upkeep\n|turn|4\n|\n|t:|1700441081\n|-terastallize|p1a: Mandibuzz|Grass\n|move|p2a: Kyogre|Origin Pulse|p1a: Mandibuzz\n|-resisted|p1a: Mandibuzz\n|-damage|p1a: Mandibuzz|72\/100\n|move|p1a: Mandibuzz|Defog|p2a: Kyogre\n|-unboost|p2a: Kyogre|evasion|1\n|-sideend|p2: ShadowScythe420|Stealth Rock|[from] move: Defog|[of] p1a: Mandibuzz\n|-sideend|p1: YoungEsq|Sticky Web|[from] move: Defog|[of] p1a: Mandibuzz\n|\n|-weather|RainDance|[upkeep]\n|upkeep\n|turn|5\n|\n|t:|1700441091\n|switch|p2a: Iron Moth|Iron Moth|100\/100\n|-enditem|p2a: Iron Moth|Booster Energy\n|-activate|p2a: Iron Moth|ability: Quark Drive|[fromitem]\n|-start|p2a: Iron Moth|quarkdrivespa\n|switch|p1a: Samurott|Samurott-Hisui, F|100\/100\n|\n|-weather|RainDance|[upkeep]\n|upkeep\n|turn|6\n|\n|t:|1700441104\n|-terastallize|p2a: Iron Moth|Ghost\n|move|p2a: Iron Moth|Sludge Wave|p1a: Samurott\n|-damage|p1a: Samurott|26\/100\n|move|p1a: Samurott|Ceaseless Edge|p2a: Iron Moth\n|-supereffective|p2a: Iron Moth\n|-damage|p2a: Iron Moth|0 fnt\n|-sidestart|p2: ShadowScythe420|Spikes\n|faint|p2a: Iron Moth\n|-end|p2a: Iron Moth|Quark Drive|[silent]\n|\n|-weather|none\n|upkeep\n|\n|t:|1700441116\n|switch|p2a: Iron Treads|Iron Treads|100\/100\n|-damage|p2a: Iron Treads|88\/100|[from] Spikes\n|-enditem|p2a: Iron Treads|Booster Energy\n|-activate|p2a: Iron Treads|ability: Quark Drive|[fromitem]\n|-start|p2a: Iron Treads|quarkdrivespe\n|turn|7\n|\n|t:|1700441125\n|move|p2a: Iron Treads|Rapid Spin|p1a: Samurott\n|-damage|p1a: Samurott|9\/100\n|-boost|p2a: Iron Treads|spe|1\n|-sideend|p2: ShadowScythe420|Spikes|[from] move: Rapid Spin|[of] p2a: Iron Treads\n|move|p1a: Samurott|Razor Shell|p2a: Iron Treads\n|-supereffective|p2a: Iron Treads\n|-damage|p2a: Iron Treads|0 fnt\n|faint|p2a: Iron Treads\n|-end|p2a: Iron Treads|Quark Drive|[silent]\n|\n|upkeep\n|\n|t:|1700441133\n|switch|p2a: Ribombee|Ribombee, F|100\/100\n|turn|8\n|\n|t:|1700441139\n|move|p2a: Ribombee|Moonblast|p1a: Samurott\n|-supereffective|p1a: Samurott\n|-enditem|p1a: Samurott|Roseli Berry|[eat]\n|-enditem|p1a: Samurott|Roseli Berry|[weaken]\n|-damage|p1a: Samurott|0 fnt\n|faint|p1a: Samurott\n|\n|upkeep\n|\n|t:|1700441151\n|switch|p1a: Chi-Yu|Chi-Yu|100\/100\n|-ability|p1a: Chi-Yu|Beads of Ruin\n|turn|9\n|\n|t:|1700441156\n|move|p1a: Chi-Yu|Flamethrower|p2a: Ribombee\n|-supereffective|p2a: Ribombee\n|-enditem|p2a: Ribombee|Focus Sash\n|-damage|p2a: Ribombee|1\/100\n|move|p2a: Ribombee|Stun Spore|p1a: Chi-Yu\n|-status|p1a: Chi-Yu|par\n|\n|upkeep\n|turn|10\n|\n|t:|1700441162\n|move|p2a: Ribombee|Sticky Web|p1a: Chi-Yu\n|-sidestart|p1: YoungEsq|move: Sticky Web\n|move|p1a: Chi-Yu|Flamethrower|p2a: Ribombee\n|-supereffective|p2a: Ribombee\n|-damage|p2a: Ribombee|0 fnt\n|faint|p2a: Ribombee\n|\n|upkeep\n|\n|t:|1700441171\n|switch|p2a: Espathra|Espathra, F|100\/100\n|turn|11\n|\n|t:|1700441179\n|switch|p1a: Mandibuzz|Mandibuzz, F, tera:Grass|72\/100\n|move|p2a: Espathra|Calm Mind|p2a: Espathra\n|-boost|p2a: Espathra|spa|1\n|-boost|p2a: Espathra|spd|1\n|\n|-ability|p2a: Espathra|Speed Boost|boost\n|-boost|p2a: Espathra|spe|1\n|upkeep\n|turn|12\n|\n|t:|1700441183\n|move|p2a: Espathra|Calm Mind|p2a: Espathra\n|-boost|p2a: Espathra|spa|1\n|-boost|p2a: Espathra|spd|1\n|move|p1a: Mandibuzz|Defog|p2a: Espathra\n|-unboost|p2a: Espathra|evasion|1\n|-sideend|p1: YoungEsq|Sticky Web|[from] move: Defog|[of] p1a: Mandibuzz\n|\n|-ability|p2a: Espathra|Speed Boost|boost\n|-boost|p2a: Espathra|spe|1\n|upkeep\n|turn|13\n|\n|t:|1700441194\n|move|p2a: Espathra|Stored Power|p1a: Mandibuzz\n|-damage|p1a: Mandibuzz|0 fnt\n|faint|p1a: Mandibuzz\n|\n|-ability|p2a: Espathra|Speed Boost|boost\n|-boost|p2a: Espathra|spe|1\n|upkeep\n|\n|t:|1700441199\n|switch|p1a: Ting-Lu|Ting-Lu|100\/100 par\n|-ability|p1a: Ting-Lu|Vessel of Ruin\n|turn|14\n|\n|t:|1700441201\n|move|p2a: Espathra|Dazzling Gleam|p1a: Ting-Lu\n|-supereffective|p1a: Ting-Lu\n|-damage|p1a: Ting-Lu|58\/100 par\n|cant|p1a: Ting-Lu|par\n|\n|-heal|p1a: Ting-Lu|64\/100 par|[from] item: Leftovers\n|-ability|p2a: Espathra|Speed Boost|boost\n|-boost|p2a: Espathra|spe|1\n|upkeep\n|turn|15\n|\n|t:|1700441216\n|move|p2a: Espathra|Protect|p2a: Espathra\n|-singleturn|p2a: Espathra|Protect\n|move|p1a: Ting-Lu|Whirlwind|p2a: Espathra\n|drag|p2a: Kyogre|Kyogre|88\/100\n|-weather|RainDance|[from] ability: Drizzle|[of] p2a: Kyogre\n|\n|-weather|RainDance|[upkeep]\n|-heal|p1a: Ting-Lu|71\/100 par|[from] item: Leftovers\n|upkeep\n|turn|16\n|\n|t:|1700441228\n|move|p2a: Kyogre|Ice Beam|p1a: Ting-Lu\n|-supereffective|p1a: Ting-Lu\n|-damage|p1a: Ting-Lu|44\/100 par\n|move|p1a: Ting-Lu|Stealth Rock|p2a: Kyogre\n|-sidestart|p2: ShadowScythe420|move: Stealth Rock\n|\n|-weather|RainDance|[upkeep]\n|-heal|p1a: Ting-Lu|50\/100 par|[from] item: Leftovers\n|upkeep\n|turn|17\n|\n|t:|1700441233\n|move|p2a: Kyogre|Ice Beam|p1a: Ting-Lu\n|-supereffective|p1a: Ting-Lu\n|-damage|p1a: Ting-Lu|20\/100 par\n|cant|p1a: Ting-Lu|par\n|\n|-weather|RainDance|[upkeep]\n|-heal|p1a: Ting-Lu|27\/100 par|[from] item: Leftovers\n|upkeep\n|turn|18\n|\n|t:|1700441237\n|move|p2a: Kyogre|Ice Beam|p1a: Ting-Lu\n|-supereffective|p1a: Ting-Lu\n|-damage|p1a: Ting-Lu|0 fnt\n|faint|p1a: Ting-Lu\n|\n|-weather|RainDance|[upkeep]\n|upkeep\n|\n|t:|1700441260\n|switch|p1a: Chi-Yu|Chi-Yu|100\/100 par\n|-ability|p1a: Chi-Yu|Beads of Ruin\n|turn|19\n|inactive|ShadowScythe420 has 120 seconds left.\n|\n|t:|1700441303\n|switch|p2a: Gliscor|Gliscor, M|100\/100\n|-damage|p2a: Gliscor|88\/100|[from] Stealth Rock\n|move|p1a: Chi-Yu|Dark Pulse|p2a: Gliscor\n|-damage|p2a: Gliscor|19\/100\n|\n|-weather|none\n|-status|p2a: Gliscor|tox|[from] item: Toxic Orb\n|upkeep\n|turn|20\n|\n|t:|1700441315\n|move|p2a: Gliscor|Protect|p2a: Gliscor\n|-singleturn|p2a: Gliscor|Protect\n|cant|p1a: Chi-Yu|par\n|\n|-heal|p2a: Gliscor|32\/100 tox|[from] ability: Poison Heal\n|upkeep\n|turn|21\n|\n|t:|1700441319\n|move|p1a: Chi-Yu|Dark Pulse|p2a: Gliscor\n|-damage|p2a: Gliscor|0 fnt\n|faint|p2a: Gliscor\n|\n|upkeep\n|inactive|ShadowScythe420 has 120 seconds left.\n|\n|t:|1700441335\n|switch|p2a: Kyogre|Kyogre|88\/100\n|-damage|p2a: Kyogre|76\/100|[from] Stealth Rock\n|-weather|RainDance|[from] ability: Drizzle|[of] p2a: Kyogre\n|turn|22\n|\n|t:|1700441346\n|switch|p1a: Gholdengo|Gholdengo|100\/100\n|-item|p1a: Gholdengo|Air Balloon\n|move|p2a: Kyogre|Origin Pulse|p1a: Gholdengo\n|-damage|p1a: Gholdengo|0 fnt\n|-enditem|p1a: Gholdengo|Air Balloon\n|faint|p1a: Gholdengo\n|\n|-weather|RainDance|[upkeep]\n|upkeep\n|\n|t:|1700441355\n|switch|p1a: Roaring Moon|Roaring Moon|100\/100\n|-enditem|p1a: Roaring Moon|Booster Energy\n|-activate|p1a: Roaring Moon|ability: Protosynthesis|[fromitem]\n|-start|p1a: Roaring Moon|protosynthesisatk\n|turn|23\n|inactive|ShadowScythe420 has 120 seconds left.\n|\n|t:|1700441379\n|move|p2a: Kyogre|Origin Pulse|p1a: Roaring Moon|[miss]\n|-miss|p2a: Kyogre|p1a: Roaring Moon\n|move|p1a: Roaring Moon|Dragon Dance|p1a: Roaring Moon\n|-boost|p1a: Roaring Moon|atk|1\n|-boost|p1a: Roaring Moon|spe|1\n|\n|-weather|RainDance|[upkeep]\n|upkeep\n|turn|24\n|l|\u2606ShadowScythe420\n|inactive|ShadowScythe420 disconnected and has a minute to reconnect!\n|player|p2|\n|\n|t:|1700441403\n|move|p1a: Roaring Moon|Dragon Claw|p2a: Kyogre\n|-damage|p2a: Kyogre|0 fnt\n|faint|p2a: Kyogre\n|\n|-weather|RainDance|[upkeep]\n|upkeep\n|inactive|ShadowScythe420 has 30 seconds to reconnect!\n|inactive|ShadowScythe420 has 20 seconds to reconnect!\n|inactive|ShadowScythe420 has 15 seconds to reconnect!\n|inactive|ShadowScythe420 has 10 seconds to reconnect!\n|inactive|ShadowScythe420 has 5 seconds to reconnect!\n|-message|ShadowScythe420 lost due to inactivity.\n|\n|win|YoungEsq\n|raw|YoungEsq's rating: 1206 &rarr; <strong>1222<\/strong><br \/>(+16 for winning)\n|raw|ShadowScythe420's rating: 1077 &rarr; <strong>1063<\/strong><br \/>(-14 for losing)\n","uploadtime":1700441483,"views":10,"p1id":"youngesq","p2id":"shadowscythe420","formatid":"gen9ubers","rating":1063,"private":0,"password":""}