{"id":"gen9ubers-1990588528","p1":"AlicieLizzie","p2":"wyvernl0rd","format":"[Gen 9] Ubers","log":"|j|\u2606AlicieLizzie\n|j|\u2606wyvernl0rd\n|t:|1699983764\n|gametype|singles\n|player|p1|AlicieLizzie|marnie-masters3|\n|player|p2|wyvernl0rd|winona|\n|teamsize|p1|6\n|teamsize|p2|6\n|gen|9\n|tier|[Gen 9] Ubers\n|rule|Sleep Clause Mod: Limit one foe put to sleep\n|rule|Species Clause: Limit one of each Pok\u00e9mon\n|rule|OHKO Clause: OHKO moves are banned\n|rule|Evasion Items Clause: Evasion items are banned\n|rule|Evasion Moves Clause: Evasion moves are banned\n|rule|Endless Battle Clause: Forcing endless battles is banned\n|rule|HP Percentage Mod: HP is shown in percentages\n|clearpoke\n|poke|p1|Jirachi|\n|poke|p1|Arceus-Fire|\n|poke|p1|Kommo-o, M|\n|poke|p1|Cyclizar, F|\n|poke|p1|Ursaluna, F|\n|poke|p1|Gholdengo|\n|poke|p2|Indeedee, M|\n|poke|p2|Armarouge, M|\n|poke|p2|Sneasler, M|\n|poke|p2|Magearna|\n|poke|p2|Cyclizar, F|\n|poke|p2|Arceus-Poison|\n|teampreview\n|inactive|Battle timer is ON: inactive players will automatically lose when time's up. (requested by AlicieLizzie)\n|c|\u2606wyvernl0rd|glhf\n|\n|t:|1699983790\n|start\n|switch|p1a: Round and Round|Cyclizar, F|100\/100\n|switch|p2a: Magearna|Magearna|100\/100\n|turn|1\n|\n|t:|1699983798\n|move|p1a: Round and Round|Shed Tail|p1a: Round and Round\n|-start|p1a: Round and Round|Substitute|[from] move: Shed Tail\n|-damage|p1a: Round and Round|50\/100\n|\n|t:|1699983802\n|switch|p1a: Jump in the Fire|Arceus-Fire|100\/100|[from] Shed Tail\n|move|p2a: Magearna|Fleur Cannon|p1a: Jump in the Fire\n|-resisted|p1a: Jump in the Fire\n|-crit|p1a: Jump in the Fire\n|-end|p1a: Jump in the Fire|Substitute\n|-unboost|p2a: Magearna|spa|2\n|\n|upkeep\n|turn|2\n|\n|t:|1699983814\n|switch|p2a: Armarouge|Armarouge, M|100\/100\n|move|p1a: Jump in the Fire|Swords Dance|p1a: Jump in the Fire\n|-boost|p1a: Jump in the Fire|atk|2\n|\n|upkeep\n|turn|3\n|\n|t:|1699983834\n|-terastallize|p1a: Jump in the Fire|Normal\n|move|p1a: Jump in the Fire|Extreme Speed|p2a: Armarouge\n|-damage|p2a: Armarouge|12\/100\n|move|p2a: Armarouge|Expanding Force|p1a: Jump in the Fire\n|-damage|p1a: Jump in the Fire|70\/100\n|\n|upkeep\n|turn|4\n|\n|t:|1699983842\n|switch|p2a: Indeedee|Indeedee, M|100\/100\n|-fieldstart|move: Psychic Terrain|[from] ability: Psychic Surge|[of] p2a: Indeedee\n|move|p1a: Jump in the Fire|Swords Dance|p1a: Jump in the Fire\n|-boost|p1a: Jump in the Fire|atk|2\n|\n|upkeep\n|turn|5\n|\n|t:|1699983847\n|move|p2a: Indeedee|Encore|p1a: Jump in the Fire\n|-start|p1a: Jump in the Fire|Encore\n|move|p1a: Jump in the Fire|Swords Dance|p1a: Jump in the Fire\n|-boost|p1a: Jump in the Fire|atk|2\n|\n|upkeep\n|turn|6\n|\n|t:|1699983855\n|move|p2a: Indeedee|Healing Wish|p2a: Indeedee\n|faint|p2a: Indeedee\n|move|p1a: Jump in the Fire|Swords Dance|p1a: Jump in the Fire\n|-boost|p1a: Jump in the Fire|atk|0\n|\n|upkeep\n|\n|t:|1699983858\n|switch|p2a: Armarouge|Armarouge, M|12\/100\n|-heal|p2a: Armarouge|100\/100|[from] move: Healing Wish\n|turn|7\n|\n|t:|1699983862\n|switch|p1a: Round and Round|Cyclizar, F|84\/100\n|-terastallize|p2a: Armarouge|Psychic\n|move|p2a: Armarouge|Expanding Force|p1a: Round and Round\n|-damage|p1a: Round and Round|0 fnt\n|faint|p1a: Round and Round\n|\n|upkeep\n|\n|t:|1699983866\n|switch|p1a: Money|Gholdengo|100\/100\n|turn|8\n|\n|t:|1699983873\n|switch|p2a: Magearna|Magearna|100\/100\n|move|p1a: Money|Shadow Ball|p2a: Magearna\n|-damage|p2a: Magearna|74\/100\n|\n|-heal|p2a: Magearna|80\/100|[from] item: Leftovers\n|upkeep\n|turn|9\n|\n|t:|1699983886\n|move|p1a: Money|Shadow Ball|p2a: Magearna\n|-damage|p2a: Magearna|54\/100\n|move|p2a: Magearna|Spikes|p1a: Money\n|-sidestart|p1: AlicieLizzie|Spikes\n|\n|-heal|p2a: Magearna|60\/100|[from] item: Leftovers\n|upkeep\n|turn|10\n|\n|t:|1699983894\n|switch|p2a: Cyclizar|Cyclizar, F|100\/100\n|move|p1a: Money|Shadow Ball|p2a: Cyclizar\n|-immune|p2a: Cyclizar\n|\n|upkeep\n|turn|11\n|\n|t:|1699983900\n|switch|p1a: Iron (Head) Man|Jirachi|100\/100\n|-damage|p1a: Iron (Head) Man|88\/100|[from] Spikes\n|move|p2a: Cyclizar|Shed Tail|p2a: Cyclizar\n|-start|p2a: Cyclizar|Substitute|[from] move: Shed Tail\n|-damage|p2a: Cyclizar|50\/100\n|\n|t:|1699983908\n|switch|p2a: Arceus|Arceus-Poison|100\/100|[from] Shed Tail\n|\n|-fieldend|move: Psychic Terrain\n|upkeep\n|turn|12\n|\n|t:|1699983926\n|move|p1a: Iron (Head) Man|Iron Head|p2a: Arceus\n|-end|p2a: Arceus|Substitute\n|move|p2a: Arceus|Calm Mind|p2a: Arceus\n|-boost|p2a: Arceus|spa|1\n|-boost|p2a: Arceus|spd|1\n|\n|upkeep\n|turn|13\n|\n|t:|1699983932\n|move|p1a: Iron (Head) Man|Iron Head|p2a: Arceus\n|-damage|p2a: Arceus|79\/100\n|cant|p2a: Arceus|flinch\n|\n|upkeep\n|turn|14\n|\n|t:|1699983937\n|switch|p2a: Armarouge|Armarouge, M, tera:Psychic|100\/100\n|move|p1a: Iron (Head) Man|Iron Head|p2a: Armarouge\n|-damage|p2a: Armarouge|60\/100\n|\n|upkeep\n|turn|15\n|\n|t:|1699983943\n|move|p1a: Iron (Head) Man|Iron Head|p2a: Armarouge\n|-damage|p2a: Armarouge|22\/100\n|cant|p2a: Armarouge|flinch\n|\n|upkeep\n|turn|16\n|\n|t:|1699983947\n|switch|p2a: Magearna|Magearna|60\/100\n|move|p1a: Iron (Head) Man|Iron Head|p2a: Magearna\n|-damage|p2a: Magearna|32\/100\n|\n|-heal|p2a: Magearna|38\/100|[from] item: Leftovers\n|upkeep\n|turn|17\n|\n|t:|1699983952\n|move|p1a: Iron (Head) Man|Iron Head|p2a: Magearna\n|-damage|p2a: Magearna|9\/100\n|move|p2a: Magearna|Thunder Wave|p1a: Iron (Head) Man\n|-status|p1a: Iron (Head) Man|par\n|\n|-heal|p2a: Magearna|15\/100|[from] item: Leftovers\n|upkeep\n|turn|18\n|\n|t:|1699983957\n|cant|p1a: Iron (Head) Man|par\n|move|p2a: Magearna|Volt Switch|p1a: Iron (Head) Man\n|-damage|p1a: Iron (Head) Man|68\/100 par\n|\n|t:|1699983961\n|switch|p2a: Armarouge|Armarouge, M, tera:Psychic|22\/100|[from] Volt Switch\n|\n|upkeep\n|turn|19\n|\n|t:|1699983965\n|switch|p1a: Shiroyama|Kommo-o, M|100\/100\n|-damage|p1a: Shiroyama|88\/100|[from] Spikes\n|move|p2a: Armarouge|Armor Cannon|p1a: Shiroyama\n|-resisted|p1a: Shiroyama\n|-damage|p1a: Shiroyama|52\/100\n|-unboost|p2a: Armarouge|def|1\n|-unboost|p2a: Armarouge|spd|1\n|\n|upkeep\n|turn|20\n|\n|t:|1699983971\n|move|p2a: Armarouge|Armor Cannon|p1a: Shiroyama\n|-resisted|p1a: Shiroyama\n|-damage|p1a: Shiroyama|17\/100\n|-unboost|p2a: Armarouge|def|1\n|-unboost|p2a: Armarouge|spd|1\n|move|p1a: Shiroyama|Boomburst|p2a: Armarouge\n|-damage|p2a: Armarouge|0 fnt\n|faint|p2a: Armarouge\n|-enditem|p1a: Shiroyama|Throat Spray\n|-boost|p1a: Shiroyama|spa|1|[from] item: Throat Spray\n|\n|upkeep\n|\n|t:|1699983980\n|switch|p2a: Cyclizar|Cyclizar, F|84\/100\n|turn|21\n|\n|t:|1699983983\n|move|p2a: Cyclizar|Shed Tail|p2a: Cyclizar\n|-start|p2a: Cyclizar|Substitute|[from] move: Shed Tail\n|-damage|p2a: Cyclizar|33\/100\n|\n|t:|1699983988\n|switch|p2a: Arceus|Arceus-Poison|79\/100|[from] Shed Tail\n|move|p1a: Shiroyama|Boomburst|p2a: Arceus\n|-damage|p2a: Arceus|40\/100\n|\n|upkeep\n|turn|22\n|\n|t:|1699983995\n|move|p2a: Arceus|Earth Power|p1a: Shiroyama\n|-damage|p1a: Shiroyama|0 fnt\n|faint|p1a: Shiroyama\n|\n|upkeep\n|\n|t:|1699984000\n|switch|p1a: WelcomeToTheJungle|Ursaluna, F|100\/100\n|-damage|p1a: WelcomeToTheJungle|88\/100|[from] Spikes\n|turn|23\n|\n|t:|1699984004\n|move|p2a: Arceus|Taunt|p1a: WelcomeToTheJungle\n|-start|p1a: WelcomeToTheJungle|move: Taunt\n|move|p1a: WelcomeToTheJungle|Facade|p2a: Arceus\n|-end|p2a: Arceus|Substitute\n|\n|-status|p1a: WelcomeToTheJungle|brn|[from] item: Flame Orb\n|upkeep\n|turn|24\n|\n|t:|1699984009\n|switch|p2a: Magearna|Magearna|15\/100\n|move|p1a: WelcomeToTheJungle|Headlong Rush|p2a: Magearna\n|-supereffective|p2a: Magearna\n|-damage|p2a: Magearna|0 fnt\n|-unboost|p1a: WelcomeToTheJungle|def|1\n|-unboost|p1a: WelcomeToTheJungle|spd|1\n|faint|p2a: Magearna\n|\n|-damage|p1a: WelcomeToTheJungle|82\/100 brn|[from] brn\n|upkeep\n|\n|t:|1699984011\n|switch|p2a: Cyclizar|Cyclizar, F|67\/100\n|turn|25\n|\n|t:|1699984015\n|move|p2a: Cyclizar|Shed Tail|p2a: Cyclizar\n|-start|p2a: Cyclizar|Substitute|[from] move: Shed Tail\n|-damage|p2a: Cyclizar|17\/100\n|\n|t:|1699984017\n|switch|p2a: Sneasler|Sneasler, M|100\/100|[from] Shed Tail\n|move|p1a: WelcomeToTheJungle|Headlong Rush|p2a: Sneasler\n|-supereffective|p2a: Sneasler\n|-crit|p2a: Sneasler\n|-end|p2a: Sneasler|Substitute\n|-unboost|p1a: WelcomeToTheJungle|def|1\n|-unboost|p1a: WelcomeToTheJungle|spd|1\n|\n|-damage|p1a: WelcomeToTheJungle|76\/100 brn|[from] brn\n|-end|p1a: WelcomeToTheJungle|move: Taunt\n|upkeep\n|turn|26\n|\n|t:|1699984026\n|switch|p1a: Jump in the Fire|Arceus-Fire, tera:Normal|70\/100\n|-damage|p1a: Jump in the Fire|58\/100|[from] Spikes\n|move|p2a: Sneasler|Close Combat|p1a: Jump in the Fire\n|-supereffective|p1a: Jump in the Fire\n|-damage|p1a: Jump in the Fire|0 fnt\n|-unboost|p2a: Sneasler|def|1\n|-unboost|p2a: Sneasler|spd|1\n|faint|p1a: Jump in the Fire\n|\n|upkeep\n|\n|t:|1699984033\n|switch|p1a: Money|Gholdengo|100\/100\n|-damage|p1a: Money|88\/100|[from] Spikes\n|turn|27\n|\n|t:|1699984038\n|switch|p2a: Cyclizar|Cyclizar, F|50\/100\n|move|p1a: Money|Make It Rain|p2a: Cyclizar\n|-damage|p2a: Cyclizar|0 fnt\n|-unboost|p1a: Money|spa|1\n|faint|p2a: Cyclizar\n|\n|upkeep\n|\n|t:|1699984039\n|switch|p2a: Arceus|Arceus-Poison|40\/100\n|turn|28\n|\n|t:|1699984041\n|move|p1a: Money|Make It Rain|p2a: Arceus\n|-crit|p2a: Arceus\n|-damage|p2a: Arceus|0 fnt\n|-unboost|p1a: Money|spa|1\n|faint|p2a: Arceus\n|\n|upkeep\n|c|\u2606wyvernl0rd|gg\n|-message|wyvernl0rd forfeited.\n|\n|win|AlicieLizzie\n|l|\u2606wyvernl0rd\n|c|\u2606AlicieLizzie|gg\n","uploadtime":1699984056,"views":6,"p1id":"alicielizzie","p2id":"wyvernl0rd","formatid":"gen9ubers","rating":0,"private":0,"password":""}