{"id":"gen9ubers-1984538382","p1":"sword over shield","p2":"XpokVEVO","format":"[Gen 9] Ubers","log":"|j|\u2606sword over shield\n|j|\u2606XpokVEVO\n|t:|1699277597\n|gametype|singles\n|player|p1|sword over shield|170|\n|player|p2|XpokVEVO|mustard|\n|teamsize|p1|6\n|teamsize|p2|6\n|gen|9\n|tier|[Gen 9] Ubers\n|rule|Sleep Clause Mod: Limit one foe put to sleep\n|rule|Species Clause: Limit one of each Pok\u00e9mon\n|rule|OHKO Clause: OHKO moves are banned\n|rule|Evasion Items Clause: Evasion items are banned\n|rule|Evasion Moves Clause: Evasion moves are banned\n|rule|Endless Battle Clause: Forcing endless battles is banned\n|rule|HP Percentage Mod: HP is shown in percentages\n|clearpoke\n|poke|p1|Roaring Moon|\n|poke|p1|Zacian-*|\n|poke|p1|Arceus-Ice|\n|poke|p1|Ninetales-Alola, F|\n|poke|p1|Milotic, M|\n|poke|p1|Baxcalibur, M|\n|poke|p2|Cyclizar, F|\n|poke|p2|Espathra, F|\n|poke|p2|Zacian-*|\n|poke|p2|Roaring Moon|\n|poke|p2|Arceus-Fire|\n|poke|p2|Magearna|\n|teampreview\n|inactive|Battle timer is ON: inactive players will automatically lose when time's up. (requested by XpokVEVO)\n|\n|t:|1699277615\n|start\n|switch|p1a: Zacian|Zacian|100\/100\n|switch|p2a: Akira|Cyclizar, F|100\/100\n|-ability|p1a: Zacian|Intrepid Sword|boost\n|-boost|p1a: Zacian|atk|1\n|turn|1\n|\n|t:|1699277625\n|switch|p2a: Ar\u0441eus-Fighting|Arceus-Fire, shiny|100\/100\n|move|p1a: Zacian|Play Rough|p2a: Ar\u0441eus-Fighting\n|-resisted|p2a: Ar\u0441eus-Fighting\n|-damage|p2a: Ar\u0441eus-Fighting|80\/100\n|\n|upkeep\n|turn|2\n|c|\u2606XpokVEVO|i think it is over for you\n|inactive|sword over shield has 270 seconds left.\n|inactive|sword over shield has 240 seconds left.\n|inactive|sword over shield has 210 seconds left.\n|\n|t:|1699277728\n|switch|p1a: Milotic|Milotic, M|100\/100\n|move|p2a: Ar\u0441eus-Fighting|Dragon Dance|p2a: Ar\u0441eus-Fighting\n|-boost|p2a: Ar\u0441eus-Fighting|atk|1\n|-boost|p2a: Ar\u0441eus-Fighting|spe|1\n|\n|upkeep\n|turn|3\n|\n|t:|1699277756\n|-terastallize|p2a: Ar\u0441eus-Fighting|Fairy\n|move|p2a: Ar\u0441eus-Fighting|Tera Blast|p1a: Milotic|[anim] Tera Blast Fairy\n|-damage|p1a: Milotic|42\/100\n|move|p1a: Milotic|Haze|p1a: Milotic\n|-clearallboost\n|\n|-heal|p1a: Milotic|48\/100|[from] item: Leftovers\n|upkeep\n|turn|4\n|inactive|sword over shield has 210 seconds left.\n|c|\u2606XpokVEVO|were gonna be here a long time\n|c|\u2606XpokVEVO|you recover\n|c|\u2606XpokVEVO|i ddancve\n|c|\u2606XpokVEVO|tera blast\n|c|\u2606XpokVEVO|haze\n|c|\u2606XpokVEVO|recover\n|c|\u2606XpokVEVO|ddance\n|\n|t:|1699277787\n|move|p2a: Ar\u0441eus-Fighting|Dragon Dance|p2a: Ar\u0441eus-Fighting\n|-boost|p2a: Ar\u0441eus-Fighting|atk|1\n|-boost|p2a: Ar\u0441eus-Fighting|spe|1\n|move|p1a: Milotic|Recover|p1a: Milotic\n|-heal|p1a: Milotic|98\/100\n|\n|-heal|p1a: Milotic|100\/100|[from] item: Leftovers\n|upkeep\n|turn|5\n|\n|t:|1699277792\n|move|p2a: Ar\u0441eus-Fighting|Tera Blast|p1a: Milotic|[anim] Tera Blast Fairy\n|-damage|p1a: Milotic|37\/100\n|move|p1a: Milotic|Haze|p1a: Milotic\n|-clearallboost\n|\n|-heal|p1a: Milotic|43\/100|[from] item: Leftovers\n|upkeep\n|turn|6\n|\n|t:|1699277800\n|move|p2a: Ar\u0441eus-Fighting|Dragon Dance|p2a: Ar\u0441eus-Fighting\n|-boost|p2a: Ar\u0441eus-Fighting|atk|1\n|-boost|p2a: Ar\u0441eus-Fighting|spe|1\n|move|p1a: Milotic|Haze|p1a: Milotic\n|-clearallboost\n|\n|-heal|p1a: Milotic|49\/100|[from] item: Leftovers\n|upkeep\n|turn|7\n|\n|t:|1699277818\n|move|p2a: Ar\u0441eus-Fighting|Dragon Dance|p2a: Ar\u0441eus-Fighting\n|-boost|p2a: Ar\u0441eus-Fighting|atk|1\n|-boost|p2a: Ar\u0441eus-Fighting|spe|1\n|move|p1a: Milotic|Recover|p1a: Milotic\n|-heal|p1a: Milotic|99\/100\n|\n|-heal|p1a: Milotic|100\/100|[from] item: Leftovers\n|upkeep\n|turn|8\n|\n|t:|1699277822\n|move|p2a: Ar\u0441eus-Fighting|Tera Blast|p1a: Milotic|[anim] Tera Blast Fairy\n|-damage|p1a: Milotic|33\/100\n|move|p1a: Milotic|Haze|p1a: Milotic\n|-clearallboost\n|\n|-heal|p1a: Milotic|39\/100|[from] item: Leftovers\n|upkeep\n|turn|9\n|\n|t:|1699277850\n|move|p2a: Ar\u0441eus-Fighting|Dragon Dance|p2a: Ar\u0441eus-Fighting\n|-boost|p2a: Ar\u0441eus-Fighting|atk|1\n|-boost|p2a: Ar\u0441eus-Fighting|spe|1\n|move|p1a: Milotic|Recover|p1a: Milotic\n|-heal|p1a: Milotic|89\/100\n|\n|-heal|p1a: Milotic|95\/100|[from] item: Leftovers\n|upkeep\n|turn|10\n|\n|t:|1699277857\n|move|p2a: Ar\u0441eus-Fighting|Tera Blast|p1a: Milotic|[anim] Tera Blast Fairy\n|-damage|p1a: Milotic|32\/100\n|move|p1a: Milotic|Haze|p1a: Milotic\n|-clearallboost\n|\n|-heal|p1a: Milotic|38\/100|[from] item: Leftovers\n|upkeep\n|turn|11\n|c|\u2606XpokVEVO|why play like this\n|c|\u2606XpokVEVO|i have recover my guy\n|\n|t:|1699277863\n|move|p2a: Ar\u0441eus-Fighting|Dragon Dance|p2a: Ar\u0441eus-Fighting\n|-boost|p2a: Ar\u0441eus-Fighting|atk|1\n|-boost|p2a: Ar\u0441eus-Fighting|spe|1\n|move|p1a: Milotic|Haze|p1a: Milotic\n|-clearallboost\n|\n|-heal|p1a: Milotic|44\/100|[from] item: Leftovers\n|upkeep\n|turn|12\n|inactive|sword over shield has 240 seconds left.\n|\n|t:|1699277870\n|move|p2a: Ar\u0441eus-Fighting|Tera Blast|p1a: Milotic|[anim] Tera Blast Fairy\n|-damage|p1a: Milotic|6\/100\n|move|p1a: Milotic|Haze|p1a: Milotic\n|-clearallboost\n|\n|-heal|p1a: Milotic|12\/100|[from] item: Leftovers\n|upkeep\n|turn|13\n|\n|t:|1699277875\n|move|p2a: Ar\u0441eus-Fighting|Dragon Dance|p2a: Ar\u0441eus-Fighting\n|-boost|p2a: Ar\u0441eus-Fighting|atk|1\n|-boost|p2a: Ar\u0441eus-Fighting|spe|1\n|move|p1a: Milotic|Haze|p1a: Milotic\n|-clearallboost\n|\n|-heal|p1a: Milotic|18\/100|[from] item: Leftovers\n|upkeep\n|turn|14\n|inactive|sword over shield has 240 seconds left.\n|\n|t:|1699277913\n|move|p2a: Ar\u0441eus-Fighting|Recover|p2a: Ar\u0441eus-Fighting\n|-heal|p2a: Ar\u0441eus-Fighting|100\/100\n|move|p1a: Milotic|Haze|p1a: Milotic\n|-clearallboost\n|\n|-heal|p1a: Milotic|24\/100|[from] item: Leftovers\n|upkeep\n|turn|15\n|\n|t:|1699277917\n|move|p2a: Ar\u0441eus-Fighting|Tera Blast|p1a: Milotic|[anim] Tera Blast Fairy\n|-damage|p1a: Milotic|0 fnt\n|faint|p1a: Milotic\n|\n|upkeep\n|\n|t:|1699277929\n|switch|p1a: Ninetales|Ninetales-Alola, F|100\/100\n|-weather|Snow|[from] ability: Snow Warning|[of] p1a: Ninetales\n|turn|16\n|\n|t:|1699277945\n|move|p1a: Ninetales|Encore|p2a: Ar\u0441eus-Fighting\n|-start|p2a: Ar\u0441eus-Fighting|Encore\n|move|p2a: Ar\u0441eus-Fighting|Tera Blast|p1a: Ninetales|[anim] Tera Blast Fairy\n|-damage|p1a: Ninetales|65\/100\n|\n|-weather|Snow|[upkeep]\n|upkeep\n|turn|17\n|\n|t:|1699277952\n|switch|p2a: Akira|Cyclizar, F|100\/100\n|move|p1a: Ninetales|Aurora Veil|p1a: Ninetales\n|-sidestart|p1: sword over shield|move: Aurora Veil\n|\n|-weather|Snow|[upkeep]\n|upkeep\n|turn|18\n|\n|t:|1699277956\n|move|p2a: Akira|Shed Tail|p2a: Akira\n|-start|p2a: Akira|Substitute|[from] move: Shed Tail\n|-damage|p2a: Akira|50\/100\n|\n|t:|1699277961\n|switch|p2a: Aunt Fanny|Magearna|100\/100|[from] Shed Tail\n|move|p1a: Ninetales|Blizzard|p2a: Aunt Fanny\n|-resisted|p2a: Aunt Fanny\n|-activate|p2a: Aunt Fanny|move: Substitute|[damage]\n|\n|-weather|Snow|[upkeep]\n|upkeep\n|turn|19\n|\n|t:|1699277970\n|move|p1a: Ninetales|Blizzard|p2a: Aunt Fanny\n|-resisted|p2a: Aunt Fanny\n|-activate|p2a: Aunt Fanny|move: Substitute|[damage]\n|move|p2a: Aunt Fanny|Spikes|p1a: Ninetales\n|-sidestart|p1: sword over shield|Spikes\n|\n|-weather|Snow|[upkeep]\n|upkeep\n|turn|20\n|\n|t:|1699277977\n|move|p1a: Ninetales|Blizzard|p2a: Aunt Fanny\n|-resisted|p2a: Aunt Fanny\n|-end|p2a: Aunt Fanny|Substitute\n|move|p2a: Aunt Fanny|Spikes|p1a: Ninetales\n|-sidestart|p1: sword over shield|Spikes\n|\n|-weather|none\n|upkeep\n|turn|21\n|\n|t:|1699277991\n|switch|p1a: Arceus|Arceus-Ice|100\/100\n|-damage|p1a: Arceus|84\/100|[from] Spikes\n|move|p2a: Aunt Fanny|Spikes|p1a: Arceus\n|-sidestart|p1: sword over shield|Spikes\n|\n|upkeep\n|turn|22\n|\n|t:|1699278008\n|move|p1a: Arceus|Calm Mind|p1a: Arceus\n|-boost|p1a: Arceus|spa|1\n|-boost|p1a: Arceus|spd|1\n|move|p2a: Aunt Fanny|Fleur Cannon|p1a: Arceus\n|-damage|p1a: Arceus|67\/100\n|-unboost|p2a: Aunt Fanny|spa|2\n|-enditem|p2a: Aunt Fanny|Eject Pack\n|\n|t:|1699278023\n|switch|p2a: Ar\u0441eus-Fighting|Arceus-Fire, shiny, tera:Fairy|100\/100\n|\n|upkeep\n|turn|23\n|inactive|sword over shield has 270 seconds left.\n|\n|t:|1699278063\n|-terastallize|p1a: Arceus|Electric\n|move|p1a: Arceus|Judgment|p2a: Ar\u0441eus-Fighting\n|-damage|p2a: Ar\u0441eus-Fighting|52\/100\n|move|p2a: Ar\u0441eus-Fighting|Dragon Dance|p2a: Ar\u0441eus-Fighting\n|-boost|p2a: Ar\u0441eus-Fighting|atk|1\n|-boost|p2a: Ar\u0441eus-Fighting|spe|1\n|\n|upkeep\n|turn|24\n|\n|t:|1699278075\n|move|p2a: Ar\u0441eus-Fighting|Recover|p2a: Ar\u0441eus-Fighting\n|-heal|p2a: Ar\u0441eus-Fighting|100\/100\n|move|p1a: Arceus|Judgment|p2a: Ar\u0441eus-Fighting\n|-damage|p2a: Ar\u0441eus-Fighting|53\/100\n|\n|-sideend|p1: sword over shield|move: Aurora Veil\n|upkeep\n|turn|25\n|\n|t:|1699278079\n|move|p2a: Ar\u0441eus-Fighting|Flare Blitz|p1a: Arceus\n|-damage|p1a: Arceus|0 fnt\n|faint|p1a: Arceus\n|-damage|p2a: Ar\u0441eus-Fighting|31\/100|[from] Recoil\n|\n|upkeep\n|c|\u2606XpokVEVO|get out bozo\n|\n|t:|1699278088\n|switch|p1a: Roaring Moon|Roaring Moon|100\/100\n|-damage|p1a: Roaring Moon|76\/100|[from] Spikes\n|-enditem|p1a: Roaring Moon|Booster Energy\n|-activate|p1a: Roaring Moon|ability: Protosynthesis|[fromitem]\n|-start|p1a: Roaring Moon|protosynthesisatk\n|turn|26\n|\n|t:|1699278091\n|move|p2a: Ar\u0441eus-Fighting|Tera Blast|p1a: Roaring Moon|[anim] Tera Blast Fairy\n|-supereffective|p1a: Roaring Moon\n|-damage|p1a: Roaring Moon|0 fnt\n|faint|p1a: Roaring Moon\n|-end|p1a: Roaring Moon|Protosynthesis|[silent]\n|\n|upkeep\n|c|\u2606XpokVEVO|you want proto speed\n|inactive|sword over shield has 270 seconds left.\n|\n|t:|1699278104\n|switch|p1a: Zacian|Zacian|100\/100\n|turn|27\n|c|\u2606XpokVEVO|proto speed for espathra\n|c|\u2606XpokVEVO|ddance on its protect\n|c|\u2606sword over shield|i thought i was ngl\n|c|\u2606XpokVEVO|220 attack\n|c|\u2606sword over shield|yeah\n|c|\u2606XpokVEVO|252+speed\n|inactive|XpokVEVO has 270 seconds left.\n|c|\u2606XpokVEVO|and then the rest i like on defense to fight palafin\n|\n|t:|1699278142\n|move|p2a: Ar\u0441eus-Fighting|Flare Blitz|p1a: Zacian\n|-damage|p1a: Zacian|0 fnt\n|faint|p1a: Zacian\n|-damage|p2a: Ar\u0441eus-Fighting|7\/100|[from] Recoil\n|\n|upkeep\n|inactive|sword over shield has 270 seconds left.\n|\n|t:|1699278171\n|switch|p1a: Ninetales|Ninetales-Alola, F|65\/100\n|-damage|p1a: Ninetales|40\/100|[from] Spikes\n|-weather|Snow|[from] ability: Snow Warning|[of] p1a: Ninetales\n|turn|28\n|\n|t:|1699278184\n|move|p2a: Ar\u0441eus-Fighting|Tera Blast|p1a: Ninetales|[anim] Tera Blast Fairy\n|-damage|p1a: Ninetales|0 fnt\n|faint|p1a: Ninetales\n|\n|-weather|Snow|[upkeep]\n|upkeep\n|\n|t:|1699278187\n|switch|p1a: Baxcalibur|Baxcalibur, M|100\/100\n|-damage|p1a: Baxcalibur|76\/100|[from] Spikes\n|turn|29\n|\n|t:|1699278192\n|move|p2a: Ar\u0441eus-Fighting|Tera Blast|p1a: Baxcalibur|[anim] Tera Blast Fairy\n|-supereffective|p1a: Baxcalibur\n|-damage|p1a: Baxcalibur|0 fnt\n|faint|p1a: Baxcalibur\n|\n|win|XpokVEVO\n|c|\u2606XpokVEVO|gg\n|l|\u2606sword over shield\n","uploadtime":1699278211,"views":14,"p1id":"swordovershield","p2id":"xpokvevo","formatid":"gen9ubers","rating":0,"private":0,"password":""}