{"id":"gen9ubers-1988552575","p1":"WARIOROFLIBERATION","p2":"thunderbug","format":"[Gen 9] Ubers","log":"|j|\u2606WARIOROFLIBERATION\n|j|\u2606thunderbug\n|t:|1699735314\n|gametype|singles\n|player|p1|WARIOROFLIBERATION|red-gen2|1510\n|player|p2|thunderbug|bugsy-gen2|1541\n|teamsize|p1|6\n|teamsize|p2|6\n|gen|9\n|tier|[Gen 9] Ubers\n|rated|\n|rule|Sleep Clause Mod: Limit one foe put to sleep\n|rule|Species Clause: Limit one of each Pok\u00e9mon\n|rule|OHKO Clause: OHKO moves are banned\n|rule|Evasion Items Clause: Evasion items are banned\n|rule|Evasion Moves Clause: Evasion moves are banned\n|rule|Endless Battle Clause: Forcing endless battles is banned\n|rule|HP Percentage Mod: HP is shown in percentages\n|clearpoke\n|poke|p1|Ursaluna, M|\n|poke|p1|Magearna|\n|poke|p1|Calyrex-Ice|\n|poke|p1|Basculegion, M|\n|poke|p1|Hatterene, F|\n|poke|p1|Dialga-Origin|\n|poke|p2|Ting-Lu|\n|poke|p2|Skeledirge, M|\n|poke|p2|Koraidon|\n|poke|p2|Arceus-Fairy|\n|poke|p2|Eternatus|\n|poke|p2|Kyogre|\n|teampreview\n|inactive|Battle timer is ON: inactive players will automatically lose when time's up. (requested by WARIOROFLIBERATION)\n|\n|t:|1699735352\n|start\n|switch|p1a: PERONA|Hatterene, F|100\/100\n|switch|p2a: Skeledirge|Skeledirge, M|100\/100\n|turn|1\n|\n|t:|1699735360\n|move|p2a: Skeledirge|Torch Song|p1a: PERONA\n|-damage|p1a: PERONA|74\/100\n|-boost|p2a: Skeledirge|spa|1\n|move|p1a: PERONA|Trick Room|p1a: PERONA\n|-fieldstart|move: Trick Room|[of] p1a: PERONA\n|\n|upkeep\n|turn|2\n|\n|t:|1699735367\n|move|p1a: PERONA|Healing Wish|p1a: PERONA\n|faint|p1a: PERONA\n|move|p2a: Skeledirge|Torch Song|p1: PERONA|[notarget]\n|-fail|p2a: Skeledirge\n|\n|upkeep\n|\n|t:|1699735375\n|switch|p1a: BROOK|Basculegion, M, shiny|100\/100\n|turn|3\n|\n|t:|1699735394\n|switch|p2a: Kyogre|Kyogre|100\/100\n|-weather|RainDance|[from] ability: Drizzle|[of] p2a: Kyogre\n|move|p1a: BROOK|Flip Turn|p2a: Kyogre\n|-resisted|p2a: Kyogre\n|-damage|p2a: Kyogre|49\/100\n|\n|t:|1699735402\n|switch|p1a: KUMA|Ursaluna, M, shiny|100\/100|[from] Flip Turn\n|\n|-weather|RainDance|[upkeep]\n|-status|p1a: KUMA|brn|[from] item: Flame Orb\n|upkeep\n|turn|4\n|\n|t:|1699735410\n|move|p1a: KUMA|Headlong Rush|p2a: Kyogre\n|-damage|p2a: Kyogre|0 fnt\n|-unboost|p1a: KUMA|def|1\n|-unboost|p1a: KUMA|spd|1\n|faint|p2a: Kyogre\n|\n|-weather|RainDance|[upkeep]\n|-damage|p1a: KUMA|94\/100 brn|[from] brn\n|upkeep\n|\n|t:|1699735413\n|switch|p2a: Ting-Lu|Ting-Lu|100\/100\n|-ability|p2a: Ting-Lu|Vessel of Ruin\n|turn|5\n|\n|t:|1699735424\n|move|p2a: Ting-Lu|Earthquake|p1a: KUMA\n|-damage|p1a: KUMA|56\/100 brn\n|move|p1a: KUMA|Fling|p2a: Ting-Lu\n|-resisted|p2a: Ting-Lu\n|-damage|p2a: Ting-Lu|96\/100\n|-status|p2a: Ting-Lu|brn\n|-enditem|p1a: KUMA|Flame Orb|[from] move: Fling\n|\n|-weather|RainDance|[upkeep]\n|-heal|p2a: Ting-Lu|100\/100 brn|[from] item: Leftovers\n|-damage|p2a: Ting-Lu|94\/100 brn|[from] brn\n|-damage|p1a: KUMA|50\/100 brn|[from] brn\n|-fieldend|move: Trick Room\n|upkeep\n|turn|6\n|\n|t:|1699735433\n|switch|p1a: BROOK|Basculegion, M, shiny|100\/100\n|move|p2a: Ting-Lu|Spikes|p1a: BROOK\n|-sidestart|p1: WARIOROFLIBERATION|Spikes\n|\n|-weather|RainDance|[upkeep]\n|-heal|p2a: Ting-Lu|100\/100 brn|[from] item: Leftovers\n|-damage|p2a: Ting-Lu|94\/100 brn|[from] brn\n|upkeep\n|turn|7\n|\n|t:|1699735446\n|switch|p2a: Koraidon|Koraidon|100\/100\n|-weather|SunnyDay|[from] ability: Orichalcum Pulse|[of] p2a: Koraidon\n|-activate|p2a: Koraidon|Orichalcum Pulse|[source]\n|move|p1a: BROOK|Flip Turn|p2a: Koraidon\n|-resisted|p2a: Koraidon\n|-damage|p2a: Koraidon|86\/100\n|inactive|WARIOROFLIBERATION has 120 seconds left.\n|\n|t:|1699735487\n|switch|p1a: REIJU|Magearna|100\/100|[from] Flip Turn\n|-damage|p1a: REIJU|88\/100|[from] Spikes\n|\n|-weather|SunnyDay|[upkeep]\n|upkeep\n|turn|8\n|\n|t:|1699735496\n|-terastallize|p1a: REIJU|Water\n|move|p2a: Koraidon|Flare Blitz|p1a: REIJU\n|-resisted|p1a: REIJU\n|-damage|p1a: REIJU|64\/100\n|-damage|p2a: Koraidon|78\/100|[from] Recoil\n|move|p1a: REIJU|Trick Room|p1a: REIJU\n|-fieldstart|move: Trick Room|[of] p1a: REIJU\n|\n|-weather|SunnyDay|[upkeep]\n|upkeep\n|turn|9\n|inactive|WARIOROFLIBERATION has 120 seconds left.\n|\n|t:|1699735514\n|switch|p1a: KUMA|Ursaluna, M, shiny|50\/100 brn\n|-heal|p1a: KUMA|100\/100|[from] move: Healing Wish\n|-damage|p1a: KUMA|88\/100|[from] Spikes\n|switch|p2a: Skeledirge|Skeledirge, M|100\/100\n|\n|-weather|SunnyDay|[upkeep]\n|upkeep\n|turn|10\n|inactive|WARIOROFLIBERATION has 120 seconds left.\n|\n|t:|1699735526\n|switch|p2a: Arceus|Arceus-Fairy|100\/100\n|move|p1a: KUMA|Headlong Rush|p2a: Arceus\n|-damage|p2a: Arceus|58\/100\n|-unboost|p1a: KUMA|def|1\n|-unboost|p1a: KUMA|spd|1\n|\n|-weather|SunnyDay|[upkeep]\n|upkeep\n|turn|11\n|\n|t:|1699735535\n|move|p1a: KUMA|Facade|p2a: Arceus\n|-damage|p2a: Arceus|35\/100\n|move|p2a: Arceus|Recover|p2a: Arceus\n|-heal|p2a: Arceus|85\/100\n|\n|-weather|none\n|upkeep\n|turn|12\n|\n|t:|1699735543\n|switch|p1a: REIJU|Magearna, tera:Water|64\/100\n|-damage|p1a: REIJU|51\/100|[from] Spikes\n|move|p2a: Arceus|Earth Power|p1a: REIJU\n|-damage|p1a: REIJU|29\/100\n|\n|-fieldend|move: Trick Room\n|upkeep\n|turn|13\n|\n|t:|1699735547\n|move|p2a: Arceus|Judgment|p1a: REIJU\n|-damage|p1a: REIJU|0 fnt\n|faint|p1a: REIJU\n|\n|upkeep\n|\n|t:|1699735551\n|switch|p1a: KAIDO|Dialga-Origin, shiny|100\/100\n|-damage|p1a: KAIDO|88\/100|[from] Spikes\n|-ability|p1a: KAIDO|Pressure\n|turn|14\n|\n|t:|1699735558\n|switch|p2a: Ting-Lu|Ting-Lu|94\/100 brn\n|-ability|p2a: Ting-Lu|Vessel of Ruin\n|move|p1a: KAIDO|Trick Room|p1a: KAIDO\n|-fieldstart|move: Trick Room|[of] p1a: KAIDO\n|\n|-heal|p2a: Ting-Lu|100\/100 brn|[from] item: Leftovers\n|-damage|p2a: Ting-Lu|94\/100 brn|[from] brn\n|upkeep\n|turn|15\n|\n|t:|1699735573\n|switch|p1a: BROOK|Basculegion, M, shiny|100\/100\n|-damage|p1a: BROOK|88\/100|[from] Spikes\n|move|p2a: Ting-Lu|Whirlwind|p1a: BROOK\n|drag|p1a: KAIDO|Dialga-Origin, shiny|88\/100\n|-damage|p1a: KAIDO|76\/100|[from] Spikes\n|-ability|p1a: KAIDO|Pressure\n|\n|-heal|p2a: Ting-Lu|100\/100 brn|[from] item: Leftovers\n|-damage|p2a: Ting-Lu|94\/100 brn|[from] brn\n|upkeep\n|turn|16\n|\n|t:|1699735588\n|switch|p1a: BROOK|Basculegion, M, shiny|88\/100\n|-damage|p1a: BROOK|76\/100|[from] Spikes\n|move|p2a: Ting-Lu|Whirlwind|p1a: BROOK\n|drag|p1a: AOKIJI|Calyrex-Ice|100\/100\n|-ability|p1a: AOKIJI|As One\n|-ability|p1a: AOKIJI|Unnerve\n|-damage|p1a: AOKIJI|88\/100|[from] Spikes\n|\n|-heal|p2a: Ting-Lu|100\/100 brn|[from] item: Leftovers\n|-damage|p2a: Ting-Lu|94\/100 brn|[from] brn\n|upkeep\n|turn|17\n|inactive|thunderbug has 120 seconds left.\n|\n|t:|1699735610\n|switch|p2a: Skeledirge|Skeledirge, M|100\/100\n|move|p1a: AOKIJI|Stomping Tantrum|p2a: Skeledirge\n|-supereffective|p2a: Skeledirge\n|-damage|p2a: Skeledirge|45\/100\n|-damage|p1a: AOKIJI|78\/100|[from] item: Life Orb\n|\n|upkeep\n|turn|18\n|inactive|thunderbug has 120 seconds left.\n|\n|t:|1699735637\n|switch|p2a: Koraidon|Koraidon|78\/100\n|-weather|SunnyDay|[from] ability: Orichalcum Pulse|[of] p2a: Koraidon\n|-activate|p2a: Koraidon|Orichalcum Pulse|[source]\n|move|p1a: AOKIJI|Stomping Tantrum|p2a: Koraidon\n|-damage|p2a: Koraidon|36\/100\n|-damage|p1a: AOKIJI|68\/100|[from] item: Life Orb\n|\n|-weather|SunnyDay|[upkeep]\n|-fieldend|move: Trick Room\n|upkeep\n|turn|19\n|\n|t:|1699735649\n|switch|p1a: KUMA|Ursaluna, M, shiny|88\/100\n|-damage|p1a: KUMA|75\/100|[from] Spikes\n|move|p2a: Koraidon|Flare Blitz|p1a: KUMA\n|-crit|p1a: KUMA\n|-damage|p1a: KUMA|0 fnt\n|faint|p1a: KUMA\n|-damage|p2a: Koraidon|2\/100|[from] Recoil\n|\n|-weather|SunnyDay|[upkeep]\n|upkeep\n|\n|t:|1699735659\n|switch|p1a: BROOK|Basculegion, M, shiny|76\/100\n|-damage|p1a: BROOK|63\/100|[from] Spikes\n|turn|20\n|\n|t:|1699735671\n|switch|p2a: Ting-Lu|Ting-Lu|94\/100 brn\n|-ability|p2a: Ting-Lu|Vessel of Ruin\n|move|p1a: BROOK|Flip Turn|p2a: Ting-Lu\n|-supereffective|p2a: Ting-Lu\n|-damage|p2a: Ting-Lu|62\/100 brn\n|\n|t:|1699735690\n|switch|p1a: AOKIJI|Calyrex-Ice|68\/100|[from] Flip Turn\n|-ability|p1a: AOKIJI|As One\n|-ability|p1a: AOKIJI|Unnerve\n|-damage|p1a: AOKIJI|56\/100|[from] Spikes\n|\n|-weather|SunnyDay|[upkeep]\n|-heal|p2a: Ting-Lu|69\/100 brn|[from] item: Leftovers\n|-damage|p2a: Ting-Lu|62\/100 brn|[from] brn\n|upkeep\n|turn|21\n|inactive|thunderbug has 120 seconds left.\n|\n|t:|1699735697\n|move|p1a: AOKIJI|Glacial Lance|p2a: Ting-Lu\n|-supereffective|p2a: Ting-Lu\n|-damage|p2a: Ting-Lu|0 fnt\n|faint|p2a: Ting-Lu\n|-ability|p1a: AOKIJI|Chilling Neigh|boost\n|-boost|p1a: AOKIJI|atk|1\n|-damage|p1a: AOKIJI|46\/100|[from] item: Life Orb\n|\n|-weather|SunnyDay|[upkeep]\n|upkeep\n|inactive|thunderbug has 120 seconds left.\n|\n|t:|1699735707\n|switch|p2a: Koraidon|Koraidon|2\/100\n|-activate|p2a: Koraidon|ability: Orichalcum Pulse\n|turn|22\n|\n|t:|1699735728\n|move|p2a: Koraidon|U-turn|p1a: AOKIJI\n|-supereffective|p1a: AOKIJI\n|-damage|p1a: AOKIJI|3\/100\n|inactive|thunderbug has 120 seconds left.\n|\n|t:|1699735742\n|switch|p2a: Eternatus|Eternatus|100\/100|[from] U-turn\n|-ability|p2a: Eternatus|Pressure\n|move|p1a: AOKIJI|Trick Room|p1a: AOKIJI\n|-fieldstart|move: Trick Room|[of] p1a: AOKIJI\n|\n|-weather|none\n|upkeep\n|turn|23\n|inactive|thunderbug has 120 seconds left.\n|\n|t:|1699735761\n|switch|p2a: Arceus|Arceus-Fairy|85\/100\n|move|p1a: AOKIJI|Stomping Tantrum|p2a: Arceus\n|-damage|p2a: Arceus|44\/100\n|-damage|p1a: AOKIJI|0 fnt|[from] item: Life Orb\n|faint|p1a: AOKIJI\n|\n|upkeep\n|\n|t:|1699735771\n|switch|p1a: BROOK|Basculegion, M, shiny|63\/100\n|-damage|p1a: BROOK|51\/100|[from] Spikes\n|turn|24\n|\n|t:|1699735778\n|move|p1a: BROOK|Last Respects|p2a: Arceus\n|-damage|p2a: Arceus|0 fnt\n|faint|p2a: Arceus\n|\n|upkeep\n|\n|t:|1699735781\n|switch|p2a: Skeledirge|Skeledirge, M|45\/100\n|turn|25\n|\n|t:|1699735786\n|-terastallize|p2a: Skeledirge|Normal\n|move|p1a: BROOK|Last Respects|p2a: Skeledirge\n|-immune|p2a: Skeledirge\n|move|p2a: Skeledirge|Will-O-Wisp|p1a: BROOK\n|-status|p1a: BROOK|brn\n|\n|-damage|p1a: BROOK|45\/100 brn|[from] brn\n|upkeep\n|turn|26\n|\n|t:|1699735791\n|switch|p1a: KAIDO|Dialga-Origin, shiny|76\/100\n|-damage|p1a: KAIDO|63\/100|[from] Spikes\n|-ability|p1a: KAIDO|Pressure\n|move|p2a: Skeledirge|Slack Off|p2a: Skeledirge\n|-heal|p2a: Skeledirge|95\/100\n|\n|-fieldend|move: Trick Room\n|upkeep\n|turn|27\n|\n|t:|1699735807\n|move|p2a: Skeledirge|Will-O-Wisp|p1a: KAIDO|[miss]\n|-miss|p2a: Skeledirge|p1a: KAIDO\n|move|p1a: KAIDO|Stealth Rock|p2a: Skeledirge\n|-sidestart|p2: thunderbug|move: Stealth Rock\n|\n|upkeep\n|turn|28\n|\n|t:|1699735819\n|move|p2a: Skeledirge|Will-O-Wisp|p1a: KAIDO|[miss]\n|-miss|p2a: Skeledirge|p1a: KAIDO\n|move|p1a: KAIDO|Trick Room|p1a: KAIDO\n|-fieldstart|move: Trick Room|[of] p1a: KAIDO\n|\n|upkeep\n|turn|29\n|\n|t:|1699735828\n|move|p1a: KAIDO|Draco Meteor|p2a: Skeledirge\n|-damage|p2a: Skeledirge|0 fnt\n|-unboost|p1a: KAIDO|spa|2\n|faint|p2a: Skeledirge\n|\n|upkeep\n|\n|t:|1699735832\n|switch|p2a: Eternatus|Eternatus|100\/100\n|-ability|p2a: Eternatus|Pressure\n|turn|30\n|\n|t:|1699735842\n|move|p1a: KAIDO|Steel Beam|p2a: Eternatus|[miss]\n|-miss|p1a: KAIDO|p2a: Eternatus\n|-damage|p1a: KAIDO|13\/100|[from] steelbeam\n|move|p2a: Eternatus|Flamethrower|p1a: KAIDO\n|-damage|p1a: KAIDO|0 fnt\n|faint|p1a: KAIDO\n|\n|upkeep\n|\n|t:|1699735847\n|switch|p1a: BROOK|Basculegion, M, shiny|45\/100 brn\n|-damage|p1a: BROOK|32\/100 brn|[from] Spikes\n|turn|31\n|\n|t:|1699735856\n|move|p1a: BROOK|Last Respects|p2a: Eternatus\n|-damage|p2a: Eternatus|0 fnt\n|faint|p2a: Eternatus\n|\n|-damage|p1a: BROOK|26\/100 brn|[from] brn\n|upkeep\n|-message|thunderbug forfeited.\n|\n|win|WARIOROFLIBERATION\n|raw|WARIOROFLIBERATION's rating: 1510 &rarr; <strong>1532<\/strong><br \/>(+22 for winning)\n|raw|thunderbug's rating: 1541 &rarr; <strong>1519<\/strong><br \/>(-22 for losing)\n|l|\u2606thunderbug\n","uploadtime":1699735868,"views":4,"p1id":"wariorofliberation","p2id":"thunderbug","formatid":"gen9ubers","rating":1519,"private":0,"password":""}