{"id":"gen9ubers-1984230108","p1":"GratedsShtickface","p2":"adpg.alt","format":"[Gen 9] Ubers","log":"|j|\u2606GratedsShtickface\n|j|\u2606adpg.alt\n|t:|1699232770\n|gametype|singles\n|player|p1|GratedsShtickface|hiker-gen4|\n|player|p2|adpg.alt|hilbert-wonderlauncher|\n|teamsize|p1|6\n|teamsize|p2|6\n|gen|9\n|tier|[Gen 9] Ubers\n|rule|Sleep Clause Mod: Limit one foe put to sleep\n|rule|Species Clause: Limit one of each Pok\u00e9mon\n|rule|OHKO Clause: OHKO moves are banned\n|rule|Evasion Items Clause: Evasion items are banned\n|rule|Evasion Moves Clause: Evasion moves are banned\n|rule|Endless Battle Clause: Forcing endless battles is banned\n|rule|HP Percentage Mod: HP is shown in percentages\n|clearpoke\n|poke|p1|Rillaboom, M|\n|poke|p1|Sneasler, M|\n|poke|p1|Espathra, M|\n|poke|p1|Magearna|\n|poke|p1|Arceus-Fire|\n|poke|p1|Palafin, M|\n|poke|p2|Ninetales-Alola, F|\n|poke|p2|Baxcalibur, M|\n|poke|p2|Arceus-Ghost|\n|poke|p2|Zacian-*|\n|poke|p2|Espathra, M|\n|poke|p2|Urshifu-*, M|\n|teampreview\n|inactive|Battle timer is ON: inactive players will automatically lose when time's up. (requested by GratedsShtickface)\n|\n|t:|1699232778\n|start\n|switch|p1a: Random Finizen|Palafin, M|100\/100\n|switch|p2a: Anales|Ninetales-Alola, F, shiny|100\/100\n|-weather|Snow|[from] ability: Snow Warning|[of] p2a: Anales\n|turn|1\n|\n|t:|1699232794\n|detailschange|p1a: Random Finizen|Palafin-Hero, M\n|switch|p1a: Magearna|Magearna|100\/100\n|move|p2a: Anales|Aurora Veil|p2a: Anales\n|-sidestart|p2: adpg.alt|move: Aurora Veil\n|\n|-weather|Snow|[upkeep]\n|upkeep\n|turn|2\n|\n|t:|1699232804\n|switch|p2a: Arceus|Arceus-Ghost|100\/100\n|move|p1a: Magearna|Thunder Wave|p2a: Arceus\n|-status|p2a: Arceus|par\n|\n|-weather|Snow|[upkeep]\n|upkeep\n|turn|3\n|\n|t:|1699232812\n|move|p2a: Arceus|Calm Mind|p2a: Arceus\n|-boost|p2a: Arceus|spa|1\n|-boost|p2a: Arceus|spd|1\n|move|p1a: Magearna|Spikes|p2a: Arceus\n|-sidestart|p2: adpg.alt|Spikes\n|\n|-weather|Snow|[upkeep]\n|upkeep\n|turn|4\n|\n|t:|1699232818\n|move|p2a: Arceus|Calm Mind|p2a: Arceus\n|-boost|p2a: Arceus|spa|1\n|-boost|p2a: Arceus|spd|1\n|move|p1a: Magearna|Spikes|p2a: Arceus\n|-sidestart|p2: adpg.alt|Spikes\n|\n|-weather|Snow|[upkeep]\n|upkeep\n|turn|5\n|\n|t:|1699232823\n|move|p2a: Arceus|Judgment|p1a: Magearna\n|-damage|p1a: Magearna|17\/100\n|move|p1a: Magearna|Volt Switch|p2a: Arceus\n|-damage|p2a: Arceus|97\/100 par\n|\n|t:|1699232837\n|switch|p1a: Haha Long Boi|Sneasler, M, shiny|100\/100|[from] Volt Switch\n|\n|-weather|none\n|upkeep\n|turn|6\n|\n|t:|1699232848\n|switch|p1a: Ar\u0441eus-Fighting|Arceus-Fire|100\/100\n|cant|p2a: Arceus|par\n|\n|upkeep\n|turn|7\n|\n|t:|1699232856\n|move|p1a: Ar\u0441eus-Fighting|Swords Dance|p1a: Ar\u0441eus-Fighting\n|-boost|p1a: Ar\u0441eus-Fighting|atk|2\n|move|p2a: Arceus|Judgment|p1a: Ar\u0441eus-Fighting\n|-damage|p1a: Ar\u0441eus-Fighting|34\/100\n|\n|upkeep\n|turn|8\n|\n|t:|1699232868\n|move|p1a: Ar\u0441eus-Fighting|Recover|p1a: Ar\u0441eus-Fighting\n|-heal|p1a: Ar\u0441eus-Fighting|84\/100\n|cant|p2a: Arceus|par\n|\n|-sideend|p2: adpg.alt|move: Aurora Veil\n|upkeep\n|turn|9\n|\n|t:|1699232874\n|move|p1a: Ar\u0441eus-Fighting|Flare Blitz|p2a: Arceus\n|-damage|p2a: Arceus|0 fnt\n|faint|p2a: Arceus\n|-damage|p1a: Ar\u0441eus-Fighting|52\/100|[from] Recoil\n|\n|upkeep\n|inactive|adpg.alt has 270 seconds left.\n|\n|t:|1699232905\n|switch|p2a: Anales|Ninetales-Alola, F, shiny|100\/100\n|-damage|p2a: Anales|84\/100|[from] Spikes\n|-weather|Snow|[from] ability: Snow Warning|[of] p2a: Anales\n|turn|10\n|\n|t:|1699232918\n|move|p1a: Ar\u0441eus-Fighting|Extreme Speed|p2a: Anales\n|-damage|p2a: Anales|35\/100\n|move|p2a: Anales|Aurora Veil|p2a: Anales\n|-sidestart|p2: adpg.alt|move: Aurora Veil\n|\n|-weather|Snow|[upkeep]\n|upkeep\n|turn|11\n|\n|t:|1699232929\n|move|p2a: Anales|Foul Play|p1a: Ar\u0441eus-Fighting\n|-damage|p1a: Ar\u0441eus-Fighting|10\/100\n|move|p1a: Ar\u0441eus-Fighting|Recover|p1a: Ar\u0441eus-Fighting\n|-heal|p1a: Ar\u0441eus-Fighting|60\/100\n|\n|-weather|Snow|[upkeep]\n|upkeep\n|turn|12\n|\n|t:|1699232943\n|move|p2a: Anales|Foul Play|p1a: Ar\u0441eus-Fighting\n|-damage|p1a: Ar\u0441eus-Fighting|14\/100\n|move|p1a: Ar\u0441eus-Fighting|Swords Dance|p1a: Ar\u0441eus-Fighting\n|-boost|p1a: Ar\u0441eus-Fighting|atk|2\n|\n|-weather|Snow|[upkeep]\n|upkeep\n|turn|13\n|\n|t:|1699232949\n|move|p1a: Ar\u0441eus-Fighting|Extreme Speed|p2a: Anales\n|-damage|p2a: Anales|2\/100\n|move|p2a: Anales|Encore|p1a: Ar\u0441eus-Fighting\n|-start|p1a: Ar\u0441eus-Fighting|Encore\n|\n|-weather|Snow|[upkeep]\n|upkeep\n|turn|14\n|\n|t:|1699232962\n|-terastallize|p2a: Anales|Ghost\n|move|p1a: Ar\u0441eus-Fighting|Extreme Speed|p2a: Anales\n|-immune|p2a: Anales\n|move|p2a: Anales|Foul Play|p1a: Ar\u0441eus-Fighting\n|-damage|p1a: Ar\u0441eus-Fighting|0 fnt\n|faint|p1a: Ar\u0441eus-Fighting\n|\n|-weather|none\n|upkeep\n|\n|t:|1699232968\n|switch|p1a: Random Finizen|Palafin-Hero, M|100\/100\n|-activate|p1a: Random Finizen|ability: Zero to Hero\n|turn|15\n|\n|t:|1699232974\n|move|p1a: Random Finizen|Jet Punch|p2a: Anales\n|-damage|p2a: Anales|0 fnt\n|faint|p2a: Anales\n|\n|upkeep\n|\n|t:|1699232977\n|switch|p2a: Excalibur|Baxcalibur, M|100\/100\n|-damage|p2a: Excalibur|84\/100|[from] Spikes\n|turn|16\n|\n|t:|1699232981\n|switch|p1a: Magearna|Magearna|17\/100\n|move|p2a: Excalibur|Dragon Dance|p2a: Excalibur\n|-boost|p2a: Excalibur|atk|1\n|-boost|p2a: Excalibur|spe|1\n|\n|-heal|p1a: Magearna|23\/100|[from] item: Leftovers\n|upkeep\n|turn|17\n|\n|t:|1699232987\n|move|p2a: Excalibur|Icicle Spear|p1a: Magearna\n|-resisted|p1a: Magearna\n|-damage|p1a: Magearna|15\/100\n|-resisted|p1a: Magearna\n|-damage|p1a: Magearna|8\/100\n|-resisted|p1a: Magearna\n|-damage|p1a: Magearna|1\/100\n|-resisted|p1a: Magearna\n|-damage|p1a: Magearna|0 fnt\n|faint|p1a: Magearna\n|-hitcount|p1: Magearna|4\n|\n|-sideend|p2: adpg.alt|move: Aurora Veil\n|upkeep\n|\n|t:|1699233001\n|switch|p1a: Harambe|Rillaboom, M|100\/100\n|-fieldstart|move: Grassy Terrain|[from] ability: Grassy Surge|[of] p1a: Harambe\n|turn|18\n|\n|t:|1699233012\n|move|p2a: Excalibur|Icicle Spear|p1a: Harambe\n|-supereffective|p1a: Harambe\n|-damage|p1a: Harambe|53\/100\n|-supereffective|p1a: Harambe\n|-damage|p1a: Harambe|0 fnt\n|faint|p1a: Harambe\n|-hitcount|p1: Harambe|2\n|\n|-heal|p2a: Excalibur|90\/100|[from] Grassy Terrain\n|upkeep\n|\n|t:|1699233020\n|switch|p1a: Haha Long Boi|Sneasler, M, shiny|100\/100\n|-enditem|p1a: Haha Long Boi|Grassy Seed\n|-boost|p1a: Haha Long Boi|def|1|[from] item: Grassy Seed\n|turn|19\n|\n|t:|1699233027\n|move|p1a: Haha Long Boi|Close Combat|p2a: Excalibur\n|-supereffective|p2a: Excalibur\n|-damage|p2a: Excalibur|0 fnt\n|-unboost|p1a: Haha Long Boi|def|1\n|-unboost|p1a: Haha Long Boi|spd|1\n|faint|p2a: Excalibur\n|\n|upkeep\n|\n|t:|1699233034\n|switch|p2a: True Soldier|Espathra, M|100\/100\n|-damage|p2a: True Soldier|84\/100|[from] Spikes\n|turn|20\n|\n|t:|1699233043\n|-terastallize|p1a: Haha Long Boi|Flying\n|move|p2a: True Soldier|Protect|p2a: True Soldier\n|-singleturn|p2a: True Soldier|Protect\n|move|p1a: Haha Long Boi|Swords Dance|p1a: Haha Long Boi\n|-boost|p1a: Haha Long Boi|atk|2\n|\n|-heal|p2a: True Soldier|90\/100|[from] Grassy Terrain\n|-heal|p2a: True Soldier|96\/100|[from] item: Leftovers\n|-ability|p2a: True Soldier|Speed Boost|boost\n|-boost|p2a: True Soldier|spe|1\n|upkeep\n|turn|21\n|\n|t:|1699233053\n|move|p1a: Haha Long Boi|Dire Claw|p2a: True Soldier\n|-damage|p2a: True Soldier|0 fnt\n|faint|p2a: True Soldier\n|\n|upkeep\n|\n|t:|1699233060\n|switch|p2a: Shifu|Urshifu, M|100\/100\n|-damage|p2a: Shifu|84\/100|[from] Spikes\n|turn|22\n|\n|t:|1699233064\n|move|p2a: Shifu|Sucker Punch|p1a: Haha Long Boi\n|-damage|p1a: Haha Long Boi|27\/100\n|move|p1a: Haha Long Boi|Acrobatics|p2a: Shifu\n|-supereffective|p2a: Shifu\n|-damage|p2a: Shifu|0 fnt\n|faint|p2a: Shifu\n|\n|-fieldend|move: Grassy Terrain\n|upkeep\n|\n|t:|1699233071\n|switch|p2a: Zacian-Hero|Zacian|100\/100\n|-ability|p2a: Zacian-Hero|Intrepid Sword|boost\n|-boost|p2a: Zacian-Hero|atk|1\n|turn|23\n|\n|t:|1699233077\n|move|p1a: Haha Long Boi|Dire Claw|p2a: Zacian-Hero\n|-supereffective|p2a: Zacian-Hero\n|-damage|p2a: Zacian-Hero|0 fnt\n|faint|p2a: Zacian-Hero\n|\n|win|GratedsShtickface\n|c|\u2606GratedsShtickface|gg\n","uploadtime":1699233083,"views":9,"p1id":"gratedsshtickface","p2id":"adpgalt","formatid":"gen9ubers","rating":0,"private":0,"password":""}