{"id":"gen9ubers-1992149640","p1":"yhhyhyh","p2":"KamilouSensei","format":"[Gen 9] Ubers","log":"|j|\u2606yhhyhyh\n|j|\u2606KamilouSensei\n|t:|1700159137\n|gametype|singles\n|player|p1|yhhyhyh|101|1081\n|player|p2|KamilouSensei|benga|1154\n|teamsize|p1|6\n|teamsize|p2|6\n|gen|9\n|tier|[Gen 9] Ubers\n|rated|\n|rule|Sleep Clause Mod: Limit one foe put to sleep\n|rule|Species Clause: Limit one of each Pok\u00e9mon\n|rule|OHKO Clause: OHKO moves are banned\n|rule|Evasion Items Clause: Evasion items are banned\n|rule|Evasion Moves Clause: Evasion moves are banned\n|rule|Endless Battle Clause: Forcing endless battles is banned\n|rule|HP Percentage Mod: HP is shown in percentages\n|clearpoke\n|poke|p1|Kingambit, M|\n|poke|p1|Zamazenta-*|\n|poke|p1|Mewtwo|\n|poke|p1|Spectrier|\n|poke|p1|Zacian-*|\n|poke|p1|Miraidon|\n|poke|p2|Iron Bundle|\n|poke|p2|Glimmora, M|\n|poke|p2|Miraidon|\n|poke|p2|Arceus-Ground|\n|poke|p2|Zacian-*|\n|poke|p2|Koraidon|\n|teampreview\n|\n|t:|1700159149\n|start\n|switch|p1a: Zamazenta|Zamazenta-Crowned|100\/100\n|switch|p2a: Glimmora|Glimmora, M, shiny|100\/100\n|-ability|p1a: Zamazenta|Dauntless Shield|boost\n|-boost|p1a: Zamazenta|def|1\n|turn|1\n|\n|t:|1700159163\n|move|p2a: Glimmora|Stealth Rock|p1a: Zamazenta\n|-sidestart|p1: yhhyhyh|move: Stealth Rock\n|move|p1a: Zamazenta|Close Combat|p2a: Glimmora\n|-damage|p2a: Glimmora|25\/100\n|-unboost|p1a: Zamazenta|def|1\n|-unboost|p1a: Zamazenta|spd|1\n|-activate|p2a: Glimmora|ability: Toxic Debris\n|-sidestart|p1: yhhyhyh|move: Toxic Spikes\n|\n|upkeep\n|turn|2\n|\n|t:|1700159178\n|move|p1a: Zamazenta|Quick Attack|p2a: Glimmora\n|-resisted|p2a: Glimmora\n|-damage|p2a: Glimmora|16\/100\n|-activate|p2a: Glimmora|ability: Toxic Debris\n|-sidestart|p1: yhhyhyh|move: Toxic Spikes\n|move|p2a: Glimmora|Dazzling Gleam|p1a: Zamazenta\n|-damage|p1a: Zamazenta|73\/100\n|\n|upkeep\n|turn|3\n|\n|t:|1700159186\n|move|p2a: Glimmora|Mortal Spin|p1a: Zamazenta\n|-immune|p1a: Zamazenta\n|move|p1a: Zamazenta|Close Combat|p2a: Glimmora\n|-damage|p2a: Glimmora|0 fnt\n|-unboost|p1a: Zamazenta|def|1\n|-unboost|p1a: Zamazenta|spd|1\n|faint|p2a: Glimmora\n|\n|upkeep\n|\n|t:|1700159202\n|switch|p2a: Arceus|Arceus-Ground, shiny|100\/100\n|turn|4\n|inactive|Battle timer is ON: inactive players will automatically lose when time's up. (requested by KamilouSensei)\n|\n|t:|1700159267\n|move|p2a: Arceus|Dragon Dance|p2a: Arceus\n|-boost|p2a: Arceus|atk|1\n|-boost|p2a: Arceus|spe|1\n|move|p1a: Zamazenta|Close Combat|p2a: Arceus\n|-damage|p2a: Arceus|55\/100\n|-unboost|p1a: Zamazenta|def|1\n|-unboost|p1a: Zamazenta|spd|1\n|\n|upkeep\n|turn|5\n|\n|t:|1700159282\n|-terastallize|p1a: Zamazenta|Fighting\n|move|p2a: Arceus|Earthquake|p1a: Zamazenta\n|-damage|p1a: Zamazenta|0 fnt\n|faint|p1a: Zamazenta\n|\n|upkeep\n|\n|t:|1700159292\n|switch|p1a: Miraidon|Miraidon|100\/100\n|-damage|p1a: Miraidon|88\/100|[from] Stealth Rock\n|-status|p1a: Miraidon|tox\n|-fieldstart|move: Electric Terrain|[from] ability: Hadron Engine|[of] p1a: Miraidon\n|turn|6\n|\n|t:|1700159304\n|move|p2a: Arceus|Earthquake|p1a: Miraidon\n|-supereffective|p1a: Miraidon\n|-damage|p1a: Miraidon|0 fnt\n|faint|p1a: Miraidon\n|\n|upkeep\n|\n|t:|1700159310\n|switch|p1a: Zacian|Zacian-Crowned|100\/100\n|-damage|p1a: Zacian|94\/100|[from] Stealth Rock\n|-ability|p1a: Zacian|Intrepid Sword|boost\n|-boost|p1a: Zacian|atk|1\n|turn|7\n|\n|t:|1700159316\n|move|p2a: Arceus|Earthquake|p1a: Zacian\n|-supereffective|p1a: Zacian\n|-damage|p1a: Zacian|0 fnt\n|faint|p1a: Zacian\n|\n|upkeep\n|\n|t:|1700159324\n|switch|p1a: Kingambit|Kingambit, M|100\/100\n|-damage|p1a: Kingambit|94\/100|[from] Stealth Rock\n|-activate|p1a: Kingambit|ability: Supreme Overlord\n|-start|p1a: Kingambit|fallen3|[silent]\n|turn|8\n|\n|t:|1700159332\n|move|p2a: Arceus|Dragon Dance|p2a: Arceus\n|-boost|p2a: Arceus|atk|1\n|-boost|p2a: Arceus|spe|1\n|move|p1a: Kingambit|Dark Pulse|p2a: Arceus\n|-damage|p2a: Arceus|36\/100\n|\n|upkeep\n|turn|9\n|\n|t:|1700159340\n|move|p2a: Arceus|Earthquake|p1a: Kingambit\n|-supereffective|p1a: Kingambit\n|-damage|p1a: Kingambit|0 fnt\n|faint|p1a: Kingambit\n|-end|p1a: Kingambit|fallen3|[silent]\n|\n|upkeep\n|\n|t:|1700159345\n|switch|p1a: Mewtwo|Mewtwo|100\/100\n|-ability|p1a: Mewtwo|Unnerve\n|-damage|p1a: Mewtwo|88\/100|[from] Stealth Rock\n|-status|p1a: Mewtwo|tox\n|turn|10\n|\n|t:|1700159353\n|move|p2a: Arceus|Earthquake|p1a: Mewtwo\n|-damage|p1a: Mewtwo|0 fnt\n|faint|p1a: Mewtwo\n|\n|-fieldend|move: Electric Terrain\n|upkeep\n|-message|yhhyhyh forfeited.\n|\n|win|KamilouSensei\n|raw|yhhyhyh's rating: 1081 &rarr; <strong>1063<\/strong><br \/>(-18 for losing)\n|raw|KamilouSensei's rating: 1154 &rarr; <strong>1174<\/strong><br \/>(+20 for winning)\n|l|\u2606yhhyhyh\n","uploadtime":1700159364,"views":13,"p1id":"yhhyhyh","p2id":"kamilousensei","formatid":"gen9ubers","rating":1063,"private":0,"password":""}