{"id":"gen9ubers-1973676265","p1":"SunnyV580","p2":"IceShadow92","format":"[Gen 9] Ubers","log":"|j|\u2606SunnyV580\n|j|\u2606IceShadow92\n|t:|1698002339\n|gametype|singles\n|player|p1|SunnyV580|2|1000\n|player|p2|IceShadow92|colress|1073\n|teamsize|p1|6\n|teamsize|p2|6\n|gen|9\n|tier|[Gen 9] Ubers\n|rated|\n|rule|Sleep Clause Mod: Limit one foe put to sleep\n|rule|Species Clause: Limit one of each Pok\u00e9mon\n|rule|OHKO Clause: OHKO moves are banned\n|rule|Evasion Items Clause: Evasion items are banned\n|rule|Evasion Moves Clause: Evasion moves are banned\n|rule|Endless Battle Clause: Forcing endless battles is banned\n|rule|HP Percentage Mod: HP is shown in percentages\n|clearpoke\n|poke|p1|Kyogre|\n|poke|p1|Qwilfish-Hisui, F|\n|poke|p1|Basculegion, M|\n|poke|p1|Arceus-Fairy|\n|poke|p1|Iron Treads|\n|poke|p1|Giratina-Origin|\n|poke|p2|Magearna|\n|poke|p2|Ogerpon-Hearthflame, F|\n|poke|p2|Koraidon|\n|poke|p2|Corviknight, F|\n|poke|p2|Flutter Mane|\n|poke|p2|Great Tusk|\n|teampreview\n|inactive|Battle timer is ON: inactive players will automatically lose when time's up. (requested by SunnyV580)\n|\n|t:|1698002346\n|start\n|switch|p1a: Kyogre|Kyogre|100\/100\n|switch|p2a: Koraidon|Koraidon|100\/100\n|-weather|SunnyDay|[from] ability: Orichalcum Pulse|[of] p2a: Koraidon\n|-activate|p2a: Koraidon|Orichalcum Pulse|[source]\n|-weather|RainDance|[from] ability: Drizzle|[of] p1a: Kyogre\n|turn|1\n|\n|t:|1698002362\n|move|p2a: Koraidon|U-turn|p1a: Kyogre\n|-damage|p1a: Kyogre|84\/100\n|\n|t:|1698002371\n|switch|p2a: Magearna|Magearna|100\/100|[from] U-turn\n|move|p1a: Kyogre|Ice Beam|p2a: Magearna\n|-resisted|p2a: Magearna\n|-damage|p2a: Magearna|91\/100\n|\n|-weather|RainDance|[upkeep]\n|-heal|p2a: Magearna|97\/100|[from] item: Leftovers\n|upkeep\n|turn|2\n|\n|t:|1698002387\n|switch|p1a: Iron Treads|Iron Treads|100\/100\n|move|p2a: Magearna|Spikes|p1a: Iron Treads\n|-sidestart|p1: SunnyV580|Spikes\n|\n|-weather|RainDance|[upkeep]\n|-heal|p2a: Magearna|100\/100|[from] item: Leftovers\n|upkeep\n|turn|3\n|\n|t:|1698002411\n|switch|p2a: Corviknight|Corviknight, F|100\/100\n|move|p1a: Iron Treads|Rapid Spin|p2a: Corviknight\n|-resisted|p2a: Corviknight\n|-damage|p2a: Corviknight|96\/100\n|-boost|p1a: Iron Treads|spe|1\n|-sideend|p1: SunnyV580|Spikes|[from] move: Rapid Spin|[of] p1a: Iron Treads\n|\n|-weather|RainDance|[upkeep]\n|upkeep\n|turn|4\n|\n|t:|1698002436\n|move|p1a: Iron Treads|Knock Off|p2a: Corviknight\n|-damage|p2a: Corviknight|80\/100\n|-enditem|p2a: Corviknight|Heavy-Duty Boots|[from] move: Knock Off|[of] p1a: Iron Treads\n|move|p2a: Corviknight|U-turn|p1a: Iron Treads\n|-resisted|p1a: Iron Treads\n|-damage|p1a: Iron Treads|95\/100\n|\n|t:|1698002444\n|switch|p2a: Koraidon|Koraidon|100\/100|[from] U-turn\n|-weather|SunnyDay|[from] ability: Orichalcum Pulse|[of] p2a: Koraidon\n|-activate|p2a: Koraidon|Orichalcum Pulse|[source]\n|\n|-weather|SunnyDay|[upkeep]\n|-heal|p1a: Iron Treads|100\/100|[from] item: Leftovers\n|upkeep\n|turn|5\n|inactive|SunnyV580 has 120 seconds left.\n|\n|t:|1698002477\n|-end|p1a: Iron Treads|Quark Drive|[silent]\n|switch|p1a: Arceus|Arceus-Fairy|100\/100\n|move|p2a: Koraidon|Drain Punch|p1a: Arceus\n|-resisted|p1a: Arceus\n|-damage|p1a: Arceus|84\/100\n|\n|-weather|SunnyDay|[upkeep]\n|upkeep\n|turn|6\n|\n|t:|1698002496\n|switch|p2a: Ogerpon|Ogerpon-Hearthflame, F|100\/100\n|-ability|p2a: Ogerpon|Mold Breaker\n|move|p1a: Arceus|Calm Mind|p1a: Arceus\n|-boost|p1a: Arceus|spa|1\n|-boost|p1a: Arceus|spd|1\n|\n|-weather|SunnyDay|[upkeep]\n|upkeep\n|turn|7\n|\n|t:|1698002505\n|move|p2a: Ogerpon|Swords Dance|p2a: Ogerpon\n|-boost|p2a: Ogerpon|atk|2\n|move|p1a: Arceus|Judgment|p2a: Ogerpon\n|-resisted|p2a: Ogerpon\n|-damage|p2a: Ogerpon|60\/100\n|\n|-weather|SunnyDay|[upkeep]\n|upkeep\n|turn|8\n|\n|t:|1698002517\n|move|p2a: Ogerpon|Ivy Cudgel|p1a: Arceus\n|-damage|p1a: Arceus|0 fnt\n|faint|p1a: Arceus\n|\n|-weather|none\n|upkeep\n|-message|SunnyV580 forfeited.\n|\n|win|IceShadow92\n|raw|SunnyV580's rating: 1000 &rarr; <strong>1000<\/strong><br \/>(+0 for losing)\n|raw|IceShadow92's rating: 1073 &rarr; <strong>1096<\/strong><br \/>(+23 for winning)\n|l|\u2606SunnyV580\n","uploadtime":1698002766,"views":10,"p1id":"sunnyv580","p2id":"iceshadow92","formatid":"gen9ubers","rating":1000,"private":0,"password":""}