{"id":"gen9ubers-1983357758","p1":"Josnic","p2":"Alk0","format":"[Gen 9] Ubers","log":"|j|\u2606Josnic\n|j|\u2606Alk0\n|t:|1699121699\n|gametype|singles\n|player|p1|Josnic|riley|1075\n|player|p2|Alk0|psychic|1052\n|teamsize|p1|6\n|teamsize|p2|6\n|gen|9\n|tier|[Gen 9] Ubers\n|rated|\n|rule|Sleep Clause Mod: Limit one foe put to sleep\n|rule|Species Clause: Limit one of each Pok\u00e9mon\n|rule|OHKO Clause: OHKO moves are banned\n|rule|Evasion Items Clause: Evasion items are banned\n|rule|Evasion Moves Clause: Evasion moves are banned\n|rule|Endless Battle Clause: Forcing endless battles is banned\n|rule|HP Percentage Mod: HP is shown in percentages\n|clearpoke\n|poke|p1|Goodra-Hisui, M|\n|poke|p1|Iron Bundle|\n|poke|p1|Gholdengo|\n|poke|p1|Ceruledge, M|\n|poke|p1|Rillaboom, M|\n|poke|p1|Ogerpon-Hearthflame, F|\n|poke|p2|Iron Moth|\n|poke|p2|Dragapult, M|\n|poke|p2|Azumarill, F|\n|poke|p2|Spectrier|\n|poke|p2|Regieleki|\n|poke|p2|Mamoswine, F|\n|teampreview\n|inactive|Battle timer is ON: inactive players will automatically lose when time's up. (requested by Josnic)\n|\n|t:|1699121714\n|start\n|switch|p1a: Rillaboom|Rillaboom, M, shiny|100\/100\n|switch|p2a: Mamoswine|Mamoswine, F|100\/100\n|-fieldstart|move: Grassy Terrain|[from] ability: Grassy Surge|[of] p1a: Rillaboom\n|turn|1\n|\n|t:|1699121725\n|move|p1a: Rillaboom|Fake Out|p2a: Mamoswine\n|-damage|p2a: Mamoswine|86\/100\n|cant|p2a: Mamoswine|flinch\n|\n|-heal|p2a: Mamoswine|92\/100|[from] Grassy Terrain\n|upkeep\n|turn|2\n|\n|t:|1699121738\n|move|p1a: Rillaboom|Knock Off|p2a: Mamoswine\n|-damage|p2a: Mamoswine|54\/100\n|-enditem|p2a: Mamoswine|Aguav Berry|[from] move: Knock Off|[of] p1a: Rillaboom\n|move|p2a: Mamoswine|Icicle Spear|p1a: Rillaboom\n|-supereffective|p1a: Rillaboom\n|-damage|p1a: Rillaboom|72\/100\n|-supereffective|p1a: Rillaboom\n|-crit|p1a: Rillaboom\n|-damage|p1a: Rillaboom|27\/100\n|-hitcount|p1a: Rillaboom|2\n|\n|-heal|p1a: Rillaboom|33\/100|[from] Grassy Terrain\n|-heal|p2a: Mamoswine|60\/100|[from] Grassy Terrain\n|upkeep\n|turn|3\n|\n|t:|1699121749\n|move|p1a: Rillaboom|U-turn|p2a: Mamoswine\n|-damage|p2a: Mamoswine|32\/100\n|\n|t:|1699121756\n|switch|p1a: Goodra|Goodra-Hisui, M, shiny|100\/100|[from] U-turn\n|move|p2a: Mamoswine|Icicle Spear|p1a: Goodra\n|-damage|p1a: Goodra|90\/100\n|-damage|p1a: Goodra|80\/100\n|-damage|p1a: Goodra|70\/100\n|-hitcount|p1a: Goodra|3\n|\n|-heal|p2a: Mamoswine|38\/100|[from] Grassy Terrain\n|-heal|p1a: Goodra|76\/100|[from] Grassy Terrain\n|-heal|p1a: Goodra|82\/100|[from] item: Leftovers\n|upkeep\n|turn|4\n|\n|t:|1699121768\n|move|p2a: Mamoswine|Earthquake|p1a: Goodra\n|-supereffective|p1a: Goodra\n|-damage|p1a: Goodra|46\/100\n|move|p1a: Goodra|Body Press|p2a: Mamoswine\n|-supereffective|p2a: Mamoswine\n|-damage|p2a: Mamoswine|0 fnt\n|faint|p2a: Mamoswine\n|\n|-heal|p1a: Goodra|52\/100|[from] Grassy Terrain\n|-heal|p1a: Goodra|58\/100|[from] item: Leftovers\n|upkeep\n|\n|t:|1699121788\n|switch|p2a: Azumarill|Azumarill, F|100\/100\n|turn|5\n|\n|t:|1699121792\n|move|p1a: Goodra|Heavy Slam|p2a: Azumarill\n|-damage|p2a: Azumarill|58\/100\n|move|p2a: Azumarill|Ice Beam|p1a: Goodra\n|-damage|p1a: Goodra|46\/100\n|-status|p1a: Goodra|frz\n|\n|-heal|p1a: Goodra|52\/100 frz|[from] Grassy Terrain\n|-heal|p1a: Goodra|58\/100 frz|[from] item: Leftovers\n|-heal|p2a: Azumarill|64\/100|[from] Grassy Terrain\n|-fieldend|move: Grassy Terrain\n|upkeep\n|turn|6\n|\n|t:|1699121804\n|switch|p1a: Ogerpon|Ogerpon-Hearthflame, F|100\/100\n|-ability|p1a: Ogerpon|Mold Breaker\n|move|p2a: Azumarill|Draining Kiss|p1a: Ogerpon\n|-resisted|p1a: Ogerpon\n|-crit|p1a: Ogerpon\n|-damage|p1a: Ogerpon|84\/100\n|-heal|p2a: Azumarill|74\/100|[from] drain|[of] p1a: Ogerpon\n|\n|upkeep\n|turn|7\n|\n|t:|1699121828\n|switch|p2a: Iron Moth|Iron Moth|100\/100\n|move|p1a: Ogerpon|Swords Dance|p1a: Ogerpon\n|-boost|p1a: Ogerpon|atk|2\n|\n|upkeep\n|turn|8\n|\n|t:|1699121839\n|-terastallize|p1a: Ogerpon|Fire\n|detailschange|p1a: Ogerpon|Ogerpon-Hearthflame-Tera, F, tera:Fire\n|-ability|p1a: Ogerpon|Embody Aspect (Hearthflame)|boost\n|-boost|p1a: Ogerpon|atk|1\n|move|p1a: Ogerpon|Ivy Cudgel|p2a: Iron Moth\n|-resisted|p2a: Iron Moth\n|-crit|p2a: Iron Moth\n|-damage|p2a: Iron Moth|0 fnt\n|faint|p2a: Iron Moth\n|-end|p2a: Iron Moth|Quark Drive|[silent]\n|\n|upkeep\n|\n|t:|1699121848\n|switch|p2a: Regieleki|Regieleki|100\/100\n|turn|9\n|\n|t:|1699121854\n|move|p1a: Ogerpon|Spiky Shield|p1a: Ogerpon\n|-singleturn|p1a: Ogerpon|move: Protect\n|move|p2a: Regieleki|Explosion|p1a: Ogerpon\n|-activate|p1a: Ogerpon|move: Protect\n|faint|p2a: Regieleki\n|\n|upkeep\n|-message|Alk0 forfeited.\n|\n|win|Josnic\n|raw|Josnic's rating: 1075 &rarr; <strong>1102<\/strong><br \/>(+27 for winning)\n|raw|Alk0's rating: 1052 &rarr; <strong>1035<\/strong><br \/>(-17 for losing)\n|l|\u2606Alk0\n","uploadtime":1699121869,"views":11,"p1id":"josnic","p2id":"alk0","formatid":"gen9ubers","rating":1035,"private":0,"password":""}