{"id":"gen9ubers-1979667256","p1":"epicowl10","p2":"coois","format":"[Gen 9] Ubers","log":"|j|\u2606epicowl10\n|j|\u2606coois\n|t:|1698701455\n|gametype|singles\n|player|p1|epicowl10|backers|\n|player|p2|coois|steven|\n|teamsize|p1|6\n|teamsize|p2|6\n|gen|9\n|tier|[Gen 9] Ubers\n|rule|Sleep Clause Mod: Limit one foe put to sleep\n|rule|Species Clause: Limit one of each Pok\u00e9mon\n|rule|OHKO Clause: OHKO moves are banned\n|rule|Evasion Items Clause: Evasion items are banned\n|rule|Evasion Moves Clause: Evasion moves are banned\n|rule|Endless Battle Clause: Forcing endless battles is banned\n|rule|HP Percentage Mod: HP is shown in percentages\n|clearpoke\n|poke|p1|Ditto|\n|poke|p1|Chandelure, M|\n|poke|p1|Decidueye, M|\n|poke|p1|Meowscarada, F|\n|poke|p1|Landorus-Therian, M|\n|poke|p1|Regieleki|\n|poke|p2|Gengar, F|\n|poke|p2|Iron Bundle|\n|poke|p2|Grimmsnarl, M|\n|poke|p2|Haxorus, F|\n|poke|p2|Leafeon, F|\n|poke|p2|Hydreigon, F|\n|teampreview\n|\n|t:|1698701542\n|start\n|switch|p1a: Meowscarada|Meowscarada, F|100\/100\n|switch|p2a: Serving|Grimmsnarl, M, shiny|100\/100\n|turn|1\n|\n|t:|1698701555\n|move|p2a: Serving|Light Screen|p2a: Serving\n|-sidestart|p2: coois|move: Light Screen\n|move|p1a: Meowscarada|Flower Trick|p2a: Serving\n|-start|p1a: Meowscarada|typechange|Grass|[from] ability: Protean\n|-crit|p2a: Serving\n|-damage|p2a: Serving|10\/100\n|\n|upkeep\n|turn|2\n|\n|t:|1698701586\n|switch|p1a: Landorus|Landorus-Therian, M|100\/100\n|-ability|p1a: Landorus|Intimidate|boost\n|-unboost|p2a: Serving|atk|1\n|move|p2a: Serving|Parting Shot|p1a: Landorus\n|-unboost|p1a: Landorus|atk|1\n|-unboost|p1a: Landorus|spa|1\n|\n|t:|1698701605\n|switch|p2a: Leafeon|Leafeon, F|100\/100|[from] Parting Shot\n|\n|upkeep\n|turn|3\n|\n|t:|1698701637\n|switch|p1a: Decidueye|Decidueye, M|100\/100\n|move|p2a: Leafeon|Leaf Blade|p1a: Decidueye\n|-resisted|p1a: Decidueye\n|-damage|p1a: Decidueye|80\/100\n|\n|-heal|p1a: Decidueye|86\/100|[from] item: Leftovers\n|upkeep\n|turn|4\n|\n|t:|1698701658\n|move|p2a: Leafeon|Tera Blast|p1a: Decidueye\n|-immune|p1a: Decidueye\n|move|p1a: Decidueye|Spirit Shackle|p2a: Leafeon\n|-damage|p2a: Leafeon|78\/100\n|-activate|p2a: Leafeon|trapped\n|\n|-heal|p1a: Decidueye|92\/100|[from] item: Leftovers\n|upkeep\n|turn|5\n|c|\u2606coois|LOL\n|\n|t:|1698701678\n|-terastallize|p2a: Leafeon|Water\n|move|p2a: Leafeon|Tera Blast|p1a: Decidueye|[anim] Tera Blast Water\n|-resisted|p1a: Decidueye\n|-damage|p1a: Decidueye|74\/100\n|move|p1a: Decidueye|Spirit Shackle|p2a: Leafeon\n|-damage|p2a: Leafeon|55\/100\n|\n|-heal|p1a: Decidueye|80\/100|[from] item: Leftovers\n|upkeep\n|turn|6\n|\n|t:|1698701692\n|move|p2a: Leafeon|Leaf Blade|p1a: Decidueye\n|-resisted|p1a: Decidueye\n|-crit|p1a: Decidueye\n|-damage|p1a: Decidueye|47\/100\n|move|p1a: Decidueye|Spirit Shackle|p2a: Leafeon\n|-damage|p2a: Leafeon|32\/100\n|\n|-heal|p1a: Decidueye|54\/100|[from] item: Leftovers\n|upkeep\n|turn|7\n|\n|t:|1698701701\n|move|p2a: Leafeon|Protect|p2a: Leafeon\n|-singleturn|p2a: Leafeon|Protect\n|move|p1a: Decidueye|Roost|p1a: Decidueye\n|-heal|p1a: Decidueye|100\/100\n|-singleturn|p1a: Decidueye|move: Roost\n|\n|upkeep\n|turn|8\n|\n|t:|1698701716\n|move|p2a: Leafeon|Wish|p2a: Leafeon\n|move|p1a: Decidueye|Leaf Blade|p2a: Leafeon\n|-supereffective|p2a: Leafeon\n|-damage|p2a: Leafeon|0 fnt\n|faint|p2a: Leafeon\n|\n|-sideend|p2: coois|move: Light Screen\n|upkeep\n|\n|t:|1698701723\n|switch|p2a: Hydreigon|Hydreigon, F|100\/100\n|turn|9\n|\n|t:|1698701747\n|-terastallize|p1a: Decidueye|Water\n|move|p2a: Hydreigon|Flamethrower|p1a: Decidueye\n|-resisted|p1a: Decidueye\n|-damage|p1a: Decidueye|84\/100\n|move|p1a: Decidueye|U-turn|p2a: Hydreigon\n|-supereffective|p2a: Hydreigon\n|-damage|p2a: Hydreigon|62\/100\n|\n|t:|1698701759\n|switch|p1a: Landorus|Landorus-Therian, M|100\/100|[from] U-turn\n|-ability|p1a: Landorus|Intimidate|boost\n|-unboost|p2a: Hydreigon|atk|1\n|\n|-heal|p2a: Hydreigon|100\/100|[from] move: Wish|[wisher] Leafeon\n|upkeep\n|turn|10\n|\n|t:|1698701786\n|switch|p2a: Greg|Gengar, F|100\/100\n|move|p1a: Landorus|Hammer Arm|p2a: Greg\n|-immune|p2a: Greg\n|\n|upkeep\n|turn|11\n|\n|t:|1698701793\n|move|p2a: Greg|Energy Ball|p1a: Landorus\n|-damage|p1a: Landorus|80\/100\n|move|p1a: Landorus|Earthquake|p2a: Greg\n|-supereffective|p2a: Greg\n|-crit|p2a: Greg\n|-damage|p2a: Greg|0 fnt\n|faint|p2a: Greg\n|\n|upkeep\n|\n|t:|1698701822\n|switch|p2a: Edgy MF|Haxorus, F, shiny|100\/100\n|-ability|p2a: Edgy MF|Mold Breaker\n|turn|12\n|\n|t:|1698701830\n|move|p2a: Edgy MF|Swords Dance|p2a: Edgy MF\n|-boost|p2a: Edgy MF|atk|2\n|move|p1a: Landorus|U-turn|p2a: Edgy MF\n|-damage|p2a: Edgy MF|64\/100\n|\n|t:|1698701834\n|switch|p1a: Ditto|Ditto|100\/100|[from] U-turn\n|-transform|p1a: Ditto|p2a: Edgy MF|[from] ability: Imposter\n|-ability|p1a: Ditto|Mold Breaker\n|\n|upkeep\n|turn|13\n|\n|t:|1698701851\n|move|p1a: Ditto|Earthquake|p2a: Edgy MF\n|-damage|p2a: Edgy MF|0 fnt\n|faint|p2a: Edgy MF\n|\n|upkeep\n|\n|t:|1698701861\n|switch|p2a: Serving|Grimmsnarl, M, shiny|10\/100\n|turn|14\n|\n|t:|1698701871\n|move|p2a: Serving|Reflect|p2a: Serving\n|-sidestart|p2: coois|Reflect\n|move|p1a: Ditto|Earthquake|p2a: Serving\n|-damage|p2a: Serving|0 fnt\n|faint|p2a: Serving\n|\n|upkeep\n|\n|t:|1698701876\n|switch|p2a: Hydreigon|Hydreigon, F|100\/100\n|turn|15\n|\n|t:|1698701894\n|switch|p1a: Landorus|Landorus-Therian, M|80\/100\n|-ability|p1a: Landorus|Intimidate|boost\n|-unboost|p2a: Hydreigon|atk|1\n|move|p2a: Hydreigon|Draco Meteor|p1a: Landorus\n|-damage|p1a: Landorus|11\/100\n|-unboost|p2a: Hydreigon|spa|2\n|\n|upkeep\n|turn|16\n|\n|t:|1698701906\n|move|p2a: Hydreigon|Draco Meteor|p1a: Landorus\n|-damage|p1a: Landorus|0 fnt\n|-unboost|p2a: Hydreigon|spa|2\n|faint|p1a: Landorus\n|\n|upkeep\n|\n|t:|1698701922\n|switch|p1a: Ditto|Ditto|100\/100\n|-transform|p1a: Ditto|p2a: Hydreigon|[from] ability: Imposter\n|turn|17\n|\n|t:|1698701932\n|switch|p2a: Robo Bitch|Iron Bundle|100\/100\n|-enditem|p2a: Robo Bitch|Booster Energy\n|-activate|p2a: Robo Bitch|ability: Quark Drive|[fromitem]\n|-start|p2a: Robo Bitch|quarkdrivespe\n|move|p1a: Ditto|U-turn|p2a: Robo Bitch\n|-damage|p2a: Robo Bitch|94\/100\n|\n|t:|1698701983\n|switch|p1a: Decidueye|Decidueye, M, tera:Water|84\/100|[from] U-turn\n|\n|-heal|p1a: Decidueye|90\/100|[from] item: Leftovers\n|upkeep\n|turn|18\n|\n|t:|1698701993\n|move|p2a: Robo Bitch|Freeze-Dry|p1a: Decidueye\n|-supereffective|p1a: Decidueye\n|-damage|p1a: Decidueye|42\/100\n|move|p1a: Decidueye|Roost|p1a: Decidueye\n|-heal|p1a: Decidueye|92\/100\n|\n|-heal|p1a: Decidueye|98\/100|[from] item: Leftovers\n|upkeep\n|turn|19\n|\n|t:|1698702008\n|move|p2a: Robo Bitch|Freeze-Dry|p1a: Decidueye\n|-supereffective|p1a: Decidueye\n|-damage|p1a: Decidueye|46\/100\n|move|p1a: Decidueye|Roost|p1a: Decidueye\n|-heal|p1a: Decidueye|96\/100\n|\n|-heal|p1a: Decidueye|100\/100|[from] item: Leftovers\n|upkeep\n|turn|20\n|\n|t:|1698702017\n|move|p2a: Robo Bitch|Freeze-Dry|p1a: Decidueye\n|-supereffective|p1a: Decidueye\n|-damage|p1a: Decidueye|55\/100\n|move|p1a: Decidueye|Roost|p1a: Decidueye\n|-heal|p1a: Decidueye|100\/100\n|\n|upkeep\n|turn|21\n|\n|t:|1698702023\n|move|p2a: Robo Bitch|Freeze-Dry|p1a: Decidueye\n|-supereffective|p1a: Decidueye\n|-damage|p1a: Decidueye|53\/100\n|move|p1a: Decidueye|Roost|p1a: Decidueye\n|-heal|p1a: Decidueye|100\/100\n|\n|-sideend|p2: coois|Reflect\n|upkeep\n|turn|22\n|\n|t:|1698702049\n|move|p2a: Robo Bitch|Freeze-Dry|p1a: Decidueye\n|-supereffective|p1a: Decidueye\n|-damage|p1a: Decidueye|49\/100\n|move|p1a: Decidueye|Leaf Blade|p2a: Robo Bitch\n|-supereffective|p2a: Robo Bitch\n|-damage|p2a: Robo Bitch|14\/100\n|\n|-heal|p1a: Decidueye|55\/100|[from] item: Leftovers\n|upkeep\n|turn|23\n|\n|t:|1698702066\n|move|p2a: Robo Bitch|Flip Turn|p1a: Decidueye\n|-resisted|p1a: Decidueye\n|-crit|p1a: Decidueye\n|-damage|p1a: Decidueye|42\/100\n|\n|t:|1698702070\n|-end|p2a: Robo Bitch|Quark Drive|[silent]\n|switch|p2a: Hydreigon|Hydreigon, F|100\/100|[from] Flip Turn\n|move|p1a: Decidueye|U-turn|p2a: Hydreigon\n|-supereffective|p2a: Hydreigon\n|-damage|p2a: Hydreigon|63\/100\n|\n|t:|1698702103\n|switch|p1a: Regieleki|Regieleki|100\/100|[from] U-turn\n|\n|upkeep\n|turn|24\n|\n|t:|1698702146\n|move|p1a: Regieleki|Thunderbolt|p2a: Hydreigon\n|-resisted|p2a: Hydreigon\n|-damage|p2a: Hydreigon|16\/100\n|move|p2a: Hydreigon|Dark Pulse|p1a: Regieleki\n|-damage|p1a: Regieleki|0 fnt\n|faint|p1a: Regieleki\n|\n|upkeep\n|\n|t:|1698702158\n|switch|p1a: Ditto|Ditto|100\/100\n|-transform|p1a: Ditto|p2a: Hydreigon|[from] ability: Imposter\n|turn|25\n|\n|t:|1698702171\n|move|p1a: Ditto|Dark Pulse|p2a: Hydreigon\n|-resisted|p2a: Hydreigon\n|-damage|p2a: Hydreigon|0 fnt\n|faint|p2a: Hydreigon\n|\n|upkeep\n|\n|t:|1698702175\n|switch|p2a: Robo Bitch|Iron Bundle|14\/100\n|turn|26\n|\n|t:|1698702177\n|move|p1a: Ditto|Dark Pulse|p2a: Robo Bitch\n|-damage|p2a: Robo Bitch|0 fnt\n|faint|p2a: Robo Bitch\n|-end|p2a: Robo Bitch|Quark Drive|[silent]\n|\n|win|epicowl10\n|c|\u2606epicowl10|gg\n|c|\u2606coois|gg\n|l|\u2606coois\n","uploadtime":1698702189,"views":24,"p1id":"epicowl10","p2id":"coois","formatid":"gen9ubers","rating":0,"private":0,"password":""}