{"id":"gen9ubers-1982377338","p1":"stampydog","p2":"amosamoswong","format":"[Gen 9] Ubers","log":"|j|\u2606stampydog\n|j|\u2606amosamoswong\n|t:|1699006631\n|gametype|singles\n|player|p1|stampydog|ethan|\n|player|p2|amosamoswong|teamrocket|\n|teamsize|p1|6\n|teamsize|p2|6\n|gen|9\n|tier|[Gen 9] Ubers\n|rule|Sleep Clause Mod: Limit one foe put to sleep\n|rule|Species Clause: Limit one of each Pok\u00e9mon\n|rule|OHKO Clause: OHKO moves are banned\n|rule|Evasion Items Clause: Evasion items are banned\n|rule|Evasion Moves Clause: Evasion moves are banned\n|rule|Endless Battle Clause: Forcing endless battles is banned\n|rule|HP Percentage Mod: HP is shown in percentages\n|clearpoke\n|poke|p1|Magearna|\n|poke|p1|Shaymin-Sky|\n|poke|p1|Zacian-*|\n|poke|p1|Palkia-Origin|\n|poke|p1|Volcarona, F|\n|poke|p1|Gliscor, M|\n|poke|p2|Dragonite, M|\n|poke|p2|Rillaboom, F|\n|poke|p2|Cyclizar, F|\n|poke|p2|Urshifu-*, M|\n|poke|p2|Volcarona, F|\n|poke|p2|Basculegion-F, F|\n|teampreview\n|\n|t:|1699006667\n|start\n|switch|p1a: Shaymin|Shaymin-Sky|100\/100\n|switch|p2a: Cyclizar|Cyclizar, F|100\/100\n|turn|1\n|\n|t:|1699006687\n|move|p1a: Shaymin|Air Slash|p2a: Cyclizar\n|-crit|p2a: Cyclizar\n|-damage|p2a: Cyclizar|19\/100\n|cant|p2a: Cyclizar|flinch\n|\n|upkeep\n|turn|2\n|\n|t:|1699006701\n|switch|p2a: Dragonite|Dragonite, M|100\/100\n|move|p1a: Shaymin|Air Slash|p2a: Dragonite\n|-damage|p2a: Dragonite|83\/100\n|\n|upkeep\n|turn|3\n|\n|t:|1699006720\n|switch|p1a: Volcarona|Volcarona, F|100\/100\n|move|p2a: Dragonite|Roost|p2a: Dragonite\n|-heal|p2a: Dragonite|100\/100\n|-singleturn|p2a: Dragonite|move: Roost\n|\n|upkeep\n|turn|4\n|\n|t:|1699006734\n|move|p1a: Volcarona|Will-O-Wisp|p2a: Dragonite\n|-status|p2a: Dragonite|brn\n|move|p2a: Dragonite|Dragon Dance|p2a: Dragonite\n|-boost|p2a: Dragonite|atk|1\n|-boost|p2a: Dragonite|spe|1\n|\n|-damage|p2a: Dragonite|94\/100 brn|[from] brn\n|upkeep\n|turn|5\n|\n|t:|1699006747\n|move|p2a: Dragonite|Dragon Dance|p2a: Dragonite\n|-boost|p2a: Dragonite|atk|1\n|-boost|p2a: Dragonite|spe|1\n|move|p1a: Volcarona|Quiver Dance|p1a: Volcarona\n|-boost|p1a: Volcarona|spa|1\n|-boost|p1a: Volcarona|spd|1\n|-boost|p1a: Volcarona|spe|1\n|\n|-damage|p2a: Dragonite|88\/100 brn|[from] brn\n|upkeep\n|turn|6\n|\n|t:|1699006880\n|move|p2a: Dragonite|Dragon Dance|p2a: Dragonite\n|-boost|p2a: Dragonite|atk|1\n|-boost|p2a: Dragonite|spe|1\n|move|p1a: Volcarona|Quiver Dance|p1a: Volcarona\n|-boost|p1a: Volcarona|spa|1\n|-boost|p1a: Volcarona|spd|1\n|-boost|p1a: Volcarona|spe|1\n|\n|-damage|p2a: Dragonite|82\/100 brn|[from] brn\n|upkeep\n|turn|7\n|\n|t:|1699006905\n|-terastallize|p2a: Dragonite|Normal\n|-terastallize|p1a: Volcarona|Fairy\n|move|p2a: Dragonite|Extreme Speed|p1a: Volcarona\n|-damage|p1a: Volcarona|28\/100\n|move|p1a: Volcarona|Tera Blast|p2a: Dragonite|[anim] Tera Blast Fairy\n|-damage|p2a: Dragonite|0 fnt\n|faint|p2a: Dragonite\n|\n|upkeep\n|\n|t:|1699006920\n|switch|p2a: Rillaboom|Rillaboom, F|100\/100\n|-fieldstart|move: Grassy Terrain|[from] ability: Grassy Surge|[of] p2a: Rillaboom\n|turn|8\n|\n|t:|1699006924\n|switch|p1a: Gliscor|Gliscor, M|100\/100\n|move|p2a: Rillaboom|Grassy Glide|p1a: Gliscor\n|-damage|p1a: Gliscor|67\/100\n|\n|-status|p1a: Gliscor|tox|[from] item: Toxic Orb\n|upkeep\n|turn|9\n|\n|t:|1699006944\n|move|p2a: Rillaboom|Grassy Glide|p1a: Gliscor\n|-damage|p1a: Gliscor|36\/100 tox\n|move|p1a: Gliscor|Stealth Rock|p2a: Rillaboom\n|-sidestart|p2: amosamoswong|move: Stealth Rock\n|\n|-heal|p1a: Gliscor|48\/100 tox|[from] ability: Poison Heal\n|upkeep\n|turn|10\n|\n|t:|1699006957\n|move|p2a: Rillaboom|Grassy Glide|p1a: Gliscor\n|-damage|p1a: Gliscor|17\/100 tox\n|move|p1a: Gliscor|U-turn|p2a: Rillaboom\n|-supereffective|p2a: Rillaboom\n|-damage|p2a: Rillaboom|64\/100\n|\n|t:|1699006965\n|switch|p1a: Shaymin|Shaymin-Sky|100\/100|[from] U-turn\n|\n|-heal|p2a: Rillaboom|70\/100|[from] Grassy Terrain\n|upkeep\n|turn|11\n|\n|t:|1699006983\n|switch|p2a: Cyclizar|Cyclizar, F|52\/100\n|move|p1a: Shaymin|Air Slash|p2a: Cyclizar\n|-damage|p2a: Cyclizar|0 fnt\n|faint|p2a: Cyclizar\n|\n|upkeep\n|\n|t:|1699007035\n|switch|p2a: Rillaboom|Rillaboom, F|70\/100\n|-damage|p2a: Rillaboom|58\/100|[from] Stealth Rock\n|turn|12\n|\n|t:|1699007042\n|move|p2a: Rillaboom|Grassy Glide|p1a: Shaymin\n|-resisted|p1a: Shaymin\n|-damage|p1a: Shaymin|85\/100\n|move|p1a: Shaymin|Air Slash|p2a: Rillaboom\n|-supereffective|p2a: Rillaboom\n|-damage|p2a: Rillaboom|0 fnt\n|faint|p2a: Rillaboom\n|\n|-fieldend|move: Grassy Terrain\n|upkeep\n|\n|t:|1699007056\n|switch|p2a: Basculegion|Basculegion-F, F|100\/100\n|-damage|p2a: Basculegion|88\/100|[from] Stealth Rock\n|turn|13\n|\n|t:|1699007088\n|switch|p1a: Gliscor|Gliscor, M|17\/100 tox\n|move|p2a: Basculegion|Last Respects|p1a: Gliscor\n|-damage|p1a: Gliscor|0 fnt\n|faint|p1a: Gliscor\n|\n|upkeep\n|\n|t:|1699007121\n|switch|p1a: Magearna|Magearna|100\/100\n|turn|14\n|\n|t:|1699007136\n|switch|p2a: Volcarona|Volcarona, F|100\/100\n|move|p1a: Magearna|Thunder Wave|p2a: Volcarona|[miss]\n|-miss|p1a: Magearna|p2a: Volcarona\n|\n|upkeep\n|turn|15\n|\n|t:|1699007145\n|move|p2a: Volcarona|Fiery Dance|p1a: Magearna\n|-supereffective|p1a: Magearna\n|-damage|p1a: Magearna|53\/100\n|move|p1a: Magearna|Thunder Wave|p2a: Volcarona|[miss]\n|-miss|p1a: Magearna|p2a: Volcarona\n|\n|-heal|p1a: Magearna|59\/100|[from] item: Leftovers\n|upkeep\n|turn|16\n|\n|t:|1699007158\n|move|p2a: Volcarona|Quiver Dance|p2a: Volcarona\n|-boost|p2a: Volcarona|spa|1\n|-boost|p2a: Volcarona|spd|1\n|-boost|p2a: Volcarona|spe|1\n|move|p1a: Magearna|Thunder Wave|p2a: Volcarona\n|-status|p2a: Volcarona|par\n|\n|-heal|p1a: Magearna|65\/100|[from] item: Leftovers\n|upkeep\n|turn|17\n|\n|t:|1699007166\n|switch|p1a: Palkia|Palkia-Origin|100\/100\n|-ability|p1a: Palkia|Pressure\n|move|p2a: Volcarona|Quiver Dance|p2a: Volcarona\n|-boost|p2a: Volcarona|spa|1\n|-boost|p2a: Volcarona|spd|1\n|-boost|p2a: Volcarona|spe|1\n|\n|upkeep\n|turn|18\n|\n|t:|1699007180\n|move|p1a: Palkia|Hydro Pump|p2a: Volcarona\n|-supereffective|p2a: Volcarona\n|-damage|p2a: Volcarona|48\/100 par\n|move|p2a: Volcarona|Giga Drain|p1a: Palkia\n|-damage|p1a: Palkia|56\/100\n|-heal|p2a: Volcarona|67\/100 par|[from] drain|[of] p1a: Palkia\n|\n|upkeep\n|turn|19\n|\n|t:|1699007189\n|move|p1a: Palkia|Hydro Pump|p2a: Volcarona\n|-supereffective|p2a: Volcarona\n|-damage|p2a: Volcarona|15\/100 par\n|move|p2a: Volcarona|Giga Drain|p1a: Palkia\n|-damage|p1a: Palkia|8\/100\n|-heal|p2a: Volcarona|36\/100 par|[from] drain|[of] p1a: Palkia\n|\n|upkeep\n|turn|20\n|\n|t:|1699007196\n|move|p1a: Palkia|Hydro Pump|p2a: Volcarona|[miss]\n|-miss|p1a: Palkia|p2a: Volcarona\n|move|p2a: Volcarona|Giga Drain|p1a: Palkia\n|-damage|p1a: Palkia|0 fnt\n|-heal|p2a: Volcarona|39\/100 par|[from] drain|[of] p1a: Palkia\n|faint|p1a: Palkia\n|\n|upkeep\n|\n|t:|1699007204\n|switch|p1a: Zacian|Zacian|100\/100\n|-ability|p1a: Zacian|Intrepid Sword|boost\n|-boost|p1a: Zacian|atk|1\n|turn|21\n|\n|t:|1699007214\n|move|p1a: Zacian|Play Rough|p2a: Volcarona\n|-resisted|p2a: Volcarona\n|-damage|p2a: Volcarona|0 fnt\n|faint|p2a: Volcarona\n|\n|upkeep\n|\n|t:|1699007230\n|switch|p2a: Urshifu|Urshifu, M|100\/100\n|turn|22\n|\n|t:|1699007236\n|switch|p1a: Volcarona|Volcarona, F, tera:Fairy|28\/100\n|move|p2a: Urshifu|Trailblaze|p1a: Volcarona\n|-damage|p1a: Volcarona|5\/100\n|-boost|p2a: Urshifu|spe|1\n|-status|p2a: Urshifu|brn|[from] ability: Flame Body|[of] p1a: Volcarona\n|\n|-damage|p2a: Urshifu|94\/100 brn|[from] brn\n|upkeep\n|turn|23\n|\n|t:|1699007248\n|move|p2a: Urshifu|Trailblaze|p1a: Volcarona\n|-damage|p1a: Volcarona|0 fnt\n|-boost|p2a: Urshifu|spe|1\n|faint|p1a: Volcarona\n|\n|-damage|p2a: Urshifu|88\/100 brn|[from] brn\n|upkeep\n|\n|t:|1699007255\n|switch|p1a: Magearna|Magearna|65\/100\n|turn|24\n|\n|t:|1699007261\n|move|p2a: Urshifu|Drain Punch|p1a: Magearna\n|-damage|p1a: Magearna|50\/100\n|-heal|p2a: Urshifu|96\/100 brn|[from] drain|[of] p1a: Magearna\n|move|p1a: Magearna|Draining Kiss|p2a: Urshifu\n|-supereffective|p2a: Urshifu\n|-damage|p2a: Urshifu|0 fnt\n|-heal|p1a: Magearna|100\/100|[from] drain|[of] p2a: Urshifu\n|faint|p2a: Urshifu\n|-ability|p1a: Magearna|Soul-Heart|boost\n|-boost|p1a: Magearna|spa|1\n|\n|upkeep\n|\n|t:|1699007269\n|switch|p2a: Basculegion|Basculegion-F, F|88\/100\n|-damage|p2a: Basculegion|76\/100|[from] Stealth Rock\n|turn|25\n|\n|t:|1699007274\n|move|p2a: Basculegion|Last Respects|p1a: Magearna\n|-damage|p1a: Magearna|0 fnt\n|faint|p1a: Magearna\n|\n|upkeep\n|\n|t:|1699007278\n|switch|p1a: Zacian|Zacian|100\/100\n|turn|26\n|\n|t:|1699007283\n|move|p2a: Basculegion|Last Respects|p1a: Zacian\n|-damage|p1a: Zacian|0 fnt\n|faint|p1a: Zacian\n|\n|upkeep\n|\n|t:|1699007288\n|switch|p1a: Shaymin|Shaymin-Sky|85\/100\n|turn|27\n|\n|t:|1699007291\n|move|p2a: Basculegion|Last Respects|p1a: Shaymin\n|-damage|p1a: Shaymin|0 fnt\n|faint|p1a: Shaymin\n|\n|win|amosamoswong\n|c|\u2606amosamoswong|ggs\n|c|\u2606stampydog|gg\n","uploadtime":1699007298,"views":25,"p1id":"stampydog","p2id":"amosamoswong","formatid":"gen9ubers","rating":0,"private":0,"password":""}