{"id":"gen9ubers-1984973418","p1":"godiamsosorry","p2":"Kikugi256","format":"[Gen 9] Ubers","log":"|j|\u2606godiamsosorry\n|j|\u2606Kikugi256\n|t:|1699316416\n|gametype|singles\n|player|p1|godiamsosorry|lady|\n|player|p2|Kikugi256|collector|\n|teamsize|p1|6\n|teamsize|p2|6\n|gen|9\n|tier|[Gen 9] Ubers\n|rule|Sleep Clause Mod: Limit one foe put to sleep\n|rule|Species Clause: Limit one of each Pok\u00e9mon\n|rule|OHKO Clause: OHKO moves are banned\n|rule|Evasion Items Clause: Evasion items are banned\n|rule|Evasion Moves Clause: Evasion moves are banned\n|rule|Endless Battle Clause: Forcing endless battles is banned\n|rule|HP Percentage Mod: HP is shown in percentages\n|clearpoke\n|poke|p1|Gliscor, F|\n|poke|p1|Palafin, F|\n|poke|p1|Ogerpon-Wellspring, F|\n|poke|p1|Kingambit, F|\n|poke|p1|Corviknight, F|\n|poke|p1|Iron Valiant|\n|poke|p2|Palafin, F|\n|poke|p2|Ninetales-Alola, M|\n|poke|p2|Abomasnow, M|\n|poke|p2|Avalugg-Hisui, F|\n|poke|p2|Sandslash-Alola, F|\n|poke|p2|Frosmoth, F|\n|teampreview\n|\n|t:|1699316425\n|start\n|switch|p1a: Palafin|Palafin, F|100\/100\n|switch|p2a: \u66b4\u96ea\u738b|Abomasnow, M|100\/100\n|-weather|Snow|[from] ability: Snow Warning|[of] p2a: \u66b4\u96ea\u738b\n|turn|1\n|\n|t:|1699316435\n|detailschange|p1a: Palafin|Palafin-Hero, F\n|switch|p1a: Corviknight|Corviknight, F|100\/100\n|-ability|p1a: Corviknight|Pressure\n|move|p2a: \u66b4\u96ea\u738b|Leech Seed|p1a: Corviknight\n|-start|p1a: Corviknight|move: Leech Seed\n|\n|-weather|Snow|[upkeep]\n|-damage|p1a: Corviknight|88\/100|[from] Leech Seed|[of] p2a: \u66b4\u96ea\u738b\n|upkeep\n|turn|2\n|\n|t:|1699316457\n|switch|p2a: \u51b0\u5ca9\u602a|Avalugg-Hisui, F|100\/100\n|move|p1a: Corviknight|Body Press|p2a: \u51b0\u5ca9\u602a\n|-supereffective|p2a: \u51b0\u5ca9\u602a\n|-damage|p2a: \u51b0\u5ca9\u602a|63\/100\n|\n|-weather|Snow|[upkeep]\n|-heal|p2a: \u51b0\u5ca9\u602a|69\/100|[from] ability: Ice Body\n|-heal|p1a: Corviknight|94\/100|[from] item: Leftovers\n|-heal|p2a: \u51b0\u5ca9\u602a|75\/100|[from] item: Leftovers\n|-damage|p1a: Corviknight|82\/100|[from] Leech Seed|[of] p2a: \u51b0\u5ca9\u602a\n|-heal|p2a: \u51b0\u5ca9\u602a|88\/100|[silent]\n|upkeep\n|turn|3\n|\n|t:|1699316472\n|move|p1a: Corviknight|U-turn|p2a: \u51b0\u5ca9\u602a\n|-damage|p2a: \u51b0\u5ca9\u602a|83\/100\n|\n|t:|1699316495\n|switch|p1a: Palafin|Palafin-Hero, F|100\/100|[from] U-turn\n|-activate|p1a: Palafin|ability: Zero to Hero\n|move|p2a: \u51b0\u5ca9\u602a|Stealth Rock|p1a: Palafin\n|-sidestart|p1: godiamsosorry|move: Stealth Rock\n|\n|-weather|Snow|[upkeep]\n|-heal|p2a: \u51b0\u5ca9\u602a|89\/100|[from] ability: Ice Body\n|-heal|p2a: \u51b0\u5ca9\u602a|95\/100|[from] item: Leftovers\n|upkeep\n|turn|4\n|\n|t:|1699316519\n|switch|p2a: \u66b4\u96ea\u738b|Abomasnow, M|100\/100\n|move|p1a: Palafin|Aura Sphere|p2a: \u66b4\u96ea\u738b\n|-supereffective|p2a: \u66b4\u96ea\u738b\n|-damage|p2a: \u66b4\u96ea\u738b|21\/100\n|\n|-weather|Snow|[upkeep]\n|upkeep\n|turn|5\n|\n|t:|1699316529\n|move|p1a: Palafin|Aura Sphere|p2a: \u66b4\u96ea\u738b\n|-supereffective|p2a: \u66b4\u96ea\u738b\n|-damage|p2a: \u66b4\u96ea\u738b|0 fnt\n|faint|p2a: \u66b4\u96ea\u738b\n|\n|-weather|Snow|[upkeep]\n|upkeep\n|\n|t:|1699316548\n|switch|p2a: \u4e5d\u5c3e|Ninetales-Alola, M|100\/100\n|turn|6\n|\n|t:|1699316556\n|switch|p1a: Corviknight|Corviknight, F|82\/100\n|-damage|p1a: Corviknight|69\/100|[from] Stealth Rock\n|-ability|p1a: Corviknight|Pressure\n|move|p2a: \u4e5d\u5c3e|Blizzard|p1a: Corviknight\n|-damage|p1a: Corviknight|31\/100\n|\n|-weather|Snow|[upkeep]\n|-heal|p1a: Corviknight|38\/100|[from] item: Leftovers\n|upkeep\n|turn|7\n|\n|t:|1699316570\n|move|p2a: \u4e5d\u5c3e|Aurora Veil|p2a: \u4e5d\u5c3e\n|-sidestart|p2: Kikugi256|move: Aurora Veil\n|move|p1a: Corviknight|Roost|p1a: Corviknight\n|-heal|p1a: Corviknight|88\/100\n|-singleturn|p1a: Corviknight|move: Roost\n|\n|-weather|Snow|[upkeep]\n|-heal|p1a: Corviknight|94\/100|[from] item: Leftovers\n|upkeep\n|turn|8\n|\n|t:|1699316583\n|move|p2a: \u4e5d\u5c3e|Blizzard|p1a: Corviknight\n|-damage|p1a: Corviknight|55\/100\n|move|p1a: Corviknight|Defog|p2a: \u4e5d\u5c3e\n|-unboost|p2a: \u4e5d\u5c3e|evasion|1\n|-sideend|p2: Kikugi256|move: Aurora Veil\n|-sideend|p1: godiamsosorry|Stealth Rock|[from] move: Defog|[of] p1a: Corviknight\n|\n|-weather|none\n|-heal|p1a: Corviknight|61\/100|[from] item: Leftovers\n|upkeep\n|turn|9\n|\n|t:|1699316606\n|switch|p2a: \u7a7f\u5c71\u738b|Sandslash-Alola, F|100\/100\n|move|p1a: Corviknight|U-turn|p2a: \u7a7f\u5c71\u738b\n|-resisted|p2a: \u7a7f\u5c71\u738b\n|-damage|p2a: \u7a7f\u5c71\u738b|95\/100\n|\n|t:|1699316614\n|switch|p1a: Ogerpon|Ogerpon-Wellspring, F|100\/100|[from] U-turn\n|\n|upkeep\n|turn|10\n|\n|t:|1699316624\n|move|p1a: Ogerpon|Ivy Cudgel|p2a: \u7a7f\u5c71\u738b\n|-damage|p2a: \u7a7f\u5c71\u738b|43\/100\n|move|p2a: \u7a7f\u5c71\u738b|Swords Dance|p2a: \u7a7f\u5c71\u738b\n|-boost|p2a: \u7a7f\u5c71\u738b|atk|2\n|\n|upkeep\n|turn|11\n|\n|t:|1699316635\n|-terastallize|p2a: \u7a7f\u5c71\u738b|Bug\n|move|p1a: Ogerpon|Ivy Cudgel|p2a: \u7a7f\u5c71\u738b\n|-damage|p2a: \u7a7f\u5c71\u738b|0 fnt\n|faint|p2a: \u7a7f\u5c71\u738b\n|\n|upkeep\n|\n|t:|1699316643\n|switch|p2a: \u96ea\u7ed2\u86fe|Frosmoth, F|100\/100\n|turn|12\n|\n|t:|1699316650\n|move|p1a: Ogerpon|Wood Hammer|p2a: \u96ea\u7ed2\u86fe\n|-resisted|p2a: \u96ea\u7ed2\u86fe\n|-damage|p2a: \u96ea\u7ed2\u86fe|48\/100\n|-damage|p1a: Ogerpon|81\/100|[from] Recoil\n|move|p2a: \u96ea\u7ed2\u86fe|Bug Buzz|p1a: Ogerpon\n|-supereffective|p1a: Ogerpon\n|-damage|p1a: Ogerpon|0 fnt\n|faint|p1a: Ogerpon\n|\n|upkeep\n|\n|t:|1699316674\n|switch|p1a: Palafin|Palafin-Hero, F|100\/100\n|turn|13\n|\n|t:|1699316686\n|-terastallize|p1a: Palafin|Normal\n|move|p1a: Palafin|Boomburst|p2a: \u96ea\u7ed2\u86fe\n|-damage|p2a: \u96ea\u7ed2\u86fe|0 fnt\n|faint|p2a: \u96ea\u7ed2\u86fe\n|\n|upkeep\n|\n|t:|1699316701\n|switch|p2a: \u6d77\u8c5a\u4fe0|Palafin, F|100\/100\n|turn|14\n|\n|t:|1699316705\n|move|p2a: \u6d77\u8c5a\u4fe0|Chilling Water|p1a: Palafin\n|-crit|p1a: Palafin\n|-damage|p1a: Palafin|74\/100\n|-unboost|p1a: Palafin|atk|1\n|move|p1a: Palafin|Boomburst|p2a: \u6d77\u8c5a\u4fe0\n|-damage|p2a: \u6d77\u8c5a\u4fe0|0 fnt\n|faint|p2a: \u6d77\u8c5a\u4fe0\n|\n|upkeep\n|\n|t:|1699316714\n|switch|p2a: \u51b0\u5ca9\u602a|Avalugg-Hisui, F|95\/100\n|turn|15\n|\n|t:|1699316719\n|switch|p1a: Iron Valiant|Iron Valiant|100\/100\n|-enditem|p1a: Iron Valiant|Booster Energy\n|-activate|p1a: Iron Valiant|ability: Quark Drive|[fromitem]\n|-start|p1a: Iron Valiant|quarkdrivespe\n|move|p2a: \u51b0\u5ca9\u602a|Body Press|p1a: Iron Valiant\n|-resisted|p1a: Iron Valiant\n|-damage|p1a: Iron Valiant|80\/100\n|\n|-heal|p2a: \u51b0\u5ca9\u602a|100\/100|[from] item: Leftovers\n|upkeep\n|turn|16\n|\n|t:|1699316732\n|move|p1a: Iron Valiant|Aura Sphere|p2a: \u51b0\u5ca9\u602a\n|-supereffective|p2a: \u51b0\u5ca9\u602a\n|-damage|p2a: \u51b0\u5ca9\u602a|0 fnt\n|faint|p2a: \u51b0\u5ca9\u602a\n|\n|upkeep\n|\n|t:|1699316738\n|switch|p2a: \u4e5d\u5c3e|Ninetales-Alola, M|100\/100\n|turn|17\n|\n|t:|1699316756\n|move|p1a: Iron Valiant|Calm Mind|p1a: Iron Valiant\n|-boost|p1a: Iron Valiant|spa|1\n|-boost|p1a: Iron Valiant|spd|1\n|move|p2a: \u4e5d\u5c3e|Moonblast|p1a: Iron Valiant\n|-supereffective|p1a: Iron Valiant\n|-damage|p1a: Iron Valiant|0 fnt\n|faint|p1a: Iron Valiant\n|-end|p1a: Iron Valiant|Quark Drive|[silent]\n|\n|upkeep\n|\n|t:|1699316761\n|switch|p1a: Kingambit|Kingambit, F|100\/100\n|-activate|p1a: Kingambit|ability: Supreme Overlord\n|-start|p1a: Kingambit|fallen2|[silent]\n|turn|18\n|\n|t:|1699316770\n|move|p2a: \u4e5d\u5c3e|Moonblast|p1a: Kingambit\n|-damage|p1a: Kingambit|67\/100\n|move|p1a: Kingambit|Iron Head|p2a: \u4e5d\u5c3e\n|-supereffective|p2a: \u4e5d\u5c3e\n|-damage|p2a: \u4e5d\u5c3e|0 fnt\n|faint|p2a: \u4e5d\u5c3e\n|-damage|p1a: Kingambit|57\/100|[from] item: Life Orb\n|\n|win|godiamsosorry\n|c|\u2606godiamsosorry|Gg\n","uploadtime":1699316779,"views":8,"p1id":"godiamsosorry","p2id":"kikugi256","formatid":"gen9ubers","rating":0,"private":0,"password":""}