{"id":"gen9ubers-1967950873","p1":"1vanparchief","p2":"RubyDragonFruit","format":"[Gen 9] Ubers","log":"|j|\u26061vanparchief\n|j|\u2606RubyDragonFruit\n|t:|1697364088\n|gametype|singles\n|player|p1|1vanparchief|richboy|\n|player|p2|RubyDragonFruit|psychicf-gen4|\n|teamsize|p1|6\n|teamsize|p2|6\n|gen|9\n|tier|[Gen 9] Ubers\n|rule|Sleep Clause Mod: Limit one foe put to sleep\n|rule|Species Clause: Limit one of each Pok\u00e9mon\n|rule|OHKO Clause: OHKO moves are banned\n|rule|Evasion Items Clause: Evasion items are banned\n|rule|Evasion Moves Clause: Evasion moves are banned\n|rule|Endless Battle Clause: Forcing endless battles is banned\n|rule|HP Percentage Mod: HP is shown in percentages\n|clearpoke\n|poke|p1|Iron Valiant|\n|poke|p1|Munkidori, M|\n|poke|p1|Meowscarada, F|\n|poke|p1|Heatran, F|\n|poke|p1|Umbreon, M|\n|poke|p1|Houndstone, M|\n|poke|p2|Corviknight, F|\n|poke|p2|Clodsire, M|\n|poke|p2|Rotom-Wash|\n|poke|p2|Kleavor, M|\n|poke|p2|Iron Valiant|\n|poke|p2|Amoonguss, F|\n|teampreview\n|\n|t:|1697364119\n|start\n|switch|p1a: Meowscarada|Meowscarada, F|100\/100\n|switch|p2a: Corviknight|Corviknight, F|100\/100\n|turn|1\n|\n|t:|1697364151\n|switch|p1a: Houndstone|Houndstone, M|100\/100\n|move|p2a: Corviknight|Iron Head|p1a: Houndstone\n|-damage|p1a: Houndstone|84\/100\n|\n|upkeep\n|turn|2\n|\n|t:|1697364168\n|move|p2a: Corviknight|U-turn|p1a: Houndstone\n|-resisted|p1a: Houndstone\n|-damage|p1a: Houndstone|80\/100\n|\n|t:|1697364178\n|switch|p2a: Amoonguss|Amoonguss, F|100\/100|[from] U-turn\n|move|p1a: Houndstone|Trick|p2a: Amoonguss\n|-activate|p1a: Houndstone|move: Trick|[of] p2a: Amoonguss\n|-item|p2a: Amoonguss|Choice Band|[from] move: Trick\n|-item|p1a: Houndstone|Black Sludge|[from] move: Trick\n|\n|-damage|p1a: Houndstone|68\/100|[from] item: Black Sludge\n|upkeep\n|turn|3\n|\n|t:|1697364205\n|move|p1a: Houndstone|Poltergeist|p2a: Amoonguss\n|-activate|p2a: Amoonguss|move: Poltergeist|Choice Band\n|-damage|p2a: Amoonguss|47\/100\n|move|p2a: Amoonguss|Sludge Bomb|p1a: Houndstone\n|-resisted|p1a: Houndstone\n|-damage|p1a: Houndstone|48\/100\n|-status|p1a: Houndstone|psn\n|\n|-damage|p1a: Houndstone|36\/100 psn|[from] item: Black Sludge\n|-damage|p1a: Houndstone|24\/100 psn|[from] psn\n|upkeep\n|turn|4\n|\n|t:|1697364242\n|switch|p2a: Iron Valiant|Iron Valiant|100\/100\n|-enditem|p2a: Iron Valiant|Booster Energy\n|-activate|p2a: Iron Valiant|ability: Quark Drive|[fromitem]\n|-start|p2a: Iron Valiant|quarkdrivespe\n|move|p1a: Houndstone|Trick|p2a: Iron Valiant\n|-activate|p1a: Houndstone|move: Trick|[of] p2a: Iron Valiant\n|-item|p2a: Iron Valiant|Black Sludge|[from] move: Trick\n|-enditem|p1a: Houndstone|Black Sludge|[silent]|[from] move: Trick\n|\n|-damage|p2a: Iron Valiant|88\/100|[from] item: Black Sludge\n|-damage|p1a: Houndstone|11\/100 psn|[from] psn\n|upkeep\n|turn|5\n|\n|t:|1697364271\n|move|p1a: Houndstone|Shadow Sneak|p2a: Iron Valiant\n|-damage|p2a: Iron Valiant|64\/100\n|move|p2a: Iron Valiant|Knock Off|p1a: Houndstone\n|-supereffective|p1a: Houndstone\n|-damage|p1a: Houndstone|0 fnt\n|faint|p1a: Houndstone\n|\n|-damage|p2a: Iron Valiant|52\/100|[from] item: Black Sludge\n|upkeep\n|\n|t:|1697364288\n|switch|p1a: Umbreon|Umbreon, M|100\/100\n|turn|6\n|\n|t:|1697364298\n|-terastallize|p1a: Umbreon|Fairy\n|move|p2a: Iron Valiant|Drain Punch|p1a: Umbreon\n|-resisted|p1a: Umbreon\n|-damage|p1a: Umbreon|85\/100\n|-heal|p2a: Iron Valiant|63\/100|[from] drain|[of] p1a: Umbreon\n|move|p1a: Umbreon|Wish|p1a: Umbreon\n|\n|-damage|p2a: Iron Valiant|50\/100|[from] item: Black Sludge\n|upkeep\n|turn|7\n|\n|t:|1697364326\n|-end|p2a: Iron Valiant|Quark Drive|[silent]\n|switch|p2a: Corviknight|Corviknight, F|100\/100\n|move|p1a: Umbreon|Foul Play|p2a: Corviknight\n|-damage|p2a: Corviknight|60\/100\n|-damage|p1a: Umbreon|68\/100|[from] item: Rocky Helmet|[of] p2a: Corviknight\n|\n|-heal|p1a: Umbreon|100\/100|[from] move: Wish|[wisher] Umbreon\n|upkeep\n|turn|8\n|\n|t:|1697364336\n|switch|p1a: Heatran|Heatran, F|100\/100\n|move|p2a: Corviknight|Iron Head|p1a: Heatran\n|-resisted|p1a: Heatran\n|-damage|p1a: Heatran|92\/100\n|\n|upkeep\n|turn|9\n|\n|t:|1697364362\n|-terastallize|p2a: Corviknight|Ground\n|move|p1a: Heatran|Overheat|p2a: Corviknight\n|-damage|p2a: Corviknight|0 fnt\n|-unboost|p1a: Heatran|spa|2\n|faint|p2a: Corviknight\n|\n|upkeep\n|\n|t:|1697364375\n|switch|p2a: Clodsire|Clodsire, M, shiny|100\/100\n|turn|10\n|\n|t:|1697364385\n|switch|p1a: Meowscarada|Meowscarada, F|100\/100\n|move|p2a: Clodsire|Yawn|p1a: Meowscarada\n|-start|p1a: Meowscarada|move: Yawn|[of] p2a: Clodsire\n|\n|upkeep\n|turn|11\n|\n|t:|1697364410\n|move|p1a: Meowscarada|Trick|p2a: Clodsire\n|-start|p1a: Meowscarada|typechange|Psychic|[from] ability: Protean\n|-activate|p1a: Meowscarada|move: Trick|[of] p2a: Clodsire\n|-item|p2a: Clodsire|Choice Scarf|[from] move: Trick\n|-item|p1a: Meowscarada|Leftovers|[from] move: Trick\n|move|p2a: Clodsire|Poison Jab|p1a: Meowscarada\n|-damage|p1a: Meowscarada|50\/100\n|\n|-heal|p1a: Meowscarada|56\/100|[from] item: Leftovers\n|-end|p1a: Meowscarada|move: Yawn|[silent]\n|-status|p1a: Meowscarada|slp\n|upkeep\n|turn|12\n|\n|t:|1697364436\n|cant|p1a: Meowscarada|slp\n|move|p2a: Clodsire|Poison Jab|p1a: Meowscarada\n|-damage|p1a: Meowscarada|4\/100 slp\n|\n|-heal|p1a: Meowscarada|10\/100 slp|[from] item: Leftovers\n|upkeep\n|turn|13\n|\n|t:|1697364445\n|switch|p1a: Heatran|Heatran, F|92\/100\n|move|p2a: Clodsire|Poison Jab|p1a: Heatran\n|-immune|p1a: Heatran\n|\n|upkeep\n|turn|14\n|\n|t:|1697364456\n|switch|p2a: Rotom|Rotom-Wash|100\/100\n|move|p1a: Heatran|Solar Beam||[still]\n|-prepare|p1a: Heatran|Solar Beam\n|\n|upkeep\n|turn|15\n|\n|t:|1697364494\n|move|p1a: Heatran|Solar Beam|p2a: Rotom|[from]lockedmove\n|-supereffective|p2a: Rotom\n|-damage|p2a: Rotom|0 fnt\n|faint|p2a: Rotom\n|\n|upkeep\n|\n|t:|1697364503\n|switch|p2a: Clodsire|Clodsire, M, shiny|100\/100\n|turn|16\n|\n|t:|1697364520\n|switch|p1a: Umbreon|Umbreon, M, tera:Fairy|100\/100\n|move|p2a: Clodsire|Earthquake|p1a: Umbreon\n|-damage|p1a: Umbreon|69\/100\n|\n|upkeep\n|turn|17\n|\n|t:|1697364536\n|move|p1a: Umbreon|Wish|p1a: Umbreon\n|move|p2a: Clodsire|Earthquake|p1a: Umbreon\n|-damage|p1a: Umbreon|38\/100\n|\n|upkeep\n|turn|18\n|\n|t:|1697364544\n|move|p1a: Umbreon|Foul Play|p2a: Clodsire\n|-damage|p2a: Clodsire|59\/100\n|move|p2a: Clodsire|Earthquake|p1a: Umbreon\n|-damage|p1a: Umbreon|9\/100\n|\n|-heal|p1a: Umbreon|59\/100|[from] move: Wish|[wisher] Umbreon\n|upkeep\n|turn|19\n|j| ric30\n|l| ric30\n|\n|t:|1697364561\n|switch|p2a: Amoonguss|Amoonguss, F|47\/100\n|move|p1a: Umbreon|Wish|p1a: Umbreon\n|\n|upkeep\n|turn|20\n|\n|t:|1697364572\n|switch|p1a: Meowscarada|Meowscarada, F|10\/100 slp\n|move|p2a: Amoonguss|Rest|p2a: Amoonguss\n|-status|p2a: Amoonguss|slp|[from] move: Rest\n|-heal|p2a: Amoonguss|100\/100 slp|[silent]\n|\n|-heal|p1a: Meowscarada|77\/100 slp|[from] move: Wish|[wisher] Umbreon\n|-heal|p1a: Meowscarada|83\/100 slp|[from] item: Leftovers\n|upkeep\n|turn|21\n|\n|t:|1697364593\n|switch|p2a: Iron Valiant|Iron Valiant|50\/100\n|cant|p1a: Meowscarada|slp\n|\n|-heal|p1a: Meowscarada|90\/100 slp|[from] item: Leftovers\n|-damage|p2a: Iron Valiant|38\/100|[from] item: Black Sludge\n|upkeep\n|turn|22\n|\n|t:|1697364612\n|cant|p1a: Meowscarada|slp\n|move|p2a: Iron Valiant|Drain Punch|p1a: Meowscarada\n|-supereffective|p1a: Meowscarada\n|-damage|p1a: Meowscarada|0 fnt\n|-heal|p2a: Iron Valiant|83\/100|[from] drain|[of] p1a: Meowscarada\n|faint|p1a: Meowscarada\n|\n|-damage|p2a: Iron Valiant|71\/100|[from] item: Black Sludge\n|upkeep\n|\n|t:|1697364620\n|switch|p1a: Munkidori|Munkidori, M|100\/100\n|turn|23\n|\n|t:|1697364632\n|move|p1a: Munkidori|Psychic|p2a: Iron Valiant\n|-supereffective|p2a: Iron Valiant\n|-damage|p2a: Iron Valiant|0 fnt\n|faint|p2a: Iron Valiant\n|-end|p2a: Iron Valiant|Quark Drive|[silent]\n|\n|upkeep\n|\n|t:|1697364640\n|switch|p2a: Kleavor|Kleavor, M|100\/100\n|turn|24\n|\n|t:|1697364649\n|switch|p1a: Umbreon|Umbreon, M, tera:Fairy|59\/100\n|move|p2a: Kleavor|Night Slash|p1a: Umbreon\n|-resisted|p1a: Umbreon\n|-damage|p1a: Umbreon|45\/100\n|\n|upkeep\n|turn|25\n|\n|t:|1697364661\n|move|p2a: Kleavor|U-turn|p1a: Umbreon\n|-resisted|p1a: Umbreon\n|-damage|p1a: Umbreon|29\/100\n|\n|t:|1697364664\n|switch|p2a: Amoonguss|Amoonguss, F|100\/100 slp|[from] U-turn\n|move|p1a: Umbreon|Wish|p1a: Umbreon\n|\n|upkeep\n|turn|26\n|\n|t:|1697364672\n|move|p1a: Umbreon|Sunny Day|p1a: Umbreon\n|-weather|SunnyDay\n|cant|p2a: Amoonguss|slp\n|\n|-weather|SunnyDay|[upkeep]\n|-heal|p1a: Umbreon|79\/100|[from] move: Wish|[wisher] Umbreon\n|upkeep\n|turn|27\n|\n|t:|1697364680\n|switch|p1a: Heatran|Heatran, F|92\/100\n|cant|p2a: Amoonguss|slp\n|\n|-weather|SunnyDay|[upkeep]\n|upkeep\n|turn|28\n|\n|t:|1697364691\n|move|p1a: Heatran|Overheat|p2a: Amoonguss\n|-supereffective|p2a: Amoonguss\n|-damage|p2a: Amoonguss|0 fnt\n|-unboost|p1a: Heatran|spa|2\n|faint|p2a: Amoonguss\n|\n|-weather|SunnyDay|[upkeep]\n|upkeep\n|\n|t:|1697364701\n|switch|p2a: Clodsire|Clodsire, M, shiny|59\/100\n|turn|29\n|\n|t:|1697364712\n|switch|p1a: Umbreon|Umbreon, M, tera:Fairy|79\/100\n|move|p2a: Clodsire|Earthquake|p1a: Umbreon\n|-damage|p1a: Umbreon|48\/100\n|\n|-weather|SunnyDay|[upkeep]\n|upkeep\n|turn|30\n|\n|t:|1697364726\n|switch|p2a: Kleavor|Kleavor, M|100\/100\n|move|p1a: Umbreon|Wish|p1a: Umbreon\n|\n|-weather|SunnyDay|[upkeep]\n|upkeep\n|turn|31\n|\n|t:|1697364732\n|move|p1a: Umbreon|Protect|p1a: Umbreon\n|-singleturn|p1a: Umbreon|Protect\n|move|p2a: Kleavor|Stone Axe|p1a: Umbreon\n|-activate|p1a: Umbreon|move: Protect\n|\n|-weather|SunnyDay|[upkeep]\n|-heal|p1a: Umbreon|98\/100|[from] move: Wish|[wisher] Umbreon\n|upkeep\n|turn|32\n|\n|t:|1697364759\n|move|p2a: Kleavor|Stone Axe|p1a: Umbreon\n|-damage|p1a: Umbreon|57\/100\n|-sidestart|p1: 1vanparchief|move: Stealth Rock\n|move|p1a: Umbreon|Foul Play|p2a: Kleavor\n|-damage|p2a: Kleavor|35\/100\n|\n|-weather|SunnyDay|[upkeep]\n|upkeep\n|turn|33\n|\n|t:|1697364776\n|move|p2a: Kleavor|U-turn|p1a: Umbreon\n|-resisted|p1a: Umbreon\n|-damage|p1a: Umbreon|42\/100\n|\n|t:|1697364779\n|switch|p2a: Clodsire|Clodsire, M, shiny|59\/100|[from] U-turn\n|move|p1a: Umbreon|Foul Play|p2a: Clodsire\n|-damage|p2a: Clodsire|19\/100\n|\n|-weather|none\n|upkeep\n|turn|34\n|\n|t:|1697364793\n|move|p1a: Umbreon|Wish|p1a: Umbreon\n|move|p2a: Clodsire|Recover|p2a: Clodsire\n|-heal|p2a: Clodsire|69\/100\n|\n|upkeep\n|turn|35\n|\n|t:|1697364804\n|switch|p1a: Heatran|Heatran, F|92\/100\n|-damage|p1a: Heatran|80\/100|[from] Stealth Rock\n|move|p2a: Clodsire|Recover|p2a: Clodsire\n|-heal|p2a: Clodsire|100\/100\n|\n|-heal|p1a: Heatran|100\/100|[from] move: Wish|[wisher] Umbreon\n|upkeep\n|turn|36\n|\n|t:|1697364815\n|switch|p2a: Kleavor|Kleavor, M|35\/100\n|move|p1a: Heatran|Earth Power|p2a: Kleavor\n|-damage|p2a: Kleavor|2\/100\n|\n|upkeep\n|turn|37\n|\n|t:|1697364836\n|move|p1a: Heatran|Earth Power|p2a: Kleavor\n|-damage|p2a: Kleavor|0 fnt\n|faint|p2a: Kleavor\n|\n|upkeep\n|\n|t:|1697364842\n|switch|p2a: Clodsire|Clodsire, M, shiny|100\/100\n|turn|38\n|\n|t:|1697364857\n|move|p1a: Heatran|Earth Power|p2a: Clodsire\n|-supereffective|p2a: Clodsire\n|-damage|p2a: Clodsire|54\/100\n|move|p2a: Clodsire|Earthquake|p1a: Heatran\n|-supereffective|p1a: Heatran\n|-damage|p1a: Heatran|0 fnt\n|faint|p1a: Heatran\n|\n|upkeep\n|\n|t:|1697364862\n|switch|p1a: Iron Valiant|Iron Valiant|100\/100\n|-damage|p1a: Iron Valiant|94\/100|[from] Stealth Rock\n|-enditem|p1a: Iron Valiant|Booster Energy\n|-activate|p1a: Iron Valiant|ability: Quark Drive|[fromitem]\n|-start|p1a: Iron Valiant|quarkdrivespe\n|turn|39\n|\n|t:|1697364871\n|move|p1a: Iron Valiant|Psychic|p2a: Clodsire\n|-supereffective|p2a: Clodsire\n|-damage|p2a: Clodsire|10\/100\n|move|p2a: Clodsire|Earthquake|p1a: Iron Valiant\n|-damage|p1a: Iron Valiant|41\/100\n|\n|upkeep\n|turn|40\n|\n|t:|1697364878\n|move|p1a: Iron Valiant|Psychic|p2a: Clodsire\n|-supereffective|p2a: Clodsire\n|-damage|p2a: Clodsire|0 fnt\n|faint|p2a: Clodsire\n|\n|win|1vanparchief\n|c|\u26061vanparchief|\u043a\u043e\u0433\u043e \u0443\u0431\u0438\u0440\u0430\u0435\u0448\u044c\n|c|\u26061vanparchief|\u044f \u0431\u044b \u0443\u0431\u0440\u0430\u043b \u0445\u043e\u0443\u043d\u0434\u0441\u0442\u043e\u0443\u043d\u0430\n|c|\u2606RubyDragonFruit|\u041e\u043d \u043a\u043e\u043d\u0435\u0447\u043d\u043e \u043d\u0435\u043f\u0440\u0438\u044f\u0442\u043d\u044b\u0439, \u043d\u043e \u0430\u043c\u0431\u0440\u0435\u043e\u043d \u0438\u043c\u0431\u043e\u0432\u0435\u0435 \u0441 \u0432\u0438\u0448\u0448\n|c|\u26061vanparchief|\u0443\u0431\u0438\u0440\u0430\u0435\u0448\u044c \u0445\u043e\u0443\u043d\u0434\u0441\u0442\u043e\u0443\u043d\u0430 \u0437\u043d\u0430\u0447\u0438\u0442\n|c|\u2606RubyDragonFruit|\u0422\u0430\u043a \u0447\u0442\u043e \u0430\u043c\u0431\u0440\u0435\u043e\u043d\n","uploadtime":1697365038,"views":25,"p1id":"1vanparchief","p2id":"rubydragonfruit","formatid":"gen9ubers","rating":0,"private":0,"password":""}