{"id":"gen9ubers-1982839051","p1":"Aikriel","p2":"Pokemaster6787","format":"[Gen 9] Ubers","log":"|j|\u2606Aikriel\n|j|\u2606Pokemaster6787\n|t:|1699049973\n|gametype|singles\n|player|p1|Aikriel|steven|1031\n|player|p2|Pokemaster6787|steven|1049\n|teamsize|p1|6\n|teamsize|p2|6\n|gen|9\n|tier|[Gen 9] Ubers\n|rated|\n|rule|Sleep Clause Mod: Limit one foe put to sleep\n|rule|Species Clause: Limit one of each Pok\u00e9mon\n|rule|OHKO Clause: OHKO moves are banned\n|rule|Evasion Items Clause: Evasion items are banned\n|rule|Evasion Moves Clause: Evasion moves are banned\n|rule|Endless Battle Clause: Forcing endless battles is banned\n|rule|HP Percentage Mod: HP is shown in percentages\n|clearpoke\n|poke|p1|Dragonite, F|\n|poke|p1|Flutter Mane|\n|poke|p1|Chien-Pao|\n|poke|p1|Gholdengo|\n|poke|p1|Urshifu-*, M|\n|poke|p1|Ting-Lu|\n|poke|p2|Clefable, M|\n|poke|p2|Urshifu-*, M|\n|poke|p2|Ting-Lu|\n|poke|p2|Glimmora, M|\n|poke|p2|Gholdengo|\n|poke|p2|Milotic, F|\n|teampreview\n|\n|t:|1699049986\n|start\n|switch|p1a: Dragonite|Dragonite, F, shiny|100\/100\n|switch|p2a: String Cheese|Gholdengo|100\/100\n|turn|1\n|\n|t:|1699049998\n|move|p2a: String Cheese|Nasty Plot|p2a: String Cheese\n|-boost|p2a: String Cheese|spa|2\n|move|p1a: Dragonite|Dragon Dance|p1a: Dragonite\n|-boost|p1a: Dragonite|atk|1\n|-boost|p1a: Dragonite|spe|1\n|\n|upkeep\n|turn|2\n|\n|t:|1699050005\n|move|p1a: Dragonite|Dragon Dance|p1a: Dragonite\n|-boost|p1a: Dragonite|atk|1\n|-boost|p1a: Dragonite|spe|1\n|move|p2a: String Cheese|Make It Rain|p1a: Dragonite\n|-damage|p1a: Dragonite|45\/100\n|-unboost|p2a: String Cheese|spa|1\n|\n|-heal|p1a: Dragonite|52\/100|[from] item: Leftovers\n|upkeep\n|turn|3\n|\n|t:|1699050018\n|move|p1a: Dragonite|Roost|p1a: Dragonite\n|-heal|p1a: Dragonite|100\/100\n|-singleturn|p1a: Dragonite|move: Roost\n|move|p2a: String Cheese|Make It Rain|p1a: Dragonite\n|-damage|p1a: Dragonite|57\/100\n|-unboost|p2a: String Cheese|spa|1\n|\n|-heal|p1a: Dragonite|63\/100|[from] item: Leftovers\n|upkeep\n|turn|4\n|\n|t:|1699050030\n|move|p1a: Dragonite|Dragon Dance|p1a: Dragonite\n|-boost|p1a: Dragonite|atk|1\n|-boost|p1a: Dragonite|spe|1\n|move|p2a: String Cheese|Nasty Plot|p2a: String Cheese\n|-boost|p2a: String Cheese|spa|2\n|\n|-heal|p1a: Dragonite|69\/100|[from] item: Leftovers\n|upkeep\n|turn|5\n|\n|t:|1699050040\n|move|p1a: Dragonite|Dragon Dance|p1a: Dragonite\n|-boost|p1a: Dragonite|atk|1\n|-boost|p1a: Dragonite|spe|1\n|move|p2a: String Cheese|Nasty Plot|p2a: String Cheese\n|-boost|p2a: String Cheese|spa|2\n|\n|-heal|p1a: Dragonite|76\/100|[from] item: Leftovers\n|upkeep\n|turn|6\n|\n|t:|1699050050\n|move|p1a: Dragonite|Earthquake|p2a: String Cheese\n|-supereffective|p2a: String Cheese\n|-damage|p2a: String Cheese|0 fnt\n|faint|p2a: String Cheese\n|\n|-heal|p1a: Dragonite|82\/100|[from] item: Leftovers\n|upkeep\n|\n|t:|1699050057\n|switch|p2a: Big Chungus|Clefable, M|100\/100\n|turn|7\n|\n|t:|1699050064\n|move|p1a: Dragonite|Extreme Speed|p2a: Big Chungus\n|-damage|p2a: Big Chungus|16\/100\n|move|p2a: Big Chungus|Moonblast|p1a: Dragonite\n|-supereffective|p1a: Dragonite\n|-damage|p1a: Dragonite|24\/100\n|-unboost|p1a: Dragonite|spa|1\n|\n|-heal|p1a: Dragonite|30\/100|[from] item: Leftovers\n|-heal|p2a: Big Chungus|22\/100|[from] item: Leftovers\n|upkeep\n|turn|8\n|\n|t:|1699050077\n|-terastallize|p1a: Dragonite|Normal\n|move|p2a: Big Chungus|Protect|p2a: Big Chungus\n|-singleturn|p2a: Big Chungus|Protect\n|move|p1a: Dragonite|Extreme Speed|p2a: Big Chungus\n|-activate|p2a: Big Chungus|move: Protect\n|\n|-heal|p1a: Dragonite|36\/100|[from] item: Leftovers\n|-heal|p2a: Big Chungus|28\/100|[from] item: Leftovers\n|upkeep\n|turn|9\n|\n|t:|1699050088\n|move|p1a: Dragonite|Extreme Speed|p2a: Big Chungus\n|-damage|p2a: Big Chungus|0 fnt\n|faint|p2a: Big Chungus\n|\n|-heal|p1a: Dragonite|42\/100|[from] item: Leftovers\n|upkeep\n|\n|t:|1699050100\n|switch|p2a: Duane Fists|Urshifu-Rapid-Strike, M|100\/100\n|turn|10\n|\n|t:|1699050106\n|move|p2a: Duane Fists|Aqua Jet|p1a: Dragonite\n|-damage|p1a: Dragonite|18\/100\n|move|p1a: Dragonite|Roost|p1a: Dragonite\n|-heal|p1a: Dragonite|68\/100\n|\n|-heal|p1a: Dragonite|74\/100|[from] item: Leftovers\n|upkeep\n|turn|11\n|\n|t:|1699050115\n|move|p1a: Dragonite|Extreme Speed|p2a: Duane Fists\n|-damage|p2a: Duane Fists|0 fnt\n|faint|p2a: Duane Fists\n|\n|-heal|p1a: Dragonite|81\/100|[from] item: Leftovers\n|upkeep\n|-message|Pokemaster6787 forfeited.\n|\n|win|Aikriel\n|raw|Aikriel's rating: 1031 &rarr; <strong>1068<\/strong><br \/>(+37 for winning)\n|raw|Pokemaster6787's rating: 1049 &rarr; <strong>1031<\/strong><br \/>(-18 for losing)\n|l|\u2606Pokemaster6787\n","uploadtime":1699050130,"views":6,"p1id":"aikriel","p2id":"pokemaster6787","formatid":"gen9ubers","rating":1031,"private":0,"password":""}