{"id":"gen9ubers-1980761088","p1":"Hsk712","p2":"SirButkis","format":"[Gen 9] Ubers","log":"|j|\u2606Hsk712\n|j|\u2606SirButkis\n|t:|1698827905\n|gametype|singles\n|player|p1|Hsk712|grimsley|\n|player|p2|SirButkis|cynthia-gen4|\n|teamsize|p1|6\n|teamsize|p2|6\n|gen|9\n|tier|[Gen 9] Ubers\n|rule|Sleep Clause Mod: Limit one foe put to sleep\n|rule|Species Clause: Limit one of each Pok\u00e9mon\n|rule|OHKO Clause: OHKO moves are banned\n|rule|Evasion Items Clause: Evasion items are banned\n|rule|Evasion Moves Clause: Evasion moves are banned\n|rule|Endless Battle Clause: Forcing endless battles is banned\n|rule|HP Percentage Mod: HP is shown in percentages\n|clearpoke\n|poke|p1|Urshifu-*, M|\n|poke|p1|Greninja-*, M|\n|poke|p1|Moltres-Galar|\n|poke|p1|Arcanine-Hisui, M|\n|poke|p1|Milotic, F|\n|poke|p1|Lucario, F|\n|poke|p2|Gholdengo|\n|poke|p2|Mudsdale, F|\n|poke|p2|Rotom-Fan|\n|poke|p2|Victreebel, F|\n|poke|p2|Flamigo, F|\n|poke|p2|Goodra, F|\n|teampreview\n|\n|t:|1698827917\n|start\n|switch|p1a: Urshifu|Urshifu-Rapid-Strike, M|100\/100\n|switch|p2a: The Blow Job|Rotom-Fan|100\/100\n|turn|1\n|j| wolfiglick\n|\n|t:|1698827950\n|move|p1a: Urshifu|Close Combat|p2a: The Blow Job\n|-resisted|p2a: The Blow Job\n|-damage|p2a: The Blow Job|65\/100\n|-unboost|p1a: Urshifu|def|1\n|-unboost|p1a: Urshifu|spd|1\n|move|p2a: The Blow Job|Thunder Wave|p1a: Urshifu\n|-status|p1a: Urshifu|par\n|\n|-heal|p2a: The Blow Job|72\/100|[from] item: Leftovers\n|upkeep\n|turn|2\n|\n|t:|1698827999\n|switch|p1a: Lucario|Lucario, F|100\/100\n|move|p2a: The Blow Job|Volt Switch|p1a: Lucario\n|-damage|p1a: Lucario|59\/100\n|\n|t:|1698828058\n|switch|p2a: Mr Hands|Mudsdale, F|100\/100|[from] Volt Switch\n|\n|upkeep\n|turn|3\n|\n|t:|1698828073\n|switch|p1a: Greninja|Greninja, M|100\/100\n|move|p2a: Mr Hands|Stealth Rock|p1a: Greninja\n|-sidestart|p1: Hsk712|move: Stealth Rock\n|\n|upkeep\n|turn|4\n|\n|t:|1698828082\n|switch|p2a: Your webcam rn|Goodra, F|100\/100\n|move|p1a: Greninja|Ice Beam|p2a: Your webcam rn\n|-supereffective|p2a: Your webcam rn\n|-damage|p2a: Your webcam rn|84\/100\n|-status|p2a: Your webcam rn|frz\n|\n|upkeep\n|turn|5\n|\n|t:|1698828097\n|move|p1a: Greninja|Hydro Pump|p2a: Your webcam rn\n|-resisted|p2a: Your webcam rn\n|-damage|p2a: Your webcam rn|77\/100 frz\n|cant|p2a: Your webcam rn|frz\n|\n|upkeep\n|turn|6\n|\n|t:|1698828141\n|move|p1a: Greninja|Ice Beam|p2a: Your webcam rn\n|-supereffective|p2a: Your webcam rn\n|-damage|p2a: Your webcam rn|60\/100 frz\n|-curestatus|p2a: Your webcam rn|frz|[msg]\n|move|p2a: Your webcam rn|Knock Off|p1a: Greninja\n|-resisted|p1a: Greninja\n|-damage|p1a: Greninja|83\/100\n|-enditem|p1a: Greninja|Focus Sash|[from] move: Knock Off|[of] p2a: Your webcam rn\n|\n|upkeep\n|turn|7\n|\n|t:|1698828155\n|move|p1a: Greninja|Ice Beam|p2a: Your webcam rn\n|-supereffective|p2a: Your webcam rn\n|-damage|p2a: Your webcam rn|41\/100\n|move|p2a: Your webcam rn|Draco Meteor|p1a: Greninja|[miss]\n|-miss|p2a: Your webcam rn|p1a: Greninja\n|\n|upkeep\n|turn|8\n|\n|t:|1698828169\n|move|p1a: Greninja|Ice Beam|p2a: Your webcam rn\n|-supereffective|p2a: Your webcam rn\n|-damage|p2a: Your webcam rn|25\/100\n|move|p2a: Your webcam rn|Draco Meteor|p1a: Greninja\n|-damage|p1a: Greninja|11\/100\n|-unboost|p2a: Your webcam rn|spa|2\n|\n|upkeep\n|turn|9\n|\n|t:|1698828181\n|move|p1a: Greninja|Hydro Pump|p2a: Your webcam rn\n|-resisted|p2a: Your webcam rn\n|-damage|p2a: Your webcam rn|17\/100\n|move|p2a: Your webcam rn|Draco Meteor|p1a: Greninja|[miss]\n|-miss|p2a: Your webcam rn|p1a: Greninja\n|\n|upkeep\n|turn|10\n|\n|t:|1698828191\n|move|p1a: Greninja|Ice Beam|p2a: Your webcam rn\n|-supereffective|p2a: Your webcam rn\n|-damage|p2a: Your webcam rn|0 fnt\n|faint|p2a: Your webcam rn\n|-ability|p1a: Greninja|Battle Bond|boost\n|-boost|p1a: Greninja|atk|1\n|-boost|p1a: Greninja|spa|1\n|-boost|p1a: Greninja|spe|1\n|-activate|p1a: Greninja|ability: Battle Bond\n|\n|upkeep\n|c| wolfiglick|you should win the lottery\n|\n|t:|1698828213\n|switch|p2a: Macaroni Man|Gholdengo|100\/100\n|turn|11\n|j| 7aco\n|c| 7aco|thats actually wild\n|\n|t:|1698828303\n|switch|p1a: Urshifu|Urshifu-Rapid-Strike, M|100\/100 par\n|-damage|p1a: Urshifu|94\/100 par|[from] Stealth Rock\n|move|p2a: Macaroni Man|Shadow Ball|p1a: Urshifu\n|-damage|p1a: Urshifu|32\/100 par\n|\n|upkeep\n|turn|12\n|\n|t:|1698828318\n|move|p2a: Macaroni Man|Shadow Ball|p1a: Urshifu\n|-damage|p1a: Urshifu|0 fnt\n|faint|p1a: Urshifu\n|\n|upkeep\n|\n|t:|1698828327\n|switch|p1a: Arcanine|Arcanine-Hisui, M|100\/100\n|-damage|p1a: Arcanine|76\/100|[from] Stealth Rock\n|turn|13\n|\n|t:|1698828346\n|switch|p2a: Mr Hands|Mudsdale, F|100\/100\n|move|p1a: Arcanine|Flare Blitz|p2a: Mr Hands\n|-damage|p2a: Mr Hands|61\/100\n|-ability|p2a: Mr Hands|Stamina|boost\n|-boost|p2a: Mr Hands|def|1\n|-damage|p1a: Arcanine|60\/100|[from] Recoil\n|\n|-heal|p2a: Mr Hands|67\/100|[from] item: Leftovers\n|upkeep\n|turn|14\n|\n|t:|1698828364\n|switch|p1a: Milotic|Milotic, F, shiny|100\/100\n|-damage|p1a: Milotic|88\/100|[from] Stealth Rock\n|move|p2a: Mr Hands|Body Press|p1a: Milotic\n|-damage|p1a: Milotic|39\/100\n|\n|-heal|p1a: Milotic|45\/100|[from] item: Leftovers\n|-heal|p2a: Mr Hands|74\/100|[from] item: Leftovers\n|upkeep\n|turn|15\n|\n|t:|1698828407\n|switch|p2a: What dat mouth do|Victreebel, F|100\/100\n|move|p1a: Milotic|Ice Beam|p2a: What dat mouth do\n|-supereffective|p2a: What dat mouth do\n|-damage|p2a: What dat mouth do|28\/100\n|\n|-heal|p1a: Milotic|51\/100|[from] item: Leftovers\n|upkeep\n|turn|16\n|\n|t:|1698828481\n|move|p2a: What dat mouth do|Giga Drain|p1a: Milotic\n|-supereffective|p1a: Milotic\n|-damage|p1a: Milotic|0 fnt\n|-heal|p2a: What dat mouth do|56\/100|[from] drain|[of] p1a: Milotic\n|faint|p1a: Milotic\n|\n|upkeep\n|\n|t:|1698828488\n|switch|p1a: Arcanine|Arcanine-Hisui, M|60\/100\n|-damage|p1a: Arcanine|35\/100|[from] Stealth Rock\n|turn|17\n|\n|t:|1698828555\n|move|p1a: Arcanine|Flare Blitz|p2a: What dat mouth do\n|-supereffective|p2a: What dat mouth do\n|-damage|p2a: What dat mouth do|0 fnt\n|faint|p2a: What dat mouth do\n|-damage|p1a: Arcanine|19\/100|[from] Recoil\n|\n|upkeep\n|\n|t:|1698828563\n|switch|p2a: Mr Hands|Mudsdale, F|74\/100\n|turn|18\n|\n|t:|1698828579\n|switch|p1a: Greninja|Greninja, M|11\/100\n|-damage|p1a: Greninja|0 fnt|[from] Stealth Rock\n|faint|p1a: Greninja\n|move|p2a: Mr Hands|Body Press|p1: Greninja|[notarget]\n|-fail|p2a: Mr Hands\n|\n|-heal|p2a: Mr Hands|80\/100|[from] item: Leftovers\n|upkeep\n|\n|t:|1698828588\n|switch|p1a: Moltres|Moltres-Galar|100\/100\n|-damage|p1a: Moltres|76\/100|[from] Stealth Rock\n|turn|19\n|c|\u2606Hsk712|so I would like to declare the match\n|c|\u2606Hsk712|3-2\n|c|\u2606Hsk712|you can take the win\n|c| wolfiglick|3-2?\n|c|\u2606Hsk712|well\n|c|\u2606Hsk712|yeah\n|c|\u2606Hsk712|you took out 3 of my pokemon\n|c| wolfiglick|if u ff now its 4-0\n|c|\u2606Hsk712|yeah that's fine\n|\n|t:|1698828759\n|move|p1a: Moltres|Dual Wingbeat|p2a: Mr Hands\n|-damage|p2a: Mr Hands|72\/100\n|-ability|p2a: Mr Hands|Stamina|boost\n|-boost|p2a: Mr Hands|def|1\n|-damage|p2a: Mr Hands|66\/100\n|-ability|p2a: Mr Hands|Stamina|boost\n|-boost|p2a: Mr Hands|def|1\n|-hitcount|p2a: Mr Hands|2\n|move|p2a: Mr Hands|Rock Slide|p1a: Moltres\n|-supereffective|p1a: Moltres\n|-damage|p1a: Moltres|21\/100\n|-ability|p1a: Moltres|Berserk|boost\n|-boost|p1a: Moltres|spa|1\n|\n|-heal|p1a: Moltres|27\/100|[from] item: Leftovers\n|-heal|p2a: Mr Hands|72\/100|[from] item: Leftovers\n|upkeep\n|turn|20\n|\n|t:|1698828787\n|move|p1a: Moltres|Air Slash|p2a: Mr Hands|[miss]\n|-miss|p1a: Moltres|p2a: Mr Hands\n|move|p2a: Mr Hands|Body Press|p1a: Moltres\n|-damage|p1a: Moltres|0 fnt\n|faint|p1a: Moltres\n|\n|-heal|p2a: Mr Hands|78\/100|[from] item: Leftovers\n|upkeep\n|\n|t:|1698828830\n|switch|p1a: Lucario|Lucario, F|59\/100\n|-damage|p1a: Lucario|56\/100|[from] Stealth Rock\n|turn|21\n|\n|t:|1698828836\n|move|p1a: Lucario|Flash Cannon|p2a: Mr Hands\n|-damage|p2a: Mr Hands|46\/100\n|-ability|p2a: Mr Hands|Stamina|boost\n|-boost|p2a: Mr Hands|def|1\n|-damage|p1a: Lucario|46\/100|[from] item: Life Orb\n|move|p2a: Mr Hands|Body Press|p1a: Lucario\n|-supereffective|p1a: Lucario\n|-damage|p1a: Lucario|0 fnt\n|faint|p1a: Lucario\n|\n|-heal|p2a: Mr Hands|52\/100|[from] item: Leftovers\n|upkeep\n|\n|t:|1698828898\n|switch|p1a: Arcanine|Arcanine-Hisui, M|19\/100\n|-damage|p1a: Arcanine|0 fnt|[from] Stealth Rock\n|faint|p1a: Arcanine\n|\n|win|SirButkis\n|c|\u2606SirButkis|gg\n","uploadtime":1698828914,"views":39,"p1id":"hsk712","p2id":"sirbutkis","formatid":"gen9ubers","rating":0,"private":0,"password":""}