{"id":"gen9ubers-1992655310","p1":"BIG AS THE WHA","p2":"frog guy 7","format":"[Gen 9] Ubers","log":"|j|\u2606BIG AS THE WHA\n|j|\u2606frog guy 7\n|t:|1700221103\n|gametype|singles\n|player|p1|BIG AS THE WHA|cheren|\n|player|p2|frog guy 7|volkner|\n|teamsize|p1|2\n|teamsize|p2|1\n|gen|9\n|tier|[Gen 9] Ubers\n|rule|Sleep Clause Mod: Limit one foe put to sleep\n|rule|Species Clause: Limit one of each Pok\u00e9mon\n|rule|OHKO Clause: OHKO moves are banned\n|rule|Evasion Items Clause: Evasion items are banned\n|rule|Evasion Moves Clause: Evasion moves are banned\n|rule|Endless Battle Clause: Forcing endless battles is banned\n|rule|HP Percentage Mod: HP is shown in percentages\n|clearpoke\n|poke|p1|Gliscor, F|\n|poke|p1|Weezing, M|\n|poke|p2|Gliscor, M|\n|teampreview\n|j| ChungusTheOldOne\n|\n|t:|1700221142\n|start\n|switch|p1a: Gliscor|Gliscor, F|100\/100\n|switch|p2a: Gliscor|Gliscor, M|100\/100\n|turn|1\n|j| Madquette08\n|\n|t:|1700221150\n|move|p1a: Gliscor|Earthquake|p2a: Gliscor\n|-immune|p2a: Gliscor\n|move|p2a: Gliscor|Earthquake|p1a: Gliscor\n|-immune|p1a: Gliscor\n|\n|-status|p1a: Gliscor|tox|[from] item: Toxic Orb\n|-status|p2a: Gliscor|tox|[from] item: Toxic Orb\n|upkeep\n|turn|2\n|j| testingaccountx\n|\n|t:|1700221154\n|move|p2a: Gliscor|Earthquake|p1a: Gliscor\n|-immune|p1a: Gliscor\n|move|p1a: Gliscor|Earthquake|p2a: Gliscor\n|-immune|p2a: Gliscor\n|\n|upkeep\n|turn|3\n|\n|t:|1700221158\n|move|p2a: Gliscor|Earthquake|p1a: Gliscor\n|-immune|p1a: Gliscor\n|move|p1a: Gliscor|Earthquake|p2a: Gliscor\n|-immune|p2a: Gliscor\n|\n|upkeep\n|turn|4\n|\n|t:|1700221162\n|move|p1a: Gliscor|Earthquake|p2a: Gliscor\n|-immune|p2a: Gliscor\n|move|p2a: Gliscor|Earthquake|p1a: Gliscor\n|-immune|p1a: Gliscor\n|\n|upkeep\n|turn|5\n|c| testingaccountx|huh\n|\n|t:|1700221169\n|move|p1a: Gliscor|Earthquake|p2a: Gliscor\n|-immune|p2a: Gliscor\n|move|p2a: Gliscor|Earthquake|p1a: Gliscor\n|-immune|p1a: Gliscor\n|\n|upkeep\n|turn|6\n|c|\u2606BIG AS THE WHA|Just wait\n|c| Madquette08|what the fleeb\n|c|\u2606BIG AS THE WHA|WAIT\n|c|\u2606BIG AS THE WHA|be patient\n|\n|t:|1700221188\n|move|p1a: Gliscor|Earthquake|p2a: Gliscor\n|-immune|p2a: Gliscor\n|move|p2a: Gliscor|Earthquake|p1a: Gliscor\n|-immune|p1a: Gliscor\n|\n|upkeep\n|turn|7\n|\n|t:|1700221192\n|move|p1a: Gliscor|Earthquake|p2a: Gliscor\n|-immune|p2a: Gliscor\n|move|p2a: Gliscor|Earthquake|p1a: Gliscor\n|-immune|p1a: Gliscor\n|\n|upkeep\n|turn|8\n|c| ChungusTheOldOne|building up poison\n|c| ChungusTheOldOne|thats why\n|\n|t:|1700221195\n|move|p1a: Gliscor|Earthquake|p2a: Gliscor\n|-immune|p2a: Gliscor\n|move|p2a: Gliscor|Earthquake|p1a: Gliscor\n|-immune|p1a: Gliscor\n|\n|upkeep\n|turn|9\n|\n|t:|1700221201\n|move|p2a: Gliscor|Earthquake|p1a: Gliscor\n|-immune|p1a: Gliscor\n|move|p1a: Gliscor|Earthquake|p2a: Gliscor\n|-immune|p2a: Gliscor\n|\n|upkeep\n|turn|10\n|c| testingaccountx|makes sense\n|\n|t:|1700221207\n|move|p2a: Gliscor|Earthquake|p1a: Gliscor\n|-immune|p1a: Gliscor\n|move|p1a: Gliscor|Earthquake|p2a: Gliscor\n|-immune|p2a: Gliscor\n|\n|upkeep\n|turn|11\n|\n|t:|1700221210\n|move|p2a: Gliscor|Earthquake|p1a: Gliscor\n|-immune|p1a: Gliscor\n|move|p1a: Gliscor|Earthquake|p2a: Gliscor\n|-immune|p2a: Gliscor\n|\n|upkeep\n|turn|12\n|\n|t:|1700221217\n|move|p1a: Gliscor|Earthquake|p2a: Gliscor\n|-immune|p2a: Gliscor\n|move|p2a: Gliscor|Earthquake|p1a: Gliscor\n|-immune|p1a: Gliscor\n|\n|upkeep\n|turn|13\n|\n|t:|1700221220\n|move|p2a: Gliscor|Earthquake|p1a: Gliscor\n|-immune|p1a: Gliscor\n|move|p1a: Gliscor|Earthquake|p2a: Gliscor\n|-immune|p2a: Gliscor\n|\n|upkeep\n|turn|14\n|\n|t:|1700221224\n|move|p2a: Gliscor|Earthquake|p1a: Gliscor\n|-immune|p1a: Gliscor\n|move|p1a: Gliscor|Earthquake|p2a: Gliscor\n|-immune|p2a: Gliscor\n|\n|upkeep\n|turn|15\n|\n|t:|1700221230\n|move|p1a: Gliscor|Earthquake|p2a: Gliscor\n|-immune|p2a: Gliscor\n|move|p2a: Gliscor|Earthquake|p1a: Gliscor\n|-immune|p1a: Gliscor\n|\n|upkeep\n|turn|16\n|j| FriedEland\n|\n|t:|1700221239\n|switch|p1a: Weezing|Weezing, M|100\/100\n|-ability|p1a: Weezing|Neutralizing Gas\n|-item|p1a: Weezing|Air Balloon\n|move|p2a: Gliscor|Earthquake|p1a: Weezing\n|-immune|p1a: Weezing\n|\n|-damage|p2a: Gliscor|8\/100 tox|[from] psn\n|upkeep\n|turn|17\n|c|\u2606BIG AS THE WHA|93\n|c| Madquette08|oh i get it\n|c|\u2606BIG AS THE WHA|after chip \/ rocks\n|c| ChungusTheOldOne|16 turns tho\n|c|\u2606BIG AS THE WHA|thats a kill\n|c|\u2606BIG AS THE WHA|but have u seen that vid of Scor vs scor\n|l| FriedEland\n|c|\u2606BIG AS THE WHA|just sitting\n|l| Madquette08\n|c|\u2606BIG AS THE WHA|it forces opp to have to switch around idk\n|c|\u2606BIG AS THE WHA|its banned already but might be cool if it comes back\n|l| testingaccountx\n|\n|t:|1700221312\n|move|p1a: Weezing|Protect|p1a: Weezing\n|-singleturn|p1a: Weezing|Protect\n|-activate|p2a: Gliscor|move: Struggle\n|move|p2a: Gliscor|Struggle|p1a: Weezing\n|-activate|p1a: Weezing|move: Protect\n|\n|-damage|p2a: Gliscor|0 fnt|[from] psn\n|faint|p2a: Gliscor\n|\n|win|BIG AS THE WHA\n|upkeep\n|c| ChungusTheOldOne|it doesn't work probably tho\n|c| ChungusTheOldOne|cause it can just tera and not use eq\n|c| ChungusTheOldOne|if the guy reads your switch in you loose\n|c| ChungusTheOldOne|its super situational still\n|j| Madquette08\n|c| ChungusTheOldOne|also he can still heal itself\n|c| ChungusTheOldOne|with wish\n|c|\u2606BIG AS THE WHA|Nah i get it\n|l| Madquette08\n|c| ChungusTheOldOne|and alolomola or whatever\n|l| ChungusTheOldOne\n","uploadtime":1700221329,"views":6,"p1id":"bigasthewha","p2id":"frogguy7","formatid":"gen9ubers","rating":0,"private":0,"password":""}