{"id":"gen9ubers-1971598652","p1":"Underhours","p2":"Suikocho","format":"[Gen 9] Ubers","log":"|j|\u2606Underhours\n|j|\u2606Suikocho\n|t:|1697751977\n|gametype|singles\n|player|p1|Underhours|brock-gen2|\n|player|p2|Suikocho|ninjaboy|\n|teamsize|p1|6\n|teamsize|p2|6\n|gen|9\n|tier|[Gen 9] Ubers\n|rule|Sleep Clause Mod: Limit one foe put to sleep\n|rule|Species Clause: Limit one of each Pok\u00e9mon\n|rule|OHKO Clause: OHKO moves are banned\n|rule|Evasion Items Clause: Evasion items are banned\n|rule|Evasion Moves Clause: Evasion moves are banned\n|rule|Endless Battle Clause: Forcing endless battles is banned\n|rule|HP Percentage Mod: HP is shown in percentages\n|clearpoke\n|poke|p1|Zacian-*|\n|poke|p1|Hatterene, F|\n|poke|p1|Basculegion-F, F|\n|poke|p1|Chi-Yu|\n|poke|p1|Arceus-Poison|\n|poke|p1|Gholdengo|\n|poke|p2|Landorus, M|\n|poke|p2|Urshifu-*, F|\n|poke|p2|Masquerain, F|\n|poke|p2|Cyclizar, F|\n|poke|p2|Zacian-*|\n|poke|p2|Zapdos|\n|teampreview\n|c|\u2606Suikocho|my team is ok right?\n|c|\u2606Underhours|first game?\n|c|\u2606Suikocho|yeah lol\n|c|\u2606Underhours|in my experience urshifu is not great\n|c|\u2606Underhours|but in general yea\n|c|\u2606Underhours|anything can work on webs\n|inactive|Battle timer is ON: inactive players will automatically lose when time's up. (requested by Suikocho)\n|c|\u2606Suikocho|yeah\n|\n|t:|1697752039\n|start\n|switch|p1a: Arceus|Arceus-Poison|100\/100\n|switch|p2a: Masquerain|Masquerain, F|100\/100\n|-ability|p2a: Masquerain|Intimidate|boost\n|-unboost|p1a: Arceus|atk|1\n|turn|1\n|\n|t:|1697752051\n|switch|p1a: Hatterene|Hatterene, F|100\/100\n|move|p2a: Masquerain|Sticky Web|p1a: Hatterene\n|move|p1a: Hatterene|Sticky Web|p2a: Masquerain|[from]ability: Magic Bounce\n|-sidestart|p2: Suikocho|move: Sticky Web\n|\n|upkeep\n|turn|2\n|\n|t:|1697752056\n|move|p2a: Masquerain|Hurricane|p1a: Hatterene\n|-damage|p1a: Hatterene|68\/100\n|-start|p1a: Hatterene|confusion\n|-activate|p1a: Hatterene|confusion\n|-damage|p1a: Hatterene|60\/100|[from] confusion\n|\n|-heal|p1a: Hatterene|66\/100|[from] item: Leftovers\n|upkeep\n|turn|3\n|c|\u2606Suikocho|oh shit\n|\n|t:|1697752063\n|-activate|p1a: Hatterene|confusion\n|-damage|p1a: Hatterene|58\/100|[from] confusion\n|move|p2a: Masquerain|Hurricane|p1a: Hatterene\n|-damage|p1a: Hatterene|26\/100\n|\n|-heal|p1a: Hatterene|32\/100|[from] item: Leftovers\n|upkeep\n|turn|4\n|\n|t:|1697752068\n|-activate|p1a: Hatterene|confusion\n|move|p1a: Hatterene|Protect|p1a: Hatterene\n|-singleturn|p1a: Hatterene|Protect\n|move|p2a: Masquerain|Bug Buzz|p1a: Hatterene\n|-activate|p1a: Hatterene|move: Protect\n|\n|-heal|p1a: Hatterene|38\/100|[from] item: Leftovers\n|upkeep\n|turn|5\n|c|\u2606Underhours|wow confuse was clutch\n|\n|t:|1697752084\n|move|p2a: Masquerain|Bug Buzz|p1a: Hatterene\n|-damage|p1a: Hatterene|9\/100\n|-end|p1a: Hatterene|confusion\n|move|p1a: Hatterene|Psyshock|p2a: Masquerain\n|-damage|p2a: Masquerain|40\/100\n|\n|-heal|p1a: Hatterene|15\/100|[from] item: Leftovers\n|upkeep\n|turn|6\n|\n|t:|1697752089\n|move|p1a: Hatterene|Protect|p1a: Hatterene\n|-singleturn|p1a: Hatterene|Protect\n|move|p2a: Masquerain|Tailwind|p2a: Masquerain\n|-sidestart|p2: Suikocho|move: Tailwind\n|\n|-heal|p1a: Hatterene|21\/100|[from] item: Leftovers\n|upkeep\n|turn|7\n|\n|t:|1697752098\n|switch|p1a: Basculegion|Basculegion-F, F|100\/100\n|move|p2a: Masquerain|Bug Buzz|p1a: Basculegion\n|-resisted|p1a: Basculegion\n|-crit|p1a: Basculegion\n|-damage|p1a: Basculegion|72\/100\n|\n|upkeep\n|turn|8\n|inactive|Suikocho has 270 seconds left.\n|inactive|Suikocho has 240 seconds left.\n|\n|t:|1697752175\n|switch|p1a: Hatterene|Hatterene, F|21\/100\n|move|p2a: Masquerain|Hurricane|p1a: Hatterene|[miss]\n|-miss|p2a: Masquerain|p1a: Hatterene\n|\n|-heal|p1a: Hatterene|27\/100|[from] item: Leftovers\n|upkeep\n|turn|9\n|\n|t:|1697752181\n|move|p1a: Hatterene|Protect|p1a: Hatterene\n|-singleturn|p1a: Hatterene|Protect\n|move|p2a: Masquerain|Hurricane|p1a: Hatterene\n|-activate|p1a: Hatterene|move: Protect\n|\n|-heal|p1a: Hatterene|33\/100|[from] item: Leftovers\n|-sideend|p2: Suikocho|move: Tailwind\n|upkeep\n|turn|10\n|\n|t:|1697752185\n|move|p2a: Masquerain|Bug Buzz|p1a: Hatterene\n|-damage|p1a: Hatterene|5\/100\n|move|p1a: Hatterene|Psyshock|p2a: Masquerain\n|-damage|p2a: Masquerain|0 fnt\n|faint|p2a: Masquerain\n|\n|-heal|p1a: Hatterene|11\/100|[from] item: Leftovers\n|upkeep\n|inactive|Suikocho has 240 seconds left.\n|inactive|Suikocho has 210 seconds left.\n|\n|t:|1697752230\n|switch|p2a: Cyclizar|Cyclizar, F|100\/100\n|turn|11\n|\n|t:|1697752238\n|move|p1a: Hatterene|Protect|p1a: Hatterene\n|-singleturn|p1a: Hatterene|Protect\n|move|p2a: Cyclizar|Knock Off|p1a: Hatterene\n|-activate|p1a: Hatterene|move: Protect\n|\n|-heal|p1a: Hatterene|17\/100|[from] item: Leftovers\n|upkeep\n|turn|12\n|inactive|Suikocho has 210 seconds left.\n|\n|t:|1697752245\n|move|p2a: Cyclizar|Rapid Spin|p1a: Hatterene\n|-damage|p1a: Hatterene|0 fnt\n|-boost|p2a: Cyclizar|spe|1\n|-sideend|p2: Suikocho|Sticky Web|[from] move: Rapid Spin|[of] p2a: Cyclizar\n|faint|p1a: Hatterene\n|\n|upkeep\n|\n|t:|1697752255\n|switch|p1a: Zacian|Zacian|100\/100\n|-ability|p1a: Zacian|Intrepid Sword|boost\n|-boost|p1a: Zacian|atk|1\n|turn|13\n|\n|t:|1697752264\n|move|p2a: Cyclizar|Shed Tail|p2a: Cyclizar\n|-start|p2a: Cyclizar|Substitute|[from] move: Shed Tail\n|-damage|p2a: Cyclizar|50\/100\n|\n|t:|1697752271\n|switch|p2a: Landorus|Landorus, M|100\/100|[from] Shed Tail\n|move|p1a: Zacian|Play Rough|p2a: Landorus\n|-end|p2a: Landorus|Substitute\n|-damage|p1a: Zacian|91\/100|[from] item: Life Orb\n|\n|upkeep\n|turn|14\n|\n|t:|1697752278\n|move|p1a: Zacian|Play Rough|p2a: Landorus\n|-damage|p2a: Landorus|0 fnt\n|faint|p2a: Landorus\n|-damage|p1a: Zacian|81\/100|[from] item: Life Orb\n|\n|upkeep\n|inactive|Suikocho has 210 seconds left.\n|c|\u2606Suikocho|choice band?\n|\n|t:|1697752314\n|switch|p2a: Zapdos|Zapdos|100\/100\n|turn|15\n|c|\u2606Underhours|who's to say\n|\n|t:|1697752335\n|move|p1a: Zacian|Swords Dance|p1a: Zacian\n|-boost|p1a: Zacian|atk|2\n|move|p2a: Zapdos|Hurricane|p1a: Zacian\n|-damage|p1a: Zacian|0 fnt\n|faint|p1a: Zacian\n|\n|upkeep\n|inactive|Underhours has 270 seconds left.\n|c|\u2606Underhours|whew specs\n|\n|t:|1697752374\n|switch|p1a: Chi-Yu|Chi-Yu|100\/100\n|-ability|p1a: Chi-Yu|Beads of Ruin\n|turn|16\n|\n|t:|1697752377\n|move|p1a: Chi-Yu|Overheat|p2a: Zapdos\n|-damage|p2a: Zapdos|0 fnt\n|-unboost|p1a: Chi-Yu|spa|2\n|faint|p2a: Zapdos\n|\n|upkeep\n|\n|t:|1697752382\n|switch|p2a: Cyclizar|Cyclizar, F|84\/100\n|turn|17\n|inactive|Underhours has 270 seconds left.\n|\n|t:|1697752401\n|switch|p1a: Gholdengo|Gholdengo|100\/100\n|-item|p1a: Gholdengo|Air Balloon\n|move|p2a: Cyclizar|Knock Off|p1a: Gholdengo\n|-supereffective|p1a: Gholdengo\n|-damage|p1a: Gholdengo|49\/100\n|-enditem|p1a: Gholdengo|Air Balloon\n|\n|upkeep\n|turn|18\n|\n|t:|1697752408\n|move|p2a: Cyclizar|Shed Tail|p2a: Cyclizar\n|-start|p2a: Cyclizar|Substitute|[from] move: Shed Tail\n|-damage|p2a: Cyclizar|33\/100\n|\n|t:|1697752411\n|switch|p2a: Urshifu|Urshifu, F|100\/100|[from] Shed Tail\n|move|p1a: Gholdengo|Make It Rain|p2a: Urshifu\n|-end|p2a: Urshifu|Substitute\n|-unboost|p1a: Gholdengo|spa|1\n|\n|upkeep\n|turn|19\n|\n|t:|1697752416\n|move|p2a: Urshifu|Wicked Blow|p1a: Gholdengo\n|-supereffective|p1a: Gholdengo\n|-crit|p1a: Gholdengo\n|-damage|p1a: Gholdengo|0 fnt\n|faint|p1a: Gholdengo\n|\n|upkeep\n|\n|t:|1697752426\n|switch|p1a: Arceus|Arceus-Poison|100\/100\n|turn|20\n|inactive|Suikocho has 270 seconds left.\n|\n|t:|1697752431\n|move|p2a: Urshifu|Wicked Blow|p1a: Arceus\n|-crit|p1a: Arceus\n|-damage|p1a: Arceus|66\/100\n|move|p1a: Arceus|Sludge Bomb|p2a: Urshifu\n|-damage|p2a: Urshifu|40\/100\n|\n|upkeep\n|turn|21\n|\n|t:|1697752439\n|move|p2a: Urshifu|Wicked Blow|p1a: Arceus\n|-crit|p1a: Arceus\n|-damage|p1a: Arceus|35\/100\n|move|p1a: Arceus|Stealth Rock|p2a: Urshifu\n|-sidestart|p2: Suikocho|move: Stealth Rock\n|\n|upkeep\n|turn|22\n|\n|t:|1697752445\n|move|p2a: Urshifu|Wicked Blow|p1a: Arceus\n|-crit|p1a: Arceus\n|-damage|p1a: Arceus|1\/100\n|move|p1a: Arceus|Recover|p1a: Arceus\n|-heal|p1a: Arceus|52\/100\n|\n|upkeep\n|turn|23\n|\n|t:|1697752448\n|move|p2a: Urshifu|Wicked Blow|p1a: Arceus\n|-crit|p1a: Arceus\n|-damage|p1a: Arceus|19\/100\n|move|p1a: Arceus|Recover|p1a: Arceus\n|-heal|p1a: Arceus|70\/100\n|\n|upkeep\n|turn|24\n|c|\u2606Suikocho|%1 is crazy\n|\n|t:|1697752453\n|move|p2a: Urshifu|Wicked Blow|p1a: Arceus\n|-crit|p1a: Arceus\n|-damage|p1a: Arceus|38\/100\n|move|p1a: Arceus|Recover|p1a: Arceus\n|-heal|p1a: Arceus|88\/100\n|\n|upkeep\n|turn|25\n|\n|t:|1697752460\n|move|p2a: Urshifu|Wicked Blow|p1a: Arceus\n|-crit|p1a: Arceus\n|-damage|p1a: Arceus|55\/100\n|move|p1a: Arceus|Sludge Bomb|p2a: Urshifu\n|-damage|p2a: Urshifu|0 fnt\n|faint|p2a: Urshifu\n|\n|upkeep\n|\n|t:|1697752463\n|switch|p2a: Zacian|Zacian|100\/100\n|-damage|p2a: Zacian|88\/100|[from] Stealth Rock\n|-ability|p2a: Zacian|Intrepid Sword|boost\n|-boost|p2a: Zacian|atk|1\n|turn|26\n|\n|t:|1697752468\n|-terastallize|p2a: Zacian|Fighting\n|move|p2a: Zacian|Swords Dance|p2a: Zacian\n|-boost|p2a: Zacian|atk|2\n|move|p1a: Arceus|Sludge Bomb|p2a: Zacian\n|-damage|p2a: Zacian|50\/100\n|-status|p2a: Zacian|psn\n|\n|-damage|p2a: Zacian|38\/100 psn|[from] psn\n|upkeep\n|turn|27\n|\n|t:|1697752475\n|move|p2a: Zacian|Wild Charge|p1a: Arceus\n|-damage|p1a: Arceus|3\/100\n|-damage|p2a: Zacian|20\/100 psn|[from] Recoil\n|-damage|p2a: Zacian|10\/100 psn|[from] item: Life Orb\n|move|p1a: Arceus|Sludge Bomb|p2a: Zacian\n|-crit|p2a: Zacian\n|-damage|p2a: Zacian|0 fnt\n|faint|p2a: Zacian\n|\n|upkeep\n|c|\u2606Suikocho|ggs\n|c|\u2606Underhours|gg\n|-message|Suikocho forfeited.\n|\n|win|Underhours\n","uploadtime":1697752489,"views":32,"p1id":"underhours","p2id":"suikocho","formatid":"gen9ubers","rating":0,"private":0,"password":""}