{"id":"gen9ubers-1981924772","p1":"Scottowo","p2":"SunShinyReys","format":"[Gen 9] Ubers","log":"|j|\u2606Scottowo\n|j|\u2606SunShinyReys\n|t:|1698952133\n|gametype|singles\n|player|p1|Scottowo|elesa-gen5bw2|\n|player|p2|SunShinyReys|burglar|\n|teamsize|p1|6\n|teamsize|p2|6\n|gen|9\n|tier|[Gen 9] Ubers\n|rule|Sleep Clause Mod: Limit one foe put to sleep\n|rule|Species Clause: Limit one of each Pok\u00e9mon\n|rule|OHKO Clause: OHKO moves are banned\n|rule|Evasion Items Clause: Evasion items are banned\n|rule|Evasion Moves Clause: Evasion moves are banned\n|rule|Endless Battle Clause: Forcing endless battles is banned\n|rule|HP Percentage Mod: HP is shown in percentages\n|clearpoke\n|poke|p1|Quaquaval, F|\n|poke|p1|Appletun, F|\n|poke|p1|Dragapult, M|\n|poke|p1|Rotom-Heat|\n|poke|p1|Iron Treads|\n|poke|p1|Braviary-Hisui, M|\n|poke|p2|Slowking, M|\n|poke|p2|Dachsbun, F|\n|poke|p2|Scizor, F|\n|poke|p2|Blissey, F|\n|poke|p2|Beartic, M|\n|poke|p2|Bellibolt, M|\n|teampreview\n|j| KaoVT\n|c| KaoVT|GO REY GO!!\n|c| KaoVT|GO SCOTT GO!!\n|c|\u2606SunShinyReys|I'm going, but I think Scott's pooping.\n|c| KaoVT|why is bellibolt's still model so big btw\n|c|\u2606Scottowo|I AM NOT\n|\n|t:|1698952291\n|start\n|switch|p1a: Yami|Iron Treads|100\/100\n|switch|p2a: Nurse Joy|Blissey, F|100\/100\n|turn|1\n|\n|t:|1698952301\n|move|p1a: Yami|Stealth Rock|p2a: Nurse Joy\n|-sidestart|p2: SunShinyReys|move: Stealth Rock\n|move|p2a: Nurse Joy|Seismic Toss|p1a: Yami\n|-damage|p1a: Yami|71\/100\n|\n|-heal|p1a: Yami|77\/100|[from] item: Leftovers\n|upkeep\n|turn|2\n|\n|t:|1698952312\n|move|p1a: Yami|Heavy Slam|p2a: Nurse Joy\n|-damage|p2a: Nurse Joy|43\/100\n|move|p2a: Nurse Joy|Seismic Toss|p1a: Yami\n|-damage|p1a: Yami|48\/100\n|\n|-heal|p1a: Yami|54\/100|[from] item: Leftovers\n|-heal|p2a: Nurse Joy|49\/100|[from] item: Leftovers\n|upkeep\n|turn|3\n|j| Zeprius\n|j| Lass Starling\n|\n|t:|1698952347\n|-end|p1a: Yami|Quark Drive|[silent]\n|switch|p1a: Asta|Dragapult, M|100\/100\n|switch|p2a: Scald King|Slowking, M|100\/100\n|\n|upkeep\n|turn|4\n|\n|t:|1698952363\n|move|p1a: Asta|U-turn|p2a: Scald King\n|-supereffective|p2a: Scald King\n|-damage|p2a: Scald King|64\/100\n|\n|t:|1698952403\n|switch|p1a: Noelle|Quaquaval, F|100\/100|[from] U-turn\n|move|p2a: Scald King|Psychic|p1a: Noelle\n|-supereffective|p1a: Noelle\n|-damage|p1a: Noelle|52\/100\n|\n|upkeep\n|turn|5\n|\n|t:|1698952427\n|switch|p1a: Nero|Braviary-Hisui, M|100\/100\n|move|p2a: Scald King|Psychic|p1a: Nero\n|-resisted|p1a: Nero\n|-damage|p1a: Nero|82\/100\n|-unboost|p1a: Nero|spd|1\n|\n|upkeep\n|turn|6\n|\n|t:|1698952450\n|move|p1a: Nero|Calm Mind|p1a: Nero\n|-boost|p1a: Nero|spa|1\n|-boost|p1a: Nero|spd|1\n|move|p2a: Scald King|Slack Off|p2a: Scald King\n|-heal|p2a: Scald King|100\/100\n|\n|upkeep\n|turn|7\n|j| DivogoJota\n|\n|t:|1698952475\n|move|p1a: Nero|Esper Wing|p2a: Scald King\n|-resisted|p2a: Scald King\n|-damage|p2a: Scald King|53\/100\n|-boost|p1a: Nero|spe|1\n|move|p2a: Scald King|Chilly Reception|p2a: Scald King\n|-weather|Snow\n|\n|t:|1698952484\n|switch|p2a: Ice Bear|Beartic, M|100\/100|[from] Chilly Reception\n|-damage|p2a: Ice Bear|76\/100|[from] Stealth Rock\n|\n|-weather|Snow|[upkeep]\n|upkeep\n|turn|8\n|\n|t:|1698952513\n|switch|p1a: Magna|Rotom-Heat|100\/100\n|move|p2a: Ice Bear|Icicle Crash|p1a: Magna\n|-resisted|p1a: Magna\n|-crit|p1a: Magna\n|-damage|p1a: Magna|64\/100\n|-damage|p2a: Ice Bear|66\/100|[from] item: Life Orb\n|\n|-weather|Snow|[upkeep]\n|upkeep\n|turn|9\n|l| Zeprius\n|\n|t:|1698952536\n|switch|p2a: Burnt Toast|Dachsbun, F, shiny|100\/100\n|-damage|p2a: Burnt Toast|88\/100|[from] Stealth Rock\n|move|p1a: Magna|Volt Switch|p2a: Burnt Toast\n|-damage|p2a: Burnt Toast|57\/100\n|\n|t:|1698952550\n|switch|p1a: Yami|Iron Treads|54\/100|[from] Volt Switch\n|\n|-weather|Snow|[upkeep]\n|-heal|p1a: Yami|61\/100|[from] item: Leftovers\n|-heal|p2a: Burnt Toast|63\/100|[from] item: Leftovers\n|upkeep\n|turn|10\n|\n|t:|1698952559\n|move|p2a: Burnt Toast|Protect|p2a: Burnt Toast\n|-singleturn|p2a: Burnt Toast|Protect\n|move|p1a: Yami|Heavy Slam|p2a: Burnt Toast\n|-activate|p2a: Burnt Toast|move: Protect\n|\n|-weather|Snow|[upkeep]\n|-heal|p1a: Yami|67\/100|[from] item: Leftovers\n|-heal|p2a: Burnt Toast|69\/100|[from] item: Leftovers\n|upkeep\n|turn|11\n|\n|t:|1698952628\n|switch|p2a: Scald King|Slowking, M|87\/100\n|move|p1a: Yami|Earthquake|p2a: Scald King\n|-crit|p2a: Scald King\n|-damage|p2a: Scald King|37\/100\n|\n|-weather|none\n|-heal|p1a: Yami|73\/100|[from] item: Leftovers\n|upkeep\n|turn|12\n|\n|t:|1698952677\n|-end|p1a: Yami|Quark Drive|[silent]\n|switch|p1a: Charmy|Appletun, F|100\/100\n|switch|p2a: Steve|Scizor, F|100\/100\n|-damage|p2a: Steve|88\/100|[from] Stealth Rock\n|\n|upkeep\n|turn|13\n|\n|t:|1698952686\n|move|p1a: Charmy|Protect|p1a: Charmy\n|-singleturn|p1a: Charmy|Protect\n|move|p2a: Steve|U-turn|p1a: Charmy\n|-activate|p1a: Charmy|move: Protect\n|\n|upkeep\n|turn|14\n|\n|t:|1698952727\n|switch|p1a: Yami|Iron Treads|73\/100\n|move|p2a: Steve|U-turn|p1a: Yami\n|-resisted|p1a: Yami\n|-damage|p1a: Yami|46\/100\n|\n|t:|1698952759\n|switch|p2a: Scald King|Slowking, M|70\/100|[from] U-turn\n|\n|-heal|p1a: Yami|52\/100|[from] item: Leftovers\n|upkeep\n|turn|15\n|\n|t:|1698952840\n|-end|p1a: Yami|Quark Drive|[silent]\n|switch|p1a: Asta|Dragapult, M|100\/100\n|move|p2a: Scald King|Chilly Reception|p2a: Scald King\n|-weather|Snow\n|\n|t:|1698952868\n|switch|p2a: Steve|Scizor, F|88\/100|[from] Chilly Reception\n|-damage|p2a: Steve|76\/100|[from] Stealth Rock\n|\n|-weather|Snow|[upkeep]\n|upkeep\n|turn|16\n|\n|t:|1698952893\n|switch|p1a: Magna|Rotom-Heat|64\/100\n|move|p2a: Steve|Knock Off|p1a: Magna\n|-damage|p1a: Magna|19\/100\n|-enditem|p1a: Magna|Heavy-Duty Boots|[from] move: Knock Off|[of] p2a: Steve\n|\n|-weather|Snow|[upkeep]\n|upkeep\n|turn|17\n|\n|t:|1698952925\n|switch|p2a: BelliBoi|Bellibolt, M, shiny|100\/100\n|-damage|p2a: BelliBoi|88\/100|[from] Stealth Rock\n|move|p1a: Magna|Overheat|p2a: BelliBoi\n|-damage|p2a: BelliBoi|47\/100\n|-unboost|p1a: Magna|spa|2\n|-start|p2a: BelliBoi|Charge|Overheat|[from] ability: Electromorphosis\n|\n|-weather|Snow|[upkeep]\n|-heal|p2a: BelliBoi|53\/100|[from] item: Leftovers\n|upkeep\n|turn|18\n|\n|t:|1698952937\n|switch|p1a: Charmy|Appletun, F|100\/100\n|move|p2a: BelliBoi|Soak|p1a: Charmy\n|-start|p1a: Charmy|typechange|Water\n|\n|-weather|Snow|[upkeep]\n|-heal|p2a: BelliBoi|59\/100|[from] item: Leftovers\n|upkeep\n|turn|19\n|\n|t:|1698952986\n|switch|p1a: Yami|Iron Treads|52\/100\n|move|p2a: BelliBoi|Parabolic Charge|p1a: Yami\n|-immune|p1a: Yami\n|-end|p2a: BelliBoi|Charge|[silent]\n|\n|-weather|none\n|-heal|p1a: Yami|58\/100|[from] item: Leftovers\n|-heal|p2a: BelliBoi|65\/100|[from] item: Leftovers\n|upkeep\n|turn|20\n|\n|t:|1698953001\n|move|p1a: Yami|Earthquake|p2a: BelliBoi\n|-supereffective|p2a: BelliBoi\n|-damage|p2a: BelliBoi|11\/100\n|-start|p2a: BelliBoi|Charge|Earthquake|[from] ability: Electromorphosis\n|move|p2a: BelliBoi|Soak|p1a: Yami\n|-start|p1a: Yami|typechange|Water\n|\n|-heal|p1a: Yami|64\/100|[from] item: Leftovers\n|-heal|p2a: BelliBoi|18\/100|[from] item: Leftovers\n|upkeep\n|turn|21\n|\n|t:|1698953040\n|switch|p2a: Scald King|Slowking, M|100\/100\n|move|p1a: Yami|Earthquake|p2a: Scald King\n|-damage|p2a: Scald King|77\/100\n|\n|-heal|p1a: Yami|70\/100|[from] item: Leftovers\n|upkeep\n|turn|22\n|\n|t:|1698953053\n|move|p1a: Yami|Earthquake|p2a: Scald King\n|-damage|p2a: Scald King|56\/100\n|move|p2a: Scald King|Psychic|p1a: Yami\n|-damage|p1a: Yami|28\/100\n|\n|-heal|p1a: Yami|34\/100|[from] item: Leftovers\n|upkeep\n|turn|23\n|\n|t:|1698953061\n|-end|p1a: Yami|Quark Drive|[silent]\n|switch|p1a: Charmy|Appletun, F|100\/100\n|move|p2a: Scald King|Psychic|p1a: Charmy\n|-damage|p1a: Charmy|80\/100\n|\n|upkeep\n|turn|24\n|c| KaoVT|scott??\n|c| KaoVT|wait r we just\n|c| KaoVT|ignoring that>?\n|c|\u2606Scottowo|what\n|c| KaoVT|oh wait\n|c| KaoVT|bro i thought u tera watered on iron treads\n|c| KaoVT|LMAO\n|c| KaoVT|didnt see soak\n|c|\u2606Scottowo|ye\n|c| Lass Starling|smh my head\n|c| KaoVT|my B i thought i just saw the most illegal tera of all time\n|\n|t:|1698953121\n|move|p2a: Scald King|Chilly Reception|p2a: Scald King\n|-weather|Snow\n|c|\u2606Scottowo|lol\n|\n|t:|1698953127\n|switch|p2a: Ice Bear|Beartic, M|66\/100|[from] Chilly Reception\n|-damage|p2a: Ice Bear|41\/100|[from] Stealth Rock\n|move|p1a: Charmy|Leech Seed|p2a: Ice Bear\n|-start|p2a: Ice Bear|move: Leech Seed\n|\n|-weather|Snow|[upkeep]\n|-damage|p2a: Ice Bear|29\/100|[from] Leech Seed|[of] p1a: Charmy\n|-heal|p1a: Charmy|89\/100|[silent]\n|upkeep\n|turn|25\n|\n|t:|1698953140\n|move|p1a: Charmy|Protect|p1a: Charmy\n|-singleturn|p1a: Charmy|Protect\n|move|p2a: Ice Bear|Icicle Crash|p1a: Charmy\n|-activate|p1a: Charmy|move: Protect\n|\n|-weather|Snow|[upkeep]\n|-damage|p2a: Ice Bear|16\/100|[from] Leech Seed|[of] p1a: Charmy\n|-heal|p1a: Charmy|99\/100|[silent]\n|upkeep\n|turn|26\n|\n|t:|1698953148\n|switch|p1a: Magna|Rotom-Heat|19\/100\n|move|p2a: Ice Bear|Icicle Crash|p1a: Magna\n|-resisted|p1a: Magna\n|-damage|p1a: Magna|0 fnt\n|faint|p1a: Magna\n|-damage|p2a: Ice Bear|6\/100|[from] item: Life Orb\n|\n|-weather|Snow|[upkeep]\n|upkeep\n|\n|t:|1698953154\n|switch|p1a: Asta|Dragapult, M|100\/100\n|turn|27\n|\n|t:|1698953161\n|move|p2a: Ice Bear|Aqua Jet|p1a: Asta\n|-resisted|p1a: Asta\n|-damage|p1a: Asta|88\/100\n|-damage|p2a: Ice Bear|0 fnt|[from] item: Life Orb\n|faint|p2a: Ice Bear\n|move|p1a: Asta|Dragon Darts|p2: Ice Bear|[notarget]\n|-fail|p1a: Asta\n|\n|-weather|Snow|[upkeep]\n|upkeep\n|\n|t:|1698953196\n|switch|p2a: Burnt Toast|Dachsbun, F, shiny|69\/100\n|-damage|p2a: Burnt Toast|56\/100|[from] Stealth Rock\n|turn|28\n|\n|t:|1698953224\n|switch|p1a: Yami|Iron Treads|34\/100\n|move|p2a: Burnt Toast|Wish|p2a: Burnt Toast\n|\n|-weather|none\n|-heal|p1a: Yami|40\/100|[from] item: Leftovers\n|-heal|p2a: Burnt Toast|62\/100|[from] item: Leftovers\n|upkeep\n|turn|29\n|\n|t:|1698953234\n|move|p2a: Burnt Toast|Protect|p2a: Burnt Toast\n|-singleturn|p2a: Burnt Toast|Protect\n|move|p1a: Yami|Earthquake|p2a: Burnt Toast\n|-activate|p2a: Burnt Toast|move: Protect\n|\n|-heal|p2a: Burnt Toast|100\/100|[from] move: Wish|[wisher] Burnt Toast\n|-heal|p1a: Yami|46\/100|[from] item: Leftovers\n|upkeep\n|turn|30\n|\n|t:|1698953243\n|move|p1a: Yami|Heavy Slam|p2a: Burnt Toast\n|-supereffective|p2a: Burnt Toast\n|-damage|p2a: Burnt Toast|27\/100\n|move|p2a: Burnt Toast|Body Press|p1a: Yami\n|-supereffective|p1a: Yami\n|-damage|p1a: Yami|2\/100\n|\n|-heal|p1a: Yami|8\/100|[from] item: Leftovers\n|-heal|p2a: Burnt Toast|33\/100|[from] item: Leftovers\n|upkeep\n|turn|31\n|\n|t:|1698953255\n|move|p2a: Burnt Toast|Protect|p2a: Burnt Toast\n|-singleturn|p2a: Burnt Toast|Protect\n|move|p1a: Yami|Heavy Slam|p2a: Burnt Toast\n|-activate|p2a: Burnt Toast|move: Protect\n|\n|-heal|p1a: Yami|14\/100|[from] item: Leftovers\n|-heal|p2a: Burnt Toast|39\/100|[from] item: Leftovers\n|upkeep\n|turn|32\n|\n|t:|1698953264\n|switch|p2a: Scald King|Slowking, M|90\/100\n|move|p1a: Yami|Heavy Slam|p2a: Scald King\n|-resisted|p2a: Scald King\n|-damage|p2a: Scald King|76\/100\n|\n|-heal|p1a: Yami|20\/100|[from] item: Leftovers\n|upkeep\n|turn|33\n|\n|t:|1698953273\n|-end|p1a: Yami|Quark Drive|[silent]\n|switch|p1a: Charmy|Appletun, F|99\/100\n|move|p2a: Scald King|Scald|p1a: Charmy\n|-resisted|p1a: Charmy\n|-damage|p1a: Charmy|95\/100\n|\n|upkeep\n|turn|34\n|\n|t:|1698953286\n|switch|p2a: Burnt Toast|Dachsbun, F, shiny|39\/100\n|-damage|p2a: Burnt Toast|27\/100|[from] Stealth Rock\n|move|p1a: Charmy|Leech Seed|p2a: Burnt Toast\n|-start|p2a: Burnt Toast|move: Leech Seed\n|\n|-heal|p2a: Burnt Toast|33\/100|[from] item: Leftovers\n|-damage|p2a: Burnt Toast|20\/100|[from] Leech Seed|[of] p1a: Charmy\n|-heal|p1a: Charmy|100\/100|[silent]\n|upkeep\n|turn|35\n|\n|t:|1698953304\n|switch|p2a: Nurse Joy|Blissey, F|49\/100\n|-damage|p2a: Nurse Joy|37\/100|[from] Stealth Rock\n|move|p1a: Charmy|Apple Acid|p2a: Nurse Joy\n|-damage|p2a: Nurse Joy|28\/100\n|-unboost|p2a: Nurse Joy|spd|1\n|\n|-heal|p2a: Nurse Joy|34\/100|[from] item: Leftovers\n|upkeep\n|turn|36\n|\n|t:|1698953316\n|move|p2a: Nurse Joy|Thunder Wave|p1a: Charmy\n|-status|p1a: Charmy|par\n|cant|p1a: Charmy|par\n|\n|-heal|p2a: Nurse Joy|40\/100|[from] item: Leftovers\n|upkeep\n|turn|37\n|\n|t:|1698953325\n|move|p2a: Nurse Joy|Soft-Boiled|p2a: Nurse Joy\n|-heal|p2a: Nurse Joy|90\/100\n|cant|p1a: Charmy|par\n|\n|-heal|p2a: Nurse Joy|96\/100|[from] item: Leftovers\n|upkeep\n|turn|38\n|c|\u2606Scottowo|:(\n|\n|t:|1698953332\n|move|p2a: Nurse Joy|Stealth Rock|p1a: Charmy\n|-sidestart|p1: Scottowo|move: Stealth Rock\n|cant|p1a: Charmy|par\n|\n|-heal|p2a: Nurse Joy|100\/100|[from] item: Leftovers\n|upkeep\n|turn|39\n|c|\u2606Scottowo|D:\n|c| DivogoJota|this is deserved\n|\n|t:|1698953339\n|move|p2a: Nurse Joy|Seismic Toss|p1a: Charmy\n|-damage|p1a: Charmy|77\/100 par\n|move|p1a: Charmy|Leech Seed|p2a: Nurse Joy\n|-start|p2a: Nurse Joy|move: Leech Seed\n|\n|-damage|p2a: Nurse Joy|88\/100|[from] Leech Seed|[of] p1a: Charmy\n|-heal|p1a: Charmy|96\/100 par|[silent]\n|upkeep\n|turn|40\n|c| DivogoJota|idk why\n|c| DivogoJota|but it is\n|\n|t:|1698953358\n|move|p2a: Nurse Joy|Seismic Toss|p1a: Charmy\n|-damage|p1a: Charmy|72\/100 par\n|move|p1a: Charmy|Leech Seed||[still]\n|-fail|p1a: Charmy\n|\n|-heal|p2a: Nurse Joy|94\/100|[from] item: Leftovers\n|-damage|p2a: Nurse Joy|82\/100|[from] Leech Seed|[of] p1a: Charmy\n|-heal|p1a: Charmy|92\/100 par|[silent]\n|upkeep\n|turn|41\n|c| KaoVT|turn 40, 2 mons dead total..\n|\n|t:|1698953369\n|switch|p2a: BelliBoi|Bellibolt, M, shiny|18\/100\n|-damage|p2a: BelliBoi|5\/100|[from] Stealth Rock\n|move|p1a: Charmy|Apple Acid|p2a: BelliBoi\n|-damage|p2a: BelliBoi|0 fnt\n|faint|p2a: BelliBoi\n|\n|upkeep\n|c| KaoVT|:despair:\n|c| KaoVT|nOOOO BELLIBOLT\n|\n|t:|1698953380\n|switch|p2a: Steve|Scizor, F|76\/100\n|-damage|p2a: Steve|64\/100|[from] Stealth Rock\n|turn|42\n|\n|t:|1698953398\n|switch|p1a: Noelle|Quaquaval, F|52\/100\n|-damage|p1a: Noelle|46\/100|[from] Stealth Rock\n|move|p2a: Steve|U-turn|p1a: Noelle\n|-resisted|p1a: Noelle\n|-damage|p1a: Noelle|8\/100\n|c| Lass Starling|I feel like this battle encapsulates my life perfectly\n|\n|t:|1698953407\n|switch|p2a: Scald King|Slowking, M|100\/100|[from] U-turn\n|\n|upkeep\n|turn|43\n|c| Lass Starling|a whole lot of nothin happening everything is fine\n|c| Lass Starling|train wreck\n|\n|t:|1698953421\n|move|p1a: Noelle|Close Combat|p2a: Scald King\n|-resisted|p2a: Scald King\n|-damage|p2a: Scald King|78\/100\n|-unboost|p1a: Noelle|def|1\n|-unboost|p1a: Noelle|spd|1\n|move|p2a: Scald King|Scald|p1a: Noelle\n|-resisted|p1a: Noelle\n|-damage|p1a: Noelle|0 fnt\n|faint|p1a: Noelle\n|\n|upkeep\n|\n|t:|1698953452\n|switch|p1a: Charmy|Appletun, F|92\/100 par\n|-damage|p1a: Charmy|79\/100 par|[from] Stealth Rock\n|turn|44\n|\n|t:|1698953482\n|move|p2a: Scald King|Psychic|p1a: Charmy\n|-damage|p1a: Charmy|58\/100 par\n|-unboost|p1a: Charmy|spd|1\n|move|p1a: Charmy|Leech Seed|p2a: Scald King\n|-start|p2a: Scald King|move: Leech Seed\n|\n|-damage|p2a: Scald King|66\/100|[from] Leech Seed|[of] p1a: Charmy\n|-heal|p1a: Charmy|70\/100 par|[silent]\n|upkeep\n|turn|45\n|\n|t:|1698953489\n|move|p1a: Charmy|Protect|p1a: Charmy\n|-singleturn|p1a: Charmy|Protect\n|move|p2a: Scald King|Psychic|p1a: Charmy\n|-activate|p1a: Charmy|move: Protect\n|\n|-damage|p2a: Scald King|54\/100|[from] Leech Seed|[of] p1a: Charmy\n|-heal|p1a: Charmy|82\/100 par|[silent]\n|upkeep\n|turn|46\n|j| Yveltql\n|\n|t:|1698953517\n|move|p2a: Scald King|Slack Off|p2a: Scald King\n|-heal|p2a: Scald King|100\/100\n|move|p1a: Charmy|Apple Acid|p2a: Scald King\n|-supereffective|p2a: Scald King\n|-damage|p2a: Scald King|56\/100\n|-unboost|p2a: Scald King|spd|1\n|\n|-damage|p2a: Scald King|44\/100|[from] Leech Seed|[of] p1a: Charmy\n|-heal|p1a: Charmy|93\/100 par|[silent]\n|upkeep\n|turn|47\n|\n|t:|1698953538\n|switch|p2a: Burnt Toast|Dachsbun, F, shiny|20\/100\n|-damage|p2a: Burnt Toast|8\/100|[from] Stealth Rock\n|move|p1a: Charmy|Leech Seed|p2a: Burnt Toast\n|-start|p2a: Burnt Toast|move: Leech Seed\n|\n|-heal|p2a: Burnt Toast|14\/100|[from] item: Leftovers\n|-damage|p2a: Burnt Toast|2\/100|[from] Leech Seed|[of] p1a: Charmy\n|-heal|p1a: Charmy|100\/100 par|[silent]\n|upkeep\n|turn|48\n|\n|t:|1698953547\n|move|p2a: Burnt Toast|Wish|p2a: Burnt Toast\n|move|p1a: Charmy|Apple Acid|p2a: Burnt Toast\n|-damage|p2a: Burnt Toast|0 fnt\n|faint|p2a: Burnt Toast\n|\n|upkeep\n|\n|t:|1698953553\n|switch|p2a: Steve|Scizor, F|64\/100\n|-damage|p2a: Steve|52\/100|[from] Stealth Rock\n|turn|49\n|\n|t:|1698953590\n|switch|p1a: Asta|Dragapult, M|88\/100\n|-damage|p1a: Asta|75\/100|[from] Stealth Rock\n|move|p2a: Steve|Knock Off|p1a: Asta\n|-supereffective|p1a: Asta\n|-damage|p1a: Asta|0 fnt\n|-enditem|p1a: Asta|Choice Scarf|[from] move: Knock Off|[of] p2a: Steve\n|faint|p1a: Asta\n|\n|-heal|p2a: Steve|98\/100|[from] move: Wish|[wisher] Burnt Toast\n|upkeep\n|\n|t:|1698953604\n|switch|p1a: Yami|Iron Treads|20\/100\n|-damage|p1a: Yami|17\/100|[from] Stealth Rock\n|turn|50\n|\n|t:|1698953624\n|move|p1a: Yami|Earthquake|p2a: Steve\n|-damage|p2a: Steve|52\/100\n|move|p2a: Steve|Knock Off|p1a: Yami\n|-damage|p1a: Yami|0 fnt\n|-enditem|p1a: Yami|Leftovers|[from] move: Knock Off|[of] p2a: Steve\n|faint|p1a: Yami\n|-end|p1a: Yami|Quark Drive|[silent]\n|\n|upkeep\n|\n|t:|1698953641\n|switch|p1a: Nero|Braviary-Hisui, M|82\/100\n|turn|51\n|c| KaoVT|how'd we go from nothing to an absolute bloodbath in 10 turns flat\n|c| KaoVT|wtf\n|\n|t:|1698953658\n|switch|p2a: Nurse Joy|Blissey, F|82\/100\n|-damage|p2a: Nurse Joy|69\/100|[from] Stealth Rock\n|move|p1a: Nero|Esper Wing|p2a: Nurse Joy\n|-damage|p2a: Nurse Joy|57\/100\n|-boost|p1a: Nero|spe|1\n|\n|-heal|p2a: Nurse Joy|63\/100|[from] item: Leftovers\n|upkeep\n|turn|52\n|c| Lass Starling|scroll back up to turn 42\n|c|\u2606Scottowo|scizor sweeps me so hard after rotom dead+treads low\n|\n|t:|1698953677\n|switch|p1a: Charmy|Appletun, F|100\/100 par\n|-damage|p1a: Charmy|88\/100 par|[from] Stealth Rock\n|move|p2a: Nurse Joy|Thunder Wave|p1a: Charmy\n|-fail|p1a: Charmy|par\n|\n|-heal|p2a: Nurse Joy|69\/100|[from] item: Leftovers\n|upkeep\n|turn|53\n|c| Lass Starling|okay\n|c| Lass Starling|cy'all in 50 turns\n|c| KaoVT|pfft star, same\n|\n|t:|1698953700\n|move|p2a: Nurse Joy|Seismic Toss|p1a: Charmy\n|-damage|p1a: Charmy|65\/100 par\n|cant|p1a: Charmy|par\n|\n|-heal|p2a: Nurse Joy|75\/100|[from] item: Leftovers\n|upkeep\n|turn|54\n|\n|t:|1698953708\n|move|p2a: Nurse Joy|Seismic Toss|p1a: Charmy\n|-damage|p1a: Charmy|41\/100 par\n|move|p1a: Charmy|Leech Seed|p2a: Nurse Joy\n|-start|p2a: Nurse Joy|move: Leech Seed\n|\n|-heal|p2a: Nurse Joy|81\/100|[from] item: Leftovers\n|-damage|p2a: Nurse Joy|69\/100|[from] Leech Seed|[of] p1a: Charmy\n|-heal|p1a: Charmy|60\/100 par|[silent]\n|upkeep\n|turn|55\n|\n|t:|1698953724\n|cant|p1a: Charmy|par\n|move|p2a: Nurse Joy|Seismic Toss|p1a: Charmy\n|-damage|p1a: Charmy|36\/100 par\n|\n|-heal|p2a: Nurse Joy|75\/100|[from] item: Leftovers\n|-damage|p2a: Nurse Joy|63\/100|[from] Leech Seed|[of] p1a: Charmy\n|-heal|p1a: Charmy|56\/100 par|[silent]\n|upkeep\n|turn|56\n|\n|t:|1698953782\n|switch|p2a: Scald King|Slowking, M|77\/100\n|move|p1a: Charmy|Apple Acid|p2a: Scald King\n|-supereffective|p2a: Scald King\n|-damage|p2a: Scald King|35\/100\n|-unboost|p2a: Scald King|spd|1\n|\n|upkeep\n|turn|57\n|\n|t:|1698953793\n|move|p2a: Scald King|Slack Off|p2a: Scald King\n|-heal|p2a: Scald King|85\/100\n|move|p1a: Charmy|Leech Seed|p2a: Scald King\n|-start|p2a: Scald King|move: Leech Seed\n|\n|-damage|p2a: Scald King|72\/100|[from] Leech Seed|[of] p1a: Charmy\n|-heal|p1a: Charmy|67\/100 par|[silent]\n|upkeep\n|turn|58\n|\n|t:|1698953803\n|switch|p2a: Nurse Joy|Blissey, F|63\/100\n|-damage|p2a: Nurse Joy|50\/100|[from] Stealth Rock\n|cant|p1a: Charmy|par\n|\n|-heal|p2a: Nurse Joy|56\/100|[from] item: Leftovers\n|upkeep\n|turn|59\n|\n|t:|1698953816\n|move|p2a: Nurse Joy|Seismic Toss|p1a: Charmy\n|-damage|p1a: Charmy|44\/100 par\n|move|p1a: Charmy|Leech Seed|p2a: Nurse Joy\n|-start|p2a: Nurse Joy|move: Leech Seed\n|\n|-heal|p2a: Nurse Joy|62\/100|[from] item: Leftovers\n|-damage|p2a: Nurse Joy|50\/100|[from] Leech Seed|[of] p1a: Charmy\n|-heal|p1a: Charmy|63\/100 par|[silent]\n|upkeep\n|turn|60\n|\n|t:|1698953824\n|move|p2a: Nurse Joy|Soft-Boiled|p2a: Nurse Joy\n|-heal|p2a: Nurse Joy|99\/100\n|move|p1a: Charmy|Leech Seed||[still]\n|-fail|p1a: Charmy\n|\n|-heal|p2a: Nurse Joy|100\/100|[from] item: Leftovers\n|-damage|p2a: Nurse Joy|88\/100|[from] Leech Seed|[of] p1a: Charmy\n|-heal|p1a: Charmy|82\/100 par|[silent]\n|upkeep\n|turn|61\n|\n|t:|1698953834\n|switch|p2a: Scald King|Slowking, M|100\/100\n|move|p1a: Charmy|Dragon Pulse|p2a: Scald King\n|-damage|p2a: Scald King|76\/100\n|\n|upkeep\n|turn|62\n|\n|t:|1698953863\n|move|p2a: Scald King|Chilly Reception|p2a: Scald King\n|-weather|Snow\n|\n|t:|1698953866\n|switch|p2a: Steve|Scizor, F|52\/100|[from] Chilly Reception\n|-damage|p2a: Steve|40\/100|[from] Stealth Rock\n|move|p1a: Charmy|Apple Acid|p2a: Steve\n|-resisted|p2a: Steve\n|-damage|p2a: Steve|32\/100\n|-unboost|p2a: Steve|spd|1\n|\n|-weather|Snow|[upkeep]\n|upkeep\n|turn|63\n|\n|t:|1698953883\n|move|p1a: Charmy|Protect|p1a: Charmy\n|-singleturn|p1a: Charmy|Protect\n|move|p2a: Steve|U-turn|p1a: Charmy\n|-activate|p1a: Charmy|move: Protect\n|\n|-weather|Snow|[upkeep]\n|upkeep\n|turn|64\n|\n|t:|1698953900\n|switch|p1a: Nero|Braviary-Hisui, M|82\/100\n|move|p2a: Steve|U-turn|p1a: Nero\n|-damage|p1a: Nero|11\/100\n|\n|t:|1698953938\n|switch|p2a: Nurse Joy|Blissey, F|88\/100|[from] U-turn\n|-damage|p2a: Nurse Joy|76\/100|[from] Stealth Rock\n|\n|-weather|Snow|[upkeep]\n|-heal|p2a: Nurse Joy|82\/100|[from] item: Leftovers\n|upkeep\n|turn|65\n|\n|t:|1698953954\n|switch|p1a: Charmy|Appletun, F|82\/100 par\n|-damage|p1a: Charmy|70\/100 par|[from] Stealth Rock\n|move|p2a: Nurse Joy|Seismic Toss|p1a: Charmy\n|-damage|p1a: Charmy|46\/100 par\n|\n|-weather|Snow|[upkeep]\n|-heal|p2a: Nurse Joy|88\/100|[from] item: Leftovers\n|upkeep\n|turn|66\n|\n|t:|1698953966\n|move|p2a: Nurse Joy|Seismic Toss|p1a: Charmy\n|-damage|p1a: Charmy|22\/100 par\n|-activate|p1a: Charmy|ability: Ripen\n|-enditem|p1a: Charmy|Wiki Berry|[eat]\n|-heal|p1a: Charmy|89\/100 par|[from] item: Wiki Berry\n|move|p1a: Charmy|Leech Seed|p2a: Nurse Joy\n|-start|p2a: Nurse Joy|move: Leech Seed\n|\n|-weather|none\n|-heal|p2a: Nurse Joy|94\/100|[from] item: Leftovers\n|-damage|p2a: Nurse Joy|82\/100|[from] Leech Seed|[of] p1a: Charmy\n|-heal|p1a: Charmy|100\/100 par|[silent]\n|upkeep\n|turn|67\n|c|\u2606SunShinyReys|. . . . . . .\n|c|\u2606Scottowo|:)\n|\n|t:|1698954006\n|switch|p2a: Scald King|Slowking, M|100\/100\n|move|p1a: Charmy|Apple Acid|p2a: Scald King\n|-supereffective|p2a: Scald King\n|-damage|p2a: Scald King|59\/100\n|-unboost|p2a: Scald King|spd|1\n|\n|upkeep\n|turn|68\n|\n|t:|1698954025\n|switch|p2a: Nurse Joy|Blissey, F|82\/100\n|-damage|p2a: Nurse Joy|69\/100|[from] Stealth Rock\n|move|p1a: Charmy|Apple Acid|p2a: Nurse Joy\n|-damage|p2a: Nurse Joy|60\/100\n|-unboost|p2a: Nurse Joy|spd|1\n|\n|-heal|p2a: Nurse Joy|66\/100|[from] item: Leftovers\n|upkeep\n|turn|69\n|\n|t:|1698954042\n|move|p2a: Nurse Joy|Seismic Toss|p1a: Charmy\n|-damage|p1a: Charmy|77\/100 par\n|move|p1a: Charmy|Dragon Pulse|p2a: Nurse Joy\n|-damage|p2a: Nurse Joy|52\/100\n|\n|-heal|p2a: Nurse Joy|58\/100|[from] item: Leftovers\n|upkeep\n|turn|70\n|\n|t:|1698954050\n|move|p2a: Nurse Joy|Seismic Toss|p1a: Charmy\n|-damage|p1a: Charmy|53\/100 par\n|cant|p1a: Charmy|par\n|\n|-heal|p2a: Nurse Joy|64\/100|[from] item: Leftovers\n|upkeep\n|turn|71\n|c| KaoVT|MAKE IT STOp\n|c| KaoVT|THE VOICES\n|\n|t:|1698954057\n|move|p2a: Nurse Joy|Seismic Toss|p1a: Charmy\n|-damage|p1a: Charmy|30\/100 par\n|move|p1a: Charmy|Leech Seed|p2a: Nurse Joy\n|-start|p2a: Nurse Joy|move: Leech Seed\n|\n|-heal|p2a: Nurse Joy|70\/100|[from] item: Leftovers\n|-damage|p2a: Nurse Joy|58\/100|[from] Leech Seed|[of] p1a: Charmy\n|-heal|p1a: Charmy|49\/100 par|[silent]\n|upkeep\n|turn|72\n|c| KaoVT|I CANT TAKE ANYMORE APPLETUN VS BLISSEY\n|c| KaoVT|AAAAAAAAAAAAAAAAAAAA\n|c| Yveltql|hey dont live slowking out\n|c| Lass Starling|on the bright side\n|c| Yveltql|leave*\n|\n|t:|1698954092\n|switch|p2a: Scald King|Slowking, M|92\/100\n|cant|p1a: Charmy|par\n|\n|upkeep\n|turn|73\n|c|\u2606Scottowo|ah\n|c| Lass Starling|y'all makin me feel better about Pex v Pex\n|c|\u2606Scottowo|im just saying rey said they dont like stall\n|c|\u2606Scottowo|but have slowking+blissey core\n|\n|t:|1698954130\n|move|p2a: Scald King|Psychic|p1a: Charmy\n|-damage|p1a: Charmy|27\/100 par\n|move|p1a: Charmy|Leech Seed|p2a: Scald King\n|-start|p2a: Scald King|move: Leech Seed\n|\n|-damage|p2a: Scald King|80\/100|[from] Leech Seed|[of] p1a: Charmy\n|-heal|p1a: Charmy|39\/100 par|[silent]\n|upkeep\n|turn|74\n|c| DivogoJota|that's what im saying lmfao\n|c| DivogoJota|but you are ripen appletun\n|c| DivogoJota|so you cant talk\n|c|\u2606Scottowo|i have one bulky\n|c|\u2606Scottowo|vs 2 bulky\n|c| Lass Starling|js\n|c| Lass Starling|HO gang where it's at\n|c| Lass Starling|fuck this bulk noise\n|c| Yveltql|yo me too star lets go\n|c| KaoVT|whats ripen??\n|\n|t:|1698954193\n|move|p2a: Scald King|Psychic|p1a: Charmy\n|-damage|p1a: Charmy|19\/100 par\n|move|p1a: Charmy|Apple Acid|p2a: Scald King\n|-supereffective|p2a: Scald King\n|-damage|p2a: Scald King|33\/100\n|-unboost|p2a: Scald King|spd|1\n|\n|-damage|p2a: Scald King|21\/100|[from] Leech Seed|[of] p1a: Charmy\n|-heal|p1a: Charmy|31\/100 par|[silent]\n|upkeep\n|turn|75\n|c| Yveltql|i have 2 and a half defensive mons xd\n|c| Lass Starling|double berry effects when eaten\n|c| KaoVT|ohh\n|c| Lass Starling|after my trades in week 6\n|c| Lass Starling|I have Dingus-Lu and that's it I think\n|\n|t:|1698954212\n|switch|p2a: Nurse Joy|Blissey, F|58\/100\n|-damage|p2a: Nurse Joy|46\/100|[from] Stealth Rock\n|move|p1a: Charmy|Leech Seed|p2a: Nurse Joy\n|-start|p2a: Nurse Joy|move: Leech Seed\n|\n|-heal|p2a: Nurse Joy|52\/100|[from] item: Leftovers\n|-damage|p2a: Nurse Joy|39\/100|[from] Leech Seed|[of] p1a: Charmy\n|-heal|p1a: Charmy|50\/100 par|[silent]\n|upkeep\n|turn|76\n|\n|t:|1698954224\n|move|p2a: Nurse Joy|Soft-Boiled|p2a: Nurse Joy\n|-heal|p2a: Nurse Joy|89\/100\n|move|p1a: Charmy|Apple Acid|p2a: Nurse Joy\n|-damage|p2a: Nurse Joy|81\/100\n|-unboost|p2a: Nurse Joy|spd|1\n|\n|-heal|p2a: Nurse Joy|87\/100|[from] item: Leftovers\n|-damage|p2a: Nurse Joy|75\/100|[from] Leech Seed|[of] p1a: Charmy\n|-heal|p1a: Charmy|69\/100 par|[silent]\n|upkeep\n|turn|77\n|c| KaoVT|im worry for the levels of stall my week 6+ team will bring\n|\n|t:|1698954248\n|switch|p2a: Scald King|Slowking, M|54\/100\n|move|p1a: Charmy|Apple Acid|p2a: Scald King\n|-supereffective|p2a: Scald King\n|-damage|p2a: Scald King|13\/100\n|-unboost|p2a: Scald King|spd|1\n|\n|upkeep\n|turn|78\n|\n|t:|1698954259\n|move|p2a: Scald King|Slack Off|p2a: Scald King\n|-heal|p2a: Scald King|63\/100\n|move|p1a: Charmy|Apple Acid|p2a: Scald King\n|-supereffective|p2a: Scald King\n|-damage|p2a: Scald King|0 fnt\n|faint|p2a: Scald King\n|\n|upkeep\n|c|\u2606Scottowo|I GOT ONE\n|c|\u2606Scottowo|LETS GOOOO\n|\n|t:|1698954274\n|switch|p2a: Steve|Scizor, F|32\/100\n|-damage|p2a: Steve|20\/100|[from] Stealth Rock\n|turn|79\n|\n|t:|1698954284\n|-terastallize|p1a: Charmy|Steel\n|move|p2a: Steve|U-turn|p1a: Charmy\n|-resisted|p1a: Charmy\n|-damage|p1a: Charmy|39\/100 par\n|c|\u2606SunShinyReys|. . . . . . . . .\n|c|\u2606Scottowo|hehehehehhehee\n|\n|t:|1698954303\n|switch|p2a: Nurse Joy|Blissey, F|75\/100|[from] U-turn\n|-damage|p2a: Nurse Joy|63\/100|[from] Stealth Rock\n|cant|p1a: Charmy|par\n|\n|-heal|p2a: Nurse Joy|69\/100|[from] item: Leftovers\n|upkeep\n|turn|80\n|\n|t:|1698954331\n|move|p2a: Nurse Joy|Seismic Toss|p1a: Charmy\n|-damage|p1a: Charmy|15\/100 par\n|move|p1a: Charmy|Leech Seed|p2a: Nurse Joy\n|-start|p2a: Nurse Joy|move: Leech Seed\n|\n|-heal|p2a: Nurse Joy|75\/100|[from] item: Leftovers\n|-damage|p2a: Nurse Joy|62\/100|[from] Leech Seed|[of] p1a: Charmy\n|-heal|p1a: Charmy|34\/100 par|[silent]\n|upkeep\n|turn|81\n|\n|t:|1698954370\n|move|p2a: Nurse Joy|Seismic Toss|p1a: Charmy\n|-damage|p1a: Charmy|11\/100 par\n|move|p1a: Charmy|Apple Acid|p2a: Nurse Joy\n|-damage|p2a: Nurse Joy|55\/100\n|-unboost|p2a: Nurse Joy|spd|1\n|\n|-heal|p2a: Nurse Joy|61\/100|[from] item: Leftovers\n|-damage|p2a: Nurse Joy|48\/100|[from] Leech Seed|[of] p1a: Charmy\n|-heal|p1a: Charmy|30\/100 par|[silent]\n|upkeep\n|turn|82\n|\n|t:|1698954387\n|switch|p1a: Nero|Braviary-Hisui, M|11\/100\n|move|p2a: Nurse Joy|Seismic Toss|p1a: Nero\n|-damage|p1a: Nero|0 fnt\n|faint|p1a: Nero\n|\n|-heal|p2a: Nurse Joy|54\/100|[from] item: Leftovers\n|upkeep\n|\n|t:|1698954391\n|switch|p1a: Charmy|Appletun, F, tera:Steel|30\/100 par\n|-damage|p1a: Charmy|24\/100 par|[from] Stealth Rock\n|turn|83\n|c|\u2606Scottowo|shit\n|c| KaoVT|ARE WE FREE\n|c| KaoVT|IS IT JOEVER\n|\n|t:|1698954404\n|move|p1a: Charmy|Protect|p1a: Charmy\n|-singleturn|p1a: Charmy|Protect\n|move|p2a: Nurse Joy|Seismic Toss|p1a: Charmy\n|-activate|p1a: Charmy|move: Protect\n|\n|-heal|p2a: Nurse Joy|61\/100|[from] item: Leftovers\n|-damage|p2a: Nurse Joy|48\/100|[from] Leech Seed|[of] p1a: Charmy\n|-heal|p1a: Charmy|43\/100 par|[silent]\n|upkeep\n|turn|84\n|c| Yveltql|NOT YET ]\n|c| Yveltql|lmao\n|c| KaoVT|MAKE IT STOP THE VOICES ARE SO LOUD\n|\n|t:|1698954419\n|move|p1a: Charmy|Protect||[still]\n|-fail|p1a: Charmy\n|move|p2a: Nurse Joy|Seismic Toss|p1a: Charmy\n|-damage|p1a: Charmy|19\/100 par\n|\n|-heal|p2a: Nurse Joy|54\/100|[from] item: Leftovers\n|-damage|p2a: Nurse Joy|42\/100|[from] Leech Seed|[of] p1a: Charmy\n|-heal|p1a: Charmy|38\/100 par|[silent]\n|upkeep\n|turn|85\n|\n|t:|1698954438\n|move|p2a: Nurse Joy|Soft-Boiled|p2a: Nurse Joy\n|-heal|p2a: Nurse Joy|92\/100\n|cant|p1a: Charmy|par\n|\n|-heal|p2a: Nurse Joy|98\/100|[from] item: Leftovers\n|-damage|p2a: Nurse Joy|86\/100|[from] Leech Seed|[of] p1a: Charmy\n|-heal|p1a: Charmy|57\/100 par|[silent]\n|upkeep\n|turn|86\n|\n|t:|1698954446\n|move|p1a: Charmy|Protect|p1a: Charmy\n|-singleturn|p1a: Charmy|Protect\n|move|p2a: Nurse Joy|Seismic Toss|p1a: Charmy\n|-activate|p1a: Charmy|move: Protect\n|\n|-heal|p2a: Nurse Joy|92\/100|[from] item: Leftovers\n|-damage|p2a: Nurse Joy|79\/100|[from] Leech Seed|[of] p1a: Charmy\n|-heal|p1a: Charmy|77\/100 par|[silent]\n|upkeep\n|turn|87\n|\n|t:|1698954457\n|move|p2a: Nurse Joy|Seismic Toss|p1a: Charmy\n|-damage|p1a: Charmy|53\/100 par\n|move|p1a: Charmy|Dragon Pulse|p2a: Nurse Joy\n|-damage|p2a: Nurse Joy|66\/100\n|\n|-heal|p2a: Nurse Joy|72\/100|[from] item: Leftovers\n|-damage|p2a: Nurse Joy|60\/100|[from] Leech Seed|[of] p1a: Charmy\n|-heal|p1a: Charmy|72\/100 par|[silent]\n|upkeep\n|turn|88\n|\n|t:|1698954467\n|move|p1a: Charmy|Protect|p1a: Charmy\n|-singleturn|p1a: Charmy|Protect\n|move|p2a: Nurse Joy|Seismic Toss|p1a: Charmy\n|-activate|p1a: Charmy|move: Protect\n|\n|-heal|p2a: Nurse Joy|66\/100|[from] item: Leftovers\n|-damage|p2a: Nurse Joy|54\/100|[from] Leech Seed|[of] p1a: Charmy\n|-heal|p1a: Charmy|91\/100 par|[silent]\n|upkeep\n|turn|89\n|\n|t:|1698954479\n|move|p2a: Nurse Joy|Seismic Toss|p1a: Charmy\n|-damage|p1a: Charmy|68\/100 par\n|move|p1a: Charmy|Dragon Pulse|p2a: Nurse Joy\n|-damage|p2a: Nurse Joy|41\/100\n|\n|-heal|p2a: Nurse Joy|47\/100|[from] item: Leftovers\n|-damage|p2a: Nurse Joy|35\/100|[from] Leech Seed|[of] p1a: Charmy\n|-heal|p1a: Charmy|87\/100 par|[silent]\n|upkeep\n|turn|90\n|\n|t:|1698954501\n|move|p2a: Nurse Joy|Seismic Toss|p1a: Charmy\n|-damage|p1a: Charmy|63\/100 par\n|move|p1a: Charmy|Dragon Pulse|p2a: Nurse Joy\n|-damage|p2a: Nurse Joy|22\/100\n|\n|-heal|p2a: Nurse Joy|28\/100|[from] item: Leftovers\n|-damage|p2a: Nurse Joy|16\/100|[from] Leech Seed|[of] p1a: Charmy\n|-heal|p1a: Charmy|82\/100 par|[silent]\n|upkeep\n|turn|91\n|\n|t:|1698954509\n|cant|p1a: Charmy|par\n|move|p2a: Nurse Joy|Soft-Boiled|p2a: Nurse Joy\n|-heal|p2a: Nurse Joy|66\/100\n|\n|-heal|p2a: Nurse Joy|72\/100|[from] item: Leftovers\n|-damage|p2a: Nurse Joy|59\/100|[from] Leech Seed|[of] p1a: Charmy\n|-heal|p1a: Charmy|100\/100 par|[silent]\n|upkeep\n|turn|92\n|c| KaoVT|HOW\n|\n|t:|1698954522\n|move|p2a: Nurse Joy|Seismic Toss|p1a: Charmy\n|-damage|p1a: Charmy|77\/100 par\n|cant|p1a: Charmy|par\n|\n|-heal|p2a: Nurse Joy|65\/100|[from] item: Leftovers\n|-damage|p2a: Nurse Joy|53\/100|[from] Leech Seed|[of] p1a: Charmy\n|-heal|p1a: Charmy|96\/100 par|[silent]\n|upkeep\n|turn|93\n|c| KaoVT|HGOW IS HE FULL HP\n|c| KaoVT|AGAIN\n|c|\u2606Scottowo|blissey\n|\n|t:|1698954530\n|move|p2a: Nurse Joy|Seismic Toss|p1a: Charmy\n|-damage|p1a: Charmy|72\/100 par\n|move|p1a: Charmy|Apple Acid|p2a: Nurse Joy\n|-damage|p2a: Nurse Joy|40\/100\n|-unboost|p2a: Nurse Joy|spd|1\n|\n|-heal|p2a: Nurse Joy|46\/100|[from] item: Leftovers\n|-damage|p2a: Nurse Joy|34\/100|[from] Leech Seed|[of] p1a: Charmy\n|-heal|p1a: Charmy|92\/100 par|[silent]\n|upkeep\n|turn|94\n|c| KaoVT|I TABBED OUT FOR ONE SECOND\n|\n|t:|1698954543\n|move|p2a: Nurse Joy|Soft-Boiled|p2a: Nurse Joy\n|-heal|p2a: Nurse Joy|84\/100\n|move|p1a: Charmy|Apple Acid|p2a: Nurse Joy\n|-damage|p2a: Nurse Joy|67\/100\n|-unboost|p2a: Nurse Joy|spd|1\n|\n|-heal|p2a: Nurse Joy|73\/100|[from] item: Leftovers\n|-damage|p2a: Nurse Joy|60\/100|[from] Leech Seed|[of] p1a: Charmy\n|-heal|p1a: Charmy|100\/100 par|[silent]\n|upkeep\n|turn|95\n|c| Yveltql|cause every turn appletun is getting 1\/8 of blissey's 255 hp\n|\n|t:|1698954585\n|move|p2a: Nurse Joy|Seismic Toss|p1a: Charmy\n|-damage|p1a: Charmy|77\/100 par\n|move|p1a: Charmy|Dragon Pulse|p2a: Nurse Joy\n|-damage|p2a: Nurse Joy|40\/100\n|\n|-heal|p2a: Nurse Joy|46\/100|[from] item: Leftovers\n|-damage|p2a: Nurse Joy|33\/100|[from] Leech Seed|[of] p1a: Charmy\n|-heal|p1a: Charmy|96\/100 par|[silent]\n|upkeep\n|turn|96\n|c| KaoVT|ohh i forgot thats how leech seed worked\n|c| KaoVT|woops\n|\n|t:|1698954600\n|move|p2a: Nurse Joy|Soft-Boiled|p2a: Nurse Joy\n|-heal|p2a: Nurse Joy|83\/100\n|move|p1a: Charmy|Dragon Pulse|p2a: Nurse Joy\n|-damage|p2a: Nurse Joy|61\/100\n|\n|-heal|p2a: Nurse Joy|67\/100|[from] item: Leftovers\n|-damage|p2a: Nurse Joy|55\/100|[from] Leech Seed|[of] p1a: Charmy\n|-heal|p1a: Charmy|100\/100 par|[silent]\n|upkeep\n|turn|97\n|\n|t:|1698954612\n|move|p2a: Nurse Joy|Seismic Toss|p1a: Charmy\n|-damage|p1a: Charmy|77\/100 par\n|move|p1a: Charmy|Dragon Pulse|p2a: Nurse Joy\n|-damage|p2a: Nurse Joy|31\/100\n|\n|-heal|p2a: Nurse Joy|38\/100|[from] item: Leftovers\n|-damage|p2a: Nurse Joy|25\/100|[from] Leech Seed|[of] p1a: Charmy\n|-heal|p1a: Charmy|96\/100 par|[silent]\n|upkeep\n|turn|98\n|\n|t:|1698954621\n|move|p2a: Nurse Joy|Soft-Boiled|p2a: Nurse Joy\n|-heal|p2a: Nurse Joy|75\/100\n|move|p1a: Charmy|Dragon Pulse|p2a: Nurse Joy\n|-damage|p2a: Nurse Joy|54\/100\n|\n|-heal|p2a: Nurse Joy|60\/100|[from] item: Leftovers\n|-damage|p2a: Nurse Joy|48\/100|[from] Leech Seed|[of] p1a: Charmy\n|-heal|p1a: Charmy|100\/100 par|[silent]\n|upkeep\n|turn|99\n|\n|t:|1698954629\n|move|p2a: Nurse Joy|Seismic Toss|p1a: Charmy\n|-damage|p1a: Charmy|77\/100 par\n|move|p1a: Charmy|Dragon Pulse|p2a: Nurse Joy\n|-damage|p2a: Nurse Joy|25\/100\n|\n|-heal|p2a: Nurse Joy|31\/100|[from] item: Leftovers\n|-damage|p2a: Nurse Joy|18\/100|[from] Leech Seed|[of] p1a: Charmy\n|-heal|p1a: Charmy|96\/100 par|[silent]\n|upkeep\n|turn|100\n|\n|t:|1698954643\n|move|p2a: Nurse Joy|Seismic Toss|p1a: Charmy\n|-damage|p1a: Charmy|72\/100 par\n|move|p1a: Charmy|Dragon Pulse|p2a: Nurse Joy\n|-damage|p2a: Nurse Joy|0 fnt\n|faint|p2a: Nurse Joy\n|\n|upkeep\n|\n|t:|1698954650\n|switch|p2a: Steve|Scizor, F|20\/100\n|-damage|p2a: Steve|7\/100|[from] Stealth Rock\n|turn|101\n|c|\u2606Scottowo|100\n|\n|t:|1698954659\n|move|p1a: Charmy|Protect|p1a: Charmy\n|-singleturn|p1a: Charmy|Protect\n|move|p2a: Steve|Close Combat|p1a: Charmy\n|-activate|p1a: Charmy|move: Protect\n|\n|upkeep\n|turn|102\n|\n|t:|1698954664\n|move|p2a: Steve|Close Combat|p1a: Charmy\n|-supereffective|p1a: Charmy\n|-damage|p1a: Charmy|0 fnt\n|-unboost|p2a: Steve|def|1\n|-unboost|p2a: Steve|spd|1\n|faint|p1a: Charmy\n|\n|win|SunShinyReys\n|c|\u2606Scottowo|GG\n|c| KaoVT|8 turns of non pera btw\n|c| DivogoJota|gg\n|c| KaoVT|ggs\n|c|\u2606SunShinyReys|gg\n|c| DivogoJota|2nd longest battle in S&S history (i believe)\n|c| Yveltql|by 2 turns yea\n|l| DivogoJota\n|l| KaoVT\n|l| Yveltql\n","uploadtime":1698954678,"views":20,"p1id":"scottowo","p2id":"sunshinyreys","formatid":"gen9ubers","rating":0,"private":0,"password":""}