{"id":"gen9ubers-1968168667","p1":"TheBallsmaSpace","p2":"Ineedaonetype","format":"[Gen 9] Ubers","log":"|j|\u2606TheBallsmaSpace\n|j|\u2606Ineedaonetype\n|t:|1697391119\n|gametype|singles\n|player|p1|TheBallsmaSpace|266|1352\n|player|p2|Ineedaonetype|102|1528\n|teamsize|p1|6\n|teamsize|p2|6\n|gen|9\n|tier|[Gen 9] Ubers\n|rated|\n|rule|Sleep Clause Mod: Limit one foe put to sleep\n|rule|Species Clause: Limit one of each Pok\u00e9mon\n|rule|OHKO Clause: OHKO moves are banned\n|rule|Evasion Items Clause: Evasion items are banned\n|rule|Evasion Moves Clause: Evasion moves are banned\n|rule|Endless Battle Clause: Forcing endless battles is banned\n|rule|HP Percentage Mod: HP is shown in percentages\n|clearpoke\n|poke|p1|Chi-Yu|\n|poke|p1|Arceus-Poison|\n|poke|p1|Zacian-*|\n|poke|p1|Koraidon|\n|poke|p1|Dondozo, M|\n|poke|p1|Miraidon|\n|poke|p2|Giratina|\n|poke|p2|Eternatus|\n|poke|p2|Corviknight, M|\n|poke|p2|Dondozo, M|\n|poke|p2|Blissey, F|\n|poke|p2|Arceus-Fairy|\n|teampreview\n|inactive|Battle timer is ON: inactive players will automatically lose when time's up. (requested by Ineedaonetype)\n|inactive|TheBallsmaSpace has 120 seconds left.\n|inactive|TheBallsmaSpace has 90 seconds left.\n|\n|t:|1697391202\n|start\n|switch|p1a: Arceus|Arceus-Poison|100\/100\n|switch|p2a: Giratina|Giratina|100\/100\n|-ability|p2a: Giratina|Pressure\n|turn|1\n|\n|t:|1697391223\n|move|p2a: Giratina|Protect|p2a: Giratina\n|-singleturn|p2a: Giratina|Protect\n|move|p1a: Arceus|Poison Jab|p2a: Giratina\n|-activate|p2a: Giratina|move: Protect\n|\n|upkeep\n|turn|2\n|\n|t:|1697391249\n|switch|p1a: Dondozo|Dondozo, M|100\/100\n|move|p2a: Giratina|Substitute|p2a: Giratina\n|-start|p2a: Giratina|Substitute\n|-damage|p2a: Giratina|75\/100\n|\n|-heal|p2a: Giratina|82\/100|[from] item: Leftovers\n|upkeep\n|turn|3\n|\n|t:|1697391255\n|move|p2a: Giratina|Will-O-Wisp|p1a: Dondozo\n|-status|p1a: Dondozo|brn\n|move|p1a: Dondozo|Ice Fang|p2a: Giratina\n|-supereffective|p2a: Giratina\n|-activate|p2a: Giratina|move: Substitute|[damage]\n|\n|-heal|p2a: Giratina|88\/100|[from] item: Leftovers\n|-damage|p1a: Dondozo|94\/100 brn|[from] brn\n|upkeep\n|turn|4\n|\n|t:|1697391267\n|switch|p1a: Miraidon|Miraidon|100\/100\n|-fieldstart|move: Electric Terrain|[from] ability: Hadron Engine|[of] p1a: Miraidon\n|-enditem|p1a: Miraidon|Electric Seed\n|-boost|p1a: Miraidon|def|1|[from] item: Electric Seed\n|move|p2a: Giratina|Hex|p1a: Miraidon\n|-damage|p1a: Miraidon|80\/100\n|\n|-heal|p2a: Giratina|94\/100|[from] item: Leftovers\n|upkeep\n|turn|5\n|\n|t:|1697391278\n|move|p2a: Giratina|Protect|p2a: Giratina\n|-singleturn|p2a: Giratina|Protect\n|move|p1a: Miraidon|Calm Mind|p1a: Miraidon\n|-boost|p1a: Miraidon|spa|1\n|-boost|p1a: Miraidon|spd|1\n|\n|-heal|p2a: Giratina|99\/100|[from] item: Leftovers\n|upkeep\n|turn|6\n|\n|t:|1697391281\n|move|p1a: Miraidon|Dazzling Gleam|p2a: Giratina\n|-supereffective|p2a: Giratina\n|-end|p2a: Giratina|Substitute\n|move|p2a: Giratina|Will-O-Wisp|p1a: Miraidon\n|-status|p1a: Miraidon|brn\n|\n|-heal|p2a: Giratina|100\/100|[from] item: Leftovers\n|-damage|p1a: Miraidon|74\/100 brn|[from] brn\n|upkeep\n|turn|7\n|\n|t:|1697391285\n|move|p2a: Giratina|Protect|p2a: Giratina\n|-singleturn|p2a: Giratina|Protect\n|move|p1a: Miraidon|Dazzling Gleam|p2a: Giratina\n|-activate|p2a: Giratina|move: Protect\n|\n|-damage|p1a: Miraidon|68\/100 brn|[from] brn\n|upkeep\n|turn|8\n|\n|t:|1697391290\n|switch|p2a: Blissey|Blissey, F|100\/100\n|move|p1a: Miraidon|Dazzling Gleam|p2a: Blissey\n|-damage|p2a: Blissey|83\/100\n|\n|-damage|p1a: Miraidon|61\/100 brn|[from] brn\n|-fieldend|move: Electric Terrain\n|upkeep\n|turn|9\n|\n|t:|1697391295\n|move|p1a: Miraidon|Parabolic Charge|p2a: Blissey\n|-damage|p2a: Blissey|69\/100\n|-heal|p1a: Miraidon|76\/100 brn|[from] drain|[of] p2a: Blissey\n|move|p2a: Blissey|Stealth Rock|p1a: Miraidon\n|-sidestart|p1: TheBallsmaSpace|move: Stealth Rock\n|\n|-damage|p1a: Miraidon|70\/100 brn|[from] brn\n|upkeep\n|turn|10\n|\n|t:|1697391301\n|move|p1a: Miraidon|Parabolic Charge|p2a: Blissey\n|-damage|p2a: Blissey|54\/100\n|-heal|p1a: Miraidon|86\/100 brn|[from] drain|[of] p2a: Blissey\n|move|p2a: Blissey|Soft-Boiled|p2a: Blissey\n|-heal|p2a: Blissey|100\/100\n|\n|-damage|p1a: Miraidon|80\/100 brn|[from] brn\n|upkeep\n|turn|11\n|\n|t:|1697391307\n|move|p1a: Miraidon|Calm Mind|p1a: Miraidon\n|-boost|p1a: Miraidon|spa|1\n|-boost|p1a: Miraidon|spd|1\n|move|p2a: Blissey|Calm Mind|p2a: Blissey\n|-boost|p2a: Blissey|spa|1\n|-boost|p2a: Blissey|spd|1\n|\n|-damage|p1a: Miraidon|74\/100 brn|[from] brn\n|upkeep\n|turn|12\n|\n|t:|1697391310\n|move|p1a: Miraidon|Calm Mind|p1a: Miraidon\n|-boost|p1a: Miraidon|spa|1\n|-boost|p1a: Miraidon|spd|1\n|move|p2a: Blissey|Seismic Toss|p1a: Miraidon\n|-damage|p1a: Miraidon|45\/100 brn\n|\n|-damage|p1a: Miraidon|39\/100 brn|[from] brn\n|upkeep\n|turn|13\n|\n|t:|1697391313\n|move|p1a: Miraidon|Parabolic Charge|p2a: Blissey\n|-damage|p2a: Blissey|85\/100\n|-heal|p1a: Miraidon|55\/100 brn|[from] drain|[of] p2a: Blissey\n|move|p2a: Blissey|Seismic Toss|p1a: Miraidon\n|-damage|p1a: Miraidon|26\/100 brn\n|\n|-damage|p1a: Miraidon|20\/100 brn|[from] brn\n|upkeep\n|turn|14\n|\n|t:|1697391322\n|move|p1a: Miraidon|Parabolic Charge|p2a: Blissey\n|-damage|p2a: Blissey|69\/100\n|-heal|p1a: Miraidon|36\/100 brn|[from] drain|[of] p2a: Blissey\n|move|p2a: Blissey|Seismic Toss|p1a: Miraidon\n|-damage|p1a: Miraidon|7\/100 brn\n|\n|-damage|p1a: Miraidon|1\/100 brn|[from] brn\n|upkeep\n|turn|15\n|\n|t:|1697391325\n|move|p1a: Miraidon|Parabolic Charge|p2a: Blissey\n|-damage|p2a: Blissey|52\/100\n|-heal|p1a: Miraidon|19\/100 brn|[from] drain|[of] p2a: Blissey\n|move|p2a: Blissey|Soft-Boiled|p2a: Blissey\n|-heal|p2a: Blissey|100\/100\n|\n|-damage|p1a: Miraidon|13\/100 brn|[from] brn\n|upkeep\n|turn|16\n|\n|t:|1697391332\n|move|p1a: Miraidon|Parabolic Charge|p2a: Blissey\n|-damage|p2a: Blissey|83\/100\n|-heal|p1a: Miraidon|31\/100 brn|[from] drain|[of] p2a: Blissey\n|move|p2a: Blissey|Seismic Toss|p1a: Miraidon\n|-damage|p1a: Miraidon|1\/100 brn\n|\n|-damage|p1a: Miraidon|0 fnt|[from] brn\n|faint|p1a: Miraidon\n|upkeep\n|\n|t:|1697391345\n|switch|p1a: Zacian|Zacian-Crowned|100\/100\n|-damage|p1a: Zacian|94\/100|[from] Stealth Rock\n|-ability|p1a: Zacian|Intrepid Sword|boost\n|-boost|p1a: Zacian|atk|1\n|turn|17\n|inactive|TheBallsmaSpace has 120 seconds left.\n|\n|t:|1697391389\n|switch|p2a: Dondozo|Dondozo, M|100\/100\n|move|p1a: Zacian|Behemoth Blade|p2a: Dondozo\n|-resisted|p2a: Dondozo\n|-damage|p2a: Dondozo|88\/100\n|\n|upkeep\n|turn|18\n|inactive|TheBallsmaSpace has 90 seconds left.\n|inactive|TheBallsmaSpace has 60 seconds left.\n|\n|t:|1697391461\n|switch|p1a: Koraidon|Koraidon|100\/100\n|-damage|p1a: Koraidon|94\/100|[from] Stealth Rock\n|-weather|SunnyDay|[from] ability: Orichalcum Pulse|[of] p1a: Koraidon\n|-activate|p1a: Koraidon|Orichalcum Pulse|[source]\n|move|p2a: Dondozo|Body Press|p1a: Koraidon\n|-damage|p1a: Koraidon|69\/100\n|\n|-weather|SunnyDay|[upkeep]\n|-heal|p1a: Koraidon|76\/100|[from] item: Leftovers\n|upkeep\n|turn|19\n|\n|t:|1697391467\n|move|p1a: Koraidon|Scale Shot|p2a: Dondozo\n|-damage|p2a: Dondozo|79\/100\n|-damage|p2a: Dondozo|70\/100\n|-damage|p2a: Dondozo|62\/100\n|-damage|p2a: Dondozo|55\/100\n|-damage|p2a: Dondozo|46\/100\n|-hitcount|p2a: Dondozo|5\n|-unboost|p1a: Koraidon|def|1\n|-boost|p1a: Koraidon|spe|1\n|move|p2a: Dondozo|Curse|p2a: Dondozo\n|-unboost|p2a: Dondozo|spe|1\n|-boost|p2a: Dondozo|atk|1\n|-boost|p2a: Dondozo|def|1\n|\n|-weather|SunnyDay|[upkeep]\n|-heal|p1a: Koraidon|82\/100|[from] item: Leftovers\n|upkeep\n|turn|20\n|inactive|TheBallsmaSpace has 60 seconds left.\n|\n|t:|1697391476\n|move|p1a: Koraidon|Collision Course|p2a: Dondozo\n|-damage|p2a: Dondozo|24\/100\n|move|p2a: Dondozo|Rest|p2a: Dondozo\n|-status|p2a: Dondozo|slp|[from] move: Rest\n|-heal|p2a: Dondozo|100\/100 slp|[silent]\n|-enditem|p2a: Dondozo|Chesto Berry|[eat]\n|-curestatus|p2a: Dondozo|slp|[msg]\n|\n|-weather|SunnyDay|[upkeep]\n|-heal|p1a: Koraidon|88\/100|[from] item: Leftovers\n|upkeep\n|turn|21\n|\n|t:|1697391485\n|move|p1a: Koraidon|Scale Shot|p2a: Dondozo\n|-damage|p2a: Dondozo|95\/100\n|-damage|p2a: Dondozo|90\/100\n|-hitcount|p2a: Dondozo|2\n|-unboost|p1a: Koraidon|def|1\n|-boost|p1a: Koraidon|spe|1\n|move|p2a: Dondozo|Body Press|p1a: Koraidon\n|-damage|p1a: Koraidon|54\/100\n|\n|-weather|SunnyDay|[upkeep]\n|-heal|p1a: Koraidon|60\/100|[from] item: Leftovers\n|upkeep\n|turn|22\n|\n|t:|1697391496\n|move|p1a: Koraidon|Collision Course|p2a: Dondozo\n|-damage|p2a: Dondozo|67\/100\n|move|p2a: Dondozo|Body Press|p1a: Koraidon\n|-damage|p1a: Koraidon|23\/100\n|\n|-weather|none\n|-heal|p1a: Koraidon|29\/100|[from] item: Leftovers\n|upkeep\n|turn|23\n|\n|t:|1697391500\n|switch|p1a: Dondozo|Dondozo, M|94\/100 brn\n|-damage|p1a: Dondozo|82\/100 brn|[from] Stealth Rock\n|move|p2a: Dondozo|Body Press|p1a: Dondozo\n|-damage|p1a: Dondozo|64\/100 brn\n|\n|-heal|p1a: Dondozo|71\/100 brn|[from] item: Leftovers\n|-damage|p1a: Dondozo|64\/100 brn|[from] brn\n|upkeep\n|turn|24\n|\n|t:|1697391507\n|switch|p2a: Giratina|Giratina|100\/100\n|-ability|p2a: Giratina|Pressure\n|move|p1a: Dondozo|Yawn|p2a: Giratina\n|-start|p2a: Giratina|move: Yawn|[of] p1a: Dondozo\n|\n|-heal|p1a: Dondozo|71\/100 brn|[from] item: Leftovers\n|-damage|p1a: Dondozo|64\/100 brn|[from] brn\n|upkeep\n|turn|25\n|inactive|TheBallsmaSpace has 90 seconds left.\n|\n|t:|1697391529\n|switch|p2a: Eternatus|Eternatus|100\/100\n|-ability|p2a: Eternatus|Pressure\n|move|p1a: Dondozo|Curse|p1a: Dondozo\n|-unboost|p1a: Dondozo|spe|1\n|-boost|p1a: Dondozo|atk|1\n|-boost|p1a: Dondozo|def|1\n|\n|-heal|p1a: Dondozo|71\/100 brn|[from] item: Leftovers\n|-damage|p1a: Dondozo|64\/100 brn|[from] brn\n|upkeep\n|turn|26\n|\n|t:|1697391535\n|move|p2a: Eternatus|Substitute|p2a: Eternatus\n|-start|p2a: Eternatus|Substitute\n|-damage|p2a: Eternatus|76\/100\n|move|p1a: Dondozo|Yawn||[still]\n|-fail|p1a: Dondozo\n|\n|-heal|p2a: Eternatus|82\/100|[from] item: Leftovers\n|-heal|p1a: Dondozo|71\/100 brn|[from] item: Leftovers\n|-damage|p1a: Dondozo|64\/100 brn|[from] brn\n|upkeep\n|turn|27\n|\n|t:|1697391540\n|move|p2a: Eternatus|Flamethrower|p1a: Dondozo\n|-resisted|p1a: Dondozo\n|-damage|p1a: Dondozo|55\/100 brn\n|move|p1a: Dondozo|Ice Fang|p2a: Eternatus\n|-supereffective|p2a: Eternatus\n|-activate|p2a: Eternatus|move: Substitute|[damage]\n|\n|-heal|p2a: Eternatus|88\/100|[from] item: Leftovers\n|-heal|p1a: Dondozo|62\/100 brn|[from] item: Leftovers\n|-damage|p1a: Dondozo|55\/100 brn|[from] brn\n|upkeep\n|turn|28\n|\n|t:|1697391544\n|move|p2a: Eternatus|Flamethrower|p1a: Dondozo\n|-resisted|p1a: Dondozo\n|-damage|p1a: Dondozo|46\/100 brn\n|move|p1a: Dondozo|Rest|p1a: Dondozo\n|-status|p1a: Dondozo|slp|[from] move: Rest\n|-heal|p1a: Dondozo|100\/100 slp|[silent]\n|\n|-heal|p2a: Eternatus|94\/100|[from] item: Leftovers\n|upkeep\n|turn|29\n|\n|t:|1697391547\n|switch|p2a: Giratina|Giratina|100\/100\n|-ability|p2a: Giratina|Pressure\n|cant|p1a: Dondozo|slp\n|\n|upkeep\n|turn|30\n|\n|t:|1697391552\n|move|p2a: Giratina|Hex|p1a: Dondozo\n|-damage|p1a: Dondozo|71\/100 slp\n|cant|p1a: Dondozo|slp\n|\n|-heal|p1a: Dondozo|77\/100 slp|[from] item: Leftovers\n|upkeep\n|turn|31\n|\n|t:|1697391556\n|move|p2a: Giratina|Substitute|p2a: Giratina\n|-start|p2a: Giratina|Substitute\n|-damage|p2a: Giratina|75\/100\n|-curestatus|p1a: Dondozo|slp|[msg]\n|move|p1a: Dondozo|Yawn||[still]\n|-fail|p1a: Dondozo\n|\n|-heal|p2a: Giratina|82\/100|[from] item: Leftovers\n|-heal|p1a: Dondozo|83\/100|[from] item: Leftovers\n|upkeep\n|turn|32\n|\n|t:|1697391559\n|move|p2a: Giratina|Will-O-Wisp|p1a: Dondozo\n|-status|p1a: Dondozo|brn\n|move|p1a: Dondozo|Ice Fang|p2a: Giratina\n|-supereffective|p2a: Giratina\n|-activate|p2a: Giratina|move: Substitute|[damage]\n|\n|-heal|p2a: Giratina|88\/100|[from] item: Leftovers\n|-heal|p1a: Dondozo|89\/100 brn|[from] item: Leftovers\n|-damage|p1a: Dondozo|83\/100 brn|[from] brn\n|upkeep\n|turn|33\n|\n|t:|1697391562\n|move|p2a: Giratina|Hex|p1a: Dondozo\n|-damage|p1a: Dondozo|57\/100 brn\n|move|p1a: Dondozo|Curse|p1a: Dondozo\n|-unboost|p1a: Dondozo|spe|1\n|-boost|p1a: Dondozo|atk|1\n|-boost|p1a: Dondozo|def|1\n|\n|-heal|p2a: Giratina|94\/100|[from] item: Leftovers\n|-heal|p1a: Dondozo|63\/100 brn|[from] item: Leftovers\n|-damage|p1a: Dondozo|57\/100 brn|[from] brn\n|upkeep\n|turn|34\n|\n|t:|1697391575\n|move|p2a: Giratina|Hex|p1a: Dondozo\n|-damage|p1a: Dondozo|30\/100 brn\n|move|p1a: Dondozo|Curse|p1a: Dondozo\n|-unboost|p1a: Dondozo|spe|1\n|-boost|p1a: Dondozo|atk|1\n|-boost|p1a: Dondozo|def|1\n|\n|-heal|p2a: Giratina|99\/100|[from] item: Leftovers\n|-heal|p1a: Dondozo|36\/100 brn|[from] item: Leftovers\n|-damage|p1a: Dondozo|30\/100 brn|[from] brn\n|upkeep\n|turn|35\n|\n|t:|1697391578\n|move|p2a: Giratina|Hex|p1a: Dondozo\n|-damage|p1a: Dondozo|2\/100 brn\n|move|p1a: Dondozo|Rest|p1a: Dondozo\n|-status|p1a: Dondozo|slp|[from] move: Rest\n|-heal|p1a: Dondozo|100\/100 slp|[silent]\n|\n|-heal|p2a: Giratina|100\/100|[from] item: Leftovers\n|upkeep\n|turn|36\n|\n|t:|1697391582\n|move|p2a: Giratina|Hex|p1a: Dondozo\n|-damage|p1a: Dondozo|71\/100 slp\n|cant|p1a: Dondozo|slp\n|\n|-heal|p1a: Dondozo|77\/100 slp|[from] item: Leftovers\n|upkeep\n|turn|37\n|\n|t:|1697391586\n|move|p2a: Giratina|Hex|p1a: Dondozo\n|-damage|p1a: Dondozo|51\/100 slp\n|cant|p1a: Dondozo|slp\n|\n|-heal|p1a: Dondozo|57\/100 slp|[from] item: Leftovers\n|upkeep\n|turn|38\n|\n|t:|1697391598\n|move|p2a: Giratina|Hex|p1a: Dondozo\n|-damage|p1a: Dondozo|28\/100 slp\n|-curestatus|p1a: Dondozo|slp|[msg]\n|move|p1a: Dondozo|Ice Fang|p2a: Giratina\n|-supereffective|p2a: Giratina\n|-end|p2a: Giratina|Substitute\n|\n|-heal|p1a: Dondozo|34\/100|[from] item: Leftovers\n|upkeep\n|turn|39\n|\n|t:|1697391604\n|move|p2a: Giratina|Hex|p1a: Dondozo\n|-damage|p1a: Dondozo|20\/100\n|move|p1a: Dondozo|Ice Fang|p2a: Giratina\n|-supereffective|p2a: Giratina\n|-damage|p2a: Giratina|55\/100\n|\n|-heal|p2a: Giratina|61\/100|[from] item: Leftovers\n|-heal|p1a: Dondozo|26\/100|[from] item: Leftovers\n|upkeep\n|turn|40\n|\n|t:|1697391613\n|move|p2a: Giratina|Substitute|p2a: Giratina\n|-start|p2a: Giratina|Substitute\n|-damage|p2a: Giratina|36\/100\n|move|p1a: Dondozo|Rest|p1a: Dondozo\n|-status|p1a: Dondozo|slp|[from] move: Rest\n|-heal|p1a: Dondozo|100\/100 slp|[silent]\n|\n|-heal|p2a: Giratina|42\/100|[from] item: Leftovers\n|upkeep\n|turn|41\n|\n|t:|1697391618\n|move|p2a: Giratina|Hex|p1a: Dondozo\n|-damage|p1a: Dondozo|73\/100 slp\n|cant|p1a: Dondozo|slp\n|\n|-heal|p2a: Giratina|48\/100|[from] item: Leftovers\n|-heal|p1a: Dondozo|79\/100 slp|[from] item: Leftovers\n|upkeep\n|turn|42\n|\n|t:|1697391625\n|move|p2a: Giratina|Hex|p1a: Dondozo\n|-damage|p1a: Dondozo|53\/100 slp\n|cant|p1a: Dondozo|slp\n|\n|-heal|p2a: Giratina|54\/100|[from] item: Leftovers\n|-heal|p1a: Dondozo|59\/100 slp|[from] item: Leftovers\n|upkeep\n|turn|43\n|\n|t:|1697391630\n|move|p2a: Giratina|Hex|p1a: Dondozo\n|-damage|p1a: Dondozo|29\/100 slp\n|-curestatus|p1a: Dondozo|slp|[msg]\n|move|p1a: Dondozo|Ice Fang|p2a: Giratina\n|-supereffective|p2a: Giratina\n|-end|p2a: Giratina|Substitute\n|\n|-heal|p2a: Giratina|61\/100|[from] item: Leftovers\n|-heal|p1a: Dondozo|35\/100|[from] item: Leftovers\n|upkeep\n|turn|44\n|\n|t:|1697391640\n|move|p2a: Giratina|Will-O-Wisp|p1a: Dondozo\n|-status|p1a: Dondozo|brn\n|move|p1a: Dondozo|Curse|p1a: Dondozo\n|-unboost|p1a: Dondozo|spe|1\n|-boost|p1a: Dondozo|atk|1\n|-boost|p1a: Dondozo|def|1\n|\n|-heal|p2a: Giratina|67\/100|[from] item: Leftovers\n|-heal|p1a: Dondozo|41\/100 brn|[from] item: Leftovers\n|-damage|p1a: Dondozo|35\/100 brn|[from] brn\n|upkeep\n|turn|45\n|\n|t:|1697391642\n|move|p2a: Giratina|Hex|p1a: Dondozo\n|-damage|p1a: Dondozo|8\/100 brn\n|move|p1a: Dondozo|Rest|p1a: Dondozo\n|-status|p1a: Dondozo|slp|[from] move: Rest\n|-heal|p1a: Dondozo|100\/100 slp|[silent]\n|\n|-heal|p2a: Giratina|73\/100|[from] item: Leftovers\n|upkeep\n|turn|46\n|\n|t:|1697391647\n|switch|p2a: Arceus|Arceus-Fairy|100\/100\n|cant|p1a: Dondozo|slp\n|\n|upkeep\n|turn|47\n|\n|t:|1697391651\n|move|p2a: Arceus|Judgment|p1a: Dondozo\n|-damage|p1a: Dondozo|72\/100 slp\n|cant|p1a: Dondozo|slp\n|\n|-heal|p1a: Dondozo|78\/100 slp|[from] item: Leftovers\n|upkeep\n|turn|48\n|\n|t:|1697391656\n|switch|p2a: Dondozo|Dondozo, M|67\/100\n|-curestatus|p1a: Dondozo|slp|[msg]\n|move|p1a: Dondozo|Yawn|p2a: Dondozo\n|-start|p2a: Dondozo|move: Yawn|[of] p1a: Dondozo\n|\n|-heal|p1a: Dondozo|84\/100|[from] item: Leftovers\n|upkeep\n|turn|49\n|inactive|TheBallsmaSpace has 120 seconds left.\n|\n|t:|1697391709\n|move|p2a: Dondozo|Body Press|p1a: Dondozo\n|-damage|p1a: Dondozo|68\/100\n|move|p1a: Dondozo|Curse|p1a: Dondozo\n|-unboost|p1a: Dondozo|spe|1\n|-boost|p1a: Dondozo|atk|1\n|-boost|p1a: Dondozo|def|1\n|\n|-heal|p1a: Dondozo|74\/100|[from] item: Leftovers\n|-end|p2a: Dondozo|move: Yawn|[silent]\n|-status|p2a: Dondozo|slp\n|upkeep\n|turn|50\n|\n|t:|1697391721\n|cant|p2a: Dondozo|slp\n|move|p1a: Dondozo|Ice Fang|p2a: Dondozo\n|-resisted|p2a: Dondozo\n|-damage|p2a: Dondozo|64\/100 slp\n|\n|-heal|p1a: Dondozo|80\/100|[from] item: Leftovers\n|upkeep\n|turn|51\n|\n|t:|1697391725\n|switch|p1a: 252+Spa Sun +1|Chi-Yu|100\/100\n|-damage|p1a: 252+Spa Sun +1|76\/100|[from] Stealth Rock\n|-ability|p1a: 252+Spa Sun +1|Beads of Ruin\n|cant|p2a: Dondozo|slp\n|\n|upkeep\n|turn|52\n|\n|t:|1697391736\n|switch|p2a: Blissey|Blissey, F|83\/100\n|move|p1a: 252+Spa Sun +1|Dark Pulse|p2a: Blissey\n|-damage|p2a: Blissey|68\/100\n|\n|upkeep\n|turn|53\n|\n|t:|1697391744\n|move|p1a: 252+Spa Sun +1|Nasty Plot|p1a: 252+Spa Sun +1\n|-boost|p1a: 252+Spa Sun +1|spa|2\n|move|p2a: Blissey|Seismic Toss|p1a: 252+Spa Sun +1\n|-damage|p1a: 252+Spa Sun +1|36\/100\n|\n|upkeep\n|turn|54\n|\n|t:|1697391761\n|switch|p2a: Arceus|Arceus-Fairy|100\/100\n|move|p1a: 252+Spa Sun +1|Overheat|p2a: Arceus|[miss]\n|-miss|p1a: 252+Spa Sun +1|p2a: Arceus\n|\n|upkeep\n|turn|55\n|\n|t:|1697391769\n|move|p2a: Arceus|Judgment|p1a: 252+Spa Sun +1\n|-damage|p1a: 252+Spa Sun +1|0 fnt\n|faint|p1a: 252+Spa Sun +1\n|\n|upkeep\n|\n|t:|1697391783\n|switch|p1a: Arceus|Arceus-Poison|100\/100\n|-damage|p1a: Arceus|88\/100|[from] Stealth Rock\n|turn|56\n|\n|t:|1697391795\n|switch|p2a: Corviknight|Corviknight, M|100\/100\n|-ability|p2a: Corviknight|Pressure\n|move|p1a: Arceus|Dragon Dance|p1a: Arceus\n|-boost|p1a: Arceus|atk|1\n|-boost|p1a: Arceus|spe|1\n|\n|upkeep\n|turn|57\n|\n|t:|1697391800\n|move|p1a: Arceus|Dragon Dance|p1a: Arceus\n|-boost|p1a: Arceus|atk|1\n|-boost|p1a: Arceus|spe|1\n|move|p2a: Corviknight|U-turn|p1a: Arceus\n|-resisted|p1a: Arceus\n|-damage|p1a: Arceus|83\/100\n|\n|t:|1697391807\n|switch|p2a: Giratina|Giratina|73\/100|[from] U-turn\n|-ability|p2a: Giratina|Pressure\n|\n|-heal|p2a: Giratina|79\/100|[from] item: Leftovers\n|upkeep\n|turn|58\n|\n|t:|1697391831\n|switch|p1a: Dondozo|Dondozo, M|80\/100\n|-damage|p1a: Dondozo|68\/100|[from] Stealth Rock\n|move|p2a: Giratina|Will-O-Wisp|p1a: Dondozo\n|-status|p1a: Dondozo|brn\n|\n|-heal|p2a: Giratina|85\/100|[from] item: Leftovers\n|-heal|p1a: Dondozo|74\/100 brn|[from] item: Leftovers\n|-damage|p1a: Dondozo|68\/100 brn|[from] brn\n|upkeep\n|turn|59\n|inactive|TheBallsmaSpace has 120 seconds left.\n|\n|t:|1697391861\n|move|p2a: Giratina|Hex|p1a: Dondozo\n|-damage|p1a: Dondozo|41\/100 brn\n|move|p1a: Dondozo|Curse|p1a: Dondozo\n|-unboost|p1a: Dondozo|spe|1\n|-boost|p1a: Dondozo|atk|1\n|-boost|p1a: Dondozo|def|1\n|\n|-heal|p2a: Giratina|91\/100|[from] item: Leftovers\n|-heal|p1a: Dondozo|47\/100 brn|[from] item: Leftovers\n|-damage|p1a: Dondozo|41\/100 brn|[from] brn\n|upkeep\n|turn|60\n|inactive|Ineedaonetype has 120 seconds left.\n|\n|t:|1697391897\n|move|p2a: Giratina|Hex|p1a: Dondozo\n|-damage|p1a: Dondozo|13\/100 brn\n|move|p1a: Dondozo|Rest|p1a: Dondozo\n|-status|p1a: Dondozo|slp|[from] move: Rest\n|-heal|p1a: Dondozo|100\/100 slp|[silent]\n|\n|-heal|p2a: Giratina|98\/100|[from] item: Leftovers\n|upkeep\n|turn|61\n|inactive|TheBallsmaSpace has 120 seconds left.\n|\n|t:|1697391918\n|move|p2a: Giratina|Substitute|p2a: Giratina\n|-start|p2a: Giratina|Substitute\n|-damage|p2a: Giratina|73\/100\n|cant|p1a: Dondozo|slp\n|\n|-heal|p2a: Giratina|79\/100|[from] item: Leftovers\n|upkeep\n|turn|62\n|inactive|Ineedaonetype has 90 seconds left.\n|\n|t:|1697391955\n|move|p2a: Giratina|Will-O-Wisp||[still]\n|-fail|p2a: Giratina\n|cant|p1a: Dondozo|slp\n|\n|-heal|p2a: Giratina|85\/100|[from] item: Leftovers\n|upkeep\n|turn|63\n|inactive|TheBallsmaSpace has 120 seconds left.\n|inactive|TheBallsmaSpace has 90 seconds left.\n|\n|t:|1697392005\n|move|p2a: Giratina|Protect|p2a: Giratina\n|-singleturn|p2a: Giratina|Protect\n|-curestatus|p1a: Dondozo|slp|[msg]\n|move|p1a: Dondozo|Ice Fang|p2a: Giratina\n|-activate|p2a: Giratina|move: Protect\n|\n|-heal|p2a: Giratina|91\/100|[from] item: Leftovers\n|upkeep\n|turn|64\n|\n|t:|1697392016\n|move|p2a: Giratina|Substitute|p2a: Giratina\n|-fail|p2a: Giratina|move: Substitute\n|move|p1a: Dondozo|Ice Fang|p2a: Giratina\n|-supereffective|p2a: Giratina\n|-end|p2a: Giratina|Substitute\n|\n|-heal|p2a: Giratina|97\/100|[from] item: Leftovers\n|upkeep\n|turn|65\n|\n|t:|1697392042\n|move|p2a: Giratina|Substitute|p2a: Giratina\n|-start|p2a: Giratina|Substitute\n|-damage|p2a: Giratina|72\/100\n|move|p1a: Dondozo|Ice Fang|p2a: Giratina\n|-supereffective|p2a: Giratina\n|-crit|p2a: Giratina\n|-end|p2a: Giratina|Substitute\n|\n|-heal|p2a: Giratina|78\/100|[from] item: Leftovers\n|upkeep\n|turn|66\n|inactive|TheBallsmaSpace has 60 seconds left.\n|\n|t:|1697392064\n|switch|p1a: Zacian|Zacian-Crowned|94\/100\n|-damage|p1a: Zacian|88\/100|[from] Stealth Rock\n|move|p2a: Giratina|Protect||[still]\n|-fail|p2a: Giratina\n|\n|-heal|p2a: Giratina|84\/100|[from] item: Leftovers\n|upkeep\n|turn|67\n|inactive|TheBallsmaSpace has 60 seconds left.\n|inactive|Ineedaonetype has 60 seconds left.\n|\n|t:|1697392083\n|-terastallize|p2a: Giratina|Steel\n|move|p1a: Zacian|Play Rough|p2a: Giratina\n|-resisted|p2a: Giratina\n|-damage|p2a: Giratina|71\/100\n|move|p2a: Giratina|Will-O-Wisp|p1a: Zacian\n|-status|p1a: Zacian|brn\n|\n|-heal|p2a: Giratina|77\/100|[from] item: Leftovers\n|-damage|p1a: Zacian|82\/100 brn|[from] brn\n|upkeep\n|turn|68\n|\n|t:|1697392091\n|move|p1a: Zacian|Swords Dance|p1a: Zacian\n|-boost|p1a: Zacian|atk|2\n|move|p2a: Giratina|Substitute|p2a: Giratina\n|-start|p2a: Giratina|Substitute\n|-damage|p2a: Giratina|52\/100\n|\n|-heal|p2a: Giratina|58\/100|[from] item: Leftovers\n|-damage|p1a: Zacian|76\/100 brn|[from] brn\n|upkeep\n|turn|69\n|\n|t:|1697392094\n|move|p2a: Giratina|Protect|p2a: Giratina\n|-singleturn|p2a: Giratina|Protect\n|move|p1a: Zacian|Sacred Sword|p2a: Giratina\n|-activate|p2a: Giratina|move: Protect\n|\n|-heal|p2a: Giratina|64\/100|[from] item: Leftovers\n|-damage|p1a: Zacian|70\/100 brn|[from] brn\n|upkeep\n|turn|70\n|\n|t:|1697392097\n|move|p1a: Zacian|Sacred Sword|p2a: Giratina\n|-supereffective|p2a: Giratina\n|-end|p2a: Giratina|Substitute\n|move|p2a: Giratina|Substitute|p2a: Giratina\n|-start|p2a: Giratina|Substitute\n|-damage|p2a: Giratina|39\/100\n|\n|-heal|p2a: Giratina|45\/100|[from] item: Leftovers\n|-damage|p1a: Zacian|64\/100 brn|[from] brn\n|upkeep\n|turn|71\n|\n|t:|1697392106\n|move|p2a: Giratina|Protect|p2a: Giratina\n|-singleturn|p2a: Giratina|Protect\n|move|p1a: Zacian|Sacred Sword|p2a: Giratina\n|-activate|p2a: Giratina|move: Protect\n|\n|-heal|p2a: Giratina|51\/100|[from] item: Leftovers\n|-damage|p1a: Zacian|57\/100 brn|[from] brn\n|upkeep\n|turn|72\n|inactive|TheBallsmaSpace has 90 seconds left.\n|inactive|Ineedaonetype has 90 seconds left.\n|\n|t:|1697392131\n|move|p1a: Zacian|Sacred Sword|p2a: Giratina\n|-supereffective|p2a: Giratina\n|-end|p2a: Giratina|Substitute\n|move|p2a: Giratina|Substitute|p2a: Giratina\n|-start|p2a: Giratina|Substitute\n|-damage|p2a: Giratina|26\/100\n|\n|-heal|p2a: Giratina|32\/100|[from] item: Leftovers\n|-damage|p1a: Zacian|51\/100 brn|[from] brn\n|upkeep\n|turn|73\n|inactive|TheBallsmaSpace has 90 seconds left.\n|\n|t:|1697392143\n|move|p2a: Giratina|Protect|p2a: Giratina\n|-singleturn|p2a: Giratina|Protect\n|move|p1a: Zacian|Swords Dance|p1a: Zacian\n|-boost|p1a: Zacian|atk|2\n|\n|-heal|p2a: Giratina|39\/100|[from] item: Leftovers\n|-damage|p1a: Zacian|45\/100 brn|[from] brn\n|upkeep\n|turn|74\n|inactive|Ineedaonetype has 90 seconds left.\n|\n|t:|1697392165\n|switch|p2a: Dondozo|Dondozo, M|64\/100 slp\n|move|p1a: Zacian|Sacred Sword|p2a: Dondozo\n|-damage|p2a: Dondozo|55\/100 slp\n|\n|-damage|p1a: Zacian|39\/100 brn|[from] brn\n|upkeep\n|turn|75\n|\n|t:|1697392170\n|move|p1a: Zacian|Play Rough|p2a: Dondozo\n|-damage|p2a: Dondozo|44\/100 slp\n|-curestatus|p2a: Dondozo|slp|[msg]\n|move|p2a: Dondozo|Rest|p2a: Dondozo\n|-status|p2a: Dondozo|slp|[from] move: Rest\n|-heal|p2a: Dondozo|100\/100 slp|[silent]\n|\n|-damage|p1a: Zacian|33\/100 brn|[from] brn\n|upkeep\n|turn|76\n|inactive|Ineedaonetype has 90 seconds left.\n|\n|t:|1697392193\n|switch|p1a: Koraidon|Koraidon|29\/100\n|-damage|p1a: Koraidon|23\/100|[from] Stealth Rock\n|-weather|SunnyDay|[from] ability: Orichalcum Pulse|[of] p1a: Koraidon\n|-activate|p1a: Koraidon|Orichalcum Pulse|[source]\n|cant|p2a: Dondozo|slp\n|\n|-weather|SunnyDay|[upkeep]\n|-heal|p1a: Koraidon|29\/100|[from] item: Leftovers\n|upkeep\n|turn|77\n|inactive|Ineedaonetype has 90 seconds left.\n|inactive|TheBallsmaSpace has 90 seconds left.\n|\n|t:|1697392231\n|move|p1a: Koraidon|Collision Course|p2a: Dondozo\n|-damage|p2a: Dondozo|71\/100 slp\n|cant|p2a: Dondozo|slp\n|\n|-weather|SunnyDay|[upkeep]\n|-heal|p1a: Koraidon|35\/100|[from] item: Leftovers\n|upkeep\n|turn|78\n|inactive|TheBallsmaSpace has 90 seconds left.\n|inactive|Ineedaonetype has 90 seconds left.\n|\n|t:|1697392246\n|move|p1a: Koraidon|Collision Course|p2a: Dondozo\n|-damage|p2a: Dondozo|41\/100 slp\n|-curestatus|p2a: Dondozo|slp|[msg]\n|move|p2a: Dondozo|Body Press|p1a: Koraidon\n|-damage|p1a: Koraidon|10\/100\n|\n|-weather|SunnyDay|[upkeep]\n|-heal|p1a: Koraidon|17\/100|[from] item: Leftovers\n|upkeep\n|turn|79\n|-message|TheBallsmaSpace forfeited.\n|\n|win|Ineedaonetype\n|raw|TheBallsmaSpace's rating: 1352 &rarr; <strong>1340<\/strong><br \/>(-12 for losing)\n|raw|Ineedaonetype's rating: 1500 &rarr; <strong>1512<\/strong><br \/>(+12 for winning)\n","uploadtime":1697392251,"views":15,"p1id":"theballsmaspace","p2id":"ineedaonetype","formatid":"gen9ubers","rating":1340,"private":0,"password":""}