{"id":"gen9ubers-1978090243","p1":"VigilanteVigoroth","p2":"The8thSamurai","format":"[Gen 9] Ubers","log":"|j|\u2606VigilanteVigoroth\n|j|\u2606The8thSamurai\n|t:|1698497868\n|gametype|singles\n|player|p1|VigilanteVigoroth|#teamvictini|\n|player|p2|The8thSamurai|benga|\n|teamsize|p1|6\n|teamsize|p2|6\n|gen|9\n|tier|[Gen 9] Ubers\n|rule|Sleep Clause Mod: Limit one foe put to sleep\n|rule|Species Clause: Limit one of each Pok\u00e9mon\n|rule|OHKO Clause: OHKO moves are banned\n|rule|Evasion Items Clause: Evasion items are banned\n|rule|Evasion Moves Clause: Evasion moves are banned\n|rule|Endless Battle Clause: Forcing endless battles is banned\n|rule|HP Percentage Mod: HP is shown in percentages\n|clearpoke\n|poke|p1|Arceus-Grass|\n|poke|p1|Zacian-*|\n|poke|p1|Alomomola, M|\n|poke|p1|Amoonguss, F|\n|poke|p1|Cyclizar, F|\n|poke|p1|Dialga|\n|poke|p2|Magearna|\n|poke|p2|Cyclizar, M|\n|poke|p2|Zacian-*|\n|poke|p2|Pelipper, M|\n|poke|p2|Basculegion-F, F|\n|poke|p2|Palkia-Origin|\n|teampreview\n|inactive|Battle timer is ON: inactive players will automatically lose when time's up. (requested by The8thSamurai)\n|c|\u2606VigilanteVigoroth|gl\n|c|\u2606The8thSamurai|thanks gl\n|\n|t:|1698497896\n|start\n|switch|p1a: Alomomola|Alomomola, M|100\/100\n|switch|p2a: Cyclizar|Cyclizar, M|100\/100\n|turn|1\n|\n|t:|1698497904\n|move|p2a: Cyclizar|Shed Tail|p2a: Cyclizar\n|-start|p2a: Cyclizar|Substitute|[from] move: Shed Tail\n|-damage|p2a: Cyclizar|50\/100\n|\n|t:|1698497908\n|switch|p2a: Zacian|Zacian, shiny|100\/100|[from] Shed Tail\n|-ability|p2a: Zacian|Intrepid Sword|boost\n|-boost|p2a: Zacian|atk|1\n|move|p1a: Alomomola|Flip Turn|p2a: Zacian\n|-activate|p2a: Zacian|move: Substitute|[damage]\n|\n|t:|1698497916\n|switch|p1a: Amoonguss|Amoonguss, F|100\/100|[from] Flip Turn\n|\n|upkeep\n|turn|2\n|\n|t:|1698497921\n|move|p2a: Zacian|Swords Dance|p2a: Zacian\n|-boost|p2a: Zacian|atk|2\n|move|p1a: Amoonguss|Clear Smog|p2a: Zacian\n|-supereffective|p2a: Zacian\n|-end|p2a: Zacian|Substitute\n|\n|upkeep\n|turn|3\n|\n|t:|1698497940\n|switch|p2a: Pelipper|Pelipper, M|100\/100\n|-weather|RainDance|[from] ability: Drizzle|[of] p2a: Pelipper\n|move|p1a: Amoonguss|Spore|p2a: Pelipper\n|-status|p2a: Pelipper|slp|[from] move: Spore\n|\n|-weather|RainDance|[upkeep]\n|upkeep\n|turn|4\n|\n|t:|1698497948\n|switch|p2a: Magearna|Magearna|100\/100\n|switch|p1a: Dialga|Dialga|100\/100\n|-ability|p1a: Dialga|Pressure\n|\n|-weather|RainDance|[upkeep]\n|upkeep\n|turn|5\n|\n|t:|1698497957\n|move|p1a: Dialga|Thunder Wave|p2a: Magearna\n|-status|p2a: Magearna|par\n|move|p2a: Magearna|Calm Mind|p2a: Magearna\n|-boost|p2a: Magearna|spa|1\n|-boost|p2a: Magearna|spd|1\n|\n|-weather|RainDance|[upkeep]\n|upkeep\n|turn|6\n|\n|t:|1698497966\n|move|p1a: Dialga|Stealth Rock|p2a: Magearna\n|-sidestart|p2: The8thSamurai|move: Stealth Rock\n|move|p2a: Magearna|Calm Mind|p2a: Magearna\n|-boost|p2a: Magearna|spa|1\n|-boost|p2a: Magearna|spd|1\n|\n|-weather|RainDance|[upkeep]\n|upkeep\n|turn|7\n|\n|t:|1698497973\n|switch|p1a: Alomomola|Alomomola, M|100\/100\n|cant|p2a: Magearna|par\n|\n|-weather|RainDance|[upkeep]\n|upkeep\n|turn|8\n|\n|t:|1698497978\n|move|p1a: Alomomola|Wish|p1a: Alomomola\n|move|p2a: Magearna|Stored Power|p1a: Alomomola\n|-damage|p1a: Alomomola|50\/100\n|\n|-weather|RainDance|[upkeep]\n|-heal|p1a: Alomomola|56\/100|[from] item: Leftovers\n|upkeep\n|turn|9\n|\n|t:|1698497990\n|move|p1a: Alomomola|Scald|p2a: Magearna\n|-damage|p2a: Magearna|91\/100 par\n|move|p2a: Magearna|Calm Mind|p2a: Magearna\n|-boost|p2a: Magearna|spa|1\n|-boost|p2a: Magearna|spd|1\n|\n|-weather|RainDance|[upkeep]\n|-heal|p1a: Alomomola|100\/100|[from] move: Wish|[wisher] Alomomola\n|-heal|p2a: Magearna|97\/100 par|[from] item: Leftovers\n|upkeep\n|turn|10\n|\n|t:|1698497998\n|move|p1a: Alomomola|Wish|p1a: Alomomola\n|move|p2a: Magearna|Stored Power|p1a: Alomomola\n|-damage|p1a: Alomomola|8\/100\n|\n|-weather|none\n|-heal|p1a: Alomomola|14\/100|[from] item: Leftovers\n|-heal|p2a: Magearna|100\/100 par|[from] item: Leftovers\n|upkeep\n|turn|11\n|\n|t:|1698498013\n|switch|p1a: Dialga|Dialga|100\/100\n|-ability|p1a: Dialga|Pressure\n|move|p2a: Magearna|Stored Power|p1a: Dialga\n|-resisted|p1a: Dialga\n|-damage|p1a: Dialga|59\/100\n|\n|-heal|p1a: Dialga|100\/100|[from] move: Wish|[wisher] Alomomola\n|upkeep\n|turn|12\n|\n|t:|1698498023\n|move|p1a: Dialga|Flash Cannon|p2a: Magearna\n|-damage|p2a: Magearna|83\/100 par\n|move|p2a: Magearna|Draining Kiss|p1a: Dialga\n|-damage|p1a: Dialga|55\/100\n|-heal|p2a: Magearna|100\/100 par|[from] drain|[of] p1a: Dialga\n|\n|-heal|p1a: Dialga|61\/100|[from] item: Leftovers\n|upkeep\n|turn|13\n|\n|t:|1698498031\n|move|p1a: Dialga|Flash Cannon|p2a: Magearna\n|-damage|p2a: Magearna|82\/100 par\n|move|p2a: Magearna|Draining Kiss|p1a: Dialga\n|-damage|p1a: Dialga|14\/100\n|-heal|p2a: Magearna|100\/100 par|[from] drain|[of] p1a: Dialga\n|\n|-heal|p1a: Dialga|21\/100|[from] item: Leftovers\n|upkeep\n|turn|14\n|\n|t:|1698498039\n|move|p1a: Dialga|Flash Cannon|p2a: Magearna\n|-damage|p2a: Magearna|84\/100 par\n|move|p2a: Magearna|Draining Kiss|p1a: Dialga\n|-damage|p1a: Dialga|0 fnt\n|-heal|p2a: Magearna|100\/100 par|[from] drain|[of] p1a: Dialga\n|faint|p1a: Dialga\n|-ability|p2a: Magearna|Soul-Heart|boost\n|-boost|p2a: Magearna|spa|1\n|\n|upkeep\n|\n|t:|1698498043\n|switch|p1a: Zacian|Zacian|100\/100\n|-ability|p1a: Zacian|Intrepid Sword|boost\n|-boost|p1a: Zacian|atk|1\n|turn|15\n|\n|t:|1698498056\n|-terastallize|p1a: Zacian|Fire\n|move|p1a: Zacian|Tera Blast|p2a: Magearna|[anim] Tera Blast Fire\n|-supereffective|p2a: Magearna\n|-damage|p2a: Magearna|29\/100 par\n|cant|p2a: Magearna|par\n|\n|-heal|p2a: Magearna|35\/100 par|[from] item: Leftovers\n|upkeep\n|turn|16\n|\n|t:|1698498063\n|move|p1a: Zacian|Tera Blast|p2a: Magearna|[anim] Tera Blast Fire\n|-supereffective|p2a: Magearna\n|-crit|p2a: Magearna\n|-damage|p2a: Magearna|0 fnt\n|faint|p2a: Magearna\n|\n|upkeep\n|\n|t:|1698498069\n|switch|p2a: Pelipper|Pelipper, M|100\/100 slp\n|-damage|p2a: Pelipper|75\/100 slp|[from] Stealth Rock\n|-weather|RainDance|[from] ability: Drizzle|[of] p2a: Pelipper\n|turn|17\n|\n|t:|1698498076\n|move|p1a: Zacian|Play Rough|p2a: Pelipper\n|-damage|p2a: Pelipper|21\/100 slp\n|cant|p2a: Pelipper|slp\n|\n|-weather|RainDance|[upkeep]\n|upkeep\n|turn|18\n|\n|t:|1698498093\n|move|p1a: Zacian|Play Rough|p2a: Pelipper\n|-damage|p2a: Pelipper|0 fnt\n|faint|p2a: Pelipper\n|\n|-weather|RainDance|[upkeep]\n|upkeep\n|\n|t:|1698498097\n|switch|p2a: Basculegion|Basculegion-F, F|100\/100\n|-damage|p2a: Basculegion|88\/100|[from] Stealth Rock\n|turn|19\n|\n|t:|1698498113\n|-terastallize|p2a: Basculegion|Water\n|move|p2a: Basculegion|Wave Crash|p1a: Zacian\n|-supereffective|p1a: Zacian\n|-damage|p1a: Zacian|0 fnt\n|faint|p1a: Zacian\n|-damage|p2a: Basculegion|60\/100|[from] Recoil\n|-damage|p2a: Basculegion|50\/100|[from] item: Life Orb\n|\n|-weather|RainDance|[upkeep]\n|upkeep\n|\n|t:|1698498122\n|switch|p1a: Alomomola|Alomomola, M|47\/100\n|turn|20\n|\n|t:|1698498130\n|move|p1a: Alomomola|Protect|p1a: Alomomola\n|-singleturn|p1a: Alomomola|Protect\n|move|p2a: Basculegion|Last Respects|p1a: Alomomola\n|-activate|p1a: Alomomola|move: Protect\n|\n|-weather|RainDance|[upkeep]\n|-heal|p1a: Alomomola|53\/100|[from] item: Leftovers\n|upkeep\n|turn|21\n|\n|t:|1698498139\n|switch|p1a: Cyclizar|Cyclizar, F|100\/100\n|move|p2a: Basculegion|Last Respects|p1a: Cyclizar\n|-immune|p1a: Cyclizar\n|\n|-weather|RainDance|[upkeep]\n|upkeep\n|turn|22\n|\n|t:|1698498154\n|move|p2a: Basculegion|Wave Crash|p1a: Cyclizar\n|-resisted|p1a: Cyclizar\n|-damage|p1a: Cyclizar|0 fnt\n|faint|p1a: Cyclizar\n|-damage|p2a: Basculegion|20\/100|[from] Recoil\n|-damage|p2a: Basculegion|10\/100|[from] item: Life Orb\n|\n|-weather|RainDance|[upkeep]\n|upkeep\n|\n|t:|1698498163\n|switch|p1a: Alomomola|Alomomola, M|87\/100\n|turn|23\n|\n|t:|1698498169\n|move|p2a: Basculegion|Last Respects|p1a: Alomomola\n|-damage|p1a: Alomomola|33\/100\n|-damage|p2a: Basculegion|0 fnt|[from] item: Life Orb\n|faint|p2a: Basculegion\n|move|p1a: Alomomola|Wish|p1a: Alomomola\n|\n|-weather|RainDance|[upkeep]\n|-heal|p1a: Alomomola|39\/100|[from] item: Leftovers\n|upkeep\n|\n|t:|1698498181\n|switch|p2a: Cyclizar|Cyclizar, M|50\/100\n|-damage|p2a: Cyclizar|38\/100|[from] Stealth Rock\n|turn|24\n|\n|t:|1698498190\n|move|p2a: Cyclizar|Knock Off|p1a: Alomomola\n|-damage|p1a: Alomomola|27\/100\n|-enditem|p1a: Alomomola|Leftovers|[from] move: Knock Off|[of] p2a: Cyclizar\n|move|p1a: Alomomola|Flip Turn|p2a: Cyclizar\n|-resisted|p2a: Cyclizar\n|-damage|p2a: Cyclizar|22\/100\n|\n|t:|1698498201\n|switch|p1a: Amoonguss|Amoonguss, F|100\/100|[from] Flip Turn\n|\n|-weather|none\n|upkeep\n|turn|25\n|c|\u2606The8thSamurai|Oh my god I forgot to put regenerator on it\n|\n|t:|1698498215\n|switch|p1a: Alomomola|Alomomola, M|60\/100\n|move|p2a: Cyclizar|Knock Off|p1a: Alomomola\n|-damage|p1a: Alomomola|50\/100\n|\n|upkeep\n|turn|26\n|\n|t:|1698498228\n|switch|p2a: Zacian|Zacian, shiny|100\/100\n|-damage|p2a: Zacian|88\/100|[from] Stealth Rock\n|move|p1a: Alomomola|Wish|p1a: Alomomola\n|\n|-heal|p2a: Zacian|94\/100|[from] item: Leftovers\n|upkeep\n|turn|27\n|\n|t:|1698498234\n|move|p2a: Zacian|Swords Dance|p2a: Zacian\n|-boost|p2a: Zacian|atk|2\n|move|p1a: Alomomola|Scald|p2a: Zacian\n|-damage|p2a: Zacian|80\/100\n|\n|-heal|p1a: Alomomola|100\/100|[from] move: Wish|[wisher] Alomomola\n|-heal|p2a: Zacian|86\/100|[from] item: Leftovers\n|upkeep\n|turn|28\n|\n|t:|1698498244\n|move|p2a: Zacian|Trailblaze|p1a: Alomomola\n|-supereffective|p1a: Alomomola\n|-damage|p1a: Alomomola|59\/100\n|-boost|p2a: Zacian|spe|1\n|move|p1a: Alomomola|Flip Turn|p2a: Zacian\n|-crit|p2a: Zacian\n|-damage|p2a: Zacian|67\/100\n|\n|t:|1698498249\n|switch|p1a: Amoonguss|Amoonguss, F|100\/100|[from] Flip Turn\n|\n|-heal|p2a: Zacian|73\/100|[from] item: Leftovers\n|upkeep\n|turn|29\n|\n|t:|1698498260\n|switch|p2a: Cyclizar|Cyclizar, M|22\/100\n|-damage|p2a: Cyclizar|10\/100|[from] Stealth Rock\n|move|p1a: Amoonguss|Clear Smog|p2a: Cyclizar\n|-damage|p2a: Cyclizar|0 fnt\n|-clearboost|p2a: Cyclizar\n|faint|p2a: Cyclizar\n|\n|upkeep\n|\n|t:|1698498263\n|switch|p2a: Palkia|Palkia-Origin|100\/100\n|-damage|p2a: Palkia|88\/100|[from] Stealth Rock\n|-ability|p2a: Palkia|Pressure\n|turn|30\n|\n|t:|1698498269\n|switch|p1a: Alomomola|Alomomola, M|92\/100\n|move|p2a: Palkia|Draco Meteor|p1a: Alomomola|[miss]\n|-miss|p2a: Palkia|p1a: Alomomola\n|\n|upkeep\n|turn|31\n|\n|t:|1698498274\n|move|p2a: Palkia|Thunder|p1a: Alomomola\n|-supereffective|p1a: Alomomola\n|-damage|p1a: Alomomola|20\/100\n|move|p1a: Alomomola|Flip Turn|p2a: Palkia\n|-resisted|p2a: Palkia\n|-damage|p2a: Palkia|85\/100\n|\n|t:|1698498277\n|switch|p1a: Arceus|Arceus-Grass|100\/100|[from] Flip Turn\n|\n|upkeep\n|turn|32\n|\n|t:|1698498283\n|move|p2a: Palkia|Draco Meteor|p1a: Arceus\n|-damage|p1a: Arceus|37\/100\n|-unboost|p2a: Palkia|spa|2\n|move|p1a: Arceus|Judgment|p2a: Palkia\n|-damage|p2a: Palkia|39\/100\n|\n|upkeep\n|turn|33\n|\n|t:|1698498293\n|switch|p2a: Zacian|Zacian, shiny|73\/100\n|-damage|p2a: Zacian|60\/100|[from] Stealth Rock\n|switch|p1a: Alomomola|Alomomola, M|53\/100\n|\n|-heal|p2a: Zacian|67\/100|[from] item: Leftovers\n|upkeep\n|turn|34\n|\n|t:|1698498300\n|move|p2a: Zacian|Close Combat|p1a: Alomomola\n|-damage|p1a: Alomomola|31\/100\n|-unboost|p2a: Zacian|def|1\n|-unboost|p2a: Zacian|spd|1\n|move|p1a: Alomomola|Scald|p2a: Zacian\n|-damage|p2a: Zacian|48\/100\n|\n|-heal|p2a: Zacian|54\/100|[from] item: Leftovers\n|upkeep\n|turn|35\n|\n|t:|1698498308\n|switch|p1a: Amoonguss|Amoonguss, F|100\/100\n|move|p2a: Zacian|Swords Dance|p2a: Zacian\n|-boost|p2a: Zacian|atk|2\n|\n|-heal|p2a: Zacian|60\/100|[from] item: Leftovers\n|upkeep\n|turn|36\n|\n|t:|1698498321\n|move|p2a: Zacian|Play Rough|p1a: Amoonguss\n|-resisted|p1a: Amoonguss\n|-damage|p1a: Amoonguss|53\/100\n|move|p1a: Amoonguss|Spore|p2a: Zacian\n|-status|p2a: Zacian|slp|[from] move: Spore\n|\n|-heal|p2a: Zacian|66\/100 slp|[from] item: Leftovers\n|-heal|p1a: Amoonguss|59\/100|[from] item: Leftovers\n|upkeep\n|turn|37\n|\n|t:|1698498326\n|switch|p2a: Palkia|Palkia-Origin|39\/100\n|-damage|p2a: Palkia|26\/100|[from] Stealth Rock\n|-ability|p2a: Palkia|Pressure\n|move|p1a: Amoonguss|Clear Smog|p2a: Palkia\n|-damage|p2a: Palkia|11\/100\n|-clearboost|p2a: Palkia\n|\n|-heal|p1a: Amoonguss|65\/100|[from] item: Leftovers\n|upkeep\n|turn|38\n|\n|t:|1698498336\n|move|p2a: Palkia|Draco Meteor|p1a: Amoonguss\n|-damage|p1a: Amoonguss|5\/100\n|-unboost|p2a: Palkia|spa|2\n|move|p1a: Amoonguss|Clear Smog|p2a: Palkia\n|-damage|p2a: Palkia|0 fnt\n|-clearboost|p2a: Palkia\n|faint|p2a: Palkia\n|\n|-heal|p1a: Amoonguss|11\/100|[from] item: Leftovers\n|upkeep\n|\n|t:|1698498341\n|switch|p2a: Zacian|Zacian, shiny|66\/100 slp\n|-damage|p2a: Zacian|54\/100 slp|[from] Stealth Rock\n|turn|39\n|\n|t:|1698498349\n|cant|p2a: Zacian|slp\n|move|p1a: Amoonguss|Clear Smog|p2a: Zacian\n|-supereffective|p2a: Zacian\n|-damage|p2a: Zacian|24\/100 slp\n|-clearboost|p2a: Zacian\n|\n|-heal|p2a: Zacian|31\/100 slp|[from] item: Leftovers\n|-heal|p1a: Amoonguss|17\/100|[from] item: Leftovers\n|upkeep\n|turn|40\n|c|\u2606The8thSamurai|gg\n|\n|t:|1698498355\n|cant|p2a: Zacian|slp\n|move|p1a: Amoonguss|Clear Smog|p2a: Zacian\n|-supereffective|p2a: Zacian\n|-damage|p2a: Zacian|0 fnt\n|-clearboost|p2a: Zacian\n|faint|p2a: Zacian\n|\n|win|VigilanteVigoroth\n|c|\u2606VigilanteVigoroth|gg\n|l|\u2606VigilanteVigoroth\n|j|\u2606VigilanteVigoroth\n|player|p1|VigilanteVigoroth|#teamvictini\n|l|\u2606VigilanteVigoroth\n|player|p1|\n","uploadtime":1698498375,"views":23,"p1id":"vigilantevigoroth","p2id":"the8thsamurai","formatid":"gen9ubers","rating":0,"private":0,"password":""}