{"id":"gen9ubers-1998691429","p1":"JayHaro","p2":"Robert999999","format":"[Gen 9] Ubers","log":"|j|\u2606JayHaro\n|j|\u2606Robert999999\n|t:|1700973188\n|gametype|singles\n|player|p1|JayHaro|170|1168\n|player|p2|Robert999999|2|1151\n|teamsize|p1|6\n|teamsize|p2|6\n|gen|9\n|tier|[Gen 9] Ubers\n|rated|\n|rule|Sleep Clause Mod: Limit one foe put to sleep\n|rule|Species Clause: Limit one of each Pok\u00e9mon\n|rule|OHKO Clause: OHKO moves are banned\n|rule|Evasion Items Clause: Evasion items are banned\n|rule|Evasion Moves Clause: Evasion moves are banned\n|rule|Endless Battle Clause: Forcing endless battles is banned\n|rule|HP Percentage Mod: HP is shown in percentages\n|clearpoke\n|poke|p1|Zacian-*|\n|poke|p1|Arceus|\n|poke|p1|Flutter Mane|\n|poke|p1|Kyogre|\n|poke|p1|Glimmora, F|\n|poke|p1|Ting-Lu|\n|poke|p2|Calyrex-Ice|\n|poke|p2|Indeedee-F, F|\n|poke|p2|Ninetales-Alola, M|\n|poke|p2|Slowking-Galar, F|\n|poke|p2|Ursaluna-Bloodmoon, M|\n|poke|p2|Cinderace, F|\n|teampreview\n|\n|t:|1700973202\n|start\n|switch|p1a: Glimmora|Glimmora, F|100\/100\n|switch|p2a: Cinderace|Cinderace, F, shiny|100\/100\n|turn|1\n|\n|t:|1700973209\n|move|p2a: Cinderace|Taunt|p1a: Glimmora\n|-start|p2a: Cinderace|typechange|Dark|[from] ability: Libero\n|-start|p1a: Glimmora|move: Taunt\n|cant|p1a: Glimmora|move: Taunt|Stealth Rock\n|\n|upkeep\n|turn|2\n|\n|t:|1700973216\n|move|p2a: Cinderace|U-turn|p1a: Glimmora\n|-resisted|p1a: Glimmora\n|-damage|p1a: Glimmora|88\/100\n|-activate|p1a: Glimmora|ability: Toxic Debris\n|-sidestart|p2: Robert999999|move: Toxic Spikes\n|\n|t:|1700973223\n|switch|p2a: Slowking|Slowking-Galar, F|100\/100|[from] U-turn\n|-sideend|p2: Robert999999|move: Toxic Spikes|[of] p2a: Slowking\n|move|p1a: Glimmora|Mortal Spin|p2a: Slowking\n|-resisted|p2a: Slowking\n|-damage|p2a: Slowking|97\/100\n|\n|-heal|p2a: Slowking|100\/100|[from] item: Black Sludge\n|upkeep\n|turn|3\n|\n|t:|1700973235\n|move|p1a: Glimmora|Earth Power|p2a: Slowking\n|-supereffective|p2a: Slowking\n|-damage|p2a: Slowking|61\/100\n|move|p2a: Slowking|Future Sight|p1a: Glimmora\n|-start|p2a: Slowking|move: Future Sight\n|\n|-heal|p2a: Slowking|67\/100|[from] item: Black Sludge\n|-end|p1a: Glimmora|move: Taunt\n|upkeep\n|turn|4\n|\n|t:|1700973250\n|move|p1a: Glimmora|Power Gem|p2a: Slowking\n|-damage|p2a: Slowking|42\/100\n|move|p2a: Slowking|Trick Room|p2a: Slowking\n|-fieldstart|move: Trick Room|[of] p2a: Slowking\n|\n|-heal|p2a: Slowking|48\/100|[from] item: Black Sludge\n|upkeep\n|turn|5\n|\n|t:|1700973258\n|switch|p1a: Ting-Lu|Ting-Lu|100\/100\n|-ability|p1a: Ting-Lu|Vessel of Ruin\n|move|p2a: Slowking|Chilly Reception|p2a: Slowking\n|-weather|Snow\n|\n|t:|1700973284\n|switch|p2a: Ninetales|Ninetales-Alola, M|100\/100|[from] Chilly Reception\n|\n|-weather|Snow|[upkeep]\n|-end|p1a: Ting-Lu|move: Future Sight\n|-immune|p1a: Ting-Lu\n|upkeep\n|turn|6\n|\n|t:|1700973298\n|switch|p1a: Zacian|Zacian-Crowned|100\/100\n|-ability|p1a: Zacian|Intrepid Sword|boost\n|-boost|p1a: Zacian|atk|1\n|move|p2a: Ninetales|Aurora Veil|p2a: Ninetales\n|-sidestart|p2: Robert999999|move: Aurora Veil\n|\n|-weather|Snow|[upkeep]\n|upkeep\n|turn|7\n|\n|t:|1700973323\n|switch|p2a: Indeedee|Indeedee-F, F|100\/100\n|-fieldstart|move: Psychic Terrain|[from] ability: Psychic Surge|[of] p2a: Indeedee\n|move|p1a: Zacian|Behemoth Blade|p2a: Indeedee\n|-damage|p2a: Indeedee|35\/100\n|-enditem|p2a: Indeedee|Red Card|[of] p1a: Zacian\n|drag|p1a: Arceus|Arceus|100\/100\n|\n|-weather|Snow|[upkeep]\n|upkeep\n|turn|8\n|\n|t:|1700973350\n|move|p2a: Indeedee|Trick|p1a: Arceus\n|-activate|p2a: Indeedee|move: Trick|[of] p1a: Arceus\n|-enditem|p1a: Arceus|Silk Scarf|[silent]|[from] move: Trick\n|-item|p2a: Indeedee|Silk Scarf|[from] move: Trick\n|move|p1a: Arceus|Swords Dance|p1a: Arceus\n|-boost|p1a: Arceus|atk|2\n|\n|-weather|Snow|[upkeep]\n|-fieldend|move: Trick Room\n|upkeep\n|turn|9\n|\n|t:|1700973366\n|move|p1a: Arceus|Earthquake|p2a: Indeedee\n|-damage|p2a: Indeedee|0 fnt\n|faint|p2a: Indeedee\n|\n|-weather|none\n|upkeep\n|\n|t:|1700973373\n|switch|p2a: Slowking|Slowking-Galar, F|81\/100\n|turn|10\n|\n|t:|1700973379\n|move|p1a: Arceus|Earthquake|p2a: Slowking\n|-supereffective|p2a: Slowking\n|-damage|p2a: Slowking|7\/100\n|move|p2a: Slowking|Trick Room|p2a: Slowking\n|-fieldstart|move: Trick Room|[of] p2a: Slowking\n|\n|-heal|p2a: Slowking|13\/100|[from] item: Black Sludge\n|-sideend|p2: Robert999999|move: Aurora Veil\n|upkeep\n|turn|11\n|\n|t:|1700973388\n|move|p2a: Slowking|Chilly Reception|p2a: Slowking\n|-weather|Snow\n|\n|t:|1700973397\n|switch|p2a: Calyrex|Calyrex-Ice|100\/100|[from] Chilly Reception\n|-ability|p2a: Calyrex|As One\n|-ability|p2a: Calyrex|Unnerve\n|move|p1a: Arceus|Earthquake|p2a: Calyrex\n|-damage|p2a: Calyrex|67\/100\n|\n|-weather|Snow|[upkeep]\n|-fieldend|move: Psychic Terrain\n|upkeep\n|turn|12\n|\n|t:|1700973412\n|-terastallize|p1a: Arceus|Normal\n|move|p1a: Arceus|Extreme Speed|p2a: Calyrex\n|-damage|p2a: Calyrex|19\/100\n|move|p2a: Calyrex|Glacial Lance|p1a: Arceus\n|-damage|p1a: Arceus|18\/100\n|\n|-weather|Snow|[upkeep]\n|upkeep\n|turn|13\n|\n|t:|1700973424\n|move|p1a: Arceus|Extreme Speed|p2a: Calyrex\n|-crit|p2a: Calyrex\n|-damage|p2a: Calyrex|0 fnt\n|faint|p2a: Calyrex\n|\n|-weather|Snow|[upkeep]\n|upkeep\n|\n|t:|1700973435\n|switch|p2a: Cinderace|Cinderace, F, shiny|100\/100\n|turn|14\n|j| MVA N&M\n|\n|t:|1700973440\n|move|p1a: Arceus|Extreme Speed|p2a: Cinderace\n|-enditem|p2a: Cinderace|Focus Sash\n|-damage|p2a: Cinderace|1\/100\n|move|p2a: Cinderace|Pyro Ball|p1a: Arceus\n|-damage|p1a: Arceus|0 fnt\n|faint|p1a: Arceus\n|\n|-weather|Snow|[upkeep]\n|-fieldend|move: Trick Room\n|upkeep\n|\n|t:|1700973456\n|switch|p1a: Glimmora|Glimmora, F|88\/100\n|turn|15\n|\n|t:|1700973461\n|move|p2a: Cinderace|Pyro Ball|p1a: Glimmora\n|-resisted|p1a: Glimmora\n|-damage|p1a: Glimmora|52\/100\n|-activate|p1a: Glimmora|ability: Toxic Debris\n|-sidestart|p2: Robert999999|move: Toxic Spikes\n|move|p1a: Glimmora|Earth Power|p2a: Cinderace\n|-supereffective|p2a: Cinderace\n|-damage|p2a: Cinderace|0 fnt\n|faint|p2a: Cinderace\n|\n|-weather|none\n|upkeep\n|\n|t:|1700973466\n|switch|p2a: Slowking|Slowking-Galar, F|46\/100\n|-sideend|p2: Robert999999|move: Toxic Spikes|[of] p2a: Slowking\n|turn|16\n|\n|t:|1700973475\n|move|p1a: Glimmora|Earth Power|p2a: Slowking\n|-supereffective|p2a: Slowking\n|-damage|p2a: Slowking|12\/100\n|move|p2a: Slowking|Trick Room|p2a: Slowking\n|-fieldstart|move: Trick Room|[of] p2a: Slowking\n|\n|-heal|p2a: Slowking|19\/100|[from] item: Black Sludge\n|upkeep\n|turn|17\n|\n|t:|1700973494\n|move|p2a: Slowking|Future Sight|p1a: Glimmora\n|-start|p2a: Slowking|move: Future Sight\n|move|p1a: Glimmora|Mortal Spin|p2a: Slowking\n|-resisted|p2a: Slowking\n|-damage|p2a: Slowking|16\/100\n|\n|-heal|p2a: Slowking|22\/100|[from] item: Black Sludge\n|upkeep\n|turn|18\n|\n|t:|1700973503\n|move|p2a: Slowking|Chilly Reception|p2a: Slowking\n|-weather|Snow\n|\n|t:|1700973507\n|switch|p2a: Ursaluna|Ursaluna-Bloodmoon, M|100\/100|[from] Chilly Reception\n|move|p1a: Glimmora|Earth Power|p2a: Ursaluna\n|-damage|p2a: Ursaluna|57\/100\n|\n|-weather|Snow|[upkeep]\n|upkeep\n|turn|19\n|\n|t:|1700973524\n|switch|p1a: Ting-Lu|Ting-Lu|100\/100\n|-ability|p1a: Ting-Lu|Vessel of Ruin\n|move|p2a: Ursaluna|Earth Power|p1a: Ting-Lu\n|-damage|p1a: Ting-Lu|80\/100\n|\n|-weather|Snow|[upkeep]\n|-end|p1a: Ting-Lu|move: Future Sight\n|-immune|p1a: Ting-Lu\n|-heal|p1a: Ting-Lu|86\/100|[from] item: Leftovers\n|upkeep\n|turn|20\n|\n|t:|1700973541\n|move|p2a: Ursaluna|Moonblast|p1a: Ting-Lu\n|-supereffective|p1a: Ting-Lu\n|-damage|p1a: Ting-Lu|55\/100\n|move|p1a: Ting-Lu|Earthquake|p2a: Ursaluna\n|-damage|p2a: Ursaluna|34\/100\n|\n|-weather|Snow|[upkeep]\n|-heal|p1a: Ting-Lu|62\/100|[from] item: Leftovers\n|-fieldend|move: Trick Room\n|upkeep\n|turn|21\n|\n|t:|1700973550\n|move|p2a: Ursaluna|Blood Moon|p1a: Ting-Lu\n|-damage|p1a: Ting-Lu|27\/100\n|move|p1a: Ting-Lu|Earthquake|p2a: Ursaluna\n|-damage|p2a: Ursaluna|8\/100\n|\n|-weather|Snow|[upkeep]\n|-heal|p1a: Ting-Lu|33\/100|[from] item: Leftovers\n|upkeep\n|turn|22\n|\n|t:|1700973561\n|move|p1a: Ting-Lu|Earthquake|p2a: Ursaluna\n|-damage|p2a: Ursaluna|0 fnt\n|faint|p2a: Ursaluna\n|\n|-weather|none\n|-heal|p1a: Ting-Lu|39\/100|[from] item: Leftovers\n|upkeep\n|-message|Robert999999 forfeited.\n|\n|win|JayHaro\n|raw|JayHaro's rating: 1168 &rarr; <strong>1192<\/strong><br \/>(+24 for winning)\n|raw|Robert999999's rating: 1151 &rarr; <strong>1127<\/strong><br \/>(-24 for losing)\n|l|\u2606Robert999999\n|l| MVA N&M\n","uploadtime":1700973570,"views":1,"p1id":"jayharo","p2id":"robert999999","formatid":"gen9ubers","rating":1127,"private":0,"password":""}