{"id":"gen9ubers-1993589268","p1":"chriscanway","p2":"ThePuzzler13","format":"[Gen 9] Ubers","log":"|j|\u2606chriscanway\n|j|\u2606ThePuzzler13\n|t:|1700334948\n|gametype|singles\n|player|p1|chriscanway|ethan|\n|player|p2|ThePuzzler13|102|\n|teamsize|p1|6\n|teamsize|p2|6\n|gen|9\n|tier|[Gen 9] Ubers\n|rule|Sleep Clause Mod: Limit one foe put to sleep\n|rule|Species Clause: Limit one of each Pok\u00e9mon\n|rule|OHKO Clause: OHKO moves are banned\n|rule|Evasion Items Clause: Evasion items are banned\n|rule|Evasion Moves Clause: Evasion moves are banned\n|rule|Endless Battle Clause: Forcing endless battles is banned\n|rule|HP Percentage Mod: HP is shown in percentages\n|clearpoke\n|poke|p1|Hippowdon, F|\n|poke|p1|Magearna|\n|poke|p1|Houndstone, F|\n|poke|p1|Amoonguss, F|\n|poke|p1|Garganacl, F|\n|poke|p1|Tornadus-Therian, M|\n|poke|p2|Masquerain, F|\n|poke|p2|Arceus-Ice|\n|poke|p2|Gholdengo|\n|poke|p2|Palafin, M|\n|poke|p2|Chi-Yu|\n|poke|p2|Zacian-*|\n|teampreview\n|inactive|Battle timer is ON: inactive players will automatically lose when time's up. (requested by ThePuzzler13)\n|c|\u2606ThePuzzler13|no matter how this goes, one of us is gonna get kicked out of the swiss\n|\n|t:|1700334973\n|start\n|switch|p1a: Magearna|Magearna|100\/100\n|switch|p2a: Masquerain|Masquerain, F|100\/100\n|-ability|p2a: Masquerain|Intimidate|boost\n|-unboost|p1a: Magearna|atk|1\n|turn|1\n|c|\u2606ThePuzzler13|good luck\n|\n|t:|1700334981\n|move|p2a: Masquerain|Sticky Web|p1a: Magearna\n|-sidestart|p1: chriscanway|move: Sticky Web\n|move|p1a: Magearna|Spikes|p2a: Masquerain\n|-sidestart|p2: ThePuzzler13|Spikes\n|\n|upkeep\n|turn|2\n|\n|t:|1700334984\n|move|p1a: Magearna|Volt Switch|p2a: Masquerain\n|-supereffective|p2a: Masquerain\n|-damage|p2a: Masquerain|44\/100\n|\n|t:|1700334987\n|switch|p1a: Tornadus|Tornadus-Therian, M|100\/100|[from] Volt Switch\n|move|p2a: Masquerain|Whirlwind|p1a: Tornadus\n|drag|p1a: Hippowdon|Hippowdon, F|100\/100\n|-weather|Sandstorm|[from] ability: Sand Stream|[of] p1a: Hippowdon\n|\n|-weather|Sandstorm|[upkeep]\n|-damage|p2a: Masquerain|38\/100|[from] Sandstorm\n|upkeep\n|turn|3\n|\n|t:|1700334994\n|move|p2a: Masquerain|Stun Spore|p1a: Hippowdon|[miss]\n|-miss|p2a: Masquerain|p1a: Hippowdon\n|move|p1a: Hippowdon|Stealth Rock|p2a: Masquerain\n|-sidestart|p2: ThePuzzler13|move: Stealth Rock\n|\n|-weather|Sandstorm|[upkeep]\n|-damage|p2a: Masquerain|32\/100|[from] Sandstorm\n|upkeep\n|turn|4\n|\n|t:|1700334997\n|move|p2a: Masquerain|Stun Spore|p1a: Hippowdon\n|-status|p1a: Hippowdon|par\n|move|p1a: Hippowdon|Whirlwind|p2a: Masquerain\n|drag|p2a: Palafin|Palafin, M|100\/100\n|-damage|p2a: Palafin|88\/100|[from] Spikes\n|-damage|p2a: Palafin|76\/100|[from] Stealth Rock\n|\n|-weather|Sandstorm|[upkeep]\n|-damage|p2a: Palafin|70\/100|[from] Sandstorm\n|upkeep\n|turn|5\n|\n|t:|1700335015\n|switch|p1a: Tornadus|Tornadus-Therian, M|100\/100\n|move|p2a: Palafin|Flip Turn|p1a: Tornadus\n|-damage|p1a: Tornadus|60\/100\n|\n|t:|1700335023\n|detailschange|p2a: Palafin|Palafin-Hero, M\n|switch|p2a: Gholdengo|Gholdengo|100\/100|[from] Flip Turn\n|-damage|p2a: Gholdengo|88\/100|[from] Spikes\n|-damage|p2a: Gholdengo|82\/100|[from] Stealth Rock\n|\n|-weather|Sandstorm|[upkeep]\n|-damage|p1a: Tornadus|54\/100|[from] Sandstorm\n|upkeep\n|turn|6\n|\n|t:|1700335031\n|move|p2a: Gholdengo|Make It Rain|p1a: Tornadus\n|-damage|p1a: Tornadus|10\/100\n|-unboost|p2a: Gholdengo|spa|1\n|move|p1a: Tornadus|Knock Off|p2a: Gholdengo\n|-supereffective|p2a: Gholdengo\n|-damage|p2a: Gholdengo|36\/100\n|-enditem|p2a: Gholdengo|Choice Scarf|[from] move: Knock Off|[of] p1a: Tornadus\n|\n|-weather|none\n|upkeep\n|turn|7\n|\n|t:|1700335058\n|move|p1a: Tornadus|U-turn|p2a: Gholdengo\n|-resisted|p2a: Gholdengo\n|-damage|p2a: Gholdengo|32\/100\n|\n|t:|1700335059\n|switch|p1a: Hippowdon|Hippowdon, F|100\/100 par|[from] U-turn\n|-weather|Sandstorm|[from] ability: Sand Stream|[of] p1a: Hippowdon\n|move|p2a: Gholdengo|Make It Rain|p1a: Hippowdon\n|-damage|p1a: Hippowdon|51\/100 par\n|-unboost|p2a: Gholdengo|spa|1\n|\n|-weather|Sandstorm|[upkeep]\n|upkeep\n|turn|8\n|\n|t:|1700335071\n|move|p2a: Gholdengo|Shadow Ball|p1a: Hippowdon\n|-damage|p1a: Hippowdon|30\/100 par\n|move|p1a: Hippowdon|Slack Off|p1a: Hippowdon\n|-heal|p1a: Hippowdon|80\/100 par\n|\n|-weather|Sandstorm|[upkeep]\n|upkeep\n|turn|9\n|\n|t:|1700335080\n|switch|p2a: Palafin|Palafin-Hero, M|70\/100\n|-damage|p2a: Palafin|57\/100|[from] Spikes\n|-damage|p2a: Palafin|45\/100|[from] Stealth Rock\n|-activate|p2a: Palafin|ability: Zero to Hero\n|cant|p1a: Hippowdon|par\n|\n|-weather|Sandstorm|[upkeep]\n|-damage|p2a: Palafin|39\/100|[from] Sandstorm\n|upkeep\n|turn|10\n|\n|t:|1700335092\n|switch|p1a: Amoonguss|Amoonguss, F|100\/100\n|move|p2a: Palafin|Wave Crash|p1a: Amoonguss\n|-resisted|p1a: Amoonguss\n|-damage|p1a: Amoonguss|60\/100\n|-damage|p2a: Palafin|22\/100|[from] Recoil\n|\n|-weather|Sandstorm|[upkeep]\n|-damage|p2a: Palafin|16\/100|[from] Sandstorm\n|-damage|p1a: Amoonguss|54\/100|[from] Sandstorm\n|upkeep\n|turn|11\n|\n|t:|1700335100\n|switch|p2a: Chi-Yu|Chi-Yu|100\/100\n|-damage|p2a: Chi-Yu|88\/100|[from] Spikes\n|-damage|p2a: Chi-Yu|63\/100|[from] Stealth Rock\n|-ability|p2a: Chi-Yu|Beads of Ruin\n|move|p1a: Amoonguss|Spore|p2a: Chi-Yu\n|-status|p2a: Chi-Yu|slp|[from] move: Spore\n|\n|-weather|none\n|upkeep\n|turn|12\n|\n|t:|1700335118\n|switch|p1a: Garganacl|Garganacl, F|100\/100\n|cant|p2a: Chi-Yu|slp\n|\n|upkeep\n|turn|13\n|\n|t:|1700335122\n|cant|p2a: Chi-Yu|slp\n|move|p1a: Garganacl|Earthquake|p2a: Chi-Yu\n|-supereffective|p2a: Chi-Yu\n|-damage|p2a: Chi-Yu|0 fnt\n|faint|p2a: Chi-Yu\n|\n|upkeep\n|\n|t:|1700335131\n|switch|p2a: Arceus|Arceus-Ice|100\/100\n|-damage|p2a: Arceus|88\/100|[from] Spikes\n|-damage|p2a: Arceus|63\/100|[from] Stealth Rock\n|turn|14\n|\n|t:|1700335135\n|move|p2a: Arceus|Calm Mind|p2a: Arceus\n|-boost|p2a: Arceus|spa|1\n|-boost|p2a: Arceus|spd|1\n|move|p1a: Garganacl|Salt Cure|p2a: Arceus\n|-supereffective|p2a: Arceus\n|-damage|p2a: Arceus|40\/100\n|-start|p2a: Arceus|Salt Cure\n|\n|-damage|p2a: Arceus|27\/100|[from] Salt Cure\n|upkeep\n|turn|15\n|\n|t:|1700335139\n|move|p2a: Arceus|Recover|p2a: Arceus\n|-heal|p2a: Arceus|77\/100\n|move|p1a: Garganacl|Salt Cure|p2a: Arceus\n|-supereffective|p2a: Arceus\n|-damage|p2a: Arceus|54\/100\n|\n|-damage|p2a: Arceus|42\/100|[from] Salt Cure\n|upkeep\n|turn|16\n|\n|t:|1700335143\n|move|p2a: Arceus|Calm Mind|p2a: Arceus\n|-boost|p2a: Arceus|spa|1\n|-boost|p2a: Arceus|spd|1\n|move|p1a: Garganacl|Salt Cure|p2a: Arceus\n|-supereffective|p2a: Arceus\n|-damage|p2a: Arceus|21\/100\n|\n|-damage|p2a: Arceus|8\/100|[from] Salt Cure\n|upkeep\n|turn|17\n|\n|t:|1700335148\n|move|p2a: Arceus|Recover|p2a: Arceus\n|-heal|p2a: Arceus|58\/100\n|move|p1a: Garganacl|Salt Cure|p2a: Arceus\n|-supereffective|p2a: Arceus\n|-damage|p2a: Arceus|36\/100\n|\n|-damage|p2a: Arceus|24\/100|[from] Salt Cure\n|upkeep\n|turn|18\n|\n|t:|1700335151\n|move|p2a: Arceus|Recover|p2a: Arceus\n|-heal|p2a: Arceus|74\/100\n|move|p1a: Garganacl|Salt Cure|p2a: Arceus\n|-supereffective|p2a: Arceus\n|-damage|p2a: Arceus|52\/100\n|\n|-damage|p2a: Arceus|39\/100|[from] Salt Cure\n|upkeep\n|turn|19\n|\n|t:|1700335153\n|move|p2a: Arceus|Recover|p2a: Arceus\n|-heal|p2a: Arceus|89\/100\n|move|p1a: Garganacl|Salt Cure|p2a: Arceus\n|-supereffective|p2a: Arceus\n|-damage|p2a: Arceus|68\/100\n|\n|-damage|p2a: Arceus|56\/100|[from] Salt Cure\n|upkeep\n|turn|20\n|\n|t:|1700335163\n|-terastallize|p1a: Garganacl|Water\n|move|p2a: Arceus|Judgment|p1a: Garganacl\n|-resisted|p1a: Garganacl\n|-damage|p1a: Garganacl|56\/100\n|move|p1a: Garganacl|Salt Cure|p2a: Arceus\n|-supereffective|p2a: Arceus\n|-damage|p2a: Arceus|35\/100\n|\n|-damage|p2a: Arceus|23\/100|[from] Salt Cure\n|upkeep\n|turn|21\n|\n|t:|1700335171\n|move|p2a: Arceus|Thunderbolt|p1a: Garganacl\n|-supereffective|p1a: Garganacl\n|-damage|p1a: Garganacl|0 fnt\n|faint|p1a: Garganacl\n|\n|-damage|p2a: Arceus|10\/100|[from] Salt Cure\n|upkeep\n|\n|t:|1700335179\n|switch|p1a: Tornadus|Tornadus-Therian, M|43\/100\n|turn|22\n|\n|t:|1700335184\n|move|p1a: Tornadus|Knock Off|p2a: Arceus\n|-damage|p2a: Arceus|0 fnt\n|faint|p2a: Arceus\n|\n|upkeep\n|\n|t:|1700335188\n|switch|p2a: Gholdengo|Gholdengo|32\/100\n|-damage|p2a: Gholdengo|20\/100|[from] Spikes\n|-damage|p2a: Gholdengo|14\/100|[from] Stealth Rock\n|turn|23\n|\n|t:|1700335193\n|move|p1a: Tornadus|Knock Off|p2a: Gholdengo\n|-supereffective|p2a: Gholdengo\n|-damage|p2a: Gholdengo|0 fnt\n|faint|p2a: Gholdengo\n|\n|upkeep\n|\n|t:|1700335195\n|switch|p2a: Masquerain|Masquerain, F|32\/100\n|-damage|p2a: Masquerain|0 fnt|[from] Stealth Rock\n|faint|p2a: Masquerain\n|\n|t:|1700335197\n|switch|p2a: Palafin|Palafin-Hero, M|16\/100\n|-damage|p2a: Palafin|3\/100|[from] Spikes\n|-damage|p2a: Palafin|0 fnt|[from] Stealth Rock\n|faint|p2a: Palafin\n|\n|t:|1700335198\n|switch|p2a: Zacian|Zacian|100\/100\n|-damage|p2a: Zacian|88\/100|[from] Spikes\n|-damage|p2a: Zacian|76\/100|[from] Stealth Rock\n|-ability|p2a: Zacian|Intrepid Sword|boost\n|-boost|p2a: Zacian|atk|1\n|turn|24\n|\n|t:|1700335204\n|move|p2a: Zacian|Swords Dance|p2a: Zacian\n|-boost|p2a: Zacian|atk|2\n|move|p1a: Tornadus|Knock Off|p2a: Zacian\n|-resisted|p2a: Zacian\n|-damage|p2a: Zacian|67\/100\n|-enditem|p2a: Zacian|Leftovers|[from] move: Knock Off|[of] p1a: Tornadus\n|\n|upkeep\n|turn|25\n|\n|t:|1700335209\n|move|p2a: Zacian|Wild Charge|p1a: Tornadus\n|-supereffective|p1a: Tornadus\n|-crit|p1a: Tornadus\n|-damage|p1a: Tornadus|0 fnt\n|faint|p1a: Tornadus\n|-damage|p2a: Zacian|55\/100|[from] Recoil\n|\n|upkeep\n|\n|t:|1700335216\n|switch|p1a: Amoonguss|Amoonguss, F|87\/100\n|turn|26\n|\n|t:|1700335222\n|move|p2a: Zacian|Close Combat|p1a: Amoonguss\n|-resisted|p1a: Amoonguss\n|-damage|p1a: Amoonguss|54\/100\n|-unboost|p2a: Zacian|def|1\n|-unboost|p2a: Zacian|spd|1\n|move|p1a: Amoonguss|Clear Smog|p2a: Zacian\n|-supereffective|p2a: Zacian\n|-damage|p2a: Zacian|8\/100\n|-clearboost|p2a: Zacian\n|\n|upkeep\n|turn|27\n|\n|t:|1700335234\n|move|p2a: Zacian|Wild Charge|p1a: Amoonguss\n|-resisted|p1a: Amoonguss\n|-damage|p1a: Amoonguss|44\/100\n|-damage|p2a: Zacian|5\/100|[from] Recoil\n|move|p1a: Amoonguss|Foul Play|p2a: Zacian\n|-resisted|p2a: Zacian\n|-damage|p2a: Zacian|0 fnt\n|faint|p2a: Zacian\n|\n|win|chriscanway\n|c|\u2606ThePuzzler13|gg\n|c|\u2606chriscanway|gg\n","uploadtime":1700335264,"views":24,"p1id":"chriscanway","p2id":"thepuzzler13","formatid":"gen9ubers","rating":0,"private":0,"password":""}