{"id":"gen9ubers-1970097244","p1":"efwin2763","p2":"ThePuzzler13","format":"[Gen 9] Ubers","log":"|j|\u2606efwin2763\n|j|\u2606ThePuzzler13\n|t:|1697593865\n|gametype|singles\n|player|p1|efwin2763|ghetsis-gen5bw|\n|player|p2|ThePuzzler13|265|\n|teamsize|p1|6\n|teamsize|p2|6\n|gen|9\n|tier|[Gen 9] Ubers\n|rule|Sleep Clause Mod: Limit one foe put to sleep\n|rule|Species Clause: Limit one of each Pok\u00e9mon\n|rule|OHKO Clause: OHKO moves are banned\n|rule|Evasion Items Clause: Evasion items are banned\n|rule|Evasion Moves Clause: Evasion moves are banned\n|rule|Endless Battle Clause: Forcing endless battles is banned\n|rule|HP Percentage Mod: HP is shown in percentages\n|clearpoke\n|poke|p1|Zacian-*|\n|poke|p1|Dragapult, F|\n|poke|p1|Shaymin-Sky|\n|poke|p1|Goodra-Hisui, F|\n|poke|p1|Kleavor, F|\n|poke|p1|Palkia-Origin|\n|poke|p2|Masquerain, M|\n|poke|p2|Arceus-Ice|\n|poke|p2|Gholdengo|\n|poke|p2|Palafin, M|\n|poke|p2|Chi-Yu|\n|poke|p2|Zamazenta-*|\n|teampreview\n|inactive|Battle timer is ON: inactive players will automatically lose when time's up. (requested by efwin2763)\n|inactive|ThePuzzler13 also wants the timer to be on.\n|\n|t:|1697593882\n|start\n|switch|p1a: Don't Say Anything|Dragapult, F|100\/100\n|switch|p2a: Masquerain|Masquerain, M|100\/100\n|-ability|p2a: Masquerain|Intimidate|boost\n|-unboost|p1a: Don't Say Anything|atk|1\n|turn|1\n|\n|t:|1697593896\n|move|p1a: Don't Say Anything|Flamethrower|p2a: Masquerain\n|-supereffective|p2a: Masquerain\n|-enditem|p2a: Masquerain|Focus Sash\n|-damage|p2a: Masquerain|1\/100\n|move|p2a: Masquerain|Stun Spore|p1a: Don't Say Anything\n|-status|p1a: Don't Say Anything|par\n|\n|upkeep\n|turn|2\n|\n|t:|1697593902\n|move|p2a: Masquerain|Sticky Web|p1a: Don't Say Anything\n|-sidestart|p1: efwin2763|move: Sticky Web\n|move|p1a: Don't Say Anything|Flamethrower|p2a: Masquerain\n|-supereffective|p2a: Masquerain\n|-damage|p2a: Masquerain|0 fnt\n|faint|p2a: Masquerain\n|\n|upkeep\n|\n|t:|1697593909\n|switch|p2a: Chi-Yu|Chi-Yu|100\/100\n|-ability|p2a: Chi-Yu|Beads of Ruin\n|turn|3\n|\n|t:|1697593923\n|switch|p1a: Welcome Home|Palkia-Origin, shiny|100\/100\n|-activate|p1a: Welcome Home|move: Sticky Web\n|-unboost|p1a: Welcome Home|spe|1\n|-ability|p1a: Welcome Home|Pressure\n|move|p2a: Chi-Yu|Dark Pulse|p1a: Welcome Home\n|-damage|p1a: Welcome Home|16\/100\n|\n|upkeep\n|turn|4\n|\n|t:|1697593936\n|move|p2a: Chi-Yu|Dark Pulse|p1a: Welcome Home\n|-damage|p1a: Welcome Home|0 fnt\n|faint|p1a: Welcome Home\n|\n|upkeep\n|c|\u2606efwin2763|i lose\n|\n|t:|1697593948\n|switch|p1a: Don't Say Anything|Dragapult, F|100\/100 par\n|-activate|p1a: Don't Say Anything|move: Sticky Web\n|-unboost|p1a: Don't Say Anything|spe|1\n|turn|5\n|\n|t:|1697593951\n|move|p2a: Chi-Yu|Dark Pulse|p1a: Don't Say Anything\n|-supereffective|p1a: Don't Say Anything\n|-damage|p1a: Don't Say Anything|0 fnt\n|faint|p1a: Don't Say Anything\n|\n|upkeep\n|c|\u2606ThePuzzler13|chi yu sweep?\n|c|\u2606efwin2763|i think so\n|c|\u2606ThePuzzler13|only one way to find out\n|c|\u2606efwin2763|sticky web too op\n|c|\u2606efwin2763|needs a ban\n|inactive|efwin2763 has 270 seconds left.\n|\n|t:|1697593983\n|switch|p1a: Aggregation|Kleavor, F, shiny|100\/100\n|-activate|p1a: Aggregation|move: Sticky Web\n|-unboost|p1a: Aggregation|spe|1\n|turn|6\n|inactive|efwin2763 has 270 seconds left.\n|\n|t:|1697593995\n|move|p2a: Chi-Yu|Dark Pulse|p1a: Aggregation\n|-enditem|p1a: Aggregation|Focus Sash\n|-damage|p1a: Aggregation|1\/100\n|move|p1a: Aggregation|Stone Axe|p2a: Chi-Yu\n|-supereffective|p2a: Chi-Yu\n|-damage|p2a: Chi-Yu|0 fnt\n|-sidestart|p2: ThePuzzler13|move: Stealth Rock\n|faint|p2a: Chi-Yu\n|\n|upkeep\n|\n|t:|1697594001\n|switch|p2a: Palafin|Palafin, M|100\/100\n|-damage|p2a: Palafin|88\/100|[from] Stealth Rock\n|turn|7\n|\n|t:|1697594005\n|move|p2a: Palafin|Flip Turn|p1a: Aggregation\n|-supereffective|p1a: Aggregation\n|-damage|p1a: Aggregation|0 fnt\n|faint|p1a: Aggregation\n|c|\u2606ThePuzzler13|guess no more chi yu sweep\n|c|\u2606efwin2763|lol\n|\n|t:|1697594011\n|detailschange|p2a: Palafin|Palafin-Hero, M\n|switch|p2a: Gholdengo|Gholdengo|100\/100|[from] Flip Turn\n|-damage|p2a: Gholdengo|94\/100|[from] Stealth Rock\n|\n|upkeep\n|\n|t:|1697594015\n|switch|p1a: Brieftrager|Goodra-Hisui, F, shiny|100\/100\n|-activate|p1a: Brieftrager|move: Sticky Web\n|-unboost|p1a: Brieftrager|spe|1\n|turn|8\n|\n|t:|1697594021\n|move|p2a: Gholdengo|Focus Blast|p1a: Brieftrager\n|-supereffective|p1a: Brieftrager\n|-damage|p1a: Brieftrager|65\/100\n|move|p1a: Brieftrager|Earthquake|p2a: Gholdengo\n|-supereffective|p2a: Gholdengo\n|-damage|p2a: Gholdengo|29\/100\n|\n|upkeep\n|turn|9\n|\n|t:|1697594028\n|-terastallize|p2a: Gholdengo|Fighting\n|move|p2a: Gholdengo|Focus Blast|p1a: Brieftrager\n|-supereffective|p1a: Brieftrager\n|-damage|p1a: Brieftrager|10\/100\n|move|p1a: Brieftrager|Earthquake|p2a: Gholdengo\n|-damage|p2a: Gholdengo|0 fnt\n|faint|p2a: Gholdengo\n|\n|upkeep\n|\n|t:|1697594034\n|switch|p2a: Palafin|Palafin-Hero, M|88\/100\n|-damage|p2a: Palafin|76\/100|[from] Stealth Rock\n|-activate|p2a: Palafin|ability: Zero to Hero\n|turn|10\n|c|\u2606efwin2763|damn focus miss only hits when used on me\n|c|\u2606efwin2763|no other time\n|c|\u2606ThePuzzler13|that's just how it be\n|c|\u2606efwin2763|true\n|\n|t:|1697594061\n|move|p2a: Palafin|Close Combat|p1a: Brieftrager\n|-supereffective|p1a: Brieftrager\n|-damage|p1a: Brieftrager|0 fnt\n|-unboost|p2a: Palafin|def|1\n|-unboost|p2a: Palafin|spd|1\n|faint|p1a: Brieftrager\n|\n|upkeep\n|\n|t:|1697594066\n|switch|p1a: Exhumation|Shaymin-Sky, shiny|100\/100\n|turn|11\n|\n|t:|1697594070\n|move|p1a: Exhumation|Seed Flare|p2a: Palafin\n|-supereffective|p2a: Palafin\n|-damage|p2a: Palafin|0 fnt\n|faint|p2a: Palafin\n|\n|upkeep\n|\n|t:|1697594073\n|switch|p2a: Arceus|Arceus-Ice|100\/100\n|-damage|p2a: Arceus|76\/100|[from] Stealth Rock\n|turn|12\n|\n|t:|1697594078\n|-terastallize|p1a: Exhumation|Rock\n|move|p1a: Exhumation|Tera Blast|p2a: Arceus|[anim] Tera Blast Rock\n|-supereffective|p2a: Arceus\n|-damage|p2a: Arceus|14\/100\n|move|p2a: Arceus|Judgment|p1a: Exhumation\n|-damage|p1a: Exhumation|23\/100\n|\n|upkeep\n|turn|13\n|\n|t:|1697594086\n|move|p1a: Exhumation|Tera Blast|p2a: Arceus|[anim] Tera Blast Rock\n|-supereffective|p2a: Arceus\n|-damage|p2a: Arceus|0 fnt\n|faint|p2a: Arceus\n|\n|upkeep\n|\n|t:|1697594087\n|switch|p2a: Zamazenta|Zamazenta-Crowned|100\/100\n|-damage|p2a: Zamazenta|97\/100|[from] Stealth Rock\n|-ability|p2a: Zamazenta|Dauntless Shield|boost\n|-boost|p2a: Zamazenta|def|1\n|turn|14\n|\n|t:|1697594100\n|move|p1a: Exhumation|Earth Power|p2a: Zamazenta\n|-supereffective|p2a: Zamazenta\n|-damage|p2a: Zamazenta|57\/100\n|move|p2a: Zamazenta|Substitute|p2a: Zamazenta\n|-start|p2a: Zamazenta|Substitute\n|-damage|p2a: Zamazenta|32\/100\n|\n|upkeep\n|turn|15\n|c|\u2606ThePuzzler13|it's zamazenting time\n|c|\u2606efwin2763|fuk me\n|\n|t:|1697594110\n|move|p1a: Exhumation|Earth Power|p2a: Zamazenta\n|-supereffective|p2a: Zamazenta\n|-end|p2a: Zamazenta|Substitute\n|move|p2a: Zamazenta|Iron Defense|p2a: Zamazenta\n|-boost|p2a: Zamazenta|def|2\n|\n|upkeep\n|turn|16\n|\n|t:|1697594118\n|move|p1a: Exhumation|Earth Power|p2a: Zamazenta\n|-supereffective|p2a: Zamazenta\n|-damage|p2a: Zamazenta|0 fnt\n|faint|p2a: Zamazenta\n|\n|win|efwin2763\n|c|\u2606ThePuzzler13|gg\n|c|\u2606efwin2763|gg\n|l|\u2606ThePuzzler13\n|c|\u2606efwin2763|ill upload replay\n","uploadtime":1697594124,"views":21,"p1id":"efwin2763","p2id":"thepuzzler13","formatid":"gen9ubers","rating":0,"private":0,"password":""}