{"id":"gen9ubers-1969588639","p1":"Mattattac","p2":"Aq4","format":"[Gen 9] Ubers","log":"|j|\u2606Mattattac\n|j|\u2606Aq4\n|t:|1697549867\n|gametype|singles\n|player|p1|Mattattac|nate|1116\n|player|p2|Aq4|266|1173\n|teamsize|p1|6\n|teamsize|p2|6\n|gen|9\n|tier|[Gen 9] Ubers\n|rated|\n|rule|Sleep Clause Mod: Limit one foe put to sleep\n|rule|Species Clause: Limit one of each Pok\u00e9mon\n|rule|OHKO Clause: OHKO moves are banned\n|rule|Evasion Items Clause: Evasion items are banned\n|rule|Evasion Moves Clause: Evasion moves are banned\n|rule|Endless Battle Clause: Forcing endless battles is banned\n|rule|HP Percentage Mod: HP is shown in percentages\n|clearpoke\n|poke|p1|Flutter Mane|\n|poke|p1|Ursaluna-Bloodmoon, M|\n|poke|p1|Chien-Pao|\n|poke|p1|Iron Bundle|\n|poke|p1|Annihilape, M|\n|poke|p1|Kyogre|\n|poke|p2|Miraidon|\n|poke|p2|Koraidon|\n|poke|p2|Iron Bundle|\n|poke|p2|Great Tusk|\n|poke|p2|Dondozo, F|\n|poke|p2|Giratina|\n|teampreview\n|inactive|Battle timer is ON: inactive players will automatically lose when time's up. (requested by Aq4)\n|c|\u2606Mattattac|yo\n|\n|t:|1697549881\n|start\n|switch|p1a: Kyogre|Kyogre|100\/100\n|switch|p2a: Miraidon|Miraidon|100\/100\n|-fieldstart|move: Electric Terrain|[from] ability: Hadron Engine|[of] p2a: Miraidon\n|-weather|RainDance|[from] ability: Drizzle|[of] p1a: Kyogre\n|turn|1\n|\n|t:|1697549891\n|move|p2a: Miraidon|Electro Drift|p1a: Kyogre\n|-supereffective|p1a: Kyogre\n|-damage|p1a: Kyogre|0 fnt\n|faint|p1a: Kyogre\n|\n|-weather|RainDance|[upkeep]\n|upkeep\n|c|\u2606Mattattac|oh\n|c|\u2606Mattattac|scarf\n|c|\u2606Mattattac|alr\n|\n|t:|1697549902\n|switch|p1a: Ursaluna|Ursaluna-Bloodmoon, M|100\/100\n|turn|2\n|\n|t:|1697549908\n|switch|p2a: Iron Bundle|Iron Bundle|100\/100\n|-activate|p2a: Iron Bundle|ability: Quark Drive\n|-start|p2a: Iron Bundle|quarkdrivespe\n|move|p1a: Ursaluna|Earth Power|p2a: Iron Bundle\n|-damage|p2a: Iron Bundle|0 fnt\n|faint|p2a: Iron Bundle\n|-end|p2a: Iron Bundle|Quark Drive|[silent]\n|\n|-weather|RainDance|[upkeep]\n|upkeep\n|c|\u2606Mattattac|yep\n|c|\u2606Mattattac|I was right\n|\n|t:|1697549923\n|switch|p2a: Dondozo|Dondozo, F|100\/100\n|turn|3\n|\n|t:|1697549940\n|switch|p1a: Iron Bundle|Iron Bundle, shiny|100\/100\n|-activate|p1a: Iron Bundle|ability: Quark Drive\n|-start|p1a: Iron Bundle|quarkdrivespe\n|move|p2a: Dondozo|Wave Crash|p1a: Iron Bundle\n|-resisted|p1a: Iron Bundle\n|-damage|p1a: Iron Bundle|53\/100\n|-damage|p2a: Dondozo|93\/100|[from] Recoil\n|\n|-weather|RainDance|[upkeep]\n|upkeep\n|turn|4\n|inactive|Aq4 has 120 seconds left.\n|\n|t:|1697549986\n|move|p1a: Iron Bundle|Freeze-Dry|p2a: Dondozo\n|-supereffective|p2a: Dondozo\n|-damage|p2a: Dondozo|49\/100\n|move|p2a: Dondozo|Body Slam|p1a: Iron Bundle\n|-damage|p1a: Iron Bundle|21\/100\n|\n|-weather|RainDance|[upkeep]\n|upkeep\n|turn|5\n|inactive|Mattattac has 120 seconds left.\n|\n|t:|1697550034\n|move|p1a: Iron Bundle|Freeze-Dry|p2a: Dondozo\n|-supereffective|p2a: Dondozo\n|-damage|p2a: Dondozo|4\/100\n|move|p2a: Dondozo|Wave Crash|p1a: Iron Bundle\n|-resisted|p1a: Iron Bundle\n|-damage|p1a: Iron Bundle|0 fnt\n|faint|p1a: Iron Bundle\n|-end|p1a: Iron Bundle|Quark Drive|[silent]\n|-damage|p2a: Dondozo|0 fnt|[from] Recoil\n|faint|p2a: Dondozo\n|\n|-weather|none\n|-fieldend|move: Electric Terrain\n|upkeep\n|\n|t:|1697550049\n|switch|p1a: Chien-Pao|Chien-Pao|100\/100\n|switch|p2a: Koraidon|Koraidon|100\/100\n|-weather|SunnyDay|[from] ability: Orichalcum Pulse|[of] p2a: Koraidon\n|-activate|p2a: Koraidon|Orichalcum Pulse|[source]\n|-ability|p1a: Chien-Pao|Sword of Ruin\n|turn|6\n|\n|t:|1697550071\n|-terastallize|p1a: Chien-Pao|Ghost\n|move|p2a: Koraidon|Collision Course|p1a: Chien-Pao\n|-immune|p1a: Chien-Pao\n|move|p1a: Chien-Pao|Ice Spinner|p2a: Koraidon\n|-supereffective|p2a: Koraidon\n|-damage|p2a: Koraidon|0 fnt\n|faint|p2a: Koraidon\n|\n|-weather|SunnyDay|[upkeep]\n|upkeep\n|c|\u2606Mattattac|lol\n|c|\u2606Mattattac|guessed\n|\n|t:|1697550083\n|switch|p2a: Giratina|Giratina|100\/100\n|-ability|p2a: Giratina|Pressure\n|turn|7\n|\n|t:|1697550091\n|move|p1a: Chien-Pao|Ice Spinner|p2a: Giratina\n|-supereffective|p2a: Giratina\n|-damage|p2a: Giratina|43\/100\n|move|p2a: Giratina|Will-O-Wisp|p1a: Chien-Pao\n|-status|p1a: Chien-Pao|brn\n|\n|-weather|SunnyDay|[upkeep]\n|-heal|p2a: Giratina|50\/100|[from] item: Leftovers\n|-damage|p1a: Chien-Pao|95\/100 brn|[from] brn\n|upkeep\n|turn|8\n|\n|t:|1697550103\n|move|p1a: Chien-Pao|Crunch|p2a: Giratina\n|-supereffective|p2a: Giratina\n|-damage|p2a: Giratina|15\/100\n|move|p2a: Giratina|Dragon Tail|p1a: Chien-Pao\n|-damage|p1a: Chien-Pao|66\/100 brn\n|drag|p1a: Flutter Mane|Flutter Mane, shiny|100\/100\n|-activate|p1a: Flutter Mane|ability: Protosynthesis\n|-start|p1a: Flutter Mane|protosynthesisspe\n|\n|-weather|SunnyDay|[upkeep]\n|-heal|p2a: Giratina|21\/100|[from] item: Leftovers\n|upkeep\n|turn|9\n|\n|t:|1697550118\n|move|p1a: Flutter Mane|Moonblast|p2a: Giratina\n|-supereffective|p2a: Giratina\n|-damage|p2a: Giratina|0 fnt\n|faint|p2a: Giratina\n|\n|-weather|SunnyDay|[upkeep]\n|upkeep\n|c|\u2606Mattattac|thanks for the sun btw\n|\n|t:|1697550123\n|switch|p2a: Miraidon|Miraidon|100\/100\n|-fieldstart|move: Electric Terrain|[from] ability: Hadron Engine|[of] p2a: Miraidon\n|turn|10\n|\n|t:|1697550129\n|move|p1a: Flutter Mane|Moonblast|p2a: Miraidon\n|-supereffective|p2a: Miraidon\n|-damage|p2a: Miraidon|0 fnt\n|faint|p2a: Miraidon\n|\n|-weather|none\n|-end|p1a: Flutter Mane|Protosynthesis\n|upkeep\n|c|\u2606Mattattac|:)\n|c|\u2606Mattattac|gg\n|inactive|Aq4 has 90 seconds left.\n|inactive|Aq4 has 60 seconds left.\n|inactive|Aq4 has 30 seconds left.\n|inactive|Aq4 has 20 seconds left.\n|inactive|Aq4 has 15 seconds left.\n|inactive|Aq4 has 10 seconds left.\n|inactive|Aq4 has 5 seconds left.\n|-message|Aq4 lost due to inactivity.\n|\n|win|Mattattac\n|raw|Mattattac's rating: 1116 &rarr; <strong>1145<\/strong><br \/>(+29 for winning)\n|raw|Aq4's rating: 1173 &rarr; <strong>1144<\/strong><br \/>(-29 for losing)\n|c|\u2606Mattattac|yep\n|c|\u2606Mattattac|gg\n|c|\u2606Mattattac|wp\n","uploadtime":1697550257,"views":15,"p1id":"mattattac","p2id":"aq4","formatid":"gen9ubers","rating":1144,"private":0,"password":""}