{"id":"gen9ubers-1978013768","p1":"Future king of ou","p2":"aWeirdMike","format":"[Gen 9] Ubers","log":"|j|\u2606Future king of ou\n|j|\u2606aWeirdMike\n|t:|1698484531\n|gametype|singles\n|player|p1|Future king of ou|heroine-conquest|\n|player|p2|aWeirdMike|will|\n|teamsize|p1|6\n|teamsize|p2|6\n|gen|9\n|tier|[Gen 9] Ubers\n|rated|Tournament battle\n|rule|Sleep Clause Mod: Limit one foe put to sleep\n|rule|Species Clause: Limit one of each Pok\u00e9mon\n|rule|OHKO Clause: OHKO moves are banned\n|rule|Evasion Items Clause: Evasion items are banned\n|rule|Evasion Moves Clause: Evasion moves are banned\n|rule|Endless Battle Clause: Forcing endless battles is banned\n|rule|HP Percentage Mod: HP is shown in percentages\n|clearpoke\n|poke|p1|Skeledirge, F|\n|poke|p1|Kyogre|\n|poke|p1|Zacian-*|\n|poke|p1|Koraidon|\n|poke|p1|Arceus|\n|poke|p1|Clodsire, F|\n|poke|p2|Miraidon|\n|poke|p2|Iron Bundle|\n|poke|p2|Masquerain, F|\n|poke|p2|Great Tusk|\n|poke|p2|Rotom-Frost|\n|poke|p2|Scizor, F|\n|teampreview\n|inactive|Battle timer is ON: inactive players will automatically lose when time's up. (requested by aWeirdMike)\n|\n|t:|1698484540\n|start\n|switch|p1a: Skeledirge|Skeledirge, F|100\/100\n|switch|p2a: Masquerain|Masquerain, F|100\/100\n|-ability|p2a: Masquerain|Intimidate|boost\n|-unboost|p1a: Skeledirge|atk|1\n|turn|1\n|\n|t:|1698484546\n|move|p2a: Masquerain|Stun Spore|p1a: Skeledirge\n|-status|p1a: Skeledirge|par\n|move|p1a: Skeledirge|Torch Song|p2a: Masquerain\n|-supereffective|p2a: Masquerain\n|-damage|p2a: Masquerain|25\/100\n|-boost|p1a: Skeledirge|spa|1\n|\n|upkeep\n|turn|2\n|\n|t:|1698484552\n|move|p2a: Masquerain|Sticky Web|p1a: Skeledirge\n|-sidestart|p1: Future king of ou|move: Sticky Web\n|move|p1a: Skeledirge|Torch Song|p2a: Masquerain\n|-supereffective|p2a: Masquerain\n|-damage|p2a: Masquerain|0 fnt\n|-boost|p1a: Skeledirge|spa|1\n|faint|p2a: Masquerain\n|\n|upkeep\n|\n|t:|1698484558\n|switch|p2a: Great Tusk|Great Tusk|100\/100\n|-enditem|p2a: Great Tusk|Booster Energy\n|-activate|p2a: Great Tusk|ability: Protosynthesis|[fromitem]\n|-start|p2a: Great Tusk|protosynthesisatk\n|turn|3\n|j| laprasplayer\n|\n|t:|1698484563\n|-terastallize|p1a: Skeledirge|Fairy\n|move|p2a: Great Tusk|Stealth Rock|p1a: Skeledirge\n|-sidestart|p1: Future king of ou|move: Stealth Rock\n|cant|p1a: Skeledirge|par\n|\n|upkeep\n|turn|4\n|\n|t:|1698484569\n|move|p2a: Great Tusk|Headlong Rush|p1a: Skeledirge\n|-damage|p1a: Skeledirge|50\/100 par\n|-unboost|p2a: Great Tusk|def|1\n|-unboost|p2a: Great Tusk|spd|1\n|cant|p1a: Skeledirge|par\n|\n|upkeep\n|turn|5\n|\n|t:|1698484573\n|move|p2a: Great Tusk|Headlong Rush|p1a: Skeledirge\n|-damage|p1a: Skeledirge|1\/100 par\n|-unboost|p2a: Great Tusk|def|1\n|-unboost|p2a: Great Tusk|spd|1\n|move|p1a: Skeledirge|Torch Song|p2a: Great Tusk\n|-damage|p2a: Great Tusk|8\/100\n|-boost|p1a: Skeledirge|spa|1\n|\n|upkeep\n|turn|6\n|\n|t:|1698484576\n|move|p2a: Great Tusk|Rapid Spin|p1a: Skeledirge\n|-damage|p1a: Skeledirge|0 fnt\n|-boost|p2a: Great Tusk|spe|1\n|faint|p1a: Skeledirge\n|\n|upkeep\n|\n|t:|1698484579\n|switch|p1a: Koraidon|Koraidon|100\/100\n|-activate|p1a: Koraidon|move: Sticky Web\n|-unboost|p1a: Koraidon|spe|1\n|-damage|p1a: Koraidon|94\/100|[from] Stealth Rock\n|-weather|SunnyDay|[from] ability: Orichalcum Pulse|[of] p1a: Koraidon\n|-activate|p1a: Koraidon|Orichalcum Pulse|[source]\n|turn|7\n|\n|t:|1698484583\n|move|p2a: Great Tusk|Headlong Rush|p1a: Koraidon\n|-damage|p1a: Koraidon|26\/100\n|-unboost|p2a: Great Tusk|def|1\n|-unboost|p2a: Great Tusk|spd|1\n|move|p1a: Koraidon|U-turn|p2a: Great Tusk\n|-resisted|p2a: Great Tusk\n|-damage|p2a: Great Tusk|0 fnt\n|faint|p2a: Great Tusk\n|-end|p2a: Great Tusk|Protosynthesis|[silent]\n|\n|t:|1698484586\n|switch|p1a: Kyogre|Kyogre|100\/100|[from] U-turn\n|-activate|p1a: Kyogre|move: Sticky Web\n|-unboost|p1a: Kyogre|spe|1\n|-damage|p1a: Kyogre|88\/100|[from] Stealth Rock\n|-weather|RainDance|[from] ability: Drizzle|[of] p1a: Kyogre\n|\n|-weather|RainDance|[upkeep]\n|upkeep\n|\n|t:|1698484589\n|switch|p2a: Miraidon|Miraidon|100\/100\n|-fieldstart|move: Electric Terrain|[from] ability: Hadron Engine|[of] p2a: Miraidon\n|turn|8\n|\n|t:|1698484594\n|switch|p1a: Clodsire|Clodsire, F|100\/100\n|-activate|p1a: Clodsire|move: Sticky Web\n|-unboost|p1a: Clodsire|spe|1\n|-damage|p1a: Clodsire|94\/100|[from] Stealth Rock\n|move|p2a: Miraidon|Draco Meteor|p1a: Clodsire\n|-damage|p1a: Clodsire|15\/100\n|-unboost|p2a: Miraidon|spa|2\n|\n|-weather|RainDance|[upkeep]\n|-heal|p1a: Clodsire|21\/100|[from] item: Leftovers\n|upkeep\n|turn|9\n|\n|t:|1698484601\n|move|p2a: Miraidon|Draco Meteor|p1a: Clodsire\n|-damage|p1a: Clodsire|0 fnt\n|-unboost|p2a: Miraidon|spa|2\n|faint|p1a: Clodsire\n|\n|-weather|RainDance|[upkeep]\n|upkeep\n|\n|t:|1698484602\n|switch|p1a: Zacian|Zacian-Crowned|100\/100\n|-activate|p1a: Zacian|move: Sticky Web\n|-unboost|p1a: Zacian|spe|1\n|-damage|p1a: Zacian|94\/100|[from] Stealth Rock\n|-ability|p1a: Zacian|Intrepid Sword|boost\n|-boost|p1a: Zacian|atk|1\n|turn|10\n|inactive|aWeirdMike has 120 seconds left.\n|\n|t:|1698484647\n|switch|p2a: Rotom|Rotom-Frost|100\/100\n|move|p1a: Zacian|Substitute|p1a: Zacian\n|-start|p1a: Zacian|Substitute\n|-damage|p1a: Zacian|69\/100\n|\n|-weather|RainDance|[upkeep]\n|upkeep\n|turn|11\n|\n|t:|1698484652\n|move|p2a: Rotom|Volt Switch|p1a: Zacian\n|-end|p1a: Zacian|Substitute\n|\n|t:|1698484654\n|switch|p2a: Iron Bundle|Iron Bundle|100\/100|[from] Volt Switch\n|-activate|p2a: Iron Bundle|ability: Quark Drive\n|-start|p2a: Iron Bundle|quarkdrivespe\n|move|p1a: Zacian|Behemoth Blade|p2a: Iron Bundle\n|-damage|p2a: Iron Bundle|0 fnt\n|faint|p2a: Iron Bundle\n|-end|p2a: Iron Bundle|Quark Drive|[silent]\n|\n|-weather|none\n|upkeep\n|\n|t:|1698484656\n|switch|p2a: Rotom|Rotom-Frost|100\/100\n|turn|12\n|\n|t:|1698484659\n|move|p2a: Rotom|Trick||[still]\n|-fail|p2a: Rotom\n|move|p1a: Zacian|Behemoth Blade|p2a: Rotom\n|-damage|p2a: Rotom|0 fnt\n|faint|p2a: Rotom\n|\n|-fieldend|move: Electric Terrain\n|upkeep\n|\n|t:|1698484665\n|switch|p2a: Miraidon|Miraidon|100\/100\n|-fieldstart|move: Electric Terrain|[from] ability: Hadron Engine|[of] p2a: Miraidon\n|turn|13\n|\n|t:|1698484668\n|move|p2a: Miraidon|Overheat|p1a: Zacian|[miss]\n|-miss|p2a: Miraidon|p1a: Zacian\n|move|p1a: Zacian|Behemoth Blade|p2a: Miraidon\n|-resisted|p2a: Miraidon\n|-damage|p2a: Miraidon|56\/100\n|\n|upkeep\n|turn|14\n|\n|t:|1698484670\n|move|p2a: Miraidon|Overheat|p1a: Zacian\n|-supereffective|p1a: Zacian\n|-damage|p1a: Zacian|0 fnt\n|-unboost|p2a: Miraidon|spa|2\n|faint|p1a: Zacian\n|\n|upkeep\n|\n|t:|1698484671\n|switch|p1a: Kyogre|Kyogre|88\/100\n|-activate|p1a: Kyogre|move: Sticky Web\n|-unboost|p1a: Kyogre|spe|1\n|-damage|p1a: Kyogre|76\/100|[from] Stealth Rock\n|-weather|RainDance|[from] ability: Drizzle|[of] p1a: Kyogre\n|turn|15\n|\n|t:|1698484677\n|move|p2a: Miraidon|Overheat|p1a: Kyogre\n|-resisted|p1a: Kyogre\n|-damage|p1a: Kyogre|68\/100\n|-unboost|p2a: Miraidon|spa|2\n|move|p1a: Kyogre|Origin Pulse|p2a: Miraidon\n|-resisted|p2a: Miraidon\n|-damage|p2a: Miraidon|0 fnt\n|faint|p2a: Miraidon\n|\n|-weather|RainDance|[upkeep]\n|upkeep\n|\n|t:|1698484681\n|switch|p2a: Scizor|Scizor, F|100\/100\n|turn|16\n|\n|t:|1698484685\n|move|p2a: Scizor|Swords Dance|p2a: Scizor\n|-boost|p2a: Scizor|atk|2\n|move|p1a: Kyogre|Origin Pulse|p2a: Scizor\n|-damage|p2a: Scizor|0 fnt\n|faint|p2a: Scizor\n|\n|win|Future king of ou\n|n|\u2606Future king of ou|futurekingofou\n|n|\u2606aWeirdMike|aweirdmike\n|n| laprasplayer|laprasplayer\n","uploadtime":1698484686,"views":14,"p1id":"futurekingofou","p2id":"aweirdmike","formatid":"gen9ubers","rating":0,"private":0,"password":""}