{"id":"gen9ubers-1983510579","p1":"Akro Agency","p2":"CodenameCAT","format":"[Gen 9] Ubers","log":"|j|\u2606Akro Agency\n|j|\u2606CodenameCAT\n|t:|1699137973\n|gametype|singles\n|player|p1|Akro Agency|caitlin|\n|player|p2|CodenameCAT|cogita|\n|teamsize|p1|6\n|teamsize|p2|6\n|gen|9\n|tier|[Gen 9] Ubers\n|rule|Sleep Clause Mod: Limit one foe put to sleep\n|rule|Species Clause: Limit one of each Pok\u00e9mon\n|rule|OHKO Clause: OHKO moves are banned\n|rule|Evasion Items Clause: Evasion items are banned\n|rule|Evasion Moves Clause: Evasion moves are banned\n|rule|Endless Battle Clause: Forcing endless battles is banned\n|rule|HP Percentage Mod: HP is shown in percentages\n|clearpoke\n|poke|p1|Palafin, F|\n|poke|p1|Cyclizar, M|\n|poke|p1|Magearna|\n|poke|p1|Ninetales-Alola, M|\n|poke|p1|Sneasler, F|\n|poke|p1|Chi-Yu|\n|poke|p2|Arceus-Fire|\n|poke|p2|Garganacl, F|\n|poke|p2|Magearna|\n|poke|p2|Dialga|\n|poke|p2|Zacian-*|\n|poke|p2|Gliscor, F|\n|teampreview\n|inactive|Battle timer is ON: inactive players will automatically lose when time's up. (requested by CodenameCAT)\n|c|\u2606CodenameCAT|glhf\n|\n|t:|1699137993\n|start\n|switch|p1a: band bot|Palafin, F|100\/100\n|switch|p2a: Gliscor|Gliscor, F|100\/100\n|turn|1\n|\n|t:|1699138005\n|move|p2a: Gliscor|Protect|p2a: Gliscor\n|-singleturn|p2a: Gliscor|Protect\n|move|p1a: band bot|Flip Turn|p2a: Gliscor\n|-activate|p2a: Gliscor|move: Protect\n|\n|-status|p2a: Gliscor|tox|[from] item: Toxic Orb\n|upkeep\n|turn|2\n|\n|t:|1699138014\n|move|p1a: band bot|Flip Turn|p2a: Gliscor\n|-supereffective|p2a: Gliscor\n|-damage|p2a: Gliscor|56\/100 tox\n|\n|t:|1699138027\n|detailschange|p1a: band bot|Palafin-Hero, F\n|switch|p1a: shed tail bot|Cyclizar, M|100\/100|[from] Flip Turn\n|move|p2a: Gliscor|Spikes|p1a: shed tail bot\n|-sidestart|p1: Akro Agency|Spikes\n|\n|-heal|p2a: Gliscor|69\/100 tox|[from] ability: Poison Heal\n|upkeep\n|turn|3\n|\n|t:|1699138041\n|move|p1a: shed tail bot|Shed Tail|p1a: shed tail bot\n|-start|p1a: shed tail bot|Substitute|[from] move: Shed Tail\n|-damage|p1a: shed tail bot|50\/100\n|\n|t:|1699138049\n|switch|p1a: dire claw hax bot|Sneasler, F|100\/100|[from] Shed Tail\n|-item|p1a: dire claw hax bot|Air Balloon\n|move|p2a: Gliscor|Earthquake|p1a: dire claw hax bot\n|-immune|p1a: dire claw hax bot\n|\n|-heal|p2a: Gliscor|81\/100 tox|[from] ability: Poison Heal\n|upkeep\n|turn|4\n|\n|t:|1699138062\n|switch|p2a: Magearna|Magearna|100\/100\n|move|p1a: dire claw hax bot|Swords Dance|p1a: dire claw hax bot\n|-boost|p1a: dire claw hax bot|atk|2\n|\n|upkeep\n|turn|5\n|\n|t:|1699138070\n|-terastallize|p1a: dire claw hax bot|Ground\n|move|p1a: dire claw hax bot|Tera Blast|p2a: Magearna|[anim] Tera Blast Ground\n|-supereffective|p2a: Magearna\n|-damage|p2a: Magearna|0 fnt\n|faint|p2a: Magearna\n|\n|upkeep\n|\n|t:|1699138081\n|switch|p2a: Arceus|Arceus-Fire|100\/100\n|turn|6\n|\n|t:|1699138086\n|-terastallize|p2a: Arceus|Fairy\n|move|p1a: dire claw hax bot|Tera Blast|p2a: Arceus|[anim] Tera Blast Ground\n|-crit|p2a: Arceus\n|-damage|p2a: Arceus|10\/100\n|move|p2a: Arceus|Earth Power|p1a: dire claw hax bot\n|-immune|p1a: dire claw hax bot\n|\n|upkeep\n|turn|7\n|c|\u2606CodenameCAT|im stupid\n|\n|t:|1699138096\n|move|p1a: dire claw hax bot|Dire Claw|p2a: Arceus\n|-supereffective|p2a: Arceus\n|-damage|p2a: Arceus|0 fnt\n|faint|p2a: Arceus\n|\n|upkeep\n|\n|t:|1699138109\n|switch|p2a: Zacian|Zacian|100\/100\n|-ability|p2a: Zacian|Intrepid Sword|boost\n|-boost|p2a: Zacian|atk|1\n|turn|8\n|c|\u2606Akro Agency|Glhf sorry forgot to check chat I\u2019m on mobile\n|\n|t:|1699138114\n|move|p2a: Zacian|Play Rough|p1a: dire claw hax bot\n|-end|p1a: dire claw hax bot|Substitute\n|-enditem|p1a: dire claw hax bot|Air Balloon\n|move|p1a: dire claw hax bot|Dire Claw|p2a: Zacian\n|-supereffective|p2a: Zacian\n|-damage|p2a: Zacian|0 fnt\n|faint|p2a: Zacian\n|\n|upkeep\n|\n|t:|1699138117\n|switch|p2a: Dialga|Dialga|100\/100\n|-ability|p2a: Dialga|Pressure\n|turn|9\n|inactive|Akro Agency has 270 seconds left.\n|c|\u2606Akro Agency|Gonna have to exit and reload showdown to send replays btw so I apologize if it\u2019s a couple min between matches\n|c|\u2606CodenameCAT|ive got replays dw\n|\n|t:|1699138156\n|move|p1a: dire claw hax bot|Close Combat|p2a: Dialga\n|-supereffective|p2a: Dialga\n|-damage|p2a: Dialga|0 fnt\n|-unboost|p1a: dire claw hax bot|def|1\n|-unboost|p1a: dire claw hax bot|spd|1\n|faint|p2a: Dialga\n|\n|upkeep\n|\n|t:|1699138163\n|switch|p2a: Gliscor|Gliscor, F|81\/100 tox\n|turn|10\n|\n|t:|1699138166\n|move|p1a: dire claw hax bot|Close Combat|p2a: Gliscor\n|-resisted|p2a: Gliscor\n|-damage|p2a: Gliscor|36\/100 tox\n|-unboost|p1a: dire claw hax bot|def|1\n|-unboost|p1a: dire claw hax bot|spd|1\n|move|p2a: Gliscor|Earthquake|p1a: dire claw hax bot\n|-damage|p1a: dire claw hax bot|0 fnt\n|faint|p1a: dire claw hax bot\n|\n|-heal|p2a: Gliscor|49\/100 tox|[from] ability: Poison Heal\n|upkeep\n|\n|t:|1699138180\n|switch|p1a: band bot|Palafin-Hero, F|100\/100\n|-damage|p1a: band bot|88\/100|[from] Spikes\n|-activate|p1a: band bot|ability: Zero to Hero\n|turn|11\n|-message|CodenameCAT forfeited.\n|\n|win|Akro Agency\n","uploadtime":1699138188,"views":29,"p1id":"akroagency","p2id":"codenamecat","formatid":"gen9ubers","rating":0,"private":0,"password":""}