{"id":"gen9ubers-1975416740","p1":"flambojambo","p2":"gottagonotsofast","format":"[Gen 9] Ubers","log":"|j|\u2606flambojambo\n|j|\u2606gottagonotsofast\n|t:|1698188981\n|gametype|singles\n|player|p1|flambojambo|skyla|\n|player|p2|gottagonotsofast|265|\n|teamsize|p1|6\n|teamsize|p2|6\n|gen|9\n|tier|[Gen 9] Ubers\n|rule|Sleep Clause Mod: Limit one foe put to sleep\n|rule|Species Clause: Limit one of each Pok\u00e9mon\n|rule|OHKO Clause: OHKO moves are banned\n|rule|Evasion Items Clause: Evasion items are banned\n|rule|Evasion Moves Clause: Evasion moves are banned\n|rule|Endless Battle Clause: Forcing endless battles is banned\n|rule|HP Percentage Mod: HP is shown in percentages\n|clearpoke\n|poke|p1|Skeledirge, F|\n|poke|p1|Zamazenta-*|\n|poke|p1|Manaphy|\n|poke|p1|Mamoswine, F|\n|poke|p1|Enamorus, F|\n|poke|p1|Munkidori, M|\n|poke|p2|Kingambit, F|\n|poke|p2|Ogerpon-Wellspring, F|\n|poke|p2|Moltres|\n|poke|p2|Landorus, M|\n|poke|p2|Poliwrath, M|\n|poke|p2|Froslass, F|\n|teampreview\n|j| RektCactus\n|j| Nuttyr\n|\n|t:|1698189073\n|start\n|switch|p1a: cokey cola|Enamorus, F|100\/100\n|switch|p2a: Froslass|Froslass, F|100\/100\n|turn|1\n|\n|t:|1698189100\n|move|p2a: Froslass|Spikes|p1a: cokey cola\n|-sidestart|p1: flambojambo|Spikes\n|move|p1a: cokey cola|Play Rough|p2a: Froslass\n|-damage|p2a: Froslass|25\/100\n|-damage|p1a: cokey cola|91\/100|[from] item: Life Orb\n|\n|upkeep\n|turn|2\n|\n|t:|1698189116\n|move|p2a: Froslass|Thunder Wave|p1a: cokey cola\n|-status|p1a: cokey cola|par\n|move|p1a: cokey cola|Zen Headbutt|p2a: Froslass\n|-damage|p2a: Froslass|0 fnt\n|faint|p2a: Froslass\n|-damage|p1a: cokey cola|81\/100 par|[from] item: Life Orb\n|\n|upkeep\n|j| RiddleDog\n|\n|t:|1698189136\n|switch|p2a: Landorus|Landorus, M|100\/100\n|turn|3\n|\n|t:|1698189176\n|move|p2a: Landorus|Earth Power|p1a: cokey cola\n|-immune|p1a: cokey cola\n|move|p1a: cokey cola|Outrage|p2a: Landorus\n|-damage|p2a: Landorus|44\/100\n|-damage|p1a: cokey cola|71\/100 par|[from] item: Life Orb\n|\n|upkeep\n|turn|4\n|j| Wha1efish\n|\n|t:|1698189192\n|switch|p2a: Kingambit|Kingambit, F|100\/100\n|-activate|p2a: Kingambit|ability: Supreme Overlord\n|-start|p2a: Kingambit|fallen1|[silent]\n|move|p1a: cokey cola|Outrage|p2a: Kingambit|[from]lockedmove\n|-resisted|p2a: Kingambit\n|-crit|p2a: Kingambit\n|-damage|p2a: Kingambit|75\/100\n|-damage|p1a: cokey cola|62\/100 par|[from] item: Life Orb\n|-start|p1a: cokey cola|confusion|[fatigue]\n|\n|-heal|p2a: Kingambit|81\/100|[from] item: Leftovers\n|upkeep\n|turn|5\n|\n|t:|1698189213\n|-end|p2a: Kingambit|fallen1|[silent]\n|switch|p2a: Moltres|Moltres|100\/100\n|-activate|p1a: cokey cola|confusion\n|cant|p1a: cokey cola|par\n|\n|upkeep\n|turn|6\n|\n|t:|1698189231\n|move|p2a: Moltres|Flamethrower|p1a: cokey cola\n|-damage|p1a: cokey cola|8\/100 par\n|-activate|p1a: cokey cola|confusion\n|-damage|p1a: cokey cola|0 fnt|[from] confusion\n|faint|p1a: cokey cola\n|\n|upkeep\n|\n|t:|1698189248\n|switch|p1a: spirt|Manaphy|100\/100\n|-damage|p1a: spirt|88\/100|[from] Spikes\n|turn|7\n|l| Nuttyr\n|j| rustygoombaguy\n|\n|t:|1698189274\n|switch|p2a: Ogerpon|Ogerpon-Wellspring, F|100\/100\n|move|p1a: spirt|Tail Glow|p1a: spirt\n|-boost|p1a: spirt|spa|3\n|\n|-heal|p1a: spirt|94\/100|[from] item: Leftovers\n|upkeep\n|turn|8\n|\n|t:|1698189299\n|move|p2a: Ogerpon|Knock Off|p1a: spirt\n|-damage|p1a: spirt|58\/100\n|-enditem|p1a: spirt|Leftovers|[from] move: Knock Off|[of] p2a: Ogerpon\n|move|p1a: spirt|Ice Beam|p2a: Ogerpon\n|-damage|p2a: Ogerpon|24\/100\n|\n|upkeep\n|turn|9\n|\n|t:|1698189326\n|move|p2a: Ogerpon|Play Rough|p1a: spirt\n|-damage|p1a: spirt|24\/100\n|move|p1a: spirt|Psychic|p2a: Ogerpon\n|-damage|p2a: Ogerpon|0 fnt\n|faint|p2a: Ogerpon\n|\n|upkeep\n|\n|t:|1698189341\n|switch|p2a: Landorus|Landorus, M|44\/100\n|turn|10\n|\n|t:|1698189347\n|move|p2a: Landorus|Earth Power|p1a: spirt\n|-damage|p1a: spirt|0 fnt\n|faint|p1a: spirt\n|\n|upkeep\n|j| Nuttyr\n|\n|t:|1698189363\n|switch|p1a: Monsert|Munkidori, M|100\/100\n|-damage|p1a: Monsert|88\/100|[from] Spikes\n|turn|11\n|\n|t:|1698189387\n|switch|p2a: Moltres|Moltres|100\/100\n|move|p1a: Monsert|Psychic|p2a: Moltres\n|-damage|p2a: Moltres|49\/100\n|\n|upkeep\n|turn|12\n|\n|t:|1698189401\n|switch|p2a: Kingambit|Kingambit, F|81\/100\n|-activate|p2a: Kingambit|ability: Supreme Overlord\n|-start|p2a: Kingambit|fallen2|[silent]\n|move|p1a: Monsert|Psychic|p2a: Kingambit\n|-immune|p2a: Kingambit\n|\n|-heal|p2a: Kingambit|87\/100|[from] item: Leftovers\n|upkeep\n|turn|13\n|\n|t:|1698189431\n|switch|p1a: ROO BEER|Mamoswine, F|100\/100\n|-damage|p1a: ROO BEER|88\/100|[from] Spikes\n|move|p2a: Kingambit|Kowtow Cleave|p1a: ROO BEER\n|-damage|p1a: ROO BEER|25\/100\n|\n|-heal|p2a: Kingambit|94\/100|[from] item: Leftovers\n|upkeep\n|turn|14\n|\n|t:|1698189472\n|-end|p2a: Kingambit|fallen2|[silent]\n|switch|p2a: Poliwrath|Poliwrath, M|100\/100\n|move|p1a: ROO BEER|Stealth Rock|p2a: Poliwrath\n|-sidestart|p2: gottagonotsofast|move: Stealth Rock\n|\n|upkeep\n|turn|15\n|\n|t:|1698189483\n|move|p1a: ROO BEER|Earthquake|p2a: Poliwrath\n|-damage|p2a: Poliwrath|63\/100\n|move|p2a: Poliwrath|Knock Off|p1a: ROO BEER\n|-damage|p1a: ROO BEER|2\/100\n|-enditem|p1a: ROO BEER|Loaded Dice|[from] move: Knock Off|[of] p2a: Poliwrath\n|\n|upkeep\n|turn|16\n|\n|t:|1698189493\n|move|p1a: ROO BEER|Earthquake|p2a: Poliwrath\n|-damage|p2a: Poliwrath|27\/100\n|move|p2a: Poliwrath|Drain Punch|p1a: ROO BEER\n|-supereffective|p1a: ROO BEER\n|-damage|p1a: ROO BEER|0 fnt\n|-heal|p2a: Poliwrath|27\/100|[from] drain|[of] p1a: ROO BEER\n|faint|p1a: ROO BEER\n|\n|upkeep\n|\n|t:|1698189505\n|switch|p1a: pebZI|Zamazenta-Crowned|100\/100\n|-damage|p1a: pebZI|88\/100|[from] Spikes\n|-ability|p1a: pebZI|Dauntless Shield|boost\n|-boost|p1a: pebZI|def|1\n|turn|17\n|\n|t:|1698189518\n|move|p1a: pebZI|Iron Defense|p1a: pebZI\n|-boost|p1a: pebZI|def|2\n|move|p2a: Poliwrath|Drain Punch|p1a: pebZI\n|-supereffective|p1a: pebZI\n|-damage|p1a: pebZI|73\/100\n|-heal|p2a: Poliwrath|34\/100|[from] drain|[of] p1a: pebZI\n|\n|upkeep\n|turn|18\n|\n|t:|1698189526\n|move|p1a: pebZI|Body Press|p2a: Poliwrath\n|-damage|p2a: Poliwrath|0 fnt\n|-damage|p1a: pebZI|56\/100|[from] item: Rocky Helmet|[of] p2a: Poliwrath\n|faint|p2a: Poliwrath\n|\n|upkeep\n|\n|t:|1698189534\n|switch|p2a: Moltres|Moltres|49\/100\n|turn|19\n|\n|t:|1698189546\n|move|p1a: pebZI|Stone Edge|p2a: Moltres\n|-supereffective|p2a: Moltres\n|-damage|p2a: Moltres|0 fnt\n|faint|p2a: Moltres\n|\n|upkeep\n|\n|t:|1698189549\n|switch|p2a: Landorus|Landorus, M|44\/100\n|-damage|p2a: Landorus|32\/100|[from] Stealth Rock\n|turn|20\n|\n|t:|1698189556\n|move|p1a: pebZI|Behemoth Bash|p2a: Landorus\n|-damage|p2a: Landorus|0 fnt\n|faint|p2a: Landorus\n|\n|upkeep\n|\n|t:|1698189559\n|switch|p2a: Kingambit|Kingambit, F|94\/100\n|-damage|p2a: Kingambit|87\/100|[from] Stealth Rock\n|-activate|p2a: Kingambit|ability: Supreme Overlord\n|-start|p2a: Kingambit|fallen5|[silent]\n|turn|21\n|\n|t:|1698189566\n|-terastallize|p2a: Kingambit|Flying\n|move|p1a: pebZI|Body Press|p2a: Kingambit\n|-resisted|p2a: Kingambit\n|-damage|p2a: Kingambit|52\/100\n|move|p2a: Kingambit|Low Kick|p1a: pebZI\n|-supereffective|p1a: pebZI\n|-damage|p1a: pebZI|13\/100\n|\n|-heal|p2a: Kingambit|59\/100|[from] item: Leftovers\n|upkeep\n|turn|22\n|l| rustygoombaguy\n|c| RektCactus|gg\n|\n|t:|1698189602\n|move|p1a: pebZI|Stone Edge|p2a: Kingambit\n|-supereffective|p2a: Kingambit\n|-damage|p2a: Kingambit|15\/100\n|move|p2a: Kingambit|Low Kick|p1a: pebZI\n|-supereffective|p1a: pebZI\n|-damage|p1a: pebZI|0 fnt\n|faint|p1a: pebZI\n|\n|-heal|p2a: Kingambit|21\/100|[from] item: Leftovers\n|upkeep\n|\n|t:|1698189613\n|switch|p1a: Monsert|Munkidori, M|88\/100\n|-damage|p1a: Monsert|76\/100|[from] Spikes\n|turn|23\n|\n|t:|1698189622\n|move|p2a: Kingambit|Sucker Punch|p1a: Monsert\n|-supereffective|p1a: Monsert\n|-damage|p1a: Monsert|0 fnt\n|faint|p1a: Monsert\n|\n|-heal|p2a: Kingambit|27\/100|[from] item: Leftovers\n|upkeep\n|\n|t:|1698189628\n|switch|p1a: mm dogta pebba|Skeledirge, F|100\/100\n|-damage|p1a: mm dogta pebba|88\/100|[from] Spikes\n|turn|24\n|\n|t:|1698189639\n|-terastallize|p1a: mm dogta pebba|Fairy\n|move|p1a: mm dogta pebba|Flamethrower|p2a: Kingambit\n|-damage|p2a: Kingambit|0 fnt\n|faint|p2a: Kingambit\n|-end|p2a: Kingambit|fallen5|[silent]\n|\n|win|flambojambo\n|l| RektCactus\n","uploadtime":1698189656,"views":15,"p1id":"flambojambo","p2id":"gottagonotsofast","formatid":"gen9ubers","rating":0,"private":0,"password":""}