{"id":"gen9ubers-1982165059","p1":"Sakuduro","p2":"Kudiroola","format":"[Gen 9] Ubers","log":"|j|\u2606Sakuduro\n|j|\u2606Kudiroola\n|t:|1698974615\n|gametype|singles\n|player|p1|Sakuduro|266|\n|player|p2|Kudiroola|blue|\n|teamsize|p1|6\n|teamsize|p2|6\n|gen|9\n|tier|[Gen 9] Ubers\n|rule|Sleep Clause Mod: Limit one foe put to sleep\n|rule|Species Clause: Limit one of each Pok\u00e9mon\n|rule|OHKO Clause: OHKO moves are banned\n|rule|Evasion Items Clause: Evasion items are banned\n|rule|Evasion Moves Clause: Evasion moves are banned\n|rule|Endless Battle Clause: Forcing endless battles is banned\n|rule|HP Percentage Mod: HP is shown in percentages\n|clearpoke\n|poke|p1|Eevee, M|\n|poke|p1|Articuno-Galar|\n|poke|p1|Zoroark, F|\n|poke|p1|Venonat, M|\n|poke|p1|Tyranitar, F|\n|poke|p1|Ralts, F|\n|poke|p2|Milotic, M|\n|poke|p2|Zoroark, M|\n|poke|p2|Gliscor, M|\n|poke|p2|Jirachi|\n|poke|p2|Dragapult, M|\n|poke|p2|Iron Thorns|\n|teampreview\n|\n|t:|1698974725\n|start\n|switch|p1a: Ralts|Ralts, F|100\/100\n|switch|p2a: Dragapult|Dragapult, M|100\/100\n|turn|1\n|\n|t:|1698974754\n|move|p2a: Dragapult|Reflect|p2a: Dragapult\n|-sidestart|p2: Kudiroola|Reflect\n|move|p1a: Ralts|Memento|p2a: Dragapult\n|-unboost|p2a: Dragapult|atk|2\n|-unboost|p2a: Dragapult|spa|2\n|faint|p1a: Ralts\n|\n|upkeep\n|\n|t:|1698974771\n|switch|p1a: Articuno|Articuno-Galar|100\/100\n|turn|2\n|\n|t:|1698974785\n|move|p2a: Dragapult|Light Screen|p2a: Dragapult\n|-sidestart|p2: Kudiroola|move: Light Screen\n|move|p1a: Articuno|Freezing Glare|p2a: Dragapult\n|-damage|p2a: Dragapult|74\/100\n|\n|upkeep\n|turn|3\n|\n|t:|1698974824\n|move|p2a: Dragapult|Dragon Darts|p1a: Articuno\n|-damage|p1a: Articuno|89\/100\n|-anim|p2a: Dragapult|Dragon Darts|p1a: Articuno\n|-damage|p1a: Articuno|78\/100\n|move|p1a: Articuno|Future Sight|p2a: Dragapult\n|-start|p1a: Articuno|move: Future Sight\n|\n|upkeep\n|turn|4\n|\n|t:|1698974840\n|move|p2a: Dragapult|Curse|p1a: Articuno\n|-start|p1a: Articuno|Curse|[of] p2a: Dragapult\n|-damage|p2a: Dragapult|24\/100\n|move|p1a: Articuno|Agility|p1a: Articuno\n|-boost|p1a: Articuno|spe|2\n|\n|-damage|p1a: Articuno|53\/100|[from] Curse\n|upkeep\n|turn|5\n|\n|t:|1698974851\n|move|p1a: Articuno|Freezing Glare|p2a: Dragapult\n|-damage|p2a: Dragapult|0 fnt\n|faint|p2a: Dragapult\n|\n|-hint|Future Sight did not hit because the target is fainted.\n|-damage|p1a: Articuno|28\/100|[from] Curse\n|upkeep\n|\n|t:|1698974866\n|switch|p2a: Iron Thorns|Iron Thorns|100\/100\n|turn|6\n|\n|t:|1698974928\n|switch|p1a: Eevee|Eevee, M|100\/100\n|move|p2a: Iron Thorns|Sludge Bomb|p1a: Eevee\n|-damage|p1a: Eevee|49\/100\n|-status|p1a: Eevee|psn\n|\n|-damage|p1a: Eevee|36\/100 psn|[from] psn\n|upkeep\n|turn|7\n|\n|t:|1698974943\n|move|p2a: Iron Thorns|Sludge Bomb|p1a: Eevee\n|-damage|p1a: Eevee|0 fnt\n|faint|p1a: Eevee\n|\n|upkeep\n|\n|t:|1698974951\n|switch|p1a: Ralts|Ralts, F|100\/100\n|turn|8\n|\n|t:|1698974977\n|move|p2a: Iron Thorns|Sludge Bomb|p1a: Ralts\n|-supereffective|p1a: Ralts\n|-damage|p1a: Ralts|0 fnt\n|faint|p1a: Ralts\n|\n|-sideend|p2: Kudiroola|Reflect\n|upkeep\n|\n|t:|1698974988\n|switch|p1a: Venonat|Venonat, M|100\/100\n|turn|9\n|\n|t:|1698975048\n|switch|p2a: Gliscor|Gliscor, M, shiny|100\/100\n|move|p1a: Venonat|Bug Buzz|p2a: Gliscor\n|-resisted|p2a: Gliscor\n|-damage|p2a: Gliscor|96\/100\n|\n|-sideend|p2: Kudiroola|move: Light Screen\n|-status|p2a: Gliscor|tox|[from] item: Toxic Orb\n|upkeep\n|turn|10\n|\n|t:|1698975063\n|move|p2a: Gliscor|Swords Dance|p2a: Gliscor\n|-boost|p2a: Gliscor|atk|2\n|move|p1a: Venonat|Sludge Bomb|p2a: Gliscor\n|-resisted|p2a: Gliscor\n|-damage|p2a: Gliscor|87\/100 tox\n|\n|-heal|p2a: Gliscor|99\/100 tox|[from] ability: Poison Heal\n|upkeep\n|turn|11\n|\n|t:|1698975106\n|switch|p1a: Articuno|Articuno-Galar|28\/100\n|move|p2a: Gliscor|Facade|p1a: Articuno\n|-damage|p1a: Articuno|0 fnt\n|faint|p1a: Articuno\n|\n|-heal|p2a: Gliscor|100\/100 tox|[from] ability: Poison Heal\n|upkeep\n|\n|t:|1698975118\n|switch|p1a: Tyranitar|Tyranitar, F|100\/100\n|-weather|Sandstorm|[from] ability: Sand Stream|[of] p1a: Tyranitar\n|turn|12\n|\n|t:|1698975135\n|move|p2a: Gliscor|Protect|p2a: Gliscor\n|-singleturn|p2a: Gliscor|Protect\n|move|p1a: Tyranitar|Outrage|p2a: Gliscor\n|-activate|p2a: Gliscor|move: Protect\n|\n|-weather|Sandstorm|[upkeep]\n|upkeep\n|turn|13\n|\n|t:|1698975157\n|move|p2a: Gliscor|Facade|p1a: Tyranitar\n|-resisted|p1a: Tyranitar\n|-damage|p1a: Tyranitar|76\/100\n|move|p1a: Tyranitar|Blizzard|p2a: Gliscor\n|-supereffective|p2a: Gliscor\n|-damage|p2a: Gliscor|0 fnt\n|faint|p2a: Gliscor\n|\n|-weather|Sandstorm|[upkeep]\n|upkeep\n|\n|t:|1698975171\n|switch|p2a: Milotic|Milotic, M|100\/100\n|turn|14\n|\n|t:|1698975189\n|move|p1a: Tyranitar|Blizzard|p2a: Milotic|[miss]\n|-miss|p1a: Tyranitar|p2a: Milotic\n|move|p2a: Milotic|Mirror Coat||[still]\n|-fail|p2a: Milotic\n|\n|-weather|Sandstorm|[upkeep]\n|-damage|p2a: Milotic|94\/100|[from] Sandstorm\n|upkeep\n|turn|15\n|\n|t:|1698975199\n|move|p2a: Milotic|Scald|p1a: Tyranitar\n|-supereffective|p1a: Tyranitar\n|-damage|p1a: Tyranitar|46\/100\n|move|p1a: Tyranitar|Outrage|p2a: Milotic\n|-damage|p2a: Milotic|50\/100\n|\n|-weather|Sandstorm|[upkeep]\n|-damage|p2a: Milotic|44\/100|[from] Sandstorm\n|upkeep\n|turn|16\n|\n|t:|1698975214\n|move|p2a: Milotic|Recover|p2a: Milotic\n|-heal|p2a: Milotic|94\/100\n|move|p1a: Tyranitar|Outrage|p2a: Milotic|[from]lockedmove\n|-damage|p2a: Milotic|50\/100\n|\n|-weather|none\n|upkeep\n|turn|17\n|\n|t:|1698975227\n|move|p2a: Milotic|Scald|p1a: Tyranitar\n|-supereffective|p1a: Tyranitar\n|-damage|p1a: Tyranitar|2\/100\n|-enditem|p1a: Tyranitar|Aguav Berry|[eat]\n|-heal|p1a: Tyranitar|35\/100|[from] item: Aguav Berry\n|move|p1a: Tyranitar|Outrage|p2a: Milotic|[from]lockedmove\n|-damage|p2a: Milotic|6\/100\n|-start|p1a: Tyranitar|confusion|[fatigue]\n|\n|upkeep\n|turn|18\n|\n|t:|1698975242\n|move|p2a: Milotic|Recover|p2a: Milotic\n|-heal|p2a: Milotic|56\/100\n|-activate|p1a: Tyranitar|confusion\n|-damage|p1a: Tyranitar|25\/100|[from] confusion\n|\n|upkeep\n|turn|19\n|\n|t:|1698975251\n|move|p2a: Milotic|Scald|p1a: Tyranitar\n|-supereffective|p1a: Tyranitar\n|-damage|p1a: Tyranitar|0 fnt\n|faint|p1a: Tyranitar\n|\n|upkeep\n|\n|t:|1698975257\n|switch|p1a: Venonat|Venonat, M|100\/100\n|turn|20\n|\n|t:|1698975262\n|move|p1a: Venonat|Sludge Bomb|p2a: Milotic\n|-damage|p2a: Milotic|47\/100\n|move|p2a: Milotic|Mirror Coat|p1a: Venonat\n|-damage|p1a: Venonat|80\/100\n|\n|upkeep\n|turn|21\n|\n|t:|1698975270\n|move|p2a: Milotic|Scald|p1a: Venonat\n|-damage|p1a: Venonat|33\/100\n|move|p1a: Venonat|Lunge|p2a: Milotic\n|-damage|p2a: Milotic|30\/100\n|-unboost|p2a: Milotic|atk|1\n|\n|upkeep\n|turn|22\n|\n|t:|1698975281\n|move|p2a: Milotic|Scald|p1a: Venonat\n|-damage|p1a: Venonat|0 fnt\n|faint|p1a: Venonat\n|\n|win|Kudiroola\n","uploadtime":1698975309,"views":17,"p1id":"sakuduro","p2id":"kudiroola","formatid":"gen9ubers","rating":0,"private":0,"password":""}