{"id":"gen9ubers-1995005649","p1":"lil bro driving","p2":"BlastOfiicialYT","format":"[Gen 9] Ubers","log":"|j|\u2606lil bro driving\n|j|\u2606BlastOfiicialYT\n|t:|1700512628\n|gametype|singles\n|player|p1|lil bro driving|petrel|1045\n|player|p2|BlastOfiicialYT|red|1060\n|teamsize|p1|6\n|teamsize|p2|6\n|gen|9\n|tier|[Gen 9] Ubers\n|rated|\n|rule|Sleep Clause Mod: Limit one foe put to sleep\n|rule|Species Clause: Limit one of each Pok\u00e9mon\n|rule|OHKO Clause: OHKO moves are banned\n|rule|Evasion Items Clause: Evasion items are banned\n|rule|Evasion Moves Clause: Evasion moves are banned\n|rule|Endless Battle Clause: Forcing endless battles is banned\n|rule|HP Percentage Mod: HP is shown in percentages\n|clearpoke\n|poke|p1|Iron Bundle|\n|poke|p1|Miraidon|\n|poke|p1|Skeledirge, M|\n|poke|p1|Blissey, F|\n|poke|p1|Arceus|\n|poke|p1|Gliscor, M|\n|poke|p2|Garchomp, M|\n|poke|p2|Roaring Moon|\n|poke|p2|Baxcalibur, F|\n|poke|p2|Kommo-o, M|\n|poke|p2|Dragonite, M|\n|poke|p2|Ribombee, M|\n|teampreview\n|inactive|Battle timer is ON: inactive players will automatically lose when time's up. (requested by lil bro driving)\n|\n|t:|1700512654\n|start\n|switch|p1a: Miraidon|Miraidon|100\/100\n|switch|p2a: Ribombee|Ribombee, M, shiny|100\/100\n|-fieldstart|move: Electric Terrain|[from] ability: Hadron Engine|[of] p1a: Miraidon\n|turn|1\n|\n|t:|1700512666\n|move|p1a: Miraidon|Electro Drift|p2a: Ribombee\n|-enditem|p2a: Ribombee|Focus Sash\n|-damage|p2a: Ribombee|1\/100\n|move|p2a: Ribombee|Sticky Web|p1a: Miraidon\n|-sidestart|p1: lil bro driving|move: Sticky Web\n|\n|upkeep\n|turn|2\n|\n|t:|1700512677\n|move|p1a: Miraidon|Volt Switch|p2a: Ribombee\n|-damage|p2a: Ribombee|0 fnt\n|faint|p2a: Ribombee\n|\n|t:|1700512679\n|switch|p1a: Iron Bundle|Iron Bundle|100\/100|[from] Volt Switch\n|-activate|p1a: Iron Bundle|ability: Quark Drive\n|-start|p1a: Iron Bundle|quarkdrivespe\n|\n|upkeep\n|\n|t:|1700512694\n|switch|p2a: Dragonite|Dragonite, M|100\/100\n|turn|3\n|\n|t:|1700512700\n|move|p1a: Iron Bundle|Ice Beam|p2a: Dragonite\n|-supereffective|p2a: Dragonite\n|-damage|p2a: Dragonite|2\/100\n|-enditem|p2a: Dragonite|Weakness Policy\n|-boost|p2a: Dragonite|atk|2|[from] item: Weakness Policy\n|-boost|p2a: Dragonite|spa|2|[from] item: Weakness Policy\n|move|p2a: Dragonite|Dragon Dance|p2a: Dragonite\n|-boost|p2a: Dragonite|atk|1\n|-boost|p2a: Dragonite|spe|1\n|\n|upkeep\n|turn|4\n|\n|t:|1700512725\n|move|p2a: Dragonite|Extreme Speed|p1a: Iron Bundle\n|-damage|p1a: Iron Bundle|7\/100\n|move|p1a: Iron Bundle|Ice Beam|p2a: Dragonite\n|-supereffective|p2a: Dragonite\n|-damage|p2a: Dragonite|0 fnt\n|faint|p2a: Dragonite\n|\n|upkeep\n|\n|t:|1700512735\n|switch|p2a: Baxcalibur|Baxcalibur, F|100\/100\n|turn|5\n|\n|t:|1700512751\n|-end|p1a: Iron Bundle|Quark Drive|[silent]\n|switch|p1a: Skeledirge|Skeledirge, M|100\/100\n|move|p2a: Baxcalibur|Ice Shard|p1a: Skeledirge\n|-resisted|p1a: Skeledirge\n|-damage|p1a: Skeledirge|92\/100\n|-damage|p2a: Baxcalibur|91\/100|[from] item: Life Orb\n|\n|-fieldend|move: Electric Terrain\n|upkeep\n|turn|6\n|\n|t:|1700512760\n|-terastallize|p2a: Baxcalibur|Fairy\n|-terastallize|p1a: Skeledirge|Fairy\n|move|p2a: Baxcalibur|Glaive Rush|p1a: Skeledirge\n|-immune|p1a: Skeledirge\n|move|p1a: Skeledirge|Torch Song|p2a: Baxcalibur\n|-damage|p2a: Baxcalibur|57\/100\n|-boost|p1a: Skeledirge|spa|1\n|-ability|p2a: Baxcalibur|Thermal Exchange|boost\n|-boost|p2a: Baxcalibur|atk|1\n|\n|upkeep\n|turn|7\n|\n|t:|1700512772\n|move|p2a: Baxcalibur|Icicle Crash|p1a: Skeledirge\n|-damage|p1a: Skeledirge|48\/100\n|-damage|p2a: Baxcalibur|47\/100|[from] item: Life Orb\n|move|p1a: Skeledirge|Torch Song|p2a: Baxcalibur\n|-crit|p2a: Baxcalibur\n|-damage|p2a: Baxcalibur|0 fnt\n|-boost|p1a: Skeledirge|spa|1\n|faint|p2a: Baxcalibur\n|\n|upkeep\n|\n|t:|1700512785\n|switch|p2a: Garchomp|Garchomp, M, shiny|100\/100\n|turn|8\n|\n|t:|1700512793\n|move|p2a: Garchomp|Iron Head|p1a: Skeledirge\n|-supereffective|p1a: Skeledirge\n|-damage|p1a: Skeledirge|1\/100\n|-damage|p2a: Garchomp|91\/100|[from] item: Life Orb\n|move|p1a: Skeledirge|Will-O-Wisp|p2a: Garchomp\n|-status|p2a: Garchomp|brn\n|\n|-damage|p2a: Garchomp|85\/100 brn|[from] brn\n|upkeep\n|turn|9\n|\n|t:|1700512802\n|switch|p1a: Gliscor|Gliscor, M|100\/100\n|move|p2a: Garchomp|Dragon Claw|p1a: Gliscor\n|-damage|p1a: Gliscor|84\/100\n|-damage|p2a: Garchomp|75\/100 brn|[from] item: Life Orb\n|\n|-damage|p2a: Garchomp|69\/100 brn|[from] brn\n|-status|p1a: Gliscor|tox|[from] item: Toxic Orb\n|upkeep\n|turn|10\n|\n|t:|1700512815\n|move|p2a: Garchomp|Dragon Claw|p1a: Gliscor\n|-damage|p1a: Gliscor|68\/100 tox\n|-damage|p2a: Garchomp|59\/100 brn|[from] item: Life Orb\n|move|p1a: Gliscor|Spikes|p2a: Garchomp\n|-sidestart|p2: BlastOfiicialYT|Spikes\n|\n|-heal|p1a: Gliscor|81\/100 tox|[from] ability: Poison Heal\n|-damage|p2a: Garchomp|53\/100 brn|[from] brn\n|upkeep\n|turn|11\n|\n|t:|1700512825\n|move|p2a: Garchomp|Swords Dance|p2a: Garchomp\n|-boost|p2a: Garchomp|atk|2\n|move|p1a: Gliscor|Earthquake|p2a: Garchomp\n|-crit|p2a: Garchomp\n|-damage|p2a: Garchomp|4\/100 brn\n|\n|-heal|p1a: Gliscor|93\/100 tox|[from] ability: Poison Heal\n|-damage|p2a: Garchomp|0 fnt|[from] brn\n|faint|p2a: Garchomp\n|upkeep\n|\n|t:|1700512837\n|switch|p2a: Roaring Moon|Roaring Moon|100\/100\n|-damage|p2a: Roaring Moon|88\/100|[from] Spikes\n|-enditem|p2a: Roaring Moon|Booster Energy\n|-activate|p2a: Roaring Moon|ability: Protosynthesis|[fromitem]\n|-start|p2a: Roaring Moon|protosynthesisatk\n|turn|12\n|\n|t:|1700512848\n|move|p2a: Roaring Moon|Dragon Dance|p2a: Roaring Moon\n|-boost|p2a: Roaring Moon|atk|1\n|-boost|p2a: Roaring Moon|spe|1\n|move|p1a: Gliscor|Earthquake|p2a: Roaring Moon\n|-damage|p2a: Roaring Moon|48\/100\n|\n|-heal|p1a: Gliscor|100\/100 tox|[from] ability: Poison Heal\n|upkeep\n|turn|13\n|\n|t:|1700512858\n|move|p2a: Roaring Moon|Dragon Claw|p1a: Gliscor\n|-damage|p1a: Gliscor|46\/100 tox\n|move|p1a: Gliscor|Earthquake|p2a: Roaring Moon\n|-damage|p2a: Roaring Moon|4\/100\n|\n|-heal|p1a: Gliscor|59\/100 tox|[from] ability: Poison Heal\n|upkeep\n|turn|14\n|\n|t:|1700512867\n|move|p1a: Gliscor|Protect|p1a: Gliscor\n|-singleturn|p1a: Gliscor|Protect\n|move|p2a: Roaring Moon|Dragon Claw|p1a: Gliscor\n|-activate|p1a: Gliscor|move: Protect\n|\n|-heal|p1a: Gliscor|71\/100 tox|[from] ability: Poison Heal\n|upkeep\n|turn|15\n|-message|BlastOfiicialYT forfeited.\n|\n|win|lil bro driving\n|raw|lil bro driving's rating: 1045 &rarr; <strong>1080<\/strong><br \/>(+35 for winning)\n|raw|BlastOfiicialYT's rating: 1060 &rarr; <strong>1040<\/strong><br \/>(-20 for losing)\n|l|\u2606BlastOfiicialYT\n","uploadtime":1700512883,"views":1,"p1id":"lilbrodriving","p2id":"blastofiicialyt","formatid":"gen9ubers","rating":1040,"private":0,"password":""}