{"id":"gen9ubers-1991633869","p1":"skrattywithdafatty","p2":"Misterharout0811","format":"[Gen 9] Ubers","log":"|j|\u2606skrattywithdafatty\n|j|\u2606Misterharout0811\n|t:|1700096583\n|gametype|singles\n|player|p1|skrattywithdafatty|fisherman-gen4|\n|player|p2|Misterharout0811|170|\n|teamsize|p1|6\n|teamsize|p2|6\n|gen|9\n|tier|[Gen 9] Ubers\n|rule|Sleep Clause Mod: Limit one foe put to sleep\n|rule|Species Clause: Limit one of each Pok\u00e9mon\n|rule|OHKO Clause: OHKO moves are banned\n|rule|Evasion Items Clause: Evasion items are banned\n|rule|Evasion Moves Clause: Evasion moves are banned\n|rule|Endless Battle Clause: Forcing endless battles is banned\n|rule|HP Percentage Mod: HP is shown in percentages\n|clearpoke\n|poke|p1|Kingambit, M|\n|poke|p1|Volcanion|\n|poke|p1|Spidops, M|\n|poke|p1|Ursaluna, M|\n|poke|p1|Zapdos|\n|poke|p1|Polteageist-Antique|\n|poke|p2|Regieleki|\n|poke|p2|Garganacl, M|\n|poke|p2|Lilligant-Hisui, F|\n|poke|p2|Charizard, F|\n|poke|p2|Murkrow, F|\n|poke|p2|Mimikyu, M|\n|teampreview\n|inactive|Battle timer is ON: inactive players will automatically lose when time's up. (requested by skrattywithdafatty)\n|j| butter dk\n|\n|t:|1700096601\n|start\n|switch|p1a: Spidops|Spidops, M|100\/100\n|switch|p2a: Mimikyu|Mimikyu, M|100\/100\n|turn|1\n|c| butter dk|gamers\n|c|\u2606skrattywithdafatty|gamers\n|\n|t:|1700096614\n|move|p2a: Mimikyu|Sunny Day|p2a: Mimikyu\n|-weather|SunnyDay\n|move|p1a: Spidops|Sticky Web|p2a: Mimikyu\n|-sidestart|p2: Misterharout0811|move: Sticky Web\n|\n|-weather|SunnyDay|[upkeep]\n|upkeep\n|turn|2\n|c| butter dk|harouts team is insane lmao\n|\n|t:|1700096642\n|switch|p2a: Charizard|Charizard, F|100\/100\n|move|p1a: Spidops|Knock Off|p2a: Charizard\n|-damage|p2a: Charizard|23\/100\n|-enditem|p2a: Charizard|Heavy-Duty Boots|[from] move: Knock Off|[of] p1a: Spidops\n|\n|-weather|SunnyDay|[upkeep]\n|-damage|p2a: Charizard|11\/100|[from] ability: Solar Power|[of] p2a: Charizard\n|upkeep\n|turn|3\n|inactive|Misterharout0811 has 270 seconds left.\n|\n|t:|1700096676\n|move|p2a: Charizard|Fire Blast|p1a: Spidops|[miss]\n|-miss|p2a: Charizard|p1a: Spidops\n|move|p1a: Spidops|Leech Life|p2a: Charizard\n|-resisted|p2a: Charizard\n|-damage|p2a: Charizard|0 fnt\n|faint|p2a: Charizard\n|\n|-weather|SunnyDay|[upkeep]\n|upkeep\n|c| butter dk|blackglasses spidops\n|\n|t:|1700096690\n|switch|p2a: Garganacl|Garganacl, M, shiny|100\/100\n|-activate|p2a: Garganacl|move: Sticky Web\n|-unboost|p2a: Garganacl|spe|1\n|turn|4\n|\n|t:|1700096695\n|move|p1a: Spidops|Knock Off|p2a: Garganacl\n|-damage|p2a: Garganacl|87\/100\n|-enditem|p2a: Garganacl|Leftovers|[from] move: Knock Off|[of] p1a: Spidops\n|move|p2a: Garganacl|Salt Cure|p1a: Spidops\n|-supereffective|p1a: Spidops\n|-damage|p1a: Spidops|70\/100\n|-start|p1a: Spidops|Salt Cure\n|\n|-weather|SunnyDay|[upkeep]\n|-damage|p1a: Spidops|58\/100|[from] Salt Cure\n|upkeep\n|turn|5\n|\n|t:|1700096711\n|switch|p1a: Volcanion|Volcanion|100\/100\n|move|p2a: Garganacl|Recover|p2a: Garganacl\n|-heal|p2a: Garganacl|100\/100\n|\n|-weather|SunnyDay|[upkeep]\n|upkeep\n|turn|6\n|\n|t:|1700096718\n|move|p2a: Garganacl|Protect|p2a: Garganacl\n|-singleturn|p2a: Garganacl|Protect\n|move|p1a: Volcanion|Taunt|p2a: Garganacl\n|-activate|p2a: Garganacl|move: Protect\n|\n|-weather|SunnyDay|[upkeep]\n|upkeep\n|turn|7\n|inactive|Misterharout0811 has 270 seconds left.\n|\n|t:|1700096729\n|switch|p2a: Regieleki|Regieleki, shiny|100\/100\n|-activate|p2a: Regieleki|move: Sticky Web\n|-unboost|p2a: Regieleki|spe|1\n|move|p1a: Volcanion|Taunt|p2a: Regieleki\n|-start|p2a: Regieleki|move: Taunt\n|\n|-weather|SunnyDay|[upkeep]\n|upkeep\n|turn|8\n|inactive|Misterharout0811 has 270 seconds left.\n|\n|t:|1700096739\n|switch|p1a: Ursaluna|Ursaluna, M|100\/100\n|move|p2a: Regieleki|Rapid Spin|p1a: Ursaluna\n|-damage|p1a: Ursaluna|93\/100\n|-boost|p2a: Regieleki|spe|1\n|-sideend|p2: Misterharout0811|Sticky Web|[from] move: Rapid Spin|[of] p2a: Regieleki\n|\n|-weather|none\n|-status|p1a: Ursaluna|brn|[from] item: Flame Orb\n|upkeep\n|turn|9\n|inactive|Misterharout0811 has 270 seconds left.\n|\n|t:|1700096755\n|switch|p2a: Murkrow|Murkrow, F|100\/100\n|move|p1a: Ursaluna|Bulk Up|p1a: Ursaluna\n|-boost|p1a: Ursaluna|atk|1\n|-boost|p1a: Ursaluna|def|1\n|\n|-damage|p1a: Ursaluna|87\/100 brn|[from] brn\n|upkeep\n|turn|10\n|\n|t:|1700096763\n|move|p2a: Murkrow|Haze|p2a: Murkrow\n|-clearallboost\n|move|p1a: Ursaluna|Facade|p2a: Murkrow\n|-damage|p2a: Murkrow|0 fnt\n|faint|p2a: Murkrow\n|\n|-damage|p1a: Ursaluna|81\/100 brn|[from] brn\n|upkeep\n|\n|t:|1700096772\n|switch|p2a: Lilligant|Lilligant-Hisui, F|100\/100\n|turn|11\n|c| butter dk|o7\n|inactive|Misterharout0811 has 270 seconds left.\n|\n|t:|1700096795\n|switch|p1a: Spidops|Spidops, M|58\/100\n|move|p2a: Lilligant|Giga Drain|p1a: Spidops\n|-resisted|p1a: Spidops\n|-damage|p1a: Spidops|48\/100\n|-damage|p2a: Lilligant|91\/100|[from] item: Life Orb\n|\n|upkeep\n|turn|12\n|\n|t:|1700096803\n|move|p1a: Spidops|First Impression|p2a: Lilligant\n|-damage|p2a: Lilligant|30\/100\n|move|p2a: Lilligant|Victory Dance|p2a: Lilligant\n|-boost|p2a: Lilligant|atk|1\n|-boost|p2a: Lilligant|def|1\n|-boost|p2a: Lilligant|spe|1\n|\n|upkeep\n|turn|13\n|\n|t:|1700096810\n|move|p2a: Lilligant|Close Combat|p1a: Spidops\n|-resisted|p1a: Spidops\n|-damage|p1a: Spidops|0 fnt\n|-unboost|p2a: Lilligant|def|1\n|-unboost|p2a: Lilligant|spd|1\n|faint|p1a: Spidops\n|-damage|p2a: Lilligant|20\/100|[from] item: Life Orb\n|\n|upkeep\n|\n|t:|1700096818\n|switch|p1a: Polteageist|Polteageist-Antique|100\/100\n|turn|14\n|inactive|Misterharout0811 has 270 seconds left.\n|\n|t:|1700096833\n|move|p2a: Lilligant|Giga Drain|p1a: Polteageist\n|-damage|p1a: Polteageist|81\/100\n|-heal|p2a: Lilligant|29\/100|[from] drain|[of] p1a: Polteageist\n|-damage|p2a: Lilligant|19\/100|[from] item: Life Orb\n|move|p1a: Polteageist|Substitute|p1a: Polteageist\n|-start|p1a: Polteageist|Substitute\n|-damage|p1a: Polteageist|56\/100\n|\n|upkeep\n|turn|15\n|inactive|Misterharout0811 has 270 seconds left.\n|\n|t:|1700096844\n|switch|p2a: Garganacl|Garganacl, M, shiny|100\/100\n|move|p1a: Polteageist|Shell Smash|p1a: Polteageist\n|-unboost|p1a: Polteageist|def|1\n|-unboost|p1a: Polteageist|spd|1\n|-boost|p1a: Polteageist|atk|2\n|-boost|p1a: Polteageist|spa|2\n|-boost|p1a: Polteageist|spe|2\n|-enditem|p1a: Polteageist|White Herb\n|-clearnegativeboost|p1a: Polteageist|[silent]\n|\n|upkeep\n|turn|16\n|\n|t:|1700096853\n|move|p1a: Polteageist|Giga Drain|p2a: Garganacl\n|-supereffective|p2a: Garganacl\n|-damage|p2a: Garganacl|0 fnt\n|-heal|p1a: Polteageist|100\/100|[from] drain|[of] p2a: Garganacl\n|faint|p2a: Garganacl\n|\n|upkeep\n|\n|t:|1700096861\n|switch|p2a: Regieleki|Regieleki, shiny|100\/100\n|turn|17\n|\n|t:|1700096873\n|move|p2a: Regieleki|Electro Ball|p1a: Polteageist\n|-end|p1a: Polteageist|Substitute\n|move|p1a: Polteageist|Shell Smash|p1a: Polteageist\n|-unboost|p1a: Polteageist|def|1\n|-unboost|p1a: Polteageist|spd|1\n|-boost|p1a: Polteageist|atk|2\n|-boost|p1a: Polteageist|spa|2\n|-boost|p1a: Polteageist|spe|2\n|\n|upkeep\n|turn|18\n|\n|t:|1700096881\n|move|p1a: Polteageist|Stored Power|p2a: Regieleki\n|-damage|p2a: Regieleki|0 fnt\n|faint|p2a: Regieleki\n|\n|upkeep\n|\n|t:|1700096886\n|switch|p2a: Mimikyu|Mimikyu, M|100\/100\n|turn|19\n|\n|t:|1700096891\n|move|p2a: Mimikyu|Shadow Sneak|p1a: Polteageist\n|-supereffective|p1a: Polteageist\n|-damage|p1a: Polteageist|36\/100\n|-ability|p1a: Polteageist|Weak Armor|boost\n|-unboost|p1a: Polteageist|def|1\n|-boost|p1a: Polteageist|spe|2\n|move|p1a: Polteageist|Substitute|p1a: Polteageist\n|-start|p1a: Polteageist|Substitute\n|-damage|p1a: Polteageist|11\/100\n|\n|upkeep\n|turn|20\n|\n|t:|1700096904\n|move|p1a: Polteageist|Giga Drain|p2a: Mimikyu\n|-activate|p2a: Mimikyu|ability: Disguise\n|-damage|p2a: Mimikyu|100\/100\n|detailschange|p2a: Mimikyu|Mimikyu-Busted, M\n|-damage|p2a: Mimikyu|88\/100|[from] pokemon: Mimikyu-Busted\n|move|p2a: Mimikyu|Trick Room|p2a: Mimikyu\n|-fieldstart|move: Trick Room|[of] p2a: Mimikyu\n|\n|upkeep\n|turn|21\n|\n|t:|1700096911\n|move|p2a: Mimikyu|Shadow Sneak|p1a: Polteageist\n|-supereffective|p1a: Polteageist\n|-end|p1a: Polteageist|Substitute\n|move|p1a: Polteageist|Giga Drain|p2a: Mimikyu\n|-damage|p2a: Mimikyu|10\/100\n|-heal|p1a: Polteageist|58\/100|[from] drain|[of] p2a: Mimikyu\n|\n|upkeep\n|turn|22\n|\n|t:|1700096918\n|move|p2a: Mimikyu|Play Rough|p1a: Polteageist\n|-damage|p1a: Polteageist|0 fnt\n|faint|p1a: Polteageist\n|\n|upkeep\n|\n|t:|1700096930\n|switch|p1a: Ursaluna|Ursaluna, M|81\/100 brn\n|turn|23\n|\n|t:|1700096936\n|move|p1a: Ursaluna|Headlong Rush|p2a: Mimikyu\n|-damage|p2a: Mimikyu|0 fnt\n|-unboost|p1a: Ursaluna|def|1\n|-unboost|p1a: Ursaluna|spd|1\n|faint|p2a: Mimikyu\n|\n|-damage|p1a: Ursaluna|75\/100 brn|[from] brn\n|upkeep\n|\n|t:|1700096942\n|switch|p2a: Lilligant|Lilligant-Hisui, F|19\/100\n|turn|24\n|\n|t:|1700096947\n|move|p1a: Ursaluna|Fire Punch|p2a: Lilligant\n|-supereffective|p2a: Lilligant\n|-damage|p2a: Lilligant|0 fnt\n|faint|p2a: Lilligant\n|\n|win|skrattywithdafatty\n|c|\u2606Misterharout0811|gg\n|c|\u2606skrattywithdafatty|gg\n","uploadtime":1700096957,"views":36,"p1id":"skrattywithdafatty","p2id":"misterharout0811","formatid":"gen9ubers","rating":0,"private":0,"password":""}