{"id":"gen9ubers-1983967305","p1":"Vincent RPPLF","p2":"Tiammat rpplf","format":"[Gen 9] Ubers","log":"|j|\u2606Vincent RPPLF\n|j|\u2606Tiammat rpplf\n|t:|1699205072\n|gametype|singles\n|player|p1|Vincent RPPLF|cyrus|\n|player|p2|Tiammat rpplf|heroine-conquest|\n|teamsize|p1|6\n|teamsize|p2|6\n|gen|9\n|tier|[Gen 9] Ubers\n|rule|Sleep Clause Mod: Limit one foe put to sleep\n|rule|Species Clause: Limit one of each Pok\u00e9mon\n|rule|OHKO Clause: OHKO moves are banned\n|rule|Evasion Items Clause: Evasion items are banned\n|rule|Evasion Moves Clause: Evasion moves are banned\n|rule|Endless Battle Clause: Forcing endless battles is banned\n|rule|HP Percentage Mod: HP is shown in percentages\n|clearpoke\n|poke|p1|Ting-Lu|\n|poke|p1|Slowking-Galar, M|\n|poke|p1|Ursaluna, F|\n|poke|p1|Cinderace, F|\n|poke|p1|Dragonite, F|\n|poke|p1|Gholdengo|\n|poke|p2|Mandibuzz, F|\n|poke|p2|Conkeldurr, F|\n|poke|p2|Slowking-Galar, F|\n|poke|p2|Rillaboom, F|\n|poke|p2|Heatran, F|\n|poke|p2|Weavile, F|\n|teampreview\n|\n|t:|1699205123\n|start\n|switch|p1a: Cinderace|Cinderace, F|100\/100\n|switch|p2a: Heatran|Heatran, F|100\/100\n|turn|1\n|j| Sipxk\n|l| Sipxk\n|\n|t:|1699205144\n|move|p1a: Cinderace|U-turn|p2a: Heatran\n|-resisted|p2a: Heatran\n|-damage|p2a: Heatran|95\/100\n|\n|t:|1699205146\n|switch|p1a: Ting-Lu|Ting-Lu|100\/100|[from] U-turn\n|-ability|p1a: Ting-Lu|Vessel of Ruin\n|move|p2a: Heatran|Stealth Rock|p1a: Ting-Lu\n|-sidestart|p1: Vincent RPPLF|move: Stealth Rock\n|\n|-heal|p2a: Heatran|100\/100|[from] item: Leftovers\n|upkeep\n|turn|2\n|\n|t:|1699205157\n|switch|p2a: Conkeldurr|Conkeldurr, F|100\/100\n|move|p1a: Ting-Lu|Stealth Rock|p2a: Conkeldurr\n|-sidestart|p2: Tiammat rpplf|move: Stealth Rock\n|\n|-status|p2a: Conkeldurr|brn|[from] item: Flame Orb\n|upkeep\n|turn|3\n|\n|t:|1699205189\n|move|p1a: Ting-Lu|Earthquake|p2a: Conkeldurr\n|-damage|p2a: Conkeldurr|69\/100 brn\n|move|p2a: Conkeldurr|Knock Off|p1a: Ting-Lu\n|-resisted|p1a: Ting-Lu\n|-damage|p1a: Ting-Lu|85\/100\n|-enditem|p1a: Ting-Lu|Leftovers|[from] move: Knock Off|[of] p2a: Conkeldurr\n|\n|-damage|p2a: Conkeldurr|63\/100 brn|[from] brn\n|upkeep\n|turn|4\n|\n|t:|1699205223\n|move|p2a: Conkeldurr|Knock Off|p1a: Ting-Lu\n|-resisted|p1a: Ting-Lu\n|-damage|p1a: Ting-Lu|75\/100\n|move|p1a: Ting-Lu|Earthquake|p2a: Conkeldurr\n|-crit|p2a: Conkeldurr\n|-damage|p2a: Conkeldurr|15\/100 brn\n|\n|-damage|p2a: Conkeldurr|8\/100 brn|[from] brn\n|upkeep\n|turn|5\n|\n|t:|1699205244\n|move|p2a: Conkeldurr|Knock Off|p1a: Ting-Lu\n|-resisted|p1a: Ting-Lu\n|-damage|p1a: Ting-Lu|65\/100\n|move|p1a: Ting-Lu|Earthquake|p2a: Conkeldurr\n|-damage|p2a: Conkeldurr|0 fnt\n|faint|p2a: Conkeldurr\n|\n|upkeep\n|-message|Tiammat rpplf forfeited.\n|\n|win|Vincent RPPLF\n|l|\u2606Tiammat rpplf\n","uploadtime":1699205484,"views":7,"p1id":"vincentrpplf","p2id":"tiammatrpplf","formatid":"gen9ubers","rating":0,"private":0,"password":""}