{"id":"gen9ubers-1987233814","p1":"BigfootBender","p2":"actualonion","format":"[Gen 9] Ubers","log":"|j|\u2606BigfootBender\n|j|\u2606actualonion\n|t:|1699567816\n|gametype|singles\n|player|p1|BigfootBender|rocketgruntf|1241\n|player|p2|actualonion|allister|1393\n|teamsize|p1|6\n|teamsize|p2|6\n|gen|9\n|tier|[Gen 9] Ubers\n|rated|\n|rule|Sleep Clause Mod: Limit one foe put to sleep\n|rule|Species Clause: Limit one of each Pok\u00e9mon\n|rule|OHKO Clause: OHKO moves are banned\n|rule|Evasion Items Clause: Evasion items are banned\n|rule|Evasion Moves Clause: Evasion moves are banned\n|rule|Endless Battle Clause: Forcing endless battles is banned\n|rule|HP Percentage Mod: HP is shown in percentages\n|clearpoke\n|poke|p1|Palafin, F|\n|poke|p1|Kyogre|\n|poke|p1|Cyclizar, M|\n|poke|p1|Basculegion, M|\n|poke|p1|Arceus-Ice|\n|poke|p1|Quagsire, M|\n|poke|p2|Miraidon|\n|poke|p2|Arceus|\n|poke|p2|Calyrex-Ice|\n|poke|p2|Kyogre|\n|poke|p2|Landorus-Therian, M|\n|poke|p2|Ting-Lu|\n|teampreview\n|\n|t:|1699567830\n|start\n|switch|p1a: Palafin|Palafin, F|100\/100\n|switch|p2a: Landorus|Landorus-Therian, M|100\/100\n|-ability|p2a: Landorus|Intimidate|boost\n|-unboost|p1a: Palafin|atk|1\n|turn|1\n|\n|t:|1699567836\n|move|p1a: Palafin|Flip Turn|p2a: Landorus\n|-supereffective|p2a: Landorus\n|-damage|p2a: Landorus|68\/100\n|-damage|p1a: Palafin|84\/100|[from] item: Rocky Helmet|[of] p2a: Landorus\n|\n|t:|1699567843\n|detailschange|p1a: Palafin|Palafin-Hero, F\n|switch|p1a: Kyogre|Kyogre|100\/100|[from] Flip Turn\n|-weather|RainDance|[from] ability: Drizzle|[of] p1a: Kyogre\n|move|p2a: Landorus|Stealth Rock|p1a: Kyogre\n|-sidestart|p1: BigfootBender|move: Stealth Rock\n|\n|-weather|RainDance|[upkeep]\n|upkeep\n|turn|2\n|\n|t:|1699567854\n|switch|p2a: Miraidon|Miraidon|100\/100\n|-fieldstart|move: Electric Terrain|[from] ability: Hadron Engine|[of] p2a: Miraidon\n|move|p1a: Kyogre|Calm Mind|p1a: Kyogre\n|-boost|p1a: Kyogre|spa|1\n|-boost|p1a: Kyogre|spd|1\n|\n|-weather|RainDance|[upkeep]\n|upkeep\n|turn|3\n|\n|t:|1699567863\n|-terastallize|p1a: Kyogre|Electric\n|move|p2a: Miraidon|Calm Mind|p2a: Miraidon\n|-boost|p2a: Miraidon|spa|1\n|-boost|p2a: Miraidon|spd|1\n|move|p1a: Kyogre|Blizzard|p2a: Miraidon|[miss]\n|-miss|p1a: Kyogre|p2a: Miraidon\n|\n|-weather|RainDance|[upkeep]\n|upkeep\n|turn|4\n|\n|t:|1699567885\n|move|p2a: Miraidon|Calm Mind|p2a: Miraidon\n|-boost|p2a: Miraidon|spa|1\n|-boost|p2a: Miraidon|spd|1\n|move|p1a: Kyogre|Blizzard|p2a: Miraidon\n|-supereffective|p2a: Miraidon\n|-damage|p2a: Miraidon|49\/100\n|\n|-weather|RainDance|[upkeep]\n|upkeep\n|turn|5\n|\n|t:|1699567892\n|move|p2a: Miraidon|Draco Meteor|p1a: Kyogre|[miss]\n|-miss|p2a: Miraidon|p1a: Kyogre\n|move|p1a: Kyogre|Calm Mind|p1a: Kyogre\n|-boost|p1a: Kyogre|spa|1\n|-boost|p1a: Kyogre|spd|1\n|\n|-weather|none\n|upkeep\n|turn|6\n|\n|t:|1699567899\n|move|p2a: Miraidon|Draco Meteor|p1a: Kyogre\n|-damage|p1a: Kyogre|53\/100\n|-unboost|p2a: Miraidon|spa|2\n|move|p1a: Kyogre|Blizzard|p2a: Miraidon|[miss]\n|-miss|p1a: Kyogre|p2a: Miraidon\n|\n|-heal|p1a: Kyogre|60\/100|[from] item: Leftovers\n|-fieldend|move: Electric Terrain\n|upkeep\n|turn|7\n|\n|t:|1699567907\n|move|p2a: Miraidon|Taunt|p1a: Kyogre\n|-start|p1a: Kyogre|move: Taunt\n|cant|p1a: Kyogre|move: Taunt|Calm Mind\n|\n|-heal|p1a: Kyogre|66\/100|[from] item: Leftovers\n|upkeep\n|turn|8\n|\n|t:|1699567913\n|move|p2a: Miraidon|Calm Mind|p2a: Miraidon\n|-boost|p2a: Miraidon|spa|1\n|-boost|p2a: Miraidon|spd|1\n|move|p1a: Kyogre|Blizzard|p2a: Miraidon\n|-supereffective|p2a: Miraidon\n|-damage|p2a: Miraidon|0 fnt\n|faint|p2a: Miraidon\n|\n|-heal|p1a: Kyogre|72\/100|[from] item: Leftovers\n|upkeep\n|\n|t:|1699567928\n|switch|p2a: Landorus|Landorus-Therian, M|68\/100\n|-ability|p2a: Landorus|Intimidate|boost\n|-unboost|p1a: Kyogre|atk|1\n|turn|9\n|\n|t:|1699567932\n|move|p2a: Landorus|Earthquake|p1a: Kyogre\n|-supereffective|p1a: Kyogre\n|-damage|p1a: Kyogre|0 fnt\n|faint|p1a: Kyogre\n|\n|upkeep\n|\n|t:|1699567940\n|switch|p1a: Cyclizar|Cyclizar, M|100\/100\n|turn|10\n|\n|t:|1699567945\n|move|p1a: Cyclizar|Rapid Spin|p2a: Landorus\n|-damage|p2a: Landorus|56\/100\n|-boost|p1a: Cyclizar|spe|1\n|-damage|p1a: Cyclizar|84\/100|[from] item: Rocky Helmet|[of] p2a: Landorus\n|-sideend|p1: BigfootBender|Stealth Rock|[from] move: Rapid Spin|[of] p1a: Cyclizar\n|move|p2a: Landorus|U-turn|p1a: Cyclizar\n|-damage|p1a: Cyclizar|53\/100\n|\n|t:|1699567957\n|switch|p2a: Arceus|Arceus|100\/100|[from] U-turn\n|\n|upkeep\n|turn|11\n|\n|t:|1699567963\n|switch|p1a: Basculegion|Basculegion, M|100\/100\n|move|p2a: Arceus|Extreme Speed|p1a: Basculegion\n|-immune|p1a: Basculegion\n|\n|upkeep\n|turn|12\n|\n|t:|1699567986\n|switch|p2a: Kyogre|Kyogre|100\/100\n|-weather|RainDance|[from] ability: Drizzle|[of] p2a: Kyogre\n|move|p1a: Basculegion|Flip Turn|p2a: Kyogre\n|-resisted|p2a: Kyogre\n|-damage|p2a: Kyogre|82\/100\n|\n|t:|1699567996\n|switch|p1a: Quagsire|Quagsire, M|100\/100|[from] Flip Turn\n|\n|-weather|RainDance|[upkeep]\n|upkeep\n|turn|13\n|\n|t:|1699568004\n|move|p2a: Kyogre|Surf|p1a: Quagsire\n|-damage|p1a: Quagsire|20\/100\n|move|p1a: Quagsire|Toxic|p2a: Kyogre\n|-status|p2a: Kyogre|tox\n|\n|-weather|RainDance|[upkeep]\n|-heal|p1a: Quagsire|26\/100|[from] item: Leftovers\n|-damage|p2a: Kyogre|76\/100 tox|[from] psn\n|upkeep\n|turn|14\n|\n|t:|1699568020\n|switch|p1a: Cyclizar|Cyclizar, M|86\/100\n|move|p2a: Kyogre|Ice Beam|p1a: Cyclizar\n|-supereffective|p1a: Cyclizar\n|-damage|p1a: Cyclizar|0 fnt\n|faint|p1a: Cyclizar\n|\n|-weather|RainDance|[upkeep]\n|-damage|p2a: Kyogre|64\/100 tox|[from] psn\n|upkeep\n|\n|t:|1699568029\n|switch|p1a: Palafin|Palafin-Hero, F|84\/100\n|-activate|p1a: Palafin|ability: Zero to Hero\n|turn|15\n|\n|t:|1699568038\n|move|p1a: Palafin|Drain Punch|p2a: Kyogre\n|-damage|p2a: Kyogre|31\/100 tox\n|-heal|p1a: Palafin|100\/100|[from] drain|[of] p2a: Kyogre\n|move|p2a: Kyogre|Thunder Wave|p1a: Palafin\n|-status|p1a: Palafin|par\n|\n|-weather|RainDance|[upkeep]\n|-damage|p2a: Kyogre|13\/100 tox|[from] psn\n|upkeep\n|turn|16\n|\n|t:|1699568047\n|move|p2a: Kyogre|Surf|p1a: Palafin\n|-resisted|p1a: Palafin\n|-damage|p1a: Palafin|63\/100 par\n|cant|p1a: Palafin|par\n|\n|-weather|none\n|-damage|p2a: Kyogre|0 fnt|[from] psn\n|faint|p2a: Kyogre\n|upkeep\n|\n|t:|1699568057\n|switch|p2a: Arceus|Arceus|100\/100\n|turn|17\n|\n|t:|1699568062\n|switch|p1a: Quagsire|Quagsire, M|26\/100\n|-terastallize|p2a: Arceus|Ghost\n|move|p2a: Arceus|Swords Dance|p2a: Arceus\n|-boost|p2a: Arceus|atk|2\n|\n|-heal|p1a: Quagsire|32\/100|[from] item: Leftovers\n|upkeep\n|turn|18\n|\n|t:|1699568072\n|move|p2a: Arceus|Taunt|p1a: Quagsire\n|-start|p1a: Quagsire|move: Taunt\n|cant|p1a: Quagsire|move: Taunt|Recover\n|\n|-heal|p1a: Quagsire|38\/100|[from] item: Leftovers\n|upkeep\n|turn|19\n|\n|t:|1699568078\n|move|p2a: Arceus|Extreme Speed|p1a: Quagsire\n|-crit|p1a: Quagsire\n|-damage|p1a: Quagsire|0 fnt\n|faint|p1a: Quagsire\n|\n|upkeep\n|\n|t:|1699568086\n|switch|p1a: Basculegion|Basculegion, M|100\/100\n|turn|20\n|\n|t:|1699568096\n|switch|p2a: Ting-Lu|Ting-Lu|100\/100\n|-ability|p2a: Ting-Lu|Vessel of Ruin\n|move|p1a: Basculegion|Last Respects|p2a: Ting-Lu\n|-resisted|p2a: Ting-Lu\n|-damage|p2a: Ting-Lu|65\/100\n|\n|-heal|p2a: Ting-Lu|71\/100|[from] item: Leftovers\n|upkeep\n|turn|21\n|\n|t:|1699568107\n|switch|p1a: Palafin|Palafin-Hero, F|63\/100 par\n|move|p2a: Ting-Lu|Spikes|p1a: Palafin\n|-sidestart|p1: BigfootBender|Spikes\n|\n|-heal|p2a: Ting-Lu|78\/100|[from] item: Leftovers\n|upkeep\n|turn|22\n|\n|t:|1699568114\n|switch|p2a: Arceus|Arceus, tera:Ghost|100\/100\n|move|p1a: Palafin|Jet Punch|p2a: Arceus\n|-damage|p2a: Arceus|57\/100\n|\n|upkeep\n|turn|23\n|\n|t:|1699568121\n|move|p1a: Palafin|Jet Punch|p2a: Arceus\n|-damage|p2a: Arceus|13\/100\n|move|p2a: Arceus|Shadow Claw|p1a: Palafin\n|-damage|p1a: Palafin|22\/100 par\n|\n|upkeep\n|turn|24\n|\n|t:|1699568127\n|move|p2a: Arceus|Extreme Speed|p1a: Palafin\n|-damage|p1a: Palafin|0 fnt\n|faint|p1a: Palafin\n|\n|upkeep\n|\n|t:|1699568132\n|switch|p1a: Basculegion|Basculegion, M|100\/100\n|-damage|p1a: Basculegion|88\/100|[from] Spikes\n|turn|25\n|\n|t:|1699568141\n|move|p1a: Basculegion|Flip Turn|p2a: Arceus\n|-damage|p2a: Arceus|0 fnt\n|faint|p2a: Arceus\n|\n|t:|1699568144\n|switch|p1a: Arceus|Arceus-Ice|100\/100|[from] Flip Turn\n|-damage|p1a: Arceus|88\/100|[from] Spikes\n|\n|upkeep\n|\n|t:|1699568169\n|switch|p2a: Calyrex|Calyrex-Ice|100\/100\n|-ability|p2a: Calyrex|As One\n|-ability|p2a: Calyrex|Unnerve\n|turn|26\n|\n|t:|1699568181\n|move|p1a: Arceus|Calm Mind|p1a: Arceus\n|-boost|p1a: Arceus|spa|1\n|-boost|p1a: Arceus|spd|1\n|move|p2a: Calyrex|Trick Room|p2a: Calyrex\n|-fieldstart|move: Trick Room|[of] p2a: Calyrex\n|\n|upkeep\n|turn|27\n|\n|t:|1699568189\n|move|p2a: Calyrex|Swords Dance|p2a: Calyrex\n|-boost|p2a: Calyrex|atk|2\n|move|p1a: Arceus|Earth Power|p2a: Calyrex\n|-damage|p2a: Calyrex|77\/100\n|\n|upkeep\n|turn|28\n|\n|t:|1699568195\n|move|p2a: Calyrex|Swords Dance|p2a: Calyrex\n|-boost|p2a: Calyrex|atk|2\n|move|p1a: Arceus|Earth Power|p2a: Calyrex\n|-damage|p2a: Calyrex|50\/100\n|\n|upkeep\n|turn|29\n|\n|t:|1699568203\n|move|p2a: Calyrex|Glacial Lance|p1a: Arceus\n|-resisted|p1a: Arceus\n|-damage|p1a: Arceus|14\/100\n|move|p1a: Arceus|Earth Power|p2a: Calyrex\n|-damage|p2a: Calyrex|24\/100\n|\n|upkeep\n|turn|30\n|\n|t:|1699568211\n|move|p2a: Calyrex|Glacial Lance|p1a: Arceus\n|-resisted|p1a: Arceus\n|-damage|p1a: Arceus|0 fnt\n|faint|p1a: Arceus\n|-ability|p2a: Calyrex|Chilling Neigh|boost\n|-boost|p2a: Calyrex|atk|1\n|\n|-fieldend|move: Trick Room\n|upkeep\n|\n|t:|1699568217\n|switch|p1a: Basculegion|Basculegion, M|88\/100\n|-damage|p1a: Basculegion|76\/100|[from] Spikes\n|turn|31\n|\n|t:|1699568223\n|move|p1a: Basculegion|Wave Crash|p2a: Calyrex\n|-damage|p2a: Calyrex|0 fnt\n|faint|p2a: Calyrex\n|-damage|p1a: Basculegion|68\/100|[from] Recoil\n|\n|upkeep\n|\n|t:|1699568228\n|switch|p2a: Landorus|Landorus-Therian, M|56\/100\n|-ability|p2a: Landorus|Intimidate|boost\n|-unboost|p1a: Basculegion|atk|1\n|turn|32\n|\n|t:|1699568236\n|switch|p2a: Ting-Lu|Ting-Lu|78\/100\n|-ability|p2a: Ting-Lu|Vessel of Ruin\n|move|p1a: Basculegion|Wave Crash|p2a: Ting-Lu\n|-supereffective|p2a: Ting-Lu\n|-damage|p2a: Ting-Lu|27\/100\n|-damage|p1a: Basculegion|45\/100|[from] Recoil\n|\n|-heal|p2a: Ting-Lu|33\/100|[from] item: Leftovers\n|upkeep\n|turn|33\n|c|\u2606BigfootBender|gg :3\n|\n|t:|1699568279\n|move|p1a: Basculegion|Wave Crash|p2a: Ting-Lu\n|-supereffective|p2a: Ting-Lu\n|-damage|p2a: Ting-Lu|0 fnt\n|faint|p2a: Ting-Lu\n|-damage|p1a: Basculegion|31\/100|[from] Recoil\n|\n|upkeep\n|\n|t:|1699568284\n|switch|p2a: Landorus|Landorus-Therian, M|56\/100\n|-ability|p2a: Landorus|Intimidate|boost\n|-unboost|p1a: Basculegion|atk|1\n|turn|34\n|\n|t:|1699568288\n|move|p1a: Basculegion|Wave Crash|p2a: Landorus\n|-supereffective|p2a: Landorus\n|-damage|p2a: Landorus|3\/100\n|-damage|p1a: Basculegion|14\/100|[from] item: Rocky Helmet|[of] p2a: Landorus\n|-damage|p1a: Basculegion|0 fnt|[from] Recoil\n|faint|p1a: Basculegion\n|\n|win|actualonion\n|raw|BigfootBender's rating: 1241 &rarr; <strong>1226<\/strong><br \/>(-15 for losing)\n|raw|actualonion's rating: 1393 &rarr; <strong>1405<\/strong><br \/>(+12 for winning)\n|l|\u2606BigfootBender\n|c|\u2606actualonion|gg :3\n","uploadtime":1699568314,"views":9,"p1id":"bigfootbender","p2id":"actualonion","formatid":"gen9ubers","rating":1226,"private":0,"password":""}