{"id":"gen9ubers-1992515273","p1":"red1998poke","p2":"The_Bonger","format":"[Gen 9] Ubers","log":"|j|\u2606red1998poke\n|j|\u2606The_Bonger\n|t:|1700197909\n|gametype|singles\n|player|p1|red1998poke|102|1013\n|player|p2|The_Bonger|n|1017\n|teamsize|p1|6\n|teamsize|p2|6\n|gen|9\n|tier|[Gen 9] Ubers\n|rated|\n|rule|Sleep Clause Mod: Limit one foe put to sleep\n|rule|Species Clause: Limit one of each Pok\u00e9mon\n|rule|OHKO Clause: OHKO moves are banned\n|rule|Evasion Items Clause: Evasion items are banned\n|rule|Evasion Moves Clause: Evasion moves are banned\n|rule|Endless Battle Clause: Forcing endless battles is banned\n|rule|HP Percentage Mod: HP is shown in percentages\n|clearpoke\n|poke|p1|Dunsparce, F|\n|poke|p1|Gliscor, F|\n|poke|p1|Glimmora, F|\n|poke|p1|Gyarados, M|\n|poke|p1|Enamorus-Therian, F|\n|poke|p1|Cinderace, M|\n|poke|p2|Gliscor, M|\n|poke|p2|Koraidon|\n|poke|p2|Flutter Mane|\n|poke|p2|Chi-Yu|\n|poke|p2|Alomomola, M|\n|poke|p2|Sneasler, M|\n|teampreview\n|\n|t:|1700197915\n|start\n|switch|p1a: Glimmora|Glimmora, F|100\/100\n|switch|p2a: Funko Pop|Gliscor, M|100\/100\n|turn|1\n|\n|t:|1700197922\n|move|p1a: Glimmora|Stealth Rock|p2a: Funko Pop\n|-sidestart|p2: The_Bonger|move: Stealth Rock\n|move|p2a: Funko Pop|Stealth Rock|p1a: Glimmora\n|-sidestart|p1: red1998poke|move: Stealth Rock\n|\n|-status|p2a: Funko Pop|tox|[from] item: Toxic Orb\n|upkeep\n|turn|2\n|\n|t:|1700197943\n|switch|p2a: Skrillex|Flutter Mane|100\/100\n|-damage|p2a: Skrillex|88\/100|[from] Stealth Rock\n|move|p1a: Glimmora|Power Gem|p2a: Skrillex\n|-damage|p2a: Skrillex|40\/100\n|\n|upkeep\n|turn|3\n|\n|t:|1700197955\n|move|p2a: Skrillex|Mystical Fire|p1a: Glimmora\n|-resisted|p1a: Glimmora\n|-damage|p1a: Glimmora|74\/100\n|-unboost|p1a: Glimmora|spa|1\n|move|p1a: Glimmora|Power Gem|p2a: Skrillex\n|-damage|p2a: Skrillex|5\/100\n|\n|upkeep\n|turn|4\n|\n|t:|1700197963\n|move|p2a: Skrillex|Mystical Fire|p1a: Glimmora\n|-resisted|p1a: Glimmora\n|-damage|p1a: Glimmora|49\/100\n|-unboost|p1a: Glimmora|spa|1\n|move|p1a: Glimmora|Power Gem|p2a: Skrillex\n|-damage|p2a: Skrillex|0 fnt\n|faint|p2a: Skrillex\n|-end|p2a: Skrillex|Protosynthesis|[silent]\n|\n|upkeep\n|\n|t:|1700197969\n|switch|p2a: Tree F*cker|Chi-Yu|100\/100\n|-damage|p2a: Tree F*cker|76\/100|[from] Stealth Rock\n|-ability|p2a: Tree F*cker|Beads of Ruin\n|turn|5\n|\n|t:|1700197975\n|move|p2a: Tree F*cker|Nasty Plot|p2a: Tree F*cker\n|-boost|p2a: Tree F*cker|spa|2\n|move|p1a: Glimmora|Power Gem|p2a: Tree F*cker\n|-supereffective|p2a: Tree F*cker\n|-damage|p2a: Tree F*cker|21\/100\n|\n|upkeep\n|turn|6\n|\n|t:|1700197984\n|move|p2a: Tree F*cker|Psychic|p1a: Glimmora\n|-supereffective|p1a: Glimmora\n|-damage|p1a: Glimmora|0 fnt\n|faint|p1a: Glimmora\n|-damage|p2a: Tree F*cker|11\/100|[from] item: Life Orb\n|\n|upkeep\n|\n|t:|1700197998\n|switch|p1a: Cinderace|Cinderace, M|100\/100\n|turn|7\n|\n|t:|1700198005\n|move|p1a: Cinderace|Sucker Punch|p2a: Tree F*cker\n|-start|p1a: Cinderace|typechange|Dark|[from] ability: Libero\n|-resisted|p2a: Tree F*cker\n|-damage|p2a: Tree F*cker|0 fnt\n|faint|p2a: Tree F*cker\n|\n|upkeep\n|\n|t:|1700198012\n|switch|p2a: Lingo|Koraidon|100\/100\n|-damage|p2a: Lingo|94\/100|[from] Stealth Rock\n|-weather|SunnyDay|[from] ability: Orichalcum Pulse|[of] p2a: Lingo\n|-activate|p2a: Lingo|Orichalcum Pulse|[source]\n|turn|8\n|\n|t:|1700198024\n|switch|p1a: Gliscor|Gliscor, F|100\/100\n|-damage|p1a: Gliscor|88\/100|[from] Stealth Rock\n|move|p2a: Lingo|Collision Course|p1a: Gliscor\n|-resisted|p1a: Gliscor\n|-damage|p1a: Gliscor|69\/100\n|\n|-weather|SunnyDay|[upkeep]\n|-status|p1a: Gliscor|tox|[from] item: Toxic Orb\n|upkeep\n|turn|9\n|\n|t:|1700198043\n|move|p2a: Lingo|Draco Meteor|p1a: Gliscor\n|-damage|p1a: Gliscor|23\/100 tox\n|-unboost|p2a: Lingo|spa|2\n|move|p1a: Gliscor|Knock Off|p2a: Lingo\n|-resisted|p2a: Lingo\n|-damage|p2a: Lingo|84\/100\n|-enditem|p2a: Lingo|Assault Vest|[from] move: Knock Off|[of] p1a: Gliscor\n|\n|-weather|SunnyDay|[upkeep]\n|-heal|p1a: Gliscor|36\/100 tox|[from] ability: Poison Heal\n|upkeep\n|turn|10\n|\n|t:|1700198060\n|move|p1a: Gliscor|Protect|p1a: Gliscor\n|-singleturn|p1a: Gliscor|Protect\n|move|p2a: Lingo|Fire Fang|p1a: Gliscor\n|-activate|p1a: Gliscor|move: Protect\n|\n|-weather|SunnyDay|[upkeep]\n|-heal|p1a: Gliscor|48\/100 tox|[from] ability: Poison Heal\n|upkeep\n|turn|11\n|\n|t:|1700198070\n|move|p2a: Lingo|U-turn|p1a: Gliscor\n|-resisted|p1a: Gliscor\n|-damage|p1a: Gliscor|38\/100 tox\n|\n|t:|1700198076\n|switch|p2a: feeeesh|Alomomola, M|100\/100|[from] U-turn\n|-damage|p2a: feeeesh|88\/100|[from] Stealth Rock\n|move|p1a: Gliscor|Swords Dance|p1a: Gliscor\n|-boost|p1a: Gliscor|atk|2\n|\n|-weather|SunnyDay|[upkeep]\n|-heal|p2a: feeeesh|94\/100|[from] item: Leftovers\n|-heal|p1a: Gliscor|50\/100 tox|[from] ability: Poison Heal\n|upkeep\n|turn|12\n|\n|t:|1700198084\n|move|p1a: Gliscor|Protect|p1a: Gliscor\n|-singleturn|p1a: Gliscor|Protect\n|move|p2a: feeeesh|Aqua Jet|p1a: Gliscor\n|-activate|p1a: Gliscor|move: Protect\n|\n|-weather|none\n|-heal|p2a: feeeesh|100\/100|[from] item: Leftovers\n|-heal|p1a: Gliscor|63\/100 tox|[from] ability: Poison Heal\n|upkeep\n|turn|13\n|\n|t:|1700198095\n|move|p2a: feeeesh|Aqua Jet|p1a: Gliscor\n|-supereffective|p1a: Gliscor\n|-damage|p1a: Gliscor|50\/100 tox\n|move|p1a: Gliscor|Knock Off|p2a: feeeesh\n|-damage|p2a: feeeesh|77\/100\n|-enditem|p2a: feeeesh|Leftovers|[from] move: Knock Off|[of] p1a: Gliscor\n|\n|-heal|p1a: Gliscor|63\/100 tox|[from] ability: Poison Heal\n|upkeep\n|turn|14\n|\n|t:|1700198104\n|move|p1a: Gliscor|Protect|p1a: Gliscor\n|-singleturn|p1a: Gliscor|Protect\n|move|p2a: feeeesh|Aqua Jet|p1a: Gliscor\n|-activate|p1a: Gliscor|move: Protect\n|\n|-heal|p1a: Gliscor|75\/100 tox|[from] ability: Poison Heal\n|upkeep\n|turn|15\n|\n|t:|1700198111\n|move|p2a: feeeesh|Aqua Jet|p1a: Gliscor\n|-supereffective|p1a: Gliscor\n|-damage|p1a: Gliscor|61\/100 tox\n|move|p1a: Gliscor|Swords Dance|p1a: Gliscor\n|-boost|p1a: Gliscor|atk|2\n|\n|-heal|p1a: Gliscor|74\/100 tox|[from] ability: Poison Heal\n|upkeep\n|turn|16\n|\n|t:|1700198116\n|move|p2a: feeeesh|Aqua Jet|p1a: Gliscor\n|-supereffective|p1a: Gliscor\n|-damage|p1a: Gliscor|60\/100 tox\n|move|p1a: Gliscor|Swords Dance|p1a: Gliscor\n|-boost|p1a: Gliscor|atk|2\n|\n|-heal|p1a: Gliscor|72\/100 tox|[from] ability: Poison Heal\n|upkeep\n|turn|17\n|\n|t:|1700198125\n|move|p1a: Gliscor|Protect|p1a: Gliscor\n|-singleturn|p1a: Gliscor|Protect\n|move|p2a: feeeesh|Pain Split|p1a: Gliscor\n|-activate|p1a: Gliscor|move: Protect\n|\n|-heal|p1a: Gliscor|84\/100 tox|[from] ability: Poison Heal\n|upkeep\n|turn|18\n|\n|t:|1700198137\n|move|p1a: Gliscor|Earthquake|p2a: feeeesh\n|-damage|p2a: feeeesh|2\/100\n|move|p2a: feeeesh|Pain Split|p1a: Gliscor\n|-sethp|p1a: Gliscor|43\/100 tox|[from] move: Pain Split|[silent]\n|-sethp|p2a: feeeesh|29\/100|[from] move: Pain Split\n|\n|-heal|p1a: Gliscor|56\/100 tox|[from] ability: Poison Heal\n|upkeep\n|turn|19\n|\n|t:|1700198146\n|move|p1a: Gliscor|Protect|p1a: Gliscor\n|-singleturn|p1a: Gliscor|Protect\n|move|p2a: feeeesh|Wish|p2a: feeeesh\n|\n|-heal|p1a: Gliscor|68\/100 tox|[from] ability: Poison Heal\n|upkeep\n|turn|20\n|\n|t:|1700198155\n|move|p2a: feeeesh|Aqua Jet|p1a: Gliscor\n|-supereffective|p1a: Gliscor\n|-damage|p1a: Gliscor|55\/100 tox\n|move|p1a: Gliscor|Knock Off|p2a: feeeesh\n|-damage|p2a: feeeesh|0 fnt\n|faint|p2a: feeeesh\n|\n|-heal|p1a: Gliscor|67\/100 tox|[from] ability: Poison Heal\n|upkeep\n|-message|The_Bonger forfeited.\n|\n|win|red1998poke\n|raw|red1998poke's rating: 1013 &rarr; <strong>1051<\/strong><br \/>(+38 for winning)\n|raw|The_Bonger's rating: 1017 &rarr; <strong>1004<\/strong><br \/>(-13 for losing)\n|l|\u2606The_Bonger\n","uploadtime":1700198177,"views":6,"p1id":"red1998poke","p2id":"thebonger","formatid":"gen9ubers","rating":1004,"private":0,"password":""}