{"id":"gen9ubers-1978382348","p1":"Snorlax Chef","p2":"treegirl22","format":"[Gen 9] Ubers","log":"|j|\u2606Snorlax Chef\n|j|\u2606treegirl22\n|t:|1698531850\n|gametype|singles\n|player|p1|Snorlax Chef|sailor|1507\n|player|p2|treegirl22|marnie|1547\n|teamsize|p1|6\n|teamsize|p2|6\n|gen|9\n|tier|[Gen 9] Ubers\n|rated|\n|rule|Sleep Clause Mod: Limit one foe put to sleep\n|rule|Species Clause: Limit one of each Pok\u00e9mon\n|rule|OHKO Clause: OHKO moves are banned\n|rule|Evasion Items Clause: Evasion items are banned\n|rule|Evasion Moves Clause: Evasion moves are banned\n|rule|Endless Battle Clause: Forcing endless battles is banned\n|rule|HP Percentage Mod: HP is shown in percentages\n|clearpoke\n|poke|p1|Clodsire, F|\n|poke|p1|Dondozo, M|\n|poke|p1|Corviknight, F|\n|poke|p1|Blissey, F|\n|poke|p1|Alomomola, F|\n|poke|p1|Slowking-Galar, F|\n|poke|p2|Basculegion, M|\n|poke|p2|Koraidon|\n|poke|p2|Kyogre|\n|poke|p2|Flutter Mane|\n|poke|p2|Giratina-Origin|\n|poke|p2|Clodsire, F|\n|teampreview\n|inactive|Battle timer is ON: inactive players will automatically lose when time's up. (requested by treegirl22)\n|inactive|Snorlax Chef also wants the timer to be on.\n|\n|t:|1698531863\n|start\n|switch|p1a: Blissey|Blissey, F|100\/100\n|switch|p2a: Flame Rider|Koraidon|100\/100\n|-weather|SunnyDay|[from] ability: Orichalcum Pulse|[of] p2a: Flame Rider\n|-activate|p2a: Flame Rider|Orichalcum Pulse|[source]\n|turn|1\n|\n|t:|1698531869\n|switch|p1a: Alomomola|Alomomola, F|100\/100\n|move|p2a: Flame Rider|U-turn|p1a: Alomomola\n|-damage|p1a: Alomomola|84\/100\n|\n|t:|1698531876\n|switch|p2a: Squishmallow|Clodsire, F|100\/100|[from] U-turn\n|\n|-weather|SunnyDay|[upkeep]\n|upkeep\n|turn|2\n|\n|t:|1698531880\n|switch|p1a: Corviknight|Corviknight, F|100\/100\n|-ability|p1a: Corviknight|Pressure\n|move|p2a: Squishmallow|Spikes|p1a: Corviknight\n|-sidestart|p1: Snorlax Chef|Spikes\n|\n|-weather|SunnyDay|[upkeep]\n|upkeep\n|turn|3\n|\n|t:|1698531898\n|switch|p2a: Flame Rider|Koraidon|100\/100\n|-activate|p2a: Flame Rider|ability: Orichalcum Pulse\n|move|p1a: Corviknight|Defog|p2a: Flame Rider\n|-unboost|p2a: Flame Rider|evasion|1\n|-sideend|p1: Snorlax Chef|Spikes|[from] move: Defog|[of] p1a: Corviknight\n|\n|-weather|SunnyDay|[upkeep]\n|upkeep\n|turn|4\n|\n|t:|1698531905\n|move|p1a: Corviknight|Protect|p1a: Corviknight\n|-singleturn|p1a: Corviknight|Protect\n|move|p2a: Flame Rider|Collision Course|p1a: Corviknight\n|-activate|p1a: Corviknight|move: Protect\n|\n|-weather|SunnyDay|[upkeep]\n|upkeep\n|turn|5\n|\n|t:|1698531916\n|switch|p1a: Slowking|Slowking-Galar, F|100\/100\n|move|p2a: Flame Rider|Collision Course|p1a: Slowking\n|-resisted|p1a: Slowking\n|-damage|p1a: Slowking|83\/100\n|\n|-weather|none\n|upkeep\n|turn|6\n|\n|t:|1698531926\n|switch|p2a: Squishmallow|Clodsire, F|100\/100\n|move|p1a: Slowking|Future Sight|p2a: Squishmallow\n|-start|p1a: Slowking|move: Future Sight\n|\n|upkeep\n|turn|7\n|\n|t:|1698531935\n|switch|p1a: Corviknight|Corviknight, F|100\/100\n|-ability|p1a: Corviknight|Pressure\n|switch|p2a: Nightmare Moon|Flutter Mane|100\/100\n|\n|upkeep\n|turn|8\n|\n|t:|1698531939\n|move|p2a: Nightmare Moon|Shadow Ball|p1a: Corviknight\n|-damage|p1a: Corviknight|47\/100\n|-damage|p2a: Nightmare Moon|91\/100|[from] item: Life Orb\n|move|p1a: Corviknight|Steel Wing|p2a: Nightmare Moon\n|-supereffective|p2a: Nightmare Moon\n|-damage|p2a: Nightmare Moon|0 fnt\n|faint|p2a: Nightmare Moon\n|-end|p2a: Nightmare Moon|Protosynthesis|[silent]\n|\n|-hint|Future Sight did not hit because the target is fainted.\n|-heal|p1a: Corviknight|54\/100|[from] item: Leftovers\n|upkeep\n|\n|t:|1698531951\n|switch|p2a: Leviathan|Kyogre|100\/100\n|-weather|RainDance|[from] ability: Drizzle|[of] p2a: Leviathan\n|turn|9\n|\n|t:|1698531956\n|move|p1a: Corviknight|Protect|p1a: Corviknight\n|-singleturn|p1a: Corviknight|Protect\n|move|p2a: Leviathan|Surf|p1a: Corviknight\n|-activate|p1a: Corviknight|move: Protect\n|\n|-weather|RainDance|[upkeep]\n|-heal|p1a: Corviknight|60\/100|[from] item: Leftovers\n|upkeep\n|turn|10\n|\n|t:|1698531961\n|switch|p1a: Slowking|Slowking-Galar, F|100\/100\n|move|p2a: Leviathan|Surf|p1a: Slowking\n|-damage|p1a: Slowking|74\/100\n|\n|-weather|RainDance|[upkeep]\n|upkeep\n|turn|11\n|\n|t:|1698531965\n|move|p2a: Leviathan|Substitute|p2a: Leviathan\n|-start|p2a: Leviathan|Substitute\n|-damage|p2a: Leviathan|75\/100\n|move|p1a: Slowking|Grass Knot|p2a: Leviathan\n|-supereffective|p2a: Leviathan\n|-end|p2a: Leviathan|Substitute\n|\n|-weather|RainDance|[upkeep]\n|-heal|p2a: Leviathan|82\/100|[from] item: Leftovers\n|upkeep\n|turn|12\n|\n|t:|1698531978\n|-terastallize|p2a: Leviathan|Grass\n|move|p2a: Leviathan|Substitute|p2a: Leviathan\n|-start|p2a: Leviathan|Substitute\n|-damage|p2a: Leviathan|57\/100\n|move|p1a: Slowking|Grass Knot|p2a: Leviathan\n|-resisted|p2a: Leviathan\n|-activate|p2a: Leviathan|move: Substitute|[damage]\n|\n|-weather|RainDance|[upkeep]\n|-heal|p2a: Leviathan|63\/100|[from] item: Leftovers\n|upkeep\n|turn|13\n|\n|t:|1698531984\n|move|p2a: Leviathan|Calm Mind|p2a: Leviathan\n|-boost|p2a: Leviathan|spa|1\n|-boost|p2a: Leviathan|spd|1\n|move|p1a: Slowking|Sludge Bomb|p2a: Leviathan\n|-supereffective|p2a: Leviathan\n|-end|p2a: Leviathan|Substitute\n|\n|-weather|none\n|-heal|p2a: Leviathan|69\/100|[from] item: Leftovers\n|upkeep\n|turn|14\n|\n|t:|1698531988\n|move|p2a: Leviathan|Substitute|p2a: Leviathan\n|-start|p2a: Leviathan|Substitute\n|-damage|p2a: Leviathan|44\/100\n|move|p1a: Slowking|Sludge Bomb|p2a: Leviathan\n|-supereffective|p2a: Leviathan\n|-end|p2a: Leviathan|Substitute\n|\n|-heal|p2a: Leviathan|50\/100|[from] item: Leftovers\n|upkeep\n|turn|15\n|\n|t:|1698531992\n|move|p2a: Leviathan|Surf|p1a: Slowking\n|-damage|p1a: Slowking|48\/100\n|move|p1a: Slowking|Sludge Bomb|p2a: Leviathan\n|-supereffective|p2a: Leviathan\n|-damage|p2a: Leviathan|22\/100\n|\n|-heal|p2a: Leviathan|28\/100|[from] item: Leftovers\n|upkeep\n|turn|16\n|\n|t:|1698531997\n|switch|p2a: Squishmallow|Clodsire, F|100\/100\n|move|p1a: Slowking|Sludge Bomb|p2a: Squishmallow\n|-resisted|p2a: Squishmallow\n|-damage|p2a: Squishmallow|96\/100\n|\n|-heal|p2a: Squishmallow|100\/100|[from] item: Leftovers\n|upkeep\n|turn|17\n|\n|t:|1698532004\n|switch|p1a: Corviknight|Corviknight, F|60\/100\n|-ability|p1a: Corviknight|Pressure\n|move|p2a: Squishmallow|Earthquake|p1a: Corviknight\n|-immune|p1a: Corviknight\n|\n|-heal|p1a: Corviknight|66\/100|[from] item: Leftovers\n|upkeep\n|turn|18\n|\n|t:|1698532007\n|move|p1a: Corviknight|Steel Wing|p2a: Squishmallow\n|-damage|p2a: Squishmallow|75\/100\n|move|p2a: Squishmallow|Spikes|p1a: Corviknight\n|-sidestart|p1: Snorlax Chef|Spikes\n|\n|-heal|p1a: Corviknight|72\/100|[from] item: Leftovers\n|-heal|p2a: Squishmallow|82\/100|[from] item: Leftovers\n|upkeep\n|turn|19\n|\n|t:|1698532011\n|switch|p2a: Leviathan|Kyogre, tera:Grass|28\/100\n|-weather|RainDance|[from] ability: Drizzle|[of] p2a: Leviathan\n|move|p1a: Corviknight|Defog|p2a: Leviathan\n|-unboost|p2a: Leviathan|evasion|1\n|-sideend|p1: Snorlax Chef|Spikes|[from] move: Defog|[of] p1a: Corviknight\n|\n|-weather|RainDance|[upkeep]\n|-heal|p2a: Leviathan|34\/100|[from] item: Leftovers\n|-heal|p1a: Corviknight|79\/100|[from] item: Leftovers\n|upkeep\n|turn|20\n|\n|t:|1698532018\n|switch|p1a: Blissey|Blissey, F|100\/100\n|move|p2a: Leviathan|Substitute|p2a: Leviathan\n|-start|p2a: Leviathan|Substitute\n|-damage|p2a: Leviathan|9\/100\n|\n|-weather|RainDance|[upkeep]\n|-heal|p2a: Leviathan|15\/100|[from] item: Leftovers\n|upkeep\n|turn|21\n|\n|t:|1698532022\n|move|p2a: Leviathan|Calm Mind|p2a: Leviathan\n|-boost|p2a: Leviathan|spa|1\n|-boost|p2a: Leviathan|spd|1\n|move|p1a: Blissey|Seismic Toss|p2a: Leviathan\n|-activate|p2a: Leviathan|move: Substitute|[damage]\n|\n|-weather|RainDance|[upkeep]\n|-heal|p2a: Leviathan|21\/100|[from] item: Leftovers\n|upkeep\n|turn|22\n|\n|t:|1698532026\n|move|p2a: Leviathan|Calm Mind|p2a: Leviathan\n|-boost|p2a: Leviathan|spa|1\n|-boost|p2a: Leviathan|spd|1\n|move|p1a: Blissey|Seismic Toss|p2a: Leviathan\n|-end|p2a: Leviathan|Substitute\n|\n|-weather|RainDance|[upkeep]\n|-heal|p2a: Leviathan|27\/100|[from] item: Leftovers\n|upkeep\n|turn|23\n|\n|t:|1698532029\n|move|p2a: Leviathan|Substitute|p2a: Leviathan\n|-start|p2a: Leviathan|Substitute\n|-damage|p2a: Leviathan|2\/100\n|move|p1a: Blissey|Calm Mind|p1a: Blissey\n|-boost|p1a: Blissey|spa|1\n|-boost|p1a: Blissey|spd|1\n|\n|-weather|none\n|-heal|p2a: Leviathan|9\/100|[from] item: Leftovers\n|upkeep\n|turn|24\n|\n|t:|1698532033\n|move|p2a: Leviathan|Ice Beam|p1a: Blissey\n|-damage|p1a: Blissey|90\/100\n|move|p1a: Blissey|Calm Mind|p1a: Blissey\n|-boost|p1a: Blissey|spa|1\n|-boost|p1a: Blissey|spd|1\n|\n|-heal|p2a: Leviathan|15\/100|[from] item: Leftovers\n|upkeep\n|turn|25\n|\n|t:|1698532037\n|move|p2a: Leviathan|Ice Beam|p1a: Blissey\n|-damage|p1a: Blissey|82\/100\n|move|p1a: Blissey|Seismic Toss|p2a: Leviathan\n|-activate|p2a: Leviathan|move: Substitute|[damage]\n|\n|-heal|p2a: Leviathan|21\/100|[from] item: Leftovers\n|upkeep\n|turn|26\n|\n|t:|1698532040\n|move|p2a: Leviathan|Ice Beam|p1a: Blissey\n|-damage|p1a: Blissey|74\/100\n|move|p1a: Blissey|Seismic Toss|p2a: Leviathan\n|-end|p2a: Leviathan|Substitute\n|\n|-heal|p2a: Leviathan|27\/100|[from] item: Leftovers\n|upkeep\n|turn|27\n|\n|t:|1698532044\n|move|p2a: Leviathan|Substitute|p2a: Leviathan\n|-start|p2a: Leviathan|Substitute\n|-damage|p2a: Leviathan|2\/100\n|move|p1a: Blissey|Seismic Toss|p2a: Leviathan\n|-activate|p2a: Leviathan|move: Substitute|[damage]\n|\n|-heal|p2a: Leviathan|8\/100|[from] item: Leftovers\n|upkeep\n|turn|28\n|\n|t:|1698532047\n|move|p2a: Leviathan|Ice Beam|p1a: Blissey\n|-damage|p1a: Blissey|66\/100\n|move|p1a: Blissey|Seismic Toss|p2a: Leviathan\n|-end|p2a: Leviathan|Substitute\n|\n|-heal|p2a: Leviathan|15\/100|[from] item: Leftovers\n|upkeep\n|turn|29\n|\n|t:|1698532053\n|switch|p2a: Beelzebub|Giratina-Origin|100\/100\n|move|p1a: Blissey|Soft-Boiled|p1a: Blissey\n|-heal|p1a: Blissey|100\/100\n|\n|upkeep\n|turn|30\n|\n|t:|1698532062\n|switch|p1a: Alomomola|Alomomola, F|100\/100\n|move|p2a: Beelzebub|Will-O-Wisp|p1a: Alomomola\n|-status|p1a: Alomomola|brn\n|\n|-damage|p1a: Alomomola|94\/100 brn|[from] brn\n|upkeep\n|turn|31\n|\n|t:|1698532068\n|move|p2a: Beelzebub|Shadow Ball|p1a: Alomomola\n|-damage|p1a: Alomomola|48\/100 brn\n|move|p1a: Alomomola|Scald|p2a: Beelzebub\n|-resisted|p2a: Beelzebub\n|-damage|p2a: Beelzebub|96\/100\n|\n|-damage|p1a: Alomomola|42\/100 brn|[from] brn\n|upkeep\n|turn|32\n|\n|t:|1698532081\n|switch|p1a: Clodsire|Clodsire, F|100\/100\n|move|p2a: Beelzebub|Will-O-Wisp|p1a: Clodsire\n|-status|p1a: Clodsire|brn\n|\n|-damage|p1a: Clodsire|94\/100 brn|[from] brn\n|upkeep\n|turn|33\n|\n|t:|1698532087\n|switch|p2a: Squishmallow|Clodsire, F|82\/100\n|move|p1a: Clodsire|Toxic|p2a: Squishmallow\n|-immune|p2a: Squishmallow\n|\n|-heal|p2a: Squishmallow|88\/100|[from] item: Leftovers\n|-damage|p1a: Clodsire|88\/100 brn|[from] brn\n|upkeep\n|turn|34\n|\n|t:|1698532095\n|switch|p1a: Corviknight|Corviknight, F|79\/100\n|-ability|p1a: Corviknight|Pressure\n|move|p2a: Squishmallow|Earthquake|p1a: Corviknight\n|-immune|p1a: Corviknight\n|\n|-heal|p1a: Corviknight|85\/100|[from] item: Leftovers\n|-heal|p2a: Squishmallow|94\/100|[from] item: Leftovers\n|upkeep\n|turn|35\n|\n|t:|1698532104\n|switch|p2a: Beelzebub|Giratina-Origin|96\/100\n|move|p1a: Corviknight|Steel Wing|p2a: Beelzebub\n|-damage|p2a: Beelzebub|84\/100\n|\n|-heal|p1a: Corviknight|91\/100|[from] item: Leftovers\n|upkeep\n|turn|36\n|\n|t:|1698532114\n|switch|p1a: Clodsire|Clodsire, F|88\/100 brn\n|move|p2a: Beelzebub|Shadow Ball|p1a: Clodsire\n|-damage|p1a: Clodsire|69\/100 brn\n|\n|-damage|p1a: Clodsire|63\/100 brn|[from] brn\n|upkeep\n|turn|37\n|\n|t:|1698532123\n|switch|p2a: Leviathan|Kyogre, tera:Grass|15\/100\n|-weather|RainDance|[from] ability: Drizzle|[of] p2a: Leviathan\n|move|p1a: Clodsire|Recover|p1a: Clodsire\n|-heal|p1a: Clodsire|100\/100 brn\n|\n|-weather|RainDance|[upkeep]\n|-heal|p2a: Leviathan|21\/100|[from] item: Leftovers\n|-damage|p1a: Clodsire|94\/100 brn|[from] brn\n|upkeep\n|turn|38\n|\n|t:|1698532130\n|switch|p1a: Slowking|Slowking-Galar, F|81\/100\n|move|p2a: Leviathan|Surf|p1a: Slowking\n|-damage|p1a: Slowking|55\/100\n|\n|-weather|RainDance|[upkeep]\n|-heal|p2a: Leviathan|27\/100|[from] item: Leftovers\n|upkeep\n|turn|39\n|\n|t:|1698532142\n|move|p2a: Leviathan|Surf|p1a: Slowking\n|-damage|p1a: Slowking|30\/100\n|move|p1a: Slowking|Sludge Bomb|p2a: Leviathan\n|-supereffective|p2a: Leviathan\n|-damage|p2a: Leviathan|0 fnt\n|faint|p2a: Leviathan\n|\n|-weather|RainDance|[upkeep]\n|upkeep\n|c|\u2606Snorlax Chef|Eeeeez\n|\n|t:|1698532148\n|switch|p2a: Flame Rider|Koraidon|100\/100\n|-weather|SunnyDay|[from] ability: Orichalcum Pulse|[of] p2a: Flame Rider\n|-activate|p2a: Flame Rider|Orichalcum Pulse|[source]\n|turn|40\n|\n|t:|1698532160\n|switch|p1a: Dondozo|Dondozo, M|100\/100\n|move|p2a: Flame Rider|U-turn|p1a: Dondozo\n|-damage|p1a: Dondozo|85\/100\n|\n|t:|1698532170\n|switch|p2a: Beelzebub|Giratina-Origin|84\/100|[from] U-turn\n|\n|-weather|SunnyDay|[upkeep]\n|-heal|p1a: Dondozo|91\/100|[from] item: Leftovers\n|upkeep\n|turn|41\n|\n|t:|1698532185\n|switch|p1a: Clodsire|Clodsire, F|94\/100 brn\n|move|p2a: Beelzebub|Will-O-Wisp|p1a: Clodsire\n|-fail|p1a: Clodsire|brn\n|\n|-weather|SunnyDay|[upkeep]\n|-damage|p1a: Clodsire|88\/100 brn|[from] brn\n|upkeep\n|turn|42\n|\n|t:|1698532192\n|switch|p2a: Squishmallow|Clodsire, F|94\/100\n|move|p1a: Clodsire|Toxic|p2a: Squishmallow\n|-immune|p2a: Squishmallow\n|\n|-weather|SunnyDay|[upkeep]\n|-heal|p2a: Squishmallow|99\/100|[from] item: Leftovers\n|-damage|p1a: Clodsire|82\/100 brn|[from] brn\n|upkeep\n|turn|43\n|\n|t:|1698532203\n|switch|p1a: Corviknight|Corviknight, F|91\/100\n|-ability|p1a: Corviknight|Pressure\n|move|p2a: Squishmallow|Spikes|p1a: Corviknight\n|-sidestart|p1: Snorlax Chef|Spikes\n|\n|-weather|SunnyDay|[upkeep]\n|-heal|p1a: Corviknight|97\/100|[from] item: Leftovers\n|-heal|p2a: Squishmallow|100\/100|[from] item: Leftovers\n|upkeep\n|turn|44\n|\n|t:|1698532211\n|switch|p2a: Flame Rider|Koraidon|100\/100\n|-activate|p2a: Flame Rider|ability: Orichalcum Pulse\n|move|p1a: Corviknight|Defog|p2a: Flame Rider\n|-unboost|p2a: Flame Rider|evasion|1\n|-sideend|p1: Snorlax Chef|Spikes|[from] move: Defog|[of] p1a: Corviknight\n|\n|-weather|none\n|-heal|p1a: Corviknight|100\/100|[from] item: Leftovers\n|upkeep\n|turn|45\n|\n|t:|1698532221\n|move|p1a: Corviknight|Protect|p1a: Corviknight\n|-singleturn|p1a: Corviknight|Protect\n|move|p2a: Flame Rider|Dragon Claw|p1a: Corviknight\n|-activate|p1a: Corviknight|move: Protect\n|\n|upkeep\n|turn|46\n|\n|t:|1698532226\n|move|p2a: Flame Rider|Dragon Claw|p1a: Corviknight\n|-resisted|p1a: Corviknight\n|-damage|p1a: Corviknight|88\/100\n|move|p1a: Corviknight|Steel Wing|p2a: Flame Rider\n|-damage|p2a: Flame Rider|81\/100\n|\n|-heal|p1a: Corviknight|95\/100|[from] item: Leftovers\n|upkeep\n|turn|47\n|\n|t:|1698532230\n|switch|p2a: Beelzebub|Giratina-Origin|84\/100\n|move|p1a: Corviknight|Steel Wing|p2a: Beelzebub\n|-damage|p2a: Beelzebub|73\/100\n|\n|-heal|p1a: Corviknight|100\/100|[from] item: Leftovers\n|upkeep\n|turn|48\n|\n|t:|1698532236\n|move|p1a: Corviknight|Protect|p1a: Corviknight\n|-singleturn|p1a: Corviknight|Protect\n|move|p2a: Beelzebub|Dragon Tail|p1a: Corviknight\n|-activate|p1a: Corviknight|move: Protect\n|\n|upkeep\n|turn|49\n|\n|t:|1698532245\n|switch|p1a: Slowking|Slowking-Galar, F|63\/100\n|move|p2a: Beelzebub|Dragon Tail|p1a: Slowking\n|-damage|p1a: Slowking|35\/100\n|drag|p1a: Blissey|Blissey, F|100\/100\n|\n|upkeep\n|turn|50\n|\n|t:|1698532251\n|switch|p2a: Flame Rider|Koraidon|81\/100\n|-weather|SunnyDay|[from] ability: Orichalcum Pulse|[of] p2a: Flame Rider\n|-activate|p2a: Flame Rider|Orichalcum Pulse|[source]\n|switch|p1a: Slowking|Slowking-Galar, F|69\/100\n|\n|-weather|SunnyDay|[upkeep]\n|upkeep\n|turn|51\n|\n|t:|1698532261\n|switch|p1a: Alomomola|Alomomola, F|75\/100 brn\n|move|p2a: Flame Rider|Flare Blitz|p1a: Alomomola\n|-resisted|p1a: Alomomola\n|-damage|p1a: Alomomola|52\/100 brn\n|-damage|p2a: Flame Rider|69\/100|[from] Recoil\n|\n|-weather|SunnyDay|[upkeep]\n|-damage|p1a: Alomomola|46\/100 brn|[from] brn\n|upkeep\n|turn|52\n|\n|t:|1698532267\n|switch|p2a: Squishmallow|Clodsire, F|100\/100\n|move|p1a: Alomomola|Wish|p1a: Alomomola\n|\n|-weather|SunnyDay|[upkeep]\n|-damage|p1a: Alomomola|39\/100 brn|[from] brn\n|upkeep\n|turn|53\n|\n|t:|1698532272\n|move|p1a: Alomomola|Protect|p1a: Alomomola\n|-singleturn|p1a: Alomomola|Protect\n|move|p2a: Squishmallow|Spikes|p1a: Alomomola\n|-sidestart|p1: Snorlax Chef|Spikes\n|\n|-weather|SunnyDay|[upkeep]\n|-heal|p1a: Alomomola|89\/100 brn|[from] move: Wish|[wisher] Alomomola\n|-damage|p1a: Alomomola|83\/100 brn|[from] brn\n|upkeep\n|turn|54\n|\n|t:|1698532282\n|switch|p2a: Flame Rider|Koraidon|69\/100\n|-activate|p2a: Flame Rider|ability: Orichalcum Pulse\n|move|p1a: Alomomola|Flip Turn|p2a: Flame Rider\n|-resisted|p2a: Flame Rider\n|-damage|p2a: Flame Rider|67\/100\n|\n|t:|1698532289\n|switch|p1a: Corviknight|Corviknight, F|100\/100|[from] Flip Turn\n|-ability|p1a: Corviknight|Pressure\n|\n|-weather|none\n|upkeep\n|turn|55\n|\n|t:|1698532296\n|switch|p2a: Beelzebub|Giratina-Origin|73\/100\n|move|p1a: Corviknight|Protect||[still]\n|-fail|p1a: Corviknight\n|\n|upkeep\n|turn|56\n|\n|t:|1698532300\n|switch|p1a: Slowking|Slowking-Galar, F|100\/100\n|-damage|p1a: Slowking|88\/100|[from] Spikes\n|move|p2a: Beelzebub|Will-O-Wisp|p1a: Slowking\n|-status|p1a: Slowking|brn\n|\n|-damage|p1a: Slowking|82\/100 brn|[from] brn\n|upkeep\n|turn|57\n|\n|t:|1698532306\n|move|p2a: Beelzebub|Shadow Ball|p1a: Slowking\n|-supereffective|p1a: Slowking\n|-damage|p1a: Slowking|50\/100 brn\n|move|p1a: Slowking|Ice Beam|p2a: Beelzebub\n|-supereffective|p2a: Beelzebub\n|-damage|p2a: Beelzebub|46\/100\n|\n|-damage|p1a: Slowking|44\/100 brn|[from] brn\n|upkeep\n|turn|58\n|\n|t:|1698532312\n|switch|p1a: Blissey|Blissey, F|100\/100\n|move|p2a: Beelzebub|Shadow Ball|p1a: Blissey\n|-immune|p1a: Blissey\n|\n|upkeep\n|turn|59\n|\n|t:|1698532323\n|move|p1a: Blissey|Stealth Rock|p2a: Beelzebub\n|-sidestart|p2: treegirl22|move: Stealth Rock\n|move|p2a: Beelzebub|Dragon Tail|p1a: Blissey\n|-damage|p1a: Blissey|43\/100\n|drag|p1a: Clodsire|Clodsire, F|82\/100 brn\n|-damage|p1a: Clodsire|69\/100 brn|[from] Spikes\n|\n|-damage|p1a: Clodsire|63\/100 brn|[from] brn\n|upkeep\n|turn|60\n|\n|t:|1698532333\n|switch|p2a: Squishmallow|Clodsire, F|100\/100\n|-damage|p2a: Squishmallow|94\/100|[from] Stealth Rock\n|move|p1a: Clodsire|Recover|p1a: Clodsire\n|-heal|p1a: Clodsire|100\/100 brn\n|\n|-heal|p2a: Squishmallow|100\/100|[from] item: Leftovers\n|-damage|p1a: Clodsire|94\/100 brn|[from] brn\n|upkeep\n|turn|61\n|\n|t:|1698532337\n|switch|p1a: Corviknight|Corviknight, F|100\/100\n|-ability|p1a: Corviknight|Pressure\n|move|p2a: Squishmallow|Spikes|p1a: Corviknight\n|-sidestart|p1: Snorlax Chef|Spikes\n|\n|upkeep\n|turn|62\n|\n|t:|1698532342\n|move|p1a: Corviknight|Defog|p2a: Squishmallow\n|-unboost|p2a: Squishmallow|evasion|1\n|-sideend|p2: treegirl22|Stealth Rock|[from] move: Defog|[of] p1a: Corviknight\n|-sideend|p1: Snorlax Chef|Spikes|[from] move: Defog|[of] p1a: Corviknight\n|move|p2a: Squishmallow|Spikes|p1a: Corviknight\n|-sidestart|p1: Snorlax Chef|Spikes\n|\n|upkeep\n|turn|63\n|\n|t:|1698532346\n|switch|p2a: Beelzebub|Giratina-Origin|46\/100\n|move|p1a: Corviknight|Defog|p2a: Beelzebub\n|-unboost|p2a: Beelzebub|evasion|1\n|-sideend|p1: Snorlax Chef|Spikes|[from] move: Defog|[of] p1a: Corviknight\n|\n|upkeep\n|turn|64\n|\n|t:|1698532351\n|move|p1a: Corviknight|Protect|p1a: Corviknight\n|-singleturn|p1a: Corviknight|Protect\n|move|p2a: Beelzebub|Shadow Ball|p1a: Corviknight\n|-activate|p1a: Corviknight|move: Protect\n|\n|upkeep\n|turn|65\n|\n|t:|1698532358\n|move|p1a: Corviknight|Steel Wing|p2a: Beelzebub\n|-damage|p2a: Beelzebub|34\/100\n|move|p2a: Beelzebub|Dragon Tail|p1a: Corviknight\n|-resisted|p1a: Corviknight\n|-damage|p1a: Corviknight|92\/100\n|drag|p1a: Blissey|Blissey, F|43\/100\n|\n|upkeep\n|turn|66\n|\n|t:|1698532365\n|move|p2a: Beelzebub|Shadow Ball|p1a: Blissey\n|-immune|p1a: Blissey\n|move|p1a: Blissey|Soft-Boiled|p1a: Blissey\n|-heal|p1a: Blissey|93\/100\n|\n|upkeep\n|turn|67\n|\n|t:|1698532370\n|switch|p2a: Flame Rider|Koraidon|67\/100\n|-weather|SunnyDay|[from] ability: Orichalcum Pulse|[of] p2a: Flame Rider\n|-activate|p2a: Flame Rider|Orichalcum Pulse|[source]\n|move|p1a: Blissey|Stealth Rock|p2a: Flame Rider\n|-sidestart|p2: treegirl22|move: Stealth Rock\n|\n|-weather|SunnyDay|[upkeep]\n|upkeep\n|turn|68\n|\n|t:|1698532377\n|switch|p1a: Alomomola|Alomomola, F|100\/100 brn\n|move|p2a: Flame Rider|Collision Course|p1a: Alomomola\n|-damage|p1a: Alomomola|64\/100 brn\n|\n|-weather|SunnyDay|[upkeep]\n|-damage|p1a: Alomomola|58\/100 brn|[from] brn\n|upkeep\n|turn|69\n|\n|t:|1698532380\n|move|p2a: Flame Rider|Collision Course|p1a: Alomomola\n|-damage|p1a: Alomomola|23\/100 brn\n|move|p1a: Alomomola|Wish|p1a: Alomomola\n|\n|-weather|SunnyDay|[upkeep]\n|-damage|p1a: Alomomola|17\/100 brn|[from] brn\n|upkeep\n|turn|70\n|\n|t:|1698532386\n|move|p1a: Alomomola|Protect|p1a: Alomomola\n|-singleturn|p1a: Alomomola|Protect\n|move|p2a: Flame Rider|Collision Course|p1a: Alomomola\n|-activate|p1a: Alomomola|move: Protect\n|\n|-weather|SunnyDay|[upkeep]\n|-heal|p1a: Alomomola|67\/100 brn|[from] move: Wish|[wisher] Alomomola\n|-damage|p1a: Alomomola|61\/100 brn|[from] brn\n|upkeep\n|turn|71\n|\n|t:|1698532394\n|switch|p1a: Slowking|Slowking-Galar, F|77\/100 brn\n|move|p2a: Flame Rider|Collision Course|p1a: Slowking\n|-resisted|p1a: Slowking\n|-damage|p1a: Slowking|60\/100 brn\n|\n|-weather|none\n|-damage|p1a: Slowking|54\/100 brn|[from] brn\n|upkeep\n|turn|72\n|\n|t:|1698532398\n|switch|p2a: Squishmallow|Clodsire, F|100\/100\n|-damage|p2a: Squishmallow|94\/100|[from] Stealth Rock\n|move|p1a: Slowking|Future Sight|p2a: Squishmallow\n|-start|p1a: Slowking|move: Future Sight\n|\n|-heal|p2a: Squishmallow|100\/100|[from] item: Leftovers\n|-damage|p1a: Slowking|48\/100 brn|[from] brn\n|upkeep\n|turn|73\n|\n|t:|1698532402\n|switch|p1a: Corviknight|Corviknight, F|92\/100\n|-ability|p1a: Corviknight|Pressure\n|move|p2a: Squishmallow|Spikes|p1a: Corviknight\n|-sidestart|p1: Snorlax Chef|Spikes\n|\n|-heal|p1a: Corviknight|98\/100|[from] item: Leftovers\n|upkeep\n|turn|74\n|\n|t:|1698532410\n|switch|p2a: Flame Rider|Koraidon|67\/100\n|-damage|p2a: Flame Rider|61\/100|[from] Stealth Rock\n|-weather|SunnyDay|[from] ability: Orichalcum Pulse|[of] p2a: Flame Rider\n|-activate|p2a: Flame Rider|Orichalcum Pulse|[source]\n|move|p1a: Corviknight|Steel Wing|p2a: Flame Rider\n|-damage|p2a: Flame Rider|40\/100\n|\n|-weather|SunnyDay|[upkeep]\n|-end|p2a: Flame Rider|move: Future Sight\n|-supereffective|p2a: Flame Rider\n|-damage|p2a: Flame Rider|0 fnt\n|faint|p2a: Flame Rider\n|-heal|p1a: Corviknight|100\/100|[from] item: Leftovers\n|upkeep\n|\n|t:|1698532420\n|switch|p2a: Beelzebub|Giratina-Origin|34\/100\n|-damage|p2a: Beelzebub|22\/100|[from] Stealth Rock\n|turn|75\n|\n|t:|1698532439\n|move|p2a: Beelzebub|Shadow Ball|p1a: Corviknight\n|-damage|p1a: Corviknight|63\/100\n|move|p1a: Corviknight|Steel Wing|p2a: Beelzebub\n|-damage|p2a: Beelzebub|12\/100\n|\n|-weather|SunnyDay|[upkeep]\n|-heal|p1a: Corviknight|69\/100|[from] item: Leftovers\n|upkeep\n|turn|76\n|\n|t:|1698532447\n|move|p1a: Corviknight|Protect|p1a: Corviknight\n|-singleturn|p1a: Corviknight|Protect\n|move|p2a: Beelzebub|Shadow Ball|p1a: Corviknight\n|-activate|p1a: Corviknight|move: Protect\n|\n|-weather|SunnyDay|[upkeep]\n|-heal|p1a: Corviknight|75\/100|[from] item: Leftovers\n|upkeep\n|turn|77\n|\n|t:|1698532458\n|move|p2a: Beelzebub|Will-O-Wisp|p1a: Corviknight\n|-status|p1a: Corviknight|brn\n|move|p1a: Corviknight|Steel Wing|p2a: Beelzebub\n|-damage|p2a: Beelzebub|6\/100\n|\n|-weather|SunnyDay|[upkeep]\n|-heal|p1a: Corviknight|82\/100 brn|[from] item: Leftovers\n|-damage|p1a: Corviknight|75\/100 brn|[from] brn\n|upkeep\n|turn|78\n|\n|t:|1698532466\n|move|p2a: Beelzebub|Shadow Ball|p1a: Corviknight\n|-damage|p1a: Corviknight|34\/100 brn\n|move|p1a: Corviknight|Steel Wing|p2a: Beelzebub\n|-damage|p2a: Beelzebub|1\/100\n|\n|-weather|none\n|-heal|p1a: Corviknight|40\/100 brn|[from] item: Leftovers\n|-damage|p1a: Corviknight|34\/100 brn|[from] brn\n|upkeep\n|turn|79\n|\n|t:|1698532476\n|switch|p1a: Blissey|Blissey, F|93\/100\n|move|p2a: Beelzebub|Shadow Ball|p1a: Blissey\n|-immune|p1a: Blissey\n|\n|upkeep\n|turn|80\n|\n|t:|1698532487\n|switch|p1a: Slowking|Slowking-Galar, F|81\/100 brn\n|-damage|p1a: Slowking|69\/100 brn|[from] Spikes\n|move|p2a: Beelzebub|Will-O-Wisp|p1a: Slowking\n|-fail|p1a: Slowking|brn\n|\n|-damage|p1a: Slowking|63\/100 brn|[from] brn\n|upkeep\n|turn|81\n|\n|t:|1698532493\n|move|p2a: Beelzebub|Shadow Ball|p1a: Slowking\n|-supereffective|p1a: Slowking\n|-crit|p1a: Slowking\n|-damage|p1a: Slowking|15\/100 brn\n|move|p1a: Slowking|Ice Beam|p2a: Beelzebub\n|-supereffective|p2a: Beelzebub\n|-damage|p2a: Beelzebub|0 fnt\n|faint|p2a: Beelzebub\n|\n|-damage|p1a: Slowking|9\/100 brn|[from] brn\n|upkeep\n|\n|t:|1698532508\n|switch|p2a: R E S P E C T|Basculegion, M|100\/100\n|turn|82\n|\n|t:|1698532513\n|move|p2a: R E S P E C T|Wave Crash|p1a: Slowking\n|-damage|p1a: Slowking|0 fnt\n|faint|p1a: Slowking\n|-damage|p2a: R E S P E C T|98\/100|[from] Recoil\n|\n|upkeep\n|\n|t:|1698532519\n|switch|p1a: Clodsire|Clodsire, F|94\/100 brn\n|-damage|p1a: Clodsire|82\/100 brn|[from] Spikes\n|turn|83\n|\n|t:|1698532522\n|move|p2a: R E S P E C T|Last Respects|p1a: Clodsire\n|-damage|p1a: Clodsire|0 fnt\n|faint|p1a: Clodsire\n|\n|upkeep\n|\n|t:|1698532538\n|switch|p1a: Blissey|Blissey, F|93\/100\n|turn|84\n|\n|t:|1698532542\n|move|p2a: R E S P E C T|Aqua Jet|p1a: Blissey\n|-damage|p1a: Blissey|56\/100\n|move|p1a: Blissey|Soft-Boiled|p1a: Blissey\n|-heal|p1a: Blissey|100\/100\n|\n|upkeep\n|turn|85\n|\n|t:|1698532555\n|move|p2a: R E S P E C T|Aqua Jet|p1a: Blissey\n|-damage|p1a: Blissey|58\/100\n|move|p1a: Blissey|Soft-Boiled|p1a: Blissey\n|-heal|p1a: Blissey|100\/100\n|\n|upkeep\n|turn|86\n|\n|t:|1698532562\n|switch|p1a: Alomomola|Alomomola, F|94\/100 brn\n|move|p2a: R E S P E C T|Aqua Jet|p1a: Alomomola\n|-resisted|p1a: Alomomola\n|-damage|p1a: Alomomola|88\/100 brn\n|\n|-damage|p1a: Alomomola|82\/100 brn|[from] brn\n|upkeep\n|turn|87\n|\n|t:|1698532565\n|switch|p2a: Squishmallow|Clodsire, F|100\/100\n|-damage|p2a: Squishmallow|94\/100|[from] Stealth Rock\n|move|p1a: Alomomola|Protect||[still]\n|-fail|p1a: Alomomola\n|\n|-heal|p2a: Squishmallow|100\/100|[from] item: Leftovers\n|-damage|p1a: Alomomola|75\/100 brn|[from] brn\n|upkeep\n|turn|88\n|\n|t:|1698532572\n|switch|p1a: Corviknight|Corviknight, F|34\/100 brn\n|-ability|p1a: Corviknight|Pressure\n|move|p2a: Squishmallow|Spikes|p1a: Corviknight\n|-sidestart|p1: Snorlax Chef|Spikes\n|\n|-heal|p1a: Corviknight|40\/100 brn|[from] item: Leftovers\n|-damage|p1a: Corviknight|34\/100 brn|[from] brn\n|upkeep\n|turn|89\n|\n|t:|1698532577\n|move|p1a: Corviknight|Defog|p2a: Squishmallow\n|-unboost|p2a: Squishmallow|evasion|1\n|-sideend|p2: treegirl22|Stealth Rock|[from] move: Defog|[of] p1a: Corviknight\n|-sideend|p1: Snorlax Chef|Spikes|[from] move: Defog|[of] p1a: Corviknight\n|move|p2a: Squishmallow|Earthquake|p1a: Corviknight\n|-immune|p1a: Corviknight\n|\n|-heal|p1a: Corviknight|40\/100 brn|[from] item: Leftovers\n|-damage|p1a: Corviknight|34\/100 brn|[from] brn\n|upkeep\n|turn|90\n|\n|t:|1698532582\n|move|p1a: Corviknight|Roost|p1a: Corviknight\n|-heal|p1a: Corviknight|84\/100 brn\n|-singleturn|p1a: Corviknight|move: Roost\n|move|p2a: Squishmallow|Earthquake|p1a: Corviknight\n|-supereffective|p1a: Corviknight\n|-damage|p1a: Corviknight|51\/100 brn\n|\n|-heal|p1a: Corviknight|57\/100 brn|[from] item: Leftovers\n|-damage|p1a: Corviknight|51\/100 brn|[from] brn\n|upkeep\n|turn|91\n|\n|t:|1698532586\n|move|p1a: Corviknight|Roost|p1a: Corviknight\n|-heal|p1a: Corviknight|100\/100 brn\n|-singleturn|p1a: Corviknight|move: Roost\n|move|p2a: Squishmallow|Earthquake|p1a: Corviknight\n|-supereffective|p1a: Corviknight\n|-damage|p1a: Corviknight|69\/100 brn\n|\n|-heal|p1a: Corviknight|75\/100 brn|[from] item: Leftovers\n|-damage|p1a: Corviknight|69\/100 brn|[from] brn\n|upkeep\n|turn|92\n|\n|t:|1698532590\n|switch|p2a: R E S P E C T|Basculegion, M|98\/100\n|move|p1a: Corviknight|Roost|p1a: Corviknight\n|-heal|p1a: Corviknight|100\/100 brn\n|-singleturn|p1a: Corviknight|move: Roost\n|\n|-damage|p1a: Corviknight|94\/100 brn|[from] brn\n|upkeep\n|turn|93\n|\n|t:|1698532598\n|move|p1a: Corviknight|Protect|p1a: Corviknight\n|-singleturn|p1a: Corviknight|Protect\n|move|p2a: R E S P E C T|Last Respects|p1a: Corviknight\n|-activate|p1a: Corviknight|move: Protect\n|\n|-heal|p1a: Corviknight|100\/100 brn|[from] item: Leftovers\n|-damage|p1a: Corviknight|94\/100 brn|[from] brn\n|upkeep\n|turn|94\n|\n|t:|1698532612\n|switch|p1a: Blissey|Blissey, F|100\/100\n|move|p2a: R E S P E C T|Last Respects|p1a: Blissey\n|-immune|p1a: Blissey\n|\n|upkeep\n|turn|95\n|\n|t:|1698532621\n|move|p2a: R E S P E C T|Aqua Jet|p1a: Blissey\n|-damage|p1a: Blissey|58\/100\n|move|p1a: Blissey|Stealth Rock|p2a: R E S P E C T\n|-sidestart|p2: treegirl22|move: Stealth Rock\n|\n|upkeep\n|turn|96\n|\n|t:|1698532626\n|move|p2a: R E S P E C T|Wave Crash|p1a: Blissey\n|-damage|p1a: Blissey|0 fnt\n|faint|p1a: Blissey\n|-damage|p2a: R E S P E C T|66\/100|[from] Recoil\n|\n|upkeep\n|\n|t:|1698532630\n|switch|p1a: Dondozo|Dondozo, M|91\/100\n|turn|97\n|\n|t:|1698532645\n|switch|p2a: Squishmallow|Clodsire, F|100\/100\n|-damage|p2a: Squishmallow|94\/100|[from] Stealth Rock\n|-terastallize|p1a: Dondozo|Normal\n|move|p1a: Dondozo|Liquidation|p2a: Squishmallow\n|-heal|p2a: Squishmallow|100\/100|[from] ability: Water Absorb|[of] p1a: Dondozo\n|\n|-heal|p1a: Dondozo|97\/100|[from] item: Leftovers\n|upkeep\n|turn|98\n|\n|t:|1698532654\n|switch|p1a: Corviknight|Corviknight, F|94\/100 brn\n|-ability|p1a: Corviknight|Pressure\n|move|p2a: Squishmallow|Toxic||[still]\n|-fail|p2a: Squishmallow\n|\n|-heal|p1a: Corviknight|100\/100 brn|[from] item: Leftovers\n|-damage|p1a: Corviknight|94\/100 brn|[from] brn\n|upkeep\n|turn|99\n|\n|t:|1698532657\n|move|p1a: Corviknight|Steel Wing|p2a: Squishmallow|[miss]\n|-miss|p1a: Corviknight|p2a: Squishmallow\n|move|p2a: Squishmallow|Spikes|p1a: Corviknight\n|-sidestart|p1: Snorlax Chef|Spikes\n|\n|-heal|p1a: Corviknight|100\/100 brn|[from] item: Leftovers\n|-damage|p1a: Corviknight|94\/100 brn|[from] brn\n|upkeep\n|turn|100\n|\n|t:|1698532663\n|move|p1a: Corviknight|Defog|p2a: Squishmallow\n|-unboost|p2a: Squishmallow|evasion|1\n|-sideend|p2: treegirl22|Stealth Rock|[from] move: Defog|[of] p1a: Corviknight\n|-sideend|p1: Snorlax Chef|Spikes|[from] move: Defog|[of] p1a: Corviknight\n|move|p2a: Squishmallow|Spikes|p1a: Corviknight\n|-sidestart|p1: Snorlax Chef|Spikes\n|\n|-heal|p1a: Corviknight|100\/100 brn|[from] item: Leftovers\n|-damage|p1a: Corviknight|94\/100 brn|[from] brn\n|upkeep\n|turn|101\n|\n|t:|1698532670\n|switch|p2a: R E S P E C T|Basculegion, M|66\/100\n|move|p1a: Corviknight|Defog|p2a: R E S P E C T\n|-unboost|p2a: R E S P E C T|evasion|1\n|-sideend|p1: Snorlax Chef|Spikes|[from] move: Defog|[of] p1a: Corviknight\n|\n|-heal|p1a: Corviknight|100\/100 brn|[from] item: Leftovers\n|-damage|p1a: Corviknight|94\/100 brn|[from] brn\n|upkeep\n|turn|102\n|\n|t:|1698532675\n|move|p1a: Corviknight|Protect|p1a: Corviknight\n|-singleturn|p1a: Corviknight|Protect\n|move|p2a: R E S P E C T|Agility|p2a: R E S P E C T\n|-boost|p2a: R E S P E C T|spe|2\n|\n|-heal|p1a: Corviknight|100\/100 brn|[from] item: Leftovers\n|-damage|p1a: Corviknight|94\/100 brn|[from] brn\n|upkeep\n|turn|103\n|\n|t:|1698532682\n|switch|p1a: Dondozo|Dondozo, M, tera:Normal|97\/100\n|move|p2a: R E S P E C T|Wave Crash|p1a: Dondozo\n|-crit|p1a: Dondozo\n|-damage|p1a: Dondozo|54\/100\n|-damage|p2a: R E S P E C T|48\/100|[from] Recoil\n|\n|-heal|p1a: Dondozo|60\/100|[from] item: Leftovers\n|upkeep\n|turn|104\n|\n|t:|1698532693\n|switch|p2a: Squishmallow|Clodsire, F|100\/100\n|move|p1a: Dondozo|Curse|p1a: Dondozo\n|-unboost|p1a: Dondozo|spe|1\n|-boost|p1a: Dondozo|atk|1\n|-boost|p1a: Dondozo|def|1\n|\n|-heal|p1a: Dondozo|66\/100|[from] item: Leftovers\n|upkeep\n|turn|105\n|\n|t:|1698532703\n|move|p2a: Squishmallow|Toxic|p1a: Dondozo\n|-status|p1a: Dondozo|tox\n|move|p1a: Dondozo|Rest|p1a: Dondozo\n|-status|p1a: Dondozo|slp|[from] move: Rest\n|-heal|p1a: Dondozo|100\/100 slp|[silent]\n|\n|upkeep\n|turn|106\n|\n|t:|1698532706\n|move|p2a: Squishmallow|Spikes|p1a: Dondozo\n|-sidestart|p1: Snorlax Chef|Spikes\n|cant|p1a: Dondozo|slp\n|move|p1a: Dondozo|Sleep Talk|p1a: Dondozo\n|move|p1a: Dondozo|Liquidation|p2a: Squishmallow|[from]move: Sleep Talk\n|-immune|p2a: Squishmallow|[from] ability: Water Absorb\n|\n|upkeep\n|turn|107\n|\n|t:|1698532719\n|move|p2a: Squishmallow|Spikes|p1a: Dondozo\n|-sidestart|p1: Snorlax Chef|Spikes\n|cant|p1a: Dondozo|slp\n|move|p1a: Dondozo|Sleep Talk|p1a: Dondozo\n|move|p1a: Dondozo|Liquidation|p2a: Squishmallow|[from]move: Sleep Talk\n|-immune|p2a: Squishmallow|[from] ability: Water Absorb\n|\n|upkeep\n|turn|108\n|\n|t:|1698532722\n|move|p2a: Squishmallow|Spikes|p1a: Dondozo\n|-sidestart|p1: Snorlax Chef|Spikes\n|-curestatus|p1a: Dondozo|slp|[msg]\n|move|p1a: Dondozo|Curse|p1a: Dondozo\n|-unboost|p1a: Dondozo|spe|1\n|-boost|p1a: Dondozo|atk|1\n|-boost|p1a: Dondozo|def|1\n|\n|upkeep\n|turn|109\n|\n|t:|1698532729\n|move|p2a: Squishmallow|Toxic|p1a: Dondozo\n|-status|p1a: Dondozo|tox\n|move|p1a: Dondozo|Curse|p1a: Dondozo\n|-unboost|p1a: Dondozo|spe|1\n|-boost|p1a: Dondozo|atk|1\n|-boost|p1a: Dondozo|def|1\n|\n|-damage|p1a: Dondozo|94\/100 tox|[from] psn\n|upkeep\n|turn|110\n|\n|t:|1698532744\n|move|p2a: Squishmallow|Spikes||[still]\n|-fail|p2a: Squishmallow\n|move|p1a: Dondozo|Rest|p1a: Dondozo\n|-status|p1a: Dondozo|slp|[from] move: Rest\n|-heal|p1a: Dondozo|100\/100 slp|[silent]\n|\n|upkeep\n|turn|111\n|\n|t:|1698532750\n|move|p2a: Squishmallow|Spikes||[still]\n|-fail|p2a: Squishmallow\n|cant|p1a: Dondozo|slp\n|move|p1a: Dondozo|Sleep Talk|p1a: Dondozo\n|move|p1a: Dondozo|Curse|p1a: Dondozo|[from]move: Sleep Talk\n|-unboost|p1a: Dondozo|spe|1\n|-boost|p1a: Dondozo|atk|1\n|-boost|p1a: Dondozo|def|1\n|\n|upkeep\n|turn|112\n|\n|t:|1698532753\n|move|p2a: Squishmallow|Spikes||[still]\n|-fail|p2a: Squishmallow\n|cant|p1a: Dondozo|slp\n|move|p1a: Dondozo|Sleep Talk|p1a: Dondozo\n|move|p1a: Dondozo|Curse|p1a: Dondozo|[from]move: Sleep Talk\n|-unboost|p1a: Dondozo|spe|1\n|-boost|p1a: Dondozo|atk|1\n|-boost|p1a: Dondozo|def|1\n|\n|upkeep\n|turn|113\n|\n|t:|1698532759\n|move|p2a: Squishmallow|Spikes||[still]\n|-fail|p2a: Squishmallow\n|-curestatus|p1a: Dondozo|slp|[msg]\n|move|p1a: Dondozo|Liquidation|p2a: Squishmallow\n|-immune|p2a: Squishmallow|[from] ability: Water Absorb\n|\n|upkeep\n|turn|114\n|\n|t:|1698532762\n|switch|p1a: Corviknight|Corviknight, F|94\/100 brn\n|-ability|p1a: Corviknight|Pressure\n|move|p2a: Squishmallow|Toxic||[still]\n|-fail|p2a: Squishmallow\n|\n|-heal|p1a: Corviknight|100\/100 brn|[from] item: Leftovers\n|-damage|p1a: Corviknight|94\/100 brn|[from] brn\n|upkeep\n|turn|115\n|\n|t:|1698532767\n|switch|p2a: R E S P E C T|Basculegion, M|48\/100\n|move|p1a: Corviknight|Defog|p2a: R E S P E C T\n|-unboost|p2a: R E S P E C T|evasion|1\n|-sideend|p1: Snorlax Chef|Spikes|[from] move: Defog|[of] p1a: Corviknight\n|\n|-heal|p1a: Corviknight|100\/100 brn|[from] item: Leftovers\n|-damage|p1a: Corviknight|94\/100 brn|[from] brn\n|upkeep\n|turn|116\n|\n|t:|1698532777\n|switch|p2a: Squishmallow|Clodsire, F|100\/100\n|move|p1a: Corviknight|Protect||[still]\n|-fail|p1a: Corviknight\n|\n|-heal|p1a: Corviknight|100\/100 brn|[from] item: Leftovers\n|-damage|p1a: Corviknight|94\/100 brn|[from] brn\n|upkeep\n|turn|117\n|\n|t:|1698532782\n|switch|p2a: R E S P E C T|Basculegion, M|48\/100\n|move|p1a: Corviknight|Steel Wing|p2a: R E S P E C T\n|-resisted|p2a: R E S P E C T\n|-damage|p2a: R E S P E C T|42\/100\n|\n|-heal|p1a: Corviknight|100\/100 brn|[from] item: Leftovers\n|-damage|p1a: Corviknight|94\/100 brn|[from] brn\n|upkeep\n|turn|118\n|\n|t:|1698532791\n|switch|p1a: Dondozo|Dondozo, M, tera:Normal|100\/100\n|move|p2a: R E S P E C T|Wave Crash|p1a: Dondozo\n|-damage|p1a: Dondozo|74\/100\n|-damage|p2a: R E S P E C T|32\/100|[from] Recoil\n|\n|-heal|p1a: Dondozo|80\/100|[from] item: Leftovers\n|upkeep\n|turn|119\n|\n|t:|1698532805\n|switch|p2a: Squishmallow|Clodsire, F|100\/100\n|move|p1a: Dondozo|Liquidation|p2a: Squishmallow\n|-immune|p2a: Squishmallow|[from] ability: Water Absorb\n|\n|-heal|p1a: Dondozo|87\/100|[from] item: Leftovers\n|upkeep\n|turn|120\n|\n|t:|1698532809\n|switch|p1a: Corviknight|Corviknight, F|94\/100 brn\n|-ability|p1a: Corviknight|Pressure\n|move|p2a: Squishmallow|Toxic||[still]\n|-fail|p2a: Squishmallow\n|\n|-heal|p1a: Corviknight|100\/100 brn|[from] item: Leftovers\n|-damage|p1a: Corviknight|94\/100 brn|[from] brn\n|upkeep\n|turn|121\n|\n|t:|1698532813\n|move|p1a: Corviknight|Steel Wing|p2a: Squishmallow\n|-damage|p2a: Squishmallow|88\/100\n|move|p2a: Squishmallow|Spikes|p1a: Corviknight\n|-sidestart|p1: Snorlax Chef|Spikes\n|\n|-heal|p1a: Corviknight|100\/100 brn|[from] item: Leftovers\n|-heal|p2a: Squishmallow|94\/100|[from] item: Leftovers\n|-damage|p1a: Corviknight|94\/100 brn|[from] brn\n|upkeep\n|turn|122\n|\n|t:|1698532824\n|switch|p2a: R E S P E C T|Basculegion, M|32\/100\n|move|p1a: Corviknight|Defog|p2a: R E S P E C T\n|-unboost|p2a: R E S P E C T|evasion|1\n|-sideend|p1: Snorlax Chef|Spikes|[from] move: Defog|[of] p1a: Corviknight\n|\n|-heal|p1a: Corviknight|100\/100 brn|[from] item: Leftovers\n|-damage|p1a: Corviknight|94\/100 brn|[from] brn\n|upkeep\n|turn|123\n|\n|t:|1698532829\n|switch|p1a: Dondozo|Dondozo, M, tera:Normal|87\/100\n|move|p2a: R E S P E C T|Last Respects|p1a: Dondozo\n|-immune|p1a: Dondozo\n|\n|-heal|p1a: Dondozo|93\/100|[from] item: Leftovers\n|upkeep\n|turn|124\n|\n|t:|1698532836\n|switch|p2a: Squishmallow|Clodsire, F|94\/100\n|move|p1a: Dondozo|Curse|p1a: Dondozo\n|-unboost|p1a: Dondozo|spe|1\n|-boost|p1a: Dondozo|atk|1\n|-boost|p1a: Dondozo|def|1\n|\n|-heal|p2a: Squishmallow|99\/100|[from] item: Leftovers\n|-heal|p1a: Dondozo|99\/100|[from] item: Leftovers\n|upkeep\n|turn|125\n|\n|t:|1698532845\n|switch|p1a: Corviknight|Corviknight, F|94\/100 brn\n|-ability|p1a: Corviknight|Pressure\n|move|p2a: Squishmallow|Spikes|p1a: Corviknight\n|-sidestart|p1: Snorlax Chef|Spikes\n|\n|-heal|p1a: Corviknight|100\/100 brn|[from] item: Leftovers\n|-heal|p2a: Squishmallow|100\/100|[from] item: Leftovers\n|-damage|p1a: Corviknight|94\/100 brn|[from] brn\n|upkeep\n|turn|126\n|c|\u2606Snorlax Chef|U can\u2019t win noob\n|c|\u2606Snorlax Chef|only if u crit\n|\n|t:|1698532861\n|switch|p2a: R E S P E C T|Basculegion, M|32\/100\n|move|p1a: Corviknight|Steel Wing|p2a: R E S P E C T\n|-resisted|p2a: R E S P E C T\n|-damage|p2a: R E S P E C T|26\/100\n|\n|-heal|p1a: Corviknight|100\/100 brn|[from] item: Leftovers\n|-damage|p1a: Corviknight|94\/100 brn|[from] brn\n|upkeep\n|turn|127\n|\n|t:|1698532866\n|move|p1a: Corviknight|Protect|p1a: Corviknight\n|-singleturn|p1a: Corviknight|Protect\n|move|p2a: R E S P E C T|Agility|p2a: R E S P E C T\n|-boost|p2a: R E S P E C T|spe|2\n|\n|-heal|p1a: Corviknight|100\/100 brn|[from] item: Leftovers\n|-damage|p1a: Corviknight|94\/100 brn|[from] brn\n|upkeep\n|turn|128\n|\n|t:|1698532872\n|switch|p1a: Dondozo|Dondozo, M, tera:Normal|99\/100\n|-damage|p1a: Dondozo|86\/100|[from] Spikes\n|move|p2a: R E S P E C T|Agility|p2a: R E S P E C T\n|-boost|p2a: R E S P E C T|spe|2\n|\n|-heal|p1a: Dondozo|93\/100|[from] item: Leftovers\n|upkeep\n|turn|129\n|\n|t:|1698532875\n|switch|p2a: Squishmallow|Clodsire, F|100\/100\n|move|p1a: Dondozo|Liquidation|p2a: Squishmallow\n|-immune|p2a: Squishmallow|[from] ability: Water Absorb\n|\n|-heal|p1a: Dondozo|99\/100|[from] item: Leftovers\n|upkeep\n|turn|130\n|\n|t:|1698532882\n|switch|p1a: Corviknight|Corviknight, F|94\/100 brn\n|-ability|p1a: Corviknight|Pressure\n|move|p2a: Squishmallow|Earthquake|p1a: Corviknight\n|-immune|p1a: Corviknight\n|\n|-heal|p1a: Corviknight|100\/100 brn|[from] item: Leftovers\n|-damage|p1a: Corviknight|94\/100 brn|[from] brn\n|upkeep\n|turn|131\n|\n|t:|1698532890\n|switch|p2a: R E S P E C T|Basculegion, M|26\/100\n|move|p1a: Corviknight|Defog|p2a: R E S P E C T\n|-unboost|p2a: R E S P E C T|evasion|1\n|-sideend|p1: Snorlax Chef|Spikes|[from] move: Defog|[of] p1a: Corviknight\n|\n|-heal|p1a: Corviknight|100\/100 brn|[from] item: Leftovers\n|-damage|p1a: Corviknight|94\/100 brn|[from] brn\n|upkeep\n|turn|132\n|\n|t:|1698532898\n|switch|p1a: Alomomola|Alomomola, F|100\/100 brn\n|move|p2a: R E S P E C T|Agility|p2a: R E S P E C T\n|-boost|p2a: R E S P E C T|spe|2\n|\n|-damage|p1a: Alomomola|94\/100 brn|[from] brn\n|upkeep\n|turn|133\n|\n|t:|1698532905\n|switch|p1a: Dondozo|Dondozo, M, tera:Normal|99\/100\n|move|p2a: R E S P E C T|Last Respects|p1a: Dondozo\n|-immune|p1a: Dondozo\n|\n|-heal|p1a: Dondozo|100\/100|[from] item: Leftovers\n|upkeep\n|turn|134\n|\n|t:|1698532914\n|switch|p1a: Alomomola|Alomomola, F|100\/100 brn\n|move|p2a: R E S P E C T|Wave Crash|p1a: Alomomola\n|-resisted|p1a: Alomomola\n|-damage|p1a: Alomomola|84\/100 brn\n|-damage|p2a: R E S P E C T|19\/100|[from] Recoil\n|\n|-damage|p1a: Alomomola|77\/100 brn|[from] brn\n|upkeep\n|turn|135\n|\n|t:|1698532922\n|switch|p2a: Squishmallow|Clodsire, F|100\/100\n|move|p1a: Alomomola|Protect||[still]\n|-fail|p1a: Alomomola\n|\n|-damage|p1a: Alomomola|71\/100 brn|[from] brn\n|upkeep\n|turn|136\n|\n|t:|1698532931\n|switch|p1a: Corviknight|Corviknight, F|94\/100 brn\n|-ability|p1a: Corviknight|Pressure\n|move|p2a: Squishmallow|Spikes|p1a: Corviknight\n|-sidestart|p1: Snorlax Chef|Spikes\n|\n|-heal|p1a: Corviknight|100\/100 brn|[from] item: Leftovers\n|-damage|p1a: Corviknight|94\/100 brn|[from] brn\n|upkeep\n|turn|137\n|\n|t:|1698532936\n|switch|p2a: R E S P E C T|Basculegion, M|19\/100\n|move|p1a: Corviknight|Defog|p2a: R E S P E C T\n|-unboost|p2a: R E S P E C T|evasion|1\n|-sideend|p1: Snorlax Chef|Spikes|[from] move: Defog|[of] p1a: Corviknight\n|\n|-heal|p1a: Corviknight|100\/100 brn|[from] item: Leftovers\n|-damage|p1a: Corviknight|94\/100 brn|[from] brn\n|upkeep\n|turn|138\n|\n|t:|1698532939\n|switch|p1a: Dondozo|Dondozo, M, tera:Normal|100\/100\n|move|p2a: R E S P E C T|Wave Crash|p1a: Dondozo\n|-damage|p1a: Dondozo|75\/100\n|-damage|p2a: R E S P E C T|8\/100|[from] Recoil\n|\n|-heal|p1a: Dondozo|81\/100|[from] item: Leftovers\n|upkeep\n|turn|139\n|\n|t:|1698532951\n|move|p2a: R E S P E C T|Last Respects|p1a: Dondozo\n|-immune|p1a: Dondozo\n|move|p1a: Dondozo|Curse|p1a: Dondozo\n|-unboost|p1a: Dondozo|spe|1\n|-boost|p1a: Dondozo|atk|1\n|-boost|p1a: Dondozo|def|1\n|\n|-heal|p1a: Dondozo|87\/100|[from] item: Leftovers\n|upkeep\n|turn|140\n|\n|t:|1698532957\n|switch|p2a: Squishmallow|Clodsire, F|100\/100\n|move|p1a: Dondozo|Liquidation|p2a: Squishmallow\n|-immune|p2a: Squishmallow|[from] ability: Water Absorb\n|\n|-heal|p1a: Dondozo|93\/100|[from] item: Leftovers\n|upkeep\n|turn|141\n|\n|t:|1698532962\n|switch|p1a: Corviknight|Corviknight, F|94\/100 brn\n|-ability|p1a: Corviknight|Pressure\n|move|p2a: Squishmallow|Toxic||[still]\n|-fail|p2a: Squishmallow\n|\n|-heal|p1a: Corviknight|100\/100 brn|[from] item: Leftovers\n|-damage|p1a: Corviknight|94\/100 brn|[from] brn\n|upkeep\n|turn|142\n|\n|t:|1698532972\n|move|p1a: Corviknight|Steel Wing|p2a: Squishmallow\n|-damage|p2a: Squishmallow|89\/100\n|-boost|p1a: Corviknight|def|1\n|move|p2a: Squishmallow|Earthquake|p1a: Corviknight\n|-immune|p1a: Corviknight\n|\n|-heal|p1a: Corviknight|100\/100 brn|[from] item: Leftovers\n|-heal|p2a: Squishmallow|95\/100|[from] item: Leftovers\n|-damage|p1a: Corviknight|94\/100 brn|[from] brn\n|upkeep\n|turn|143\n|\n|t:|1698532978\n|move|p1a: Corviknight|Steel Wing|p2a: Squishmallow\n|-damage|p2a: Squishmallow|84\/100\n|move|p2a: Squishmallow|Earthquake|p1a: Corviknight\n|-immune|p1a: Corviknight\n|\n|-heal|p1a: Corviknight|100\/100 brn|[from] item: Leftovers\n|-heal|p2a: Squishmallow|90\/100|[from] item: Leftovers\n|-damage|p1a: Corviknight|94\/100 brn|[from] brn\n|upkeep\n|turn|144\n|\n|t:|1698532982\n|switch|p2a: R E S P E C T|Basculegion, M|8\/100\n|move|p1a: Corviknight|Steel Wing|p2a: R E S P E C T\n|-resisted|p2a: R E S P E C T\n|-damage|p2a: R E S P E C T|2\/100\n|\n|-heal|p1a: Corviknight|100\/100 brn|[from] item: Leftovers\n|-damage|p1a: Corviknight|94\/100 brn|[from] brn\n|upkeep\n|turn|145\n|\n|t:|1698532987\n|switch|p1a: Dondozo|Dondozo, M, tera:Normal|93\/100\n|move|p2a: R E S P E C T|Last Respects|p1a: Dondozo\n|-immune|p1a: Dondozo\n|\n|-heal|p1a: Dondozo|99\/100|[from] item: Leftovers\n|upkeep\n|turn|146\n|\n|t:|1698532992\n|switch|p2a: Squishmallow|Clodsire, F|90\/100\n|move|p1a: Dondozo|Liquidation|p2a: Squishmallow\n|-heal|p2a: Squishmallow|100\/100|[from] ability: Water Absorb|[of] p1a: Dondozo\n|\n|-heal|p1a: Dondozo|100\/100|[from] item: Leftovers\n|upkeep\n|turn|147\n|\n|t:|1698532998\n|switch|p1a: Corviknight|Corviknight, F|94\/100 brn\n|-ability|p1a: Corviknight|Pressure\n|move|p2a: Squishmallow|Toxic||[still]\n|-fail|p2a: Squishmallow\n|\n|-heal|p1a: Corviknight|100\/100 brn|[from] item: Leftovers\n|-damage|p1a: Corviknight|94\/100 brn|[from] brn\n|upkeep\n|turn|148\n|\n|t:|1698533002\n|switch|p2a: R E S P E C T|Basculegion, M|2\/100\n|move|p1a: Corviknight|Steel Wing|p2a: R E S P E C T\n|-resisted|p2a: R E S P E C T\n|-damage|p2a: R E S P E C T|0 fnt\n|faint|p2a: R E S P E C T\n|\n|-heal|p1a: Corviknight|100\/100 brn|[from] item: Leftovers\n|-damage|p1a: Corviknight|94\/100 brn|[from] brn\n|upkeep\n|\n|t:|1698533004\n|switch|p2a: Squishmallow|Clodsire, F|100\/100\n|turn|149\n|c|\u2606Snorlax Chef|Eeeeeeeeeeeez\n|\n|t:|1698533012\n|switch|p1a: Alomomola|Alomomola, F|100\/100 brn\n|move|p2a: Squishmallow|Toxic||[still]\n|-fail|p2a: Squishmallow\n|\n|-damage|p1a: Alomomola|94\/100 brn|[from] brn\n|upkeep\n|turn|150\n|\n|t:|1698533019\n|switch|p1a: Corviknight|Corviknight, F|94\/100 brn\n|-ability|p1a: Corviknight|Pressure\n|move|p2a: Squishmallow|Toxic||[still]\n|-fail|p2a: Squishmallow\n|\n|-heal|p1a: Corviknight|100\/100 brn|[from] item: Leftovers\n|-damage|p1a: Corviknight|94\/100 brn|[from] brn\n|upkeep\n|turn|151\n|\n|t:|1698533021\n|switch|p1a: Alomomola|Alomomola, F|100\/100 brn\n|move|p2a: Squishmallow|Toxic||[still]\n|-fail|p2a: Squishmallow\n|\n|-damage|p1a: Alomomola|94\/100 brn|[from] brn\n|upkeep\n|turn|152\n|\n|t:|1698533024\n|switch|p1a: Corviknight|Corviknight, F|94\/100 brn\n|-ability|p1a: Corviknight|Pressure\n|move|p2a: Squishmallow|Recover||[still]\n|-fail|p2a: Squishmallow|heal\n|\n|-heal|p1a: Corviknight|100\/100 brn|[from] item: Leftovers\n|-damage|p1a: Corviknight|94\/100 brn|[from] brn\n|upkeep\n|turn|153\n|\n|t:|1698533026\n|switch|p1a: Alomomola|Alomomola, F|100\/100 brn\n|move|p2a: Squishmallow|Recover||[still]\n|-fail|p2a: Squishmallow|heal\n|\n|-damage|p1a: Alomomola|94\/100 brn|[from] brn\n|upkeep\n|turn|154\n|\n|t:|1698533030\n|move|p1a: Alomomola|Scald|p2a: Squishmallow\n|-immune|p2a: Squishmallow|[from] ability: Water Absorb\n|move|p2a: Squishmallow|Recover||[still]\n|-fail|p2a: Squishmallow|heal\n|\n|-damage|p1a: Alomomola|88\/100 brn|[from] brn\n|upkeep\n|turn|155\n|\n|t:|1698533038\n|switch|p1a: Corviknight|Corviknight, F|94\/100 brn\n|-ability|p1a: Corviknight|Pressure\n|move|p2a: Squishmallow|Recover||[still]\n|-fail|p2a: Squishmallow|heal\n|\n|-heal|p1a: Corviknight|100\/100 brn|[from] item: Leftovers\n|-damage|p1a: Corviknight|94\/100 brn|[from] brn\n|upkeep\n|turn|156\n|\n|t:|1698533047\n|switch|p1a: Dondozo|Dondozo, M, tera:Normal|100\/100\n|move|p2a: Squishmallow|Recover||[still]\n|-fail|p2a: Squishmallow|heal\n|\n|upkeep\n|turn|157\n|\n|t:|1698533056\n|move|p1a: Dondozo|Sleep Talk||[still]\n|-fail|p1a: Dondozo\n|move|p2a: Squishmallow|Recover||[still]\n|-fail|p2a: Squishmallow|heal\n|\n|upkeep\n|turn|158\n|c|\u2606Snorlax Chef|Oooooo\n|c|\u2606treegirl22|well i tried at least\n|c|\u2606Snorlax Chef|Let\u2019s wait a bit\n|inactive|Snorlax Chef has 120 seconds left.\n|\n|t:|1698533099\n|move|p1a: Dondozo|Rest|p1a: Dondozo\n|-fail|p1a: Dondozo|heal\n|move|p2a: Squishmallow|Recover||[still]\n|-fail|p2a: Squishmallow|heal\n|\n|upkeep\n|turn|159\n|c|\u2606Snorlax Chef|Let\u2019s be toxic with the toxic player\n|inactive|Snorlax Chef has 90 seconds left.\n|c|\u2606treegirl22|?\n|c|\u2606treegirl22|how am i a toxic player?\n|inactive|Snorlax Chef has 60 seconds left.\n|inactive|Snorlax Chef has 30 seconds left.\n|\n|t:|1698533193\n|switch|p1a: Alomomola|Alomomola, F|100\/100 brn\n|move|p2a: Squishmallow|Recover||[still]\n|-fail|p2a: Squishmallow|heal\n|\n|-damage|p1a: Alomomola|94\/100 brn|[from] brn\n|upkeep\n|turn|160\n|inactive|Snorlax Chef has 30 seconds left this turn.\n|\n|t:|1698533204\n|switch|p1a: Corviknight|Corviknight, F|94\/100 brn\n|-ability|p1a: Corviknight|Pressure\n|-activate|p2a: Squishmallow|move: Struggle\n|move|p2a: Squishmallow|Struggle|p1a: Corviknight\n|-damage|p1a: Corviknight|89\/100 brn\n|-damage|p2a: Squishmallow|75\/100|[from] recoil\n|\n|-heal|p1a: Corviknight|95\/100 brn|[from] item: Leftovers\n|-heal|p2a: Squishmallow|82\/100|[from] item: Leftovers\n|-damage|p1a: Corviknight|89\/100 brn|[from] brn\n|upkeep\n|turn|161\n|inactive|Snorlax Chef has 30 seconds left this turn.\n|\n|t:|1698533211\n|switch|p1a: Alomomola|Alomomola, F|100\/100 brn\n|-activate|p2a: Squishmallow|move: Struggle\n|move|p2a: Squishmallow|Struggle|p1a: Alomomola\n|-damage|p1a: Alomomola|95\/100 brn\n|-damage|p2a: Squishmallow|57\/100|[from] recoil\n|\n|-heal|p2a: Squishmallow|63\/100|[from] item: Leftovers\n|-damage|p1a: Alomomola|89\/100 brn|[from] brn\n|upkeep\n|turn|162\n|inactive|Snorlax Chef has 30 seconds left this turn.\n|inactive|Snorlax Chef has 20 seconds left.\n|\n|t:|1698533226\n|move|p1a: Alomomola|Flip Turn|p2a: Squishmallow\n|-heal|p2a: Squishmallow|88\/100|[from] ability: Water Absorb|[of] p1a: Alomomola\n|-activate|p2a: Squishmallow|move: Struggle\n|move|p2a: Squishmallow|Struggle|p1a: Alomomola\n|-damage|p1a: Alomomola|84\/100 brn\n|-damage|p2a: Squishmallow|63\/100|[from] recoil\n|\n|-heal|p2a: Squishmallow|69\/100|[from] item: Leftovers\n|-damage|p1a: Alomomola|78\/100 brn|[from] brn\n|upkeep\n|turn|163\n|inactive|Snorlax Chef has 25 seconds left this turn.\n|\n|t:|1698533232\n|move|p1a: Alomomola|Scald|p2a: Squishmallow\n|-heal|p2a: Squishmallow|94\/100|[from] ability: Water Absorb|[of] p1a: Alomomola\n|-activate|p2a: Squishmallow|move: Struggle\n|move|p2a: Squishmallow|Struggle|p1a: Alomomola\n|-damage|p1a: Alomomola|74\/100 brn\n|-damage|p2a: Squishmallow|69\/100|[from] recoil\n|\n|-heal|p2a: Squishmallow|75\/100|[from] item: Leftovers\n|-damage|p1a: Alomomola|67\/100 brn|[from] brn\n|upkeep\n|turn|164\n|inactive|Snorlax Chef has 30 seconds left this turn.\n|\n|t:|1698533239\n|move|p1a: Alomomola|Scald|p2a: Squishmallow\n|-heal|p2a: Squishmallow|100\/100|[from] ability: Water Absorb|[of] p1a: Alomomola\n|-activate|p2a: Squishmallow|move: Struggle\n|move|p2a: Squishmallow|Struggle|p1a: Alomomola\n|-damage|p1a: Alomomola|62\/100 brn\n|-damage|p2a: Squishmallow|75\/100|[from] recoil\n|\n|-heal|p2a: Squishmallow|82\/100|[from] item: Leftovers\n|-damage|p1a: Alomomola|56\/100 brn|[from] brn\n|upkeep\n|turn|165\n|\n|t:|1698533244\n|move|p1a: Alomomola|Scald|p2a: Squishmallow\n|-heal|p2a: Squishmallow|100\/100|[from] ability: Water Absorb|[of] p1a: Alomomola\n|-activate|p2a: Squishmallow|move: Struggle\n|move|p2a: Squishmallow|Struggle|p1a: Alomomola\n|-damage|p1a: Alomomola|52\/100 brn\n|-damage|p2a: Squishmallow|75\/100|[from] recoil\n|\n|-heal|p2a: Squishmallow|82\/100|[from] item: Leftovers\n|-damage|p1a: Alomomola|46\/100 brn|[from] brn\n|upkeep\n|turn|166\n|\n|t:|1698533249\n|move|p1a: Alomomola|Wish|p1a: Alomomola\n|-activate|p2a: Squishmallow|move: Struggle\n|move|p2a: Squishmallow|Struggle|p1a: Alomomola\n|-damage|p1a: Alomomola|40\/100 brn\n|-damage|p2a: Squishmallow|57\/100|[from] recoil\n|\n|-heal|p2a: Squishmallow|63\/100|[from] item: Leftovers\n|-damage|p1a: Alomomola|34\/100 brn|[from] brn\n|upkeep\n|turn|167\n|\n|t:|1698533253\n|move|p1a: Alomomola|Protect|p1a: Alomomola\n|-singleturn|p1a: Alomomola|Protect\n|-activate|p2a: Squishmallow|move: Struggle\n|move|p2a: Squishmallow|Struggle|p1a: Alomomola\n|-activate|p1a: Alomomola|move: Protect\n|\n|-heal|p1a: Alomomola|84\/100 brn|[from] move: Wish|[wisher] Alomomola\n|-heal|p2a: Squishmallow|69\/100|[from] item: Leftovers\n|-damage|p1a: Alomomola|78\/100 brn|[from] brn\n|upkeep\n|turn|168\n|\n|t:|1698533255\n|move|p1a: Alomomola|Scald|p2a: Squishmallow\n|-heal|p2a: Squishmallow|94\/100|[from] ability: Water Absorb|[of] p1a: Alomomola\n|-activate|p2a: Squishmallow|move: Struggle\n|move|p2a: Squishmallow|Struggle|p1a: Alomomola\n|-damage|p1a: Alomomola|73\/100 brn\n|-damage|p2a: Squishmallow|69\/100|[from] recoil\n|\n|-heal|p2a: Squishmallow|75\/100|[from] item: Leftovers\n|-damage|p1a: Alomomola|67\/100 brn|[from] brn\n|upkeep\n|turn|169\n|\n|t:|1698533263\n|move|p1a: Alomomola|Scald|p2a: Squishmallow\n|-heal|p2a: Squishmallow|100\/100|[from] ability: Water Absorb|[of] p1a: Alomomola\n|-activate|p2a: Squishmallow|move: Struggle\n|move|p2a: Squishmallow|Struggle|p1a: Alomomola\n|-damage|p1a: Alomomola|62\/100 brn\n|-damage|p2a: Squishmallow|75\/100|[from] recoil\n|\n|-heal|p2a: Squishmallow|82\/100|[from] item: Leftovers\n|-damage|p1a: Alomomola|56\/100 brn|[from] brn\n|upkeep\n|turn|170\n|\n|t:|1698533270\n|move|p1a: Alomomola|Wish|p1a: Alomomola\n|-activate|p2a: Squishmallow|move: Struggle\n|move|p2a: Squishmallow|Struggle|p1a: Alomomola\n|-damage|p1a: Alomomola|51\/100 brn\n|-damage|p2a: Squishmallow|57\/100|[from] recoil\n|\n|-heal|p2a: Squishmallow|63\/100|[from] item: Leftovers\n|-damage|p1a: Alomomola|45\/100 brn|[from] brn\n|upkeep\n|turn|171\n|\n|t:|1698533280\n|move|p1a: Alomomola|Scald|p2a: Squishmallow\n|-heal|p2a: Squishmallow|88\/100|[from] ability: Water Absorb|[of] p1a: Alomomola\n|-activate|p2a: Squishmallow|move: Struggle\n|move|p2a: Squishmallow|Struggle|p1a: Alomomola\n|-damage|p1a: Alomomola|40\/100 brn\n|-damage|p2a: Squishmallow|63\/100|[from] recoil\n|\n|-heal|p1a: Alomomola|90\/100 brn|[from] move: Wish|[wisher] Alomomola\n|-heal|p2a: Squishmallow|69\/100|[from] item: Leftovers\n|-damage|p1a: Alomomola|84\/100 brn|[from] brn\n|upkeep\n|turn|172\n|c|\u2606Snorlax Chef|Cmon\n|c|\u2606Snorlax Chef|quit\n|\n|t:|1698533304\n|move|p1a: Alomomola|Wish|p1a: Alomomola\n|-activate|p2a: Squishmallow|move: Struggle\n|move|p2a: Squishmallow|Struggle|p1a: Alomomola\n|-damage|p1a: Alomomola|80\/100 brn\n|-damage|p2a: Squishmallow|44\/100|[from] recoil\n|\n|-heal|p2a: Squishmallow|50\/100|[from] item: Leftovers\n|-damage|p1a: Alomomola|74\/100 brn|[from] brn\n|upkeep\n|turn|173\n|\n|t:|1698533312\n|move|p1a: Alomomola|Scald|p2a: Squishmallow\n|-heal|p2a: Squishmallow|75\/100|[from] ability: Water Absorb|[of] p1a: Alomomola\n|-activate|p2a: Squishmallow|move: Struggle\n|move|p2a: Squishmallow|Struggle|p1a: Alomomola\n|-damage|p1a: Alomomola|68\/100 brn\n|-damage|p2a: Squishmallow|50\/100|[from] recoil\n|\n|-heal|p1a: Alomomola|100\/100 brn|[from] move: Wish|[wisher] Alomomola\n|-heal|p2a: Squishmallow|57\/100|[from] item: Leftovers\n|-damage|p1a: Alomomola|94\/100 brn|[from] brn\n|upkeep\n|turn|174\n|c|\u2606Snorlax Chef|And next time you delete flutter mane from ur team\n|inactive|Snorlax Chef has 30 seconds left.\n|c|\u2606Snorlax Chef|sun and rain\n|c|\u2606Snorlax Chef|imagine\n|c|\u2606treegirl22|lol\n|\n|t:|1698533339\n|move|p1a: Alomomola|Scald|p2a: Squishmallow\n|-heal|p2a: Squishmallow|82\/100|[from] ability: Water Absorb|[of] p1a: Alomomola\n|-activate|p2a: Squishmallow|move: Struggle\n|move|p2a: Squishmallow|Struggle|p1a: Alomomola\n|-damage|p1a: Alomomola|89\/100 brn\n|-damage|p2a: Squishmallow|57\/100|[from] recoil\n|\n|-heal|p2a: Squishmallow|63\/100|[from] item: Leftovers\n|-damage|p1a: Alomomola|83\/100 brn|[from] brn\n|upkeep\n|turn|175\n|inactive|Snorlax Chef has 30 seconds left this turn.\n|c|\u2606treegirl22|why are you being salty? you won\n|\n|t:|1698533352\n|move|p1a: Alomomola|Scald|p2a: Squishmallow\n|-heal|p2a: Squishmallow|88\/100|[from] ability: Water Absorb|[of] p1a: Alomomola\n|-activate|p2a: Squishmallow|move: Struggle\n|move|p2a: Squishmallow|Struggle|p1a: Alomomola\n|-damage|p1a: Alomomola|78\/100 brn\n|-damage|p2a: Squishmallow|63\/100|[from] recoil\n|\n|-heal|p2a: Squishmallow|69\/100|[from] item: Leftovers\n|-damage|p1a: Alomomola|72\/100 brn|[from] brn\n|upkeep\n|turn|176\n|inactive|Snorlax Chef has 30 seconds left.\n|inactive|Snorlax Chef has 20 seconds left.\n|inactive|Snorlax Chef has 15 seconds left.\n|\n|t:|1698533374\n|move|p1a: Alomomola|Wish|p1a: Alomomola\n|-activate|p2a: Squishmallow|move: Struggle\n|move|p2a: Squishmallow|Struggle|p1a: Alomomola\n|-damage|p1a: Alomomola|68\/100 brn\n|-damage|p2a: Squishmallow|44\/100|[from] recoil\n|\n|-heal|p2a: Squishmallow|50\/100|[from] item: Leftovers\n|-damage|p1a: Alomomola|61\/100 brn|[from] brn\n|upkeep\n|turn|177\n|inactive|Snorlax Chef has 20 seconds left this turn.\n|\n|t:|1698533379\n|move|p1a: Alomomola|Scald|p2a: Squishmallow\n|-heal|p2a: Squishmallow|75\/100|[from] ability: Water Absorb|[of] p1a: Alomomola\n|-activate|p2a: Squishmallow|move: Struggle\n|move|p2a: Squishmallow|Struggle|p1a: Alomomola\n|-crit|p1a: Alomomola\n|-damage|p1a: Alomomola|53\/100 brn\n|-damage|p2a: Squishmallow|50\/100|[from] recoil\n|\n|-heal|p1a: Alomomola|100\/100 brn|[from] move: Wish|[wisher] Alomomola\n|-heal|p2a: Squishmallow|57\/100|[from] item: Leftovers\n|-damage|p1a: Alomomola|94\/100 brn|[from] brn\n|upkeep\n|turn|178\n|inactive|Snorlax Chef has 25 seconds left this turn.\n|inactive|Snorlax Chef has 20 seconds left.\n|inactive|Snorlax Chef has 15 seconds left.\n|inactive|treegirl22 has 120 seconds left.\n|\n|t:|1698533404\n|move|p1a: Alomomola|Scald|p2a: Squishmallow\n|-heal|p2a: Squishmallow|82\/100|[from] ability: Water Absorb|[of] p1a: Alomomola\n|-activate|p2a: Squishmallow|move: Struggle\n|move|p2a: Squishmallow|Struggle|p1a: Alomomola\n|-damage|p1a: Alomomola|89\/100 brn\n|-damage|p2a: Squishmallow|57\/100|[from] recoil\n|\n|-heal|p2a: Squishmallow|63\/100|[from] item: Leftovers\n|-damage|p1a: Alomomola|83\/100 brn|[from] brn\n|upkeep\n|turn|179\n|inactive|Snorlax Chef has 20 seconds left this turn.\n|\n|t:|1698533410\n|move|p1a: Alomomola|Scald|p2a: Squishmallow\n|-heal|p2a: Squishmallow|88\/100|[from] ability: Water Absorb|[of] p1a: Alomomola\n|-activate|p2a: Squishmallow|move: Struggle\n|move|p2a: Squishmallow|Struggle|p1a: Alomomola\n|-damage|p1a: Alomomola|78\/100 brn\n|-damage|p2a: Squishmallow|63\/100|[from] recoil\n|\n|-heal|p2a: Squishmallow|69\/100|[from] item: Leftovers\n|-damage|p1a: Alomomola|72\/100 brn|[from] brn\n|upkeep\n|turn|180\n|inactive|Snorlax Chef has 25 seconds left this turn.\n|\n|t:|1698533412\n|move|p1a: Alomomola|Scald|p2a: Squishmallow\n|-heal|p2a: Squishmallow|94\/100|[from] ability: Water Absorb|[of] p1a: Alomomola\n|-activate|p2a: Squishmallow|move: Struggle\n|move|p2a: Squishmallow|Struggle|p1a: Alomomola\n|-damage|p1a: Alomomola|67\/100 brn\n|-damage|p2a: Squishmallow|69\/100|[from] recoil\n|\n|-heal|p2a: Squishmallow|75\/100|[from] item: Leftovers\n|-damage|p1a: Alomomola|61\/100 brn|[from] brn\n|upkeep\n|turn|181\n|inactive|Snorlax Chef has 30 seconds left this turn.\n|\n|t:|1698533425\n|move|p1a: Alomomola|Wish|p1a: Alomomola\n|-activate|p2a: Squishmallow|move: Struggle\n|move|p2a: Squishmallow|Struggle|p1a: Alomomola\n|-damage|p1a: Alomomola|56\/100 brn\n|-damage|p2a: Squishmallow|50\/100|[from] recoil\n|\n|-heal|p2a: Squishmallow|57\/100|[from] item: Leftovers\n|-damage|p1a: Alomomola|50\/100 brn|[from] brn\n|upkeep\n|turn|182\n|inactive|Snorlax Chef has 30 seconds left this turn.\n|\n|t:|1698533429\n|move|p1a: Alomomola|Scald|p2a: Squishmallow\n|-heal|p2a: Squishmallow|82\/100|[from] ability: Water Absorb|[of] p1a: Alomomola\n|-activate|p2a: Squishmallow|move: Struggle\n|move|p2a: Squishmallow|Struggle|p1a: Alomomola\n|-damage|p1a: Alomomola|45\/100 brn\n|-damage|p2a: Squishmallow|57\/100|[from] recoil\n|\n|-heal|p1a: Alomomola|95\/100 brn|[from] move: Wish|[wisher] Alomomola\n|-heal|p2a: Squishmallow|63\/100|[from] item: Leftovers\n|-damage|p1a: Alomomola|89\/100 brn|[from] brn\n|upkeep\n|turn|183\n|\n|t:|1698533438\n|move|p1a: Alomomola|Flip Turn|p2a: Squishmallow\n|-heal|p2a: Squishmallow|88\/100|[from] ability: Water Absorb|[of] p1a: Alomomola\n|-activate|p2a: Squishmallow|move: Struggle\n|move|p2a: Squishmallow|Struggle|p1a: Alomomola\n|-damage|p1a: Alomomola|84\/100 brn\n|-damage|p2a: Squishmallow|63\/100|[from] recoil\n|\n|-heal|p2a: Squishmallow|69\/100|[from] item: Leftovers\n|-damage|p1a: Alomomola|78\/100 brn|[from] brn\n|upkeep\n|turn|184\n|\n|t:|1698533445\n|switch|p1a: Dondozo|Dondozo, M, tera:Normal|100\/100\n|-activate|p2a: Squishmallow|move: Struggle\n|move|p2a: Squishmallow|Struggle|p1a: Dondozo\n|-damage|p1a: Dondozo|96\/100\n|-damage|p2a: Squishmallow|44\/100|[from] recoil\n|\n|-heal|p1a: Dondozo|100\/100|[from] item: Leftovers\n|-heal|p2a: Squishmallow|50\/100|[from] item: Leftovers\n|upkeep\n|turn|185\n|\n|t:|1698533448\n|move|p1a: Dondozo|Liquidation|p2a: Squishmallow\n|-heal|p2a: Squishmallow|75\/100|[from] ability: Water Absorb|[of] p1a: Dondozo\n|-activate|p2a: Squishmallow|move: Struggle\n|move|p2a: Squishmallow|Struggle|p1a: Dondozo\n|-damage|p1a: Dondozo|97\/100\n|-damage|p2a: Squishmallow|50\/100|[from] recoil\n|\n|-heal|p1a: Dondozo|100\/100|[from] item: Leftovers\n|-heal|p2a: Squishmallow|57\/100|[from] item: Leftovers\n|upkeep\n|turn|186\n|\n|t:|1698533452\n|move|p1a: Dondozo|Liquidation|p2a: Squishmallow\n|-heal|p2a: Squishmallow|82\/100|[from] ability: Water Absorb|[of] p1a: Dondozo\n|-activate|p2a: Squishmallow|move: Struggle\n|move|p2a: Squishmallow|Struggle|p1a: Dondozo\n|-damage|p1a: Dondozo|96\/100\n|-damage|p2a: Squishmallow|57\/100|[from] recoil\n|\n|-heal|p1a: Dondozo|100\/100|[from] item: Leftovers\n|-heal|p2a: Squishmallow|63\/100|[from] item: Leftovers\n|upkeep\n|turn|187\n|\n|t:|1698533455\n|move|p1a: Dondozo|Liquidation|p2a: Squishmallow\n|-heal|p2a: Squishmallow|88\/100|[from] ability: Water Absorb|[of] p1a: Dondozo\n|-activate|p2a: Squishmallow|move: Struggle\n|move|p2a: Squishmallow|Struggle|p1a: Dondozo\n|-damage|p1a: Dondozo|97\/100\n|-damage|p2a: Squishmallow|63\/100|[from] recoil\n|\n|-heal|p1a: Dondozo|100\/100|[from] item: Leftovers\n|-heal|p2a: Squishmallow|69\/100|[from] item: Leftovers\n|upkeep\n|turn|188\n|\n|t:|1698533463\n|move|p1a: Dondozo|Liquidation|p2a: Squishmallow\n|-heal|p2a: Squishmallow|94\/100|[from] ability: Water Absorb|[of] p1a: Dondozo\n|-activate|p2a: Squishmallow|move: Struggle\n|move|p2a: Squishmallow|Struggle|p1a: Dondozo\n|-damage|p1a: Dondozo|96\/100\n|-damage|p2a: Squishmallow|69\/100|[from] recoil\n|\n|-heal|p1a: Dondozo|100\/100|[from] item: Leftovers\n|-heal|p2a: Squishmallow|75\/100|[from] item: Leftovers\n|upkeep\n|turn|189\n|c|\u2606Snorlax Chef|salty cause the game was over the moment u bring toxic ass bascu\n|\n|t:|1698533488\n|move|p1a: Dondozo|Liquidation|p2a: Squishmallow\n|-heal|p2a: Squishmallow|100\/100|[from] ability: Water Absorb|[of] p1a: Dondozo\n|-activate|p2a: Squishmallow|move: Struggle\n|move|p2a: Squishmallow|Struggle|p1a: Dondozo\n|-damage|p1a: Dondozo|96\/100\n|-damage|p2a: Squishmallow|75\/100|[from] recoil\n|\n|-heal|p1a: Dondozo|100\/100|[from] item: Leftovers\n|-heal|p2a: Squishmallow|82\/100|[from] item: Leftovers\n|upkeep\n|turn|190\n|\n|t:|1698533498\n|move|p1a: Dondozo|Liquidation|p2a: Squishmallow\n|-heal|p2a: Squishmallow|100\/100|[from] ability: Water Absorb|[of] p1a: Dondozo\n|-activate|p2a: Squishmallow|move: Struggle\n|move|p2a: Squishmallow|Struggle|p1a: Dondozo\n|-damage|p1a: Dondozo|96\/100\n|-damage|p2a: Squishmallow|75\/100|[from] recoil\n|\n|-heal|p1a: Dondozo|100\/100|[from] item: Leftovers\n|-heal|p2a: Squishmallow|82\/100|[from] item: Leftovers\n|upkeep\n|turn|191\n|c|\u2606Snorlax Chef|and flutter\n|inactive|treegirl22 has 120 seconds left.\n|inactive|Snorlax Chef has 30 seconds left.\n|c|\u2606Snorlax Chef|with psyshock prolly\n|\n|t:|1698533512\n|move|p1a: Dondozo|Liquidation|p2a: Squishmallow\n|-heal|p2a: Squishmallow|100\/100|[from] ability: Water Absorb|[of] p1a: Dondozo\n|-activate|p2a: Squishmallow|move: Struggle\n|move|p2a: Squishmallow|Struggle|p1a: Dondozo\n|-damage|p1a: Dondozo|96\/100\n|-damage|p2a: Squishmallow|75\/100|[from] recoil\n|\n|-heal|p1a: Dondozo|100\/100|[from] item: Leftovers\n|-heal|p2a: Squishmallow|82\/100|[from] item: Leftovers\n|upkeep\n|turn|192\n|inactive|Snorlax Chef has 30 seconds left.\n|inactive|treegirl22 has 120 seconds left.\n|\n|t:|1698533523\n|move|p1a: Dondozo|Liquidation|p2a: Squishmallow\n|-heal|p2a: Squishmallow|100\/100|[from] ability: Water Absorb|[of] p1a: Dondozo\n|-activate|p2a: Squishmallow|move: Struggle\n|move|p2a: Squishmallow|Struggle|p1a: Dondozo\n|-damage|p1a: Dondozo|96\/100\n|-damage|p2a: Squishmallow|75\/100|[from] recoil\n|\n|-heal|p1a: Dondozo|100\/100|[from] item: Leftovers\n|-heal|p2a: Squishmallow|82\/100|[from] item: Leftovers\n|upkeep\n|turn|193\n|inactive|Snorlax Chef has 25 seconds left this turn.\n|inactive|Snorlax Chef has 20 seconds left.\n|\n|t:|1698533533\n|switch|p1a: Alomomola|Alomomola, F|100\/100 brn\n|-activate|p2a: Squishmallow|move: Struggle\n|move|p2a: Squishmallow|Struggle|p1a: Alomomola\n|-damage|p1a: Alomomola|95\/100 brn\n|-damage|p2a: Squishmallow|57\/100|[from] recoil\n|\n|-heal|p2a: Squishmallow|63\/100|[from] item: Leftovers\n|-damage|p1a: Alomomola|89\/100 brn|[from] brn\n|upkeep\n|turn|194\n|inactive|Snorlax Chef has 25 seconds left this turn.\n|inactive|Snorlax Chef has 20 seconds left.\n|inactive|Snorlax Chef has 15 seconds left.\n|c|\u2606treegirl22|ah yes salty for using pokemon to play pokemon\n|\n|t:|1698533552\n|move|p1a: Alomomola|Protect|p1a: Alomomola\n|-singleturn|p1a: Alomomola|Protect\n|-activate|p2a: Squishmallow|move: Struggle\n|move|p2a: Squishmallow|Struggle|p1a: Alomomola\n|-activate|p1a: Alomomola|move: Protect\n|\n|-heal|p2a: Squishmallow|69\/100|[from] item: Leftovers\n|-damage|p1a: Alomomola|83\/100 brn|[from] brn\n|upkeep\n|turn|195\n|inactive|Snorlax Chef has 15 seconds left this turn.\n|inactive|Snorlax Chef has 10 seconds left.\n|\n|t:|1698533561\n|move|p1a: Alomomola|Flip Turn|p2a: Squishmallow\n|-heal|p2a: Squishmallow|94\/100|[from] ability: Water Absorb|[of] p1a: Alomomola\n|-activate|p2a: Squishmallow|move: Struggle\n|move|p2a: Squishmallow|Struggle|p1a: Alomomola\n|-damage|p1a: Alomomola|78\/100 brn\n|-damage|p2a: Squishmallow|69\/100|[from] recoil\n|\n|-heal|p2a: Squishmallow|75\/100|[from] item: Leftovers\n|-damage|p1a: Alomomola|72\/100 brn|[from] brn\n|upkeep\n|turn|196\n|inactive|Snorlax Chef has 15 seconds left this turn.\n|inactive|treegirl22 has 90 seconds left.\n|\n|t:|1698533572\n|switch|p1a: Dondozo|Dondozo, M, tera:Normal|100\/100\n|-activate|p2a: Squishmallow|move: Struggle\n|move|p2a: Squishmallow|Struggle|p1a: Dondozo\n|-damage|p1a: Dondozo|96\/100\n|-damage|p2a: Squishmallow|50\/100|[from] recoil\n|\n|-heal|p1a: Dondozo|100\/100|[from] item: Leftovers\n|-heal|p2a: Squishmallow|57\/100|[from] item: Leftovers\n|upkeep\n|turn|197\n|inactive|Snorlax Chef has 15 seconds left this turn.\n|\n|t:|1698533580\n|switch|p1a: Alomomola|Alomomola, F|100\/100 brn\n|-activate|p2a: Squishmallow|move: Struggle\n|move|p2a: Squishmallow|Struggle|p1a: Alomomola\n|-crit|p1a: Alomomola\n|-damage|p1a: Alomomola|93\/100 brn\n|-damage|p2a: Squishmallow|32\/100|[from] recoil\n|\n|-heal|p2a: Squishmallow|38\/100|[from] item: Leftovers\n|-damage|p1a: Alomomola|87\/100 brn|[from] brn\n|upkeep\n|turn|198\n|inactive|Snorlax Chef has 20 seconds left this turn.\n|\n|t:|1698533592\n|move|p1a: Alomomola|Scald|p2a: Squishmallow\n|-heal|p2a: Squishmallow|63\/100|[from] ability: Water Absorb|[of] p1a: Alomomola\n|-activate|p2a: Squishmallow|move: Struggle\n|move|p2a: Squishmallow|Struggle|p1a: Alomomola\n|-damage|p1a: Alomomola|82\/100 brn\n|-damage|p2a: Squishmallow|38\/100|[from] recoil\n|\n|-heal|p2a: Squishmallow|44\/100|[from] item: Leftovers\n|-damage|p1a: Alomomola|76\/100 brn|[from] brn\n|upkeep\n|turn|199\n|inactive|Snorlax Chef has 20 seconds left this turn.\n|\n|t:|1698533598\n|move|p1a: Alomomola|Scald|p2a: Squishmallow\n|-heal|p2a: Squishmallow|69\/100|[from] ability: Water Absorb|[of] p1a: Alomomola\n|-activate|p2a: Squishmallow|move: Struggle\n|move|p2a: Squishmallow|Struggle|p1a: Alomomola\n|-damage|p1a: Alomomola|71\/100 brn\n|-damage|p2a: Squishmallow|44\/100|[from] recoil\n|\n|-heal|p2a: Squishmallow|50\/100|[from] item: Leftovers\n|-damage|p1a: Alomomola|65\/100 brn|[from] brn\n|upkeep\n|turn|200\n|inactive|Snorlax Chef has 25 seconds left this turn.\n|\n|t:|1698533602\n|move|p1a: Alomomola|Scald|p2a: Squishmallow\n|-heal|p2a: Squishmallow|75\/100|[from] ability: Water Absorb|[of] p1a: Alomomola\n|-activate|p2a: Squishmallow|move: Struggle\n|move|p2a: Squishmallow|Struggle|p1a: Alomomola\n|-damage|p1a: Alomomola|61\/100 brn\n|-damage|p2a: Squishmallow|50\/100|[from] recoil\n|\n|-heal|p2a: Squishmallow|57\/100|[from] item: Leftovers\n|-damage|p1a: Alomomola|54\/100 brn|[from] brn\n|upkeep\n|turn|201\n|inactive|Snorlax Chef has 25 seconds left this turn.\n|\n|t:|1698533612\n|switch|p1a: Dondozo|Dondozo, M, tera:Normal|100\/100\n|-activate|p2a: Squishmallow|move: Struggle\n|move|p2a: Squishmallow|Struggle|p1a: Dondozo\n|-damage|p1a: Dondozo|96\/100\n|-damage|p2a: Squishmallow|32\/100|[from] recoil\n|\n|-heal|p1a: Dondozo|100\/100|[from] item: Leftovers\n|-heal|p2a: Squishmallow|38\/100|[from] item: Leftovers\n|upkeep\n|turn|202\n|inactive|Snorlax Chef has 30 seconds left this turn.\n|\n|t:|1698533616\n|move|p1a: Dondozo|Liquidation|p2a: Squishmallow\n|-heal|p2a: Squishmallow|63\/100|[from] ability: Water Absorb|[of] p1a: Dondozo\n|-activate|p2a: Squishmallow|move: Struggle\n|move|p2a: Squishmallow|Struggle|p1a: Dondozo\n|-damage|p1a: Dondozo|96\/100\n|-damage|p2a: Squishmallow|38\/100|[from] recoil\n|\n|-heal|p1a: Dondozo|100\/100|[from] item: Leftovers\n|-heal|p2a: Squishmallow|44\/100|[from] item: Leftovers\n|upkeep\n|turn|203\n|inactive|Snorlax Chef has 30 seconds left this turn.\n|\n|t:|1698533620\n|move|p1a: Dondozo|Liquidation|p2a: Squishmallow\n|-heal|p2a: Squishmallow|69\/100|[from] ability: Water Absorb|[of] p1a: Dondozo\n|-activate|p2a: Squishmallow|move: Struggle\n|move|p2a: Squishmallow|Struggle|p1a: Dondozo\n|-damage|p1a: Dondozo|97\/100\n|-damage|p2a: Squishmallow|44\/100|[from] recoil\n|\n|-heal|p1a: Dondozo|100\/100|[from] item: Leftovers\n|-heal|p2a: Squishmallow|50\/100|[from] item: Leftovers\n|upkeep\n|turn|204\n|\n|t:|1698533623\n|switch|p1a: Alomomola|Alomomola, F|88\/100 brn\n|-activate|p2a: Squishmallow|move: Struggle\n|move|p2a: Squishmallow|Struggle|p1a: Alomomola\n|-damage|p1a: Alomomola|83\/100 brn\n|-damage|p2a: Squishmallow|25\/100|[from] recoil\n|\n|-heal|p2a: Squishmallow|32\/100|[from] item: Leftovers\n|-damage|p1a: Alomomola|77\/100 brn|[from] brn\n|upkeep\n|turn|205\n|\n|t:|1698533630\n|move|p1a: Alomomola|Protect|p1a: Alomomola\n|-singleturn|p1a: Alomomola|Protect\n|-activate|p2a: Squishmallow|move: Struggle\n|move|p2a: Squishmallow|Struggle|p1a: Alomomola\n|-activate|p1a: Alomomola|move: Protect\n|\n|-heal|p2a: Squishmallow|38\/100|[from] item: Leftovers\n|-damage|p1a: Alomomola|71\/100 brn|[from] brn\n|upkeep\n|turn|206\n|\n|t:|1698533633\n|move|p1a: Alomomola|Scald|p2a: Squishmallow\n|-heal|p2a: Squishmallow|63\/100|[from] ability: Water Absorb|[of] p1a: Alomomola\n|-activate|p2a: Squishmallow|move: Struggle\n|move|p2a: Squishmallow|Struggle|p1a: Alomomola\n|-damage|p1a: Alomomola|66\/100 brn\n|-damage|p2a: Squishmallow|38\/100|[from] recoil\n|\n|-heal|p2a: Squishmallow|44\/100|[from] item: Leftovers\n|-damage|p1a: Alomomola|59\/100 brn|[from] brn\n|upkeep\n|turn|207\n|\n|t:|1698533636\n|move|p1a: Alomomola|Protect|p1a: Alomomola\n|-singleturn|p1a: Alomomola|Protect\n|-activate|p2a: Squishmallow|move: Struggle\n|move|p2a: Squishmallow|Struggle|p1a: Alomomola\n|-activate|p1a: Alomomola|move: Protect\n|\n|-heal|p2a: Squishmallow|50\/100|[from] item: Leftovers\n|-damage|p1a: Alomomola|53\/100 brn|[from] brn\n|upkeep\n|turn|208\n|\n|t:|1698533640\n|move|p1a: Alomomola|Scald|p2a: Squishmallow\n|-heal|p2a: Squishmallow|75\/100|[from] ability: Water Absorb|[of] p1a: Alomomola\n|-activate|p2a: Squishmallow|move: Struggle\n|move|p2a: Squishmallow|Struggle|p1a: Alomomola\n|-damage|p1a: Alomomola|48\/100 brn\n|-damage|p2a: Squishmallow|50\/100|[from] recoil\n|\n|-heal|p2a: Squishmallow|57\/100|[from] item: Leftovers\n|-damage|p1a: Alomomola|42\/100 brn|[from] brn\n|upkeep\n|turn|209\n|\n|t:|1698533645\n|switch|p1a: Corviknight|Corviknight, F|89\/100 brn\n|-ability|p1a: Corviknight|Pressure\n|-activate|p2a: Squishmallow|move: Struggle\n|move|p2a: Squishmallow|Struggle|p1a: Corviknight\n|-damage|p1a: Corviknight|83\/100 brn\n|-damage|p2a: Squishmallow|32\/100|[from] recoil\n|\n|-heal|p1a: Corviknight|90\/100 brn|[from] item: Leftovers\n|-heal|p2a: Squishmallow|38\/100|[from] item: Leftovers\n|-damage|p1a: Corviknight|83\/100 brn|[from] brn\n|upkeep\n|turn|210\n|\n|t:|1698533648\n|move|p1a: Corviknight|Protect|p1a: Corviknight\n|-singleturn|p1a: Corviknight|Protect\n|-activate|p2a: Squishmallow|move: Struggle\n|move|p2a: Squishmallow|Struggle|p1a: Corviknight\n|-activate|p1a: Corviknight|move: Protect\n|\n|-heal|p1a: Corviknight|90\/100 brn|[from] item: Leftovers\n|-heal|p2a: Squishmallow|44\/100|[from] item: Leftovers\n|-damage|p1a: Corviknight|83\/100 brn|[from] brn\n|upkeep\n|turn|211\n|\n|t:|1698533651\n|switch|p1a: Alomomola|Alomomola, F|75\/100 brn\n|-activate|p2a: Squishmallow|move: Struggle\n|move|p2a: Squishmallow|Struggle|p1a: Alomomola\n|-crit|p1a: Alomomola\n|-damage|p1a: Alomomola|68\/100 brn\n|-damage|p2a: Squishmallow|19\/100|[from] recoil\n|\n|-heal|p2a: Squishmallow|25\/100|[from] item: Leftovers\n|-damage|p1a: Alomomola|62\/100 brn|[from] brn\n|upkeep\n|turn|212\n|\n|t:|1698533653\n|move|p1a: Alomomola|Scald|p2a: Squishmallow\n|-heal|p2a: Squishmallow|50\/100|[from] ability: Water Absorb|[of] p1a: Alomomola\n|-activate|p2a: Squishmallow|move: Struggle\n|move|p2a: Squishmallow|Struggle|p1a: Alomomola\n|-damage|p1a: Alomomola|57\/100 brn\n|-damage|p2a: Squishmallow|25\/100|[from] recoil\n|\n|-heal|p2a: Squishmallow|32\/100|[from] item: Leftovers\n|-damage|p1a: Alomomola|51\/100 brn|[from] brn\n|upkeep\n|turn|213\n|\n|t:|1698533657\n|move|p1a: Alomomola|Flip Turn|p2a: Squishmallow\n|-heal|p2a: Squishmallow|57\/100|[from] ability: Water Absorb|[of] p1a: Alomomola\n|-activate|p2a: Squishmallow|move: Struggle\n|move|p2a: Squishmallow|Struggle|p1a: Alomomola\n|-damage|p1a: Alomomola|46\/100 brn\n|-damage|p2a: Squishmallow|32\/100|[from] recoil\n|\n|-heal|p2a: Squishmallow|38\/100|[from] item: Leftovers\n|-damage|p1a: Alomomola|40\/100 brn|[from] brn\n|upkeep\n|turn|214\n|\n|t:|1698533665\n|switch|p1a: Corviknight|Corviknight, F|83\/100 brn\n|-ability|p1a: Corviknight|Pressure\n|-activate|p2a: Squishmallow|move: Struggle\n|move|p2a: Squishmallow|Struggle|p1a: Corviknight\n|-damage|p1a: Corviknight|78\/100 brn\n|-damage|p2a: Squishmallow|13\/100|[from] recoil\n|\n|-heal|p1a: Corviknight|84\/100 brn|[from] item: Leftovers\n|-heal|p2a: Squishmallow|19\/100|[from] item: Leftovers\n|-damage|p1a: Corviknight|78\/100 brn|[from] brn\n|upkeep\n|turn|215\n|c|\u2606Snorlax Chef|why dont u quit?\n|c|\u2606Snorlax Chef|thats toxic jajajaja\n|inactive|Snorlax Chef has 30 seconds left.\n|\n|t:|1698533696\n|switch|p1a: Alomomola|Alomomola, F|73\/100 brn\n|-activate|p2a: Squishmallow|move: Struggle\n|move|p2a: Squishmallow|Struggle|p1a: Alomomola\n|-damage|p1a: Alomomola|68\/100 brn\n|-damage|p2a: Squishmallow|0 fnt|[from] recoil\n|faint|p2a: Squishmallow\n|\n|win|Snorlax Chef\n|inactive|Snorlax Chef has 25 seconds left this turn.\n|raw|Snorlax Chef's rating: 1507 &rarr; <strong>1529<\/strong><br \/>(+22 for winning)\n|raw|treegirl22's rating: 1547 &rarr; <strong>1525<\/strong><br \/>(-22 for losing)\n|c|\u2606treegirl22|i mean if you wanted to win 100 turns ago you could have\n|c|\u2606Snorlax Chef|yh\n|c|\u2606treegirl22|weird game\n|c|\u2606Snorlax Chef|u suck\n|c|\u2606Snorlax Chef|it was easy\n|c|\u2606Snorlax Chef|but why didnt u quit?\n|c|\u2606treegirl22|well i didn't expect you to drag it on so long\n|c|\u2606Snorlax Chef|sure\n|c|\u2606Snorlax Chef|not because u wanted to annoy me\n|c|\u2606treegirl22|and then you got salty and i was interested in where it would go\n|c|\u2606Snorlax Chef|exactly\n|c|\u2606Snorlax Chef|i was trying to reach my max turn game\n|c|\u2606Snorlax Chef|but u had to be this bad\n|c|\u2606Snorlax Chef|its okaay\n|c|\u2606Snorlax Chef|you will get better\n","uploadtime":1698533881,"views":11,"p1id":"snorlaxchef","p2id":"treegirl22","formatid":"gen9ubers","rating":1525,"private":0,"password":""}