{"id":"gen9ubers-1986549676","p1":"swellow is stronk","p2":"godiamsosorry","format":"[Gen 9] Ubers","log":"|j|\u2606swellow is stronk\n|j|\u2606godiamsosorry\n|t:|1699490834\n|gametype|singles\n|player|p1|swellow is stronk|266|\n|player|p2|godiamsosorry|lady|\n|teamsize|p1|6\n|teamsize|p2|6\n|gen|9\n|tier|[Gen 9] Ubers\n|rule|Sleep Clause Mod: Limit one foe put to sleep\n|rule|Species Clause: Limit one of each Pok\u00e9mon\n|rule|OHKO Clause: OHKO moves are banned\n|rule|Evasion Items Clause: Evasion items are banned\n|rule|Evasion Moves Clause: Evasion moves are banned\n|rule|Endless Battle Clause: Forcing endless battles is banned\n|rule|HP Percentage Mod: HP is shown in percentages\n|clearpoke\n|poke|p1|Arceus|\n|poke|p1|Giratina-Origin|\n|poke|p1|Landorus, M|\n|poke|p1|Rayquaza|\n|poke|p1|Groudon|\n|poke|p1|Slowking-Galar, M|\n|poke|p2|Cyclizar, F|\n|poke|p2|Arceus|\n|poke|p2|Basculegion-F, F|\n|poke|p2|Giratina-Origin|\n|poke|p2|Groudon|\n|poke|p2|Iron Valiant|\n|teampreview\n|inactive|Battle timer is ON: inactive players will automatically lose when time's up. (requested by swellow is stronk)\n|\n|t:|1699490845\n|start\n|switch|p1a: Slowking|Slowking-Galar, M|100\/100\n|switch|p2a: Cyclizar|Cyclizar, F|100\/100\n|turn|1\n|\n|t:|1699490857\n|move|p2a: Cyclizar|Shed Tail|p2a: Cyclizar\n|-start|p2a: Cyclizar|Substitute|[from] move: Shed Tail\n|-damage|p2a: Cyclizar|50\/100\n|\n|t:|1699490861\n|switch|p2a: Arceus|Arceus|100\/100|[from] Shed Tail\n|move|p1a: Slowking|Foul Play|p2a: Arceus\n|-end|p2a: Arceus|Substitute\n|\n|upkeep\n|turn|2\n|\n|t:|1699490867\n|move|p2a: Arceus|Shadow Claw|p1a: Slowking\n|-supereffective|p1a: Slowking\n|-damage|p1a: Slowking|62\/100\n|move|p1a: Slowking|Yawn|p2a: Arceus\n|-start|p2a: Arceus|move: Yawn|[of] p1a: Slowking\n|\n|upkeep\n|turn|3\n|\n|t:|1699490872\n|switch|p2a: Cyclizar|Cyclizar, F|83\/100\n|move|p1a: Slowking|Chilly Reception|p1a: Slowking\n|-weather|Snow\n|\n|t:|1699490875\n|switch|p1a: Rayquaza|Rayquaza|100\/100|[from] Chilly Reception\n|-ability|p1a: Rayquaza|Air Lock\n|\n|-weather|Snow|[upkeep]\n|upkeep\n|turn|4\n|\n|t:|1699490878\n|move|p2a: Cyclizar|Draco Meteor|p1a: Rayquaza\n|-supereffective|p1a: Rayquaza\n|-damage|p1a: Rayquaza|0 fnt\n|-unboost|p2a: Cyclizar|spa|2\n|faint|p1a: Rayquaza\n|\n|-weather|Snow|[upkeep]\n|upkeep\n|c|\u2606swellow is stronk|ah\n|c|\u2606swellow is stronk|forgot\n|\n|t:|1699490886\n|switch|p1a: Arceus|Arceus|100\/100\n|turn|5\n|\n|t:|1699490888\n|move|p2a: Cyclizar|Shed Tail|p2a: Cyclizar\n|-start|p2a: Cyclizar|Substitute|[from] move: Shed Tail\n|-damage|p2a: Cyclizar|33\/100\n|\n|t:|1699490896\n|switch|p2a: Giratina|Giratina-Origin|100\/100|[from] Shed Tail\n|move|p1a: Arceus|Swords Dance|p1a: Arceus\n|-boost|p1a: Arceus|atk|2\n|\n|-weather|Snow|[upkeep]\n|upkeep\n|turn|6\n|\n|t:|1699490900\n|move|p1a: Arceus|Shadow Claw|p2a: Giratina\n|-supereffective|p2a: Giratina\n|-crit|p2a: Giratina\n|-end|p2a: Giratina|Substitute\n|move|p2a: Giratina|Dragon Tail|p1a: Arceus|[miss]\n|-miss|p2a: Giratina|p1a: Arceus\n|\n|-weather|Snow|[upkeep]\n|upkeep\n|turn|7\n|\n|t:|1699490904\n|move|p1a: Arceus|Shadow Claw|p2a: Giratina\n|-supereffective|p2a: Giratina\n|-damage|p2a: Giratina|36\/100\n|move|p2a: Giratina|Dragon Tail|p1a: Arceus\n|-damage|p1a: Arceus|81\/100\n|drag|p1a: Landorus|Landorus, M|100\/100\n|\n|-weather|none\n|upkeep\n|turn|8\n|c|\u2606godiamsosorry|Oh, brother.\n|\n|t:|1699490910\n|move|p1a: Landorus|Nasty Plot|p1a: Landorus\n|-boost|p1a: Landorus|spa|2\n|move|p2a: Giratina|Poltergeist|p1a: Landorus\n|-activate|p1a: Landorus|move: Poltergeist|Life Orb\n|-damage|p1a: Landorus|36\/100\n|\n|upkeep\n|turn|9\n|\n|t:|1699490921\n|switch|p1a: Arceus|Arceus|81\/100\n|move|p2a: Giratina|Poltergeist|p1a: Arceus\n|-immune|p1a: Arceus\n|\n|upkeep\n|turn|10\n|\n|t:|1699490923\n|move|p1a: Arceus|Shadow Claw|p2a: Giratina\n|-supereffective|p2a: Giratina\n|-damage|p2a: Giratina|7\/100\n|move|p2a: Giratina|Thunder Wave|p1a: Arceus\n|-status|p1a: Arceus|par\n|\n|upkeep\n|turn|11\n|\n|t:|1699490926\n|move|p1a: Arceus|Shadow Claw|p2a: Giratina\n|-supereffective|p2a: Giratina\n|-damage|p2a: Giratina|0 fnt\n|faint|p2a: Giratina\n|\n|upkeep\n|\n|t:|1699490930\n|switch|p2a: Groudon|Groudon|100\/100\n|-weather|SunnyDay|[from] ability: Drought|[of] p2a: Groudon\n|turn|12\n|\n|t:|1699490937\n|switch|p2a: Iron Valiant|Iron Valiant|100\/100\n|-enditem|p2a: Iron Valiant|Booster Energy\n|-activate|p2a: Iron Valiant|ability: Quark Drive|[fromitem]\n|-start|p2a: Iron Valiant|quarkdrivespe\n|switch|p1a: Landorus|Landorus, M|36\/100\n|\n|-weather|SunnyDay|[upkeep]\n|upkeep\n|turn|13\n|\n|t:|1699490941\n|move|p2a: Iron Valiant|Moonblast|p1a: Landorus\n|-damage|p1a: Landorus|0 fnt\n|faint|p1a: Landorus\n|\n|-weather|SunnyDay|[upkeep]\n|upkeep\n|\n|t:|1699490945\n|switch|p1a: Slowking|Slowking-Galar, M|96\/100\n|turn|14\n|\n|t:|1699490952\n|-end|p2a: Iron Valiant|Quark Drive|[silent]\n|switch|p2a: Groudon|Groudon|100\/100\n|move|p1a: Slowking|Thunder Wave|p2a: Groudon\n|-immune|p2a: Groudon\n|\n|-weather|SunnyDay|[upkeep]\n|upkeep\n|turn|15\n|\n|t:|1699490956\n|move|p2a: Groudon|Will-O-Wisp|p1a: Slowking\n|-status|p1a: Slowking|brn\n|move|p1a: Slowking|Chilly Reception|p1a: Slowking\n|-weather|Snow\n|\n|t:|1699490960\n|switch|p1a: Arceus|Arceus|81\/100 par|[from] Chilly Reception\n|\n|-weather|Snow|[upkeep]\n|upkeep\n|turn|16\n|\n|t:|1699490964\n|move|p2a: Groudon|Earth Power|p1a: Arceus\n|-damage|p1a: Arceus|51\/100 par\n|cant|p1a: Arceus|par\n|\n|-weather|Snow|[upkeep]\n|upkeep\n|turn|17\n|\n|t:|1699490967\n|move|p2a: Groudon|Earth Power|p1a: Arceus\n|-damage|p1a: Arceus|24\/100 par\n|move|p1a: Arceus|Recover|p1a: Arceus\n|-heal|p1a: Arceus|74\/100 par\n|\n|-weather|Snow|[upkeep]\n|upkeep\n|turn|18\n|\n|t:|1699490971\n|move|p2a: Groudon|Earth Power|p1a: Arceus\n|-damage|p1a: Arceus|46\/100 par\n|move|p1a: Arceus|Swords Dance|p1a: Arceus\n|-boost|p1a: Arceus|atk|2\n|\n|-weather|Snow|[upkeep]\n|upkeep\n|turn|19\n|\n|t:|1699490975\n|move|p2a: Groudon|Earth Power|p1a: Arceus\n|-damage|p1a: Arceus|19\/100 par\n|move|p1a: Arceus|Recover|p1a: Arceus\n|-heal|p1a: Arceus|69\/100 par\n|\n|-weather|none\n|upkeep\n|turn|20\n|\n|t:|1699490979\n|move|p2a: Groudon|Earth Power|p1a: Arceus\n|-crit|p1a: Arceus\n|-damage|p1a: Arceus|28\/100 par\n|move|p1a: Arceus|Recover|p1a: Arceus\n|-heal|p1a: Arceus|78\/100 par\n|\n|upkeep\n|turn|21\n|\n|t:|1699490986\n|move|p2a: Groudon|Earth Power|p1a: Arceus\n|-damage|p1a: Arceus|49\/100 par\n|move|p1a: Arceus|Recover|p1a: Arceus\n|-heal|p1a: Arceus|99\/100 par\n|\n|upkeep\n|turn|22\n|\n|t:|1699490991\n|move|p2a: Groudon|Earth Power|p1a: Arceus\n|-damage|p1a: Arceus|72\/100 par\n|cant|p1a: Arceus|par\n|\n|upkeep\n|turn|23\n|\n|t:|1699490995\n|move|p2a: Groudon|Earth Power|p1a: Arceus\n|-damage|p1a: Arceus|43\/100 par\n|move|p1a: Arceus|Swords Dance|p1a: Arceus\n|-boost|p1a: Arceus|atk|2\n|\n|upkeep\n|turn|24\n|\n|t:|1699490999\n|move|p2a: Groudon|Earth Power|p1a: Arceus\n|-damage|p1a: Arceus|15\/100 par\n|move|p1a: Arceus|Recover|p1a: Arceus\n|-heal|p1a: Arceus|65\/100 par\n|\n|upkeep\n|turn|25\n|\n|t:|1699491003\n|move|p2a: Groudon|Earth Power|p1a: Arceus\n|-damage|p1a: Arceus|39\/100 par\n|move|p1a: Arceus|Recover|p1a: Arceus\n|-heal|p1a: Arceus|89\/100 par\n|\n|upkeep\n|turn|26\n|\n|t:|1699491006\n|-terastallize|p1a: Arceus|Normal\n|move|p1a: Arceus|Extreme Speed|p2a: Groudon\n|-damage|p2a: Groudon|0 fnt\n|faint|p2a: Groudon\n|\n|upkeep\n|\n|t:|1699491021\n|switch|p2a: Iron Valiant|Iron Valiant|100\/100\n|turn|27\n|\n|t:|1699491025\n|-end|p2a: Iron Valiant|Quark Drive|[silent]\n|switch|p2a: Basculegion|Basculegion-F, F|100\/100\n|move|p1a: Arceus|Extreme Speed|p2a: Basculegion\n|-immune|p2a: Basculegion\n|\n|upkeep\n|turn|28\n|\n|t:|1699491029\n|move|p2a: Basculegion|Flip Turn|p1a: Arceus\n|-damage|p1a: Arceus|65\/100 par\n|\n|t:|1699491032\n|switch|p2a: Cyclizar|Cyclizar, F|66\/100|[from] Flip Turn\n|cant|p1a: Arceus|par\n|\n|upkeep\n|turn|29\n|\n|t:|1699491035\n|move|p1a: Arceus|Extreme Speed|p2a: Cyclizar\n|-damage|p2a: Cyclizar|0 fnt\n|faint|p2a: Cyclizar\n|\n|upkeep\n|\n|t:|1699491038\n|switch|p2a: Arceus|Arceus|100\/100\n|turn|30\n|\n|t:|1699491044\n|move|p1a: Arceus|Extreme Speed|p2a: Arceus\n|-damage|p2a: Arceus|0 fnt\n|faint|p2a: Arceus\n|\n|upkeep\n|\n|t:|1699491050\n|switch|p2a: Iron Valiant|Iron Valiant|100\/100\n|turn|31\n|\n|t:|1699491054\n|-terastallize|p2a: Iron Valiant|Steel\n|move|p1a: Arceus|Extreme Speed|p2a: Iron Valiant\n|-resisted|p2a: Iron Valiant\n|-damage|p2a: Iron Valiant|0 fnt\n|faint|p2a: Iron Valiant\n|-end|p2a: Iron Valiant|Quark Drive|[silent]\n|\n|upkeep\n|\n|t:|1699491057\n|switch|p2a: Basculegion|Basculegion-F, F|100\/100\n|turn|32\n|c|\u2606godiamsosorry|Gg\n|c|\u2606swellow is stronk|jesus christ\n|\n|t:|1699491065\n|move|p2a: Basculegion|Wave Crash|p1a: Arceus\n|-damage|p1a: Arceus|23\/100 par\n|-damage|p2a: Basculegion|84\/100|[from] Recoil\n|move|p1a: Arceus|Shadow Claw|p2a: Basculegion\n|-supereffective|p2a: Basculegion\n|-damage|p2a: Basculegion|0 fnt\n|faint|p2a: Basculegion\n|\n|win|swellow is stronk\n|c|\u2606swellow is stronk|gg\n","uploadtime":1699491070,"views":8,"p1id":"swellowisstronk","p2id":"godiamsosorry","formatid":"gen9ubers","rating":0,"private":0,"password":""}