{"id":"gen9ubers-1986959966","p1":"RandomTrashPerson","p2":"Sundaeeeeeee","format":"[Gen 9] Ubers","log":"|j|\u2606RandomTrashPerson\n|j|\u2606Sundaeeeeeee\n|t:|1699544581\n|gametype|singles\n|player|p1|RandomTrashPerson|n|1178\n|player|p2|Sundaeeeeeee|dragontamer|1077\n|teamsize|p1|6\n|teamsize|p2|6\n|gen|9\n|tier|[Gen 9] Ubers\n|rated|\n|rule|Sleep Clause Mod: Limit one foe put to sleep\n|rule|Species Clause: Limit one of each Pok\u00e9mon\n|rule|OHKO Clause: OHKO moves are banned\n|rule|Evasion Items Clause: Evasion items are banned\n|rule|Evasion Moves Clause: Evasion moves are banned\n|rule|Endless Battle Clause: Forcing endless battles is banned\n|rule|HP Percentage Mod: HP is shown in percentages\n|clearpoke\n|poke|p1|Giratina|\n|poke|p1|Chien-Pao|\n|poke|p1|Farigiraf, M|\n|poke|p1|Ursaluna, F|\n|poke|p1|Calyrex-Ice|\n|poke|p1|Miraidon|\n|poke|p2|Ceruledge, F|\n|poke|p2|Dragonite, M|\n|poke|p2|Dondozo, F|\n|poke|p2|Arceus-Ground|\n|poke|p2|Magearna|\n|poke|p2|Toxtricity, F|\n|teampreview\n|inactive|Battle timer is ON: inactive players will automatically lose when time's up. (requested by Sundaeeeeeee)\n|inactive|RandomTrashPerson also wants the timer to be on.\n|\n|t:|1699544586\n|start\n|switch|p1a: Chien-Pao|Chien-Pao|100\/100\n|switch|p2a: Magearna|Magearna|100\/100\n|-ability|p1a: Chien-Pao|Sword of Ruin\n|turn|1\n|\n|t:|1699544594\n|switch|p1a: Calyrex|Calyrex-Ice|100\/100\n|-ability|p1a: Calyrex|As One\n|-ability|p1a: Calyrex|Unnerve\n|move|p2a: Magearna|Calm Mind|p2a: Magearna\n|-boost|p2a: Magearna|spa|1\n|-boost|p2a: Magearna|spd|1\n|\n|upkeep\n|turn|2\n|\n|t:|1699544599\n|move|p2a: Magearna|Shift Gear|p2a: Magearna\n|-boost|p2a: Magearna|spe|2\n|-boost|p2a: Magearna|atk|1\n|move|p1a: Calyrex|Trick Room|p1a: Calyrex\n|-fieldstart|move: Trick Room|[of] p1a: Calyrex\n|\n|upkeep\n|turn|3\n|\n|t:|1699544605\n|move|p1a: Calyrex|High Horsepower|p2a: Magearna\n|-supereffective|p2a: Magearna\n|-damage|p2a: Magearna|35\/100\n|move|p2a: Magearna|Calm Mind|p2a: Magearna\n|-boost|p2a: Magearna|spa|1\n|-boost|p2a: Magearna|spd|1\n|\n|-heal|p2a: Magearna|41\/100|[from] item: Leftovers\n|upkeep\n|turn|4\n|\n|t:|1699544610\n|move|p1a: Calyrex|High Horsepower|p2a: Magearna\n|-supereffective|p2a: Magearna\n|-damage|p2a: Magearna|0 fnt\n|faint|p2a: Magearna\n|-ability|p1a: Calyrex|Chilling Neigh|boost\n|-boost|p1a: Calyrex|atk|1\n|\n|upkeep\n|c|\u2606RandomTrashPerson|loll\n|c|\u2606RandomTrashPerson|noob\n|\n|t:|1699544625\n|switch|p2a: Toxtricity|Toxtricity, F|100\/100\n|turn|5\n|\n|t:|1699544630\n|move|p1a: Calyrex|High Horsepower|p2a: Toxtricity\n|-supereffective|p2a: Toxtricity\n|-damage|p2a: Toxtricity|0 fnt\n|faint|p2a: Toxtricity\n|-ability|p1a: Calyrex|Chilling Neigh|boost\n|-boost|p1a: Calyrex|atk|1\n|\n|upkeep\n|\n|t:|1699544634\n|switch|p2a: Ceruledge|Ceruledge, F|100\/100\n|turn|6\n|c|\u2606RandomTrashPerson|u know the type chart?\n|\n|t:|1699544642\n|move|p1a: Calyrex|High Horsepower|p2a: Ceruledge\n|-supereffective|p2a: Ceruledge\n|-enditem|p2a: Ceruledge|Focus Sash\n|-damage|p2a: Ceruledge|1\/100\n|move|p2a: Ceruledge|Swords Dance|p2a: Ceruledge\n|-boost|p2a: Ceruledge|atk|2\n|\n|-fieldend|move: Trick Room\n|upkeep\n|turn|7\n|\n|t:|1699544650\n|move|p2a: Ceruledge|Bitter Blade|p1a: Calyrex\n|-supereffective|p1a: Calyrex\n|-damage|p1a: Calyrex|0 fnt\n|-heal|p2a: Ceruledge|70\/100|[from] drain|[of] p1a: Calyrex\n|faint|p1a: Calyrex\n|\n|upkeep\n|\n|t:|1699544653\n|switch|p1a: Farigiraf|Farigiraf, M|100\/100\n|turn|8\n|\n|t:|1699544662\n|move|p2a: Ceruledge|Bitter Blade|p1a: Farigiraf\n|-damage|p1a: Farigiraf|13\/100\n|-heal|p2a: Ceruledge|100\/100|[from] drain|[of] p1a: Farigiraf\n|-enditem|p1a: Farigiraf|Sitrus Berry|[eat]\n|-heal|p1a: Farigiraf|38\/100|[from] item: Sitrus Berry\n|move|p1a: Farigiraf|Trick Room|p1a: Farigiraf\n|-fieldstart|move: Trick Room|[of] p1a: Farigiraf\n|\n|upkeep\n|turn|9\n|\n|t:|1699544670\n|move|p1a: Farigiraf|Psychic|p2a: Ceruledge\n|-damage|p2a: Ceruledge|53\/100\n|move|p2a: Ceruledge|Bitter Blade|p1a: Farigiraf\n|-damage|p1a: Farigiraf|0 fnt\n|-heal|p2a: Ceruledge|82\/100|[from] drain|[of] p1a: Farigiraf\n|faint|p1a: Farigiraf\n|\n|upkeep\n|\n|t:|1699544679\n|switch|p1a: Miraidon|Miraidon|100\/100\n|-fieldstart|move: Electric Terrain|[from] ability: Hadron Engine|[of] p1a: Miraidon\n|turn|10\n|\n|t:|1699544685\n|move|p2a: Ceruledge|Bitter Blade|p1a: Miraidon\n|-resisted|p1a: Miraidon\n|-damage|p1a: Miraidon|59\/100\n|-heal|p2a: Ceruledge|100\/100|[from] drain|[of] p1a: Miraidon\n|move|p1a: Miraidon|Draco Meteor|p2a: Ceruledge\n|-damage|p2a: Ceruledge|0 fnt\n|-unboost|p1a: Miraidon|spa|2\n|-enditem|p1a: Miraidon|Eject Pack\n|faint|p2a: Ceruledge\n|\n|t:|1699544695\n|switch|p1a: Ursaluna|Ursaluna, F|100\/100\n|\n|-status|p1a: Ursaluna|brn|[from] item: Flame Orb\n|upkeep\n|\n|t:|1699544700\n|switch|p2a: Dondozo|Dondozo, F, shiny|100\/100\n|turn|11\n|\n|t:|1699544704\n|move|p2a: Dondozo|Wave Crash|p1a: Ursaluna\n|-supereffective|p1a: Ursaluna\n|-damage|p1a: Ursaluna|40\/100 brn\n|-damage|p2a: Dondozo|83\/100|[from] Recoil\n|move|p1a: Ursaluna|Facade|p2a: Dondozo\n|-damage|p2a: Dondozo|31\/100\n|\n|-damage|p1a: Ursaluna|34\/100 brn|[from] brn\n|upkeep\n|turn|12\n|\n|t:|1699544713\n|move|p2a: Dondozo|Wave Crash|p1a: Ursaluna\n|-supereffective|p1a: Ursaluna\n|-damage|p1a: Ursaluna|0 fnt\n|faint|p1a: Ursaluna\n|-damage|p2a: Dondozo|21\/100|[from] Recoil\n|\n|-fieldend|move: Trick Room\n|upkeep\n|\n|t:|1699544719\n|switch|p1a: Giratina|Giratina|100\/100\n|-ability|p1a: Giratina|Pressure\n|turn|13\n|\n|t:|1699544723\n|move|p1a: Giratina|Shadow Ball|p2a: Dondozo\n|-damage|p2a: Dondozo|0 fnt\n|faint|p2a: Dondozo\n|\n|upkeep\n|\n|t:|1699544726\n|switch|p2a: Arceus|Arceus-Ground|100\/100\n|turn|14\n|\n|t:|1699544733\n|move|p2a: Arceus|Dragon Claw|p1a: Giratina\n|-supereffective|p1a: Giratina\n|-damage|p1a: Giratina|70\/100\n|move|p1a: Giratina|Dark Pulse|p2a: Arceus\n|-damage|p2a: Arceus|89\/100\n|\n|-heal|p1a: Giratina|76\/100|[from] item: Leftovers\n|-fieldend|move: Electric Terrain\n|upkeep\n|turn|15\n|\n|t:|1699544739\n|move|p2a: Arceus|Swords Dance|p2a: Arceus\n|-boost|p2a: Arceus|atk|2\n|move|p1a: Giratina|Dark Pulse|p2a: Arceus\n|-damage|p2a: Arceus|77\/100\n|\n|-heal|p1a: Giratina|82\/100|[from] item: Leftovers\n|upkeep\n|turn|16\n|\n|t:|1699544744\n|move|p2a: Arceus|Dragon Claw|p1a: Giratina\n|-supereffective|p1a: Giratina\n|-damage|p1a: Giratina|24\/100\n|move|p1a: Giratina|Dark Pulse|p2a: Arceus\n|-damage|p2a: Arceus|64\/100\n|\n|-heal|p1a: Giratina|30\/100|[from] item: Leftovers\n|upkeep\n|turn|17\n|\n|t:|1699544752\n|move|p2a: Arceus|Dragon Claw|p1a: Giratina\n|-supereffective|p1a: Giratina\n|-damage|p1a: Giratina|0 fnt\n|faint|p1a: Giratina\n|\n|upkeep\n|\n|t:|1699544756\n|switch|p1a: Chien-Pao|Chien-Pao|100\/100\n|-ability|p1a: Chien-Pao|Sword of Ruin\n|turn|18\n|\n|t:|1699544762\n|move|p2a: Arceus|Extreme Speed|p1a: Chien-Pao\n|-damage|p1a: Chien-Pao|21\/100\n|move|p1a: Chien-Pao|Ice Spinner|p2a: Arceus\n|-supereffective|p2a: Arceus\n|-crit|p2a: Arceus\n|-damage|p2a: Arceus|0 fnt\n|faint|p2a: Arceus\n|\n|upkeep\n|\n|t:|1699544764\n|switch|p2a: Dragonite|Dragonite, M|100\/100\n|turn|19\n|c|\u2606RandomTrashPerson|noob\n|\n|t:|1699544774\n|-terastallize|p2a: Dragonite|Normal\n|move|p2a: Dragonite|Extreme Speed|p1a: Chien-Pao\n|-damage|p1a: Chien-Pao|0 fnt\n|faint|p1a: Chien-Pao\n|\n|upkeep\n|\n|t:|1699544778\n|switch|p1a: Miraidon|Miraidon|59\/100\n|-fieldstart|move: Electric Terrain|[from] ability: Hadron Engine|[of] p1a: Miraidon\n|turn|20\n|\n|t:|1699544782\n|move|p2a: Dragonite|Extreme Speed|p1a: Miraidon\n|-damage|p1a: Miraidon|0 fnt\n|faint|p1a: Miraidon\n|\n|win|Sundaeeeeeee\n|raw|RandomTrashPerson's rating: 1178 &rarr; <strong>1146<\/strong><br \/>(-32 for losing)\n|raw|Sundaeeeeeee's rating: 1077 &rarr; <strong>1113<\/strong><br \/>(+36 for winning)\n|c|\u2606Sundaeeeeeee|Noob\n|l|\u2606RandomTrashPerson\n|c|\u2606Sundaeeeeeee|u suck do u know the type chart\n","uploadtime":1699544810,"views":6,"p1id":"randomtrashperson","p2id":"sundaeeeeeee","formatid":"gen9ubers","rating":1113,"private":0,"password":""}