{"id":"gen9ubers-1999982520","p1":"DMBubba","p2":"lightstriker11","format":"[Gen 9] Ubers","log":"|j|\u2606DMBubba\n|j|\u2606lightstriker11\n|t:|1701137459\n|gametype|singles\n|player|p1|DMBubba|colress|1000\n|player|p2|lightstriker11|170|1004\n|teamsize|p1|6\n|teamsize|p2|6\n|gen|9\n|tier|[Gen 9] Ubers\n|rated|\n|rule|Sleep Clause Mod: Limit one foe put to sleep\n|rule|Species Clause: Limit one of each Pok\u00e9mon\n|rule|OHKO Clause: OHKO moves are banned\n|rule|Evasion Items Clause: Evasion items are banned\n|rule|Evasion Moves Clause: Evasion moves are banned\n|rule|Endless Battle Clause: Forcing endless battles is banned\n|rule|HP Percentage Mod: HP is shown in percentages\n|clearpoke\n|poke|p1|Garganacl, M|\n|poke|p1|Kingambit, M|\n|poke|p1|Glimmora, F|\n|poke|p1|Sneasler, F|\n|poke|p1|Ceruledge, M|\n|poke|p1|Landorus-Therian, M|\n|poke|p2|Clodsire, F|\n|poke|p2|Skeledirge, F|\n|poke|p2|Haxorus, F|\n|poke|p2|Breloom, M|\n|poke|p2|Lycanroc, M|\n|poke|p2|Floatzel, F|\n|teampreview\n|\n|t:|1701137467\n|start\n|switch|p1a: Glimmora|Glimmora, F|100\/100\n|switch|p2a: Clodsire|Clodsire, F, shiny|100\/100\n|turn|1\n|c|\u2606DMBubba|GL\n|\n|t:|1701137476\n|move|p1a: Glimmora|Stealth Rock|p2a: Clodsire\n|-sidestart|p2: lightstriker11|move: Stealth Rock\n|move|p2a: Clodsire|Toxic Spikes|p1a: Glimmora\n|-sidestart|p1: DMBubba|move: Toxic Spikes\n|\n|upkeep\n|turn|2\n|\n|t:|1701137486\n|move|p1a: Glimmora|Stealth Rock||[still]\n|-fail|p1a: Glimmora\n|move|p2a: Clodsire|Earthquake|p1a: Glimmora\n|-supereffective|p1a: Glimmora\n|-enditem|p1a: Glimmora|Focus Sash\n|-damage|p1a: Glimmora|1\/100\n|-activate|p1a: Glimmora|ability: Toxic Debris\n|-sidestart|p2: lightstriker11|move: Toxic Spikes\n|\n|upkeep\n|turn|3\n|\n|t:|1701137497\n|move|p1a: Glimmora|Mortal Spin|p2a: Clodsire\n|-resisted|p2a: Clodsire\n|-damage|p2a: Clodsire|99\/100\n|-sideend|p1: DMBubba|Toxic Spikes|[from] move: Mortal Spin|[of] p1a: Glimmora\n|move|p2a: Clodsire|Earthquake|p1a: Glimmora\n|-supereffective|p1a: Glimmora\n|-damage|p1a: Glimmora|0 fnt\n|-activate|p1a: Glimmora|ability: Toxic Debris\n|-sidestart|p2: lightstriker11|move: Toxic Spikes\n|faint|p1a: Glimmora\n|\n|-heal|p2a: Clodsire|100\/100|[from] item: Leftovers\n|upkeep\n|\n|t:|1701137507\n|switch|p1a: Landorus|Landorus-Therian, M|100\/100\n|-ability|p1a: Landorus|Intimidate|boost\n|-unboost|p2a: Clodsire|atk|1\n|turn|4\n|\n|t:|1701137514\n|move|p1a: Landorus|Earthquake|p2a: Clodsire\n|-supereffective|p2a: Clodsire\n|-damage|p2a: Clodsire|0 fnt\n|faint|p2a: Clodsire\n|\n|upkeep\n|\n|t:|1701137522\n|switch|p2a: Lycanroc|Lycanroc, M|100\/100\n|-damage|p2a: Lycanroc|88\/100|[from] Stealth Rock\n|-status|p2a: Lycanroc|tox\n|turn|5\n|\n|t:|1701137536\n|-terastallize|p1a: Landorus|Ground\n|move|p1a: Landorus|Earthquake|p2a: Lycanroc\n|-supereffective|p2a: Lycanroc\n|-damage|p2a: Lycanroc|0 fnt\n|faint|p2a: Lycanroc\n|\n|upkeep\n|\n|t:|1701137542\n|switch|p2a: Floatzel|Floatzel, F|100\/100\n|-damage|p2a: Floatzel|88\/100|[from] Stealth Rock\n|-status|p2a: Floatzel|tox\n|turn|6\n|j| THEAsianFaLiUrE\n|\n|t:|1701137551\n|-terastallize|p2a: Floatzel|Water\n|move|p1a: Landorus|Earthquake|p2a: Floatzel\n|-damage|p2a: Floatzel|0 fnt\n|faint|p2a: Floatzel\n|\n|upkeep\n|\n|t:|1701137558\n|switch|p2a: Breloom|Breloom, M|100\/100\n|-damage|p2a: Breloom|94\/100|[from] Stealth Rock\n|-status|p2a: Breloom|tox\n|turn|7\n|\n|t:|1701137565\n|move|p1a: Landorus|Earthquake|p2a: Breloom\n|-resisted|p2a: Breloom\n|-damage|p2a: Breloom|30\/100 tox\n|move|p2a: Breloom|Giga Drain|p1a: Landorus\n|-supereffective|p1a: Landorus\n|-damage|p1a: Landorus|57\/100\n|-heal|p2a: Breloom|57\/100 tox|[from] drain|[of] p1a: Landorus\n|\n|-damage|p2a: Breloom|51\/100 tox|[from] psn\n|upkeep\n|turn|8\n|\n|t:|1701137576\n|move|p1a: Landorus|Earthquake|p2a: Breloom\n|-resisted|p2a: Breloom\n|-damage|p2a: Breloom|0 fnt\n|faint|p2a: Breloom\n|\n|upkeep\n|\n|t:|1701137581\n|switch|p2a: Haxorus|Haxorus, F|100\/100\n|-damage|p2a: Haxorus|88\/100|[from] Stealth Rock\n|-status|p2a: Haxorus|tox\n|-ability|p2a: Haxorus|Mold Breaker\n|turn|9\n|\n|t:|1701137591\n|move|p1a: Landorus|Earthquake|p2a: Haxorus\n|-damage|p2a: Haxorus|0 fnt\n|faint|p2a: Haxorus\n|\n|upkeep\n|\n|t:|1701137595\n|switch|p2a: Skeledirge|Skeledirge, F|100\/100\n|-damage|p2a: Skeledirge|75\/100|[from] Stealth Rock\n|-status|p2a: Skeledirge|tox\n|turn|10\n|\n|t:|1701137603\n|move|p1a: Landorus|Earthquake|p2a: Skeledirge\n|-supereffective|p2a: Skeledirge\n|-damage|p2a: Skeledirge|0 fnt\n|faint|p2a: Skeledirge\n|\n|win|DMBubba\n|raw|DMBubba's rating: 1000 &rarr; <strong>1040<\/strong><br \/>(+40 for winning)\n|raw|lightstriker11's rating: 1004 &rarr; <strong>1000<\/strong><br \/>(-4 for losing)\n|c|\u2606DMBubba|GG\n|l|\u2606lightstriker11\n","uploadtime":1701137609,"views":1,"p1id":"dmbubba","p2id":"lightstriker11","formatid":"gen9ubers","rating":1000,"private":0,"password":""}