{"id":"gen9ubers-1973577040","p1":"TheOtakuOutcast","p2":"Swagadile","format":"[Gen 9] Ubers","log":"|j|\u2606TheOtakuOutcast\n|j|\u2606Swagadile\n|t:|1697992545\n|gametype|singles\n|player|p1|TheOtakuOutcast|102|\n|player|p2|Swagadile|silver|\n|teamsize|p1|6\n|teamsize|p2|6\n|gen|9\n|tier|[Gen 9] Ubers\n|rule|Sleep Clause Mod: Limit one foe put to sleep\n|rule|Species Clause: Limit one of each Pok\u00e9mon\n|rule|OHKO Clause: OHKO moves are banned\n|rule|Evasion Items Clause: Evasion items are banned\n|rule|Evasion Moves Clause: Evasion moves are banned\n|rule|Endless Battle Clause: Forcing endless battles is banned\n|rule|HP Percentage Mod: HP is shown in percentages\n|clearpoke\n|poke|p1|Gholdengo|\n|poke|p1|Tyranitar, M|\n|poke|p1|Houndstone, M|\n|poke|p1|Hawlucha, M|\n|poke|p1|Rotom-Frost|\n|poke|p1|Sandslash, F|\n|poke|p2|Ninetales-Alola, F|\n|poke|p2|Samurott-Hisui, F|\n|poke|p2|Donphan, F|\n|poke|p2|Weezing, F|\n|poke|p2|Cetitan, F|\n|poke|p2|Braviary-Hisui, M|\n|teampreview\n|j| Free Hong Kong Now\n|j| PorygonTheBot\n|c| PorygonTheBot|y'all are stupid\n|j| BPLD\n|j| TheJuicyJake\n|j| Ace_T_24\n|j| NEdgyman\n|l| Free Hong Kong Now\n|j| Free Hong Kong Now\n|l| TheJuicyJake\n|\n|t:|1697992742\n|start\n|switch|p1a: Houndstone|Houndstone, M|100\/100\n|switch|p2a: Samurott|Samurott-Hisui, F|100\/100\n|turn|1\n|\n|t:|1697992787\n|-terastallize|p1a: Houndstone|Fighting\n|move|p2a: Samurott|Ceaseless Edge|p1a: Houndstone\n|-resisted|p1a: Houndstone\n|-damage|p1a: Houndstone|77\/100\n|-sidestart|p1: TheOtakuOutcast|Spikes\n|move|p1a: Houndstone|Tera Blast|p2a: Samurott|[anim] Tera Blast Fighting\n|-supereffective|p2a: Samurott\n|-damage|p2a: Samurott|0 fnt\n|faint|p2a: Samurott\n|-damage|p1a: Houndstone|67\/100|[from] item: Life Orb\n|\n|upkeep\n|\n|t:|1697992799\n|switch|p2a: Ninetales|Ninetales-Alola, F, shiny|100\/100\n|-weather|Snow|[from] ability: Snow Warning|[of] p2a: Ninetales\n|turn|2\n|\n|t:|1697992820\n|switch|p1a: Tyranitar|Tyranitar, M, shiny|100\/100\n|-damage|p1a: Tyranitar|88\/100|[from] Spikes\n|-weather|Sandstorm|[from] ability: Sand Stream|[of] p1a: Tyranitar\n|move|p2a: Ninetales|Moonblast|p1a: Tyranitar\n|-supereffective|p1a: Tyranitar\n|-crit|p1a: Tyranitar\n|-damage|p1a: Tyranitar|37\/100\n|-unboost|p1a: Tyranitar|spa|1\n|\n|-weather|Sandstorm|[upkeep]\n|-damage|p2a: Ninetales|95\/100|[from] Sandstorm\n|upkeep\n|turn|3\n|l| Free Hong Kong Now\n|j| Free Hong Kong Now\n|\n|t:|1697992914\n|switch|p2a: Donphan|Donphan, F|100\/100\n|switch|p1a: Rotom|Rotom-Frost, shiny|100\/100\n|\n|-weather|Sandstorm|[upkeep]\n|-damage|p1a: Rotom|94\/100|[from] Sandstorm\n|upkeep\n|turn|4\n|\n|t:|1697992955\n|move|p1a: Rotom|Blizzard|p2a: Donphan\n|-supereffective|p2a: Donphan\n|-damage|p2a: Donphan|44\/100\n|move|p2a: Donphan|Knock Off|p1a: Rotom\n|-damage|p1a: Rotom|65\/100\n|-enditem|p1a: Rotom|Choice Scarf|[from] move: Knock Off|[of] p2a: Donphan\n|\n|-weather|Sandstorm|[upkeep]\n|-damage|p1a: Rotom|59\/100|[from] Sandstorm\n|upkeep\n|turn|5\n|j| zLayton\n|c| zLayton|yo\n|j| TheJuicyJake\n|\n|t:|1697993001\n|switch|p2a: Ninetales|Ninetales-Alola, F, shiny|95\/100\n|-weather|Snow|[from] ability: Snow Warning|[of] p2a: Ninetales\n|move|p1a: Rotom|Blizzard|p2a: Ninetales\n|-resisted|p2a: Ninetales\n|-damage|p2a: Ninetales|66\/100\n|\n|-weather|Snow|[upkeep]\n|upkeep\n|turn|6\n|\n|t:|1697993035\n|switch|p1a: Tyranitar|Tyranitar, M, shiny|37\/100\n|-damage|p1a: Tyranitar|25\/100|[from] Spikes\n|-weather|Sandstorm|[from] ability: Sand Stream|[of] p1a: Tyranitar\n|move|p2a: Ninetales|Moonblast|p1a: Tyranitar\n|-supereffective|p1a: Tyranitar\n|-damage|p1a: Tyranitar|0 fnt\n|faint|p1a: Tyranitar\n|\n|-weather|Sandstorm|[upkeep]\n|-damage|p2a: Ninetales|60\/100|[from] Sandstorm\n|upkeep\n|\n|t:|1697993048\n|switch|p1a: Houndstone|Houndstone, M, tera:Fighting|67\/100\n|-damage|p1a: Houndstone|55\/100|[from] Spikes\n|turn|7\n|\n|t:|1697993083\n|switch|p2a: Weezing|Weezing, F|100\/100\n|move|p1a: Houndstone|Poltergeist|p2a: Weezing\n|-activate|p2a: Weezing|move: Poltergeist|Black Sludge\n|-damage|p2a: Weezing|50\/100\n|-damage|p1a: Houndstone|45\/100|[from] item: Life Orb\n|\n|-weather|Sandstorm|[upkeep]\n|-damage|p2a: Weezing|44\/100|[from] Sandstorm\n|-heal|p2a: Weezing|50\/100|[from] item: Black Sludge\n|upkeep\n|turn|8\n|\n|t:|1697993103\n|move|p1a: Houndstone|Psychic Fangs|p2a: Weezing\n|-supereffective|p2a: Weezing\n|-damage|p2a: Weezing|3\/100\n|-damage|p1a: Houndstone|35\/100|[from] item: Life Orb\n|move|p2a: Weezing|Sludge Bomb|p1a: Houndstone\n|-damage|p1a: Houndstone|6\/100\n|\n|-weather|Sandstorm|[upkeep]\n|-damage|p2a: Weezing|0 fnt|[from] Sandstorm\n|faint|p2a: Weezing\n|upkeep\n|\n|t:|1697993125\n|switch|p2a: Ninetales|Ninetales-Alola, F, shiny|60\/100\n|-weather|Snow|[from] ability: Snow Warning|[of] p2a: Ninetales\n|turn|9\n|\n|t:|1697993134\n|move|p2a: Ninetales|Moonblast|p1a: Houndstone\n|-supereffective|p1a: Houndstone\n|-damage|p1a: Houndstone|0 fnt\n|faint|p1a: Houndstone\n|\n|-weather|Snow|[upkeep]\n|upkeep\n|\n|t:|1697993176\n|switch|p1a: Rotom|Rotom-Frost, shiny|59\/100\n|turn|10\n|\n|t:|1697993181\n|move|p2a: Ninetales|Moonblast|p1a: Rotom\n|-damage|p1a: Rotom|0 fnt\n|faint|p1a: Rotom\n|\n|-weather|Snow|[upkeep]\n|upkeep\n|\n|t:|1697993197\n|switch|p1a: Gholdengo|Gholdengo|100\/100\n|-damage|p1a: Gholdengo|88\/100|[from] Spikes\n|turn|11\n|\n|t:|1697993211\n|switch|p2a: Donphan|Donphan, F|44\/100\n|move|p1a: Gholdengo|Make It Rain|p2a: Donphan\n|-damage|p2a: Donphan|7\/100\n|-unboost|p1a: Gholdengo|spa|1\n|\n|-weather|Snow|[upkeep]\n|upkeep\n|turn|12\n|\n|t:|1697993223\n|switch|p1a: Sandslash|Sandslash, F, shiny|100\/100\n|move|p2a: Donphan|Ice Spinner|p1a: Sandslash\n|-supereffective|p1a: Sandslash\n|-damage|p1a: Sandslash|73\/100\n|\n|-weather|Snow|[upkeep]\n|upkeep\n|turn|13\n|\n|t:|1697993236\n|switch|p2a: Braviary|Braviary-Hisui, M, shiny|100\/100\n|move|p1a: Sandslash|Stealth Rock|p2a: Braviary\n|-sidestart|p2: Swagadile|move: Stealth Rock\n|\n|-weather|none\n|upkeep\n|turn|14\n|\n|t:|1697993305\n|switch|p1a: Gholdengo|Gholdengo|88\/100\n|-damage|p1a: Gholdengo|76\/100|[from] Spikes\n|-terastallize|p2a: Braviary|Fighting\n|move|p2a: Braviary|Esper Wing|p1a: Gholdengo\n|-resisted|p1a: Gholdengo\n|-damage|p1a: Gholdengo|30\/100\n|-boost|p2a: Braviary|spe|1\n|\n|upkeep\n|turn|15\n|\n|t:|1697993322\n|move|p2a: Braviary|Esper Wing|p1a: Gholdengo\n|-resisted|p1a: Gholdengo\n|-damage|p1a: Gholdengo|0 fnt\n|-boost|p2a: Braviary|spe|1\n|faint|p1a: Gholdengo\n|\n|upkeep\n|\n|t:|1697993325\n|switch|p1a: Sabin Gauge|Hawlucha, M, shiny|100\/100\n|turn|16\n|\n|t:|1697993339\n|move|p2a: Braviary|Esper Wing|p1a: Sabin Gauge\n|-supereffective|p1a: Sabin Gauge\n|-damage|p1a: Sabin Gauge|0 fnt\n|-boost|p2a: Braviary|spe|1\n|faint|p1a: Sabin Gauge\n|\n|upkeep\n|\n|t:|1697993342\n|switch|p1a: Sandslash|Sandslash, F, shiny|73\/100\n|turn|17\n|\n|t:|1697993347\n|move|p2a: Braviary|Esper Wing|p1a: Sandslash\n|-damage|p1a: Sandslash|13\/100\n|-boost|p2a: Braviary|spe|1\n|move|p1a: Sandslash|Super Fang|p2a: Braviary\n|-damage|p2a: Braviary|51\/100\n|\n|upkeep\n|turn|18\n|\n|t:|1697993351\n|move|p2a: Braviary|Esper Wing|p1a: Sandslash\n|-damage|p1a: Sandslash|0 fnt\n|-boost|p2a: Braviary|spe|1\n|faint|p1a: Sandslash\n|\n|win|Swagadile\n|l| PorygonTheBot\n","uploadtime":1697993352,"views":28,"p1id":"theotakuoutcast","p2id":"swagadile","formatid":"gen9ubers","rating":0,"private":0,"password":""}