{"id":"gen9ubers-2000086316","p1":"CRIPPYwitdaGRIPPY","p2":"BeardoftheRed","format":"[Gen 9] Ubers","log":"|j|\u2606CRIPPYwitdaGRIPPY\n|j|\u2606BeardoftheRed\n|t:|1701152189\n|gametype|singles\n|player|p1|CRIPPYwitdaGRIPPY|169|\n|player|p2|BeardoftheRed|266|\n|teamsize|p1|6\n|teamsize|p2|6\n|gen|9\n|tier|[Gen 9] Ubers\n|rule|Sleep Clause Mod: Limit one foe put to sleep\n|rule|Species Clause: Limit one of each Pok\u00e9mon\n|rule|OHKO Clause: OHKO moves are banned\n|rule|Evasion Items Clause: Evasion items are banned\n|rule|Evasion Moves Clause: Evasion moves are banned\n|rule|Endless Battle Clause: Forcing endless battles is banned\n|rule|HP Percentage Mod: HP is shown in percentages\n|clearpoke\n|poke|p1|Gholdengo|\n|poke|p1|Skeledirge, M|\n|poke|p1|Rotom-Wash|\n|poke|p1|Decidueye-Hisui, F|\n|poke|p1|Beartic, F|\n|poke|p1|Toxtricity, F|\n|poke|p2|Dragapult, M|\n|poke|p2|Barraskewda, F|\n|poke|p2|Oranguru, M|\n|poke|p2|Piloswine, F|\n|poke|p2|Chesnaught, F|\n|poke|p2|Palossand, F|\n|teampreview\n|inactive|Battle timer is ON: inactive players will automatically lose when time's up. (requested by CRIPPYwitdaGRIPPY)\n|inactive|BeardoftheRed also wants the timer to be on.\n|\n|t:|1701152200\n|start\n|switch|p1a: firecroc|Skeledirge, M|100\/100\n|switch|p2a: Barraskewda|Barraskewda, F, shiny|100\/100\n|turn|1\n|\n|t:|1701152228\n|move|p2a: Barraskewda|Aqua Jet|p1a: firecroc\n|-supereffective|p1a: firecroc\n|-damage|p1a: firecroc|63\/100\n|move|p1a: firecroc|Yawn|p2a: Barraskewda\n|-start|p2a: Barraskewda|move: Yawn|[of] p1a: firecroc\n|\n|-heal|p1a: firecroc|69\/100|[from] item: Leftovers\n|upkeep\n|turn|2\n|inactive|CRIPPYwitdaGRIPPY has 270 seconds left.\n|\n|t:|1701152251\n|switch|p1a: Toxtricity|Toxtricity, F, shiny|100\/100\n|move|p2a: Barraskewda|Aqua Jet|p1a: Toxtricity\n|-damage|p1a: Toxtricity|53\/100\n|\n|-end|p2a: Barraskewda|move: Yawn|[silent]\n|-status|p2a: Barraskewda|slp\n|upkeep\n|turn|3\n|inactive|CRIPPYwitdaGRIPPY has 270 seconds left.\n|\n|t:|1701152271\n|switch|p2a: Oranguru|Oranguru, M, shiny|100\/100\n|move|p1a: Toxtricity|Nuzzle|p2a: Oranguru\n|-damage|p2a: Oranguru|93\/100\n|-status|p2a: Oranguru|par\n|\n|upkeep\n|turn|4\n|inactive|CRIPPYwitdaGRIPPY has 270 seconds left.\n|\n|t:|1701152289\n|switch|p1a: Decidueye|Decidueye-Hisui, F, shiny|100\/100\n|move|p2a: Oranguru|Nasty Plot|p2a: Oranguru\n|-boost|p2a: Oranguru|spa|2\n|\n|upkeep\n|turn|5\n|inactive|BeardoftheRed has 270 seconds left.\n|\n|t:|1701152322\n|move|p1a: Decidueye|Sucker Punch|p2a: Oranguru\n|-supereffective|p2a: Oranguru\n|-enditem|p2a: Oranguru|Colbur Berry|[eat]\n|-enditem|p2a: Oranguru|Colbur Berry|[weaken]\n|-damage|p2a: Oranguru|58\/100 par\n|-damage|p1a: Decidueye|90\/100|[from] item: Life Orb\n|move|p2a: Oranguru|Psychic|p1a: Decidueye\n|-supereffective|p1a: Decidueye\n|-damage|p1a: Decidueye|0 fnt\n|faint|p1a: Decidueye\n|\n|upkeep\n|inactive|CRIPPYwitdaGRIPPY has 240 seconds left.\n|\n|t:|1701152363\n|switch|p1a: firecroc|Skeledirge, M|69\/100\n|turn|6\n|\n|t:|1701152379\n|move|p1a: firecroc|Shadow Ball|p2a: Oranguru\n|-immune|p2a: Oranguru\n|move|p2a: Oranguru|Psychic|p1a: firecroc\n|-damage|p1a: firecroc|24\/100\n|\n|-heal|p1a: firecroc|30\/100|[from] item: Leftovers\n|upkeep\n|turn|7\n|\n|t:|1701152390\n|switch|p2a: Barraskewda|Barraskewda, F, shiny|100\/100 slp\n|move|p1a: firecroc|Yawn||[still]\n|-fail|p1a: firecroc\n|\n|-heal|p1a: firecroc|36\/100|[from] item: Leftovers\n|upkeep\n|turn|8\n|\n|t:|1701152406\n|switch|p1a: Toxtricity|Toxtricity, F, shiny|53\/100\n|cant|p2a: Barraskewda|slp\n|\n|upkeep\n|turn|9\n|\n|t:|1701152414\n|switch|p2a: Oranguru|Oranguru, M, shiny|58\/100 par\n|move|p1a: Toxtricity|Overdrive|p2a: Oranguru\n|-damage|p2a: Oranguru|19\/100 par\n|-enditem|p1a: Toxtricity|Throat Spray\n|-boost|p1a: Toxtricity|spa|1|[from] item: Throat Spray\n|\n|upkeep\n|turn|10\n|inactive|CRIPPYwitdaGRIPPY has 240 seconds left.\n|\n|t:|1701152426\n|move|p1a: Toxtricity|Boomburst|p2a: Oranguru\n|-damage|p2a: Oranguru|0 fnt\n|faint|p2a: Oranguru\n|\n|upkeep\n|\n|t:|1701152441\n|switch|p2a: Palossand|Palossand, F, shiny|100\/100\n|turn|11\n|inactive|CRIPPYwitdaGRIPPY has 240 seconds left.\n|\n|t:|1701152461\n|switch|p1a: Stringcheese|Gholdengo|100\/100\n|-terastallize|p2a: Palossand|Ghost\n|move|p2a: Palossand|Shadow Ball|p1a: Stringcheese\n|-supereffective|p1a: Stringcheese\n|-damage|p1a: Stringcheese|0 fnt\n|faint|p1a: Stringcheese\n|\n|upkeep\n|\n|t:|1701152469\n|switch|p1a: firecroc|Skeledirge, M|36\/100\n|turn|12\n|inactive|CRIPPYwitdaGRIPPY has 240 seconds left.\n|inactive|BeardoftheRed has 270 seconds left.\n|\n|t:|1701152481\n|switch|p2a: Barraskewda|Barraskewda, F, shiny|100\/100 slp\n|move|p1a: firecroc|Shadow Ball|p2a: Barraskewda\n|-damage|p2a: Barraskewda|33\/100 slp\n|\n|-heal|p1a: firecroc|42\/100|[from] item: Leftovers\n|upkeep\n|turn|13\n|\n|t:|1701152490\n|-curestatus|p2a: Barraskewda|slp|[msg]\n|move|p2a: Barraskewda|Liquidation|p1a: firecroc\n|-supereffective|p1a: firecroc\n|-damage|p1a: firecroc|0 fnt\n|faint|p1a: firecroc\n|\n|upkeep\n|\n|t:|1701152498\n|switch|p1a: Rotom|Rotom-Wash, shiny|100\/100\n|turn|14\n|\n|t:|1701152502\n|move|p2a: Barraskewda|Liquidation|p1a: Rotom\n|-resisted|p1a: Rotom\n|-damage|p1a: Rotom|64\/100\n|move|p1a: Rotom|Rain Dance|p1a: Rotom\n|-weather|RainDance\n|\n|-weather|RainDance|[upkeep]\n|upkeep\n|turn|15\n|\n|t:|1701152510\n|move|p2a: Barraskewda|Liquidation|p1a: Rotom\n|-resisted|p1a: Rotom\n|-damage|p1a: Rotom|10\/100\n|move|p1a: Rotom|Volt Switch|p2a: Barraskewda\n|-supereffective|p2a: Barraskewda\n|-damage|p2a: Barraskewda|0 fnt\n|faint|p2a: Barraskewda\n|\n|t:|1701152517\n|switch|p1a: Beartic|Beartic, F|100\/100|[from] Volt Switch\n|\n|-weather|RainDance|[upkeep]\n|upkeep\n|\n|t:|1701152525\n|switch|p2a: Palossand|Palossand, F, shiny, tera:Ghost|100\/100\n|turn|16\n|inactive|CRIPPYwitdaGRIPPY has 270 seconds left.\n|\n|t:|1701152532\n|move|p1a: Beartic|Icicle Crash|p2a: Palossand\n|-damage|p2a: Palossand|68\/100\n|cant|p2a: Palossand|flinch\n|\n|-weather|RainDance|[upkeep]\n|upkeep\n|turn|17\n|\n|t:|1701152538\n|move|p1a: Beartic|Icicle Crash|p2a: Palossand\n|-damage|p2a: Palossand|35\/100\n|move|p2a: Palossand|Shadow Ball|p1a: Beartic\n|-damage|p1a: Beartic|47\/100\n|\n|-weather|RainDance|[upkeep]\n|upkeep\n|turn|18\n|\n|t:|1701152547\n|move|p1a: Beartic|Icicle Crash|p2a: Palossand\n|-damage|p2a: Palossand|3\/100\n|move|p2a: Palossand|Shadow Ball|p1a: Beartic\n|-damage|p1a: Beartic|0 fnt\n|faint|p1a: Beartic\n|\n|-weather|RainDance|[upkeep]\n|upkeep\n|\n|t:|1701152559\n|switch|p1a: Toxtricity|Toxtricity, F, shiny|53\/100\n|turn|19\n|inactive|CRIPPYwitdaGRIPPY has 270 seconds left.\n|\n|t:|1701152596\n|move|p1a: Toxtricity|Nuzzle|p2a: Palossand\n|-damage|p2a: Palossand|0 fnt\n|faint|p2a: Palossand\n|\n|-weather|RainDance|[upkeep]\n|upkeep\n|\n|t:|1701152608\n|switch|p2a: Dragapult|Dragapult, M, shiny|100\/100\n|turn|20\n|\n|t:|1701152621\n|move|p2a: Dragapult|Phantom Force||[still]\n|-prepare|p2a: Dragapult|Phantom Force\n|move|p1a: Toxtricity|Nuzzle|p2a: Dragapult|[miss]\n|-miss|p1a: Toxtricity|p2a: Dragapult\n|\n|-weather|RainDance|[upkeep]\n|upkeep\n|turn|21\n|\n|t:|1701152629\n|move|p2a: Dragapult|Phantom Force|p1a: Toxtricity|[from]lockedmove\n|-damage|p1a: Toxtricity|0 fnt\n|faint|p1a: Toxtricity\n|\n|-weather|none\n|upkeep\n|\n|t:|1701152635\n|switch|p1a: Rotom|Rotom-Wash, shiny|10\/100\n|turn|22\n|\n|t:|1701152650\n|move|p2a: Dragapult|Dragon Darts|p1a: Rotom\n|-damage|p1a: Rotom|0 fnt\n|faint|p1a: Rotom\n|\n|win|BeardoftheRed\n|l|\u2606CRIPPYwitdaGRIPPY\n","uploadtime":1701152687,"views":2,"p1id":"crippywitdagrippy","p2id":"beardofthered","formatid":"gen9ubers","rating":0,"private":0,"password":""}