{"id":"gen9ubers-1992628486","p1":"Deledelew000009","p2":"Myligth777","format":"[Gen 9] Ubers","log":"|j|\u2606Deledelew000009\n|j|\u2606Myligth777\n|t:|1700217204\n|gametype|singles\n|player|p1|Deledelew000009|1|1040\n|player|p2|Myligth777|n|1000\n|teamsize|p1|6\n|teamsize|p2|6\n|gen|9\n|tier|[Gen 9] Ubers\n|rated|\n|rule|Sleep Clause Mod: Limit one foe put to sleep\n|rule|Species Clause: Limit one of each Pok\u00e9mon\n|rule|OHKO Clause: OHKO moves are banned\n|rule|Evasion Items Clause: Evasion items are banned\n|rule|Evasion Moves Clause: Evasion moves are banned\n|rule|Endless Battle Clause: Forcing endless battles is banned\n|rule|HP Percentage Mod: HP is shown in percentages\n|clearpoke\n|poke|p1|Ogerpon-Hearthflame, F|\n|poke|p1|Torkoal, M|\n|poke|p1|Ursaluna-Bloodmoon, M|\n|poke|p1|Arceus-Fire|\n|poke|p1|Groudon|\n|poke|p1|Arcanine-Hisui, M|\n|poke|p2|Cloyster, M|\n|poke|p2|Scizor, M|\n|poke|p2|Dragonite, M|\n|poke|p2|Blissey, F|\n|poke|p2|Medicham, F|\n|poke|p2|Umbreon, M|\n|teampreview\n|\n|t:|1700217213\n|start\n|switch|p1a: Dezznutz|Torkoal, M|100\/100\n|switch|p2a: Cloyster|Cloyster, M|100\/100\n|turn|1\n|\n|t:|1700217222\n|move|p2a: Cloyster|Shell Smash|p2a: Cloyster\n|-unboost|p2a: Cloyster|def|1\n|-unboost|p2a: Cloyster|spd|1\n|-boost|p2a: Cloyster|atk|2\n|-boost|p2a: Cloyster|spa|2\n|-boost|p2a: Cloyster|spe|2\n|move|p1a: Dezznutz|Earthquake|p2a: Cloyster\n|-damage|p2a: Cloyster|74\/100\n|\n|upkeep\n|turn|2\n|\n|t:|1700217240\n|switch|p1a: Mom|Ogerpon-Hearthflame, F|100\/100\n|-ability|p1a: Mom|Mold Breaker\n|move|p2a: Cloyster|Liquidation|p1a: Mom\n|-damage|p1a: Mom|7\/100\n|\n|upkeep\n|turn|3\n|\n|t:|1700217252\n|move|p2a: Cloyster|Liquidation|p1a: Mom\n|-damage|p1a: Mom|0 fnt\n|faint|p1a: Mom\n|\n|upkeep\n|\n|t:|1700217257\n|switch|p1a: Ursaluna|Ursaluna-Bloodmoon, M|100\/100\n|turn|4\n|\n|t:|1700217269\n|-terastallize|p1a: Ursaluna|Ice\n|move|p2a: Cloyster|Liquidation|p1a: Ursaluna\n|-damage|p1a: Ursaluna|48\/100\n|move|p1a: Ursaluna|Cross Chop|p2a: Cloyster|[miss]\n|-miss|p1a: Ursaluna|p2a: Cloyster\n|\n|upkeep\n|turn|5\n|\n|t:|1700217278\n|move|p2a: Cloyster|Liquidation|p1a: Ursaluna\n|-damage|p1a: Ursaluna|0 fnt\n|faint|p1a: Ursaluna\n|\n|upkeep\n|\n|t:|1700217285\n|switch|p1a: Arceus|Arceus-Fire|100\/100\n|turn|6\n|\n|t:|1700217291\n|move|p2a: Cloyster|Liquidation|p1a: Arceus\n|-supereffective|p1a: Arceus\n|-damage|p1a: Arceus|0 fnt\n|faint|p1a: Arceus\n|\n|upkeep\n|\n|t:|1700217297\n|switch|p1a: Land|Groudon|100\/100\n|-weather|SunnyDay|[from] ability: Drought|[of] p1a: Land\n|turn|7\n|\n|t:|1700217303\n|move|p2a: Cloyster|Icicle Spear|p1a: Land\n|-supereffective|p1a: Land\n|-damage|p1a: Land|70\/100\n|-supereffective|p1a: Land\n|-damage|p1a: Land|37\/100\n|-supereffective|p1a: Land\n|-damage|p1a: Land|4\/100\n|-supereffective|p1a: Land\n|-damage|p1a: Land|0 fnt\n|faint|p1a: Land\n|-hitcount|p1: Land|4\n|\n|-weather|SunnyDay|[upkeep]\n|upkeep\n|\n|t:|1700217313\n|switch|p1a: Arcanine|Arcanine-Hisui, M|100\/100\n|turn|8\n|\n|t:|1700217320\n|move|p2a: Cloyster|Liquidation|p1a: Arcanine\n|-supereffective|p1a: Arcanine\n|-damage|p1a: Arcanine|0 fnt\n|faint|p1a: Arcanine\n|\n|-weather|SunnyDay|[upkeep]\n|upkeep\n|\n|t:|1700217326\n|switch|p1a: Dezznutz|Torkoal, M|100\/100\n|turn|9\n|\n|t:|1700217334\n|move|p2a: Cloyster|Rock Blast|p1a: Dezznutz\n|-supereffective|p1a: Dezznutz\n|-damage|p1a: Dezznutz|82\/100\n|-supereffective|p1a: Dezznutz\n|-damage|p1a: Dezznutz|64\/100\n|-supereffective|p1a: Dezznutz\n|-damage|p1a: Dezznutz|45\/100\n|-supereffective|p1a: Dezznutz\n|-damage|p1a: Dezznutz|26\/100\n|-supereffective|p1a: Dezznutz\n|-damage|p1a: Dezznutz|9\/100\n|-hitcount|p1a: Dezznutz|5\n|move|p1a: Dezznutz|Earthquake|p2a: Cloyster\n|-damage|p2a: Cloyster|49\/100\n|\n|-weather|SunnyDay|[upkeep]\n|upkeep\n|turn|10\n|\n|t:|1700217360\n|move|p2a: Cloyster|Liquidation|p1a: Dezznutz\n|-supereffective|p1a: Dezznutz\n|-damage|p1a: Dezznutz|0 fnt\n|faint|p1a: Dezznutz\n|\n|win|Myligth777\n|raw|Deledelew000009's rating: 1040 &rarr; <strong>1022<\/strong><br \/>(-18 for losing)\n|raw|Myligth777's rating: 1000 &rarr; <strong>1045<\/strong><br \/>(+45 for winning)\n","uploadtime":1700217375,"views":5,"p1id":"deledelew000009","p2id":"myligth777","formatid":"gen9ubers","rating":1022,"private":0,"password":""}