{"id":"gen9ubers-1997968840","p1":"CLECrustles","p2":"ShwyGuy","format":"[Gen 9] Ubers","log":"|j|\u2606CLECrustles\n|j|\u2606ShwyGuy\n|t:|1700873457\n|gametype|singles\n|player|p1|CLECrustles|265|\n|player|p2|ShwyGuy|riley|\n|teamsize|p1|6\n|teamsize|p2|6\n|gen|9\n|tier|[Gen 9] Ubers\n|rule|Sleep Clause Mod: Limit one foe put to sleep\n|rule|Species Clause: Limit one of each Pok\u00e9mon\n|rule|OHKO Clause: OHKO moves are banned\n|rule|Evasion Items Clause: Evasion items are banned\n|rule|Evasion Moves Clause: Evasion moves are banned\n|rule|Endless Battle Clause: Forcing endless battles is banned\n|rule|HP Percentage Mod: HP is shown in percentages\n|clearpoke\n|poke|p1|Fezandipiti, M|\n|poke|p1|Mamoswine, M|\n|poke|p1|Ogerpon-Cornerstone, F|\n|poke|p1|Mandibuzz, F|\n|poke|p1|Lycanroc-Dusk, M|\n|poke|p1|Brambleghast, M|\n|poke|p2|Torkoal, F|\n|poke|p2|Walking Wake|\n|poke|p2|Scream Tail|\n|poke|p2|Ceruledge, M|\n|poke|p2|Slither Wing|\n|poke|p2|Sandy Shocks|\n|teampreview\n|c|\u2606CLECrustles|have fun!\n|c|\u2606ShwyGuy|you too!\n|\n|t:|1700873506\n|start\n|switch|p1a: Ogerpon|Ogerpon-Cornerstone, F|100\/100\n|switch|p2a: Slither Wing|Slither Wing|100\/100\n|turn|1\n|\n|t:|1700873568\n|switch|p1a: Mandibuzz|Mandibuzz, F|100\/100\n|move|p2a: Slither Wing|First Impression|p1a: Mandibuzz\n|-damage|p1a: Mandibuzz|71\/100\n|\n|upkeep\n|turn|2\n|\n|t:|1700873588\n|move|p2a: Slither Wing|U-turn|p1a: Mandibuzz\n|-damage|p1a: Mandibuzz|49\/100\n|\n|t:|1700873628\n|-end|p2a: Slither Wing|Protosynthesis|[silent]\n|switch|p2a: Pickleball|Torkoal, F|100\/100|[from] U-turn\n|-weather|SunnyDay|[from] ability: Drought|[of] p2a: Pickleball\n|move|p1a: Mandibuzz|Roost|p1a: Mandibuzz\n|-heal|p1a: Mandibuzz|99\/100\n|-singleturn|p1a: Mandibuzz|move: Roost\n|\n|-weather|SunnyDay|[upkeep]\n|upkeep\n|turn|3\n|\n|t:|1700873661\n|move|p1a: Mandibuzz|Foul Play|p2a: Pickleball\n|-damage|p2a: Pickleball|85\/100\n|move|p2a: Pickleball|Yawn|p1a: Mandibuzz\n|-start|p1a: Mandibuzz|move: Yawn|[of] p2a: Pickleball\n|\n|-weather|SunnyDay|[upkeep]\n|upkeep\n|turn|4\n|\n|t:|1700873671\n|switch|p1a: Ogerpon|Ogerpon-Cornerstone, F|100\/100\n|move|p2a: Pickleball|Stealth Rock|p1a: Ogerpon\n|-sidestart|p1: CLECrustles|move: Stealth Rock\n|\n|-weather|SunnyDay|[upkeep]\n|upkeep\n|turn|5\n|\n|t:|1700873845\n|switch|p2a: Scream Tail|Scream Tail|100\/100\n|-activate|p2a: Scream Tail|ability: Protosynthesis\n|-start|p2a: Scream Tail|protosynthesisspe\n|-terastallize|p1a: Ogerpon|Rock\n|detailschange|p1a: Ogerpon|Ogerpon-Cornerstone-Tera, F, tera:Rock\n|-ability|p1a: Ogerpon|Embody Aspect (Cornerstone)|boost\n|-boost|p1a: Ogerpon|def|1\n|move|p1a: Ogerpon|Ivy Cudgel|p2a: Scream Tail|[anim] Ivy Cudgel Rock\n|-damage|p2a: Scream Tail|41\/100\n|\n|-weather|SunnyDay|[upkeep]\n|-heal|p2a: Scream Tail|47\/100|[from] item: Leftovers\n|upkeep\n|turn|6\n|\n|t:|1700873878\n|switch|p1a: Brambleghast|Brambleghast, M|100\/100\n|-damage|p1a: Brambleghast|88\/100|[from] Stealth Rock\n|move|p2a: Scream Tail|Dazzling Gleam|p1a: Brambleghast\n|-damage|p1a: Brambleghast|52\/100\n|\n|-weather|SunnyDay|[upkeep]\n|-heal|p2a: Scream Tail|53\/100|[from] item: Leftovers\n|upkeep\n|turn|7\n|\n|t:|1700873924\n|move|p2a: Scream Tail|Wish|p2a: Scream Tail\n|move|p1a: Brambleghast|Poltergeist|p2a: Scream Tail|[miss]\n|-miss|p1a: Brambleghast|p2a: Scream Tail\n|\n|-weather|SunnyDay|[upkeep]\n|-heal|p2a: Scream Tail|59\/100|[from] item: Leftovers\n|upkeep\n|turn|8\n|c|\u2606CLECrustles|lol of course\n|\n|t:|1700873932\n|move|p2a: Scream Tail|Dazzling Gleam|p1a: Brambleghast\n|-damage|p1a: Brambleghast|18\/100\n|move|p1a: Brambleghast|Poltergeist|p2a: Scream Tail\n|-activate|p2a: Scream Tail|move: Poltergeist|Leftovers\n|-supereffective|p2a: Scream Tail\n|-damage|p2a: Scream Tail|0 fnt\n|faint|p2a: Scream Tail\n|-end|p2a: Scream Tail|Protosynthesis|[silent]\n|\n|-weather|SunnyDay|[upkeep]\n|upkeep\n|\n|t:|1700874081\n|switch|p2a: Sandy Shocks|Sandy Shocks|100\/100\n|-activate|p2a: Sandy Shocks|ability: Protosynthesis\n|-start|p2a: Sandy Shocks|protosynthesisspe\n|turn|9\n|\n|t:|1700874113\n|move|p2a: Sandy Shocks|Earth Power|p1a: Brambleghast\n|-resisted|p1a: Brambleghast\n|-damage|p1a: Brambleghast|0 fnt\n|faint|p1a: Brambleghast\n|\n|-weather|none\n|-end|p2a: Sandy Shocks|Protosynthesis\n|upkeep\n|\n|t:|1700874133\n|switch|p1a: Ogerpon|Ogerpon-Cornerstone-Tera, F, tera:Rock|100\/100\n|-damage|p1a: Ogerpon|88\/100|[from] Stealth Rock\n|-ability|p1a: Ogerpon|Embody Aspect (Cornerstone)|boost\n|-boost|p1a: Ogerpon|def|1\n|turn|10\n|\n|t:|1700874258\n|-end|p2a: Sandy Shocks|Protosynthesis|[silent]\n|switch|p2a: Pickleball|Torkoal, F|85\/100\n|-weather|SunnyDay|[from] ability: Drought|[of] p2a: Pickleball\n|move|p1a: Ogerpon|Power Whip|p2a: Pickleball\n|-resisted|p2a: Pickleball\n|-damage|p2a: Pickleball|66\/100\n|\n|-weather|SunnyDay|[upkeep]\n|upkeep\n|turn|11\n|\n|t:|1700874359\n|switch|p2a: Ceruledge|Ceruledge, M|100\/100\n|-item|p2a: Ceruledge|Air Balloon\n|move|p1a: Ogerpon|Power Whip|p2a: Ceruledge\n|-resisted|p2a: Ceruledge\n|-damage|p2a: Ceruledge|51\/100\n|-enditem|p2a: Ceruledge|Air Balloon\n|\n|-weather|SunnyDay|[upkeep]\n|upkeep\n|turn|12\n|c|\u2606CLECrustles|definitely thought you were going hard shocks there\n|\n|t:|1700874383\n|move|p1a: Ogerpon|Ivy Cudgel|p2a: Ceruledge|[anim] Ivy Cudgel Rock\n|-supereffective|p2a: Ceruledge\n|-damage|p2a: Ceruledge|0 fnt\n|faint|p2a: Ceruledge\n|\n|-weather|SunnyDay|[upkeep]\n|upkeep\n|\n|t:|1700874389\n|switch|p2a: Sandy Shocks|Sandy Shocks|100\/100\n|-activate|p2a: Sandy Shocks|ability: Protosynthesis\n|-start|p2a: Sandy Shocks|protosynthesisspe\n|turn|13\n|c|\u2606ShwyGuy|it was a thought\n|\n|t:|1700874440\n|move|p2a: Sandy Shocks|Earth Power|p1a: Ogerpon\n|-supereffective|p1a: Ogerpon\n|-damage|p1a: Ogerpon|0 fnt\n|faint|p1a: Ogerpon\n|\n|-weather|SunnyDay|[upkeep]\n|upkeep\n|\n|t:|1700874447\n|switch|p1a: Mandibuzz|Mandibuzz, F|99\/100\n|turn|14\n|c|\u2606CLECrustles|damn\n|c|\u2606CLECrustles|didn't think you would bring specs\n|\n|t:|1700874543\n|move|p2a: Sandy Shocks|Thunderbolt|p1a: Mandibuzz\n|-supereffective|p1a: Mandibuzz\n|-damage|p1a: Mandibuzz|27\/100\n|move|p1a: Mandibuzz|Defog|p2a: Sandy Shocks\n|-unboost|p2a: Sandy Shocks|evasion|1\n|-sideend|p1: CLECrustles|Stealth Rock|[from] move: Defog|[of] p1a: Mandibuzz\n|\n|-weather|SunnyDay|[upkeep]\n|upkeep\n|turn|15\n|c|\u2606ShwyGuy|Im not sadly\n|c|\u2606CLECrustles|ok these calcs make no sense now lol\n|c|\u2606ShwyGuy|did you tera?\n|c|\u2606CLECrustles|yeah\n|c|\u2606ShwyGuy|like in the calc\n|c|\u2606CLECrustles|yeah\n|\n|t:|1700874597\n|switch|p1a: Mamoswine|Mamoswine, M|100\/100\n|move|p2a: Sandy Shocks|Power Gem|p1a: Mamoswine\n|-damage|p1a: Mamoswine|64\/100\n|\n|-weather|SunnyDay|[upkeep]\n|upkeep\n|turn|16\n|c|\u2606ShwyGuy|I am seeing it do like 90 at the minimum\n|c|\u2606CLECrustles|hmm maybe i messed it up\n|c|\u2606CLECrustles|oh well\n|\n|t:|1700874688\n|-end|p2a: Sandy Shocks|Protosynthesis|[silent]\n|switch|p2a: Slither Wing|Slither Wing|100\/100\n|-activate|p2a: Slither Wing|ability: Protosynthesis\n|-start|p2a: Slither Wing|protosynthesisatk\n|move|p1a: Mamoswine|Earthquake|p2a: Slither Wing\n|-resisted|p2a: Slither Wing\n|-damage|p2a: Slither Wing|63\/100\n|\n|-weather|SunnyDay|[upkeep]\n|upkeep\n|turn|17\n|\n|t:|1700874864\n|switch|p1a: Mandibuzz|Mandibuzz, F|27\/100\n|move|p2a: Slither Wing|Earthquake|p1a: Mandibuzz\n|-immune|p1a: Mandibuzz\n|\n|-weather|none\n|-end|p2a: Slither Wing|Protosynthesis\n|upkeep\n|turn|18\n|\n|t:|1700874884\n|move|p2a: Slither Wing|Close Combat|p1a: Mandibuzz\n|-damage|p1a: Mandibuzz|0 fnt\n|-unboost|p2a: Slither Wing|def|1\n|-unboost|p2a: Slither Wing|spd|1\n|faint|p1a: Mandibuzz\n|\n|upkeep\n|\n|t:|1700874891\n|switch|p1a: Lycanroc|Lycanroc-Dusk, M|100\/100\n|turn|19\n|\n|t:|1700874952\n|-end|p2a: Slither Wing|Protosynthesis|[silent]\n|switch|p2a: Pickleball|Torkoal, F|66\/100\n|-weather|SunnyDay|[from] ability: Drought|[of] p2a: Pickleball\n|move|p1a: Lycanroc|Stone Edge|p2a: Pickleball\n|-supereffective|p2a: Pickleball\n|-damage|p2a: Pickleball|0 fnt\n|faint|p2a: Pickleball\n|\n|-weather|SunnyDay|[upkeep]\n|upkeep\n|\n|t:|1700874991\n|switch|p2a: Walking Wake|Walking Wake|100\/100\n|-activate|p2a: Walking Wake|ability: Protosynthesis\n|-start|p2a: Walking Wake|protosynthesisspe\n|turn|20\n|\n|t:|1700875000\n|switch|p1a: Fezandipiti|Fezandipiti, M|100\/100\n|move|p2a: Walking Wake|Hydro Steam|p1a: Fezandipiti\n|-damage|p1a: Fezandipiti|63\/100\n|\n|-weather|SunnyDay|[upkeep]\n|upkeep\n|turn|21\n|c|\u2606CLECrustles|!data hydro steam\n|raw|<ul class=\"utilichart\"><li class=\"result\"><span class=\"col movenamecol\"><a href=\"https:\/\/dex.pokemonshowdown.com\/moves\/hydrosteam\">Hydro Steam<\/a><\/span> <span class=\"col typecol\"><img src=\"\/\/play.pokemonshowdown.com\/sprites\/types\/Water.png\" alt=\"Water\" width=\"32\" height=\"14\"><img src=\"\/\/play.pokemonshowdown.com\/sprites\/categories\/Special.png\" alt=\"Special\" width=\"32\" height=\"14\"><\/span> <span class=\"col labelcol\"><em>Power<\/em><br>80<\/span> <span class=\"col widelabelcol\"><em>Accuracy<\/em><br>100%<\/span> <span class=\"col pplabelcol\"><em>PP<\/em><br>24<\/span> <span class=\"col movedesccol\">During Sunny Day: 1.5x damage instead of half.<\/span> <\/li><li style=\"clear:both\"><\/li><\/ul>\n\n|\n|t:|1700875106\n|-end|p2a: Walking Wake|Protosynthesis|[silent]\n|switch|p2a: Slither Wing|Slither Wing|63\/100\n|-activate|p2a: Slither Wing|ability: Protosynthesis\n|-start|p2a: Slither Wing|protosynthesisatk\n|move|p1a: Fezandipiti|Moonblast|p2a: Slither Wing\n|-supereffective|p2a: Slither Wing\n|-damage|p2a: Slither Wing|6\/100\n|\n|-weather|SunnyDay|[upkeep]\n|upkeep\n|turn|22\n|\n|t:|1700875176\n|move|p1a: Fezandipiti|Moonblast|p2a: Slither Wing\n|-supereffective|p2a: Slither Wing\n|-damage|p2a: Slither Wing|0 fnt\n|faint|p2a: Slither Wing\n|-end|p2a: Slither Wing|Protosynthesis|[silent]\n|\n|-weather|SunnyDay|[upkeep]\n|upkeep\n|\n|t:|1700875181\n|switch|p2a: Sandy Shocks|Sandy Shocks|100\/100\n|-activate|p2a: Sandy Shocks|ability: Protosynthesis\n|-start|p2a: Sandy Shocks|protosynthesisspe\n|turn|23\n|\n|t:|1700875258\n|move|p2a: Sandy Shocks|Earth Power|p1a: Fezandipiti\n|-supereffective|p1a: Fezandipiti\n|-damage|p1a: Fezandipiti|27\/100\n|move|p1a: Fezandipiti|Moonblast|p2a: Sandy Shocks\n|-damage|p2a: Sandy Shocks|82\/100\n|\n|-weather|SunnyDay|[upkeep]\n|upkeep\n|turn|24\n|\n|t:|1700875277\n|move|p2a: Sandy Shocks|Earth Power|p1a: Fezandipiti\n|-supereffective|p1a: Fezandipiti\n|-damage|p1a: Fezandipiti|0 fnt\n|faint|p1a: Fezandipiti\n|\n|-weather|SunnyDay|[upkeep]\n|upkeep\n|\n|t:|1700875278\n|switch|p1a: Mamoswine|Mamoswine, M|64\/100\n|turn|25\n|\n|t:|1700875307\n|move|p1a: Mamoswine|Ice Shard|p2a: Sandy Shocks\n|-supereffective|p2a: Sandy Shocks\n|-damage|p2a: Sandy Shocks|30\/100\n|move|p2a: Sandy Shocks|Earth Power|p1a: Mamoswine\n|-crit|p1a: Mamoswine\n|-damage|p1a: Mamoswine|0 fnt\n|faint|p1a: Mamoswine\n|\n|-weather|SunnyDay|[upkeep]\n|upkeep\n|\n|t:|1700875312\n|switch|p1a: Lycanroc|Lycanroc-Dusk, M|100\/100\n|turn|26\n|\n|t:|1700875332\n|move|p1a: Lycanroc|Accelerock|p2a: Sandy Shocks\n|-resisted|p2a: Sandy Shocks\n|-damage|p2a: Sandy Shocks|8\/100\n|move|p2a: Sandy Shocks|Earth Power|p1a: Lycanroc\n|-supereffective|p1a: Lycanroc\n|-damage|p1a: Lycanroc|0 fnt\n|faint|p1a: Lycanroc\n|\n|win|ShwyGuy\n|c|\u2606CLECrustles|gg\n|c|\u2606CLECrustles|only chance was you to low roll on mamo\n|c|\u2606CLECrustles|obv crit didn't really matter. I had like a 10% chance to liove\n|c|\u2606ShwyGuy|Yeah idk\n|c|\u2606ShwyGuy|GG tho that was exciting\n","uploadtime":1700875369,"views":23,"p1id":"clecrustles","p2id":"shwyguy","formatid":"gen9ubers","rating":0,"private":0,"password":""}