{"id":"gen9ubers-1974246423","p1":"RubenPaCe","p2":"Janis105","format":"[Gen 9] Ubers","log":"|j|\u2606RubenPaCe\n|j|\u2606Janis105\n|t:|1698071704\n|gametype|singles\n|player|p1|RubenPaCe|2|\n|player|p2|Janis105|eusine|\n|teamsize|p1|6\n|teamsize|p2|6\n|gen|9\n|tier|[Gen 9] Ubers\n|rule|Sleep Clause Mod: Limit one foe put to sleep\n|rule|Species Clause: Limit one of each Pok\u00e9mon\n|rule|OHKO Clause: OHKO moves are banned\n|rule|Evasion Items Clause: Evasion items are banned\n|rule|Evasion Moves Clause: Evasion moves are banned\n|rule|Endless Battle Clause: Forcing endless battles is banned\n|rule|HP Percentage Mod: HP is shown in percentages\n|clearpoke\n|poke|p1|Garganacl, M|\n|poke|p1|Blissey, F|\n|poke|p1|Hatterene, F|\n|poke|p1|Dondozo, F|\n|poke|p1|Slowking-Galar, M|\n|poke|p1|Arceus-Dark|\n|poke|p2|Shaymin-Sky|\n|poke|p2|Landorus, M|\n|poke|p2|Zacian-*|\n|poke|p2|Gliscor, M|\n|poke|p2|Clefable, F|\n|poke|p2|Volcarona, F|\n|teampreview\n|c|\u2606RubenPaCe|hf\n|c|\u2606Janis105|u2\n|\n|t:|1698071752\n|start\n|switch|p1a: Arceus|Arceus-Dark|100\/100\n|switch|p2a: Gliscor|Gliscor, M|100\/100\n|turn|1\n|\n|t:|1698071782\n|move|p2a: Gliscor|Protect|p2a: Gliscor\n|-singleturn|p2a: Gliscor|Protect\n|move|p1a: Arceus|Taunt|p2a: Gliscor\n|-activate|p2a: Gliscor|move: Protect\n|\n|-status|p2a: Gliscor|tox|[from] item: Toxic Orb\n|upkeep\n|turn|2\n|\n|t:|1698071798\n|move|p1a: Arceus|Taunt|p2a: Gliscor\n|-start|p2a: Gliscor|move: Taunt\n|move|p2a: Gliscor|Earthquake|p1a: Arceus\n|-damage|p1a: Arceus|79\/100\n|\n|upkeep\n|turn|3\n|\n|t:|1698071890\n|switch|p2a: Clefable|Clefable, F|100\/100\n|move|p1a: Arceus|Judgment|p2a: Clefable\n|-resisted|p2a: Clefable\n|-damage|p2a: Clefable|77\/100\n|\n|-heal|p2a: Clefable|83\/100|[from] item: Leftovers\n|upkeep\n|turn|4\n|\n|t:|1698071898\n|switch|p1a: Slowking|Slowking-Galar, M|100\/100\n|move|p2a: Clefable|Stealth Rock|p1a: Slowking\n|-sidestart|p1: RubenPaCe|move: Stealth Rock\n|\n|-heal|p2a: Clefable|90\/100|[from] item: Leftovers\n|upkeep\n|turn|5\n|\n|t:|1698071932\n|switch|p2a: Landorus|Landorus, M|100\/100\n|move|p1a: Slowking|Sludge Bomb|p2a: Landorus\n|-resisted|p2a: Landorus\n|-damage|p2a: Landorus|77\/100\n|\n|upkeep\n|turn|6\n|\n|t:|1698071969\n|switch|p1a: Blissey|Blissey, F|100\/100\n|move|p2a: Landorus|Earth Power|p1a: Blissey\n|-crit|p1a: Blissey\n|-damage|p1a: Blissey|66\/100\n|\n|upkeep\n|turn|7\n|\n|t:|1698071977\n|move|p2a: Landorus|Focus Blast|p1a: Blissey\n|-supereffective|p1a: Blissey\n|-damage|p1a: Blissey|29\/100\n|move|p1a: Blissey|Seismic Toss|p2a: Landorus\n|-damage|p2a: Landorus|46\/100\n|\n|upkeep\n|turn|8\n|\n|t:|1698072024\n|move|p2a: Landorus|Nasty Plot|p2a: Landorus\n|-boost|p2a: Landorus|spa|2\n|move|p1a: Blissey|Soft-Boiled|p1a: Blissey\n|-heal|p1a: Blissey|79\/100\n|\n|upkeep\n|turn|9\n|\n|t:|1698072045\n|move|p2a: Landorus|Focus Blast|p1a: Blissey|[miss]\n|-miss|p2a: Landorus|p1a: Blissey\n|move|p1a: Blissey|Seismic Toss|p2a: Landorus\n|-damage|p2a: Landorus|15\/100\n|\n|upkeep\n|turn|10\n|\n|t:|1698072081\n|move|p2a: Landorus|Focus Blast|p1a: Blissey|[miss]\n|-miss|p2a: Landorus|p1a: Blissey\n|move|p1a: Blissey|Seismic Toss|p2a: Landorus\n|-damage|p2a: Landorus|0 fnt\n|faint|p2a: Landorus\n|\n|upkeep\n|c|\u2606Janis105|xD\n|c|\u2606Janis105|focus miss\n|\n|t:|1698072091\n|switch|p2a: Shaymin|Shaymin-Sky|100\/100\n|turn|11\n|c|\u2606RubenPaCe|it do be like that\n|\n|t:|1698072104\n|switch|p1a: Slowking|Slowking-Galar, M|100\/100\n|-damage|p1a: Slowking|88\/100|[from] Stealth Rock\n|move|p2a: Shaymin|Seed Flare|p1a: Slowking\n|-resisted|p1a: Slowking\n|-damage|p1a: Slowking|64\/100\n|-damage|p2a: Shaymin|91\/100|[from] item: Life Orb\n|\n|upkeep\n|turn|12\n|\n|t:|1698072132\n|switch|p2a: Gliscor|Gliscor, M|100\/100 tox\n|move|p1a: Slowking|Sludge Bomb|p2a: Gliscor\n|-resisted|p2a: Gliscor\n|-damage|p2a: Gliscor|86\/100 tox\n|\n|-heal|p2a: Gliscor|98\/100 tox|[from] ability: Poison Heal\n|upkeep\n|turn|13\n|\n|t:|1698072150\n|switch|p1a: Hatterene|Hatterene, F|100\/100\n|-damage|p1a: Hatterene|88\/100|[from] Stealth Rock\n|move|p2a: Gliscor|Spikes|p1a: Hatterene\n|move|p1a: Hatterene|Spikes|p2a: Gliscor|[from]ability: Magic Bounce\n|-sidestart|p2: Janis105|Spikes\n|\n|-heal|p1a: Hatterene|94\/100|[from] item: Leftovers\n|-heal|p2a: Gliscor|100\/100 tox|[from] ability: Poison Heal\n|upkeep\n|turn|14\n|\n|t:|1698072200\n|move|p2a: Gliscor|Knock Off|p1a: Hatterene\n|-damage|p1a: Hatterene|77\/100\n|-enditem|p1a: Hatterene|Leftovers|[from] move: Knock Off|[of] p2a: Gliscor\n|move|p1a: Hatterene|Calm Mind|p1a: Hatterene\n|-boost|p1a: Hatterene|spa|1\n|-boost|p1a: Hatterene|spd|1\n|\n|upkeep\n|turn|15\n|\n|t:|1698072210\n|switch|p2a: Zacian|Zacian|100\/100\n|-ability|p2a: Zacian|Intrepid Sword|boost\n|-boost|p2a: Zacian|atk|1\n|move|p1a: Hatterene|Mystical Fire|p2a: Zacian\n|-damage|p2a: Zacian|68\/100\n|-unboost|p2a: Zacian|spa|1\n|\n|upkeep\n|turn|16\n|\n|t:|1698072273\n|move|p2a: Zacian|Play Rough|p1a: Hatterene\n|-damage|p1a: Hatterene|23\/100\n|move|p1a: Hatterene|Draining Kiss|p2a: Zacian\n|-damage|p2a: Zacian|39\/100\n|-heal|p1a: Hatterene|46\/100|[from] drain|[of] p2a: Zacian\n|\n|upkeep\n|turn|17\n|\n|t:|1698072283\n|switch|p1a: Dondozo|Dondozo, F|100\/100\n|-damage|p1a: Dondozo|88\/100|[from] Stealth Rock\n|move|p2a: Zacian|Play Rough|p1a: Dondozo\n|-damage|p1a: Dondozo|69\/100\n|\n|-heal|p1a: Dondozo|75\/100|[from] item: Leftovers\n|upkeep\n|turn|18\n|\n|t:|1698072293\n|switch|p2a: Shaymin|Shaymin-Sky|91\/100\n|move|p1a: Dondozo|Liquidation|p2a: Shaymin\n|-resisted|p2a: Shaymin\n|-damage|p2a: Shaymin|71\/100\n|\n|-heal|p1a: Dondozo|81\/100|[from] item: Leftovers\n|upkeep\n|turn|19\n|\n|t:|1698072299\n|switch|p1a: Blissey|Blissey, F|79\/100\n|move|p2a: Shaymin|Seed Flare|p1a: Blissey\n|-damage|p1a: Blissey|54\/100\n|-unboost|p1a: Blissey|spd|2\n|-damage|p2a: Shaymin|61\/100|[from] item: Life Orb\n|\n|upkeep\n|turn|20\n|\n|t:|1698072305\n|switch|p1a: Slowking|Slowking-Galar, M|97\/100\n|-damage|p1a: Slowking|85\/100|[from] Stealth Rock\n|move|p2a: Shaymin|Seed Flare|p1a: Slowking\n|-resisted|p1a: Slowking\n|-damage|p1a: Slowking|61\/100\n|-damage|p2a: Shaymin|51\/100|[from] item: Life Orb\n|\n|upkeep\n|turn|21\n|\n|t:|1698072315\n|move|p2a: Shaymin|Earth Power|p1a: Slowking\n|-supereffective|p1a: Slowking\n|-damage|p1a: Slowking|14\/100\n|-damage|p2a: Shaymin|41\/100|[from] item: Life Orb\n|move|p1a: Slowking|Chilly Reception|p1a: Slowking\n|-weather|Snow\n|\n|t:|1698072324\n|switch|p1a: Blissey|Blissey, F|54\/100|[from] Chilly Reception\n|\n|-weather|Snow|[upkeep]\n|upkeep\n|turn|22\n|\n|t:|1698072328\n|move|p2a: Shaymin|Seed Flare|p1a: Blissey\n|-damage|p1a: Blissey|31\/100\n|-damage|p2a: Shaymin|31\/100|[from] item: Life Orb\n|move|p1a: Blissey|Seismic Toss|p2a: Shaymin\n|-damage|p2a: Shaymin|2\/100\n|\n|-weather|Snow|[upkeep]\n|upkeep\n|turn|23\n|\n|t:|1698072337\n|move|p2a: Shaymin|Healing Wish|p2a: Shaymin\n|faint|p2a: Shaymin\n|move|p1a: Blissey|Soft-Boiled|p1a: Blissey\n|-heal|p1a: Blissey|81\/100\n|\n|-weather|Snow|[upkeep]\n|upkeep\n|\n|t:|1698072341\n|switch|p2a: Zacian|Zacian|39\/100\n|-heal|p2a: Zacian|100\/100|[from] move: Healing Wish\n|turn|24\n|\n|t:|1698072347\n|switch|p1a: Dondozo|Dondozo, F|81\/100\n|-damage|p1a: Dondozo|69\/100|[from] Stealth Rock\n|move|p2a: Zacian|Close Combat|p1a: Dondozo\n|-damage|p1a: Dondozo|53\/100\n|-unboost|p2a: Zacian|def|1\n|-unboost|p2a: Zacian|spd|1\n|\n|-weather|Snow|[upkeep]\n|-heal|p1a: Dondozo|59\/100|[from] item: Leftovers\n|upkeep\n|turn|25\n|\n|t:|1698072357\n|switch|p2a: Gliscor|Gliscor, M|100\/100 tox\n|move|p1a: Dondozo|Liquidation|p2a: Gliscor\n|-supereffective|p2a: Gliscor\n|-damage|p2a: Gliscor|49\/100 tox\n|\n|-weather|none\n|-heal|p1a: Dondozo|65\/100|[from] item: Leftovers\n|-heal|p2a: Gliscor|62\/100 tox|[from] ability: Poison Heal\n|upkeep\n|turn|26\n|\n|t:|1698072379\n|switch|p1a: Hatterene|Hatterene, F|46\/100\n|-damage|p1a: Hatterene|34\/100|[from] Stealth Rock\n|-terastallize|p2a: Gliscor|Water\n|move|p2a: Gliscor|Knock Off|p1a: Hatterene\n|-damage|p1a: Hatterene|21\/100\n|\n|-heal|p2a: Gliscor|74\/100 tox|[from] ability: Poison Heal\n|upkeep\n|turn|27\n|\n|t:|1698072387\n|move|p2a: Gliscor|Earthquake|p1a: Hatterene\n|-damage|p1a: Hatterene|0 fnt\n|faint|p1a: Hatterene\n|\n|-heal|p2a: Gliscor|87\/100 tox|[from] ability: Poison Heal\n|upkeep\n|\n|t:|1698072390\n|switch|p1a: Arceus|Arceus-Dark|79\/100\n|-damage|p1a: Arceus|66\/100|[from] Stealth Rock\n|turn|28\n|\n|t:|1698072397\n|move|p2a: Gliscor|Protect|p2a: Gliscor\n|-singleturn|p2a: Gliscor|Protect\n|move|p1a: Arceus|Taunt|p2a: Gliscor\n|-activate|p2a: Gliscor|move: Protect\n|\n|-heal|p2a: Gliscor|99\/100 tox|[from] ability: Poison Heal\n|upkeep\n|turn|29\n|\n|t:|1698072403\n|move|p1a: Arceus|Calm Mind|p1a: Arceus\n|-boost|p1a: Arceus|spa|1\n|-boost|p1a: Arceus|spd|1\n|move|p2a: Gliscor|Earthquake|p1a: Arceus\n|-damage|p1a: Arceus|46\/100\n|\n|-heal|p2a: Gliscor|100\/100 tox|[from] ability: Poison Heal\n|upkeep\n|turn|30\n|\n|t:|1698072414\n|switch|p2a: Clefable|Clefable, F|90\/100\n|move|p1a: Arceus|Taunt|p2a: Clefable\n|-start|p2a: Clefable|move: Taunt\n|\n|-heal|p2a: Clefable|96\/100|[from] item: Leftovers\n|upkeep\n|turn|31\n|\n|t:|1698072425\n|move|p1a: Arceus|Recover|p1a: Arceus\n|-heal|p1a: Arceus|96\/100\n|move|p2a: Clefable|Moonblast|p1a: Arceus\n|-supereffective|p1a: Arceus\n|-damage|p1a: Arceus|69\/100\n|\n|-heal|p2a: Clefable|100\/100|[from] item: Leftovers\n|upkeep\n|turn|32\n|\n|t:|1698072437\n|switch|p1a: Slowking|Slowking-Galar, M|47\/100\n|-damage|p1a: Slowking|35\/100|[from] Stealth Rock\n|switch|p2a: Zacian|Zacian|100\/100\n|\n|upkeep\n|turn|33\n|\n|t:|1698072453\n|switch|p1a: Dondozo|Dondozo, F|65\/100\n|-damage|p1a: Dondozo|52\/100|[from] Stealth Rock\n|move|p2a: Zacian|Play Rough|p1a: Dondozo\n|-crit|p1a: Dondozo\n|-damage|p1a: Dondozo|23\/100\n|\n|-heal|p1a: Dondozo|29\/100|[from] item: Leftovers\n|upkeep\n|turn|34\n|\n|t:|1698072461\n|move|p2a: Zacian|Wild Charge|p1a: Dondozo\n|-supereffective|p1a: Dondozo\n|-damage|p1a: Dondozo|4\/100\n|-damage|p2a: Zacian|91\/100|[from] Recoil\n|move|p1a: Dondozo|Rest|p1a: Dondozo\n|-status|p1a: Dondozo|slp|[from] move: Rest\n|-heal|p1a: Dondozo|100\/100 slp|[silent]\n|\n|upkeep\n|turn|35\n|\n|t:|1698072472\n|switch|p2a: Gliscor|Gliscor, M, tera:Water|100\/100 tox\n|-damage|p2a: Gliscor|88\/100 tox|[from] Spikes\n|cant|p1a: Dondozo|slp\n|move|p1a: Dondozo|Sleep Talk|p1a: Dondozo\n|move|p1a: Dondozo|Rest||[from]move: Sleep Talk|[still]\n|-fail|p1a: Dondozo\n|\n|-heal|p2a: Gliscor|100\/100 tox|[from] ability: Poison Heal\n|upkeep\n|turn|36\n|\n|t:|1698072477\n|switch|p1a: Arceus|Arceus-Dark|69\/100\n|-damage|p1a: Arceus|57\/100|[from] Stealth Rock\n|move|p2a: Gliscor|Spikes|p1a: Arceus\n|-sidestart|p1: RubenPaCe|Spikes\n|\n|upkeep\n|turn|37\n|\n|t:|1698072480\n|move|p1a: Arceus|Calm Mind|p1a: Arceus\n|-boost|p1a: Arceus|spa|1\n|-boost|p1a: Arceus|spd|1\n|move|p2a: Gliscor|Earthquake|p1a: Arceus\n|-damage|p1a: Arceus|36\/100\n|\n|upkeep\n|turn|38\n|\n|t:|1698072490\n|switch|p2a: Clefable|Clefable, F|100\/100\n|move|p1a: Arceus|Taunt|p2a: Clefable\n|-start|p2a: Clefable|move: Taunt\n|\n|upkeep\n|turn|39\n|\n|t:|1698072494\n|move|p1a: Arceus|Recover|p1a: Arceus\n|-heal|p1a: Arceus|86\/100\n|move|p2a: Clefable|Moonblast|p1a: Arceus\n|-supereffective|p1a: Arceus\n|-damage|p1a: Arceus|58\/100\n|\n|upkeep\n|turn|40\n|\n|t:|1698072500\n|switch|p1a: Garganacl|Garganacl, M|100\/100\n|-damage|p1a: Garganacl|88\/100|[from] Stealth Rock\n|-damage|p1a: Garganacl|76\/100|[from] Spikes\n|move|p2a: Clefable|Moonblast|p1a: Garganacl\n|-damage|p1a: Garganacl|55\/100\n|-unboost|p1a: Garganacl|spa|1\n|\n|-heal|p1a: Garganacl|61\/100|[from] item: Leftovers\n|-end|p2a: Clefable|move: Taunt\n|upkeep\n|turn|41\n|\n|t:|1698072515\n|move|p2a: Clefable|Moonblast|p1a: Garganacl\n|-damage|p1a: Garganacl|39\/100\n|move|p1a: Garganacl|Iron Defense|p1a: Garganacl\n|-boost|p1a: Garganacl|def|2\n|\n|-heal|p1a: Garganacl|45\/100|[from] item: Leftovers\n|upkeep\n|turn|42\n|\n|t:|1698072520\n|move|p2a: Clefable|Moonblast|p1a: Garganacl\n|-damage|p1a: Garganacl|24\/100\n|move|p1a: Garganacl|Recover|p1a: Garganacl\n|-heal|p1a: Garganacl|74\/100\n|\n|-heal|p1a: Garganacl|80\/100|[from] item: Leftovers\n|upkeep\n|turn|43\n|\n|t:|1698072529\n|switch|p2a: Zacian|Zacian|91\/100\n|move|p1a: Garganacl|Iron Defense|p1a: Garganacl\n|-boost|p1a: Garganacl|def|2\n|\n|-heal|p1a: Garganacl|86\/100|[from] item: Leftovers\n|upkeep\n|turn|44\n|\n|t:|1698072539\n|move|p2a: Zacian|Swords Dance|p2a: Zacian\n|-boost|p2a: Zacian|atk|2\n|move|p1a: Garganacl|Body Press|p2a: Zacian\n|-resisted|p2a: Zacian\n|-damage|p2a: Zacian|58\/100\n|\n|-heal|p1a: Garganacl|92\/100|[from] item: Leftovers\n|upkeep\n|turn|45\n|\n|t:|1698072552\n|switch|p1a: Dondozo|Dondozo, F|100\/100 slp\n|-damage|p1a: Dondozo|88\/100 slp|[from] Stealth Rock\n|-damage|p1a: Dondozo|75\/100 slp|[from] Spikes\n|move|p2a: Zacian|Close Combat|p1a: Dondozo\n|-damage|p1a: Dondozo|59\/100 slp\n|-unboost|p2a: Zacian|def|1\n|-unboost|p2a: Zacian|spd|1\n|\n|-heal|p1a: Dondozo|65\/100 slp|[from] item: Leftovers\n|upkeep\n|turn|46\n|\n|t:|1698072564\n|switch|p2a: Gliscor|Gliscor, M, tera:Water|100\/100 tox\n|-damage|p2a: Gliscor|88\/100 tox|[from] Spikes\n|cant|p1a: Dondozo|slp\n|move|p1a: Dondozo|Sleep Talk|p1a: Dondozo\n|move|p1a: Dondozo|Liquidation|p2a: Gliscor|[from]move: Sleep Talk\n|-resisted|p2a: Gliscor\n|-damage|p2a: Gliscor|76\/100 tox\n|\n|-heal|p1a: Dondozo|72\/100 slp|[from] item: Leftovers\n|-heal|p2a: Gliscor|89\/100 tox|[from] ability: Poison Heal\n|upkeep\n|turn|47\n|\n|t:|1698072571\n|switch|p1a: Slowking|Slowking-Galar, M|68\/100\n|-damage|p1a: Slowking|56\/100|[from] Stealth Rock\n|-damage|p1a: Slowking|43\/100|[from] Spikes\n|move|p2a: Gliscor|Knock Off|p1a: Slowking\n|-supereffective|p1a: Slowking\n|-damage|p1a: Slowking|0 fnt\n|-enditem|p1a: Slowking|Covert Cloak|[from] move: Knock Off|[of] p2a: Gliscor\n|faint|p1a: Slowking\n|\n|-heal|p2a: Gliscor|100\/100 tox|[from] ability: Poison Heal\n|upkeep\n|\n|t:|1698072577\n|switch|p1a: Garganacl|Garganacl, M|92\/100\n|-damage|p1a: Garganacl|80\/100|[from] Stealth Rock\n|-damage|p1a: Garganacl|67\/100|[from] Spikes\n|turn|48\n|\n|t:|1698072600\n|-terastallize|p1a: Garganacl|Fairy\n|move|p2a: Gliscor|Earthquake|p1a: Garganacl\n|-damage|p1a: Garganacl|44\/100\n|move|p1a: Garganacl|Iron Defense|p1a: Garganacl\n|-boost|p1a: Garganacl|def|2\n|\n|-heal|p1a: Garganacl|50\/100|[from] item: Leftovers\n|upkeep\n|turn|49\n|\n|t:|1698072607\n|switch|p2a: Volcarona|Volcarona, F|100\/100\n|move|p1a: Garganacl|Recover|p1a: Garganacl\n|-heal|p1a: Garganacl|100\/100\n|\n|upkeep\n|turn|50\n|\n|t:|1698072619\n|move|p2a: Volcarona|Quiver Dance|p2a: Volcarona\n|-boost|p2a: Volcarona|spa|1\n|-boost|p2a: Volcarona|spd|1\n|-boost|p2a: Volcarona|spe|1\n|move|p1a: Garganacl|Salt Cure|p2a: Volcarona\n|-supereffective|p2a: Volcarona\n|-damage|p2a: Volcarona|42\/100\n|-start|p2a: Volcarona|Salt Cure\n|\n|-damage|p2a: Volcarona|30\/100|[from] Salt Cure\n|upkeep\n|turn|51\n|\n|t:|1698072626\n|move|p2a: Volcarona|Flamethrower|p1a: Garganacl\n|-damage|p1a: Garganacl|60\/100\n|move|p1a: Garganacl|Salt Cure|p2a: Volcarona\n|-supereffective|p2a: Volcarona\n|-damage|p2a: Volcarona|0 fnt\n|faint|p2a: Volcarona\n|\n|-heal|p1a: Garganacl|67\/100|[from] item: Leftovers\n|upkeep\n|\n|t:|1698072639\n|switch|p2a: Gliscor|Gliscor, M, tera:Water|100\/100 tox\n|-damage|p2a: Gliscor|88\/100 tox|[from] Spikes\n|turn|52\n|\n|t:|1698072643\n|move|p2a: Gliscor|Knock Off|p1a: Garganacl\n|-resisted|p1a: Garganacl\n|-damage|p1a: Garganacl|63\/100\n|-enditem|p1a: Garganacl|Leftovers|[from] move: Knock Off|[of] p2a: Gliscor\n|move|p1a: Garganacl|Iron Defense|p1a: Garganacl\n|-boost|p1a: Garganacl|def|2\n|\n|-heal|p2a: Gliscor|100\/100 tox|[from] ability: Poison Heal\n|upkeep\n|turn|53\n|\n|t:|1698072649\n|move|p2a: Gliscor|Earthquake|p1a: Garganacl\n|-damage|p1a: Garganacl|55\/100\n|move|p1a: Garganacl|Recover|p1a: Garganacl\n|-heal|p1a: Garganacl|100\/100\n|\n|upkeep\n|turn|54\n|\n|t:|1698072662\n|switch|p2a: Clefable|Clefable, F|100\/100\n|move|p1a: Garganacl|Salt Cure|p2a: Clefable\n|-damage|p2a: Clefable|90\/100\n|-start|p2a: Clefable|Salt Cure\n|\n|-heal|p2a: Clefable|96\/100|[from] item: Leftovers\n|upkeep\n|turn|55\n|\n|t:|1698072668\n|move|p2a: Clefable|Moonblast|p1a: Garganacl\n|-damage|p1a: Garganacl|79\/100\n|-unboost|p1a: Garganacl|spa|1\n|move|p1a: Garganacl|Body Press|p2a: Clefable\n|-resisted|p2a: Clefable\n|-damage|p2a: Clefable|71\/100\n|\n|-heal|p2a: Clefable|77\/100|[from] item: Leftovers\n|upkeep\n|turn|56\n|\n|t:|1698072677\n|move|p2a: Clefable|Moonblast|p1a: Garganacl\n|-damage|p1a: Garganacl|58\/100\n|move|p1a: Garganacl|Body Press|p2a: Clefable\n|-resisted|p2a: Clefable\n|-damage|p2a: Clefable|52\/100\n|\n|-heal|p2a: Clefable|58\/100|[from] item: Leftovers\n|upkeep\n|turn|57\n|\n|t:|1698072685\n|move|p2a: Clefable|Wish|p2a: Clefable\n|move|p1a: Garganacl|Iron Defense|p1a: Garganacl\n|-boost|p1a: Garganacl|def|2\n|\n|-heal|p2a: Clefable|64\/100|[from] item: Leftovers\n|upkeep\n|turn|58\n|\n|t:|1698072691\n|move|p2a: Clefable|Moonblast|p1a: Garganacl\n|-damage|p1a: Garganacl|36\/100\n|move|p1a: Garganacl|Body Press|p2a: Clefable\n|-resisted|p2a: Clefable\n|-damage|p2a: Clefable|31\/100\n|\n|-heal|p2a: Clefable|81\/100|[from] move: Wish|[wisher] Clefable\n|-heal|p2a: Clefable|88\/100|[from] item: Leftovers\n|upkeep\n|turn|59\n|\n|t:|1698072698\n|move|p2a: Clefable|Moonblast|p1a: Garganacl\n|-damage|p1a: Garganacl|16\/100\n|-unboost|p1a: Garganacl|spa|1\n|move|p1a: Garganacl|Recover|p1a: Garganacl\n|-heal|p1a: Garganacl|66\/100\n|\n|-heal|p2a: Clefable|94\/100|[from] item: Leftovers\n|upkeep\n|turn|60\n|\n|t:|1698072704\n|switch|p1a: Blissey|Blissey, F|81\/100\n|move|p2a: Clefable|Moonblast|p1a: Blissey\n|-damage|p1a: Blissey|71\/100\n|-unboost|p1a: Blissey|spa|1\n|\n|-heal|p2a: Clefable|99\/100|[from] item: Leftovers\n|upkeep\n|turn|61\n|\n|t:|1698072712\n|switch|p2a: Gliscor|Gliscor, M, tera:Water|100\/100 tox\n|-damage|p2a: Gliscor|88\/100 tox|[from] Spikes\n|move|p1a: Blissey|Stealth Rock|p2a: Gliscor\n|-sidestart|p2: Janis105|move: Stealth Rock\n|\n|-heal|p2a: Gliscor|100\/100 tox|[from] ability: Poison Heal\n|upkeep\n|turn|62\n|\n|t:|1698072723\n|switch|p1a: Garganacl|Garganacl, M, tera:Fairy|66\/100\n|-damage|p1a: Garganacl|53\/100|[from] Stealth Rock\n|-damage|p1a: Garganacl|41\/100|[from] Spikes\n|move|p2a: Gliscor|Spikes|p1a: Garganacl\n|-sidestart|p1: RubenPaCe|Spikes\n|\n|upkeep\n|turn|63\n|\n|t:|1698072735\n|move|p2a: Gliscor|Earthquake|p1a: Garganacl\n|-damage|p1a: Garganacl|19\/100\n|move|p1a: Garganacl|Salt Cure|p2a: Gliscor\n|-damage|p2a: Gliscor|89\/100 tox\n|-start|p2a: Gliscor|Salt Cure\n|\n|-heal|p2a: Gliscor|100\/100 tox|[from] ability: Poison Heal\n|-damage|p2a: Gliscor|75\/100 tox|[from] Salt Cure\n|upkeep\n|turn|64\n|\n|t:|1698072739\n|move|p2a: Gliscor|Earthquake|p1a: Garganacl\n|-damage|p1a: Garganacl|0 fnt\n|faint|p1a: Garganacl\n|\n|-heal|p2a: Gliscor|88\/100 tox|[from] ability: Poison Heal\n|-damage|p2a: Gliscor|63\/100 tox|[from] Salt Cure\n|upkeep\n|\n|t:|1698072741\n|switch|p1a: Arceus|Arceus-Dark|58\/100\n|-damage|p1a: Arceus|45\/100|[from] Stealth Rock\n|-damage|p1a: Arceus|29\/100|[from] Spikes\n|turn|65\n|\n|t:|1698072745\n|switch|p2a: Clefable|Clefable, F|99\/100\n|move|p1a: Arceus|Recover|p1a: Arceus\n|-heal|p1a: Arceus|79\/100\n|\n|-heal|p2a: Clefable|100\/100|[from] item: Leftovers\n|upkeep\n|turn|66\n|\n|t:|1698072751\n|move|p1a: Arceus|Calm Mind|p1a: Arceus\n|-boost|p1a: Arceus|spa|1\n|-boost|p1a: Arceus|spd|1\n|move|p2a: Clefable|Moonblast|p1a: Arceus\n|-supereffective|p1a: Arceus\n|-damage|p1a: Arceus|52\/100\n|\n|upkeep\n|turn|67\n|\n|t:|1698072758\n|move|p1a: Arceus|Taunt|p2a: Clefable\n|-start|p2a: Clefable|move: Taunt\n|move|p2a: Clefable|Moonblast|p1a: Arceus\n|-supereffective|p1a: Arceus\n|-damage|p1a: Arceus|22\/100\n|\n|upkeep\n|turn|68\n|\n|t:|1698072763\n|move|p1a: Arceus|Recover|p1a: Arceus\n|-heal|p1a: Arceus|72\/100\n|move|p2a: Clefable|Moonblast|p1a: Arceus\n|-supereffective|p1a: Arceus\n|-damage|p1a: Arceus|42\/100\n|-unboost|p1a: Arceus|spa|1\n|\n|upkeep\n|turn|69\n|\n|t:|1698072769\n|move|p1a: Arceus|Calm Mind|p1a: Arceus\n|-boost|p1a: Arceus|spa|1\n|-boost|p1a: Arceus|spd|1\n|move|p2a: Clefable|Moonblast|p1a: Arceus\n|-supereffective|p1a: Arceus\n|-damage|p1a: Arceus|23\/100\n|\n|-end|p2a: Clefable|move: Taunt\n|upkeep\n|turn|70\n|\n|t:|1698072777\n|switch|p2a: Zacian|Zacian|58\/100\n|move|p1a: Arceus|Recover|p1a: Arceus\n|-heal|p1a: Arceus|73\/100\n|\n|upkeep\n|turn|71\n|\n|t:|1698072783\n|move|p2a: Zacian|Play Rough|p1a: Arceus\n|-supereffective|p1a: Arceus\n|-damage|p1a: Arceus|13\/100\n|move|p1a: Arceus|Judgment|p2a: Zacian\n|-resisted|p2a: Zacian\n|-crit|p2a: Zacian\n|-damage|p2a: Zacian|4\/100\n|\n|upkeep\n|turn|72\n|\n|t:|1698072792\n|move|p2a: Zacian|Wild Charge|p1a: Arceus\n|-damage|p1a: Arceus|0 fnt\n|faint|p1a: Arceus\n|-damage|p2a: Zacian|0 fnt|[from] Recoil\n|faint|p2a: Zacian\n|\n|upkeep\n|\n|t:|1698072797\n|switch|p2a: Gliscor|Gliscor, M, tera:Water|63\/100 tox\n|switch|p1a: Dondozo|Dondozo, F|72\/100 slp\n|-damage|p2a: Gliscor|50\/100 tox|[from] Spikes\n|-damage|p2a: Gliscor|38\/100 tox|[from] Stealth Rock\n|-damage|p1a: Dondozo|59\/100 slp|[from] Stealth Rock\n|-damage|p1a: Dondozo|42\/100 slp|[from] Spikes\n|turn|73\n|\n|t:|1698072806\n|move|p2a: Gliscor|Knock Off|p1a: Dondozo\n|-damage|p1a: Dondozo|33\/100 slp\n|-enditem|p1a: Dondozo|Leftovers|[from] move: Knock Off|[of] p2a: Gliscor\n|-curestatus|p1a: Dondozo|slp|[msg]\n|move|p1a: Dondozo|Curse|p1a: Dondozo\n|-unboost|p1a: Dondozo|spe|1\n|-boost|p1a: Dondozo|atk|1\n|-boost|p1a: Dondozo|def|1\n|\n|-heal|p2a: Gliscor|50\/100 tox|[from] ability: Poison Heal\n|upkeep\n|turn|74\n|\n|t:|1698072815\n|move|p2a: Gliscor|Earthquake|p1a: Dondozo\n|-damage|p1a: Dondozo|23\/100\n|move|p1a: Dondozo|Rest|p1a: Dondozo\n|-status|p1a: Dondozo|slp|[from] move: Rest\n|-heal|p1a: Dondozo|100\/100 slp|[silent]\n|\n|-heal|p2a: Gliscor|63\/100 tox|[from] ability: Poison Heal\n|upkeep\n|turn|75\n|\n|t:|1698072820\n|switch|p2a: Clefable|Clefable, F|100\/100\n|cant|p1a: Dondozo|slp\n|move|p1a: Dondozo|Sleep Talk|p1a: Dondozo\n|move|p1a: Dondozo|Curse|p1a: Dondozo|[from]move: Sleep Talk\n|-unboost|p1a: Dondozo|spe|1\n|-boost|p1a: Dondozo|atk|1\n|-boost|p1a: Dondozo|def|1\n|\n|upkeep\n|turn|76\n|\n|t:|1698072825\n|move|p2a: Clefable|Moonblast|p1a: Dondozo\n|-damage|p1a: Dondozo|72\/100 slp\n|cant|p1a: Dondozo|slp\n|move|p1a: Dondozo|Sleep Talk|p1a: Dondozo\n|move|p1a: Dondozo|Rest||[from]move: Sleep Talk|[still]\n|-fail|p1a: Dondozo\n|\n|upkeep\n|turn|77\n|\n|t:|1698072835\n|move|p2a: Clefable|Moonblast|p1a: Dondozo\n|-damage|p1a: Dondozo|41\/100 slp\n|-unboost|p1a: Dondozo|spa|1\n|-curestatus|p1a: Dondozo|slp|[msg]\n|move|p1a: Dondozo|Liquidation|p2a: Clefable\n|-damage|p2a: Clefable|58\/100\n|-unboost|p2a: Clefable|def|1\n|\n|-heal|p2a: Clefable|64\/100|[from] item: Leftovers\n|upkeep\n|turn|78\n|\n|t:|1698072841\n|move|p2a: Clefable|Moonblast|p1a: Dondozo\n|-damage|p1a: Dondozo|13\/100\n|-unboost|p1a: Dondozo|spa|1\n|move|p1a: Dondozo|Rest|p1a: Dondozo\n|-status|p1a: Dondozo|slp|[from] move: Rest\n|-heal|p1a: Dondozo|100\/100 slp|[silent]\n|\n|-heal|p2a: Clefable|70\/100|[from] item: Leftovers\n|upkeep\n|turn|79\n|\n|t:|1698072846\n|move|p2a: Clefable|Moonblast|p1a: Dondozo\n|-damage|p1a: Dondozo|69\/100 slp\n|cant|p1a: Dondozo|slp\n|move|p1a: Dondozo|Sleep Talk|p1a: Dondozo\n|move|p1a: Dondozo|Liquidation|p2a: Clefable|[from]move: Sleep Talk\n|-damage|p2a: Clefable|22\/100\n|\n|-heal|p2a: Clefable|28\/100|[from] item: Leftovers\n|upkeep\n|turn|80\n|\n|t:|1698072851\n|move|p2a: Clefable|Moonblast|p1a: Dondozo\n|-crit|p1a: Dondozo\n|-damage|p1a: Dondozo|25\/100 slp\n|-unboost|p1a: Dondozo|spa|1\n|cant|p1a: Dondozo|slp\n|move|p1a: Dondozo|Sleep Talk|p1a: Dondozo\n|move|p1a: Dondozo|Curse|p1a: Dondozo|[from]move: Sleep Talk\n|-unboost|p1a: Dondozo|spe|1\n|-boost|p1a: Dondozo|atk|1\n|-boost|p1a: Dondozo|def|1\n|\n|-heal|p2a: Clefable|34\/100|[from] item: Leftovers\n|upkeep\n|turn|81\n|\n|t:|1698072863\n|move|p2a: Clefable|Moonblast|p1a: Dondozo\n|-damage|p1a: Dondozo|0 fnt\n|faint|p1a: Dondozo\n|\n|-heal|p2a: Clefable|40\/100|[from] item: Leftovers\n|upkeep\n|\n|t:|1698072865\n|switch|p1a: Blissey|Blissey, F|71\/100\n|turn|82\n|\n|t:|1698072868\n|move|p2a: Clefable|Wish|p2a: Clefable\n|move|p1a: Blissey|Seismic Toss|p2a: Clefable\n|-damage|p2a: Clefable|14\/100\n|\n|-heal|p2a: Clefable|21\/100|[from] item: Leftovers\n|upkeep\n|turn|83\n|c|\u2606Janis105|gg\n|c|\u2606RubenPaCe|that was the best timed crit ever damn\n|c|\u2606RubenPaCe|gg\n|\n|t:|1698072881\n|move|p2a: Clefable|Protect|p2a: Clefable\n|-singleturn|p2a: Clefable|Protect\n|move|p1a: Blissey|Seismic Toss|p2a: Clefable\n|-activate|p2a: Clefable|move: Protect\n|\n|-heal|p2a: Clefable|71\/100|[from] move: Wish|[wisher] Clefable\n|-heal|p2a: Clefable|77\/100|[from] item: Leftovers\n|upkeep\n|turn|84\n|-message|RubenPaCe forfeited.\n|\n|win|Janis105\n|c|\u2606Janis105|I mean I threw a bunch of attacks\n|c|\u2606Janis105|bound to crit at some point\n|c|\u2606Janis105|but ye was nice timing\n|c|\u2606Janis105|gg\n|l|\u2606Janis105\n|c|\u2606RubenPaCe|gg\n","uploadtime":1698072916,"views":14,"p1id":"rubenpace","p2id":"janis105","formatid":"gen9ubers","rating":0,"private":0,"password":""}