{"id":"gen9ubers-1979892921","p1":"FrostyRandom02","p2":"CrackLordGBLN","format":"[Gen 9] Ubers","log":"|j|\u2606FrostyRandom02\n|j|\u2606CrackLordGBLN\n|t:|1698725270\n|gametype|singles\n|player|p1|FrostyRandom02|raifort|\n|player|p2|CrackLordGBLN|ghetsis|\n|teamsize|p1|6\n|teamsize|p2|6\n|gen|9\n|tier|[Gen 9] Ubers\n|rule|Sleep Clause Mod: Limit one foe put to sleep\n|rule|Species Clause: Limit one of each Pok\u00e9mon\n|rule|OHKO Clause: OHKO moves are banned\n|rule|Evasion Items Clause: Evasion items are banned\n|rule|Evasion Moves Clause: Evasion moves are banned\n|rule|Endless Battle Clause: Forcing endless battles is banned\n|rule|HP Percentage Mod: HP is shown in percentages\n|clearpoke\n|poke|p1|Chi-Yu|\n|poke|p1|Leavanny, M|\n|poke|p1|Roaring Moon|\n|poke|p1|Palafin, F|\n|poke|p1|Spectrier|\n|poke|p1|Espathra, M|\n|poke|p2|Palafin, F|\n|poke|p2|Cyclizar, M|\n|poke|p2|Magearna|\n|poke|p2|Ninetales-Alola, F|\n|poke|p2|Sneasler, M|\n|poke|p2|Chi-Yu|\n|teampreview\n|\n|t:|1698725293\n|start\n|switch|p1a: Roaring Mid|Roaring Moon|100\/100\n|switch|p2a: Ohko bot|Chi-Yu|100\/100\n|-ability|p2a: Ohko bot|Beads of Ruin\n|-enditem|p1a: Roaring Mid|Booster Energy\n|-activate|p1a: Roaring Mid|ability: Protosynthesis|[fromitem]\n|-start|p1a: Roaring Mid|protosynthesisatk\n|turn|1\n|\n|t:|1698725328\n|switch|p2a: veil bot|Ninetales-Alola, F, shiny|100\/100\n|-weather|Snow|[from] ability: Snow Warning|[of] p2a: veil bot\n|move|p1a: Roaring Mid|Dragon Dance|p1a: Roaring Mid\n|-boost|p1a: Roaring Mid|atk|1\n|-boost|p1a: Roaring Mid|spe|1\n|\n|-weather|Snow|[upkeep]\n|upkeep\n|turn|2\n|\n|t:|1698725341\n|-terastallize|p2a: veil bot|Water\n|move|p1a: Roaring Mid|Iron Head|p2a: veil bot\n|-resisted|p2a: veil bot\n|-damage|p2a: veil bot|62\/100\n|move|p2a: veil bot|Aurora Veil|p2a: veil bot\n|-sidestart|p2: CrackLordGBLN|move: Aurora Veil\n|\n|-weather|Snow|[upkeep]\n|upkeep\n|turn|3\n|\n|t:|1698725354\n|move|p1a: Roaring Mid|Knock Off|p2a: veil bot\n|-damage|p2a: veil bot|0 fnt\n|-enditem|p2a: veil bot|Light Clay|[from] move: Knock Off|[of] p1a: Roaring Mid\n|faint|p2a: veil bot\n|\n|-weather|Snow|[upkeep]\n|upkeep\n|\n|t:|1698725380\n|switch|p2a: literal bot|Magearna|100\/100\n|turn|4\n|\n|t:|1698725396\n|-terastallize|p1a: Roaring Mid|Flying\n|move|p1a: Roaring Mid|Knock Off|p2a: literal bot\n|-resisted|p2a: literal bot\n|-damage|p2a: literal bot|78\/100\n|-enditem|p2a: literal bot|Weakness Policy|[from] move: Knock Off|[of] p1a: Roaring Mid\n|move|p2a: literal bot|Shift Gear|p2a: literal bot\n|-boost|p2a: literal bot|spe|2\n|-boost|p2a: literal bot|atk|1\n|\n|-weather|Snow|[upkeep]\n|upkeep\n|turn|5\n|\n|t:|1698725409\n|move|p1a: Roaring Mid|Acrobatics|p2a: literal bot\n|-resisted|p2a: literal bot\n|-damage|p2a: literal bot|52\/100\n|move|p2a: literal bot|Shift Gear|p2a: literal bot\n|-boost|p2a: literal bot|spe|2\n|-boost|p2a: literal bot|atk|1\n|\n|-weather|none\n|upkeep\n|turn|6\n|\n|t:|1698725422\n|move|p1a: Roaring Mid|Dragon Dance|p1a: Roaring Mid\n|-boost|p1a: Roaring Mid|atk|1\n|-boost|p1a: Roaring Mid|spe|1\n|move|p2a: literal bot|Draining Kiss|p1a: Roaring Mid\n|-damage|p1a: Roaring Mid|75\/100\n|-heal|p2a: literal bot|70\/100|[from] drain|[of] p1a: Roaring Mid\n|\n|upkeep\n|turn|7\n|\n|t:|1698725433\n|move|p1a: Roaring Mid|Acrobatics|p2a: literal bot\n|-resisted|p2a: literal bot\n|-damage|p2a: literal bot|36\/100\n|move|p2a: literal bot|Shift Gear|p2a: literal bot\n|-boost|p2a: literal bot|spe|2\n|-boost|p2a: literal bot|atk|1\n|\n|upkeep\n|turn|8\n|\n|t:|1698725442\n|move|p1a: Roaring Mid|Acrobatics|p2a: literal bot\n|-resisted|p2a: literal bot\n|-damage|p2a: literal bot|3\/100\n|move|p2a: literal bot|Stored Power|p1a: Roaring Mid\n|-damage|p1a: Roaring Mid|3\/100\n|\n|upkeep\n|turn|9\n|\n|t:|1698725451\n|move|p1a: Roaring Mid|Acrobatics|p2a: literal bot\n|-resisted|p2a: literal bot\n|-damage|p2a: literal bot|0 fnt\n|faint|p2a: literal bot\n|\n|-sideend|p2: CrackLordGBLN|move: Aurora Veil\n|upkeep\n|\n|t:|1698725464\n|switch|p2a: dire claw hax bot|Sneasler, M|100\/100\n|-item|p2a: dire claw hax bot|Air Balloon\n|turn|10\n|\n|t:|1698725482\n|move|p1a: Roaring Mid|Acrobatics|p2a: dire claw hax bot\n|-supereffective|p2a: dire claw hax bot\n|-damage|p2a: dire claw hax bot|0 fnt\n|-enditem|p2a: dire claw hax bot|Air Balloon\n|faint|p2a: dire claw hax bot\n|\n|upkeep\n|-message|CrackLordGBLN forfeited.\n|\n|win|FrostyRandom02\n|l|\u2606CrackLordGBLN\n","uploadtime":1698725490,"views":25,"p1id":"frostyrandom02","p2id":"cracklordgbln","formatid":"gen9ubers","rating":0,"private":0,"password":""}