{"id":"gen9ubers-1992781032","p1":"Nilecrock","p2":"RadRaph","format":"[Gen 9] Ubers","log":"|j|\u2606Nilecrock\n|j|\u2606RadRaph\n|t:|1700234876\n|gametype|singles\n|player|p1|Nilecrock|steven|\n|player|p2|RadRaph|steven|\n|teamsize|p1|6\n|teamsize|p2|6\n|gen|9\n|tier|[Gen 9] Ubers\n|rule|Sleep Clause Mod: Limit one foe put to sleep\n|rule|Species Clause: Limit one of each Pok\u00e9mon\n|rule|OHKO Clause: OHKO moves are banned\n|rule|Evasion Items Clause: Evasion items are banned\n|rule|Evasion Moves Clause: Evasion moves are banned\n|rule|Endless Battle Clause: Forcing endless battles is banned\n|rule|HP Percentage Mod: HP is shown in percentages\n|clearpoke\n|poke|p1|Ursaluna-Bloodmoon, M|\n|poke|p1|Indeedee-F, F|\n|poke|p1|Gliscor, M|\n|poke|p1|Hariyama, F|\n|poke|p1|Urshifu-*, F|\n|poke|p1|Ogerpon-Hearthflame, F|\n|poke|p2|Ursaluna-Bloodmoon, M|\n|poke|p2|Ogerpon-Cornerstone, F|\n|poke|p2|Scizor, M|\n|poke|p2|Flutter Mane|\n|poke|p2|Dragonite, F|\n|poke|p2|Urshifu-*, F|\n|teampreview\n|inactive|Battle timer is ON: inactive players will automatically lose when time's up. (requested by Nilecrock)\n|\n|t:|1700234901\n|start\n|switch|p1a: Gliscor|Gliscor, M|100\/100\n|switch|p2a: Flutter Mane|Flutter Mane|100\/100\n|-enditem|p2a: Flutter Mane|Booster Energy\n|-activate|p2a: Flutter Mane|ability: Protosynthesis|[fromitem]\n|-start|p2a: Flutter Mane|protosynthesisspe\n|turn|1\n|\n|t:|1700234911\n|-terastallize|p2a: Flutter Mane|Fairy\n|move|p2a: Flutter Mane|Moonblast|p1a: Gliscor\n|-damage|p1a: Gliscor|0 fnt\n|faint|p1a: Gliscor\n|\n|upkeep\n|\n|t:|1700234925\n|switch|p1a: Ursaluna|Ursaluna-Bloodmoon, M|100\/100\n|turn|2\n|\n|t:|1700234931\n|move|p2a: Flutter Mane|Moonblast|p1a: Ursaluna\n|-damage|p1a: Ursaluna|9\/100\n|move|p1a: Ursaluna|Blood Moon|p2a: Flutter Mane\n|-damage|p2a: Flutter Mane|16\/100\n|\n|-heal|p1a: Ursaluna|15\/100|[from] item: Leftovers\n|upkeep\n|turn|3\n|\n|t:|1700234944\n|move|p1a: Ursaluna|Protect|p1a: Ursaluna\n|-singleturn|p1a: Ursaluna|Protect\n|move|p2a: Flutter Mane|Moonblast|p1a: Ursaluna\n|-activate|p1a: Ursaluna|move: Protect\n|\n|-heal|p1a: Ursaluna|22\/100|[from] item: Leftovers\n|upkeep\n|turn|4\n|\n|t:|1700234964\n|switch|p1a: Indeedee|Indeedee-F, F|100\/100\n|-fieldstart|move: Psychic Terrain|[from] ability: Psychic Surge|[of] p1a: Indeedee\n|-enditem|p1a: Indeedee|Psychic Seed\n|-boost|p1a: Indeedee|spd|1|[from] item: Psychic Seed\n|move|p2a: Flutter Mane|Moonblast|p1a: Indeedee\n|-damage|p1a: Indeedee|63\/100\n|-unboost|p1a: Indeedee|spa|1\n|\n|upkeep\n|turn|5\n|\n|t:|1700234982\n|move|p2a: Flutter Mane|Moonblast|p1a: Indeedee\n|-damage|p1a: Indeedee|21\/100\n|-unboost|p1a: Indeedee|spa|1\n|move|p1a: Indeedee|Energy Ball|p2a: Flutter Mane\n|-damage|p2a: Flutter Mane|5\/100\n|\n|upkeep\n|turn|6\n|\n|t:|1700234992\n|move|p1a: Indeedee|Protect|p1a: Indeedee\n|-singleturn|p1a: Indeedee|Protect\n|move|p2a: Flutter Mane|Moonblast|p1a: Indeedee\n|-activate|p1a: Indeedee|move: Protect\n|\n|upkeep\n|turn|7\n|\n|t:|1700234999\n|move|p2a: Flutter Mane|Moonblast|p1a: Indeedee\n|-damage|p1a: Indeedee|0 fnt\n|faint|p1a: Indeedee\n|\n|upkeep\n|\n|t:|1700235004\n|switch|p1a: Hariyama|Hariyama, F|100\/100\n|turn|8\n|\n|t:|1700235011\n|switch|p1a: Ursaluna|Ursaluna-Bloodmoon, M|22\/100\n|move|p2a: Flutter Mane|Moonblast|p1a: Ursaluna\n|-damage|p1a: Ursaluna|0 fnt\n|faint|p1a: Ursaluna\n|\n|-fieldend|move: Psychic Terrain\n|upkeep\n|\n|t:|1700235019\n|switch|p1a: Hariyama|Hariyama, F|100\/100\n|turn|9\n|\n|t:|1700235023\n|move|p1a: Hariyama|Fake Out|p2a: Flutter Mane\n|-damage|p2a: Flutter Mane|0 fnt\n|faint|p2a: Flutter Mane\n|-end|p2a: Flutter Mane|Protosynthesis|[silent]\n|\n|-status|p1a: Hariyama|brn|[from] item: Flame Orb\n|upkeep\n|\n|t:|1700235037\n|switch|p2a: Dragonite|Dragonite, F|100\/100\n|turn|10\n|\n|t:|1700235044\n|move|p2a: Dragonite|Earthquake|p1a: Hariyama\n|-damage|p1a: Hariyama|58\/100 brn\n|move|p1a: Hariyama|Facade|p2a: Dragonite\n|-damage|p2a: Dragonite|68\/100\n|-damage|p1a: Hariyama|41\/100 brn|[from] item: Rocky Helmet|[of] p2a: Dragonite\n|\n|-damage|p1a: Hariyama|35\/100 brn|[from] brn\n|upkeep\n|turn|11\n|\n|t:|1700235054\n|move|p2a: Dragonite|Earthquake|p1a: Hariyama\n|-damage|p1a: Hariyama|0 fnt\n|faint|p1a: Hariyama\n|\n|upkeep\n|\n|t:|1700235059\n|switch|p1a: Ogerpon|Ogerpon-Hearthflame, F|100\/100\n|-ability|p1a: Ogerpon|Mold Breaker\n|turn|12\n|\n|t:|1700235069\n|move|p1a: Ogerpon|Protect|p1a: Ogerpon\n|-singleturn|p1a: Ogerpon|Protect\n|move|p2a: Dragonite|Earthquake|p1a: Ogerpon\n|-activate|p1a: Ogerpon|move: Protect\n|\n|upkeep\n|turn|13\n|\n|t:|1700235078\n|move|p1a: Ogerpon|Ivy Cudgel|p2a: Dragonite|[anim] Ivy Cudgel Fire\n|-resisted|p2a: Dragonite\n|-damage|p2a: Dragonite|41\/100\n|move|p2a: Dragonite|Earthquake|p1a: Ogerpon\n|-damage|p1a: Ogerpon|53\/100\n|\n|upkeep\n|turn|14\n|\n|t:|1700235085\n|move|p1a: Ogerpon|Horn Leech|p2a: Dragonite\n|-resisted|p2a: Dragonite\n|-damage|p2a: Dragonite|30\/100\n|-heal|p1a: Ogerpon|60\/100|[from] drain|[of] p2a: Dragonite\n|-damage|p1a: Ogerpon|44\/100|[from] item: Rocky Helmet|[of] p2a: Dragonite\n|move|p2a: Dragonite|Earthquake|p1a: Ogerpon\n|-damage|p1a: Ogerpon|0 fnt\n|faint|p1a: Ogerpon\n|\n|upkeep\n|\n|t:|1700235095\n|switch|p1a: Urshifu|Urshifu-Rapid-Strike, F|100\/100\n|turn|15\n|\n|t:|1700235104\n|move|p1a: Urshifu|Surging Strikes|p2a: Dragonite\n|-resisted|p2a: Dragonite\n|-crit|p2a: Dragonite\n|-damage|p2a: Dragonite|20\/100\n|-damage|p1a: Urshifu|84\/100|[from] item: Rocky Helmet|[of] p2a: Dragonite\n|-resisted|p2a: Dragonite\n|-crit|p2a: Dragonite\n|-damage|p2a: Dragonite|11\/100\n|-damage|p1a: Urshifu|67\/100|[from] item: Rocky Helmet|[of] p2a: Dragonite\n|-resisted|p2a: Dragonite\n|-crit|p2a: Dragonite\n|-damage|p2a: Dragonite|3\/100\n|-damage|p1a: Urshifu|50\/100|[from] item: Rocky Helmet|[of] p2a: Dragonite\n|-hitcount|p2a: Dragonite|3\n|move|p2a: Dragonite|Earthquake|p1a: Urshifu\n|-damage|p1a: Urshifu|12\/100\n|\n|upkeep\n|turn|16\n|\n|t:|1700235120\n|move|p2a: Dragonite|Extreme Speed|p1a: Urshifu\n|-damage|p1a: Urshifu|0 fnt\n|faint|p1a: Urshifu\n|\n|win|RadRaph\n|l|\u2606Nilecrock\n","uploadtime":1700235129,"views":5,"p1id":"nilecrock","p2id":"radraph","formatid":"gen9ubers","rating":0,"private":0,"password":""}