{"id":"gen9ubers-1977832862","p1":"SwordIsBored","p2":"ItsmeBlankKnight","format":"[Gen 9] Ubers","log":"|j|\u2606SwordIsBored\n|j|\u2606ItsmeBlankKnight\n|t:|1698455164\n|gametype|singles\n|player|p1|SwordIsBored|irida|\n|player|p2|ItsmeBlankKnight|larry|\n|teamsize|p1|6\n|teamsize|p2|6\n|gen|9\n|tier|[Gen 9] Ubers\n|rule|Sleep Clause Mod: Limit one foe put to sleep\n|rule|Species Clause: Limit one of each Pok\u00e9mon\n|rule|OHKO Clause: OHKO moves are banned\n|rule|Evasion Items Clause: Evasion items are banned\n|rule|Evasion Moves Clause: Evasion moves are banned\n|rule|Endless Battle Clause: Forcing endless battles is banned\n|rule|HP Percentage Mod: HP is shown in percentages\n|clearpoke\n|poke|p1|Masquerain, M|\n|poke|p1|Gholdengo|\n|poke|p1|Basculegion-F, F|\n|poke|p1|Urshifu-*, F|\n|poke|p1|Arceus-Fire|\n|poke|p1|Shaymin-Sky|\n|poke|p2|Chi-Yu|\n|poke|p2|Palafin, M|\n|poke|p2|Spectrier|\n|poke|p2|Zacian-*|\n|poke|p2|Arceus-Poison|\n|poke|p2|Masquerain, F|\n|teampreview\n|inactive|Battle timer is ON: inactive players will automatically lose when time's up. (requested by ItsmeBlankKnight)\n|j| cas cor\n|c|\u2606SwordIsBored|webs enjoyer\n|c|\u2606ItsmeBlankKnight|yes\n|\n|t:|1698455192\n|start\n|switch|p1a: Masquerain|Masquerain, M|100\/100\n|switch|p2a: Masquerain|Masquerain, F|100\/100\n|-ability|p1a: Masquerain|Intimidate|boost\n|-unboost|p2a: Masquerain|atk|1\n|-ability|p2a: Masquerain|Intimidate|boost\n|-unboost|p1a: Masquerain|atk|1\n|turn|1\n|c|\u2606ItsmeBlankKnight|webs gaming\n|j| Leo Justice\n|\n|t:|1698455209\n|move|p2a: Masquerain|Sticky Web|p1a: Masquerain\n|-sidestart|p1: SwordIsBored|move: Sticky Web\n|move|p1a: Masquerain|Sticky Web|p2a: Masquerain\n|-sidestart|p2: ItsmeBlankKnight|move: Sticky Web\n|\n|upkeep\n|turn|2\n|\n|t:|1698455214\n|move|p2a: Masquerain|Tailwind|p2a: Masquerain\n|-sidestart|p2: ItsmeBlankKnight|move: Tailwind\n|move|p1a: Masquerain|Stun Spore|p2a: Masquerain|[miss]\n|-miss|p1a: Masquerain|p2a: Masquerain\n|\n|upkeep\n|turn|3\n|\n|t:|1698455217\n|move|p2a: Masquerain|U-turn|p1a: Masquerain\n|-resisted|p1a: Masquerain\n|-damage|p1a: Masquerain|92\/100\n|c|\u2606ItsmeBlankKnight|i shoudlnt have clicked that\n|\n|t:|1698455231\n|switch|p2a: Palafin|Palafin, M|100\/100|[from] U-turn\n|-activate|p2a: Palafin|move: Sticky Web\n|-unboost|p2a: Palafin|spe|1\n|move|p1a: Masquerain|Stun Spore|p2a: Palafin\n|-status|p2a: Palafin|par\n|\n|upkeep\n|turn|4\n|\n|t:|1698455239\n|detailschange|p2a: Palafin|Palafin-Hero, M\n|switch|p2a: Masquerain|Masquerain, F|100\/100\n|-ability|p2a: Masquerain|Intimidate|boost\n|-unboost|p1a: Masquerain|atk|1\n|move|p1a: Masquerain|Bug Buzz|p2a: Masquerain\n|-resisted|p2a: Masquerain\n|-damage|p2a: Masquerain|80\/100\n|\n|upkeep\n|turn|5\n|\n|t:|1698455250\n|move|p2a: Masquerain|Hydro Pump|p1a: Masquerain\n|-damage|p1a: Masquerain|61\/100\n|move|p1a: Masquerain|Stun Spore|p2a: Masquerain\n|-status|p2a: Masquerain|par\n|\n|-sideend|p2: ItsmeBlankKnight|move: Tailwind\n|upkeep\n|turn|6\n|\n|t:|1698455255\n|cant|p2a: Masquerain|par\n|move|p1a: Masquerain|Whirlwind|p2a: Masquerain\n|drag|p2a: Palafin|Palafin-Hero, M|100\/100 par\n|-activate|p2a: Palafin|move: Sticky Web\n|-unboost|p2a: Palafin|spe|1\n|-activate|p2a: Palafin|ability: Zero to Hero\n|\n|upkeep\n|turn|7\n|\n|t:|1698455260\n|cant|p2a: Palafin|par\n|move|p1a: Masquerain|Bug Buzz|p2a: Palafin\n|-damage|p2a: Palafin|57\/100 par\n|\n|upkeep\n|turn|8\n|\n|t:|1698455265\n|cant|p2a: Palafin|par\n|move|p1a: Masquerain|Bug Buzz|p2a: Palafin\n|-damage|p2a: Palafin|17\/100 par\n|\n|upkeep\n|turn|9\n|c|\u2606SwordIsBored|srry for le hax\n|\n|t:|1698455273\n|cant|p2a: Palafin|par\n|move|p1a: Masquerain|Bug Buzz|p2a: Palafin\n|-damage|p2a: Palafin|0 fnt\n|faint|p2a: Palafin\n|\n|upkeep\n|c|\u2606ItsmeBlankKnight|shit\n|l| Leo Justice\n|\n|t:|1698455291\n|switch|p2a: Masquerain|Masquerain, F|80\/100 par\n|-ability|p2a: Masquerain|Intimidate|boost\n|-unboost|p1a: Masquerain|atk|1\n|turn|10\n|inactive|SwordIsBored has 270 seconds left.\n|\n|t:|1698455324\n|move|p1a: Masquerain|Stun Spore|p2a: Masquerain|[miss]\n|-miss|p1a: Masquerain|p2a: Masquerain\n|move|p2a: Masquerain|Hydro Pump|p1a: Masquerain\n|-damage|p1a: Masquerain|29\/100\n|\n|upkeep\n|turn|11\n|j| Leo Justice\n|\n|t:|1698455353\n|cant|p2a: Masquerain|par\n|move|p1a: Masquerain|Whirlwind|p2a: Masquerain\n|drag|p2a: Spectrier|Spectrier|100\/100\n|-activate|p2a: Spectrier|move: Sticky Web\n|-unboost|p2a: Spectrier|spe|1\n|\n|upkeep\n|turn|12\n|\n|t:|1698455360\n|switch|p2a: Masquerain|Masquerain, F|80\/100 par\n|-ability|p2a: Masquerain|Intimidate|boost\n|-unboost|p1a: Masquerain|atk|1\n|move|p1a: Masquerain|Stun Spore|p2a: Masquerain|[miss]\n|-miss|p1a: Masquerain|p2a: Masquerain\n|\n|upkeep\n|turn|13\n|\n|t:|1698455365\n|move|p1a: Masquerain|Bug Buzz|p2a: Masquerain\n|-resisted|p2a: Masquerain\n|-damage|p2a: Masquerain|55\/100 par\n|-unboost|p2a: Masquerain|spd|1\n|move|p2a: Masquerain|Hydro Pump|p1a: Masquerain\n|-damage|p1a: Masquerain|0 fnt\n|faint|p1a: Masquerain\n|\n|upkeep\n|\n|t:|1698455369\n|switch|p1a: Shaymin|Shaymin-Sky|100\/100\n|turn|14\n|c|\u2606ItsmeBlankKnight|finally lol\n|\n|t:|1698455375\n|move|p1a: Shaymin|Substitute|p1a: Shaymin\n|-start|p1a: Shaymin|Substitute\n|-damage|p1a: Shaymin|76\/100\n|move|p2a: Masquerain|U-turn|p1a: Shaymin\n|-activate|p1a: Shaymin|move: Substitute|[damage]\n|\n|t:|1698455385\n|switch|p2a: Chi-Yu|Chi-Yu|100\/100|[from] U-turn\n|-activate|p2a: Chi-Yu|move: Sticky Web\n|-unboost|p2a: Chi-Yu|spe|1\n|-ability|p2a: Chi-Yu|Beads of Ruin\n|\n|upkeep\n|turn|15\n|\n|t:|1698455392\n|move|p1a: Shaymin|Air Slash|p2a: Chi-Yu\n|-damage|p2a: Chi-Yu|58\/100\n|cant|p2a: Chi-Yu|flinch\n|\n|upkeep\n|turn|16\n|\n|t:|1698455396\n|move|p1a: Shaymin|Air Slash|p2a: Chi-Yu\n|-damage|p2a: Chi-Yu|18\/100\n|cant|p2a: Chi-Yu|flinch\n|\n|upkeep\n|turn|17\n|\n|t:|1698455401\n|move|p1a: Shaymin|Air Slash|p2a: Chi-Yu\n|-damage|p2a: Chi-Yu|0 fnt\n|faint|p2a: Chi-Yu\n|\n|upkeep\n|c|\u2606ItsmeBlankKnight|i hate life\n|\n|t:|1698455408\n|switch|p2a: Arceus|Arceus-Poison|100\/100\n|-activate|p2a: Arceus|move: Sticky Web\n|-unboost|p2a: Arceus|spe|1\n|turn|18\n|\n|t:|1698455413\n|move|p2a: Arceus|Extreme Speed|p1a: Shaymin\n|-end|p1a: Shaymin|Substitute\n|move|p1a: Shaymin|Air Slash|p2a: Arceus\n|-damage|p2a: Arceus|78\/100\n|\n|upkeep\n|turn|19\n|\n|t:|1698455423\n|switch|p1a: Arceus|Arceus-Fire|100\/100\n|-activate|p1a: Arceus|move: Sticky Web\n|-unboost|p1a: Arceus|spe|1\n|move|p2a: Arceus|Swords Dance|p2a: Arceus\n|-boost|p2a: Arceus|atk|2\n|\n|upkeep\n|turn|20\n|\n|t:|1698455432\n|move|p1a: Arceus|Flare Blitz|p2a: Arceus\n|-damage|p2a: Arceus|22\/100\n|-damage|p1a: Arceus|81\/100|[from] Recoil\n|move|p2a: Arceus|Earthquake|p1a: Arceus\n|-supereffective|p1a: Arceus\n|-damage|p1a: Arceus|0 fnt\n|faint|p1a: Arceus\n|\n|upkeep\n|c|\u2606ItsmeBlankKnight|i come back from this\n|c|\u2606ItsmeBlankKnight|real\n|inactive|SwordIsBored has 270 seconds left.\n|\n|t:|1698455479\n|switch|p1a: Basculegion|Basculegion-F, F|100\/100\n|-activate|p1a: Basculegion|move: Sticky Web\n|-unboost|p1a: Basculegion|spe|1\n|turn|21\n|\n|t:|1698455490\n|switch|p2a: Masquerain|Masquerain, F|55\/100 par\n|-ability|p2a: Masquerain|Intimidate|boost\n|-unboost|p1a: Basculegion|atk|1\n|move|p1a: Basculegion|Last Respects|p2a: Masquerain\n|-damage|p2a: Masquerain|0 fnt\n|faint|p2a: Masquerain\n|\n|upkeep\n|\n|t:|1698455493\n|switch|p2a: Arceus|Arceus-Poison|22\/100\n|-activate|p2a: Arceus|move: Sticky Web\n|-unboost|p2a: Arceus|spe|1\n|turn|22\n|\n|t:|1698455497\n|-terastallize|p2a: Arceus|Normal\n|move|p1a: Basculegion|Last Respects|p2a: Arceus\n|-immune|p2a: Arceus\n|move|p2a: Arceus|Gunk Shot|p1a: Basculegion\n|-resisted|p1a: Basculegion\n|-damage|p1a: Basculegion|53\/100\n|-status|p1a: Basculegion|psn\n|\n|-damage|p1a: Basculegion|41\/100 psn|[from] psn\n|upkeep\n|turn|23\n|\n|t:|1698455505\n|move|p1a: Basculegion|Last Respects|p2a: Arceus\n|-immune|p2a: Arceus\n|move|p2a: Arceus|Swords Dance|p2a: Arceus\n|-boost|p2a: Arceus|atk|2\n|\n|-damage|p1a: Basculegion|29\/100 psn|[from] psn\n|upkeep\n|turn|24\n|\n|t:|1698455511\n|switch|p1a: Gholdengo|Gholdengo|100\/100\n|-activate|p1a: Gholdengo|move: Sticky Web\n|-unboost|p1a: Gholdengo|spe|1\n|move|p2a: Arceus|Swords Dance|p2a: Arceus\n|-boost|p2a: Arceus|atk|2\n|\n|upkeep\n|turn|25\n|\n|t:|1698455517\n|move|p1a: Gholdengo|Make It Rain|p2a: Arceus\n|-damage|p2a: Arceus|0 fnt\n|-unboost|p1a: Gholdengo|spa|1\n|faint|p2a: Arceus\n|\n|upkeep\n|\n|t:|1698455520\n|switch|p2a: Spectrier|Spectrier|100\/100\n|-activate|p2a: Spectrier|move: Sticky Web\n|-unboost|p2a: Spectrier|spe|1\n|turn|26\n|\n|t:|1698455523\n|move|p2a: Spectrier|Shadow Ball|p1a: Gholdengo\n|-supereffective|p1a: Gholdengo\n|-damage|p1a: Gholdengo|0 fnt\n|faint|p1a: Gholdengo\n|-ability|p2a: Spectrier|Grim Neigh|boost\n|-boost|p2a: Spectrier|spa|1\n|\n|upkeep\n|\n|t:|1698455529\n|switch|p1a: Shaymin|Shaymin-Sky|76\/100\n|turn|27\n|\n|t:|1698455533\n|move|p1a: Shaymin|Air Slash|p2a: Spectrier\n|-damage|p2a: Spectrier|58\/100\n|move|p2a: Spectrier|Shadow Ball|p1a: Shaymin\n|-damage|p1a: Shaymin|0 fnt\n|faint|p1a: Shaymin\n|-ability|p2a: Spectrier|Grim Neigh|boost\n|-boost|p2a: Spectrier|spa|1\n|\n|upkeep\n|\n|t:|1698455538\n|switch|p1a: Basculegion|Basculegion-F, F|29\/100 psn\n|-activate|p1a: Basculegion|move: Sticky Web\n|-unboost|p1a: Basculegion|spe|1\n|turn|28\n|\n|t:|1698455546\n|move|p1a: Basculegion|Aqua Jet|p2a: Spectrier\n|-crit|p2a: Spectrier\n|-damage|p2a: Spectrier|0 fnt\n|faint|p2a: Spectrier\n|\n|-damage|p1a: Basculegion|16\/100 psn|[from] psn\n|upkeep\n|\n|t:|1698455551\n|switch|p2a: Zacian|Zacian|100\/100\n|-activate|p2a: Zacian|move: Sticky Web\n|-unboost|p2a: Zacian|spe|1\n|-ability|p2a: Zacian|Intrepid Sword|boost\n|-boost|p2a: Zacian|atk|1\n|turn|29\n|\n|t:|1698455555\n|move|p1a: Basculegion|Aqua Jet|p2a: Zacian\n|-damage|p2a: Zacian|71\/100\n|move|p2a: Zacian|Play Rough|p1a: Basculegion\n|-crit|p1a: Basculegion\n|-damage|p1a: Basculegion|0 fnt\n|faint|p1a: Basculegion\n|\n|-heal|p2a: Zacian|77\/100|[from] item: Leftovers\n|upkeep\n|\n|t:|1698455559\n|switch|p1a: Urshifu|Urshifu, F|100\/100\n|-activate|p1a: Urshifu|move: Sticky Web\n|-unboost|p1a: Urshifu|spe|1\n|turn|30\n|c|\u2606SwordIsBored|gg\n|\n|t:|1698455565\n|-terastallize|p1a: Urshifu|Fighting\n|move|p2a: Zacian|Play Rough|p1a: Urshifu\n|-supereffective|p1a: Urshifu\n|-damage|p1a: Urshifu|0 fnt\n|faint|p1a: Urshifu\n|\n|win|ItsmeBlankKnight\n|c|\u2606ItsmeBlankKnight|gg\n|l|\u2606SwordIsBored\n|c|\u2606ItsmeBlankKnight|how did i win\n|c| Leo Justice|Best UUbers player btw\n|c|\u2606ItsmeBlankKnight|fr\n","uploadtime":1698455580,"views":17,"p1id":"swordisbored","p2id":"itsmeblankknight","formatid":"gen9ubers","rating":0,"private":0,"password":""}