{"id":"gen9ubers-1981875725","p1":"anarchistsshitpost","p2":"GrandestStar","format":"[Gen 9] Ubers","log":"|j|\u2606anarchistsshitpost\n|j|\u2606GrandestStar\n|t:|1698948281\n|gametype|singles\n|player|p1|anarchistsshitpost|cynthia|\n|player|p2|GrandestStar|aromalady|\n|teamsize|p1|6\n|teamsize|p2|6\n|gen|9\n|tier|[Gen 9] Ubers\n|rule|Sleep Clause Mod: Limit one foe put to sleep\n|rule|Species Clause: Limit one of each Pok\u00e9mon\n|rule|OHKO Clause: OHKO moves are banned\n|rule|Evasion Items Clause: Evasion items are banned\n|rule|Evasion Moves Clause: Evasion moves are banned\n|rule|Endless Battle Clause: Forcing endless battles is banned\n|rule|HP Percentage Mod: HP is shown in percentages\n|clearpoke\n|poke|p1|Manaphy|\n|poke|p1|Ninetales-Alola, F|\n|poke|p1|Bisharp, F|\n|poke|p1|Garchomp, F|\n|poke|p1|Ogerpon, F|\n|poke|p1|Alomomola, F|\n|poke|p2|Naclstack, M|\n|poke|p2|Roaring Moon|\n|poke|p2|Iron Hands|\n|poke|p2|Dragalge, M|\n|poke|p2|Kommo-o, F|\n|poke|p2|Revavroom, M|\n|teampreview\n|\n|t:|1698948294\n|start\n|switch|p1a: Mariah Carey|Ninetales-Alola, F|100\/100\n|switch|p2a: Arsenic|Dragalge, M|100\/100\n|-weather|Snow|[from] ability: Snow Warning|[of] p1a: Mariah Carey\n|turn|1\n|\n|t:|1698948334\n|-terastallize|p2a: Arsenic|Poison\n|move|p1a: Mariah Carey|Aurora Veil|p1a: Mariah Carey\n|-sidestart|p1: anarchistsshitpost|move: Aurora Veil\n|move|p2a: Arsenic|Sludge Bomb|p1a: Mariah Carey\n|-supereffective|p1a: Mariah Carey\n|-damage|p1a: Mariah Carey|5\/100\n|\n|-weather|Snow|[upkeep]\n|upkeep\n|turn|2\n|\n|t:|1698948362\n|switch|p2a: Blackberry|Revavroom, M|100\/100\n|move|p1a: Mariah Carey|Encore||[still]\n|-fail|p1a: Mariah Carey\n|\n|-weather|Snow|[upkeep]\n|upkeep\n|turn|3\n|\n|t:|1698948386\n|switch|p1a: Womanaphy|Manaphy|100\/100\n|move|p2a: Blackberry|High Horsepower|p1a: Womanaphy\n|-damage|p1a: Womanaphy|88\/100\n|\n|-weather|Snow|[upkeep]\n|-heal|p1a: Womanaphy|94\/100|[from] item: Leftovers\n|upkeep\n|turn|4\n|\n|t:|1698948399\n|move|p1a: Womanaphy|Tail Glow|p1a: Womanaphy\n|-boost|p1a: Womanaphy|spa|3\n|move|p2a: Blackberry|Poison Jab|p1a: Womanaphy\n|-damage|p1a: Womanaphy|77\/100\n|\n|-weather|Snow|[upkeep]\n|-heal|p1a: Womanaphy|84\/100|[from] item: Leftovers\n|upkeep\n|turn|5\n|\n|t:|1698948410\n|move|p1a: Womanaphy|Tail Glow|p1a: Womanaphy\n|-boost|p1a: Womanaphy|spa|3\n|move|p2a: Blackberry|Poison Jab|p1a: Womanaphy\n|-damage|p1a: Womanaphy|66\/100\n|-status|p1a: Womanaphy|psn\n|\n|-weather|none\n|-heal|p1a: Womanaphy|73\/100 psn|[from] item: Leftovers\n|-damage|p1a: Womanaphy|60\/100 psn|[from] psn\n|upkeep\n|turn|6\n|\n|t:|1698948440\n|move|p1a: Womanaphy|Surf|p2a: Blackberry\n|-damage|p2a: Blackberry|0 fnt\n|faint|p2a: Blackberry\n|\n|-heal|p1a: Womanaphy|66\/100 psn|[from] item: Leftovers\n|-damage|p1a: Womanaphy|54\/100 psn|[from] psn\n|upkeep\n|\n|t:|1698948464\n|switch|p2a: Pizza|Roaring Moon|100\/100\n|-enditem|p2a: Pizza|Booster Energy\n|-activate|p2a: Pizza|ability: Protosynthesis|[fromitem]\n|-start|p2a: Pizza|protosynthesisspe\n|turn|7\n|\n|t:|1698948474\n|move|p2a: Pizza|Acrobatics|p1a: Womanaphy\n|-damage|p1a: Womanaphy|36\/100 psn\n|move|p1a: Womanaphy|Dazzling Gleam|p2a: Pizza\n|-supereffective|p2a: Pizza\n|-damage|p2a: Pizza|0 fnt\n|faint|p2a: Pizza\n|-end|p2a: Pizza|Protosynthesis|[silent]\n|\n|-heal|p1a: Womanaphy|42\/100 psn|[from] item: Leftovers\n|-damage|p1a: Womanaphy|30\/100 psn|[from] psn\n|upkeep\n|\n|t:|1698948501\n|switch|p2a: Arsenic|Dragalge, M, tera:Poison|100\/100\n|turn|8\n|\n|t:|1698948513\n|move|p1a: Womanaphy|Psychic|p2a: Arsenic\n|-supereffective|p2a: Arsenic\n|-damage|p2a: Arsenic|0 fnt\n|faint|p2a: Arsenic\n|\n|-heal|p1a: Womanaphy|36\/100 psn|[from] item: Leftovers\n|-damage|p1a: Womanaphy|24\/100 psn|[from] psn\n|-sideend|p1: anarchistsshitpost|move: Aurora Veil\n|upkeep\n|\n|t:|1698948522\n|switch|p2a: Butterfingers|Iron Hands|100\/100\n|turn|9\n|c|\u2606GrandestStar|hmm\n|\n|t:|1698948531\n|move|p1a: Womanaphy|Dazzling Gleam|p2a: Butterfingers\n|-supereffective|p2a: Butterfingers\n|-damage|p2a: Butterfingers|0 fnt\n|faint|p2a: Butterfingers\n|-end|p2a: Butterfingers|Quark Drive|[silent]\n|\n|-heal|p1a: Womanaphy|30\/100 psn|[from] item: Leftovers\n|-damage|p1a: Womanaphy|18\/100 psn|[from] psn\n|upkeep\n|c|\u2606GrandestStar|hmmm\n|\n|t:|1698948540\n|switch|p2a: Popcorn|Kommo-o, F|100\/100\n|turn|10\n|\n|t:|1698948547\n|move|p1a: Womanaphy|Dazzling Gleam|p2a: Popcorn\n|-supereffective|p2a: Popcorn\n|-damage|p2a: Popcorn|0 fnt\n|faint|p2a: Popcorn\n|\n|-heal|p1a: Womanaphy|24\/100 psn|[from] item: Leftovers\n|-damage|p1a: Womanaphy|12\/100 psn|[from] psn\n|upkeep\n|\n|t:|1698948553\n|switch|p2a: Ready Salted Crisp|Naclstack, M|100\/100\n|turn|11\n|\n|t:|1698948566\n|switch|p1a: Girl Boss|Ogerpon, F|100\/100\n|move|p2a: Ready Salted Crisp|Salt Cure|p1a: Girl Boss\n|-damage|p1a: Girl Boss|91\/100\n|-start|p1a: Girl Boss|Salt Cure\n|\n|-damage|p1a: Girl Boss|78\/100|[from] Salt Cure\n|upkeep\n|turn|12\n|\n|t:|1698948578\n|move|p1a: Girl Boss|Ivy Cudgel|p2a: Ready Salted Crisp\n|-supereffective|p2a: Ready Salted Crisp\n|-damage|p2a: Ready Salted Crisp|34\/100\n|move|p2a: Ready Salted Crisp|Iron Defense|p2a: Ready Salted Crisp\n|-boost|p2a: Ready Salted Crisp|def|2\n|\n|-damage|p1a: Girl Boss|66\/100|[from] Salt Cure\n|upkeep\n|turn|13\n|\n|t:|1698948585\n|move|p1a: Girl Boss|Ivy Cudgel|p2a: Ready Salted Crisp\n|-supereffective|p2a: Ready Salted Crisp\n|-damage|p2a: Ready Salted Crisp|0 fnt\n|faint|p2a: Ready Salted Crisp\n|\n|win|anarchistsshitpost\n|c|\u2606GrandestStar|dang\n|c|\u2606anarchistsshitpost|gg\n|c|\u2606GrandestStar|gg\n|c|\u2606anarchistsshitpost|yeah manaphy is a beast\n|c|\u2606GrandestStar|yeah i apparently had nothing to counter it huh\n|c|\u2606anarchistsshitpost|tatsugiri and iron hands kinda countered it\n|c|\u2606GrandestStar|and here i was worried about garchomp\n|c|\u2606anarchistsshitpost|but it has good enough coverage\n|c|\u2606GrandestStar|nah because you had dazzling gleam which half my team are weak to\n|c|\u2606anarchistsshitpost|chomp was the back up if manaphy died lol\n|c|\u2606GrandestStar|welp anyway the replay\n","uploadtime":1698948632,"views":35,"p1id":"anarchistsshitpost","p2id":"grandeststar","formatid":"gen9ubers","rating":0,"private":0,"password":""}