{"id":"gen9ubers-1976960580","p1":"Jrmoore896","p2":"MeerBeebi","format":"[Gen 9] Ubers","log":"|j|\u2606Jrmoore896\n|j|\u2606MeerBeebi\n|t:|1698356342\n|gametype|singles\n|player|p1|Jrmoore896|lucas-gen4pt|1273\n|player|p2|MeerBeebi|colress|1172\n|teamsize|p1|6\n|teamsize|p2|6\n|gen|9\n|tier|[Gen 9] Ubers\n|rated|\n|rule|Sleep Clause Mod: Limit one foe put to sleep\n|rule|Species Clause: Limit one of each Pok\u00e9mon\n|rule|OHKO Clause: OHKO moves are banned\n|rule|Evasion Items Clause: Evasion items are banned\n|rule|Evasion Moves Clause: Evasion moves are banned\n|rule|Endless Battle Clause: Forcing endless battles is banned\n|rule|HP Percentage Mod: HP is shown in percentages\n|clearpoke\n|poke|p1|Ninetales-Alola, M|\n|poke|p1|Baxcalibur, M|\n|poke|p1|Mienshao, M|\n|poke|p1|Chandelure, M|\n|poke|p1|Cinderace, M|\n|poke|p1|Clefable, M|\n|poke|p2|Hatterene, F|\n|poke|p2|Dialga-Origin|\n|poke|p2|Ursaluna-Bloodmoon, M|\n|poke|p2|Giratina-Origin|\n|poke|p2|Calyrex-Ice|\n|poke|p2|Magearna|\n|teampreview\n|inactive|Battle timer is ON: inactive players will automatically lose when time's up. (requested by Jrmoore896)\n|\n|t:|1698356358\n|start\n|switch|p1a: Mienshao|Mienshao, M|100\/100\n|switch|p2a: Hatterene|Hatterene, F, shiny|100\/100\n|turn|1\n|\n|t:|1698356367\n|move|p1a: Mienshao|Poison Jab|p2a: Hatterene\n|-supereffective|p2a: Hatterene\n|-damage|p2a: Hatterene|34\/100\n|move|p2a: Hatterene|Trick Room|p2a: Hatterene\n|-fieldstart|move: Trick Room|[of] p2a: Hatterene\n|\n|upkeep\n|turn|2\n|\n|t:|1698356378\n|switch|p1a: Chandelure|Chandelure, M|100\/100\n|move|p2a: Hatterene|Psychic|p1a: Chandelure\n|-damage|p1a: Chandelure|3\/100\n|-damage|p2a: Hatterene|25\/100|[from] item: Life Orb\n|\n|upkeep\n|turn|3\n|\n|t:|1698356388\n|move|p2a: Hatterene|Shadow Ball|p1a: Chandelure\n|-supereffective|p1a: Chandelure\n|-damage|p1a: Chandelure|0 fnt\n|faint|p1a: Chandelure\n|-damage|p2a: Hatterene|15\/100|[from] item: Life Orb\n|\n|upkeep\n|\n|t:|1698356403\n|switch|p1a: Ninetales|Ninetales-Alola, M|100\/100\n|-weather|Snow|[from] ability: Snow Warning|[of] p1a: Ninetales\n|turn|4\n|\n|t:|1698356410\n|move|p2a: Hatterene|Psychic|p1a: Ninetales\n|-damage|p1a: Ninetales|30\/100\n|-damage|p2a: Hatterene|5\/100|[from] item: Life Orb\n|move|p1a: Ninetales|Aurora Veil|p1a: Ninetales\n|-sidestart|p1: Jrmoore896|move: Aurora Veil\n|\n|-weather|Snow|[upkeep]\n|upkeep\n|turn|5\n|\n|t:|1698356421\n|move|p2a: Hatterene|Psychic|p1a: Ninetales\n|-damage|p1a: Ninetales|0 fnt\n|faint|p1a: Ninetales\n|-damage|p2a: Hatterene|0 fnt|[from] item: Life Orb\n|faint|p2a: Hatterene\n|\n|-weather|Snow|[upkeep]\n|-fieldend|move: Trick Room\n|upkeep\n|\n|t:|1698356433\n|switch|p1a: Clefable|Clefable, M|100\/100\n|switch|p2a: Magearna|Magearna|100\/100\n|turn|6\n|\n|t:|1698356445\n|-terastallize|p1a: Clefable|Water\n|move|p1a: Clefable|Cosmic Power|p1a: Clefable\n|-boost|p1a: Clefable|def|1\n|-boost|p1a: Clefable|spd|1\n|move|p2a: Magearna|Trick Room|p2a: Magearna\n|-fieldstart|move: Trick Room|[of] p2a: Magearna\n|\n|-weather|Snow|[upkeep]\n|upkeep\n|turn|7\n|\n|t:|1698356455\n|move|p2a: Magearna|Dazzling Gleam|p1a: Clefable\n|-damage|p1a: Clefable|84\/100\n|-damage|p2a: Magearna|91\/100|[from] item: Life Orb\n|move|p1a: Clefable|Cosmic Power|p1a: Clefable\n|-boost|p1a: Clefable|def|1\n|-boost|p1a: Clefable|spd|1\n|\n|-weather|Snow|[upkeep]\n|-heal|p1a: Clefable|90\/100|[from] item: Leftovers\n|upkeep\n|turn|8\n|\n|t:|1698356471\n|switch|p2a: Calyrex|Calyrex-Ice|100\/100\n|-ability|p2a: Calyrex|As One\n|-ability|p2a: Calyrex|Unnerve\n|move|p1a: Clefable|Cosmic Power|p1a: Clefable\n|-boost|p1a: Clefable|def|1\n|-boost|p1a: Clefable|spd|1\n|\n|-weather|none\n|-heal|p1a: Clefable|96\/100|[from] item: Leftovers\n|upkeep\n|turn|9\n|\n|t:|1698356484\n|move|p2a: Calyrex|Glacial Lance|p1a: Clefable\n|-resisted|p1a: Clefable\n|-damage|p1a: Clefable|88\/100\n|-damage|p2a: Calyrex|91\/100|[from] item: Life Orb\n|move|p1a: Clefable|Cosmic Power|p1a: Clefable\n|-boost|p1a: Clefable|def|1\n|-boost|p1a: Clefable|spd|1\n|\n|-heal|p1a: Clefable|94\/100|[from] item: Leftovers\n|upkeep\n|turn|10\n|\n|t:|1698356503\n|switch|p2a: Giratina|Giratina-Origin|100\/100\n|move|p1a: Clefable|Cosmic Power|p1a: Clefable\n|-boost|p1a: Clefable|def|1\n|-boost|p1a: Clefable|spd|1\n|\n|-heal|p1a: Clefable|99\/100|[from] item: Leftovers\n|-fieldend|move: Trick Room\n|upkeep\n|turn|11\n|\n|t:|1698356513\n|move|p2a: Giratina|Calm Mind|p2a: Giratina\n|-boost|p2a: Giratina|spa|1\n|-boost|p2a: Giratina|spd|1\n|move|p1a: Clefable|Cosmic Power|p1a: Clefable\n|-boost|p1a: Clefable|def|1\n|-boost|p1a: Clefable|spd|1\n|\n|-heal|p1a: Clefable|100\/100|[from] item: Leftovers\n|-sideend|p1: Jrmoore896|move: Aurora Veil\n|upkeep\n|turn|12\n|\n|t:|1698356525\n|move|p2a: Giratina|Calm Mind|p2a: Giratina\n|-boost|p2a: Giratina|spa|1\n|-boost|p2a: Giratina|spd|1\n|move|p1a: Clefable|Stored Power|p2a: Giratina\n|-damage|p2a: Giratina|60\/100\n|\n|upkeep\n|turn|13\n|\n|t:|1698356533\n|move|p2a: Giratina|Calm Mind|p2a: Giratina\n|-boost|p2a: Giratina|spa|1\n|-boost|p2a: Giratina|spd|1\n|move|p1a: Clefable|Stored Power|p2a: Giratina\n|-damage|p2a: Giratina|19\/100\n|\n|upkeep\n|turn|14\n|\n|t:|1698356541\n|move|p2a: Giratina|Shadow Ball|p1a: Clefable\n|-damage|p1a: Clefable|89\/100\n|move|p1a: Clefable|Night Shade|p2a: Giratina\n|-damage|p2a: Giratina|0 fnt\n|faint|p2a: Giratina\n|\n|-heal|p1a: Clefable|95\/100|[from] item: Leftovers\n|upkeep\n|\n|t:|1698356556\n|switch|p2a: Ursaluna|Ursaluna-Bloodmoon, M|100\/100\n|turn|15\n|\n|t:|1698356568\n|move|p1a: Clefable|Stored Power|p2a: Ursaluna\n|-crit|p2a: Ursaluna\n|-damage|p2a: Ursaluna|41\/100\n|move|p2a: Ursaluna|Blood Moon|p1a: Clefable\n|-damage|p1a: Clefable|76\/100\n|\n|-heal|p1a: Clefable|82\/100|[from] item: Leftovers\n|upkeep\n|turn|16\n|\n|t:|1698356577\n|move|p1a: Clefable|Stored Power|p2a: Ursaluna\n|-damage|p2a: Ursaluna|0 fnt\n|faint|p2a: Ursaluna\n|\n|-heal|p1a: Clefable|89\/100|[from] item: Leftovers\n|upkeep\n|\n|t:|1698356585\n|switch|p2a: Magearna|Magearna|91\/100\n|turn|17\n|\n|t:|1698356593\n|move|p1a: Clefable|Night Shade|p2a: Magearna\n|-damage|p2a: Magearna|63\/100\n|move|p2a: Magearna|Dazzling Gleam|p1a: Clefable\n|-damage|p1a: Clefable|76\/100\n|-damage|p2a: Magearna|53\/100|[from] item: Life Orb\n|\n|-heal|p1a: Clefable|82\/100|[from] item: Leftovers\n|upkeep\n|turn|18\n|\n|t:|1698356608\n|move|p1a: Clefable|Night Shade|p2a: Magearna\n|-damage|p2a: Magearna|26\/100\n|move|p2a: Magearna|Trick Room|p2a: Magearna\n|-fieldstart|move: Trick Room|[of] p2a: Magearna\n|\n|-heal|p1a: Clefable|88\/100|[from] item: Leftovers\n|upkeep\n|turn|19\n|\n|t:|1698356618\n|move|p2a: Magearna|Flash Cannon|p1a: Clefable\n|-resisted|p1a: Clefable\n|-damage|p1a: Clefable|82\/100\n|-damage|p2a: Magearna|16\/100|[from] item: Life Orb\n|move|p1a: Clefable|Night Shade|p2a: Magearna\n|-damage|p2a: Magearna|0 fnt\n|faint|p2a: Magearna\n|\n|-heal|p1a: Clefable|88\/100|[from] item: Leftovers\n|upkeep\n|\n|t:|1698356627\n|switch|p2a: Dialga|Dialga-Origin|100\/100\n|-ability|p2a: Dialga|Pressure\n|turn|20\n|\n|t:|1698356637\n|move|p1a: Clefable|Night Shade|p2a: Dialga\n|-damage|p2a: Dialga|76\/100\n|move|p2a: Dialga|Dragon Pulse|p1a: Clefable\n|-damage|p1a: Clefable|73\/100\n|\n|-heal|p1a: Clefable|79\/100|[from] item: Leftovers\n|upkeep\n|turn|21\n|c|\u2606MeerBeebi|gg\n|-message|MeerBeebi forfeited.\n|\n|win|Jrmoore896\n|raw|Jrmoore896's rating: 1249 &rarr; <strong>1269<\/strong><br \/>(+20 for winning)\n|raw|MeerBeebi's rating: 1172 &rarr; <strong>1152<\/strong><br \/>(-20 for losing)\n|l|\u2606MeerBeebi\n|l|\u2606Jrmoore896\n|j|\u2606Jrmoore896\n|player|p1|Jrmoore896|lucas-gen4pt\n","uploadtime":1698356675,"views":8,"p1id":"jrmoore896","p2id":"meerbeebi","formatid":"gen9ubers","rating":1152,"private":0,"password":""}