{"id":"gen9ubers-1979134998","p1":"triwarrior","p2":"GoakinHuntForR.O.","format":"[Gen 9] Ubers","log":"|j|\u2606triwarrior\n|j|\u2606GoakinHuntForR.O.\n|t:|1698637030\n|gametype|singles\n|player|p1|triwarrior|1|1381\n|player|p2|GoakinHuntForR.O.|n|1481\n|teamsize|p1|6\n|teamsize|p2|6\n|gen|9\n|tier|[Gen 9] Ubers\n|rated|\n|rule|Sleep Clause Mod: Limit one foe put to sleep\n|rule|Species Clause: Limit one of each Pok\u00e9mon\n|rule|OHKO Clause: OHKO moves are banned\n|rule|Evasion Items Clause: Evasion items are banned\n|rule|Evasion Moves Clause: Evasion moves are banned\n|rule|Endless Battle Clause: Forcing endless battles is banned\n|rule|HP Percentage Mod: HP is shown in percentages\n|clearpoke\n|poke|p1|Ribombee, M|\n|poke|p1|Kyogre|\n|poke|p1|Eternatus|\n|poke|p1|Arceus|\n|poke|p1|Calyrex-Ice|\n|poke|p1|Groudon|\n|poke|p2|Koraidon|\n|poke|p2|Zacian-*|\n|poke|p2|Arceus-Fairy|\n|poke|p2|Landorus-Therian, M|\n|poke|p2|Eternatus|\n|poke|p2|Gliscor, F|\n|teampreview\n|inactive|Battle timer is ON: inactive players will automatically lose when time's up. (requested by triwarrior)\n|\n|t:|1698637043\n|start\n|switch|p1a: Calyrex|Calyrex-Ice|100\/100\n|switch|p2a: Gliscor|Gliscor, F|100\/100\n|-ability|p1a: Calyrex|As One\n|-ability|p1a: Calyrex|Unnerve\n|turn|1\n|\n|t:|1698637051\n|switch|p2a: Arceus|Arceus-Fairy|100\/100\n|move|p1a: Calyrex|Trick Room|p1a: Calyrex\n|-fieldstart|move: Trick Room|[of] p1a: Calyrex\n|\n|upkeep\n|turn|2\n|\n|t:|1698637058\n|move|p1a: Calyrex|Glacial Lance|p2a: Arceus\n|-damage|p2a: Arceus|58\/100\n|move|p2a: Arceus|Will-O-Wisp|p1a: Calyrex\n|-status|p1a: Calyrex|brn\n|\n|-damage|p1a: Calyrex|94\/100 brn|[from] brn\n|upkeep\n|turn|3\n|\n|t:|1698637067\n|move|p1a: Calyrex|Glacial Lance|p2a: Arceus\n|-damage|p2a: Arceus|37\/100\n|move|p2a: Arceus|Recover|p2a: Arceus\n|-heal|p2a: Arceus|87\/100\n|\n|-heal|p1a: Calyrex|100\/100 brn|[from] item: Leftovers\n|-damage|p1a: Calyrex|94\/100 brn|[from] brn\n|upkeep\n|turn|4\n|\n|t:|1698637078\n|switch|p1a: Eternatus|Eternatus|100\/100\n|-ability|p1a: Eternatus|Pressure\n|move|p2a: Arceus|Calm Mind|p2a: Arceus\n|-boost|p2a: Arceus|spa|1\n|-boost|p2a: Arceus|spd|1\n|\n|upkeep\n|turn|5\n|\n|t:|1698637089\n|-terastallize|p2a: Arceus|Poison\n|move|p2a: Arceus|Calm Mind|p2a: Arceus\n|-boost|p2a: Arceus|spa|1\n|-boost|p2a: Arceus|spd|1\n|move|p1a: Eternatus|Dragon Dance|p1a: Eternatus\n|-boost|p1a: Eternatus|atk|1\n|-boost|p1a: Eternatus|spe|1\n|\n|-fieldend|move: Trick Room\n|upkeep\n|turn|6\n|\n|t:|1698637098\n|move|p1a: Eternatus|Dynamax Cannon|p2a: Arceus\n|-damage|p2a: Arceus|67\/100\n|move|p2a: Arceus|Will-O-Wisp|p1a: Eternatus\n|-status|p1a: Eternatus|brn\n|\n|-damage|p1a: Eternatus|94\/100 brn|[from] brn\n|upkeep\n|turn|7\n|\n|t:|1698637106\n|switch|p1a: Ribombee|Ribombee, M|100\/100\n|move|p2a: Arceus|Recover|p2a: Arceus\n|-heal|p2a: Arceus|100\/100\n|\n|upkeep\n|turn|8\n|\n|t:|1698637113\n|move|p1a: Ribombee|Stun Spore|p2a: Arceus\n|-status|p2a: Arceus|par\n|cant|p2a: Arceus|par\n|\n|upkeep\n|turn|9\n|\n|t:|1698637118\n|move|p1a: Ribombee|Light Screen|p1a: Ribombee\n|-sidestart|p1: triwarrior|move: Light Screen\n|cant|p2a: Arceus|par\n|\n|upkeep\n|turn|10\n|\n|t:|1698637121\n|move|p1a: Ribombee|Sticky Web|p2a: Arceus\n|-sidestart|p2: GoakinHuntForR.O.|move: Sticky Web\n|cant|p2a: Arceus|par\n|\n|upkeep\n|turn|11\n|\n|t:|1698637150\n|move|p1a: Ribombee|Moonblast|p2a: Arceus\n|-resisted|p2a: Arceus\n|-damage|p2a: Arceus|94\/100 par\n|move|p2a: Arceus|Will-O-Wisp|p1a: Ribombee\n|-status|p1a: Ribombee|brn\n|\n|-damage|p1a: Ribombee|94\/100 brn|[from] brn\n|upkeep\n|turn|12\n|\n|t:|1698637161\n|switch|p1a: Arceus|Arceus|100\/100\n|move|p2a: Arceus|Will-O-Wisp|p1a: Arceus|[miss]\n|-miss|p2a: Arceus|p1a: Arceus\n|\n|upkeep\n|turn|13\n|\n|t:|1698637168\n|move|p1a: Arceus|Swords Dance|p1a: Arceus\n|-boost|p1a: Arceus|atk|2\n|cant|p2a: Arceus|par\n|\n|-sideend|p1: triwarrior|move: Light Screen\n|upkeep\n|turn|14\n|c|\u2606GoakinHuntForR.O.|dude\n|\n|t:|1698637174\n|move|p1a: Arceus|Earthquake|p2a: Arceus\n|-supereffective|p2a: Arceus\n|-damage|p2a: Arceus|32\/100 par\n|move|p2a: Arceus|Will-O-Wisp|p1a: Arceus\n|-status|p1a: Arceus|brn\n|-enditem|p1a: Arceus|Lum Berry|[eat]\n|-curestatus|p1a: Arceus|brn|[msg]\n|\n|upkeep\n|turn|15\n|\n|t:|1698637183\n|move|p1a: Arceus|Earthquake|p2a: Arceus\n|-supereffective|p2a: Arceus\n|-damage|p2a: Arceus|0 fnt\n|faint|p2a: Arceus\n|\n|upkeep\n|\n|t:|1698637185\n|switch|p2a: Landorus|Landorus-Therian, M|100\/100\n|-ability|p2a: Landorus|Intimidate|boost\n|-unboost|p1a: Arceus|atk|1\n|turn|16\n|inactive|GoakinHuntForR.O. has 120 seconds left.\n|\n|t:|1698637216\n|move|p1a: Arceus|Swords Dance|p1a: Arceus\n|-boost|p1a: Arceus|atk|2\n|move|p2a: Landorus|Earthquake|p1a: Arceus\n|-damage|p1a: Arceus|67\/100\n|\n|upkeep\n|turn|17\n|\n|t:|1698637231\n|-terastallize|p1a: Arceus|Normal\n|move|p1a: Arceus|Extreme Speed|p2a: Landorus\n|-damage|p2a: Landorus|0 fnt\n|-damage|p1a: Arceus|50\/100|[from] item: Rocky Helmet|[of] p2a: Landorus\n|faint|p2a: Landorus\n|\n|upkeep\n|inactive|GoakinHuntForR.O. has 120 seconds left.\n|\n|t:|1698637264\n|switch|p2a: Zacian|Zacian-Crowned|100\/100\n|-activate|p2a: Zacian|move: Sticky Web\n|-unboost|p2a: Zacian|spe|1\n|-ability|p2a: Zacian|Intrepid Sword|boost\n|-boost|p2a: Zacian|atk|1\n|turn|18\n|\n|t:|1698637271\n|move|p1a: Arceus|Earthquake|p2a: Zacian\n|-supereffective|p2a: Zacian\n|-damage|p2a: Zacian|0 fnt\n|faint|p2a: Zacian\n|\n|upkeep\n|-message|GoakinHuntForR.O. forfeited.\n|\n|win|triwarrior\n|raw|triwarrior's rating: 1381 &rarr; <strong>1407<\/strong><br \/>(+26 for winning)\n|raw|GoakinHuntForR.O.'s rating: 1481 &rarr; <strong>1455<\/strong><br \/>(-26 for losing)\n|l|\u2606triwarrior\n","uploadtime":1698637289,"views":17,"p1id":"triwarrior","p2id":"goakinhuntforro","formatid":"gen9ubers","rating":1407,"private":0,"password":""}