{"id":"gen9ubers-1971731849","p1":"Generalfrito","p2":"SlyTheSplicer","format":"[Gen 9] Ubers","log":"|j|\u2606Generalfrito\n|j|\u2606SlyTheSplicer\n|t:|1697765933\n|gametype|singles\n|player|p1|Generalfrito|102|\n|player|p2|SlyTheSplicer|bellelba|\n|teamsize|p1|6\n|teamsize|p2|6\n|gen|9\n|tier|[Gen 9] Ubers\n|rule|Sleep Clause Mod: Limit one foe put to sleep\n|rule|Species Clause: Limit one of each Pok\u00e9mon\n|rule|OHKO Clause: OHKO moves are banned\n|rule|Evasion Items Clause: Evasion items are banned\n|rule|Evasion Moves Clause: Evasion moves are banned\n|rule|Endless Battle Clause: Forcing endless battles is banned\n|rule|HP Percentage Mod: HP is shown in percentages\n|clearpoke\n|poke|p1|Mimikyu, F|\n|poke|p1|Cyclizar, F|\n|poke|p1|Volcanion|\n|poke|p1|Slowking-Galar, M|\n|poke|p1|Corviknight, F|\n|poke|p1|Decidueye-Hisui, M|\n|poke|p2|Sneasler, F|\n|poke|p2|Ursaluna, F|\n|poke|p2|Scream Tail|\n|poke|p2|Toxapex, F|\n|poke|p2|Electrode-Hisui|\n|poke|p2|Noivern, F|\n|teampreview\n|\n|t:|1697765998\n|start\n|switch|p1a: Cyclizar|Cyclizar, F|100\/100\n|switch|p2a: KH:2.8|Ursaluna, F|100\/100\n|turn|1\n|j| Bidy\n|c| Bidy|*takes dick out*\n|j| Baby Chuck\n|\n|t:|1697766078\n|switch|p1a: Mimikyu|Mimikyu, F|100\/100\n|-item|p1a: Mimikyu|Air Balloon\n|move|p2a: KH:2.8|Close Combat|p1a: Mimikyu\n|-immune|p1a: Mimikyu\n|\n|upkeep\n|turn|2\n|\n|t:|1697766085\n|move|p1a: Mimikyu|Swords Dance|p1a: Mimikyu\n|-boost|p1a: Mimikyu|atk|2\n|move|p2a: KH:2.8|Ice Punch|p1a: Mimikyu\n|-activate|p1a: Mimikyu|ability: Disguise\n|-damage|p1a: Mimikyu|100\/100\n|-status|p1a: Mimikyu|frz\n|-enditem|p1a: Mimikyu|Air Balloon\n|detailschange|p1a: Mimikyu|Mimikyu-Busted, F\n|-damage|p1a: Mimikyu|88\/100 frz|[from] pokemon: Mimikyu-Busted\n|\n|upkeep\n|turn|3\n|\n|t:|1697766097\n|cant|p1a: Mimikyu|frz\n|move|p2a: KH:2.8|Headlong Rush|p1a: Mimikyu\n|-damage|p1a: Mimikyu|0 fnt\n|-unboost|p2a: KH:2.8|def|1\n|-unboost|p2a: KH:2.8|spd|1\n|faint|p1a: Mimikyu\n|\n|upkeep\n|c| Bidy|wow\n|\n|t:|1697766105\n|switch|p1a: Volcanion|Volcanion|100\/100\n|turn|4\n|\n|t:|1697766119\n|switch|p2a: Sweeper|Toxapex, F|100\/100\n|move|p1a: Volcanion|Steam Eruption|p2a: Sweeper\n|-resisted|p2a: Sweeper\n|-damage|p2a: Sweeper|77\/100\n|\n|-heal|p2a: Sweeper|84\/100|[from] item: Black Sludge\n|upkeep\n|turn|5\n|\n|t:|1697766142\n|move|p2a: Sweeper|Baneful Bunker|p2a: Sweeper\n|-singleturn|p2a: Sweeper|move: Protect\n|move|p1a: Volcanion|Taunt|p2a: Sweeper\n|-activate|p2a: Sweeper|move: Protect\n|\n|-heal|p2a: Sweeper|90\/100|[from] item: Black Sludge\n|upkeep\n|turn|6\n|\n|t:|1697766158\n|move|p1a: Volcanion|Taunt|p2a: Sweeper\n|-start|p2a: Sweeper|move: Taunt\n|move|p2a: Sweeper|Surf|p1a: Volcanion\n|-immune|p1a: Volcanion|[from] ability: Water Absorb\n|\n|-heal|p2a: Sweeper|96\/100|[from] item: Black Sludge\n|upkeep\n|turn|7\n|\n|t:|1697766206\n|switch|p2a: AAAAAAA 1.1|Scream Tail|100\/100\n|move|p1a: Volcanion|Earth Power|p2a: AAAAAAA 1.1\n|-damage|p2a: AAAAAAA 1.1|77\/100\n|\n|-heal|p2a: AAAAAAA 1.1|83\/100|[from] item: Leftovers\n|upkeep\n|turn|8\n|\n|t:|1697766212\n|move|p2a: AAAAAAA 1.1|Thunder Wave|p1a: Volcanion\n|-status|p1a: Volcanion|par\n|cant|p1a: Volcanion|par\n|\n|-heal|p2a: AAAAAAA 1.1|89\/100|[from] item: Leftovers\n|upkeep\n|turn|9\n|\n|t:|1697766216\n|move|p2a: AAAAAAA 1.1|Stealth Rock|p1a: Volcanion\n|-sidestart|p1: Generalfrito|move: Stealth Rock\n|move|p1a: Volcanion|Flash Cannon|p2a: AAAAAAA 1.1\n|-supereffective|p2a: AAAAAAA 1.1\n|-damage|p2a: AAAAAAA 1.1|47\/100\n|\n|-heal|p2a: AAAAAAA 1.1|53\/100|[from] item: Leftovers\n|upkeep\n|turn|10\n|\n|t:|1697766230\n|move|p2a: AAAAAAA 1.1|Wish|p2a: AAAAAAA 1.1\n|move|p1a: Volcanion|Flash Cannon|p2a: AAAAAAA 1.1\n|-supereffective|p2a: AAAAAAA 1.1\n|-damage|p2a: AAAAAAA 1.1|7\/100\n|-unboost|p2a: AAAAAAA 1.1|spd|1\n|\n|-heal|p2a: AAAAAAA 1.1|13\/100|[from] item: Leftovers\n|upkeep\n|turn|11\n|\n|t:|1697766246\n|-end|p2a: AAAAAAA 1.1|Protosynthesis|[silent]\n|switch|p2a: KH:2.8|Ursaluna, F|100\/100\n|move|p1a: Volcanion|Flash Cannon|p2a: KH:2.8\n|-damage|p2a: KH:2.8|84\/100\n|\n|-heal|p2a: KH:2.8|100\/100|[from] move: Wish|[wisher] AAAAAAA 1.1\n|upkeep\n|turn|12\n|\n|t:|1697766267\n|move|p2a: KH:2.8|Headlong Rush|p1a: Volcanion\n|-supereffective|p1a: Volcanion\n|-damage|p1a: Volcanion|0 fnt\n|-unboost|p2a: KH:2.8|def|1\n|-unboost|p2a: KH:2.8|spd|1\n|faint|p1a: Volcanion\n|\n|upkeep\n|\n|t:|1697766303\n|switch|p1a: Decidueye|Decidueye-Hisui, M|100\/100\n|-damage|p1a: Decidueye|95\/100|[from] Stealth Rock\n|turn|13\n|\n|t:|1697766313\n|move|p1a: Decidueye|Leaf Blade|p2a: KH:2.8\n|-supereffective|p2a: KH:2.8\n|-crit|p2a: KH:2.8\n|-damage|p2a: KH:2.8|0 fnt\n|faint|p2a: KH:2.8\n|\n|upkeep\n|\n|t:|1697766328\n|switch|p2a: Not the Sweeper|Sneasler, F|100\/100\n|-item|p2a: Not the Sweeper|Air Balloon\n|turn|14\n|\n|t:|1697766342\n|move|p2a: Not the Sweeper|Swords Dance|p2a: Not the Sweeper\n|-boost|p2a: Not the Sweeper|atk|2\n|move|p1a: Decidueye|Swords Dance|p1a: Decidueye\n|-boost|p1a: Decidueye|atk|2\n|\n|upkeep\n|turn|15\n|\n|t:|1697766372\n|move|p2a: Not the Sweeper|Swords Dance|p2a: Not the Sweeper\n|-boost|p2a: Not the Sweeper|atk|2\n|move|p1a: Decidueye|Triple Arrows|p2a: Not the Sweeper\n|-resisted|p2a: Not the Sweeper\n|-crit|p2a: Not the Sweeper\n|-damage|p2a: Not the Sweeper|15\/100\n|-enditem|p2a: Not the Sweeper|Air Balloon\n|\n|upkeep\n|turn|16\n|\n|t:|1697766394\n|move|p2a: Not the Sweeper|Dire Claw|p1a: Decidueye\n|-supereffective|p1a: Decidueye\n|-damage|p1a: Decidueye|0 fnt\n|faint|p1a: Decidueye\n|\n|upkeep\n|\n|t:|1697766401\n|switch|p1a: Cyclizar|Cyclizar, F|100\/100\n|-damage|p1a: Cyclizar|88\/100|[from] Stealth Rock\n|turn|17\n|\n|t:|1697766411\n|-terastallize|p1a: Cyclizar|Steel\n|move|p2a: Not the Sweeper|Dire Claw|p1a: Cyclizar\n|-immune|p1a: Cyclizar\n|move|p1a: Cyclizar|Iron Head|p2a: Not the Sweeper\n|-damage|p2a: Not the Sweeper|0 fnt\n|faint|p2a: Not the Sweeper\n|\n|upkeep\n|c| Bidy|HES CRAZYYYY\n|\n|t:|1697766443\n|switch|p2a: ZAP|Electrode-Hisui, shiny|100\/100\n|turn|18\n|\n|t:|1697766450\n|switch|p1a: Slowking|Slowking-Galar, M|100\/100\n|-damage|p1a: Slowking|88\/100|[from] Stealth Rock\n|move|p2a: ZAP|Volt Switch|p1a: Slowking\n|-damage|p1a: Slowking|56\/100\n|\n|t:|1697766460\n|switch|p2a: Worst switch in|Noivern, F|100\/100|[from] Volt Switch\n|\n|-heal|p1a: Slowking|62\/100|[from] item: Black Sludge\n|upkeep\n|turn|19\n|\n|t:|1697766482\n|move|p2a: Worst switch in|Draco Meteor|p1a: Slowking|[miss]\n|-miss|p2a: Worst switch in|p1a: Slowking\n|move|p1a: Slowking|Chilly Reception|p1a: Slowking\n|-weather|Snow\n|\n|t:|1697766493\n|switch|p1a: Corviknight|Corviknight, F|100\/100|[from] Chilly Reception\n|-damage|p1a: Corviknight|88\/100|[from] Stealth Rock\n|-ability|p1a: Corviknight|Pressure\n|\n|-weather|Snow|[upkeep]\n|-heal|p1a: Corviknight|94\/100|[from] item: Leftovers\n|upkeep\n|turn|20\n|\n|t:|1697766507\n|move|p2a: Worst switch in|Flamethrower|p1a: Corviknight\n|-supereffective|p1a: Corviknight\n|-damage|p1a: Corviknight|39\/100\n|move|p1a: Corviknight|Roost|p1a: Corviknight\n|-heal|p1a: Corviknight|89\/100\n|-singleturn|p1a: Corviknight|move: Roost\n|\n|-weather|Snow|[upkeep]\n|-heal|p1a: Corviknight|95\/100|[from] item: Leftovers\n|upkeep\n|turn|21\n|\n|t:|1697766525\n|switch|p1a: Slowking|Slowking-Galar, M|95\/100\n|-damage|p1a: Slowking|83\/100|[from] Stealth Rock\n|move|p2a: Worst switch in|Flamethrower|p1a: Slowking\n|-damage|p1a: Slowking|61\/100\n|\n|-weather|Snow|[upkeep]\n|-heal|p1a: Slowking|67\/100|[from] item: Black Sludge\n|upkeep\n|turn|22\n|\n|t:|1697766538\n|move|p2a: Worst switch in|Flamethrower|p1a: Slowking\n|-damage|p1a: Slowking|46\/100\n|move|p1a: Slowking|Toxic|p2a: Worst switch in\n|-status|p2a: Worst switch in|tox\n|\n|-weather|Snow|[upkeep]\n|-heal|p1a: Slowking|52\/100|[from] item: Black Sludge\n|-damage|p2a: Worst switch in|94\/100 tox|[from] psn\n|upkeep\n|turn|23\n|\n|t:|1697766546\n|switch|p1a: Corviknight|Corviknight, F|95\/100\n|-damage|p1a: Corviknight|82\/100|[from] Stealth Rock\n|-ability|p1a: Corviknight|Pressure\n|move|p2a: Worst switch in|Flamethrower|p1a: Corviknight\n|-supereffective|p1a: Corviknight\n|-damage|p1a: Corviknight|30\/100\n|\n|-weather|none\n|-heal|p1a: Corviknight|37\/100|[from] item: Leftovers\n|-damage|p2a: Worst switch in|82\/100 tox|[from] psn\n|upkeep\n|turn|24\n|\n|t:|1697766552\n|switch|p1a: Slowking|Slowking-Galar, M|86\/100\n|-damage|p1a: Slowking|73\/100|[from] Stealth Rock\n|move|p2a: Worst switch in|Flamethrower|p1a: Slowking\n|-damage|p1a: Slowking|52\/100\n|\n|-heal|p1a: Slowking|58\/100|[from] item: Black Sludge\n|-damage|p2a: Worst switch in|64\/100 tox|[from] psn\n|upkeep\n|turn|25\n|\n|t:|1697766559\n|move|p2a: Worst switch in|Roost|p2a: Worst switch in\n|-heal|p2a: Worst switch in|100\/100 tox\n|-singleturn|p2a: Worst switch in|move: Roost\n|move|p1a: Slowking|Eerie Spell|p2a: Worst switch in\n|-damage|p2a: Worst switch in|53\/100 tox\n|-activate|p2a: Worst switch in|move: Eerie Spell|Roost|3\n|\n|-heal|p1a: Slowking|64\/100|[from] item: Black Sludge\n|-damage|p2a: Worst switch in|29\/100 tox|[from] psn\n|upkeep\n|turn|26\n|\n|t:|1697766571\n|switch|p2a: ZAP|Electrode-Hisui, shiny|100\/100\n|move|p1a: Slowking|Eerie Spell|p2a: ZAP\n|-damage|p2a: ZAP|41\/100\n|\n|-heal|p1a: Slowking|70\/100|[from] item: Black Sludge\n|upkeep\n|turn|27\n|\n|t:|1697766577\n|move|p2a: ZAP|Thunderbolt|p1a: Slowking\n|-crit|p1a: Slowking\n|-damage|p1a: Slowking|3\/100\n|move|p1a: Slowking|Eerie Spell|p2a: ZAP\n|-damage|p2a: ZAP|0 fnt\n|faint|p2a: ZAP\n|\n|-heal|p1a: Slowking|9\/100|[from] item: Black Sludge\n|upkeep\n|\n|t:|1697766580\n|switch|p2a: Sweeper|Toxapex, F|100\/100\n|turn|28\n|\n|t:|1697766589\n|switch|p1a: Cyclizar|Cyclizar, F, tera:Steel|100\/100\n|-damage|p1a: Cyclizar|94\/100|[from] Stealth Rock\n|move|p2a: Sweeper|Surf|p1a: Cyclizar\n|-damage|p1a: Cyclizar|65\/100\n|\n|upkeep\n|turn|29\n|\n|t:|1697766608\n|move|p1a: Cyclizar|U-turn|p2a: Sweeper\n|-resisted|p2a: Sweeper\n|-damage|p2a: Sweeper|91\/100\n|\n|t:|1697766611\n|switch|p1a: Slowking|Slowking-Galar, M|43\/100|[from] U-turn\n|-damage|p1a: Slowking|30\/100|[from] Stealth Rock\n|move|p2a: Sweeper|Surf|p1a: Slowking\n|-damage|p1a: Slowking|15\/100\n|\n|-heal|p2a: Sweeper|97\/100|[from] item: Black Sludge\n|-heal|p1a: Slowking|22\/100|[from] item: Black Sludge\n|upkeep\n|turn|30\n|\n|t:|1697766619\n|switch|p1a: Cyclizar|Cyclizar, F, tera:Steel|98\/100\n|-damage|p1a: Cyclizar|92\/100|[from] Stealth Rock\n|move|p2a: Sweeper|Surf|p1a: Cyclizar\n|-crit|p1a: Cyclizar\n|-damage|p1a: Cyclizar|41\/100\n|\n|-heal|p2a: Sweeper|100\/100|[from] item: Black Sludge\n|upkeep\n|turn|31\n|\n|t:|1697766631\n|switch|p1a: Slowking|Slowking-Galar, M|55\/100\n|-damage|p1a: Slowking|42\/100|[from] Stealth Rock\n|move|p2a: Sweeper|Surf|p1a: Slowking\n|-damage|p1a: Slowking|27\/100\n|\n|-heal|p1a: Slowking|33\/100|[from] item: Black Sludge\n|upkeep\n|turn|32\n|\n|t:|1697766650\n|switch|p1a: Corviknight|Corviknight, F|37\/100\n|-damage|p1a: Corviknight|24\/100|[from] Stealth Rock\n|-ability|p1a: Corviknight|Pressure\n|move|p2a: Sweeper|Surf|p1a: Corviknight\n|-damage|p1a: Corviknight|5\/100\n|\n|-heal|p1a: Corviknight|11\/100|[from] item: Leftovers\n|upkeep\n|turn|33\n|\n|t:|1697766658\n|move|p1a: Corviknight|Roost|p1a: Corviknight\n|-heal|p1a: Corviknight|61\/100\n|-singleturn|p1a: Corviknight|move: Roost\n|move|p2a: Sweeper|Surf|p1a: Corviknight\n|-damage|p1a: Corviknight|42\/100\n|\n|-heal|p1a: Corviknight|48\/100|[from] item: Leftovers\n|upkeep\n|turn|34\n|\n|t:|1697766672\n|move|p1a: Corviknight|Roost|p1a: Corviknight\n|-heal|p1a: Corviknight|98\/100\n|-singleturn|p1a: Corviknight|move: Roost\n|move|p2a: Sweeper|Surf|p1a: Corviknight\n|-damage|p1a: Corviknight|81\/100\n|\n|-heal|p1a: Corviknight|87\/100|[from] item: Leftovers\n|upkeep\n|turn|35\n|\n|t:|1697766680\n|move|p1a: Corviknight|Bulk Up|p1a: Corviknight\n|-boost|p1a: Corviknight|atk|1\n|-boost|p1a: Corviknight|def|1\n|move|p2a: Sweeper|Surf|p1a: Corviknight\n|-damage|p1a: Corviknight|68\/100\n|\n|-heal|p1a: Corviknight|74\/100|[from] item: Leftovers\n|upkeep\n|turn|36\n|\n|t:|1697766687\n|switch|p2a: Worst switch in|Noivern, F|29\/100 tox\n|move|p1a: Corviknight|Bulk Up|p1a: Corviknight\n|-boost|p1a: Corviknight|atk|1\n|-boost|p1a: Corviknight|def|1\n|\n|-heal|p1a: Corviknight|80\/100|[from] item: Leftovers\n|-damage|p2a: Worst switch in|22\/100 tox|[from] psn\n|upkeep\n|turn|37\n|\n|t:|1697766709\n|move|p2a: Worst switch in|Flamethrower|p1a: Corviknight\n|-supereffective|p1a: Corviknight\n|-damage|p1a: Corviknight|24\/100\n|move|p1a: Corviknight|Roost|p1a: Corviknight\n|-heal|p1a: Corviknight|74\/100\n|-singleturn|p1a: Corviknight|move: Roost\n|\n|-heal|p1a: Corviknight|80\/100|[from] item: Leftovers\n|-damage|p2a: Worst switch in|10\/100 tox|[from] psn\n|upkeep\n|turn|38\n|\n|t:|1697766715\n|move|p2a: Worst switch in|Flamethrower|p1a: Corviknight\n|-supereffective|p1a: Corviknight\n|-damage|p1a: Corviknight|28\/100\n|move|p1a: Corviknight|Roost|p1a: Corviknight\n|-heal|p1a: Corviknight|78\/100\n|-singleturn|p1a: Corviknight|move: Roost\n|\n|-heal|p1a: Corviknight|84\/100|[from] item: Leftovers\n|-damage|p2a: Worst switch in|0 fnt|[from] psn\n|faint|p2a: Worst switch in\n|upkeep\n|\n|t:|1697766719\n|switch|p2a: AAAAAAA 1.1|Scream Tail|13\/100\n|turn|39\n|\n|t:|1697766726\n|move|p2a: AAAAAAA 1.1|Thunder Wave|p1a: Corviknight\n|-status|p1a: Corviknight|par\n|cant|p1a: Corviknight|par\n|\n|-heal|p2a: AAAAAAA 1.1|19\/100|[from] item: Leftovers\n|-heal|p1a: Corviknight|90\/100 par|[from] item: Leftovers\n|upkeep\n|turn|40\n|\n|t:|1697766730\n|move|p2a: AAAAAAA 1.1|Wish|p2a: AAAAAAA 1.1\n|move|p1a: Corviknight|Brave Bird|p2a: AAAAAAA 1.1\n|-damage|p2a: AAAAAAA 1.1|0 fnt\n|faint|p2a: AAAAAAA 1.1\n|-end|p2a: AAAAAAA 1.1|Protosynthesis|[silent]\n|-damage|p1a: Corviknight|83\/100 par|[from] Recoil\n|\n|-heal|p1a: Corviknight|90\/100 par|[from] item: Leftovers\n|upkeep\n|\n|t:|1697766733\n|switch|p2a: Sweeper|Toxapex, F|100\/100\n|turn|41\n|\n|t:|1697766743\n|move|p2a: Sweeper|Baneful Bunker|p2a: Sweeper\n|-singleturn|p2a: Sweeper|move: Protect\n|move|p1a: Corviknight|Taunt|p2a: Sweeper\n|-activate|p2a: Sweeper|move: Protect\n|\n|-heal|p1a: Corviknight|96\/100 par|[from] item: Leftovers\n|upkeep\n|turn|42\n|\n|t:|1697766754\n|move|p2a: Sweeper|Surf|p1a: Corviknight\n|-crit|p1a: Corviknight\n|-damage|p1a: Corviknight|67\/100 par\n|cant|p1a: Corviknight|par\n|\n|-heal|p1a: Corviknight|74\/100 par|[from] item: Leftovers\n|upkeep\n|turn|43\n|\n|t:|1697766767\n|move|p2a: Sweeper|Baneful Bunker|p2a: Sweeper\n|-singleturn|p2a: Sweeper|move: Protect\n|move|p1a: Corviknight|Roost|p1a: Corviknight\n|-heal|p1a: Corviknight|100\/100 par\n|-singleturn|p1a: Corviknight|move: Roost\n|\n|upkeep\n|turn|44\n|\n|t:|1697766783\n|move|p2a: Sweeper|Surf|p1a: Corviknight\n|-damage|p1a: Corviknight|81\/100 par\n|move|p1a: Corviknight|Taunt|p2a: Sweeper\n|-start|p2a: Sweeper|move: Taunt\n|\n|-heal|p1a: Corviknight|87\/100 par|[from] item: Leftovers\n|upkeep\n|turn|45\n|\n|t:|1697766793\n|move|p2a: Sweeper|Surf|p1a: Corviknight\n|-damage|p1a: Corviknight|70\/100 par\n|move|p1a: Corviknight|Brave Bird|p2a: Sweeper\n|-damage|p2a: Sweeper|53\/100\n|-damage|p1a: Corviknight|58\/100 par|[from] Recoil\n|\n|-heal|p2a: Sweeper|59\/100|[from] item: Black Sludge\n|-heal|p1a: Corviknight|64\/100 par|[from] item: Leftovers\n|upkeep\n|turn|46\n|\n|t:|1697766800\n|move|p2a: Sweeper|Surf|p1a: Corviknight\n|-damage|p1a: Corviknight|45\/100 par\n|move|p1a: Corviknight|Brave Bird|p2a: Sweeper\n|-damage|p2a: Sweeper|10\/100\n|-damage|p1a: Corviknight|33\/100 par|[from] Recoil\n|\n|-heal|p2a: Sweeper|17\/100|[from] item: Black Sludge\n|-heal|p1a: Corviknight|39\/100 par|[from] item: Leftovers\n|upkeep\n|turn|47\n|\n|t:|1697766803\n|move|p2a: Sweeper|Surf|p1a: Corviknight\n|-damage|p1a: Corviknight|20\/100 par\n|cant|p1a: Corviknight|par\n|\n|-heal|p2a: Sweeper|23\/100|[from] item: Black Sludge\n|-heal|p1a: Corviknight|26\/100 par|[from] item: Leftovers\n|-end|p2a: Sweeper|move: Taunt\n|upkeep\n|turn|48\n|\n|t:|1697766812\n|switch|p1a: Slowking|Slowking-Galar, M|66\/100\n|-damage|p1a: Slowking|54\/100|[from] Stealth Rock\n|move|p2a: Sweeper|Recover|p2a: Sweeper\n|-heal|p2a: Sweeper|73\/100\n|\n|-heal|p2a: Sweeper|79\/100|[from] item: Black Sludge\n|-heal|p1a: Slowking|60\/100|[from] item: Black Sludge\n|upkeep\n|turn|49\n|\n|t:|1697766822\n|move|p2a: Sweeper|Baneful Bunker|p2a: Sweeper\n|-singleturn|p2a: Sweeper|move: Protect\n|move|p1a: Slowking|Eerie Spell|p2a: Sweeper\n|-activate|p2a: Sweeper|move: Protect\n|\n|-heal|p2a: Sweeper|85\/100|[from] item: Black Sludge\n|-heal|p1a: Slowking|66\/100|[from] item: Black Sludge\n|upkeep\n|turn|50\n|-message|SlyTheSplicer forfeited.\n|\n|win|Generalfrito\n|l|\u2606SlyTheSplicer\n","uploadtime":1697766899,"views":17,"p1id":"generalfrito","p2id":"slythesplicer","formatid":"gen9ubers","rating":0,"private":0,"password":""}