{"id":"gen9ubers-1997791662","p1":"NEdgyman","p2":"sirorangeotter","format":"[Gen 9] Ubers","log":"|j|\u2606NEdgyman\n|j|\u2606sirorangeotter\n|t:|1700853124\n|gametype|singles\n|player|p1|NEdgyman|hanbei-conquest|\n|player|p2|sirorangeotter|hilbert|\n|teamsize|p1|6\n|teamsize|p2|6\n|gen|9\n|tier|[Gen 9] Ubers\n|rule|Sleep Clause Mod: Limit one foe put to sleep\n|rule|Species Clause: Limit one of each Pok\u00e9mon\n|rule|OHKO Clause: OHKO moves are banned\n|rule|Evasion Items Clause: Evasion items are banned\n|rule|Evasion Moves Clause: Evasion moves are banned\n|rule|Endless Battle Clause: Forcing endless battles is banned\n|rule|HP Percentage Mod: HP is shown in percentages\n|clearpoke\n|poke|p1|Annihilape, M|\n|poke|p1|Crawdaunt, F|\n|poke|p1|Glimmora, F|\n|poke|p1|Cresselia, F|\n|poke|p1|Ribombee, F|\n|poke|p1|Cryogonal|\n|poke|p2|Dragapult, M|\n|poke|p2|Volcanion|\n|poke|p2|Clodsire, M|\n|poke|p2|Iron Leaves|\n|poke|p2|Lucario, M|\n|poke|p2|Chansey, F|\n|teampreview\n|c|\u2606sirorangeotter|gl hf\n|\n|t:|1700853155\n|start\n|switch|p1a: Take Wing|Ribombee, F|100\/100\n|switch|p2a: Steam Surgeon|Volcanion|100\/100\n|turn|1\n|c|\u2606NEdgyman|glhf\n|\n|t:|1700853201\n|-terastallize|p1a: Take Wing|Ground\n|move|p2a: Steam Surgeon|Flamethrower|p1a: Take Wing\n|-damage|p1a: Take Wing|25\/100\n|move|p1a: Take Wing|Tera Blast|p2a: Steam Surgeon|[anim] Tera Blast Ground\n|-supereffective|p2a: Steam Surgeon\n|-damage|p2a: Steam Surgeon|21\/100\n|\n|upkeep\n|turn|2\n|\n|t:|1700853231\n|switch|p1a: Falcom Fanbase|Glimmora, F|100\/100\n|move|p2a: Steam Surgeon|Flamethrower|p1a: Falcom Fanbase\n|-resisted|p1a: Falcom Fanbase\n|-damage|p1a: Falcom Fanbase|77\/100\n|-status|p1a: Falcom Fanbase|brn\n|\n|-damage|p1a: Falcom Fanbase|71\/100 brn|[from] brn\n|upkeep\n|turn|3\n|\n|t:|1700853264\n|switch|p2a: Pebbles|Clodsire, M|100\/100\n|move|p1a: Falcom Fanbase|Stealth Rock|p2a: Pebbles\n|-sidestart|p2: sirorangeotter|move: Stealth Rock\n|\n|-damage|p1a: Falcom Fanbase|65\/100 brn|[from] brn\n|upkeep\n|turn|4\n|\n|t:|1700853300\n|move|p1a: Falcom Fanbase|Spikes|p2a: Pebbles\n|-sidestart|p2: sirorangeotter|Spikes\n|move|p2a: Pebbles|Earthquake|p1a: Falcom Fanbase\n|-supereffective|p1a: Falcom Fanbase\n|-enditem|p1a: Falcom Fanbase|Shuca Berry|[eat]\n|-enditem|p1a: Falcom Fanbase|Shuca Berry|[weaken]\n|-damage|p1a: Falcom Fanbase|11\/100 brn\n|-activate|p1a: Falcom Fanbase|ability: Toxic Debris\n|-sidestart|p2: sirorangeotter|move: Toxic Spikes\n|\n|-damage|p1a: Falcom Fanbase|5\/100 brn|[from] brn\n|upkeep\n|turn|5\n|\n|t:|1700853327\n|switch|p1a: Nearly Witches|Cresselia, F|100\/100\n|move|p2a: Pebbles|Spikes|p1a: Nearly Witches\n|-sidestart|p1: NEdgyman|Spikes\n|\n|upkeep\n|turn|6\n|\n|t:|1700853349\n|move|p1a: Nearly Witches|Psyshock|p2a: Pebbles\n|-supereffective|p2a: Pebbles\n|-damage|p2a: Pebbles|66\/100\n|move|p2a: Pebbles|Toxic|p1a: Nearly Witches\n|-status|p1a: Nearly Witches|tox\n|\n|-damage|p1a: Nearly Witches|94\/100 tox|[from] psn\n|upkeep\n|turn|7\n|j| Quackborg\n|\n|t:|1700853364\n|switch|p1a: Take Wing|Ribombee, F, tera:Ground|25\/100\n|-damage|p1a: Take Wing|13\/100|[from] Spikes\n|switch|p2a: Naomi|Chansey, F|100\/100\n|-damage|p2a: Naomi|88\/100|[from] Stealth Rock\n|-damage|p2a: Naomi|75\/100|[from] Spikes\n|-status|p2a: Naomi|psn\n|\n|-damage|p2a: Naomi|63\/100 psn|[from] psn\n|upkeep\n|turn|8\n|c| Quackborg|Did you put the link?\n|c|\u2606NEdgyman|i forgor i think\n|c| Quackborg|Better late than never\n|\n|t:|1700853399\n|move|p1a: Take Wing|Sticky Web|p2a: Naomi\n|-sidestart|p2: sirorangeotter|move: Sticky Web\n|move|p2a: Naomi|Seismic Toss|p1a: Take Wing\n|-damage|p1a: Take Wing|0 fnt\n|faint|p1a: Take Wing\n|\n|-damage|p2a: Naomi|50\/100 psn|[from] psn\n|upkeep\n|\n|t:|1700853452\n|switch|p1a: Howler Monkey|Annihilape, M, shiny|100\/100\n|-damage|p1a: Howler Monkey|88\/100|[from] Spikes\n|turn|9\n|\n|t:|1700853462\n|move|p1a: Howler Monkey|Drain Punch|p2a: Naomi\n|-supereffective|p2a: Naomi\n|-damage|p2a: Naomi|4\/100 psn\n|-heal|p1a: Howler Monkey|100\/100|[from] drain|[of] p2a: Naomi\n|move|p2a: Naomi|Thunder Wave|p1a: Howler Monkey\n|-status|p1a: Howler Monkey|par\n|\n|-damage|p2a: Naomi|0 fnt|[from] psn\n|faint|p2a: Naomi\n|upkeep\n|\n|t:|1700853471\n|switch|p2a: Pebbles|Clodsire, M|66\/100\n|-damage|p2a: Pebbles|60\/100|[from] Stealth Rock\n|-damage|p2a: Pebbles|47\/100|[from] Spikes\n|-sideend|p2: sirorangeotter|move: Toxic Spikes|[of] p2a: Pebbles\n|-activate|p2a: Pebbles|move: Sticky Web\n|-unboost|p2a: Pebbles|spe|1\n|turn|10\n|\n|t:|1700853482\n|move|p1a: Howler Monkey|Facade|p2a: Pebbles\n|-damage|p2a: Pebbles|10\/100\n|-damage|p1a: Howler Monkey|84\/100 par|[from] item: Rocky Helmet|[of] p2a: Pebbles\n|move|p2a: Pebbles|Recover|p2a: Pebbles\n|-heal|p2a: Pebbles|60\/100\n|\n|upkeep\n|turn|11\n|j| Swagadile\n|\n|t:|1700853494\n|move|p1a: Howler Monkey|Bulk Up|p1a: Howler Monkey\n|-boost|p1a: Howler Monkey|atk|1\n|-boost|p1a: Howler Monkey|def|1\n|move|p2a: Pebbles|Recover|p2a: Pebbles\n|-heal|p2a: Pebbles|100\/100\n|\n|upkeep\n|turn|12\n|\n|t:|1700853512\n|move|p1a: Howler Monkey|Drain Punch|p2a: Pebbles\n|-resisted|p2a: Pebbles\n|-damage|p2a: Pebbles|86\/100\n|-heal|p1a: Howler Monkey|92\/100 par|[from] drain|[of] p2a: Pebbles\n|-damage|p1a: Howler Monkey|75\/100 par|[from] item: Rocky Helmet|[of] p2a: Pebbles\n|move|p2a: Pebbles|Spikes|p1a: Howler Monkey\n|-sidestart|p1: NEdgyman|Spikes\n|\n|upkeep\n|turn|13\n|\n|t:|1700853522\n|cant|p1a: Howler Monkey|par\n|move|p2a: Pebbles|Spikes|p1a: Howler Monkey\n|-sidestart|p1: NEdgyman|Spikes\n|\n|upkeep\n|turn|14\n|\n|t:|1700853526\n|cant|p1a: Howler Monkey|par\n|move|p2a: Pebbles|Toxic||[still]\n|-fail|p2a: Pebbles\n|\n|upkeep\n|turn|15\n|\n|t:|1700853532\n|move|p1a: Howler Monkey|Bulk Up|p1a: Howler Monkey\n|-boost|p1a: Howler Monkey|atk|1\n|-boost|p1a: Howler Monkey|def|1\n|move|p2a: Pebbles|Earthquake|p1a: Howler Monkey\n|-damage|p1a: Howler Monkey|44\/100 par\n|\n|upkeep\n|turn|16\n|\n|t:|1700853550\n|cant|p1a: Howler Monkey|par\n|move|p2a: Pebbles|Earthquake|p1a: Howler Monkey\n|-damage|p1a: Howler Monkey|14\/100 par\n|\n|upkeep\n|turn|17\n|c|\u2606NEdgyman|yoiu can not be serious\n|\n|t:|1700853567\n|cant|p1a: Howler Monkey|par\n|move|p2a: Pebbles|Earthquake|p1a: Howler Monkey\n|-damage|p1a: Howler Monkey|0 fnt\n|faint|p1a: Howler Monkey\n|\n|upkeep\n|c|\u2606sirorangeotter|:(\n|c|\u2606sirorangeotter|sorry bruv\n|\n|t:|1700853585\n|switch|p1a: Special Snowflake|Cryogonal|100\/100\n|turn|18\n|c| Swagadile|Nah shouldn\u2019t have let this thing get para\u2019d\n|\n|t:|1700853617\n|move|p1a: Special Snowflake|Rapid Spin|p2a: Pebbles\n|-damage|p2a: Pebbles|82\/100\n|-boost|p1a: Special Snowflake|spe|1\n|-damage|p1a: Special Snowflake|84\/100|[from] item: Rocky Helmet|[of] p2a: Pebbles\n|-sideend|p1: NEdgyman|Spikes|[from] move: Rapid Spin|[of] p1a: Special Snowflake\n|move|p2a: Pebbles|Toxic|p1a: Special Snowflake\n|-status|p1a: Special Snowflake|tox\n|\n|-damage|p1a: Special Snowflake|78\/100 tox|[from] psn\n|upkeep\n|turn|19\n|\n|t:|1700853631\n|switch|p1a: Nearly Witches|Cresselia, F|94\/100 tox\n|switch|p2a: Cobalt|Lucario, M|100\/100\n|-damage|p2a: Cobalt|98\/100|[from] Stealth Rock\n|-damage|p2a: Cobalt|85\/100|[from] Spikes\n|-activate|p2a: Cobalt|move: Sticky Web\n|-unboost|p2a: Cobalt|spe|1\n|\n|-heal|p1a: Nearly Witches|100\/100 tox|[from] item: Leftovers\n|-heal|p2a: Cobalt|91\/100|[from] item: Leftovers\n|-damage|p1a: Nearly Witches|94\/100 tox|[from] psn\n|upkeep\n|turn|20\n|l| Swagadile\n|\n|t:|1700853657\n|move|p1a: Nearly Witches|Thunder Wave|p2a: Cobalt\n|-status|p2a: Cobalt|par\n|move|p2a: Cobalt|Meteor Mash|p1a: Nearly Witches\n|-damage|p1a: Nearly Witches|71\/100 tox\n|\n|-heal|p1a: Nearly Witches|77\/100 tox|[from] item: Leftovers\n|-heal|p2a: Cobalt|97\/100 par|[from] item: Leftovers\n|-damage|p1a: Nearly Witches|65\/100 tox|[from] psn\n|upkeep\n|turn|21\n|\n|t:|1700853671\n|switch|p1a: Boiled Dinner|Crawdaunt, F|100\/100\n|move|p2a: Cobalt|Meteor Mash|p1a: Boiled Dinner\n|-resisted|p1a: Boiled Dinner\n|-damage|p1a: Boiled Dinner|71\/100\n|\n|-heal|p2a: Cobalt|100\/100 par|[from] item: Leftovers\n|upkeep\n|turn|22\n|\n|t:|1700853681\n|move|p1a: Boiled Dinner|Crabhammer|p2a: Cobalt|[miss]\n|-miss|p1a: Boiled Dinner|p2a: Cobalt\n|move|p2a: Cobalt|Close Combat|p1a: Boiled Dinner\n|-supereffective|p1a: Boiled Dinner\n|-damage|p1a: Boiled Dinner|0 fnt\n|-unboost|p2a: Cobalt|def|1\n|-unboost|p2a: Cobalt|spd|1\n|faint|p1a: Boiled Dinner\n|\n|upkeep\n|c|\u2606sirorangeotter|bro\n|c|\u2606NEdgyman|you can not be serious\n|c| Quackborg|Come on\n|c|\u2606NEdgyman|God just chose to make me lose\n|c|\u2606sirorangeotter|it happens\n|c|\u2606sirorangeotter|it sucks\n|c|\u2606NEdgyman|yeah thats part of the game\n|\n|t:|1700853714\n|switch|p1a: Nearly Witches|Cresselia, F|65\/100 tox\n|turn|23\n|c|\u2606sirorangeotter|i don't understand why we choose to play a game decided upon rng\n|\n|t:|1700853730\n|move|p1a: Nearly Witches|Psyshock|p2a: Cobalt\n|-damage|p2a: Cobalt|53\/100 par\n|cant|p2a: Cobalt|par\n|\n|-heal|p1a: Nearly Witches|71\/100 tox|[from] item: Leftovers\n|-heal|p2a: Cobalt|59\/100 par|[from] item: Leftovers\n|-damage|p1a: Nearly Witches|65\/100 tox|[from] psn\n|upkeep\n|turn|24\n|\n|t:|1700853736\n|move|p1a: Nearly Witches|Psyshock|p2a: Cobalt\n|-damage|p2a: Cobalt|8\/100 par\n|move|p2a: Cobalt|Meteor Mash|p1a: Nearly Witches\n|-damage|p1a: Nearly Witches|38\/100 tox\n|\n|-heal|p1a: Nearly Witches|44\/100 tox|[from] item: Leftovers\n|-heal|p2a: Cobalt|14\/100 par|[from] item: Leftovers\n|-damage|p1a: Nearly Witches|32\/100 tox|[from] psn\n|upkeep\n|turn|25\n|\n|t:|1700853749\n|switch|p1a: Falcom Fanbase|Glimmora, F|5\/100 brn\n|move|p2a: Cobalt|Meteor Mash|p1a: Falcom Fanbase\n|-supereffective|p1a: Falcom Fanbase\n|-damage|p1a: Falcom Fanbase|0 fnt\n|-activate|p1a: Falcom Fanbase|ability: Toxic Debris\n|-sidestart|p2: sirorangeotter|move: Toxic Spikes\n|faint|p1a: Falcom Fanbase\n|\n|-heal|p2a: Cobalt|20\/100 par|[from] item: Leftovers\n|upkeep\n|j| Swagadile\n|\n|t:|1700853760\n|switch|p1a: Nearly Witches|Cresselia, F|32\/100 tox\n|turn|26\n|\n|t:|1700853767\n|move|p1a: Nearly Witches|Moonlight|p1a: Nearly Witches\n|-heal|p1a: Nearly Witches|82\/100 tox\n|move|p2a: Cobalt|Meteor Mash|p1a: Nearly Witches\n|-damage|p1a: Nearly Witches|57\/100 tox\n|\n|-heal|p1a: Nearly Witches|63\/100 tox|[from] item: Leftovers\n|-heal|p2a: Cobalt|26\/100 par|[from] item: Leftovers\n|-damage|p1a: Nearly Witches|57\/100 tox|[from] psn\n|upkeep\n|turn|27\n|\n|t:|1700853776\n|move|p1a: Nearly Witches|Psyshock|p2a: Cobalt\n|-damage|p2a: Cobalt|0 fnt\n|faint|p2a: Cobalt\n|\n|-heal|p1a: Nearly Witches|63\/100 tox|[from] item: Leftovers\n|-damage|p1a: Nearly Witches|50\/100 tox|[from] psn\n|upkeep\n|\n|t:|1700853789\n|switch|p2a: Mercury|Dragapult, M|100\/100\n|-damage|p2a: Mercury|88\/100|[from] Stealth Rock\n|-damage|p2a: Mercury|76\/100|[from] Spikes\n|-activate|p2a: Mercury|move: Sticky Web\n|-unboost|p2a: Mercury|spe|1\n|-status|p2a: Mercury|psn\n|turn|28\n|l| Swagadile\n|\n|t:|1700853800\n|move|p2a: Mercury|Hex|p1a: Nearly Witches\n|-supereffective|p1a: Nearly Witches\n|-damage|p1a: Nearly Witches|0 fnt\n|faint|p1a: Nearly Witches\n|\n|-damage|p2a: Mercury|64\/100 psn|[from] psn\n|upkeep\n|l| Quackborg\n|\n|t:|1700853805\n|switch|p1a: Special Snowflake|Cryogonal|78\/100 tox\n|turn|29\n|\n|t:|1700853817\n|switch|p2a: Steam Surgeon|Volcanion|21\/100\n|-damage|p2a: Steam Surgeon|0 fnt|[from] Stealth Rock\n|-activate|p2a: Steam Surgeon|move: Sticky Web\n|faint|p2a: Steam Surgeon\n|move|p1a: Special Snowflake|Ice Beam|p2: Steam Surgeon|[notarget]\n|-fail|p1a: Special Snowflake\n|\n|-damage|p1a: Special Snowflake|72\/100 tox|[from] psn\n|upkeep\n|\n|t:|1700853824\n|switch|p2a: Lazeroph|Iron Leaves|100\/100\n|-damage|p2a: Lazeroph|88\/100|[from] Stealth Rock\n|-damage|p2a: Lazeroph|76\/100|[from] Spikes\n|-activate|p2a: Lazeroph|move: Sticky Web\n|-unboost|p2a: Lazeroph|spe|1\n|-status|p2a: Lazeroph|psn\n|-enditem|p2a: Lazeroph|Booster Energy\n|-activate|p2a: Lazeroph|ability: Quark Drive|[fromitem]\n|-start|p2a: Lazeroph|quarkdriveatk\n|turn|30\n|c|\u2606sirorangeotter|gg wp\n|\n|t:|1700853836\n|-terastallize|p2a: Lazeroph|Fighting\n|move|p1a: Special Snowflake|Ice Beam|p2a: Lazeroph\n|-damage|p2a: Lazeroph|47\/100 psn\n|move|p2a: Lazeroph|Sacred Sword|p1a: Special Snowflake\n|-supereffective|p1a: Special Snowflake\n|-damage|p1a: Special Snowflake|0 fnt\n|faint|p1a: Special Snowflake\n|\n|win|sirorangeotter\n|c|\u2606NEdgyman|gg\n","uploadtime":1700853846,"views":20,"p1id":"nedgyman","p2id":"sirorangeotter","formatid":"gen9ubers","rating":0,"private":0,"password":""}