{"id":"gen9ubers-1989437095","p1":"BeardoftheRed","p2":"CRIPPYwitdaGRIPPY","format":"[Gen 9] Ubers","log":"|j|\u2606BeardoftheRed\n|j|\u2606CRIPPYwitdaGRIPPY\n|t:|1699850308\n|gametype|singles\n|player|p1|BeardoftheRed|101|\n|player|p2|CRIPPYwitdaGRIPPY|caitlin|\n|teamsize|p1|6\n|teamsize|p2|6\n|gen|9\n|tier|[Gen 9] Ubers\n|rule|Sleep Clause Mod: Limit one foe put to sleep\n|rule|Species Clause: Limit one of each Pok\u00e9mon\n|rule|OHKO Clause: OHKO moves are banned\n|rule|Evasion Items Clause: Evasion items are banned\n|rule|Evasion Moves Clause: Evasion moves are banned\n|rule|Endless Battle Clause: Forcing endless battles is banned\n|rule|HP Percentage Mod: HP is shown in percentages\n|clearpoke\n|poke|p1|Chien-Pao|\n|poke|p1|Dondozo, F|\n|poke|p1|Hoopa-Unbound|\n|poke|p1|Mimikyu, M|\n|poke|p1|Heracross, F|\n|poke|p1|Whiscash, F|\n|poke|p2|Rayquaza|\n|poke|p2|Kingambit, M|\n|poke|p2|Quaquaval, F|\n|poke|p2|Pawmot, F|\n|poke|p2|Typhlosion, F|\n|poke|p2|Abomasnow, M|\n|teampreview\n|inactive|Battle timer is ON: inactive players will automatically lose when time's up. (requested by BeardoftheRed)\n|j| S3PP1\n|\n|t:|1699850330\n|start\n|switch|p1a: Whiscash|Whiscash, F|100\/100\n|switch|p2a: spiny d1ck|Kingambit, M|100\/100\n|turn|1\n|\n|t:|1699850339\n|-terastallize|p1a: Whiscash|Water\n|move|p1a: Whiscash|Earthquake|p2a: spiny d1ck\n|-supereffective|p2a: spiny d1ck\n|-damage|p2a: spiny d1ck|40\/100\n|move|p2a: spiny d1ck|Kowtow Cleave|p1a: Whiscash\n|-damage|p1a: Whiscash|27\/100\n|\n|upkeep\n|turn|2\n|\n|t:|1699850348\n|move|p1a: Whiscash|Earthquake|p2a: spiny d1ck\n|-supereffective|p2a: spiny d1ck\n|-damage|p2a: spiny d1ck|0 fnt\n|faint|p2a: spiny d1ck\n|-end|p2a: spiny d1ck|fallenundefined|[silent]\n|\n|upkeep\n|\n|t:|1699850358\n|switch|p2a: obama|Abomasnow, M|100\/100\n|-weather|Snow|[from] ability: Snow Warning|[of] p2a: obama\n|turn|3\n|\n|t:|1699850362\n|move|p1a: Whiscash|Waterfall|p2a: obama\n|-resisted|p2a: obama\n|-damage|p2a: obama|84\/100\n|move|p2a: obama|Leaf Storm|p1a: Whiscash\n|-supereffective|p1a: Whiscash\n|-damage|p1a: Whiscash|0 fnt\n|-unboost|p2a: obama|spa|2\n|faint|p1a: Whiscash\n|\n|-weather|Snow|[upkeep]\n|upkeep\n|\n|t:|1699850375\n|switch|p1a: Chien-Pao|Chien-Pao|100\/100\n|-ability|p1a: Chien-Pao|Sword of Ruin\n|turn|4\n|\n|t:|1699850384\n|move|p1a: Chien-Pao|Sacred Sword|p2a: obama\n|-supereffective|p2a: obama\n|-damage|p2a: obama|23\/100\n|move|p2a: obama|Blizzard|p1a: Chien-Pao\n|-resisted|p1a: Chien-Pao\n|-damage|p1a: Chien-Pao|80\/100\n|\n|-weather|Snow|[upkeep]\n|upkeep\n|turn|5\n|\n|t:|1699850396\n|move|p1a: Chien-Pao|Sucker Punch|p2a: obama\n|-damage|p2a: obama|0 fnt\n|faint|p2a: obama\n|\n|-weather|Snow|[upkeep]\n|upkeep\n|inactive|CRIPPYwitdaGRIPPY has 270 seconds left.\n|\n|t:|1699850423\n|switch|p2a: fagduck|Quaquaval, F|100\/100\n|turn|6\n|inactive|CRIPPYwitdaGRIPPY has 270 seconds left.\n|\n|t:|1699850434\n|move|p1a: Chien-Pao|Icicle Crash|p2a: fagduck\n|-resisted|p2a: fagduck\n|-damage|p2a: fagduck|61\/100\n|cant|p2a: fagduck|flinch\n|\n|-weather|Snow|[upkeep]\n|-heal|p2a: fagduck|67\/100|[from] item: Leftovers\n|upkeep\n|turn|7\n|inactive|CRIPPYwitdaGRIPPY has 270 seconds left.\n|\n|t:|1699850448\n|move|p1a: Chien-Pao|Sacred Sword|p2a: fagduck\n|-damage|p2a: fagduck|15\/100\n|move|p2a: fagduck|Close Combat|p1a: Chien-Pao\n|-supereffective|p1a: Chien-Pao\n|-damage|p1a: Chien-Pao|0 fnt\n|-unboost|p2a: fagduck|def|1\n|-unboost|p2a: fagduck|spd|1\n|faint|p1a: Chien-Pao\n|-ability|p2a: fagduck|Moxie|boost\n|-boost|p2a: fagduck|atk|1\n|\n|-weather|Snow|[upkeep]\n|-heal|p2a: fagduck|21\/100|[from] item: Leftovers\n|upkeep\n|\n|t:|1699850464\n|switch|p1a: Heracross|Heracross, F|100\/100\n|turn|8\n|inactive|CRIPPYwitdaGRIPPY has 270 seconds left.\n|\n|t:|1699850481\n|move|p1a: Heracross|Close Combat|p2a: fagduck\n|-damage|p2a: fagduck|0 fnt\n|-unboost|p1a: Heracross|def|1\n|-unboost|p1a: Heracross|spd|1\n|faint|p2a: fagduck\n|\n|-weather|Snow|[upkeep]\n|upkeep\n|inactive|CRIPPYwitdaGRIPPY has 270 seconds left.\n|\n|t:|1699850490\n|switch|p2a: pikaclone#84|Pawmot, F|100\/100\n|turn|9\n|inactive|CRIPPYwitdaGRIPPY has 270 seconds left.\n|\n|t:|1699850503\n|move|p2a: pikaclone#84|Revival Blessing|p2a: pikaclone#84\n|-enditem|p2a: pikaclone#84|Leppa Berry|[eat]\n|-activate|p2a: pikaclone#84|item: Leppa Berry|Revival Blessing|[consumed]\n|inactive|CRIPPYwitdaGRIPPY has 270 seconds left.\n|\n|t:|1699850511\n|-heal|p2: fagduck|50\/100|[from] move: Revival Blessing\n|move|p1a: Heracross|Rock Blast|p2a: pikaclone#84|[miss]\n|-miss|p1a: Heracross|p2a: pikaclone#84\n|\n|-weather|Snow|[upkeep]\n|upkeep\n|turn|10\n|\n|t:|1699850522\n|move|p2a: pikaclone#84|Revival Blessing|p2a: pikaclone#84\n|\n|t:|1699850524\n|-heal|p2: spiny d1ck|50\/100|[from] move: Revival Blessing\n|move|p1a: Heracross|Pin Missile|p2a: pikaclone#84\n|-resisted|p2a: pikaclone#84\n|-damage|p2a: pikaclone#84|89\/100\n|-resisted|p2a: pikaclone#84\n|-crit|p2a: pikaclone#84\n|-damage|p2a: pikaclone#84|75\/100\n|-resisted|p2a: pikaclone#84\n|-damage|p2a: pikaclone#84|63\/100\n|-hitcount|p2a: pikaclone#84|3\n|\n|-weather|none\n|upkeep\n|turn|11\n|\n|t:|1699850542\n|move|p2a: pikaclone#84|Double Shock|p1a: Heracross\n|-crit|p1a: Heracross\n|-enditem|p1a: Heracross|Focus Sash\n|-damage|p1a: Heracross|1\/100\n|-start|p2a: pikaclone#84|typechange|???\/Fighting|[from] move: Double Shock\n|move|p1a: Heracross|Swords Dance|p1a: Heracross\n|-boost|p1a: Heracross|atk|2\n|\n|upkeep\n|turn|12\n|\n|t:|1699850556\n|move|p2a: pikaclone#84|Double Shock||[still]\n|-fail|p2a: pikaclone#84|move: Double Shock\n|move|p1a: Heracross|Pin Missile|p2a: pikaclone#84\n|-resisted|p2a: pikaclone#84\n|-damage|p2a: pikaclone#84|32\/100\n|-resisted|p2a: pikaclone#84\n|-damage|p2a: pikaclone#84|3\/100\n|-resisted|p2a: pikaclone#84\n|-damage|p2a: pikaclone#84|0 fnt\n|faint|p2a: pikaclone#84\n|-hitcount|p2: pikaclone#84|3\n|\n|upkeep\n|inactive|CRIPPYwitdaGRIPPY has 270 seconds left.\n|\n|t:|1699850569\n|switch|p2a: yellaboi|Typhlosion, F|100\/100\n|turn|13\n|inactive|CRIPPYwitdaGRIPPY has 270 seconds left.\n|\n|t:|1699850587\n|move|p2a: yellaboi|Fire Blast|p1a: Heracross\n|-supereffective|p1a: Heracross\n|-damage|p1a: Heracross|0 fnt\n|faint|p1a: Heracross\n|\n|upkeep\n|\n|t:|1699850595\n|switch|p1a: Dondozo|Dondozo, F|100\/100\n|turn|14\n|inactive|CRIPPYwitdaGRIPPY has 270 seconds left.\n|\n|t:|1699850624\n|switch|p2a: spiny d1ck|Kingambit, M|50\/100\n|-activate|p2a: spiny d1ck|ability: Supreme Overlord\n|-start|p2a: spiny d1ck|fallen4|[silent]\n|move|p1a: Dondozo|Avalanche|p2a: spiny d1ck\n|-resisted|p2a: spiny d1ck\n|-damage|p2a: spiny d1ck|43\/100\n|\n|upkeep\n|turn|15\n|\n|t:|1699850636\n|switch|p1a: Mimikyu|Mimikyu, M|100\/100\n|-terastallize|p2a: spiny d1ck|Dark\n|move|p2a: spiny d1ck|Kowtow Cleave|p1a: Mimikyu\n|-activate|p1a: Mimikyu|ability: Disguise\n|-damage|p1a: Mimikyu|100\/100\n|detailschange|p1a: Mimikyu|Mimikyu-Busted, M\n|-damage|p1a: Mimikyu|88\/100|[from] pokemon: Mimikyu-Busted\n|\n|upkeep\n|turn|16\n|\n|t:|1699850648\n|move|p1a: Mimikyu|Swords Dance|p1a: Mimikyu\n|-boost|p1a: Mimikyu|atk|2\n|move|p2a: spiny d1ck|Kowtow Cleave|p1a: Mimikyu\n|-crit|p1a: Mimikyu\n|-damage|p1a: Mimikyu|0 fnt\n|faint|p1a: Mimikyu\n|\n|upkeep\n|\n|t:|1699850655\n|switch|p1a: Hoopa|Hoopa-Unbound|100\/100\n|turn|17\n|\n|t:|1699850658\n|move|p1a: Hoopa|Hyperspace Fury|p2a: spiny d1ck\n|-resisted|p2a: spiny d1ck\n|-damage|p2a: spiny d1ck|6\/100\n|-unboost|p1a: Hoopa|def|1\n|move|p2a: spiny d1ck|Kowtow Cleave|p1a: Hoopa\n|-damage|p1a: Hoopa|0 fnt\n|faint|p1a: Hoopa\n|\n|upkeep\n|\n|t:|1699850669\n|switch|p1a: Dondozo|Dondozo, F|100\/100\n|turn|18\n|inactive|CRIPPYwitdaGRIPPY has 270 seconds left.\n|\n|t:|1699850684\n|-end|p2a: spiny d1ck|fallen4|[silent]\n|switch|p2a: rayquaquay|Rayquaza, shiny|100\/100\n|-ability|p2a: rayquaquay|Air Lock\n|move|p1a: Dondozo|Body Slam|p2a: rayquaquay\n|-damage|p2a: rayquaquay|73\/100\n|-status|p2a: rayquaquay|par\n|\n|upkeep\n|turn|19\n|inactive|CRIPPYwitdaGRIPPY has 270 seconds left.\n|\n|t:|1699850696\n|switch|p2a: spiny d1ck|Kingambit, M, tera:Dark|6\/100\n|-activate|p2a: spiny d1ck|ability: Supreme Overlord\n|-start|p2a: spiny d1ck|fallen4|[silent]\n|move|p1a: Dondozo|Avalanche|p2a: spiny d1ck\n|-damage|p2a: spiny d1ck|0 fnt\n|faint|p2a: spiny d1ck\n|-end|p2a: spiny d1ck|fallen4|[silent]\n|\n|upkeep\n|inactive|CRIPPYwitdaGRIPPY has 270 seconds left.\n|\n|t:|1699850704\n|switch|p2a: fagduck|Quaquaval, F|50\/100\n|turn|20\n|\n|t:|1699850714\n|move|p2a: fagduck|Aqua Step|p1a: Dondozo\n|-resisted|p1a: Dondozo\n|-damage|p1a: Dondozo|90\/100\n|-boost|p2a: fagduck|spe|1\n|move|p1a: Dondozo|Avalanche|p2a: fagduck\n|-resisted|p2a: fagduck\n|-damage|p2a: fagduck|26\/100\n|\n|-heal|p2a: fagduck|32\/100|[from] item: Leftovers\n|upkeep\n|turn|21\n|\n|t:|1699850724\n|move|p2a: fagduck|Aqua Step|p1a: Dondozo\n|-resisted|p1a: Dondozo\n|-damage|p1a: Dondozo|79\/100\n|-boost|p2a: fagduck|spe|1\n|move|p1a: Dondozo|Body Slam|p2a: fagduck\n|-damage|p2a: fagduck|0 fnt\n|faint|p2a: fagduck\n|\n|upkeep\n|\n|t:|1699850741\n|switch|p2a: yellaboi|Typhlosion, F|100\/100\n|turn|22\n|\n|t:|1699850745\n|move|p2a: yellaboi|Shadow Ball|p1a: Dondozo\n|-crit|p1a: Dondozo\n|-damage|p1a: Dondozo|27\/100\n|move|p1a: Dondozo|Avalanche|p2a: yellaboi\n|-resisted|p2a: yellaboi\n|-damage|p2a: yellaboi|77\/100\n|\n|upkeep\n|turn|23\n|\n|t:|1699850753\n|move|p2a: yellaboi|Shadow Ball|p1a: Dondozo\n|-damage|p1a: Dondozo|0 fnt\n|faint|p1a: Dondozo\n|\n|win|CRIPPYwitdaGRIPPY\n|l|\u2606BeardoftheRed\n","uploadtime":1699850964,"views":6,"p1id":"beardofthered","p2id":"crippywitdagrippy","formatid":"gen9ubers","rating":0,"private":0,"password":""}