{"id":"gen9ubers-1989756617","p1":"AlicieLizzie","p2":"Steven Stone 007","format":"[Gen 9] Ubers","log":"|j|\u2606AlicieLizzie\n|j|\u2606Steven Stone 007\n|t:|1699893107\n|gametype|singles\n|player|p1|AlicieLizzie|marnie-masters3|\n|player|p2|Steven Stone 007|steven|\n|teamsize|p1|6\n|teamsize|p2|6\n|gen|9\n|tier|[Gen 9] Ubers\n|rule|Sleep Clause Mod: Limit one foe put to sleep\n|rule|Species Clause: Limit one of each Pok\u00e9mon\n|rule|OHKO Clause: OHKO moves are banned\n|rule|Evasion Items Clause: Evasion items are banned\n|rule|Evasion Moves Clause: Evasion moves are banned\n|rule|Endless Battle Clause: Forcing endless battles is banned\n|rule|HP Percentage Mod: HP is shown in percentages\n|clearpoke\n|poke|p1|Ninetales-Alola, F|\n|poke|p1|Baxcalibur, F|\n|poke|p1|Jirachi|\n|poke|p1|Roaring Moon|\n|poke|p1|Cyclizar, M|\n|poke|p1|Slowking-Galar, F|\n|poke|p2|Ninetales-Alola, M|\n|poke|p2|Baxcalibur, F|\n|poke|p2|Cyclizar, F|\n|poke|p2|Magearna|\n|poke|p2|Arceus-Poison|\n|poke|p2|Zacian-*|\n|teampreview\n|inactive|Battle timer is ON: inactive players will automatically lose when time's up. (requested by AlicieLizzie)\n|c|\u2606Steven Stone 007|Gl\n|c|\u2606AlicieLizzie|ah a fellow Alolatails bax enjoyer\n|\n|t:|1699893123\n|start\n|switch|p1a: Nine Inch Tails|Ninetales-Alola, F|100\/100\n|switch|p2a: Cyclizar|Cyclizar, F|100\/100\n|-weather|Snow|[from] ability: Snow Warning|[of] p1a: Nine Inch Tails\n|turn|1\n|j| The Crusade\n|l| The Crusade\n|\n|t:|1699893130\n|move|p2a: Cyclizar|Shed Tail|p2a: Cyclizar\n|-start|p2a: Cyclizar|Substitute|[from] move: Shed Tail\n|-damage|p2a: Cyclizar|50\/100\n|\n|t:|1699893135\n|switch|p2a: Magearna|Magearna|100\/100|[from] Shed Tail\n|move|p1a: Nine Inch Tails|Aurora Veil|p1a: Nine Inch Tails\n|-sidestart|p1: AlicieLizzie|move: Aurora Veil\n|\n|-weather|Snow|[upkeep]\n|upkeep\n|turn|2\n|\n|t:|1699893141\n|switch|p1a: Bax in Black|Baxcalibur, F|100\/100\n|move|p2a: Magearna|Thunder Wave|p1a: Bax in Black\n|-status|p1a: Bax in Black|par\n|\n|-weather|Snow|[upkeep]\n|upkeep\n|turn|3\n|\n|t:|1699893147\n|move|p2a: Magearna|Fleur Cannon|p1a: Bax in Black\n|-supereffective|p1a: Bax in Black\n|-damage|p1a: Bax in Black|43\/100 par\n|-unboost|p2a: Magearna|spa|2\n|move|p1a: Bax in Black|Swords Dance|p1a: Bax in Black\n|-boost|p1a: Bax in Black|atk|2\n|\n|-weather|Snow|[upkeep]\n|upkeep\n|turn|4\n|\n|t:|1699893152\n|move|p2a: Magearna|Encore|p1a: Bax in Black\n|-start|p1a: Bax in Black|Encore\n|cant|p1a: Bax in Black|par\n|\n|-weather|Snow|[upkeep]\n|upkeep\n|turn|5\n|\n|t:|1699893158\n|move|p2a: Magearna|Spikes|p1a: Bax in Black\n|-sidestart|p1: AlicieLizzie|Spikes\n|move|p1a: Bax in Black|Swords Dance|p1a: Bax in Black\n|-boost|p1a: Bax in Black|atk|2\n|\n|-weather|none\n|upkeep\n|turn|6\n|\n|t:|1699893167\n|switch|p1a: Round and Round|Cyclizar, M|100\/100\n|move|p2a: Magearna|Fleur Cannon|p1a: Round and Round\n|-supereffective|p1a: Round and Round\n|-damage|p1a: Round and Round|60\/100\n|-unboost|p2a: Magearna|spa|2\n|\n|upkeep\n|turn|7\n|\n|t:|1699893173\n|move|p1a: Round and Round|Rapid Spin|p2a: Magearna\n|-resisted|p2a: Magearna\n|-activate|p2a: Magearna|move: Substitute|[damage]\n|-sideend|p1: AlicieLizzie|Spikes|[from] move: Rapid Spin|[of] p1a: Round and Round\n|-boost|p1a: Round and Round|spe|1\n|move|p2a: Magearna|Thunder Wave|p1a: Round and Round\n|-status|p1a: Round and Round|par\n|\n|upkeep\n|turn|8\n|\n|t:|1699893179\n|move|p1a: Round and Round|Shed Tail|p1a: Round and Round\n|-start|p1a: Round and Round|Substitute|[from] move: Shed Tail\n|-damage|p1a: Round and Round|10\/100 par\n|\n|t:|1699893181\n|switch|p1a: Nine Inch Tails|Ninetales-Alola, F|100\/100|[from] Shed Tail\n|-weather|Snow|[from] ability: Snow Warning|[of] p1a: Nine Inch Tails\n|move|p2a: Magearna|Spikes|p1a: Nine Inch Tails\n|-sidestart|p1: AlicieLizzie|Spikes\n|\n|-weather|Snow|[upkeep]\n|-sideend|p1: AlicieLizzie|move: Aurora Veil\n|upkeep\n|turn|9\n|\n|t:|1699893189\n|move|p1a: Nine Inch Tails|Aurora Veil|p1a: Nine Inch Tails\n|-sidestart|p1: AlicieLizzie|move: Aurora Veil\n|move|p2a: Magearna|Fleur Cannon|p1a: Nine Inch Tails\n|-activate|p1a: Nine Inch Tails|move: Substitute|[damage]\n|-unboost|p2a: Magearna|spa|2\n|\n|-weather|Snow|[upkeep]\n|upkeep\n|turn|10\n|\n|t:|1699893193\n|move|p1a: Nine Inch Tails|Blizzard|p2a: Magearna\n|-resisted|p2a: Magearna\n|-activate|p2a: Magearna|move: Substitute|[damage]\n|move|p2a: Magearna|Fleur Cannon|p1a: Nine Inch Tails\n|-activate|p1a: Nine Inch Tails|move: Substitute|[damage]\n|\n|-weather|Snow|[upkeep]\n|upkeep\n|turn|11\n|\n|t:|1699893199\n|move|p1a: Nine Inch Tails|Blizzard|p2a: Magearna\n|-resisted|p2a: Magearna\n|-end|p2a: Magearna|Substitute\n|move|p2a: Magearna|Fleur Cannon|p1a: Nine Inch Tails\n|-activate|p1a: Nine Inch Tails|move: Substitute|[damage]\n|\n|-weather|Snow|[upkeep]\n|upkeep\n|turn|12\n|\n|t:|1699893207\n|switch|p2a: Arceus|Arceus-Poison|100\/100\n|move|p1a: Nine Inch Tails|Encore||[still]\n|-fail|p1a: Nine Inch Tails\n|\n|-weather|none\n|upkeep\n|turn|13\n|\n|t:|1699893213\n|move|p1a: Nine Inch Tails|Blizzard|p2a: Arceus\n|-damage|p2a: Arceus|73\/100\n|move|p2a: Arceus|Judgment|p1a: Nine Inch Tails\n|-supereffective|p1a: Nine Inch Tails\n|-end|p1a: Nine Inch Tails|Substitute\n|\n|upkeep\n|turn|14\n|\n|t:|1699893221\n|switch|p1a: King Crimson|Slowking-Galar, F|100\/100\n|move|p2a: Arceus|Recover|p2a: Arceus\n|-heal|p2a: Arceus|100\/100\n|\n|upkeep\n|turn|15\n|\n|t:|1699893229\n|move|p2a: Arceus|Calm Mind|p2a: Arceus\n|-boost|p2a: Arceus|spa|1\n|-boost|p2a: Arceus|spd|1\n|move|p1a: King Crimson|Psyshock|p2a: Arceus\n|-supereffective|p2a: Arceus\n|-damage|p2a: Arceus|68\/100\n|\n|upkeep\n|turn|16\n|\n|t:|1699893235\n|move|p2a: Arceus|Calm Mind|p2a: Arceus\n|-boost|p2a: Arceus|spa|1\n|-boost|p2a: Arceus|spd|1\n|move|p1a: King Crimson|Chilly Reception|p1a: King Crimson\n|-weather|Snow\n|\n|t:|1699893240\n|switch|p1a: Iron (Head) Maiden|Jirachi|100\/100|[from] Chilly Reception\n|-damage|p1a: Iron (Head) Maiden|88\/100|[from] Spikes\n|\n|-weather|Snow|[upkeep]\n|-sideend|p1: AlicieLizzie|move: Aurora Veil\n|upkeep\n|turn|17\n|\n|t:|1699893247\n|move|p1a: Iron (Head) Maiden|Iron Head|p2a: Arceus\n|-damage|p2a: Arceus|48\/100\n|cant|p2a: Arceus|flinch\n|\n|-weather|Snow|[upkeep]\n|upkeep\n|turn|18\n|\n|t:|1699893252\n|move|p1a: Iron (Head) Maiden|Iron Head|p2a: Arceus\n|-damage|p2a: Arceus|30\/100\n|cant|p2a: Arceus|flinch\n|\n|-weather|Snow|[upkeep]\n|upkeep\n|turn|19\n|\n|t:|1699893256\n|switch|p2a: Magearna|Magearna|100\/100\n|move|p1a: Iron (Head) Maiden|Iron Head|p2a: Magearna\n|-damage|p2a: Magearna|69\/100\n|\n|-weather|Snow|[upkeep]\n|-heal|p2a: Magearna|75\/100|[from] item: Leftovers\n|upkeep\n|turn|20\n|\n|t:|1699893261\n|move|p1a: Iron (Head) Maiden|Iron Head|p2a: Magearna\n|-damage|p2a: Magearna|48\/100\n|move|p2a: Magearna|Thunder Wave|p1a: Iron (Head) Maiden\n|-status|p1a: Iron (Head) Maiden|par\n|\n|-weather|none\n|-heal|p2a: Magearna|54\/100|[from] item: Leftovers\n|upkeep\n|turn|21\n|\n|t:|1699893267\n|move|p1a: Iron (Head) Maiden|Iron Head|p2a: Magearna\n|-damage|p2a: Magearna|24\/100\n|cant|p2a: Magearna|flinch\n|\n|-heal|p2a: Magearna|30\/100|[from] item: Leftovers\n|upkeep\n|turn|22\n|\n|t:|1699893272\n|switch|p2a: Cyclizar|Cyclizar, F|84\/100\n|move|p1a: Iron (Head) Maiden|Iron Head|p2a: Cyclizar\n|-damage|p2a: Cyclizar|31\/100\n|\n|upkeep\n|turn|23\n|\n|t:|1699893277\n|move|p2a: Cyclizar|U-turn|p1a: Iron (Head) Maiden\n|-damage|p1a: Iron (Head) Maiden|74\/100 par\n|\n|t:|1699893280\n|switch|p2a: Arceus|Arceus-Poison|30\/100|[from] U-turn\n|move|p1a: Iron (Head) Maiden|Iron Head|p2a: Arceus\n|-damage|p2a: Arceus|12\/100\n|\n|upkeep\n|turn|24\n|\n|t:|1699893286\n|move|p2a: Arceus|Recover|p2a: Arceus\n|-heal|p2a: Arceus|62\/100\n|move|p1a: Iron (Head) Maiden|Iron Head|p2a: Arceus\n|-damage|p2a: Arceus|45\/100\n|\n|upkeep\n|turn|25\n|\n|t:|1699893291\n|switch|p1a: Roar of the Spark|Roaring Moon|100\/100\n|-damage|p1a: Roar of the Spark|88\/100|[from] Spikes\n|-enditem|p1a: Roar of the Spark|Booster Energy\n|-activate|p1a: Roar of the Spark|ability: Protosynthesis|[fromitem]\n|-start|p1a: Roar of the Spark|protosynthesisatk\n|move|p2a: Arceus|Recover|p2a: Arceus\n|-heal|p2a: Arceus|95\/100\n|\n|upkeep\n|turn|26\n|\n|t:|1699893297\n|move|p1a: Roar of the Spark|Dragon Dance|p1a: Roar of the Spark\n|-boost|p1a: Roar of the Spark|atk|1\n|-boost|p1a: Roar of the Spark|spe|1\n|move|p2a: Arceus|Judgment|p1a: Roar of the Spark\n|-damage|p1a: Roar of the Spark|44\/100\n|\n|upkeep\n|turn|27\n|\n|t:|1699893318\n|move|p1a: Roar of the Spark|Acrobatics|p2a: Arceus\n|-damage|p2a: Arceus|53\/100\n|move|p2a: Arceus|Judgment|p1a: Roar of the Spark\n|-damage|p1a: Roar of the Spark|0 fnt\n|faint|p1a: Roar of the Spark\n|-end|p1a: Roar of the Spark|Protosynthesis|[silent]\n|\n|upkeep\n|\n|t:|1699893336\n|switch|p1a: Nine Inch Tails|Ninetales-Alola, F|100\/100\n|-damage|p1a: Nine Inch Tails|88\/100|[from] Spikes\n|-weather|Snow|[from] ability: Snow Warning|[of] p1a: Nine Inch Tails\n|turn|28\n|\n|t:|1699893342\n|move|p1a: Nine Inch Tails|Aurora Veil|p1a: Nine Inch Tails\n|-sidestart|p1: AlicieLizzie|move: Aurora Veil\n|move|p2a: Arceus|Recover|p2a: Arceus\n|-heal|p2a: Arceus|100\/100\n|\n|-weather|Snow|[upkeep]\n|upkeep\n|turn|29\n|\n|t:|1699893347\n|switch|p2a: Ninetales|Ninetales-Alola, M|100\/100\n|move|p1a: Nine Inch Tails|Encore||[still]\n|-fail|p1a: Nine Inch Tails\n|\n|-weather|Snow|[upkeep]\n|upkeep\n|turn|30\n|\n|t:|1699893354\n|switch|p1a: Iron (Head) Maiden|Jirachi|74\/100 par\n|-damage|p1a: Iron (Head) Maiden|61\/100 par|[from] Spikes\n|move|p2a: Ninetales|Aurora Veil|p2a: Ninetales\n|-sidestart|p2: Steven Stone 007|move: Aurora Veil\n|\n|-weather|Snow|[upkeep]\n|upkeep\n|turn|31\n|\n|t:|1699893359\n|switch|p2a: Arceus|Arceus-Poison|100\/100\n|move|p1a: Iron (Head) Maiden|Iron Head|p2a: Arceus\n|-damage|p2a: Arceus|91\/100\n|\n|-weather|Snow|[upkeep]\n|upkeep\n|turn|32\n|\n|t:|1699893366\n|switch|p1a: Bax in Black|Baxcalibur, F|43\/100 par\n|-damage|p1a: Bax in Black|31\/100 par|[from] Spikes\n|move|p2a: Arceus|Calm Mind|p2a: Arceus\n|-boost|p2a: Arceus|spa|1\n|-boost|p2a: Arceus|spd|1\n|\n|-weather|none\n|upkeep\n|turn|33\n|\n|t:|1699893370\n|move|p2a: Arceus|Calm Mind|p2a: Arceus\n|-boost|p2a: Arceus|spa|1\n|-boost|p2a: Arceus|spd|1\n|move|p1a: Bax in Black|Earthquake|p2a: Arceus\n|-supereffective|p2a: Arceus\n|-damage|p2a: Arceus|72\/100\n|\n|upkeep\n|turn|34\n|\n|t:|1699893374\n|move|p2a: Arceus|Calm Mind|p2a: Arceus\n|-boost|p2a: Arceus|spa|1\n|-boost|p2a: Arceus|spd|1\n|move|p1a: Bax in Black|Earthquake|p2a: Arceus\n|-supereffective|p2a: Arceus\n|-damage|p2a: Arceus|53\/100\n|\n|upkeep\n|turn|35\n|\n|t:|1699893385\n|switch|p1a: Nine Inch Tails|Ninetales-Alola, F|88\/100\n|-damage|p1a: Nine Inch Tails|76\/100|[from] Spikes\n|-weather|Snow|[from] ability: Snow Warning|[of] p1a: Nine Inch Tails\n|move|p2a: Arceus|Recover|p2a: Arceus\n|-heal|p2a: Arceus|100\/100\n|\n|-weather|Snow|[upkeep]\n|-sideend|p1: AlicieLizzie|move: Aurora Veil\n|upkeep\n|turn|36\n|\n|t:|1699893388\n|move|p1a: Nine Inch Tails|Encore|p2a: Arceus\n|-start|p2a: Arceus|Encore\n|move|p2a: Arceus|Recover||[still]\n|-fail|p2a: Arceus|heal\n|\n|-weather|Snow|[upkeep]\n|upkeep\n|turn|37\n|\n|t:|1699893399\n|switch|p1a: Bax in Black|Baxcalibur, F|31\/100 par\n|-damage|p1a: Bax in Black|18\/100 par|[from] Spikes\n|switch|p2a: Cyclizar|Cyclizar, F|64\/100\n|\n|-weather|Snow|[upkeep]\n|-sideend|p2: Steven Stone 007|move: Aurora Veil\n|upkeep\n|turn|38\n|\n|t:|1699893404\n|move|p2a: Cyclizar|Draco Meteor|p1a: Bax in Black\n|-supereffective|p1a: Bax in Black\n|-damage|p1a: Bax in Black|0 fnt\n|-unboost|p2a: Cyclizar|spa|2\n|faint|p1a: Bax in Black\n|\n|-weather|Snow|[upkeep]\n|upkeep\n|\n|t:|1699893412\n|switch|p1a: Round and Round|Cyclizar, M|43\/100 par\n|turn|39\n|\n|t:|1699893417\n|switch|p2a: Magearna|Magearna|30\/100\n|move|p1a: Round and Round|Knock Off|p2a: Magearna\n|-resisted|p2a: Magearna\n|-damage|p2a: Magearna|21\/100\n|-enditem|p2a: Magearna|Leftovers|[from] move: Knock Off|[of] p1a: Round and Round\n|\n|-weather|none\n|upkeep\n|turn|40\n|\n|t:|1699893427\n|switch|p1a: King Crimson|Slowking-Galar, F|100\/100\n|move|p2a: Magearna|Spikes|p1a: King Crimson\n|-sidestart|p1: AlicieLizzie|Spikes\n|\n|upkeep\n|turn|41\n|\n|t:|1699893432\n|move|p2a: Magearna|Thunder Wave|p1a: King Crimson\n|-status|p1a: King Crimson|par\n|cant|p1a: King Crimson|par\n|\n|upkeep\n|turn|42\n|\n|t:|1699893435\n|move|p2a: Magearna|Spikes|p1a: King Crimson\n|-sidestart|p1: AlicieLizzie|Spikes\n|move|p1a: King Crimson|Chilly Reception|p1a: King Crimson\n|-weather|Snow\n|\n|t:|1699893441\n|switch|p1a: Iron (Head) Maiden|Jirachi|61\/100 par|[from] Chilly Reception\n|-damage|p1a: Iron (Head) Maiden|36\/100 par|[from] Spikes\n|\n|-weather|Snow|[upkeep]\n|upkeep\n|turn|43\n|\n|t:|1699893448\n|cant|p1a: Iron (Head) Maiden|par\n|move|p2a: Magearna|Fleur Cannon|p1a: Iron (Head) Maiden\n|-resisted|p1a: Iron (Head) Maiden\n|-damage|p1a: Iron (Head) Maiden|6\/100 par\n|-unboost|p2a: Magearna|spa|2\n|\n|-weather|Snow|[upkeep]\n|upkeep\n|turn|44\n|\n|t:|1699893453\n|cant|p1a: Iron (Head) Maiden|par\n|move|p2a: Magearna|Fleur Cannon|p1a: Iron (Head) Maiden\n|-resisted|p1a: Iron (Head) Maiden\n|-damage|p1a: Iron (Head) Maiden|0 fnt\n|-unboost|p2a: Magearna|spa|2\n|faint|p1a: Iron (Head) Maiden\n|-ability|p2a: Magearna|Soul-Heart|boost\n|-boost|p2a: Magearna|spa|1\n|\n|-weather|Snow|[upkeep]\n|upkeep\n|\n|t:|1699893458\n|switch|p1a: Nine Inch Tails|Ninetales-Alola, F|76\/100\n|-damage|p1a: Nine Inch Tails|51\/100|[from] Spikes\n|turn|45\n|c|\u2606Steven Stone 007|Lol\n|\n|t:|1699893463\n|move|p1a: Nine Inch Tails|Aurora Veil|p1a: Nine Inch Tails\n|-sidestart|p1: AlicieLizzie|move: Aurora Veil\n|move|p2a: Magearna|Thunder Wave|p1a: Nine Inch Tails\n|-status|p1a: Nine Inch Tails|par\n|\n|-weather|Snow|[upkeep]\n|upkeep\n|turn|46\n|\n|t:|1699893467\n|switch|p2a: Ninetales|Ninetales-Alola, M|100\/100\n|move|p1a: Nine Inch Tails|Blizzard|p2a: Ninetales\n|-resisted|p2a: Ninetales\n|-damage|p2a: Ninetales|79\/100\n|\n|-weather|none\n|upkeep\n|turn|47\n|\n|t:|1699893474\n|switch|p1a: King Crimson|Slowking-Galar, F|100\/100 par\n|move|p2a: Ninetales|Aurora Veil||[still]\n|-fail|p2a: Ninetales\n|\n|upkeep\n|turn|48\n|\n|t:|1699893479\n|switch|p2a: Cyclizar|Cyclizar, F|98\/100\n|cant|p1a: King Crimson|par\n|\n|upkeep\n|turn|49\n|\n|t:|1699893486\n|move|p2a: Cyclizar|Shed Tail|p2a: Cyclizar\n|-start|p2a: Cyclizar|Substitute|[from] move: Shed Tail\n|-damage|p2a: Cyclizar|48\/100\n|\n|t:|1699893493\n|switch|p2a: Zacian|Zacian|100\/100|[from] Shed Tail\n|-ability|p2a: Zacian|Intrepid Sword|boost\n|-boost|p2a: Zacian|atk|1\n|move|p1a: King Crimson|Sludge Bomb|p2a: Zacian\n|-supereffective|p2a: Zacian\n|-end|p2a: Zacian|Substitute\n|\n|upkeep\n|turn|50\n|\n|t:|1699893504\n|-terastallize|p2a: Zacian|Fire\n|move|p2a: Zacian|Swords Dance|p2a: Zacian\n|-boost|p2a: Zacian|atk|2\n|move|p1a: King Crimson|Sludge Bomb|p2a: Zacian\n|-damage|p2a: Zacian|66\/100\n|\n|upkeep\n|turn|51\n|\n|t:|1699893512\n|move|p2a: Zacian|Tera Blast|p1a: King Crimson|[anim] Tera Blast Fire\n|-damage|p1a: King Crimson|53\/100 par\n|cant|p1a: King Crimson|par\n|\n|upkeep\n|turn|52\n|\n|t:|1699893518\n|move|p2a: Zacian|Tera Blast|p1a: King Crimson|[anim] Tera Blast Fire\n|-damage|p1a: King Crimson|3\/100 par\n|cant|p1a: King Crimson|par\n|\n|-sideend|p1: AlicieLizzie|move: Aurora Veil\n|upkeep\n|turn|53\n|\n|t:|1699893521\n|move|p2a: Zacian|Tera Blast|p1a: King Crimson|[anim] Tera Blast Fire\n|-damage|p1a: King Crimson|0 fnt\n|faint|p1a: King Crimson\n|\n|upkeep\n|\n|t:|1699893525\n|switch|p1a: Round and Round|Cyclizar, M|77\/100 par\n|turn|54\n|c|\u2606AlicieLizzie|gg\n|c|\u2606Steven Stone 007|Your luck sucks in this game\n|c|\u2606Steven Stone 007|Gg\n|c|\u2606AlicieLizzie|yeah\n|\n|t:|1699893539\n|move|p2a: Zacian|Close Combat|p1a: Round and Round\n|-supereffective|p1a: Round and Round\n|-damage|p1a: Round and Round|0 fnt\n|-unboost|p2a: Zacian|def|1\n|-unboost|p2a: Zacian|spd|1\n|faint|p1a: Round and Round\n|\n|upkeep\n|c|\u2606AlicieLizzie|Not much I could\u2019ve done with luck this bad on paras\n|\n|t:|1699893547\n|switch|p1a: Nine Inch Tails|Ninetales-Alola, F|51\/100 par\n|-damage|p1a: Nine Inch Tails|27\/100 par|[from] Spikes\n|-weather|Snow|[from] ability: Snow Warning|[of] p1a: Nine Inch Tails\n|turn|55\n|c|\u2606Steven Stone 007|Yeah mag supremacy\n|\n|t:|1699893559\n|move|p2a: Zacian|Tera Blast|p1a: Nine Inch Tails|[anim] Tera Blast Fire\n|-supereffective|p1a: Nine Inch Tails\n|-damage|p1a: Nine Inch Tails|0 fnt\n|faint|p1a: Nine Inch Tails\n|\n|win|Steven Stone 007\n|c|\u2606AlicieLizzie|Mag kinda kills this team\n|l|\u2606Steven Stone 007\n","uploadtime":1699893567,"views":24,"p1id":"alicielizzie","p2id":"stevenstone007","formatid":"gen9ubers","rating":0,"private":0,"password":""}