{"id":"gen9ubers-1973118757","p1":"noval111","p2":"superiax","format":"[Gen 9] Ubers","log":"|j|\u2606noval111\n|j|\u2606superiax\n|t:|1697929695\n|gametype|singles\n|player|p1|noval111|266|1018\n|player|p2|superiax|whitney|1283\n|teamsize|p1|6\n|teamsize|p2|6\n|gen|9\n|tier|[Gen 9] Ubers\n|rated|\n|rule|Sleep Clause Mod: Limit one foe put to sleep\n|rule|Species Clause: Limit one of each Pok\u00e9mon\n|rule|OHKO Clause: OHKO moves are banned\n|rule|Evasion Items Clause: Evasion items are banned\n|rule|Evasion Moves Clause: Evasion moves are banned\n|rule|Endless Battle Clause: Forcing endless battles is banned\n|rule|HP Percentage Mod: HP is shown in percentages\n|clearpoke\n|poke|p1|Annihilape, M|\n|poke|p1|Flutter Mane|\n|poke|p1|Glimmora, F|\n|poke|p1|Cresselia, F|\n|poke|p1|Palafin, M|\n|poke|p1|Ogerpon-Hearthflame, F|\n|poke|p2|Iron Bundle|\n|poke|p2|Magearna|\n|poke|p2|Kingambit, M|\n|poke|p2|Iron Moth|\n|poke|p2|Corviknight, M|\n|poke|p2|Ursaluna-Bloodmoon, M|\n|teampreview\n|inactive|Battle timer is ON: inactive players will automatically lose when time's up. (requested by superiax)\n|\n|t:|1697929707\n|start\n|switch|p1a: Glimmora|Glimmora, F|100\/100\n|switch|p2a: Nightwing|Corviknight, M, shiny|100\/100\n|turn|1\n|\n|t:|1697929722\n|switch|p2a: Harley Quinn|Magearna|100\/100\n|move|p1a: Glimmora|Stealth Rock|p2a: Harley Quinn\n|-sidestart|p2: superiax|move: Stealth Rock\n|\n|upkeep\n|turn|2\n|\n|t:|1697929730\n|move|p1a: Glimmora|Earth Power|p2a: Harley Quinn\n|-supereffective|p2a: Harley Quinn\n|-damage|p2a: Harley Quinn|56\/100\n|-enditem|p2a: Harley Quinn|Weakness Policy\n|-boost|p2a: Harley Quinn|atk|2|[from] item: Weakness Policy\n|-boost|p2a: Harley Quinn|spa|2|[from] item: Weakness Policy\n|move|p2a: Harley Quinn|Calm Mind|p2a: Harley Quinn\n|-boost|p2a: Harley Quinn|spa|1\n|-boost|p2a: Harley Quinn|spd|1\n|\n|upkeep\n|turn|3\n|\n|t:|1697929743\n|move|p1a: Glimmora|Spikes|p2a: Harley Quinn\n|-sidestart|p2: superiax|Spikes\n|move|p2a: Harley Quinn|Draining Kiss|p1a: Glimmora\n|-resisted|p1a: Glimmora\n|-damage|p1a: Glimmora|76\/100\n|-heal|p2a: Harley Quinn|75\/100|[from] drain|[of] p1a: Glimmora\n|\n|upkeep\n|turn|4\n|\n|t:|1697929761\n|move|p1a: Glimmora|Spikes|p2a: Harley Quinn\n|-sidestart|p2: superiax|Spikes\n|move|p2a: Harley Quinn|Iron Defense|p2a: Harley Quinn\n|-boost|p2a: Harley Quinn|def|2\n|\n|upkeep\n|turn|5\n|\n|t:|1697929770\n|move|p1a: Glimmora|Earth Power|p2a: Harley Quinn\n|-supereffective|p2a: Harley Quinn\n|-damage|p2a: Harley Quinn|45\/100\n|move|p2a: Harley Quinn|Calm Mind|p2a: Harley Quinn\n|-boost|p2a: Harley Quinn|spa|1\n|-boost|p2a: Harley Quinn|spd|1\n|\n|upkeep\n|turn|6\n|\n|t:|1697929780\n|-terastallize|p2a: Harley Quinn|Water\n|move|p1a: Glimmora|Earth Power|p2a: Harley Quinn\n|-damage|p2a: Harley Quinn|34\/100\n|move|p2a: Harley Quinn|Draining Kiss|p1a: Glimmora\n|-resisted|p1a: Glimmora\n|-damage|p1a: Glimmora|45\/100\n|-heal|p2a: Harley Quinn|58\/100|[from] drain|[of] p1a: Glimmora\n|\n|upkeep\n|turn|7\n|\n|t:|1697929791\n|move|p1a: Glimmora|Spikes|p2a: Harley Quinn\n|-sidestart|p2: superiax|Spikes\n|move|p2a: Harley Quinn|Stored Power|p1a: Glimmora\n|-supereffective|p1a: Glimmora\n|-damage|p1a: Glimmora|0 fnt\n|faint|p1a: Glimmora\n|-ability|p2a: Harley Quinn|Soul-Heart|boost\n|-boost|p2a: Harley Quinn|spa|1\n|\n|upkeep\n|\n|t:|1697929801\n|switch|p1a: Ogerpon|Ogerpon-Hearthflame, F|100\/100\n|-ability|p1a: Ogerpon|Mold Breaker\n|turn|8\n|\n|t:|1697929810\n|move|p1a: Ogerpon|Horn Leech|p2a: Harley Quinn\n|-supereffective|p2a: Harley Quinn\n|-damage|p2a: Harley Quinn|31\/100\n|move|p2a: Harley Quinn|Stored Power|p1a: Ogerpon\n|-damage|p1a: Ogerpon|0 fnt\n|faint|p1a: Ogerpon\n|-ability|p2a: Harley Quinn|Soul-Heart|boost\n|-boost|p2a: Harley Quinn|spa|1\n|\n|upkeep\n|\n|t:|1697929818\n|switch|p1a: Flutter Mane|Flutter Mane|100\/100\n|turn|9\n|\n|t:|1697929825\n|move|p1a: Flutter Mane|Moonblast|p2a: Harley Quinn\n|-damage|p2a: Harley Quinn|0 fnt\n|faint|p2a: Harley Quinn\n|\n|upkeep\n|\n|t:|1697929836\n|switch|p2a: Iron Moth|Iron Moth, shiny|100\/100\n|-damage|p2a: Iron Moth|76\/100|[from] Stealth Rock\n|-damage|p2a: Iron Moth|51\/100|[from] Spikes\n|turn|10\n|\n|t:|1697929850\n|-end|p1a: Flutter Mane|Protosynthesis|[silent]\n|switch|p1a: Cresselia|Cresselia, F|100\/100\n|move|p2a: Iron Moth|Sludge Wave|p1a: Cresselia\n|-damage|p1a: Cresselia|68\/100\n|\n|-heal|p1a: Cresselia|74\/100|[from] item: Leftovers\n|upkeep\n|turn|11\n|\n|t:|1697929862\n|-end|p2a: Iron Moth|Quark Drive|[silent]\n|switch|p2a: Nightwing|Corviknight, M, shiny|100\/100\n|-damage|p2a: Nightwing|88\/100|[from] Stealth Rock\n|move|p1a: Cresselia|Calm Mind|p1a: Cresselia\n|-boost|p1a: Cresselia|spa|1\n|-boost|p1a: Cresselia|spd|1\n|\n|-heal|p1a: Cresselia|80\/100|[from] item: Leftovers\n|upkeep\n|turn|12\n|\n|t:|1697929870\n|move|p1a: Cresselia|Calm Mind|p1a: Cresselia\n|-boost|p1a: Cresselia|spa|1\n|-boost|p1a: Cresselia|spd|1\n|move|p2a: Nightwing|Defog|p1a: Cresselia\n|-unboost|p1a: Cresselia|evasion|1\n|-sideend|p2: superiax|Spikes|[from] move: Defog|[of] p2a: Nightwing\n|-sideend|p2: superiax|Stealth Rock|[from] move: Defog|[of] p2a: Nightwing\n|\n|-heal|p1a: Cresselia|86\/100|[from] item: Leftovers\n|upkeep\n|turn|13\n|\n|t:|1697929879\n|switch|p2a: Robin|Kingambit, M, shiny|100\/100\n|-activate|p2a: Robin|ability: Supreme Overlord\n|-start|p2a: Robin|fallen1|[silent]\n|move|p1a: Cresselia|Psychic|p2a: Robin\n|-immune|p2a: Robin\n|\n|-heal|p1a: Cresselia|92\/100|[from] item: Leftovers\n|upkeep\n|turn|14\n|\n|t:|1697929898\n|switch|p1a: Palafin|Palafin, M|100\/100\n|move|p2a: Robin|Kowtow Cleave|p1a: Palafin\n|-damage|p1a: Palafin|32\/100\n|\n|upkeep\n|turn|15\n|\n|t:|1697929907\n|move|p1a: Palafin|Flip Turn|p2a: Robin\n|-damage|p2a: Robin|72\/100\n|\n|t:|1697929910\n|detailschange|p1a: Palafin|Palafin-Hero, M\n|switch|p1a: Annihilape|Annihilape, M|100\/100|[from] Flip Turn\n|move|p2a: Robin|Kowtow Cleave|p1a: Annihilape\n|-damage|p1a: Annihilape|45\/100\n|\n|-heal|p1a: Annihilape|51\/100|[from] item: Leftovers\n|-heal|p2a: Robin|78\/100|[from] item: Leftovers\n|upkeep\n|turn|16\n|\n|t:|1697929920\n|move|p2a: Robin|Sucker Punch|p1a: Annihilape\n|-damage|p1a: Annihilape|6\/100\n|move|p1a: Annihilape|Rage Fist|p2a: Robin\n|-resisted|p2a: Robin\n|-damage|p2a: Robin|47\/100\n|\n|-heal|p1a: Annihilape|12\/100|[from] item: Leftovers\n|-heal|p2a: Robin|53\/100|[from] item: Leftovers\n|upkeep\n|turn|17\n|\n|t:|1697929928\n|-end|p2a: Robin|fallen1|[silent]\n|switch|p2a: Nightwing|Corviknight, M, shiny|88\/100\n|move|p1a: Annihilape|Taunt|p2a: Nightwing\n|-start|p2a: Nightwing|move: Taunt\n|\n|-heal|p1a: Annihilape|18\/100|[from] item: Leftovers\n|upkeep\n|turn|18\n|\n|t:|1697929944\n|move|p1a: Annihilape|Drain Punch|p2a: Nightwing\n|-damage|p2a: Nightwing|62\/100\n|-heal|p1a: Annihilape|31\/100|[from] drain|[of] p2a: Nightwing\n|-damage|p1a: Annihilape|14\/100|[from] item: Rocky Helmet|[of] p2a: Nightwing\n|move|p2a: Nightwing|Brave Bird|p1a: Annihilape\n|-supereffective|p1a: Annihilape\n|-damage|p1a: Annihilape|0 fnt\n|faint|p1a: Annihilape\n|-damage|p2a: Nightwing|58\/100|[from] Recoil\n|\n|upkeep\n|\n|t:|1697929957\n|switch|p1a: Palafin|Palafin-Hero, M|32\/100\n|-activate|p1a: Palafin|ability: Zero to Hero\n|turn|19\n|\n|t:|1697929968\n|move|p1a: Palafin|Wave Crash|p2a: Nightwing\n|-damage|p2a: Nightwing|0 fnt\n|-damage|p1a: Palafin|15\/100|[from] item: Rocky Helmet|[of] p2a: Nightwing\n|faint|p2a: Nightwing\n|-damage|p1a: Palafin|0 fnt|[from] Recoil\n|faint|p1a: Palafin\n|\n|upkeep\n|\n|t:|1697929984\n|switch|p1a: Flutter Mane|Flutter Mane|100\/100\n|switch|p2a: Robin|Kingambit, M, shiny|53\/100\n|-activate|p2a: Robin|ability: Supreme Overlord\n|-start|p2a: Robin|fallen2|[silent]\n|turn|20\n|\n|t:|1697929989\n|move|p2a: Robin|Sucker Punch|p1a: Flutter Mane\n|-damage|p1a: Flutter Mane|0 fnt\n|faint|p1a: Flutter Mane\n|-end|p1a: Flutter Mane|Protosynthesis|[silent]\n|\n|-heal|p2a: Robin|60\/100|[from] item: Leftovers\n|upkeep\n|\n|t:|1697929994\n|switch|p1a: Cresselia|Cresselia, F|92\/100\n|turn|21\n|\n|t:|1697929998\n|move|p1a: Cresselia|Calm Mind|p1a: Cresselia\n|-boost|p1a: Cresselia|spa|1\n|-boost|p1a: Cresselia|spd|1\n|move|p2a: Robin|Kowtow Cleave|p1a: Cresselia\n|-supereffective|p1a: Cresselia\n|-damage|p1a: Cresselia|17\/100\n|\n|-heal|p1a: Cresselia|23\/100|[from] item: Leftovers\n|-heal|p2a: Robin|66\/100|[from] item: Leftovers\n|upkeep\n|turn|22\n|\n|t:|1697930006\n|move|p1a: Cresselia|Calm Mind|p1a: Cresselia\n|-boost|p1a: Cresselia|spa|1\n|-boost|p1a: Cresselia|spd|1\n|move|p2a: Robin|Kowtow Cleave|p1a: Cresselia\n|-supereffective|p1a: Cresselia\n|-crit|p1a: Cresselia\n|-damage|p1a: Cresselia|0 fnt\n|faint|p1a: Cresselia\n|\n|win|superiax\n|raw|noval111's rating: 1018 &rarr; <strong>1013<\/strong><br \/>(-5 for losing)\n|raw|superiax's rating: 1283 &rarr; <strong>1292<\/strong><br \/>(+9 for winning)\n|l|\u2606noval111\n|c|\u2606superiax|gg\n","uploadtime":1697930021,"views":13,"p1id":"noval111","p2id":"superiax","formatid":"gen9ubers","rating":1013,"private":0,"password":""}