{"id":"gen9ubers-1996444389","p1":"Blitz2656","p2":"Pickedman","format":"[Gen 9] Ubers","log":"|j|\u2606Blitz2656\n|j|\u2606Pickedman\n|t:|1700682610\n|gametype|singles\n|player|p1|Blitz2656|mustard-master|\n|player|p2|Pickedman|zinnia|\n|teamsize|p1|6\n|teamsize|p2|6\n|gen|9\n|tier|[Gen 9] Ubers\n|rule|Sleep Clause Mod: Limit one foe put to sleep\n|rule|Species Clause: Limit one of each Pok\u00e9mon\n|rule|OHKO Clause: OHKO moves are banned\n|rule|Evasion Items Clause: Evasion items are banned\n|rule|Evasion Moves Clause: Evasion moves are banned\n|rule|Endless Battle Clause: Forcing endless battles is banned\n|rule|HP Percentage Mod: HP is shown in percentages\n|clearpoke\n|poke|p1|Magearna|\n|poke|p1|Klefki, M|\n|poke|p1|Dragalge, F|\n|poke|p1|Gothitelle, M|\n|poke|p1|Torkoal, M|\n|poke|p1|Salamence, F|\n|poke|p2|Milotic, M|\n|poke|p2|Samurott-Hisui, M|\n|poke|p2|Walking Wake|\n|poke|p2|Weezing-Galar, M|\n|poke|p2|Ursaluna-Bloodmoon, M|\n|poke|p2|Zoroark-Hisui, F|\n|teampreview\n|inactive|Battle timer is ON: inactive players will automatically lose when time's up. (requested by Blitz2656)\n|\n|t:|1700682638\n|start\n|switch|p1a: Give me swagger|Klefki, M|100\/100\n|switch|p2a: Samurott|Samurott-Hisui, M|100\/100\n|turn|1\n|\n|t:|1700682646\n|move|p1a: Give me swagger|Calm Mind|p1a: Give me swagger\n|-boost|p1a: Give me swagger|spa|1\n|-boost|p1a: Give me swagger|spd|1\n|move|p2a: Samurott|Taunt|p1a: Give me swagger\n|-start|p1a: Give me swagger|move: Taunt\n|\n|upkeep\n|turn|2\n|\n|t:|1700682661\n|move|p2a: Samurott|Hydro Pump|p1a: Give me swagger\n|-damage|p1a: Give me swagger|59\/100\n|move|p1a: Give me swagger|Dazzling Gleam|p2a: Samurott\n|-supereffective|p2a: Samurott\n|-damage|p2a: Samurott|0 fnt\n|faint|p2a: Samurott\n|\n|-heal|p1a: Give me swagger|65\/100|[from] item: Leftovers\n|upkeep\n|\n|t:|1700682677\n|switch|p2a: Weezing|Weezing-Galar, M|100\/100\n|turn|3\n|\n|t:|1700682681\n|switch|p1a: I HATE GLOWKING|Gothitelle, M|100\/100\n|move|p2a: Weezing|Poltergeist|p1a: I HATE GLOWKING\n|-activate|p1a: I HATE GLOWKING|move: Poltergeist|Lum Berry\n|-supereffective|p1a: I HATE GLOWKING\n|-damage|p1a: I HATE GLOWKING|0 fnt\n|faint|p1a: I HATE GLOWKING\n|\n|upkeep\n|\n|t:|1700682686\n|switch|p1a: Is Glowking gone|Salamence, F|100\/100\n|-ability|p1a: Is Glowking gone|Intimidate|boost\n|-unboost|p2a: Weezing|atk|1\n|turn|4\n|\n|t:|1700682711\n|move|p1a: Is Glowking gone|Draco Meteor|p2a: Weezing\n|-damage|p2a: Weezing|0 fnt\n|-unboost|p1a: Is Glowking gone|spa|2\n|replace|p2a: Zoroark|Zoroark-Hisui, F\n|-end|p2a: Zoroark|Illusion\n|faint|p2a: Zoroark\n|\n|upkeep\n|\n|t:|1700682721\n|switch|p2a: Milotic|Milotic, M|100\/100\n|turn|5\n|\n|t:|1700682727\n|switch|p1a: Give me swagger|Klefki, M|65\/100\n|move|p2a: Milotic|Coil|p2a: Milotic\n|-boost|p2a: Milotic|atk|1\n|-boost|p2a: Milotic|def|1\n|-boost|p2a: Milotic|accuracy|1\n|\n|-heal|p1a: Give me swagger|71\/100|[from] item: Leftovers\n|-status|p2a: Milotic|brn|[from] item: Flame Orb\n|upkeep\n|turn|6\n|\n|t:|1700682740\n|move|p2a: Milotic|Flip Turn|p1a: Give me swagger\n|-damage|p1a: Give me swagger|60\/100\n|\n|t:|1700682745\n|switch|p2a: Walking Wake|Walking Wake|100\/100|[from] Flip Turn\n|move|p1a: Give me swagger|Dazzling Gleam|p2a: Walking Wake\n|-supereffective|p2a: Walking Wake\n|-damage|p2a: Walking Wake|21\/100\n|\n|-heal|p1a: Give me swagger|66\/100|[from] item: Leftovers\n|upkeep\n|turn|7\n|\n|t:|1700682755\n|-terastallize|p2a: Walking Wake|Water\n|move|p2a: Walking Wake|Liquidation|p1a: Give me swagger\n|-damage|p1a: Give me swagger|0 fnt\n|faint|p1a: Give me swagger\n|\n|upkeep\n|\n|t:|1700682765\n|switch|p1a: Is Glowking gone|Salamence, F|100\/100\n|-ability|p1a: Is Glowking gone|Intimidate|boost\n|-unboost|p2a: Walking Wake|atk|1\n|turn|8\n|\n|t:|1700682779\n|-end|p2a: Walking Wake|Protosynthesis|[silent]\n|switch|p2a: Milotic|Milotic, M|100\/100 brn\n|move|p1a: Is Glowking gone|Air Slash|p2a: Milotic\n|-damage|p2a: Milotic|80\/100 brn\n|\n|-damage|p2a: Milotic|74\/100 brn|[from] brn\n|upkeep\n|turn|9\n|\n|t:|1700682792\n|switch|p1a: Koraidon (trust)|Torkoal, M|100\/100\n|-weather|SunnyDay|[from] ability: Drought|[of] p1a: Koraidon (trust)\n|move|p2a: Milotic|Coil|p2a: Milotic\n|-boost|p2a: Milotic|atk|1\n|-boost|p2a: Milotic|def|1\n|-boost|p2a: Milotic|accuracy|1\n|\n|-weather|SunnyDay|[upkeep]\n|-damage|p2a: Milotic|68\/100 brn|[from] brn\n|upkeep\n|turn|10\n|\n|t:|1700682798\n|move|p2a: Milotic|Coil|p2a: Milotic\n|-boost|p2a: Milotic|atk|1\n|-boost|p2a: Milotic|def|1\n|-boost|p2a: Milotic|accuracy|1\n|move|p1a: Koraidon (trust)|Solar Beam||[still]\n|-prepare|p1a: Koraidon (trust)|Solar Beam\n|-anim|p1a: Koraidon (trust)|Solar Beam|p2a: Milotic\n|-supereffective|p2a: Milotic\n|-damage|p2a: Milotic|31\/100 brn\n|\n|-weather|SunnyDay|[upkeep]\n|-damage|p2a: Milotic|25\/100 brn|[from] brn\n|upkeep\n|turn|11\n|\n|t:|1700682801\n|move|p2a: Milotic|Recover|p2a: Milotic\n|-heal|p2a: Milotic|75\/100 brn\n|move|p1a: Koraidon (trust)|Solar Beam||[still]\n|-prepare|p1a: Koraidon (trust)|Solar Beam\n|-anim|p1a: Koraidon (trust)|Solar Beam|p2a: Milotic\n|-supereffective|p2a: Milotic\n|-damage|p2a: Milotic|39\/100 brn\n|\n|-weather|SunnyDay|[upkeep]\n|-damage|p2a: Milotic|33\/100 brn|[from] brn\n|upkeep\n|turn|12\n|\n|t:|1700682808\n|move|p2a: Milotic|Recover|p2a: Milotic\n|-heal|p2a: Milotic|83\/100 brn\n|move|p1a: Koraidon (trust)|Solar Beam||[still]\n|-prepare|p1a: Koraidon (trust)|Solar Beam\n|-anim|p1a: Koraidon (trust)|Solar Beam|p2a: Milotic\n|-supereffective|p2a: Milotic\n|-damage|p2a: Milotic|47\/100 brn\n|\n|-weather|SunnyDay|[upkeep]\n|-damage|p2a: Milotic|41\/100 brn|[from] brn\n|upkeep\n|turn|13\n|\n|t:|1700682819\n|switch|p1a: Is Glowking gone|Salamence, F|100\/100\n|-ability|p1a: Is Glowking gone|Intimidate|boost\n|-unboost|p2a: Milotic|atk|1\n|move|p2a: Milotic|Recover|p2a: Milotic\n|-heal|p2a: Milotic|91\/100 brn\n|\n|-weather|none\n|-damage|p2a: Milotic|85\/100 brn|[from] brn\n|upkeep\n|turn|14\n|\n|t:|1700682823\n|move|p1a: Is Glowking gone|Draco Meteor|p2a: Milotic\n|-damage|p2a: Milotic|51\/100 brn\n|-unboost|p1a: Is Glowking gone|spa|2\n|move|p2a: Milotic|Facade|p1a: Is Glowking gone\n|-damage|p1a: Is Glowking gone|60\/100\n|\n|-damage|p2a: Milotic|45\/100 brn|[from] brn\n|upkeep\n|turn|15\n|\n|t:|1700682835\n|switch|p1a: Koraidon (trust)|Torkoal, M|100\/100\n|-weather|SunnyDay|[from] ability: Drought|[of] p1a: Koraidon (trust)\n|move|p2a: Milotic|Facade|p1a: Koraidon (trust)\n|-damage|p1a: Koraidon (trust)|75\/100\n|\n|-weather|SunnyDay|[upkeep]\n|-damage|p2a: Milotic|39\/100 brn|[from] brn\n|upkeep\n|turn|16\n|\n|t:|1700682842\n|move|p2a: Milotic|Recover|p2a: Milotic\n|-heal|p2a: Milotic|89\/100 brn\n|move|p1a: Koraidon (trust)|Solar Beam||[still]\n|-prepare|p1a: Koraidon (trust)|Solar Beam\n|-anim|p1a: Koraidon (trust)|Solar Beam|p2a: Milotic\n|-supereffective|p2a: Milotic\n|-damage|p2a: Milotic|55\/100 brn\n|\n|-weather|SunnyDay|[upkeep]\n|-damage|p2a: Milotic|49\/100 brn|[from] brn\n|upkeep\n|turn|17\n|\n|t:|1700682848\n|switch|p2a: Weezing|Weezing-Galar, M|100\/100\n|-ability|p2a: Weezing|Neutralizing Gas\n|move|p1a: Koraidon (trust)|Solar Beam||[still]\n|-prepare|p1a: Koraidon (trust)|Solar Beam\n|-anim|p1a: Koraidon (trust)|Solar Beam|p2a: Weezing\n|-resisted|p2a: Weezing\n|-damage|p2a: Weezing|85\/100\n|\n|-weather|SunnyDay|[upkeep]\n|upkeep\n|turn|18\n|\n|t:|1700682855\n|switch|p1a: Where is fazbear|Magearna|100\/100\n|move|p2a: Weezing|Strange Steam|p1a: Where is fazbear\n|-resisted|p1a: Where is fazbear\n|-damage|p1a: Where is fazbear|89\/100\n|\n|-weather|SunnyDay|[upkeep]\n|upkeep\n|turn|19\n|\n|t:|1700682862\n|move|p1a: Where is fazbear|Shift Gear|p1a: Where is fazbear\n|-boost|p1a: Where is fazbear|spe|2\n|-boost|p1a: Where is fazbear|atk|1\n|move|p2a: Weezing|Will-O-Wisp|p1a: Where is fazbear\n|-status|p1a: Where is fazbear|brn\n|\n|-weather|none\n|-damage|p1a: Where is fazbear|83\/100 brn|[from] brn\n|upkeep\n|turn|20\n|\n|t:|1700682868\n|-end|p2a: Weezing|ability: Neutralizing Gas\n|switch|p2a: Milotic|Milotic, M|49\/100 brn\n|move|p1a: Where is fazbear|Shift Gear|p1a: Where is fazbear\n|-boost|p1a: Where is fazbear|spe|2\n|-boost|p1a: Where is fazbear|atk|1\n|\n|-damage|p1a: Where is fazbear|77\/100 brn|[from] brn\n|-damage|p2a: Milotic|43\/100 brn|[from] brn\n|upkeep\n|turn|21\n|\n|t:|1700682872\n|move|p1a: Where is fazbear|Play Rough|p2a: Milotic\n|-damage|p2a: Milotic|11\/100 brn\n|move|p2a: Milotic|Recover|p2a: Milotic\n|-heal|p2a: Milotic|61\/100 brn\n|\n|-damage|p1a: Where is fazbear|71\/100 brn|[from] brn\n|-damage|p2a: Milotic|55\/100 brn|[from] brn\n|upkeep\n|turn|22\n|\n|t:|1700682880\n|move|p1a: Where is fazbear|Play Rough|p2a: Milotic\n|-damage|p2a: Milotic|28\/100 brn\n|move|p2a: Milotic|Recover|p2a: Milotic\n|-heal|p2a: Milotic|78\/100 brn\n|\n|-damage|p1a: Where is fazbear|65\/100 brn|[from] brn\n|-damage|p2a: Milotic|72\/100 brn|[from] brn\n|upkeep\n|turn|23\n|\n|t:|1700682883\n|move|p1a: Where is fazbear|Play Rough|p2a: Milotic\n|-damage|p2a: Milotic|40\/100 brn\n|move|p2a: Milotic|Coil|p2a: Milotic\n|-boost|p2a: Milotic|atk|1\n|-boost|p2a: Milotic|def|1\n|-boost|p2a: Milotic|accuracy|1\n|\n|-damage|p1a: Where is fazbear|58\/100 brn|[from] brn\n|-damage|p2a: Milotic|34\/100 brn|[from] brn\n|upkeep\n|turn|24\n|\n|t:|1700682889\n|move|p1a: Where is fazbear|Play Rough|p2a: Milotic\n|-damage|p2a: Milotic|15\/100 brn\n|-unboost|p2a: Milotic|atk|1\n|move|p2a: Milotic|Recover|p2a: Milotic\n|-heal|p2a: Milotic|65\/100 brn\n|\n|-damage|p1a: Where is fazbear|52\/100 brn|[from] brn\n|-damage|p2a: Milotic|59\/100 brn|[from] brn\n|upkeep\n|turn|25\n|\n|t:|1700682896\n|move|p1a: Where is fazbear|Play Rough|p2a: Milotic\n|-damage|p2a: Milotic|39\/100 brn\n|move|p2a: Milotic|Coil|p2a: Milotic\n|-boost|p2a: Milotic|atk|1\n|-boost|p2a: Milotic|def|1\n|-boost|p2a: Milotic|accuracy|1\n|\n|-damage|p1a: Where is fazbear|46\/100 brn|[from] brn\n|-damage|p2a: Milotic|33\/100 brn|[from] brn\n|upkeep\n|turn|26\n|\n|t:|1700682904\n|move|p1a: Where is fazbear|Play Rough|p2a: Milotic|[miss]\n|-miss|p1a: Where is fazbear|p2a: Milotic\n|move|p2a: Milotic|Recover|p2a: Milotic\n|-heal|p2a: Milotic|83\/100 brn\n|\n|-damage|p1a: Where is fazbear|40\/100 brn|[from] brn\n|-damage|p2a: Milotic|77\/100 brn|[from] brn\n|upkeep\n|turn|27\n|\n|t:|1700682907\n|move|p1a: Where is fazbear|Play Rough|p2a: Milotic\n|-crit|p2a: Milotic\n|-damage|p2a: Milotic|34\/100 brn\n|move|p2a: Milotic|Coil|p2a: Milotic\n|-boost|p2a: Milotic|atk|1\n|-boost|p2a: Milotic|def|1\n|-boost|p2a: Milotic|accuracy|1\n|\n|-damage|p1a: Where is fazbear|34\/100 brn|[from] brn\n|-damage|p2a: Milotic|28\/100 brn|[from] brn\n|upkeep\n|turn|28\n|\n|t:|1700682914\n|move|p1a: Where is fazbear|Play Rough|p2a: Milotic\n|-damage|p2a: Milotic|16\/100 brn\n|-unboost|p2a: Milotic|atk|1\n|move|p2a: Milotic|Facade|p1a: Where is fazbear\n|-resisted|p1a: Where is fazbear\n|-crit|p1a: Where is fazbear\n|-damage|p1a: Where is fazbear|14\/100 brn\n|\n|-damage|p1a: Where is fazbear|8\/100 brn|[from] brn\n|-damage|p2a: Milotic|10\/100 brn|[from] brn\n|upkeep\n|turn|29\n|\n|t:|1700682922\n|move|p1a: Where is fazbear|Play Rough|p2a: Milotic\n|-damage|p2a: Milotic|0 fnt\n|faint|p2a: Milotic\n|-ability|p1a: Where is fazbear|Soul-Heart|boost\n|-boost|p1a: Where is fazbear|spa|1\n|\n|-damage|p1a: Where is fazbear|2\/100 brn|[from] brn\n|upkeep\n|\n|t:|1700682932\n|switch|p2a: Ursaluna|Ursaluna-Bloodmoon, M|100\/100\n|turn|30\n|\n|t:|1700682945\n|move|p1a: Where is fazbear|Ice Spinner|p2a: Ursaluna\n|-supereffective|p2a: Ursaluna\n|-damage|p2a: Ursaluna|64\/100\n|move|p2a: Ursaluna|Belly Drum|p2a: Ursaluna\n|-damage|p2a: Ursaluna|14\/100\n|-setboost|p2a: Ursaluna|atk|6|[from] move: Belly Drum\n|-enditem|p2a: Ursaluna|Sitrus Berry|[eat]\n|-heal|p2a: Ursaluna|39\/100|[from] item: Sitrus Berry\n|\n|-damage|p1a: Where is fazbear|0 fnt|[from] brn\n|faint|p1a: Where is fazbear\n|upkeep\n|\n|t:|1700682952\n|switch|p1a: Is Glowking gone|Salamence, F|60\/100\n|-ability|p1a: Is Glowking gone|Intimidate|boost\n|-unboost|p2a: Ursaluna|atk|1\n|turn|31\n|\n|t:|1700682960\n|move|p1a: Is Glowking gone|Draco Meteor|p2a: Ursaluna\n|-damage|p2a: Ursaluna|0 fnt\n|-unboost|p1a: Is Glowking gone|spa|2\n|faint|p2a: Ursaluna\n|\n|upkeep\n|\n|t:|1700682963\n|switch|p2a: Weezing|Weezing-Galar, M|85\/100\n|-ability|p2a: Weezing|Neutralizing Gas\n|turn|32\n|\n|t:|1700682972\n|switch|p1a: Koraidon (trust)|Torkoal, M|75\/100\n|move|p2a: Weezing|Strange Steam|p1a: Koraidon (trust)\n|-resisted|p1a: Koraidon (trust)\n|-damage|p1a: Koraidon (trust)|63\/100\n|\n|upkeep\n|turn|33\n|\n|t:|1700682978\n|move|p2a: Weezing|Strange Steam|p1a: Koraidon (trust)\n|-resisted|p1a: Koraidon (trust)\n|-damage|p1a: Koraidon (trust)|50\/100\n|move|p1a: Koraidon (trust)|Earth Power|p2a: Weezing\n|-supereffective|p2a: Weezing\n|-damage|p2a: Weezing|37\/100\n|\n|upkeep\n|turn|34\n|\n|t:|1700682984\n|move|p2a: Weezing|Pain Split|p1a: Koraidon (trust)\n|-sethp|p1a: Koraidon (trust)|43\/100|[from] move: Pain Split|[silent]\n|-sethp|p2a: Weezing|45\/100|[from] move: Pain Split\n|move|p1a: Koraidon (trust)|Earth Power|p2a: Weezing\n|-supereffective|p2a: Weezing\n|-damage|p2a: Weezing|0 fnt\n|faint|p2a: Weezing\n|-end|p2a: Weezing|ability: Neutralizing Gas\n|-weather|SunnyDay|[from] ability: Drought|[of] p1a: Koraidon (trust)\n|\n|-weather|SunnyDay|[upkeep]\n|upkeep\n|\n|t:|1700682989\n|switch|p2a: Walking Wake|Walking Wake, tera:Water|21\/100\n|-activate|p2a: Walking Wake|ability: Protosynthesis\n|-start|p2a: Walking Wake|protosynthesisspe\n|turn|35\n|\n|t:|1700682995\n|move|p2a: Walking Wake|Dragon Claw|p1a: Koraidon (trust)\n|-damage|p1a: Koraidon (trust)|9\/100\n|move|p1a: Koraidon (trust)|Solar Beam||[still]\n|-prepare|p1a: Koraidon (trust)|Solar Beam\n|-anim|p1a: Koraidon (trust)|Solar Beam|p2a: Walking Wake\n|-supereffective|p2a: Walking Wake\n|-damage|p2a: Walking Wake|0 fnt\n|faint|p2a: Walking Wake\n|-end|p2a: Walking Wake|Protosynthesis|[silent]\n|\n|win|Blitz2656\n|l|\u2606Pickedman\n|l|\u2606Blitz2656\n|j|\u2606Pickedman\n|player|p2|Pickedman|zinnia\n","uploadtime":1700683031,"views":7,"p1id":"blitz2656","p2id":"pickedman","formatid":"gen9ubers","rating":0,"private":0,"password":""}