{"id":"gen9ubers-1990466831","p1":"cintifies","p2":"charrlss27","format":"[Gen 9] Ubers","log":"|j|\u2606cintifies\n|j|\u2606charrlss27\n|t:|1699973633\n|gametype|singles\n|player|p1|cintifies|acerola|1049\n|player|p2|charrlss27|sabrina|1039\n|teamsize|p1|6\n|teamsize|p2|6\n|gen|9\n|tier|[Gen 9] Ubers\n|rated|\n|rule|Sleep Clause Mod: Limit one foe put to sleep\n|rule|Species Clause: Limit one of each Pok\u00e9mon\n|rule|OHKO Clause: OHKO moves are banned\n|rule|Evasion Items Clause: Evasion items are banned\n|rule|Evasion Moves Clause: Evasion moves are banned\n|rule|Endless Battle Clause: Forcing endless battles is banned\n|rule|HP Percentage Mod: HP is shown in percentages\n|clearpoke\n|poke|p1|Regieleki|\n|poke|p1|Orthworm, M|\n|poke|p1|Volcarona, M|\n|poke|p1|Koraidon|\n|poke|p1|Arceus|\n|poke|p1|Zacian-*|\n|poke|p2|Tinkaton, F|\n|poke|p2|Zoroark-Hisui, F|\n|poke|p2|Iron Thorns|\n|poke|p2|Goodra-Hisui, F|\n|poke|p2|Iron Bundle|\n|poke|p2|Annihilape, F|\n|teampreview\n|inactive|Battle timer is ON: inactive players will automatically lose when time's up. (requested by cintifies)\n|\n|t:|1699973643\n|start\n|switch|p1a: Regieleki|Regieleki|100\/100\n|switch|p2a: Goodra|Goodra-Hisui, F|100\/100\n|turn|1\n|\n|t:|1699973652\n|move|p1a: Regieleki|Light Screen|p1a: Regieleki\n|-sidestart|p1: cintifies|move: Light Screen\n|move|p2a: Goodra|Acid Armor|p2a: Goodra\n|-boost|p2a: Goodra|def|2\n|\n|upkeep\n|turn|2\n|\n|t:|1699973661\n|move|p1a: Regieleki|Reflect|p1a: Regieleki\n|-sidestart|p1: cintifies|Reflect\n|move|p2a: Goodra|Dragon Tail|p1a: Regieleki\n|-damage|p1a: Regieleki|84\/100\n|drag|p1a: Orthworm|Orthworm, M|100\/100\n|\n|upkeep\n|turn|3\n|\n|t:|1699973670\n|move|p2a: Goodra|Flamethrower|p1a: Orthworm\n|-supereffective|p1a: Orthworm\n|-damage|p1a: Orthworm|66\/100\n|move|p1a: Orthworm|Shed Tail|p1a: Orthworm\n|-start|p1a: Orthworm|Substitute|[from] move: Shed Tail\n|-damage|p1a: Orthworm|15\/100\n|-enditem|p1a: Orthworm|Sitrus Berry|[eat]\n|-heal|p1a: Orthworm|40\/100|[from] item: Sitrus Berry\n|inactive|cintifies has 120 seconds left.\n|\n|t:|1699973721\n|switch|p1a: Koraidon|Koraidon|100\/100|[from] Shed Tail\n|-weather|SunnyDay|[from] ability: Orichalcum Pulse|[of] p1a: Koraidon\n|-activate|p1a: Koraidon|Orichalcum Pulse|[source]\n|\n|-weather|SunnyDay|[upkeep]\n|upkeep\n|turn|4\n|\n|t:|1699973735\n|move|p1a: Koraidon|Swords Dance|p1a: Koraidon\n|-boost|p1a: Koraidon|atk|2\n|move|p2a: Goodra|Draco Meteor|p1a: Koraidon|[miss]\n|-miss|p2a: Goodra|p1a: Koraidon\n|\n|-weather|SunnyDay|[upkeep]\n|upkeep\n|turn|5\n|\n|t:|1699973742\n|move|p1a: Koraidon|Close Combat|p2a: Goodra\n|-supereffective|p2a: Goodra\n|-damage|p2a: Goodra|0 fnt\n|-unboost|p1a: Koraidon|def|1\n|-unboost|p1a: Koraidon|spd|1\n|faint|p2a: Goodra\n|\n|-weather|SunnyDay|[upkeep]\n|upkeep\n|\n|t:|1699973752\n|switch|p2a: Annihilape|Annihilape, F|100\/100\n|turn|6\n|\n|t:|1699973758\n|move|p1a: Koraidon|Outrage|p2a: Annihilape\n|-crit|p2a: Annihilape\n|-damage|p2a: Annihilape|0 fnt\n|replace|p2a: Zoroark|Zoroark-Hisui, F, shiny\n|-end|p2a: Zoroark|Illusion\n|faint|p2a: Zoroark\n|\n|-weather|SunnyDay|[upkeep]\n|upkeep\n|\n|t:|1699973766\n|switch|p2a: Tinkaton|Tinkaton, F|100\/100\n|-ability|p2a: Tinkaton|Mold Breaker\n|-item|p2a: Tinkaton|Air Balloon\n|turn|7\n|\n|t:|1699973771\n|move|p1a: Koraidon|Outrage|p2a: Tinkaton|[from]lockedmove\n|-immune|p2a: Tinkaton\n|move|p2a: Tinkaton|Gigaton Hammer|p1a: Koraidon\n|-activate|p1a: Koraidon|move: Substitute|[damage]\n|\n|-weather|none\n|upkeep\n|turn|8\n|inactive|cintifies has 120 seconds left.\n|\n|t:|1699973803\n|move|p1a: Koraidon|Close Combat|p2a: Tinkaton\n|-damage|p2a: Tinkaton|0 fnt\n|-unboost|p1a: Koraidon|def|1\n|-unboost|p1a: Koraidon|spd|1\n|-enditem|p2a: Tinkaton|Air Balloon\n|faint|p2a: Tinkaton\n|\n|-sideend|p1: cintifies|move: Light Screen\n|upkeep\n|\n|t:|1699973812\n|switch|p2a: Annihilape|Annihilape, F|100\/100\n|turn|9\n|\n|t:|1699973817\n|move|p1a: Koraidon|Outrage|p2a: Annihilape\n|-damage|p2a: Annihilape|0 fnt\n|faint|p2a: Annihilape\n|\n|-sideend|p1: cintifies|Reflect\n|upkeep\n|\n|t:|1699973824\n|switch|p2a: Iron Bundle|Iron Bundle|100\/100\n|turn|10\n|j| Pyrope06\n|\n|t:|1699973830\n|move|p2a: Iron Bundle|Ice Beam|p1a: Koraidon\n|-supereffective|p1a: Koraidon\n|-end|p1a: Koraidon|Substitute\n|move|p1a: Koraidon|Outrage|p2a: Iron Bundle|[from]lockedmove\n|-damage|p2a: Iron Bundle|0 fnt\n|faint|p2a: Iron Bundle\n|-end|p2a: Iron Bundle|Quark Drive|[silent]\n|-start|p1a: Koraidon|confusion|[fatigue]\n|\n|upkeep\n|\n|t:|1699973838\n|switch|p2a: Iron Thorns|Iron Thorns|100\/100\n|-enditem|p2a: Iron Thorns|Booster Energy\n|-activate|p2a: Iron Thorns|ability: Quark Drive|[fromitem]\n|-start|p2a: Iron Thorns|quarkdriveatk\n|turn|11\n|c|\u2606cintifies|gg\n|\n|t:|1699973844\n|-activate|p1a: Koraidon|confusion\n|move|p1a: Koraidon|Close Combat|p2a: Iron Thorns\n|-supereffective|p2a: Iron Thorns\n|-damage|p2a: Iron Thorns|0 fnt\n|-unboost|p1a: Koraidon|def|1\n|-unboost|p1a: Koraidon|spd|1\n|faint|p2a: Iron Thorns\n|-end|p2a: Iron Thorns|Quark Drive|[silent]\n|\n|win|cintifies\n|raw|cintifies's rating: 1049 &rarr; <strong>1081<\/strong><br \/>(+32 for winning)\n|raw|charrlss27's rating: 1039 &rarr; <strong>1024<\/strong><br \/>(-15 for losing)\n|l|\u2606charrlss27\n|l| Pyrope06\n","uploadtime":1699973859,"views":6,"p1id":"cintifies","p2id":"charrlss27","formatid":"gen9ubers","rating":1024,"private":0,"password":""}