{"id":"gen9ubers-1968025833","p1":"shirosakiaoi","p2":"DelScout","format":"[Gen 9] Ubers","log":"|j|\u2606shirosakiaoi\n|j|\u2606DelScout\n|t:|1697375848\n|gametype|singles\n|player|p1|shirosakiaoi|hugh|\n|player|p2|DelScout|266|\n|teamsize|p1|6\n|teamsize|p2|6\n|gen|9\n|tier|[Gen 9] Ubers\n|rule|Sleep Clause Mod: Limit one foe put to sleep\n|rule|Species Clause: Limit one of each Pok\u00e9mon\n|rule|OHKO Clause: OHKO moves are banned\n|rule|Evasion Items Clause: Evasion items are banned\n|rule|Evasion Moves Clause: Evasion moves are banned\n|rule|Endless Battle Clause: Forcing endless battles is banned\n|rule|HP Percentage Mod: HP is shown in percentages\n|clearpoke\n|poke|p1|Annihilape, M|\n|poke|p1|Landorus, M|\n|poke|p1|Kyogre|\n|poke|p1|Miraidon|\n|poke|p1|Zacian-*|\n|poke|p1|Flutter Mane|\n|poke|p2|Skeledirge, F|\n|poke|p2|Ting-Lu|\n|poke|p2|Koraidon|\n|poke|p2|Flutter Mane|\n|poke|p2|Giratina-Origin|\n|poke|p2|Eternatus|\n|teampreview\n|inactive|Battle timer is ON: inactive players will automatically lose when time's up. (requested by shirosakiaoi)\n|\n|t:|1697375868\n|start\n|switch|p1a: Kyogre|Kyogre|100\/100\n|switch|p2a: Grouraidon|Koraidon|100\/100\n|-weather|RainDance|[from] ability: Drizzle|[of] p1a: Kyogre\n|-weather|SunnyDay|[from] ability: Orichalcum Pulse|[of] p2a: Grouraidon\n|-activate|p2a: Grouraidon|Orichalcum Pulse|[source]\n|turn|1\n|\n|t:|1697375888\n|switch|p1a: Annihilape|Annihilape, M|100\/100\n|move|p2a: Grouraidon|U-turn|p1a: Annihilape\n|-resisted|p1a: Annihilape\n|-damage|p1a: Annihilape|87\/100\n|-damage|p2a: Grouraidon|84\/100|[from] item: Rocky Helmet|[of] p1a: Annihilape\n|-damage|p2a: Grouraidon|74\/100|[from] item: Life Orb\n|\n|t:|1697375900\n|switch|p2a: Tingus|Ting-Lu|100\/100|[from] U-turn\n|-ability|p2a: Tingus|Vessel of Ruin\n|\n|-weather|SunnyDay|[upkeep]\n|upkeep\n|turn|2\n|\n|t:|1697375917\n|-terastallize|p1a: Annihilape|Normal\n|-terastallize|p2a: Tingus|Fairy\n|move|p1a: Annihilape|Bulk Up|p1a: Annihilape\n|-boost|p1a: Annihilape|atk|1\n|-boost|p1a: Annihilape|def|1\n|move|p2a: Tingus|Stealth Rock|p1a: Annihilape\n|-sidestart|p1: shirosakiaoi|move: Stealth Rock\n|\n|-weather|SunnyDay|[upkeep]\n|upkeep\n|turn|3\n|\n|t:|1697375930\n|move|p1a: Annihilape|Bulk Up|p1a: Annihilape\n|-boost|p1a: Annihilape|atk|1\n|-boost|p1a: Annihilape|def|1\n|move|p2a: Tingus|Ruination|p1a: Annihilape\n|-damage|p1a: Annihilape|44\/100\n|\n|-weather|SunnyDay|[upkeep]\n|upkeep\n|turn|4\n|\n|t:|1697375940\n|move|p1a: Annihilape|Rage Fist|p2a: Tingus\n|-damage|p2a: Tingus|28\/100\n|move|p2a: Tingus|Whirlwind|p1a: Annihilape\n|drag|p1a: Kyogre|Kyogre|100\/100\n|-damage|p1a: Kyogre|88\/100|[from] Stealth Rock\n|-weather|RainDance|[from] ability: Drizzle|[of] p1a: Kyogre\n|\n|-weather|RainDance|[upkeep]\n|-heal|p2a: Tingus|34\/100|[from] item: Leftovers\n|upkeep\n|turn|5\n|\n|t:|1697375951\n|switch|p2a: Eternasus|Eternatus|100\/100\n|-ability|p2a: Eternasus|Pressure\n|move|p1a: Kyogre|Origin Pulse|p2a: Eternasus|[miss]\n|-miss|p1a: Kyogre|p2a: Eternasus\n|\n|-weather|RainDance|[upkeep]\n|upkeep\n|turn|6\n|\n|t:|1697375962\n|switch|p1a: Zacian|Zacian-Crowned|100\/100\n|-damage|p1a: Zacian|94\/100|[from] Stealth Rock\n|-ability|p1a: Zacian|Intrepid Sword|boost\n|-boost|p1a: Zacian|atk|1\n|move|p2a: Eternasus|Toxic Spikes|p1a: Zacian\n|-sidestart|p1: shirosakiaoi|move: Toxic Spikes\n|\n|-weather|RainDance|[upkeep]\n|upkeep\n|turn|7\n|\n|t:|1697375985\n|switch|p2a: Crokanbaltortr|Skeledirge, F|100\/100\n|move|p1a: Zacian|Behemoth Blade|p2a: Crokanbaltortr\n|-resisted|p2a: Crokanbaltortr\n|-damage|p2a: Crokanbaltortr|83\/100\n|\n|-weather|RainDance|[upkeep]\n|upkeep\n|turn|8\n|\n|t:|1697375993\n|switch|p1a: Miraidon|Miraidon|100\/100\n|-damage|p1a: Miraidon|88\/100|[from] Stealth Rock\n|-status|p1a: Miraidon|psn\n|-fieldstart|move: Electric Terrain|[from] ability: Hadron Engine|[of] p1a: Miraidon\n|move|p2a: Crokanbaltortr|Will-O-Wisp||[still]\n|-fail|p2a: Crokanbaltortr\n|\n|-weather|none\n|-damage|p1a: Miraidon|76\/100 psn|[from] psn\n|upkeep\n|turn|9\n|inactive|DelScout has 270 seconds left.\n|\n|t:|1697376018\n|switch|p2a: Tingus|Ting-Lu, tera:Fairy|34\/100\n|-ability|p2a: Tingus|Vessel of Ruin\n|move|p1a: Miraidon|Electro Drift|p2a: Tingus\n|-damage|p2a: Tingus|0 fnt\n|faint|p2a: Tingus\n|\n|-damage|p1a: Miraidon|64\/100 psn|[from] psn\n|upkeep\n|inactive|DelScout has 270 seconds left.\n|\n|t:|1697376036\n|switch|p2a: Mismagayest|Flutter Mane|100\/100\n|turn|10\n|\n|t:|1697376043\n|move|p2a: Mismagayest|Moonblast|p1a: Miraidon\n|-supereffective|p1a: Miraidon\n|-damage|p1a: Miraidon|0 fnt\n|faint|p1a: Miraidon\n|\n|upkeep\n|\n|t:|1697376050\n|switch|p1a: Kyogre|Kyogre|88\/100\n|-damage|p1a: Kyogre|76\/100|[from] Stealth Rock\n|-status|p1a: Kyogre|psn\n|-weather|RainDance|[from] ability: Drizzle|[of] p1a: Kyogre\n|turn|11\n|\n|t:|1697376057\n|-end|p2a: Mismagayest|Protosynthesis|[silent]\n|switch|p2a: Eternasus|Eternatus|100\/100\n|-ability|p2a: Eternasus|Pressure\n|move|p1a: Kyogre|Ice Beam|p2a: Eternasus\n|-supereffective|p2a: Eternasus\n|-damage|p2a: Eternasus|50\/100\n|\n|-weather|RainDance|[upkeep]\n|-damage|p1a: Kyogre|64\/100 psn|[from] psn\n|upkeep\n|turn|12\n|\n|t:|1697376071\n|move|p1a: Kyogre|Ice Beam|p2a: Eternasus\n|-supereffective|p2a: Eternasus\n|-damage|p2a: Eternasus|5\/100\n|-status|p2a: Eternasus|frz\n|-curestatus|p2a: Eternasus|frz|[msg]\n|move|p2a: Eternasus|Recover|p2a: Eternasus\n|-heal|p2a: Eternasus|55\/100\n|\n|-weather|RainDance|[upkeep]\n|-damage|p1a: Kyogre|51\/100 psn|[from] psn\n|-fieldend|move: Electric Terrain\n|upkeep\n|turn|13\n|\n|t:|1697376082\n|move|p1a: Kyogre|Ice Beam|p2a: Eternasus\n|-supereffective|p2a: Eternasus\n|-damage|p2a: Eternasus|5\/100\n|move|p2a: Eternasus|Recover|p2a: Eternasus\n|-heal|p2a: Eternasus|55\/100\n|\n|-weather|RainDance|[upkeep]\n|-damage|p1a: Kyogre|39\/100 psn|[from] psn\n|upkeep\n|turn|14\n|\n|t:|1697376090\n|switch|p2a: Crokanbaltortr|Skeledirge, F|83\/100\n|move|p1a: Kyogre|Ice Beam|p2a: Crokanbaltortr\n|-resisted|p2a: Crokanbaltortr\n|-damage|p2a: Crokanbaltortr|63\/100\n|\n|-weather|RainDance|[upkeep]\n|-damage|p1a: Kyogre|27\/100 psn|[from] psn\n|upkeep\n|turn|15\n|\n|t:|1697376103\n|switch|p1a: Annihilape|Annihilape, M, tera:Normal|44\/100\n|-damage|p1a: Annihilape|32\/100|[from] Stealth Rock\n|-status|p1a: Annihilape|psn\n|move|p2a: Crokanbaltortr|Torch Song|p1a: Annihilape\n|-damage|p1a: Annihilape|21\/100 psn\n|-boost|p2a: Crokanbaltortr|spa|1\n|\n|-weather|none\n|-damage|p1a: Annihilape|9\/100 psn|[from] psn\n|upkeep\n|turn|16\n|inactive|DelScout has 270 seconds left.\n|\n|t:|1697376141\n|switch|p2a: Mismagayest|Flutter Mane|100\/100\n|move|p1a: Annihilape|Rage Fist|p2a: Mismagayest\n|-supereffective|p2a: Mismagayest\n|-damage|p2a: Mismagayest|0 fnt\n|faint|p2a: Mismagayest\n|-end|p2a: Mismagayest|Protosynthesis|[silent]\n|\n|-damage|p1a: Annihilape|0 fnt|[from] psn\n|faint|p1a: Annihilape\n|upkeep\n|inactive|DelScout has 270 seconds left.\n|\n|t:|1697376164\n|switch|p2a: Grouraidon|Koraidon|74\/100\n|switch|p1a: Flutter Mane|Flutter Mane|100\/100\n|-weather|SunnyDay|[from] ability: Orichalcum Pulse|[of] p2a: Grouraidon\n|-activate|p1a: Flutter Mane|ability: Protosynthesis\n|-start|p1a: Flutter Mane|protosynthesisspa\n|-activate|p2a: Grouraidon|Orichalcum Pulse|[source]\n|-damage|p1a: Flutter Mane|88\/100|[from] Stealth Rock\n|-status|p1a: Flutter Mane|psn\n|turn|17\n|\n|t:|1697376181\n|move|p2a: Grouraidon|Flare Blitz|p1a: Flutter Mane\n|-damage|p1a: Flutter Mane|0 fnt\n|faint|p1a: Flutter Mane\n|-end|p1a: Flutter Mane|Protosynthesis|[silent]\n|-damage|p2a: Grouraidon|53\/100|[from] Recoil\n|-damage|p2a: Grouraidon|43\/100|[from] item: Life Orb\n|\n|-weather|SunnyDay|[upkeep]\n|upkeep\n|inactive|shirosakiaoi has 270 seconds left.\n|\n|t:|1697376210\n|switch|p1a: Kyogre|Kyogre|27\/100 psn\n|-damage|p1a: Kyogre|14\/100 psn|[from] Stealth Rock\n|-weather|RainDance|[from] ability: Drizzle|[of] p1a: Kyogre\n|turn|18\n|inactive|shirosakiaoi has 270 seconds left.\n|inactive|DelScout has 240 seconds left.\n|\n|t:|1697376252\n|switch|p2a: Eternasus|Eternatus|55\/100\n|-ability|p2a: Eternasus|Pressure\n|move|p1a: Kyogre|Origin Pulse|p2a: Eternasus\n|-resisted|p2a: Eternasus\n|-damage|p2a: Eternasus|22\/100\n|\n|-weather|RainDance|[upkeep]\n|-damage|p1a: Kyogre|2\/100 psn|[from] psn\n|upkeep\n|turn|19\n|inactive|shirosakiaoi has 270 seconds left.\n|inactive|DelScout has 210 seconds left.\n|inactive|DelScout has 180 seconds left.\n|\n|t:|1697376335\n|switch|p2a: Gironina|Giratina-Origin, shiny|100\/100\n|move|p1a: Kyogre|Origin Pulse|p2a: Gironina\n|-resisted|p2a: Gironina\n|-damage|p2a: Gironina|69\/100\n|\n|-weather|RainDance|[upkeep]\n|-damage|p1a: Kyogre|0 fnt|[from] psn\n|faint|p1a: Kyogre\n|upkeep\n|inactive|shirosakiaoi has 240 seconds left.\n|inactive|shirosakiaoi has 210 seconds left.\n|inactive|shirosakiaoi has 180 seconds left.\n|inactive|shirosakiaoi has 150 seconds left.\n|inactive|shirosakiaoi has 120 seconds left.\n|inactive|shirosakiaoi has 90 seconds left.\n|inactiveoff|Battle timer is now OFF.\n|\n|t:|1697376527\n|switch|p1a: Zacian|Zacian-Crowned|94\/100\n|-damage|p1a: Zacian|88\/100|[from] Stealth Rock\n|turn|20\n|\n|t:|1697376578\n|move|p1a: Zacian|Play Rough|p2a: Gironina\n|-supereffective|p2a: Gironina\n|-damage|p2a: Gironina|0 fnt\n|faint|p2a: Gironina\n|\n|-weather|RainDance|[upkeep]\n|upkeep\n|\n|t:|1697376584\n|switch|p2a: Crokanbaltortr|Skeledirge, F|63\/100\n|turn|21\n|\n|t:|1697376588\n|switch|p1a: Landorus|Landorus, M|100\/100\n|-damage|p1a: Landorus|88\/100|[from] Stealth Rock\n|move|p2a: Crokanbaltortr|Will-O-Wisp|p1a: Landorus\n|-status|p1a: Landorus|brn\n|\n|-weather|RainDance|[upkeep]\n|-damage|p1a: Landorus|82\/100 brn|[from] brn\n|upkeep\n|turn|22\n|\n|t:|1697376614\n|switch|p2a: Grouraidon|Koraidon|43\/100\n|-weather|SunnyDay|[from] ability: Orichalcum Pulse|[of] p2a: Grouraidon\n|-activate|p2a: Grouraidon|Orichalcum Pulse|[source]\n|move|p1a: Landorus|Sandsear Storm|p2a: Grouraidon\n|-damage|p2a: Grouraidon|0 fnt\n|faint|p2a: Grouraidon\n|\n|-weather|SunnyDay|[upkeep]\n|-damage|p1a: Landorus|75\/100 brn|[from] brn\n|upkeep\n|\n|t:|1697376623\n|switch|p2a: Eternasus|Eternatus|22\/100\n|-ability|p2a: Eternasus|Pressure\n|turn|23\n|\n|t:|1697376633\n|move|p2a: Eternasus|Recover|p2a: Eternasus\n|-heal|p2a: Eternasus|72\/100\n|move|p1a: Landorus|Extrasensory|p2a: Eternasus\n|-supereffective|p2a: Eternasus\n|-damage|p2a: Eternasus|18\/100\n|\n|-weather|SunnyDay|[upkeep]\n|-damage|p1a: Landorus|69\/100 brn|[from] brn\n|upkeep\n|turn|24\n|\n|t:|1697376642\n|move|p2a: Eternasus|Dynamax Cannon|p1a: Landorus\n|-damage|p1a: Landorus|9\/100 brn\n|move|p1a: Landorus|Extrasensory|p2a: Eternasus\n|-supereffective|p2a: Eternasus\n|-damage|p2a: Eternasus|0 fnt\n|faint|p2a: Eternasus\n|\n|-weather|SunnyDay|[upkeep]\n|-damage|p1a: Landorus|3\/100 brn|[from] brn\n|upkeep\n|\n|t:|1697376649\n|switch|p2a: Crokanbaltortr|Skeledirge, F|63\/100\n|turn|25\n|\n|t:|1697376655\n|move|p1a: Landorus|Sandsear Storm|p2a: Crokanbaltortr\n|-supereffective|p2a: Crokanbaltortr\n|-damage|p2a: Crokanbaltortr|0 fnt\n|faint|p2a: Crokanbaltortr\n|\n|win|shirosakiaoi\n|c|\u2606DelScout|gg\n","uploadtime":1697376659,"views":14,"p1id":"shirosakiaoi","p2id":"delscout","formatid":"gen9ubers","rating":0,"private":0,"password":""}