{"id":"gen9ubers-1987574399","p1":"bennymbs","p2":"raveplays","format":"[Gen 9] Ubers","log":"|j|\u2606bennymbs\n|j|\u2606raveplays\n|t:|1699614253\n|gametype|singles\n|player|p1|bennymbs|mina|\n|player|p2|raveplays|265|\n|teamsize|p1|6\n|teamsize|p2|6\n|gen|9\n|tier|[Gen 9] Ubers\n|rule|Sleep Clause Mod: Limit one foe put to sleep\n|rule|Species Clause: Limit one of each Pok\u00e9mon\n|rule|OHKO Clause: OHKO moves are banned\n|rule|Evasion Items Clause: Evasion items are banned\n|rule|Evasion Moves Clause: Evasion moves are banned\n|rule|Endless Battle Clause: Forcing endless battles is banned\n|rule|HP Percentage Mod: HP is shown in percentages\n|clearpoke\n|poke|p1|Cyclizar, M|\n|poke|p1|Zacian-*|\n|poke|p1|Magearna|\n|poke|p1|Palkia-Origin|\n|poke|p1|Arceus-Fire|\n|poke|p1|Shaymin-Sky|\n|poke|p2|Torkoal, M|\n|poke|p2|Walking Wake|\n|poke|p2|Chi-Yu|\n|poke|p2|Roaring Moon|\n|poke|p2|Clefable, F|\n|poke|p2|Revavroom, F|\n|teampreview\n|inactive|Battle timer is ON: inactive players will automatically lose when time's up. (requested by bennymbs)\n|\n|t:|1699614268\n|start\n|switch|p1a: Shaymin|Shaymin-Sky|100\/100\n|switch|p2a: 9\/11|Roaring Moon|100\/100\n|turn|1\n|\n|t:|1699614283\n|-terastallize|p2a: 9\/11|Dragon\n|move|p1a: Shaymin|Air Slash|p2a: 9\/11\n|-damage|p2a: 9\/11|56\/100\n|-damage|p1a: Shaymin|91\/100|[from] item: Life Orb\n|move|p2a: 9\/11|Outrage|p1a: Shaymin\n|-damage|p1a: Shaymin|0 fnt\n|faint|p1a: Shaymin\n|\n|upkeep\n|\n|t:|1699614292\n|switch|p1a: Zacian|Zacian|100\/100\n|-ability|p1a: Zacian|Intrepid Sword|boost\n|-boost|p1a: Zacian|atk|1\n|turn|2\n|\n|t:|1699614298\n|move|p1a: Zacian|Play Rough|p2a: 9\/11\n|-supereffective|p2a: 9\/11\n|-enditem|p2a: 9\/11|Roseli Berry|[eat]\n|-enditem|p2a: 9\/11|Roseli Berry|[weaken]\n|-damage|p2a: 9\/11|0 fnt\n|faint|p2a: 9\/11\n|-end|p2a: 9\/11|Protosynthesis|[silent]\n|\n|upkeep\n|\n|t:|1699614325\n|switch|p2a: Paul Walker|Revavroom, F|100\/100\n|turn|3\n|\n|t:|1699614340\n|switch|p1a: Arceus|Arceus-Fire|100\/100\n|move|p2a: Paul Walker|Gunk Shot|p1a: Arceus\n|-damage|p1a: Arceus|54\/100\n|-status|p1a: Arceus|psn\n|\n|-damage|p1a: Arceus|41\/100 psn|[from] psn\n|upkeep\n|turn|4\n|\n|t:|1699614353\n|move|p1a: Arceus|Earthquake|p2a: Paul Walker\n|-supereffective|p2a: Paul Walker\n|-damage|p2a: Paul Walker|0 fnt\n|faint|p2a: Paul Walker\n|\n|-damage|p1a: Arceus|29\/100 psn|[from] psn\n|upkeep\n|\n|t:|1699614368\n|switch|p2a: Hiroshima|Chi-Yu|100\/100\n|-ability|p2a: Hiroshima|Beads of Ruin\n|turn|5\n|\n|t:|1699614382\n|move|p1a: Arceus|Extreme Speed|p2a: Hiroshima\n|-damage|p2a: Hiroshima|50\/100\n|move|p2a: Hiroshima|Dark Pulse|p1a: Arceus\n|-damage|p1a: Arceus|0 fnt\n|faint|p1a: Arceus\n|\n|upkeep\n|\n|t:|1699614391\n|switch|p1a: Zacian|Zacian|100\/100\n|turn|6\n|\n|t:|1699614401\n|move|p2a: Hiroshima|Dark Pulse|p1a: Zacian\n|-resisted|p1a: Zacian\n|-damage|p1a: Zacian|76\/100\n|cant|p1a: Zacian|flinch\n|\n|upkeep\n|turn|7\n|\n|t:|1699614404\n|move|p2a: Hiroshima|Dark Pulse|p1a: Zacian\n|-resisted|p1a: Zacian\n|-damage|p1a: Zacian|49\/100\n|move|p1a: Zacian|Play Rough|p2a: Hiroshima\n|-damage|p2a: Hiroshima|0 fnt\n|faint|p2a: Hiroshima\n|\n|upkeep\n|\n|t:|1699614412\n|switch|p2a: Nagasaki|Walking Wake|100\/100\n|turn|8\n|\n|t:|1699614417\n|move|p1a: Zacian|Play Rough|p2a: Nagasaki|[miss]\n|-miss|p1a: Zacian|p2a: Nagasaki\n|move|p2a: Nagasaki|Hydro Steam|p1a: Zacian\n|-damage|p1a: Zacian|0 fnt\n|faint|p1a: Zacian\n|\n|upkeep\n|c|\u2606bennymbs|Fuck\n|\n|t:|1699614438\n|switch|p1a: Palkia|Palkia-Origin|100\/100\n|-ability|p1a: Palkia|Pressure\n|turn|9\n|\n|t:|1699614455\n|-end|p2a: Nagasaki|Protosynthesis|[silent]\n|switch|p2a: Challenger|Clefable, F|100\/100\n|move|p1a: Palkia|Spacial Rend|p2a: Challenger\n|-immune|p2a: Challenger\n|\n|upkeep\n|turn|10\n|\n|t:|1699614468\n|-terastallize|p1a: Palkia|Water\n|move|p1a: Palkia|Hydro Pump|p2a: Challenger\n|-crit|p2a: Challenger\n|-damage|p2a: Challenger|0 fnt\n|faint|p2a: Challenger\n|\n|upkeep\n|c|\u2606bennymbs|Oh shit\n|inactive|raveplays has 270 seconds left.\n|c|\u2606bennymbs|Feels bad\n|\n|t:|1699614500\n|switch|p2a: Nagasaki|Walking Wake|100\/100\n|turn|11\n|inactive|raveplays has 270 seconds left.\n|\n|t:|1699614508\n|move|p1a: Palkia|Spacial Rend|p2a: Nagasaki\n|-supereffective|p2a: Nagasaki\n|-damage|p2a: Nagasaki|0 fnt\n|faint|p2a: Nagasaki\n|-end|p2a: Nagasaki|Protosynthesis|[silent]\n|\n|upkeep\n|c|\u2606raveplays|meh gg\n|inactive|raveplays has 270 seconds left.\n|c|\u2606bennymbs|Ggs bro\n|\n|t:|1699614515\n|switch|p2a: Oppenheimer|Torkoal, M|100\/100\n|-weather|SunnyDay|[from] ability: Drought|[of] p2a: Oppenheimer\n|turn|12\n|\n|t:|1699614521\n|move|p1a: Palkia|Hydro Pump|p2a: Oppenheimer\n|-supereffective|p2a: Oppenheimer\n|-damage|p2a: Oppenheimer|0 fnt\n|faint|p2a: Oppenheimer\n|\n|win|bennymbs\n|c|\u2606raveplays|gf\n","uploadtime":1699614528,"views":24,"p1id":"bennymbs","p2id":"raveplays","formatid":"gen9ubers","rating":0,"private":0,"password":""}