{"id":"gen9ubers-1990899476","p1":"DragonPhoenix333","p2":"Dregone","format":"[Gen 9] Ubers","log":"|j|\u2606DragonPhoenix333\n|j|\u2606Dregone\n|inactive|Battle timer is ON: inactive players will automatically lose when time's up.\n|t:|1700012895\n|gametype|singles\n|player|p1|DragonPhoenix333|nobunaga-conquest|\n|player|p2|Dregone|cynthia-masters|\n|teamsize|p1|6\n|teamsize|p2|6\n|gen|9\n|tier|[Gen 9] Ubers\n|rated|Tournament battle\n|rule|Sleep Clause Mod: Limit one foe put to sleep\n|rule|Species Clause: Limit one of each Pok\u00e9mon\n|rule|OHKO Clause: OHKO moves are banned\n|rule|Evasion Items Clause: Evasion items are banned\n|rule|Evasion Moves Clause: Evasion moves are banned\n|rule|Endless Battle Clause: Forcing endless battles is banned\n|rule|HP Percentage Mod: HP is shown in percentages\n|clearpoke\n|poke|p1|Koraidon|\n|poke|p1|Flutter Mane|\n|poke|p1|Miraidon|\n|poke|p1|Iron Bundle|\n|poke|p1|Scream Tail|\n|poke|p1|Iron Treads|\n|poke|p2|Koraidon|\n|poke|p2|Miraidon|\n|poke|p2|Flutter Mane|\n|poke|p2|Great Tusk|\n|poke|p2|Iron Treads|\n|poke|p2|Roaring Moon|\n|teampreview\n|j|*Lady Monita \u2746\n|inactive|Dregone also wants the timer to be on.\n|c|\u2606Dregone|glhf\n|j| happysh\n|inactive|DragonPhoenix333 has 120 seconds left.\n|c|\u2606DragonPhoenix333|hf\n|\n|t:|1700012937\n|start\n|switch|p1a: Koraidon|Koraidon|100\/100\n|switch|p2a: Iron Treads|Iron Treads|100\/100\n|-weather|SunnyDay|[from] ability: Orichalcum Pulse|[of] p1a: Koraidon\n|-activate|p1a: Koraidon|Orichalcum Pulse|[source]\n|turn|1\n|\n|t:|1700012948\n|-end|p2a: Iron Treads|Quark Drive|[silent]\n|switch|p2a: Great Tusk|Great Tusk|100\/100\n|-activate|p2a: Great Tusk|ability: Protosynthesis\n|-start|p2a: Great Tusk|protosynthesisatk\n|move|p1a: Koraidon|Flare Blitz|p2a: Great Tusk\n|-damage|p2a: Great Tusk|35\/100\n|-damage|p1a: Koraidon|77\/100|[from] Recoil\n|\n|-weather|SunnyDay|[upkeep]\n|upkeep\n|turn|2\n|c|\u2606DragonPhoenix333|dayum\n|\n|t:|1700012969\n|switch|p1a: Flutter Mane|Flutter Mane|100\/100\n|-activate|p1a: Flutter Mane|ability: Protosynthesis\n|-start|p1a: Flutter Mane|protosynthesisspe\n|-end|p2a: Great Tusk|Protosynthesis|[silent]\n|switch|p2a: Koraidon|Koraidon|100\/100\n|-activate|p2a: Koraidon|ability: Orichalcum Pulse\n|\n|-weather|SunnyDay|[upkeep]\n|upkeep\n|turn|3\n|\n|t:|1700012980\n|switch|p2a: Iron Treads|Iron Treads|100\/100\n|move|p1a: Flutter Mane|Substitute|p1a: Flutter Mane\n|-start|p1a: Flutter Mane|Substitute\n|-damage|p1a: Flutter Mane|76\/100\n|\n|-weather|SunnyDay|[upkeep]\n|upkeep\n|turn|4\n|\n|t:|1700012989\n|move|p1a: Flutter Mane|Shadow Ball|p2a: Iron Treads\n|-damage|p2a: Iron Treads|64\/100\n|move|p2a: Iron Treads|Earthquake|p1a: Flutter Mane\n|-end|p1a: Flutter Mane|Substitute\n|\n|-weather|SunnyDay|[upkeep]\n|-heal|p2a: Iron Treads|70\/100|[from] item: Leftovers\n|upkeep\n|turn|5\n|\n|t:|1700012996\n|move|p1a: Flutter Mane|Substitute|p1a: Flutter Mane\n|-start|p1a: Flutter Mane|Substitute\n|-damage|p1a: Flutter Mane|51\/100\n|move|p2a: Iron Treads|Stealth Rock|p1a: Flutter Mane\n|-sidestart|p1: DragonPhoenix333|move: Stealth Rock\n|\n|-weather|none\n|-end|p1a: Flutter Mane|Protosynthesis\n|-heal|p2a: Iron Treads|76\/100|[from] item: Leftovers\n|upkeep\n|-enditem|p1a: Flutter Mane|Booster Energy\n|-activate|p1a: Flutter Mane|ability: Protosynthesis|[fromitem]\n|-start|p1a: Flutter Mane|protosynthesisspe\n|turn|6\n|\n|t:|1700013002\n|move|p1a: Flutter Mane|Pain Split|p2a: Iron Treads\n|-sethp|p2a: Iron Treads|55\/100|[from] move: Pain Split|[silent]\n|-sethp|p1a: Flutter Mane|83\/100|[from] move: Pain Split\n|move|p2a: Iron Treads|Earthquake|p1a: Flutter Mane\n|-end|p1a: Flutter Mane|Substitute\n|\n|-heal|p2a: Iron Treads|61\/100|[from] item: Leftovers\n|upkeep\n|turn|7\n|\n|t:|1700013012\n|move|p1a: Flutter Mane|Shadow Ball|p2a: Iron Treads\n|-crit|p2a: Iron Treads\n|-damage|p2a: Iron Treads|9\/100\n|move|p2a: Iron Treads|Earthquake|p1a: Flutter Mane\n|-damage|p1a: Flutter Mane|0 fnt\n|faint|p1a: Flutter Mane\n|-end|p1a: Flutter Mane|Protosynthesis|[silent]\n|\n|-heal|p2a: Iron Treads|16\/100|[from] item: Leftovers\n|upkeep\n|\n|t:|1700013023\n|switch|p1a: Koraidon|Koraidon|77\/100\n|-damage|p1a: Koraidon|71\/100|[from] Stealth Rock\n|-weather|SunnyDay|[from] ability: Orichalcum Pulse|[of] p1a: Koraidon\n|-activate|p1a: Koraidon|Orichalcum Pulse|[source]\n|turn|8\n|\n|t:|1700013029\n|move|p1a: Koraidon|Flare Blitz|p2a: Iron Treads\n|-supereffective|p2a: Iron Treads\n|-damage|p2a: Iron Treads|0 fnt\n|faint|p2a: Iron Treads\n|-end|p2a: Iron Treads|Quark Drive|[silent]\n|-damage|p1a: Koraidon|65\/100|[from] Recoil\n|\n|-weather|SunnyDay|[upkeep]\n|upkeep\n|\n|t:|1700013042\n|switch|p2a: Koraidon|Koraidon|100\/100\n|-activate|p2a: Koraidon|ability: Orichalcum Pulse\n|turn|9\n|\n|t:|1700013048\n|move|p1a: Koraidon|Flare Blitz|p2a: Koraidon\n|-resisted|p2a: Koraidon\n|-damage|p2a: Koraidon|63\/100\n|-damage|p1a: Koraidon|53\/100|[from] Recoil\n|move|p2a: Koraidon|Swords Dance|p2a: Koraidon\n|-boost|p2a: Koraidon|atk|2\n|\n|-weather|SunnyDay|[upkeep]\n|upkeep\n|turn|10\n|\n|t:|1700013053\n|move|p1a: Koraidon|Flare Blitz|p2a: Koraidon\n|-resisted|p2a: Koraidon\n|-damage|p2a: Koraidon|26\/100\n|-damage|p1a: Koraidon|40\/100|[from] Recoil\n|move|p2a: Koraidon|Scale Shot|p1a: Koraidon\n|-supereffective|p1a: Koraidon\n|-damage|p1a: Koraidon|0 fnt\n|faint|p1a: Koraidon\n|-hitcount|p1: Koraidon|1\n|-unboost|p2a: Koraidon|def|1\n|-boost|p2a: Koraidon|spe|1\n|\n|-weather|SunnyDay|[upkeep]\n|upkeep\n|\n|t:|1700013057\n|switch|p1a: Scream Tail|Scream Tail|100\/100\n|-damage|p1a: Scream Tail|88\/100|[from] Stealth Rock\n|-activate|p1a: Scream Tail|ability: Protosynthesis\n|-start|p1a: Scream Tail|protosynthesisspe\n|turn|11\n|\n|t:|1700013063\n|move|p2a: Koraidon|Flare Blitz|p1a: Scream Tail\n|-damage|p1a: Scream Tail|0 fnt\n|faint|p1a: Scream Tail\n|-end|p1a: Scream Tail|Protosynthesis|[silent]\n|-damage|p2a: Koraidon|0 fnt|[from] Recoil\n|faint|p2a: Koraidon\n|\n|-weather|SunnyDay|[upkeep]\n|upkeep\n|\n|t:|1700013077\n|switch|p2a: Flutter Mane|Flutter Mane|100\/100\n|switch|p1a: Iron Treads|Iron Treads|100\/100\n|-activate|p2a: Flutter Mane|ability: Protosynthesis\n|-start|p2a: Flutter Mane|protosynthesisspe\n|-damage|p1a: Iron Treads|97\/100|[from] Stealth Rock\n|turn|12\n|\n|t:|1700013082\n|move|p2a: Flutter Mane|Mystical Fire|p1a: Iron Treads\n|-supereffective|p1a: Iron Treads\n|-damage|p1a: Iron Treads|41\/100\n|-unboost|p1a: Iron Treads|spa|1\n|-damage|p2a: Flutter Mane|91\/100|[from] item: Life Orb\n|move|p1a: Iron Treads|Knock Off|p2a: Flutter Mane\n|-damage|p2a: Flutter Mane|33\/100\n|-enditem|p2a: Flutter Mane|Life Orb|[from] move: Knock Off|[of] p1a: Iron Treads\n|\n|-weather|none\n|-end|p2a: Flutter Mane|Protosynthesis\n|upkeep\n|turn|13\n|\n|t:|1700013092\n|move|p2a: Flutter Mane|Mystical Fire|p1a: Iron Treads\n|-supereffective|p1a: Iron Treads\n|-damage|p1a: Iron Treads|12\/100\n|-unboost|p1a: Iron Treads|spa|1\n|move|p1a: Iron Treads|Earthquake|p2a: Flutter Mane\n|-damage|p2a: Flutter Mane|0 fnt\n|faint|p2a: Flutter Mane\n|-end|p2a: Flutter Mane|Protosynthesis|[silent]\n|\n|upkeep\n|\n|t:|1700013111\n|switch|p2a: Roaring Moon|Roaring Moon|100\/100\n|turn|14\n|\n|t:|1700013129\n|-terastallize|p2a: Roaring Moon|Ground\n|move|p2a: Roaring Moon|Dragon Dance|p2a: Roaring Moon\n|-boost|p2a: Roaring Moon|atk|1\n|-boost|p2a: Roaring Moon|spe|1\n|move|p1a: Iron Treads|Volt Switch|p2a: Roaring Moon\n|-immune|p2a: Roaring Moon\n|\n|upkeep\n|turn|15\n|c|\u2606Dregone|READ\n|c|\u2606DragonPhoenix333|sadge\n|\n|t:|1700013144\n|move|p2a: Roaring Moon|Dragon Dance|p2a: Roaring Moon\n|-boost|p2a: Roaring Moon|atk|1\n|-boost|p2a: Roaring Moon|spe|1\n|move|p1a: Iron Treads|Knock Off|p2a: Roaring Moon\n|-damage|p2a: Roaring Moon|70\/100\n|-enditem|p2a: Roaring Moon|Focus Sash|[from] move: Knock Off|[of] p1a: Iron Treads\n|\n|upkeep\n|turn|16\n|inactive|Dregone has 120 seconds left.\n|c|\u2606DragonPhoenix333|why did i knock off\n|\n|t:|1700013168\n|move|p2a: Roaring Moon|Crunch|p1a: Iron Treads\n|-damage|p1a: Iron Treads|0 fnt\n|faint|p1a: Iron Treads\n|-end|p1a: Iron Treads|Quark Drive|[silent]\n|\n|upkeep\n|c|\u2606DragonPhoenix333|why didnt i eq\n|c|\u2606DragonPhoenix333|am i stupid\n|\n|t:|1700013173\n|switch|p1a: Miraidon|Miraidon|100\/100\n|-damage|p1a: Miraidon|88\/100|[from] Stealth Rock\n|-fieldstart|move: Electric Terrain|[from] ability: Hadron Engine|[of] p1a: Miraidon\n|turn|17\n|\n|t:|1700013180\n|-terastallize|p1a: Miraidon|Fairy\n|move|p2a: Roaring Moon|Earthquake|p1a: Miraidon\n|-damage|p1a: Miraidon|0 fnt\n|faint|p1a: Miraidon\n|\n|upkeep\n|\n|t:|1700013184\n|switch|p1a: Iron Bundle|Iron Bundle|100\/100\n|-damage|p1a: Iron Bundle|76\/100|[from] Stealth Rock\n|-activate|p1a: Iron Bundle|ability: Quark Drive\n|-start|p1a: Iron Bundle|quarkdrivespe\n|turn|18\n|c|\u2606Dregone|gg\n|c|\u2606DragonPhoenix333|gg\n|\n|t:|1700013191\n|move|p2a: Roaring Moon|Earthquake|p1a: Iron Bundle\n|-damage|p1a: Iron Bundle|0 fnt\n|faint|p1a: Iron Bundle\n|-end|p1a: Iron Bundle|Quark Drive|[silent]\n|\n|win|Dregone\n|n|\u2606DragonPhoenix333|dragonphoenix333\n|n|\u2606Dregone|dregone\n|n|*Lady Monita \u2746|ladymonita\n|n| happysh|happysh\n|l|*Lady Monita \u2746\n|l|\u2606DragonPhoenix333\n|c|\u2606Dregone|crazy read\n","uploadtime":1700013192,"views":58,"p1id":"dragonphoenix333","p2id":"dregone","formatid":"gen9ubers","rating":0,"private":0,"password":""}