{"id":"gen9ubers-1971360564","p1":"biotrue","p2":"Anne Frankkkk","format":"[Gen 9] Ubers","log":"|j|\u2606biotrue\n|j|\u2606Anne Frankkkk\n|t:|1697732399\n|gametype|singles\n|player|p1|biotrue|pokemaniac|1135\n|player|p2|Anne Frankkkk|hilbert|1225\n|teamsize|p1|6\n|teamsize|p2|6\n|gen|9\n|tier|[Gen 9] Ubers\n|rated|\n|rule|Sleep Clause Mod: Limit one foe put to sleep\n|rule|Species Clause: Limit one of each Pok\u00e9mon\n|rule|OHKO Clause: OHKO moves are banned\n|rule|Evasion Items Clause: Evasion items are banned\n|rule|Evasion Moves Clause: Evasion moves are banned\n|rule|Endless Battle Clause: Forcing endless battles is banned\n|rule|HP Percentage Mod: HP is shown in percentages\n|clearpoke\n|poke|p1|Urshifu-*, M|\n|poke|p1|Volcarona, M|\n|poke|p1|Miraidon|\n|poke|p1|Landorus, M|\n|poke|p1|Mewtwo|\n|poke|p1|Chandelure, F|\n|poke|p2|Quaquaval, M|\n|poke|p2|Kyogre|\n|poke|p2|Chien-Pao|\n|poke|p2|Donphan, F|\n|poke|p2|Miraidon|\n|poke|p2|Iron Moth|\n|teampreview\n|inactive|Battle timer is ON: inactive players will automatically lose when time's up. (requested by Anne Frankkkk)\n|\n|t:|1697732411\n|start\n|switch|p1a: Landorus|Landorus, M|100\/100\n|switch|p2a: Kyogre|Kyogre|100\/100\n|-weather|RainDance|[from] ability: Drizzle|[of] p2a: Kyogre\n|turn|1\n|\n|t:|1697732419\n|switch|p1a: Miraidon|Miraidon|100\/100\n|-fieldstart|move: Electric Terrain|[from] ability: Hadron Engine|[of] p1a: Miraidon\n|move|p2a: Kyogre|Water Spout|p1a: Miraidon\n|-resisted|p1a: Miraidon\n|-damage|p1a: Miraidon|42\/100\n|\n|-weather|RainDance|[upkeep]\n|upkeep\n|turn|2\n|\n|t:|1697732428\n|move|p2a: Kyogre|Water Spout|p1a: Miraidon\n|-resisted|p1a: Miraidon\n|-damage|p1a: Miraidon|0 fnt\n|faint|p1a: Miraidon\n|\n|-weather|RainDance|[upkeep]\n|upkeep\n|\n|t:|1697732436\n|switch|p1a: Urshifu|Urshifu-Rapid-Strike, M|100\/100\n|turn|3\n|\n|t:|1697732448\n|switch|p2a: Donphan|Donphan, F, shiny|100\/100\n|move|p1a: Urshifu|Poison Jab|p2a: Donphan\n|-resisted|p2a: Donphan\n|-damage|p2a: Donphan|86\/100\n|-damage|p1a: Urshifu|91\/100|[from] item: Life Orb\n|\n|-weather|RainDance|[upkeep]\n|upkeep\n|turn|4\n|\n|t:|1697732456\n|move|p1a: Urshifu|Surging Strikes|p2a: Donphan\n|-supereffective|p2a: Donphan\n|-crit|p2a: Donphan\n|-damage|p2a: Donphan|25\/100\n|-supereffective|p2a: Donphan\n|-crit|p2a: Donphan\n|-damage|p2a: Donphan|0 fnt\n|faint|p2a: Donphan\n|-hitcount|p2: Donphan|2\n|-damage|p1a: Urshifu|81\/100|[from] item: Life Orb\n|\n|-weather|RainDance|[upkeep]\n|upkeep\n|\n|t:|1697732460\n|switch|p2a: Kyogre|Kyogre|100\/100\n|turn|5\n|\n|t:|1697732468\n|move|p2a: Kyogre|Thunder|p1a: Urshifu\n|-supereffective|p1a: Urshifu\n|-damage|p1a: Urshifu|0 fnt\n|faint|p1a: Urshifu\n|\n|-weather|none\n|-fieldend|move: Electric Terrain\n|upkeep\n|\n|t:|1697732481\n|switch|p1a: Volcarona|Volcarona, M|100\/100\n|turn|6\n|\n|t:|1697732490\n|switch|p2a: Quaquaval|Quaquaval, M, shiny|100\/100\n|switch|p1a: Mewtwo|Mewtwo|100\/100\n|-ability|p1a: Mewtwo|Pressure\n|\n|upkeep\n|turn|7\n|\n|t:|1697732508\n|-terastallize|p1a: Mewtwo|Ghost\n|move|p1a: Mewtwo|Shadow Ball|p2a: Quaquaval\n|-damage|p2a: Quaquaval|0 fnt\n|faint|p2a: Quaquaval\n|\n|upkeep\n|\n|t:|1697732518\n|switch|p2a: Chien-Pao|Chien-Pao|100\/100\n|-ability|p2a: Chien-Pao|Sword of Ruin\n|turn|8\n|\n|t:|1697732525\n|switch|p1a: Landorus|Landorus, M|100\/100\n|move|p2a: Chien-Pao|Crunch|p1a: Landorus\n|-damage|p1a: Landorus|25\/100\n|-damage|p2a: Chien-Pao|91\/100|[from] item: Life Orb\n|\n|upkeep\n|turn|9\n|\n|t:|1697732534\n|move|p2a: Chien-Pao|Crunch|p1a: Landorus\n|-damage|p1a: Landorus|0 fnt\n|faint|p1a: Landorus\n|-damage|p2a: Chien-Pao|81\/100|[from] item: Life Orb\n|\n|upkeep\n|\n|t:|1697732541\n|switch|p1a: Volcarona|Volcarona, M|100\/100\n|turn|10\n|\n|t:|1697732545\n|move|p2a: Chien-Pao|Swords Dance|p2a: Chien-Pao\n|-boost|p2a: Chien-Pao|atk|2\n|move|p1a: Volcarona|Fire Blast|p2a: Chien-Pao\n|-supereffective|p2a: Chien-Pao\n|-damage|p2a: Chien-Pao|0 fnt\n|faint|p2a: Chien-Pao\n|\n|upkeep\n|\n|t:|1697732550\n|switch|p2a: Kyogre|Kyogre|100\/100\n|-weather|RainDance|[from] ability: Drizzle|[of] p2a: Kyogre\n|turn|11\n|\n|t:|1697732556\n|switch|p1a: Mewtwo|Mewtwo, tera:Ghost|100\/100\n|-ability|p1a: Mewtwo|Pressure\n|-terastallize|p2a: Kyogre|Water\n|move|p2a: Kyogre|Water Spout|p1a: Mewtwo\n|-damage|p1a: Mewtwo|0 fnt\n|faint|p1a: Mewtwo\n|\n|-weather|RainDance|[upkeep]\n|upkeep\n|\n|t:|1697732566\n|switch|p1a: Chandelure|Chandelure, F|100\/100\n|turn|12\n|\n|t:|1697732569\n|move|p2a: Kyogre|Water Spout|p1a: Chandelure\n|-supereffective|p1a: Chandelure\n|-damage|p1a: Chandelure|0 fnt\n|faint|p1a: Chandelure\n|\n|-weather|RainDance|[upkeep]\n|upkeep\n|\n|t:|1697732576\n|switch|p1a: Volcarona|Volcarona, M|100\/100\n|turn|13\n|\n|t:|1697732581\n|move|p2a: Kyogre|Water Spout|p1a: Volcarona\n|-supereffective|p1a: Volcarona\n|-damage|p1a: Volcarona|0 fnt\n|faint|p1a: Volcarona\n|\n|win|Anne Frankkkk\n|raw|biotrue's rating: 1135 &rarr; <strong>1116<\/strong><br \/>(-19 for losing)\n|raw|Anne Frankkkk's rating: 1225 &rarr; <strong>1244<\/strong><br \/>(+19 for winning)\n","uploadtime":1697732588,"views":9,"p1id":"biotrue","p2id":"annefrankkkk","formatid":"gen9ubers","rating":1116,"private":0,"password":""}