{"id":"gen9ubers-1990157612","p1":"Sol CPU","p2":"KickinAsh","format":"[Gen 9] Ubers","log":"|j|\u2606Sol CPU\n|j|\u2606KickinAsh\n|t:|1699930908\n|gametype|singles\n|player|p1|Sol CPU|ethan|\n|player|p2|KickinAsh|battlegirl-gen4|\n|teamsize|p1|6\n|teamsize|p2|6\n|gen|9\n|tier|[Gen 9] Ubers\n|rule|Sleep Clause Mod: Limit one foe put to sleep\n|rule|Species Clause: Limit one of each Pok\u00e9mon\n|rule|OHKO Clause: OHKO moves are banned\n|rule|Evasion Items Clause: Evasion items are banned\n|rule|Evasion Moves Clause: Evasion moves are banned\n|rule|Endless Battle Clause: Forcing endless battles is banned\n|rule|HP Percentage Mod: HP is shown in percentages\n|clearpoke\n|poke|p1|Volcarona, F|\n|poke|p1|Meloetta|\n|poke|p1|Lycanroc-Dusk, M|\n|poke|p1|Great Tusk|\n|poke|p1|Dragalge, M|\n|poke|p1|Mismagius, F|\n|poke|p2|Kilowattrel, M|\n|poke|p2|Froslass, F|\n|poke|p2|Kleavor, F|\n|poke|p2|Gyarados, M|\n|poke|p2|Slowking-Galar, F|\n|poke|p2|Iron Treads|\n|teampreview\n|j| BLACK METAL 3\n|j| Squirshawott\n|\n|t:|1699930957\n|start\n|switch|p1a: M O T H|Volcarona, F|100\/100\n|switch|p2a: Triclops|Slowking-Galar, F|100\/100\n|turn|1\n|\n|t:|1699931013\n|move|p1a: M O T H|Quiver Dance|p1a: M O T H\n|-boost|p1a: M O T H|spa|1\n|-boost|p1a: M O T H|spd|1\n|-boost|p1a: M O T H|spe|1\n|move|p2a: Triclops|Sludge Bomb|p1a: M O T H\n|-damage|p1a: M O T H|71\/100\n|-status|p1a: M O T H|psn\n|\n|-heal|p1a: M O T H|77\/100 psn|[from] item: Leftovers\n|-damage|p1a: M O T H|64\/100 psn|[from] psn\n|upkeep\n|turn|2\n|\n|t:|1699931045\n|switch|p2a: Axe Hands|Kleavor, F|100\/100\n|move|p1a: M O T H|Bug Buzz|p2a: Axe Hands\n|-damage|p2a: Axe Hands|0 fnt\n|faint|p2a: Axe Hands\n|\n|-heal|p1a: M O T H|71\/100 psn|[from] item: Leftovers\n|-damage|p1a: M O T H|58\/100 psn|[from] psn\n|upkeep\n|c|\u2606Sol CPU|Holy\n|j| pkpowers310\n|\n|t:|1699931098\n|switch|p2a: Shock|Kilowattrel, M|100\/100\n|turn|3\n|c| pkpowers310|I assume this is game 2?\n|c|\u2606Sol CPU|Yessir\n|c| pkpowers310|Thanks\n|\n|t:|1699931117\n|-terastallize|p2a: Shock|Electric\n|move|p1a: M O T H|Flamethrower|p2a: Shock\n|-damage|p2a: Shock|0 fnt\n|faint|p2a: Shock\n|\n|-heal|p1a: M O T H|64\/100 psn|[from] item: Leftovers\n|-damage|p1a: M O T H|52\/100 psn|[from] psn\n|upkeep\n|\n|t:|1699931146\n|switch|p2a: TwoGuys|Gyarados, M|100\/100\n|-ability|p2a: TwoGuys|Intimidate|boost\n|-unboost|p1a: M O T H|atk|1\n|turn|4\n|\n|t:|1699931170\n|move|p1a: M O T H|Bug Buzz|p2a: TwoGuys\n|-resisted|p2a: TwoGuys\n|-damage|p2a: TwoGuys|59\/100\n|move|p2a: TwoGuys|Hurricane|p1a: M O T H\n|-supereffective|p1a: M O T H\n|-crit|p1a: M O T H\n|-damage|p1a: M O T H|0 fnt\n|faint|p1a: M O T H\n|\n|-heal|p2a: TwoGuys|65\/100|[from] item: Leftovers\n|upkeep\n|\n|t:|1699931224\n|switch|p1a: Large Hat Enjoyer|Mismagius, F|100\/100\n|turn|5\n|\n|t:|1699931276\n|move|p1a: Large Hat Enjoyer|Power Gem|p2a: TwoGuys\n|-supereffective|p2a: TwoGuys\n|-damage|p2a: TwoGuys|19\/100\n|move|p2a: TwoGuys|Waterfall|p1a: Large Hat Enjoyer\n|-damage|p1a: Large Hat Enjoyer|7\/100\n|-enditem|p1a: Large Hat Enjoyer|Aguav Berry|[eat]\n|-heal|p1a: Large Hat Enjoyer|41\/100|[from] item: Aguav Berry\n|\n|-heal|p2a: TwoGuys|25\/100|[from] item: Leftovers\n|upkeep\n|turn|6\n|\n|t:|1699931362\n|switch|p2a: FrosMORE|Froslass, F|100\/100\n|move|p1a: Large Hat Enjoyer|Shadow Ball|p2a: FrosMORE\n|-supereffective|p2a: FrosMORE\n|-damage|p2a: FrosMORE|0 fnt\n|-start|p1a: Large Hat Enjoyer|Disable|Shadow Ball|[from] ability: Cursed Body|[of] p2a: FrosMORE\n|faint|p2a: FrosMORE\n|\n|upkeep\n|\n|t:|1699931394\n|switch|p2a: Triclops|Slowking-Galar, F|100\/100\n|turn|7\n|\n|t:|1699931418\n|move|p1a: Large Hat Enjoyer|Protect|p1a: Large Hat Enjoyer\n|-singleturn|p1a: Large Hat Enjoyer|Protect\n|move|p2a: Triclops|Ice Beam|p1a: Large Hat Enjoyer\n|-activate|p1a: Large Hat Enjoyer|move: Protect\n|\n|upkeep\n|turn|8\n|\n|t:|1699931445\n|move|p1a: Large Hat Enjoyer|Power Gem|p2a: Triclops\n|-damage|p2a: Triclops|88\/100\n|move|p2a: Triclops|Ice Beam|p1a: Large Hat Enjoyer\n|-damage|p1a: Large Hat Enjoyer|5\/100\n|\n|upkeep\n|turn|9\n|\n|t:|1699931455\n|move|p1a: Large Hat Enjoyer|Protect|p1a: Large Hat Enjoyer\n|-singleturn|p1a: Large Hat Enjoyer|Protect\n|move|p2a: Triclops|Ice Beam|p1a: Large Hat Enjoyer\n|-activate|p1a: Large Hat Enjoyer|move: Protect\n|\n|-end|p1a: Large Hat Enjoyer|Disable\n|upkeep\n|turn|10\n|\n|t:|1699931469\n|move|p1a: Large Hat Enjoyer|Shadow Ball|p2a: Triclops\n|-supereffective|p2a: Triclops\n|-damage|p2a: Triclops|53\/100\n|move|p2a: Triclops|Ice Beam|p1a: Large Hat Enjoyer\n|-damage|p1a: Large Hat Enjoyer|0 fnt\n|faint|p1a: Large Hat Enjoyer\n|\n|upkeep\n|\n|t:|1699931477\n|switch|p1a: GET 'EM BOYS|Great Tusk|100\/100\n|-enditem|p1a: GET 'EM BOYS|Booster Energy\n|-activate|p1a: GET 'EM BOYS|ability: Protosynthesis|[fromitem]\n|-start|p1a: GET 'EM BOYS|protosynthesisatk\n|turn|11\n|\n|t:|1699931512\n|switch|p2a: TwoGuys|Gyarados, M|25\/100\n|-ability|p2a: TwoGuys|Intimidate|boost\n|-unboost|p1a: GET 'EM BOYS|atk|1\n|move|p1a: GET 'EM BOYS|Knock Off|p2a: TwoGuys\n|-damage|p2a: TwoGuys|0 fnt\n|-enditem|p2a: TwoGuys|Leftovers|[from] move: Knock Off|[of] p1a: GET 'EM BOYS\n|faint|p2a: TwoGuys\n|\n|upkeep\n|\n|t:|1699931520\n|switch|p2a: Triclops|Slowking-Galar, F|86\/100\n|turn|12\n|\n|t:|1699931535\n|move|p1a: GET 'EM BOYS|Knock Off|p2a: Triclops\n|-supereffective|p2a: Triclops\n|-damage|p2a: Triclops|29\/100\n|-enditem|p2a: Triclops|Assault Vest|[from] move: Knock Off|[of] p1a: GET 'EM BOYS\n|move|p2a: Triclops|Ice Beam|p1a: GET 'EM BOYS\n|-supereffective|p1a: GET 'EM BOYS\n|-damage|p1a: GET 'EM BOYS|10\/100\n|\n|upkeep\n|turn|13\n|\n|t:|1699931545\n|switch|p2a: GoodYear|Iron Treads|100\/100\n|-enditem|p2a: GoodYear|Booster Energy\n|-activate|p2a: GoodYear|ability: Quark Drive|[fromitem]\n|-start|p2a: GoodYear|quarkdrivespe\n|move|p1a: GET 'EM BOYS|Earthquake|p2a: GoodYear\n|-supereffective|p2a: GoodYear\n|-damage|p2a: GoodYear|18\/100\n|\n|upkeep\n|turn|14\n|\n|t:|1699931582\n|move|p2a: GoodYear|Earthquake|p1a: GET 'EM BOYS\n|-damage|p1a: GET 'EM BOYS|0 fnt\n|faint|p1a: GET 'EM BOYS\n|-end|p1a: GET 'EM BOYS|Protosynthesis|[silent]\n|\n|upkeep\n|\n|t:|1699931596\n|switch|p1a: Time for Ice Cream|Lycanroc-Dusk, M|100\/100\n|turn|15\n|\n|t:|1699931634\n|move|p2a: GoodYear|Earthquake|p1a: Time for Ice Cream\n|-supereffective|p1a: Time for Ice Cream\n|-enditem|p1a: Time for Ice Cream|Focus Sash\n|-damage|p1a: Time for Ice Cream|1\/100\n|move|p1a: Time for Ice Cream|Swords Dance|p1a: Time for Ice Cream\n|-boost|p1a: Time for Ice Cream|atk|2\n|\n|upkeep\n|turn|16\n|\n|t:|1699931650\n|move|p1a: Time for Ice Cream|Accelerock|p2a: GoodYear\n|-resisted|p2a: GoodYear\n|-damage|p2a: GoodYear|5\/100\n|move|p2a: GoodYear|Knock Off|p1a: Time for Ice Cream\n|-damage|p1a: Time for Ice Cream|0 fnt\n|faint|p1a: Time for Ice Cream\n|\n|upkeep\n|\n|t:|1699931663\n|switch|p1a: Sing Queen|Meloetta|100\/100\n|turn|17\n|\n|t:|1699931686\n|-end|p2a: GoodYear|Quark Drive|[silent]\n|switch|p2a: Triclops|Slowking-Galar, F|62\/100\n|move|p1a: Sing Queen|Shadow Ball|p2a: Triclops\n|-supereffective|p2a: Triclops\n|-damage|p2a: Triclops|17\/100\n|\n|upkeep\n|turn|18\n|\n|t:|1699931698\n|switch|p2a: GoodYear|Iron Treads|5\/100\n|move|p1a: Sing Queen|Shadow Ball|p2a: GoodYear\n|-damage|p2a: GoodYear|0 fnt\n|faint|p2a: GoodYear\n|-end|p2a: GoodYear|Quark Drive|[silent]\n|\n|upkeep\n|\n|t:|1699931705\n|switch|p2a: Triclops|Slowking-Galar, F|50\/100\n|turn|19\n|\n|t:|1699931726\n|-terastallize|p1a: Sing Queen|Steel\n|move|p1a: Sing Queen|Tera Blast|p2a: Triclops|[anim] Tera Blast Steel\n|-damage|p2a: Triclops|15\/100\n|move|p2a: Triclops|Ice Beam|p1a: Sing Queen\n|-resisted|p1a: Sing Queen\n|-damage|p1a: Sing Queen|93\/100\n|\n|upkeep\n|turn|20\n|\n|t:|1699931734\n|move|p1a: Sing Queen|Tera Blast|p2a: Triclops|[anim] Tera Blast Steel\n|-damage|p2a: Triclops|0 fnt\n|faint|p2a: Triclops\n|\n|win|Sol CPU\n","uploadtime":1699931743,"views":8,"p1id":"solcpu","p2id":"kickinash","formatid":"gen9ubers","rating":0,"private":0,"password":""}