{"id":"gen9ubers-1986439935","p1":"NEdgyman","p2":"Swagadile","format":"[Gen 9] Ubers","log":"|j|\u2606NEdgyman\n|j|\u2606Swagadile\n|t:|1699479360\n|gametype|singles\n|player|p1|NEdgyman|hanbei-conquest|\n|player|p2|Swagadile|silver|\n|teamsize|p1|6\n|teamsize|p2|6\n|gen|9\n|tier|[Gen 9] Ubers\n|rule|Sleep Clause Mod: Limit one foe put to sleep\n|rule|Species Clause: Limit one of each Pok\u00e9mon\n|rule|OHKO Clause: OHKO moves are banned\n|rule|Evasion Items Clause: Evasion items are banned\n|rule|Evasion Moves Clause: Evasion moves are banned\n|rule|Endless Battle Clause: Forcing endless battles is banned\n|rule|HP Percentage Mod: HP is shown in percentages\n|clearpoke\n|poke|p1|Annihilape, M|\n|poke|p1|Crawdaunt, M|\n|poke|p1|Glimmora, F|\n|poke|p1|Jolteon, M|\n|poke|p1|Cresselia, F|\n|poke|p1|Ribombee, M|\n|poke|p2|Ursaluna-Bloodmoon, M|\n|poke|p2|Ninetales-Alola, M|\n|poke|p2|Kommo-o, M|\n|poke|p2|Azelf|\n|poke|p2|Brambleghast, M|\n|poke|p2|Cetitan, M|\n|teampreview\n|\n|t:|1699479412\n|start\n|switch|p1a: Jr. Crocker|Jolteon, M|100\/100\n|switch|p2a: Azelf|Azelf|100\/100\n|turn|1\n|j| Ace_T_24\n|\n|t:|1699479439\n|move|p2a: Azelf|U-turn|p1a: Jr. Crocker\n|-damage|p1a: Jr. Crocker|63\/100\n|\n|t:|1699479447\n|switch|p2a: Ursaluna|Ursaluna-Bloodmoon, M|100\/100|[from] U-turn\n|move|p1a: Jr. Crocker|Shadow Ball|p2a: Ursaluna\n|-immune|p2a: Ursaluna\n|\n|upkeep\n|turn|2\n|\n|t:|1699479459\n|switch|p2a: Ninetales|Ninetales-Alola, M, shiny|100\/100\n|-weather|Snow|[from] ability: Snow Warning|[of] p2a: Ninetales\n|-terastallize|p1a: Jr. Crocker|Ice\n|move|p1a: Jr. Crocker|Tera Blast|p2a: Ninetales|[anim] Tera Blast Ice\n|-resisted|p2a: Ninetales\n|-damage|p2a: Ninetales|72\/100\n|-damage|p1a: Jr. Crocker|53\/100|[from] item: Life Orb\n|\n|-weather|Snow|[upkeep]\n|upkeep\n|turn|3\n|\n|t:|1699479483\n|move|p1a: Jr. Crocker|Volt Switch|p2a: Ninetales\n|-damage|p2a: Ninetales|27\/100\n|-damage|p1a: Jr. Crocker|43\/100|[from] item: Life Orb\n|\n|t:|1699479494\n|switch|p1a: Falcom Fanbase|Glimmora, F|100\/100|[from] Volt Switch\n|move|p2a: Ninetales|Moonblast|p1a: Falcom Fanbase\n|-resisted|p1a: Falcom Fanbase\n|-damage|p1a: Falcom Fanbase|80\/100\n|\n|-weather|Snow|[upkeep]\n|upkeep\n|turn|4\n|\n|t:|1699479502\n|switch|p2a: Brambleghast|Brambleghast, M|100\/100\n|switch|p1a: Howler Monkey|Annihilape, M, shiny|100\/100\n|\n|-weather|Snow|[upkeep]\n|upkeep\n|turn|5\n|\n|t:|1699479524\n|switch|p2a: Kommo-o|Kommo-o, M|100\/100\n|move|p1a: Howler Monkey|Rage Fist|p2a: Kommo-o\n|-damage|p2a: Kommo-o|79\/100\n|-damage|p1a: Howler Monkey|84\/100|[from] item: Rocky Helmet|[of] p2a: Kommo-o\n|\n|-weather|Snow|[upkeep]\n|upkeep\n|turn|6\n|\n|t:|1699479546\n|switch|p1a: Falcom Fanbase|Glimmora, F|80\/100\n|move|p2a: Kommo-o|Stealth Rock|p1a: Falcom Fanbase\n|-sidestart|p1: NEdgyman|move: Stealth Rock\n|\n|-weather|none\n|upkeep\n|turn|7\n|\n|t:|1699479588\n|switch|p2a: Azelf|Azelf|100\/100\n|move|p1a: Falcom Fanbase|Mortal Spin|p2a: Azelf\n|-damage|p2a: Azelf|91\/100\n|-status|p2a: Azelf|psn\n|-sideend|p1: NEdgyman|Stealth Rock|[from] move: Mortal Spin|[of] p1a: Falcom Fanbase\n|\n|-damage|p2a: Azelf|79\/100 psn|[from] psn\n|upkeep\n|turn|8\n|\n|t:|1699479604\n|switch|p1a: Nearly Witches|Cresselia, F|100\/100\n|move|p2a: Azelf|Mystical Power|p1a: Nearly Witches\n|-resisted|p1a: Nearly Witches\n|-damage|p1a: Nearly Witches|90\/100\n|-boost|p2a: Azelf|spa|1\n|\n|-heal|p1a: Nearly Witches|96\/100|[from] item: Leftovers\n|-damage|p2a: Azelf|66\/100 psn|[from] psn\n|upkeep\n|turn|9\n|\n|t:|1699479623\n|switch|p2a: Brambleghast|Brambleghast, M|100\/100\n|move|p1a: Nearly Witches|Calm Mind|p1a: Nearly Witches\n|-boost|p1a: Nearly Witches|spa|1\n|-boost|p1a: Nearly Witches|spd|1\n|\n|-heal|p1a: Nearly Witches|100\/100|[from] item: Leftovers\n|upkeep\n|turn|10\n|\n|t:|1699479639\n|switch|p1a: Falcom Fanbase|Glimmora, F|80\/100\n|-terastallize|p2a: Brambleghast|Water\n|move|p2a: Brambleghast|Poltergeist|p1a: Falcom Fanbase\n|-activate|p1a: Falcom Fanbase|move: Poltergeist|Heavy-Duty Boots\n|-damage|p1a: Falcom Fanbase|26\/100\n|-activate|p1a: Falcom Fanbase|ability: Toxic Debris\n|-sidestart|p2: Swagadile|move: Toxic Spikes\n|\n|upkeep\n|turn|11\n|\n|t:|1699479671\n|switch|p1a: Boiled Dinner|Crawdaunt, M|100\/100\n|move|p2a: Brambleghast|Rapid Spin|p1a: Boiled Dinner\n|-damage|p1a: Boiled Dinner|75\/100\n|-boost|p2a: Brambleghast|spe|1\n|-sideend|p2: Swagadile|Toxic Spikes|[from] move: Rapid Spin|[of] p2a: Brambleghast\n|\n|upkeep\n|turn|12\n|\n|t:|1699479679\n|switch|p2a: Kommo-o|Kommo-o, M|79\/100\n|move|p1a: Boiled Dinner|Knock Off|p2a: Kommo-o\n|-resisted|p2a: Kommo-o\n|-damage|p2a: Kommo-o|58\/100\n|-damage|p1a: Boiled Dinner|59\/100|[from] item: Rocky Helmet|[of] p2a: Kommo-o\n|-enditem|p2a: Kommo-o|Rocky Helmet|[from] move: Knock Off|[of] p1a: Boiled Dinner\n|\n|upkeep\n|turn|13\n|\n|t:|1699479694\n|switch|p1a: Howler Monkey|Annihilape, M, shiny|84\/100\n|move|p2a: Kommo-o|Stealth Rock|p1a: Howler Monkey\n|-sidestart|p1: NEdgyman|move: Stealth Rock\n|\n|upkeep\n|turn|14\n|\n|t:|1699479705\n|move|p1a: Howler Monkey|Close Combat|p2a: Kommo-o\n|-damage|p2a: Kommo-o|10\/100\n|-unboost|p1a: Howler Monkey|def|1\n|-unboost|p1a: Howler Monkey|spd|1\n|move|p2a: Kommo-o|Roar|p1a: Howler Monkey\n|drag|p1a: Jr. Crocker|Jolteon, M, tera:Ice|43\/100\n|-damage|p1a: Jr. Crocker|18\/100|[from] Stealth Rock\n|\n|upkeep\n|turn|15\n|\n|t:|1699479724\n|move|p1a: Jr. Crocker|Tera Blast|p2a: Kommo-o|[anim] Tera Blast Ice\n|-supereffective|p2a: Kommo-o\n|-damage|p2a: Kommo-o|0 fnt\n|faint|p2a: Kommo-o\n|-damage|p1a: Jr. Crocker|8\/100|[from] item: Life Orb\n|\n|upkeep\n|\n|t:|1699479736\n|switch|p2a: Brambleghast|Brambleghast, M, tera:Water|100\/100\n|turn|16\n|\n|t:|1699479742\n|move|p2a: Brambleghast|Shadow Sneak|p1a: Jr. Crocker\n|-damage|p1a: Jr. Crocker|0 fnt\n|faint|p1a: Jr. Crocker\n|\n|upkeep\n|\n|t:|1699479747\n|switch|p1a: Falcom Fanbase|Glimmora, F|26\/100\n|turn|17\n|\n|t:|1699479761\n|move|p2a: Brambleghast|Tera Blast|p1a: Falcom Fanbase|[anim] Tera Blast Water\n|-supereffective|p1a: Falcom Fanbase\n|-damage|p1a: Falcom Fanbase|0 fnt\n|-activate|p1a: Falcom Fanbase|ability: Toxic Debris\n|-sidestart|p2: Swagadile|move: Toxic Spikes\n|faint|p1a: Falcom Fanbase\n|\n|upkeep\n|j| BPLD\n|\n|t:|1699479776\n|switch|p1a: Boiled Dinner|Crawdaunt, M|59\/100\n|-damage|p1a: Boiled Dinner|47\/100|[from] Stealth Rock\n|turn|18\n|\n|t:|1699479828\n|switch|p2a: Ninetales|Ninetales-Alola, M, shiny|27\/100\n|-weather|Snow|[from] ability: Snow Warning|[of] p2a: Ninetales\n|move|p1a: Boiled Dinner|Knock Off|p2a: Ninetales\n|-resisted|p2a: Ninetales\n|-damage|p2a: Ninetales|0 fnt\n|-enditem|p2a: Ninetales|Heavy-Duty Boots|[from] move: Knock Off|[of] p1a: Boiled Dinner\n|faint|p2a: Ninetales\n|\n|-weather|Snow|[upkeep]\n|upkeep\n|\n|t:|1699479843\n|switch|p2a: Cetitan|Cetitan, M|100\/100\n|-status|p2a: Cetitan|psn\n|turn|19\n|\n|t:|1699479868\n|switch|p1a: Nearly Witches|Cresselia, F|100\/100\n|-damage|p1a: Nearly Witches|88\/100|[from] Stealth Rock\n|move|p2a: Cetitan|Play Rough|p1a: Nearly Witches\n|-damage|p1a: Nearly Witches|57\/100\n|\n|-weather|Snow|[upkeep]\n|-heal|p1a: Nearly Witches|63\/100|[from] item: Leftovers\n|-damage|p2a: Cetitan|88\/100 psn|[from] psn\n|upkeep\n|turn|20\n|\n|t:|1699479877\n|switch|p2a: Azelf|Azelf|66\/100 psn\n|move|p1a: Nearly Witches|Moonlight|p1a: Nearly Witches\n|-heal|p1a: Nearly Witches|88\/100\n|\n|-weather|Snow|[upkeep]\n|-heal|p1a: Nearly Witches|94\/100|[from] item: Leftovers\n|-damage|p2a: Azelf|54\/100 psn|[from] psn\n|upkeep\n|turn|21\n|\n|t:|1699479895\n|switch|p1a: Howler Monkey|Annihilape, M, shiny|84\/100\n|-damage|p1a: Howler Monkey|78\/100|[from] Stealth Rock\n|move|p2a: Azelf|U-turn|p1a: Howler Monkey\n|-resisted|p1a: Howler Monkey\n|-damage|p1a: Howler Monkey|72\/100\n|\n|t:|1699479902\n|switch|p2a: Cetitan|Cetitan, M|88\/100 psn|[from] U-turn\n|\n|-weather|Snow|[upkeep]\n|-damage|p2a: Cetitan|76\/100 psn|[from] psn\n|upkeep\n|turn|22\n|\n|t:|1699479911\n|switch|p1a: Nearly Witches|Cresselia, F|94\/100\n|-damage|p1a: Nearly Witches|82\/100|[from] Stealth Rock\n|move|p2a: Cetitan|Play Rough|p1a: Nearly Witches\n|-damage|p1a: Nearly Witches|51\/100\n|\n|-weather|none\n|-heal|p1a: Nearly Witches|57\/100|[from] item: Leftovers\n|-damage|p2a: Cetitan|63\/100 psn|[from] psn\n|upkeep\n|turn|23\n|\n|t:|1699479922\n|switch|p2a: Brambleghast|Brambleghast, M, tera:Water|100\/100\n|move|p1a: Nearly Witches|Moonlight|p1a: Nearly Witches\n|-heal|p1a: Nearly Witches|100\/100\n|\n|upkeep\n|turn|24\n|\n|t:|1699479957\n|switch|p1a: Take Wing|Ribombee, M|100\/100\n|-damage|p1a: Take Wing|76\/100|[from] Stealth Rock\n|move|p2a: Brambleghast|Poltergeist|p1a: Take Wing\n|-activate|p1a: Take Wing|move: Poltergeist|Focus Sash\n|-damage|p1a: Take Wing|0 fnt\n|faint|p1a: Take Wing\n|\n|upkeep\n|\n|t:|1699479965\n|switch|p1a: Howler Monkey|Annihilape, M, shiny|72\/100\n|-damage|p1a: Howler Monkey|66\/100|[from] Stealth Rock\n|turn|25\n|\n|t:|1699479972\n|switch|p2a: Cetitan|Cetitan, M|63\/100 psn\n|move|p1a: Howler Monkey|Rage Fist|p2a: Cetitan\n|-damage|p2a: Cetitan|0 fnt\n|faint|p2a: Cetitan\n|\n|upkeep\n|\n|t:|1699479981\n|switch|p2a: Ursaluna|Ursaluna-Bloodmoon, M|100\/100\n|-status|p2a: Ursaluna|psn\n|turn|26\n|\n|t:|1699479996\n|switch|p1a: Nearly Witches|Cresselia, F|100\/100\n|-damage|p1a: Nearly Witches|88\/100|[from] Stealth Rock\n|move|p2a: Ursaluna|Blood Moon|p1a: Nearly Witches\n|-damage|p1a: Nearly Witches|38\/100\n|\n|-heal|p1a: Nearly Witches|44\/100|[from] item: Leftovers\n|-damage|p2a: Ursaluna|88\/100 psn|[from] psn\n|upkeep\n|turn|27\n|\n|t:|1699480011\n|switch|p2a: Brambleghast|Brambleghast, M, tera:Water|100\/100\n|move|p1a: Nearly Witches|Moonlight|p1a: Nearly Witches\n|-heal|p1a: Nearly Witches|94\/100\n|\n|-heal|p1a: Nearly Witches|99\/100|[from] item: Leftovers\n|upkeep\n|turn|28\n|\n|t:|1699480020\n|switch|p1a: Boiled Dinner|Crawdaunt, M|47\/100\n|-damage|p1a: Boiled Dinner|34\/100|[from] Stealth Rock\n|move|p2a: Brambleghast|Poltergeist|p1a: Boiled Dinner\n|-activate|p1a: Boiled Dinner|move: Poltergeist|Mystic Water\n|-resisted|p1a: Boiled Dinner\n|-damage|p1a: Boiled Dinner|0 fnt\n|faint|p1a: Boiled Dinner\n|\n|upkeep\n|\n|t:|1699480027\n|switch|p1a: Howler Monkey|Annihilape, M, shiny|66\/100\n|-damage|p1a: Howler Monkey|60\/100|[from] Stealth Rock\n|turn|29\n|\n|t:|1699480045\n|switch|p2a: Azelf|Azelf|54\/100 psn\n|move|p1a: Howler Monkey|Close Combat|p2a: Azelf\n|-resisted|p2a: Azelf\n|-damage|p2a: Azelf|0 fnt\n|-unboost|p1a: Howler Monkey|def|1\n|-unboost|p1a: Howler Monkey|spd|1\n|faint|p2a: Azelf\n|\n|upkeep\n|\n|t:|1699480052\n|switch|p2a: Brambleghast|Brambleghast, M, tera:Water|100\/100\n|turn|30\n|\n|t:|1699480080\n|move|p2a: Brambleghast|Poltergeist|p1a: Howler Monkey|[miss]\n|-miss|p2a: Brambleghast|p1a: Howler Monkey\n|move|p1a: Howler Monkey|Close Combat|p2a: Brambleghast\n|-damage|p2a: Brambleghast|0 fnt\n|-unboost|p1a: Howler Monkey|def|1\n|-unboost|p1a: Howler Monkey|spd|1\n|faint|p2a: Brambleghast\n|\n|upkeep\n|\n|t:|1699480086\n|switch|p2a: Ursaluna|Ursaluna-Bloodmoon, M|88\/100 psn\n|turn|31\n|\n|t:|1699480093\n|move|p1a: Howler Monkey|Close Combat|p2a: Ursaluna\n|-supereffective|p2a: Ursaluna\n|-enditem|p2a: Ursaluna|Chople Berry|[eat]\n|-enditem|p2a: Ursaluna|Chople Berry|[weaken]\n|-damage|p2a: Ursaluna|28\/100 psn\n|-unboost|p1a: Howler Monkey|def|1\n|-unboost|p1a: Howler Monkey|spd|1\n|move|p2a: Ursaluna|Calm Mind|p2a: Ursaluna\n|-boost|p2a: Ursaluna|spa|1\n|-boost|p2a: Ursaluna|spd|1\n|\n|-damage|p2a: Ursaluna|16\/100 psn|[from] psn\n|upkeep\n|turn|32\n|c|\u2606NEdgyman|gg\n|c|\u2606NEdgyman|oh no\n|c|\u2606Swagadile|gg\n|\n|t:|1699480103\n|move|p2a: Ursaluna|Vacuum Wave|p1a: Howler Monkey\n|-damage|p1a: Howler Monkey|0 fnt\n|faint|p1a: Howler Monkey\n|\n|-damage|p2a: Ursaluna|3\/100 psn|[from] psn\n|upkeep\n|\n|t:|1699480109\n|switch|p1a: Nearly Witches|Cresselia, F|99\/100\n|-damage|p1a: Nearly Witches|88\/100|[from] Stealth Rock\n|turn|33\n|\n|t:|1699480118\n|move|p1a: Nearly Witches|Calm Mind|p1a: Nearly Witches\n|-boost|p1a: Nearly Witches|spa|1\n|-boost|p1a: Nearly Witches|spd|1\n|move|p2a: Ursaluna|Blood Moon|p1a: Nearly Witches\n|-crit|p1a: Nearly Witches\n|-damage|p1a: Nearly Witches|0 fnt\n|faint|p1a: Nearly Witches\n|\n|win|Swagadile\n|c|\u2606Swagadile|YO\n|c| Ace_T_24|damnnnn\n|c|\u2606NEdgyman|WHAT\n|c|\u2606Swagadile|NAW\n|c|\u2606Swagadile|LMAOOO NEDGY BRO\n|c|\u2606Swagadile|just attack next time LOOOL\n|c|\u2606NEdgyman|thats my luck against tonic coming back\n|c|\u2606NEdgyman|i thought you had moonlight\n|c|\u2606Swagadile|yooooo im crying\n|c|\u2606NEdgyman|i had stored power shit calced to live the set up war\n|c|\u2606Swagadile|blud you outsped\n|c|\u2606NEdgyman|you couldve been speedcrept\n|c|\u2606NEdgyman|gg tho\n|l| BPLD\n|c|\u2606NEdgyman|i threw that last turn bad\n|c|\u2606Swagadile|yo were you no item\n|c|\u2606NEdgyman|choice band\n|c|\u2606Swagadile|aw man\n|c|\u2606Swagadile|so those 2 polt misses mattered\n|c|\u2606Swagadile|well not game 1\n|c|\u2606NEdgyman|hell yeah they did\n|l|\u2606NEdgyman\n|c|\u2606Swagadile|its 90 though, what do you expect\n|l|\u2606Swagadile\n|j|\u2606NEdgyman\n|player|p1|NEdgyman|hanbei-conquest\n","uploadtime":1699480128,"views":34,"p1id":"nedgyman","p2id":"swagadile","formatid":"gen9ubers","rating":0,"private":0,"password":""}