{"id":"gen9ubers-1970112219","p1":"Circafires","p2":"Du-Gi-Oh","format":"[Gen 9] Ubers","log":"|j|\u2606Circafires\n|j|\u2606Du-Gi-Oh\n|t:|1697595488\n|gametype|singles\n|player|p1|Circafires|lady-gen4|\n|player|p2|Du-Gi-Oh|1|\n|teamsize|p1|6\n|teamsize|p2|6\n|gen|9\n|tier|[Gen 9] Ubers\n|rule|Sleep Clause Mod: Limit one foe put to sleep\n|rule|Species Clause: Limit one of each Pok\u00e9mon\n|rule|OHKO Clause: OHKO moves are banned\n|rule|Evasion Items Clause: Evasion items are banned\n|rule|Evasion Moves Clause: Evasion moves are banned\n|rule|Endless Battle Clause: Forcing endless battles is banned\n|rule|HP Percentage Mod: HP is shown in percentages\n|clearpoke\n|poke|p1|Flutter Mane|\n|poke|p1|Iron Hands|\n|poke|p1|Gyarados, F|\n|poke|p1|Moltres-Galar|\n|poke|p1|Arboliva, M|\n|poke|p1|Vaporeon, M|\n|poke|p2|Dondozo, M|\n|poke|p2|Chien-Pao|\n|poke|p2|Magearna|\n|poke|p2|Hawlucha, M|\n|poke|p2|Cloyster, M|\n|poke|p2|Jolteon, F|\n|teampreview\n|j| Haymaker_92\n|j| BigBabyGerry\n|c| BigBabyGerry|glgl\n|c| Haymaker_92|g lgl\n|c|\u2606Circafires|glhf\n|c|\u2606Du-Gi-Oh|Dont\n|c|\u2606Du-Gi-Oh|GLHF\n|c|\u2606Du-Gi-Oh|PSYCH\n|c|\u2606Circafires|:P\n|c|\u2606Du-Gi-Oh|PSL COMMENCE\n|c| Haymaker_92|PSL\n|c| Haymaker_92|READY\n|c| Haymaker_92|SET\n|c| Haymaker_92|GOOOOOOOOOOO\n|\n|t:|1697595617\n|start\n|switch|p1a: Iron Hands|Iron Hands, shiny|100\/100\n|switch|p2a: Magearna|Magearna|100\/100\n|turn|1\n|inactive|Battle timer is ON: inactive players will automatically lose when time's up. (requested by Du-Gi-Oh)\n|\n|t:|1697595634\n|-terastallize|p2a: Magearna|Grass\n|move|p1a: Iron Hands|Fake Out|p2a: Magearna\n|-damage|p2a: Magearna|86\/100\n|cant|p2a: Magearna|flinch\n|\n|-heal|p2a: Magearna|92\/100|[from] item: Leftovers\n|upkeep\n|turn|2\n|c| Haymaker_92|Timer legal\n|c|\u2606Du-Gi-Oh|your on the clock cinna you deserve this\n|c|\u2606Du-Gi-Oh|this is for all of the PSL\n|inactive|Circafires has 270 seconds left.\n|c| Haymaker_92|fighting for the whole league\n|inactive|Circafires has 240 seconds left.\n|c|\u2606Du-Gi-Oh|ISIS vs the Good Guys\n|c|\u2606Du-Gi-Oh|DSK pending..\n|inactive|Circafires has 210 seconds left.\n|\n|t:|1697595752\n|-end|p1a: Iron Hands|Quark Drive|[silent]\n|switch|p1a: Moltres|Moltres-Galar, shiny|100\/100\n|move|p2a: Magearna|Shift Gear|p2a: Magearna\n|-boost|p2a: Magearna|spe|2\n|-boost|p2a: Magearna|atk|1\n|\n|-heal|p2a: Magearna|98\/100|[from] item: Leftovers\n|upkeep\n|turn|3\n|inactive|Circafires has 180 seconds left.\n|\n|t:|1697595776\n|move|p2a: Magearna|Draining Kiss|p1a: Moltres\n|-supereffective|p1a: Moltres\n|-damage|p1a: Moltres|49\/100\n|-heal|p2a: Magearna|100\/100|[from] drain|[of] p1a: Moltres\n|-ability|p1a: Moltres|Berserk|boost\n|-boost|p1a: Moltres|spa|1\n|move|p1a: Moltres|Hurricane|p2a: Magearna\n|-supereffective|p2a: Magearna\n|-damage|p2a: Magearna|0 fnt\n|faint|p2a: Magearna\n|\n|upkeep\n|inactive|Du-Gi-Oh has 270 seconds left.\n|\n|t:|1697595792\n|switch|p2a: Jolteon|Jolteon, F|100\/100\n|turn|4\n|inactive|Circafires has 180 seconds left.\n|\n|t:|1697595814\n|switch|p1a: Arboliva|Arboliva, M, shiny|100\/100\n|move|p2a: Jolteon|Thunderbolt|p1a: Arboliva\n|-resisted|p1a: Arboliva\n|-damage|p1a: Arboliva|78\/100\n|-fieldstart|move: Grassy Terrain|[from] ability: Seed Sower|[of] p1a: Arboliva\n|\n|-heal|p1a: Arboliva|84\/100|[from] Grassy Terrain\n|upkeep\n|turn|5\n|inactive|Du-Gi-Oh has 270 seconds left.\n|\n|t:|1697595839\n|switch|p2a: Hawlucha|Hawlucha, M|100\/100\n|move|p1a: Arboliva|Leech Seed|p2a: Hawlucha\n|-start|p2a: Hawlucha|move: Leech Seed\n|\n|-heal|p1a: Arboliva|90\/100|[from] Grassy Terrain\n|-damage|p2a: Hawlucha|88\/100|[from] Leech Seed|[of] p1a: Arboliva\n|-heal|p1a: Arboliva|100\/100|[silent]\n|upkeep\n|turn|6\n|inactive|Circafires has 150 seconds left.\n|\n|t:|1697595872\n|switch|p1a: Gyarados|Gyarados, F, shiny|100\/100\n|-ability|p1a: Gyarados|Intimidate|boost\n|-unboost|p2a: Hawlucha|atk|1\n|-enditem|p2a: Hawlucha|White Herb\n|-clearnegativeboost|p2a: Hawlucha|[silent]\n|move|p2a: Hawlucha|Close Combat|p1a: Gyarados\n|-resisted|p1a: Gyarados\n|-damage|p1a: Gyarados|67\/100\n|-unboost|p2a: Hawlucha|def|1\n|-unboost|p2a: Hawlucha|spd|1\n|\n|-damage|p2a: Hawlucha|76\/100|[from] Leech Seed|[of] p1a: Gyarados\n|-heal|p1a: Gyarados|78\/100|[silent]\n|upkeep\n|turn|7\n|inactive|Circafires has 150 seconds left.\n|inactive|Du-Gi-Oh has 270 seconds left.\n|\n|t:|1697595905\n|move|p2a: Hawlucha|U-turn|p1a: Gyarados\n|-resisted|p1a: Gyarados\n|-damage|p1a: Gyarados|64\/100\n|\n|t:|1697595908\n|switch|p2a: Dondozo|Dondozo, M|100\/100|[from] U-turn\n|move|p1a: Gyarados|Dragon Dance|p1a: Gyarados\n|-boost|p1a: Gyarados|atk|1\n|-boost|p1a: Gyarados|spe|1\n|\n|upkeep\n|turn|8\n|inactive|Circafires has 150 seconds left.\n|inactive|Du-Gi-Oh has 270 seconds left.\n|\n|t:|1697595934\n|-terastallize|p1a: Gyarados|Electric\n|move|p1a: Gyarados|Tera Blast|p2a: Dondozo|[anim] Tera Blast Electric\n|-supereffective|p2a: Dondozo\n|-damage|p2a: Dondozo|61\/100\n|move|p2a: Dondozo|Yawn|p1a: Gyarados\n|-start|p1a: Gyarados|move: Yawn|[of] p2a: Dondozo\n|\n|-heal|p1a: Gyarados|70\/100|[from] Grassy Terrain\n|-heal|p2a: Dondozo|67\/100|[from] Grassy Terrain\n|-fieldend|move: Grassy Terrain\n|upkeep\n|turn|9\n|\n|t:|1697595959\n|switch|p1a: Arboliva|Arboliva, M, shiny|100\/100\n|move|p2a: Dondozo|Yawn|p1a: Arboliva\n|-start|p1a: Arboliva|move: Yawn|[of] p2a: Dondozo\n|\n|upkeep\n|turn|10\n|\n|t:|1697595968\n|switch|p2a: Cloyster|Cloyster, M|100\/100\n|move|p1a: Arboliva|Leech Seed|p2a: Cloyster\n|-start|p2a: Cloyster|move: Leech Seed\n|\n|-damage|p2a: Cloyster|88\/100|[from] Leech Seed|[of] p1a: Arboliva\n|-end|p1a: Arboliva|move: Yawn|[silent]\n|-status|p1a: Arboliva|slp\n|upkeep\n|turn|11\n|inactive|Circafires has 120 seconds left.\n|\n|t:|1697596013\n|move|p2a: Cloyster|Shell Smash|p2a: Cloyster\n|-unboost|p2a: Cloyster|def|1\n|-unboost|p2a: Cloyster|spd|1\n|-boost|p2a: Cloyster|atk|2\n|-boost|p2a: Cloyster|spa|2\n|-boost|p2a: Cloyster|spe|2\n|cant|p1a: Arboliva|slp\n|\n|-damage|p2a: Cloyster|76\/100|[from] Leech Seed|[of] p1a: Arboliva\n|upkeep\n|turn|12\n|\n|t:|1697596024\n|move|p2a: Cloyster|Icicle Spear|p1a: Arboliva\n|-supereffective|p1a: Arboliva\n|-damage|p1a: Arboliva|55\/100 slp\n|-fieldstart|move: Grassy Terrain|[from] ability: Seed Sower|[of] p1a: Arboliva\n|-supereffective|p1a: Arboliva\n|-damage|p1a: Arboliva|13\/100 slp\n|-enditem|p1a: Arboliva|Sitrus Berry|[eat]\n|-heal|p1a: Arboliva|38\/100 slp|[from] item: Sitrus Berry\n|-supereffective|p1a: Arboliva\n|-damage|p1a: Arboliva|0 fnt\n|faint|p1a: Arboliva\n|-hitcount|p1: Arboliva|3\n|\n|-heal|p2a: Cloyster|82\/100|[from] Grassy Terrain\n|upkeep\n|inactive|Circafires has 90 seconds left.\n|c| Haymaker_92|Cinna you gotta play fast!\n|inactive|Circafires has 60 seconds left.\n|\n|t:|1697596070\n|switch|p1a: Iron Hands|Iron Hands, shiny|100\/100\n|turn|13\n|c|\u2606Du-Gi-Oh|DSK is on their heels\n|\n|t:|1697596079\n|move|p1a: Iron Hands|Fake Out|p2a: Cloyster\n|-damage|p2a: Cloyster|59\/100\n|cant|p2a: Cloyster|flinch\n|\n|-heal|p2a: Cloyster|66\/100|[from] Grassy Terrain\n|-damage|p2a: Cloyster|53\/100|[from] Leech Seed|[of] p1a: Iron Hands\n|upkeep\n|turn|14\n|c| BigBabyGerry|The timer strat working perfectly\n|inactive|Circafires has 60 seconds left.\n|\n|t:|1697596126\n|move|p2a: Cloyster|Icicle Spear|p1a: Iron Hands\n|-damage|p1a: Iron Hands|87\/100\n|-damage|p1a: Iron Hands|72\/100\n|-damage|p1a: Iron Hands|57\/100\n|-damage|p1a: Iron Hands|43\/100\n|-damage|p1a: Iron Hands|30\/100\n|-hitcount|p1a: Iron Hands|5\n|move|p1a: Iron Hands|Wild Charge|p2a: Cloyster\n|-supereffective|p2a: Cloyster\n|-damage|p2a: Cloyster|0 fnt\n|faint|p2a: Cloyster\n|-damage|p1a: Iron Hands|24\/100|[from] Recoil\n|\n|-heal|p1a: Iron Hands|30\/100|[from] Grassy Terrain\n|upkeep\n|inactive|Du-Gi-Oh has 270 seconds left.\n|\n|t:|1697596185\n|switch|p2a: Chien-Pao|Chien-Pao|100\/100\n|-ability|p2a: Chien-Pao|Sword of Ruin\n|turn|15\n|inactive|Circafires has 30 seconds left.\n|inactive|Circafires has 20 seconds left.\n|inactive|Circafires has 15 seconds left.\n|c| Haymaker_92|cinna gotta pick a move!\n|\n|t:|1697596221\n|-end|p1a: Iron Hands|Quark Drive|[silent]\n|switch|p1a: Gyarados|Gyarados, F, shiny, tera:Electric|70\/100\n|-ability|p1a: Gyarados|Intimidate|boost\n|-unboost|p2a: Chien-Pao|atk|1\n|move|p2a: Chien-Pao|Icicle Crash|p1a: Gyarados\n|-damage|p1a: Gyarados|20\/100\n|-enditem|p1a: Gyarados|Figy Berry|[eat]\n|-heal|p1a: Gyarados|53\/100|[from] item: Figy Berry\n|\n|-heal|p1a: Gyarados|59\/100|[from] Grassy Terrain\n|upkeep\n|turn|16\n|inactive|Circafires has 25 seconds left this turn.\n|inactive|Circafires has 20 seconds left.\n|inactive|Circafires has 15 seconds left.\n|c| BigBabyGerry|its over\n|inactive|Circafires has 10 seconds left.\n|\n|t:|1697596237\n|move|p2a: Chien-Pao|Icicle Crash|p1a: Gyarados\n|-damage|p1a: Gyarados|14\/100\n|move|p1a: Gyarados|Earthquake|p2a: Chien-Pao\n|-damage|p2a: Chien-Pao|74\/100\n|\n|-heal|p2a: Chien-Pao|80\/100|[from] Grassy Terrain\n|-heal|p1a: Gyarados|20\/100|[from] Grassy Terrain\n|-fieldend|move: Grassy Terrain\n|upkeep\n|turn|17\n|inactive|Circafires has 20 seconds left this turn.\n|inactive|Circafires has 15 seconds left.\n|inactive|Circafires has 10 seconds left.\n|inactive|Circafires has 5 seconds left.\n|-message|Circafires lost due to inactivity.\n|\n|win|Du-Gi-Oh\n","uploadtime":1697596274,"views":17,"p1id":"circafires","p2id":"dugioh","formatid":"gen9ubers","rating":0,"private":0,"password":""}