{"id":"gen9ubers-1985399400","p1":"hdfdfbhniuwog","p2":"mrgayman12234218","format":"[Gen 9] Ubers","log":"|j|\u2606hdfdfbhniuwog\n|j|\u2606mrgayman12234218\n|t:|1699371461\n|gametype|singles\n|player|p1|hdfdfbhniuwog|102|1028\n|player|p2|mrgayman12234218|2|1000\n|teamsize|p1|6\n|teamsize|p2|6\n|gen|9\n|tier|[Gen 9] Ubers\n|rated|\n|rule|Sleep Clause Mod: Limit one foe put to sleep\n|rule|Species Clause: Limit one of each Pok\u00e9mon\n|rule|OHKO Clause: OHKO moves are banned\n|rule|Evasion Items Clause: Evasion items are banned\n|rule|Evasion Moves Clause: Evasion moves are banned\n|rule|Endless Battle Clause: Forcing endless battles is banned\n|rule|HP Percentage Mod: HP is shown in percentages\n|clearpoke\n|poke|p1|Typhlosion-Hisui, M|\n|poke|p1|Goodra-Hisui, M|\n|poke|p1|Miraidon|\n|poke|p1|Samurott-Hisui, M|\n|poke|p1|Rayquaza|\n|poke|p1|Flutter Mane|\n|poke|p2|Zapdos|\n|poke|p2|Dragapult, F|\n|poke|p2|Tyranitar, F|\n|poke|p2|Slowking, F|\n|poke|p2|Gengar, F|\n|poke|p2|Great Tusk|\n|teampreview\n|\n|t:|1699371466\n|start\n|switch|p1a: Typhlosion|Typhlosion-Hisui, M, shiny|100\/100\n|switch|p2a: Gengar|Gengar, F|100\/100\n|-item|p2a: Gengar|Leftovers|[from] ability: Frisk|[of] p1a: Typhlosion|[identify]\n|turn|1\n|\n|t:|1699371473\n|move|p2a: Gengar|Toxic Spikes|p1a: Typhlosion\n|-sidestart|p1: hdfdfbhniuwog|move: Toxic Spikes\n|move|p1a: Typhlosion|Infernal Parade|p2a: Gengar\n|-supereffective|p2a: Gengar\n|-damage|p2a: Gengar|5\/100\n|-start|p1a: Typhlosion|Disable|Infernal Parade|[from] ability: Cursed Body|[of] p2a: Gengar\n|\n|-heal|p2a: Gengar|12\/100|[from] item: Leftovers\n|upkeep\n|turn|2\n|\n|t:|1699371484\n|move|p2a: Gengar|Sludge Bomb|p1a: Typhlosion\n|-resisted|p1a: Typhlosion\n|-damage|p1a: Typhlosion|71\/100\n|move|p1a: Typhlosion|Flamethrower|p2a: Gengar\n|-damage|p2a: Gengar|0 fnt\n|faint|p2a: Gengar\n|\n|upkeep\n|\n|t:|1699371491\n|switch|p2a: Slowking|Slowking, F|100\/100\n|turn|3\n|\n|t:|1699371499\n|move|p1a: Typhlosion|Play Rough|p2a: Slowking\n|-damage|p2a: Slowking|86\/100\n|move|p2a: Slowking|Scald|p1a: Typhlosion\n|-supereffective|p1a: Typhlosion\n|-damage|p1a: Typhlosion|0 fnt\n|faint|p1a: Typhlosion\n|\n|upkeep\n|\n|t:|1699371517\n|switch|p1a: Samurott|Samurott-Hisui, M, shiny|100\/100\n|-status|p1a: Samurott|psn\n|turn|4\n|\n|t:|1699371522\n|move|p1a: Samurott|Ceaseless Edge|p2a: Slowking\n|-supereffective|p2a: Slowking\n|-enditem|p2a: Slowking|Colbur Berry|[eat]\n|-enditem|p2a: Slowking|Colbur Berry|[weaken]\n|-damage|p2a: Slowking|53\/100\n|-sidestart|p2: mrgayman12234218|Spikes\n|move|p2a: Slowking|Calm Mind|p2a: Slowking\n|-boost|p2a: Slowking|spa|1\n|-boost|p2a: Slowking|spd|1\n|\n|-damage|p1a: Samurott|88\/100 psn|[from] psn\n|upkeep\n|turn|5\n|\n|t:|1699371531\n|move|p1a: Samurott|Ceaseless Edge|p2a: Slowking\n|-supereffective|p2a: Slowking\n|-damage|p2a: Slowking|0 fnt\n|-sidestart|p2: mrgayman12234218|Spikes\n|faint|p2a: Slowking\n|\n|-damage|p1a: Samurott|76\/100 psn|[from] psn\n|upkeep\n|\n|t:|1699371538\n|switch|p2a: Zapdos|Zapdos|100\/100\n|turn|6\n|\n|t:|1699371547\n|move|p2a: Zapdos|Thunderbolt|p1a: Samurott\n|-supereffective|p1a: Samurott\n|-damage|p1a: Samurott|0 fnt\n|faint|p1a: Samurott\n|\n|upkeep\n|\n|t:|1699371556\n|switch|p1a: Goodra|Goodra-Hisui, M, shiny|100\/100\n|turn|7\n|\n|t:|1699371565\n|move|p2a: Zapdos|Heat Wave|p1a: Goodra\n|-damage|p1a: Goodra|78\/100\n|-status|p1a: Goodra|brn\n|move|p1a: Goodra|Dragon Pulse|p2a: Zapdos\n|-damage|p2a: Zapdos|58\/100\n|\n|-heal|p1a: Goodra|84\/100 brn|[from] item: Leftovers\n|-damage|p1a: Goodra|78\/100 brn|[from] brn\n|upkeep\n|turn|8\n|\n|t:|1699371577\n|move|p2a: Zapdos|Thunderbolt|p1a: Goodra\n|-resisted|p1a: Goodra\n|-damage|p1a: Goodra|61\/100 brn\n|move|p1a: Goodra|Dragon Pulse|p2a: Zapdos\n|-damage|p2a: Zapdos|16\/100\n|\n|-heal|p1a: Goodra|67\/100 brn|[from] item: Leftovers\n|-damage|p1a: Goodra|61\/100 brn|[from] brn\n|upkeep\n|turn|9\n|\n|t:|1699371586\n|move|p2a: Zapdos|Roost|p2a: Zapdos\n|-heal|p2a: Zapdos|66\/100\n|-singleturn|p2a: Zapdos|move: Roost\n|move|p1a: Goodra|Dragon Pulse|p2a: Zapdos\n|-damage|p2a: Zapdos|22\/100\n|\n|-heal|p1a: Goodra|67\/100 brn|[from] item: Leftovers\n|-damage|p1a: Goodra|61\/100 brn|[from] brn\n|upkeep\n|turn|10\n|\n|t:|1699371595\n|move|p2a: Zapdos|Roost|p2a: Zapdos\n|-heal|p2a: Zapdos|72\/100\n|-singleturn|p2a: Zapdos|move: Roost\n|move|p1a: Goodra|Dragon Pulse|p2a: Zapdos\n|-damage|p2a: Zapdos|32\/100\n|\n|-heal|p1a: Goodra|67\/100 brn|[from] item: Leftovers\n|-damage|p1a: Goodra|61\/100 brn|[from] brn\n|upkeep\n|turn|11\n|\n|t:|1699371607\n|move|p2a: Zapdos|Roost|p2a: Zapdos\n|-heal|p2a: Zapdos|82\/100\n|-singleturn|p2a: Zapdos|move: Roost\n|move|p1a: Goodra|Surf|p2a: Zapdos\n|-damage|p2a: Zapdos|55\/100\n|\n|-heal|p1a: Goodra|67\/100 brn|[from] item: Leftovers\n|-damage|p1a: Goodra|61\/100 brn|[from] brn\n|upkeep\n|turn|12\n|\n|t:|1699371616\n|move|p2a: Zapdos|Roost|p2a: Zapdos\n|-heal|p2a: Zapdos|100\/100\n|-singleturn|p2a: Zapdos|move: Roost\n|move|p1a: Goodra|Surf|p2a: Zapdos\n|-damage|p2a: Zapdos|72\/100\n|\n|-heal|p1a: Goodra|67\/100 brn|[from] item: Leftovers\n|-damage|p1a: Goodra|61\/100 brn|[from] brn\n|upkeep\n|turn|13\n|c|\u2606hdfdfbhniuwog|STOP\n|\n|t:|1699371633\n|move|p2a: Zapdos|Hurricane|p1a: Goodra\n|-resisted|p1a: Goodra\n|-damage|p1a: Goodra|42\/100 brn\n|move|p1a: Goodra|Dragon Pulse|p2a: Zapdos\n|-damage|p2a: Zapdos|28\/100\n|\n|-heal|p1a: Goodra|48\/100 brn|[from] item: Leftovers\n|-damage|p1a: Goodra|42\/100 brn|[from] brn\n|upkeep\n|turn|14\n|c|\u2606mrgayman12234218|Nope\n|\n|t:|1699371642\n|move|p2a: Zapdos|Roost|p2a: Zapdos\n|-heal|p2a: Zapdos|78\/100\n|-singleturn|p2a: Zapdos|move: Roost\n|move|p1a: Goodra|Surf|p2a: Zapdos\n|-damage|p2a: Zapdos|48\/100\n|\n|-heal|p1a: Goodra|48\/100 brn|[from] item: Leftovers\n|-damage|p1a: Goodra|42\/100 brn|[from] brn\n|upkeep\n|turn|15\n|\n|t:|1699371651\n|move|p2a: Zapdos|Roost|p2a: Zapdos\n|-heal|p2a: Zapdos|98\/100\n|-singleturn|p2a: Zapdos|move: Roost\n|move|p1a: Goodra|Iron Head|p2a: Zapdos\n|-resisted|p2a: Zapdos\n|-damage|p2a: Zapdos|89\/100\n|\n|-heal|p1a: Goodra|48\/100 brn|[from] item: Leftovers\n|-damage|p1a: Goodra|42\/100 brn|[from] brn\n|upkeep\n|turn|16\n|\n|t:|1699371660\n|move|p2a: Zapdos|Hurricane|p1a: Goodra|[miss]\n|-miss|p2a: Zapdos|p1a: Goodra\n|move|p1a: Goodra|Surf|p2a: Zapdos\n|-damage|p2a: Zapdos|58\/100\n|\n|-heal|p1a: Goodra|48\/100 brn|[from] item: Leftovers\n|-damage|p1a: Goodra|42\/100 brn|[from] brn\n|upkeep\n|turn|17\n|\n|t:|1699371668\n|move|p2a: Zapdos|Roost|p2a: Zapdos\n|-heal|p2a: Zapdos|100\/100\n|-singleturn|p2a: Zapdos|move: Roost\n|move|p1a: Goodra|Surf|p2a: Zapdos\n|-damage|p2a: Zapdos|72\/100\n|\n|-heal|p1a: Goodra|48\/100 brn|[from] item: Leftovers\n|-damage|p1a: Goodra|42\/100 brn|[from] brn\n|upkeep\n|turn|18\n|c|\u2606hdfdfbhniuwog|STOP\n|\n|t:|1699371677\n|move|p2a: Zapdos|Hurricane|p1a: Goodra\n|-resisted|p1a: Goodra\n|-damage|p1a: Goodra|21\/100 brn\n|move|p1a: Goodra|Surf|p2a: Zapdos\n|-damage|p2a: Zapdos|45\/100\n|\n|-heal|p1a: Goodra|27\/100 brn|[from] item: Leftovers\n|-damage|p1a: Goodra|21\/100 brn|[from] brn\n|upkeep\n|turn|19\n|c|\u2606mrgayman12234218|NOPE\n|\n|t:|1699371685\n|move|p2a: Zapdos|Roost|p2a: Zapdos\n|-heal|p2a: Zapdos|95\/100\n|-singleturn|p2a: Zapdos|move: Roost\n|move|p1a: Goodra|Dragon Pulse|p2a: Zapdos\n|-damage|p2a: Zapdos|55\/100\n|\n|-heal|p1a: Goodra|27\/100 brn|[from] item: Leftovers\n|-damage|p1a: Goodra|21\/100 brn|[from] brn\n|upkeep\n|turn|20\n|c|\u2606hdfdfbhniuwog|FIGHT LIKE A REAL MAN\n|\n|t:|1699371705\n|move|p2a: Zapdos|Hurricane|p1a: Goodra|[miss]\n|-miss|p2a: Zapdos|p1a: Goodra\n|move|p1a: Goodra|Dragon Pulse|p2a: Zapdos\n|-damage|p2a: Zapdos|14\/100\n|\n|-heal|p1a: Goodra|27\/100 brn|[from] item: Leftovers\n|-damage|p1a: Goodra|21\/100 brn|[from] brn\n|upkeep\n|turn|21\n|\n|t:|1699371716\n|move|p2a: Zapdos|Heat Wave|p1a: Goodra\n|-damage|p1a: Goodra|0 fnt\n|faint|p1a: Goodra\n|\n|upkeep\n|\n|t:|1699371723\n|switch|p1a: Flutter Mane|Flutter Mane, shiny|100\/100\n|-status|p1a: Flutter Mane|psn\n|turn|22\n|\n|t:|1699371729\n|switch|p2a: Tyranitar|Tyranitar, F|100\/100\n|-damage|p2a: Tyranitar|84\/100|[from] Spikes\n|-weather|Sandstorm|[from] ability: Sand Stream|[of] p2a: Tyranitar\n|move|p1a: Flutter Mane|Thunderbolt|p2a: Tyranitar\n|-damage|p2a: Tyranitar|71\/100\n|\n|-weather|Sandstorm|[upkeep]\n|-damage|p1a: Flutter Mane|95\/100 psn|[from] Sandstorm\n|-heal|p2a: Tyranitar|77\/100|[from] item: Leftovers\n|-damage|p1a: Flutter Mane|82\/100 psn|[from] psn\n|upkeep\n|turn|23\n|\n|t:|1699371741\n|move|p1a: Flutter Mane|Moonblast|p2a: Tyranitar\n|-supereffective|p2a: Tyranitar\n|-damage|p2a: Tyranitar|34\/100\n|-unboost|p2a: Tyranitar|spa|1\n|move|p2a: Tyranitar|Stealth Rock|p1a: Flutter Mane\n|-sidestart|p1: hdfdfbhniuwog|move: Stealth Rock\n|\n|-weather|Sandstorm|[upkeep]\n|-damage|p1a: Flutter Mane|76\/100 psn|[from] Sandstorm\n|-heal|p2a: Tyranitar|40\/100|[from] item: Leftovers\n|-damage|p1a: Flutter Mane|64\/100 psn|[from] psn\n|upkeep\n|turn|24\n|\n|t:|1699371755\n|move|p1a: Flutter Mane|Moonblast|p2a: Tyranitar\n|-supereffective|p2a: Tyranitar\n|-damage|p2a: Tyranitar|0 fnt\n|faint|p2a: Tyranitar\n|\n|-weather|Sandstorm|[upkeep]\n|-damage|p1a: Flutter Mane|58\/100 psn|[from] Sandstorm\n|-damage|p1a: Flutter Mane|46\/100 psn|[from] psn\n|upkeep\n|\n|t:|1699371764\n|switch|p2a: Dragapult|Dragapult, F|100\/100\n|turn|25\n|\n|t:|1699371770\n|move|p2a: Dragapult|Hex|p1a: Flutter Mane\n|-supereffective|p1a: Flutter Mane\n|-damage|p1a: Flutter Mane|0 fnt\n|faint|p1a: Flutter Mane\n|-end|p1a: Flutter Mane|Protosynthesis|[silent]\n|\n|-weather|Sandstorm|[upkeep]\n|-damage|p2a: Dragapult|95\/100|[from] Sandstorm\n|upkeep\n|\n|t:|1699371773\n|switch|p1a: Rayquaza|Rayquaza, shiny|100\/100\n|-ability|p1a: Rayquaza|Air Lock\n|turn|26\n|\n|t:|1699371779\n|move|p2a: Dragapult|Hex|p1a: Rayquaza\n|-damage|p1a: Rayquaza|71\/100\n|move|p1a: Rayquaza|Dragon Pulse|p2a: Dragapult\n|-supereffective|p2a: Dragapult\n|-damage|p2a: Dragapult|0 fnt\n|faint|p2a: Dragapult\n|\n|-weather|none\n|upkeep\n|\n|t:|1699371787\n|switch|p2a: Great Tusk|Great Tusk|100\/100\n|-damage|p2a: Great Tusk|84\/100|[from] Spikes\n|-enditem|p2a: Great Tusk|Booster Energy\n|-activate|p2a: Great Tusk|ability: Protosynthesis|[fromitem]\n|-start|p2a: Great Tusk|protosynthesisspe\n|turn|27\n|\n|t:|1699371794\n|move|p2a: Great Tusk|Ice Spinner|p1a: Rayquaza\n|-supereffective|p1a: Rayquaza\n|-damage|p1a: Rayquaza|0 fnt\n|faint|p1a: Rayquaza\n|\n|upkeep\n|\n|t:|1699371800\n|switch|p1a: Miraidon|Miraidon|100\/100\n|-status|p1a: Miraidon|psn\n|-damage|p1a: Miraidon|88\/100 psn|[from] Stealth Rock\n|-fieldstart|move: Electric Terrain|[from] ability: Hadron Engine|[of] p1a: Miraidon\n|turn|28\n|\n|t:|1699371809\n|move|p2a: Great Tusk|Bulk Up|p2a: Great Tusk\n|-boost|p2a: Great Tusk|atk|1\n|-boost|p2a: Great Tusk|def|1\n|move|p1a: Miraidon|Dazzling Gleam|p2a: Great Tusk\n|-supereffective|p2a: Great Tusk\n|-damage|p2a: Great Tusk|0 fnt\n|faint|p2a: Great Tusk\n|-end|p2a: Great Tusk|Protosynthesis|[silent]\n|\n|-damage|p1a: Miraidon|75\/100 psn|[from] psn\n|upkeep\n|\n|t:|1699371817\n|switch|p2a: Zapdos|Zapdos|14\/100\n|turn|29\n|\n|t:|1699371821\n|move|p1a: Miraidon|Electro Drift|p2a: Zapdos\n|-damage|p2a: Zapdos|0 fnt\n|faint|p2a: Zapdos\n|\n|win|hdfdfbhniuwog\n|raw|hdfdfbhniuwog's rating: 1028 &rarr; <strong>1061<\/strong><br \/>(+33 for winning)\n|raw|mrgayman12234218's rating: 1000 &rarr; <strong>1000<\/strong><br \/>(+0 for losing)\n|c|\u2606hdfdfbhniuwog|LET'S GOOOOOO\n|c|\u2606mrgayman12234218|L\n|c|\u2606hdfdfbhniuwog|HOW\n|c|\u2606mrgayman12234218|zipidy  zapidy\n|l|\u2606mrgayman12234218\n|c|\u2606hdfdfbhniuwog|YOU MEAN ELECTRO DRIFT\n","uploadtime":1699372121,"views":5,"p1id":"hdfdfbhniuwog","p2id":"mrgayman12234218","formatid":"gen9ubers","rating":1000,"private":0,"password":""}