{"id":"gen9ubers-1993809197","p1":"sonicknight15","p2":"ThatLilEeveeGirl","format":"[Gen 9] Ubers","log":"|j|\u2606sonicknight15\n|j|\u2606ThatLilEeveeGirl\n|t:|1700359934\n|gametype|singles\n|player|p1|sonicknight15|wallace|\n|player|p2|ThatLilEeveeGirl|hilda|\n|teamsize|p1|6\n|teamsize|p2|6\n|gen|9\n|tier|[Gen 9] Ubers\n|rule|Sleep Clause Mod: Limit one foe put to sleep\n|rule|Species Clause: Limit one of each Pok\u00e9mon\n|rule|OHKO Clause: OHKO moves are banned\n|rule|Evasion Items Clause: Evasion items are banned\n|rule|Evasion Moves Clause: Evasion moves are banned\n|rule|Endless Battle Clause: Forcing endless battles is banned\n|rule|HP Percentage Mod: HP is shown in percentages\n|clearpoke\n|poke|p1|Floatzel, M|\n|poke|p1|Palafin, F|\n|poke|p1|Iron Moth|\n|poke|p1|Iron Treads|\n|poke|p1|Pelipper, M|\n|poke|p1|Ogerpon-Hearthflame, F|\n|poke|p2|Iron Valiant|\n|poke|p2|Regieleki|\n|poke|p2|Gyarados, F|\n|poke|p2|Toxapex, F|\n|poke|p2|Zoroark, F|\n|poke|p2|Coalossal, F|\n|teampreview\n|j| JcPenguin\n|j| thebluewizzrobe\n|c| thebluewizzrobe|jountlet round 2\n|\n|t:|1700359974\n|start\n|switch|p1a: Liberty|Iron Treads|100\/100\n|switch|p2a: Zoomies|Regieleki|100\/100\n|turn|1\n|\n|t:|1700359986\n|move|p1a: Liberty|Knock Off|p2a: Zoomies\n|-resisted|p2a: Zoomies\n|-damage|p2a: Zoomies|78\/100\n|replace|p2a: Mimic|Zoroark, F\n|-end|p2a: Mimic|Illusion\n|-enditem|p2a: Mimic|Heavy-Duty Boots|[from] move: Knock Off|[of] p1a: Liberty\n|move|p2a: Mimic|U-turn|p1a: Liberty\n|-resisted|p1a: Liberty\n|-damage|p1a: Liberty|93\/100\n|\n|t:|1700360012\n|switch|p2a: Gary|Gyarados, F|100\/100|[from] U-turn\n|-ability|p2a: Gary|Intimidate|boost\n|-unboost|p1a: Liberty|atk|1\n|\n|-heal|p1a: Liberty|99\/100|[from] item: Leftovers\n|upkeep\n|turn|2\n|\n|t:|1700360027\n|move|p1a: Liberty|Stealth Rock|p2a: Gary\n|-sidestart|p2: ThatLilEeveeGirl|move: Stealth Rock\n|move|p2a: Gary|Dragon Dance|p2a: Gary\n|-boost|p2a: Gary|atk|1\n|-boost|p2a: Gary|spe|1\n|\n|-heal|p1a: Liberty|100\/100|[from] item: Leftovers\n|upkeep\n|turn|3\n|\n|t:|1700360045\n|-end|p1a: Liberty|Quark Drive|[silent]\n|switch|p1a: Lebowski|Pelipper, M|100\/100\n|-weather|RainDance|[from] ability: Drizzle|[of] p1a: Lebowski\n|move|p2a: Gary|Waterfall|p1a: Lebowski\n|-resisted|p1a: Lebowski\n|-damage|p1a: Lebowski|66\/100\n|\n|-weather|RainDance|[upkeep]\n|upkeep\n|turn|4\n|\n|t:|1700360058\n|move|p1a: Lebowski|Hurricane|p2a: Gary\n|-damage|p2a: Gary|66\/100\n|move|p2a: Gary|Dragon Tail|p1a: Lebowski\n|-damage|p1a: Lebowski|40\/100\n|drag|p1a: Philemon|Iron Moth, shiny|100\/100\n|\n|-weather|RainDance|[upkeep]\n|upkeep\n|turn|5\n|\n|t:|1700360070\n|move|p1a: Philemon|Discharge|p2a: Gary\n|-supereffective|p2a: Gary\n|-damage|p2a: Gary|0 fnt\n|faint|p2a: Gary\n|\n|-weather|RainDance|[upkeep]\n|upkeep\n|\n|t:|1700360090\n|switch|p2a: Coal|Coalossal, F|100\/100\n|-damage|p2a: Coal|75\/100|[from] Stealth Rock\n|turn|6\n|\n|t:|1700360106\n|-end|p1a: Philemon|Quark Drive|[silent]\n|switch|p1a: Liberty|Iron Treads|100\/100\n|-terastallize|p2a: Coal|Water\n|move|p2a: Coal|Tera Blast|p1a: Liberty|[anim] Tera Blast Water\n|-supereffective|p1a: Liberty\n|-damage|p1a: Liberty|19\/100\n|\n|-weather|RainDance|[upkeep]\n|-heal|p1a: Liberty|25\/100|[from] item: Leftovers\n|upkeep\n|turn|7\n|\n|t:|1700360123\n|-end|p1a: Liberty|Quark Drive|[silent]\n|switch|p1a: Scoot|Floatzel, M|100\/100\n|move|p2a: Coal|Rapid Spin|p1a: Scoot\n|-damage|p1a: Scoot|84\/100\n|-boost|p2a: Coal|spe|1\n|-sideend|p2: ThatLilEeveeGirl|Stealth Rock|[from] move: Rapid Spin|[of] p2a: Coal\n|\n|-weather|RainDance|[upkeep]\n|upkeep\n|turn|8\n|\n|t:|1700360182\n|switch|p2a: Rini|Toxapex, F|100\/100\n|-terastallize|p1a: Scoot|Grass\n|move|p1a: Scoot|Tera Blast|p2a: Rini|[anim] Tera Blast Grass\n|-damage|p2a: Rini|56\/100\n|\n|-weather|RainDance|[upkeep]\n|-heal|p2a: Rini|62\/100|[from] item: Black Sludge\n|upkeep\n|turn|9\n|\n|t:|1700360209\n|move|p2a: Rini|Baneful Bunker|p2a: Rini\n|-singleturn|p2a: Rini|move: Protect\n|move|p1a: Scoot|Tera Blast|p2a: Rini|[anim] Tera Blast Grass\n|-activate|p2a: Rini|move: Protect\n|\n|-weather|RainDance|[upkeep]\n|-heal|p2a: Rini|68\/100|[from] item: Black Sludge\n|upkeep\n|turn|10\n|\n|t:|1700360219\n|move|p1a: Scoot|Tera Blast|p2a: Rini|[anim] Tera Blast Grass\n|-damage|p2a: Rini|26\/100\n|move|p2a: Rini|Toxic Spikes|p1a: Scoot\n|-sidestart|p1: sonicknight15|move: Toxic Spikes\n|\n|-weather|none\n|-heal|p2a: Rini|32\/100|[from] item: Black Sludge\n|upkeep\n|turn|11\n|\n|t:|1700360235\n|move|p2a: Rini|Baneful Bunker|p2a: Rini\n|-singleturn|p2a: Rini|move: Protect\n|move|p1a: Scoot|Tera Blast|p2a: Rini|[anim] Tera Blast Grass\n|-activate|p2a: Rini|move: Protect\n|\n|-heal|p2a: Rini|38\/100|[from] item: Black Sludge\n|upkeep\n|turn|12\n|\n|t:|1700360249\n|switch|p2a: Zoomies|Regieleki|78\/100\n|move|p1a: Scoot|Tera Blast|p2a: Zoomies|[anim] Tera Blast Grass\n|-damage|p2a: Zoomies|0 fnt\n|replace|p2a: Mimic|Zoroark, F\n|-end|p2a: Mimic|Illusion\n|faint|p2a: Mimic\n|\n|upkeep\n|\n|t:|1700360258\n|switch|p2a: Rini|Toxapex, F|72\/100\n|turn|13\n|\n|t:|1700360264\n|move|p1a: Scoot|Tera Blast|p2a: Rini|[anim] Tera Blast Grass\n|-damage|p2a: Rini|28\/100\n|move|p2a: Rini|Poison Jab|p1a: Scoot\n|-supereffective|p1a: Scoot\n|-damage|p1a: Scoot|13\/100\n|-status|p1a: Scoot|psn\n|\n|-heal|p2a: Rini|34\/100|[from] item: Black Sludge\n|-damage|p1a: Scoot|0 fnt|[from] psn\n|faint|p1a: Scoot\n|upkeep\n|\n|t:|1700360280\n|switch|p1a: Fiona|Ogerpon-Hearthflame, F|100\/100\n|-status|p1a: Fiona|psn\n|-ability|p1a: Fiona|Mold Breaker\n|turn|14\n|\n|t:|1700360286\n|move|p2a: Rini|Baneful Bunker|p2a: Rini\n|-singleturn|p2a: Rini|move: Protect\n|move|p1a: Fiona|Stomping Tantrum|p2a: Rini\n|-activate|p2a: Rini|move: Protect\n|\n|-heal|p2a: Rini|41\/100|[from] item: Black Sludge\n|-damage|p1a: Fiona|88\/100 psn|[from] psn\n|upkeep\n|turn|15\n|\n|t:|1700360308\n|switch|p2a: Zoomies|Regieleki|100\/100\n|-item|p2a: Zoomies|Air Balloon\n|move|p1a: Fiona|Stomping Tantrum|p2a: Zoomies\n|-immune|p2a: Zoomies\n|\n|-damage|p1a: Fiona|76\/100 psn|[from] psn\n|upkeep\n|turn|16\n|\n|t:|1700360333\n|switch|p1a: Liberty|Iron Treads|25\/100\n|move|p2a: Zoomies|Electric Terrain|p2a: Zoomies\n|-fieldstart|move: Electric Terrain\n|-activate|p1a: Liberty|ability: Quark Drive\n|-start|p1a: Liberty|quarkdrivespe\n|\n|-heal|p1a: Liberty|32\/100|[from] item: Leftovers\n|upkeep\n|turn|17\n|\n|t:|1700360352\n|switch|p2a: Rini|Toxapex, F|74\/100\n|move|p1a: Liberty|Knock Off|p2a: Rini\n|-damage|p2a: Rini|53\/100\n|-enditem|p2a: Rini|Black Sludge|[from] move: Knock Off|[of] p1a: Liberty\n|\n|-heal|p1a: Liberty|38\/100|[from] item: Leftovers\n|upkeep\n|turn|18\n|\n|t:|1700360369\n|move|p1a: Liberty|Earthquake|p2a: Rini\n|-supereffective|p2a: Rini\n|-damage|p2a: Rini|0 fnt\n|faint|p2a: Rini\n|\n|-heal|p1a: Liberty|44\/100|[from] item: Leftovers\n|upkeep\n|\n|t:|1700360374\n|switch|p2a: Guardian|Iron Valiant|100\/100\n|-activate|p2a: Guardian|ability: Quark Drive\n|-start|p2a: Guardian|quarkdrivespe\n|turn|19\n|\n|t:|1700360404\n|move|p2a: Guardian|Brick Break|p1a: Liberty\n|-supereffective|p1a: Liberty\n|-damage|p1a: Liberty|0 fnt\n|faint|p1a: Liberty\n|-end|p1a: Liberty|Quark Drive|[silent]\n|\n|upkeep\n|\n|t:|1700360413\n|switch|p1a: Philemon|Iron Moth, shiny|100\/100\n|-sideend|p1: sonicknight15|move: Toxic Spikes|[of] p1a: Philemon\n|-activate|p1a: Philemon|ability: Quark Drive\n|-start|p1a: Philemon|quarkdrivespe\n|turn|20\n|\n|t:|1700360424\n|move|p1a: Philemon|Sludge Wave|p2a: Guardian\n|-supereffective|p2a: Guardian\n|-damage|p2a: Guardian|0 fnt\n|faint|p2a: Guardian\n|-end|p2a: Guardian|Quark Drive|[silent]\n|\n|-fieldend|move: Electric Terrain\n|-end|p1a: Philemon|Quark Drive\n|upkeep\n|\n|t:|1700360432\n|switch|p2a: Coal|Coalossal, F, tera:Water|75\/100\n|turn|21\n|\n|t:|1700360439\n|-end|p1a: Philemon|Quark Drive|[silent]\n|switch|p1a: Nancy|Palafin, F, shiny|100\/100\n|move|p2a: Coal|Tera Blast|p1a: Nancy|[anim] Tera Blast Water\n|-resisted|p1a: Nancy\n|-damage|p1a: Nancy|85\/100\n|\n|upkeep\n|turn|22\n|\n|t:|1700360459\n|switch|p2a: Zoomies|Regieleki|100\/100\n|-item|p2a: Zoomies|Air Balloon\n|move|p1a: Nancy|Flip Turn|p2a: Zoomies\n|-damage|p2a: Zoomies|35\/100\n|-enditem|p2a: Zoomies|Air Balloon\n|\n|t:|1700360473\n|detailschange|p1a: Nancy|Palafin-Hero, F, shiny\n|switch|p1a: Philemon|Iron Moth, shiny|100\/100|[from] Flip Turn\n|\n|upkeep\n|turn|23\n|\n|t:|1700360484\n|move|p1a: Philemon|Sludge Wave|p2a: Zoomies\n|-damage|p2a: Zoomies|0 fnt\n|faint|p2a: Zoomies\n|\n|upkeep\n|\n|t:|1700360488\n|switch|p2a: Coal|Coalossal, F, tera:Water|75\/100\n|turn|24\n|\n|t:|1700360495\n|move|p1a: Philemon|Sludge Wave|p2a: Coal\n|-damage|p2a: Coal|47\/100\n|move|p2a: Coal|Tera Blast|p1a: Philemon|[anim] Tera Blast Water\n|-supereffective|p1a: Philemon\n|-damage|p1a: Philemon|59\/100\n|\n|upkeep\n|turn|25\n|\n|t:|1700360501\n|move|p1a: Philemon|Sludge Wave|p2a: Coal\n|-damage|p2a: Coal|20\/100\n|move|p2a: Coal|Tera Blast|p1a: Philemon|[anim] Tera Blast Water\n|-supereffective|p1a: Philemon\n|-damage|p1a: Philemon|13\/100\n|\n|upkeep\n|turn|26\n|\n|t:|1700360511\n|move|p1a: Philemon|Sludge Wave|p2a: Coal\n|-damage|p2a: Coal|0 fnt\n|faint|p2a: Coal\n|\n|win|sonicknight15\n|j| arty222\n","uploadtime":1700360527,"views":22,"p1id":"sonicknight15","p2id":"thatlileeveegirl","formatid":"gen9ubers","rating":0,"private":0,"password":""}