{"id":"gen9ubers-1971318459","p1":"ZuuDino","p2":"Anne Frankkkk","format":"[Gen 9] Ubers","log":"|j|\u2606ZuuDino\n|j|\u2606Anne Frankkkk\n|t:|1697729133\n|gametype|singles\n|player|p1|ZuuDino|1|1065\n|player|p2|Anne Frankkkk|hilbert|1172\n|teamsize|p1|6\n|teamsize|p2|6\n|gen|9\n|tier|[Gen 9] Ubers\n|rated|\n|rule|Sleep Clause Mod: Limit one foe put to sleep\n|rule|Species Clause: Limit one of each Pok\u00e9mon\n|rule|OHKO Clause: OHKO moves are banned\n|rule|Evasion Items Clause: Evasion items are banned\n|rule|Evasion Moves Clause: Evasion moves are banned\n|rule|Endless Battle Clause: Forcing endless battles is banned\n|rule|HP Percentage Mod: HP is shown in percentages\n|clearpoke\n|poke|p1|Regieleki|\n|poke|p1|Zacian-*|\n|poke|p1|Skeledirge, M|\n|poke|p1|Miraidon|\n|poke|p1|Ditto|\n|poke|p1|Kyogre|\n|poke|p2|Quaquaval, M|\n|poke|p2|Kyogre|\n|poke|p2|Chien-Pao|\n|poke|p2|Donphan, M|\n|poke|p2|Miraidon|\n|poke|p2|Iron Moth|\n|teampreview\n|inactive|Battle timer is ON: inactive players will automatically lose when time's up. (requested by Anne Frankkkk)\n|\n|t:|1697729148\n|start\n|switch|p1a: Ditto|Ditto, shiny|100\/100\n|switch|p2a: Quaquaval|Quaquaval, M, shiny|100\/100\n|-transform|p1a: Ditto|p2a: Quaquaval|[from] ability: Imposter\n|turn|1\n|\n|t:|1697729158\n|move|p2a: Quaquaval|Aqua Step|p1a: Ditto\n|-resisted|p1a: Ditto\n|-damage|p1a: Ditto|63\/100\n|-boost|p2a: Quaquaval|spe|1\n|move|p1a: Ditto|Aqua Step|p2a: Quaquaval\n|-resisted|p2a: Quaquaval\n|-damage|p2a: Quaquaval|73\/100\n|-boost|p1a: Ditto|spe|1\n|\n|-heal|p2a: Quaquaval|79\/100|[from] item: Leftovers\n|-heal|p1a: Ditto|69\/100|[from] item: Leftovers\n|upkeep\n|turn|2\n|\n|t:|1697729181\n|switch|p1a: Regieleki|Regieleki, shiny|100\/100\n|move|p2a: Quaquaval|Aqua Step|p1a: Regieleki\n|-damage|p1a: Regieleki|9\/100\n|-boost|p2a: Quaquaval|spe|1\n|\n|-heal|p2a: Quaquaval|85\/100|[from] item: Leftovers\n|upkeep\n|turn|3\n|\n|t:|1697729189\n|move|p1a: Regieleki|Thunder Cage|p2a: Quaquaval\n|-supereffective|p2a: Quaquaval\n|-damage|p2a: Quaquaval|0 fnt\n|faint|p2a: Quaquaval\n|-damage|p1a: Regieleki|0 fnt|[from] item: Life Orb\n|faint|p1a: Regieleki\n|\n|upkeep\n|\n|t:|1697729199\n|switch|p1a: Miraidon|Miraidon|100\/100\n|switch|p2a: Donphan|Donphan, M, shiny|100\/100\n|-fieldstart|move: Electric Terrain|[from] ability: Hadron Engine|[of] p1a: Miraidon\n|turn|4\n|\n|t:|1697729208\n|move|p1a: Miraidon|Draco Meteor|p2a: Donphan\n|-damage|p2a: Donphan|23\/100\n|-unboost|p1a: Miraidon|spa|2\n|move|p2a: Donphan|Earthquake|p1a: Miraidon\n|-supereffective|p1a: Miraidon\n|-damage|p1a: Miraidon|0 fnt\n|faint|p1a: Miraidon\n|\n|upkeep\n|\n|t:|1697729219\n|switch|p1a: Zacian|Zacian-Crowned, shiny|100\/100\n|-ability|p1a: Zacian|Intrepid Sword|boost\n|-boost|p1a: Zacian|atk|1\n|turn|5\n|\n|t:|1697729224\n|move|p1a: Zacian|Behemoth Blade|p2a: Donphan\n|-damage|p2a: Donphan|0 fnt\n|faint|p2a: Donphan\n|\n|upkeep\n|\n|t:|1697729237\n|switch|p2a: Kyogre|Kyogre|100\/100\n|-weather|RainDance|[from] ability: Drizzle|[of] p2a: Kyogre\n|turn|6\n|\n|t:|1697729243\n|move|p2a: Kyogre|Water Spout|p1a: Zacian\n|-damage|p1a: Zacian|0 fnt\n|faint|p1a: Zacian\n|\n|-weather|RainDance|[upkeep]\n|upkeep\n|\n|t:|1697729250\n|switch|p1a: Ditto|Ditto, shiny|69\/100\n|-transform|p1a: Ditto|p2a: Kyogre|[from] ability: Imposter\n|turn|7\n|\n|t:|1697729255\n|move|p2a: Kyogre|Water Spout|p1a: Ditto\n|-resisted|p1a: Ditto\n|-damage|p1a: Ditto|2\/100\n|move|p1a: Ditto|Thunder|p2a: Kyogre\n|-supereffective|p2a: Kyogre\n|-damage|p2a: Kyogre|24\/100\n|\n|-weather|RainDance|[upkeep]\n|-heal|p1a: Ditto|8\/100|[from] item: Leftovers\n|upkeep\n|turn|8\n|\n|t:|1697729266\n|switch|p2a: Miraidon|Miraidon|100\/100\n|-activate|p2a: Miraidon|ability: Hadron Engine\n|move|p1a: Ditto|Water Spout|p2a: Miraidon\n|-resisted|p2a: Miraidon\n|-damage|p2a: Miraidon|96\/100\n|\n|-weather|RainDance|[upkeep]\n|-heal|p2a: Miraidon|100\/100|[from] item: Leftovers\n|-heal|p1a: Ditto|14\/100|[from] item: Leftovers\n|-fieldend|move: Electric Terrain\n|upkeep\n|turn|9\n|\n|t:|1697729280\n|switch|p1a: Skeledirge|Skeledirge, M|100\/100\n|move|p2a: Miraidon|Electro Drift|p1a: Skeledirge\n|-damage|p1a: Skeledirge|46\/100\n|\n|-weather|RainDance|[upkeep]\n|upkeep\n|turn|10\n|\n|t:|1697729299\n|move|p2a: Miraidon|Electro Drift|p1a: Skeledirge\n|-damage|p1a: Skeledirge|0 fnt\n|faint|p1a: Skeledirge\n|\n|-weather|none\n|upkeep\n|\n|t:|1697729305\n|switch|p1a: Ditto|Ditto, shiny|14\/100\n|-transform|p1a: Ditto|p2a: Miraidon|[from] ability: Imposter\n|-fieldstart|move: Electric Terrain|[from] ability: Hadron Engine|[of] p1a: Ditto\n|turn|11\n|\n|t:|1697729320\n|-terastallize|p2a: Miraidon|Fairy\n|move|p1a: Ditto|Dragon Pulse|p2a: Miraidon\n|-immune|p2a: Miraidon\n|move|p2a: Miraidon|Calm Mind|p2a: Miraidon\n|-boost|p2a: Miraidon|spa|1\n|-boost|p2a: Miraidon|spd|1\n|\n|-heal|p1a: Ditto|20\/100|[from] item: Leftovers\n|upkeep\n|turn|12\n|\n|t:|1697729334\n|-terastallize|p1a: Ditto|Normal\n|move|p1a: Ditto|Electro Drift|p2a: Miraidon\n|-crit|p2a: Miraidon\n|-damage|p2a: Miraidon|0 fnt\n|faint|p2a: Miraidon\n|\n|-heal|p1a: Ditto|26\/100|[from] item: Leftovers\n|upkeep\n|\n|t:|1697729340\n|switch|p2a: Chien-Pao|Chien-Pao|100\/100\n|-ability|p2a: Chien-Pao|Sword of Ruin\n|turn|13\n|\n|t:|1697729346\n|move|p2a: Chien-Pao|Sucker Punch|p1a: Ditto\n|-damage|p1a: Ditto|0 fnt\n|faint|p1a: Ditto\n|-damage|p2a: Chien-Pao|91\/100|[from] item: Life Orb\n|\n|upkeep\n|\n|t:|1697729351\n|switch|p1a: Kyogre|Kyogre, shiny|100\/100\n|-weather|RainDance|[from] ability: Drizzle|[of] p1a: Kyogre\n|turn|14\n|\n|t:|1697729357\n|move|p2a: Chien-Pao|Sucker Punch|p1a: Kyogre\n|-damage|p1a: Kyogre|33\/100\n|-damage|p2a: Chien-Pao|81\/100|[from] item: Life Orb\n|move|p1a: Kyogre|Water Spout|p2a: Chien-Pao\n|-damage|p2a: Chien-Pao|19\/100\n|\n|-weather|RainDance|[upkeep]\n|-heal|p1a: Kyogre|39\/100|[from] item: Leftovers\n|upkeep\n|turn|15\n|\n|t:|1697729366\n|move|p2a: Chien-Pao|Sucker Punch||[still]\n|-fail|p2a: Chien-Pao\n|move|p1a: Kyogre|Aqua Ring|p1a: Kyogre\n|-start|p1a: Kyogre|Aqua Ring\n|\n|-weather|RainDance|[upkeep]\n|-heal|p1a: Kyogre|45\/100|[from] item: Leftovers\n|-heal|p1a: Kyogre|52\/100|[from] Aqua Ring\n|-fieldend|move: Electric Terrain\n|upkeep\n|turn|16\n|\n|t:|1697729375\n|move|p2a: Chien-Pao|Crunch|p1a: Kyogre\n|-damage|p1a: Kyogre|0 fnt\n|faint|p1a: Kyogre\n|-damage|p2a: Chien-Pao|9\/100|[from] item: Life Orb\n|\n|win|Anne Frankkkk\n|raw|ZuuDino's rating: 1065 &rarr; <strong>1051<\/strong><br \/>(-14 for losing)\n|raw|Anne Frankkkk's rating: 1172 &rarr; <strong>1190<\/strong><br \/>(+18 for winning)\n","uploadtime":1697729383,"views":8,"p1id":"zuudino","p2id":"annefrankkkk","formatid":"gen9ubers","rating":1051,"private":0,"password":""}