{"id":"gen9ubers-1969998313","p1":"Bidy","p2":"Baby Chuck","format":"[Gen 9] Ubers","log":"|j|\u2606Bidy\n|j|\u2606Baby Chuck\n|t:|1697583549\n|gametype|singles\n|player|p1|Bidy|volkner|\n|player|p2|Baby Chuck|marlon|\n|teamsize|p1|6\n|teamsize|p2|6\n|gen|9\n|tier|[Gen 9] Ubers\n|rule|Sleep Clause Mod: Limit one foe put to sleep\n|rule|Species Clause: Limit one of each Pok\u00e9mon\n|rule|OHKO Clause: OHKO moves are banned\n|rule|Evasion Items Clause: Evasion items are banned\n|rule|Evasion Moves Clause: Evasion moves are banned\n|rule|Endless Battle Clause: Forcing endless battles is banned\n|rule|HP Percentage Mod: HP is shown in percentages\n|clearpoke\n|poke|p1|Greedent, M|\n|poke|p1|Iron Treads|\n|poke|p1|Wo-Chien|\n|poke|p1|Kleavor, M|\n|poke|p1|Iron Valiant|\n|poke|p1|Gyarados, M|\n|poke|p2|Tinkaton, F|\n|poke|p2|Zapdos|\n|poke|p2|Goodra-Hisui, F|\n|poke|p2|Pelipper, F|\n|poke|p2|Drednaw, F|\n|poke|p2|Krookodile, M|\n|teampreview\n|\n|t:|1697583587\n|start\n|switch|p1a: Monkey D. Chunky|Greedent, M|100\/100\n|switch|p2a: B|Tinkaton, F, shiny|100\/100\n|-ability|p2a: B|Mold Breaker\n|turn|1\n|\n|t:|1697583599\n|move|p2a: B|Knock Off|p1a: Monkey D. Chunky\n|-damage|p1a: Monkey D. Chunky|89\/100\n|-enditem|p1a: Monkey D. Chunky|Sitrus Berry|[from] move: Knock Off|[of] p2a: B\n|move|p1a: Monkey D. Chunky|Belly Drum|p1a: Monkey D. Chunky\n|-damage|p1a: Monkey D. Chunky|39\/100\n|-setboost|p1a: Monkey D. Chunky|atk|6|[from] move: Belly Drum\n|\n|upkeep\n|turn|2\n|\n|t:|1697583626\n|switch|p2a: K|Pelipper, F, shiny|100\/100\n|-weather|RainDance|[from] ability: Drizzle|[of] p2a: K\n|-terastallize|p1a: Monkey D. Chunky|Normal\n|move|p1a: Monkey D. Chunky|Facade|p2a: K\n|-crit|p2a: K\n|-damage|p2a: K|0 fnt\n|faint|p2a: K\n|\n|-weather|RainDance|[upkeep]\n|upkeep\n|\n|t:|1697583651\n|switch|p2a: I|Zapdos, shiny|100\/100\n|-ability|p2a: I|Pressure\n|turn|3\n|\n|t:|1697583682\n|move|p2a: I|Thunderbolt|p1a: Monkey D. Chunky\n|-damage|p1a: Monkey D. Chunky|7\/100\n|move|p1a: Monkey D. Chunky|Facade|p2a: I\n|-damage|p2a: I|9\/100\n|\n|-weather|RainDance|[upkeep]\n|upkeep\n|turn|4\n|\n|t:|1697583694\n|move|p2a: I|Heat Wave|p1a: Monkey D. Chunky\n|-damage|p1a: Monkey D. Chunky|0 fnt\n|faint|p1a: Monkey D. Chunky\n|\n|-weather|RainDance|[upkeep]\n|upkeep\n|\n|t:|1697583724\n|switch|p1a: Eric|Kleavor, M|100\/100\n|turn|5\n|\n|t:|1697583748\n|switch|p2a: D|Goodra-Hisui, F, shiny|100\/100\n|move|p1a: Eric|U-turn|p2a: D\n|-resisted|p2a: D\n|-damage|p2a: D|83\/100\n|\n|t:|1697583764\n|switch|p1a: Zunesha|Iron Treads|100\/100|[from] U-turn\n|\n|-weather|RainDance|[upkeep]\n|-heal|p2a: D|89\/100|[from] item: Leftovers\n|upkeep\n|turn|6\n|\n|t:|1697583820\n|switch|p2a: I|Zapdos, shiny|9\/100\n|-ability|p2a: I|Pressure\n|move|p1a: Zunesha|Ice Spinner|p2a: I\n|-supereffective|p2a: I\n|-damage|p2a: I|0 fnt\n|faint|p2a: I\n|-damage|p1a: Zunesha|91\/100|[from] item: Life Orb\n|\n|-weather|none\n|upkeep\n|\n|t:|1697583847\n|switch|p2a: A|Drednaw, F, shiny|100\/100\n|turn|7\n|\n|t:|1697583858\n|-end|p1a: Zunesha|Quark Drive|[silent]\n|switch|p1a: Anti-Devilfruit|Gyarados, M|100\/100\n|-ability|p1a: Anti-Devilfruit|Intimidate|boost\n|-unboost|p2a: A|atk|1\n|-enditem|p2a: A|White Herb\n|-clearnegativeboost|p2a: A|[silent]\n|-terastallize|p2a: A|Grass\n|move|p2a: A|Shell Smash|p2a: A\n|-unboost|p2a: A|def|1\n|-unboost|p2a: A|spd|1\n|-boost|p2a: A|atk|2\n|-boost|p2a: A|spa|2\n|-boost|p2a: A|spe|2\n|\n|upkeep\n|turn|8\n|\n|t:|1697583884\n|move|p2a: A|Stone Edge|p1a: Anti-Devilfruit\n|-supereffective|p1a: Anti-Devilfruit\n|-damage|p1a: Anti-Devilfruit|0 fnt\n|faint|p1a: Anti-Devilfruit\n|\n|upkeep\n|\n|t:|1697583944\n|switch|p1a: Joyboy|Iron Valiant|100\/100\n|-enditem|p1a: Joyboy|Booster Energy\n|-activate|p1a: Joyboy|ability: Quark Drive|[fromitem]\n|-start|p1a: Joyboy|quarkdrivespe\n|turn|9\n|\n|t:|1697583956\n|move|p1a: Joyboy|Close Combat|p2a: A\n|-damage|p2a: A|0 fnt\n|-unboost|p1a: Joyboy|def|1\n|-unboost|p1a: Joyboy|spd|1\n|faint|p2a: A\n|\n|upkeep\n|\n|t:|1697583970\n|switch|p2a: B|Tinkaton, F, shiny|100\/100\n|-ability|p2a: B|Mold Breaker\n|turn|10\n|\n|t:|1697583984\n|-end|p1a: Joyboy|Quark Drive|[silent]\n|switch|p1a: Binz|Wo-Chien|100\/100\n|-ability|p1a: Binz|Tablets of Ruin\n|move|p2a: B|Gigaton Hammer|p1a: Binz\n|-damage|p1a: Binz|72\/100\n|\n|-heal|p1a: Binz|78\/100|[from] item: Leftovers\n|upkeep\n|turn|11\n|\n|t:|1697583995\n|move|p2a: B|Knock Off|p1a: Binz\n|-resisted|p1a: Binz\n|-damage|p1a: Binz|73\/100\n|-enditem|p1a: Binz|Leftovers|[from] move: Knock Off|[of] p2a: B\n|move|p1a: Binz|Sunny Day|p1a: Binz\n|-weather|SunnyDay\n|\n|-weather|SunnyDay|[upkeep]\n|upkeep\n|turn|12\n|\n|t:|1697584003\n|move|p2a: B|Stealth Rock|p1a: Binz\n|-sidestart|p1: Bidy|move: Stealth Rock\n|move|p1a: Binz|Growth|p1a: Binz\n|-boost|p1a: Binz|atk|2\n|-boost|p1a: Binz|spa|2\n|\n|-weather|SunnyDay|[upkeep]\n|upkeep\n|turn|13\n|\n|t:|1697584024\n|switch|p2a: D|Goodra-Hisui, F, shiny|89\/100\n|move|p1a: Binz|Giga Drain|p2a: D\n|-resisted|p2a: D\n|-damage|p2a: D|83\/100\n|-heal|p1a: Binz|76\/100|[from] drain|[of] p2a: D\n|\n|-weather|SunnyDay|[upkeep]\n|-heal|p2a: D|89\/100|[from] item: Leftovers\n|upkeep\n|turn|14\n|\n|t:|1697584033\n|move|p1a: Binz|Growth|p1a: Binz\n|-boost|p1a: Binz|atk|2\n|-boost|p1a: Binz|spa|2\n|move|p2a: D|Acid Armor|p2a: D\n|-boost|p2a: D|def|2\n|\n|-weather|SunnyDay|[upkeep]\n|-heal|p2a: D|95\/100|[from] item: Leftovers\n|upkeep\n|turn|15\n|\n|t:|1697584040\n|move|p1a: Binz|Dark Pulse|p2a: D\n|-damage|p2a: D|52\/100\n|cant|p2a: D|flinch\n|\n|-weather|none\n|-heal|p2a: D|58\/100|[from] item: Leftovers\n|upkeep\n|turn|16\n|\n|t:|1697584047\n|move|p1a: Binz|Dark Pulse|p2a: D\n|-damage|p2a: D|16\/100\n|move|p2a: D|Life Dew|p2a: D\n|-heal|p2a: D|41\/100\n|\n|-heal|p2a: D|47\/100|[from] item: Leftovers\n|upkeep\n|turn|17\n|\n|t:|1697584054\n|move|p1a: Binz|Dark Pulse|p2a: D\n|-damage|p2a: D|2\/100\n|move|p2a: D|Life Dew|p2a: D\n|-heal|p2a: D|27\/100\n|\n|-heal|p2a: D|33\/100|[from] item: Leftovers\n|upkeep\n|turn|18\n|\n|t:|1697584067\n|move|p1a: Binz|Dark Pulse|p2a: D\n|-damage|p2a: D|0 fnt\n|faint|p2a: D\n|\n|upkeep\n|\n|t:|1697584076\n|switch|p2a: B|Tinkaton, F, shiny|100\/100\n|-ability|p2a: B|Mold Breaker\n|turn|19\n|\n|t:|1697584083\n|move|p2a: B|Knock Off|p1a: Binz\n|-resisted|p1a: Binz\n|-damage|p1a: Binz|72\/100\n|move|p1a: Binz|Dark Pulse|p2a: B\n|-resisted|p2a: B\n|-damage|p2a: B|68\/100\n|\n|-heal|p2a: B|75\/100|[from] item: Leftovers\n|upkeep\n|turn|20\n|\n|t:|1697584091\n|move|p2a: B|Gigaton Hammer|p1a: Binz\n|-damage|p1a: Binz|44\/100\n|move|p1a: Binz|Giga Drain|p2a: B\n|-resisted|p2a: B\n|-damage|p2a: B|44\/100\n|-heal|p1a: Binz|60\/100|[from] drain|[of] p2a: B\n|\n|-heal|p2a: B|50\/100|[from] item: Leftovers\n|upkeep\n|turn|21\n|\n|t:|1697584105\n|move|p2a: B|Thunder Wave|p1a: Binz\n|-status|p1a: Binz|par\n|cant|p1a: Binz|par\n|\n|-heal|p2a: B|56\/100|[from] item: Leftovers\n|upkeep\n|turn|22\n|\n|t:|1697584111\n|move|p2a: B|Gigaton Hammer|p1a: Binz\n|-damage|p1a: Binz|31\/100 par\n|cant|p1a: Binz|par\n|\n|-heal|p2a: B|63\/100|[from] item: Leftovers\n|upkeep\n|turn|23\n|\n|t:|1697584122\n|move|p2a: B|Knock Off|p1a: Binz\n|-resisted|p1a: Binz\n|-damage|p1a: Binz|26\/100 par\n|move|p1a: Binz|Giga Drain|p2a: B\n|-resisted|p2a: B\n|-damage|p2a: B|35\/100\n|-heal|p1a: Binz|40\/100 par|[from] drain|[of] p2a: B\n|\n|-heal|p2a: B|41\/100|[from] item: Leftovers\n|upkeep\n|turn|24\n|\n|t:|1697584131\n|move|p2a: B|Gigaton Hammer|p1a: Binz\n|-damage|p1a: Binz|12\/100 par\n|move|p1a: Binz|Giga Drain|p2a: B\n|-resisted|p2a: B\n|-damage|p2a: B|10\/100\n|-heal|p1a: Binz|28\/100 par|[from] drain|[of] p2a: B\n|\n|-heal|p2a: B|16\/100|[from] item: Leftovers\n|upkeep\n|turn|25\n|\n|t:|1697584142\n|move|p2a: B|Knock Off|p1a: Binz\n|-resisted|p1a: Binz\n|-damage|p1a: Binz|24\/100 par\n|move|p1a: Binz|Giga Drain|p2a: B\n|-resisted|p2a: B\n|-damage|p2a: B|0 fnt\n|-heal|p1a: Binz|32\/100 par|[from] drain|[of] p2a: B\n|faint|p2a: B\n|\n|upkeep\n|\n|t:|1697584150\n|switch|p2a: R|Krookodile, M, shiny|100\/100\n|turn|26\n|\n|t:|1697584155\n|move|p2a: R|Close Combat|p1a: Binz\n|-supereffective|p1a: Binz\n|-damage|p1a: Binz|0 fnt\n|-unboost|p2a: R|def|1\n|-unboost|p2a: R|spd|1\n|faint|p1a: Binz\n|-ability|p2a: R|Moxie|boost\n|-boost|p2a: R|atk|1\n|\n|upkeep\n|\n|t:|1697584177\n|switch|p1a: Joyboy|Iron Valiant|100\/100\n|-damage|p1a: Joyboy|94\/100|[from] Stealth Rock\n|turn|27\n|\n|t:|1697584182\n|move|p2a: R|Close Combat|p1a: Joyboy\n|-resisted|p1a: Joyboy\n|-damage|p1a: Joyboy|55\/100\n|-unboost|p2a: R|def|1\n|-unboost|p2a: R|spd|1\n|move|p1a: Joyboy|Close Combat|p2a: R\n|-supereffective|p2a: R\n|-damage|p2a: R|0 fnt\n|-unboost|p1a: Joyboy|def|1\n|-unboost|p1a: Joyboy|spd|1\n|faint|p2a: R\n|\n|win|Bidy\n|l|\u2606Bidy\n","uploadtime":1697584205,"views":26,"p1id":"bidy","p2id":"babychuck","formatid":"gen9ubers","rating":0,"private":0,"password":""}