{"id":"gen9ubers-1979765472","p1":"Leo Justice","p2":"VictiniSweeper","format":"[Gen 9] Ubers","log":"|j|\u2606Leo Justice\n|j|\u2606VictiniSweeper\n|t:|1698710948\n|gametype|singles\n|player|p1|Leo Justice|carmine|\n|player|p2|VictiniSweeper|iris-gen5bw2|\n|teamsize|p1|6\n|teamsize|p2|6\n|gen|9\n|tier|[Gen 9] Ubers\n|rule|Sleep Clause Mod: Limit one foe put to sleep\n|rule|Species Clause: Limit one of each Pok\u00e9mon\n|rule|OHKO Clause: OHKO moves are banned\n|rule|Evasion Items Clause: Evasion items are banned\n|rule|Evasion Moves Clause: Evasion moves are banned\n|rule|Endless Battle Clause: Forcing endless battles is banned\n|rule|HP Percentage Mod: HP is shown in percentages\n|clearpoke\n|poke|p1|Rillaboom, F|\n|poke|p1|Ursaluna, M|\n|poke|p1|Dialga|\n|poke|p1|Magearna|\n|poke|p1|Hatterene, F|\n|poke|p1|Chi-Yu|\n|poke|p2|Volcarona, F|\n|poke|p2|Cyclizar, F|\n|poke|p2|Roaring Moon|\n|poke|p2|Manaphy|\n|poke|p2|Dialga-Origin|\n|poke|p2|Ninetales-Alola, F|\n|teampreview\n|inactive|Battle timer is ON: inactive players will automatically lose when time's up. (requested by VictiniSweeper)\n|inactive|Leo Justice has 270 seconds left.\n|inactive|Leo Justice has 240 seconds left.\n|inactive|VictiniSweeper has 270 seconds left.\n|\n|t:|1698711031\n|start\n|switch|p1a: Dialga|Dialga|100\/100\n|switch|p2a: Dialga|Dialga-Origin|100\/100\n|-ability|p2a: Dialga|Pressure\n|-ability|p1a: Dialga|Pressure\n|turn|1\n|\n|t:|1698711041\n|switch|p1a: Rillaboom|Rillaboom, F|100\/100\n|-fieldstart|move: Grassy Terrain|[from] ability: Grassy Surge|[of] p1a: Rillaboom\n|move|p2a: Dialga|Roar|p1a: Rillaboom\n|drag|p1a: Hatterene|Hatterene, F|100\/100\n|\n|upkeep\n|turn|2\n|\n|t:|1698711051\n|move|p2a: Dialga|Roar|p1a: Hatterene\n|move|p1a: Hatterene|Roar|p2a: Dialga|[from]ability: Magic Bounce\n|drag|p2a: Manaphy|Manaphy|100\/100\n|move|p1a: Hatterene|Trick Room|p1a: Hatterene\n|-fieldstart|move: Trick Room|[of] p1a: Hatterene\n|\n|upkeep\n|turn|3\n|c|\u2606VictiniSweeper|Damn man\n|c|\u2606VictiniSweeper|I didint know It worked on Roar\n|inactive|VictiniSweeper has 270 seconds left.\n|\n|t:|1698711084\n|move|p1a: Hatterene|Nuzzle|p2a: Manaphy\n|-supereffective|p2a: Manaphy\n|-damage|p2a: Manaphy|92\/100\n|-status|p2a: Manaphy|par\n|move|p2a: Manaphy|Tail Glow|p2a: Manaphy\n|-boost|p2a: Manaphy|spa|3\n|\n|-heal|p2a: Manaphy|98\/100 par|[from] Grassy Terrain\n|upkeep\n|turn|4\n|\n|t:|1698711092\n|move|p1a: Hatterene|Healing Wish|p1a: Hatterene\n|faint|p1a: Hatterene\n|move|p2a: Manaphy|Scald|p1: Hatterene|[notarget]\n|-fail|p2a: Manaphy\n|\n|-heal|p2a: Manaphy|100\/100 par|[from] Grassy Terrain\n|upkeep\n|\n|t:|1698711097\n|switch|p1a: Rillaboom|Rillaboom, F|100\/100\n|turn|5\n|\n|t:|1698711105\n|-terastallize|p2a: Manaphy|Ice\n|move|p1a: Rillaboom|Grassy Glide|p2a: Manaphy\n|-damage|p2a: Manaphy|62\/100 par\n|move|p2a: Manaphy|Ice Beam|p1a: Rillaboom\n|-supereffective|p1a: Rillaboom\n|-damage|p1a: Rillaboom|0 fnt\n|faint|p1a: Rillaboom\n|-damage|p2a: Manaphy|52\/100 par|[from] item: Life Orb\n|\n|-heal|p2a: Manaphy|59\/100 par|[from] Grassy Terrain\n|-fieldend|move: Grassy Terrain\n|upkeep\n|inactive|Leo Justice has 270 seconds left.\n|\n|t:|1698711137\n|switch|p1a: Ursaluna|Ursaluna, M|100\/100\n|turn|6\n|j| fwuffypetsowo\n|\n|t:|1698711143\n|move|p1a: Ursaluna|Headlong Rush|p2a: Manaphy\n|-damage|p2a: Manaphy|0 fnt\n|-unboost|p1a: Ursaluna|def|1\n|-unboost|p1a: Ursaluna|spd|1\n|faint|p2a: Manaphy\n|\n|-fieldend|move: Trick Room\n|-status|p1a: Ursaluna|brn|[from] item: Flame Orb\n|upkeep\n|\n|t:|1698711160\n|switch|p2a: Ninetales|Ninetales-Alola, F|100\/100\n|-weather|Snow|[from] ability: Snow Warning|[of] p2a: Ninetales\n|turn|7\n|\n|t:|1698711168\n|move|p2a: Ninetales|Freeze-Dry|p1a: Ursaluna\n|-supereffective|p1a: Ursaluna\n|-damage|p1a: Ursaluna|28\/100 brn\n|move|p1a: Ursaluna|Facade|p2a: Ninetales\n|-damage|p2a: Ninetales|0 fnt\n|faint|p2a: Ninetales\n|\n|-weather|Snow|[upkeep]\n|-damage|p1a: Ursaluna|22\/100 brn|[from] brn\n|upkeep\n|\n|t:|1698711172\n|switch|p2a: Volcarona|Volcarona, F|100\/100\n|turn|8\n|\n|t:|1698711182\n|switch|p1a: Chi-Yu|Chi-Yu|100\/100\n|-ability|p1a: Chi-Yu|Beads of Ruin\n|move|p2a: Volcarona|Giga Drain|p1a: Chi-Yu\n|-resisted|p1a: Chi-Yu\n|-damage|p1a: Chi-Yu|82\/100\n|\n|-weather|Snow|[upkeep]\n|upkeep\n|turn|9\n|\n|t:|1698711189\n|move|p1a: Chi-Yu|Dark Pulse|p2a: Volcarona\n|-damage|p2a: Volcarona|40\/100\n|cant|p2a: Volcarona|flinch\n|\n|-weather|Snow|[upkeep]\n|upkeep\n|turn|10\n|\n|t:|1698711197\n|switch|p2a: Roaring Moon|Roaring Moon|100\/100\n|-enditem|p2a: Roaring Moon|Booster Energy\n|-activate|p2a: Roaring Moon|ability: Protosynthesis|[fromitem]\n|-start|p2a: Roaring Moon|protosynthesisspe\n|move|p1a: Chi-Yu|Dark Pulse|p2a: Roaring Moon\n|-resisted|p2a: Roaring Moon\n|-damage|p2a: Roaring Moon|74\/100\n|\n|-weather|Snow|[upkeep]\n|upkeep\n|turn|11\n|\n|t:|1698711212\n|switch|p1a: Magearna|Magearna|100\/100\n|move|p2a: Roaring Moon|Dragon Dance|p2a: Roaring Moon\n|-boost|p2a: Roaring Moon|atk|1\n|-boost|p2a: Roaring Moon|spe|1\n|\n|-weather|none\n|upkeep\n|turn|12\n|\n|t:|1698711217\n|move|p2a: Roaring Moon|Acrobatics|p1a: Magearna\n|-resisted|p1a: Magearna\n|-crit|p1a: Magearna\n|-damage|p1a: Magearna|66\/100\n|move|p1a: Magearna|Trick Room|p1a: Magearna\n|-fieldstart|move: Trick Room|[of] p1a: Magearna\n|\n|-heal|p1a: Magearna|72\/100|[from] item: Leftovers\n|upkeep\n|turn|13\n|c|\u2606Leo Justice|Domain expansion\n|c|\u2606Leo Justice|Trick room\n|\n|t:|1698711231\n|-end|p2a: Roaring Moon|Protosynthesis|[silent]\n|switch|p2a: Dialga|Dialga-Origin|100\/100\n|-ability|p2a: Dialga|Pressure\n|move|p1a: Magearna|Fleur Cannon|p2a: Dialga\n|-damage|p2a: Dialga|50\/100\n|-unboost|p1a: Magearna|spa|2\n|\n|-heal|p1a: Magearna|78\/100|[from] item: Leftovers\n|upkeep\n|turn|14\n|\n|t:|1698711237\n|move|p1a: Magearna|Volt Switch|p2a: Dialga\n|-resisted|p2a: Dialga\n|-damage|p2a: Dialga|46\/100\n|\n|t:|1698711239\n|switch|p1a: Ursaluna|Ursaluna, M|22\/100 brn|[from] Volt Switch\n|-heal|p1a: Ursaluna|100\/100|[from] move: Healing Wish\n|move|p2a: Dialga|Stealth Rock|p1a: Ursaluna\n|-sidestart|p1: Leo Justice|move: Stealth Rock\n|\n|-status|p1a: Ursaluna|brn|[from] item: Flame Orb\n|upkeep\n|turn|15\n|\n|t:|1698711255\n|switch|p2a: Volcarona|Volcarona, F|40\/100\n|move|p1a: Ursaluna|Headlong Rush|p2a: Volcarona\n|-damage|p2a: Volcarona|0 fnt\n|-unboost|p1a: Ursaluna|def|1\n|-unboost|p1a: Ursaluna|spd|1\n|faint|p2a: Volcarona\n|\n|-damage|p1a: Ursaluna|94\/100 brn|[from] brn\n|upkeep\n|\n|t:|1698711265\n|switch|p2a: Dialga|Dialga-Origin|46\/100\n|-ability|p2a: Dialga|Pressure\n|turn|16\n|\n|t:|1698711267\n|move|p1a: Ursaluna|Headlong Rush|p2a: Dialga\n|-supereffective|p2a: Dialga\n|-damage|p2a: Dialga|0 fnt\n|-unboost|p1a: Ursaluna|def|1\n|-unboost|p1a: Ursaluna|spd|1\n|faint|p2a: Dialga\n|\n|-damage|p1a: Ursaluna|88\/100 brn|[from] brn\n|-fieldend|move: Trick Room\n|upkeep\n|\n|t:|1698711276\n|switch|p2a: Cyclizar|Cyclizar, F|100\/100\n|turn|17\n|\n|t:|1698711280\n|move|p2a: Cyclizar|Draco Meteor|p1a: Ursaluna\n|-damage|p1a: Ursaluna|22\/100 brn\n|-unboost|p2a: Cyclizar|spa|2\n|move|p1a: Ursaluna|Facade|p2a: Cyclizar\n|-damage|p2a: Cyclizar|0 fnt\n|faint|p2a: Cyclizar\n|\n|-damage|p1a: Ursaluna|16\/100 brn|[from] brn\n|upkeep\n|\n|t:|1698711284\n|switch|p2a: Roaring Moon|Roaring Moon|74\/100\n|turn|18\n|c|\u2606VictiniSweeper|Gg\n|\n|t:|1698711297\n|move|p2a: Roaring Moon|Dragon Claw|p1a: Ursaluna\n|-damage|p1a: Ursaluna|0 fnt\n|faint|p1a: Ursaluna\n|\n|upkeep\n|\n|t:|1698711301\n|switch|p1a: Magearna|Magearna|78\/100\n|-damage|p1a: Magearna|72\/100|[from] Stealth Rock\n|turn|19\n|\n|t:|1698711307\n|move|p2a: Roaring Moon|Throat Chop|p1a: Magearna\n|-resisted|p1a: Magearna\n|-damage|p1a: Magearna|53\/100\n|-start|p1a: Magearna|Throat Chop|[silent]\n|move|p1a: Magearna|Fleur Cannon|p2a: Roaring Moon\n|-supereffective|p2a: Roaring Moon\n|-damage|p2a: Roaring Moon|0 fnt\n|-unboost|p1a: Magearna|spa|2\n|faint|p2a: Roaring Moon\n|-end|p2a: Roaring Moon|Protosynthesis|[silent]\n|\n|win|Leo Justice\n|c|\u2606Leo Justice|gg\n|l|\u2606VictiniSweeper\n","uploadtime":1698711317,"views":32,"p1id":"leojustice","p2id":"victinisweeper","formatid":"gen9ubers","rating":0,"private":0,"password":""}