{"id":"gen9ubers-1980233179","p1":"diguelomalukinho","p2":"Timas2725","format":"[Gen 9] Ubers","log":"|j|\u2606diguelomalukinho\n|j|\u2606Timas2725\n|t:|1698768313\n|gametype|singles\n|player|p1|diguelomalukinho|gentleman-gen4dp|1018\n|player|p2|Timas2725|265|1083\n|teamsize|p1|6\n|teamsize|p2|6\n|gen|9\n|tier|[Gen 9] Ubers\n|rated|\n|rule|Sleep Clause Mod: Limit one foe put to sleep\n|rule|Species Clause: Limit one of each Pok\u00e9mon\n|rule|OHKO Clause: OHKO moves are banned\n|rule|Evasion Items Clause: Evasion items are banned\n|rule|Evasion Moves Clause: Evasion moves are banned\n|rule|Endless Battle Clause: Forcing endless battles is banned\n|rule|HP Percentage Mod: HP is shown in percentages\n|clearpoke\n|poke|p1|Cloyster, F|\n|poke|p1|Tyranitar, F|\n|poke|p1|Jolteon, F|\n|poke|p1|Greninja-*, M|\n|poke|p1|Ogerpon-Hearthflame, F|\n|poke|p1|Mewtwo|\n|poke|p2|Rayquaza|\n|poke|p2|Skeledirge, M|\n|poke|p2|Zacian-*|\n|poke|p2|Dialga|\n|poke|p2|Arceus-Fairy|\n|poke|p2|Ribombee, M|\n|teampreview\n|\n|t:|1698768320\n|start\n|switch|p1a: Ogerpon|Ogerpon-Hearthflame, F|100\/100\n|switch|p2a: Ribombee|Ribombee, M|100\/100\n|-ability|p1a: Ogerpon|Mold Breaker\n|turn|1\n|\n|t:|1698768328\n|move|p2a: Ribombee|Sticky Web|p1a: Ogerpon\n|-sidestart|p1: diguelomalukinho|move: Sticky Web\n|move|p1a: Ogerpon|Swords Dance|p1a: Ogerpon\n|-boost|p1a: Ogerpon|atk|2\n|\n|upkeep\n|turn|2\n|\n|t:|1698768335\n|move|p2a: Ribombee|Stun Spore|p1a: Ogerpon\n|-immune|p1a: Ogerpon\n|move|p1a: Ogerpon|Energy Ball|p2a: Ribombee\n|-resisted|p2a: Ribombee\n|-damage|p2a: Ribombee|81\/100\n|\n|upkeep\n|turn|3\n|\n|t:|1698768345\n|move|p2a: Ribombee|Moonblast|p1a: Ogerpon\n|-resisted|p1a: Ogerpon\n|-damage|p1a: Ogerpon|76\/100\n|move|p1a: Ogerpon|Knock Off|p2a: Ribombee\n|-resisted|p2a: Ribombee\n|-damage|p2a: Ribombee|3\/100\n|-enditem|p2a: Ribombee|Focus Sash|[from] move: Knock Off|[of] p1a: Ogerpon\n|\n|upkeep\n|turn|4\n|\n|t:|1698768356\n|move|p2a: Ribombee|Moonblast|p1a: Ogerpon\n|-resisted|p1a: Ogerpon\n|-damage|p1a: Ogerpon|52\/100\n|move|p1a: Ogerpon|Knock Off|p2a: Ribombee\n|-resisted|p2a: Ribombee\n|-damage|p2a: Ribombee|0 fnt\n|faint|p2a: Ribombee\n|\n|upkeep\n|\n|t:|1698768366\n|switch|p2a: Skeledirge|Skeledirge, M|100\/100\n|turn|5\n|\n|t:|1698768373\n|move|p1a: Ogerpon|Giga Drain|p2a: Skeledirge\n|-resisted|p2a: Skeledirge\n|-damage|p2a: Skeledirge|91\/100\n|-heal|p1a: Ogerpon|59\/100|[from] drain|[of] p2a: Skeledirge\n|move|p2a: Skeledirge|Torch Song|p1a: Ogerpon\n|-damage|p1a: Ogerpon|22\/100\n|-boost|p2a: Skeledirge|spa|1\n|\n|upkeep\n|turn|6\n|\n|t:|1698768381\n|move|p1a: Ogerpon|Knock Off|p2a: Skeledirge\n|-supereffective|p2a: Skeledirge\n|-damage|p2a: Skeledirge|0 fnt\n|-enditem|p2a: Skeledirge|Heavy-Duty Boots|[from] move: Knock Off|[of] p1a: Ogerpon\n|faint|p2a: Skeledirge\n|\n|upkeep\n|c|\u2606Timas2725|Unaware machine broke\n|\n|t:|1698768398\n|switch|p2a: Rayquaza|Rayquaza|100\/100\n|-ability|p2a: Rayquaza|Air Lock\n|turn|7\n|\n|t:|1698768408\n|move|p1a: Ogerpon|Knock Off|p2a: Rayquaza\n|-damage|p2a: Rayquaza|4\/100\n|-enditem|p2a: Rayquaza|Life Orb|[from] move: Knock Off|[of] p1a: Ogerpon\n|move|p2a: Rayquaza|Dragon Dance|p2a: Rayquaza\n|-boost|p2a: Rayquaza|atk|1\n|-boost|p2a: Rayquaza|spe|1\n|\n|upkeep\n|turn|8\n|\n|t:|1698768433\n|move|p2a: Rayquaza|Dragon Ascent|p1a: Ogerpon\n|-supereffective|p1a: Ogerpon\n|-damage|p1a: Ogerpon|0 fnt\n|-unboost|p2a: Rayquaza|def|1\n|-unboost|p2a: Rayquaza|spd|1\n|faint|p1a: Ogerpon\n|\n|upkeep\n|inactive|Battle timer is ON: inactive players will automatically lose when time's up. (requested by diguelomalukinho)\n|\n|t:|1698768448\n|switch|p1a: Mewtwo|Mewtwo|100\/100\n|-ability|p1a: Mewtwo|Unnerve\n|-activate|p1a: Mewtwo|move: Sticky Web\n|-unboost|p1a: Mewtwo|spe|1\n|turn|9\n|\n|t:|1698768460\n|move|p2a: Rayquaza|Dragon Ascent|p1a: Mewtwo\n|-damage|p1a: Mewtwo|0 fnt\n|-unboost|p2a: Rayquaza|def|1\n|-unboost|p2a: Rayquaza|spd|1\n|faint|p1a: Mewtwo\n|\n|upkeep\n|\n|t:|1698768469\n|switch|p1a: Tyranitar|Tyranitar, F|100\/100\n|-activate|p1a: Tyranitar|move: Sticky Web\n|-unboost|p1a: Tyranitar|spe|1\n|-weather|Sandstorm|[from] ability: Sand Stream|[of] p1a: Tyranitar\n|turn|10\n|\n|t:|1698768476\n|move|p2a: Rayquaza|Earthquake|p1a: Tyranitar\n|-supereffective|p1a: Tyranitar\n|-damage|p1a: Tyranitar|18\/100\n|move|p1a: Tyranitar|Dragon Dance|p1a: Tyranitar\n|-boost|p1a: Tyranitar|atk|1\n|-boost|p1a: Tyranitar|spe|1\n|\n|-weather|Sandstorm|[upkeep]\n|-heal|p1a: Tyranitar|24\/100|[from] item: Leftovers\n|upkeep\n|turn|11\n|\n|t:|1698768485\n|move|p2a: Rayquaza|Earthquake|p1a: Tyranitar\n|-supereffective|p1a: Tyranitar\n|-damage|p1a: Tyranitar|0 fnt\n|faint|p1a: Tyranitar\n|\n|-weather|Sandstorm|[upkeep]\n|upkeep\n|\n|t:|1698768491\n|switch|p1a: Cloyster|Cloyster, F|100\/100\n|-activate|p1a: Cloyster|move: Sticky Web\n|-unboost|p1a: Cloyster|spe|1\n|turn|12\n|\n|t:|1698768497\n|move|p2a: Rayquaza|Dragon Ascent|p1a: Cloyster\n|-damage|p1a: Cloyster|25\/100\n|-unboost|p2a: Rayquaza|def|1\n|-unboost|p2a: Rayquaza|spd|1\n|move|p1a: Cloyster|Shell Smash|p1a: Cloyster\n|-unboost|p1a: Cloyster|def|1\n|-unboost|p1a: Cloyster|spd|1\n|-boost|p1a: Cloyster|atk|2\n|-boost|p1a: Cloyster|spa|2\n|-boost|p1a: Cloyster|spe|2\n|\n|-weather|Sandstorm|[upkeep]\n|upkeep\n|turn|13\n|\n|t:|1698768505\n|move|p2a: Rayquaza|Dragon Ascent|p1a: Cloyster\n|-damage|p1a: Cloyster|0 fnt\n|-unboost|p2a: Rayquaza|def|1\n|-unboost|p2a: Rayquaza|spd|1\n|faint|p1a: Cloyster\n|\n|-weather|Sandstorm|[upkeep]\n|upkeep\n|\n|t:|1698768514\n|switch|p1a: Greninja|Greninja, M, shiny|100\/100\n|-activate|p1a: Greninja|move: Sticky Web\n|-unboost|p1a: Greninja|spe|1\n|turn|14\n|\n|t:|1698768518\n|move|p2a: Rayquaza|Dragon Ascent|p1a: Greninja\n|-damage|p1a: Greninja|0 fnt\n|-unboost|p2a: Rayquaza|def|1\n|-unboost|p2a: Rayquaza|spd|1\n|faint|p1a: Greninja\n|\n|-weather|none\n|upkeep\n|\n|t:|1698768521\n|switch|p1a: Jolteon|Jolteon, F, shiny|100\/100\n|-activate|p1a: Jolteon|move: Sticky Web\n|-unboost|p1a: Jolteon|spe|1\n|turn|15\n|\n|t:|1698768532\n|move|p2a: Rayquaza|Earthquake|p1a: Jolteon\n|-supereffective|p1a: Jolteon\n|-damage|p1a: Jolteon|0 fnt\n|faint|p1a: Jolteon\n|\n|win|Timas2725\n|raw|diguelomalukinho's rating: 1018 &rarr; <strong>1008<\/strong><br \/>(-10 for losing)\n|raw|Timas2725's rating: 1083 &rarr; <strong>1105<\/strong><br \/>(+22 for winning)\n|l|\u2606diguelomalukinho\n|l|\u2606Timas2725\n|j|\u2606Timas2725\n|player|p2|Timas2725|265\n","uploadtime":1698768552,"views":12,"p1id":"diguelomalukinho","p2id":"timas2725","formatid":"gen9ubers","rating":1008,"private":0,"password":""}