{"id":"gen9ubers-1979165267","p1":"1P1o1s1h1e1","p2":"Finchely","format":"[Gen 9] Ubers","log":"|j|\u26061P1o1s1h1e1\n|j|\u2606Finchely\n|t:|1698642208\n|gametype|singles\n|player|p1|1P1o1s1h1e1|2|\n|player|p2|Finchely|acetrainerf|\n|teamsize|p1|6\n|teamsize|p2|6\n|gen|9\n|tier|[Gen 9] Ubers\n|rule|Sleep Clause Mod: Limit one foe put to sleep\n|rule|Species Clause: Limit one of each Pok\u00e9mon\n|rule|OHKO Clause: OHKO moves are banned\n|rule|Evasion Items Clause: Evasion items are banned\n|rule|Evasion Moves Clause: Evasion moves are banned\n|rule|Endless Battle Clause: Forcing endless battles is banned\n|rule|HP Percentage Mod: HP is shown in percentages\n|clearpoke\n|poke|p1|Pelipper, M|\n|poke|p1|Basculegion-F, F|\n|poke|p1|Shaymin-Sky|\n|poke|p1|Palkia-Origin|\n|poke|p1|Zamazenta-*|\n|poke|p1|Overqwil, M|\n|poke|p2|Slowking-Galar, F|\n|poke|p2|Urshifu-*, F|\n|poke|p2|Giratina|\n|poke|p2|Azumarill, F|\n|poke|p2|Magearna-Original|\n|poke|p2|Arceus-Dark|\n|teampreview\n|\n|t:|1698642219\n|start\n|switch|p1a: DropFlinch&Die|Shaymin-Sky|100\/100\n|switch|p2a: Slowking|Slowking-Galar, F, shiny|100\/100\n|turn|1\n|\n|t:|1698642224\n|move|p1a: DropFlinch&Die|Air Slash|p2a: Slowking\n|-damage|p2a: Slowking|73\/100\n|cant|p2a: Slowking|flinch\n|\n|upkeep\n|turn|2\n|\n|t:|1698642229\n|switch|p2a: Magearna|Magearna-Original|100\/100\n|move|p1a: DropFlinch&Die|Seed Flare|p2a: Magearna\n|-resisted|p2a: Magearna\n|-damage|p2a: Magearna|81\/100\n|\n|upkeep\n|turn|3\n|\n|t:|1698642241\n|switch|p1a: THE CAVALRY|Palkia-Origin|100\/100\n|-ability|p1a: THE CAVALRY|Pressure\n|move|p2a: Magearna|Volt Switch|p1a: THE CAVALRY\n|-damage|p1a: THE CAVALRY|82\/100\n|\n|t:|1698642246\n|switch|p2a: Azumarill|Azumarill, F, shiny|100\/100|[from] Volt Switch\n|\n|upkeep\n|turn|4\n|\n|t:|1698642287\n|switch|p2a: Slowking|Slowking-Galar, F, shiny|100\/100\n|-terastallize|p1a: THE CAVALRY|Water\n|move|p1a: THE CAVALRY|Hydro Pump|p2a: Slowking\n|-damage|p2a: Slowking|25\/100\n|\n|upkeep\n|turn|5\n|\n|t:|1698642295\n|switch|p2a: Azumarill|Azumarill, F, shiny|100\/100\n|move|p1a: THE CAVALRY|Earth Power|p2a: Azumarill\n|-damage|p2a: Azumarill|78\/100\n|\n|upkeep\n|turn|6\n|\n|t:|1698642305\n|move|p1a: THE CAVALRY|Hydro Pump|p2a: Azumarill\n|-resisted|p2a: Azumarill\n|-damage|p2a: Azumarill|45\/100\n|move|p2a: Azumarill|Play Rough|p1a: THE CAVALRY|[miss]\n|-miss|p2a: Azumarill|p1a: THE CAVALRY\n|\n|upkeep\n|turn|7\n|\n|t:|1698642316\n|move|p1a: THE CAVALRY|Hydro Pump|p2a: Azumarill\n|-resisted|p2a: Azumarill\n|-damage|p2a: Azumarill|9\/100\n|move|p2a: Azumarill|Play Rough|p1a: THE CAVALRY\n|-damage|p1a: THE CAVALRY|12\/100\n|\n|upkeep\n|turn|8\n|\n|t:|1698642325\n|switch|p1a: Pelipper|Pelipper, M|100\/100\n|-weather|RainDance|[from] ability: Drizzle|[of] p1a: Pelipper\n|move|p2a: Azumarill|Aqua Jet|p1a: Pelipper\n|-resisted|p1a: Pelipper\n|-damage|p1a: Pelipper|86\/100\n|\n|-weather|RainDance|[upkeep]\n|upkeep\n|turn|9\n|\n|t:|1698642331\n|move|p1a: Pelipper|Hurricane|p2a: Azumarill\n|-damage|p2a: Azumarill|0 fnt\n|faint|p2a: Azumarill\n|\n|-weather|RainDance|[upkeep]\n|upkeep\n|\n|t:|1698642341\n|switch|p2a: Slowking|Slowking-Galar, F, shiny|58\/100\n|turn|10\n|\n|t:|1698642349\n|move|p1a: Pelipper|U-turn|p2a: Slowking\n|-damage|p2a: Slowking|51\/100\n|\n|t:|1698642351\n|switch|p1a: DropFlinch&Die|Shaymin-Sky|100\/100|[from] U-turn\n|move|p2a: Slowking|Chilly Reception|p2a: Slowking\n|-weather|Snow\n|\n|t:|1698642357\n|switch|p2a: Magearna|Magearna-Original|81\/100|[from] Chilly Reception\n|\n|-weather|Snow|[upkeep]\n|upkeep\n|turn|11\n|\n|t:|1698642362\n|move|p1a: DropFlinch&Die|Leech Seed|p2a: Magearna\n|-start|p2a: Magearna|move: Leech Seed\n|move|p2a: Magearna|Volt Switch|p1a: DropFlinch&Die\n|-damage|p1a: DropFlinch&Die|74\/100\n|\n|t:|1698642366\n|switch|p2a: Slowking|Slowking-Galar, F, shiny|85\/100|[from] Volt Switch\n|\n|-weather|Snow|[upkeep]\n|upkeep\n|turn|12\n|\n|t:|1698642372\n|move|p1a: DropFlinch&Die|Healing Wish|p1a: DropFlinch&Die\n|faint|p1a: DropFlinch&Die\n|move|p2a: Slowking|Thunder Wave|p1: DropFlinch&Die|[notarget]\n|-fail|p2a: Slowking\n|\n|-weather|Snow|[upkeep]\n|upkeep\n|\n|t:|1698642378\n|switch|p1a: THE CAVALRY|Palkia-Origin, tera:Water|12\/100\n|-heal|p1a: THE CAVALRY|100\/100|[from] move: Healing Wish\n|-ability|p1a: THE CAVALRY|Pressure\n|turn|13\n|\n|t:|1698642409\n|move|p1a: THE CAVALRY|Hydro Pump|p2a: Slowking\n|-damage|p2a: Slowking|7\/100\n|move|p2a: Slowking|Thunder Wave|p1a: THE CAVALRY\n|-status|p1a: THE CAVALRY|par\n|\n|-weather|Snow|[upkeep]\n|upkeep\n|turn|14\n|\n|t:|1698642415\n|switch|p2a: Magearna|Magearna-Original|81\/100\n|move|p1a: THE CAVALRY|Earth Power|p2a: Magearna\n|-supereffective|p2a: Magearna\n|-crit|p2a: Magearna\n|-damage|p2a: Magearna|18\/100\n|\n|-weather|none\n|upkeep\n|turn|15\n|\n|t:|1698642428\n|move|p1a: THE CAVALRY|Earth Power|p2a: Magearna\n|-supereffective|p2a: Magearna\n|-damage|p2a: Magearna|0 fnt\n|faint|p2a: Magearna\n|\n|upkeep\n|\n|t:|1698642432\n|switch|p2a: Urshifu|Urshifu, F|100\/100\n|turn|16\n|\n|t:|1698642439\n|-terastallize|p2a: Urshifu|Dark\n|move|p2a: Urshifu|Wicked Blow|p1a: THE CAVALRY\n|-crit|p1a: THE CAVALRY\n|-damage|p1a: THE CAVALRY|0 fnt\n|faint|p1a: THE CAVALRY\n|\n|upkeep\n|\n|t:|1698642444\n|switch|p1a: WhatThaDogHasDone|Zamazenta-Crowned|100\/100\n|-ability|p1a: WhatThaDogHasDone|Dauntless Shield|boost\n|-boost|p1a: WhatThaDogHasDone|def|1\n|turn|17\n|\n|t:|1698642452\n|switch|p2a: Giratina|Giratina, shiny|100\/100\n|-ability|p2a: Giratina|Pressure\n|move|p1a: WhatThaDogHasDone|Body Press|p2a: Giratina\n|-immune|p2a: Giratina\n|\n|upkeep\n|turn|18\n|\n|t:|1698642457\n|move|p1a: WhatThaDogHasDone|Crunch|p2a: Giratina\n|-supereffective|p2a: Giratina\n|-damage|p2a: Giratina|73\/100\n|-unboost|p2a: Giratina|def|1\n|move|p2a: Giratina|Will-O-Wisp|p1a: WhatThaDogHasDone\n|-status|p1a: WhatThaDogHasDone|brn\n|\n|-damage|p1a: WhatThaDogHasDone|94\/100 brn|[from] brn\n|upkeep\n|turn|19\n|\n|t:|1698642478\n|switch|p2a: Urshifu|Urshifu, F, tera:Dark|100\/100\n|move|p1a: WhatThaDogHasDone|Iron Defense|p1a: WhatThaDogHasDone\n|-boost|p1a: WhatThaDogHasDone|def|2\n|\n|-damage|p1a: WhatThaDogHasDone|88\/100 brn|[from] brn\n|upkeep\n|turn|20\n|\n|t:|1698642486\n|switch|p2a: Giratina|Giratina, shiny|73\/100\n|-ability|p2a: Giratina|Pressure\n|move|p1a: WhatThaDogHasDone|Body Press|p2a: Giratina\n|-immune|p2a: Giratina\n|\n|-damage|p1a: WhatThaDogHasDone|82\/100 brn|[from] brn\n|upkeep\n|turn|21\n|\n|t:|1698642489\n|move|p1a: WhatThaDogHasDone|Crunch|p2a: Giratina\n|-supereffective|p2a: Giratina\n|-damage|p2a: Giratina|59\/100\n|move|p2a: Giratina|Dragon Tail|p1a: WhatThaDogHasDone\n|-resisted|p1a: WhatThaDogHasDone\n|-damage|p1a: WhatThaDogHasDone|80\/100 brn\n|drag|p1a: Pelipper|Pelipper, M|86\/100\n|-weather|RainDance|[from] ability: Drizzle|[of] p1a: Pelipper\n|\n|-weather|RainDance|[upkeep]\n|upkeep\n|turn|22\n|\n|t:|1698642497\n|switch|p2a: Slowking|Slowking-Galar, F, shiny|40\/100\n|move|p1a: Pelipper|Hurricane|p2a: Slowking\n|-damage|p2a: Slowking|13\/100\n|-start|p2a: Slowking|confusion\n|\n|-weather|RainDance|[upkeep]\n|upkeep\n|turn|23\n|\n|t:|1698642505\n|switch|p2a: Giratina|Giratina, shiny|59\/100\n|-ability|p2a: Giratina|Pressure\n|move|p1a: Pelipper|Weather Ball|p2a: Giratina\n|-resisted|p2a: Giratina\n|-damage|p2a: Giratina|47\/100\n|\n|-weather|RainDance|[upkeep]\n|upkeep\n|turn|24\n|\n|t:|1698642512\n|switch|p2a: Slowking|Slowking-Galar, F, shiny|47\/100\n|switch|p1a: Carrotmouth|Overqwil, M, shiny|100\/100\n|\n|-weather|RainDance|[upkeep]\n|upkeep\n|turn|25\n|\n|t:|1698642520\n|switch|p2a: Arceus|Arceus-Dark|100\/100\n|move|p1a: Carrotmouth|Toxic Spikes|p2a: Arceus\n|-sidestart|p2: Finchely|move: Toxic Spikes\n|\n|-weather|RainDance|[upkeep]\n|upkeep\n|turn|26\n|\n|t:|1698642529\n|move|p1a: Carrotmouth|Taunt|p2a: Arceus\n|-start|p2a: Arceus|move: Taunt\n|cant|p2a: Arceus|move: Taunt|Taunt\n|\n|-weather|RainDance|[upkeep]\n|upkeep\n|turn|27\n|\n|t:|1698642538\n|move|p1a: Carrotmouth|Toxic Spikes|p2a: Arceus\n|-sidestart|p2: Finchely|move: Toxic Spikes\n|move|p2a: Arceus|Judgment|p1a: Carrotmouth\n|-resisted|p1a: Carrotmouth\n|-damage|p1a: Carrotmouth|65\/100\n|\n|-weather|RainDance|[upkeep]\n|upkeep\n|turn|28\n|\n|t:|1698642545\n|move|p1a: Carrotmouth|Crunch|p2a: Arceus\n|-resisted|p2a: Arceus\n|-damage|p2a: Arceus|87\/100\n|move|p2a: Arceus|Judgment|p1a: Carrotmouth\n|-resisted|p1a: Carrotmouth\n|-damage|p1a: Carrotmouth|30\/100\n|\n|-weather|none\n|-end|p2a: Arceus|move: Taunt\n|upkeep\n|turn|29\n|\n|t:|1698642550\n|move|p2a: Arceus|Judgment|p1a: Carrotmouth\n|-resisted|p1a: Carrotmouth\n|-damage|p1a: Carrotmouth|0 fnt\n|faint|p1a: Carrotmouth\n|\n|upkeep\n|\n|t:|1698642554\n|switch|p1a: Pelipper|Pelipper, M|86\/100\n|-weather|RainDance|[from] ability: Drizzle|[of] p1a: Pelipper\n|turn|30\n|\n|t:|1698642560\n|switch|p2a: Slowking|Slowking-Galar, F, shiny|80\/100\n|-sideend|p2: Finchely|move: Toxic Spikes|[of] p2a: Slowking\n|move|p1a: Pelipper|U-turn|p2a: Slowking\n|-damage|p2a: Slowking|74\/100\n|\n|t:|1698642562\n|switch|p1a: Se\u00f1orita|Basculegion-F, F|100\/100|[from] U-turn\n|\n|-weather|RainDance|[upkeep]\n|upkeep\n|turn|31\n|\n|t:|1698642583\n|switch|p2a: Arceus|Arceus-Dark|87\/100\n|move|p1a: Se\u00f1orita|Wave Crash|p2a: Arceus\n|-damage|p2a: Arceus|37\/100\n|-damage|p1a: Se\u00f1orita|81\/100|[from] Recoil\n|\n|-weather|RainDance|[upkeep]\n|upkeep\n|turn|32\n|\n|t:|1698642592\n|move|p1a: Se\u00f1orita|Wave Crash|p2a: Arceus\n|-crit|p2a: Arceus\n|-damage|p2a: Arceus|0 fnt\n|faint|p2a: Arceus\n|-damage|p1a: Se\u00f1orita|67\/100|[from] Recoil\n|\n|-weather|RainDance|[upkeep]\n|upkeep\n|\n|t:|1698642613\n|switch|p2a: Urshifu|Urshifu, F, tera:Dark|100\/100\n|turn|33\n|\n|t:|1698642634\n|switch|p1a: WhatThaDogHasDone|Zamazenta-Crowned|80\/100 brn\n|move|p2a: Urshifu|Sucker Punch||[still]\n|-fail|p2a: Urshifu\n|\n|-weather|RainDance|[upkeep]\n|-damage|p1a: WhatThaDogHasDone|73\/100 brn|[from] brn\n|upkeep\n|turn|34\n|\n|t:|1698642643\n|switch|p2a: Giratina|Giratina, shiny|47\/100\n|-ability|p2a: Giratina|Pressure\n|move|p1a: WhatThaDogHasDone|Body Press|p2a: Giratina\n|-immune|p2a: Giratina\n|\n|-weather|RainDance|[upkeep]\n|-damage|p1a: WhatThaDogHasDone|67\/100 brn|[from] brn\n|upkeep\n|turn|35\n|\n|t:|1698642650\n|move|p1a: WhatThaDogHasDone|Roar|p2a: Giratina\n|drag|p2a: Urshifu|Urshifu, F, tera:Dark|100\/100\n|\n|-weather|RainDance|[upkeep]\n|-damage|p1a: WhatThaDogHasDone|61\/100 brn|[from] brn\n|upkeep\n|turn|36\n|\n|t:|1698642663\n|move|p2a: Urshifu|Close Combat|p1a: WhatThaDogHasDone\n|-supereffective|p1a: WhatThaDogHasDone\n|-damage|p1a: WhatThaDogHasDone|0 fnt\n|-unboost|p2a: Urshifu|def|1\n|-unboost|p2a: Urshifu|spd|1\n|faint|p1a: WhatThaDogHasDone\n|\n|-weather|RainDance|[upkeep]\n|upkeep\n|\n|t:|1698642667\n|switch|p1a: Pelipper|Pelipper, M|86\/100\n|turn|37\n|\n|t:|1698642674\n|switch|p2a: Slowking|Slowking-Galar, F, shiny|100\/100\n|move|p1a: Pelipper|Weather Ball|p2a: Slowking\n|-damage|p2a: Slowking|58\/100\n|\n|-weather|none\n|upkeep\n|turn|38\n|\n|t:|1698642681\n|move|p1a: Pelipper|U-turn|p2a: Slowking\n|-damage|p2a: Slowking|52\/100\n|\n|t:|1698642683\n|switch|p1a: Se\u00f1orita|Basculegion-F, F|67\/100|[from] U-turn\n|move|p2a: Slowking|Thunder Wave|p1a: Se\u00f1orita\n|-status|p1a: Se\u00f1orita|par\n|\n|upkeep\n|turn|39\n|\n|t:|1698642695\n|switch|p2a: Giratina|Giratina, shiny|47\/100\n|-ability|p2a: Giratina|Pressure\n|move|p1a: Se\u00f1orita|Flip Turn|p2a: Giratina\n|-resisted|p2a: Giratina\n|-damage|p2a: Giratina|40\/100\n|\n|t:|1698642701\n|switch|p1a: Pelipper|Pelipper, M|86\/100|[from] Flip Turn\n|-weather|RainDance|[from] ability: Drizzle|[of] p1a: Pelipper\n|\n|-weather|RainDance|[upkeep]\n|upkeep\n|turn|40\n|\n|t:|1698642706\n|move|p2a: Giratina|Shadow Ball|p1a: Pelipper\n|-damage|p1a: Pelipper|49\/100\n|move|p1a: Pelipper|Hurricane|p2a: Giratina\n|-damage|p2a: Giratina|22\/100\n|\n|-weather|RainDance|[upkeep]\n|upkeep\n|turn|41\n|\n|t:|1698642711\n|move|p2a: Giratina|Shadow Ball|p1a: Pelipper\n|-damage|p1a: Pelipper|9\/100\n|move|p1a: Pelipper|U-turn|p2a: Giratina\n|-resisted|p2a: Giratina\n|-damage|p2a: Giratina|20\/100\n|\n|t:|1698642713\n|switch|p1a: Se\u00f1orita|Basculegion-F, F|67\/100 par|[from] U-turn\n|\n|-weather|RainDance|[upkeep]\n|upkeep\n|turn|42\n|\n|t:|1698642717\n|move|p1a: Se\u00f1orita|Scale Shot|p2a: Giratina\n|-supereffective|p2a: Giratina\n|-damage|p2a: Giratina|12\/100\n|-supereffective|p2a: Giratina\n|-damage|p2a: Giratina|5\/100\n|-supereffective|p2a: Giratina\n|-damage|p2a: Giratina|0 fnt\n|faint|p2a: Giratina\n|-hitcount|p2: Giratina|3\n|-unboost|p1a: Se\u00f1orita|def|1\n|-boost|p1a: Se\u00f1orita|spe|1\n|\n|-weather|RainDance|[upkeep]\n|upkeep\n|\n|t:|1698642724\n|switch|p2a: Urshifu|Urshifu, F, tera:Dark|100\/100\n|turn|43\n|\n|t:|1698642739\n|move|p2a: Urshifu|Sucker Punch|p1a: Se\u00f1orita\n|-supereffective|p1a: Se\u00f1orita\n|-damage|p1a: Se\u00f1orita|0 fnt\n|faint|p1a: Se\u00f1orita\n|\n|-weather|RainDance|[upkeep]\n|upkeep\n|\n|t:|1698642741\n|switch|p1a: Pelipper|Pelipper, M|9\/100\n|turn|44\n|\n|t:|1698642745\n|move|p2a: Urshifu|Sucker Punch|p1a: Pelipper\n|-damage|p1a: Pelipper|0 fnt\n|faint|p1a: Pelipper\n|\n|win|Finchely\n|l|\u26061P1o1s1h1e1\n","uploadtime":1698642765,"views":14,"p1id":"1p1o1s1h1e1","p2id":"finchely","formatid":"gen9ubers","rating":0,"private":0,"password":""}