{"id":"gen9ubers-1970722075","p1":"RemekTw","p2":"Subcia UwU","format":"[Gen 9] Ubers","log":"|j|\u2606RemekTw\n|j|\u2606Subcia UwU\n|t:|1697661179\n|gametype|singles\n|player|p1|RemekTw|cyrus-masters|\n|player|p2|Subcia UwU|marnie-masters2|\n|teamsize|p1|6\n|teamsize|p2|6\n|gen|9\n|tier|[Gen 9] Ubers\n|rule|Sleep Clause Mod: Limit one foe put to sleep\n|rule|Species Clause: Limit one of each Pok\u00e9mon\n|rule|OHKO Clause: OHKO moves are banned\n|rule|Evasion Items Clause: Evasion items are banned\n|rule|Evasion Moves Clause: Evasion moves are banned\n|rule|Endless Battle Clause: Forcing endless battles is banned\n|rule|HP Percentage Mod: HP is shown in percentages\n|clearpoke\n|poke|p1|Shaymin-Sky|\n|poke|p1|Zapdos|\n|poke|p1|Urshifu-*, F|\n|poke|p1|Hatterene, F|\n|poke|p1|Heatran, M|\n|poke|p1|Giratina|\n|poke|p2|Masquerain, M|\n|poke|p2|Chi-Yu|\n|poke|p2|Cyclizar, M|\n|poke|p2|Zacian-*|\n|poke|p2|Gholdengo|\n|poke|p2|Landorus, M|\n|teampreview\n|c|\u2606Subcia UwU|hf\n|\n|t:|1697661192\n|start\n|switch|p1a: Heatran|Heatran, M|100\/100\n|switch|p2a: Gholdengo|Gholdengo|100\/100\n|turn|1\n|\n|t:|1697661200\n|switch|p2a: Cyclizar|Cyclizar, M|100\/100\n|move|p1a: Heatran|Magma Storm|p2a: Cyclizar\n|-resisted|p2a: Cyclizar\n|-damage|p2a: Cyclizar|60\/100\n|-activate|p2a: Cyclizar|move: Magma Storm|[of] p1a: Heatran\n|\n|-damage|p2a: Cyclizar|48\/100|[from] move: Magma Storm|[partiallytrapped]\n|upkeep\n|turn|2\n|\n|t:|1697661210\n|move|p2a: Cyclizar|Shed Tail|p2a: Cyclizar\n|-fail|p2a: Cyclizar|move: Shed Tail|[weak]\n|move|p1a: Heatran|Stealth Rock|p2a: Cyclizar\n|-sidestart|p2: Subcia UwU|move: Stealth Rock\n|\n|-damage|p2a: Cyclizar|35\/100|[from] move: Magma Storm|[partiallytrapped]\n|upkeep\n|turn|3\n|\n|t:|1697661220\n|move|p2a: Cyclizar|Knock Off|p1a: Heatran\n|-damage|p1a: Heatran|85\/100\n|-enditem|p1a: Heatran|Covert Cloak|[from] move: Knock Off|[of] p2a: Cyclizar\n|move|p1a: Heatran|Flash Cannon|p2a: Cyclizar\n|-damage|p2a: Cyclizar|0 fnt\n|faint|p2a: Cyclizar\n|\n|upkeep\n|\n|t:|1697661223\n|switch|p2a: Landorus|Landorus, M|100\/100\n|-damage|p2a: Landorus|88\/100|[from] Stealth Rock\n|turn|4\n|\n|t:|1697661231\n|switch|p1a: Shaymin|Shaymin-Sky|100\/100\n|move|p2a: Landorus|Sandsear Storm|p1a: Shaymin\n|-immune|p1a: Shaymin\n|\n|upkeep\n|turn|5\n|\n|t:|1697661237\n|move|p1a: Shaymin|Substitute|p1a: Shaymin\n|-start|p1a: Shaymin|Substitute\n|-damage|p1a: Shaymin|75\/100\n|move|p2a: Landorus|Sludge Bomb|p1a: Shaymin\n|-supereffective|p1a: Shaymin\n|-end|p1a: Shaymin|Substitute\n|\n|-heal|p1a: Shaymin|82\/100|[from] item: Leftovers\n|upkeep\n|turn|6\n|\n|t:|1697661256\n|switch|p1a: Giratina|Giratina|100\/100\n|-ability|p1a: Giratina|Pressure\n|move|p2a: Landorus|Sludge Bomb|p1a: Giratina\n|-resisted|p1a: Giratina\n|-damage|p1a: Giratina|89\/100\n|\n|-heal|p1a: Giratina|95\/100|[from] item: Leftovers\n|upkeep\n|turn|7\n|\n|t:|1697661266\n|switch|p2a: Masquerain|Masquerain, M|100\/100\n|-damage|p2a: Masquerain|50\/100|[from] Stealth Rock\n|-ability|p2a: Masquerain|Intimidate|boost\n|-unboost|p1a: Giratina|atk|1\n|move|p1a: Giratina|Will-O-Wisp|p2a: Masquerain\n|-status|p2a: Masquerain|brn\n|\n|-heal|p1a: Giratina|100\/100|[from] item: Leftovers\n|-damage|p2a: Masquerain|44\/100 brn|[from] brn\n|upkeep\n|turn|8\n|\n|t:|1697661277\n|move|p2a: Masquerain|Sticky Web|p1a: Giratina\n|-sidestart|p1: RemekTw|move: Sticky Web\n|move|p1a: Giratina|Dragon Tail|p2a: Masquerain|[miss]\n|-miss|p1a: Giratina|p2a: Masquerain\n|\n|-damage|p2a: Masquerain|38\/100 brn|[from] brn\n|upkeep\n|turn|9\n|\n|t:|1697661282\n|move|p2a: Masquerain|Stun Spore|p1a: Giratina\n|-status|p1a: Giratina|par\n|move|p1a: Giratina|Defog|p2a: Masquerain\n|-unboost|p2a: Masquerain|evasion|1\n|-sideend|p2: Subcia UwU|Stealth Rock|[from] move: Defog|[of] p1a: Giratina\n|-sideend|p1: RemekTw|Sticky Web|[from] move: Defog|[of] p1a: Giratina\n|\n|-damage|p2a: Masquerain|32\/100 brn|[from] brn\n|upkeep\n|turn|10\n|\n|t:|1697661291\n|switch|p1a: Hatterene|Hatterene, F|100\/100\n|move|p2a: Masquerain|Sticky Web|p1a: Hatterene\n|move|p1a: Hatterene|Sticky Web|p2a: Masquerain|[from]ability: Magic Bounce\n|-sidestart|p2: Subcia UwU|move: Sticky Web\n|\n|-damage|p2a: Masquerain|26\/100 brn|[from] brn\n|upkeep\n|turn|11\n|\n|t:|1697661306\n|move|p2a: Masquerain|U-turn|p1a: Hatterene\n|-damage|p1a: Hatterene|93\/100\n|\n|t:|1697661307\n|switch|p2a: Chi-Yu|Chi-Yu|100\/100|[from] U-turn\n|-activate|p2a: Chi-Yu|move: Sticky Web\n|-unboost|p2a: Chi-Yu|spe|1\n|-ability|p2a: Chi-Yu|Beads of Ruin\n|move|p1a: Hatterene|Nuzzle|p2a: Chi-Yu\n|-damage|p2a: Chi-Yu|93\/100\n|-status|p2a: Chi-Yu|par\n|\n|-heal|p1a: Hatterene|99\/100|[from] item: Leftovers\n|upkeep\n|turn|12\n|\n|t:|1697661318\n|switch|p1a: Urshifu|Urshifu-Rapid-Strike, F|100\/100\n|cant|p2a: Chi-Yu|par\n|\n|upkeep\n|turn|13\n|\n|t:|1697661327\n|move|p1a: Urshifu|Surging Strikes|p2a: Chi-Yu\n|-supereffective|p2a: Chi-Yu\n|-crit|p2a: Chi-Yu\n|-damage|p2a: Chi-Yu|10\/100 par\n|-supereffective|p2a: Chi-Yu\n|-crit|p2a: Chi-Yu\n|-damage|p2a: Chi-Yu|0 fnt\n|faint|p2a: Chi-Yu\n|-hitcount|p2: Chi-Yu|2\n|\n|upkeep\n|\n|t:|1697661332\n|switch|p2a: Masquerain|Masquerain, M|26\/100 brn\n|-ability|p2a: Masquerain|Intimidate|boost\n|-unboost|p1a: Urshifu|atk|1\n|turn|14\n|\n|t:|1697661339\n|switch|p2a: Gholdengo|Gholdengo|100\/100\n|-activate|p2a: Gholdengo|move: Sticky Web\n|-unboost|p2a: Gholdengo|spe|1\n|move|p1a: Urshifu|Aqua Jet|p2a: Gholdengo\n|-damage|p2a: Gholdengo|85\/100\n|\n|upkeep\n|turn|15\n|\n|t:|1697661348\n|move|p1a: Urshifu|Surging Strikes|p2a: Gholdengo\n|-crit|p2a: Gholdengo\n|-damage|p2a: Gholdengo|60\/100\n|-crit|p2a: Gholdengo\n|-damage|p2a: Gholdengo|37\/100\n|-crit|p2a: Gholdengo\n|-damage|p2a: Gholdengo|13\/100\n|-hitcount|p2a: Gholdengo|3\n|move|p2a: Gholdengo|Thunder Wave|p1a: Urshifu\n|-status|p1a: Urshifu|par\n|\n|upkeep\n|turn|16\n|\n|t:|1697661359\n|cant|p1a: Urshifu|par\n|move|p2a: Gholdengo|Hex|p1a: Urshifu\n|-damage|p1a: Urshifu|13\/100 par\n|\n|upkeep\n|turn|17\n|\n|t:|1697661363\n|move|p1a: Urshifu|Aqua Jet|p2a: Gholdengo\n|-damage|p2a: Gholdengo|0 fnt\n|faint|p2a: Gholdengo\n|\n|upkeep\n|\n|t:|1697661367\n|switch|p2a: Zacian|Zacian|100\/100\n|-activate|p2a: Zacian|move: Sticky Web\n|-unboost|p2a: Zacian|spe|1\n|-ability|p2a: Zacian|Intrepid Sword|boost\n|-boost|p2a: Zacian|atk|1\n|turn|18\n|\n|t:|1697661379\n|switch|p1a: Zapdos|Zapdos|100\/100\n|move|p2a: Zacian|Play Rough|p1a: Zapdos\n|-damage|p1a: Zapdos|0 fnt\n|faint|p1a: Zapdos\n|\n|upkeep\n|\n|t:|1697661392\n|switch|p1a: Shaymin|Shaymin-Sky|82\/100\n|turn|19\n|\n|t:|1697661399\n|move|p1a: Shaymin|Air Slash|p2a: Zacian\n|-damage|p2a: Zacian|74\/100\n|cant|p2a: Zacian|flinch\n|\n|-heal|p1a: Shaymin|88\/100|[from] item: Leftovers\n|upkeep\n|turn|20\n|\n|t:|1697661405\n|move|p1a: Shaymin|Air Slash|p2a: Zacian\n|-damage|p2a: Zacian|43\/100\n|move|p2a: Zacian|Play Rough|p1a: Shaymin\n|-damage|p1a: Shaymin|0 fnt\n|faint|p1a: Shaymin\n|\n|upkeep\n|\n|t:|1697661415\n|switch|p1a: Hatterene|Hatterene, F|99\/100\n|turn|21\n|\n|t:|1697661417\n|move|p2a: Zacian|Play Rough|p1a: Hatterene\n|-damage|p1a: Hatterene|0 fnt\n|faint|p1a: Hatterene\n|\n|upkeep\n|\n|t:|1697661426\n|switch|p1a: Heatran|Heatran, M|85\/100\n|turn|22\n|\n|t:|1697661431\n|move|p2a: Zacian|Play Rough|p1a: Heatran\n|-resisted|p1a: Heatran\n|-damage|p1a: Heatran|66\/100\n|-unboost|p1a: Heatran|atk|1\n|move|p1a: Heatran|Flash Cannon|p2a: Zacian\n|-supereffective|p2a: Zacian\n|-damage|p2a: Zacian|0 fnt\n|faint|p2a: Zacian\n|\n|upkeep\n|\n|t:|1697661434\n|switch|p2a: Landorus|Landorus, M|88\/100\n|turn|23\n|\n|t:|1697661447\n|move|p2a: Landorus|Sandsear Storm|p1a: Heatran|[miss]\n|-miss|p2a: Landorus|p1a: Heatran\n|move|p1a: Heatran|Magma Storm|p2a: Landorus|[miss]\n|-miss|p1a: Heatran|p2a: Landorus\n|\n|upkeep\n|turn|24\n|\n|t:|1697661454\n|move|p2a: Landorus|Sandsear Storm|p1a: Heatran\n|-supereffective|p1a: Heatran\n|-damage|p1a: Heatran|0 fnt\n|faint|p1a: Heatran\n|\n|upkeep\n|\n|t:|1697661460\n|switch|p1a: Urshifu|Urshifu-Rapid-Strike, F|13\/100 par\n|turn|25\n|\n|t:|1697661464\n|switch|p2a: Masquerain|Masquerain, M|26\/100 brn\n|-ability|p2a: Masquerain|Intimidate|boost\n|-unboost|p1a: Urshifu|atk|1\n|move|p1a: Urshifu|Surging Strikes|p2a: Masquerain\n|-crit|p2a: Masquerain\n|-damage|p2a: Masquerain|0 fnt\n|faint|p2a: Masquerain\n|-hitcount|p2: Masquerain|1\n|\n|upkeep\n|\n|t:|1697661465\n|switch|p2a: Landorus|Landorus, M|88\/100\n|turn|26\n|\n|t:|1697661474\n|move|p1a: Urshifu|Aqua Jet|p2a: Landorus\n|-supereffective|p2a: Landorus\n|-damage|p2a: Landorus|46\/100\n|move|p2a: Landorus|Sludge Bomb|p1a: Urshifu\n|-damage|p1a: Urshifu|0 fnt\n|faint|p1a: Urshifu\n|\n|upkeep\n|\n|t:|1697661480\n|switch|p1a: Giratina|Giratina|100\/100 par\n|-ability|p1a: Giratina|Pressure\n|turn|27\n|\n|t:|1697661485\n|move|p2a: Landorus|Sandsear Storm|p1a: Giratina\n|-crit|p1a: Giratina\n|-damage|p1a: Giratina|51\/100 par\n|move|p1a: Giratina|Will-O-Wisp|p2a: Landorus\n|-status|p2a: Landorus|brn\n|\n|-heal|p1a: Giratina|57\/100 par|[from] item: Leftovers\n|-damage|p2a: Landorus|40\/100 brn|[from] brn\n|upkeep\n|turn|28\n|\n|t:|1697661493\n|move|p2a: Landorus|Nasty Plot|p2a: Landorus\n|-boost|p2a: Landorus|spa|2\n|cant|p1a: Giratina|par\n|\n|-heal|p1a: Giratina|63\/100 par|[from] item: Leftovers\n|-damage|p2a: Landorus|34\/100 brn|[from] brn\n|upkeep\n|turn|29\n|\n|t:|1697661500\n|move|p2a: Landorus|Sandsear Storm|p1a: Giratina\n|-damage|p1a: Giratina|0 fnt\n|faint|p1a: Giratina\n|\n|win|Subcia UwU\n","uploadtime":1697661514,"views":12,"p1id":"remektw","p2id":"subciauwu","formatid":"gen9ubers","rating":0,"private":0,"password":""}