{"id":"gen9ubers-1988915559","p1":"Master Wizer","p2":"ghostly spectrum","format":"[Gen 9] Ubers","log":"|j|\u2606Master Wizer\n|j|\u2606ghostly spectrum\n|t:|1699787041\n|gametype|singles\n|player|p1|Master Wizer|102|1113\n|player|p2|ghostly spectrum|101|1003\n|teamsize|p1|6\n|teamsize|p2|6\n|gen|9\n|tier|[Gen 9] Ubers\n|rated|\n|rule|Sleep Clause Mod: Limit one foe put to sleep\n|rule|Species Clause: Limit one of each Pok\u00e9mon\n|rule|OHKO Clause: OHKO moves are banned\n|rule|Evasion Items Clause: Evasion items are banned\n|rule|Evasion Moves Clause: Evasion moves are banned\n|rule|Endless Battle Clause: Forcing endless battles is banned\n|rule|HP Percentage Mod: HP is shown in percentages\n|clearpoke\n|poke|p1|Gengar, F|\n|poke|p1|Slowbro, M|\n|poke|p1|Weavile, M|\n|poke|p1|Arceus|\n|poke|p1|Ursaluna-Bloodmoon, M|\n|poke|p1|Ursaring, F|\n|poke|p2|Sableye, F|\n|poke|p2|Kyogre|\n|poke|p2|Corviknight, F|\n|poke|p2|Arceus-Ghost|\n|poke|p2|Chien-Pao|\n|poke|p2|Volcarona, F|\n|teampreview\n|inactive|Battle timer is ON: inactive players will automatically lose when time's up. (requested by ghostly spectrum)\n|\n|t:|1699787067\n|start\n|switch|p1a: Ursaring|Ursaring, F|100\/100\n|switch|p2a: Arceus|Arceus-Ghost|100\/100\n|turn|1\n|\n|t:|1699787078\n|move|p2a: Arceus|Taunt|p1a: Ursaring\n|-start|p1a: Ursaring|move: Taunt\n|cant|p1a: Ursaring|move: Taunt|Swords Dance\n|\n|upkeep\n|turn|2\n|\n|t:|1699787087\n|switch|p1a: Arceus|Arceus|100\/100\n|move|p2a: Arceus|Thunder Wave|p1a: Arceus\n|-status|p1a: Arceus|par\n|\n|upkeep\n|turn|3\n|\n|t:|1699787094\n|move|p2a: Arceus|Taunt|p1a: Arceus\n|-start|p1a: Arceus|move: Taunt\n|cant|p1a: Arceus|move: Taunt|Swords Dance\n|\n|upkeep\n|turn|4\n|\n|t:|1699787106\n|switch|p2a: Corviknight|Corviknight, F, shiny|100\/100\n|-ability|p2a: Corviknight|Unnerve\n|cant|p1a: Arceus|par\n|\n|upkeep\n|turn|5\n|\n|t:|1699787117\n|switch|p1a: Slowbro|Slowbro, M|100\/100\n|move|p2a: Corviknight|Brave Bird|p1a: Slowbro\n|-damage|p1a: Slowbro|71\/100\n|-damage|p2a: Corviknight|91\/100|[from] Recoil\n|\n|-heal|p2a: Corviknight|97\/100|[from] item: Leftovers\n|-heal|p1a: Slowbro|77\/100|[from] item: Leftovers\n|upkeep\n|turn|6\n|\n|t:|1699787128\n|move|p2a: Corviknight|U-turn|p1a: Slowbro\n|-supereffective|p1a: Slowbro\n|-damage|p1a: Slowbro|53\/100\n|\n|t:|1699787132\n|switch|p2a: Arceus|Arceus-Ghost|100\/100|[from] U-turn\n|move|p1a: Slowbro|Flamethrower|p2a: Arceus\n|-damage|p2a: Arceus|85\/100\n|\n|-heal|p1a: Slowbro|59\/100|[from] item: Leftovers\n|upkeep\n|turn|7\n|\n|t:|1699787153\n|switch|p1a: Ursaring|Ursaring, F|100\/100\n|move|p2a: Arceus|Thunder Wave|p1a: Ursaring|[miss]\n|-miss|p2a: Arceus|p1a: Ursaring\n|\n|upkeep\n|turn|8\n|\n|t:|1699787165\n|move|p2a: Arceus|Taunt|p1a: Ursaring\n|-start|p1a: Ursaring|move: Taunt\n|move|p1a: Ursaring|Earthquake|p2a: Arceus\n|-damage|p2a: Arceus|60\/100\n|\n|upkeep\n|turn|9\n|\n|t:|1699787173\n|-terastallize|p1a: Ursaring|Fire\n|move|p2a: Arceus|Thunder Wave|p1a: Ursaring\n|-status|p1a: Ursaring|par\n|move|p1a: Ursaring|Fire Punch|p2a: Arceus\n|-damage|p2a: Arceus|15\/100\n|\n|upkeep\n|turn|10\n|\n|t:|1699787182\n|move|p2a: Arceus|Recover|p2a: Arceus\n|-heal|p2a: Arceus|65\/100\n|move|p1a: Ursaring|Earthquake|p2a: Arceus\n|-damage|p2a: Arceus|25\/100\n|\n|-end|p1a: Ursaring|move: Taunt\n|upkeep\n|turn|11\n|\n|t:|1699787191\n|move|p2a: Arceus|Taunt|p1a: Ursaring\n|-start|p1a: Ursaring|move: Taunt\n|move|p1a: Ursaring|Fire Punch|p2a: Arceus\n|-damage|p2a: Arceus|0 fnt\n|faint|p2a: Arceus\n|\n|upkeep\n|\n|t:|1699787196\n|switch|p2a: Chien-Pao|Chien-Pao|100\/100\n|-ability|p2a: Chien-Pao|Sword of Ruin\n|turn|12\n|\n|t:|1699787205\n|-terastallize|p2a: Chien-Pao|Fighting\n|move|p2a: Chien-Pao|Swords Dance|p2a: Chien-Pao\n|-boost|p2a: Chien-Pao|atk|2\n|move|p1a: Ursaring|Hammer Arm|p2a: Chien-Pao\n|-damage|p2a: Chien-Pao|22\/100\n|-unboost|p1a: Ursaring|spe|1\n|\n|upkeep\n|turn|13\n|\n|t:|1699787215\n|move|p2a: Chien-Pao|Sacred Sword|p1a: Ursaring\n|-damage|p1a: Ursaring|0 fnt\n|faint|p1a: Ursaring\n|-damage|p2a: Chien-Pao|12\/100|[from] item: Life Orb\n|\n|upkeep\n|\n|t:|1699787223\n|switch|p1a: Arceus|Arceus|100\/100 par\n|turn|14\n|\n|t:|1699787231\n|cant|p1a: Arceus|par\n|move|p2a: Chien-Pao|Sacred Sword|p1a: Arceus\n|-supereffective|p1a: Arceus\n|-damage|p1a: Arceus|0 fnt\n|faint|p1a: Arceus\n|-damage|p2a: Chien-Pao|2\/100|[from] item: Life Orb\n|\n|upkeep\n|\n|t:|1699787245\n|switch|p1a: Weavile|Weavile, M|100\/100\n|-ability|p1a: Weavile|Pressure\n|turn|15\n|\n|t:|1699787252\n|move|p1a: Weavile|Swords Dance|p1a: Weavile\n|-boost|p1a: Weavile|atk|2\n|move|p2a: Chien-Pao|Sacred Sword|p1a: Weavile\n|-supereffective|p1a: Weavile\n|-enditem|p1a: Weavile|Focus Sash\n|-damage|p1a: Weavile|1\/100\n|-damage|p2a: Chien-Pao|0 fnt|[from] item: Life Orb\n|faint|p2a: Chien-Pao\n|\n|upkeep\n|\n|t:|1699787260\n|switch|p2a: Sableye|Sableye, F, shiny|100\/100\n|turn|16\n|\n|t:|1699787266\n|move|p2a: Sableye|Encore|p1a: Weavile\n|-hint|Since gen 7, Dark is immune to Prankster moves.\n|-immune|p1a: Weavile\n|move|p1a: Weavile|Knock Off|p2a: Sableye\n|-damage|p2a: Sableye|0 fnt\n|-enditem|p2a: Sableye|Leftovers|[from] move: Knock Off|[of] p1a: Weavile\n|faint|p2a: Sableye\n|\n|upkeep\n|\n|t:|1699787270\n|switch|p2a: Kyogre|Kyogre, shiny|100\/100\n|-weather|RainDance|[from] ability: Drizzle|[of] p2a: Kyogre\n|turn|17\n|\n|t:|1699787282\n|move|p2a: Kyogre|Origin Pulse|p1a: Weavile\n|-damage|p1a: Weavile|0 fnt\n|faint|p1a: Weavile\n|\n|-weather|RainDance|[upkeep]\n|upkeep\n|\n|t:|1699787291\n|switch|p1a: Gengar|Gengar, F|100\/100\n|turn|18\n|\n|t:|1699787298\n|move|p2a: Kyogre|Origin Pulse|p1a: Gengar\n|-enditem|p1a: Gengar|Focus Sash\n|-damage|p1a: Gengar|1\/100\n|-start|p2a: Kyogre|Disable|Origin Pulse|[from] ability: Cursed Body|[of] p1a: Gengar\n|move|p1a: Gengar|Thunderbolt|p2a: Kyogre\n|-supereffective|p2a: Kyogre\n|-damage|p2a: Kyogre|53\/100\n|-status|p2a: Kyogre|par\n|\n|-weather|RainDance|[upkeep]\n|upkeep\n|turn|19\n|\n|t:|1699787310\n|move|p1a: Gengar|Thunderbolt|p2a: Kyogre\n|-supereffective|p2a: Kyogre\n|-damage|p2a: Kyogre|7\/100 par\n|-activate|p2a: Kyogre|move: Struggle\n|move|p2a: Kyogre|Struggle|p1a: Gengar\n|-damage|p1a: Gengar|0 fnt\n|faint|p1a: Gengar\n|-damage|p2a: Kyogre|0 fnt|[from] recoil\n|faint|p2a: Kyogre\n|\n|-weather|RainDance|[upkeep]\n|upkeep\n|\n|t:|1699787325\n|switch|p1a: Ursaluna|Ursaluna-Bloodmoon, M|100\/100\n|switch|p2a: Volcarona|Volcarona, F|100\/100\n|turn|20\n|\n|t:|1699787332\n|move|p2a: Volcarona|Quiver Dance|p2a: Volcarona\n|-boost|p2a: Volcarona|spa|1\n|-boost|p2a: Volcarona|spd|1\n|-boost|p2a: Volcarona|spe|1\n|move|p1a: Ursaluna|Calm Mind|p1a: Ursaluna\n|-boost|p1a: Ursaluna|spa|1\n|-boost|p1a: Ursaluna|spd|1\n|\n|-weather|RainDance|[upkeep]\n|upkeep\n|turn|21\n|\n|t:|1699787347\n|move|p2a: Volcarona|Bug Buzz|p1a: Ursaluna\n|-damage|p1a: Ursaluna|50\/100\n|move|p1a: Ursaluna|Earth Power|p2a: Volcarona\n|-damage|p2a: Volcarona|50\/100\n|\n|-weather|none\n|-heal|p2a: Volcarona|57\/100|[from] item: Leftovers\n|-heal|p1a: Ursaluna|56\/100|[from] item: Leftovers\n|upkeep\n|turn|22\n|\n|t:|1699787358\n|move|p2a: Volcarona|Quiver Dance|p2a: Volcarona\n|-boost|p2a: Volcarona|spa|1\n|-boost|p2a: Volcarona|spd|1\n|-boost|p2a: Volcarona|spe|1\n|move|p1a: Ursaluna|Earth Power|p2a: Volcarona\n|-damage|p2a: Volcarona|18\/100\n|\n|-heal|p2a: Volcarona|25\/100|[from] item: Leftovers\n|-heal|p1a: Ursaluna|62\/100|[from] item: Leftovers\n|upkeep\n|turn|23\n|\n|t:|1699787368\n|move|p2a: Volcarona|Bug Buzz|p1a: Ursaluna\n|-damage|p1a: Ursaluna|0 fnt\n|faint|p1a: Ursaluna\n|\n|-heal|p2a: Volcarona|31\/100|[from] item: Leftovers\n|upkeep\n|\n|t:|1699787375\n|switch|p1a: Slowbro|Slowbro, M|92\/100\n|turn|24\n|\n|t:|1699787379\n|move|p2a: Volcarona|Bug Buzz|p1a: Slowbro\n|-supereffective|p1a: Slowbro\n|-damage|p1a: Slowbro|0 fnt\n|faint|p1a: Slowbro\n|\n|win|ghostly spectrum\n|raw|Master Wizer's rating: 1113 &rarr; <strong>1080<\/strong><br \/>(-33 for losing)\n|raw|ghostly spectrum's rating: 1003 &rarr; <strong>1055<\/strong><br \/>(+52 for winning)\n|l|\u2606Master Wizer\n","uploadtime":1699787383,"views":5,"p1id":"masterwizer","p2id":"ghostlyspectrum","formatid":"gen9ubers","rating":1055,"private":0,"password":""}