{"id":"gen9ubers-1980225217","p1":"1P1o1s1h1e1","p2":"lolgz","format":"[Gen 9] Ubers","log":"|j|\u26061P1o1s1h1e1\n|j|\u2606lolgz\n|t:|1698767694\n|gametype|singles\n|player|p1|1P1o1s1h1e1|2|\n|player|p2|lolgz|169|\n|teamsize|p1|6\n|teamsize|p2|6\n|gen|9\n|tier|[Gen 9] Ubers\n|rule|Sleep Clause Mod: Limit one foe put to sleep\n|rule|Species Clause: Limit one of each Pok\u00e9mon\n|rule|OHKO Clause: OHKO moves are banned\n|rule|Evasion Items Clause: Evasion items are banned\n|rule|Evasion Moves Clause: Evasion moves are banned\n|rule|Endless Battle Clause: Forcing endless battles is banned\n|rule|HP Percentage Mod: HP is shown in percentages\n|clearpoke\n|poke|p1|Wo-Chien|\n|poke|p1|Arceus-Poison|\n|poke|p1|Magearna|\n|poke|p1|Ursaluna-Bloodmoon, M|\n|poke|p1|Sneasler, F|\n|poke|p1|Dialga|\n|poke|p2|Magearna|\n|poke|p2|Zacian-*|\n|poke|p2|Cyclizar, M|\n|poke|p2|Garchomp, F|\n|poke|p2|Volcarona, M|\n|poke|p2|Walking Wake|\n|teampreview\n|inactive|Battle timer is ON: inactive players will automatically lose when time's up. (requested by lolgz)\n|c|\u26061P1o1s1h1e1|glhf\n|\n|t:|1698767703\n|start\n|switch|p1a: Sneasler|Sneasler, F|100\/100\n|switch|p2a: Cyclizar|Cyclizar, M|100\/100\n|turn|1\n|\n|t:|1698767714\n|move|p2a: Cyclizar|Draco Meteor|p1a: Sneasler\n|-damage|p1a: Sneasler|44\/100\n|-unboost|p2a: Cyclizar|spa|2\n|move|p1a: Sneasler|Dire Claw|p2a: Cyclizar\n|-damage|p2a: Cyclizar|43\/100\n|-status|p2a: Cyclizar|par\n|\n|upkeep\n|turn|2\n|\n|t:|1698767731\n|switch|p2a: Zacian|Zacian|100\/100\n|-ability|p2a: Zacian|Intrepid Sword|boost\n|-boost|p2a: Zacian|atk|1\n|move|p1a: Sneasler|Dire Claw|p2a: Zacian\n|-supereffective|p2a: Zacian\n|-damage|p2a: Zacian|17\/100\n|\n|upkeep\n|turn|3\n|\n|t:|1698767738\n|move|p1a: Sneasler|Dire Claw|p2a: Zacian\n|-supereffective|p2a: Zacian\n|-damage|p2a: Zacian|0 fnt\n|faint|p2a: Zacian\n|\n|upkeep\n|\n|t:|1698767743\n|switch|p2a: Magearna|Magearna|100\/100\n|turn|4\n|\n|t:|1698767747\n|switch|p1a: Wo-Chien|Wo-Chien|100\/100\n|-ability|p1a: Wo-Chien|Tablets of Ruin\n|move|p2a: Magearna|Shift Gear|p2a: Magearna\n|-boost|p2a: Magearna|spe|2\n|-boost|p2a: Magearna|atk|1\n|\n|upkeep\n|turn|5\n|\n|t:|1698767752\n|move|p2a: Magearna|Calm Mind|p2a: Magearna\n|-boost|p2a: Magearna|spa|1\n|-boost|p2a: Magearna|spd|1\n|move|p1a: Wo-Chien|Leech Seed|p2a: Magearna\n|-start|p2a: Magearna|move: Leech Seed\n|\n|-damage|p2a: Magearna|88\/100|[from] Leech Seed|[of] p1a: Wo-Chien\n|upkeep\n|turn|6\n|\n|t:|1698767757\n|move|p2a: Magearna|Draining Kiss|p1a: Wo-Chien\n|-supereffective|p1a: Wo-Chien\n|-damage|p1a: Wo-Chien|66\/100\n|-heal|p2a: Magearna|100\/100|[from] drain|[of] p1a: Wo-Chien\n|move|p1a: Wo-Chien|Substitute|p1a: Wo-Chien\n|-start|p1a: Wo-Chien|Substitute\n|-damage|p1a: Wo-Chien|41\/100\n|\n|-heal|p1a: Wo-Chien|48\/100|[from] item: Leftovers\n|-damage|p2a: Magearna|88\/100|[from] Leech Seed|[of] p1a: Wo-Chien\n|-heal|p1a: Wo-Chien|60\/100|[silent]\n|upkeep\n|turn|7\n|\n|t:|1698767768\n|move|p2a: Magearna|Calm Mind|p2a: Magearna\n|-boost|p2a: Magearna|spa|1\n|-boost|p2a: Magearna|spd|1\n|move|p1a: Wo-Chien|Knock Off|p2a: Magearna\n|-resisted|p2a: Magearna\n|-damage|p2a: Magearna|79\/100\n|-enditem|p2a: Magearna|Leftovers|[from] move: Knock Off|[of] p1a: Wo-Chien\n|\n|-heal|p1a: Wo-Chien|66\/100|[from] item: Leftovers\n|-damage|p2a: Magearna|67\/100|[from] Leech Seed|[of] p1a: Wo-Chien\n|-heal|p1a: Wo-Chien|78\/100|[silent]\n|upkeep\n|turn|8\n|\n|t:|1698767780\n|move|p1a: Wo-Chien|Protect|p1a: Wo-Chien\n|-singleturn|p1a: Wo-Chien|Protect\n|move|p2a: Magearna|Calm Mind|p2a: Magearna\n|-boost|p2a: Magearna|spa|1\n|-boost|p2a: Magearna|spd|1\n|\n|-heal|p1a: Wo-Chien|84\/100|[from] item: Leftovers\n|-damage|p2a: Magearna|54\/100|[from] Leech Seed|[of] p1a: Wo-Chien\n|-heal|p1a: Wo-Chien|96\/100|[silent]\n|upkeep\n|turn|9\n|\n|t:|1698767788\n|move|p2a: Magearna|Draining Kiss|p1a: Wo-Chien\n|-supereffective|p1a: Wo-Chien\n|-end|p1a: Wo-Chien|Substitute\n|-heal|p2a: Magearna|74\/100|[from] drain|[of] p1a: Wo-Chien\n|move|p1a: Wo-Chien|Substitute|p1a: Wo-Chien\n|-start|p1a: Wo-Chien|Substitute\n|-damage|p1a: Wo-Chien|71\/100\n|\n|-heal|p1a: Wo-Chien|77\/100|[from] item: Leftovers\n|-damage|p2a: Magearna|61\/100|[from] Leech Seed|[of] p1a: Wo-Chien\n|-heal|p1a: Wo-Chien|89\/100|[silent]\n|upkeep\n|turn|10\n|\n|t:|1698767800\n|move|p2a: Magearna|Draining Kiss|p1a: Wo-Chien\n|-supereffective|p1a: Wo-Chien\n|-end|p1a: Wo-Chien|Substitute\n|-heal|p2a: Magearna|81\/100|[from] drain|[of] p1a: Wo-Chien\n|move|p1a: Wo-Chien|Knock Off|p2a: Magearna\n|-resisted|p2a: Magearna\n|-damage|p2a: Magearna|75\/100\n|\n|-heal|p1a: Wo-Chien|95\/100|[from] item: Leftovers\n|-damage|p2a: Magearna|62\/100|[from] Leech Seed|[of] p1a: Wo-Chien\n|-heal|p1a: Wo-Chien|100\/100|[silent]\n|upkeep\n|turn|11\n|\n|t:|1698767806\n|move|p1a: Wo-Chien|Protect|p1a: Wo-Chien\n|-singleturn|p1a: Wo-Chien|Protect\n|move|p2a: Magearna|Draining Kiss|p1a: Wo-Chien\n|-activate|p1a: Wo-Chien|move: Protect\n|\n|-damage|p2a: Magearna|50\/100|[from] Leech Seed|[of] p1a: Wo-Chien\n|upkeep\n|turn|12\n|\n|t:|1698767810\n|move|p2a: Magearna|Draining Kiss|p1a: Wo-Chien\n|-supereffective|p1a: Wo-Chien\n|-damage|p1a: Wo-Chien|41\/100\n|-heal|p2a: Magearna|96\/100|[from] drain|[of] p1a: Wo-Chien\n|move|p1a: Wo-Chien|Substitute|p1a: Wo-Chien\n|-start|p1a: Wo-Chien|Substitute\n|-damage|p1a: Wo-Chien|16\/100\n|\n|-heal|p1a: Wo-Chien|22\/100|[from] item: Leftovers\n|-damage|p2a: Magearna|84\/100|[from] Leech Seed|[of] p1a: Wo-Chien\n|-heal|p1a: Wo-Chien|34\/100|[silent]\n|upkeep\n|turn|13\n|\n|t:|1698767818\n|move|p2a: Magearna|Calm Mind|p2a: Magearna\n|-boost|p2a: Magearna|spa|1\n|-boost|p2a: Magearna|spd|1\n|move|p1a: Wo-Chien|Knock Off|p2a: Magearna\n|-resisted|p2a: Magearna\n|-damage|p2a: Magearna|77\/100\n|\n|-heal|p1a: Wo-Chien|41\/100|[from] item: Leftovers\n|-damage|p2a: Magearna|65\/100|[from] Leech Seed|[of] p1a: Wo-Chien\n|-heal|p1a: Wo-Chien|53\/100|[silent]\n|upkeep\n|turn|14\n|\n|t:|1698767826\n|move|p1a: Wo-Chien|Protect|p1a: Wo-Chien\n|-singleturn|p1a: Wo-Chien|Protect\n|move|p2a: Magearna|Shift Gear|p2a: Magearna\n|-boost|p2a: Magearna|spe|2\n|-boost|p2a: Magearna|atk|1\n|\n|-heal|p1a: Wo-Chien|59\/100|[from] item: Leftovers\n|-damage|p2a: Magearna|52\/100|[from] Leech Seed|[of] p1a: Wo-Chien\n|-heal|p1a: Wo-Chien|71\/100|[silent]\n|upkeep\n|turn|15\n|\n|t:|1698767837\n|move|p2a: Magearna|Draining Kiss|p1a: Wo-Chien\n|-supereffective|p1a: Wo-Chien\n|-end|p1a: Wo-Chien|Substitute\n|-heal|p2a: Magearna|72\/100|[from] drain|[of] p1a: Wo-Chien\n|move|p1a: Wo-Chien|Knock Off|p2a: Magearna\n|-resisted|p2a: Magearna\n|-damage|p2a: Magearna|65\/100\n|\n|-heal|p1a: Wo-Chien|77\/100|[from] item: Leftovers\n|-damage|p2a: Magearna|53\/100|[from] Leech Seed|[of] p1a: Wo-Chien\n|-heal|p1a: Wo-Chien|89\/100|[silent]\n|upkeep\n|turn|16\n|\n|t:|1698767849\n|move|p1a: Wo-Chien|Protect|p1a: Wo-Chien\n|-singleturn|p1a: Wo-Chien|Protect\n|move|p2a: Magearna|Draining Kiss|p1a: Wo-Chien\n|-activate|p1a: Wo-Chien|move: Protect\n|\n|-heal|p1a: Wo-Chien|95\/100|[from] item: Leftovers\n|-damage|p2a: Magearna|40\/100|[from] Leech Seed|[of] p1a: Wo-Chien\n|-heal|p1a: Wo-Chien|100\/100|[silent]\n|upkeep\n|turn|17\n|\n|t:|1698767869\n|move|p2a: Magearna|Draining Kiss|p1a: Wo-Chien\n|-supereffective|p1a: Wo-Chien\n|-damage|p1a: Wo-Chien|36\/100\n|-heal|p2a: Magearna|90\/100|[from] drain|[of] p1a: Wo-Chien\n|move|p1a: Wo-Chien|Substitute|p1a: Wo-Chien\n|-start|p1a: Wo-Chien|Substitute\n|-damage|p1a: Wo-Chien|11\/100\n|\n|-heal|p1a: Wo-Chien|18\/100|[from] item: Leftovers\n|-damage|p2a: Magearna|77\/100|[from] Leech Seed|[of] p1a: Wo-Chien\n|-heal|p1a: Wo-Chien|30\/100|[silent]\n|upkeep\n|turn|18\n|\n|t:|1698767877\n|move|p2a: Magearna|Calm Mind|p2a: Magearna\n|-boost|p2a: Magearna|spa|1\n|-boost|p2a: Magearna|spd|1\n|move|p1a: Wo-Chien|Knock Off|p2a: Magearna\n|-resisted|p2a: Magearna\n|-damage|p2a: Magearna|71\/100\n|\n|-heal|p1a: Wo-Chien|36\/100|[from] item: Leftovers\n|-damage|p2a: Magearna|59\/100|[from] Leech Seed|[of] p1a: Wo-Chien\n|-heal|p1a: Wo-Chien|48\/100|[silent]\n|upkeep\n|turn|19\n|\n|t:|1698767890\n|move|p2a: Magearna|Calm Mind|p2a: Magearna\n|-boost|p2a: Magearna|spa|1\n|-boost|p2a: Magearna|spd|1\n|move|p1a: Wo-Chien|Substitute|p1a: Wo-Chien\n|-fail|p1a: Wo-Chien|move: Substitute\n|\n|-heal|p1a: Wo-Chien|54\/100|[from] item: Leftovers\n|-damage|p2a: Magearna|46\/100|[from] Leech Seed|[of] p1a: Wo-Chien\n|-heal|p1a: Wo-Chien|66\/100|[silent]\n|upkeep\n|turn|20\n|\n|t:|1698767901\n|move|p1a: Wo-Chien|Protect|p1a: Wo-Chien\n|-singleturn|p1a: Wo-Chien|Protect\n|move|p2a: Magearna|Draining Kiss|p1a: Wo-Chien\n|-activate|p1a: Wo-Chien|move: Protect\n|\n|-heal|p1a: Wo-Chien|72\/100|[from] item: Leftovers\n|-damage|p2a: Magearna|34\/100|[from] Leech Seed|[of] p1a: Wo-Chien\n|-heal|p1a: Wo-Chien|84\/100|[silent]\n|upkeep\n|turn|21\n|\n|t:|1698767911\n|move|p2a: Magearna|Draining Kiss|p1a: Wo-Chien\n|-supereffective|p1a: Wo-Chien\n|-end|p1a: Wo-Chien|Substitute\n|-heal|p2a: Magearna|53\/100|[from] drain|[of] p1a: Wo-Chien\n|move|p1a: Wo-Chien|Substitute|p1a: Wo-Chien\n|-start|p1a: Wo-Chien|Substitute\n|-damage|p1a: Wo-Chien|59\/100\n|\n|-heal|p1a: Wo-Chien|65\/100|[from] item: Leftovers\n|-damage|p2a: Magearna|41\/100|[from] Leech Seed|[of] p1a: Wo-Chien\n|-heal|p1a: Wo-Chien|78\/100|[silent]\n|upkeep\n|turn|22\n|\n|t:|1698767924\n|move|p1a: Wo-Chien|Protect|p1a: Wo-Chien\n|-singleturn|p1a: Wo-Chien|Protect\n|move|p2a: Magearna|Draining Kiss|p1a: Wo-Chien\n|-activate|p1a: Wo-Chien|move: Protect\n|\n|-heal|p1a: Wo-Chien|84\/100|[from] item: Leftovers\n|-damage|p2a: Magearna|28\/100|[from] Leech Seed|[of] p1a: Wo-Chien\n|-heal|p1a: Wo-Chien|96\/100|[silent]\n|upkeep\n|turn|23\n|\n|t:|1698767931\n|move|p2a: Magearna|Draining Kiss|p1a: Wo-Chien\n|-supereffective|p1a: Wo-Chien\n|-end|p1a: Wo-Chien|Substitute\n|-heal|p2a: Magearna|48\/100|[from] drain|[of] p1a: Wo-Chien\n|move|p1a: Wo-Chien|Substitute|p1a: Wo-Chien\n|-start|p1a: Wo-Chien|Substitute\n|-damage|p1a: Wo-Chien|71\/100\n|\n|-heal|p1a: Wo-Chien|77\/100|[from] item: Leftovers\n|-damage|p2a: Magearna|35\/100|[from] Leech Seed|[of] p1a: Wo-Chien\n|-heal|p1a: Wo-Chien|89\/100|[silent]\n|upkeep\n|turn|24\n|\n|t:|1698767940\n|move|p1a: Wo-Chien|Protect|p1a: Wo-Chien\n|-singleturn|p1a: Wo-Chien|Protect\n|move|p2a: Magearna|Draining Kiss|p1a: Wo-Chien\n|-activate|p1a: Wo-Chien|move: Protect\n|\n|-heal|p1a: Wo-Chien|95\/100|[from] item: Leftovers\n|-damage|p2a: Magearna|23\/100|[from] Leech Seed|[of] p1a: Wo-Chien\n|-heal|p1a: Wo-Chien|100\/100|[silent]\n|upkeep\n|turn|25\n|\n|t:|1698767948\n|move|p2a: Magearna|Draining Kiss|p1a: Wo-Chien\n|-supereffective|p1a: Wo-Chien\n|-end|p1a: Wo-Chien|Substitute\n|-heal|p2a: Magearna|42\/100|[from] drain|[of] p1a: Wo-Chien\n|move|p1a: Wo-Chien|Substitute|p1a: Wo-Chien\n|-start|p1a: Wo-Chien|Substitute\n|-damage|p1a: Wo-Chien|76\/100\n|\n|-heal|p1a: Wo-Chien|82\/100|[from] item: Leftovers\n|-damage|p2a: Magearna|30\/100|[from] Leech Seed|[of] p1a: Wo-Chien\n|-heal|p1a: Wo-Chien|94\/100|[silent]\n|upkeep\n|turn|26\n|\n|t:|1698767960\n|switch|p2a: Volcarona|Volcarona, M|100\/100\n|move|p1a: Wo-Chien|Protect||[still]\n|-fail|p1a: Wo-Chien\n|\n|-heal|p1a: Wo-Chien|99\/100|[from] item: Leftovers\n|upkeep\n|turn|27\n|\n|t:|1698767971\n|-terastallize|p2a: Volcarona|Grass\n|move|p2a: Volcarona|Quiver Dance|p2a: Volcarona\n|-boost|p2a: Volcarona|spa|1\n|-boost|p2a: Volcarona|spd|1\n|-boost|p2a: Volcarona|spe|1\n|move|p1a: Wo-Chien|Leech Seed|p2a: Volcarona\n|-immune|p2a: Volcarona\n|\n|-heal|p1a: Wo-Chien|100\/100|[from] item: Leftovers\n|upkeep\n|turn|28\n|\n|t:|1698767981\n|switch|p1a: Arceus|Arceus-Poison|100\/100\n|move|p2a: Volcarona|Quiver Dance|p2a: Volcarona\n|-boost|p2a: Volcarona|spa|1\n|-boost|p2a: Volcarona|spd|1\n|-boost|p2a: Volcarona|spe|1\n|\n|upkeep\n|turn|29\n|\n|t:|1698767987\n|move|p2a: Volcarona|Fiery Dance|p1a: Arceus\n|-damage|p1a: Arceus|45\/100\n|-boost|p2a: Volcarona|spa|1\n|move|p1a: Arceus|Gunk Shot|p2a: Volcarona\n|-supereffective|p2a: Volcarona\n|-damage|p2a: Volcarona|0 fnt\n|faint|p2a: Volcarona\n|\n|upkeep\n|\n|t:|1698768001\n|switch|p2a: Garchomp|Garchomp, F|100\/100\n|turn|30\n|\n|t:|1698768004\n|move|p2a: Garchomp|Earthquake|p1a: Arceus\n|-supereffective|p1a: Arceus\n|-damage|p1a: Arceus|0 fnt\n|faint|p1a: Arceus\n|\n|upkeep\n|inactive|1P1o1s1h1e1 has 270 seconds left.\n|inactive|1P1o1s1h1e1 has 240 seconds left.\n|\n|t:|1698768068\n|switch|p1a: Wo-Chien|Wo-Chien|100\/100\n|-ability|p1a: Wo-Chien|Tablets of Ruin\n|turn|31\n|\n|t:|1698768074\n|move|p2a: Garchomp|Swords Dance|p2a: Garchomp\n|-boost|p2a: Garchomp|atk|2\n|move|p1a: Wo-Chien|Leech Seed|p2a: Garchomp\n|-start|p2a: Garchomp|move: Leech Seed\n|\n|-damage|p2a: Garchomp|88\/100|[from] Leech Seed|[of] p1a: Wo-Chien\n|upkeep\n|turn|32\n|\n|t:|1698768084\n|move|p2a: Garchomp|Scale Shot|p1a: Wo-Chien\n|-damage|p1a: Wo-Chien|83\/100\n|-damage|p1a: Wo-Chien|63\/100\n|-damage|p1a: Wo-Chien|46\/100\n|-damage|p1a: Wo-Chien|28\/100\n|-damage|p1a: Wo-Chien|9\/100\n|-hitcount|p1a: Wo-Chien|5\n|-unboost|p2a: Garchomp|def|1\n|-boost|p2a: Garchomp|spe|1\n|move|p1a: Wo-Chien|Knock Off|p2a: Garchomp\n|-damage|p2a: Garchomp|45\/100\n|-damage|p1a: Wo-Chien|0 fnt|[from] ability: Rough Skin|[of] p2a: Garchomp\n|faint|p1a: Wo-Chien\n|\n|upkeep\n|inactive|1P1o1s1h1e1 has 240 seconds left.\n|\n|t:|1698768111\n|switch|p1a: Magearna|Magearna|100\/100\n|turn|33\n|inactive|1P1o1s1h1e1 has 240 seconds left.\n|\n|t:|1698768124\n|-terastallize|p1a: Magearna|Water\n|move|p2a: Garchomp|Earthquake|p1a: Magearna\n|-damage|p1a: Magearna|12\/100\n|move|p1a: Magearna|Draining Kiss|p2a: Garchomp\n|-supereffective|p2a: Garchomp\n|-damage|p2a: Garchomp|0 fnt\n|-heal|p1a: Magearna|45\/100|[from] drain|[of] p2a: Garchomp\n|-damage|p1a: Magearna|33\/100|[from] ability: Rough Skin|[of] p2a: Garchomp\n|faint|p2a: Garchomp\n|-ability|p1a: Magearna|Soul-Heart|boost\n|-boost|p1a: Magearna|spa|1\n|\n|-heal|p1a: Magearna|39\/100|[from] item: Leftovers\n|upkeep\n|\n|t:|1698768147\n|switch|p2a: Cyclizar|Cyclizar, M|76\/100 par\n|turn|34\n|\n|t:|1698768157\n|move|p2a: Cyclizar|Shed Tail|p2a: Cyclizar\n|-start|p2a: Cyclizar|Substitute|[from] move: Shed Tail\n|-damage|p2a: Cyclizar|26\/100 par\n|\n|t:|1698768159\n|switch|p2a: Magearna|Magearna|30\/100|[from] Shed Tail\n|move|p1a: Magearna|Draining Kiss|p2a: Magearna\n|-resisted|p2a: Magearna\n|-activate|p2a: Magearna|move: Substitute|[damage]\n|-heal|p1a: Magearna|49\/100|[from] drain|[of] p2a: Magearna\n|\n|-heal|p1a: Magearna|55\/100|[from] item: Leftovers\n|upkeep\n|turn|35\n|\n|t:|1698768163\n|move|p2a: Magearna|Draining Kiss|p1a: Magearna\n|-damage|p1a: Magearna|40\/100\n|-heal|p2a: Magearna|40\/100|[from] drain|[of] p1a: Magearna\n|move|p1a: Magearna|Volt Switch|p2a: Magearna\n|-end|p2a: Magearna|Substitute\n|\n|t:|1698768166\n|switch|p1a: Sneasler|Sneasler, F|44\/100|[from] Volt Switch\n|\n|upkeep\n|turn|36\n|inactive|1P1o1s1h1e1 has 270 seconds left.\n|\n|t:|1698768180\n|move|p1a: Sneasler|Close Combat|p2a: Magearna\n|-damage|p2a: Magearna|3\/100\n|-unboost|p1a: Sneasler|def|1\n|-unboost|p1a: Sneasler|spd|1\n|move|p2a: Magearna|Draining Kiss|p1a: Sneasler\n|-damage|p1a: Sneasler|0 fnt\n|-heal|p2a: Magearna|30\/100|[from] drain|[of] p1a: Sneasler\n|faint|p1a: Sneasler\n|-ability|p2a: Magearna|Soul-Heart|boost\n|-boost|p2a: Magearna|spa|1\n|\n|upkeep\n|\n|t:|1698768186\n|switch|p1a: Dialga|Dialga|100\/100\n|-ability|p1a: Dialga|Pressure\n|turn|37\n|inactive|1P1o1s1h1e1 has 270 seconds left.\n|\n|t:|1698768196\n|move|p2a: Magearna|Stored Power|p1a: Dialga\n|-resisted|p1a: Dialga\n|-damage|p1a: Dialga|93\/100\n|move|p1a: Dialga|Roar|p2a: Magearna\n|drag|p2a: Walking Wake|Walking Wake|100\/100\n|-enditem|p2a: Walking Wake|Booster Energy\n|-activate|p2a: Walking Wake|ability: Protosynthesis|[fromitem]\n|-start|p2a: Walking Wake|protosynthesisspa\n|\n|-heal|p1a: Dialga|99\/100|[from] item: Leftovers\n|upkeep\n|turn|38\n|inactive|1P1o1s1h1e1 has 270 seconds left.\n|\n|t:|1698768210\n|move|p2a: Walking Wake|Flamethrower|p1a: Dialga\n|-damage|p1a: Dialga|60\/100\n|move|p1a: Dialga|Draco Meteor|p2a: Walking Wake\n|-supereffective|p2a: Walking Wake\n|-damage|p2a: Walking Wake|0 fnt\n|-unboost|p1a: Dialga|spa|2\n|faint|p2a: Walking Wake\n|-end|p2a: Walking Wake|Protosynthesis|[silent]\n|\n|-heal|p1a: Dialga|66\/100|[from] item: Leftovers\n|upkeep\n|\n|t:|1698768214\n|switch|p2a: Magearna|Magearna|30\/100\n|turn|39\n|-message|lolgz forfeited.\n|\n|win|1P1o1s1h1e1\n|c|\u26061P1o1s1h1e1|https:\/\/pokepast.es\/468c2203a0dc602b\n|c|\u26061P1o1s1h1e1|gg\n","uploadtime":1698768226,"views":10,"p1id":"1p1o1s1h1e1","p2id":"lolgz","formatid":"gen9ubers","rating":0,"private":0,"password":""}