{"id":"gen9ubers-1973519815","p1":"RubenPaCe","p2":"abieloto","format":"[Gen 9] Ubers","log":"|j|\u2606RubenPaCe\n|j|\u2606abieloto\n|t:|1697986499\n|gametype|singles\n|player|p1|RubenPaCe|camper|\n|player|p2|abieloto|elesa|\n|teamsize|p1|6\n|teamsize|p2|6\n|gen|9\n|tier|[Gen 9] Ubers\n|rule|Sleep Clause Mod: Limit one foe put to sleep\n|rule|Species Clause: Limit one of each Pok\u00e9mon\n|rule|OHKO Clause: OHKO moves are banned\n|rule|Evasion Items Clause: Evasion items are banned\n|rule|Evasion Moves Clause: Evasion moves are banned\n|rule|Endless Battle Clause: Forcing endless battles is banned\n|rule|HP Percentage Mod: HP is shown in percentages\n|clearpoke\n|poke|p1|Houndstone, F|\n|poke|p1|Tyranitar, F|\n|poke|p1|Chi-Yu|\n|poke|p1|Zacian-*|\n|poke|p1|Meowscarada, F|\n|poke|p1|Palkia-Origin|\n|poke|p2|Palafin, M|\n|poke|p2|Gholdengo|\n|poke|p2|Dugtrio, F|\n|poke|p2|Arceus-Electric|\n|poke|p2|Chi-Yu|\n|poke|p2|Magearna|\n|teampreview\n|\n|t:|1697986502\n|start\n|switch|p1a: Meowscarada|Meowscarada, F|100\/100\n|switch|p2a: Chi-Yu|Chi-Yu|100\/100\n|-ability|p2a: Chi-Yu|Beads of Ruin\n|turn|1\n|\n|t:|1697986508\n|move|p2a: Chi-Yu|Flamethrower|p1a: Meowscarada\n|-supereffective|p1a: Meowscarada\n|-enditem|p1a: Meowscarada|Focus Sash\n|-damage|p1a: Meowscarada|1\/100\n|move|p1a: Meowscarada|Toxic Spikes|p2a: Chi-Yu\n|-sidestart|p2: abieloto|move: Toxic Spikes\n|\n|upkeep\n|turn|2\n|\n|t:|1697986512\n|switch|p1a: Tyranitar|Tyranitar, F|100\/100\n|-weather|Sandstorm|[from] ability: Sand Stream|[of] p1a: Tyranitar\n|move|p2a: Chi-Yu|Flamethrower|p1a: Tyranitar\n|-resisted|p1a: Tyranitar\n|-damage|p1a: Tyranitar|81\/100\n|\n|-weather|Sandstorm|[upkeep]\n|-damage|p2a: Chi-Yu|95\/100|[from] Sandstorm\n|upkeep\n|turn|3\n|\n|t:|1697986530\n|switch|p2a: Magearna|Magearna|100\/100\n|switch|p1a: Palkia|Palkia-Origin|100\/100\n|-ability|p1a: Palkia|Pressure\n|\n|-weather|Sandstorm|[upkeep]\n|-damage|p1a: Palkia|94\/100|[from] Sandstorm\n|upkeep\n|turn|4\n|\n|t:|1697986543\n|switch|p2a: Gholdengo|Gholdengo|100\/100\n|move|p1a: Palkia|Fire Blast|p2a: Gholdengo\n|-supereffective|p2a: Gholdengo\n|-damage|p2a: Gholdengo|40\/100\n|\n|-weather|Sandstorm|[upkeep]\n|-damage|p1a: Palkia|88\/100|[from] Sandstorm\n|upkeep\n|turn|5\n|\n|t:|1697986602\n|-terastallize|p2a: Gholdengo|Water\n|move|p1a: Palkia|Spacial Rend|p2a: Gholdengo\n|-damage|p2a: Gholdengo|0 fnt\n|faint|p2a: Gholdengo\n|\n|-weather|Sandstorm|[upkeep]\n|-damage|p1a: Palkia|82\/100|[from] Sandstorm\n|upkeep\n|c|\u2606abieloto|damn nice read\n|c|\u2606RubenPaCe|thx\n|\n|t:|1697986624\n|switch|p2a: Magearna|Magearna|100\/100\n|turn|6\n|\n|t:|1697986630\n|switch|p1a: Chi-Yu|Chi-Yu|100\/100\n|-ability|p1a: Chi-Yu|Beads of Ruin\n|move|p2a: Magearna|Draining Kiss|p1a: Chi-Yu\n|-damage|p1a: Chi-Yu|75\/100\n|\n|-weather|Sandstorm|[upkeep]\n|-damage|p1a: Chi-Yu|69\/100|[from] Sandstorm\n|upkeep\n|turn|7\n|\n|t:|1697986655\n|switch|p2a: Arceus|Arceus-Electric|100\/100\n|-status|p2a: Arceus|psn\n|move|p1a: Chi-Yu|Flamethrower|p2a: Arceus\n|-damage|p2a: Arceus|50\/100 psn\n|\n|-weather|Sandstorm|[upkeep]\n|-damage|p1a: Chi-Yu|63\/100|[from] Sandstorm\n|-damage|p2a: Arceus|44\/100 psn|[from] Sandstorm\n|-damage|p2a: Arceus|32\/100 psn|[from] psn\n|upkeep\n|turn|8\n|\n|t:|1697986662\n|move|p1a: Chi-Yu|Flamethrower|p2a: Arceus\n|-damage|p2a: Arceus|0 fnt\n|faint|p2a: Arceus\n|\n|-weather|Sandstorm|[upkeep]\n|-damage|p1a: Chi-Yu|57\/100|[from] Sandstorm\n|upkeep\n|\n|t:|1697986663\n|switch|p2a: Dugtrio|Dugtrio, F|100\/100\n|-status|p2a: Dugtrio|psn\n|turn|9\n|\n|t:|1697986667\n|move|p1a: Chi-Yu|Flamethrower|p2a: Dugtrio\n|-enditem|p2a: Dugtrio|Focus Sash\n|-damage|p2a: Dugtrio|1\/100 psn\n|move|p2a: Dugtrio|Earthquake|p1a: Chi-Yu\n|-supereffective|p1a: Chi-Yu\n|-damage|p1a: Chi-Yu|0 fnt\n|faint|p1a: Chi-Yu\n|\n|-weather|none\n|-damage|p2a: Dugtrio|0 fnt|[from] psn\n|faint|p2a: Dugtrio\n|upkeep\n|\n|t:|1697986675\n|switch|p2a: Magearna|Magearna|100\/100\n|switch|p1a: Meowscarada|Meowscarada, F|1\/100\n|turn|10\n|\n|t:|1697986679\n|move|p1a: Meowscarada|Taunt|p2a: Magearna\n|-start|p2a: Magearna|move: Taunt\n|cant|p2a: Magearna|move: Taunt|Calm Mind\n|\n|upkeep\n|turn|11\n|\n|t:|1697986684\n|move|p1a: Meowscarada|Knock Off|p2a: Magearna\n|-resisted|p2a: Magearna\n|-damage|p2a: Magearna|87\/100\n|-enditem|p2a: Magearna|Leftovers|[from] move: Knock Off|[of] p1a: Meowscarada\n|move|p2a: Magearna|Draining Kiss|p1a: Meowscarada\n|-supereffective|p1a: Meowscarada\n|-damage|p1a: Meowscarada|0 fnt\n|-heal|p2a: Magearna|87\/100|[from] drain|[of] p1a: Meowscarada\n|faint|p1a: Meowscarada\n|-ability|p2a: Magearna|Soul-Heart|boost\n|-boost|p2a: Magearna|spa|1\n|\n|upkeep\n|\n|t:|1697986689\n|switch|p1a: Zacian|Zacian|100\/100\n|-ability|p1a: Zacian|Intrepid Sword|boost\n|-boost|p1a: Zacian|atk|1\n|turn|12\n|\n|t:|1697986702\n|switch|p2a: Palafin|Palafin, M|100\/100\n|-status|p2a: Palafin|psn\n|-terastallize|p1a: Zacian|Fire\n|move|p1a: Zacian|Tera Blast|p2a: Palafin|[anim] Tera Blast Fire\n|-resisted|p2a: Palafin\n|-damage|p2a: Palafin|51\/100 psn\n|\n|-heal|p2a: Palafin|57\/100 psn|[from] item: Leftovers\n|-damage|p2a: Palafin|45\/100 psn|[from] psn\n|upkeep\n|turn|13\n|\n|t:|1697986705\n|move|p1a: Zacian|Tera Blast|p2a: Palafin|[anim] Tera Blast Fire\n|-resisted|p2a: Palafin\n|-damage|p2a: Palafin|0 fnt\n|faint|p2a: Palafin\n|\n|upkeep\n|\n|t:|1697986709\n|switch|p2a: Chi-Yu|Chi-Yu|95\/100\n|-status|p2a: Chi-Yu|psn\n|-ability|p2a: Chi-Yu|Beads of Ruin\n|turn|14\n|\n|t:|1697986711\n|switch|p1a: Tyranitar|Tyranitar, F|81\/100\n|-weather|Sandstorm|[from] ability: Sand Stream|[of] p1a: Tyranitar\n|move|p2a: Chi-Yu|Dark Pulse|p1a: Tyranitar\n|-resisted|p1a: Tyranitar\n|-crit|p1a: Tyranitar\n|-damage|p1a: Tyranitar|52\/100\n|\n|-weather|Sandstorm|[upkeep]\n|-damage|p2a: Chi-Yu|89\/100 psn|[from] Sandstorm\n|-damage|p2a: Chi-Yu|76\/100 psn|[from] psn\n|upkeep\n|turn|15\n|c|\u2606abieloto|yeah there's no way i beat this lmao\n|c|\u2606abieloto|gg wp\n|c|\u2606RubenPaCe|it's not over till it's over\n|c|\u2606abieloto|true enough\n|\n|t:|1697986741\n|switch|p2a: Magearna|Magearna|87\/100\n|switch|p1a: Palkia|Palkia-Origin|82\/100\n|-ability|p1a: Palkia|Pressure\n|\n|-weather|Sandstorm|[upkeep]\n|-damage|p1a: Palkia|76\/100|[from] Sandstorm\n|upkeep\n|turn|16\n|\n|t:|1697986747\n|move|p1a: Palkia|Fire Blast|p2a: Magearna\n|-supereffective|p2a: Magearna\n|-damage|p2a: Magearna|16\/100\n|move|p2a: Magearna|Calm Mind|p2a: Magearna\n|-boost|p2a: Magearna|spa|1\n|-boost|p2a: Magearna|spd|1\n|\n|-weather|Sandstorm|[upkeep]\n|-damage|p1a: Palkia|69\/100|[from] Sandstorm\n|upkeep\n|turn|17\n|\n|t:|1697986752\n|move|p1a: Palkia|Fire Blast|p2a: Magearna|[miss]\n|-miss|p1a: Palkia|p2a: Magearna\n|move|p2a: Magearna|Draining Kiss|p1a: Palkia\n|-supereffective|p1a: Palkia\n|-damage|p1a: Palkia|8\/100\n|-heal|p2a: Magearna|57\/100|[from] drain|[of] p1a: Palkia\n|\n|-weather|Sandstorm|[upkeep]\n|-damage|p1a: Palkia|1\/100|[from] Sandstorm\n|upkeep\n|turn|18\n|\n|t:|1697986754\n|move|p1a: Palkia|Fire Blast|p2a: Magearna|[miss]\n|-miss|p1a: Palkia|p2a: Magearna\n|move|p2a: Magearna|Draining Kiss|p1a: Palkia\n|-supereffective|p1a: Palkia\n|-damage|p1a: Palkia|0 fnt\n|-heal|p2a: Magearna|57\/100|[from] drain|[of] p1a: Palkia\n|faint|p1a: Palkia\n|-ability|p2a: Magearna|Soul-Heart|boost\n|-boost|p2a: Magearna|spa|1\n|\n|-weather|Sandstorm|[upkeep]\n|upkeep\n|\n|t:|1697986757\n|switch|p1a: Zacian|Zacian, tera:Fire|100\/100\n|turn|19\n|\n|t:|1697986760\n|move|p1a: Zacian|Tera Blast|p2a: Magearna|[anim] Tera Blast Fire\n|-supereffective|p2a: Magearna\n|-damage|p2a: Magearna|0 fnt\n|faint|p2a: Magearna\n|\n|-weather|Sandstorm|[upkeep]\n|-damage|p1a: Zacian|94\/100|[from] Sandstorm\n|upkeep\n|\n|t:|1697986762\n|switch|p2a: Chi-Yu|Chi-Yu|76\/100 psn\n|-ability|p2a: Chi-Yu|Beads of Ruin\n|turn|20\n|\n|t:|1697986766\n|move|p2a: Chi-Yu|Dark Pulse|p1a: Zacian\n|-damage|p1a: Zacian|39\/100\n|move|p1a: Zacian|Tera Blast|p2a: Chi-Yu|[anim] Tera Blast Fire\n|-resisted|p2a: Chi-Yu\n|-damage|p2a: Chi-Yu|28\/100 psn\n|\n|-weather|Sandstorm|[upkeep]\n|-damage|p2a: Chi-Yu|22\/100 psn|[from] Sandstorm\n|-damage|p1a: Zacian|33\/100|[from] Sandstorm\n|-damage|p2a: Chi-Yu|10\/100 psn|[from] psn\n|upkeep\n|turn|21\n|\n|t:|1697986771\n|switch|p1a: Houndstone|Houndstone, F|100\/100\n|move|p2a: Chi-Yu|Dark Pulse|p1a: Houndstone\n|-supereffective|p1a: Houndstone\n|-damage|p1a: Houndstone|0 fnt\n|faint|p1a: Houndstone\n|\n|-weather|none\n|-damage|p2a: Chi-Yu|0 fnt|[from] psn\n|faint|p2a: Chi-Yu\n|\n|win|RubenPaCe\n|upkeep\n|c|\u2606RubenPaCe|gg\n|c|\u2606abieloto|gg\n|c|\u2606RubenPaCe|I still don't like this team\n|c|\u2606RubenPaCe|I'm trying to make houndstone work\n|c|\u2606RubenPaCe|but I don't know what to pair it with\n|c|\u2606RubenPaCe|any suggestions?\n|c|\u2606abieloto|i barely know anything ab this tier sorry \ud83d\ude2d\n|c|\u2606RubenPaCe|ah damn\n|c|\u2606RubenPaCe|well anyways, we are currently 1-1\n|c|\u2606abieloto|apparently arceus electric is banned anyways so imma have to change my team\n|c|\u2606RubenPaCe|wanna go for the tie-breaker?\n|c|\u2606RubenPaCe|it's not that arceus electric is bad\n|c|\u2606RubenPaCe|it's just that fire, poison and figthing are better\n|c|\u2606abieloto|true\n|c|\u2606RubenPaCe|arceus electric might work\n|c|\u2606abieloto|also i gtg sorry i was playing waiting for my food but it js got here\n|c|\u2606RubenPaCe|dont' worry\n|c|\u2606RubenPaCe|have a nice meal\n|c|\u2606abieloto|ty!\n|l|\u2606RubenPaCe\n","uploadtime":1697986778,"views":34,"p1id":"rubenpace","p2id":"abieloto","formatid":"gen9ubers","rating":0,"private":0,"password":""}