{"id":"gen9ubers-1982344493","p1":"Supraxd","p2":"geefeeee","format":"[Gen 9] Ubers","log":"|j|\u2606Supraxd\n|j|\u2606geefeeee\n|t:|1699001203\n|gametype|singles\n|player|p1|Supraxd|steven|1102\n|player|p2|geefeeee|101|1000\n|teamsize|p1|6\n|teamsize|p2|6\n|gen|9\n|tier|[Gen 9] Ubers\n|rated|\n|rule|Sleep Clause Mod: Limit one foe put to sleep\n|rule|Species Clause: Limit one of each Pok\u00e9mon\n|rule|OHKO Clause: OHKO moves are banned\n|rule|Evasion Items Clause: Evasion items are banned\n|rule|Evasion Moves Clause: Evasion moves are banned\n|rule|Endless Battle Clause: Forcing endless battles is banned\n|rule|HP Percentage Mod: HP is shown in percentages\n|clearpoke\n|poke|p1|Scyther, F|\n|poke|p1|Lokix, F|\n|poke|p1|Ribombee, M|\n|poke|p1|Kleavor, M|\n|poke|p1|Volcarona, M|\n|poke|p1|Slither Wing|\n|poke|p2|Palafin, F|\n|poke|p2|Annihilape, F|\n|poke|p2|Chien-Pao|\n|poke|p2|Zacian-*|\n|poke|p2|Roaring Moon|\n|poke|p2|Espathra, F|\n|teampreview\n|inactive|Battle timer is ON: inactive players will automatically lose when time's up. (requested by geefeeee)\n|inactive|Supraxd has 120 seconds left.\n|\n|t:|1699001270\n|start\n|switch|p1a: Ribombee|Ribombee, M|100\/100\n|switch|p2a: Palafin|Palafin, F|100\/100\n|turn|1\n|l|\u2606Supraxd\n|inactive|Supraxd disconnected and has a minute to reconnect!\n|player|p1|\n|j|\u2606Supraxd\n|inactive|Supraxd reconnected and has 115 seconds left.\n|player|p1|Supraxd|steven\n|\n|t:|1699001316\n|move|p1a: Ribombee|Sticky Web|p2a: Palafin\n|-sidestart|p2: geefeeee|move: Sticky Web\n|move|p2a: Palafin|Flip Turn|p1a: Ribombee\n|-damage|p1a: Ribombee|33\/100\n|inactive|geefeeee has 120 seconds left.\n|\n|t:|1699001357\n|detailschange|p2a: Palafin|Palafin-Hero, F\n|switch|p2a: Chien-Pao|Chien-Pao|100\/100|[from] Flip Turn\n|-activate|p2a: Chien-Pao|move: Sticky Web\n|-unboost|p2a: Chien-Pao|spe|1\n|-ability|p2a: Chien-Pao|Sword of Ruin\n|\n|upkeep\n|turn|2\n|inactive|Supraxd has 120 seconds left.\n|\n|t:|1699001366\n|move|p1a: Ribombee|Moonblast|p2a: Chien-Pao\n|-supereffective|p2a: Chien-Pao\n|-damage|p2a: Chien-Pao|0 fnt\n|faint|p2a: Chien-Pao\n|\n|upkeep\n|\n|t:|1699001375\n|switch|p2a: Annihilape|Annihilape, F|100\/100\n|-activate|p2a: Annihilape|move: Sticky Web\n|-unboost|p2a: Annihilape|spe|1\n|-ability|p2a: Annihilape|Defiant|boost\n|-boost|p2a: Annihilape|atk|2\n|turn|3\n|\n|t:|1699001381\n|move|p1a: Ribombee|Moonblast|p2a: Annihilape\n|-supereffective|p2a: Annihilape\n|-damage|p2a: Annihilape|53\/100\n|-unboost|p2a: Annihilape|spa|1\n|-ability|p2a: Annihilape|Defiant|boost\n|-boost|p2a: Annihilape|atk|2\n|move|p2a: Annihilape|Bulk Up|p2a: Annihilape\n|-boost|p2a: Annihilape|atk|1\n|-boost|p2a: Annihilape|def|1\n|\n|-heal|p2a: Annihilape|60\/100|[from] item: Leftovers\n|upkeep\n|turn|4\n|\n|t:|1699001391\n|move|p1a: Ribombee|Moonblast|p2a: Annihilape\n|-supereffective|p2a: Annihilape\n|-damage|p2a: Annihilape|6\/100\n|move|p2a: Annihilape|Drain Punch|p1a: Ribombee\n|-resisted|p1a: Ribombee\n|-damage|p1a: Ribombee|0 fnt\n|-heal|p2a: Annihilape|17\/100|[from] drain|[of] p1a: Ribombee\n|faint|p1a: Ribombee\n|\n|-heal|p2a: Annihilape|23\/100|[from] item: Leftovers\n|upkeep\n|\n|t:|1699001405\n|switch|p1a: Scyther|Scyther, F|100\/100\n|turn|5\n|\n|t:|1699001414\n|-terastallize|p2a: Annihilape|Water\n|move|p1a: Scyther|Dual Wingbeat|p2a: Annihilape\n|-damage|p2a: Annihilape|4\/100\n|-damage|p2a: Annihilape|0 fnt\n|faint|p2a: Annihilape\n|-hitcount|p2: Annihilape|2\n|\n|upkeep\n|\n|t:|1699001420\n|switch|p2a: Roaring Moon|Roaring Moon|100\/100\n|-activate|p2a: Roaring Moon|move: Sticky Web\n|-unboost|p2a: Roaring Moon|spe|1\n|turn|6\n|\n|t:|1699001445\n|move|p1a: Scyther|Close Combat|p2a: Roaring Moon\n|-supereffective|p2a: Roaring Moon\n|-damage|p2a: Roaring Moon|0 fnt\n|-unboost|p1a: Scyther|def|1\n|-unboost|p1a: Scyther|spd|1\n|faint|p2a: Roaring Moon\n|-end|p2a: Roaring Moon|Protosynthesis|[silent]\n|\n|upkeep\n|\n|t:|1699001450\n|switch|p2a: Palafin|Palafin-Hero, F|100\/100\n|-activate|p2a: Palafin|move: Sticky Web\n|-unboost|p2a: Palafin|spe|1\n|-activate|p2a: Palafin|ability: Zero to Hero\n|turn|7\n|\n|t:|1699001455\n|move|p1a: Scyther|Dual Wingbeat|p2a: Palafin\n|-damage|p2a: Palafin|71\/100\n|-damage|p2a: Palafin|42\/100\n|-hitcount|p2a: Palafin|2\n|move|p2a: Palafin|Aqua Tail|p1a: Scyther\n|-damage|p1a: Scyther|0 fnt\n|faint|p1a: Scyther\n|\n|upkeep\n|\n|t:|1699001460\n|switch|p1a: Lokix|Lokix, F|100\/100\n|turn|8\n|\n|t:|1699001471\n|move|p1a: Lokix|First Impression|p2a: Palafin\n|-damage|p2a: Palafin|0 fnt\n|faint|p2a: Palafin\n|\n|upkeep\n|\n|t:|1699001473\n|switch|p2a: Espathra|Espathra, F|100\/100\n|-activate|p2a: Espathra|move: Sticky Web\n|-unboost|p2a: Espathra|spe|1\n|turn|9\n|\n|t:|1699001478\n|move|p1a: Lokix|U-turn|p2a: Espathra\n|-supereffective|p2a: Espathra\n|-damage|p2a: Espathra|29\/100\n|\n|t:|1699001487\n|switch|p1a: Kleavor|Kleavor, M|100\/100|[from] U-turn\n|move|p2a: Espathra|Calm Mind|p2a: Espathra\n|-boost|p2a: Espathra|spa|1\n|-boost|p2a: Espathra|spd|1\n|\n|-heal|p2a: Espathra|35\/100|[from] item: Leftovers\n|-ability|p2a: Espathra|Speed Boost|boost\n|-boost|p2a: Espathra|spe|1\n|upkeep\n|turn|10\n|\n|t:|1699001493\n|move|p1a: Kleavor|Trailblaze|p2a: Espathra\n|-damage|p2a: Espathra|19\/100\n|-boost|p1a: Kleavor|spe|1\n|move|p2a: Espathra|Roost|p2a: Espathra\n|-heal|p2a: Espathra|70\/100\n|-singleturn|p2a: Espathra|move: Roost\n|\n|-heal|p2a: Espathra|76\/100|[from] item: Leftovers\n|-ability|p2a: Espathra|Speed Boost|boost\n|-boost|p2a: Espathra|spe|1\n|upkeep\n|turn|11\n|\n|t:|1699001507\n|move|p1a: Kleavor|Swords Dance|p1a: Kleavor\n|-boost|p1a: Kleavor|atk|2\n|move|p2a: Espathra|Calm Mind|p2a: Espathra\n|-boost|p2a: Espathra|spa|1\n|-boost|p2a: Espathra|spd|1\n|\n|-heal|p2a: Espathra|82\/100|[from] item: Leftovers\n|-ability|p2a: Espathra|Speed Boost|boost\n|-boost|p2a: Espathra|spe|1\n|upkeep\n|turn|12\n|\n|t:|1699001514\n|move|p2a: Espathra|Stored Power|p1a: Kleavor\n|-enditem|p1a: Kleavor|Focus Sash\n|-damage|p1a: Kleavor|1\/100\n|move|p1a: Kleavor|Stone Axe|p2a: Espathra\n|-damage|p2a: Espathra|0 fnt\n|-sidestart|p2: geefeeee|move: Stealth Rock\n|faint|p2a: Espathra\n|\n|upkeep\n|\n|t:|1699001517\n|switch|p2a: Zacian|Zacian-Crowned|100\/100\n|-activate|p2a: Zacian|move: Sticky Web\n|-unboost|p2a: Zacian|spe|1\n|-damage|p2a: Zacian|94\/100|[from] Stealth Rock\n|-ability|p2a: Zacian|Intrepid Sword|boost\n|-boost|p2a: Zacian|atk|1\n|turn|13\n|\n|t:|1699001520\n|move|p1a: Kleavor|Close Combat|p2a: Zacian\n|-damage|p2a: Zacian|11\/100\n|-unboost|p1a: Kleavor|def|1\n|-unboost|p1a: Kleavor|spd|1\n|move|p2a: Zacian|Behemoth Blade|p1a: Kleavor\n|-supereffective|p1a: Kleavor\n|-damage|p1a: Kleavor|0 fnt\n|faint|p1a: Kleavor\n|\n|upkeep\n|\n|t:|1699001525\n|switch|p1a: Lokix|Lokix, F|100\/100\n|turn|14\n|\n|t:|1699001537\n|move|p1a: Lokix|First Impression|p2a: Zacian\n|-resisted|p2a: Zacian\n|-damage|p2a: Zacian|0 fnt\n|faint|p2a: Zacian\n|\n|win|Supraxd\n|raw|Supraxd's rating: 1102 &rarr; <strong>1120<\/strong><br \/>(+18 for winning)\n|raw|geefeeee's rating: 1000 &rarr; <strong>1000<\/strong><br \/>(+0 for losing)\n|l|\u2606geefeeee\n","uploadtime":1699001550,"views":22,"p1id":"supraxd","p2id":"geefeeee","formatid":"gen9ubers","rating":1000,"private":0,"password":""}