{"id":"gen9ubers-1979879260","p1":"Deriverse","p2":"ananymous123213","format":"[Gen 9] Ubers","log":"|j|\u2606Deriverse\n|j|\u2606ananymous123213\n|t:|1698723427\n|gametype|singles\n|player|p1|Deriverse|roxanne|1237\n|player|p2|ananymous123213|266|1434\n|teamsize|p1|6\n|teamsize|p2|6\n|gen|9\n|tier|[Gen 9] Ubers\n|rated|\n|rule|Sleep Clause Mod: Limit one foe put to sleep\n|rule|Species Clause: Limit one of each Pok\u00e9mon\n|rule|OHKO Clause: OHKO moves are banned\n|rule|Evasion Items Clause: Evasion items are banned\n|rule|Evasion Moves Clause: Evasion moves are banned\n|rule|Endless Battle Clause: Forcing endless battles is banned\n|rule|HP Percentage Mod: HP is shown in percentages\n|clearpoke\n|poke|p1|Skeledirge, M|\n|poke|p1|Flutter Mane|\n|poke|p1|Groudon|\n|poke|p1|Giratina|\n|poke|p1|Ribombee, M|\n|poke|p1|Cyclizar, M|\n|poke|p2|Gliscor, F|\n|poke|p2|Arceus-Fairy|\n|poke|p2|Zacian-*|\n|poke|p2|Alomomola, F|\n|poke|p2|Clodsire, M|\n|poke|p2|Kyogre|\n|teampreview\n|inactive|Battle timer is ON: inactive players will automatically lose when time's up. (requested by Deriverse)\n|\n|t:|1698723448\n|start\n|switch|p1a: Ribombee|Ribombee, M|100\/100\n|switch|p2a: Zacian|Zacian-Crowned|100\/100\n|-ability|p2a: Zacian|Intrepid Sword|boost\n|-boost|p2a: Zacian|atk|1\n|turn|1\n|\n|t:|1698723451\n|move|p2a: Zacian|Substitute|p2a: Zacian\n|-start|p2a: Zacian|Substitute\n|-damage|p2a: Zacian|76\/100\n|move|p1a: Ribombee|Sticky Web|p2a: Zacian\n|-sidestart|p2: ananymous123213|move: Sticky Web\n|\n|upkeep\n|turn|2\n|\n|t:|1698723456\n|move|p2a: Zacian|Swords Dance|p2a: Zacian\n|-boost|p2a: Zacian|atk|2\n|move|p1a: Ribombee|Quiver Dance|p1a: Ribombee\n|-boost|p1a: Ribombee|spa|1\n|-boost|p1a: Ribombee|spd|1\n|-boost|p1a: Ribombee|spe|1\n|\n|upkeep\n|turn|3\n|\n|t:|1698723468\n|switch|p1a: Skeledirge|Skeledirge, M|100\/100\n|move|p2a: Zacian|Behemoth Blade|p1a: Skeledirge\n|-resisted|p1a: Skeledirge\n|-damage|p1a: Skeledirge|83\/100\n|\n|-heal|p1a: Skeledirge|89\/100|[from] item: Leftovers\n|upkeep\n|turn|4\n|\n|t:|1698723481\n|switch|p2a: Clodsire|Clodsire, M|100\/100\n|-activate|p2a: Clodsire|move: Sticky Web\n|-unboost|p2a: Clodsire|spe|1\n|move|p1a: Skeledirge|Torch Song|p2a: Clodsire\n|-damage|p2a: Clodsire|83\/100\n|-boost|p1a: Skeledirge|spa|1\n|\n|-heal|p1a: Skeledirge|95\/100|[from] item: Leftovers\n|-heal|p2a: Clodsire|89\/100|[from] item: Leftovers\n|upkeep\n|turn|5\n|\n|t:|1698723491\n|switch|p1a: Cyclizar|Cyclizar, M|100\/100\n|move|p2a: Clodsire|Toxic|p1a: Cyclizar\n|-status|p1a: Cyclizar|tox\n|\n|-heal|p2a: Clodsire|96\/100|[from] item: Leftovers\n|-damage|p1a: Cyclizar|94\/100 tox|[from] psn\n|upkeep\n|turn|6\n|\n|t:|1698723496\n|move|p1a: Cyclizar|Shed Tail|p1a: Cyclizar\n|-start|p1a: Cyclizar|Substitute|[from] move: Shed Tail\n|-damage|p1a: Cyclizar|44\/100 tox\n|\n|t:|1698723499\n|switch|p1a: Flutter Mane|Flutter Mane|100\/100|[from] Shed Tail\n|move|p2a: Clodsire|Spikes|p1a: Flutter Mane\n|-sidestart|p1: Deriverse|Spikes\n|\n|-heal|p2a: Clodsire|100\/100|[from] item: Leftovers\n|upkeep\n|turn|7\n|\n|t:|1698723504\n|move|p1a: Flutter Mane|Psyshock|p2a: Clodsire\n|-supereffective|p2a: Clodsire\n|-damage|p2a: Clodsire|42\/100\n|move|p2a: Clodsire|Earthquake|p1a: Flutter Mane\n|-end|p1a: Flutter Mane|Substitute\n|\n|-heal|p2a: Clodsire|49\/100|[from] item: Leftovers\n|upkeep\n|turn|8\n|\n|t:|1698723515\n|-terastallize|p2a: Clodsire|Steel\n|move|p1a: Flutter Mane|Calm Mind|p1a: Flutter Mane\n|-boost|p1a: Flutter Mane|spa|1\n|-boost|p1a: Flutter Mane|spd|1\n|move|p2a: Clodsire|Toxic|p1a: Flutter Mane\n|-status|p1a: Flutter Mane|tox\n|\n|-heal|p2a: Clodsire|55\/100|[from] item: Leftovers\n|-damage|p1a: Flutter Mane|95\/100 tox|[from] psn\n|upkeep\n|turn|9\n|\n|t:|1698723531\n|-terastallize|p1a: Flutter Mane|Ghost\n|move|p1a: Flutter Mane|Shadow Ball|p2a: Clodsire\n|-damage|p2a: Clodsire|11\/100\n|-unboost|p2a: Clodsire|spd|1\n|move|p2a: Clodsire|Earthquake|p1a: Flutter Mane\n|-damage|p1a: Flutter Mane|37\/100 tox\n|\n|-heal|p1a: Flutter Mane|43\/100 tox|[from] item: Leftovers\n|-heal|p2a: Clodsire|18\/100|[from] item: Leftovers\n|-damage|p1a: Flutter Mane|31\/100 tox|[from] psn\n|upkeep\n|turn|10\n|\n|t:|1698723545\n|move|p1a: Flutter Mane|Moonblast|p2a: Clodsire\n|-resisted|p2a: Clodsire\n|-damage|p2a: Clodsire|0 fnt\n|faint|p2a: Clodsire\n|\n|-heal|p1a: Flutter Mane|37\/100 tox|[from] item: Leftovers\n|-damage|p1a: Flutter Mane|19\/100 tox|[from] psn\n|upkeep\n|\n|t:|1698723551\n|switch|p2a: Gliscor|Gliscor, F|100\/100\n|turn|11\n|\n|t:|1698723554\n|move|p2a: Gliscor|Protect|p2a: Gliscor\n|-singleturn|p2a: Gliscor|Protect\n|move|p1a: Flutter Mane|Calm Mind|p1a: Flutter Mane\n|-boost|p1a: Flutter Mane|spa|1\n|-boost|p1a: Flutter Mane|spd|1\n|\n|-heal|p1a: Flutter Mane|25\/100 tox|[from] item: Leftovers\n|-damage|p1a: Flutter Mane|1\/100 tox|[from] psn\n|-status|p2a: Gliscor|tox|[from] item: Toxic Orb\n|upkeep\n|turn|12\n|\n|t:|1698723568\n|move|p1a: Flutter Mane|Moonblast|p2a: Gliscor\n|-damage|p2a: Gliscor|0 fnt\n|faint|p2a: Gliscor\n|\n|-heal|p1a: Flutter Mane|7\/100 tox|[from] item: Leftovers\n|-damage|p1a: Flutter Mane|0 fnt|[from] psn\n|faint|p1a: Flutter Mane\n|-end|p1a: Flutter Mane|Protosynthesis|[silent]\n|upkeep\n|\n|t:|1698723578\n|switch|p1a: Cyclizar|Cyclizar, M|77\/100 tox\n|switch|p2a: Arceus|Arceus-Fairy|100\/100\n|-activate|p2a: Arceus|move: Sticky Web\n|-unboost|p2a: Arceus|spe|1\n|turn|13\n|\n|t:|1698723583\n|move|p1a: Cyclizar|Rapid Spin|p2a: Arceus\n|-damage|p2a: Arceus|89\/100\n|-boost|p1a: Cyclizar|spe|1\n|-sideend|p1: Deriverse|Spikes|[from] move: Rapid Spin|[of] p1a: Cyclizar\n|move|p2a: Arceus|Judgment|p1a: Cyclizar\n|-supereffective|p1a: Cyclizar\n|-damage|p1a: Cyclizar|0 fnt\n|faint|p1a: Cyclizar\n|\n|upkeep\n|\n|t:|1698723590\n|switch|p1a: Ribombee|Ribombee, M|100\/100\n|turn|14\n|\n|t:|1698723597\n|move|p1a: Ribombee|Stun Spore|p2a: Arceus\n|-status|p2a: Arceus|par\n|move|p2a: Arceus|Stealth Rock|p1a: Ribombee\n|-sidestart|p1: Deriverse|move: Stealth Rock\n|\n|upkeep\n|turn|15\n|\n|t:|1698723602\n|switch|p2a: Zacian|Zacian-Crowned|76\/100\n|-activate|p2a: Zacian|move: Sticky Web\n|-unboost|p2a: Zacian|spe|1\n|move|p1a: Ribombee|Quiver Dance|p1a: Ribombee\n|-boost|p1a: Ribombee|spa|1\n|-boost|p1a: Ribombee|spd|1\n|-boost|p1a: Ribombee|spe|1\n|\n|upkeep\n|turn|16\n|\n|t:|1698723611\n|move|p1a: Ribombee|Stun Spore|p2a: Zacian\n|-status|p2a: Zacian|par\n|move|p2a: Zacian|Behemoth Blade|p1a: Ribombee\n|-supereffective|p1a: Ribombee\n|-enditem|p1a: Ribombee|Focus Sash\n|-damage|p1a: Ribombee|1\/100\n|\n|upkeep\n|turn|17\n|\n|t:|1698723627\n|move|p1a: Ribombee|Moonblast|p2a: Zacian\n|-resisted|p2a: Zacian\n|-damage|p2a: Zacian|45\/100 par\n|move|p2a: Zacian|Play Rough|p1a: Ribombee\n|-damage|p1a: Ribombee|0 fnt\n|faint|p1a: Ribombee\n|\n|upkeep\n|\n|t:|1698723633\n|switch|p1a: Giratina|Giratina|100\/100\n|-damage|p1a: Giratina|88\/100|[from] Stealth Rock\n|-ability|p1a: Giratina|Pressure\n|turn|18\n|\n|t:|1698723638\n|move|p1a: Giratina|Hex|p2a: Zacian\n|-damage|p2a: Zacian|2\/100 par\n|move|p2a: Zacian|Play Rough|p1a: Giratina\n|-supereffective|p1a: Giratina\n|-damage|p1a: Giratina|39\/100\n|\n|-heal|p1a: Giratina|45\/100|[from] item: Leftovers\n|upkeep\n|turn|19\n|\n|t:|1698723644\n|move|p1a: Giratina|Hex|p2a: Zacian\n|-damage|p2a: Zacian|0 fnt\n|faint|p2a: Zacian\n|\n|-heal|p1a: Giratina|52\/100|[from] item: Leftovers\n|upkeep\n|\n|t:|1698723648\n|switch|p2a: Arceus|Arceus-Fairy|89\/100 par\n|-activate|p2a: Arceus|move: Sticky Web\n|-unboost|p2a: Arceus|spe|1\n|turn|20\n|\n|t:|1698723659\n|move|p1a: Giratina|Calm Mind|p1a: Giratina\n|-boost|p1a: Giratina|spa|1\n|-boost|p1a: Giratina|spd|1\n|cant|p2a: Arceus|par\n|\n|-heal|p1a: Giratina|58\/100|[from] item: Leftovers\n|upkeep\n|turn|21\n|\n|t:|1698723666\n|move|p1a: Giratina|Hex|p2a: Arceus\n|-damage|p2a: Arceus|40\/100 par\n|move|p2a: Arceus|Judgment|p1a: Giratina\n|-supereffective|p1a: Giratina\n|-damage|p1a: Giratina|22\/100\n|\n|-heal|p1a: Giratina|28\/100|[from] item: Leftovers\n|upkeep\n|turn|22\n|\n|t:|1698723674\n|switch|p2a: Kyogre|Kyogre|100\/100\n|-weather|RainDance|[from] ability: Drizzle|[of] p2a: Kyogre\n|move|p1a: Giratina|Hex|p2a: Kyogre\n|-crit|p2a: Kyogre\n|-damage|p2a: Kyogre|63\/100\n|\n|-weather|RainDance|[upkeep]\n|-heal|p1a: Giratina|34\/100|[from] item: Leftovers\n|upkeep\n|turn|23\n|\n|t:|1698723682\n|move|p2a: Kyogre|Ice Beam|p1a: Giratina\n|-supereffective|p1a: Giratina\n|-damage|p1a: Giratina|12\/100\n|move|p1a: Giratina|Thunder Wave|p2a: Kyogre\n|-status|p2a: Kyogre|par\n|\n|-weather|RainDance|[upkeep]\n|-heal|p1a: Giratina|18\/100|[from] item: Leftovers\n|upkeep\n|turn|24\n|\n|t:|1698723689\n|move|p1a: Giratina|Rest|p1a: Giratina\n|-status|p1a: Giratina|slp|[from] move: Rest\n|-heal|p1a: Giratina|100\/100 slp|[silent]\n|move|p2a: Kyogre|Ice Beam|p1a: Giratina\n|-supereffective|p1a: Giratina\n|-damage|p1a: Giratina|78\/100 slp\n|\n|-weather|RainDance|[upkeep]\n|-heal|p1a: Giratina|84\/100 slp|[from] item: Leftovers\n|upkeep\n|turn|25\n|\n|t:|1698723699\n|switch|p2a: Arceus|Arceus-Fairy|40\/100 par\n|-activate|p2a: Arceus|move: Sticky Web\n|-unboost|p2a: Arceus|spe|1\n|cant|p1a: Giratina|slp\n|\n|-weather|RainDance|[upkeep]\n|-heal|p1a: Giratina|91\/100 slp|[from] item: Leftovers\n|upkeep\n|turn|26\n|\n|t:|1698723705\n|cant|p1a: Giratina|slp\n|move|p2a: Arceus|Recover|p2a: Arceus\n|-heal|p2a: Arceus|90\/100 par\n|\n|-weather|none\n|-heal|p1a: Giratina|97\/100 slp|[from] item: Leftovers\n|upkeep\n|turn|27\n|\n|t:|1698723712\n|-curestatus|p1a: Giratina|slp|[msg]\n|move|p1a: Giratina|Calm Mind|p1a: Giratina\n|-boost|p1a: Giratina|spa|1\n|-boost|p1a: Giratina|spd|1\n|move|p2a: Arceus|Taunt|p1a: Giratina\n|-start|p1a: Giratina|move: Taunt\n|\n|-heal|p1a: Giratina|100\/100|[from] item: Leftovers\n|upkeep\n|turn|28\n|\n|t:|1698723719\n|move|p1a: Giratina|Hex|p2a: Arceus\n|-damage|p2a: Arceus|21\/100 par\n|move|p2a: Arceus|Judgment|p1a: Giratina\n|-supereffective|p1a: Giratina\n|-crit|p1a: Giratina\n|-damage|p1a: Giratina|21\/100\n|\n|-heal|p1a: Giratina|28\/100|[from] item: Leftovers\n|upkeep\n|turn|29\n|\n|t:|1698723725\n|move|p1a: Giratina|Hex|p2a: Arceus\n|-crit|p2a: Arceus\n|-damage|p2a: Arceus|0 fnt\n|faint|p2a: Arceus\n|\n|-heal|p1a: Giratina|34\/100|[from] item: Leftovers\n|upkeep\n|\n|t:|1698723731\n|switch|p2a: Kyogre|Kyogre|63\/100 par\n|-weather|RainDance|[from] ability: Drizzle|[of] p2a: Kyogre\n|turn|30\n|\n|t:|1698723734\n|move|p1a: Giratina|Hex|p2a: Kyogre\n|-damage|p2a: Kyogre|1\/100 par\n|move|p2a: Kyogre|Ice Beam|p1a: Giratina\n|-supereffective|p1a: Giratina\n|-damage|p1a: Giratina|15\/100\n|\n|-weather|RainDance|[upkeep]\n|-heal|p1a: Giratina|22\/100|[from] item: Leftovers\n|-end|p1a: Giratina|move: Taunt\n|upkeep\n|turn|31\n|\n|t:|1698723741\n|switch|p2a: Alomomola|Alomomola, F|100\/100\n|-activate|p2a: Alomomola|move: Sticky Web\n|-unboost|p2a: Alomomola|spe|1\n|move|p1a: Giratina|Hex|p2a: Alomomola\n|-damage|p2a: Alomomola|42\/100\n|\n|-weather|RainDance|[upkeep]\n|-heal|p1a: Giratina|28\/100|[from] item: Leftovers\n|upkeep\n|turn|32\n|\n|t:|1698723752\n|move|p1a: Giratina|Hex|p2a: Alomomola\n|-crit|p2a: Alomomola\n|-damage|p2a: Alomomola|0 fnt\n|faint|p2a: Alomomola\n|\n|-weather|RainDance|[upkeep]\n|-heal|p1a: Giratina|34\/100|[from] item: Leftovers\n|upkeep\n|-message|ananymous123213 forfeited.\n|\n|win|Deriverse\n|raw|Deriverse's rating: 1254 &rarr; <strong>1291<\/strong><br \/>(+37 for winning)\n|raw|ananymous123213's rating: 1434 &rarr; <strong>1404<\/strong><br \/>(-30 for losing)\n|l|\u2606ananymous123213\n","uploadtime":1698723784,"views":11,"p1id":"deriverse","p2id":"ananymous123213","formatid":"gen9ubers","rating":1291,"private":0,"password":""}