{"id":"gen9ubers-1985806056","p1":"Jrdyop","p2":"NewHoovybeast05","format":"[Gen 9] Ubers","log":"|j|\u2606Jrdyop\n|j|\u2606NewHoovybeast05\n|t:|1699408120\n|gametype|singles\n|player|p1|Jrdyop|blackbelt-gen4dp|\n|player|p2|NewHoovybeast05|palmer|\n|teamsize|p1|6\n|teamsize|p2|6\n|gen|9\n|tier|[Gen 9] Ubers\n|rule|Sleep Clause Mod: Limit one foe put to sleep\n|rule|Species Clause: Limit one of each Pok\u00e9mon\n|rule|OHKO Clause: OHKO moves are banned\n|rule|Evasion Items Clause: Evasion items are banned\n|rule|Evasion Moves Clause: Evasion moves are banned\n|rule|Endless Battle Clause: Forcing endless battles is banned\n|rule|HP Percentage Mod: HP is shown in percentages\n|clearpoke\n|poke|p1|Ninetales-Alola, M|\n|poke|p1|Chi-Yu|\n|poke|p1|Palafin, F|\n|poke|p1|Spectrier|\n|poke|p1|Samurott-Hisui, F|\n|poke|p1|Zacian-*|\n|poke|p2|Palkia-Origin|\n|poke|p2|Shaymin-Sky|\n|poke|p2|Arceus-Poison|\n|poke|p2|Magearna|\n|poke|p2|Chi-Yu|\n|poke|p2|Donphan, F|\n|teampreview\n|\n|t:|1699408165\n|start\n|switch|p1a: Zacian|Zacian|100\/100\n|switch|p2a: Chi-You|Chi-Yu|100\/100\n|-ability|p2a: Chi-You|Beads of Ruin\n|-ability|p1a: Zacian|Intrepid Sword|boost\n|-boost|p1a: Zacian|atk|1\n|turn|1\n|l|\u2606Jrdyop\n|player|p1|\n|j|\u2606Jrdyop\n|player|p1|Jrdyop|blackbelt-gen4dp\n|n|\u2606Jrdyop|jrdyop\n|\n|t:|1699408184\n|switch|p1a: Chi-Yu|Chi-Yu|100\/100\n|-ability|p1a: Chi-Yu|Beads of Ruin\n|-terastallize|p2a: Chi-You|Fire\n|move|p2a: Chi-You|Overheat|p1a: Chi-Yu\n|-resisted|p1a: Chi-Yu\n|-damage|p1a: Chi-Yu|50\/100\n|-unboost|p2a: Chi-You|spa|2\n|\n|upkeep\n|turn|2\n|\n|t:|1699408198\n|switch|p2a: Palkia-0rigin|Palkia-Origin|100\/100\n|-ability|p2a: Palkia-0rigin|Pressure\n|move|p1a: Chi-Yu|Fire Blast|p2a: Palkia-0rigin\n|-resisted|p2a: Palkia-0rigin\n|-damage|p2a: Palkia-0rigin|72\/100\n|\n|upkeep\n|turn|3\n|\n|t:|1699408206\n|move|p2a: Palkia-0rigin|Surf|p1a: Chi-Yu\n|-supereffective|p1a: Chi-Yu\n|-damage|p1a: Chi-Yu|0 fnt\n|faint|p1a: Chi-Yu\n|\n|upkeep\n|\n|t:|1699408214\n|switch|p1a: Samurott|Samurott-Hisui, F|100\/100\n|turn|4\n|\n|t:|1699408217\n|move|p2a: Palkia-0rigin|Spacial Rend|p1a: Samurott\n|-enditem|p1a: Samurott|Focus Sash\n|-damage|p1a: Samurott|1\/100\n|move|p1a: Samurott|Ceaseless Edge|p2a: Palkia-0rigin\n|-damage|p2a: Palkia-0rigin|23\/100\n|-sidestart|p2: NewHoovybeast05|Spikes\n|\n|upkeep\n|turn|5\n|\n|t:|1699408223\n|move|p2a: Palkia-0rigin|Thunderbolt|p1a: Samurott\n|-supereffective|p1a: Samurott\n|-damage|p1a: Samurott|0 fnt\n|faint|p1a: Samurott\n|\n|upkeep\n|\n|t:|1699408226\n|switch|p1a: Zacian|Zacian|100\/100\n|turn|6\n|\n|t:|1699408234\n|switch|p2a: Ar\u0441eus-Ghost|Arceus-Poison|100\/100\n|-damage|p2a: Ar\u0441eus-Ghost|88\/100|[from] Spikes\n|move|p1a: Zacian|Play Rough|p2a: Ar\u0441eus-Ghost\n|-resisted|p2a: Ar\u0441eus-Ghost\n|-damage|p2a: Ar\u0441eus-Ghost|74\/100\n|-damage|p1a: Zacian|91\/100|[from] item: Life Orb\n|\n|upkeep\n|turn|7\n|\n|t:|1699408240\n|switch|p1a: Ninetales|Ninetales-Alola, M|100\/100\n|-weather|Snow|[from] ability: Snow Warning|[of] p1a: Ninetales\n|move|p2a: Ar\u0441eus-Ghost|Will-O-Wisp|p1a: Ninetales\n|-status|p1a: Ninetales|brn\n|\n|-weather|Snow|[upkeep]\n|-damage|p1a: Ninetales|94\/100 brn|[from] brn\n|upkeep\n|turn|8\n|\n|t:|1699408244\n|move|p1a: Ninetales|Aurora Veil|p1a: Ninetales\n|-sidestart|p1: Jrdyop|move: Aurora Veil\n|move|p2a: Ar\u0441eus-Ghost|Judgment|p1a: Ninetales\n|-supereffective|p1a: Ninetales\n|-damage|p1a: Ninetales|45\/100 brn\n|\n|-weather|Snow|[upkeep]\n|-damage|p1a: Ninetales|39\/100 brn|[from] brn\n|upkeep\n|turn|9\n|\n|t:|1699408249\n|move|p1a: Ninetales|Encore|p2a: Ar\u0441eus-Ghost\n|-start|p2a: Ar\u0441eus-Ghost|Encore\n|move|p2a: Ar\u0441eus-Ghost|Judgment|p1a: Ninetales\n|-supereffective|p1a: Ninetales\n|-damage|p1a: Ninetales|0 fnt\n|faint|p1a: Ninetales\n|\n|-weather|Snow|[upkeep]\n|upkeep\n|\n|t:|1699408250\n|switch|p1a: Spectrier|Spectrier|100\/100\n|turn|10\n|\n|t:|1699408259\n|switch|p2a: Magerna|Magearna|100\/100\n|-damage|p2a: Magerna|88\/100|[from] Spikes\n|move|p1a: Spectrier|Nasty Plot|p1a: Spectrier\n|-boost|p1a: Spectrier|spa|2\n|\n|-weather|Snow|[upkeep]\n|-heal|p2a: Magerna|94\/100|[from] item: Leftovers\n|upkeep\n|turn|11\n|\n|t:|1699408263\n|move|p1a: Spectrier|Shadow Ball|p2a: Magerna\n|-damage|p2a: Magerna|41\/100\n|move|p2a: Magerna|Thunder Wave|p1a: Spectrier\n|-status|p1a: Spectrier|par\n|\n|-weather|none\n|-heal|p2a: Magerna|47\/100|[from] item: Leftovers\n|upkeep\n|turn|12\n|\n|t:|1699408268\n|cant|p1a: Spectrier|par\n|move|p2a: Magerna|Fleur Cannon|p1a: Spectrier\n|-damage|p1a: Spectrier|67\/100 par\n|-unboost|p2a: Magerna|spa|2\n|\n|-heal|p1a: Spectrier|74\/100 par|[from] item: Leftovers\n|-heal|p2a: Magerna|54\/100|[from] item: Leftovers\n|upkeep\n|turn|13\n|\n|t:|1699408276\n|cant|p1a: Spectrier|par\n|move|p2a: Magerna|Spikes|p1a: Spectrier\n|-sidestart|p1: Jrdyop|Spikes\n|\n|-heal|p1a: Spectrier|80\/100 par|[from] item: Leftovers\n|-heal|p2a: Magerna|60\/100|[from] item: Leftovers\n|upkeep\n|turn|14\n|\n|t:|1699408283\n|cant|p1a: Spectrier|par\n|move|p2a: Magerna|Spikes|p1a: Spectrier\n|-sidestart|p1: Jrdyop|Spikes\n|\n|-heal|p1a: Spectrier|86\/100 par|[from] item: Leftovers\n|-heal|p2a: Magerna|66\/100|[from] item: Leftovers\n|upkeep\n|turn|15\n|\n|t:|1699408291\n|cant|p1a: Spectrier|par\n|move|p2a: Magerna|Fleur Cannon|p1a: Spectrier\n|-damage|p1a: Spectrier|67\/100 par\n|-unboost|p2a: Magerna|spa|2\n|\n|-heal|p1a: Spectrier|74\/100 par|[from] item: Leftovers\n|-heal|p2a: Magerna|72\/100|[from] item: Leftovers\n|-sideend|p1: Jrdyop|move: Aurora Veil\n|upkeep\n|turn|16\n|\n|t:|1699408297\n|switch|p2a: Chi-You|Chi-Yu, tera:Fire|100\/100\n|-damage|p2a: Chi-You|88\/100|[from] Spikes\n|-ability|p2a: Chi-You|Beads of Ruin\n|cant|p1a: Spectrier|par\n|\n|-heal|p1a: Spectrier|80\/100 par|[from] item: Leftovers\n|upkeep\n|turn|17\n|\n|t:|1699408302\n|-terastallize|p1a: Spectrier|Fairy\n|move|p2a: Chi-You|Flamethrower|p1a: Spectrier\n|-damage|p1a: Spectrier|0 fnt\n|faint|p1a: Spectrier\n|\n|upkeep\n|\n|t:|1699408307\n|switch|p1a: Palafin|Palafin, F|100\/100\n|-damage|p1a: Palafin|84\/100|[from] Spikes\n|turn|18\n|\n|t:|1699408314\n|switch|p2a: Ar\u0441eus-Ghost|Arceus-Poison|74\/100\n|-damage|p2a: Ar\u0441eus-Ghost|61\/100|[from] Spikes\n|move|p1a: Palafin|Jet Punch|p2a: Ar\u0441eus-Ghost\n|-crit|p2a: Ar\u0441eus-Ghost\n|-damage|p2a: Ar\u0441eus-Ghost|36\/100\n|\n|upkeep\n|turn|19\n|\n|t:|1699408322\n|detailschange|p1a: Palafin|Palafin-Hero, F\n|switch|p1a: Zacian|Zacian|91\/100\n|-damage|p1a: Zacian|74\/100|[from] Spikes\n|move|p2a: Ar\u0441eus-Ghost|Recover|p2a: Ar\u0441eus-Ghost\n|-heal|p2a: Ar\u0441eus-Ghost|86\/100\n|\n|upkeep\n|turn|20\n|\n|t:|1699408332\n|move|p1a: Zacian|Psychic Fangs|p2a: Ar\u0441eus-Ghost\n|-supereffective|p2a: Ar\u0441eus-Ghost\n|-damage|p2a: Ar\u0441eus-Ghost|52\/100\n|-damage|p1a: Zacian|64\/100|[from] item: Life Orb\n|move|p2a: Ar\u0441eus-Ghost|Will-O-Wisp|p1a: Zacian\n|-status|p1a: Zacian|brn\n|\n|-damage|p1a: Zacian|58\/100 brn|[from] brn\n|upkeep\n|turn|21\n|\n|t:|1699408335\n|move|p1a: Zacian|Swords Dance|p1a: Zacian\n|-boost|p1a: Zacian|atk|2\n|move|p2a: Ar\u0441eus-Ghost|Recover|p2a: Ar\u0441eus-Ghost\n|-heal|p2a: Ar\u0441eus-Ghost|100\/100\n|\n|-damage|p1a: Zacian|52\/100 brn|[from] brn\n|upkeep\n|turn|22\n|\n|t:|1699408338\n|move|p1a: Zacian|Swords Dance|p1a: Zacian\n|-boost|p1a: Zacian|atk|2\n|move|p2a: Ar\u0441eus-Ghost|Judgment|p1a: Zacian\n|-supereffective|p1a: Zacian\n|-damage|p1a: Zacian|0 fnt\n|faint|p1a: Zacian\n|\n|upkeep\n|\n|t:|1699408340\n|switch|p1a: Palafin|Palafin-Hero, F|84\/100\n|-damage|p1a: Palafin|67\/100|[from] Spikes\n|-activate|p1a: Palafin|ability: Zero to Hero\n|turn|23\n|\n|t:|1699408342\n|move|p1a: Palafin|Jet Punch|p2a: Ar\u0441eus-Ghost\n|-damage|p2a: Ar\u0441eus-Ghost|73\/100\n|move|p2a: Ar\u0441eus-Ghost|Will-O-Wisp|p1a: Palafin\n|-status|p1a: Palafin|brn\n|\n|-damage|p1a: Palafin|61\/100 brn|[from] brn\n|upkeep\n|turn|24\n|\n|t:|1699408344\n|move|p1a: Palafin|Jet Punch|p2a: Ar\u0441eus-Ghost\n|-damage|p2a: Ar\u0441eus-Ghost|59\/100\n|move|p2a: Ar\u0441eus-Ghost|Judgment|p1a: Palafin\n|-damage|p1a: Palafin|19\/100 brn\n|\n|-damage|p1a: Palafin|12\/100 brn|[from] brn\n|upkeep\n|turn|25\n|\n|t:|1699408346\n|move|p1a: Palafin|Jet Punch|p2a: Ar\u0441eus-Ghost\n|-damage|p2a: Ar\u0441eus-Ghost|43\/100\n|move|p2a: Ar\u0441eus-Ghost|Recover|p2a: Ar\u0441eus-Ghost\n|-heal|p2a: Ar\u0441eus-Ghost|93\/100\n|\n|-damage|p1a: Palafin|6\/100 brn|[from] brn\n|upkeep\n|turn|26\n|\n|t:|1699408347\n|move|p1a: Palafin|Jet Punch|p2a: Ar\u0441eus-Ghost\n|-damage|p2a: Ar\u0441eus-Ghost|78\/100\n|move|p2a: Ar\u0441eus-Ghost|Judgment|p1a: Palafin\n|-damage|p1a: Palafin|0 fnt\n|faint|p1a: Palafin\n|\n|win|NewHoovybeast05\n|l|\u2606Jrdyop\n|c|\u2606NewHoovybeast05|g\n|c|\u2606NewHoovybeast05|gg\n","uploadtime":1699408593,"views":24,"p1id":"jrdyop","p2id":"newhoovybeast05","formatid":"gen9ubers","rating":0,"private":0,"password":""}