{"id":"gen9ubers-1994903440","p1":"Cookies777","p2":"jskarceus","format":"[Gen 9] Ubers","log":"|j|\u2606Cookies777\n|j|\u2606jskarceus\n|t:|1700503260\n|gametype|singles\n|player|p1|Cookies777|juggler|1381\n|player|p2|jskarceus|hilbert-wonderlauncher|1570\n|teamsize|p1|6\n|teamsize|p2|6\n|gen|9\n|tier|[Gen 9] Ubers\n|rated|\n|rule|Sleep Clause Mod: Limit one foe put to sleep\n|rule|Species Clause: Limit one of each Pok\u00e9mon\n|rule|OHKO Clause: OHKO moves are banned\n|rule|Evasion Items Clause: Evasion items are banned\n|rule|Evasion Moves Clause: Evasion moves are banned\n|rule|Endless Battle Clause: Forcing endless battles is banned\n|rule|HP Percentage Mod: HP is shown in percentages\n|clearpoke\n|poke|p1|Espeon, F|\n|poke|p1|Skeledirge, M|\n|poke|p1|Ditto|\n|poke|p1|Garganacl, M|\n|poke|p1|Iron Bundle|\n|poke|p1|Clodsire, M|\n|poke|p2|Koraidon|\n|poke|p2|Arceus-Fairy|\n|poke|p2|Zacian-*|\n|poke|p2|Corviknight, F|\n|poke|p2|Ting-Lu|\n|poke|p2|Toxapex, M|\n|teampreview\n|inactive|Battle timer is ON: inactive players will automatically lose when time's up. (requested by jskarceus)\n|\n|t:|1700503281\n|start\n|switch|p1a: Jangle|Iron Bundle|100\/100\n|switch|p2a: Koraidon|Koraidon|100\/100\n|-weather|SunnyDay|[from] ability: Orichalcum Pulse|[of] p2a: Koraidon\n|-activate|p2a: Koraidon|Orichalcum Pulse|[source]\n|turn|1\n|\n|t:|1700503295\n|move|p1a: Jangle|Flip Turn|p2a: Koraidon\n|-resisted|p2a: Koraidon\n|-damage|p2a: Koraidon|97\/100\n|\n|t:|1700503298\n|-end|p1a: Jangle|Quark Drive|[silent]\n|switch|p1a: Echo|Skeledirge, M, shiny|100\/100|[from] Flip Turn\n|move|p2a: Koraidon|U-turn|p1a: Echo\n|-resisted|p1a: Echo\n|-damage|p1a: Echo|91\/100\n|\n|t:|1700503305\n|switch|p2a: Ting-Lu|Ting-Lu|100\/100|[from] U-turn\n|-ability|p2a: Ting-Lu|Vessel of Ruin\n|\n|-weather|SunnyDay|[upkeep]\n|-heal|p1a: Echo|97\/100|[from] item: Leftovers\n|upkeep\n|turn|2\n|\n|t:|1700503313\n|move|p1a: Echo|Will-O-Wisp|p2a: Ting-Lu\n|-status|p2a: Ting-Lu|brn\n|move|p2a: Ting-Lu|Spikes|p1a: Echo\n|-sidestart|p1: Cookies777|Spikes\n|\n|-weather|SunnyDay|[upkeep]\n|-heal|p1a: Echo|100\/100|[from] item: Leftovers\n|-damage|p2a: Ting-Lu|94\/100 brn|[from] brn\n|upkeep\n|turn|3\n|\n|t:|1700503323\n|switch|p1a: Viv|Espeon, F|100\/100\n|-damage|p1a: Viv|88\/100|[from] Spikes\n|move|p2a: Ting-Lu|Spikes|p1a: Viv\n|move|p1a: Viv|Spikes|p2a: Ting-Lu|[from]ability: Magic Bounce\n|-sidestart|p2: jskarceus|Spikes\n|\n|-weather|SunnyDay|[upkeep]\n|-heal|p2a: Ting-Lu|100\/100 brn|[from] item: Leftovers\n|-damage|p2a: Ting-Lu|94\/100 brn|[from] brn\n|upkeep\n|turn|4\n|\n|t:|1700503334\n|move|p1a: Viv|Trick|p2a: Ting-Lu\n|-activate|p1a: Viv|move: Trick|[of] p2a: Ting-Lu\n|-item|p2a: Ting-Lu|Choice Scarf|[from] move: Trick\n|-item|p1a: Viv|Leftovers|[from] move: Trick\n|move|p2a: Ting-Lu|Ruination|p1a: Viv\n|-damage|p1a: Viv|44\/100\n|\n|-weather|SunnyDay|[upkeep]\n|-heal|p1a: Viv|50\/100|[from] item: Leftovers\n|-damage|p2a: Ting-Lu|88\/100 brn|[from] brn\n|upkeep\n|turn|5\n|\n|t:|1700503344\n|switch|p2a: Corviknight|Corviknight, F|100\/100\n|-ability|p2a: Corviknight|Pressure\n|move|p1a: Viv|Dazzling Gleam|p2a: Corviknight\n|-resisted|p2a: Corviknight\n|-damage|p2a: Corviknight|84\/100\n|\n|-weather|none\n|-heal|p1a: Viv|56\/100|[from] item: Leftovers\n|upkeep\n|turn|6\n|\n|t:|1700503354\n|switch|p1a: Morton|Garganacl, M|100\/100\n|-damage|p1a: Morton|88\/100|[from] Spikes\n|move|p2a: Corviknight|U-turn|p1a: Morton\n|-damage|p1a: Morton|79\/100\n|\n|t:|1700503357\n|switch|p2a: Koraidon|Koraidon|97\/100|[from] U-turn\n|-damage|p2a: Koraidon|85\/100|[from] Spikes\n|-weather|SunnyDay|[from] ability: Orichalcum Pulse|[of] p2a: Koraidon\n|-activate|p2a: Koraidon|Orichalcum Pulse|[source]\n|\n|-weather|SunnyDay|[upkeep]\n|-heal|p1a: Morton|86\/100|[from] item: Leftovers\n|upkeep\n|turn|7\n|\n|t:|1700503369\n|-terastallize|p1a: Morton|Ghost\n|move|p2a: Koraidon|Dragon Claw|p1a: Morton\n|-damage|p1a: Morton|36\/100\n|move|p1a: Morton|Stealth Rock|p2a: Koraidon\n|-sidestart|p2: jskarceus|move: Stealth Rock\n|\n|-weather|SunnyDay|[upkeep]\n|-heal|p1a: Morton|43\/100|[from] item: Leftovers\n|upkeep\n|turn|8\n|\n|t:|1700503381\n|switch|p1a: Echo|Skeledirge, M, shiny|100\/100\n|-damage|p1a: Echo|88\/100|[from] Spikes\n|move|p2a: Koraidon|Dragon Claw|p1a: Echo\n|-damage|p1a: Echo|19\/100\n|\n|-weather|SunnyDay|[upkeep]\n|-heal|p1a: Echo|26\/100|[from] item: Leftovers\n|upkeep\n|turn|9\n|\n|t:|1700503391\n|move|p2a: Koraidon|Dragon Claw|p1a: Echo\n|-damage|p1a: Echo|0 fnt\n|faint|p1a: Echo\n|\n|-weather|SunnyDay|[upkeep]\n|upkeep\n|\n|t:|1700503399\n|switch|p1a: Jangle|Iron Bundle|100\/100\n|-damage|p1a: Jangle|88\/100|[from] Spikes\n|turn|10\n|\n|t:|1700503404\n|switch|p2a: Toxapex|Toxapex, M|100\/100\n|-damage|p2a: Toxapex|88\/100|[from] Spikes\n|-damage|p2a: Toxapex|75\/100|[from] Stealth Rock\n|move|p1a: Jangle|Ice Beam|p2a: Toxapex\n|-resisted|p2a: Toxapex\n|-damage|p2a: Toxapex|58\/100\n|\n|-weather|none\n|upkeep\n|turn|11\n|\n|t:|1700503414\n|move|p1a: Jangle|Freeze-Dry|p2a: Toxapex\n|-supereffective|p2a: Toxapex\n|-damage|p2a: Toxapex|0 fnt\n|faint|p2a: Toxapex\n|\n|upkeep\n|\n|t:|1700503426\n|switch|p2a: Arceus|Arceus-Fairy|100\/100\n|-damage|p2a: Arceus|88\/100|[from] Spikes\n|-damage|p2a: Arceus|76\/100|[from] Stealth Rock\n|turn|12\n|\n|t:|1700503431\n|move|p1a: Jangle|Flip Turn|p2a: Arceus\n|-damage|p2a: Arceus|67\/100\n|\n|t:|1700503434\n|-end|p1a: Jangle|Quark Drive|[silent]\n|switch|p1a: Skipper|Clodsire, M|100\/100|[from] Flip Turn\n|-damage|p1a: Skipper|88\/100|[from] Spikes\n|move|p2a: Arceus|Calm Mind|p2a: Arceus\n|-boost|p2a: Arceus|spa|1\n|-boost|p2a: Arceus|spd|1\n|\n|-heal|p1a: Skipper|94\/100|[from] item: Leftovers\n|upkeep\n|turn|13\n|\n|t:|1700503459\n|switch|p2a: Corviknight|Corviknight, F|84\/100\n|-damage|p2a: Corviknight|72\/100|[from] Stealth Rock\n|-ability|p2a: Corviknight|Pressure\n|move|p1a: Skipper|Toxic|p2a: Corviknight\n|-immune|p2a: Corviknight\n|\n|-heal|p1a: Skipper|100\/100|[from] item: Leftovers\n|upkeep\n|turn|14\n|\n|t:|1700503469\n|switch|p1a: Morton|Garganacl, M, tera:Ghost|43\/100\n|-damage|p1a: Morton|30\/100|[from] Spikes\n|move|p2a: Corviknight|Defog|p1a: Morton\n|-unboost|p1a: Morton|evasion|1\n|-sideend|p1: Cookies777|Spikes|[from] move: Defog|[of] p2a: Corviknight\n|-sideend|p2: jskarceus|Spikes|[from] move: Defog|[of] p2a: Corviknight\n|-sideend|p2: jskarceus|Stealth Rock|[from] move: Defog|[of] p2a: Corviknight\n|\n|-heal|p1a: Morton|36\/100|[from] item: Leftovers\n|upkeep\n|turn|15\n|\n|t:|1700503481\n|move|p2a: Corviknight|Roost|p2a: Corviknight\n|-heal|p2a: Corviknight|100\/100\n|-singleturn|p2a: Corviknight|move: Roost\n|move|p1a: Morton|Recover|p1a: Morton\n|-heal|p1a: Morton|86\/100\n|\n|-heal|p1a: Morton|93\/100|[from] item: Leftovers\n|upkeep\n|turn|16\n|\n|t:|1700503498\n|move|p2a: Corviknight|U-turn|p1a: Morton\n|-resisted|p1a: Morton\n|-damage|p1a: Morton|89\/100\n|\n|t:|1700503504\n|switch|p2a: Ting-Lu|Ting-Lu|88\/100 brn|[from] U-turn\n|-ability|p2a: Ting-Lu|Vessel of Ruin\n|move|p1a: Morton|Stealth Rock|p2a: Ting-Lu\n|-sidestart|p2: jskarceus|move: Stealth Rock\n|\n|-heal|p1a: Morton|95\/100|[from] item: Leftovers\n|-damage|p2a: Ting-Lu|82\/100 brn|[from] brn\n|upkeep\n|turn|17\n|\n|t:|1700503515\n|move|p2a: Ting-Lu|Ruination|p1a: Morton\n|-damage|p1a: Morton|48\/100\n|move|p1a: Morton|Salt Cure|p2a: Ting-Lu\n|-resisted|p2a: Ting-Lu\n|-damage|p2a: Ting-Lu|78\/100 brn\n|-start|p2a: Ting-Lu|Salt Cure\n|\n|-heal|p1a: Morton|54\/100|[from] item: Leftovers\n|-damage|p2a: Ting-Lu|72\/100 brn|[from] brn\n|-damage|p2a: Ting-Lu|59\/100 brn|[from] Salt Cure\n|upkeep\n|turn|18\n|\n|t:|1700503532\n|switch|p2a: Corviknight|Corviknight, F|100\/100\n|-damage|p2a: Corviknight|88\/100|[from] Stealth Rock\n|-ability|p2a: Corviknight|Pressure\n|move|p1a: Morton|Recover|p1a: Morton\n|-heal|p1a: Morton|100\/100\n|\n|upkeep\n|turn|19\n|\n|t:|1700503541\n|move|p2a: Corviknight|Defog|p1a: Morton\n|-unboost|p1a: Morton|evasion|1\n|-sideend|p2: jskarceus|Stealth Rock|[from] move: Defog|[of] p2a: Corviknight\n|move|p1a: Morton|Salt Cure|p2a: Corviknight\n|-damage|p2a: Corviknight|79\/100\n|-start|p2a: Corviknight|Salt Cure\n|\n|-damage|p2a: Corviknight|54\/100|[from] Salt Cure\n|upkeep\n|turn|20\n|\n|t:|1700503550\n|move|p2a: Corviknight|U-turn|p1a: Morton\n|-resisted|p1a: Morton\n|-damage|p1a: Morton|97\/100\n|\n|t:|1700503564\n|switch|p2a: Koraidon|Koraidon|85\/100|[from] U-turn\n|-weather|SunnyDay|[from] ability: Orichalcum Pulse|[of] p2a: Koraidon\n|-activate|p2a: Koraidon|Orichalcum Pulse|[source]\n|move|p1a: Morton|Stealth Rock|p2a: Koraidon\n|-sidestart|p2: jskarceus|move: Stealth Rock\n|\n|-weather|SunnyDay|[upkeep]\n|-heal|p1a: Morton|100\/100|[from] item: Leftovers\n|upkeep\n|turn|21\n|\n|t:|1700503574\n|move|p2a: Koraidon|Dragon Claw|p1a: Morton\n|-damage|p1a: Morton|52\/100\n|move|p1a: Morton|Salt Cure|p2a: Koraidon\n|-resisted|p2a: Koraidon\n|-damage|p2a: Koraidon|79\/100\n|-start|p2a: Koraidon|Salt Cure\n|\n|-weather|SunnyDay|[upkeep]\n|-heal|p1a: Morton|58\/100|[from] item: Leftovers\n|-damage|p2a: Koraidon|66\/100|[from] Salt Cure\n|upkeep\n|turn|22\n|\n|t:|1700503595\n|switch|p2a: Corviknight|Corviknight, F|54\/100\n|-damage|p2a: Corviknight|42\/100|[from] Stealth Rock\n|-ability|p2a: Corviknight|Pressure\n|move|p1a: Morton|Recover|p1a: Morton\n|-heal|p1a: Morton|100\/100\n|\n|-weather|SunnyDay|[upkeep]\n|upkeep\n|turn|23\n|\n|t:|1700503605\n|move|p2a: Corviknight|Roost|p2a: Corviknight\n|-heal|p2a: Corviknight|92\/100\n|-singleturn|p2a: Corviknight|move: Roost\n|move|p1a: Morton|Salt Cure|p2a: Corviknight\n|-resisted|p2a: Corviknight\n|-damage|p2a: Corviknight|88\/100\n|-start|p2a: Corviknight|Salt Cure\n|\n|-weather|SunnyDay|[upkeep]\n|-damage|p2a: Corviknight|63\/100|[from] Salt Cure\n|upkeep\n|turn|24\n|\n|t:|1700503618\n|move|p2a: Corviknight|Roost|p2a: Corviknight\n|-heal|p2a: Corviknight|100\/100\n|-singleturn|p2a: Corviknight|move: Roost\n|move|p1a: Morton|Stealth Rock||[still]\n|-fail|p1a: Morton\n|\n|-weather|none\n|-damage|p2a: Corviknight|75\/100|[from] Salt Cure\n|upkeep\n|turn|25\n|\n|t:|1700503628\n|move|p2a: Corviknight|U-turn|p1a: Morton\n|-resisted|p1a: Morton\n|-damage|p1a: Morton|97\/100\n|\n|t:|1700503642\n|switch|p2a: Arceus|Arceus-Fairy|67\/100|[from] U-turn\n|-damage|p2a: Arceus|54\/100|[from] Stealth Rock\n|move|p1a: Morton|Stealth Rock||[still]\n|-fail|p1a: Morton\n|\n|-heal|p1a: Morton|100\/100|[from] item: Leftovers\n|upkeep\n|turn|26\n|\n|t:|1700503652\n|move|p2a: Arceus|Calm Mind|p2a: Arceus\n|-boost|p2a: Arceus|spa|1\n|-boost|p2a: Arceus|spd|1\n|move|p1a: Morton|Salt Cure|p2a: Arceus\n|-damage|p2a: Arceus|46\/100\n|-start|p2a: Arceus|Salt Cure\n|\n|-damage|p2a: Arceus|34\/100|[from] Salt Cure\n|upkeep\n|turn|27\n|\n|t:|1700503663\n|switch|p1a: Skipper|Clodsire, M|100\/100\n|move|p2a: Arceus|Recover|p2a: Arceus\n|-heal|p2a: Arceus|84\/100\n|\n|-damage|p2a: Arceus|72\/100|[from] Salt Cure\n|upkeep\n|turn|28\n|\n|t:|1700503671\n|switch|p2a: Corviknight|Corviknight, F|75\/100\n|-damage|p2a: Corviknight|63\/100|[from] Stealth Rock\n|-ability|p2a: Corviknight|Pressure\n|switch|p1a: Morton|Garganacl, M, tera:Ghost|100\/100\n|\n|upkeep\n|turn|29\n|\n|t:|1700503684\n|move|p2a: Corviknight|U-turn|p1a: Morton\n|-resisted|p1a: Morton\n|-damage|p1a: Morton|97\/100\n|\n|t:|1700503687\n|switch|p2a: Arceus|Arceus-Fairy|72\/100|[from] U-turn\n|-damage|p2a: Arceus|59\/100|[from] Stealth Rock\n|move|p1a: Morton|Salt Cure|p2a: Arceus\n|-damage|p2a: Arceus|52\/100\n|-start|p2a: Arceus|Salt Cure\n|\n|-heal|p1a: Morton|100\/100|[from] item: Leftovers\n|-damage|p2a: Arceus|39\/100|[from] Salt Cure\n|upkeep\n|turn|30\n|\n|t:|1700503699\n|move|p2a: Arceus|Recover|p2a: Arceus\n|-heal|p2a: Arceus|89\/100\n|move|p1a: Morton|Curse|p2a: Arceus\n|-start|p2a: Arceus|Curse|[of] p1a: Morton\n|-damage|p1a: Morton|50\/100\n|\n|-heal|p1a: Morton|57\/100|[from] item: Leftovers\n|-damage|p2a: Arceus|64\/100|[from] Curse\n|-damage|p2a: Arceus|52\/100|[from] Salt Cure\n|upkeep\n|turn|31\n|inactive|jskarceus has 120 seconds left.\n|\n|t:|1700503730\n|switch|p2a: Zacian|Zacian-Crowned|100\/100\n|-damage|p2a: Zacian|94\/100|[from] Stealth Rock\n|-ability|p2a: Zacian|Intrepid Sword|boost\n|-boost|p2a: Zacian|atk|1\n|move|p1a: Morton|Salt Cure|p2a: Zacian\n|-resisted|p2a: Zacian\n|-crit|p2a: Zacian\n|-damage|p2a: Zacian|84\/100\n|-start|p2a: Zacian|Salt Cure\n|\n|-heal|p1a: Morton|63\/100|[from] item: Leftovers\n|-damage|p2a: Zacian|60\/100|[from] Salt Cure\n|upkeep\n|turn|32\n|inactive|jskarceus has 120 seconds left.\n|\n|t:|1700503746\n|move|p2a: Zacian|Behemoth Blade|p1a: Morton\n|-damage|p1a: Morton|13\/100\n|move|p1a: Morton|Recover|p1a: Morton\n|-heal|p1a: Morton|63\/100\n|\n|-heal|p1a: Morton|69\/100|[from] item: Leftovers\n|-damage|p2a: Zacian|35\/100|[from] Salt Cure\n|upkeep\n|turn|33\n|\n|t:|1700503758\n|move|p2a: Zacian|Swords Dance|p2a: Zacian\n|-boost|p2a: Zacian|atk|2\n|move|p1a: Morton|Salt Cure|p2a: Zacian\n|-resisted|p2a: Zacian\n|-damage|p2a: Zacian|28\/100\n|\n|-heal|p1a: Morton|75\/100|[from] item: Leftovers\n|-damage|p2a: Zacian|3\/100|[from] Salt Cure\n|upkeep\n|turn|34\n|inactive|Cookies777 has 120 seconds left.\n|\n|t:|1700503800\n|switch|p1a: Skipper|Clodsire, M|100\/100\n|move|p2a: Zacian|Behemoth Blade|p1a: Skipper\n|-damage|p1a: Skipper|0 fnt\n|faint|p1a: Skipper\n|\n|-damage|p2a: Zacian|0 fnt|[from] Salt Cure\n|faint|p2a: Zacian\n|upkeep\n|\n|t:|1700503823\n|switch|p2a: Koraidon|Koraidon|66\/100\n|switch|p1a: Morton|Garganacl, M, tera:Ghost|75\/100\n|-damage|p2a: Koraidon|60\/100|[from] Stealth Rock\n|-weather|SunnyDay|[from] ability: Orichalcum Pulse|[of] p2a: Koraidon\n|-activate|p2a: Koraidon|Orichalcum Pulse|[source]\n|turn|35\n|\n|t:|1700503836\n|-terastallize|p2a: Koraidon|Fire\n|move|p2a: Koraidon|Flare Blitz|p1a: Morton\n|-damage|p1a: Morton|0 fnt\n|faint|p1a: Morton\n|-damage|p2a: Koraidon|31\/100|[from] Recoil\n|\n|-weather|SunnyDay|[upkeep]\n|upkeep\n|\n|t:|1700503846\n|switch|p1a: Imago|Ditto|100\/100\n|-transform|p1a: Imago|p2a: Koraidon|[from] ability: Imposter\n|-activate|p1a: Imago|ability: Orichalcum Pulse\n|-start|p1a: Imago|typechange|Fighting\/Dragon|[silent]\n|turn|36\n|\n|t:|1700503856\n|switch|p2a: Ting-Lu|Ting-Lu|59\/100 brn\n|-damage|p2a: Ting-Lu|53\/100 brn|[from] Stealth Rock\n|-ability|p2a: Ting-Lu|Vessel of Ruin\n|move|p1a: Imago|Flare Blitz|p2a: Ting-Lu\n|-damage|p2a: Ting-Lu|2\/100 brn\n|-damage|p1a: Imago|72\/100|[from] Recoil\n|\n|-weather|SunnyDay|[upkeep]\n|-damage|p2a: Ting-Lu|0 fnt|[from] brn\n|faint|p2a: Ting-Lu\n|upkeep\n|\n|t:|1700503865\n|switch|p2a: Corviknight|Corviknight, F|63\/100\n|-damage|p2a: Corviknight|50\/100|[from] Stealth Rock\n|-ability|p2a: Corviknight|Pressure\n|turn|37\n|inactive|Cookies777 has 120 seconds left.\n|\n|t:|1700503873\n|move|p1a: Imago|Flare Blitz|p2a: Corviknight\n|-supereffective|p2a: Corviknight\n|-damage|p2a: Corviknight|0 fnt\n|-damage|p1a: Imago|55\/100|[from] item: Rocky Helmet|[of] p2a: Corviknight\n|faint|p2a: Corviknight\n|-damage|p1a: Imago|33\/100|[from] Recoil\n|\n|-weather|SunnyDay|[upkeep]\n|upkeep\n|\n|t:|1700503887\n|switch|p2a: Koraidon|Koraidon, tera:Fire|31\/100\n|-damage|p2a: Koraidon|6\/100|[from] Stealth Rock\n|-activate|p2a: Koraidon|ability: Orichalcum Pulse\n|turn|38\n|\n|t:|1700503895\n|move|p1a: Imago|Flare Blitz|p2a: Koraidon\n|-resisted|p2a: Koraidon\n|-damage|p2a: Koraidon|0 fnt\n|faint|p2a: Koraidon\n|-damage|p1a: Imago|31\/100|[from] Recoil\n|\n|-weather|SunnyDay|[upkeep]\n|upkeep\n|\n|t:|1700503896\n|switch|p2a: Arceus|Arceus-Fairy|52\/100\n|-damage|p2a: Arceus|40\/100|[from] Stealth Rock\n|turn|39\n|\n|t:|1700503905\n|move|p1a: Imago|Flare Blitz|p2a: Arceus\n|-damage|p2a: Arceus|0 fnt\n|faint|p2a: Arceus\n|-damage|p1a: Imago|12\/100|[from] Recoil\n|\n|win|Cookies777\n|raw|Cookies777's rating: 1381 &rarr; <strong>1411<\/strong><br \/>(+30 for winning)\n|raw|jskarceus's rating: 1570 &rarr; <strong>1540<\/strong><br \/>(-30 for losing)\n|l|\u2606jskarceus\n|j|\u2606jskarceus\n|player|p2|jskarceus|hilbert-wonderlauncher\n|l|\u2606jskarceus\n|player|p2|\n","uploadtime":1700504373,"views":2,"p1id":"cookies777","p2id":"jskarceus","formatid":"gen9ubers","rating":1411,"private":0,"password":""}