{"id":"gen9ubers-1974656506","p1":"sdfwere","p2":"ttkilla","format":"[Gen 9] Ubers","log":"|j|\u2606sdfwere\n|j|\u2606ttkilla\n|t:|1698107269\n|gametype|singles\n|player|p1|sdfwere|2|\n|player|p2|ttkilla|cameraman|\n|teamsize|p1|6\n|teamsize|p2|6\n|gen|9\n|tier|[Gen 9] Ubers\n|rule|Sleep Clause Mod: Limit one foe put to sleep\n|rule|Species Clause: Limit one of each Pok\u00e9mon\n|rule|OHKO Clause: OHKO moves are banned\n|rule|Evasion Items Clause: Evasion items are banned\n|rule|Evasion Moves Clause: Evasion moves are banned\n|rule|Endless Battle Clause: Forcing endless battles is banned\n|rule|HP Percentage Mod: HP is shown in percentages\n|clearpoke\n|poke|p1|Rillaboom, M|\n|poke|p1|Shaymin-Sky|\n|poke|p1|Ursaluna-Bloodmoon, M|\n|poke|p1|Volcarona, M|\n|poke|p1|Goodra-Hisui, M|\n|poke|p1|Arceus-Grass|\n|poke|p2|Quaquaval, M|\n|poke|p2|Chi-Yu|\n|poke|p2|Dialga|\n|poke|p2|Thundurus, M|\n|poke|p2|Arceus-Psychic|\n|poke|p2|Ninetales-Alola, F|\n|teampreview\n|c|\u2606ttkilla|glhf\n|\n|t:|1698107294\n|start\n|switch|p1a: Rillaboom|Rillaboom, M|100\/100\n|switch|p2a: Chi-Yu|Chi-Yu|100\/100\n|-ability|p2a: Chi-Yu|Beads of Ruin\n|-fieldstart|move: Grassy Terrain|[from] ability: Grassy Surge|[of] p1a: Rillaboom\n|turn|1\n|\n|t:|1698107305\n|switch|p1a: Goodra|Goodra-Hisui, M|100\/100\n|move|p2a: Chi-Yu|Overheat|p1a: Goodra|[miss]\n|-miss|p2a: Chi-Yu|p1a: Goodra\n|\n|upkeep\n|turn|2\n|\n|t:|1698107309\n|switch|p2a: Quaquaval|Quaquaval, M|100\/100\n|move|p1a: Goodra|Draco Meteor|p2a: Quaquaval\n|-damage|p2a: Quaquaval|35\/100\n|-unboost|p1a: Goodra|spa|2\n|\n|-heal|p2a: Quaquaval|41\/100|[from] Grassy Terrain\n|upkeep\n|turn|3\n|\n|t:|1698107313\n|switch|p1a: Rillaboom|Rillaboom, M|100\/100\n|move|p2a: Quaquaval|Flip Turn|p1a: Rillaboom\n|-resisted|p1a: Rillaboom\n|-damage|p1a: Rillaboom|87\/100\n|\n|t:|1698107317\n|switch|p2a: Ninetales|Ninetales-Alola, F|100\/100|[from] Flip Turn\n|-weather|Snow|[from] ability: Snow Warning|[of] p2a: Ninetales\n|\n|-weather|Snow|[upkeep]\n|-heal|p1a: Rillaboom|93\/100|[from] Grassy Terrain\n|upkeep\n|turn|4\n|\n|t:|1698107328\n|switch|p1a: Volcarona|Volcarona, M|100\/100\n|move|p2a: Ninetales|Aurora Veil|p2a: Ninetales\n|-sidestart|p2: ttkilla|move: Aurora Veil\n|\n|-weather|Snow|[upkeep]\n|upkeep\n|turn|5\n|\n|t:|1698107331\n|move|p2a: Ninetales|Blizzard|p1a: Volcarona\n|-resisted|p1a: Volcarona\n|-damage|p1a: Volcarona|80\/100\n|-status|p1a: Volcarona|frz\n|cant|p1a: Volcarona|frz\n|\n|-weather|Snow|[upkeep]\n|-heal|p1a: Volcarona|86\/100 frz|[from] Grassy Terrain\n|-heal|p1a: Volcarona|92\/100 frz|[from] item: Leftovers\n|upkeep\n|turn|6\n|\n|t:|1698107339\n|switch|p2a: Quaquaval|Quaquaval, M|41\/100\n|cant|p1a: Volcarona|frz\n|\n|-weather|Snow|[upkeep]\n|-heal|p1a: Volcarona|99\/100 frz|[from] Grassy Terrain\n|-heal|p1a: Volcarona|100\/100 frz|[from] item: Leftovers\n|-heal|p2a: Quaquaval|47\/100|[from] Grassy Terrain\n|upkeep\n|turn|7\n|\n|t:|1698107344\n|cant|p1a: Volcarona|frz\n|move|p2a: Quaquaval|Aqua Step|p1a: Volcarona\n|-supereffective|p1a: Volcarona\n|-damage|p1a: Volcarona|0 fnt\n|-boost|p2a: Quaquaval|spe|1\n|faint|p1a: Volcarona\n|-ability|p2a: Quaquaval|Moxie|boost\n|-boost|p2a: Quaquaval|atk|1\n|\n|-weather|none\n|-heal|p2a: Quaquaval|53\/100|[from] Grassy Terrain\n|upkeep\n|\n|t:|1698107347\n|switch|p1a: Rillaboom|Rillaboom, M|93\/100\n|turn|8\n|\n|t:|1698107351\n|-terastallize|p2a: Quaquaval|Dragon\n|move|p1a: Rillaboom|Grassy Glide|p2a: Quaquaval\n|-resisted|p2a: Quaquaval\n|-damage|p2a: Quaquaval|40\/100\n|move|p2a: Quaquaval|Close Combat|p1a: Rillaboom\n|-damage|p1a: Rillaboom|14\/100\n|-unboost|p2a: Quaquaval|def|1\n|-unboost|p2a: Quaquaval|spd|1\n|\n|-heal|p2a: Quaquaval|46\/100|[from] Grassy Terrain\n|-heal|p1a: Rillaboom|21\/100|[from] Grassy Terrain\n|-sideend|p2: ttkilla|move: Aurora Veil\n|-fieldend|move: Grassy Terrain\n|upkeep\n|turn|9\n|\n|t:|1698107358\n|switch|p1a: Arceus|Arceus-Grass|100\/100\n|move|p2a: Quaquaval|Aqua Step|p1a: Arceus\n|-resisted|p1a: Arceus\n|-damage|p1a: Arceus|82\/100\n|-boost|p2a: Quaquaval|spe|1\n|\n|upkeep\n|turn|10\n|\n|t:|1698107364\n|move|p2a: Quaquaval|Flip Turn|p1a: Arceus\n|-resisted|p1a: Arceus\n|-damage|p1a: Arceus|68\/100\n|\n|t:|1698107366\n|switch|p2a: Dialga|Dialga|100\/100|[from] Flip Turn\n|-ability|p2a: Dialga|Pressure\n|move|p1a: Arceus|Ice Beam|p2a: Dialga\n|-damage|p2a: Dialga|75\/100\n|\n|upkeep\n|turn|11\n|\n|t:|1698107369\n|move|p2a: Dialga|Draco Meteor|p1a: Arceus\n|-damage|p1a: Arceus|21\/100\n|-unboost|p2a: Dialga|spa|2\n|move|p1a: Arceus|Earth Power|p2a: Dialga\n|-supereffective|p2a: Dialga\n|-damage|p2a: Dialga|27\/100\n|-unboost|p2a: Dialga|spd|1\n|\n|upkeep\n|turn|12\n|\n|t:|1698107376\n|switch|p1a: Goodra|Goodra-Hisui, M|100\/100\n|move|p2a: Dialga|Draco Meteor|p1a: Goodra\n|-damage|p1a: Goodra|80\/100\n|-unboost|p2a: Dialga|spa|2\n|\n|-heal|p1a: Goodra|86\/100|[from] item: Leftovers\n|upkeep\n|turn|13\n|\n|t:|1698107382\n|switch|p2a: Thundurus|Thundurus, M|100\/100\n|switch|p1a: Rillaboom|Rillaboom, M|21\/100\n|-fieldstart|move: Grassy Terrain|[from] ability: Grassy Surge|[of] p1a: Rillaboom\n|\n|-heal|p1a: Rillaboom|27\/100|[from] Grassy Terrain\n|upkeep\n|turn|14\n|\n|t:|1698107385\n|switch|p1a: Ursaluna|Ursaluna-Bloodmoon, M|100\/100\n|-enditem|p1a: Ursaluna|Grassy Seed\n|-boost|p1a: Ursaluna|def|1|[from] item: Grassy Seed\n|move|p2a: Thundurus|Thunder Wave|p1a: Ursaluna\n|-immune|p1a: Ursaluna\n|\n|upkeep\n|turn|15\n|\n|t:|1698107389\n|move|p2a: Thundurus|Grass Knot|p1a: Ursaluna\n|-supereffective|p1a: Ursaluna\n|-damage|p1a: Ursaluna|13\/100\n|move|p1a: Ursaluna|Calm Mind|p1a: Ursaluna\n|-boost|p1a: Ursaluna|spa|1\n|-boost|p1a: Ursaluna|spd|1\n|\n|-heal|p1a: Ursaluna|19\/100|[from] Grassy Terrain\n|upkeep\n|turn|16\n|\n|t:|1698107395\n|move|p2a: Thundurus|Grass Knot|p1a: Ursaluna\n|-supereffective|p1a: Ursaluna\n|-damage|p1a: Ursaluna|0 fnt\n|faint|p1a: Ursaluna\n|\n|upkeep\n|\n|t:|1698107396\n|switch|p1a: Goodra|Goodra-Hisui, M|86\/100\n|turn|17\n|\n|t:|1698107400\n|move|p2a: Thundurus|Thunder Wave|p1a: Goodra\n|-status|p1a: Goodra|par\n|move|p1a: Goodra|Dragon Tail|p2a: Thundurus\n|-damage|p2a: Thundurus|71\/100\n|drag|p2a: Ninetales|Ninetales-Alola, F|100\/100\n|-weather|Snow|[from] ability: Snow Warning|[of] p2a: Ninetales\n|\n|-weather|Snow|[upkeep]\n|-heal|p1a: Goodra|93\/100 par|[from] Grassy Terrain\n|-heal|p1a: Goodra|99\/100 par|[from] item: Leftovers\n|upkeep\n|turn|18\n|\n|t:|1698107403\n|move|p2a: Ninetales|Aurora Veil|p2a: Ninetales\n|-sidestart|p2: ttkilla|move: Aurora Veil\n|cant|p1a: Goodra|par\n|\n|-weather|Snow|[upkeep]\n|-heal|p1a: Goodra|100\/100 par|[from] Grassy Terrain\n|upkeep\n|turn|19\n|\n|t:|1698107409\n|switch|p2a: Chi-Yu|Chi-Yu|100\/100\n|-ability|p2a: Chi-Yu|Beads of Ruin\n|cant|p1a: Goodra|par\n|\n|-weather|Snow|[upkeep]\n|upkeep\n|turn|20\n|\n|t:|1698107414\n|move|p2a: Chi-Yu|Flamethrower|p1a: Goodra\n|-damage|p1a: Goodra|54\/100 par\n|move|p1a: Goodra|Dragon Tail|p2a: Chi-Yu\n|-damage|p2a: Chi-Yu|86\/100\n|drag|p2a: Thundurus|Thundurus, M|71\/100\n|\n|-weather|Snow|[upkeep]\n|-heal|p1a: Goodra|60\/100 par|[from] Grassy Terrain\n|-heal|p1a: Goodra|66\/100 par|[from] item: Leftovers\n|-fieldend|move: Grassy Terrain\n|upkeep\n|turn|21\n|\n|t:|1698107420\n|move|p2a: Thundurus|Thunderbolt|p1a: Goodra\n|-resisted|p1a: Goodra\n|-damage|p1a: Goodra|55\/100 par\n|move|p1a: Goodra|Dragon Tail|p2a: Thundurus\n|-damage|p2a: Thundurus|56\/100\n|drag|p2a: Ninetales|Ninetales-Alola, F|100\/100\n|\n|-weather|none\n|-heal|p1a: Goodra|61\/100 par|[from] item: Leftovers\n|upkeep\n|turn|22\n|\n|t:|1698107429\n|switch|p2a: Dialga|Dialga|27\/100\n|-ability|p2a: Dialga|Pressure\n|move|p1a: Goodra|Flash Cannon|p2a: Dialga\n|-resisted|p2a: Dialga\n|-damage|p2a: Dialga|20\/100\n|\n|-heal|p1a: Goodra|67\/100 par|[from] item: Leftovers\n|-sideend|p2: ttkilla|move: Aurora Veil\n|upkeep\n|turn|23\n|\n|t:|1698107440\n|switch|p1a: Rillaboom|Rillaboom, M|27\/100\n|-fieldstart|move: Grassy Terrain|[from] ability: Grassy Surge|[of] p1a: Rillaboom\n|move|p2a: Dialga|Earth Power|p1a: Rillaboom\n|-resisted|p1a: Rillaboom\n|-damage|p1a: Rillaboom|6\/100\n|\n|-heal|p2a: Dialga|26\/100|[from] Grassy Terrain\n|-heal|p1a: Rillaboom|12\/100|[from] Grassy Terrain\n|upkeep\n|turn|24\n|\n|t:|1698107442\n|move|p2a: Dialga|Earth Power|p1a: Rillaboom\n|-resisted|p1a: Rillaboom\n|-damage|p1a: Rillaboom|0 fnt\n|faint|p1a: Rillaboom\n|\n|-heal|p2a: Dialga|32\/100|[from] Grassy Terrain\n|upkeep\n|\n|t:|1698107444\n|switch|p1a: Arceus|Arceus-Grass|21\/100\n|turn|25\n|\n|t:|1698107446\n|move|p2a: Dialga|Earth Power|p1a: Arceus\n|-resisted|p1a: Arceus\n|-damage|p1a: Arceus|9\/100\n|move|p1a: Arceus|Recover|p1a: Arceus\n|-heal|p1a: Arceus|59\/100\n|\n|-heal|p2a: Dialga|38\/100|[from] Grassy Terrain\n|-heal|p1a: Arceus|65\/100|[from] Grassy Terrain\n|upkeep\n|turn|26\n|\n|t:|1698107450\n|switch|p2a: Thundurus|Thundurus, M|56\/100\n|move|p1a: Arceus|Earth Power|p2a: Thundurus\n|-immune|p2a: Thundurus\n|\n|-heal|p1a: Arceus|71\/100|[from] Grassy Terrain\n|upkeep\n|turn|27\n|\n|t:|1698107453\n|-terastallize|p1a: Arceus|Ground\n|move|p2a: Thundurus|Thunder Wave|p1a: Arceus\n|-immune|p1a: Arceus\n|move|p1a: Arceus|Ice Beam|p2a: Thundurus\n|-supereffective|p2a: Thundurus\n|-damage|p2a: Thundurus|0 fnt\n|faint|p2a: Thundurus\n|\n|-heal|p1a: Arceus|77\/100|[from] Grassy Terrain\n|upkeep\n|\n|t:|1698107462\n|switch|p2a: Ninetales|Ninetales-Alola, F|100\/100\n|-weather|Snow|[from] ability: Snow Warning|[of] p2a: Ninetales\n|turn|28\n|\n|t:|1698107464\n|move|p1a: Arceus|Judgment|p2a: Ninetales\n|-damage|p2a: Ninetales|29\/100\n|move|p2a: Ninetales|Blizzard|p1a: Arceus\n|-supereffective|p1a: Arceus\n|-damage|p1a: Arceus|23\/100\n|\n|-weather|Snow|[upkeep]\n|-heal|p1a: Arceus|29\/100|[from] Grassy Terrain\n|-heal|p2a: Ninetales|35\/100|[from] Grassy Terrain\n|upkeep\n|turn|29\n|\n|t:|1698107470\n|move|p1a: Arceus|Earth Power|p2a: Ninetales\n|-damage|p2a: Ninetales|0 fnt\n|faint|p2a: Ninetales\n|\n|-weather|Snow|[upkeep]\n|-heal|p1a: Arceus|35\/100|[from] Grassy Terrain\n|upkeep\n|\n|t:|1698107473\n|switch|p2a: Dialga|Dialga|38\/100\n|-ability|p2a: Dialga|Pressure\n|turn|30\n|\n|t:|1698107481\n|switch|p1a: Goodra|Goodra-Hisui, M|67\/100 par\n|move|p2a: Dialga|Draco Meteor|p1a: Goodra\n|-damage|p1a: Goodra|27\/100 par\n|-unboost|p2a: Dialga|spa|2\n|\n|-weather|Snow|[upkeep]\n|-heal|p2a: Dialga|44\/100|[from] Grassy Terrain\n|-heal|p1a: Goodra|33\/100 par|[from] Grassy Terrain\n|-heal|p1a: Goodra|40\/100 par|[from] item: Leftovers\n|-fieldend|move: Grassy Terrain\n|upkeep\n|turn|31\n|\n|t:|1698107485\n|switch|p2a: Arceus|Arceus-Psychic|100\/100\n|move|p1a: Goodra|Draco Meteor|p2a: Arceus\n|-damage|p2a: Arceus|69\/100\n|-unboost|p1a: Goodra|spa|2\n|\n|-weather|Snow|[upkeep]\n|-heal|p1a: Goodra|46\/100 par|[from] item: Leftovers\n|upkeep\n|turn|32\n|\n|t:|1698107488\n|switch|p1a: Shaymin|Shaymin-Sky|100\/100\n|move|p2a: Arceus|Swords Dance|p2a: Arceus\n|-boost|p2a: Arceus|atk|2\n|\n|-weather|none\n|upkeep\n|turn|33\n|\n|t:|1698107491\n|move|p1a: Shaymin|Air Slash|p2a: Arceus\n|-damage|p2a: Arceus|45\/100\n|cant|p2a: Arceus|flinch\n|\n|upkeep\n|turn|34\n|\n|t:|1698107495\n|move|p1a: Shaymin|Air Slash|p2a: Arceus\n|-damage|p2a: Arceus|23\/100\n|move|p2a: Arceus|Zen Headbutt|p1a: Shaymin\n|-damage|p1a: Shaymin|3\/100\n|\n|-heal|p1a: Shaymin|9\/100|[from] item: Leftovers\n|upkeep\n|turn|35\n|\n|t:|1698107498\n|move|p1a: Shaymin|Seed Flare|p2a: Arceus\n|-damage|p2a: Arceus|0 fnt\n|faint|p2a: Arceus\n|\n|-heal|p1a: Shaymin|15\/100|[from] item: Leftovers\n|upkeep\n|\n|t:|1698107504\n|switch|p2a: Dialga|Dialga|44\/100\n|-ability|p2a: Dialga|Pressure\n|turn|36\n|\n|t:|1698107507\n|switch|p1a: Goodra|Goodra-Hisui, M|46\/100 par\n|move|p2a: Dialga|Draco Meteor|p1a: Goodra\n|-damage|p1a: Goodra|9\/100 par\n|-unboost|p2a: Dialga|spa|2\n|\n|-heal|p1a: Goodra|15\/100 par|[from] item: Leftovers\n|upkeep\n|turn|37\n|\n|t:|1698107510\n|move|p2a: Dialga|Draco Meteor|p1a: Goodra\n|-damage|p1a: Goodra|0 fnt\n|-unboost|p2a: Dialga|spa|2\n|faint|p1a: Goodra\n|\n|upkeep\n|\n|t:|1698107511\n|switch|p1a: Arceus|Arceus-Grass, tera:Ground|35\/100\n|turn|38\n|\n|t:|1698107515\n|switch|p2a: Quaquaval|Quaquaval, M, tera:Dragon|46\/100\n|move|p1a: Arceus|Recover|p1a: Arceus\n|-heal|p1a: Arceus|85\/100\n|\n|upkeep\n|turn|39\n|\n|t:|1698107517\n|move|p1a: Arceus|Ice Beam|p2a: Quaquaval\n|-supereffective|p2a: Quaquaval\n|-crit|p2a: Quaquaval\n|-damage|p2a: Quaquaval|0 fnt\n|faint|p2a: Quaquaval\n|\n|upkeep\n|\n|t:|1698107526\n|switch|p2a: Dialga|Dialga|44\/100\n|-ability|p2a: Dialga|Pressure\n|turn|40\n|\n|t:|1698107529\n|move|p2a: Dialga|Draco Meteor|p1a: Arceus\n|-damage|p1a: Arceus|32\/100\n|-unboost|p2a: Dialga|spa|2\n|move|p1a: Arceus|Recover|p1a: Arceus\n|-heal|p1a: Arceus|82\/100\n|\n|upkeep\n|turn|41\n|\n|t:|1698107533\n|switch|p2a: Chi-Yu|Chi-Yu|86\/100\n|-ability|p2a: Chi-Yu|Beads of Ruin\n|move|p1a: Arceus|Earth Power|p2a: Chi-Yu\n|-supereffective|p2a: Chi-Yu\n|-damage|p2a: Chi-Yu|2\/100\n|\n|upkeep\n|turn|42\n|\n|t:|1698107536\n|move|p1a: Arceus|Earth Power|p2a: Chi-Yu\n|-supereffective|p2a: Chi-Yu\n|-damage|p2a: Chi-Yu|0 fnt\n|faint|p2a: Chi-Yu\n|\n|upkeep\n|\n|t:|1698107538\n|switch|p2a: Dialga|Dialga|44\/100\n|-ability|p2a: Dialga|Pressure\n|turn|43\n|\n|t:|1698107539\n|move|p2a: Dialga|Draco Meteor|p1a: Arceus\n|-damage|p1a: Arceus|36\/100\n|-unboost|p2a: Dialga|spa|2\n|move|p1a: Arceus|Earth Power|p2a: Dialga\n|-supereffective|p2a: Dialga\n|-damage|p2a: Dialga|0 fnt\n|faint|p2a: Dialga\n|\n|win|sdfwere\n|c|\u2606ttkilla|gg wo\n|c|\u2606ttkilla|wp\n|l|\u2606ttkilla\n","uploadtime":1698107576,"views":8,"p1id":"sdfwere","p2id":"ttkilla","formatid":"gen9ubers","rating":0,"private":0,"password":""}