{"id":"gen9ubers-1974149348","p1":"Anne Frankkkk","p2":"cn2211","format":"[Gen 9] Ubers","log":"|j|\u2606Anne Frankkkk\n|j|\u2606cn2211\n|t:|1698062319\n|gametype|singles\n|player|p1|Anne Frankkkk|hilbert|1219\n|player|p2|cn2211|cheren|1327\n|teamsize|p1|6\n|teamsize|p2|6\n|gen|9\n|tier|[Gen 9] Ubers\n|rated|\n|rule|Sleep Clause Mod: Limit one foe put to sleep\n|rule|Species Clause: Limit one of each Pok\u00e9mon\n|rule|OHKO Clause: OHKO moves are banned\n|rule|Evasion Items Clause: Evasion items are banned\n|rule|Evasion Moves Clause: Evasion moves are banned\n|rule|Endless Battle Clause: Forcing endless battles is banned\n|rule|HP Percentage Mod: HP is shown in percentages\n|clearpoke\n|poke|p1|Iron Hands|\n|poke|p1|Kyogre|\n|poke|p1|Chien-Pao|\n|poke|p1|Ribombee, F|\n|poke|p1|Miraidon|\n|poke|p1|Flutter Mane|\n|poke|p2|Koraidon|\n|poke|p2|Great Tusk|\n|poke|p2|Chi-Yu|\n|poke|p2|Zacian-*|\n|poke|p2|Flutter Mane|\n|poke|p2|Groudon|\n|teampreview\n|inactive|Battle timer is ON: inactive players will automatically lose when time's up. (requested by Anne Frankkkk)\n|\n|t:|1698062356\n|start\n|switch|p1a: Ribombee|Ribombee, F, shiny|100\/100\n|switch|p2a: Groudon|Groudon|100\/100\n|-weather|SunnyDay|[from] ability: Drought|[of] p2a: Groudon\n|turn|1\n|\n|t:|1698062362\n|move|p1a: Ribombee|Sticky Web|p2a: Groudon\n|-sidestart|p2: cn2211|move: Sticky Web\n|move|p2a: Groudon|Fire Punch|p1a: Ribombee\n|-supereffective|p1a: Ribombee\n|-enditem|p1a: Ribombee|Focus Sash\n|-damage|p1a: Ribombee|1\/100\n|\n|-weather|SunnyDay|[upkeep]\n|upkeep\n|turn|2\n|\n|t:|1698062367\n|move|p1a: Ribombee|Energy Ball|p2a: Groudon\n|-supereffective|p2a: Groudon\n|-damage|p2a: Groudon|57\/100\n|move|p2a: Groudon|Spikes|p1a: Ribombee\n|-sidestart|p1: Anne Frankkkk|Spikes\n|\n|-weather|SunnyDay|[upkeep]\n|-heal|p2a: Groudon|63\/100|[from] item: Leftovers\n|upkeep\n|turn|3\n|\n|t:|1698062370\n|move|p1a: Ribombee|Energy Ball|p2a: Groudon\n|-supereffective|p2a: Groudon\n|-damage|p2a: Groudon|16\/100\n|move|p2a: Groudon|Fire Punch|p1a: Ribombee\n|-supereffective|p1a: Ribombee\n|-damage|p1a: Ribombee|0 fnt\n|faint|p1a: Ribombee\n|\n|-weather|SunnyDay|[upkeep]\n|-heal|p2a: Groudon|22\/100|[from] item: Leftovers\n|upkeep\n|j| Matt1012015\n|\n|t:|1698062378\n|switch|p1a: Chien-Pao|Chien-Pao|100\/100\n|-damage|p1a: Chien-Pao|88\/100|[from] Spikes\n|-ability|p1a: Chien-Pao|Sword of Ruin\n|turn|4\n|\n|t:|1698062381\n|move|p1a: Chien-Pao|Ice Spinner|p2a: Groudon\n|-supereffective|p2a: Groudon\n|-damage|p2a: Groudon|0 fnt\n|faint|p2a: Groudon\n|-damage|p1a: Chien-Pao|78\/100|[from] item: Life Orb\n|\n|-weather|SunnyDay|[upkeep]\n|upkeep\n|l| Matt1012015\n|\n|t:|1698062402\n|switch|p2a: Great Tusk|Great Tusk|100\/100\n|-activate|p2a: Great Tusk|move: Sticky Web\n|-unboost|p2a: Great Tusk|spe|1\n|-activate|p2a: Great Tusk|ability: Protosynthesis\n|-start|p2a: Great Tusk|protosynthesisatk\n|turn|5\n|\n|t:|1698062409\n|move|p1a: Chien-Pao|Ice Spinner|p2a: Great Tusk\n|-supereffective|p2a: Great Tusk\n|-damage|p2a: Great Tusk|3\/100\n|-damage|p1a: Chien-Pao|68\/100|[from] item: Life Orb\n|move|p2a: Great Tusk|Headlong Rush|p1a: Chien-Pao\n|-damage|p1a: Chien-Pao|0 fnt\n|-unboost|p2a: Great Tusk|def|1\n|-unboost|p2a: Great Tusk|spd|1\n|faint|p1a: Chien-Pao\n|\n|-weather|none\n|-end|p2a: Great Tusk|Protosynthesis\n|-heal|p2a: Great Tusk|9\/100|[from] item: Leftovers\n|upkeep\n|\n|t:|1698062421\n|switch|p1a: Iron Hands|Iron Hands, shiny|100\/100\n|-damage|p1a: Iron Hands|88\/100|[from] Spikes\n|turn|6\n|\n|t:|1698062428\n|move|p1a: Iron Hands|Fake Out|p2a: Great Tusk\n|-damage|p2a: Great Tusk|0 fnt\n|faint|p2a: Great Tusk\n|-end|p2a: Great Tusk|Protosynthesis|[silent]\n|\n|upkeep\n|\n|t:|1698062437\n|switch|p2a: Koraidon|Koraidon|100\/100\n|-activate|p2a: Koraidon|move: Sticky Web\n|-unboost|p2a: Koraidon|spe|1\n|-weather|SunnyDay|[from] ability: Orichalcum Pulse|[of] p2a: Koraidon\n|-activate|p2a: Koraidon|Orichalcum Pulse|[source]\n|turn|7\n|\n|t:|1698062456\n|move|p2a: Koraidon|Scale Shot|p1a: Iron Hands\n|-damage|p1a: Iron Hands|77\/100\n|-damage|p1a: Iron Hands|67\/100\n|-damage|p1a: Iron Hands|55\/100\n|-damage|p1a: Iron Hands|43\/100\n|-damage|p1a: Iron Hands|31\/100\n|-hitcount|p1a: Iron Hands|5\n|-unboost|p2a: Koraidon|def|1\n|-boost|p2a: Koraidon|spe|1\n|move|p1a: Iron Hands|Drain Punch|p2a: Koraidon\n|-damage|p2a: Koraidon|41\/100\n|-heal|p1a: Iron Hands|51\/100|[from] drain|[of] p2a: Koraidon\n|\n|-weather|SunnyDay|[upkeep]\n|upkeep\n|turn|8\n|\n|t:|1698062470\n|move|p2a: Koraidon|Scale Shot|p1a: Iron Hands\n|-damage|p1a: Iron Hands|41\/100\n|-damage|p1a: Iron Hands|30\/100\n|-damage|p1a: Iron Hands|19\/100\n|-damage|p1a: Iron Hands|8\/100\n|-hitcount|p1a: Iron Hands|4\n|-unboost|p2a: Koraidon|def|1\n|-boost|p2a: Koraidon|spe|1\n|move|p1a: Iron Hands|Drain Punch|p2a: Koraidon\n|-damage|p2a: Koraidon|0 fnt\n|-heal|p1a: Iron Hands|21\/100|[from] drain|[of] p2a: Koraidon\n|faint|p2a: Koraidon\n|\n|-weather|SunnyDay|[upkeep]\n|upkeep\n|\n|t:|1698062491\n|switch|p2a: Flutter Mane|Flutter Mane|100\/100\n|-activate|p2a: Flutter Mane|move: Sticky Web\n|-unboost|p2a: Flutter Mane|spe|1\n|-activate|p2a: Flutter Mane|ability: Protosynthesis\n|-start|p2a: Flutter Mane|protosynthesisspa\n|turn|9\n|\n|t:|1698062495\n|move|p2a: Flutter Mane|Calm Mind|p2a: Flutter Mane\n|-boost|p2a: Flutter Mane|spa|1\n|-boost|p2a: Flutter Mane|spd|1\n|move|p1a: Iron Hands|Heavy Slam|p2a: Flutter Mane\n|-supereffective|p2a: Flutter Mane\n|-damage|p2a: Flutter Mane|0 fnt\n|faint|p2a: Flutter Mane\n|-end|p2a: Flutter Mane|Protosynthesis|[silent]\n|\n|-weather|SunnyDay|[upkeep]\n|upkeep\n|-message|cn2211 forfeited.\n|\n|win|Anne Frankkkk\n|raw|Anne Frankkkk's rating: 1219 &rarr; <strong>1252<\/strong><br \/>(+33 for winning)\n|raw|cn2211's rating: 1327 &rarr; <strong>1301<\/strong><br \/>(-26 for losing)\n|l|\u2606cn2211\n","uploadtime":1698062506,"views":14,"p1id":"annefrankkkk","p2id":"cn2211","formatid":"gen9ubers","rating":1252,"private":0,"password":""}