{"id":"gen9ubers-1993506240","p1":"Kittykat_Queen","p2":"shepg0d","format":"[Gen 9] Ubers","log":"|j|\u2606Kittykat_Queen\n|j|\u2606shepg0d\n|t:|1700325916\n|gametype|singles\n|player|p1|Kittykat_Queen|caitlin|1000\n|player|p2|shepg0d|2|1105\n|teamsize|p1|6\n|teamsize|p2|6\n|gen|9\n|tier|[Gen 9] Ubers\n|rated|\n|rule|Sleep Clause Mod: Limit one foe put to sleep\n|rule|Species Clause: Limit one of each Pok\u00e9mon\n|rule|OHKO Clause: OHKO moves are banned\n|rule|Evasion Items Clause: Evasion items are banned\n|rule|Evasion Moves Clause: Evasion moves are banned\n|rule|Endless Battle Clause: Forcing endless battles is banned\n|rule|HP Percentage Mod: HP is shown in percentages\n|clearpoke\n|poke|p1|Garganacl, F|\n|poke|p1|Forretress, F|\n|poke|p1|Golem, M|\n|poke|p1|Magnezone|\n|poke|p1|Graveler, F|\n|poke|p1|Kingambit, M|\n|poke|p2|Garchomp, F|\n|poke|p2|Ribombee, F|\n|poke|p2|Dudunsparce-*, F|\n|poke|p2|Clodsire, M|\n|poke|p2|Iron Moth|\n|poke|p2|Alomomola, F|\n|teampreview\n|\n|t:|1700325933\n|start\n|switch|p1a: Garganacl|Garganacl, F|100\/100\n|switch|p2a: Clodsire|Clodsire, M|100\/100\n|turn|1\n|\n|t:|1700325943\n|move|p1a: Garganacl|Explosion|p2a: Clodsire\n|-damage|p2a: Clodsire|7\/100\n|faint|p1a: Garganacl\n|move|p2a: Clodsire|Earthquake|p1: Garganacl|[notarget]\n|-fail|p2a: Clodsire\n|\n|-heal|p2a: Clodsire|13\/100|[from] item: Leftovers\n|upkeep\n|\n|t:|1700325951\n|switch|p1a: Forretress|Forretress, F|100\/100\n|turn|2\n|\n|t:|1700325967\n|move|p2a: Clodsire|Protect|p2a: Clodsire\n|-singleturn|p2a: Clodsire|Protect\n|move|p1a: Forretress|Explosion|p2a: Clodsire\n|-activate|p2a: Clodsire|move: Protect\n|faint|p1a: Forretress\n|\n|-heal|p2a: Clodsire|19\/100|[from] item: Leftovers\n|upkeep\n|\n|t:|1700325975\n|switch|p1a: Golem|Golem, M|100\/100\n|turn|3\n|\n|t:|1700326005\n|switch|p2a: Dudunsparce|Dudunsparce-Three-Segment, F|100\/100\n|move|p1a: Golem|Explosion|p2a: Dudunsparce\n|-damage|p2a: Dudunsparce|0 fnt\n|faint|p1a: Golem\n|faint|p2a: Dudunsparce\n|\n|upkeep\n|\n|t:|1700326022\n|switch|p1a: Magnezone|Magnezone|100\/100\n|switch|p2a: Clodsire|Clodsire, M|19\/100\n|turn|4\n|\n|t:|1700326027\n|move|p2a: Clodsire|Protect|p2a: Clodsire\n|-singleturn|p2a: Clodsire|Protect\n|move|p1a: Magnezone|Explosion|p2a: Clodsire\n|-activate|p2a: Clodsire|move: Protect\n|faint|p1a: Magnezone\n|\n|-heal|p2a: Clodsire|26\/100|[from] item: Leftovers\n|upkeep\n|\n|t:|1700326034\n|switch|p1a: Graveler|Graveler, F|100\/100\n|turn|5\n|\n|t:|1700326060\n|move|p1a: Graveler|Explosion|p2a: Clodsire\n|-damage|p2a: Clodsire|0 fnt\n|faint|p1a: Graveler\n|faint|p2a: Clodsire\n|\n|upkeep\n|c|\u2606Kittykat_Queen|>:)\n|\n|t:|1700326066\n|switch|p1a: Kingambit|Kingambit, M|100\/100\n|switch|p2a: Iron Moth|Iron Moth|100\/100\n|-activate|p1a: Kingambit|ability: Supreme Overlord\n|-start|p1a: Kingambit|fallen5|[silent]\n|-enditem|p2a: Iron Moth|Booster Energy\n|-activate|p2a: Iron Moth|ability: Quark Drive|[fromitem]\n|-start|p2a: Iron Moth|quarkdrivespa\n|turn|6\n|c|\u2606shepg0d|uh oh\n|\n|t:|1700326080\n|move|p2a: Iron Moth|Fiery Dance|p1a: Kingambit\n|-supereffective|p1a: Kingambit\n|-damage|p1a: Kingambit|0 fnt\n|-boost|p2a: Iron Moth|spa|1\n|faint|p1a: Kingambit\n|-end|p1a: Kingambit|fallen5|[silent]\n|\n|win|shepg0d\n|raw|Kittykat_Queen's rating: 1000 &rarr; <strong>1000<\/strong><br \/>(+0 for losing)\n|raw|shepg0d's rating: 1105 &rarr; <strong>1123<\/strong><br \/>(+18 for winning)\n","uploadtime":1700326087,"views":25,"p1id":"kittykatqueen","p2id":"shepg0d","formatid":"gen9ubers","rating":1000,"private":0,"password":""}