{"id":"gen9ubers-1984021896","p1":"vishy12341","p2":"Frezzxr","format":"[Gen 9] Ubers","log":"|j|\u2606vishy12341\n|j|\u2606Frezzxr\n|t:|1699210663\n|gametype|singles\n|player|p1|vishy12341|falkner|1094\n|player|p2|Frezzxr|biker-gen4|1162\n|teamsize|p1|6\n|teamsize|p2|6\n|gen|9\n|tier|[Gen 9] Ubers\n|rated|\n|rule|Sleep Clause Mod: Limit one foe put to sleep\n|rule|Species Clause: Limit one of each Pok\u00e9mon\n|rule|OHKO Clause: OHKO moves are banned\n|rule|Evasion Items Clause: Evasion items are banned\n|rule|Evasion Moves Clause: Evasion moves are banned\n|rule|Endless Battle Clause: Forcing endless battles is banned\n|rule|HP Percentage Mod: HP is shown in percentages\n|clearpoke\n|poke|p1|Miraidon|\n|poke|p1|Zamazenta-*|\n|poke|p1|Magearna|\n|poke|p1|Arceus-Ground|\n|poke|p1|Calyrex-Ice|\n|poke|p1|Urshifu-*, F|\n|poke|p2|Houndstone, M|\n|poke|p2|Tyranitar, M|\n|poke|p2|Glimmora, F|\n|poke|p2|Darkrai|\n|poke|p2|Miraidon|\n|poke|p2|Chien-Pao|\n|teampreview\n|\n|t:|1699210673\n|start\n|switch|p1a: Magearna|Magearna|100\/100\n|switch|p2a: He likes spikes|Glimmora, F, shiny|100\/100\n|turn|1\n|\n|t:|1699210683\n|move|p2a: He likes spikes|Toxic Spikes|p1a: Magearna\n|-sidestart|p1: vishy12341|move: Toxic Spikes\n|move|p1a: Magearna|Calm Mind|p1a: Magearna\n|-boost|p1a: Magearna|spa|1\n|-boost|p1a: Magearna|spd|1\n|\n|upkeep\n|turn|2\n|\n|t:|1699210689\n|move|p2a: He likes spikes|Stealth Rock|p1a: Magearna\n|-sidestart|p1: vishy12341|move: Stealth Rock\n|move|p1a: Magearna|Shift Gear|p1a: Magearna\n|-boost|p1a: Magearna|spe|2\n|-boost|p1a: Magearna|atk|1\n|\n|upkeep\n|turn|3\n|\n|t:|1699210695\n|move|p1a: Magearna|Stored Power|p2a: He likes spikes\n|-supereffective|p2a: He likes spikes\n|-damage|p2a: He likes spikes|0 fnt\n|faint|p2a: He likes spikes\n|-ability|p1a: Magearna|Soul-Heart|boost\n|-boost|p1a: Magearna|spa|1\n|\n|upkeep\n|\n|t:|1699210705\n|switch|p2a: Chien-Pao|Chien-Pao|100\/100\n|-ability|p2a: Chien-Pao|Sword of Ruin\n|turn|4\n|\n|t:|1699210711\n|move|p2a: Chien-Pao|Sacred Sword|p1a: Magearna\n|-damage|p1a: Magearna|68\/100\n|move|p1a: Magearna|Stored Power|p2a: Chien-Pao\n|-immune|p2a: Chien-Pao\n|\n|upkeep\n|turn|5\n|\n|t:|1699210718\n|move|p2a: Chien-Pao|Sacred Sword|p1a: Magearna\n|-damage|p1a: Magearna|37\/100\n|move|p1a: Magearna|Draining Kiss|p2a: Chien-Pao\n|-supereffective|p2a: Chien-Pao\n|-damage|p2a: Chien-Pao|0 fnt\n|-heal|p1a: Magearna|100\/100|[from] drain|[of] p2a: Chien-Pao\n|faint|p2a: Chien-Pao\n|-ability|p1a: Magearna|Soul-Heart|boost\n|-boost|p1a: Magearna|spa|1\n|\n|upkeep\n|\n|t:|1699210730\n|switch|p2a: Sleepy|Darkrai, shiny|100\/100\n|turn|6\n|\n|t:|1699210735\n|move|p2a: Sleepy|Hypnosis|p1a: Magearna|[miss]\n|-miss|p2a: Sleepy|p1a: Magearna\n|move|p1a: Magearna|Draining Kiss|p2a: Sleepy\n|-supereffective|p2a: Sleepy\n|-damage|p2a: Sleepy|0 fnt\n|faint|p2a: Sleepy\n|-ability|p1a: Magearna|Soul-Heart|boost\n|-boost|p1a: Magearna|spa|1\n|\n|upkeep\n|\n|t:|1699210744\n|switch|p2a: \ud83e\udd54|Miraidon|100\/100\n|-fieldstart|move: Electric Terrain|[from] ability: Hadron Engine|[of] p2a: \ud83e\udd54\n|-enditem|p2a: \ud83e\udd54|Electric Seed\n|-boost|p2a: \ud83e\udd54|def|1|[from] item: Electric Seed\n|turn|7\n|\n|t:|1699210750\n|move|p2a: \ud83e\udd54|Electro Drift|p1a: Magearna\n|-crit|p1a: Magearna\n|-damage|p1a: Magearna|0 fnt\n|faint|p1a: Magearna\n|\n|upkeep\n|\n|t:|1699210759\n|switch|p1a: Arceus|Arceus-Ground|100\/100\n|-status|p1a: Arceus|psn\n|-damage|p1a: Arceus|94\/100 psn|[from] Stealth Rock\n|turn|8\n|\n|t:|1699210766\n|-terastallize|p1a: Arceus|Ground\n|move|p2a: \ud83e\udd54|Calm Mind|p2a: \ud83e\udd54\n|-boost|p2a: \ud83e\udd54|spa|1\n|-boost|p2a: \ud83e\udd54|spd|1\n|move|p1a: Arceus|Earthquake|p2a: \ud83e\udd54\n|-supereffective|p2a: \ud83e\udd54\n|-damage|p2a: \ud83e\udd54|8\/100\n|\n|-damage|p1a: Arceus|82\/100 psn|[from] psn\n|upkeep\n|turn|9\n|\n|t:|1699210779\n|move|p2a: \ud83e\udd54|Crunch|p1a: Arceus\n|-crit|p1a: Arceus\n|-damage|p1a: Arceus|66\/100 psn\n|-unboost|p1a: Arceus|def|1\n|move|p1a: Arceus|Earthquake|p2a: \ud83e\udd54\n|-supereffective|p2a: \ud83e\udd54\n|-damage|p2a: \ud83e\udd54|0 fnt\n|faint|p2a: \ud83e\udd54\n|\n|-damage|p1a: Arceus|54\/100 psn|[from] psn\n|upkeep\n|\n|t:|1699210790\n|switch|p2a: Chunky boy|Tyranitar, M, shiny|100\/100\n|-weather|Sandstorm|[from] ability: Sand Stream|[of] p2a: Chunky boy\n|turn|10\n|\n|t:|1699210797\n|move|p1a: Arceus|Extreme Speed|p2a: Chunky boy\n|-resisted|p2a: Chunky boy\n|-damage|p2a: Chunky boy|93\/100\n|move|p2a: Chunky boy|Blizzard|p1a: Arceus\n|-supereffective|p1a: Arceus\n|-damage|p1a: Arceus|28\/100 psn\n|\n|-weather|Sandstorm|[upkeep]\n|-damage|p1a: Arceus|15\/100 psn|[from] psn\n|upkeep\n|turn|11\n|\n|t:|1699210808\n|move|p1a: Arceus|Earthquake|p2a: Chunky boy\n|-supereffective|p2a: Chunky boy\n|-damage|p2a: Chunky boy|5\/100\n|move|p2a: Chunky boy|Earthquake|p1a: Arceus\n|-damage|p1a: Arceus|0 fnt\n|faint|p1a: Arceus\n|\n|-weather|Sandstorm|[upkeep]\n|-fieldend|move: Electric Terrain\n|upkeep\n|\n|t:|1699210817\n|switch|p1a: Zamazenta|Zamazenta-Crowned|100\/100\n|-damage|p1a: Zamazenta|97\/100|[from] Stealth Rock\n|-ability|p1a: Zamazenta|Dauntless Shield|boost\n|-boost|p1a: Zamazenta|def|1\n|turn|12\n|\n|t:|1699210823\n|move|p1a: Zamazenta|Behemoth Bash|p2a: Chunky boy\n|-supereffective|p2a: Chunky boy\n|-damage|p2a: Chunky boy|0 fnt\n|faint|p2a: Chunky boy\n|\n|-weather|Sandstorm|[upkeep]\n|upkeep\n|\n|t:|1699210830\n|switch|p2a: Jitmolie|Houndstone, M, shiny|100\/100\n|turn|13\n|\n|t:|1699210834\n|-terastallize|p2a: Jitmolie|Ghost\n|move|p2a: Jitmolie|Last Respects|p1a: Zamazenta\n|-damage|p1a: Zamazenta|34\/100\n|move|p1a: Zamazenta|Crunch|p2a: Jitmolie\n|-supereffective|p2a: Jitmolie\n|-damage|p2a: Jitmolie|43\/100\n|\n|-weather|Sandstorm|[upkeep]\n|upkeep\n|turn|14\n|\n|t:|1699210844\n|move|p2a: Jitmolie|Last Respects|p1a: Zamazenta\n|-damage|p1a: Zamazenta|0 fnt\n|faint|p1a: Zamazenta\n|\n|-weather|Sandstorm|[upkeep]\n|upkeep\n|\n|t:|1699210854\n|switch|p1a: Miraidon|Miraidon|100\/100\n|-status|p1a: Miraidon|psn\n|-damage|p1a: Miraidon|88\/100 psn|[from] Stealth Rock\n|-fieldstart|move: Electric Terrain|[from] ability: Hadron Engine|[of] p1a: Miraidon\n|turn|15\n|\n|t:|1699210861\n|move|p2a: Jitmolie|Last Respects|p1a: Miraidon\n|-damage|p1a: Miraidon|0 fnt\n|faint|p1a: Miraidon\n|\n|-weather|Sandstorm|[upkeep]\n|upkeep\n|\n|t:|1699210874\n|switch|p1a: Calyrex|Calyrex-Ice|100\/100\n|-ability|p1a: Calyrex|As One\n|-ability|p1a: Calyrex|Unnerve\n|-status|p1a: Calyrex|psn\n|-damage|p1a: Calyrex|76\/100 psn|[from] Stealth Rock\n|turn|16\n|\n|t:|1699210885\n|move|p2a: Jitmolie|Last Respects|p1a: Calyrex\n|-supereffective|p1a: Calyrex\n|-crit|p1a: Calyrex\n|-damage|p1a: Calyrex|0 fnt\n|faint|p1a: Calyrex\n|\n|-weather|Sandstorm|[upkeep]\n|upkeep\n|c|\u2606vishy12341|ur such a fucking loser lmao\n|\n|t:|1699210901\n|switch|p1a: Urshifu|Urshifu-Rapid-Strike, F|100\/100\n|-status|p1a: Urshifu|psn\n|-damage|p1a: Urshifu|94\/100 psn|[from] Stealth Rock\n|turn|17\n|\n|t:|1699210911\n|move|p2a: Jitmolie|Last Respects|p1a: Urshifu\n|-damage|p1a: Urshifu|0 fnt\n|faint|p1a: Urshifu\n|\n|win|Frezzxr\n|raw|vishy12341's rating: 1094 &rarr; <strong>1075<\/strong><br \/>(-19 for losing)\n|raw|Frezzxr's rating: 1162 &rarr; <strong>1182<\/strong><br \/>(+20 for winning)\n|l|\u2606vishy12341\n|c|\u2606Frezzxr|Lol\n","uploadtime":1699210899,"views":6,"p1id":"vishy12341","p2id":"frezzxr","formatid":"gen9ubers","rating":1075,"private":0,"password":""}