{"id":"gen9ubers-1996910085","p1":"ATLAS_PHANTON","p2":"eadwil","format":"[Gen 9] Ubers","log":"|j|\u2606ATLAS_PHANTON\n|j|\u2606eadwil\n|t:|1700743622\n|gametype|singles\n|player|p1|ATLAS_PHANTON|iris-gen5bw2|1061\n|player|p2|eadwil|cameraman|1039\n|teamsize|p1|6\n|teamsize|p2|6\n|gen|9\n|tier|[Gen 9] Ubers\n|rated|\n|rule|Sleep Clause Mod: Limit one foe put to sleep\n|rule|Species Clause: Limit one of each Pok\u00e9mon\n|rule|OHKO Clause: OHKO moves are banned\n|rule|Evasion Items Clause: Evasion items are banned\n|rule|Evasion Moves Clause: Evasion moves are banned\n|rule|Endless Battle Clause: Forcing endless battles is banned\n|rule|HP Percentage Mod: HP is shown in percentages\n|clearpoke\n|poke|p1|Dusclops, F|\n|poke|p1|Kommo-o, F|\n|poke|p1|Flutter Mane|\n|poke|p1|Rillaboom, M|\n|poke|p1|Chi-Yu|\n|poke|p1|Landorus, M|\n|poke|p2|Slowbro-Galar, M|\n|poke|p2|Volcarona, F|\n|poke|p2|Gliscor, M|\n|poke|p2|Cloyster, F|\n|poke|p2|Kommo-o, F|\n|poke|p2|Meowscarada, F|\n|teampreview\n|\n|t:|1700743639\n|start\n|switch|p1a: Chi-Yu|Chi-Yu|100\/100\n|switch|p2a: Kommo-o|Kommo-o, F|100\/100\n|-ability|p1a: Chi-Yu|Beads of Ruin\n|turn|1\n|\n|t:|1700743651\n|move|p1a: Chi-Yu|Psychic|p2a: Kommo-o\n|-supereffective|p2a: Kommo-o\n|-damage|p2a: Kommo-o|0 fnt\n|faint|p2a: Kommo-o\n|\n|upkeep\n|\n|t:|1700743664\n|switch|p2a: Cloyster|Cloyster, F|100\/100\n|turn|2\n|\n|t:|1700743669\n|move|p2a: Cloyster|Protect|p2a: Cloyster\n|-singleturn|p2a: Cloyster|Protect\n|move|p1a: Chi-Yu|Psychic|p2a: Cloyster\n|-activate|p2a: Cloyster|move: Protect\n|\n|upkeep\n|turn|3\n|\n|t:|1700743675\n|move|p1a: Chi-Yu|Psychic|p2a: Cloyster\n|-damage|p2a: Cloyster|0 fnt\n|faint|p2a: Cloyster\n|\n|upkeep\n|\n|t:|1700743684\n|switch|p2a: Fastbro|Slowbro-Galar, M, shiny|100\/100\n|turn|4\n|\n|t:|1700743688\n|move|p1a: Chi-Yu|Psychic|p2a: Fastbro\n|-damage|p2a: Fastbro|5\/100\n|move|p2a: Fastbro|Drain Punch|p1a: Chi-Yu\n|-supereffective|p1a: Chi-Yu\n|-damage|p1a: Chi-Yu|20\/100\n|-heal|p2a: Fastbro|35\/100|[from] drain|[of] p1a: Chi-Yu\n|\n|upkeep\n|turn|5\n|\n|t:|1700743696\n|move|p1a: Chi-Yu|Psychic|p2a: Fastbro\n|-damage|p2a: Fastbro|0 fnt\n|faint|p2a: Fastbro\n|\n|upkeep\n|\n|t:|1700743706\n|switch|p2a: Gliscor|Gliscor, M|100\/100\n|turn|6\n|\n|t:|1700743716\n|move|p1a: Chi-Yu|Psychic|p2a: Gliscor\n|-damage|p2a: Gliscor|1\/100\n|move|p2a: Gliscor|Swords Dance|p2a: Gliscor\n|-boost|p2a: Gliscor|atk|2\n|\n|-status|p2a: Gliscor|tox|[from] item: Toxic Orb\n|upkeep\n|turn|7\n|\n|t:|1700743724\n|move|p1a: Chi-Yu|Psychic|p2a: Gliscor\n|-damage|p2a: Gliscor|0 fnt\n|faint|p2a: Gliscor\n|\n|upkeep\n|\n|t:|1700743730\n|switch|p2a: Volcarona|Volcarona, F|100\/100\n|turn|8\n|\n|t:|1700743737\n|move|p1a: Chi-Yu|Psychic|p2a: Volcarona\n|-damage|p2a: Volcarona|31\/100\n|move|p2a: Volcarona|Fiery Dance|p1a: Chi-Yu\n|-resisted|p1a: Chi-Yu\n|-damage|p1a: Chi-Yu|0 fnt\n|-boost|p2a: Volcarona|spa|1\n|faint|p1a: Chi-Yu\n|\n|upkeep\n|\n|t:|1700743747\n|switch|p1a: Landorus|Landorus, M|100\/100\n|turn|9\n|inactive|Battle timer is ON: inactive players will automatically lose when time's up. (requested by ATLAS_PHANTON)\n|inactive|eadwil has 120 seconds left.\n|\n|t:|1700743819\n|move|p1a: Landorus|Sludge Bomb|p2a: Volcarona\n|-damage|p2a: Volcarona|0 fnt\n|faint|p2a: Volcarona\n|\n|upkeep\n|\n|t:|1700743823\n|switch|p2a: Meowscarada|Meowscarada, F|100\/100\n|turn|10\n|\n|t:|1700743830\n|move|p2a: Meowscarada|Substitute|p2a: Meowscarada\n|-start|p2a: Meowscarada|Substitute\n|-damage|p2a: Meowscarada|76\/100\n|move|p1a: Landorus|Earth Power|p2a: Meowscarada\n|-resisted|p2a: Meowscarada\n|-crit|p2a: Meowscarada\n|-end|p2a: Meowscarada|Substitute\n|\n|-heal|p2a: Meowscarada|82\/100|[from] item: Leftovers\n|upkeep\n|turn|11\n|\n|t:|1700743840\n|move|p2a: Meowscarada|Leech Seed|p1a: Landorus\n|-start|p1a: Landorus|move: Leech Seed\n|move|p1a: Landorus|Sludge Bomb|p2a: Meowscarada\n|-supereffective|p2a: Meowscarada\n|-crit|p2a: Meowscarada\n|-damage|p2a: Meowscarada|0 fnt\n|faint|p2a: Meowscarada\n|\n|win|ATLAS_PHANTON\n|raw|ATLAS_PHANTON's rating: 1061 &rarr; <strong>1090<\/strong><br \/>(+29 for winning)\n|raw|eadwil's rating: 1039 &rarr; <strong>1024<\/strong><br \/>(-15 for losing)\n|l|\u2606eadwil\n","uploadtime":1700743852,"views":7,"p1id":"atlasphanton","p2id":"eadwil","formatid":"gen9ubers","rating":1024,"private":0,"password":""}