{"id":"gen9ubers-1973663922","p1":"iboxedyou","p2":"IUXkysersosa","format":"[Gen 9] Ubers","log":"|j|\u2606iboxedyou\n|j|\u2606IUXkysersosa\n|t:|1698001148\n|gametype|singles\n|player|p1|iboxedyou|266|\n|player|p2|IUXkysersosa|alder|\n|teamsize|p1|6\n|teamsize|p2|6\n|gen|9\n|tier|[Gen 9] Ubers\n|rule|Sleep Clause Mod: Limit one foe put to sleep\n|rule|Species Clause: Limit one of each Pok\u00e9mon\n|rule|OHKO Clause: OHKO moves are banned\n|rule|Evasion Items Clause: Evasion items are banned\n|rule|Evasion Moves Clause: Evasion moves are banned\n|rule|Endless Battle Clause: Forcing endless battles is banned\n|rule|HP Percentage Mod: HP is shown in percentages\n|clearpoke\n|poke|p1|Iron Moth|\n|poke|p1|Kingambit, M|\n|poke|p1|Vikavolt, M|\n|poke|p1|Regieleki|\n|poke|p1|Regidrago|\n|poke|p1|Dondozo, M|\n|poke|p2|Greninja-*, M|\n|poke|p2|Beartic, M|\n|poke|p2|Primeape, F|\n|poke|p2|Gligar, F|\n|poke|p2|Slowking-Galar, F|\n|poke|p2|Rillaboom, F|\n|teampreview\n|c|\u2606IUXkysersosa|glhf\n|\n|t:|1698001228\n|start\n|switch|p1a: Regidrago|Regidrago|100\/100\n|switch|p2a: bubblegum princess|Gligar, F|100\/100\n|turn|1\n|\n|t:|1698001243\n|move|p1a: Regidrago|Dragon Energy|p2a: bubblegum princess\n|-damage|p2a: bubblegum princess|39\/100\n|move|p2a: bubblegum princess|Earthquake|p1a: Regidrago\n|-damage|p1a: Regidrago|72\/100\n|\n|upkeep\n|turn|2\n|\n|t:|1698001255\n|switch|p2a: purple baby|Slowking-Galar, F|100\/100\n|move|p1a: Regidrago|Dragon Energy|p2a: purple baby\n|-damage|p2a: purple baby|42\/100\n|\n|upkeep\n|turn|3\n|\n|t:|1698001271\n|switch|p2a: used cottonball|Primeape, F, shiny|100\/100\n|move|p1a: Regidrago|Dragon Energy|p2a: used cottonball\n|-damage|p2a: used cottonball|54\/100\n|\n|upkeep\n|turn|4\n|\n|t:|1698001283\n|switch|p1a: Dondozo|Dondozo, M|100\/100\n|-terastallize|p2a: used cottonball|Fairy\n|move|p2a: used cottonball|Bulk Up|p2a: used cottonball\n|-boost|p2a: used cottonball|atk|1\n|-boost|p2a: used cottonball|def|1\n|\n|upkeep\n|turn|5\n|\n|t:|1698001292\n|move|p2a: used cottonball|Rage Fist|p1a: Dondozo\n|-crit|p1a: Dondozo\n|-damage|p1a: Dondozo|84\/100\n|move|p1a: Dondozo|Yawn|p2a: used cottonball\n|-start|p2a: used cottonball|move: Yawn|[of] p1a: Dondozo\n|\n|-heal|p1a: Dondozo|90\/100|[from] item: Leftovers\n|upkeep\n|turn|6\n|\n|t:|1698001315\n|switch|p2a: cypress|Rillaboom, F, shiny|100\/100\n|-fieldstart|move: Grassy Terrain|[from] ability: Grassy Surge|[of] p2a: cypress\n|move|p1a: Dondozo|Wave Crash|p2a: cypress\n|-resisted|p2a: cypress\n|-damage|p2a: cypress|80\/100\n|-damage|p1a: Dondozo|85\/100|[from] Recoil\n|\n|-heal|p2a: cypress|87\/100|[from] Grassy Terrain\n|-heal|p1a: Dondozo|91\/100|[from] Grassy Terrain\n|-heal|p1a: Dondozo|97\/100|[from] item: Leftovers\n|upkeep\n|turn|7\n|\n|t:|1698001330\n|switch|p1a: Vikavolt|Vikavolt, M|100\/100\n|move|p2a: cypress|U-turn|p1a: Vikavolt\n|-damage|p1a: Vikavolt|71\/100\n|\n|t:|1698001358\n|switch|p2a: ninjaboss|Greninja, M|100\/100|[from] U-turn\n|\n|upkeep\n|turn|8\n|\n|t:|1698001377\n|-terastallize|p1a: Vikavolt|Electric\n|move|p2a: ninjaboss|Hydro Pump|p1a: Vikavolt\n|-damage|p1a: Vikavolt|0 fnt\n|faint|p1a: Vikavolt\n|-ability|p2a: ninjaboss|Battle Bond|boost\n|-boost|p2a: ninjaboss|atk|1\n|-boost|p2a: ninjaboss|spa|1\n|-boost|p2a: ninjaboss|spe|1\n|-activate|p2a: ninjaboss|ability: Battle Bond\n|-damage|p2a: ninjaboss|91\/100|[from] item: Life Orb\n|\n|-heal|p2a: ninjaboss|97\/100|[from] Grassy Terrain\n|upkeep\n|j| IUXCelestialQueen\n|\n|t:|1698001402\n|switch|p1a: Dondozo|Dondozo, M|97\/100\n|turn|9\n|\n|t:|1698001407\n|move|p1a: Dondozo|Protect|p1a: Dondozo\n|-singleturn|p1a: Dondozo|Protect\n|move|p2a: ninjaboss|Grass Knot|p1a: Dondozo\n|-activate|p1a: Dondozo|move: Protect\n|\n|-heal|p2a: ninjaboss|100\/100|[from] Grassy Terrain\n|-heal|p1a: Dondozo|100\/100|[from] Grassy Terrain\n|upkeep\n|turn|10\n|\n|t:|1698001426\n|move|p2a: ninjaboss|Dark Pulse|p1a: Dondozo\n|-damage|p1a: Dondozo|52\/100\n|-damage|p2a: ninjaboss|91\/100|[from] item: Life Orb\n|move|p1a: Dondozo|Body Press|p2a: ninjaboss\n|-supereffective|p2a: ninjaboss\n|-damage|p2a: ninjaboss|17\/100\n|\n|-heal|p2a: ninjaboss|24\/100|[from] Grassy Terrain\n|-heal|p1a: Dondozo|58\/100|[from] Grassy Terrain\n|-heal|p1a: Dondozo|64\/100|[from] item: Leftovers\n|-fieldend|move: Grassy Terrain\n|upkeep\n|turn|11\n|\n|t:|1698001444\n|move|p1a: Dondozo|Protect|p1a: Dondozo\n|-singleturn|p1a: Dondozo|Protect\n|move|p2a: ninjaboss|Grass Knot|p1a: Dondozo\n|-activate|p1a: Dondozo|move: Protect\n|\n|-heal|p1a: Dondozo|70\/100|[from] item: Leftovers\n|upkeep\n|turn|12\n|\n|t:|1698001477\n|move|p2a: ninjaboss|Grass Knot|p1a: Dondozo\n|-supereffective|p1a: Dondozo\n|-damage|p1a: Dondozo|0 fnt\n|faint|p1a: Dondozo\n|-damage|p2a: ninjaboss|14\/100|[from] item: Life Orb\n|\n|upkeep\n|\n|t:|1698001485\n|switch|p1a: Kingambit|Kingambit, M|100\/100\n|-activate|p1a: Kingambit|ability: Supreme Overlord\n|-start|p1a: Kingambit|fallen2|[silent]\n|turn|13\n|\n|t:|1698001508\n|move|p2a: ninjaboss|Water Shuriken|p1a: Kingambit\n|-damage|p1a: Kingambit|88\/100\n|-damage|p1a: Kingambit|73\/100\n|-damage|p1a: Kingambit|59\/100\n|-damage|p1a: Kingambit|47\/100\n|-damage|p1a: Kingambit|32\/100\n|-hitcount|p1a: Kingambit|5\n|-damage|p2a: ninjaboss|4\/100|[from] item: Life Orb\n|move|p1a: Kingambit|Iron Head|p2a: ninjaboss\n|-resisted|p2a: ninjaboss\n|-damage|p2a: ninjaboss|0 fnt\n|faint|p2a: ninjaboss\n|\n|upkeep\n|\n|t:|1698001521\n|switch|p2a: bubblegum princess|Gligar, F|39\/100\n|turn|14\n|\n|t:|1698001538\n|move|p2a: bubblegum princess|Earthquake|p1a: Kingambit\n|-supereffective|p1a: Kingambit\n|-damage|p1a: Kingambit|0 fnt\n|faint|p1a: Kingambit\n|-end|p1a: Kingambit|fallen2|[silent]\n|\n|upkeep\n|\n|t:|1698001546\n|switch|p1a: Iron Moth|Iron Moth|100\/100\n|-enditem|p1a: Iron Moth|Booster Energy\n|-activate|p1a: Iron Moth|ability: Quark Drive|[fromitem]\n|-start|p1a: Iron Moth|quarkdrivespe\n|turn|15\n|\n|t:|1698001591\n|move|p1a: Iron Moth|Fiery Dance|p2a: bubblegum princess\n|-damage|p2a: bubblegum princess|15\/100\n|-boost|p1a: Iron Moth|spa|1\n|move|p2a: bubblegum princess|Earthquake|p1a: Iron Moth\n|-supereffective|p1a: Iron Moth\n|-damage|p1a: Iron Moth|0 fnt\n|faint|p1a: Iron Moth\n|-end|p1a: Iron Moth|Quark Drive|[silent]\n|\n|upkeep\n|l| IUXCelestialQueen\n|\n|t:|1698001611\n|switch|p1a: Regidrago|Regidrago|72\/100\n|turn|16\n|\n|t:|1698001621\n|move|p1a: Regidrago|Hyper Beam|p2a: bubblegum princess\n|-damage|p2a: bubblegum princess|0 fnt\n|-mustrecharge|p1a: Regidrago\n|faint|p2a: bubblegum princess\n|\n|upkeep\n|\n|t:|1698001624\n|switch|p2a: used cottonball|Primeape, F, shiny, tera:Fairy|54\/100\n|turn|17\n|j| IUXCelestialQueen\n|\n|t:|1698001633\n|cant|p1a: Regidrago|recharge\n|move|p2a: used cottonball|Rest|p2a: used cottonball\n|-status|p2a: used cottonball|slp|[from] move: Rest\n|-heal|p2a: used cottonball|100\/100 slp|[silent]\n|\n|upkeep\n|turn|18\n|\n|t:|1698001641\n|switch|p1a: Regieleki|Regieleki|100\/100\n|cant|p2a: used cottonball|slp\n|\n|upkeep\n|turn|19\n|\n|t:|1698001653\n|move|p1a: Regieleki|Thunderbolt|p2a: used cottonball\n|-damage|p2a: used cottonball|44\/100 slp\n|cant|p2a: used cottonball|slp\n|\n|upkeep\n|turn|20\n|\n|t:|1698001673\n|switch|p2a: purple baby|Slowking-Galar, F|75\/100\n|move|p1a: Regieleki|Thunderbolt|p2a: purple baby\n|-damage|p2a: purple baby|7\/100\n|\n|upkeep\n|turn|21\n|\n|t:|1698001679\n|move|p1a: Regieleki|Thunderbolt|p2a: purple baby\n|-damage|p2a: purple baby|0 fnt\n|faint|p2a: purple baby\n|\n|upkeep\n|\n|t:|1698001684\n|switch|p2a: cypress|Rillaboom, F, shiny|87\/100\n|-fieldstart|move: Grassy Terrain|[from] ability: Grassy Surge|[of] p2a: cypress\n|turn|22\n|\n|t:|1698001690\n|move|p1a: Regieleki|Thunderbolt|p2a: cypress\n|-resisted|p2a: cypress\n|-damage|p2a: cypress|59\/100\n|move|p2a: cypress|High Horsepower|p1a: Regieleki\n|-supereffective|p1a: Regieleki\n|-damage|p1a: Regieleki|0 fnt\n|faint|p1a: Regieleki\n|\n|-heal|p2a: cypress|65\/100|[from] Grassy Terrain\n|upkeep\n|\n|t:|1698001700\n|switch|p1a: Regidrago|Regidrago|72\/100\n|turn|23\n|\n|t:|1698001709\n|move|p1a: Regidrago|Dragon Energy|p2a: cypress\n|-damage|p2a: cypress|26\/100\n|move|p2a: cypress|High Horsepower|p1a: Regidrago\n|-damage|p1a: Regidrago|35\/100\n|\n|-heal|p1a: Regidrago|41\/100|[from] Grassy Terrain\n|-heal|p2a: cypress|32\/100|[from] Grassy Terrain\n|upkeep\n|turn|24\n|\n|t:|1698001719\n|switch|p2a: used cottonball|Primeape, F, shiny, tera:Fairy|44\/100 slp\n|move|p1a: Regidrago|Dragon Energy|p2a: used cottonball\n|-immune|p2a: used cottonball\n|\n|-heal|p1a: Regidrago|47\/100|[from] Grassy Terrain\n|-heal|p2a: used cottonball|50\/100 slp|[from] Grassy Terrain\n|upkeep\n|turn|25\n|\n|t:|1698001730\n|move|p1a: Regidrago|Dragon Energy|p2a: used cottonball\n|-immune|p2a: used cottonball\n|-curestatus|p2a: used cottonball|slp|[msg]\n|move|p2a: used cottonball|Rage Fist|p1a: Regidrago\n|-damage|p1a: Regidrago|7\/100\n|\n|-heal|p1a: Regidrago|13\/100|[from] Grassy Terrain\n|-heal|p2a: used cottonball|56\/100|[from] Grassy Terrain\n|upkeep\n|turn|26\n|c|\u2606IUXkysersosa|gg\n|\n|t:|1698001747\n|move|p1a: Regidrago|Dragon Energy|p2a: used cottonball\n|-immune|p2a: used cottonball\n|move|p2a: used cottonball|Rage Fist|p1a: Regidrago\n|-damage|p1a: Regidrago|0 fnt\n|faint|p1a: Regidrago\n|\n|win|IUXkysersosa\n|l| IUXCelestialQueen\n","uploadtime":1698001758,"views":142,"p1id":"iboxedyou","p2id":"iuxkysersosa","formatid":"gen9ubers","rating":0,"private":0,"password":""}