{"id":"gen9ubers-1985125172","p1":"RealityJB","p2":"GordonH40","format":"[Gen 9] Ubers","log":"|j|\u2606RealityJB\n|j|\u2606GordonH40\n|t:|1699334475\n|gametype|singles\n|player|p1|RealityJB|2|\n|player|p2|GordonH40|li|\n|teamsize|p1|6\n|teamsize|p2|6\n|gen|9\n|tier|[Gen 9] Ubers\n|rule|Sleep Clause Mod: Limit one foe put to sleep\n|rule|Species Clause: Limit one of each Pok\u00e9mon\n|rule|OHKO Clause: OHKO moves are banned\n|rule|Evasion Items Clause: Evasion items are banned\n|rule|Evasion Moves Clause: Evasion moves are banned\n|rule|Endless Battle Clause: Forcing endless battles is banned\n|rule|HP Percentage Mod: HP is shown in percentages\n|clearpoke\n|poke|p1|Klefki, F|\n|poke|p1|Espeon, M|\n|poke|p1|Conkeldurr, F|\n|poke|p1|Garchomp, F|\n|poke|p1|Rotom-Wash|\n|poke|p1|Camerupt, M|\n|poke|p2|Ting-Lu|\n|poke|p2|Ninetales-Alola, M|\n|poke|p2|Dragapult, F|\n|poke|p2|Iron Moth|\n|poke|p2|Corviknight, M|\n|poke|p2|Meowscarada, F|\n|teampreview\n|inactive|Battle timer is ON: inactive players will automatically lose when time's up. (requested by GordonH40)\n|inactive|GordonH40 has 270 seconds left.\n|\n|t:|1699334515\n|start\n|switch|p1a: Garchomp|Garchomp, F|100\/100\n|switch|p2a: Ting-Lu|Ting-Lu|100\/100\n|-ability|p2a: Ting-Lu|Vessel of Ruin\n|turn|1\n|\n|t:|1699334522\n|switch|p1a: Espeon|Espeon, M|100\/100\n|move|p2a: Ting-Lu|Earthquake|p1a: Espeon\n|-damage|p1a: Espeon|30\/100\n|\n|upkeep\n|turn|2\n|\n|t:|1699334536\n|move|p1a: Espeon|Draining Kiss|p2a: Ting-Lu\n|-supereffective|p2a: Ting-Lu\n|-damage|p2a: Ting-Lu|78\/100\n|-heal|p1a: Espeon|63\/100|[from] drain|[of] p2a: Ting-Lu\n|move|p2a: Ting-Lu|Earthquake|p1a: Espeon\n|-damage|p1a: Espeon|0 fnt\n|faint|p1a: Espeon\n|\n|-heal|p2a: Ting-Lu|84\/100|[from] item: Leftovers\n|upkeep\n|\n|t:|1699334551\n|switch|p1a: Camerupt|Camerupt, M, shiny|100\/100\n|turn|3\n|\n|t:|1699334568\n|-terastallize|p1a: Camerupt|Water\n|move|p2a: Ting-Lu|Stealth Rock|p1a: Camerupt\n|-sidestart|p1: RealityJB|move: Stealth Rock\n|move|p1a: Camerupt|Tera Blast|p2a: Ting-Lu|[anim] Tera Blast Water\n|-supereffective|p2a: Ting-Lu\n|-damage|p2a: Ting-Lu|37\/100\n|-damage|p1a: Camerupt|91\/100|[from] item: Life Orb\n|\n|-heal|p2a: Ting-Lu|43\/100|[from] item: Leftovers\n|upkeep\n|turn|4\n|\n|t:|1699334584\n|switch|p2a: Ninetales|Ninetales-Alola, M|100\/100\n|-weather|Snow|[from] ability: Snow Warning|[of] p2a: Ninetales\n|move|p1a: Camerupt|Tera Blast|p2a: Ninetales|[anim] Tera Blast Water\n|-damage|p2a: Ninetales|51\/100\n|-damage|p1a: Camerupt|81\/100|[from] item: Life Orb\n|\n|-weather|Snow|[upkeep]\n|upkeep\n|turn|5\n|\n|t:|1699334593\n|move|p2a: Ninetales|Freeze-Dry|p1a: Camerupt\n|-supereffective|p1a: Camerupt\n|-damage|p1a: Camerupt|44\/100\n|move|p1a: Camerupt|Flamethrower|p2a: Ninetales\n|-supereffective|p2a: Ninetales\n|-damage|p2a: Ninetales|0 fnt\n|faint|p2a: Ninetales\n|-damage|p1a: Camerupt|34\/100|[from] item: Life Orb\n|\n|-weather|Snow|[upkeep]\n|upkeep\n|\n|t:|1699334602\n|switch|p2a: Meowscarada|Meowscarada, F|100\/100\n|turn|6\n|\n|t:|1699334607\n|switch|p1a: Klefki|Klefki, F|100\/100\n|-damage|p1a: Klefki|95\/100|[from] Stealth Rock\n|move|p2a: Meowscarada|Flower Trick|p1a: Klefki\n|-start|p2a: Meowscarada|typechange|Grass|[from] ability: Protean\n|-resisted|p1a: Klefki\n|-crit|p1a: Klefki\n|-damage|p1a: Klefki|63\/100\n|\n|-weather|Snow|[upkeep]\n|upkeep\n|turn|7\n|\n|t:|1699334621\n|switch|p2a: Corviknight|Corviknight, M|100\/100\n|-ability|p2a: Corviknight|Pressure\n|move|p1a: Klefki|Thunder Wave|p2a: Corviknight\n|-status|p2a: Corviknight|par\n|\n|-weather|Snow|[upkeep]\n|upkeep\n|turn|8\n|\n|t:|1699334632\n|switch|p1a: Rotom|Rotom-Wash|100\/100\n|-damage|p1a: Rotom|88\/100|[from] Stealth Rock\n|move|p2a: Corviknight|Iron Head|p1a: Rotom\n|-resisted|p1a: Rotom\n|-damage|p1a: Rotom|81\/100\n|\n|-weather|none\n|upkeep\n|turn|9\n|\n|t:|1699334639\n|switch|p1a: Klefki|Klefki, F|63\/100\n|-damage|p1a: Klefki|57\/100|[from] Stealth Rock\n|switch|p2a: Meowscarada|Meowscarada, F|100\/100\n|\n|upkeep\n|turn|10\n|\n|t:|1699334657\n|move|p1a: Klefki|Thunder Wave|p2a: Meowscarada\n|-hint|Since gen 7, Dark is immune to Prankster moves.\n|-immune|p2a: Meowscarada\n|move|p2a: Meowscarada|U-turn|p1a: Klefki\n|-start|p2a: Meowscarada|typechange|Bug|[from] ability: Protean\n|-resisted|p1a: Klefki\n|-damage|p1a: Klefki|47\/100\n|\n|t:|1699334672\n|switch|p2a: Iron Moth|Iron Moth|100\/100|[from] U-turn\n|-enditem|p2a: Iron Moth|Booster Energy\n|-activate|p2a: Iron Moth|ability: Quark Drive|[fromitem]\n|-start|p2a: Iron Moth|quarkdrivespa\n|\n|upkeep\n|turn|11\n|\n|t:|1699334678\n|move|p2a: Iron Moth|Agility|p2a: Iron Moth\n|-boost|p2a: Iron Moth|spe|2\n|move|p1a: Klefki|Trick Room|p1a: Klefki\n|-fieldstart|move: Trick Room|[of] p1a: Klefki\n|\n|upkeep\n|turn|12\n|\n|t:|1699334701\n|move|p1a: Klefki|Thunder Wave|p2a: Iron Moth\n|-status|p2a: Iron Moth|par\n|move|p2a: Iron Moth|Psychic|p1a: Klefki\n|-resisted|p1a: Klefki\n|-damage|p1a: Klefki|20\/100\n|-enditem|p1a: Klefki|Aguav Berry|[eat]\n|-heal|p1a: Klefki|53\/100|[from] item: Aguav Berry\n|\n|upkeep\n|turn|13\n|\n|t:|1699334708\n|switch|p1a: Camerupt|Camerupt, M, shiny, tera:Water|34\/100\n|-damage|p1a: Camerupt|21\/100|[from] Stealth Rock\n|move|p2a: Iron Moth|Fiery Dance|p1a: Camerupt\n|-resisted|p1a: Camerupt\n|-damage|p1a: Camerupt|0 fnt\n|faint|p1a: Camerupt\n|\n|upkeep\n|\n|t:|1699334712\n|switch|p1a: Garchomp|Garchomp, F|100\/100\n|-damage|p1a: Garchomp|94\/100|[from] Stealth Rock\n|turn|14\n|\n|t:|1699334719\n|-end|p2a: Iron Moth|Quark Drive|[silent]\n|switch|p2a: Corviknight|Corviknight, M|100\/100 par\n|-ability|p2a: Corviknight|Pressure\n|move|p1a: Garchomp|Earthquake|p2a: Corviknight\n|-immune|p2a: Corviknight\n|\n|upkeep\n|turn|15\n|\n|t:|1699334730\n|move|p2a: Corviknight|Defog|p1a: Garchomp\n|-unboost|p1a: Garchomp|evasion|1\n|-sideend|p1: RealityJB|Stealth Rock|[from] move: Defog|[of] p2a: Corviknight\n|move|p1a: Garchomp|Iron Head|p2a: Corviknight\n|-resisted|p2a: Corviknight\n|-damage|p2a: Corviknight|88\/100 par\n|-damage|p1a: Garchomp|85\/100|[from] item: Life Orb\n|\n|-heal|p2a: Corviknight|94\/100 par|[from] item: Leftovers\n|-fieldend|move: Trick Room\n|upkeep\n|turn|16\n|\n|t:|1699334740\n|move|p1a: Garchomp|Dragon Claw|p2a: Corviknight\n|-resisted|p2a: Corviknight\n|-damage|p2a: Corviknight|76\/100 par\n|-damage|p1a: Garchomp|75\/100|[from] item: Life Orb\n|move|p2a: Corviknight|Iron Head|p1a: Garchomp\n|-damage|p1a: Garchomp|51\/100\n|-damage|p2a: Corviknight|64\/100 par|[from] ability: Rough Skin|[of] p1a: Garchomp\n|\n|-heal|p2a: Corviknight|70\/100 par|[from] item: Leftovers\n|upkeep\n|turn|17\n|\n|t:|1699334767\n|switch|p1a: Klefki|Klefki, F|53\/100\n|move|p2a: Corviknight|Iron Head|p1a: Klefki\n|-damage|p1a: Klefki|33\/100\n|\n|-heal|p2a: Corviknight|76\/100 par|[from] item: Leftovers\n|upkeep\n|turn|18\n|\n|t:|1699334783\n|move|p1a: Klefki|Spikes|p2a: Corviknight\n|-sidestart|p2: GordonH40|Spikes\n|move|p2a: Corviknight|Body Press|p1a: Klefki\n|-damage|p1a: Klefki|14\/100\n|\n|-heal|p2a: Corviknight|83\/100 par|[from] item: Leftovers\n|upkeep\n|turn|19\n|\n|t:|1699334790\n|move|p1a: Klefki|Spikes|p2a: Corviknight\n|-sidestart|p2: GordonH40|Spikes\n|cant|p2a: Corviknight|par\n|\n|-heal|p2a: Corviknight|89\/100 par|[from] item: Leftovers\n|upkeep\n|turn|20\n|\n|t:|1699334796\n|move|p1a: Klefki|Spikes|p2a: Corviknight\n|-sidestart|p2: GordonH40|Spikes\n|move|p2a: Corviknight|Body Press|p1a: Klefki\n|-damage|p1a: Klefki|0 fnt\n|faint|p1a: Klefki\n|\n|-heal|p2a: Corviknight|95\/100 par|[from] item: Leftovers\n|upkeep\n|\n|t:|1699334799\n|switch|p1a: Rotom|Rotom-Wash|81\/100\n|turn|21\n|\n|t:|1699334805\n|move|p1a: Rotom|Discharge|p2a: Corviknight\n|-supereffective|p2a: Corviknight\n|-damage|p2a: Corviknight|13\/100 par\n|-damage|p1a: Rotom|71\/100|[from] item: Life Orb\n|move|p2a: Corviknight|Defog|p1a: Rotom\n|-unboost|p1a: Rotom|evasion|1\n|-sideend|p2: GordonH40|Spikes|[from] move: Defog|[of] p2a: Corviknight\n|\n|-heal|p2a: Corviknight|19\/100 par|[from] item: Leftovers\n|upkeep\n|turn|22\n|\n|t:|1699334824\n|switch|p2a: Ting-Lu|Ting-Lu|43\/100\n|-ability|p2a: Ting-Lu|Vessel of Ruin\n|move|p1a: Rotom|Hydro Pump|p2a: Ting-Lu|[miss]\n|-miss|p1a: Rotom|p2a: Ting-Lu\n|\n|-heal|p2a: Ting-Lu|49\/100|[from] item: Leftovers\n|upkeep\n|turn|23\n|\n|t:|1699334833\n|move|p1a: Rotom|Hydro Pump|p2a: Ting-Lu\n|-supereffective|p2a: Ting-Lu\n|-damage|p2a: Ting-Lu|0 fnt\n|faint|p2a: Ting-Lu\n|-damage|p1a: Rotom|61\/100|[from] item: Life Orb\n|\n|upkeep\n|\n|t:|1699334838\n|switch|p2a: Meowscarada|Meowscarada, F|100\/100\n|turn|24\n|\n|t:|1699334853\n|move|p2a: Meowscarada|Flower Trick|p1a: Rotom\n|-start|p2a: Meowscarada|typechange|Grass|[from] ability: Protean\n|-supereffective|p1a: Rotom\n|-crit|p1a: Rotom\n|-damage|p1a: Rotom|0 fnt\n|faint|p1a: Rotom\n|\n|upkeep\n|\n|t:|1699334856\n|switch|p1a: Conkeldurr|Conkeldurr, F|100\/100\n|turn|25\n|\n|t:|1699334867\n|switch|p2a: Corviknight|Corviknight, M|19\/100 par\n|-ability|p2a: Corviknight|Pressure\n|move|p1a: Conkeldurr|Knock Off|p2a: Corviknight\n|-damage|p2a: Corviknight|0 fnt\n|-enditem|p2a: Corviknight|Leftovers|[from] move: Knock Off|[of] p1a: Conkeldurr\n|faint|p2a: Corviknight\n|\n|-status|p1a: Conkeldurr|brn|[from] item: Flame Orb\n|upkeep\n|\n|t:|1699334877\n|switch|p2a: Iron Moth|Iron Moth|100\/100 par\n|turn|26\n|\n|t:|1699334882\n|move|p2a: Iron Moth|Psychic|p1a: Conkeldurr\n|-supereffective|p1a: Conkeldurr\n|-damage|p1a: Conkeldurr|23\/100 brn\n|move|p1a: Conkeldurr|Facade|p2a: Iron Moth\n|-damage|p2a: Iron Moth|0 fnt\n|faint|p2a: Iron Moth\n|-end|p2a: Iron Moth|Quark Drive|[silent]\n|\n|-damage|p1a: Conkeldurr|17\/100 brn|[from] brn\n|upkeep\n|\n|t:|1699334893\n|switch|p2a: Meowscarada|Meowscarada, F|100\/100\n|turn|27\n|\n|t:|1699334908\n|move|p1a: Conkeldurr|Mach Punch|p2a: Meowscarada\n|-supereffective|p2a: Meowscarada\n|-damage|p2a: Meowscarada|0 fnt\n|faint|p2a: Meowscarada\n|\n|-damage|p1a: Conkeldurr|11\/100 brn|[from] brn\n|upkeep\n|\n|t:|1699334914\n|switch|p2a: Dragapult|Dragapult, F|100\/100\n|turn|28\n|\n|t:|1699334931\n|move|p2a: Dragapult|Shadow Ball|p1a: Conkeldurr\n|-damage|p1a: Conkeldurr|0 fnt\n|faint|p1a: Conkeldurr\n|\n|upkeep\n|\n|t:|1699334934\n|switch|p1a: Garchomp|Garchomp, F|51\/100\n|turn|29\n|\n|t:|1699334936\n|move|p2a: Dragapult|Shadow Ball|p1a: Garchomp\n|-damage|p1a: Garchomp|0 fnt\n|faint|p1a: Garchomp\n|\n|win|GordonH40\n","uploadtime":1699334946,"views":14,"p1id":"realityjb","p2id":"gordonh40","formatid":"gen9ubers","rating":0,"private":0,"password":""}