{"id":"gen9ubers-1991542758","p1":"RedemptionDeath","p2":"jackbad","format":"[Gen 9] Ubers","log":"|j|\u2606RedemptionDeath\n|j|\u2606jackbad\n|t:|1700086665\n|gametype|singles\n|player|p1|RedemptionDeath|169|1111\n|player|p2|jackbad|265|1024\n|teamsize|p1|6\n|teamsize|p2|6\n|gen|9\n|tier|[Gen 9] Ubers\n|rated|\n|rule|Sleep Clause Mod: Limit one foe put to sleep\n|rule|Species Clause: Limit one of each Pok\u00e9mon\n|rule|OHKO Clause: OHKO moves are banned\n|rule|Evasion Items Clause: Evasion items are banned\n|rule|Evasion Moves Clause: Evasion moves are banned\n|rule|Endless Battle Clause: Forcing endless battles is banned\n|rule|HP Percentage Mod: HP is shown in percentages\n|clearpoke\n|poke|p1|Chien-Pao|\n|poke|p1|Gholdengo|\n|poke|p1|Tyranitar, M|\n|poke|p1|Quaquaval, F|\n|poke|p1|Amoonguss, M|\n|poke|p1|Iron Treads|\n|poke|p2|Zacian-*|\n|poke|p2|Chi-Yu|\n|poke|p2|Palafin, F|\n|poke|p2|Baxcalibur, M|\n|poke|p2|Annihilape, M|\n|poke|p2|Kingambit, F|\n|teampreview\n|inactive|Battle timer is ON: inactive players will automatically lose when time's up. (requested by RedemptionDeath)\n|\n|t:|1700086675\n|start\n|switch|p1a: Amoonguss|Amoonguss, M|100\/100\n|switch|p2a: Palafin|Palafin, F|100\/100\n|turn|1\n|\n|t:|1700086681\n|move|p2a: Palafin|Flip Turn|p1a: Amoonguss\n|-resisted|p1a: Amoonguss\n|-damage|p1a: Amoonguss|89\/100\n|\n|t:|1700086694\n|detailschange|p2a: Palafin|Palafin-Hero, F\n|switch|p2a: Kingambit|Kingambit, F|100\/100|[from] Flip Turn\n|move|p1a: Amoonguss|Spore|p2a: Kingambit\n|-status|p2a: Kingambit|slp|[from] move: Spore\n|\n|-heal|p1a: Amoonguss|95\/100|[from] item: Black Sludge\n|upkeep\n|turn|2\n|\n|t:|1700086708\n|switch|p1a: Quaquaval|Quaquaval, F|100\/100\n|cant|p2a: Kingambit|slp\n|\n|upkeep\n|turn|3\n|\n|t:|1700086718\n|-end|p2a: Kingambit|fallenundefined|[silent]\n|switch|p2a: Annihilape|Annihilape, M|100\/100\n|move|p1a: Quaquaval|Bulk Up|p1a: Quaquaval\n|-boost|p1a: Quaquaval|atk|1\n|-boost|p1a: Quaquaval|def|1\n|\n|upkeep\n|turn|4\n|\n|t:|1700086739\n|move|p2a: Annihilape|Final Gambit|p1a: Quaquaval\n|-damage|p1a: Quaquaval|0 fnt\n|faint|p2a: Annihilape\n|faint|p1a: Quaquaval\n|\n|upkeep\n|\n|t:|1700086748\n|switch|p2a: Zacian|Zacian-Crowned|100\/100\n|switch|p1a: Chien-Pao|Chien-Pao|100\/100\n|-ability|p2a: Zacian|Intrepid Sword|boost\n|-boost|p2a: Zacian|atk|1\n|-ability|p1a: Chien-Pao|Sword of Ruin\n|turn|5\n|\n|t:|1700086756\n|move|p2a: Zacian|Behemoth Blade|p1a: Chien-Pao\n|-supereffective|p1a: Chien-Pao\n|-enditem|p1a: Chien-Pao|Focus Sash\n|-damage|p1a: Chien-Pao|1\/100\n|move|p1a: Chien-Pao|Sacred Sword|p2a: Zacian\n|-damage|p2a: Zacian|62\/100\n|\n|upkeep\n|turn|6\n|\n|t:|1700086764\n|move|p1a: Chien-Pao|Sucker Punch|p2a: Zacian\n|-resisted|p2a: Zacian\n|-damage|p2a: Zacian|37\/100\n|move|p2a: Zacian|Behemoth Blade|p1a: Chien-Pao\n|-supereffective|p1a: Chien-Pao\n|-damage|p1a: Chien-Pao|0 fnt\n|faint|p1a: Chien-Pao\n|\n|upkeep\n|\n|t:|1700086774\n|switch|p1a: Iron Treads|Iron Treads|100\/100\n|turn|7\n|\n|t:|1700086793\n|-terastallize|p1a: Iron Treads|Ground\n|move|p2a: Zacian|Close Combat|p1a: Iron Treads\n|-damage|p1a: Iron Treads|63\/100\n|-unboost|p2a: Zacian|def|1\n|-unboost|p2a: Zacian|spd|1\n|move|p1a: Iron Treads|Heavy Slam|p2a: Zacian\n|-crit|p2a: Zacian\n|-damage|p2a: Zacian|3\/100\n|\n|-heal|p1a: Iron Treads|69\/100|[from] item: Leftovers\n|upkeep\n|turn|8\n|\n|t:|1700086818\n|move|p2a: Zacian|Close Combat|p1a: Iron Treads\n|-damage|p1a: Iron Treads|30\/100\n|-unboost|p2a: Zacian|def|1\n|-unboost|p2a: Zacian|spd|1\n|move|p1a: Iron Treads|Rapid Spin|p2a: Zacian\n|-resisted|p2a: Zacian\n|-damage|p2a: Zacian|0 fnt\n|-boost|p1a: Iron Treads|spe|1\n|faint|p2a: Zacian\n|\n|-heal|p1a: Iron Treads|36\/100|[from] item: Leftovers\n|upkeep\n|\n|t:|1700086828\n|switch|p2a: Palafin|Palafin-Hero, F|100\/100\n|-activate|p2a: Palafin|ability: Zero to Hero\n|turn|9\n|\n|t:|1700086840\n|move|p1a: Iron Treads|Stealth Rock|p2a: Palafin\n|-sidestart|p2: jackbad|move: Stealth Rock\n|move|p2a: Palafin|Liquidation|p1a: Iron Treads\n|-supereffective|p1a: Iron Treads\n|-damage|p1a: Iron Treads|0 fnt\n|faint|p1a: Iron Treads\n|-end|p1a: Iron Treads|Quark Drive|[silent]\n|\n|upkeep\n|\n|t:|1700086847\n|switch|p1a: Amoonguss|Amoonguss, M|100\/100\n|turn|10\n|\n|t:|1700086855\n|switch|p2a: Kingambit|Kingambit, F|100\/100 slp\n|-damage|p2a: Kingambit|94\/100 slp|[from] Stealth Rock\n|-activate|p2a: Kingambit|ability: Supreme Overlord\n|-start|p2a: Kingambit|fallen2|[silent]\n|move|p1a: Amoonguss|Sludge Bomb|p2a: Kingambit\n|-immune|p2a: Kingambit\n|\n|-heal|p2a: Kingambit|100\/100 slp|[from] item: Leftovers\n|upkeep\n|turn|11\n|\n|t:|1700086866\n|cant|p2a: Kingambit|slp\n|move|p1a: Amoonguss|Spore|p2a: Kingambit\n|-fail|p2a: Kingambit|slp\n|\n|upkeep\n|turn|12\n|\n|t:|1700086872\n|cant|p2a: Kingambit|slp\n|move|p1a: Amoonguss|Spore|p2a: Kingambit\n|-fail|p2a: Kingambit|slp\n|\n|upkeep\n|turn|13\n|\n|t:|1700086876\n|-curestatus|p2a: Kingambit|slp|[msg]\n|move|p2a: Kingambit|Kowtow Cleave|p1a: Amoonguss\n|-damage|p1a: Amoonguss|55\/100\n|move|p1a: Amoonguss|Spore|p2a: Kingambit\n|-status|p2a: Kingambit|slp|[from] move: Spore\n|\n|-heal|p1a: Amoonguss|61\/100|[from] item: Black Sludge\n|upkeep\n|turn|14\n|\n|t:|1700086896\n|cant|p2a: Kingambit|slp\n|move|p1a: Amoonguss|Synthesis|p1a: Amoonguss\n|-heal|p1a: Amoonguss|100\/100\n|\n|upkeep\n|turn|15\n|\n|t:|1700086908\n|switch|p1a: Tyranitar|Tyranitar, M|100\/100\n|-weather|Sandstorm|[from] ability: Sand Stream|[of] p1a: Tyranitar\n|cant|p2a: Kingambit|slp\n|\n|-weather|Sandstorm|[upkeep]\n|upkeep\n|turn|16\n|\n|t:|1700086921\n|move|p1a: Tyranitar|Stone Edge|p2a: Kingambit\n|-resisted|p2a: Kingambit\n|-damage|p2a: Kingambit|85\/100 slp\n|-curestatus|p2a: Kingambit|slp|[msg]\n|move|p2a: Kingambit|Iron Head|p1a: Tyranitar\n|-supereffective|p1a: Tyranitar\n|-damage|p1a: Tyranitar|8\/100\n|\n|-weather|Sandstorm|[upkeep]\n|-heal|p2a: Kingambit|92\/100|[from] item: Leftovers\n|upkeep\n|turn|17\n|c|\u2606RedemptionDeath|L predict\n|c|\u2606RedemptionDeath|suck my nuts\n|\n|t:|1700086931\n|move|p1a: Tyranitar|Earthquake|p2a: Kingambit\n|-supereffective|p2a: Kingambit\n|-damage|p2a: Kingambit|48\/100\n|move|p2a: Kingambit|Iron Head|p1a: Tyranitar\n|-supereffective|p1a: Tyranitar\n|-damage|p1a: Tyranitar|0 fnt\n|faint|p1a: Tyranitar\n|\n|-weather|Sandstorm|[upkeep]\n|-heal|p2a: Kingambit|54\/100|[from] item: Leftovers\n|upkeep\n|\n|t:|1700086939\n|switch|p1a: Amoonguss|Amoonguss, M|100\/100\n|turn|18\n|\n|t:|1700086949\n|move|p2a: Kingambit|Iron Head|p1a: Amoonguss\n|-damage|p1a: Amoonguss|61\/100\n|move|p1a: Amoonguss|Spore|p2a: Kingambit\n|-status|p2a: Kingambit|slp|[from] move: Spore\n|\n|-weather|Sandstorm|[upkeep]\n|-damage|p1a: Amoonguss|55\/100|[from] Sandstorm\n|-heal|p2a: Kingambit|60\/100 slp|[from] item: Leftovers\n|-heal|p1a: Amoonguss|61\/100|[from] item: Black Sludge\n|upkeep\n|turn|19\n|\n|t:|1700086961\n|-end|p2a: Kingambit|fallen2|[silent]\n|switch|p2a: Chi-Yu|Chi-Yu|100\/100\n|-damage|p2a: Chi-Yu|76\/100|[from] Stealth Rock\n|-ability|p2a: Chi-Yu|Beads of Ruin\n|switch|p1a: Gholdengo|Gholdengo|100\/100\n|\n|-weather|none\n|upkeep\n|turn|20\n|\n|t:|1700086975\n|move|p2a: Chi-Yu|Overheat|p1a: Gholdengo\n|-supereffective|p1a: Gholdengo\n|-damage|p1a: Gholdengo|0 fnt\n|-unboost|p2a: Chi-Yu|spa|2\n|faint|p1a: Gholdengo\n|\n|upkeep\n|-message|RedemptionDeath forfeited.\n|\n|win|jackbad\n|raw|RedemptionDeath's rating: 1111 &rarr; <strong>1080<\/strong><br \/>(-31 for losing)\n|raw|jackbad's rating: 1024 &rarr; <strong>1069<\/strong><br \/>(+45 for winning)\n","uploadtime":1700086929,"views":5,"p1id":"redemptiondeath","p2id":"jackbad","formatid":"gen9ubers","rating":1069,"private":0,"password":""}