{"id":"gen9ubers-1986725947","p1":"Currys","p2":"mysticalcheese","format":"[Gen 9] Ubers","log":"|j|\u2606Currys\n|j|\u2606mysticalcheese\n|t:|1699514890\n|gametype|singles\n|player|p1|Currys|guitarist|\n|player|p2|mysticalcheese|2|\n|teamsize|p1|6\n|teamsize|p2|6\n|gen|9\n|tier|[Gen 9] Ubers\n|rule|Sleep Clause Mod: Limit one foe put to sleep\n|rule|Species Clause: Limit one of each Pok\u00e9mon\n|rule|OHKO Clause: OHKO moves are banned\n|rule|Evasion Items Clause: Evasion items are banned\n|rule|Evasion Moves Clause: Evasion moves are banned\n|rule|Endless Battle Clause: Forcing endless battles is banned\n|rule|HP Percentage Mod: HP is shown in percentages\n|clearpoke\n|poke|p1|Iron Bundle|\n|poke|p1|Great Tusk|\n|poke|p1|Jolteon, F|\n|poke|p1|Corviknight, F|\n|poke|p1|Hatterene, F|\n|poke|p1|Mismagius, M|\n|poke|p2|Torterra, F|\n|poke|p2|Weezing-Galar, M|\n|poke|p2|Amoonguss, F|\n|poke|p2|Chansey, F|\n|poke|p2|Iron Valiant|\n|poke|p2|Ditto|\n|teampreview\n|j| Rival Gary Oak\n|j| ShanmanT\n|n| ShanmanT|shanmant\n|\n|t:|1699515017\n|start\n|switch|p1a: Great Tusk|Great Tusk|100\/100\n|switch|p2a: Amoonguss|Amoonguss, F|100\/100\n|turn|1\n|\n|t:|1699515028\n|-end|p1a: Great Tusk|Protosynthesis|[silent]\n|switch|p1a: Hatterene|Hatterene, F|100\/100\n|move|p2a: Amoonguss|Giga Drain|p1a: Hatterene\n|-damage|p1a: Hatterene|81\/100\n|\n|upkeep\n|turn|2\n|\n|t:|1699515044\n|switch|p2a: Ditto|Ditto, shiny|100\/100\n|-transform|p2a: Ditto|p1a: Hatterene|[from] ability: Imposter\n|move|p1a: Hatterene|Trick|p2a: Ditto\n|-activate|p1a: Hatterene|move: Trick|[of] p2a: Ditto\n|-item|p2a: Ditto|Choice Scarf|[from] move: Trick\n|-item|p1a: Hatterene|Choice Scarf|[from] move: Trick\n|\n|upkeep\n|turn|3\n|\n|t:|1699515056\n|move|p1a: Hatterene|Light Screen|p1a: Hatterene\n|-sidestart|p1: Currys|move: Light Screen\n|move|p2a: Ditto|Light Screen|p2a: Ditto\n|-sidestart|p2: mysticalcheese|move: Light Screen\n|\n|upkeep\n|turn|4\n|\n|t:|1699515103\n|switch|p2a: Iron Valiant|Iron Valiant|100\/100\n|-enditem|p2a: Iron Valiant|Booster Energy\n|-activate|p2a: Iron Valiant|ability: Quark Drive|[fromitem]\n|-start|p2a: Iron Valiant|quarkdrivespe\n|switch|p1a: Mismagius|Mismagius, M|100\/100\n|\n|upkeep\n|turn|5\n|\n|t:|1699515115\n|move|p2a: Iron Valiant|Spirit Break|p1a: Mismagius\n|-damage|p1a: Mismagius|50\/100\n|-unboost|p1a: Mismagius|spa|1\n|move|p1a: Mismagius|Psyshock|p2a: Iron Valiant\n|-supereffective|p2a: Iron Valiant\n|-damage|p2a: Iron Valiant|86\/100\n|\n|-heal|p1a: Mismagius|56\/100|[from] item: Leftovers\n|upkeep\n|turn|6\n|\n|t:|1699515156\n|switch|p1a: Corviknight|Corviknight, F|100\/100\n|move|p2a: Iron Valiant|Swords Dance|p2a: Iron Valiant\n|-boost|p2a: Iron Valiant|atk|2\n|\n|upkeep\n|turn|7\n|\n|t:|1699515162\n|move|p2a: Iron Valiant|Thunder Punch|p1a: Corviknight\n|-supereffective|p1a: Corviknight\n|-damage|p1a: Corviknight|16\/100\n|move|p1a: Corviknight|Drill Peck|p2a: Iron Valiant\n|-supereffective|p2a: Iron Valiant\n|-damage|p2a: Iron Valiant|18\/100\n|\n|-heal|p1a: Corviknight|22\/100|[from] item: Leftovers\n|-sideend|p2: mysticalcheese|move: Light Screen\n|-sideend|p1: Currys|move: Light Screen\n|upkeep\n|turn|8\n|\n|t:|1699515176\n|switch|p1a: Jolteon|Jolteon, F|100\/100\n|move|p2a: Iron Valiant|Thunder Punch|p1a: Jolteon\n|-immune|p1a: Jolteon|[from] ability: Volt Absorb\n|\n|upkeep\n|turn|9\n|\n|t:|1699515182\n|move|p2a: Iron Valiant|Spirit Break|p1a: Jolteon\n|-damage|p1a: Jolteon|0 fnt\n|faint|p1a: Jolteon\n|\n|upkeep\n|\n|t:|1699515299\n|switch|p1a: Hatterene|Hatterene, F|81\/100\n|turn|10\n|\n|t:|1699515307\n|move|p2a: Iron Valiant|Spirit Break|p1a: Hatterene\n|-damage|p1a: Hatterene|3\/100\n|-unboost|p1a: Hatterene|spa|1\n|move|p1a: Hatterene|Psychic|p2a: Iron Valiant\n|-supereffective|p2a: Iron Valiant\n|-damage|p2a: Iron Valiant|0 fnt\n|faint|p2a: Iron Valiant\n|-end|p2a: Iron Valiant|Quark Drive|[silent]\n|\n|upkeep\n|\n|t:|1699515401\n|switch|p2a: Ditto|Ditto, shiny|100\/100\n|-transform|p2a: Ditto|p1a: Hatterene|[from] ability: Imposter\n|turn|11\n|\n|t:|1699515419\n|switch|p1a: Iron Bundle|Iron Bundle|100\/100\n|move|p2a: Ditto|Psychic|p1a: Iron Bundle\n|-damage|p1a: Iron Bundle|66\/100\n|\n|upkeep\n|turn|12\n|\n|t:|1699515424\n|switch|p2a: Chansey|Chansey, F|100\/100\n|move|p1a: Iron Bundle|Ice Beam|p2a: Chansey\n|-damage|p2a: Chansey|85\/100\n|\n|upkeep\n|turn|13\n|\n|t:|1699515432\n|move|p1a: Iron Bundle|Flip Turn|p2a: Chansey\n|-damage|p2a: Chansey|74\/100\n|\n|t:|1699515435\n|-end|p1a: Iron Bundle|Quark Drive|[silent]\n|switch|p1a: Great Tusk|Great Tusk|100\/100|[from] Flip Turn\n|move|p2a: Chansey|Seismic Toss|p1a: Great Tusk\n|-damage|p1a: Great Tusk|74\/100\n|\n|upkeep\n|turn|14\n|\n|t:|1699515466\n|switch|p2a: Weezing|Weezing-Galar, M|100\/100\n|move|p1a: Great Tusk|Knock Off|p2a: Weezing\n|-resisted|p2a: Weezing\n|-damage|p2a: Weezing|87\/100\n|-enditem|p2a: Weezing|Assault Vest|[from] move: Knock Off|[of] p1a: Great Tusk\n|\n|upkeep\n|turn|15\n|\n|t:|1699515482\n|-end|p1a: Great Tusk|Protosynthesis|[silent]\n|switch|p1a: Corviknight|Corviknight, F|22\/100\n|move|p2a: Weezing|Thunder|p1a: Corviknight\n|-supereffective|p1a: Corviknight\n|-damage|p1a: Corviknight|0 fnt\n|faint|p1a: Corviknight\n|\n|upkeep\n|\n|t:|1699515511\n|switch|p1a: Hatterene|Hatterene, F|3\/100\n|turn|16\n|\n|t:|1699515524\n|switch|p2a: Ditto|Ditto, shiny|100\/100\n|-transform|p2a: Ditto|p1a: Hatterene|[from] ability: Imposter\n|move|p1a: Hatterene|Healing Wish|p1a: Hatterene\n|faint|p1a: Hatterene\n|\n|upkeep\n|\n|t:|1699515540\n|switch|p1a: Mismagius|Mismagius, M|56\/100\n|-heal|p1a: Mismagius|100\/100|[from] move: Healing Wish\n|turn|17\n|\n|t:|1699515548\n|move|p1a: Mismagius|Shadow Ball|p2a: Ditto\n|-supereffective|p2a: Ditto\n|-damage|p2a: Ditto|50\/100\n|move|p2a: Ditto|Trick|p1a: Mismagius\n|-activate|p2a: Ditto|move: Trick|[of] p1a: Mismagius\n|-item|p1a: Mismagius|Choice Scarf|[from] move: Trick\n|-item|p2a: Ditto|Leftovers|[from] move: Trick\n|\n|-heal|p2a: Ditto|56\/100|[from] item: Leftovers\n|upkeep\n|turn|18\n|\n|t:|1699515583\n|switch|p2a: Amoonguss|Amoonguss, F|100\/100\n|move|p1a: Mismagius|Shadow Ball|p2a: Amoonguss\n|-damage|p2a: Amoonguss|84\/100\n|-unboost|p2a: Amoonguss|spd|1\n|\n|upkeep\n|turn|19\n|\n|t:|1699515605\n|move|p1a: Mismagius|Shadow Ball|p2a: Amoonguss\n|-damage|p2a: Amoonguss|61\/100\n|move|p2a: Amoonguss|Sludge Bomb|p1a: Mismagius\n|-resisted|p1a: Mismagius\n|-damage|p1a: Mismagius|91\/100\n|\n|upkeep\n|turn|20\n|\n|t:|1699515609\n|switch|p2a: Chansey|Chansey, F|74\/100\n|move|p1a: Mismagius|Shadow Ball|p2a: Chansey\n|-immune|p2a: Chansey\n|\n|upkeep\n|turn|21\n|\n|t:|1699515615\n|switch|p1a: Great Tusk|Great Tusk|74\/100\n|move|p2a: Chansey|Seismic Toss|p1a: Great Tusk\n|-damage|p1a: Great Tusk|47\/100\n|\n|upkeep\n|turn|22\n|\n|t:|1699515632\n|switch|p2a: Weezing|Weezing-Galar, M|87\/100\n|move|p1a: Great Tusk|Ice Spinner|p2a: Weezing\n|-damage|p2a: Weezing|61\/100\n|\n|upkeep\n|turn|23\n|\n|t:|1699515645\n|-end|p1a: Great Tusk|Protosynthesis|[silent]\n|switch|p1a: Mismagius|Mismagius, M|91\/100\n|move|p2a: Weezing|Strange Steam|p1a: Mismagius\n|-damage|p1a: Mismagius|68\/100\n|\n|upkeep\n|turn|24\n|\n|t:|1699515651\n|switch|p2a: Chansey|Chansey, F|74\/100\n|move|p1a: Mismagius|Psyshock|p2a: Chansey\n|-damage|p2a: Chansey|62\/100\n|\n|upkeep\n|turn|25\n|\n|t:|1699515659\n|switch|p1a: Great Tusk|Great Tusk|47\/100\n|move|p2a: Chansey|Stealth Rock|p1a: Great Tusk\n|-sidestart|p1: Currys|move: Stealth Rock\n|\n|upkeep\n|turn|26\n|\n|t:|1699515665\n|switch|p2a: Weezing|Weezing-Galar, M|61\/100\n|move|p1a: Great Tusk|Knock Off|p2a: Weezing\n|-resisted|p2a: Weezing\n|-damage|p2a: Weezing|51\/100\n|\n|upkeep\n|turn|27\n|\n|t:|1699515670\n|-end|p1a: Great Tusk|Protosynthesis|[silent]\n|switch|p1a: Mismagius|Mismagius, M|68\/100\n|-damage|p1a: Mismagius|56\/100|[from] Stealth Rock\n|move|p2a: Weezing|Strange Steam|p1a: Mismagius\n|-damage|p1a: Mismagius|32\/100\n|\n|upkeep\n|turn|28\n|\n|t:|1699515676\n|switch|p2a: Chansey|Chansey, F|62\/100\n|move|p1a: Mismagius|Pain Split|p2a: Chansey\n|-sethp|p2a: Chansey|38\/100|[from] move: Pain Split|[silent]\n|-sethp|p1a: Mismagius|83\/100|[from] move: Pain Split\n|\n|upkeep\n|turn|29\n|\n|t:|1699515686\n|switch|p1a: Great Tusk|Great Tusk|47\/100\n|-damage|p1a: Great Tusk|44\/100|[from] Stealth Rock\n|move|p2a: Chansey|Soft-Boiled|p2a: Chansey\n|-heal|p2a: Chansey|89\/100\n|\n|upkeep\n|turn|30\n|\n|t:|1699515689\n|switch|p2a: Weezing|Weezing-Galar, M|51\/100\n|move|p1a: Great Tusk|Knock Off|p2a: Weezing\n|-resisted|p2a: Weezing\n|-damage|p2a: Weezing|41\/100\n|\n|upkeep\n|turn|31\n|\n|t:|1699515695\n|move|p1a: Great Tusk|Knock Off|p2a: Weezing\n|-resisted|p2a: Weezing\n|-damage|p2a: Weezing|31\/100\n|move|p2a: Weezing|Strange Steam|p1a: Great Tusk\n|-supereffective|p1a: Great Tusk\n|-damage|p1a: Great Tusk|0 fnt\n|faint|p1a: Great Tusk\n|-end|p1a: Great Tusk|Protosynthesis|[silent]\n|\n|upkeep\n|\n|t:|1699515699\n|switch|p1a: Iron Bundle|Iron Bundle|66\/100\n|-damage|p1a: Iron Bundle|41\/100|[from] Stealth Rock\n|turn|32\n|\n|t:|1699515704\n|switch|p2a: Chansey|Chansey, F|89\/100\n|move|p1a: Iron Bundle|Hydro Pump|p2a: Chansey|[miss]\n|-miss|p1a: Iron Bundle|p2a: Chansey\n|\n|upkeep\n|turn|33\n|\n|t:|1699515708\n|move|p1a: Iron Bundle|Flip Turn|p2a: Chansey\n|-damage|p2a: Chansey|78\/100\n|\n|t:|1699515709\n|-end|p1a: Iron Bundle|Quark Drive|[silent]\n|switch|p1a: Mismagius|Mismagius, M|83\/100|[from] Flip Turn\n|-damage|p1a: Mismagius|71\/100|[from] Stealth Rock\n|move|p2a: Chansey|Seismic Toss|p1a: Mismagius\n|-immune|p1a: Mismagius\n|\n|upkeep\n|turn|34\n|\n|t:|1699515720\n|switch|p2a: Amoonguss|Amoonguss, F|94\/100\n|move|p1a: Mismagius|Psyshock|p2a: Amoonguss\n|-supereffective|p2a: Amoonguss\n|-damage|p2a: Amoonguss|61\/100\n|\n|upkeep\n|turn|35\n|\n|t:|1699515728\n|move|p1a: Mismagius|Psyshock|p2a: Amoonguss\n|-supereffective|p2a: Amoonguss\n|-damage|p2a: Amoonguss|27\/100\n|move|p2a: Amoonguss|Foul Play|p1a: Mismagius\n|-supereffective|p1a: Mismagius\n|-damage|p1a: Mismagius|40\/100\n|\n|upkeep\n|turn|36\n|\n|t:|1699515733\n|switch|p2a: Ditto|Ditto, shiny|56\/100\n|-transform|p2a: Ditto|p1a: Mismagius|[from] ability: Imposter\n|move|p1a: Mismagius|Psyshock|p2a: Ditto\n|-damage|p2a: Ditto|20\/100\n|\n|-heal|p2a: Ditto|26\/100|[from] item: Leftovers\n|upkeep\n|turn|37\n|\n|t:|1699515739\n|move|p1a: Mismagius|Psyshock|p2a: Ditto\n|-damage|p2a: Ditto|0 fnt\n|faint|p2a: Ditto\n|\n|upkeep\n|\n|t:|1699515746\n|switch|p2a: Torterra|Torterra, F|100\/100\n|turn|38\n|\n|t:|1699515750\n|move|p1a: Mismagius|Psyshock|p2a: Torterra\n|-damage|p2a: Torterra|82\/100\n|move|p2a: Torterra|Seed Bomb|p1a: Mismagius\n|-damage|p1a: Mismagius|0 fnt\n|faint|p1a: Mismagius\n|\n|upkeep\n|\n|t:|1699515754\n|switch|p1a: Iron Bundle|Iron Bundle|41\/100\n|-damage|p1a: Iron Bundle|16\/100|[from] Stealth Rock\n|turn|39\n|\n|t:|1699515759\n|move|p1a: Iron Bundle|Hydro Pump|p2a: Torterra\n|-damage|p2a: Torterra|16\/100\n|move|p2a: Torterra|Seed Bomb|p1a: Iron Bundle\n|-supereffective|p1a: Iron Bundle\n|-damage|p1a: Iron Bundle|0 fnt\n|faint|p1a: Iron Bundle\n|-end|p1a: Iron Bundle|Quark Drive|[silent]\n|\n|win|mysticalcheese\n|l|\u2606Currys\n|l|\u2606mysticalcheese\n","uploadtime":1699516203,"views":6,"p1id":"currys","p2id":"mysticalcheese","formatid":"gen9ubers","rating":0,"private":0,"password":""}