{"id":"gen9ubers-1969815397","p1":"Leo Justice","p2":"grasshopper021","format":"[Gen 9] Ubers","log":"|j|\u2606Leo Justice\n|j|\u2606grasshopper021\n|t:|1697567496\n|gametype|singles\n|player|p1|Leo Justice|carmine|\n|player|p2|grasshopper021|zinnia|\n|teamsize|p1|6\n|teamsize|p2|6\n|gen|9\n|tier|[Gen 9] Ubers\n|rule|Sleep Clause Mod: Limit one foe put to sleep\n|rule|Species Clause: Limit one of each Pok\u00e9mon\n|rule|OHKO Clause: OHKO moves are banned\n|rule|Evasion Items Clause: Evasion items are banned\n|rule|Evasion Moves Clause: Evasion moves are banned\n|rule|Endless Battle Clause: Forcing endless battles is banned\n|rule|HP Percentage Mod: HP is shown in percentages\n|clearpoke\n|poke|p1|Dondozo, F|\n|poke|p1|Magearna|\n|poke|p1|Giratina|\n|poke|p1|Arceus-Poison|\n|poke|p1|Blissey, F|\n|poke|p1|Garganacl, F|\n|poke|p2|Torkoal, F|\n|poke|p2|Chi-Yu|\n|poke|p2|Walking Wake|\n|poke|p2|Hatterene, F|\n|poke|p2|Arceus-Fire|\n|poke|p2|Roaring Moon|\n|teampreview\n|c|\u2606grasshopper021|glhf c:\n|c|\u2606Leo Justice|GL\n|\n|t:|1697567522\n|start\n|switch|p1a: Garganacl|Garganacl, F|100\/100\n|switch|p2a: Torkoal|Torkoal, F|100\/100\n|-weather|SunnyDay|[from] ability: Drought|[of] p2a: Torkoal\n|turn|1\n|\n|t:|1697567532\n|move|p1a: Garganacl|Salt Cure|p2a: Torkoal\n|-supereffective|p2a: Torkoal\n|-damage|p2a: Torkoal|84\/100\n|-start|p2a: Torkoal|Salt Cure\n|move|p2a: Torkoal|Yawn|p1a: Garganacl\n|-immune|p1a: Garganacl|[from] ability: Purifying Salt\n|\n|-weather|SunnyDay|[upkeep]\n|-damage|p2a: Torkoal|72\/100|[from] Salt Cure\n|upkeep\n|turn|2\n|\n|t:|1697567548\n|switch|p2a: Hatterene|Hatterene, F, shiny|100\/100\n|move|p1a: Garganacl|Stealth Rock|p2a: Hatterene\n|move|p2a: Hatterene|Stealth Rock|p1a: Garganacl|[from]ability: Magic Bounce\n|-sidestart|p1: Leo Justice|move: Stealth Rock\n|\n|-weather|SunnyDay|[upkeep]\n|upkeep\n|turn|3\n|\n|t:|1697567561\n|move|p1a: Garganacl|Protect|p1a: Garganacl\n|-singleturn|p1a: Garganacl|Protect\n|move|p2a: Hatterene|Dazzling Gleam|p1a: Garganacl\n|-activate|p1a: Garganacl|move: Protect\n|\n|-weather|SunnyDay|[upkeep]\n|upkeep\n|turn|4\n|\n|t:|1697567572\n|move|p2a: Hatterene|Nuzzle|p1a: Garganacl\n|-damage|p1a: Garganacl|98\/100\n|move|p1a: Garganacl|Stealth Rock|p2a: Hatterene\n|move|p2a: Hatterene|Stealth Rock||[from]ability: Magic Bounce|[still]\n|-fail|p2a: Hatterene\n|\n|-weather|SunnyDay|[upkeep]\n|-heal|p1a: Garganacl|100\/100|[from] item: Leftovers\n|upkeep\n|turn|5\n|\n|t:|1697567583\n|move|p2a: Hatterene|Psychic|p1a: Garganacl\n|-crit|p1a: Garganacl\n|-damage|p1a: Garganacl|63\/100\n|move|p1a: Garganacl|Stealth Rock|p2a: Hatterene\n|move|p2a: Hatterene|Stealth Rock||[from]ability: Magic Bounce|[still]\n|-fail|p2a: Hatterene\n|\n|-weather|SunnyDay|[upkeep]\n|-heal|p1a: Garganacl|69\/100|[from] item: Leftovers\n|upkeep\n|turn|6\n|\n|t:|1697567593\n|move|p1a: Garganacl|Protect|p1a: Garganacl\n|-singleturn|p1a: Garganacl|Protect\n|move|p2a: Hatterene|Psychic|p1a: Garganacl\n|-activate|p1a: Garganacl|move: Protect\n|\n|-weather|SunnyDay|[upkeep]\n|-heal|p1a: Garganacl|75\/100|[from] item: Leftovers\n|upkeep\n|turn|7\n|\n|t:|1697567600\n|move|p2a: Hatterene|Psychic|p1a: Garganacl\n|-damage|p1a: Garganacl|50\/100\n|move|p1a: Garganacl|Stealth Rock|p2a: Hatterene\n|move|p2a: Hatterene|Stealth Rock||[from]ability: Magic Bounce|[still]\n|-fail|p2a: Hatterene\n|\n|-weather|SunnyDay|[upkeep]\n|-heal|p1a: Garganacl|56\/100|[from] item: Leftovers\n|upkeep\n|turn|8\n|\n|t:|1697567615\n|switch|p2a: Chi-Yu|Chi-Yu|100\/100\n|-ability|p2a: Chi-Yu|Beads of Ruin\n|move|p1a: Garganacl|Recover|p1a: Garganacl\n|-heal|p1a: Garganacl|100\/100\n|\n|-weather|none\n|upkeep\n|turn|9\n|\n|t:|1697567630\n|move|p2a: Chi-Yu|Fire Blast|p1a: Garganacl\n|-resisted|p1a: Garganacl\n|-damage|p1a: Garganacl|70\/100\n|move|p1a: Garganacl|Salt Cure|p2a: Chi-Yu\n|-supereffective|p2a: Chi-Yu\n|-damage|p2a: Chi-Yu|54\/100\n|-start|p2a: Chi-Yu|Salt Cure\n|\n|-heal|p1a: Garganacl|76\/100|[from] item: Leftovers\n|-damage|p2a: Chi-Yu|42\/100|[from] Salt Cure\n|upkeep\n|turn|10\n|\n|t:|1697567641\n|switch|p2a: Hatterene|Hatterene, F, shiny|100\/100\n|move|p1a: Garganacl|Stealth Rock|p2a: Hatterene\n|move|p2a: Hatterene|Stealth Rock||[from]ability: Magic Bounce|[still]\n|-fail|p2a: Hatterene\n|\n|-heal|p1a: Garganacl|82\/100|[from] item: Leftovers\n|upkeep\n|turn|11\n|\n|t:|1697567654\n|move|p2a: Hatterene|Psychic|p1a: Garganacl\n|-damage|p1a: Garganacl|55\/100\n|move|p1a: Garganacl|Salt Cure|p2a: Hatterene\n|-damage|p2a: Hatterene|88\/100\n|-start|p2a: Hatterene|Salt Cure\n|-enditem|p2a: Hatterene|Eject Button\n|\n|t:|1697567662\n|switch|p2a: Walking Wake|Walking Wake|100\/100\n|\n|-heal|p1a: Garganacl|61\/100|[from] item: Leftovers\n|upkeep\n|turn|12\n|\n|t:|1697567676\n|move|p1a: Garganacl|Protect|p1a: Garganacl\n|-singleturn|p1a: Garganacl|Protect\n|move|p2a: Walking Wake|Hydro Steam|p1a: Garganacl\n|-activate|p1a: Garganacl|move: Protect\n|\n|-heal|p1a: Garganacl|67\/100|[from] item: Leftovers\n|upkeep\n|turn|13\n|\n|t:|1697567691\n|-end|p2a: Walking Wake|Protosynthesis|[silent]\n|switch|p2a: Torkoal|Torkoal, F|72\/100\n|-weather|SunnyDay|[from] ability: Drought|[of] p2a: Torkoal\n|-terastallize|p1a: Garganacl|Water\n|move|p1a: Garganacl|Stealth Rock|p2a: Torkoal\n|-sidestart|p2: grasshopper021|move: Stealth Rock\n|\n|-weather|SunnyDay|[upkeep]\n|-heal|p1a: Garganacl|73\/100|[from] item: Leftovers\n|upkeep\n|turn|14\n|\n|t:|1697567702\n|move|p1a: Garganacl|Salt Cure|p2a: Torkoal\n|-supereffective|p2a: Torkoal\n|-damage|p2a: Torkoal|54\/100\n|-start|p2a: Torkoal|Salt Cure\n|move|p2a: Torkoal|Rapid Spin|p1a: Garganacl\n|-damage|p1a: Garganacl|67\/100\n|-boost|p2a: Torkoal|spe|1\n|-sideend|p2: grasshopper021|Stealth Rock|[from] move: Rapid Spin|[of] p2a: Torkoal\n|\n|-weather|SunnyDay|[upkeep]\n|-heal|p1a: Garganacl|73\/100|[from] item: Leftovers\n|-damage|p2a: Torkoal|42\/100|[from] Salt Cure\n|upkeep\n|turn|15\n|\n|t:|1697567712\n|switch|p2a: Walking Wake|Walking Wake|100\/100\n|-activate|p2a: Walking Wake|ability: Protosynthesis\n|-start|p2a: Walking Wake|protosynthesisspa\n|move|p1a: Garganacl|Stealth Rock|p2a: Walking Wake\n|-sidestart|p2: grasshopper021|move: Stealth Rock\n|\n|-weather|SunnyDay|[upkeep]\n|-heal|p1a: Garganacl|79\/100|[from] item: Leftovers\n|upkeep\n|turn|16\n|\n|t:|1697567721\n|move|p1a: Garganacl|Protect|p1a: Garganacl\n|-singleturn|p1a: Garganacl|Protect\n|move|p2a: Walking Wake|Hydro Steam|p1a: Garganacl\n|-activate|p1a: Garganacl|move: Protect\n|\n|-weather|SunnyDay|[upkeep]\n|-heal|p1a: Garganacl|86\/100|[from] item: Leftovers\n|upkeep\n|turn|17\n|\n|t:|1697567728\n|move|p2a: Walking Wake|Hydro Steam|p1a: Garganacl\n|-resisted|p1a: Garganacl\n|-damage|p1a: Garganacl|45\/100\n|move|p1a: Garganacl|Salt Cure|p2a: Walking Wake\n|-damage|p2a: Walking Wake|84\/100\n|-start|p2a: Walking Wake|Salt Cure\n|\n|-weather|SunnyDay|[upkeep]\n|-heal|p1a: Garganacl|51\/100|[from] item: Leftovers\n|-damage|p2a: Walking Wake|59\/100|[from] Salt Cure\n|upkeep\n|turn|18\n|\n|t:|1697567740\n|move|p2a: Walking Wake|Hydro Steam|p1a: Garganacl\n|-resisted|p1a: Garganacl\n|-damage|p1a: Garganacl|5\/100\n|move|p1a: Garganacl|Recover|p1a: Garganacl\n|-heal|p1a: Garganacl|55\/100\n|\n|-weather|SunnyDay|[upkeep]\n|-heal|p1a: Garganacl|61\/100|[from] item: Leftovers\n|-damage|p2a: Walking Wake|35\/100|[from] Salt Cure\n|upkeep\n|turn|19\n|\n|t:|1697567748\n|move|p1a: Garganacl|Protect|p1a: Garganacl\n|-singleturn|p1a: Garganacl|Protect\n|move|p2a: Walking Wake|Hydro Steam|p1a: Garganacl\n|-activate|p1a: Garganacl|move: Protect\n|\n|-weather|SunnyDay|[upkeep]\n|-heal|p1a: Garganacl|68\/100|[from] item: Leftovers\n|-damage|p2a: Walking Wake|10\/100|[from] Salt Cure\n|upkeep\n|turn|20\n|\n|t:|1697567759\n|move|p2a: Walking Wake|Hydro Steam|p1a: Garganacl\n|-resisted|p1a: Garganacl\n|-damage|p1a: Garganacl|23\/100\n|move|p1a: Garganacl|Recover|p1a: Garganacl\n|-heal|p1a: Garganacl|73\/100\n|\n|-weather|none\n|-end|p2a: Walking Wake|Protosynthesis\n|-heal|p1a: Garganacl|79\/100|[from] item: Leftovers\n|-damage|p2a: Walking Wake|0 fnt|[from] Salt Cure\n|faint|p2a: Walking Wake\n|-end|p2a: Walking Wake|Protosynthesis|[silent]\n|upkeep\n|\n|t:|1697567781\n|switch|p2a: Hatterene|Hatterene, F, shiny|88\/100\n|-damage|p2a: Hatterene|76\/100|[from] Stealth Rock\n|turn|21\n|\n|t:|1697567787\n|move|p2a: Hatterene|Psychic|p1a: Garganacl\n|-damage|p1a: Garganacl|52\/100\n|move|p1a: Garganacl|Salt Cure|p2a: Hatterene\n|-damage|p2a: Hatterene|63\/100\n|-start|p2a: Hatterene|Salt Cure\n|\n|-heal|p1a: Garganacl|58\/100|[from] item: Leftovers\n|-damage|p2a: Hatterene|51\/100|[from] Salt Cure\n|upkeep\n|turn|22\n|\n|t:|1697567796\n|move|p2a: Hatterene|Psychic|p1a: Garganacl\n|-damage|p1a: Garganacl|30\/100\n|move|p1a: Garganacl|Recover|p1a: Garganacl\n|-heal|p1a: Garganacl|80\/100\n|\n|-heal|p1a: Garganacl|86\/100|[from] item: Leftovers\n|-damage|p2a: Hatterene|38\/100|[from] Salt Cure\n|upkeep\n|turn|23\n|\n|t:|1697567809\n|move|p1a: Garganacl|Protect|p1a: Garganacl\n|-singleturn|p1a: Garganacl|Protect\n|move|p2a: Hatterene|Psychic|p1a: Garganacl\n|-activate|p1a: Garganacl|move: Protect\n|\n|-heal|p1a: Garganacl|92\/100|[from] item: Leftovers\n|-damage|p2a: Hatterene|26\/100|[from] Salt Cure\n|upkeep\n|turn|24\n|\n|t:|1697567820\n|move|p2a: Hatterene|Psychic|p1a: Garganacl\n|-damage|p1a: Garganacl|64\/100\n|move|p1a: Garganacl|Recover|p1a: Garganacl\n|-heal|p1a: Garganacl|100\/100\n|\n|-damage|p2a: Hatterene|14\/100|[from] Salt Cure\n|upkeep\n|turn|25\n|\n|t:|1697567827\n|move|p1a: Garganacl|Protect|p1a: Garganacl\n|-singleturn|p1a: Garganacl|Protect\n|move|p2a: Hatterene|Psychic|p1a: Garganacl\n|-activate|p1a: Garganacl|move: Protect\n|\n|-damage|p2a: Hatterene|1\/100|[from] Salt Cure\n|upkeep\n|turn|26\n|\n|t:|1697567833\n|move|p1a: Garganacl|Protect|p1a: Garganacl\n|-singleturn|p1a: Garganacl|Protect\n|move|p2a: Hatterene|Psychic|p1a: Garganacl\n|-activate|p1a: Garganacl|move: Protect\n|\n|-damage|p2a: Hatterene|0 fnt|[from] Salt Cure\n|faint|p2a: Hatterene\n|upkeep\n|\n|t:|1697567845\n|switch|p2a: Roaring Moon|Roaring Moon|100\/100\n|-damage|p2a: Roaring Moon|88\/100|[from] Stealth Rock\n|-enditem|p2a: Roaring Moon|Booster Energy\n|-activate|p2a: Roaring Moon|ability: Protosynthesis|[fromitem]\n|-start|p2a: Roaring Moon|protosynthesisatk\n|turn|27\n|\n|t:|1697567871\n|move|p2a: Roaring Moon|Acrobatics|p1a: Garganacl\n|-damage|p1a: Garganacl|59\/100\n|move|p1a: Garganacl|Salt Cure|p2a: Roaring Moon\n|-damage|p2a: Roaring Moon|71\/100\n|-start|p2a: Roaring Moon|Salt Cure\n|\n|-heal|p1a: Garganacl|65\/100|[from] item: Leftovers\n|-damage|p2a: Roaring Moon|59\/100|[from] Salt Cure\n|upkeep\n|turn|28\n|\n|t:|1697567885\n|switch|p1a: Dondozo|Dondozo, F|100\/100\n|move|p2a: Roaring Moon|Dragon Dance|p2a: Roaring Moon\n|-boost|p2a: Roaring Moon|atk|1\n|-boost|p2a: Roaring Moon|spe|1\n|\n|-damage|p2a: Roaring Moon|46\/100|[from] Salt Cure\n|upkeep\n|turn|29\n|\n|t:|1697567894\n|-terastallize|p2a: Roaring Moon|Flying\n|move|p2a: Roaring Moon|Acrobatics|p1a: Dondozo\n|-damage|p1a: Dondozo|64\/100\n|move|p1a: Dondozo|Liquidation|p2a: Roaring Moon\n|-damage|p2a: Roaring Moon|7\/100\n|-unboost|p2a: Roaring Moon|def|1\n|\n|-damage|p2a: Roaring Moon|0 fnt|[from] Salt Cure\n|faint|p2a: Roaring Moon\n|-end|p2a: Roaring Moon|Protosynthesis|[silent]\n|upkeep\n|\n|t:|1697567905\n|switch|p2a: Torkoal|Torkoal, F|42\/100\n|-damage|p2a: Torkoal|17\/100|[from] Stealth Rock\n|-weather|SunnyDay|[from] ability: Drought|[of] p2a: Torkoal\n|turn|30\n|\n|t:|1697567913\n|switch|p1a: Giratina|Giratina|100\/100\n|-ability|p1a: Giratina|Pressure\n|move|p2a: Torkoal|Rapid Spin|p1a: Giratina\n|-immune|p1a: Giratina\n|\n|-weather|SunnyDay|[upkeep]\n|upkeep\n|turn|31\n|\n|t:|1697567922\n|move|p1a: Giratina|Shadow Ball|p2a: Torkoal\n|-damage|p2a: Torkoal|0 fnt\n|faint|p2a: Torkoal\n|\n|-weather|SunnyDay|[upkeep]\n|upkeep\n|\n|t:|1697567927\n|switch|p2a: Chi-Yu|Chi-Yu|42\/100\n|-damage|p2a: Chi-Yu|17\/100|[from] Stealth Rock\n|-ability|p2a: Chi-Yu|Beads of Ruin\n|turn|32\n|\n|t:|1697567937\n|switch|p1a: Blissey|Blissey, F|100\/100\n|move|p2a: Chi-Yu|Dark Pulse|p1a: Blissey\n|-damage|p1a: Blissey|79\/100\n|\n|-weather|SunnyDay|[upkeep]\n|upkeep\n|turn|33\n|c|\u2606grasshopper021|gg\n|\n|t:|1697567956\n|move|p2a: Chi-Yu|Dark Pulse|p1a: Blissey\n|-damage|p1a: Blissey|54\/100\n|cant|p1a: Blissey|flinch\n|\n|-weather|SunnyDay|[upkeep]\n|upkeep\n|turn|34\n|\n|t:|1697567965\n|move|p2a: Chi-Yu|Dark Pulse|p1a: Blissey\n|-damage|p1a: Blissey|29\/100\n|cant|p1a: Blissey|flinch\n|\n|-weather|SunnyDay|[upkeep]\n|upkeep\n|turn|35\n|\n|t:|1697567970\n|move|p2a: Chi-Yu|Dark Pulse|p1a: Blissey\n|-damage|p1a: Blissey|5\/100\n|move|p1a: Blissey|Soft-Boiled|p1a: Blissey\n|-heal|p1a: Blissey|55\/100\n|\n|-weather|SunnyDay|[upkeep]\n|upkeep\n|turn|36\n|\n|t:|1697567976\n|move|p2a: Chi-Yu|Dark Pulse|p1a: Blissey\n|-damage|p1a: Blissey|30\/100\n|move|p1a: Blissey|Soft-Boiled|p1a: Blissey\n|-heal|p1a: Blissey|80\/100\n|\n|-weather|SunnyDay|[upkeep]\n|upkeep\n|turn|37\n|\n|t:|1697567982\n|move|p2a: Chi-Yu|Dark Pulse|p1a: Blissey\n|-damage|p1a: Blissey|58\/100\n|move|p1a: Blissey|Seismic Toss|p2a: Chi-Yu\n|-damage|p2a: Chi-Yu|0 fnt\n|faint|p2a: Chi-Yu\n|\n|-weather|none\n|upkeep\n|\n|t:|1697567989\n|switch|p2a: Arceus-Wrong Type|Arceus-Fire|100\/100\n|-damage|p2a: Arceus-Wrong Type|76\/100|[from] Stealth Rock\n|turn|38\n|\n|t:|1697567994\n|move|p2a: Arceus-Wrong Type|Calm Mind|p2a: Arceus-Wrong Type\n|-boost|p2a: Arceus-Wrong Type|spa|1\n|-boost|p2a: Arceus-Wrong Type|spd|1\n|move|p1a: Blissey|Seismic Toss|p2a: Arceus-Wrong Type\n|-damage|p2a: Arceus-Wrong Type|53\/100\n|\n|upkeep\n|turn|39\n|\n|t:|1697568001\n|switch|p1a: Arceus|Arceus-Poison|100\/100\n|-damage|p1a: Arceus|88\/100|[from] Stealth Rock\n|move|p2a: Arceus-Wrong Type|Judgment|p1a: Arceus\n|-damage|p1a: Arceus|21\/100\n|\n|upkeep\n|turn|40\n|\n|t:|1697568015\n|move|p1a: Arceus|Imprison|p1a: Arceus\n|-start|p1a: Arceus|move: Imprison\n|move|p2a: Arceus-Wrong Type|Thunderbolt|p1a: Arceus\n|-damage|p1a: Arceus|0 fnt\n|faint|p1a: Arceus\n|\n|upkeep\n|c|\u2606Leo Justice|I have the wrong spred on my Arceys\n|c|\u2606Leo Justice|Ugh\n|c|\u2606grasshopper021|ouch thats unfortunate\n|\n|t:|1697568065\n|switch|p1a: Magearna|Magearna|100\/100\n|-damage|p1a: Magearna|94\/100|[from] Stealth Rock\n|turn|41\n|\n|t:|1697568069\n|move|p2a: Arceus-Wrong Type|Judgment|p1a: Magearna\n|-supereffective|p1a: Magearna\n|-damage|p1a: Magearna|0 fnt\n|faint|p1a: Magearna\n|\n|upkeep\n|\n|t:|1697568072\n|switch|p1a: Garganacl|Garganacl, F, tera:Water|65\/100\n|-damage|p1a: Garganacl|53\/100|[from] Stealth Rock\n|turn|42\n|\n|t:|1697568076\n|move|p2a: Arceus-Wrong Type|Thunderbolt|p1a: Garganacl\n|-supereffective|p1a: Garganacl\n|-damage|p1a: Garganacl|0 fnt\n|faint|p1a: Garganacl\n|\n|upkeep\n|c|\u2606Leo Justice|No yeah now i lose because showdown didn't save my arc spred\n|\n|t:|1697568102\n|switch|p1a: Giratina|Giratina|100\/100\n|-ability|p1a: Giratina|Pressure\n|turn|43\n|c|\u2606grasshopper021|we can rematch after this if you want\n|\n|t:|1697568106\n|move|p2a: Arceus-Wrong Type|Ice Beam|p1a: Giratina\n|-supereffective|p1a: Giratina\n|-damage|p1a: Giratina|44\/100\n|move|p1a: Giratina|Shadow Ball|p2a: Arceus-Wrong Type\n|-damage|p2a: Arceus-Wrong Type|40\/100\n|\n|upkeep\n|turn|44\n|\n|t:|1697568116\n|move|p2a: Arceus-Wrong Type|Ice Beam|p1a: Giratina\n|-supereffective|p1a: Giratina\n|-damage|p1a: Giratina|0 fnt\n|faint|p1a: Giratina\n|\n|upkeep\n|\n|t:|1697568120\n|switch|p1a: Blissey|Blissey, F|58\/100\n|turn|45\n|\n|t:|1697568126\n|move|p2a: Arceus-Wrong Type|Judgment|p1a: Blissey\n|-damage|p1a: Blissey|19\/100\n|move|p1a: Blissey|Soft-Boiled|p1a: Blissey\n|-heal|p1a: Blissey|69\/100\n|\n|upkeep\n|turn|46\n|\n|t:|1697568134\n|move|p2a: Arceus-Wrong Type|Judgment|p1a: Blissey\n|-damage|p1a: Blissey|31\/100\n|move|p1a: Blissey|Seismic Toss|p2a: Arceus-Wrong Type\n|-damage|p2a: Arceus-Wrong Type|18\/100\n|\n|upkeep\n|turn|47\n|\n|t:|1697568141\n|move|p2a: Arceus-Wrong Type|Judgment|p1a: Blissey\n|-damage|p1a: Blissey|0 fnt\n|faint|p1a: Blissey\n|\n|upkeep\n|\n|t:|1697568143\n|switch|p1a: Dondozo|Dondozo, F|64\/100\n|turn|48\n|\n|t:|1697568146\n|move|p2a: Arceus-Wrong Type|Thunderbolt|p1a: Dondozo\n|-supereffective|p1a: Dondozo\n|-damage|p1a: Dondozo|0 fnt\n|faint|p1a: Dondozo\n|\n|win|grasshopper021\n|c|\u2606grasshopper021|gg\n|c|\u2606Leo Justice|Gg\n|c|\u2606grasshopper021|rematch?\n|l|\u2606Leo Justice\n|l|\u2606grasshopper021\n|j|\u2606grasshopper021\n|player|p2|grasshopper021|zinnia\n","uploadtime":1697568199,"views":22,"p1id":"leojustice","p2id":"grasshopper021","formatid":"gen9ubers","rating":0,"private":0,"password":""}