{"id":"gen9ubers-1996656680","p1":"Champ Bogar","p2":"ry42","format":"[Gen 9] Ubers","log":"|j|\u2606Champ Bogar\n|j|\u2606ry42\n|t:|1700705961\n|gametype|singles\n|player|p1|Champ Bogar|cynthia|\n|player|p2|ry42|bede-leader|\n|teamsize|p1|6\n|teamsize|p2|6\n|gen|9\n|tier|[Gen 9] Ubers\n|rule|Sleep Clause Mod: Limit one foe put to sleep\n|rule|Species Clause: Limit one of each Pok\u00e9mon\n|rule|OHKO Clause: OHKO moves are banned\n|rule|Evasion Items Clause: Evasion items are banned\n|rule|Evasion Moves Clause: Evasion moves are banned\n|rule|Endless Battle Clause: Forcing endless battles is banned\n|rule|HP Percentage Mod: HP is shown in percentages\n|clearpoke\n|poke|p1|Annihilape, F|\n|poke|p1|Squawkabilly, F|\n|poke|p1|Staraptor, F|\n|poke|p1|Veluza, M|\n|poke|p1|Golem, F|\n|poke|p1|Kingambit, M|\n|poke|p2|Ribombee, F|\n|poke|p2|Iron Treads|\n|poke|p2|Dondozo, F|\n|poke|p2|Shaymin-Sky|\n|poke|p2|Chi-Yu|\n|poke|p2|Kingambit, M|\n|teampreview\n|inactive|Battle timer is ON: inactive players will automatically lose when time's up. (requested by Champ Bogar)\n|inactive|ry42 also wants the timer to be on.\n|\n|t:|1700705970\n|start\n|switch|p1a: Staraptor|Staraptor, F, shiny|100\/100\n|switch|p2a: Shaymin|Shaymin-Sky|100\/100\n|-ability|p1a: Staraptor|Intimidate|boost\n|-unboost|p2a: Shaymin|atk|1\n|turn|1\n|\n|t:|1700705981\n|switch|p2a: Iron Treads|Iron Treads|100\/100\n|move|p1a: Staraptor|Final Gambit|p2a: Iron Treads\n|-damage|p2a: Iron Treads|3\/100\n|faint|p1a: Staraptor\n|\n|-heal|p2a: Iron Treads|9\/100|[from] item: Leftovers\n|upkeep\n|\n|t:|1700705989\n|switch|p1a: Veluza|Veluza, M, shiny|100\/100\n|turn|2\n|\n|t:|1700705993\n|move|p1a: Veluza|Flip Turn|p2a: Iron Treads\n|-supereffective|p2a: Iron Treads\n|-damage|p2a: Iron Treads|0 fnt\n|faint|p2a: Iron Treads\n|-end|p2a: Iron Treads|Quark Drive|[silent]\n|\n|t:|1700705998\n|switch|p1a: Golem|Golem, F, shiny|100\/100|[from] Flip Turn\n|\n|upkeep\n|\n|t:|1700706013\n|switch|p2a: Ribombee|Ribombee, F, shiny|100\/100\n|turn|3\n|\n|t:|1700706029\n|move|p2a: Ribombee|Sticky Web|p1a: Golem\n|-sidestart|p1: Champ Bogar|move: Sticky Web\n|move|p1a: Golem|Stealth Rock|p2a: Ribombee\n|-sidestart|p2: ry42|move: Stealth Rock\n|\n|upkeep\n|turn|4\n|\n|t:|1700706033\n|move|p2a: Ribombee|Moonblast|p1a: Golem\n|-damage|p1a: Golem|46\/100\n|move|p1a: Golem|Earthquake|p2a: Ribombee\n|-resisted|p2a: Ribombee\n|-damage|p2a: Ribombee|49\/100\n|\n|upkeep\n|turn|5\n|\n|t:|1700706039\n|move|p2a: Ribombee|Moonblast|p1a: Golem\n|-damage|p1a: Golem|0 fnt\n|faint|p1a: Golem\n|\n|upkeep\n|\n|t:|1700706045\n|switch|p1a: Kingambit|Kingambit, M, shiny|100\/100\n|-activate|p1a: Kingambit|move: Sticky Web\n|-unboost|p1a: Kingambit|spe|1\n|-activate|p1a: Kingambit|ability: Supreme Overlord\n|-start|p1a: Kingambit|fallen2|[silent]\n|turn|6\n|\n|t:|1700706058\n|move|p2a: Ribombee|Stun Spore|p1a: Kingambit\n|-status|p1a: Kingambit|par\n|move|p1a: Kingambit|Kowtow Cleave|p2a: Ribombee\n|-resisted|p2a: Ribombee\n|-damage|p2a: Ribombee|0 fnt\n|faint|p2a: Ribombee\n|\n|upkeep\n|\n|t:|1700706074\n|switch|p2a: Dondozo|Dondozo, F|100\/100\n|-damage|p2a: Dondozo|88\/100|[from] Stealth Rock\n|turn|7\n|\n|t:|1700706078\n|-end|p1a: Kingambit|fallen2|[silent]\n|switch|p1a: Annihilape|Annihilape, F, shiny|100\/100\n|-activate|p1a: Annihilape|move: Sticky Web\n|-unboost|p1a: Annihilape|spe|1\n|move|p2a: Dondozo|Liquidation|p1a: Annihilape\n|-damage|p1a: Annihilape|72\/100\n|\n|-heal|p2a: Dondozo|94\/100|[from] item: Leftovers\n|upkeep\n|turn|8\n|\n|t:|1700706087\n|move|p1a: Annihilape|Final Gambit|p2a: Dondozo\n|-damage|p2a: Dondozo|34\/100\n|faint|p1a: Annihilape\n|move|p2a: Dondozo|Liquidation|p1: Annihilape|[notarget]\n|-fail|p2a: Dondozo\n|\n|-heal|p2a: Dondozo|40\/100|[from] item: Leftovers\n|upkeep\n|\n|t:|1700706099\n|switch|p1a: Squawkabilly|Squawkabilly, F|100\/100\n|-ability|p1a: Squawkabilly|Intimidate|boost\n|-unboost|p2a: Dondozo|atk|1\n|turn|9\n|\n|t:|1700706128\n|switch|p2a: Shaymin|Shaymin-Sky|100\/100\n|-damage|p2a: Shaymin|76\/100|[from] Stealth Rock\n|move|p1a: Squawkabilly|Final Gambit|p2a: Shaymin\n|-damage|p2a: Shaymin|0 fnt\n|faint|p1a: Squawkabilly\n|faint|p2a: Shaymin\n|\n|upkeep\n|inactive|ry42 has 270 seconds left.\n|\n|t:|1700706152\n|switch|p2a: Chi-Yu|Chi-Yu|100\/100\n|switch|p1a: Veluza|Veluza, M, shiny|100\/100\n|-activate|p1a: Veluza|move: Sticky Web\n|-unboost|p1a: Veluza|spe|1\n|-damage|p2a: Chi-Yu|76\/100|[from] Stealth Rock\n|-ability|p2a: Chi-Yu|Beads of Ruin\n|turn|10\n|inactive|ry42 has 270 seconds left.\n|\n|t:|1700706174\n|move|p2a: Chi-Yu|Overheat|p1a: Veluza\n|-resisted|p1a: Veluza\n|-damage|p1a: Veluza|0 fnt\n|-unboost|p2a: Chi-Yu|spa|2\n|faint|p1a: Veluza\n|\n|upkeep\n|\n|t:|1700706177\n|switch|p1a: Kingambit|Kingambit, M, shiny|100\/100 par\n|-activate|p1a: Kingambit|move: Sticky Web\n|-unboost|p1a: Kingambit|spe|1\n|-activate|p1a: Kingambit|ability: Supreme Overlord\n|-start|p1a: Kingambit|fallen5|[silent]\n|turn|11\n|\n|t:|1700706182\n|-terastallize|p1a: Kingambit|Fairy\n|move|p2a: Chi-Yu|Overheat|p1a: Kingambit\n|-damage|p1a: Kingambit|22\/100 par\n|-unboost|p2a: Chi-Yu|spa|2\n|move|p1a: Kingambit|Swords Dance|p1a: Kingambit\n|-boost|p1a: Kingambit|atk|2\n|\n|-heal|p1a: Kingambit|28\/100 par|[from] item: Leftovers\n|upkeep\n|turn|12\n|\n|t:|1700706192\n|move|p2a: Chi-Yu|Overheat|p1a: Kingambit\n|-crit|p1a: Kingambit\n|-damage|p1a: Kingambit|0 fnt\n|-unboost|p2a: Chi-Yu|spa|2\n|faint|p1a: Kingambit\n|-end|p1a: Kingambit|fallen5|[silent]\n|\n|win|ry42\n|c|\u2606Champ Bogar|gg\n|l|\u2606Champ Bogar\n|c|\u2606ry42|gg\n","uploadtime":1700706210,"views":10,"p1id":"champbogar","p2id":"ry42","formatid":"gen9ubers","rating":0,"private":0,"password":""}