{"id":"gen9ubers-1996749053","p1":"sankeerthzx","p2":"shonnywashere","format":"[Gen 9] Ubers","log":"|j|\u2606sankeerthzx\n|j|\u2606shonnywashere\n|t:|1700718678\n|gametype|singles\n|player|p1|sankeerthzx|benga|1106\n|player|p2|shonnywashere|169|1264\n|teamsize|p1|6\n|teamsize|p2|6\n|gen|9\n|tier|[Gen 9] Ubers\n|rated|\n|rule|Sleep Clause Mod: Limit one foe put to sleep\n|rule|Species Clause: Limit one of each Pok\u00e9mon\n|rule|OHKO Clause: OHKO moves are banned\n|rule|Evasion Items Clause: Evasion items are banned\n|rule|Evasion Moves Clause: Evasion moves are banned\n|rule|Endless Battle Clause: Forcing endless battles is banned\n|rule|HP Percentage Mod: HP is shown in percentages\n|clearpoke\n|poke|p1|Annihilape, F|\n|poke|p1|Rayquaza|\n|poke|p1|Zacian-*|\n|poke|p1|Kingambit, M|\n|poke|p1|Dragapult, M|\n|poke|p1|Furret, M|\n|poke|p2|Koraidon|\n|poke|p2|Toxapex, M|\n|poke|p2|Gothitelle, F|\n|poke|p2|Scovillain, F|\n|poke|p2|Alomomola, F|\n|poke|p2|Great Tusk|\n|teampreview\n|inactive|Battle timer is ON: inactive players will automatically lose when time's up. (requested by shonnywashere)\n|\n|t:|1700718687\n|start\n|switch|p1a: Annihilape|Annihilape, F|100\/100\n|switch|p2a: Koraidon|Koraidon|100\/100\n|-weather|SunnyDay|[from] ability: Orichalcum Pulse|[of] p2a: Koraidon\n|-activate|p2a: Koraidon|Orichalcum Pulse|[source]\n|turn|1\n|\n|t:|1700718696\n|move|p2a: Koraidon|U-turn|p1a: Annihilape\n|-resisted|p1a: Annihilape\n|-damage|p1a: Annihilape|93\/100\n|\n|t:|1700718700\n|switch|p2a: Toxapex|Toxapex, M|100\/100|[from] U-turn\n|move|p1a: Annihilape|Rage Fist|p2a: Toxapex\n|-damage|p2a: Toxapex|62\/100\n|-enditem|p2a: Toxapex|Eject Button\n|\n|t:|1700718706\n|switch|p2a: Alomomola|Alomomola, F|100\/100\n|\n|-weather|SunnyDay|[upkeep]\n|upkeep\n|turn|2\n|\n|t:|1700718709\n|move|p1a: Annihilape|Metronome|p1a: Annihilape\n|move|p1a: Annihilape|Petal Dance|p2a: Alomomola|[from]move: Metronome\n|-supereffective|p2a: Alomomola\n|-damage|p2a: Alomomola|57\/100\n|-damage|p1a: Annihilape|76\/100|[from] item: Rocky Helmet|[of] p2a: Alomomola\n|move|p2a: Alomomola|Chilling Water|p1a: Annihilape\n|-damage|p1a: Annihilape|73\/100\n|-unboost|p1a: Annihilape|atk|1\n|\n|-weather|SunnyDay|[upkeep]\n|upkeep\n|turn|3\n|\n|t:|1700718733\n|move|p1a: Annihilape|Petal Dance|p2a: Alomomola|[from]lockedmove\n|-supereffective|p2a: Alomomola\n|-damage|p2a: Alomomola|14\/100\n|-damage|p1a: Annihilape|56\/100|[from] item: Rocky Helmet|[of] p2a: Alomomola\n|move|p2a: Alomomola|Chilling Water|p1a: Annihilape\n|-damage|p1a: Annihilape|52\/100\n|-unboost|p1a: Annihilape|atk|1\n|\n|-weather|SunnyDay|[upkeep]\n|upkeep\n|turn|4\n|\n|t:|1700718747\n|move|p2a: Alomomola|Protect|p2a: Alomomola\n|-singleturn|p2a: Alomomola|Protect\n|move|p1a: Annihilape|Petal Dance|p2a: Alomomola|[from]lockedmove\n|-activate|p2a: Alomomola|move: Protect\n|-start|p1a: Annihilape|confusion|[fatigue]\n|\n|-weather|SunnyDay|[upkeep]\n|upkeep\n|turn|5\n|\n|t:|1700718757\n|switch|p1a: Dragapult|Dragapult, M|100\/100\n|switch|p2a: Gothitelle|Gothitelle, F|100\/100\n|\n|-weather|SunnyDay|[upkeep]\n|upkeep\n|turn|6\n|\n|t:|1700718768\n|move|p1a: Dragapult|Dragon Dance|p1a: Dragapult\n|-boost|p1a: Dragapult|atk|1\n|-boost|p1a: Dragapult|spe|1\n|move|p2a: Gothitelle|Calm Mind|p2a: Gothitelle\n|-boost|p2a: Gothitelle|spa|1\n|-boost|p2a: Gothitelle|spd|1\n|\n|-weather|SunnyDay|[upkeep]\n|upkeep\n|turn|7\n|\n|t:|1700718773\n|move|p1a: Dragapult|Phantom Force||[still]\n|-prepare|p1a: Dragapult|Phantom Force\n|move|p2a: Gothitelle|Calm Mind|p2a: Gothitelle\n|-boost|p2a: Gothitelle|spa|1\n|-boost|p2a: Gothitelle|spd|1\n|\n|-weather|SunnyDay|[upkeep]\n|upkeep\n|turn|8\n|\n|t:|1700718779\n|move|p1a: Dragapult|Phantom Force|p2a: Gothitelle|[from]lockedmove\n|-supereffective|p2a: Gothitelle\n|-damage|p2a: Gothitelle|0 fnt\n|faint|p2a: Gothitelle\n|\n|-weather|none\n|upkeep\n|\n|t:|1700718784\n|switch|p2a: Koraidon|Koraidon|100\/100\n|-weather|SunnyDay|[from] ability: Orichalcum Pulse|[of] p2a: Koraidon\n|-activate|p2a: Koraidon|Orichalcum Pulse|[source]\n|turn|9\n|\n|t:|1700718788\n|move|p1a: Dragapult|Dragon Darts|p2a: Koraidon\n|-supereffective|p2a: Koraidon\n|-damage|p2a: Koraidon|28\/100\n|-anim|p1a: Dragapult|Dragon Darts|p2a: Koraidon\n|-supereffective|p2a: Koraidon\n|-damage|p2a: Koraidon|0 fnt\n|faint|p2a: Koraidon\n|\n|-weather|SunnyDay|[upkeep]\n|upkeep\n|\n|t:|1700718791\n|switch|p2a: Toxapex|Toxapex, M|95\/100\n|turn|10\n|\n|t:|1700718796\n|move|p1a: Dragapult|Dragon Darts|p2a: Toxapex\n|-damage|p2a: Toxapex|61\/100\n|-anim|p1a: Dragapult|Dragon Darts|p2a: Toxapex\n|-damage|p2a: Toxapex|29\/100\n|move|p2a: Toxapex|Toxic Spikes|p1a: Dragapult\n|-sidestart|p1: sankeerthzx|move: Toxic Spikes\n|\n|-weather|SunnyDay|[upkeep]\n|upkeep\n|turn|11\n|\n|t:|1700718805\n|move|p1a: Dragapult|Phantom Force||[still]\n|-prepare|p1a: Dragapult|Phantom Force\n|move|p2a: Toxapex|Recover|p2a: Toxapex\n|-heal|p2a: Toxapex|79\/100\n|\n|-weather|SunnyDay|[upkeep]\n|upkeep\n|turn|12\n|\n|t:|1700718808\n|move|p1a: Dragapult|Phantom Force|p2a: Toxapex|[from]lockedmove\n|-damage|p2a: Toxapex|26\/100\n|move|p2a: Toxapex|Haze|p2a: Toxapex\n|-clearallboost\n|\n|-weather|SunnyDay|[upkeep]\n|upkeep\n|turn|13\n|\n|t:|1700718817\n|switch|p2a: Alomomola|Alomomola, F|47\/100\n|move|p1a: Dragapult|Dragon Darts|p2a: Alomomola\n|-damage|p2a: Alomomola|32\/100\n|-anim|p1a: Dragapult|Dragon Darts|p2a: Alomomola\n|-damage|p2a: Alomomola|16\/100\n|\n|-weather|SunnyDay|[upkeep]\n|upkeep\n|turn|14\n|\n|t:|1700718825\n|switch|p2a: Scovillain|Scovillain, F|100\/100\n|move|p1a: Dragapult|Dragon Darts|p2a: Scovillain\n|-damage|p2a: Scovillain|51\/100\n|-anim|p1a: Dragapult|Dragon Darts|p2a: Scovillain\n|-damage|p2a: Scovillain|0 fnt\n|faint|p2a: Scovillain\n|\n|-weather|SunnyDay|[upkeep]\n|upkeep\n|-message|shonnywashere forfeited.\n|\n|win|sankeerthzx\n|raw|sankeerthzx's rating: 1106 &rarr; <strong>1142<\/strong><br \/>(+36 for winning)\n|raw|shonnywashere's rating: 1264 &rarr; <strong>1228<\/strong><br \/>(-36 for losing)\n|l|\u2606shonnywashere\n","uploadtime":1700718836,"views":12,"p1id":"sankeerthzx","p2id":"shonnywashere","formatid":"gen9ubers","rating":1142,"private":0,"password":""}