{"id":"gen9ubers-1970217539","p1":"dr460n1t3","p2":"Takiaz","format":"[Gen 9] Ubers","log":"|j|\u2606dr460n1t3\n|j|\u2606Takiaz\n|t:|1697612163\n|gametype|singles\n|player|p1|dr460n1t3|169|1041\n|player|p2|Takiaz|169|1086\n|teamsize|p1|6\n|teamsize|p2|6\n|gen|9\n|tier|[Gen 9] Ubers\n|rated|\n|rule|Sleep Clause Mod: Limit one foe put to sleep\n|rule|Species Clause: Limit one of each Pok\u00e9mon\n|rule|OHKO Clause: OHKO moves are banned\n|rule|Evasion Items Clause: Evasion items are banned\n|rule|Evasion Moves Clause: Evasion moves are banned\n|rule|Endless Battle Clause: Forcing endless battles is banned\n|rule|HP Percentage Mod: HP is shown in percentages\n|clearpoke\n|poke|p1|Baxcalibur, M|\n|poke|p1|Grimmsnarl, M|\n|poke|p1|Hatterene, F|\n|poke|p1|Miraidon|\n|poke|p1|Koraidon|\n|poke|p1|Arceus-Steel|\n|poke|p2|Flutter Mane|\n|poke|p2|Mewtwo|\n|poke|p2|Chien-Pao|\n|poke|p2|Infernape, M|\n|poke|p2|Landorus, M|\n|poke|p2|Arceus|\n|teampreview\n|\n|t:|1697612174\n|start\n|switch|p1a: Grimmsnarl|Grimmsnarl, M, shiny|100\/100\n|switch|p2a: Chien-Pao|Chien-Pao|100\/100\n|-ability|p2a: Chien-Pao|Sword of Ruin\n|turn|1\n|\n|t:|1697612184\n|move|p1a: Grimmsnarl|Reflect|p1a: Grimmsnarl\n|-sidestart|p1: dr460n1t3|Reflect\n|move|p2a: Chien-Pao|Swords Dance|p2a: Chien-Pao\n|-boost|p2a: Chien-Pao|atk|2\n|\n|upkeep\n|turn|2\n|\n|t:|1697612191\n|move|p1a: Grimmsnarl|Light Screen|p1a: Grimmsnarl\n|-sidestart|p1: dr460n1t3|move: Light Screen\n|move|p2a: Chien-Pao|Avalanche|p1a: Grimmsnarl\n|-damage|p1a: Grimmsnarl|43\/100\n|-damage|p2a: Chien-Pao|91\/100|[from] item: Life Orb\n|\n|upkeep\n|turn|3\n|\n|t:|1697612198\n|move|p1a: Grimmsnarl|Play Rough|p2a: Chien-Pao\n|-supereffective|p2a: Chien-Pao\n|-damage|p2a: Chien-Pao|0 fnt\n|faint|p2a: Chien-Pao\n|\n|upkeep\n|\n|t:|1697612204\n|switch|p2a: Landorus|Landorus, M|100\/100\n|turn|4\n|\n|t:|1697612218\n|move|p2a: Landorus|Earthquake|p1a: Grimmsnarl\n|-damage|p1a: Grimmsnarl|0 fnt\n|faint|p1a: Grimmsnarl\n|\n|upkeep\n|inactive|Battle timer is ON: inactive players will automatically lose when time's up. (requested by Takiaz)\n|\n|t:|1697612256\n|switch|p1a: Baxcalibur|Baxcalibur, M, shiny|100\/100\n|turn|5\n|\n|t:|1697612263\n|move|p2a: Landorus|Earthquake|p1a: Baxcalibur\n|-damage|p1a: Baxcalibur|61\/100\n|move|p1a: Baxcalibur|Dragon Dance|p1a: Baxcalibur\n|-boost|p1a: Baxcalibur|atk|1\n|-boost|p1a: Baxcalibur|spe|1\n|\n|upkeep\n|turn|6\n|\n|t:|1697612274\n|move|p1a: Baxcalibur|Dragon Dance|p1a: Baxcalibur\n|-boost|p1a: Baxcalibur|atk|1\n|-boost|p1a: Baxcalibur|spe|1\n|move|p2a: Landorus|Earthquake|p1a: Baxcalibur\n|-damage|p1a: Baxcalibur|27\/100\n|\n|upkeep\n|turn|7\n|\n|t:|1697612280\n|move|p1a: Baxcalibur|Icicle Spear|p2a: Landorus\n|-supereffective|p2a: Landorus\n|-damage|p2a: Landorus|0 fnt\n|faint|p2a: Landorus\n|-hitcount|p2: Landorus|1\n|\n|upkeep\n|\n|t:|1697612283\n|switch|p2a: Arceus|Arceus|100\/100\n|turn|8\n|inactive|dr460n1t3 has 120 seconds left.\n|\n|t:|1697612325\n|move|p2a: Arceus|Extreme Speed|p1a: Baxcalibur\n|-damage|p1a: Baxcalibur|0 fnt\n|faint|p1a: Baxcalibur\n|-damage|p2a: Arceus|91\/100|[from] item: Life Orb\n|\n|-sideend|p1: dr460n1t3|Reflect\n|upkeep\n|\n|t:|1697612337\n|switch|p1a: Koraidon|Koraidon|100\/100\n|-weather|SunnyDay|[from] ability: Orichalcum Pulse|[of] p1a: Koraidon\n|-activate|p1a: Koraidon|Orichalcum Pulse|[source]\n|turn|9\n|\n|t:|1697612341\n|move|p1a: Koraidon|Swords Dance|p1a: Koraidon\n|-boost|p1a: Koraidon|atk|2\n|move|p2a: Arceus|Bulk Up|p2a: Arceus\n|-boost|p2a: Arceus|atk|1\n|-boost|p2a: Arceus|def|1\n|\n|-weather|SunnyDay|[upkeep]\n|-sideend|p1: dr460n1t3|move: Light Screen\n|upkeep\n|turn|10\n|inactive|dr460n1t3 has 120 seconds left.\n|\n|t:|1697612355\n|move|p1a: Koraidon|Low Kick|p2a: Arceus\n|-supereffective|p2a: Arceus\n|-damage|p2a: Arceus|0 fnt\n|faint|p2a: Arceus\n|\n|-weather|SunnyDay|[upkeep]\n|upkeep\n|\n|t:|1697612363\n|switch|p2a: Flutter Mane|Flutter Mane|100\/100\n|-activate|p2a: Flutter Mane|ability: Protosynthesis\n|-start|p2a: Flutter Mane|protosynthesisspe\n|turn|11\n|inactive|Takiaz has 120 seconds left.\n|\n|t:|1697612394\n|-terastallize|p1a: Koraidon|Fire\n|move|p2a: Flutter Mane|Moonblast|p1a: Koraidon\n|-resisted|p1a: Koraidon\n|-damage|p1a: Koraidon|76\/100\n|move|p1a: Koraidon|Flame Charge|p2a: Flutter Mane\n|-damage|p2a: Flutter Mane|0 fnt\n|-boost|p1a: Koraidon|spe|1\n|faint|p2a: Flutter Mane\n|-end|p2a: Flutter Mane|Protosynthesis|[silent]\n|\n|-weather|SunnyDay|[upkeep]\n|-heal|p1a: Koraidon|82\/100|[from] item: Leftovers\n|upkeep\n|inactive|Takiaz has 120 seconds left.\n|\n|t:|1697612402\n|switch|p2a: Infernape|Infernape, M|100\/100\n|turn|12\n|\n|t:|1697612411\n|move|p1a: Koraidon|Dragon Claw|p2a: Infernape\n|-enditem|p2a: Infernape|Focus Sash\n|-damage|p2a: Infernape|1\/100\n|move|p2a: Infernape|Agility|p2a: Infernape\n|-boost|p2a: Infernape|spe|2\n|\n|-weather|SunnyDay|[upkeep]\n|-heal|p1a: Koraidon|88\/100|[from] item: Leftovers\n|upkeep\n|turn|13\n|\n|t:|1697612423\n|move|p2a: Infernape|Drain Punch|p1a: Koraidon\n|-damage|p1a: Koraidon|49\/100\n|-heal|p2a: Infernape|24\/100|[from] drain|[of] p1a: Koraidon\n|move|p1a: Koraidon|Flame Charge|p2a: Infernape\n|-resisted|p2a: Infernape\n|-damage|p2a: Infernape|0 fnt\n|-boost|p1a: Koraidon|spe|1\n|faint|p2a: Infernape\n|\n|-weather|none\n|-heal|p1a: Koraidon|55\/100|[from] item: Leftovers\n|upkeep\n|\n|t:|1697612427\n|switch|p2a: Mewtwo|Mewtwo|100\/100\n|-ability|p2a: Mewtwo|Pressure\n|turn|14\n|\n|t:|1697612439\n|move|p1a: Koraidon|Dragon Claw|p2a: Mewtwo\n|-damage|p2a: Mewtwo|4\/100\n|move|p2a: Mewtwo|Psychic|p1a: Koraidon\n|-damage|p1a: Koraidon|0 fnt\n|faint|p1a: Koraidon\n|\n|upkeep\n|\n|t:|1697612448\n|switch|p1a: Miraidon|Miraidon|100\/100\n|-fieldstart|move: Electric Terrain|[from] ability: Hadron Engine|[of] p1a: Miraidon\n|turn|15\n|\n|t:|1697612464\n|-terastallize|p2a: Mewtwo|Psychic\n|move|p1a: Miraidon|U-turn|p2a: Mewtwo\n|-supereffective|p2a: Mewtwo\n|-damage|p2a: Mewtwo|0 fnt\n|faint|p2a: Mewtwo\n|\n|win|dr460n1t3\n|raw|dr460n1t3's rating: 1041 &rarr; <strong>1079<\/strong><br \/>(+38 for winning)\n|raw|Takiaz's rating: 1086 &rarr; <strong>1060<\/strong><br \/>(-26 for losing)\n|l|\u2606dr460n1t3\n|j|\u2606dr460n1t3\n|player|p1|dr460n1t3|169\n","uploadtime":1697612509,"views":13,"p1id":"dr460n1t3","p2id":"takiaz","formatid":"gen9ubers","rating":1060,"private":0,"password":""}