{"id":"gen9ubers-1999629839","p1":"Aurorecristal","p2":"Roxas RPPLF","format":"[Gen 9] Ubers","log":"|j|\u2606Aurorecristal\n|j|\u2606Roxas RPPLF\n|t:|1701102740\n|gametype|singles\n|player|p1|Aurorecristal|lady|\n|player|p2|Roxas RPPLF|101|\n|teamsize|p1|6\n|teamsize|p2|6\n|gen|9\n|tier|[Gen 9] Ubers\n|rule|Sleep Clause Mod: Limit one foe put to sleep\n|rule|Species Clause: Limit one of each Pok\u00e9mon\n|rule|OHKO Clause: OHKO moves are banned\n|rule|Evasion Items Clause: Evasion items are banned\n|rule|Evasion Moves Clause: Evasion moves are banned\n|rule|Endless Battle Clause: Forcing endless battles is banned\n|rule|HP Percentage Mod: HP is shown in percentages\n|clearpoke\n|poke|p1|Kingambit, F|\n|poke|p1|Ditto|\n|poke|p1|Scream Tail|\n|poke|p1|Alomomola, F|\n|poke|p1|Okidogi, M|\n|poke|p1|Annihilape, F|\n|poke|p2|Miraidon|\n|poke|p2|Iron Leaves|\n|poke|p2|Iron Moth|\n|poke|p2|Iron Hands|\n|poke|p2|Iron Jugulis|\n|poke|p2|Forretress, M|\n|teampreview\n|c|\u2606Aurorecristal|La fameuse team Miraidon mdr\n|c|\u2606Aurorecristal|Glhf\n|l|\u2606Aurorecristal\n|player|p1|\n|j|\u2606Aurorecristal\n|player|p1|Aurorecristal|lady\n|\n|t:|1701102805\n|start\n|switch|p1a: My Lord|Kingambit, F|100\/100\n|switch|p2a: Iron Leaves|Iron Leaves|100\/100\n|turn|1\n|c|\u2606Roxas RPPLF|Hf ^^\n|\n|t:|1701102825\n|-end|p2a: Iron Leaves|Quark Drive|[silent]\n|switch|p2a: Forretress|Forretress, M|100\/100\n|move|p1a: My Lord|Kowtow Cleave|p2a: Forretress\n|-damage|p2a: Forretress|67\/100\n|-damage|p1a: My Lord|84\/100|[from] item: Rocky Helmet|[of] p2a: Forretress\n|-damage|p1a: My Lord|74\/100|[from] item: Life Orb\n|\n|upkeep\n|turn|2\n|\n|t:|1701102836\n|move|p1a: My Lord|Stealth Rock|p2a: Forretress\n|-sidestart|p2: Roxas RPPLF|move: Stealth Rock\n|move|p2a: Forretress|Volt Switch|p1a: My Lord\n|-damage|p1a: My Lord|64\/100\n|\n|t:|1701102846\n|switch|p2a: Iron Hands|Iron Hands|100\/100|[from] Volt Switch\n|-damage|p2a: Iron Hands|94\/100|[from] Stealth Rock\n|\n|upkeep\n|turn|3\n|\n|t:|1701102859\n|-end|p1a: My Lord|fallenundefined|[silent]\n|switch|p1a: Okikitty|Okidogi, M|100\/100\n|move|p2a: Iron Hands|Earthquake|p1a: Okikitty\n|-supereffective|p1a: Okikitty\n|-damage|p1a: Okikitty|18\/100\n|\n|-heal|p1a: Okikitty|24\/100|[from] item: Black Sludge\n|upkeep\n|turn|4\n|\n|t:|1701102868\n|-end|p2a: Iron Hands|Quark Drive|[silent]\n|switch|p2a: Forretress|Forretress, M|67\/100\n|-damage|p2a: Forretress|55\/100|[from] Stealth Rock\n|move|p1a: Okikitty|Psychic Fangs|p2a: Forretress\n|-resisted|p2a: Forretress\n|-damage|p2a: Forretress|46\/100\n|-damage|p1a: Okikitty|8\/100|[from] item: Rocky Helmet|[of] p2a: Forretress\n|\n|-heal|p1a: Okikitty|14\/100|[from] item: Black Sludge\n|upkeep\n|turn|5\n|\n|t:|1701102884\n|switch|p1a: Angry bird|Annihilape, F|100\/100\n|move|p2a: Forretress|Volt Switch|p1a: Angry bird\n|-damage|p1a: Angry bird|92\/100\n|\n|t:|1701102912\n|switch|p2a: Iron Moth|Iron Moth|100\/100|[from] Volt Switch\n|\n|upkeep\n|turn|6\n|\n|t:|1701102918\n|-terastallize|p2a: Iron Moth|Fairy\n|move|p2a: Iron Moth|Dazzling Gleam|p1a: Angry bird\n|-supereffective|p1a: Angry bird\n|-damage|p1a: Angry bird|35\/100\n|move|p1a: Angry bird|U-turn|p2a: Iron Moth\n|-resisted|p2a: Iron Moth\n|-damage|p2a: Iron Moth|83\/100\n|\n|t:|1701102929\n|switch|p1a: Slimy slime|Ditto|100\/100|[from] U-turn\n|-transform|p1a: Slimy slime|p2a: Iron Moth|[from] ability: Imposter\n|\n|upkeep\n|-start|p1a: Slimy slime|typechange|Fire\/Poison|[silent]\n|turn|7\n|\n|t:|1701102962\n|-end|p2a: Iron Moth|Quark Drive|[silent]\n|switch|p2a: Forretress|Forretress, M|46\/100\n|-damage|p2a: Forretress|34\/100|[from] Stealth Rock\n|move|p1a: Slimy slime|Fiery Dance|p2a: Forretress\n|-supereffective|p2a: Forretress\n|-damage|p2a: Forretress|0 fnt\n|faint|p2a: Forretress\n|\n|upkeep\n|\n|t:|1701102973\n|switch|p2a: Miraidon|Miraidon|100\/100\n|-damage|p2a: Miraidon|88\/100|[from] Stealth Rock\n|-fieldstart|move: Electric Terrain|[from] ability: Hadron Engine|[of] p2a: Miraidon\n|turn|8\n|\n|t:|1701102981\n|-end|p1a: Slimy slime|Quark Drive|[silent]\n|switch|p1a: Okikitty|Okidogi, M|14\/100\n|move|p2a: Miraidon|Electro Drift|p1a: Okikitty\n|-damage|p1a: Okikitty|0 fnt\n|faint|p1a: Okikitty\n|\n|upkeep\n|\n|t:|1701102992\n|switch|p1a: Slimy slime|Ditto|100\/100\n|-transform|p1a: Slimy slime|p2a: Miraidon|[from] ability: Imposter\n|-activate|p1a: Slimy slime|ability: Hadron Engine\n|turn|9\n|\n|t:|1701103013\n|switch|p2a: Iron Moth|Iron Moth, tera:Fairy|83\/100\n|-activate|p2a: Iron Moth|ability: Quark Drive\n|-start|p2a: Iron Moth|quarkdrivespe\n|move|p1a: Slimy slime|Draco Meteor|p2a: Iron Moth\n|-immune|p2a: Iron Moth\n|\n|upkeep\n|turn|10\n|\n|t:|1701103026\n|switch|p1a: Tail'low|Scream Tail|100\/100\n|move|p2a: Iron Moth|Dazzling Gleam|p1a: Tail'low\n|-damage|p1a: Tail'low|73\/100\n|\n|-heal|p1a: Tail'low|79\/100|[from] item: Leftovers\n|upkeep\n|turn|11\n|\n|t:|1701103038\n|move|p1a: Tail'low|Protect|p1a: Tail'low\n|-singleturn|p1a: Tail'low|Protect\n|move|p2a: Iron Moth|Fiery Dance|p1a: Tail'low\n|-activate|p1a: Tail'low|move: Protect\n|\n|-heal|p1a: Tail'low|85\/100|[from] item: Leftovers\n|upkeep\n|turn|12\n|\n|t:|1701103055\n|-end|p1a: Tail'low|Protosynthesis|[silent]\n|switch|p1a: Slimy slime|Ditto|100\/100\n|-transform|p1a: Slimy slime|p2a: Iron Moth|[from] ability: Imposter\n|move|p2a: Iron Moth|Fiery Dance|p1a: Slimy slime\n|-resisted|p1a: Slimy slime\n|-damage|p1a: Slimy slime|79\/100\n|-boost|p2a: Iron Moth|spa|1\n|\n|upkeep\n|turn|13\n|\n|t:|1701103102\n|-end|p2a: Iron Moth|Quark Drive|[silent]\n|switch|p2a: Iron Hands|Iron Hands|94\/100\n|-damage|p2a: Iron Hands|88\/100|[from] Stealth Rock\n|-activate|p2a: Iron Hands|ability: Quark Drive\n|-start|p2a: Iron Hands|quarkdriveatk\n|move|p1a: Slimy slime|Sludge Wave|p2a: Iron Hands\n|-damage|p2a: Iron Hands|61\/100\n|\n|upkeep\n|turn|14\n|\n|t:|1701103117\n|-end|p1a: Slimy slime|Quark Drive|[silent]\n|switch|p1a: Tail'low|Scream Tail|85\/100\n|move|p2a: Iron Hands|Earthquake|p1a: Tail'low\n|-damage|p1a: Tail'low|46\/100\n|\n|-heal|p1a: Tail'low|53\/100|[from] item: Leftovers\n|upkeep\n|turn|15\n|\n|t:|1701103142\n|move|p1a: Tail'low|Wish|p1a: Tail'low\n|move|p2a: Iron Hands|Thunder Punch|p1a: Tail'low\n|-damage|p1a: Tail'low|0 fnt\n|faint|p1a: Tail'low\n|-end|p1a: Tail'low|Protosynthesis|[silent]\n|\n|-fieldend|move: Electric Terrain\n|-end|p2a: Iron Hands|Quark Drive\n|upkeep\n|\n|t:|1701103156\n|switch|p1a: Angry bird|Annihilape, F|35\/100\n|turn|16\n|\n|t:|1701103173\n|-terastallize|p1a: Angry bird|Ghost\n|move|p1a: Angry bird|Rage Fist|p2a: Iron Hands\n|-damage|p2a: Iron Hands|3\/100\n|move|p2a: Iron Hands|Thunder Punch|p1a: Angry bird\n|-damage|p1a: Angry bird|0 fnt\n|faint|p1a: Angry bird\n|\n|upkeep\n|c|\u2606Roxas RPPLF|OUF\n|c|\u2606Aurorecristal|;-;\n|c|\u2606Aurorecristal|Je vais hurler\n|c|\u2606Roxas RPPLF|Le tournant du match clairement\n|\n|t:|1701103199\n|switch|p1a: Lovdisc|Alomomola, F|100\/100\n|turn|17\n|\n|t:|1701103207\n|move|p1a: Lovdisc|Flip Turn|p2a: Iron Hands\n|-damage|p2a: Iron Hands|0 fnt\n|faint|p2a: Iron Hands\n|-end|p2a: Iron Hands|Quark Drive|[silent]\n|\n|t:|1701103210\n|switch|p1a: Slimy slime|Ditto|79\/100|[from] Flip Turn\n|\n|upkeep\n|c|\u2606Aurorecristal|Ok je crois que j'ai missplay\n|c|\u2606Aurorecristal|Mdr\n|\n|t:|1701103263\n|switch|p2a: Iron Leaves|Iron Leaves|100\/100\n|-damage|p2a: Iron Leaves|88\/100|[from] Stealth Rock\n|turn|18\n|\n|t:|1701103282\n|switch|p1a: My Lord|Kingambit, F|64\/100\n|-activate|p1a: My Lord|ability: Supreme Overlord\n|-start|p1a: My Lord|fallen3|[silent]\n|move|p2a: Iron Leaves|Close Combat|p1a: My Lord\n|-supereffective|p1a: My Lord\n|-damage|p1a: My Lord|0 fnt\n|-unboost|p2a: Iron Leaves|def|1\n|-unboost|p2a: Iron Leaves|spd|1\n|faint|p1a: My Lord\n|-end|p1a: My Lord|fallen3|[silent]\n|\n|upkeep\n|\n|t:|1701103286\n|switch|p1a: Lovdisc|Alomomola, F|100\/100\n|turn|19\n|\n|t:|1701103304\n|move|p2a: Iron Leaves|Leaf Blade|p1a: Lovdisc\n|-supereffective|p1a: Lovdisc\n|-damage|p1a: Lovdisc|21\/100\n|-damage|p2a: Iron Leaves|71\/100|[from] item: Rocky Helmet|[of] p1a: Lovdisc\n|move|p1a: Lovdisc|Whirlpool|p2a: Iron Leaves|[miss]\n|-miss|p1a: Lovdisc|p2a: Iron Leaves\n|\n|upkeep\n|turn|20\n|c|\u2606Roxas RPPLF|Ouais ahah\n|c|\u2606Aurorecristal|85% hein\n|c|\u2606Aurorecristal|C'est pas plut\u00f4t 50 ?\n|\n|t:|1701103329\n|switch|p1a: Slimy slime|Ditto|79\/100\n|-transform|p1a: Slimy slime|p2a: Iron Leaves|[from] ability: Imposter\n|move|p2a: Iron Leaves|Leaf Blade|p1a: Slimy slime\n|-resisted|p1a: Slimy slime\n|-damage|p1a: Slimy slime|37\/100\n|\n|upkeep\n|turn|21\n|\n|t:|1701103342\n|move|p1a: Slimy slime|Leaf Blade|p2a: Iron Leaves\n|-resisted|p2a: Iron Leaves\n|-damage|p2a: Iron Leaves|36\/100\n|move|p2a: Iron Leaves|Leaf Blade|p1a: Slimy slime\n|-resisted|p1a: Slimy slime\n|-damage|p1a: Slimy slime|0 fnt\n|faint|p1a: Slimy slime\n|-end|p1a: Slimy slime|Quark Drive|[silent]\n|\n|upkeep\n|-message|Aurorecristal forfeited.\n|\n|win|Roxas RPPLF\n|l|\u2606Aurorecristal\n|c|\u2606Roxas RPPLF|T'es pas full def HP si ?\n","uploadtime":1701103366,"views":4,"p1id":"aurorecristal","p2id":"roxasrpplf","formatid":"gen9ubers","rating":0,"private":0,"password":""}