{"id":"gen9ubers-1984556499","p1":"dingelera","p2":"nicolas280","format":"[Gen 9] Ubers","log":"|j|\u2606dingelera\n|j|\u2606nicolas280\n|t:|1699279474\n|gametype|singles\n|player|p1|dingelera|parasollady-gen4|1000\n|player|p2|nicolas280|101|1041\n|teamsize|p1|6\n|teamsize|p2|6\n|gen|9\n|tier|[Gen 9] Ubers\n|rated|\n|rule|Sleep Clause Mod: Limit one foe put to sleep\n|rule|Species Clause: Limit one of each Pok\u00e9mon\n|rule|OHKO Clause: OHKO moves are banned\n|rule|Evasion Items Clause: Evasion items are banned\n|rule|Evasion Moves Clause: Evasion moves are banned\n|rule|Endless Battle Clause: Forcing endless battles is banned\n|rule|HP Percentage Mod: HP is shown in percentages\n|clearpoke\n|poke|p1|Giratina-Origin|\n|poke|p1|Miraidon|\n|poke|p1|Koraidon|\n|poke|p1|Ribombee, M|\n|poke|p1|Zacian-*|\n|poke|p1|Great Tusk|\n|poke|p2|Roaring Moon|\n|poke|p2|Chesnaught, F|\n|poke|p2|Cinderace, F|\n|poke|p2|Gliscor, F|\n|poke|p2|Iron Valiant|\n|poke|p2|Palafin, F|\n|teampreview\n|c|\u2606nicolas280|pero que es ese equipo bra<\n|\n|t:|1699279502\n|start\n|switch|p1a: Ribombee|Ribombee, M|100\/100\n|switch|p2a: Iron Valiant|Iron Valiant|100\/100\n|turn|1\n|c|\u2606nicolas280|los lejendario s los regalan o que<\n|\n|t:|1699279519\n|move|p1a: Ribombee|Moonblast|p2a: Iron Valiant\n|-supereffective|p2a: Iron Valiant\n|-enditem|p2a: Iron Valiant|Focus Sash\n|-damage|p2a: Iron Valiant|1\/100\n|-unboost|p2a: Iron Valiant|spa|1\n|move|p2a: Iron Valiant|Spirit Break|p1a: Ribombee\n|-damage|p1a: Ribombee|51\/100\n|-unboost|p1a: Ribombee|spa|1\n|\n|upkeep\n|turn|2\n|\n|t:|1699279534\n|move|p1a: Ribombee|Moonblast|p2a: Iron Valiant\n|-supereffective|p2a: Iron Valiant\n|-damage|p2a: Iron Valiant|0 fnt\n|faint|p2a: Iron Valiant\n|-end|p2a: Iron Valiant|Quark Drive|[silent]\n|\n|upkeep\n|\n|t:|1699279540\n|switch|p2a: Cinderace|Cinderace, F|100\/100\n|turn|3\n|\n|t:|1699279544\n|move|p1a: Ribombee|Stun Spore|p2a: Cinderace|[miss]\n|-miss|p1a: Ribombee|p2a: Cinderace\n|move|p2a: Cinderace|Pyro Ball|p1a: Ribombee\n|-supereffective|p1a: Ribombee\n|-damage|p1a: Ribombee|0 fnt\n|faint|p1a: Ribombee\n|-damage|p2a: Cinderace|91\/100|[from] item: Life Orb\n|\n|upkeep\n|\n|t:|1699279554\n|switch|p1a: Giratina|Giratina-Origin|100\/100\n|turn|4\n|\n|t:|1699279556\n|move|p2a: Cinderace|U-turn|p1a: Giratina\n|-start|p2a: Cinderace|typechange|Bug|[from] ability: Libero\n|-resisted|p1a: Giratina\n|-damage|p1a: Giratina|85\/100\n|-damage|p2a: Cinderace|81\/100|[from] item: Life Orb\n|\n|t:|1699279563\n|switch|p2a: Chesnaught|Chesnaught, F|100\/100|[from] U-turn\n|move|p1a: Giratina|Shadow Ball|p2a: Chesnaught\n|-immune|p2a: Chesnaught|[from] ability: Bulletproof\n|\n|upkeep\n|turn|5\n|\n|t:|1699279576\n|move|p1a: Giratina|Draco Meteor|p2a: Chesnaught\n|-damage|p2a: Chesnaught|12\/100\n|-unboost|p1a: Giratina|spa|2\n|move|p2a: Chesnaught|Seed Bomb|p1a: Giratina\n|-resisted|p1a: Giratina\n|-damage|p1a: Giratina|71\/100\n|\n|-heal|p2a: Chesnaught|18\/100|[from] item: Leftovers\n|upkeep\n|turn|6\n|\n|t:|1699279579\n|move|p1a: Giratina|Draco Meteor|p2a: Chesnaught|[miss]\n|-miss|p1a: Giratina|p2a: Chesnaught\n|move|p2a: Chesnaught|Seed Bomb|p1a: Giratina\n|-resisted|p1a: Giratina\n|-damage|p1a: Giratina|58\/100\n|\n|-heal|p2a: Chesnaught|24\/100|[from] item: Leftovers\n|upkeep\n|turn|7\n|\n|t:|1699279586\n|move|p1a: Giratina|Draco Meteor|p2a: Chesnaught\n|-damage|p2a: Chesnaught|0 fnt\n|-unboost|p1a: Giratina|spa|2\n|faint|p2a: Chesnaught\n|\n|upkeep\n|\n|t:|1699279595\n|switch|p2a: Roaring Moon|Roaring Moon|100\/100\n|turn|8\n|\n|t:|1699279599\n|move|p2a: Roaring Moon|Dragon Claw|p1a: Giratina\n|-supereffective|p1a: Giratina\n|-damage|p1a: Giratina|0 fnt\n|faint|p1a: Giratina\n|\n|upkeep\n|\n|t:|1699279612\n|switch|p1a: Zacian|Zacian-Crowned|100\/100\n|-ability|p1a: Zacian|Intrepid Sword|boost\n|-boost|p1a: Zacian|atk|1\n|turn|9\n|\n|t:|1699279624\n|-end|p2a: Roaring Moon|Protosynthesis|[silent]\n|switch|p2a: Gliscor|Gliscor, F|100\/100\n|move|p1a: Zacian|Play Rough|p2a: Gliscor\n|-damage|p2a: Gliscor|30\/100\n|\n|-status|p2a: Gliscor|tox|[from] item: Toxic Orb\n|upkeep\n|turn|10\n|c|\u2606nicolas280|your is so god men<\n|\n|t:|1699279640\n|move|p1a: Zacian|Behemoth Blade|p2a: Gliscor\n|-damage|p2a: Gliscor|0 fnt\n|faint|p2a: Gliscor\n|\n|upkeep\n|\n|t:|1699279644\n|switch|p2a: Cinderace|Cinderace, F|81\/100\n|turn|11\n|\n|t:|1699279651\n|move|p1a: Zacian|Close Combat|p2a: Cinderace\n|-crit|p2a: Cinderace\n|-damage|p2a: Cinderace|0 fnt\n|-unboost|p1a: Zacian|def|1\n|-unboost|p1a: Zacian|spd|1\n|faint|p2a: Cinderace\n|\n|upkeep\n|\n|t:|1699279659\n|switch|p2a: Palafin|Palafin, F|100\/100\n|turn|12\n|\n|t:|1699279662\n|detailschange|p2a: Palafin|Palafin-Hero, F\n|switch|p2a: Roaring Moon|Roaring Moon|100\/100\n|move|p1a: Zacian|Play Rough|p2a: Roaring Moon\n|-supereffective|p2a: Roaring Moon\n|-damage|p2a: Roaring Moon|0 fnt\n|faint|p2a: Roaring Moon\n|-end|p2a: Roaring Moon|Protosynthesis|[silent]\n|\n|upkeep\n|\n|t:|1699279668\n|switch|p2a: Palafin|Palafin-Hero, F|100\/100\n|-activate|p2a: Palafin|ability: Zero to Hero\n|turn|13\n|\n|t:|1699279675\n|-terastallize|p2a: Palafin|Water\n|move|p2a: Palafin|Protect|p2a: Palafin\n|-singleturn|p2a: Palafin|Protect\n|move|p1a: Zacian|Play Rough|p2a: Palafin\n|-activate|p2a: Palafin|move: Protect\n|\n|upkeep\n|turn|14\n|\n|t:|1699279683\n|move|p2a: Palafin|Protect||[still]\n|-fail|p2a: Palafin\n|move|p1a: Zacian|Play Rough|p2a: Palafin\n|-damage|p2a: Palafin|34\/100\n|\n|upkeep\n|turn|15\n|c|\u2606nicolas280|xd<\n|\n|t:|1699279692\n|move|p2a: Palafin|Protect|p2a: Palafin\n|-singleturn|p2a: Palafin|Protect\n|move|p1a: Zacian|Close Combat|p2a: Palafin\n|-activate|p2a: Palafin|move: Protect\n|\n|upkeep\n|turn|16\n|c|\u2606nicolas280|suck my dic<k\n|\n|t:|1699279707\n|move|p2a: Palafin|Protect|p2a: Palafin\n|-singleturn|p2a: Palafin|Protect\n|move|p1a: Zacian|Close Combat|p2a: Palafin\n|-activate|p2a: Palafin|move: Protect\n|\n|upkeep\n|turn|17\n|\n|t:|1699279710\n|move|p2a: Palafin|Protect||[still]\n|-fail|p2a: Palafin\n|move|p1a: Zacian|Close Combat|p2a: Palafin\n|-damage|p2a: Palafin|0 fnt\n|-unboost|p1a: Zacian|def|1\n|-unboost|p1a: Zacian|spd|1\n|faint|p2a: Palafin\n|\n|win|dingelera\n|raw|dingelera's rating: 1000 &rarr; <strong>1045<\/strong><br \/>(+45 for winning)\n|raw|nicolas280's rating: 1041 &rarr; <strong>1023<\/strong><br \/>(-18 for losing)\n","uploadtime":1699279707,"views":4,"p1id":"dingelera","p2id":"nicolas280","formatid":"gen9ubers","rating":1023,"private":0,"password":""}