{"id":"gen9ubers-1979848585","p1":"Nyamonya","p2":"RektCactus","format":"[Gen 9] Ubers","log":"|j|\u2606Nyamonya\n|j|\u2606RektCactus\n|t:|1698719720\n|gametype|singles\n|player|p1|Nyamonya|leon-masters|\n|player|p2|RektCactus|169|\n|teamsize|p1|6\n|teamsize|p2|6\n|gen|9\n|tier|[Gen 9] Ubers\n|rule|Sleep Clause Mod: Limit one foe put to sleep\n|rule|Species Clause: Limit one of each Pok\u00e9mon\n|rule|OHKO Clause: OHKO moves are banned\n|rule|Evasion Items Clause: Evasion items are banned\n|rule|Evasion Moves Clause: Evasion moves are banned\n|rule|Endless Battle Clause: Forcing endless battles is banned\n|rule|HP Percentage Mod: HP is shown in percentages\n|clearpoke\n|poke|p1|Infernape, F|\n|poke|p1|Tornadus-Therian, M|\n|poke|p1|Jolteon, F|\n|poke|p1|Bronzong|\n|poke|p1|Clefable, F|\n|poke|p1|Muk-Alola, M|\n|poke|p2|Ogerpon-Hearthflame, F|\n|poke|p2|Sneasler, F|\n|poke|p2|Urshifu-*, M|\n|poke|p2|Landorus-Therian, M|\n|poke|p2|Rillaboom, M|\n|poke|p2|Heatran, F|\n|teampreview\n|inactive|Battle timer is ON: inactive players will automatically lose when time's up. (requested by Nyamonya)\n|inactive|RektCactus has 270 seconds left.\n|\n|t:|1698719753\n|start\n|switch|p1a: heres the puncher|Infernape, F|100\/100\n|switch|p2a: Salamanda|Heatran, F|100\/100\n|turn|1\n|inactive|RektCactus has 270 seconds left.\n|\n|t:|1698719791\n|switch|p2a: Dog2|Landorus-Therian, M|100\/100\n|-ability|p2a: Dog2|Intimidate|boost\n|-unboost|p1a: heres the puncher|atk|1\n|move|p1a: heres the puncher|Taunt|p2a: Dog2\n|-start|p2a: Dog2|move: Taunt\n|\n|upkeep\n|turn|2\n|inactive|RektCactus has 270 seconds left.\n|\n|t:|1698719800\n|move|p1a: heres the puncher|Stealth Rock|p2a: Dog2\n|-sidestart|p2: RektCactus|move: Stealth Rock\n|move|p2a: Dog2|Earthquake|p1a: heres the puncher\n|-supereffective|p1a: heres the puncher\n|-enditem|p1a: heres the puncher|Focus Sash\n|-damage|p1a: heres the puncher|1\/100\n|\n|upkeep\n|turn|3\n|inactive|RektCactus has 270 seconds left.\n|\n|t:|1698719817\n|move|p1a: heres the puncher|Overheat|p2a: Dog2\n|-damage|p2a: Dog2|0 fnt\n|-unboost|p1a: heres the puncher|spa|2\n|faint|p2a: Dog2\n|\n|upkeep\n|\n|t:|1698719831\n|switch|p2a: Monke|Rillaboom, M|100\/100\n|-damage|p2a: Monke|88\/100|[from] Stealth Rock\n|-fieldstart|move: Grassy Terrain|[from] ability: Grassy Surge|[of] p2a: Monke\n|turn|4\n|\n|t:|1698719855\n|switch|p1a: heres the donger|Bronzong|100\/100\n|move|p2a: Monke|Grassy Glide|p1a: heres the donger\n|-resisted|p1a: heres the donger\n|-damage|p1a: heres the donger|82\/100\n|-damage|p2a: Monke|72\/100|[from] item: Rocky Helmet|[of] p1a: heres the donger\n|\n|-heal|p2a: Monke|78\/100|[from] Grassy Terrain\n|upkeep\n|turn|5\n|inactive|Nyamonya has 270 seconds left.\n|\n|t:|1698719892\n|switch|p2a: Dog|Urshifu, M|100\/100\n|-damage|p2a: Dog|94\/100|[from] Stealth Rock\n|switch|p1a: heres the flapper|Tornadus-Therian, M|100\/100\n|\n|-heal|p2a: Dog|100\/100|[from] Grassy Terrain\n|upkeep\n|turn|6\n|inactive|RektCactus has 240 seconds left.\n|\n|t:|1698719939\n|switch|p2a: Salamanda|Heatran, F|100\/100\n|-damage|p2a: Salamanda|88\/100|[from] Stealth Rock\n|move|p1a: heres the flapper|U-turn|p2a: Salamanda\n|-resisted|p2a: Salamanda\n|-damage|p2a: Salamanda|85\/100\n|inactive|Nyamonya has 240 seconds left.\n|inactive|Nyamonya has 210 seconds left.\n|\n|t:|1698720002\n|switch|p1a: heres the gooper|Muk-Alola, M|100\/100|[from] U-turn\n|\n|-heal|p2a: Salamanda|91\/100|[from] Grassy Terrain\n|-heal|p2a: Salamanda|97\/100|[from] item: Leftovers\n|upkeep\n|turn|7\n|inactive|RektCactus has 210 seconds left.\n|\n|t:|1698720024\n|move|p2a: Salamanda|Stealth Rock|p1a: heres the gooper\n|-sidestart|p1: Nyamonya|move: Stealth Rock\n|move|p1a: heres the gooper|Knock Off|p2a: Salamanda\n|-damage|p2a: Salamanda|38\/100\n|-enditem|p2a: Salamanda|Leftovers|[from] move: Knock Off|[of] p1a: heres the gooper\n|\n|-heal|p2a: Salamanda|44\/100|[from] Grassy Terrain\n|upkeep\n|turn|8\n|inactive|RektCactus has 210 seconds left.\n|\n|t:|1698720050\n|switch|p1a: heres the donger|Bronzong|82\/100\n|-damage|p1a: heres the donger|76\/100|[from] Stealth Rock\n|move|p2a: Salamanda|Magma Storm|p1a: heres the donger\n|-supereffective|p1a: heres the donger\n|-damage|p1a: heres the donger|0 fnt\n|faint|p1a: heres the donger\n|\n|-heal|p2a: Salamanda|50\/100|[from] Grassy Terrain\n|-fieldend|move: Grassy Terrain\n|upkeep\n|inactive|Nyamonya has 180 seconds left.\n|\n|t:|1698720075\n|switch|p1a: heres the zapper|Jolteon, F|100\/100\n|-damage|p1a: heres the zapper|88\/100|[from] Stealth Rock\n|turn|9\n|inactive|RektCactus has 210 seconds left.\n|\n|t:|1698720083\n|move|p1a: heres the zapper|Volt Switch|p2a: Salamanda\n|-damage|p2a: Salamanda|10\/100\n|\n|t:|1698720101\n|switch|p1a: heres the puncher|Infernape, F|1\/100|[from] Volt Switch\n|-damage|p1a: heres the puncher|0 fnt|[from] Stealth Rock\n|faint|p1a: heres the puncher\n|move|p2a: Salamanda|Magma Storm|p1: heres the puncher|[notarget]\n|-fail|p2a: Salamanda\n|\n|upkeep\n|inactive|Nyamonya has 150 seconds left.\n|\n|t:|1698720131\n|switch|p1a: heres the flapper|Tornadus-Therian, M|100\/100\n|turn|10\n|inactive|Nyamonya has 150 seconds left.\n|\n|t:|1698720144\n|move|p1a: heres the flapper|Knock Off|p2a: Salamanda\n|-damage|p2a: Salamanda|0 fnt\n|faint|p2a: Salamanda\n|\n|upkeep\n|inactive|RektCactus has 210 seconds left.\n|\n|t:|1698720170\n|switch|p2a: Sneaky Bitch|Sneasler, F|100\/100\n|-damage|p2a: Sneaky Bitch|95\/100|[from] Stealth Rock\n|turn|11\n|inactive|RektCactus has 180 seconds left.\n|\n|t:|1698720209\n|switch|p2a: Monke|Rillaboom, M|78\/100\n|-damage|p2a: Monke|66\/100|[from] Stealth Rock\n|-fieldstart|move: Grassy Terrain|[from] ability: Grassy Surge|[of] p2a: Monke\n|move|p1a: heres the flapper|Bleakwind Storm|p2a: Monke\n|-supereffective|p2a: Monke\n|-damage|p2a: Monke|0 fnt\n|faint|p2a: Monke\n|\n|upkeep\n|\n|t:|1698720218\n|switch|p2a: Sneaky Bitch|Sneasler, F|95\/100\n|-damage|p2a: Sneaky Bitch|89\/100|[from] Stealth Rock\n|-enditem|p2a: Sneaky Bitch|Grassy Seed\n|-boost|p2a: Sneaky Bitch|def|1|[from] item: Grassy Seed\n|turn|12\n|inactive|RektCactus has 180 seconds left.\n|inactive|Nyamonya has 150 seconds left.\n|\n|t:|1698720261\n|-terastallize|p2a: Sneaky Bitch|Flying\n|move|p2a: Sneaky Bitch|Acrobatics|p1a: heres the flapper\n|-damage|p1a: heres the flapper|9\/100\n|move|p1a: heres the flapper|Bleakwind Storm|p2a: Sneaky Bitch\n|-damage|p2a: Sneaky Bitch|23\/100\n|\n|upkeep\n|turn|13\n|inactive|RektCactus has 180 seconds left.\n|inactive|Nyamonya has 120 seconds left.\n|\n|t:|1698720303\n|switch|p1a: heres the goober|Clefable, F|100\/100\n|move|p2a: Sneaky Bitch|Dire Claw|p1a: heres the goober\n|-supereffective|p1a: heres the goober\n|-damage|p1a: heres the goober|25\/100\n|-status|p1a: heres the goober|psn\n|\n|-heal|p1a: heres the goober|31\/100 psn|[from] Grassy Terrain\n|-heal|p1a: heres the goober|38\/100 psn|[from] item: Leftovers\n|upkeep\n|turn|14\n|inactive|RektCactus has 180 seconds left.\n|\n|t:|1698720327\n|move|p2a: Sneaky Bitch|Acrobatics|p1a: heres the goober\n|-damage|p1a: heres the goober|0 fnt\n|faint|p1a: heres the goober\n|\n|upkeep\n|\n|t:|1698720333\n|switch|p1a: heres the gooper|Muk-Alola, M|100\/100\n|-damage|p1a: heres the gooper|88\/100|[from] Stealth Rock\n|turn|15\n|\n|t:|1698720351\n|move|p1a: heres the gooper|Shadow Sneak|p2a: Sneaky Bitch\n|-damage|p2a: Sneaky Bitch|1\/100\n|move|p2a: Sneaky Bitch|Acrobatics|p1a: heres the gooper\n|-damage|p1a: heres the gooper|27\/100\n|\n|-heal|p1a: heres the gooper|33\/100|[from] Grassy Terrain\n|-fieldend|move: Grassy Terrain\n|upkeep\n|turn|16\n|\n|t:|1698720372\n|move|p1a: heres the gooper|Shadow Sneak|p2a: Sneaky Bitch\n|-damage|p2a: Sneaky Bitch|0 fnt\n|faint|p2a: Sneaky Bitch\n|\n|upkeep\n|\n|t:|1698720382\n|switch|p2a: Dog|Urshifu, M|100\/100\n|-damage|p2a: Dog|94\/100|[from] Stealth Rock\n|turn|17\n|\n|t:|1698720400\n|move|p1a: heres the gooper|Shadow Sneak|p2a: Dog\n|-resisted|p2a: Dog\n|-damage|p2a: Dog|84\/100\n|-status|p2a: Dog|psn|[from] ability: Poison Touch|[of] p1a: heres the gooper\n|move|p2a: Dog|Wicked Blow|p1a: heres the gooper\n|-resisted|p1a: heres the gooper\n|-crit|p1a: heres the gooper\n|-damage|p1a: heres the gooper|0 fnt\n|faint|p1a: heres the gooper\n|\n|-heal|p2a: Dog|90\/100 psn|[from] item: Leftovers\n|-damage|p2a: Dog|78\/100 psn|[from] psn\n|upkeep\n|\n|t:|1698720414\n|switch|p1a: heres the flapper|Tornadus-Therian, M|42\/100\n|turn|18\n|\n|t:|1698720419\n|move|p1a: heres the flapper|Bleakwind Storm|p2a: Dog\n|-supereffective|p2a: Dog\n|-damage|p2a: Dog|0 fnt\n|faint|p2a: Dog\n|\n|upkeep\n|\n|t:|1698720423\n|switch|p2a: Zuki|Ogerpon-Hearthflame, F|100\/100\n|-damage|p2a: Zuki|76\/100|[from] Stealth Rock\n|-ability|p2a: Zuki|Mold Breaker\n|turn|19\n|j| Wha1efish\n|inactive|RektCactus has 180 seconds left.\n|\n|t:|1698720433\n|move|p1a: heres the flapper|Bleakwind Storm|p2a: Zuki\n|-supereffective|p2a: Zuki\n|-damage|p2a: Zuki|0 fnt\n|faint|p2a: Zuki\n|\n|win|Nyamonya\n|l|\u2606RektCactus\n|l| Wha1efish\n|l|\u2606Nyamonya\n|j|\u2606Nyamonya\n|player|p1|Nyamonya|leon-masters\n","uploadtime":1698720469,"views":13,"p1id":"nyamonya","p2id":"rektcactus","formatid":"gen9ubers","rating":0,"private":0,"password":""}