{"id":"gen9ubers-1969328348","p1":"Astyr.Pygos","p2":"KickinAsh","format":"[Gen 9] Ubers","log":"|j|\u2606Astyr.Pygos\n|j|\u2606KickinAsh\n|t:|1697514750\n|gametype|singles\n|player|p1|Astyr.Pygos|rosa|\n|player|p2|KickinAsh|170|\n|teamsize|p1|6\n|teamsize|p2|6\n|gen|9\n|tier|[Gen 9] Ubers\n|rule|Sleep Clause Mod: Limit one foe put to sleep\n|rule|Species Clause: Limit one of each Pok\u00e9mon\n|rule|OHKO Clause: OHKO moves are banned\n|rule|Evasion Items Clause: Evasion items are banned\n|rule|Evasion Moves Clause: Evasion moves are banned\n|rule|Endless Battle Clause: Forcing endless battles is banned\n|rule|HP Percentage Mod: HP is shown in percentages\n|clearpoke\n|poke|p1|Toxapex, F|\n|poke|p1|Ceruledge, M|\n|poke|p1|Rotom-Wash|\n|poke|p1|Iron Valiant|\n|poke|p1|Grimmsnarl, M|\n|poke|p1|Corviknight, M|\n|poke|p2|Kilowattrel, F|\n|poke|p2|Umbreon, M|\n|poke|p2|Cinderace, F|\n|poke|p2|Iron Leaves|\n|poke|p2|Gyarados, F|\n|poke|p2|Slowking-Galar, F|\n|teampreview\n|j| Pkpowers310\n|j| slugmaaa\n|j| Squirshawott\n|j| Sol CPU\n|l| Pkpowers310\n|\n|t:|1697514930\n|start\n|switch|p1a: Toxapex|Toxapex, F|100\/100\n|switch|p2a: BunBun|Cinderace, F|100\/100\n|turn|1\n|j| Pkpowers310\n|\n|t:|1697514947\n|move|p2a: BunBun|U-turn|p1a: Toxapex\n|-start|p2a: BunBun|typechange|Bug|[from] ability: Libero\n|-resisted|p1a: Toxapex\n|-damage|p1a: Toxapex|87\/100\n|-damage|p2a: BunBun|84\/100|[from] item: Rocky Helmet|[of] p1a: Toxapex\n|-damage|p2a: BunBun|74\/100|[from] item: Life Orb\n|\n|t:|1697514966\n|switch|p2a: Shock|Kilowattrel, F|100\/100|[from] U-turn\n|move|p1a: Toxapex|Hex|p2a: Shock\n|-damage|p2a: Shock|83\/100\n|\n|upkeep\n|turn|2\n|l| Pkpowers310\n|j| BLACK METAL 3\n|\n|t:|1697515074\n|switch|p1a: Corviknight|Corviknight, M|100\/100\n|-terastallize|p2a: Shock|Electric\n|move|p2a: Shock|Volt Switch|p1a: Corviknight\n|-supereffective|p1a: Corviknight\n|-damage|p1a: Corviknight|16\/100\n|j| Pkpowers310\n|\n|t:|1697515096\n|switch|p2a: BunBun|Cinderace, F|74\/100|[from] Volt Switch\n|\n|upkeep\n|turn|3\n|\n|t:|1697515116\n|switch|p1a: Toxapex|Toxapex, F|100\/100\n|move|p2a: BunBun|U-turn|p1a: Toxapex\n|-start|p2a: BunBun|typechange|Bug|[from] ability: Libero\n|-resisted|p1a: Toxapex\n|-damage|p1a: Toxapex|88\/100\n|-damage|p2a: BunBun|57\/100|[from] item: Rocky Helmet|[of] p1a: Toxapex\n|-damage|p2a: BunBun|47\/100|[from] item: Life Orb\n|\n|t:|1697515148\n|switch|p2a: Shock|Kilowattrel, F, tera:Electric|83\/100|[from] U-turn\n|\n|upkeep\n|turn|4\n|\n|t:|1697515176\n|switch|p1a: Corviknight|Corviknight, M|16\/100\n|move|p2a: Shock|Thunderbolt|p1a: Corviknight\n|-supereffective|p1a: Corviknight\n|-damage|p1a: Corviknight|0 fnt\n|faint|p1a: Corviknight\n|\n|upkeep\n|\n|t:|1697515182\n|switch|p1a: Grimmsnarl|Grimmsnarl, M|100\/100\n|turn|5\n|l| Pkpowers310\n|j| Pkpowers310\n|l| Pkpowers310\n|j| Pkpowers310\n|\n|t:|1697515282\n|switch|p2a: Triclops|Slowking-Galar, F, shiny|100\/100\n|move|p1a: Grimmsnarl|Light Screen|p1a: Grimmsnarl\n|-sidestart|p1: Astyr.Pygos|move: Light Screen\n|\n|upkeep\n|turn|6\n|l| Pkpowers310\n|j| Pkpowers310\n|\n|t:|1697515305\n|move|p1a: Grimmsnarl|False Surrender|p2a: Triclops\n|-supereffective|p2a: Triclops\n|-damage|p2a: Triclops|37\/100\n|move|p2a: Triclops|Sludge Bomb|p1a: Grimmsnarl\n|-supereffective|p1a: Grimmsnarl\n|-damage|p1a: Grimmsnarl|65\/100\n|-status|p1a: Grimmsnarl|psn\n|\n|-damage|p1a: Grimmsnarl|52\/100 psn|[from] psn\n|upkeep\n|turn|7\n|l| Pkpowers310\n|j| Pkpowers310\n|\n|t:|1697515326\n|switch|p2a: BunBun|Cinderace, F|47\/100\n|move|p1a: Grimmsnarl|False Surrender|p2a: BunBun\n|-damage|p2a: BunBun|0 fnt\n|faint|p2a: BunBun\n|\n|-damage|p1a: Grimmsnarl|40\/100 psn|[from] psn\n|upkeep\n|\n|t:|1697515341\n|switch|p2a: Triclops|Slowking-Galar, F, shiny|70\/100\n|turn|8\n|\n|t:|1697515365\n|switch|p1a: Ceruledge|Ceruledge, M|100\/100\n|move|p2a: Triclops|Sludge Bomb|p1a: Ceruledge\n|-resisted|p1a: Ceruledge\n|-damage|p1a: Ceruledge|88\/100\n|\n|upkeep\n|turn|9\n|\n|t:|1697515395\n|switch|p2a: Geis|Gyarados, F, shiny|100\/100\n|-ability|p2a: Geis|Intimidate|boost\n|-unboost|p1a: Ceruledge|atk|1\n|move|p1a: Ceruledge|Shadow Claw|p2a: Geis\n|-damage|p2a: Geis|54\/100\n|-damage|p1a: Ceruledge|78\/100|[from] item: Life Orb\n|\n|upkeep\n|turn|10\n|l| Pkpowers310\n|\n|t:|1697515412\n|switch|p1a: Toxapex|Toxapex, F|100\/100\n|move|p2a: Geis|Taunt|p1a: Toxapex\n|-start|p1a: Toxapex|move: Taunt\n|\n|upkeep\n|turn|11\n|j| Pkpowers310\n|\n|t:|1697515457\n|switch|p2a: Shock|Kilowattrel, F, tera:Electric|83\/100\n|switch|p1a: Rotom|Rotom-Wash|100\/100\n|\n|upkeep\n|turn|12\n|l| Pkpowers310\n|\n|t:|1697515473\n|move|p2a: Shock|Volt Switch|p1a: Rotom\n|-damage|p1a: Rotom|78\/100\n|\n|t:|1697515477\n|switch|p2a: Fern|Iron Leaves|100\/100|[from] Volt Switch\n|-enditem|p2a: Fern|Booster Energy\n|-activate|p2a: Fern|ability: Quark Drive|[fromitem]\n|-start|p2a: Fern|quarkdriveatk\n|move|p1a: Rotom|Will-O-Wisp|p2a: Fern\n|-status|p2a: Fern|brn\n|\n|-heal|p1a: Rotom|84\/100|[from] item: Leftovers\n|-damage|p2a: Fern|94\/100 brn|[from] brn\n|-sideend|p1: Astyr.Pygos|move: Light Screen\n|upkeep\n|turn|13\n|j| Pkpowers310\n|\n|t:|1697515500\n|move|p2a: Fern|Leaf Blade|p1a: Rotom\n|-supereffective|p1a: Rotom\n|-damage|p1a: Rotom|31\/100\n|move|p1a: Rotom|Volt Switch|p2a: Fern\n|-resisted|p2a: Fern\n|-damage|p2a: Fern|82\/100 brn\n|\n|t:|1697515513\n|switch|p1a: Grimmsnarl|Grimmsnarl, M|40\/100 psn|[from] Volt Switch\n|\n|-damage|p1a: Grimmsnarl|27\/100 psn|[from] psn\n|-damage|p2a: Fern|76\/100 brn|[from] brn\n|upkeep\n|turn|14\n|\n|t:|1697515560\n|move|p1a: Grimmsnarl|Light Screen|p1a: Grimmsnarl\n|-sidestart|p1: Astyr.Pygos|move: Light Screen\n|move|p2a: Fern|Leaf Blade|p1a: Grimmsnarl\n|-damage|p1a: Grimmsnarl|0 fnt\n|faint|p1a: Grimmsnarl\n|\n|-damage|p2a: Fern|70\/100 brn|[from] brn\n|upkeep\n|\n|t:|1697515571\n|switch|p1a: Ceruledge|Ceruledge, M|78\/100\n|turn|15\n|l| Pkpowers310\n|j| Pkpowers310\n|l| Pkpowers310\n|j| Pkpowers310\n|\n|t:|1697515751\n|move|p2a: Fern|Sacred Sword|p1a: Ceruledge\n|-immune|p1a: Ceruledge\n|move|p1a: Ceruledge|Shadow Claw|p2a: Fern\n|-supereffective|p2a: Fern\n|-damage|p2a: Fern|0 fnt\n|faint|p2a: Fern\n|-end|p2a: Fern|Quark Drive|[silent]\n|-damage|p1a: Ceruledge|68\/100|[from] item: Life Orb\n|\n|upkeep\n|\n|t:|1697515767\n|switch|p2a: Geis|Gyarados, F, shiny|54\/100\n|-ability|p2a: Geis|Intimidate|boost\n|-unboost|p1a: Ceruledge|atk|1\n|turn|16\n|\n|t:|1697515815\n|switch|p1a: Toxapex|Toxapex, F|100\/100\n|move|p2a: Geis|Dragon Dance|p2a: Geis\n|-boost|p2a: Geis|atk|1\n|-boost|p2a: Geis|spe|1\n|\n|upkeep\n|turn|17\n|\n|t:|1697515832\n|move|p2a: Geis|Taunt|p1a: Toxapex\n|-start|p1a: Toxapex|move: Taunt\n|cant|p1a: Toxapex|move: Taunt|Haze\n|\n|upkeep\n|turn|18\n|\n|t:|1697515892\n|move|p2a: Geis|Waterfall|p1a: Toxapex\n|-resisted|p1a: Toxapex\n|-damage|p1a: Toxapex|79\/100\n|-damage|p2a: Geis|38\/100|[from] item: Rocky Helmet|[of] p1a: Toxapex\n|move|p1a: Toxapex|Hex|p2a: Geis\n|-damage|p2a: Geis|28\/100\n|\n|upkeep\n|turn|19\n|l| Pkpowers310\n|\n|t:|1697515919\n|move|p2a: Geis|Dragon Dance|p2a: Geis\n|-boost|p2a: Geis|atk|1\n|-boost|p2a: Geis|spe|1\n|move|p1a: Toxapex|Hex|p2a: Geis\n|-damage|p2a: Geis|19\/100\n|-enditem|p2a: Geis|Aguav Berry|[eat]\n|-heal|p2a: Geis|52\/100|[from] item: Aguav Berry\n|\n|-end|p1a: Toxapex|move: Taunt\n|upkeep\n|turn|20\n|j| Pkpowers310\n|\n|t:|1697516002\n|move|p2a: Geis|Taunt|p1a: Toxapex\n|-start|p1a: Toxapex|move: Taunt\n|cant|p1a: Toxapex|move: Taunt|Haze\n|\n|upkeep\n|turn|21\n|l| Pkpowers310\n|j| Pkpowers310\n|\n|t:|1697516022\n|move|p2a: Geis|Waterfall|p1a: Toxapex\n|-resisted|p1a: Toxapex\n|-damage|p1a: Toxapex|54\/100\n|-damage|p2a: Geis|36\/100|[from] item: Rocky Helmet|[of] p1a: Toxapex\n|move|p1a: Toxapex|Hex|p2a: Geis\n|-damage|p2a: Geis|27\/100\n|\n|-sideend|p1: Astyr.Pygos|move: Light Screen\n|upkeep\n|turn|22\n|\n|t:|1697516049\n|move|p2a: Geis|Waterfall|p1a: Toxapex\n|-resisted|p1a: Toxapex\n|-damage|p1a: Toxapex|28\/100\n|-damage|p2a: Geis|10\/100|[from] item: Rocky Helmet|[of] p1a: Toxapex\n|move|p1a: Toxapex|Hex|p2a: Geis\n|-damage|p2a: Geis|1\/100\n|\n|-end|p1a: Toxapex|move: Taunt\n|upkeep\n|turn|23\n|\n|t:|1697516079\n|move|p2a: Geis|Taunt|p1a: Toxapex\n|-start|p1a: Toxapex|move: Taunt\n|cant|p1a: Toxapex|move: Taunt|Recover\n|\n|upkeep\n|turn|24\n|\n|t:|1697516096\n|move|p2a: Geis|Waterfall|p1a: Toxapex\n|-resisted|p1a: Toxapex\n|-damage|p1a: Toxapex|3\/100\n|-damage|p2a: Geis|0 fnt|[from] item: Rocky Helmet|[of] p1a: Toxapex\n|faint|p2a: Geis\n|move|p1a: Toxapex|Hex|p2: Geis|[notarget]\n|-fail|p1a: Toxapex\n|\n|upkeep\n|\n|t:|1697516130\n|switch|p2a: Triclops|Slowking-Galar, F, shiny|100\/100\n|turn|25\n|\n|t:|1697516144\n|switch|p1a: Rotom|Rotom-Wash|31\/100\n|move|p2a: Triclops|Psychic|p1a: Rotom\n|-damage|p1a: Rotom|0 fnt\n|faint|p1a: Rotom\n|\n|upkeep\n|\n|t:|1697516152\n|switch|p1a: Ceruledge|Ceruledge, M|68\/100\n|turn|26\n|\n|t:|1697516177\n|move|p1a: Ceruledge|Bitter Blade|p2a: Triclops\n|-damage|p2a: Triclops|38\/100\n|-heal|p1a: Ceruledge|100\/100|[from] drain|[of] p2a: Triclops\n|-damage|p1a: Ceruledge|91\/100|[from] item: Life Orb\n|move|p2a: Triclops|Sludge Bomb|p1a: Ceruledge\n|-resisted|p1a: Ceruledge\n|-damage|p1a: Ceruledge|66\/100\n|\n|upkeep\n|turn|27\n|\n|t:|1697516201\n|switch|p2a: Obsidion|Umbreon, M, shiny|100\/100\n|move|p1a: Ceruledge|Bitter Blade|p2a: Obsidion\n|-damage|p2a: Obsidion|58\/100\n|-heal|p1a: Ceruledge|93\/100|[from] drain|[of] p2a: Obsidion\n|-damage|p1a: Ceruledge|83\/100|[from] item: Life Orb\n|\n|-heal|p2a: Obsidion|64\/100|[from] item: Leftovers\n|upkeep\n|turn|28\n|\n|t:|1697516255\n|move|p1a: Ceruledge|Bitter Blade|p2a: Obsidion\n|-damage|p2a: Obsidion|22\/100\n|-heal|p1a: Ceruledge|100\/100|[from] drain|[of] p2a: Obsidion\n|-damage|p1a: Ceruledge|91\/100|[from] item: Life Orb\n|move|p2a: Obsidion|Toxic|p1a: Ceruledge\n|-status|p1a: Ceruledge|tox\n|\n|-heal|p2a: Obsidion|28\/100|[from] item: Leftovers\n|-damage|p1a: Ceruledge|84\/100 tox|[from] psn\n|upkeep\n|turn|29\n|\n|t:|1697516291\n|move|p2a: Obsidion|Protect|p2a: Obsidion\n|-singleturn|p2a: Obsidion|Protect\n|move|p1a: Ceruledge|Bitter Blade|p2a: Obsidion\n|-activate|p2a: Obsidion|move: Protect\n|\n|-heal|p2a: Obsidion|34\/100|[from] item: Leftovers\n|-damage|p1a: Ceruledge|72\/100 tox|[from] psn\n|upkeep\n|turn|30\n|\n|t:|1697516313\n|move|p1a: Ceruledge|Bitter Blade|p2a: Obsidion\n|-damage|p2a: Obsidion|0 fnt\n|-heal|p1a: Ceruledge|93\/100 tox|[from] drain|[of] p2a: Obsidion\n|faint|p2a: Obsidion\n|-damage|p1a: Ceruledge|83\/100 tox|[from] item: Life Orb\n|\n|-damage|p1a: Ceruledge|64\/100 tox|[from] psn\n|upkeep\n|l| Pkpowers310\n|\n|t:|1697516338\n|switch|p2a: Triclops|Slowking-Galar, F, shiny|71\/100\n|turn|31\n|j| Pkpowers310\n|\n|t:|1697516407\n|move|p1a: Ceruledge|Shadow Claw|p2a: Triclops\n|-supereffective|p2a: Triclops\n|-damage|p2a: Triclops|0 fnt\n|faint|p2a: Triclops\n|-damage|p1a: Ceruledge|54\/100 tox|[from] item: Life Orb\n|\n|-damage|p1a: Ceruledge|30\/100 tox|[from] psn\n|upkeep\n|\n|t:|1697516415\n|switch|p2a: Shock|Kilowattrel, F, tera:Electric|83\/100\n|turn|32\n|\n|t:|1697516449\n|move|p1a: Ceruledge|Shadow Sneak|p2a: Shock\n|-crit|p2a: Shock\n|-damage|p2a: Shock|3\/100\n|-damage|p1a: Ceruledge|20\/100 tox|[from] item: Life Orb\n|move|p2a: Shock|Thunderbolt|p1a: Ceruledge\n|-damage|p1a: Ceruledge|0 fnt\n|faint|p1a: Ceruledge\n|\n|upkeep\n|\n|t:|1697516486\n|switch|p1a: Toxapex|Toxapex, F|36\/100\n|turn|33\n|\n|t:|1697516497\n|move|p2a: Shock|Thunderbolt|p1a: Toxapex\n|-supereffective|p1a: Toxapex\n|-damage|p1a: Toxapex|0 fnt\n|faint|p1a: Toxapex\n|\n|upkeep\n|\n|t:|1697516501\n|switch|p1a: Iron Valiant|Iron Valiant|100\/100\n|-enditem|p1a: Iron Valiant|Booster Energy\n|-activate|p1a: Iron Valiant|ability: Quark Drive|[fromitem]\n|-start|p1a: Iron Valiant|quarkdrivespe\n|turn|34\n|\n|t:|1697516516\n|move|p1a: Iron Valiant|Moonblast|p2a: Shock\n|-damage|p2a: Shock|0 fnt\n|faint|p2a: Shock\n|\n|win|Astyr.Pygos\n|l| Pkpowers310\n","uploadtime":1697516538,"views":12,"p1id":"astyrpygos","p2id":"kickinash","formatid":"gen9ubers","rating":0,"private":0,"password":""}