{"id":"gen9ubers-2000649702","p1":"guto472919","p2":"Dragon1237#","format":"[Gen 9] Ubers","log":"|j|\u2606guto472919\n|j|\u2606Dragon1237#\n|t:|1701214504\n|gametype|singles\n|player|p1|guto472919|1|1000\n|player|p2|Dragon1237#|hilda|1049\n|teamsize|p1|6\n|teamsize|p2|6\n|gen|9\n|tier|[Gen 9] Ubers\n|rated|\n|rule|Sleep Clause Mod: Limit one foe put to sleep\n|rule|Species Clause: Limit one of each Pok\u00e9mon\n|rule|OHKO Clause: OHKO moves are banned\n|rule|Evasion Items Clause: Evasion items are banned\n|rule|Evasion Moves Clause: Evasion moves are banned\n|rule|Endless Battle Clause: Forcing endless battles is banned\n|rule|HP Percentage Mod: HP is shown in percentages\n|clearpoke\n|poke|p1|Eternatus|\n|poke|p1|Annihilape, F|\n|poke|p1|Toxapex, F|\n|poke|p1|Kyogre|\n|poke|p1|Groudon|\n|poke|p1|Zacian-*|\n|poke|p2|Skeledirge, M|\n|poke|p2|Iron Bundle|\n|poke|p2|Meowscarada, F|\n|poke|p2|Miraidon|\n|poke|p2|Corviknight, M|\n|poke|p2|Flutter Mane|\n|teampreview\n|inactive|Battle timer is ON: inactive players will automatically lose when time's up. (requested by guto472919)\n|\n|t:|1701214522\n|start\n|switch|p1a: Toxapex|Toxapex, F, shiny|100\/100\n|switch|p2a: Iron Bundle|Iron Bundle|100\/100\n|turn|1\n|\n|t:|1701214548\n|move|p2a: Iron Bundle|Freeze-Dry|p1a: Toxapex\n|-supereffective|p1a: Toxapex\n|-damage|p1a: Toxapex|56\/100\n|move|p1a: Toxapex|Stockpile|p1a: Toxapex\n|-start|p1a: Toxapex|stockpile1\n|-boost|p1a: Toxapex|def|1\n|-boost|p1a: Toxapex|spd|1\n|\n|-heal|p1a: Toxapex|62\/100|[from] item: Leftovers\n|upkeep\n|turn|2\n|\n|t:|1701214567\n|move|p1a: Toxapex|Baneful Bunker|p1a: Toxapex\n|-singleturn|p1a: Toxapex|move: Protect\n|move|p2a: Iron Bundle|Freeze-Dry|p1a: Toxapex\n|-activate|p1a: Toxapex|move: Protect\n|\n|-heal|p1a: Toxapex|68\/100|[from] item: Leftovers\n|upkeep\n|turn|3\n|\n|t:|1701214573\n|move|p2a: Iron Bundle|Freeze-Dry|p1a: Toxapex\n|-supereffective|p1a: Toxapex\n|-damage|p1a: Toxapex|39\/100\n|move|p1a: Toxapex|Stockpile|p1a: Toxapex\n|-start|p1a: Toxapex|stockpile2\n|-boost|p1a: Toxapex|def|1\n|-boost|p1a: Toxapex|spd|1\n|\n|-heal|p1a: Toxapex|45\/100|[from] item: Leftovers\n|upkeep\n|turn|4\n|\n|t:|1701214579\n|move|p2a: Iron Bundle|Freeze-Dry|p1a: Toxapex\n|-supereffective|p1a: Toxapex\n|-damage|p1a: Toxapex|22\/100\n|move|p1a: Toxapex|Recover|p1a: Toxapex\n|-heal|p1a: Toxapex|72\/100\n|\n|-heal|p1a: Toxapex|79\/100|[from] item: Leftovers\n|upkeep\n|turn|5\n|\n|t:|1701214598\n|-end|p2a: Iron Bundle|Quark Drive|[silent]\n|switch|p2a: Meowscarada|Meowscarada, F|100\/100\n|move|p1a: Toxapex|Baneful Bunker||[still]\n|-fail|p1a: Toxapex\n|\n|-heal|p1a: Toxapex|85\/100|[from] item: Leftovers\n|upkeep\n|turn|6\n|\n|t:|1701214609\n|move|p1a: Toxapex|Baneful Bunker|p1a: Toxapex\n|-singleturn|p1a: Toxapex|move: Protect\n|move|p2a: Meowscarada|Knock Off|p1a: Toxapex\n|-activate|p1a: Toxapex|move: Protect\n|-status|p2a: Meowscarada|psn\n|\n|-heal|p1a: Toxapex|91\/100|[from] item: Leftovers\n|-damage|p2a: Meowscarada|88\/100 psn|[from] psn\n|upkeep\n|turn|7\n|\n|t:|1701214621\n|move|p2a: Meowscarada|Knock Off|p1a: Toxapex\n|-damage|p1a: Toxapex|76\/100\n|-enditem|p1a: Toxapex|Leftovers|[from] move: Knock Off|[of] p2a: Meowscarada\n|move|p1a: Toxapex|Lunge|p2a: Meowscarada\n|-supereffective|p2a: Meowscarada\n|-damage|p2a: Meowscarada|34\/100 psn\n|-unboost|p2a: Meowscarada|atk|1\n|\n|-damage|p2a: Meowscarada|22\/100 psn|[from] psn\n|upkeep\n|turn|8\n|\n|t:|1701214633\n|move|p2a: Meowscarada|Flower Trick|p1a: Toxapex\n|-crit|p1a: Toxapex\n|-damage|p1a: Toxapex|20\/100\n|move|p1a: Toxapex|Stockpile|p1a: Toxapex\n|-start|p1a: Toxapex|stockpile3\n|-boost|p1a: Toxapex|def|1\n|-boost|p1a: Toxapex|spd|1\n|\n|-damage|p2a: Meowscarada|9\/100 psn|[from] psn\n|upkeep\n|turn|9\n|\n|t:|1701214645\n|move|p1a: Toxapex|Baneful Bunker|p1a: Toxapex\n|-singleturn|p1a: Toxapex|move: Protect\n|move|p2a: Meowscarada|Flower Trick|p1a: Toxapex\n|-activate|p1a: Toxapex|move: Protect\n|\n|-damage|p2a: Meowscarada|0 fnt|[from] psn\n|faint|p2a: Meowscarada\n|upkeep\n|\n|t:|1701214650\n|switch|p2a: Iron Bundle|Iron Bundle|100\/100\n|turn|10\n|\n|t:|1701214655\n|move|p2a: Iron Bundle|Freeze-Dry|p1a: Toxapex\n|-supereffective|p1a: Toxapex\n|-damage|p1a: Toxapex|1\/100\n|move|p1a: Toxapex|Recover|p1a: Toxapex\n|-heal|p1a: Toxapex|51\/100\n|\n|upkeep\n|turn|11\n|n|!Dragon1237#|dragon1237\n|\n|t:|1701214670\n|move|p2a: Iron Bundle|Freeze-Dry|p1a: Toxapex\n|-supereffective|p1a: Toxapex\n|-damage|p1a: Toxapex|31\/100\n|move|p1a: Toxapex|Recover|p1a: Toxapex\n|-heal|p1a: Toxapex|81\/100\n|\n|upkeep\n|turn|12\n|-message|Dragon1237# forfeited.\n|\n|win|guto472919\n|raw|guto472919's rating: 1000 &rarr; <strong>1046<\/strong><br \/>(+46 for winning)\n|raw|Dragon1237#'s rating: 1049 &rarr; <strong>1029<\/strong><br \/>(-20 for losing)\n","uploadtime":1701214666,"views":0,"p1id":"guto472919","p2id":"dragon1237","formatid":"gen9ubers","rating":1029,"private":0,"password":""}