{"id":"gen9ubers-1994166115","p1":"Sycraft 2532 xyz","p2":"BlueFrog08","format":"[Gen 9] Ubers","log":"|j|\u2606Sycraft 2532 xyz\n|j|\u2606BlueFrog08\n|t:|1700414514\n|gametype|singles\n|player|p1|Sycraft 2532 xyz|hilbert|1000\n|player|p2|BlueFrog08|170|1134\n|teamsize|p1|6\n|teamsize|p2|6\n|gen|9\n|tier|[Gen 9] Ubers\n|rated|\n|rule|Sleep Clause Mod: Limit one foe put to sleep\n|rule|Species Clause: Limit one of each Pok\u00e9mon\n|rule|OHKO Clause: OHKO moves are banned\n|rule|Evasion Items Clause: Evasion items are banned\n|rule|Evasion Moves Clause: Evasion moves are banned\n|rule|Endless Battle Clause: Forcing endless battles is banned\n|rule|HP Percentage Mod: HP is shown in percentages\n|clearpoke\n|poke|p1|Bisharp, F|\n|poke|p1|Greninja-*, F|\n|poke|p1|Regieleki|\n|poke|p1|Noivern, M|\n|poke|p1|Empoleon, M|\n|poke|p1|Chandelure, M|\n|poke|p2|Gliscor, F|\n|poke|p2|Baxcalibur, M|\n|poke|p2|Greninja-*, M|\n|poke|p2|Chi-Yu|\n|poke|p2|Klawf, F|\n|poke|p2|Cyclizar, M|\n|teampreview\n|\n|t:|1700414524\n|start\n|switch|p1a: Empoleon|Empoleon, M|100\/100\n|switch|p2a: Greninja|Greninja, M|100\/100\n|turn|1\n|\n|t:|1700414533\n|move|p2a: Greninja|Toxic Spikes|p1a: Empoleon\n|-sidestart|p1: Sycraft 2532 xyz|move: Toxic Spikes\n|move|p1a: Empoleon|Brick Break|p2a: Greninja\n|-supereffective|p2a: Greninja\n|-damage|p2a: Greninja|29\/100\n|\n|upkeep\n|turn|2\n|\n|t:|1700414540\n|move|p2a: Greninja|Spikes|p1a: Empoleon\n|-sidestart|p1: Sycraft 2532 xyz|Spikes\n|move|p1a: Empoleon|Brick Break|p2a: Greninja\n|-supereffective|p2a: Greninja\n|-damage|p2a: Greninja|0 fnt\n|faint|p2a: Greninja\n|\n|upkeep\n|\n|t:|1700414551\n|switch|p2a: Baxcalibur|Baxcalibur, M|100\/100\n|turn|3\n|\n|t:|1700414555\n|move|p2a: Baxcalibur|Swords Dance|p2a: Baxcalibur\n|-boost|p2a: Baxcalibur|atk|2\n|move|p1a: Empoleon|Brick Break|p2a: Baxcalibur\n|-supereffective|p2a: Baxcalibur\n|-damage|p2a: Baxcalibur|60\/100\n|\n|upkeep\n|turn|4\n|\n|t:|1700414573\n|move|p2a: Baxcalibur|Iron Head|p1a: Empoleon\n|-resisted|p1a: Empoleon\n|-damage|p1a: Empoleon|85\/100\n|move|p1a: Empoleon|Brick Break|p2a: Baxcalibur\n|-supereffective|p2a: Baxcalibur\n|-damage|p2a: Baxcalibur|18\/100\n|\n|upkeep\n|turn|5\n|\n|t:|1700414580\n|move|p2a: Baxcalibur|Scale Shot|p1a: Empoleon|[miss]\n|-miss|p2a: Baxcalibur|p1a: Empoleon\n|move|p1a: Empoleon|Brick Break|p2a: Baxcalibur\n|-supereffective|p2a: Baxcalibur\n|-damage|p2a: Baxcalibur|0 fnt\n|faint|p2a: Baxcalibur\n|\n|upkeep\n|c|\u2606BlueFrog08|cringe\n|\n|t:|1700414594\n|switch|p2a: Gliscor|Gliscor, F, shiny|100\/100\n|turn|6\n|\n|t:|1700414597\n|move|p2a: Gliscor|Protect|p2a: Gliscor\n|-singleturn|p2a: Gliscor|Protect\n|move|p1a: Empoleon|Avalanche|p2a: Gliscor\n|-activate|p2a: Gliscor|move: Protect\n|\n|-status|p2a: Gliscor|tox|[from] item: Toxic Orb\n|upkeep\n|turn|7\n|\n|t:|1700414610\n|switch|p2a: Chi-Yu|Chi-Yu|100\/100\n|-ability|p2a: Chi-Yu|Beads of Ruin\n|move|p1a: Empoleon|Avalanche|p2a: Chi-Yu\n|-resisted|p2a: Chi-Yu\n|-damage|p2a: Chi-Yu|87\/100\n|\n|upkeep\n|turn|8\n|\n|t:|1700414621\n|move|p1a: Empoleon|Aqua Jet|p2a: Chi-Yu\n|-supereffective|p2a: Chi-Yu\n|-damage|p2a: Chi-Yu|34\/100\n|move|p2a: Chi-Yu|Flamethrower|p1a: Empoleon\n|-damage|p1a: Empoleon|23\/100\n|\n|upkeep\n|turn|9\n|\n|t:|1700414633\n|move|p1a: Empoleon|Aqua Jet|p2a: Chi-Yu\n|-supereffective|p2a: Chi-Yu\n|-damage|p2a: Chi-Yu|0 fnt\n|faint|p2a: Chi-Yu\n|\n|upkeep\n|\n|t:|1700414641\n|switch|p2a: Cyclizar|Cyclizar, M|100\/100\n|turn|10\n|\n|t:|1700414649\n|move|p2a: Cyclizar|Knock Off|p1a: Empoleon\n|-damage|p1a: Empoleon|2\/100\n|-enditem|p1a: Empoleon|Focus Sash|[from] move: Knock Off|[of] p2a: Cyclizar\n|move|p1a: Empoleon|Brick Break|p2a: Cyclizar\n|-supereffective|p2a: Cyclizar\n|-damage|p2a: Cyclizar|24\/100\n|\n|-heal|p2a: Cyclizar|30\/100|[from] item: Leftovers\n|upkeep\n|turn|11\n|\n|t:|1700414657\n|move|p2a: Cyclizar|U-turn|p1a: Empoleon\n|-resisted|p1a: Empoleon\n|-damage|p1a: Empoleon|0 fnt\n|faint|p1a: Empoleon\n|\n|t:|1700414661\n|switch|p2a: Klawf|Klawf, F, shiny|100\/100|[from] U-turn\n|\n|upkeep\n|\n|t:|1700414667\n|switch|p1a: Bisharp|Bisharp, F|100\/100\n|-damage|p1a: Bisharp|88\/100|[from] Spikes\n|turn|12\n|\n|t:|1700414675\n|move|p2a: Klawf|Swords Dance|p2a: Klawf\n|-boost|p2a: Klawf|atk|2\n|move|p1a: Bisharp|Foul Play|p2a: Klawf\n|-damage|p2a: Klawf|15\/100\n|-ability|p2a: Klawf|Anger Shell|boost\n|-boost|p2a: Klawf|atk|1\n|-boost|p2a: Klawf|spa|1\n|-boost|p2a: Klawf|spe|1\n|-unboost|p2a: Klawf|def|1\n|-unboost|p2a: Klawf|spd|1\n|\n|upkeep\n|turn|13\n|\n|t:|1700414688\n|move|p2a: Klawf|X-Scissor|p1a: Bisharp\n|-damage|p1a: Bisharp|33\/100\n|move|p1a: Bisharp|Foul Play|p2a: Klawf\n|-damage|p2a: Klawf|0 fnt\n|faint|p2a: Klawf\n|\n|upkeep\n|\n|t:|1700414694\n|switch|p2a: Gliscor|Gliscor, F, shiny|100\/100 tox\n|turn|14\n|\n|t:|1700414701\n|switch|p1a: Greninja|Greninja, F|100\/100\n|-status|p1a: Greninja|psn\n|-damage|p1a: Greninja|88\/100 psn|[from] Spikes\n|move|p2a: Gliscor|Earthquake|p1a: Greninja\n|-damage|p1a: Greninja|46\/100 psn\n|\n|-damage|p1a: Greninja|34\/100 psn|[from] psn\n|upkeep\n|turn|15\n|\n|t:|1700414712\n|move|p2a: Gliscor|Protect|p2a: Gliscor\n|-singleturn|p2a: Gliscor|Protect\n|move|p1a: Greninja|Blizzard|p2a: Gliscor\n|-activate|p2a: Gliscor|move: Protect\n|\n|-damage|p1a: Greninja|22\/100 psn|[from] psn\n|upkeep\n|turn|16\n|\n|t:|1700414720\n|switch|p2a: Cyclizar|Cyclizar, M|63\/100\n|move|p1a: Greninja|Blizzard|p2a: Cyclizar\n|-supereffective|p2a: Cyclizar\n|-damage|p2a: Cyclizar|0 fnt\n|faint|p2a: Cyclizar\n|\n|-damage|p1a: Greninja|9\/100 psn|[from] psn\n|upkeep\n|\n|t:|1700414728\n|switch|p2a: Gliscor|Gliscor, F, shiny|100\/100 tox\n|turn|17\n|c|\u2606BlueFrog08|I really sold\n|\n|t:|1700414735\n|move|p2a: Gliscor|Protect|p2a: Gliscor\n|-singleturn|p2a: Gliscor|Protect\n|move|p1a: Greninja|Blizzard|p2a: Gliscor\n|-activate|p2a: Gliscor|move: Protect\n|\n|-damage|p1a: Greninja|0 fnt|[from] psn\n|faint|p1a: Greninja\n|upkeep\n|\n|t:|1700414745\n|switch|p1a: Noivern|Noivern, M|100\/100\n|turn|18\n|\n|t:|1700414749\n|move|p1a: Noivern|Brick Break|p2a: Gliscor\n|-resisted|p2a: Gliscor\n|-damage|p2a: Gliscor|95\/100 tox\n|move|p2a: Gliscor|Toxic|p1a: Noivern\n|-status|p1a: Noivern|tox\n|\n|-damage|p1a: Noivern|94\/100 tox|[from] psn\n|-heal|p2a: Gliscor|100\/100 tox|[from] ability: Poison Heal\n|upkeep\n|turn|19\n|\n|t:|1700414767\n|move|p2a: Gliscor|Protect|p2a: Gliscor\n|-singleturn|p2a: Gliscor|Protect\n|move|p1a: Noivern|Flamethrower|p2a: Gliscor\n|-activate|p2a: Gliscor|move: Protect\n|\n|-damage|p1a: Noivern|82\/100 tox|[from] psn\n|upkeep\n|turn|20\n|\n|t:|1700414778\n|move|p1a: Noivern|Dragon Dance|p1a: Noivern\n|-boost|p1a: Noivern|atk|1\n|-boost|p1a: Noivern|spe|1\n|move|p2a: Gliscor|Crabhammer|p1a: Noivern\n|-resisted|p1a: Noivern\n|-damage|p1a: Noivern|70\/100 tox\n|\n|-damage|p1a: Noivern|52\/100 tox|[from] psn\n|upkeep\n|turn|21\n|\n|t:|1700414791\n|move|p1a: Noivern|Moonlight|p1a: Noivern\n|-heal|p1a: Noivern|100\/100 tox\n|move|p2a: Gliscor|Crabhammer|p1a: Noivern|[miss]\n|-miss|p2a: Gliscor|p1a: Noivern\n|\n|-damage|p1a: Noivern|76\/100 tox|[from] psn\n|upkeep\n|turn|22\n|\n|t:|1700414799\n|move|p1a: Noivern|Moonlight|p1a: Noivern\n|-heal|p1a: Noivern|100\/100 tox\n|move|p2a: Gliscor|Crabhammer|p1a: Noivern\n|-resisted|p1a: Noivern\n|-damage|p1a: Noivern|88\/100 tox\n|\n|-damage|p1a: Noivern|57\/100 tox|[from] psn\n|upkeep\n|turn|23\n|\n|t:|1700414807\n|move|p1a: Noivern|Moonlight|p1a: Noivern\n|-heal|p1a: Noivern|100\/100 tox\n|move|p2a: Gliscor|Crabhammer|p1a: Noivern\n|-resisted|p1a: Noivern\n|-damage|p1a: Noivern|89\/100 tox\n|\n|-damage|p1a: Noivern|52\/100 tox|[from] psn\n|upkeep\n|turn|24\n|\n|t:|1700414818\n|move|p1a: Noivern|Moonlight|p1a: Noivern\n|-heal|p1a: Noivern|100\/100 tox\n|move|p2a: Gliscor|Toxic|p1a: Noivern|[miss]\n|-miss|p2a: Gliscor|p1a: Noivern\n|\n|-damage|p1a: Noivern|57\/100 tox|[from] psn\n|upkeep\n|turn|25\n|\n|t:|1700414829\n|move|p1a: Noivern|Moonlight|p1a: Noivern\n|-heal|p1a: Noivern|100\/100 tox\n|move|p2a: Gliscor|Toxic|p1a: Noivern\n|-fail|p1a: Noivern|tox\n|\n|-damage|p1a: Noivern|51\/100 tox|[from] psn\n|upkeep\n|turn|26\n|\n|t:|1700414846\n|move|p1a: Noivern|Dragon Dance|p1a: Noivern\n|-boost|p1a: Noivern|atk|1\n|-boost|p1a: Noivern|spe|1\n|move|p2a: Gliscor|Toxic|p1a: Noivern\n|-fail|p1a: Noivern|tox\n|\n|-damage|p1a: Noivern|0 fnt|[from] psn\n|faint|p1a: Noivern\n|upkeep\n|\n|t:|1700414859\n|switch|p1a: Bisharp|Bisharp, F|33\/100\n|-damage|p1a: Bisharp|21\/100|[from] Spikes\n|turn|27\n|\n|t:|1700414868\n|-terastallize|p1a: Bisharp|Dark\n|move|p2a: Gliscor|Earthquake|p1a: Bisharp\n|-damage|p1a: Bisharp|0 fnt\n|faint|p1a: Bisharp\n|\n|upkeep\n|\n|t:|1700414873\n|switch|p1a: Regieleki|Regieleki|100\/100\n|-status|p1a: Regieleki|psn\n|-damage|p1a: Regieleki|88\/100 psn|[from] Spikes\n|turn|28\n|\n|t:|1700414880\n|move|p1a: Regieleki|Protect|p1a: Regieleki\n|-singleturn|p1a: Regieleki|Protect\n|move|p2a: Gliscor|Earthquake|p1a: Regieleki\n|-activate|p1a: Regieleki|move: Protect\n|\n|-damage|p1a: Regieleki|76\/100 psn|[from] psn\n|upkeep\n|turn|29\n|\n|t:|1700414890\n|move|p1a: Regieleki|Acrobatics|p2a: Gliscor\n|-damage|p2a: Gliscor|91\/100 tox\n|move|p2a: Gliscor|Earthquake|p1a: Regieleki\n|-supereffective|p1a: Regieleki\n|-damage|p1a: Regieleki|0 fnt\n|faint|p1a: Regieleki\n|\n|-heal|p2a: Gliscor|100\/100 tox|[from] ability: Poison Heal\n|upkeep\n|\n|t:|1700414898\n|switch|p1a: Chandelure|Chandelure, M|100\/100\n|-status|p1a: Chandelure|psn\n|-damage|p1a: Chandelure|88\/100 psn|[from] Spikes\n|turn|30\n|\n|t:|1700414909\n|-terastallize|p2a: Gliscor|Water\n|move|p2a: Gliscor|Crabhammer|p1a: Chandelure\n|-supereffective|p1a: Chandelure\n|-damage|p1a: Chandelure|17\/100 psn\n|move|p1a: Chandelure|Dark Pulse|p2a: Gliscor\n|-damage|p2a: Gliscor|70\/100 tox\n|\n|-heal|p2a: Gliscor|83\/100 tox|[from] ability: Poison Heal\n|-damage|p1a: Chandelure|5\/100 psn|[from] psn\n|upkeep\n|turn|31\n|c|\u2606BlueFrog08|lmao\n|\n|t:|1700414921\n|move|p2a: Gliscor|Protect|p2a: Gliscor\n|-singleturn|p2a: Gliscor|Protect\n|move|p1a: Chandelure|Dark Pulse|p2a: Gliscor\n|-activate|p2a: Gliscor|move: Protect\n|\n|-heal|p2a: Gliscor|95\/100 tox|[from] ability: Poison Heal\n|-damage|p1a: Chandelure|0 fnt|[from] psn\n|faint|p1a: Chandelure\n|\n|win|BlueFrog08\n|upkeep\n|raw|Sycraft 2532 xyz's rating: 1000 &rarr; <strong>1000<\/strong><br \/>(+0 for losing)\n|raw|BlueFrog08's rating: 1134 &rarr; <strong>1150<\/strong><br \/>(+16 for winning)\n|c|\u2606BlueFrog08|gg\n","uploadtime":1700414933,"views":4,"p1id":"sycraft2532xyz","p2id":"bluefrog08","formatid":"gen9ubers","rating":1000,"private":0,"password":""}