{"id":"gen9ubers-1985795552","p1":"Lucky Underdog","p2":"Kyle the watcher","format":"[Gen 9] Ubers","log":"|j|\u2606Lucky Underdog\n|j|\u2606Kyle the watcher\n|t:|1699406996\n|gametype|singles\n|player|p1|Lucky Underdog|palmer|\n|player|p2|Kyle the watcher|fisherman-gen4|\n|teamsize|p1|6\n|teamsize|p2|6\n|gen|9\n|tier|[Gen 9] Ubers\n|rule|Sleep Clause Mod: Limit one foe put to sleep\n|rule|Species Clause: Limit one of each Pok\u00e9mon\n|rule|OHKO Clause: OHKO moves are banned\n|rule|Evasion Items Clause: Evasion items are banned\n|rule|Evasion Moves Clause: Evasion moves are banned\n|rule|Endless Battle Clause: Forcing endless battles is banned\n|rule|HP Percentage Mod: HP is shown in percentages\n|clearpoke\n|poke|p1|Corviknight, F|\n|poke|p1|Rotom-Wash|\n|poke|p1|Heatran, M|\n|poke|p1|Miraidon|\n|poke|p1|Raichu-Alola, M|\n|poke|p1|Iron Treads|\n|poke|p2|Arceus-Fire|\n|poke|p2|Dragapult, F|\n|poke|p2|Roaring Moon|\n|poke|p2|Baxcalibur, F|\n|poke|p2|Ribombee, M|\n|poke|p2|Iron Treads|\n|teampreview\n|c|\u2606Kyle the watcher|GLHF\n|\n|t:|1699407024\n|start\n|switch|p1a: Miraidon|Miraidon|100\/100\n|switch|p2a: Ribombee|Ribombee, M|100\/100\n|-fieldstart|move: Electric Terrain|[from] ability: Hadron Engine|[of] p1a: Miraidon\n|turn|1\n|c|\u2606Kyle the watcher|Oh i deleted the wrong move\n|\n|t:|1699407049\n|move|p1a: Miraidon|Volt Switch|p2a: Ribombee\n|-enditem|p2a: Ribombee|Focus Sash\n|-damage|p2a: Ribombee|1\/100\n|\n|t:|1699407062\n|switch|p1a: Rotom|Rotom-Wash|100\/100|[from] Volt Switch\n|move|p2a: Ribombee|Quiver Dance|p2a: Ribombee\n|-boost|p2a: Ribombee|spa|1\n|-boost|p2a: Ribombee|spd|1\n|-boost|p2a: Ribombee|spe|1\n|\n|upkeep\n|turn|2\n|c|\u2606Kyle the watcher|i meant To have sTicky web On this thing\n|\n|t:|1699407073\n|move|p2a: Ribombee|Tailwind|p2a: Ribombee\n|-sidestart|p2: Kyle the watcher|move: Tailwind\n|move|p1a: Rotom|Volt Switch|p2a: Ribombee\n|-damage|p2a: Ribombee|0 fnt\n|faint|p2a: Ribombee\n|\n|t:|1699407081\n|switch|p1a: Raichu|Raichu-Alola, M|100\/100|[from] Volt Switch\n|-item|p1a: Raichu|Air Balloon\n|\n|upkeep\n|\n|t:|1699407098\n|switch|p2a: Arceus|Arceus-Fire|100\/100\n|turn|3\n|\n|t:|1699407107\n|move|p1a: Raichu|Fake Out|p2a: Arceus\n|-damage|p2a: Arceus|94\/100\n|cant|p2a: Arceus|flinch\n|\n|upkeep\n|turn|4\n|\n|t:|1699407114\n|move|p2a: Arceus|Calm Mind|p2a: Arceus\n|-boost|p2a: Arceus|spa|1\n|-boost|p2a: Arceus|spd|1\n|move|p1a: Raichu|Surf|p2a: Arceus\n|-supereffective|p2a: Arceus\n|-damage|p2a: Arceus|68\/100\n|\n|upkeep\n|turn|5\n|\n|t:|1699407127\n|move|p2a: Arceus|Calm Mind|p2a: Arceus\n|-boost|p2a: Arceus|spa|1\n|-boost|p2a: Arceus|spd|1\n|move|p1a: Raichu|Surf|p2a: Arceus\n|-supereffective|p2a: Arceus\n|-damage|p2a: Arceus|50\/100\n|\n|-sideend|p2: Kyle the watcher|move: Tailwind\n|-fieldend|move: Electric Terrain\n|upkeep\n|turn|6\n|\n|t:|1699407141\n|switch|p1a: Miraidon|Miraidon|100\/100\n|-fieldstart|move: Electric Terrain|[from] ability: Hadron Engine|[of] p1a: Miraidon\n|move|p2a: Arceus|Recover|p2a: Arceus\n|-heal|p2a: Arceus|99\/100\n|\n|upkeep\n|turn|7\n|\n|t:|1699407158\n|switch|p1a: Heatran|Heatran, M|100\/100\n|-terastallize|p2a: Arceus|Fire\n|move|p2a: Arceus|Judgment|p1a: Heatran\n|-start|p1a: Heatran|ability: Flash Fire\n|\n|upkeep\n|turn|8\n|\n|t:|1699407177\n|move|p2a: Arceus|Giga Drain|p1a: Heatran\n|-resisted|p1a: Heatran\n|-damage|p1a: Heatran|91\/100\n|-heal|p2a: Arceus|100\/100|[from] drain|[of] p1a: Heatran\n|move|p1a: Heatran|Earth Power|p2a: Arceus\n|-supereffective|p2a: Arceus\n|-damage|p2a: Arceus|72\/100\n|\n|upkeep\n|turn|9\n|\n|t:|1699407190\n|switch|p2a: Roaring Moon|Roaring Moon|100\/100\n|-enditem|p2a: Roaring Moon|Booster Energy\n|-activate|p2a: Roaring Moon|ability: Protosynthesis|[fromitem]\n|-start|p2a: Roaring Moon|protosynthesisatk\n|move|p1a: Heatran|Taunt|p2a: Roaring Moon\n|-start|p2a: Roaring Moon|move: Taunt\n|\n|upkeep\n|turn|10\n|\n|t:|1699407206\n|-end|p1a: Heatran|ability: Flash Fire|[silent]\n|switch|p1a: Corviknight|Corviknight, F|100\/100\n|-ability|p1a: Corviknight|Pressure\n|move|p2a: Roaring Moon|Earthquake|p1a: Corviknight\n|-immune|p1a: Corviknight\n|\n|-fieldend|move: Electric Terrain\n|upkeep\n|turn|11\n|\n|t:|1699407219\n|move|p2a: Roaring Moon|Fire Fang|p1a: Corviknight\n|-supereffective|p1a: Corviknight\n|-damage|p1a: Corviknight|43\/100\n|-damage|p2a: Roaring Moon|84\/100|[from] item: Rocky Helmet|[of] p1a: Corviknight\n|move|p1a: Corviknight|Bulk Up|p1a: Corviknight\n|-boost|p1a: Corviknight|atk|1\n|-boost|p1a: Corviknight|def|1\n|\n|-end|p2a: Roaring Moon|move: Taunt\n|upkeep\n|turn|12\n|\n|t:|1699407232\n|switch|p1a: Heatran|Heatran, M|91\/100\n|move|p2a: Roaring Moon|Fire Fang|p1a: Heatran\n|-start|p1a: Heatran|ability: Flash Fire\n|\n|upkeep\n|turn|13\n|\n|t:|1699407247\n|move|p2a: Roaring Moon|Earthquake|p1a: Heatran\n|-supereffective|p1a: Heatran\n|-damage|p1a: Heatran|0 fnt\n|faint|p1a: Heatran\n|\n|upkeep\n|\n|t:|1699407265\n|switch|p1a: Miraidon|Miraidon|100\/100\n|-fieldstart|move: Electric Terrain|[from] ability: Hadron Engine|[of] p1a: Miraidon\n|turn|14\n|\n|t:|1699407277\n|-end|p2a: Roaring Moon|Protosynthesis|[silent]\n|switch|p2a: Iron Treads|Iron Treads|100\/100\n|-activate|p2a: Iron Treads|ability: Quark Drive\n|-start|p2a: Iron Treads|quarkdrivespe\n|-terastallize|p1a: Miraidon|Fairy\n|move|p1a: Miraidon|Dazzling Gleam|p2a: Iron Treads\n|-resisted|p2a: Iron Treads\n|-damage|p2a: Iron Treads|43\/100\n|\n|upkeep\n|turn|15\n|\n|t:|1699407312\n|switch|p1a: Corviknight|Corviknight, F|43\/100\n|-ability|p1a: Corviknight|Pressure\n|move|p2a: Iron Treads|Earthquake|p1a: Corviknight\n|-immune|p1a: Corviknight\n|\n|upkeep\n|turn|16\n|\n|t:|1699407326\n|-end|p2a: Iron Treads|Quark Drive|[silent]\n|switch|p2a: Arceus|Arceus-Fire, tera:Fire|72\/100\n|move|p1a: Corviknight|Roost|p1a: Corviknight\n|-heal|p1a: Corviknight|93\/100\n|-singleturn|p1a: Corviknight|move: Roost\n|\n|upkeep\n|turn|17\n|\n|t:|1699407339\n|switch|p1a: Rotom|Rotom-Wash|100\/100\n|move|p2a: Arceus|Judgment|p1a: Rotom\n|-resisted|p1a: Rotom\n|-damage|p1a: Rotom|44\/100\n|\n|-heal|p1a: Rotom|51\/100|[from] item: Leftovers\n|upkeep\n|turn|18\n|\n|t:|1699407350\n|move|p1a: Rotom|Protect|p1a: Rotom\n|-singleturn|p1a: Rotom|Protect\n|move|p2a: Arceus|Judgment|p1a: Rotom\n|-activate|p1a: Rotom|move: Protect\n|\n|-heal|p1a: Rotom|57\/100|[from] item: Leftovers\n|-fieldend|move: Electric Terrain\n|upkeep\n|turn|19\n|\n|t:|1699407362\n|move|p2a: Arceus|Giga Drain|p1a: Rotom\n|-supereffective|p1a: Rotom\n|-damage|p1a: Rotom|0 fnt\n|-heal|p2a: Arceus|89\/100|[from] drain|[of] p1a: Rotom\n|faint|p1a: Rotom\n|\n|upkeep\n|\n|t:|1699407376\n|switch|p1a: Miraidon|Miraidon, tera:Fairy|100\/100\n|-fieldstart|move: Electric Terrain|[from] ability: Hadron Engine|[of] p1a: Miraidon\n|turn|20\n|\n|t:|1699407395\n|move|p1a: Miraidon|Dazzling Gleam|p2a: Arceus\n|-resisted|p2a: Arceus\n|-damage|p2a: Arceus|56\/100\n|move|p2a: Arceus|Judgment|p1a: Miraidon\n|-damage|p1a: Miraidon|25\/100\n|\n|upkeep\n|turn|21\n|\n|t:|1699407433\n|move|p1a: Miraidon|Dazzling Gleam|p2a: Arceus\n|-resisted|p2a: Arceus\n|-damage|p2a: Arceus|24\/100\n|move|p2a: Arceus|Judgment|p1a: Miraidon\n|-damage|p1a: Miraidon|0 fnt\n|faint|p1a: Miraidon\n|\n|upkeep\n|\n|t:|1699407442\n|switch|p1a: Raichu|Raichu-Alola, M|100\/100\n|-item|p1a: Raichu|Air Balloon\n|turn|22\n|\n|t:|1699407452\n|switch|p2a: Baxcalibur|Baxcalibur, F|100\/100\n|move|p1a: Raichu|Surf|p2a: Baxcalibur\n|-resisted|p2a: Baxcalibur\n|-damage|p2a: Baxcalibur|87\/100\n|\n|upkeep\n|turn|23\n|\n|t:|1699407463\n|move|p1a: Raichu|Focus Blast|p2a: Baxcalibur|[miss]\n|-miss|p1a: Raichu|p2a: Baxcalibur\n|move|p2a: Baxcalibur|Glaive Rush|p1a: Raichu\n|-damage|p1a: Raichu|0 fnt\n|-singlemove|p2a: Baxcalibur|Glaive Rush|[silent]\n|-enditem|p1a: Raichu|Air Balloon\n|faint|p1a: Raichu\n|\n|upkeep\n|\n|t:|1699407473\n|switch|p1a: Iron Treads|Iron Treads|100\/100\n|-activate|p1a: Iron Treads|ability: Quark Drive\n|-start|p1a: Iron Treads|quarkdrivespe\n|turn|24\n|\n|t:|1699407483\n|move|p1a: Iron Treads|Earthquake|p2a: Baxcalibur\n|-damage|p2a: Baxcalibur|0 fnt\n|faint|p2a: Baxcalibur\n|\n|-fieldend|move: Electric Terrain\n|-end|p1a: Iron Treads|Quark Drive\n|upkeep\n|\n|t:|1699407499\n|switch|p2a: Roaring Moon|Roaring Moon|84\/100\n|turn|25\n|\n|t:|1699407504\n|move|p1a: Iron Treads|Earthquake|p2a: Roaring Moon\n|-crit|p2a: Roaring Moon\n|-damage|p2a: Roaring Moon|0 fnt\n|faint|p2a: Roaring Moon\n|-end|p2a: Roaring Moon|Protosynthesis|[silent]\n|\n|upkeep\n|\n|t:|1699407511\n|switch|p2a: Arceus|Arceus-Fire, tera:Fire|24\/100\n|turn|26\n|\n|t:|1699407515\n|move|p2a: Arceus|Judgment|p1a: Iron Treads\n|-supereffective|p1a: Iron Treads\n|-damage|p1a: Iron Treads|0 fnt\n|faint|p1a: Iron Treads\n|-end|p1a: Iron Treads|Quark Drive|[silent]\n|\n|upkeep\n|\n|t:|1699407521\n|switch|p1a: Corviknight|Corviknight, F|93\/100\n|-ability|p1a: Corviknight|Pressure\n|turn|27\n|\n|t:|1699407530\n|move|p2a: Arceus|Judgment|p1a: Corviknight\n|-supereffective|p1a: Corviknight\n|-damage|p1a: Corviknight|0 fnt\n|faint|p1a: Corviknight\n|\n|win|Kyle the watcher\n|c|\u2606Kyle the watcher|GG\n","uploadtime":1699407539,"views":33,"p1id":"luckyunderdog","p2id":"kylethewatcher","formatid":"gen9ubers","rating":0,"private":0,"password":""}