{"id":"gen9ubers-1986518785","p1":"AegiSwaggy","p2":"Jack0lantern89","format":"[Gen 9] Ubers","log":"|j|\u2606AegiSwaggy\n|j|\u2606Jack0lantern89\n|t:|1699487390\n|gametype|singles\n|player|p1|AegiSwaggy|yellow|\n|player|p2|Jack0lantern89|brawly|\n|teamsize|p1|6\n|teamsize|p2|6\n|gen|9\n|tier|[Gen 9] Ubers\n|rule|Sleep Clause Mod: Limit one foe put to sleep\n|rule|Species Clause: Limit one of each Pok\u00e9mon\n|rule|OHKO Clause: OHKO moves are banned\n|rule|Evasion Items Clause: Evasion items are banned\n|rule|Evasion Moves Clause: Evasion moves are banned\n|rule|Endless Battle Clause: Forcing endless battles is banned\n|rule|HP Percentage Mod: HP is shown in percentages\n|clearpoke\n|poke|p1|Chi-Yu|\n|poke|p1|Gliscor, M|\n|poke|p1|Ursaluna-Bloodmoon, M|\n|poke|p1|Slowking-Galar, M|\n|poke|p1|Ogerpon-Wellspring, F|\n|poke|p1|Avalugg, M|\n|poke|p2|Spectrier|\n|poke|p2|Cyclizar, M|\n|poke|p2|Zacian-*|\n|poke|p2|Shaymin-Sky|\n|poke|p2|Blissey, F|\n|poke|p2|Dondozo, F|\n|teampreview\n|inactive|Battle timer is ON: inactive players will automatically lose when time's up. (requested by Jack0lantern89)\n|c|\u2606Jack0lantern89|glhf\n|c|\u2606AegiSwaggy|u2\n|inactive|AegiSwaggy has 270 seconds left.\n|inactive|Jack0lantern89 has 270 seconds left.\n|inactiveoff|Battle timer is now OFF.\n|c|\u2606Jack0lantern89|also btw gliscor is banned\n|c|\u2606Jack0lantern89|just for next time\n|\n|t:|1699487450\n|start\n|switch|p1a: Gliscor|Gliscor, M|100\/100\n|switch|p2a: Cyclizar|Cyclizar, M|100\/100\n|turn|1\n|\n|t:|1699487465\n|move|p2a: Cyclizar|Shed Tail|p2a: Cyclizar\n|-start|p2a: Cyclizar|Substitute|[from] move: Shed Tail\n|-damage|p2a: Cyclizar|50\/100\n|\n|t:|1699487468\n|switch|p2a: Shaymin|Shaymin-Sky|100\/100|[from] Shed Tail\n|move|p1a: Gliscor|U-turn|p2a: Shaymin\n|-activate|p2a: Shaymin|move: Substitute|[damage]\n|\n|t:|1699487495\n|switch|p1a: Slowking|Slowking-Galar, M|100\/100|[from] U-turn\n|\n|upkeep\n|turn|2\n|\n|t:|1699487523\n|move|p2a: Shaymin|Seed Flare|p1a: Slowking|[miss]\n|-miss|p2a: Shaymin|p1a: Slowking\n|move|p1a: Slowking|Sludge Bomb|p2a: Shaymin\n|-supereffective|p2a: Shaymin\n|-end|p2a: Shaymin|Substitute\n|\n|upkeep\n|turn|3\n|\n|t:|1699487532\n|switch|p2a: Blissey|Blissey, F|100\/100\n|move|p1a: Slowking|Future Sight|p2a: Blissey\n|-start|p1a: Slowking|move: Future Sight\n|\n|upkeep\n|turn|4\n|\n|t:|1699487547\n|switch|p1a: Gliscor|Gliscor, M|100\/100\n|move|p2a: Blissey|Stealth Rock|p1a: Gliscor\n|-sidestart|p1: AegiSwaggy|move: Stealth Rock\n|\n|-status|p1a: Gliscor|tox|[from] item: Toxic Orb\n|upkeep\n|turn|5\n|\n|t:|1699487559\n|switch|p2a: Cyclizar|Cyclizar, M|83\/100\n|move|p1a: Gliscor|Spikes|p2a: Cyclizar\n|-sidestart|p2: Jack0lantern89|Spikes\n|\n|-end|p2a: Cyclizar|move: Future Sight\n|-damage|p2a: Cyclizar|0 fnt\n|faint|p2a: Cyclizar\n|upkeep\n|c|\u2606Jack0lantern89|oh\u00e0\n|c|\u2606Jack0lantern89|i forgot about that\n|\n|t:|1699487574\n|switch|p2a: Spectrier|Spectrier|100\/100\n|-damage|p2a: Spectrier|88\/100|[from] Spikes\n|turn|6\n|c|\u2606AegiSwaggy|ngl i did too lmao\n|\n|t:|1699487595\n|move|p2a: Spectrier|Nasty Plot|p2a: Spectrier\n|-boost|p2a: Spectrier|spa|2\n|move|p1a: Gliscor|U-turn|p2a: Spectrier\n|-resisted|p2a: Spectrier\n|-damage|p2a: Spectrier|77\/100\n|\n|t:|1699487619\n|switch|p1a: Chi-Yu|Chi-Yu|100\/100|[from] U-turn\n|-damage|p1a: Chi-Yu|76\/100|[from] Stealth Rock\n|-ability|p1a: Chi-Yu|Beads of Ruin\n|\n|-heal|p2a: Spectrier|83\/100|[from] item: Leftovers\n|upkeep\n|turn|7\n|\n|t:|1699487673\n|-terastallize|p2a: Spectrier|Fairy\n|move|p1a: Chi-Yu|Fire Blast|p2a: Spectrier\n|-damage|p2a: Spectrier|0 fnt\n|faint|p2a: Spectrier\n|\n|upkeep\n|\n|t:|1699487682\n|switch|p2a: Blissey|Blissey, F|100\/100\n|-damage|p2a: Blissey|88\/100|[from] Spikes\n|turn|8\n|\n|t:|1699487691\n|switch|p1a: Avalugg|Avalugg, M|100\/100\n|move|p2a: Blissey|Seismic Toss|p1a: Avalugg\n|-damage|p1a: Avalugg|75\/100\n|\n|-heal|p2a: Blissey|94\/100|[from] item: Leftovers\n|upkeep\n|turn|9\n|\n|t:|1699487699\n|switch|p2a: Dondozo|Dondozo, F|100\/100\n|-damage|p2a: Dondozo|88\/100|[from] Spikes\n|move|p1a: Avalugg|Rapid Spin|p2a: Dondozo\n|-damage|p2a: Dondozo|82\/100\n|-boost|p1a: Avalugg|spe|1\n|-sideend|p1: AegiSwaggy|Stealth Rock|[from] move: Rapid Spin|[of] p1a: Avalugg\n|\n|-heal|p2a: Dondozo|88\/100|[from] item: Leftovers\n|upkeep\n|turn|10\n|\n|t:|1699487724\n|switch|p1a: Ursaluna|Ursaluna-Bloodmoon, M|100\/100\n|move|p2a: Dondozo|Liquidation|p1a: Ursaluna\n|-supereffective|p1a: Ursaluna\n|-damage|p1a: Ursaluna|72\/100\n|\n|-heal|p1a: Ursaluna|78\/100|[from] item: Leftovers\n|-heal|p2a: Dondozo|94\/100|[from] item: Leftovers\n|upkeep\n|turn|11\n|\n|t:|1699487760\n|switch|p2a: Blissey|Blissey, F|94\/100\n|-damage|p2a: Blissey|82\/100|[from] Spikes\n|move|p1a: Ursaluna|Calm Mind|p1a: Ursaluna\n|-boost|p1a: Ursaluna|spa|1\n|-boost|p1a: Ursaluna|spd|1\n|\n|-heal|p2a: Blissey|88\/100|[from] item: Leftovers\n|-heal|p1a: Ursaluna|84\/100|[from] item: Leftovers\n|upkeep\n|turn|12\n|\n|t:|1699487783\n|move|p2a: Blissey|Seismic Toss|p1a: Ursaluna\n|-damage|p1a: Ursaluna|61\/100\n|move|p1a: Ursaluna|Calm Mind|p1a: Ursaluna\n|-boost|p1a: Ursaluna|spa|1\n|-boost|p1a: Ursaluna|spd|1\n|\n|-heal|p2a: Blissey|94\/100|[from] item: Leftovers\n|-heal|p1a: Ursaluna|67\/100|[from] item: Leftovers\n|upkeep\n|turn|13\n|c|\u2606Jack0lantern89|yeah i lose i htink\n|\n|t:|1699487802\n|move|p2a: Blissey|Seismic Toss|p1a: Ursaluna\n|-damage|p1a: Ursaluna|44\/100\n|move|p1a: Ursaluna|Moonlight|p1a: Ursaluna\n|-heal|p1a: Ursaluna|94\/100\n|\n|-heal|p2a: Blissey|99\/100|[from] item: Leftovers\n|-heal|p1a: Ursaluna|99\/100|[from] item: Leftovers\n|upkeep\n|turn|14\n|\n|t:|1699487819\n|move|p2a: Blissey|Seismic Toss|p1a: Ursaluna\n|-damage|p1a: Ursaluna|77\/100\n|move|p1a: Ursaluna|Calm Mind|p1a: Ursaluna\n|-boost|p1a: Ursaluna|spa|1\n|-boost|p1a: Ursaluna|spd|1\n|\n|-heal|p2a: Blissey|100\/100|[from] item: Leftovers\n|-heal|p1a: Ursaluna|83\/100|[from] item: Leftovers\n|upkeep\n|turn|15\n|\n|t:|1699487839\n|switch|p2a: Zacian|Zacian|100\/100\n|-damage|p2a: Zacian|88\/100|[from] Spikes\n|-ability|p2a: Zacian|Intrepid Sword|boost\n|-boost|p2a: Zacian|atk|1\n|move|p1a: Ursaluna|Blood Moon|p2a: Zacian\n|-damage|p2a: Zacian|0 fnt\n|faint|p2a: Zacian\n|\n|-heal|p1a: Ursaluna|89\/100|[from] item: Leftovers\n|upkeep\n|\n|t:|1699487845\n|switch|p2a: Shaymin|Shaymin-Sky|100\/100\n|turn|16\n|\n|t:|1699487856\n|-terastallize|p1a: Ursaluna|Poison\n|move|p2a: Shaymin|Seed Flare|p1a: Ursaluna\n|-resisted|p1a: Ursaluna\n|-damage|p1a: Ursaluna|76\/100\n|-unboost|p1a: Ursaluna|spd|2\n|move|p1a: Ursaluna|Calm Mind|p1a: Ursaluna\n|-boost|p1a: Ursaluna|spa|1\n|-boost|p1a: Ursaluna|spd|1\n|\n|-heal|p1a: Ursaluna|82\/100|[from] item: Leftovers\n|upkeep\n|turn|17\n|\n|t:|1699487866\n|move|p2a: Shaymin|Earth Power|p1a: Ursaluna\n|-supereffective|p1a: Ursaluna\n|-damage|p1a: Ursaluna|46\/100\n|move|p1a: Ursaluna|Blood Moon|p2a: Shaymin\n|-damage|p2a: Shaymin|0 fnt\n|faint|p2a: Shaymin\n|\n|-heal|p1a: Ursaluna|52\/100|[from] item: Leftovers\n|upkeep\n|-message|Jack0lantern89 forfeited.\n|\n|win|AegiSwaggy\n|c|\u2606AegiSwaggy|yeah bm is dumb\n|l|\u2606AegiSwaggy\n|c|\u2606Jack0lantern89|lol\n|l|\u2606Jack0lantern89\n|j|\u2606AegiSwaggy\n|player|p1|AegiSwaggy|yellow\n","uploadtime":1699487917,"views":13,"p1id":"aegiswaggy","p2id":"jack0lantern89","formatid":"gen9ubers","rating":0,"private":0,"password":""}