{"id":"gen9ubers-1992419544","p1":"ArbysDealer23","p2":"disclobeia13","format":"[Gen 9] Ubers","log":"|j|\u2606ArbysDealer23\n|j|\u2606disclobeia13\n|t:|1700185389\n|gametype|singles\n|player|p1|ArbysDealer23|clair|1031\n|player|p2|disclobeia13|101|1000\n|teamsize|p1|6\n|teamsize|p2|6\n|gen|9\n|tier|[Gen 9] Ubers\n|rated|\n|rule|Sleep Clause Mod: Limit one foe put to sleep\n|rule|Species Clause: Limit one of each Pok\u00e9mon\n|rule|OHKO Clause: OHKO moves are banned\n|rule|Evasion Items Clause: Evasion items are banned\n|rule|Evasion Moves Clause: Evasion moves are banned\n|rule|Endless Battle Clause: Forcing endless battles is banned\n|rule|HP Percentage Mod: HP is shown in percentages\n|clearpoke\n|poke|p1|Cresselia, F|\n|poke|p1|Roaring Moon|\n|poke|p1|Talonflame, F|\n|poke|p1|Volcanion|\n|poke|p1|Mudsdale, M|\n|poke|p1|Lucario, M|\n|poke|p2|Charizard, F|\n|poke|p2|Primeape, F|\n|poke|p2|Jolteon, F|\n|poke|p2|Chansey, F|\n|poke|p2|Dragonite, F|\n|poke|p2|Cloyster, F|\n|teampreview\n|\n|t:|1700185396\n|start\n|switch|p1a: Mudsdale|Mudsdale, M|100\/100\n|switch|p2a: Chansey|Chansey, F, shiny|100\/100\n|turn|1\n|\n|t:|1700185403\n|move|p2a: Chansey|Stealth Rock|p1a: Mudsdale\n|-sidestart|p1: ArbysDealer23|move: Stealth Rock\n|move|p1a: Mudsdale|Stealth Rock|p2a: Chansey\n|-sidestart|p2: disclobeia13|move: Stealth Rock\n|\n|upkeep\n|turn|2\n|\n|t:|1700185410\n|move|p2a: Chansey|Seismic Toss|p1a: Mudsdale\n|-damage|p1a: Mudsdale|76\/100\n|-ability|p1a: Mudsdale|Stamina|boost\n|-boost|p1a: Mudsdale|def|1\n|move|p1a: Mudsdale|Iron Defense|p1a: Mudsdale\n|-boost|p1a: Mudsdale|def|2\n|\n|-heal|p1a: Mudsdale|82\/100|[from] item: Leftovers\n|upkeep\n|turn|3\n|\n|t:|1700185421\n|switch|p2a: Primeape|Primeape, F|100\/100\n|-damage|p2a: Primeape|95\/100|[from] Stealth Rock\n|move|p1a: Mudsdale|Body Press|p2a: Primeape\n|-damage|p2a: Primeape|36\/100\n|\n|-heal|p1a: Mudsdale|88\/100|[from] item: Leftovers\n|upkeep\n|turn|4\n|\n|t:|1700185431\n|move|p2a: Primeape|Drain Punch|p1a: Mudsdale\n|-damage|p1a: Mudsdale|77\/100\n|-heal|p2a: Primeape|44\/100|[from] drain|[of] p1a: Mudsdale\n|-ability|p1a: Mudsdale|Stamina|boost\n|-boost|p1a: Mudsdale|def|1\n|move|p1a: Mudsdale|Body Press|p2a: Primeape\n|-damage|p2a: Primeape|0 fnt\n|faint|p2a: Primeape\n|\n|-heal|p1a: Mudsdale|84\/100|[from] item: Leftovers\n|upkeep\n|\n|t:|1700185444\n|switch|p2a: Cloyster|Cloyster, F, shiny|100\/100\n|-damage|p2a: Cloyster|76\/100|[from] Stealth Rock\n|turn|5\n|\n|t:|1700185451\n|-terastallize|p1a: Mudsdale|Steel\n|move|p2a: Cloyster|Icicle Crash|p1a: Mudsdale|[miss]\n|-miss|p2a: Cloyster|p1a: Mudsdale\n|move|p1a: Mudsdale|Body Press|p2a: Cloyster\n|-supereffective|p2a: Cloyster\n|-damage|p2a: Cloyster|0 fnt\n|faint|p2a: Cloyster\n|\n|-heal|p1a: Mudsdale|90\/100|[from] item: Leftovers\n|upkeep\n|\n|t:|1700185465\n|switch|p2a: Dragonite|Dragonite, F|100\/100\n|turn|6\n|\n|t:|1700185472\n|-terastallize|p2a: Dragonite|Fairy\n|move|p2a: Dragonite|Earthquake|p1a: Mudsdale\n|-supereffective|p1a: Mudsdale\n|-damage|p1a: Mudsdale|69\/100\n|-ability|p1a: Mudsdale|Stamina|boost\n|-boost|p1a: Mudsdale|def|1\n|move|p1a: Mudsdale|Body Press|p2a: Dragonite\n|-resisted|p2a: Dragonite\n|-damage|p2a: Dragonite|83\/100\n|\n|-heal|p1a: Mudsdale|75\/100|[from] item: Leftovers\n|upkeep\n|turn|7\n|\n|t:|1700185485\n|move|p2a: Dragonite|Dragon Dance|p2a: Dragonite\n|-boost|p2a: Dragonite|atk|1\n|-boost|p2a: Dragonite|spe|1\n|move|p1a: Mudsdale|Earthquake|p2a: Dragonite\n|-damage|p2a: Dragonite|33\/100\n|\n|-heal|p1a: Mudsdale|81\/100|[from] item: Leftovers\n|upkeep\n|turn|8\n|\n|t:|1700185496\n|move|p2a: Dragonite|Roost|p2a: Dragonite\n|-heal|p2a: Dragonite|83\/100\n|move|p1a: Mudsdale|Body Press|p2a: Dragonite\n|-resisted|p2a: Dragonite\n|-damage|p2a: Dragonite|50\/100\n|\n|-heal|p1a: Mudsdale|88\/100|[from] item: Leftovers\n|upkeep\n|turn|9\n|\n|t:|1700185505\n|move|p2a: Dragonite|Dragon Dance|p2a: Dragonite\n|-boost|p2a: Dragonite|atk|1\n|-boost|p2a: Dragonite|spe|1\n|move|p1a: Mudsdale|Body Press|p2a: Dragonite\n|-resisted|p2a: Dragonite\n|-damage|p2a: Dragonite|17\/100\n|\n|-heal|p1a: Mudsdale|94\/100|[from] item: Leftovers\n|upkeep\n|turn|10\n|\n|t:|1700185515\n|move|p2a: Dragonite|Roost|p2a: Dragonite\n|-heal|p2a: Dragonite|67\/100\n|move|p1a: Mudsdale|Earthquake|p2a: Dragonite\n|-damage|p2a: Dragonite|22\/100\n|\n|-heal|p1a: Mudsdale|99\/100|[from] item: Leftovers\n|upkeep\n|turn|11\n|\n|t:|1700185524\n|move|p2a: Dragonite|Roost|p2a: Dragonite\n|-heal|p2a: Dragonite|73\/100\n|move|p1a: Mudsdale|Body Press|p2a: Dragonite\n|-resisted|p2a: Dragonite\n|-damage|p2a: Dragonite|35\/100\n|\n|-heal|p1a: Mudsdale|100\/100|[from] item: Leftovers\n|upkeep\n|turn|12\n|\n|t:|1700185534\n|move|p2a: Dragonite|Ice Punch|p1a: Mudsdale\n|-resisted|p1a: Mudsdale\n|-damage|p1a: Mudsdale|94\/100\n|-ability|p1a: Mudsdale|Stamina|boost\n|-boost|p1a: Mudsdale|def|1\n|move|p1a: Mudsdale|Body Press|p2a: Dragonite\n|-resisted|p2a: Dragonite\n|-damage|p2a: Dragonite|0 fnt\n|faint|p2a: Dragonite\n|\n|-heal|p1a: Mudsdale|99\/100|[from] item: Leftovers\n|upkeep\n|\n|t:|1700185543\n|switch|p2a: Charizard|Charizard, F, shiny|100\/100\n|turn|13\n|\n|t:|1700185548\n|move|p2a: Charizard|Flamethrower|p1a: Mudsdale\n|-supereffective|p1a: Mudsdale\n|-damage|p1a: Mudsdale|44\/100\n|move|p1a: Mudsdale|Body Press|p2a: Charizard\n|-resisted|p2a: Charizard\n|-damage|p2a: Charizard|46\/100\n|\n|-heal|p1a: Mudsdale|50\/100|[from] item: Leftovers\n|upkeep\n|turn|14\n|\n|t:|1700185560\n|switch|p1a: Volcanion|Volcanion|100\/100\n|-damage|p1a: Volcanion|76\/100|[from] Stealth Rock\n|move|p2a: Charizard|Flamethrower|p1a: Volcanion\n|-resisted|p1a: Volcanion\n|-damage|p1a: Volcanion|69\/100\n|\n|upkeep\n|turn|15\n|\n|t:|1700185569\n|switch|p2a: Jolteon|Jolteon, F|100\/100\n|move|p1a: Volcanion|Steam Eruption|p2a: Jolteon\n|-damage|p2a: Jolteon|13\/100\n|\n|upkeep\n|turn|16\n|\n|t:|1700185577\n|switch|p1a: Mudsdale|Mudsdale, M, tera:Steel|50\/100\n|-damage|p1a: Mudsdale|44\/100|[from] Stealth Rock\n|move|p2a: Jolteon|Thunderbolt|p1a: Mudsdale\n|-damage|p1a: Mudsdale|15\/100\n|-ability|p1a: Mudsdale|Stamina|boost\n|-boost|p1a: Mudsdale|def|1\n|\n|-heal|p1a: Mudsdale|22\/100|[from] item: Leftovers\n|upkeep\n|turn|17\n|\n|t:|1700185588\n|switch|p2a: Charizard|Charizard, F, shiny|46\/100\n|move|p1a: Mudsdale|Body Press|p2a: Charizard\n|-resisted|p2a: Charizard\n|-damage|p2a: Charizard|27\/100\n|\n|-heal|p1a: Mudsdale|28\/100|[from] item: Leftovers\n|upkeep\n|turn|18\n|\n|t:|1700185599\n|switch|p2a: Jolteon|Jolteon, F|13\/100\n|move|p1a: Mudsdale|Body Press|p2a: Jolteon\n|-damage|p2a: Jolteon|0 fnt\n|faint|p2a: Jolteon\n|\n|-heal|p1a: Mudsdale|34\/100|[from] item: Leftovers\n|upkeep\n|\n|t:|1700185609\n|switch|p2a: Chansey|Chansey, F, shiny|100\/100\n|turn|19\n|\n|t:|1700185613\n|move|p2a: Chansey|Seismic Toss|p1a: Mudsdale\n|-damage|p1a: Mudsdale|9\/100\n|-ability|p1a: Mudsdale|Stamina|boost\n|-boost|p1a: Mudsdale|def|1\n|move|p1a: Mudsdale|Body Press|p2a: Chansey\n|-supereffective|p2a: Chansey\n|-damage|p2a: Chansey|24\/100\n|\n|-heal|p1a: Mudsdale|15\/100|[from] item: Leftovers\n|upkeep\n|turn|20\n|\n|t:|1700185624\n|move|p2a: Chansey|Seismic Toss|p1a: Mudsdale\n|-damage|p1a: Mudsdale|0 fnt\n|faint|p1a: Mudsdale\n|\n|upkeep\n|\n|t:|1700185629\n|switch|p1a: Roaring Moon|Roaring Moon|100\/100\n|-damage|p1a: Roaring Moon|88\/100|[from] Stealth Rock\n|-enditem|p1a: Roaring Moon|Booster Energy\n|-activate|p1a: Roaring Moon|ability: Protosynthesis|[fromitem]\n|-start|p1a: Roaring Moon|protosynthesisatk\n|turn|21\n|\n|t:|1700185640\n|move|p1a: Roaring Moon|Dragon Claw|p2a: Chansey\n|-damage|p2a: Chansey|0 fnt\n|faint|p2a: Chansey\n|\n|upkeep\n|\n|t:|1700185646\n|switch|p2a: Charizard|Charizard, F, shiny|27\/100\n|turn|22\n|\n|t:|1700185651\n|move|p1a: Roaring Moon|Dragon Claw|p2a: Charizard\n|-damage|p2a: Charizard|0 fnt\n|faint|p2a: Charizard\n|\n|win|ArbysDealer23\n|raw|ArbysDealer23's rating: 1031 &rarr; <strong>1063<\/strong><br \/>(+32 for winning)\n|raw|disclobeia13's rating: 1000 &rarr; <strong>1000<\/strong><br \/>(+0 for losing)\n|l|\u2606disclobeia13\n|c|\u2606ArbysDealer23|gg\n","uploadtime":1700185659,"views":38,"p1id":"arbysdealer23","p2id":"disclobeia13","formatid":"gen9ubers","rating":1000,"private":0,"password":""}