{"id":"gen9ubers-1984036408","p1":"the tr4sh man","p2":"NewHoovybeast05","format":"[Gen 9] Ubers","log":"|j|\u2606the tr4sh man\n|j|\u2606NewHoovybeast05\n|t:|1699212138\n|gametype|singles\n|player|p1|the tr4sh man|xerosic|\n|player|p2|NewHoovybeast05|palmer|\n|teamsize|p1|6\n|teamsize|p2|6\n|gen|9\n|tier|[Gen 9] Ubers\n|rule|Sleep Clause Mod: Limit one foe put to sleep\n|rule|Species Clause: Limit one of each Pok\u00e9mon\n|rule|OHKO Clause: OHKO moves are banned\n|rule|Evasion Items Clause: Evasion items are banned\n|rule|Evasion Moves Clause: Evasion moves are banned\n|rule|Endless Battle Clause: Forcing endless battles is banned\n|rule|HP Percentage Mod: HP is shown in percentages\n|clearpoke\n|poke|p1|Cloyster, F|\n|poke|p1|Flamigo, M|\n|poke|p1|Polteageist|\n|poke|p1|Torterra, M|\n|poke|p1|Torkoal, M|\n|poke|p1|Drednaw, M|\n|poke|p2|Baxcalibur, M|\n|poke|p2|Ninetales-Alola, M|\n|poke|p2|Cyclizar, F|\n|poke|p2|Bisharp, M|\n|poke|p2|Ceruledge, F|\n|poke|p2|Arceus-Fighting|\n|teampreview\n|c|\u2606NewHoovybeast05|behold actual madness\n|\n|t:|1699212150\n|start\n|switch|p1a: Torkoal|Torkoal, M|100\/100\n|switch|p2a: Ninetales|Ninetales-Alola, M|100\/100\n|-weather|Snow|[from] ability: Snow Warning|[of] p2a: Ninetales\n|-weather|SunnyDay|[from] ability: Drought|[of] p1a: Torkoal\n|turn|1\n|c|\u2606the tr4sh man|oh boy\n|\n|t:|1699212158\n|switch|p2a: Baxcalibur|Baxcalibur, M|100\/100\n|move|p1a: Torkoal|Shell Smash|p1a: Torkoal\n|-unboost|p1a: Torkoal|def|1\n|-unboost|p1a: Torkoal|spd|1\n|-boost|p1a: Torkoal|atk|2\n|-boost|p1a: Torkoal|spa|2\n|-boost|p1a: Torkoal|spe|2\n|-enditem|p1a: Torkoal|Eject Pack\n|\n|t:|1699212161\n|switch|p1a: Flamigo|Flamigo, M|100\/100\n|\n|-weather|SunnyDay|[upkeep]\n|upkeep\n|turn|2\n|\n|t:|1699212170\n|switch|p2a: Ninetales|Ninetales-Alola, M|100\/100\n|-weather|Snow|[from] ability: Snow Warning|[of] p2a: Ninetales\n|-terastallize|p1a: Flamigo|Fighting\n|move|p1a: Flamigo|Copycat|p1a: Flamigo\n|move|p1a: Flamigo|Shell Smash|p1a: Flamigo|[from]move: Copycat\n|-unboost|p1a: Flamigo|def|1\n|-unboost|p1a: Flamigo|spd|1\n|-boost|p1a: Flamigo|atk|2\n|-boost|p1a: Flamigo|spa|2\n|-boost|p1a: Flamigo|spe|2\n|\n|-weather|Snow|[upkeep]\n|upkeep\n|turn|3\n|c|\u2606the tr4sh man|i can show you that actually\n|c|\u2606NewHoovybeast05|show what?\n|\n|t:|1699212186\n|move|p1a: Flamigo|Close Combat|p2a: Ninetales\n|-damage|p2a: Ninetales|0 fnt\n|-unboost|p1a: Flamigo|def|1\n|-unboost|p1a: Flamigo|spd|1\n|faint|p2a: Ninetales\n|\n|-weather|Snow|[upkeep]\n|upkeep\n|c|\u2606the tr4sh man|actual madness :]\n|c|\u2606NewHoovybeast05|i think im looking at it\n|\n|t:|1699212212\n|switch|p2a: Baxcalibur|Baxcalibur, M|100\/100\n|turn|4\n|\n|t:|1699212215\n|-terastallize|p2a: Baxcalibur|Fairy\n|move|p1a: Flamigo|Close Combat|p2a: Baxcalibur\n|-resisted|p2a: Baxcalibur\n|-damage|p2a: Baxcalibur|28\/100\n|-unboost|p1a: Flamigo|def|1\n|-unboost|p1a: Flamigo|spd|1\n|move|p2a: Baxcalibur|Icicle Spear|p1a: Flamigo\n|-damage|p1a: Flamigo|49\/100\n|-damage|p1a: Flamigo|0 fnt\n|faint|p1a: Flamigo\n|-hitcount|p1: Flamigo|2\n|\n|-weather|Snow|[upkeep]\n|upkeep\n|\n|t:|1699212223\n|switch|p1a: Torkoal|Torkoal, M|100\/100\n|-weather|SunnyDay|[from] ability: Drought|[of] p1a: Torkoal\n|turn|5\n|\n|t:|1699212229\n|switch|p2a: Ceruledge|Ceruledge, F|100\/100\n|move|p1a: Torkoal|Shell Smash|p1a: Torkoal\n|-unboost|p1a: Torkoal|def|1\n|-unboost|p1a: Torkoal|spd|1\n|-boost|p1a: Torkoal|atk|2\n|-boost|p1a: Torkoal|spa|2\n|-boost|p1a: Torkoal|spe|2\n|\n|-weather|SunnyDay|[upkeep]\n|upkeep\n|turn|6\n|\n|t:|1699212233\n|move|p1a: Torkoal|Earth Power|p2a: Ceruledge\n|-supereffective|p2a: Ceruledge\n|-damage|p2a: Ceruledge|0 fnt\n|faint|p2a: Ceruledge\n|\n|-weather|SunnyDay|[upkeep]\n|upkeep\n|\n|t:|1699212238\n|switch|p2a: Cyclizar|Cyclizar, F|100\/100\n|turn|7\n|\n|t:|1699212247\n|move|p2a: Cyclizar|Draco Meteor|p1a: Torkoal\n|-damage|p1a: Torkoal|8\/100\n|-unboost|p2a: Cyclizar|spa|2\n|move|p1a: Torkoal|Flamethrower|p2a: Cyclizar\n|-resisted|p2a: Cyclizar\n|-damage|p2a: Cyclizar|6\/100\n|\n|-weather|SunnyDay|[upkeep]\n|upkeep\n|turn|8\n|\n|t:|1699212251\n|move|p2a: Cyclizar|Draco Meteor|p1a: Torkoal\n|-damage|p1a: Torkoal|0 fnt\n|-unboost|p2a: Cyclizar|spa|2\n|faint|p1a: Torkoal\n|\n|-weather|SunnyDay|[upkeep]\n|upkeep\n|\n|t:|1699212265\n|switch|p1a: Cloyster|Cloyster, F|100\/100\n|turn|9\n|\n|t:|1699212269\n|switch|p2a: Bisharp|Bisharp, M|100\/100\n|move|p1a: Cloyster|Shell Smash|p1a: Cloyster\n|-unboost|p1a: Cloyster|def|1\n|-unboost|p1a: Cloyster|spd|1\n|-boost|p1a: Cloyster|atk|2\n|-boost|p1a: Cloyster|spa|2\n|-boost|p1a: Cloyster|spe|2\n|\n|-weather|none\n|upkeep\n|turn|10\n|\n|t:|1699212275\n|move|p1a: Cloyster|Waterfall|p2a: Bisharp\n|-damage|p2a: Bisharp|53\/100\n|cant|p2a: Bisharp|flinch\n|\n|upkeep\n|turn|11\n|\n|t:|1699212279\n|move|p2a: Bisharp|Sucker Punch|p1a: Cloyster\n|-damage|p1a: Cloyster|49\/100\n|move|p1a: Cloyster|Waterfall|p2a: Bisharp\n|-damage|p2a: Bisharp|7\/100\n|\n|upkeep\n|turn|12\n|\n|t:|1699212282\n|move|p2a: Bisharp|Sucker Punch||[still]\n|-fail|p2a: Bisharp\n|move|p1a: Cloyster|Spikes|p2a: Bisharp\n|-sidestart|p2: NewHoovybeast05|Spikes\n|\n|upkeep\n|turn|13\n|\n|t:|1699212286\n|move|p2a: Bisharp|Sucker Punch|p1a: Cloyster\n|-damage|p1a: Cloyster|0 fnt\n|faint|p1a: Cloyster\n|\n|upkeep\n|\n|t:|1699212289\n|switch|p1a: Polteageist|Polteageist|100\/100\n|turn|14\n|\n|t:|1699212294\n|move|p1a: Polteageist|Shell Smash|p1a: Polteageist\n|-unboost|p1a: Polteageist|def|1\n|-unboost|p1a: Polteageist|spd|1\n|-boost|p1a: Polteageist|atk|2\n|-boost|p1a: Polteageist|spa|2\n|-boost|p1a: Polteageist|spe|2\n|move|p2a: Bisharp|Night Slash|p1a: Polteageist\n|-supereffective|p1a: Polteageist\n|-enditem|p1a: Polteageist|Focus Sash\n|-damage|p1a: Polteageist|1\/100\n|-ability|p1a: Polteageist|Weak Armor|boost\n|-unboost|p1a: Polteageist|def|1\n|-boost|p1a: Polteageist|spe|2\n|\n|upkeep\n|turn|15\n|\n|t:|1699212298\n|move|p1a: Polteageist|Sucker Punch|p2a: Bisharp\n|-resisted|p2a: Bisharp\n|-damage|p2a: Bisharp|0 fnt\n|faint|p2a: Bisharp\n|\n|upkeep\n|\n|t:|1699212314\n|switch|p2a: Arceus|Arceus-Fighting|100\/100\n|-damage|p2a: Arceus|88\/100|[from] Spikes\n|turn|16\n|\n|t:|1699212318\n|move|p1a: Polteageist|Stored Power|p2a: Arceus\n|-supereffective|p2a: Arceus\n|-damage|p2a: Arceus|0 fnt\n|faint|p2a: Arceus\n|\n|upkeep\n|\n|t:|1699212320\n|switch|p2a: Cyclizar|Cyclizar, F|39\/100\n|-damage|p2a: Cyclizar|26\/100|[from] Spikes\n|turn|17\n|\n|t:|1699212325\n|move|p1a: Polteageist|Sucker Punch|p2a: Cyclizar\n|-damage|p2a: Cyclizar|0 fnt\n|faint|p2a: Cyclizar\n|\n|upkeep\n|\n|t:|1699212327\n|switch|p2a: Baxcalibur|Baxcalibur, M, tera:Fairy|28\/100\n|-damage|p2a: Baxcalibur|16\/100|[from] Spikes\n|turn|18\n|\n|t:|1699212329\n|move|p1a: Polteageist|Stored Power|p2a: Baxcalibur\n|-damage|p2a: Baxcalibur|0 fnt\n|faint|p2a: Baxcalibur\n|\n|win|the tr4sh man\n|c|\u2606the tr4sh man|gg\n|c|\u2606NewHoovybeast05|gg\n|c|\u2606NewHoovybeast05|show me madness\n","uploadtime":1699212336,"views":4,"p1id":"thetr4shman","p2id":"newhoovybeast05","formatid":"gen9ubers","rating":0,"private":0,"password":""}