{"id":"gen9ubers-1990149739","p1":"N1ghtWish","p2":"guzmfran","format":"[Gen 9] Ubers","log":"|j|\u2606N1ghtWish\n|j|\u2606guzmfran\n|t:|1699930009\n|gametype|singles\n|player|p1|N1ghtWish|cynthia-gen4|\n|player|p2|guzmfran|266|\n|teamsize|p1|4\n|teamsize|p2|4\n|gen|9\n|tier|[Gen 9] Ubers\n|rule|Sleep Clause Mod: Limit one foe put to sleep\n|rule|Species Clause: Limit one of each Pok\u00e9mon\n|rule|OHKO Clause: OHKO moves are banned\n|rule|Evasion Items Clause: Evasion items are banned\n|rule|Evasion Moves Clause: Evasion moves are banned\n|rule|Endless Battle Clause: Forcing endless battles is banned\n|rule|HP Percentage Mod: HP is shown in percentages\n|clearpoke\n|poke|p1|Iron Hands|\n|poke|p1|Dragapult, F|\n|poke|p1|Rotom-Wash|\n|poke|p1|Brambleghast, M|\n|poke|p2|Azumarill, M|\n|poke|p2|Ninetales-Alola, M|\n|poke|p2|Dragonite, M|\n|poke|p2|Gliscor, F|\n|teampreview\n|j| LogIce\n|\n|t:|1699930069\n|start\n|switch|p1a: Dragapult|Dragapult, F, shiny|100\/100\n|switch|p2a: Ninetales|Ninetales-Alola, M|100\/100\n|-weather|Snow|[from] ability: Snow Warning|[of] p2a: Ninetales\n|turn|1\n|j| Notgeeta101\n|\n|t:|1699930080\n|move|p1a: Dragapult|U-turn|p2a: Ninetales\n|-resisted|p2a: Ninetales\n|-damage|p2a: Ninetales|93\/100\n|\n|t:|1699930086\n|switch|p1a: Rotom|Rotom-Wash, shiny|100\/100|[from] U-turn\n|move|p2a: Ninetales|Moonblast|p1a: Rotom\n|-damage|p1a: Rotom|60\/100\n|\n|-weather|Snow|[upkeep]\n|upkeep\n|turn|2\n|\n|t:|1699930103\n|move|p2a: Ninetales|Aurora Veil|p2a: Ninetales\n|-sidestart|p2: guzmfran|move: Aurora Veil\n|move|p1a: Rotom|Will-O-Wisp|p2a: Ninetales\n|-status|p2a: Ninetales|brn\n|\n|-weather|Snow|[upkeep]\n|-damage|p2a: Ninetales|86\/100 brn|[from] brn\n|upkeep\n|turn|3\n|\n|t:|1699930121\n|switch|p1a: Iron Hands|Iron Hands, shiny|100\/100\n|move|p2a: Ninetales|Nasty Plot|p2a: Ninetales\n|-boost|p2a: Ninetales|spa|2\n|\n|-weather|Snow|[upkeep]\n|-damage|p2a: Ninetales|80\/100 brn|[from] brn\n|upkeep\n|turn|4\n|\n|t:|1699930131\n|move|p2a: Ninetales|Moonblast|p1a: Iron Hands\n|-supereffective|p1a: Iron Hands\n|-damage|p1a: Iron Hands|17\/100\n|move|p1a: Iron Hands|Brick Break|p2a: Ninetales\n|-sideend|p2: guzmfran|move: Aurora Veil\n|-damage|p2a: Ninetales|37\/100 brn\n|\n|-weather|Snow|[upkeep]\n|-damage|p2a: Ninetales|31\/100 brn|[from] brn\n|upkeep\n|turn|5\n|\n|t:|1699930146\n|move|p2a: Ninetales|Freeze-Dry|p1a: Iron Hands\n|-damage|p1a: Iron Hands|0 fnt\n|faint|p1a: Iron Hands\n|-end|p1a: Iron Hands|Quark Drive|[silent]\n|\n|-weather|none\n|-damage|p2a: Ninetales|24\/100 brn|[from] brn\n|upkeep\n|\n|t:|1699930153\n|switch|p1a: Rotom|Rotom-Wash, shiny|60\/100\n|turn|6\n|\n|t:|1699930169\n|move|p2a: Ninetales|Freeze-Dry|p1a: Rotom\n|-supereffective|p1a: Rotom\n|-damage|p1a: Rotom|0 fnt\n|faint|p1a: Rotom\n|\n|-damage|p2a: Ninetales|18\/100 brn|[from] brn\n|upkeep\n|\n|t:|1699930175\n|switch|p1a: Dragapult|Dragapult, F, shiny|100\/100\n|turn|7\n|\n|t:|1699930182\n|switch|p2a: Gliscor|Gliscor, F|100\/100\n|-terastallize|p1a: Dragapult|Ghost\n|move|p1a: Dragapult|Flamethrower|p2a: Gliscor\n|-damage|p2a: Gliscor|37\/100\n|\n|-status|p2a: Gliscor|tox|[from] item: Toxic Orb\n|upkeep\n|turn|8\n|\n|t:|1699930194\n|switch|p1a: Brambleghast|Brambleghast, M, shiny|100\/100\n|switch|p2a: Azumarill|Azumarill, M|100\/100\n|\n|upkeep\n|turn|9\n|\n|t:|1699930202\n|move|p1a: Brambleghast|Strength Sap|p2a: Azumarill\n|-unboost|p2a: Azumarill|atk|1\n|move|p2a: Azumarill|Knock Off|p1a: Brambleghast\n|-supereffective|p1a: Brambleghast\n|-damage|p1a: Brambleghast|15\/100\n|-enditem|p1a: Brambleghast|Weakness Policy\n|-boost|p1a: Brambleghast|atk|2|[from] item: Weakness Policy\n|-boost|p1a: Brambleghast|spa|2|[from] item: Weakness Policy\n|\n|upkeep\n|turn|10\n|\n|t:|1699930213\n|-terastallize|p2a: Azumarill|Water\n|move|p2a: Azumarill|Aqua Jet|p1a: Brambleghast\n|-resisted|p1a: Brambleghast\n|-damage|p1a: Brambleghast|0 fnt\n|faint|p1a: Brambleghast\n|\n|upkeep\n|\n|t:|1699930219\n|switch|p1a: Dragapult|Dragapult, F, shiny, tera:Ghost|100\/100\n|turn|11\n|\n|t:|1699930228\n|move|p1a: Dragapult|Shadow Ball|p2a: Azumarill\n|-damage|p2a: Azumarill|24\/100\n|-enditem|p2a: Azumarill|Sitrus Berry|[eat]\n|-heal|p2a: Azumarill|49\/100|[from] item: Sitrus Berry\n|move|p2a: Azumarill|Knock Off|p1a: Dragapult\n|-supereffective|p1a: Dragapult\n|-damage|p1a: Dragapult|27\/100\n|-enditem|p1a: Dragapult|Choice Specs|[from] move: Knock Off|[of] p2a: Azumarill\n|\n|upkeep\n|turn|12\n|\n|t:|1699930239\n|move|p2a: Azumarill|Aqua Jet|p1a: Dragapult\n|-damage|p1a: Dragapult|0 fnt\n|faint|p1a: Dragapult\n|\n|win|guzmfran\n|l| Notgeeta101\n","uploadtime":1699930248,"views":42,"p1id":"n1ghtwish","p2id":"guzmfran","formatid":"gen9ubers","rating":0,"private":0,"password":""}