{"id":"gen9ubers-1979671160","p1":"bowser151","p2":"pantouflelegentil","format":"[Gen 9] Ubers","log":"|j|\u2606bowser151\n|j|\u2606pantouflelegentil\n|t:|1698701815\n|gametype|singles\n|player|p1|bowser151|beauty-gen2jp|1261\n|player|p2|pantouflelegentil|backersf|1202\n|teamsize|p1|6\n|teamsize|p2|6\n|gen|9\n|tier|[Gen 9] Ubers\n|rated|\n|rule|Sleep Clause Mod: Limit one foe put to sleep\n|rule|Species Clause: Limit one of each Pok\u00e9mon\n|rule|OHKO Clause: OHKO moves are banned\n|rule|Evasion Items Clause: Evasion items are banned\n|rule|Evasion Moves Clause: Evasion moves are banned\n|rule|Endless Battle Clause: Forcing endless battles is banned\n|rule|HP Percentage Mod: HP is shown in percentages\n|clearpoke\n|poke|p1|Calyrex-Ice|\n|poke|p1|Koraidon|\n|poke|p1|Toxapex, M|\n|poke|p1|Ting-Lu|\n|poke|p1|Arceus|\n|poke|p1|Miraidon|\n|poke|p2|Annihilape, M|\n|poke|p2|Kyogre|\n|poke|p2|Basculegion, M|\n|poke|p2|Arceus-Ground|\n|poke|p2|Zacian-*|\n|poke|p2|Miraidon|\n|teampreview\n|inactive|Battle timer is ON: inactive players will automatically lose when time's up. (requested by bowser151)\n|\n|t:|1698701840\n|start\n|switch|p1a: captain falcon|Miraidon|100\/100\n|switch|p2a: Annihilape|Annihilape, M|100\/100\n|-fieldstart|move: Electric Terrain|[from] ability: Hadron Engine|[of] p1a: captain falcon\n|turn|1\n|inactive|pantouflelegentil has 120 seconds left.\n|\n|t:|1698701875\n|move|p1a: captain falcon|Taunt|p2a: Annihilape\n|-start|p2a: Annihilape|move: Taunt\n|cant|p2a: Annihilape|move: Taunt|Stealth Rock\n|\n|upkeep\n|turn|2\n|\n|t:|1698701883\n|move|p1a: captain falcon|Parabolic Charge|p2a: Annihilape\n|-damage|p2a: Annihilape|30\/100\n|-damage|p1a: captain falcon|91\/100|[from] item: Life Orb\n|move|p2a: Annihilape|Final Gambit|p1a: captain falcon\n|-damage|p1a: captain falcon|54\/100\n|faint|p2a: Annihilape\n|\n|upkeep\n|\n|t:|1698701887\n|switch|p2a: Kyogre|Kyogre|100\/100\n|-weather|RainDance|[from] ability: Drizzle|[of] p2a: Kyogre\n|turn|3\n|\n|t:|1698701892\n|-terastallize|p2a: Kyogre|Water\n|move|p2a: Kyogre|Water Spout|p1a: captain falcon\n|-resisted|p1a: captain falcon\n|-damage|p1a: captain falcon|0 fnt\n|faint|p1a: captain falcon\n|\n|-weather|RainDance|[upkeep]\n|upkeep\n|\n|t:|1698701900\n|switch|p1a: conker's bad day|Toxapex, M, shiny|100\/100\n|turn|4\n|\n|t:|1698701903\n|move|p2a: Kyogre|Water Spout|p1a: conker's bad day\n|-resisted|p1a: conker's bad day\n|-damage|p1a: conker's bad day|32\/100\n|move|p1a: conker's bad day|Toxic|p2a: Kyogre\n|-status|p2a: Kyogre|tox\n|\n|-weather|RainDance|[upkeep]\n|-damage|p2a: Kyogre|94\/100 tox|[from] psn\n|upkeep\n|turn|5\n|\n|t:|1698701931\n|switch|p1a: emmet from lego|Ting-Lu|100\/100\n|-ability|p1a: emmet from lego|Vessel of Ruin\n|move|p2a: Kyogre|Water Spout|p1a: emmet from lego\n|-supereffective|p1a: emmet from lego\n|-damage|p1a: emmet from lego|0 fnt\n|faint|p1a: emmet from lego\n|\n|-weather|RainDance|[upkeep]\n|-damage|p2a: Kyogre|82\/100 tox|[from] psn\n|-fieldend|move: Electric Terrain\n|upkeep\n|\n|t:|1698701936\n|switch|p1a: conker's bad day|Toxapex, M, shiny|66\/100\n|turn|6\n|\n|t:|1698701945\n|move|p2a: Kyogre|Water Spout|p1a: conker's bad day\n|-resisted|p1a: conker's bad day\n|-damage|p1a: conker's bad day|7\/100\n|move|p1a: conker's bad day|Recover|p1a: conker's bad day\n|-heal|p1a: conker's bad day|57\/100\n|\n|-weather|RainDance|[upkeep]\n|-damage|p2a: Kyogre|64\/100 tox|[from] psn\n|upkeep\n|turn|7\n|\n|t:|1698701966\n|switch|p2a: Miraidon|Miraidon|100\/100\n|-fieldstart|move: Electric Terrain|[from] ability: Hadron Engine|[of] p2a: Miraidon\n|move|p1a: conker's bad day|Recover|p1a: conker's bad day\n|-heal|p1a: conker's bad day|100\/100\n|\n|-weather|none\n|upkeep\n|turn|8\n|\n|t:|1698701979\n|move|p2a: Miraidon|Substitute|p2a: Miraidon\n|-start|p2a: Miraidon|Substitute\n|-damage|p2a: Miraidon|76\/100\n|move|p1a: conker's bad day|Toxic||[still]\n|-fail|p1a: conker's bad day\n|\n|upkeep\n|turn|9\n|\n|t:|1698701991\n|switch|p1a: little big planet|Arceus|100\/100\n|move|p2a: Miraidon|Calm Mind|p2a: Miraidon\n|-boost|p2a: Miraidon|spa|1\n|-boost|p2a: Miraidon|spd|1\n|\n|upkeep\n|turn|10\n|\n|t:|1698701997\n|move|p1a: little big planet|Extreme Speed|p2a: Miraidon\n|-end|p2a: Miraidon|Substitute\n|move|p2a: Miraidon|Parabolic Charge|p1a: little big planet\n|-damage|p1a: little big planet|10\/100\n|-heal|p2a: Miraidon|100\/100|[from] drain|[of] p1a: little big planet\n|-damage|p2a: Miraidon|91\/100|[from] item: Life Orb\n|\n|upkeep\n|turn|11\n|\n|t:|1698702005\n|move|p1a: little big planet|Extreme Speed|p2a: Miraidon\n|-damage|p2a: Miraidon|43\/100\n|move|p2a: Miraidon|Parabolic Charge|p1a: little big planet\n|-damage|p1a: little big planet|0 fnt\n|-heal|p2a: Miraidon|49\/100|[from] drain|[of] p1a: little big planet\n|faint|p1a: little big planet\n|-damage|p2a: Miraidon|39\/100|[from] item: Life Orb\n|\n|-fieldend|move: Electric Terrain\n|upkeep\n|\n|t:|1698702014\n|switch|p1a: conker's bad day|Toxapex, M, shiny|100\/100\n|turn|12\n|\n|t:|1698702019\n|move|p2a: Miraidon|Substitute|p2a: Miraidon\n|-start|p2a: Miraidon|Substitute\n|-damage|p2a: Miraidon|14\/100\n|move|p1a: conker's bad day|Infestation|p2a: Miraidon\n|-activate|p2a: Miraidon|move: Substitute|[damage]\n|\n|upkeep\n|turn|13\n|\n|t:|1698702025\n|move|p2a: Miraidon|Calm Mind|p2a: Miraidon\n|-boost|p2a: Miraidon|spa|1\n|-boost|p2a: Miraidon|spd|1\n|move|p1a: conker's bad day|Infestation|p2a: Miraidon\n|-activate|p2a: Miraidon|move: Substitute|[damage]\n|\n|upkeep\n|turn|14\n|\n|t:|1698702031\n|move|p2a: Miraidon|Parabolic Charge|p1a: conker's bad day\n|-supereffective|p1a: conker's bad day\n|-damage|p1a: conker's bad day|0 fnt\n|-heal|p2a: Miraidon|58\/100|[from] drain|[of] p1a: conker's bad day\n|faint|p1a: conker's bad day\n|-damage|p2a: Miraidon|48\/100|[from] item: Life Orb\n|\n|upkeep\n|-message|bowser151 forfeited.\n|\n|win|pantouflelegentil\n|raw|bowser151's rating: 1261 &rarr; <strong>1232<\/strong><br \/>(-29 for losing)\n|raw|pantouflelegentil's rating: 1202 &rarr; <strong>1231<\/strong><br \/>(+29 for winning)\n|l|\u2606bowser151\n","uploadtime":1698702039,"views":7,"p1id":"bowser151","p2id":"pantouflelegentil","formatid":"gen9ubers","rating":1231,"private":0,"password":""}