{"id":"gen9ubers-1993780737","p1":"meisgroot1","p2":"Acetraineraegis","format":"[Gen 9] Ubers","log":"|j|\u2606meisgroot1\n|j|\u2606Acetraineraegis\n|t:|1700356432\n|gametype|singles\n|player|p1|meisgroot1|266|\n|player|p2|Acetraineraegis|skierf-gen4dp|\n|teamsize|p1|6\n|teamsize|p2|6\n|gen|9\n|tier|[Gen 9] Ubers\n|rule|Sleep Clause Mod: Limit one foe put to sleep\n|rule|Species Clause: Limit one of each Pok\u00e9mon\n|rule|OHKO Clause: OHKO moves are banned\n|rule|Evasion Items Clause: Evasion items are banned\n|rule|Evasion Moves Clause: Evasion moves are banned\n|rule|Endless Battle Clause: Forcing endless battles is banned\n|rule|HP Percentage Mod: HP is shown in percentages\n|clearpoke\n|poke|p1|Zamazenta-*|\n|poke|p1|Zacian-*|\n|poke|p1|Palkia-Origin|\n|poke|p1|Walking Wake|\n|poke|p1|Dragapult, M|\n|poke|p1|Ursaluna-Bloodmoon, M|\n|poke|p2|Arceus-Ice|\n|poke|p2|Ninetales-Alola, F|\n|poke|p2|Zacian-*|\n|poke|p2|Chi-Yu|\n|poke|p2|Volcarona, M|\n|poke|p2|Baxcalibur, M|\n|teampreview\n|\n|t:|1700356469\n|start\n|switch|p1a: Ursaluna|Ursaluna-Bloodmoon, M|100\/100\n|switch|p2a: Volcarona|Volcarona, M|100\/100\n|turn|1\n|\n|t:|1700356478\n|move|p2a: Volcarona|Quiver Dance|p2a: Volcarona\n|-boost|p2a: Volcarona|spa|1\n|-boost|p2a: Volcarona|spd|1\n|-boost|p2a: Volcarona|spe|1\n|move|p1a: Ursaluna|Earth Power|p2a: Volcarona\n|-damage|p2a: Volcarona|62\/100\n|-unboost|p2a: Volcarona|spd|1\n|\n|upkeep\n|turn|2\n|\n|t:|1700356504\n|move|p2a: Volcarona|Giga Drain|p1a: Ursaluna\n|-supereffective|p1a: Ursaluna\n|-damage|p1a: Ursaluna|44\/100\n|-heal|p2a: Volcarona|100\/100|[from] drain|[of] p1a: Ursaluna\n|move|p1a: Ursaluna|Earth Power|p2a: Volcarona\n|-damage|p2a: Volcarona|44\/100\n|\n|upkeep\n|turn|3\n|\n|t:|1700356517\n|move|p2a: Volcarona|Quiver Dance|p2a: Volcarona\n|-boost|p2a: Volcarona|spa|1\n|-boost|p2a: Volcarona|spd|1\n|-boost|p2a: Volcarona|spe|1\n|move|p1a: Ursaluna|Earth Power|p2a: Volcarona\n|-damage|p2a: Volcarona|6\/100\n|\n|upkeep\n|turn|4\n|\n|t:|1700356524\n|move|p2a: Volcarona|Giga Drain|p1a: Ursaluna\n|-supereffective|p1a: Ursaluna\n|-damage|p1a: Ursaluna|0 fnt\n|-heal|p2a: Volcarona|36\/100|[from] drain|[of] p1a: Ursaluna\n|faint|p1a: Ursaluna\n|\n|upkeep\n|\n|t:|1700356554\n|switch|p1a: Palkia|Palkia-Origin|100\/100\n|-ability|p1a: Palkia|Pressure\n|turn|5\n|\n|t:|1700356562\n|move|p2a: Volcarona|Giga Drain|p1a: Palkia\n|-damage|p1a: Palkia|55\/100\n|-heal|p2a: Volcarona|60\/100|[from] drain|[of] p1a: Palkia\n|move|p1a: Palkia|Earth Power|p2a: Volcarona\n|-damage|p2a: Volcarona|35\/100\n|-unboost|p2a: Volcarona|spd|1\n|\n|upkeep\n|turn|6\n|\n|t:|1700356573\n|move|p2a: Volcarona|Bug Buzz|p1a: Palkia\n|-damage|p1a: Palkia|0 fnt\n|faint|p1a: Palkia\n|\n|upkeep\n|\n|t:|1700356585\n|switch|p1a: Walking Wake|Walking Wake|100\/100\n|-enditem|p1a: Walking Wake|Booster Energy\n|-activate|p1a: Walking Wake|ability: Protosynthesis|[fromitem]\n|-start|p1a: Walking Wake|protosynthesisspe\n|turn|7\n|\n|t:|1700356595\n|-terastallize|p1a: Walking Wake|Fire\n|move|p2a: Volcarona|Giga Drain|p1a: Walking Wake\n|-resisted|p1a: Walking Wake\n|-damage|p1a: Walking Wake|70\/100\n|-heal|p2a: Volcarona|52\/100|[from] drain|[of] p1a: Walking Wake\n|move|p1a: Walking Wake|Hydro Steam|p2a: Volcarona\n|-supereffective|p2a: Volcarona\n|-damage|p2a: Volcarona|0 fnt\n|faint|p2a: Volcarona\n|\n|upkeep\n|\n|t:|1700356616\n|switch|p2a: Zacian|Zacian|100\/100\n|-ability|p2a: Zacian|Intrepid Sword|boost\n|-boost|p2a: Zacian|atk|1\n|turn|8\n|\n|t:|1700356634\n|move|p1a: Walking Wake|Flamethrower|p2a: Zacian\n|-damage|p2a: Zacian|54\/100\n|move|p2a: Zacian|Crunch|p1a: Walking Wake\n|-damage|p1a: Walking Wake|2\/100\n|-unboost|p1a: Walking Wake|def|1\n|\n|upkeep\n|turn|9\n|c|\u2606meisgroot1|Wait wott\n|\n|t:|1700356652\n|move|p1a: Walking Wake|Flamethrower|p2a: Zacian\n|-damage|p2a: Zacian|13\/100\n|move|p2a: Zacian|Crunch|p1a: Walking Wake\n|-damage|p1a: Walking Wake|0 fnt\n|faint|p1a: Walking Wake\n|-end|p1a: Walking Wake|Protosynthesis|[silent]\n|\n|upkeep\n|\n|t:|1700356665\n|switch|p1a: Dragapult|Dragapult, M|100\/100\n|turn|10\n|\n|t:|1700356674\n|move|p1a: Dragapult|Psychic Fangs|p2a: Zacian\n|-damage|p2a: Zacian|0 fnt\n|faint|p2a: Zacian\n|-damage|p1a: Dragapult|91\/100|[from] item: Life Orb\n|\n|upkeep\n|\n|t:|1700356681\n|switch|p2a: Chi-Yu|Chi-Yu|100\/100\n|-ability|p2a: Chi-Yu|Beads of Ruin\n|turn|11\n|\n|t:|1700356702\n|move|p2a: Chi-Yu|Dark Pulse|p1a: Dragapult\n|-supereffective|p1a: Dragapult\n|-damage|p1a: Dragapult|0 fnt\n|faint|p1a: Dragapult\n|\n|upkeep\n|c|\u2606meisgroot1|gg\n|\n|t:|1700356714\n|switch|p1a: Zacian|Zacian, shiny|100\/100\n|-ability|p1a: Zacian|Intrepid Sword|boost\n|-boost|p1a: Zacian|atk|1\n|turn|12\n|\n|t:|1700356721\n|switch|p2a: Baxcalibur|Baxcalibur, M|100\/100\n|move|p1a: Zacian|Close Combat|p2a: Baxcalibur\n|-supereffective|p2a: Baxcalibur\n|-damage|p2a: Baxcalibur|0 fnt\n|-unboost|p1a: Zacian|def|1\n|-unboost|p1a: Zacian|spd|1\n|faint|p2a: Baxcalibur\n|\n|upkeep\n|\n|t:|1700356723\n|switch|p2a: Ninetales|Ninetales-Alola, F|100\/100\n|-weather|Snow|[from] ability: Snow Warning|[of] p2a: Ninetales\n|turn|13\n|c|\u2606meisgroot1|oh\n|\n|t:|1700356735\n|switch|p1a: Zamazenta|Zamazenta-Crowned, shiny|100\/100\n|-ability|p1a: Zamazenta|Dauntless Shield|boost\n|-boost|p1a: Zamazenta|def|1\n|move|p2a: Ninetales|Roar|p1a: Zamazenta\n|drag|p1a: Zacian|Zacian, shiny|100\/100\n|\n|-weather|Snow|[upkeep]\n|upkeep\n|turn|14\n|\n|t:|1700356745\n|move|p1a: Zacian|Psychic Fangs|p2a: Ninetales\n|-damage|p2a: Ninetales|67\/100\n|move|p2a: Ninetales|Aurora Veil|p2a: Ninetales\n|-sidestart|p2: Acetraineraegis|move: Aurora Veil\n|\n|-weather|Snow|[upkeep]\n|upkeep\n|turn|15\n|\n|t:|1700356758\n|switch|p2a: Arceus|Arceus-Ice|100\/100\n|move|p1a: Zacian|Psychic Fangs|p2a: Arceus\n|-sideend|p2: Acetraineraegis|move: Aurora Veil\n|-damage|p2a: Arceus|83\/100\n|\n|-weather|Snow|[upkeep]\n|upkeep\n|turn|16\n|\n|t:|1700356766\n|switch|p1a: Zamazenta|Zamazenta-Crowned, shiny|100\/100\n|move|p2a: Arceus|Calm Mind|p2a: Arceus\n|-boost|p2a: Arceus|spa|1\n|-boost|p2a: Arceus|spd|1\n|\n|-weather|Snow|[upkeep]\n|upkeep\n|turn|17\n|\n|t:|1700356773\n|-terastallize|p2a: Arceus|Fire\n|move|p1a: Zamazenta|Iron Defense|p1a: Zamazenta\n|-boost|p1a: Zamazenta|def|2\n|move|p2a: Arceus|Calm Mind|p2a: Arceus\n|-boost|p2a: Arceus|spa|1\n|-boost|p2a: Arceus|spd|1\n|\n|-weather|none\n|upkeep\n|turn|18\n|\n|t:|1700356787\n|move|p1a: Zamazenta|Body Press|p2a: Arceus\n|-damage|p2a: Arceus|32\/100\n|move|p2a: Arceus|Thunderbolt|p1a: Zamazenta\n|-damage|p1a: Zamazenta|65\/100\n|\n|upkeep\n|turn|19\n|\n|t:|1700356794\n|move|p1a: Zamazenta|Body Press|p2a: Arceus\n|-damage|p2a: Arceus|0 fnt\n|faint|p2a: Arceus\n|\n|upkeep\n|\n|t:|1700356795\n|switch|p2a: Chi-Yu|Chi-Yu|100\/100\n|-ability|p2a: Chi-Yu|Beads of Ruin\n|turn|20\n|\n|t:|1700356803\n|move|p2a: Chi-Yu|Flamethrower|p1a: Zamazenta\n|-supereffective|p1a: Zamazenta\n|-damage|p1a: Zamazenta|0 fnt\n|faint|p1a: Zamazenta\n|\n|upkeep\n|\n|t:|1700356809\n|switch|p1a: Zacian|Zacian, shiny|100\/100\n|turn|21\n|\n|t:|1700356842\n|switch|p2a: Ninetales|Ninetales-Alola, F|67\/100\n|-weather|Snow|[from] ability: Snow Warning|[of] p2a: Ninetales\n|move|p1a: Zacian|Close Combat|p2a: Ninetales\n|-damage|p2a: Ninetales|21\/100\n|-unboost|p1a: Zacian|def|1\n|-unboost|p1a: Zacian|spd|1\n|\n|-weather|Snow|[upkeep]\n|upkeep\n|turn|22\n|\n|t:|1700356851\n|move|p1a: Zacian|Close Combat|p2a: Ninetales\n|-damage|p2a: Ninetales|0 fnt\n|-unboost|p1a: Zacian|def|1\n|-unboost|p1a: Zacian|spd|1\n|faint|p2a: Ninetales\n|\n|-weather|Snow|[upkeep]\n|upkeep\n|\n|t:|1700356853\n|switch|p2a: Chi-Yu|Chi-Yu|100\/100\n|-ability|p2a: Chi-Yu|Beads of Ruin\n|turn|23\n|c|\u2606meisgroot1|wpgg\n|\n|t:|1700356901\n|move|p2a: Chi-Yu|Flamethrower|p1a: Zacian\n|-damage|p1a: Zacian|0 fnt\n|faint|p1a: Zacian\n|\n|win|Acetraineraegis\n|c|\u2606Acetraineraegis|Gg\n","uploadtime":1700356909,"views":27,"p1id":"meisgroot1","p2id":"acetraineraegis","formatid":"gen9ubers","rating":0,"private":0,"password":""}