{"id":"gen9ubers-1981396398","p1":"Kabunger","p2":"blookinator","format":"[Gen 9] Ubers","log":"|j|\u2606Kabunger\n|j|\u2606blookinator\n|t:|1698891200\n|gametype|singles\n|player|p1|Kabunger|hilda-wonderlauncher|\n|player|p2|blookinator|eusine|\n|teamsize|p1|6\n|teamsize|p2|6\n|gen|9\n|tier|[Gen 9] Ubers\n|rule|Sleep Clause Mod: Limit one foe put to sleep\n|rule|Species Clause: Limit one of each Pok\u00e9mon\n|rule|OHKO Clause: OHKO moves are banned\n|rule|Evasion Items Clause: Evasion items are banned\n|rule|Evasion Moves Clause: Evasion moves are banned\n|rule|Endless Battle Clause: Forcing endless battles is banned\n|rule|HP Percentage Mod: HP is shown in percentages\n|clearpoke\n|poke|p1|Torkoal, F|\n|poke|p1|Walking Wake|\n|poke|p1|Grafaiai, M|\n|poke|p1|Zacian-*|\n|poke|p1|Chi-Yu|\n|poke|p1|Cyclizar, M|\n|poke|p2|Arceus-Poison|\n|poke|p2|Zacian-*|\n|poke|p2|Ninetales-Alola, F|\n|poke|p2|Ogerpon-Wellspring, F|\n|poke|p2|Dondozo, M|\n|poke|p2|Shaymin-Sky|\n|teampreview\n|\n|t:|1698891213\n|start\n|switch|p1a: AIYAH GG'S|Grafaiai, M|100\/100\n|switch|p2a: Dondozo|Dondozo, M|100\/100\n|turn|1\n|inactive|Battle timer is ON: inactive players will automatically lose when time's up. (requested by Kabunger)\n|\n|t:|1698891221\n|switch|p1a: Torkoal|Torkoal, F|100\/100\n|-weather|SunnyDay|[from] ability: Drought|[of] p1a: Torkoal\n|move|p2a: Dondozo|Substitute|p2a: Dondozo\n|-start|p2a: Dondozo|Substitute\n|-damage|p2a: Dondozo|75\/100\n|\n|-weather|SunnyDay|[upkeep]\n|-heal|p2a: Dondozo|82\/100|[from] item: Leftovers\n|upkeep\n|turn|2\n|\n|t:|1698891232\n|switch|p1a: Walking Wake|Walking Wake|100\/100\n|-activate|p1a: Walking Wake|ability: Protosynthesis\n|-start|p1a: Walking Wake|protosynthesisspe\n|move|p2a: Dondozo|Curse|p2a: Dondozo\n|-unboost|p2a: Dondozo|spe|1\n|-boost|p2a: Dondozo|atk|1\n|-boost|p2a: Dondozo|def|1\n|\n|-weather|SunnyDay|[upkeep]\n|-heal|p2a: Dondozo|88\/100|[from] item: Leftovers\n|upkeep\n|turn|3\n|\n|t:|1698891255\n|move|p1a: Walking Wake|Hydro Steam|p2a: Dondozo\n|-resisted|p2a: Dondozo\n|-end|p2a: Dondozo|Substitute\n|move|p2a: Dondozo|Facade|p1a: Walking Wake\n|-damage|p1a: Walking Wake|75\/100\n|\n|-weather|SunnyDay|[upkeep]\n|-heal|p2a: Dondozo|94\/100|[from] item: Leftovers\n|upkeep\n|turn|4\n|\n|t:|1698891269\n|-end|p1a: Walking Wake|Protosynthesis|[silent]\n|switch|p1a: Chi-Yu|Chi-Yu|100\/100\n|-ability|p1a: Chi-Yu|Beads of Ruin\n|switch|p2a: Ogerpon|Ogerpon-Wellspring, F|100\/100\n|\n|-weather|SunnyDay|[upkeep]\n|upkeep\n|turn|5\n|\n|t:|1698891283\n|-terastallize|p2a: Ogerpon|Water\n|detailschange|p2a: Ogerpon|Ogerpon-Wellspring-Tera, F, tera:Water\n|-ability|p2a: Ogerpon|Embody Aspect (Wellspring)|boost\n|-boost|p2a: Ogerpon|spd|1\n|move|p1a: Chi-Yu|Overheat|p2a: Ogerpon\n|-resisted|p2a: Ogerpon\n|-damage|p2a: Ogerpon|38\/100\n|-unboost|p1a: Chi-Yu|spa|2\n|move|p2a: Ogerpon|Ivy Cudgel|p1a: Chi-Yu\n|-supereffective|p1a: Chi-Yu\n|-damage|p1a: Chi-Yu|0 fnt\n|faint|p1a: Chi-Yu\n|\n|-weather|none\n|upkeep\n|\n|t:|1698891300\n|switch|p1a: Zacian|Zacian|100\/100\n|-ability|p1a: Zacian|Intrepid Sword|boost\n|-boost|p1a: Zacian|atk|1\n|turn|6\n|\n|t:|1698891309\n|switch|p2a: Dondozo|Dondozo, M|94\/100\n|move|p1a: Zacian|Play Rough|p2a: Dondozo\n|-damage|p2a: Dondozo|64\/100\n|\n|-heal|p2a: Dondozo|70\/100|[from] item: Leftovers\n|upkeep\n|turn|7\n|\n|t:|1698891319\n|switch|p1a: AIYAH GG'S|Grafaiai, M|100\/100\n|move|p2a: Dondozo|Curse|p2a: Dondozo\n|-unboost|p2a: Dondozo|spe|1\n|-boost|p2a: Dondozo|atk|1\n|-boost|p2a: Dondozo|def|1\n|\n|-heal|p2a: Dondozo|76\/100|[from] item: Leftovers\n|upkeep\n|turn|8\n|\n|t:|1698891330\n|switch|p2a: Arceus|Arceus-Poison|100\/100\n|move|p1a: AIYAH GG'S|Encore||[still]\n|-fail|p1a: AIYAH GG'S\n|\n|upkeep\n|turn|9\n|\n|t:|1698891359\n|switch|p1a: Torkoal|Torkoal, F|100\/100\n|-weather|SunnyDay|[from] ability: Drought|[of] p1a: Torkoal\n|switch|p2a: Ogerpon|Ogerpon-Wellspring-Tera, F, tera:Water|38\/100\n|-ability|p2a: Ogerpon|Embody Aspect (Wellspring)|boost\n|-boost|p2a: Ogerpon|spd|1\n|\n|-weather|SunnyDay|[upkeep]\n|upkeep\n|turn|10\n|\n|t:|1698891373\n|switch|p1a: Walking Wake|Walking Wake|75\/100\n|-activate|p1a: Walking Wake|ability: Protosynthesis\n|-start|p1a: Walking Wake|protosynthesisspe\n|move|p2a: Ogerpon|Horn Leech|p1a: Walking Wake\n|-damage|p1a: Walking Wake|27\/100\n|-heal|p2a: Ogerpon|66\/100|[from] drain|[of] p1a: Walking Wake\n|\n|-weather|SunnyDay|[upkeep]\n|upkeep\n|turn|11\n|\n|t:|1698891389\n|switch|p2a: Dondozo|Dondozo, M|76\/100\n|move|p1a: Walking Wake|Flip Turn|p2a: Dondozo\n|-resisted|p2a: Dondozo\n|-damage|p2a: Dondozo|74\/100\n|\n|t:|1698891394\n|-end|p1a: Walking Wake|Protosynthesis|[silent]\n|switch|p1a: Zacian|Zacian|100\/100|[from] Flip Turn\n|\n|-weather|SunnyDay|[upkeep]\n|-heal|p2a: Dondozo|80\/100|[from] item: Leftovers\n|upkeep\n|turn|12\n|\n|t:|1698891399\n|move|p1a: Zacian|Solar Blade||[still]\n|-prepare|p1a: Zacian|Solar Blade\n|-anim|p1a: Zacian|Solar Blade|p2a: Dondozo\n|-supereffective|p2a: Dondozo\n|-damage|p2a: Dondozo|24\/100\n|move|p2a: Dondozo|Substitute|p2a: Dondozo\n|-fail|p2a: Dondozo|move: Substitute|[weak]\n|\n|-weather|SunnyDay|[upkeep]\n|-heal|p2a: Dondozo|30\/100|[from] item: Leftovers\n|upkeep\n|turn|13\n|\n|t:|1698891411\n|switch|p2a: Ninetales|Ninetales-Alola, F|100\/100\n|-weather|Snow|[from] ability: Snow Warning|[of] p2a: Ninetales\n|move|p1a: Zacian|Swords Dance|p1a: Zacian\n|-boost|p1a: Zacian|atk|2\n|\n|-weather|Snow|[upkeep]\n|upkeep\n|turn|14\n|inactive|blookinator has 270 seconds left.\n|\n|t:|1698891444\n|switch|p2a: Shaymin|Shaymin-Sky|100\/100\n|-terastallize|p1a: Zacian|Fire\n|move|p1a: Zacian|Tera Blast|p2a: Shaymin|[anim] Tera Blast Fire\n|-supereffective|p2a: Shaymin\n|-damage|p2a: Shaymin|0 fnt\n|faint|p2a: Shaymin\n|\n|-weather|Snow|[upkeep]\n|upkeep\n|\n|t:|1698891453\n|switch|p2a: Zacian|Zacian|100\/100\n|-ability|p2a: Zacian|Intrepid Sword|boost\n|-boost|p2a: Zacian|atk|1\n|turn|15\n|\n|t:|1698891458\n|move|p2a: Zacian|Iron Head|p1a: Zacian\n|-resisted|p1a: Zacian\n|-damage|p1a: Zacian|76\/100\n|cant|p1a: Zacian|flinch\n|\n|-weather|Snow|[upkeep]\n|upkeep\n|turn|16\n|inactive|blookinator has 270 seconds left.\n|\n|t:|1698891479\n|switch|p2a: Dondozo|Dondozo, M|30\/100\n|move|p1a: Zacian|Play Rough|p2a: Dondozo\n|-damage|p2a: Dondozo|0 fnt\n|faint|p2a: Dondozo\n|\n|-weather|Snow|[upkeep]\n|upkeep\n|\n|t:|1698891483\n|switch|p2a: Zacian|Zacian|100\/100\n|turn|17\n|\n|t:|1698891487\n|move|p2a: Zacian|Close Combat|p1a: Zacian\n|-damage|p1a: Zacian|18\/100\n|-unboost|p2a: Zacian|def|1\n|-unboost|p2a: Zacian|spd|1\n|move|p1a: Zacian|Play Rough|p2a: Zacian\n|-damage|p2a: Zacian|0 fnt\n|faint|p2a: Zacian\n|\n|-weather|none\n|upkeep\n|\n|t:|1698891494\n|switch|p2a: Arceus|Arceus-Poison|100\/100\n|turn|18\n|\n|t:|1698891498\n|move|p2a: Arceus|Extreme Speed|p1a: Zacian\n|-damage|p1a: Zacian|0 fnt\n|faint|p1a: Zacian\n|\n|upkeep\n|\n|t:|1698891502\n|switch|p1a: Torkoal|Torkoal, F|100\/100\n|-weather|SunnyDay|[from] ability: Drought|[of] p1a: Torkoal\n|turn|19\n|\n|t:|1698891508\n|switch|p2a: Ninetales|Ninetales-Alola, F|100\/100\n|-weather|Snow|[from] ability: Snow Warning|[of] p2a: Ninetales\n|move|p1a: Torkoal|Will-O-Wisp|p2a: Ninetales\n|-status|p2a: Ninetales|brn\n|\n|-weather|Snow|[upkeep]\n|-damage|p2a: Ninetales|95\/100 brn|[from] brn\n|upkeep\n|turn|20\n|\n|t:|1698891512\n|move|p2a: Ninetales|Aurora Veil|p2a: Ninetales\n|-sidestart|p2: blookinator|move: Aurora Veil\n|move|p1a: Torkoal|Shell Smash|p1a: Torkoal\n|-unboost|p1a: Torkoal|def|1\n|-unboost|p1a: Torkoal|spd|1\n|-boost|p1a: Torkoal|atk|2\n|-boost|p1a: Torkoal|spa|2\n|-boost|p1a: Torkoal|spe|2\n|-enditem|p1a: Torkoal|Eject Pack\n|\n|t:|1698891515\n|switch|p1a: AIYAH GG'S|Grafaiai, M|100\/100\n|\n|-weather|Snow|[upkeep]\n|-damage|p2a: Ninetales|89\/100 brn|[from] brn\n|upkeep\n|turn|21\n|\n|t:|1698891523\n|switch|p2a: Ogerpon|Ogerpon-Wellspring-Tera, F, tera:Water|66\/100\n|-ability|p2a: Ogerpon|Embody Aspect (Wellspring)|boost\n|-boost|p2a: Ogerpon|spd|1\n|move|p1a: AIYAH GG'S|Copycat|p1a: AIYAH GG'S\n|move|p1a: AIYAH GG'S|Shell Smash|p1a: AIYAH GG'S|[from]move: Copycat\n|-unboost|p1a: AIYAH GG'S|def|1\n|-unboost|p1a: AIYAH GG'S|spd|1\n|-boost|p1a: AIYAH GG'S|atk|2\n|-boost|p1a: AIYAH GG'S|spa|2\n|-boost|p1a: AIYAH GG'S|spe|2\n|\n|-weather|Snow|[upkeep]\n|upkeep\n|turn|22\n|\n|t:|1698891535\n|move|p1a: AIYAH GG'S|Poison Jab|p2a: Ogerpon\n|-damage|p2a: Ogerpon|18\/100\n|move|p2a: Ogerpon|Ivy Cudgel|p1a: AIYAH GG'S\n|-enditem|p1a: AIYAH GG'S|Focus Sash\n|-damage|p1a: AIYAH GG'S|1\/100\n|\n|-weather|Snow|[upkeep]\n|upkeep\n|turn|23\n|\n|t:|1698891544\n|switch|p2a: Arceus|Arceus-Poison|100\/100\n|move|p1a: AIYAH GG'S|Poison Jab|p2a: Arceus\n|-resisted|p2a: Arceus\n|-damage|p2a: Arceus|89\/100\n|\n|-weather|none\n|upkeep\n|turn|24\n|\n|t:|1698891550\n|switch|p1a: Torkoal|Torkoal, F|100\/100\n|-weather|SunnyDay|[from] ability: Drought|[of] p1a: Torkoal\n|move|p2a: Arceus|Extreme Speed|p1a: Torkoal\n|-damage|p1a: Torkoal|86\/100\n|\n|-weather|SunnyDay|[upkeep]\n|upkeep\n|turn|25\n|\n|t:|1698891559\n|move|p2a: Arceus|Swords Dance|p2a: Arceus\n|-boost|p2a: Arceus|atk|2\n|move|p1a: Torkoal|Will-O-Wisp|p2a: Arceus\n|-status|p2a: Arceus|brn\n|\n|-weather|SunnyDay|[upkeep]\n|-damage|p2a: Arceus|83\/100 brn|[from] brn\n|upkeep\n|turn|26\n|\n|t:|1698891561\n|move|p2a: Arceus|Swords Dance|p2a: Arceus\n|-boost|p2a: Arceus|atk|2\n|move|p1a: Torkoal|Lava Plume|p2a: Arceus\n|-damage|p2a: Arceus|70\/100 brn\n|\n|-weather|SunnyDay|[upkeep]\n|-damage|p2a: Arceus|64\/100 brn|[from] brn\n|upkeep\n|turn|27\n|\n|t:|1698891564\n|move|p2a: Arceus|Recover|p2a: Arceus\n|-heal|p2a: Arceus|100\/100 brn\n|move|p1a: Torkoal|Lava Plume|p2a: Arceus\n|-damage|p2a: Arceus|89\/100 brn\n|\n|-weather|SunnyDay|[upkeep]\n|-damage|p2a: Arceus|83\/100 brn|[from] brn\n|-sideend|p2: blookinator|move: Aurora Veil\n|upkeep\n|turn|28\n|\n|t:|1698891568\n|switch|p1a: AIYAH GG'S|Grafaiai, M|1\/100\n|move|p2a: Arceus|Swords Dance|p2a: Arceus\n|-boost|p2a: Arceus|atk|2\n|\n|-weather|none\n|-damage|p2a: Arceus|77\/100 brn|[from] brn\n|upkeep\n|turn|29\n|\n|t:|1698891575\n|switch|p1a: Torkoal|Torkoal, F|86\/100\n|-weather|SunnyDay|[from] ability: Drought|[of] p1a: Torkoal\n|move|p2a: Arceus|Extreme Speed|p1a: Torkoal\n|-damage|p1a: Torkoal|57\/100\n|\n|-weather|SunnyDay|[upkeep]\n|-damage|p2a: Arceus|71\/100 brn|[from] brn\n|upkeep\n|turn|30\n|\n|t:|1698891580\n|move|p2a: Arceus|Extreme Speed|p1a: Torkoal\n|-damage|p1a: Torkoal|25\/100\n|move|p1a: Torkoal|Lava Plume|p2a: Arceus\n|-damage|p2a: Arceus|46\/100 brn\n|\n|-weather|SunnyDay|[upkeep]\n|-damage|p2a: Arceus|39\/100 brn|[from] brn\n|upkeep\n|turn|31\n|\n|t:|1698891583\n|move|p2a: Arceus|Recover|p2a: Arceus\n|-heal|p2a: Arceus|89\/100 brn\n|move|p1a: Torkoal|Lava Plume|p2a: Arceus\n|-damage|p2a: Arceus|63\/100 brn\n|\n|-weather|SunnyDay|[upkeep]\n|-damage|p2a: Arceus|57\/100 brn|[from] brn\n|upkeep\n|turn|32\n|\n|t:|1698891585\n|move|p2a: Arceus|Recover|p2a: Arceus\n|-heal|p2a: Arceus|100\/100 brn\n|move|p1a: Torkoal|Lava Plume|p2a: Arceus\n|-damage|p2a: Arceus|77\/100 brn\n|\n|-weather|SunnyDay|[upkeep]\n|-damage|p2a: Arceus|71\/100 brn|[from] brn\n|upkeep\n|turn|33\n|\n|t:|1698891590\n|move|p2a: Arceus|Extreme Speed|p1a: Torkoal\n|-damage|p1a: Torkoal|0 fnt\n|faint|p1a: Torkoal\n|\n|-weather|none\n|-damage|p2a: Arceus|65\/100 brn|[from] brn\n|upkeep\n|\n|t:|1698891592\n|switch|p1a: Cyclizar|Cyclizar, M|100\/100\n|turn|34\n|\n|t:|1698891597\n|move|p2a: Arceus|Extreme Speed|p1a: Cyclizar\n|-damage|p1a: Cyclizar|30\/100\n|move|p1a: Cyclizar|Knock Off|p2a: Arceus\n|-damage|p2a: Arceus|56\/100 brn\n|\n|-damage|p2a: Arceus|50\/100 brn|[from] brn\n|upkeep\n|turn|35\n|\n|t:|1698891603\n|move|p2a: Arceus|Extreme Speed|p1a: Cyclizar\n|-damage|p1a: Cyclizar|0 fnt\n|faint|p1a: Cyclizar\n|\n|-damage|p2a: Arceus|44\/100 brn|[from] brn\n|upkeep\n|\n|t:|1698891605\n|switch|p1a: AIYAH GG'S|Grafaiai, M|1\/100\n|turn|36\n|\n|t:|1698891608\n|move|p2a: Arceus|Extreme Speed|p1a: AIYAH GG'S\n|-damage|p1a: AIYAH GG'S|0 fnt\n|faint|p1a: AIYAH GG'S\n|\n|-damage|p2a: Arceus|38\/100 brn|[from] brn\n|upkeep\n|\n|t:|1698891610\n|switch|p1a: Walking Wake|Walking Wake|27\/100\n|turn|37\n|c|\u2606Kabunger|gg\n|\n|t:|1698891617\n|move|p1a: Walking Wake|Hydro Steam|p2a: Arceus\n|-damage|p2a: Arceus|0 fnt\n|faint|p2a: Arceus\n|\n|upkeep\n|\n|t:|1698891621\n|switch|p2a: Ninetales|Ninetales-Alola, F|89\/100 brn\n|-weather|Snow|[from] ability: Snow Warning|[of] p2a: Ninetales\n|turn|38\n|\n|t:|1698891625\n|move|p1a: Walking Wake|Hydro Steam|p2a: Ninetales\n|-damage|p2a: Ninetales|17\/100 brn\n|move|p2a: Ninetales|Moonblast|p1a: Walking Wake\n|-supereffective|p1a: Walking Wake\n|-damage|p1a: Walking Wake|0 fnt\n|faint|p1a: Walking Wake\n|-end|p1a: Walking Wake|Protosynthesis|[silent]\n|\n|win|blookinator\n|l|\u2606blookinator\n","uploadtime":1698891643,"views":19,"p1id":"kabunger","p2id":"blookinator","formatid":"gen9ubers","rating":0,"private":0,"password":""}