{"id":"gen9ubers-1969268000","p1":"Underhours","p2":"kirimissing","format":"[Gen 9] Ubers","log":"|j|\u2606Underhours\n|j|\u2606kirimissing\n|t:|1697507943\n|gametype|singles\n|player|p1|Underhours|brock-gen2|\n|player|p2|kirimissing|clair|\n|teamsize|p1|6\n|teamsize|p2|6\n|gen|9\n|tier|[Gen 9] Ubers\n|rule|Sleep Clause Mod: Limit one foe put to sleep\n|rule|Species Clause: Limit one of each Pok\u00e9mon\n|rule|OHKO Clause: OHKO moves are banned\n|rule|Evasion Items Clause: Evasion items are banned\n|rule|Evasion Moves Clause: Evasion moves are banned\n|rule|Endless Battle Clause: Forcing endless battles is banned\n|rule|HP Percentage Mod: HP is shown in percentages\n|clearpoke\n|poke|p1|Heatran, F|\n|poke|p1|Zacian-*|\n|poke|p1|Magearna|\n|poke|p1|Arceus-Poison|\n|poke|p1|Chi-Yu|\n|poke|p1|Cyclizar, M|\n|poke|p2|Ninetales-Alola, F|\n|poke|p2|Scizor, F|\n|poke|p2|Darkrai|\n|poke|p2|Magearna|\n|poke|p2|Haxorus, F|\n|poke|p2|Giratina|\n|teampreview\n|inactive|Battle timer is ON: inactive players will automatically lose when time's up. (requested by Underhours)\n|c|\u2606kirimissing|glhf\n|c|\u2606Underhours|u2\n|inactive|Underhours has 270 seconds left.\n|\n|t:|1697507979\n|start\n|switch|p1a: \u227d^\u2022\u2a4a\u2022^\u227c|Heatran, F|100\/100\n|switch|p2a: Darkrai|Darkrai|100\/100\n|turn|1\n|\n|t:|1697507996\n|move|p2a: Darkrai|Hypnosis|p1a: \u227d^\u2022\u2a4a\u2022^\u227c\n|-status|p1a: \u227d^\u2022\u2a4a\u2022^\u227c|slp|[from] move: Hypnosis\n|cant|p1a: \u227d^\u2022\u2a4a\u2022^\u227c|slp\n|\n|-damage|p1a: \u227d^\u2022\u2a4a\u2022^\u227c|88\/100 slp|[from] ability: Bad Dreams|[of] p2a: Darkrai\n|upkeep\n|turn|2\n|\n|t:|1697508004\n|switch|p2a: Ninetales|Ninetales-Alola, F|100\/100\n|-weather|Snow|[from] ability: Snow Warning|[of] p2a: Ninetales\n|switch|p1a: Magearna|Magearna|100\/100\n|\n|-weather|Snow|[upkeep]\n|upkeep\n|turn|3\n|\n|t:|1697508017\n|switch|p2a: Magearna|Magearna|100\/100\n|switch|p1a: Chi-Yu|Chi-Yu|100\/100\n|-ability|p1a: Chi-Yu|Beads of Ruin\n|\n|-weather|Snow|[upkeep]\n|upkeep\n|turn|4\n|\n|t:|1697508033\n|switch|p2a: Giratina|Giratina|100\/100\n|-ability|p2a: Giratina|Pressure\n|move|p1a: Chi-Yu|Overheat|p2a: Giratina\n|-resisted|p2a: Giratina\n|-damage|p2a: Giratina|63\/100\n|-unboost|p1a: Chi-Yu|spa|2\n|\n|-weather|Snow|[upkeep]\n|-heal|p2a: Giratina|69\/100|[from] item: Leftovers\n|upkeep\n|turn|5\n|\n|t:|1697508046\n|switch|p1a: \u227d^\u2022\u2a4a\u2022^\u227c|Heatran, F|88\/100 slp\n|move|p2a: Giratina|Draco Meteor|p1a: \u227d^\u2022\u2a4a\u2022^\u227c\n|-resisted|p1a: \u227d^\u2022\u2a4a\u2022^\u227c\n|-damage|p1a: \u227d^\u2022\u2a4a\u2022^\u227c|72\/100 slp\n|-unboost|p2a: Giratina|spa|2\n|\n|-weather|Snow|[upkeep]\n|-heal|p2a: Giratina|75\/100|[from] item: Leftovers\n|-heal|p1a: \u227d^\u2022\u2a4a\u2022^\u227c|78\/100 slp|[from] item: Leftovers\n|upkeep\n|turn|6\n|\n|t:|1697508057\n|switch|p2a: Darkrai|Darkrai|100\/100\n|-curestatus|p1a: \u227d^\u2022\u2a4a\u2022^\u227c|slp|[msg]\n|move|p1a: \u227d^\u2022\u2a4a\u2022^\u227c|Magma Storm|p2a: Darkrai\n|-damage|p2a: Darkrai|40\/100\n|-activate|p2a: Darkrai|move: Magma Storm|[of] p1a: \u227d^\u2022\u2a4a\u2022^\u227c\n|\n|-weather|none\n|-heal|p1a: \u227d^\u2022\u2a4a\u2022^\u227c|84\/100|[from] item: Leftovers\n|-damage|p2a: Darkrai|27\/100|[from] move: Magma Storm|[partiallytrapped]\n|upkeep\n|turn|7\n|\n|t:|1697508068\n|move|p2a: Darkrai|Thunder Wave|p1a: \u227d^\u2022\u2a4a\u2022^\u227c\n|-status|p1a: \u227d^\u2022\u2a4a\u2022^\u227c|par\n|move|p1a: \u227d^\u2022\u2a4a\u2022^\u227c|Body Press|p2a: Darkrai\n|-supereffective|p2a: Darkrai\n|-damage|p2a: Darkrai|0 fnt\n|faint|p2a: Darkrai\n|\n|-heal|p1a: \u227d^\u2022\u2a4a\u2022^\u227c|90\/100 par|[from] item: Leftovers\n|upkeep\n|\n|t:|1697508078\n|switch|p2a: Haxorus|Haxorus, F|100\/100\n|-ability|p2a: Haxorus|Mold Breaker\n|turn|8\n|\n|t:|1697508090\n|move|p2a: Haxorus|Swords Dance|p2a: Haxorus\n|-boost|p2a: Haxorus|atk|2\n|cant|p1a: \u227d^\u2022\u2a4a\u2022^\u227c|par\n|\n|-heal|p1a: \u227d^\u2022\u2a4a\u2022^\u227c|97\/100 par|[from] item: Leftovers\n|upkeep\n|turn|9\n|\n|t:|1697508106\n|move|p2a: Haxorus|Swords Dance|p2a: Haxorus\n|-boost|p2a: Haxorus|atk|2\n|cant|p1a: \u227d^\u2022\u2a4a\u2022^\u227c|par\n|\n|-heal|p1a: \u227d^\u2022\u2a4a\u2022^\u227c|100\/100 par|[from] item: Leftovers\n|upkeep\n|turn|10\n|c|\u2606Underhours|:(\n|\n|t:|1697508113\n|move|p2a: Haxorus|Scale Shot|p1a: \u227d^\u2022\u2a4a\u2022^\u227c\n|-resisted|p1a: \u227d^\u2022\u2a4a\u2022^\u227c\n|-damage|p1a: \u227d^\u2022\u2a4a\u2022^\u227c|87\/100 par\n|-resisted|p1a: \u227d^\u2022\u2a4a\u2022^\u227c\n|-damage|p1a: \u227d^\u2022\u2a4a\u2022^\u227c|74\/100 par\n|-resisted|p1a: \u227d^\u2022\u2a4a\u2022^\u227c\n|-damage|p1a: \u227d^\u2022\u2a4a\u2022^\u227c|59\/100 par\n|-resisted|p1a: \u227d^\u2022\u2a4a\u2022^\u227c\n|-damage|p1a: \u227d^\u2022\u2a4a\u2022^\u227c|47\/100 par\n|-resisted|p1a: \u227d^\u2022\u2a4a\u2022^\u227c\n|-damage|p1a: \u227d^\u2022\u2a4a\u2022^\u227c|33\/100 par\n|-hitcount|p1a: \u227d^\u2022\u2a4a\u2022^\u227c|5\n|-unboost|p2a: Haxorus|def|1\n|-boost|p2a: Haxorus|spe|1\n|move|p1a: \u227d^\u2022\u2a4a\u2022^\u227c|Will-O-Wisp|p2a: Haxorus|[miss]\n|-miss|p1a: \u227d^\u2022\u2a4a\u2022^\u227c|p2a: Haxorus\n|\n|-heal|p1a: \u227d^\u2022\u2a4a\u2022^\u227c|40\/100 par|[from] item: Leftovers\n|upkeep\n|turn|11\n|c|\u2606Underhours|jesus\n|c|\u2606kirimissing|thats unlucky af\n|\n|t:|1697508133\n|move|p2a: Haxorus|Scale Shot|p1a: \u227d^\u2022\u2a4a\u2022^\u227c|[miss]\n|-miss|p2a: Haxorus|p1a: \u227d^\u2022\u2a4a\u2022^\u227c\n|move|p1a: \u227d^\u2022\u2a4a\u2022^\u227c|Will-O-Wisp|p2a: Haxorus\n|-status|p2a: Haxorus|brn\n|\n|-heal|p1a: \u227d^\u2022\u2a4a\u2022^\u227c|46\/100 par|[from] item: Leftovers\n|-damage|p2a: Haxorus|94\/100 brn|[from] brn\n|upkeep\n|turn|12\n|c|\u2606Underhours|haha\n|c|\u2606Underhours|karma always comes thru :p\n|\n|t:|1697508149\n|move|p2a: Haxorus|Scale Shot|p1a: \u227d^\u2022\u2a4a\u2022^\u227c\n|-resisted|p1a: \u227d^\u2022\u2a4a\u2022^\u227c\n|-damage|p1a: \u227d^\u2022\u2a4a\u2022^\u227c|39\/100 par\n|-resisted|p1a: \u227d^\u2022\u2a4a\u2022^\u227c\n|-damage|p1a: \u227d^\u2022\u2a4a\u2022^\u227c|33\/100 par\n|-resisted|p1a: \u227d^\u2022\u2a4a\u2022^\u227c\n|-damage|p1a: \u227d^\u2022\u2a4a\u2022^\u227c|26\/100 par\n|-resisted|p1a: \u227d^\u2022\u2a4a\u2022^\u227c\n|-damage|p1a: \u227d^\u2022\u2a4a\u2022^\u227c|20\/100 par\n|-resisted|p1a: \u227d^\u2022\u2a4a\u2022^\u227c\n|-damage|p1a: \u227d^\u2022\u2a4a\u2022^\u227c|13\/100 par\n|-hitcount|p1a: \u227d^\u2022\u2a4a\u2022^\u227c|5\n|-unboost|p2a: Haxorus|def|1\n|-boost|p2a: Haxorus|spe|1\n|cant|p1a: \u227d^\u2022\u2a4a\u2022^\u227c|par\n|\n|-heal|p1a: \u227d^\u2022\u2a4a\u2022^\u227c|19\/100 par|[from] item: Leftovers\n|-damage|p2a: Haxorus|88\/100 brn|[from] brn\n|upkeep\n|turn|13\n|c|\u2606kirimissing|its not karma if we are both unlucky tho true\n|\n|t:|1697508170\n|-terastallize|p2a: Haxorus|Electric\n|move|p2a: Haxorus|Tera Blast|p1a: \u227d^\u2022\u2a4a\u2022^\u227c|[anim] Tera Blast Electric\n|-crit|p1a: \u227d^\u2022\u2a4a\u2022^\u227c\n|-damage|p1a: \u227d^\u2022\u2a4a\u2022^\u227c|0 fnt\n|faint|p1a: \u227d^\u2022\u2a4a\u2022^\u227c\n|\n|-damage|p2a: Haxorus|82\/100 brn|[from] brn\n|upkeep\n|\n|t:|1697508194\n|switch|p1a: Arceus|Arceus-Poison|100\/100\n|turn|14\n|\n|t:|1697508200\n|move|p2a: Haxorus|Scale Shot|p1a: Arceus\n|-damage|p1a: Arceus|89\/100\n|-damage|p1a: Arceus|76\/100\n|-damage|p1a: Arceus|63\/100\n|-damage|p1a: Arceus|50\/100\n|-hitcount|p1a: Arceus|4\n|-unboost|p2a: Haxorus|def|1\n|-boost|p2a: Haxorus|spe|1\n|move|p1a: Arceus|Earthquake|p2a: Haxorus\n|-supereffective|p2a: Haxorus\n|-damage|p2a: Haxorus|0 fnt\n|faint|p2a: Haxorus\n|\n|upkeep\n|\n|t:|1697508214\n|switch|p2a: Scizor|Scizor, F|100\/100\n|turn|15\n|\n|t:|1697508224\n|move|p1a: Arceus|Dragon Dance|p1a: Arceus\n|-boost|p1a: Arceus|atk|1\n|-boost|p1a: Arceus|spe|1\n|move|p2a: Scizor|Swords Dance|p2a: Scizor\n|-boost|p2a: Scizor|atk|2\n|\n|upkeep\n|turn|16\n|\n|t:|1697508238\n|move|p2a: Scizor|Bullet Punch|p1a: Arceus\n|-damage|p1a: Arceus|0 fnt\n|faint|p1a: Arceus\n|-damage|p2a: Scizor|91\/100|[from] item: Life Orb\n|\n|upkeep\n|\n|t:|1697508246\n|switch|p1a: Chi-Yu|Chi-Yu|100\/100\n|-ability|p1a: Chi-Yu|Beads of Ruin\n|turn|17\n|\n|t:|1697508252\n|move|p2a: Scizor|Bullet Punch|p1a: Chi-Yu\n|-resisted|p1a: Chi-Yu\n|-damage|p1a: Chi-Yu|34\/100\n|-damage|p2a: Scizor|81\/100|[from] item: Life Orb\n|move|p1a: Chi-Yu|Dark Pulse|p2a: Scizor\n|-damage|p2a: Scizor|0 fnt\n|faint|p2a: Scizor\n|\n|upkeep\n|\n|t:|1697508260\n|switch|p2a: Ninetales|Ninetales-Alola, F|100\/100\n|-weather|Snow|[from] ability: Snow Warning|[of] p2a: Ninetales\n|turn|18\n|\n|t:|1697508265\n|switch|p1a: Cyclizar|Cyclizar, M|100\/100\n|move|p2a: Ninetales|Aurora Veil|p2a: Ninetales\n|-sidestart|p2: kirimissing|move: Aurora Veil\n|\n|-weather|Snow|[upkeep]\n|upkeep\n|turn|19\n|\n|t:|1697508274\n|switch|p2a: Magearna|Magearna|100\/100\n|move|p1a: Cyclizar|Knock Off|p2a: Magearna\n|-resisted|p2a: Magearna\n|-damage|p2a: Magearna|97\/100\n|-enditem|p2a: Magearna|Leftovers|[from] move: Knock Off|[of] p1a: Cyclizar\n|\n|-weather|Snow|[upkeep]\n|upkeep\n|turn|20\n|\n|t:|1697508281\n|move|p1a: Cyclizar|Taunt|p2a: Magearna\n|-start|p2a: Magearna|move: Taunt\n|cant|p2a: Magearna|move: Taunt|Shift Gear\n|\n|-weather|Snow|[upkeep]\n|upkeep\n|turn|21\n|\n|t:|1697508286\n|move|p1a: Cyclizar|Shed Tail|p1a: Cyclizar\n|-start|p1a: Cyclizar|Substitute|[from] move: Shed Tail\n|-damage|p1a: Cyclizar|50\/100\n|\n|t:|1697508295\n|switch|p1a: Chi-Yu|Chi-Yu|34\/100|[from] Shed Tail\n|-ability|p1a: Chi-Yu|Beads of Ruin\n|move|p2a: Magearna|Draining Kiss|p1a: Chi-Yu\n|-activate|p1a: Chi-Yu|move: Substitute|[damage]\n|-heal|p2a: Magearna|100\/100|[from] drain|[of] p1a: Chi-Yu\n|\n|-weather|Snow|[upkeep]\n|upkeep\n|turn|22\n|\n|t:|1697508306\n|move|p1a: Chi-Yu|Overheat|p2a: Magearna\n|-supereffective|p2a: Magearna\n|-damage|p2a: Magearna|0 fnt\n|-unboost|p1a: Chi-Yu|spa|2\n|faint|p2a: Magearna\n|\n|-weather|none\n|upkeep\n|c|\u2606kirimissing|sheesh no way i can win now\n|c|\u2606kirimissing|gg\n|c|\u2606Underhours|gg\n|-message|kirimissing forfeited.\n|\n|win|Underhours\n|c|\u2606Underhours|u playing in the swiss tourney?\n","uploadtime":1697508330,"views":39,"p1id":"underhours","p2id":"kirimissing","formatid":"gen9ubers","rating":0,"private":0,"password":""}