{"id":"gen9ubers-1986807501","p1":"LuukTheGamer","p2":"amosamoswong","format":"[Gen 9] Ubers","log":"|j|\u2606LuukTheGamer\n|j|\u2606amosamoswong\n|t:|1699528210\n|gametype|singles\n|player|p1|LuukTheGamer|anabel|\n|player|p2|amosamoswong|teamrocket|\n|teamsize|p1|6\n|teamsize|p2|6\n|gen|9\n|tier|[Gen 9] Ubers\n|rule|Sleep Clause Mod: Limit one foe put to sleep\n|rule|Species Clause: Limit one of each Pok\u00e9mon\n|rule|OHKO Clause: OHKO moves are banned\n|rule|Evasion Items Clause: Evasion items are banned\n|rule|Evasion Moves Clause: Evasion moves are banned\n|rule|Endless Battle Clause: Forcing endless battles is banned\n|rule|HP Percentage Mod: HP is shown in percentages\n|clearpoke\n|poke|p1|Dialga-Origin|\n|poke|p1|Rillaboom, M|\n|poke|p1|Arceus-Fire|\n|poke|p1|Espathra, F|\n|poke|p1|Donphan, L6, F|\n|poke|p1|Sneasler, F|\n|poke|p2|Ninetales-Alola, M|\n|poke|p2|Baxcalibur, M|\n|poke|p2|Heatran, F|\n|poke|p2|Ogerpon-Wellspring, F|\n|poke|p2|Arceus-Ghost|\n|poke|p2|Cyclizar, F|\n|teampreview\n|inactive|Battle timer is ON: inactive players will automatically lose when time's up. (requested by LuukTheGamer)\n|inactive|LuukTheGamer has 270 seconds left.\n|inactive|amosamoswong has 270 seconds left.\n|inactive|amosamoswong has 240 seconds left.\n|inactive|amosamoswong has 210 seconds left.\n|\n|t:|1699528314\n|start\n|switch|p1a: Donphan|Donphan, L6, F|100\/100\n|switch|p2a: Heatran|Heatran, F|100\/100\n|turn|1\n|\n|t:|1699528332\n|move|p2a: Heatran|Protect|p2a: Heatran\n|-singleturn|p2a: Heatran|Protect\n|move|p1a: Donphan|Stealth Rock|p2a: Heatran\n|-sidestart|p2: amosamoswong|move: Stealth Rock\n|\n|upkeep\n|turn|2\n|\n|t:|1699528342\n|move|p2a: Heatran|Will-O-Wisp|p1a: Donphan|[miss]\n|-miss|p2a: Heatran|p1a: Donphan\n|move|p1a: Donphan|Endeavor|p2a: Heatran\n|-damage|p2a: Heatran|8\/100\n|\n|-heal|p2a: Heatran|14\/100|[from] item: Leftovers\n|upkeep\n|turn|3\n|inactive|amosamoswong has 270 seconds left.\n|\n|t:|1699528365\n|move|p2a: Heatran|Will-O-Wisp|p1a: Donphan\n|-status|p1a: Donphan|brn\n|move|p1a: Donphan|Endeavor|p2a: Heatran\n|-damage|p2a: Heatran|8\/100\n|\n|-heal|p2a: Heatran|14\/100|[from] item: Leftovers\n|-damage|p1a: Donphan|97\/100 brn|[from] brn\n|upkeep\n|turn|4\n|inactive|amosamoswong has 270 seconds left.\n|\n|t:|1699528378\n|move|p2a: Heatran|Protect|p2a: Heatran\n|-singleturn|p2a: Heatran|Protect\n|move|p1a: Donphan|Knock Off|p2a: Heatran\n|-activate|p2a: Heatran|move: Protect\n|\n|-heal|p2a: Heatran|20\/100|[from] item: Leftovers\n|-damage|p1a: Donphan|93\/100 brn|[from] brn\n|upkeep\n|turn|5\n|\n|t:|1699528384\n|move|p2a: Heatran|Magma Storm|p1a: Donphan|[miss]\n|-miss|p2a: Heatran|p1a: Donphan\n|move|p1a: Donphan|Knock Off|p2a: Heatran\n|-damage|p2a: Heatran|20\/100\n|-enditem|p2a: Heatran|Leftovers|[from] move: Knock Off|[of] p1a: Donphan\n|\n|-damage|p1a: Donphan|90\/100 brn|[from] brn\n|upkeep\n|turn|6\n|\n|t:|1699528397\n|move|p2a: Heatran|Magma Storm|p1a: Donphan\n|-damage|p1a: Donphan|0 fnt\n|faint|p1a: Donphan\n|\n|upkeep\n|\n|t:|1699528418\n|switch|p1a: Rillaboom|Rillaboom, M|100\/100\n|-fieldstart|move: Grassy Terrain|[from] ability: Grassy Surge|[of] p1a: Rillaboom\n|turn|7\n|inactive|LuukTheGamer has 270 seconds left.\n|\n|t:|1699528441\n|move|p2a: Heatran|Protect|p2a: Heatran\n|-singleturn|p2a: Heatran|Protect\n|move|p1a: Rillaboom|Wood Hammer|p2a: Heatran\n|-activate|p2a: Heatran|move: Protect\n|\n|-heal|p2a: Heatran|26\/100|[from] Grassy Terrain\n|upkeep\n|turn|8\n|inactive|amosamoswong has 270 seconds left.\n|\n|t:|1699528462\n|move|p1a: Rillaboom|Wood Hammer|p2a: Heatran\n|-resisted|p2a: Heatran\n|-crit|p2a: Heatran\n|-damage|p2a: Heatran|0 fnt\n|faint|p2a: Heatran\n|-damage|p1a: Rillaboom|91\/100|[from] Recoil\n|\n|-heal|p1a: Rillaboom|97\/100|[from] Grassy Terrain\n|upkeep\n|\n|t:|1699528487\n|switch|p2a: Ninetales|Ninetales-Alola, M|100\/100\n|-damage|p2a: Ninetales|75\/100|[from] Stealth Rock\n|-weather|Snow|[from] ability: Snow Warning|[of] p2a: Ninetales\n|turn|9\n|inactive|LuukTheGamer has 270 seconds left.\n|\n|t:|1699528517\n|move|p2a: Ninetales|Aurora Veil|p2a: Ninetales\n|-sidestart|p2: amosamoswong|move: Aurora Veil\n|move|p1a: Rillaboom|Wood Hammer|p2a: Ninetales\n|-damage|p2a: Ninetales|33\/100\n|-damage|p1a: Rillaboom|85\/100|[from] Recoil\n|\n|-weather|Snow|[upkeep]\n|-heal|p2a: Ninetales|39\/100|[from] Grassy Terrain\n|-heal|p1a: Rillaboom|91\/100|[from] Grassy Terrain\n|upkeep\n|turn|10\n|inactive|LuukTheGamer has 270 seconds left.\n|inactive|amosamoswong has 240 seconds left.\n|inactive|LuukTheGamer has 240 seconds left.\n|\n|t:|1699528574\n|move|p2a: Ninetales|Hypnosis|p1a: Rillaboom\n|-status|p1a: Rillaboom|slp|[from] move: Hypnosis\n|cant|p1a: Rillaboom|slp\n|\n|-weather|Snow|[upkeep]\n|-heal|p2a: Ninetales|45\/100|[from] Grassy Terrain\n|-heal|p1a: Rillaboom|97\/100 slp|[from] Grassy Terrain\n|upkeep\n|turn|11\n|inactive|LuukTheGamer has 240 seconds left.\n|\n|t:|1699528595\n|switch|p2a: Baxcalibur|Baxcalibur, M|100\/100\n|-damage|p2a: Baxcalibur|76\/100|[from] Stealth Rock\n|switch|p1a: Dialga|Dialga-Origin|100\/100\n|-ability|p1a: Dialga|Pressure\n|\n|-weather|Snow|[upkeep]\n|-heal|p2a: Baxcalibur|82\/100|[from] ability: Ice Body\n|-heal|p2a: Baxcalibur|88\/100|[from] Grassy Terrain\n|-fieldend|move: Grassy Terrain\n|upkeep\n|turn|12\n|inactive|amosamoswong has 210 seconds left.\n|inactive|LuukTheGamer has 210 seconds left.\n|inactive|amosamoswong has 180 seconds left.\n|inactive|amosamoswong has 150 seconds left.\n|\n|t:|1699528679\n|-terastallize|p2a: Baxcalibur|Ice\n|move|p2a: Baxcalibur|Swords Dance|p2a: Baxcalibur\n|-boost|p2a: Baxcalibur|atk|2\n|move|p1a: Dialga|Steel Beam|p2a: Baxcalibur\n|-supereffective|p2a: Baxcalibur\n|-damage|p2a: Baxcalibur|0 fnt\n|-damage|p1a: Dialga|50\/100|[from] steelbeam\n|faint|p2a: Baxcalibur\n|\n|-weather|Snow|[upkeep]\n|upkeep\n|inactive|amosamoswong has 150 seconds left.\n|\n|t:|1699528703\n|switch|p2a: Cyclizar|Cyclizar, F|100\/100\n|turn|13\n|inactive|LuukTheGamer has 210 seconds left.\n|inactive|amosamoswong has 120 seconds left.\n|\n|t:|1699528748\n|move|p2a: Cyclizar|Shed Tail|p2a: Cyclizar\n|-start|p2a: Cyclizar|Substitute|[from] move: Shed Tail\n|-damage|p2a: Cyclizar|50\/100\n|\n|t:|1699528760\n|switch|p2a: Ogerpon|Ogerpon-Wellspring, F|100\/100|[from] Shed Tail\n|-damage|p2a: Ogerpon|88\/100|[from] Stealth Rock\n|move|p1a: Dialga|Draco Meteor|p2a: Ogerpon\n|-end|p2a: Ogerpon|Substitute\n|-unboost|p1a: Dialga|spa|2\n|\n|-weather|none\n|upkeep\n|turn|14\n|\n|t:|1699528781\n|move|p2a: Ogerpon|Swords Dance|p2a: Ogerpon\n|-boost|p2a: Ogerpon|atk|2\n|move|p1a: Dialga|Thunder Wave|p2a: Ogerpon\n|-status|p2a: Ogerpon|par\n|\n|upkeep\n|turn|15\n|inactive|LuukTheGamer has 180 seconds left.\n|\n|t:|1699528803\n|switch|p1a: Rillaboom|Rillaboom, M|97\/100 slp\n|-fieldstart|move: Grassy Terrain|[from] ability: Grassy Surge|[of] p1a: Rillaboom\n|cant|p2a: Ogerpon|par\n|\n|-heal|p1a: Rillaboom|100\/100 slp|[from] Grassy Terrain\n|-heal|p2a: Ogerpon|94\/100 par|[from] Grassy Terrain\n|upkeep\n|turn|16\n|inactive|LuukTheGamer has 180 seconds left.\n|\n|t:|1699528813\n|cant|p1a: Rillaboom|slp\n|move|p2a: Ogerpon|Play Rough|p1a: Rillaboom\n|-damage|p1a: Rillaboom|23\/100 slp\n|\n|-heal|p1a: Rillaboom|29\/100 slp|[from] Grassy Terrain\n|-heal|p2a: Ogerpon|99\/100 par|[from] Grassy Terrain\n|-sideend|p2: amosamoswong|move: Aurora Veil\n|upkeep\n|turn|17\n|inactive|LuukTheGamer has 180 seconds left.\n|inactive|amosamoswong has 90 seconds left.\n|\n|t:|1699528848\n|cant|p1a: Rillaboom|slp\n|move|p2a: Ogerpon|Horn Leech|p1a: Rillaboom\n|-resisted|p1a: Rillaboom\n|-damage|p1a: Rillaboom|0 fnt\n|-heal|p2a: Ogerpon|100\/100 par|[from] drain|[of] p1a: Rillaboom\n|faint|p1a: Rillaboom\n|\n|upkeep\n|\n|t:|1699528853\n|switch|p1a: Sneasler|Sneasler, F, shiny|100\/100\n|-enditem|p1a: Sneasler|Grassy Seed\n|-boost|p1a: Sneasler|def|1|[from] item: Grassy Seed\n|turn|18\n|inactive|LuukTheGamer has 180 seconds left.\n|inactive|amosamoswong has 60 seconds left.\n|\n|t:|1699528908\n|move|p1a: Sneasler|Swords Dance|p1a: Sneasler\n|-boost|p1a: Sneasler|atk|2\n|move|p2a: Ogerpon|Play Rough|p1a: Sneasler\n|-damage|p1a: Sneasler|15\/100\n|\n|-heal|p1a: Sneasler|21\/100|[from] Grassy Terrain\n|upkeep\n|turn|19\n|inactive|amosamoswong has 30 seconds left.\n|inactive|amosamoswong has 20 seconds left.\n|inactive|amosamoswong has 15 seconds left.\n|inactive|amosamoswong has 10 seconds left.\n|inactive|amosamoswong has 5 seconds left.\n|\n|t:|1699528955\n|move|p1a: Sneasler|Acrobatics|p2a: Ogerpon\n|-supereffective|p2a: Ogerpon\n|-damage|p2a: Ogerpon|0 fnt\n|faint|p2a: Ogerpon\n|\n|-heal|p1a: Sneasler|27\/100|[from] Grassy Terrain\n|-fieldend|move: Grassy Terrain\n|upkeep\n|inactive|amosamoswong has 10 seconds left this turn.\n|\n|t:|1699528958\n|switch|p2a: Arceus|Arceus-Ghost|100\/100\n|-damage|p2a: Arceus|88\/100|[from] Stealth Rock\n|turn|20\n|inactive|amosamoswong has 20 seconds left this turn.\n|inactive|amosamoswong has 15 seconds left.\n|inactive|amosamoswong has 10 seconds left.\n|\n|t:|1699528974\n|move|p1a: Sneasler|Acrobatics|p2a: Arceus\n|-damage|p2a: Arceus|28\/100\n|move|p2a: Arceus|Stored Power|p1a: Sneasler\n|-supereffective|p1a: Sneasler\n|-damage|p1a: Sneasler|0 fnt\n|faint|p1a: Sneasler\n|\n|upkeep\n|inactive|amosamoswong has 15 seconds left this turn.\n|inactive|LuukTheGamer has 150 seconds left.\n|\n|t:|1699528990\n|switch|p1a: Espathra|Espathra, F|100\/100\n|turn|21\n|inactive|amosamoswong has 25 seconds left this turn.\n|inactive|amosamoswong has 20 seconds left.\n|\n|t:|1699528998\n|move|p1a: Espathra|Protect|p1a: Espathra\n|-singleturn|p1a: Espathra|Protect\n|move|p2a: Arceus|Recover|p2a: Arceus\n|-heal|p2a: Arceus|78\/100\n|\n|-ability|p1a: Espathra|Speed Boost|boost\n|-boost|p1a: Espathra|spe|1\n|upkeep\n|turn|22\n|inactive|amosamoswong has 30 seconds left this turn.\n|inactive|amosamoswong has 20 seconds left.\n|inactive|amosamoswong has 15 seconds left.\n|\n|t:|1699529016\n|move|p1a: Espathra|Calm Mind|p1a: Espathra\n|-boost|p1a: Espathra|spa|1\n|-boost|p1a: Espathra|spd|1\n|move|p2a: Arceus|Calm Mind|p2a: Arceus\n|-boost|p2a: Arceus|spa|1\n|-boost|p2a: Arceus|spd|1\n|\n|-ability|p1a: Espathra|Speed Boost|boost\n|-boost|p1a: Espathra|spe|1\n|upkeep\n|turn|23\n|inactive|amosamoswong has 25 seconds left this turn.\n|inactive|amosamoswong has 20 seconds left.\n|inactive|amosamoswong has 15 seconds left.\n|inactive|amosamoswong has 10 seconds left.\n|inactive|amosamoswong has 5 seconds left.\n|\n|t:|1699529036\n|move|p1a: Espathra|Stored Power|p2a: Arceus\n|-damage|p2a: Arceus|57\/100\n|move|p2a: Arceus|Calm Mind|p2a: Arceus\n|-boost|p2a: Arceus|spa|1\n|-boost|p2a: Arceus|spd|1\n|\n|-ability|p1a: Espathra|Speed Boost|boost\n|-boost|p1a: Espathra|spe|1\n|upkeep\n|turn|24\n|inactive|amosamoswong has 15 seconds left this turn.\n|inactive|amosamoswong has 10 seconds left.\n|\n|t:|1699529051\n|move|p1a: Espathra|Calm Mind|p1a: Espathra\n|-boost|p1a: Espathra|spa|1\n|-boost|p1a: Espathra|spd|1\n|move|p2a: Arceus|Calm Mind|p2a: Arceus\n|-boost|p2a: Arceus|spa|1\n|-boost|p2a: Arceus|spd|1\n|\n|-ability|p1a: Espathra|Speed Boost|boost\n|-boost|p1a: Espathra|spe|1\n|upkeep\n|turn|25\n|inactive|amosamoswong has 20 seconds left this turn.\n|inactive|amosamoswong has 15 seconds left.\n|\n|t:|1699529057\n|move|p1a: Espathra|Calm Mind|p1a: Espathra\n|-boost|p1a: Espathra|spa|1\n|-boost|p1a: Espathra|spd|1\n|move|p2a: Arceus|Stored Power|p1a: Espathra\n|-resisted|p1a: Espathra\n|-damage|p1a: Espathra|76\/100\n|\n|-ability|p1a: Espathra|Speed Boost|boost\n|-boost|p1a: Espathra|spe|1\n|upkeep\n|turn|26\n|inactive|amosamoswong has 25 seconds left this turn.\n|inactive|amosamoswong has 20 seconds left.\n|\n|t:|1699529066\n|move|p1a: Espathra|Calm Mind|p1a: Espathra\n|-boost|p1a: Espathra|spa|1\n|-boost|p1a: Espathra|spd|1\n|move|p2a: Arceus|Recover|p2a: Arceus\n|-heal|p2a: Arceus|100\/100\n|\n|-ability|p1a: Espathra|Speed Boost|boost\n|-boost|p1a: Espathra|spe|1\n|upkeep\n|turn|27\n|inactive|amosamoswong has 30 seconds left this turn.\n|inactive|amosamoswong has 20 seconds left.\n|\n|t:|1699529077\n|move|p1a: Espathra|Calm Mind|p1a: Espathra\n|-boost|p1a: Espathra|spa|1\n|-boost|p1a: Espathra|spd|1\n|move|p2a: Arceus|Calm Mind|p2a: Arceus\n|-boost|p2a: Arceus|spa|1\n|-boost|p2a: Arceus|spd|1\n|\n|upkeep\n|turn|28\n|inactive|amosamoswong has 30 seconds left this turn.\n|inactive|LuukTheGamer has 180 seconds left.\n|\n|t:|1699529092\n|move|p1a: Espathra|Stored Power|p2a: Arceus\n|-damage|p2a: Arceus|15\/100\n|move|p2a: Arceus|Stored Power|p1a: Espathra\n|-resisted|p1a: Espathra\n|-damage|p1a: Espathra|46\/100\n|\n|upkeep\n|turn|29\n|inactive|LuukTheGamer has 180 seconds left.\n|\n|t:|1699529102\n|move|p1a: Espathra|Stored Power|p2a: Arceus\n|-crit|p2a: Arceus\n|-damage|p2a: Arceus|0 fnt\n|faint|p2a: Arceus\n|\n|upkeep\n|inactive|amosamoswong has 30 seconds left.\n|\n|t:|1699529112\n|switch|p2a: Ninetales|Ninetales-Alola, M|45\/100\n|-damage|p2a: Ninetales|20\/100|[from] Stealth Rock\n|-weather|Snow|[from] ability: Snow Warning|[of] p2a: Ninetales\n|turn|30\n|\n|t:|1699529116\n|move|p1a: Espathra|Stored Power|p2a: Ninetales\n|-damage|p2a: Ninetales|0 fnt\n|faint|p2a: Ninetales\n|\n|-weather|Snow|[upkeep]\n|upkeep\n|\n|t:|1699529119\n|switch|p2a: Cyclizar|Cyclizar, F|84\/100\n|turn|31\n|\n|t:|1699529122\n|move|p1a: Espathra|Stored Power|p2a: Cyclizar\n|-damage|p2a: Cyclizar|0 fnt\n|faint|p2a: Cyclizar\n|\n|win|LuukTheGamer\n|c|\u2606LuukTheGamer|gg\n|c|\u2606amosamoswong|ggs\n","uploadtime":1699529128,"views":60,"p1id":"luukthegamer","p2id":"amosamoswong","formatid":"gen9ubers","rating":0,"private":0,"password":""}