{"id":"gen9ubers-1980526631","p1":"WARIOROFLIBERATION","p2":"jokerfengyu","format":"[Gen 9] Ubers","log":"|j|\u2606WARIOROFLIBERATION\n|j|\u2606jokerfengyu\n|t:|1698793696\n|gametype|singles\n|player|p1|WARIOROFLIBERATION|red-gen2|1192\n|player|p2|jokerfengyu|bellelba|1122\n|teamsize|p1|6\n|teamsize|p2|6\n|gen|9\n|tier|[Gen 9] Ubers\n|rated|\n|rule|Sleep Clause Mod: Limit one foe put to sleep\n|rule|Species Clause: Limit one of each Pok\u00e9mon\n|rule|OHKO Clause: OHKO moves are banned\n|rule|Evasion Items Clause: Evasion items are banned\n|rule|Evasion Moves Clause: Evasion moves are banned\n|rule|Endless Battle Clause: Forcing endless battles is banned\n|rule|HP Percentage Mod: HP is shown in percentages\n|clearpoke\n|poke|p1|Ursaluna, M|\n|poke|p1|Calyrex-Ice|\n|poke|p1|Magearna|\n|poke|p1|Basculegion, M|\n|poke|p1|Hatterene, F|\n|poke|p1|Dialga-Origin|\n|poke|p2|Ogerpon-Hearthflame, F|\n|poke|p2|Kyogre|\n|poke|p2|Landorus-Therian, M|\n|poke|p2|Chien-Pao|\n|poke|p2|Arceus|\n|poke|p2|Annihilape, F|\n|teampreview\n|\n|t:|1698793748\n|start\n|switch|p1a: BAJRANGAAAAA GUN\ud83d\udd2b|Hatterene, F|100\/100\n|switch|p2a: Ogerpon|Ogerpon-Hearthflame, F|100\/100\n|-ability|p2a: Ogerpon|Mold Breaker\n|turn|1\n|inactive|Battle timer is ON: inactive players will automatically lose when time's up. (requested by WARIOROFLIBERATION)\n|\n|t:|1698793757\n|move|p2a: Ogerpon|Swords Dance|p2a: Ogerpon\n|-boost|p2a: Ogerpon|atk|2\n|move|p1a: BAJRANGAAAAA GUN\ud83d\udd2b|Trick Room|p1a: BAJRANGAAAAA GUN\ud83d\udd2b\n|-fieldstart|move: Trick Room|[of] p1a: BAJRANGAAAAA GUN\ud83d\udd2b\n|\n|upkeep\n|turn|2\n|\n|t:|1698793768\n|move|p1a: BAJRANGAAAAA GUN\ud83d\udd2b|Healing Wish|p1a: BAJRANGAAAAA GUN\ud83d\udd2b\n|faint|p1a: BAJRANGAAAAA GUN\ud83d\udd2b\n|move|p2a: Ogerpon|Ivy Cudgel|p1: BAJRANGAAAAA GUN\ud83d\udd2b|[notarget]\n|-fail|p2a: Ogerpon\n|\n|upkeep\n|inactive|WARIOROFLIBERATION has 120 seconds left.\n|inactive|WARIOROFLIBERATION has 90 seconds left.\n|\n|t:|1698793834\n|switch|p1a: BAJRANGAA GUN\ud83d\udd2b|Calyrex-Ice|100\/100\n|-ability|p1a: BAJRANGAA GUN\ud83d\udd2b|As One\n|-ability|p1a: BAJRANGAA GUN\ud83d\udd2b|Unnerve\n|turn|3\n|\n|t:|1698793841\n|move|p1a: BAJRANGAA GUN\ud83d\udd2b|Glacial Lance|p2a: Ogerpon\n|-damage|p2a: Ogerpon|0 fnt\n|faint|p2a: Ogerpon\n|-ability|p1a: BAJRANGAA GUN\ud83d\udd2b|Chilling Neigh|boost\n|-boost|p1a: BAJRANGAA GUN\ud83d\udd2b|atk|1\n|-damage|p1a: BAJRANGAA GUN\ud83d\udd2b|91\/100|[from] item: Life Orb\n|\n|upkeep\n|\n|t:|1698793850\n|switch|p2a: Landorus|Landorus-Therian, M, shiny|100\/100\n|-ability|p2a: Landorus|Intimidate|boost\n|-unboost|p1a: BAJRANGAA GUN\ud83d\udd2b|atk|1\n|turn|4\n|\n|t:|1698793857\n|switch|p2a: Arceus|Arceus, shiny|100\/100\n|move|p1a: BAJRANGAA GUN\ud83d\udd2b|Glacial Lance|p2a: Arceus\n|-damage|p2a: Arceus|30\/100\n|-damage|p1a: BAJRANGAA GUN\ud83d\udd2b|81\/100|[from] item: Life Orb\n|\n|upkeep\n|turn|5\n|\n|t:|1698793866\n|switch|p2a: Annihilape|Annihilape, F, shiny|100\/100\n|move|p1a: BAJRANGAA GUN\ud83d\udd2b|Glacial Lance|p2a: Annihilape\n|-damage|p2a: Annihilape|30\/100\n|-damage|p1a: BAJRANGAA GUN\ud83d\udd2b|71\/100|[from] item: Life Orb\n|\n|-heal|p2a: Annihilape|36\/100|[from] item: Leftovers\n|-fieldend|move: Trick Room\n|upkeep\n|turn|6\n|\n|t:|1698793889\n|switch|p1a: BAJRANGAAA GUN\ud83d\udd2b|Magearna|100\/100\n|move|p2a: Annihilape|Drain Punch|p1a: BAJRANGAAA GUN\ud83d\udd2b\n|-damage|p1a: BAJRANGAAA GUN\ud83d\udd2b|82\/100\n|-heal|p2a: Annihilape|45\/100|[from] drain|[of] p1a: BAJRANGAAA GUN\ud83d\udd2b\n|\n|-heal|p2a: Annihilape|51\/100|[from] item: Leftovers\n|upkeep\n|turn|7\n|\n|t:|1698793905\n|move|p2a: Annihilape|Earthquake|p1a: BAJRANGAAA GUN\ud83d\udd2b\n|-supereffective|p1a: BAJRANGAAA GUN\ud83d\udd2b\n|-damage|p1a: BAJRANGAAA GUN\ud83d\udd2b|45\/100\n|move|p1a: BAJRANGAAA GUN\ud83d\udd2b|Trick Room|p1a: BAJRANGAAA GUN\ud83d\udd2b\n|-fieldstart|move: Trick Room|[of] p1a: BAJRANGAAA GUN\ud83d\udd2b\n|\n|-heal|p2a: Annihilape|57\/100|[from] item: Leftovers\n|upkeep\n|turn|8\n|\n|t:|1698793919\n|switch|p1a: BAJRANGAAAA GUN\ud83d\udd2b|Basculegion, M, shiny|100\/100\n|-terastallize|p2a: Annihilape|Fire\n|move|p2a: Annihilape|Earthquake|p1a: BAJRANGAAAA GUN\ud83d\udd2b\n|-damage|p1a: BAJRANGAAAA GUN\ud83d\udd2b|70\/100\n|\n|-heal|p2a: Annihilape|63\/100|[from] item: Leftovers\n|upkeep\n|turn|9\n|\n|t:|1698793930\n|switch|p2a: Arceus|Arceus, shiny|30\/100\n|move|p1a: BAJRANGAAAA GUN\ud83d\udd2b|Wave Crash|p2a: Arceus\n|-damage|p2a: Arceus|0 fnt\n|faint|p2a: Arceus\n|-damage|p1a: BAJRANGAAAA GUN\ud83d\udd2b|61\/100|[from] Recoil\n|\n|upkeep\n|\n|t:|1698793937\n|switch|p2a: Annihilape|Annihilape, F, shiny, tera:Fire|63\/100\n|turn|10\n|\n|t:|1698793942\n|switch|p2a: Landorus|Landorus-Therian, M, shiny|100\/100\n|-ability|p2a: Landorus|Intimidate|boost\n|-unboost|p1a: BAJRANGAAAA GUN\ud83d\udd2b|atk|1\n|move|p1a: BAJRANGAAAA GUN\ud83d\udd2b|Wave Crash|p2a: Landorus\n|-supereffective|p2a: Landorus\n|-damage|p2a: Landorus|0 fnt\n|-damage|p1a: BAJRANGAAAA GUN\ud83d\udd2b|44\/100|[from] item: Rocky Helmet|[of] p2a: Landorus\n|faint|p2a: Landorus\n|-damage|p1a: BAJRANGAAAA GUN\ud83d\udd2b|16\/100|[from] Recoil\n|\n|upkeep\n|-message|jokerfengyu forfeited.\n|\n|win|WARIOROFLIBERATION\n|raw|WARIOROFLIBERATION's rating: 1192 &rarr; <strong>1212<\/strong><br \/>(+20 for winning)\n|raw|jokerfengyu's rating: 1122 &rarr; <strong>1102<\/strong><br \/>(-20 for losing)\n|l|\u2606jokerfengyu\n","uploadtime":1698793956,"views":5,"p1id":"wariorofliberation","p2id":"jokerfengyu","formatid":"gen9ubers","rating":1102,"private":0,"password":""}