{"id":"gen9ubers-1985549121","p1":"HinaKagiyama1","p2":"Leo Justice","format":"[Gen 9] Ubers","log":"|j|\u2606HinaKagiyama1\n|j|\u2606Leo Justice\n|t:|1699383748\n|gametype|singles\n|player|p1|HinaKagiyama1|2|\n|player|p2|Leo Justice|carmine|\n|teamsize|p1|6\n|teamsize|p2|6\n|gen|9\n|tier|[Gen 9] Ubers\n|rule|Sleep Clause Mod: Limit one foe put to sleep\n|rule|Species Clause: Limit one of each Pok\u00e9mon\n|rule|OHKO Clause: OHKO moves are banned\n|rule|Evasion Items Clause: Evasion items are banned\n|rule|Evasion Moves Clause: Evasion moves are banned\n|rule|Endless Battle Clause: Forcing endless battles is banned\n|rule|HP Percentage Mod: HP is shown in percentages\n|clearpoke\n|poke|p1|Ninetales-Alola, F|\n|poke|p1|Cyclizar, M|\n|poke|p1|Baxcalibur, M|\n|poke|p1|Froslass, F|\n|poke|p1|Chi-Yu|\n|poke|p1|Dragonite, F|\n|poke|p2|Roaring Moon|\n|poke|p2|Magearna|\n|poke|p2|Shaymin-Sky|\n|poke|p2|Arceus-Ghost|\n|poke|p2|Dialga|\n|poke|p2|Palkia-Origin|\n|teampreview\n|\n|t:|1699383761\n|start\n|switch|p1a: Ninetales|Ninetales-Alola, F|100\/100\n|switch|p2a: Dialga|Dialga|100\/100\n|-weather|Snow|[from] ability: Snow Warning|[of] p1a: Ninetales\n|-ability|p2a: Dialga|Pressure\n|turn|1\n|\n|t:|1699383767\n|move|p1a: Ninetales|Aurora Veil|p1a: Ninetales\n|-sidestart|p1: HinaKagiyama1|move: Aurora Veil\n|move|p2a: Dialga|Stealth Rock|p1a: Ninetales\n|-sidestart|p1: HinaKagiyama1|move: Stealth Rock\n|\n|-weather|Snow|[upkeep]\n|upkeep\n|turn|2\n|\n|t:|1699383771\n|move|p2a: Dialga|Flash Cannon|p1a: Ninetales\n|-supereffective|p1a: Ninetales\n|-damage|p1a: Ninetales|6\/100\n|move|p1a: Ninetales|Roar|p2a: Dialga\n|drag|p2a: Roaring Moon|Roaring Moon|100\/100\n|-enditem|p2a: Roaring Moon|Booster Energy\n|-activate|p2a: Roaring Moon|ability: Protosynthesis|[fromitem]\n|-start|p2a: Roaring Moon|protosynthesisatk\n|\n|-weather|Snow|[upkeep]\n|upkeep\n|turn|3\n|\n|t:|1699383788\n|switch|p1a: Froslass|Froslass, F|100\/100\n|-damage|p1a: Froslass|76\/100|[from] Stealth Rock\n|move|p2a: Roaring Moon|Knock Off|p1a: Froslass\n|-supereffective|p1a: Froslass\n|-damage|p1a: Froslass|0 fnt\n|-enditem|p1a: Froslass|Choice Specs|[from] move: Knock Off|[of] p2a: Roaring Moon\n|faint|p1a: Froslass\n|\n|-weather|Snow|[upkeep]\n|upkeep\n|\n|t:|1699383794\n|switch|p1a: Cyclizar|Cyclizar, M|100\/100\n|turn|4\n|\n|t:|1699383804\n|move|p1a: Cyclizar|Draco Meteor|p2a: Roaring Moon\n|-supereffective|p2a: Roaring Moon\n|-damage|p2a: Roaring Moon|26\/100\n|-unboost|p1a: Cyclizar|spa|2\n|move|p2a: Roaring Moon|Knock Off|p1a: Cyclizar\n|-damage|p1a: Cyclizar|45\/100\n|-enditem|p1a: Cyclizar|Heavy-Duty Boots|[from] move: Knock Off|[of] p2a: Roaring Moon\n|\n|-weather|Snow|[upkeep]\n|upkeep\n|turn|5\n|\n|t:|1699383815\n|-end|p2a: Roaring Moon|Protosynthesis|[silent]\n|switch|p2a: Magearna|Magearna|100\/100\n|move|p1a: Cyclizar|Rapid Spin|p2a: Magearna\n|-resisted|p2a: Magearna\n|-damage|p2a: Magearna|95\/100\n|-boost|p1a: Cyclizar|spe|1\n|-sideend|p1: HinaKagiyama1|Stealth Rock|[from] move: Rapid Spin|[of] p1a: Cyclizar\n|\n|-weather|Snow|[upkeep]\n|-heal|p2a: Magearna|100\/100|[from] item: Leftovers\n|-sideend|p1: HinaKagiyama1|move: Aurora Veil\n|upkeep\n|turn|6\n|\n|t:|1699383825\n|switch|p1a: Chi-Yu|Chi-Yu|100\/100\n|-ability|p1a: Chi-Yu|Beads of Ruin\n|move|p2a: Magearna|Spikes|p1a: Chi-Yu\n|-sidestart|p1: HinaKagiyama1|Spikes\n|\n|-weather|Snow|[upkeep]\n|upkeep\n|turn|7\n|\n|t:|1699383836\n|switch|p2a: Palkia|Palkia-Origin|100\/100\n|-ability|p2a: Palkia|Pressure\n|move|p1a: Chi-Yu|Dark Pulse|p2a: Palkia\n|-damage|p2a: Palkia|40\/100\n|\n|-weather|Snow|[upkeep]\n|upkeep\n|turn|8\n|\n|t:|1699383846\n|switch|p2a: Dialga|Dialga|100\/100\n|-ability|p2a: Dialga|Pressure\n|move|p1a: Chi-Yu|Dark Pulse|p2a: Dialga\n|-damage|p2a: Dialga|61\/100\n|\n|-weather|none\n|-heal|p2a: Dialga|67\/100|[from] item: Leftovers\n|upkeep\n|turn|9\n|\n|t:|1699383856\n|switch|p1a: Ninetales|Ninetales-Alola, F|6\/100\n|-damage|p1a: Ninetales|0 fnt|[from] Spikes\n|faint|p1a: Ninetales\n|move|p2a: Dialga|Stealth Rock|p1: Ninetales\n|-sidestart|p1: HinaKagiyama1|move: Stealth Rock\n|\n|-heal|p2a: Dialga|73\/100|[from] item: Leftovers\n|upkeep\n|\n|t:|1699383861\n|switch|p1a: Cyclizar|Cyclizar, M|78\/100\n|-damage|p1a: Cyclizar|66\/100|[from] Spikes\n|-damage|p1a: Cyclizar|54\/100|[from] Stealth Rock\n|turn|10\n|\n|t:|1699383869\n|switch|p2a: Arceus|Arceus-Ghost|100\/100\n|move|p1a: Cyclizar|Rapid Spin|p2a: Arceus\n|-immune|p2a: Arceus\n|\n|upkeep\n|turn|11\n|\n|t:|1699383874\n|move|p2a: Arceus|Extreme Speed|p1a: Cyclizar\n|-crit|p1a: Cyclizar\n|-damage|p1a: Cyclizar|0 fnt\n|faint|p1a: Cyclizar\n|\n|upkeep\n|\n|t:|1699383878\n|switch|p1a: Chi-Yu|Chi-Yu|100\/100\n|-damage|p1a: Chi-Yu|88\/100|[from] Spikes\n|-damage|p1a: Chi-Yu|63\/100|[from] Stealth Rock\n|-ability|p1a: Chi-Yu|Beads of Ruin\n|turn|12\n|\n|t:|1699383889\n|-terastallize|p2a: Arceus|Normal\n|move|p2a: Arceus|Extreme Speed|p1a: Chi-Yu\n|-crit|p1a: Chi-Yu\n|-damage|p1a: Chi-Yu|0 fnt\n|faint|p1a: Chi-Yu\n|\n|upkeep\n|\n|t:|1699383894\n|switch|p1a: Dragonite|Dragonite, F|100\/100\n|turn|13\n|\n|t:|1699383898\n|-terastallize|p1a: Dragonite|Normal\n|move|p2a: Arceus|Shadow Claw|p1a: Dragonite\n|-immune|p1a: Dragonite\n|move|p1a: Dragonite|Dragon Dance|p1a: Dragonite\n|-boost|p1a: Dragonite|atk|1\n|-boost|p1a: Dragonite|spe|1\n|\n|upkeep\n|turn|14\n|\n|t:|1699383904\n|move|p2a: Arceus|Extreme Speed|p1a: Dragonite\n|-damage|p1a: Dragonite|76\/100\n|move|p1a: Dragonite|Dragon Dance|p1a: Dragonite\n|-boost|p1a: Dragonite|atk|1\n|-boost|p1a: Dragonite|spe|1\n|\n|upkeep\n|turn|15\n|\n|t:|1699383909\n|move|p1a: Dragonite|Earthquake|p2a: Arceus\n|-damage|p2a: Arceus|46\/100\n|move|p2a: Arceus|Swords Dance|p2a: Arceus\n|-boost|p2a: Arceus|atk|2\n|\n|upkeep\n|turn|16\n|\n|t:|1699383913\n|move|p2a: Arceus|Extreme Speed|p1a: Dragonite\n|-damage|p1a: Dragonite|0 fnt\n|faint|p1a: Dragonite\n|\n|upkeep\n|\n|t:|1699383916\n|switch|p1a: Baxcalibur|Baxcalibur, M|100\/100\n|-damage|p1a: Baxcalibur|88\/100|[from] Spikes\n|-damage|p1a: Baxcalibur|63\/100|[from] Stealth Rock\n|turn|17\n|\n|t:|1699383919\n|move|p2a: Arceus|Extreme Speed|p1a: Baxcalibur\n|-crit|p1a: Baxcalibur\n|-damage|p1a: Baxcalibur|0 fnt\n|faint|p1a: Baxcalibur\n|\n|win|Leo Justice\n|c|\u2606HinaKagiyama1|Rematch?\n|c|\u2606HinaKagiyama1|:D\n|c|\u2606Leo Justice|Sure\n|l|\u2606HinaKagiyama1\n|l|\u2606Leo Justice\n|j|\u2606Leo Justice\n|player|p2|Leo Justice|carmine\n","uploadtime":1699384454,"views":4,"p1id":"hinakagiyama1","p2id":"leojustice","formatid":"gen9ubers","rating":0,"private":0,"password":""}