{"id":"gen9ubers-1972142758","p1":"Skotchaud","p2":"jimcf","format":"[Gen 9] Ubers","log":"|j|\u2606Skotchaud\n|j|\u2606jimcf\n|t:|1697816328\n|gametype|singles\n|player|p1|Skotchaud|noland|\n|player|p2|jimcf|102|\n|teamsize|p1|6\n|teamsize|p2|6\n|gen|9\n|tier|[Gen 9] Ubers\n|rule|Sleep Clause Mod: Limit one foe put to sleep\n|rule|Species Clause: Limit one of each Pok\u00e9mon\n|rule|OHKO Clause: OHKO moves are banned\n|rule|Evasion Items Clause: Evasion items are banned\n|rule|Evasion Moves Clause: Evasion moves are banned\n|rule|Endless Battle Clause: Forcing endless battles is banned\n|rule|HP Percentage Mod: HP is shown in percentages\n|clearpoke\n|poke|p1|Leafeon, M|\n|poke|p1|Roaring Moon|\n|poke|p1|Dondozo, M|\n|poke|p1|Torkoal, F|\n|poke|p1|Walking Wake|\n|poke|p1|Slowking-Galar, M|\n|poke|p2|Hatterene, F|\n|poke|p2|Gliscor, M|\n|poke|p2|Ceruledge, M|\n|poke|p2|Iron Valiant|\n|poke|p2|Ogerpon-Wellspring, F|\n|poke|p2|Revavroom, M|\n|teampreview\n|\n|t:|1697816352\n|start\n|switch|p1a: Torkoal|Torkoal, F|100\/100\n|switch|p2a: Gardien|Iron Valiant, shiny|100\/100\n|-weather|SunnyDay|[from] ability: Drought|[of] p1a: Torkoal\n|turn|1\n|\n|t:|1697816379\n|switch|p1a: Slowking|Slowking-Galar, M|100\/100\n|move|p2a: Gardien|Thunderbolt|p1a: Slowking\n|-damage|p1a: Slowking|76\/100\n|-enditem|p1a: Slowking|Eject Button\n|\n|t:|1697816386\n|switch|p1a: Du hachich|Leafeon, M, shiny|100\/100\n|\n|-weather|SunnyDay|[upkeep]\n|upkeep\n|turn|2\n|\n|t:|1697816398\n|-end|p2a: Gardien|Quark Drive|[silent]\n|switch|p2a: Batman|Gliscor, M|100\/100\n|move|p1a: Du hachich|Solar Blade||[still]\n|-prepare|p1a: Du hachich|Solar Blade\n|-anim|p1a: Du hachich|Solar Blade|p2a: Batman\n|-damage|p2a: Batman|49\/100\n|\n|-weather|SunnyDay|[upkeep]\n|-status|p2a: Batman|tox|[from] item: Toxic Orb\n|upkeep\n|turn|3\n|\n|t:|1697816408\n|move|p2a: Batman|Protect|p2a: Batman\n|-singleturn|p2a: Batman|Protect\n|move|p1a: Du hachich|Solar Blade||[still]\n|-prepare|p1a: Du hachich|Solar Blade\n|-anim|p1a: Du hachich|Solar Blade|p2a: Batman\n|-activate|p2a: Batman|move: Protect\n|\n|-weather|SunnyDay|[upkeep]\n|-heal|p2a: Batman|61\/100 tox|[from] ability: Poison Heal\n|upkeep\n|turn|4\n|\n|t:|1697816418\n|-terastallize|p1a: Du hachich|Grass\n|move|p1a: Du hachich|Solar Blade||[still]\n|-prepare|p1a: Du hachich|Solar Blade\n|-anim|p1a: Du hachich|Solar Blade|p2a: Batman\n|-damage|p2a: Batman|0 fnt\n|faint|p2a: Batman\n|\n|-weather|SunnyDay|[upkeep]\n|upkeep\n|\n|t:|1697816434\n|switch|p2a: Dartagnan|Ceruledge, M|100\/100\n|turn|5\n|\n|t:|1697816438\n|switch|p1a: Dondozo|Dondozo, M|100\/100\n|move|p2a: Dartagnan|Bitter Blade|p1a: Dondozo\n|-resisted|p1a: Dondozo\n|-damage|p1a: Dondozo|85\/100\n|\n|-weather|SunnyDay|[upkeep]\n|-heal|p1a: Dondozo|91\/100|[from] item: Leftovers\n|upkeep\n|turn|6\n|\n|t:|1697816450\n|switch|p2a: Hatterene|Hatterene, F|100\/100\n|move|p1a: Dondozo|Body Press|p2a: Hatterene\n|-resisted|p2a: Hatterene\n|-damage|p2a: Hatterene|93\/100\n|\n|-weather|SunnyDay|[upkeep]\n|-heal|p1a: Dondozo|97\/100|[from] item: Leftovers\n|-heal|p2a: Hatterene|99\/100|[from] item: Leftovers\n|upkeep\n|turn|7\n|\n|t:|1697816460\n|switch|p1a: Du hachich|Leafeon, M, shiny, tera:Grass|100\/100\n|move|p2a: Hatterene|Calm Mind|p2a: Hatterene\n|-boost|p2a: Hatterene|spa|1\n|-boost|p2a: Hatterene|spd|1\n|\n|-weather|SunnyDay|[upkeep]\n|-heal|p2a: Hatterene|100\/100|[from] item: Leftovers\n|upkeep\n|turn|8\n|\n|t:|1697816470\n|move|p1a: Du hachich|Solar Blade||[still]\n|-prepare|p1a: Du hachich|Solar Blade\n|-anim|p1a: Du hachich|Solar Blade|p2a: Hatterene\n|-damage|p2a: Hatterene|0 fnt\n|faint|p2a: Hatterene\n|\n|-weather|none\n|upkeep\n|\n|t:|1697816478\n|switch|p2a: Dartagnan|Ceruledge, M|100\/100\n|turn|9\n|\n|t:|1697816482\n|switch|p1a: Dondozo|Dondozo, M|97\/100\n|move|p2a: Dartagnan|Swords Dance|p2a: Dartagnan\n|-boost|p2a: Dartagnan|atk|2\n|\n|-heal|p1a: Dondozo|100\/100|[from] item: Leftovers\n|upkeep\n|turn|10\n|\n|t:|1697816494\n|move|p2a: Dartagnan|Poltergeist|p1a: Dondozo\n|-activate|p1a: Dondozo|move: Poltergeist|Leftovers\n|-damage|p1a: Dondozo|75\/100\n|move|p1a: Dondozo|Liquidation|p2a: Dartagnan\n|-supereffective|p2a: Dartagnan\n|-damage|p2a: Dartagnan|14\/100\n|-ability|p2a: Dartagnan|Weak Armor|boost\n|-unboost|p2a: Dartagnan|def|1\n|-boost|p2a: Dartagnan|spe|2\n|\n|-heal|p1a: Dondozo|81\/100|[from] item: Leftovers\n|upkeep\n|turn|11\n|\n|t:|1697816508\n|switch|p2a: The Mask|Ogerpon-Wellspring, F|100\/100\n|move|p1a: Dondozo|Liquidation|p2a: The Mask\n|-immune|p2a: The Mask|[from] ability: Water Absorb\n|\n|-heal|p1a: Dondozo|88\/100|[from] item: Leftovers\n|upkeep\n|turn|12\n|\n|t:|1697816519\n|switch|p1a: Torkoal|Torkoal, F|100\/100\n|-weather|SunnyDay|[from] ability: Drought|[of] p1a: Torkoal\n|move|p2a: The Mask|Horn Leech|p1a: Torkoal\n|-resisted|p1a: Torkoal\n|-damage|p1a: Torkoal|89\/100\n|\n|-weather|SunnyDay|[upkeep]\n|upkeep\n|turn|13\n|\n|t:|1697816533\n|move|p2a: The Mask|Play Rough|p1a: Torkoal\n|-resisted|p1a: Torkoal\n|-damage|p1a: Torkoal|79\/100\n|move|p1a: Torkoal|Yawn|p2a: The Mask\n|-start|p2a: The Mask|move: Yawn|[of] p1a: Torkoal\n|\n|-weather|SunnyDay|[upkeep]\n|upkeep\n|turn|14\n|\n|t:|1697816544\n|switch|p2a: Dartagnan|Ceruledge, M|14\/100\n|move|p1a: Torkoal|Stealth Rock|p2a: Dartagnan\n|-sidestart|p2: jimcf|move: Stealth Rock\n|\n|-weather|SunnyDay|[upkeep]\n|upkeep\n|turn|15\n|\n|t:|1697816553\n|switch|p1a: Dondozo|Dondozo, M|88\/100\n|move|p2a: Dartagnan|Bitter Blade|p1a: Dondozo\n|-resisted|p1a: Dondozo\n|-damage|p1a: Dondozo|72\/100\n|-heal|p2a: Dartagnan|27\/100|[from] drain|[of] p1a: Dondozo\n|\n|-weather|SunnyDay|[upkeep]\n|-heal|p1a: Dondozo|78\/100|[from] item: Leftovers\n|upkeep\n|turn|16\n|\n|t:|1697816565\n|move|p2a: Dartagnan|Bitter Blade|p1a: Dondozo\n|-resisted|p1a: Dondozo\n|-damage|p1a: Dondozo|63\/100\n|-heal|p2a: Dartagnan|41\/100|[from] drain|[of] p1a: Dondozo\n|move|p1a: Dondozo|Liquidation|p2a: Dartagnan\n|-supereffective|p2a: Dartagnan\n|-crit|p2a: Dartagnan\n|-damage|p2a: Dartagnan|0 fnt\n|faint|p2a: Dartagnan\n|\n|-weather|SunnyDay|[upkeep]\n|-heal|p1a: Dondozo|69\/100|[from] item: Leftovers\n|upkeep\n|\n|t:|1697816579\n|switch|p2a: Gardien|Iron Valiant, shiny|100\/100\n|-damage|p2a: Gardien|94\/100|[from] Stealth Rock\n|turn|17\n|\n|t:|1697816592\n|-end|p2a: Gardien|Quark Drive|[silent]\n|switch|p2a: The Mask|Ogerpon-Wellspring, F|100\/100\n|-damage|p2a: The Mask|88\/100|[from] Stealth Rock\n|switch|p1a: Slowking|Slowking-Galar, M|100\/100\n|\n|-weather|SunnyDay|[upkeep]\n|upkeep\n|turn|18\n|\n|t:|1697816608\n|move|p2a: The Mask|Ivy Cudgel|p1a: Slowking\n|-crit|p1a: Slowking\n|-damage|p1a: Slowking|57\/100\n|move|p1a: Slowking|Sludge Bomb|p2a: The Mask\n|-supereffective|p2a: The Mask\n|-damage|p2a: The Mask|8\/100\n|-status|p2a: The Mask|psn\n|\n|-weather|SunnyDay|[upkeep]\n|-damage|p2a: The Mask|0 fnt|[from] psn\n|faint|p2a: The Mask\n|upkeep\n|\n|t:|1697816623\n|switch|p2a: V12 bi-turbo|Revavroom, M|100\/100\n|-damage|p2a: V12 bi-turbo|95\/100|[from] Stealth Rock\n|turn|19\n|\n|t:|1697816643\n|switch|p1a: Dondozo|Dondozo, M|69\/100\n|move|p2a: V12 bi-turbo|Gunk Shot|p1a: Dondozo\n|-damage|p1a: Dondozo|44\/100\n|\n|-weather|none\n|-heal|p1a: Dondozo|50\/100|[from] item: Leftovers\n|upkeep\n|turn|20\n|\n|t:|1697816654\n|switch|p1a: Torkoal|Torkoal, F|79\/100\n|-weather|SunnyDay|[from] ability: Drought|[of] p1a: Torkoal\n|move|p2a: V12 bi-turbo|Gunk Shot|p1a: Torkoal\n|-damage|p1a: Torkoal|44\/100\n|\n|-weather|SunnyDay|[upkeep]\n|upkeep\n|turn|21\n|\n|t:|1697816663\n|move|p2a: V12 bi-turbo|Gunk Shot|p1a: Torkoal\n|-damage|p1a: Torkoal|11\/100\n|move|p1a: Torkoal|Lava Plume|p2a: V12 bi-turbo\n|-supereffective|p2a: V12 bi-turbo\n|-damage|p2a: V12 bi-turbo|2\/100\n|-status|p2a: V12 bi-turbo|brn\n|\n|-weather|SunnyDay|[upkeep]\n|-damage|p2a: V12 bi-turbo|0 fnt|[from] brn\n|faint|p2a: V12 bi-turbo\n|upkeep\n|\n|t:|1697816674\n|switch|p2a: Gardien|Iron Valiant, shiny|94\/100\n|-damage|p2a: Gardien|88\/100|[from] Stealth Rock\n|turn|22\n|\n|t:|1697816686\n|switch|p1a: Slowking|Slowking-Galar, M|91\/100\n|move|p2a: Gardien|Moonblast|p1a: Slowking\n|-resisted|p1a: Slowking\n|-damage|p1a: Slowking|72\/100\n|-unboost|p1a: Slowking|spa|1\n|\n|-weather|SunnyDay|[upkeep]\n|upkeep\n|turn|23\n|\n|t:|1697816695\n|-terastallize|p2a: Gardien|Steel\n|move|p2a: Gardien|Moonblast|p1a: Slowking\n|-resisted|p1a: Slowking\n|-damage|p1a: Slowking|52\/100\n|move|p1a: Slowking|Sludge Bomb|p2a: Gardien\n|-immune|p2a: Gardien\n|\n|-weather|SunnyDay|[upkeep]\n|upkeep\n|turn|24\n|\n|t:|1697816707\n|move|p2a: Gardien|Moonblast|p1a: Slowking\n|-resisted|p1a: Slowking\n|-damage|p1a: Slowking|30\/100\n|move|p1a: Slowking|Slack Off|p1a: Slowking\n|-heal|p1a: Slowking|80\/100\n|\n|-weather|SunnyDay|[upkeep]\n|upkeep\n|turn|25\n|\n|t:|1697816716\n|move|p2a: Gardien|Moonblast|p1a: Slowking\n|-resisted|p1a: Slowking\n|-damage|p1a: Slowking|60\/100\n|move|p1a: Slowking|Flamethrower|p2a: Gardien\n|-supereffective|p2a: Gardien\n|-damage|p2a: Gardien|7\/100\n|\n|-weather|SunnyDay|[upkeep]\n|upkeep\n|turn|26\n|\n|t:|1697816724\n|move|p2a: Gardien|Moonblast|p1a: Slowking\n|-resisted|p1a: Slowking\n|-damage|p1a: Slowking|38\/100\n|move|p1a: Slowking|Flamethrower|p2a: Gardien\n|-supereffective|p2a: Gardien\n|-damage|p2a: Gardien|0 fnt\n|faint|p2a: Gardien\n|-end|p2a: Gardien|Quark Drive|[silent]\n|\n|win|Skotchaud\n|l|\u2606jimcf\n","uploadtime":1697816739,"views":9,"p1id":"skotchaud","p2id":"jimcf","formatid":"gen9ubers","rating":0,"private":0,"password":""}