{"id":"gen9ubers-1973810501","p1":"Sludhhske","p2":"Jack0808","format":"[Gen 9] Ubers","log":"|j|\u2606Sludhhske\n|j|\u2606Jack0808\n|t:|1698015945\n|gametype|singles\n|player|p1|Sludhhske|benga|1046\n|player|p2|Jack0808|mallow-masters|1050\n|teamsize|p1|6\n|teamsize|p2|6\n|gen|9\n|tier|[Gen 9] Ubers\n|rated|\n|rule|Sleep Clause Mod: Limit one foe put to sleep\n|rule|Species Clause: Limit one of each Pok\u00e9mon\n|rule|OHKO Clause: OHKO moves are banned\n|rule|Evasion Items Clause: Evasion items are banned\n|rule|Evasion Moves Clause: Evasion moves are banned\n|rule|Endless Battle Clause: Forcing endless battles is banned\n|rule|HP Percentage Mod: HP is shown in percentages\n|clearpoke\n|poke|p1|Houndstone, M|\n|poke|p1|Tyranitar, F|\n|poke|p1|Lurantis, F|\n|poke|p1|Cyclizar, M|\n|poke|p1|Garganacl, M|\n|poke|p1|Dragalge, F|\n|poke|p2|Miraidon|\n|poke|p2|Zacian-*|\n|poke|p2|Flutter Mane|\n|poke|p2|Espathra, M|\n|poke|p2|Regieleki|\n|poke|p2|Calyrex-Ice|\n|teampreview\n|inactive|Battle timer is ON: inactive players will automatically lose when time's up. (requested by Jack0808)\n|c|\u2606Jack0808|Really last respecy\n|inactive|Sludhhske has 120 seconds left.\n|\n|t:|1698015977\n|start\n|switch|p1a: Lurantis|Lurantis, F, shiny|100\/100\n|switch|p2a: Zacian|Zacian-Crowned|100\/100\n|-ability|p2a: Zacian|Intrepid Sword|boost\n|-boost|p2a: Zacian|atk|1\n|turn|1\n|inactive|Sludhhske has 120 seconds left.\n|\n|t:|1698016007\n|-terastallize|p1a: Lurantis|Fighting\n|move|p2a: Zacian|Swords Dance|p2a: Zacian\n|-boost|p2a: Zacian|atk|2\n|move|p1a: Lurantis|Superpower|p2a: Zacian\n|-damage|p2a: Zacian|41\/100\n|-boost|p1a: Lurantis|atk|1\n|-boost|p1a: Lurantis|def|1\n|\n|upkeep\n|turn|2\n|inactive|Sludhhske has 120 seconds left.\n|\n|t:|1698016034\n|move|p2a: Zacian|Play Rough|p1a: Lurantis\n|-supereffective|p1a: Lurantis\n|-damage|p1a: Lurantis|0 fnt\n|faint|p1a: Lurantis\n|\n|upkeep\n|inactive|Sludhhske has 90 seconds left.\n|\n|t:|1698016074\n|switch|p1a: Garganacl|Garganacl, M, shiny|100\/100\n|turn|3\n|\n|t:|1698016081\n|move|p2a: Zacian|Swords Dance|p2a: Zacian\n|-boost|p2a: Zacian|atk|2\n|move|p1a: Garganacl|Salt Cure|p2a: Zacian\n|-resisted|p2a: Zacian\n|-damage|p2a: Zacian|34\/100\n|-start|p2a: Zacian|Salt Cure\n|\n|-damage|p2a: Zacian|9\/100|[from] Salt Cure\n|upkeep\n|turn|4\n|\n|t:|1698016091\n|move|p2a: Zacian|Brick Break|p1a: Garganacl\n|-supereffective|p1a: Garganacl\n|-damage|p1a: Garganacl|0 fnt\n|faint|p1a: Garganacl\n|\n|-damage|p2a: Zacian|0 fnt|[from] Salt Cure\n|faint|p2a: Zacian\n|upkeep\n|\n|t:|1698016100\n|switch|p2a: Calyrex|Calyrex-Ice|100\/100\n|switch|p1a: Dragalge|Dragalge, F, shiny|100\/100\n|-ability|p2a: Calyrex|As One\n|-ability|p2a: Calyrex|Unnerve\n|turn|5\n|\n|t:|1698016112\n|move|p2a: Calyrex|Psychic|p1a: Dragalge\n|-supereffective|p1a: Dragalge\n|-damage|p1a: Dragalge|53\/100\n|move|p1a: Dragalge|Dragon Tail|p2a: Calyrex\n|-damage|p2a: Calyrex|92\/100\n|-status|p2a: Calyrex|psn|[from] ability: Poison Touch|[of] p1a: Dragalge\n|drag|p2a: Espathra|Espathra, M, shiny|100\/100\n|\n|upkeep\n|turn|6\n|\n|t:|1698016126\n|move|p2a: Espathra|Protect|p2a: Espathra\n|-singleturn|p2a: Espathra|Protect\n|move|p1a: Dragalge|Dragon Tail|p2a: Espathra\n|-activate|p2a: Espathra|move: Protect\n|\n|-ability|p2a: Espathra|Speed Boost|boost\n|-boost|p2a: Espathra|spe|1\n|upkeep\n|turn|7\n|\n|t:|1698016134\n|move|p2a: Espathra|Lumina Crash|p1a: Dragalge\n|-supereffective|p1a: Dragalge\n|-crit|p1a: Dragalge\n|-damage|p1a: Dragalge|0 fnt\n|faint|p1a: Dragalge\n|\n|-ability|p2a: Espathra|Speed Boost|boost\n|-boost|p2a: Espathra|spe|1\n|upkeep\n|\n|t:|1698016143\n|switch|p1a: Cyclizar|Cyclizar, M, shiny|100\/100\n|turn|8\n|\n|t:|1698016147\n|move|p2a: Espathra|Calm Mind|p2a: Espathra\n|-boost|p2a: Espathra|spa|1\n|-boost|p2a: Espathra|spd|1\n|move|p1a: Cyclizar|Substitute|p1a: Cyclizar\n|-start|p1a: Cyclizar|Substitute\n|-damage|p1a: Cyclizar|75\/100\n|\n|-ability|p2a: Espathra|Speed Boost|boost\n|-boost|p2a: Espathra|spe|1\n|upkeep\n|turn|9\n|inactive|Sludhhske has 90 seconds left.\n|\n|t:|1698016169\n|-terastallize|p2a: Espathra|Fairy\n|move|p2a: Espathra|Dazzling Gleam|p1a: Cyclizar\n|-supereffective|p1a: Cyclizar\n|-end|p1a: Cyclizar|Substitute\n|move|p1a: Cyclizar|Iron Head|p2a: Espathra\n|-supereffective|p2a: Espathra\n|-damage|p2a: Espathra|35\/100\n|-enditem|p2a: Espathra|Weakness Policy\n|-boost|p2a: Espathra|atk|2|[from] item: Weakness Policy\n|-boost|p2a: Espathra|spa|2|[from] item: Weakness Policy\n|\n|-ability|p2a: Espathra|Speed Boost|boost\n|-boost|p2a: Espathra|spe|1\n|upkeep\n|turn|10\n|inactive|Sludhhske has 90 seconds left.\n|\n|t:|1698016182\n|move|p2a: Espathra|Dazzling Gleam|p1a: Cyclizar\n|-supereffective|p1a: Cyclizar\n|-damage|p1a: Cyclizar|0 fnt\n|faint|p1a: Cyclizar\n|\n|-ability|p2a: Espathra|Speed Boost|boost\n|-boost|p2a: Espathra|spe|1\n|upkeep\n|\n|t:|1698016190\n|switch|p1a: Death|Houndstone, M, shiny|100\/100\n|turn|11\n|\n|t:|1698016195\n|move|p2a: Espathra|Dazzling Gleam|p1a: Death\n|-damage|p1a: Death|0 fnt\n|faint|p1a: Death\n|\n|-ability|p2a: Espathra|Speed Boost|boost\n|-boost|p2a: Espathra|spe|1\n|upkeep\n|\n|t:|1698016198\n|switch|p1a: Tyranitar|Tyranitar, F, shiny|100\/100\n|-weather|Sandstorm|[from] ability: Sand Stream|[of] p1a: Tyranitar\n|turn|12\n|\n|t:|1698016205\n|move|p2a: Espathra|Dazzling Gleam|p1a: Tyranitar\n|-supereffective|p1a: Tyranitar\n|-damage|p1a: Tyranitar|0 fnt\n|faint|p1a: Tyranitar\n|\n|win|Jack0808\n|raw|Sludhhske's rating: 1046 &rarr; <strong>1029<\/strong><br \/>(-17 for losing)\n|raw|Jack0808's rating: 1050 &rarr; <strong>1082<\/strong><br \/>(+32 for winning)\n","uploadtime":1698016211,"views":12,"p1id":"sludhhske","p2id":"jack0808","formatid":"gen9ubers","rating":1029,"private":0,"password":""}