{"id":"gen9ubers-1977856048","p1":"dunsam","p2":"Samhicat","format":"[Gen 9] Ubers","log":"|j|\u2606dunsam\n|j|\u2606Samhicat\n|t:|1698458004\n|gametype|singles\n|player|p1|dunsam|elesa|1435\n|player|p2|Samhicat|rosa|1474\n|teamsize|p1|6\n|teamsize|p2|6\n|gen|9\n|tier|[Gen 9] Ubers\n|rated|\n|rule|Sleep Clause Mod: Limit one foe put to sleep\n|rule|Species Clause: Limit one of each Pok\u00e9mon\n|rule|OHKO Clause: OHKO moves are banned\n|rule|Evasion Items Clause: Evasion items are banned\n|rule|Evasion Moves Clause: Evasion moves are banned\n|rule|Endless Battle Clause: Forcing endless battles is banned\n|rule|HP Percentage Mod: HP is shown in percentages\n|clearpoke\n|poke|p1|Iron Bundle|\n|poke|p1|Miraidon|\n|poke|p1|Arceus|\n|poke|p1|Skeledirge, M|\n|poke|p1|Clodsire, F|\n|poke|p1|Corviknight, M|\n|poke|p2|Arceus-Ground|\n|poke|p2|Koraidon|\n|poke|p2|Flutter Mane|\n|poke|p2|Walking Wake|\n|poke|p2|Clodsire, F|\n|poke|p2|Giratina-Origin|\n|teampreview\n|inactive|Battle timer is ON: inactive players will automatically lose when time's up. (requested by Samhicat)\n|inactive|Samhicat has 120 seconds left.\n|\n|t:|1698458038\n|start\n|switch|p1a: Miraidon|Miraidon|100\/100\n|switch|p2a: Giratina|Giratina-Origin|100\/100\n|-fieldstart|move: Electric Terrain|[from] ability: Hadron Engine|[of] p1a: Miraidon\n|turn|1\n|\n|t:|1698458062\n|switch|p2a: Arceus|Arceus-Ground|100\/100\n|move|p1a: Miraidon|Draco Meteor|p2a: Arceus|[miss]\n|-miss|p1a: Miraidon|p2a: Arceus\n|\n|upkeep\n|turn|2\n|\n|t:|1698458085\n|switch|p1a: Corviknight|Corviknight, M|100\/100\n|-ability|p1a: Corviknight|Pressure\n|move|p2a: Arceus|Dragon Dance|p2a: Arceus\n|-boost|p2a: Arceus|atk|1\n|-boost|p2a: Arceus|spe|1\n|\n|upkeep\n|turn|3\n|inactive|Samhicat has 120 seconds left.\n|\n|t:|1698458109\n|move|p2a: Arceus|Gravity|p2a: Arceus\n|-fieldstart|move: Gravity\n|move|p1a: Corviknight|U-turn|p2a: Arceus\n|-damage|p2a: Arceus|91\/100\n|\n|t:|1698458118\n|switch|p1a: Skeledirge|Skeledirge, M|100\/100|[from] U-turn\n|\n|upkeep\n|turn|4\n|\n|t:|1698458136\n|switch|p2a: Walking Wake|Walking Wake|100\/100\n|-terastallize|p1a: Skeledirge|Water\n|move|p1a: Skeledirge|Will-O-Wisp|p2a: Walking Wake\n|-status|p2a: Walking Wake|brn\n|\n|-damage|p2a: Walking Wake|94\/100 brn|[from] brn\n|upkeep\n|turn|5\n|inactive|Samhicat has 120 seconds left.\n|\n|t:|1698458160\n|switch|p1a: Clodsire|Clodsire, F|100\/100\n|move|p2a: Walking Wake|Draco Meteor|p1a: Clodsire\n|-damage|p1a: Clodsire|47\/100\n|-unboost|p2a: Walking Wake|spa|2\n|\n|-heal|p1a: Clodsire|54\/100|[from] item: Leftovers\n|-damage|p2a: Walking Wake|88\/100 brn|[from] brn\n|-fieldend|move: Electric Terrain\n|upkeep\n|turn|6\n|inactive|Samhicat has 120 seconds left.\n|\n|t:|1698458179\n|-end|p2a: Walking Wake|Protosynthesis|[silent]\n|switch|p2a: Clodsire|Clodsire, F|100\/100\n|move|p1a: Clodsire|Recover|p1a: Clodsire\n|-heal|p1a: Clodsire|100\/100\n|\n|upkeep\n|turn|7\n|\n|t:|1698458195\n|move|p1a: Clodsire|Earthquake|p2a: Clodsire\n|-supereffective|p2a: Clodsire\n|-damage|p2a: Clodsire|63\/100\n|move|p2a: Clodsire|Earthquake|p1a: Clodsire\n|-supereffective|p1a: Clodsire\n|-damage|p1a: Clodsire|38\/100\n|\n|-heal|p1a: Clodsire|44\/100|[from] item: Leftovers\n|-fieldend|move: Gravity\n|upkeep\n|turn|8\n|\n|t:|1698458208\n|switch|p1a: Corviknight|Corviknight, M|100\/100\n|-ability|p1a: Corviknight|Pressure\n|move|p2a: Clodsire|Spikes|p1a: Corviknight\n|-sidestart|p1: dunsam|Spikes\n|\n|upkeep\n|turn|9\n|\n|t:|1698458223\n|switch|p2a: Arceus|Arceus-Ground|91\/100\n|move|p1a: Corviknight|Brave Bird|p2a: Arceus\n|-damage|p2a: Arceus|68\/100\n|-damage|p1a: Corviknight|92\/100|[from] Recoil\n|\n|-heal|p1a: Corviknight|98\/100|[from] item: Leftovers\n|upkeep\n|turn|10\n|\n|t:|1698458242\n|move|p2a: Arceus|Dragon Dance|p2a: Arceus\n|-boost|p2a: Arceus|atk|1\n|-boost|p2a: Arceus|spe|1\n|move|p1a: Corviknight|U-turn|p2a: Arceus\n|-damage|p2a: Arceus|59\/100\n|\n|t:|1698458243\n|switch|p1a: Skeledirge|Skeledirge, M, tera:Water|100\/100|[from] U-turn\n|\n|upkeep\n|turn|11\n|\n|t:|1698458264\n|switch|p2a: Walking Wake|Walking Wake|88\/100 brn\n|move|p1a: Skeledirge|Torch Song|p2a: Walking Wake\n|-resisted|p2a: Walking Wake\n|-damage|p2a: Walking Wake|79\/100 brn\n|-boost|p1a: Skeledirge|spa|1\n|\n|-damage|p2a: Walking Wake|73\/100 brn|[from] brn\n|upkeep\n|turn|12\n|\n|t:|1698458286\n|switch|p1a: Corviknight|Corviknight, M|98\/100\n|-ability|p1a: Corviknight|Pressure\n|move|p2a: Walking Wake|Draco Meteor|p1a: Corviknight\n|-resisted|p1a: Corviknight\n|-damage|p1a: Corviknight|53\/100\n|-unboost|p2a: Walking Wake|spa|2\n|\n|-heal|p1a: Corviknight|59\/100|[from] item: Leftovers\n|-damage|p2a: Walking Wake|67\/100 brn|[from] brn\n|upkeep\n|turn|13\n|\n|t:|1698458299\n|-end|p2a: Walking Wake|Protosynthesis|[silent]\n|switch|p2a: Koraidon|Koraidon|100\/100\n|-weather|SunnyDay|[from] ability: Orichalcum Pulse|[of] p2a: Koraidon\n|-activate|p2a: Koraidon|Orichalcum Pulse|[source]\n|move|p1a: Corviknight|Defog|p2a: Koraidon\n|-unboost|p2a: Koraidon|evasion|1\n|-sideend|p1: dunsam|Spikes|[from] move: Defog|[of] p1a: Corviknight\n|\n|-weather|SunnyDay|[upkeep]\n|-heal|p1a: Corviknight|65\/100|[from] item: Leftovers\n|upkeep\n|turn|14\n|inactive|Samhicat has 90 seconds left.\n|\n|t:|1698458323\n|switch|p1a: Skeledirge|Skeledirge, M, tera:Water|100\/100\n|move|p2a: Koraidon|Scale Shot|p1a: Skeledirge\n|-damage|p1a: Skeledirge|90\/100\n|-damage|p1a: Skeledirge|79\/100\n|-damage|p1a: Skeledirge|69\/100\n|-damage|p1a: Skeledirge|57\/100\n|-hitcount|p1a: Skeledirge|4\n|-unboost|p2a: Koraidon|def|1\n|-boost|p2a: Koraidon|spe|1\n|\n|-weather|SunnyDay|[upkeep]\n|upkeep\n|turn|15\n|inactive|Samhicat has 90 seconds left.\n|inactive|dunsam has 120 seconds left.\n|\n|t:|1698458356\n|switch|p2a: Walking Wake|Walking Wake|67\/100 brn\n|-activate|p2a: Walking Wake|ability: Protosynthesis\n|-start|p2a: Walking Wake|protosynthesisspe\n|move|p1a: Skeledirge|Will-O-Wisp|p2a: Walking Wake\n|-fail|p2a: Walking Wake|brn\n|\n|-weather|SunnyDay|[upkeep]\n|-damage|p2a: Walking Wake|61\/100 brn|[from] brn\n|upkeep\n|turn|16\n|inactive|dunsam has 90 seconds left.\n|inactive|Samhicat has 60 seconds left.\n|\n|t:|1698458393\n|switch|p1a: Corviknight|Corviknight, M|65\/100\n|-ability|p1a: Corviknight|Pressure\n|move|p2a: Walking Wake|Draco Meteor|p1a: Corviknight\n|-resisted|p1a: Corviknight\n|-damage|p1a: Corviknight|15\/100\n|-unboost|p2a: Walking Wake|spa|2\n|\n|-weather|SunnyDay|[upkeep]\n|-heal|p1a: Corviknight|21\/100|[from] item: Leftovers\n|-damage|p2a: Walking Wake|55\/100 brn|[from] brn\n|upkeep\n|turn|17\n|\n|t:|1698458400\n|switch|p1a: Clodsire|Clodsire, F|44\/100\n|move|p2a: Walking Wake|Draco Meteor|p1a: Clodsire\n|-damage|p1a: Clodsire|16\/100\n|-unboost|p2a: Walking Wake|spa|2\n|\n|-weather|none\n|-end|p2a: Walking Wake|Protosynthesis\n|-heal|p1a: Clodsire|22\/100|[from] item: Leftovers\n|-damage|p2a: Walking Wake|48\/100 brn|[from] brn\n|upkeep\n|turn|18\n|\n|t:|1698458407\n|move|p2a: Walking Wake|Draco Meteor|p1a: Clodsire\n|-damage|p1a: Clodsire|5\/100\n|-unboost|p2a: Walking Wake|spa|2\n|move|p1a: Clodsire|Recover|p1a: Clodsire\n|-heal|p1a: Clodsire|55\/100\n|\n|-heal|p1a: Clodsire|61\/100|[from] item: Leftovers\n|-damage|p2a: Walking Wake|42\/100 brn|[from] brn\n|upkeep\n|turn|19\n|\n|t:|1698458414\n|-end|p2a: Walking Wake|Protosynthesis|[silent]\n|switch|p2a: Clodsire|Clodsire, F|63\/100\n|move|p1a: Clodsire|Toxic|p2a: Clodsire\n|-immune|p2a: Clodsire\n|\n|-heal|p1a: Clodsire|68\/100|[from] item: Leftovers\n|upkeep\n|turn|20\n|\n|t:|1698458421\n|switch|p1a: Corviknight|Corviknight, M|21\/100\n|-ability|p1a: Corviknight|Pressure\n|move|p2a: Clodsire|Spikes|p1a: Corviknight\n|-sidestart|p1: dunsam|Spikes\n|\n|-heal|p1a: Corviknight|27\/100|[from] item: Leftovers\n|upkeep\n|turn|21\n|inactive|Samhicat has 90 seconds left.\n|\n|t:|1698458426\n|move|p1a: Corviknight|Roost|p1a: Corviknight\n|-heal|p1a: Corviknight|77\/100\n|-singleturn|p1a: Corviknight|move: Roost\n|move|p2a: Clodsire|Recover|p2a: Clodsire\n|-heal|p2a: Clodsire|100\/100\n|\n|-heal|p1a: Corviknight|83\/100|[from] item: Leftovers\n|upkeep\n|turn|22\n|\n|t:|1698458435\n|switch|p2a: Koraidon|Koraidon|100\/100\n|-weather|SunnyDay|[from] ability: Orichalcum Pulse|[of] p2a: Koraidon\n|-activate|p2a: Koraidon|Orichalcum Pulse|[source]\n|move|p1a: Corviknight|Brave Bird|p2a: Koraidon\n|-supereffective|p2a: Koraidon\n|-damage|p2a: Koraidon|41\/100\n|-damage|p1a: Corviknight|67\/100|[from] Recoil\n|\n|-weather|SunnyDay|[upkeep]\n|-heal|p1a: Corviknight|73\/100|[from] item: Leftovers\n|upkeep\n|turn|23\n|inactive|dunsam has 120 seconds left.\n|inactive|Samhicat has 90 seconds left.\n|\n|t:|1698458460\n|-terastallize|p2a: Koraidon|Fire\n|move|p2a: Koraidon|Flare Blitz|p1a: Corviknight\n|-supereffective|p1a: Corviknight\n|-damage|p1a: Corviknight|0 fnt\n|faint|p1a: Corviknight\n|-damage|p2a: Koraidon|13\/100|[from] Recoil\n|\n|-weather|SunnyDay|[upkeep]\n|upkeep\n|\n|t:|1698458484\n|switch|p1a: Miraidon|Miraidon|100\/100\n|-damage|p1a: Miraidon|88\/100|[from] Spikes\n|-fieldstart|move: Electric Terrain|[from] ability: Hadron Engine|[of] p1a: Miraidon\n|turn|24\n|\n|t:|1698458495\n|switch|p2a: Flutter Mane|Flutter Mane|100\/100\n|-activate|p2a: Flutter Mane|ability: Protosynthesis\n|-start|p2a: Flutter Mane|protosynthesisspe\n|move|p1a: Miraidon|Draco Meteor|p2a: Flutter Mane\n|-immune|p2a: Flutter Mane\n|\n|-weather|SunnyDay|[upkeep]\n|upkeep\n|turn|25\n|inactive|dunsam has 90 seconds left.\n|\n|t:|1698458531\n|switch|p1a: Clodsire|Clodsire, F|68\/100\n|-damage|p1a: Clodsire|55\/100|[from] Spikes\n|move|p2a: Flutter Mane|Moonblast|p1a: Clodsire\n|-resisted|p1a: Clodsire\n|-damage|p1a: Clodsire|36\/100\n|-unboost|p1a: Clodsire|spa|1\n|-damage|p2a: Flutter Mane|91\/100|[from] item: Life Orb\n|\n|-weather|SunnyDay|[upkeep]\n|-heal|p1a: Clodsire|42\/100|[from] item: Leftovers\n|upkeep\n|turn|26\n|\n|t:|1698458540\n|move|p2a: Flutter Mane|Psyshock|p1a: Clodsire\n|-supereffective|p1a: Clodsire\n|-damage|p1a: Clodsire|0 fnt\n|faint|p1a: Clodsire\n|-damage|p2a: Flutter Mane|81\/100|[from] item: Life Orb\n|\n|-weather|none\n|-end|p2a: Flutter Mane|Protosynthesis\n|upkeep\n|\n|t:|1698458549\n|switch|p1a: Miraidon|Miraidon|88\/100\n|-damage|p1a: Miraidon|76\/100|[from] Spikes\n|-activate|p1a: Miraidon|ability: Hadron Engine\n|turn|27\n|inactive|dunsam has 90 seconds left.\n|\n|t:|1698458561\n|-end|p2a: Flutter Mane|Protosynthesis|[silent]\n|switch|p2a: Arceus|Arceus-Ground|59\/100\n|move|p1a: Miraidon|Electro Drift|p2a: Arceus\n|-immune|p2a: Arceus\n|\n|upkeep\n|turn|28\n|inactive|dunsam has 90 seconds left.\n|\n|t:|1698458584\n|switch|p1a: Skeledirge|Skeledirge, M, tera:Water|57\/100\n|move|p2a: Arceus|Recover|p2a: Arceus\n|-heal|p2a: Arceus|100\/100\n|\n|-fieldend|move: Electric Terrain\n|upkeep\n|turn|29\n|inactive|Samhicat has 120 seconds left.\n|\n|t:|1698458598\n|switch|p2a: Walking Wake|Walking Wake|42\/100 brn\n|move|p1a: Skeledirge|Slack Off|p1a: Skeledirge\n|-heal|p1a: Skeledirge|100\/100\n|\n|-damage|p2a: Walking Wake|36\/100 brn|[from] brn\n|upkeep\n|turn|30\n|inactive|Samhicat has 120 seconds left.\n|inactive|dunsam has 60 seconds left.\n|\n|t:|1698458634\n|switch|p1a: Arceus|Arceus|100\/100\n|-damage|p1a: Arceus|88\/100|[from] Spikes\n|move|p2a: Walking Wake|Draco Meteor|p1a: Arceus\n|-damage|p1a: Arceus|18\/100\n|-unboost|p2a: Walking Wake|spa|2\n|\n|-damage|p2a: Walking Wake|30\/100 brn|[from] brn\n|upkeep\n|turn|31\n|inactive|Samhicat has 120 seconds left.\n|\n|t:|1698458658\n|-end|p2a: Walking Wake|Protosynthesis|[silent]\n|switch|p2a: Giratina|Giratina-Origin|100\/100\n|move|p1a: Arceus|Shadow Claw|p2a: Giratina\n|-supereffective|p2a: Giratina\n|-crit|p2a: Giratina\n|-damage|p2a: Giratina|57\/100\n|\n|upkeep\n|turn|32\n|\n|t:|1698458672\n|switch|p1a: Skeledirge|Skeledirge, M, tera:Water|100\/100\n|move|p2a: Giratina|Draco Meteor|p1a: Skeledirge\n|-damage|p1a: Skeledirge|39\/100\n|-unboost|p2a: Giratina|spa|2\n|\n|upkeep\n|turn|33\n|\n|t:|1698458682\n|switch|p1a: Iron Bundle|Iron Bundle|100\/100\n|-damage|p1a: Iron Bundle|88\/100|[from] Spikes\n|move|p2a: Giratina|Draco Meteor|p1a: Iron Bundle\n|-damage|p1a: Iron Bundle|26\/100\n|-unboost|p2a: Giratina|spa|2\n|\n|upkeep\n|turn|34\n|inactive|Samhicat has 120 seconds left.\n|\n|t:|1698458706\n|move|p1a: Iron Bundle|Ice Beam|p2a: Giratina\n|-supereffective|p2a: Giratina\n|-damage|p2a: Giratina|0 fnt\n|faint|p2a: Giratina\n|\n|upkeep\n|\n|t:|1698458726\n|switch|p2a: Flutter Mane|Flutter Mane|81\/100\n|turn|35\n|inactive|dunsam has 60 seconds left.\n|\n|t:|1698458742\n|-end|p1a: Iron Bundle|Quark Drive|[silent]\n|switch|p1a: Skeledirge|Skeledirge, M, tera:Water|39\/100\n|move|p2a: Flutter Mane|Moonblast|p1a: Skeledirge\n|-damage|p1a: Skeledirge|0 fnt\n|faint|p1a: Skeledirge\n|-damage|p2a: Flutter Mane|71\/100|[from] item: Life Orb\n|\n|upkeep\n|\n|t:|1698458746\n|switch|p1a: Miraidon|Miraidon|76\/100\n|-damage|p1a: Miraidon|64\/100|[from] Spikes\n|-fieldstart|move: Electric Terrain|[from] ability: Hadron Engine|[of] p1a: Miraidon\n|turn|36\n|inactive|dunsam has 60 seconds left.\n|\n|t:|1698458761\n|-end|p2a: Flutter Mane|Protosynthesis|[silent]\n|switch|p2a: Koraidon|Koraidon, tera:Fire|13\/100\n|-weather|SunnyDay|[from] ability: Orichalcum Pulse|[of] p2a: Koraidon\n|-activate|p2a: Koraidon|Orichalcum Pulse|[source]\n|move|p1a: Miraidon|U-turn|p2a: Koraidon\n|-resisted|p2a: Koraidon\n|-damage|p2a: Koraidon|8\/100\n|inactive|dunsam has 60 seconds left.\n|\n|t:|1698458770\n|switch|p1a: Iron Bundle|Iron Bundle|26\/100|[from] U-turn\n|-damage|p1a: Iron Bundle|13\/100|[from] Spikes\n|-activate|p1a: Iron Bundle|ability: Quark Drive\n|-start|p1a: Iron Bundle|quarkdrivespe\n|\n|-weather|SunnyDay|[upkeep]\n|upkeep\n|turn|37\n|inactive|dunsam has 60 seconds left.\n|\n|t:|1698458783\n|move|p1a: Iron Bundle|Flip Turn|p2a: Koraidon\n|-supereffective|p2a: Koraidon\n|-damage|p2a: Koraidon|0 fnt\n|faint|p2a: Koraidon\n|inactive|dunsam has 60 seconds left.\n|\n|t:|1698458791\n|-end|p1a: Iron Bundle|Quark Drive|[silent]\n|switch|p1a: Arceus|Arceus|18\/100|[from] Flip Turn\n|-damage|p1a: Arceus|6\/100|[from] Spikes\n|\n|-weather|SunnyDay|[upkeep]\n|upkeep\n|\n|t:|1698458796\n|switch|p2a: Flutter Mane|Flutter Mane|71\/100\n|-activate|p2a: Flutter Mane|ability: Protosynthesis\n|-start|p2a: Flutter Mane|protosynthesisspe\n|turn|38\n|\n|t:|1698458799\n|move|p2a: Flutter Mane|Moonblast|p1a: Arceus\n|-damage|p1a: Arceus|0 fnt\n|faint|p1a: Arceus\n|-damage|p2a: Flutter Mane|61\/100|[from] item: Life Orb\n|\n|-weather|SunnyDay|[upkeep]\n|upkeep\n|\n|t:|1698458805\n|switch|p1a: Iron Bundle|Iron Bundle|13\/100\n|-damage|p1a: Iron Bundle|1\/100|[from] Spikes\n|-activate|p1a: Iron Bundle|ability: Quark Drive\n|-start|p1a: Iron Bundle|quarkdrivespe\n|turn|39\n|\n|t:|1698458827\n|-end|p2a: Flutter Mane|Protosynthesis|[silent]\n|switch|p2a: Clodsire|Clodsire, F|100\/100\n|move|p1a: Iron Bundle|Ice Beam|p2a: Clodsire\n|-supereffective|p2a: Clodsire\n|-damage|p2a: Clodsire|2\/100\n|\n|-weather|SunnyDay|[upkeep]\n|upkeep\n|turn|40\n|\n|t:|1698458841\n|move|p1a: Iron Bundle|Ice Beam|p2a: Clodsire\n|-supereffective|p2a: Clodsire\n|-damage|p2a: Clodsire|0 fnt\n|faint|p2a: Clodsire\n|\n|-weather|none\n|-fieldend|move: Electric Terrain\n|-end|p1a: Iron Bundle|Quark Drive\n|upkeep\n|\n|t:|1698458859\n|switch|p2a: Walking Wake|Walking Wake|30\/100 brn\n|turn|41\n|\n|t:|1698458877\n|move|p1a: Iron Bundle|Ice Beam|p2a: Walking Wake\n|-damage|p2a: Walking Wake|0 fnt\n|faint|p2a: Walking Wake\n|-end|p2a: Walking Wake|Protosynthesis|[silent]\n|\n|upkeep\n|\n|t:|1698458880\n|switch|p2a: Flutter Mane|Flutter Mane|61\/100\n|turn|42\n|\n|t:|1698458882\n|move|p1a: Iron Bundle|Ice Beam|p2a: Flutter Mane\n|-damage|p2a: Flutter Mane|0 fnt\n|faint|p2a: Flutter Mane\n|-end|p2a: Flutter Mane|Protosynthesis|[silent]\n|\n|upkeep\n|\n|t:|1698458885\n|switch|p2a: Arceus|Arceus-Ground|100\/100\n|turn|43\n|\n|t:|1698458890\n|move|p1a: Iron Bundle|Ice Beam|p2a: Arceus\n|-supereffective|p2a: Arceus\n|-damage|p2a: Arceus|35\/100\n|move|p2a: Arceus|Dragon Dance|p2a: Arceus\n|-boost|p2a: Arceus|atk|1\n|-boost|p2a: Arceus|spe|1\n|\n|upkeep\n|turn|44\n|\n|t:|1698458897\n|move|p2a: Arceus|Earthquake|p1a: Iron Bundle\n|-crit|p1a: Iron Bundle\n|-damage|p1a: Iron Bundle|0 fnt\n|faint|p1a: Iron Bundle\n|-end|p1a: Iron Bundle|Quark Drive|[silent]\n|\n|upkeep\n|\n|t:|1698458898\n|switch|p1a: Miraidon|Miraidon|64\/100\n|-damage|p1a: Miraidon|51\/100|[from] Spikes\n|-fieldstart|move: Electric Terrain|[from] ability: Hadron Engine|[of] p1a: Miraidon\n|turn|45\n|\n|t:|1698458901\n|move|p1a: Miraidon|Draco Meteor|p2a: Arceus\n|-damage|p2a: Arceus|0 fnt\n|-unboost|p1a: Miraidon|spa|2\n|faint|p2a: Arceus\n|\n|win|dunsam\n|raw|dunsam's rating: 1435 &rarr; <strong>1457<\/strong><br \/>(+22 for winning)\n|raw|Samhicat's rating: 1474 &rarr; <strong>1452<\/strong><br \/>(-22 for losing)\n|c|\u2606dunsam|gg\n|c|\u2606Samhicat|Gg\n|l|\u2606Samhicat\n","uploadtime":1698459272,"views":10,"p1id":"dunsam","p2id":"samhicat","formatid":"gen9ubers","rating":1452,"private":0,"password":""}