{"id":"gen9ubers-1980627679","p1":"Laprasrules12","p2":"AlicieLizzie","format":"[Gen 9] Ubers","log":"|j|\u2606Laprasrules12\n|j|\u2606AlicieLizzie\n|t:|1698804989\n|gametype|singles\n|player|p1|Laprasrules12|lusamine-nihilego|\n|player|p2|AlicieLizzie|marnie-masters3|\n|teamsize|p1|6\n|teamsize|p2|6\n|gen|9\n|tier|[Gen 9] Ubers\n|rule|Sleep Clause Mod: Limit one foe put to sleep\n|rule|Species Clause: Limit one of each Pok\u00e9mon\n|rule|OHKO Clause: OHKO moves are banned\n|rule|Evasion Items Clause: Evasion items are banned\n|rule|Evasion Moves Clause: Evasion moves are banned\n|rule|Endless Battle Clause: Forcing endless battles is banned\n|rule|HP Percentage Mod: HP is shown in percentages\n|clearpoke\n|poke|p1|Arceus-Fighting|\n|poke|p1|Espathra, F|\n|poke|p1|Zacian-*|\n|poke|p1|Palkia-Origin|\n|poke|p1|Cyclizar, M|\n|poke|p1|Magearna-Original|\n|poke|p2|Ninetales-Alola, M|\n|poke|p2|Kommo-o, M|\n|poke|p2|Zacian-*|\n|poke|p2|Ursaluna-Bloodmoon, M|\n|poke|p2|Palafin, F|\n|poke|p2|Arceus-Fire|\n|teampreview\n|inactive|Battle timer is ON: inactive players will automatically lose when time's up. (requested by AlicieLizzie)\n|inactive|Laprasrules12 also wants the timer to be on.\n|\n|t:|1698805013\n|start\n|switch|p1a: Say Gex|Cyclizar, M, shiny|100\/100\n|switch|p2a: Fommo-o Fighters|Kommo-o, M|100\/100\n|turn|1\n|\n|t:|1698805021\n|move|p1a: Say Gex|Shed Tail|p1a: Say Gex\n|-start|p1a: Say Gex|Substitute|[from] move: Shed Tail\n|-damage|p1a: Say Gex|50\/100\n|\n|t:|1698805024\n|switch|p1a: Kratos|Arceus-Fighting, shiny|100\/100|[from] Shed Tail\n|move|p2a: Fommo-o Fighters|Clangorous Soul|p2a: Fommo-o Fighters\n|-boost|p2a: Fommo-o Fighters|atk|1\n|-boost|p2a: Fommo-o Fighters|def|1\n|-boost|p2a: Fommo-o Fighters|spa|1\n|-boost|p2a: Fommo-o Fighters|spd|1\n|-boost|p2a: Fommo-o Fighters|spe|1\n|-damage|p2a: Fommo-o Fighters|68\/100\n|-enditem|p2a: Fommo-o Fighters|Throat Spray\n|-boost|p2a: Fommo-o Fighters|spa|1|[from] item: Throat Spray\n|\n|upkeep\n|turn|2\n|\n|t:|1698805031\n|move|p2a: Fommo-o Fighters|Boomburst|p1a: Kratos\n|-crit|p1a: Kratos\n|-damage|p1a: Kratos|25\/100\n|move|p1a: Kratos|Cosmic Power|p1a: Kratos\n|-boost|p1a: Kratos|def|1\n|-boost|p1a: Kratos|spd|1\n|\n|upkeep\n|turn|3\n|c|\u2606Laprasrules12|Wtf\n|\n|t:|1698805037\n|move|p2a: Fommo-o Fighters|Boomburst|p1a: Kratos\n|-damage|p1a: Kratos|0 fnt\n|faint|p1a: Kratos\n|\n|upkeep\n|\n|t:|1698805039\n|switch|p1a: Cleopatra|Espathra, F, shiny|100\/100\n|turn|4\n|c|\u2606AlicieLizzie|sound moves\n|\n|t:|1698805043\n|move|p2a: Fommo-o Fighters|Boomburst|p1a: Cleopatra\n|-damage|p1a: Cleopatra|0 fnt\n|faint|p1a: Cleopatra\n|\n|upkeep\n|c|\u2606AlicieLizzie|die\n|c|\u2606Laprasrules12|No the crit\n|\n|t:|1698805052\n|switch|p1a: The Horse|Palkia-Origin, shiny|100\/100\n|-ability|p1a: The Horse|Pressure\n|turn|5\n|\n|t:|1698805056\n|-terastallize|p1a: The Horse|Fairy\n|move|p2a: Fommo-o Fighters|Clanging Scales|p1a: The Horse\n|-immune|p1a: The Horse\n|move|p1a: The Horse|Spacial Rend|p2a: Fommo-o Fighters\n|-supereffective|p2a: Fommo-o Fighters\n|-damage|p2a: Fommo-o Fighters|0 fnt\n|faint|p2a: Fommo-o Fighters\n|\n|upkeep\n|c|\u2606AlicieLizzie|oshit\n|\n|t:|1698805062\n|switch|p2a: Fin Halen|Palafin, F|100\/100\n|turn|6\n|c|\u2606Laprasrules12|Die\n|\n|t:|1698805069\n|detailschange|p2a: Fin Halen|Palafin-Hero, F\n|switch|p2a: Arcs N\u2019 Roses|Arceus-Fire|100\/100\n|move|p1a: The Horse|Substitute|p1a: The Horse\n|-start|p1a: The Horse|Substitute\n|-damage|p1a: The Horse|76\/100\n|\n|upkeep\n|turn|7\n|\n|t:|1698805077\n|switch|p2a: Fin Halen|Palafin-Hero, F|100\/100\n|-activate|p2a: Fin Halen|ability: Zero to Hero\n|move|p1a: The Horse|Hydro Pump|p2a: Fin Halen\n|-resisted|p2a: Fin Halen\n|-damage|p2a: Fin Halen|54\/100\n|\n|upkeep\n|turn|8\n|\n|t:|1698805081\n|move|p1a: The Horse|Spacial Rend|p2a: Fin Halen\n|-damage|p2a: Fin Halen|0 fnt\n|faint|p2a: Fin Halen\n|\n|upkeep\n|c|\u2606AlicieLizzie|im fool\n|c|\u2606Laprasrules12|Death by horse\n|\n|t:|1698805106\n|switch|p2a: Nine Inch Tails|Ninetales-Alola, M|100\/100\n|-weather|Snow|[from] ability: Snow Warning|[of] p2a: Nine Inch Tails\n|turn|9\n|\n|t:|1698805119\n|move|p1a: The Horse|Flamethrower|p2a: Nine Inch Tails\n|-supereffective|p2a: Nine Inch Tails\n|-damage|p2a: Nine Inch Tails|21\/100\n|move|p2a: Nine Inch Tails|Aurora Veil|p2a: Nine Inch Tails\n|-sidestart|p2: AlicieLizzie|move: Aurora Veil\n|\n|-weather|Snow|[upkeep]\n|upkeep\n|turn|10\n|\n|t:|1698805128\n|switch|p2a: Arcs N\u2019 Roses|Arceus-Fire|100\/100\n|move|p1a: The Horse|Flamethrower|p2a: Arcs N\u2019 Roses\n|-resisted|p2a: Arcs N\u2019 Roses\n|-damage|p2a: Arcs N\u2019 Roses|94\/100\n|\n|-weather|Snow|[upkeep]\n|upkeep\n|turn|11\n|c|\u2606Laprasrules12|Rip\n|\n|t:|1698805134\n|move|p1a: The Horse|Hydro Pump|p2a: Arcs N\u2019 Roses\n|-supereffective|p2a: Arcs N\u2019 Roses\n|-damage|p2a: Arcs N\u2019 Roses|32\/100\n|move|p2a: Arcs N\u2019 Roses|Flare Blitz|p1a: The Horse\n|-end|p1a: The Horse|Substitute\n|-damage|p2a: Arcs N\u2019 Roses|25\/100|[from] Recoil|[of] p1a: The Horse\n|\n|-weather|Snow|[upkeep]\n|upkeep\n|turn|12\n|\n|t:|1698805147\n|move|p2a: Arcs N\u2019 Roses|Extreme Speed|p1a: The Horse\n|-damage|p1a: The Horse|42\/100\n|move|p1a: The Horse|Hydro Pump|p2a: Arcs N\u2019 Roses\n|-supereffective|p2a: Arcs N\u2019 Roses\n|-damage|p2a: Arcs N\u2019 Roses|0 fnt\n|faint|p2a: Arcs N\u2019 Roses\n|\n|-weather|Snow|[upkeep]\n|upkeep\n|\n|t:|1698805154\n|switch|p2a: URSA\/LUNA|Ursaluna-Bloodmoon, M|100\/100\n|turn|13\n|\n|t:|1698805157\n|-terastallize|p2a: URSA\/LUNA|Normal\n|move|p1a: The Horse|Substitute|p1a: The Horse\n|-start|p1a: The Horse|Substitute\n|-damage|p1a: The Horse|17\/100\n|move|p2a: URSA\/LUNA|Blood Moon|p1a: The Horse\n|-end|p1a: The Horse|Substitute\n|\n|-weather|none\n|upkeep\n|turn|14\n|\n|t:|1698805162\n|switch|p1a: Pok\u00e9ball|Magearna-Original|100\/100\n|move|p2a: URSA\/LUNA|Earth Power|p1a: Pok\u00e9ball\n|-supereffective|p1a: Pok\u00e9ball\n|-damage|p1a: Pok\u00e9ball|34\/100\n|-unboost|p1a: Pok\u00e9ball|spd|1\n|\n|-heal|p1a: Pok\u00e9ball|40\/100|[from] item: Leftovers\n|upkeep\n|turn|15\n|\n|t:|1698805165\n|move|p1a: Pok\u00e9ball|Thunder Wave|p2a: URSA\/LUNA\n|-status|p2a: URSA\/LUNA|par\n|cant|p2a: URSA\/LUNA|par\n|\n|-heal|p1a: Pok\u00e9ball|46\/100|[from] item: Leftovers\n|upkeep\n|turn|16\n|c|\u2606AlicieLizzie|fuck\n|\n|t:|1698805171\n|move|p1a: Pok\u00e9ball|Spikes|p2a: URSA\/LUNA\n|-sidestart|p2: AlicieLizzie|Spikes\n|cant|p2a: URSA\/LUNA|par\n|\n|-heal|p1a: Pok\u00e9ball|52\/100|[from] item: Leftovers\n|-sideend|p2: AlicieLizzie|move: Aurora Veil\n|upkeep\n|turn|17\n|\n|t:|1698805176\n|move|p1a: Pok\u00e9ball|Spikes|p2a: URSA\/LUNA\n|-sidestart|p2: AlicieLizzie|Spikes\n|move|p2a: URSA\/LUNA|Earth Power|p1a: Pok\u00e9ball\n|-supereffective|p1a: Pok\u00e9ball\n|-damage|p1a: Pok\u00e9ball|0 fnt\n|faint|p1a: Pok\u00e9ball\n|\n|upkeep\n|\n|t:|1698805178\n|switch|p1a: Sif|Zacian, shiny|100\/100\n|-ability|p1a: Sif|Intrepid Sword|boost\n|-boost|p1a: Sif|atk|1\n|turn|18\n|\n|t:|1698805183\n|switch|p2a: Zac Sabbath|Zacian|100\/100\n|-damage|p2a: Zac Sabbath|84\/100|[from] Spikes\n|-ability|p2a: Zac Sabbath|Intrepid Sword|boost\n|-boost|p2a: Zac Sabbath|atk|1\n|move|p1a: Sif|Close Combat|p2a: Zac Sabbath\n|-resisted|p2a: Zac Sabbath\n|-damage|p2a: Zac Sabbath|49\/100\n|-unboost|p1a: Sif|def|1\n|-unboost|p1a: Sif|spd|1\n|-damage|p1a: Sif|91\/100|[from] item: Life Orb\n|\n|-heal|p2a: Zac Sabbath|56\/100|[from] item: Leftovers\n|upkeep\n|turn|19\n|\n|t:|1698805186\n|move|p2a: Zac Sabbath|Iron Head|p1a: Sif\n|-supereffective|p1a: Sif\n|-damage|p1a: Sif|0 fnt\n|faint|p1a: Sif\n|\n|-heal|p2a: Zac Sabbath|62\/100|[from] item: Leftovers\n|upkeep\n|\n|t:|1698805189\n|switch|p1a: Say Gex|Cyclizar, M, shiny|84\/100\n|turn|20\n|\n|t:|1698805194\n|move|p1a: Say Gex|Shed Tail|p1a: Say Gex\n|-start|p1a: Say Gex|Substitute|[from] move: Shed Tail\n|-damage|p1a: Say Gex|34\/100\n|c|\u2606Laprasrules12|Of course ya outspeed GG\n|c|\u2606Laprasrules12|That crit on arc killed me\n|\n|t:|1698805204\n|switch|p1a: The Horse|Palkia-Origin, shiny, tera:Fairy|17\/100|[from] Shed Tail\n|-ability|p1a: The Horse|Pressure\n|move|p2a: Zac Sabbath|Play Rough|p1a: The Horse\n|-end|p1a: The Horse|Substitute\n|\n|-heal|p2a: Zac Sabbath|68\/100|[from] item: Leftovers\n|upkeep\n|turn|21\n|\n|t:|1698805208\n|move|p2a: Zac Sabbath|Iron Head|p1a: The Horse\n|-supereffective|p1a: The Horse\n|-damage|p1a: The Horse|0 fnt\n|faint|p1a: The Horse\n|\n|-heal|p2a: Zac Sabbath|74\/100|[from] item: Leftovers\n|upkeep\n|\n|t:|1698805210\n|switch|p1a: Say Gex|Cyclizar, M, shiny|67\/100\n|turn|22\n|c|\u2606AlicieLizzie|realised i just need to say fuck it we ball and try to kill it immediately\n|\n|t:|1698805229\n|move|p1a: Say Gex|Rapid Spin|p2a: Zac Sabbath\n|-damage|p2a: Zac Sabbath|60\/100\n|-boost|p1a: Say Gex|spe|1\n|move|p2a: Zac Sabbath|Play Rough|p1a: Say Gex\n|-supereffective|p1a: Say Gex\n|-damage|p1a: Say Gex|0 fnt\n|faint|p1a: Say Gex\n|\n|win|AlicieLizzie\n|c|\u2606AlicieLizzie|that's how you beat the emu\n","uploadtime":1698805239,"views":14,"p1id":"laprasrules12","p2id":"alicielizzie","formatid":"gen9ubers","rating":0,"private":0,"password":""}