{"id":"gen9ubers-1997011299","p1":"Billl21","p2":"ZachPlay","format":"[Gen 9] Ubers","log":"|j|\u2606Billl21\n|j|\u2606ZachPlay\n|t:|1700755443\n|gametype|singles\n|player|p1|Billl21|iris|\n|player|p2|ZachPlay|ginchiyo-conquest|\n|teamsize|p1|6\n|teamsize|p2|6\n|gen|9\n|tier|[Gen 9] Ubers\n|rule|Sleep Clause Mod: Limit one foe put to sleep\n|rule|Species Clause: Limit one of each Pok\u00e9mon\n|rule|OHKO Clause: OHKO moves are banned\n|rule|Evasion Items Clause: Evasion items are banned\n|rule|Evasion Moves Clause: Evasion moves are banned\n|rule|Endless Battle Clause: Forcing endless battles is banned\n|rule|HP Percentage Mod: HP is shown in percentages\n|clearpoke\n|poke|p1|Torkoal, M|\n|poke|p1|Ursaluna, F|\n|poke|p1|Cresselia, F|\n|poke|p1|Magearna|\n|poke|p1|Mimikyu, F|\n|poke|p1|Dialga|\n|poke|p2|Froslass, F|\n|poke|p2|Palafin, M|\n|poke|p2|Zacian-*|\n|poke|p2|Volcarona, M|\n|poke|p2|Roaring Moon|\n|poke|p2|Arceus-Poison|\n|teampreview\n|c|\u2606Billl21|glhf\n|\n|t:|1700755459\n|start\n|switch|p1a: Dialga|Dialga|100\/100\n|switch|p2a: Froslass|Froslass, F|100\/100\n|-ability|p1a: Dialga|Pressure\n|turn|1\n|c|\u2606ZachPlay|You too\n|\n|t:|1700755462\n|move|p2a: Froslass|Taunt|p1a: Dialga\n|-start|p1a: Dialga|move: Taunt\n|move|p1a: Dialga|Flash Cannon|p2a: Froslass\n|-supereffective|p2a: Froslass\n|-enditem|p2a: Froslass|Focus Sash\n|-damage|p2a: Froslass|1\/100\n|-start|p1a: Dialga|Disable|Flash Cannon|[from] ability: Cursed Body|[of] p2a: Froslass\n|\n|upkeep\n|turn|2\n|c|\u2606Billl21|why is this cursed body 100 percent\n|c|\u2606Billl21|lol\n|\n|t:|1700755481\n|move|p2a: Froslass|Destiny Bond|p2a: Froslass\n|-singlemove|p2a: Froslass|Destiny Bond\n|move|p1a: Dialga|Draco Meteor|p2a: Froslass\n|-damage|p2a: Froslass|0 fnt\n|-unboost|p1a: Dialga|spa|2\n|-enditem|p1a: Dialga|Eject Pack\n|faint|p2a: Froslass\n|-activate|p2a: Froslass|move: Destiny Bond\n|faint|p1a: Dialga\n|\n|upkeep\n|\n|t:|1700755498\n|switch|p2a: Arceus|Arceus-Poison|100\/100\n|switch|p1a: Magearna|Magearna|100\/100\n|turn|3\n|\n|t:|1700755505\n|move|p2a: Arceus|Calm Mind|p2a: Arceus\n|-boost|p2a: Arceus|spa|1\n|-boost|p2a: Arceus|spd|1\n|move|p1a: Magearna|Trick Room|p1a: Magearna\n|-fieldstart|move: Trick Room|[of] p1a: Magearna\n|\n|upkeep\n|turn|4\n|\n|t:|1700755509\n|move|p1a: Magearna|Fleur Cannon|p2a: Arceus\n|-resisted|p2a: Arceus\n|-damage|p2a: Arceus|85\/100\n|-unboost|p1a: Magearna|spa|2\n|-enditem|p1a: Magearna|Eject Pack\n|\n|t:|1700755512\n|switch|p1a: Ursaluna|Ursaluna, F|100\/100\n|move|p2a: Arceus|Earth Power|p1a: Ursaluna\n|-damage|p1a: Ursaluna|68\/100\n|-unboost|p1a: Ursaluna|spd|1\n|\n|-status|p1a: Ursaluna|brn|[from] item: Flame Orb\n|upkeep\n|turn|5\n|\n|t:|1700755519\n|-terastallize|p1a: Ursaluna|Normal\n|-terastallize|p2a: Arceus|Flying\n|move|p1a: Ursaluna|Facade|p2a: Arceus\n|-damage|p2a: Arceus|0 fnt\n|faint|p2a: Arceus\n|\n|-damage|p1a: Ursaluna|62\/100 brn|[from] brn\n|upkeep\n|\n|t:|1700755526\n|switch|p2a: Palafin|Palafin, M|100\/100\n|turn|6\n|\n|t:|1700755531\n|detailschange|p2a: Palafin|Palafin-Hero, M\n|switch|p2a: Volcarona|Volcarona, M|100\/100\n|move|p1a: Ursaluna|Facade|p2a: Volcarona\n|-damage|p2a: Volcarona|0 fnt\n|faint|p2a: Volcarona\n|\n|-damage|p1a: Ursaluna|56\/100 brn|[from] brn\n|upkeep\n|\n|t:|1700755537\n|switch|p2a: Palafin|Palafin-Hero, M|100\/100\n|-activate|p2a: Palafin|ability: Zero to Hero\n|turn|7\n|\n|t:|1700755545\n|move|p2a: Palafin|Jet Punch|p1a: Ursaluna\n|-damage|p1a: Ursaluna|15\/100 brn\n|move|p1a: Ursaluna|Facade|p2a: Palafin\n|-damage|p2a: Palafin|0 fnt\n|faint|p2a: Palafin\n|\n|-damage|p1a: Ursaluna|8\/100 brn|[from] brn\n|-fieldend|move: Trick Room\n|upkeep\n|\n|t:|1700755556\n|switch|p2a: Roaring Moon|Roaring Moon|100\/100\n|-enditem|p2a: Roaring Moon|Booster Energy\n|-activate|p2a: Roaring Moon|ability: Protosynthesis|[fromitem]\n|-start|p2a: Roaring Moon|protosynthesisatk\n|turn|8\n|\n|t:|1700755565\n|switch|p1a: Cresselia|Cresselia, F|100\/100\n|move|p2a: Roaring Moon|Knock Off|p1a: Cresselia\n|-supereffective|p1a: Cresselia\n|-damage|p1a: Cresselia|28\/100\n|-enditem|p1a: Cresselia|Mental Herb|[from] move: Knock Off|[of] p2a: Roaring Moon\n|\n|upkeep\n|turn|9\n|\n|t:|1700755569\n|move|p2a: Roaring Moon|Knock Off|p1a: Cresselia\n|-supereffective|p1a: Cresselia\n|-damage|p1a: Cresselia|0 fnt\n|faint|p1a: Cresselia\n|\n|upkeep\n|\n|t:|1700755576\n|switch|p1a: Mimikyu|Mimikyu, F|100\/100\n|turn|10\n|\n|t:|1700755582\n|move|p2a: Roaring Moon|Earthquake|p1a: Mimikyu\n|-activate|p1a: Mimikyu|ability: Disguise\n|-damage|p1a: Mimikyu|100\/100\n|detailschange|p1a: Mimikyu|Mimikyu-Busted, F\n|-damage|p1a: Mimikyu|88\/100|[from] pokemon: Mimikyu-Busted\n|-enditem|p1a: Mimikyu|Red Card|[of] p2a: Roaring Moon\n|-end|p2a: Roaring Moon|Protosynthesis|[silent]\n|drag|p2a: Zacian|Zacian|100\/100\n|-ability|p2a: Zacian|Intrepid Sword|boost\n|-boost|p2a: Zacian|atk|1\n|move|p1a: Mimikyu|Trick Room|p1a: Mimikyu\n|-fieldstart|move: Trick Room|[of] p1a: Mimikyu\n|\n|upkeep\n|turn|11\n|\n|t:|1700755590\n|move|p1a: Mimikyu|Curse|p2a: Zacian\n|-start|p2a: Zacian|Curse|[of] p1a: Mimikyu\n|-damage|p1a: Mimikyu|38\/100\n|move|p2a: Zacian|Play Rough|p1a: Mimikyu\n|-damage|p1a: Mimikyu|0 fnt\n|faint|p1a: Mimikyu\n|\n|-damage|p2a: Zacian|76\/100|[from] Curse\n|upkeep\n|\n|t:|1700755594\n|switch|p1a: Ursaluna|Ursaluna, F, tera:Normal|8\/100 brn\n|turn|12\n|\n|t:|1700755598\n|move|p1a: Ursaluna|Facade|p2a: Zacian\n|-damage|p2a: Zacian|0 fnt\n|faint|p2a: Zacian\n|\n|-damage|p1a: Ursaluna|2\/100 brn|[from] brn\n|upkeep\n|\n|t:|1700755601\n|switch|p2a: Roaring Moon|Roaring Moon|100\/100\n|turn|13\n|\n|t:|1700755602\n|move|p1a: Ursaluna|Facade|p2a: Roaring Moon\n|-damage|p2a: Roaring Moon|0 fnt\n|faint|p2a: Roaring Moon\n|-end|p2a: Roaring Moon|Protosynthesis|[silent]\n|\n|win|Billl21\n|c|\u2606Billl21|gg\n|c|\u2606ZachPlay|Gg\n","uploadtime":1700755608,"views":10,"p1id":"billl21","p2id":"zachplay","formatid":"gen9ubers","rating":0,"private":0,"password":""}