{"id":"gen9ubers-1990311670","p1":"snakeydookey","p2":"Mackarp129","format":"[Gen 9] Ubers","log":"|j|\u2606snakeydookey\n|j|\u2606Mackarp129\n|t:|1699954949\n|gametype|singles\n|player|p1|snakeydookey|dawn-gen4pt|\n|player|p2|Mackarp129|marley|\n|teamsize|p1|6\n|teamsize|p2|6\n|gen|9\n|tier|[Gen 9] Ubers\n|rule|Sleep Clause Mod: Limit one foe put to sleep\n|rule|Species Clause: Limit one of each Pok\u00e9mon\n|rule|OHKO Clause: OHKO moves are banned\n|rule|Evasion Items Clause: Evasion items are banned\n|rule|Evasion Moves Clause: Evasion moves are banned\n|rule|Endless Battle Clause: Forcing endless battles is banned\n|rule|HP Percentage Mod: HP is shown in percentages\n|clearpoke\n|poke|p1|Ceruledge, F|\n|poke|p1|Gliscor, M|\n|poke|p1|Sneasler, F|\n|poke|p1|Kommo-o, M|\n|poke|p1|Weavile, M|\n|poke|p1|Mimikyu, F|\n|poke|p2|Corviknight, M|\n|poke|p2|Greninja-*, M|\n|poke|p2|Hawlucha, M|\n|poke|p2|Espeon, M|\n|poke|p2|Grimmsnarl, M|\n|poke|p2|Naclstack, F|\n|teampreview\n|c|\u2606snakeydookey|glhf\n|\n|t:|1699954971\n|start\n|switch|p1a: Weavile|Weavile, M, shiny|100\/100\n|switch|p2a: Greninja|Greninja, M|100\/100\n|-ability|p1a: Weavile|Pressure\n|turn|1\n|c|\u2606Mackarp129|glhf\n|\n|t:|1699954982\n|move|p1a: Weavile|Brick Break|p2a: Greninja\n|-supereffective|p2a: Greninja\n|-damage|p2a: Greninja|0 fnt\n|faint|p2a: Greninja\n|\n|upkeep\n|j| bearorsomething\n|\n|t:|1699954993\n|switch|p2a: Naclstack|Naclstack, F|100\/100\n|turn|2\n|\n|t:|1699955006\n|switch|p1a: Gliscor|Gliscor, M, shiny|100\/100\n|move|p2a: Naclstack|Stealth Rock|p1a: Gliscor\n|-sidestart|p1: snakeydookey|move: Stealth Rock\n|\n|-status|p1a: Gliscor|tox|[from] item: Toxic Orb\n|upkeep\n|turn|3\n|\n|t:|1699955017\n|move|p1a: Gliscor|Toxic Spikes|p2a: Naclstack\n|-sidestart|p2: Mackarp129|move: Toxic Spikes\n|move|p2a: Naclstack|Salt Cure|p1a: Gliscor\n|-damage|p1a: Gliscor|93\/100 tox\n|-start|p1a: Gliscor|Salt Cure\n|\n|-damage|p1a: Gliscor|86\/100 tox|[from] psn\n|-damage|p1a: Gliscor|74\/100 tox|[from] Salt Cure\n|upkeep\n|turn|4\n|c|\u2606Mackarp129|LMAO\n|c|\u2606Mackarp129|NO TOXIC HEAL\n|c|\u2606snakeydookey|FUCK\n|\n|t:|1699955039\n|move|p1a: Gliscor|Knock Off|p2a: Naclstack\n|-damage|p2a: Naclstack|87\/100\n|-enditem|p2a: Naclstack|Eviolite|[from] move: Knock Off|[of] p1a: Gliscor\n|move|p2a: Naclstack|Recover|p2a: Naclstack\n|-heal|p2a: Naclstack|100\/100\n|\n|-damage|p1a: Gliscor|62\/100 tox|[from] psn\n|-damage|p1a: Gliscor|49\/100 tox|[from] Salt Cure\n|upkeep\n|turn|5\n|\n|t:|1699955048\n|move|p1a: Gliscor|Taunt|p2a: Naclstack\n|-start|p2a: Naclstack|move: Taunt\n|cant|p2a: Naclstack|move: Taunt|Recover\n|\n|-damage|p1a: Gliscor|30\/100 tox|[from] psn\n|-damage|p1a: Gliscor|18\/100 tox|[from] Salt Cure\n|upkeep\n|turn|6\n|\n|t:|1699955057\n|move|p1a: Gliscor|Toxic Spikes|p2a: Naclstack\n|-sidestart|p2: Mackarp129|move: Toxic Spikes\n|move|p2a: Naclstack|Earthquake|p1a: Gliscor\n|-immune|p1a: Gliscor\n|\n|-damage|p1a: Gliscor|0 fnt|[from] psn\n|faint|p1a: Gliscor\n|upkeep\n|\n|t:|1699955071\n|switch|p1a: Sneasler|Sneasler, F, shiny|100\/100\n|-damage|p1a: Sneasler|95\/100|[from] Stealth Rock\n|-item|p1a: Sneasler|Air Balloon\n|turn|7\n|\n|t:|1699955080\n|move|p1a: Sneasler|Swords Dance|p1a: Sneasler\n|-boost|p1a: Sneasler|atk|2\n|move|p2a: Naclstack|Salt Cure|p1a: Sneasler\n|-resisted|p1a: Sneasler\n|-damage|p1a: Sneasler|87\/100\n|-start|p1a: Sneasler|Salt Cure\n|-enditem|p1a: Sneasler|Air Balloon\n|\n|-damage|p1a: Sneasler|74\/100|[from] Salt Cure\n|-end|p2a: Naclstack|move: Taunt\n|upkeep\n|turn|8\n|\n|t:|1699955090\n|move|p1a: Sneasler|Close Combat|p2a: Naclstack\n|-supereffective|p2a: Naclstack\n|-damage|p2a: Naclstack|0 fnt\n|-unboost|p1a: Sneasler|def|1\n|-unboost|p1a: Sneasler|spd|1\n|faint|p2a: Naclstack\n|\n|-damage|p1a: Sneasler|62\/100|[from] Salt Cure\n|upkeep\n|\n|t:|1699955103\n|switch|p2a: Corviknight|Corviknight, M|100\/100\n|turn|9\n|l| bearorsomething\n|\n|t:|1699955108\n|move|p1a: Sneasler|Close Combat|p2a: Corviknight\n|-damage|p2a: Corviknight|30\/100\n|-unboost|p1a: Sneasler|def|1\n|-unboost|p1a: Sneasler|spd|1\n|-damage|p1a: Sneasler|45\/100|[from] item: Rocky Helmet|[of] p2a: Corviknight\n|move|p2a: Corviknight|Tailwind|p2a: Corviknight\n|-sidestart|p2: Mackarp129|move: Tailwind\n|\n|-damage|p1a: Sneasler|33\/100|[from] Salt Cure\n|upkeep\n|turn|10\n|\n|t:|1699955118\n|move|p1a: Sneasler|Close Combat|p2a: Corviknight\n|-damage|p2a: Corviknight|0 fnt\n|-unboost|p1a: Sneasler|def|1\n|-unboost|p1a: Sneasler|spd|1\n|-damage|p1a: Sneasler|16\/100|[from] item: Rocky Helmet|[of] p2a: Corviknight\n|faint|p2a: Corviknight\n|\n|-damage|p1a: Sneasler|4\/100|[from] Salt Cure\n|upkeep\n|\n|t:|1699955127\n|switch|p2a: Grimmsnarl|Grimmsnarl, M|100\/100\n|-status|p2a: Grimmsnarl|tox\n|turn|11\n|\n|t:|1699955133\n|move|p2a: Grimmsnarl|Reflect|p2a: Grimmsnarl\n|-sidestart|p2: Mackarp129|Reflect\n|move|p1a: Sneasler|Dire Claw|p2a: Grimmsnarl\n|-supereffective|p2a: Grimmsnarl\n|-damage|p2a: Grimmsnarl|21\/100 tox\n|\n|-damage|p2a: Grimmsnarl|15\/100 tox|[from] psn\n|-damage|p1a: Sneasler|0 fnt|[from] Salt Cure\n|faint|p1a: Sneasler\n|upkeep\n|\n|t:|1699955139\n|switch|p1a: Ceruledge|Ceruledge, F, shiny|100\/100\n|-damage|p1a: Ceruledge|76\/100|[from] Stealth Rock\n|turn|12\n|\n|t:|1699955148\n|move|p2a: Grimmsnarl|Light Screen|p2a: Grimmsnarl\n|-sidestart|p2: Mackarp129|move: Light Screen\n|move|p1a: Ceruledge|Swords Dance|p1a: Ceruledge\n|-boost|p1a: Ceruledge|atk|2\n|\n|-damage|p2a: Grimmsnarl|3\/100 tox|[from] psn\n|-sideend|p2: Mackarp129|move: Tailwind\n|upkeep\n|turn|13\n|\n|t:|1699955157\n|move|p2a: Grimmsnarl|Parting Shot|p1a: Ceruledge\n|-unboost|p1a: Ceruledge|atk|1\n|-unboost|p1a: Ceruledge|spa|1\n|\n|t:|1699955161\n|switch|p2a: Espeon|Espeon, M|100\/100|[from] Parting Shot\n|-status|p2a: Espeon|tox\n|move|p1a: Ceruledge|Swords Dance|p1a: Ceruledge\n|-boost|p1a: Ceruledge|atk|2\n|\n|-damage|p2a: Espeon|94\/100 tox|[from] psn\n|upkeep\n|turn|14\n|\n|t:|1699955170\n|move|p1a: Ceruledge|Bitter Blade|p2a: Espeon\n|-damage|p2a: Espeon|31\/100 tox\n|-heal|p1a: Ceruledge|100\/100|[from] drain|[of] p2a: Espeon\n|move|p2a: Espeon|Calm Mind|p2a: Espeon\n|-boost|p2a: Espeon|spa|1\n|-boost|p2a: Espeon|spd|1\n|\n|-heal|p2a: Espeon|37\/100 tox|[from] item: Leftovers\n|-damage|p2a: Espeon|25\/100 tox|[from] psn\n|upkeep\n|turn|15\n|\n|t:|1699955179\n|move|p1a: Ceruledge|Bitter Blade|p2a: Espeon\n|-damage|p2a: Espeon|0 fnt\n|faint|p2a: Espeon\n|\n|upkeep\n|\n|t:|1699955185\n|switch|p2a: Hawlucha|Hawlucha, M|100\/100\n|turn|16\n|\n|t:|1699955193\n|-terastallize|p2a: Hawlucha|Flying\n|-terastallize|p1a: Ceruledge|Fire\n|move|p2a: Hawlucha|Sky Attack||[still]\n|-prepare|p2a: Hawlucha|Sky Attack\n|-enditem|p2a: Hawlucha|Power Herb\n|-anim|p2a: Hawlucha|Sky Attack|p1a: Ceruledge\n|-enditem|p1a: Ceruledge|Focus Sash\n|-damage|p1a: Ceruledge|1\/100\n|-ability|p1a: Ceruledge|Weak Armor|boost\n|-unboost|p1a: Ceruledge|def|1\n|-boost|p1a: Ceruledge|spe|2\n|move|p1a: Ceruledge|Bitter Blade|p2a: Hawlucha\n|-damage|p2a: Hawlucha|0 fnt\n|-heal|p1a: Ceruledge|52\/100|[from] drain|[of] p2a: Hawlucha\n|faint|p2a: Hawlucha\n|\n|upkeep\n|\n|t:|1699955208\n|switch|p2a: Grimmsnarl|Grimmsnarl, M|3\/100 tox\n|turn|17\n|\n|t:|1699955210\n|move|p1a: Ceruledge|Bitter Blade|p2a: Grimmsnarl\n|-damage|p2a: Grimmsnarl|0 fnt\n|-heal|p1a: Ceruledge|53\/100|[from] drain|[of] p2a: Grimmsnarl\n|faint|p2a: Grimmsnarl\n|\n|win|snakeydookey\n|c|\u2606snakeydookey|gg\n|l|\u2606Mackarp129\n|j| 199ahfgdfgdfafa\n","uploadtime":1699955219,"views":9,"p1id":"snakeydookey","p2id":"mackarp129","formatid":"gen9ubers","rating":0,"private":0,"password":""}