{"id":"gen9ubers-1985710158","p1":"WARIOROFLIBERATION","p2":"Starvinrizleschild","format":"[Gen 9] Ubers","log":"|j|\u2606WARIOROFLIBERATION\n|j|\u2606Starvinrizleschild\n|t:|1699398066\n|gametype|singles\n|player|p1|WARIOROFLIBERATION|red-gen2|1513\n|player|p2|Starvinrizleschild|zinzolin|1474\n|teamsize|p1|6\n|teamsize|p2|6\n|gen|9\n|tier|[Gen 9] Ubers\n|rated|\n|rule|Sleep Clause Mod: Limit one foe put to sleep\n|rule|Species Clause: Limit one of each Pok\u00e9mon\n|rule|OHKO Clause: OHKO moves are banned\n|rule|Evasion Items Clause: Evasion items are banned\n|rule|Evasion Moves Clause: Evasion moves are banned\n|rule|Endless Battle Clause: Forcing endless battles is banned\n|rule|HP Percentage Mod: HP is shown in percentages\n|clearpoke\n|poke|p1|Ursaluna, M|\n|poke|p1|Calyrex-Ice|\n|poke|p1|Magearna|\n|poke|p1|Basculegion, M|\n|poke|p1|Hatterene, F|\n|poke|p1|Dialga-Origin|\n|poke|p2|Kyogre|\n|poke|p2|Arceus|\n|poke|p2|Mewtwo|\n|poke|p2|Ribombee, F|\n|poke|p2|Groudon|\n|poke|p2|Koraidon|\n|teampreview\n|inactive|Battle timer is ON: inactive players will automatically lose when time's up. (requested by Starvinrizleschild)\n|\n|t:|1699398091\n|start\n|switch|p1a: PERONA|Hatterene, F|100\/100\n|switch|p2a: Kyogre|Kyogre|100\/100\n|-weather|RainDance|[from] ability: Drizzle|[of] p2a: Kyogre\n|turn|1\n|\n|t:|1699398095\n|move|p2a: Kyogre|Thunder|p1a: PERONA\n|-damage|p1a: PERONA|61\/100\n|move|p1a: PERONA|Trick Room|p1a: PERONA\n|-fieldstart|move: Trick Room|[of] p1a: PERONA\n|\n|-weather|RainDance|[upkeep]\n|upkeep\n|turn|2\n|\n|t:|1699398104\n|switch|p2a: Groudon|Groudon|100\/100\n|-weather|SunnyDay|[from] ability: Drought|[of] p2a: Groudon\n|move|p1a: PERONA|Healing Wish|p1a: PERONA\n|faint|p1a: PERONA\n|\n|-weather|SunnyDay|[upkeep]\n|upkeep\n|inactive|WARIOROFLIBERATION has 120 seconds left.\n|\n|t:|1699398151\n|switch|p1a: AOKIJI|Calyrex-Ice|100\/100\n|-ability|p1a: AOKIJI|As One\n|-ability|p1a: AOKIJI|Unnerve\n|turn|3\n|\n|t:|1699398160\n|switch|p1a: KAIDO|Dialga-Origin, shiny|100\/100\n|-ability|p1a: KAIDO|Pressure\n|-terastallize|p2a: Groudon|Fairy\n|move|p2a: Groudon|Will-O-Wisp|p1a: KAIDO\n|-status|p1a: KAIDO|brn\n|\n|-weather|SunnyDay|[upkeep]\n|-damage|p1a: KAIDO|94\/100 brn|[from] brn\n|upkeep\n|turn|4\n|inactive|WARIOROFLIBERATION has 120 seconds left.\n|\n|t:|1699398168\n|switch|p2a: Kyogre|Kyogre|100\/100\n|-weather|RainDance|[from] ability: Drizzle|[of] p2a: Kyogre\n|move|p1a: KAIDO|Steel Beam|p2a: Kyogre\n|-resisted|p2a: Kyogre\n|-damage|p2a: Kyogre|65\/100\n|-damage|p1a: KAIDO|44\/100 brn|[from] steelbeam\n|\n|-weather|RainDance|[upkeep]\n|-damage|p1a: KAIDO|38\/100 brn|[from] brn\n|upkeep\n|turn|5\n|inactive|WARIOROFLIBERATION has 120 seconds left.\n|\n|t:|1699398179\n|move|p1a: KAIDO|Stealth Rock|p2a: Kyogre\n|-sidestart|p2: Starvinrizleschild|move: Stealth Rock\n|move|p2a: Kyogre|Origin Pulse|p1a: KAIDO\n|-resisted|p1a: KAIDO\n|-damage|p1a: KAIDO|2\/100 brn\n|\n|-weather|RainDance|[upkeep]\n|-damage|p1a: KAIDO|0 fnt|[from] brn\n|faint|p1a: KAIDO\n|-fieldend|move: Trick Room\n|upkeep\n|inactive|WARIOROFLIBERATION has 120 seconds left.\n|\n|t:|1699398202\n|switch|p1a: BROOK|Basculegion, M, shiny|100\/100\n|turn|6\n|\n|t:|1699398213\n|switch|p2a: Groudon|Groudon, tera:Fairy|100\/100\n|-damage|p2a: Groudon|88\/100|[from] Stealth Rock\n|-weather|SunnyDay|[from] ability: Drought|[of] p2a: Groudon\n|move|p1a: BROOK|Flip Turn|p2a: Groudon\n|-damage|p2a: Groudon|74\/100\n|\n|t:|1699398231\n|switch|p1a: KUMA|Ursaluna, M, shiny|100\/100|[from] Flip Turn\n|\n|-weather|SunnyDay|[upkeep]\n|-heal|p2a: Groudon|80\/100|[from] item: Leftovers\n|-status|p1a: KUMA|brn|[from] item: Flame Orb\n|upkeep\n|turn|7\n|\n|t:|1699398240\n|move|p2a: Groudon|Earthquake|p1a: KUMA\n|-damage|p1a: KUMA|64\/100 brn\n|move|p1a: KUMA|Facade|p2a: Groudon\n|-damage|p2a: Groudon|15\/100\n|\n|-weather|SunnyDay|[upkeep]\n|-heal|p2a: Groudon|21\/100|[from] item: Leftovers\n|-damage|p1a: KUMA|58\/100 brn|[from] brn\n|upkeep\n|turn|8\n|\n|t:|1699398248\n|move|p2a: Groudon|Earthquake|p1a: KUMA\n|-crit|p1a: KUMA\n|-damage|p1a: KUMA|5\/100 brn\n|move|p1a: KUMA|Facade|p2a: Groudon\n|-damage|p2a: Groudon|0 fnt\n|faint|p2a: Groudon\n|\n|-weather|SunnyDay|[upkeep]\n|-damage|p1a: KUMA|0 fnt|[from] brn\n|faint|p1a: KUMA\n|upkeep\n|inactive|WARIOROFLIBERATION has 120 seconds left.\n|\n|t:|1699398261\n|switch|p2a: Koraidon|Koraidon|100\/100\n|switch|p1a: BROOK|Basculegion, M, shiny|100\/100\n|-damage|p2a: Koraidon|94\/100|[from] Stealth Rock\n|-activate|p2a: Koraidon|ability: Orichalcum Pulse\n|turn|9\n|\n|t:|1699398274\n|move|p2a: Koraidon|U-turn|p1a: BROOK\n|-resisted|p1a: BROOK\n|-damage|p1a: BROOK|82\/100\n|\n|t:|1699398277\n|switch|p2a: Arceus|Arceus|100\/100|[from] U-turn\n|-damage|p2a: Arceus|88\/100|[from] Stealth Rock\n|move|p1a: BROOK|Flip Turn|p2a: Arceus\n|-crit|p2a: Arceus\n|-damage|p2a: Arceus|59\/100\n|inactive|WARIOROFLIBERATION has 120 seconds left.\n|\n|t:|1699398294\n|switch|p1a: REIJU|Magearna|100\/100|[from] Flip Turn\n|\n|-weather|SunnyDay|[upkeep]\n|upkeep\n|turn|10\n|\n|t:|1699398297\n|move|p2a: Arceus|Taunt|p1a: REIJU\n|-start|p1a: REIJU|move: Taunt\n|-enditem|p1a: REIJU|Mental Herb\n|-end|p1a: REIJU|move: Taunt\n|move|p1a: REIJU|Trick Room|p1a: REIJU\n|-fieldstart|move: Trick Room|[of] p1a: REIJU\n|\n|-weather|none\n|upkeep\n|turn|11\n|inactive|WARIOROFLIBERATION has 120 seconds left.\n|\n|t:|1699398319\n|switch|p1a: BROOK|Basculegion, M, shiny|82\/100\n|-heal|p1a: BROOK|100\/100|[from] move: Healing Wish\n|move|p2a: Arceus|Shadow Claw|p1a: BROOK\n|-supereffective|p1a: BROOK\n|-damage|p1a: BROOK|49\/100\n|\n|upkeep\n|turn|12\n|inactive|WARIOROFLIBERATION has 120 seconds left.\n|\n|t:|1699398334\n|move|p1a: BROOK|Wave Crash|p2a: Arceus\n|-damage|p2a: Arceus|0 fnt\n|faint|p2a: Arceus\n|-damage|p1a: BROOK|31\/100|[from] Recoil\n|\n|upkeep\n|\n|t:|1699398345\n|switch|p2a: Koraidon|Koraidon|94\/100\n|-damage|p2a: Koraidon|88\/100|[from] Stealth Rock\n|-weather|SunnyDay|[from] ability: Orichalcum Pulse|[of] p2a: Koraidon\n|-activate|p2a: Koraidon|Orichalcum Pulse|[source]\n|turn|13\n|inactive|WARIOROFLIBERATION has 120 seconds left.\n|\n|t:|1699398366\n|switch|p1a: REIJU|Magearna|100\/100\n|move|p2a: Koraidon|Flare Blitz|p1a: REIJU\n|-supereffective|p1a: REIJU\n|-damage|p1a: REIJU|0 fnt\n|faint|p1a: REIJU\n|-damage|p2a: Koraidon|53\/100|[from] Recoil\n|\n|-weather|SunnyDay|[upkeep]\n|upkeep\n|\n|t:|1699398376\n|switch|p1a: BROOK|Basculegion, M, shiny|31\/100\n|turn|14\n|\n|t:|1699398380\n|switch|p2a: Ribombee|Ribombee, F|100\/100\n|-damage|p2a: Ribombee|76\/100|[from] Stealth Rock\n|move|p1a: BROOK|Flip Turn|p2a: Ribombee\n|-damage|p2a: Ribombee|20\/100\n|\n|t:|1699398384\n|switch|p1a: AOKIJI|Calyrex-Ice|100\/100|[from] Flip Turn\n|-ability|p1a: AOKIJI|As One\n|-ability|p1a: AOKIJI|Unnerve\n|\n|-weather|SunnyDay|[upkeep]\n|-fieldend|move: Trick Room\n|upkeep\n|turn|15\n|\n|t:|1699398394\n|switch|p1a: BROOK|Basculegion, M, shiny|31\/100\n|move|p2a: Ribombee|Stun Spore|p1a: BROOK\n|-status|p1a: BROOK|par\n|\n|-weather|SunnyDay|[upkeep]\n|upkeep\n|turn|16\n|\n|t:|1699398406\n|cant|p1a: BROOK|par\n|move|p2a: Ribombee|Moonblast|p1a: BROOK\n|-damage|p1a: BROOK|0 fnt\n|faint|p1a: BROOK\n|\n|-weather|SunnyDay|[upkeep]\n|upkeep\n|\n|t:|1699398413\n|switch|p1a: AOKIJI|Calyrex-Ice|100\/100\n|-ability|p1a: AOKIJI|As One\n|-ability|p1a: AOKIJI|Unnerve\n|turn|17\n|\n|t:|1699398418\n|move|p2a: Ribombee|Stun Spore|p1a: AOKIJI\n|-status|p1a: AOKIJI|par\n|move|p1a: AOKIJI|Trick Room|p1a: AOKIJI\n|-fieldstart|move: Trick Room|[of] p1a: AOKIJI\n|\n|-weather|none\n|upkeep\n|turn|18\n|\n|t:|1699398425\n|move|p1a: AOKIJI|Glacial Lance|p2a: Ribombee\n|-crit|p2a: Ribombee\n|-damage|p2a: Ribombee|0 fnt\n|faint|p2a: Ribombee\n|-ability|p1a: AOKIJI|Chilling Neigh|boost\n|-boost|p1a: AOKIJI|atk|1\n|-damage|p1a: AOKIJI|91\/100 par|[from] item: Life Orb\n|\n|upkeep\n|\n|t:|1699398428\n|switch|p2a: Kyogre|Kyogre|65\/100\n|-damage|p2a: Kyogre|53\/100|[from] Stealth Rock\n|-weather|RainDance|[from] ability: Drizzle|[of] p2a: Kyogre\n|turn|19\n|\n|t:|1699398431\n|move|p1a: AOKIJI|Glacial Lance|p2a: Kyogre\n|-resisted|p2a: Kyogre\n|-damage|p2a: Kyogre|0 fnt\n|faint|p2a: Kyogre\n|-ability|p1a: AOKIJI|Chilling Neigh|boost\n|-boost|p1a: AOKIJI|atk|1\n|-damage|p1a: AOKIJI|81\/100 par|[from] item: Life Orb\n|\n|-weather|RainDance|[upkeep]\n|upkeep\n|\n|t:|1699398438\n|switch|p2a: Koraidon|Koraidon|53\/100\n|-damage|p2a: Koraidon|47\/100|[from] Stealth Rock\n|-weather|SunnyDay|[from] ability: Orichalcum Pulse|[of] p2a: Koraidon\n|-activate|p2a: Koraidon|Orichalcum Pulse|[source]\n|turn|20\n|\n|t:|1699398443\n|-terastallize|p1a: AOKIJI|Fire\n|move|p1a: AOKIJI|Glacial Lance|p2a: Koraidon\n|-supereffective|p2a: Koraidon\n|-damage|p2a: Koraidon|0 fnt\n|faint|p2a: Koraidon\n|-ability|p1a: AOKIJI|Chilling Neigh|boost\n|-boost|p1a: AOKIJI|atk|1\n|-damage|p1a: AOKIJI|71\/100 par|[from] item: Life Orb\n|\n|-weather|SunnyDay|[upkeep]\n|upkeep\n|\n|t:|1699398448\n|switch|p2a: Mewtwo|Mewtwo, shiny|100\/100\n|-damage|p2a: Mewtwo|88\/100|[from] Stealth Rock\n|-ability|p2a: Mewtwo|Pressure\n|turn|21\n|\n|t:|1699398450\n|move|p1a: AOKIJI|Glacial Lance|p2a: Mewtwo\n|-damage|p2a: Mewtwo|0 fnt\n|faint|p2a: Mewtwo\n|-damage|p1a: AOKIJI|61\/100 par|[from] item: Life Orb\n|\n|win|WARIOROFLIBERATION\n|raw|WARIOROFLIBERATION's rating: 1513 &rarr; <strong>1531<\/strong><br \/>(+18 for winning)\n|raw|Starvinrizleschild's rating: 1474 &rarr; <strong>1456<\/strong><br \/>(-18 for losing)\n|c|\u2606Starvinrizleschild|lucky af\n","uploadtime":1699398456,"views":5,"p1id":"wariorofliberation","p2id":"starvinrizleschild","formatid":"gen9ubers","rating":1456,"private":0,"password":""}