{"id":"gen9ubers-1969562688","p1":"Fumo on a Roomba","p2":"xoxo_pancake","format":"[Gen 9] Ubers","log":"|j|\u2606Fumo on a Roomba\n|j|\u2606xoxo_pancake\n|t:|1697547457\n|gametype|singles\n|player|p1|Fumo on a Roomba|acetrainerf|1134\n|player|p2|xoxo_pancake|cynthia|1183\n|teamsize|p1|6\n|teamsize|p2|6\n|gen|9\n|tier|[Gen 9] Ubers\n|rated|\n|rule|Sleep Clause Mod: Limit one foe put to sleep\n|rule|Species Clause: Limit one of each Pok\u00e9mon\n|rule|OHKO Clause: OHKO moves are banned\n|rule|Evasion Items Clause: Evasion items are banned\n|rule|Evasion Moves Clause: Evasion moves are banned\n|rule|Endless Battle Clause: Forcing endless battles is banned\n|rule|HP Percentage Mod: HP is shown in percentages\n|clearpoke\n|poke|p1|Volcarona, M|\n|poke|p1|Ursaluna-Bloodmoon, M|\n|poke|p1|Landorus, M|\n|poke|p1|Skeledirge, M|\n|poke|p1|Scizor, M|\n|poke|p1|Manaphy|\n|poke|p2|Zacian-*|\n|poke|p2|Calyrex-Ice|\n|poke|p2|Urshifu-*, M|\n|poke|p2|Volcarona, F|\n|poke|p2|Arceus-Grass|\n|poke|p2|Blissey, F|\n|teampreview\n|inactive|Battle timer is ON: inactive players will automatically lose when time's up. (requested by xoxo_pancake)\n|inactive|Fumo on a Roomba also wants the timer to be on.\n|\n|t:|1697547474\n|start\n|switch|p1a: Landorus|Landorus, M|100\/100\n|switch|p2a: Volcarona|Volcarona, F|100\/100\n|turn|1\n|\n|t:|1697547480\n|switch|p2a: Urshifu|Urshifu-Rapid-Strike, M|100\/100\n|move|p1a: Landorus|Nasty Plot|p1a: Landorus\n|-boost|p1a: Landorus|spa|2\n|\n|upkeep\n|turn|2\n|\n|t:|1697547485\n|move|p1a: Landorus|Sandsear Storm|p2a: Urshifu\n|-damage|p2a: Urshifu|0 fnt\n|faint|p2a: Urshifu\n|\n|upkeep\n|\n|t:|1697547489\n|switch|p2a: Volcarona|Volcarona, F|100\/100\n|turn|3\n|\n|t:|1697547492\n|move|p1a: Landorus|Sandsear Storm|p2a: Volcarona\n|-damage|p2a: Volcarona|0 fnt\n|faint|p2a: Volcarona\n|\n|upkeep\n|\n|t:|1697547495\n|switch|p2a: Blissey|Blissey, F|100\/100\n|turn|4\n|\n|t:|1697547499\n|move|p1a: Landorus|Focus Blast|p2a: Blissey\n|-supereffective|p2a: Blissey\n|-damage|p2a: Blissey|22\/100\n|move|p2a: Blissey|Stealth Rock|p1a: Landorus\n|-sidestart|p1: Fumo on a Roomba|move: Stealth Rock\n|\n|upkeep\n|turn|5\n|\n|t:|1697547505\n|move|p1a: Landorus|Sludge Bomb|p2a: Blissey\n|-damage|p2a: Blissey|0 fnt\n|faint|p2a: Blissey\n|\n|upkeep\n|\n|t:|1697547508\n|switch|p2a: Calyrex|Calyrex-Ice|100\/100\n|-ability|p2a: Calyrex|As One\n|-ability|p2a: Calyrex|Unnerve\n|turn|6\n|\n|t:|1697547512\n|move|p1a: Landorus|Sandsear Storm|p2a: Calyrex\n|-damage|p2a: Calyrex|0 fnt\n|faint|p2a: Calyrex\n|\n|upkeep\n|\n|t:|1697547514\n|switch|p2a: Zacian|Zacian-Crowned|100\/100\n|-ability|p2a: Zacian|Intrepid Sword|boost\n|-boost|p2a: Zacian|atk|1\n|turn|7\n|\n|t:|1697547518\n|move|p2a: Zacian|Behemoth Blade|p1a: Landorus\n|-crit|p1a: Landorus\n|-damage|p1a: Landorus|0 fnt\n|faint|p1a: Landorus\n|\n|upkeep\n|\n|t:|1697547523\n|switch|p1a: Skeledirge|Skeledirge, M|100\/100\n|-damage|p1a: Skeledirge|75\/100|[from] Stealth Rock\n|turn|8\n|\n|t:|1697547532\n|-terastallize|p2a: Zacian|Water\n|move|p2a: Zacian|Behemoth Blade|p1a: Skeledirge\n|-resisted|p1a: Skeledirge\n|-damage|p1a: Skeledirge|52\/100\n|move|p1a: Skeledirge|Will-O-Wisp|p2a: Zacian\n|-status|p2a: Zacian|brn\n|\n|-heal|p1a: Skeledirge|58\/100|[from] item: Leftovers\n|-damage|p2a: Zacian|94\/100 brn|[from] brn\n|upkeep\n|turn|9\n|\n|t:|1697547541\n|move|p2a: Zacian|Swords Dance|p2a: Zacian\n|-boost|p2a: Zacian|atk|2\n|move|p1a: Skeledirge|Slack Off|p1a: Skeledirge\n|-heal|p1a: Skeledirge|100\/100\n|\n|-damage|p2a: Zacian|88\/100 brn|[from] brn\n|upkeep\n|turn|10\n|\n|t:|1697547544\n|move|p2a: Zacian|Swords Dance|p2a: Zacian\n|-boost|p2a: Zacian|atk|2\n|move|p1a: Skeledirge|Torch Song|p2a: Zacian\n|-resisted|p2a: Zacian\n|-damage|p2a: Zacian|73\/100 brn\n|-boost|p1a: Skeledirge|spa|1\n|\n|-damage|p2a: Zacian|67\/100 brn|[from] brn\n|upkeep\n|turn|11\n|c|\u2606Fumo on a Roomba|why do you think setting up is going to work\n|\n|t:|1697547563\n|move|p2a: Zacian|Behemoth Blade|p1a: Skeledirge\n|-resisted|p1a: Skeledirge\n|-damage|p1a: Skeledirge|88\/100\n|move|p1a: Skeledirge|Hex|p2a: Zacian\n|-damage|p2a: Zacian|0 fnt\n|faint|p2a: Zacian\n|\n|-heal|p1a: Skeledirge|94\/100|[from] item: Leftovers\n|upkeep\n|c|\u2606xoxo_pancake|Oh wait\n|c|\u2606xoxo_pancake|shit\n|\n|t:|1697547575\n|switch|p2a: Arceus|Arceus-Grass|100\/100\n|turn|12\n|\n|t:|1697547577\n|move|p2a: Arceus|Earth Power|p1a: Skeledirge\n|-supereffective|p1a: Skeledirge\n|-damage|p1a: Skeledirge|59\/100\n|move|p1a: Skeledirge|Torch Song|p2a: Arceus\n|-supereffective|p2a: Arceus\n|-damage|p2a: Arceus|43\/100\n|-boost|p1a: Skeledirge|spa|1\n|\n|-heal|p1a: Skeledirge|65\/100|[from] item: Leftovers\n|upkeep\n|turn|13\n|\n|t:|1697547581\n|move|p2a: Arceus|Earth Power|p1a: Skeledirge\n|-supereffective|p1a: Skeledirge\n|-damage|p1a: Skeledirge|29\/100\n|move|p1a: Skeledirge|Torch Song|p2a: Arceus\n|-supereffective|p2a: Arceus\n|-damage|p2a: Arceus|0 fnt\n|-boost|p1a: Skeledirge|spa|1\n|faint|p2a: Arceus\n|\n|win|Fumo on a Roomba\n|raw|Fumo on a Roomba's rating: 1134 &rarr; <strong>1163<\/strong><br \/>(+29 for winning)\n|raw|xoxo_pancake's rating: 1183 &rarr; <strong>1154<\/strong><br \/>(-29 for losing)\n|l|\u2606xoxo_pancake\n","uploadtime":1697547597,"views":11,"p1id":"fumoonaroomba","p2id":"xoxopancake","formatid":"gen9ubers","rating":1154,"private":0,"password":""}