{"id":"gen9ubers-1981189242","p1":"mann_treads","p2":"XpokVEVO","format":"[Gen 9] Ubers","log":"|j|\u2606mann_treads\n|j|\u2606XpokVEVO\n|t:|1698870942\n|gametype|singles\n|player|p1|mann_treads|ariana|\n|player|p2|XpokVEVO|rika|\n|teamsize|p1|6\n|teamsize|p2|6\n|gen|9\n|tier|[Gen 9] Ubers\n|rule|Sleep Clause Mod: Limit one foe put to sleep\n|rule|Species Clause: Limit one of each Pok\u00e9mon\n|rule|OHKO Clause: OHKO moves are banned\n|rule|Evasion Items Clause: Evasion items are banned\n|rule|Evasion Moves Clause: Evasion moves are banned\n|rule|Endless Battle Clause: Forcing endless battles is banned\n|rule|HP Percentage Mod: HP is shown in percentages\n|clearpoke\n|poke|p1|Pelipper, M|\n|poke|p1|Basculegion-F, F|\n|poke|p1|Walking Wake|\n|poke|p1|Zapdos|\n|poke|p1|Arceus-Grass|\n|poke|p1|Zacian-*|\n|poke|p2|Cyclizar, M|\n|poke|p2|Espathra, F|\n|poke|p2|Magearna|\n|poke|p2|Zacian-*|\n|poke|p2|Roaring Moon|\n|poke|p2|Arceus-Fire|\n|teampreview\n|inactive|Battle timer is ON: inactive players will automatically lose when time's up. (requested by XpokVEVO)\n|\n|t:|1698870950\n|start\n|switch|p1a: Pelipper|Pelipper, M|100\/100\n|switch|p2a: Akira|Cyclizar, M|100\/100\n|-weather|RainDance|[from] ability: Drizzle|[of] p1a: Pelipper\n|turn|1\n|\n|t:|1698870962\n|move|p2a: Akira|Shed Tail|p2a: Akira\n|-start|p2a: Akira|Substitute|[from] move: Shed Tail\n|-damage|p2a: Akira|50\/100\n|\n|t:|1698870991\n|switch|p2a: Roaring Peak|Roaring Moon|100\/100|[from] Shed Tail\n|-enditem|p2a: Roaring Peak|Booster Energy\n|-activate|p2a: Roaring Peak|ability: Protosynthesis|[fromitem]\n|-start|p2a: Roaring Peak|protosynthesisspe\n|move|p1a: Pelipper|Hurricane|p2a: Roaring Peak\n|-end|p2a: Roaring Peak|Substitute\n|\n|-weather|RainDance|[upkeep]\n|upkeep\n|turn|2\n|\n|t:|1698871003\n|move|p2a: Roaring Peak|Dragon Dance|p2a: Roaring Peak\n|-boost|p2a: Roaring Peak|atk|1\n|-boost|p2a: Roaring Peak|spe|1\n|move|p1a: Pelipper|Roost||[still]\n|-fail|p1a: Pelipper|heal\n|\n|-weather|RainDance|[upkeep]\n|upkeep\n|turn|3\n|c|\u2606XpokVEVO|???\n|c|\u2606mann_treads|ME WHEN I MISCLICK\n|\n|t:|1698871011\n|move|p2a: Roaring Peak|Knock Off|p1a: Pelipper\n|-damage|p1a: Pelipper|21\/100\n|-enditem|p1a: Pelipper|Damp Rock|[from] move: Knock Off|[of] p2a: Roaring Peak\n|move|p1a: Pelipper|U-turn|p2a: Roaring Peak\n|-supereffective|p2a: Roaring Peak\n|-damage|p2a: Roaring Peak|75\/100\n|c|\u2606mann_treads|kms\n|c|\u2606XpokVEVO|whatever aids you sleep better\n|\n|t:|1698871019\n|switch|p1a: Walking Wake|Walking Wake|100\/100|[from] U-turn\n|-enditem|p1a: Walking Wake|Booster Energy\n|-activate|p1a: Walking Wake|ability: Protosynthesis|[fromitem]\n|-start|p1a: Walking Wake|protosynthesisspe\n|\n|-weather|RainDance|[upkeep]\n|upkeep\n|turn|4\n|c|\u2606mann_treads|NO IM BEING SERIOUS\n|\n|t:|1698871027\n|move|p2a: Roaring Peak|Acrobatics|p1a: Walking Wake\n|-damage|p1a: Walking Wake|35\/100\n|move|p1a: Walking Wake|Roar|p2a: Roaring Peak\n|-end|p2a: Roaring Peak|Protosynthesis|[silent]\n|drag|p2a: Princess|Zacian, shiny|100\/100\n|-ability|p2a: Princess|Intrepid Sword|boost\n|-boost|p2a: Princess|atk|1\n|\n|-weather|RainDance|[upkeep]\n|upkeep\n|turn|5\n|\n|t:|1698871045\n|-end|p1a: Walking Wake|Protosynthesis|[silent]\n|switch|p1a: Zacian|Zacian|100\/100\n|-ability|p1a: Zacian|Intrepid Sword|boost\n|-boost|p1a: Zacian|atk|1\n|move|p2a: Princess|Play Rough|p1a: Zacian\n|-damage|p1a: Zacian|16\/100\n|-damage|p2a: Princess|91\/100|[from] item: Life Orb\n|\n|-weather|RainDance|[upkeep]\n|upkeep\n|turn|6\n|c|\u2606XpokVEVO|??\n|c|\u2606mann_treads|look man\n|c|\u2606mann_treads|cut me some slash\n|c|\u2606mann_treads|slack\n|c|\u2606mann_treads|im not doin too well today\n|\n|t:|1698871073\n|move|p1a: Zacian|Play Rough|p2a: Princess\n|-damage|p2a: Princess|37\/100\n|move|p2a: Princess|Play Rough|p1a: Zacian\n|-damage|p1a: Zacian|0 fnt\n|faint|p1a: Zacian\n|-damage|p2a: Princess|27\/100|[from] item: Life Orb\n|\n|-weather|RainDance|[upkeep]\n|upkeep\n|c|\u2606XpokVEVO|thats fine\n|inactive|mann_treads has 270 seconds left.\n|\n|t:|1698871093\n|switch|p1a: Walking Wake|Walking Wake|35\/100\n|turn|7\n|\n|t:|1698871101\n|switch|p2a: Akira|Cyclizar, M|84\/100\n|move|p1a: Walking Wake|Hydro Steam|p2a: Akira\n|-resisted|p2a: Akira\n|-damage|p2a: Akira|38\/100\n|\n|-weather|RainDance|[upkeep]\n|upkeep\n|turn|8\n|\n|t:|1698871109\n|switch|p2a: Aunt Fanny|Magearna|100\/100\n|move|p1a: Walking Wake|Hydro Steam|p2a: Aunt Fanny\n|-damage|p2a: Aunt Fanny|38\/100\n|\n|-weather|none\n|upkeep\n|turn|9\n|\n|t:|1698871115\n|move|p1a: Walking Wake|Flamethrower|p2a: Aunt Fanny\n|-supereffective|p2a: Aunt Fanny\n|-damage|p2a: Aunt Fanny|0 fnt\n|faint|p2a: Aunt Fanny\n|\n|upkeep\n|\n|t:|1698871124\n|switch|p2a: Ar\u0441eus-Fighting|Arceus-Fire, shiny|100\/100\n|turn|10\n|\n|t:|1698871140\n|-terastallize|p2a: Ar\u0441eus-Fighting|Fairy\n|move|p1a: Walking Wake|Hydro Steam|p2a: Ar\u0441eus-Fighting\n|-damage|p2a: Ar\u0441eus-Fighting|72\/100\n|move|p2a: Ar\u0441eus-Fighting|Dragon Dance|p2a: Ar\u0441eus-Fighting\n|-boost|p2a: Ar\u0441eus-Fighting|atk|1\n|-boost|p2a: Ar\u0441eus-Fighting|spe|1\n|\n|upkeep\n|turn|11\n|\n|t:|1698871147\n|move|p2a: Ar\u0441eus-Fighting|Dragon Dance|p2a: Ar\u0441eus-Fighting\n|-boost|p2a: Ar\u0441eus-Fighting|atk|1\n|-boost|p2a: Ar\u0441eus-Fighting|spe|1\n|move|p1a: Walking Wake|Roar|p2a: Ar\u0441eus-Fighting\n|drag|p2a: Princess|Zacian, shiny|27\/100\n|\n|upkeep\n|turn|12\n|\n|t:|1698871153\n|move|p2a: Princess|Play Rough|p1a: Walking Wake\n|-supereffective|p1a: Walking Wake\n|-damage|p1a: Walking Wake|0 fnt\n|faint|p1a: Walking Wake\n|-end|p1a: Walking Wake|Protosynthesis|[silent]\n|-damage|p2a: Princess|18\/100|[from] item: Life Orb\n|\n|upkeep\n|\n|t:|1698871178\n|switch|p1a: Arceus|Arceus-Grass|100\/100\n|turn|13\n|\n|t:|1698871184\n|switch|p2a: Roaring Peak|Roaring Moon|75\/100\n|move|p1a: Arceus|Calm Mind|p1a: Arceus\n|-boost|p1a: Arceus|spa|1\n|-boost|p1a: Arceus|spd|1\n|\n|upkeep\n|turn|14\n|\n|t:|1698871191\n|move|p1a: Arceus|Calm Mind|p1a: Arceus\n|-boost|p1a: Arceus|spa|1\n|-boost|p1a: Arceus|spd|1\n|move|p2a: Roaring Peak|Acrobatics|p1a: Arceus\n|-supereffective|p1a: Arceus\n|-damage|p1a: Arceus|52\/100\n|\n|upkeep\n|turn|15\n|\n|t:|1698871203\n|move|p1a: Arceus|Recover|p1a: Arceus\n|-heal|p1a: Arceus|100\/100\n|move|p2a: Roaring Peak|Acrobatics|p1a: Arceus\n|-supereffective|p1a: Arceus\n|-damage|p1a: Arceus|47\/100\n|\n|upkeep\n|turn|16\n|\n|t:|1698871209\n|move|p1a: Arceus|Recover|p1a: Arceus\n|-heal|p1a: Arceus|97\/100\n|move|p2a: Roaring Peak|Dragon Dance|p2a: Roaring Peak\n|-boost|p2a: Roaring Peak|atk|1\n|-boost|p2a: Roaring Peak|spe|1\n|\n|upkeep\n|turn|17\n|\n|t:|1698871216\n|move|p2a: Roaring Peak|Acrobatics|p1a: Arceus\n|-supereffective|p1a: Arceus\n|-damage|p1a: Arceus|15\/100\n|move|p1a: Arceus|Judgment|p2a: Roaring Peak\n|-resisted|p2a: Roaring Peak\n|-damage|p2a: Roaring Peak|32\/100\n|\n|upkeep\n|turn|18\n|\n|t:|1698871224\n|move|p2a: Roaring Peak|Knock Off|p1a: Arceus\n|-damage|p1a: Arceus|0 fnt\n|faint|p1a: Arceus\n|\n|upkeep\n|\n|t:|1698871230\n|switch|p1a: Pelipper|Pelipper, M|21\/100\n|-weather|RainDance|[from] ability: Drizzle|[of] p1a: Pelipper\n|turn|19\n|\n|t:|1698871234\n|move|p2a: Roaring Peak|Knock Off|p1a: Pelipper\n|-damage|p1a: Pelipper|0 fnt\n|faint|p1a: Pelipper\n|\n|-weather|RainDance|[upkeep]\n|upkeep\n|\n|t:|1698871238\n|switch|p1a: Zapdos|Zapdos|100\/100\n|turn|20\n|\n|t:|1698871242\n|move|p2a: Roaring Peak|Knock Off|p1a: Zapdos\n|-damage|p1a: Zapdos|1\/100\n|-enditem|p1a: Zapdos|Heavy-Duty Boots|[from] move: Knock Off|[of] p2a: Roaring Peak\n|move|p1a: Zapdos|Thunder Wave|p2a: Roaring Peak\n|-status|p2a: Roaring Peak|par\n|\n|-weather|RainDance|[upkeep]\n|upkeep\n|turn|21\n|\n|t:|1698871249\n|move|p1a: Zapdos|Hurricane|p2a: Roaring Peak\n|-damage|p2a: Roaring Peak|0 fnt\n|faint|p2a: Roaring Peak\n|-end|p2a: Roaring Peak|Protosynthesis|[silent]\n|\n|-weather|RainDance|[upkeep]\n|upkeep\n|\n|t:|1698871258\n|switch|p2a: Emu War|Espathra, F|100\/100\n|turn|22\n|\n|t:|1698871263\n|move|p2a: Emu War|Protect|p2a: Emu War\n|-singleturn|p2a: Emu War|Protect\n|move|p1a: Zapdos|Hurricane|p2a: Emu War\n|-activate|p2a: Emu War|move: Protect\n|\n|-weather|RainDance|[upkeep]\n|-ability|p2a: Emu War|Speed Boost|boost\n|-boost|p2a: Emu War|spe|1\n|upkeep\n|turn|23\n|\n|t:|1698871266\n|move|p2a: Emu War|Calm Mind|p2a: Emu War\n|-boost|p2a: Emu War|spa|1\n|-boost|p2a: Emu War|spd|1\n|move|p1a: Zapdos|Hurricane|p2a: Emu War\n|-damage|p2a: Emu War|40\/100\n|\n|-weather|none\n|-ability|p2a: Emu War|Speed Boost|boost\n|-boost|p2a: Emu War|spe|1\n|upkeep\n|turn|24\n|\n|t:|1698871276\n|-terastallize|p1a: Zapdos|Electric\n|move|p2a: Emu War|Stored Power|p1a: Zapdos\n|-damage|p1a: Zapdos|0 fnt\n|faint|p1a: Zapdos\n|\n|-ability|p2a: Emu War|Speed Boost|boost\n|-boost|p2a: Emu War|spe|1\n|upkeep\n|\n|t:|1698871282\n|switch|p1a: Basculegion|Basculegion-F, F|100\/100\n|turn|25\n|\n|t:|1698871287\n|move|p2a: Emu War|Stored Power|p1a: Basculegion\n|-damage|p1a: Basculegion|6\/100\n|move|p1a: Basculegion|Last Respects|p2a: Emu War\n|-supereffective|p2a: Emu War\n|-damage|p2a: Emu War|0 fnt\n|faint|p2a: Emu War\n|\n|upkeep\n|\n|t:|1698871290\n|switch|p2a: Akira|Cyclizar, M|71\/100\n|turn|26\n|\n|t:|1698871295\n|move|p2a: Akira|Knock Off|p1a: Basculegion\n|-supereffective|p1a: Basculegion\n|-damage|p1a: Basculegion|0 fnt\n|-enditem|p1a: Basculegion|Heavy-Duty Boots|[from] move: Knock Off|[of] p2a: Akira\n|faint|p1a: Basculegion\n|\n|win|XpokVEVO\n|c|\u2606mann_treads|gg\n","uploadtime":1698871299,"views":11,"p1id":"manntreads","p2id":"xpokvevo","formatid":"gen9ubers","rating":0,"private":0,"password":""}