{"id":"gen9ubers-1998221896","p1":"Visharky","p2":"Lidianimel","format":"[Gen 9] Ubers","log":"|j|\u2606Visharky\n|j|\u2606Lidianimel\n|t:|1700915263\n|gametype|singles\n|player|p1|Visharky|roxie|1088\n|player|p2|Lidianimel|2|1000\n|teamsize|p1|6\n|teamsize|p2|6\n|gen|9\n|tier|[Gen 9] Ubers\n|rated|\n|rule|Sleep Clause Mod: Limit one foe put to sleep\n|rule|Species Clause: Limit one of each Pok\u00e9mon\n|rule|OHKO Clause: OHKO moves are banned\n|rule|Evasion Items Clause: Evasion items are banned\n|rule|Evasion Moves Clause: Evasion moves are banned\n|rule|Endless Battle Clause: Forcing endless battles is banned\n|rule|HP Percentage Mod: HP is shown in percentages\n|clearpoke\n|poke|p1|Sneasler, M|\n|poke|p1|Rillaboom, F|\n|poke|p1|Baxcalibur, F|\n|poke|p1|Volcarona, F|\n|poke|p1|Miraidon|\n|poke|p1|Arceus-Fairy|\n|poke|p2|Surskit, M|\n|poke|p2|Morpeko, M|\n|poke|p2|Rayquaza|\n|poke|p2|Toxapex, F|\n|poke|p2|Groudon|\n|poke|p2|Eternatus|\n|teampreview\n|\n|t:|1700915274\n|start\n|switch|p1a: Rillaboom|Rillaboom, F, shiny|100\/100\n|switch|p2a: Rayquaza|Rayquaza, shiny|100\/100\n|-ability|p2a: Rayquaza|Air Lock\n|-fieldstart|move: Grassy Terrain|[from] ability: Grassy Surge|[of] p1a: Rillaboom\n|turn|1\n|\n|t:|1700915290\n|move|p2a: Rayquaza|Hurricane|p1a: Rillaboom\n|-supereffective|p1a: Rillaboom\n|-crit|p1a: Rillaboom\n|-damage|p1a: Rillaboom|0 fnt\n|faint|p1a: Rillaboom\n|\n|upkeep\n|\n|t:|1700915300\n|switch|p1a: Arceus|Arceus-Fairy, shiny|100\/100\n|turn|2\n|\n|t:|1700915304\n|switch|p2a: Toxapex|Toxapex, F|100\/100\n|move|p1a: Arceus|Judgment|p2a: Toxapex\n|-resisted|p2a: Toxapex\n|-damage|p2a: Toxapex|78\/100\n|\n|-heal|p2a: Toxapex|84\/100|[from] Grassy Terrain\n|upkeep\n|turn|3\n|\n|t:|1700915318\n|move|p1a: Arceus|Earth Power|p2a: Toxapex\n|-supereffective|p2a: Toxapex\n|-damage|p2a: Toxapex|33\/100\n|move|p2a: Toxapex|Liquidation|p1a: Arceus\n|-damage|p1a: Arceus|85\/100\n|\n|-heal|p1a: Arceus|91\/100|[from] Grassy Terrain\n|-heal|p2a: Toxapex|39\/100|[from] Grassy Terrain\n|upkeep\n|turn|4\n|\n|t:|1700915330\n|move|p1a: Arceus|Earth Power|p2a: Toxapex\n|-supereffective|p2a: Toxapex\n|-damage|p2a: Toxapex|0 fnt\n|faint|p2a: Toxapex\n|\n|-heal|p1a: Arceus|97\/100|[from] Grassy Terrain\n|upkeep\n|\n|t:|1700915340\n|switch|p2a: Eternatus|Eternatus|100\/100\n|-ability|p2a: Eternatus|Pressure\n|turn|5\n|\n|t:|1700915349\n|move|p2a: Eternatus|Toxic|p1a: Arceus\n|-status|p1a: Arceus|tox\n|move|p1a: Arceus|Judgment|p2a: Eternatus\n|-damage|p2a: Eternatus|56\/100\n|\n|-heal|p2a: Eternatus|62\/100|[from] Grassy Terrain\n|-heal|p2a: Eternatus|68\/100|[from] item: Black Sludge\n|-heal|p1a: Arceus|100\/100 tox|[from] Grassy Terrain\n|-damage|p1a: Arceus|94\/100 tox|[from] psn\n|upkeep\n|turn|6\n|inactive|Battle timer is ON: inactive players will automatically lose when time's up. (requested by Lidianimel)\n|\n|t:|1700915392\n|switch|p1a: Baxcalibur|Baxcalibur, F|100\/100\n|move|p2a: Eternatus|Rain Dance|p2a: Eternatus\n|-weather|RainDance\n|\n|-weather|RainDance|[upkeep]\n|-heal|p2a: Eternatus|74\/100|[from] Grassy Terrain\n|-heal|p2a: Eternatus|80\/100|[from] item: Black Sludge\n|upkeep\n|turn|7\n|\n|t:|1700915408\n|switch|p2a: Surskit|Surskit, M|100\/100\n|-terastallize|p1a: Baxcalibur|Fairy\n|move|p1a: Baxcalibur|Dragon Dance|p1a: Baxcalibur\n|-boost|p1a: Baxcalibur|atk|1\n|-boost|p1a: Baxcalibur|spe|1\n|\n|-weather|RainDance|[upkeep]\n|upkeep\n|turn|8\n|\n|t:|1700915427\n|move|p1a: Baxcalibur|Dragon Dance|p1a: Baxcalibur\n|-boost|p1a: Baxcalibur|atk|1\n|-boost|p1a: Baxcalibur|spe|1\n|move|p2a: Surskit|Hydro Pump|p1a: Baxcalibur\n|-damage|p1a: Baxcalibur|46\/100\n|\n|-weather|RainDance|[upkeep]\n|-heal|p1a: Baxcalibur|52\/100|[from] Grassy Terrain\n|-fieldend|move: Grassy Terrain\n|upkeep\n|turn|9\n|\n|t:|1700915441\n|move|p1a: Baxcalibur|Scale Shot|p2a: Surskit|[miss]\n|-miss|p1a: Baxcalibur|p2a: Surskit\n|move|p2a: Surskit|Hydro Pump|p1a: Baxcalibur\n|-damage|p1a: Baxcalibur|0 fnt\n|faint|p1a: Baxcalibur\n|\n|-weather|RainDance|[upkeep]\n|upkeep\n|\n|t:|1700915453\n|switch|p1a: Sneasler|Sneasler, M, shiny|100\/100\n|turn|10\n|\n|t:|1700915465\n|switch|p2a: Rayquaza|Rayquaza, shiny|100\/100\n|-ability|p2a: Rayquaza|Air Lock\n|move|p1a: Sneasler|Dire Claw|p2a: Rayquaza\n|-damage|p2a: Rayquaza|51\/100\n|\n|-weather|none\n|upkeep\n|turn|11\n|\n|t:|1700915476\n|move|p1a: Sneasler|Dire Claw|p2a: Rayquaza\n|-damage|p2a: Rayquaza|3\/100\n|-status|p2a: Rayquaza|slp\n|cant|p2a: Rayquaza|slp\n|\n|upkeep\n|turn|12\n|\n|t:|1700915483\n|move|p1a: Sneasler|Dire Claw|p2a: Rayquaza\n|-damage|p2a: Rayquaza|0 fnt\n|faint|p2a: Rayquaza\n|\n|upkeep\n|\n|t:|1700915490\n|switch|p2a: Groudon|Groudon, shiny|100\/100\n|-weather|SunnyDay|[from] ability: Drought|[of] p2a: Groudon\n|turn|13\n|\n|t:|1700915496\n|move|p1a: Sneasler|Dire Claw|p2a: Groudon\n|-resisted|p2a: Groudon\n|-damage|p2a: Groudon|85\/100\n|move|p2a: Groudon|Thunder Wave|p1a: Sneasler\n|-status|p1a: Sneasler|par\n|\n|-weather|SunnyDay|[upkeep]\n|upkeep\n|turn|14\n|\n|t:|1700915505\n|move|p2a: Groudon|Earthquake|p1a: Sneasler\n|-supereffective|p1a: Sneasler\n|-damage|p1a: Sneasler|0 fnt\n|faint|p1a: Sneasler\n|\n|-weather|SunnyDay|[upkeep]\n|upkeep\n|\n|t:|1700915512\n|switch|p1a: Miraidon|Miraidon|100\/100\n|-fieldstart|move: Electric Terrain|[from] ability: Hadron Engine|[of] p1a: Miraidon\n|-enditem|p1a: Miraidon|Electric Seed\n|-boost|p1a: Miraidon|def|1|[from] item: Electric Seed\n|turn|15\n|\n|t:|1700915520\n|move|p1a: Miraidon|U-turn|p2a: Groudon\n|-damage|p2a: Groudon|75\/100\n|\n|t:|1700915524\n|switch|p1a: Arceus|Arceus-Fairy, shiny|94\/100 tox|[from] U-turn\n|move|p2a: Groudon|Earthquake|p1a: Arceus\n|-damage|p1a: Arceus|46\/100 tox\n|\n|-weather|SunnyDay|[upkeep]\n|-damage|p1a: Arceus|40\/100 tox|[from] psn\n|upkeep\n|turn|16\n|\n|t:|1700915536\n|switch|p2a: Eternatus|Eternatus|80\/100\n|-ability|p2a: Eternatus|Pressure\n|move|p1a: Arceus|Energy Ball|p2a: Eternatus\n|-resisted|p2a: Eternatus\n|-crit|p2a: Eternatus\n|-damage|p2a: Eternatus|73\/100\n|\n|-weather|SunnyDay|[upkeep]\n|-heal|p2a: Eternatus|79\/100|[from] item: Black Sludge\n|-damage|p1a: Arceus|28\/100 tox|[from] psn\n|upkeep\n|turn|17\n|\n|t:|1700915555\n|move|p2a: Eternatus|Rain Dance|p2a: Eternatus\n|-weather|RainDance\n|move|p1a: Arceus|Earth Power|p2a: Eternatus\n|-supereffective|p2a: Eternatus\n|-damage|p2a: Eternatus|37\/100\n|\n|-weather|RainDance|[upkeep]\n|-heal|p2a: Eternatus|43\/100|[from] item: Black Sludge\n|-damage|p1a: Arceus|10\/100 tox|[from] psn\n|upkeep\n|turn|18\n|\n|t:|1700915565\n|switch|p2a: Surskit|Surskit, M|100\/100\n|move|p1a: Arceus|Earth Power|p2a: Surskit\n|-resisted|p2a: Surskit\n|-damage|p2a: Surskit|63\/100\n|\n|-weather|RainDance|[upkeep]\n|-heal|p2a: Surskit|69\/100|[from] ability: Rain Dish\n|-damage|p1a: Arceus|0 fnt|[from] psn\n|faint|p1a: Arceus\n|upkeep\n|\n|t:|1700915581\n|switch|p1a: Miraidon|Miraidon|100\/100\n|-activate|p1a: Miraidon|ability: Hadron Engine\n|turn|19\n|\n|t:|1700915589\n|switch|p2a: Groudon|Groudon, shiny|75\/100\n|-weather|SunnyDay|[from] ability: Drought|[of] p2a: Groudon\n|move|p1a: Miraidon|Electro Drift|p2a: Groudon\n|-immune|p2a: Groudon\n|\n|-weather|SunnyDay|[upkeep]\n|-fieldend|move: Electric Terrain\n|upkeep\n|turn|20\n|\n|t:|1700915601\n|move|p1a: Miraidon|U-turn|p2a: Groudon\n|-damage|p2a: Groudon|65\/100\n|\n|t:|1700915604\n|switch|p1a: Volcarona|Volcarona, F|100\/100|[from] U-turn\n|move|p2a: Groudon|Earthquake|p1a: Volcarona\n|-damage|p1a: Volcarona|16\/100\n|\n|-weather|SunnyDay|[upkeep]\n|upkeep\n|turn|21\n|\n|t:|1700915615\n|move|p2a: Groudon|Earthquake|p1a: Volcarona\n|-damage|p1a: Volcarona|0 fnt\n|faint|p1a: Volcarona\n|\n|-weather|SunnyDay|[upkeep]\n|upkeep\n|\n|t:|1700915622\n|switch|p1a: Miraidon|Miraidon|100\/100\n|-fieldstart|move: Electric Terrain|[from] ability: Hadron Engine|[of] p1a: Miraidon\n|turn|22\n|\n|t:|1700915627\n|move|p1a: Miraidon|Dazzling Gleam|p2a: Groudon\n|-damage|p2a: Groudon|19\/100\n|move|p2a: Groudon|Earthquake|p1a: Miraidon\n|-supereffective|p1a: Miraidon\n|-damage|p1a: Miraidon|0 fnt\n|faint|p1a: Miraidon\n|\n|win|Lidianimel\n|raw|Visharky's rating: 1088 &rarr; <strong>1059<\/strong><br \/>(-29 for losing)\n|raw|Lidianimel's rating: 1000 &rarr; <strong>1050<\/strong><br \/>(+50 for winning)\n|l|\u2606Visharky\n","uploadtime":1700915636,"views":2,"p1id":"visharky","p2id":"lidianimel","formatid":"gen9ubers","rating":1050,"private":0,"password":""}