{"id":"gen9ubers-1999630156","p1":"bezrukiy_noob","p2":"Diriana","format":"[Gen 9] Ubers","log":"|j|\u2606bezrukiy_noob\n|j|\u2606Diriana\n|t:|1701102770\n|gametype|singles\n|player|p1|bezrukiy_noob|pokekid|\n|player|p2|Diriana|iris-masters|\n|teamsize|p1|6\n|teamsize|p2|6\n|gen|9\n|tier|[Gen 9] Ubers\n|rule|Sleep Clause Mod: Limit one foe put to sleep\n|rule|Species Clause: Limit one of each Pok\u00e9mon\n|rule|OHKO Clause: OHKO moves are banned\n|rule|Evasion Items Clause: Evasion items are banned\n|rule|Evasion Moves Clause: Evasion moves are banned\n|rule|Endless Battle Clause: Forcing endless battles is banned\n|rule|HP Percentage Mod: HP is shown in percentages\n|clearpoke\n|poke|p1|Miraidon|\n|poke|p1|Iron Bundle|\n|poke|p1|Chi-Yu|\n|poke|p1|Clefairy, M|\n|poke|p1|Landorus-Therian, M|\n|poke|p1|Abomasnow, F|\n|poke|p2|Arceus|\n|poke|p2|Chi-Yu|\n|poke|p2|Flutter Mane|\n|poke|p2|Koraidon|\n|poke|p2|Miraidon|\n|poke|p2|Walking Wake|\n|teampreview\n|inactive|Battle timer is ON: inactive players will automatically lose when time's up. (requested by bezrukiy_noob)\n|\n|t:|1701102795\n|start\n|switch|p1a: Chi-Yu|Chi-Yu|100\/100\n|switch|p2a: Sandwich|Koraidon|100\/100\n|-ability|p1a: Chi-Yu|Beads of Ruin\n|-weather|SunnyDay|[from] ability: Orichalcum Pulse|[of] p2a: Sandwich\n|-activate|p2a: Sandwich|Orichalcum Pulse|[source]\n|turn|1\n|\n|t:|1701102808\n|move|p1a: Chi-Yu|Psychic|p2a: Sandwich\n|-supereffective|p2a: Sandwich\n|-damage|p2a: Sandwich|17\/100\n|move|p2a: Sandwich|U-turn|p1a: Chi-Yu\n|-damage|p1a: Chi-Yu|47\/100\n|\n|t:|1701102813\n|switch|p2a: Lisa Simpson|Flutter Mane|100\/100|[from] U-turn\n|-activate|p2a: Lisa Simpson|ability: Protosynthesis\n|-start|p2a: Lisa Simpson|protosynthesisspe\n|\n|-weather|SunnyDay|[upkeep]\n|upkeep\n|turn|2\n|\n|t:|1701102820\n|switch|p1a: Abomasnow|Abomasnow, F|100\/100\n|-weather|Snow|[from] ability: Snow Warning|[of] p1a: Abomasnow\n|-end|p2a: Lisa Simpson|Protosynthesis\n|move|p2a: Lisa Simpson|Moonblast|p1a: Abomasnow\n|-damage|p1a: Abomasnow|17\/100\n|-unboost|p1a: Abomasnow|spa|1\n|\n|-weather|Snow|[upkeep]\n|upkeep\n|turn|3\n|\n|t:|1701102827\n|move|p1a: Abomasnow|Ice Shard|p2a: Lisa Simpson\n|-damage|p2a: Lisa Simpson|74\/100\n|move|p2a: Lisa Simpson|Moonblast|p1a: Abomasnow\n|-damage|p1a: Abomasnow|0 fnt\n|faint|p1a: Abomasnow\n|\n|-weather|Snow|[upkeep]\n|upkeep\n|\n|t:|1701102829\n|switch|p1a: Miraidon|Miraidon|100\/100\n|-fieldstart|move: Electric Terrain|[from] ability: Hadron Engine|[of] p1a: Miraidon\n|turn|4\n|\n|t:|1701102851\n|-terastallize|p1a: Miraidon|Fairy\n|move|p2a: Lisa Simpson|Moonblast|p1a: Miraidon\n|-damage|p1a: Miraidon|32\/100\n|move|p1a: Miraidon|Dazzling Gleam|p2a: Lisa Simpson\n|-damage|p2a: Lisa Simpson|0 fnt\n|faint|p2a: Lisa Simpson\n|-end|p2a: Lisa Simpson|Protosynthesis|[silent]\n|\n|-weather|Snow|[upkeep]\n|upkeep\n|inactive|Diriana has 270 seconds left.\n|\n|t:|1701102873\n|switch|p2a: Water Age|Walking Wake|100\/100\n|turn|5\n|\n|t:|1701102879\n|switch|p1a: Clefairy|Clefairy, M|100\/100\n|move|p2a: Water Age|Hydro Steam|p1a: Clefairy\n|-damage|p1a: Clefairy|76\/100\n|\n|-weather|Snow|[upkeep]\n|upkeep\n|turn|6\n|\n|t:|1701102887\n|-end|p2a: Water Age|Protosynthesis|[silent]\n|switch|p2a: Gold Medal|Arceus, shiny|100\/100\n|move|p1a: Clefairy|Moonblast|p2a: Gold Medal\n|-damage|p2a: Gold Medal|85\/100\n|\n|-weather|none\n|upkeep\n|turn|7\n|\n|t:|1701102894\n|switch|p1a: Landorus|Landorus-Therian, M|100\/100\n|-ability|p1a: Landorus|Intimidate|boost\n|-unboost|p2a: Gold Medal|atk|1\n|-enditem|p1a: Landorus|Electric Seed\n|-boost|p1a: Landorus|def|1|[from] item: Electric Seed\n|move|p2a: Gold Medal|Swords Dance|p2a: Gold Medal\n|-boost|p2a: Gold Medal|atk|2\n|\n|upkeep\n|turn|8\n|\n|t:|1701102902\n|move|p1a: Landorus|Earthquake|p2a: Gold Medal\n|-damage|p2a: Gold Medal|46\/100\n|-enditem|p2a: Gold Medal|Sitrus Berry|[eat]\n|-heal|p2a: Gold Medal|71\/100|[from] item: Sitrus Berry\n|move|p2a: Gold Medal|Swords Dance|p2a: Gold Medal\n|-boost|p2a: Gold Medal|atk|2\n|\n|-fieldend|move: Electric Terrain\n|upkeep\n|turn|9\n|\n|t:|1701102910\n|move|p2a: Gold Medal|Extreme Speed|p1a: Landorus\n|-damage|p1a: Landorus|17\/100\n|move|p1a: Landorus|Rock Tomb|p2a: Gold Medal\n|-damage|p2a: Gold Medal|56\/100\n|-unboost|p2a: Gold Medal|spe|1\n|\n|upkeep\n|turn|10\n|\n|t:|1701102917\n|move|p2a: Gold Medal|Extreme Speed|p1a: Landorus\n|-damage|p1a: Landorus|0 fnt\n|faint|p1a: Landorus\n|\n|upkeep\n|\n|t:|1701102920\n|switch|p1a: Miraidon|Miraidon, tera:Fairy|32\/100\n|-fieldstart|move: Electric Terrain|[from] ability: Hadron Engine|[of] p1a: Miraidon\n|turn|11\n|\n|t:|1701102926\n|switch|p1a: Clefairy|Clefairy, M|76\/100\n|move|p2a: Gold Medal|Extreme Speed|p1a: Clefairy\n|-damage|p1a: Clefairy|0 fnt\n|faint|p1a: Clefairy\n|\n|upkeep\n|\n|t:|1701102928\n|switch|p1a: Iron Bundle|Iron Bundle|100\/100\n|-activate|p1a: Iron Bundle|ability: Quark Drive\n|-start|p1a: Iron Bundle|quarkdrivespe\n|turn|12\n|\n|t:|1701102935\n|move|p2a: Gold Medal|Extreme Speed|p1a: Iron Bundle\n|-damage|p1a: Iron Bundle|0 fnt\n|faint|p1a: Iron Bundle\n|-end|p1a: Iron Bundle|Quark Drive|[silent]\n|\n|upkeep\n|\n|t:|1701102939\n|switch|p1a: Miraidon|Miraidon, tera:Fairy|32\/100\n|-activate|p1a: Miraidon|ability: Hadron Engine\n|turn|13\n|\n|t:|1701102944\n|move|p2a: Gold Medal|Extreme Speed|p1a: Miraidon\n|-crit|p1a: Miraidon\n|-damage|p1a: Miraidon|0 fnt\n|faint|p1a: Miraidon\n|\n|upkeep\n|\n|t:|1701102945\n|switch|p1a: Chi-Yu|Chi-Yu|47\/100\n|-ability|p1a: Chi-Yu|Beads of Ruin\n|turn|14\n|\n|t:|1701102951\n|move|p2a: Gold Medal|Extreme Speed|p1a: Chi-Yu\n|-damage|p1a: Chi-Yu|0 fnt\n|faint|p1a: Chi-Yu\n|\n|win|Diriana\n","uploadtime":1701102960,"views":9,"p1id":"bezrukiynoob","p2id":"diriana","formatid":"gen9ubers","rating":0,"private":0,"password":""}