{"id":"gen9ubers-1974788105","p1":"PresentWand0","p2":"Future king of ou","format":"[Gen 9] Ubers","log":"|j|\u2606PresentWand0\n|j|\u2606Future king of ou\n|t:|1698124540\n|gametype|singles\n|player|p1|PresentWand0|hilbert|\n|player|p2|Future king of ou|lady-gen4|\n|teamsize|p1|6\n|teamsize|p2|6\n|gen|9\n|tier|[Gen 9] Ubers\n|rated|Tournament battle\n|rule|Sleep Clause Mod: Limit one foe put to sleep\n|rule|Species Clause: Limit one of each Pok\u00e9mon\n|rule|OHKO Clause: OHKO moves are banned\n|rule|Evasion Items Clause: Evasion items are banned\n|rule|Evasion Moves Clause: Evasion moves are banned\n|rule|Endless Battle Clause: Forcing endless battles is banned\n|rule|HP Percentage Mod: HP is shown in percentages\n|clearpoke\n|poke|p1|Gliscor, F|\n|poke|p1|Meowscarada, F|\n|poke|p1|Clefable, F|\n|poke|p1|Skeledirge, M|\n|poke|p1|Corviknight, M|\n|poke|p1|Greninja-*, F|\n|poke|p2|Kyogre|\n|poke|p2|Koraidon|\n|poke|p2|Skeledirge, M|\n|poke|p2|Blissey, F|\n|poke|p2|Alomomola, M|\n|poke|p2|Girafarig, M|\n|teampreview\n|\n|t:|1698124582\n|start\n|switch|p1a: Meowscarada|Meowscarada, F|100\/100\n|switch|p2a: Girafarig|Girafarig, M|100\/100\n|turn|1\n|\n|t:|1698124590\n|-terastallize|p2a: Girafarig|Fairy\n|move|p1a: Meowscarada|Knock Off|p2a: Girafarig\n|-start|p1a: Meowscarada|typechange|Dark|[from] ability: Protean\n|-resisted|p2a: Girafarig\n|-damage|p2a: Girafarig|51\/100\n|-enditem|p2a: Girafarig|Leftovers|[from] move: Knock Off|[of] p1a: Meowscarada\n|move|p2a: Girafarig|Agility|p2a: Girafarig\n|-boost|p2a: Girafarig|spe|2\n|\n|upkeep\n|turn|2\n|\n|t:|1698124599\n|switch|p1a: Clefable|Clefable, F|100\/100\n|move|p2a: Girafarig|Calm Mind|p2a: Girafarig\n|-boost|p2a: Girafarig|spa|1\n|-boost|p2a: Girafarig|spd|1\n|\n|upkeep\n|turn|3\n|\n|t:|1698124604\n|move|p2a: Girafarig|Agility|p2a: Girafarig\n|-boost|p2a: Girafarig|spe|2\n|move|p1a: Clefable|Thunder Wave|p2a: Girafarig\n|-status|p2a: Girafarig|par\n|\n|upkeep\n|turn|4\n|\n|t:|1698124608\n|move|p2a: Girafarig|Agility|p2a: Girafarig\n|-boost|p2a: Girafarig|spe|2\n|move|p1a: Clefable|Moonblast|p2a: Girafarig\n|-damage|p2a: Girafarig|3\/100 par\n|\n|upkeep\n|turn|5\n|\n|t:|1698124611\n|move|p2a: Girafarig|Stored Power|p1a: Clefable\n|-damage|p1a: Clefable|62\/100\n|move|p1a: Clefable|Moonblast|p2a: Girafarig\n|-damage|p2a: Girafarig|0 fnt\n|faint|p2a: Girafarig\n|\n|-heal|p1a: Clefable|68\/100|[from] item: Leftovers\n|upkeep\n|\n|t:|1698124614\n|switch|p2a: Koraidon|Koraidon|100\/100\n|-weather|SunnyDay|[from] ability: Orichalcum Pulse|[of] p2a: Koraidon\n|-activate|p2a: Koraidon|Orichalcum Pulse|[source]\n|turn|6\n|\n|t:|1698124624\n|move|p2a: Koraidon|Flare Blitz|p1a: Clefable\n|-damage|p1a: Clefable|0 fnt\n|faint|p1a: Clefable\n|-damage|p2a: Koraidon|75\/100|[from] Recoil\n|\n|-weather|SunnyDay|[upkeep]\n|upkeep\n|\n|t:|1698124641\n|switch|p1a: Gliscor|Gliscor, F|100\/100\n|turn|7\n|\n|t:|1698124646\n|switch|p2a: Kyogre|Kyogre|100\/100\n|-weather|RainDance|[from] ability: Drizzle|[of] p2a: Kyogre\n|move|p1a: Gliscor|Toxic|p2a: Kyogre\n|-status|p2a: Kyogre|tox\n|\n|-weather|RainDance|[upkeep]\n|-damage|p2a: Kyogre|94\/100 tox|[from] psn\n|-status|p1a: Gliscor|tox|[from] item: Toxic Orb\n|upkeep\n|turn|8\n|\n|t:|1698124654\n|switch|p1a: Corviknight|Corviknight, M|100\/100\n|-ability|p1a: Corviknight|Pressure\n|move|p2a: Kyogre|Origin Pulse|p1a: Corviknight\n|-damage|p1a: Corviknight|0 fnt\n|faint|p1a: Corviknight\n|\n|-weather|RainDance|[upkeep]\n|-damage|p2a: Kyogre|82\/100 tox|[from] psn\n|upkeep\n|\n|t:|1698124660\n|switch|p1a: Meowscarada|Meowscarada, F|100\/100\n|turn|9\n|\n|t:|1698124695\n|switch|p2a: Koraidon|Koraidon|75\/100\n|-weather|SunnyDay|[from] ability: Orichalcum Pulse|[of] p2a: Koraidon\n|-activate|p2a: Koraidon|Orichalcum Pulse|[source]\n|move|p1a: Meowscarada|Flower Trick|p2a: Koraidon\n|-start|p1a: Meowscarada|typechange|Grass|[from] ability: Protean\n|-resisted|p2a: Koraidon\n|-crit|p2a: Koraidon\n|-damage|p2a: Koraidon|40\/100\n|\n|-weather|SunnyDay|[upkeep]\n|upkeep\n|turn|10\n|\n|t:|1698124705\n|switch|p1a: Gliscor|Gliscor, F|100\/100 tox\n|move|p2a: Koraidon|Outrage|p1a: Gliscor\n|-damage|p1a: Gliscor|14\/100 tox\n|\n|-weather|SunnyDay|[upkeep]\n|-heal|p1a: Gliscor|26\/100 tox|[from] ability: Poison Heal\n|upkeep\n|turn|11\n|j| Abubakrcl7\n|l| Abubakrcl7\n|j| ZowwyCafe\u2764\n|\n|t:|1698124738\n|move|p1a: Gliscor|Protect|p1a: Gliscor\n|-singleturn|p1a: Gliscor|Protect\n|move|p2a: Koraidon|Outrage|p1a: Gliscor|[from]lockedmove\n|-activate|p1a: Gliscor|move: Protect\n|-start|p2a: Koraidon|confusion|[fatigue]\n|\n|-weather|SunnyDay|[upkeep]\n|-heal|p1a: Gliscor|39\/100 tox|[from] ability: Poison Heal\n|upkeep\n|turn|12\n|\n|t:|1698124813\n|-activate|p2a: Koraidon|confusion\n|move|p2a: Koraidon|Outrage|p1a: Gliscor\n|-damage|p1a: Gliscor|0 fnt\n|faint|p1a: Gliscor\n|\n|-weather|SunnyDay|[upkeep]\n|upkeep\n|\n|t:|1698124821\n|switch|p1a: Skeledirge|Skeledirge, M|100\/100\n|turn|13\n|\n|t:|1698124849\n|-terastallize|p1a: Skeledirge|Fairy\n|-activate|p2a: Koraidon|confusion\n|move|p2a: Koraidon|Outrage|p1a: Skeledirge|[from]lockedmove\n|-immune|p1a: Skeledirge\n|move|p1a: Skeledirge|Tera Blast|p2a: Koraidon|[anim] Tera Blast Fairy\n|-supereffective|p2a: Koraidon\n|-damage|p2a: Koraidon|0 fnt\n|faint|p2a: Koraidon\n|\n|-weather|none\n|upkeep\n|\n|t:|1698124851\n|switch|p2a: Kyogre|Kyogre|82\/100 tox\n|-weather|RainDance|[from] ability: Drizzle|[of] p2a: Kyogre\n|turn|14\n|\n|t:|1698124866\n|move|p2a: Kyogre|Origin Pulse|p1a: Skeledirge\n|-damage|p1a: Skeledirge|0 fnt\n|faint|p1a: Skeledirge\n|\n|-weather|RainDance|[upkeep]\n|-damage|p2a: Kyogre|76\/100 tox|[from] psn\n|upkeep\n|\n|t:|1698124869\n|switch|p1a: Meowscarada|Meowscarada, F|100\/100\n|turn|15\n|\n|t:|1698124891\n|switch|p2a: Blissey|Blissey, F|100\/100\n|move|p1a: Meowscarada|Flower Trick|p2a: Blissey\n|-start|p1a: Meowscarada|typechange|Grass|[from] ability: Protean\n|-crit|p2a: Blissey\n|-damage|p2a: Blissey|24\/100\n|\n|-weather|RainDance|[upkeep]\n|upkeep\n|turn|16\n|\n|t:|1698124895\n|move|p1a: Meowscarada|Flower Trick|p2a: Blissey\n|-crit|p2a: Blissey\n|-damage|p2a: Blissey|0 fnt\n|faint|p2a: Blissey\n|\n|-weather|RainDance|[upkeep]\n|upkeep\n|\n|t:|1698124897\n|switch|p2a: Skeledirge|Skeledirge, M|100\/100\n|turn|17\n|\n|t:|1698124899\n|switch|p1a: Greninja|Greninja, F|100\/100\n|move|p2a: Skeledirge|Torch Song|p1a: Greninja\n|-resisted|p1a: Greninja\n|-damage|p1a: Greninja|88\/100\n|-boost|p2a: Skeledirge|spa|1\n|\n|-weather|RainDance|[upkeep]\n|upkeep\n|turn|18\n|\n|t:|1698124905\n|switch|p2a: Alomomola|Alomomola, M|100\/100\n|move|p1a: Greninja|Surf|p2a: Alomomola\n|-start|p1a: Greninja|typechange|Water|[from] ability: Protean\n|-resisted|p2a: Alomomola\n|-damage|p2a: Alomomola|49\/100\n|\n|-weather|none\n|upkeep\n|turn|19\n|\n|t:|1698124908\n|move|p1a: Greninja|Surf|p2a: Alomomola\n|-resisted|p2a: Alomomola\n|-damage|p2a: Alomomola|15\/100\n|move|p2a: Alomomola|Wish|p2a: Alomomola\n|\n|upkeep\n|turn|20\n|\n|t:|1698124911\n|move|p2a: Alomomola|Protect|p2a: Alomomola\n|-singleturn|p2a: Alomomola|Protect\n|move|p1a: Greninja|Surf|p2a: Alomomola\n|-activate|p2a: Alomomola|move: Protect\n|\n|-heal|p2a: Alomomola|65\/100|[from] move: Wish|[wisher] Alomomola\n|upkeep\n|turn|21\n|\n|t:|1698124912\n|move|p1a: Greninja|Surf|p2a: Alomomola\n|-resisted|p2a: Alomomola\n|-damage|p2a: Alomomola|29\/100\n|move|p2a: Alomomola|Wish|p2a: Alomomola\n|\n|upkeep\n|turn|22\n|\n|t:|1698124914\n|move|p2a: Alomomola|Protect|p2a: Alomomola\n|-singleturn|p2a: Alomomola|Protect\n|move|p1a: Greninja|Surf|p2a: Alomomola\n|-activate|p2a: Alomomola|move: Protect\n|\n|-heal|p2a: Alomomola|79\/100|[from] move: Wish|[wisher] Alomomola\n|upkeep\n|turn|23\n|\n|t:|1698124916\n|move|p1a: Greninja|Surf|p2a: Alomomola\n|-resisted|p2a: Alomomola\n|-damage|p2a: Alomomola|43\/100\n|move|p2a: Alomomola|Scald|p1a: Greninja\n|-resisted|p1a: Greninja\n|-damage|p1a: Greninja|77\/100\n|\n|upkeep\n|turn|24\n|\n|t:|1698124922\n|switch|p1a: Meowscarada|Meowscarada, F|100\/100\n|move|p2a: Alomomola|Wish|p2a: Alomomola\n|\n|upkeep\n|turn|25\n|\n|t:|1698124929\n|move|p2a: Alomomola|Protect|p2a: Alomomola\n|-singleturn|p2a: Alomomola|Protect\n|move|p1a: Meowscarada|Flower Trick|p2a: Alomomola\n|-start|p1a: Meowscarada|typechange|Grass|[from] ability: Protean\n|-activate|p2a: Alomomola|move: Protect\n|\n|-heal|p2a: Alomomola|93\/100|[from] move: Wish|[wisher] Alomomola\n|upkeep\n|turn|26\n|j| Abubakrcl7\n|\n|t:|1698124960\n|switch|p2a: Skeledirge|Skeledirge, M|100\/100\n|move|p1a: Meowscarada|Flower Trick|p2a: Skeledirge\n|-resisted|p2a: Skeledirge\n|-crit|p2a: Skeledirge\n|-damage|p2a: Skeledirge|79\/100\n|\n|upkeep\n|turn|27\n|\n|t:|1698124963\n|switch|p1a: Greninja|Greninja, F|77\/100\n|move|p2a: Skeledirge|Torch Song|p1a: Greninja\n|-resisted|p1a: Greninja\n|-crit|p1a: Greninja\n|-damage|p1a: Greninja|42\/100\n|-boost|p2a: Skeledirge|spa|1\n|\n|upkeep\n|turn|28\n|\n|t:|1698124967\n|move|p1a: Greninja|Dark Pulse|p2a: Skeledirge\n|-start|p1a: Greninja|typechange|Dark|[from] ability: Protean\n|-supereffective|p2a: Skeledirge\n|-damage|p2a: Skeledirge|0 fnt\n|faint|p2a: Skeledirge\n|\n|upkeep\n|\n|t:|1698124969\n|switch|p2a: Kyogre|Kyogre|76\/100 tox\n|-weather|RainDance|[from] ability: Drizzle|[of] p2a: Kyogre\n|turn|29\n|\n|t:|1698124972\n|move|p1a: Greninja|Dark Pulse|p2a: Kyogre\n|-damage|p2a: Kyogre|45\/100 tox\n|move|p2a: Kyogre|Ice Beam|p1a: Greninja\n|-damage|p1a: Greninja|0 fnt\n|faint|p1a: Greninja\n|\n|-weather|RainDance|[upkeep]\n|-damage|p2a: Kyogre|38\/100 tox|[from] psn\n|upkeep\n|\n|t:|1698124975\n|switch|p1a: Meowscarada|Meowscarada, F|100\/100\n|turn|30\n|\n|t:|1698124979\n|move|p1a: Meowscarada|Flower Trick|p2a: Kyogre\n|-start|p1a: Meowscarada|typechange|Grass|[from] ability: Protean\n|-supereffective|p2a: Kyogre\n|-crit|p2a: Kyogre\n|-damage|p2a: Kyogre|0 fnt\n|faint|p2a: Kyogre\n|\n|-weather|RainDance|[upkeep]\n|upkeep\n|\n|t:|1698124980\n|switch|p2a: Alomomola|Alomomola, M|100\/100\n|turn|31\n|\n|t:|1698124993\n|move|p2a: Alomomola|Protect|p2a: Alomomola\n|-singleturn|p2a: Alomomola|Protect\n|move|p1a: Meowscarada|Flower Trick|p2a: Alomomola\n|-activate|p2a: Alomomola|move: Protect\n|\n|-weather|RainDance|[upkeep]\n|upkeep\n|turn|32\n|c| ZowwyCafe\u2764|lmao\n|\n|t:|1698125009\n|move|p1a: Meowscarada|Flower Trick|p2a: Alomomola\n|-supereffective|p2a: Alomomola\n|-crit|p2a: Alomomola\n|-damage|p2a: Alomomola|26\/100\n|move|p2a: Alomomola|Wish|p2a: Alomomola\n|\n|-weather|RainDance|[upkeep]\n|upkeep\n|turn|33\n|c|\u2606PresentWand0|gg\n|\n|t:|1698125014\n|move|p2a: Alomomola|Protect|p2a: Alomomola\n|-singleturn|p2a: Alomomola|Protect\n|move|p1a: Meowscarada|Flower Trick|p2a: Alomomola\n|-activate|p2a: Alomomola|move: Protect\n|\n|-weather|none\n|-heal|p2a: Alomomola|76\/100|[from] move: Wish|[wisher] Alomomola\n|upkeep\n|turn|34\n|\n|t:|1698125017\n|move|p1a: Meowscarada|Flower Trick|p2a: Alomomola\n|-supereffective|p2a: Alomomola\n|-crit|p2a: Alomomola\n|-damage|p2a: Alomomola|0 fnt\n|faint|p2a: Alomomola\n|\n|win|PresentWand0\n|n|\u2606PresentWand0|presentwand0\n|n|\u2606Future king of ou|futurekingofou\n|n| ZowwyCafe\u2764|zowwycafe\n|n| Abubakrcl7|abubakrcl7\n|l|\u2606Future king of ou\n|l| Abubakrcl7\n","uploadtime":1698125018,"views":31,"p1id":"presentwand0","p2id":"futurekingofou","formatid":"gen9ubers","rating":0,"private":0,"password":""}