{"id":"gen9ubers-1978772525","p1":"XpokVEVO","p2":"Vholtninja","format":"[Gen 9] Ubers","log":"|j|\u2606XpokVEVO\n|j|\u2606Vholtninja\n|t:|1698593311\n|gametype|singles\n|player|p1|XpokVEVO|anabel|\n|player|p2|Vholtninja|serena-masters2|\n|teamsize|p1|6\n|teamsize|p2|6\n|gen|9\n|tier|[Gen 9] Ubers\n|rule|Sleep Clause Mod: Limit one foe put to sleep\n|rule|Species Clause: Limit one of each Pok\u00e9mon\n|rule|OHKO Clause: OHKO moves are banned\n|rule|Evasion Items Clause: Evasion items are banned\n|rule|Evasion Moves Clause: Evasion moves are banned\n|rule|Endless Battle Clause: Forcing endless battles is banned\n|rule|HP Percentage Mod: HP is shown in percentages\n|clearpoke\n|poke|p1|Ursaluna, M|\n|poke|p1|Magearna|\n|poke|p1|Dialga|\n|poke|p1|Glastrier|\n|poke|p1|Hoopa-Unbound|\n|poke|p1|Hatterene, F|\n|poke|p2|Palkia-Origin|\n|poke|p2|Urshifu-*, F|\n|poke|p2|Shaymin-Sky|\n|poke|p2|Arceus-Flying|\n|poke|p2|Darkrai|\n|poke|p2|Zacian-*|\n|teampreview\n|c|\u2606Vholtninja|glhf\n|c|\u2606XpokVEVO|glf\n|c|\u2606XpokVEVO|g\u00f1fj\n|c|\u2606XpokVEVO|fgjf\n|\n|t:|1698593354\n|start\n|switch|p1a: Magearna|Magearna|100\/100\n|switch|p2a: Urshifu|Urshifu-Rapid-Strike, F|100\/100\n|turn|1\n|\n|t:|1698593387\n|move|p2a: Urshifu|U-turn|p1a: Magearna\n|-resisted|p1a: Magearna\n|-damage|p1a: Magearna|91\/100\n|\n|t:|1698593446\n|switch|p2a: Palkia|Palkia-Origin|100\/100|[from] U-turn\n|-ability|p2a: Palkia|Pressure\n|move|p1a: Magearna|Trick Room|p1a: Magearna\n|-fieldstart|move: Trick Room|[of] p1a: Magearna\n|\n|-heal|p1a: Magearna|97\/100|[from] item: Leftovers\n|upkeep\n|turn|2\n|\n|t:|1698593485\n|move|p1a: Magearna|Fleur Cannon|p2a: Palkia\n|-supereffective|p2a: Palkia\n|-damage|p2a: Palkia|0 fnt\n|-unboost|p1a: Magearna|spa|2\n|faint|p2a: Palkia\n|-ability|p1a: Magearna|Soul-Heart|boost\n|-boost|p1a: Magearna|spa|1\n|\n|-heal|p1a: Magearna|100\/100|[from] item: Leftovers\n|upkeep\n|c|\u2606XpokVEVO|you good?\n|c|\u2606Vholtninja|hmm?\n|\n|t:|1698593507\n|switch|p2a: Zacian|Zacian, shiny|100\/100\n|-ability|p2a: Zacian|Intrepid Sword|boost\n|-boost|p2a: Zacian|atk|1\n|turn|3\n|\n|t:|1698593521\n|move|p1a: Magearna|Flash Cannon|p2a: Zacian\n|-supereffective|p2a: Zacian\n|-damage|p2a: Zacian|40\/100\n|move|p2a: Zacian|Close Combat|p1a: Magearna\n|-damage|p1a: Magearna|52\/100\n|-unboost|p2a: Zacian|def|1\n|-unboost|p2a: Zacian|spd|1\n|\n|-heal|p1a: Magearna|58\/100|[from] item: Leftovers\n|upkeep\n|turn|4\n|\n|t:|1698593545\n|switch|p2a: Arceus|Arceus-Flying|100\/100\n|move|p1a: Magearna|Flash Cannon|p2a: Arceus\n|-damage|p2a: Arceus|82\/100\n|\n|-heal|p1a: Magearna|64\/100|[from] item: Leftovers\n|upkeep\n|turn|5\n|c|\u2606XpokVEVO|name that arceus \"Arceus-Steel\"\n|c|\u2606XpokVEVO|otherwise its not complete\n|\n|t:|1698593570\n|move|p1a: Magearna|Fleur Cannon|p2a: Arceus\n|-crit|p2a: Arceus\n|-damage|p2a: Arceus|13\/100\n|-unboost|p1a: Magearna|spa|2\n|move|p2a: Arceus|Calm Mind|p2a: Arceus\n|-boost|p2a: Arceus|spa|1\n|-boost|p2a: Arceus|spd|1\n|\n|-heal|p1a: Magearna|70\/100|[from] item: Leftovers\n|-fieldend|move: Trick Room\n|upkeep\n|turn|6\n|c|\u2606Vholtninja|wati I justr realized flying is banned mb\n|\n|t:|1698593642\n|move|p2a: Arceus|Judgment|p1a: Magearna\n|-resisted|p1a: Magearna\n|-damage|p1a: Magearna|40\/100\n|move|p1a: Magearna|Trick Room|p1a: Magearna\n|-fieldstart|move: Trick Room|[of] p1a: Magearna\n|\n|-heal|p1a: Magearna|46\/100|[from] item: Leftovers\n|upkeep\n|turn|7\n|\n|t:|1698593678\n|move|p1a: Magearna|Fleur Cannon|p2a: Arceus\n|-damage|p2a: Arceus|1\/100\n|-unboost|p1a: Magearna|spa|2\n|move|p2a: Arceus|Recover|p2a: Arceus\n|-heal|p2a: Arceus|51\/100\n|\n|-heal|p1a: Magearna|52\/100|[from] item: Leftovers\n|upkeep\n|turn|8\n|\n|t:|1698593691\n|switch|p1a: Dialga|Dialga, shiny|100\/100\n|-ability|p1a: Dialga|Pressure\n|move|p2a: Arceus|Recover|p2a: Arceus\n|-heal|p2a: Arceus|100\/100\n|\n|upkeep\n|turn|9\n|\n|t:|1698593727\n|move|p2a: Arceus|Calm Mind|p2a: Arceus\n|-boost|p2a: Arceus|spa|1\n|-boost|p2a: Arceus|spd|1\n|move|p1a: Dialga|Roar|p2a: Arceus\n|drag|p2a: Zacian|Zacian, shiny|40\/100\n|\n|upkeep\n|turn|10\n|\n|t:|1698593737\n|switch|p2a: Arceus|Arceus-Flying|100\/100\n|move|p1a: Dialga|Flash Cannon|p2a: Arceus\n|-damage|p2a: Arceus|65\/100\n|\n|-fieldend|move: Trick Room\n|upkeep\n|turn|11\n|\n|t:|1698593760\n|move|p2a: Arceus|Judgment|p1a: Dialga\n|-resisted|p1a: Dialga\n|-damage|p1a: Dialga|79\/100\n|move|p1a: Dialga|Trick Room|p1a: Dialga\n|-fieldstart|move: Trick Room|[of] p1a: Dialga\n|\n|upkeep\n|turn|12\n|\n|t:|1698593768\n|move|p1a: Dialga|Draco Meteor|p2a: Arceus|[miss]\n|-miss|p1a: Dialga|p2a: Arceus\n|move|p2a: Arceus|Taunt|p1a: Dialga\n|-start|p1a: Dialga|move: Taunt\n|\n|upkeep\n|turn|13\n|\n|t:|1698593781\n|move|p1a: Dialga|Flash Cannon|p2a: Arceus\n|-damage|p2a: Arceus|33\/100\n|move|p2a: Arceus|Recover|p2a: Arceus\n|-heal|p2a: Arceus|83\/100\n|\n|upkeep\n|turn|14\n|\n|t:|1698593786\n|move|p1a: Dialga|Draco Meteor|p2a: Arceus\n|-damage|p2a: Arceus|25\/100\n|-unboost|p1a: Dialga|spa|2\n|-enditem|p1a: Dialga|Eject Pack\n|\n|t:|1698593789\n|switch|p1a: Ursaluna|Ursaluna, M, shiny|100\/100\n|move|p2a: Arceus|Calm Mind|p2a: Arceus\n|-boost|p2a: Arceus|spa|1\n|-boost|p2a: Arceus|spd|1\n|\n|-status|p1a: Ursaluna|brn|[from] item: Flame Orb\n|upkeep\n|turn|15\n|\n|t:|1698593804\n|switch|p2a: Darkrai|Darkrai|100\/100\n|move|p1a: Ursaluna|Facade|p2a: Darkrai\n|-damage|p2a: Darkrai|0 fnt\n|faint|p2a: Darkrai\n|\n|-damage|p1a: Ursaluna|94\/100 brn|[from] brn\n|-fieldend|move: Trick Room\n|upkeep\n|\n|t:|1698593809\n|switch|p2a: Shaymin|Shaymin-Sky|100\/100\n|turn|16\n|\n|t:|1698593844\n|move|p2a: Shaymin|Seed Flare|p1a: Ursaluna|[miss]\n|-miss|p2a: Shaymin|p1a: Ursaluna\n|move|p1a: Ursaluna|Facade|p2a: Shaymin\n|-damage|p2a: Shaymin|0 fnt\n|faint|p2a: Shaymin\n|\n|-damage|p1a: Ursaluna|88\/100 brn|[from] brn\n|upkeep\n|\n|t:|1698593852\n|switch|p2a: Urshifu|Urshifu-Rapid-Strike, F|100\/100\n|turn|17\n|\n|t:|1698593861\n|switch|p1a: Dialga|Dialga, shiny|79\/100\n|-ability|p1a: Dialga|Pressure\n|move|p2a: Urshifu|Close Combat|p1a: Dialga\n|-supereffective|p1a: Dialga\n|-damage|p1a: Dialga|0 fnt\n|-unboost|p2a: Urshifu|def|1\n|-unboost|p2a: Urshifu|spd|1\n|faint|p1a: Dialga\n|\n|upkeep\n|\n|t:|1698593865\n|switch|p1a: Hatterene|Hatterene, F, shiny|100\/100\n|turn|18\n|\n|t:|1698593876\n|switch|p2a: Arceus|Arceus-Flying|25\/100\n|move|p1a: Hatterene|Trick Room|p1a: Hatterene\n|-fieldstart|move: Trick Room|[of] p1a: Hatterene\n|\n|upkeep\n|turn|19\n|\n|t:|1698593882\n|move|p1a: Hatterene|Misty Explosion|p2a: Arceus\n|-damage|p2a: Arceus|0 fnt\n|faint|p1a: Hatterene\n|faint|p2a: Arceus\n|\n|upkeep\n|\n|t:|1698593889\n|switch|p1a: Ursaluna|Ursaluna, M, shiny|88\/100 brn\n|switch|p2a: Zacian|Zacian, shiny|40\/100\n|turn|20\n|\n|t:|1698593894\n|move|p1a: Ursaluna|Facade|p2a: Zacian\n|-damage|p2a: Zacian|0 fnt\n|faint|p2a: Zacian\n|\n|-damage|p1a: Ursaluna|82\/100 brn|[from] brn\n|upkeep\n|\n|t:|1698593897\n|switch|p2a: Urshifu|Urshifu-Rapid-Strike, F|100\/100\n|turn|21\n|\n|t:|1698593902\n|move|p1a: Ursaluna|Facade|p2a: Urshifu\n|-damage|p2a: Urshifu|0 fnt\n|faint|p2a: Urshifu\n|\n|win|XpokVEVO\n|l|\u2606XpokVEVO\n|j|\u2606XpokVEVO\n|player|p1|XpokVEVO|anabel\n|l|\u2606Vholtninja\n","uploadtime":1698593959,"views":11,"p1id":"xpokvevo","p2id":"vholtninja","formatid":"gen9ubers","rating":0,"private":0,"password":""}