{"id":"gen9ubers-1968179716","p1":"PTKmoekyuun","p2":"XpokVEVO","format":"[Gen 9] Ubers","log":"|j|\u2606PTKmoekyuun\n|j|\u2606XpokVEVO\n|t:|1697392192\n|gametype|singles\n|player|p1|PTKmoekyuun|1|\n|player|p2|XpokVEVO|marshal|\n|teamsize|p1|6\n|teamsize|p2|6\n|gen|9\n|tier|[Gen 9] Ubers\n|rule|Sleep Clause Mod: Limit one foe put to sleep\n|rule|Species Clause: Limit one of each Pok\u00e9mon\n|rule|OHKO Clause: OHKO moves are banned\n|rule|Evasion Items Clause: Evasion items are banned\n|rule|Evasion Moves Clause: Evasion moves are banned\n|rule|Endless Battle Clause: Forcing endless battles is banned\n|rule|HP Percentage Mod: HP is shown in percentages\n|clearpoke\n|poke|p1|Greninja-*, F|\n|poke|p1|Empoleon, F|\n|poke|p1|Gholdengo|\n|poke|p1|Arceus-Poison|\n|poke|p1|Shaymin-Sky|\n|poke|p1|Conkeldurr, M|\n|poke|p2|Arceus-Fire|\n|poke|p2|Spectrier|\n|poke|p2|Magearna|\n|poke|p2|Shaymin-Sky|\n|poke|p2|Palkia-Origin|\n|poke|p2|Cyclizar, M|\n|teampreview\n|\n|t:|1697392203\n|start\n|switch|p1a: Greninja|Greninja, F|100\/100\n|switch|p2a: Cyclizar|Cyclizar, M|100\/100\n|turn|1\n|\n|t:|1697392208\n|move|p1a: Greninja|Toxic Spikes|p2a: Cyclizar\n|-start|p1a: Greninja|typechange|Poison|[from] ability: Protean\n|-sidestart|p2: XpokVEVO|move: Toxic Spikes\n|move|p2a: Cyclizar|Shed Tail|p2a: Cyclizar\n|-start|p2a: Cyclizar|Substitute|[from] move: Shed Tail\n|-damage|p2a: Cyclizar|50\/100\n|\n|t:|1697392213\n|switch|p2a: Magearna|Magearna|100\/100|[from] Shed Tail\n|\n|upkeep\n|turn|2\n|\n|t:|1697392216\n|move|p1a: Greninja|U-turn|p2a: Magearna\n|-resisted|p2a: Magearna\n|-activate|p2a: Magearna|move: Substitute|[damage]\n|\n|t:|1697392218\n|switch|p1a: Empoleon|Empoleon, F|100\/100|[from] U-turn\n|move|p2a: Magearna|Shift Gear|p2a: Magearna\n|-boost|p2a: Magearna|spe|2\n|-boost|p2a: Magearna|atk|1\n|\n|upkeep\n|turn|3\n|\n|t:|1697392246\n|move|p2a: Magearna|Fleur Cannon|p1a: Empoleon|[miss]\n|-miss|p2a: Magearna|p1a: Empoleon\n|move|p1a: Empoleon|Roar|p2a: Magearna\n|drag|p2a: Arceus-Fight\u0131ng|Arceus-Fire, shiny|100\/100\n|-status|p2a: Arceus-Fight\u0131ng|psn\n|\n|-damage|p2a: Arceus-Fight\u0131ng|88\/100 psn|[from] psn\n|upkeep\n|turn|4\n|\n|t:|1697392252\n|switch|p1a: Greninja|Greninja, F|100\/100\n|move|p2a: Arceus-Fight\u0131ng|Flare Blitz|p1a: Greninja\n|-resisted|p1a: Greninja\n|-damage|p1a: Greninja|42\/100\n|-damage|p2a: Arceus-Fight\u0131ng|74\/100 psn|[from] Recoil\n|\n|-damage|p2a: Arceus-Fight\u0131ng|61\/100 psn|[from] psn\n|upkeep\n|turn|5\n|\n|t:|1697392267\n|move|p1a: Greninja|Hydro Pump|p2a: Arceus-Fight\u0131ng\n|-start|p1a: Greninja|typechange|Water|[from] ability: Protean\n|-supereffective|p2a: Arceus-Fight\u0131ng\n|-damage|p2a: Arceus-Fight\u0131ng|0 fnt\n|faint|p2a: Arceus-Fight\u0131ng\n|\n|upkeep\n|\n|t:|1697392277\n|switch|p2a: Spectrier|Spectrier|100\/100\n|-status|p2a: Spectrier|psn\n|turn|6\n|\n|t:|1697392285\n|switch|p1a: Empoleon|Empoleon, F|100\/100\n|move|p2a: Spectrier|Shadow Ball|p1a: Empoleon\n|-damage|p1a: Empoleon|69\/100\n|\n|-damage|p2a: Spectrier|88\/100 psn|[from] psn\n|upkeep\n|turn|7\n|\n|t:|1697392293\n|-terastallize|p2a: Spectrier|Ghost\n|move|p2a: Spectrier|Shadow Ball|p1a: Empoleon\n|-damage|p1a: Empoleon|24\/100\n|move|p1a: Empoleon|Roost|p1a: Empoleon\n|-heal|p1a: Empoleon|74\/100\n|-singleturn|p1a: Empoleon|move: Roost\n|\n|-damage|p2a: Spectrier|76\/100 psn|[from] psn\n|upkeep\n|turn|8\n|\n|t:|1697392300\n|switch|p2a: Cyclizar|Cyclizar, M|84\/100\n|-status|p2a: Cyclizar|psn\n|move|p1a: Empoleon|Roost|p1a: Empoleon\n|-heal|p1a: Empoleon|100\/100\n|-singleturn|p1a: Empoleon|move: Roost\n|\n|-damage|p2a: Cyclizar|71\/100 psn|[from] psn\n|upkeep\n|turn|9\n|\n|t:|1697392305\n|move|p2a: Cyclizar|Taunt|p1a: Empoleon\n|-start|p1a: Empoleon|move: Taunt\n|move|p1a: Empoleon|Ice Beam|p2a: Cyclizar\n|-supereffective|p2a: Cyclizar\n|-damage|p2a: Cyclizar|11\/100 psn\n|-enditem|p2a: Cyclizar|Aguav Berry|[eat]\n|-heal|p2a: Cyclizar|44\/100 psn|[from] item: Aguav Berry\n|\n|-damage|p2a: Cyclizar|32\/100 psn|[from] psn\n|upkeep\n|turn|10\n|\n|t:|1697392308\n|move|p2a: Cyclizar|Knock Off|p1a: Empoleon\n|-damage|p1a: Empoleon|79\/100\n|-enditem|p1a: Empoleon|Covert Cloak|[from] move: Knock Off|[of] p2a: Cyclizar\n|move|p1a: Empoleon|Flip Turn|p2a: Cyclizar\n|-resisted|p2a: Cyclizar\n|-damage|p2a: Cyclizar|20\/100 psn\n|\n|t:|1697392312\n|switch|p1a: Shaymin|Shaymin-Sky|100\/100|[from] Flip Turn\n|\n|-damage|p2a: Cyclizar|7\/100 psn|[from] psn\n|upkeep\n|turn|11\n|\n|t:|1697392319\n|move|p1a: Shaymin|Seed Flare|p2a: Cyclizar\n|-resisted|p2a: Cyclizar\n|-damage|p2a: Cyclizar|0 fnt\n|faint|p2a: Cyclizar\n|\n|upkeep\n|\n|t:|1697392324\n|switch|p2a: Shaymin|Shaymin-Sky, shiny|100\/100\n|turn|12\n|\n|t:|1697392334\n|move|p1a: Shaymin|Air Slash|p2a: Shaymin\n|-supereffective|p2a: Shaymin\n|-damage|p2a: Shaymin|13\/100\n|cant|p2a: Shaymin|flinch\n|\n|upkeep\n|turn|13\n|\n|t:|1697392353\n|switch|p1a: Empoleon|Empoleon, F|79\/100\n|move|p2a: Shaymin|Tailwind|p2a: Shaymin\n|-sidestart|p2: XpokVEVO|move: Tailwind\n|\n|upkeep\n|turn|14\n|\n|t:|1697392363\n|move|p2a: Shaymin|Seed Flare|p1a: Empoleon\n|-damage|p1a: Empoleon|24\/100\n|-unboost|p1a: Empoleon|spd|2\n|-ability|p1a: Empoleon|Competitive|boost\n|-boost|p1a: Empoleon|spa|2\n|-damage|p2a: Shaymin|3\/100|[from] item: Life Orb\n|move|p1a: Empoleon|Ice Beam|p2a: Shaymin\n|-supereffective|p2a: Shaymin\n|-damage|p2a: Shaymin|0 fnt\n|faint|p2a: Shaymin\n|\n|upkeep\n|\n|t:|1697392371\n|switch|p2a: Magearna|Magearna|100\/100\n|turn|15\n|\n|t:|1697392378\n|switch|p1a: Arceus|Arceus-Poison|100\/100\n|move|p2a: Magearna|Flash Cannon|p1a: Arceus\n|-damage|p1a: Arceus|73\/100\n|-damage|p2a: Magearna|91\/100|[from] item: Life Orb\n|\n|upkeep\n|turn|16\n|\n|t:|1697392390\n|move|p2a: Magearna|Flash Cannon|p1a: Arceus\n|-damage|p1a: Arceus|45\/100\n|-damage|p2a: Magearna|81\/100|[from] item: Life Orb\n|move|p1a: Arceus|Recover|p1a: Arceus\n|-heal|p1a: Arceus|95\/100\n|\n|-sideend|p2: XpokVEVO|move: Tailwind\n|upkeep\n|turn|17\n|\n|t:|1697392398\n|switch|p2a: Spectrier|Spectrier, tera:Ghost|76\/100 psn\n|move|p1a: Arceus|Roar|p2a: Spectrier\n|drag|p2a: Magearna|Magearna|81\/100\n|\n|upkeep\n|turn|18\n|\n|t:|1697392408\n|switch|p2a: Palkia|Palkia-Origin|100\/100\n|-status|p2a: Palkia|psn\n|-ability|p2a: Palkia|Pressure\n|move|p1a: Arceus|Stealth Rock|p2a: Palkia\n|-sidestart|p2: XpokVEVO|move: Stealth Rock\n|\n|-damage|p2a: Palkia|88\/100 psn|[from] psn\n|upkeep\n|turn|19\n|\n|t:|1697392415\n|switch|p1a: Greninja|Greninja, F|42\/100\n|move|p2a: Palkia|Thunder Wave|p1a: Greninja\n|-status|p1a: Greninja|par\n|\n|-damage|p2a: Palkia|76\/100 psn|[from] psn\n|upkeep\n|turn|20\n|\n|t:|1697392421\n|move|p2a: Palkia|Substitute|p2a: Palkia\n|-start|p2a: Palkia|Substitute\n|-damage|p2a: Palkia|51\/100 psn\n|move|p1a: Greninja|Hydro Pump|p2a: Palkia\n|-start|p1a: Greninja|typechange|Water|[from] ability: Protean\n|-resisted|p2a: Palkia\n|-activate|p2a: Palkia|move: Substitute|[damage]\n|\n|-damage|p2a: Palkia|38\/100 psn|[from] psn\n|upkeep\n|turn|21\n|\n|t:|1697392425\n|move|p2a: Palkia|Hydro Pump|p1a: Greninja\n|-resisted|p1a: Greninja\n|-damage|p1a: Greninja|0 fnt\n|faint|p1a: Greninja\n|\n|-damage|p2a: Palkia|26\/100 psn|[from] psn\n|upkeep\n|\n|t:|1697392434\n|switch|p1a: Arceus|Arceus-Poison|95\/100\n|turn|22\n|\n|t:|1697392436\n|move|p2a: Palkia|Hydro Pump|p1a: Arceus\n|-damage|p1a: Arceus|60\/100\n|move|p1a: Arceus|Recover|p1a: Arceus\n|-heal|p1a: Arceus|100\/100\n|\n|-damage|p2a: Palkia|14\/100 psn|[from] psn\n|upkeep\n|turn|23\n|\n|t:|1697392440\n|switch|p1a: Gholdengo|Gholdengo|100\/100\n|move|p2a: Palkia|Thunder Wave|p1a: Gholdengo\n|-immune|p1a: Gholdengo|[from] ability: Good as Gold\n|\n|-damage|p2a: Palkia|1\/100 psn|[from] psn\n|upkeep\n|turn|24\n|\n|t:|1697392445\n|switch|p1a: Empoleon|Empoleon, F|24\/100\n|move|p2a: Palkia|Draco Meteor|p1a: Empoleon\n|-resisted|p1a: Empoleon\n|-crit|p1a: Empoleon\n|-damage|p1a: Empoleon|0 fnt\n|-unboost|p2a: Palkia|spa|2\n|faint|p1a: Empoleon\n|\n|-damage|p2a: Palkia|0 fnt|[from] psn\n|faint|p2a: Palkia\n|upkeep\n|\n|t:|1697392455\n|switch|p2a: Spectrier|Spectrier, tera:Ghost|76\/100 psn\n|switch|p1a: Arceus|Arceus-Poison|100\/100\n|-damage|p2a: Spectrier|64\/100 psn|[from] Stealth Rock\n|turn|25\n|\n|t:|1697392465\n|move|p2a: Spectrier|Shadow Ball|p1a: Arceus\n|-damage|p1a: Arceus|70\/100\n|-unboost|p1a: Arceus|spd|1\n|move|p1a: Arceus|Judgment|p2a: Spectrier\n|-resisted|p2a: Spectrier\n|-damage|p2a: Spectrier|32\/100 psn\n|\n|-damage|p2a: Spectrier|20\/100 psn|[from] psn\n|upkeep\n|turn|26\n|c|\u2606XpokVEVO|Re\n|\n|t:|1697392471\n|move|p2a: Spectrier|Shadow Ball|p1a: Arceus\n|-damage|p1a: Arceus|23\/100\n|move|p1a: Arceus|Recover|p1a: Arceus\n|-heal|p1a: Arceus|73\/100\n|\n|-damage|p2a: Spectrier|8\/100 psn|[from] psn\n|upkeep\n|turn|27\n|\n|t:|1697392473\n|switch|p1a: Conkeldurr|Conkeldurr, M|100\/100\n|move|p2a: Spectrier|Shadow Ball|p1a: Conkeldurr\n|-damage|p1a: Conkeldurr|4\/100\n|\n|-damage|p2a: Spectrier|0 fnt|[from] psn\n|faint|p2a: Spectrier\n|-status|p1a: Conkeldurr|brn|[from] item: Flame Orb\n|upkeep\n|\n|t:|1697392477\n|switch|p2a: Magearna|Magearna|81\/100\n|-damage|p2a: Magearna|75\/100|[from] Stealth Rock\n|turn|28\n|\n|t:|1697392481\n|-terastallize|p1a: Conkeldurr|Fighting\n|move|p1a: Conkeldurr|Close Combat|p2a: Magearna\n|-damage|p2a: Magearna|0 fnt\n|-unboost|p1a: Conkeldurr|def|1\n|-unboost|p1a: Conkeldurr|spd|1\n|faint|p2a: Magearna\n|\n|win|PTKmoekyuun\n|l|\u2606XpokVEVO\n|c|\u2606PTKmoekyuun|gg\n","uploadtime":1697392496,"views":23,"p1id":"ptkmoekyuun","p2id":"xpokvevo","formatid":"gen9ubers","rating":0,"private":0,"password":""}