{"id":"gen9ubers-1976614748","p1":"Kyekep","p2":"idekwhatneamtoyuse","format":"[Gen 9] Ubers","log":"|j|\u2606Kyekep\n|j|\u2606idekwhatneamtoyuse\n|t:|1698327405\n|gametype|singles\n|player|p1|Kyekep|unknown|1440\n|player|p2|idekwhatneamtoyuse|169|1577\n|teamsize|p1|6\n|teamsize|p2|6\n|gen|9\n|tier|[Gen 9] Ubers\n|rated|\n|rule|Sleep Clause Mod: Limit one foe put to sleep\n|rule|Species Clause: Limit one of each Pok\u00e9mon\n|rule|OHKO Clause: OHKO moves are banned\n|rule|Evasion Items Clause: Evasion items are banned\n|rule|Evasion Moves Clause: Evasion moves are banned\n|rule|Endless Battle Clause: Forcing endless battles is banned\n|rule|HP Percentage Mod: HP is shown in percentages\n|clearpoke\n|poke|p1|Ogerpon-Hearthflame, F|\n|poke|p1|Great Tusk|\n|poke|p1|Miraidon|\n|poke|p1|Groudon|\n|poke|p1|Calyrex-Ice|\n|poke|p1|Flutter Mane|\n|poke|p2|Miraidon|\n|poke|p2|Koraidon|\n|poke|p2|Arceus|\n|poke|p2|Zacian-*|\n|poke|p2|Eternatus|\n|poke|p2|Grimmsnarl, M|\n|teampreview\n|inactive|Battle timer is ON: inactive players will automatically lose when time's up. (requested by Kyekep)\n|j| mentoon\n|\n|t:|1698327413\n|start\n|switch|p1a: Ogerpon|Ogerpon-Hearthflame, F|100\/100\n|switch|p2a: Grimmsnarl|Grimmsnarl, M|100\/100\n|-ability|p1a: Ogerpon|Mold Breaker\n|turn|1\n|\n|t:|1698327417\n|move|p2a: Grimmsnarl|Parting Shot|p1a: Ogerpon\n|-unboost|p1a: Ogerpon|atk|1\n|-unboost|p1a: Ogerpon|spa|1\n|l| mentoon\n|\n|t:|1698327427\n|switch|p2a: Arceus|Arceus|100\/100|[from] Parting Shot\n|move|p1a: Ogerpon|Swords Dance|p1a: Ogerpon\n|-boost|p1a: Ogerpon|atk|2\n|\n|upkeep\n|turn|2\n|\n|t:|1698327443\n|move|p1a: Ogerpon|Power Whip|p2a: Arceus\n|-damage|p2a: Arceus|22\/100\n|move|p2a: Arceus|Swords Dance|p2a: Arceus\n|-boost|p2a: Arceus|atk|2\n|\n|upkeep\n|turn|3\n|\n|t:|1698327451\n|switch|p1a: Flutter Mane|Flutter Mane|100\/100\n|move|p2a: Arceus|Extreme Speed|p1a: Flutter Mane\n|-immune|p1a: Flutter Mane\n|\n|upkeep\n|turn|4\n|\n|t:|1698327461\n|move|p1a: Flutter Mane|Moonblast|p2a: Arceus\n|-damage|p2a: Arceus|0 fnt\n|faint|p2a: Arceus\n|-damage|p1a: Flutter Mane|91\/100|[from] item: Life Orb\n|\n|upkeep\n|\n|t:|1698327468\n|switch|p2a: Zacian|Zacian-Crowned|100\/100\n|-ability|p2a: Zacian|Intrepid Sword|boost\n|-boost|p2a: Zacian|atk|1\n|turn|5\n|\n|t:|1698327483\n|-end|p1a: Flutter Mane|Protosynthesis|[silent]\n|switch|p1a: Groudon|Groudon|100\/100\n|-weather|SunnyDay|[from] ability: Drought|[of] p1a: Groudon\n|move|p2a: Zacian|Behemoth Blade|p1a: Groudon\n|-damage|p1a: Groudon|50\/100\n|\n|-weather|SunnyDay|[upkeep]\n|-heal|p1a: Groudon|56\/100|[from] item: Leftovers\n|upkeep\n|turn|6\n|\n|t:|1698327494\n|switch|p2a: Grimmsnarl|Grimmsnarl, M|100\/100\n|move|p1a: Groudon|Will-O-Wisp|p2a: Grimmsnarl\n|-status|p2a: Grimmsnarl|brn\n|\n|-weather|SunnyDay|[upkeep]\n|-heal|p1a: Groudon|62\/100|[from] item: Leftovers\n|-damage|p2a: Grimmsnarl|94\/100 brn|[from] brn\n|upkeep\n|turn|7\n|\n|t:|1698327498\n|move|p2a: Grimmsnarl|Reflect|p2a: Grimmsnarl\n|-sidestart|p2: idekwhatneamtoyuse|Reflect\n|move|p1a: Groudon|Stealth Rock|p2a: Grimmsnarl\n|-sidestart|p2: idekwhatneamtoyuse|move: Stealth Rock\n|\n|-weather|SunnyDay|[upkeep]\n|-heal|p1a: Groudon|69\/100|[from] item: Leftovers\n|-damage|p2a: Grimmsnarl|88\/100 brn|[from] brn\n|upkeep\n|turn|8\n|\n|t:|1698327500\n|move|p2a: Grimmsnarl|Parting Shot|p1a: Groudon\n|-unboost|p1a: Groudon|atk|1\n|-unboost|p1a: Groudon|spa|1\n|\n|t:|1698327508\n|switch|p2a: Miraidon|Miraidon|100\/100|[from] Parting Shot\n|-damage|p2a: Miraidon|88\/100|[from] Stealth Rock\n|-fieldstart|move: Electric Terrain|[from] ability: Hadron Engine|[of] p2a: Miraidon\n|-enditem|p2a: Miraidon|Electric Seed\n|-boost|p2a: Miraidon|def|1|[from] item: Electric Seed\n|move|p1a: Groudon|Precipice Blades|p2a: Miraidon\n|-supereffective|p2a: Miraidon\n|-damage|p2a: Miraidon|63\/100\n|\n|-weather|SunnyDay|[upkeep]\n|-heal|p1a: Groudon|75\/100|[from] item: Leftovers\n|upkeep\n|turn|9\n|\n|t:|1698327515\n|move|p2a: Miraidon|Calm Mind|p2a: Miraidon\n|-boost|p2a: Miraidon|spa|1\n|-boost|p2a: Miraidon|spd|1\n|move|p1a: Groudon|Precipice Blades|p2a: Miraidon\n|-supereffective|p2a: Miraidon\n|-damage|p2a: Miraidon|38\/100\n|\n|-weather|none\n|-heal|p1a: Groudon|81\/100|[from] item: Leftovers\n|upkeep\n|turn|10\n|inactive|idekwhatneamtoyuse has 120 seconds left.\n|\n|t:|1698327567\n|move|p2a: Miraidon|Dazzling Gleam|p1a: Groudon\n|-damage|p1a: Groudon|12\/100\n|move|p1a: Groudon|Precipice Blades|p2a: Miraidon\n|-supereffective|p2a: Miraidon\n|-damage|p2a: Miraidon|12\/100\n|\n|-heal|p1a: Groudon|18\/100|[from] item: Leftovers\n|upkeep\n|turn|11\n|\n|t:|1698327570\n|move|p2a: Miraidon|Dazzling Gleam|p1a: Groudon\n|-damage|p1a: Groudon|0 fnt\n|faint|p1a: Groudon\n|\n|upkeep\n|\n|t:|1698327581\n|switch|p1a: Miraidon|Miraidon|100\/100\n|-activate|p1a: Miraidon|ability: Hadron Engine\n|turn|12\n|\n|t:|1698327584\n|move|p1a: Miraidon|Draco Meteor|p2a: Miraidon\n|-supereffective|p2a: Miraidon\n|-damage|p2a: Miraidon|0 fnt\n|-unboost|p1a: Miraidon|spa|2\n|faint|p2a: Miraidon\n|\n|-fieldend|move: Electric Terrain\n|upkeep\n|\n|t:|1698327594\n|switch|p2a: Zacian|Zacian-Crowned|100\/100\n|-damage|p2a: Zacian|94\/100|[from] Stealth Rock\n|turn|13\n|\n|t:|1698327602\n|switch|p1a: Great Tusk|Great Tusk|100\/100\n|move|p2a: Zacian|Swords Dance|p2a: Zacian\n|-boost|p2a: Zacian|atk|2\n|\n|upkeep\n|turn|14\n|\n|t:|1698327619\n|-end|p1a: Great Tusk|Protosynthesis|[silent]\n|switch|p1a: Ogerpon|Ogerpon-Hearthflame, F|100\/100\n|-ability|p1a: Ogerpon|Mold Breaker\n|move|p2a: Zacian|Trailblaze|p1a: Ogerpon\n|-resisted|p1a: Ogerpon\n|-damage|p1a: Ogerpon|88\/100\n|-boost|p2a: Zacian|spe|1\n|\n|-sideend|p2: idekwhatneamtoyuse|Reflect\n|upkeep\n|turn|15\n|\n|t:|1698327626\n|move|p2a: Zacian|Play Rough|p1a: Ogerpon\n|-resisted|p1a: Ogerpon\n|-damage|p1a: Ogerpon|20\/100\n|move|p1a: Ogerpon|Ivy Cudgel|p2a: Zacian\n|-supereffective|p2a: Zacian\n|-damage|p2a: Zacian|0 fnt\n|faint|p2a: Zacian\n|\n|upkeep\n|\n|t:|1698327640\n|switch|p2a: Eternatus|Eternatus|100\/100\n|-damage|p2a: Eternatus|88\/100|[from] Stealth Rock\n|-ability|p2a: Eternatus|Pressure\n|turn|16\n|\n|t:|1698327646\n|move|p2a: Eternatus|Agility|p2a: Eternatus\n|-boost|p2a: Eternatus|spe|2\n|move|p1a: Ogerpon|Play Rough|p2a: Eternatus\n|-damage|p2a: Eternatus|58\/100\n|\n|upkeep\n|turn|17\n|\n|t:|1698327651\n|move|p2a: Eternatus|Flamethrower|p1a: Ogerpon\n|-damage|p1a: Ogerpon|0 fnt\n|faint|p1a: Ogerpon\n|-damage|p2a: Eternatus|48\/100|[from] item: Life Orb\n|\n|upkeep\n|\n|t:|1698327656\n|switch|p1a: Calyrex|Calyrex-Ice|100\/100\n|-ability|p1a: Calyrex|As One\n|-ability|p1a: Calyrex|Unnerve\n|turn|18\n|\n|t:|1698327662\n|move|p2a: Eternatus|Flamethrower|p1a: Calyrex\n|-supereffective|p1a: Calyrex\n|-damage|p1a: Calyrex|31\/100\n|-damage|p2a: Eternatus|38\/100|[from] item: Life Orb\n|move|p1a: Calyrex|Trick Room|p1a: Calyrex\n|-fieldstart|move: Trick Room|[of] p1a: Calyrex\n|\n|upkeep\n|turn|19\n|\n|t:|1698327676\n|move|p1a: Calyrex|Glacial Lance|p2a: Eternatus\n|-supereffective|p2a: Eternatus\n|-damage|p2a: Eternatus|0 fnt\n|faint|p2a: Eternatus\n|-ability|p1a: Calyrex|Chilling Neigh|boost\n|-boost|p1a: Calyrex|atk|1\n|\n|upkeep\n|\n|t:|1698327678\n|switch|p2a: Grimmsnarl|Grimmsnarl, M|88\/100 brn\n|-damage|p2a: Grimmsnarl|76\/100 brn|[from] Stealth Rock\n|turn|20\n|\n|t:|1698327680\n|move|p2a: Grimmsnarl|Reflect|p2a: Grimmsnarl\n|-sidestart|p2: idekwhatneamtoyuse|Reflect\n|move|p1a: Calyrex|Glacial Lance|p2a: Grimmsnarl\n|-damage|p2a: Grimmsnarl|0 fnt\n|faint|p2a: Grimmsnarl\n|-ability|p1a: Calyrex|Chilling Neigh|boost\n|-boost|p1a: Calyrex|atk|1\n|\n|upkeep\n|\n|t:|1698327683\n|switch|p2a: Koraidon|Koraidon|100\/100\n|-damage|p2a: Koraidon|94\/100|[from] Stealth Rock\n|-weather|SunnyDay|[from] ability: Orichalcum Pulse|[of] p2a: Koraidon\n|-activate|p2a: Koraidon|Orichalcum Pulse|[source]\n|turn|21\n|\n|t:|1698327688\n|-terastallize|p1a: Calyrex|Ice\n|-terastallize|p2a: Koraidon|Fairy\n|move|p1a: Calyrex|Glacial Lance|p2a: Koraidon\n|-damage|p2a: Koraidon|3\/100\n|move|p2a: Koraidon|Scale Shot|p1a: Calyrex\n|-damage|p1a: Calyrex|19\/100\n|-damage|p1a: Calyrex|8\/100\n|-damage|p1a: Calyrex|0 fnt\n|faint|p1a: Calyrex\n|-hitcount|p1: Calyrex|3\n|-unboost|p2a: Koraidon|def|1\n|-boost|p2a: Koraidon|spe|1\n|\n|-weather|SunnyDay|[upkeep]\n|upkeep\n|c|\u2606idekwhatneamtoyuse|gg\n|c|\u2606idekwhatneamtoyuse|damn\n|c|\u2606idekwhatneamtoyuse|I keep on losing\n|c|\u2606idekwhatneamtoyuse|sucks ass\n|n|\u203didekwhatneamtoyuse|idekwhatneamtoyuse\n|c|&|\/log idekwhatneamtoyuse was locked from talking by Artemis for a week. (\u2606idekwhatneamtoyuse: sucks ass)\n|c|&|\/raw <small>This action was done automatically. Want to learn more about the AI? <a href=\"https:\/\/www.smogon.com\/forums\/threads\/3570628\/#post-9056769\">Visit the information thread<\/a>.<\/small>\n|\n|t:|1698327701\n|switch|p1a: Great Tusk|Great Tusk|100\/100\n|-activate|p1a: Great Tusk|ability: Protosynthesis\n|-start|p1a: Great Tusk|protosynthesisdef\n|turn|22\n|\n|t:|1698327707\n|move|p1a: Great Tusk|Brick Break|p2a: Koraidon\n|-sideend|p2: idekwhatneamtoyuse|Reflect\n|-resisted|p2a: Koraidon\n|-damage|p2a: Koraidon|0 fnt\n|faint|p2a: Koraidon\n|\n|win|Kyekep\n|raw|Kyekep's rating: 1440 &rarr; <strong>1468<\/strong><br \/>(+28 for winning)\n|raw|idekwhatneamtoyuse's rating: 1577 &rarr; <strong>1549<\/strong><br \/>(-28 for losing)\n","uploadtime":1698327701,"views":11,"p1id":"kyekep","p2id":"idekwhatneamtoyuse","formatid":"gen9ubers","rating":1468,"private":0,"password":""}