{"id":"gen9ubers-1986718572","p1":"lolgz","p2":"the tr4sh man","format":"[Gen 9] Ubers","log":"|j|\u2606lolgz\n|j|\u2606the tr4sh man\n|t:|1699513514\n|gametype|singles\n|player|p1|lolgz|169|\n|player|p2|the tr4sh man|xerosic|\n|teamsize|p1|6\n|teamsize|p2|6\n|gen|9\n|tier|[Gen 9] Ubers\n|rule|Sleep Clause Mod: Limit one foe put to sleep\n|rule|Species Clause: Limit one of each Pok\u00e9mon\n|rule|OHKO Clause: OHKO moves are banned\n|rule|Evasion Items Clause: Evasion items are banned\n|rule|Evasion Moves Clause: Evasion moves are banned\n|rule|Endless Battle Clause: Forcing endless battles is banned\n|rule|HP Percentage Mod: HP is shown in percentages\n|clearpoke\n|poke|p1|Palkia-Origin|\n|poke|p1|Zacian-*|\n|poke|p1|Cyclizar, F|\n|poke|p1|Urshifu-*, F|\n|poke|p1|Chi-Yu|\n|poke|p1|Gholdengo|\n|poke|p2|Dugtrio, M|\n|poke|p2|Gothitelle, M|\n|poke|p2|Weezing-Galar, M|\n|poke|p2|Zacian-*|\n|poke|p2|Arceus-Dark|\n|poke|p2|Palafin, M|\n|teampreview\n|inactive|Battle timer is ON: inactive players will automatically lose when time's up. (requested by lolgz)\n|\n|t:|1699513526\n|start\n|switch|p1a: Cyclizar|Cyclizar, F|100\/100\n|switch|p2a: Zacian|Zacian|100\/100\n|-ability|p2a: Zacian|Intrepid Sword|boost\n|-boost|p2a: Zacian|atk|1\n|turn|1\n|\n|t:|1699513535\n|move|p2a: Zacian|Play Rough|p1a: Cyclizar\n|-supereffective|p1a: Cyclizar\n|-damage|p1a: Cyclizar|0 fnt\n|faint|p1a: Cyclizar\n|\n|upkeep\n|\n|t:|1699513548\n|switch|p1a: Gholdengo|Gholdengo|100\/100\n|-item|p1a: Gholdengo|Air Balloon\n|turn|2\n|\n|t:|1699513558\n|move|p2a: Zacian|Play Rough|p1a: Gholdengo\n|-resisted|p1a: Gholdengo\n|-damage|p1a: Gholdengo|79\/100\n|-enditem|p1a: Gholdengo|Air Balloon\n|move|p1a: Gholdengo|Make It Rain|p2a: Zacian\n|-supereffective|p2a: Zacian\n|-damage|p2a: Zacian|0 fnt\n|-unboost|p1a: Gholdengo|spa|1\n|faint|p2a: Zacian\n|\n|upkeep\n|\n|t:|1699513572\n|switch|p2a: Palafin|Palafin, M|100\/100\n|turn|3\n|\n|t:|1699513577\n|detailschange|p2a: Palafin|Palafin-Hero, M\n|switch|p2a: Arceus|Arceus-Dark|100\/100\n|move|p1a: Gholdengo|Nasty Plot|p1a: Gholdengo\n|-boost|p1a: Gholdengo|spa|2\n|\n|upkeep\n|turn|4\n|\n|t:|1699513582\n|-terastallize|p1a: Gholdengo|Fairy\n|move|p2a: Arceus|Judgment|p1a: Gholdengo\n|-resisted|p1a: Gholdengo\n|-damage|p1a: Gholdengo|56\/100\n|move|p1a: Gholdengo|Make It Rain|p2a: Arceus\n|-damage|p2a: Arceus|41\/100\n|-unboost|p1a: Gholdengo|spa|1\n|\n|upkeep\n|turn|5\n|\n|t:|1699513591\n|move|p2a: Arceus|Calm Mind|p2a: Arceus\n|-boost|p2a: Arceus|spa|1\n|-boost|p2a: Arceus|spd|1\n|move|p1a: Gholdengo|Nasty Plot|p1a: Gholdengo\n|-boost|p1a: Gholdengo|spa|2\n|\n|upkeep\n|turn|6\n|\n|t:|1699513595\n|move|p2a: Arceus|Recover|p2a: Arceus\n|-heal|p2a: Arceus|92\/100\n|move|p1a: Gholdengo|Nasty Plot|p1a: Gholdengo\n|-boost|p1a: Gholdengo|spa|2\n|\n|upkeep\n|turn|7\n|\n|t:|1699513606\n|move|p2a: Arceus|Calm Mind|p2a: Arceus\n|-boost|p2a: Arceus|spa|1\n|-boost|p2a: Arceus|spd|1\n|move|p1a: Gholdengo|Make It Rain|p2a: Arceus\n|-damage|p2a: Arceus|31\/100\n|-unboost|p1a: Gholdengo|spa|1\n|\n|upkeep\n|turn|8\n|\n|t:|1699513612\n|move|p2a: Arceus|Recover|p2a: Arceus\n|-heal|p2a: Arceus|82\/100\n|move|p1a: Gholdengo|Make It Rain|p2a: Arceus\n|-damage|p2a: Arceus|30\/100\n|-unboost|p1a: Gholdengo|spa|1\n|\n|upkeep\n|turn|9\n|\n|t:|1699513616\n|move|p2a: Arceus|Recover|p2a: Arceus\n|-heal|p2a: Arceus|81\/100\n|move|p1a: Gholdengo|Nasty Plot|p1a: Gholdengo\n|-boost|p1a: Gholdengo|spa|2\n|\n|upkeep\n|turn|10\n|\n|t:|1699513618\n|move|p2a: Arceus|Judgment|p1a: Gholdengo\n|-resisted|p1a: Gholdengo\n|-damage|p1a: Gholdengo|12\/100\n|move|p1a: Gholdengo|Nasty Plot|p1a: Gholdengo\n|-boost|p1a: Gholdengo|spa|2\n|\n|upkeep\n|turn|11\n|\n|t:|1699513620\n|move|p2a: Arceus|Judgment|p1a: Gholdengo\n|-resisted|p1a: Gholdengo\n|-damage|p1a: Gholdengo|0 fnt\n|faint|p1a: Gholdengo\n|\n|upkeep\n|\n|t:|1699513625\n|switch|p1a: Zacian|Zacian|100\/100\n|-ability|p1a: Zacian|Intrepid Sword|boost\n|-boost|p1a: Zacian|atk|1\n|turn|12\n|\n|t:|1699513628\n|switch|p2a: Weezing|Weezing-Galar, M|100\/100\n|-ability|p2a: Weezing|Neutralizing Gas\n|move|p1a: Zacian|Play Rough|p2a: Weezing|[miss]\n|-miss|p1a: Zacian|p2a: Weezing\n|\n|upkeep\n|turn|13\n|\n|t:|1699513637\n|move|p1a: Zacian|Play Rough|p2a: Weezing\n|-resisted|p2a: Weezing\n|-damage|p2a: Weezing|78\/100\n|move|p2a: Weezing|Sludge Bomb|p1a: Zacian\n|-supereffective|p1a: Zacian\n|-damage|p1a: Zacian|54\/100\n|\n|-heal|p2a: Weezing|84\/100|[from] item: Leftovers\n|upkeep\n|turn|14\n|\n|t:|1699513640\n|switch|p1a: Palkia|Palkia-Origin|100\/100\n|move|p2a: Weezing|Sludge Bomb|p1a: Palkia\n|-damage|p1a: Palkia|73\/100\n|-status|p1a: Palkia|psn\n|\n|-heal|p2a: Weezing|90\/100|[from] item: Leftovers\n|-damage|p1a: Palkia|61\/100 psn|[from] psn\n|upkeep\n|turn|15\n|\n|t:|1699513646\n|-end|p2a: Weezing|ability: Neutralizing Gas\n|-ability|p1a: Palkia|Pressure\n|switch|p2a: Palafin|Palafin-Hero, M|100\/100\n|-activate|p2a: Palafin|ability: Zero to Hero\n|move|p1a: Palkia|Hydro Pump|p2a: Palafin\n|-resisted|p2a: Palafin\n|-damage|p2a: Palafin|70\/100\n|\n|-damage|p1a: Palkia|48\/100 psn|[from] psn\n|upkeep\n|turn|16\n|\n|t:|1699513659\n|move|p1a: Palkia|Spacial Rend|p2a: Palafin\n|-damage|p2a: Palafin|12\/100\n|move|p2a: Palafin|Bulk Up|p2a: Palafin\n|-boost|p2a: Palafin|atk|1\n|-boost|p2a: Palafin|def|1\n|\n|-damage|p1a: Palkia|36\/100 psn|[from] psn\n|upkeep\n|turn|17\n|\n|t:|1699513667\n|move|p2a: Palafin|Jet Punch|p1a: Palkia\n|-resisted|p1a: Palkia\n|-damage|p1a: Palkia|23\/100 psn\n|move|p1a: Palkia|Spacial Rend|p2a: Palafin\n|-crit|p2a: Palafin\n|-damage|p2a: Palafin|0 fnt\n|faint|p2a: Palafin\n|\n|-damage|p1a: Palkia|10\/100 psn|[from] psn\n|upkeep\n|\n|t:|1699513683\n|switch|p2a: Arceus|Arceus-Dark|81\/100\n|turn|18\n|\n|t:|1699513686\n|move|p2a: Arceus|Calm Mind|p2a: Arceus\n|-boost|p2a: Arceus|spa|1\n|-boost|p2a: Arceus|spd|1\n|move|p1a: Palkia|Hydro Pump|p2a: Arceus|[miss]\n|-miss|p1a: Palkia|p2a: Arceus\n|\n|-damage|p1a: Palkia|0 fnt|[from] psn\n|faint|p1a: Palkia\n|upkeep\n|\n|t:|1699513691\n|switch|p1a: Zacian|Zacian|54\/100\n|turn|19\n|\n|t:|1699513694\n|switch|p2a: Weezing|Weezing-Galar, M|90\/100\n|-ability|p2a: Weezing|Neutralizing Gas\n|move|p1a: Zacian|Play Rough|p2a: Weezing\n|-resisted|p2a: Weezing\n|-damage|p2a: Weezing|75\/100\n|\n|-heal|p2a: Weezing|81\/100|[from] item: Leftovers\n|upkeep\n|turn|20\n|\n|t:|1699513696\n|move|p1a: Zacian|Swords Dance|p1a: Zacian\n|-boost|p1a: Zacian|atk|2\n|move|p2a: Weezing|Sludge Bomb|p1a: Zacian\n|-supereffective|p1a: Zacian\n|-damage|p1a: Zacian|6\/100\n|\n|-heal|p2a: Weezing|87\/100|[from] item: Leftovers\n|upkeep\n|turn|21\n|\n|t:|1699513700\n|move|p1a: Zacian|Iron Head|p2a: Weezing\n|-supereffective|p2a: Weezing\n|-damage|p2a: Weezing|23\/100\n|move|p2a: Weezing|Sludge Bomb|p1a: Zacian\n|-supereffective|p1a: Zacian\n|-damage|p1a: Zacian|0 fnt\n|faint|p1a: Zacian\n|\n|-heal|p2a: Weezing|29\/100|[from] item: Leftovers\n|upkeep\n|\n|t:|1699513703\n|switch|p1a: Chi-Yu|Chi-Yu|100\/100\n|turn|22\n|\n|t:|1699513706\n|move|p1a: Chi-Yu|Flamethrower|p2a: Weezing\n|-damage|p2a: Weezing|0 fnt\n|faint|p2a: Weezing\n|-end|p2a: Weezing|ability: Neutralizing Gas\n|-ability|p1a: Chi-Yu|Beads of Ruin\n|\n|upkeep\n|\n|t:|1699513711\n|switch|p2a: Dugtrio|Dugtrio, M|100\/100\n|turn|23\n|\n|t:|1699513718\n|move|p1a: Chi-Yu|Flamethrower|p2a: Dugtrio\n|-enditem|p2a: Dugtrio|Focus Sash\n|-damage|p2a: Dugtrio|1\/100\n|move|p2a: Dugtrio|Earthquake|p1a: Chi-Yu\n|-supereffective|p1a: Chi-Yu\n|-damage|p1a: Chi-Yu|0 fnt\n|faint|p1a: Chi-Yu\n|\n|upkeep\n|\n|t:|1699513721\n|switch|p1a: Urshifu|Urshifu, F|100\/100\n|turn|24\n|\n|t:|1699513727\n|switch|p2a: Arceus|Arceus-Dark|81\/100\n|move|p1a: Urshifu|Wicked Blow|p2a: Arceus\n|-resisted|p2a: Arceus\n|-crit|p2a: Arceus\n|-damage|p2a: Arceus|49\/100\n|\n|upkeep\n|turn|25\n|\n|t:|1699513730\n|move|p2a: Arceus|Recover|p2a: Arceus\n|-heal|p2a: Arceus|99\/100\n|move|p1a: Urshifu|Wicked Blow|p2a: Arceus\n|-resisted|p2a: Arceus\n|-crit|p2a: Arceus\n|-damage|p2a: Arceus|69\/100\n|\n|upkeep\n|turn|26\n|-message|lolgz forfeited.\n|\n|win|the tr4sh man\n|c|\u2606the tr4sh man|gg\n|l|\u2606lolgz\n","uploadtime":1699514057,"views":5,"p1id":"lolgz","p2id":"thetr4shman","formatid":"gen9ubers","rating":0,"private":0,"password":""}