{"id":"gen9ubers-1975541766","p1":"ThatGuyAltro","p2":"curtisthecacnea","format":"[Gen 9] Ubers","log":"|j|\u2606ThatGuyAltro\n|j|\u2606curtisthecacnea\n|t:|1698202701\n|gametype|singles\n|player|p1|ThatGuyAltro|steven|\n|player|p2|curtisthecacnea|veteran|\n|teamsize|p1|6\n|teamsize|p2|6\n|gen|9\n|tier|[Gen 9] Ubers\n|rule|Sleep Clause Mod: Limit one foe put to sleep\n|rule|Species Clause: Limit one of each Pok\u00e9mon\n|rule|OHKO Clause: OHKO moves are banned\n|rule|Evasion Items Clause: Evasion items are banned\n|rule|Evasion Moves Clause: Evasion moves are banned\n|rule|Endless Battle Clause: Forcing endless battles is banned\n|rule|HP Percentage Mod: HP is shown in percentages\n|clearpoke\n|poke|p1|Ursaluna, M|\n|poke|p1|Walking Wake|\n|poke|p1|Corviknight, F|\n|poke|p1|Ninetales, M|\n|poke|p1|Slither Wing|\n|poke|p1|Grimmsnarl, M|\n|poke|p2|Cinderace, M|\n|poke|p2|Samurott-Hisui, F|\n|poke|p2|Sylveon, F|\n|poke|p2|Grafaiai, M|\n|poke|p2|Gholdengo|\n|poke|p2|Krookodile, M|\n|teampreview\n|\n|t:|1698202733\n|start\n|switch|p1a: Loki|Grimmsnarl, M|100\/100\n|switch|p2a: Grafaiai|Grafaiai, M|100\/100\n|turn|1\n|j| justinrockin\n|j| DivogoJota\n|\n|t:|1698202766\n|switch|p1a: Thoth|Corviknight, F, shiny|100\/100\n|-terastallize|p2a: Grafaiai|Dark\n|move|p2a: Grafaiai|Gunk Shot|p1a: Thoth\n|-immune|p1a: Thoth\n|\n|upkeep\n|turn|2\n|\n|t:|1698202775\n|move|p2a: Grafaiai|Parting Shot|p1a: Thoth\n|-ability|p1a: Thoth|Mirror Armor\n|-unboost|p2a: Grafaiai|atk|1\n|-ability|p1a: Thoth|Mirror Armor\n|-unboost|p2a: Grafaiai|spa|1\n|\n|t:|1698202781\n|switch|p2a: Cinderace|Cinderace, M|100\/100|[from] Parting Shot\n|move|p1a: Thoth|Reflect|p1a: Thoth\n|-sidestart|p1: ThatGuyAltro|Reflect\n|\n|upkeep\n|turn|3\n|\n|t:|1698202793\n|switch|p1a: Huxian|Ninetales, M, shiny|100\/100\n|-weather|SunnyDay|[from] ability: Drought|[of] p1a: Huxian\n|move|p2a: Cinderace|Pyro Ball|p1a: Huxian\n|-resisted|p1a: Huxian\n|-damage|p1a: Huxian|70\/100\n|\n|-weather|SunnyDay|[upkeep]\n|upkeep\n|turn|4\n|\n|t:|1698202804\n|switch|p2a: Grafaiai|Grafaiai, M, tera:Dark|100\/100\n|move|p1a: Huxian|Extrasensory|p2a: Grafaiai\n|-immune|p2a: Grafaiai\n|\n|-weather|SunnyDay|[upkeep]\n|upkeep\n|turn|5\n|\n|t:|1698202814\n|move|p2a: Grafaiai|Rain Dance|p2a: Grafaiai\n|-weather|RainDance\n|move|p1a: Huxian|Flamethrower|p2a: Grafaiai\n|-damage|p2a: Grafaiai|81\/100\n|-status|p2a: Grafaiai|brn\n|\n|-weather|RainDance|[upkeep]\n|-heal|p2a: Grafaiai|87\/100 brn|[from] item: Leftovers\n|-damage|p2a: Grafaiai|81\/100 brn|[from] brn\n|upkeep\n|turn|6\n|j| KaoVT\n|\n|t:|1698202827\n|switch|p1a: Charon|Walking Wake|100\/100\n|move|p2a: Grafaiai|Knock Off|p1a: Charon\n|-damage|p1a: Charon|89\/100\n|-enditem|p1a: Charon|Choice Specs|[from] move: Knock Off|[of] p2a: Grafaiai\n|\n|-weather|RainDance|[upkeep]\n|-heal|p2a: Grafaiai|87\/100 brn|[from] item: Leftovers\n|-damage|p2a: Grafaiai|81\/100 brn|[from] brn\n|-sideend|p1: ThatGuyAltro|Reflect\n|upkeep\n|turn|7\n|\n|t:|1698202838\n|move|p2a: Grafaiai|Parting Shot|p1a: Charon\n|-unboost|p1a: Charon|atk|1\n|-unboost|p1a: Charon|spa|1\n|\n|t:|1698202842\n|switch|p2a: Sylveon|Sylveon, F|100\/100|[from] Parting Shot\n|move|p1a: Charon|Hydro Steam|p2a: Sylveon\n|-damage|p2a: Sylveon|78\/100\n|\n|-weather|RainDance|[upkeep]\n|-heal|p2a: Sylveon|84\/100|[from] item: Leftovers\n|upkeep\n|turn|8\n|\n|t:|1698202881\n|-end|p1a: Charon|Protosynthesis|[silent]\n|switch|p1a: Thoth|Corviknight, F, shiny|100\/100\n|move|p2a: Sylveon|Weather Ball|p1a: Thoth\n|-damage|p1a: Thoth|65\/100\n|\n|-weather|RainDance|[upkeep]\n|-heal|p1a: Thoth|71\/100|[from] item: Leftovers\n|-heal|p2a: Sylveon|90\/100|[from] item: Leftovers\n|upkeep\n|turn|9\n|j| Scottowo\n|\n|t:|1698202894\n|switch|p2a: Gholdengo|Gholdengo|100\/100\n|-item|p2a: Gholdengo|Air Balloon\n|move|p1a: Thoth|U-turn|p2a: Gholdengo\n|-resisted|p2a: Gholdengo\n|-damage|p2a: Gholdengo|97\/100\n|-enditem|p2a: Gholdengo|Air Balloon\n|\n|t:|1698202907\n|switch|p1a: Charon|Walking Wake|89\/100|[from] U-turn\n|\n|-weather|none\n|upkeep\n|turn|10\n|\n|t:|1698202920\n|switch|p2a: Sylveon|Sylveon, F|90\/100\n|move|p1a: Charon|Mud Shot|p2a: Sylveon\n|-damage|p2a: Sylveon|80\/100\n|-unboost|p2a: Sylveon|spe|1\n|\n|-heal|p2a: Sylveon|86\/100|[from] item: Leftovers\n|upkeep\n|turn|11\n|\n|t:|1698202936\n|-end|p1a: Charon|Protosynthesis|[silent]\n|switch|p1a: Huxian|Ninetales, M, shiny|70\/100\n|-weather|SunnyDay|[from] ability: Drought|[of] p1a: Huxian\n|move|p2a: Sylveon|Hyper Voice|p1a: Huxian\n|-resisted|p1a: Huxian\n|-damage|p1a: Huxian|48\/100\n|\n|-weather|SunnyDay|[upkeep]\n|-heal|p2a: Sylveon|92\/100|[from] item: Leftovers\n|upkeep\n|turn|12\n|\n|t:|1698202950\n|move|p2a: Sylveon|Protect|p2a: Sylveon\n|-singleturn|p2a: Sylveon|Protect\n|move|p1a: Huxian|Solar Beam||[still]\n|-prepare|p1a: Huxian|Solar Beam\n|-anim|p1a: Huxian|Solar Beam|p2a: Sylveon\n|-activate|p2a: Sylveon|move: Protect\n|\n|-weather|SunnyDay|[upkeep]\n|-heal|p2a: Sylveon|98\/100|[from] item: Leftovers\n|upkeep\n|turn|13\n|\n|t:|1698202993\n|move|p1a: Huxian|Solar Beam||[still]\n|-prepare|p1a: Huxian|Solar Beam\n|-anim|p1a: Huxian|Solar Beam|p2a: Sylveon\n|-damage|p2a: Sylveon|82\/100\n|move|p2a: Sylveon|Hyper Voice|p1a: Huxian\n|-resisted|p1a: Huxian\n|-damage|p1a: Huxian|24\/100\n|\n|-weather|SunnyDay|[upkeep]\n|-heal|p2a: Sylveon|89\/100|[from] item: Leftovers\n|upkeep\n|turn|14\n|\n|t:|1698203013\n|switch|p1a: Thoth|Corviknight, F, shiny|71\/100\n|move|p2a: Sylveon|Hyper Voice|p1a: Thoth\n|-resisted|p1a: Thoth\n|-damage|p1a: Thoth|52\/100\n|\n|-weather|SunnyDay|[upkeep]\n|-heal|p1a: Thoth|58\/100|[from] item: Leftovers\n|-heal|p2a: Sylveon|95\/100|[from] item: Leftovers\n|upkeep\n|turn|15\n|\n|t:|1698203039\n|move|p1a: Thoth|U-turn|p2a: Sylveon\n|-resisted|p2a: Sylveon\n|-damage|p2a: Sylveon|86\/100\n|j| iceberg149\n|\n|t:|1698203067\n|switch|p1a: Khonsu|Ursaluna, M, shiny|100\/100|[from] U-turn\n|move|p2a: Sylveon|Weather Ball|p1a: Khonsu\n|-damage|p1a: Khonsu|69\/100\n|\n|-weather|SunnyDay|[upkeep]\n|-heal|p2a: Sylveon|92\/100|[from] item: Leftovers\n|-status|p1a: Khonsu|brn|[from] item: Flame Orb\n|upkeep\n|turn|16\n|\n|t:|1698203082\n|move|p2a: Sylveon|Protect|p2a: Sylveon\n|-singleturn|p2a: Sylveon|Protect\n|move|p1a: Khonsu|Headlong Rush|p2a: Sylveon\n|-activate|p2a: Sylveon|move: Protect\n|\n|-weather|SunnyDay|[upkeep]\n|-heal|p2a: Sylveon|98\/100|[from] item: Leftovers\n|-damage|p1a: Khonsu|63\/100 brn|[from] brn\n|upkeep\n|turn|17\n|\n|t:|1698203107\n|switch|p2a: Krookodile|Krookodile, M|100\/100\n|-ability|p2a: Krookodile|Intimidate|boost\n|-unboost|p1a: Khonsu|atk|1\n|move|p1a: Khonsu|Drain Punch|p2a: Krookodile\n|-supereffective|p2a: Krookodile\n|-damage|p2a: Krookodile|19\/100\n|-heal|p1a: Khonsu|92\/100 brn|[from] drain|[of] p2a: Krookodile\n|\n|-weather|SunnyDay|[upkeep]\n|-damage|p1a: Khonsu|86\/100 brn|[from] brn\n|upkeep\n|turn|18\n|\n|t:|1698203123\n|move|p2a: Krookodile|Close Combat|p1a: Khonsu\n|-supereffective|p1a: Khonsu\n|-damage|p1a: Khonsu|32\/100 brn\n|-unboost|p2a: Krookodile|def|1\n|-unboost|p2a: Krookodile|spd|1\n|move|p1a: Khonsu|Ice Punch|p2a: Krookodile\n|-supereffective|p2a: Krookodile\n|-damage|p2a: Krookodile|0 fnt\n|faint|p2a: Krookodile\n|\n|-weather|none\n|-damage|p1a: Khonsu|26\/100 brn|[from] brn\n|upkeep\n|\n|t:|1698203150\n|switch|p2a: Samurott|Samurott-Hisui, F|100\/100\n|turn|19\n|\n|t:|1698203170\n|switch|p1a: Loki|Grimmsnarl, M|100\/100\n|move|p2a: Samurott|Ceaseless Edge|p1a: Loki|[miss]\n|-miss|p2a: Samurott|p1a: Loki\n|\n|upkeep\n|turn|20\n|\n|t:|1698203181\n|switch|p2a: Grafaiai|Grafaiai, M, tera:Dark|81\/100 brn\n|move|p1a: Loki|Spirit Break|p2a: Grafaiai\n|-supereffective|p2a: Grafaiai\n|-damage|p2a: Grafaiai|0 fnt\n|faint|p2a: Grafaiai\n|\n|upkeep\n|\n|t:|1698203187\n|switch|p2a: Gholdengo|Gholdengo|97\/100\n|turn|21\n|\n|t:|1698203197\n|move|p1a: Loki|Light Screen|p1a: Loki\n|-sidestart|p1: ThatGuyAltro|move: Light Screen\n|move|p2a: Gholdengo|Make It Rain|p1a: Loki\n|-supereffective|p1a: Loki\n|-damage|p1a: Loki|26\/100\n|-unboost|p2a: Gholdengo|spa|1\n|\n|upkeep\n|turn|22\n|\n|t:|1698203211\n|switch|p1a: Huxian|Ninetales, M, shiny|24\/100\n|-weather|SunnyDay|[from] ability: Drought|[of] p1a: Huxian\n|move|p2a: Gholdengo|Make It Rain|p1a: Huxian\n|-resisted|p1a: Huxian\n|-damage|p1a: Huxian|13\/100\n|-unboost|p2a: Gholdengo|spa|1\n|\n|-weather|SunnyDay|[upkeep]\n|upkeep\n|turn|23\n|\n|t:|1698203232\n|switch|p2a: Sylveon|Sylveon, F|98\/100\n|move|p1a: Huxian|Solar Beam||[still]\n|-prepare|p1a: Huxian|Solar Beam\n|-anim|p1a: Huxian|Solar Beam|p2a: Sylveon\n|-damage|p2a: Sylveon|83\/100\n|\n|-weather|SunnyDay|[upkeep]\n|-heal|p2a: Sylveon|90\/100|[from] item: Leftovers\n|upkeep\n|turn|24\n|\n|t:|1698203241\n|move|p1a: Huxian|Flamethrower|p2a: Sylveon\n|-damage|p2a: Sylveon|63\/100\n|move|p2a: Sylveon|Hyper Voice|p1a: Huxian\n|-resisted|p1a: Huxian\n|-damage|p1a: Huxian|1\/100\n|\n|-weather|SunnyDay|[upkeep]\n|-heal|p2a: Sylveon|69\/100|[from] item: Leftovers\n|upkeep\n|turn|25\n|\n|t:|1698203251\n|move|p2a: Sylveon|Protect|p2a: Sylveon\n|-singleturn|p2a: Sylveon|Protect\n|move|p1a: Huxian|Flamethrower|p2a: Sylveon\n|-activate|p2a: Sylveon|move: Protect\n|\n|-weather|SunnyDay|[upkeep]\n|-heal|p2a: Sylveon|75\/100|[from] item: Leftovers\n|-sideend|p1: ThatGuyAltro|move: Light Screen\n|upkeep\n|turn|26\n|\n|t:|1698203263\n|switch|p1a: Thoth|Corviknight, F, shiny|58\/100\n|move|p2a: Sylveon|Wish|p2a: Sylveon\n|\n|-weather|SunnyDay|[upkeep]\n|-heal|p1a: Thoth|64\/100|[from] item: Leftovers\n|-heal|p2a: Sylveon|81\/100|[from] item: Leftovers\n|upkeep\n|turn|27\n|\n|t:|1698203278\n|move|p1a: Thoth|Body Press|p2a: Sylveon\n|-resisted|p2a: Sylveon\n|-damage|p2a: Sylveon|64\/100\n|move|p2a: Sylveon|Weather Ball|p1a: Thoth\n|-supereffective|p1a: Thoth\n|-damage|p1a: Thoth|0 fnt\n|faint|p1a: Thoth\n|\n|-weather|SunnyDay|[upkeep]\n|-heal|p2a: Sylveon|100\/100|[from] move: Wish|[wisher] Sylveon\n|upkeep\n|\n|t:|1698203290\n|switch|p1a: Charon|Walking Wake|89\/100\n|-activate|p1a: Charon|ability: Protosynthesis\n|-start|p1a: Charon|protosynthesisspa\n|turn|28\n|\n|t:|1698203301\n|move|p2a: Sylveon|Protect|p2a: Sylveon\n|-singleturn|p2a: Sylveon|Protect\n|move|p1a: Charon|Hydro Steam|p2a: Sylveon\n|-activate|p2a: Sylveon|move: Protect\n|\n|-weather|SunnyDay|[upkeep]\n|upkeep\n|turn|29\n|\n|t:|1698203331\n|-end|p1a: Charon|Protosynthesis|[silent]\n|switch|p1a: Loki|Grimmsnarl, M|26\/100\n|move|p2a: Sylveon|Hyper Voice|p1a: Loki\n|-supereffective|p1a: Loki\n|-damage|p1a: Loki|0 fnt\n|faint|p1a: Loki\n|\n|-weather|none\n|upkeep\n|\n|t:|1698203338\n|switch|p1a: Huxian|Ninetales, M, shiny|1\/100\n|-weather|SunnyDay|[from] ability: Drought|[of] p1a: Huxian\n|turn|30\n|\n|t:|1698203343\n|move|p1a: Huxian|Flamethrower|p2a: Sylveon\n|-damage|p2a: Sylveon|73\/100\n|move|p2a: Sylveon|Wish|p2a: Sylveon\n|\n|-weather|SunnyDay|[upkeep]\n|-heal|p2a: Sylveon|79\/100|[from] item: Leftovers\n|upkeep\n|turn|31\n|\n|t:|1698203357\n|move|p1a: Huxian|Flamethrower|p2a: Sylveon\n|-damage|p2a: Sylveon|54\/100\n|move|p2a: Sylveon|Hyper Voice|p1a: Huxian\n|-resisted|p1a: Huxian\n|-crit|p1a: Huxian\n|-damage|p1a: Huxian|0 fnt\n|faint|p1a: Huxian\n|\n|-weather|SunnyDay|[upkeep]\n|-heal|p2a: Sylveon|100\/100|[from] move: Wish|[wisher] Sylveon\n|upkeep\n|\n|t:|1698203391\n|switch|p1a: Charon|Walking Wake|89\/100\n|-activate|p1a: Charon|ability: Protosynthesis\n|-start|p1a: Charon|protosynthesisspa\n|turn|32\n|\n|t:|1698203399\n|move|p2a: Sylveon|Protect|p2a: Sylveon\n|-singleturn|p2a: Sylveon|Protect\n|move|p1a: Charon|Mud Shot|p2a: Sylveon\n|-activate|p2a: Sylveon|move: Protect\n|\n|-weather|SunnyDay|[upkeep]\n|upkeep\n|turn|33\n|\n|t:|1698203405\n|move|p1a: Charon|Mud Shot|p2a: Sylveon\n|-damage|p2a: Sylveon|86\/100\n|-unboost|p2a: Sylveon|spe|1\n|move|p2a: Sylveon|Hyper Voice|p1a: Charon\n|-supereffective|p1a: Charon\n|-damage|p1a: Charon|0 fnt\n|faint|p1a: Charon\n|-end|p1a: Charon|Protosynthesis|[silent]\n|\n|-weather|SunnyDay|[upkeep]\n|-heal|p2a: Sylveon|92\/100|[from] item: Leftovers\n|upkeep\n|\n|t:|1698203418\n|switch|p1a: Khonsu|Ursaluna, M, shiny|26\/100 brn\n|turn|34\n|\n|t:|1698203420\n|switch|p2a: Gholdengo|Gholdengo|97\/100\n|move|p1a: Khonsu|Facade|p2a: Gholdengo\n|-immune|p2a: Gholdengo\n|\n|-weather|SunnyDay|[upkeep]\n|-damage|p1a: Khonsu|20\/100 brn|[from] brn\n|upkeep\n|turn|35\n|\n|t:|1698203428\n|move|p2a: Gholdengo|Make It Rain|p1a: Khonsu\n|-damage|p1a: Khonsu|0 fnt\n|-unboost|p2a: Gholdengo|spa|1\n|faint|p1a: Khonsu\n|\n|-weather|SunnyDay|[upkeep]\n|upkeep\n|\n|t:|1698203436\n|switch|p1a: V\u00ed\u00f0arr|Slither Wing, shiny|100\/100\n|-activate|p1a: V\u00ed\u00f0arr|ability: Protosynthesis\n|-start|p1a: V\u00ed\u00f0arr|protosynthesisatk\n|turn|36\n|\n|t:|1698203459\n|move|p2a: Gholdengo|Make It Rain|p1a: V\u00ed\u00f0arr\n|-damage|p1a: V\u00ed\u00f0arr|68\/100\n|-unboost|p2a: Gholdengo|spa|1\n|move|p1a: V\u00ed\u00f0arr|Earthquake|p2a: Gholdengo\n|-supereffective|p2a: Gholdengo\n|-damage|p2a: Gholdengo|0 fnt\n|faint|p2a: Gholdengo\n|\n|-weather|SunnyDay|[upkeep]\n|upkeep\n|\n|t:|1698203479\n|switch|p2a: Sylveon|Sylveon, F|92\/100\n|turn|37\n|\n|t:|1698203494\n|move|p2a: Sylveon|Protect|p2a: Sylveon\n|-singleturn|p2a: Sylveon|Protect\n|move|p1a: V\u00ed\u00f0arr|Earthquake|p2a: Sylveon\n|-activate|p2a: Sylveon|move: Protect\n|\n|-weather|none\n|-end|p1a: V\u00ed\u00f0arr|Protosynthesis\n|-heal|p2a: Sylveon|98\/100|[from] item: Leftovers\n|upkeep\n|turn|38\n|\n|t:|1698203502\n|move|p1a: V\u00ed\u00f0arr|Earthquake|p2a: Sylveon\n|-damage|p2a: Sylveon|46\/100\n|move|p2a: Sylveon|Hyper Voice|p1a: V\u00ed\u00f0arr\n|-supereffective|p1a: V\u00ed\u00f0arr\n|-damage|p1a: V\u00ed\u00f0arr|8\/100\n|\n|-heal|p2a: Sylveon|52\/100|[from] item: Leftovers\n|upkeep\n|turn|39\n|\n|t:|1698203517\n|move|p2a: Sylveon|Protect|p2a: Sylveon\n|-singleturn|p2a: Sylveon|Protect\n|move|p1a: V\u00ed\u00f0arr|Earthquake|p2a: Sylveon\n|-activate|p2a: Sylveon|move: Protect\n|\n|-heal|p2a: Sylveon|58\/100|[from] item: Leftovers\n|upkeep\n|turn|40\n|\n|t:|1698203527\n|move|p1a: V\u00ed\u00f0arr|Earthquake|p2a: Sylveon\n|-damage|p2a: Sylveon|13\/100\n|move|p2a: Sylveon|Hyper Voice|p1a: V\u00ed\u00f0arr\n|-supereffective|p1a: V\u00ed\u00f0arr\n|-damage|p1a: V\u00ed\u00f0arr|0 fnt\n|faint|p1a: V\u00ed\u00f0arr\n|-end|p1a: V\u00ed\u00f0arr|Protosynthesis|[silent]\n|\n|win|curtisthecacnea\n|c| DivogoJota|Ggs\n|c|\u2606ThatGuyAltro|gg\n|l| iceberg149\n|c|\u2606curtisthecacnea|gg\n|l|\u2606ThatGuyAltro\n|l| justinrockin\n|c| DivogoJota|Back to .500\n|c|\u2606curtisthecacnea|that matchup is so scary\n|l| KaoVT\n|l| Scottowo\n|c| DivogoJota|scary offensive core on Altro\u2019s side\n|c|\u2606curtisthecacnea|praise weather ball sylveon\n|l|\u2606curtisthecacnea\n","uploadtime":1698203546,"views":42,"p1id":"thatguyaltro","p2id":"curtisthecacnea","formatid":"gen9ubers","rating":0,"private":0,"password":""}