{"id":"gen9ubers-1969259738","p1":"Lillyrosethedemon","p2":"Judgie","format":"[Gen 9] Ubers","log":"|j|\u2606Lillyrosethedemon\n|j|\u2606Judgie\n|t:|1697507077\n|gametype|singles\n|player|p1|Lillyrosethedemon|waitress-gen4|\n|player|p2|Judgie|policeman-gen4|\n|teamsize|p1|6\n|teamsize|p2|6\n|gen|9\n|tier|[Gen 9] Ubers\n|rule|Sleep Clause Mod: Limit one foe put to sleep\n|rule|Species Clause: Limit one of each Pok\u00e9mon\n|rule|OHKO Clause: OHKO moves are banned\n|rule|Evasion Items Clause: Evasion items are banned\n|rule|Evasion Moves Clause: Evasion moves are banned\n|rule|Endless Battle Clause: Forcing endless battles is banned\n|rule|HP Percentage Mod: HP is shown in percentages\n|clearpoke\n|poke|p1|Samurott-Hisui, F|\n|poke|p1|Mamoswine, F|\n|poke|p1|Hatterene, F|\n|poke|p1|Staraptor, F|\n|poke|p1|Appletun, F|\n|poke|p1|Tinkaton, F|\n|poke|p2|Regieleki|\n|poke|p2|Chi-Yu|\n|poke|p2|Palafin, F|\n|poke|p2|Gliscor, M|\n|poke|p2|Great Tusk|\n|poke|p2|Masquerain, F|\n|teampreview\n|\n|t:|1697507086\n|start\n|switch|p1a: Appletun|Appletun, F|100\/100\n|switch|p2a: Chi-Yu|Chi-Yu|100\/100\n|-ability|p2a: Chi-Yu|Beads of Ruin\n|turn|1\n|\n|t:|1697507094\n|-terastallize|p1a: Appletun|Water\n|move|p2a: Chi-Yu|Overheat|p1a: Appletun\n|-resisted|p1a: Appletun\n|-damage|p1a: Appletun|74\/100\n|-unboost|p2a: Chi-Yu|spa|2\n|move|p1a: Appletun|Light Screen|p1a: Appletun\n|-sidestart|p1: Lillyrosethedemon|move: Light Screen\n|\n|upkeep\n|turn|2\n|\n|t:|1697507110\n|switch|p2a: Masquerain|Masquerain, F|100\/100\n|-ability|p2a: Masquerain|Intimidate|boost\n|-unboost|p1a: Appletun|atk|1\n|move|p1a: Appletun|Reflect|p1a: Appletun\n|-sidestart|p1: Lillyrosethedemon|Reflect\n|\n|upkeep\n|turn|3\n|\n|t:|1697507118\n|move|p2a: Masquerain|Quiver Dance|p2a: Masquerain\n|-boost|p2a: Masquerain|spa|1\n|-boost|p2a: Masquerain|spd|1\n|-boost|p2a: Masquerain|spe|1\n|move|p1a: Appletun|Dragon Tail|p2a: Masquerain\n|-damage|p2a: Masquerain|79\/100\n|drag|p2a: Judgie jr|Palafin, F|100\/100\n|\n|upkeep\n|turn|4\n|\n|t:|1697507136\n|move|p2a: Judgie jr|Taunt|p1a: Appletun\n|-start|p1a: Appletun|move: Taunt\n|move|p1a: Appletun|Giga Drain|p2a: Judgie jr\n|-supereffective|p2a: Judgie jr\n|-damage|p2a: Judgie jr|57\/100\n|-heal|p1a: Appletun|95\/100|[from] drain|[of] p2a: Judgie jr\n|\n|-heal|p2a: Judgie jr|63\/100|[from] item: Leftovers\n|upkeep\n|turn|5\n|\n|t:|1697507155\n|detailschange|p2a: Judgie jr|Palafin-Hero, F\n|switch|p2a: Masquerain|Masquerain, F|79\/100\n|-ability|p2a: Masquerain|Intimidate|boost\n|-unboost|p1a: Appletun|atk|1\n|move|p1a: Appletun|Giga Drain|p2a: Masquerain\n|-resisted|p2a: Masquerain\n|-damage|p2a: Masquerain|70\/100\n|-heal|p1a: Appletun|98\/100|[from] drain|[of] p2a: Masquerain\n|\n|upkeep\n|turn|6\n|\n|t:|1697507165\n|move|p2a: Masquerain|Sticky Web|p1a: Appletun\n|-sidestart|p1: Lillyrosethedemon|move: Sticky Web\n|move|p1a: Appletun|Dragon Tail|p2a: Masquerain\n|-damage|p2a: Masquerain|53\/100\n|drag|p2a: Krow|Gliscor, M, shiny|100\/100\n|\n|-end|p1a: Appletun|move: Taunt\n|-status|p2a: Krow|tox|[from] item: Toxic Orb\n|upkeep\n|turn|7\n|\n|t:|1697507180\n|switch|p1a: Hatterene|Hatterene, F|100\/100\n|-activate|p1a: Hatterene|move: Sticky Web\n|-unboost|p1a: Hatterene|spe|1\n|move|p2a: Krow|Toxic|p1a: Hatterene\n|move|p1a: Hatterene|Toxic|p2a: Krow|[from]ability: Magic Bounce\n|-fail|p2a: Krow|tox\n|\n|upkeep\n|turn|8\n|\n|t:|1697507212\n|switch|p2a: Rip van Winkle|Regieleki, shiny|100\/100\n|move|p1a: Hatterene|Calm Mind|p1a: Hatterene\n|-boost|p1a: Hatterene|spa|1\n|-boost|p1a: Hatterene|spd|1\n|\n|-sideend|p1: Lillyrosethedemon|move: Light Screen\n|upkeep\n|turn|9\n|\n|t:|1697507224\n|move|p2a: Rip van Winkle|Thunderbolt|p1a: Hatterene\n|-crit|p1a: Hatterene\n|-damage|p1a: Hatterene|0 fnt\n|faint|p1a: Hatterene\n|-damage|p2a: Rip van Winkle|91\/100|[from] item: Life Orb\n|\n|-sideend|p1: Lillyrosethedemon|Reflect\n|upkeep\n|\n|t:|1697507239\n|switch|p1a: Tinkaton|Tinkaton, F|100\/100\n|-activate|p1a: Tinkaton|move: Sticky Web\n|-unboost|p1a: Tinkaton|spe|1\n|-ability|p1a: Tinkaton|Mold Breaker\n|turn|10\n|\n|t:|1697507248\n|move|p2a: Rip van Winkle|Volt Switch|p1a: Tinkaton\n|-damage|p1a: Tinkaton|45\/100\n|-damage|p2a: Rip van Winkle|81\/100|[from] item: Life Orb\n|\n|t:|1697507254\n|switch|p2a: Masquerain|Masquerain, F|53\/100|[from] Volt Switch\n|-ability|p2a: Masquerain|Intimidate|boost\n|-unboost|p1a: Tinkaton|atk|1\n|move|p1a: Tinkaton|Swords Dance|p1a: Tinkaton\n|-boost|p1a: Tinkaton|atk|2\n|\n|-heal|p1a: Tinkaton|51\/100|[from] item: Leftovers\n|upkeep\n|turn|11\n|\n|t:|1697507270\n|move|p2a: Masquerain|Hurricane|p1a: Tinkaton\n|-resisted|p1a: Tinkaton\n|-damage|p1a: Tinkaton|27\/100\n|-start|p1a: Tinkaton|confusion\n|-activate|p1a: Tinkaton|confusion\n|-damage|p1a: Tinkaton|14\/100|[from] confusion\n|\n|-heal|p1a: Tinkaton|21\/100|[from] item: Leftovers\n|upkeep\n|turn|12\n|\n|t:|1697507281\n|move|p2a: Masquerain|U-turn|p1a: Tinkaton\n|-resisted|p1a: Tinkaton\n|-damage|p1a: Tinkaton|17\/100\n|\n|t:|1697507284\n|switch|p2a: Judgie jr|Palafin-Hero, F|63\/100|[from] U-turn\n|-activate|p2a: Judgie jr|ability: Zero to Hero\n|-activate|p1a: Tinkaton|confusion\n|-damage|p1a: Tinkaton|4\/100|[from] confusion\n|\n|-heal|p2a: Judgie jr|69\/100|[from] item: Leftovers\n|-heal|p1a: Tinkaton|10\/100|[from] item: Leftovers\n|upkeep\n|turn|13\n|\n|t:|1697507297\n|move|p2a: Judgie jr|Bulk Up|p2a: Judgie jr\n|-boost|p2a: Judgie jr|atk|1\n|-boost|p2a: Judgie jr|def|1\n|-activate|p1a: Tinkaton|confusion\n|-damage|p1a: Tinkaton|0 fnt|[from] confusion\n|faint|p1a: Tinkaton\n|\n|-heal|p2a: Judgie jr|75\/100|[from] item: Leftovers\n|upkeep\n|\n|t:|1697507307\n|switch|p1a: Appletun|Appletun, F, tera:Water|98\/100\n|-activate|p1a: Appletun|move: Sticky Web\n|-unboost|p1a: Appletun|spe|1\n|turn|14\n|\n|t:|1697507314\n|-terastallize|p2a: Judgie jr|Fairy\n|move|p2a: Judgie jr|Taunt|p1a: Appletun\n|-start|p1a: Appletun|move: Taunt\n|move|p1a: Appletun|Giga Drain|p2a: Judgie jr\n|-damage|p2a: Judgie jr|57\/100\n|-heal|p1a: Appletun|100\/100|[from] drain|[of] p2a: Judgie jr\n|\n|-heal|p2a: Judgie jr|63\/100|[from] item: Leftovers\n|upkeep\n|turn|15\n|\n|t:|1697507328\n|move|p2a: Judgie jr|Bulk Up|p2a: Judgie jr\n|-boost|p2a: Judgie jr|atk|1\n|-boost|p2a: Judgie jr|def|1\n|move|p1a: Appletun|Giga Drain|p2a: Judgie jr\n|-damage|p2a: Judgie jr|47\/100\n|\n|-heal|p2a: Judgie jr|53\/100|[from] item: Leftovers\n|upkeep\n|turn|16\n|\n|t:|1697507337\n|move|p2a: Judgie jr|Bulk Up|p2a: Judgie jr\n|-boost|p2a: Judgie jr|atk|1\n|-boost|p2a: Judgie jr|def|1\n|move|p1a: Appletun|Giga Drain|p2a: Judgie jr\n|-damage|p2a: Judgie jr|36\/100\n|\n|-heal|p2a: Judgie jr|42\/100|[from] item: Leftovers\n|-end|p1a: Appletun|move: Taunt\n|upkeep\n|turn|17\n|\n|t:|1697507347\n|move|p2a: Judgie jr|Drain Punch|p1a: Appletun\n|-damage|p1a: Appletun|50\/100\n|-heal|p2a: Judgie jr|69\/100|[from] drain|[of] p1a: Appletun\n|move|p1a: Appletun|Giga Drain|p2a: Judgie jr\n|-damage|p2a: Judgie jr|51\/100\n|-heal|p1a: Appletun|59\/100|[from] drain|[of] p2a: Judgie jr\n|\n|-heal|p2a: Judgie jr|57\/100|[from] item: Leftovers\n|upkeep\n|turn|18\n|\n|t:|1697507358\n|move|p2a: Judgie jr|Bulk Up|p2a: Judgie jr\n|-boost|p2a: Judgie jr|atk|1\n|-boost|p2a: Judgie jr|def|1\n|move|p1a: Appletun|Reflect|p1a: Appletun\n|-sidestart|p1: Lillyrosethedemon|Reflect\n|\n|-heal|p2a: Judgie jr|63\/100|[from] item: Leftovers\n|upkeep\n|turn|19\n|\n|t:|1697507368\n|move|p2a: Judgie jr|Bulk Up|p2a: Judgie jr\n|-boost|p2a: Judgie jr|atk|1\n|-boost|p2a: Judgie jr|def|1\n|move|p1a: Appletun|Giga Drain|p2a: Judgie jr\n|-damage|p2a: Judgie jr|45\/100\n|-heal|p1a: Appletun|68\/100|[from] drain|[of] p2a: Judgie jr\n|\n|-heal|p2a: Judgie jr|51\/100|[from] item: Leftovers\n|upkeep\n|turn|20\n|\n|t:|1697507380\n|move|p2a: Judgie jr|Bulk Up|p2a: Judgie jr\n|-boost|p2a: Judgie jr|atk|1\n|-boost|p2a: Judgie jr|def|1\n|move|p1a: Appletun|Giga Drain|p2a: Judgie jr\n|-damage|p2a: Judgie jr|34\/100\n|-heal|p1a: Appletun|76\/100|[from] drain|[of] p2a: Judgie jr\n|\n|-heal|p2a: Judgie jr|40\/100|[from] item: Leftovers\n|upkeep\n|turn|21\n|\n|t:|1697507390\n|move|p2a: Judgie jr|Drain Punch|p1a: Appletun\n|-damage|p1a: Appletun|38\/100\n|-heal|p2a: Judgie jr|61\/100|[from] drain|[of] p1a: Appletun\n|move|p1a: Appletun|Giga Drain|p2a: Judgie jr\n|-damage|p2a: Judgie jr|43\/100\n|-heal|p1a: Appletun|46\/100|[from] drain|[of] p2a: Judgie jr\n|\n|-heal|p2a: Judgie jr|49\/100|[from] item: Leftovers\n|upkeep\n|turn|22\n|l|\u2606Lillyrosethedemon\n|player|p1|\n|j|\u2606Lillyrosethedemon\n|player|p1|Lillyrosethedemon|waitress-gen4\n|\n|t:|1697507424\n|move|p2a: Judgie jr|Drain Punch|p1a: Appletun\n|-damage|p1a: Appletun|7\/100\n|-heal|p2a: Judgie jr|70\/100|[from] drain|[of] p1a: Appletun\n|move|p1a: Appletun|Giga Drain|p2a: Judgie jr\n|-damage|p2a: Judgie jr|54\/100\n|-heal|p1a: Appletun|15\/100|[from] drain|[of] p2a: Judgie jr\n|\n|-heal|p2a: Judgie jr|60\/100|[from] item: Leftovers\n|upkeep\n|turn|23\n|\n|t:|1697507440\n|move|p2a: Judgie jr|Drain Punch|p1a: Appletun\n|-damage|p1a: Appletun|0 fnt\n|-heal|p2a: Judgie jr|68\/100|[from] drain|[of] p1a: Appletun\n|faint|p1a: Appletun\n|\n|-heal|p2a: Judgie jr|74\/100|[from] item: Leftovers\n|upkeep\n|\n|t:|1697507450\n|switch|p1a: Staraptor|Staraptor, F|100\/100\n|turn|24\n|\n|t:|1697507455\n|move|p2a: Judgie jr|Jet Punch|p1a: Staraptor\n|-damage|p1a: Staraptor|13\/100\n|move|p1a: Staraptor|Double-Edge|p2a: Judgie jr\n|-damage|p2a: Judgie jr|58\/100\n|-damage|p1a: Staraptor|6\/100|[from] Recoil\n|\n|-heal|p2a: Judgie jr|64\/100|[from] item: Leftovers\n|upkeep\n|turn|25\n|-message|Lillyrosethedemon forfeited.\n|\n|win|Judgie\n|l|\u2606Lillyrosethedemon\n","uploadtime":1697507473,"views":11,"p1id":"lillyrosethedemon","p2id":"judgie","formatid":"gen9ubers","rating":0,"private":0,"password":""}