{"id":"gen9ubers-1987655073","p1":"BD9prince","p2":"RUMYMOME","format":"[Gen 9] Ubers","log":"|j|\u2606BD9prince\n|j|\u2606RUMYMOME\n|inactive|Battle timer is ON: inactive players will automatically lose when time's up.\n|t:|1699624494\n|gametype|singles\n|player|p1|BD9prince|169|\n|player|p2|RUMYMOME|marshal|\n|teamsize|p1|6\n|teamsize|p2|6\n|gen|9\n|tier|[Gen 9] Ubers\n|rated|Tournament battle\n|rule|Sleep Clause Mod: Limit one foe put to sleep\n|rule|Species Clause: Limit one of each Pok\u00e9mon\n|rule|OHKO Clause: OHKO moves are banned\n|rule|Evasion Items Clause: Evasion items are banned\n|rule|Evasion Moves Clause: Evasion moves are banned\n|rule|Endless Battle Clause: Forcing endless battles is banned\n|rule|HP Percentage Mod: HP is shown in percentages\n|clearpoke\n|poke|p1|Froslass, F|\n|poke|p1|Gholdengo|\n|poke|p1|Dragonite, F|\n|poke|p1|Flutter Mane|\n|poke|p1|Calyrex-Ice|\n|poke|p1|Iron Bundle|\n|poke|p2|Walking Wake|\n|poke|p2|Flutter Mane|\n|poke|p2|Roaring Moon|\n|poke|p2|Chien-Pao|\n|poke|p2|Torkoal, M|\n|poke|p2|Chi-Yu|\n|teampreview\n|j|*Lady Monita \u263d\n|inactive|BD9prince also wants the timer to be on.\n|j| Bunnysai\n|inactive|BD9prince has 120 seconds left.\n|inactive|BD9prince has 90 seconds left.\n|inactive|BD9prince has 60 seconds left.\n|inactive|BD9prince has 30 seconds left.\n|inactive|BD9prince has 20 seconds left.\n|inactive|BD9prince has 15 seconds left.\n|inactive|BD9prince has 10 seconds left.\n|inactive|BD9prince has 5 seconds left.\n|\n|t:|1699624644\n|start\n|switch|p1a: Calyrex|Calyrex-Ice|100\/100\n|switch|p2a: Chien-Pao|Chien-Pao|100\/100\n|-ability|p1a: Calyrex|As One\n|-ability|p1a: Calyrex|Unnerve\n|-ability|p2a: Chien-Pao|Sword of Ruin\n|turn|1\n|\n|t:|1699624650\n|move|p2a: Chien-Pao|Crunch|p1a: Calyrex\n|-supereffective|p1a: Calyrex\n|-damage|p1a: Calyrex|39\/100\n|-unboost|p1a: Calyrex|def|1\n|move|p1a: Calyrex|Trick Room|p1a: Calyrex\n|-fieldstart|move: Trick Room|[of] p1a: Calyrex\n|\n|upkeep\n|turn|2\n|\n|t:|1699624655\n|move|p2a: Chien-Pao|Sucker Punch|p1a: Calyrex\n|-supereffective|p1a: Calyrex\n|-damage|p1a: Calyrex|0 fnt\n|faint|p1a: Calyrex\n|\n|upkeep\n|\n|t:|1699624664\n|switch|p1a: Froslass|Froslass, F|100\/100\n|turn|3\n|\n|t:|1699624670\n|move|p1a: Froslass|Thunder Wave|p2a: Chien-Pao\n|-status|p2a: Chien-Pao|par\n|move|p2a: Chien-Pao|Crunch|p1a: Froslass\n|-supereffective|p1a: Froslass\n|-enditem|p1a: Froslass|Focus Sash\n|-damage|p1a: Froslass|1\/100\n|\n|upkeep\n|turn|4\n|\n|t:|1699624676\n|cant|p2a: Chien-Pao|par\n|move|p1a: Froslass|Spikes|p2a: Chien-Pao\n|-sidestart|p2: RUMYMOME|Spikes\n|\n|upkeep\n|turn|5\n|inactive|BD9prince has 90 seconds left.\n|\n|t:|1699624683\n|move|p2a: Chien-Pao|Crunch|p1a: Froslass\n|-supereffective|p1a: Froslass\n|-damage|p1a: Froslass|0 fnt\n|faint|p1a: Froslass\n|\n|-fieldend|move: Trick Room\n|upkeep\n|\n|t:|1699624686\n|switch|p1a: Flutter Mane|Flutter Mane|100\/100\n|turn|6\n|\n|t:|1699624693\n|-terastallize|p1a: Flutter Mane|Fairy\n|move|p1a: Flutter Mane|Calm Mind|p1a: Flutter Mane\n|-boost|p1a: Flutter Mane|spa|1\n|-boost|p1a: Flutter Mane|spd|1\n|move|p2a: Chien-Pao|Crunch|p1a: Flutter Mane\n|-resisted|p1a: Flutter Mane\n|-damage|p1a: Flutter Mane|45\/100\n|\n|upkeep\n|turn|7\n|\n|t:|1699624702\n|move|p1a: Flutter Mane|Moonblast|p2a: Chien-Pao\n|-supereffective|p2a: Chien-Pao\n|-enditem|p2a: Chien-Pao|Focus Sash\n|-damage|p2a: Chien-Pao|1\/100 par\n|-damage|p1a: Flutter Mane|35\/100|[from] item: Life Orb\n|move|p2a: Chien-Pao|Crunch|p1a: Flutter Mane\n|-resisted|p1a: Flutter Mane\n|-damage|p1a: Flutter Mane|0 fnt\n|faint|p1a: Flutter Mane\n|-end|p1a: Flutter Mane|Protosynthesis|[silent]\n|\n|upkeep\n|\n|t:|1699624718\n|switch|p1a: Dragonite|Dragonite, F|100\/100\n|turn|8\n|\n|t:|1699624721\n|move|p1a: Dragonite|Extreme Speed|p2a: Chien-Pao\n|-damage|p2a: Chien-Pao|0 fnt\n|faint|p2a: Chien-Pao\n|\n|upkeep\n|\n|t:|1699624728\n|switch|p2a: Torkoal|Torkoal, M|100\/100\n|-damage|p2a: Torkoal|88\/100|[from] Spikes\n|-weather|SunnyDay|[from] ability: Drought|[of] p2a: Torkoal\n|turn|9\n|inactive|BD9prince has 120 seconds left.\n|\n|t:|1699624736\n|move|p1a: Dragonite|Dragon Dance|p1a: Dragonite\n|-boost|p1a: Dragonite|atk|1\n|-boost|p1a: Dragonite|spe|1\n|move|p2a: Torkoal|Rapid Spin|p1a: Dragonite\n|-damage|p1a: Dragonite|95\/100\n|-boost|p2a: Torkoal|spe|1\n|-sideend|p2: RUMYMOME|Spikes|[from] move: Rapid Spin|[of] p2a: Torkoal\n|\n|-weather|SunnyDay|[upkeep]\n|upkeep\n|turn|10\n|\n|t:|1699624745\n|move|p1a: Dragonite|Earthquake|p2a: Torkoal\n|-supereffective|p2a: Torkoal\n|-damage|p2a: Torkoal|0 fnt\n|faint|p2a: Torkoal\n|\n|-weather|SunnyDay|[upkeep]\n|upkeep\n|\n|t:|1699624752\n|switch|p2a: Flutter Mane|Flutter Mane|100\/100\n|-activate|p2a: Flutter Mane|ability: Protosynthesis\n|-start|p2a: Flutter Mane|protosynthesisspe\n|turn|11\n|\n|t:|1699624766\n|switch|p1a: Gholdengo|Gholdengo|100\/100\n|-item|p1a: Gholdengo|Air Balloon\n|move|p2a: Flutter Mane|Moonblast|p1a: Gholdengo\n|-resisted|p1a: Gholdengo\n|-damage|p1a: Gholdengo|72\/100\n|-enditem|p1a: Gholdengo|Air Balloon\n|\n|-weather|SunnyDay|[upkeep]\n|upkeep\n|turn|12\n|\n|t:|1699624774\n|move|p2a: Flutter Mane|Shadow Ball|p1a: Gholdengo\n|-supereffective|p1a: Gholdengo\n|-crit|p1a: Gholdengo\n|-damage|p1a: Gholdengo|0 fnt\n|faint|p1a: Gholdengo\n|\n|-weather|SunnyDay|[upkeep]\n|upkeep\n|\n|t:|1699624779\n|switch|p1a: Iron Bundle|Iron Bundle|100\/100\n|-enditem|p1a: Iron Bundle|Booster Energy\n|-activate|p1a: Iron Bundle|ability: Quark Drive|[fromitem]\n|-start|p1a: Iron Bundle|quarkdrivespa\n|turn|13\n|\n|t:|1699624787\n|move|p2a: Flutter Mane|Energy Ball|p1a: Iron Bundle\n|-supereffective|p1a: Iron Bundle\n|-damage|p1a: Iron Bundle|0 fnt\n|faint|p1a: Iron Bundle\n|-end|p1a: Iron Bundle|Quark Drive|[silent]\n|\n|-weather|SunnyDay|[upkeep]\n|upkeep\n|\n|t:|1699624791\n|switch|p1a: Dragonite|Dragonite, F|95\/100\n|turn|14\n|\n|t:|1699624794\n|move|p2a: Flutter Mane|Moonblast|p1a: Dragonite\n|-supereffective|p1a: Dragonite\n|-damage|p1a: Dragonite|0 fnt\n|faint|p1a: Dragonite\n|\n|win|RUMYMOME\n|n|\u2606BD9prince|bd9prince\n|n|\u2606RUMYMOME|rumymome\n|n|*Lady Monita \u263d|ladymonita\n|n| Bunnysai|bunnysai\n","uploadtime":1699624795,"views":4,"p1id":"bd9prince","p2id":"rumymome","formatid":"gen9ubers","rating":0,"private":0,"password":""}