{"id":"gen9ubers-1995549820","p1":"xgcl","p2":"YoWah","format":"[Gen 9] Ubers","log":"|j|\u2606xgcl\n|j|\u2606YoWah\n|t:|1700581995\n|gametype|singles\n|player|p1|xgcl|ingo|1273\n|player|p2|YoWah|cynthia|1214\n|teamsize|p1|6\n|teamsize|p2|6\n|gen|9\n|tier|[Gen 9] Ubers\n|rated|\n|rule|Sleep Clause Mod: Limit one foe put to sleep\n|rule|Species Clause: Limit one of each Pok\u00e9mon\n|rule|OHKO Clause: OHKO moves are banned\n|rule|Evasion Items Clause: Evasion items are banned\n|rule|Evasion Moves Clause: Evasion moves are banned\n|rule|Endless Battle Clause: Forcing endless battles is banned\n|rule|HP Percentage Mod: HP is shown in percentages\n|clearpoke\n|poke|p1|Miraidon|\n|poke|p1|Zacian-*|\n|poke|p1|Flutter Mane|\n|poke|p1|Zamazenta-*|\n|poke|p1|Ogerpon-Hearthflame, F|\n|poke|p1|Koraidon|\n|poke|p2|Samurott-Hisui, F|\n|poke|p2|Zacian-*|\n|poke|p2|Trevenant, F|\n|poke|p2|Miraidon|\n|poke|p2|Mew|\n|poke|p2|Arceus|\n|teampreview\n|inactive|Battle timer is ON: inactive players will automatically lose when time's up. (requested by xgcl)\n|\n|t:|1700582012\n|start\n|switch|p1a: Miraidon|Miraidon|100\/100\n|switch|p2a: HES BACK|Mew, shiny|100\/100\n|-fieldstart|move: Electric Terrain|[from] ability: Hadron Engine|[of] p1a: Miraidon\n|turn|1\n|\n|t:|1700582020\n|move|p1a: Miraidon|Electro Drift|p2a: HES BACK\n|-damage|p2a: HES BACK|10\/100\n|-enditem|p2a: HES BACK|Aguav Berry|[eat]\n|-heal|p2a: HES BACK|43\/100|[from] item: Aguav Berry\n|move|p2a: HES BACK|Transform|p1a: Miraidon\n|-transform|p2a: HES BACK|p1a: Miraidon\n|-activate|p2a: HES BACK|ability: Hadron Engine\n|\n|upkeep\n|turn|2\n|\n|t:|1700582034\n|switch|p1a: Zacian|Zacian-Crowned|100\/100\n|-ability|p1a: Zacian|Intrepid Sword|boost\n|-boost|p1a: Zacian|atk|1\n|move|p2a: HES BACK|Draco Meteor|p1a: Zacian\n|-immune|p1a: Zacian\n|\n|upkeep\n|turn|3\n|c|\u2606xgcl|mew\n|\n|t:|1700582041\n|move|p1a: Zacian|Play Rough|p2a: HES BACK\n|-supereffective|p2a: HES BACK\n|-damage|p2a: HES BACK|0 fnt\n|faint|p2a: HES BACK\n|\n|upkeep\n|\n|t:|1700582049\n|switch|p2a: Dead Fall|Trevenant, F, shiny|100\/100\n|turn|4\n|\n|t:|1700582057\n|move|p1a: Zacian|Behemoth Blade|p2a: Dead Fall\n|-damage|p2a: Dead Fall|6\/100\n|-enditem|p2a: Dead Fall|Aguav Berry|[eat]\n|-heal|p2a: Dead Fall|39\/100|[from] item: Aguav Berry\n|move|p2a: Dead Fall|Leech Seed|p1a: Zacian\n|-start|p1a: Zacian|move: Leech Seed\n|\n|-damage|p1a: Zacian|88\/100|[from] Leech Seed|[of] p2a: Dead Fall\n|-heal|p2a: Dead Fall|50\/100|[silent]\n|upkeep\n|turn|5\n|c|\u2606YoWah|yez\n|c|\u2606YoWah|YES\n|\n|t:|1700582066\n|move|p2a: Dead Fall|Protect|p2a: Dead Fall\n|-singleturn|p2a: Dead Fall|Protect\n|move|p1a: Zacian|Behemoth Blade|p2a: Dead Fall\n|-activate|p2a: Dead Fall|move: Protect\n|\n|-damage|p1a: Zacian|76\/100|[from] Leech Seed|[of] p2a: Dead Fall\n|-heal|p2a: Dead Fall|61\/100|[silent]\n|-fieldend|move: Electric Terrain\n|upkeep\n|turn|6\n|\n|t:|1700582074\n|move|p1a: Zacian|Behemoth Blade|p2a: Dead Fall\n|-damage|p2a: Dead Fall|0 fnt\n|faint|p2a: Dead Fall\n|\n|upkeep\n|c|\u2606YoWah|nuuu\n|\n|t:|1700582082\n|switch|p2a: Miraidon|Miraidon|100\/100\n|-fieldstart|move: Electric Terrain|[from] ability: Hadron Engine|[of] p2a: Miraidon\n|turn|7\n|c|\u2606xgcl|sowwy\n|\n|t:|1700582088\n|move|p1a: Zacian|Play Rough|p2a: Miraidon\n|-supereffective|p2a: Miraidon\n|-damage|p2a: Miraidon|0 fnt\n|faint|p2a: Miraidon\n|\n|upkeep\n|c|\u2606YoWah|..\n|inactive|YoWah has 120 seconds left.\n|c|\u2606YoWah|..\n|\n|t:|1700582123\n|switch|p2a: Knight|Samurott-Hisui, F, shiny|100\/100\n|turn|8\n|\n|t:|1700582130\n|move|p2a: Knight|Aqua Jet|p1a: Zacian\n|-damage|p1a: Zacian|60\/100\n|move|p1a: Zacian|Play Rough|p2a: Knight\n|-supereffective|p2a: Knight\n|-damage|p2a: Knight|0 fnt\n|faint|p2a: Knight\n|\n|upkeep\n|\n|t:|1700582133\n|switch|p2a: Budha|Arceus, shiny|100\/100\n|turn|9\n|\n|t:|1700582141\n|move|p1a: Zacian|Close Combat|p2a: Budha\n|-supereffective|p2a: Budha\n|-damage|p2a: Budha|0 fnt\n|-unboost|p1a: Zacian|def|1\n|-unboost|p1a: Zacian|spd|1\n|faint|p2a: Budha\n|\n|upkeep\n|c|\u2606YoWah|here he comes..\n|\n|t:|1700582145\n|switch|p2a: Bluey|Zacian-Crowned, shiny|100\/100\n|-ability|p2a: Bluey|Intrepid Sword|boost\n|-boost|p2a: Bluey|atk|1\n|turn|10\n|\n|t:|1700582150\n|-terastallize|p1a: Zacian|Flying\n|move|p1a: Zacian|Behemoth Blade|p2a: Bluey\n|-damage|p2a: Bluey|19\/100\n|move|p2a: Bluey|Fire Fang|p1a: Zacian\n|-damage|p1a: Zacian|0 fnt\n|faint|p1a: Zacian\n|\n|upkeep\n|\n|t:|1700582155\n|switch|p1a: Ogerpon|Ogerpon-Hearthflame, F|100\/100\n|-ability|p1a: Ogerpon|Mold Breaker\n|turn|11\n|\n|t:|1700582182\n|move|p1a: Ogerpon|Ivy Cudgel|p2a: Bluey|[anim] Ivy Cudgel Fire\n|-supereffective|p2a: Bluey\n|-damage|p2a: Bluey|0 fnt\n|faint|p2a: Bluey\n|\n|win|xgcl\n|raw|xgcl's rating: 1273 &rarr; <strong>1294<\/strong><br \/>(+21 for winning)\n|raw|YoWah's rating: 1214 &rarr; <strong>1193<\/strong><br \/>(-21 for losing)\n|l|\u2606YoWah\n|c|\u2606xgcl|bonk\n","uploadtime":1700582194,"views":7,"p1id":"xgcl","p2id":"yowah","formatid":"gen9ubers","rating":1193,"private":0,"password":""}