{"id":"gen9ubers-1973272948","p1":"emeraldminer2","p2":"BossKyogre","format":"[Gen 9] Ubers","log":"|j|\u2606emeraldminer2\n|j|\u2606BossKyogre\n|t:|1697947147\n|gametype|singles\n|player|p1|emeraldminer2|169|\n|player|p2|BossKyogre|1|\n|teamsize|p1|6\n|teamsize|p2|6\n|gen|9\n|tier|[Gen 9] Ubers\n|rule|Sleep Clause Mod: Limit one foe put to sleep\n|rule|Species Clause: Limit one of each Pok\u00e9mon\n|rule|OHKO Clause: OHKO moves are banned\n|rule|Evasion Items Clause: Evasion items are banned\n|rule|Evasion Moves Clause: Evasion moves are banned\n|rule|Endless Battle Clause: Forcing endless battles is banned\n|rule|HP Percentage Mod: HP is shown in percentages\n|clearpoke\n|poke|p1|Iron Valiant|\n|poke|p1|Pincurchin, M|\n|poke|p1|Heatran, F|\n|poke|p1|Hawlucha, M|\n|poke|p1|Hoopa|\n|poke|p1|Ogerpon-Wellspring, F|\n|poke|p2|Darkrai|\n|poke|p2|Landorus-Therian, M|\n|poke|p2|Furret, F|\n|poke|p2|Slowking-Galar, M|\n|poke|p2|Iron Bundle|\n|poke|p2|Heracross, F|\n|teampreview\n|\n|t:|1697947162\n|start\n|switch|p1a: Pincurchin|Pincurchin, M|100\/100\n|switch|p2a: Darkrai|Darkrai|100\/100\n|-fieldstart|move: Electric Terrain|[from] ability: Electric Surge|[of] p1a: Pincurchin\n|turn|1\n|\n|t:|1697947172\n|switch|p1a: Hawlucha|Hawlucha, M|100\/100\n|-enditem|p1a: Hawlucha|Electric Seed\n|-boost|p1a: Hawlucha|def|1|[from] item: Electric Seed\n|move|p2a: Darkrai|Dark Pulse|p1a: Hawlucha\n|-resisted|p1a: Hawlucha\n|-damage|p1a: Hawlucha|63\/100\n|\n|upkeep\n|turn|2\n|\n|t:|1697947179\n|move|p1a: Hawlucha|Close Combat|p2a: Darkrai\n|-supereffective|p2a: Darkrai\n|-crit|p2a: Darkrai\n|-damage|p2a: Darkrai|0 fnt\n|-unboost|p1a: Hawlucha|def|1\n|-unboost|p1a: Hawlucha|spd|1\n|faint|p2a: Darkrai\n|\n|upkeep\n|\n|t:|1697947187\n|switch|p2a: Slowking|Slowking-Galar, M|100\/100\n|turn|3\n|\n|t:|1697947204\n|switch|p1a: Cannazaro|Hoopa|100\/100\n|move|p2a: Slowking|Chilly Reception|p2a: Slowking\n|-weather|Snow\n|c|\u2606BossKyogre|glad u didnt get greedy this time\n|\n|t:|1697947217\n|switch|p2a: Furret|Furret, F|100\/100|[from] Chilly Reception\n|-item|p1a: Cannazaro|Life Orb|[from] ability: Frisk|[of] p2a: Furret|[identify]\n|\n|-weather|Snow|[upkeep]\n|upkeep\n|turn|4\n|c|\u2606emeraldminer2|i think i should have\n|\n|t:|1697947227\n|-terastallize|p1a: Cannazaro|Dark\n|move|p2a: Furret|Tidy Up|p2a: Furret\n|-boost|p2a: Furret|atk|1\n|-boost|p2a: Furret|spe|1\n|move|p1a: Cannazaro|Drain Punch|p2a: Furret\n|-supereffective|p2a: Furret\n|-damage|p2a: Furret|12\/100\n|-damage|p1a: Cannazaro|91\/100|[from] item: Life Orb\n|\n|-weather|Snow|[upkeep]\n|upkeep\n|turn|5\n|c|\u2606BossKyogre|every time u do u get ice beamed\n|c|\u2606emeraldminer2|oh right\n|c|\u2606emeraldminer2|but vs the slowking i shoulda sd\n|c|\u2606BossKyogre|yeah\n|c|\u2606emeraldminer2|but maybe its best bc this is not gonna be like the real game at all lol\n|c|\u2606BossKyogre|true lol\n|\n|t:|1697947299\n|switch|p1a: Pincurchin|Pincurchin, M|100\/100\n|move|p2a: Furret|Play Rough|p1a: Pincurchin\n|-damage|p1a: Pincurchin|74\/100\n|\n|-weather|Snow|[upkeep]\n|upkeep\n|turn|6\n|\n|t:|1697947309\n|switch|p2a: Landorus|Landorus-Therian, M|100\/100\n|-ability|p2a: Landorus|Intimidate|boost\n|-unboost|p1a: Pincurchin|atk|1\n|move|p1a: Pincurchin|Sucker Punch||[still]\n|-fail|p1a: Pincurchin\n|\n|-weather|Snow|[upkeep]\n|upkeep\n|turn|7\n|\n|t:|1697947316\n|switch|p1a: Ogerpon|Ogerpon-Wellspring, F|100\/100\n|move|p2a: Landorus|Calm Mind|p2a: Landorus\n|-boost|p2a: Landorus|spa|1\n|-boost|p2a: Landorus|spd|1\n|\n|-weather|Snow|[upkeep]\n|upkeep\n|turn|8\n|\n|t:|1697947324\n|switch|p2a: Slowking|Slowking-Galar, M|100\/100\n|move|p1a: Ogerpon|Ivy Cudgel|p2a: Slowking\n|-damage|p2a: Slowking|39\/100\n|\n|-weather|Snow|[upkeep]\n|-fieldend|move: Electric Terrain\n|upkeep\n|turn|9\n|\n|t:|1697947336\n|switch|p2a: Iron Bundle|Iron Bundle|100\/100\n|move|p1a: Ogerpon|Knock Off|p2a: Iron Bundle\n|-damage|p2a: Iron Bundle|77\/100\n|-enditem|p2a: Iron Bundle|Heavy-Duty Boots|[from] move: Knock Off|[of] p1a: Ogerpon\n|\n|-weather|Snow|[upkeep]\n|upkeep\n|turn|10\n|c|\u2606BossKyogre|ogerpon is deadly\n|\n|t:|1697947367\n|switch|p1a: Heatran|Heatran, F|100\/100\n|move|p2a: Iron Bundle|Freeze-Dry|p1a: Heatran\n|-resisted|p1a: Heatran\n|-damage|p1a: Heatran|95\/100\n|\n|-weather|none\n|upkeep\n|turn|11\n|\n|t:|1697947381\n|move|p2a: Iron Bundle|Flip Turn|p1a: Heatran\n|-supereffective|p1a: Heatran\n|-enditem|p1a: Heatran|Passho Berry|[eat]\n|-enditem|p1a: Heatran|Passho Berry|[weaken]\n|-damage|p1a: Heatran|81\/100\n|\n|t:|1697947387\n|-end|p2a: Iron Bundle|Quark Drive|[silent]\n|switch|p2a: Slowking|Slowking-Galar, M|72\/100|[from] Flip Turn\n|move|p1a: Heatran|Stealth Rock|p2a: Slowking\n|-sidestart|p2: BossKyogre|move: Stealth Rock\n|\n|upkeep\n|turn|12\n|\n|t:|1697947393\n|move|p1a: Heatran|Magma Storm|p2a: Slowking\n|-crit|p2a: Slowking\n|-damage|p2a: Slowking|28\/100\n|-activate|p2a: Slowking|move: Magma Storm|[of] p1a: Heatran\n|move|p2a: Slowking|Chilly Reception|p2a: Slowking\n|-weather|Snow\n|\n|t:|1697947401\n|switch|p2a: Furret|Furret, F|12\/100|[from] Chilly Reception\n|\n|-weather|Snow|[upkeep]\n|upkeep\n|turn|13\n|c|\u2606emeraldminer2|i coulda sworn i knocked em off\n|\n|t:|1697947414\n|move|p2a: Furret|Tidy Up|p2a: Furret\n|-sideend|p2: BossKyogre|Stealth Rock\n|-activate|p2a: Furret|move: Tidy Up\n|-boost|p2a: Furret|atk|1\n|-boost|p2a: Furret|spe|1\n|move|p1a: Heatran|Earthquake|p2a: Furret\n|-crit|p2a: Furret\n|-damage|p2a: Furret|0 fnt\n|faint|p2a: Furret\n|\n|-weather|Snow|[upkeep]\n|upkeep\n|c|\u2606BossKyogre|u drain punched me\n|\n|t:|1697947432\n|switch|p2a: Heracross|Heracross, F|100\/100\n|turn|14\n|c|\u2606emeraldminer2|ah thats what it was\n|\n|t:|1697947455\n|switch|p1a: Pincurchin|Pincurchin, M|74\/100\n|-fieldstart|move: Electric Terrain|[from] ability: Electric Surge|[of] p1a: Pincurchin\n|-terastallize|p2a: Heracross|Fairy\n|move|p2a: Heracross|Close Combat|p1a: Pincurchin\n|-damage|p1a: Pincurchin|23\/100\n|-unboost|p2a: Heracross|def|1\n|-unboost|p2a: Heracross|spd|1\n|\n|-weather|Snow|[upkeep]\n|-status|p2a: Heracross|brn|[from] item: Flame Orb\n|upkeep\n|turn|15\n|\n|t:|1697947470\n|move|p1a: Pincurchin|Sucker Punch|p2a: Heracross\n|-resisted|p2a: Heracross\n|-damage|p2a: Heracross|81\/100 brn\n|move|p2a: Heracross|Tera Blast|p1a: Pincurchin|[anim] Tera Blast Fairy\n|-damage|p1a: Pincurchin|0 fnt\n|faint|p1a: Pincurchin\n|\n|-weather|Snow|[upkeep]\n|-damage|p2a: Heracross|75\/100 brn|[from] brn\n|upkeep\n|\n|t:|1697947483\n|switch|p1a: Radio|Iron Valiant|100\/100\n|-activate|p1a: Radio|ability: Quark Drive\n|-start|p1a: Radio|quarkdrivespe\n|turn|16\n|\n|t:|1697947490\n|switch|p2a: Slowking|Slowking-Galar, M|62\/100\n|move|p1a: Radio|Moonblast|p2a: Slowking\n|-resisted|p2a: Slowking\n|-damage|p2a: Slowking|43\/100\n|-damage|p1a: Radio|91\/100|[from] item: Life Orb\n|\n|-weather|Snow|[upkeep]\n|upkeep\n|turn|17\n|c|\u2606emeraldminer2|ahhh see this is they key\n|c|\u2606emeraldminer2|if valiant is at 100 im good\n|\n|t:|1697947507\n|move|p1a: Radio|Knock Off|p2a: Slowking\n|-supereffective|p2a: Slowking\n|-damage|p2a: Slowking|0 fnt\n|-enditem|p2a: Slowking|Icy Rock|[from] move: Knock Off|[of] p1a: Radio\n|faint|p2a: Slowking\n|-damage|p1a: Radio|81\/100|[from] item: Life Orb\n|\n|-weather|Snow|[upkeep]\n|upkeep\n|c|\u2606emeraldminer2|YES\n|\n|t:|1697947514\n|switch|p2a: Iron Bundle|Iron Bundle|77\/100\n|-activate|p2a: Iron Bundle|ability: Quark Drive\n|-start|p2a: Iron Bundle|quarkdrivespe\n|turn|18\n|c|\u2606emeraldminer2|THIS IS THE RUN\n|\n|t:|1697947522\n|move|p1a: Radio|Vacuum Wave|p2a: Iron Bundle\n|-supereffective|p2a: Iron Bundle\n|-damage|p2a: Iron Bundle|0 fnt\n|faint|p2a: Iron Bundle\n|-end|p2a: Iron Bundle|Quark Drive|[silent]\n|-damage|p1a: Radio|71\/100|[from] item: Life Orb\n|\n|-weather|Snow|[upkeep]\n|upkeep\n|c|\u2606emeraldminer2|NOT TODAY BUNDLE\n|\n|t:|1697947528\n|switch|p2a: Landorus|Landorus-Therian, M|100\/100\n|-ability|p2a: Landorus|Intimidate|boost\n|-unboost|p1a: Radio|atk|1\n|turn|19\n|\n|t:|1697947534\n|move|p1a: Radio|Icy Wind|p2a: Landorus\n|-supereffective|p2a: Landorus\n|-damage|p2a: Landorus|0 fnt\n|faint|p2a: Landorus\n|-damage|p1a: Radio|62\/100|[from] item: Life Orb\n|\n|-weather|none\n|upkeep\n|c|\u2606emeraldminer2|NOT TODAY LANDO\n|\n|t:|1697947540\n|switch|p2a: Heracross|Heracross, F, tera:Fairy|75\/100 brn\n|turn|20\n|\n|t:|1697947545\n|move|p1a: Radio|Moonblast|p2a: Heracross\n|-damage|p2a: Heracross|0 fnt\n|faint|p2a: Heracross\n|-damage|p1a: Radio|52\/100|[from] item: Life Orb\n|\n|win|emeraldminer2\n|c|\u2606emeraldminer2|I DID IT\n","uploadtime":1697947555,"views":12,"p1id":"emeraldminer2","p2id":"bosskyogre","formatid":"gen9ubers","rating":0,"private":0,"password":""}