{"id":"gen9ubers-1997186813","p1":"Aurorecristal","p2":"Rpplf_Qilin","format":"[Gen 9] Ubers","log":"|j|\u2606Aurorecristal\n|j|\u2606Rpplf_Qilin\n|t:|1700773429\n|gametype|singles\n|player|p1|Aurorecristal|lady|\n|player|p2|Rpplf_Qilin|ghetsis-gen5bw|\n|teamsize|p1|6\n|teamsize|p2|6\n|gen|9\n|tier|[Gen 9] Ubers\n|rule|Sleep Clause Mod: Limit one foe put to sleep\n|rule|Species Clause: Limit one of each Pok\u00e9mon\n|rule|OHKO Clause: OHKO moves are banned\n|rule|Evasion Items Clause: Evasion items are banned\n|rule|Evasion Moves Clause: Evasion moves are banned\n|rule|Endless Battle Clause: Forcing endless battles is banned\n|rule|HP Percentage Mod: HP is shown in percentages\n|clearpoke\n|poke|p1|Kingambit, F|\n|poke|p1|Ditto|\n|poke|p1|Scream Tail|\n|poke|p1|Alomomola, F|\n|poke|p1|Okidogi, M|\n|poke|p1|Annihilape, M|\n|poke|p2|Arceus|\n|poke|p2|Okidogi, M|\n|poke|p2|Grimmsnarl, M|\n|poke|p2|Corviknight, M|\n|poke|p2|Regidrago|\n|poke|p2|Greninja-*, M|\n|teampreview\n|c|\u2606Rpplf_Qilin|Bon match\n|c|\u2606Aurorecristal|Hf\n|\n|t:|1700773467\n|start\n|switch|p1a: Okikitty|Okidogi, M|100\/100\n|switch|p2a: Corviknight|Corviknight, M|100\/100\n|-ability|p2a: Corviknight|Pressure\n|turn|1\n|\n|t:|1700773474\n|move|p1a: Okikitty|Knock Off|p2a: Corviknight\n|-damage|p2a: Corviknight|80\/100\n|-damage|p1a: Okikitty|84\/100|[from] item: Rocky Helmet|[of] p2a: Corviknight\n|-enditem|p2a: Corviknight|Rocky Helmet|[from] move: Knock Off|[of] p1a: Okikitty\n|move|p2a: Corviknight|Brave Bird|p1a: Okikitty\n|-supereffective|p1a: Okikitty\n|-damage|p1a: Okikitty|19\/100\n|-damage|p2a: Corviknight|63\/100|[from] Recoil\n|\n|-heal|p1a: Okikitty|25\/100|[from] item: Black Sludge\n|upkeep\n|turn|2\n|\n|t:|1700773482\n|move|p1a: Okikitty|Protect|p1a: Okikitty\n|-singleturn|p1a: Okikitty|Protect\n|move|p2a: Corviknight|U-turn|p1a: Okikitty\n|-activate|p1a: Okikitty|move: Protect\n|\n|-heal|p1a: Okikitty|31\/100|[from] item: Black Sludge\n|upkeep\n|turn|3\n|\n|t:|1700773499\n|switch|p1a: Angry bird|Annihilape, M|100\/100\n|move|p2a: Corviknight|U-turn|p1a: Angry bird\n|-resisted|p1a: Angry bird\n|-damage|p1a: Angry bird|97\/100\n|\n|t:|1700773512\n|switch|p2a: Okidogi|Okidogi, M|100\/100|[from] U-turn\n|\n|upkeep\n|turn|4\n|\n|t:|1700773518\n|move|p1a: Angry bird|U-turn|p2a: Okidogi\n|-resisted|p2a: Okidogi\n|-damage|p2a: Okidogi|96\/100\n|\n|t:|1700773531\n|switch|p1a: Lovdisc|Alomomola, F|100\/100|[from] U-turn\n|move|p2a: Okidogi|Psychic Fangs|p1a: Lovdisc\n|-damage|p1a: Lovdisc|76\/100\n|-damage|p2a: Okidogi|79\/100|[from] item: Rocky Helmet|[of] p1a: Lovdisc\n|\n|upkeep\n|turn|5\n|\n|t:|1700773536\n|switch|p2a: Corviknight|Corviknight, M|63\/100\n|-ability|p2a: Corviknight|Pressure\n|move|p1a: Lovdisc|Whirlpool|p2a: Corviknight|[miss]\n|-miss|p1a: Lovdisc|p2a: Corviknight\n|\n|upkeep\n|turn|6\n|\n|t:|1700773543\n|move|p2a: Corviknight|Roost|p2a: Corviknight\n|-heal|p2a: Corviknight|100\/100\n|-singleturn|p2a: Corviknight|move: Roost\n|move|p1a: Lovdisc|Wish|p1a: Lovdisc\n|\n|upkeep\n|turn|7\n|\n|t:|1700773554\n|move|p2a: Corviknight|Brave Bird|p1a: Lovdisc\n|-damage|p1a: Lovdisc|49\/100\n|-damage|p2a: Corviknight|84\/100|[from] item: Rocky Helmet|[of] p1a: Lovdisc\n|-damage|p2a: Corviknight|72\/100|[from] Recoil\n|move|p1a: Lovdisc|Flip Turn|p2a: Corviknight\n|-damage|p2a: Corviknight|63\/100\n|\n|t:|1700773557\n|switch|p1a: Okikitty|Okidogi, M|31\/100|[from] Flip Turn\n|\n|-heal|p1a: Okikitty|100\/100|[from] move: Wish|[wisher] Lovdisc\n|upkeep\n|turn|8\n|\n|t:|1700773573\n|switch|p1a: Lovdisc|Alomomola, F|82\/100\n|move|p2a: Corviknight|U-turn|p1a: Lovdisc\n|-damage|p1a: Lovdisc|71\/100\n|-damage|p2a: Corviknight|46\/100|[from] item: Rocky Helmet|[of] p1a: Lovdisc\n|\n|t:|1700773582\n|switch|p2a: Arceus|Arceus|100\/100|[from] U-turn\n|\n|upkeep\n|turn|9\n|\n|t:|1700773598\n|move|p2a: Arceus|Substitute|p2a: Arceus\n|-start|p2a: Arceus|Substitute\n|-damage|p2a: Arceus|76\/100\n|move|p1a: Lovdisc|Flip Turn|p2a: Arceus\n|-activate|p2a: Arceus|move: Substitute|[damage]\n|\n|t:|1700773611\n|switch|p1a: My Lord|Kingambit, F|100\/100|[from] Flip Turn\n|\n|-heal|p2a: Arceus|82\/100|[from] item: Leftovers\n|upkeep\n|turn|10\n|\n|t:|1700773628\n|switch|p2a: Okidogi|Okidogi, M|79\/100\n|move|p1a: My Lord|Kowtow Cleave|p2a: Okidogi\n|-resisted|p2a: Okidogi\n|-damage|p2a: Okidogi|52\/100\n|-damage|p1a: My Lord|91\/100|[from] item: Life Orb\n|\n|upkeep\n|turn|11\n|\n|t:|1700773651\n|-end|p1a: My Lord|fallenundefined|[silent]\n|switch|p1a: Lovdisc|Alomomola, F|100\/100\n|move|p2a: Okidogi|Knock Off|p1a: Lovdisc\n|-damage|p1a: Lovdisc|72\/100\n|-damage|p2a: Okidogi|35\/100|[from] item: Rocky Helmet|[of] p1a: Lovdisc\n|-status|p1a: Lovdisc|tox|[from] ability: Toxic Chain|[of] p2a: Okidogi\n|-enditem|p1a: Lovdisc|Rocky Helmet|[from] move: Knock Off|[of] p2a: Okidogi\n|\n|-damage|p1a: Lovdisc|66\/100 tox|[from] psn\n|upkeep\n|turn|12\n|\n|t:|1700773661\n|move|p2a: Okidogi|Drain Punch|p1a: Lovdisc\n|-damage|p1a: Lovdisc|36\/100 tox\n|-heal|p2a: Okidogi|57\/100|[from] drain|[of] p1a: Lovdisc\n|move|p1a: Lovdisc|Whirlpool|p2a: Okidogi\n|-damage|p2a: Okidogi|53\/100\n|-activate|p2a: Okidogi|move: Whirlpool|[of] p1a: Lovdisc\n|\n|-damage|p1a: Lovdisc|23\/100 tox|[from] psn\n|-damage|p2a: Okidogi|40\/100|[from] move: Whirlpool|[partiallytrapped]\n|upkeep\n|turn|13\n|\n|t:|1700773675\n|move|p1a: Lovdisc|Protect|p1a: Lovdisc\n|-singleturn|p1a: Lovdisc|Protect\n|move|p2a: Okidogi|Psychic Fangs|p1a: Lovdisc\n|-activate|p1a: Lovdisc|move: Protect\n|\n|-damage|p1a: Lovdisc|5\/100 tox|[from] psn\n|-damage|p2a: Okidogi|28\/100|[from] move: Whirlpool|[partiallytrapped]\n|upkeep\n|turn|14\n|\n|t:|1700773694\n|switch|p1a: Tail'low|Scream Tail|100\/100\n|move|p2a: Okidogi|Knock Off|p1a: Tail'low\n|-damage|p1a: Tail'low|69\/100\n|-enditem|p1a: Tail'low|Leftovers|[from] move: Knock Off|[of] p2a: Okidogi\n|\n|-end|p2a: Okidogi|Whirlpool|[partiallytrapped]|[silent]\n|upkeep\n|turn|15\n|\n|t:|1700773707\n|move|p1a: Tail'low|Protect|p1a: Tail'low\n|-singleturn|p1a: Tail'low|Protect\n|move|p2a: Okidogi|Poison Jab|p1a: Tail'low\n|-activate|p1a: Tail'low|move: Protect\n|\n|upkeep\n|turn|16\n|\n|t:|1700773728\n|move|p1a: Tail'low|Wish|p1a: Tail'low\n|move|p2a: Okidogi|Poison Jab|p1a: Tail'low\n|-supereffective|p1a: Tail'low\n|-damage|p1a: Tail'low|0 fnt\n|faint|p1a: Tail'low\n|-end|p1a: Tail'low|Protosynthesis|[silent]\n|\n|upkeep\n|\n|t:|1700773736\n|switch|p1a: Lovdisc|Alomomola, F|38\/100 tox\n|turn|17\n|\n|t:|1700773760\n|switch|p2a: Corviknight|Corviknight, M|46\/100\n|-ability|p2a: Corviknight|Pressure\n|move|p1a: Lovdisc|Whirlpool|p2a: Corviknight|[miss]\n|-miss|p1a: Lovdisc|p2a: Corviknight\n|\n|-heal|p1a: Lovdisc|79\/100 tox|[from] move: Wish|[wisher] Tail'low\n|-damage|p1a: Lovdisc|72\/100 tox|[from] psn\n|upkeep\n|turn|18\n|\n|t:|1700773771\n|move|p2a: Corviknight|Roost|p2a: Corviknight\n|-heal|p2a: Corviknight|96\/100\n|-singleturn|p2a: Corviknight|move: Roost\n|move|p1a: Lovdisc|Wish|p1a: Lovdisc\n|\n|-damage|p1a: Lovdisc|60\/100 tox|[from] psn\n|upkeep\n|turn|19\n|\n|t:|1700773783\n|move|p1a: Lovdisc|Protect|p1a: Lovdisc\n|-singleturn|p1a: Lovdisc|Protect\n|move|p2a: Corviknight|Brave Bird|p1a: Lovdisc\n|-activate|p1a: Lovdisc|move: Protect\n|\n|-heal|p1a: Lovdisc|100\/100 tox|[from] move: Wish|[wisher] Lovdisc\n|-damage|p1a: Lovdisc|82\/100 tox|[from] psn\n|upkeep\n|turn|20\n|\n|t:|1700773796\n|switch|p1a: Slimy slime|Ditto|100\/100\n|-transform|p1a: Slimy slime|p2a: Corviknight|[from] ability: Imposter\n|-ability|p1a: Slimy slime|Pressure\n|move|p2a: Corviknight|U-turn|p1a: Slimy slime\n|-resisted|p1a: Slimy slime\n|-damage|p1a: Slimy slime|98\/100\n|\n|t:|1700773812\n|switch|p2a: Okidogi|Okidogi, M|28\/100|[from] U-turn\n|\n|upkeep\n|turn|21\n|\n|t:|1700773818\n|move|p1a: Slimy slime|U-turn|p2a: Okidogi\n|-resisted|p2a: Okidogi\n|-damage|p2a: Okidogi|25\/100\n|\n|t:|1700773825\n|switch|p1a: My Lord|Kingambit, F|91\/100|[from] U-turn\n|-activate|p1a: My Lord|ability: Supreme Overlord\n|-start|p1a: My Lord|fallen1|[silent]\n|move|p2a: Okidogi|Knock Off|p1a: My Lord\n|-resisted|p1a: My Lord\n|-damage|p1a: My Lord|75\/100\n|-enditem|p1a: My Lord|Life Orb|[from] move: Knock Off|[of] p2a: Okidogi\n|\n|upkeep\n|turn|22\n|\n|t:|1700773845\n|-end|p1a: My Lord|fallen1|[silent]\n|switch|p1a: Angry bird|Annihilape, M|97\/100\n|move|p2a: Okidogi|Drain Punch|p1a: Angry bird\n|-immune|p1a: Angry bird\n|\n|upkeep\n|turn|23\n|\n|t:|1700773856\n|move|p1a: Angry bird|Rage Fist|p2a: Okidogi\n|-damage|p2a: Okidogi|0 fnt\n|faint|p2a: Okidogi\n|\n|upkeep\n|\n|t:|1700773873\n|switch|p2a: Grimmsnarl|Grimmsnarl, M|100\/100\n|turn|24\n|\n|t:|1700773879\n|move|p2a: Grimmsnarl|Reflect|p2a: Grimmsnarl\n|-sidestart|p2: Rpplf_Qilin|Reflect\n|move|p1a: Angry bird|U-turn|p2a: Grimmsnarl\n|-damage|p2a: Grimmsnarl|87\/100\n|\n|t:|1700773890\n|switch|p1a: Okikitty|Okidogi, M|100\/100|[from] U-turn\n|\n|upkeep\n|turn|25\n|\n|t:|1700773893\n|switch|p2a: Corviknight|Corviknight, M|96\/100\n|-ability|p2a: Corviknight|Pressure\n|move|p1a: Okikitty|Bulk Up|p1a: Okikitty\n|-boost|p1a: Okikitty|atk|1\n|-boost|p1a: Okikitty|def|1\n|\n|upkeep\n|turn|26\n|\n|t:|1700773903\n|move|p1a: Okikitty|Protect|p1a: Okikitty\n|-singleturn|p1a: Okikitty|Protect\n|move|p2a: Corviknight|Brave Bird|p1a: Okikitty\n|-activate|p1a: Okikitty|move: Protect\n|\n|upkeep\n|turn|27\n|\n|t:|1700773917\n|switch|p1a: Slimy slime|Ditto|98\/100\n|-transform|p1a: Slimy slime|p2a: Corviknight|[from] ability: Imposter\n|-ability|p1a: Slimy slime|Pressure\n|move|p2a: Corviknight|Brave Bird|p1a: Slimy slime\n|-resisted|p1a: Slimy slime\n|-damage|p1a: Slimy slime|82\/100\n|-damage|p2a: Corviknight|92\/100|[from] Recoil\n|\n|upkeep\n|turn|28\n|\n|t:|1700773927\n|move|p1a: Slimy slime|U-turn|p2a: Corviknight\n|-resisted|p2a: Corviknight\n|-damage|p2a: Corviknight|91\/100\n|\n|t:|1700773930\n|switch|p1a: Lovdisc|Alomomola, F|100\/100 tox|[from] U-turn\n|move|p2a: Corviknight|U-turn|p1a: Lovdisc\n|-damage|p1a: Lovdisc|90\/100 tox\n|\n|t:|1700773933\n|switch|p2a: Regidrago|Regidrago|100\/100|[from] U-turn\n|\n|-damage|p1a: Lovdisc|83\/100 tox|[from] psn\n|upkeep\n|turn|29\n|\n|t:|1700773940\n|move|p2a: Regidrago|Dragon Energy|p1a: Lovdisc\n|-damage|p1a: Lovdisc|0 fnt\n|faint|p1a: Lovdisc\n|\n|upkeep\n|\n|t:|1700773944\n|switch|p1a: My Lord|Kingambit, F|75\/100\n|-activate|p1a: My Lord|ability: Supreme Overlord\n|-start|p1a: My Lord|fallen2|[silent]\n|turn|30\n|\n|t:|1700773957\n|switch|p2a: Corviknight|Corviknight, M|91\/100\n|-ability|p2a: Corviknight|Pressure\n|-terastallize|p1a: My Lord|Fairy\n|move|p1a: My Lord|Kowtow Cleave|p2a: Corviknight\n|-damage|p2a: Corviknight|75\/100\n|\n|upkeep\n|turn|31\n|\n|t:|1700773961\n|move|p2a: Corviknight|Brave Bird|p1a: My Lord\n|-damage|p1a: My Lord|46\/100\n|-damage|p2a: Corviknight|66\/100|[from] Recoil\n|move|p1a: My Lord|Stealth Rock|p2a: Corviknight\n|-sidestart|p2: Rpplf_Qilin|move: Stealth Rock\n|\n|-sideend|p2: Rpplf_Qilin|Reflect\n|upkeep\n|turn|32\n|\n|t:|1700773979\n|move|p2a: Corviknight|Roost|p2a: Corviknight\n|-heal|p2a: Corviknight|100\/100\n|-singleturn|p2a: Corviknight|move: Roost\n|move|p1a: My Lord|Kowtow Cleave|p2a: Corviknight\n|-damage|p2a: Corviknight|64\/100\n|\n|upkeep\n|turn|33\n|\n|t:|1700773984\n|move|p2a: Corviknight|Brave Bird|p1a: My Lord\n|-damage|p1a: My Lord|15\/100\n|-damage|p2a: Corviknight|56\/100|[from] Recoil\n|move|p1a: My Lord|Kowtow Cleave|p2a: Corviknight\n|-damage|p2a: Corviknight|22\/100\n|\n|upkeep\n|turn|34\n|\n|t:|1700773989\n|move|p2a: Corviknight|Roost|p2a: Corviknight\n|-heal|p2a: Corviknight|72\/100\n|-singleturn|p2a: Corviknight|move: Roost\n|move|p1a: My Lord|Kowtow Cleave|p2a: Corviknight\n|-damage|p2a: Corviknight|38\/100\n|\n|upkeep\n|turn|35\n|\n|t:|1700773992\n|move|p1a: My Lord|Sucker Punch||[still]\n|-fail|p1a: My Lord\n|move|p2a: Corviknight|Roost|p2a: Corviknight\n|-heal|p2a: Corviknight|88\/100\n|-singleturn|p2a: Corviknight|move: Roost\n|\n|upkeep\n|turn|36\n|\n|t:|1700773997\n|move|p1a: My Lord|Sucker Punch|p2a: Corviknight\n|-damage|p2a: Corviknight|58\/100\n|move|p2a: Corviknight|Brave Bird|p1a: My Lord\n|-crit|p1a: My Lord\n|-damage|p1a: My Lord|0 fnt\n|faint|p1a: My Lord\n|-end|p1a: My Lord|fallen2|[silent]\n|-damage|p2a: Corviknight|54\/100|[from] Recoil\n|\n|upkeep\n|\n|t:|1700774002\n|switch|p1a: Angry bird|Annihilape, M|97\/100\n|turn|37\n|\n|t:|1700774005\n|move|p1a: Angry bird|Rage Fist|p2a: Corviknight\n|-damage|p2a: Corviknight|26\/100\n|move|p2a: Corviknight|Brave Bird|p1a: Angry bird\n|-supereffective|p1a: Angry bird\n|-crit|p1a: Angry bird\n|-damage|p1a: Angry bird|0 fnt\n|faint|p1a: Angry bird\n|-damage|p2a: Corviknight|0 fnt|[from] Recoil\n|faint|p2a: Corviknight\n|\n|upkeep\n|\n|t:|1700774014\n|switch|p1a: Slimy slime|Ditto|82\/100\n|switch|p2a: Grimmsnarl|Grimmsnarl, M|87\/100\n|-transform|p1a: Slimy slime|p2a: Grimmsnarl|[from] ability: Imposter\n|-damage|p2a: Grimmsnarl|75\/100|[from] Stealth Rock\n|turn|38\n|c|\u2606Aurorecristal|Gg\n|\n|t:|1700774029\n|switch|p1a: Okikitty|Okidogi, M|100\/100\n|move|p2a: Grimmsnarl|Parting Shot|p1a: Okikitty\n|-unboost|p1a: Okikitty|atk|1\n|-unboost|p1a: Okikitty|spa|1\n|\n|t:|1700774035\n|switch|p2a: Regidrago|Regidrago|100\/100|[from] Parting Shot\n|-damage|p2a: Regidrago|88\/100|[from] Stealth Rock\n|\n|upkeep\n|turn|39\n|\n|t:|1700774040\n|move|p2a: Regidrago|Dragon Energy|p1a: Okikitty\n|-damage|p1a: Okikitty|20\/100\n|move|p1a: Okikitty|Knock Off|p2a: Regidrago\n|-damage|p2a: Regidrago|63\/100\n|-enditem|p2a: Regidrago|Dragon Fang|[from] move: Knock Off|[of] p1a: Okikitty\n|\n|-heal|p1a: Okikitty|26\/100|[from] item: Black Sludge\n|upkeep\n|turn|40\n|\n|t:|1700774051\n|move|p1a: Okikitty|Protect|p1a: Okikitty\n|-singleturn|p1a: Okikitty|Protect\n|move|p2a: Regidrago|Dragon Claw|p1a: Okikitty\n|-activate|p1a: Okikitty|move: Protect\n|\n|-heal|p1a: Okikitty|32\/100|[from] item: Black Sludge\n|upkeep\n|turn|41\n|\n|t:|1700774055\n|move|p2a: Regidrago|Dragon Claw|p1a: Okikitty\n|-damage|p1a: Okikitty|0 fnt\n|faint|p1a: Okikitty\n|\n|upkeep\n|c|\u2606Rpplf_Qilin|Gg\n|\n|t:|1700774059\n|switch|p1a: Slimy slime|Ditto|82\/100\n|-transform|p1a: Slimy slime|p2a: Regidrago|[from] ability: Imposter\n|turn|42\n|c|\u2606Aurorecristal|Gg\n|\n|t:|1700774067\n|switch|p2a: Grimmsnarl|Grimmsnarl, M|75\/100\n|-damage|p2a: Grimmsnarl|62\/100|[from] Stealth Rock\n|move|p1a: Slimy slime|Dragon Energy|p2a: Grimmsnarl\n|-immune|p2a: Grimmsnarl\n|\n|upkeep\n|turn|43\n|-message|Aurorecristal forfeited.\n|\n|win|Rpplf_Qilin\n|l|\u2606Aurorecristal\n","uploadtime":1700774078,"views":7,"p1id":"aurorecristal","p2id":"rpplfqilin","formatid":"gen9ubers","rating":0,"private":0,"password":""}