{"id":"gen9ubers-1968779527","p1":"mathman0624","p2":"Cameruptisgroovin","format":"[Gen 9] Ubers","log":"|j|\u203dmathman0624\n|j|\u2606Cameruptisgroovin\n|t:|1697464014\n|gametype|singles\n|player|p1|mathman0624|cynthia-masters3|1379\n|player|p2|Cameruptisgroovin|dawn|1339\n|teamsize|p1|6\n|teamsize|p2|6\n|gen|9\n|tier|[Gen 9] Ubers\n|rated|\n|rule|Sleep Clause Mod: Limit one foe put to sleep\n|rule|Species Clause: Limit one of each Pok\u00e9mon\n|rule|OHKO Clause: OHKO moves are banned\n|rule|Evasion Items Clause: Evasion items are banned\n|rule|Evasion Moves Clause: Evasion moves are banned\n|rule|Endless Battle Clause: Forcing endless battles is banned\n|rule|HP Percentage Mod: HP is shown in percentages\n|clearpoke\n|poke|p1|Miraidon|\n|poke|p1|Koraidon|\n|poke|p1|Ogerpon-Hearthflame, F|\n|poke|p1|Sneasler, M|\n|poke|p1|Zacian-*|\n|poke|p1|Glimmora, M|\n|poke|p2|Skeledirge, F|\n|poke|p2|Clodsire, M|\n|poke|p2|Giratina-Origin|\n|poke|p2|Miraidon|\n|poke|p2|Zacian-*|\n|poke|p2|Arceus-Ground|\n|teampreview\n|inactive|Battle timer is ON: inactive players will automatically lose when time's up. (requested by mathman0624)\n|\n|t:|1697464021\n|start\n|switch|p1a: Glimmora|Glimmora, M|100\/100\n|switch|p2a: Miraidon|Miraidon|100\/100\n|-fieldstart|move: Electric Terrain|[from] ability: Hadron Engine|[of] p2a: Miraidon\n|turn|1\n|\n|t:|1697464028\n|move|p2a: Miraidon|Electro Drift|p1a: Glimmora\n|-enditem|p1a: Glimmora|Focus Sash\n|-damage|p1a: Glimmora|1\/100\n|move|p1a: Glimmora|Stealth Rock|p2a: Miraidon\n|-sidestart|p2: Cameruptisgroovin|move: Stealth Rock\n|\n|upkeep\n|turn|2\n|\n|t:|1697464036\n|move|p2a: Miraidon|Electro Drift|p1a: Glimmora\n|-damage|p1a: Glimmora|0 fnt\n|faint|p1a: Glimmora\n|\n|upkeep\n|inactive|mathman0624 has 120 seconds left.\n|\n|t:|1697464066\n|switch|p1a: Ogerpon|Ogerpon-Hearthflame, F|100\/100\n|-ability|p1a: Ogerpon|Mold Breaker\n|turn|3\n|\n|t:|1697464078\n|move|p2a: Miraidon|U-turn|p1a: Ogerpon\n|-damage|p1a: Ogerpon|85\/100\n|\n|t:|1697464083\n|switch|p2a: Skeledirge|Skeledirge, F|100\/100|[from] U-turn\n|move|p1a: Ogerpon|Trailblaze|p2a: Skeledirge\n|-resisted|p2a: Skeledirge\n|-damage|p2a: Skeledirge|92\/100\n|-boost|p1a: Ogerpon|spe|1\n|\n|upkeep\n|turn|4\n|\n|t:|1697464090\n|move|p1a: Ogerpon|Throat Chop|p2a: Skeledirge\n|-supereffective|p2a: Skeledirge\n|-damage|p2a: Skeledirge|54\/100\n|-start|p2a: Skeledirge|Throat Chop|[silent]\n|cant|p2a: Skeledirge|move: Throat Chop\n|\n|upkeep\n|turn|5\n|\n|t:|1697464101\n|move|p1a: Ogerpon|Throat Chop|p2a: Skeledirge\n|-supereffective|p2a: Skeledirge\n|-damage|p2a: Skeledirge|18\/100\n|move|p2a: Skeledirge|Slack Off|p2a: Skeledirge\n|-heal|p2a: Skeledirge|68\/100\n|\n|-end|p2a: Skeledirge|Throat Chop|[silent]\n|-fieldend|move: Electric Terrain\n|upkeep\n|turn|6\n|\n|t:|1697464109\n|switch|p2a: Arceus|Arceus-Ground|100\/100\n|-damage|p2a: Arceus|94\/100|[from] Stealth Rock\n|move|p1a: Ogerpon|Throat Chop|p2a: Arceus\n|-crit|p2a: Arceus\n|-damage|p2a: Arceus|61\/100\n|-start|p2a: Arceus|Throat Chop|[silent]\n|\n|upkeep\n|turn|7\n|\n|t:|1697464117\n|move|p1a: Ogerpon|Ivy Cudgel|p2a: Arceus\n|-damage|p2a: Arceus|23\/100\n|move|p2a: Arceus|Dragon Dance|p2a: Arceus\n|-boost|p2a: Arceus|atk|1\n|-boost|p2a: Arceus|spe|1\n|\n|-end|p2a: Arceus|Throat Chop|[silent]\n|upkeep\n|turn|8\n|\n|t:|1697464123\n|move|p1a: Ogerpon|Trailblaze|p2a: Arceus\n|-supereffective|p2a: Arceus\n|-damage|p2a: Arceus|0 fnt\n|-boost|p1a: Ogerpon|spe|1\n|faint|p2a: Arceus\n|\n|upkeep\n|\n|t:|1697464135\n|switch|p2a: Miraidon|Miraidon|100\/100\n|-fieldstart|move: Electric Terrain|[from] ability: Hadron Engine|[of] p2a: Miraidon\n|turn|9\n|\n|t:|1697464139\n|move|p1a: Ogerpon|Play Rough|p2a: Miraidon\n|-supereffective|p2a: Miraidon\n|-damage|p2a: Miraidon|25\/100\n|move|p2a: Miraidon|Draco Meteor|p1a: Ogerpon\n|-damage|p1a: Ogerpon|0 fnt\n|-unboost|p2a: Miraidon|spa|2\n|faint|p1a: Ogerpon\n|\n|upkeep\n|\n|t:|1697464165\n|switch|p1a: Zacian|Zacian-Crowned|100\/100\n|-ability|p1a: Zacian|Intrepid Sword|boost\n|-boost|p1a: Zacian|atk|1\n|turn|10\n|\n|t:|1697464170\n|switch|p2a: Skeledirge|Skeledirge, F|68\/100\n|move|p1a: Zacian|Play Rough|p2a: Skeledirge|[miss]\n|-miss|p1a: Zacian|p2a: Skeledirge\n|\n|upkeep\n|turn|11\n|\n|t:|1697464178\n|switch|p1a: Miraidon|Miraidon|100\/100\n|-activate|p1a: Miraidon|ability: Hadron Engine\n|-enditem|p1a: Miraidon|Electric Seed\n|-boost|p1a: Miraidon|def|1|[from] item: Electric Seed\n|move|p2a: Skeledirge|Will-O-Wisp|p1a: Miraidon\n|-status|p1a: Miraidon|brn\n|\n|-damage|p1a: Miraidon|94\/100 brn|[from] brn\n|upkeep\n|turn|12\n|\n|t:|1697464192\n|switch|p2a: Clodsire|Clodsire, M|100\/100\n|-damage|p2a: Clodsire|94\/100|[from] Stealth Rock\n|move|p1a: Miraidon|Dragon Pulse|p2a: Clodsire\n|-damage|p2a: Clodsire|63\/100\n|\n|-heal|p2a: Clodsire|69\/100|[from] item: Leftovers\n|-damage|p1a: Miraidon|88\/100 brn|[from] brn\n|upkeep\n|turn|13\n|\n|t:|1697464203\n|move|p1a: Miraidon|Dragon Pulse|p2a: Clodsire\n|-damage|p2a: Clodsire|36\/100\n|move|p2a: Clodsire|Stealth Rock|p1a: Miraidon\n|-sidestart|p1: mathman0624|move: Stealth Rock\n|\n|-heal|p2a: Clodsire|43\/100|[from] item: Leftovers\n|-damage|p1a: Miraidon|82\/100 brn|[from] brn\n|-fieldend|move: Electric Terrain\n|upkeep\n|turn|14\n|\n|t:|1697464219\n|move|p1a: Miraidon|Dragon Pulse|p2a: Clodsire\n|-damage|p2a: Clodsire|19\/100\n|move|p2a: Clodsire|Recover|p2a: Clodsire\n|-heal|p2a: Clodsire|69\/100\n|\n|-heal|p2a: Clodsire|75\/100|[from] item: Leftovers\n|-damage|p1a: Miraidon|76\/100 brn|[from] brn\n|upkeep\n|turn|15\n|\n|t:|1697464237\n|switch|p1a: Koraidon|Koraidon|100\/100\n|-damage|p1a: Koraidon|94\/100|[from] Stealth Rock\n|-weather|SunnyDay|[from] ability: Orichalcum Pulse|[of] p1a: Koraidon\n|-activate|p1a: Koraidon|Orichalcum Pulse|[source]\n|switch|p2a: Zacian|Zacian-Crowned, shiny|100\/100\n|-damage|p2a: Zacian|94\/100|[from] Stealth Rock\n|-ability|p2a: Zacian|Intrepid Sword|boost\n|-boost|p2a: Zacian|atk|1\n|\n|-weather|SunnyDay|[upkeep]\n|upkeep\n|turn|16\n|\n|t:|1697464256\n|switch|p2a: Skeledirge|Skeledirge, F|68\/100\n|-terastallize|p1a: Koraidon|Fire\n|move|p1a: Koraidon|Flame Charge|p2a: Skeledirge\n|-resisted|p2a: Skeledirge\n|-damage|p2a: Skeledirge|47\/100\n|-boost|p1a: Koraidon|spe|1\n|\n|-weather|SunnyDay|[upkeep]\n|upkeep\n|turn|17\n|inactive|mathman0624 has 120 seconds left.\n|\n|t:|1697464277\n|move|p1a: Koraidon|Dragon Claw|p2a: Skeledirge\n|-damage|p2a: Skeledirge|13\/100\n|move|p2a: Skeledirge|Torch Song|p1a: Koraidon\n|-resisted|p1a: Koraidon\n|-damage|p1a: Koraidon|79\/100\n|-boost|p2a: Skeledirge|spa|1\n|\n|-weather|SunnyDay|[upkeep]\n|upkeep\n|turn|18\n|inactive|mathman0624 has 120 seconds left.\n|\n|t:|1697464285\n|move|p1a: Koraidon|Flare Blitz|p2a: Skeledirge\n|-resisted|p2a: Skeledirge\n|-damage|p2a: Skeledirge|0 fnt\n|faint|p2a: Skeledirge\n|-damage|p1a: Koraidon|74\/100|[from] Recoil\n|\n|-weather|SunnyDay|[upkeep]\n|upkeep\n|\n|t:|1697464288\n|switch|p2a: Miraidon|Miraidon|25\/100\n|-fieldstart|move: Electric Terrain|[from] ability: Hadron Engine|[of] p2a: Miraidon\n|turn|19\n|\n|t:|1697464298\n|-terastallize|p2a: Miraidon|Fairy\n|move|p1a: Koraidon|Flare Blitz|p2a: Miraidon\n|-damage|p2a: Miraidon|0 fnt\n|faint|p2a: Miraidon\n|-damage|p1a: Koraidon|66\/100|[from] Recoil\n|\n|-weather|none\n|upkeep\n|\n|t:|1697464305\n|switch|p2a: Giratina|Giratina-Origin, shiny|100\/100\n|-damage|p2a: Giratina|88\/100|[from] Stealth Rock\n|turn|20\n|\n|t:|1697464311\n|move|p1a: Koraidon|Dragon Claw|p2a: Giratina\n|-supereffective|p2a: Giratina\n|-damage|p2a: Giratina|38\/100\n|move|p2a: Giratina|Dragon Tail|p1a: Koraidon\n|-damage|p1a: Koraidon|35\/100\n|drag|p1a: Sneasler|Sneasler, M|100\/100\n|-damage|p1a: Sneasler|95\/100|[from] Stealth Rock\n|\n|upkeep\n|turn|21\n|\n|t:|1697464321\n|switch|p2a: Clodsire|Clodsire, M|75\/100\n|-damage|p2a: Clodsire|69\/100|[from] Stealth Rock\n|move|p1a: Sneasler|Shadow Claw|p2a: Clodsire\n|-damage|p2a: Clodsire|38\/100\n|\n|-heal|p2a: Clodsire|45\/100|[from] item: Leftovers\n|upkeep\n|turn|22\n|\n|t:|1697464331\n|move|p1a: Sneasler|Dire Claw|p2a: Clodsire\n|-resisted|p2a: Clodsire\n|-damage|p2a: Clodsire|31\/100\n|move|p2a: Clodsire|Recover|p2a: Clodsire\n|-heal|p2a: Clodsire|81\/100\n|\n|-heal|p2a: Clodsire|87\/100|[from] item: Leftovers\n|upkeep\n|turn|23\n|\n|t:|1697464339\n|move|p1a: Sneasler|Shadow Claw|p2a: Clodsire\n|-damage|p2a: Clodsire|57\/100\n|move|p2a: Clodsire|Earthquake|p1a: Sneasler\n|-supereffective|p1a: Sneasler\n|-damage|p1a: Sneasler|0 fnt\n|faint|p1a: Sneasler\n|\n|-heal|p2a: Clodsire|63\/100|[from] item: Leftovers\n|-fieldend|move: Electric Terrain\n|upkeep\n|\n|t:|1697464351\n|switch|p1a: Koraidon|Koraidon, tera:Fire|35\/100\n|-damage|p1a: Koraidon|10\/100|[from] Stealth Rock\n|-weather|SunnyDay|[from] ability: Orichalcum Pulse|[of] p1a: Koraidon\n|-activate|p1a: Koraidon|Orichalcum Pulse|[source]\n|turn|24\n|\n|t:|1697464362\n|move|p1a: Koraidon|Dragon Claw|p2a: Clodsire\n|-crit|p2a: Clodsire\n|-damage|p2a: Clodsire|0 fnt\n|faint|p2a: Clodsire\n|\n|-weather|SunnyDay|[upkeep]\n|upkeep\n|\n|t:|1697464364\n|switch|p2a: Giratina|Giratina-Origin, shiny|38\/100\n|-damage|p2a: Giratina|25\/100|[from] Stealth Rock\n|turn|25\n|\n|t:|1697464372\n|move|p2a: Giratina|Shadow Sneak|p1a: Koraidon\n|-damage|p1a: Koraidon|0 fnt\n|faint|p1a: Koraidon\n|\n|-weather|SunnyDay|[upkeep]\n|upkeep\n|\n|t:|1697464381\n|switch|p1a: Miraidon|Miraidon|76\/100 brn\n|-damage|p1a: Miraidon|64\/100 brn|[from] Stealth Rock\n|-fieldstart|move: Electric Terrain|[from] ability: Hadron Engine|[of] p1a: Miraidon\n|turn|26\n|\n|t:|1697464389\n|move|p2a: Giratina|Shadow Sneak|p1a: Miraidon\n|-damage|p1a: Miraidon|41\/100 brn\n|move|p1a: Miraidon|Dazzling Gleam|p2a: Giratina\n|-supereffective|p2a: Giratina\n|-damage|p2a: Giratina|0 fnt\n|faint|p2a: Giratina\n|\n|-weather|SunnyDay|[upkeep]\n|-damage|p1a: Miraidon|35\/100 brn|[from] brn\n|upkeep\n|\n|t:|1697464395\n|switch|p2a: Zacian|Zacian-Crowned, shiny|94\/100\n|-damage|p2a: Zacian|88\/100|[from] Stealth Rock\n|turn|27\n|\n|t:|1697464401\n|move|p2a: Zacian|Play Rough|p1a: Miraidon\n|-supereffective|p1a: Miraidon\n|-damage|p1a: Miraidon|0 fnt\n|faint|p1a: Miraidon\n|\n|-weather|SunnyDay|[upkeep]\n|upkeep\n|\n|t:|1697464407\n|switch|p1a: Zacian|Zacian-Crowned|100\/100\n|-damage|p1a: Zacian|94\/100|[from] Stealth Rock\n|turn|28\n|\n|t:|1697464415\n|move|p1a: Zacian|Swords Dance|p1a: Zacian\n|-boost|p1a: Zacian|atk|2\n|move|p2a: Zacian|Behemoth Blade|p1a: Zacian\n|-damage|p1a: Zacian|38\/100\n|\n|-weather|none\n|upkeep\n|turn|29\n|\n|t:|1697464421\n|move|p1a: Zacian|Behemoth Blade|p2a: Zacian\n|-crit|p2a: Zacian\n|-damage|p2a: Zacian|0 fnt\n|faint|p2a: Zacian\n|\n|win|mathman0624\n|raw|mathman0624's rating: 1379 &rarr; <strong>1397<\/strong><br \/>(+18 for winning)\n|raw|Cameruptisgroovin's rating: 1339 &rarr; <strong>1321<\/strong><br \/>(-18 for losing)\n|l|\u2606Cameruptisgroovin\n","uploadtime":1697464438,"views":10,"p1id":"mathman0624","p2id":"cameruptisgroovin","formatid":"gen9ubers","rating":1321,"private":0,"password":""}