{"id":"gen9ubers-1985533046","p1":"ult4cp staller","p2":"ringlord","format":"[Gen 9] Ubers","log":"|j|\u2606ult4cp staller\n|j|\u2606ringlord\n|t:|1699382432\n|gametype|singles\n|player|p1|ult4cp staller|red|\n|player|p2|ringlord|170|\n|teamsize|p1|6\n|teamsize|p2|6\n|gen|9\n|tier|[Gen 9] Ubers\n|rated|Tournament battle\n|rule|Sleep Clause Mod: Limit one foe put to sleep\n|rule|Species Clause: Limit one of each Pok\u00e9mon\n|rule|OHKO Clause: OHKO moves are banned\n|rule|Evasion Items Clause: Evasion items are banned\n|rule|Evasion Moves Clause: Evasion moves are banned\n|rule|Endless Battle Clause: Forcing endless battles is banned\n|rule|HP Percentage Mod: HP is shown in percentages\n|clearpoke\n|poke|p1|Kyogre|\n|poke|p1|Arceus|\n|poke|p1|Gliscor, F|\n|poke|p1|Skeledirge, F|\n|poke|p1|Clodsire, M|\n|poke|p1|Blissey, F|\n|poke|p2|Arceus-Ground|\n|poke|p2|Regieleki|\n|poke|p2|Ditto|\n|poke|p2|Eternatus|\n|poke|p2|Koraidon|\n|poke|p2|Miraidon|\n|teampreview\n|j|+corvere\u2665\n|c|\u2606ult4cp staller|Glgl\n|inactive|Battle timer is ON: inactive players will automatically lose when time's up. (requested by ringlord)\n|c|\u2606ringlord|gl hf\n|j| JamboreeJourney\n|\n|t:|1699382454\n|start\n|switch|p1a: Gliscor|Gliscor, F|100\/100\n|switch|p2a: Eternatus|Eternatus|100\/100\n|-ability|p2a: Eternatus|Pressure\n|turn|1\n|\n|t:|1699382463\n|move|p2a: Eternatus|Dynamax Cannon|p1a: Gliscor\n|-damage|p1a: Gliscor|17\/100\n|-damage|p2a: Eternatus|91\/100|[from] item: Life Orb\n|move|p1a: Gliscor|Spikes|p2a: Eternatus\n|-sidestart|p2: ringlord|Spikes\n|\n|-status|p1a: Gliscor|tox|[from] item: Toxic Orb\n|upkeep\n|turn|2\n|c|\u2606ult4cp staller|Dmg\n|inactive|ringlord has 120 seconds left.\n|\n|t:|1699382502\n|move|p1a: Gliscor|Protect|p1a: Gliscor\n|-singleturn|p1a: Gliscor|Protect\n|move|p2a: Eternatus|Dynamax Cannon|p1a: Gliscor\n|-activate|p1a: Gliscor|move: Protect\n|\n|-heal|p1a: Gliscor|29\/100 tox|[from] ability: Poison Heal\n|upkeep\n|turn|3\n|\n|t:|1699382508\n|switch|p2a: Koraidon|Koraidon|100\/100\n|-damage|p2a: Koraidon|88\/100|[from] Spikes\n|-weather|SunnyDay|[from] ability: Orichalcum Pulse|[of] p2a: Koraidon\n|-activate|p2a: Koraidon|Orichalcum Pulse|[source]\n|switch|p1a: Blissey|Blissey, F|100\/100\n|\n|-weather|SunnyDay|[upkeep]\n|upkeep\n|turn|4\n|inactive|ringlord has 120 seconds left.\n|\n|t:|1699382525\n|switch|p1a: Skeledirge|Skeledirge, F|100\/100\n|move|p2a: Koraidon|Collision Course|p1a: Skeledirge\n|-immune|p1a: Skeledirge\n|\n|-weather|SunnyDay|[upkeep]\n|upkeep\n|turn|5\n|\n|t:|1699382536\n|switch|p2a: Eternatus|Eternatus|91\/100\n|-damage|p2a: Eternatus|78\/100|[from] Spikes\n|-ability|p2a: Eternatus|Pressure\n|move|p1a: Skeledirge|Will-O-Wisp|p2a: Eternatus\n|-status|p2a: Eternatus|brn\n|\n|-weather|SunnyDay|[upkeep]\n|-damage|p2a: Eternatus|72\/100 brn|[from] brn\n|upkeep\n|turn|6\n|inactive|ringlord has 120 seconds left.\n|inactive|ringlord has 90 seconds left.\n|\n|t:|1699382593\n|switch|p1a: Blissey|Blissey, F|100\/100\n|move|p2a: Eternatus|Dynamax Cannon|p1a: Blissey\n|-damage|p1a: Blissey|79\/100\n|-damage|p2a: Eternatus|62\/100 brn|[from] item: Life Orb\n|\n|-weather|SunnyDay|[upkeep]\n|-damage|p2a: Eternatus|56\/100 brn|[from] brn\n|upkeep\n|turn|7\n|\n|t:|1699382604\n|move|p2a: Eternatus|Recover|p2a: Eternatus\n|-heal|p2a: Eternatus|100\/100 brn\n|move|p1a: Blissey|Seismic Toss|p2a: Eternatus\n|-damage|p2a: Eternatus|77\/100 brn\n|\n|-weather|none\n|-damage|p2a: Eternatus|71\/100 brn|[from] brn\n|upkeep\n|turn|8\n|\n|t:|1699382613\n|move|p2a: Eternatus|Dynamax Cannon|p1a: Blissey\n|-damage|p1a: Blissey|56\/100\n|-damage|p2a: Eternatus|61\/100 brn|[from] item: Life Orb\n|move|p1a: Blissey|Seismic Toss|p2a: Eternatus\n|-damage|p2a: Eternatus|37\/100 brn\n|\n|-damage|p2a: Eternatus|31\/100 brn|[from] brn\n|upkeep\n|turn|9\n|inactive|ringlord has 90 seconds left.\n|\n|t:|1699382646\n|move|p2a: Eternatus|Recover|p2a: Eternatus\n|-heal|p2a: Eternatus|81\/100 brn\n|move|p1a: Blissey|Soft-Boiled|p1a: Blissey\n|-heal|p1a: Blissey|100\/100\n|\n|-damage|p2a: Eternatus|75\/100 brn|[from] brn\n|upkeep\n|turn|10\n|\n|t:|1699382663\n|move|p2a: Eternatus|Dynamax Cannon|p1a: Blissey\n|-damage|p1a: Blissey|77\/100\n|-damage|p2a: Eternatus|65\/100 brn|[from] item: Life Orb\n|move|p1a: Blissey|Seismic Toss|p2a: Eternatus\n|-damage|p2a: Eternatus|41\/100 brn\n|\n|-damage|p2a: Eternatus|35\/100 brn|[from] brn\n|upkeep\n|turn|11\n|inactive|ringlord has 90 seconds left.\n|\n|t:|1699382681\n|switch|p1a: Arceus|Arceus|100\/100\n|move|p2a: Eternatus|Recover|p2a: Eternatus\n|-heal|p2a: Eternatus|85\/100 brn\n|\n|-damage|p2a: Eternatus|79\/100 brn|[from] brn\n|upkeep\n|turn|12\n|\n|t:|1699382697\n|move|p2a: Eternatus|Dynamax Cannon|p1a: Arceus\n|-damage|p1a: Arceus|49\/100\n|-damage|p2a: Eternatus|69\/100 brn|[from] item: Life Orb\n|move|p1a: Arceus|Swords Dance|p1a: Arceus\n|-boost|p1a: Arceus|atk|2\n|\n|-damage|p2a: Eternatus|63\/100 brn|[from] brn\n|upkeep\n|turn|13\n|\n|t:|1699382704\n|move|p1a: Arceus|Extreme Speed|p2a: Eternatus\n|-damage|p2a: Eternatus|0 fnt\n|faint|p2a: Eternatus\n|\n|upkeep\n|\n|t:|1699382712\n|switch|p2a: Ditto|Ditto|100\/100\n|-damage|p2a: Ditto|88\/100|[from] Spikes\n|-transform|p2a: Ditto|p1a: Arceus|[from] ability: Imposter\n|turn|14\n|\n|t:|1699382724\n|switch|p1a: Skeledirge|Skeledirge, F|100\/100\n|move|p2a: Ditto|Extreme Speed|p1a: Skeledirge\n|-immune|p1a: Skeledirge\n|\n|upkeep\n|turn|15\n|\n|t:|1699382742\n|switch|p2a: Arceus|Arceus-Ground|100\/100\n|-damage|p2a: Arceus|88\/100|[from] Spikes\n|move|p1a: Skeledirge|Will-O-Wisp|p2a: Arceus|[miss]\n|-miss|p1a: Skeledirge|p2a: Arceus\n|\n|upkeep\n|turn|16\n|\n|t:|1699382765\n|switch|p1a: Kyogre|Kyogre|100\/100\n|-weather|RainDance|[from] ability: Drizzle|[of] p1a: Kyogre\n|move|p2a: Arceus|Calm Mind|p2a: Arceus\n|-boost|p2a: Arceus|spa|1\n|-boost|p2a: Arceus|spd|1\n|\n|-weather|RainDance|[upkeep]\n|upkeep\n|turn|17\n|l|\u2606ult4cp staller\n|inactive|ult4cp staller disconnected and has a minute to reconnect!\n|player|p1|\n|j|\u2606ult4cp staller\n|inactive|ult4cp staller reconnected and has 130 seconds left.\n|player|p1|ult4cp staller|red\n|inactive|ult4cp staller has 120 seconds left.\n|\n|t:|1699382812\n|-terastallize|p2a: Arceus|Fairy\n|move|p2a: Arceus|Judgment|p1a: Kyogre\n|-damage|p1a: Kyogre|54\/100\n|move|p1a: Kyogre|Calm Mind|p1a: Kyogre\n|-boost|p1a: Kyogre|spa|1\n|-boost|p1a: Kyogre|spd|1\n|\n|-weather|RainDance|[upkeep]\n|upkeep\n|turn|18\n|inactive|ringlord has 90 seconds left.\n|\n|t:|1699382838\n|move|p2a: Arceus|Judgment|p1a: Kyogre\n|-damage|p1a: Kyogre|24\/100\n|move|p1a: Kyogre|Surf|p2a: Arceus\n|-damage|p2a: Arceus|46\/100\n|\n|-weather|RainDance|[upkeep]\n|upkeep\n|turn|19\n|inactive|ringlord has 90 seconds left.\n|\n|t:|1699382856\n|move|p2a: Arceus|Recover|p2a: Arceus\n|-heal|p2a: Arceus|96\/100\n|move|p1a: Kyogre|Calm Mind|p1a: Kyogre\n|-boost|p1a: Kyogre|spa|1\n|-boost|p1a: Kyogre|spd|1\n|\n|-weather|RainDance|[upkeep]\n|upkeep\n|turn|20\n|inactive|ringlord has 90 seconds left.\n|\n|t:|1699382869\n|move|p2a: Arceus|Judgment|p1a: Kyogre\n|-damage|p1a: Kyogre|0 fnt\n|faint|p1a: Kyogre\n|\n|-weather|none\n|upkeep\n|c|\u2606ult4cp staller|O\n|\n|t:|1699382892\n|switch|p1a: Clodsire|Clodsire, M|100\/100\n|turn|21\n|inactive|ringlord has 90 seconds left.\n|\n|t:|1699382920\n|move|p2a: Arceus|Ice Beam|p1a: Clodsire\n|-supereffective|p1a: Clodsire\n|-damage|p1a: Clodsire|62\/100\n|-status|p1a: Clodsire|frz\n|cant|p1a: Clodsire|frz\n|\n|upkeep\n|turn|22\n|\n|t:|1699382926\n|switch|p1a: Blissey|Blissey, F|77\/100\n|move|p2a: Arceus|Ice Beam|p1a: Blissey\n|-damage|p1a: Blissey|65\/100\n|\n|upkeep\n|turn|23\n|\n|t:|1699382931\n|move|p2a: Arceus|Judgment|p1a: Blissey\n|-damage|p1a: Blissey|43\/100\n|move|p1a: Blissey|Calm Mind|p1a: Blissey\n|-boost|p1a: Blissey|spa|1\n|-boost|p1a: Blissey|spd|1\n|\n|upkeep\n|turn|24\n|\n|t:|1699382939\n|move|p2a: Arceus|Calm Mind|p2a: Arceus\n|-boost|p2a: Arceus|spa|1\n|-boost|p2a: Arceus|spd|1\n|move|p1a: Blissey|Soft-Boiled|p1a: Blissey\n|-heal|p1a: Blissey|93\/100\n|\n|upkeep\n|turn|25\n|j| wholesomeisland\n|\n|t:|1699382948\n|move|p2a: Arceus|Calm Mind|p2a: Arceus\n|-boost|p2a: Arceus|spa|1\n|-boost|p2a: Arceus|spd|1\n|move|p1a: Blissey|Calm Mind|p1a: Blissey\n|-boost|p1a: Blissey|spa|1\n|-boost|p1a: Blissey|spd|1\n|\n|upkeep\n|turn|26\n|inactive|ringlord has 120 seconds left.\n|\n|t:|1699382962\n|move|p2a: Arceus|Judgment|p1a: Blissey\n|-damage|p1a: Blissey|76\/100\n|move|p1a: Blissey|Calm Mind|p1a: Blissey\n|-boost|p1a: Blissey|spa|1\n|-boost|p1a: Blissey|spd|1\n|\n|upkeep\n|turn|27\n|\n|t:|1699382970\n|move|p2a: Arceus|Calm Mind|p2a: Arceus\n|-boost|p2a: Arceus|spa|1\n|-boost|p2a: Arceus|spd|1\n|move|p1a: Blissey|Seismic Toss|p2a: Arceus\n|-damage|p2a: Arceus|73\/100\n|\n|upkeep\n|turn|28\n|\n|t:|1699382973\n|move|p2a: Arceus|Judgment|p1a: Blissey\n|-damage|p1a: Blissey|58\/100\n|move|p1a: Blissey|Calm Mind|p1a: Blissey\n|-boost|p1a: Blissey|spa|1\n|-boost|p1a: Blissey|spd|1\n|\n|upkeep\n|turn|29\n|\n|t:|1699382978\n|move|p2a: Arceus|Judgment|p1a: Blissey\n|-damage|p1a: Blissey|45\/100\n|move|p1a: Blissey|Seismic Toss|p2a: Arceus\n|-damage|p2a: Arceus|50\/100\n|\n|upkeep\n|turn|30\n|\n|t:|1699382990\n|move|p2a: Arceus|Judgment|p1a: Blissey\n|-damage|p1a: Blissey|31\/100\n|move|p1a: Blissey|Soft-Boiled|p1a: Blissey\n|-heal|p1a: Blissey|81\/100\n|\n|upkeep\n|turn|31\n|\n|t:|1699382994\n|move|p2a: Arceus|Judgment|p1a: Blissey\n|-damage|p1a: Blissey|67\/100\n|move|p1a: Blissey|Seismic Toss|p2a: Arceus\n|-damage|p2a: Arceus|28\/100\n|\n|upkeep\n|turn|32\n|\n|t:|1699383001\n|move|p2a: Arceus|Recover|p2a: Arceus\n|-heal|p2a: Arceus|78\/100\n|move|p1a: Blissey|Heal Bell|p1a: Blissey\n|-activate|p1a: Blissey|move: Heal Bell\n|-curestatus|p1: Clodsire|frz|[msg]\n|-curestatus|p1: Gliscor|tox|[msg]\n|\n|upkeep\n|turn|33\n|\n|t:|1699383018\n|move|p2a: Arceus|Ice Beam|p1a: Blissey\n|-damage|p1a: Blissey|59\/100\n|move|p1a: Blissey|Calm Mind|p1a: Blissey\n|-boost|p1a: Blissey|spa|1\n|-boost|p1a: Blissey|spd|1\n|\n|upkeep\n|turn|34\n|\n|t:|1699383023\n|move|p2a: Arceus|Calm Mind|p2a: Arceus\n|-boost|p2a: Arceus|spa|1\n|-boost|p2a: Arceus|spd|1\n|move|p1a: Blissey|Calm Mind|p1a: Blissey\n|-boost|p1a: Blissey|spa|1\n|-boost|p1a: Blissey|spd|1\n|\n|upkeep\n|turn|35\n|\n|t:|1699383035\n|move|p2a: Arceus|Calm Mind|p2a: Arceus\n|-boost|p2a: Arceus|spa|1\n|-boost|p2a: Arceus|spd|1\n|move|p1a: Blissey|Seismic Toss|p2a: Arceus\n|-damage|p2a: Arceus|55\/100\n|\n|upkeep\n|turn|36\n|\n|t:|1699383038\n|move|p2a: Arceus|Ice Beam|p1a: Blissey\n|-damage|p1a: Blissey|51\/100\n|move|p1a: Blissey|Seismic Toss|p2a: Arceus\n|-damage|p2a: Arceus|33\/100\n|\n|upkeep\n|turn|37\n|\n|t:|1699383050\n|move|p2a: Arceus|Ice Beam|p1a: Blissey\n|-crit|p1a: Blissey\n|-damage|p1a: Blissey|5\/100\n|move|p1a: Blissey|Heal Bell||[still]\n|-activate|p1a: Blissey|move: Heal Bell\n|-fail|p1a: Blissey\n|\n|upkeep\n|turn|38\n|\n|t:|1699383065\n|move|p2a: Arceus|Ice Beam|p1a: Blissey\n|-damage|p1a: Blissey|0 fnt\n|faint|p1a: Blissey\n|\n|upkeep\n|\n|t:|1699383072\n|switch|p1a: Arceus|Arceus|49\/100\n|turn|39\n|l| wholesomeisland\n|c|\u2606ult4cp staller|Dont let me down\n|\n|t:|1699383086\n|move|p1a: Arceus|Extreme Speed|p2a: Arceus\n|-damage|p2a: Arceus|12\/100\n|move|p2a: Arceus|Judgment|p1a: Arceus\n|-damage|p1a: Arceus|0 fnt\n|faint|p1a: Arceus\n|\n|upkeep\n|\n|t:|1699383093\n|switch|p1a: Skeledirge|Skeledirge, F|100\/100\n|turn|40\n|\n|t:|1699383100\n|-terastallize|p1a: Skeledirge|Fairy\n|move|p2a: Arceus|Recover|p2a: Arceus\n|-heal|p2a: Arceus|62\/100\n|move|p1a: Skeledirge|Torch Song|p2a: Arceus\n|-damage|p2a: Arceus|43\/100\n|-boost|p1a: Skeledirge|spa|1\n|\n|upkeep\n|turn|41\n|c|\u2606ringlord|I made my god bulky physical\n|\n|t:|1699383108\n|move|p2a: Arceus|Judgment|p1a: Skeledirge\n|-damage|p1a: Skeledirge|47\/100\n|move|p1a: Skeledirge|Torch Song|p2a: Arceus\n|-damage|p2a: Arceus|11\/100\n|-boost|p1a: Skeledirge|spa|1\n|\n|upkeep\n|turn|42\n|c|\u2606ult4cp staller|Gg\n|l|+corvere\u2665\n|-message|ult4cp staller forfeited.\n|\n|win|ringlord\n|n|\u2606ringlord|ringlord\n|n| JamboreeJourney|jamboreejourney\n|n|\u2606ult4cp staller|ult4cpstaller\n","uploadtime":1699383119,"views":8,"p1id":"ult4cpstaller","p2id":"ringlord","formatid":"gen9ubers","rating":0,"private":0,"password":""}