{"id":"gen9ubers-1973829450","p1":"MancoDelas","p2":"Anne Frankkkk","format":"[Gen 9] Ubers","log":"|j|\u2606MancoDelas\n|j|\u2606Anne Frankkkk\n|t:|1698018083\n|gametype|singles\n|player|p1|MancoDelas|volkner|1155\n|player|p2|Anne Frankkkk|hilbert|1217\n|teamsize|p1|6\n|teamsize|p2|6\n|gen|9\n|tier|[Gen 9] Ubers\n|rated|\n|rule|Sleep Clause Mod: Limit one foe put to sleep\n|rule|Species Clause: Limit one of each Pok\u00e9mon\n|rule|OHKO Clause: OHKO moves are banned\n|rule|Evasion Items Clause: Evasion items are banned\n|rule|Evasion Moves Clause: Evasion moves are banned\n|rule|Endless Battle Clause: Forcing endless battles is banned\n|rule|HP Percentage Mod: HP is shown in percentages\n|clearpoke\n|poke|p1|Giratina|\n|poke|p1|Chien-Pao|\n|poke|p1|Koraidon|\n|poke|p1|Landorus, M|\n|poke|p1|Regieleki|\n|poke|p1|Kyogre|\n|poke|p2|Iron Hands|\n|poke|p2|Kyogre|\n|poke|p2|Chien-Pao|\n|poke|p2|Ribombee, F|\n|poke|p2|Miraidon|\n|poke|p2|Flutter Mane|\n|teampreview\n|inactive|Battle timer is ON: inactive players will automatically lose when time's up. (requested by MancoDelas)\n|\n|t:|1698018099\n|start\n|switch|p1a: Kyogre|Kyogre|100\/100\n|switch|p2a: Ribombee|Ribombee, F, shiny|100\/100\n|-weather|RainDance|[from] ability: Drizzle|[of] p1a: Kyogre\n|turn|1\n|\n|t:|1698018102\n|move|p1a: Kyogre|Water Spout|p2a: Ribombee\n|-enditem|p2a: Ribombee|Focus Sash\n|-damage|p2a: Ribombee|1\/100\n|move|p2a: Ribombee|Sticky Web|p1a: Kyogre\n|-sidestart|p1: MancoDelas|move: Sticky Web\n|\n|-weather|RainDance|[upkeep]\n|upkeep\n|turn|2\n|\n|t:|1698018108\n|move|p1a: Kyogre|Water Spout|p2a: Ribombee\n|-damage|p2a: Ribombee|0 fnt\n|faint|p2a: Ribombee\n|\n|-weather|RainDance|[upkeep]\n|upkeep\n|\n|t:|1698018112\n|switch|p2a: Iron Hands|Iron Hands, shiny|100\/100\n|turn|3\n|\n|t:|1698018114\n|move|p2a: Iron Hands|Fake Out|p1a: Kyogre\n|-damage|p1a: Kyogre|83\/100\n|cant|p1a: Kyogre|flinch\n|\n|-weather|RainDance|[upkeep]\n|upkeep\n|turn|4\n|\n|t:|1698018118\n|move|p1a: Kyogre|Water Spout|p2a: Iron Hands\n|-damage|p2a: Iron Hands|30\/100\n|move|p2a: Iron Hands|Wild Charge|p1a: Kyogre\n|-supereffective|p1a: Kyogre\n|-crit|p1a: Kyogre\n|-damage|p1a: Kyogre|0 fnt\n|faint|p1a: Kyogre\n|-damage|p2a: Iron Hands|16\/100|[from] Recoil\n|\n|-weather|RainDance|[upkeep]\n|upkeep\n|\n|t:|1698018123\n|switch|p1a: Landorus|Landorus, M|100\/100\n|turn|5\n|\n|t:|1698018132\n|move|p1a: Landorus|Earth Power|p2a: Iron Hands\n|-supereffective|p2a: Iron Hands\n|-damage|p2a: Iron Hands|0 fnt\n|faint|p2a: Iron Hands\n|-end|p2a: Iron Hands|Quark Drive|[silent]\n|\n|-weather|none\n|upkeep\n|\n|t:|1698018134\n|switch|p2a: Chien-Pao|Chien-Pao|100\/100\n|-ability|p2a: Chien-Pao|Sword of Ruin\n|turn|6\n|\n|t:|1698018141\n|move|p2a: Chien-Pao|Swords Dance|p2a: Chien-Pao\n|-boost|p2a: Chien-Pao|atk|2\n|move|p1a: Landorus|Focus Blast|p2a: Chien-Pao|[miss]\n|-miss|p1a: Landorus|p2a: Chien-Pao\n|\n|upkeep\n|turn|7\n|\n|t:|1698018146\n|move|p2a: Chien-Pao|Icicle Crash|p1a: Landorus|[miss]\n|-miss|p2a: Chien-Pao|p1a: Landorus\n|move|p1a: Landorus|Focus Blast|p2a: Chien-Pao\n|-supereffective|p2a: Chien-Pao\n|-damage|p2a: Chien-Pao|0 fnt\n|faint|p2a: Chien-Pao\n|\n|upkeep\n|\n|t:|1698018157\n|switch|p2a: Flutter Mane|Flutter Mane, shiny|100\/100\n|-enditem|p2a: Flutter Mane|Booster Energy\n|-activate|p2a: Flutter Mane|ability: Protosynthesis|[fromitem]\n|-start|p2a: Flutter Mane|protosynthesisspe\n|turn|8\n|\n|t:|1698018161\n|move|p2a: Flutter Mane|Calm Mind|p2a: Flutter Mane\n|-boost|p2a: Flutter Mane|spa|1\n|-boost|p2a: Flutter Mane|spd|1\n|move|p1a: Landorus|Sludge Bomb|p2a: Flutter Mane\n|-damage|p2a: Flutter Mane|65\/100\n|\n|upkeep\n|turn|9\n|\n|t:|1698018168\n|move|p2a: Flutter Mane|Moonblast|p1a: Landorus\n|-damage|p1a: Landorus|8\/100\n|move|p1a: Landorus|Sludge Bomb|p2a: Flutter Mane\n|-damage|p2a: Flutter Mane|29\/100\n|\n|upkeep\n|turn|10\n|\n|t:|1698018171\n|move|p2a: Flutter Mane|Moonblast|p1a: Landorus\n|-damage|p1a: Landorus|0 fnt\n|faint|p1a: Landorus\n|\n|upkeep\n|\n|t:|1698018175\n|switch|p1a: Koraidon|Koraidon|100\/100\n|-activate|p1a: Koraidon|move: Sticky Web\n|-unboost|p1a: Koraidon|spe|1\n|-weather|SunnyDay|[from] ability: Orichalcum Pulse|[of] p1a: Koraidon\n|-activate|p1a: Koraidon|Orichalcum Pulse|[source]\n|turn|11\n|\n|t:|1698018187\n|-terastallize|p1a: Koraidon|Fairy\n|move|p2a: Flutter Mane|Moonblast|p1a: Koraidon\n|-damage|p1a: Koraidon|31\/100\n|-unboost|p1a: Koraidon|spa|1\n|move|p1a: Koraidon|Flare Blitz|p2a: Flutter Mane\n|-damage|p2a: Flutter Mane|0 fnt\n|faint|p2a: Flutter Mane\n|-end|p2a: Flutter Mane|Protosynthesis|[silent]\n|-damage|p1a: Koraidon|24\/100|[from] Recoil\n|\n|-weather|SunnyDay|[upkeep]\n|upkeep\n|\n|t:|1698018201\n|switch|p2a: Miraidon|Miraidon|100\/100\n|-fieldstart|move: Electric Terrain|[from] ability: Hadron Engine|[of] p2a: Miraidon\n|-item|p2a: Miraidon|Air Balloon\n|turn|12\n|\n|t:|1698018209\n|-terastallize|p2a: Miraidon|Fairy\n|move|p1a: Koraidon|Flare Blitz|p2a: Miraidon\n|-damage|p2a: Miraidon|5\/100\n|-enditem|p2a: Miraidon|Air Balloon\n|-damage|p1a: Koraidon|0 fnt|[from] Recoil\n|faint|p1a: Koraidon\n|move|p2a: Miraidon|Calm Mind|p2a: Miraidon\n|-boost|p2a: Miraidon|spa|1\n|-boost|p2a: Miraidon|spd|1\n|\n|-weather|SunnyDay|[upkeep]\n|upkeep\n|\n|t:|1698018215\n|switch|p1a: Giratina|Giratina|100\/100\n|-activate|p1a: Giratina|move: Sticky Web\n|-unboost|p1a: Giratina|spe|1\n|-ability|p1a: Giratina|Pressure\n|turn|13\n|\n|t:|1698018217\n|move|p2a: Miraidon|Dragon Pulse|p1a: Giratina\n|-supereffective|p1a: Giratina\n|-damage|p1a: Giratina|0 fnt\n|faint|p1a: Giratina\n|\n|-weather|SunnyDay|[upkeep]\n|upkeep\n|-message|MancoDelas forfeited.\n|\n|win|Anne Frankkkk\n|raw|MancoDelas's rating: 1155 &rarr; <strong>1134<\/strong><br \/>(-21 for losing)\n|raw|Anne Frankkkk's rating: 1217 &rarr; <strong>1238<\/strong><br \/>(+21 for winning)\n|l|\u2606MancoDelas\n","uploadtime":1698018227,"views":9,"p1id":"mancodelas","p2id":"annefrankkkk","formatid":"gen9ubers","rating":1134,"private":0,"password":""}