{"id":"gen9ubers-1976442468","p1":"BiotechGodzilla","p2":"SadaShidz\ufe0f","format":"[Gen 9] Ubers","log":"|j|\u2606BiotechGodzilla\n|j|\u2606SadaShidz\ufe0f\n|t:|1698304123\n|gametype|singles\n|player|p1|BiotechGodzilla|li|1317\n|player|p2|SadaShidz\ufe0f|sada-ai|1228\n|teamsize|p1|6\n|teamsize|p2|6\n|gen|9\n|tier|[Gen 9] Ubers\n|rated|\n|rule|Sleep Clause Mod: Limit one foe put to sleep\n|rule|Species Clause: Limit one of each Pok\u00e9mon\n|rule|OHKO Clause: OHKO moves are banned\n|rule|Evasion Items Clause: Evasion items are banned\n|rule|Evasion Moves Clause: Evasion moves are banned\n|rule|Endless Battle Clause: Forcing endless battles is banned\n|rule|HP Percentage Mod: HP is shown in percentages\n|clearpoke\n|poke|p1|Arceus|\n|poke|p1|Koraidon|\n|poke|p1|Zacian-*|\n|poke|p1|Miraidon|\n|poke|p1|Landorus-Therian, M|\n|poke|p1|Walking Wake|\n|poke|p2|Ribombee, F|\n|poke|p2|Arceus-Ghost|\n|poke|p2|Ogerpon-Hearthflame, F|\n|poke|p2|Sinistcha-Masterpiece|\n|poke|p2|Ursaluna-Bloodmoon, M|\n|poke|p2|Flutter Mane|\n|teampreview\n|inactive|Battle timer is ON: inactive players will automatically lose when time's up. (requested by SadaShidz\ufe0f)\n|\n|t:|1698304169\n|start\n|switch|p1a: Chief|Koraidon|100\/100\n|switch|p2a: Mighty Bee|Ribombee, F, shiny|100\/100\n|-weather|SunnyDay|[from] ability: Orichalcum Pulse|[of] p1a: Chief\n|-activate|p1a: Chief|Orichalcum Pulse|[source]\n|turn|1\n|\n|t:|1698304180\n|move|p1a: Chief|Flare Blitz|p2a: Mighty Bee\n|-supereffective|p2a: Mighty Bee\n|-enditem|p2a: Mighty Bee|Focus Sash\n|-damage|p2a: Mighty Bee|1\/100\n|-damage|p1a: Chief|69\/100|[from] Recoil\n|move|p2a: Mighty Bee|Stun Spore|p1a: Chief\n|-status|p1a: Chief|par\n|\n|-weather|SunnyDay|[upkeep]\n|upkeep\n|turn|2\n|\n|t:|1698304191\n|move|p2a: Mighty Bee|Sticky Web|p1a: Chief\n|-sidestart|p1: BiotechGodzilla|move: Sticky Web\n|move|p1a: Chief|Flare Blitz|p2a: Mighty Bee\n|-supereffective|p2a: Mighty Bee\n|-crit|p2a: Mighty Bee\n|-damage|p2a: Mighty Bee|0 fnt\n|faint|p2a: Mighty Bee\n|-damage|p1a: Chief|69\/100 par|[from] Recoil\n|\n|-weather|SunnyDay|[upkeep]\n|upkeep\n|\n|t:|1698304206\n|switch|p2a: Ice Spice|Flutter Mane|100\/100\n|-activate|p2a: Ice Spice|ability: Protosynthesis\n|-start|p2a: Ice Spice|protosynthesisspe\n|turn|3\n|\n|t:|1698304219\n|switch|p1a: Calrissian|Landorus-Therian, M|100\/100\n|-ability|p1a: Calrissian|Intimidate|boost\n|-unboost|p2a: Ice Spice|atk|1\n|move|p2a: Ice Spice|Moonblast|p1a: Calrissian\n|-damage|p1a: Calrissian|46\/100\n|-unboost|p1a: Calrissian|spa|1\n|\n|-weather|SunnyDay|[upkeep]\n|upkeep\n|turn|4\n|\n|t:|1698304230\n|move|p2a: Ice Spice|Moonblast|p1a: Calrissian\n|-damage|p1a: Calrissian|0 fnt\n|faint|p1a: Calrissian\n|\n|-weather|SunnyDay|[upkeep]\n|upkeep\n|\n|t:|1698304239\n|switch|p1a: Zorro|Zacian-Crowned, shiny|100\/100\n|-activate|p1a: Zorro|move: Sticky Web\n|-unboost|p1a: Zorro|spe|1\n|-ability|p1a: Zorro|Intrepid Sword|boost\n|-boost|p1a: Zorro|atk|1\n|turn|5\n|\n|t:|1698304246\n|-terastallize|p1a: Zorro|Fire\n|move|p2a: Ice Spice|Thunder Wave|p1a: Zorro|[miss]\n|-miss|p2a: Ice Spice|p1a: Zorro\n|move|p1a: Zorro|Behemoth Blade|p2a: Ice Spice\n|-supereffective|p2a: Ice Spice\n|-enditem|p2a: Ice Spice|Focus Sash\n|-damage|p2a: Ice Spice|1\/100\n|\n|-weather|none\n|-end|p2a: Ice Spice|Protosynthesis\n|upkeep\n|turn|6\n|\n|t:|1698304258\n|move|p2a: Ice Spice|Thunder Wave|p1a: Zorro\n|-status|p1a: Zorro|par\n|cant|p1a: Zorro|par\n|\n|upkeep\n|turn|7\n|\n|t:|1698304266\n|-end|p2a: Ice Spice|Protosynthesis|[silent]\n|switch|p2a: Sippin Green|Sinistcha-Masterpiece, shiny|100\/100\n|move|p1a: Zorro|Behemoth Blade|p2a: Sippin Green\n|-damage|p2a: Sippin Green|27\/100\n|\n|-heal|p2a: Sippin Green|33\/100|[from] item: Leftovers\n|upkeep\n|turn|8\n|\n|t:|1698304275\n|move|p2a: Sippin Green|Strength Sap|p1a: Zorro\n|-unboost|p1a: Zorro|atk|1\n|-heal|p2a: Sippin Green|100\/100\n|move|p1a: Zorro|Behemoth Blade|p2a: Sippin Green\n|-damage|p2a: Sippin Green|47\/100\n|\n|-heal|p2a: Sippin Green|53\/100|[from] item: Leftovers\n|upkeep\n|turn|9\n|\n|t:|1698304293\n|switch|p1a: Bon Scott|Miraidon|100\/100\n|-activate|p1a: Bon Scott|move: Sticky Web\n|-unboost|p1a: Bon Scott|spe|1\n|-fieldstart|move: Electric Terrain|[from] ability: Hadron Engine|[of] p1a: Bon Scott\n|move|p2a: Sippin Green|Strength Sap|p1a: Bon Scott\n|-unboost|p1a: Bon Scott|atk|1\n|-heal|p2a: Sippin Green|100\/100\n|\n|upkeep\n|turn|10\n|\n|t:|1698304305\n|move|p1a: Bon Scott|Overheat|p2a: Sippin Green|[miss]\n|-miss|p1a: Bon Scott|p2a: Sippin Green\n|move|p2a: Sippin Green|Calm Mind|p2a: Sippin Green\n|-boost|p2a: Sippin Green|spa|1\n|-boost|p2a: Sippin Green|spd|1\n|\n|upkeep\n|turn|11\n|\n|t:|1698304314\n|move|p1a: Bon Scott|Overheat|p2a: Sippin Green\n|-supereffective|p2a: Sippin Green\n|-damage|p2a: Sippin Green|47\/100\n|-unboost|p1a: Bon Scott|spa|2\n|move|p2a: Sippin Green|Calm Mind|p2a: Sippin Green\n|-boost|p2a: Sippin Green|spa|1\n|-boost|p2a: Sippin Green|spd|1\n|\n|-heal|p2a: Sippin Green|53\/100|[from] item: Leftovers\n|upkeep\n|turn|12\n|\n|t:|1698304326\n|switch|p1a: Godjesus|Arceus|100\/100\n|-activate|p1a: Godjesus|move: Sticky Web\n|-unboost|p1a: Godjesus|spe|1\n|move|p2a: Sippin Green|Strength Sap|p1a: Godjesus\n|-unboost|p1a: Godjesus|atk|1\n|-heal|p2a: Sippin Green|100\/100\n|\n|upkeep\n|turn|13\n|\n|t:|1698304339\n|move|p1a: Godjesus|Swords Dance|p1a: Godjesus\n|-boost|p1a: Godjesus|atk|2\n|move|p2a: Sippin Green|Matcha Gotcha|p1a: Godjesus|[miss]\n|-miss|p2a: Sippin Green|p1a: Godjesus\n|\n|-fieldend|move: Electric Terrain\n|upkeep\n|turn|14\n|\n|t:|1698304345\n|move|p1a: Godjesus|Shadow Claw|p2a: Sippin Green\n|-supereffective|p2a: Sippin Green\n|-damage|p2a: Sippin Green|25\/100\n|move|p2a: Sippin Green|Strength Sap|p1a: Godjesus\n|-unboost|p1a: Godjesus|atk|1\n|-heal|p2a: Sippin Green|100\/100\n|\n|upkeep\n|turn|15\n|\n|t:|1698304352\n|move|p1a: Godjesus|Shadow Claw|p2a: Sippin Green\n|-supereffective|p2a: Sippin Green\n|-damage|p2a: Sippin Green|57\/100\n|move|p2a: Sippin Green|Matcha Gotcha|p1a: Godjesus|[miss]\n|-miss|p2a: Sippin Green|p1a: Godjesus\n|\n|-heal|p2a: Sippin Green|63\/100|[from] item: Leftovers\n|upkeep\n|turn|16\n|\n|t:|1698304363\n|move|p1a: Godjesus|Swords Dance|p1a: Godjesus\n|-boost|p1a: Godjesus|atk|2\n|move|p2a: Sippin Green|Strength Sap|p1a: Godjesus\n|-unboost|p1a: Godjesus|atk|1\n|-heal|p2a: Sippin Green|100\/100\n|\n|upkeep\n|turn|17\n|\n|t:|1698304371\n|-terastallize|p2a: Sippin Green|Normal\n|move|p1a: Godjesus|Swords Dance|p1a: Godjesus\n|-boost|p1a: Godjesus|atk|2\n|move|p2a: Sippin Green|Matcha Gotcha|p1a: Godjesus\n|-damage|p1a: Godjesus|42\/100\n|\n|-heal|p1a: Godjesus|48\/100|[from] item: Leftovers\n|upkeep\n|turn|18\n|\n|t:|1698304386\n|switch|p2a: Yamz|Arceus-Ghost, shiny|100\/100\n|move|p1a: Godjesus|Extreme Speed|p2a: Yamz\n|-immune|p2a: Yamz\n|\n|-heal|p1a: Godjesus|54\/100|[from] item: Leftovers\n|upkeep\n|turn|19\n|\n|t:|1698304395\n|move|p2a: Yamz|Focus Blast|p1a: Godjesus\n|-supereffective|p1a: Godjesus\n|-damage|p1a: Godjesus|7\/100\n|move|p1a: Godjesus|Shadow Claw|p2a: Yamz\n|-supereffective|p2a: Yamz\n|-damage|p2a: Yamz|23\/100\n|\n|-heal|p1a: Godjesus|13\/100|[from] item: Leftovers\n|upkeep\n|turn|20\n|\n|t:|1698304408\n|move|p2a: Yamz|Recover|p2a: Yamz\n|-heal|p2a: Yamz|73\/100\n|move|p1a: Godjesus|Taunt|p2a: Yamz\n|-start|p2a: Yamz|move: Taunt\n|\n|-heal|p1a: Godjesus|19\/100|[from] item: Leftovers\n|upkeep\n|turn|21\n|\n|t:|1698304422\n|switch|p1a: Zorro|Zacian-Crowned, shiny, tera:Fire|100\/100 par\n|-activate|p1a: Zorro|move: Sticky Web\n|-unboost|p1a: Zorro|spe|1\n|move|p2a: Yamz|Focus Blast|p1a: Zorro\n|-damage|p1a: Zorro|70\/100 par\n|\n|upkeep\n|turn|22\n|\n|t:|1698304431\n|move|p2a: Yamz|Judgment|p1a: Zorro\n|-damage|p1a: Zorro|24\/100 par\n|cant|p1a: Zorro|par\n|\n|upkeep\n|turn|23\n|j| incredibleking\n|\n|t:|1698304436\n|move|p2a: Yamz|Judgment|p1a: Zorro\n|-damage|p1a: Zorro|0 fnt\n|faint|p1a: Zorro\n|\n|-end|p2a: Yamz|move: Taunt\n|upkeep\n|\n|t:|1698304445\n|switch|p1a: Chief|Koraidon|69\/100 par\n|-activate|p1a: Chief|move: Sticky Web\n|-unboost|p1a: Chief|spe|1\n|-weather|SunnyDay|[from] ability: Orichalcum Pulse|[of] p1a: Chief\n|-activate|p1a: Chief|Orichalcum Pulse|[source]\n|turn|24\n|\n|t:|1698304454\n|move|p2a: Yamz|Judgment|p1a: Chief\n|-damage|p1a: Chief|19\/100 par\n|move|p1a: Chief|Flare Blitz|p2a: Yamz\n|-damage|p2a: Yamz|17\/100\n|-damage|p1a: Chief|0 fnt|[from] Recoil\n|faint|p1a: Chief\n|\n|-weather|SunnyDay|[upkeep]\n|upkeep\n|\n|t:|1698304462\n|switch|p1a: Strolling Storm|Walking Wake|100\/100\n|-activate|p1a: Strolling Storm|move: Sticky Web\n|-unboost|p1a: Strolling Storm|spe|1\n|-activate|p1a: Strolling Storm|ability: Protosynthesis\n|-start|p1a: Strolling Storm|protosynthesisspa\n|turn|25\n|\n|t:|1698304476\n|move|p2a: Yamz|Judgment|p1a: Strolling Storm\n|-damage|p1a: Strolling Storm|45\/100\n|move|p1a: Strolling Storm|Flamethrower|p2a: Yamz\n|-damage|p2a: Yamz|0 fnt\n|faint|p2a: Yamz\n|\n|-weather|SunnyDay|[upkeep]\n|upkeep\n|\n|t:|1698304481\n|switch|p2a: Sippin Green|Sinistcha-Masterpiece, shiny, tera:Normal|100\/100\n|turn|26\n|\n|t:|1698304492\n|move|p1a: Strolling Storm|Flamethrower|p2a: Sippin Green\n|-damage|p2a: Sippin Green|64\/100\n|move|p2a: Sippin Green|Calm Mind|p2a: Sippin Green\n|-boost|p2a: Sippin Green|spa|1\n|-boost|p2a: Sippin Green|spd|1\n|\n|-weather|SunnyDay|[upkeep]\n|-heal|p2a: Sippin Green|70\/100|[from] item: Leftovers\n|upkeep\n|turn|27\n|\n|t:|1698304502\n|move|p1a: Strolling Storm|Hydro Steam|p2a: Sippin Green\n|-damage|p2a: Sippin Green|7\/100\n|move|p2a: Sippin Green|Matcha Gotcha|p1a: Strolling Storm\n|-damage|p1a: Strolling Storm|0 fnt\n|-heal|p2a: Sippin Green|29\/100|[from] drain|[of] p1a: Strolling Storm\n|faint|p1a: Strolling Storm\n|-end|p1a: Strolling Storm|Protosynthesis|[silent]\n|\n|-weather|SunnyDay|[upkeep]\n|-heal|p2a: Sippin Green|35\/100|[from] item: Leftovers\n|upkeep\n|\n|t:|1698304511\n|switch|p1a: Godjesus|Arceus|19\/100\n|-activate|p1a: Godjesus|move: Sticky Web\n|-unboost|p1a: Godjesus|spe|1\n|turn|28\n|\n|t:|1698304521\n|switch|p2a: Ice Spice|Flutter Mane|1\/100\n|-activate|p2a: Ice Spice|ability: Protosynthesis\n|-start|p2a: Ice Spice|protosynthesisspe\n|move|p1a: Godjesus|Extreme Speed|p2a: Ice Spice\n|-immune|p2a: Ice Spice\n|\n|-weather|none\n|-end|p2a: Ice Spice|Protosynthesis\n|-heal|p1a: Godjesus|25\/100|[from] item: Leftovers\n|upkeep\n|turn|29\n|\n|t:|1698304531\n|move|p2a: Ice Spice|Moonblast|p1a: Godjesus\n|-damage|p1a: Godjesus|0 fnt\n|faint|p1a: Godjesus\n|\n|upkeep\n|\n|t:|1698304535\n|switch|p1a: Bon Scott|Miraidon|100\/100\n|-activate|p1a: Bon Scott|move: Sticky Web\n|-unboost|p1a: Bon Scott|spe|1\n|-fieldstart|move: Electric Terrain|[from] ability: Hadron Engine|[of] p1a: Bon Scott\n|turn|30\n|\n|t:|1698304544\n|move|p2a: Ice Spice|Moonblast|p1a: Bon Scott\n|-supereffective|p1a: Bon Scott\n|-damage|p1a: Bon Scott|5\/100\n|move|p1a: Bon Scott|Draco Meteor|p2a: Ice Spice\n|-immune|p2a: Ice Spice\n|\n|upkeep\n|turn|31\n|\n|t:|1698304551\n|move|p2a: Ice Spice|Moonblast|p1a: Bon Scott\n|-supereffective|p1a: Bon Scott\n|-damage|p1a: Bon Scott|0 fnt\n|faint|p1a: Bon Scott\n|\n|win|SadaShidz\ufe0f\n|raw|BiotechGodzilla's rating: 1317 &rarr; <strong>1292<\/strong><br \/>(-25 for losing)\n|raw|SadaShidz\ufe0f's rating: 1228 &rarr; <strong>1259<\/strong><br \/>(+31 for winning)\n|c|\u2606SadaShidz\ufe0f|Gg\n|l| incredibleking\n|c|\u2606BiotechGodzilla|gg\n|l|\u2606BiotechGodzilla\n","uploadtime":1698304575,"views":11,"p1id":"biotechgodzilla","p2id":"sadashidz","formatid":"gen9ubers","rating":1259,"private":0,"password":""}