{"id":"gen9ubers-1978432028","p1":"1P1o1s1h1e1","p2":"aiyalexei","format":"[Gen 9] Ubers","log":"|j|\u26061P1o1s1h1e1\n|j|\u2606aiyalexei\n|t:|1698538156\n|gametype|singles\n|player|p1|1P1o1s1h1e1|2|\n|player|p2|aiyalexei|carmine-festival|\n|teamsize|p1|6\n|teamsize|p2|6\n|gen|9\n|tier|[Gen 9] Ubers\n|rule|Sleep Clause Mod: Limit one foe put to sleep\n|rule|Species Clause: Limit one of each Pok\u00e9mon\n|rule|OHKO Clause: OHKO moves are banned\n|rule|Evasion Items Clause: Evasion items are banned\n|rule|Evasion Moves Clause: Evasion moves are banned\n|rule|Endless Battle Clause: Forcing endless battles is banned\n|rule|HP Percentage Mod: HP is shown in percentages\n|clearpoke\n|poke|p1|Dialga-Origin|\n|poke|p1|Rillaboom, F|\n|poke|p1|Arceus-Fire|\n|poke|p1|Espathra, F|\n|poke|p1|Donphan, L6, M|\n|poke|p1|Sneasler, F|\n|poke|p2|Pelipper, M|\n|poke|p2|Basculegion-F, F|\n|poke|p2|Palkia-Origin|\n|poke|p2|Magearna|\n|poke|p2|Arceus-Poison|\n|poke|p2|Gholdengo|\n|teampreview\n|c|\u26061P1o1s1h1e1|lemme grab link now\n|c|\u26061P1o1s1h1e1|aight\n|c|\u2606aiyalexei|glhf\n|j| Finchely\n|c| Finchely|yoo glhf\n|c|\u2606aiyalexei|thank uu\n|inactive|Battle timer is ON: inactive players will automatically lose when time's up. (requested by aiyalexei)\n|c|\u26061P1o1s1h1e1|u2\n|inactive|aiyalexei has 270 seconds left.\n|\n|t:|1698538265\n|start\n|switch|p1a: Rock 5ever|Donphan, L6, M|100\/100\n|switch|p2a: Magearna|Magearna|100\/100\n|turn|1\n|\n|t:|1698538281\n|move|p2a: Magearna|Spikes|p1a: Rock 5ever\n|-sidestart|p1: 1P1o1s1h1e1|Spikes\n|move|p1a: Rock 5ever|Stealth Rock|p2a: Magearna\n|-sidestart|p2: aiyalexei|move: Stealth Rock\n|\n|upkeep\n|turn|2\n|\n|t:|1698538295\n|move|p2a: Magearna|Encore|p1a: Rock 5ever\n|-start|p1a: Rock 5ever|Encore\n|move|p1a: Rock 5ever|Stealth Rock||[still]\n|-fail|p1a: Rock 5ever\n|\n|upkeep\n|turn|3\n|inactive|1P1o1s1h1e1 has 270 seconds left.\n|\n|t:|1698538336\n|switch|p1a: Dialga|Dialga-Origin|100\/100\n|-damage|p1a: Dialga|88\/100|[from] Spikes\n|-ability|p1a: Dialga|Pressure\n|move|p2a: Magearna|Spikes|p1a: Dialga\n|-sidestart|p1: 1P1o1s1h1e1|Spikes\n|\n|upkeep\n|turn|4\n|inactive|aiyalexei has 270 seconds left.\n|\n|t:|1698538380\n|move|p1a: Dialga|Thunder Wave|p2a: Magearna\n|-status|p2a: Magearna|par\n|move|p2a: Magearna|Fleur Cannon|p1a: Dialga\n|-crit|p1a: Dialga\n|-damage|p1a: Dialga|31\/100\n|-unboost|p2a: Magearna|spa|2\n|\n|upkeep\n|turn|5\n|c| Finchely|ooh that hurts\n|\n|t:|1698538391\n|move|p1a: Dialga|Earth Power|p2a: Magearna\n|-supereffective|p2a: Magearna\n|-damage|p2a: Magearna|52\/100 par\n|move|p2a: Magearna|Spikes|p1a: Dialga\n|-sidestart|p1: 1P1o1s1h1e1|Spikes\n|\n|-heal|p2a: Magearna|58\/100 par|[from] item: Leftovers\n|upkeep\n|turn|6\n|\n|t:|1698538404\n|move|p1a: Dialga|Earth Power|p2a: Magearna\n|-supereffective|p2a: Magearna\n|-crit|p2a: Magearna\n|-damage|p2a: Magearna|0 fnt\n|faint|p2a: Magearna\n|\n|upkeep\n|\n|t:|1698538417\n|switch|p2a: Palkia|Palkia-Origin|100\/100\n|-damage|p2a: Palkia|88\/100|[from] Stealth Rock\n|-ability|p2a: Palkia|Pressure\n|turn|7\n|inactive|1P1o1s1h1e1 has 270 seconds left.\n|inactive|1P1o1s1h1e1 has 240 seconds left.\n|\n|t:|1698538454\n|move|p2a: Palkia|Earth Power|p1a: Dialga\n|-supereffective|p1a: Dialga\n|-damage|p1a: Dialga|0 fnt\n|faint|p1a: Dialga\n|\n|upkeep\n|\n|t:|1698538458\n|switch|p1a: Rillaboom|Rillaboom, F|100\/100\n|-damage|p1a: Rillaboom|76\/100|[from] Spikes\n|-fieldstart|move: Grassy Terrain|[from] ability: Grassy Surge|[of] p1a: Rillaboom\n|turn|8\n|inactive|aiyalexei has 270 seconds left.\n|\n|t:|1698538476\n|switch|p1a: Rock 5ever|Donphan, L6, M|100\/100\n|-damage|p1a: Rock 5ever|75\/100|[from] Spikes\n|move|p2a: Palkia|Draco Meteor|p1a: Rock 5ever\n|-damage|p1a: Rock 5ever|0 fnt\n|-unboost|p2a: Palkia|spa|2\n|faint|p1a: Rock 5ever\n|\n|-heal|p2a: Palkia|94\/100|[from] Grassy Terrain\n|upkeep\n|inactive|1P1o1s1h1e1 has 240 seconds left.\n|\n|t:|1698538490\n|switch|p1a: Espathra|Espathra, F|100\/100\n|-damage|p1a: Espathra|76\/100|[from] Spikes\n|-enditem|p1a: Espathra|Grassy Seed\n|-boost|p1a: Espathra|def|1|[from] item: Grassy Seed\n|turn|9\n|inactive|aiyalexei has 270 seconds left.\n|inactive|1P1o1s1h1e1 has 240 seconds left.\n|inactive|aiyalexei has 240 seconds left.\n|inactive|1P1o1s1h1e1 has 210 seconds left.\n|\n|t:|1698538561\n|switch|p2a: Gholdengo|Gholdengo|100\/100\n|-damage|p2a: Gholdengo|94\/100|[from] Stealth Rock\n|move|p1a: Espathra|Calm Mind|p1a: Espathra\n|-boost|p1a: Espathra|spa|1\n|-boost|p1a: Espathra|spd|1\n|\n|-heal|p2a: Gholdengo|100\/100|[from] Grassy Terrain\n|-heal|p1a: Espathra|82\/100|[from] Grassy Terrain\n|-ability|p1a: Espathra|Speed Boost|boost\n|-boost|p1a: Espathra|spe|1\n|upkeep\n|turn|10\n|\n|t:|1698538575\n|move|p1a: Espathra|Protect|p1a: Espathra\n|-singleturn|p1a: Espathra|Protect\n|move|p2a: Gholdengo|Trick|p1a: Espathra\n|-activate|p1a: Espathra|move: Protect\n|\n|-heal|p1a: Espathra|88\/100|[from] Grassy Terrain\n|-ability|p1a: Espathra|Speed Boost|boost\n|-boost|p1a: Espathra|spe|1\n|upkeep\n|turn|11\n|\n|t:|1698538600\n|switch|p2a: Palkia|Palkia-Origin|94\/100\n|-damage|p2a: Palkia|82\/100|[from] Stealth Rock\n|-ability|p2a: Palkia|Pressure\n|move|p1a: Espathra|Calm Mind|p1a: Espathra\n|-boost|p1a: Espathra|spa|1\n|-boost|p1a: Espathra|spd|1\n|\n|-heal|p1a: Espathra|94\/100|[from] Grassy Terrain\n|-heal|p2a: Palkia|88\/100|[from] Grassy Terrain\n|-ability|p1a: Espathra|Speed Boost|boost\n|-boost|p1a: Espathra|spe|1\n|upkeep\n|turn|12\n|inactive|1P1o1s1h1e1 has 180 seconds left.\n|\n|t:|1698538619\n|-terastallize|p1a: Espathra|Fairy\n|move|p1a: Espathra|Calm Mind|p1a: Espathra\n|-boost|p1a: Espathra|spa|1\n|-boost|p1a: Espathra|spd|1\n|move|p2a: Palkia|Draco Meteor|p1a: Espathra\n|-immune|p1a: Espathra\n|\n|-heal|p1a: Espathra|100\/100|[from] Grassy Terrain\n|-heal|p2a: Palkia|94\/100|[from] Grassy Terrain\n|-fieldend|move: Grassy Terrain\n|-ability|p1a: Espathra|Speed Boost|boost\n|-boost|p1a: Espathra|spe|1\n|upkeep\n|turn|13\n|\n|t:|1698538627\n|move|p1a: Espathra|Stored Power|p2a: Palkia\n|-damage|p2a: Palkia|0 fnt\n|faint|p2a: Palkia\n|\n|-ability|p1a: Espathra|Speed Boost|boost\n|-boost|p1a: Espathra|spe|1\n|upkeep\n|\n|t:|1698538631\n|switch|p2a: Gholdengo|Gholdengo|100\/100\n|-damage|p2a: Gholdengo|94\/100|[from] Stealth Rock\n|turn|14\n|\n|t:|1698538649\n|move|p1a: Espathra|Protect|p1a: Espathra\n|-singleturn|p1a: Espathra|Protect\n|move|p2a: Gholdengo|Make It Rain|p1a: Espathra\n|-activate|p1a: Espathra|move: Protect\n|\n|-ability|p1a: Espathra|Speed Boost|boost\n|-boost|p1a: Espathra|spe|1\n|upkeep\n|turn|15\n|\n|t:|1698538657\n|move|p1a: Espathra|Stored Power|p2a: Gholdengo\n|-resisted|p2a: Gholdengo\n|-crit|p2a: Gholdengo\n|-damage|p2a: Gholdengo|0 fnt\n|faint|p2a: Gholdengo\n|\n|upkeep\n|\n|t:|1698538661\n|switch|p2a: Arceus|Arceus-Poison|100\/100\n|-damage|p2a: Arceus|88\/100|[from] Stealth Rock\n|turn|16\n|inactive|1P1o1s1h1e1 has 210 seconds left.\n|\n|t:|1698538667\n|-terastallize|p2a: Arceus|Grass\n|move|p1a: Espathra|Stored Power|p2a: Arceus\n|-damage|p2a: Arceus|0 fnt\n|faint|p2a: Arceus\n|\n|upkeep\n|c|\u2606aiyalexei|gg\n|\n|t:|1698538674\n|switch|p2a: Pelipper|Pelipper, M|100\/100\n|-damage|p2a: Pelipper|76\/100|[from] Stealth Rock\n|-weather|RainDance|[from] ability: Drizzle|[of] p2a: Pelipper\n|turn|17\n|\n|t:|1698538677\n|move|p1a: Espathra|Stored Power|p2a: Pelipper\n|-damage|p2a: Pelipper|0 fnt\n|faint|p2a: Pelipper\n|\n|-weather|RainDance|[upkeep]\n|upkeep\n|\n|t:|1698538681\n|switch|p2a: Basculegion|Basculegion-F, F|100\/100\n|-damage|p2a: Basculegion|88\/100|[from] Stealth Rock\n|turn|18\n|\n|t:|1698538689\n|move|p2a: Basculegion|Aqua Jet|p1a: Espathra\n|-crit|p1a: Espathra\n|-damage|p1a: Espathra|47\/100\n|move|p1a: Espathra|Stored Power|p2a: Basculegion\n|-damage|p2a: Basculegion|0 fnt\n|faint|p2a: Basculegion\n|\n|win|1P1o1s1h1e1\n|c|\u26061P1o1s1h1e1|gg\n|c|\u2606aiyalexei|gg\n|l|\u2606aiyalexei\n","uploadtime":1698538712,"views":50,"p1id":"1p1o1s1h1e1","p2id":"aiyalexei","formatid":"gen9ubers","rating":0,"private":0,"password":""}