{"id":"gen9ubers-1980181864","p1":"BIKAS","p2":"Arpitraj1","format":"[Gen 9] Ubers","log":"|j|\u2606BIKAS\n|j|\u2606Arpitraj1\n|t:|1698764316\n|gametype|singles\n|player|p1|BIKAS|scientist-gen4|\n|player|p2|Arpitraj1|anabel|\n|teamsize|p1|6\n|teamsize|p2|6\n|gen|9\n|tier|[Gen 9] Ubers\n|rated|Tournament battle\n|rule|Sleep Clause Mod: Limit one foe put to sleep\n|rule|Species Clause: Limit one of each Pok\u00e9mon\n|rule|OHKO Clause: OHKO moves are banned\n|rule|Evasion Items Clause: Evasion items are banned\n|rule|Evasion Moves Clause: Evasion moves are banned\n|rule|Endless Battle Clause: Forcing endless battles is banned\n|rule|HP Percentage Mod: HP is shown in percentages\n|clearpoke\n|poke|p1|Arceus|\n|poke|p1|Koraidon|\n|poke|p1|Zacian-*|\n|poke|p1|Miraidon|\n|poke|p1|Landorus-Therian, M|\n|poke|p1|Ting-Lu|\n|poke|p2|Miraidon|\n|poke|p2|Koraidon|\n|poke|p2|Hatterene, F|\n|poke|p2|Ditto|\n|poke|p2|Landorus-Therian, M|\n|poke|p2|Arceus-Ground|\n|teampreview\n|inactive|Battle timer is ON: inactive players will automatically lose when time's up. (requested by Arpitraj1)\n|\n|t:|1698764331\n|start\n|switch|p1a: Koraidon|Koraidon|100\/100\n|switch|p2a: Landorus|Landorus-Therian, M|100\/100\n|-weather|SunnyDay|[from] ability: Orichalcum Pulse|[of] p1a: Koraidon\n|-activate|p1a: Koraidon|Orichalcum Pulse|[source]\n|-ability|p2a: Landorus|Intimidate|boost\n|-unboost|p1a: Koraidon|atk|1\n|turn|1\n|\n|t:|1698764342\n|move|p1a: Koraidon|U-turn|p2a: Landorus\n|-resisted|p2a: Landorus\n|-damage|p2a: Landorus|93\/100\n|-damage|p1a: Koraidon|84\/100|[from] item: Rocky Helmet|[of] p2a: Landorus\n|\n|t:|1698764346\n|switch|p1a: Landorus|Landorus-Therian, M|100\/100|[from] U-turn\n|-ability|p1a: Landorus|Intimidate|boost\n|-unboost|p2a: Landorus|atk|1\n|move|p2a: Landorus|Earthquake|p1a: Landorus\n|-immune|p1a: Landorus\n|\n|-weather|SunnyDay|[upkeep]\n|upkeep\n|turn|2\n|\n|t:|1698764355\n|move|p2a: Landorus|Taunt|p1a: Landorus\n|-start|p1a: Landorus|move: Taunt\n|move|p1a: Landorus|U-turn|p2a: Landorus\n|-resisted|p2a: Landorus\n|-damage|p2a: Landorus|85\/100\n|-damage|p1a: Landorus|84\/100|[from] item: Rocky Helmet|[of] p2a: Landorus\n|j| Captain Mineblox\n|\n|t:|1698764371\n|switch|p1a: Miraidon|Miraidon|100\/100|[from] U-turn\n|-fieldstart|move: Electric Terrain|[from] ability: Hadron Engine|[of] p1a: Miraidon\n|\n|-weather|SunnyDay|[upkeep]\n|upkeep\n|turn|3\n|\n|t:|1698764383\n|switch|p2a: Hatterene|Hatterene, F|100\/100\n|move|p1a: Miraidon|Overheat|p2a: Hatterene\n|-damage|p2a: Hatterene|0 fnt\n|-unboost|p1a: Miraidon|spa|2\n|faint|p2a: Hatterene\n|-damage|p1a: Miraidon|91\/100|[from] item: Life Orb\n|\n|-weather|SunnyDay|[upkeep]\n|upkeep\n|\n|t:|1698764389\n|switch|p2a: Arceus|Arceus-Ground|100\/100\n|turn|4\n|\n|t:|1698764408\n|switch|p1a: Ting-Lu|Ting-Lu|100\/100\n|-ability|p1a: Ting-Lu|Vessel of Ruin\n|move|p2a: Arceus|Ice Beam|p1a: Ting-Lu\n|-supereffective|p1a: Ting-Lu\n|-damage|p1a: Ting-Lu|78\/100\n|\n|-weather|SunnyDay|[upkeep]\n|-heal|p1a: Ting-Lu|84\/100|[from] item: Leftovers\n|upkeep\n|turn|5\n|\n|t:|1698764413\n|move|p2a: Arceus|Calm Mind|p2a: Arceus\n|-boost|p2a: Arceus|spa|1\n|-boost|p2a: Arceus|spd|1\n|move|p1a: Ting-Lu|Ruination|p2a: Arceus\n|-damage|p2a: Arceus|51\/100\n|\n|-weather|none\n|-heal|p1a: Ting-Lu|90\/100|[from] item: Leftovers\n|upkeep\n|turn|6\n|\n|t:|1698764417\n|move|p2a: Arceus|Recover|p2a: Arceus\n|-heal|p2a: Arceus|100\/100\n|move|p1a: Ting-Lu|Whirlwind|p2a: Arceus\n|drag|p2a: Miraidon|Miraidon|100\/100\n|-activate|p2a: Miraidon|ability: Hadron Engine\n|\n|-heal|p1a: Ting-Lu|96\/100|[from] item: Leftovers\n|-fieldend|move: Electric Terrain\n|upkeep\n|turn|7\n|\n|t:|1698764423\n|move|p2a: Miraidon|Draco Meteor|p1a: Ting-Lu\n|-damage|p1a: Ting-Lu|66\/100\n|-unboost|p2a: Miraidon|spa|2\n|-enditem|p2a: Miraidon|Eject Pack\n|\n|t:|1698764427\n|switch|p2a: Landorus|Landorus-Therian, M|85\/100\n|-ability|p2a: Landorus|Intimidate|boost\n|-unboost|p1a: Ting-Lu|atk|1\n|move|p1a: Ting-Lu|Earthquake|p2a: Landorus\n|-immune|p2a: Landorus\n|\n|-heal|p1a: Ting-Lu|72\/100|[from] item: Leftovers\n|upkeep\n|turn|8\n|\n|t:|1698764436\n|switch|p1a: Landorus|Landorus-Therian, M|84\/100\n|-ability|p1a: Landorus|Intimidate|boost\n|-unboost|p2a: Landorus|atk|1\n|move|p2a: Landorus|Taunt|p1a: Landorus\n|-start|p1a: Landorus|move: Taunt\n|\n|upkeep\n|turn|9\n|\n|t:|1698764455\n|move|p2a: Landorus|U-turn|p1a: Landorus\n|-resisted|p1a: Landorus\n|-damage|p1a: Landorus|79\/100\n|-damage|p2a: Landorus|68\/100|[from] item: Rocky Helmet|[of] p1a: Landorus\n|\n|t:|1698764461\n|switch|p2a: Koraidon|Koraidon|100\/100|[from] U-turn\n|-weather|SunnyDay|[from] ability: Orichalcum Pulse|[of] p2a: Koraidon\n|-activate|p2a: Koraidon|Orichalcum Pulse|[source]\n|move|p1a: Landorus|U-turn|p2a: Koraidon\n|-resisted|p2a: Koraidon\n|-damage|p2a: Koraidon|91\/100\n|\n|t:|1698764471\n|switch|p1a: Koraidon|Koraidon|84\/100|[from] U-turn\n|-activate|p1a: Koraidon|ability: Orichalcum Pulse\n|\n|-weather|SunnyDay|[upkeep]\n|upkeep\n|turn|10\n|\n|t:|1698764478\n|-terastallize|p2a: Koraidon|Fire\n|move|p1a: Koraidon|Outrage|p2a: Koraidon\n|-damage|p2a: Koraidon|22\/100\n|move|p2a: Koraidon|Scale Shot|p1a: Koraidon\n|-supereffective|p1a: Koraidon\n|-damage|p1a: Koraidon|54\/100\n|-supereffective|p1a: Koraidon\n|-damage|p1a: Koraidon|24\/100\n|-supereffective|p1a: Koraidon\n|-damage|p1a: Koraidon|0 fnt\n|faint|p1a: Koraidon\n|-hitcount|p1: Koraidon|3\n|-unboost|p2a: Koraidon|def|1\n|-boost|p2a: Koraidon|spe|1\n|\n|-weather|SunnyDay|[upkeep]\n|upkeep\n|\n|t:|1698764487\n|switch|p1a: Arceus|Arceus|100\/100\n|turn|11\n|\n|t:|1698764492\n|move|p1a: Arceus|Extreme Speed|p2a: Koraidon\n|-damage|p2a: Koraidon|0 fnt\n|faint|p2a: Koraidon\n|\n|-weather|SunnyDay|[upkeep]\n|upkeep\n|\n|t:|1698764496\n|switch|p2a: Landorus|Landorus-Therian, M|68\/100\n|-ability|p2a: Landorus|Intimidate|boost\n|-unboost|p1a: Arceus|atk|1\n|turn|12\n|j| makers manhattan\n|\n|t:|1698764512\n|move|p1a: Arceus|Taunt|p2a: Landorus\n|-start|p2a: Landorus|move: Taunt\n|cant|p2a: Landorus|move: Taunt|Stealth Rock\n|\n|-weather|SunnyDay|[upkeep]\n|upkeep\n|turn|13\n|\n|t:|1698764519\n|move|p1a: Arceus|Swords Dance|p1a: Arceus\n|-boost|p1a: Arceus|atk|2\n|move|p2a: Landorus|U-turn|p1a: Arceus\n|-damage|p1a: Arceus|85\/100\n|\n|t:|1698764522\n|switch|p2a: Arceus|Arceus-Ground|100\/100|[from] U-turn\n|\n|-weather|none\n|-heal|p1a: Arceus|91\/100|[from] item: Leftovers\n|upkeep\n|turn|14\n|\n|t:|1698764528\n|move|p1a: Arceus|Taunt|p2a: Arceus\n|-start|p2a: Arceus|move: Taunt\n|move|p2a: Arceus|Judgment|p1a: Arceus\n|-damage|p1a: Arceus|56\/100\n|\n|-heal|p1a: Arceus|62\/100|[from] item: Leftovers\n|upkeep\n|turn|15\n|j| Fartconsumer\n|\n|t:|1698764548\n|move|p1a: Arceus|Extreme Speed|p2a: Arceus\n|-damage|p2a: Arceus|66\/100\n|move|p2a: Arceus|Judgment|p1a: Arceus\n|-damage|p1a: Arceus|24\/100\n|\n|-heal|p1a: Arceus|30\/100|[from] item: Leftovers\n|upkeep\n|turn|16\n|\n|t:|1698764563\n|switch|p1a: Ting-Lu|Ting-Lu|72\/100\n|-ability|p1a: Ting-Lu|Vessel of Ruin\n|move|p2a: Arceus|Judgment|p1a: Ting-Lu\n|-damage|p1a: Ting-Lu|48\/100\n|\n|-heal|p1a: Ting-Lu|55\/100|[from] item: Leftovers\n|-end|p2a: Arceus|move: Taunt\n|upkeep\n|turn|17\n|\n|t:|1698764571\n|move|p2a: Arceus|Calm Mind|p2a: Arceus\n|-boost|p2a: Arceus|spa|1\n|-boost|p2a: Arceus|spd|1\n|move|p1a: Ting-Lu|Ruination|p2a: Arceus\n|-damage|p2a: Arceus|33\/100\n|\n|-heal|p1a: Ting-Lu|61\/100|[from] item: Leftovers\n|upkeep\n|turn|18\n|\n|t:|1698764578\n|move|p2a: Arceus|Judgment|p1a: Ting-Lu\n|-damage|p1a: Ting-Lu|25\/100\n|move|p1a: Ting-Lu|Whirlwind|p2a: Arceus\n|drag|p2a: Ditto|Ditto|100\/100\n|-transform|p2a: Ditto|p1a: Ting-Lu|[from] ability: Imposter\n|-ability|p2a: Ditto|Vessel of Ruin\n|\n|-heal|p1a: Ting-Lu|31\/100|[from] item: Leftovers\n|upkeep\n|turn|19\n|\n|t:|1698764595\n|switch|p1a: Arceus|Arceus|30\/100\n|move|p2a: Ditto|Spikes|p1a: Arceus\n|-sidestart|p1: BIKAS|Spikes\n|\n|-heal|p1a: Arceus|36\/100|[from] item: Leftovers\n|upkeep\n|turn|20\n|\n|t:|1698764605\n|switch|p1a: Miraidon|Miraidon|91\/100\n|-damage|p1a: Miraidon|78\/100|[from] Spikes\n|-fieldstart|move: Electric Terrain|[from] ability: Hadron Engine|[of] p1a: Miraidon\n|move|p2a: Ditto|Spikes|p1a: Miraidon\n|-sidestart|p1: BIKAS|Spikes\n|\n|upkeep\n|turn|21\n|l| Captain Mineblox\n|j| Captain Mineblox\n|\n|t:|1698764613\n|switch|p2a: Arceus|Arceus-Ground|33\/100\n|move|p1a: Miraidon|Draco Meteor|p2a: Arceus\n|-damage|p2a: Arceus|0 fnt\n|-unboost|p1a: Miraidon|spa|2\n|faint|p2a: Arceus\n|-damage|p1a: Miraidon|68\/100|[from] item: Life Orb\n|\n|upkeep\n|\n|t:|1698764622\n|switch|p2a: Landorus|Landorus-Therian, M|68\/100\n|-ability|p2a: Landorus|Intimidate|boost\n|-unboost|p1a: Miraidon|atk|1\n|turn|22\n|\n|t:|1698764629\n|switch|p1a: Landorus|Landorus-Therian, M|79\/100\n|-ability|p1a: Landorus|Intimidate|boost\n|-unboost|p2a: Landorus|atk|1\n|move|p2a: Landorus|Stealth Rock|p1a: Landorus\n|-sidestart|p1: BIKAS|move: Stealth Rock\n|\n|upkeep\n|turn|23\n|\n|t:|1698764634\n|move|p2a: Landorus|U-turn|p1a: Landorus\n|-resisted|p1a: Landorus\n|-damage|p1a: Landorus|74\/100\n|-damage|p2a: Landorus|52\/100|[from] item: Rocky Helmet|[of] p1a: Landorus\n|\n|t:|1698764638\n|switch|p2a: Miraidon|Miraidon|100\/100|[from] U-turn\n|-activate|p2a: Miraidon|ability: Hadron Engine\n|move|p1a: Landorus|Stealth Rock|p2a: Miraidon\n|-sidestart|p2: Arpitraj1|move: Stealth Rock\n|\n|upkeep\n|turn|24\n|\n|t:|1698764644\n|switch|p1a: Ting-Lu|Ting-Lu|31\/100\n|-damage|p1a: Ting-Lu|15\/100|[from] Spikes\n|-damage|p1a: Ting-Lu|9\/100|[from] Stealth Rock\n|-ability|p1a: Ting-Lu|Vessel of Ruin\n|move|p2a: Miraidon|Draco Meteor|p1a: Ting-Lu\n|-damage|p1a: Ting-Lu|0 fnt\n|-unboost|p2a: Miraidon|spa|2\n|faint|p1a: Ting-Lu\n|\n|-fieldend|move: Electric Terrain\n|upkeep\n|\n|t:|1698764665\n|switch|p1a: Landorus|Landorus-Therian, M|74\/100\n|-damage|p1a: Landorus|62\/100|[from] Stealth Rock\n|-ability|p1a: Landorus|Intimidate|boost\n|-unboost|p2a: Miraidon|atk|1\n|turn|25\n|\n|t:|1698764672\n|switch|p2a: Landorus|Landorus-Therian, M|52\/100\n|-damage|p2a: Landorus|40\/100|[from] Stealth Rock\n|-ability|p2a: Landorus|Intimidate|boost\n|-unboost|p1a: Landorus|atk|1\n|move|p1a: Landorus|Earthquake|p2a: Landorus\n|-immune|p2a: Landorus\n|\n|upkeep\n|turn|26\n|\n|t:|1698764685\n|move|p2a: Landorus|Earthquake|p1a: Landorus\n|-immune|p1a: Landorus\n|move|p1a: Landorus|Earthquake|p2a: Landorus\n|-immune|p2a: Landorus\n|\n|upkeep\n|turn|27\n|\n|t:|1698764692\n|move|p2a: Landorus|Taunt|p1a: Landorus\n|-start|p1a: Landorus|move: Taunt\n|move|p1a: Landorus|Earthquake|p2a: Landorus\n|-immune|p2a: Landorus\n|\n|upkeep\n|turn|28\n|\n|t:|1698764699\n|move|p1a: Landorus|Earthquake|p2a: Landorus\n|-immune|p2a: Landorus\n|move|p2a: Landorus|U-turn|p1a: Landorus\n|-resisted|p1a: Landorus\n|-damage|p1a: Landorus|55\/100\n|-damage|p2a: Landorus|23\/100|[from] item: Rocky Helmet|[of] p1a: Landorus\n|\n|t:|1698764701\n|switch|p2a: Ditto|Ditto|100\/100|[from] U-turn\n|-damage|p2a: Ditto|88\/100|[from] Stealth Rock\n|-transform|p2a: Ditto|p1a: Landorus|[from] ability: Imposter\n|-ability|p2a: Ditto|Intimidate|boost\n|-unboost|p1a: Landorus|atk|1\n|\n|upkeep\n|turn|29\n|\n|t:|1698764707\n|move|p2a: Ditto|U-turn|p1a: Landorus\n|-resisted|p1a: Landorus\n|-damage|p1a: Landorus|49\/100\n|-damage|p2a: Ditto|71\/100|[from] item: Rocky Helmet|[of] p1a: Landorus\n|\n|t:|1698764709\n|switch|p2a: Miraidon|Miraidon|100\/100|[from] U-turn\n|-damage|p2a: Miraidon|88\/100|[from] Stealth Rock\n|-fieldstart|move: Electric Terrain|[from] ability: Hadron Engine|[of] p2a: Miraidon\n|move|p1a: Landorus|U-turn|p2a: Miraidon\n|-damage|p2a: Miraidon|76\/100\n|l|\u2606Arpitraj1\n|inactive|Arpitraj1 disconnected and has a minute to reconnect!\n|player|p2|\n|\n|t:|1698764737\n|switch|p1a: Zacian|Zacian-Crowned, shiny|100\/100|[from] U-turn\n|-damage|p1a: Zacian|84\/100|[from] Spikes\n|-damage|p1a: Zacian|78\/100|[from] Stealth Rock\n|-ability|p1a: Zacian|Intrepid Sword|boost\n|-boost|p1a: Zacian|atk|1\n|\n|upkeep\n|turn|30\n|inactive|Arpitraj1 has 30 seconds to reconnect!\n|inactive|Arpitraj1 has 20 seconds to reconnect!\n|inactive|Arpitraj1 has 15 seconds to reconnect!\n|inactive|Arpitraj1 has 10 seconds to reconnect!\n|inactive|Arpitraj1 has 5 seconds to reconnect!\n|-message|Arpitraj1 lost due to inactivity.\n|\n|win|BIKAS\n|n|\u2606BIKAS|bikas\n|n| makers manhattan|makersmanhattan\n|n| Fartconsumer|fartconsumer\n|n| Captain Mineblox|captainmineblox\n","uploadtime":1698764799,"views":9,"p1id":"bikas","p2id":"arpitraj1","formatid":"gen9ubers","rating":0,"private":0,"password":""}