{"id":"gen9ubers-1985431101","p1":"PoisonDeity","p2":"itay1579","format":"[Gen 9] Ubers","log":"|j|\u2606PoisonDeity\n|j|\u2606itay1579\n|t:|1699374117\n|gametype|singles\n|player|p1|PoisonDeity|169|\n|player|p2|itay1579|265|\n|teamsize|p1|6\n|teamsize|p2|6\n|gen|9\n|tier|[Gen 9] Ubers\n|rule|Sleep Clause Mod: Limit one foe put to sleep\n|rule|Species Clause: Limit one of each Pok\u00e9mon\n|rule|OHKO Clause: OHKO moves are banned\n|rule|Evasion Items Clause: Evasion items are banned\n|rule|Evasion Moves Clause: Evasion moves are banned\n|rule|Endless Battle Clause: Forcing endless battles is banned\n|rule|HP Percentage Mod: HP is shown in percentages\n|clearpoke\n|poke|p1|Great Tusk|\n|poke|p1|Lilligant-Hisui, F|\n|poke|p1|Torterra, M|\n|poke|p1|Scovillain, F|\n|poke|p1|Toxtricity, M|\n|poke|p1|Misdreavus, F|\n|poke|p2|Walking Wake|\n|poke|p2|Roaring Moon|\n|poke|p2|Hatterene, F|\n|poke|p2|Sandy Shocks|\n|poke|p2|Torkoal, M|\n|poke|p2|Cinderace, M|\n|teampreview\n|j| Jaketr4\n|j| calcroft\n|\n|t:|1699374212\n|start\n|switch|p1a: Toxtricity|Toxtricity, M|100\/100\n|switch|p2a: EXPLODE|Roaring Moon|100\/100\n|-item|p1a: Toxtricity|Air Balloon\n|-enditem|p2a: EXPLODE|Booster Energy\n|-activate|p2a: EXPLODE|ability: Protosynthesis|[fromitem]\n|-start|p2a: EXPLODE|protosynthesisspe\n|turn|1\n|\n|t:|1699374240\n|move|p2a: EXPLODE|Dragon Dance|p2a: EXPLODE\n|-boost|p2a: EXPLODE|atk|1\n|-boost|p2a: EXPLODE|spe|1\n|move|p1a: Toxtricity|Toxic Spikes|p2a: EXPLODE\n|-sidestart|p2: itay1579|move: Toxic Spikes\n|\n|upkeep\n|turn|2\n|\n|t:|1699374268\n|move|p2a: EXPLODE|Dragon Dance|p2a: EXPLODE\n|-boost|p2a: EXPLODE|atk|1\n|-boost|p2a: EXPLODE|spe|1\n|move|p1a: Toxtricity|Sludge Bomb|p2a: EXPLODE\n|-damage|p2a: EXPLODE|59\/100\n|\n|upkeep\n|turn|3\n|\n|t:|1699374315\n|switch|p1a: Lilligant|Lilligant-Hisui, F|100\/100\n|move|p2a: EXPLODE|Knock Off|p1a: Lilligant\n|-resisted|p1a: Lilligant\n|-damage|p1a: Lilligant|26\/100\n|-enditem|p1a: Lilligant|White Herb|[from] move: Knock Off|[of] p2a: EXPLODE\n|\n|upkeep\n|turn|4\n|\n|t:|1699374333\n|move|p2a: EXPLODE|Acrobatics|p1a: Lilligant\n|-supereffective|p1a: Lilligant\n|-damage|p1a: Lilligant|0 fnt\n|faint|p1a: Lilligant\n|\n|upkeep\n|\n|t:|1699374367\n|switch|p1a: Toxtricity|Toxtricity, M|100\/100\n|-item|p1a: Toxtricity|Air Balloon\n|turn|5\n|\n|t:|1699374380\n|move|p2a: EXPLODE|Knock Off|p1a: Toxtricity\n|-damage|p1a: Toxtricity|0 fnt\n|-enditem|p1a: Toxtricity|Air Balloon\n|faint|p1a: Toxtricity\n|\n|upkeep\n|\n|t:|1699374422\n|switch|p1a: Scovillain|Scovillain, F|100\/100\n|turn|6\n|\n|t:|1699374433\n|move|p1a: Scovillain|Protect|p1a: Scovillain\n|-singleturn|p1a: Scovillain|Protect\n|move|p2a: EXPLODE|Acrobatics|p1a: Scovillain\n|-activate|p1a: Scovillain|move: Protect\n|\n|upkeep\n|turn|7\n|\n|t:|1699374458\n|move|p2a: EXPLODE|Acrobatics|p1a: Scovillain\n|-supereffective|p1a: Scovillain\n|-damage|p1a: Scovillain|0 fnt\n|faint|p1a: Scovillain\n|\n|upkeep\n|\n|t:|1699374464\n|switch|p1a: Torterra|Torterra, M|100\/100\n|turn|8\n|\n|t:|1699374476\n|-terastallize|p1a: Torterra|Water\n|move|p2a: EXPLODE|Acrobatics|p1a: Torterra\n|-damage|p1a: Torterra|20\/100\n|move|p1a: Torterra|Shell Smash|p1a: Torterra\n|-unboost|p1a: Torterra|def|1\n|-unboost|p1a: Torterra|spd|1\n|-boost|p1a: Torterra|atk|2\n|-boost|p1a: Torterra|spa|2\n|-boost|p1a: Torterra|spe|2\n|-enditem|p1a: Torterra|White Herb\n|-clearnegativeboost|p1a: Torterra|[silent]\n|\n|upkeep\n|turn|9\n|\n|t:|1699374494\n|move|p2a: EXPLODE|Acrobatics|p1a: Torterra\n|-damage|p1a: Torterra|0 fnt\n|faint|p1a: Torterra\n|\n|upkeep\n|j| Kilometres999\n|\n|t:|1699374499\n|switch|p1a: Great Tusk|Great Tusk|100\/100\n|turn|10\n|\n|t:|1699374506\n|move|p2a: EXPLODE|Acrobatics|p1a: Great Tusk\n|-supereffective|p1a: Great Tusk\n|-damage|p1a: Great Tusk|0 fnt\n|faint|p1a: Great Tusk\n|-end|p1a: Great Tusk|Protosynthesis|[silent]\n|\n|upkeep\n|\n|t:|1699374511\n|switch|p1a: Misdreavus|Misdreavus, F|100\/100\n|turn|11\n|\n|t:|1699374520\n|move|p2a: EXPLODE|Knock Off|p1a: Misdreavus\n|-supereffective|p1a: Misdreavus\n|-damage|p1a: Misdreavus|0 fnt\n|-enditem|p1a: Misdreavus|Eviolite|[from] move: Knock Off|[of] p2a: EXPLODE\n|faint|p1a: Misdreavus\n|\n|win|itay1579\n|c|\u2606itay1579|gg\n|c| calcroft|nice\n|l| Kilometres999\n|l| Jaketr4\n","uploadtime":1699374537,"views":14,"p1id":"poisondeity","p2id":"itay1579","formatid":"gen9ubers","rating":0,"private":0,"password":""}