{"id":"gen9ubers-1973920229","p1":"bandit_tpl","p2":"something482","format":"[Gen 9] Ubers","log":"|j|\u2606bandit_tpl\n|j|\u2606something482\n|t:|1698028211\n|gametype|singles\n|player|p1|bandit_tpl|170|\n|player|p2|something482|victor|\n|teamsize|p1|6\n|teamsize|p2|6\n|gen|9\n|tier|[Gen 9] Ubers\n|rule|Sleep Clause Mod: Limit one foe put to sleep\n|rule|Species Clause: Limit one of each Pok\u00e9mon\n|rule|OHKO Clause: OHKO moves are banned\n|rule|Evasion Items Clause: Evasion items are banned\n|rule|Evasion Moves Clause: Evasion moves are banned\n|rule|Endless Battle Clause: Forcing endless battles is banned\n|rule|HP Percentage Mod: HP is shown in percentages\n|clearpoke\n|poke|p1|Annihilape, M|\n|poke|p1|Kingambit, F|\n|poke|p1|Urshifu-*, M|\n|poke|p1|Shaymin-Sky|\n|poke|p1|Slowking-Galar, M|\n|poke|p1|Heatran, M|\n|poke|p2|Dragapult, M|\n|poke|p2|Ursaluna, M|\n|poke|p2|Manaphy|\n|poke|p2|Scream Tail|\n|poke|p2|Pawmot, M|\n|poke|p2|Chien-Pao|\n|teampreview\n|c|\u2606something482|sorry again about that!\n|j| Willish6634\n|j| Smoocheh\n|j| ampharosaunt11\n|c| Willish6634|Gee Ell Eych Eff\n|c|\u2606something482|?\n|c| Willish6634|glhf\n|c|\u2606something482|oooo gotcha\n|j| LentLicker\n|c|\u2606something482|glhf!\n|c|\u2606something482|once the other game ends we will get goin!\n|n|\u2606bandit_tpl|bandittpl\n|c|\u2606bandit_tpl|K\n|c| Smoocheh|#GOODTV\n|j| The_beastgod12\n|c| Smoocheh|both teams look menacing\n|j| Lillyrosethedemon\n|j| Judgieiscool\n|c| ampharosaunt11|\"Louie suit got me lookin like Pacino\" - Marge\n|\n|t:|1698028467\n|start\n|switch|p1a: Shaymin|Shaymin-Sky|100\/100\n|switch|p2a: Lion-O|Chien-Pao|100\/100\n|-ability|p2a: Lion-O|Sword of Ruin\n|turn|1\n|j| mklgd\n|c| Judgieiscool|now on to the real game\n|\n|t:|1698028485\n|switch|p2a: Oooga shaka|Scream Tail|100\/100\n|switch|p1a: Urshifu|Urshifu-Rapid-Strike, M|100\/100\n|\n|upkeep\n|turn|2\n|c| Smoocheh|MAIN EVENT TIME\n|\n|t:|1698028511\n|move|p2a: Oooga shaka|Thunder Wave|p1a: Urshifu\n|-status|p1a: Urshifu|par\n|cant|p1a: Urshifu|par\n|\n|upkeep\n|turn|3\n|\n|t:|1698028524\n|move|p2a: Oooga shaka|Stealth Rock|p1a: Urshifu\n|-sidestart|p1: bandit_tpl|move: Stealth Rock\n|move|p1a: Urshifu|Surging Strikes|p2a: Oooga shaka\n|-crit|p2a: Oooga shaka\n|-damage|p2a: Oooga shaka|83\/100\n|-crit|p2a: Oooga shaka\n|-damage|p2a: Oooga shaka|64\/100\n|-crit|p2a: Oooga shaka\n|-damage|p2a: Oooga shaka|46\/100\n|-hitcount|p2a: Oooga shaka|3\n|\n|-heal|p2a: Oooga shaka|52\/100|[from] item: Leftovers\n|upkeep\n|turn|4\n|l| Lillyrosethedemon\n|\n|t:|1698028570\n|-end|p2a: Oooga shaka|Protosynthesis|[silent]\n|switch|p2a: PRINCE|Manaphy|100\/100\n|switch|p1a: Shaymin|Shaymin-Sky|100\/100\n|-damage|p1a: Shaymin|76\/100|[from] Stealth Rock\n|\n|upkeep\n|turn|5\n|j| Lillyrosethedemon\n|j| Chadwin93\n|\n|t:|1698028590\n|switch|p2a: Oooga shaka|Scream Tail|52\/100\n|move|p1a: Shaymin|Air Slash|p2a: Oooga shaka\n|-damage|p2a: Oooga shaka|11\/100\n|\n|-heal|p2a: Oooga shaka|17\/100|[from] item: Leftovers\n|upkeep\n|turn|6\n|\n|t:|1698028600\n|move|p1a: Shaymin|Air Slash|p2a: Oooga shaka\n|-damage|p2a: Oooga shaka|0 fnt\n|faint|p2a: Oooga shaka\n|-end|p2a: Oooga shaka|Protosynthesis|[silent]\n|\n|upkeep\n|\n|t:|1698028617\n|switch|p2a: Lion-O|Chien-Pao|100\/100\n|-ability|p2a: Lion-O|Sword of Ruin\n|turn|7\n|c| Judgieiscool|shaymin talks\n|c| Willish6634|Skymin\n|c| Willish6634|i love it\n|\n|t:|1698028638\n|move|p2a: Lion-O|Ice Shard|p1a: Shaymin\n|-supereffective|p1a: Shaymin\n|-damage|p1a: Shaymin|0 fnt\n|faint|p1a: Shaymin\n|\n|upkeep\n|j| Marge_TPL\n|\n|t:|1698028655\n|switch|p1a: Annihilape|Annihilape, M, shiny|100\/100\n|-damage|p1a: Annihilape|94\/100|[from] Stealth Rock\n|turn|8\n|l| Lillyrosethedemon\n|\n|t:|1698028697\n|switch|p2a: PRINCE|Manaphy|100\/100\n|move|p1a: Annihilape|Bulk Up|p1a: Annihilape\n|-boost|p1a: Annihilape|atk|1\n|-boost|p1a: Annihilape|def|1\n|\n|-heal|p1a: Annihilape|100\/100|[from] item: Leftovers\n|upkeep\n|turn|9\n|j| Lillyrosethedemon\n|\n|t:|1698028709\n|move|p2a: PRINCE|Substitute|p2a: PRINCE\n|-start|p2a: PRINCE|Substitute\n|-damage|p2a: PRINCE|76\/100\n|move|p1a: Annihilape|Taunt|p2a: PRINCE\n|-start|p2a: PRINCE|move: Taunt\n|\n|-heal|p2a: PRINCE|82\/100|[from] item: Leftovers\n|upkeep\n|turn|10\n|\n|t:|1698028726\n|move|p2a: PRINCE|Scald|p1a: Annihilape\n|-damage|p1a: Annihilape|78\/100\n|move|p1a: Annihilape|Bulk Up|p1a: Annihilape\n|-boost|p1a: Annihilape|atk|1\n|-boost|p1a: Annihilape|def|1\n|\n|-heal|p2a: PRINCE|88\/100|[from] item: Leftovers\n|-heal|p1a: Annihilape|84\/100|[from] item: Leftovers\n|upkeep\n|turn|11\n|c| Willish6634|I didnt know that went through sub\n|c| Willish6634|interesting\n|\n|t:|1698028742\n|move|p2a: PRINCE|Psychic|p1a: Annihilape\n|-supereffective|p1a: Annihilape\n|-damage|p1a: Annihilape|49\/100\n|move|p1a: Annihilape|Rage Fist|p2a: PRINCE\n|-end|p2a: PRINCE|Substitute\n|\n|-heal|p2a: PRINCE|94\/100|[from] item: Leftovers\n|-heal|p1a: Annihilape|55\/100|[from] item: Leftovers\n|upkeep\n|turn|12\n|\n|t:|1698028755\n|switch|p2a: Terra|Ursaluna, M, shiny|100\/100\n|-terastallize|p1a: Annihilape|Fairy\n|move|p1a: Annihilape|Drain Punch|p2a: Terra\n|-supereffective|p2a: Terra\n|-damage|p2a: Terra|18\/100\n|-heal|p1a: Annihilape|100\/100|[from] drain|[of] p2a: Terra\n|\n|-status|p2a: Terra|brn|[from] item: Flame Orb\n|upkeep\n|turn|13\n|\n|t:|1698028793\n|move|p1a: Annihilape|Rage Fist|p2a: Terra\n|-immune|p2a: Terra\n|move|p2a: Terra|Play Rough|p1a: Annihilape\n|-damage|p1a: Annihilape|73\/100\n|\n|-heal|p1a: Annihilape|79\/100|[from] item: Leftovers\n|-damage|p2a: Terra|12\/100 brn|[from] brn\n|upkeep\n|turn|14\n|c| mklgd|lmao\n|\n|t:|1698028805\n|move|p1a: Annihilape|Drain Punch|p2a: Terra\n|-supereffective|p2a: Terra\n|-damage|p2a: Terra|0 fnt\n|-heal|p1a: Annihilape|85\/100|[from] drain|[of] p2a: Terra\n|faint|p2a: Terra\n|\n|-heal|p1a: Annihilape|91\/100|[from] item: Leftovers\n|upkeep\n|c| ampharosaunt11|\"Useless prediction\" - Marge\n|c| Judgieiscool|Annhilape a beast-Rip Van Winkle\n|\n|t:|1698028841\n|switch|p2a: PRINCE|Manaphy|94\/100\n|turn|15\n|c| Willish6634|\"William\" - William\n|\n|t:|1698028854\n|move|p2a: PRINCE|Scald|p1a: Annihilape\n|-damage|p1a: Annihilape|69\/100\n|move|p1a: Annihilape|Drain Punch|p2a: PRINCE\n|-damage|p2a: PRINCE|40\/100\n|-heal|p1a: Annihilape|91\/100|[from] drain|[of] p2a: PRINCE\n|\n|-heal|p2a: PRINCE|46\/100|[from] item: Leftovers\n|-heal|p1a: Annihilape|97\/100|[from] item: Leftovers\n|upkeep\n|turn|16\n|\n|t:|1698028870\n|move|p2a: PRINCE|Substitute|p2a: PRINCE\n|-start|p2a: PRINCE|Substitute\n|-damage|p2a: PRINCE|21\/100\n|move|p1a: Annihilape|Rage Fist|p2a: PRINCE\n|-end|p2a: PRINCE|Substitute\n|\n|-heal|p2a: PRINCE|27\/100|[from] item: Leftovers\n|-heal|p1a: Annihilape|100\/100|[from] item: Leftovers\n|upkeep\n|turn|17\n|\n|t:|1698028882\n|move|p2a: PRINCE|Scald|p1a: Annihilape\n|-damage|p1a: Annihilape|79\/100\n|-status|p1a: Annihilape|brn\n|move|p1a: Annihilape|Rage Fist|p2a: PRINCE\n|-damage|p2a: PRINCE|0 fnt\n|faint|p2a: PRINCE\n|\n|-heal|p1a: Annihilape|85\/100 brn|[from] item: Leftovers\n|-damage|p1a: Annihilape|79\/100 brn|[from] brn\n|upkeep\n|\n|t:|1698028939\n|switch|p2a: nyooom|Dragapult, M, shiny|100\/100\n|turn|18\n|\n|t:|1698028947\n|move|p2a: nyooom|Reflect|p2a: nyooom\n|-sidestart|p2: something482|Reflect\n|move|p1a: Annihilape|Rage Fist|p2a: nyooom\n|-supereffective|p2a: nyooom\n|-damage|p2a: nyooom|0 fnt\n|faint|p2a: nyooom\n|\n|-heal|p1a: Annihilape|85\/100 brn|[from] item: Leftovers\n|-damage|p1a: Annihilape|79\/100 brn|[from] brn\n|upkeep\n|\n|t:|1698028957\n|switch|p2a: shonen|Pawmot, M|100\/100\n|turn|19\n|\n|t:|1698028968\n|move|p2a: shonen|Double Shock|p1a: Annihilape\n|-damage|p1a: Annihilape|49\/100 brn\n|-start|p2a: shonen|typechange|???\/Fighting|[from] move: Double Shock\n|move|p1a: Annihilape|Rage Fist|p2a: shonen\n|-enditem|p2a: shonen|Focus Sash\n|-damage|p2a: shonen|1\/100\n|\n|-heal|p1a: Annihilape|55\/100 brn|[from] item: Leftovers\n|-damage|p1a: Annihilape|49\/100 brn|[from] brn\n|upkeep\n|turn|20\n|c| Judgieiscool|its over-Slim Jim Johnson\n|\n|t:|1698028987\n|move|p2a: shonen|Revival Blessing|p2a: shonen\n|\n|t:|1698028994\n|-heal|p2: PRINCE|50\/100|[from] move: Revival Blessing\n|move|p1a: Annihilape|Drain Punch|p2a: shonen\n|-damage|p2a: shonen|0 fnt\n|-heal|p1a: Annihilape|49\/100 brn|[from] drain|[of] p2a: shonen\n|faint|p2a: shonen\n|\n|-heal|p1a: Annihilape|55\/100 brn|[from] item: Leftovers\n|-damage|p1a: Annihilape|49\/100 brn|[from] brn\n|upkeep\n|\n|t:|1698029023\n|switch|p2a: PRINCE|Manaphy|50\/100\n|turn|21\n|\n|t:|1698029029\n|move|p2a: PRINCE|Substitute|p2a: PRINCE\n|-start|p2a: PRINCE|Substitute\n|-damage|p2a: PRINCE|25\/100\n|move|p1a: Annihilape|Rage Fist|p2a: PRINCE\n|-end|p2a: PRINCE|Substitute\n|\n|-heal|p2a: PRINCE|32\/100|[from] item: Leftovers\n|-heal|p1a: Annihilape|55\/100 brn|[from] item: Leftovers\n|-damage|p1a: Annihilape|49\/100 brn|[from] brn\n|upkeep\n|turn|22\n|\n|t:|1698029042\n|move|p2a: PRINCE|Scald|p1a: Annihilape\n|-damage|p1a: Annihilape|25\/100 brn\n|move|p1a: Annihilape|Rage Fist|p2a: PRINCE\n|-damage|p2a: PRINCE|0 fnt\n|faint|p2a: PRINCE\n|\n|-heal|p1a: Annihilape|32\/100 brn|[from] item: Leftovers\n|-damage|p1a: Annihilape|25\/100 brn|[from] brn\n|upkeep\n|\n|t:|1698029051\n|switch|p2a: Lion-O|Chien-Pao|100\/100\n|-ability|p2a: Lion-O|Sword of Ruin\n|turn|23\n|\n|t:|1698029062\n|-terastallize|p2a: Lion-O|Fighting\n|move|p2a: Lion-O|Icicle Crash|p1a: Annihilape\n|-crit|p1a: Annihilape\n|-damage|p1a: Annihilape|0 fnt\n|faint|p1a: Annihilape\n|\n|upkeep\n|\n|t:|1698029073\n|switch|p1a: Urshifu|Urshifu-Rapid-Strike, M|100\/100 par\n|-damage|p1a: Urshifu|94\/100 par|[from] Stealth Rock\n|turn|24\n|l| Lillyrosethedemon\n|j| Lillyrosethedemon\n|\n|t:|1698029096\n|move|p2a: Lion-O|Sacred Sword|p1a: Urshifu\n|-damage|p1a: Urshifu|38\/100 par\n|move|p1a: Urshifu|Surging Strikes|p2a: Lion-O\n|-crit|p2a: Lion-O\n|-damage|p2a: Lion-O|72\/100\n|-crit|p2a: Lion-O\n|-damage|p2a: Lion-O|42\/100\n|-crit|p2a: Lion-O\n|-damage|p2a: Lion-O|13\/100\n|-hitcount|p2a: Lion-O|3\n|\n|upkeep\n|turn|25\n|\n|t:|1698029107\n|move|p1a: Urshifu|Aqua Jet|p2a: Lion-O\n|-damage|p2a: Lion-O|0 fnt\n|faint|p2a: Lion-O\n|\n|win|bandit_tpl\n|l| Lillyrosethedemon\n|c| Judgieiscool|nailbiter\n|c|\u2606something482|gg\n|l| Chadwin93\n","uploadtime":1698029116,"views":18,"p1id":"bandittpl","p2id":"something482","formatid":"gen9ubers","rating":0,"private":0,"password":""}