{"id":"gen9ubers-1972933548","p1":"Nick268","p2":"edvillainy","format":"[Gen 9] Ubers","log":"|j|\u2606Nick268\n|j|\u2606edvillainy\n|t:|1697910312\n|gametype|singles\n|player|p1|Nick268|101|\n|player|p2|edvillainy|1|\n|teamsize|p1|6\n|teamsize|p2|6\n|gen|9\n|tier|[Gen 9] Ubers\n|rule|Sleep Clause Mod: Limit one foe put to sleep\n|rule|Species Clause: Limit one of each Pok\u00e9mon\n|rule|OHKO Clause: OHKO moves are banned\n|rule|Evasion Items Clause: Evasion items are banned\n|rule|Evasion Moves Clause: Evasion moves are banned\n|rule|Endless Battle Clause: Forcing endless battles is banned\n|rule|HP Percentage Mod: HP is shown in percentages\n|clearpoke\n|poke|p1|Iron Valiant|\n|poke|p1|Greninja-*, F|\n|poke|p1|Rotom-Heat|\n|poke|p1|Espeon, M|\n|poke|p1|Clodsire, F|\n|poke|p1|Fezandipiti, M|\n|poke|p2|Torkoal, F|\n|poke|p2|Chi-Yu|\n|poke|p2|Iron Hands|\n|poke|p2|Gholdengo|\n|poke|p2|Leavanny, F|\n|poke|p2|Grimmsnarl, M|\n|teampreview\n|j| bydy2\n|j| Inkaying\n|\n|t:|1697910329\n|start\n|switch|p1a: Greninja|Greninja, F, shiny|100\/100\n|switch|p2a: Grimmsnarl|Grimmsnarl, M|100\/100\n|turn|1\n|c| Inkaying|No wake, damn\n|\n|t:|1697910343\n|move|p2a: Grimmsnarl|Reflect|p2a: Grimmsnarl\n|-sidestart|p2: edvillainy|Reflect\n|move|p1a: Greninja|U-turn|p2a: Grimmsnarl\n|-start|p1a: Greninja|typechange|Bug|[from] ability: Protean\n|-damage|p2a: Grimmsnarl|79\/100\n|\n|t:|1697910354\n|switch|p1a: Rotom|Rotom-Heat|100\/100|[from] U-turn\n|\n|upkeep\n|turn|2\n|\n|t:|1697910360\n|move|p2a: Grimmsnarl|Light Screen|p2a: Grimmsnarl\n|-sidestart|p2: edvillainy|move: Light Screen\n|move|p1a: Rotom|Will-O-Wisp|p2a: Grimmsnarl\n|-status|p2a: Grimmsnarl|brn\n|\n|-damage|p2a: Grimmsnarl|73\/100 brn|[from] brn\n|upkeep\n|turn|3\n|\n|t:|1697910371\n|move|p1a: Rotom|Hex|p2a: Grimmsnarl\n|-resisted|p2a: Grimmsnarl\n|-damage|p2a: Grimmsnarl|65\/100 brn\n|move|p2a: Grimmsnarl|Spirit Break|p1a: Rotom\n|-resisted|p1a: Rotom\n|-damage|p1a: Rotom|91\/100\n|-unboost|p1a: Rotom|spa|1\n|\n|-heal|p1a: Rotom|97\/100|[from] item: Leftovers\n|-damage|p2a: Grimmsnarl|59\/100 brn|[from] brn\n|upkeep\n|turn|4\n|\n|t:|1697910394\n|switch|p2a: Torkoal|Torkoal, F|100\/100\n|-weather|SunnyDay|[from] ability: Drought|[of] p2a: Torkoal\n|move|p1a: Rotom|Volt Switch|p2a: Torkoal\n|-damage|p2a: Torkoal|87\/100\n|\n|t:|1697910404\n|switch|p1a: Clodsire|Clodsire, F|100\/100|[from] Volt Switch\n|\n|-weather|SunnyDay|[upkeep]\n|upkeep\n|turn|5\n|\n|t:|1697910411\n|move|p2a: Torkoal|Stealth Rock|p1a: Clodsire\n|-sidestart|p1: Nick268|move: Stealth Rock\n|move|p1a: Clodsire|Spikes|p2a: Torkoal\n|-sidestart|p2: edvillainy|Spikes\n|\n|-weather|SunnyDay|[upkeep]\n|upkeep\n|turn|6\n|\n|t:|1697910419\n|move|p1a: Clodsire|Earthquake|p2a: Torkoal\n|-supereffective|p2a: Torkoal\n|-damage|p2a: Torkoal|72\/100\n|move|p2a: Torkoal|Yawn|p1a: Clodsire\n|-start|p1a: Clodsire|move: Yawn|[of] p2a: Torkoal\n|\n|-weather|SunnyDay|[upkeep]\n|upkeep\n|turn|7\n|\n|t:|1697910433\n|switch|p1a: Greninja|Greninja, F, shiny|100\/100\n|move|p2a: Torkoal|Rapid Spin|p1a: Greninja\n|-damage|p1a: Greninja|85\/100\n|-boost|p2a: Torkoal|spe|1\n|-sideend|p2: edvillainy|Spikes|[from] move: Rapid Spin|[of] p2a: Torkoal\n|\n|-weather|SunnyDay|[upkeep]\n|upkeep\n|turn|8\n|\n|t:|1697910444\n|move|p1a: Greninja|Liquidation|p2a: Torkoal\n|-start|p1a: Greninja|typechange|Water|[from] ability: Protean\n|-supereffective|p2a: Torkoal\n|-damage|p2a: Torkoal|62\/100\n|move|p2a: Torkoal|Yawn|p1a: Greninja\n|-start|p1a: Greninja|move: Yawn|[of] p2a: Torkoal\n|\n|-weather|SunnyDay|[upkeep]\n|-sideend|p2: edvillainy|Reflect\n|upkeep\n|turn|9\n|\n|t:|1697910459\n|switch|p1a: Clodsire|Clodsire, F|100\/100\n|-damage|p1a: Clodsire|94\/100|[from] Stealth Rock\n|move|p2a: Torkoal|Overheat|p1a: Clodsire\n|-damage|p1a: Clodsire|64\/100\n|-unboost|p2a: Torkoal|spa|2\n|\n|-weather|SunnyDay|[upkeep]\n|-heal|p1a: Clodsire|70\/100|[from] item: Leftovers\n|-sideend|p2: edvillainy|move: Light Screen\n|upkeep\n|turn|10\n|\n|t:|1697910470\n|move|p2a: Torkoal|Yawn|p1a: Clodsire\n|-start|p1a: Clodsire|move: Yawn|[of] p2a: Torkoal\n|move|p1a: Clodsire|Earthquake|p2a: Torkoal\n|-supereffective|p2a: Torkoal\n|-damage|p2a: Torkoal|33\/100\n|\n|-weather|SunnyDay|[upkeep]\n|-heal|p1a: Clodsire|76\/100|[from] item: Leftovers\n|upkeep\n|turn|11\n|\n|t:|1697910485\n|switch|p1a: Greninja|Greninja, F, shiny|85\/100\n|move|p2a: Torkoal|Overheat|p1a: Greninja\n|-resisted|p1a: Greninja\n|-damage|p1a: Greninja|63\/100\n|-unboost|p2a: Torkoal|spa|2\n|\n|-weather|none\n|upkeep\n|turn|12\n|c| Inkaying|\ud83e\udd71\n|\n|t:|1697910499\n|switch|p2a: Iron Hands|Iron Hands|100\/100\n|move|p1a: Greninja|Liquidation|p2a: Iron Hands\n|-start|p1a: Greninja|typechange|Water|[from] ability: Protean\n|-damage|p2a: Iron Hands|76\/100\n|\n|upkeep\n|turn|13\n|c| Inkaying|Ed spamming\n|\n|t:|1697910514\n|switch|p1a: Rotom|Rotom-Heat|97\/100\n|-damage|p1a: Rotom|72\/100|[from] Stealth Rock\n|-end|p2a: Iron Hands|Quark Drive|[silent]\n|switch|p2a: Grimmsnarl|Grimmsnarl, M|59\/100 brn\n|\n|-heal|p1a: Rotom|78\/100|[from] item: Leftovers\n|-damage|p2a: Grimmsnarl|53\/100 brn|[from] brn\n|upkeep\n|turn|14\n|\n|t:|1697910526\n|move|p2a: Grimmsnarl|Light Screen|p2a: Grimmsnarl\n|-sidestart|p2: edvillainy|move: Light Screen\n|move|p1a: Rotom|Overheat|p2a: Grimmsnarl\n|-damage|p2a: Grimmsnarl|33\/100 brn\n|-unboost|p1a: Rotom|spa|2\n|\n|-heal|p1a: Rotom|84\/100|[from] item: Leftovers\n|-damage|p2a: Grimmsnarl|27\/100 brn|[from] brn\n|upkeep\n|turn|15\n|\n|t:|1697910537\n|move|p2a: Grimmsnarl|Reflect|p2a: Grimmsnarl\n|-sidestart|p2: edvillainy|Reflect\n|move|p1a: Rotom|Volt Switch|p2a: Grimmsnarl\n|-damage|p2a: Grimmsnarl|21\/100 brn\n|\n|t:|1697910546\n|switch|p1a: Fezandipiti|Fezandipiti, M|100\/100|[from] Volt Switch\n|-damage|p1a: Fezandipiti|88\/100|[from] Stealth Rock\n|\n|-damage|p2a: Grimmsnarl|14\/100 brn|[from] brn\n|upkeep\n|turn|16\n|\n|t:|1697910555\n|move|p2a: Grimmsnarl|Taunt|p1a: Fezandipiti\n|-start|p1a: Fezandipiti|move: Taunt\n|cant|p1a: Fezandipiti|move: Taunt|Swords Dance\n|\n|-damage|p2a: Grimmsnarl|8\/100 brn|[from] brn\n|upkeep\n|turn|17\n|\n|t:|1697910565\n|move|p1a: Fezandipiti|Play Rough|p2a: Grimmsnarl\n|-supereffective|p2a: Grimmsnarl\n|-damage|p2a: Grimmsnarl|0 fnt\n|faint|p2a: Grimmsnarl\n|\n|upkeep\n|\n|t:|1697910567\n|switch|p2a: Torkoal|Torkoal, F|33\/100\n|-weather|SunnyDay|[from] ability: Drought|[of] p2a: Torkoal\n|turn|18\n|\n|t:|1697910575\n|switch|p1a: Clodsire|Clodsire, F|76\/100\n|-damage|p1a: Clodsire|70\/100|[from] Stealth Rock\n|move|p2a: Torkoal|Overheat|p1a: Clodsire\n|-damage|p1a: Clodsire|40\/100\n|-unboost|p2a: Torkoal|spa|2\n|\n|-weather|SunnyDay|[upkeep]\n|-heal|p1a: Clodsire|46\/100|[from] item: Leftovers\n|upkeep\n|turn|19\n|\n|t:|1697910587\n|move|p1a: Clodsire|Recover|p1a: Clodsire\n|-heal|p1a: Clodsire|96\/100\n|move|p2a: Torkoal|Yawn|p1a: Clodsire\n|-start|p1a: Clodsire|move: Yawn|[of] p2a: Torkoal\n|\n|-weather|SunnyDay|[upkeep]\n|-heal|p1a: Clodsire|100\/100|[from] item: Leftovers\n|upkeep\n|turn|20\n|c| Inkaying|Sean what moves did Ed remove on grimmsnarl?\n|\n|t:|1697910596\n|switch|p1a: Fezandipiti|Fezandipiti, M|88\/100\n|-damage|p1a: Fezandipiti|76\/100|[from] Stealth Rock\n|move|p2a: Torkoal|Overheat|p1a: Fezandipiti\n|-damage|p1a: Fezandipiti|52\/100\n|-unboost|p2a: Torkoal|spa|2\n|\n|-weather|SunnyDay|[upkeep]\n|upkeep\n|turn|21\n|\n|t:|1697910606\n|move|p1a: Fezandipiti|Swords Dance|p1a: Fezandipiti\n|-boost|p1a: Fezandipiti|atk|2\n|move|p2a: Torkoal|Overheat|p1a: Fezandipiti|[miss]\n|-miss|p2a: Torkoal|p1a: Fezandipiti\n|\n|-weather|SunnyDay|[upkeep]\n|-sideend|p2: edvillainy|move: Light Screen\n|upkeep\n|turn|22\n|\n|t:|1697910616\n|move|p1a: Fezandipiti|Roost|p1a: Fezandipiti\n|-heal|p1a: Fezandipiti|100\/100\n|-singleturn|p1a: Fezandipiti|move: Roost\n|move|p2a: Torkoal|Yawn|p1a: Fezandipiti\n|-start|p1a: Fezandipiti|move: Yawn|[of] p2a: Torkoal\n|\n|-weather|SunnyDay|[upkeep]\n|-sideend|p2: edvillainy|Reflect\n|upkeep\n|turn|23\n|\n|t:|1697910627\n|switch|p1a: Clodsire|Clodsire, F|100\/100\n|-damage|p1a: Clodsire|94\/100|[from] Stealth Rock\n|move|p2a: Torkoal|Overheat|p1a: Clodsire\n|-damage|p1a: Clodsire|62\/100\n|-unboost|p2a: Torkoal|spa|2\n|\n|-weather|SunnyDay|[upkeep]\n|-heal|p1a: Clodsire|68\/100|[from] item: Leftovers\n|upkeep\n|turn|24\n|\n|t:|1697910656\n|switch|p2a: Leavanny|Leavanny, F|100\/100\n|move|p1a: Clodsire|Earthquake|p2a: Leavanny\n|-resisted|p2a: Leavanny\n|-damage|p2a: Leavanny|93\/100\n|\n|-weather|SunnyDay|[upkeep]\n|-heal|p1a: Clodsire|74\/100|[from] item: Leftovers\n|upkeep\n|turn|25\n|\n|t:|1697910666\n|switch|p1a: Rotom|Rotom-Heat|84\/100\n|-damage|p1a: Rotom|59\/100|[from] Stealth Rock\n|move|p2a: Leavanny|Sticky Web|p1a: Rotom\n|-sidestart|p1: Nick268|move: Sticky Web\n|\n|-weather|none\n|-heal|p1a: Rotom|66\/100|[from] item: Leftovers\n|upkeep\n|turn|26\n|\n|t:|1697910679\n|switch|p2a: Torkoal|Torkoal, F|33\/100\n|-weather|SunnyDay|[from] ability: Drought|[of] p2a: Torkoal\n|move|p1a: Rotom|Overheat|p2a: Torkoal|[miss]\n|-miss|p1a: Rotom|p2a: Torkoal\n|\n|-weather|SunnyDay|[upkeep]\n|-heal|p1a: Rotom|72\/100|[from] item: Leftovers\n|upkeep\n|turn|27\n|\n|t:|1697910692\n|switch|p1a: Clodsire|Clodsire, F|74\/100\n|-damage|p1a: Clodsire|68\/100|[from] Stealth Rock\n|-activate|p1a: Clodsire|move: Sticky Web\n|-unboost|p1a: Clodsire|spe|1\n|move|p2a: Torkoal|Yawn|p1a: Clodsire\n|-start|p1a: Clodsire|move: Yawn|[of] p2a: Torkoal\n|\n|-weather|SunnyDay|[upkeep]\n|-heal|p1a: Clodsire|74\/100|[from] item: Leftovers\n|upkeep\n|turn|28\n|\n|t:|1697910709\n|switch|p2a: Leavanny|Leavanny, F|93\/100\n|switch|p1a: Rotom|Rotom-Heat|72\/100\n|-damage|p1a: Rotom|47\/100|[from] Stealth Rock\n|\n|-weather|SunnyDay|[upkeep]\n|-heal|p1a: Rotom|53\/100|[from] item: Leftovers\n|upkeep\n|turn|29\n|\n|t:|1697910724\n|move|p2a: Leavanny|String Shot|p1a: Rotom\n|-unboost|p1a: Rotom|spe|2\n|move|p1a: Rotom|Will-O-Wisp|p2a: Leavanny\n|-status|p2a: Leavanny|brn\n|\n|-weather|SunnyDay|[upkeep]\n|-heal|p1a: Rotom|59\/100|[from] item: Leftovers\n|-damage|p2a: Leavanny|86\/100 brn|[from] brn\n|upkeep\n|turn|30\n|\n|t:|1697910736\n|move|p2a: Leavanny|Lunge|p1a: Rotom\n|-resisted|p1a: Rotom\n|-damage|p1a: Rotom|52\/100\n|-unboost|p1a: Rotom|atk|1\n|move|p1a: Rotom|Overheat|p2a: Leavanny\n|-supereffective|p2a: Leavanny\n|-damage|p2a: Leavanny|0 fnt\n|-unboost|p1a: Rotom|spa|2\n|faint|p2a: Leavanny\n|\n|-weather|SunnyDay|[upkeep]\n|-heal|p1a: Rotom|58\/100|[from] item: Leftovers\n|upkeep\n|c| Inkaying|String shot\n|c| Inkaying|interesting\n|\n|t:|1697910748\n|switch|p2a: Chi-Yu|Chi-Yu|100\/100\n|-ability|p2a: Chi-Yu|Beads of Ruin\n|turn|31\n|\n|t:|1697910758\n|switch|p1a: Clodsire|Clodsire, F|74\/100\n|-damage|p1a: Clodsire|68\/100|[from] Stealth Rock\n|-activate|p1a: Clodsire|move: Sticky Web\n|-unboost|p1a: Clodsire|spe|1\n|move|p2a: Chi-Yu|Nasty Plot|p2a: Chi-Yu\n|-boost|p2a: Chi-Yu|spa|2\n|\n|-weather|SunnyDay|[upkeep]\n|-heal|p1a: Clodsire|74\/100|[from] item: Leftovers\n|upkeep\n|turn|32\n|\n|t:|1697910769\n|move|p2a: Chi-Yu|Dark Pulse|p1a: Clodsire\n|-damage|p1a: Clodsire|36\/100\n|-damage|p2a: Chi-Yu|91\/100|[from] item: Life Orb\n|cant|p1a: Clodsire|flinch\n|\n|-weather|SunnyDay|[upkeep]\n|-heal|p1a: Clodsire|42\/100|[from] item: Leftovers\n|upkeep\n|turn|33\n|\n|t:|1697910782\n|move|p2a: Chi-Yu|Nasty Plot|p2a: Chi-Yu\n|-boost|p2a: Chi-Yu|spa|2\n|move|p1a: Clodsire|Earthquake|p2a: Chi-Yu\n|-supereffective|p2a: Chi-Yu\n|-damage|p2a: Chi-Yu|2\/100\n|\n|-weather|none\n|-heal|p1a: Clodsire|49\/100|[from] item: Leftovers\n|upkeep\n|turn|34\n|\n|t:|1697910793\n|move|p2a: Chi-Yu|Dark Pulse|p1a: Clodsire\n|-damage|p1a: Clodsire|12\/100\n|-damage|p2a: Chi-Yu|0 fnt|[from] item: Life Orb\n|faint|p2a: Chi-Yu\n|move|p1a: Clodsire|Earthquake|p2: Chi-Yu|[notarget]\n|-fail|p1a: Clodsire\n|\n|-heal|p1a: Clodsire|19\/100|[from] item: Leftovers\n|upkeep\n|c| Inkaying|What the fuck\n|c| bydy2|Unaware!\n|c|\u2606edvillainy|yeah kill me\n|c| Inkaying|Oh yeah lol\n|\n|t:|1697910810\n|switch|p2a: Torkoal|Torkoal, F|33\/100\n|-weather|SunnyDay|[from] ability: Drought|[of] p2a: Torkoal\n|turn|35\n|\n|t:|1697910824\n|switch|p1a: Greninja|Greninja, F, shiny|63\/100\n|move|p2a: Torkoal|Overheat|p1a: Greninja\n|-resisted|p1a: Greninja\n|-damage|p1a: Greninja|20\/100\n|-unboost|p2a: Torkoal|spa|2\n|\n|-weather|SunnyDay|[upkeep]\n|upkeep\n|turn|36\n|\n|t:|1697910835\n|move|p1a: Greninja|Liquidation|p2a: Torkoal\n|-start|p1a: Greninja|typechange|Water|[from] ability: Protean\n|-supereffective|p2a: Torkoal\n|-damage|p2a: Torkoal|10\/100\n|move|p2a: Torkoal|Overheat|p1a: Greninja\n|-resisted|p1a: Greninja\n|-damage|p1a: Greninja|0 fnt\n|-unboost|p2a: Torkoal|spa|2\n|faint|p1a: Greninja\n|\n|-weather|SunnyDay|[upkeep]\n|upkeep\n|\n|t:|1697910861\n|switch|p1a: Rotom|Rotom-Heat|58\/100\n|-damage|p1a: Rotom|33\/100|[from] Stealth Rock\n|turn|37\n|\n|t:|1697910866\n|move|p1a: Rotom|Volt Switch|p2a: Torkoal\n|-damage|p2a: Torkoal|0 fnt\n|faint|p2a: Torkoal\n|\n|t:|1697910883\n|switch|p1a: Iron Valiant|Iron Valiant|100\/100|[from] Volt Switch\n|-damage|p1a: Iron Valiant|94\/100|[from] Stealth Rock\n|-activate|p1a: Iron Valiant|move: Sticky Web\n|-unboost|p1a: Iron Valiant|spe|1\n|-enditem|p1a: Iron Valiant|Booster Energy\n|-activate|p1a: Iron Valiant|ability: Quark Drive|[fromitem]\n|-start|p1a: Iron Valiant|quarkdrivespa\n|\n|-weather|SunnyDay|[upkeep]\n|upkeep\n|\n|t:|1697910893\n|switch|p2a: Gholdengo|Gholdengo|100\/100\n|turn|38\n|\n|t:|1697910919\n|-end|p1a: Iron Valiant|Quark Drive|[silent]\n|switch|p1a: Clodsire|Clodsire, F|19\/100\n|-damage|p1a: Clodsire|12\/100|[from] Stealth Rock\n|-activate|p1a: Clodsire|move: Sticky Web\n|-unboost|p1a: Clodsire|spe|1\n|move|p2a: Gholdengo|Trick|p1a: Clodsire\n|-activate|p2a: Gholdengo|move: Trick|[of] p1a: Clodsire\n|-item|p1a: Clodsire|Choice Scarf|[from] move: Trick\n|-item|p2a: Gholdengo|Leftovers|[from] move: Trick\n|\n|-weather|SunnyDay|[upkeep]\n|upkeep\n|turn|39\n|\n|t:|1697910930\n|move|p2a: Gholdengo|Shadow Ball|p1a: Clodsire\n|-damage|p1a: Clodsire|0 fnt\n|faint|p1a: Clodsire\n|\n|-weather|SunnyDay|[upkeep]\n|upkeep\n|c| Inkaying|That was smart\n|\n|t:|1697910946\n|switch|p1a: Espeon|Espeon, M|100\/100\n|turn|40\n|\n|t:|1697910954\n|-terastallize|p1a: Espeon|Fairy\n|move|p1a: Espeon|Shadow Ball|p2a: Gholdengo\n|-supereffective|p2a: Gholdengo\n|-damage|p2a: Gholdengo|37\/100\n|move|p2a: Gholdengo|Shadow Ball|p1a: Espeon\n|-damage|p1a: Espeon|43\/100\n|\n|-weather|SunnyDay|[upkeep]\n|-heal|p2a: Gholdengo|43\/100|[from] item: Leftovers\n|upkeep\n|turn|41\n|\n|t:|1697910966\n|move|p1a: Espeon|Shadow Ball|p2a: Gholdengo\n|-supereffective|p2a: Gholdengo\n|-damage|p2a: Gholdengo|0 fnt\n|faint|p2a: Gholdengo\n|\n|-weather|SunnyDay|[upkeep]\n|upkeep\n|\n|t:|1697910969\n|switch|p2a: Iron Hands|Iron Hands|76\/100\n|turn|42\n|\n|t:|1697910983\n|move|p1a: Espeon|Psychic|p2a: Iron Hands\n|-supereffective|p2a: Iron Hands\n|-damage|p2a: Iron Hands|0 fnt\n|faint|p2a: Iron Hands\n|-end|p2a: Iron Hands|Quark Drive|[silent]\n|\n|win|Nick268\n|c| Inkaying|My boy\n|c| bydy2|Boots are clutch\n|c| Inkaying|\ud83d\ude2d\ud83d\ude2d\n|c| Inkaying|Actually so proud of him\n|c| bydy2|Also you could've prevented webs, but strongly fought\n|l|\u2606Nick268\n|l|\u2606edvillainy\n|l| Inkaying\n|j|\u2606Nick268\n|player|p1|Nick268|101\n|l| bydy2\n|j| bydy2\n|l| bydy2\n|l|\u2606Nick268\n|player|p1|\n|j|\u2606Nick268\n|player|p1|Nick268|101\n","uploadtime":1697911025,"views":32,"p1id":"nick268","p2id":"edvillainy","formatid":"gen9ubers","rating":0,"private":0,"password":""}