{"id":"gen9ubers-1999901186","p1":"12YOweaboo","p2":"ralph smogon","format":"[Gen 9] Ubers","log":"|j|\u260612YOweaboo\n|j|\u2606ralph smogon\n|t:|1701128011\n|gametype|singles\n|player|p1|12YOweaboo|volkner|\n|player|p2|ralph smogon|policeman-gen4|\n|teamsize|p1|6\n|teamsize|p2|6\n|gen|9\n|tier|[Gen 9] Ubers\n|rule|Sleep Clause Mod: Limit one foe put to sleep\n|rule|Species Clause: Limit one of each Pok\u00e9mon\n|rule|OHKO Clause: OHKO moves are banned\n|rule|Evasion Items Clause: Evasion items are banned\n|rule|Evasion Moves Clause: Evasion moves are banned\n|rule|Endless Battle Clause: Forcing endless battles is banned\n|rule|HP Percentage Mod: HP is shown in percentages\n|clearpoke\n|poke|p1|Greninja-*, M|\n|poke|p1|Landorus-Therian, M|\n|poke|p1|Jirachi|\n|poke|p1|Gengar, M|\n|poke|p1|Sandy Shocks|\n|poke|p1|Gallade, M|\n|poke|p2|Great Tusk|\n|poke|p2|Espathra, F|\n|poke|p2|Corviknight, M|\n|poke|p2|Hydreigon, M|\n|poke|p2|Revavroom, F|\n|poke|p2|Slowking, F|\n|teampreview\n|\n|t:|1701128059\n|start\n|switch|p1a: That aint Falco|Gengar, M, shiny|100\/100\n|switch|p2a: gamestop bill|Revavroom, F|100\/100\n|turn|1\n|\n|t:|1701128109\n|move|p1a: That aint Falco|Thunder Wave|p2a: gamestop bill\n|-status|p2a: gamestop bill|par\n|cant|p2a: gamestop bill|par\n|\n|upkeep\n|turn|2\n|\n|t:|1701128123\n|switch|p1a: gar field|Landorus-Therian, M|100\/100\n|-ability|p1a: gar field|Intimidate|boost\n|-unboost|p2a: gamestop bill|atk|1\n|move|p2a: gamestop bill|Spin Out|p1a: gar field\n|-damage|p1a: gar field|69\/100\n|-unboost|p2a: gamestop bill|spe|2\n|\n|upkeep\n|turn|3\n|j| butter dk\n|\n|t:|1701128173\n|switch|p2a: The Stranger|Great Tusk|100\/100\n|-enditem|p2a: The Stranger|Booster Energy\n|-activate|p2a: The Stranger|ability: Protosynthesis|[fromitem]\n|-start|p2a: The Stranger|protosynthesisatk\n|move|p1a: gar field|Hammer Arm|p2a: The Stranger\n|-damage|p2a: The Stranger|72\/100\n|-unboost|p1a: gar field|spe|1\n|\n|upkeep\n|turn|4\n|\n|t:|1701128202\n|switch|p1a: That aint Falco|Gengar, M, shiny|100\/100\n|move|p2a: The Stranger|Stealth Rock|p1a: That aint Falco\n|-sidestart|p1: 12YOweaboo|move: Stealth Rock\n|\n|upkeep\n|turn|5\n|\n|t:|1701128228\n|switch|p1a: gar field|Landorus-Therian, M|69\/100\n|-damage|p1a: gar field|57\/100|[from] Stealth Rock\n|-ability|p1a: gar field|Intimidate|boost\n|-unboost|p2a: The Stranger|atk|1\n|move|p2a: The Stranger|Headlong Rush|p1a: gar field\n|-immune|p1a: gar field\n|\n|upkeep\n|turn|6\n|\n|t:|1701128242\n|move|p1a: gar field|Earthquake|p2a: The Stranger\n|-damage|p2a: The Stranger|34\/100\n|move|p2a: The Stranger|Ice Spinner|p1a: gar field\n|-supereffective|p1a: gar field\n|-damage|p1a: gar field|0 fnt\n|faint|p1a: gar field\n|\n|upkeep\n|\n|t:|1701128253\n|switch|p1a: Triedtotellem|Greninja, M|100\/100\n|-damage|p1a: Triedtotellem|88\/100|[from] Stealth Rock\n|turn|7\n|\n|t:|1701128294\n|-end|p2a: The Stranger|Protosynthesis|[silent]\n|switch|p2a: in the house|Corviknight, M, shiny|100\/100\n|-ability|p2a: in the house|Pressure\n|move|p1a: Triedtotellem|Water Shuriken|p2a: in the house\n|-damage|p2a: in the house|93\/100\n|-damage|p2a: in the house|86\/100\n|-hitcount|p2a: in the house|2\n|-damage|p1a: Triedtotellem|78\/100|[from] item: Life Orb\n|\n|upkeep\n|turn|8\n|\n|t:|1701128327\n|switch|p1a: That aint Falco|Gengar, M, shiny|100\/100\n|-damage|p1a: That aint Falco|88\/100|[from] Stealth Rock\n|move|p2a: in the house|Body Press|p1a: That aint Falco\n|-immune|p1a: That aint Falco\n|\n|-heal|p1a: That aint Falco|94\/100|[from] item: Leftovers\n|upkeep\n|turn|9\n|\n|t:|1701128338\n|move|p1a: That aint Falco|Thunderbolt|p2a: in the house\n|-supereffective|p2a: in the house\n|-damage|p2a: in the house|40\/100\n|move|p2a: in the house|U-turn|p1a: That aint Falco\n|-resisted|p1a: That aint Falco\n|-damage|p1a: That aint Falco|88\/100\n|-start|p2a: in the house|Disable|U-turn|[from] ability: Cursed Body|[of] p1a: That aint Falco\n|\n|t:|1701128369\n|switch|p2a: gamestop bill|Revavroom, F|100\/100 par|[from] U-turn\n|\n|-heal|p1a: That aint Falco|94\/100|[from] item: Leftovers\n|upkeep\n|turn|10\n|\n|t:|1701128382\n|move|p1a: That aint Falco|Shadow Ball|p2a: gamestop bill\n|-damage|p2a: gamestop bill|61\/100 par\n|move|p2a: gamestop bill|Toxic Spikes|p1a: That aint Falco\n|-sidestart|p1: 12YOweaboo|move: Toxic Spikes\n|\n|-heal|p1a: That aint Falco|99\/100|[from] item: Leftovers\n|-heal|p2a: gamestop bill|68\/100 par|[from] item: Leftovers\n|upkeep\n|turn|11\n|\n|t:|1701128391\n|move|p1a: That aint Falco|Shadow Ball|p2a: gamestop bill\n|-damage|p2a: gamestop bill|32\/100 par\n|-unboost|p2a: gamestop bill|spd|1\n|move|p2a: gamestop bill|Spin Out|p1a: That aint Falco\n|-damage|p1a: That aint Falco|14\/100\n|-unboost|p2a: gamestop bill|spe|2\n|\n|-heal|p1a: That aint Falco|20\/100|[from] item: Leftovers\n|-heal|p2a: gamestop bill|38\/100 par|[from] item: Leftovers\n|upkeep\n|turn|12\n|\n|t:|1701128415\n|move|p1a: That aint Falco|Shadow Ball|p2a: gamestop bill\n|-damage|p2a: gamestop bill|0 fnt\n|faint|p2a: gamestop bill\n|\n|-heal|p1a: That aint Falco|26\/100|[from] item: Leftovers\n|upkeep\n|\n|t:|1701128459\n|switch|p2a: nepo baby|Espathra, F|100\/100\n|turn|13\n|\n|t:|1701128472\n|-terastallize|p2a: nepo baby|Fairy\n|move|p2a: nepo baby|Protect|p2a: nepo baby\n|-singleturn|p2a: nepo baby|Protect\n|move|p1a: That aint Falco|Shadow Ball|p2a: nepo baby\n|-activate|p2a: nepo baby|move: Protect\n|\n|-heal|p1a: That aint Falco|32\/100|[from] item: Leftovers\n|-ability|p2a: nepo baby|Speed Boost|boost\n|-boost|p2a: nepo baby|spe|1\n|upkeep\n|turn|14\n|\n|t:|1701128501\n|switch|p1a: Dabuz|Jirachi, shiny|100\/100\n|-damage|p1a: Dabuz|94\/100|[from] Stealth Rock\n|move|p2a: nepo baby|Substitute|p2a: nepo baby\n|-start|p2a: nepo baby|Substitute\n|-damage|p2a: nepo baby|76\/100\n|\n|-heal|p2a: nepo baby|82\/100|[from] item: Leftovers\n|-ability|p2a: nepo baby|Speed Boost|boost\n|-boost|p2a: nepo baby|spe|1\n|upkeep\n|turn|15\n|\n|t:|1701128521\n|move|p2a: nepo baby|Tera Blast|p1a: Dabuz|[anim] Tera Blast Fairy\n|-resisted|p1a: Dabuz\n|-damage|p1a: Dabuz|79\/100\n|move|p1a: Dabuz|Trick||[still]\n|-fail|p1a: Dabuz\n|\n|-heal|p2a: nepo baby|88\/100|[from] item: Leftovers\n|-ability|p2a: nepo baby|Speed Boost|boost\n|-boost|p2a: nepo baby|spe|1\n|upkeep\n|turn|16\n|\n|t:|1701128552\n|switch|p1a: That aint Falco|Gengar, M, shiny|32\/100\n|-damage|p1a: That aint Falco|20\/100|[from] Stealth Rock\n|-sideend|p1: 12YOweaboo|move: Toxic Spikes|[of] p1a: That aint Falco\n|move|p2a: nepo baby|Tera Blast|p1a: That aint Falco|[anim] Tera Blast Fairy\n|-resisted|p1a: That aint Falco\n|-damage|p1a: That aint Falco|0 fnt\n|-start|p2a: nepo baby|Disable|Tera Blast|[from] ability: Cursed Body|[of] p1a: That aint Falco\n|faint|p1a: That aint Falco\n|\n|-heal|p2a: nepo baby|94\/100|[from] item: Leftovers\n|-ability|p2a: nepo baby|Speed Boost|boost\n|-boost|p2a: nepo baby|spe|1\n|upkeep\n|\n|t:|1701128563\n|switch|p1a: Dabuz|Jirachi, shiny|79\/100\n|-damage|p1a: Dabuz|73\/100|[from] Stealth Rock\n|turn|17\n|\n|t:|1701128571\n|move|p2a: nepo baby|Stored Power|p1a: Dabuz\n|-resisted|p1a: Dabuz\n|-damage|p1a: Dabuz|63\/100\n|move|p1a: Dabuz|Iron Head|p2a: nepo baby\n|-supereffective|p2a: nepo baby\n|-end|p2a: nepo baby|Substitute\n|\n|-heal|p2a: nepo baby|99\/100|[from] item: Leftovers\n|-ability|p2a: nepo baby|Speed Boost|boost\n|-boost|p2a: nepo baby|spe|1\n|upkeep\n|turn|18\n|\n|t:|1701128635\n|switch|p2a: chris benoit|Hydreigon, M|100\/100\n|move|p1a: Dabuz|Iron Head|p2a: chris benoit\n|-damage|p2a: chris benoit|63\/100\n|\n|upkeep\n|turn|19\n|\n|t:|1701128653\n|move|p1a: Dabuz|Iron Head|p2a: chris benoit\n|-damage|p2a: chris benoit|23\/100\n|cant|p2a: chris benoit|flinch\n|\n|upkeep\n|turn|20\n|\n|t:|1701128658\n|move|p1a: Dabuz|Iron Head|p2a: chris benoit\n|-damage|p2a: chris benoit|0 fnt\n|faint|p2a: chris benoit\n|\n|upkeep\n|\n|t:|1701128676\n|switch|p2a: in the house|Corviknight, M, shiny|40\/100\n|-ability|p2a: in the house|Pressure\n|turn|21\n|\n|t:|1701128682\n|move|p1a: Dabuz|Iron Head|p2a: in the house\n|-resisted|p2a: in the house\n|-damage|p2a: in the house|25\/100\n|-damage|p1a: Dabuz|47\/100|[from] item: Rocky Helmet|[of] p2a: in the house\n|cant|p2a: in the house|flinch\n|\n|upkeep\n|turn|22\n|\n|t:|1701128688\n|move|p1a: Dabuz|Iron Head|p2a: in the house\n|-resisted|p2a: in the house\n|-damage|p2a: in the house|11\/100\n|-damage|p1a: Dabuz|30\/100|[from] item: Rocky Helmet|[of] p2a: in the house\n|cant|p2a: in the house|flinch\n|\n|upkeep\n|turn|23\n|c|\u2606ralph smogon|???\n|\n|t:|1701128699\n|move|p1a: Dabuz|Iron Head|p2a: in the house\n|-resisted|p2a: in the house\n|-damage|p2a: in the house|0 fnt\n|-damage|p1a: Dabuz|14\/100|[from] item: Rocky Helmet|[of] p2a: in the house\n|faint|p2a: in the house\n|\n|upkeep\n|\n|t:|1701128710\n|switch|p2a: Slowking|Slowking, F|100\/100\n|turn|24\n|c| butter dk|Little flinchington\n|\n|t:|1701128731\n|switch|p1a: Triedtotellem|Greninja, M|78\/100\n|-damage|p1a: Triedtotellem|66\/100|[from] Stealth Rock\n|move|p2a: Slowking|Future Sight|p1a: Triedtotellem\n|-start|p2a: Slowking|move: Future Sight\n|\n|upkeep\n|turn|25\n|c|\u2606ralph smogon|pokemon sucks asss\n|\n|t:|1701128755\n|-terastallize|p1a: Triedtotellem|Water\n|move|p1a: Triedtotellem|Dark Pulse|p2a: Slowking\n|-supereffective|p2a: Slowking\n|-damage|p2a: Slowking|41\/100\n|-damage|p1a: Triedtotellem|56\/100|[from] item: Life Orb\n|move|p2a: Slowking|Surf|p1a: Triedtotellem\n|-resisted|p1a: Triedtotellem\n|-damage|p1a: Triedtotellem|33\/100\n|\n|upkeep\n|turn|26\n|\n|t:|1701128781\n|move|p1a: Triedtotellem|Dark Pulse|p2a: Slowking\n|-supereffective|p2a: Slowking\n|-damage|p2a: Slowking|0 fnt\n|faint|p2a: Slowking\n|-ability|p1a: Triedtotellem|Battle Bond|boost\n|-boost|p1a: Triedtotellem|atk|1\n|-boost|p1a: Triedtotellem|spa|1\n|-boost|p1a: Triedtotellem|spe|1\n|-activate|p1a: Triedtotellem|ability: Battle Bond\n|-damage|p1a: Triedtotellem|23\/100|[from] item: Life Orb\n|\n|-end|p1a: Triedtotellem|move: Future Sight\n|-damage|p1a: Triedtotellem|0 fnt\n|faint|p1a: Triedtotellem\n|upkeep\n|\n|t:|1701128845\n|switch|p1a: Dabuz|Jirachi, shiny|14\/100\n|switch|p2a: The Stranger|Great Tusk|34\/100\n|-damage|p1a: Dabuz|8\/100|[from] Stealth Rock\n|turn|27\n|\n|t:|1701128860\n|move|p1a: Dabuz|Iron Head|p2a: The Stranger\n|-damage|p2a: The Stranger|9\/100\n|move|p2a: The Stranger|Headlong Rush|p1a: Dabuz\n|-supereffective|p1a: Dabuz\n|-crit|p1a: Dabuz\n|-damage|p1a: Dabuz|0 fnt\n|-unboost|p2a: The Stranger|def|1\n|-unboost|p2a: The Stranger|spd|1\n|faint|p1a: Dabuz\n|\n|upkeep\n|\n|t:|1701128875\n|switch|p1a: Glade|Gallade, M|100\/100\n|-damage|p1a: Glade|94\/100|[from] Stealth Rock\n|turn|28\n|j| B_Blash\n|\n|t:|1701128886\n|move|p2a: The Stranger|Headlong Rush|p1a: Glade\n|-damage|p1a: Glade|0 fnt\n|-unboost|p2a: The Stranger|def|1\n|-unboost|p2a: The Stranger|spd|1\n|faint|p1a: Glade\n|\n|upkeep\n|\n|t:|1701128892\n|switch|p1a: Sandy Shocks|Sandy Shocks, shiny|100\/100\n|-damage|p1a: Sandy Shocks|94\/100|[from] Stealth Rock\n|-enditem|p1a: Sandy Shocks|Booster Energy\n|-activate|p1a: Sandy Shocks|ability: Protosynthesis|[fromitem]\n|-start|p1a: Sandy Shocks|protosynthesisspe\n|turn|29\n|\n|t:|1701128901\n|move|p1a: Sandy Shocks|Earth Power|p2a: The Stranger\n|-damage|p2a: The Stranger|0 fnt\n|faint|p2a: The Stranger\n|-end|p2a: The Stranger|Protosynthesis|[silent]\n|\n|upkeep\n|j| Misterharout0811\n|\n|t:|1701128914\n|switch|p2a: nepo baby|Espathra, F, tera:Fairy|99\/100\n|turn|30\n|\n|t:|1701128927\n|move|p2a: nepo baby|Protect|p2a: nepo baby\n|-singleturn|p2a: nepo baby|Protect\n|move|p1a: Sandy Shocks|Thunderbolt|p2a: nepo baby\n|-activate|p2a: nepo baby|move: Protect\n|\n|-heal|p2a: nepo baby|100\/100|[from] item: Leftovers\n|-ability|p2a: nepo baby|Speed Boost|boost\n|-boost|p2a: nepo baby|spe|1\n|upkeep\n|turn|31\n|\n|t:|1701128959\n|move|p2a: nepo baby|Protect||[still]\n|-fail|p2a: nepo baby\n|move|p1a: Sandy Shocks|Thunder Wave|p2a: nepo baby\n|-status|p2a: nepo baby|par\n|\n|-ability|p2a: nepo baby|Speed Boost|boost\n|-boost|p2a: nepo baby|spe|1\n|upkeep\n|turn|32\n|\n|t:|1701128973\n|move|p1a: Sandy Shocks|Thunderbolt|p2a: nepo baby\n|-damage|p2a: nepo baby|57\/100 par\n|move|p2a: nepo baby|Tera Blast|p1a: Sandy Shocks|[anim] Tera Blast Fairy\n|-damage|p1a: Sandy Shocks|54\/100\n|\n|-heal|p2a: nepo baby|63\/100 par|[from] item: Leftovers\n|-ability|p2a: nepo baby|Speed Boost|boost\n|-boost|p2a: nepo baby|spe|1\n|upkeep\n|turn|33\n|\n|t:|1701128986\n|move|p1a: Sandy Shocks|Earth Power|p2a: nepo baby\n|-damage|p2a: nepo baby|22\/100 par\n|cant|p2a: nepo baby|par\n|\n|-heal|p2a: nepo baby|28\/100 par|[from] item: Leftovers\n|-ability|p2a: nepo baby|Speed Boost|boost\n|-boost|p2a: nepo baby|spe|1\n|upkeep\n|turn|34\n|\n|t:|1701128996\n|cant|p2a: nepo baby|par\n|move|p1a: Sandy Shocks|Earth Power|p2a: nepo baby\n|-damage|p2a: nepo baby|0 fnt\n|faint|p2a: nepo baby\n|\n|win|12YOweaboo\n|c|\u2606ralph smogon|lol\n|c| butter dk|Why the double protect !\n|c|\u2606ralph smogon|gg\n|c| Misterharout0811|fuuuuuuuuuuuuuck\n|c|\u2606ralph smogon|yeah idk i fucked up\n|c| butter dk|Trent almost threw by tearing gren lol\n|c|\u2606ralph smogon|i forgot i could just attack then do it again\n|l| Misterharout0811\n|c| butter dk|Teraing\n|c|\u2606ralph smogon|this shit is more random than fantasy football\n","uploadtime":1701129014,"views":20,"p1id":"12yoweaboo","p2id":"ralphsmogon","formatid":"gen9ubers","rating":0,"private":0,"password":""}