{"id":"gen9ubers-1988435272","p1":"Penter","p2":"NaokiS2","format":"[Gen 9] Ubers","log":"|j|\u2606Penter\n|j|\u2606NaokiS2\n|inactive|Battle timer is ON: inactive players will automatically lose when time's up.\n|t:|1699722645\n|gametype|singles\n|player|p1|Penter|n|\n|player|p2|NaokiS2|marnie-masters3|\n|teamsize|p1|6\n|teamsize|p2|6\n|gen|9\n|tier|[Gen 9] Ubers\n|rated|Tournament battle\n|rule|Sleep Clause Mod: Limit one foe put to sleep\n|rule|Species Clause: Limit one of each Pok\u00e9mon\n|rule|OHKO Clause: OHKO moves are banned\n|rule|Evasion Items Clause: Evasion items are banned\n|rule|Evasion Moves Clause: Evasion moves are banned\n|rule|Endless Battle Clause: Forcing endless battles is banned\n|rule|HP Percentage Mod: HP is shown in percentages\n|clearpoke\n|poke|p1|Basculegion, M|\n|poke|p1|Eternatus|\n|poke|p1|Arceus-Ground|\n|poke|p1|Urshifu-*, M|\n|poke|p1|Miraidon|\n|poke|p1|Calyrex-Ice|\n|poke|p2|Gliscor, M|\n|poke|p2|Koraidon|\n|poke|p2|Zacian-*|\n|poke|p2|Arceus|\n|poke|p2|Miraidon|\n|poke|p2|Toxapex, F|\n|teampreview\n|j|*Lady Monita \u263d\n|j| BB-8-NU\n|j| Nagomi Yui\n|inactive|Penter has 120 seconds left.\n|inactive|NaokiS2 has 120 seconds left.\n|\n|t:|1699722684\n|start\n|switch|p1a: Basculegion|Basculegion, M|100\/100\n|switch|p2a: Joao cancelo|Gliscor, M|100\/100\n|turn|1\n|\n|t:|1699722690\n|move|p2a: Joao cancelo|Protect|p2a: Joao cancelo\n|-singleturn|p2a: Joao cancelo|Protect\n|move|p1a: Basculegion|Flip Turn|p2a: Joao cancelo\n|-activate|p2a: Joao cancelo|move: Protect\n|\n|-status|p2a: Joao cancelo|tox|[from] item: Toxic Orb\n|upkeep\n|turn|2\n|\n|t:|1699722693\n|move|p1a: Basculegion|Flip Turn|p2a: Joao cancelo\n|-supereffective|p2a: Joao cancelo\n|-damage|p2a: Joao cancelo|37\/100 tox\n|j| pokechamp24\n|j| Golden Rhymes\n|l| Golden Rhymes\n|\n|t:|1699722714\n|switch|p1a: Eternatus|Eternatus|100\/100|[from] Flip Turn\n|-ability|p1a: Eternatus|Pressure\n|move|p2a: Joao cancelo|Toxic|p1a: Eternatus\n|-immune|p1a: Eternatus\n|\n|-heal|p2a: Joao cancelo|50\/100 tox|[from] ability: Poison Heal\n|upkeep\n|turn|3\n|\n|t:|1699722729\n|move|p2a: Joao cancelo|Protect|p2a: Joao cancelo\n|-singleturn|p2a: Joao cancelo|Protect\n|move|p1a: Eternatus|Dynamax Cannon|p2a: Joao cancelo\n|-activate|p2a: Joao cancelo|move: Protect\n|\n|-heal|p2a: Joao cancelo|62\/100 tox|[from] ability: Poison Heal\n|upkeep\n|turn|4\n|\n|t:|1699722734\n|switch|p1a: Arceus|Arceus-Ground|100\/100\n|move|p2a: Joao cancelo|Spikes|p1a: Arceus\n|-sidestart|p1: Penter|Spikes\n|\n|-heal|p2a: Joao cancelo|75\/100 tox|[from] ability: Poison Heal\n|upkeep\n|turn|5\n|\n|t:|1699722737\n|move|p1a: Arceus|Taunt|p2a: Joao cancelo\n|-start|p2a: Joao cancelo|move: Taunt\n|cant|p2a: Joao cancelo|move: Taunt|Toxic\n|\n|-heal|p2a: Joao cancelo|87\/100 tox|[from] ability: Poison Heal\n|upkeep\n|turn|6\n|\n|t:|1699722743\n|switch|p2a: Ake|Toxapex, F|100\/100\n|move|p1a: Arceus|Dragon Dance|p1a: Arceus\n|-boost|p1a: Arceus|atk|1\n|-boost|p1a: Arceus|spe|1\n|\n|upkeep\n|turn|7\n|j| ImButterFly\n|\n|t:|1699722751\n|move|p1a: Arceus|Taunt|p2a: Ake\n|-start|p2a: Ake|move: Taunt\n|move|p2a: Ake|Infestation|p1a: Arceus\n|-damage|p1a: Arceus|98\/100\n|-activate|p1a: Arceus|move: Infestation|[of] p2a: Ake\n|\n|-damage|p1a: Arceus|86\/100|[from] move: Infestation|[partiallytrapped]\n|upkeep\n|turn|8\n|l| pokechamp24\n|\n|t:|1699722759\n|-terastallize|p2a: Ake|Ground\n|move|p1a: Arceus|Earthquake|p2a: Ake\n|-crit|p2a: Ake\n|-damage|p2a: Ake|5\/100\n|move|p2a: Ake|Infestation|p1a: Arceus\n|-damage|p1a: Arceus|84\/100\n|\n|-damage|p1a: Arceus|71\/100|[from] move: Infestation|[partiallytrapped]\n|upkeep\n|turn|9\n|\n|t:|1699722768\n|move|p1a: Arceus|Dragon Dance|p1a: Arceus\n|-boost|p1a: Arceus|atk|1\n|-boost|p1a: Arceus|spe|1\n|move|p2a: Ake|Infestation|p1a: Arceus\n|-damage|p1a: Arceus|69\/100\n|\n|-damage|p1a: Arceus|57\/100|[from] move: Infestation|[partiallytrapped]\n|-end|p2a: Ake|move: Taunt\n|upkeep\n|turn|10\n|\n|t:|1699722776\n|switch|p2a: Joao cancelo|Gliscor, M|87\/100 tox\n|move|p1a: Arceus|Earthquake|p2a: Joao cancelo\n|-immune|p2a: Joao cancelo\n|\n|-heal|p2a: Joao cancelo|99\/100 tox|[from] ability: Poison Heal\n|-end|p1a: Arceus|Infestation|[partiallytrapped]|[silent]\n|upkeep\n|turn|11\n|j| Hug0_G0l\n|\n|t:|1699722802\n|move|p1a: Arceus|Taunt|p2a: Joao cancelo\n|-start|p2a: Joao cancelo|move: Taunt\n|move|p2a: Joao cancelo|Earthquake|p1a: Arceus\n|-damage|p1a: Arceus|30\/100\n|\n|-heal|p2a: Joao cancelo|100\/100 tox|[from] ability: Poison Heal\n|upkeep\n|turn|12\n|\n|t:|1699722810\n|move|p1a: Arceus|Extreme Speed|p2a: Joao cancelo\n|-damage|p2a: Joao cancelo|55\/100 tox\n|move|p2a: Joao cancelo|Earthquake|p1a: Arceus\n|-damage|p1a: Arceus|7\/100\n|\n|-heal|p2a: Joao cancelo|68\/100 tox|[from] ability: Poison Heal\n|upkeep\n|turn|13\n|\n|t:|1699722814\n|switch|p2a: Ake|Toxapex, F, tera:Ground|38\/100\n|move|p1a: Arceus|Extreme Speed|p2a: Ake\n|-damage|p2a: Ake|0 fnt\n|-damage|p1a: Arceus|0 fnt|[from] item: Rocky Helmet|[of] p2a: Ake\n|faint|p2a: Ake\n|faint|p1a: Arceus\n|\n|upkeep\n|\n|t:|1699722836\n|switch|p1a: Basculegion|Basculegion, M|100\/100\n|switch|p2a: Akanji|Koraidon|100\/100\n|-weather|SunnyDay|[from] ability: Orichalcum Pulse|[of] p2a: Akanji\n|-activate|p2a: Akanji|Orichalcum Pulse|[source]\n|-damage|p1a: Basculegion|88\/100|[from] Spikes\n|turn|14\n|inactive|Penter has 120 seconds left.\n|\n|t:|1699722857\n|switch|p1a: Urshifu|Urshifu, M|100\/100\n|-damage|p1a: Urshifu|88\/100|[from] Spikes\n|move|p2a: Akanji|Dragon Claw|p1a: Urshifu\n|-damage|p1a: Urshifu|33\/100\n|\n|-weather|SunnyDay|[upkeep]\n|upkeep\n|turn|15\n|\n|t:|1699722865\n|switch|p2a: De bruyne|Zacian-Crowned|100\/100\n|-ability|p2a: De bruyne|Intrepid Sword|boost\n|-boost|p2a: De bruyne|atk|1\n|move|p1a: Urshifu|Wicked Blow|p2a: De bruyne\n|-resisted|p2a: De bruyne\n|-crit|p2a: De bruyne\n|-damage|p2a: De bruyne|55\/100\n|\n|-weather|SunnyDay|[upkeep]\n|upkeep\n|turn|16\n|l| ImButterFly\n|\n|t:|1699722869\n|move|p2a: De bruyne|Behemoth Blade|p1a: Urshifu\n|-damage|p1a: Urshifu|0 fnt\n|faint|p1a: Urshifu\n|\n|-weather|SunnyDay|[upkeep]\n|upkeep\n|\n|t:|1699722880\n|switch|p1a: Calyrex|Calyrex-Ice|100\/100\n|-ability|p1a: Calyrex|As One\n|-ability|p1a: Calyrex|Unnerve\n|turn|17\n|\n|t:|1699722887\n|-terastallize|p1a: Calyrex|Fire\n|move|p2a: De bruyne|Behemoth Blade|p1a: Calyrex\n|-resisted|p1a: Calyrex\n|-damage|p1a: Calyrex|75\/100\n|move|p1a: Calyrex|Trick Room|p1a: Calyrex\n|-fieldstart|move: Trick Room|[of] p1a: Calyrex\n|\n|-weather|SunnyDay|[upkeep]\n|upkeep\n|turn|18\n|\n|t:|1699722892\n|switch|p2a: Joao cancelo|Gliscor, M|68\/100 tox\n|move|p1a: Calyrex|High Horsepower|p2a: Joao cancelo\n|-immune|p2a: Joao cancelo\n|\n|-weather|none\n|-heal|p2a: Joao cancelo|80\/100 tox|[from] ability: Poison Heal\n|upkeep\n|turn|19\n|\n|t:|1699722898\n|move|p2a: Joao cancelo|Protect|p2a: Joao cancelo\n|-singleturn|p2a: Joao cancelo|Protect\n|move|p1a: Calyrex|Glacial Lance|p2a: Joao cancelo\n|-activate|p2a: Joao cancelo|move: Protect\n|\n|-heal|p2a: Joao cancelo|93\/100 tox|[from] ability: Poison Heal\n|upkeep\n|turn|20\n|\n|t:|1699722901\n|switch|p2a: De bruyne|Zacian-Crowned|55\/100\n|move|p1a: Calyrex|Glacial Lance|p2a: De bruyne\n|-resisted|p2a: De bruyne\n|-damage|p2a: De bruyne|17\/100\n|\n|upkeep\n|turn|21\n|\n|t:|1699722904\n|move|p1a: Calyrex|Glacial Lance|p2a: De bruyne\n|-resisted|p2a: De bruyne\n|-damage|p2a: De bruyne|0 fnt\n|faint|p2a: De bruyne\n|-ability|p1a: Calyrex|Chilling Neigh|boost\n|-boost|p1a: Calyrex|atk|1\n|\n|-fieldend|move: Trick Room\n|upkeep\n|j| Lord Rekkuza\n|\n|t:|1699722908\n|switch|p2a: Haaland|Miraidon|100\/100\n|-fieldstart|move: Electric Terrain|[from] ability: Hadron Engine|[of] p2a: Haaland\n|turn|22\n|\n|t:|1699722919\n|move|p2a: Haaland|Electro Drift|p1a: Calyrex\n|-damage|p1a: Calyrex|0 fnt\n|faint|p1a: Calyrex\n|\n|upkeep\n|\n|t:|1699722924\n|switch|p1a: Eternatus|Eternatus|100\/100\n|-damage|p1a: Eternatus|88\/100|[from] Spikes\n|-ability|p1a: Eternatus|Pressure\n|turn|23\n|\n|t:|1699722929\n|switch|p2a: Joao cancelo|Gliscor, M|93\/100 tox\n|move|p1a: Eternatus|Dynamax Cannon|p2a: Joao cancelo\n|-damage|p2a: Joao cancelo|38\/100 tox\n|\n|-heal|p2a: Joao cancelo|50\/100 tox|[from] ability: Poison Heal\n|upkeep\n|turn|24\n|\n|t:|1699722932\n|move|p2a: Joao cancelo|Protect|p2a: Joao cancelo\n|-singleturn|p2a: Joao cancelo|Protect\n|move|p1a: Eternatus|Dynamax Cannon|p2a: Joao cancelo\n|-activate|p2a: Joao cancelo|move: Protect\n|\n|-heal|p2a: Joao cancelo|62\/100 tox|[from] ability: Poison Heal\n|upkeep\n|turn|25\n|\n|t:|1699722938\n|move|p1a: Eternatus|Dynamax Cannon|p2a: Joao cancelo\n|-damage|p2a: Joao cancelo|10\/100 tox\n|move|p2a: Joao cancelo|Earthquake|p1a: Eternatus\n|-supereffective|p1a: Eternatus\n|-damage|p1a: Eternatus|30\/100\n|\n|-heal|p2a: Joao cancelo|22\/100 tox|[from] ability: Poison Heal\n|upkeep\n|turn|26\n|\n|t:|1699722939\n|move|p1a: Eternatus|Dynamax Cannon|p2a: Joao cancelo\n|-damage|p2a: Joao cancelo|0 fnt\n|faint|p2a: Joao cancelo\n|\n|-fieldend|move: Electric Terrain\n|upkeep\n|\n|t:|1699722941\n|switch|p2a: Akanji|Koraidon|100\/100\n|-weather|SunnyDay|[from] ability: Orichalcum Pulse|[of] p2a: Akanji\n|-activate|p2a: Akanji|Orichalcum Pulse|[source]\n|turn|27\n|\n|t:|1699722957\n|move|p2a: Akanji|Dragon Claw|p1a: Eternatus\n|-supereffective|p1a: Eternatus\n|-damage|p1a: Eternatus|0 fnt\n|faint|p1a: Eternatus\n|\n|-weather|SunnyDay|[upkeep]\n|upkeep\n|\n|t:|1699722971\n|switch|p1a: Basculegion|Basculegion, M|88\/100\n|-damage|p1a: Basculegion|76\/100|[from] Spikes\n|turn|28\n|\n|t:|1699722977\n|switch|p2a: Guardiola|Arceus|100\/100\n|move|p1a: Basculegion|Last Respects|p2a: Guardiola\n|-immune|p2a: Guardiola\n|\n|-weather|SunnyDay|[upkeep]\n|upkeep\n|turn|29\n|\n|t:|1699722980\n|switch|p1a: Miraidon|Miraidon|100\/100\n|-fieldstart|move: Electric Terrain|[from] ability: Hadron Engine|[of] p1a: Miraidon\n|move|p2a: Guardiola|Swords Dance|p2a: Guardiola\n|-boost|p2a: Guardiola|atk|2\n|\n|-weather|SunnyDay|[upkeep]\n|upkeep\n|turn|30\n|\n|t:|1699722989\n|move|p2a: Guardiola|Extreme Speed|p1a: Miraidon\n|-damage|p1a: Miraidon|27\/100\n|move|p1a: Miraidon|Parabolic Charge|p2a: Guardiola\n|-damage|p2a: Guardiola|54\/100\n|-heal|p1a: Miraidon|51\/100|[from] drain|[of] p2a: Guardiola\n|\n|-weather|SunnyDay|[upkeep]\n|upkeep\n|turn|31\n|\n|t:|1699722992\n|switch|p1a: Basculegion|Basculegion, M|76\/100\n|-damage|p1a: Basculegion|63\/100|[from] Spikes\n|move|p2a: Guardiola|Extreme Speed|p1a: Basculegion\n|-immune|p1a: Basculegion\n|\n|-weather|none\n|upkeep\n|turn|32\n|\n|t:|1699722998\n|switch|p2a: Haaland|Miraidon|100\/100\n|-activate|p2a: Haaland|ability: Hadron Engine\n|move|p1a: Basculegion|Flip Turn|p2a: Haaland\n|-resisted|p2a: Haaland\n|-crit|p2a: Haaland\n|-damage|p2a: Haaland|71\/100\n|\n|t:|1699723000\n|switch|p1a: Miraidon|Miraidon|51\/100|[from] Flip Turn\n|-activate|p1a: Miraidon|ability: Hadron Engine\n|\n|upkeep\n|turn|33\n|\n|t:|1699723003\n|move|p2a: Haaland|Draco Meteor|p1a: Miraidon\n|-supereffective|p1a: Miraidon\n|-damage|p1a: Miraidon|0 fnt\n|-unboost|p2a: Haaland|spa|2\n|faint|p1a: Miraidon\n|\n|-fieldend|move: Electric Terrain\n|upkeep\n|c|\u2606NaokiS2|Gg wp\n|\n|t:|1699723024\n|switch|p1a: Basculegion|Basculegion, M|63\/100\n|-damage|p1a: Basculegion|51\/100|[from] Spikes\n|turn|34\n|\n|t:|1699723028\n|move|p1a: Basculegion|Wave Crash|p2a: Haaland\n|-resisted|p2a: Haaland\n|-damage|p2a: Haaland|35\/100\n|-damage|p1a: Basculegion|40\/100|[from] Recoil\n|move|p2a: Haaland|Draco Meteor|p1a: Basculegion\n|-damage|p1a: Basculegion|0 fnt\n|-unboost|p2a: Haaland|spa|2\n|faint|p1a: Basculegion\n|\n|win|NaokiS2\n|n|\u2606Penter|penter\n|n|\u2606NaokiS2|naokis2\n|n|*Lady Monita \u263d|ladymonita\n|n| BB-8-NU|bb8nu\n|n| Nagomi Yui|nagomiyui\n|n| Hug0_G0l|hug0g0l\n|n| Lord Rekkuza|lordrekkuza\n|l|*Lady Monita \u263d\n|l| BB-8-NU\n|c|\u2606Penter|gg\n|l|\u2606Penter\n|l| Nagomi Yui\n|j| Golden Rhymes\n|l| Golden Rhymes\n","uploadtime":1699723090,"views":11,"p1id":"penter","p2id":"naokis2","formatid":"gen9ubers","rating":0,"private":0,"password":""}