{"id":"gen9ubers-2000026250","p1":"Guner9542","p2":"MaxiumMeda","format":"[Gen 9] Ubers","log":"|j|\u2606Guner9542\n|j|\u2606MaxiumMeda\n|t:|1701142833\n|gametype|singles\n|player|p1|Guner9542|crasherwake|\n|player|p2|MaxiumMeda|lucas-gen4pt|\n|teamsize|p1|6\n|teamsize|p2|6\n|gen|9\n|tier|[Gen 9] Ubers\n|rule|Sleep Clause Mod: Limit one foe put to sleep\n|rule|Species Clause: Limit one of each Pok\u00e9mon\n|rule|OHKO Clause: OHKO moves are banned\n|rule|Evasion Items Clause: Evasion items are banned\n|rule|Evasion Moves Clause: Evasion moves are banned\n|rule|Endless Battle Clause: Forcing endless battles is banned\n|rule|HP Percentage Mod: HP is shown in percentages\n|clearpoke\n|poke|p1|Abomasnow, M|\n|poke|p1|Iron Treads|\n|poke|p1|Iron Valiant|\n|poke|p1|Gliscor, F|\n|poke|p1|Greninja-*, M|\n|poke|p1|Azelf|\n|poke|p2|Ogerpon-Wellspring, F|\n|poke|p2|Cinderace, M|\n|poke|p2|Landorus-Therian, M|\n|poke|p2|Cetitan, M|\n|poke|p2|Slowking, F|\n|poke|p2|Shaymin|\n|teampreview\n|j| KingDuns\n|j| BossShuckle\n|j| ajpjlm\n|c| KingDuns|Start\n|c| ajpjlm|goof to go\n|\n|t:|1701142858\n|start\n|switch|p1a: Gliscor|Gliscor, F|100\/100\n|switch|p2a: Cinderace|Cinderace, M|100\/100\n|turn|1\n|c| BossShuckle|you goof\n|\n|t:|1701142864\n|switch|p2a: Landorus|Landorus-Therian, M|100\/100\n|-ability|p2a: Landorus|Intimidate|boost\n|-unboost|p1a: Gliscor|atk|1\n|move|p1a: Gliscor|Protect||[still]\n|-fail|p1a: Gliscor\n|\n|-status|p1a: Gliscor|tox|[from] item: Toxic Orb\n|upkeep\n|turn|2\n|\n|t:|1701142899\n|switch|p1a: Abomasnow|Abomasnow, M|100\/100\n|-weather|Snow|[from] ability: Snow Warning|[of] p1a: Abomasnow\n|move|p2a: Landorus|U-turn|p1a: Abomasnow\n|-supereffective|p1a: Abomasnow\n|-damage|p1a: Abomasnow|66\/100\n|\n|t:|1701142902\n|switch|p2a: Cinderace|Cinderace, M|100\/100|[from] U-turn\n|\n|-weather|Snow|[upkeep]\n|upkeep\n|turn|3\n|\n|t:|1701142925\n|switch|p1a: Gliscor|Gliscor, F|100\/100 tox\n|move|p2a: Cinderace|Pyro Ball|p1a: Gliscor\n|-damage|p1a: Gliscor|68\/100 tox\n|\n|-weather|Snow|[upkeep]\n|-heal|p1a: Gliscor|80\/100 tox|[from] ability: Poison Heal\n|upkeep\n|turn|4\n|\n|t:|1701142935\n|move|p2a: Cinderace|Taunt|p1a: Gliscor\n|-start|p2a: Cinderace|typechange|Dark|[from] ability: Libero\n|-start|p1a: Gliscor|move: Taunt\n|cant|p1a: Gliscor|move: Taunt|Toxic\n|\n|-weather|Snow|[upkeep]\n|-heal|p1a: Gliscor|93\/100 tox|[from] ability: Poison Heal\n|upkeep\n|turn|5\n|\n|t:|1701142944\n|switch|p2a: Ogerpon|Ogerpon-Wellspring, F|100\/100\n|move|p1a: Gliscor|Earthquake|p2a: Ogerpon\n|-resisted|p2a: Ogerpon\n|-damage|p2a: Ogerpon|78\/100\n|\n|-weather|Snow|[upkeep]\n|-heal|p1a: Gliscor|100\/100 tox|[from] ability: Poison Heal\n|upkeep\n|turn|6\n|\n|t:|1701142955\n|switch|p1a: Azelf|Azelf|100\/100\n|move|p2a: Ogerpon|Swords Dance|p2a: Ogerpon\n|-boost|p2a: Ogerpon|atk|2\n|\n|-weather|none\n|upkeep\n|turn|7\n|\n|t:|1701142984\n|-terastallize|p1a: Azelf|Bug\n|move|p1a: Azelf|Tera Blast|p2a: Ogerpon|[anim] Tera Blast Bug\n|-supereffective|p2a: Ogerpon\n|-damage|p2a: Ogerpon|0 fnt\n|faint|p2a: Ogerpon\n|\n|upkeep\n|\n|t:|1701142999\n|switch|p2a: Landorus|Landorus-Therian, M|100\/100\n|-ability|p2a: Landorus|Intimidate|boost\n|-unboost|p1a: Azelf|atk|1\n|turn|8\n|\n|t:|1701143011\n|switch|p1a: Abomasnow|Abomasnow, M|66\/100\n|-weather|Snow|[from] ability: Snow Warning|[of] p1a: Abomasnow\n|move|p2a: Landorus|Stealth Rock|p1a: Abomasnow\n|-sidestart|p1: Guner9542|move: Stealth Rock\n|\n|-weather|Snow|[upkeep]\n|upkeep\n|turn|9\n|\n|t:|1701143016\n|switch|p2a: Cinderace|Cinderace, M|100\/100\n|move|p1a: Abomasnow|Aurora Veil|p1a: Abomasnow\n|-sidestart|p1: Guner9542|move: Aurora Veil\n|\n|-weather|Snow|[upkeep]\n|upkeep\n|turn|10\n|\n|t:|1701143044\n|switch|p1a: Gliscor|Gliscor, F|100\/100 tox\n|-damage|p1a: Gliscor|88\/100 tox|[from] Stealth Rock\n|move|p2a: Cinderace|Taunt|p1a: Gliscor\n|-start|p2a: Cinderace|typechange|Dark|[from] ability: Libero\n|-start|p1a: Gliscor|move: Taunt\n|\n|-weather|Snow|[upkeep]\n|-heal|p1a: Gliscor|100\/100 tox|[from] ability: Poison Heal\n|upkeep\n|turn|11\n|\n|t:|1701143050\n|move|p2a: Cinderace|Court Change|p2a: Cinderace\n|-swapsideconditions\n|-activate|p2a: Cinderace|move: Court Change\n|move|p1a: Gliscor|Earthquake|p2a: Cinderace\n|-damage|p2a: Cinderace|76\/100\n|\n|-weather|Snow|[upkeep]\n|upkeep\n|turn|12\n|\n|t:|1701143087\n|switch|p2a: Cetitan|Cetitan, M|100\/100\n|-damage|p2a: Cetitan|76\/100|[from] Stealth Rock\n|switch|p1a: Greninja|Greninja, M|100\/100\n|\n|-weather|none\n|upkeep\n|turn|13\n|\n|t:|1701143138\n|switch|p1a: Iron Treads|Iron Treads|100\/100\n|move|p2a: Cetitan|Knock Off|p1a: Iron Treads\n|-damage|p1a: Iron Treads|60\/100\n|-enditem|p1a: Iron Treads|Leftovers|[from] move: Knock Off|[of] p2a: Cetitan\n|\n|upkeep\n|turn|14\n|\n|t:|1701143151\n|switch|p2a: Landorus|Landorus-Therian, M|100\/100\n|-damage|p2a: Landorus|88\/100|[from] Stealth Rock\n|-ability|p2a: Landorus|Intimidate|boost\n|-unboost|p1a: Iron Treads|atk|1\n|move|p1a: Iron Treads|Earthquake|p2a: Landorus\n|-immune|p2a: Landorus\n|\n|upkeep\n|turn|15\n|\n|t:|1701143165\n|-end|p1a: Iron Treads|Quark Drive|[silent]\n|switch|p1a: Abomasnow|Abomasnow, M|66\/100\n|-weather|Snow|[from] ability: Snow Warning|[of] p1a: Abomasnow\n|move|p2a: Landorus|U-turn|p1a: Abomasnow\n|-supereffective|p1a: Abomasnow\n|-damage|p1a: Abomasnow|32\/100\n|\n|t:|1701143177\n|switch|p2a: Cetitan|Cetitan, M|76\/100|[from] U-turn\n|-damage|p2a: Cetitan|51\/100|[from] Stealth Rock\n|\n|-weather|Snow|[upkeep]\n|upkeep\n|turn|16\n|\n|t:|1701143201\n|move|p2a: Cetitan|Ice Spinner|p1a: Abomasnow\n|-damage|p1a: Abomasnow|0 fnt\n|faint|p1a: Abomasnow\n|\n|-weather|Snow|[upkeep]\n|-sideend|p2: MaxiumMeda|move: Aurora Veil\n|upkeep\n|\n|t:|1701143206\n|switch|p1a: Iron Valiant|Iron Valiant|100\/100\n|-enditem|p1a: Iron Valiant|Booster Energy\n|-activate|p1a: Iron Valiant|ability: Quark Drive|[fromitem]\n|-start|p1a: Iron Valiant|quarkdrivespe\n|turn|17\n|\n|t:|1701143219\n|switch|p2a: Slowking|Slowking, F|100\/100\n|move|p1a: Iron Valiant|Close Combat|p2a: Slowking\n|-resisted|p2a: Slowking\n|-damage|p2a: Slowking|72\/100\n|-unboost|p1a: Iron Valiant|def|1\n|-unboost|p1a: Iron Valiant|spd|1\n|\n|-weather|Snow|[upkeep]\n|upkeep\n|turn|18\n|\n|t:|1701143247\n|-end|p1a: Iron Valiant|Quark Drive|[silent]\n|switch|p1a: Azelf|Azelf, tera:Bug|100\/100\n|switch|p2a: Landorus|Landorus-Therian, M|88\/100\n|-damage|p2a: Landorus|76\/100|[from] Stealth Rock\n|-ability|p2a: Landorus|Intimidate|boost\n|-unboost|p1a: Azelf|atk|1\n|\n|-weather|Snow|[upkeep]\n|upkeep\n|turn|19\n|\n|t:|1701143265\n|switch|p2a: Slowking|Slowking, F|100\/100\n|move|p1a: Azelf|Ice Punch|p2a: Slowking\n|-resisted|p2a: Slowking\n|-damage|p2a: Slowking|91\/100\n|\n|-weather|none\n|upkeep\n|turn|20\n|\n|t:|1701143291\n|switch|p1a: Greninja|Greninja, M|100\/100\n|move|p2a: Slowking|Thunder Wave|p1a: Greninja\n|-status|p1a: Greninja|par\n|\n|upkeep\n|turn|21\n|\n|t:|1701143316\n|move|p1a: Greninja|Dark Pulse|p2a: Slowking\n|-start|p1a: Greninja|typechange|Dark|[from] ability: Protean\n|-supereffective|p2a: Slowking\n|-crit|p2a: Slowking\n|-damage|p2a: Slowking|0 fnt\n|faint|p2a: Slowking\n|\n|upkeep\n|\n|t:|1701143325\n|switch|p2a: Shaymin|Shaymin|100\/100\n|-damage|p2a: Shaymin|88\/100|[from] Stealth Rock\n|turn|22\n|\n|t:|1701143356\n|switch|p1a: Azelf|Azelf, tera:Bug|100\/100\n|move|p2a: Shaymin|Seed Flare|p1a: Azelf\n|-resisted|p1a: Azelf\n|-damage|p1a: Azelf|57\/100\n|-unboost|p1a: Azelf|spd|2\n|\n|upkeep\n|turn|23\n|\n|t:|1701143385\n|switch|p2a: Landorus|Landorus-Therian, M|76\/100\n|-damage|p2a: Landorus|63\/100|[from] Stealth Rock\n|-ability|p2a: Landorus|Intimidate|boost\n|-unboost|p1a: Azelf|atk|1\n|move|p1a: Azelf|U-turn|p2a: Landorus\n|-resisted|p2a: Landorus\n|-damage|p2a: Landorus|55\/100\n|-damage|p1a: Azelf|40\/100|[from] item: Rocky Helmet|[of] p2a: Landorus\n|\n|t:|1701143403\n|switch|p1a: Greninja|Greninja, M|100\/100 par|[from] U-turn\n|\n|upkeep\n|turn|24\n|\n|t:|1701143433\n|move|p2a: Landorus|U-turn|p1a: Greninja\n|-supereffective|p1a: Greninja\n|-damage|p1a: Greninja|32\/100 par\n|\n|t:|1701143456\n|switch|p2a: Cetitan|Cetitan, M|51\/100|[from] U-turn\n|-damage|p2a: Cetitan|26\/100|[from] Stealth Rock\n|move|p1a: Greninja|Surf|p2a: Cetitan\n|-start|p1a: Greninja|typechange|Water|[from] ability: Protean\n|-damage|p2a: Cetitan|0 fnt\n|faint|p2a: Cetitan\n|\n|upkeep\n|\n|t:|1701143477\n|switch|p2a: Shaymin|Shaymin|88\/100\n|-damage|p2a: Shaymin|76\/100|[from] Stealth Rock\n|turn|25\n|c| BossShuckle|can you guys hear each other lol\n|c| BossShuckle|having a full on conversation\n|\n|t:|1701143501\n|switch|p1a: Gliscor|Gliscor, F|100\/100 tox\n|move|p2a: Shaymin|Seed Flare|p1a: Gliscor\n|-damage|p1a: Gliscor|36\/100 tox\n|-unboost|p1a: Gliscor|spd|2\n|\n|-heal|p1a: Gliscor|48\/100 tox|[from] ability: Poison Heal\n|upkeep\n|turn|26\n|c| KingDuns|\"What move did he click?\"\n|c| KingDuns|\"Now what move did I click?\"\n|\n|t:|1701143531\n|move|p1a: Gliscor|Protect|p1a: Gliscor\n|-singleturn|p1a: Gliscor|Protect\n|move|p2a: Shaymin|Seed Flare|p1a: Gliscor\n|-activate|p1a: Gliscor|move: Protect\n|\n|-heal|p1a: Gliscor|61\/100 tox|[from] ability: Poison Heal\n|upkeep\n|turn|27\n|\n|t:|1701143562\n|switch|p1a: Azelf|Azelf, tera:Bug|40\/100\n|move|p2a: Shaymin|Seed Flare|p1a: Azelf\n|-resisted|p1a: Azelf\n|-damage|p1a: Azelf|0 fnt\n|faint|p1a: Azelf\n|\n|upkeep\n|\n|t:|1701143603\n|switch|p1a: Iron Valiant|Iron Valiant|100\/100\n|turn|28\n|\n|t:|1701143617\n|move|p2a: Shaymin|Seed Flare|p1a: Iron Valiant|[miss]\n|-miss|p2a: Shaymin|p1a: Iron Valiant\n|move|p1a: Iron Valiant|Moonblast|p2a: Shaymin\n|-damage|p2a: Shaymin|38\/100\n|\n|upkeep\n|turn|29\n|\n|t:|1701143632\n|move|p2a: Shaymin|Seed Flare|p1a: Iron Valiant\n|-damage|p1a: Iron Valiant|0 fnt\n|faint|p1a: Iron Valiant\n|-end|p1a: Iron Valiant|Quark Drive|[silent]\n|\n|upkeep\n|\n|t:|1701143642\n|switch|p1a: Gliscor|Gliscor, F|61\/100 tox\n|turn|30\n|\n|t:|1701143669\n|move|p1a: Gliscor|Protect|p1a: Gliscor\n|-singleturn|p1a: Gliscor|Protect\n|move|p2a: Shaymin|Seed Flare|p1a: Gliscor\n|-activate|p1a: Gliscor|move: Protect\n|\n|-heal|p1a: Gliscor|73\/100 tox|[from] ability: Poison Heal\n|upkeep\n|turn|31\n|\n|t:|1701143675\n|move|p2a: Shaymin|Seed Flare|p1a: Gliscor\n|-damage|p1a: Gliscor|8\/100 tox\n|-unboost|p1a: Gliscor|spd|2\n|move|p1a: Gliscor|Toxic|p2a: Shaymin\n|-status|p2a: Shaymin|tox\n|\n|-damage|p2a: Shaymin|32\/100 tox|[from] psn\n|-heal|p1a: Gliscor|20\/100 tox|[from] ability: Poison Heal\n|upkeep\n|turn|32\n|\n|t:|1701143680\n|move|p1a: Gliscor|Protect|p1a: Gliscor\n|-singleturn|p1a: Gliscor|Protect\n|-activate|p2a: Shaymin|move: Struggle\n|move|p2a: Shaymin|Struggle|p1a: Gliscor\n|-activate|p1a: Gliscor|move: Protect\n|\n|-damage|p2a: Shaymin|19\/100 tox|[from] psn\n|-heal|p1a: Gliscor|32\/100 tox|[from] ability: Poison Heal\n|upkeep\n|turn|33\n|\n|t:|1701143688\n|-curestatus|p2a: Shaymin|tox|[from] ability: Natural Cure\n|switch|p2a: Landorus|Landorus-Therian, M|55\/100\n|-damage|p2a: Landorus|42\/100|[from] Stealth Rock\n|-ability|p2a: Landorus|Intimidate|boost\n|-unboost|p1a: Gliscor|atk|1\n|move|p1a: Gliscor|Protect||[still]\n|-fail|p1a: Gliscor\n|\n|-heal|p1a: Gliscor|45\/100 tox|[from] ability: Poison Heal\n|upkeep\n|turn|34\n|\n|t:|1701143711\n|move|p1a: Gliscor|Protect|p1a: Gliscor\n|-singleturn|p1a: Gliscor|Protect\n|move|p2a: Landorus|U-turn|p1a: Gliscor\n|-activate|p1a: Gliscor|move: Protect\n|\n|-heal|p1a: Gliscor|57\/100 tox|[from] ability: Poison Heal\n|upkeep\n|turn|35\n|\n|t:|1701143720\n|move|p1a: Gliscor|Toxic|p2a: Landorus\n|-status|p2a: Landorus|tox\n|move|p2a: Landorus|U-turn|p1a: Gliscor\n|-resisted|p1a: Gliscor\n|-damage|p1a: Gliscor|51\/100 tox\n|\n|t:|1701143722\n|switch|p2a: Shaymin|Shaymin|19\/100|[from] U-turn\n|-damage|p2a: Shaymin|7\/100|[from] Stealth Rock\n|\n|-heal|p1a: Gliscor|63\/100 tox|[from] ability: Poison Heal\n|upkeep\n|turn|36\n|\n|t:|1701143731\n|move|p1a: Gliscor|Protect|p1a: Gliscor\n|-singleturn|p1a: Gliscor|Protect\n|move|p2a: Shaymin|Air Slash|p1a: Gliscor\n|-activate|p1a: Gliscor|move: Protect\n|\n|-heal|p1a: Gliscor|76\/100 tox|[from] ability: Poison Heal\n|upkeep\n|turn|37\n|\n|t:|1701143736\n|move|p2a: Shaymin|Air Slash|p1a: Gliscor\n|-damage|p1a: Gliscor|22\/100 tox\n|move|p1a: Gliscor|Toxic|p2a: Shaymin\n|-status|p2a: Shaymin|tox\n|\n|-damage|p2a: Shaymin|1\/100 tox|[from] psn\n|-heal|p1a: Gliscor|34\/100 tox|[from] ability: Poison Heal\n|upkeep\n|turn|38\n|\n|t:|1701143742\n|move|p1a: Gliscor|Protect|p1a: Gliscor\n|-singleturn|p1a: Gliscor|Protect\n|move|p2a: Shaymin|Air Slash|p1a: Gliscor\n|-activate|p1a: Gliscor|move: Protect\n|\n|-damage|p2a: Shaymin|0 fnt|[from] psn\n|faint|p2a: Shaymin\n|-heal|p1a: Gliscor|47\/100 tox|[from] ability: Poison Heal\n|upkeep\n|\n|t:|1701143745\n|switch|p2a: Cinderace|Cinderace, M|76\/100\n|turn|39\n|\n|t:|1701143774\n|switch|p1a: Iron Treads|Iron Treads|60\/100\n|move|p2a: Cinderace|Court Change|p2a: Cinderace\n|-start|p2a: Cinderace|typechange|Normal|[from] ability: Libero\n|-swapsideconditions\n|-activate|p2a: Cinderace|move: Court Change\n|\n|upkeep\n|turn|40\n|\n|t:|1701143794\n|move|p2a: Cinderace|Pyro Ball|p1a: Iron Treads|[miss]\n|-miss|p2a: Cinderace|p1a: Iron Treads\n|move|p1a: Iron Treads|Rapid Spin|p2a: Cinderace\n|-damage|p2a: Cinderace|57\/100\n|-boost|p1a: Iron Treads|spe|1\n|-sideend|p1: Guner9542|Stealth Rock|[from] move: Rapid Spin|[of] p1a: Iron Treads\n|\n|upkeep\n|turn|41\n|\n|t:|1701143809\n|move|p1a: Iron Treads|Earthquake|p2a: Cinderace\n|-damage|p2a: Cinderace|7\/100\n|move|p2a: Cinderace|Pyro Ball|p1a: Iron Treads|[miss]\n|-miss|p2a: Cinderace|p1a: Iron Treads\n|\n|upkeep\n|turn|42\n|c| ajpjlm|bro\n|c| BossShuckle|he lagged around it\n|-message|MaxiumMeda forfeited.\n|\n|win|Guner9542\n|l|\u2606MaxiumMeda\n|l|\u2606Guner9542\n","uploadtime":1701143845,"views":35,"p1id":"guner9542","p2id":"maxiummeda","formatid":"gen9ubers","rating":0,"private":0,"password":""}