{"id":"gen9ubers-1974702497","p1":"Leo Justice","p2":"Vazquez 2.0","format":"[Gen 9] Ubers","log":"|j|\u2606Leo Justice\n|j|\u2606Vazquez 2.0\n|t:|1698112119\n|gametype|singles\n|player|p1|Leo Justice|carmine|\n|player|p2|Vazquez 2.0|gardenia|\n|teamsize|p1|6\n|teamsize|p2|6\n|gen|9\n|tier|[Gen 9] Ubers\n|rule|Sleep Clause Mod: Limit one foe put to sleep\n|rule|Species Clause: Limit one of each Pok\u00e9mon\n|rule|OHKO Clause: OHKO moves are banned\n|rule|Evasion Items Clause: Evasion items are banned\n|rule|Evasion Moves Clause: Evasion moves are banned\n|rule|Endless Battle Clause: Forcing endless battles is banned\n|rule|HP Percentage Mod: HP is shown in percentages\n|clearpoke\n|poke|p1|Meowscarada, M|\n|poke|p1|Gholdengo|\n|poke|p1|Dialga|\n|poke|p1|Zacian-*|\n|poke|p1|Magearna|\n|poke|p1|Cyclizar, F|\n|poke|p2|Ursaluna, F|\n|poke|p2|Hatterene, F|\n|poke|p2|Chi-Yu|\n|poke|p2|Magearna|\n|poke|p2|Dialga|\n|poke|p2|Dugtrio, F|\n|teampreview\n|\n|t:|1698112145\n|start\n|switch|p1a: Cyclizar|Cyclizar, F|100\/100\n|switch|p2a: Magearna|Magearna|100\/100\n|turn|1\n|inactive|Battle timer is ON: inactive players will automatically lose when time's up. (requested by Vazquez 2.0)\n|\n|t:|1698112150\n|move|p1a: Cyclizar|Shed Tail|p1a: Cyclizar\n|-start|p1a: Cyclizar|Substitute|[from] move: Shed Tail\n|-damage|p1a: Cyclizar|50\/100\n|\n|t:|1698112156\n|switch|p1a: Dialga|Dialga|100\/100|[from] Shed Tail\n|-ability|p1a: Dialga|Pressure\n|move|p2a: Magearna|Trick Room|p2a: Magearna\n|-fieldstart|move: Trick Room|[of] p2a: Magearna\n|\n|upkeep\n|turn|2\n|\n|t:|1698112162\n|move|p2a: Magearna|Fleur Cannon|p1a: Dialga\n|-end|p1a: Dialga|Substitute\n|-unboost|p2a: Magearna|spa|2\n|move|p1a: Dialga|Stealth Rock|p2a: Magearna\n|-sidestart|p2: Vazquez 2.0|move: Stealth Rock\n|\n|upkeep\n|turn|3\n|\n|t:|1698112174\n|move|p2a: Magearna|Volt Switch|p1a: Dialga\n|-resisted|p1a: Dialga\n|-damage|p1a: Dialga|96\/100\n|\n|t:|1698112180\n|switch|p2a: Ursaluna|Ursaluna, F|100\/100|[from] Volt Switch\n|-damage|p2a: Ursaluna|94\/100|[from] Stealth Rock\n|move|p1a: Dialga|Flash Cannon|p2a: Ursaluna\n|-damage|p2a: Ursaluna|59\/100\n|\n|-heal|p1a: Dialga|100\/100|[from] item: Leftovers\n|-status|p2a: Ursaluna|brn|[from] item: Flame Orb\n|upkeep\n|turn|4\n|\n|t:|1698112189\n|switch|p1a: Gholdengo|Gholdengo|100\/100\n|-item|p1a: Gholdengo|Air Balloon\n|move|p2a: Ursaluna|Headlong Rush|p1a: Gholdengo\n|-immune|p1a: Gholdengo\n|\n|-damage|p2a: Ursaluna|53\/100 brn|[from] brn\n|upkeep\n|turn|5\n|\n|t:|1698112199\n|switch|p1a: Meowscarada|Meowscarada, M|100\/100\n|move|p2a: Ursaluna|Crunch|p1a: Meowscarada\n|-resisted|p1a: Meowscarada\n|-damage|p1a: Meowscarada|61\/100\n|\n|-damage|p2a: Ursaluna|47\/100 brn|[from] brn\n|-fieldend|move: Trick Room\n|upkeep\n|turn|6\n|\n|t:|1698112206\n|switch|p2a: Magearna|Magearna|100\/100\n|-damage|p2a: Magearna|94\/100|[from] Stealth Rock\n|move|p1a: Meowscarada|Flower Trick|p2a: Magearna\n|-resisted|p2a: Magearna\n|-crit|p2a: Magearna\n|-damage|p2a: Magearna|73\/100\n|\n|-heal|p2a: Magearna|79\/100|[from] item: Leftovers\n|upkeep\n|turn|7\n|\n|t:|1698112212\n|move|p1a: Meowscarada|Spikes|p2a: Magearna\n|-sidestart|p2: Vazquez 2.0|Spikes\n|move|p2a: Magearna|Trick Room|p2a: Magearna\n|-fieldstart|move: Trick Room|[of] p2a: Magearna\n|\n|-heal|p2a: Magearna|85\/100|[from] item: Leftovers\n|upkeep\n|turn|8\n|\n|t:|1698112220\n|move|p2a: Magearna|Fleur Cannon|p1a: Meowscarada\n|-supereffective|p1a: Meowscarada\n|-damage|p1a: Meowscarada|0 fnt\n|-unboost|p2a: Magearna|spa|2\n|faint|p1a: Meowscarada\n|-ability|p2a: Magearna|Soul-Heart|boost\n|-boost|p2a: Magearna|spa|1\n|\n|-heal|p2a: Magearna|91\/100|[from] item: Leftovers\n|upkeep\n|\n|t:|1698112223\n|switch|p1a: Dialga|Dialga|100\/100\n|-ability|p1a: Dialga|Pressure\n|turn|9\n|\n|t:|1698112231\n|move|p2a: Magearna|Fleur Cannon|p1a: Dialga\n|-damage|p1a: Dialga|70\/100\n|-unboost|p2a: Magearna|spa|2\n|move|p1a: Dialga|Flash Cannon|p2a: Magearna\n|-damage|p2a: Magearna|59\/100\n|\n|-heal|p2a: Magearna|65\/100|[from] item: Leftovers\n|-heal|p1a: Dialga|76\/100|[from] item: Leftovers\n|upkeep\n|turn|10\n|\n|t:|1698112256\n|move|p2a: Magearna|Volt Switch|p1a: Dialga\n|-resisted|p1a: Dialga\n|-damage|p1a: Dialga|73\/100\n|\n|t:|1698112262\n|switch|p2a: Dialga|Dialga|100\/100|[from] Volt Switch\n|-damage|p2a: Dialga|94\/100|[from] Stealth Rock\n|-damage|p2a: Dialga|82\/100|[from] Spikes\n|-ability|p2a: Dialga|Pressure\n|move|p1a: Dialga|Draco Meteor|p2a: Dialga\n|-damage|p2a: Dialga|30\/100\n|-unboost|p1a: Dialga|spa|2\n|\n|-heal|p1a: Dialga|79\/100|[from] item: Leftovers\n|upkeep\n|turn|11\n|\n|t:|1698112275\n|switch|p1a: Magearna|Magearna|100\/100\n|move|p2a: Dialga|Draco Meteor|p1a: Magearna\n|-immune|p1a: Magearna\n|\n|-fieldend|move: Trick Room\n|upkeep\n|turn|12\n|\n|t:|1698112280\n|move|p1a: Magearna|Encore|p2a: Dialga\n|-start|p2a: Dialga|Encore\n|move|p2a: Dialga|Draco Meteor|p1a: Magearna\n|-immune|p1a: Magearna\n|\n|upkeep\n|turn|13\n|\n|t:|1698112292\n|switch|p1a: Cyclizar|Cyclizar, F|84\/100\n|move|p2a: Dialga|Draco Meteor|p1a: Cyclizar\n|-supereffective|p1a: Cyclizar\n|-damage|p1a: Cyclizar|0 fnt\n|-unboost|p2a: Dialga|spa|2\n|faint|p1a: Cyclizar\n|\n|upkeep\n|\n|t:|1698112296\n|switch|p1a: Magearna|Magearna|100\/100\n|turn|14\n|\n|t:|1698112299\n|move|p1a: Magearna|Spikes|p2a: Dialga\n|-sidestart|p2: Vazquez 2.0|Spikes\n|move|p2a: Dialga|Draco Meteor|p1a: Magearna\n|-immune|p1a: Magearna\n|\n|-end|p2a: Dialga|Encore\n|upkeep\n|turn|15\n|\n|t:|1698112304\n|move|p2a: Dialga|Steel Beam|p1a: Magearna\n|-damage|p1a: Magearna|56\/100\n|-damage|p2a: Dialga|0 fnt|[from] steelbeam\n|faint|p2a: Dialga\n|-ability|p1a: Magearna|Soul-Heart|boost\n|-boost|p1a: Magearna|spa|1\n|move|p1a: Magearna|Encore|p2: Dialga|[notarget]\n|-fail|p1a: Magearna\n|\n|-heal|p1a: Magearna|62\/100|[from] item: Leftovers\n|upkeep\n|\n|t:|1698112307\n|switch|p2a: Dugtrio|Dugtrio, F|100\/100\n|-damage|p2a: Dugtrio|94\/100|[from] Stealth Rock\n|-damage|p2a: Dugtrio|78\/100|[from] Spikes\n|turn|16\n|\n|t:|1698112312\n|-terastallize|p1a: Magearna|Water\n|move|p2a: Dugtrio|Earthquake|p1a: Magearna\n|-damage|p1a: Magearna|25\/100\n|-damage|p2a: Dugtrio|68\/100|[from] item: Life Orb\n|move|p1a: Magearna|Draining Kiss|p2a: Dugtrio\n|-damage|p2a: Dugtrio|4\/100\n|-heal|p1a: Magearna|53\/100|[from] drain|[of] p2a: Dugtrio\n|\n|-heal|p1a: Magearna|59\/100|[from] item: Leftovers\n|upkeep\n|turn|17\n|\n|t:|1698112322\n|move|p2a: Dugtrio|Stealth Rock|p1a: Magearna\n|-sidestart|p1: Leo Justice|move: Stealth Rock\n|move|p1a: Magearna|Draining Kiss|p2a: Dugtrio\n|-damage|p2a: Dugtrio|0 fnt\n|-heal|p1a: Magearna|61\/100|[from] drain|[of] p2a: Dugtrio\n|faint|p2a: Dugtrio\n|-ability|p1a: Magearna|Soul-Heart|boost\n|-boost|p1a: Magearna|spa|1\n|\n|-heal|p1a: Magearna|67\/100|[from] item: Leftovers\n|upkeep\n|\n|t:|1698112331\n|switch|p2a: Chi-Yu|Chi-Yu|100\/100\n|-damage|p2a: Chi-Yu|76\/100|[from] Stealth Rock\n|-damage|p2a: Chi-Yu|59\/100|[from] Spikes\n|-ability|p2a: Chi-Yu|Beads of Ruin\n|turn|18\n|\n|t:|1698112335\n|move|p2a: Chi-Yu|Dark Pulse|p1a: Magearna\n|-damage|p1a: Magearna|0 fnt\n|faint|p1a: Magearna\n|\n|upkeep\n|\n|t:|1698112339\n|switch|p1a: Zacian|Zacian|100\/100\n|-ability|p1a: Zacian|Intrepid Sword|boost\n|-boost|p1a: Zacian|atk|1\n|turn|19\n|\n|t:|1698112343\n|switch|p2a: Magearna|Magearna|65\/100\n|-damage|p2a: Magearna|59\/100|[from] Stealth Rock\n|-damage|p2a: Magearna|42\/100|[from] Spikes\n|move|p1a: Zacian|Play Rough|p2a: Magearna\n|-resisted|p2a: Magearna\n|-damage|p2a: Magearna|16\/100\n|\n|-heal|p2a: Magearna|22\/100|[from] item: Leftovers\n|upkeep\n|turn|20\n|\n|t:|1698112351\n|move|p1a: Zacian|Play Rough|p2a: Magearna\n|-resisted|p2a: Magearna\n|-damage|p2a: Magearna|0 fnt\n|faint|p2a: Magearna\n|\n|upkeep\n|\n|t:|1698112354\n|switch|p2a: Hatterene|Hatterene, F|100\/100\n|-damage|p2a: Hatterene|88\/100|[from] Stealth Rock\n|-damage|p2a: Hatterene|72\/100|[from] Spikes\n|turn|21\n|\n|t:|1698112357\n|move|p1a: Zacian|Play Rough|p2a: Hatterene\n|-damage|p2a: Hatterene|0 fnt\n|faint|p2a: Hatterene\n|\n|upkeep\n|\n|t:|1698112360\n|switch|p2a: Chi-Yu|Chi-Yu|59\/100\n|-damage|p2a: Chi-Yu|35\/100|[from] Stealth Rock\n|-damage|p2a: Chi-Yu|18\/100|[from] Spikes\n|-ability|p2a: Chi-Yu|Beads of Ruin\n|turn|22\n|\n|t:|1698112373\n|switch|p1a: Gholdengo|Gholdengo|100\/100\n|-damage|p1a: Gholdengo|94\/100|[from] Stealth Rock\n|-item|p1a: Gholdengo|Air Balloon\n|move|p2a: Chi-Yu|Overheat|p1a: Gholdengo\n|-supereffective|p1a: Gholdengo\n|-damage|p1a: Gholdengo|0 fnt\n|-unboost|p2a: Chi-Yu|spa|2\n|-enditem|p1a: Gholdengo|Air Balloon\n|faint|p1a: Gholdengo\n|\n|upkeep\n|\n|t:|1698112379\n|switch|p1a: Zacian|Zacian|100\/100\n|turn|23\n|\n|t:|1698112382\n|move|p1a: Zacian|Close Combat|p2a: Chi-Yu\n|-supereffective|p2a: Chi-Yu\n|-damage|p2a: Chi-Yu|0 fnt\n|-unboost|p1a: Zacian|def|1\n|-unboost|p1a: Zacian|spd|1\n|faint|p2a: Chi-Yu\n|\n|upkeep\n|c|\u2606Vazquez 2.0|gg\n|c|\u2606Leo Justice|gg\n|\n|t:|1698112388\n|switch|p2a: Ursaluna|Ursaluna, F|47\/100 brn\n|-damage|p2a: Ursaluna|41\/100 brn|[from] Stealth Rock\n|-damage|p2a: Ursaluna|24\/100 brn|[from] Spikes\n|turn|24\n|\n|t:|1698112391\n|move|p1a: Zacian|Close Combat|p2a: Ursaluna\n|-supereffective|p2a: Ursaluna\n|-crit|p2a: Ursaluna\n|-damage|p2a: Ursaluna|0 fnt\n|-unboost|p1a: Zacian|def|1\n|-unboost|p1a: Zacian|spd|1\n|faint|p2a: Ursaluna\n|\n|win|Leo Justice\n|c|\u2606Vazquez 2.0|can i try ouy another teamn?\n","uploadtime":1698112405,"views":9,"p1id":"leojustice","p2id":"vazquez20","formatid":"gen9ubers","rating":0,"private":0,"password":""}