{"id":"gen9ubers-1974677647","p1":"Yangsta","p2":"darkmoju","format":"[Gen 9] Ubers","log":"|j|\u2606Yangsta\n|j|\u2606darkmoju\n|t:|1698109534\n|gametype|singles\n|player|p1|Yangsta|waiter|\n|player|p2|darkmoju|ghetsis-gen5bw|\n|teamsize|p1|6\n|teamsize|p2|6\n|gen|9\n|tier|[Gen 9] Ubers\n|rule|Sleep Clause Mod: Limit one foe put to sleep\n|rule|Species Clause: Limit one of each Pok\u00e9mon\n|rule|OHKO Clause: OHKO moves are banned\n|rule|Evasion Items Clause: Evasion items are banned\n|rule|Evasion Moves Clause: Evasion moves are banned\n|rule|Endless Battle Clause: Forcing endless battles is banned\n|rule|HP Percentage Mod: HP is shown in percentages\n|clearpoke\n|poke|p1|Arceus|\n|poke|p1|Zacian-*|\n|poke|p1|Regieleki|\n|poke|p1|Koraidon|\n|poke|p1|Volcarona, M|\n|poke|p1|Flutter Mane|\n|poke|p2|Dialga-Origin|\n|poke|p2|Palkia-Origin|\n|poke|p2|Giratina-Origin|\n|poke|p2|Arceus|\n|poke|p2|Groudon|\n|poke|p2|Eternatus|\n|teampreview\n|j| Hand0fD00m\n|c|\u2606Yangsta|gl brother\n|c|\u2606darkmoju|glhf bro\n|c| Hand0fD00m|gl guys! thisll be dope!\n|\n|t:|1698109583\n|start\n|switch|p1a: Koraidon|Koraidon|100\/100\n|switch|p2a: Dialga|Dialga-Origin|100\/100\n|-weather|SunnyDay|[from] ability: Orichalcum Pulse|[of] p1a: Koraidon\n|-activate|p1a: Koraidon|Orichalcum Pulse|[source]\n|-ability|p2a: Dialga|Pressure\n|turn|1\n|\n|t:|1698109594\n|-terastallize|p2a: Dialga|Fairy\n|move|p1a: Koraidon|Collision Course|p2a: Dialga\n|-resisted|p2a: Dialga\n|-damage|p2a: Dialga|69\/100\n|move|p2a: Dialga|Draco Meteor|p1a: Koraidon\n|-supereffective|p1a: Koraidon\n|-damage|p1a: Koraidon|0 fnt\n|-unboost|p2a: Dialga|spa|2\n|faint|p1a: Koraidon\n|\n|-weather|SunnyDay|[upkeep]\n|upkeep\n|\n|t:|1698109605\n|switch|p1a: Zacian|Zacian-Crowned|100\/100\n|-ability|p1a: Zacian|Intrepid Sword|boost\n|-boost|p1a: Zacian|atk|1\n|turn|2\n|\n|t:|1698109616\n|move|p1a: Zacian|Swords Dance|p1a: Zacian\n|-boost|p1a: Zacian|atk|2\n|move|p2a: Dialga|Thunder Wave|p1a: Zacian\n|-status|p1a: Zacian|par\n|\n|-weather|SunnyDay|[upkeep]\n|upkeep\n|turn|3\n|\n|t:|1698109623\n|move|p2a: Dialga|Earth Power|p1a: Zacian\n|-supereffective|p1a: Zacian\n|-damage|p1a: Zacian|65\/100 par\n|move|p1a: Zacian|Behemoth Blade|p2a: Dialga\n|-supereffective|p2a: Dialga\n|-damage|p2a: Dialga|0 fnt\n|faint|p2a: Dialga\n|\n|-weather|SunnyDay|[upkeep]\n|upkeep\n|\n|t:|1698109653\n|switch|p2a: Groudon|Groudon|100\/100\n|turn|4\n|\n|t:|1698109660\n|move|p2a: Groudon|Precipice Blades|p1a: Zacian|[miss]\n|-miss|p2a: Groudon|p1a: Zacian\n|move|p1a: Zacian|Trailblaze|p2a: Groudon\n|-supereffective|p2a: Groudon\n|-damage|p2a: Groudon|42\/100\n|-boost|p1a: Zacian|spe|1\n|\n|-weather|SunnyDay|[upkeep]\n|-heal|p2a: Groudon|48\/100|[from] item: Leftovers\n|upkeep\n|turn|5\n|\n|t:|1698109669\n|move|p1a: Zacian|Play Rough|p2a: Groudon\n|-damage|p2a: Groudon|0 fnt\n|faint|p2a: Groudon\n|\n|-weather|none\n|upkeep\n|c| Hand0fD00m|it had to happen at least once lol\n|\n|t:|1698109692\n|switch|p2a: Palkia|Palkia-Origin|100\/100\n|-ability|p2a: Palkia|Pressure\n|turn|6\n|\n|t:|1698109696\n|move|p2a: Palkia|Fire Blast|p1a: Zacian\n|-supereffective|p1a: Zacian\n|-damage|p1a: Zacian|0 fnt\n|faint|p1a: Zacian\n|\n|upkeep\n|\n|t:|1698109708\n|switch|p1a: Flutter Mane|Flutter Mane|100\/100\n|turn|7\n|\n|t:|1698109717\n|-terastallize|p1a: Flutter Mane|Fairy\n|move|p1a: Flutter Mane|Dazzling Gleam|p2a: Palkia\n|-supereffective|p2a: Palkia\n|-damage|p2a: Palkia|0 fnt\n|faint|p2a: Palkia\n|\n|upkeep\n|\n|t:|1698109721\n|switch|p2a: Eternatus|Eternatus|100\/100\n|-ability|p2a: Eternatus|Pressure\n|turn|8\n|\n|t:|1698109727\n|-end|p1a: Flutter Mane|Protosynthesis|[silent]\n|switch|p1a: Arceus|Arceus|100\/100\n|move|p2a: Eternatus|Sludge Bomb|p1a: Arceus\n|-damage|p1a: Arceus|63\/100\n|\n|-heal|p1a: Arceus|69\/100|[from] item: Leftovers\n|upkeep\n|turn|9\n|\n|t:|1698109738\n|move|p2a: Eternatus|Sludge Bomb|p1a: Arceus\n|-damage|p1a: Arceus|30\/100\n|move|p1a: Arceus|Cosmic Power|p1a: Arceus\n|-boost|p1a: Arceus|def|1\n|-boost|p1a: Arceus|spd|1\n|\n|-heal|p1a: Arceus|36\/100|[from] item: Leftovers\n|upkeep\n|turn|10\n|\n|t:|1698109744\n|move|p2a: Eternatus|Sludge Bomb|p1a: Arceus\n|-damage|p1a: Arceus|12\/100\n|move|p1a: Arceus|Recover|p1a: Arceus\n|-heal|p1a: Arceus|62\/100\n|\n|-heal|p1a: Arceus|68\/100|[from] item: Leftovers\n|upkeep\n|turn|11\n|\n|t:|1698109756\n|switch|p2a: Giratina|Giratina-Origin, shiny|100\/100\n|move|p1a: Arceus|Cosmic Power|p1a: Arceus\n|-boost|p1a: Arceus|def|1\n|-boost|p1a: Arceus|spd|1\n|\n|-heal|p1a: Arceus|74\/100|[from] item: Leftovers\n|upkeep\n|turn|12\n|\n|t:|1698109764\n|move|p1a: Arceus|Stored Power|p2a: Giratina\n|-damage|p2a: Giratina|77\/100\n|move|p2a: Giratina|Shadow Ball|p1a: Arceus\n|-immune|p1a: Arceus\n|\n|-heal|p1a: Arceus|80\/100|[from] item: Leftovers\n|upkeep\n|turn|13\n|c|\u2606darkmoju|bro what is wrong with me\n|c|\u2606Yangsta|hahaha\n|\n|t:|1698109778\n|move|p1a: Arceus|Cosmic Power|p1a: Arceus\n|-boost|p1a: Arceus|def|1\n|-boost|p1a: Arceus|spd|1\n|move|p2a: Giratina|Draco Meteor|p1a: Arceus\n|-damage|p1a: Arceus|62\/100\n|-unboost|p2a: Giratina|spa|2\n|\n|-heal|p1a: Arceus|68\/100|[from] item: Leftovers\n|upkeep\n|turn|14\n|\n|t:|1698109786\n|switch|p2a: Arceus|Arceus, shiny|100\/100\n|move|p1a: Arceus|Cosmic Power|p1a: Arceus\n|-boost|p1a: Arceus|def|1\n|-boost|p1a: Arceus|spd|1\n|\n|-heal|p1a: Arceus|74\/100|[from] item: Leftovers\n|upkeep\n|turn|15\n|\n|t:|1698109793\n|move|p1a: Arceus|Stored Power|p2a: Arceus\n|-damage|p2a: Arceus|66\/100\n|move|p2a: Arceus|Swords Dance|p2a: Arceus\n|-boost|p2a: Arceus|atk|2\n|\n|-heal|p1a: Arceus|80\/100|[from] item: Leftovers\n|upkeep\n|turn|16\n|\n|t:|1698109800\n|move|p1a: Arceus|Stored Power|p2a: Arceus\n|-damage|p2a: Arceus|32\/100\n|move|p2a: Arceus|Swords Dance|p2a: Arceus\n|-boost|p2a: Arceus|atk|2\n|\n|-heal|p1a: Arceus|87\/100|[from] item: Leftovers\n|upkeep\n|turn|17\n|\n|t:|1698109806\n|move|p2a: Arceus|Extreme Speed|p1a: Arceus\n|-damage|p1a: Arceus|54\/100\n|move|p1a: Arceus|Stored Power|p2a: Arceus\n|-damage|p2a: Arceus|0 fnt\n|faint|p2a: Arceus\n|\n|-heal|p1a: Arceus|60\/100|[from] item: Leftovers\n|upkeep\n|\n|t:|1698109810\n|switch|p2a: Eternatus|Eternatus|100\/100\n|-ability|p2a: Eternatus|Pressure\n|turn|18\n|\n|t:|1698109817\n|move|p2a: Eternatus|Dynamax Cannon|p1a: Arceus\n|-damage|p1a: Arceus|47\/100\n|move|p1a: Arceus|Stored Power|p2a: Eternatus\n|-supereffective|p2a: Eternatus\n|-damage|p2a: Eternatus|16\/100\n|\n|-heal|p1a: Arceus|53\/100|[from] item: Leftovers\n|upkeep\n|turn|19\n|c|\u2606darkmoju|gg\n|\n|t:|1698109824\n|move|p2a: Eternatus|Dynamax Cannon|p1a: Arceus\n|-damage|p1a: Arceus|38\/100\n|move|p1a: Arceus|Recover|p1a: Arceus\n|-heal|p1a: Arceus|88\/100\n|\n|-heal|p1a: Arceus|94\/100|[from] item: Leftovers\n|upkeep\n|turn|20\n|j| Rival Andrew\n|\n|t:|1698109830\n|move|p2a: Eternatus|Dynamax Cannon|p1a: Arceus\n|-damage|p1a: Arceus|81\/100\n|move|p1a: Arceus|Stored Power|p2a: Eternatus\n|-supereffective|p2a: Eternatus\n|-damage|p2a: Eternatus|0 fnt\n|faint|p2a: Eternatus\n|\n|-heal|p1a: Arceus|87\/100|[from] item: Leftovers\n|upkeep\n|\n|t:|1698109832\n|switch|p2a: Giratina|Giratina-Origin, shiny|77\/100\n|turn|21\n|\n|t:|1698109840\n|move|p1a: Arceus|Cosmic Power|p1a: Arceus\n|-boost|p1a: Arceus|def|1\n|-boost|p1a: Arceus|spd|1\n|move|p2a: Giratina|Draco Meteor|p1a: Arceus\n|-damage|p1a: Arceus|74\/100\n|-unboost|p2a: Giratina|spa|2\n|\n|-heal|p1a: Arceus|80\/100|[from] item: Leftovers\n|upkeep\n|turn|22\n|\n|t:|1698109848\n|move|p1a: Arceus|Cosmic Power|p1a: Arceus\n|-boost|p1a: Arceus|def|1\n|-boost|p1a: Arceus|spd|1\n|move|p2a: Giratina|Draco Meteor|p1a: Arceus\n|-damage|p1a: Arceus|74\/100\n|-unboost|p2a: Giratina|spa|2\n|\n|-heal|p1a: Arceus|80\/100|[from] item: Leftovers\n|upkeep\n|turn|23\n|c| Rival Andrew|Arceus smoking those moonrocks getting cosmic power\n|\n|t:|1698109856\n|move|p1a: Arceus|Stored Power|p2a: Giratina\n|-damage|p2a: Giratina|15\/100\n|move|p2a: Giratina|Draco Meteor|p1a: Arceus\n|-damage|p1a: Arceus|76\/100\n|-unboost|p2a: Giratina|spa|2\n|\n|-heal|p1a: Arceus|82\/100|[from] item: Leftovers\n|upkeep\n|turn|24\n|\n|t:|1698109864\n|move|p1a: Arceus|Stored Power|p2a: Giratina\n|-damage|p2a: Giratina|0 fnt\n|faint|p2a: Giratina\n|\n|win|Yangsta\n|l|\u2606darkmoju\n|c|\u2606Yangsta|gg\n|l| Rival Andrew\n","uploadtime":1698109876,"views":10,"p1id":"yangsta","p2id":"darkmoju","formatid":"gen9ubers","rating":0,"private":0,"password":""}