{"id":"gen9ubers-1978900936","p1":"Flipsidejay","p2":"Thisaintgeo","format":"[Gen 9] Ubers","log":"|j|\u2606Flipsidejay\n|j|\u2606Thisaintgeo\n|t:|1698608181\n|gametype|singles\n|player|p1|Flipsidejay|170|\n|player|p2|Thisaintgeo|gentleman-gen4|\n|teamsize|p1|6\n|teamsize|p2|6\n|gen|9\n|tier|[Gen 9] Ubers\n|rule|Sleep Clause Mod: Limit one foe put to sleep\n|rule|Species Clause: Limit one of each Pok\u00e9mon\n|rule|OHKO Clause: OHKO moves are banned\n|rule|Evasion Items Clause: Evasion items are banned\n|rule|Evasion Moves Clause: Evasion moves are banned\n|rule|Endless Battle Clause: Forcing endless battles is banned\n|rule|HP Percentage Mod: HP is shown in percentages\n|clearpoke\n|poke|p1|Pincurchin, F|\n|poke|p1|Raichu-Alola, M|\n|poke|p1|Quagsire, F|\n|poke|p1|Hatterene, F|\n|poke|p1|Grimmsnarl, M|\n|poke|p1|Sneasler, M|\n|poke|p2|Chien-Pao|\n|poke|p2|Moltres|\n|poke|p2|Sandy Shocks|\n|poke|p2|Enamorus-Therian, F|\n|poke|p2|Shiftry, M|\n|poke|p2|Dragalge, F|\n|teampreview\n|c|\u2606Flipsidejay|yo\n|c|\u2606Thisaintgeo|hf\n|c|\u2606Flipsidejay|gl hf\n|\n|t:|1698608205\n|start\n|switch|p1a: Sneasler|Sneasler, M|100\/100\n|switch|p2a: RM|Shiftry, M|100\/100\n|turn|1\n|\n|t:|1698608214\n|move|p1a: Sneasler|Fake Out|p2a: RM\n|-damage|p2a: RM|75\/100\n|cant|p2a: RM|flinch\n|\n|upkeep\n|turn|2\n|\n|t:|1698608242\n|switch|p2a: SUGA|Dragalge, F|100\/100\n|move|p1a: Sneasler|Dire Claw|p2a: SUGA\n|-resisted|p2a: SUGA\n|-damage|p2a: SUGA|83\/100\n|-enditem|p2a: SUGA|Red Card|[of] p1a: Sneasler\n|drag|p1a: Raichu|Raichu-Alola, M, shiny|100\/100\n|\n|upkeep\n|turn|3\n|\n|t:|1698608279\n|move|p1a: Raichu|Volt Switch|p2a: SUGA\n|-resisted|p2a: SUGA\n|-damage|p2a: SUGA|65\/100\n|-damage|p1a: Raichu|91\/100|[from] item: Life Orb\n|\n|t:|1698608284\n|switch|p1a: Grimmsnarl|Grimmsnarl, M, shiny|100\/100|[from] Volt Switch\n|move|p2a: SUGA|Flip Turn|p1a: Grimmsnarl\n|-damage|p1a: Grimmsnarl|94\/100\n|\n|t:|1698608330\n|switch|p2a: RM|Shiftry, M|75\/100|[from] Flip Turn\n|\n|upkeep\n|turn|4\n|\n|t:|1698608371\n|-terastallize|p2a: RM|Normal\n|move|p1a: Grimmsnarl|Reflect|p1a: Grimmsnarl\n|-sidestart|p1: Flipsidejay|Reflect\n|move|p2a: RM|Explosion|p1a: Grimmsnarl\n|-damage|p1a: Grimmsnarl|53\/100\n|faint|p2a: RM\n|\n|upkeep\n|c|\u2606Flipsidejay|lol thats what you wanted to do earlier\n|\n|t:|1698608400\n|switch|p2a: SUGA|Dragalge, F|65\/100\n|turn|5\n|\n|t:|1698608409\n|move|p1a: Grimmsnarl|Light Screen|p1a: Grimmsnarl\n|-sidestart|p1: Flipsidejay|move: Light Screen\n|move|p2a: SUGA|Sludge Bomb|p1a: Grimmsnarl\n|-supereffective|p1a: Grimmsnarl\n|-crit|p1a: Grimmsnarl\n|-damage|p1a: Grimmsnarl|0 fnt\n|faint|p1a: Grimmsnarl\n|\n|upkeep\n|\n|t:|1698608419\n|switch|p1a: Pincurchin|Pincurchin, F, shiny|100\/100\n|-fieldstart|move: Electric Terrain|[from] ability: Electric Surge|[of] p1a: Pincurchin\n|turn|6\n|\n|t:|1698608431\n|move|p2a: SUGA|Flip Turn|p1a: Pincurchin\n|-damage|p1a: Pincurchin|97\/100\n|\n|t:|1698608434\n|switch|p2a: Ros\u00e9|Sandy Shocks|100\/100|[from] Flip Turn\n|-enditem|p2a: Ros\u00e9|Booster Energy\n|-activate|p2a: Ros\u00e9|ability: Protosynthesis|[fromitem]\n|-start|p2a: Ros\u00e9|protosynthesisspa\n|move|p1a: Pincurchin|Memento|p2a: Ros\u00e9\n|-unboost|p2a: Ros\u00e9|atk|2\n|-unboost|p2a: Ros\u00e9|spa|2\n|faint|p1a: Pincurchin\n|\n|upkeep\n|\n|t:|1698608456\n|switch|p1a: Hatterene|Hatterene, F, shiny|100\/100\n|turn|7\n|\n|t:|1698608502\n|move|p2a: Ros\u00e9|Volt Switch|p1a: Hatterene\n|-damage|p1a: Hatterene|87\/100\n|\n|t:|1698608545\n|-end|p2a: Ros\u00e9|Protosynthesis|[silent]\n|switch|p2a: Lalisa|Chien-Pao|100\/100|[from] Volt Switch\n|-ability|p2a: Lalisa|Sword of Ruin\n|move|p1a: Hatterene|Substitute|p1a: Hatterene\n|-start|p1a: Hatterene|Substitute\n|-damage|p1a: Hatterene|62\/100\n|\n|-heal|p1a: Hatterene|68\/100|[from] item: Leftovers\n|upkeep\n|turn|8\n|\n|t:|1698608585\n|move|p2a: Lalisa|Ice Spinner|p1a: Hatterene\n|-end|p1a: Hatterene|Substitute\n|-fieldend|move: Electric Terrain\n|move|p1a: Hatterene|Draining Kiss|p2a: Lalisa\n|-supereffective|p2a: Lalisa\n|-damage|p2a: Lalisa|19\/100\n|-heal|p1a: Hatterene|100\/100|[from] drain|[of] p2a: Lalisa\n|\n|upkeep\n|turn|9\n|\n|t:|1698608612\n|move|p2a: Lalisa|Brick Break|p1a: Hatterene\n|-sideend|p1: Flipsidejay|Reflect\n|-sideend|p1: Flipsidejay|move: Light Screen\n|-resisted|p1a: Hatterene\n|-damage|p1a: Hatterene|90\/100\n|move|p1a: Hatterene|Draining Kiss|p2a: Lalisa\n|-supereffective|p2a: Lalisa\n|-crit|p2a: Lalisa\n|-damage|p2a: Lalisa|0 fnt\n|-heal|p1a: Hatterene|100\/100|[from] drain|[of] p2a: Lalisa\n|faint|p2a: Lalisa\n|\n|upkeep\n|\n|t:|1698608620\n|switch|p2a: SUGA|Dragalge, F|65\/100\n|turn|10\n|\n|t:|1698608629\n|switch|p1a: Sneasler|Sneasler, M|100\/100\n|move|p2a: SUGA|Sludge Bomb|p1a: Sneasler\n|-resisted|p1a: Sneasler\n|-damage|p1a: Sneasler|79\/100\n|\n|upkeep\n|turn|11\n|\n|t:|1698608662\n|move|p1a: Sneasler|Fake Out|p2a: SUGA\n|-damage|p2a: SUGA|52\/100\n|cant|p2a: SUGA|flinch\n|\n|upkeep\n|turn|12\n|\n|t:|1698608674\n|move|p1a: Sneasler|U-turn|p2a: SUGA\n|-resisted|p2a: SUGA\n|-crit|p2a: SUGA\n|-damage|p2a: SUGA|38\/100\n|\n|t:|1698608682\n|switch|p1a: Quagsire|Quagsire, F, shiny|100\/100|[from] U-turn\n|move|p2a: SUGA|Flip Turn|p1a: Quagsire\n|-damage|p1a: Quagsire|95\/100\n|\n|t:|1698608722\n|switch|p2a: Jungkook|Moltres|100\/100|[from] Flip Turn\n|\n|-heal|p1a: Quagsire|100\/100|[from] item: Leftovers\n|upkeep\n|turn|13\n|\n|t:|1698608731\n|move|p2a: Jungkook|Will-O-Wisp|p1a: Quagsire\n|-status|p1a: Quagsire|brn\n|move|p1a: Quagsire|Curse|p1a: Quagsire\n|-unboost|p1a: Quagsire|spe|1\n|-boost|p1a: Quagsire|atk|1\n|-boost|p1a: Quagsire|def|1\n|\n|-damage|p1a: Quagsire|94\/100 brn|[from] brn\n|upkeep\n|turn|14\n|\n|t:|1698608742\n|move|p2a: Jungkook|Air Slash|p1a: Quagsire\n|-damage|p1a: Quagsire|56\/100 brn\n|move|p1a: Quagsire|Curse|p1a: Quagsire\n|-unboost|p1a: Quagsire|spe|1\n|-boost|p1a: Quagsire|atk|1\n|-boost|p1a: Quagsire|def|1\n|\n|-heal|p1a: Quagsire|62\/100 brn|[from] item: Leftovers\n|-damage|p1a: Quagsire|56\/100 brn|[from] brn\n|upkeep\n|turn|15\n|\n|t:|1698608752\n|move|p2a: Jungkook|Air Slash|p1a: Quagsire\n|-damage|p1a: Quagsire|17\/100 brn\n|move|p1a: Quagsire|Recover|p1a: Quagsire\n|-heal|p1a: Quagsire|67\/100 brn\n|\n|-heal|p1a: Quagsire|73\/100 brn|[from] item: Leftovers\n|-damage|p1a: Quagsire|67\/100 brn|[from] brn\n|upkeep\n|turn|16\n|\n|t:|1698608761\n|move|p2a: Jungkook|Air Slash|p1a: Quagsire|[miss]\n|-miss|p2a: Jungkook|p1a: Quagsire\n|move|p1a: Quagsire|Recover|p1a: Quagsire\n|-heal|p1a: Quagsire|100\/100 brn\n|\n|-damage|p1a: Quagsire|94\/100 brn|[from] brn\n|upkeep\n|turn|17\n|\n|t:|1698608769\n|move|p2a: Jungkook|Air Slash|p1a: Quagsire\n|-damage|p1a: Quagsire|58\/100 brn\n|move|p1a: Quagsire|Rock Slide|p2a: Jungkook|[miss]\n|-miss|p1a: Quagsire|p2a: Jungkook\n|\n|-heal|p1a: Quagsire|64\/100 brn|[from] item: Leftovers\n|-damage|p1a: Quagsire|58\/100 brn|[from] brn\n|upkeep\n|turn|18\n|\n|t:|1698608779\n|move|p2a: Jungkook|Air Slash|p1a: Quagsire\n|-damage|p1a: Quagsire|22\/100 brn\n|cant|p1a: Quagsire|flinch\n|\n|-heal|p1a: Quagsire|28\/100 brn|[from] item: Leftovers\n|-damage|p1a: Quagsire|22\/100 brn|[from] brn\n|upkeep\n|turn|19\n|\n|t:|1698608791\n|move|p2a: Jungkook|Air Slash|p1a: Quagsire\n|-damage|p1a: Quagsire|0 fnt\n|faint|p1a: Quagsire\n|\n|upkeep\n|c|\u2606Thisaintgeo|whew\n|\n|t:|1698608797\n|switch|p1a: Raichu|Raichu-Alola, M, shiny|91\/100\n|turn|20\n|\n|t:|1698608809\n|switch|p2a: Ros\u00e9|Sandy Shocks|100\/100\n|-terastallize|p1a: Raichu|Electric\n|move|p1a: Raichu|Thunderbolt|p2a: Ros\u00e9\n|-immune|p2a: Ros\u00e9\n|\n|upkeep\n|turn|21\n|\n|t:|1698608822\n|switch|p1a: Hatterene|Hatterene, F, shiny|100\/100\n|move|p2a: Ros\u00e9|Volt Switch|p1a: Hatterene\n|-damage|p1a: Hatterene|70\/100\n|\n|t:|1698608847\n|-end|p2a: Ros\u00e9|Protosynthesis|[silent]\n|switch|p2a: Jisoo|Enamorus-Therian, F|100\/100|[from] Volt Switch\n|\n|-heal|p1a: Hatterene|76\/100|[from] item: Leftovers\n|upkeep\n|turn|22\n|\n|t:|1698608853\n|move|p2a: Jisoo|Calm Mind|p2a: Jisoo\n|-boost|p2a: Jisoo|spa|1\n|-boost|p2a: Jisoo|spd|1\n|move|p1a: Hatterene|Calm Mind|p1a: Hatterene\n|-boost|p1a: Hatterene|spa|1\n|-boost|p1a: Hatterene|spd|1\n|\n|-heal|p1a: Hatterene|82\/100|[from] item: Leftovers\n|upkeep\n|turn|23\n|\n|t:|1698608867\n|move|p2a: Jisoo|Calm Mind|p2a: Jisoo\n|-boost|p2a: Jisoo|spa|1\n|-boost|p2a: Jisoo|spd|1\n|move|p1a: Hatterene|Calm Mind|p1a: Hatterene\n|-boost|p1a: Hatterene|spa|1\n|-boost|p1a: Hatterene|spd|1\n|\n|-heal|p1a: Hatterene|88\/100|[from] item: Leftovers\n|upkeep\n|turn|24\n|\n|t:|1698608877\n|move|p2a: Jisoo|Calm Mind|p2a: Jisoo\n|-boost|p2a: Jisoo|spa|1\n|-boost|p2a: Jisoo|spd|1\n|move|p1a: Hatterene|Calm Mind|p1a: Hatterene\n|-boost|p1a: Hatterene|spa|1\n|-boost|p1a: Hatterene|spd|1\n|\n|-heal|p1a: Hatterene|94\/100|[from] item: Leftovers\n|upkeep\n|turn|25\n|\n|t:|1698608886\n|move|p2a: Jisoo|Iron Defense|p2a: Jisoo\n|-boost|p2a: Jisoo|def|2\n|move|p1a: Hatterene|Calm Mind|p1a: Hatterene\n|-boost|p1a: Hatterene|spa|1\n|-boost|p1a: Hatterene|spd|1\n|\n|-heal|p1a: Hatterene|99\/100|[from] item: Leftovers\n|upkeep\n|turn|26\n|\n|t:|1698608894\n|move|p2a: Jisoo|Iron Defense|p2a: Jisoo\n|-boost|p2a: Jisoo|def|2\n|move|p1a: Hatterene|Calm Mind|p1a: Hatterene\n|-boost|p1a: Hatterene|spa|1\n|-boost|p1a: Hatterene|spd|1\n|\n|-heal|p1a: Hatterene|100\/100|[from] item: Leftovers\n|upkeep\n|turn|27\n|\n|t:|1698608902\n|move|p2a: Jisoo|Calm Mind|p2a: Jisoo\n|-boost|p2a: Jisoo|spa|1\n|-boost|p2a: Jisoo|spd|1\n|move|p1a: Hatterene|Calm Mind|p1a: Hatterene\n|-boost|p1a: Hatterene|spa|1\n|-boost|p1a: Hatterene|spd|1\n|\n|upkeep\n|turn|28\n|\n|t:|1698608910\n|move|p2a: Jisoo|Calm Mind|p2a: Jisoo\n|-boost|p2a: Jisoo|spa|1\n|-boost|p2a: Jisoo|spd|1\n|move|p1a: Hatterene|Substitute|p1a: Hatterene\n|-start|p1a: Hatterene|Substitute\n|-damage|p1a: Hatterene|76\/100\n|\n|-heal|p1a: Hatterene|82\/100|[from] item: Leftovers\n|upkeep\n|turn|29\n|\n|t:|1698608919\n|move|p2a: Jisoo|Calm Mind|p2a: Jisoo\n|-boost|p2a: Jisoo|spa|1\n|-boost|p2a: Jisoo|spd|1\n|move|p1a: Hatterene|Stored Power|p2a: Jisoo\n|-damage|p2a: Jisoo|0 fnt\n|faint|p2a: Jisoo\n|\n|-heal|p1a: Hatterene|88\/100|[from] item: Leftovers\n|upkeep\n|c|\u2606Thisaintgeo|lol\n|c|\u2606Flipsidejay|lol\n|c|\u2606Thisaintgeo|gg\n|\n|t:|1698608940\n|switch|p2a: SUGA|Dragalge, F|38\/100\n|turn|30\n|\n|t:|1698608949\n|move|p2a: SUGA|Flip Turn|p1a: Hatterene\n|-activate|p1a: Hatterene|move: Substitute|[damage]\n|c|\u2606Flipsidejay|lol didnt think it one shot\n|\n|t:|1698608951\n|switch|p2a: Ros\u00e9|Sandy Shocks|100\/100|[from] Flip Turn\n|move|p1a: Hatterene|Stored Power|p2a: Ros\u00e9\n|-damage|p2a: Ros\u00e9|0 fnt\n|faint|p2a: Ros\u00e9\n|-end|p2a: Ros\u00e9|Protosynthesis|[silent]\n|\n|-heal|p1a: Hatterene|94\/100|[from] item: Leftovers\n|upkeep\n|\n|t:|1698608952\n|switch|p2a: SUGA|Dragalge, F|38\/100\n|turn|31\n|\n|t:|1698608964\n|move|p2a: SUGA|Sludge Bomb|p1a: Hatterene\n|-supereffective|p1a: Hatterene\n|-activate|p1a: Hatterene|move: Substitute|[damage]\n|move|p1a: Hatterene|Stored Power|p2a: SUGA\n|-supereffective|p2a: SUGA\n|-damage|p2a: SUGA|0 fnt\n|faint|p2a: SUGA\n|\n|-heal|p1a: Hatterene|99\/100|[from] item: Leftovers\n|upkeep\n|\n|t:|1698608968\n|switch|p2a: Jungkook|Moltres|100\/100\n|turn|32\n|\n|t:|1698608976\n|move|p2a: Jungkook|Flamethrower|p1a: Hatterene\n|-end|p1a: Hatterene|Substitute\n|move|p1a: Hatterene|Stored Power|p2a: Jungkook\n|-damage|p2a: Jungkook|0 fnt\n|faint|p2a: Jungkook\n|\n|win|Flipsidejay\n","uploadtime":1698608983,"views":16,"p1id":"flipsidejay","p2id":"thisaintgeo","formatid":"gen9ubers","rating":0,"private":0,"password":""}