{"id":"gen9ubers-1983540604","p1":"Pidgeot is good","p2":"Greninja3040","format":"[Gen 9] Ubers","log":"|j|\u2606Pidgeot is good\n|j|\u2606Greninja3040\n|t:|1699141286\n|gametype|singles\n|player|p1|Pidgeot is good|red|\n|player|p2|Greninja3040|hilbert-wonderlauncher|\n|teamsize|p1|6\n|teamsize|p2|6\n|gen|9\n|tier|[Gen 9] Ubers\n|rule|Sleep Clause Mod: Limit one foe put to sleep\n|rule|Species Clause: Limit one of each Pok\u00e9mon\n|rule|OHKO Clause: OHKO moves are banned\n|rule|Evasion Items Clause: Evasion items are banned\n|rule|Evasion Moves Clause: Evasion moves are banned\n|rule|Endless Battle Clause: Forcing endless battles is banned\n|rule|HP Percentage Mod: HP is shown in percentages\n|clearpoke\n|poke|p1|Quagsire, M|\n|poke|p1|Torterra, F|\n|poke|p1|Roaring Moon|\n|poke|p1|Kingambit, M|\n|poke|p1|Dragapult, M|\n|poke|p1|Magnezone|\n|poke|p2|Greninja-*, M|\n|poke|p2|Noivern, M|\n|poke|p2|Ogerpon-Wellspring, F|\n|poke|p2|Spiritomb, M|\n|poke|p2|Politoed, M|\n|poke|p2|Basculegion, M|\n|teampreview\n|\n|t:|1699141343\n|start\n|switch|p1a: Magnezone|Magnezone, shiny|100\/100\n|switch|p2a: Spiritomb|Spiritomb, M, shiny|100\/100\n|turn|1\n|j| Ascatevil\n|\n|t:|1699141400\n|-terastallize|p2a: Spiritomb|Fire\n|move|p1a: Magnezone|Volt Switch|p2a: Spiritomb\n|-damage|p2a: Spiritomb|50\/100\n|\n|t:|1699141410\n|switch|p1a: Quagsire|Quagsire, M, shiny|100\/100|[from] Volt Switch\n|move|p2a: Spiritomb|Tera Blast|p1a: Quagsire|[anim] Tera Blast Fire\n|-resisted|p1a: Quagsire\n|-damage|p1a: Quagsire|77\/100\n|\n|-heal|p1a: Quagsire|83\/100|[from] item: Leftovers\n|upkeep\n|turn|2\n|\n|t:|1699141430\n|switch|p2a: Ogerpon|Ogerpon-Wellspring, F|100\/100\n|move|p1a: Quagsire|Stealth Rock|p2a: Ogerpon\n|-sidestart|p2: Greninja3040|move: Stealth Rock\n|\n|-heal|p1a: Quagsire|89\/100|[from] item: Leftovers\n|upkeep\n|turn|3\n|\n|t:|1699141445\n|move|p1a: Quagsire|Protect|p1a: Quagsire\n|-singleturn|p1a: Quagsire|Protect\n|move|p2a: Ogerpon|Knock Off|p1a: Quagsire\n|-activate|p1a: Quagsire|move: Protect\n|\n|-heal|p1a: Quagsire|95\/100|[from] item: Leftovers\n|upkeep\n|turn|4\n|\n|t:|1699141464\n|switch|p1a: Roaring Moon|Roaring Moon|100\/100\n|-enditem|p1a: Roaring Moon|Booster Energy\n|-activate|p1a: Roaring Moon|ability: Protosynthesis|[fromitem]\n|-start|p1a: Roaring Moon|protosynthesisspe\n|move|p2a: Ogerpon|Knock Off|p1a: Roaring Moon\n|-resisted|p1a: Roaring Moon\n|-damage|p1a: Roaring Moon|83\/100\n|\n|upkeep\n|turn|5\n|\n|t:|1699141484\n|move|p1a: Roaring Moon|Dragon Dance|p1a: Roaring Moon\n|-boost|p1a: Roaring Moon|atk|1\n|-boost|p1a: Roaring Moon|spe|1\n|move|p2a: Ogerpon|Brick Break|p1a: Roaring Moon\n|-supereffective|p1a: Roaring Moon\n|-damage|p1a: Roaring Moon|2\/100\n|\n|upkeep\n|turn|6\n|\n|t:|1699141504\n|move|p1a: Roaring Moon|X-Scissor|p2a: Ogerpon\n|-supereffective|p2a: Ogerpon\n|-damage|p2a: Ogerpon|0 fnt\n|faint|p2a: Ogerpon\n|\n|upkeep\n|\n|t:|1699141538\n|switch|p2a: Nightfall|Greninja, M, shiny|100\/100\n|-damage|p2a: Nightfall|88\/100|[from] Stealth Rock\n|turn|7\n|\n|t:|1699141546\n|move|p2a: Nightfall|Water Shuriken|p1a: Roaring Moon\n|-start|p2a: Nightfall|typechange|Water|[from] ability: Protean\n|-resisted|p1a: Roaring Moon\n|-damage|p1a: Roaring Moon|0 fnt\n|faint|p1a: Roaring Moon\n|-end|p1a: Roaring Moon|Protosynthesis|[silent]\n|-hitcount|p1: Roaring Moon|1\n|\n|upkeep\n|\n|t:|1699141552\n|switch|p1a: Magnezone|Magnezone, shiny|100\/100\n|turn|8\n|\n|t:|1699141591\n|switch|p2a: Spiritomb|Spiritomb, M, shiny, tera:Fire|50\/100\n|-damage|p2a: Spiritomb|25\/100|[from] Stealth Rock\n|move|p1a: Magnezone|Volt Switch|p2a: Spiritomb\n|-damage|p2a: Spiritomb|0 fnt\n|faint|p2a: Spiritomb\n|\n|t:|1699141618\n|switch|p1a: Dragapult|Dragapult, M, shiny|100\/100|[from] Volt Switch\n|\n|upkeep\n|\n|t:|1699141627\n|switch|p2a: Bubble Gum|Politoed, M, shiny|100\/100\n|-damage|p2a: Bubble Gum|88\/100|[from] Stealth Rock\n|-weather|RainDance|[from] ability: Drizzle|[of] p2a: Bubble Gum\n|turn|9\n|\n|t:|1699141638\n|move|p1a: Dragapult|Thunder|p2a: Bubble Gum\n|-supereffective|p2a: Bubble Gum\n|-damage|p2a: Bubble Gum|3\/100\n|move|p2a: Bubble Gum|Ice Beam|p1a: Dragapult\n|-supereffective|p1a: Dragapult\n|-damage|p1a: Dragapult|33\/100\n|\n|-weather|RainDance|[upkeep]\n|upkeep\n|turn|10\n|\n|t:|1699141652\n|move|p1a: Dragapult|Thunder|p2a: Bubble Gum\n|-supereffective|p2a: Bubble Gum\n|-damage|p2a: Bubble Gum|0 fnt\n|faint|p2a: Bubble Gum\n|\n|-weather|RainDance|[upkeep]\n|upkeep\n|\n|t:|1699141664\n|switch|p2a: Funny Fish|Basculegion, M, shiny|100\/100\n|-damage|p2a: Funny Fish|88\/100|[from] Stealth Rock\n|turn|11\n|\n|t:|1699141673\n|switch|p1a: Quagsire|Quagsire, M, shiny|95\/100\n|move|p2a: Funny Fish|Ice Fang|p1a: Quagsire\n|-damage|p1a: Quagsire|80\/100\n|\n|-weather|RainDance|[upkeep]\n|-heal|p1a: Quagsire|86\/100|[from] item: Leftovers\n|upkeep\n|turn|12\n|\n|t:|1699141709\n|switch|p2a: Echo|Noivern, M, shiny|100\/100\n|-damage|p2a: Echo|75\/100|[from] Stealth Rock\n|-item|p1a: Quagsire|Leftovers|[from] ability: Frisk|[of] p2a: Echo|[identify]\n|move|p1a: Quagsire|Toxic|p2a: Echo|[miss]\n|-miss|p1a: Quagsire|p2a: Echo\n|\n|-weather|RainDance|[upkeep]\n|-heal|p1a: Quagsire|92\/100|[from] item: Leftovers\n|upkeep\n|turn|13\n|\n|t:|1699141731\n|move|p1a: Quagsire|Protect|p1a: Quagsire\n|-singleturn|p1a: Quagsire|Protect\n|move|p2a: Echo|Boomburst|p1a: Quagsire\n|-activate|p1a: Quagsire|move: Protect\n|\n|-weather|RainDance|[upkeep]\n|-heal|p1a: Quagsire|98\/100|[from] item: Leftovers\n|upkeep\n|turn|14\n|\n|t:|1699141764\n|switch|p1a: Kingambit|Kingambit, M|100\/100\n|-activate|p1a: Kingambit|ability: Supreme Overlord\n|-start|p1a: Kingambit|fallen1|[silent]\n|move|p2a: Echo|Boomburst|p1a: Kingambit\n|-resisted|p1a: Kingambit\n|-damage|p1a: Kingambit|77\/100\n|-enditem|p2a: Echo|Throat Spray\n|-boost|p2a: Echo|spa|1|[from] item: Throat Spray\n|\n|-weather|RainDance|[upkeep]\n|-heal|p1a: Kingambit|83\/100|[from] item: Leftovers\n|upkeep\n|turn|15\n|\n|t:|1699141778\n|move|p2a: Echo|Flamethrower|p1a: Kingambit\n|-supereffective|p1a: Kingambit\n|-damage|p1a: Kingambit|40\/100\n|move|p1a: Kingambit|Swords Dance|p1a: Kingambit\n|-boost|p1a: Kingambit|atk|2\n|\n|-weather|RainDance|[upkeep]\n|-heal|p1a: Kingambit|46\/100|[from] item: Leftovers\n|upkeep\n|turn|16\n|\n|t:|1699141792\n|move|p1a: Kingambit|Sucker Punch|p2a: Echo\n|-damage|p2a: Echo|0 fnt\n|faint|p2a: Echo\n|\n|-weather|none\n|-heal|p1a: Kingambit|52\/100|[from] item: Leftovers\n|upkeep\n|\n|t:|1699141823\n|switch|p2a: Nightfall|Greninja, M, shiny|88\/100\n|-damage|p2a: Nightfall|76\/100|[from] Stealth Rock\n|turn|17\n|\n|t:|1699141865\n|move|p2a: Nightfall|Water Shuriken|p1a: Kingambit\n|-start|p2a: Nightfall|typechange|Water|[from] ability: Protean\n|-damage|p1a: Kingambit|43\/100\n|-damage|p1a: Kingambit|35\/100\n|-damage|p1a: Kingambit|26\/100\n|-damage|p1a: Kingambit|17\/100\n|-damage|p1a: Kingambit|8\/100\n|-hitcount|p1a: Kingambit|5\n|move|p1a: Kingambit|Sucker Punch||[still]\n|-fail|p1a: Kingambit\n|\n|-heal|p1a: Kingambit|14\/100|[from] item: Leftovers\n|upkeep\n|turn|18\n|\n|t:|1699141884\n|move|p2a: Nightfall|Water Shuriken|p1a: Kingambit\n|-damage|p1a: Kingambit|6\/100\n|-damage|p1a: Kingambit|0 fnt\n|faint|p1a: Kingambit\n|-end|p1a: Kingambit|fallen1|[silent]\n|-hitcount|p1: Kingambit|2\n|\n|upkeep\n|\n|t:|1699141890\n|switch|p1a: Torterra|Torterra, F|100\/100\n|turn|19\n|\n|t:|1699141902\n|-terastallize|p1a: Torterra|Fairy\n|move|p2a: Nightfall|Ice Beam|p1a: Torterra\n|-damage|p1a: Torterra|67\/100\n|move|p1a: Torterra|Shell Smash|p1a: Torterra\n|-unboost|p1a: Torterra|def|1\n|-unboost|p1a: Torterra|spd|1\n|-boost|p1a: Torterra|atk|2\n|-boost|p1a: Torterra|spa|2\n|-boost|p1a: Torterra|spe|2\n|\n|upkeep\n|turn|20\n|\n|t:|1699141913\n|move|p2a: Nightfall|Water Shuriken|p1a: Torterra\n|-damage|p1a: Torterra|54\/100\n|-damage|p1a: Torterra|40\/100\n|-damage|p1a: Torterra|27\/100\n|-damage|p1a: Torterra|15\/100\n|-hitcount|p1a: Torterra|4\n|move|p1a: Torterra|Bullet Seed|p2a: Nightfall\n|-supereffective|p2a: Nightfall\n|-damage|p2a: Nightfall|0 fnt\n|faint|p2a: Nightfall\n|-hitcount|p2: Nightfall|1\n|\n|upkeep\n|\n|t:|1699141924\n|switch|p2a: Funny Fish|Basculegion, M, shiny|88\/100\n|-damage|p2a: Funny Fish|76\/100|[from] Stealth Rock\n|turn|21\n|\n|t:|1699141931\n|move|p1a: Torterra|Bullet Seed|p2a: Funny Fish\n|-supereffective|p2a: Funny Fish\n|-damage|p2a: Funny Fish|0 fnt\n|faint|p2a: Funny Fish\n|-hitcount|p2: Funny Fish|1\n|\n|win|Pidgeot is good\n","uploadtime":1699141937,"views":53,"p1id":"pidgeotisgood","p2id":"greninja3040","formatid":"gen9ubers","rating":0,"private":0,"password":""}