{"id":"gen9ubers-1975318694","p1":"queijofino","p2":"Tagiruz","format":"[Gen 9] Ubers","log":"|j|\u2606queijofino\n|j|\u2606Tagiruz\n|t:|1698179366\n|gametype|singles\n|player|p1|queijofino|bugcatcher-gen4dp|1028\n|player|p2|Tagiruz|benga|1148\n|teamsize|p1|6\n|teamsize|p2|6\n|gen|9\n|tier|[Gen 9] Ubers\n|rated|\n|rule|Sleep Clause Mod: Limit one foe put to sleep\n|rule|Species Clause: Limit one of each Pok\u00e9mon\n|rule|OHKO Clause: OHKO moves are banned\n|rule|Evasion Items Clause: Evasion items are banned\n|rule|Evasion Moves Clause: Evasion moves are banned\n|rule|Endless Battle Clause: Forcing endless battles is banned\n|rule|HP Percentage Mod: HP is shown in percentages\n|clearpoke\n|poke|p1|Kyogre|\n|poke|p1|Zacian-*|\n|poke|p1|Iron Treads|\n|poke|p1|Toxapex, F|\n|poke|p1|Ludicolo, M|\n|poke|p1|Giratina-Origin|\n|poke|p2|Koraidon|\n|poke|p2|Miraidon|\n|poke|p2|Zamazenta-*|\n|poke|p2|Flutter Mane|\n|poke|p2|Toxapex, F|\n|poke|p2|Landorus-Therian, M|\n|teampreview\n|\n|t:|1698179413\n|start\n|switch|p1a: Toxapex|Toxapex, F|100\/100\n|switch|p2a: Maverick|Landorus-Therian, M, shiny|100\/100\n|-ability|p2a: Maverick|Intimidate|boost\n|-unboost|p1a: Toxapex|atk|1\n|turn|1\n|\n|t:|1698179419\n|move|p2a: Maverick|Earthquake|p1a: Toxapex\n|-supereffective|p1a: Toxapex\n|-damage|p1a: Toxapex|26\/100\n|move|p1a: Toxapex|Toxic Spikes|p2a: Maverick\n|-sidestart|p2: Tagiruz|move: Toxic Spikes\n|\n|upkeep\n|turn|2\n|\n|t:|1698179424\n|move|p2a: Maverick|Earthquake|p1a: Toxapex\n|-supereffective|p1a: Toxapex\n|-damage|p1a: Toxapex|0 fnt\n|faint|p1a: Toxapex\n|\n|upkeep\n|\n|t:|1698179429\n|switch|p1a: Kyogre|Kyogre|100\/100\n|-weather|RainDance|[from] ability: Drizzle|[of] p1a: Kyogre\n|turn|3\n|\n|t:|1698179433\n|switch|p1a: Ludicolo|Ludicolo, M|100\/100\n|move|p2a: Maverick|U-turn|p1a: Ludicolo\n|-supereffective|p1a: Ludicolo\n|-damage|p1a: Ludicolo|53\/100\n|\n|t:|1698179440\n|switch|p2a: Doge|Zamazenta-Crowned, shiny|100\/100|[from] U-turn\n|-ability|p2a: Doge|Dauntless Shield|boost\n|-boost|p2a: Doge|def|1\n|\n|-weather|RainDance|[upkeep]\n|-heal|p1a: Ludicolo|59\/100|[from] ability: Rain Dish\n|-heal|p1a: Ludicolo|65\/100|[from] item: Leftovers\n|upkeep\n|turn|4\n|\n|t:|1698179449\n|move|p2a: Doge|Iron Defense|p2a: Doge\n|-boost|p2a: Doge|def|2\n|move|p1a: Ludicolo|Fire Punch|p2a: Doge\n|-supereffective|p2a: Doge\n|-damage|p2a: Doge|96\/100\n|\n|-weather|RainDance|[upkeep]\n|-heal|p1a: Ludicolo|71\/100|[from] ability: Rain Dish\n|-heal|p1a: Ludicolo|77\/100|[from] item: Leftovers\n|upkeep\n|turn|5\n|\n|t:|1698179461\n|move|p2a: Doge|Body Press|p1a: Ludicolo\n|-damage|p1a: Ludicolo|0 fnt\n|faint|p1a: Ludicolo\n|\n|-weather|RainDance|[upkeep]\n|upkeep\n|\n|t:|1698179474\n|switch|p1a: Kyogre|Kyogre|100\/100\n|turn|6\n|\n|t:|1698179479\n|move|p2a: Doge|Body Press|p1a: Kyogre\n|-damage|p1a: Kyogre|2\/100\n|move|p1a: Kyogre|Earthquake|p2a: Doge\n|-supereffective|p2a: Doge\n|-damage|p2a: Doge|81\/100\n|\n|-weather|RainDance|[upkeep]\n|upkeep\n|turn|7\n|\n|t:|1698179485\n|move|p2a: Doge|Body Press|p1a: Kyogre\n|-damage|p1a: Kyogre|0 fnt\n|faint|p1a: Kyogre\n|\n|-weather|none\n|upkeep\n|\n|t:|1698179488\n|switch|p1a: Iron Treads|Iron Treads|100\/100\n|-item|p1a: Iron Treads|Air Balloon\n|turn|8\n|\n|t:|1698179493\n|move|p2a: Doge|Stone Edge|p1a: Iron Treads\n|-resisted|p1a: Iron Treads\n|-damage|p1a: Iron Treads|95\/100\n|-enditem|p1a: Iron Treads|Air Balloon\n|move|p1a: Iron Treads|Earthquake|p2a: Doge\n|-supereffective|p2a: Doge\n|-damage|p2a: Doge|56\/100\n|\n|upkeep\n|turn|9\n|\n|t:|1698179505\n|switch|p2a: Drago|Koraidon|100\/100\n|-status|p2a: Drago|psn\n|-weather|SunnyDay|[from] ability: Orichalcum Pulse|[of] p2a: Drago\n|-activate|p2a: Drago|Orichalcum Pulse|[source]\n|move|p1a: Iron Treads|Earthquake|p2a: Drago\n|-damage|p2a: Drago|65\/100 psn\n|\n|-weather|SunnyDay|[upkeep]\n|-damage|p2a: Drago|53\/100 psn|[from] psn\n|upkeep\n|turn|10\n|\n|t:|1698179515\n|-end|p1a: Iron Treads|Quark Drive|[silent]\n|switch|p1a: Giratina|Giratina-Origin|100\/100\n|move|p2a: Drago|Flare Blitz|p1a: Giratina\n|-resisted|p1a: Giratina\n|-damage|p1a: Giratina|71\/100\n|-damage|p2a: Drago|40\/100 psn|[from] Recoil\n|\n|-weather|SunnyDay|[upkeep]\n|-damage|p2a: Drago|27\/100 psn|[from] psn\n|upkeep\n|turn|11\n|\n|t:|1698179524\n|move|p2a: Drago|Scale Shot|p1a: Giratina\n|-supereffective|p1a: Giratina\n|-damage|p1a: Giratina|43\/100\n|-supereffective|p1a: Giratina\n|-damage|p1a: Giratina|17\/100\n|-supereffective|p1a: Giratina\n|-damage|p1a: Giratina|0 fnt\n|faint|p1a: Giratina\n|-hitcount|p1: Giratina|3\n|-unboost|p2a: Drago|def|1\n|-boost|p2a: Drago|spe|1\n|\n|-weather|SunnyDay|[upkeep]\n|-damage|p2a: Drago|15\/100 psn|[from] psn\n|upkeep\n|\n|t:|1698179529\n|switch|p1a: Zacian|Zacian-Crowned|100\/100\n|-ability|p1a: Zacian|Intrepid Sword|boost\n|-boost|p1a: Zacian|atk|1\n|turn|12\n|\n|t:|1698179540\n|switch|p2a: Doge|Zamazenta-Crowned, shiny|56\/100\n|move|p1a: Zacian|Play Rough|p2a: Doge|[miss]\n|-miss|p1a: Zacian|p2a: Doge\n|\n|-weather|SunnyDay|[upkeep]\n|upkeep\n|turn|13\n|\n|t:|1698179546\n|move|p2a: Doge|Iron Defense|p2a: Doge\n|-boost|p2a: Doge|def|2\n|move|p1a: Zacian|Close Combat|p2a: Doge\n|-supereffective|p2a: Doge\n|-damage|p2a: Doge|8\/100\n|-unboost|p1a: Zacian|def|1\n|-unboost|p1a: Zacian|spd|1\n|\n|-weather|none\n|upkeep\n|turn|14\n|\n|t:|1698179555\n|move|p2a: Doge|Iron Defense|p2a: Doge\n|-boost|p2a: Doge|def|2\n|move|p1a: Zacian|Close Combat|p2a: Doge\n|-supereffective|p2a: Doge\n|-damage|p2a: Doge|0 fnt\n|-unboost|p1a: Zacian|def|1\n|-unboost|p1a: Zacian|spd|1\n|faint|p2a: Doge\n|\n|upkeep\n|\n|t:|1698179565\n|switch|p2a: Fluffal|Flutter Mane|100\/100\n|-status|p2a: Fluffal|psn\n|turn|15\n|\n|t:|1698179571\n|-terastallize|p2a: Fluffal|Fire\n|move|p1a: Zacian|Behemoth Blade|p2a: Fluffal\n|-resisted|p2a: Fluffal\n|-damage|p2a: Fluffal|31\/100 psn\n|move|p2a: Fluffal|Mystical Fire|p1a: Zacian\n|-supereffective|p1a: Zacian\n|-damage|p1a: Zacian|0 fnt\n|faint|p1a: Zacian\n|\n|-damage|p2a: Fluffal|18\/100 psn|[from] psn\n|upkeep\n|\n|t:|1698179573\n|switch|p1a: Iron Treads|Iron Treads|95\/100\n|turn|16\n|\n|t:|1698179582\n|move|p2a: Fluffal|Mystical Fire|p1a: Iron Treads\n|-supereffective|p1a: Iron Treads\n|-damage|p1a: Iron Treads|0 fnt\n|faint|p1a: Iron Treads\n|-end|p1a: Iron Treads|Quark Drive|[silent]\n|\n|win|Tagiruz\n|raw|queijofino's rating: 1028 &rarr; <strong>1019<\/strong><br \/>(-9 for losing)\n|raw|Tagiruz's rating: 1148 &rarr; <strong>1165<\/strong><br \/>(+17 for winning)\n|l|\u2606queijofino\n","uploadtime":1698179620,"views":13,"p1id":"queijofino","p2id":"tagiruz","formatid":"gen9ubers","rating":1019,"private":0,"password":""}