{"id":"gen9ubers-1977810259","p1":"Veinelso","p2":"ser nao vivo","format":"[Gen 9] Ubers","log":"|j|\u2606Veinelso\n|j|\u2606ser nao vivo\n|inactive|Battle timer is ON: inactive players will automatically lose when time's up.\n|t:|1698452374\n|gametype|singles\n|player|p1|Veinelso|allister-masters|\n|player|p2|ser nao vivo|burglar|\n|teamsize|p1|6\n|teamsize|p2|6\n|gen|9\n|tier|[Gen 9] Ubers\n|rated|Tournament battle\n|rule|Sleep Clause Mod: Limit one foe put to sleep\n|rule|Species Clause: Limit one of each Pok\u00e9mon\n|rule|OHKO Clause: OHKO moves are banned\n|rule|Evasion Items Clause: Evasion items are banned\n|rule|Evasion Moves Clause: Evasion moves are banned\n|rule|Endless Battle Clause: Forcing endless battles is banned\n|rule|HP Percentage Mod: HP is shown in percentages\n|clearpoke\n|poke|p1|Ribombee, F|\n|poke|p1|Arceus|\n|poke|p1|Zacian-*|\n|poke|p1|Eternatus|\n|poke|p1|Miraidon|\n|poke|p1|Koraidon|\n|poke|p2|Urshifu-*, F|\n|poke|p2|Rillaboom, M|\n|poke|p2|Politoed, M|\n|poke|p2|Basculegion, M|\n|poke|p2|Tornadus-Therian, M|\n|poke|p2|Kyogre|\n|teampreview\n|inactive|ser nao vivo also wants the timer to be on.\n|j| e63593\n|j| Imoral\n|c|\u2606Veinelso|bro\n|c|\u2606Veinelso|pq todo mundo t\u00e1 com 2 setters\n|\n|t:|1698452389\n|start\n|switch|p1a: Ribombee|Ribombee, F|100\/100\n|switch|p2a: Urshifu|Urshifu-Rapid-Strike, F|100\/100\n|turn|1\n|c| e63593|quase um time OU\n|\n|t:|1698452394\n|move|p2a: Urshifu|Surging Strikes|p1a: Ribombee\n|-crit|p1a: Ribombee\n|-damage|p1a: Ribombee|70\/100\n|-crit|p1a: Ribombee\n|-damage|p1a: Ribombee|39\/100\n|-crit|p1a: Ribombee\n|-damage|p1a: Ribombee|9\/100\n|-hitcount|p1a: Ribombee|3\n|move|p1a: Ribombee|Sticky Web|p2a: Urshifu\n|-sidestart|p2: ser nao vivo|move: Sticky Web\n|\n|upkeep\n|turn|2\n|\n|t:|1698452403\n|switch|p1a: Koraidon|Koraidon|100\/100\n|-weather|SunnyDay|[from] ability: Orichalcum Pulse|[of] p1a: Koraidon\n|-activate|p1a: Koraidon|Orichalcum Pulse|[source]\n|move|p2a: Urshifu|Surging Strikes|p1a: Koraidon\n|-resisted|p1a: Koraidon\n|-crit|p1a: Koraidon\n|-damage|p1a: Koraidon|96\/100\n|-resisted|p1a: Koraidon\n|-crit|p1a: Koraidon\n|-damage|p1a: Koraidon|91\/100\n|-resisted|p1a: Koraidon\n|-crit|p1a: Koraidon\n|-damage|p1a: Koraidon|87\/100\n|-hitcount|p1a: Koraidon|3\n|\n|-weather|SunnyDay|[upkeep]\n|upkeep\n|turn|3\n|j| AmoSerPobre\n|\n|t:|1698452410\n|switch|p2a: Tornadus|Tornadus-Therian, M, shiny|100\/100\n|move|p1a: Koraidon|Swords Dance|p1a: Koraidon\n|-boost|p1a: Koraidon|atk|2\n|\n|-weather|SunnyDay|[upkeep]\n|upkeep\n|turn|4\n|\n|t:|1698452415\n|move|p1a: Koraidon|Scale Shot|p2a: Tornadus|[miss]\n|-miss|p1a: Koraidon|p2a: Tornadus\n|move|p2a: Tornadus|Bleakwind Storm|p1a: Koraidon\n|-supereffective|p1a: Koraidon\n|-damage|p1a: Koraidon|12\/100\n|-unboost|p1a: Koraidon|spe|1\n|\n|-weather|SunnyDay|[upkeep]\n|upkeep\n|turn|5\n|c| Imoral|6 crit seguidos, muita skill\n|c|\u2606Veinelso|af joga mto\n|\n|t:|1698452425\n|switch|p1a: Ribombee|Ribombee, F|9\/100\n|move|p2a: Tornadus|U-turn|p1a: Ribombee\n|-resisted|p1a: Ribombee\n|-damage|p1a: Ribombee|0 fnt\n|faint|p1a: Ribombee\n|c|\u2606ser nao vivo|valeu\n|\n|t:|1698452432\n|switch|p2a: Politoed|Politoed, M, shiny|100\/100|[from] U-turn\n|-activate|p2a: Politoed|move: Sticky Web\n|-unboost|p2a: Politoed|spe|1\n|-weather|RainDance|[from] ability: Drizzle|[of] p2a: Politoed\n|\n|-weather|RainDance|[upkeep]\n|upkeep\n|j|+Drampa\u5927Raivoso\n|\n|t:|1698452460\n|switch|p1a: Miraidon|Miraidon|100\/100\n|-fieldstart|move: Electric Terrain|[from] ability: Hadron Engine|[of] p1a: Miraidon\n|turn|6\n|\n|t:|1698452477\n|-terastallize|p2a: Politoed|Ground\n|move|p1a: Miraidon|Calm Mind|p1a: Miraidon\n|-boost|p1a: Miraidon|spa|1\n|-boost|p1a: Miraidon|spd|1\n|move|p2a: Politoed|Encore|p1a: Miraidon\n|-start|p1a: Miraidon|Encore\n|\n|-weather|RainDance|[upkeep]\n|upkeep\n|turn|7\n|c|\u2606Veinelso|se for icy wind eu chamo de cteam\n|\n|t:|1698452485\n|switch|p1a: Koraidon|Koraidon|12\/100\n|-weather|SunnyDay|[from] ability: Orichalcum Pulse|[of] p1a: Koraidon\n|-activate|p1a: Koraidon|Orichalcum Pulse|[source]\n|move|p2a: Politoed|Haze|p2a: Politoed\n|-clearallboost\n|\n|-weather|SunnyDay|[upkeep]\n|upkeep\n|turn|8\n|c|\u2606Veinelso|foi pior\n|\n|t:|1698452495\n|move|p1a: Koraidon|Scale Shot|p2a: Politoed\n|-damage|p2a: Politoed|81\/100\n|-damage|p2a: Politoed|60\/100\n|-damage|p2a: Politoed|39\/100\n|-damage|p2a: Politoed|19\/100\n|-hitcount|p2a: Politoed|4\n|-unboost|p1a: Koraidon|def|1\n|-boost|p1a: Koraidon|spe|1\n|move|p2a: Politoed|Earth Power|p1a: Koraidon\n|-damage|p1a: Koraidon|0 fnt\n|faint|p1a: Koraidon\n|\n|-weather|SunnyDay|[upkeep]\n|upkeep\n|c| Imoral|mds, eu ia zoar q ele ia revelar tera ground politoed\n|c| Imoral|e era msm\n|\n|t:|1698452512\n|switch|p1a: Arceus|Arceus|100\/100\n|turn|9\n|c|\u2606Veinelso|n\u00e3o escondem mais o cteam Imoral\n|\n|t:|1698452529\n|switch|p2a: Tornadus|Tornadus-Therian, M, shiny|100\/100\n|move|p1a: Arceus|Taunt|p2a: Tornadus\n|-start|p2a: Tornadus|move: Taunt\n|\n|-weather|SunnyDay|[upkeep]\n|upkeep\n|turn|10\n|\n|t:|1698452537\n|move|p2a: Tornadus|Knock Off|p1a: Arceus\n|-damage|p1a: Arceus|80\/100\n|-enditem|p1a: Arceus|Silk Scarf|[from] move: Knock Off|[of] p2a: Tornadus\n|move|p1a: Arceus|Swords Dance|p1a: Arceus\n|-boost|p1a: Arceus|atk|2\n|\n|-weather|SunnyDay|[upkeep]\n|-fieldend|move: Electric Terrain\n|upkeep\n|turn|11\n|\n|t:|1698452542\n|move|p2a: Tornadus|U-turn|p1a: Arceus\n|-damage|p1a: Arceus|64\/100\n|\n|t:|1698452544\n|switch|p2a: Politoed|Politoed, M, shiny, tera:Ground|19\/100|[from] U-turn\n|-activate|p2a: Politoed|move: Sticky Web\n|-unboost|p2a: Politoed|spe|1\n|-weather|RainDance|[from] ability: Drizzle|[of] p2a: Politoed\n|move|p1a: Arceus|Swords Dance|p1a: Arceus\n|-boost|p1a: Arceus|atk|2\n|\n|-weather|RainDance|[upkeep]\n|upkeep\n|turn|12\n|\n|t:|1698452555\n|move|p1a: Arceus|Shadow Claw|p2a: Politoed\n|-damage|p2a: Politoed|0 fnt\n|faint|p2a: Politoed\n|\n|-weather|RainDance|[upkeep]\n|upkeep\n|\n|t:|1698452560\n|switch|p2a: Basculegion|Basculegion, M, shiny|100\/100\n|-activate|p2a: Basculegion|move: Sticky Web\n|-unboost|p2a: Basculegion|spe|1\n|turn|13\n|\n|t:|1698452573\n|move|p2a: Basculegion|Wave Crash|p1a: Arceus\n|-damage|p1a: Arceus|0 fnt\n|faint|p1a: Arceus\n|-damage|p2a: Basculegion|80\/100|[from] Recoil\n|\n|-weather|RainDance|[upkeep]\n|upkeep\n|\n|t:|1698452582\n|switch|p1a: Eternatus|Eternatus, shiny|100\/100\n|-ability|p1a: Eternatus|Pressure\n|turn|14\n|c|\u2606ser nao vivo|...\n|j| Miloow\n|\n|t:|1698452618\n|switch|p2a: Rillaboom|Rillaboom, M, shiny|100\/100\n|-activate|p2a: Rillaboom|move: Sticky Web\n|-unboost|p2a: Rillaboom|spe|1\n|-fieldstart|move: Grassy Terrain|[from] ability: Grassy Surge|[of] p2a: Rillaboom\n|move|p1a: Eternatus|Agility|p1a: Eternatus\n|-boost|p1a: Eternatus|spe|2\n|\n|-weather|RainDance|[upkeep]\n|upkeep\n|turn|15\n|\n|t:|1698452627\n|move|p1a: Eternatus|Sludge Bomb|p2a: Rillaboom\n|-supereffective|p2a: Rillaboom\n|-damage|p2a: Rillaboom|0 fnt\n|faint|p2a: Rillaboom\n|-damage|p1a: Eternatus|91\/100|[from] item: Life Orb\n|\n|-weather|RainDance|[upkeep]\n|-heal|p1a: Eternatus|97\/100|[from] Grassy Terrain\n|upkeep\n|c|\u2606Veinelso|\u00e9 o rei do blefes n\u00e3o tem comop\n|\n|t:|1698452637\n|switch|p2a: Tornadus|Tornadus-Therian, M, shiny|100\/100\n|turn|16\n|\n|t:|1698452641\n|move|p1a: Eternatus|Dynamax Cannon|p2a: Tornadus\n|-damage|p2a: Tornadus|2\/100\n|-damage|p1a: Eternatus|87\/100|[from] item: Life Orb\n|move|p2a: Tornadus|Knock Off|p1a: Eternatus\n|-damage|p1a: Eternatus|63\/100\n|-enditem|p1a: Eternatus|Life Orb|[from] move: Knock Off|[of] p2a: Tornadus\n|\n|-weather|RainDance|[upkeep]\n|-heal|p1a: Eternatus|69\/100|[from] Grassy Terrain\n|upkeep\n|turn|17\n|\n|t:|1698452651\n|switch|p2a: Urshifu|Urshifu-Rapid-Strike, F|100\/100\n|-activate|p2a: Urshifu|move: Sticky Web\n|-unboost|p2a: Urshifu|spe|1\n|move|p1a: Eternatus|Sludge Bomb|p2a: Urshifu\n|-damage|p2a: Urshifu|13\/100\n|\n|-weather|RainDance|[upkeep]\n|-heal|p1a: Eternatus|75\/100|[from] Grassy Terrain\n|-heal|p2a: Urshifu|19\/100|[from] Grassy Terrain\n|upkeep\n|turn|18\n|\n|t:|1698452662\n|move|p1a: Eternatus|Sludge Bomb|p2a: Urshifu\n|-damage|p2a: Urshifu|0 fnt\n|faint|p2a: Urshifu\n|\n|-weather|none\n|-heal|p1a: Eternatus|82\/100|[from] Grassy Terrain\n|-fieldend|move: Grassy Terrain\n|upkeep\n|\n|t:|1698452667\n|switch|p2a: Kyogre|Kyogre, shiny|100\/100\n|-activate|p2a: Kyogre|move: Sticky Web\n|-unboost|p2a: Kyogre|spe|1\n|-weather|RainDance|[from] ability: Drizzle|[of] p2a: Kyogre\n|turn|19\n|\n|t:|1698452672\n|move|p1a: Eternatus|Dynamax Cannon|p2a: Kyogre\n|-damage|p2a: Kyogre|55\/100\n|move|p2a: Kyogre|Ice Beam|p1a: Eternatus\n|-supereffective|p1a: Eternatus\n|-damage|p1a: Eternatus|0 fnt\n|faint|p1a: Eternatus\n|\n|-weather|RainDance|[upkeep]\n|upkeep\n|\n|t:|1698452679\n|switch|p1a: Zacian|Zacian-Crowned|100\/100\n|-ability|p1a: Zacian|Intrepid Sword|boost\n|-boost|p1a: Zacian|atk|1\n|turn|20\n|\n|t:|1698452684\n|switch|p2a: Tornadus|Tornadus-Therian, M, shiny|35\/100\n|move|p1a: Zacian|Substitute|p1a: Zacian\n|-start|p1a: Zacian|Substitute\n|-damage|p1a: Zacian|76\/100\n|\n|-weather|RainDance|[upkeep]\n|upkeep\n|turn|21\n|\n|t:|1698452689\n|move|p1a: Zacian|Behemoth Blade|p2a: Tornadus\n|-damage|p2a: Tornadus|0 fnt\n|faint|p2a: Tornadus\n|\n|-weather|RainDance|[upkeep]\n|upkeep\n|\n|t:|1698452691\n|switch|p2a: Kyogre|Kyogre, shiny|55\/100\n|-activate|p2a: Kyogre|move: Sticky Web\n|-unboost|p2a: Kyogre|spe|1\n|turn|22\n|\n|t:|1698452701\n|move|p1a: Zacian|Swords Dance|p1a: Zacian\n|-boost|p1a: Zacian|atk|2\n|move|p2a: Kyogre|Surf|p1a: Zacian\n|-end|p1a: Zacian|Substitute\n|\n|-weather|RainDance|[upkeep]\n|upkeep\n|turn|23\n|\n|t:|1698452704\n|move|p1a: Zacian|Play Rough|p2a: Kyogre\n|-damage|p2a: Kyogre|0 fnt\n|faint|p2a: Kyogre\n|\n|-weather|none\n|upkeep\n|\n|t:|1698452707\n|switch|p2a: Basculegion|Basculegion, M, shiny|80\/100\n|-activate|p2a: Basculegion|move: Sticky Web\n|-unboost|p2a: Basculegion|spe|1\n|turn|24\n|c|\u2606Veinelso|gg\n|c|\u2606ser nao vivo|gg\n|\n|t:|1698452719\n|move|p1a: Zacian|Behemoth Blade|p2a: Basculegion\n|-resisted|p2a: Basculegion\n|-damage|p2a: Basculegion|0 fnt\n|faint|p2a: Basculegion\n|\n|win|Veinelso\n|n|\u2606Veinelso|veinelso\n|n|\u2606ser nao vivo|sernaovivo\n|n| e63593|e63593\n|n| Imoral|imoral\n|n| AmoSerPobre|amoserpobre\n|n| Drampa\u5927Raivoso|dramparaivoso\n|n| Miloow|miloow\n","uploadtime":1698452721,"views":8,"p1id":"veinelso","p2id":"sernaovivo","formatid":"gen9ubers","rating":0,"private":0,"password":""}