{"id":"gen9ubers-1970411893","p1":"Zenadark","p2":"Asta_RPPLF","format":"[Gen 9] Ubers","log":"|j|\u2606Zenadark\n|j|\u2606Asta_RPPLF\n|t:|1697636799\n|gametype|singles\n|player|p1|Zenadark|#stt5noadkokoroyal|\n|player|p2|Asta_RPPLF|#wcop2023belgium|\n|teamsize|p1|6\n|teamsize|p2|6\n|gen|9\n|tier|[Gen 9] Ubers\n|rule|Sleep Clause Mod: Limit one foe put to sleep\n|rule|Species Clause: Limit one of each Pok\u00e9mon\n|rule|OHKO Clause: OHKO moves are banned\n|rule|Evasion Items Clause: Evasion items are banned\n|rule|Evasion Moves Clause: Evasion moves are banned\n|rule|Endless Battle Clause: Forcing endless battles is banned\n|rule|HP Percentage Mod: HP is shown in percentages\n|clearpoke\n|poke|p1|Roaring Moon|\n|poke|p1|Munkidori, M|\n|poke|p1|Gholdengo|\n|poke|p1|Gliscor, M|\n|poke|p1|Florges, F|\n|poke|p1|Crawdaunt, F|\n|poke|p2|Grimmsnarl, M|\n|poke|p2|Fezandipiti, M|\n|poke|p2|Gholdengo|\n|poke|p2|Azumarill, F|\n|poke|p2|Dachsbun, M|\n|poke|p2|Jirachi|\n|teampreview\n|c|\u2606Asta_RPPLF|hf ^^\n|c|\u2606Zenadark|hf  encore une fois\n|\n|t:|1697636856\n|start\n|switch|p1a: Munkidori|Munkidori, M|100\/100\n|switch|p2a: Grimmsnarl|Grimmsnarl, M|100\/100\n|turn|1\n|\n|t:|1697636875\n|move|p2a: Grimmsnarl|Parting Shot|p1a: Munkidori\n|-unboost|p1a: Munkidori|atk|1\n|-unboost|p1a: Munkidori|spa|1\n|\n|t:|1697636892\n|switch|p2a: Gholdengo|Gholdengo|100\/100|[from] Parting Shot\n|-item|p2a: Gholdengo|Air Balloon\n|move|p1a: Munkidori|Sludge Wave|p2a: Gholdengo\n|-immune|p2a: Gholdengo\n|\n|upkeep\n|turn|2\n|\n|t:|1697636907\n|switch|p1a: Gliscor|Gliscor, M, shiny|100\/100\n|move|p2a: Gholdengo|Shadow Ball|p1a: Gliscor\n|-crit|p1a: Gliscor\n|-damage|p1a: Gliscor|39\/100\n|\n|-status|p1a: Gliscor|tox|[from] item: Toxic Orb\n|upkeep\n|turn|3\n|\n|t:|1697636928\n|move|p1a: Gliscor|Protect|p1a: Gliscor\n|-singleturn|p1a: Gliscor|Protect\n|move|p2a: Gholdengo|Shadow Ball|p1a: Gliscor\n|-activate|p1a: Gliscor|move: Protect\n|\n|-heal|p1a: Gliscor|51\/100 tox|[from] ability: Poison Heal\n|upkeep\n|turn|4\n|\n|t:|1697636952\n|switch|p1a: Roaring Moon|Roaring Moon, shiny|100\/100\n|-terastallize|p2a: Gholdengo|Water\n|move|p2a: Gholdengo|Nasty Plot|p2a: Gholdengo\n|-boost|p2a: Gholdengo|spa|2\n|\n|upkeep\n|turn|5\n|\n|t:|1697636964\n|move|p1a: Roaring Moon|U-turn|p2a: Gholdengo\n|-damage|p2a: Gholdengo|62\/100\n|-enditem|p2a: Gholdengo|Air Balloon\n|\n|t:|1697636970\n|-end|p1a: Roaring Moon|Protosynthesis|[silent]\n|switch|p1a: Gliscor|Gliscor, M, shiny|51\/100 tox|[from] U-turn\n|move|p2a: Gholdengo|Make It Rain|p1a: Gliscor\n|-damage|p1a: Gliscor|0 fnt\n|-unboost|p2a: Gholdengo|spa|1\n|faint|p1a: Gliscor\n|\n|upkeep\n|\n|t:|1697636982\n|switch|p1a: Munkidori|Munkidori, M|100\/100\n|turn|6\n|\n|t:|1697636994\n|switch|p2a: Fezandipiti|Fezandipiti, M|100\/100\n|move|p1a: Munkidori|Sludge Wave|p2a: Fezandipiti\n|-damage|p2a: Fezandipiti|74\/100\n|\n|-heal|p2a: Fezandipiti|80\/100|[from] item: Black Sludge\n|upkeep\n|turn|7\n|\n|t:|1697637010\n|move|p1a: Munkidori|Psyshock|p2a: Fezandipiti\n|-supereffective|p2a: Fezandipiti\n|-damage|p2a: Fezandipiti|0 fnt\n|faint|p2a: Fezandipiti\n|\n|upkeep\n|\n|t:|1697637034\n|switch|p2a: Grimmsnarl|Grimmsnarl, M|100\/100\n|turn|8\n|\n|t:|1697637039\n|move|p2a: Grimmsnarl|Light Screen|p2a: Grimmsnarl\n|-sidestart|p2: Asta_RPPLF|move: Light Screen\n|move|p1a: Munkidori|Sludge Wave|p2a: Grimmsnarl\n|-supereffective|p2a: Grimmsnarl\n|-crit|p2a: Grimmsnarl\n|-damage|p2a: Grimmsnarl|0 fnt\n|faint|p2a: Grimmsnarl\n|\n|upkeep\n|c|\u2606Zenadark|oula\n|\n|t:|1697637061\n|switch|p2a: Gholdengo|Gholdengo, tera:Water|62\/100\n|turn|9\n|c|\u2606Zenadark|j ai l impression mon singe il est vnr\n|\n|t:|1697637069\n|switch|p2a: Azumarill|Azumarill, F|100\/100\n|move|p1a: Munkidori|Sludge Wave|p2a: Azumarill\n|-supereffective|p2a: Azumarill\n|-damage|p2a: Azumarill|45\/100\n|-enditem|p2a: Azumarill|Sitrus Berry|[eat]\n|-heal|p2a: Azumarill|70\/100|[from] item: Sitrus Berry\n|\n|upkeep\n|turn|10\n|c|\u2606Asta_RPPLF|pfo ce stay in\n|c|\u2606Asta_RPPLF|gg\n|\n|t:|1697637095\n|move|p1a: Munkidori|Sludge Wave|p2a: Azumarill\n|-supereffective|p2a: Azumarill\n|-damage|p2a: Azumarill|13\/100\n|move|p2a: Azumarill|Ice Spinner|p1a: Munkidori\n|-damage|p1a: Munkidori|51\/100\n|\n|-heal|p1a: Munkidori|57\/100|[from] item: Black Sludge\n|upkeep\n|turn|11\n|\n|t:|1697637111\n|move|p2a: Azumarill|Aqua Jet|p1a: Munkidori\n|-damage|p1a: Munkidori|19\/100\n|move|p1a: Munkidori|Psyshock|p2a: Azumarill\n|-damage|p2a: Azumarill|0 fnt\n|faint|p2a: Azumarill\n|\n|-heal|p1a: Munkidori|25\/100|[from] item: Black Sludge\n|upkeep\n|\n|t:|1697637120\n|switch|p2a: Gholdengo|Gholdengo, tera:Water|62\/100\n|turn|12\n|\n|t:|1697637127\n|move|p1a: Munkidori|Sludge Wave|p2a: Gholdengo\n|-damage|p2a: Gholdengo|37\/100\n|move|p2a: Gholdengo|Shadow Ball|p1a: Munkidori\n|-supereffective|p1a: Munkidori\n|-damage|p1a: Munkidori|0 fnt\n|faint|p1a: Munkidori\n|\n|upkeep\n|\n|t:|1697637132\n|switch|p1a: Roaring Moon|Roaring Moon, shiny|100\/100\n|turn|13\n|\n|t:|1697637146\n|move|p1a: Roaring Moon|U-turn|p2a: Gholdengo\n|-damage|p2a: Gholdengo|0 fnt\n|faint|p2a: Gholdengo\n|\n|t:|1697637150\n|-end|p1a: Roaring Moon|Protosynthesis|[silent]\n|switch|p1a: Gholdengo|Gholdengo|100\/100|[from] U-turn\n|-item|p1a: Gholdengo|Air Balloon\n|\n|upkeep\n|c|\u2606Asta_RPPLF|je suis bloqu\u00e9 gg\n|-message|Asta_RPPLF forfeited.\n|\n|win|Zenadark\n|l|\u2606Asta_RPPLF\n","uploadtime":1697637184,"views":25,"p1id":"zenadark","p2id":"astarpplf","formatid":"gen9ubers","rating":0,"private":0,"password":""}