{"id":"gen9ubers-1981523935","p1":"a bit moody","p2":"leonissenbaum","format":"[Gen 9] Ubers","log":"|j|\u2606a bit moody\n|j|\u2606leonissenbaum\n|t:|1698912056\n|gametype|singles\n|player|p1|a bit moody|266|\n|player|p2|leonissenbaum|leon|\n|teamsize|p1|6\n|teamsize|p2|6\n|gen|9\n|tier|[Gen 9] Ubers\n|rule|Sleep Clause Mod: Limit one foe put to sleep\n|rule|Species Clause: Limit one of each Pok\u00e9mon\n|rule|OHKO Clause: OHKO moves are banned\n|rule|Evasion Items Clause: Evasion items are banned\n|rule|Evasion Moves Clause: Evasion moves are banned\n|rule|Endless Battle Clause: Forcing endless battles is banned\n|rule|HP Percentage Mod: HP is shown in percentages\n|clearpoke\n|poke|p1|Arceus-Poison|\n|poke|p1|Blissey, F|\n|poke|p1|Alomomola, M|\n|poke|p1|Overqwil, M|\n|poke|p1|Talonflame, M|\n|poke|p1|Dialga|\n|poke|p2|Arceus-Ghost|\n|poke|p2|Quagsire, M|\n|poke|p2|Amoonguss, F|\n|poke|p2|Magearna|\n|poke|p2|Espeon, M|\n|poke|p2|Clefable, M|\n|teampreview\n|l|\u2606a bit moody\n|player|p1|\n|j|\u2606a bit moody\n|player|p1|a bit moody|266\n|c|\u2606leonissenbaum|yo\n|c|\u2606leonissenbaum|this is a new team i made from scratch that'll prolly suck\n|c|\u2606leonissenbaum|but only one way to find out\n|\n|t:|1698912088\n|start\n|switch|p1a: Overqwil|Overqwil, M|100\/100\n|switch|p2a: Magearna|Magearna|100\/100\n|-ability|p1a: Overqwil|Intimidate|boost\n|-unboost|p2a: Magearna|atk|1\n|turn|1\n|\n|t:|1698912100\n|switch|p1a: Blissey|Blissey, F|100\/100\n|move|p2a: Magearna|Thunder Wave|p1a: Blissey\n|-status|p1a: Blissey|par\n|\n|upkeep\n|turn|2\n|\n|t:|1698912106\n|move|p2a: Magearna|Spikes|p1a: Blissey\n|-sidestart|p1: a bit moody|Spikes\n|move|p1a: Blissey|Thunder Wave|p2a: Magearna|[miss]\n|-miss|p1a: Blissey|p2a: Magearna\n|\n|upkeep\n|turn|3\n|\n|t:|1698912110\n|move|p2a: Magearna|Volt Switch|p1a: Blissey\n|-damage|p1a: Blissey|94\/100 par\n|\n|t:|1698912124\n|switch|p2a: Quagsire|Quagsire, M|100\/100|[from] Volt Switch\n|cant|p1a: Blissey|par\n|\n|upkeep\n|turn|4\n|\n|t:|1698912141\n|-curestatus|p1a: Blissey|par|[from] ability: Natural Cure\n|switch|p1a: Alomomola|Alomomola, M|100\/100\n|move|p2a: Quagsire|Toxic Spikes|p1a: Alomomola\n|-sidestart|p1: a bit moody|move: Toxic Spikes\n|\n|upkeep\n|turn|5\n|\n|t:|1698912151\n|switch|p2a: Amoonguss|Amoonguss, F|100\/100\n|move|p1a: Alomomola|Scald|p2a: Amoonguss\n|-resisted|p2a: Amoonguss\n|-damage|p2a: Amoonguss|94\/100\n|-status|p2a: Amoonguss|brn\n|\n|-damage|p2a: Amoonguss|88\/100 brn|[from] brn\n|upkeep\n|turn|6\n|\n|t:|1698912160\n|move|p1a: Alomomola|Protect|p1a: Alomomola\n|-singleturn|p1a: Alomomola|Protect\n|move|p2a: Amoonguss|Toxic|p1a: Alomomola\n|-activate|p1a: Alomomola|move: Protect\n|\n|-damage|p2a: Amoonguss|82\/100 brn|[from] brn\n|upkeep\n|turn|7\n|\n|t:|1698912170\n|switch|p1a: Blissey|Blissey, F|94\/100\n|move|p2a: Amoonguss|Spore|p1a: Blissey\n|-status|p1a: Blissey|slp|[from] move: Spore\n|\n|-damage|p2a: Amoonguss|75\/100 brn|[from] brn\n|upkeep\n|turn|8\n|\n|t:|1698912179\n|-curestatus|p1a: Blissey|slp|[from] ability: Natural Cure\n|switch|p1a: Talonflame|Talonflame, M|100\/100\n|switch|p2a: Quagsire|Quagsire, M|100\/100\n|\n|upkeep\n|turn|9\n|\n|t:|1698912190\n|move|p1a: Talonflame|Will-O-Wisp|p2a: Quagsire\n|-status|p2a: Quagsire|brn\n|move|p2a: Quagsire|Toxic|p1a: Talonflame\n|-status|p1a: Talonflame|tox\n|\n|-damage|p1a: Talonflame|94\/100 tox|[from] psn\n|-damage|p2a: Quagsire|94\/100 brn|[from] brn\n|upkeep\n|turn|10\n|\n|t:|1698912208\n|switch|p1a: Alomomola|Alomomola, M|100\/100\n|switch|p2a: Amoonguss|Amoonguss, F|100\/100 brn\n|\n|-damage|p2a: Amoonguss|94\/100 brn|[from] brn\n|upkeep\n|turn|11\n|\n|t:|1698912215\n|move|p1a: Alomomola|Protect|p1a: Alomomola\n|-singleturn|p1a: Alomomola|Protect\n|move|p2a: Amoonguss|Toxic|p1a: Alomomola\n|-activate|p1a: Alomomola|move: Protect\n|\n|-damage|p2a: Amoonguss|88\/100 brn|[from] brn\n|upkeep\n|turn|12\n|\n|t:|1698912222\n|move|p1a: Alomomola|Wish|p1a: Alomomola\n|move|p2a: Amoonguss|Toxic|p1a: Alomomola\n|-status|p1a: Alomomola|tox\n|\n|-damage|p1a: Alomomola|94\/100 tox|[from] psn\n|-damage|p2a: Amoonguss|82\/100 brn|[from] brn\n|upkeep\n|turn|13\n|\n|t:|1698912228\n|move|p1a: Alomomola|Flip Turn|p2a: Amoonguss\n|-resisted|p2a: Amoonguss\n|-damage|p2a: Amoonguss|77\/100 brn\n|-damage|p1a: Alomomola|78\/100 tox|[from] item: Rocky Helmet|[of] p2a: Amoonguss\n|\n|t:|1698912231\n|switch|p1a: Blissey|Blissey, F|94\/100|[from] Flip Turn\n|move|p2a: Amoonguss|Giga Drain|p1a: Blissey\n|-damage|p1a: Blissey|86\/100\n|-heal|p2a: Amoonguss|83\/100 brn|[from] drain|[of] p1a: Blissey\n|\n|-heal|p1a: Blissey|100\/100|[from] move: Wish|[wisher] Alomomola\n|-damage|p2a: Amoonguss|77\/100 brn|[from] brn\n|upkeep\n|turn|14\n|\n|t:|1698912240\n|switch|p2a: Quagsire|Quagsire, M|94\/100 brn\n|move|p1a: Blissey|Heal Bell|p1a: Blissey\n|-activate|p1a: Blissey|move: Heal Bell\n|-curestatus|p1: Talonflame|tox|[msg]\n|-curestatus|p1: Alomomola|tox|[msg]\n|\n|-heal|p2a: Quagsire|100\/100 brn|[from] item: Leftovers\n|-damage|p2a: Quagsire|94\/100 brn|[from] brn\n|upkeep\n|turn|15\n|\n|t:|1698912251\n|switch|p1a: Alomomola|Alomomola, M|100\/100\n|move|p2a: Quagsire|Toxic Spikes|p1a: Alomomola\n|-sidestart|p1: a bit moody|move: Toxic Spikes\n|\n|-heal|p2a: Quagsire|100\/100 brn|[from] item: Leftovers\n|-damage|p2a: Quagsire|94\/100 brn|[from] brn\n|upkeep\n|turn|16\n|\n|t:|1698912260\n|switch|p2a: Amoonguss|Amoonguss, F|100\/100 brn\n|move|p1a: Alomomola|Scald|p2a: Amoonguss\n|-resisted|p2a: Amoonguss\n|-damage|p2a: Amoonguss|94\/100 brn\n|\n|-damage|p2a: Amoonguss|88\/100 brn|[from] brn\n|upkeep\n|turn|17\n|\n|t:|1698912271\n|switch|p1a: Talonflame|Talonflame, M|94\/100\n|switch|p2a: Clefable|Clefable, M|100\/100\n|\n|upkeep\n|turn|18\n|\n|t:|1698912277\n|move|p1a: Talonflame|Taunt|p2a: Clefable\n|-start|p2a: Clefable|move: Taunt\n|cant|p2a: Clefable|move: Taunt|Stealth Rock\n|\n|upkeep\n|turn|19\n|\n|t:|1698912284\n|move|p1a: Talonflame|Defog|p2a: Clefable\n|-unboost|p2a: Clefable|evasion|1\n|-sideend|p1: a bit moody|Spikes|[from] move: Defog|[of] p1a: Talonflame\n|-sideend|p1: a bit moody|Toxic Spikes|[from] move: Defog|[of] p1a: Talonflame\n|move|p2a: Clefable|Moonblast|p1a: Talonflame\n|-resisted|p1a: Talonflame\n|-damage|p1a: Talonflame|73\/100\n|\n|upkeep\n|turn|20\n|\n|t:|1698912299\n|switch|p1a: Alomomola|Alomomola, M|100\/100\n|switch|p2a: Amoonguss|Amoonguss, F|100\/100 brn\n|\n|-damage|p2a: Amoonguss|94\/100 brn|[from] brn\n|upkeep\n|turn|21\n|\n|t:|1698912308\n|move|p1a: Alomomola|Protect|p1a: Alomomola\n|-singleturn|p1a: Alomomola|Protect\n|move|p2a: Amoonguss|Toxic|p1a: Alomomola\n|-activate|p1a: Alomomola|move: Protect\n|\n|-damage|p2a: Amoonguss|88\/100 brn|[from] brn\n|upkeep\n|turn|22\n|\n|t:|1698912320\n|move|p1a: Alomomola|Wish|p1a: Alomomola\n|move|p2a: Amoonguss|Spore|p1a: Alomomola\n|-status|p1a: Alomomola|slp|[from] move: Spore\n|\n|-damage|p2a: Amoonguss|82\/100 brn|[from] brn\n|upkeep\n|turn|23\n|\n|t:|1698912325\n|switch|p1a: Talonflame|Talonflame, M|73\/100\n|switch|p2a: Magearna|Magearna|100\/100\n|\n|-heal|p1a: Talonflame|100\/100|[from] move: Wish|[wisher] Alomomola\n|upkeep\n|turn|24\n|\n|t:|1698912338\n|move|p1a: Talonflame|Taunt|p2a: Magearna\n|-start|p2a: Magearna|move: Taunt\n|move|p2a: Magearna|Volt Switch|p1a: Talonflame\n|-supereffective|p1a: Talonflame\n|-damage|p1a: Talonflame|49\/100\n|\n|t:|1698912346\n|switch|p2a: Arceus|Arceus-Ghost|100\/100|[from] Volt Switch\n|\n|upkeep\n|turn|25\n|\n|t:|1698912350\n|move|p1a: Talonflame|Will-O-Wisp|p2a: Arceus\n|-status|p2a: Arceus|brn\n|move|p2a: Arceus|Judgment|p1a: Talonflame\n|-damage|p1a: Talonflame|0 fnt\n|faint|p1a: Talonflame\n|\n|-damage|p2a: Arceus|94\/100 brn|[from] brn\n|upkeep\n|\n|t:|1698912362\n|switch|p1a: Arceus|Arceus-Poison|100\/100\n|turn|26\n|\n|t:|1698912374\n|switch|p2a: Magearna|Magearna|100\/100\n|move|p1a: Arceus|Cosmic Power|p1a: Arceus\n|-boost|p1a: Arceus|def|1\n|-boost|p1a: Arceus|spd|1\n|\n|upkeep\n|turn|27\n|\n|t:|1698912379\n|move|p1a: Arceus|Cosmic Power|p1a: Arceus\n|-boost|p1a: Arceus|def|1\n|-boost|p1a: Arceus|spd|1\n|move|p2a: Magearna|Thunder Wave|p1a: Arceus\n|-status|p1a: Arceus|par\n|\n|upkeep\n|turn|28\n|\n|t:|1698912383\n|move|p1a: Arceus|Cosmic Power|p1a: Arceus\n|-boost|p1a: Arceus|def|1\n|-boost|p1a: Arceus|spd|1\n|move|p2a: Magearna|Volt Switch|p1a: Arceus\n|-damage|p1a: Arceus|95\/100 par\n|\n|t:|1698912396\n|switch|p2a: Clefable|Clefable, M|100\/100|[from] Volt Switch\n|\n|upkeep\n|turn|29\n|\n|t:|1698912399\n|move|p1a: Arceus|Stored Power|p2a: Clefable\n|-damage|p2a: Clefable|77\/100\n|move|p2a: Clefable|Calm Mind|p2a: Clefable\n|-boost|p2a: Clefable|spa|1\n|-boost|p2a: Clefable|spd|1\n|\n|-heal|p2a: Clefable|83\/100|[from] item: Leftovers\n|upkeep\n|turn|30\n|\n|t:|1698912403\n|switch|p1a: Overqwil|Overqwil, M|100\/100\n|-ability|p1a: Overqwil|Intimidate|boost\n|-unboost|p2a: Clefable|atk|1\n|move|p2a: Clefable|Calm Mind|p2a: Clefable\n|-boost|p2a: Clefable|spa|1\n|-boost|p2a: Clefable|spd|1\n|\n|-heal|p2a: Clefable|89\/100|[from] item: Leftovers\n|upkeep\n|turn|31\n|\n|t:|1698912411\n|switch|p2a: Magearna|Magearna|100\/100\n|move|p1a: Overqwil|Gunk Shot|p2a: Magearna\n|-immune|p2a: Magearna\n|\n|upkeep\n|turn|32\n|\n|t:|1698912416\n|switch|p1a: Blissey|Blissey, F|100\/100\n|move|p2a: Magearna|Spikes|p1a: Blissey\n|-sidestart|p1: a bit moody|Spikes\n|\n|upkeep\n|turn|33\n|\n|t:|1698912418\n|move|p2a: Magearna|Spikes|p1a: Blissey\n|-sidestart|p1: a bit moody|Spikes\n|move|p1a: Blissey|Heal Bell|p1a: Blissey\n|-activate|p1a: Blissey|move: Heal Bell\n|-curestatus|p1: Arceus|par|[msg]\n|-curestatus|p1: Alomomola|slp|[msg]\n|\n|upkeep\n|turn|34\n|\n|t:|1698912424\n|switch|p1a: Overqwil|Overqwil, M|100\/100\n|-damage|p1a: Overqwil|84\/100|[from] Spikes\n|-ability|p1a: Overqwil|Intimidate|boost\n|-unboost|p2a: Magearna|atk|1\n|move|p2a: Magearna|Spikes|p1a: Overqwil\n|-sidestart|p1: a bit moody|Spikes\n|\n|-heal|p1a: Overqwil|90\/100|[from] item: Leftovers\n|upkeep\n|turn|35\n|\n|t:|1698912431\n|move|p1a: Overqwil|Spikes|p2a: Magearna\n|-sidestart|p2: leonissenbaum|Spikes\n|move|p2a: Magearna|Thunder Wave|p1a: Overqwil\n|-status|p1a: Overqwil|par\n|\n|-heal|p1a: Overqwil|96\/100 par|[from] item: Leftovers\n|upkeep\n|turn|36\n|\n|t:|1698912435\n|move|p2a: Magearna|Volt Switch|p1a: Overqwil\n|-damage|p1a: Overqwil|68\/100 par\n|\n|t:|1698912439\n|switch|p2a: Espeon|Espeon, M|100\/100|[from] Volt Switch\n|-damage|p2a: Espeon|88\/100|[from] Spikes\n|cant|p1a: Overqwil|par\n|\n|-heal|p1a: Overqwil|74\/100 par|[from] item: Leftovers\n|upkeep\n|turn|37\n|\n|t:|1698912444\n|move|p2a: Espeon|Trick|p1a: Overqwil\n|-activate|p2a: Espeon|move: Trick|[of] p1a: Overqwil\n|-item|p1a: Overqwil|Choice Scarf|[from] move: Trick\n|-item|p2a: Espeon|Leftovers|[from] move: Trick\n|move|p1a: Overqwil|Crunch|p2a: Espeon\n|-supereffective|p2a: Espeon\n|-damage|p2a: Espeon|0 fnt\n|faint|p2a: Espeon\n|\n|upkeep\n|\n|t:|1698912458\n|switch|p2a: Clefable|Clefable, M|89\/100\n|-damage|p2a: Clefable|77\/100|[from] Spikes\n|turn|38\n|\n|t:|1698912462\n|switch|p1a: Dialga|Dialga|100\/100\n|-damage|p1a: Dialga|75\/100|[from] Spikes\n|-ability|p1a: Dialga|Pressure\n|move|p2a: Clefable|Stealth Rock|p1a: Dialga\n|-sidestart|p1: a bit moody|move: Stealth Rock\n|\n|-heal|p1a: Dialga|82\/100|[from] item: Leftovers\n|-heal|p2a: Clefable|83\/100|[from] item: Leftovers\n|upkeep\n|turn|39\n|\n|t:|1698912489\n|move|p1a: Dialga|Thunder Wave|p2a: Clefable|[miss]\n|-miss|p1a: Dialga|p2a: Clefable\n|move|p2a: Clefable|Moonlight|p2a: Clefable\n|-heal|p2a: Clefable|100\/100\n|\n|-heal|p1a: Dialga|88\/100|[from] item: Leftovers\n|upkeep\n|turn|40\n|\n|t:|1698912497\n|switch|p2a: Amoonguss|Amoonguss, F|100\/100 brn\n|-damage|p2a: Amoonguss|88\/100 brn|[from] Spikes\n|move|p1a: Dialga|Thunder Wave||[still]\n|-fail|p1a: Dialga\n|\n|-heal|p1a: Dialga|94\/100|[from] item: Leftovers\n|-damage|p2a: Amoonguss|82\/100 brn|[from] brn\n|upkeep\n|turn|41\n|\n|t:|1698912504\n|switch|p1a: Overqwil|Overqwil, M|74\/100 par\n|-damage|p1a: Overqwil|49\/100 par|[from] Spikes\n|-damage|p1a: Overqwil|37\/100 par|[from] Stealth Rock\n|-ability|p1a: Overqwil|Intimidate|boost\n|-unboost|p2a: Amoonguss|atk|1\n|move|p2a: Amoonguss|Spore||[still]\n|-fail|p2a: Amoonguss\n|\n|-damage|p2a: Amoonguss|75\/100 brn|[from] brn\n|upkeep\n|turn|42\n|\n|t:|1698912520\n|switch|p2a: Quagsire|Quagsire, M|94\/100 brn\n|-damage|p2a: Quagsire|82\/100 brn|[from] Spikes\n|cant|p1a: Overqwil|par\n|\n|-heal|p2a: Quagsire|88\/100 brn|[from] item: Leftovers\n|-damage|p2a: Quagsire|82\/100 brn|[from] brn\n|upkeep\n|turn|43\n|\n|t:|1698912526\n|move|p1a: Overqwil|Spikes|p2a: Quagsire\n|-sidestart|p2: leonissenbaum|Spikes\n|move|p2a: Quagsire|Earthquake|p1a: Overqwil\n|-supereffective|p1a: Overqwil\n|-damage|p1a: Overqwil|16\/100 par\n|\n|-heal|p2a: Quagsire|88\/100 brn|[from] item: Leftovers\n|-damage|p2a: Quagsire|82\/100 brn|[from] brn\n|upkeep\n|turn|44\n|\n|t:|1698912530\n|move|p1a: Overqwil|Spikes|p2a: Quagsire\n|-sidestart|p2: leonissenbaum|Spikes\n|move|p2a: Quagsire|Earthquake|p1a: Overqwil\n|-supereffective|p1a: Overqwil\n|-damage|p1a: Overqwil|0 fnt\n|faint|p1a: Overqwil\n|\n|-heal|p2a: Quagsire|88\/100 brn|[from] item: Leftovers\n|-damage|p2a: Quagsire|82\/100 brn|[from] brn\n|upkeep\n|\n|t:|1698912539\n|switch|p1a: Blissey|Blissey, F|100\/100\n|turn|45\n|\n|t:|1698912545\n|move|p1a: Blissey|Seismic Toss|p2a: Quagsire\n|-damage|p2a: Quagsire|57\/100 brn\n|move|p2a: Quagsire|Toxic Spikes|p1a: Blissey\n|-sidestart|p1: a bit moody|move: Toxic Spikes\n|\n|-heal|p2a: Quagsire|63\/100 brn|[from] item: Leftovers\n|-damage|p2a: Quagsire|57\/100 brn|[from] brn\n|upkeep\n|turn|46\n|\n|t:|1698912557\n|move|p1a: Blissey|Seismic Toss|p2a: Quagsire\n|-damage|p2a: Quagsire|31\/100 brn\n|move|p2a: Quagsire|Recover|p2a: Quagsire\n|-heal|p2a: Quagsire|81\/100 brn\n|\n|-heal|p2a: Quagsire|87\/100 brn|[from] item: Leftovers\n|-damage|p2a: Quagsire|81\/100 brn|[from] brn\n|upkeep\n|turn|47\n|\n|t:|1698912563\n|move|p1a: Blissey|Seismic Toss|p2a: Quagsire\n|-damage|p2a: Quagsire|56\/100 brn\n|move|p2a: Quagsire|Earthquake|p1a: Blissey\n|-damage|p1a: Blissey|87\/100\n|\n|-heal|p2a: Quagsire|62\/100 brn|[from] item: Leftovers\n|-damage|p2a: Quagsire|56\/100 brn|[from] brn\n|upkeep\n|turn|48\n|c|\u2606leonissenbaum|min spd spread?\n|\n|t:|1698912597\n|move|p1a: Blissey|Seismic Toss|p2a: Quagsire\n|-damage|p2a: Quagsire|30\/100 brn\n|move|p2a: Quagsire|Recover|p2a: Quagsire\n|-heal|p2a: Quagsire|80\/100 brn\n|\n|-heal|p2a: Quagsire|87\/100 brn|[from] item: Leftovers\n|-damage|p2a: Quagsire|80\/100 brn|[from] brn\n|upkeep\n|turn|49\n|\n|t:|1698912605\n|switch|p1a: Alomomola|Alomomola, M|100\/100\n|switch|p2a: Amoonguss|Amoonguss, F|100\/100 brn\n|-damage|p2a: Amoonguss|75\/100 brn|[from] Spikes\n|\n|-damage|p2a: Amoonguss|69\/100 brn|[from] brn\n|upkeep\n|turn|50\n|\n|t:|1698912610\n|move|p1a: Alomomola|Protect|p1a: Alomomola\n|-singleturn|p1a: Alomomola|Protect\n|move|p2a: Amoonguss|Giga Drain|p1a: Alomomola\n|-activate|p1a: Alomomola|move: Protect\n|\n|-damage|p2a: Amoonguss|63\/100 brn|[from] brn\n|upkeep\n|turn|51\n|\n|t:|1698912615\n|switch|p1a: Dialga|Dialga|94\/100\n|-damage|p1a: Dialga|69\/100|[from] Spikes\n|-damage|p1a: Dialga|63\/100|[from] Stealth Rock\n|-ability|p1a: Dialga|Pressure\n|move|p2a: Amoonguss|Giga Drain|p1a: Dialga\n|-resisted|p1a: Dialga\n|-damage|p1a: Dialga|58\/100\n|-heal|p2a: Amoonguss|65\/100 brn|[from] drain|[of] p1a: Dialga\n|\n|-heal|p1a: Dialga|64\/100|[from] item: Leftovers\n|-damage|p2a: Amoonguss|59\/100 brn|[from] brn\n|upkeep\n|turn|52\n|\n|t:|1698912630\n|switch|p2a: Magearna|Magearna|100\/100\n|-damage|p2a: Magearna|75\/100|[from] Spikes\n|move|p1a: Dialga|Flash Cannon|p2a: Magearna\n|-damage|p2a: Magearna|43\/100\n|\n|-heal|p1a: Dialga|70\/100|[from] item: Leftovers\n|-heal|p2a: Magearna|49\/100|[from] item: Leftovers\n|upkeep\n|turn|53\n|\n|t:|1698912638\n|switch|p1a: Blissey|Blissey, F|87\/100\n|move|p2a: Magearna|Thunder Wave|p1a: Blissey|[miss]\n|-miss|p2a: Magearna|p1a: Blissey\n|\n|-heal|p2a: Magearna|55\/100|[from] item: Leftovers\n|upkeep\n|turn|54\n|\n|t:|1698912644\n|move|p2a: Magearna|Draining Kiss|p1a: Blissey\n|-damage|p1a: Blissey|80\/100\n|-heal|p2a: Magearna|65\/100|[from] drain|[of] p1a: Blissey\n|move|p1a: Blissey|Thunder Wave|p2a: Magearna\n|-status|p2a: Magearna|par\n|\n|-heal|p2a: Magearna|71\/100 par|[from] item: Leftovers\n|upkeep\n|turn|55\n|\n|t:|1698912653\n|switch|p1a: Alomomola|Alomomola, M|100\/100\n|switch|p2a: Arceus|Arceus-Ghost|94\/100 brn\n|-damage|p2a: Arceus|69\/100 brn|[from] Spikes\n|\n|-damage|p2a: Arceus|63\/100 brn|[from] brn\n|upkeep\n|turn|56\n|\n|t:|1698912659\n|move|p2a: Arceus|Judgment|p1a: Alomomola\n|-damage|p1a: Alomomola|45\/100\n|move|p1a: Alomomola|Wish|p1a: Alomomola\n|\n|-damage|p2a: Arceus|57\/100 brn|[from] brn\n|upkeep\n|turn|57\n|\n|t:|1698912674\n|move|p1a: Alomomola|Protect|p1a: Alomomola\n|-singleturn|p1a: Alomomola|Protect\n|move|p2a: Arceus|Recover|p2a: Arceus\n|-heal|p2a: Arceus|100\/100 brn\n|\n|-heal|p1a: Alomomola|95\/100|[from] move: Wish|[wisher] Alomomola\n|-damage|p2a: Arceus|94\/100 brn|[from] brn\n|upkeep\n|turn|58\n|\n|t:|1698912679\n|move|p2a: Arceus|Judgment|p1a: Alomomola\n|-damage|p1a: Alomomola|35\/100\n|move|p1a: Alomomola|Wish|p1a: Alomomola\n|\n|-damage|p2a: Arceus|88\/100 brn|[from] brn\n|upkeep\n|turn|59\n|\n|t:|1698912684\n|move|p1a: Alomomola|Protect|p1a: Alomomola\n|-singleturn|p1a: Alomomola|Protect\n|move|p2a: Arceus|Roar|p1a: Alomomola\n|drag|p1a: Arceus|Arceus-Poison|95\/100\n|-damage|p1a: Arceus|70\/100|[from] Spikes\n|-damage|p1a: Arceus|57\/100|[from] Stealth Rock\n|-sideend|p1: a bit moody|move: Toxic Spikes|[of] p1a: Arceus\n|\n|-heal|p1a: Arceus|100\/100|[from] move: Wish|[wisher] Alomomola\n|-damage|p2a: Arceus|82\/100 brn|[from] brn\n|upkeep\n|turn|60\n|\n|t:|1698912694\n|move|p1a: Arceus|Cosmic Power|p1a: Arceus\n|-boost|p1a: Arceus|def|1\n|-boost|p1a: Arceus|spd|1\n|move|p2a: Arceus|Judgment|p1a: Arceus\n|-damage|p1a: Arceus|78\/100\n|\n|-damage|p2a: Arceus|76\/100 brn|[from] brn\n|upkeep\n|turn|61\n|\n|t:|1698912700\n|move|p1a: Arceus|Cosmic Power|p1a: Arceus\n|-boost|p1a: Arceus|def|1\n|-boost|p1a: Arceus|spd|1\n|move|p2a: Arceus|Roar|p1a: Arceus\n|drag|p1a: Dialga|Dialga|70\/100\n|-damage|p1a: Dialga|45\/100|[from] Spikes\n|-damage|p1a: Dialga|39\/100|[from] Stealth Rock\n|-ability|p1a: Dialga|Pressure\n|\n|-heal|p1a: Dialga|45\/100|[from] item: Leftovers\n|-damage|p2a: Arceus|70\/100 brn|[from] brn\n|upkeep\n|turn|62\n|\n|t:|1698912713\n|switch|p1a: Blissey|Blissey, F|80\/100\n|move|p2a: Arceus|Recover|p2a: Arceus\n|-heal|p2a: Arceus|100\/100 brn\n|\n|-damage|p2a: Arceus|94\/100 brn|[from] brn\n|upkeep\n|turn|63\n|\n|t:|1698912725\n|move|p2a: Arceus|Aura Sphere|p1a: Blissey\n|-supereffective|p1a: Blissey\n|-damage|p1a: Blissey|66\/100\n|move|p1a: Blissey|Soft-Boiled|p1a: Blissey\n|-heal|p1a: Blissey|100\/100\n|\n|-damage|p2a: Arceus|88\/100 brn|[from] brn\n|upkeep\n|turn|64\n|\n|t:|1698912734\n|switch|p1a: Arceus|Arceus-Poison|78\/100\n|-damage|p1a: Arceus|53\/100|[from] Spikes\n|-damage|p1a: Arceus|40\/100|[from] Stealth Rock\n|move|p2a: Arceus|Aura Sphere|p1a: Arceus\n|-resisted|p1a: Arceus\n|-damage|p1a: Arceus|33\/100\n|\n|-damage|p2a: Arceus|82\/100 brn|[from] brn\n|upkeep\n|turn|65\n|\n|t:|1698912740\n|move|p1a: Arceus|Recover|p1a: Arceus\n|-heal|p1a: Arceus|83\/100\n|move|p2a: Arceus|Roar|p1a: Arceus\n|drag|p1a: Blissey|Blissey, F|100\/100\n|\n|-damage|p2a: Arceus|76\/100 brn|[from] brn\n|upkeep\n|turn|66\n|\n|t:|1698912756\n|move|p2a: Arceus|Aura Sphere|p1a: Blissey\n|-supereffective|p1a: Blissey\n|-damage|p1a: Blissey|86\/100\n|move|p1a: Blissey|Thunder Wave||[still]\n|-fail|p1a: Blissey\n|\n|-damage|p2a: Arceus|70\/100 brn|[from] brn\n|upkeep\n|turn|67\n|\n|t:|1698912761\n|move|p2a: Arceus|Aura Sphere|p1a: Blissey\n|-supereffective|p1a: Blissey\n|-damage|p1a: Blissey|72\/100\n|move|p1a: Blissey|Thunder Wave||[still]\n|-fail|p1a: Blissey\n|\n|-damage|p2a: Arceus|64\/100 brn|[from] brn\n|upkeep\n|turn|68\n|\n|t:|1698912771\n|switch|p1a: Alomomola|Alomomola, M|69\/100\n|move|p2a: Arceus|Aura Sphere|p1a: Alomomola\n|-damage|p1a: Alomomola|45\/100\n|\n|-damage|p2a: Arceus|58\/100 brn|[from] brn\n|upkeep\n|turn|69\n|\n|t:|1698912780\n|move|p1a: Alomomola|Protect|p1a: Alomomola\n|-singleturn|p1a: Alomomola|Protect\n|move|p2a: Arceus|Judgment|p1a: Alomomola\n|-activate|p1a: Alomomola|move: Protect\n|\n|-damage|p2a: Arceus|52\/100 brn|[from] brn\n|upkeep\n|turn|70\n|\n|t:|1698912787\n|switch|p1a: Blissey|Blissey, F|72\/100\n|move|p2a: Arceus|Judgment|p1a: Blissey\n|-immune|p1a: Blissey\n|\n|-damage|p2a: Arceus|46\/100 brn|[from] brn\n|upkeep\n|turn|71\n|\n|t:|1698912795\n|move|p2a: Arceus|Recover|p2a: Arceus\n|-heal|p2a: Arceus|96\/100 brn\n|move|p1a: Blissey|Soft-Boiled|p1a: Blissey\n|-heal|p1a: Blissey|100\/100\n|\n|-damage|p2a: Arceus|90\/100 brn|[from] brn\n|upkeep\n|turn|72\n|\n|t:|1698912805\n|move|p1a: Blissey|Thunder Wave||[still]\n|-fail|p1a: Blissey\n|move|p2a: Arceus|Roar|p1a: Blissey\n|drag|p1a: Dialga|Dialga|45\/100\n|-damage|p1a: Dialga|20\/100|[from] Spikes\n|-damage|p1a: Dialga|14\/100|[from] Stealth Rock\n|-ability|p1a: Dialga|Pressure\n|\n|-heal|p1a: Dialga|20\/100|[from] item: Leftovers\n|-damage|p2a: Arceus|84\/100 brn|[from] brn\n|upkeep\n|turn|73\n|\n|t:|1698912818\n|switch|p1a: Blissey|Blissey, F|100\/100\n|move|p2a: Arceus|Aura Sphere|p1a: Blissey\n|-supereffective|p1a: Blissey\n|-damage|p1a: Blissey|86\/100\n|\n|-damage|p2a: Arceus|78\/100 brn|[from] brn\n|upkeep\n|turn|74\n|\n|t:|1698912829\n|switch|p1a: Alomomola|Alomomola, M|78\/100\n|move|p2a: Arceus|Roar|p1a: Alomomola\n|drag|p1a: Blissey|Blissey, F|86\/100\n|\n|-damage|p2a: Arceus|71\/100 brn|[from] brn\n|upkeep\n|turn|75\n|\n|t:|1698912838\n|move|p1a: Blissey|Thunder Wave|p2a: Arceus|[miss]\n|-miss|p1a: Blissey|p2a: Arceus\n|move|p2a: Arceus|Roar|p1a: Blissey\n|drag|p1a: Dialga|Dialga|20\/100\n|-damage|p1a: Dialga|0 fnt|[from] Spikes\n|faint|p1a: Dialga\n|\n|-damage|p2a: Arceus|65\/100 brn|[from] brn\n|upkeep\n|\n|t:|1698912856\n|switch|p1a: Alomomola|Alomomola, M|100\/100\n|turn|76\n|\n|t:|1698912860\n|move|p2a: Arceus|Judgment|p1a: Alomomola\n|-damage|p1a: Alomomola|41\/100\n|move|p1a: Alomomola|Wish|p1a: Alomomola\n|\n|-damage|p2a: Arceus|59\/100 brn|[from] brn\n|upkeep\n|turn|77\n|\n|t:|1698912870\n|switch|p1a: Arceus|Arceus-Poison|83\/100\n|-damage|p1a: Arceus|58\/100|[from] Spikes\n|-damage|p1a: Arceus|45\/100|[from] Stealth Rock\n|move|p2a: Arceus|Roar|p1a: Arceus\n|drag|p1a: Alomomola|Alomomola, M|74\/100\n|\n|-heal|p1a: Alomomola|100\/100|[from] move: Wish|[wisher] Alomomola\n|-damage|p2a: Arceus|53\/100 brn|[from] brn\n|upkeep\n|turn|78\n|\n|t:|1698912881\n|move|p2a: Arceus|Judgment|p1a: Alomomola\n|-damage|p1a: Alomomola|39\/100\n|move|p1a: Alomomola|Scald|p2a: Arceus\n|-damage|p2a: Arceus|44\/100 brn\n|\n|-damage|p2a: Arceus|37\/100 brn|[from] brn\n|upkeep\n|turn|79\n|\n|t:|1698912889\n|move|p1a: Alomomola|Protect|p1a: Alomomola\n|-singleturn|p1a: Alomomola|Protect\n|move|p2a: Arceus|Recover|p2a: Arceus\n|-heal|p2a: Arceus|87\/100 brn\n|\n|-damage|p2a: Arceus|81\/100 brn|[from] brn\n|upkeep\n|turn|80\n|\n|t:|1698912894\n|switch|p1a: Blissey|Blissey, F|86\/100\n|move|p2a: Arceus|Roar|p1a: Blissey\n|drag|p1a: Arceus|Arceus-Poison|45\/100\n|-damage|p1a: Arceus|20\/100|[from] Spikes\n|-damage|p1a: Arceus|8\/100|[from] Stealth Rock\n|\n|-damage|p2a: Arceus|75\/100 brn|[from] brn\n|upkeep\n|turn|81\n|\n|t:|1698912900\n|move|p1a: Arceus|Recover|p1a: Arceus\n|-heal|p1a: Arceus|58\/100\n|move|p2a: Arceus|Judgment|p1a: Arceus\n|-damage|p1a: Arceus|25\/100\n|\n|-damage|p2a: Arceus|69\/100 brn|[from] brn\n|upkeep\n|turn|82\n|\n|t:|1698912908\n|move|p1a: Arceus|Recover|p1a: Arceus\n|-heal|p1a: Arceus|75\/100\n|move|p2a: Arceus|Roar|p1a: Arceus\n|drag|p1a: Blissey|Blissey, F|86\/100\n|\n|-damage|p2a: Arceus|63\/100 brn|[from] brn\n|upkeep\n|turn|83\n|\n|t:|1698912918\n|move|p1a: Blissey|Thunder Wave||[still]\n|-fail|p1a: Blissey\n|move|p2a: Arceus|Roar|p1a: Blissey\n|drag|p1a: Alomomola|Alomomola, M|72\/100\n|\n|-damage|p2a: Arceus|57\/100 brn|[from] brn\n|upkeep\n|turn|84\n|\n|t:|1698912926\n|move|p2a: Arceus|Judgment|p1a: Alomomola\n|-damage|p1a: Alomomola|15\/100\n|move|p1a: Alomomola|Wish|p1a: Alomomola\n|\n|-damage|p2a: Arceus|51\/100 brn|[from] brn\n|upkeep\n|turn|85\n|\n|t:|1698912936\n|switch|p1a: Blissey|Blissey, F|86\/100\n|move|p2a: Arceus|Roar|p1a: Blissey\n|drag|p1a: Alomomola|Alomomola, M|49\/100\n|\n|-heal|p1a: Alomomola|99\/100|[from] move: Wish|[wisher] Alomomola\n|-damage|p2a: Arceus|45\/100 brn|[from] brn\n|upkeep\n|turn|86\n|\n|t:|1698912955\n|move|p2a: Arceus|Recover|p2a: Arceus\n|-heal|p2a: Arceus|95\/100 brn\n|move|p1a: Alomomola|Wish|p1a: Alomomola\n|\n|-damage|p2a: Arceus|89\/100 brn|[from] brn\n|upkeep\n|turn|87\n|\n|t:|1698912960\n|switch|p1a: Blissey|Blissey, F|86\/100\n|move|p2a: Arceus|Roar|p1a: Blissey\n|drag|p1a: Alomomola|Alomomola, M|100\/100\n|\n|-damage|p2a: Arceus|83\/100 brn|[from] brn\n|upkeep\n|turn|88\n|\n|t:|1698912974\n|switch|p1a: Blissey|Blissey, F|86\/100\n|move|p2a: Arceus|Roar|p1a: Blissey\n|drag|p1a: Arceus|Arceus-Poison|75\/100\n|-damage|p1a: Arceus|50\/100|[from] Spikes\n|-damage|p1a: Arceus|38\/100|[from] Stealth Rock\n|\n|-damage|p2a: Arceus|77\/100 brn|[from] brn\n|upkeep\n|turn|89\n|\n|t:|1698912982\n|move|p1a: Arceus|Cosmic Power|p1a: Arceus\n|-boost|p1a: Arceus|def|1\n|-boost|p1a: Arceus|spd|1\n|move|p2a: Arceus|Roar|p1a: Arceus\n|drag|p1a: Alomomola|Alomomola, M|100\/100\n|\n|-damage|p2a: Arceus|71\/100 brn|[from] brn\n|upkeep\n|turn|90\n|\n|t:|1698912984\n|move|p1a: Alomomola|Wish|p1a: Alomomola\n|move|p2a: Arceus|Roar|p1a: Alomomola\n|drag|p1a: Arceus|Arceus-Poison|38\/100\n|-damage|p1a: Arceus|13\/100|[from] Spikes\n|-damage|p1a: Arceus|0 fnt|[from] Stealth Rock\n|faint|p1a: Arceus\n|\n|-damage|p2a: Arceus|64\/100 brn|[from] brn\n|upkeep\n|\n|t:|1698912992\n|switch|p1a: Alomomola|Alomomola, M|100\/100\n|turn|91\n|\n|t:|1698912999\n|switch|p1a: Blissey|Blissey, F|86\/100\n|move|p2a: Arceus|Judgment|p1a: Blissey\n|-immune|p1a: Blissey\n|\n|-heal|p1a: Blissey|100\/100|[from] move: Wish|[wisher] Alomomola\n|-damage|p2a: Arceus|58\/100 brn|[from] brn\n|upkeep\n|turn|92\n|\n|t:|1698913014\n|switch|p1a: Alomomola|Alomomola, M|100\/100\n|move|p2a: Arceus|Aura Sphere|p1a: Alomomola\n|-damage|p1a: Alomomola|75\/100\n|\n|-damage|p2a: Arceus|52\/100 brn|[from] brn\n|upkeep\n|turn|93\n|\n|t:|1698913022\n|switch|p1a: Blissey|Blissey, F|100\/100\n|move|p2a: Arceus|Aura Sphere|p1a: Blissey\n|-supereffective|p1a: Blissey\n|-damage|p1a: Blissey|86\/100\n|\n|-damage|p2a: Arceus|46\/100 brn|[from] brn\n|upkeep\n|turn|94\n|\n|t:|1698913030\n|switch|p1a: Alomomola|Alomomola, M|100\/100\n|move|p2a: Arceus|Recover|p2a: Arceus\n|-heal|p2a: Arceus|96\/100 brn\n|\n|-damage|p2a: Arceus|90\/100 brn|[from] brn\n|upkeep\n|turn|95\n|\n|t:|1698913037\n|switch|p1a: Blissey|Blissey, F|86\/100\n|move|p2a: Arceus|Aura Sphere|p1a: Blissey\n|-supereffective|p1a: Blissey\n|-damage|p1a: Blissey|70\/100\n|\n|-damage|p2a: Arceus|84\/100 brn|[from] brn\n|upkeep\n|turn|96\n|\n|t:|1698913046\n|move|p2a: Arceus|Judgment|p1a: Blissey\n|-immune|p1a: Blissey\n|move|p1a: Blissey|Heal Bell||[still]\n|-activate|p1a: Blissey|move: Heal Bell\n|-fail|p1a: Blissey\n|\n|-damage|p2a: Arceus|78\/100 brn|[from] brn\n|upkeep\n|turn|97\n|\n|t:|1698913054\n|switch|p1a: Alomomola|Alomomola, M|100\/100\n|move|p2a: Arceus|Aura Sphere|p1a: Alomomola\n|-damage|p1a: Alomomola|75\/100\n|\n|-damage|p2a: Arceus|72\/100 brn|[from] brn\n|upkeep\n|turn|98\n|\n|t:|1698913078\n|move|p2a: Arceus|Aura Sphere|p1a: Alomomola\n|-damage|p1a: Alomomola|49\/100\n|move|p1a: Alomomola|Wish|p1a: Alomomola\n|\n|-damage|p2a: Arceus|66\/100 brn|[from] brn\n|upkeep\n|turn|99\n|\n|t:|1698913087\n|switch|p1a: Blissey|Blissey, F|70\/100\n|move|p2a: Arceus|Judgment|p1a: Blissey\n|-immune|p1a: Blissey\n|\n|-heal|p1a: Blissey|100\/100|[from] move: Wish|[wisher] Alomomola\n|-damage|p2a: Arceus|60\/100 brn|[from] brn\n|upkeep\n|turn|100\n|\n|t:|1698913098\n|switch|p1a: Alomomola|Alomomola, M|83\/100\n|move|p2a: Arceus|Aura Sphere|p1a: Alomomola\n|-damage|p1a: Alomomola|59\/100\n|\n|-damage|p2a: Arceus|54\/100 brn|[from] brn\n|upkeep\n|turn|101\n|\n|t:|1698913103\n|switch|p1a: Blissey|Blissey, F|100\/100\n|move|p2a: Arceus|Aura Sphere|p1a: Blissey\n|-supereffective|p1a: Blissey\n|-damage|p1a: Blissey|85\/100\n|\n|-damage|p2a: Arceus|48\/100 brn|[from] brn\n|upkeep\n|turn|102\n|\n|t:|1698913113\n|move|p2a: Arceus|Recover|p2a: Arceus\n|-heal|p2a: Arceus|98\/100 brn\n|move|p1a: Blissey|Thunder Wave||[still]\n|-fail|p1a: Blissey\n|\n|-damage|p2a: Arceus|91\/100 brn|[from] brn\n|upkeep\n|turn|103\n|\n|t:|1698913120\n|switch|p1a: Alomomola|Alomomola, M|92\/100\n|move|p2a: Arceus|Judgment|p1a: Alomomola\n|-damage|p1a: Alomomola|35\/100\n|\n|-damage|p2a: Arceus|85\/100 brn|[from] brn\n|upkeep\n|turn|104\n|\n|t:|1698913125\n|switch|p1a: Blissey|Blissey, F|85\/100\n|move|p2a: Arceus|Aura Sphere|p1a: Blissey\n|-supereffective|p1a: Blissey\n|-damage|p1a: Blissey|69\/100\n|\n|-damage|p2a: Arceus|79\/100 brn|[from] brn\n|upkeep\n|turn|105\n|\n|t:|1698913141\n|move|p2a: Arceus|Aura Sphere|p1a: Blissey\n|-supereffective|p1a: Blissey\n|-damage|p1a: Blissey|55\/100\n|move|p1a: Blissey|Soft-Boiled|p1a: Blissey\n|-heal|p1a: Blissey|100\/100\n|\n|-damage|p2a: Arceus|73\/100 brn|[from] brn\n|upkeep\n|turn|106\n|\n|t:|1698913150\n|move|p2a: Arceus|Aura Sphere|p1a: Blissey\n|-supereffective|p1a: Blissey\n|-damage|p1a: Blissey|87\/100\n|move|p1a: Blissey|Thunder Wave||[still]\n|-fail|p1a: Blissey\n|\n|-damage|p2a: Arceus|67\/100 brn|[from] brn\n|upkeep\n|turn|107\n|\n|t:|1698913159\n|move|p2a: Arceus|Judgment|p1a: Blissey\n|-immune|p1a: Blissey\n|move|p1a: Blissey|Thunder Wave||[still]\n|-fail|p1a: Blissey\n|\n|-damage|p2a: Arceus|61\/100 brn|[from] brn\n|upkeep\n|turn|108\n|\n|t:|1698913167\n|move|p2a: Arceus|Judgment|p1a: Blissey\n|-immune|p1a: Blissey\n|move|p1a: Blissey|Thunder Wave||[still]\n|-fail|p1a: Blissey\n|\n|-damage|p2a: Arceus|55\/100 brn|[from] brn\n|upkeep\n|turn|109\n|\n|t:|1698913170\n|switch|p1a: Alomomola|Alomomola, M|68\/100\n|move|p2a: Arceus|Aura Sphere|p1a: Alomomola\n|-damage|p1a: Alomomola|42\/100\n|\n|-damage|p2a: Arceus|49\/100 brn|[from] brn\n|upkeep\n|turn|110\n|\n|t:|1698913175\n|switch|p1a: Blissey|Blissey, F|87\/100\n|move|p2a: Arceus|Aura Sphere|p1a: Blissey\n|-supereffective|p1a: Blissey\n|-damage|p1a: Blissey|72\/100\n|\n|-damage|p2a: Arceus|43\/100 brn|[from] brn\n|upkeep\n|turn|111\n|\n|t:|1698913178\n|switch|p1a: Alomomola|Alomomola, M|76\/100\n|move|p2a: Arceus|Recover|p2a: Arceus\n|-heal|p2a: Arceus|93\/100 brn\n|\n|-damage|p2a: Arceus|87\/100 brn|[from] brn\n|upkeep\n|turn|112\n|\n|t:|1698913183\n|switch|p1a: Blissey|Blissey, F|72\/100\n|move|p2a: Arceus|Aura Sphere|p1a: Blissey\n|-supereffective|p1a: Blissey\n|-damage|p1a: Blissey|56\/100\n|\n|-damage|p2a: Arceus|81\/100 brn|[from] brn\n|upkeep\n|turn|113\n|\n|t:|1698913190\n|-terastallize|p1a: Blissey|Ghost\n|move|p2a: Arceus|Aura Sphere|p1a: Blissey\n|-immune|p1a: Blissey\n|move|p1a: Blissey|Soft-Boiled|p1a: Blissey\n|-heal|p1a: Blissey|100\/100\n|\n|-damage|p2a: Arceus|75\/100 brn|[from] brn\n|upkeep\n|turn|114\n|\n|t:|1698913195\n|switch|p1a: Alomomola|Alomomola, M|100\/100\n|move|p2a: Arceus|Aura Sphere|p1a: Alomomola\n|-damage|p1a: Alomomola|75\/100\n|\n|-damage|p2a: Arceus|69\/100 brn|[from] brn\n|upkeep\n|turn|115\n|\n|t:|1698913197\n|switch|p1a: Blissey|Blissey, F, tera:Ghost|100\/100\n|move|p2a: Arceus|Aura Sphere|p1a: Blissey\n|-immune|p1a: Blissey\n|\n|-damage|p2a: Arceus|62\/100 brn|[from] brn\n|upkeep\n|turn|116\n|\n|t:|1698913199\n|switch|p1a: Alomomola|Alomomola, M|100\/100\n|move|p2a: Arceus|Aura Sphere|p1a: Alomomola\n|-damage|p1a: Alomomola|74\/100\n|\n|-damage|p2a: Arceus|56\/100 brn|[from] brn\n|upkeep\n|turn|117\n|\n|t:|1698913201\n|switch|p1a: Blissey|Blissey, F, tera:Ghost|100\/100\n|move|p2a: Arceus|Aura Sphere|p1a: Blissey\n|-immune|p1a: Blissey\n|\n|-damage|p2a: Arceus|50\/100 brn|[from] brn\n|upkeep\n|turn|118\n|\n|t:|1698913203\n|switch|p1a: Alomomola|Alomomola, M|100\/100\n|move|p2a: Arceus|Aura Sphere|p1a: Alomomola\n|-damage|p1a: Alomomola|76\/100\n|\n|-damage|p2a: Arceus|44\/100 brn|[from] brn\n|upkeep\n|turn|119\n|\n|t:|1698913207\n|switch|p1a: Blissey|Blissey, F, tera:Ghost|100\/100\n|move|p2a: Arceus|Aura Sphere|p1a: Blissey\n|-immune|p1a: Blissey\n|\n|-damage|p2a: Arceus|38\/100 brn|[from] brn\n|upkeep\n|turn|120\n|\n|t:|1698913210\n|switch|p1a: Alomomola|Alomomola, M|100\/100\n|move|p2a: Arceus|Aura Sphere|p1a: Alomomola\n|-damage|p1a: Alomomola|74\/100\n|\n|-damage|p2a: Arceus|32\/100 brn|[from] brn\n|upkeep\n|turn|121\n|\n|t:|1698913215\n|switch|p1a: Blissey|Blissey, F, tera:Ghost|100\/100\n|move|p2a: Arceus|Aura Sphere|p1a: Blissey\n|-immune|p1a: Blissey\n|\n|-damage|p2a: Arceus|26\/100 brn|[from] brn\n|upkeep\n|turn|122\n|\n|t:|1698913219\n|switch|p1a: Alomomola|Alomomola, M|100\/100\n|move|p2a: Arceus|Aura Sphere|p1a: Alomomola\n|-damage|p1a: Alomomola|77\/100\n|\n|-damage|p2a: Arceus|20\/100 brn|[from] brn\n|upkeep\n|turn|123\n|\n|t:|1698913222\n|switch|p1a: Blissey|Blissey, F, tera:Ghost|100\/100\n|move|p2a: Arceus|Aura Sphere|p1a: Blissey\n|-immune|p1a: Blissey\n|\n|-damage|p2a: Arceus|14\/100 brn|[from] brn\n|upkeep\n|turn|124\n|\n|t:|1698913227\n|switch|p1a: Alomomola|Alomomola, M|100\/100\n|move|p2a: Arceus|Aura Sphere|p1a: Alomomola\n|-damage|p1a: Alomomola|74\/100\n|\n|-damage|p2a: Arceus|8\/100 brn|[from] brn\n|upkeep\n|turn|125\n|\n|t:|1698913231\n|switch|p1a: Blissey|Blissey, F, tera:Ghost|100\/100\n|move|p2a: Arceus|Aura Sphere|p1a: Blissey\n|-immune|p1a: Blissey\n|\n|-damage|p2a: Arceus|2\/100 brn|[from] brn\n|upkeep\n|turn|126\n|\n|t:|1698913234\n|switch|p1a: Alomomola|Alomomola, M|100\/100\n|move|p2a: Arceus|Roar|p1a: Alomomola\n|drag|p1a: Blissey|Blissey, F, tera:Ghost|100\/100\n|\n|-damage|p2a: Arceus|0 fnt|[from] brn\n|faint|p2a: Arceus\n|upkeep\n|\n|t:|1698913242\n|switch|p2a: Clefable|Clefable, M|100\/100\n|-damage|p2a: Clefable|76\/100|[from] Spikes\n|turn|127\n|\n|t:|1698913247\n|move|p2a: Clefable|Calm Mind|p2a: Clefable\n|-boost|p2a: Clefable|spa|1\n|-boost|p2a: Clefable|spd|1\n|move|p1a: Blissey|Thunder Wave|p2a: Clefable\n|-status|p2a: Clefable|par\n|\n|-heal|p2a: Clefable|82\/100 par|[from] item: Leftovers\n|upkeep\n|turn|128\n|\n|t:|1698913252\n|move|p1a: Blissey|Seismic Toss|p2a: Clefable\n|-damage|p2a: Clefable|56\/100 par\n|move|p2a: Clefable|Calm Mind|p2a: Clefable\n|-boost|p2a: Clefable|spa|1\n|-boost|p2a: Clefable|spd|1\n|\n|-heal|p2a: Clefable|62\/100 par|[from] item: Leftovers\n|upkeep\n|turn|129\n|\n|t:|1698913257\n|move|p1a: Blissey|Seismic Toss|p2a: Clefable\n|-damage|p2a: Clefable|37\/100 par\n|move|p2a: Clefable|Moonlight|p2a: Clefable\n|-heal|p2a: Clefable|87\/100 par\n|\n|-heal|p2a: Clefable|93\/100 par|[from] item: Leftovers\n|upkeep\n|turn|130\n|\n|t:|1698913262\n|move|p1a: Blissey|Seismic Toss|p2a: Clefable\n|-damage|p2a: Clefable|68\/100 par\n|move|p2a: Clefable|Calm Mind|p2a: Clefable\n|-boost|p2a: Clefable|spa|1\n|-boost|p2a: Clefable|spd|1\n|\n|-heal|p2a: Clefable|74\/100 par|[from] item: Leftovers\n|upkeep\n|turn|131\n|\n|t:|1698913267\n|move|p1a: Blissey|Seismic Toss|p2a: Clefable\n|-damage|p2a: Clefable|48\/100 par\n|cant|p2a: Clefable|par\n|\n|-heal|p2a: Clefable|55\/100 par|[from] item: Leftovers\n|upkeep\n|turn|132\n|\n|t:|1698913272\n|move|p1a: Blissey|Seismic Toss|p2a: Clefable\n|-damage|p2a: Clefable|29\/100 par\n|cant|p2a: Clefable|par\n|\n|-heal|p2a: Clefable|35\/100 par|[from] item: Leftovers\n|upkeep\n|turn|133\n|\n|t:|1698913278\n|move|p1a: Blissey|Seismic Toss|p2a: Clefable\n|-damage|p2a: Clefable|10\/100 par\n|cant|p2a: Clefable|par\n|\n|-heal|p2a: Clefable|16\/100 par|[from] item: Leftovers\n|upkeep\n|turn|134\n|j| Bruckai\n|\n|t:|1698913285\n|move|p1a: Blissey|Seismic Toss|p2a: Clefable\n|-damage|p2a: Clefable|0 fnt\n|faint|p2a: Clefable\n|\n|upkeep\n|\n|t:|1698913295\n|switch|p2a: Amoonguss|Amoonguss, F|92\/100 brn\n|-damage|p2a: Amoonguss|67\/100 brn|[from] Spikes\n|turn|135\n|\n|t:|1698913307\n|move|p1a: Blissey|Seismic Toss|p2a: Amoonguss\n|-damage|p2a: Amoonguss|44\/100 brn\n|-damage|p1a: Blissey|84\/100|[from] item: Rocky Helmet|[of] p2a: Amoonguss\n|move|p2a: Amoonguss|Toxic|p1a: Blissey\n|-status|p1a: Blissey|tox\n|\n|-damage|p1a: Blissey|78\/100 tox|[from] psn\n|-damage|p2a: Amoonguss|38\/100 brn|[from] brn\n|upkeep\n|turn|136\n|\n|t:|1698913318\n|move|p1a: Blissey|Seismic Toss|p2a: Amoonguss\n|-damage|p2a: Amoonguss|15\/100 brn\n|-damage|p1a: Blissey|61\/100 tox|[from] item: Rocky Helmet|[of] p2a: Amoonguss\n|move|p2a: Amoonguss|Synthesis|p2a: Amoonguss\n|-heal|p2a: Amoonguss|65\/100 brn\n|\n|-damage|p1a: Blissey|49\/100 tox|[from] psn\n|-damage|p2a: Amoonguss|59\/100 brn|[from] brn\n|upkeep\n|turn|137\n|\n|t:|1698913328\n|move|p1a: Blissey|Soft-Boiled|p1a: Blissey\n|-heal|p1a: Blissey|99\/100 tox\n|move|p2a: Amoonguss|Synthesis|p2a: Amoonguss\n|-heal|p2a: Amoonguss|100\/100 brn\n|\n|-damage|p1a: Blissey|81\/100 tox|[from] psn\n|-damage|p2a: Amoonguss|94\/100 brn|[from] brn\n|upkeep\n|turn|138\n|\n|t:|1698913334\n|-curestatus|p1a: Blissey|tox|[from] ability: Natural Cure\n|switch|p1a: Alomomola|Alomomola, M|100\/100\n|move|p2a: Amoonguss|Giga Drain|p1a: Alomomola\n|-supereffective|p1a: Alomomola\n|-crit|p1a: Alomomola\n|-damage|p1a: Alomomola|26\/100\n|-heal|p2a: Amoonguss|100\/100 brn|[from] drain|[of] p1a: Alomomola\n|\n|-damage|p2a: Amoonguss|94\/100 brn|[from] brn\n|upkeep\n|turn|139\n|\n|t:|1698913340\n|move|p1a: Alomomola|Protect|p1a: Alomomola\n|-singleturn|p1a: Alomomola|Protect\n|move|p2a: Amoonguss|Giga Drain|p1a: Alomomola\n|-activate|p1a: Alomomola|move: Protect\n|\n|-damage|p2a: Amoonguss|88\/100 brn|[from] brn\n|upkeep\n|turn|140\n|\n|t:|1698913347\n|switch|p1a: Blissey|Blissey, F, tera:Ghost|81\/100\n|move|p2a: Amoonguss|Toxic|p1a: Blissey\n|-status|p1a: Blissey|tox\n|\n|-damage|p1a: Blissey|74\/100 tox|[from] psn\n|-damage|p2a: Amoonguss|82\/100 brn|[from] brn\n|upkeep\n|turn|141\n|\n|t:|1698913356\n|move|p1a: Blissey|Heal Bell|p1a: Blissey\n|-activate|p1a: Blissey|move: Heal Bell\n|-curestatus|p1a: Blissey|tox|[msg]\n|move|p2a: Amoonguss|Giga Drain|p1a: Blissey\n|-damage|p1a: Blissey|67\/100\n|-heal|p2a: Amoonguss|87\/100 brn|[from] drain|[of] p1a: Blissey\n|\n|-damage|p2a: Amoonguss|81\/100 brn|[from] brn\n|upkeep\n|turn|142\n|\n|t:|1698913360\n|move|p1a: Blissey|Seismic Toss|p2a: Amoonguss\n|-damage|p2a: Amoonguss|58\/100 brn\n|-damage|p1a: Blissey|51\/100|[from] item: Rocky Helmet|[of] p2a: Amoonguss\n|move|p2a: Amoonguss|Toxic|p1a: Blissey\n|-status|p1a: Blissey|tox\n|\n|-damage|p1a: Blissey|45\/100 tox|[from] psn\n|-damage|p2a: Amoonguss|51\/100 brn|[from] brn\n|upkeep\n|turn|143\n|\n|t:|1698913364\n|move|p1a: Blissey|Heal Bell|p1a: Blissey\n|-activate|p1a: Blissey|move: Heal Bell\n|-curestatus|p1a: Blissey|tox|[msg]\n|move|p2a: Amoonguss|Synthesis|p2a: Amoonguss\n|-heal|p2a: Amoonguss|100\/100 brn\n|\n|-damage|p2a: Amoonguss|94\/100 brn|[from] brn\n|upkeep\n|turn|144\n|\n|t:|1698913371\n|move|p1a: Blissey|Soft-Boiled|p1a: Blissey\n|-heal|p1a: Blissey|95\/100\n|move|p2a: Amoonguss|Toxic|p1a: Blissey\n|-status|p1a: Blissey|tox\n|\n|-damage|p1a: Blissey|89\/100 tox|[from] psn\n|-damage|p2a: Amoonguss|88\/100 brn|[from] brn\n|upkeep\n|turn|145\n|\n|t:|1698913377\n|-curestatus|p1a: Blissey|tox|[from] ability: Natural Cure\n|switch|p1a: Alomomola|Alomomola, M|60\/100\n|move|p2a: Amoonguss|Giga Drain|p1a: Alomomola\n|-supereffective|p1a: Alomomola\n|-damage|p1a: Alomomola|6\/100\n|-heal|p2a: Amoonguss|100\/100 brn|[from] drain|[of] p1a: Alomomola\n|\n|-damage|p2a: Amoonguss|94\/100 brn|[from] brn\n|upkeep\n|turn|146\n|\n|t:|1698913385\n|switch|p1a: Blissey|Blissey, F, tera:Ghost|89\/100\n|move|p2a: Amoonguss|Giga Drain|p1a: Blissey\n|-damage|p1a: Blissey|80\/100\n|-heal|p2a: Amoonguss|100\/100 brn|[from] drain|[of] p1a: Blissey\n|\n|-damage|p2a: Amoonguss|94\/100 brn|[from] brn\n|upkeep\n|turn|147\n|\n|t:|1698913394\n|move|p1a: Blissey|Thunder Wave||[still]\n|-fail|p1a: Blissey\n|move|p2a: Amoonguss|Giga Drain|p1a: Blissey\n|-crit|p1a: Blissey\n|-damage|p1a: Blissey|69\/100\n|-heal|p2a: Amoonguss|100\/100 brn|[from] drain|[of] p1a: Blissey\n|\n|-damage|p2a: Amoonguss|94\/100 brn|[from] brn\n|upkeep\n|turn|148\n|\n|t:|1698913398\n|switch|p1a: Alomomola|Alomomola, M|39\/100\n|move|p2a: Amoonguss|Toxic|p1a: Alomomola\n|-status|p1a: Alomomola|tox\n|\n|-damage|p1a: Alomomola|33\/100 tox|[from] psn\n|-damage|p2a: Amoonguss|88\/100 brn|[from] brn\n|upkeep\n|turn|149\n|\n|t:|1698913406\n|switch|p1a: Blissey|Blissey, F, tera:Ghost|69\/100\n|move|p2a: Amoonguss|Spore|p1a: Blissey\n|-status|p1a: Blissey|slp|[from] move: Spore\n|\n|-damage|p2a: Amoonguss|82\/100 brn|[from] brn\n|upkeep\n|turn|150\n|\n|t:|1698913421\n|cant|p1a: Blissey|slp\n|move|p2a: Amoonguss|Spore|p1a: Blissey\n|-fail|p1a: Blissey|slp\n|\n|-damage|p2a: Amoonguss|75\/100 brn|[from] brn\n|upkeep\n|turn|151\n|\n|t:|1698913429\n|cant|p1a: Blissey|slp\n|move|p2a: Amoonguss|Spore|p1a: Blissey\n|-fail|p1a: Blissey|slp\n|\n|-damage|p2a: Amoonguss|69\/100 brn|[from] brn\n|upkeep\n|turn|152\n|\n|t:|1698913435\n|-curestatus|p1a: Blissey|slp|[msg]\n|move|p1a: Blissey|Thunder Wave||[still]\n|-fail|p1a: Blissey\n|move|p2a: Amoonguss|Toxic|p1a: Blissey\n|-status|p1a: Blissey|tox\n|\n|-damage|p1a: Blissey|63\/100 tox|[from] psn\n|-damage|p2a: Amoonguss|63\/100 brn|[from] brn\n|upkeep\n|turn|153\n|\n|t:|1698913450\n|move|p1a: Blissey|Heal Bell|p1a: Blissey\n|-activate|p1a: Blissey|move: Heal Bell\n|-curestatus|p1a: Blissey|tox|[msg]\n|-curestatus|p1: Alomomola|tox|[msg]\n|move|p2a: Amoonguss|Giga Drain|p1a: Blissey\n|-damage|p1a: Blissey|55\/100\n|-heal|p2a: Amoonguss|69\/100 brn|[from] drain|[of] p1a: Blissey\n|\n|-damage|p2a: Amoonguss|63\/100 brn|[from] brn\n|upkeep\n|turn|154\n|\n|t:|1698913461\n|switch|p1a: Alomomola|Alomomola, M|66\/100\n|move|p2a: Amoonguss|Giga Drain|p1a: Alomomola\n|-supereffective|p1a: Alomomola\n|-damage|p1a: Alomomola|12\/100\n|-heal|p2a: Amoonguss|96\/100 brn|[from] drain|[of] p1a: Alomomola\n|\n|-damage|p2a: Amoonguss|90\/100 brn|[from] brn\n|upkeep\n|turn|155\n|\n|t:|1698913467\n|switch|p1a: Blissey|Blissey, F, tera:Ghost|55\/100\n|move|p2a: Amoonguss|Toxic|p1a: Blissey\n|-status|p1a: Blissey|tox\n|\n|-damage|p1a: Blissey|49\/100 tox|[from] psn\n|-damage|p2a: Amoonguss|84\/100 brn|[from] brn\n|upkeep\n|turn|156\n|\n|t:|1698913475\n|move|p1a: Blissey|Soft-Boiled|p1a: Blissey\n|-heal|p1a: Blissey|99\/100 tox\n|move|p2a: Amoonguss|Giga Drain|p1a: Blissey\n|-damage|p1a: Blissey|91\/100 tox\n|-heal|p2a: Amoonguss|90\/100 brn|[from] drain|[of] p1a: Blissey\n|\n|-damage|p1a: Blissey|79\/100 tox|[from] psn\n|-damage|p2a: Amoonguss|83\/100 brn|[from] brn\n|upkeep\n|turn|157\n|\n|t:|1698913481\n|move|p1a: Blissey|Thunder Wave||[still]\n|-fail|p1a: Blissey\n|move|p2a: Amoonguss|Spore||[still]\n|-fail|p2a: Amoonguss\n|\n|-damage|p1a: Blissey|60\/100 tox|[from] psn\n|-damage|p2a: Amoonguss|77\/100 brn|[from] brn\n|upkeep\n|turn|158\n|\n|t:|1698913491\n|move|p1a: Blissey|Thunder Wave||[still]\n|-fail|p1a: Blissey\n|move|p2a: Amoonguss|Giga Drain|p1a: Blissey\n|-damage|p1a: Blissey|53\/100 tox\n|-heal|p2a: Amoonguss|82\/100 brn|[from] drain|[of] p1a: Blissey\n|\n|-damage|p1a: Blissey|29\/100 tox|[from] psn\n|-damage|p2a: Amoonguss|76\/100 brn|[from] brn\n|upkeep\n|turn|159\n|\n|t:|1698913497\n|move|p1a: Blissey|Soft-Boiled|p1a: Blissey\n|-heal|p1a: Blissey|79\/100 tox\n|move|p2a: Amoonguss|Giga Drain|p1a: Blissey\n|-damage|p1a: Blissey|71\/100 tox\n|-heal|p2a: Amoonguss|82\/100 brn|[from] drain|[of] p1a: Blissey\n|\n|-damage|p1a: Blissey|41\/100 tox|[from] psn\n|-damage|p2a: Amoonguss|75\/100 brn|[from] brn\n|upkeep\n|turn|160\n|\n|t:|1698913502\n|move|p1a: Blissey|Heal Bell|p1a: Blissey\n|-activate|p1a: Blissey|move: Heal Bell\n|-curestatus|p1a: Blissey|tox|[msg]\n|move|p2a: Amoonguss|Giga Drain|p1a: Blissey\n|-damage|p1a: Blissey|32\/100\n|-heal|p2a: Amoonguss|82\/100 brn|[from] drain|[of] p1a: Blissey\n|\n|-damage|p2a: Amoonguss|75\/100 brn|[from] brn\n|upkeep\n|turn|161\n|\n|t:|1698913508\n|switch|p1a: Alomomola|Alomomola, M|46\/100\n|move|p2a: Amoonguss|Toxic|p1a: Alomomola\n|-status|p1a: Alomomola|tox\n|\n|-damage|p1a: Alomomola|39\/100 tox|[from] psn\n|-damage|p2a: Amoonguss|69\/100 brn|[from] brn\n|upkeep\n|turn|162\n|\n|t:|1698913514\n|switch|p1a: Blissey|Blissey, F, tera:Ghost|32\/100\n|move|p2a: Amoonguss|Spore|p1a: Blissey\n|-status|p1a: Blissey|slp|[from] move: Spore\n|\n|-damage|p2a: Amoonguss|63\/100 brn|[from] brn\n|upkeep\n|turn|163\n|\n|t:|1698913541\n|cant|p1a: Blissey|slp\n|move|p2a: Amoonguss|Synthesis|p2a: Amoonguss\n|-heal|p2a: Amoonguss|100\/100 brn\n|\n|-damage|p2a: Amoonguss|94\/100 brn|[from] brn\n|upkeep\n|turn|164\n|\n|t:|1698913546\n|cant|p1a: Blissey|slp\n|move|p2a: Amoonguss|Spore|p1a: Blissey\n|-fail|p1a: Blissey|slp\n|\n|-damage|p2a: Amoonguss|88\/100 brn|[from] brn\n|upkeep\n|turn|165\n|\n|t:|1698913551\n|-curestatus|p1a: Blissey|slp|[msg]\n|move|p1a: Blissey|Thunder Wave||[still]\n|-fail|p1a: Blissey\n|move|p2a: Amoonguss|Spore|p1a: Blissey\n|-status|p1a: Blissey|slp|[from] move: Spore\n|\n|-damage|p2a: Amoonguss|82\/100 brn|[from] brn\n|upkeep\n|turn|166\n|\n|t:|1698913554\n|cant|p1a: Blissey|slp\n|move|p2a: Amoonguss|Spore|p1a: Blissey\n|-fail|p1a: Blissey|slp\n|\n|-damage|p2a: Amoonguss|75\/100 brn|[from] brn\n|upkeep\n|turn|167\n|\n|t:|1698913558\n|-curestatus|p1a: Blissey|slp|[msg]\n|move|p1a: Blissey|Thunder Wave||[still]\n|-fail|p1a: Blissey\n|move|p2a: Amoonguss|Spore|p1a: Blissey\n|-status|p1a: Blissey|slp|[from] move: Spore\n|\n|-damage|p2a: Amoonguss|69\/100 brn|[from] brn\n|upkeep\n|turn|168\n|\n|t:|1698913560\n|cant|p1a: Blissey|slp\n|move|p2a: Amoonguss|Spore|p1a: Blissey\n|-fail|p1a: Blissey|slp\n|\n|-damage|p2a: Amoonguss|63\/100 brn|[from] brn\n|upkeep\n|turn|169\n|\n|t:|1698913568\n|cant|p1a: Blissey|slp\n|move|p2a: Amoonguss|Toxic||[still]\n|-fail|p2a: Amoonguss\n|\n|-damage|p2a: Amoonguss|57\/100 brn|[from] brn\n|upkeep\n|turn|170\n|\n|t:|1698913572\n|-curestatus|p1a: Blissey|slp|[msg]\n|move|p1a: Blissey|Thunder Wave||[still]\n|-fail|p1a: Blissey\n|move|p2a: Amoonguss|Toxic|p1a: Blissey\n|-status|p1a: Blissey|tox\n|\n|-damage|p1a: Blissey|26\/100 tox|[from] psn\n|-damage|p2a: Amoonguss|50\/100 brn|[from] brn\n|upkeep\n|turn|171\n|\n|t:|1698913575\n|-curestatus|p1a: Blissey|tox|[from] ability: Natural Cure\n|switch|p1a: Alomomola|Alomomola, M|73\/100 tox\n|move|p2a: Amoonguss|Synthesis|p2a: Amoonguss\n|-heal|p2a: Amoonguss|100\/100 brn\n|\n|-damage|p1a: Alomomola|67\/100 tox|[from] psn\n|-damage|p2a: Amoonguss|94\/100 brn|[from] brn\n|upkeep\n|turn|172\n|\n|t:|1698913582\n|switch|p1a: Blissey|Blissey, F, tera:Ghost|26\/100\n|move|p2a: Amoonguss|Toxic|p1a: Blissey\n|-status|p1a: Blissey|tox\n|\n|-damage|p1a: Blissey|20\/100 tox|[from] psn\n|-damage|p2a: Amoonguss|88\/100 brn|[from] brn\n|upkeep\n|turn|173\n|\n|t:|1698913587\n|-curestatus|p1a: Blissey|tox|[from] ability: Natural Cure\n|switch|p1a: Alomomola|Alomomola, M|99\/100 tox\n|move|p2a: Amoonguss|Spore||[still]\n|-fail|p2a: Amoonguss\n|\n|-damage|p1a: Alomomola|94\/100 tox|[from] psn\n|-damage|p2a: Amoonguss|82\/100 brn|[from] brn\n|upkeep\n|turn|174\n|\n|t:|1698913590\n|move|p1a: Alomomola|Wish|p1a: Alomomola\n|move|p2a: Amoonguss|Spore||[still]\n|-fail|p2a: Amoonguss\n|\n|-damage|p1a: Alomomola|81\/100 tox|[from] psn\n|-damage|p2a: Amoonguss|75\/100 brn|[from] brn\n|upkeep\n|turn|175\n|\n|t:|1698913593\n|switch|p1a: Blissey|Blissey, F, tera:Ghost|20\/100\n|move|p2a: Amoonguss|Toxic|p1a: Blissey\n|-status|p1a: Blissey|tox\n|\n|-heal|p1a: Blissey|61\/100 tox|[from] move: Wish|[wisher] Alomomola\n|-damage|p1a: Blissey|55\/100 tox|[from] psn\n|-damage|p2a: Amoonguss|69\/100 brn|[from] brn\n|upkeep\n|turn|176\n|\n|t:|1698913599\n|-curestatus|p1a: Blissey|tox|[from] ability: Natural Cure\n|switch|p1a: Alomomola|Alomomola, M|100\/100 tox\n|move|p2a: Amoonguss|Spore||[still]\n|-fail|p2a: Amoonguss\n|\n|-damage|p1a: Alomomola|94\/100 tox|[from] psn\n|-damage|p2a: Amoonguss|63\/100 brn|[from] brn\n|upkeep\n|turn|177\n|\n|t:|1698913603\n|move|p1a: Alomomola|Wish|p1a: Alomomola\n|move|p2a: Amoonguss|Spore||[still]\n|-fail|p2a: Amoonguss\n|\n|-damage|p1a: Alomomola|82\/100 tox|[from] psn\n|-damage|p2a: Amoonguss|57\/100 brn|[from] brn\n|upkeep\n|turn|178\n|\n|t:|1698913606\n|switch|p1a: Blissey|Blissey, F, tera:Ghost|55\/100\n|move|p2a: Amoonguss|Spore|p1a: Blissey\n|-status|p1a: Blissey|slp|[from] move: Spore\n|\n|-heal|p1a: Blissey|96\/100 slp|[from] move: Wish|[wisher] Alomomola\n|-damage|p2a: Amoonguss|50\/100 brn|[from] brn\n|upkeep\n|turn|179\n|\n|t:|1698913611\n|-curestatus|p1a: Blissey|slp|[from] ability: Natural Cure\n|switch|p1a: Alomomola|Alomomola, M|100\/100 tox\n|move|p2a: Amoonguss|Spore||[still]\n|-fail|p2a: Amoonguss\n|\n|-damage|p1a: Alomomola|94\/100 tox|[from] psn\n|-damage|p2a: Amoonguss|44\/100 brn|[from] brn\n|upkeep\n|turn|180\n|\n|t:|1698913615\n|switch|p1a: Blissey|Blissey, F, tera:Ghost|96\/100\n|move|p2a: Amoonguss|Spore|p1a: Blissey\n|-status|p1a: Blissey|slp|[from] move: Spore\n|\n|-damage|p2a: Amoonguss|38\/100 brn|[from] brn\n|upkeep\n|turn|181\n|\n|t:|1698913617\n|-curestatus|p1a: Blissey|slp|[from] ability: Natural Cure\n|switch|p1a: Alomomola|Alomomola, M|100\/100 tox\n|move|p2a: Amoonguss|Spore||[still]\n|-fail|p2a: Amoonguss\n|\n|-damage|p1a: Alomomola|94\/100 tox|[from] psn\n|-damage|p2a: Amoonguss|32\/100 brn|[from] brn\n|upkeep\n|turn|182\n|\n|t:|1698913619\n|switch|p1a: Blissey|Blissey, F, tera:Ghost|96\/100\n|move|p2a: Amoonguss|Synthesis|p2a: Amoonguss\n|-heal|p2a: Amoonguss|82\/100 brn\n|\n|-damage|p2a: Amoonguss|75\/100 brn|[from] brn\n|upkeep\n|turn|183\n|\n|t:|1698913623\n|switch|p1a: Alomomola|Alomomola, M|100\/100 tox\n|move|p2a: Amoonguss|Spore||[still]\n|-fail|p2a: Amoonguss\n|\n|-damage|p1a: Alomomola|94\/100 tox|[from] psn\n|-damage|p2a: Amoonguss|69\/100 brn|[from] brn\n|upkeep\n|turn|184\n|\n|t:|1698913625\n|switch|p1a: Blissey|Blissey, F, tera:Ghost|96\/100\n|move|p2a: Amoonguss|Spore|p1a: Blissey\n|-status|p1a: Blissey|slp|[from] move: Spore\n|\n|-damage|p2a: Amoonguss|63\/100 brn|[from] brn\n|upkeep\n|turn|185\n|\n|t:|1698913627\n|-curestatus|p1a: Blissey|slp|[from] ability: Natural Cure\n|switch|p1a: Alomomola|Alomomola, M|100\/100 tox\n|move|p2a: Amoonguss|Spore||[still]\n|-fail|p2a: Amoonguss\n|\n|-damage|p1a: Alomomola|94\/100 tox|[from] psn\n|-damage|p2a: Amoonguss|57\/100 brn|[from] brn\n|upkeep\n|turn|186\n|\n|t:|1698913629\n|switch|p1a: Blissey|Blissey, F, tera:Ghost|96\/100\n|move|p2a: Amoonguss|Synthesis|p2a: Amoonguss\n|-heal|p2a: Amoonguss|100\/100 brn\n|\n|-damage|p2a: Amoonguss|94\/100 brn|[from] brn\n|upkeep\n|turn|187\n|\n|t:|1698913633\n|switch|p1a: Alomomola|Alomomola, M|100\/100 tox\n|move|p2a: Amoonguss|Synthesis|p2a: Amoonguss\n|-heal|p2a: Amoonguss|100\/100 brn\n|\n|-damage|p1a: Alomomola|94\/100 tox|[from] psn\n|-damage|p2a: Amoonguss|94\/100 brn|[from] brn\n|upkeep\n|turn|188\n|\n|t:|1698913644\n|switch|p1a: Blissey|Blissey, F, tera:Ghost|96\/100\n|switch|p2a: Magearna|Magearna|71\/100 par\n|-damage|p2a: Magearna|46\/100 par|[from] Spikes\n|\n|-heal|p2a: Magearna|52\/100 par|[from] item: Leftovers\n|upkeep\n|turn|189\n|\n|t:|1698913652\n|move|p1a: Blissey|Seismic Toss|p2a: Magearna\n|-damage|p2a: Magearna|24\/100 par\n|move|p2a: Magearna|Draining Kiss|p1a: Blissey\n|-damage|p1a: Blissey|88\/100\n|-heal|p2a: Magearna|35\/100 par|[from] drain|[of] p1a: Blissey\n|\n|-heal|p2a: Magearna|41\/100 par|[from] item: Leftovers\n|upkeep\n|turn|190\n|\n|t:|1698913661\n|move|p1a: Blissey|Seismic Toss|p2a: Magearna\n|-damage|p2a: Magearna|13\/100 par\n|move|p2a: Magearna|Draining Kiss|p1a: Blissey\n|-damage|p1a: Blissey|81\/100\n|-heal|p2a: Magearna|23\/100 par|[from] drain|[of] p1a: Blissey\n|\n|-heal|p2a: Magearna|29\/100 par|[from] item: Leftovers\n|upkeep\n|turn|191\n|\n|t:|1698913668\n|move|p1a: Blissey|Seismic Toss|p2a: Magearna\n|-damage|p2a: Magearna|1\/100 par\n|cant|p2a: Magearna|par\n|\n|-heal|p2a: Magearna|7\/100 par|[from] item: Leftovers\n|upkeep\n|turn|192\n|\n|t:|1698913672\n|switch|p2a: Amoonguss|Amoonguss, F|100\/100 brn\n|-damage|p2a: Amoonguss|75\/100 brn|[from] Spikes\n|move|p1a: Blissey|Seismic Toss|p2a: Amoonguss\n|-damage|p2a: Amoonguss|52\/100 brn\n|-damage|p1a: Blissey|65\/100|[from] item: Rocky Helmet|[of] p2a: Amoonguss\n|\n|-damage|p2a: Amoonguss|46\/100 brn|[from] brn\n|upkeep\n|turn|193\n|\n|t:|1698913675\n|switch|p1a: Alomomola|Alomomola, M|100\/100 tox\n|-activate|p2a: Amoonguss|move: Struggle\n|move|p2a: Amoonguss|Struggle|p1a: Alomomola\n|-damage|p1a: Alomomola|98\/100 tox\n|-damage|p2a: Amoonguss|21\/100 brn|[from] recoil\n|\n|-damage|p1a: Alomomola|92\/100 tox|[from] psn\n|-damage|p2a: Amoonguss|15\/100 brn|[from] brn\n|upkeep\n|turn|194\n|\n|t:|1698913679\n|switch|p1a: Blissey|Blissey, F, tera:Ghost|65\/100\n|switch|p2a: Magearna|Magearna|7\/100 par\n|-damage|p2a: Magearna|0 fnt|[from] Spikes\n|faint|p2a: Magearna\n|\n|upkeep\n|\n|t:|1698913682\n|switch|p2a: Quagsire|Quagsire, M|80\/100 brn\n|-damage|p2a: Quagsire|56\/100 brn|[from] Spikes\n|turn|195\n|\n|t:|1698913689\n|move|p1a: Blissey|Seismic Toss|p2a: Quagsire\n|-damage|p2a: Quagsire|30\/100 brn\n|move|p2a: Quagsire|Toxic|p1a: Blissey\n|-status|p1a: Blissey|tox\n|\n|-heal|p2a: Quagsire|36\/100 brn|[from] item: Leftovers\n|-damage|p1a: Blissey|59\/100 tox|[from] psn\n|-damage|p2a: Quagsire|30\/100 brn|[from] brn\n|upkeep\n|turn|196\n|\n|t:|1698913693\n|move|p1a: Blissey|Seismic Toss|p2a: Quagsire\n|-damage|p2a: Quagsire|5\/100 brn\n|move|p2a: Quagsire|Recover|p2a: Quagsire\n|-heal|p2a: Quagsire|55\/100 brn\n|\n|-heal|p2a: Quagsire|61\/100 brn|[from] item: Leftovers\n|-damage|p1a: Blissey|46\/100 tox|[from] psn\n|-damage|p2a: Quagsire|55\/100 brn|[from] brn\n|upkeep\n|turn|197\n|\n|t:|1698913696\n|-curestatus|p1a: Blissey|tox|[from] ability: Natural Cure\n|switch|p1a: Alomomola|Alomomola, M|100\/100 tox\n|move|p2a: Quagsire|Recover|p2a: Quagsire\n|-heal|p2a: Quagsire|100\/100 brn\n|\n|-damage|p1a: Alomomola|94\/100 tox|[from] psn\n|-damage|p2a: Quagsire|94\/100 brn|[from] brn\n|upkeep\n|turn|198\n|\n|t:|1698913698\n|switch|p1a: Blissey|Blissey, F, tera:Ghost|46\/100\n|move|p2a: Quagsire|Earthquake|p1a: Blissey\n|-damage|p1a: Blissey|32\/100\n|\n|-heal|p2a: Quagsire|100\/100 brn|[from] item: Leftovers\n|-damage|p2a: Quagsire|94\/100 brn|[from] brn\n|upkeep\n|turn|199\n|\n|t:|1698913702\n|switch|p1a: Alomomola|Alomomola, M|100\/100 tox\n|move|p2a: Quagsire|Toxic|p1a: Alomomola\n|-fail|p1a: Alomomola|tox\n|\n|-heal|p2a: Quagsire|100\/100 brn|[from] item: Leftovers\n|-damage|p1a: Alomomola|94\/100 tox|[from] psn\n|-damage|p2a: Quagsire|94\/100 brn|[from] brn\n|upkeep\n|turn|200\n|\n|t:|1698913706\n|move|p1a: Alomomola|Wish|p1a: Alomomola\n|move|p2a: Quagsire|Toxic|p1a: Alomomola\n|-fail|p1a: Alomomola|tox\n|\n|-heal|p2a: Quagsire|100\/100 brn|[from] item: Leftovers\n|-damage|p1a: Alomomola|82\/100 tox|[from] psn\n|-damage|p2a: Quagsire|94\/100 brn|[from] brn\n|upkeep\n|turn|201\n|\n|t:|1698913708\n|switch|p1a: Blissey|Blissey, F, tera:Ghost|32\/100\n|move|p2a: Quagsire|Toxic|p1a: Blissey\n|-status|p1a: Blissey|tox\n|\n|-heal|p1a: Blissey|73\/100 tox|[from] move: Wish|[wisher] Alomomola\n|-heal|p2a: Quagsire|100\/100 brn|[from] item: Leftovers\n|-damage|p1a: Blissey|67\/100 tox|[from] psn\n|-damage|p2a: Quagsire|94\/100 brn|[from] brn\n|upkeep\n|turn|202\n|\n|t:|1698913715\n|-curestatus|p1a: Blissey|tox|[from] ability: Natural Cure\n|switch|p1a: Alomomola|Alomomola, M|100\/100 tox\n|move|p2a: Quagsire|Earthquake|p1a: Alomomola\n|-damage|p1a: Alomomola|92\/100 tox\n|\n|-heal|p2a: Quagsire|100\/100 brn|[from] item: Leftovers\n|-damage|p1a: Alomomola|86\/100 tox|[from] psn\n|-damage|p2a: Quagsire|94\/100 brn|[from] brn\n|upkeep\n|turn|203\n|\n|t:|1698913720\n|switch|p1a: Blissey|Blissey, F, tera:Ghost|67\/100\n|move|p2a: Quagsire|Toxic Spikes|p1a: Blissey\n|-sidestart|p1: a bit moody|move: Toxic Spikes\n|\n|-heal|p2a: Quagsire|100\/100 brn|[from] item: Leftovers\n|-damage|p2a: Quagsire|94\/100 brn|[from] brn\n|upkeep\n|turn|204\n|\n|t:|1698913724\n|switch|p1a: Alomomola|Alomomola, M|100\/100 tox\n|move|p2a: Quagsire|Toxic|p1a: Alomomola\n|-fail|p1a: Alomomola|tox\n|\n|-heal|p2a: Quagsire|100\/100 brn|[from] item: Leftovers\n|-damage|p1a: Alomomola|94\/100 tox|[from] psn\n|-damage|p2a: Quagsire|94\/100 brn|[from] brn\n|upkeep\n|turn|205\n|\n|t:|1698913728\n|switch|p1a: Blissey|Blissey, F, tera:Ghost|67\/100\n|move|p2a: Quagsire|Toxic|p1a: Blissey\n|-status|p1a: Blissey|tox\n|\n|-heal|p2a: Quagsire|100\/100 brn|[from] item: Leftovers\n|-damage|p1a: Blissey|61\/100 tox|[from] psn\n|-damage|p2a: Quagsire|94\/100 brn|[from] brn\n|upkeep\n|turn|206\n|\n|t:|1698913733\n|-curestatus|p1a: Blissey|tox|[from] ability: Natural Cure\n|switch|p1a: Alomomola|Alomomola, M|100\/100 tox\n|move|p2a: Quagsire|Toxic Spikes|p1a: Alomomola\n|-sidestart|p1: a bit moody|move: Toxic Spikes\n|\n|-heal|p2a: Quagsire|100\/100 brn|[from] item: Leftovers\n|-damage|p1a: Alomomola|94\/100 tox|[from] psn\n|-damage|p2a: Quagsire|94\/100 brn|[from] brn\n|upkeep\n|turn|207\n|\n|t:|1698913739\n|switch|p1a: Blissey|Blissey, F, tera:Ghost|61\/100\n|move|p2a: Quagsire|Earthquake|p1a: Blissey\n|-damage|p1a: Blissey|46\/100\n|\n|-heal|p2a: Quagsire|100\/100 brn|[from] item: Leftovers\n|-damage|p2a: Quagsire|94\/100 brn|[from] brn\n|upkeep\n|turn|208\n|\n|t:|1698913746\n|switch|p1a: Alomomola|Alomomola, M|100\/100 tox\n|move|p2a: Quagsire|Toxic Spikes||[still]\n|-fail|p2a: Quagsire\n|\n|-heal|p2a: Quagsire|100\/100 brn|[from] item: Leftovers\n|-damage|p1a: Alomomola|94\/100 tox|[from] psn\n|-damage|p2a: Quagsire|94\/100 brn|[from] brn\n|upkeep\n|turn|209\n|\n|t:|1698913751\n|move|p1a: Alomomola|Scald|p2a: Quagsire\n|-damage|p2a: Quagsire|77\/100 brn\n|move|p2a: Quagsire|Earthquake|p1a: Alomomola\n|-damage|p1a: Alomomola|86\/100 tox\n|\n|-heal|p2a: Quagsire|83\/100 brn|[from] item: Leftovers\n|-damage|p1a: Alomomola|74\/100 tox|[from] psn\n|-damage|p2a: Quagsire|77\/100 brn|[from] brn\n|upkeep\n|turn|210\n|\n|t:|1698913762\n|switch|p1a: Blissey|Blissey, F, tera:Ghost|46\/100\n|move|p2a: Quagsire|Earthquake|p1a: Blissey\n|-damage|p1a: Blissey|31\/100\n|\n|-heal|p2a: Quagsire|83\/100 brn|[from] item: Leftovers\n|-damage|p2a: Quagsire|77\/100 brn|[from] brn\n|upkeep\n|turn|211\n|\n|t:|1698913783\n|switch|p1a: Alomomola|Alomomola, M|100\/100 tox\n|move|p2a: Quagsire|Earthquake|p1a: Alomomola\n|-damage|p1a: Alomomola|92\/100 tox\n|\n|-heal|p2a: Quagsire|83\/100 brn|[from] item: Leftovers\n|-damage|p1a: Alomomola|86\/100 tox|[from] psn\n|-damage|p2a: Quagsire|77\/100 brn|[from] brn\n|upkeep\n|turn|212\n|\n|t:|1698913788\n|move|p1a: Alomomola|Wish|p1a: Alomomola\n|move|p2a: Quagsire|Toxic Spikes||[still]\n|-fail|p2a: Quagsire\n|\n|-heal|p2a: Quagsire|83\/100 brn|[from] item: Leftovers\n|-damage|p1a: Alomomola|74\/100 tox|[from] psn\n|-damage|p2a: Quagsire|77\/100 brn|[from] brn\n|upkeep\n|turn|213\n|\n|t:|1698913792\n|move|p1a: Alomomola|Flip Turn|p2a: Quagsire\n|-damage|p2a: Quagsire|67\/100 brn\n|\n|t:|1698913796\n|switch|p1a: Blissey|Blissey, F, tera:Ghost|31\/100|[from] Flip Turn\n|move|p2a: Quagsire|Toxic|p1a: Blissey\n|-status|p1a: Blissey|tox\n|\n|-heal|p1a: Blissey|72\/100 tox|[from] move: Wish|[wisher] Alomomola\n|-heal|p2a: Quagsire|73\/100 brn|[from] item: Leftovers\n|-damage|p1a: Blissey|66\/100 tox|[from] psn\n|-damage|p2a: Quagsire|67\/100 brn|[from] brn\n|upkeep\n|turn|214\n|\n|t:|1698913803\n|-curestatus|p1a: Blissey|tox|[from] ability: Natural Cure\n|switch|p1a: Alomomola|Alomomola, M|100\/100 tox\n|move|p2a: Quagsire|Toxic Spikes||[still]\n|-fail|p2a: Quagsire\n|\n|-heal|p2a: Quagsire|73\/100 brn|[from] item: Leftovers\n|-damage|p1a: Alomomola|94\/100 tox|[from] psn\n|-damage|p2a: Quagsire|67\/100 brn|[from] brn\n|upkeep\n|turn|215\n|\n|t:|1698913809\n|switch|p1a: Blissey|Blissey, F, tera:Ghost|66\/100\n|move|p2a: Quagsire|Toxic Spikes||[still]\n|-fail|p2a: Quagsire\n|\n|-heal|p2a: Quagsire|73\/100 brn|[from] item: Leftovers\n|-damage|p2a: Quagsire|67\/100 brn|[from] brn\n|upkeep\n|turn|216\n|\n|t:|1698913825\n|switch|p1a: Alomomola|Alomomola, M|100\/100 tox\n|move|p2a: Quagsire|Toxic Spikes||[still]\n|-fail|p2a: Quagsire\n|\n|-heal|p2a: Quagsire|73\/100 brn|[from] item: Leftovers\n|-damage|p1a: Alomomola|94\/100 tox|[from] psn\n|-damage|p2a: Quagsire|67\/100 brn|[from] brn\n|upkeep\n|turn|217\n|\n|t:|1698913828\n|switch|p1a: Blissey|Blissey, F, tera:Ghost|66\/100\n|move|p2a: Quagsire|Toxic|p1a: Blissey\n|-status|p1a: Blissey|tox\n|\n|-heal|p2a: Quagsire|73\/100 brn|[from] item: Leftovers\n|-damage|p1a: Blissey|59\/100 tox|[from] psn\n|-damage|p2a: Quagsire|67\/100 brn|[from] brn\n|upkeep\n|turn|218\n|\n|t:|1698913833\n|-curestatus|p1a: Blissey|tox|[from] ability: Natural Cure\n|switch|p1a: Alomomola|Alomomola, M|100\/100 tox\n|move|p2a: Quagsire|Toxic Spikes||[still]\n|-fail|p2a: Quagsire\n|\n|-heal|p2a: Quagsire|73\/100 brn|[from] item: Leftovers\n|-damage|p1a: Alomomola|94\/100 tox|[from] psn\n|-damage|p2a: Quagsire|67\/100 brn|[from] brn\n|upkeep\n|turn|219\n|\n|t:|1698913836\n|switch|p1a: Blissey|Blissey, F, tera:Ghost|59\/100\n|move|p2a: Quagsire|Earthquake|p1a: Blissey\n|-damage|p1a: Blissey|46\/100\n|\n|-heal|p2a: Quagsire|73\/100 brn|[from] item: Leftovers\n|-damage|p2a: Quagsire|67\/100 brn|[from] brn\n|upkeep\n|turn|220\n|\n|t:|1698913842\n|switch|p1a: Alomomola|Alomomola, M|100\/100 tox\n|move|p2a: Quagsire|Toxic Spikes||[still]\n|-fail|p2a: Quagsire\n|\n|-heal|p2a: Quagsire|73\/100 brn|[from] item: Leftovers\n|-damage|p1a: Alomomola|94\/100 tox|[from] psn\n|-damage|p2a: Quagsire|67\/100 brn|[from] brn\n|upkeep\n|turn|221\n|\n|t:|1698913847\n|move|p1a: Alomomola|Protect|p1a: Alomomola\n|-singleturn|p1a: Alomomola|Protect\n|move|p2a: Quagsire|Earthquake|p1a: Alomomola\n|-activate|p1a: Alomomola|move: Protect\n|\n|-heal|p2a: Quagsire|73\/100 brn|[from] item: Leftovers\n|-damage|p1a: Alomomola|82\/100 tox|[from] psn\n|-damage|p2a: Quagsire|67\/100 brn|[from] brn\n|upkeep\n|turn|222\n|\n|t:|1698913854\n|switch|p1a: Blissey|Blissey, F, tera:Ghost|46\/100\n|move|p2a: Quagsire|Toxic|p1a: Blissey|[miss]\n|-miss|p2a: Quagsire|p1a: Blissey\n|\n|-heal|p2a: Quagsire|73\/100 brn|[from] item: Leftovers\n|-damage|p2a: Quagsire|67\/100 brn|[from] brn\n|upkeep\n|turn|223\n|\n|t:|1698913859\n|switch|p1a: Alomomola|Alomomola, M|100\/100 tox\n|move|p2a: Quagsire|Toxic Spikes||[still]\n|-fail|p2a: Quagsire\n|\n|-heal|p2a: Quagsire|73\/100 brn|[from] item: Leftovers\n|-damage|p1a: Alomomola|94\/100 tox|[from] psn\n|-damage|p2a: Quagsire|67\/100 brn|[from] brn\n|upkeep\n|turn|224\n|\n|t:|1698913866\n|switch|p1a: Blissey|Blissey, F, tera:Ghost|46\/100\n|move|p2a: Quagsire|Toxic|p1a: Blissey\n|-status|p1a: Blissey|tox\n|\n|-heal|p2a: Quagsire|73\/100 brn|[from] item: Leftovers\n|-damage|p1a: Blissey|40\/100 tox|[from] psn\n|-damage|p2a: Quagsire|67\/100 brn|[from] brn\n|upkeep\n|turn|225\n|\n|t:|1698913871\n|-curestatus|p1a: Blissey|tox|[from] ability: Natural Cure\n|switch|p1a: Alomomola|Alomomola, M|100\/100 tox\n|move|p2a: Quagsire|Toxic Spikes||[still]\n|-fail|p2a: Quagsire\n|\n|-heal|p2a: Quagsire|73\/100 brn|[from] item: Leftovers\n|-damage|p1a: Alomomola|94\/100 tox|[from] psn\n|-damage|p2a: Quagsire|67\/100 brn|[from] brn\n|upkeep\n|turn|226\n|\n|t:|1698913878\n|move|p1a: Alomomola|Flip Turn|p2a: Quagsire\n|-damage|p2a: Quagsire|57\/100 brn\n|\n|t:|1698913880\n|switch|p1a: Blissey|Blissey, F, tera:Ghost|40\/100|[from] Flip Turn\n|move|p2a: Quagsire|Earthquake|p1a: Blissey\n|-damage|p1a: Blissey|27\/100\n|\n|-heal|p2a: Quagsire|63\/100 brn|[from] item: Leftovers\n|-damage|p2a: Quagsire|57\/100 brn|[from] brn\n|upkeep\n|turn|227\n|\n|t:|1698913886\n|switch|p1a: Alomomola|Alomomola, M|100\/100 tox\n|move|p2a: Quagsire|Toxic Spikes||[still]\n|-fail|p2a: Quagsire\n|\n|-heal|p2a: Quagsire|63\/100 brn|[from] item: Leftovers\n|-damage|p1a: Alomomola|94\/100 tox|[from] psn\n|-damage|p2a: Quagsire|57\/100 brn|[from] brn\n|upkeep\n|turn|228\n|\n|t:|1698913890\n|move|p1a: Alomomola|Wish|p1a: Alomomola\n|move|p2a: Quagsire|Toxic|p1a: Alomomola\n|-fail|p1a: Alomomola|tox\n|\n|-heal|p2a: Quagsire|63\/100 brn|[from] item: Leftovers\n|-damage|p1a: Alomomola|82\/100 tox|[from] psn\n|-damage|p2a: Quagsire|57\/100 brn|[from] brn\n|upkeep\n|turn|229\n|\n|t:|1698913898\n|switch|p1a: Blissey|Blissey, F, tera:Ghost|27\/100\n|move|p2a: Quagsire|Toxic|p1a: Blissey\n|-status|p1a: Blissey|tox\n|\n|-heal|p1a: Blissey|68\/100 tox|[from] move: Wish|[wisher] Alomomola\n|-heal|p2a: Quagsire|63\/100 brn|[from] item: Leftovers\n|-damage|p1a: Blissey|62\/100 tox|[from] psn\n|-damage|p2a: Quagsire|57\/100 brn|[from] brn\n|upkeep\n|turn|230\n|\n|t:|1698913905\n|-curestatus|p1a: Blissey|tox|[from] ability: Natural Cure\n|switch|p1a: Alomomola|Alomomola, M|100\/100 tox\n|move|p2a: Quagsire|Toxic Spikes||[still]\n|-fail|p2a: Quagsire\n|\n|-heal|p2a: Quagsire|63\/100 brn|[from] item: Leftovers\n|-damage|p1a: Alomomola|94\/100 tox|[from] psn\n|-damage|p2a: Quagsire|57\/100 brn|[from] brn\n|upkeep\n|turn|231\n|\n|t:|1698913913\n|switch|p1a: Blissey|Blissey, F, tera:Ghost|62\/100\n|move|p2a: Quagsire|Toxic Spikes||[still]\n|-fail|p2a: Quagsire\n|\n|-heal|p2a: Quagsire|63\/100 brn|[from] item: Leftovers\n|-damage|p2a: Quagsire|57\/100 brn|[from] brn\n|upkeep\n|turn|232\n|\n|t:|1698913918\n|switch|p1a: Alomomola|Alomomola, M|100\/100 tox\n|move|p2a: Quagsire|Toxic Spikes||[still]\n|-fail|p2a: Quagsire\n|\n|-heal|p2a: Quagsire|63\/100 brn|[from] item: Leftovers\n|-damage|p1a: Alomomola|94\/100 tox|[from] psn\n|-damage|p2a: Quagsire|57\/100 brn|[from] brn\n|upkeep\n|turn|233\n|\n|t:|1698913922\n|move|p1a: Alomomola|Protect|p1a: Alomomola\n|-singleturn|p1a: Alomomola|Protect\n|move|p2a: Quagsire|Toxic|p1a: Alomomola\n|-activate|p1a: Alomomola|move: Protect\n|\n|-heal|p2a: Quagsire|63\/100 brn|[from] item: Leftovers\n|-damage|p1a: Alomomola|82\/100 tox|[from] psn\n|-damage|p2a: Quagsire|57\/100 brn|[from] brn\n|upkeep\n|turn|234\n|\n|t:|1698913927\n|switch|p1a: Blissey|Blissey, F, tera:Ghost|62\/100\n|move|p2a: Quagsire|Earthquake|p1a: Blissey\n|-damage|p1a: Blissey|47\/100\n|\n|-heal|p2a: Quagsire|63\/100 brn|[from] item: Leftovers\n|-damage|p2a: Quagsire|57\/100 brn|[from] brn\n|upkeep\n|turn|235\n|\n|t:|1698913930\n|switch|p1a: Alomomola|Alomomola, M|100\/100 tox\n|move|p2a: Quagsire|Toxic Spikes||[still]\n|-fail|p2a: Quagsire\n|\n|-heal|p2a: Quagsire|63\/100 brn|[from] item: Leftovers\n|-damage|p1a: Alomomola|94\/100 tox|[from] psn\n|-damage|p2a: Quagsire|57\/100 brn|[from] brn\n|upkeep\n|turn|236\n|\n|t:|1698913950\n|switch|p1a: Blissey|Blissey, F, tera:Ghost|47\/100\n|move|p2a: Quagsire|Toxic Spikes||[still]\n|-fail|p2a: Quagsire\n|\n|-heal|p2a: Quagsire|63\/100 brn|[from] item: Leftovers\n|-damage|p2a: Quagsire|57\/100 brn|[from] brn\n|upkeep\n|turn|237\n|\n|t:|1698913963\n|move|p1a: Blissey|Seismic Toss|p2a: Quagsire\n|-damage|p2a: Quagsire|32\/100 brn\n|move|p2a: Quagsire|Toxic Spikes||[still]\n|-fail|p2a: Quagsire\n|\n|-heal|p2a: Quagsire|38\/100 brn|[from] item: Leftovers\n|-damage|p2a: Quagsire|32\/100 brn|[from] brn\n|upkeep\n|turn|238\n|\n|t:|1698913969\n|move|p1a: Blissey|Seismic Toss|p2a: Quagsire\n|-damage|p2a: Quagsire|7\/100 brn\n|move|p2a: Quagsire|Recover|p2a: Quagsire\n|-heal|p2a: Quagsire|57\/100 brn\n|\n|-heal|p2a: Quagsire|63\/100 brn|[from] item: Leftovers\n|-damage|p2a: Quagsire|57\/100 brn|[from] brn\n|upkeep\n|turn|239\n|\n|t:|1698913981\n|move|p1a: Blissey|Seismic Toss|p2a: Quagsire\n|-damage|p2a: Quagsire|31\/100 brn\n|move|p2a: Quagsire|Toxic|p1a: Blissey\n|-status|p1a: Blissey|tox\n|\n|-heal|p2a: Quagsire|37\/100 brn|[from] item: Leftovers\n|-damage|p1a: Blissey|41\/100 tox|[from] psn\n|-damage|p2a: Quagsire|31\/100 brn|[from] brn\n|upkeep\n|turn|240\n|\n|t:|1698913985\n|move|p1a: Blissey|Seismic Toss|p2a: Quagsire\n|-damage|p2a: Quagsire|6\/100 brn\n|move|p2a: Quagsire|Recover|p2a: Quagsire\n|-heal|p2a: Quagsire|56\/100 brn\n|\n|-heal|p2a: Quagsire|62\/100 brn|[from] item: Leftovers\n|-damage|p1a: Blissey|29\/100 tox|[from] psn\n|-damage|p2a: Quagsire|56\/100 brn|[from] brn\n|upkeep\n|turn|241\n|\n|t:|1698913989\n|-curestatus|p1a: Blissey|tox|[from] ability: Natural Cure\n|switch|p1a: Alomomola|Alomomola, M|100\/100 tox\n|move|p2a: Quagsire|Recover|p2a: Quagsire\n|-heal|p2a: Quagsire|100\/100 brn\n|\n|-damage|p1a: Alomomola|94\/100 tox|[from] psn\n|-damage|p2a: Quagsire|94\/100 brn|[from] brn\n|upkeep\n|turn|242\n|\n|t:|1698914001\n|move|p1a: Alomomola|Wish|p1a: Alomomola\n|move|p2a: Quagsire|Toxic Spikes||[still]\n|-fail|p2a: Quagsire\n|\n|-heal|p2a: Quagsire|100\/100 brn|[from] item: Leftovers\n|-damage|p1a: Alomomola|82\/100 tox|[from] psn\n|-damage|p2a: Quagsire|94\/100 brn|[from] brn\n|upkeep\n|turn|243\n|\n|t:|1698914005\n|switch|p1a: Blissey|Blissey, F, tera:Ghost|29\/100\n|move|p2a: Quagsire|Toxic|p1a: Blissey\n|-status|p1a: Blissey|tox\n|\n|-heal|p1a: Blissey|70\/100 tox|[from] move: Wish|[wisher] Alomomola\n|-heal|p2a: Quagsire|100\/100 brn|[from] item: Leftovers\n|-damage|p1a: Blissey|64\/100 tox|[from] psn\n|-damage|p2a: Quagsire|94\/100 brn|[from] brn\n|upkeep\n|turn|244\n|\n|t:|1698914015\n|-curestatus|p1a: Blissey|tox|[from] ability: Natural Cure\n|switch|p1a: Alomomola|Alomomola, M|100\/100 tox\n|move|p2a: Quagsire|Toxic Spikes||[still]\n|-fail|p2a: Quagsire\n|\n|-heal|p2a: Quagsire|100\/100 brn|[from] item: Leftovers\n|-damage|p1a: Alomomola|94\/100 tox|[from] psn\n|-damage|p2a: Quagsire|94\/100 brn|[from] brn\n|upkeep\n|turn|245\n|\n|t:|1698914019\n|switch|p1a: Blissey|Blissey, F, tera:Ghost|64\/100\n|move|p2a: Quagsire|Toxic Spikes||[still]\n|-fail|p2a: Quagsire\n|\n|-heal|p2a: Quagsire|100\/100 brn|[from] item: Leftovers\n|-damage|p2a: Quagsire|94\/100 brn|[from] brn\n|upkeep\n|turn|246\n|\n|t:|1698914021\n|switch|p1a: Alomomola|Alomomola, M|100\/100 tox\n|move|p2a: Quagsire|Toxic Spikes||[still]\n|-fail|p2a: Quagsire\n|\n|-heal|p2a: Quagsire|100\/100 brn|[from] item: Leftovers\n|-damage|p1a: Alomomola|94\/100 tox|[from] psn\n|-damage|p2a: Quagsire|94\/100 brn|[from] brn\n|upkeep\n|turn|247\n|\n|t:|1698914023\n|switch|p1a: Blissey|Blissey, F, tera:Ghost|64\/100\n|move|p2a: Quagsire|Earthquake|p1a: Blissey\n|-damage|p1a: Blissey|49\/100\n|\n|-heal|p2a: Quagsire|100\/100 brn|[from] item: Leftovers\n|-damage|p2a: Quagsire|94\/100 brn|[from] brn\n|upkeep\n|turn|248\n|\n|t:|1698914024\n|switch|p1a: Alomomola|Alomomola, M|100\/100 tox\n|move|p2a: Quagsire|Toxic Spikes||[still]\n|-fail|p2a: Quagsire\n|\n|-heal|p2a: Quagsire|100\/100 brn|[from] item: Leftovers\n|-damage|p1a: Alomomola|94\/100 tox|[from] psn\n|-damage|p2a: Quagsire|94\/100 brn|[from] brn\n|upkeep\n|turn|249\n|\n|t:|1698914029\n|switch|p1a: Blissey|Blissey, F, tera:Ghost|49\/100\n|move|p2a: Quagsire|Toxic Spikes||[still]\n|-fail|p2a: Quagsire\n|\n|-heal|p2a: Quagsire|100\/100 brn|[from] item: Leftovers\n|-damage|p2a: Quagsire|94\/100 brn|[from] brn\n|upkeep\n|turn|250\n|\n|t:|1698914031\n|switch|p1a: Alomomola|Alomomola, M|100\/100 tox\n|move|p2a: Quagsire|Toxic Spikes||[still]\n|-fail|p2a: Quagsire\n|\n|-heal|p2a: Quagsire|100\/100 brn|[from] item: Leftovers\n|-damage|p1a: Alomomola|94\/100 tox|[from] psn\n|-damage|p2a: Quagsire|94\/100 brn|[from] brn\n|upkeep\n|turn|251\n|\n|t:|1698914034\n|switch|p1a: Blissey|Blissey, F, tera:Ghost|49\/100\n|move|p2a: Quagsire|Earthquake|p1a: Blissey\n|-damage|p1a: Blissey|34\/100\n|\n|-heal|p2a: Quagsire|100\/100 brn|[from] item: Leftovers\n|-damage|p2a: Quagsire|94\/100 brn|[from] brn\n|upkeep\n|turn|252\n|\n|t:|1698914036\n|switch|p1a: Alomomola|Alomomola, M|100\/100 tox\n|move|p2a: Quagsire|Toxic Spikes||[still]\n|-fail|p2a: Quagsire\n|\n|-heal|p2a: Quagsire|100\/100 brn|[from] item: Leftovers\n|-damage|p1a: Alomomola|94\/100 tox|[from] psn\n|-damage|p2a: Quagsire|94\/100 brn|[from] brn\n|upkeep\n|turn|253\n|\n|t:|1698914040\n|switch|p1a: Blissey|Blissey, F, tera:Ghost|34\/100\n|move|p2a: Quagsire|Earthquake|p1a: Blissey\n|-damage|p1a: Blissey|19\/100\n|\n|-heal|p2a: Quagsire|100\/100 brn|[from] item: Leftovers\n|-damage|p2a: Quagsire|94\/100 brn|[from] brn\n|upkeep\n|turn|254\n|\n|t:|1698914043\n|switch|p1a: Alomomola|Alomomola, M|100\/100 tox\n|move|p2a: Quagsire|Toxic Spikes||[still]\n|-fail|p2a: Quagsire\n|\n|-heal|p2a: Quagsire|100\/100 brn|[from] item: Leftovers\n|-damage|p1a: Alomomola|94\/100 tox|[from] psn\n|-damage|p2a: Quagsire|94\/100 brn|[from] brn\n|upkeep\n|turn|255\n|\n|t:|1698914045\n|switch|p1a: Blissey|Blissey, F, tera:Ghost|19\/100\n|move|p2a: Quagsire|Toxic Spikes||[still]\n|-fail|p2a: Quagsire\n|\n|-heal|p2a: Quagsire|100\/100 brn|[from] item: Leftovers\n|-damage|p2a: Quagsire|94\/100 brn|[from] brn\n|upkeep\n|turn|256\n|\n|t:|1698914047\n|switch|p1a: Alomomola|Alomomola, M|100\/100 tox\n|move|p2a: Quagsire|Toxic Spikes||[still]\n|-fail|p2a: Quagsire\n|\n|-heal|p2a: Quagsire|100\/100 brn|[from] item: Leftovers\n|-damage|p1a: Alomomola|94\/100 tox|[from] psn\n|-damage|p2a: Quagsire|94\/100 brn|[from] brn\n|upkeep\n|turn|257\n|\n|t:|1698914050\n|switch|p1a: Blissey|Blissey, F, tera:Ghost|19\/100\n|move|p2a: Quagsire|Recover|p2a: Quagsire\n|-heal|p2a: Quagsire|100\/100 brn\n|\n|-damage|p2a: Quagsire|94\/100 brn|[from] brn\n|upkeep\n|turn|258\n|\n|t:|1698914056\n|move|p1a: Blissey|Heal Bell|p1a: Blissey\n|-activate|p1a: Blissey|move: Heal Bell\n|-curestatus|p1: Alomomola|tox|[msg]\n|-activate|p2a: Quagsire|move: Struggle\n|move|p2a: Quagsire|Struggle|p1a: Blissey\n|-damage|p1a: Blissey|14\/100\n|-damage|p2a: Quagsire|69\/100 brn|[from] recoil\n|\n|-heal|p2a: Quagsire|75\/100 brn|[from] item: Leftovers\n|-damage|p2a: Quagsire|69\/100 brn|[from] brn\n|upkeep\n|turn|259\n|\n|t:|1698914062\n|switch|p1a: Alomomola|Alomomola, M|100\/100\n|-activate|p2a: Quagsire|move: Struggle\n|move|p2a: Quagsire|Struggle|p1a: Alomomola\n|-damage|p1a: Alomomola|98\/100\n|-damage|p2a: Quagsire|44\/100 brn|[from] recoil\n|\n|-heal|p2a: Quagsire|50\/100 brn|[from] item: Leftovers\n|-damage|p2a: Quagsire|44\/100 brn|[from] brn\n|upkeep\n|turn|260\n|\n|t:|1698914068\n|move|p1a: Alomomola|Scald|p2a: Quagsire\n|-damage|p2a: Quagsire|29\/100 brn\n|-activate|p2a: Quagsire|move: Struggle\n|move|p2a: Quagsire|Struggle|p1a: Alomomola\n|-damage|p1a: Alomomola|95\/100\n|-damage|p2a: Quagsire|4\/100 brn|[from] recoil\n|\n|-heal|p2a: Quagsire|10\/100 brn|[from] item: Leftovers\n|-damage|p2a: Quagsire|4\/100 brn|[from] brn\n|upkeep\n|turn|261\n|\n|t:|1698914073\n|move|p1a: Alomomola|Scald|p2a: Quagsire\n|-damage|p2a: Quagsire|0 fnt\n|faint|p2a: Quagsire\n|\n|upkeep\n|\n|t:|1698914077\n|switch|p2a: Amoonguss|Amoonguss, F|48\/100 brn\n|-damage|p2a: Amoonguss|23\/100 brn|[from] Spikes\n|turn|262\n|\n|t:|1698914080\n|move|p1a: Alomomola|Scald|p2a: Amoonguss\n|-resisted|p2a: Amoonguss\n|-damage|p2a: Amoonguss|17\/100 brn\n|-activate|p2a: Amoonguss|move: Struggle\n|move|p2a: Amoonguss|Struggle|p1a: Alomomola\n|-damage|p1a: Alomomola|93\/100\n|-damage|p2a: Amoonguss|0 fnt|[from] recoil\n|faint|p2a: Amoonguss\n|\n|win|a bit moody\n|c|\u2606leonissenbaum|gg\n|l|\u2606a bit moody\n|c|\u2606leonissenbaum|you played greart\n","uploadtime":1698914097,"views":36,"p1id":"abitmoody","p2id":"leonissenbaum","formatid":"gen9ubers","rating":0,"private":0,"password":""}