{"id":"gen9ubers-1973420455","p1":"Weredude08","p2":"NewHoovybeast05","format":"[Gen 9] Ubers","log":"|j|\u2606Weredude08\n|j|\u2606NewHoovybeast05\n|t:|1697972550\n|gametype|singles\n|player|p1|Weredude08|steven|\n|player|p2|NewHoovybeast05|palmer|\n|teamsize|p1|6\n|teamsize|p2|6\n|gen|9\n|tier|[Gen 9] Ubers\n|rule|Sleep Clause Mod: Limit one foe put to sleep\n|rule|Species Clause: Limit one of each Pok\u00e9mon\n|rule|OHKO Clause: OHKO moves are banned\n|rule|Evasion Items Clause: Evasion items are banned\n|rule|Evasion Moves Clause: Evasion moves are banned\n|rule|Endless Battle Clause: Forcing endless battles is banned\n|rule|HP Percentage Mod: HP is shown in percentages\n|clearpoke\n|poke|p1|Ursaluna, F|\n|poke|p1|Hatterene, F|\n|poke|p1|Magearna|\n|poke|p1|Jirachi|\n|poke|p1|Palkia-Origin|\n|poke|p1|Chi-Yu|\n|poke|p2|Houndstone, F|\n|poke|p2|Hippowdon, M|\n|poke|p2|Magearna|\n|poke|p2|Landorus, M|\n|poke|p2|Lycanroc, M|\n|poke|p2|Ogerpon-Wellspring, F|\n|teampreview\n|l|\u2606Weredude08\n|player|p1|\n|j|\u2606Weredude08\n|player|p1|Weredude08|steven\n|inactive|Battle timer is ON: inactive players will automatically lose when time's up. (requested by Weredude08)\n|c|\u2606Weredude08|Glhf\n|c|\u2606Weredude08|Please don't upload replay\n|c|\u2606Weredude08|Cos for the tour\n|c|\u2606NewHoovybeast05|i won't\n|c|\u2606Weredude08|Cheers\n|inactive|Weredude08 has 270 seconds left.\n|c|\u2606NewHoovybeast05|mainly cuz idk how to\n|\n|t:|1697972634\n|start\n|switch|p1a: Palkia|Palkia-Origin|100\/100\n|switch|p2a: Hippowdon|Hippowdon, M|100\/100\n|-ability|p1a: Palkia|Pressure\n|-weather|Sandstorm|[from] ability: Sand Stream|[of] p2a: Hippowdon\n|turn|1\n|\n|t:|1697972644\n|switch|p2a: Magearna|Magearna|100\/100\n|move|p1a: Palkia|Spacial Rend|p2a: Magearna\n|-immune|p2a: Magearna\n|\n|-weather|Sandstorm|[upkeep]\n|-damage|p1a: Palkia|94\/100|[from] Sandstorm\n|upkeep\n|turn|2\n|c|\u2606Weredude08|Lol\n|\n|t:|1697972650\n|switch|p1a: Jirachi|Jirachi|100\/100\n|move|p2a: Magearna|Spikes|p1a: Jirachi\n|-sidestart|p1: Weredude08|Spikes\n|\n|-weather|Sandstorm|[upkeep]\n|upkeep\n|turn|3\n|\n|t:|1697972655\n|move|p1a: Jirachi|Thunder Wave|p2a: Magearna\n|-status|p2a: Magearna|par\n|cant|p2a: Magearna|par\n|\n|-weather|Sandstorm|[upkeep]\n|upkeep\n|turn|4\n|\n|t:|1697972660\n|move|p1a: Jirachi|Iron Head|p2a: Magearna\n|-damage|p2a: Magearna|77\/100 par\n|cant|p2a: Magearna|flinch\n|\n|-weather|Sandstorm|[upkeep]\n|-heal|p2a: Magearna|83\/100 par|[from] item: Leftovers\n|upkeep\n|turn|5\n|\n|t:|1697972669\n|move|p1a: Jirachi|Iron Head|p2a: Magearna\n|-damage|p2a: Magearna|60\/100 par\n|cant|p2a: Magearna|flinch\n|\n|-weather|Sandstorm|[upkeep]\n|-heal|p2a: Magearna|66\/100 par|[from] item: Leftovers\n|upkeep\n|turn|6\n|\n|t:|1697972673\n|switch|p2a: Landorus|Landorus, M|100\/100\n|move|p1a: Jirachi|Iron Head|p2a: Landorus\n|-damage|p2a: Landorus|68\/100\n|\n|-weather|Sandstorm|[upkeep]\n|upkeep\n|turn|7\n|\n|t:|1697972678\n|move|p2a: Landorus|Earth Power|p1a: Jirachi\n|-supereffective|p1a: Jirachi\n|-damage|p1a: Jirachi|0 fnt\n|faint|p1a: Jirachi\n|\n|-weather|Sandstorm|[upkeep]\n|upkeep\n|\n|t:|1697972687\n|switch|p1a: Palkia|Palkia-Origin|94\/100\n|-damage|p1a: Palkia|82\/100|[from] Spikes\n|-ability|p1a: Palkia|Pressure\n|turn|8\n|\n|t:|1697972703\n|switch|p2a: Ogerpon|Ogerpon-Wellspring, F|100\/100\n|move|p1a: Palkia|Spacial Rend|p2a: Ogerpon\n|-damage|p2a: Ogerpon|12\/100\n|\n|-weather|none\n|upkeep\n|turn|9\n|\n|t:|1697972712\n|move|p1a: Palkia|Flamethrower|p2a: Ogerpon\n|-damage|p2a: Ogerpon|0 fnt\n|faint|p2a: Ogerpon\n|\n|upkeep\n|\n|t:|1697972723\n|switch|p2a: Hippowdon|Hippowdon, M|100\/100\n|-weather|Sandstorm|[from] ability: Sand Stream|[of] p2a: Hippowdon\n|turn|10\n|\n|t:|1697972733\n|switch|p2a: Magearna|Magearna|66\/100 par\n|move|p1a: Palkia|Surf|p2a: Magearna\n|-damage|p2a: Magearna|31\/100 par\n|\n|-weather|Sandstorm|[upkeep]\n|-damage|p1a: Palkia|76\/100|[from] Sandstorm\n|-heal|p2a: Magearna|37\/100 par|[from] item: Leftovers\n|upkeep\n|turn|11\n|\n|t:|1697972739\n|move|p1a: Palkia|Flamethrower|p2a: Magearna\n|-supereffective|p2a: Magearna\n|-damage|p2a: Magearna|0 fnt\n|faint|p2a: Magearna\n|\n|-weather|Sandstorm|[upkeep]\n|-damage|p1a: Palkia|69\/100|[from] Sandstorm\n|upkeep\n|\n|t:|1697972750\n|switch|p2a: Houndstone|Houndstone, F|100\/100\n|turn|12\n|\n|t:|1697972763\n|switch|p1a: Hatterene|Hatterene, F|100\/100\n|-damage|p1a: Hatterene|88\/100|[from] Spikes\n|move|p2a: Houndstone|Last Respects|p1a: Hatterene\n|-supereffective|p1a: Hatterene\n|-damage|p1a: Hatterene|0 fnt\n|faint|p1a: Hatterene\n|\n|-weather|Sandstorm|[upkeep]\n|upkeep\n|\n|t:|1697972773\n|switch|p1a: Ursaluna|Ursaluna, F|100\/100\n|-damage|p1a: Ursaluna|88\/100|[from] Spikes\n|turn|13\n|\n|t:|1697972781\n|switch|p2a: Lycanroc|Lycanroc, M|100\/100\n|switch|p1a: Magearna|Magearna|100\/100\n|-damage|p1a: Magearna|88\/100|[from] Spikes\n|\n|-weather|Sandstorm|[upkeep]\n|upkeep\n|turn|14\n|\n|t:|1697972790\n|move|p2a: Lycanroc|Swords Dance|p2a: Lycanroc\n|-boost|p2a: Lycanroc|atk|2\n|move|p1a: Magearna|Trick Room|p1a: Magearna\n|-fieldstart|move: Trick Room|[of] p1a: Magearna\n|\n|-weather|Sandstorm|[upkeep]\n|upkeep\n|turn|15\n|\n|t:|1697972798\n|move|p1a: Magearna|Flash Cannon|p2a: Lycanroc\n|-supereffective|p2a: Lycanroc\n|-damage|p2a: Lycanroc|0 fnt\n|faint|p2a: Lycanroc\n|-ability|p1a: Magearna|Soul-Heart|boost\n|-boost|p1a: Magearna|spa|1\n|-damage|p1a: Magearna|78\/100|[from] item: Life Orb\n|\n|-weather|Sandstorm|[upkeep]\n|upkeep\n|\n|t:|1697972808\n|switch|p2a: Hippowdon|Hippowdon, M|100\/100\n|turn|16\n|\n|t:|1697972810\n|move|p1a: Magearna|Fleur Cannon|p2a: Hippowdon\n|-damage|p2a: Hippowdon|0 fnt\n|-unboost|p1a: Magearna|spa|2\n|faint|p2a: Hippowdon\n|-ability|p1a: Magearna|Soul-Heart|boost\n|-boost|p1a: Magearna|spa|1\n|-damage|p1a: Magearna|68\/100|[from] item: Life Orb\n|\n|-weather|Sandstorm|[upkeep]\n|upkeep\n|\n|t:|1697972834\n|switch|p2a: Houndstone|Houndstone, F|100\/100\n|turn|17\n|\n|t:|1697972845\n|-terastallize|p2a: Houndstone|Ghost\n|move|p1a: Magearna|Fleur Cannon|p2a: Houndstone\n|-damage|p2a: Houndstone|0 fnt\n|-unboost|p1a: Magearna|spa|2\n|faint|p2a: Houndstone\n|-ability|p1a: Magearna|Soul-Heart|boost\n|-boost|p1a: Magearna|spa|1\n|-damage|p1a: Magearna|58\/100|[from] item: Life Orb\n|\n|-weather|none\n|upkeep\n|c|\u2606NewHoovybeast05|well gg\n|\n|t:|1697972854\n|switch|p2a: Landorus|Landorus, M|68\/100\n|turn|18\n|c|\u2606Weredude08|GG\n|c|\u2606Weredude08|This Mag is insane\n|c|\u2606Weredude08|Why has no one ever used this\n|\n|t:|1697972880\n|move|p1a: Magearna|Fleur Cannon|p2a: Landorus\n|-damage|p2a: Landorus|0 fnt\n|-unboost|p1a: Magearna|spa|2\n|faint|p2a: Landorus\n|-damage|p1a: Magearna|49\/100|[from] item: Life Orb\n|\n|win|Weredude08\n|c|\u2606NewHoovybeast05|a lot do\n","uploadtime":1697972899,"views":8,"p1id":"weredude08","p2id":"newhoovybeast05","formatid":"gen9ubers","rating":0,"private":0,"password":""}