{"id":"gen9ubers-1989174456","p1":"woahhgh","p2":"RuschelJ","format":"[Gen 9] Ubers","log":"|j|\u2606woahhgh\n|j|\u2606RuschelJ\n|t:|1699820076\n|gametype|singles\n|player|p1|woahhgh|102|1119\n|player|p2|RuschelJ|swimmer|1000\n|teamsize|p1|6\n|teamsize|p2|6\n|gen|9\n|tier|[Gen 9] Ubers\n|rated|\n|rule|Sleep Clause Mod: Limit one foe put to sleep\n|rule|Species Clause: Limit one of each Pok\u00e9mon\n|rule|OHKO Clause: OHKO moves are banned\n|rule|Evasion Items Clause: Evasion items are banned\n|rule|Evasion Moves Clause: Evasion moves are banned\n|rule|Endless Battle Clause: Forcing endless battles is banned\n|rule|HP Percentage Mod: HP is shown in percentages\n|clearpoke\n|poke|p1|Chi-Yu|\n|poke|p1|Gholdengo|\n|poke|p1|Great Tusk|\n|poke|p1|Manaphy|\n|poke|p1|Skeledirge, F|\n|poke|p1|Kommo-o, F|\n|poke|p2|Hydreigon, F|\n|poke|p2|Rayquaza|\n|poke|p2|Raichu-Alola, M|\n|poke|p2|Ludicolo, F|\n|poke|p2|Chandelure, M|\n|poke|p2|Garchomp, M|\n|teampreview\n|\n|t:|1699820084\n|start\n|switch|p1a: Chi-Yu|Chi-Yu|100\/100\n|switch|p2a: Ludicolo|Ludicolo, F|100\/100\n|-ability|p1a: Chi-Yu|Beads of Ruin\n|turn|1\n|\n|t:|1699820092\n|move|p1a: Chi-Yu|Dark Pulse|p2a: Ludicolo\n|-damage|p2a: Ludicolo|46\/100\n|move|p2a: Ludicolo|Rain Dance|p2a: Ludicolo\n|-weather|RainDance\n|\n|-weather|RainDance|[upkeep]\n|upkeep\n|turn|2\n|\n|t:|1699820106\n|switch|p1a: Manaphy|Manaphy|100\/100\n|move|p2a: Ludicolo|Surf|p1a: Manaphy\n|-resisted|p1a: Manaphy\n|-damage|p1a: Manaphy|78\/100\n|\n|-weather|RainDance|[upkeep]\n|-heal|p1a: Manaphy|84\/100|[from] item: Leftovers\n|upkeep\n|turn|3\n|\n|t:|1699820116\n|-terastallize|p1a: Manaphy|Electric\n|move|p2a: Ludicolo|Leech Seed|p1a: Manaphy|[miss]\n|-miss|p2a: Ludicolo|p1a: Manaphy\n|move|p1a: Manaphy|Tail Glow|p1a: Manaphy\n|-boost|p1a: Manaphy|spa|3\n|\n|-weather|RainDance|[upkeep]\n|-heal|p1a: Manaphy|90\/100|[from] item: Leftovers\n|upkeep\n|turn|4\n|\n|t:|1699820126\n|move|p2a: Ludicolo|Leech Seed|p1a: Manaphy\n|-start|p1a: Manaphy|move: Leech Seed\n|move|p1a: Manaphy|Ice Beam|p2a: Ludicolo\n|-damage|p2a: Ludicolo|0 fnt\n|faint|p2a: Ludicolo\n|\n|-weather|RainDance|[upkeep]\n|-heal|p1a: Manaphy|96\/100|[from] item: Leftovers\n|upkeep\n|\n|t:|1699820136\n|switch|p2a: Raichu|Raichu-Alola, M|100\/100\n|turn|5\n|\n|t:|1699820140\n|move|p1a: Manaphy|Surf|p2a: Raichu\n|-crit|p2a: Raichu\n|-damage|p2a: Raichu|0 fnt\n|faint|p2a: Raichu\n|\n|-weather|RainDance|[upkeep]\n|-heal|p1a: Manaphy|100\/100|[from] item: Leftovers\n|upkeep\n|\n|t:|1699820160\n|switch|p2a: Rayquaza|Rayquaza|100\/100\n|-ability|p2a: Rayquaza|Air Lock\n|turn|6\n|\n|t:|1699820170\n|move|p1a: Manaphy|Ice Beam|p2a: Rayquaza\n|-supereffective|p2a: Rayquaza\n|-damage|p2a: Rayquaza|0 fnt\n|faint|p2a: Rayquaza\n|\n|-weather|RainDance|[upkeep]\n|upkeep\n|\n|t:|1699820177\n|switch|p2a: Chandelure|Chandelure, M|100\/100\n|turn|7\n|\n|t:|1699820183\n|move|p1a: Manaphy|Surf|p2a: Chandelure\n|-supereffective|p2a: Chandelure\n|-damage|p2a: Chandelure|0 fnt\n|faint|p2a: Chandelure\n|\n|-weather|RainDance|[upkeep]\n|upkeep\n|\n|t:|1699820202\n|switch|p2a: Hydreigon|Hydreigon, F|100\/100\n|turn|8\n|\n|t:|1699820208\n|move|p1a: Manaphy|Ice Beam|p2a: Hydreigon\n|-supereffective|p2a: Hydreigon\n|-damage|p2a: Hydreigon|0 fnt\n|faint|p2a: Hydreigon\n|\n|-weather|none\n|upkeep\n|c|\u2606woahhgh|gg\n|\n|t:|1699820214\n|switch|p2a: Garchomp|Garchomp, M|100\/100\n|turn|9\n|\n|t:|1699820218\n|move|p1a: Manaphy|Ice Beam|p2a: Garchomp\n|-supereffective|p2a: Garchomp\n|-crit|p2a: Garchomp\n|-enditem|p2a: Garchomp|Yache Berry|[eat]\n|-enditem|p2a: Garchomp|Yache Berry|[weaken]\n|-damage|p2a: Garchomp|0 fnt\n|faint|p2a: Garchomp\n|\n|win|woahhgh\n|raw|woahhgh's rating: 1119 &rarr; <strong>1136<\/strong><br \/>(+17 for winning)\n|raw|RuschelJ's rating: 1000 &rarr; <strong>1000<\/strong><br \/>(+0 for losing)\n|c|\u2606woahhgh|manaphy should be in ubers wtf\n|c|\u2606RuschelJ|Nice\n","uploadtime":1699820232,"views":12,"p1id":"woahhgh","p2id":"ruschelj","formatid":"gen9ubers","rating":1000,"private":0,"password":""}