{"id":"gen9ubers-1969821767","p1":"Karubee","p2":"vandiened","format":"[Gen 9] Ubers","log":"|j|\u2606Karubee\n|j|\u2606vandiened\n|t:|1697567978\n|gametype|singles\n|player|p1|Karubee|waitress|1183\n|player|p2|vandiened|169|1157\n|teamsize|p1|6\n|teamsize|p2|6\n|gen|9\n|tier|[Gen 9] Ubers\n|rated|\n|rule|Sleep Clause Mod: Limit one foe put to sleep\n|rule|Species Clause: Limit one of each Pok\u00e9mon\n|rule|OHKO Clause: OHKO moves are banned\n|rule|Evasion Items Clause: Evasion items are banned\n|rule|Evasion Moves Clause: Evasion moves are banned\n|rule|Endless Battle Clause: Forcing endless battles is banned\n|rule|HP Percentage Mod: HP is shown in percentages\n|clearpoke\n|poke|p1|Miraidon|\n|poke|p1|Koraidon|\n|poke|p1|Skeledirge, M|\n|poke|p1|Arceus|\n|poke|p1|Kyogre|\n|poke|p1|Basculegion, M|\n|poke|p2|Lurantis, F|\n|poke|p2|Gliscor, F|\n|poke|p2|Baxcalibur, F|\n|poke|p2|Armarouge, F|\n|poke|p2|Arceus-Ground|\n|poke|p2|Orthworm, F|\n|teampreview\n|\n|t:|1697567987\n|start\n|switch|p1a: Koraidon|Koraidon|100\/100\n|switch|p2a: Orthworm|Orthworm, F|100\/100\n|-weather|SunnyDay|[from] ability: Orichalcum Pulse|[of] p1a: Koraidon\n|-activate|p1a: Koraidon|Orichalcum Pulse|[source]\n|turn|1\n|\n|t:|1697567999\n|-terastallize|p2a: Orthworm|Water\n|move|p1a: Koraidon|Swords Dance|p1a: Koraidon\n|-boost|p1a: Koraidon|atk|2\n|move|p2a: Orthworm|Shed Tail|p2a: Orthworm\n|-start|p2a: Orthworm|Substitute|[from] move: Shed Tail\n|-damage|p2a: Orthworm|50\/100\n|\n|t:|1697568013\n|switch|p2a: Baxcalibur|Baxcalibur, F|100\/100|[from] Shed Tail\n|\n|-weather|SunnyDay|[upkeep]\n|upkeep\n|turn|2\n|c|\u2606vandiened|muhahaha\n|c|\u2606vandiened|1 shot buddy\n|\n|t:|1697568036\n|move|p1a: Koraidon|Scale Shot|p2a: Baxcalibur\n|-supereffective|p2a: Baxcalibur\n|-end|p2a: Baxcalibur|Substitute\n|-supereffective|p2a: Baxcalibur\n|-damage|p2a: Baxcalibur|24\/100\n|-supereffective|p2a: Baxcalibur\n|-damage|p2a: Baxcalibur|0 fnt\n|faint|p2a: Baxcalibur\n|-hitcount|p2: Baxcalibur|3\n|-unboost|p1a: Koraidon|def|1\n|-boost|p1a: Koraidon|spe|1\n|\n|-weather|SunnyDay|[upkeep]\n|upkeep\n|c|\u2606vandiened|nvm\n|c|\u2606Karubee|lol\n|c|\u2606vandiened|i was just tryna bait you so i can buff myself anyways ;-;\n|\n|t:|1697568071\n|switch|p2a: Gliscor|Gliscor, F|100\/100\n|turn|3\n|\n|t:|1697568079\n|move|p1a: Koraidon|Scale Shot|p2a: Gliscor\n|-damage|p2a: Gliscor|74\/100\n|-damage|p2a: Gliscor|47\/100\n|-damage|p2a: Gliscor|19\/100\n|-crit|p2a: Gliscor\n|-damage|p2a: Gliscor|0 fnt\n|faint|p2a: Gliscor\n|-hitcount|p2: Gliscor|4\n|-unboost|p1a: Koraidon|def|1\n|-boost|p1a: Koraidon|spe|1\n|\n|-weather|SunnyDay|[upkeep]\n|upkeep\n|c|\u2606vandiened|(spongebob sad face)\n|\n|t:|1697568095\n|switch|p2a: Arceus|Arceus-Ground|100\/100\n|turn|4\n|\n|t:|1697568099\n|move|p2a: Arceus|Extreme Speed|p1a: Koraidon\n|-damage|p1a: Koraidon|56\/100\n|move|p1a: Koraidon|Scale Shot|p2a: Arceus\n|-damage|p2a: Arceus|71\/100\n|-damage|p2a: Arceus|44\/100\n|-damage|p2a: Arceus|14\/100\n|-damage|p2a: Arceus|0 fnt\n|faint|p2a: Arceus\n|-hitcount|p2: Arceus|4\n|-unboost|p1a: Koraidon|def|1\n|-boost|p1a: Koraidon|spe|1\n|\n|-weather|SunnyDay|[upkeep]\n|upkeep\n|c|\u2606vandiened|(spongebob sad face)\n|c|\u2606vandiened|my team is so ahh\n|c|\u2606vandiened|im almost 1500 on random but cant make a decent damn team\n|\n|t:|1697568138\n|switch|p2a: Orthworm|Orthworm, F, tera:Water|50\/100\n|turn|5\n|\n|t:|1697568145\n|move|p1a: Koraidon|Scale Shot|p2a: Orthworm\n|-damage|p2a: Orthworm|21\/100\n|-damage|p2a: Orthworm|0 fnt\n|faint|p2a: Orthworm\n|-hitcount|p2: Orthworm|2\n|-unboost|p1a: Koraidon|def|1\n|-boost|p1a: Koraidon|spe|1\n|\n|-weather|none\n|upkeep\n|c|\u2606vandiened|aAAAH\n|c|\u2606vandiened|gg\n|c|\u2606Karubee|Sorry\n|-message|vandiened forfeited.\n|\n|win|Karubee\n|raw|Karubee's rating: 1183 &rarr; <strong>1206<\/strong><br \/>(+23 for winning)\n|raw|vandiened's rating: 1157 &rarr; <strong>1134<\/strong><br \/>(-23 for losing)\n|l|\u2606vandiened\n|c|\u2606Karubee|gg\n","uploadtime":1697568180,"views":8,"p1id":"karubee","p2id":"vandiened","formatid":"gen9ubers","rating":1134,"private":0,"password":""}