{"id":"gen9ubers-1996594220","p1":"CookieVKS","p2":"demonkingbdn","format":"[Gen 9] Ubers","log":"|j|\u2606CookieVKS\n|j|\u2606demonkingbdn\n|t:|1700698350\n|gametype|singles\n|player|p1|CookieVKS|266|1026\n|player|p2|demonkingbdn|ghetsis-gen5bw|1082\n|teamsize|p1|6\n|teamsize|p2|6\n|gen|9\n|tier|[Gen 9] Ubers\n|rated|\n|rule|Sleep Clause Mod: Limit one foe put to sleep\n|rule|Species Clause: Limit one of each Pok\u00e9mon\n|rule|OHKO Clause: OHKO moves are banned\n|rule|Evasion Items Clause: Evasion items are banned\n|rule|Evasion Moves Clause: Evasion moves are banned\n|rule|Endless Battle Clause: Forcing endless battles is banned\n|rule|HP Percentage Mod: HP is shown in percentages\n|clearpoke\n|poke|p1|Palafin, M|\n|poke|p1|Rillaboom, M|\n|poke|p1|Koraidon|\n|poke|p1|Chien-Pao|\n|poke|p1|Shaymin|\n|poke|p1|Kingambit, M|\n|poke|p2|Ceruledge, F|\n|poke|p2|Kingambit, M|\n|poke|p2|Gholdengo|\n|poke|p2|Baxcalibur, F|\n|poke|p2|Annihilape, F|\n|poke|p2|Palafin, M|\n|teampreview\n|\n|t:|1700698373\n|start\n|switch|p1a: Palafin|Palafin, M, shiny|100\/100\n|switch|p2a: Palafin|Palafin, M, shiny|100\/100\n|turn|1\n|\n|t:|1700698382\n|move|p1a: Palafin|Flip Turn|p2a: Palafin\n|-resisted|p2a: Palafin\n|-damage|p2a: Palafin|88\/100\n|\n|t:|1700698404\n|detailschange|p1a: Palafin|Palafin-Hero, M, shiny\n|switch|p1a: Rillaboom|Rillaboom, M, shiny|100\/100|[from] Flip Turn\n|-fieldstart|move: Grassy Terrain|[from] ability: Grassy Surge|[of] p1a: Rillaboom\n|move|p2a: Palafin|Flip Turn|p1a: Rillaboom\n|-resisted|p1a: Rillaboom\n|-damage|p1a: Rillaboom|93\/100\n|\n|t:|1700698414\n|detailschange|p2a: Palafin|Palafin-Hero, M, shiny\n|switch|p2a: Baxcalibur|Baxcalibur, F, shiny|100\/100|[from] Flip Turn\n|\n|-heal|p1a: Rillaboom|99\/100|[from] Grassy Terrain\n|upkeep\n|turn|2\n|\n|t:|1700698420\n|move|p2a: Baxcalibur|Dragon Dance|p2a: Baxcalibur\n|-boost|p2a: Baxcalibur|atk|1\n|-boost|p2a: Baxcalibur|spe|1\n|move|p1a: Rillaboom|U-turn|p2a: Baxcalibur\n|-damage|p2a: Baxcalibur|80\/100\n|\n|t:|1700698441\n|switch|p1a: Shaymin|Shaymin, shiny|100\/100|[from] U-turn\n|\n|-heal|p2a: Baxcalibur|86\/100|[from] Grassy Terrain\n|upkeep\n|turn|3\n|\n|t:|1700698452\n|-terastallize|p2a: Baxcalibur|Fairy\n|-terastallize|p1a: Shaymin|Fairy\n|move|p2a: Baxcalibur|Dragon Dance|p2a: Baxcalibur\n|-boost|p2a: Baxcalibur|atk|1\n|-boost|p2a: Baxcalibur|spe|1\n|move|p1a: Shaymin|Leech Seed|p2a: Baxcalibur\n|-start|p2a: Baxcalibur|move: Leech Seed\n|\n|-heal|p2a: Baxcalibur|92\/100|[from] Grassy Terrain\n|-damage|p2a: Baxcalibur|80\/100|[from] Leech Seed|[of] p1a: Shaymin\n|upkeep\n|turn|4\n|\n|t:|1700698469\n|move|p2a: Baxcalibur|Icicle Crash|p1a: Shaymin\n|-damage|p1a: Shaymin|33\/100\n|cant|p1a: Shaymin|flinch\n|\n|-heal|p2a: Baxcalibur|86\/100|[from] Grassy Terrain\n|-heal|p1a: Shaymin|40\/100|[from] Grassy Terrain\n|-heal|p1a: Shaymin|46\/100|[from] item: Leftovers\n|-damage|p2a: Baxcalibur|73\/100|[from] Leech Seed|[of] p1a: Shaymin\n|-heal|p1a: Shaymin|59\/100|[silent]\n|upkeep\n|turn|5\n|\n|t:|1700698483\n|switch|p1a: Kingambit|Kingambit, M, shiny|100\/100\n|move|p2a: Baxcalibur|Icicle Crash|p1a: Kingambit\n|-resisted|p1a: Kingambit\n|-damage|p1a: Kingambit|70\/100\n|\n|-heal|p2a: Baxcalibur|80\/100|[from] Grassy Terrain\n|-heal|p1a: Kingambit|76\/100|[from] Grassy Terrain\n|-damage|p2a: Baxcalibur|67\/100|[from] Leech Seed|[of] p1a: Kingambit\n|-heal|p1a: Kingambit|90\/100|[silent]\n|upkeep\n|turn|6\n|\n|t:|1700698495\n|move|p2a: Baxcalibur|Glaive Rush|p1a: Kingambit\n|-resisted|p1a: Kingambit\n|-damage|p1a: Kingambit|52\/100\n|-singlemove|p2a: Baxcalibur|Glaive Rush|[silent]\n|move|p1a: Kingambit|Iron Head|p2a: Baxcalibur\n|-supereffective|p2a: Baxcalibur\n|-damage|p2a: Baxcalibur|0 fnt\n|faint|p2a: Baxcalibur\n|\n|-heal|p1a: Kingambit|58\/100|[from] Grassy Terrain\n|upkeep\n|\n|t:|1700698507\n|switch|p2a: Ceruledge|Ceruledge, F, shiny|100\/100\n|turn|7\n|\n|t:|1700698515\n|-end|p1a: Kingambit|fallenundefined|[silent]\n|switch|p1a: Shaymin|Shaymin, shiny, tera:Fairy|59\/100\n|move|p2a: Ceruledge|Swords Dance|p2a: Ceruledge\n|-boost|p2a: Ceruledge|atk|2\n|\n|-heal|p1a: Shaymin|65\/100|[from] Grassy Terrain\n|-heal|p1a: Shaymin|72\/100|[from] item: Leftovers\n|upkeep\n|turn|8\n|\n|t:|1700698525\n|move|p1a: Shaymin|Leech Seed|p2a: Ceruledge\n|-start|p2a: Ceruledge|move: Leech Seed\n|move|p2a: Ceruledge|Bitter Blade|p1a: Shaymin\n|-damage|p1a: Shaymin|5\/100\n|-damage|p2a: Ceruledge|91\/100|[from] item: Life Orb\n|\n|-heal|p1a: Shaymin|11\/100|[from] Grassy Terrain\n|-heal|p1a: Shaymin|17\/100|[from] item: Leftovers\n|-heal|p2a: Ceruledge|97\/100|[from] Grassy Terrain\n|-damage|p2a: Ceruledge|84\/100|[from] Leech Seed|[of] p1a: Shaymin\n|-heal|p1a: Shaymin|26\/100|[silent]\n|-fieldend|move: Grassy Terrain\n|upkeep\n|turn|9\n|\n|t:|1700698540\n|switch|p1a: Palafin|Palafin-Hero, M, shiny|100\/100\n|-activate|p1a: Palafin|ability: Zero to Hero\n|switch|p2a: Palafin|Palafin-Hero, M, shiny|88\/100\n|-activate|p2a: Palafin|ability: Zero to Hero\n|\n|upkeep\n|turn|10\n|\n|t:|1700698553\n|move|p2a: Palafin|Jet Punch|p1a: Palafin\n|-resisted|p1a: Palafin\n|-damage|p1a: Palafin|83\/100\n|move|p1a: Palafin|Flip Turn|p2a: Palafin\n|-resisted|p2a: Palafin\n|-damage|p2a: Palafin|71\/100\n|\n|t:|1700698561\n|switch|p1a: Rillaboom|Rillaboom, M, shiny|99\/100|[from] Flip Turn\n|-fieldstart|move: Grassy Terrain|[from] ability: Grassy Surge|[of] p1a: Rillaboom\n|\n|-heal|p2a: Palafin|77\/100|[from] Grassy Terrain\n|-heal|p1a: Rillaboom|100\/100|[from] Grassy Terrain\n|upkeep\n|turn|11\n|\n|t:|1700698574\n|move|p1a: Rillaboom|Grassy Glide|p2a: Palafin\n|-supereffective|p2a: Palafin\n|-damage|p2a: Palafin|0 fnt\n|faint|p2a: Palafin\n|\n|upkeep\n|\n|t:|1700698585\n|switch|p2a: Ceruledge|Ceruledge, F, shiny|84\/100\n|turn|12\n|\n|t:|1700698590\n|move|p2a: Ceruledge|Swords Dance|p2a: Ceruledge\n|-boost|p2a: Ceruledge|atk|2\n|move|p1a: Rillaboom|U-turn|p2a: Ceruledge\n|-resisted|p2a: Ceruledge\n|-damage|p2a: Ceruledge|77\/100\n|-ability|p2a: Ceruledge|Weak Armor|boost\n|-unboost|p2a: Ceruledge|def|1\n|-boost|p2a: Ceruledge|spe|2\n|\n|t:|1700698598\n|switch|p1a: Palafin|Palafin-Hero, M, shiny|83\/100|[from] U-turn\n|\n|-heal|p1a: Palafin|89\/100|[from] Grassy Terrain\n|-heal|p2a: Ceruledge|84\/100|[from] Grassy Terrain\n|upkeep\n|turn|13\n|\n|t:|1700698608\n|move|p1a: Palafin|Jet Punch|p2a: Ceruledge\n|-supereffective|p2a: Ceruledge\n|-crit|p2a: Ceruledge\n|-damage|p2a: Ceruledge|0 fnt\n|faint|p2a: Ceruledge\n|\n|-heal|p1a: Palafin|95\/100|[from] Grassy Terrain\n|upkeep\n|-message|demonkingbdn forfeited.\n|\n|win|CookieVKS\n|raw|CookieVKS's rating: 1026 &rarr; <strong>1068<\/strong><br \/>(+42 for winning)\n|raw|demonkingbdn's rating: 1082 &rarr; <strong>1056<\/strong><br \/>(-26 for losing)\n|l|\u2606demonkingbdn\n","uploadtime":1700698624,"views":21,"p1id":"cookievks","p2id":"demonkingbdn","formatid":"gen9ubers","rating":1056,"private":0,"password":""}