{"id":"gen9ubers-1988979519","p1":"LuukTheGamer","p2":"HinaKagiyama1","format":"[Gen 9] Ubers","log":"|j|\u2606LuukTheGamer\n|j|\u2606HinaKagiyama1\n|t:|1699797701\n|gametype|singles\n|player|p1|LuukTheGamer|anabel|\n|player|p2|HinaKagiyama1|169|\n|teamsize|p1|6\n|teamsize|p2|6\n|gen|9\n|tier|[Gen 9] Ubers\n|rule|Sleep Clause Mod: Limit one foe put to sleep\n|rule|Species Clause: Limit one of each Pok\u00e9mon\n|rule|OHKO Clause: OHKO moves are banned\n|rule|Evasion Items Clause: Evasion items are banned\n|rule|Evasion Moves Clause: Evasion moves are banned\n|rule|Endless Battle Clause: Forcing endless battles is banned\n|rule|HP Percentage Mod: HP is shown in percentages\n|clearpoke\n|poke|p1|Sneasler, F|\n|poke|p1|Indeedee-F, F|\n|poke|p1|Arceus-Psychic|\n|poke|p1|Zacian-*|\n|poke|p1|Donphan, L6, M|\n|poke|p1|Espathra, M|\n|poke|p2|Tyranitar, M|\n|poke|p2|Arceus-Rock|\n|poke|p2|Garchomp, F|\n|poke|p2|Donphan, M|\n|poke|p2|Magearna|\n|poke|p2|Houndstone, F|\n|teampreview\n|inactive|Battle timer is ON: inactive players will automatically lose when time's up. (requested by LuukTheGamer)\n|c|\u2606HinaKagiyama1|Ph\n|j| ACDCfire\n|c|\u2606HinaKagiyama1|sneasler got a sprite\n|\n|t:|1699797727\n|start\n|switch|p1a: Donphan|Donphan, L6, M|100\/100\n|switch|p2a: DREAM ON|Tyranitar, M|100\/100\n|-weather|Sandstorm|[from] ability: Sand Stream|[of] p2a: DREAM ON\n|turn|1\n|l| ACDCfire\n|\n|t:|1699797735\n|switch|p2a: Rockless|Houndstone, F|100\/100\n|move|p1a: Donphan|Stealth Rock|p2a: Rockless\n|-sidestart|p2: HinaKagiyama1|move: Stealth Rock\n|\n|-weather|Sandstorm|[upkeep]\n|upkeep\n|turn|2\n|\n|t:|1699797760\n|switch|p1a: Indeedee|Indeedee-F, F, shiny|100\/100\n|-fieldstart|move: Psychic Terrain|[from] ability: Psychic Surge|[of] p1a: Indeedee\n|move|p2a: Rockless|Last Respects|p1a: Indeedee\n|-immune|p1a: Indeedee\n|\n|-weather|Sandstorm|[upkeep]\n|-damage|p1a: Indeedee|94\/100|[from] Sandstorm\n|upkeep\n|turn|3\n|inactive|LuukTheGamer has 270 seconds left.\n|\n|t:|1699797799\n|switch|p2a: Uwu orb|Magearna|100\/100\n|-damage|p2a: Uwu orb|94\/100|[from] Stealth Rock\n|switch|p1a: Espathra|Espathra, M|100\/100\n|-enditem|p1a: Espathra|Psychic Seed\n|-boost|p1a: Espathra|spd|1|[from] item: Psychic Seed\n|\n|-weather|Sandstorm|[upkeep]\n|-damage|p1a: Espathra|94\/100|[from] Sandstorm\n|-heal|p2a: Uwu orb|100\/100|[from] item: Leftovers\n|upkeep\n|turn|4\n|inactive|LuukTheGamer has 240 seconds left.\n|\n|t:|1699797825\n|move|p1a: Espathra|Protect|p1a: Espathra\n|-singleturn|p1a: Espathra|Protect\n|move|p2a: Uwu orb|Spikes|p1a: Espathra\n|-sidestart|p1: LuukTheGamer|Spikes\n|\n|-weather|Sandstorm|[upkeep]\n|-damage|p1a: Espathra|88\/100|[from] Sandstorm\n|-ability|p1a: Espathra|Speed Boost|boost\n|-boost|p1a: Espathra|spe|1\n|upkeep\n|turn|5\n|inactive|LuukTheGamer has 240 seconds left.\n|\n|t:|1699797833\n|move|p1a: Espathra|Calm Mind|p1a: Espathra\n|-boost|p1a: Espathra|spa|1\n|-boost|p1a: Espathra|spd|1\n|move|p2a: Uwu orb|Thunder Wave|p1a: Espathra\n|-status|p1a: Espathra|par\n|\n|-weather|Sandstorm|[upkeep]\n|-damage|p1a: Espathra|82\/100 par|[from] Sandstorm\n|-ability|p1a: Espathra|Speed Boost|boost\n|-boost|p1a: Espathra|spe|1\n|upkeep\n|turn|6\n|inactive|LuukTheGamer has 240 seconds left.\n|\n|t:|1699797845\n|switch|p2a: Donphozo|Donphan, M|100\/100\n|move|p1a: Espathra|Calm Mind|p1a: Espathra\n|-boost|p1a: Espathra|spa|1\n|-boost|p1a: Espathra|spd|1\n|\n|-weather|Sandstorm|[upkeep]\n|-damage|p1a: Espathra|76\/100 par|[from] Sandstorm\n|-ability|p1a: Espathra|Speed Boost|boost\n|-boost|p1a: Espathra|spe|1\n|upkeep\n|turn|7\n|\n|t:|1699797854\n|move|p1a: Espathra|Stored Power|p2a: Donphozo\n|-ability|p2a: Donphozo|Sturdy\n|-damage|p2a: Donphozo|1\/100\n|move|p2a: Donphozo|Knock Off|p1a: Espathra\n|-supereffective|p1a: Espathra\n|-damage|p1a: Espathra|35\/100 par\n|\n|-weather|Sandstorm|[upkeep]\n|-damage|p1a: Espathra|29\/100 par|[from] Sandstorm\n|-ability|p1a: Espathra|Speed Boost|boost\n|-boost|p1a: Espathra|spe|1\n|upkeep\n|turn|8\n|\n|t:|1699797866\n|switch|p2a: DREAM ON|Tyranitar, M|100\/100\n|-damage|p2a: DREAM ON|88\/100|[from] Stealth Rock\n|move|p1a: Espathra|Protect||[still]\n|-fail|p1a: Espathra\n|\n|-weather|none\n|-ability|p1a: Espathra|Speed Boost|boost\n|-boost|p1a: Espathra|spe|1\n|upkeep\n|turn|9\n|inactive|LuukTheGamer has 240 seconds left.\n|\n|t:|1699797882\n|cant|p1a: Espathra|par\n|move|p2a: DREAM ON|Knock Off|p1a: Espathra\n|-supereffective|p1a: Espathra\n|-damage|p1a: Espathra|0 fnt\n|faint|p1a: Espathra\n|\n|-fieldend|move: Psychic Terrain\n|upkeep\n|c|\u2606HinaKagiyama1|Pfft\n|inactive|LuukTheGamer has 240 seconds left.\n|\n|t:|1699797896\n|switch|p1a: Donphan|Donphan, L6, M|100\/100\n|-damage|p1a: Donphan|90\/100|[from] Spikes\n|turn|10\n|inactive|LuukTheGamer has 240 seconds left.\n|\n|t:|1699797903\n|move|p2a: DREAM ON|Knock Off|p1a: Donphan\n|-damage|p1a: Donphan|0 fnt\n|-enditem|p1a: Donphan|Custap Berry|[from] move: Knock Off|[of] p2a: DREAM ON\n|faint|p1a: Donphan\n|\n|upkeep\n|inactive|LuukTheGamer has 240 seconds left.\n|\n|t:|1699797909\n|switch|p1a: Indeedee|Indeedee-F, F, shiny|94\/100\n|-damage|p1a: Indeedee|82\/100|[from] Spikes\n|-fieldstart|move: Psychic Terrain|[from] ability: Psychic Surge|[of] p1a: Indeedee\n|turn|11\n|inactive|LuukTheGamer has 240 seconds left.\n|\n|t:|1699797939\n|switch|p1a: Zacian|Zacian|100\/100\n|-damage|p1a: Zacian|88\/100|[from] Spikes\n|-ability|p1a: Zacian|Intrepid Sword|boost\n|-boost|p1a: Zacian|atk|1\n|move|p2a: DREAM ON|Thunder Wave|p1a: Zacian\n|-status|p1a: Zacian|par\n|\n|upkeep\n|turn|12\n|\n|t:|1699797950\n|switch|p2a: Uwu orb|Magearna|100\/100\n|-damage|p2a: Uwu orb|94\/100|[from] Stealth Rock\n|cant|p1a: Zacian|par\n|\n|-heal|p2a: Uwu orb|100\/100|[from] item: Leftovers\n|upkeep\n|turn|13\n|\n|t:|1699797961\n|move|p1a: Zacian|Swords Dance|p1a: Zacian\n|-boost|p1a: Zacian|atk|2\n|move|p2a: Uwu orb|Fleur Cannon|p1a: Zacian\n|-crit|p1a: Zacian\n|-damage|p1a: Zacian|0 fnt\n|-unboost|p2a: Uwu orb|spa|2\n|faint|p1a: Zacian\n|-ability|p2a: Uwu orb|Soul-Heart|boost\n|-boost|p2a: Uwu orb|spa|1\n|\n|upkeep\n|inactive|LuukTheGamer has 210 seconds left.\n|inactive|LuukTheGamer has 180 seconds left.\n|\n|t:|1699798012\n|switch|p1a: Sneasler|Sneasler, F|100\/100\n|-damage|p1a: Sneasler|88\/100|[from] Spikes\n|-enditem|p1a: Sneasler|Psychic Seed\n|-boost|p1a: Sneasler|spd|1|[from] item: Psychic Seed\n|turn|14\n|inactive|LuukTheGamer has 180 seconds left.\n|\n|t:|1699798028\n|move|p1a: Sneasler|Close Combat|p2a: Uwu orb\n|-damage|p2a: Uwu orb|40\/100\n|-unboost|p1a: Sneasler|def|1\n|-unboost|p1a: Sneasler|spd|1\n|move|p2a: Uwu orb|Thunder Wave|p1a: Sneasler\n|-status|p1a: Sneasler|par\n|\n|-heal|p2a: Uwu orb|46\/100|[from] item: Leftovers\n|upkeep\n|turn|15\n|\n|t:|1699798039\n|move|p1a: Sneasler|Close Combat|p2a: Uwu orb\n|-damage|p2a: Uwu orb|0 fnt\n|-unboost|p1a: Sneasler|def|1\n|-unboost|p1a: Sneasler|spd|1\n|faint|p2a: Uwu orb\n|\n|upkeep\n|\n|t:|1699798046\n|switch|p2a: Donphozo|Donphan, M|1\/100\n|turn|16\n|inactive|LuukTheGamer has 180 seconds left.\n|\n|t:|1699798052\n|cant|p1a: Sneasler|par\n|move|p2a: Donphozo|Rapid Spin|p1a: Sneasler\n|-crit|p1a: Sneasler\n|-damage|p1a: Sneasler|0 fnt\n|-boost|p2a: Donphozo|spe|1\n|-sideend|p2: HinaKagiyama1|Stealth Rock|[from] move: Rapid Spin|[of] p2a: Donphozo\n|faint|p1a: Sneasler\n|\n|upkeep\n|inactive|LuukTheGamer has 180 seconds left.\n|c|\u2606LuukTheGamer|naww man\n|c|\u2606HinaKagiyama1|Rapid spin\n|c|\u2606HinaKagiyama1|non stab\n|c|\u2606HinaKagiyama1|that is funny\n|c|\u2606LuukTheGamer|did crit matter?\n|c|\u2606HinaKagiyama1|100%\n|inactive|LuukTheGamer has 150 seconds left.\n|c|\u2606HinaKagiyama1|i dont even need to calc to know\n|c|\u2606LuukTheGamer|bruhhh\n|\n|t:|1699798105\n|switch|p1a: Arceus|Arceus-Psychic|100\/100\n|-damage|p1a: Arceus|88\/100|[from] Spikes\n|turn|17\n|inactive|HinaKagiyama1 has 270 seconds left.\n|c|\u2606HinaKagiyama1|Yea, it would have done ~67%\n|c|\u2606LuukTheGamer|damn\n|\n|t:|1699798155\n|move|p1a: Arceus|Dragon Dance|p1a: Arceus\n|-boost|p1a: Arceus|atk|1\n|-boost|p1a: Arceus|spe|1\n|move|p2a: Donphozo|Knock Off|p1a: Arceus\n|-supereffective|p1a: Arceus\n|-damage|p1a: Arceus|50\/100\n|\n|upkeep\n|turn|18\n|\n|t:|1699798168\n|-terastallize|p1a: Arceus|Fire\n|move|p2a: Donphozo|Ice Shard|p1a: Arceus\n|-activate|p1a: Arceus|move: Psychic Terrain\n|move|p1a: Arceus|Dragon Dance|p1a: Arceus\n|-boost|p1a: Arceus|atk|1\n|-boost|p1a: Arceus|spe|1\n|\n|-fieldend|move: Psychic Terrain\n|upkeep\n|turn|19\n|c|\u2606HinaKagiyama1|Brain fart\n|\n|t:|1699798185\n|move|p2a: Donphozo|Ice Shard|p1a: Arceus\n|-resisted|p1a: Arceus\n|-damage|p1a: Arceus|44\/100\n|move|p1a: Arceus|Dragon Dance|p1a: Arceus\n|-boost|p1a: Arceus|atk|1\n|-boost|p1a: Arceus|spe|1\n|\n|upkeep\n|turn|20\n|inactive|LuukTheGamer has 120 seconds left.\n|\n|t:|1699798205\n|move|p1a: Arceus|Dragon Dance|p1a: Arceus\n|-boost|p1a: Arceus|atk|1\n|-boost|p1a: Arceus|spe|1\n|move|p2a: Donphozo|Earthquake|p1a: Arceus\n|-supereffective|p1a: Arceus\n|-damage|p1a: Arceus|0 fnt\n|faint|p1a: Arceus\n|\n|upkeep\n|c|\u2606LuukTheGamer|woops\n|c|\u2606LuukTheGamer|gg\n|c|\u2606HinaKagiyama1|Gg xD\n|-message|LuukTheGamer forfeited.\n|\n|win|HinaKagiyama1\n|l|\u2606LuukTheGamer\n","uploadtime":1699798229,"views":16,"p1id":"luukthegamer","p2id":"hinakagiyama1","formatid":"gen9ubers","rating":0,"private":0,"password":""}