{"id":"gen9ubers-1979752343","p1":"Albaz Brand","p2":"Nitro524","format":"[Gen 9] Ubers","log":"|j|\u2606Albaz Brand\n|j|\u2606Nitro524\n|t:|1698709588\n|gametype|singles\n|player|p1|Albaz Brand|bellelba|\n|player|p2|Nitro524|hilbert|\n|teamsize|p1|6\n|teamsize|p2|6\n|gen|9\n|tier|[Gen 9] Ubers\n|rule|Sleep Clause Mod: Limit one foe put to sleep\n|rule|Species Clause: Limit one of each Pok\u00e9mon\n|rule|OHKO Clause: OHKO moves are banned\n|rule|Evasion Items Clause: Evasion items are banned\n|rule|Evasion Moves Clause: Evasion moves are banned\n|rule|Endless Battle Clause: Forcing endless battles is banned\n|rule|HP Percentage Mod: HP is shown in percentages\n|clearpoke\n|poke|p1|Torkoal, M|\n|poke|p1|Spectrier|\n|poke|p1|Dragonite, M|\n|poke|p1|Roaring Moon|\n|poke|p1|Walking Wake|\n|poke|p1|Iron Moth|\n|poke|p2|Meowscarada, F|\n|poke|p2|Grimmsnarl, M|\n|poke|p2|Zacian-*|\n|poke|p2|Arceus-Poison|\n|poke|p2|Magearna|\n|poke|p2|Basculegion-F, F|\n|teampreview\n|c|\u2606Nitro524|glhf\n|\n|t:|1698709598\n|start\n|switch|p1a: Torkoal|Torkoal, M|100\/100\n|switch|p2a: Meowscarada|Meowscarada, F|100\/100\n|-weather|SunnyDay|[from] ability: Drought|[of] p1a: Torkoal\n|turn|1\n|\n|t:|1698709605\n|move|p2a: Meowscarada|Spikes|p1a: Torkoal\n|-start|p2a: Meowscarada|typechange|Ground|[from] ability: Protean\n|-sidestart|p1: Albaz Brand|Spikes\n|move|p1a: Torkoal|Lava Plume|p2a: Meowscarada\n|-damage|p2a: Meowscarada|43\/100\n|\n|-weather|SunnyDay|[upkeep]\n|upkeep\n|turn|2\n|\n|t:|1698709612\n|move|p2a: Meowscarada|Knock Off|p1a: Torkoal\n|-damage|p1a: Torkoal|83\/100\n|-enditem|p1a: Torkoal|Heat Rock|[from] move: Knock Off|[of] p2a: Meowscarada\n|move|p1a: Torkoal|Will-O-Wisp|p2a: Meowscarada\n|-status|p2a: Meowscarada|brn\n|\n|-weather|SunnyDay|[upkeep]\n|-damage|p2a: Meowscarada|37\/100 brn|[from] brn\n|upkeep\n|turn|3\n|\n|t:|1698709622\n|move|p2a: Meowscarada|Spikes|p1a: Torkoal\n|-sidestart|p1: Albaz Brand|Spikes\n|move|p1a: Torkoal|Rapid Spin|p2a: Meowscarada\n|-crit|p2a: Meowscarada\n|-damage|p2a: Meowscarada|16\/100 brn\n|-boost|p1a: Torkoal|spe|1\n|-sideend|p1: Albaz Brand|Spikes|[from] move: Rapid Spin|[of] p1a: Torkoal\n|\n|-weather|SunnyDay|[upkeep]\n|-damage|p2a: Meowscarada|10\/100 brn|[from] brn\n|upkeep\n|turn|4\n|\n|t:|1698709629\n|move|p2a: Meowscarada|Spikes|p1a: Torkoal\n|-sidestart|p1: Albaz Brand|Spikes\n|move|p1a: Torkoal|Lava Plume|p2a: Meowscarada\n|-damage|p2a: Meowscarada|0 fnt\n|faint|p2a: Meowscarada\n|\n|-weather|SunnyDay|[upkeep]\n|upkeep\n|\n|t:|1698709650\n|switch|p2a: Grimmsnarl|Grimmsnarl, M|100\/100\n|turn|5\n|\n|t:|1698709657\n|move|p2a: Grimmsnarl|Light Screen|p2a: Grimmsnarl\n|-sidestart|p2: Nitro524|move: Light Screen\n|move|p1a: Torkoal|Clear Smog|p2a: Grimmsnarl\n|-supereffective|p2a: Grimmsnarl\n|-damage|p2a: Grimmsnarl|93\/100\n|-clearboost|p2a: Grimmsnarl\n|\n|-weather|SunnyDay|[upkeep]\n|upkeep\n|turn|6\n|\n|t:|1698709662\n|move|p2a: Grimmsnarl|Reflect|p2a: Grimmsnarl\n|-sidestart|p2: Nitro524|Reflect\n|move|p1a: Torkoal|Lava Plume|p2a: Grimmsnarl\n|-damage|p2a: Grimmsnarl|79\/100\n|\n|-weather|SunnyDay|[upkeep]\n|upkeep\n|turn|7\n|\n|t:|1698709680\n|switch|p1a: Spectrier|Spectrier|100\/100\n|-damage|p1a: Spectrier|88\/100|[from] Spikes\n|move|p2a: Grimmsnarl|Parting Shot|p1a: Spectrier\n|-unboost|p1a: Spectrier|atk|1\n|-unboost|p1a: Spectrier|spa|1\n|\n|t:|1698709708\n|switch|p2a: Magearna|Magearna|100\/100|[from] Parting Shot\n|\n|-weather|SunnyDay|[upkeep]\n|-heal|p1a: Spectrier|94\/100|[from] item: Leftovers\n|upkeep\n|turn|8\n|\n|t:|1698709723\n|move|p1a: Spectrier|Shadow Ball|p2a: Magearna\n|-damage|p2a: Magearna|87\/100\n|move|p2a: Magearna|Calm Mind|p2a: Magearna\n|-boost|p2a: Magearna|spa|1\n|-boost|p2a: Magearna|spd|1\n|\n|-weather|none\n|-heal|p1a: Spectrier|100\/100|[from] item: Leftovers\n|-heal|p2a: Magearna|93\/100|[from] item: Leftovers\n|upkeep\n|turn|9\n|\n|t:|1698709729\n|move|p1a: Spectrier|Shadow Ball|p2a: Magearna\n|-damage|p2a: Magearna|85\/100\n|move|p2a: Magearna|Draining Kiss|p1a: Spectrier\n|-damage|p1a: Spectrier|62\/100\n|-heal|p2a: Magearna|100\/100|[from] drain|[of] p1a: Spectrier\n|\n|-heal|p1a: Spectrier|69\/100|[from] item: Leftovers\n|upkeep\n|turn|10\n|\n|t:|1698709735\n|move|p1a: Spectrier|Nasty Plot|p1a: Spectrier\n|-boost|p1a: Spectrier|spa|2\n|move|p2a: Magearna|Calm Mind|p2a: Magearna\n|-boost|p2a: Magearna|spa|1\n|-boost|p2a: Magearna|spd|1\n|\n|-heal|p1a: Spectrier|75\/100|[from] item: Leftovers\n|upkeep\n|turn|11\n|\n|t:|1698709740\n|move|p1a: Spectrier|Shadow Ball|p2a: Magearna\n|-damage|p2a: Magearna|86\/100\n|move|p2a: Magearna|Calm Mind|p2a: Magearna\n|-boost|p2a: Magearna|spa|1\n|-boost|p2a: Magearna|spd|1\n|\n|-heal|p1a: Spectrier|81\/100|[from] item: Leftovers\n|-heal|p2a: Magearna|93\/100|[from] item: Leftovers\n|upkeep\n|turn|12\n|\n|t:|1698709748\n|move|p1a: Spectrier|Shadow Ball|p2a: Magearna\n|-damage|p2a: Magearna|81\/100\n|move|p2a: Magearna|Stored Power|p1a: Spectrier\n|-damage|p1a: Spectrier|0 fnt\n|faint|p1a: Spectrier\n|-ability|p2a: Magearna|Soul-Heart|boost\n|-boost|p2a: Magearna|spa|1\n|\n|-heal|p2a: Magearna|88\/100|[from] item: Leftovers\n|-sideend|p2: Nitro524|move: Light Screen\n|upkeep\n|\n|t:|1698709757\n|switch|p1a: Torkoal|Torkoal, M|83\/100\n|-damage|p1a: Torkoal|70\/100|[from] Spikes\n|-weather|SunnyDay|[from] ability: Drought|[of] p1a: Torkoal\n|turn|13\n|\n|t:|1698709763\n|move|p2a: Magearna|Stored Power|p1a: Torkoal\n|-damage|p1a: Torkoal|0 fnt\n|faint|p1a: Torkoal\n|-ability|p2a: Magearna|Soul-Heart|boost\n|-boost|p2a: Magearna|spa|1\n|\n|-weather|SunnyDay|[upkeep]\n|-heal|p2a: Magearna|94\/100|[from] item: Leftovers\n|-sideend|p2: Nitro524|Reflect\n|upkeep\n|\n|t:|1698709774\n|switch|p1a: Roaring Moon|Roaring Moon|100\/100\n|-damage|p1a: Roaring Moon|88\/100|[from] Spikes\n|-activate|p1a: Roaring Moon|ability: Protosynthesis\n|-start|p1a: Roaring Moon|protosynthesisatk\n|turn|14\n|\n|t:|1698709781\n|move|p1a: Roaring Moon|Knock Off|p2a: Magearna\n|-resisted|p2a: Magearna\n|-damage|p2a: Magearna|70\/100\n|-enditem|p2a: Magearna|Leftovers|[from] move: Knock Off|[of] p1a: Roaring Moon\n|move|p2a: Magearna|Draining Kiss|p1a: Roaring Moon\n|-supereffective|p1a: Roaring Moon\n|-damage|p1a: Roaring Moon|0 fnt\n|-heal|p2a: Magearna|100\/100|[from] drain|[of] p1a: Roaring Moon\n|faint|p1a: Roaring Moon\n|-ability|p2a: Magearna|Soul-Heart|boost\n|-boost|p2a: Magearna|spa|1\n|-end|p1a: Roaring Moon|Protosynthesis|[silent]\n|\n|-weather|SunnyDay|[upkeep]\n|upkeep\n|\n|t:|1698709791\n|switch|p1a: Walking Wake|Walking Wake|100\/100\n|-damage|p1a: Walking Wake|88\/100|[from] Spikes\n|-activate|p1a: Walking Wake|ability: Protosynthesis\n|-start|p1a: Walking Wake|protosynthesisspe\n|turn|15\n|\n|t:|1698709796\n|move|p1a: Walking Wake|Flamethrower|p2a: Magearna\n|-supereffective|p2a: Magearna\n|-damage|p2a: Magearna|57\/100\n|move|p2a: Magearna|Draining Kiss|p1a: Walking Wake\n|-supereffective|p1a: Walking Wake\n|-damage|p1a: Walking Wake|0 fnt\n|-heal|p2a: Magearna|100\/100|[from] drain|[of] p1a: Walking Wake\n|faint|p1a: Walking Wake\n|-end|p1a: Walking Wake|Protosynthesis|[silent]\n|\n|-weather|SunnyDay|[upkeep]\n|upkeep\n|\n|t:|1698709801\n|switch|p1a: Iron Moth|Iron Moth, shiny|100\/100\n|-damage|p1a: Iron Moth|88\/100|[from] Spikes\n|-enditem|p1a: Iron Moth|Booster Energy\n|-activate|p1a: Iron Moth|ability: Quark Drive|[fromitem]\n|-start|p1a: Iron Moth|quarkdrivespe\n|turn|16\n|\n|t:|1698709805\n|move|p1a: Iron Moth|Fiery Dance|p2a: Magearna\n|-supereffective|p2a: Magearna\n|-damage|p2a: Magearna|57\/100\n|-boost|p1a: Iron Moth|spa|1\n|move|p2a: Magearna|Stored Power|p1a: Iron Moth\n|-supereffective|p1a: Iron Moth\n|-damage|p1a: Iron Moth|0 fnt\n|faint|p1a: Iron Moth\n|-end|p1a: Iron Moth|Quark Drive|[silent]\n|\n|-weather|SunnyDay|[upkeep]\n|upkeep\n|\n|t:|1698709812\n|switch|p1a: Dragonite|Dragonite, M|100\/100\n|turn|17\n|c|\u2606Nitro524|gg\n|\n|t:|1698709814\n|move|p1a: Dragonite|Earthquake|p2a: Magearna\n|-supereffective|p2a: Magearna\n|-damage|p2a: Magearna|7\/100\n|move|p2a: Magearna|Draining Kiss|p1a: Dragonite\n|-supereffective|p1a: Dragonite\n|-damage|p1a: Dragonite|5\/100\n|-heal|p2a: Magearna|71\/100|[from] drain|[of] p1a: Dragonite\n|\n|-weather|none\n|-heal|p1a: Dragonite|11\/100|[from] item: Leftovers\n|upkeep\n|turn|18\n|\n|t:|1698709818\n|move|p1a: Dragonite|Earthquake|p2a: Magearna\n|-supereffective|p2a: Magearna\n|-damage|p2a: Magearna|22\/100\n|move|p2a: Magearna|Draining Kiss|p1a: Dragonite\n|-supereffective|p1a: Dragonite\n|-damage|p1a: Dragonite|0 fnt\n|-heal|p2a: Magearna|29\/100|[from] drain|[of] p1a: Dragonite\n|faint|p1a: Dragonite\n|\n|win|Nitro524\n|l|\u2606Albaz Brand\n|c|\u2606Nitro524|gg!\n","uploadtime":1698709824,"views":6,"p1id":"albazbrand","p2id":"nitro524","formatid":"gen9ubers","rating":0,"private":0,"password":""}