{"id":"gen9ubers-1991281511","p1":"Wayne4life","p2":"Balkanized","format":"[Gen 9] Ubers","log":"|j|\u2606Wayne4life\n|j|\u2606Balkanized\n|t:|1700063981\n|gametype|singles\n|player|p1|Wayne4life|101|1078\n|player|p2|Balkanized|skier|1197\n|teamsize|p1|6\n|teamsize|p2|6\n|gen|9\n|tier|[Gen 9] Ubers\n|rated|\n|rule|Sleep Clause Mod: Limit one foe put to sleep\n|rule|Species Clause: Limit one of each Pok\u00e9mon\n|rule|OHKO Clause: OHKO moves are banned\n|rule|Evasion Items Clause: Evasion items are banned\n|rule|Evasion Moves Clause: Evasion moves are banned\n|rule|Endless Battle Clause: Forcing endless battles is banned\n|rule|HP Percentage Mod: HP is shown in percentages\n|clearpoke\n|poke|p1|Annihilape, F|\n|poke|p1|Greninja-*, M|\n|poke|p1|Staraptor, F|\n|poke|p1|Meowscarada, F|\n|poke|p1|Ninetales-Alola, F|\n|poke|p1|Munkidori, M|\n|poke|p2|Chien-Pao|\n|poke|p2|Frosmoth, F|\n|poke|p2|Baxcalibur, F|\n|poke|p2|Calyrex-Ice|\n|poke|p2|Arceus-Ice|\n|poke|p2|Ninetales-Alola, F|\n|teampreview\n|\n|t:|1700063989\n|start\n|switch|p1a: Annihilape|Annihilape, F|100\/100\n|switch|p2a: Ninetales|Ninetales-Alola, F|100\/100\n|-weather|Snow|[from] ability: Snow Warning|[of] p2a: Ninetales\n|turn|1\n|\n|t:|1700063995\n|move|p2a: Ninetales|Aurora Veil|p2a: Ninetales\n|-sidestart|p2: Balkanized|move: Aurora Veil\n|move|p1a: Annihilape|Bulk Up|p1a: Annihilape\n|-boost|p1a: Annihilape|atk|1\n|-boost|p1a: Annihilape|def|1\n|\n|-weather|Snow|[upkeep]\n|upkeep\n|turn|2\n|\n|t:|1700064000\n|move|p2a: Ninetales|Nasty Plot|p2a: Ninetales\n|-boost|p2a: Ninetales|spa|2\n|move|p1a: Annihilape|Bulk Up|p1a: Annihilape\n|-boost|p1a: Annihilape|atk|1\n|-boost|p1a: Annihilape|def|1\n|\n|-weather|Snow|[upkeep]\n|upkeep\n|turn|3\n|\n|t:|1700064007\n|move|p2a: Ninetales|Blizzard|p1a: Annihilape\n|-damage|p1a: Annihilape|37\/100\n|move|p1a: Annihilape|Drain Punch|p2a: Ninetales\n|-damage|p2a: Ninetales|64\/100\n|-heal|p1a: Annihilape|49\/100|[from] drain|[of] p2a: Ninetales\n|\n|-weather|Snow|[upkeep]\n|upkeep\n|turn|4\n|\n|t:|1700064015\n|move|p2a: Ninetales|Blizzard|p1a: Annihilape\n|-damage|p1a: Annihilape|0 fnt\n|faint|p1a: Annihilape\n|\n|-weather|Snow|[upkeep]\n|upkeep\n|\n|t:|1700064019\n|switch|p1a: Greninja|Greninja, M|100\/100\n|turn|5\n|\n|t:|1700064028\n|switch|p2a: Frosmoth|Frosmoth, F|100\/100\n|-terastallize|p1a: Greninja|Water\n|move|p1a: Greninja|Hydro Pump|p2a: Frosmoth|[miss]\n|-miss|p1a: Greninja|p2a: Frosmoth\n|\n|-weather|none\n|upkeep\n|turn|6\n|inactive|Battle timer is ON: inactive players will automatically lose when time's up. (requested by Balkanized)\n|\n|t:|1700064077\n|move|p1a: Greninja|Hydro Pump|p2a: Frosmoth\n|-damage|p2a: Frosmoth|82\/100\n|-damage|p1a: Greninja|91\/100|[from] item: Life Orb\n|move|p2a: Frosmoth|Quiver Dance|p2a: Frosmoth\n|-boost|p2a: Frosmoth|spa|1\n|-boost|p2a: Frosmoth|spd|1\n|-boost|p2a: Frosmoth|spe|1\n|\n|upkeep\n|turn|7\n|\n|t:|1700064085\n|move|p1a: Greninja|Ice Beam|p2a: Frosmoth\n|-resisted|p2a: Frosmoth\n|-damage|p2a: Frosmoth|79\/100\n|-damage|p1a: Greninja|81\/100|[from] item: Life Orb\n|move|p2a: Frosmoth|Quiver Dance|p2a: Frosmoth\n|-boost|p2a: Frosmoth|spa|1\n|-boost|p2a: Frosmoth|spd|1\n|-boost|p2a: Frosmoth|spe|1\n|\n|upkeep\n|turn|8\n|\n|t:|1700064094\n|switch|p1a: Staraptor|Staraptor, F|100\/100\n|move|p2a: Frosmoth|Quiver Dance|p2a: Frosmoth\n|-boost|p2a: Frosmoth|spa|1\n|-boost|p2a: Frosmoth|spd|1\n|-boost|p2a: Frosmoth|spe|1\n|\n|-sideend|p2: Balkanized|move: Aurora Veil\n|upkeep\n|turn|9\n|\n|t:|1700064101\n|move|p2a: Frosmoth|Ice Beam|p1a: Staraptor\n|-supereffective|p1a: Staraptor\n|-damage|p1a: Staraptor|0 fnt\n|faint|p1a: Staraptor\n|\n|upkeep\n|\n|t:|1700064105\n|switch|p1a: Munkidori|Munkidori, M|100\/100\n|turn|10\n|\n|t:|1700064109\n|move|p2a: Frosmoth|Ice Beam|p1a: Munkidori\n|-enditem|p1a: Munkidori|Focus Sash\n|-damage|p1a: Munkidori|1\/100\n|move|p1a: Munkidori|Sludge Wave|p2a: Frosmoth\n|-damage|p2a: Frosmoth|70\/100\n|\n|upkeep\n|turn|11\n|\n|t:|1700064116\n|move|p2a: Frosmoth|Ice Beam|p1a: Munkidori\n|-damage|p1a: Munkidori|0 fnt\n|faint|p1a: Munkidori\n|\n|upkeep\n|-message|Wayne4life forfeited.\n|\n|win|Balkanized\n|raw|Wayne4life's rating: 1078 &rarr; <strong>1063<\/strong><br \/>(-15 for losing)\n|raw|Balkanized's rating: 1197 &rarr; <strong>1214<\/strong><br \/>(+17 for winning)\n|l|\u2606Wayne4life\n","uploadtime":1700064129,"views":7,"p1id":"wayne4life","p2id":"balkanized","formatid":"gen9ubers","rating":1063,"private":0,"password":""}