{"id":"gen9ubers-1972706191","p1":"banwobDPP","p2":"KingICharizard","format":"[Gen 9] Ubers","log":"|j|\u2606banwobDPP\n|j|\u2606KingICharizard\n|inactive|Battle timer is ON: inactive players will automatically lose when time's up.\n|t:|1697881579\n|gametype|singles\n|player|p1|banwobDPP|n-masters|\n|player|p2|KingICharizard|gambler|\n|teamsize|p1|6\n|teamsize|p2|6\n|gen|9\n|tier|[Gen 9] Ubers\n|rated|Tournament battle\n|rule|Sleep Clause Mod: Limit one foe put to sleep\n|rule|Species Clause: Limit one of each Pok\u00e9mon\n|rule|OHKO Clause: OHKO moves are banned\n|rule|Evasion Items Clause: Evasion items are banned\n|rule|Evasion Moves Clause: Evasion moves are banned\n|rule|Endless Battle Clause: Forcing endless battles is banned\n|rule|HP Percentage Mod: HP is shown in percentages\n|rule|Terastal Clause: You cannot Terastallize\n|rule|1 Ability Clause: Limit 1 of each ability\n|clearpoke\n|poke|p1|Kyogre|\n|poke|p1|Flutter Mane|\n|poke|p1|Zacian-*|\n|poke|p1|Arceus-Ground|\n|poke|p1|Urshifu-*, F|\n|poke|p1|Calyrex-Ice|\n|poke|p2|Dialga|\n|poke|p2|Calyrex-Shadow|\n|poke|p2|Arceus-Fire|\n|poke|p2|Chi-Yu|\n|poke|p2|Urshifu-*, F|\n|poke|p2|Giratina|\n|teampreview\n|j|*Lady Monita \u263d\n|j|^RUMYMOME\n|inactive|banwobDPP has 120 seconds left.\n|c|\u2606KingICharizard|Gl\n|\n|t:|1697881617\n|start\n|switch|p1a: Zacian|Zacian-Crowned|100\/100\n|switch|p2a: Urshifu|Urshifu-Rapid-Strike, F|100\/100\n|-ability|p1a: Zacian|Intrepid Sword|boost\n|-boost|p1a: Zacian|atk|1\n|turn|1\n|\n|t:|1697881629\n|move|p2a: Urshifu|Surging Strikes|p1a: Zacian\n|-crit|p1a: Zacian\n|-damage|p1a: Zacian|74\/100\n|-crit|p1a: Zacian\n|-damage|p1a: Zacian|45\/100\n|-crit|p1a: Zacian\n|-damage|p1a: Zacian|15\/100\n|-hitcount|p1a: Zacian|3\n|move|p1a: Zacian|Play Rough|p2a: Urshifu\n|-supereffective|p2a: Urshifu\n|-damage|p2a: Urshifu|0 fnt\n|faint|p2a: Urshifu\n|\n|upkeep\n|\n|t:|1697881646\n|switch|p2a: Calyrex|Calyrex-Shadow|100\/100\n|-ability|p2a: Calyrex|Beads of Ruin\n|turn|2\n|\n|t:|1697881662\n|move|p2a: Calyrex|Astral Barrage|p1a: Zacian\n|-damage|p1a: Zacian|0 fnt\n|faint|p1a: Zacian\n|\n|upkeep\n|inactive|banwobDPP has 120 seconds left.\n|\n|t:|1697881709\n|switch|p1a: Kyogre|Kyogre|100\/100\n|-weather|RainDance|[from] ability: Drizzle|[of] p1a: Kyogre\n|turn|3\n|\n|t:|1697881715\n|switch|p2a: Giratina|Giratina|100\/100\n|move|p1a: Kyogre|Surf|p2a: Giratina\n|-resisted|p2a: Giratina\n|-damage|p2a: Giratina|86\/100\n|\n|-weather|RainDance|[upkeep]\n|-heal|p2a: Giratina|92\/100|[from] item: Leftovers\n|upkeep\n|turn|4\n|\n|t:|1697881724\n|move|p2a: Giratina|Will-O-Wisp|p1a: Kyogre\n|-status|p1a: Kyogre|brn\n|move|p1a: Kyogre|Substitute|p1a: Kyogre\n|-start|p1a: Kyogre|Substitute\n|-damage|p1a: Kyogre|75\/100 brn\n|\n|-weather|RainDance|[upkeep]\n|-heal|p1a: Kyogre|82\/100 brn|[from] item: Leftovers\n|-heal|p2a: Giratina|98\/100|[from] item: Leftovers\n|-damage|p1a: Kyogre|75\/100 brn|[from] brn\n|upkeep\n|turn|5\n|\n|t:|1697881727\n|move|p1a: Kyogre|Calm Mind|p1a: Kyogre\n|-boost|p1a: Kyogre|spa|1\n|-boost|p1a: Kyogre|spd|1\n|move|p2a: Giratina|Roar|p1a: Kyogre\n|drag|p1a: Calyrex|Calyrex-Ice|100\/100\n|-ability|p1a: Calyrex|As One\n|-ability|p1a: Calyrex|Unnerve\n|\n|-weather|RainDance|[upkeep]\n|-heal|p2a: Giratina|100\/100|[from] item: Leftovers\n|upkeep\n|turn|6\n|\n|t:|1697881750\n|switch|p2a: Dialga|Dialga|100\/100\n|move|p1a: Calyrex|Glacial Lance|p2a: Dialga\n|-damage|p2a: Dialga|28\/100\n|\n|-weather|RainDance|[upkeep]\n|upkeep\n|turn|7\n|\n|t:|1697881764\n|move|p2a: Dialga|Flash Cannon|p1a: Calyrex\n|-supereffective|p1a: Calyrex\n|-damage|p1a: Calyrex|4\/100\n|move|p1a: Calyrex|Trick Room|p1a: Calyrex\n|-fieldstart|move: Trick Room|[of] p1a: Calyrex\n|\n|-weather|none\n|upkeep\n|turn|8\n|\n|t:|1697881785\n|move|p1a: Calyrex|Glacial Lance|p2a: Dialga\n|-damage|p2a: Dialga|0 fnt\n|faint|p2a: Dialga\n|-ability|p1a: Calyrex|Chilling Neigh|boost\n|-boost|p1a: Calyrex|atk|1\n|\n|upkeep\n|\n|t:|1697881787\n|switch|p2a: Arceus|Arceus-Fire|100\/100\n|turn|9\n|\n|t:|1697881795\n|move|p2a: Arceus|Extreme Speed|p1a: Calyrex\n|-damage|p1a: Calyrex|0 fnt\n|faint|p1a: Calyrex\n|\n|upkeep\n|\n|t:|1697881818\n|switch|p1a: Kyogre|Kyogre|75\/100 brn\n|-weather|RainDance|[from] ability: Drizzle|[of] p1a: Kyogre\n|turn|10\n|\n|t:|1697881829\n|move|p1a: Kyogre|Surf|p2a: Arceus\n|-supereffective|p2a: Arceus\n|-damage|p2a: Arceus|12\/100\n|move|p2a: Arceus|Swords Dance|p2a: Arceus\n|-boost|p2a: Arceus|atk|2\n|\n|-weather|RainDance|[upkeep]\n|-heal|p1a: Kyogre|82\/100 brn|[from] item: Leftovers\n|-damage|p1a: Kyogre|75\/100 brn|[from] brn\n|upkeep\n|turn|11\n|\n|t:|1697881835\n|move|p2a: Arceus|Extreme Speed|p1a: Kyogre\n|-damage|p1a: Kyogre|32\/100 brn\n|move|p1a: Kyogre|Surf|p2a: Arceus\n|-supereffective|p2a: Arceus\n|-damage|p2a: Arceus|0 fnt\n|faint|p2a: Arceus\n|\n|-weather|RainDance|[upkeep]\n|-heal|p1a: Kyogre|38\/100 brn|[from] item: Leftovers\n|-damage|p1a: Kyogre|32\/100 brn|[from] brn\n|-fieldend|move: Trick Room\n|upkeep\n|\n|t:|1697881846\n|switch|p2a: Chi-Yu|Chi-Yu|100\/100\n|-weather|DesolateLand|[from] ability: Desolate Land|[of] p2a: Chi-Yu\n|turn|12\n|\n|t:|1697881854\n|move|p2a: Chi-Yu|Dark Pulse|p1a: Kyogre\n|-damage|p1a: Kyogre|10\/100 brn\n|move|p1a: Kyogre|Ice Beam|p2a: Chi-Yu\n|-resisted|p2a: Chi-Yu\n|-damage|p2a: Chi-Yu|83\/100\n|\n|-weather|DesolateLand|[upkeep]\n|-heal|p1a: Kyogre|16\/100 brn|[from] item: Leftovers\n|-damage|p1a: Kyogre|10\/100 brn|[from] brn\n|upkeep\n|turn|13\n|\n|t:|1697881864\n|move|p2a: Chi-Yu|Dark Pulse|p1a: Kyogre\n|-damage|p1a: Kyogre|0 fnt\n|faint|p1a: Kyogre\n|\n|-weather|DesolateLand|[upkeep]\n|upkeep\n|inactive|banwobDPP has 120 seconds left.\n|\n|t:|1697881905\n|switch|p1a: Flutter Mane|Flutter Mane|100\/100\n|turn|14\n|\n|t:|1697881911\n|-weather|none\n|switch|p2a: Giratina|Giratina|100\/100\n|move|p1a: Flutter Mane|Protect||[still]\n|-fail|p1a: Flutter Mane\n|\n|upkeep\n|turn|15\n|inactive|banwobDPP has 120 seconds left.\n|\n|t:|1697881922\n|move|p1a: Flutter Mane|Draining Kiss|p2a: Giratina\n|-supereffective|p2a: Giratina\n|-damage|p2a: Giratina|75\/100\n|move|p2a: Giratina|Shadow Ball|p1a: Flutter Mane\n|-supereffective|p1a: Flutter Mane\n|-damage|p1a: Flutter Mane|43\/100\n|\n|-heal|p2a: Giratina|81\/100|[from] item: Leftovers\n|upkeep\n|turn|16\n|\n|t:|1697881929\n|move|p1a: Flutter Mane|Draining Kiss|p2a: Giratina\n|-supereffective|p2a: Giratina\n|-damage|p2a: Giratina|54\/100\n|-heal|p1a: Flutter Mane|85\/100|[from] drain|[of] p2a: Giratina\n|move|p2a: Giratina|Shadow Ball|p1a: Flutter Mane\n|-supereffective|p1a: Flutter Mane\n|-damage|p1a: Flutter Mane|26\/100\n|\n|-heal|p2a: Giratina|60\/100|[from] item: Leftovers\n|upkeep\n|turn|17\n|\n|t:|1697881939\n|move|p1a: Flutter Mane|Draining Kiss|p2a: Giratina\n|-supereffective|p2a: Giratina\n|-damage|p2a: Giratina|35\/100\n|-heal|p1a: Flutter Mane|65\/100|[from] drain|[of] p2a: Giratina\n|move|p2a: Giratina|Shadow Ball|p1a: Flutter Mane\n|-supereffective|p1a: Flutter Mane\n|-damage|p1a: Flutter Mane|9\/100\n|\n|-heal|p2a: Giratina|41\/100|[from] item: Leftovers\n|upkeep\n|turn|18\n|\n|t:|1697881953\n|switch|p1a: Arceus|Arceus-Ground|100\/100\n|move|p2a: Giratina|Shadow Ball|p1a: Arceus\n|-damage|p1a: Arceus|78\/100\n|\n|-heal|p2a: Giratina|47\/100|[from] item: Leftovers\n|upkeep\n|turn|19\n|\n|t:|1697881960\n|switch|p2a: Chi-Yu|Chi-Yu|83\/100\n|-weather|DesolateLand|[from] ability: Desolate Land|[of] p2a: Chi-Yu\n|move|p1a: Arceus|Dragon Dance|p1a: Arceus\n|-boost|p1a: Arceus|atk|1\n|-boost|p1a: Arceus|spe|1\n|\n|-weather|DesolateLand|[upkeep]\n|upkeep\n|turn|20\n|\n|t:|1697881968\n|move|p2a: Chi-Yu|Overheat|p1a: Arceus\n|-damage|p1a: Arceus|4\/100\n|-unboost|p2a: Chi-Yu|spa|2\n|move|p1a: Arceus|Earthquake|p2a: Chi-Yu\n|-supereffective|p2a: Chi-Yu\n|-damage|p2a: Chi-Yu|0 fnt\n|faint|p2a: Chi-Yu\n|-weather|none\n|\n|upkeep\n|\n|t:|1697881976\n|switch|p2a: Giratina|Giratina|80\/100\n|turn|21\n|\n|t:|1697881985\n|move|p1a: Arceus|Earthquake|p2a: Giratina\n|-damage|p2a: Giratina|26\/100\n|move|p2a: Giratina|Shadow Ball|p1a: Arceus\n|-damage|p1a: Arceus|0 fnt\n|faint|p1a: Arceus\n|\n|-heal|p2a: Giratina|32\/100|[from] item: Leftovers\n|upkeep\n|\n|t:|1697882000\n|switch|p1a: Urshifu|Urshifu, F|100\/100\n|turn|22\n|\n|t:|1697882008\n|move|p1a: Urshifu|Wicked Blow|p2a: Giratina\n|-supereffective|p2a: Giratina\n|-crit|p2a: Giratina\n|-damage|p2a: Giratina|0 fnt\n|faint|p2a: Giratina\n|\n|upkeep\n|\n|t:|1697882009\n|switch|p2a: Calyrex|Calyrex-Shadow|100\/100\n|-ability|p2a: Calyrex|Beads of Ruin\n|turn|23\n|\n|t:|1697882017\n|switch|p1a: Flutter Mane|Flutter Mane|9\/100\n|move|p2a: Calyrex|Energy Ball|p1a: Flutter Mane\n|-damage|p1a: Flutter Mane|0 fnt\n|faint|p1a: Flutter Mane\n|\n|upkeep\n|\n|t:|1697882019\n|switch|p1a: Urshifu|Urshifu, F|100\/100\n|turn|24\n|\n|t:|1697882023\n|move|p1a: Urshifu|Sucker Punch|p2a: Calyrex\n|-supereffective|p2a: Calyrex\n|-damage|p2a: Calyrex|0 fnt\n|faint|p2a: Calyrex\n|\n|win|banwobDPP\n|n|\u2606banwobDPP|banwobdpp\n|n|\u2606KingICharizard|kingicharizard\n|n|*Lady Monita \u263d|ladymonita\n|n| RUMYMOME|rumymome\n","uploadtime":1697882024,"views":12,"p1id":"banwobdpp","p2id":"kingicharizard","formatid":"gen9ubers","rating":0,"private":0,"password":""}