{"id":"gen9ubers-1979077776","p1":"LingLing007","p2":"sinandbonez","format":"[Gen 9] Ubers","log":"|j|\u2606LingLing007\n|j|\u2606sinandbonez\n|t:|1698629309\n|gametype|singles\n|player|p1|LingLing007|hilbert-masters2|1000\n|player|p2|sinandbonez|265|1106\n|teamsize|p1|6\n|teamsize|p2|5\n|gen|9\n|tier|[Gen 9] Ubers\n|rated|\n|rule|Sleep Clause Mod: Limit one foe put to sleep\n|rule|Species Clause: Limit one of each Pok\u00e9mon\n|rule|OHKO Clause: OHKO moves are banned\n|rule|Evasion Items Clause: Evasion items are banned\n|rule|Evasion Moves Clause: Evasion moves are banned\n|rule|Endless Battle Clause: Forcing endless battles is banned\n|rule|HP Percentage Mod: HP is shown in percentages\n|clearpoke\n|poke|p1|Roaring Moon|\n|poke|p1|Toxapex, F|\n|poke|p1|Zoroark-Hisui, M|\n|poke|p1|Polteageist-Antique|\n|poke|p1|Great Tusk|\n|poke|p1|Ninetales-Alola, F|\n|poke|p2|Morpeko, F|\n|poke|p2|Great Tusk|\n|poke|p2|Shaymin-Sky|\n|poke|p2|Ceruledge, M|\n|poke|p2|Dialga|\n|teampreview\n|\n|t:|1698629332\n|start\n|switch|p1a: Ninetales|Ninetales-Alola, F, shiny|100\/100\n|switch|p2a: Ceruledge|Ceruledge, M|100\/100\n|-weather|Snow|[from] ability: Snow Warning|[of] p1a: Ninetales\n|turn|1\n|inactive|Battle timer is ON: inactive players will automatically lose when time's up. (requested by LingLing007)\n|\n|t:|1698629340\n|switch|p1a: Toxapex|Toxapex, F|100\/100\n|move|p2a: Ceruledge|Swords Dance|p2a: Ceruledge\n|-boost|p2a: Ceruledge|atk|2\n|\n|-weather|Snow|[upkeep]\n|upkeep\n|turn|2\n|\n|t:|1698629351\n|move|p2a: Ceruledge|Night Slash|p1a: Toxapex\n|-damage|p1a: Toxapex|67\/100\n|-damage|p2a: Ceruledge|84\/100|[from] item: Rocky Helmet|[of] p1a: Toxapex\n|move|p1a: Toxapex|Haze|p1a: Toxapex\n|-clearallboost\n|\n|-weather|Snow|[upkeep]\n|upkeep\n|turn|3\n|\n|t:|1698629363\n|switch|p2a: Dialga|Dialga|100\/100\n|-ability|p2a: Dialga|Pressure\n|move|p1a: Toxapex|Toxic|p2a: Dialga\n|-immune|p2a: Dialga\n|\n|-weather|Snow|[upkeep]\n|upkeep\n|turn|4\n|\n|t:|1698629371\n|move|p2a: Dialga|Thunder Wave|p1a: Toxapex\n|-status|p1a: Toxapex|par\n|move|p1a: Toxapex|Recover|p1a: Toxapex\n|-heal|p1a: Toxapex|100\/100 par\n|\n|-weather|Snow|[upkeep]\n|upkeep\n|turn|5\n|\n|t:|1698629381\n|move|p2a: Dialga|Draco Meteor|p1a: Toxapex|[miss]\n|-miss|p2a: Dialga|p1a: Toxapex\n|move|p1a: Toxapex|Liquidation|p2a: Dialga\n|-resisted|p2a: Dialga\n|-damage|p2a: Dialga|92\/100\n|-unboost|p2a: Dialga|def|1\n|\n|-weather|none\n|upkeep\n|turn|6\n|\n|t:|1698629389\n|switch|p1a: Ninetales|Ninetales-Alola, F, shiny|100\/100\n|-weather|Snow|[from] ability: Snow Warning|[of] p1a: Ninetales\n|move|p2a: Dialga|Earthquake|p1a: Ninetales\n|-damage|p1a: Ninetales|74\/100\n|\n|-weather|Snow|[upkeep]\n|upkeep\n|turn|7\n|\n|t:|1698629404\n|move|p1a: Ninetales|Aurora Veil|p1a: Ninetales\n|-sidestart|p1: LingLing007|move: Aurora Veil\n|move|p2a: Dialga|Heavy Slam|p1a: Ninetales\n|-supereffective|p1a: Ninetales\n|-damage|p1a: Ninetales|0 fnt\n|faint|p1a: Ninetales\n|\n|-weather|Snow|[upkeep]\n|upkeep\n|\n|t:|1698629408\n|switch|p1a: Roaring Moon|Roaring Moon|100\/100\n|-enditem|p1a: Roaring Moon|Booster Energy\n|-activate|p1a: Roaring Moon|ability: Protosynthesis|[fromitem]\n|-start|p1a: Roaring Moon|protosynthesisspe\n|turn|8\n|\n|t:|1698629421\n|switch|p2a: Great Tusk|Great Tusk|100\/100\n|-enditem|p2a: Great Tusk|Booster Energy\n|-activate|p2a: Great Tusk|ability: Protosynthesis|[fromitem]\n|-start|p2a: Great Tusk|protosynthesisdef\n|-terastallize|p1a: Roaring Moon|Flying\n|move|p1a: Roaring Moon|Dragon Dance|p1a: Roaring Moon\n|-boost|p1a: Roaring Moon|atk|1\n|-boost|p1a: Roaring Moon|spe|1\n|\n|-weather|Snow|[upkeep]\n|upkeep\n|turn|9\n|\n|t:|1698629441\n|move|p1a: Roaring Moon|Dragon Dance|p1a: Roaring Moon\n|-boost|p1a: Roaring Moon|atk|1\n|-boost|p1a: Roaring Moon|spe|1\n|move|p2a: Great Tusk|Rapid Spin|p1a: Roaring Moon\n|-damage|p1a: Roaring Moon|92\/100\n|-boost|p2a: Great Tusk|spe|1\n|\n|-weather|Snow|[upkeep]\n|upkeep\n|turn|10\n|\n|t:|1698629448\n|move|p1a: Roaring Moon|Acrobatics|p2a: Great Tusk\n|-supereffective|p2a: Great Tusk\n|-damage|p2a: Great Tusk|16\/100\n|move|p2a: Great Tusk|Body Press|p1a: Roaring Moon\n|-resisted|p1a: Roaring Moon\n|-damage|p1a: Roaring Moon|78\/100\n|\n|-weather|none\n|upkeep\n|turn|11\n|\n|t:|1698629459\n|-end|p2a: Great Tusk|Protosynthesis|[silent]\n|switch|p2a: Dialga|Dialga|92\/100\n|-ability|p2a: Dialga|Pressure\n|move|p1a: Roaring Moon|Acrobatics|p2a: Dialga\n|-resisted|p2a: Dialga\n|-damage|p2a: Dialga|41\/100\n|\n|upkeep\n|turn|12\n|\n|t:|1698629468\n|move|p1a: Roaring Moon|Knock Off|p2a: Dialga\n|-damage|p2a: Dialga|0 fnt\n|-enditem|p2a: Dialga|Adamant Orb|[from] move: Knock Off|[of] p1a: Roaring Moon\n|faint|p2a: Dialga\n|\n|upkeep\n|\n|t:|1698629472\n|switch|p2a: Morpeko|Morpeko, F|100\/100\n|turn|13\n|\n|t:|1698629479\n|move|p1a: Roaring Moon|Earthquake|p2a: Morpeko\n|-supereffective|p2a: Morpeko\n|-damage|p2a: Morpeko|0 fnt\n|faint|p2a: Morpeko\n|\n|upkeep\n|\n|t:|1698629482\n|switch|p2a: Shaymin|Shaymin-Sky|100\/100\n|turn|14\n|\n|t:|1698629486\n|move|p1a: Roaring Moon|Acrobatics|p2a: Shaymin\n|-supereffective|p2a: Shaymin\n|-damage|p2a: Shaymin|0 fnt\n|faint|p2a: Shaymin\n|\n|-sideend|p1: LingLing007|move: Aurora Veil\n|upkeep\n|-message|sinandbonez forfeited.\n|\n|win|LingLing007\n|raw|LingLing007's rating: 1000 &rarr; <strong>1052<\/strong><br \/>(+52 for winning)\n|raw|sinandbonez's rating: 1106 &rarr; <strong>1074<\/strong><br \/>(-32 for losing)\n|l|\u2606sinandbonez\n","uploadtime":1698629498,"views":9,"p1id":"lingling007","p2id":"sinandbonez","formatid":"gen9ubers","rating":1052,"private":0,"password":""}