{"id":"gen9ubers-1969865542","p1":"errantgamer","p2":"QuetzalKing","format":"[Gen 9] Ubers","log":"|j|\u203derrantgamer\n|j|\u2606QuetzalKing\n|t:|1697571461\n|gametype|singles\n|player|p1|errantgamer|swimmerf-gen4|1012\n|player|p2|QuetzalKing|102|1080\n|teamsize|p1|6\n|teamsize|p2|6\n|gen|9\n|tier|[Gen 9] Ubers\n|rated|\n|rule|Sleep Clause Mod: Limit one foe put to sleep\n|rule|Species Clause: Limit one of each Pok\u00e9mon\n|rule|OHKO Clause: OHKO moves are banned\n|rule|Evasion Items Clause: Evasion items are banned\n|rule|Evasion Moves Clause: Evasion moves are banned\n|rule|Endless Battle Clause: Forcing endless battles is banned\n|rule|HP Percentage Mod: HP is shown in percentages\n|clearpoke\n|poke|p1|Jirachi|\n|poke|p1|Palafin, F|\n|poke|p1|Zacian-*|\n|poke|p1|Krookodile, F|\n|poke|p1|Calyrex-Ice|\n|poke|p1|Ogerpon-Hearthflame, F|\n|poke|p2|Ting-Lu|\n|poke|p2|Ogerpon-Wellspring, F|\n|poke|p2|Zacian-*|\n|poke|p2|Calyrex-Ice|\n|poke|p2|Houndstone, M|\n|poke|p2|Landorus-Therian, M|\n|teampreview\n|inactive|Battle timer is ON: inactive players will automatically lose when time's up. (requested by QuetzalKing)\n|j| swag havers united\n|j| it's ogrepon\n|j| discord raider\n|j| snugglesnfluff\n|\n|t:|1697571493\n|start\n|switch|p1a: Calyrex|Calyrex-Ice|100\/100\n|switch|p2a: Ting-Lu|Ting-Lu|100\/100\n|-ability|p1a: Calyrex|As One\n|-ability|p1a: Calyrex|Unnerve\n|-ability|p2a: Ting-Lu|Vessel of Ruin\n|turn|1\n|\n|t:|1697571514\n|-terastallize|p1a: Calyrex|Psychic\n|move|p1a: Calyrex|Substitute|p1a: Calyrex\n|-start|p1a: Calyrex|Substitute\n|-damage|p1a: Calyrex|76\/100\n|move|p2a: Ting-Lu|Spikes|p1a: Calyrex\n|-sidestart|p1: errantgamer|Spikes\n|\n|upkeep\n|turn|2\n|\n|t:|1697571523\n|move|p1a: Calyrex|Icicle Spear|p2a: Ting-Lu\n|-supereffective|p2a: Ting-Lu\n|-damage|p2a: Ting-Lu|90\/100\n|-supereffective|p2a: Ting-Lu\n|-crit|p2a: Ting-Lu\n|-damage|p2a: Ting-Lu|71\/100\n|-supereffective|p2a: Ting-Lu\n|-damage|p2a: Ting-Lu|59\/100\n|-supereffective|p2a: Ting-Lu\n|-damage|p2a: Ting-Lu|48\/100\n|-hitcount|p2a: Ting-Lu|4\n|move|p2a: Ting-Lu|Spikes|p1a: Calyrex\n|-sidestart|p1: errantgamer|Spikes\n|\n|upkeep\n|turn|3\n|\n|t:|1697571538\n|move|p1a: Calyrex|Icicle Spear|p2a: Ting-Lu\n|-supereffective|p2a: Ting-Lu\n|-damage|p2a: Ting-Lu|36\/100\n|-supereffective|p2a: Ting-Lu\n|-damage|p2a: Ting-Lu|25\/100\n|-supereffective|p2a: Ting-Lu\n|-damage|p2a: Ting-Lu|13\/100\n|-supereffective|p2a: Ting-Lu\n|-damage|p2a: Ting-Lu|2\/100\n|-hitcount|p2a: Ting-Lu|4\n|move|p2a: Ting-Lu|Memento||[still]\n|-fail|p2a: Ting-Lu\n|\n|upkeep\n|turn|4\n|inactive|errantgamer has 120 seconds left.\n|j| imbleach\n|\n|t:|1697571567\n|move|p1a: Calyrex|Iron Defense|p1a: Calyrex\n|-boost|p1a: Calyrex|def|2\n|move|p2a: Ting-Lu|Stealth Rock|p1a: Calyrex\n|-sidestart|p1: errantgamer|move: Stealth Rock\n|\n|upkeep\n|turn|5\n|inactive|errantgamer has 120 seconds left.\n|\n|t:|1697571575\n|move|p1a: Calyrex|Iron Defense|p1a: Calyrex\n|-boost|p1a: Calyrex|def|2\n|move|p2a: Ting-Lu|Ruination|p1a: Calyrex\n|-end|p1a: Calyrex|Substitute\n|\n|upkeep\n|turn|6\n|inactive|errantgamer has 120 seconds left.\n|\n|t:|1697571591\n|move|p1a: Calyrex|Icicle Spear|p2a: Ting-Lu\n|-supereffective|p2a: Ting-Lu\n|-damage|p2a: Ting-Lu|0 fnt\n|faint|p2a: Ting-Lu\n|-ability|p1a: Calyrex|Chilling Neigh|boost\n|-boost|p1a: Calyrex|atk|1\n|-hitcount|p2: Ting-Lu|1\n|\n|upkeep\n|inactive|QuetzalKing has 120 seconds left.\n|\n|t:|1697571631\n|switch|p2a: Landorus|Landorus-Therian, M|100\/100\n|-ability|p2a: Landorus|Intimidate|boost\n|-unboost|p1a: Calyrex|atk|1\n|turn|7\n|\n|t:|1697571637\n|move|p2a: Landorus|Swords Dance|p2a: Landorus\n|-boost|p2a: Landorus|atk|2\n|move|p1a: Calyrex|Icicle Spear|p2a: Landorus\n|-supereffective|p2a: Landorus\n|-damage|p2a: Landorus|43\/100\n|-supereffective|p2a: Landorus\n|-damage|p2a: Landorus|0 fnt\n|faint|p2a: Landorus\n|-ability|p1a: Calyrex|Chilling Neigh|boost\n|-boost|p1a: Calyrex|atk|1\n|-hitcount|p2: Landorus|2\n|\n|upkeep\n|\n|t:|1697571643\n|switch|p2a: Ogerpon|Ogerpon-Wellspring, F|100\/100\n|turn|8\n|inactive|QuetzalKing has 120 seconds left.\n|\n|t:|1697571654\n|-terastallize|p2a: Ogerpon|Water\n|detailschange|p2a: Ogerpon|Ogerpon-Wellspring-Tera, F, tera:Water\n|-ability|p2a: Ogerpon|Embody Aspect (Wellspring)|boost\n|-boost|p2a: Ogerpon|spd|1\n|move|p2a: Ogerpon|Spiky Shield|p2a: Ogerpon\n|-singleturn|p2a: Ogerpon|move: Protect\n|move|p1a: Calyrex|Substitute|p1a: Calyrex\n|-start|p1a: Calyrex|Substitute\n|-damage|p1a: Calyrex|51\/100\n|\n|upkeep\n|turn|9\n|inactive|QuetzalKing has 120 seconds left.\n|\n|t:|1697571672\n|move|p2a: Ogerpon|Horn Leech|p1a: Calyrex\n|-activate|p1a: Calyrex|move: Substitute|[damage]\n|move|p1a: Calyrex|High Horsepower|p2a: Ogerpon\n|-damage|p2a: Ogerpon|32\/100\n|\n|upkeep\n|turn|10\n|inactive|QuetzalKing has 120 seconds left.\n|\n|t:|1697571685\n|move|p2a: Ogerpon|Spiky Shield|p2a: Ogerpon\n|-singleturn|p2a: Ogerpon|move: Protect\n|move|p1a: Calyrex|High Horsepower|p2a: Ogerpon\n|-activate|p2a: Ogerpon|move: Protect\n|-damage|p1a: Calyrex|38\/100|[from] Spiky Shield|[of] p2a: Ogerpon\n|\n|upkeep\n|turn|11\n|\n|t:|1697571697\n|move|p2a: Ogerpon|Horn Leech|p1a: Calyrex\n|-activate|p1a: Calyrex|move: Substitute|[damage]\n|-heal|p2a: Ogerpon|38\/100|[from] drain|[of] p1a: Calyrex\n|move|p1a: Calyrex|High Horsepower|p2a: Ogerpon\n|-damage|p2a: Ogerpon|0 fnt\n|faint|p2a: Ogerpon\n|-ability|p1a: Calyrex|Chilling Neigh|boost\n|-boost|p1a: Calyrex|atk|1\n|\n|upkeep\n|inactive|QuetzalKing has 120 seconds left.\n|\n|t:|1697571707\n|switch|p2a: Calyrex|Calyrex-Ice|100\/100\n|-ability|p2a: Calyrex|As One\n|-ability|p2a: Calyrex|Unnerve\n|turn|12\n|\n|t:|1697571716\n|move|p2a: Calyrex|Glacial Lance|p1a: Calyrex\n|-end|p1a: Calyrex|Substitute\n|-damage|p2a: Calyrex|91\/100|[from] item: Life Orb\n|move|p1a: Calyrex|High Horsepower|p2a: Calyrex\n|-damage|p2a: Calyrex|48\/100\n|\n|upkeep\n|turn|13\n|\n|t:|1697571731\n|move|p2a: Calyrex|Glacial Lance|p1a: Calyrex\n|-damage|p1a: Calyrex|17\/100\n|-damage|p2a: Calyrex|38\/100|[from] item: Life Orb\n|move|p1a: Calyrex|High Horsepower|p2a: Calyrex\n|-damage|p2a: Calyrex|0 fnt\n|faint|p2a: Calyrex\n|-ability|p1a: Calyrex|Chilling Neigh|boost\n|-boost|p1a: Calyrex|atk|1\n|\n|upkeep\n|\n|t:|1697571735\n|switch|p2a: Zacian|Zacian-Crowned, shiny|100\/100\n|-ability|p2a: Zacian|Intrepid Sword|boost\n|-boost|p2a: Zacian|atk|1\n|turn|14\n|\n|t:|1697571751\n|move|p2a: Zacian|Behemoth Blade|p1a: Calyrex\n|-damage|p1a: Calyrex|0 fnt\n|faint|p1a: Calyrex\n|\n|upkeep\n|\n|t:|1697571767\n|switch|p1a: Zacian|Zacian-Crowned|100\/100\n|-damage|p1a: Zacian|84\/100|[from] Spikes\n|-damage|p1a: Zacian|78\/100|[from] Stealth Rock\n|-ability|p1a: Zacian|Intrepid Sword|boost\n|-boost|p1a: Zacian|atk|1\n|turn|15\n|\n|t:|1697571775\n|move|p2a: Zacian|Trailblaze|p1a: Zacian\n|-resisted|p1a: Zacian\n|-damage|p1a: Zacian|62\/100\n|-boost|p2a: Zacian|spe|1\n|move|p1a: Zacian|Psychic Fangs|p2a: Zacian\n|-resisted|p2a: Zacian\n|-damage|p2a: Zacian|79\/100\n|\n|upkeep\n|turn|16\n|\n|t:|1697571795\n|move|p2a: Zacian|Trailblaze|p1a: Zacian\n|-resisted|p1a: Zacian\n|-damage|p1a: Zacian|47\/100\n|-boost|p2a: Zacian|spe|1\n|move|p1a: Zacian|Psychic Fangs|p2a: Zacian\n|-resisted|p2a: Zacian\n|-damage|p2a: Zacian|54\/100\n|\n|upkeep\n|turn|17\n|\n|t:|1697571806\n|move|p2a: Zacian|Behemoth Blade|p1a: Zacian\n|-crit|p1a: Zacian\n|-damage|p1a: Zacian|0 fnt\n|faint|p1a: Zacian\n|\n|upkeep\n|inactive|errantgamer has 120 seconds left.\n|\n|t:|1697571822\n|switch|p1a: Ogerpon|Ogerpon-Hearthflame, F|100\/100\n|-damage|p1a: Ogerpon|84\/100|[from] Spikes\n|-damage|p1a: Ogerpon|59\/100|[from] Stealth Rock\n|-ability|p1a: Ogerpon|Mold Breaker\n|turn|18\n|inactive|errantgamer has 120 seconds left.\n|\n|t:|1697571844\n|move|p2a: Zacian|Psychic Fangs|p1a: Ogerpon\n|-damage|p1a: Ogerpon|0 fnt\n|faint|p1a: Ogerpon\n|\n|upkeep\n|\n|t:|1697571849\n|switch|p1a: Jirachi|Jirachi|100\/100\n|-damage|p1a: Jirachi|84\/100|[from] Spikes\n|-damage|p1a: Jirachi|78\/100|[from] Stealth Rock\n|turn|19\n|inactive|errantgamer has 120 seconds left.\n|\n|t:|1697571862\n|move|p2a: Zacian|Psychic Fangs|p1a: Jirachi\n|-resisted|p1a: Jirachi\n|-damage|p1a: Jirachi|68\/100\n|move|p1a: Jirachi|Trick Room|p1a: Jirachi\n|-fieldstart|move: Trick Room|[of] p1a: Jirachi\n|-enditem|p1a: Jirachi|Room Service\n|-unboost|p1a: Jirachi|spe|1|[from] item: Room Service\n|\n|upkeep\n|turn|20\n|inactive|errantgamer has 120 seconds left.\n|\n|t:|1697571871\n|move|p1a: Jirachi|Iron Head|p2a: Zacian\n|-damage|p2a: Zacian|31\/100\n|cant|p2a: Zacian|flinch\n|\n|upkeep\n|turn|21\n|\n|t:|1697571876\n|move|p1a: Jirachi|Iron Head|p2a: Zacian\n|-damage|p2a: Zacian|5\/100\n|cant|p2a: Zacian|flinch\n|\n|upkeep\n|turn|22\n|c|\u2606QuetzalKing|BRUHH\n|\n|t:|1697571890\n|move|p1a: Jirachi|Iron Head|p2a: Zacian\n|-damage|p2a: Zacian|0 fnt\n|faint|p2a: Zacian\n|\n|upkeep\n|\n|t:|1697571893\n|switch|p2a: Houndstone|Houndstone, M|100\/100\n|turn|23\n|\n|t:|1697571900\n|move|p1a: Jirachi|Iron Head|p2a: Houndstone\n|-damage|p2a: Houndstone|70\/100\n|move|p2a: Houndstone|Last Respects|p1a: Jirachi\n|-supereffective|p1a: Jirachi\n|-damage|p1a: Jirachi|0 fnt\n|faint|p1a: Jirachi\n|-damage|p2a: Houndstone|60\/100|[from] item: Life Orb\n|\n|-fieldend|move: Trick Room\n|upkeep\n|\n|t:|1697571909\n|switch|p1a: Palafin|Palafin, F|100\/100\n|-damage|p1a: Palafin|84\/100|[from] Spikes\n|-damage|p1a: Palafin|72\/100|[from] Stealth Rock\n|turn|24\n|\n|t:|1697571921\n|move|p1a: Palafin|Surf|p2a: Houndstone\n|-damage|p2a: Houndstone|28\/100\n|move|p2a: Houndstone|Last Respects|p1a: Palafin\n|-damage|p1a: Palafin|0 fnt\n|faint|p1a: Palafin\n|-damage|p2a: Houndstone|18\/100|[from] item: Life Orb\n|\n|upkeep\n|\n|t:|1697571928\n|switch|p1a: Krookodile|Krookodile, F|100\/100\n|-damage|p1a: Krookodile|84\/100|[from] Spikes\n|-damage|p1a: Krookodile|78\/100|[from] Stealth Rock\n|turn|25\n|inactive|QuetzalKing has 120 seconds left.\n|\n|t:|1697571971\n|move|p1a: Krookodile|Crunch|p2a: Houndstone\n|-supereffective|p2a: Houndstone\n|-damage|p2a: Houndstone|0 fnt\n|faint|p2a: Houndstone\n|-damage|p1a: Krookodile|68\/100|[from] item: Life Orb\n|\n|win|errantgamer\n|raw|errantgamer's rating: 1012 &rarr; <strong>1058<\/strong><br \/>(+46 for winning)\n|raw|QuetzalKing's rating: 1080 &rarr; <strong>1054<\/strong><br \/>(-26 for losing)\n|c|\u2606QuetzalKing|\ud83d\ude2d\n","uploadtime":1697571988,"views":12,"p1id":"errantgamer","p2id":"quetzalking","formatid":"gen9ubers","rating":1054,"private":0,"password":""}