{"id":"gen9ubers-1975326832","p1":"Gladiator_Kraken","p2":"Dragon Master Rosa","format":"[Gen 9] Ubers","log":"|j|\u2606Gladiator_Kraken\n|j|\u2606Dragon Master Rosa\n|t:|1698180094\n|gametype|singles\n|player|p1|Gladiator_Kraken|rika|\n|player|p2|Dragon Master Rosa|rosa|\n|teamsize|p1|6\n|teamsize|p2|6\n|gen|9\n|tier|[Gen 9] Ubers\n|rule|Sleep Clause Mod: Limit one foe put to sleep\n|rule|Species Clause: Limit one of each Pok\u00e9mon\n|rule|OHKO Clause: OHKO moves are banned\n|rule|Evasion Items Clause: Evasion items are banned\n|rule|Evasion Moves Clause: Evasion moves are banned\n|rule|Endless Battle Clause: Forcing endless battles is banned\n|rule|HP Percentage Mod: HP is shown in percentages\n|clearpoke\n|poke|p1|Ribombee, M|\n|poke|p1|Crawdaunt, M|\n|poke|p1|Lucario, F|\n|poke|p1|Moltres|\n|poke|p1|Medicham, M|\n|poke|p1|Decidueye, M|\n|poke|p2|Toxtricity, F|\n|poke|p2|Weezing-Galar, F|\n|poke|p2|Greninja-*, F|\n|poke|p2|Zoroark-Hisui, F|\n|poke|p2|Landorus-Therian, M|\n|poke|p2|Blissey, F|\n|teampreview\n|c|\u2606Dragon Master Rosa|glhf\n|c|\u2606Gladiator_Kraken|glhf\n|\n|t:|1698180181\n|start\n|switch|p1a: One Brain Cell <\/3|Ribombee, M|100\/100\n|switch|p2a: Greninja|Greninja, F|100\/100\n|turn|1\n|\n|t:|1698180201\n|switch|p2a: Blissey|Blissey, F|100\/100\n|move|p1a: One Brain Cell <\/3|Sticky Web|p2a: Blissey\n|-sidestart|p2: Dragon Master Rosa|move: Sticky Web\n|\n|upkeep\n|turn|2\n|\n|t:|1698180208\n|move|p1a: One Brain Cell <\/3|U-turn|p2a: Blissey\n|-damage|p2a: Blissey|86\/100\n|\n|t:|1698180210\n|switch|p1a: Monica IRL|Lucario, F|100\/100|[from] U-turn\n|move|p2a: Blissey|Stealth Rock|p1a: Monica IRL\n|-sidestart|p1: Gladiator_Kraken|move: Stealth Rock\n|\n|upkeep\n|turn|3\n|\n|t:|1698180218\n|switch|p2a: Landorus|Landorus-Therian, M|100\/100\n|-ability|p2a: Landorus|Intimidate|boost\n|-unboost|p1a: Monica IRL|atk|1\n|move|p1a: Monica IRL|Swords Dance|p1a: Monica IRL\n|-boost|p1a: Monica IRL|atk|2\n|\n|upkeep\n|turn|4\n|\n|t:|1698180225\n|-terastallize|p1a: Monica IRL|Fairy\n|move|p2a: Landorus|Earth Power|p1a: Monica IRL\n|-damage|p1a: Monica IRL|33\/100\n|move|p1a: Monica IRL|Ice Punch|p2a: Landorus\n|-supereffective|p2a: Landorus\n|-damage|p2a: Landorus|0 fnt\n|faint|p2a: Landorus\n|-damage|p1a: Monica IRL|23\/100|[from] item: Life Orb\n|\n|upkeep\n|\n|t:|1698180237\n|switch|p2a: Greninja|Greninja, F|100\/100\n|turn|5\n|\n|t:|1698180250\n|move|p2a: Greninja|Body Slam|p1a: Monica IRL\n|-damage|p1a: Monica IRL|0 fnt\n|faint|p1a: Monica IRL\n|\n|upkeep\n|\n|t:|1698180263\n|switch|p1a: The Agent|Crawdaunt, M|100\/100\n|-damage|p1a: The Agent|88\/100|[from] Stealth Rock\n|turn|6\n|\n|t:|1698180273\n|move|p2a: Greninja|U-turn|p1a: The Agent\n|-supereffective|p1a: The Agent\n|-damage|p1a: The Agent|28\/100\n|\n|t:|1698180276\n|switch|p2a: Weezing|Weezing-Galar, F|100\/100|[from] U-turn\n|move|p1a: The Agent|Dark Pulse|p2a: Weezing\n|-resisted|p2a: Weezing\n|-damage|p2a: Weezing|60\/100\n|-damage|p1a: The Agent|18\/100|[from] item: Life Orb\n|\n|-heal|p2a: Weezing|66\/100|[from] item: Leftovers\n|upkeep\n|turn|7\n|\n|t:|1698180280\n|move|p1a: The Agent|Hydro Pump|p2a: Weezing\n|-damage|p2a: Weezing|0 fnt\n|faint|p2a: Weezing\n|-damage|p1a: The Agent|9\/100|[from] item: Life Orb\n|\n|upkeep\n|\n|t:|1698180285\n|switch|p2a: Toxtricity|Toxtricity, F|100\/100\n|-activate|p2a: Toxtricity|move: Sticky Web\n|-unboost|p2a: Toxtricity|spe|1\n|turn|8\n|\n|t:|1698180291\n|move|p1a: The Agent|Dark Pulse|p2a: Toxtricity\n|-damage|p2a: Toxtricity|11\/100\n|-damage|p1a: The Agent|0 fnt|[from] item: Life Orb\n|faint|p1a: The Agent\n|move|p2a: Toxtricity|Shift Gear|p2a: Toxtricity\n|-boost|p2a: Toxtricity|spe|2\n|-boost|p2a: Toxtricity|atk|1\n|\n|upkeep\n|\n|t:|1698180301\n|switch|p1a: One Brain Cell <\/3|Ribombee, M|100\/100\n|-damage|p1a: One Brain Cell <\/3|75\/100|[from] Stealth Rock\n|turn|9\n|\n|t:|1698180308\n|move|p2a: Toxtricity|Flail|p1a: One Brain Cell <\/3\n|-damage|p1a: One Brain Cell <\/3|11\/100\n|move|p1a: One Brain Cell <\/3|Lunge|p2a: Toxtricity\n|-resisted|p2a: Toxtricity\n|-damage|p2a: Toxtricity|0 fnt\n|faint|p2a: Toxtricity\n|\n|upkeep\n|\n|t:|1698180322\n|switch|p2a: Greninja|Greninja, F|100\/100\n|turn|10\n|\n|t:|1698180331\n|move|p1a: One Brain Cell <\/3|Stun Spore|p2a: Greninja\n|-status|p2a: Greninja|par\n|move|p2a: Greninja|Body Slam|p1a: One Brain Cell <\/3\n|-crit|p1a: One Brain Cell <\/3\n|-damage|p1a: One Brain Cell <\/3|0 fnt\n|faint|p1a: One Brain Cell <\/3\n|\n|upkeep\n|\n|t:|1698180349\n|switch|p1a: The Turkey|Moltres|100\/100\n|turn|11\n|\n|t:|1698180359\n|move|p1a: The Turkey|Brave Bird|p2a: Greninja\n|-damage|p2a: Greninja|0 fnt\n|replace|p2a: Zoroark|Zoroark-Hisui, F\n|-end|p2a: Zoroark|Illusion\n|faint|p2a: Zoroark\n|-damage|p1a: The Turkey|75\/100|[from] Recoil\n|\n|upkeep\n|\n|t:|1698180364\n|switch|p2a: Blissey|Blissey, F|86\/100\n|turn|12\n|\n|t:|1698180369\n|move|p1a: The Turkey|U-turn|p2a: Blissey\n|-damage|p2a: Blissey|66\/100\n|\n|t:|1698180373\n|switch|p1a: Buff Men|Medicham, M|100\/100|[from] U-turn\n|-damage|p1a: Buff Men|94\/100|[from] Stealth Rock\n|move|p2a: Blissey|Thunder Wave|p1a: Buff Men\n|-status|p1a: Buff Men|par\n|\n|upkeep\n|turn|13\n|\n|t:|1698180392\n|move|p2a: Blissey|Seismic Toss|p1a: Buff Men\n|-damage|p1a: Buff Men|56\/100 par\n|move|p1a: Buff Men|Close Combat|p2a: Blissey\n|-supereffective|p2a: Blissey\n|-damage|p2a: Blissey|0 fnt\n|-unboost|p1a: Buff Men|def|1\n|-unboost|p1a: Buff Men|spd|1\n|faint|p2a: Blissey\n|\n|upkeep\n|\n|t:|1698180398\n|switch|p2a: Greninja|Greninja, F|100\/100\n|-activate|p2a: Greninja|move: Sticky Web\n|-unboost|p2a: Greninja|spe|1\n|turn|14\n|\n|t:|1698180401\n|move|p2a: Greninja|Waterfall|p1a: Buff Men\n|-crit|p1a: Buff Men\n|-damage|p1a: Buff Men|0 fnt\n|faint|p1a: Buff Men\n|\n|upkeep\n|\n|t:|1698180404\n|switch|p1a: Deckie Dooie|Decidueye, M|100\/100\n|-damage|p1a: Deckie Dooie|88\/100|[from] Stealth Rock\n|turn|15\n|\n|t:|1698180411\n|-terastallize|p2a: Greninja|Water\n|move|p2a: Greninja|Waterfall|p1a: Deckie Dooie\n|-resisted|p1a: Deckie Dooie\n|-damage|p1a: Deckie Dooie|37\/100\n|move|p1a: Deckie Dooie|Giga Drain|p2a: Greninja\n|-supereffective|p2a: Greninja\n|-damage|p2a: Greninja|0 fnt\n|-heal|p1a: Deckie Dooie|85\/100|[from] drain|[of] p2a: Greninja\n|faint|p2a: Greninja\n|-damage|p1a: Deckie Dooie|75\/100|[from] item: Life Orb\n|\n|win|Gladiator_Kraken\n|c|\u2606Dragon Master Rosa|ggwp\n|c|\u2606Gladiator_Kraken|ggwp\n|l|\u2606Dragon Master Rosa\n","uploadtime":1698180423,"views":14,"p1id":"gladiatorkraken","p2id":"dragonmasterrosa","formatid":"gen9ubers","rating":0,"private":0,"password":""}