{"id":"gen9ubers-1986559345","p1":"Seior","p2":"Vandenta","format":"[Gen 9] Ubers","log":"|j|\u2606Seior\n|j|\u2606Vandenta\n|t:|1699491922\n|gametype|singles\n|player|p1|Seior|carmine|\n|player|p2|Vandenta|102|\n|teamsize|p1|6\n|teamsize|p2|6\n|gen|9\n|tier|[Gen 9] Ubers\n|rule|Sleep Clause Mod: Limit one foe put to sleep\n|rule|Species Clause: Limit one of each Pok\u00e9mon\n|rule|OHKO Clause: OHKO moves are banned\n|rule|Evasion Items Clause: Evasion items are banned\n|rule|Evasion Moves Clause: Evasion moves are banned\n|rule|Endless Battle Clause: Forcing endless battles is banned\n|rule|HP Percentage Mod: HP is shown in percentages\n|clearpoke\n|poke|p1|Ninetales-Alola, F|\n|poke|p1|Zamazenta-*|\n|poke|p1|Braviary-Hisui, M|\n|poke|p1|Ogerpon, F|\n|poke|p1|Houndoom, M|\n|poke|p1|Quaquaval, M|\n|poke|p2|Baxcalibur, F|\n|poke|p2|Donphan, F|\n|poke|p2|Slowking-Galar, F|\n|poke|p2|Lucario, M|\n|poke|p2|Masquerain, F|\n|poke|p2|Hoopa|\n|teampreview\n|j| BPLD\n|j| zLayton\n|j| PorygonTheBot\n|c| PorygonTheBot|I'm here now, the battle can get started!\n|c|\u2606Seior|fuck you porygon\n|c| BPLD|Apologize\n|c|\u2606Seior|now im await\n|c|\u2606Vandenta|Gl Baku\n|c|\u2606Seior|u2\n|\n|t:|1699492015\n|start\n|switch|p1a: Houndoom|Houndoom, M|100\/100\n|switch|p2a: Slowking|Slowking-Galar, F|100\/100\n|turn|1\n|j| Swagadile\n|j| TheJuicyJake\n|l| TheJuicyJake\n|\n|t:|1699492102\n|move|p1a: Houndoom|Dark Pulse|p2a: Slowking\n|-supereffective|p2a: Slowking\n|-damage|p2a: Slowking|50\/100\n|move|p2a: Slowking|Chilly Reception|p2a: Slowking\n|-weather|Snow\n|\n|t:|1699492145\n|switch|p2a: Hoopa|Hoopa|100\/100|[from] Chilly Reception\n|\n|-weather|Snow|[upkeep]\n|upkeep\n|turn|2\n|\n|t:|1699492185\n|switch|p1a: Braviary|Braviary-Hisui, M|100\/100\n|-terastallize|p2a: Hoopa|Fairy\n|move|p2a: Hoopa|Focus Blast|p1a: Braviary\n|-resisted|p1a: Braviary\n|-damage|p1a: Braviary|80\/100\n|\n|-weather|Snow|[upkeep]\n|upkeep\n|turn|3\n|\n|t:|1699492270\n|switch|p2a: Slowking|Slowking-Galar, F|83\/100\n|move|p1a: Braviary|Agility|p1a: Braviary\n|-boost|p1a: Braviary|spe|2\n|\n|-weather|Snow|[upkeep]\n|-heal|p2a: Slowking|89\/100|[from] item: Black Sludge\n|upkeep\n|turn|4\n|\n|t:|1699492325\n|move|p1a: Braviary|Substitute|p1a: Braviary\n|-start|p1a: Braviary|Substitute\n|-damage|p1a: Braviary|55\/100\n|move|p2a: Slowking|Thunder Wave||[still]\n|-fail|p2a: Slowking\n|\n|-weather|Snow|[upkeep]\n|-heal|p2a: Slowking|95\/100|[from] item: Black Sludge\n|upkeep\n|turn|5\n|\n|t:|1699492336\n|-terastallize|p1a: Braviary|Ground\n|move|p1a: Braviary|Tera Blast|p2a: Slowking|[anim] Tera Blast Ground\n|-supereffective|p2a: Slowking\n|-damage|p2a: Slowking|22\/100\n|move|p2a: Slowking|Chilly Reception|p2a: Slowking\n|\n|t:|1699492341\n|switch|p2a: Donphan|Donphan, F|100\/100|[from] Chilly Reception\n|\n|-weather|none\n|upkeep\n|turn|6\n|\n|t:|1699492345\n|move|p1a: Braviary|Tera Blast|p2a: Donphan|[anim] Tera Blast Ground\n|-damage|p2a: Donphan|51\/100\n|move|p2a: Donphan|Roar|p1a: Braviary\n|drag|p1a: Quaquaval|Quaquaval, M|100\/100\n|\n|upkeep\n|turn|7\n|\n|t:|1699492396\n|move|p1a: Quaquaval|Flip Turn|p2a: Donphan\n|-supereffective|p2a: Donphan\n|-damage|p2a: Donphan|22\/100\n|-damage|p1a: Quaquaval|84\/100|[from] item: Rocky Helmet|[of] p2a: Donphan\n|j| TheJuicyJake\n|\n|t:|1699492500\n|switch|p1a: Ninetales|Ninetales-Alola, F|100\/100|[from] Flip Turn\n|-weather|Snow|[from] ability: Snow Warning|[of] p1a: Ninetales\n|move|p2a: Donphan|Stealth Rock|p1a: Ninetales\n|-sidestart|p1: Seior|move: Stealth Rock\n|\n|-weather|Snow|[upkeep]\n|upkeep\n|turn|8\n|\n|t:|1699492522\n|switch|p2a: Slowking|Slowking-Galar, F|55\/100\n|move|p1a: Ninetales|Moonblast|p2a: Slowking\n|-resisted|p2a: Slowking\n|-damage|p2a: Slowking|42\/100\n|\n|-weather|Snow|[upkeep]\n|-heal|p2a: Slowking|48\/100|[from] item: Black Sludge\n|upkeep\n|turn|9\n|l| TheJuicyJake\n|\n|t:|1699492532\n|move|p1a: Ninetales|Aurora Veil|p1a: Ninetales\n|-sidestart|p1: Seior|move: Aurora Veil\n|move|p2a: Slowking|Thunder Wave|p1a: Ninetales\n|-status|p1a: Ninetales|par\n|\n|-weather|Snow|[upkeep]\n|-heal|p2a: Slowking|55\/100|[from] item: Black Sludge\n|upkeep\n|turn|10\n|\n|t:|1699492544\n|cant|p1a: Ninetales|par\n|move|p2a: Slowking|Chilly Reception|p2a: Slowking\n|j| TheJuicyJake\n|\n|t:|1699492577\n|switch|p2a: Lucario|Lucario, M|100\/100|[from] Chilly Reception\n|\n|-weather|Snow|[upkeep]\n|upkeep\n|turn|11\n|\n|t:|1699492620\n|switch|p1a: Quaquaval|Quaquaval, M|84\/100\n|move|p2a: Lucario|Swords Dance|p2a: Lucario\n|-boost|p2a: Lucario|atk|2\n|\n|-weather|none\n|upkeep\n|turn|12\n|\n|t:|1699492692\n|move|p2a: Lucario|Close Combat|p1a: Quaquaval\n|-damage|p1a: Quaquaval|41\/100\n|-unboost|p2a: Lucario|def|1\n|-unboost|p2a: Lucario|spd|1\n|move|p1a: Quaquaval|Close Combat|p2a: Lucario\n|-supereffective|p2a: Lucario\n|-enditem|p2a: Lucario|Focus Sash\n|-damage|p2a: Lucario|1\/100\n|-unboost|p1a: Quaquaval|def|1\n|-unboost|p1a: Quaquaval|spd|1\n|\n|upkeep\n|turn|13\n|\n|t:|1699492744\n|switch|p1a: Braviary|Braviary-Hisui, M, tera:Ground|55\/100\n|-damage|p1a: Braviary|49\/100|[from] Stealth Rock\n|move|p2a: Lucario|Close Combat|p1a: Braviary\n|-damage|p1a: Braviary|0 fnt\n|-unboost|p2a: Lucario|def|1\n|-unboost|p2a: Lucario|spd|1\n|faint|p1a: Braviary\n|\n|upkeep\n|\n|t:|1699492794\n|switch|p1a: Ogerpon|Ogerpon, F|100\/100\n|-damage|p1a: Ogerpon|88\/100|[from] Stealth Rock\n|turn|14\n|\n|t:|1699492807\n|switch|p2a: Donphan|Donphan, F|22\/100\n|move|p1a: Ogerpon|U-turn|p2a: Donphan\n|-damage|p2a: Donphan|8\/100\n|-damage|p1a: Ogerpon|71\/100|[from] item: Rocky Helmet|[of] p2a: Donphan\n|l|\u2606Vandenta\n|player|p2|\n|\n|t:|1699492869\n|switch|p1a: Quaquaval|Quaquaval, M|41\/100|[from] U-turn\n|\n|upkeep\n|turn|15\n|j|\u2606Vandenta\n|player|p2|Vandenta|102\n|\n|t:|1699492884\n|switch|p2a: Slowking|Slowking-Galar, F|88\/100\n|move|p1a: Quaquaval|Rapid Spin|p2a: Slowking\n|-damage|p2a: Slowking|76\/100\n|-boost|p1a: Quaquaval|spe|1\n|-sideend|p1: Seior|Stealth Rock|[from] move: Rapid Spin|[of] p1a: Quaquaval\n|\n|-heal|p2a: Slowking|82\/100|[from] item: Black Sludge\n|upkeep\n|turn|16\n|\n|t:|1699492903\n|move|p1a: Quaquaval|Flip Turn|p2a: Slowking\n|-crit|p2a: Slowking\n|-damage|p2a: Slowking|53\/100\n|\n|t:|1699492910\n|switch|p1a: Ninetales|Ninetales-Alola, F|100\/100 par|[from] Flip Turn\n|-weather|Snow|[from] ability: Snow Warning|[of] p1a: Ninetales\n|move|p2a: Slowking|Chilly Reception|p2a: Slowking\n|\n|t:|1699492933\n|switch|p2a: Baxcalibur|Baxcalibur, F|100\/100|[from] Chilly Reception\n|\n|-weather|Snow|[upkeep]\n|-sideend|p1: Seior|move: Aurora Veil\n|upkeep\n|turn|17\n|\n|t:|1699492947\n|move|p2a: Baxcalibur|Iron Head|p1a: Ninetales\n|-supereffective|p1a: Ninetales\n|-crit|p1a: Ninetales\n|-damage|p1a: Ninetales|0 fnt\n|faint|p1a: Ninetales\n|\n|-weather|Snow|[upkeep]\n|upkeep\n|l| TheJuicyJake\n|\n|t:|1699493013\n|switch|p1a: Zamazenta|Zamazenta-Crowned|100\/100\n|-ability|p1a: Zamazenta|Dauntless Shield|boost\n|-boost|p1a: Zamazenta|def|1\n|turn|18\n|j| TheJuicyJake\n|\n|t:|1699493039\n|switch|p2a: Donphan|Donphan, F|8\/100\n|move|p1a: Zamazenta|Substitute|p1a: Zamazenta\n|-start|p1a: Zamazenta|Substitute\n|-damage|p1a: Zamazenta|75\/100\n|\n|-weather|Snow|[upkeep]\n|upkeep\n|turn|19\n|\n|t:|1699493045\n|move|p1a: Zamazenta|Body Press|p2a: Donphan\n|-damage|p2a: Donphan|0 fnt\n|-damage|p1a: Zamazenta|59\/100|[from] item: Rocky Helmet|[of] p2a: Donphan\n|faint|p2a: Donphan\n|\n|-weather|Snow|[upkeep]\n|upkeep\n|l| TheJuicyJake\n|\n|t:|1699493055\n|switch|p2a: Slowking|Slowking-Galar, F|86\/100\n|turn|20\n|\n|t:|1699493073\n|move|p1a: Zamazenta|Heavy Slam|p2a: Slowking\n|-damage|p2a: Slowking|35\/100\n|move|p2a: Slowking|Flamethrower|p1a: Zamazenta\n|-supereffective|p1a: Zamazenta\n|-end|p1a: Zamazenta|Substitute\n|\n|-weather|none\n|-heal|p2a: Slowking|41\/100|[from] item: Black Sludge\n|upkeep\n|turn|21\n|\n|t:|1699493154\n|switch|p2a: Lucario|Lucario, M|1\/100\n|move|p1a: Zamazenta|Heavy Slam|p2a: Lucario\n|-resisted|p2a: Lucario\n|-damage|p2a: Lucario|0 fnt\n|faint|p2a: Lucario\n|\n|upkeep\n|\n|t:|1699493178\n|switch|p2a: Slowking|Slowking-Galar, F|74\/100\n|turn|22\n|c|\u2606Seior|if I subbed there\n|\n|t:|1699493206\n|move|p1a: Zamazenta|Heavy Slam|p2a: Slowking\n|-damage|p2a: Slowking|22\/100\n|move|p2a: Slowking|Chilly Reception|p2a: Slowking\n|-weather|Snow\n|c| zLayton|over\n|c|\u2606Seior|bro is playin games\n|\n|t:|1699493272\n|switch|p2a: Masquerain|Masquerain, F|100\/100|[from] Chilly Reception\n|-ability|p2a: Masquerain|Intimidate|boost\n|-unboost|p1a: Zamazenta|atk|1\n|\n|-weather|Snow|[upkeep]\n|upkeep\n|turn|23\n|\n|t:|1699493327\n|move|p2a: Masquerain|Sticky Web|p1a: Zamazenta\n|-sidestart|p1: Seior|move: Sticky Web\n|move|p1a: Zamazenta|Heavy Slam|p2a: Masquerain\n|-damage|p2a: Masquerain|22\/100\n|\n|-weather|Snow|[upkeep]\n|upkeep\n|turn|24\n|\n|t:|1699493370\n|switch|p2a: Baxcalibur|Baxcalibur, F|100\/100\n|move|p1a: Zamazenta|Substitute|p1a: Zamazenta\n|-start|p1a: Zamazenta|Substitute\n|-damage|p1a: Zamazenta|34\/100\n|\n|-weather|Snow|[upkeep]\n|upkeep\n|turn|25\n|\n|t:|1699493377\n|move|p1a: Zamazenta|Body Press|p2a: Baxcalibur\n|-supereffective|p2a: Baxcalibur\n|-damage|p2a: Baxcalibur|23\/100\n|move|p2a: Baxcalibur|Earthquake|p1a: Zamazenta\n|-supereffective|p1a: Zamazenta\n|-end|p1a: Zamazenta|Substitute\n|\n|-weather|Snow|[upkeep]\n|-heal|p2a: Baxcalibur|29\/100|[from] ability: Ice Body\n|upkeep\n|turn|26\n|\n|t:|1699493430\n|move|p1a: Zamazenta|Heavy Slam|p2a: Baxcalibur\n|-supereffective|p2a: Baxcalibur\n|-damage|p2a: Baxcalibur|0 fnt\n|faint|p2a: Baxcalibur\n|\n|-weather|none\n|upkeep\n|\n|t:|1699493472\n|switch|p2a: Slowking|Slowking-Galar, F|55\/100\n|turn|27\n|\n|t:|1699493565\n|switch|p1a: Quaquaval|Quaquaval, M|41\/100\n|move|p2a: Slowking|Thunder Wave|p1a: Quaquaval|[miss]\n|-miss|p2a: Slowking|p1a: Quaquaval\n|\n|-heal|p2a: Slowking|61\/100|[from] item: Black Sludge\n|upkeep\n|turn|28\n|\n|t:|1699493585\n|move|p1a: Quaquaval|Rapid Spin|p2a: Slowking\n|-damage|p2a: Slowking|50\/100\n|-boost|p1a: Quaquaval|spe|1\n|-sideend|p1: Seior|Sticky Web|[from] move: Rapid Spin|[of] p1a: Quaquaval\n|move|p2a: Slowking|Thunder Wave|p1a: Quaquaval\n|-status|p1a: Quaquaval|par\n|\n|-heal|p2a: Slowking|56\/100|[from] item: Black Sludge\n|upkeep\n|turn|29\n|\n|t:|1699493603\n|cant|p1a: Quaquaval|par\n|move|p2a: Slowking|Sludge Bomb|p1a: Quaquaval\n|-damage|p1a: Quaquaval|0 fnt\n|faint|p1a: Quaquaval\n|\n|-heal|p2a: Slowking|62\/100|[from] item: Black Sludge\n|upkeep\n|\n|t:|1699493663\n|switch|p1a: Houndoom|Houndoom, M|100\/100\n|turn|30\n|\n|t:|1699493673\n|move|p1a: Houndoom|Taunt|p2a: Slowking\n|-start|p2a: Slowking|move: Taunt\n|cant|p2a: Slowking|move: Taunt|Chilly Reception\n|\n|-heal|p2a: Slowking|69\/100|[from] item: Black Sludge\n|upkeep\n|turn|31\n|\n|t:|1699493687\n|move|p1a: Houndoom|Sludge Bomb|p2a: Slowking\n|-resisted|p2a: Slowking\n|-damage|p2a: Slowking|59\/100\n|move|p2a: Slowking|Sludge Bomb|p1a: Houndoom\n|-damage|p1a: Houndoom|54\/100\n|-status|p1a: Houndoom|psn\n|\n|-heal|p2a: Slowking|65\/100|[from] item: Black Sludge\n|-damage|p1a: Houndoom|42\/100 psn|[from] psn\n|upkeep\n|turn|32\n|\n|t:|1699493707\n|move|p1a: Houndoom|Dark Pulse|p2a: Slowking\n|-supereffective|p2a: Slowking\n|-damage|p2a: Slowking|13\/100\n|cant|p2a: Slowking|flinch\n|\n|-heal|p2a: Slowking|19\/100|[from] item: Black Sludge\n|-damage|p1a: Houndoom|30\/100 psn|[from] psn\n|-end|p2a: Slowking|move: Taunt\n|upkeep\n|turn|33\n|\n|t:|1699493740\n|move|p1a: Houndoom|Dark Pulse|p2a: Slowking\n|-supereffective|p2a: Slowking\n|-damage|p2a: Slowking|0 fnt\n|faint|p2a: Slowking\n|\n|-damage|p1a: Houndoom|17\/100 psn|[from] psn\n|upkeep\n|\n|t:|1699493753\n|switch|p2a: Masquerain|Masquerain, F|22\/100\n|-ability|p2a: Masquerain|Intimidate|boost\n|-unboost|p1a: Houndoom|atk|1\n|turn|34\n|\n|t:|1699493771\n|move|p2a: Masquerain|Hurricane|p1a: Houndoom|[miss]\n|-miss|p2a: Masquerain|p1a: Houndoom\n|move|p1a: Houndoom|Sludge Bomb|p2a: Masquerain\n|-damage|p2a: Masquerain|0 fnt\n|faint|p2a: Masquerain\n|\n|-damage|p1a: Houndoom|5\/100 psn|[from] psn\n|upkeep\n|\n|t:|1699493775\n|switch|p2a: Hoopa|Hoopa, tera:Fairy|100\/100\n|turn|35\n|\n|t:|1699493785\n|move|p1a: Houndoom|Sludge Bomb|p2a: Hoopa\n|-supereffective|p2a: Hoopa\n|-damage|p2a: Hoopa|53\/100\n|move|p2a: Hoopa|Shadow Ball|p1a: Houndoom\n|-resisted|p1a: Houndoom\n|-damage|p1a: Houndoom|0 fnt\n|faint|p1a: Houndoom\n|\n|upkeep\n|\n|t:|1699493794\n|switch|p1a: Zamazenta|Zamazenta-Crowned|34\/100\n|turn|36\n|\n|t:|1699493797\n|move|p1a: Zamazenta|Heavy Slam|p2a: Hoopa\n|-supereffective|p2a: Hoopa\n|-damage|p2a: Hoopa|0 fnt\n|faint|p2a: Hoopa\n|\n|win|Seior\n|c|\u2606Seior|gg\n|c|\u2606Vandenta|Gg\n|l| PorygonTheBot\n|l|\u2606Vandenta\n","uploadtime":1699493798,"views":62,"p1id":"seior","p2id":"vandenta","formatid":"gen9ubers","rating":0,"private":0,"password":""}