{"id":"gen9ubers-1976361605","p1":"godiamsosorry","p2":"Dragon Master Rosa","format":"[Gen 9] Ubers","log":"|j|\u2606godiamsosorry\n|j|\u2606Dragon Master Rosa\n|t:|1698291266\n|gametype|singles\n|player|p1|godiamsosorry|scientistf|\n|player|p2|Dragon Master Rosa|dragontamer-gen9|\n|teamsize|p1|6\n|teamsize|p2|6\n|gen|9\n|tier|[Gen 9] Ubers\n|rule|Sleep Clause Mod: Limit one foe put to sleep\n|rule|Species Clause: Limit one of each Pok\u00e9mon\n|rule|OHKO Clause: OHKO moves are banned\n|rule|Evasion Items Clause: Evasion items are banned\n|rule|Evasion Moves Clause: Evasion moves are banned\n|rule|Endless Battle Clause: Forcing endless battles is banned\n|rule|HP Percentage Mod: HP is shown in percentages\n|clearpoke\n|poke|p1|Medicham, F|\n|poke|p1|Zoroark-Hisui, M|\n|poke|p1|Palafin, M|\n|poke|p1|Enamorus, F|\n|poke|p1|Toedscruel, F|\n|poke|p1|Slowking-Galar, F|\n|poke|p2|Landorus-Therian, M|\n|poke|p2|Clefable, M|\n|poke|p2|Greninja-*, F|\n|poke|p2|Weezing-Galar, M|\n|poke|p2|Medicham, F|\n|poke|p2|Slowking-Galar, F|\n|teampreview\n|c|\u2606Dragon Master Rosa|weezer's 100th usage point...\n|\n|t:|1698291326\n|start\n|switch|p1a: Palafin|Palafin, M|100\/100\n|switch|p2a: Clefable|Clefable, M|100\/100\n|turn|1\n|\n|t:|1698291332\n|move|p1a: Palafin|U-turn|p2a: Clefable\n|-resisted|p2a: Clefable\n|-damage|p2a: Clefable|88\/100\n|\n|t:|1698291338\n|switch|p1a: Enamorus|Enamorus, F|100\/100|[from] U-turn\n|move|p2a: Clefable|Stealth Rock|p1a: Enamorus\n|-sidestart|p1: godiamsosorry|move: Stealth Rock\n|\n|-heal|p2a: Clefable|94\/100|[from] item: Leftovers\n|upkeep\n|turn|2\n|\n|t:|1698291342\n|move|p1a: Enamorus|Substitute|p1a: Enamorus\n|-start|p1a: Enamorus|Substitute\n|-damage|p1a: Enamorus|76\/100\n|move|p2a: Clefable|Encore|p1a: Enamorus\n|-start|p1a: Enamorus|Encore\n|\n|-heal|p1a: Enamorus|82\/100|[from] item: Leftovers\n|-heal|p2a: Clefable|99\/100|[from] item: Leftovers\n|upkeep\n|turn|3\n|\n|t:|1698291347\n|switch|p2a: Medicham|Medicham, F|100\/100\n|move|p1a: Enamorus|Substitute|p1a: Enamorus\n|-fail|p1a: Enamorus|move: Substitute\n|\n|-heal|p1a: Enamorus|88\/100|[from] item: Leftovers\n|upkeep\n|turn|4\n|\n|t:|1698291352\n|move|p2a: Medicham|Rock Slide|p1a: Enamorus\n|-supereffective|p1a: Enamorus\n|-end|p1a: Enamorus|Substitute\n|move|p1a: Enamorus|Substitute|p1a: Enamorus\n|-start|p1a: Enamorus|Substitute\n|-damage|p1a: Enamorus|63\/100\n|\n|-heal|p1a: Enamorus|69\/100|[from] item: Leftovers\n|upkeep\n|turn|5\n|\n|t:|1698291360\n|move|p2a: Medicham|Rock Slide|p1a: Enamorus\n|-supereffective|p1a: Enamorus\n|-end|p1a: Enamorus|Substitute\n|move|p1a: Enamorus|Substitute|p1a: Enamorus\n|-start|p1a: Enamorus|Substitute\n|-damage|p1a: Enamorus|44\/100\n|\n|-heal|p1a: Enamorus|51\/100|[from] item: Leftovers\n|-end|p1a: Enamorus|Encore\n|upkeep\n|turn|6\n|\n|t:|1698291363\n|move|p2a: Medicham|Rock Slide|p1a: Enamorus\n|-supereffective|p1a: Enamorus\n|-end|p1a: Enamorus|Substitute\n|move|p1a: Enamorus|Play Rough|p2a: Medicham\n|-supereffective|p2a: Medicham\n|-damage|p2a: Medicham|0 fnt\n|faint|p2a: Medicham\n|\n|-heal|p1a: Enamorus|57\/100|[from] item: Leftovers\n|upkeep\n|\n|t:|1698291367\n|switch|p2a: Greninja|Greninja, F|100\/100\n|turn|7\n|\n|t:|1698291371\n|-terastallize|p1a: Enamorus|Steel\n|move|p2a: Greninja|Waterfall|p1a: Enamorus\n|-start|p2a: Greninja|typechange|Water|[from] ability: Protean\n|-damage|p1a: Enamorus|0 fnt\n|faint|p1a: Enamorus\n|\n|upkeep\n|\n|t:|1698291386\n|switch|p1a: Toedscruel|Toedscruel, F|100\/100\n|turn|8\n|\n|t:|1698291393\n|move|p2a: Greninja|Waterfall|p1a: Toedscruel\n|-damage|p1a: Toedscruel|34\/100\n|move|p1a: Toedscruel|Rapid Spin|p2a: Greninja\n|-damage|p2a: Greninja|86\/100\n|-boost|p1a: Toedscruel|spe|1\n|-sideend|p1: godiamsosorry|Stealth Rock|[from] move: Rapid Spin|[of] p1a: Toedscruel\n|\n|upkeep\n|turn|9\n|\n|t:|1698291408\n|switch|p2a: Weezing|Weezing-Galar, M|100\/100\n|switch|p1a: Slowking|Slowking-Galar, F|100\/100\n|\n|upkeep\n|turn|10\n|c|\u2606godiamsosorry|I FORGOT REGENERATOR.\n|c|\u2606Dragon Master Rosa|oopsie\n|\n|t:|1698291419\n|move|p2a: Weezing|Will-O-Wisp|p1a: Slowking\n|-status|p1a: Slowking|brn\n|move|p1a: Slowking|Chilly Reception|p1a: Slowking\n|-weather|Snow\n|\n|t:|1698291423\n|switch|p1a: Palafin|Palafin, M|100\/100|[from] Chilly Reception\n|\n|-weather|Snow|[upkeep]\n|upkeep\n|turn|11\n|\n|t:|1698291436\n|detailschange|p1a: Palafin|Palafin-Hero, M\n|switch|p1a: Toedscruel|Toedscruel, F|34\/100\n|move|p2a: Weezing|Clear Smog|p1a: Toedscruel\n|-damage|p1a: Toedscruel|24\/100\n|-clearboost|p1a: Toedscruel\n|\n|-weather|Snow|[upkeep]\n|upkeep\n|turn|12\n|\n|t:|1698291442\n|move|p1a: Toedscruel|Knock Off|p2a: Weezing\n|-resisted|p2a: Weezing\n|-damage|p2a: Weezing|95\/100\n|-enditem|p2a: Weezing|Leftovers|[from] move: Knock Off|[of] p1a: Toedscruel\n|move|p2a: Weezing|Will-O-Wisp|p1a: Toedscruel\n|-status|p1a: Toedscruel|brn\n|\n|-weather|Snow|[upkeep]\n|-damage|p1a: Toedscruel|18\/100 brn|[from] brn\n|upkeep\n|turn|13\n|\n|t:|1698291458\n|move|p2a: Weezing|Clear Smog|p1a: Toedscruel\n|-damage|p1a: Toedscruel|9\/100 brn\n|-clearboost|p1a: Toedscruel\n|move|p1a: Toedscruel|Leech Seed|p2a: Weezing\n|-start|p2a: Weezing|move: Leech Seed\n|\n|-weather|Snow|[upkeep]\n|-damage|p2a: Weezing|83\/100|[from] Leech Seed|[of] p1a: Toedscruel\n|-heal|p1a: Toedscruel|21\/100 brn|[silent]\n|-damage|p1a: Toedscruel|15\/100 brn|[from] brn\n|upkeep\n|turn|14\n|\n|t:|1698291467\n|switch|p2a: Clefable|Clefable, M|99\/100\n|move|p1a: Toedscruel|Spore|p2a: Clefable\n|-status|p2a: Clefable|slp|[from] move: Spore\n|\n|-weather|none\n|-heal|p2a: Clefable|100\/100 slp|[from] item: Leftovers\n|-damage|p1a: Toedscruel|8\/100 brn|[from] brn\n|upkeep\n|turn|15\n|\n|t:|1698291471\n|switch|p1a: Palafin|Palafin-Hero, M|100\/100\n|-activate|p1a: Palafin|ability: Zero to Hero\n|cant|p2a: Clefable|slp\n|\n|upkeep\n|turn|16\n|\n|t:|1698291485\n|move|p1a: Palafin|Boomburst|p2a: Clefable\n|-damage|p2a: Clefable|57\/100 slp\n|cant|p2a: Clefable|slp\n|\n|-heal|p2a: Clefable|63\/100 slp|[from] item: Leftovers\n|upkeep\n|turn|17\n|\n|t:|1698291489\n|move|p1a: Palafin|Boomburst|p2a: Clefable\n|-damage|p2a: Clefable|19\/100 slp\n|-curestatus|p2a: Clefable|slp|[msg]\n|move|p2a: Clefable|Moonlight|p2a: Clefable\n|-heal|p2a: Clefable|69\/100\n|\n|-heal|p2a: Clefable|75\/100|[from] item: Leftovers\n|upkeep\n|turn|18\n|\n|t:|1698291492\n|move|p1a: Palafin|Boomburst|p2a: Clefable\n|-damage|p2a: Clefable|31\/100\n|move|p2a: Clefable|Play Rough|p1a: Palafin\n|-damage|p1a: Palafin|78\/100\n|\n|-heal|p2a: Clefable|37\/100|[from] item: Leftovers\n|upkeep\n|turn|19\n|\n|t:|1698291497\n|move|p1a: Palafin|Boomburst|p2a: Clefable\n|-damage|p2a: Clefable|0 fnt\n|faint|p2a: Clefable\n|\n|upkeep\n|\n|t:|1698291500\n|switch|p2a: Greninja|Greninja, F|86\/100\n|turn|20\n|\n|t:|1698291503\n|switch|p1a: Toedscruel|Toedscruel, F|8\/100 brn\n|move|p2a: Greninja|Shadow Sneak|p1a: Toedscruel\n|-start|p2a: Greninja|typechange|Ghost|[from] ability: Protean\n|-damage|p1a: Toedscruel|0 fnt\n|faint|p1a: Toedscruel\n|\n|upkeep\n|\n|t:|1698291508\n|switch|p1a: Slowking|Slowking-Galar, F|100\/100\n|turn|21\n|\n|t:|1698291512\n|switch|p2a: Slowking|Slowking-Galar, F|100\/100\n|move|p1a: Slowking|Knock Off|p2a: Slowking\n|-supereffective|p2a: Slowking\n|-damage|p2a: Slowking|60\/100\n|-enditem|p2a: Slowking|Heavy-Duty Boots|[from] move: Knock Off|[of] p1a: Slowking\n|\n|upkeep\n|turn|22\n|c|\u2606Dragon Master Rosa|i may be stupid\n|\n|t:|1698291520\n|move|p1a: Slowking|U-turn|p2a: Slowking\n|-damage|p2a: Slowking|47\/100\n|\n|t:|1698291521\n|switch|p1a: Slowking|Slowking-Galar, F|100\/100 brn|[from] U-turn\n|move|p2a: Slowking|Toxic||[still]\n|-fail|p2a: Slowking\n|\n|-damage|p1a: Slowking|94\/100 brn|[from] brn\n|upkeep\n|turn|23\n|\n|t:|1698291525\n|move|p2a: Slowking|Foul Play|p1a: Slowking\n|-supereffective|p1a: Slowking\n|-damage|p1a: Slowking|78\/100 brn\n|move|p1a: Slowking|Chilly Reception|p1a: Slowking\n|-weather|Snow\n|\n|t:|1698291531\n|switch|p1a: Palafin|Palafin-Hero, M|78\/100|[from] Chilly Reception\n|\n|-weather|Snow|[upkeep]\n|upkeep\n|turn|24\n|\n|t:|1698291535\n|move|p1a: Palafin|Hydro Pump|p2a: Slowking\n|-damage|p2a: Slowking|0 fnt\n|faint|p2a: Slowking\n|\n|-weather|Snow|[upkeep]\n|upkeep\n|\n|t:|1698291538\n|switch|p2a: Greninja|Greninja, F|86\/100\n|turn|25\n|\n|t:|1698291552\n|switch|p1a: Slowking|Slowking-Galar, F|78\/100 brn\n|move|p2a: Greninja|Night Slash|p1a: Slowking\n|-start|p2a: Greninja|typechange|Dark|[from] ability: Protean\n|-supereffective|p1a: Slowking\n|-damage|p1a: Slowking|13\/100 brn\n|\n|-weather|Snow|[upkeep]\n|-damage|p1a: Slowking|7\/100 brn|[from] brn\n|upkeep\n|turn|26\n|\n|t:|1698291556\n|move|p2a: Greninja|Night Slash|p1a: Slowking\n|-supereffective|p1a: Slowking\n|-damage|p1a: Slowking|0 fnt\n|faint|p1a: Slowking\n|\n|-weather|Snow|[upkeep]\n|upkeep\n|\n|t:|1698291560\n|switch|p1a: Medicham|Medicham, F|100\/100\n|turn|27\n|\n|t:|1698291577\n|switch|p2a: Landorus|Landorus-Therian, M|100\/100\n|-ability|p2a: Landorus|Intimidate|boost\n|-unboost|p1a: Medicham|atk|1\n|move|p1a: Medicham|Ice Punch|p2a: Landorus\n|-supereffective|p2a: Landorus\n|-damage|p2a: Landorus|13\/100\n|\n|-weather|none\n|-heal|p2a: Landorus|19\/100|[from] item: Leftovers\n|upkeep\n|turn|28\n|\n|t:|1698291582\n|move|p1a: Medicham|Ice Punch|p2a: Landorus\n|-supereffective|p2a: Landorus\n|-damage|p2a: Landorus|0 fnt\n|faint|p2a: Landorus\n|\n|upkeep\n|\n|t:|1698291584\n|switch|p2a: Greninja|Greninja, F|86\/100\n|turn|29\n|\n|t:|1698291599\n|switch|p1a: Medicham|Medicham, F|100\/100\n|-terastallize|p2a: Greninja|Dark\n|move|p2a: Greninja|Night Slash|p1a: Medicham\n|-supereffective|p1a: Medicham\n|-crit|p1a: Medicham\n|-damage|p1a: Medicham|0 fnt\n|replace|p1a: Zoroark|Zoroark-Hisui, M\n|-end|p1a: Zoroark|Illusion\n|faint|p1a: Zoroark\n|\n|upkeep\n|\n|t:|1698291601\n|switch|p1a: Palafin|Palafin-Hero, M|78\/100\n|turn|30\n|\n|t:|1698291605\n|move|p2a: Greninja|Night Slash|p1a: Palafin\n|-crit|p1a: Palafin\n|-damage|p1a: Palafin|0 fnt\n|faint|p1a: Palafin\n|\n|upkeep\n|c|\u2606godiamsosorry|RIP\n|c|\u2606Dragon Master Rosa|LET'S FUCKING GOOO\n|c|\u2606godiamsosorry|I think crit mattered there.\n|c|\u2606godiamsosorry|Gg.\n|\n|t:|1698291615\n|switch|p1a: Medicham|Medicham, F|100\/100\n|turn|31\n|c|\u2606Dragon Master Rosa|it did\n|c|\u2606Dragon Master Rosa|calcdex\n|\n|t:|1698291618\n|move|p1a: Medicham|Ice Punch|p2a: Greninja\n|-damage|p2a: Greninja|32\/100\n|move|p2a: Greninja|Night Slash|p1a: Medicham\n|-damage|p1a: Medicham|0 fnt\n|faint|p1a: Medicham\n|\n|win|Dragon Master Rosa\n","uploadtime":1698291623,"views":18,"p1id":"godiamsosorry","p2id":"dragonmasterrosa","formatid":"gen9ubers","rating":0,"private":0,"password":""}