{"id":"gen9ubers-1980548447","p1":"mann_treads","p2":"Silver swablu","format":"[Gen 9] Ubers","log":"|j|\u2606mann_treads\n|j|\u2606Silver swablu\n|t:|1698796069\n|gametype|singles\n|player|p1|mann_treads|ariana|1000\n|player|p2|Silver swablu|gambler|1027\n|teamsize|p1|6\n|teamsize|p2|6\n|gen|9\n|tier|[Gen 9] Ubers\n|rated|\n|rule|Sleep Clause Mod: Limit one foe put to sleep\n|rule|Species Clause: Limit one of each Pok\u00e9mon\n|rule|OHKO Clause: OHKO moves are banned\n|rule|Evasion Items Clause: Evasion items are banned\n|rule|Evasion Moves Clause: Evasion moves are banned\n|rule|Endless Battle Clause: Forcing endless battles is banned\n|rule|HP Percentage Mod: HP is shown in percentages\n|clearpoke\n|poke|p1|Umbreon, M|\n|poke|p1|Blissey, F|\n|poke|p1|Dondozo, F|\n|poke|p1|Slowking, M|\n|poke|p1|Alomomola, F|\n|poke|p1|Arceus-Grass|\n|poke|p2|Iron Bundle|\n|poke|p2|Roaring Moon|\n|poke|p2|Zacian-*|\n|poke|p2|Calyrex-Ice|\n|poke|p2|Dondozo, M|\n|poke|p2|Chi-Yu|\n|teampreview\n|c|\u2606mann_treads|glhf\n|\n|t:|1698796087\n|start\n|switch|p1a: Umbreon|Umbreon, M|100\/100\n|switch|p2a: Icee boys|Calyrex-Ice|100\/100\n|-ability|p2a: Icee boys|As One\n|-ability|p2a: Icee boys|Unnerve\n|turn|1\n|inactive|Battle timer is ON: inactive players will automatically lose when time's up. (requested by mann_treads)\n|\n|t:|1698796101\n|move|p1a: Umbreon|Yawn|p2a: Icee boys\n|-start|p2a: Icee boys|move: Yawn|[of] p1a: Umbreon\n|move|p2a: Icee boys|Body Press|p1a: Umbreon\n|-supereffective|p1a: Umbreon\n|-damage|p1a: Umbreon|55\/100\n|\n|-heal|p1a: Umbreon|61\/100|[from] item: Leftovers\n|upkeep\n|turn|2\n|\n|t:|1698796113\n|switch|p2a: Sword doggo|Zacian-Crowned, shiny|100\/100\n|-ability|p2a: Sword doggo|Intrepid Sword|boost\n|-boost|p2a: Sword doggo|atk|1\n|move|p1a: Umbreon|Foul Play|p2a: Sword doggo\n|-resisted|p2a: Sword doggo\n|-damage|p2a: Sword doggo|61\/100\n|\n|-heal|p1a: Umbreon|67\/100|[from] item: Leftovers\n|upkeep\n|turn|3\n|\n|t:|1698796123\n|switch|p1a: Alomomola|Alomomola, F|100\/100\n|move|p2a: Sword doggo|Play Rough|p1a: Alomomola|[miss]\n|-miss|p2a: Sword doggo|p1a: Alomomola\n|\n|upkeep\n|turn|4\n|\n|t:|1698796130\n|move|p2a: Sword doggo|Swords Dance|p2a: Sword doggo\n|-boost|p2a: Sword doggo|atk|2\n|move|p1a: Alomomola|Wish|p1a: Alomomola\n|\n|upkeep\n|turn|5\n|\n|t:|1698796136\n|move|p2a: Sword doggo|Behemoth Blade|p1a: Alomomola\n|-resisted|p1a: Alomomola\n|-damage|p1a: Alomomola|60\/100\n|move|p1a: Alomomola|Flip Turn|p2a: Sword doggo\n|-damage|p2a: Sword doggo|47\/100\n|\n|t:|1698796145\n|switch|p1a: Umbreon|Umbreon, M|67\/100|[from] Flip Turn\n|\n|-heal|p1a: Umbreon|100\/100|[from] move: Wish|[wisher] Alomomola\n|upkeep\n|turn|6\n|\n|t:|1698796152\n|move|p2a: Sword doggo|Play Rough|p1a: Umbreon|[miss]\n|-miss|p2a: Sword doggo|p1a: Umbreon\n|move|p1a: Umbreon|Foul Play|p2a: Sword doggo\n|-resisted|p2a: Sword doggo\n|-damage|p2a: Sword doggo|0 fnt\n|faint|p2a: Sword doggo\n|\n|upkeep\n|\n|t:|1698796172\n|switch|p2a: Big boy|Dondozo, M, shiny|100\/100\n|turn|7\n|\n|t:|1698796184\n|switch|p1a: Arceus|Arceus-Grass, shiny|100\/100\n|move|p2a: Big boy|Curse|p2a: Big boy\n|-unboost|p2a: Big boy|spe|1\n|-boost|p2a: Big boy|atk|1\n|-boost|p2a: Big boy|def|1\n|\n|-status|p2a: Big boy|brn|[from] item: Flame Orb\n|upkeep\n|turn|8\n|\n|t:|1698796194\n|move|p1a: Arceus|Cosmic Power|p1a: Arceus\n|-boost|p1a: Arceus|def|1\n|-boost|p1a: Arceus|spd|1\n|move|p2a: Big boy|Facade|p1a: Arceus\n|-damage|p1a: Arceus|59\/100\n|\n|-damage|p2a: Big boy|94\/100 brn|[from] brn\n|upkeep\n|turn|9\n|\n|t:|1698796205\n|move|p1a: Arceus|Cosmic Power|p1a: Arceus\n|-boost|p1a: Arceus|def|1\n|-boost|p1a: Arceus|spd|1\n|move|p2a: Big boy|Facade|p1a: Arceus\n|-damage|p1a: Arceus|22\/100\n|\n|-damage|p2a: Big boy|88\/100 brn|[from] brn\n|upkeep\n|turn|10\n|\n|t:|1698796217\n|move|p1a: Arceus|Recover|p1a: Arceus\n|-heal|p1a: Arceus|72\/100\n|move|p2a: Big boy|Facade|p1a: Arceus\n|-damage|p1a: Arceus|31\/100\n|\n|-damage|p2a: Big boy|82\/100 brn|[from] brn\n|upkeep\n|turn|11\n|\n|t:|1698796226\n|move|p1a: Arceus|Recover|p1a: Arceus\n|-heal|p1a: Arceus|81\/100\n|move|p2a: Big boy|Facade|p1a: Arceus\n|-damage|p1a: Arceus|40\/100\n|\n|-damage|p2a: Big boy|76\/100 brn|[from] brn\n|upkeep\n|turn|12\n|\n|t:|1698796234\n|move|p1a: Arceus|Recover|p1a: Arceus\n|-heal|p1a: Arceus|90\/100\n|move|p2a: Big boy|Facade|p1a: Arceus\n|-damage|p1a: Arceus|54\/100\n|\n|-damage|p2a: Big boy|70\/100 brn|[from] brn\n|upkeep\n|turn|13\n|\n|t:|1698796244\n|move|p1a: Arceus|Cosmic Power|p1a: Arceus\n|-boost|p1a: Arceus|def|1\n|-boost|p1a: Arceus|spd|1\n|move|p2a: Big boy|Facade|p1a: Arceus\n|-damage|p1a: Arceus|13\/100\n|\n|-damage|p2a: Big boy|64\/100 brn|[from] brn\n|upkeep\n|turn|14\n|\n|t:|1698796252\n|move|p1a: Arceus|Recover|p1a: Arceus\n|-heal|p1a: Arceus|63\/100\n|move|p2a: Big boy|Facade|p1a: Arceus\n|-damage|p1a: Arceus|25\/100\n|\n|-damage|p2a: Big boy|58\/100 brn|[from] brn\n|upkeep\n|turn|15\n|\n|t:|1698796261\n|move|p1a: Arceus|Recover|p1a: Arceus\n|-heal|p1a: Arceus|75\/100\n|move|p2a: Big boy|Facade|p1a: Arceus\n|-damage|p1a: Arceus|38\/100\n|\n|-damage|p2a: Big boy|52\/100 brn|[from] brn\n|upkeep\n|turn|16\n|\n|t:|1698796270\n|move|p1a: Arceus|Recover|p1a: Arceus\n|-heal|p1a: Arceus|88\/100\n|move|p2a: Big boy|Facade|p1a: Arceus\n|-damage|p1a: Arceus|50\/100\n|\n|-damage|p2a: Big boy|46\/100 brn|[from] brn\n|upkeep\n|turn|17\n|\n|t:|1698796278\n|move|p1a: Arceus|Cosmic Power|p1a: Arceus\n|-boost|p1a: Arceus|def|1\n|-boost|p1a: Arceus|spd|1\n|move|p2a: Big boy|Facade|p1a: Arceus\n|-damage|p1a: Arceus|12\/100\n|\n|-damage|p2a: Big boy|39\/100 brn|[from] brn\n|upkeep\n|turn|18\n|\n|t:|1698796287\n|move|p1a: Arceus|Stored Power|p2a: Big boy\n|-damage|p2a: Big boy|0 fnt\n|faint|p2a: Big boy\n|\n|upkeep\n|\n|t:|1698796293\n|switch|p2a: Feesh|Chi-Yu|100\/100\n|-ability|p2a: Feesh|Beads of Ruin\n|turn|19\n|\n|t:|1698796298\n|switch|p1a: Alomomola|Alomomola, F|93\/100\n|move|p2a: Feesh|Flamethrower|p1a: Alomomola\n|-resisted|p1a: Alomomola\n|-damage|p1a: Alomomola|52\/100\n|\n|upkeep\n|turn|20\n|\n|t:|1698796327\n|move|p1a: Alomomola|Protect|p1a: Alomomola\n|-singleturn|p1a: Alomomola|Protect\n|move|p2a: Feesh|Dark Pulse|p1a: Alomomola\n|-activate|p1a: Alomomola|move: Protect\n|\n|upkeep\n|turn|21\n|\n|t:|1698796337\n|switch|p1a: Blissey|Blissey, F|100\/100\n|move|p2a: Feesh|Dark Pulse|p1a: Blissey\n|-damage|p1a: Blissey|85\/100\n|\n|upkeep\n|turn|22\n|inactive|Silver swablu has 120 seconds left.\n|\n|t:|1698796360\n|move|p2a: Feesh|Protect|p2a: Feesh\n|-singleturn|p2a: Feesh|Protect\n|move|p1a: Blissey|Thunder Wave|p2a: Feesh\n|-activate|p2a: Feesh|move: Protect\n|\n|upkeep\n|turn|23\n|inactive|Silver swablu has 120 seconds left.\n|\n|t:|1698796371\n|move|p2a: Feesh|Flamethrower|p1a: Blissey\n|-damage|p1a: Blissey|68\/100\n|move|p1a: Blissey|Thunder Wave|p2a: Feesh\n|-status|p2a: Feesh|par\n|\n|upkeep\n|turn|24\n|\n|t:|1698796379\n|move|p2a: Feesh|Flamethrower|p1a: Blissey\n|-damage|p1a: Blissey|50\/100\n|move|p1a: Blissey|Seismic Toss|p2a: Feesh\n|-damage|p2a: Feesh|61\/100 par\n|\n|upkeep\n|turn|25\n|\n|t:|1698796387\n|move|p2a: Feesh|Flamethrower|p1a: Blissey\n|-crit|p1a: Blissey\n|-damage|p1a: Blissey|22\/100\n|move|p1a: Blissey|Seismic Toss|p2a: Feesh\n|-damage|p2a: Feesh|21\/100 par\n|\n|upkeep\n|turn|26\n|\n|t:|1698796394\n|move|p2a: Feesh|Protect|p2a: Feesh\n|-singleturn|p2a: Feesh|Protect\n|move|p1a: Blissey|Soft-Boiled|p1a: Blissey\n|-heal|p1a: Blissey|72\/100\n|\n|upkeep\n|turn|27\n|\n|t:|1698796401\n|move|p2a: Feesh|Flamethrower|p1a: Blissey\n|-damage|p1a: Blissey|54\/100\n|move|p1a: Blissey|Seismic Toss|p2a: Feesh\n|-damage|p2a: Feesh|0 fnt\n|faint|p2a: Feesh\n|\n|upkeep\n|\n|t:|1698796409\n|switch|p2a: Santa|Iron Bundle|100\/100\n|-enditem|p2a: Santa|Booster Energy\n|-activate|p2a: Santa|ability: Quark Drive|[fromitem]\n|-start|p2a: Santa|quarkdrivespe\n|turn|28\n|inactive|Silver swablu has 120 seconds left.\n|inactive|Silver swablu has 90 seconds left.\n|\n|t:|1698796474\n|move|p2a: Santa|Ice Beam|p1a: Blissey\n|-damage|p1a: Blissey|43\/100\n|move|p1a: Blissey|Thunder Wave|p2a: Santa\n|-status|p2a: Santa|par\n|\n|upkeep\n|turn|29\n|inactive|Silver swablu has 90 seconds left.\n|inactive|Silver swablu has 60 seconds left.\n|\n|t:|1698796519\n|move|p2a: Santa|Flip Turn|p1a: Blissey\n|-damage|p1a: Blissey|0 fnt\n|faint|p1a: Blissey\n|\n|t:|1698796525\n|-end|p2a: Santa|Quark Drive|[silent]\n|switch|p2a: Moon|Roaring Moon, shiny|100\/100|[from] Flip Turn\n|-enditem|p2a: Moon|Booster Energy\n|-activate|p2a: Moon|ability: Protosynthesis|[fromitem]\n|-start|p2a: Moon|protosynthesisatk\n|\n|upkeep\n|\n|t:|1698796535\n|switch|p1a: Alomomola|Alomomola, F|86\/100\n|turn|30\n|inactive|Silver swablu has 60 seconds left.\n|\n|t:|1698796571\n|move|p2a: Moon|Knock Off|p1a: Alomomola\n|-damage|p1a: Alomomola|48\/100\n|-enditem|p1a: Alomomola|Heavy-Duty Boots|[from] move: Knock Off|[of] p2a: Moon\n|move|p1a: Alomomola|Wish|p1a: Alomomola\n|\n|upkeep\n|turn|31\n|\n|t:|1698796578\n|move|p2a: Moon|Acrobatics|p1a: Alomomola\n|-damage|p1a: Alomomola|20\/100\n|move|p1a: Alomomola|Flip Turn|p2a: Moon\n|-resisted|p2a: Moon\n|-damage|p2a: Moon|91\/100\n|\n|t:|1698796584\n|switch|p1a: Arceus|Arceus-Grass, shiny|12\/100|[from] Flip Turn\n|\n|-heal|p1a: Arceus|73\/100|[from] move: Wish|[wisher] Alomomola\n|upkeep\n|turn|32\n|\n|t:|1698796601\n|-terastallize|p1a: Arceus|Normal\n|move|p2a: Moon|Knock Off|p1a: Arceus\n|-damage|p1a: Arceus|39\/100\n|move|p1a: Arceus|Recover|p1a: Arceus\n|-heal|p1a: Arceus|89\/100\n|\n|upkeep\n|turn|33\n|\n|t:|1698796613\n|move|p2a: Moon|Acrobatics|p1a: Arceus\n|-damage|p1a: Arceus|54\/100\n|move|p1a: Arceus|Cosmic Power|p1a: Arceus\n|-boost|p1a: Arceus|def|1\n|-boost|p1a: Arceus|spd|1\n|\n|upkeep\n|turn|34\n|\n|t:|1698796626\n|move|p2a: Moon|Dragon Dance|p2a: Moon\n|-boost|p2a: Moon|atk|1\n|-boost|p2a: Moon|spe|1\n|move|p1a: Arceus|Recover|p1a: Arceus\n|-heal|p1a: Arceus|100\/100\n|\n|upkeep\n|turn|35\n|\n|t:|1698796638\n|move|p2a: Moon|Dragon Dance|p2a: Moon\n|-boost|p2a: Moon|atk|1\n|-boost|p2a: Moon|spe|1\n|move|p1a: Arceus|Cosmic Power|p1a: Arceus\n|-boost|p1a: Arceus|def|1\n|-boost|p1a: Arceus|spd|1\n|\n|upkeep\n|turn|36\n|\n|t:|1698796647\n|move|p2a: Moon|Dragon Claw|p1a: Arceus\n|-damage|p1a: Arceus|60\/100\n|move|p1a: Arceus|Body Press|p2a: Moon\n|-supereffective|p2a: Moon\n|-damage|p2a: Moon|0 fnt\n|faint|p2a: Moon\n|-end|p2a: Moon|Protosynthesis|[silent]\n|\n|upkeep\n|\n|t:|1698796660\n|switch|p2a: Icee boys|Calyrex-Ice|100\/100\n|-ability|p2a: Icee boys|As One\n|-ability|p2a: Icee boys|Unnerve\n|turn|37\n|\n|t:|1698796672\n|move|p1a: Arceus|Cosmic Power|p1a: Arceus\n|-boost|p1a: Arceus|def|1\n|-boost|p1a: Arceus|spd|1\n|move|p2a: Icee boys|Body Press|p1a: Arceus\n|-supereffective|p1a: Arceus\n|-damage|p1a: Arceus|42\/100\n|\n|upkeep\n|turn|38\n|\n|t:|1698796687\n|move|p1a: Arceus|Body Press|p2a: Icee boys\n|-damage|p2a: Icee boys|71\/100\n|move|p2a: Icee boys|Calm Mind|p2a: Icee boys\n|-boost|p2a: Icee boys|spa|1\n|-boost|p2a: Icee boys|spd|1\n|\n|-heal|p2a: Icee boys|77\/100|[from] item: Leftovers\n|upkeep\n|turn|39\n|\n|t:|1698796703\n|move|p1a: Arceus|Body Press|p2a: Icee boys\n|-damage|p2a: Icee boys|45\/100\n|move|p2a: Icee boys|Body Press|p1a: Arceus\n|-supereffective|p1a: Arceus\n|-damage|p1a: Arceus|25\/100\n|\n|-heal|p2a: Icee boys|52\/100|[from] item: Leftovers\n|upkeep\n|turn|40\n|\n|t:|1698796712\n|move|p1a: Arceus|Body Press|p2a: Icee boys\n|-crit|p2a: Icee boys\n|-damage|p2a: Icee boys|8\/100\n|move|p2a: Icee boys|Glacial Lance|p1a: Arceus\n|-damage|p1a: Arceus|4\/100\n|\n|-heal|p2a: Icee boys|14\/100|[from] item: Leftovers\n|upkeep\n|turn|41\n|\n|t:|1698796721\n|move|p1a: Arceus|Body Press|p2a: Icee boys\n|-damage|p2a: Icee boys|0 fnt\n|faint|p2a: Icee boys\n|\n|upkeep\n|\n|t:|1698796738\n|switch|p2a: Santa|Iron Bundle|100\/100 par\n|turn|42\n|\n|t:|1698796746\n|move|p1a: Arceus|Body Press|p2a: Santa\n|-supereffective|p2a: Santa\n|-damage|p2a: Santa|0 fnt\n|faint|p2a: Santa\n|-end|p2a: Santa|Quark Drive|[silent]\n|\n|win|mann_treads\n|raw|mann_treads's rating: 1000 &rarr; <strong>1043<\/strong><br \/>(+43 for winning)\n|raw|Silver swablu's rating: 1027 &rarr; <strong>1012<\/strong><br \/>(-15 for losing)\n|c|\u2606mann_treads|gg\n","uploadtime":1698796753,"views":7,"p1id":"manntreads","p2id":"silverswablu","formatid":"gen9ubers","rating":1012,"private":0,"password":""}