{"id":"gen9ubers-1975350169","p1":"Impulse02","p2":"Turtleboys","format":"[Gen 9] Ubers","log":"|j|\u2606Impulse02\n|j|\u2606Turtleboys\n|t:|1698182225\n|gametype|singles\n|player|p1|Impulse02|101|\n|player|p2|Turtleboys|170|\n|teamsize|p1|6\n|teamsize|p2|6\n|gen|9\n|tier|[Gen 9] Ubers\n|rule|Sleep Clause Mod: Limit one foe put to sleep\n|rule|Species Clause: Limit one of each Pok\u00e9mon\n|rule|OHKO Clause: OHKO moves are banned\n|rule|Evasion Items Clause: Evasion items are banned\n|rule|Evasion Moves Clause: Evasion moves are banned\n|rule|Endless Battle Clause: Forcing endless battles is banned\n|rule|HP Percentage Mod: HP is shown in percentages\n|clearpoke\n|poke|p1|Chi-Yu|\n|poke|p1|Lilligant-Hisui, F|\n|poke|p1|Torkoal, F|\n|poke|p1|Hoopa-Unbound|\n|poke|p1|Golem, F|\n|poke|p1|Ursaluna-Bloodmoon, M|\n|poke|p2|Landorus-Therian, M|\n|poke|p2|Ribombee, F|\n|poke|p2|Glimmora, M|\n|poke|p2|Ditto|\n|poke|p2|Quaquaval, F|\n|poke|p2|Cloyster, M|\n|teampreview\n|inactive|Battle timer is ON: inactive players will automatically lose when time's up. (requested by Turtleboys)\n|\n|t:|1698182276\n|start\n|switch|p1a: Torkoal|Torkoal, F|100\/100\n|switch|p2a: Glimmora|Glimmora, M|100\/100\n|-weather|SunnyDay|[from] ability: Drought|[of] p1a: Torkoal\n|turn|1\n|\n|t:|1698182289\n|move|p2a: Glimmora|Power Gem|p1a: Torkoal\n|-supereffective|p1a: Torkoal\n|-damage|p1a: Torkoal|0 fnt\n|faint|p1a: Torkoal\n|\n|-weather|SunnyDay|[upkeep]\n|upkeep\n|inactive|Impulse02 has 270 seconds left.\n|\n|t:|1698182315\n|switch|p1a: Chi-Yu|Chi-Yu|100\/100\n|-ability|p1a: Chi-Yu|Beads of Ruin\n|turn|2\n|inactive|Impulse02 has 270 seconds left.\n|\n|t:|1698182327\n|move|p1a: Chi-Yu|Psychic|p2a: Glimmora\n|-supereffective|p2a: Glimmora\n|-damage|p2a: Glimmora|0 fnt\n|faint|p2a: Glimmora\n|-damage|p1a: Chi-Yu|91\/100|[from] item: Life Orb\n|\n|-weather|SunnyDay|[upkeep]\n|upkeep\n|inactiveoff|Battle timer is now OFF.\n|inactive|Battle timer is ON: inactive players will automatically lose when time's up. (requested by Impulse02)\n|\n|t:|1698182384\n|switch|p2a: Ribombee|Ribombee, F|100\/100\n|turn|3\n|\n|t:|1698182389\n|move|p2a: Ribombee|Tailwind|p2a: Ribombee\n|-sidestart|p2: Turtleboys|move: Tailwind\n|move|p1a: Chi-Yu|Flamethrower|p2a: Ribombee\n|-supereffective|p2a: Ribombee\n|-enditem|p2a: Ribombee|Focus Sash\n|-damage|p2a: Ribombee|1\/100\n|-damage|p1a: Chi-Yu|81\/100|[from] item: Life Orb\n|\n|-weather|SunnyDay|[upkeep]\n|upkeep\n|turn|4\n|\n|t:|1698182397\n|move|p2a: Ribombee|Sticky Web|p1a: Chi-Yu\n|-sidestart|p1: Impulse02|move: Sticky Web\n|move|p1a: Chi-Yu|Psychic|p2a: Ribombee\n|-damage|p2a: Ribombee|0 fnt\n|faint|p2a: Ribombee\n|-damage|p1a: Chi-Yu|71\/100|[from] item: Life Orb\n|\n|-weather|SunnyDay|[upkeep]\n|upkeep\n|\n|t:|1698182400\n|switch|p2a: Quaquaval|Quaquaval, F|100\/100\n|turn|5\n|\n|t:|1698182423\n|move|p2a: Quaquaval|Aqua Step|p1a: Chi-Yu\n|-supereffective|p1a: Chi-Yu\n|-damage|p1a: Chi-Yu|0 fnt\n|-boost|p2a: Quaquaval|spe|1\n|faint|p1a: Chi-Yu\n|-ability|p2a: Quaquaval|Moxie|boost\n|-boost|p2a: Quaquaval|atk|1\n|-damage|p2a: Quaquaval|91\/100|[from] item: Life Orb\n|\n|-weather|SunnyDay|[upkeep]\n|upkeep\n|\n|t:|1698182437\n|switch|p1a: Golem|Golem, F|100\/100\n|-activate|p1a: Golem|move: Sticky Web\n|-unboost|p1a: Golem|spe|1\n|turn|6\n|\n|t:|1698182450\n|switch|p2a: Ditto|Ditto|100\/100\n|-transform|p2a: Ditto|p1a: Golem|[from] ability: Imposter\n|-terastallize|p1a: Golem|Normal\n|move|p1a: Golem|Explosion|p2a: Ditto\n|-resisted|p2a: Ditto\n|-damage|p2a: Ditto|41\/100\n|faint|p1a: Golem\n|\n|-weather|SunnyDay|[upkeep]\n|-sideend|p2: Turtleboys|move: Tailwind\n|upkeep\n|\n|t:|1698182458\n|switch|p1a: Lilligant|Lilligant-Hisui, F, shiny|100\/100\n|-activate|p1a: Lilligant|move: Sticky Web\n|-unboost|p1a: Lilligant|spe|1\n|turn|7\n|\n|t:|1698182462\n|move|p1a: Lilligant|Solar Blade||[still]\n|-prepare|p1a: Lilligant|Solar Blade\n|-anim|p1a: Lilligant|Solar Blade|p2a: Ditto\n|-supereffective|p2a: Ditto\n|-damage|p2a: Ditto|0 fnt\n|faint|p2a: Ditto\n|-damage|p1a: Lilligant|91\/100|[from] item: Life Orb\n|\n|-weather|SunnyDay|[upkeep]\n|upkeep\n|\n|t:|1698182473\n|switch|p2a: Cloyster|Cloyster, M|100\/100\n|turn|8\n|\n|t:|1698182486\n|move|p1a: Lilligant|Solar Blade||[still]\n|-prepare|p1a: Lilligant|Solar Blade\n|-anim|p1a: Lilligant|Solar Blade|p2a: Cloyster\n|-supereffective|p2a: Cloyster\n|-damage|p2a: Cloyster|0 fnt\n|faint|p2a: Cloyster\n|-damage|p1a: Lilligant|81\/100|[from] item: Life Orb\n|\n|-weather|none\n|upkeep\n|\n|t:|1698182492\n|switch|p2a: Quaquaval|Quaquaval, F|91\/100\n|turn|9\n|\n|t:|1698182515\n|move|p2a: Quaquaval|Brave Bird|p1a: Lilligant\n|-supereffective|p1a: Lilligant\n|-damage|p1a: Lilligant|0 fnt\n|faint|p1a: Lilligant\n|-ability|p2a: Quaquaval|Moxie|boost\n|-boost|p2a: Quaquaval|atk|1\n|-damage|p2a: Quaquaval|62\/100|[from] Recoil\n|-damage|p2a: Quaquaval|52\/100|[from] item: Life Orb\n|\n|upkeep\n|\n|t:|1698182524\n|switch|p1a: Hoopa|Hoopa-Unbound|100\/100\n|-activate|p1a: Hoopa|move: Sticky Web\n|-unboost|p1a: Hoopa|spe|1\n|turn|10\n|\n|t:|1698182529\n|move|p2a: Quaquaval|Close Combat|p1a: Hoopa\n|-damage|p1a: Hoopa|0 fnt\n|-unboost|p2a: Quaquaval|def|1\n|-unboost|p2a: Quaquaval|spd|1\n|faint|p1a: Hoopa\n|-ability|p2a: Quaquaval|Moxie|boost\n|-boost|p2a: Quaquaval|atk|1\n|-damage|p2a: Quaquaval|42\/100|[from] item: Life Orb\n|\n|upkeep\n|\n|t:|1698182533\n|switch|p1a: Ursaluna|Ursaluna-Bloodmoon, M|100\/100\n|-activate|p1a: Ursaluna|move: Sticky Web\n|-unboost|p1a: Ursaluna|spe|1\n|turn|11\n|\n|t:|1698182537\n|move|p2a: Quaquaval|Aqua Step|p1a: Ursaluna\n|-supereffective|p1a: Ursaluna\n|-damage|p1a: Ursaluna|0 fnt\n|-boost|p2a: Quaquaval|spe|1\n|faint|p1a: Ursaluna\n|-damage|p2a: Quaquaval|32\/100|[from] item: Life Orb\n|\n|win|Turtleboys\n","uploadtime":1698182543,"views":14,"p1id":"impulse02","p2id":"turtleboys","formatid":"gen9ubers","rating":0,"private":0,"password":""}