{"id":"gen9ubers-1984390798","p1":"SadaShidz\ufe0f","p2":"abaabaabaaba","format":"[Gen 9] Ubers","log":"|j|\u2606SadaShidz\ufe0f\n|j|\u2606abaabaabaaba\n|t:|1699255057\n|gametype|singles\n|player|p1|SadaShidz\ufe0f|sada-ai|1271\n|player|p2|abaabaabaaba|170|1096\n|teamsize|p1|6\n|teamsize|p2|6\n|gen|9\n|tier|[Gen 9] Ubers\n|rated|\n|rule|Sleep Clause Mod: Limit one foe put to sleep\n|rule|Species Clause: Limit one of each Pok\u00e9mon\n|rule|OHKO Clause: OHKO moves are banned\n|rule|Evasion Items Clause: Evasion items are banned\n|rule|Evasion Moves Clause: Evasion moves are banned\n|rule|Endless Battle Clause: Forcing endless battles is banned\n|rule|HP Percentage Mod: HP is shown in percentages\n|clearpoke\n|poke|p1|Glimmora, F|\n|poke|p1|Landorus-Therian, M|\n|poke|p1|Arceus-Ghost|\n|poke|p1|Iron Valiant|\n|poke|p1|Polteageist-Antique|\n|poke|p1|Kingambit, M|\n|poke|p2|Baxcalibur, M|\n|poke|p2|Annihilape, M|\n|poke|p2|Flutter Mane|\n|poke|p2|Basculegion, M|\n|poke|p2|Rabsca, M|\n|poke|p2|Pawmot, M|\n|teampreview\n|inactive|Battle timer is ON: inactive players will automatically lose when time's up. (requested by SadaShidz\ufe0f)\n|\n|t:|1699255068\n|start\n|switch|p1a: Mora The Explorer|Glimmora, F|100\/100\n|switch|p2a: Annihilape|Annihilape, M|100\/100\n|turn|1\n|\n|t:|1699255077\n|move|p1a: Mora The Explorer|Stealth Rock|p2a: Annihilape\n|-sidestart|p2: abaabaabaaba|move: Stealth Rock\n|move|p2a: Annihilape|Drain Punch|p1a: Mora The Explorer\n|-damage|p1a: Mora The Explorer|51\/100\n|-activate|p1a: Mora The Explorer|ability: Toxic Debris\n|-sidestart|p2: abaabaabaaba|move: Toxic Spikes\n|\n|upkeep\n|turn|2\n|\n|t:|1699255089\n|switch|p1a: Yamz|Arceus-Ghost, shiny|100\/100\n|move|p2a: Annihilape|Earthquake|p1a: Yamz\n|-damage|p1a: Yamz|77\/100\n|\n|upkeep\n|turn|3\n|\n|t:|1699255100\n|move|p1a: Yamz|Calm Mind|p1a: Yamz\n|-boost|p1a: Yamz|spa|1\n|-boost|p1a: Yamz|spd|1\n|move|p2a: Annihilape|Rage Fist|p1a: Yamz\n|-supereffective|p1a: Yamz\n|-damage|p1a: Yamz|44\/100\n|\n|upkeep\n|turn|4\n|\n|t:|1699255103\n|move|p1a: Yamz|Judgment|p2a: Annihilape\n|-supereffective|p2a: Annihilape\n|-damage|p2a: Annihilape|0 fnt\n|faint|p2a: Annihilape\n|\n|upkeep\n|\n|t:|1699255110\n|switch|p2a: Rabsca|Rabsca, M|100\/100\n|turn|5\n|\n|t:|1699255115\n|move|p1a: Yamz|Judgment|p2a: Rabsca\n|-supereffective|p2a: Rabsca\n|-damage|p2a: Rabsca|0 fnt\n|faint|p2a: Rabsca\n|\n|upkeep\n|\n|t:|1699255130\n|switch|p2a: Pawmot|Pawmot, M|100\/100\n|-damage|p2a: Pawmot|94\/100|[from] Stealth Rock\n|-status|p2a: Pawmot|psn\n|turn|6\n|\n|t:|1699255135\n|move|p1a: Yamz|Judgment|p2a: Pawmot\n|-damage|p2a: Pawmot|0 fnt\n|faint|p2a: Pawmot\n|\n|upkeep\n|\n|t:|1699255152\n|switch|p2a: Baxcalibur|Baxcalibur, M|100\/100\n|turn|7\n|\n|t:|1699255159\n|move|p1a: Yamz|Focus Blast|p2a: Baxcalibur\n|-supereffective|p2a: Baxcalibur\n|-damage|p2a: Baxcalibur|0 fnt\n|faint|p2a: Baxcalibur\n|\n|upkeep\n|\n|t:|1699255167\n|switch|p2a: Basculegion|Basculegion, M|100\/100\n|-damage|p2a: Basculegion|88\/100|[from] Stealth Rock\n|-status|p2a: Basculegion|psn\n|turn|8\n|\n|t:|1699255170\n|move|p2a: Basculegion|Last Respects|p1a: Yamz\n|-supereffective|p1a: Yamz\n|-damage|p1a: Yamz|0 fnt\n|faint|p1a: Yamz\n|\n|-damage|p2a: Basculegion|76\/100 psn|[from] psn\n|upkeep\n|\n|t:|1699255175\n|switch|p1a: Teakaboo|Polteageist-Antique, shiny|100\/100\n|turn|9\n|\n|t:|1699255178\n|-terastallize|p1a: Teakaboo|Normal\n|move|p2a: Basculegion|Last Respects|p1a: Teakaboo\n|-immune|p1a: Teakaboo\n|move|p1a: Teakaboo|Shell Smash|p1a: Teakaboo\n|-unboost|p1a: Teakaboo|def|1\n|-unboost|p1a: Teakaboo|spd|1\n|-boost|p1a: Teakaboo|atk|2\n|-boost|p1a: Teakaboo|spa|2\n|-boost|p1a: Teakaboo|spe|2\n|\n|-damage|p2a: Basculegion|64\/100 psn|[from] psn\n|upkeep\n|turn|10\n|\n|t:|1699255183\n|switch|p2a: Flutter Mane|Flutter Mane|100\/100\n|-damage|p2a: Flutter Mane|88\/100|[from] Stealth Rock\n|-status|p2a: Flutter Mane|psn\n|-enditem|p2a: Flutter Mane|Booster Energy\n|-activate|p2a: Flutter Mane|ability: Protosynthesis|[fromitem]\n|-start|p2a: Flutter Mane|protosynthesisspa\n|move|p1a: Teakaboo|Shadow Ball|p2a: Flutter Mane\n|-supereffective|p2a: Flutter Mane\n|-damage|p2a: Flutter Mane|0 fnt\n|faint|p2a: Flutter Mane\n|-end|p2a: Flutter Mane|Protosynthesis|[silent]\n|\n|upkeep\n|\n|t:|1699255185\n|switch|p2a: Basculegion|Basculegion, M|64\/100 psn\n|-damage|p2a: Basculegion|51\/100 psn|[from] Stealth Rock\n|turn|11\n|\n|t:|1699255190\n|move|p1a: Teakaboo|Shadow Ball|p2a: Basculegion\n|-supereffective|p2a: Basculegion\n|-damage|p2a: Basculegion|0 fnt\n|faint|p2a: Basculegion\n|\n|win|SadaShidz\ufe0f\n|raw|SadaShidz\ufe0f's rating: 1271 &rarr; <strong>1284<\/strong><br \/>(+13 for winning)\n|raw|abaabaabaaba's rating: 1096 &rarr; <strong>1083<\/strong><br \/>(-13 for losing)\n|l|\u2606abaabaabaaba\n","uploadtime":1699255201,"views":5,"p1id":"sadashidz","p2id":"abaabaabaaba","formatid":"gen9ubers","rating":1083,"private":0,"password":""}