{"id":"gen9ubers-1981181689","p1":"The crimson wooper","p2":"mann_treads","format":"[Gen 9] Ubers","log":"|j|\u2606The crimson wooper\n|j|\u2606mann_treads\n|t:|1698870293\n|gametype|singles\n|player|p1|The crimson wooper|1|\n|player|p2|mann_treads|ariana|\n|teamsize|p1|6\n|teamsize|p2|6\n|gen|9\n|tier|[Gen 9] Ubers\n|rule|Sleep Clause Mod: Limit one foe put to sleep\n|rule|Species Clause: Limit one of each Pok\u00e9mon\n|rule|OHKO Clause: OHKO moves are banned\n|rule|Evasion Items Clause: Evasion items are banned\n|rule|Evasion Moves Clause: Evasion moves are banned\n|rule|Endless Battle Clause: Forcing endless battles is banned\n|rule|HP Percentage Mod: HP is shown in percentages\n|clearpoke\n|poke|p1|Ninetales-Alola, F|\n|poke|p1|Baxcalibur, M|\n|poke|p1|Magearna|\n|poke|p1|Arceus-Fire|\n|poke|p1|Espathra, F|\n|poke|p1|Zamazenta-*|\n|poke|p2|Pelipper, F|\n|poke|p2|Basculegion-F, F|\n|poke|p2|Walking Wake|\n|poke|p2|Zapdos|\n|poke|p2|Arceus-Grass|\n|poke|p2|Zacian-*|\n|teampreview\n|inactive|Battle timer is ON: inactive players will automatically lose when time's up. (requested by The crimson wooper)\n|c|\u2606The crimson wooper|Hf\n|c|\u2606mann_treads|hf\n|\n|t:|1698870314\n|start\n|switch|p1a: Espathra|Espathra, F|100\/100\n|switch|p2a: Pelipper|Pelipper, F|100\/100\n|-weather|RainDance|[from] ability: Drizzle|[of] p2a: Pelipper\n|turn|1\n|\n|t:|1698870324\n|move|p1a: Espathra|Calm Mind|p1a: Espathra\n|-boost|p1a: Espathra|spa|1\n|-boost|p1a: Espathra|spd|1\n|move|p2a: Pelipper|Weather Ball|p1a: Espathra\n|-damage|p1a: Espathra|58\/100\n|\n|-weather|RainDance|[upkeep]\n|-heal|p1a: Espathra|64\/100|[from] item: Leftovers\n|-ability|p1a: Espathra|Speed Boost|boost\n|-boost|p1a: Espathra|spe|1\n|upkeep\n|turn|2\n|\n|t:|1698870333\n|switch|p2a: Walking Wake|Walking Wake|100\/100\n|-enditem|p2a: Walking Wake|Booster Energy\n|-activate|p2a: Walking Wake|ability: Protosynthesis|[fromitem]\n|-start|p2a: Walking Wake|protosynthesisspe\n|move|p1a: Espathra|Calm Mind|p1a: Espathra\n|-boost|p1a: Espathra|spa|1\n|-boost|p1a: Espathra|spd|1\n|\n|-weather|RainDance|[upkeep]\n|-heal|p1a: Espathra|70\/100|[from] item: Leftovers\n|-ability|p1a: Espathra|Speed Boost|boost\n|-boost|p1a: Espathra|spe|1\n|upkeep\n|turn|3\n|\n|t:|1698870344\n|move|p1a: Espathra|Roost|p1a: Espathra\n|-heal|p1a: Espathra|100\/100\n|-singleturn|p1a: Espathra|move: Roost\n|move|p2a: Walking Wake|Roar|p1a: Espathra\n|drag|p1a: Arceus|Arceus-Fire|100\/100\n|\n|-weather|RainDance|[upkeep]\n|upkeep\n|turn|4\n|\n|t:|1698870355\n|switch|p1a: Zamazenta|Zamazenta-Crowned|100\/100\n|-ability|p1a: Zamazenta|Dauntless Shield|boost\n|-boost|p1a: Zamazenta|def|1\n|move|p2a: Walking Wake|Hydro Steam|p1a: Zamazenta\n|-damage|p1a: Zamazenta|54\/100\n|\n|-weather|RainDance|[upkeep]\n|upkeep\n|turn|5\n|\n|t:|1698870363\n|move|p2a: Walking Wake|Hydro Steam|p1a: Zamazenta\n|-damage|p1a: Zamazenta|7\/100\n|move|p1a: Zamazenta|Body Press|p2a: Walking Wake\n|-damage|p2a: Walking Wake|37\/100\n|\n|-weather|RainDance|[upkeep]\n|upkeep\n|turn|6\n|c|\u2606The crimson wooper|Cool tech\n|\n|t:|1698870370\n|move|p2a: Walking Wake|Hydro Steam|p1a: Zamazenta\n|-damage|p1a: Zamazenta|0 fnt\n|faint|p1a: Zamazenta\n|\n|-weather|RainDance|[upkeep]\n|upkeep\n|\n|t:|1698870374\n|switch|p1a: Ninetales|Ninetales-Alola, F|100\/100\n|-weather|Snow|[from] ability: Snow Warning|[of] p1a: Ninetales\n|turn|7\n|c|\u2606mann_treads|thanks\n|\n|t:|1698870379\n|-end|p2a: Walking Wake|Protosynthesis|[silent]\n|switch|p2a: Pelipper|Pelipper, F|100\/100\n|-weather|RainDance|[from] ability: Drizzle|[of] p2a: Pelipper\n|move|p1a: Ninetales|Aurora Veil||[still]\n|-fail|p1a: Ninetales\n|\n|-weather|RainDance|[upkeep]\n|upkeep\n|turn|8\n|\n|t:|1698870386\n|move|p1a: Ninetales|Freeze-Dry|p2a: Pelipper\n|-supereffective|p2a: Pelipper\n|-damage|p2a: Pelipper|0 fnt\n|faint|p2a: Pelipper\n|\n|-weather|RainDance|[upkeep]\n|upkeep\n|c|\u2606The crimson wooper|Oh lol\n|\n|t:|1698870407\n|switch|p2a: Zacian|Zacian|100\/100\n|-ability|p2a: Zacian|Intrepid Sword|boost\n|-boost|p2a: Zacian|atk|1\n|turn|9\n|\n|t:|1698870411\n|switch|p1a: Arceus|Arceus-Fire|100\/100\n|move|p2a: Zacian|Swords Dance|p2a: Zacian\n|-boost|p2a: Zacian|atk|2\n|\n|-weather|RainDance|[upkeep]\n|upkeep\n|turn|10\n|\n|t:|1698870425\n|move|p2a: Zacian|Psychic Fangs|p1a: Arceus\n|-damage|p1a: Arceus|58\/100\n|move|p1a: Arceus|Thunderbolt|p2a: Zacian\n|-crit|p2a: Zacian\n|-damage|p2a: Zacian|65\/100\n|\n|-weather|RainDance|[upkeep]\n|upkeep\n|turn|11\n|\n|t:|1698870432\n|move|p2a: Zacian|Close Combat|p1a: Arceus\n|-damage|p1a: Arceus|0 fnt\n|-unboost|p2a: Zacian|def|1\n|-unboost|p2a: Zacian|spd|1\n|faint|p1a: Arceus\n|\n|-weather|RainDance|[upkeep]\n|upkeep\n|\n|t:|1698870442\n|switch|p1a: Ninetales|Ninetales-Alola, F|100\/100\n|-weather|Snow|[from] ability: Snow Warning|[of] p1a: Ninetales\n|turn|12\n|\n|t:|1698870448\n|move|p2a: Zacian|Swords Dance|p2a: Zacian\n|-boost|p2a: Zacian|atk|2\n|move|p1a: Ninetales|Aurora Veil|p1a: Ninetales\n|-sidestart|p1: The crimson wooper|move: Aurora Veil\n|\n|-weather|Snow|[upkeep]\n|upkeep\n|turn|13\n|\n|t:|1698870451\n|move|p2a: Zacian|Psychic Fangs|p1a: Ninetales\n|-sideend|p1: The crimson wooper|move: Aurora Veil\n|-damage|p1a: Ninetales|4\/100\n|move|p1a: Ninetales|Encore|p2a: Zacian\n|-start|p2a: Zacian|Encore\n|\n|-weather|Snow|[upkeep]\n|upkeep\n|turn|14\n|\n|t:|1698870457\n|move|p2a: Zacian|Psychic Fangs|p1a: Ninetales\n|-damage|p1a: Ninetales|0 fnt\n|faint|p1a: Ninetales\n|\n|-weather|Snow|[upkeep]\n|upkeep\n|\n|t:|1698870459\n|switch|p1a: Magearna|Magearna|100\/100\n|turn|15\n|\n|t:|1698870464\n|move|p2a: Zacian|Psychic Fangs|p1a: Magearna\n|-resisted|p1a: Magearna\n|-damage|p1a: Magearna|61\/100\n|move|p1a: Magearna|Iron Defense|p1a: Magearna\n|-boost|p1a: Magearna|def|2\n|\n|-weather|Snow|[upkeep]\n|-heal|p1a: Magearna|67\/100|[from] item: Leftovers\n|upkeep\n|turn|16\n|\n|t:|1698870476\n|switch|p2a: Walking Wake|Walking Wake|37\/100\n|move|p1a: Magearna|Iron Defense|p1a: Magearna\n|-boost|p1a: Magearna|def|2\n|\n|-weather|none\n|-heal|p1a: Magearna|73\/100|[from] item: Leftovers\n|upkeep\n|turn|17\n|\n|t:|1698870482\n|move|p1a: Magearna|Stored Power|p2a: Walking Wake\n|-damage|p2a: Walking Wake|2\/100\n|move|p2a: Walking Wake|Roar|p1a: Magearna\n|drag|p1a: Baxcalibur|Baxcalibur, M|100\/100\n|\n|upkeep\n|turn|18\n|\n|t:|1698870488\n|move|p2a: Walking Wake|Draco Meteor|p1a: Baxcalibur\n|-supereffective|p1a: Baxcalibur\n|-damage|p1a: Baxcalibur|0 fnt\n|-unboost|p2a: Walking Wake|spa|2\n|faint|p1a: Baxcalibur\n|\n|upkeep\n|\n|t:|1698870490\n|switch|p1a: Magearna|Magearna|73\/100\n|turn|19\n|\n|t:|1698870495\n|move|p2a: Walking Wake|Flamethrower|p1a: Magearna\n|-supereffective|p1a: Magearna\n|-damage|p1a: Magearna|52\/100\n|move|p1a: Magearna|Calm Mind|p1a: Magearna\n|-boost|p1a: Magearna|spa|1\n|-boost|p1a: Magearna|spd|1\n|\n|-heal|p1a: Magearna|58\/100|[from] item: Leftovers\n|upkeep\n|turn|20\n|\n|t:|1698870503\n|move|p1a: Magearna|Draining Kiss|p2a: Walking Wake\n|-supereffective|p2a: Walking Wake\n|-damage|p2a: Walking Wake|0 fnt\n|-heal|p1a: Magearna|60\/100|[from] drain|[of] p2a: Walking Wake\n|faint|p2a: Walking Wake\n|-ability|p1a: Magearna|Soul-Heart|boost\n|-boost|p1a: Magearna|spa|1\n|-end|p2a: Walking Wake|Protosynthesis|[silent]\n|\n|-heal|p1a: Magearna|66\/100|[from] item: Leftovers\n|upkeep\n|c|\u2606mann_treads|no shot that was a speed tie\n|\n|t:|1698870516\n|switch|p2a: Zacian|Zacian|65\/100\n|turn|21\n|c|\u2606The crimson wooper|Huh\n|c|\u2606mann_treads|between wake and magearna\n|\n|t:|1698870533\n|move|p2a: Zacian|Swords Dance|p2a: Zacian\n|-boost|p2a: Zacian|atk|2\n|move|p1a: Magearna|Iron Defense|p1a: Magearna\n|-boost|p1a: Magearna|def|2\n|\n|-heal|p1a: Magearna|72\/100|[from] item: Leftovers\n|upkeep\n|turn|22\n|c|\u2606mann_treads|i went first turn 19 you went first turn 20\n|\n|t:|1698870541\n|move|p2a: Zacian|Close Combat|p1a: Magearna\n|-damage|p1a: Magearna|40\/100\n|-unboost|p2a: Zacian|def|1\n|-unboost|p2a: Zacian|spd|1\n|move|p1a: Magearna|Draining Kiss|p2a: Zacian\n|-damage|p2a: Zacian|9\/100\n|-heal|p1a: Magearna|77\/100|[from] drain|[of] p2a: Zacian\n|\n|-heal|p1a: Magearna|83\/100|[from] item: Leftovers\n|upkeep\n|turn|23\n|\n|t:|1698870551\n|move|p2a: Zacian|Close Combat|p1a: Magearna\n|-damage|p1a: Magearna|50\/100\n|-unboost|p2a: Zacian|def|1\n|-unboost|p2a: Zacian|spd|1\n|move|p1a: Magearna|Draining Kiss|p2a: Zacian\n|-damage|p2a: Zacian|0 fnt\n|-heal|p1a: Magearna|55\/100|[from] drain|[of] p2a: Zacian\n|faint|p2a: Zacian\n|-ability|p1a: Magearna|Soul-Heart|boost\n|-boost|p1a: Magearna|spa|1\n|\n|-heal|p1a: Magearna|61\/100|[from] item: Leftovers\n|upkeep\n|\n|t:|1698870562\n|switch|p2a: Zapdos|Zapdos|100\/100\n|turn|24\n|c|\u2606The crimson wooper|Oh yeah\n|\n|t:|1698870570\n|move|p2a: Zapdos|Thunder Wave|p1a: Magearna|[miss]\n|-miss|p2a: Zapdos|p1a: Magearna\n|move|p1a: Magearna|Calm Mind|p1a: Magearna\n|-boost|p1a: Magearna|spa|1\n|-boost|p1a: Magearna|spd|1\n|\n|-heal|p1a: Magearna|68\/100|[from] item: Leftovers\n|upkeep\n|turn|25\n|\n|t:|1698870575\n|move|p2a: Zapdos|Thunder Wave|p1a: Magearna\n|-status|p1a: Magearna|par\n|move|p1a: Magearna|Iron Defense|p1a: Magearna\n|-boost|p1a: Magearna|def|2\n|\n|-heal|p1a: Magearna|74\/100 par|[from] item: Leftovers\n|upkeep\n|turn|26\n|\n|t:|1698870583\n|move|p2a: Zapdos|Hurricane|p1a: Magearna\n|-resisted|p1a: Magearna\n|-damage|p1a: Magearna|65\/100 par\n|move|p1a: Magearna|Iron Defense|p1a: Magearna\n|-boost|p1a: Magearna|def|2\n|\n|-heal|p1a: Magearna|71\/100 par|[from] item: Leftovers\n|upkeep\n|turn|27\n|\n|t:|1698870589\n|move|p2a: Zapdos|Hurricane|p1a: Magearna\n|-resisted|p1a: Magearna\n|-damage|p1a: Magearna|62\/100 par\n|move|p1a: Magearna|Calm Mind|p1a: Magearna\n|-boost|p1a: Magearna|spa|1\n|-boost|p1a: Magearna|spd|1\n|\n|-heal|p1a: Magearna|68\/100 par|[from] item: Leftovers\n|upkeep\n|turn|28\n|\n|t:|1698870599\n|move|p2a: Zapdos|Hurricane|p1a: Magearna\n|-resisted|p1a: Magearna\n|-damage|p1a: Magearna|61\/100 par\n|-start|p1a: Magearna|confusion\n|-activate|p1a: Magearna|confusion\n|move|p1a: Magearna|Calm Mind|p1a: Magearna\n|-boost|p1a: Magearna|spa|1\n|-boost|p1a: Magearna|spd|1\n|\n|-heal|p1a: Magearna|67\/100 par|[from] item: Leftovers\n|upkeep\n|turn|29\n|\n|t:|1698870609\n|move|p2a: Zapdos|Hurricane|p1a: Magearna\n|-resisted|p1a: Magearna\n|-damage|p1a: Magearna|62\/100 par\n|-activate|p1a: Magearna|confusion\n|cant|p1a: Magearna|par\n|\n|-heal|p1a: Magearna|68\/100 par|[from] item: Leftovers\n|upkeep\n|turn|30\n|\n|t:|1698870616\n|move|p2a: Zapdos|Hurricane|p1a: Magearna\n|-resisted|p1a: Magearna\n|-damage|p1a: Magearna|62\/100 par\n|-activate|p1a: Magearna|confusion\n|move|p1a: Magearna|Calm Mind|p1a: Magearna\n|-boost|p1a: Magearna|spa|0\n|-boost|p1a: Magearna|spd|1\n|\n|-heal|p1a: Magearna|68\/100 par|[from] item: Leftovers\n|upkeep\n|turn|31\n|\n|t:|1698870623\n|move|p2a: Zapdos|Hurricane|p1a: Magearna\n|-resisted|p1a: Magearna\n|-damage|p1a: Magearna|63\/100 par\n|-activate|p1a: Magearna|confusion\n|-damage|p1a: Magearna|61\/100 par|[from] confusion\n|\n|-heal|p1a: Magearna|67\/100 par|[from] item: Leftovers\n|upkeep\n|turn|32\n|\n|t:|1698870630\n|move|p2a: Zapdos|Hurricane|p1a: Magearna\n|-resisted|p1a: Magearna\n|-damage|p1a: Magearna|62\/100 par\n|-end|p1a: Magearna|confusion\n|cant|p1a: Magearna|par\n|\n|-heal|p1a: Magearna|68\/100 par|[from] item: Leftovers\n|upkeep\n|turn|33\n|\n|t:|1698870638\n|move|p2a: Zapdos|Hurricane|p1a: Magearna\n|-resisted|p1a: Magearna\n|-damage|p1a: Magearna|63\/100 par\n|cant|p1a: Magearna|par\n|\n|-heal|p1a: Magearna|69\/100 par|[from] item: Leftovers\n|upkeep\n|turn|34\n|\n|t:|1698870644\n|move|p2a: Zapdos|Hurricane|p1a: Magearna\n|-resisted|p1a: Magearna\n|-damage|p1a: Magearna|64\/100 par\n|-start|p1a: Magearna|confusion\n|-activate|p1a: Magearna|confusion\n|-damage|p1a: Magearna|63\/100 par|[from] confusion\n|\n|-heal|p1a: Magearna|69\/100 par|[from] item: Leftovers\n|upkeep\n|turn|35\n|\n|t:|1698870652\n|move|p2a: Zapdos|Hurricane|p1a: Magearna|[miss]\n|-miss|p2a: Zapdos|p1a: Magearna\n|-activate|p1a: Magearna|confusion\n|move|p1a: Magearna|Calm Mind|p1a: Magearna\n|-boost|p1a: Magearna|spa|0\n|-boost|p1a: Magearna|spd|1\n|\n|-heal|p1a: Magearna|75\/100 par|[from] item: Leftovers\n|upkeep\n|turn|36\n|\n|t:|1698870659\n|move|p2a: Zapdos|Hurricane|p1a: Magearna\n|-resisted|p1a: Magearna\n|-damage|p1a: Magearna|71\/100 par\n|-activate|p1a: Magearna|confusion\n|move|p1a: Magearna|Draining Kiss|p2a: Zapdos\n|-damage|p2a: Zapdos|1\/100\n|-heal|p1a: Magearna|100\/100 par|[from] drain|[of] p2a: Zapdos\n|\n|upkeep\n|turn|37\n|\n|t:|1698870668\n|move|p2a: Zapdos|Hurricane|p1a: Magearna\n|-resisted|p1a: Magearna\n|-damage|p1a: Magearna|96\/100 par\n|-end|p1a: Magearna|confusion\n|cant|p1a: Magearna|par\n|\n|-heal|p1a: Magearna|100\/100 par|[from] item: Leftovers\n|upkeep\n|turn|38\n|\n|t:|1698870675\n|move|p2a: Zapdos|Hurricane|p1a: Magearna|[miss]\n|-miss|p2a: Zapdos|p1a: Magearna\n|move|p1a: Magearna|Draining Kiss|p2a: Zapdos\n|-damage|p2a: Zapdos|0 fnt\n|faint|p2a: Zapdos\n|\n|upkeep\n|\n|t:|1698870678\n|switch|p2a: Arceus|Arceus-Grass|100\/100\n|turn|39\n|\n|t:|1698870683\n|move|p2a: Arceus|Calm Mind|p2a: Arceus\n|-boost|p2a: Arceus|spa|1\n|-boost|p2a: Arceus|spd|1\n|move|p1a: Magearna|Stored Power|p2a: Arceus\n|-damage|p2a: Arceus|0 fnt\n|faint|p2a: Arceus\n|\n|upkeep\n|\n|t:|1698870689\n|switch|p2a: Basculegion|Basculegion-F, F|100\/100\n|turn|40\n|\n|t:|1698870695\n|move|p2a: Basculegion|Last Respects|p1a: Magearna\n|-crit|p1a: Magearna\n|-damage|p1a: Magearna|0 fnt\n|faint|p1a: Magearna\n|\n|upkeep\n|\n|t:|1698870698\n|switch|p1a: Espathra|Espathra, F|100\/100\n|turn|41\n|\n|t:|1698870703\n|-terastallize|p1a: Espathra|Fairy\n|move|p2a: Basculegion|Last Respects|p1a: Espathra\n|-damage|p1a: Espathra|0 fnt\n|faint|p1a: Espathra\n|\n|win|mann_treads\n|c|\u2606mann_treads|gg\n","uploadtime":1698870712,"views":16,"p1id":"thecrimsonwooper","p2id":"manntreads","formatid":"gen9ubers","rating":0,"private":0,"password":""}