{"id":"gen9ubers-1977767541","p1":"Densetsunoriig","p2":"Matthematical","format":"[Gen 9] Ubers","log":"|j|\u2606Densetsunoriig\n|j|\u2606Matthematical\n|t:|1698447213\n|gametype|singles\n|player|p1|Densetsunoriig|1|1049\n|player|p2|Matthematical|red|1016\n|teamsize|p1|6\n|teamsize|p2|6\n|gen|9\n|tier|[Gen 9] Ubers\n|rated|\n|rule|Sleep Clause Mod: Limit one foe put to sleep\n|rule|Species Clause: Limit one of each Pok\u00e9mon\n|rule|OHKO Clause: OHKO moves are banned\n|rule|Evasion Items Clause: Evasion items are banned\n|rule|Evasion Moves Clause: Evasion moves are banned\n|rule|Endless Battle Clause: Forcing endless battles is banned\n|rule|HP Percentage Mod: HP is shown in percentages\n|clearpoke\n|poke|p1|Urshifu-*, F|\n|poke|p1|Grimmsnarl, M|\n|poke|p1|Spectrier|\n|poke|p1|Palafin, F|\n|poke|p1|Corviknight, M|\n|poke|p1|Garchomp, F|\n|poke|p2|Pikachu, M|\n|poke|p2|Skeledirge, M|\n|poke|p2|Clodsire, F|\n|poke|p2|Lokix, M|\n|poke|p2|Palafin, M|\n|poke|p2|Koraidon|\n|teampreview\n|\n|t:|1698447220\n|start\n|switch|p1a: Grimmsnarl|Grimmsnarl, M, shiny|100\/100\n|switch|p2a: Palafin|Palafin, M|100\/100\n|turn|1\n|inactive|Battle timer is ON: inactive players will automatically lose when time's up. (requested by Matthematical)\n|\n|t:|1698447228\n|detailschange|p2a: Palafin|Palafin-Hero, M\n|switch|p2a: Lokix|Lokix, M|100\/100\n|move|p1a: Grimmsnarl|Reflect|p1a: Grimmsnarl\n|-sidestart|p1: Densetsunoriig|Reflect\n|\n|upkeep\n|turn|2\n|\n|t:|1698447243\n|move|p1a: Grimmsnarl|Taunt|p2a: Lokix\n|-hint|Since gen 7, Dark is immune to Prankster moves.\n|-immune|p2a: Lokix\n|move|p2a: Lokix|Leech Life|p1a: Grimmsnarl\n|-damage|p1a: Grimmsnarl|85\/100\n|\n|upkeep\n|turn|3\n|\n|t:|1698447252\n|move|p1a: Grimmsnarl|Light Screen|p1a: Grimmsnarl\n|-sidestart|p1: Densetsunoriig|move: Light Screen\n|move|p2a: Lokix|Leech Life|p1a: Grimmsnarl\n|-damage|p1a: Grimmsnarl|68\/100\n|\n|upkeep\n|turn|4\n|\n|t:|1698447263\n|switch|p1a: Garchomp|Garchomp, F, shiny|100\/100\n|move|p2a: Lokix|Leech Life|p1a: Garchomp\n|-damage|p1a: Garchomp|83\/100\n|-damage|p2a: Lokix|88\/100|[from] ability: Rough Skin|[of] p1a: Garchomp\n|-damage|p2a: Lokix|72\/100|[from] item: Rocky Helmet|[of] p1a: Garchomp\n|\n|upkeep\n|turn|5\n|\n|t:|1698447276\n|switch|p2a: Palafin|Palafin-Hero, M|100\/100\n|-activate|p2a: Palafin|ability: Zero to Hero\n|move|p1a: Garchomp|Earthquake|p2a: Palafin\n|-damage|p2a: Palafin|43\/100\n|\n|upkeep\n|turn|6\n|\n|t:|1698447291\n|-terastallize|p1a: Garchomp|Steel\n|move|p2a: Palafin|Ice Punch|p1a: Garchomp\n|-resisted|p1a: Garchomp\n|-damage|p1a: Garchomp|74\/100\n|-status|p1a: Garchomp|frz\n|-damage|p2a: Palafin|31\/100|[from] ability: Rough Skin|[of] p1a: Garchomp\n|-damage|p2a: Palafin|14\/100|[from] item: Rocky Helmet|[of] p1a: Garchomp\n|-damage|p2a: Palafin|4\/100|[from] item: Life Orb\n|cant|p1a: Garchomp|frz\n|\n|upkeep\n|turn|7\n|\n|t:|1698447307\n|switch|p2a: Skeledirge|Skeledirge, M|100\/100\n|switch|p1a: Palafin|Palafin, F|100\/100\n|\n|upkeep\n|turn|8\n|\n|t:|1698447315\n|switch|p2a: Koraidon|Koraidon|100\/100\n|-weather|SunnyDay|[from] ability: Orichalcum Pulse|[of] p2a: Koraidon\n|-activate|p2a: Koraidon|Orichalcum Pulse|[source]\n|move|p1a: Palafin|Flip Turn|p2a: Koraidon\n|-resisted|p2a: Koraidon\n|-damage|p2a: Koraidon|94\/100\n|\n|t:|1698447324\n|detailschange|p1a: Palafin|Palafin-Hero, F\n|switch|p1a: Corviknight|Corviknight, M, shiny|100\/100|[from] Flip Turn\n|\n|-weather|SunnyDay|[upkeep]\n|-sideend|p1: Densetsunoriig|Reflect\n|upkeep\n|turn|9\n|\n|t:|1698447328\n|move|p2a: Koraidon|Flare Blitz|p1a: Corviknight\n|-supereffective|p1a: Corviknight\n|-damage|p1a: Corviknight|0 fnt\n|-damage|p2a: Koraidon|78\/100|[from] item: Rocky Helmet|[of] p1a: Corviknight\n|faint|p1a: Corviknight\n|-damage|p2a: Koraidon|39\/100|[from] Recoil\n|\n|-weather|SunnyDay|[upkeep]\n|upkeep\n|\n|t:|1698447336\n|switch|p1a: Palafin|Palafin-Hero, F|100\/100\n|-activate|p1a: Palafin|ability: Zero to Hero\n|turn|10\n|\n|t:|1698447340\n|move|p1a: Palafin|Jet Punch|p2a: Koraidon\n|-resisted|p2a: Koraidon\n|-damage|p2a: Koraidon|28\/100\n|move|p2a: Koraidon|Breaking Swipe|p1a: Palafin\n|-damage|p1a: Palafin|55\/100\n|-unboost|p1a: Palafin|atk|1\n|\n|-weather|SunnyDay|[upkeep]\n|-sideend|p1: Densetsunoriig|move: Light Screen\n|upkeep\n|turn|11\n|\n|t:|1698447354\n|switch|p1a: Spectrier|Spectrier|100\/100\n|move|p2a: Koraidon|Dragon Claw|p1a: Spectrier\n|-damage|p1a: Spectrier|8\/100\n|\n|-weather|SunnyDay|[upkeep]\n|-heal|p1a: Spectrier|14\/100|[from] item: Leftovers\n|upkeep\n|turn|12\n|\n|t:|1698447363\n|move|p2a: Koraidon|Dragon Claw|p1a: Spectrier\n|-damage|p1a: Spectrier|0 fnt\n|faint|p1a: Spectrier\n|\n|-weather|SunnyDay|[upkeep]\n|upkeep\n|\n|t:|1698447368\n|switch|p1a: Urshifu|Urshifu, F|100\/100\n|turn|13\n|\n|t:|1698447370\n|move|p1a: Urshifu|Sucker Punch|p2a: Koraidon\n|-resisted|p2a: Koraidon\n|-damage|p2a: Koraidon|8\/100\n|move|p2a: Koraidon|Collision Course|p1a: Urshifu\n|-supereffective|p1a: Urshifu\n|-damage|p1a: Urshifu|0 fnt\n|faint|p1a: Urshifu\n|\n|-weather|SunnyDay|[upkeep]\n|upkeep\n|\n|t:|1698447380\n|switch|p1a: Grimmsnarl|Grimmsnarl, M, shiny|68\/100\n|turn|14\n|\n|t:|1698447386\n|switch|p2a: Lokix|Lokix, M|72\/100\n|move|p1a: Grimmsnarl|Play Rough|p2a: Lokix\n|-supereffective|p2a: Lokix\n|-crit|p2a: Lokix\n|-damage|p2a: Lokix|0 fnt\n|faint|p2a: Lokix\n|\n|-weather|SunnyDay|[upkeep]\n|upkeep\n|\n|t:|1698447400\n|switch|p2a: Skeledirge|Skeledirge, M|100\/100\n|turn|15\n|\n|t:|1698447406\n|move|p1a: Grimmsnarl|Taunt|p2a: Skeledirge\n|-start|p2a: Skeledirge|move: Taunt\n|move|p2a: Skeledirge|Torch Song|p1a: Grimmsnarl\n|-damage|p1a: Grimmsnarl|6\/100\n|-boost|p2a: Skeledirge|spa|1\n|-enditem|p2a: Skeledirge|Throat Spray\n|-boost|p2a: Skeledirge|spa|1|[from] item: Throat Spray\n|\n|-weather|none\n|upkeep\n|turn|16\n|\n|t:|1698447421\n|move|p1a: Grimmsnarl|Light Screen|p1a: Grimmsnarl\n|-sidestart|p1: Densetsunoriig|move: Light Screen\n|move|p2a: Skeledirge|Torch Song|p1a: Grimmsnarl\n|-damage|p1a: Grimmsnarl|0 fnt\n|-boost|p2a: Skeledirge|spa|1\n|faint|p1a: Grimmsnarl\n|\n|upkeep\n|\n|t:|1698447429\n|switch|p1a: Palafin|Palafin-Hero, F|55\/100\n|turn|17\n|\n|t:|1698447435\n|-terastallize|p2a: Skeledirge|Normal\n|move|p1a: Palafin|Flip Turn|p2a: Skeledirge\n|-damage|p2a: Skeledirge|51\/100\n|\n|t:|1698447439\n|switch|p1a: Garchomp|Garchomp, F, shiny, tera:Steel|74\/100 frz|[from] Flip Turn\n|move|p2a: Skeledirge|Hyper Voice|p1a: Garchomp\n|-resisted|p1a: Garchomp\n|-damage|p1a: Garchomp|47\/100 frz\n|\n|-end|p2a: Skeledirge|move: Taunt\n|upkeep\n|turn|18\n|\n|t:|1698447446\n|-curestatus|p1a: Garchomp|frz|[msg]\n|move|p1a: Garchomp|Stealth Rock|p2a: Skeledirge\n|-sidestart|p2: Matthematical|move: Stealth Rock\n|move|p2a: Skeledirge|Torch Song|p1a: Garchomp\n|-supereffective|p1a: Garchomp\n|-damage|p1a: Garchomp|0 fnt\n|-boost|p2a: Skeledirge|spa|1\n|faint|p1a: Garchomp\n|\n|upkeep\n|\n|t:|1698447450\n|switch|p1a: Palafin|Palafin-Hero, F|55\/100\n|turn|19\n|\n|t:|1698447455\n|move|p1a: Palafin|Jet Punch|p2a: Skeledirge\n|-damage|p2a: Skeledirge|0 fnt\n|faint|p2a: Skeledirge\n|\n|upkeep\n|\n|t:|1698447464\n|switch|p2a: Koraidon|Koraidon|8\/100\n|-damage|p2a: Koraidon|2\/100|[from] Stealth Rock\n|-weather|SunnyDay|[from] ability: Orichalcum Pulse|[of] p2a: Koraidon\n|-activate|p2a: Koraidon|Orichalcum Pulse|[source]\n|turn|20\n|\n|t:|1698447468\n|move|p1a: Palafin|Jet Punch|p2a: Koraidon\n|-resisted|p2a: Koraidon\n|-damage|p2a: Koraidon|0 fnt\n|faint|p2a: Koraidon\n|\n|-weather|SunnyDay|[upkeep]\n|upkeep\n|\n|t:|1698447473\n|switch|p2a: Pikachu|Pikachu, M|100\/100\n|-damage|p2a: Pikachu|88\/100|[from] Stealth Rock\n|turn|21\n|\n|t:|1698447477\n|move|p1a: Palafin|Jet Punch|p2a: Pikachu\n|-damage|p2a: Pikachu|0 fnt\n|faint|p2a: Pikachu\n|\n|-weather|SunnyDay|[upkeep]\n|upkeep\n|\n|t:|1698447483\n|switch|p2a: Clodsire|Clodsire, F|100\/100\n|-damage|p2a: Clodsire|94\/100|[from] Stealth Rock\n|turn|22\n|\n|t:|1698447489\n|move|p1a: Palafin|Jet Punch|p2a: Clodsire\n|-heal|p2a: Clodsire|100\/100|[from] ability: Water Absorb|[of] p1a: Palafin\n|move|p2a: Clodsire|Counter||[still]\n|-fail|p2a: Clodsire\n|\n|-weather|SunnyDay|[upkeep]\n|upkeep\n|turn|23\n|c|\u2606Densetsunoriig|gg\n|inactive|Matthematical has 120 seconds left.\n|\n|t:|1698447530\n|move|p1a: Palafin|Jet Punch|p2a: Clodsire\n|-immune|p2a: Clodsire|[from] ability: Water Absorb\n|move|p2a: Clodsire|Gunk Shot|p1a: Palafin\n|-crit|p1a: Palafin\n|-damage|p1a: Palafin|10\/100\n|\n|-weather|SunnyDay|[upkeep]\n|-sideend|p1: Densetsunoriig|move: Light Screen\n|upkeep\n|turn|24\n|c|\u2606Matthematical|gg\n|\n|t:|1698447544\n|move|p1a: Palafin|Jet Punch|p2a: Clodsire\n|-immune|p2a: Clodsire|[from] ability: Water Absorb\n|move|p2a: Clodsire|Earthquake|p1a: Palafin\n|-crit|p1a: Palafin\n|-damage|p1a: Palafin|0 fnt\n|faint|p1a: Palafin\n|\n|win|Matthematical\n|raw|Densetsunoriig's rating: 1049 &rarr; <strong>1030<\/strong><br \/>(-19 for losing)\n|raw|Matthematical's rating: 1016 &rarr; <strong>1057<\/strong><br \/>(+41 for winning)\n|l|\u2606Matthematical\n","uploadtime":1698447615,"views":15,"p1id":"densetsunoriig","p2id":"matthematical","formatid":"gen9ubers","rating":1030,"private":0,"password":""}