{"id":"gen9ubers-1970059216","p1":"Benjo13","p2":"mathman0624","format":"[Gen 9] Ubers","log":"|j|\u203dBenjo13\n|j|\u2606mathman0624\n|t:|1697589944\n|gametype|singles\n|player|p1|Benjo13|101|1200\n|player|p2|mathman0624|cynthia-masters3|1317\n|teamsize|p1|6\n|teamsize|p2|6\n|gen|9\n|tier|[Gen 9] Ubers\n|rated|\n|rule|Sleep Clause Mod: Limit one foe put to sleep\n|rule|Species Clause: Limit one of each Pok\u00e9mon\n|rule|OHKO Clause: OHKO moves are banned\n|rule|Evasion Items Clause: Evasion items are banned\n|rule|Evasion Moves Clause: Evasion moves are banned\n|rule|Endless Battle Clause: Forcing endless battles is banned\n|rule|HP Percentage Mod: HP is shown in percentages\n|clearpoke\n|poke|p1|Urshifu-*, F|\n|poke|p1|Gholdengo|\n|poke|p1|Vikavolt, M|\n|poke|p1|Glimmora, M|\n|poke|p1|Clefable, M|\n|poke|p1|Gastrodon, M|\n|poke|p2|Miraidon|\n|poke|p2|Koraidon|\n|poke|p2|Toxapex, F|\n|poke|p2|Sneasler, F|\n|poke|p2|Zacian-*|\n|poke|p2|Glimmora, M|\n|teampreview\n|inactive|Battle timer is ON: inactive players will automatically lose when time's up. (requested by mathman0624)\n|inactive|Benjo13 has 120 seconds left.\n|inactive|Benjo13 has 90 seconds left.\n|inactive|Benjo13 has 60 seconds left.\n|\n|t:|1697590035\n|start\n|switch|p1a: Gastrodon|Gastrodon, M|100\/100\n|switch|p2a: Glimmora|Glimmora, M|100\/100\n|turn|1\n|inactive|Benjo13 has 120 seconds left.\n|\n|t:|1697590046\n|move|p2a: Glimmora|Stealth Rock|p1a: Gastrodon\n|-sidestart|p1: Benjo13|move: Stealth Rock\n|move|p1a: Gastrodon|Earth Power|p2a: Glimmora\n|-supereffective|p2a: Glimmora\n|-enditem|p2a: Glimmora|Focus Sash\n|-damage|p2a: Glimmora|1\/100\n|\n|upkeep\n|turn|2\n|\n|t:|1697590052\n|move|p2a: Glimmora|Mortal Spin|p1a: Gastrodon\n|-resisted|p1a: Gastrodon\n|-damage|p1a: Gastrodon|97\/100\n|-status|p1a: Gastrodon|psn\n|move|p1a: Gastrodon|Stealth Rock|p2a: Glimmora\n|-sidestart|p2: mathman0624|move: Stealth Rock\n|\n|-heal|p1a: Gastrodon|100\/100 psn|[from] item: Leftovers\n|-damage|p1a: Gastrodon|88\/100 psn|[from] psn\n|upkeep\n|turn|3\n|\n|t:|1697590063\n|move|p2a: Glimmora|Mortal Spin|p1a: Gastrodon\n|-resisted|p1a: Gastrodon\n|-damage|p1a: Gastrodon|85\/100 psn\n|-sideend|p2: mathman0624|Stealth Rock|[from] move: Mortal Spin|[of] p2a: Glimmora\n|move|p1a: Gastrodon|Earth Power|p2a: Glimmora\n|-supereffective|p2a: Glimmora\n|-damage|p2a: Glimmora|0 fnt\n|faint|p2a: Glimmora\n|\n|-heal|p1a: Gastrodon|91\/100 psn|[from] item: Leftovers\n|-damage|p1a: Gastrodon|79\/100 psn|[from] psn\n|upkeep\n|\n|t:|1697590079\n|switch|p2a: Sneasler|Sneasler, F|100\/100\n|turn|4\n|\n|t:|1697590093\n|move|p2a: Sneasler|Swords Dance|p2a: Sneasler\n|-boost|p2a: Sneasler|atk|2\n|move|p1a: Gastrodon|Spikes|p2a: Sneasler\n|-sidestart|p2: mathman0624|Spikes\n|\n|-heal|p1a: Gastrodon|85\/100 psn|[from] item: Leftovers\n|-damage|p1a: Gastrodon|72\/100 psn|[from] psn\n|upkeep\n|turn|5\n|\n|t:|1697590101\n|move|p2a: Sneasler|Swords Dance|p2a: Sneasler\n|-boost|p2a: Sneasler|atk|2\n|move|p1a: Gastrodon|Spikes|p2a: Sneasler\n|-sidestart|p2: mathman0624|Spikes\n|\n|-heal|p1a: Gastrodon|78\/100 psn|[from] item: Leftovers\n|-damage|p1a: Gastrodon|66\/100 psn|[from] psn\n|upkeep\n|turn|6\n|\n|t:|1697590108\n|move|p2a: Sneasler|Swords Dance|p2a: Sneasler\n|-boost|p2a: Sneasler|atk|2\n|move|p1a: Gastrodon|Stealth Rock|p2a: Sneasler\n|-sidestart|p2: mathman0624|move: Stealth Rock\n|\n|-heal|p1a: Gastrodon|72\/100 psn|[from] item: Leftovers\n|-damage|p1a: Gastrodon|60\/100 psn|[from] psn\n|upkeep\n|turn|7\n|\n|t:|1697590117\n|move|p2a: Sneasler|Shadow Claw|p1a: Gastrodon\n|-crit|p1a: Gastrodon\n|-damage|p1a: Gastrodon|0 fnt\n|faint|p1a: Gastrodon\n|\n|upkeep\n|\n|t:|1697590124\n|switch|p1a: Clefable|Clefable, M|100\/100\n|-damage|p1a: Clefable|88\/100|[from] Stealth Rock\n|turn|8\n|\n|t:|1697590129\n|move|p2a: Sneasler|Dire Claw|p1a: Clefable\n|-supereffective|p1a: Clefable\n|-enditem|p1a: Clefable|Kebia Berry|[eat]\n|-enditem|p1a: Clefable|Kebia Berry|[weaken]\n|-damage|p1a: Clefable|53\/100\n|-status|p1a: Clefable|slp\n|cant|p1a: Clefable|slp\n|\n|upkeep\n|turn|9\n|\n|t:|1697590142\n|move|p2a: Sneasler|Dire Claw|p1a: Clefable\n|-supereffective|p1a: Clefable\n|-damage|p1a: Clefable|0 fnt\n|faint|p1a: Clefable\n|\n|upkeep\n|\n|t:|1697590148\n|switch|p1a: Gholdengo|Gholdengo|100\/100\n|-damage|p1a: Gholdengo|94\/100|[from] Stealth Rock\n|turn|10\n|\n|t:|1697590160\n|move|p2a: Sneasler|Shadow Claw|p1a: Gholdengo\n|-supereffective|p1a: Gholdengo\n|-damage|p1a: Gholdengo|0 fnt\n|faint|p1a: Gholdengo\n|\n|upkeep\n|\n|t:|1697590165\n|switch|p1a: Glimmora|Glimmora, M|100\/100\n|-damage|p1a: Glimmora|88\/100|[from] Stealth Rock\n|turn|11\n|\n|t:|1697590175\n|move|p2a: Sneasler|Close Combat|p1a: Glimmora\n|-damage|p1a: Glimmora|0 fnt\n|-unboost|p2a: Sneasler|def|1\n|-unboost|p2a: Sneasler|spd|1\n|-activate|p1a: Glimmora|ability: Toxic Debris\n|-sidestart|p2: mathman0624|move: Toxic Spikes\n|faint|p1a: Glimmora\n|\n|upkeep\n|\n|t:|1697590183\n|switch|p1a: Urshifu|Urshifu, F|100\/100\n|-damage|p1a: Urshifu|94\/100|[from] Stealth Rock\n|turn|12\n|\n|t:|1697590187\n|-terastallize|p1a: Urshifu|Dark\n|move|p1a: Urshifu|Sucker Punch|p2a: Sneasler\n|-resisted|p2a: Sneasler\n|-enditem|p2a: Sneasler|Focus Sash\n|-damage|p2a: Sneasler|1\/100\n|move|p2a: Sneasler|Close Combat|p1a: Urshifu\n|-supereffective|p1a: Urshifu\n|-damage|p1a: Urshifu|0 fnt\n|-unboost|p2a: Sneasler|def|1\n|-unboost|p2a: Sneasler|spd|1\n|faint|p1a: Urshifu\n|\n|upkeep\n|\n|t:|1697590194\n|switch|p1a: Vikavolt|Vikavolt, M|100\/100\n|turn|13\n|\n|t:|1697590202\n|move|p2a: Sneasler|Dire Claw|p1a: Vikavolt\n|-damage|p1a: Vikavolt|0 fnt\n|faint|p1a: Vikavolt\n|\n|win|mathman0624\n|raw|Benjo13's rating: 1200 &rarr; <strong>1183<\/strong><br \/>(-17 for losing)\n|raw|mathman0624's rating: 1317 &rarr; <strong>1331<\/strong><br \/>(+14 for winning)\n|l|\u203dBenjo13\n","uploadtime":1697590213,"views":13,"p1id":"benjo13","p2id":"mathman0624","formatid":"gen9ubers","rating":1183,"private":0,"password":""}