{"id":"gen9ubers-1993224474","p1":"happysh","p2":"Dregone","format":"[Gen 9] Ubers","log":"|j|\u2606happysh\n|j|\u2606Dregone\n|inactive|Battle timer is ON: inactive players will automatically lose when time's up.\n|t:|1700280403\n|gametype|singles\n|player|p1|happysh|lucas|\n|player|p2|Dregone|cynthia-masters|\n|teamsize|p1|3\n|teamsize|p2|3\n|gen|9\n|tier|[Gen 9] Ubers\n|rated|Tournament battle\n|rule|Sleep Clause Mod: Limit one foe put to sleep\n|rule|Species Clause: Limit one of each Pok\u00e9mon\n|rule|OHKO Clause: OHKO moves are banned\n|rule|Evasion Items Clause: Evasion items are banned\n|rule|Evasion Moves Clause: Evasion moves are banned\n|rule|Endless Battle Clause: Forcing endless battles is banned\n|rule|HP Percentage Mod: HP is shown in percentages\n|rule|Terastal Clause: You cannot Terastallize\n|clearpoke\n|poke|p1|Groudon|\n|poke|p1|Kyogre|\n|poke|p1|Arceus-Fighting|\n|poke|p2|Zacian-*|\n|poke|p2|Koraidon|\n|poke|p2|Arceus-Water|\n|teampreview|1\n|j|*Lady Monita \u2746\n|inactive|Dregone also wants the timer to be on.\n|inactive|happysh also wants the timer to be on.\n|c|\u2606Dregone|glhf\n|inactive|happysh has 120 seconds left.\n|inactive|Dregone has 120 seconds left.\n|\n|t:|1700280446\n|start\n|switch|p1a: Kyogre|Kyogre|100\/100\n|switch|p2a: Arceus|Arceus-Water|100\/100\n|-weather|RainDance|[from] ability: Drizzle|[of] p1a: Kyogre\n|turn|1\n|c|\u2606Dregone|dammit\n|c|\u2606Dregone|gg\n|\n|t:|1700280459\n|move|p2a: Arceus|Taunt|p1a: Kyogre\n|-start|p1a: Kyogre|move: Taunt\n|cant|p1a: Kyogre|move: Taunt|Calm Mind\n|\n|-weather|RainDance|[upkeep]\n|upkeep\n|turn|2\n|c|\u2606happysh|no thunder\n|c|\u2606Dregone|bruh\n|\n|t:|1700280472\n|move|p2a: Arceus|Judgment|p1a: Kyogre\n|-resisted|p1a: Kyogre\n|-damage|p1a: Kyogre|83\/100\n|move|p1a: Kyogre|Ice Beam|p2a: Arceus\n|-resisted|p2a: Arceus\n|-damage|p2a: Arceus|91\/100\n|\n|-weather|RainDance|[upkeep]\n|upkeep\n|turn|3\n|\n|t:|1700280487\n|move|p2a: Arceus|Judgment|p1a: Kyogre\n|-resisted|p1a: Kyogre\n|-damage|p1a: Kyogre|67\/100\n|move|p1a: Kyogre|Origin Pulse|p2a: Arceus\n|-resisted|p2a: Arceus\n|-damage|p2a: Arceus|63\/100\n|\n|-weather|RainDance|[upkeep]\n|-end|p1a: Kyogre|move: Taunt\n|upkeep\n|turn|4\n|\n|t:|1700280498\n|move|p2a: Arceus|Taunt|p1a: Kyogre\n|-start|p1a: Kyogre|move: Taunt\n|move|p1a: Kyogre|Origin Pulse|p2a: Arceus|[miss]\n|-miss|p1a: Kyogre|p2a: Arceus\n|\n|-weather|RainDance|[upkeep]\n|upkeep\n|turn|5\n|j| Van8ER\n|\n|t:|1700280502\n|move|p2a: Arceus|Judgment|p1a: Kyogre\n|-resisted|p1a: Kyogre\n|-damage|p1a: Kyogre|50\/100\n|-enditem|p1a: Kyogre|Sitrus Berry|[eat]\n|-heal|p1a: Kyogre|75\/100|[from] item: Sitrus Berry\n|move|p1a: Kyogre|Origin Pulse|p2a: Arceus\n|-resisted|p2a: Arceus\n|-damage|p2a: Arceus|34\/100\n|\n|-weather|none\n|upkeep\n|turn|6\n|\n|t:|1700280507\n|move|p2a: Arceus|Recover|p2a: Arceus\n|-heal|p2a: Arceus|84\/100\n|move|p1a: Kyogre|Origin Pulse|p2a: Arceus\n|-resisted|p2a: Arceus\n|-damage|p2a: Arceus|68\/100\n|\n|-end|p1a: Kyogre|move: Taunt\n|upkeep\n|turn|7\n|\n|t:|1700280511\n|move|p2a: Arceus|Taunt|p1a: Kyogre\n|-start|p1a: Kyogre|move: Taunt\n|cant|p1a: Kyogre|move: Taunt|Calm Mind\n|\n|upkeep\n|turn|8\n|\n|t:|1700280514\n|move|p2a: Arceus|Will-O-Wisp|p1a: Kyogre|[miss]\n|-miss|p2a: Arceus|p1a: Kyogre\n|move|p1a: Kyogre|Ice Beam|p2a: Arceus\n|-resisted|p2a: Arceus\n|-damage|p2a: Arceus|57\/100\n|\n|upkeep\n|turn|9\n|\n|t:|1700280517\n|move|p2a: Arceus|Will-O-Wisp|p1a: Kyogre\n|-status|p1a: Kyogre|brn\n|move|p1a: Kyogre|Ice Beam|p2a: Arceus\n|-resisted|p2a: Arceus\n|-damage|p2a: Arceus|48\/100\n|\n|-damage|p1a: Kyogre|69\/100 brn|[from] brn\n|-end|p1a: Kyogre|move: Taunt\n|upkeep\n|turn|10\n|\n|t:|1700280525\n|move|p2a: Arceus|Taunt|p1a: Kyogre\n|-start|p1a: Kyogre|move: Taunt\n|move|p1a: Kyogre|Ice Beam|p2a: Arceus\n|-resisted|p2a: Arceus\n|-damage|p2a: Arceus|38\/100\n|\n|-damage|p1a: Kyogre|63\/100 brn|[from] brn\n|upkeep\n|turn|11\n|\n|t:|1700280528\n|move|p2a: Arceus|Recover|p2a: Arceus\n|-heal|p2a: Arceus|88\/100\n|move|p1a: Kyogre|Ice Beam|p2a: Arceus\n|-resisted|p2a: Arceus\n|-damage|p2a: Arceus|78\/100\n|\n|-damage|p1a: Kyogre|57\/100 brn|[from] brn\n|upkeep\n|turn|12\n|\n|t:|1700280532\n|move|p2a: Arceus|Judgment|p1a: Kyogre\n|-resisted|p1a: Kyogre\n|-damage|p1a: Kyogre|46\/100 brn\n|move|p1a: Kyogre|Ice Beam|p2a: Arceus\n|-resisted|p2a: Arceus\n|-damage|p2a: Arceus|68\/100\n|\n|-damage|p1a: Kyogre|40\/100 brn|[from] brn\n|-end|p1a: Kyogre|move: Taunt\n|upkeep\n|turn|13\n|\n|t:|1700280539\n|move|p2a: Arceus|Taunt|p1a: Kyogre\n|-start|p1a: Kyogre|move: Taunt\n|cant|p1a: Kyogre|move: Taunt|Rest\n|\n|-damage|p1a: Kyogre|33\/100 brn|[from] brn\n|upkeep\n|turn|14\n|\n|t:|1700280544\n|move|p2a: Arceus|Judgment|p1a: Kyogre\n|-resisted|p1a: Kyogre\n|-damage|p1a: Kyogre|23\/100 brn\n|move|p1a: Kyogre|Ice Beam|p2a: Arceus\n|-resisted|p2a: Arceus\n|-damage|p2a: Arceus|58\/100\n|-status|p2a: Arceus|frz\n|\n|-damage|p1a: Kyogre|16\/100 brn|[from] brn\n|upkeep\n|turn|15\n|c|\u2606Dregone|..\n|\n|t:|1700280551\n|cant|p2a: Arceus|frz\n|move|p1a: Kyogre|Origin Pulse|p2a: Arceus\n|-resisted|p2a: Arceus\n|-damage|p2a: Arceus|41\/100 frz\n|\n|-damage|p1a: Kyogre|10\/100 brn|[from] brn\n|-end|p1a: Kyogre|move: Taunt\n|upkeep\n|turn|16\n|\n|t:|1700280559\n|cant|p2a: Arceus|frz\n|move|p1a: Kyogre|Calm Mind|p1a: Kyogre\n|-boost|p1a: Kyogre|spa|1\n|-boost|p1a: Kyogre|spd|1\n|\n|-damage|p1a: Kyogre|4\/100 brn|[from] brn\n|upkeep\n|turn|17\n|c|\u2606Dregone|gg\n|\n|t:|1700280564\n|cant|p2a: Arceus|frz\n|move|p1a: Kyogre|Rest|p1a: Kyogre\n|-status|p1a: Kyogre|slp|[from] move: Rest\n|-heal|p1a: Kyogre|100\/100 slp|[silent]\n|\n|upkeep\n|turn|18\n|c|\u2606happysh|gg\n|\n|t:|1700280573\n|cant|p2a: Arceus|frz\n|cant|p1a: Kyogre|slp\n|\n|upkeep\n|turn|19\n|\n|t:|1700280577\n|cant|p2a: Arceus|frz\n|cant|p1a: Kyogre|slp\n|\n|upkeep\n|turn|20\n|\n|t:|1700280580\n|-curestatus|p2a: Arceus|frz|[msg]\n|move|p2a: Arceus|Recover|p2a: Arceus\n|-heal|p2a: Arceus|91\/100\n|-curestatus|p1a: Kyogre|slp|[msg]\n|move|p1a: Kyogre|Ice Beam|p2a: Arceus\n|-resisted|p2a: Arceus\n|-damage|p2a: Arceus|78\/100\n|\n|upkeep\n|turn|21\n|\n|t:|1700280586\n|move|p2a: Arceus|Taunt|p1a: Kyogre\n|-start|p1a: Kyogre|move: Taunt\n|cant|p1a: Kyogre|move: Taunt|Calm Mind\n|\n|upkeep\n|turn|22\n|\n|t:|1700280588\n|move|p2a: Arceus|Will-O-Wisp|p1a: Kyogre|[miss]\n|-miss|p2a: Arceus|p1a: Kyogre\n|move|p1a: Kyogre|Ice Beam|p2a: Arceus\n|-resisted|p2a: Arceus\n|-damage|p2a: Arceus|63\/100\n|\n|upkeep\n|turn|23\n|\n|t:|1700280592\n|move|p2a: Arceus|Will-O-Wisp|p1a: Kyogre\n|-status|p1a: Kyogre|brn\n|move|p1a: Kyogre|Origin Pulse|p2a: Arceus\n|-resisted|p2a: Arceus\n|-damage|p2a: Arceus|38\/100\n|\n|-damage|p1a: Kyogre|94\/100 brn|[from] brn\n|-end|p1a: Kyogre|move: Taunt\n|upkeep\n|turn|24\n|\n|t:|1700280597\n|move|p2a: Arceus|Taunt|p1a: Kyogre\n|-start|p1a: Kyogre|move: Taunt\n|move|p1a: Kyogre|Origin Pulse|p2a: Arceus|[miss]\n|-miss|p1a: Kyogre|p2a: Arceus\n|\n|-damage|p1a: Kyogre|88\/100 brn|[from] brn\n|upkeep\n|turn|25\n|\n|t:|1700280599\n|move|p2a: Arceus|Recover|p2a: Arceus\n|-heal|p2a: Arceus|88\/100\n|move|p1a: Kyogre|Origin Pulse|p2a: Arceus\n|-resisted|p2a: Arceus\n|-damage|p2a: Arceus|61\/100\n|\n|-damage|p1a: Kyogre|82\/100 brn|[from] brn\n|upkeep\n|turn|26\n|\n|t:|1700280602\n|move|p2a: Arceus|Judgment|p1a: Kyogre\n|-resisted|p1a: Kyogre\n|-damage|p1a: Kyogre|75\/100 brn\n|move|p1a: Kyogre|Ice Beam|p2a: Arceus\n|-resisted|p2a: Arceus\n|-damage|p2a: Arceus|47\/100\n|\n|-damage|p1a: Kyogre|68\/100 brn|[from] brn\n|-end|p1a: Kyogre|move: Taunt\n|upkeep\n|turn|27\n|j| Bhaviswar 2\n|\n|t:|1700280606\n|move|p2a: Arceus|Taunt|p1a: Kyogre\n|-start|p1a: Kyogre|move: Taunt\n|move|p1a: Kyogre|Ice Beam|p2a: Arceus\n|-resisted|p2a: Arceus\n|-damage|p2a: Arceus|33\/100\n|\n|-damage|p1a: Kyogre|62\/100 brn|[from] brn\n|upkeep\n|turn|28\n|\n|t:|1700280609\n|move|p2a: Arceus|Recover|p2a: Arceus\n|-heal|p2a: Arceus|83\/100\n|move|p1a: Kyogre|Origin Pulse|p2a: Arceus\n|-resisted|p2a: Arceus\n|-damage|p2a: Arceus|55\/100\n|\n|-damage|p1a: Kyogre|56\/100 brn|[from] brn\n|upkeep\n|turn|29\n|\n|t:|1700280613\n|move|p2a: Arceus|Recover|p2a: Arceus\n|-heal|p2a: Arceus|100\/100\n|move|p1a: Kyogre|Origin Pulse|p2a: Arceus|[miss]\n|-miss|p1a: Kyogre|p2a: Arceus\n|\n|-damage|p1a: Kyogre|50\/100 brn|[from] brn\n|-end|p1a: Kyogre|move: Taunt\n|upkeep\n|turn|30\n|\n|t:|1700280616\n|move|p2a: Arceus|Taunt|p1a: Kyogre\n|-start|p1a: Kyogre|move: Taunt\n|move|p1a: Kyogre|Ice Beam|p2a: Arceus\n|-resisted|p2a: Arceus\n|-damage|p2a: Arceus|86\/100\n|\n|-damage|p1a: Kyogre|44\/100 brn|[from] brn\n|upkeep\n|turn|31\n|\n|t:|1700280618\n|move|p2a: Arceus|Judgment|p1a: Kyogre\n|-resisted|p1a: Kyogre\n|-damage|p1a: Kyogre|36\/100 brn\n|move|p1a: Kyogre|Origin Pulse|p2a: Arceus|[miss]\n|-miss|p1a: Kyogre|p2a: Arceus\n|\n|-damage|p1a: Kyogre|29\/100 brn|[from] brn\n|upkeep\n|turn|32\n|\n|t:|1700280621\n|move|p2a: Arceus|Judgment|p1a: Kyogre\n|-resisted|p1a: Kyogre\n|-damage|p1a: Kyogre|21\/100 brn\n|move|p1a: Kyogre|Ice Beam|p2a: Arceus\n|-resisted|p2a: Arceus\n|-damage|p2a: Arceus|71\/100\n|\n|-damage|p1a: Kyogre|15\/100 brn|[from] brn\n|-end|p1a: Kyogre|move: Taunt\n|upkeep\n|turn|33\n|\n|t:|1700280624\n|move|p2a: Arceus|Taunt|p1a: Kyogre\n|-start|p1a: Kyogre|move: Taunt\n|move|p1a: Kyogre|Origin Pulse|p2a: Arceus\n|-resisted|p2a: Arceus\n|-damage|p2a: Arceus|45\/100\n|\n|-damage|p1a: Kyogre|9\/100 brn|[from] brn\n|upkeep\n|turn|34\n|\n|t:|1700280626\n|move|p2a: Arceus|Judgment|p1a: Kyogre\n|-resisted|p1a: Kyogre\n|-damage|p1a: Kyogre|1\/100 brn\n|move|p1a: Kyogre|Origin Pulse|p2a: Arceus\n|-resisted|p2a: Arceus\n|-damage|p2a: Arceus|17\/100\n|\n|-damage|p1a: Kyogre|0 fnt|[from] brn\n|faint|p1a: Kyogre\n|\n|win|Dregone\n|upkeep\n|n|\u2606happysh|happysh\n|n|\u2606Dregone|dregone\n|n|*Lady Monita \u2746|ladymonita\n|n| Van8ER|van8er\n|n| Bhaviswar 2|bhaviswar2\n|l|*Lady Monita \u2746\n|l| Bhaviswar 2\n|c|\u2606Dregone|bruh\n|c|\u2606Dregone|that was the most intense\n|c|\u2606Dregone|1v1 ever\n","uploadtime":1700280627,"views":8,"p1id":"happysh","p2id":"dregone","formatid":"gen9ubers","rating":0,"private":0,"password":""}