{"id":"gen9ubers-1976445292","p1":"SadaShidz\ufe0f","p2":"sel la baleine","format":"[Gen 9] Ubers","log":"|j|\u2606SadaShidz\ufe0f\n|j|\u2606sel la baleine\n|t:|1698304615\n|gametype|singles\n|player|p1|SadaShidz\ufe0f|sada-ai|1259\n|player|p2|sel la baleine|lance-masters|1360\n|teamsize|p1|6\n|teamsize|p2|6\n|gen|9\n|tier|[Gen 9] Ubers\n|rated|\n|rule|Sleep Clause Mod: Limit one foe put to sleep\n|rule|Species Clause: Limit one of each Pok\u00e9mon\n|rule|OHKO Clause: OHKO moves are banned\n|rule|Evasion Items Clause: Evasion items are banned\n|rule|Evasion Moves Clause: Evasion moves are banned\n|rule|Endless Battle Clause: Forcing endless battles is banned\n|rule|HP Percentage Mod: HP is shown in percentages\n|clearpoke\n|poke|p1|Glimmora, F|\n|poke|p1|Arceus-Ghost|\n|poke|p1|Polteageist-Antique|\n|poke|p1|Iron Valiant|\n|poke|p1|Landorus-Therian, M|\n|poke|p1|Kingambit, M|\n|poke|p2|Arceus-Steel|\n|poke|p2|Ditto|\n|poke|p2|Koraidon|\n|poke|p2|Kyogre|\n|poke|p2|Regieleki|\n|poke|p2|Ribombee, F|\n|teampreview\n|inactive|Battle timer is ON: inactive players will automatically lose when time's up. (requested by SadaShidz\ufe0f)\n|\n|t:|1698304634\n|start\n|switch|p1a: Mora The Explorer|Glimmora, F|100\/100\n|switch|p2a: Arceus|Arceus-Steel, shiny|100\/100\n|turn|1\n|inactive|sel la baleine has 120 seconds left.\n|\n|t:|1698304665\n|move|p2a: Arceus|Calm Mind|p2a: Arceus\n|-boost|p2a: Arceus|spa|1\n|-boost|p2a: Arceus|spd|1\n|move|p1a: Mora The Explorer|Stealth Rock|p2a: Arceus\n|-sidestart|p2: sel la baleine|move: Stealth Rock\n|\n|upkeep\n|turn|2\n|\n|t:|1698304679\n|switch|p1a: Lan Dan|Landorus-Therian, M, shiny|100\/100\n|-ability|p1a: Lan Dan|Intimidate|boost\n|-unboost|p2a: Arceus|atk|1\n|move|p2a: Arceus|Calm Mind|p2a: Arceus\n|-boost|p2a: Arceus|spa|1\n|-boost|p2a: Arceus|spd|1\n|\n|upkeep\n|turn|3\n|\n|t:|1698304687\n|move|p2a: Arceus|Judgment|p1a: Lan Dan\n|-damage|p1a: Lan Dan|0 fnt\n|faint|p1a: Lan Dan\n|\n|upkeep\n|\n|t:|1698304698\n|switch|p1a: XJ9|Iron Valiant|100\/100\n|-enditem|p1a: XJ9|Booster Energy\n|-activate|p1a: XJ9|ability: Quark Drive|[fromitem]\n|-start|p1a: XJ9|quarkdrivespe\n|turn|4\n|\n|t:|1698304703\n|move|p1a: XJ9|Destiny Bond|p1a: XJ9\n|-singlemove|p1a: XJ9|Destiny Bond\n|move|p2a: Arceus|Judgment|p1a: XJ9\n|-supereffective|p1a: XJ9\n|-damage|p1a: XJ9|0 fnt\n|faint|p1a: XJ9\n|-activate|p1a: XJ9|move: Destiny Bond\n|-end|p1a: XJ9|Quark Drive|[silent]\n|faint|p2a: Arceus\n|\n|upkeep\n|\n|t:|1698304723\n|switch|p2a: Regieleki|Regieleki|100\/100\n|switch|p1a: Mora The Explorer|Glimmora, F|100\/100\n|turn|5\n|\n|t:|1698304732\n|switch|p1a: Yamz|Arceus-Ghost, shiny|100\/100\n|move|p2a: Regieleki|Rapid Spin|p1a: Yamz\n|-immune|p1a: Yamz\n|\n|upkeep\n|turn|6\n|\n|t:|1698304735\n|move|p2a: Regieleki|Thunderbolt|p1a: Yamz\n|-damage|p1a: Yamz|68\/100\n|move|p1a: Yamz|Calm Mind|p1a: Yamz\n|-boost|p1a: Yamz|spa|1\n|-boost|p1a: Yamz|spd|1\n|\n|upkeep\n|turn|7\n|\n|t:|1698304740\n|move|p2a: Regieleki|Thunderbolt|p1a: Yamz\n|-damage|p1a: Yamz|46\/100\n|move|p1a: Yamz|Judgment|p2a: Regieleki\n|-damage|p2a: Regieleki|0 fnt\n|faint|p2a: Regieleki\n|\n|upkeep\n|\n|t:|1698304746\n|switch|p2a: Ribombee|Ribombee, F|100\/100\n|-damage|p2a: Ribombee|76\/100|[from] Stealth Rock\n|turn|8\n|\n|t:|1698304749\n|move|p2a: Ribombee|Stun Spore|p1a: Yamz\n|-status|p1a: Yamz|par\n|cant|p1a: Yamz|par\n|\n|upkeep\n|turn|9\n|\n|t:|1698304754\n|move|p2a: Ribombee|Sticky Web|p1a: Yamz\n|-sidestart|p1: SadaShidz\ufe0f|move: Sticky Web\n|move|p1a: Yamz|Judgment|p2a: Ribombee\n|-damage|p2a: Ribombee|0 fnt\n|faint|p2a: Ribombee\n|\n|upkeep\n|\n|t:|1698304760\n|switch|p2a: Kyogre|Kyogre|100\/100\n|-damage|p2a: Kyogre|88\/100|[from] Stealth Rock\n|-weather|RainDance|[from] ability: Drizzle|[of] p2a: Kyogre\n|turn|10\n|\n|t:|1698304764\n|-terastallize|p2a: Kyogre|Water\n|move|p2a: Kyogre|Water Spout|p1a: Yamz\n|-damage|p1a: Yamz|0 fnt\n|faint|p1a: Yamz\n|\n|-weather|RainDance|[upkeep]\n|upkeep\n|j| serrrer\n|\n|t:|1698304790\n|switch|p1a: Teakaboo|Polteageist-Antique, shiny|100\/100\n|-activate|p1a: Teakaboo|move: Sticky Web\n|-unboost|p1a: Teakaboo|spe|1\n|turn|11\n|l| serrrer\n|\n|t:|1698304801\n|move|p2a: Kyogre|Water Spout|p1a: Teakaboo\n|-crit|p1a: Teakaboo\n|-enditem|p1a: Teakaboo|Focus Sash\n|-damage|p1a: Teakaboo|1\/100\n|move|p1a: Teakaboo|Shell Smash|p1a: Teakaboo\n|-unboost|p1a: Teakaboo|def|1\n|-unboost|p1a: Teakaboo|spd|1\n|-boost|p1a: Teakaboo|atk|2\n|-boost|p1a: Teakaboo|spa|2\n|-boost|p1a: Teakaboo|spe|2\n|\n|-weather|RainDance|[upkeep]\n|upkeep\n|turn|12\n|\n|t:|1698304807\n|move|p1a: Teakaboo|Giga Drain|p2a: Kyogre\n|-supereffective|p2a: Kyogre\n|-damage|p2a: Kyogre|1\/100\n|-heal|p1a: Teakaboo|58\/100|[from] drain|[of] p2a: Kyogre\n|move|p2a: Kyogre|Water Spout|p1a: Teakaboo\n|-damage|p1a: Teakaboo|54\/100\n|\n|-weather|RainDance|[upkeep]\n|upkeep\n|turn|13\n|\n|t:|1698304818\n|move|p1a: Teakaboo|Shell Smash|p1a: Teakaboo\n|-unboost|p1a: Teakaboo|def|1\n|-unboost|p1a: Teakaboo|spd|1\n|-boost|p1a: Teakaboo|atk|2\n|-boost|p1a: Teakaboo|spa|2\n|-boost|p1a: Teakaboo|spe|2\n|move|p2a: Kyogre|Water Spout|p1a: Teakaboo\n|-damage|p1a: Teakaboo|50\/100\n|\n|-weather|RainDance|[upkeep]\n|upkeep\n|turn|14\n|\n|t:|1698304821\n|move|p1a: Teakaboo|Giga Drain|p2a: Kyogre\n|-supereffective|p2a: Kyogre\n|-damage|p2a: Kyogre|0 fnt\n|-heal|p1a: Teakaboo|50\/100|[from] drain|[of] p2a: Kyogre\n|faint|p2a: Kyogre\n|\n|-weather|none\n|upkeep\n|\n|t:|1698304823\n|switch|p2a: Ditto|Ditto|100\/100\n|-damage|p2a: Ditto|88\/100|[from] Stealth Rock\n|-transform|p2a: Ditto|p1a: Teakaboo|[from] ability: Imposter\n|turn|15\n|\n|t:|1698304833\n|-terastallize|p1a: Teakaboo|Normal\n|move|p2a: Ditto|Shadow Ball|p1a: Teakaboo\n|-immune|p1a: Teakaboo\n|move|p1a: Teakaboo|Shadow Ball|p2a: Ditto\n|-supereffective|p2a: Ditto\n|-damage|p2a: Ditto|0 fnt\n|faint|p2a: Ditto\n|\n|upkeep\n|-message|sel la baleine forfeited.\n|\n|win|SadaShidz\ufe0f\n|raw|SadaShidz\ufe0f's rating: 1259 &rarr; <strong>1291<\/strong><br \/>(+32 for winning)\n|raw|sel la baleine's rating: 1360 &rarr; <strong>1334<\/strong><br \/>(-26 for losing)\n|l|\u2606sel la baleine\n","uploadtime":1698304851,"views":9,"p1id":"sadashidz","p2id":"sellabaleine","formatid":"gen9ubers","rating":1291,"private":0,"password":""}