{"id":"gen9ubers-1973810001","p1":"Rubyboi711","p2":"Bonya999","format":"[Gen 9] Ubers","log":"|j|\u2606Rubyboi711\n|j|\u2606Bonya999\n|t:|1698015889\n|gametype|singles\n|player|p1|Rubyboi711|volkner|1125\n|player|p2|Bonya999|brycen|1150\n|teamsize|p1|6\n|teamsize|p2|6\n|gen|9\n|tier|[Gen 9] Ubers\n|rated|\n|rule|Sleep Clause Mod: Limit one foe put to sleep\n|rule|Species Clause: Limit one of each Pok\u00e9mon\n|rule|OHKO Clause: OHKO moves are banned\n|rule|Evasion Items Clause: Evasion items are banned\n|rule|Evasion Moves Clause: Evasion moves are banned\n|rule|Endless Battle Clause: Forcing endless battles is banned\n|rule|HP Percentage Mod: HP is shown in percentages\n|clearpoke\n|poke|p1|Regieleki|\n|poke|p1|Calyrex-Ice|\n|poke|p1|Florges, F|\n|poke|p1|Koraidon|\n|poke|p1|Miraidon|\n|poke|p1|Arceus-Water|\n|poke|p2|Quaquaval, F|\n|poke|p2|Volcarona, F|\n|poke|p2|Forretress, M|\n|poke|p2|Umbreon, F|\n|poke|p2|Dragapult, F|\n|poke|p2|Sandy Shocks|\n|teampreview\n|\n|t:|1698015934\n|start\n|switch|p1a: Arceus|Arceus-Water|100\/100\n|switch|p2a: Sandy Cheeks|Sandy Shocks|100\/100\n|-enditem|p2a: Sandy Cheeks|Booster Energy\n|-activate|p2a: Sandy Cheeks|ability: Protosynthesis|[fromitem]\n|-start|p2a: Sandy Cheeks|protosynthesisspe\n|turn|1\n|\n|t:|1698015949\n|move|p2a: Sandy Cheeks|Thunderbolt|p1a: Arceus\n|-supereffective|p1a: Arceus\n|-damage|p1a: Arceus|36\/100\n|move|p1a: Arceus|Dragon Dance|p1a: Arceus\n|-boost|p1a: Arceus|atk|1\n|-boost|p1a: Arceus|spe|1\n|\n|upkeep\n|turn|2\n|\n|t:|1698015956\n|move|p1a: Arceus|Waterfall|p2a: Sandy Cheeks\n|-supereffective|p2a: Sandy Cheeks\n|-damage|p2a: Sandy Cheeks|0 fnt\n|faint|p2a: Sandy Cheeks\n|-end|p2a: Sandy Cheeks|Protosynthesis|[silent]\n|\n|upkeep\n|\n|t:|1698015966\n|switch|p2a: \u0411\u043e\u043d\u044f|Quaquaval, F|100\/100\n|turn|3\n|\n|t:|1698016002\n|move|p1a: Arceus|Waterfall|p2a: \u0411\u043e\u043d\u044f\n|-resisted|p2a: \u0411\u043e\u043d\u044f\n|-damage|p2a: \u0411\u043e\u043d\u044f|53\/100\n|cant|p2a: \u0411\u043e\u043d\u044f|flinch\n|\n|upkeep\n|turn|4\n|\n|t:|1698016011\n|move|p1a: Arceus|Earthquake|p2a: \u0411\u043e\u043d\u044f\n|-damage|p2a: \u0411\u043e\u043d\u044f|0 fnt\n|faint|p2a: \u0411\u043e\u043d\u044f\n|\n|upkeep\n|\n|t:|1698016025\n|switch|p2a: Dragapult|Dragapult, F|100\/100\n|turn|5\n|\n|t:|1698016064\n|-terastallize|p2a: Dragapult|Dragon\n|move|p1a: Arceus|Earthquake|p2a: Dragapult\n|-damage|p2a: Dragapult|22\/100\n|move|p2a: Dragapult|Draco Meteor|p1a: Arceus\n|-damage|p1a: Arceus|0 fnt\n|-unboost|p2a: Dragapult|spa|2\n|faint|p1a: Arceus\n|\n|upkeep\n|\n|t:|1698016073\n|switch|p1a: Florges|Florges, F|100\/100\n|turn|6\n|\n|t:|1698016080\n|switch|p2a: Forretress|Forretress, M|100\/100\n|move|p1a: Florges|Draining Kiss|p2a: Forretress\n|-resisted|p2a: Forretress\n|-damage|p2a: Forretress|88\/100\n|\n|-heal|p2a: Forretress|94\/100|[from] item: Leftovers\n|upkeep\n|turn|7\n|\n|t:|1698016089\n|switch|p1a: Koraidon|Koraidon|100\/100\n|-weather|SunnyDay|[from] ability: Orichalcum Pulse|[of] p1a: Koraidon\n|-activate|p1a: Koraidon|Orichalcum Pulse|[source]\n|move|p2a: Forretress|Gyro Ball|p1a: Koraidon\n|-damage|p1a: Koraidon|61\/100\n|\n|-weather|SunnyDay|[upkeep]\n|-heal|p2a: Forretress|99\/100|[from] item: Leftovers\n|upkeep\n|turn|8\n|\n|t:|1698016120\n|move|p1a: Koraidon|Collision Course|p2a: Forretress\n|-damage|p2a: Forretress|60\/100\n|move|p2a: Forretress|Gyro Ball|p1a: Koraidon\n|-damage|p1a: Koraidon|22\/100\n|\n|-weather|SunnyDay|[upkeep]\n|-heal|p2a: Forretress|67\/100|[from] item: Leftovers\n|upkeep\n|turn|9\n|\n|t:|1698016225\n|move|p1a: Koraidon|Collision Course|p2a: Forretress\n|-damage|p2a: Forretress|23\/100\n|move|p2a: Forretress|Gyro Ball|p1a: Koraidon\n|-damage|p1a: Koraidon|0 fnt\n|faint|p1a: Koraidon\n|\n|-weather|SunnyDay|[upkeep]\n|-heal|p2a: Forretress|29\/100|[from] item: Leftovers\n|upkeep\n|\n|t:|1698016243\n|switch|p1a: Miraidon|Miraidon|100\/100\n|-fieldstart|move: Electric Terrain|[from] ability: Hadron Engine|[of] p1a: Miraidon\n|turn|10\n|\n|t:|1698016270\n|move|p1a: Miraidon|Electro Drift|p2a: Forretress\n|-damage|p2a: Forretress|0 fnt\n|faint|p2a: Forretress\n|\n|-weather|SunnyDay|[upkeep]\n|upkeep\n|\n|t:|1698016277\n|switch|p2a: Dragapult|Dragapult, F, tera:Dragon|22\/100\n|turn|11\n|\n|t:|1698016306\n|move|p2a: Dragapult|Draco Meteor|p1a: Miraidon\n|-supereffective|p1a: Miraidon\n|-damage|p1a: Miraidon|0 fnt\n|-unboost|p2a: Dragapult|spa|2\n|faint|p1a: Miraidon\n|\n|-weather|none\n|upkeep\n|\n|t:|1698016309\n|switch|p1a: Regieleki|Regieleki, shiny|100\/100\n|turn|12\n|\n|t:|1698016349\n|switch|p2a: Umbreon|Umbreon, F|100\/100\n|move|p1a: Regieleki|Thunderbolt|p2a: Umbreon\n|-damage|p2a: Umbreon|61\/100\n|\n|-heal|p2a: Umbreon|67\/100|[from] item: Leftovers\n|upkeep\n|turn|13\n|\n|t:|1698016417\n|move|p1a: Regieleki|Thunderbolt|p2a: Umbreon\n|-damage|p2a: Umbreon|23\/100\n|move|p2a: Umbreon|Toxic|p1a: Regieleki\n|-status|p1a: Regieleki|tox\n|\n|-heal|p2a: Umbreon|29\/100|[from] item: Leftovers\n|-damage|p1a: Regieleki|95\/100 tox|[from] psn\n|upkeep\n|turn|14\n|\n|t:|1698016429\n|move|p1a: Regieleki|Thunderbolt|p2a: Umbreon\n|-damage|p2a: Umbreon|0 fnt\n|faint|p2a: Umbreon\n|\n|-damage|p1a: Regieleki|83\/100 tox|[from] psn\n|-fieldend|move: Electric Terrain\n|upkeep\n|\n|t:|1698016437\n|switch|p2a: Volcarona|Volcarona, F|100\/100\n|turn|15\n|\n|t:|1698016463\n|move|p1a: Regieleki|Ancient Power|p2a: Volcarona\n|-supereffective|p2a: Volcarona\n|-damage|p2a: Volcarona|16\/100\n|move|p2a: Volcarona|Quiver Dance|p2a: Volcarona\n|-boost|p2a: Volcarona|spa|1\n|-boost|p2a: Volcarona|spd|1\n|-boost|p2a: Volcarona|spe|1\n|\n|-damage|p1a: Regieleki|65\/100 tox|[from] psn\n|upkeep\n|turn|16\n|\n|t:|1698016483\n|move|p1a: Regieleki|Ancient Power|p2a: Volcarona\n|-supereffective|p2a: Volcarona\n|-crit|p2a: Volcarona\n|-damage|p2a: Volcarona|0 fnt\n|faint|p2a: Volcarona\n|\n|-damage|p1a: Regieleki|41\/100 tox|[from] psn\n|upkeep\n|\n|t:|1698016490\n|switch|p2a: Dragapult|Dragapult, F, tera:Dragon|22\/100\n|turn|17\n|\n|t:|1698016555\n|-terastallize|p1a: Regieleki|Ice\n|move|p1a: Regieleki|Tera Blast|p2a: Dragapult|[anim] Tera Blast Ice\n|-supereffective|p2a: Dragapult\n|-damage|p2a: Dragapult|0 fnt\n|faint|p2a: Dragapult\n|\n|win|Rubyboi711\n|raw|Rubyboi711's rating: 1125 &rarr; <strong>1152<\/strong><br \/>(+27 for winning)\n|raw|Bonya999's rating: 1150 &rarr; <strong>1123<\/strong><br \/>(-27 for losing)\n","uploadtime":1698016560,"views":10,"p1id":"rubyboi711","p2id":"bonya999","formatid":"gen9ubers","rating":1123,"private":0,"password":""}