{"id":"gen9ubers-1995701895","p1":"Gabi 15","p2":"kinou_pkm","format":"[Gen 9] Ubers","log":"|j|\u2606Gabi 15\n|j|\u2606kinou_pkm\n|t:|1700595268\n|gametype|singles\n|player|p1|Gabi 15|n|\n|player|p2|kinou_pkm|turo|\n|teamsize|p1|6\n|teamsize|p2|6\n|gen|9\n|tier|[Gen 9] Ubers\n|rule|Sleep Clause Mod: Limit one foe put to sleep\n|rule|Species Clause: Limit one of each Pok\u00e9mon\n|rule|OHKO Clause: OHKO moves are banned\n|rule|Evasion Items Clause: Evasion items are banned\n|rule|Evasion Moves Clause: Evasion moves are banned\n|rule|Endless Battle Clause: Forcing endless battles is banned\n|rule|HP Percentage Mod: HP is shown in percentages\n|clearpoke\n|poke|p1|Baxcalibur, F|\n|poke|p1|Cresselia, F|\n|poke|p1|Heatran, F|\n|poke|p1|Sandy Shocks|\n|poke|p1|Palafin, F|\n|poke|p1|Ribombee, M|\n|poke|p2|Urshifu-*, M|\n|poke|p2|Ribombee, F|\n|poke|p2|Gholdengo|\n|poke|p2|Regieleki|\n|poke|p2|Clodsire, M|\n|poke|p2|Dondozo, F|\n|teampreview\n|inactive|Battle timer is ON: inactive players will automatically lose when time's up. (requested by kinou_pkm)\n|inactive|Gabi 15 has 270 seconds left.\n|\n|t:|1700595300\n|start\n|switch|p1a: Ribombee|Ribombee, M|100\/100\n|switch|p2a: Ribombee|Ribombee, F, shiny|100\/100\n|turn|1\n|\n|t:|1700595321\n|move|p2a: Ribombee|Stun Spore|p1a: Ribombee\n|-status|p1a: Ribombee|par\n|move|p1a: Ribombee|Sticky Web|p2a: Ribombee\n|-sidestart|p2: kinou_pkm|move: Sticky Web\n|\n|upkeep\n|turn|2\n|\n|t:|1700595328\n|move|p2a: Ribombee|Sticky Web|p1a: Ribombee\n|-sidestart|p1: Gabi 15|move: Sticky Web\n|move|p1a: Ribombee|Moonblast|p2a: Ribombee\n|-crit|p2a: Ribombee\n|-enditem|p2a: Ribombee|Focus Sash\n|-damage|p2a: Ribombee|1\/100\n|\n|upkeep\n|turn|3\n|\n|t:|1700595335\n|move|p2a: Ribombee|Moonblast|p1a: Ribombee\n|-damage|p1a: Ribombee|29\/100 par\n|move|p1a: Ribombee|Energy Ball|p2a: Ribombee\n|-resisted|p2a: Ribombee\n|-damage|p2a: Ribombee|0 fnt\n|faint|p2a: Ribombee\n|\n|upkeep\n|\n|t:|1700595342\n|switch|p2a: Regieleki|Regieleki|100\/100\n|turn|4\n|\n|t:|1700595352\n|move|p2a: Regieleki|Rapid Spin|p1a: Ribombee\n|-damage|p1a: Ribombee|10\/100 par\n|-boost|p2a: Regieleki|spe|1\n|-sideend|p2: kinou_pkm|Sticky Web|[from] move: Rapid Spin|[of] p2a: Regieleki\n|move|p1a: Ribombee|Stun Spore|p2a: Regieleki\n|-immune|p2a: Regieleki\n|\n|upkeep\n|turn|5\n|\n|t:|1700595377\n|switch|p1a: Cresselia|Cresselia, F, shiny|100\/100\n|move|p2a: Regieleki|Rapid Spin|p1a: Cresselia\n|-damage|p1a: Cresselia|93\/100\n|-boost|p2a: Regieleki|spe|1\n|\n|-heal|p1a: Cresselia|99\/100|[from] item: Leftovers\n|upkeep\n|turn|6\n|\n|t:|1700595393\n|move|p2a: Regieleki|Electro Ball|p1a: Cresselia\n|-damage|p1a: Cresselia|55\/100\n|move|p1a: Cresselia|Psyshock|p2a: Regieleki\n|-damage|p2a: Regieleki|57\/100\n|\n|-heal|p1a: Cresselia|61\/100|[from] item: Leftovers\n|upkeep\n|turn|7\n|\n|t:|1700595400\n|move|p2a: Regieleki|Electro Ball|p1a: Cresselia\n|-damage|p1a: Cresselia|16\/100\n|move|p1a: Cresselia|Moonlight|p1a: Cresselia\n|-heal|p1a: Cresselia|66\/100\n|\n|-heal|p1a: Cresselia|72\/100|[from] item: Leftovers\n|upkeep\n|turn|8\n|inactive|Gabi 15 has 270 seconds left.\n|\n|t:|1700595445\n|switch|p1a: Sandy Shocks|Sandy Shocks, shiny|100\/100\n|-activate|p1a: Sandy Shocks|move: Sticky Web\n|-unboost|p1a: Sandy Shocks|spe|1\n|-enditem|p1a: Sandy Shocks|Booster Energy\n|-activate|p1a: Sandy Shocks|ability: Protosynthesis|[fromitem]\n|-start|p1a: Sandy Shocks|protosynthesisspa\n|move|p2a: Regieleki|Electro Ball|p1a: Sandy Shocks\n|-immune|p1a: Sandy Shocks\n|\n|upkeep\n|turn|9\n|inactive|kinou_pkm has 270 seconds left.\n|inactive|kinou_pkm has 240 seconds left.\n|\n|t:|1700595509\n|-terastallize|p2a: Regieleki|Ice\n|move|p2a: Regieleki|Tera Blast|p1a: Sandy Shocks|[anim] Tera Blast Ice\n|-supereffective|p1a: Sandy Shocks\n|-damage|p1a: Sandy Shocks|15\/100\n|move|p1a: Sandy Shocks|Thunderbolt|p2a: Regieleki\n|-damage|p2a: Regieleki|0 fnt\n|faint|p2a: Regieleki\n|\n|upkeep\n|inactive|kinou_pkm has 240 seconds left.\n|\n|t:|1700595537\n|switch|p2a: Gholdengo|Gholdengo|100\/100\n|turn|10\n|\n|t:|1700595547\n|-end|p1a: Sandy Shocks|Protosynthesis|[silent]\n|switch|p1a: Ribombee|Ribombee, M|10\/100 par\n|-activate|p1a: Ribombee|move: Sticky Web\n|-unboost|p1a: Ribombee|spe|1\n|move|p2a: Gholdengo|Shadow Ball|p1a: Ribombee\n|-damage|p1a: Ribombee|0 fnt\n|faint|p1a: Ribombee\n|\n|upkeep\n|inactive|Gabi 15 has 240 seconds left.\n|\n|t:|1700595582\n|switch|p1a: Heatran|Heatran, F, shiny|100\/100\n|turn|11\n|inactive|kinou_pkm has 240 seconds left.\n|\n|t:|1700595610\n|switch|p2a: Clodsire|Clodsire, M, shiny|100\/100\n|move|p1a: Heatran|Stealth Rock|p2a: Clodsire\n|-sidestart|p2: kinou_pkm|move: Stealth Rock\n|\n|upkeep\n|turn|12\n|inactive|kinou_pkm has 240 seconds left.\n|\n|t:|1700595618\n|move|p1a: Heatran|Magma Storm|p2a: Clodsire\n|-damage|p2a: Clodsire|75\/100\n|-activate|p2a: Clodsire|move: Magma Storm|[of] p1a: Heatran\n|move|p2a: Clodsire|Spikes|p1a: Heatran\n|-sidestart|p1: Gabi 15|Spikes\n|\n|-heal|p2a: Clodsire|81\/100|[from] item: Leftovers\n|-damage|p2a: Clodsire|68\/100|[from] move: Magma Storm|[partiallytrapped]\n|upkeep\n|turn|13\n|\n|t:|1700595632\n|move|p1a: Heatran|Taunt|p2a: Clodsire\n|-start|p2a: Clodsire|move: Taunt\n|cant|p2a: Clodsire|move: Taunt|Toxic\n|\n|-heal|p2a: Clodsire|74\/100|[from] item: Leftovers\n|-damage|p2a: Clodsire|62\/100|[from] move: Magma Storm|[partiallytrapped]\n|upkeep\n|turn|14\n|\n|t:|1700595650\n|-terastallize|p1a: Heatran|Grass\n|move|p1a: Heatran|Earth Power|p2a: Clodsire\n|-supereffective|p2a: Clodsire\n|-damage|p2a: Clodsire|34\/100\n|move|p2a: Clodsire|Earthquake|p1a: Heatran\n|-resisted|p1a: Heatran\n|-damage|p1a: Heatran|92\/100\n|\n|-heal|p2a: Clodsire|40\/100|[from] item: Leftovers\n|-damage|p2a: Clodsire|27\/100|[from] move: Magma Storm|[partiallytrapped]\n|upkeep\n|turn|15\n|inactive|Gabi 15 has 210 seconds left.\n|\n|t:|1700595675\n|move|p1a: Heatran|Earth Power|p2a: Clodsire\n|-supereffective|p2a: Clodsire\n|-damage|p2a: Clodsire|0 fnt\n|faint|p2a: Clodsire\n|\n|upkeep\n|\n|t:|1700595689\n|switch|p2a: Do\u00f1adozo|Dondozo, F, shiny|100\/100\n|-damage|p2a: Do\u00f1adozo|88\/100|[from] Stealth Rock\n|turn|16\n|\n|t:|1700595696\n|move|p1a: Heatran|Taunt|p2a: Do\u00f1adozo\n|-start|p2a: Do\u00f1adozo|move: Taunt\n|cant|p2a: Do\u00f1adozo|move: Taunt|Curse\n|\n|upkeep\n|turn|17\n|\n|t:|1700595701\n|move|p1a: Heatran|Magma Storm|p2a: Do\u00f1adozo\n|-resisted|p2a: Do\u00f1adozo\n|-damage|p2a: Do\u00f1adozo|70\/100\n|-activate|p2a: Do\u00f1adozo|move: Magma Storm|[of] p1a: Heatran\n|move|p2a: Do\u00f1adozo|Body Press|p1a: Heatran\n|-damage|p1a: Heatran|75\/100\n|\n|-damage|p2a: Do\u00f1adozo|58\/100|[from] move: Magma Storm|[partiallytrapped]\n|upkeep\n|turn|18\n|\n|t:|1700595710\n|move|p1a: Heatran|Earth Power|p2a: Do\u00f1adozo\n|-damage|p2a: Do\u00f1adozo|36\/100\n|move|p2a: Do\u00f1adozo|Body Press|p1a: Heatran\n|-damage|p1a: Heatran|57\/100\n|\n|-damage|p2a: Do\u00f1adozo|24\/100|[from] move: Magma Storm|[partiallytrapped]\n|-end|p2a: Do\u00f1adozo|move: Taunt\n|upkeep\n|turn|19\n|\n|t:|1700595718\n|move|p1a: Heatran|Earth Power|p2a: Do\u00f1adozo\n|-damage|p2a: Do\u00f1adozo|3\/100\n|move|p2a: Do\u00f1adozo|Rest|p2a: Do\u00f1adozo\n|-status|p2a: Do\u00f1adozo|slp|[from] move: Rest\n|-heal|p2a: Do\u00f1adozo|100\/100 slp|[silent]\n|\n|-damage|p2a: Do\u00f1adozo|88\/100 slp|[from] move: Magma Storm|[partiallytrapped]\n|upkeep\n|turn|20\n|inactive|Gabi 15 has 240 seconds left.\n|\n|t:|1700595739\n|move|p1a: Heatran|Earth Power|p2a: Do\u00f1adozo\n|-crit|p2a: Do\u00f1adozo\n|-damage|p2a: Do\u00f1adozo|58\/100 slp\n|cant|p2a: Do\u00f1adozo|slp\n|\n|-damage|p2a: Do\u00f1adozo|45\/100 slp|[from] move: Magma Storm|[partiallytrapped]\n|upkeep\n|turn|21\n|\n|t:|1700595746\n|move|p1a: Heatran|Earth Power|p2a: Do\u00f1adozo\n|-damage|p2a: Do\u00f1adozo|24\/100 slp\n|cant|p2a: Do\u00f1adozo|slp\n|\n|-end|p2a: Do\u00f1adozo|Magma Storm|[partiallytrapped]\n|upkeep\n|turn|22\n|\n|t:|1700595752\n|move|p1a: Heatran|Taunt|p2a: Do\u00f1adozo\n|-start|p2a: Do\u00f1adozo|move: Taunt\n|-curestatus|p2a: Do\u00f1adozo|slp|[msg]\n|cant|p2a: Do\u00f1adozo|move: Taunt|Rest\n|\n|upkeep\n|turn|23\n|inactive|Gabi 15 has 240 seconds left.\n|\n|t:|1700595762\n|switch|p2a: Urshifu|Urshifu-Rapid-Strike, M|100\/100\n|-damage|p2a: Urshifu|94\/100|[from] Stealth Rock\n|move|p1a: Heatran|Magma Storm|p2a: Urshifu\n|-resisted|p2a: Urshifu\n|-damage|p2a: Urshifu|62\/100\n|-activate|p2a: Urshifu|move: Magma Storm|[of] p1a: Heatran\n|\n|-damage|p2a: Urshifu|49\/100|[from] move: Magma Storm|[partiallytrapped]\n|upkeep\n|turn|24\n|\n|t:|1700595771\n|move|p2a: Urshifu|U-turn|p1a: Heatran\n|-supereffective|p1a: Heatran\n|-damage|p1a: Heatran|26\/100\n|\n|t:|1700595779\n|switch|p2a: Do\u00f1adozo|Dondozo, F, shiny|24\/100|[from] U-turn\n|-damage|p2a: Do\u00f1adozo|12\/100|[from] Stealth Rock\n|move|p1a: Heatran|Earth Power|p2a: Do\u00f1adozo\n|-damage|p2a: Do\u00f1adozo|0 fnt\n|faint|p2a: Do\u00f1adozo\n|\n|upkeep\n|\n|t:|1700595785\n|switch|p2a: Urshifu|Urshifu-Rapid-Strike, M|49\/100\n|-damage|p2a: Urshifu|43\/100|[from] Stealth Rock\n|turn|25\n|\n|t:|1700595789\n|move|p2a: Urshifu|Swords Dance|p2a: Urshifu\n|-boost|p2a: Urshifu|atk|2\n|move|p1a: Heatran|Earth Power|p2a: Urshifu\n|-damage|p2a: Urshifu|2\/100\n|\n|upkeep\n|turn|26\n|inactive|Gabi 15 has 270 seconds left.\n|\n|t:|1700595802\n|move|p2a: Urshifu|Surging Strikes|p1a: Heatran\n|-resisted|p1a: Heatran\n|-crit|p1a: Heatran\n|-damage|p1a: Heatran|13\/100\n|-resisted|p1a: Heatran\n|-crit|p1a: Heatran\n|-damage|p1a: Heatran|0 fnt\n|faint|p1a: Heatran\n|-hitcount|p1: Heatran|2\n|\n|upkeep\n|inactive|Gabi 15 has 270 seconds left.\n|\n|t:|1700595809\n|switch|p1a: Palafin|Palafin, F, shiny|100\/100\n|-activate|p1a: Palafin|move: Sticky Web\n|-unboost|p1a: Palafin|spe|1\n|-damage|p1a: Palafin|88\/100|[from] Spikes\n|turn|27\n|\n|t:|1700595816\n|move|p1a: Palafin|Jet Punch|p2a: Urshifu\n|-resisted|p2a: Urshifu\n|-damage|p2a: Urshifu|0 fnt\n|faint|p2a: Urshifu\n|\n|-heal|p1a: Palafin|94\/100|[from] item: Leftovers\n|upkeep\n|\n|t:|1700595820\n|switch|p2a: Gholdengo|Gholdengo|100\/100\n|-damage|p2a: Gholdengo|94\/100|[from] Stealth Rock\n|turn|28\n|\n|t:|1700595834\n|detailschange|p1a: Palafin|Palafin-Hero, F, shiny\n|switch|p1a: Sandy Shocks|Sandy Shocks, shiny|15\/100\n|-activate|p1a: Sandy Shocks|move: Sticky Web\n|-unboost|p1a: Sandy Shocks|spe|1\n|-damage|p1a: Sandy Shocks|2\/100|[from] Spikes\n|move|p2a: Gholdengo|Trick|p1a: Sandy Shocks\n|-activate|p2a: Gholdengo|move: Trick|[of] p1a: Sandy Shocks\n|-item|p1a: Sandy Shocks|Choice Scarf|[from] move: Trick\n|-enditem|p2a: Gholdengo|Choice Scarf|[silent]|[from] move: Trick\n|\n|upkeep\n|turn|29\n|\n|t:|1700595845\n|move|p1a: Sandy Shocks|Earth Power|p2a: Gholdengo\n|-supereffective|p2a: Gholdengo\n|-damage|p2a: Gholdengo|6\/100\n|move|p2a: Gholdengo|Shadow Ball|p1a: Sandy Shocks\n|-damage|p1a: Sandy Shocks|0 fnt\n|faint|p1a: Sandy Shocks\n|-end|p1a: Sandy Shocks|Protosynthesis|[silent]\n|\n|upkeep\n|\n|t:|1700595852\n|switch|p1a: Palafin|Palafin-Hero, F, shiny|94\/100\n|-activate|p1a: Palafin|move: Sticky Web\n|-unboost|p1a: Palafin|spe|1\n|-damage|p1a: Palafin|82\/100|[from] Spikes\n|-activate|p1a: Palafin|ability: Zero to Hero\n|turn|30\n|\n|t:|1700595860\n|move|p1a: Palafin|Jet Punch|p2a: Gholdengo\n|-damage|p2a: Gholdengo|0 fnt\n|faint|p2a: Gholdengo\n|\n|win|Gabi 15\n|l|\u2606Gabi 15\n","uploadtime":1700595922,"views":0,"p1id":"gabi15","p2id":"kinoupkm","formatid":"gen9ubers","rating":0,"private":0,"password":""}