{"id":"gen9ubers-2000019420","p1":"LITLE0","p2":"professional asian","format":"[Gen 9] Ubers","log":"|j|\u2606LITLE0\n|j|\u2606professional asian\n|t:|1701141945\n|gametype|singles\n|player|p1|LITLE0|brock|1129\n|player|p2|professional asian|brock|1157\n|teamsize|p1|6\n|teamsize|p2|6\n|gen|9\n|tier|[Gen 9] Ubers\n|rated|\n|rule|Sleep Clause Mod: Limit one foe put to sleep\n|rule|Species Clause: Limit one of each Pok\u00e9mon\n|rule|OHKO Clause: OHKO moves are banned\n|rule|Evasion Items Clause: Evasion items are banned\n|rule|Evasion Moves Clause: Evasion moves are banned\n|rule|Endless Battle Clause: Forcing endless battles is banned\n|rule|HP Percentage Mod: HP is shown in percentages\n|clearpoke\n|poke|p1|Baxcalibur, M|\n|poke|p1|Corviknight, M|\n|poke|p1|Clodsire, M|\n|poke|p1|Ninetales-Alola, F|\n|poke|p1|Palafin, M|\n|poke|p1|Sinistcha|\n|poke|p2|Ribombee, M|\n|poke|p2|Regieleki|\n|poke|p2|Zacian-*|\n|poke|p2|Indeedee, M|\n|poke|p2|Sneasler, M|\n|poke|p2|Ogerpon-Hearthflame, F|\n|teampreview\n|inactive|Battle timer is ON: inactive players will automatically lose when time's up. (requested by professional asian)\n|c|\u2606LITLE0|twin\n|inactive|professional asian has 120 seconds left.\n|inactive|professional asian has 90 seconds left.\n|\n|t:|1701142018\n|start\n|switch|p1a: Ninetales|Ninetales-Alola, F|100\/100\n|switch|p2a: Ogerpon|Ogerpon-Hearthflame, F|100\/100\n|-ability|p2a: Ogerpon|Mold Breaker\n|-weather|Snow|[from] ability: Snow Warning|[of] p1a: Ninetales\n|turn|1\n|\n|t:|1701142037\n|move|p2a: Ogerpon|Substitute|p2a: Ogerpon\n|-start|p2a: Ogerpon|Substitute\n|-damage|p2a: Ogerpon|76\/100\n|move|p1a: Ninetales|Aurora Veil|p1a: Ninetales\n|-sidestart|p1: LITLE0|move: Aurora Veil\n|\n|-weather|Snow|[upkeep]\n|upkeep\n|turn|2\n|\n|t:|1701142042\n|switch|p1a: Baxcalibur|Baxcalibur, M|100\/100\n|move|p2a: Ogerpon|Swords Dance|p2a: Ogerpon\n|-boost|p2a: Ogerpon|atk|2\n|\n|-weather|Snow|[upkeep]\n|upkeep\n|turn|3\n|\n|t:|1701142052\n|move|p2a: Ogerpon|Swords Dance|p2a: Ogerpon\n|-boost|p2a: Ogerpon|atk|2\n|move|p1a: Baxcalibur|Icicle Spear|p2a: Ogerpon\n|-activate|p2a: Ogerpon|move: Substitute|[damage]\n|-end|p2a: Ogerpon|Substitute\n|-damage|p2a: Ogerpon|56\/100\n|-damage|p2a: Ogerpon|36\/100\n|-hitcount|p2a: Ogerpon|4\n|\n|-weather|Snow|[upkeep]\n|upkeep\n|turn|4\n|\n|t:|1701142064\n|-terastallize|p2a: Ogerpon|Fire\n|detailschange|p2a: Ogerpon|Ogerpon-Hearthflame-Tera, F, tera:Fire\n|-ability|p2a: Ogerpon|Embody Aspect (Hearthflame)|boost\n|-boost|p2a: Ogerpon|atk|1\n|move|p2a: Ogerpon|Ivy Cudgel|p1a: Baxcalibur|[anim] Ivy Cudgel Fire\n|-damage|p1a: Baxcalibur|8\/100\n|-ability|p1a: Baxcalibur|Thermal Exchange|boost\n|-boost|p1a: Baxcalibur|atk|1\n|move|p1a: Baxcalibur|Scale Shot|p2a: Ogerpon\n|-damage|p2a: Ogerpon|9\/100\n|-damage|p2a: Ogerpon|0 fnt\n|faint|p2a: Ogerpon\n|-hitcount|p2: Ogerpon|2\n|-unboost|p1a: Baxcalibur|def|1\n|-boost|p1a: Baxcalibur|spe|1\n|\n|-weather|Snow|[upkeep]\n|upkeep\n|c|\u2606professional asian|bruh\n|c|\u2606LITLE0|bulk\n|c|\u2606LITLE0|:)\n|\n|t:|1701142082\n|switch|p2a: Indeedee|Indeedee, M|100\/100\n|-fieldstart|move: Psychic Terrain|[from] ability: Psychic Surge|[of] p2a: Indeedee\n|turn|5\n|\n|t:|1701142092\n|move|p2a: Indeedee|Psychic|p1a: Baxcalibur\n|-damage|p1a: Baxcalibur|0 fnt\n|faint|p1a: Baxcalibur\n|\n|-weather|none\n|upkeep\n|c|\u2606LITLE0|what\n|\n|t:|1701142104\n|switch|p1a: Corviknight|Corviknight, M|100\/100\n|turn|6\n|c|\u2606professional asian|scarf\n|c|\u2606LITLE0|ohhh\n|\n|t:|1701142113\n|switch|p2a: Regieleki|Regieleki|100\/100\n|move|p1a: Corviknight|Brave Bird|p2a: Regieleki\n|-resisted|p2a: Regieleki\n|-damage|p2a: Regieleki|64\/100\n|-damage|p1a: Corviknight|91\/100|[from] Recoil\n|\n|-heal|p1a: Corviknight|98\/100|[from] item: Leftovers\n|upkeep\n|turn|7\n|\n|t:|1701142123\n|switch|p1a: Sinistcha|Sinistcha|100\/100\n|move|p2a: Regieleki|Volt Switch|p1a: Sinistcha\n|-resisted|p1a: Sinistcha\n|-damage|p1a: Sinistcha|86\/100\n|\n|t:|1701142130\n|switch|p2a: Indeedee|Indeedee, M|100\/100|[from] Volt Switch\n|\n|upkeep\n|turn|8\n|\n|t:|1701142136\n|move|p2a: Indeedee|Shadow Ball|p1a: Sinistcha\n|-supereffective|p1a: Sinistcha\n|-damage|p1a: Sinistcha|51\/100\n|move|p1a: Sinistcha|Matcha Gotcha|p2a: Indeedee|[miss]\n|-miss|p1a: Sinistcha|p2a: Indeedee\n|\n|-sideend|p1: LITLE0|move: Aurora Veil\n|upkeep\n|turn|9\n|c|\u2606professional asian|how\n|c|\u2606professional asian|its so bulky\n|\n|t:|1701142145\n|move|p2a: Indeedee|Shadow Ball|p1a: Sinistcha\n|-supereffective|p1a: Sinistcha\n|-damage|p1a: Sinistcha|0 fnt\n|faint|p1a: Sinistcha\n|\n|-fieldend|move: Psychic Terrain\n|upkeep\n|c|\u2606professional asian|oh\n|\n|t:|1701142150\n|switch|p1a: Palafin|Palafin, M|100\/100\n|turn|10\n|c|\u2606professional asian|right\n|c|\u2606professional asian|aurora\n|\n|t:|1701142157\n|detailschange|p1a: Palafin|Palafin-Hero, M\n|switch|p1a: Corviknight|Corviknight, M|98\/100\n|move|p2a: Indeedee|Shadow Ball|p1a: Corviknight\n|-crit|p1a: Corviknight\n|-damage|p1a: Corviknight|61\/100\n|\n|-heal|p1a: Corviknight|67\/100|[from] item: Leftovers\n|upkeep\n|turn|11\n|c|\u2606LITLE0|yea\n|\n|t:|1701142166\n|switch|p2a: Regieleki|Regieleki|64\/100\n|move|p1a: Corviknight|U-turn|p2a: Regieleki\n|-damage|p2a: Regieleki|35\/100\n|\n|t:|1701142171\n|switch|p1a: Palafin|Palafin-Hero, M|100\/100|[from] U-turn\n|-activate|p1a: Palafin|ability: Zero to Hero\n|\n|upkeep\n|turn|12\n|\n|t:|1701142176\n|switch|p2a: Indeedee|Indeedee, M|100\/100\n|-fieldstart|move: Psychic Terrain|[from] ability: Psychic Surge|[of] p2a: Indeedee\n|move|p1a: Palafin|Jet Punch|p2a: Indeedee\n|-activate|p2a: Indeedee|move: Psychic Terrain\n|\n|upkeep\n|turn|13\n|\n|t:|1701142184\n|switch|p1a: Corviknight|Corviknight, M|67\/100\n|move|p2a: Indeedee|Energy Ball|p1a: Corviknight\n|-resisted|p1a: Corviknight\n|-damage|p1a: Corviknight|61\/100\n|\n|-heal|p1a: Corviknight|67\/100|[from] item: Leftovers\n|upkeep\n|turn|14\n|\n|t:|1701142196\n|switch|p2a: Zacian|Zacian-Crowned|100\/100\n|-ability|p2a: Zacian|Intrepid Sword|boost\n|-boost|p2a: Zacian|atk|1\n|move|p1a: Corviknight|U-turn|p2a: Zacian\n|-resisted|p2a: Zacian\n|-damage|p2a: Zacian|97\/100\n|\n|t:|1701142204\n|switch|p1a: Clodsire|Clodsire, M|100\/100|[from] U-turn\n|\n|upkeep\n|turn|15\n|\n|t:|1701142210\n|move|p2a: Zacian|Behemoth Blade|p1a: Clodsire\n|-damage|p1a: Clodsire|41\/100\n|move|p1a: Clodsire|Haze|p1a: Clodsire\n|-clearallboost\n|\n|-heal|p1a: Clodsire|47\/100|[from] item: Leftovers\n|upkeep\n|turn|16\n|\n|t:|1701142217\n|switch|p1a: Corviknight|Corviknight, M|67\/100\n|move|p2a: Zacian|Behemoth Blade|p1a: Corviknight\n|-resisted|p1a: Corviknight\n|-damage|p1a: Corviknight|51\/100\n|\n|-heal|p1a: Corviknight|57\/100|[from] item: Leftovers\n|-fieldend|move: Psychic Terrain\n|upkeep\n|turn|17\n|c|\u2606professional asian|smart\n|c|\u2606LITLE0|thanks\n|\n|t:|1701142229\n|move|p2a: Zacian|Sacred Sword|p1a: Corviknight\n|-damage|p1a: Corviknight|35\/100\n|move|p1a: Corviknight|Roost|p1a: Corviknight\n|-heal|p1a: Corviknight|85\/100\n|-singleturn|p1a: Corviknight|move: Roost\n|\n|-heal|p1a: Corviknight|91\/100|[from] item: Leftovers\n|upkeep\n|turn|18\n|\n|t:|1701142242\n|move|p2a: Zacian|Sacred Sword|p1a: Corviknight\n|-damage|p1a: Corviknight|71\/100\n|move|p1a: Corviknight|U-turn|p2a: Zacian\n|-resisted|p2a: Zacian\n|-damage|p2a: Zacian|94\/100\n|\n|t:|1701142244\n|switch|p1a: Palafin|Palafin-Hero, M|100\/100|[from] U-turn\n|\n|upkeep\n|turn|19\n|\n|t:|1701142253\n|-terastallize|p1a: Palafin|Water\n|move|p1a: Palafin|Jet Punch|p2a: Zacian\n|-damage|p2a: Zacian|16\/100\n|move|p2a: Zacian|Play Rough|p1a: Palafin\n|-damage|p1a: Palafin|47\/100\n|\n|upkeep\n|turn|20\n|\n|t:|1701142260\n|switch|p2a: Indeedee|Indeedee, M|100\/100\n|-fieldstart|move: Psychic Terrain|[from] ability: Psychic Surge|[of] p2a: Indeedee\n|move|p1a: Palafin|Jet Punch|p2a: Indeedee\n|-activate|p2a: Indeedee|move: Psychic Terrain\n|\n|upkeep\n|turn|21\n|\n|t:|1701142271\n|switch|p2a: Regieleki|Regieleki|35\/100\n|switch|p1a: Corviknight|Corviknight, M|71\/100\n|\n|-heal|p1a: Corviknight|78\/100|[from] item: Leftovers\n|upkeep\n|turn|22\n|c|\u2606professional asian|yoooo\n|c|\u2606professional asian|les go\n|\n|t:|1701142281\n|switch|p1a: Clodsire|Clodsire, M|47\/100\n|move|p2a: Regieleki|Volt Switch|p1a: Clodsire\n|-immune|p1a: Clodsire\n|\n|-heal|p1a: Clodsire|54\/100|[from] item: Leftovers\n|upkeep\n|turn|23\n|\n|t:|1701142292\n|switch|p2a: Zacian|Zacian-Crowned|16\/100\n|switch|p1a: Ninetales|Ninetales-Alola, F|100\/100\n|-weather|Snow|[from] ability: Snow Warning|[of] p1a: Ninetales\n|\n|-weather|Snow|[upkeep]\n|upkeep\n|turn|24\n|\n|t:|1701142299\n|switch|p1a: Corviknight|Corviknight, M|78\/100\n|move|p2a: Zacian|Behemoth Blade|p1a: Corviknight\n|-resisted|p1a: Corviknight\n|-damage|p1a: Corviknight|62\/100\n|\n|-weather|Snow|[upkeep]\n|-heal|p1a: Corviknight|68\/100|[from] item: Leftovers\n|-fieldend|move: Psychic Terrain\n|upkeep\n|turn|25\n|\n|t:|1701142308\n|switch|p2a: Ribombee|Ribombee, M|100\/100\n|move|p1a: Corviknight|Roost|p1a: Corviknight\n|-heal|p1a: Corviknight|100\/100\n|-singleturn|p1a: Corviknight|move: Roost\n|\n|-weather|Snow|[upkeep]\n|upkeep\n|turn|26\n|\n|t:|1701142316\n|move|p2a: Ribombee|Stun Spore|p1a: Corviknight\n|-status|p1a: Corviknight|par\n|move|p1a: Corviknight|Brave Bird|p2a: Ribombee\n|-supereffective|p2a: Ribombee\n|-enditem|p2a: Ribombee|Focus Sash\n|-damage|p2a: Ribombee|1\/100\n|-damage|p1a: Corviknight|79\/100 par|[from] Recoil\n|\n|-weather|Snow|[upkeep]\n|-heal|p1a: Corviknight|85\/100 par|[from] item: Leftovers\n|upkeep\n|turn|27\n|\n|t:|1701142327\n|switch|p1a: Palafin|Palafin-Hero, M, tera:Water|47\/100\n|move|p2a: Ribombee|Sticky Web|p1a: Palafin\n|-sidestart|p1: LITLE0|move: Sticky Web\n|\n|-weather|none\n|upkeep\n|turn|28\n|\n|t:|1701142334\n|move|p1a: Palafin|Jet Punch|p2a: Ribombee\n|-damage|p2a: Ribombee|0 fnt\n|faint|p2a: Ribombee\n|\n|upkeep\n|\n|t:|1701142338\n|switch|p2a: Indeedee|Indeedee, M|100\/100\n|-fieldstart|move: Psychic Terrain|[from] ability: Psychic Surge|[of] p2a: Indeedee\n|turn|29\n|\n|t:|1701142345\n|switch|p2a: Regieleki|Regieleki|35\/100\n|switch|p1a: Clodsire|Clodsire, M|54\/100\n|-activate|p1a: Clodsire|move: Sticky Web\n|-unboost|p1a: Clodsire|spe|1\n|\n|-heal|p1a: Clodsire|60\/100|[from] item: Leftovers\n|upkeep\n|turn|30\n|\n|t:|1701142358\n|switch|p2a: Zacian|Zacian-Crowned|16\/100\n|move|p1a: Clodsire|Recover|p1a: Clodsire\n|-heal|p1a: Clodsire|100\/100\n|\n|upkeep\n|turn|31\n|c|\u2606professional asian|nooooooo\n|\n|t:|1701142363\n|move|p2a: Zacian|Behemoth Blade|p1a: Clodsire\n|-damage|p1a: Clodsire|35\/100\n|move|p1a: Clodsire|Earthquake|p2a: Zacian\n|-supereffective|p2a: Zacian\n|-damage|p2a: Zacian|0 fnt\n|faint|p2a: Zacian\n|\n|-heal|p1a: Clodsire|41\/100|[from] item: Leftovers\n|upkeep\n|c|\u2606LITLE0|yesss\n|\n|t:|1701142373\n|switch|p2a: Indeedee|Indeedee, M|100\/100\n|turn|32\n|\n|t:|1701142376\n|switch|p1a: Corviknight|Corviknight, M|85\/100 par\n|move|p2a: Indeedee|Psychic|p1a: Corviknight\n|-resisted|p1a: Corviknight\n|-damage|p1a: Corviknight|61\/100 par\n|\n|-heal|p1a: Corviknight|68\/100 par|[from] item: Leftovers\n|upkeep\n|turn|33\n|c|\u2606professional asian|that corvi bro\n|\n|t:|1701142389\n|switch|p2a: Sneasler|Sneasler, M|100\/100\n|-enditem|p2a: Sneasler|Psychic Seed\n|-boost|p2a: Sneasler|spd|1|[from] item: Psychic Seed\n|cant|p1a: Corviknight|par\n|\n|-heal|p1a: Corviknight|74\/100 par|[from] item: Leftovers\n|-fieldend|move: Psychic Terrain\n|upkeep\n|turn|34\n|\n|t:|1701142400\n|move|p2a: Sneasler|Swords Dance|p2a: Sneasler\n|-boost|p2a: Sneasler|atk|2\n|move|p1a: Corviknight|Brave Bird|p2a: Sneasler\n|-supereffective|p2a: Sneasler\n|-damage|p2a: Sneasler|0 fnt\n|faint|p2a: Sneasler\n|-damage|p1a: Corviknight|49\/100 par|[from] Recoil\n|\n|-heal|p1a: Corviknight|56\/100 par|[from] item: Leftovers\n|upkeep\n|-message|professional asian forfeited.\n|\n|win|LITLE0\n|raw|LITLE0's rating: 1129 &rarr; <strong>1156<\/strong><br \/>(+27 for winning)\n|raw|professional asian's rating: 1157 &rarr; <strong>1130<\/strong><br \/>(-27 for losing)\n|l|\u2606professional asian\n|c|\u2606LITLE0|wow what a comeback\n","uploadtime":1701142417,"views":2,"p1id":"litle0","p2id":"professionalasian","formatid":"gen9ubers","rating":1130,"private":0,"password":""}