{"id":"gen9ubers-1991594557","p1":"Chris webbers","p2":"Big_m8_","format":"[Gen 9] Ubers","log":"|j|\u2606Chris webbers\n|j|\u2606Big_m8_\n|t:|1700092147\n|gametype|singles\n|player|p1|Chris webbers|lucas|\n|player|p2|Big_m8_|hiker-gen4|\n|teamsize|p1|6\n|teamsize|p2|6\n|gen|9\n|tier|[Gen 9] Ubers\n|rated|Tournament battle\n|rule|Sleep Clause Mod: Limit one foe put to sleep\n|rule|Species Clause: Limit one of each Pok\u00e9mon\n|rule|OHKO Clause: OHKO moves are banned\n|rule|Evasion Items Clause: Evasion items are banned\n|rule|Evasion Moves Clause: Evasion moves are banned\n|rule|Endless Battle Clause: Forcing endless battles is banned\n|rule|HP Percentage Mod: HP is shown in percentages\n|clearpoke\n|poke|p1|Miraidon|\n|poke|p1|Groudon|\n|poke|p1|Giratina-Origin|\n|poke|p1|Iron Bundle|\n|poke|p1|Clodsire, F|\n|poke|p1|Arceus-Fairy|\n|poke|p2|Grimmsnarl, M|\n|poke|p2|Koraidon|\n|poke|p2|Arceus|\n|poke|p2|Flutter Mane|\n|poke|p2|Zacian-*|\n|poke|p2|Calyrex-Ice|\n|teampreview\n|inactive|Battle timer is ON: inactive players will automatically lose when time's up. (requested by Chris webbers)\n|\n|t:|1700092157\n|start\n|switch|p1a: Arceus|Arceus-Fairy|100\/100\n|switch|p2a: Grimmsnarl|Grimmsnarl, M|100\/100\n|turn|1\n|\n|t:|1700092160\n|move|p2a: Grimmsnarl|Light Screen|p2a: Grimmsnarl\n|-sidestart|p2: Big_m8_|move: Light Screen\n|move|p1a: Arceus|Taunt|p2a: Grimmsnarl\n|-start|p2a: Grimmsnarl|move: Taunt\n|\n|upkeep\n|turn|2\n|\n|t:|1700092181\n|switch|p1a: Groudon|Groudon|100\/100\n|-weather|SunnyDay|[from] ability: Drought|[of] p1a: Groudon\n|switch|p2a: Zacian|Zacian-Crowned|100\/100\n|-ability|p2a: Zacian|Intrepid Sword|boost\n|-boost|p2a: Zacian|atk|1\n|\n|-weather|SunnyDay|[upkeep]\n|upkeep\n|turn|3\n|c|\u2606Big_m8_|nice\n|inactive|Big_m8_ has 120 seconds left.\n|\n|t:|1700092203\n|switch|p2a: Grimmsnarl|Grimmsnarl, M|100\/100\n|move|p1a: Groudon|Will-O-Wisp|p2a: Grimmsnarl\n|-status|p2a: Grimmsnarl|brn\n|\n|-weather|SunnyDay|[upkeep]\n|-damage|p2a: Grimmsnarl|94\/100 brn|[from] brn\n|upkeep\n|turn|4\n|\n|t:|1700092206\n|move|p2a: Grimmsnarl|Reflect|p2a: Grimmsnarl\n|-sidestart|p2: Big_m8_|Reflect\n|move|p1a: Groudon|Spikes|p2a: Grimmsnarl\n|-sidestart|p2: Big_m8_|Spikes\n|\n|-weather|SunnyDay|[upkeep]\n|-damage|p2a: Grimmsnarl|88\/100 brn|[from] brn\n|upkeep\n|turn|5\n|\n|t:|1700092210\n|move|p1a: Groudon|Spikes|p2a: Grimmsnarl\n|-sidestart|p2: Big_m8_|Spikes\n|move|p2a: Grimmsnarl|Spirit Break|p1a: Groudon\n|-damage|p1a: Groudon|94\/100\n|-unboost|p1a: Groudon|spa|1\n|\n|-weather|SunnyDay|[upkeep]\n|-heal|p1a: Groudon|99\/100|[from] item: Leftovers\n|-damage|p2a: Grimmsnarl|82\/100 brn|[from] brn\n|upkeep\n|turn|6\n|\n|t:|1700092229\n|switch|p2a: Calyrex|Calyrex-Ice|100\/100\n|-ability|p2a: Calyrex|As One\n|-ability|p2a: Calyrex|Unnerve\n|move|p1a: Groudon|Spikes|p2a: Calyrex\n|-sidestart|p2: Big_m8_|Spikes\n|\n|-weather|none\n|-heal|p1a: Groudon|100\/100|[from] item: Leftovers\n|upkeep\n|turn|7\n|\n|t:|1700092235\n|-terastallize|p1a: Groudon|Fire\n|move|p1a: Groudon|Will-O-Wisp|p2a: Calyrex|[miss]\n|-miss|p1a: Groudon|p2a: Calyrex\n|move|p2a: Calyrex|Glacial Lance|p1a: Groudon\n|-resisted|p1a: Groudon\n|-damage|p1a: Groudon|80\/100\n|\n|-heal|p1a: Groudon|86\/100|[from] item: Leftovers\n|upkeep\n|turn|8\n|\n|t:|1700092239\n|move|p1a: Groudon|Will-O-Wisp|p2a: Calyrex\n|-status|p2a: Calyrex|brn\n|move|p2a: Calyrex|High Horsepower|p1a: Groudon\n|-supereffective|p1a: Groudon\n|-damage|p1a: Groudon|63\/100\n|\n|-heal|p1a: Groudon|70\/100|[from] item: Leftovers\n|-damage|p2a: Calyrex|94\/100 brn|[from] brn\n|-sideend|p2: Big_m8_|move: Light Screen\n|upkeep\n|turn|9\n|\n|t:|1700092243\n|switch|p1a: Arceus|Arceus-Fairy|100\/100\n|move|p2a: Calyrex|Trick Room|p2a: Calyrex\n|-fieldstart|move: Trick Room|[of] p2a: Calyrex\n|\n|-damage|p2a: Calyrex|88\/100 brn|[from] brn\n|upkeep\n|turn|10\n|\n|t:|1700092248\n|move|p2a: Calyrex|Swords Dance|p2a: Calyrex\n|-boost|p2a: Calyrex|atk|2\n|move|p1a: Arceus|Judgment|p2a: Calyrex\n|-damage|p2a: Calyrex|55\/100 brn\n|\n|-damage|p2a: Calyrex|49\/100 brn|[from] brn\n|upkeep\n|turn|11\n|\n|t:|1700092275\n|switch|p2a: Zacian|Zacian-Crowned|100\/100\n|-damage|p2a: Zacian|76\/100|[from] Spikes\n|move|p1a: Arceus|Judgment|p2a: Zacian\n|-resisted|p2a: Zacian\n|-damage|p2a: Zacian|54\/100\n|\n|-sideend|p2: Big_m8_|Reflect\n|upkeep\n|turn|12\n|\n|t:|1700092279\n|switch|p1a: Groudon|Groudon, tera:Fire|70\/100\n|-weather|SunnyDay|[from] ability: Drought|[of] p1a: Groudon\n|move|p2a: Zacian|Behemoth Blade|p1a: Groudon\n|-resisted|p1a: Groudon\n|-damage|p1a: Groudon|55\/100\n|\n|-weather|SunnyDay|[upkeep]\n|-heal|p1a: Groudon|61\/100|[from] item: Leftovers\n|upkeep\n|turn|13\n|\n|t:|1700092281\n|move|p1a: Groudon|Will-O-Wisp|p2a: Zacian\n|-status|p2a: Zacian|brn\n|move|p2a: Zacian|Play Rough|p1a: Groudon\n|-resisted|p1a: Groudon\n|-damage|p1a: Groudon|55\/100\n|-unboost|p1a: Groudon|atk|1\n|\n|-weather|SunnyDay|[upkeep]\n|-heal|p1a: Groudon|61\/100|[from] item: Leftovers\n|-damage|p2a: Zacian|48\/100 brn|[from] brn\n|-fieldend|move: Trick Room\n|upkeep\n|turn|14\n|c|\u2606Big_m8_|ah nice\n|\n|t:|1700092294\n|switch|p2a: Koraidon|Koraidon|100\/100\n|-damage|p2a: Koraidon|76\/100|[from] Spikes\n|-activate|p2a: Koraidon|ability: Orichalcum Pulse\n|move|p1a: Groudon|Precipice Blades|p2a: Koraidon\n|-crit|p2a: Koraidon\n|-damage|p2a: Koraidon|3\/100\n|\n|-weather|SunnyDay|[upkeep]\n|-heal|p1a: Groudon|68\/100|[from] item: Leftovers\n|upkeep\n|turn|15\n|c|\u2606Chris webbers|mb\n|\n|t:|1700092305\n|switch|p1a: Arceus|Arceus-Fairy|100\/100\n|move|p2a: Koraidon|Scale Shot|p1a: Arceus\n|-immune|p1a: Arceus\n|\n|-weather|SunnyDay|[upkeep]\n|upkeep\n|turn|16\n|\n|t:|1700092314\n|move|p2a: Koraidon|Taunt|p1a: Arceus\n|-start|p1a: Arceus|move: Taunt\n|move|p1a: Arceus|Judgment|p2a: Koraidon\n|-supereffective|p2a: Koraidon\n|-damage|p2a: Koraidon|0 fnt\n|faint|p2a: Koraidon\n|\n|-weather|none\n|upkeep\n|\n|t:|1700092319\n|switch|p2a: Flutter Mane|Flutter Mane|100\/100\n|-damage|p2a: Flutter Mane|76\/100|[from] Spikes\n|turn|17\n|\n|t:|1700092324\n|switch|p1a: Clodsire|Clodsire, F|100\/100\n|move|p2a: Flutter Mane|Shadow Ball|p1a: Clodsire\n|-damage|p1a: Clodsire|71\/100\n|-damage|p2a: Flutter Mane|66\/100|[from] item: Life Orb\n|\n|-heal|p1a: Clodsire|77\/100|[from] item: Leftovers\n|upkeep\n|turn|18\n|\n|t:|1700092328\n|move|p2a: Flutter Mane|Psyshock|p1a: Clodsire\n|-supereffective|p1a: Clodsire\n|-damage|p1a: Clodsire|0 fnt\n|faint|p1a: Clodsire\n|-damage|p2a: Flutter Mane|56\/100|[from] item: Life Orb\n|\n|upkeep\n|\n|t:|1700092332\n|switch|p1a: Iron Bundle|Iron Bundle|100\/100\n|turn|19\n|\n|t:|1700092343\n|move|p1a: Iron Bundle|Ice Beam|p2a: Flutter Mane\n|-damage|p2a: Flutter Mane|0 fnt\n|faint|p2a: Flutter Mane\n|-end|p2a: Flutter Mane|Protosynthesis|[silent]\n|\n|upkeep\n|\n|t:|1700092351\n|switch|p2a: Arceus|Arceus|100\/100\n|-damage|p2a: Arceus|75\/100|[from] Spikes\n|turn|20\n|\n|t:|1700092376\n|move|p1a: Iron Bundle|Ice Beam|p2a: Arceus\n|-damage|p2a: Arceus|29\/100\n|-status|p2a: Arceus|frz\n|cant|p2a: Arceus|frz\n|\n|upkeep\n|turn|21\n|c|\u2606Chris webbers|mb\n|c|\u2606Big_m8_|ahh\n|c|\u2606Chris webbers|were u ekiller?\n|c|\u2606Big_m8_|ya\n|\n|t:|1700092404\n|switch|p2a: Calyrex|Calyrex-Ice|49\/100 brn\n|-ability|p2a: Calyrex|As One\n|-ability|p2a: Calyrex|Unnerve\n|move|p1a: Iron Bundle|Ice Beam|p2a: Calyrex\n|-resisted|p2a: Calyrex\n|-damage|p2a: Calyrex|27\/100 brn\n|\n|-damage|p2a: Calyrex|21\/100 brn|[from] brn\n|upkeep\n|turn|22\n|c|\u2606Chris webbers|ohh damn, idk if it changes the outcome but yea that sucks a bit\n|\n|t:|1700092422\n|move|p1a: Iron Bundle|Ice Beam|p2a: Calyrex\n|-resisted|p2a: Calyrex\n|-damage|p2a: Calyrex|0 fnt\n|faint|p2a: Calyrex\n|\n|upkeep\n|c|\u2606Big_m8_|I was hoping you switch to ghost type\n|\n|t:|1700092428\n|switch|p2a: Grimmsnarl|Grimmsnarl, M|82\/100 brn\n|-damage|p2a: Grimmsnarl|57\/100 brn|[from] Spikes\n|turn|23\n|c|\u2606Chris webbers|nah\n|c|\u2606Chris webbers|i seen ur team and i seen how weak it was to tfire groudon\n|c|\u2606Chris webbers|so i wanted to get that goin early\n|\n|t:|1700092448\n|move|p2a: Grimmsnarl|Light Screen|p2a: Grimmsnarl\n|-sidestart|p2: Big_m8_|move: Light Screen\n|move|p1a: Iron Bundle|Ice Beam|p2a: Grimmsnarl\n|-damage|p2a: Grimmsnarl|31\/100 brn\n|\n|-damage|p2a: Grimmsnarl|24\/100 brn|[from] brn\n|upkeep\n|turn|24\n|c|\u2606Big_m8_|wrd that's cool mane I just started playing this meta bc ou is trash\n|\n|t:|1700092470\n|move|p1a: Iron Bundle|Ice Beam|p2a: Grimmsnarl\n|-damage|p2a: Grimmsnarl|1\/100 brn\n|move|p2a: Grimmsnarl|Spirit Break|p1a: Iron Bundle\n|-damage|p1a: Iron Bundle|84\/100\n|-unboost|p1a: Iron Bundle|spa|1\n|\n|-damage|p2a: Grimmsnarl|0 fnt|[from] brn\n|faint|p2a: Grimmsnarl\n|upkeep\n|\n|t:|1700092474\n|switch|p2a: Arceus|Arceus|29\/100 frz\n|-damage|p2a: Arceus|4\/100 frz|[from] Spikes\n|turn|25\n|\n|t:|1700092478\n|cant|p2a: Arceus|frz\n|move|p1a: Iron Bundle|Ice Beam|p2a: Arceus\n|-damage|p2a: Arceus|0 fnt\n|faint|p2a: Arceus\n|\n|upkeep\n|\n|t:|1700092480\n|switch|p2a: Zacian|Zacian-Crowned|48\/100 brn\n|-damage|p2a: Zacian|23\/100 brn|[from] Spikes\n|turn|26\n|c|\u2606Chris webbers|haha\n|c|\u2606Chris webbers|whats ur ladder peak?\n|\n|t:|1700092488\n|-end|p1a: Iron Bundle|Quark Drive|[silent]\n|switch|p1a: Groudon|Groudon, tera:Fire|68\/100\n|-weather|SunnyDay|[from] ability: Drought|[of] p1a: Groudon\n|move|p2a: Zacian|Behemoth Blade|p1a: Groudon\n|-resisted|p1a: Groudon\n|-damage|p1a: Groudon|60\/100\n|\n|-weather|SunnyDay|[upkeep]\n|-heal|p1a: Groudon|66\/100|[from] item: Leftovers\n|-damage|p2a: Zacian|16\/100 brn|[from] brn\n|upkeep\n|turn|27\n|c|\u2606Big_m8_|like nothing\n|\n|t:|1700092499\n|move|p2a: Zacian|Play Rough|p1a: Groudon\n|-resisted|p1a: Groudon\n|-damage|p1a: Groudon|60\/100\n|move|p1a: Groudon|Precipice Blades|p2a: Zacian\n|-supereffective|p2a: Zacian\n|-damage|p2a: Zacian|0 fnt\n|faint|p2a: Zacian\n|\n|win|Chris webbers\n|n|\u2606Chris webbers|chriswebbers\n|n|\u2606Big_m8_|bigm8\n","uploadtime":1700092500,"views":5,"p1id":"chriswebbers","p2id":"bigm8","formatid":"gen9ubers","rating":0,"private":0,"password":""}