{"id":"gen9ubers-1986276052","p1":"AlicieLizzie","p2":"Laprasrules12","format":"[Gen 9] Ubers","log":"|j|\u2606AlicieLizzie\n|j|\u2606Laprasrules12\n|t:|1699465448\n|gametype|singles\n|player|p1|AlicieLizzie|marnie-masters3|\n|player|p2|Laprasrules12|lusamine-nihilego|\n|teamsize|p1|6\n|teamsize|p2|6\n|gen|9\n|tier|[Gen 9] Ubers\n|rule|Sleep Clause Mod: Limit one foe put to sleep\n|rule|Species Clause: Limit one of each Pok\u00e9mon\n|rule|OHKO Clause: OHKO moves are banned\n|rule|Evasion Items Clause: Evasion items are banned\n|rule|Evasion Moves Clause: Evasion moves are banned\n|rule|Endless Battle Clause: Forcing endless battles is banned\n|rule|HP Percentage Mod: HP is shown in percentages\n|clearpoke\n|poke|p1|Charizard, F|\n|poke|p1|Torkoal, F|\n|poke|p1|Roaring Moon|\n|poke|p1|Arceus-Ghost|\n|poke|p1|Lilligant-Hisui, F|\n|poke|p1|Walking Wake|\n|poke|p2|Arceus-Fighting|\n|poke|p2|Espathra, M|\n|poke|p2|Zacian-*|\n|poke|p2|Palkia-Origin|\n|poke|p2|Cyclizar, F|\n|poke|p2|Magearna-Original|\n|teampreview\n|inactive|Battle timer is ON: inactive players will automatically lose when time's up. (requested by AlicieLizzie)\n|inactive|Laprasrules12 also wants the timer to be on.\n|c|\u2606Laprasrules12|LESBAIN?\n|\n|t:|1699465458\n|start\n|switch|p1a: The Sun|Torkoal, F|100\/100\n|switch|p2a: Say Gex|Cyclizar, F, shiny|100\/100\n|-weather|SunnyDay|[from] ability: Drought|[of] p1a: The Sun\n|turn|1\n|\n|t:|1699465464\n|move|p2a: Say Gex|Shed Tail|p2a: Say Gex\n|-start|p2a: Say Gex|Substitute|[from] move: Shed Tail\n|-damage|p2a: Say Gex|50\/100\n|\n|t:|1699465466\n|switch|p2a: Cleopatra|Espathra, M, shiny|100\/100|[from] Shed Tail\n|move|p1a: The Sun|Stealth Rock|p2a: Cleopatra\n|-sidestart|p2: Laprasrules12|move: Stealth Rock\n|\n|-weather|SunnyDay|[upkeep]\n|upkeep\n|turn|2\n|\n|t:|1699465476\n|switch|p1a: Magician\u2019s Red|Charizard, F|100\/100\n|move|p2a: Cleopatra|Protect||[still]\n|-fail|p2a: Cleopatra\n|\n|-weather|SunnyDay|[upkeep]\n|-damage|p1a: Magician\u2019s Red|88\/100|[from] ability: Solar Power|[of] p1a: Magician\u2019s Red\n|-ability|p2a: Cleopatra|Speed Boost|boost\n|-boost|p2a: Cleopatra|spe|1\n|upkeep\n|turn|3\n|\n|t:|1699465480\n|move|p2a: Cleopatra|Protect|p2a: Cleopatra\n|-singleturn|p2a: Cleopatra|Protect\n|move|p1a: Magician\u2019s Red|Air Slash|p2a: Cleopatra\n|-activate|p2a: Cleopatra|move: Protect\n|\n|-weather|SunnyDay|[upkeep]\n|-damage|p1a: Magician\u2019s Red|76\/100|[from] ability: Solar Power|[of] p1a: Magician\u2019s Red\n|-ability|p2a: Cleopatra|Speed Boost|boost\n|-boost|p2a: Cleopatra|spe|1\n|upkeep\n|turn|4\n|\n|t:|1699465483\n|move|p2a: Cleopatra|Calm Mind|p2a: Cleopatra\n|-boost|p2a: Cleopatra|spa|1\n|-boost|p2a: Cleopatra|spd|1\n|move|p1a: Magician\u2019s Red|Air Slash|p2a: Cleopatra\n|-end|p2a: Cleopatra|Substitute\n|\n|-weather|SunnyDay|[upkeep]\n|-damage|p1a: Magician\u2019s Red|63\/100|[from] ability: Solar Power|[of] p1a: Magician\u2019s Red\n|-ability|p2a: Cleopatra|Speed Boost|boost\n|-boost|p2a: Cleopatra|spe|1\n|upkeep\n|turn|5\n|\n|t:|1699465485\n|move|p2a: Cleopatra|Protect|p2a: Cleopatra\n|-singleturn|p2a: Cleopatra|Protect\n|move|p1a: Magician\u2019s Red|Air Slash|p2a: Cleopatra\n|-activate|p2a: Cleopatra|move: Protect\n|\n|-weather|SunnyDay|[upkeep]\n|-damage|p1a: Magician\u2019s Red|51\/100|[from] ability: Solar Power|[of] p1a: Magician\u2019s Red\n|-ability|p2a: Cleopatra|Speed Boost|boost\n|-boost|p2a: Cleopatra|spe|1\n|upkeep\n|turn|6\n|\n|t:|1699465487\n|move|p2a: Cleopatra|Stored Power|p1a: Magician\u2019s Red\n|-damage|p1a: Magician\u2019s Red|0 fnt\n|faint|p1a: Magician\u2019s Red\n|\n|-weather|SunnyDay|[upkeep]\n|-ability|p2a: Cleopatra|Speed Boost|boost\n|-boost|p2a: Cleopatra|spe|1\n|upkeep\n|\n|t:|1699465490\n|switch|p1a: Dark Blue Moon|Roaring Moon|100\/100\n|-activate|p1a: Dark Blue Moon|ability: Protosynthesis\n|-start|p1a: Dark Blue Moon|protosynthesisspe\n|turn|7\n|\n|t:|1699465492\n|move|p2a: Cleopatra|Protect|p2a: Cleopatra\n|-singleturn|p2a: Cleopatra|Protect\n|move|p1a: Dark Blue Moon|Knock Off|p2a: Cleopatra\n|-activate|p2a: Cleopatra|move: Protect\n|\n|-weather|SunnyDay|[upkeep]\n|-ability|p2a: Cleopatra|Speed Boost|boost\n|-boost|p2a: Cleopatra|spe|1\n|upkeep\n|turn|8\n|\n|t:|1699465495\n|-terastallize|p2a: Cleopatra|Fighting\n|move|p2a: Cleopatra|Tera Blast|p1a: Dark Blue Moon|[anim] Tera Blast Fighting\n|-supereffective|p1a: Dark Blue Moon\n|-damage|p1a: Dark Blue Moon|0 fnt\n|faint|p1a: Dark Blue Moon\n|-end|p1a: Dark Blue Moon|Protosynthesis|[silent]\n|\n|-weather|none\n|upkeep\n|\n|t:|1699465498\n|switch|p1a: Star Platinum|Arceus-Ghost|100\/100\n|turn|9\n|\n|t:|1699465502\n|move|p2a: Cleopatra|Protect|p2a: Cleopatra\n|-singleturn|p2a: Cleopatra|Protect\n|move|p1a: Star Platinum|Extreme Speed|p2a: Cleopatra\n|-activate|p2a: Cleopatra|move: Protect\n|\n|upkeep\n|turn|10\n|\n|t:|1699465504\n|move|p1a: Star Platinum|Extreme Speed|p2a: Cleopatra\n|-damage|p2a: Cleopatra|74\/100\n|move|p2a: Cleopatra|Stored Power|p1a: Star Platinum\n|-damage|p1a: Star Platinum|9\/100\n|\n|-heal|p2a: Cleopatra|80\/100|[from] item: Leftovers\n|upkeep\n|turn|11\n|\n|t:|1699465507\n|move|p2a: Cleopatra|Protect|p2a: Cleopatra\n|-singleturn|p2a: Cleopatra|Protect\n|move|p1a: Star Platinum|Swords Dance|p1a: Star Platinum\n|-boost|p1a: Star Platinum|atk|2\n|\n|-heal|p2a: Cleopatra|86\/100|[from] item: Leftovers\n|upkeep\n|turn|12\n|\n|t:|1699465510\n|move|p1a: Star Platinum|Extreme Speed|p2a: Cleopatra\n|-damage|p2a: Cleopatra|30\/100\n|move|p2a: Cleopatra|Stored Power|p1a: Star Platinum\n|-damage|p1a: Star Platinum|0 fnt\n|faint|p1a: Star Platinum\n|\n|-heal|p2a: Cleopatra|36\/100|[from] item: Leftovers\n|upkeep\n|\n|t:|1699465514\n|switch|p1a: The Sun|Torkoal, F|100\/100\n|-weather|SunnyDay|[from] ability: Drought|[of] p1a: The Sun\n|turn|13\n|\n|t:|1699465515\n|move|p2a: Cleopatra|Protect|p2a: Cleopatra\n|-singleturn|p2a: Cleopatra|Protect\n|move|p1a: The Sun|Yawn|p2a: Cleopatra\n|-activate|p2a: Cleopatra|move: Protect\n|\n|-weather|SunnyDay|[upkeep]\n|-heal|p2a: Cleopatra|42\/100|[from] item: Leftovers\n|upkeep\n|turn|14\n|\n|t:|1699465518\n|move|p2a: Cleopatra|Stored Power|p1a: The Sun\n|-damage|p1a: The Sun|0 fnt\n|faint|p1a: The Sun\n|\n|-weather|SunnyDay|[upkeep]\n|-heal|p2a: Cleopatra|48\/100|[from] item: Leftovers\n|upkeep\n|\n|t:|1699465520\n|switch|p1a: High Priestess|Lilligant-Hisui, F|100\/100\n|turn|15\n|\n|t:|1699465522\n|move|p2a: Cleopatra|Protect|p2a: Cleopatra\n|-singleturn|p2a: Cleopatra|Protect\n|move|p1a: High Priestess|Victory Dance|p1a: High Priestess\n|-boost|p1a: High Priestess|atk|1\n|-boost|p1a: High Priestess|def|1\n|-boost|p1a: High Priestess|spe|1\n|\n|-weather|SunnyDay|[upkeep]\n|-heal|p2a: Cleopatra|54\/100|[from] item: Leftovers\n|upkeep\n|turn|16\n|\n|t:|1699465526\n|-terastallize|p1a: High Priestess|Fire\n|move|p2a: Cleopatra|Stored Power|p1a: High Priestess\n|-enditem|p1a: High Priestess|Focus Sash\n|-damage|p1a: High Priestess|1\/100\n|move|p1a: High Priestess|Tera Blast|p2a: Cleopatra|[anim] Tera Blast Fire\n|-damage|p2a: Cleopatra|0 fnt\n|faint|p2a: Cleopatra\n|\n|-weather|SunnyDay|[upkeep]\n|upkeep\n|c|\u2606Laprasrules12|Uh oh\n|\n|t:|1699465539\n|switch|p2a: Kratos|Arceus-Fighting, shiny|100\/100\n|-damage|p2a: Kratos|94\/100|[from] Stealth Rock\n|turn|17\n|\n|t:|1699465544\n|move|p1a: High Priestess|Solar Blade||[still]\n|-prepare|p1a: High Priestess|Solar Blade\n|-anim|p1a: High Priestess|Solar Blade|p2a: Kratos\n|-damage|p2a: Kratos|46\/100\n|move|p2a: Kratos|Body Press|p1a: High Priestess\n|-damage|p1a: High Priestess|0 fnt\n|faint|p1a: High Priestess\n|\n|-weather|SunnyDay|[upkeep]\n|upkeep\n|\n|t:|1699465547\n|switch|p1a: Strength|Walking Wake|100\/100\n|-activate|p1a: Strength|ability: Protosynthesis\n|-start|p1a: Strength|protosynthesisspe\n|turn|18\n|c|\u2606Laprasrules12|Never mind\n|\n|t:|1699465553\n|move|p1a: Strength|Hydro Steam|p2a: Kratos\n|-damage|p2a: Kratos|0 fnt\n|faint|p2a: Kratos\n|\n|-weather|SunnyDay|[upkeep]\n|upkeep\n|\n|t:|1699465555\n|switch|p2a: Pok\u00e9ball|Magearna-Original|100\/100\n|-damage|p2a: Pok\u00e9ball|94\/100|[from] Stealth Rock\n|turn|19\n|\n|t:|1699465557\n|move|p1a: Strength|Hydro Steam|p2a: Pok\u00e9ball\n|-crit|p2a: Pok\u00e9ball\n|-damage|p2a: Pok\u00e9ball|16\/100\n|move|p2a: Pok\u00e9ball|Thunder Wave|p1a: Strength\n|-status|p1a: Strength|par\n|\n|-weather|SunnyDay|[upkeep]\n|-heal|p2a: Pok\u00e9ball|22\/100|[from] item: Leftovers\n|upkeep\n|turn|20\n|\n|t:|1699465559\n|move|p1a: Strength|Hydro Steam|p2a: Pok\u00e9ball\n|-damage|p2a: Pok\u00e9ball|0 fnt\n|faint|p2a: Pok\u00e9ball\n|\n|-weather|none\n|-end|p1a: Strength|Protosynthesis\n|upkeep\n|\n|t:|1699465560\n|switch|p2a: The Horse|Palkia-Origin, shiny|100\/100\n|-damage|p2a: The Horse|88\/100|[from] Stealth Rock\n|-ability|p2a: The Horse|Pressure\n|turn|21\n|\n|t:|1699465562\n|move|p2a: The Horse|Substitute|p2a: The Horse\n|-start|p2a: The Horse|Substitute\n|-damage|p2a: The Horse|63\/100\n|cant|p1a: Strength|par\n|\n|upkeep\n|turn|22\n|\n|t:|1699465564\n|move|p2a: The Horse|Spacial Rend|p1a: Strength\n|-supereffective|p1a: Strength\n|-damage|p1a: Strength|0 fnt\n|faint|p1a: Strength\n|-end|p1a: Strength|Protosynthesis|[silent]\n|\n|win|Laprasrules12\n","uploadtime":1699465568,"views":29,"p1id":"alicielizzie","p2id":"laprasrules12","formatid":"gen9ubers","rating":0,"private":0,"password":""}