{"id":"gen9ubers-1984033285","p1":"the tr4sh man","p2":"NewHoovybeast05","format":"[Gen 9] Ubers","log":"|j|\u2606the tr4sh man\n|j|\u2606NewHoovybeast05\n|t:|1699211813\n|gametype|singles\n|player|p1|the tr4sh man|xerosic|\n|player|p2|NewHoovybeast05|palmer|\n|teamsize|p1|6\n|teamsize|p2|6\n|gen|9\n|tier|[Gen 9] Ubers\n|rule|Sleep Clause Mod: Limit one foe put to sleep\n|rule|Species Clause: Limit one of each Pok\u00e9mon\n|rule|OHKO Clause: OHKO moves are banned\n|rule|Evasion Items Clause: Evasion items are banned\n|rule|Evasion Moves Clause: Evasion moves are banned\n|rule|Endless Battle Clause: Forcing endless battles is banned\n|rule|HP Percentage Mod: HP is shown in percentages\n|clearpoke\n|poke|p1|Enamorus, F|\n|poke|p1|Slowking-Galar, F|\n|poke|p1|Ursaluna, M|\n|poke|p1|Dialga|\n|poke|p1|Espathra, F|\n|poke|p1|Meowscarada, M|\n|poke|p2|Baxcalibur, M|\n|poke|p2|Ninetales-Alola, M|\n|poke|p2|Cyclizar, F|\n|poke|p2|Volcarona, F|\n|poke|p2|Urshifu-*, M|\n|poke|p2|Espathra, F|\n|teampreview\n|\n|t:|1699211825\n|start\n|switch|p1a: Meowscarada|Meowscarada, M|100\/100\n|switch|p2a: Ninetales|Ninetales-Alola, M|100\/100\n|-weather|Snow|[from] ability: Snow Warning|[of] p2a: Ninetales\n|turn|1\n|\n|t:|1699211838\n|move|p1a: Meowscarada|Toxic Spikes|p2a: Ninetales\n|-start|p1a: Meowscarada|typechange|Poison|[from] ability: Protean\n|-sidestart|p2: NewHoovybeast05|move: Toxic Spikes\n|move|p2a: Ninetales|Moonblast|p1a: Meowscarada\n|-resisted|p1a: Meowscarada\n|-damage|p1a: Meowscarada|80\/100\n|\n|-weather|Snow|[upkeep]\n|upkeep\n|turn|2\n|\n|t:|1699211842\n|move|p1a: Meowscarada|Toxic Spikes|p2a: Ninetales\n|-sidestart|p2: NewHoovybeast05|move: Toxic Spikes\n|move|p2a: Ninetales|Encore|p1a: Meowscarada\n|-start|p1a: Meowscarada|Encore\n|\n|-weather|Snow|[upkeep]\n|upkeep\n|turn|3\n|\n|t:|1699211850\n|switch|p1a: Slowking|Slowking-Galar, F|100\/100\n|move|p2a: Ninetales|Aurora Veil|p2a: Ninetales\n|-sidestart|p2: NewHoovybeast05|move: Aurora Veil\n|\n|-weather|Snow|[upkeep]\n|upkeep\n|turn|4\n|\n|t:|1699211861\n|switch|p2a: Volcarona|Volcarona, F|100\/100\n|move|p1a: Slowking|Sludge Bomb|p2a: Volcarona\n|-damage|p2a: Volcarona|82\/100\n|\n|-weather|Snow|[upkeep]\n|upkeep\n|turn|5\n|\n|t:|1699211869\n|switch|p1a: Espathra|Espathra, F|100\/100\n|move|p2a: Volcarona|Quiver Dance|p2a: Volcarona\n|-boost|p2a: Volcarona|spa|1\n|-boost|p2a: Volcarona|spd|1\n|-boost|p2a: Volcarona|spe|1\n|-ability|p1a: Espathra|Opportunist|boost\n|-boost|p1a: Espathra|spa|1\n|-boost|p1a: Espathra|spd|1\n|-boost|p1a: Espathra|spe|1\n|\n|-weather|none\n|upkeep\n|turn|6\n|\n|t:|1699211874\n|move|p2a: Volcarona|Quiver Dance|p2a: Volcarona\n|-boost|p2a: Volcarona|spa|1\n|-boost|p2a: Volcarona|spd|1\n|-boost|p2a: Volcarona|spe|1\n|-ability|p1a: Espathra|Opportunist|boost\n|-boost|p1a: Espathra|spa|1\n|-boost|p1a: Espathra|spd|1\n|-boost|p1a: Espathra|spe|1\n|move|p1a: Espathra|Trick Room|p1a: Espathra\n|-fieldstart|move: Trick Room|[of] p1a: Espathra\n|\n|upkeep\n|turn|7\n|\n|t:|1699211877\n|move|p1a: Espathra|Lumina Crash|p2a: Volcarona\n|-crit|p2a: Volcarona\n|-damage|p2a: Volcarona|0 fnt\n|faint|p2a: Volcarona\n|\n|upkeep\n|\n|t:|1699211885\n|switch|p2a: Urshifu|Urshifu, M|100\/100\n|turn|8\n|\n|t:|1699211891\n|-terastallize|p1a: Espathra|Dark\n|move|p2a: Urshifu|Wicked Blow|p1a: Espathra\n|-resisted|p1a: Espathra\n|-crit|p1a: Espathra\n|-damage|p1a: Espathra|62\/100\n|move|p1a: Espathra|Substitute|p1a: Espathra\n|-start|p1a: Espathra|Substitute\n|-damage|p1a: Espathra|37\/100\n|\n|-heal|p1a: Espathra|43\/100|[from] item: Leftovers\n|upkeep\n|turn|9\n|\n|t:|1699211899\n|move|p2a: Urshifu|Close Combat|p1a: Espathra\n|-supereffective|p1a: Espathra\n|-end|p1a: Espathra|Substitute\n|-unboost|p2a: Urshifu|def|1\n|-unboost|p2a: Urshifu|spd|1\n|move|p1a: Espathra|Substitute|p1a: Espathra\n|-start|p1a: Espathra|Substitute\n|-damage|p1a: Espathra|18\/100\n|\n|-heal|p1a: Espathra|24\/100|[from] item: Leftovers\n|upkeep\n|turn|10\n|\n|t:|1699211903\n|move|p2a: Urshifu|Close Combat|p1a: Espathra\n|-supereffective|p1a: Espathra\n|-end|p1a: Espathra|Substitute\n|-unboost|p2a: Urshifu|def|1\n|-unboost|p2a: Urshifu|spd|1\n|move|p1a: Espathra|Dazzling Gleam|p2a: Urshifu\n|-supereffective|p2a: Urshifu\n|-damage|p2a: Urshifu|0 fnt\n|faint|p2a: Urshifu\n|\n|-heal|p1a: Espathra|30\/100|[from] item: Leftovers\n|-sideend|p2: NewHoovybeast05|move: Aurora Veil\n|-fieldend|move: Trick Room\n|upkeep\n|\n|t:|1699211919\n|switch|p2a: Cyclizar|Cyclizar, F|100\/100\n|-status|p2a: Cyclizar|tox\n|turn|11\n|\n|t:|1699211925\n|move|p2a: Cyclizar|Shed Tail|p2a: Cyclizar\n|-start|p2a: Cyclizar|Substitute|[from] move: Shed Tail\n|-damage|p2a: Cyclizar|50\/100 tox\n|\n|t:|1699211928\n|switch|p2a: Espathra|Espathra, F|100\/100|[from] Shed Tail\n|-status|p2a: Espathra|tox\n|move|p1a: Espathra|Dazzling Gleam|p2a: Espathra\n|-end|p2a: Espathra|Substitute\n|\n|-heal|p1a: Espathra|37\/100|[from] item: Leftovers\n|-damage|p2a: Espathra|94\/100 tox|[from] psn\n|upkeep\n|turn|12\n|c|\u2606NewHoovybeast05|yeahb gg here\n|c|\u2606NewHoovybeast05|re?\n|c|\u2606the tr4sh man|sure\n|-message|NewHoovybeast05 forfeited.\n|\n|win|the tr4sh man\n|c|\u2606the tr4sh man|gg\n|l|\u2606NewHoovybeast05\n","uploadtime":1699211952,"views":4,"p1id":"thetr4shman","p2id":"newhoovybeast05","formatid":"gen9ubers","rating":0,"private":0,"password":""}