{"id":"gen9ubers-1990143806","p1":"Sol CPU","p2":"KickinAsh","format":"[Gen 9] Ubers","log":"|j|\u2606Sol CPU\n|j|\u2606KickinAsh\n|t:|1699929317\n|gametype|singles\n|player|p1|Sol CPU|ethan|\n|player|p2|KickinAsh|battlegirl-gen4|\n|teamsize|p1|6\n|teamsize|p2|6\n|gen|9\n|tier|[Gen 9] Ubers\n|rule|Sleep Clause Mod: Limit one foe put to sleep\n|rule|Species Clause: Limit one of each Pok\u00e9mon\n|rule|OHKO Clause: OHKO moves are banned\n|rule|Evasion Items Clause: Evasion items are banned\n|rule|Evasion Moves Clause: Evasion moves are banned\n|rule|Endless Battle Clause: Forcing endless battles is banned\n|rule|HP Percentage Mod: HP is shown in percentages\n|clearpoke\n|poke|p1|Volcarona, F|\n|poke|p1|Meloetta|\n|poke|p1|Lycanroc-Dusk, M|\n|poke|p1|Great Tusk|\n|poke|p1|Dragalge, M|\n|poke|p1|Mismagius, F|\n|poke|p2|Kilowattrel, F|\n|poke|p2|Froslass, F|\n|poke|p2|Kleavor, M|\n|poke|p2|Gyarados, M|\n|poke|p2|Slowking-Galar, M|\n|poke|p2|Iron Treads|\n|teampreview\n|j| BLACK METAL 3\n|\n|t:|1699929420\n|start\n|switch|p1a: Not Kingdra|Dragalge, M|100\/100\n|switch|p2a: Shock|Kilowattrel, F|100\/100\n|turn|1\n|\n|t:|1699929468\n|move|p2a: Shock|Air Slash|p1a: Not Kingdra\n|-damage|p1a: Not Kingdra|72\/100\n|move|p1a: Not Kingdra|Dragon Pulse|p2a: Shock\n|-damage|p2a: Shock|7\/100\n|\n|-heal|p1a: Not Kingdra|78\/100|[from] item: Black Sludge\n|upkeep\n|turn|2\n|\n|t:|1699929482\n|move|p2a: Shock|Roost|p2a: Shock\n|-heal|p2a: Shock|57\/100\n|-singleturn|p2a: Shock|move: Roost\n|move|p1a: Not Kingdra|Dragon Pulse|p2a: Shock\n|-damage|p2a: Shock|0 fnt\n|faint|p2a: Shock\n|\n|-heal|p1a: Not Kingdra|84\/100|[from] item: Black Sludge\n|upkeep\n|\n|t:|1699929533\n|switch|p2a: Triclops|Slowking-Galar, M|100\/100\n|turn|3\n|\n|t:|1699929580\n|move|p1a: Not Kingdra|Dragon Pulse|p2a: Triclops\n|-damage|p2a: Triclops|72\/100\n|move|p2a: Triclops|Future Sight|p1a: Not Kingdra\n|-start|p2a: Triclops|move: Future Sight\n|\n|-heal|p1a: Not Kingdra|90\/100|[from] item: Black Sludge\n|upkeep\n|turn|4\n|\n|t:|1699929625\n|switch|p1a: Sing Queen|Meloetta|100\/100\n|move|p2a: Triclops|Ice Beam|p1a: Sing Queen\n|-damage|p1a: Sing Queen|86\/100\n|-status|p1a: Sing Queen|frz\n|\n|upkeep\n|turn|5\n|\n|t:|1699929697\n|cant|p1a: Sing Queen|frz\n|move|p2a: Triclops|Sludge Bomb|p1a: Sing Queen\n|-damage|p1a: Sing Queen|63\/100 frz\n|\n|-end|p1a: Sing Queen|move: Future Sight\n|-resisted|p1a: Sing Queen\n|-damage|p1a: Sing Queen|50\/100 frz\n|upkeep\n|turn|6\n|j| Squirshawott\n|\n|t:|1699929809\n|switch|p2a: GoodYear|Iron Treads|100\/100\n|-enditem|p2a: GoodYear|Booster Energy\n|-activate|p2a: GoodYear|ability: Quark Drive|[fromitem]\n|-start|p2a: GoodYear|quarkdrivespe\n|-terastallize|p1a: Sing Queen|Steel\n|cant|p1a: Sing Queen|frz\n|\n|upkeep\n|turn|7\n|\n|t:|1699929928\n|switch|p1a: Large Hat Enjoyer|Mismagius, F|100\/100\n|move|p2a: GoodYear|Earthquake|p1a: Large Hat Enjoyer\n|-immune|p1a: Large Hat Enjoyer|[from] ability: Levitate\n|\n|upkeep\n|turn|8\n|\n|t:|1699930037\n|move|p2a: GoodYear|Knock Off|p1a: Large Hat Enjoyer\n|-supereffective|p1a: Large Hat Enjoyer\n|-damage|p1a: Large Hat Enjoyer|0 fnt\n|-enditem|p1a: Large Hat Enjoyer|Aguav Berry|[from] move: Knock Off|[of] p2a: GoodYear\n|faint|p1a: Large Hat Enjoyer\n|\n|upkeep\n|\n|t:|1699930050\n|switch|p1a: GET 'EM BOYS|Great Tusk|100\/100\n|-enditem|p1a: GET 'EM BOYS|Booster Energy\n|-activate|p1a: GET 'EM BOYS|ability: Protosynthesis|[fromitem]\n|-start|p1a: GET 'EM BOYS|protosynthesisatk\n|turn|9\n|c|\u2606Sol CPU|Elephant ditto time\n|\n|t:|1699930159\n|move|p2a: GoodYear|Iron Head|p1a: GET 'EM BOYS\n|-damage|p1a: GET 'EM BOYS|74\/100\n|move|p1a: GET 'EM BOYS|Earthquake|p2a: GoodYear\n|-supereffective|p2a: GoodYear\n|-damage|p2a: GoodYear|0 fnt\n|faint|p2a: GoodYear\n|-end|p2a: GoodYear|Quark Drive|[silent]\n|\n|upkeep\n|\n|t:|1699930201\n|switch|p2a: Triclops|Slowking-Galar, M|100\/100\n|turn|10\n|\n|t:|1699930276\n|switch|p2a: TwoGuys|Gyarados, M|100\/100\n|-ability|p2a: TwoGuys|Intimidate|boost\n|-unboost|p1a: GET 'EM BOYS|atk|1\n|move|p1a: GET 'EM BOYS|Earthquake|p2a: TwoGuys\n|-immune|p2a: TwoGuys\n|\n|upkeep\n|turn|11\n|\n|t:|1699930347\n|move|p1a: GET 'EM BOYS|Knock Off|p2a: TwoGuys\n|-damage|p2a: TwoGuys|57\/100\n|-enditem|p2a: TwoGuys|Leftovers|[from] move: Knock Off|[of] p1a: GET 'EM BOYS\n|move|p2a: TwoGuys|Waterfall|p1a: GET 'EM BOYS\n|-supereffective|p1a: GET 'EM BOYS\n|-damage|p1a: GET 'EM BOYS|4\/100\n|\n|upkeep\n|turn|12\n|\n|t:|1699930530\n|switch|p2a: Triclops|Slowking-Galar, M|100\/100\n|move|p1a: GET 'EM BOYS|Ice Spinner|p2a: Triclops\n|-damage|p2a: Triclops|75\/100\n|\n|upkeep\n|turn|13\n|\n|t:|1699930576\n|move|p1a: GET 'EM BOYS|Knock Off|p2a: Triclops\n|-supereffective|p2a: Triclops\n|-crit|p2a: Triclops\n|-damage|p2a: Triclops|0 fnt\n|-enditem|p2a: Triclops|Assault Vest|[from] move: Knock Off|[of] p1a: GET 'EM BOYS\n|faint|p2a: Triclops\n|\n|upkeep\n|\n|t:|1699930629\n|switch|p2a: TwoGuys|Gyarados, M|57\/100\n|-ability|p2a: TwoGuys|Intimidate|boost\n|-unboost|p1a: GET 'EM BOYS|atk|1\n|turn|14\n|\n|t:|1699930670\n|move|p1a: GET 'EM BOYS|Ice Spinner|p2a: TwoGuys\n|-damage|p2a: TwoGuys|32\/100\n|move|p2a: TwoGuys|Waterfall|p1a: GET 'EM BOYS\n|-supereffective|p1a: GET 'EM BOYS\n|-damage|p1a: GET 'EM BOYS|0 fnt\n|faint|p1a: GET 'EM BOYS\n|-end|p1a: GET 'EM BOYS|Protosynthesis|[silent]\n|\n|upkeep\n|\n|t:|1699930699\n|switch|p1a: Time for Ice Cream|Lycanroc-Dusk, M|100\/100\n|turn|15\n|\n|t:|1699930789\n|switch|p2a: Axe Hands|Kleavor, M|100\/100\n|move|p1a: Time for Ice Cream|Swords Dance|p1a: Time for Ice Cream\n|-boost|p1a: Time for Ice Cream|atk|2\n|\n|upkeep\n|turn|16\n|\n|t:|1699930806\n|move|p2a: Axe Hands|Close Combat|p1a: Time for Ice Cream\n|-supereffective|p1a: Time for Ice Cream\n|-enditem|p1a: Time for Ice Cream|Focus Sash\n|-damage|p1a: Time for Ice Cream|1\/100\n|-unboost|p2a: Axe Hands|def|1\n|-unboost|p2a: Axe Hands|spd|1\n|move|p1a: Time for Ice Cream|Iron Head|p2a: Axe Hands\n|-supereffective|p2a: Axe Hands\n|-damage|p2a: Axe Hands|0 fnt\n|faint|p2a: Axe Hands\n|\n|upkeep\n|\n|t:|1699930821\n|switch|p2a: TwoGuys|Gyarados, M|32\/100\n|-ability|p2a: TwoGuys|Intimidate|boost\n|-unboost|p1a: Time for Ice Cream|atk|1\n|turn|17\n|\n|t:|1699930850\n|move|p1a: Time for Ice Cream|Accelerock|p2a: TwoGuys\n|-supereffective|p2a: TwoGuys\n|-damage|p2a: TwoGuys|0 fnt\n|faint|p2a: TwoGuys\n|\n|upkeep\n|\n|t:|1699930855\n|switch|p2a: FrosMORE|Froslass, F|100\/100\n|turn|18\n|\n|t:|1699930876\n|move|p1a: Time for Ice Cream|Accelerock|p2a: FrosMORE\n|-supereffective|p2a: FrosMORE\n|-damage|p2a: FrosMORE|0 fnt\n|faint|p2a: FrosMORE\n|\n|win|Sol CPU\n","uploadtime":1699930883,"views":13,"p1id":"solcpu","p2id":"kickinash","formatid":"gen9ubers","rating":0,"private":0,"password":""}