{"id":"gen9ubers-1997389060","p1":"dreepy airlines","p2":"Josiah5878","format":"[Gen 9] Ubers","log":"|j|\u2606dreepy airlines\n|j|\u2606Josiah5878\n|inactive|Battle timer is ON: inactive players will automatically lose when time's up.\n|t:|1700797779\n|gametype|singles\n|player|p1|dreepy airlines|waitress-gen6|\n|player|p2|Josiah5878|blue|\n|teamsize|p1|3\n|teamsize|p2|3\n|gen|9\n|tier|[Gen 9] Ubers\n|rated|Tournament battle\n|rule|Sleep Clause Mod: Limit one foe put to sleep\n|rule|Species Clause: Limit one of each Pok\u00e9mon\n|rule|OHKO Clause: OHKO moves are banned\n|rule|Evasion Items Clause: Evasion items are banned\n|rule|Evasion Moves Clause: Evasion moves are banned\n|rule|Endless Battle Clause: Forcing endless battles is banned\n|rule|HP Percentage Mod: HP is shown in percentages\n|rule|Terastal Clause: You cannot Terastallize\n|clearpoke\n|poke|p1|Arceus|\n|poke|p1|Scream Tail|\n|poke|p1|Koraidon|\n|poke|p2|Gliscor, F|\n|poke|p2|Chien-Pao|\n|poke|p2|Dialga-Origin|\n|teampreview|1\n|j|*Lady Monita \u2746\n|inactive|Josiah5878 also wants the timer to be on.\n|inactive|dreepy airlines also wants the timer to be on.\n|\n|t:|1700797792\n|start\n|switch|p1a: Scream Tail|Scream Tail|100\/100\n|switch|p2a: Gliscor|Gliscor, F|100\/100\n|-enditem|p1a: Scream Tail|Booster Energy\n|-activate|p1a: Scream Tail|ability: Protosynthesis|[fromitem]\n|-start|p1a: Scream Tail|protosynthesisspe\n|turn|1\n|\n|t:|1700797805\n|move|p1a: Scream Tail|Protect|p1a: Scream Tail\n|-singleturn|p1a: Scream Tail|Protect\n|move|p2a: Gliscor|Toxic|p1a: Scream Tail\n|-activate|p1a: Scream Tail|move: Protect\n|\n|-status|p2a: Gliscor|tox|[from] item: Toxic Orb\n|upkeep\n|turn|2\n|\n|t:|1700797812\n|move|p1a: Scream Tail|Disable|p2a: Gliscor\n|-start|p2a: Gliscor|Disable|Toxic\n|move|p2a: Gliscor|Earthquake|p1a: Scream Tail\n|-damage|p1a: Scream Tail|63\/100\n|\n|upkeep\n|turn|3\n|\n|t:|1700797819\n|move|p1a: Scream Tail|Protect|p1a: Scream Tail\n|-singleturn|p1a: Scream Tail|Protect\n|move|p2a: Gliscor|Earthquake|p1a: Scream Tail\n|-activate|p1a: Scream Tail|move: Protect\n|\n|upkeep\n|turn|4\n|\n|t:|1700797823\n|move|p1a: Scream Tail|Encore|p2a: Gliscor\n|-start|p2a: Gliscor|Encore\n|move|p2a: Gliscor|Earthquake|p1a: Scream Tail\n|-damage|p1a: Scream Tail|27\/100\n|\n|upkeep\n|turn|5\n|\n|t:|1700797827\n|move|p1a: Scream Tail|Protect|p1a: Scream Tail\n|-singleturn|p1a: Scream Tail|Protect\n|move|p2a: Gliscor|Earthquake|p1a: Scream Tail\n|-activate|p1a: Scream Tail|move: Protect\n|\n|-end|p2a: Gliscor|Disable\n|upkeep\n|turn|6\n|\n|t:|1700797830\n|move|p1a: Scream Tail|Disable|p2a: Gliscor\n|-start|p2a: Gliscor|Disable|Earthquake\n|cant|p2a: Gliscor|Disable|Earthquake\n|\n|-end|p2a: Gliscor|Encore\n|upkeep\n|turn|7\n|\n|t:|1700797835\n|move|p1a: Scream Tail|Encore|p2a: Gliscor\n|-start|p2a: Gliscor|Encore\n|cant|p2a: Gliscor|Disable|Earthquake\n|\n|upkeep\n|turn|8\n|\n|t:|1700797838\n|move|p1a: Scream Tail|Dazzling Gleam|p2a: Gliscor\n|-damage|p2a: Gliscor|78\/100 tox\n|-activate|p2a: Gliscor|move: Struggle\n|move|p2a: Gliscor|Struggle|p1a: Scream Tail\n|-damage|p1a: Scream Tail|16\/100\n|-damage|p2a: Gliscor|53\/100 tox|[from] recoil\n|\n|-heal|p2a: Gliscor|65\/100 tox|[from] ability: Poison Heal\n|upkeep\n|turn|9\n|\n|t:|1700797846\n|move|p1a: Scream Tail|Dazzling Gleam|p2a: Gliscor\n|-crit|p2a: Gliscor\n|-damage|p2a: Gliscor|27\/100 tox\n|-activate|p2a: Gliscor|move: Struggle\n|move|p2a: Gliscor|Struggle|p1a: Scream Tail\n|-damage|p1a: Scream Tail|3\/100\n|-damage|p2a: Gliscor|2\/100 tox|[from] recoil\n|\n|-heal|p2a: Gliscor|15\/100 tox|[from] ability: Poison Heal\n|-end|p2a: Gliscor|Encore\n|-end|p2a: Gliscor|Disable\n|upkeep\n|turn|10\n|c|\u2606Josiah5878|did that crit matter?\n|c|\u2606dreepy airlines|yea\n|inactive|Josiah5878 has 120 seconds left.\n|c|\u2606Josiah5878|sad\n|c|\u2606Josiah5878|but gg\n|c|\u2606dreepy airlines|gg\n|\n|t:|1700797893\n|move|p2a: Gliscor|Protect|p2a: Gliscor\n|-singleturn|p2a: Gliscor|Protect\n|move|p1a: Scream Tail|Dazzling Gleam|p2a: Gliscor\n|-activate|p2a: Gliscor|move: Protect\n|\n|-heal|p2a: Gliscor|27\/100 tox|[from] ability: Poison Heal\n|upkeep\n|turn|11\n|\n|t:|1700797902\n|move|p1a: Scream Tail|Encore|p2a: Gliscor\n|-start|p2a: Gliscor|Encore\n|move|p2a: Gliscor|Protect||[still]\n|-fail|p2a: Gliscor\n|\n|-heal|p2a: Gliscor|39\/100 tox|[from] ability: Poison Heal\n|upkeep\n|turn|12\n|\n|t:|1700797908\n|move|p2a: Gliscor|Protect|p2a: Gliscor\n|-singleturn|p2a: Gliscor|Protect\n|move|p1a: Scream Tail|Dazzling Gleam|p2a: Gliscor\n|-activate|p2a: Gliscor|move: Protect\n|\n|-heal|p2a: Gliscor|52\/100 tox|[from] ability: Poison Heal\n|upkeep\n|turn|13\n|\n|t:|1700797913\n|move|p2a: Gliscor|Protect||[still]\n|-fail|p2a: Gliscor\n|move|p1a: Scream Tail|Dazzling Gleam|p2a: Gliscor\n|-damage|p2a: Gliscor|26\/100 tox\n|\n|-heal|p2a: Gliscor|39\/100 tox|[from] ability: Poison Heal\n|-end|p2a: Gliscor|Encore\n|upkeep\n|turn|14\n|\n|t:|1700797922\n|move|p1a: Scream Tail|Encore|p2a: Gliscor\n|-start|p2a: Gliscor|Encore\n|move|p2a: Gliscor|Protect||[still]\n|-fail|p2a: Gliscor\n|\n|-heal|p2a: Gliscor|51\/100 tox|[from] ability: Poison Heal\n|upkeep\n|turn|15\n|\n|t:|1700797925\n|move|p2a: Gliscor|Protect|p2a: Gliscor\n|-singleturn|p2a: Gliscor|Protect\n|move|p1a: Scream Tail|Dazzling Gleam|p2a: Gliscor\n|-activate|p2a: Gliscor|move: Protect\n|\n|-heal|p2a: Gliscor|64\/100 tox|[from] ability: Poison Heal\n|upkeep\n|turn|16\n|\n|t:|1700797927\n|move|p2a: Gliscor|Protect|p2a: Gliscor\n|-singleturn|p2a: Gliscor|Protect\n|move|p1a: Scream Tail|Dazzling Gleam|p2a: Gliscor\n|-activate|p2a: Gliscor|move: Protect\n|\n|-heal|p2a: Gliscor|76\/100 tox|[from] ability: Poison Heal\n|-end|p2a: Gliscor|Encore\n|upkeep\n|turn|17\n|\n|t:|1700797933\n|move|p1a: Scream Tail|Encore|p2a: Gliscor\n|-start|p2a: Gliscor|Encore\n|move|p2a: Gliscor|Protect||[still]\n|-fail|p2a: Gliscor\n|\n|-heal|p2a: Gliscor|89\/100 tox|[from] ability: Poison Heal\n|upkeep\n|turn|18\n|\n|t:|1700797941\n|move|p1a: Scream Tail|Protect|p1a: Scream Tail\n|-singleturn|p1a: Scream Tail|Protect\n|move|p2a: Gliscor|Protect||[still]\n|-fail|p2a: Gliscor\n|\n|-heal|p2a: Gliscor|100\/100 tox|[from] ability: Poison Heal\n|upkeep\n|turn|19\n|\n|t:|1700797944\n|move|p2a: Gliscor|Protect|p2a: Gliscor\n|-singleturn|p2a: Gliscor|Protect\n|move|p1a: Scream Tail|Disable|p2a: Gliscor\n|-activate|p2a: Gliscor|move: Protect\n|\n|-end|p2a: Gliscor|Encore\n|upkeep\n|turn|20\n|\n|t:|1700797951\n|move|p1a: Scream Tail|Protect|p1a: Scream Tail\n|-singleturn|p1a: Scream Tail|Protect\n|move|p2a: Gliscor|Earthquake|p1a: Scream Tail\n|-activate|p1a: Scream Tail|move: Protect\n|\n|upkeep\n|turn|21\n|\n|t:|1700797957\n|move|p1a: Scream Tail|Disable|p2a: Gliscor\n|-start|p2a: Gliscor|Disable|Earthquake\n|move|p2a: Gliscor|Dual Wingbeat|p1a: Scream Tail\n|-damage|p1a: Scream Tail|0 fnt\n|faint|p1a: Scream Tail\n|-end|p1a: Scream Tail|Protosynthesis|[silent]\n|-hitcount|p1: Scream Tail|1\n|\n|win|Josiah5878\n|n|\u2606dreepy airlines|dreepyairlines\n|n|\u2606Josiah5878|josiah5878\n|n|*Lady Monita \u2746|ladymonita\n","uploadtime":1700797958,"views":7,"p1id":"dreepyairlines","p2id":"josiah5878","formatid":"gen9ubers","rating":0,"private":0,"password":""}