{"id":"gen9ubers-1982004406","p1":"Leo Justice","p2":"lolgz","format":"[Gen 9] Ubers","log":"|j|\u2606Leo Justice\n|j|\u2606lolgz\n|t:|1698958832\n|gametype|singles\n|player|p1|Leo Justice|carmine|\n|player|p2|lolgz|102|\n|teamsize|p1|6\n|teamsize|p2|6\n|gen|9\n|tier|[Gen 9] Ubers\n|rule|Sleep Clause Mod: Limit one foe put to sleep\n|rule|Species Clause: Limit one of each Pok\u00e9mon\n|rule|OHKO Clause: OHKO moves are banned\n|rule|Evasion Items Clause: Evasion items are banned\n|rule|Evasion Moves Clause: Evasion moves are banned\n|rule|Endless Battle Clause: Forcing endless battles is banned\n|rule|HP Percentage Mod: HP is shown in percentages\n|clearpoke\n|poke|p1|Dialga|\n|poke|p1|Moltres|\n|poke|p1|Palafin, F|\n|poke|p1|Arceus-Ghost|\n|poke|p1|Cyclizar, F|\n|poke|p1|Chi-Yu|\n|poke|p2|Magearna|\n|poke|p2|Zacian-*|\n|poke|p2|Cyclizar, F|\n|poke|p2|Palafin, F|\n|poke|p2|Garchomp, M|\n|poke|p2|Shaymin-Sky|\n|teampreview\n|inactive|Battle timer is ON: inactive players will automatically lose when time's up. (requested by lolgz)\n|c|\u2606Leo Justice|gl\n|\n|t:|1698958860\n|start\n|switch|p1a: Palafin|Palafin, F|100\/100\n|switch|p2a: Cyclizar|Cyclizar, F|100\/100\n|turn|1\n|\n|t:|1698958869\n|move|p2a: Cyclizar|Shed Tail|p2a: Cyclizar\n|-start|p2a: Cyclizar|Substitute|[from] move: Shed Tail\n|-damage|p2a: Cyclizar|50\/100\n|\n|t:|1698958896\n|switch|p2a: Magearna|Magearna|100\/100|[from] Shed Tail\n|move|p1a: Palafin|Flip Turn|p2a: Magearna\n|-activate|p2a: Magearna|move: Substitute|[damage]\n|\n|t:|1698958902\n|detailschange|p1a: Palafin|Palafin-Hero, F\n|switch|p1a: Dialga|Dialga|100\/100|[from] Flip Turn\n|-ability|p1a: Dialga|Pressure\n|\n|upkeep\n|turn|2\n|\n|t:|1698958910\n|move|p1a: Dialga|Stealth Rock|p2a: Magearna\n|-sidestart|p2: lolgz|move: Stealth Rock\n|move|p2a: Magearna|Calm Mind|p2a: Magearna\n|-boost|p2a: Magearna|spa|1\n|-boost|p2a: Magearna|spd|1\n|\n|upkeep\n|turn|3\n|\n|t:|1698958915\n|move|p2a: Magearna|Calm Mind|p2a: Magearna\n|-boost|p2a: Magearna|spa|1\n|-boost|p2a: Magearna|spd|1\n|move|p1a: Dialga|Roar|p2a: Magearna\n|drag|p2a: Garchomp|Garchomp, M|100\/100\n|-damage|p2a: Garchomp|94\/100|[from] Stealth Rock\n|\n|upkeep\n|turn|4\n|j| airheadpaimon\n|l| airheadpaimon\n|inactive|lolgz has 270 seconds left.\n|inactive|Leo Justice has 270 seconds left.\n|\n|t:|1698958975\n|switch|p1a: Moltres|Moltres|100\/100\n|move|p2a: Garchomp|Swords Dance|p2a: Garchomp\n|-boost|p2a: Garchomp|atk|2\n|\n|upkeep\n|turn|5\n|\n|t:|1698958979\n|move|p2a: Garchomp|Scale Shot|p1a: Moltres|[miss]\n|-miss|p2a: Garchomp|p1a: Moltres\n|move|p1a: Moltres|Will-O-Wisp|p2a: Garchomp\n|-status|p2a: Garchomp|brn\n|\n|-damage|p2a: Garchomp|88\/100 brn|[from] brn\n|upkeep\n|turn|6\n|\n|t:|1698958992\n|move|p2a: Garchomp|Scale Shot|p1a: Moltres\n|-damage|p1a: Moltres|91\/100\n|-damage|p1a: Moltres|83\/100\n|-damage|p1a: Moltres|73\/100\n|-damage|p1a: Moltres|65\/100\n|-hitcount|p1a: Moltres|4\n|-unboost|p2a: Garchomp|def|1\n|-boost|p2a: Garchomp|spe|1\n|move|p1a: Moltres|Hurricane|p2a: Garchomp\n|-damage|p2a: Garchomp|35\/100 brn\n|\n|-damage|p2a: Garchomp|29\/100 brn|[from] brn\n|upkeep\n|turn|7\n|inactive|lolgz has 270 seconds left.\n|\n|t:|1698959015\n|move|p2a: Garchomp|Scale Shot|p1a: Moltres|[miss]\n|-miss|p2a: Garchomp|p1a: Moltres\n|move|p1a: Moltres|Hurricane|p2a: Garchomp\n|-damage|p2a: Garchomp|0 fnt\n|faint|p2a: Garchomp\n|\n|upkeep\n|\n|t:|1698959018\n|switch|p2a: Palafin|Palafin, F|100\/100\n|-damage|p2a: Palafin|88\/100|[from] Stealth Rock\n|turn|8\n|\n|t:|1698959023\n|detailschange|p2a: Palafin|Palafin-Hero, F\n|switch|p2a: Cyclizar|Cyclizar, F|84\/100\n|move|p1a: Moltres|Roost|p1a: Moltres\n|-heal|p1a: Moltres|100\/100\n|-singleturn|p1a: Moltres|move: Roost\n|\n|upkeep\n|turn|9\n|inactive|lolgz has 270 seconds left.\n|\n|t:|1698959036\n|move|p2a: Cyclizar|Shed Tail|p2a: Cyclizar\n|-start|p2a: Cyclizar|Substitute|[from] move: Shed Tail\n|-damage|p2a: Cyclizar|34\/100\n|inactive|lolgz has 270 seconds left.\n|\n|t:|1698959041\n|switch|p2a: Palafin|Palafin-Hero, F|88\/100|[from] Shed Tail\n|-damage|p2a: Palafin|76\/100|[from] Stealth Rock\n|-activate|p2a: Palafin|ability: Zero to Hero\n|move|p1a: Moltres|U-turn|p2a: Palafin\n|-activate|p2a: Palafin|move: Substitute|[damage]\n|\n|t:|1698959051\n|switch|p1a: Cyclizar|Cyclizar, F|100\/100|[from] U-turn\n|\n|upkeep\n|turn|10\n|inactive|lolgz has 270 seconds left.\n|\n|t:|1698959071\n|move|p1a: Cyclizar|Shed Tail|p1a: Cyclizar\n|-start|p1a: Cyclizar|Substitute|[from] move: Shed Tail\n|-damage|p1a: Cyclizar|50\/100\n|\n|t:|1698959095\n|switch|p1a: Dialga|Dialga|100\/100|[from] Shed Tail\n|-ability|p1a: Dialga|Pressure\n|move|p2a: Palafin|Bulk Up|p2a: Palafin\n|-boost|p2a: Palafin|atk|1\n|-boost|p2a: Palafin|def|1\n|\n|upkeep\n|turn|11\n|inactive|lolgz has 270 seconds left.\n|c|\u2606Leo Justice|Nice set up sweepers\n|c|\u2606Leo Justice|it'd be such a shame if I\n|c|\u2606Leo Justice|just roared them out\n|\n|t:|1698959122\n|move|p2a: Palafin|Jet Punch|p1a: Dialga\n|-resisted|p1a: Dialga\n|-end|p1a: Dialga|Substitute\n|move|p1a: Dialga|Roar|p2a: Palafin\n|drag|p2a: Cyclizar|Cyclizar, F|67\/100\n|\n|upkeep\n|turn|12\n|\n|t:|1698959128\n|move|p2a: Cyclizar|Rapid Spin|p1a: Dialga\n|-resisted|p1a: Dialga\n|-damage|p1a: Dialga|96\/100\n|-boost|p2a: Cyclizar|spe|1\n|-sideend|p2: lolgz|Stealth Rock|[from] move: Rapid Spin|[of] p2a: Cyclizar\n|move|p1a: Dialga|Roar|p2a: Cyclizar\n|drag|p2a: Palafin|Palafin-Hero, F|76\/100\n|\n|-heal|p1a: Dialga|100\/100|[from] item: Leftovers\n|upkeep\n|turn|13\n|inactive|lolgz has 270 seconds left.\n|\n|t:|1698959142\n|move|p2a: Palafin|Wave Crash|p1a: Dialga\n|-resisted|p1a: Dialga\n|-damage|p1a: Dialga|65\/100\n|-damage|p2a: Palafin|64\/100|[from] Recoil\n|move|p1a: Dialga|Draco Meteor|p2a: Palafin\n|-damage|p2a: Palafin|4\/100\n|-unboost|p1a: Dialga|spa|2\n|\n|-heal|p1a: Dialga|71\/100|[from] item: Leftovers\n|upkeep\n|turn|14\n|inactive|lolgz has 270 seconds left.\n|\n|t:|1698959154\n|move|p2a: Palafin|Wave Crash|p1a: Dialga\n|-resisted|p1a: Dialga\n|-damage|p1a: Dialga|37\/100\n|-damage|p2a: Palafin|0 fnt|[from] Recoil\n|faint|p2a: Palafin\n|move|p1a: Dialga|Stealth Rock|p2: Palafin\n|-sidestart|p2: lolgz|move: Stealth Rock\n|\n|-heal|p1a: Dialga|43\/100|[from] item: Leftovers\n|upkeep\n|inactive|lolgz has 270 seconds left.\n|\n|t:|1698959166\n|switch|p2a: Shaymin|Shaymin-Sky|100\/100\n|-damage|p2a: Shaymin|76\/100|[from] Stealth Rock\n|turn|15\n|\n|t:|1698959177\n|switch|p1a: Cyclizar|Cyclizar, F|84\/100\n|move|p2a: Shaymin|Earth Power|p1a: Cyclizar\n|-damage|p1a: Cyclizar|39\/100\n|\n|-heal|p2a: Shaymin|82\/100|[from] item: Leftovers\n|upkeep\n|turn|16\n|\n|t:|1698959188\n|move|p2a: Shaymin|Air Slash|p1a: Cyclizar\n|-damage|p1a: Cyclizar|0 fnt\n|faint|p1a: Cyclizar\n|\n|-heal|p2a: Shaymin|88\/100|[from] item: Leftovers\n|upkeep\n|\n|t:|1698959190\n|switch|p1a: Chi-Yu|Chi-Yu|100\/100\n|-ability|p1a: Chi-Yu|Beads of Ruin\n|turn|17\n|\n|t:|1698959194\n|move|p1a: Chi-Yu|Flamethrower|p2a: Shaymin\n|-supereffective|p2a: Shaymin\n|-damage|p2a: Shaymin|0 fnt\n|faint|p2a: Shaymin\n|\n|upkeep\n|\n|t:|1698959197\n|switch|p2a: Cyclizar|Cyclizar, F|99\/100\n|turn|18\n|\n|t:|1698959208\n|move|p1a: Chi-Yu|Flamethrower|p2a: Cyclizar\n|-resisted|p2a: Cyclizar\n|-damage|p2a: Cyclizar|56\/100\n|-status|p2a: Cyclizar|brn\n|move|p2a: Cyclizar|Rapid Spin|p1a: Chi-Yu\n|-damage|p1a: Chi-Yu|88\/100\n|-boost|p2a: Cyclizar|spe|1\n|-sideend|p2: lolgz|Stealth Rock|[from] move: Rapid Spin|[of] p2a: Cyclizar\n|\n|-damage|p2a: Cyclizar|50\/100 brn|[from] brn\n|upkeep\n|turn|19\n|\n|t:|1698959217\n|move|p2a: Cyclizar|Draco Meteor|p1a: Chi-Yu|[miss]\n|-miss|p2a: Cyclizar|p1a: Chi-Yu\n|move|p1a: Chi-Yu|Flamethrower|p2a: Cyclizar\n|-resisted|p2a: Cyclizar\n|-damage|p2a: Cyclizar|8\/100 brn\n|\n|-damage|p2a: Cyclizar|2\/100 brn|[from] brn\n|upkeep\n|turn|20\n|\n|t:|1698959238\n|move|p2a: Cyclizar|Draco Meteor|p1a: Chi-Yu\n|-damage|p1a: Chi-Yu|45\/100\n|-unboost|p2a: Cyclizar|spa|2\n|move|p1a: Chi-Yu|Flamethrower|p2a: Cyclizar\n|-resisted|p2a: Cyclizar\n|-damage|p2a: Cyclizar|0 fnt\n|faint|p2a: Cyclizar\n|\n|upkeep\n|\n|t:|1698959241\n|switch|p2a: Zacian|Zacian|100\/100\n|-ability|p2a: Zacian|Intrepid Sword|boost\n|-boost|p2a: Zacian|atk|1\n|turn|21\n|\n|t:|1698959247\n|switch|p1a: Moltres|Moltres|100\/100\n|move|p2a: Zacian|Close Combat|p1a: Moltres\n|-resisted|p1a: Moltres\n|-damage|p1a: Moltres|68\/100\n|-unboost|p2a: Zacian|def|1\n|-unboost|p2a: Zacian|spd|1\n|\n|upkeep\n|turn|22\n|\n|t:|1698959254\n|switch|p2a: Magearna|Magearna|100\/100\n|move|p1a: Moltres|Will-O-Wisp|p2a: Magearna\n|-status|p2a: Magearna|brn\n|\n|-damage|p2a: Magearna|94\/100 brn|[from] brn\n|upkeep\n|turn|23\n|\n|t:|1698959270\n|-terastallize|p2a: Magearna|Water\n|move|p1a: Moltres|U-turn|p2a: Magearna\n|-damage|p2a: Magearna|86\/100 brn\n|\n|t:|1698959288\n|switch|p1a: Arceus|Arceus-Ghost|100\/100|[from] U-turn\n|move|p2a: Magearna|Calm Mind|p2a: Magearna\n|-boost|p2a: Magearna|spa|1\n|-boost|p2a: Magearna|spd|1\n|\n|-heal|p2a: Magearna|92\/100 brn|[from] item: Leftovers\n|-damage|p2a: Magearna|86\/100 brn|[from] brn\n|upkeep\n|turn|24\n|\n|t:|1698959294\n|move|p1a: Arceus|Swords Dance|p1a: Arceus\n|-boost|p1a: Arceus|atk|2\n|move|p2a: Magearna|Shift Gear|p2a: Magearna\n|-boost|p2a: Magearna|spe|2\n|-boost|p2a: Magearna|atk|1\n|\n|-heal|p2a: Magearna|92\/100 brn|[from] item: Leftovers\n|-damage|p2a: Magearna|86\/100 brn|[from] brn\n|upkeep\n|turn|25\n|\n|t:|1698959302\n|move|p2a: Magearna|Stored Power|p1a: Arceus\n|-damage|p1a: Arceus|68\/100\n|move|p1a: Arceus|Shadow Claw|p2a: Magearna\n|-damage|p2a: Magearna|35\/100 brn\n|\n|-heal|p2a: Magearna|41\/100 brn|[from] item: Leftovers\n|-damage|p2a: Magearna|35\/100 brn|[from] brn\n|upkeep\n|turn|26\n|c|\u2606Leo Justice|God\n|c|\u2606Leo Justice|Double dance mag\n|\n|t:|1698959317\n|-terastallize|p1a: Arceus|Normal\n|move|p1a: Arceus|Extreme Speed|p2a: Magearna\n|-damage|p2a: Magearna|0 fnt\n|faint|p2a: Magearna\n|\n|upkeep\n|\n|t:|1698959327\n|switch|p2a: Zacian|Zacian|100\/100\n|turn|27\n|\n|t:|1698959329\n|move|p1a: Arceus|Extreme Speed|p2a: Zacian\n|-damage|p2a: Zacian|17\/100\n|move|p2a: Zacian|Play Rough|p1a: Arceus\n|-damage|p1a: Arceus|24\/100\n|\n|upkeep\n|turn|28\n|\n|t:|1698959334\n|move|p1a: Arceus|Extreme Speed|p2a: Zacian\n|-damage|p2a: Zacian|0 fnt\n|faint|p2a: Zacian\n|\n|win|Leo Justice\n|c|\u2606Leo Justice|gg\n","uploadtime":1698959343,"views":21,"p1id":"leojustice","p2id":"lolgz","formatid":"gen9ubers","rating":0,"private":0,"password":""}