{"id":"gen9ubers-1993398162","p1":"Heyitssuan!","p2":"Liambagel","format":"[Gen 9] Ubers","log":"|j|\u2606Heyitssuan!\n|j|\u2606Liambagel\n|t:|1700312296\n|gametype|singles\n|player|p1|Heyitssuan!|psychic-gen4|1011\n|player|p2|Liambagel|lucian|1000\n|teamsize|p1|6\n|teamsize|p2|6\n|gen|9\n|tier|[Gen 9] Ubers\n|rated|\n|rule|Sleep Clause Mod: Limit one foe put to sleep\n|rule|Species Clause: Limit one of each Pok\u00e9mon\n|rule|OHKO Clause: OHKO moves are banned\n|rule|Evasion Items Clause: Evasion items are banned\n|rule|Evasion Moves Clause: Evasion moves are banned\n|rule|Endless Battle Clause: Forcing endless battles is banned\n|rule|HP Percentage Mod: HP is shown in percentages\n|clearpoke\n|poke|p1|Flutter Mane|\n|poke|p1|Oricorio-Sensu, M|\n|poke|p1|Mimikyu, M|\n|poke|p1|Annihilape, M|\n|poke|p1|Gengar, M|\n|poke|p1|Mismagius, M|\n|poke|p2|Zangoose, F|\n|poke|p2|Mimikyu, M|\n|poke|p2|Iron Hands|\n|poke|p2|Iron Valiant|\n|poke|p2|Roaring Moon|\n|poke|p2|Flutter Mane|\n|teampreview\n|l|\u2606Heyitssuan!\n|player|p1|\n|j|\u2606Heyitssuan!\n|player|p1|Heyitssuan!|psychic-gen4\n|\n|t:|1700312375\n|start\n|switch|p1a: Gengar|Gengar, M|100\/100\n|switch|p2a: Iron Valiant|Iron Valiant|100\/100\n|turn|1\n|\n|t:|1700312385\n|move|p1a: Gengar|Gunk Shot|p2a: Iron Valiant\n|-supereffective|p2a: Iron Valiant\n|-damage|p2a: Iron Valiant|40\/100\n|move|p2a: Iron Valiant|Trick Room|p2a: Iron Valiant\n|-fieldstart|move: Trick Room|[of] p2a: Iron Valiant\n|-enditem|p2a: Iron Valiant|Room Service\n|-unboost|p2a: Iron Valiant|spe|1|[from] item: Room Service\n|\n|upkeep\n|turn|2\n|\n|t:|1700312399\n|move|p2a: Iron Valiant|Psyshock|p1a: Gengar\n|-supereffective|p1a: Gengar\n|-damage|p1a: Gengar|0 fnt\n|-start|p2a: Iron Valiant|Disable|Psyshock|[from] ability: Cursed Body|[of] p1a: Gengar\n|faint|p1a: Gengar\n|\n|upkeep\n|\n|t:|1700312429\n|switch|p1a: Mismagius|Mismagius, M, shiny|100\/100\n|turn|3\n|\n|t:|1700312437\n|move|p2a: Iron Valiant|Moonblast|p1a: Mismagius\n|-damage|p1a: Mismagius|32\/100\n|move|p1a: Mismagius|Draining Kiss|p2a: Iron Valiant\n|-supereffective|p2a: Iron Valiant\n|-damage|p2a: Iron Valiant|0 fnt\n|-heal|p1a: Mismagius|72\/100|[from] drain|[of] p2a: Iron Valiant\n|faint|p2a: Iron Valiant\n|-end|p2a: Iron Valiant|Quark Drive|[silent]\n|\n|upkeep\n|\n|t:|1700312452\n|switch|p2a: Iron Hands|Iron Hands|100\/100\n|-enditem|p2a: Iron Hands|Booster Energy\n|-activate|p2a: Iron Hands|ability: Quark Drive|[fromitem]\n|-start|p2a: Iron Hands|quarkdriveatk\n|turn|4\n|\n|t:|1700312468\n|move|p2a: Iron Hands|Thunder Punch|p1a: Mismagius\n|-damage|p1a: Mismagius|0 fnt\n|faint|p1a: Mismagius\n|\n|upkeep\n|\n|t:|1700312474\n|switch|p1a: Mimikyu|Mimikyu, M, shiny|100\/100\n|turn|5\n|\n|t:|1700312491\n|move|p2a: Iron Hands|Thunder Punch|p1a: Mimikyu\n|-activate|p1a: Mimikyu|ability: Disguise\n|-damage|p1a: Mimikyu|100\/100\n|detailschange|p1a: Mimikyu|Mimikyu-Busted, M, shiny\n|-damage|p1a: Mimikyu|88\/100|[from] pokemon: Mimikyu-Busted\n|move|p1a: Mimikyu|Play Rough|p2a: Iron Hands\n|-supereffective|p2a: Iron Hands\n|-damage|p2a: Iron Hands|50\/100\n|\n|-fieldend|move: Trick Room\n|upkeep\n|turn|6\n|\n|t:|1700312510\n|move|p1a: Mimikyu|Play Rough|p2a: Iron Hands|[miss]\n|-miss|p1a: Mimikyu|p2a: Iron Hands\n|move|p2a: Iron Hands|Thunder Punch|p1a: Mimikyu\n|-damage|p1a: Mimikyu|0 fnt\n|faint|p1a: Mimikyu\n|\n|upkeep\n|\n|t:|1700312520\n|switch|p1a: Flutter Mane|Flutter Mane|100\/100\n|-enditem|p1a: Flutter Mane|Booster Energy\n|-activate|p1a: Flutter Mane|ability: Protosynthesis|[fromitem]\n|-start|p1a: Flutter Mane|protosynthesisspe\n|turn|7\n|\n|t:|1700312526\n|move|p1a: Flutter Mane|Moonblast|p2a: Iron Hands\n|-supereffective|p2a: Iron Hands\n|-damage|p2a: Iron Hands|0 fnt\n|faint|p2a: Iron Hands\n|-end|p2a: Iron Hands|Quark Drive|[silent]\n|\n|upkeep\n|\n|t:|1700312534\n|switch|p2a: Mimikyu|Mimikyu, M|100\/100\n|turn|8\n|\n|t:|1700312541\n|move|p1a: Flutter Mane|Shadow Ball|p2a: Mimikyu\n|-activate|p2a: Mimikyu|ability: Disguise\n|-damage|p2a: Mimikyu|100\/100\n|detailschange|p2a: Mimikyu|Mimikyu-Busted, M\n|-damage|p2a: Mimikyu|88\/100|[from] pokemon: Mimikyu-Busted\n|move|p2a: Mimikyu|Swords Dance|p2a: Mimikyu\n|-boost|p2a: Mimikyu|atk|2\n|\n|upkeep\n|turn|9\n|\n|t:|1700312552\n|-terastallize|p2a: Mimikyu|Ghost\n|move|p2a: Mimikyu|Shadow Sneak|p1a: Flutter Mane\n|-supereffective|p1a: Flutter Mane\n|-damage|p1a: Flutter Mane|0 fnt\n|faint|p1a: Flutter Mane\n|-end|p1a: Flutter Mane|Protosynthesis|[silent]\n|-damage|p2a: Mimikyu|78\/100|[from] item: Life Orb\n|\n|upkeep\n|\n|t:|1700312559\n|switch|p1a: Oricorio|Oricorio-Sensu, M, shiny|100\/100\n|turn|10\n|\n|t:|1700312564\n|move|p2a: Mimikyu|Shadow Sneak|p1a: Oricorio\n|-supereffective|p1a: Oricorio\n|-enditem|p1a: Oricorio|Focus Sash\n|-damage|p1a: Oricorio|1\/100\n|-damage|p2a: Mimikyu|68\/100|[from] item: Life Orb\n|move|p1a: Oricorio|Revelation Dance|p2a: Mimikyu\n|-supereffective|p2a: Mimikyu\n|-damage|p2a: Mimikyu|0 fnt\n|faint|p2a: Mimikyu\n|\n|upkeep\n|\n|t:|1700312576\n|switch|p2a: Zangoose|Zangoose, F|100\/100\n|turn|11\n|\n|t:|1700312580\n|move|p1a: Oricorio|Hurricane|p2a: Zangoose\n|-damage|p2a: Zangoose|23\/100\n|move|p2a: Zangoose|Agility|p2a: Zangoose\n|-boost|p2a: Zangoose|spe|2\n|\n|-status|p2a: Zangoose|tox|[from] item: Toxic Orb\n|upkeep\n|turn|12\n|\n|t:|1700312592\n|move|p2a: Zangoose|Shadow Claw|p1a: Oricorio\n|-supereffective|p1a: Oricorio\n|-damage|p1a: Oricorio|0 fnt\n|faint|p1a: Oricorio\n|\n|-damage|p2a: Zangoose|17\/100 tox|[from] psn\n|upkeep\n|\n|t:|1700312601\n|switch|p1a: Annihilape|Annihilape, M|100\/100\n|turn|13\n|\n|t:|1700312610\n|move|p2a: Zangoose|Shadow Claw|p1a: Annihilape\n|-supereffective|p1a: Annihilape\n|-crit|p1a: Annihilape\n|-damage|p1a: Annihilape|2\/100\n|move|p1a: Annihilape|Drain Punch|p2a: Zangoose\n|-supereffective|p2a: Zangoose\n|-crit|p2a: Zangoose\n|-damage|p2a: Zangoose|0 fnt\n|-heal|p1a: Annihilape|8\/100|[from] drain|[of] p2a: Zangoose\n|faint|p2a: Zangoose\n|\n|-heal|p1a: Annihilape|14\/100|[from] item: Leftovers\n|upkeep\n|\n|t:|1700312625\n|switch|p2a: Flutter Mane|Flutter Mane|100\/100\n|turn|14\n|\n|t:|1700312629\n|move|p2a: Flutter Mane|Moonblast|p1a: Annihilape\n|-supereffective|p1a: Annihilape\n|-damage|p1a: Annihilape|0 fnt\n|faint|p1a: Annihilape\n|\n|win|Liambagel\n|raw|Heyitssuan!'s rating: 1011 &rarr; <strong>1000<\/strong><br \/>(-11 for losing)\n|raw|Liambagel's rating: 1000 &rarr; <strong>1041<\/strong><br \/>(+41 for winning)\n","uploadtime":1700312637,"views":6,"p1id":"heyitssuan","p2id":"liambagel","formatid":"gen9ubers","rating":1000,"private":0,"password":""}