{"id":"gen9ubers-1977885927","p1":"jiopbejtp","p2":"gjreogjefv","format":"[Gen 9] Ubers","log":"|j|\u2606jiopbejtp\n|j|\u2606gjreogjefv\n|t:|1698461798\n|gametype|singles\n|player|p1|jiopbejtp|colress|\n|player|p2|gjreogjefv|266|\n|teamsize|p1|2\n|teamsize|p2|2\n|gen|9\n|tier|[Gen 9] Ubers\n|rule|Sleep Clause Mod: Limit one foe put to sleep\n|rule|Species Clause: Limit one of each Pok\u00e9mon\n|rule|OHKO Clause: OHKO moves are banned\n|rule|Evasion Items Clause: Evasion items are banned\n|rule|Evasion Moves Clause: Evasion moves are banned\n|rule|Endless Battle Clause: Forcing endless battles is banned\n|rule|HP Percentage Mod: HP is shown in percentages\n|clearpoke\n|poke|p1|Palafin, M|\n|poke|p1|Ribombee, L45, F|\n|poke|p2|Clodsire, F|\n|poke|p2|Iron Bundle|\n|teampreview\n|\n|t:|1698461800\n|start\n|switch|p1a: Palafin|Palafin, M|100\/100\n|switch|p2a: Iron Bundle|Iron Bundle|100\/100\n|turn|1\n|\n|t:|1698461805\n|detailschange|p1a: Palafin|Palafin-Hero, M\n|switch|p1a: Ribombee|Ribombee, L45, F|100\/100\n|move|p2a: Iron Bundle|Flip Turn|p1a: Ribombee\n|-damage|p1a: Ribombee|0 fnt\n|faint|p1a: Ribombee\n|\n|t:|1698461808\n|-end|p2a: Iron Bundle|Quark Drive|[silent]\n|switch|p2a: Clodsire|Clodsire, F|100\/100|[from] Flip Turn\n|\n|upkeep\n|\n|t:|1698461811\n|switch|p1a: Palafin|Palafin-Hero, M|100\/100\n|-activate|p1a: Palafin|ability: Zero to Hero\n|turn|2\n|\n|t:|1698461823\n|move|p1a: Palafin|Substitute|p1a: Palafin\n|-start|p1a: Palafin|Substitute\n|-damage|p1a: Palafin|75\/100\n|move|p2a: Clodsire|Poison Jab|p1a: Palafin\n|-crit|p1a: Palafin\n|-activate|p1a: Palafin|move: Substitute|[damage]\n|\n|-heal|p1a: Palafin|82\/100|[from] item: Leftovers\n|upkeep\n|turn|3\n|\n|t:|1698461828\n|move|p1a: Palafin|Bulk Up|p1a: Palafin\n|-boost|p1a: Palafin|atk|1\n|-boost|p1a: Palafin|def|1\n|move|p2a: Clodsire|Poison Jab|p1a: Palafin\n|-end|p1a: Palafin|Substitute\n|\n|-heal|p1a: Palafin|88\/100|[from] item: Leftovers\n|upkeep\n|turn|4\n|\n|t:|1698461833\n|move|p1a: Palafin|Substitute|p1a: Palafin\n|-start|p1a: Palafin|Substitute\n|-damage|p1a: Palafin|63\/100\n|move|p2a: Clodsire|Poison Jab|p1a: Palafin\n|-activate|p1a: Palafin|move: Substitute|[damage]\n|\n|-heal|p1a: Palafin|69\/100|[from] item: Leftovers\n|upkeep\n|turn|5\n|\n|t:|1698461837\n|move|p1a: Palafin|Drain Punch|p2a: Clodsire\n|-resisted|p2a: Clodsire\n|-damage|p2a: Clodsire|90\/100\n|-heal|p1a: Palafin|75\/100|[from] drain|[of] p2a: Clodsire\n|move|p2a: Clodsire|Poison Jab|p1a: Palafin\n|-end|p1a: Palafin|Substitute\n|\n|-heal|p1a: Palafin|81\/100|[from] item: Leftovers\n|-heal|p2a: Clodsire|96\/100|[from] item: Leftovers\n|upkeep\n|turn|6\n|\n|t:|1698461851\n|move|p1a: Palafin|Substitute|p1a: Palafin\n|-start|p1a: Palafin|Substitute\n|-damage|p1a: Palafin|56\/100\n|move|p2a: Clodsire|Poison Jab|p1a: Palafin\n|-activate|p1a: Palafin|move: Substitute|[damage]\n|\n|-heal|p1a: Palafin|63\/100|[from] item: Leftovers\n|-heal|p2a: Clodsire|100\/100|[from] item: Leftovers\n|upkeep\n|turn|7\n|\n|t:|1698461857\n|move|p1a: Palafin|Bulk Up|p1a: Palafin\n|-boost|p1a: Palafin|atk|1\n|-boost|p1a: Palafin|def|1\n|move|p2a: Clodsire|Poison Jab|p1a: Palafin\n|-end|p1a: Palafin|Substitute\n|\n|-heal|p1a: Palafin|69\/100|[from] item: Leftovers\n|upkeep\n|turn|8\n|\n|t:|1698461870\n|move|p1a: Palafin|Substitute|p1a: Palafin\n|-start|p1a: Palafin|Substitute\n|-damage|p1a: Palafin|44\/100\n|move|p2a: Clodsire|Poison Jab|p1a: Palafin\n|-activate|p1a: Palafin|move: Substitute|[damage]\n|\n|-heal|p1a: Palafin|50\/100|[from] item: Leftovers\n|upkeep\n|turn|9\n|\n|t:|1698461877\n|move|p1a: Palafin|Jet Punch|p2a: Clodsire\n|-supereffective|p2a: Clodsire\n|-damage|p2a: Clodsire|45\/100\n|move|p2a: Clodsire|Poison Jab|p1a: Palafin\n|-end|p1a: Palafin|Substitute\n|\n|-heal|p1a: Palafin|56\/100|[from] item: Leftovers\n|-heal|p2a: Clodsire|51\/100|[from] item: Leftovers\n|upkeep\n|turn|10\n|\n|t:|1698461896\n|-terastallize|p2a: Clodsire|Water\n|move|p1a: Palafin|Substitute|p1a: Palafin\n|-start|p1a: Palafin|Substitute\n|-damage|p1a: Palafin|31\/100\n|move|p2a: Clodsire|Recover|p2a: Clodsire\n|-heal|p2a: Clodsire|100\/100\n|\n|-heal|p1a: Palafin|37\/100|[from] item: Leftovers\n|upkeep\n|turn|11\n|\n|t:|1698461907\n|move|p1a: Palafin|Drain Punch|p2a: Clodsire\n|-damage|p2a: Clodsire|77\/100\n|-heal|p1a: Palafin|51\/100|[from] drain|[of] p2a: Clodsire\n|move|p2a: Clodsire|Poison Jab|p1a: Palafin\n|-activate|p1a: Palafin|move: Substitute|[damage]\n|\n|-heal|p1a: Palafin|57\/100|[from] item: Leftovers\n|-heal|p2a: Clodsire|83\/100|[from] item: Leftovers\n|upkeep\n|turn|12\n|\n|t:|1698461919\n|move|p1a: Palafin|Drain Punch|p2a: Clodsire\n|-damage|p2a: Clodsire|60\/100\n|-heal|p1a: Palafin|71\/100|[from] drain|[of] p2a: Clodsire\n|move|p2a: Clodsire|Poison Jab|p1a: Palafin\n|-end|p1a: Palafin|Substitute\n|\n|-heal|p1a: Palafin|77\/100|[from] item: Leftovers\n|-heal|p2a: Clodsire|66\/100|[from] item: Leftovers\n|upkeep\n|turn|13\n|\n|t:|1698461959\n|move|p1a: Palafin|Substitute|p1a: Palafin\n|-start|p1a: Palafin|Substitute\n|-damage|p1a: Palafin|52\/100\n|move|p2a: Clodsire|Poison Jab|p1a: Palafin\n|-activate|p1a: Palafin|move: Substitute|[damage]\n|\n|-heal|p1a: Palafin|58\/100|[from] item: Leftovers\n|-heal|p2a: Clodsire|72\/100|[from] item: Leftovers\n|upkeep\n|turn|14\n|\n|t:|1698461965\n|move|p1a: Palafin|Drain Punch|p2a: Clodsire\n|-damage|p2a: Clodsire|49\/100\n|-heal|p1a: Palafin|71\/100|[from] drain|[of] p2a: Clodsire\n|move|p2a: Clodsire|Poison Jab|p1a: Palafin\n|-end|p1a: Palafin|Substitute\n|\n|-heal|p1a: Palafin|77\/100|[from] item: Leftovers\n|-heal|p2a: Clodsire|56\/100|[from] item: Leftovers\n|upkeep\n|turn|15\n|\n|t:|1698461975\n|move|p1a: Palafin|Substitute|p1a: Palafin\n|-start|p1a: Palafin|Substitute\n|-damage|p1a: Palafin|52\/100\n|move|p2a: Clodsire|Poison Jab|p1a: Palafin\n|-activate|p1a: Palafin|move: Substitute|[damage]\n|\n|-heal|p1a: Palafin|59\/100|[from] item: Leftovers\n|-heal|p2a: Clodsire|62\/100|[from] item: Leftovers\n|upkeep\n|turn|16\n|\n|t:|1698461987\n|move|p1a: Palafin|Drain Punch|p2a: Clodsire\n|-damage|p2a: Clodsire|38\/100\n|-heal|p1a: Palafin|72\/100|[from] drain|[of] p2a: Clodsire\n|move|p2a: Clodsire|Poison Jab|p1a: Palafin\n|-end|p1a: Palafin|Substitute\n|\n|-heal|p1a: Palafin|78\/100|[from] item: Leftovers\n|-heal|p2a: Clodsire|45\/100|[from] item: Leftovers\n|upkeep\n|turn|17\n|\n|t:|1698461998\n|move|p1a: Palafin|Substitute|p1a: Palafin\n|-start|p1a: Palafin|Substitute\n|-damage|p1a: Palafin|53\/100\n|move|p2a: Clodsire|Recover|p2a: Clodsire\n|-heal|p2a: Clodsire|95\/100\n|\n|-heal|p1a: Palafin|60\/100|[from] item: Leftovers\n|-heal|p2a: Clodsire|100\/100|[from] item: Leftovers\n|upkeep\n|turn|18\n|\n|t:|1698462015\n|move|p1a: Palafin|Drain Punch|p2a: Clodsire\n|-damage|p2a: Clodsire|77\/100\n|-heal|p1a: Palafin|73\/100|[from] drain|[of] p2a: Clodsire\n|move|p2a: Clodsire|Poison Jab|p1a: Palafin\n|-activate|p1a: Palafin|move: Substitute|[damage]\n|\n|-heal|p1a: Palafin|79\/100|[from] item: Leftovers\n|-heal|p2a: Clodsire|84\/100|[from] item: Leftovers\n|upkeep\n|turn|19\n|\n|t:|1698462028\n|move|p1a: Palafin|Bulk Up|p1a: Palafin\n|-boost|p1a: Palafin|atk|1\n|-boost|p1a: Palafin|def|1\n|move|p2a: Clodsire|Poison Jab|p1a: Palafin\n|-end|p1a: Palafin|Substitute\n|\n|-heal|p1a: Palafin|85\/100|[from] item: Leftovers\n|-heal|p2a: Clodsire|90\/100|[from] item: Leftovers\n|upkeep\n|turn|20\n|\n|t:|1698462040\n|switch|p2a: Iron Bundle|Iron Bundle|100\/100\n|move|p1a: Palafin|Substitute|p1a: Palafin\n|-start|p1a: Palafin|Substitute\n|-damage|p1a: Palafin|60\/100\n|\n|-heal|p1a: Palafin|67\/100|[from] item: Leftovers\n|upkeep\n|turn|21\n|\n|t:|1698462047\n|move|p1a: Palafin|Jet Punch|p2a: Iron Bundle\n|-resisted|p2a: Iron Bundle\n|-damage|p2a: Iron Bundle|42\/100\n|move|p2a: Iron Bundle|Encore|p1a: Palafin\n|-start|p1a: Palafin|Encore\n|\n|-heal|p2a: Iron Bundle|48\/100|[from] item: Leftovers\n|-heal|p1a: Palafin|73\/100|[from] item: Leftovers\n|upkeep\n|turn|22\n|\n|t:|1698462057\n|move|p1a: Palafin|Jet Punch|p2a: Iron Bundle\n|-resisted|p2a: Iron Bundle\n|-damage|p2a: Iron Bundle|0 fnt\n|faint|p2a: Iron Bundle\n|-end|p2a: Iron Bundle|Quark Drive|[silent]\n|\n|-heal|p1a: Palafin|79\/100|[from] item: Leftovers\n|upkeep\n|\n|t:|1698462065\n|switch|p2a: Clodsire|Clodsire, F, tera:Water|90\/100\n|turn|23\n|\n|t:|1698462068\n|move|p1a: Palafin|Jet Punch|p2a: Clodsire\n|-resisted|p2a: Clodsire\n|-damage|p2a: Clodsire|75\/100\n|move|p2a: Clodsire|Poison Jab|p1a: Palafin\n|-activate|p1a: Palafin|move: Substitute|[damage]\n|\n|-heal|p1a: Palafin|85\/100|[from] item: Leftovers\n|-heal|p2a: Clodsire|81\/100|[from] item: Leftovers\n|upkeep\n|turn|24\n|\n|t:|1698462076\n|move|p1a: Palafin|Jet Punch|p2a: Clodsire\n|-resisted|p2a: Clodsire\n|-damage|p2a: Clodsire|67\/100\n|move|p2a: Clodsire|Poison Jab|p1a: Palafin\n|-end|p1a: Palafin|Substitute\n|\n|-heal|p1a: Palafin|91\/100|[from] item: Leftovers\n|-heal|p2a: Clodsire|73\/100|[from] item: Leftovers\n|-end|p1a: Palafin|Encore\n|upkeep\n|turn|25\n|\n|t:|1698462087\n|move|p1a: Palafin|Substitute|p1a: Palafin\n|-start|p1a: Palafin|Substitute\n|-damage|p1a: Palafin|66\/100\n|move|p2a: Clodsire|Poison Jab|p1a: Palafin\n|-activate|p1a: Palafin|move: Substitute|[damage]\n|\n|-heal|p1a: Palafin|73\/100|[from] item: Leftovers\n|-heal|p2a: Clodsire|79\/100|[from] item: Leftovers\n|upkeep\n|turn|26\n|\n|t:|1698462096\n|move|p1a: Palafin|Bulk Up|p1a: Palafin\n|-boost|p1a: Palafin|atk|1\n|-boost|p1a: Palafin|def|1\n|move|p2a: Clodsire|Poison Jab|p1a: Palafin\n|-end|p1a: Palafin|Substitute\n|\n|-heal|p1a: Palafin|79\/100|[from] item: Leftovers\n|-heal|p2a: Clodsire|86\/100|[from] item: Leftovers\n|upkeep\n|turn|27\n|\n|t:|1698462107\n|move|p1a: Palafin|Substitute|p1a: Palafin\n|-start|p1a: Palafin|Substitute\n|-damage|p1a: Palafin|54\/100\n|move|p2a: Clodsire|Poison Jab|p1a: Palafin\n|-activate|p1a: Palafin|move: Substitute|[damage]\n|\n|-heal|p1a: Palafin|60\/100|[from] item: Leftovers\n|-heal|p2a: Clodsire|92\/100|[from] item: Leftovers\n|upkeep\n|turn|28\n|\n|t:|1698462120\n|move|p1a: Palafin|Drain Punch|p2a: Clodsire\n|-damage|p2a: Clodsire|69\/100\n|-heal|p1a: Palafin|73\/100|[from] drain|[of] p2a: Clodsire\n|move|p2a: Clodsire|Poison Jab|p1a: Palafin\n|-end|p1a: Palafin|Substitute\n|\n|-heal|p1a: Palafin|79\/100|[from] item: Leftovers\n|-heal|p2a: Clodsire|76\/100|[from] item: Leftovers\n|upkeep\n|turn|29\n|\n|t:|1698462136\n|move|p1a: Palafin|Substitute|p1a: Palafin\n|-start|p1a: Palafin|Substitute\n|-damage|p1a: Palafin|54\/100\n|move|p2a: Clodsire|Poison Jab|p1a: Palafin\n|-activate|p1a: Palafin|move: Substitute|[damage]\n|\n|-heal|p1a: Palafin|60\/100|[from] item: Leftovers\n|-heal|p2a: Clodsire|82\/100|[from] item: Leftovers\n|upkeep\n|turn|30\n|\n|t:|1698462150\n|move|p1a: Palafin|Drain Punch|p2a: Clodsire\n|-crit|p2a: Clodsire\n|-damage|p2a: Clodsire|46\/100\n|-heal|p1a: Palafin|81\/100|[from] drain|[of] p2a: Clodsire\n|move|p2a: Clodsire|Poison Jab|p1a: Palafin\n|-end|p1a: Palafin|Substitute\n|\n|-heal|p1a: Palafin|87\/100|[from] item: Leftovers\n|-heal|p2a: Clodsire|52\/100|[from] item: Leftovers\n|upkeep\n|turn|31\n|\n|t:|1698462163\n|move|p1a: Palafin|Substitute|p1a: Palafin\n|-start|p1a: Palafin|Substitute\n|-damage|p1a: Palafin|62\/100\n|move|p2a: Clodsire|Recover|p2a: Clodsire\n|-heal|p2a: Clodsire|100\/100\n|\n|-heal|p1a: Palafin|68\/100|[from] item: Leftovers\n|upkeep\n|turn|32\n|\n|t:|1698462171\n|move|p1a: Palafin|Drain Punch|p2a: Clodsire\n|-damage|p2a: Clodsire|79\/100\n|-heal|p1a: Palafin|81\/100|[from] drain|[of] p2a: Clodsire\n|move|p2a: Clodsire|Poison Jab|p1a: Palafin\n|-crit|p1a: Palafin\n|-activate|p1a: Palafin|move: Substitute|[damage]\n|\n|-heal|p1a: Palafin|87\/100|[from] item: Leftovers\n|-heal|p2a: Clodsire|85\/100|[from] item: Leftovers\n|upkeep\n|turn|33\n|\n|t:|1698462186\n|move|p1a: Palafin|Bulk Up|p1a: Palafin\n|-boost|p1a: Palafin|atk|1\n|-boost|p1a: Palafin|def|1\n|move|p2a: Clodsire|Poison Jab|p1a: Palafin\n|-end|p1a: Palafin|Substitute\n|\n|-heal|p1a: Palafin|93\/100|[from] item: Leftovers\n|-heal|p2a: Clodsire|92\/100|[from] item: Leftovers\n|upkeep\n|turn|34\n|\n|t:|1698462197\n|move|p1a: Palafin|Substitute|p1a: Palafin\n|-start|p1a: Palafin|Substitute\n|-damage|p1a: Palafin|68\/100\n|move|p2a: Clodsire|Poison Jab|p1a: Palafin\n|-activate|p1a: Palafin|move: Substitute|[damage]\n|\n|-heal|p1a: Palafin|74\/100|[from] item: Leftovers\n|-heal|p2a: Clodsire|98\/100|[from] item: Leftovers\n|upkeep\n|turn|35\n|\n|t:|1698462203\n|move|p1a: Palafin|Bulk Up|p1a: Palafin\n|-boost|p1a: Palafin|atk|1\n|-boost|p1a: Palafin|def|1\n|move|p2a: Clodsire|Poison Jab|p1a: Palafin\n|-end|p1a: Palafin|Substitute\n|\n|-heal|p1a: Palafin|80\/100|[from] item: Leftovers\n|-heal|p2a: Clodsire|100\/100|[from] item: Leftovers\n|upkeep\n|turn|36\n|\n|t:|1698462216\n|move|p1a: Palafin|Drain Punch|p2a: Clodsire\n|-damage|p2a: Clodsire|75\/100\n|-heal|p1a: Palafin|95\/100|[from] drain|[of] p2a: Clodsire\n|move|p2a: Clodsire|Poison Jab|p1a: Palafin\n|-damage|p1a: Palafin|76\/100\n|\n|-heal|p1a: Palafin|82\/100|[from] item: Leftovers\n|-heal|p2a: Clodsire|82\/100|[from] item: Leftovers\n|upkeep\n|turn|37\n|\n|t:|1698462228\n|move|p1a: Palafin|Substitute|p1a: Palafin\n|-start|p1a: Palafin|Substitute\n|-damage|p1a: Palafin|57\/100\n|move|p2a: Clodsire|Poison Jab|p1a: Palafin\n|-activate|p1a: Palafin|move: Substitute|[damage]\n|\n|-heal|p1a: Palafin|64\/100|[from] item: Leftovers\n|-heal|p2a: Clodsire|88\/100|[from] item: Leftovers\n|upkeep\n|turn|38\n|\n|t:|1698462240\n|move|p1a: Palafin|Drain Punch|p2a: Clodsire\n|-damage|p2a: Clodsire|64\/100\n|-heal|p1a: Palafin|78\/100|[from] drain|[of] p2a: Clodsire\n|move|p2a: Clodsire|Poison Jab|p1a: Palafin\n|-end|p1a: Palafin|Substitute\n|\n|-heal|p1a: Palafin|84\/100|[from] item: Leftovers\n|-heal|p2a: Clodsire|70\/100|[from] item: Leftovers\n|upkeep\n|turn|39\n|\n|t:|1698462255\n|move|p1a: Palafin|Substitute|p1a: Palafin\n|-start|p1a: Palafin|Substitute\n|-damage|p1a: Palafin|59\/100\n|move|p2a: Clodsire|Poison Jab|p1a: Palafin\n|-activate|p1a: Palafin|move: Substitute|[damage]\n|\n|-heal|p1a: Palafin|65\/100|[from] item: Leftovers\n|-heal|p2a: Clodsire|76\/100|[from] item: Leftovers\n|upkeep\n|turn|40\n|\n|t:|1698462267\n|move|p1a: Palafin|Drain Punch|p2a: Clodsire\n|-damage|p2a: Clodsire|52\/100\n|-heal|p1a: Palafin|79\/100|[from] drain|[of] p2a: Clodsire\n|move|p2a: Clodsire|Toxic|p1a: Palafin|[miss]\n|-miss|p2a: Clodsire|p1a: Palafin\n|\n|-heal|p1a: Palafin|85\/100|[from] item: Leftovers\n|-heal|p2a: Clodsire|59\/100|[from] item: Leftovers\n|upkeep\n|turn|41\n|\n|t:|1698462275\n|move|p1a: Palafin|Jet Punch|p2a: Clodsire\n|-resisted|p2a: Clodsire\n|-damage|p2a: Clodsire|46\/100\n|move|p2a: Clodsire|Toxic||[still]\n|-fail|p2a: Clodsire\n|\n|-heal|p1a: Palafin|91\/100|[from] item: Leftovers\n|-heal|p2a: Clodsire|52\/100|[from] item: Leftovers\n|upkeep\n|turn|42\n|\n|t:|1698462280\n|move|p1a: Palafin|Jet Punch|p2a: Clodsire\n|-resisted|p2a: Clodsire\n|-damage|p2a: Clodsire|38\/100\n|move|p2a: Clodsire|Toxic||[still]\n|-fail|p2a: Clodsire\n|\n|-heal|p1a: Palafin|97\/100|[from] item: Leftovers\n|-heal|p2a: Clodsire|44\/100|[from] item: Leftovers\n|upkeep\n|turn|43\n|\n|t:|1698462284\n|move|p1a: Palafin|Jet Punch|p2a: Clodsire\n|-resisted|p2a: Clodsire\n|-damage|p2a: Clodsire|31\/100\n|move|p2a: Clodsire|Toxic||[still]\n|-fail|p2a: Clodsire\n|\n|-heal|p1a: Palafin|100\/100|[from] item: Leftovers\n|-heal|p2a: Clodsire|37\/100|[from] item: Leftovers\n|upkeep\n|turn|44\n|\n|t:|1698462288\n|move|p1a: Palafin|Jet Punch|p2a: Clodsire\n|-resisted|p2a: Clodsire\n|-damage|p2a: Clodsire|23\/100\n|move|p2a: Clodsire|Toxic||[still]\n|-fail|p2a: Clodsire\n|\n|-heal|p2a: Clodsire|29\/100|[from] item: Leftovers\n|upkeep\n|turn|45\n|\n|t:|1698462292\n|move|p1a: Palafin|Jet Punch|p2a: Clodsire\n|-resisted|p2a: Clodsire\n|-damage|p2a: Clodsire|16\/100\n|move|p2a: Clodsire|Recover|p2a: Clodsire\n|-heal|p2a: Clodsire|66\/100\n|\n|-heal|p2a: Clodsire|72\/100|[from] item: Leftovers\n|upkeep\n|turn|46\n|\n|t:|1698462300\n|move|p1a: Palafin|Jet Punch|p2a: Clodsire\n|-resisted|p2a: Clodsire\n|-damage|p2a: Clodsire|57\/100\n|move|p2a: Clodsire|Toxic||[still]\n|-fail|p2a: Clodsire\n|\n|-heal|p2a: Clodsire|63\/100|[from] item: Leftovers\n|upkeep\n|turn|47\n|\n|t:|1698462304\n|move|p1a: Palafin|Jet Punch|p2a: Clodsire\n|-resisted|p2a: Clodsire\n|-damage|p2a: Clodsire|50\/100\n|move|p2a: Clodsire|Toxic||[still]\n|-fail|p2a: Clodsire\n|\n|-heal|p2a: Clodsire|57\/100|[from] item: Leftovers\n|upkeep\n|turn|48\n|\n|t:|1698462310\n|move|p1a: Palafin|Jet Punch|p2a: Clodsire\n|-resisted|p2a: Clodsire\n|-damage|p2a: Clodsire|43\/100\n|move|p2a: Clodsire|Toxic||[still]\n|-fail|p2a: Clodsire\n|\n|-heal|p2a: Clodsire|50\/100|[from] item: Leftovers\n|upkeep\n|turn|49\n|\n|t:|1698462341\n|move|p1a: Palafin|Bulk Up|p1a: Palafin\n|-boost|p1a: Palafin|atk|0\n|-boost|p1a: Palafin|def|0\n|move|p2a: Clodsire|Toxic||[still]\n|-fail|p2a: Clodsire\n|\n|-heal|p2a: Clodsire|56\/100|[from] item: Leftovers\n|upkeep\n|turn|50\n|\n|t:|1698462384\n|move|p1a: Palafin|Bulk Up|p1a: Palafin\n|-boost|p1a: Palafin|atk|0\n|-boost|p1a: Palafin|def|0\n|move|p2a: Clodsire|Toxic||[still]\n|-fail|p2a: Clodsire\n|\n|-heal|p2a: Clodsire|62\/100|[from] item: Leftovers\n|upkeep\n|turn|51\n|\n|t:|1698462540\n|move|p1a: Palafin|Bulk Up|p1a: Palafin\n|-boost|p1a: Palafin|atk|0\n|-boost|p1a: Palafin|def|0\n|move|p2a: Clodsire|Stealth Rock|p1a: Palafin\n|-sidestart|p1: jiopbejtp|move: Stealth Rock\n|\n|-heal|p2a: Clodsire|68\/100|[from] item: Leftovers\n|upkeep\n|turn|52\n|\n|t:|1698462543\n|move|p1a: Palafin|Bulk Up|p1a: Palafin\n|-boost|p1a: Palafin|atk|0\n|-boost|p1a: Palafin|def|0\n|move|p2a: Clodsire|Stealth Rock||[still]\n|-fail|p2a: Clodsire\n|\n|-heal|p2a: Clodsire|75\/100|[from] item: Leftovers\n|upkeep\n|turn|53\n|\n|t:|1698462546\n|move|p1a: Palafin|Bulk Up|p1a: Palafin\n|-boost|p1a: Palafin|atk|0\n|-boost|p1a: Palafin|def|0\n|move|p2a: Clodsire|Stealth Rock||[still]\n|-fail|p2a: Clodsire\n|\n|-heal|p2a: Clodsire|81\/100|[from] item: Leftovers\n|upkeep\n|turn|54\n|\n|t:|1698462550\n|move|p1a: Palafin|Bulk Up|p1a: Palafin\n|-boost|p1a: Palafin|atk|0\n|-boost|p1a: Palafin|def|0\n|move|p2a: Clodsire|Stealth Rock||[still]\n|-fail|p2a: Clodsire\n|\n|-heal|p2a: Clodsire|87\/100|[from] item: Leftovers\n|upkeep\n|turn|55\n|\n|t:|1698462554\n|move|p1a: Palafin|Bulk Up|p1a: Palafin\n|-boost|p1a: Palafin|atk|0\n|-boost|p1a: Palafin|def|0\n|move|p2a: Clodsire|Stealth Rock||[still]\n|-fail|p2a: Clodsire\n|\n|-heal|p2a: Clodsire|93\/100|[from] item: Leftovers\n|upkeep\n|turn|56\n|\n|t:|1698462559\n|move|p1a: Palafin|Bulk Up|p1a: Palafin\n|-boost|p1a: Palafin|atk|0\n|-boost|p1a: Palafin|def|0\n|move|p2a: Clodsire|Stealth Rock||[still]\n|-fail|p2a: Clodsire\n|\n|-heal|p2a: Clodsire|99\/100|[from] item: Leftovers\n|upkeep\n|turn|57\n|\n|t:|1698462564\n|move|p1a: Palafin|Bulk Up|p1a: Palafin\n|-boost|p1a: Palafin|atk|0\n|-boost|p1a: Palafin|def|0\n|move|p2a: Clodsire|Stealth Rock||[still]\n|-fail|p2a: Clodsire\n|\n|-heal|p2a: Clodsire|100\/100|[from] item: Leftovers\n|upkeep\n|turn|58\n|\n|t:|1698462569\n|move|p1a: Palafin|Bulk Up|p1a: Palafin\n|-boost|p1a: Palafin|atk|0\n|-boost|p1a: Palafin|def|0\n|move|p2a: Clodsire|Stealth Rock||[still]\n|-fail|p2a: Clodsire\n|\n|upkeep\n|turn|59\n|\n|t:|1698462574\n|move|p1a: Palafin|Bulk Up|p1a: Palafin\n|-boost|p1a: Palafin|atk|0\n|-boost|p1a: Palafin|def|0\n|move|p2a: Clodsire|Stealth Rock||[still]\n|-fail|p2a: Clodsire\n|\n|upkeep\n|turn|60\n|\n|t:|1698462578\n|move|p1a: Palafin|Bulk Up|p1a: Palafin\n|-boost|p1a: Palafin|atk|0\n|-boost|p1a: Palafin|def|0\n|move|p2a: Clodsire|Stealth Rock||[still]\n|-fail|p2a: Clodsire\n|\n|upkeep\n|turn|61\n|\n|t:|1698462582\n|move|p1a: Palafin|Bulk Up|p1a: Palafin\n|-boost|p1a: Palafin|atk|0\n|-boost|p1a: Palafin|def|0\n|move|p2a: Clodsire|Stealth Rock||[still]\n|-fail|p2a: Clodsire\n|\n|upkeep\n|turn|62\n|\n|t:|1698462586\n|move|p1a: Palafin|Bulk Up|p1a: Palafin\n|-boost|p1a: Palafin|atk|0\n|-boost|p1a: Palafin|def|0\n|move|p2a: Clodsire|Stealth Rock||[still]\n|-fail|p2a: Clodsire\n|\n|upkeep\n|turn|63\n|\n|t:|1698462590\n|move|p1a: Palafin|Bulk Up|p1a: Palafin\n|-boost|p1a: Palafin|atk|0\n|-boost|p1a: Palafin|def|0\n|move|p2a: Clodsire|Stealth Rock||[still]\n|-fail|p2a: Clodsire\n|\n|upkeep\n|turn|64\n|\n|t:|1698462597\n|move|p1a: Palafin|Bulk Up|p1a: Palafin\n|-boost|p1a: Palafin|atk|0\n|-boost|p1a: Palafin|def|0\n|move|p2a: Clodsire|Stealth Rock||[still]\n|-fail|p2a: Clodsire\n|\n|upkeep\n|turn|65\n|\n|t:|1698462602\n|move|p1a: Palafin|Bulk Up|p1a: Palafin\n|-boost|p1a: Palafin|atk|0\n|-boost|p1a: Palafin|def|0\n|move|p2a: Clodsire|Stealth Rock||[still]\n|-fail|p2a: Clodsire\n|\n|upkeep\n|turn|66\n|\n|t:|1698462605\n|move|p1a: Palafin|Bulk Up|p1a: Palafin\n|-boost|p1a: Palafin|atk|0\n|-boost|p1a: Palafin|def|0\n|move|p2a: Clodsire|Stealth Rock||[still]\n|-fail|p2a: Clodsire\n|\n|upkeep\n|turn|67\n|\n|t:|1698462613\n|move|p1a: Palafin|Bulk Up|p1a: Palafin\n|-boost|p1a: Palafin|atk|0\n|-boost|p1a: Palafin|def|0\n|move|p2a: Clodsire|Stealth Rock||[still]\n|-fail|p2a: Clodsire\n|\n|upkeep\n|turn|68\n|\n|t:|1698462617\n|move|p1a: Palafin|Bulk Up|p1a: Palafin\n|-boost|p1a: Palafin|atk|0\n|-boost|p1a: Palafin|def|0\n|move|p2a: Clodsire|Stealth Rock||[still]\n|-fail|p2a: Clodsire\n|\n|upkeep\n|turn|69\n|\n|t:|1698462623\n|move|p1a: Palafin|Bulk Up|p1a: Palafin\n|-boost|p1a: Palafin|atk|0\n|-boost|p1a: Palafin|def|0\n|move|p2a: Clodsire|Stealth Rock||[still]\n|-fail|p2a: Clodsire\n|\n|upkeep\n|turn|70\n|\n|t:|1698462629\n|move|p1a: Palafin|Bulk Up|p1a: Palafin\n|-boost|p1a: Palafin|atk|0\n|-boost|p1a: Palafin|def|0\n|move|p2a: Clodsire|Stealth Rock||[still]\n|-fail|p2a: Clodsire\n|\n|upkeep\n|turn|71\n|\n|t:|1698462634\n|move|p1a: Palafin|Bulk Up|p1a: Palafin\n|-boost|p1a: Palafin|atk|0\n|-boost|p1a: Palafin|def|0\n|move|p2a: Clodsire|Stealth Rock||[still]\n|-fail|p2a: Clodsire\n|\n|upkeep\n|turn|72\n|\n|t:|1698462641\n|move|p1a: Palafin|Bulk Up|p1a: Palafin\n|-boost|p1a: Palafin|atk|0\n|-boost|p1a: Palafin|def|0\n|move|p2a: Clodsire|Stealth Rock||[still]\n|-fail|p2a: Clodsire\n|\n|upkeep\n|turn|73\n|\n|t:|1698462646\n|move|p1a: Palafin|Bulk Up|p1a: Palafin\n|-boost|p1a: Palafin|atk|0\n|-boost|p1a: Palafin|def|0\n|move|p2a: Clodsire|Stealth Rock||[still]\n|-fail|p2a: Clodsire\n|\n|upkeep\n|turn|74\n|\n|t:|1698462650\n|move|p1a: Palafin|Bulk Up|p1a: Palafin\n|-boost|p1a: Palafin|atk|0\n|-boost|p1a: Palafin|def|0\n|move|p2a: Clodsire|Stealth Rock||[still]\n|-fail|p2a: Clodsire\n|\n|upkeep\n|turn|75\n|\n|t:|1698462655\n|move|p1a: Palafin|Jet Punch|p2a: Clodsire\n|-resisted|p2a: Clodsire\n|-damage|p2a: Clodsire|86\/100\n|move|p2a: Clodsire|Stealth Rock||[still]\n|-fail|p2a: Clodsire\n|\n|-heal|p2a: Clodsire|92\/100|[from] item: Leftovers\n|upkeep\n|turn|76\n|\n|t:|1698462659\n|move|p1a: Palafin|Jet Punch|p2a: Clodsire\n|-resisted|p2a: Clodsire\n|-damage|p2a: Clodsire|80\/100\n|move|p2a: Clodsire|Stealth Rock||[still]\n|-fail|p2a: Clodsire\n|\n|-heal|p2a: Clodsire|86\/100|[from] item: Leftovers\n|upkeep\n|turn|77\n|\n|t:|1698462663\n|move|p1a: Palafin|Jet Punch|p2a: Clodsire\n|-resisted|p2a: Clodsire\n|-damage|p2a: Clodsire|71\/100\n|move|p2a: Clodsire|Stealth Rock||[still]\n|-fail|p2a: Clodsire\n|\n|-heal|p2a: Clodsire|77\/100|[from] item: Leftovers\n|upkeep\n|turn|78\n|\n|t:|1698462668\n|move|p1a: Palafin|Jet Punch|p2a: Clodsire\n|-resisted|p2a: Clodsire\n|-damage|p2a: Clodsire|64\/100\n|move|p2a: Clodsire|Stealth Rock||[still]\n|-fail|p2a: Clodsire\n|\n|-heal|p2a: Clodsire|70\/100|[from] item: Leftovers\n|upkeep\n|turn|79\n|\n|t:|1698462672\n|move|p1a: Palafin|Jet Punch|p2a: Clodsire\n|-resisted|p2a: Clodsire\n|-damage|p2a: Clodsire|55\/100\n|move|p2a: Clodsire|Stealth Rock||[still]\n|-fail|p2a: Clodsire\n|\n|-heal|p2a: Clodsire|61\/100|[from] item: Leftovers\n|upkeep\n|turn|80\n|\n|t:|1698462677\n|move|p1a: Palafin|Jet Punch|p2a: Clodsire\n|-resisted|p2a: Clodsire\n|-damage|p2a: Clodsire|48\/100\n|move|p2a: Clodsire|Stealth Rock||[still]\n|-fail|p2a: Clodsire\n|\n|-heal|p2a: Clodsire|54\/100|[from] item: Leftovers\n|upkeep\n|turn|81\n|\n|t:|1698462681\n|move|p1a: Palafin|Jet Punch|p2a: Clodsire\n|-resisted|p2a: Clodsire\n|-damage|p2a: Clodsire|41\/100\n|move|p2a: Clodsire|Stealth Rock||[still]\n|-fail|p2a: Clodsire\n|\n|-heal|p2a: Clodsire|47\/100|[from] item: Leftovers\n|upkeep\n|turn|82\n|\n|t:|1698462685\n|move|p1a: Palafin|Jet Punch|p2a: Clodsire\n|-resisted|p2a: Clodsire\n|-damage|p2a: Clodsire|35\/100\n|move|p2a: Clodsire|Stealth Rock||[still]\n|-fail|p2a: Clodsire\n|\n|-heal|p2a: Clodsire|41\/100|[from] item: Leftovers\n|upkeep\n|turn|83\n|\n|t:|1698462690\n|move|p1a: Palafin|Jet Punch|p2a: Clodsire\n|-resisted|p2a: Clodsire\n|-damage|p2a: Clodsire|28\/100\n|move|p2a: Clodsire|Recover|p2a: Clodsire\n|-heal|p2a: Clodsire|78\/100\n|\n|-heal|p2a: Clodsire|85\/100|[from] item: Leftovers\n|upkeep\n|turn|84\n|\n|t:|1698462699\n|move|p1a: Palafin|Jet Punch|p2a: Clodsire\n|-resisted|p2a: Clodsire\n|-damage|p2a: Clodsire|72\/100\n|move|p2a: Clodsire|Toxic||[still]\n|-fail|p2a: Clodsire\n|\n|-heal|p2a: Clodsire|78\/100|[from] item: Leftovers\n|upkeep\n|turn|85\n|\n|t:|1698462705\n|move|p1a: Palafin|Jet Punch|p2a: Clodsire\n|-resisted|p2a: Clodsire\n|-damage|p2a: Clodsire|64\/100\n|move|p2a: Clodsire|Toxic||[still]\n|-fail|p2a: Clodsire\n|\n|-heal|p2a: Clodsire|70\/100|[from] item: Leftovers\n|upkeep\n|turn|86\n|\n|t:|1698462709\n|move|p1a: Palafin|Drain Punch|p2a: Clodsire\n|-damage|p2a: Clodsire|46\/100\n|move|p2a: Clodsire|Toxic|p1a: Palafin|[miss]\n|-miss|p2a: Clodsire|p1a: Palafin\n|\n|-heal|p2a: Clodsire|52\/100|[from] item: Leftovers\n|upkeep\n|turn|87\n|\n|t:|1698462714\n|move|p1a: Palafin|Drain Punch|p2a: Clodsire\n|-damage|p2a: Clodsire|31\/100\n|move|p2a: Clodsire|Toxic|p1a: Palafin|[miss]\n|-miss|p2a: Clodsire|p1a: Palafin\n|\n|-heal|p2a: Clodsire|37\/100|[from] item: Leftovers\n|upkeep\n|turn|88\n|\n|t:|1698462720\n|move|p1a: Palafin|Drain Punch|p2a: Clodsire\n|-damage|p2a: Clodsire|14\/100\n|move|p2a: Clodsire|Recover|p2a: Clodsire\n|-heal|p2a: Clodsire|64\/100\n|\n|-heal|p2a: Clodsire|70\/100|[from] item: Leftovers\n|upkeep\n|turn|89\n|\n|t:|1698462729\n|move|p1a: Palafin|Drain Punch|p2a: Clodsire\n|-damage|p2a: Clodsire|48\/100\n|move|p2a: Clodsire|Toxic||[still]\n|-fail|p2a: Clodsire\n|\n|-heal|p2a: Clodsire|54\/100|[from] item: Leftovers\n|upkeep\n|turn|90\n|\n|t:|1698462738\n|-activate|p1a: Palafin|move: Struggle\n|move|p1a: Palafin|Struggle|p2a: Clodsire\n|-damage|p2a: Clodsire|40\/100\n|-damage|p1a: Palafin|75\/100|[from] recoil\n|move|p2a: Clodsire|Toxic||[still]\n|-fail|p2a: Clodsire\n|\n|-heal|p1a: Palafin|82\/100|[from] item: Leftovers\n|-heal|p2a: Clodsire|46\/100|[from] item: Leftovers\n|upkeep\n|turn|91\n|\n|t:|1698462747\n|-activate|p1a: Palafin|move: Struggle\n|move|p1a: Palafin|Struggle|p2a: Clodsire\n|-damage|p2a: Clodsire|30\/100\n|-damage|p1a: Palafin|57\/100|[from] recoil\n|move|p2a: Clodsire|Recover|p2a: Clodsire\n|-heal|p2a: Clodsire|80\/100\n|\n|-heal|p1a: Palafin|63\/100|[from] item: Leftovers\n|-heal|p2a: Clodsire|86\/100|[from] item: Leftovers\n|upkeep\n|turn|92\n|\n|t:|1698462753\n|-activate|p1a: Palafin|move: Struggle\n|move|p1a: Palafin|Struggle|p2a: Clodsire\n|-damage|p2a: Clodsire|72\/100\n|-damage|p1a: Palafin|38\/100|[from] recoil\n|move|p2a: Clodsire|Recover|p2a: Clodsire\n|-heal|p2a: Clodsire|100\/100\n|\n|-heal|p1a: Palafin|44\/100|[from] item: Leftovers\n|upkeep\n|turn|93\n|\n|t:|1698462761\n|-activate|p1a: Palafin|move: Struggle\n|move|p1a: Palafin|Struggle|p2a: Clodsire\n|-damage|p2a: Clodsire|86\/100\n|-damage|p1a: Palafin|19\/100|[from] recoil\n|-activate|p2a: Clodsire|move: Struggle\n|move|p2a: Clodsire|Struggle|p1a: Palafin\n|-end|p1a: Palafin|Substitute\n|-damage|p2a: Clodsire|61\/100|[from] recoil\n|\n|-heal|p1a: Palafin|25\/100|[from] item: Leftovers\n|-heal|p2a: Clodsire|67\/100|[from] item: Leftovers\n|upkeep\n|turn|94\n|\n|t:|1698462768\n|-activate|p1a: Palafin|move: Struggle\n|move|p1a: Palafin|Struggle|p2a: Clodsire\n|-damage|p2a: Clodsire|50\/100\n|-damage|p1a: Palafin|0 fnt|[from] recoil\n|faint|p1a: Palafin\n|\n|win|gjreogjefv\n","uploadtime":1698462837,"views":11,"p1id":"jiopbejtp","p2id":"gjreogjefv","formatid":"gen9ubers","rating":0,"private":0,"password":""}