{"id":"gen9ubers-1974115116","p1":"gokuisverycool","p2":"aqua likes u","format":"[Gen 9] Ubers","log":"|j|\u2606gokuisverycool\n|j|\u2606aqua likes u\n|t:|1698057924\n|gametype|singles\n|player|p1|gokuisverycool|2|1088\n|player|p2|aqua likes u|brock|1028\n|teamsize|p1|6\n|teamsize|p2|6\n|gen|9\n|tier|[Gen 9] Ubers\n|rated|\n|rule|Sleep Clause Mod: Limit one foe put to sleep\n|rule|Species Clause: Limit one of each Pok\u00e9mon\n|rule|OHKO Clause: OHKO moves are banned\n|rule|Evasion Items Clause: Evasion items are banned\n|rule|Evasion Moves Clause: Evasion moves are banned\n|rule|Endless Battle Clause: Forcing endless battles is banned\n|rule|HP Percentage Mod: HP is shown in percentages\n|clearpoke\n|poke|p1|Urshifu-*, M|\n|poke|p1|Ogerpon-Hearthflame, F|\n|poke|p1|Baxcalibur, M|\n|poke|p1|Arceus-Ground|\n|poke|p1|Gholdengo|\n|poke|p1|Toxapex, M|\n|poke|p2|Bellibolt, F|\n|poke|p2|Sneasler, M|\n|poke|p2|Spidops, M|\n|poke|p2|Koraidon|\n|poke|p2|Ditto|\n|poke|p2|Mewtwo|\n|teampreview\n|inactive|Battle timer is ON: inactive players will automatically lose when time's up. (requested by aqua likes u)\n|\n|t:|1698057934\n|start\n|switch|p1a: Arceus|Arceus-Ground|100\/100\n|switch|p2a: Spidops|Spidops, M|100\/100\n|turn|1\n|\n|t:|1698057951\n|move|p1a: Arceus|Calm Mind|p1a: Arceus\n|-boost|p1a: Arceus|spa|1\n|-boost|p1a: Arceus|spd|1\n|move|p2a: Spidops|Toxic Spikes|p1a: Arceus\n|-sidestart|p1: gokuisverycool|move: Toxic Spikes\n|\n|upkeep\n|turn|2\n|\n|t:|1698057959\n|move|p1a: Arceus|Calm Mind|p1a: Arceus\n|-boost|p1a: Arceus|spa|1\n|-boost|p1a: Arceus|spd|1\n|move|p2a: Spidops|Sticky Web|p1a: Arceus\n|-sidestart|p1: gokuisverycool|move: Sticky Web\n|\n|upkeep\n|turn|3\n|\n|t:|1698057964\n|move|p1a: Arceus|Judgment|p2a: Spidops\n|-resisted|p2a: Spidops\n|-damage|p2a: Spidops|36\/100\n|move|p2a: Spidops|Circle Throw|p1a: Arceus|[miss]\n|-miss|p2a: Spidops|p1a: Arceus\n|\n|upkeep\n|turn|4\n|\n|t:|1698057970\n|move|p1a: Arceus|Judgment|p2a: Spidops\n|-resisted|p2a: Spidops\n|-damage|p2a: Spidops|0 fnt\n|faint|p2a: Spidops\n|\n|upkeep\n|\n|t:|1698057973\n|switch|p2a: Ditto|Ditto|100\/100\n|-transform|p2a: Ditto|p1a: Arceus|[from] ability: Imposter\n|turn|5\n|\n|t:|1698057983\n|move|p1a: Arceus|Judgment|p2a: Ditto\n|-damage|p2a: Ditto|50\/100\n|move|p2a: Ditto|Taunt|p1a: Arceus\n|-start|p1a: Arceus|move: Taunt\n|\n|-heal|p2a: Ditto|56\/100|[from] item: Leftovers\n|upkeep\n|turn|6\n|\n|t:|1698057992\n|move|p1a: Arceus|Judgment|p2a: Ditto\n|-crit|p2a: Ditto\n|-damage|p2a: Ditto|0 fnt\n|faint|p2a: Ditto\n|\n|upkeep\n|\n|t:|1698057996\n|switch|p2a: Mewtwo|Mewtwo|100\/100\n|-ability|p2a: Mewtwo|Unnerve\n|turn|7\n|\n|t:|1698058000\n|move|p2a: Mewtwo|Metronome|p2a: Mewtwo\n|move|p2a: Mewtwo|Thunder|p1a: Arceus|[from]move: Metronome\n|-immune|p1a: Arceus\n|move|p1a: Arceus|Judgment|p2a: Mewtwo\n|-damage|p2a: Mewtwo|0 fnt\n|faint|p2a: Mewtwo\n|\n|upkeep\n|\n|t:|1698058006\n|switch|p2a: Koraidon|Koraidon|100\/100\n|-weather|SunnyDay|[from] ability: Orichalcum Pulse|[of] p2a: Koraidon\n|-activate|p2a: Koraidon|Orichalcum Pulse|[source]\n|turn|8\n|-message|aqua likes u forfeited.\n|\n|win|gokuisverycool\n|raw|gokuisverycool's rating: 1088 &rarr; <strong>1110<\/strong><br \/>(+22 for winning)\n|raw|aqua likes u's rating: 1028 &rarr; <strong>1016<\/strong><br \/>(-12 for losing)\n|l|\u2606aqua likes u\n","uploadtime":1698058019,"views":21,"p1id":"gokuisverycool","p2id":"aqualikesu","formatid":"gen9ubers","rating":1016,"private":0,"password":""}