{"id":"gen9ubers-1979195117","p1":"the tr4sh man","p2":"leonissenbaum","format":"[Gen 9] Ubers","log":"|j|\u2606the tr4sh man\n|j|\u2606leonissenbaum\n|t:|1698648964\n|gametype|singles\n|player|p1|the tr4sh man|xerosic|\n|player|p2|leonissenbaum|leon|\n|teamsize|p1|6\n|teamsize|p2|6\n|gen|9\n|tier|[Gen 9] Ubers\n|rule|Sleep Clause Mod: Limit one foe put to sleep\n|rule|Species Clause: Limit one of each Pok\u00e9mon\n|rule|OHKO Clause: OHKO moves are banned\n|rule|Evasion Items Clause: Evasion items are banned\n|rule|Evasion Moves Clause: Evasion moves are banned\n|rule|Endless Battle Clause: Forcing endless battles is banned\n|rule|HP Percentage Mod: HP is shown in percentages\n|clearpoke\n|poke|p1|Conkeldurr, F|\n|poke|p1|Zacian-*|\n|poke|p1|Scizor, M|\n|poke|p1|Rillaboom, M|\n|poke|p1|Landorus, M|\n|poke|p1|Urshifu-*, F|\n|poke|p2|Giratina|\n|poke|p2|Gliscor, F|\n|poke|p2|Blissey, F|\n|poke|p2|Dondozo, F|\n|poke|p2|Clefable, M|\n|poke|p2|Espeon, F|\n|teampreview\n|c|\u2606leonissenbaum|i fear\n|c|\u2606leonissenbaum|i am panicking\n|c|\u2606leonissenbaum|its so over\n|c|\u2606the tr4sh man|be not afraid\n|\n|t:|1698648992\n|start\n|switch|p1a: Urshifu|Urshifu-Rapid-Strike, F|100\/100\n|switch|p2a: Gliscor|Gliscor, F|100\/100\n|turn|1\n|\n|t:|1698649031\n|switch|p2a: Dondozo|Dondozo, F|100\/100\n|move|p1a: Urshifu|Surging Strikes|p2a: Dondozo\n|-resisted|p2a: Dondozo\n|-crit|p2a: Dondozo\n|-damage|p2a: Dondozo|93\/100\n|-damage|p1a: Urshifu|84\/100|[from] item: Rocky Helmet|[of] p2a: Dondozo\n|-resisted|p2a: Dondozo\n|-crit|p2a: Dondozo\n|-damage|p2a: Dondozo|87\/100\n|-damage|p1a: Urshifu|68\/100|[from] item: Rocky Helmet|[of] p2a: Dondozo\n|-resisted|p2a: Dondozo\n|-crit|p2a: Dondozo\n|-damage|p2a: Dondozo|81\/100\n|-damage|p1a: Urshifu|51\/100|[from] item: Rocky Helmet|[of] p2a: Dondozo\n|-hitcount|p2a: Dondozo|3\n|\n|upkeep\n|turn|2\n|c|\u2606the tr4sh man|that was a gamble worth going for in you case forgot lol\n|c|\u2606leonissenbaum|lmao\n|\n|t:|1698649073\n|switch|p1a: Rillaboom|Rillaboom, M|100\/100\n|-fieldstart|move: Grassy Terrain|[from] ability: Grassy Surge|[of] p1a: Rillaboom\n|move|p2a: Dondozo|Body Press|p1a: Rillaboom\n|-damage|p1a: Rillaboom|69\/100\n|\n|-heal|p1a: Rillaboom|75\/100|[from] Grassy Terrain\n|-heal|p2a: Dondozo|87\/100|[from] Grassy Terrain\n|upkeep\n|turn|3\n|\n|t:|1698649089\n|switch|p2a: Giratina|Giratina, shiny|100\/100\n|-ability|p2a: Giratina|Pressure\n|move|p1a: Rillaboom|Knock Off|p2a: Giratina\n|-supereffective|p2a: Giratina\n|-damage|p2a: Giratina|35\/100\n|-enditem|p2a: Giratina|Leftovers|[from] move: Knock Off|[of] p1a: Rillaboom\n|\n|-heal|p1a: Rillaboom|81\/100|[from] Grassy Terrain\n|-heal|p2a: Giratina|41\/100|[from] Grassy Terrain\n|upkeep\n|turn|4\n|\n|t:|1698649095\n|switch|p1a: Conkeldurr|Conkeldurr, F|100\/100\n|move|p2a: Giratina|Rest|p2a: Giratina\n|-status|p2a: Giratina|slp|[from] move: Rest\n|-heal|p2a: Giratina|100\/100 slp|[silent]\n|\n|upkeep\n|turn|5\n|\n|t:|1698649107\n|switch|p2a: Gliscor|Gliscor, F|100\/100\n|move|p1a: Conkeldurr|Knock Off|p2a: Gliscor\n|-crit|p2a: Gliscor\n|-damage|p2a: Gliscor|30\/100\n|-enditem|p2a: Gliscor|Toxic Orb|[from] move: Knock Off|[of] p1a: Conkeldurr\n|\n|upkeep\n|turn|6\n|c|\u2606leonissenbaum|this is so sad\n|c|\u2606the tr4sh man|true...\n|c|\u2606leonissenbaum|also this is prolly mono cb\n|\n|t:|1698649142\n|move|p2a: Gliscor|Toxic Spikes|p1a: Conkeldurr\n|-sidestart|p1: the tr4sh man|move: Toxic Spikes\n|move|p1a: Conkeldurr|Knock Off|p2a: Gliscor\n|-damage|p2a: Gliscor|0 fnt\n|faint|p2a: Gliscor\n|\n|-fieldend|move: Grassy Terrain\n|upkeep\n|c|\u2606the tr4sh man|i can neither confirm nor deny this info\n|\n|t:|1698649155\n|switch|p2a: Dondozo|Dondozo, F|87\/100\n|turn|7\n|\n|t:|1698649164\n|move|p1a: Conkeldurr|Knock Off|p2a: Dondozo\n|-damage|p2a: Dondozo|62\/100\n|-damage|p1a: Conkeldurr|84\/100|[from] item: Rocky Helmet|[of] p2a: Dondozo\n|-enditem|p2a: Dondozo|Rocky Helmet|[from] move: Knock Off|[of] p1a: Conkeldurr\n|move|p2a: Dondozo|Body Press|p1a: Conkeldurr\n|-damage|p1a: Conkeldurr|61\/100\n|\n|upkeep\n|turn|8\n|\n|t:|1698649174\n|switch|p1a: Scizor|Scizor, M|100\/100\n|move|p2a: Dondozo|Body Press|p1a: Scizor\n|-damage|p1a: Scizor|73\/100\n|\n|upkeep\n|turn|9\n|\n|t:|1698649184\n|move|p1a: Scizor|U-turn|p2a: Dondozo\n|-damage|p2a: Dondozo|35\/100\n|\n|t:|1698649186\n|switch|p1a: Conkeldurr|Conkeldurr, F|61\/100|[from] U-turn\n|-status|p1a: Conkeldurr|psn\n|move|p2a: Dondozo|Rest|p2a: Dondozo\n|-status|p2a: Dondozo|slp|[from] move: Rest\n|-heal|p2a: Dondozo|100\/100 slp|[silent]\n|\n|-damage|p1a: Conkeldurr|49\/100 psn|[from] psn\n|upkeep\n|turn|10\n|\n|t:|1698649198\n|switch|p2a: Giratina|Giratina, shiny|100\/100 slp\n|-ability|p2a: Giratina|Pressure\n|move|p1a: Conkeldurr|Defog|p2a: Giratina\n|-unboost|p2a: Giratina|evasion|1\n|-sideend|p1: the tr4sh man|Toxic Spikes|[from] move: Defog|[of] p1a: Conkeldurr\n|\n|-damage|p1a: Conkeldurr|37\/100 psn|[from] psn\n|upkeep\n|turn|11\n|\n|t:|1698649202\n|switch|p2a: Blissey|Blissey, F|100\/100\n|switch|p1a: Rillaboom|Rillaboom, M|81\/100\n|-fieldstart|move: Grassy Terrain|[from] ability: Grassy Surge|[of] p1a: Rillaboom\n|\n|-heal|p1a: Rillaboom|87\/100|[from] Grassy Terrain\n|upkeep\n|turn|12\n|\n|t:|1698649215\n|switch|p2a: Dondozo|Dondozo, F|100\/100 slp\n|move|p1a: Rillaboom|U-turn|p2a: Dondozo\n|-damage|p2a: Dondozo|84\/100 slp\n|\n|t:|1698649218\n|switch|p1a: Conkeldurr|Conkeldurr, F|37\/100 psn|[from] U-turn\n|\n|-heal|p1a: Conkeldurr|43\/100 psn|[from] Grassy Terrain\n|-heal|p2a: Dondozo|91\/100 slp|[from] Grassy Terrain\n|-damage|p1a: Conkeldurr|30\/100 psn|[from] psn\n|upkeep\n|turn|13\n|\n|t:|1698649222\n|move|p1a: Conkeldurr|Drain Punch|p2a: Dondozo\n|-damage|p2a: Dondozo|49\/100 slp\n|-heal|p1a: Conkeldurr|56\/100 psn|[from] drain|[of] p2a: Dondozo\n|cant|p2a: Dondozo|slp\n|move|p2a: Dondozo|Sleep Talk|p2a: Dondozo\n|move|p2a: Dondozo|Body Press|p1a: Conkeldurr|[from]move: Sleep Talk\n|-damage|p1a: Conkeldurr|29\/100 psn\n|\n|-heal|p1a: Conkeldurr|36\/100 psn|[from] Grassy Terrain\n|-heal|p2a: Dondozo|55\/100 slp|[from] Grassy Terrain\n|-damage|p1a: Conkeldurr|23\/100 psn|[from] psn\n|upkeep\n|turn|14\n|\n|t:|1698649226\n|move|p1a: Conkeldurr|Drain Punch|p2a: Dondozo\n|-damage|p2a: Dondozo|9\/100 slp\n|-heal|p1a: Conkeldurr|51\/100 psn|[from] drain|[of] p2a: Dondozo\n|cant|p2a: Dondozo|slp\n|move|p2a: Dondozo|Sleep Talk|p2a: Dondozo\n|move|p2a: Dondozo|Rest||[from]move: Sleep Talk|[still]\n|-fail|p2a: Dondozo\n|\n|-heal|p1a: Conkeldurr|58\/100 psn|[from] Grassy Terrain\n|-heal|p2a: Dondozo|15\/100 slp|[from] Grassy Terrain\n|-damage|p1a: Conkeldurr|45\/100 psn|[from] psn\n|upkeep\n|turn|15\n|\n|t:|1698649234\n|switch|p1a: Zacian|Zacian|100\/100\n|-ability|p1a: Zacian|Intrepid Sword|boost\n|-boost|p1a: Zacian|atk|1\n|switch|p2a: Giratina|Giratina, shiny|100\/100 slp\n|-ability|p2a: Giratina|Pressure\n|\n|-fieldend|move: Grassy Terrain\n|upkeep\n|turn|16\n|\n|t:|1698649255\n|switch|p2a: Espeon|Espeon, F|100\/100\n|move|p1a: Zacian|Play Rough|p2a: Espeon\n|-damage|p2a: Espeon|0 fnt\n|faint|p2a: Espeon\n|\n|upkeep\n|\n|t:|1698649286\n|switch|p2a: Dondozo|Dondozo, F|15\/100 slp\n|turn|17\n|\n|t:|1698649289\n|-terastallize|p2a: Dondozo|Poison\n|move|p1a: Zacian|Play Rough|p2a: Dondozo\n|-resisted|p2a: Dondozo\n|-damage|p2a: Dondozo|0 fnt\n|faint|p2a: Dondozo\n|\n|upkeep\n|c|\u2606leonissenbaum|damn, that was a 25% chance for me to live\n|c|\u2606leonissenbaum|gg\n|\n|t:|1698649308\n|switch|p2a: Clefable|Clefable, M|100\/100\n|turn|18\n|c|\u2606the tr4sh man|a game of fate\n|\n|t:|1698649318\n|-terastallize|p1a: Zacian|Fairy\n|move|p1a: Zacian|Play Rough|p2a: Clefable|[miss]\n|-miss|p1a: Zacian|p2a: Clefable\n|move|p2a: Clefable|Moonblast|p1a: Zacian\n|-damage|p1a: Zacian|70\/100\n|\n|upkeep\n|turn|19\n|c|\u2606the tr4sh man|ironic that i missed right as i said that\n|c|\u2606leonissenbaum|theoretical gg if you don't miss the next 3 play roughs\n|\n|t:|1698649332\n|move|p1a: Zacian|Play Rough|p2a: Clefable\n|-damage|p2a: Clefable|7\/100\n|move|p2a: Clefable|Moonblast|p1a: Zacian\n|-damage|p1a: Zacian|42\/100\n|\n|-heal|p2a: Clefable|13\/100|[from] item: Leftovers\n|upkeep\n|turn|20\n|\n|t:|1698649337\n|move|p1a: Zacian|Play Rough|p2a: Clefable\n|-damage|p2a: Clefable|0 fnt\n|faint|p2a: Clefable\n|\n|upkeep\n|\n|t:|1698649340\n|switch|p2a: Blissey|Blissey, F|100\/100\n|turn|21\n|\n|t:|1698649342\n|move|p1a: Zacian|Play Rough|p2a: Blissey\n|-damage|p2a: Blissey|0 fnt\n|faint|p2a: Blissey\n|\n|upkeep\n|\n|t:|1698649344\n|switch|p2a: Giratina|Giratina, shiny|100\/100 slp\n|-ability|p2a: Giratina|Pressure\n|turn|22\n|\n|t:|1698649345\n|move|p1a: Zacian|Play Rough|p2a: Giratina\n|-supereffective|p2a: Giratina\n|-damage|p2a: Giratina|0 fnt\n|faint|p2a: Giratina\n|\n|win|the tr4sh man\n|c|\u2606leonissenbaum|gg\n|c|\u2606the tr4sh man|true, true\n|c|\u2606the tr4sh man|gg\n","uploadtime":1698649351,"views":22,"p1id":"thetr4shman","p2id":"leonissenbaum","formatid":"gen9ubers","rating":0,"private":0,"password":""}