{"id":"gen9ubers-1978167476","p1":"ItsmeBlankKnight","p2":"Leo Justice","format":"[Gen 9] Ubers","log":"|j|\u2606ItsmeBlankKnight\n|j|\u2606Leo Justice\n|t:|1698507375\n|gametype|singles\n|player|p1|ItsmeBlankKnight|larry|\n|player|p2|Leo Justice|carmine|\n|teamsize|p1|6\n|teamsize|p2|6\n|gen|9\n|tier|[Gen 9] Ubers\n|rule|Sleep Clause Mod: Limit one foe put to sleep\n|rule|Species Clause: Limit one of each Pok\u00e9mon\n|rule|OHKO Clause: OHKO moves are banned\n|rule|Evasion Items Clause: Evasion items are banned\n|rule|Evasion Moves Clause: Evasion moves are banned\n|rule|Endless Battle Clause: Forcing endless battles is banned\n|rule|HP Percentage Mod: HP is shown in percentages\n|clearpoke\n|poke|p1|Chi-Yu|\n|poke|p1|Palafin, F|\n|poke|p1|Spectrier|\n|poke|p1|Arceus-Poison|\n|poke|p1|Masquerain, F|\n|poke|p1|Basculegion-F, F|\n|poke|p2|Pelipper, F|\n|poke|p2|Basculegion-F, F|\n|poke|p2|Meowscarada, F|\n|poke|p2|Gholdengo|\n|poke|p2|Arceus-Dragon|\n|poke|p2|Landorus, M|\n|teampreview\n|inactive|Battle timer is ON: inactive players will automatically lose when time's up. (requested by ItsmeBlankKnight)\n|\n|t:|1698507389\n|start\n|switch|p1a: Masquerain|Masquerain, F|100\/100\n|switch|p2a: Meowscarada|Meowscarada, F|100\/100\n|-ability|p1a: Masquerain|Intimidate|boost\n|-unboost|p2a: Meowscarada|atk|1\n|turn|1\n|\n|t:|1698507394\n|move|p2a: Meowscarada|Taunt|p1a: Masquerain\n|-start|p1a: Masquerain|move: Taunt\n|move|p1a: Masquerain|U-turn|p2a: Meowscarada\n|-supereffective|p2a: Meowscarada\n|-enditem|p2a: Meowscarada|Focus Sash\n|-damage|p2a: Meowscarada|1\/100\n|\n|t:|1698507399\n|switch|p1a: Basculegion|Basculegion-F, F|100\/100|[from] U-turn\n|\n|upkeep\n|turn|2\n|\n|t:|1698507412\n|move|p1a: Basculegion|Flip Turn|p2a: Meowscarada\n|-resisted|p2a: Meowscarada\n|-damage|p2a: Meowscarada|0 fnt\n|faint|p2a: Meowscarada\n|\n|t:|1698507416\n|switch|p1a: Masquerain|Masquerain, F|100\/100|[from] Flip Turn\n|\n|upkeep\n|\n|t:|1698507421\n|switch|p2a: Arceus|Arceus-Dragon|100\/100\n|turn|3\n|\n|t:|1698507424\n|move|p1a: Masquerain|Sticky Web|p2a: Arceus\n|-sidestart|p2: Leo Justice|move: Sticky Web\n|move|p2a: Arceus|Swords Dance|p2a: Arceus\n|-boost|p2a: Arceus|atk|2\n|\n|upkeep\n|turn|4\n|\n|t:|1698507429\n|move|p1a: Masquerain|U-turn|p2a: Arceus\n|-damage|p2a: Arceus|90\/100\n|\n|t:|1698507433\n|switch|p1a: Palafin|Palafin, F|100\/100|[from] U-turn\n|move|p2a: Arceus|Swords Dance|p2a: Arceus\n|-boost|p2a: Arceus|atk|2\n|\n|upkeep\n|turn|5\n|\n|t:|1698507438\n|move|p2a: Arceus|Extreme Speed|p1a: Palafin\n|-damage|p1a: Palafin|0 fnt\n|faint|p1a: Palafin\n|\n|upkeep\n|\n|t:|1698507449\n|switch|p1a: Chi-Yu|Chi-Yu|100\/100\n|-ability|p1a: Chi-Yu|Beads of Ruin\n|turn|6\n|\n|t:|1698507451\n|move|p2a: Arceus|Extreme Speed|p1a: Chi-Yu\n|-damage|p1a: Chi-Yu|0 fnt\n|faint|p1a: Chi-Yu\n|\n|upkeep\n|\n|t:|1698507454\n|switch|p1a: Basculegion|Basculegion-F, F|100\/100\n|turn|7\n|\n|t:|1698507459\n|-terastallize|p2a: Arceus|Normal\n|move|p1a: Basculegion|Last Respects|p2a: Arceus\n|-immune|p2a: Arceus\n|move|p2a: Arceus|Dragon Claw|p1a: Basculegion\n|-damage|p1a: Basculegion|0 fnt\n|faint|p1a: Basculegion\n|\n|upkeep\n|c|\u2606ItsmeBlankKnight|fuck\n|\n|t:|1698507476\n|switch|p1a: Spectrier|Spectrier|100\/100\n|turn|8\n|\n|t:|1698507480\n|-terastallize|p1a: Spectrier|Fighting\n|move|p1a: Spectrier|Tera Blast|p2a: Arceus|[anim] Tera Blast Fighting\n|-supereffective|p2a: Arceus\n|-damage|p2a: Arceus|0 fnt\n|faint|p2a: Arceus\n|-ability|p1a: Spectrier|Grim Neigh|boost\n|-boost|p1a: Spectrier|spa|1\n|\n|upkeep\n|\n|t:|1698507488\n|switch|p2a: Gholdengo|Gholdengo|100\/100\n|-activate|p2a: Gholdengo|move: Sticky Web\n|-unboost|p2a: Gholdengo|spe|1\n|turn|9\n|\n|t:|1698507492\n|switch|p1a: Arceus|Arceus-Poison|100\/100\n|move|p2a: Gholdengo|Shadow Ball|p1a: Arceus\n|-damage|p1a: Arceus|73\/100\n|\n|upkeep\n|turn|10\n|\n|t:|1698507497\n|switch|p2a: Landorus|Landorus, M|100\/100\n|move|p1a: Arceus|Swords Dance|p1a: Arceus\n|-boost|p1a: Arceus|atk|2\n|\n|upkeep\n|turn|11\n|\n|t:|1698507499\n|move|p2a: Landorus|Earth Power|p1a: Arceus\n|-supereffective|p1a: Arceus\n|-damage|p1a: Arceus|0 fnt\n|faint|p1a: Arceus\n|\n|upkeep\n|\n|t:|1698507502\n|switch|p1a: Spectrier|Spectrier, tera:Fighting|100\/100\n|turn|12\n|\n|t:|1698507511\n|move|p1a: Spectrier|Shadow Ball|p2a: Landorus\n|-damage|p2a: Landorus|19\/100\n|move|p2a: Landorus|Earth Power|p1a: Spectrier\n|-damage|p1a: Spectrier|9\/100\n|\n|upkeep\n|turn|13\n|c|\u2606Leo Justice|Spectrier is ASS\n|\n|t:|1698507523\n|move|p1a: Spectrier|Shadow Ball|p2a: Landorus\n|-damage|p2a: Landorus|0 fnt\n|faint|p2a: Landorus\n|-ability|p1a: Spectrier|Grim Neigh|boost\n|-boost|p1a: Spectrier|spa|1\n|\n|upkeep\n|c|\u2606ItsmeBlankKnight|;(\n|\n|t:|1698507529\n|switch|p2a: Basculegion|Basculegion-F, F|100\/100\n|turn|14\n|c|\u2606ItsmeBlankKnight|this is specs 2\n|\n|t:|1698507531\n|move|p2a: Basculegion|Aqua Jet|p1a: Spectrier\n|-damage|p1a: Spectrier|0 fnt\n|faint|p1a: Spectrier\n|\n|upkeep\n|\n|t:|1698507532\n|switch|p1a: Masquerain|Masquerain, F|100\/100\n|-ability|p1a: Masquerain|Intimidate|boost\n|-unboost|p2a: Basculegion|atk|1\n|turn|15\n|\n|t:|1698507535\n|switch|p2a: Gholdengo|Gholdengo|100\/100\n|-activate|p2a: Gholdengo|move: Sticky Web\n|-unboost|p2a: Gholdengo|spe|1\n|move|p1a: Masquerain|Hydro Pump|p2a: Gholdengo\n|-damage|p2a: Gholdengo|73\/100\n|\n|upkeep\n|turn|16\n|c|\u2606ItsmeBlankKnight|ima try nasty plot\n|l|\u2606ItsmeBlankKnight\n|inactive|ItsmeBlankKnight disconnected and has 300 seconds to reconnect!\n|player|p1|\n|inactive|ItsmeBlankKnight has 270 seconds to reconnect!\n|j|\u2606ItsmeBlankKnight\n|inactive|ItsmeBlankKnight reconnected and has 275 seconds left.\n|player|p1|ItsmeBlankKnight|larry\n|\n|t:|1698507620\n|move|p2a: Gholdengo|Shadow Ball|p1a: Masquerain\n|-damage|p1a: Masquerain|50\/100\n|move|p1a: Masquerain|Hydro Pump|p2a: Gholdengo\n|-damage|p2a: Gholdengo|44\/100\n|\n|upkeep\n|turn|17\n|-message|ItsmeBlankKnight forfeited.\n|\n|win|Leo Justice\n|l|\u2606ItsmeBlankKnight\n","uploadtime":1698507666,"views":12,"p1id":"itsmeblankknight","p2id":"leojustice","formatid":"gen9ubers","rating":0,"private":0,"password":""}