{"id":"gen9ubers-1975747071","p1":"fishyroads","p2":"yanein","format":"[Gen 9] Ubers","log":"|j|\u2606fishyroads\n|j|\u2606yanein\n|t:|1698233488\n|gametype|singles\n|player|p1|fishyroads|harlequin|\n|player|p2|yanein|cynthia-gen4|\n|teamsize|p1|6\n|teamsize|p2|6\n|gen|9\n|tier|[Gen 9] Ubers\n|rule|Sleep Clause Mod: Limit one foe put to sleep\n|rule|Species Clause: Limit one of each Pok\u00e9mon\n|rule|OHKO Clause: OHKO moves are banned\n|rule|Evasion Items Clause: Evasion items are banned\n|rule|Evasion Moves Clause: Evasion moves are banned\n|rule|Endless Battle Clause: Forcing endless battles is banned\n|rule|HP Percentage Mod: HP is shown in percentages\n|clearpoke\n|poke|p1|Houndstone, F|\n|poke|p1|Tyranitar, F|\n|poke|p1|Zacian-*|\n|poke|p1|Cyclizar, F|\n|poke|p1|Arceus-Dark|\n|poke|p1|Shaymin-Sky|\n|poke|p2|Arceus-Fire|\n|poke|p2|Torkoal, F|\n|poke|p2|Magearna|\n|poke|p2|Walking Wake|\n|poke|p2|Chi-Yu|\n|poke|p2|Zacian-*|\n|teampreview\n|\n|t:|1698233504\n|start\n|switch|p1a: Tyranitar|Tyranitar, F|100\/100\n|switch|p2a: Chi-Yu|Chi-Yu|100\/100\n|-ability|p2a: Chi-Yu|Beads of Ruin\n|-weather|Sandstorm|[from] ability: Sand Stream|[of] p1a: Tyranitar\n|turn|1\n|inactive|Battle timer is ON: inactive players will automatically lose when time's up. (requested by yanein)\n|\n|t:|1698233513\n|switch|p2a: Magearna|Magearna|100\/100\n|move|p1a: Tyranitar|Knock Off|p2a: Magearna\n|-resisted|p2a: Magearna\n|-damage|p2a: Magearna|82\/100\n|-enditem|p2a: Magearna|Leftovers|[from] move: Knock Off|[of] p1a: Tyranitar\n|\n|-weather|Sandstorm|[upkeep]\n|upkeep\n|turn|2\n|\n|t:|1698233523\n|move|p2a: Magearna|Spikes|p1a: Tyranitar\n|-sidestart|p1: fishyroads|Spikes\n|move|p1a: Tyranitar|Stealth Rock|p2a: Magearna\n|-sidestart|p2: yanein|move: Stealth Rock\n|\n|-weather|Sandstorm|[upkeep]\n|upkeep\n|turn|3\n|\n|t:|1698233537\n|switch|p1a: Arceus-Ghost(fr)|Arceus-Dark|100\/100\n|-damage|p1a: Arceus-Ghost(fr)|88\/100|[from] Spikes\n|move|p2a: Magearna|Volt Switch|p1a: Arceus-Ghost(fr)\n|-damage|p1a: Arceus-Ghost(fr)|71\/100\n|\n|t:|1698233550\n|switch|p2a: Zacian|Zacian|100\/100|[from] Volt Switch\n|-damage|p2a: Zacian|88\/100|[from] Stealth Rock\n|-ability|p2a: Zacian|Intrepid Sword|boost\n|-boost|p2a: Zacian|atk|1\n|\n|-weather|Sandstorm|[upkeep]\n|-damage|p2a: Zacian|82\/100|[from] Sandstorm\n|-damage|p1a: Arceus-Ghost(fr)|65\/100|[from] Sandstorm\n|upkeep\n|turn|4\n|\n|t:|1698233569\n|move|p2a: Zacian|Play Rough|p1a: Arceus-Ghost(fr)\n|-supereffective|p1a: Arceus-Ghost(fr)\n|-damage|p1a: Arceus-Ghost(fr)|0 fnt\n|faint|p1a: Arceus-Ghost(fr)\n|\n|-weather|Sandstorm|[upkeep]\n|-damage|p2a: Zacian|76\/100|[from] Sandstorm\n|upkeep\n|\n|t:|1698233573\n|switch|p1a: Zacian|Zacian|100\/100\n|-damage|p1a: Zacian|88\/100|[from] Spikes\n|-ability|p1a: Zacian|Intrepid Sword|boost\n|-boost|p1a: Zacian|atk|1\n|turn|5\n|\n|t:|1698233582\n|switch|p2a: Magearna|Magearna|82\/100\n|-damage|p2a: Magearna|76\/100|[from] Stealth Rock\n|move|p1a: Zacian|Iron Head|p2a: Magearna\n|-damage|p2a: Magearna|39\/100\n|\n|-weather|Sandstorm|[upkeep]\n|-damage|p1a: Zacian|82\/100|[from] Sandstorm\n|upkeep\n|turn|6\n|inactive|fishyroads has 270 seconds left.\n|\n|t:|1698233651\n|move|p1a: Zacian|Iron Head|p2a: Magearna\n|-damage|p2a: Magearna|0 fnt\n|faint|p2a: Magearna\n|\n|-weather|Sandstorm|[upkeep]\n|-damage|p1a: Zacian|76\/100|[from] Sandstorm\n|upkeep\n|c|\u2606fishyroads|you're spdef mag\n|c|\u2606fishyroads|sure\n|inactive|yanein has 270 seconds left.\n|\n|t:|1698233680\n|switch|p2a: Torkoal|Torkoal, F|100\/100\n|-damage|p2a: Torkoal|76\/100|[from] Stealth Rock\n|-weather|SunnyDay|[from] ability: Drought|[of] p2a: Torkoal\n|turn|7\n|\n|t:|1698233685\n|switch|p1a: Tyranitar|Tyranitar, F|100\/100\n|-damage|p1a: Tyranitar|88\/100|[from] Spikes\n|-weather|Sandstorm|[from] ability: Sand Stream|[of] p1a: Tyranitar\n|move|p2a: Torkoal|Rapid Spin|p1a: Tyranitar\n|-resisted|p1a: Tyranitar\n|-damage|p1a: Tyranitar|84\/100\n|-boost|p2a: Torkoal|spe|1\n|-sideend|p2: yanein|Stealth Rock|[from] move: Rapid Spin|[of] p2a: Torkoal\n|\n|-weather|Sandstorm|[upkeep]\n|-damage|p2a: Torkoal|70\/100|[from] Sandstorm\n|upkeep\n|turn|8\n|\n|t:|1698233697\n|switch|p2a: Walking Wake|Walking Wake|100\/100\n|move|p1a: Tyranitar|Knock Off|p2a: Walking Wake\n|-damage|p2a: Walking Wake|57\/100\n|-enditem|p2a: Walking Wake|Choice Specs|[from] move: Knock Off|[of] p1a: Tyranitar\n|\n|-weather|Sandstorm|[upkeep]\n|-damage|p2a: Walking Wake|51\/100|[from] Sandstorm\n|upkeep\n|turn|9\n|inactive|fishyroads has 270 seconds left.\n|\n|t:|1698233707\n|move|p2a: Walking Wake|Flamethrower|p1a: Tyranitar\n|-resisted|p1a: Tyranitar\n|-damage|p1a: Tyranitar|78\/100\n|-status|p1a: Tyranitar|brn\n|move|p1a: Tyranitar|Stealth Rock|p2a: Walking Wake\n|-sidestart|p2: yanein|move: Stealth Rock\n|\n|-weather|Sandstorm|[upkeep]\n|-damage|p2a: Walking Wake|45\/100|[from] Sandstorm\n|-damage|p1a: Tyranitar|72\/100 brn|[from] brn\n|upkeep\n|turn|10\n|\n|t:|1698233716\n|move|p2a: Walking Wake|Hydro Steam|p1a: Tyranitar\n|-supereffective|p1a: Tyranitar\n|-damage|p1a: Tyranitar|38\/100 brn\n|move|p1a: Tyranitar|Thunder Wave|p2a: Walking Wake\n|-status|p2a: Walking Wake|par\n|\n|-weather|Sandstorm|[upkeep]\n|-damage|p2a: Walking Wake|39\/100 par|[from] Sandstorm\n|-damage|p1a: Tyranitar|31\/100 brn|[from] brn\n|upkeep\n|turn|11\n|\n|t:|1698233726\n|switch|p1a: Palafin 2|Houndstone, F|100\/100\n|-damage|p1a: Palafin 2|88\/100|[from] Spikes\n|move|p2a: Walking Wake|Hydro Steam|p1a: Palafin 2\n|-damage|p1a: Palafin 2|43\/100\n|\n|-weather|Sandstorm|[upkeep]\n|-damage|p2a: Walking Wake|33\/100 par|[from] Sandstorm\n|upkeep\n|turn|12\n|\n|t:|1698233746\n|-terastallize|p1a: Palafin 2|Ghost\n|move|p1a: Palafin 2|Last Respects|p2a: Walking Wake\n|-damage|p2a: Walking Wake|0 fnt\n|faint|p2a: Walking Wake\n|-end|p2a: Walking Wake|Protosynthesis|[silent]\n|\n|-weather|Sandstorm|[upkeep]\n|upkeep\n|\n|t:|1698233753\n|switch|p2a: Torkoal|Torkoal, F|70\/100\n|-damage|p2a: Torkoal|45\/100|[from] Stealth Rock\n|-weather|SunnyDay|[from] ability: Drought|[of] p2a: Torkoal\n|turn|13\n|\n|t:|1698233759\n|move|p1a: Palafin 2|Last Respects|p2a: Torkoal\n|-damage|p2a: Torkoal|0 fnt\n|faint|p2a: Torkoal\n|\n|-weather|SunnyDay|[upkeep]\n|upkeep\n|\n|t:|1698233764\n|switch|p2a: Zacian|Zacian|76\/100\n|-damage|p2a: Zacian|64\/100|[from] Stealth Rock\n|turn|14\n|\n|t:|1698233768\n|switch|p1a: Tyranitar|Tyranitar, F|31\/100 brn\n|-damage|p1a: Tyranitar|19\/100 brn|[from] Spikes\n|-weather|Sandstorm|[from] ability: Sand Stream|[of] p1a: Tyranitar\n|move|p2a: Zacian|Play Rough|p1a: Tyranitar\n|-supereffective|p1a: Tyranitar\n|-damage|p1a: Tyranitar|0 fnt\n|faint|p1a: Tyranitar\n|\n|-weather|Sandstorm|[upkeep]\n|-damage|p2a: Zacian|57\/100|[from] Sandstorm\n|upkeep\n|\n|t:|1698233771\n|switch|p1a: Palafin 2|Houndstone, F, tera:Ghost|43\/100\n|-damage|p1a: Palafin 2|31\/100|[from] Spikes\n|turn|15\n|c|\u2606yanein|gg\n|\n|t:|1698233781\n|move|p1a: Palafin 2|Last Respects|p2a: Zacian\n|-damage|p2a: Zacian|0 fnt\n|faint|p2a: Zacian\n|\n|-weather|Sandstorm|[upkeep]\n|upkeep\n|\n|t:|1698233786\n|switch|p2a: Chi-Yu|Chi-Yu|100\/100\n|-damage|p2a: Chi-Yu|76\/100|[from] Stealth Rock\n|-ability|p2a: Chi-Yu|Beads of Ruin\n|turn|16\n|c|\u2606fishyroads|your fish lives\n|\n|t:|1698233795\n|switch|p1a: Skymen|Shaymin-Sky|100\/100\n|move|p2a: Chi-Yu|Dark Pulse|p1a: Skymen\n|-damage|p1a: Skymen|37\/100\n|\n|-weather|Sandstorm|[upkeep]\n|-damage|p2a: Chi-Yu|70\/100|[from] Sandstorm\n|-damage|p1a: Skymen|31\/100|[from] Sandstorm\n|-heal|p1a: Skymen|37\/100|[from] item: Leftovers\n|upkeep\n|turn|17\n|\n|t:|1698233803\n|move|p2a: Chi-Yu|Dark Pulse|p1a: Skymen\n|-damage|p1a: Skymen|0 fnt\n|faint|p1a: Skymen\n|\n|-weather|Sandstorm|[upkeep]\n|-damage|p2a: Chi-Yu|64\/100|[from] Sandstorm\n|upkeep\n|\n|t:|1698233810\n|switch|p1a: Zacian|Zacian|76\/100\n|-damage|p1a: Zacian|64\/100|[from] Spikes\n|turn|18\n|\n|t:|1698233816\n|switch|p2a: Arceus|Arceus-Fire|100\/100\n|-damage|p2a: Arceus|76\/100|[from] Stealth Rock\n|move|p1a: Zacian|Close Combat|p2a: Arceus\n|-damage|p2a: Arceus|44\/100\n|-unboost|p1a: Zacian|def|1\n|-unboost|p1a: Zacian|spd|1\n|\n|-weather|Sandstorm|[upkeep]\n|-damage|p1a: Zacian|57\/100|[from] Sandstorm\n|-damage|p2a: Arceus|38\/100|[from] Sandstorm\n|upkeep\n|turn|19\n|\n|t:|1698233827\n|move|p1a: Zacian|Close Combat|p2a: Arceus\n|-damage|p2a: Arceus|2\/100\n|-unboost|p1a: Zacian|def|1\n|-unboost|p1a: Zacian|spd|1\n|move|p2a: Arceus|Dragon Dance|p2a: Arceus\n|-boost|p2a: Arceus|atk|1\n|-boost|p2a: Arceus|spe|1\n|\n|-weather|Sandstorm|[upkeep]\n|-damage|p1a: Zacian|51\/100|[from] Sandstorm\n|-damage|p2a: Arceus|0 fnt|[from] Sandstorm\n|faint|p2a: Arceus\n|upkeep\n|c|\u2606fishyroads|classic zacian\n|\n|t:|1698233837\n|switch|p2a: Chi-Yu|Chi-Yu|64\/100\n|-damage|p2a: Chi-Yu|39\/100|[from] Stealth Rock\n|-ability|p2a: Chi-Yu|Beads of Ruin\n|turn|20\n|c|\u2606fishyroads|eh\n|c|\u2606fishyroads|you better than i expected\n|\n|t:|1698233846\n|move|p1a: Zacian|Close Combat|p2a: Chi-Yu\n|-supereffective|p2a: Chi-Yu\n|-damage|p2a: Chi-Yu|0 fnt\n|-unboost|p1a: Zacian|def|1\n|-unboost|p1a: Zacian|spd|1\n|faint|p2a: Chi-Yu\n|\n|win|fishyroads\n|c|\u2606fishyroads|ggs\n|c|\u2606yanein|ggs\n|l|\u2606yanein\n","uploadtime":1698233856,"views":31,"p1id":"fishyroads","p2id":"yanein","formatid":"gen9ubers","rating":0,"private":0,"password":""}