{"id":"gen9ubers-1976342911","p1":"slugmaaa","p2":"RoamingDia","format":"[Gen 9] Ubers","log":"|j|\u2606slugmaaa\n|j|\u2606RoamingDia\n|t:|1698288934\n|gametype|singles\n|player|p1|slugmaaa|harlequin|\n|player|p2|RoamingDia|pokemaniac|\n|teamsize|p1|6\n|teamsize|p2|6\n|gen|9\n|tier|[Gen 9] Ubers\n|rule|Sleep Clause Mod: Limit one foe put to sleep\n|rule|Species Clause: Limit one of each Pok\u00e9mon\n|rule|OHKO Clause: OHKO moves are banned\n|rule|Evasion Items Clause: Evasion items are banned\n|rule|Evasion Moves Clause: Evasion moves are banned\n|rule|Endless Battle Clause: Forcing endless battles is banned\n|rule|HP Percentage Mod: HP is shown in percentages\n|clearpoke\n|poke|p1|Iron Bundle|\n|poke|p1|Iron Hands|\n|poke|p1|Cresselia, F|\n|poke|p1|Hippowdon, F|\n|poke|p1|Zapdos|\n|poke|p1|Kleavor, F|\n|poke|p2|Sneasler, F|\n|poke|p2|Roaring Moon|\n|poke|p2|Walking Wake|\n|poke|p2|Lilligant-Hisui, F|\n|poke|p2|Torkoal, M|\n|poke|p2|Brute Bonnet|\n|teampreview\n|j| Squirshawott\n|j| BLACK METAL 3\n|j| Sol CPU\n|\n|t:|1698288964\n|start\n|switch|p1a: Iron Bundle|Iron Bundle, shiny|100\/100\n|switch|p2a: Noriaki Kakyoin|Roaring Moon, shiny|100\/100\n|-enditem|p2a: Noriaki Kakyoin|Booster Energy\n|-activate|p2a: Noriaki Kakyoin|ability: Protosynthesis|[fromitem]\n|-start|p2a: Noriaki Kakyoin|protosynthesisatk\n|turn|1\n|\n|t:|1698288976\n|-end|p2a: Noriaki Kakyoin|Protosynthesis|[silent]\n|switch|p2a: Pamela Isley|Brute Bonnet|100\/100\n|move|p1a: Iron Bundle|Ice Beam|p2a: Pamela Isley\n|-supereffective|p2a: Pamela Isley\n|-damage|p2a: Pamela Isley|3\/100\n|-damage|p1a: Iron Bundle|91\/100|[from] item: Life Orb\n|\n|upkeep\n|turn|2\n|\n|t:|1698288984\n|-end|p1a: Iron Bundle|Quark Drive|[silent]\n|switch|p1a: hippo dangerous|Hippowdon, F|100\/100\n|-weather|Sandstorm|[from] ability: Sand Stream|[of] p1a: hippo dangerous\n|move|p2a: Pamela Isley|Bullet Seed|p1a: hippo dangerous\n|-supereffective|p1a: hippo dangerous\n|-damage|p1a: hippo dangerous|85\/100\n|-supereffective|p1a: hippo dangerous\n|-damage|p1a: hippo dangerous|70\/100\n|-supereffective|p1a: hippo dangerous\n|-damage|p1a: hippo dangerous|54\/100\n|-supereffective|p1a: hippo dangerous\n|-damage|p1a: hippo dangerous|40\/100\n|-enditem|p1a: hippo dangerous|Sitrus Berry|[eat]\n|-heal|p1a: hippo dangerous|65\/100|[from] item: Sitrus Berry\n|-hitcount|p1a: hippo dangerous|4\n|\n|-weather|Sandstorm|[upkeep]\n|-damage|p2a: Pamela Isley|0 fnt|[from] Sandstorm\n|faint|p2a: Pamela Isley\n|-end|p2a: Pamela Isley|Protosynthesis|[silent]\n|upkeep\n|j| pkpowers310\n|\n|t:|1698289000\n|switch|p2a: Bently|Torkoal, M|100\/100\n|-weather|SunnyDay|[from] ability: Drought|[of] p2a: Bently\n|turn|3\n|l| Sol CPU\n|\n|t:|1698289043\n|move|p2a: Bently|Stealth Rock|p1a: hippo dangerous\n|-sidestart|p1: slugmaaa|move: Stealth Rock\n|move|p1a: hippo dangerous|Whirlwind|p2a: Bently\n|drag|p2a: Okuyasu Nijimura|Walking Wake|100\/100\n|-activate|p2a: Okuyasu Nijimura|ability: Protosynthesis\n|-start|p2a: Okuyasu Nijimura|protosynthesisspa\n|\n|-weather|SunnyDay|[upkeep]\n|upkeep\n|turn|4\n|\n|t:|1698289054\n|switch|p1a: bitch slap|Iron Hands, shiny|100\/100\n|-damage|p1a: bitch slap|94\/100|[from] Stealth Rock\n|move|p2a: Okuyasu Nijimura|Hydro Steam|p1a: bitch slap\n|-damage|p1a: bitch slap|52\/100\n|\n|-weather|SunnyDay|[upkeep]\n|upkeep\n|turn|5\n|\n|t:|1698289065\n|move|p2a: Okuyasu Nijimura|Substitute|p2a: Okuyasu Nijimura\n|-start|p2a: Okuyasu Nijimura|Substitute\n|-damage|p2a: Okuyasu Nijimura|76\/100\n|move|p1a: bitch slap|Play Rough|p2a: Okuyasu Nijimura|[miss]\n|-miss|p1a: bitch slap|p2a: Okuyasu Nijimura\n|\n|-weather|SunnyDay|[upkeep]\n|-heal|p2a: Okuyasu Nijimura|82\/100|[from] item: Leftovers\n|upkeep\n|turn|6\n|\n|t:|1698289073\n|move|p2a: Okuyasu Nijimura|Flamethrower|p1a: bitch slap\n|-damage|p1a: bitch slap|17\/100\n|move|p1a: bitch slap|Drain Punch|p2a: Okuyasu Nijimura\n|-end|p2a: Okuyasu Nijimura|Substitute\n|-heal|p1a: bitch slap|25\/100|[from] drain|[of] p2a: Okuyasu Nijimura\n|\n|-weather|SunnyDay|[upkeep]\n|-heal|p2a: Okuyasu Nijimura|88\/100|[from] item: Leftovers\n|upkeep\n|turn|7\n|\n|t:|1698289083\n|move|p2a: Okuyasu Nijimura|Hydro Steam|p1a: bitch slap\n|-damage|p1a: bitch slap|0 fnt\n|faint|p1a: bitch slap\n|-end|p1a: bitch slap|Quark Drive|[silent]\n|\n|-weather|SunnyDay|[upkeep]\n|-heal|p2a: Okuyasu Nijimura|94\/100|[from] item: Leftovers\n|upkeep\n|\n|t:|1698289103\n|switch|p1a: Iron Bundle|Iron Bundle, shiny|91\/100\n|-damage|p1a: Iron Bundle|66\/100|[from] Stealth Rock\n|turn|8\n|j| Sol CPU\n|\n|t:|1698289127\n|move|p1a: Iron Bundle|Freeze-Dry|p2a: Okuyasu Nijimura\n|-supereffective|p2a: Okuyasu Nijimura\n|-damage|p2a: Okuyasu Nijimura|0 fnt\n|faint|p2a: Okuyasu Nijimura\n|-end|p2a: Okuyasu Nijimura|Protosynthesis|[silent]\n|-damage|p1a: Iron Bundle|56\/100|[from] item: Life Orb\n|\n|-weather|SunnyDay|[upkeep]\n|upkeep\n|\n|t:|1698289146\n|switch|p2a: Gazoontite|Sneasler, F|100\/100\n|turn|9\n|\n|t:|1698289151\n|-end|p1a: Iron Bundle|Quark Drive|[silent]\n|switch|p1a: twilight lmao|Cresselia, F|100\/100\n|-damage|p1a: twilight lmao|88\/100|[from] Stealth Rock\n|move|p2a: Gazoontite|Fake Out|p1a: twilight lmao\n|-damage|p1a: twilight lmao|81\/100\n|\n|-weather|SunnyDay|[upkeep]\n|-heal|p1a: twilight lmao|87\/100|[from] item: Leftovers\n|upkeep\n|turn|10\n|\n|t:|1698289160\n|move|p2a: Gazoontite|Dire Claw|p1a: twilight lmao\n|-crit|p1a: twilight lmao\n|-damage|p1a: twilight lmao|52\/100\n|-status|p1a: twilight lmao|slp\n|cant|p1a: twilight lmao|slp\n|\n|-weather|none\n|-heal|p1a: twilight lmao|58\/100 slp|[from] item: Leftovers\n|upkeep\n|turn|11\n|\n|t:|1698289178\n|move|p2a: Gazoontite|U-turn|p1a: twilight lmao\n|-supereffective|p1a: twilight lmao\n|-damage|p1a: twilight lmao|30\/100 slp\n|\n|t:|1698289183\n|switch|p2a: Bently|Torkoal, M|100\/100|[from] U-turn\n|-weather|SunnyDay|[from] ability: Drought|[of] p2a: Bently\n|cant|p1a: twilight lmao|slp\n|\n|-weather|SunnyDay|[upkeep]\n|-heal|p1a: twilight lmao|36\/100 slp|[from] item: Leftovers\n|upkeep\n|turn|12\n|\n|t:|1698289197\n|switch|p1a: hippo dangerous|Hippowdon, F|65\/100\n|-damage|p1a: hippo dangerous|58\/100|[from] Stealth Rock\n|-weather|Sandstorm|[from] ability: Sand Stream|[of] p1a: hippo dangerous\n|move|p2a: Bently|Lava Plume|p1a: hippo dangerous\n|-damage|p1a: hippo dangerous|32\/100\n|\n|-weather|Sandstorm|[upkeep]\n|-damage|p2a: Bently|94\/100|[from] Sandstorm\n|upkeep\n|turn|13\n|\n|t:|1698289220\n|switch|p1a: im gone nxt week 2|Kleavor, F|100\/100\n|-damage|p1a: im gone nxt week 2|76\/100|[from] Stealth Rock\n|move|p2a: Bently|Rapid Spin|p1a: im gone nxt week 2\n|-resisted|p1a: im gone nxt week 2\n|-damage|p1a: im gone nxt week 2|70\/100\n|-boost|p2a: Bently|spe|1\n|\n|-weather|Sandstorm|[upkeep]\n|-damage|p2a: Bently|88\/100|[from] Sandstorm\n|upkeep\n|turn|14\n|\n|t:|1698289237\n|switch|p2a: Gazoontite|Sneasler, F|100\/100\n|move|p1a: im gone nxt week 2|Defog|p2a: Gazoontite\n|-unboost|p2a: Gazoontite|evasion|1\n|-sideend|p1: slugmaaa|Stealth Rock|[from] move: Defog|[of] p1a: im gone nxt week 2\n|\n|-weather|Sandstorm|[upkeep]\n|-damage|p2a: Gazoontite|95\/100|[from] Sandstorm\n|upkeep\n|turn|15\n|\n|t:|1698289279\n|move|p2a: Gazoontite|Fake Out|p1a: im gone nxt week 2\n|-resisted|p1a: im gone nxt week 2\n|-damage|p1a: im gone nxt week 2|62\/100\n|-status|p1a: im gone nxt week 2|psn|[from] ability: Poison Touch|[of] p2a: Gazoontite\n|cant|p1a: im gone nxt week 2|flinch\n|\n|-weather|Sandstorm|[upkeep]\n|-damage|p2a: Gazoontite|89\/100|[from] Sandstorm\n|-damage|p1a: im gone nxt week 2|49\/100 psn|[from] psn\n|upkeep\n|turn|16\n|\n|t:|1698289291\n|move|p2a: Gazoontite|Brick Break|p1a: im gone nxt week 2\n|-damage|p1a: im gone nxt week 2|3\/100 psn\n|move|p1a: im gone nxt week 2|Stone Axe|p2a: Gazoontite\n|-resisted|p2a: Gazoontite\n|-damage|p2a: Gazoontite|27\/100\n|-sidestart|p2: RoamingDia|move: Stealth Rock\n|\n|-weather|none\n|-damage|p1a: im gone nxt week 2|0 fnt|[from] psn\n|faint|p1a: im gone nxt week 2\n|upkeep\n|\n|t:|1698289305\n|switch|p1a: im gone nxt week|Zapdos|100\/100\n|turn|17\n|\n|t:|1698289330\n|move|p2a: Gazoontite|U-turn|p1a: im gone nxt week\n|-resisted|p1a: im gone nxt week\n|-damage|p1a: im gone nxt week|87\/100\n|\n|t:|1698289338\n|switch|p2a: Noriaki Kakyoin|Roaring Moon, shiny|100\/100|[from] U-turn\n|-damage|p2a: Noriaki Kakyoin|88\/100|[from] Stealth Rock\n|move|p1a: im gone nxt week|Thunderbolt|p2a: Noriaki Kakyoin\n|-resisted|p2a: Noriaki Kakyoin\n|-damage|p2a: Noriaki Kakyoin|49\/100\n|\n|upkeep\n|turn|18\n|\n|t:|1698289354\n|move|p2a: Noriaki Kakyoin|Knock Off|p1a: im gone nxt week\n|-damage|p1a: im gone nxt week|33\/100\n|-enditem|p1a: im gone nxt week|Choice Specs|[from] move: Knock Off|[of] p2a: Noriaki Kakyoin\n|move|p1a: im gone nxt week|Thunderbolt|p2a: Noriaki Kakyoin\n|-resisted|p2a: Noriaki Kakyoin\n|-damage|p2a: Noriaki Kakyoin|24\/100\n|\n|upkeep\n|turn|19\n|\n|t:|1698289362\n|switch|p1a: twilight lmao|Cresselia, F|36\/100 slp\n|move|p2a: Noriaki Kakyoin|Acrobatics|p1a: twilight lmao\n|-damage|p1a: twilight lmao|13\/100 slp\n|\n|-heal|p1a: twilight lmao|19\/100 slp|[from] item: Leftovers\n|upkeep\n|turn|20\n|\n|t:|1698289369\n|move|p2a: Noriaki Kakyoin|Acrobatics|p1a: twilight lmao\n|-damage|p1a: twilight lmao|0 fnt\n|faint|p1a: twilight lmao\n|\n|upkeep\n|\n|t:|1698289372\n|switch|p1a: Iron Bundle|Iron Bundle, shiny|56\/100\n|turn|21\n|\n|t:|1698289387\n|move|p1a: Iron Bundle|Ice Beam|p2a: Noriaki Kakyoin\n|-supereffective|p2a: Noriaki Kakyoin\n|-damage|p2a: Noriaki Kakyoin|0 fnt\n|faint|p2a: Noriaki Kakyoin\n|-end|p2a: Noriaki Kakyoin|Protosynthesis|[silent]\n|-damage|p1a: Iron Bundle|46\/100|[from] item: Life Orb\n|\n|upkeep\n|\n|t:|1698289399\n|switch|p2a: Bently|Torkoal, M|88\/100\n|-damage|p2a: Bently|63\/100|[from] Stealth Rock\n|-weather|SunnyDay|[from] ability: Drought|[of] p2a: Bently\n|turn|22\n|\n|t:|1698289409\n|-end|p1a: Iron Bundle|Quark Drive|[silent]\n|switch|p1a: im gone nxt week|Zapdos|33\/100\n|move|p2a: Bently|Rapid Spin|p1a: im gone nxt week\n|-damage|p1a: im gone nxt week|24\/100\n|-boost|p2a: Bently|spe|1\n|-sideend|p2: RoamingDia|Stealth Rock|[from] move: Rapid Spin|[of] p2a: Bently\n|\n|-weather|SunnyDay|[upkeep]\n|upkeep\n|turn|23\n|\n|t:|1698289416\n|move|p1a: im gone nxt week|Thunderbolt|p2a: Bently\n|-damage|p2a: Bently|15\/100\n|move|p2a: Bently|Lava Plume|p1a: im gone nxt week\n|-damage|p1a: im gone nxt week|0 fnt\n|faint|p1a: im gone nxt week\n|\n|-weather|SunnyDay|[upkeep]\n|upkeep\n|\n|t:|1698289422\n|switch|p1a: Iron Bundle|Iron Bundle, shiny|46\/100\n|turn|24\n|\n|t:|1698289441\n|move|p1a: Iron Bundle|Hydro Pump|p2a: Bently\n|-supereffective|p2a: Bently\n|-damage|p2a: Bently|0 fnt\n|faint|p2a: Bently\n|-damage|p1a: Iron Bundle|36\/100|[from] item: Life Orb\n|\n|-weather|SunnyDay|[upkeep]\n|upkeep\n|\n|t:|1698289447\n|switch|p2a: Pea Shooter|Lilligant-Hisui, F, shiny|100\/100\n|turn|25\n|\n|t:|1698289456\n|-end|p1a: Iron Bundle|Quark Drive|[silent]\n|switch|p1a: hippo dangerous|Hippowdon, F|32\/100\n|-weather|Sandstorm|[from] ability: Sand Stream|[of] p1a: hippo dangerous\n|move|p2a: Pea Shooter|Solar Blade||[still]\n|-prepare|p2a: Pea Shooter|Solar Blade\n|\n|-weather|Sandstorm|[upkeep]\n|-damage|p2a: Pea Shooter|94\/100|[from] Sandstorm\n|upkeep\n|turn|26\n|\n|t:|1698289465\n|move|p2a: Pea Shooter|Solar Blade|p1a: hippo dangerous|[from]lockedmove\n|-supereffective|p1a: hippo dangerous\n|-damage|p1a: hippo dangerous|0 fnt\n|faint|p1a: hippo dangerous\n|-damage|p2a: Pea Shooter|84\/100|[from] item: Life Orb\n|\n|-weather|Sandstorm|[upkeep]\n|-damage|p2a: Pea Shooter|78\/100|[from] Sandstorm\n|upkeep\n|\n|t:|1698289468\n|switch|p1a: Iron Bundle|Iron Bundle, shiny|36\/100\n|turn|27\n|\n|t:|1698289477\n|move|p1a: Iron Bundle|Ice Beam|p2a: Pea Shooter\n|-supereffective|p2a: Pea Shooter\n|-damage|p2a: Pea Shooter|0 fnt\n|faint|p2a: Pea Shooter\n|-damage|p1a: Iron Bundle|26\/100|[from] item: Life Orb\n|\n|-weather|Sandstorm|[upkeep]\n|-damage|p1a: Iron Bundle|20\/100|[from] Sandstorm\n|upkeep\n|\n|t:|1698289484\n|switch|p2a: Gazoontite|Sneasler, F|27\/100\n|turn|28\n|\n|t:|1698289487\n|move|p2a: Gazoontite|Fake Out|p1a: Iron Bundle\n|-damage|p1a: Iron Bundle|4\/100\n|cant|p1a: Iron Bundle|flinch\n|\n|-weather|Sandstorm|[upkeep]\n|-damage|p2a: Gazoontite|21\/100|[from] Sandstorm\n|-damage|p1a: Iron Bundle|0 fnt|[from] Sandstorm\n|faint|p1a: Iron Bundle\n|-end|p1a: Iron Bundle|Quark Drive|[silent]\n|\n|win|RoamingDia\n|upkeep\n|l|\u2606slugmaaa\n","uploadtime":1698289498,"views":21,"p1id":"slugmaaa","p2id":"roamingdia","formatid":"gen9ubers","rating":0,"private":0,"password":""}