{"id":"gen9ubers-1978734345","p1":"Dhdjdjd","p2":"Creeperman129Poke","format":"[Gen 9] Ubers","log":"|j|\u2606Dhdjdjd\n|j|\u2606Creeperman129Poke\n|t:|1698588622\n|gametype|singles\n|player|p1|Dhdjdjd|265|\n|player|p2|Creeperman129Poke|nemona-v|\n|teamsize|p1|6\n|teamsize|p2|6\n|gen|9\n|tier|[Gen 9] Ubers\n|rule|Sleep Clause Mod: Limit one foe put to sleep\n|rule|Species Clause: Limit one of each Pok\u00e9mon\n|rule|OHKO Clause: OHKO moves are banned\n|rule|Evasion Items Clause: Evasion items are banned\n|rule|Evasion Moves Clause: Evasion moves are banned\n|rule|Endless Battle Clause: Forcing endless battles is banned\n|rule|HP Percentage Mod: HP is shown in percentages\n|clearpoke\n|poke|p1|Palkia-Origin|\n|poke|p1|Pelipper, M|\n|poke|p1|Shaymin-Sky|\n|poke|p1|Barraskewda, M|\n|poke|p1|Arceus-Poison|\n|poke|p1|Zapdos|\n|poke|p2|Masquerain, M|\n|poke|p2|Arceus-Ice|\n|poke|p2|Gholdengo|\n|poke|p2|Palafin, M|\n|poke|p2|Chi-Yu|\n|poke|p2|Zamazenta-*|\n|teampreview\n|c|\u2606Creeperman129Poke|Idk why but for some reason it's showing your team on my side at the start of this thing lol\n|\n|t:|1698588657\n|start\n|switch|p1a: Pelipper|Pelipper, M|100\/100\n|switch|p2a: Masquerain|Masquerain, M|100\/100\n|-ability|p2a: Masquerain|Intimidate|boost\n|-unboost|p1a: Pelipper|atk|1\n|-weather|RainDance|[from] ability: Drizzle|[of] p1a: Pelipper\n|turn|1\n|\n|t:|1698588671\n|move|p2a: Masquerain|Sticky Web|p1a: Pelipper\n|-sidestart|p1: Dhdjdjd|move: Sticky Web\n|move|p1a: Pelipper|U-turn|p2a: Masquerain\n|-resisted|p2a: Masquerain\n|-damage|p2a: Masquerain|96\/100\n|\n|t:|1698588676\n|switch|p1a: Barraskewda|Barraskewda, M|100\/100|[from] U-turn\n|-activate|p1a: Barraskewda|move: Sticky Web\n|-unboost|p1a: Barraskewda|spe|1\n|\n|-weather|RainDance|[upkeep]\n|upkeep\n|turn|2\n|\n|t:|1698588687\n|move|p1a: Barraskewda|Liquidation|p2a: Masquerain\n|-crit|p2a: Masquerain\n|-damage|p2a: Masquerain|0 fnt\n|faint|p2a: Masquerain\n|\n|-weather|RainDance|[upkeep]\n|upkeep\n|\n|t:|1698588700\n|switch|p2a: Zamazenta|Zamazenta-Crowned|100\/100\n|-ability|p2a: Zamazenta|Dauntless Shield|boost\n|-boost|p2a: Zamazenta|def|1\n|turn|3\n|\n|t:|1698588706\n|move|p1a: Barraskewda|Liquidation|p2a: Zamazenta\n|-damage|p2a: Zamazenta|67\/100\n|move|p2a: Zamazenta|Body Press|p1a: Barraskewda\n|-damage|p1a: Barraskewda|0 fnt\n|faint|p1a: Barraskewda\n|\n|-weather|RainDance|[upkeep]\n|upkeep\n|\n|t:|1698588728\n|switch|p1a: Zapdos|Zapdos|100\/100\n|turn|4\n|\n|t:|1698588757\n|move|p1a: Zapdos|Thunder|p2a: Zamazenta\n|-damage|p2a: Zamazenta|22\/100\n|-status|p2a: Zamazenta|par\n|-damage|p1a: Zapdos|91\/100|[from] item: Life Orb\n|move|p2a: Zamazenta|Body Press|p1a: Zapdos\n|-resisted|p1a: Zapdos\n|-damage|p1a: Zapdos|43\/100\n|\n|-weather|RainDance|[upkeep]\n|upkeep\n|turn|5\n|\n|t:|1698588769\n|move|p1a: Zapdos|Weather Ball|p2a: Zamazenta\n|-damage|p2a: Zamazenta|0 fnt\n|faint|p2a: Zamazenta\n|-damage|p1a: Zapdos|33\/100|[from] item: Life Orb\n|\n|-weather|RainDance|[upkeep]\n|upkeep\n|\n|t:|1698588785\n|switch|p2a: Arceus|Arceus-Ice|100\/100\n|turn|6\n|\n|t:|1698588791\n|move|p2a: Arceus|Judgment|p1a: Zapdos\n|-supereffective|p1a: Zapdos\n|-damage|p1a: Zapdos|0 fnt\n|faint|p1a: Zapdos\n|\n|-weather|RainDance|[upkeep]\n|upkeep\n|\n|t:|1698588806\n|switch|p1a: Arceus|Arceus-Poison|100\/100\n|-activate|p1a: Arceus|move: Sticky Web\n|-unboost|p1a: Arceus|spe|1\n|turn|7\n|\n|t:|1698588819\n|switch|p2a: Chi-Yu|Chi-Yu|100\/100\n|-ability|p2a: Chi-Yu|Beads of Ruin\n|move|p1a: Arceus|Hurricane|p2a: Chi-Yu\n|-damage|p2a: Chi-Yu|57\/100\n|\n|-weather|RainDance|[upkeep]\n|upkeep\n|turn|8\n|\n|t:|1698588828\n|move|p2a: Chi-Yu|Dark Pulse|p1a: Arceus\n|-damage|p1a: Arceus|26\/100\n|cant|p1a: Arceus|flinch\n|\n|-weather|none\n|upkeep\n|turn|9\n|\n|t:|1698588838\n|move|p2a: Chi-Yu|Dark Pulse|p1a: Arceus\n|-damage|p1a: Arceus|0 fnt\n|faint|p1a: Arceus\n|\n|upkeep\n|\n|t:|1698588865\n|switch|p1a: Pelipper|Pelipper, M|100\/100\n|-weather|RainDance|[from] ability: Drizzle|[of] p1a: Pelipper\n|turn|10\n|\n|t:|1698588872\n|move|p2a: Chi-Yu|Dark Pulse|p1a: Pelipper\n|-damage|p1a: Pelipper|0 fnt\n|faint|p1a: Pelipper\n|\n|-weather|RainDance|[upkeep]\n|upkeep\n|\n|t:|1698588880\n|switch|p1a: Palkia|Palkia-Origin|100\/100\n|-activate|p1a: Palkia|move: Sticky Web\n|-unboost|p1a: Palkia|spe|1\n|-ability|p1a: Palkia|Pressure\n|turn|11\n|\n|t:|1698588887\n|move|p2a: Chi-Yu|Dark Pulse|p1a: Palkia\n|-damage|p1a: Palkia|15\/100\n|move|p1a: Palkia|Surf|p2a: Chi-Yu\n|-supereffective|p2a: Chi-Yu\n|-damage|p2a: Chi-Yu|0 fnt\n|faint|p2a: Chi-Yu\n|\n|-weather|RainDance|[upkeep]\n|upkeep\n|\n|t:|1698588899\n|switch|p2a: Gholdengo|Gholdengo|100\/100\n|turn|12\n|\n|t:|1698588907\n|move|p2a: Gholdengo|Shadow Ball|p1a: Palkia\n|-damage|p1a: Palkia|0 fnt\n|faint|p1a: Palkia\n|\n|-weather|RainDance|[upkeep]\n|upkeep\n|\n|t:|1698588913\n|switch|p1a: Shaymin|Shaymin-Sky|100\/100\n|turn|13\n|\n|t:|1698588917\n|move|p2a: Gholdengo|Shadow Ball|p1a: Shaymin\n|-damage|p1a: Shaymin|45\/100\n|move|p1a: Shaymin|Earth Power|p2a: Gholdengo\n|-supereffective|p2a: Gholdengo\n|-damage|p2a: Gholdengo|3\/100\n|\n|-weather|RainDance|[upkeep]\n|upkeep\n|turn|14\n|c|\u2606Creeperman129Poke|gg\n|\n|t:|1698588926\n|move|p2a: Gholdengo|Shadow Ball|p1a: Shaymin\n|-damage|p1a: Shaymin|0 fnt\n|faint|p1a: Shaymin\n|\n|win|Creeperman129Poke\n|l|\u2606Dhdjdjd\n","uploadtime":1698588929,"views":21,"p1id":"dhdjdjd","p2id":"creeperman129poke","formatid":"gen9ubers","rating":0,"private":0,"password":""}