{"id":"gen9ubers-1968367165","p1":"GratedsShtickface","p2":"Xmaserd","format":"[Gen 9] Ubers","log":"|j|\u2606GratedsShtickface\n|j|\u203dXmaserd\n|t:|1697410764\n|gametype|singles\n|player|p1|GratedsShtickface|hiker-gen4|\n|player|p2|Xmaserd|fisherman-gen4|\n|teamsize|p1|6\n|teamsize|p2|6\n|gen|9\n|tier|[Gen 9] Ubers\n|rule|Sleep Clause Mod: Limit one foe put to sleep\n|rule|Species Clause: Limit one of each Pok\u00e9mon\n|rule|OHKO Clause: OHKO moves are banned\n|rule|Evasion Items Clause: Evasion items are banned\n|rule|Evasion Moves Clause: Evasion moves are banned\n|rule|Endless Battle Clause: Forcing endless battles is banned\n|rule|HP Percentage Mod: HP is shown in percentages\n|clearpoke\n|poke|p1|Shaymin-Sky|\n|poke|p1|Masquerain, M|\n|poke|p1|Chi-Yu|\n|poke|p1|Magearna|\n|poke|p1|Palkia-Origin|\n|poke|p1|Zacian-*|\n|poke|p2|Magearna|\n|poke|p2|Cyclizar, F|\n|poke|p2|Gholdengo|\n|poke|p2|Meowscarada, F|\n|poke|p2|Arceus-Rock|\n|poke|p2|Dondozo, M|\n|teampreview\n|inactive|Battle timer is ON: inactive players will automatically lose when time's up. (requested by GratedsShtickface)\n|\n|t:|1697410775\n|start\n|switch|p1a: Eye of Sauron|Masquerain, M, shiny|100\/100\n|switch|p2a: Meowscarada|Meowscarada, F|100\/100\n|-ability|p1a: Eye of Sauron|Intimidate|boost\n|-unboost|p2a: Meowscarada|atk|1\n|turn|1\n|\n|t:|1697410784\n|move|p2a: Meowscarada|Toxic Spikes|p1a: Eye of Sauron\n|-sidestart|p1: GratedsShtickface|move: Toxic Spikes\n|move|p1a: Eye of Sauron|Sticky Web|p2a: Meowscarada\n|-sidestart|p2: Xmaserd|move: Sticky Web\n|\n|upkeep\n|turn|2\n|\n|t:|1697410787\n|move|p2a: Meowscarada|Toxic Spikes|p1a: Eye of Sauron\n|-sidestart|p1: GratedsShtickface|move: Toxic Spikes\n|move|p1a: Eye of Sauron|Bug Buzz|p2a: Meowscarada\n|-supereffective|p2a: Meowscarada\n|-enditem|p2a: Meowscarada|Focus Sash\n|-damage|p2a: Meowscarada|1\/100\n|\n|upkeep\n|turn|3\n|\n|t:|1697410793\n|move|p2a: Meowscarada|Spikes|p1a: Eye of Sauron\n|-sidestart|p1: GratedsShtickface|Spikes\n|move|p1a: Eye of Sauron|Chilling Water|p2a: Meowscarada\n|-resisted|p2a: Meowscarada\n|-damage|p2a: Meowscarada|0 fnt\n|faint|p2a: Meowscarada\n|\n|upkeep\n|\n|t:|1697410798\n|switch|p2a: Cyclizar|Cyclizar, F|100\/100\n|turn|4\n|\n|t:|1697410803\n|move|p2a: Cyclizar|Rapid Spin|p1a: Eye of Sauron\n|-damage|p1a: Eye of Sauron|72\/100\n|-boost|p2a: Cyclizar|spe|1\n|-sideend|p2: Xmaserd|Sticky Web|[from] move: Rapid Spin|[of] p2a: Cyclizar\n|move|p1a: Eye of Sauron|Tailwind|p1a: Eye of Sauron\n|-sidestart|p1: GratedsShtickface|move: Tailwind\n|\n|upkeep\n|turn|5\n|\n|t:|1697410811\n|move|p1a: Eye of Sauron|Bug Buzz|p2a: Cyclizar\n|-damage|p2a: Cyclizar|49\/100\n|move|p2a: Cyclizar|Knock Off|p1a: Eye of Sauron\n|-damage|p1a: Eye of Sauron|32\/100\n|-enditem|p1a: Eye of Sauron|Focus Sash|[from] move: Knock Off|[of] p2a: Cyclizar\n|\n|upkeep\n|turn|6\n|\n|t:|1697410824\n|switch|p2a: Gholdengo|Gholdengo|100\/100\n|move|p1a: Eye of Sauron|Bug Buzz|p2a: Gholdengo\n|-resisted|p2a: Gholdengo\n|-damage|p2a: Gholdengo|91\/100\n|\n|-heal|p2a: Gholdengo|97\/100|[from] item: Leftovers\n|upkeep\n|turn|7\n|\n|t:|1697410828\n|move|p1a: Eye of Sauron|Sticky Web|p2a: Gholdengo\n|-sidestart|p2: Xmaserd|move: Sticky Web\n|move|p2a: Gholdengo|Thunder Wave|p1a: Eye of Sauron\n|-status|p1a: Eye of Sauron|par\n|\n|-heal|p2a: Gholdengo|100\/100|[from] item: Leftovers\n|-sideend|p1: GratedsShtickface|move: Tailwind\n|upkeep\n|turn|8\n|\n|t:|1697410839\n|switch|p2a: Cyclizar|Cyclizar, F|82\/100\n|cant|p1a: Eye of Sauron|par\n|\n|upkeep\n|turn|9\n|\n|t:|1697410846\n|move|p2a: Cyclizar|Rapid Spin|p1a: Eye of Sauron\n|-damage|p1a: Eye of Sauron|1\/100 par\n|-boost|p2a: Cyclizar|spe|1\n|-sideend|p2: Xmaserd|Sticky Web|[from] move: Rapid Spin|[of] p2a: Cyclizar\n|move|p1a: Eye of Sauron|Bug Buzz|p2a: Cyclizar\n|-damage|p2a: Cyclizar|30\/100\n|\n|upkeep\n|turn|10\n|\n|t:|1697410852\n|move|p2a: Cyclizar|Rapid Spin|p1a: Eye of Sauron\n|-crit|p1a: Eye of Sauron\n|-damage|p1a: Eye of Sauron|0 fnt\n|-boost|p2a: Cyclizar|spe|1\n|faint|p1a: Eye of Sauron\n|\n|upkeep\n|\n|t:|1697410856\n|switch|p1a: Haxmin|Shaymin-Sky|100\/100\n|turn|11\n|\n|t:|1697410878\n|switch|p2a: Arceus|Arceus-Rock|100\/100\n|move|p1a: Haxmin|Earth Power|p2a: Arceus\n|-supereffective|p2a: Arceus\n|-damage|p2a: Arceus|64\/100\n|-unboost|p2a: Arceus|spd|1\n|\n|upkeep\n|turn|12\n|\n|t:|1697410896\n|switch|p2a: Dondozo|Dondozo, M|100\/100\n|move|p1a: Haxmin|Seed Flare|p2a: Dondozo\n|-supereffective|p2a: Dondozo\n|-damage|p2a: Dondozo|23\/100\n|-unboost|p2a: Dondozo|spd|2\n|\n|-heal|p2a: Dondozo|29\/100|[from] item: Leftovers\n|upkeep\n|turn|13\n|\n|t:|1697410906\n|move|p1a: Haxmin|Air Cutter|p2a: Dondozo\n|-damage|p2a: Dondozo|0 fnt\n|faint|p2a: Dondozo\n|\n|upkeep\n|\n|t:|1697410912\n|switch|p2a: Gholdengo|Gholdengo|100\/100\n|turn|14\n|\n|t:|1697410914\n|-terastallize|p2a: Gholdengo|Water\n|move|p1a: Haxmin|Earth Power|p2a: Gholdengo\n|-damage|p2a: Gholdengo|70\/100\n|move|p2a: Gholdengo|Thunder Wave|p1a: Haxmin\n|-status|p1a: Haxmin|par\n|\n|-heal|p2a: Gholdengo|76\/100|[from] item: Leftovers\n|upkeep\n|turn|15\n|\n|t:|1697410929\n|move|p2a: Gholdengo|Hex|p1a: Haxmin\n|-damage|p1a: Haxmin|26\/100 par\n|move|p1a: Haxmin|Seed Flare|p2a: Gholdengo|[miss]\n|-miss|p1a: Haxmin|p2a: Gholdengo\n|\n|-heal|p2a: Gholdengo|83\/100|[from] item: Leftovers\n|upkeep\n|turn|16\n|\n|t:|1697410936\n|move|p2a: Gholdengo|Hex|p1a: Haxmin\n|-damage|p1a: Haxmin|0 fnt\n|faint|p1a: Haxmin\n|\n|-heal|p2a: Gholdengo|89\/100|[from] item: Leftovers\n|upkeep\n|\n|t:|1697410946\n|switch|p1a: Funny Fish|Chi-Yu|100\/100\n|-status|p1a: Funny Fish|tox\n|-damage|p1a: Funny Fish|88\/100 tox|[from] Spikes\n|-ability|p1a: Funny Fish|Beads of Ruin\n|turn|17\n|\n|t:|1697410954\n|switch|p2a: Arceus|Arceus-Rock|64\/100\n|move|p1a: Funny Fish|Dark Pulse|p2a: Arceus\n|-damage|p2a: Arceus|33\/100\n|\n|-damage|p1a: Funny Fish|82\/100 tox|[from] psn\n|upkeep\n|turn|18\n|\n|t:|1697410960\n|move|p1a: Funny Fish|Dark Pulse|p2a: Arceus\n|-damage|p2a: Arceus|0 fnt\n|faint|p2a: Arceus\n|\n|-damage|p1a: Funny Fish|70\/100 tox|[from] psn\n|upkeep\n|\n|t:|1697410965\n|switch|p2a: Cyclizar|Cyclizar, F|63\/100\n|turn|19\n|\n|t:|1697410975\n|move|p1a: Funny Fish|Dark Pulse|p2a: Cyclizar\n|-damage|p2a: Cyclizar|0 fnt\n|faint|p2a: Cyclizar\n|\n|-damage|p1a: Funny Fish|52\/100 tox|[from] psn\n|upkeep\n|\n|t:|1697410979\n|switch|p2a: Magearna|Magearna|100\/100\n|turn|20\n|\n|t:|1697410988\n|switch|p1a: Music Box Doll|Magearna|100\/100\n|-damage|p1a: Music Box Doll|88\/100|[from] Spikes\n|move|p2a: Magearna|Spikes|p1a: Music Box Doll\n|-sidestart|p1: GratedsShtickface|Spikes\n|\n|-heal|p1a: Music Box Doll|94\/100|[from] item: Leftovers\n|upkeep\n|turn|21\n|\n|t:|1697410995\n|move|p2a: Magearna|Volt Switch|p1a: Music Box Doll\n|-damage|p1a: Music Box Doll|80\/100\n|\n|t:|1697411000\n|switch|p2a: Gholdengo|Gholdengo, tera:Water|89\/100|[from] Volt Switch\n|move|p1a: Music Box Doll|Thunder Wave|p2a: Gholdengo\n|-immune|p2a: Gholdengo|[from] ability: Good as Gold\n|\n|-heal|p2a: Gholdengo|95\/100|[from] item: Leftovers\n|-heal|p1a: Music Box Doll|86\/100|[from] item: Leftovers\n|upkeep\n|turn|22\n|\n|t:|1697411005\n|move|p2a: Gholdengo|Thunder Wave|p1a: Music Box Doll\n|-status|p1a: Music Box Doll|par\n|move|p1a: Music Box Doll|Volt Switch|p2a: Gholdengo\n|-supereffective|p2a: Gholdengo\n|-damage|p2a: Gholdengo|53\/100\n|\n|t:|1697411010\n|switch|p1a: Funny Fish|Chi-Yu|52\/100 tox|[from] Volt Switch\n|-damage|p1a: Funny Fish|36\/100 tox|[from] Spikes\n|-ability|p1a: Funny Fish|Beads of Ruin\n|\n|-heal|p2a: Gholdengo|59\/100|[from] item: Leftovers\n|-damage|p1a: Funny Fish|30\/100 tox|[from] psn\n|upkeep\n|turn|23\n|\n|t:|1697411027\n|move|p1a: Funny Fish|Dark Pulse|p2a: Gholdengo\n|-damage|p2a: Gholdengo|4\/100\n|move|p2a: Gholdengo|Recover|p2a: Gholdengo\n|-heal|p2a: Gholdengo|54\/100\n|\n|-heal|p2a: Gholdengo|60\/100|[from] item: Leftovers\n|-damage|p1a: Funny Fish|18\/100 tox|[from] psn\n|upkeep\n|turn|24\n|\n|t:|1697411031\n|switch|p2a: Magearna|Magearna|100\/100\n|move|p1a: Funny Fish|Dark Pulse|p2a: Magearna\n|-resisted|p2a: Magearna\n|-damage|p2a: Magearna|76\/100\n|\n|-heal|p2a: Magearna|82\/100|[from] item: Leftovers\n|-damage|p1a: Funny Fish|0 fnt|[from] psn\n|faint|p1a: Funny Fish\n|-ability|p2a: Magearna|Soul-Heart|boost\n|-boost|p2a: Magearna|spa|1\n|upkeep\n|\n|t:|1697411035\n|switch|p1a: Sif|Zacian|100\/100\n|-status|p1a: Sif|tox\n|-enditem|p1a: Sif|Lum Berry|[eat]\n|-curestatus|p1a: Sif|tox|[msg]\n|-damage|p1a: Sif|84\/100|[from] Spikes\n|-ability|p1a: Sif|Intrepid Sword|boost\n|-boost|p1a: Sif|atk|1\n|turn|25\n|\n|t:|1697411042\n|-terastallize|p1a: Sif|Ground\n|move|p1a: Sif|Swords Dance|p1a: Sif\n|-boost|p1a: Sif|atk|2\n|move|p2a: Magearna|Flash Cannon|p1a: Sif\n|-crit|p1a: Sif\n|-damage|p1a: Sif|10\/100\n|\n|-heal|p2a: Magearna|88\/100|[from] item: Leftovers\n|upkeep\n|turn|26\n|\n|t:|1697411051\n|move|p1a: Sif|Tera Blast|p2a: Magearna|[anim] Tera Blast Ground\n|-supereffective|p2a: Magearna\n|-damage|p2a: Magearna|0 fnt\n|faint|p2a: Magearna\n|\n|upkeep\n|\n|t:|1697411053\n|switch|p2a: Gholdengo|Gholdengo, tera:Water|60\/100\n|turn|27\n|-message|Xmaserd forfeited.\n|\n|win|GratedsShtickface\n|c|\u2606GratedsShtickface|gg\n","uploadtime":1697411092,"views":27,"p1id":"gratedsshtickface","p2id":"xmaserd","formatid":"gen9ubers","rating":0,"private":0,"password":""}