{"id":"gen9ubers-1992351930","p1":"jblockman77","p2":"bigmansuperpower","format":"[Gen 9] Ubers","log":"|j|\u2606jblockman77\n|j|\u2606bigmansuperpower\n|t:|1700177693\n|gametype|singles\n|player|p1|jblockman77|n|\n|player|p2|bigmansuperpower|giovanni|\n|teamsize|p1|6\n|teamsize|p2|6\n|gen|9\n|tier|[Gen 9] Ubers\n|rule|Sleep Clause Mod: Limit one foe put to sleep\n|rule|Species Clause: Limit one of each Pok\u00e9mon\n|rule|OHKO Clause: OHKO moves are banned\n|rule|Evasion Items Clause: Evasion items are banned\n|rule|Evasion Moves Clause: Evasion moves are banned\n|rule|Endless Battle Clause: Forcing endless battles is banned\n|rule|HP Percentage Mod: HP is shown in percentages\n|clearpoke\n|poke|p1|Gholdengo|\n|poke|p1|Articuno-Galar|\n|poke|p1|Zoroark-Hisui, M|\n|poke|p1|Tauros-Paldea-Blaze, M|\n|poke|p1|Greninja-*, M|\n|poke|p1|Tornadus-Therian, M|\n|poke|p2|Urshifu-*, M|\n|poke|p2|Zamazenta-*|\n|poke|p2|Dragapult, M|\n|poke|p2|Hydreigon, M|\n|poke|p2|Grimmsnarl, M|\n|poke|p2|Copperajah, M|\n|teampreview\n|\n|t:|1700177736\n|start\n|switch|p1a: Greninja|Greninja, M|100\/100\n|switch|p2a: Hydreigon|Hydreigon, M|100\/100\n|turn|1\n|\n|t:|1700177743\n|move|p1a: Greninja|Ice Beam|p2a: Hydreigon\n|-start|p1a: Greninja|typechange|Ice|[from] ability: Protean\n|-supereffective|p2a: Hydreigon\n|-damage|p2a: Hydreigon|0 fnt\n|faint|p2a: Hydreigon\n|\n|upkeep\n|c|\u2606bigmansuperpower|\u2620\ufe0f\n|\n|t:|1700177767\n|switch|p2a: Grimmsnarl|Grimmsnarl, M, shiny|100\/100\n|turn|2\n|c|\u2606bigmansuperpower|huh\n|\n|t:|1700177783\n|move|p2a: Grimmsnarl|Thunder Wave|p1a: Greninja\n|-status|p1a: Greninja|par\n|move|p1a: Greninja|Ice Beam|p2a: Grimmsnarl\n|-damage|p2a: Grimmsnarl|33\/100\n|\n|upkeep\n|turn|3\n|\n|t:|1700177798\n|switch|p2a: Copperajah|Copperajah, M|100\/100\n|cant|p1a: Greninja|par\n|\n|upkeep\n|turn|4\n|\n|t:|1700177804\n|switch|p1a: Tauros|Tauros-Paldea-Blaze, M|100\/100\n|move|p2a: Copperajah|Heavy Slam|p1a: Tauros\n|-resisted|p1a: Tauros\n|-damage|p1a: Tauros|70\/100\n|\n|-heal|p1a: Tauros|76\/100|[from] item: Leftovers\n|upkeep\n|turn|5\n|c|\u2606bigmansuperpower|hmm\n|\n|t:|1700177835\n|switch|p2a: Dragapult|Dragapult, M, shiny|100\/100\n|move|p1a: Tauros|Lash Out|p2a: Dragapult\n|-supereffective|p2a: Dragapult\n|-damage|p2a: Dragapult|41\/100\n|\n|-heal|p1a: Tauros|82\/100|[from] item: Leftovers\n|upkeep\n|turn|6\n|\n|t:|1700177851\n|move|p2a: Dragapult|Protect|p2a: Dragapult\n|-singleturn|p2a: Dragapult|Protect\n|move|p1a: Tauros|Lash Out|p2a: Dragapult\n|-activate|p2a: Dragapult|move: Protect\n|\n|-heal|p1a: Tauros|88\/100|[from] item: Leftovers\n|upkeep\n|turn|7\n|\n|t:|1700177864\n|move|p2a: Dragapult|U-turn|p1a: Tauros\n|-resisted|p1a: Tauros\n|-damage|p1a: Tauros|84\/100\n|c|\u2606bigmansuperpower|i forgot my plan here\n|\n|t:|1700177889\n|switch|p2a: Zamazenta|Zamazenta|100\/100|[from] U-turn\n|-ability|p2a: Zamazenta|Dauntless Shield|boost\n|-boost|p2a: Zamazenta|def|1\n|move|p1a: Tauros|Lash Out|p2a: Zamazenta\n|-resisted|p2a: Zamazenta\n|-damage|p2a: Zamazenta|95\/100\n|\n|-heal|p1a: Tauros|90\/100|[from] item: Leftovers\n|-heal|p2a: Zamazenta|100\/100|[from] item: Leftovers\n|upkeep\n|turn|8\n|c|\u2606bigmansuperpower|it might be gojover\n|\n|t:|1700177901\n|switch|p1a: Tornadus|Tornadus-Therian, M|100\/100\n|move|p2a: Zamazenta|Stone Edge|p1a: Tornadus\n|-supereffective|p1a: Tornadus\n|-damage|p1a: Tornadus|24\/100\n|\n|upkeep\n|turn|9\n|\n|t:|1700177913\n|switch|p1a: Gholdengo|Gholdengo|100\/100\n|move|p2a: Zamazenta|Close Combat|p1a: Gholdengo\n|-immune|p1a: Gholdengo\n|\n|upkeep\n|turn|10\n|c|\u2606bigmansuperpower|uh oh\n|\n|t:|1700177931\n|move|p1a: Gholdengo|Shadow Ball|p2a: Zamazenta\n|-damage|p2a: Zamazenta|66\/100\n|move|p2a: Zamazenta|Stone Edge|p1a: Gholdengo\n|-resisted|p1a: Gholdengo\n|-crit|p1a: Gholdengo\n|-damage|p1a: Gholdengo|74\/100\n|\n|-heal|p2a: Zamazenta|72\/100|[from] item: Leftovers\n|upkeep\n|turn|11\n|\n|t:|1700177950\n|switch|p2a: Copperajah|Copperajah, M|100\/100\n|move|p1a: Gholdengo|Shadow Ball|p2a: Copperajah\n|-damage|p2a: Copperajah|69\/100\n|\n|-heal|p2a: Copperajah|75\/100|[from] item: Leftovers\n|upkeep\n|turn|12\n|\n|t:|1700177957\n|switch|p1a: Tornadus|Tornadus-Therian, M|57\/100\n|move|p2a: Copperajah|Earthquake|p1a: Tornadus\n|-immune|p1a: Tornadus\n|\n|-heal|p2a: Copperajah|81\/100|[from] item: Leftovers\n|upkeep\n|turn|13\n|\n|t:|1700177969\n|move|p1a: Tornadus|Heat Wave|p2a: Copperajah\n|-supereffective|p2a: Copperajah\n|-damage|p2a: Copperajah|40\/100\n|move|p2a: Copperajah|Stealth Rock|p1a: Tornadus\n|-sidestart|p1: jblockman77|move: Stealth Rock\n|\n|-heal|p2a: Copperajah|47\/100|[from] item: Leftovers\n|upkeep\n|turn|14\n|\n|t:|1700177988\n|switch|p2a: Grimmsnarl|Grimmsnarl, M, shiny|33\/100\n|move|p1a: Tornadus|U-turn|p2a: Grimmsnarl\n|-damage|p2a: Grimmsnarl|15\/100\n|c|\u2606bigmansuperpower|aw\n|\n|t:|1700178002\n|switch|p1a: Gholdengo|Gholdengo|74\/100|[from] U-turn\n|-damage|p1a: Gholdengo|68\/100|[from] Stealth Rock\n|\n|upkeep\n|turn|15\n|\n|t:|1700178018\n|move|p1a: Gholdengo|Shadow Ball|p2a: Grimmsnarl\n|-resisted|p2a: Grimmsnarl\n|-damage|p2a: Grimmsnarl|0 fnt\n|faint|p2a: Grimmsnarl\n|\n|upkeep\n|\n|t:|1700178036\n|switch|p2a: Copperajah|Copperajah, M|47\/100\n|turn|16\n|\n|t:|1700178041\n|switch|p1a: Tornadus|Tornadus-Therian, M|90\/100\n|move|p2a: Copperajah|Earthquake|p1a: Tornadus\n|-immune|p1a: Tornadus\n|\n|-heal|p2a: Copperajah|53\/100|[from] item: Leftovers\n|upkeep\n|turn|17\n|c|\u2606bigmansuperpower|damn\n|c|\u2606bigmansuperpower|hmm\n|c|\u2606bigmansuperpower|i didnt plan anything out lmao\n|\n|t:|1700178080\n|switch|p2a: Dragapult|Dragapult, M, shiny|41\/100\n|move|p1a: Tornadus|Bleakwind Storm|p2a: Dragapult\n|-damage|p2a: Dragapult|0 fnt\n|faint|p2a: Dragapult\n|\n|upkeep\n|c|\u2606bigmansuperpower|im just throwing shit out as i go\n|\n|t:|1700178095\n|switch|p2a: Zamazenta|Zamazenta|72\/100\n|turn|18\n|\n|t:|1700178101\n|move|p1a: Tornadus|Bleakwind Storm|p2a: Zamazenta\n|-supereffective|p2a: Zamazenta\n|-damage|p2a: Zamazenta|0 fnt\n|faint|p2a: Zamazenta\n|\n|upkeep\n|c|\u2606bigmansuperpower|OK\n|c|\u2606bigmansuperpower|I WASNT\n|c|\u2606bigmansuperpower|I DIDNT KNOW\n|c|\u2606bigmansuperpower|THAT WAS SUPER EFFECTIVE\n|c|\u2606bigmansuperpower|I DONT KNOW THE WEAKNESSES IM GOOGLING SHIT WHENEVER YOU PULL OUT A NEW MON \ud83d\ude2d\n|\n|t:|1700178140\n|switch|p2a: Copperajah|Copperajah, M|53\/100\n|turn|19\n|\n|t:|1700178145\n|move|p1a: Tornadus|Heat Wave|p2a: Copperajah\n|-supereffective|p2a: Copperajah\n|-damage|p2a: Copperajah|9\/100\n|move|p2a: Copperajah|Heavy Slam|p1a: Tornadus\n|-damage|p1a: Tornadus|18\/100\n|\n|-heal|p2a: Copperajah|16\/100|[from] item: Leftovers\n|upkeep\n|turn|20\n|c|\u2606bigmansuperpower|ABSOLUTELY NOTHING\n|c|\u2606bigmansuperpower|OH\n|c|\u2606bigmansuperpower|OK\n|c|\u2606bigmansuperpower|THAT\n|c|\u2606bigmansuperpower|PROBABLY\n|\n|t:|1700178165\n|move|p1a: Tornadus|Heat Wave|p2a: Copperajah\n|-supereffective|p2a: Copperajah\n|-damage|p2a: Copperajah|0 fnt\n|faint|p2a: Copperajah\n|\n|upkeep\n|\n|t:|1700178170\n|switch|p2a: Urshifu|Urshifu, M|100\/100\n|turn|21\n|\n|t:|1700178180\n|move|p1a: Tornadus|U-turn|p2a: Urshifu\n|-damage|p2a: Urshifu|88\/100\n|\n|t:|1700178182\n|switch|p1a: Tauros|Tauros-Paldea-Blaze, M|90\/100|[from] U-turn\n|-damage|p1a: Tauros|77\/100|[from] Stealth Rock\n|move|p2a: Urshifu|Close Combat|p1a: Tauros\n|-damage|p1a: Tauros|15\/100\n|-unboost|p2a: Urshifu|def|1\n|-unboost|p2a: Urshifu|spd|1\n|\n|-heal|p1a: Tauros|21\/100|[from] item: Leftovers\n|-heal|p2a: Urshifu|94\/100|[from] item: Leftovers\n|upkeep\n|turn|22\n|\n|t:|1700178194\n|-terastallize|p1a: Tauros|Fighting\n|move|p1a: Tauros|Close Combat|p2a: Urshifu\n|-supereffective|p2a: Urshifu\n|-damage|p2a: Urshifu|0 fnt\n|-unboost|p1a: Tauros|def|1\n|-unboost|p1a: Tauros|spd|1\n|faint|p2a: Urshifu\n|\n|win|jblockman77\n|c|\u2606bigmansuperpower|WHAT\n|c|\u2606jblockman77|gg\n|c|\u2606bigmansuperpower|I WAS TRYNA USE COUNTER \ud83d\ude2d\n|c|\u2606bigmansuperpower|gg\n","uploadtime":1700178215,"views":23,"p1id":"jblockman77","p2id":"bigmansuperpower","formatid":"gen9ubers","rating":0,"private":0,"password":""}