{"id":"gen9ubers-1984356919","p1":"Andy834","p2":"uubers account","format":"[Gen 9] Ubers","log":"|j|\u2606Andy834\n|j|\u2606uubers account\n|t:|1699248813\n|gametype|singles\n|player|p1|Andy834|silver|1360\n|player|p2|uubers account|2|1543\n|teamsize|p1|6\n|teamsize|p2|6\n|gen|9\n|tier|[Gen 9] Ubers\n|rated|\n|rule|Sleep Clause Mod: Limit one foe put to sleep\n|rule|Species Clause: Limit one of each Pok\u00e9mon\n|rule|OHKO Clause: OHKO moves are banned\n|rule|Evasion Items Clause: Evasion items are banned\n|rule|Evasion Moves Clause: Evasion moves are banned\n|rule|Endless Battle Clause: Forcing endless battles is banned\n|rule|HP Percentage Mod: HP is shown in percentages\n|clearpoke\n|poke|p1|Blissey, F|\n|poke|p1|Skeledirge, M|\n|poke|p1|Eternatus|\n|poke|p1|Flutter Mane|\n|poke|p1|Palkia-Origin|\n|poke|p1|Koraidon|\n|poke|p2|Miraidon|\n|poke|p2|Arceus-Fairy|\n|poke|p2|Koraidon|\n|poke|p2|Zacian-*|\n|poke|p2|Skeledirge, F|\n|poke|p2|Giratina-Origin|\n|teampreview\n|\n|t:|1699248835\n|start\n|switch|p1a: Eternatus|Eternatus|100\/100\n|switch|p2a: Miraidon|Miraidon|100\/100\n|-fieldstart|move: Electric Terrain|[from] ability: Hadron Engine|[of] p2a: Miraidon\n|-ability|p1a: Eternatus|Pressure\n|turn|1\n|\n|t:|1699248854\n|move|p2a: Miraidon|Volt Switch|p1a: Eternatus\n|-resisted|p1a: Eternatus\n|-damage|p1a: Eternatus|83\/100\n|\n|t:|1699248859\n|switch|p2a: Zacian|Zacian-Crowned|100\/100|[from] Volt Switch\n|-ability|p2a: Zacian|Intrepid Sword|boost\n|-boost|p2a: Zacian|atk|1\n|move|p1a: Eternatus|Toxic Spikes|p2a: Zacian\n|-sidestart|p2: uubers account|move: Toxic Spikes\n|\n|upkeep\n|turn|2\n|\n|t:|1699248883\n|switch|p2a: Giratina|Giratina-Origin|100\/100\n|move|p1a: Eternatus|Cosmic Power|p1a: Eternatus\n|-boost|p1a: Eternatus|def|1\n|-boost|p1a: Eternatus|spd|1\n|\n|upkeep\n|turn|3\n|\n|t:|1699248897\n|move|p1a: Eternatus|Toxic Spikes|p2a: Giratina\n|-sidestart|p2: uubers account|move: Toxic Spikes\n|move|p2a: Giratina|Draco Meteor|p1a: Eternatus\n|-supereffective|p1a: Eternatus\n|-damage|p1a: Eternatus|20\/100\n|-unboost|p2a: Giratina|spa|2\n|\n|upkeep\n|turn|4\n|\n|t:|1699248902\n|move|p1a: Eternatus|Recover|p1a: Eternatus\n|-heal|p1a: Eternatus|70\/100\n|move|p2a: Giratina|Defog|p1a: Eternatus\n|-unboost|p1a: Eternatus|evasion|1\n|-sideend|p2: uubers account|Toxic Spikes|[from] move: Defog|[of] p2a: Giratina\n|-fieldend|move: Electric Terrain\n|\n|upkeep\n|turn|5\n|\n|t:|1699248927\n|switch|p1a: Blissey|Blissey, F|100\/100\n|switch|p2a: Miraidon|Miraidon|100\/100\n|-fieldstart|move: Electric Terrain|[from] ability: Hadron Engine|[of] p2a: Miraidon\n|\n|upkeep\n|turn|6\n|\n|t:|1699248938\n|switch|p1a: Eternatus|Eternatus|70\/100\n|-ability|p1a: Eternatus|Pressure\n|move|p2a: Miraidon|Volt Switch|p1a: Eternatus\n|-resisted|p1a: Eternatus\n|-damage|p1a: Eternatus|50\/100\n|\n|t:|1699248945\n|switch|p2a: Koraidon|Koraidon|100\/100|[from] Volt Switch\n|-weather|SunnyDay|[from] ability: Orichalcum Pulse|[of] p2a: Koraidon\n|-activate|p2a: Koraidon|Orichalcum Pulse|[source]\n|\n|-weather|SunnyDay|[upkeep]\n|upkeep\n|turn|7\n|\n|t:|1699248955\n|switch|p1a: Flutter Mane|Flutter Mane|100\/100\n|-activate|p1a: Flutter Mane|ability: Protosynthesis\n|-start|p1a: Flutter Mane|protosynthesisspe\n|move|p2a: Koraidon|Scale Shot|p1a: Flutter Mane\n|-immune|p1a: Flutter Mane\n|\n|-weather|SunnyDay|[upkeep]\n|upkeep\n|turn|8\n|\n|t:|1699248964\n|-terastallize|p2a: Koraidon|Fire\n|move|p1a: Flutter Mane|Calm Mind|p1a: Flutter Mane\n|-boost|p1a: Flutter Mane|spa|1\n|-boost|p1a: Flutter Mane|spd|1\n|move|p2a: Koraidon|Flare Blitz|p1a: Flutter Mane\n|-damage|p1a: Flutter Mane|0 fnt\n|faint|p1a: Flutter Mane\n|-end|p1a: Flutter Mane|Protosynthesis|[silent]\n|-damage|p2a: Koraidon|76\/100|[from] Recoil\n|\n|-weather|SunnyDay|[upkeep]\n|upkeep\n|\n|t:|1699248990\n|switch|p1a: Palkia|Palkia-Origin|100\/100\n|-ability|p1a: Palkia|Pressure\n|turn|9\n|\n|t:|1699249015\n|move|p2a: Koraidon|Flare Blitz|p1a: Palkia\n|-resisted|p1a: Palkia\n|-damage|p1a: Palkia|66\/100\n|-damage|p2a: Koraidon|66\/100|[from] Recoil\n|move|p1a: Palkia|Earth Power|p2a: Koraidon\n|-supereffective|p2a: Koraidon\n|-damage|p2a: Koraidon|0 fnt\n|faint|p2a: Koraidon\n|\n|-weather|SunnyDay|[upkeep]\n|-fieldend|move: Electric Terrain\n|upkeep\n|\n|t:|1699249039\n|switch|p2a: Miraidon|Miraidon|100\/100\n|-fieldstart|move: Electric Terrain|[from] ability: Hadron Engine|[of] p2a: Miraidon\n|turn|10\n|\n|t:|1699249051\n|move|p2a: Miraidon|Volt Switch|p1a: Palkia\n|-damage|p1a: Palkia|5\/100\n|\n|t:|1699249059\n|switch|p2a: Arceus|Arceus-Fairy|100\/100|[from] Volt Switch\n|move|p1a: Palkia|Earth Power|p2a: Arceus\n|-damage|p2a: Arceus|79\/100\n|\n|-weather|none\n|upkeep\n|turn|11\n|\n|t:|1699249070\n|move|p1a: Palkia|Hydro Pump|p2a: Arceus\n|-damage|p2a: Arceus|32\/100\n|move|p2a: Arceus|Judgment|p1a: Palkia\n|-supereffective|p1a: Palkia\n|-damage|p1a: Palkia|0 fnt\n|faint|p1a: Palkia\n|\n|upkeep\n|\n|t:|1699249094\n|switch|p1a: Skeledirge|Skeledirge, M|100\/100\n|turn|12\n|\n|t:|1699249103\n|move|p2a: Arceus|Recover|p2a: Arceus\n|-heal|p2a: Arceus|82\/100\n|move|p1a: Skeledirge|Torch Song|p2a: Arceus\n|-damage|p2a: Arceus|63\/100\n|-boost|p1a: Skeledirge|spa|1\n|\n|upkeep\n|turn|13\n|\n|t:|1699249111\n|switch|p2a: Skeledirge|Skeledirge, F|100\/100\n|move|p1a: Skeledirge|Will-O-Wisp|p2a: Skeledirge\n|-immune|p2a: Skeledirge\n|\n|upkeep\n|turn|14\n|\n|t:|1699249116\n|move|p2a: Skeledirge|Hex|p1a: Skeledirge\n|-supereffective|p1a: Skeledirge\n|-damage|p1a: Skeledirge|52\/100\n|move|p1a: Skeledirge|Hex|p2a: Skeledirge\n|-supereffective|p2a: Skeledirge\n|-damage|p2a: Skeledirge|46\/100\n|\n|-heal|p1a: Skeledirge|58\/100|[from] item: Leftovers\n|-fieldend|move: Electric Terrain\n|upkeep\n|turn|15\n|\n|t:|1699249129\n|move|p2a: Skeledirge|Hex|p1a: Skeledirge\n|-supereffective|p1a: Skeledirge\n|-damage|p1a: Skeledirge|10\/100\n|move|p1a: Skeledirge|Hex|p2a: Skeledirge\n|-supereffective|p2a: Skeledirge\n|-damage|p2a: Skeledirge|0 fnt\n|faint|p2a: Skeledirge\n|\n|-heal|p1a: Skeledirge|16\/100|[from] item: Leftovers\n|upkeep\n|\n|t:|1699249138\n|switch|p2a: Miraidon|Miraidon|100\/100\n|-fieldstart|move: Electric Terrain|[from] ability: Hadron Engine|[of] p2a: Miraidon\n|turn|16\n|\n|t:|1699249143\n|move|p2a: Miraidon|Volt Switch|p1a: Skeledirge\n|-damage|p1a: Skeledirge|0 fnt\n|faint|p1a: Skeledirge\n|-message|Andy834 forfeited.\n|\n|win|uubers account\n|raw|Andy834's rating: 1360 &rarr; <strong>1350<\/strong><br \/>(-10 for losing)\n|raw|uubers account's rating: 1543 &rarr; <strong>1553<\/strong><br \/>(+10 for winning)\n|l|\u2606Andy834\n","uploadtime":1699249153,"views":4,"p1id":"andy834","p2id":"uubersaccount","formatid":"gen9ubers","rating":1350,"private":0,"password":""}