{"id":"gen9ubers-1969055451","p1":"GambitBilal","p2":"Underhours","format":"[Gen 9] Ubers","log":"|j|\u2606GambitBilal\n|j|\u2606Underhours\n|t:|1697486213\n|gametype|singles\n|player|p1|GambitBilal|cynthia-masters3|\n|player|p2|Underhours|brock-gen2|\n|teamsize|p1|6\n|teamsize|p2|6\n|gen|9\n|tier|[Gen 9] Ubers\n|rule|Sleep Clause Mod: Limit one foe put to sleep\n|rule|Species Clause: Limit one of each Pok\u00e9mon\n|rule|OHKO Clause: OHKO moves are banned\n|rule|Evasion Items Clause: Evasion items are banned\n|rule|Evasion Moves Clause: Evasion moves are banned\n|rule|Endless Battle Clause: Forcing endless battles is banned\n|rule|HP Percentage Mod: HP is shown in percentages\n|clearpoke\n|poke|p1|Masquerain, F|\n|poke|p1|Arceus-Ice|\n|poke|p1|Gholdengo|\n|poke|p1|Palafin, M|\n|poke|p1|Chi-Yu|\n|poke|p1|Zamazenta-*|\n|poke|p2|Magearna|\n|poke|p2|Palkia-Origin|\n|poke|p2|Arceus-Fighting|\n|poke|p2|Chi-Yu|\n|poke|p2|Espathra, M|\n|poke|p2|Cyclizar, F|\n|teampreview\n|inactive|Battle timer is ON: inactive players will automatically lose when time's up. (requested by Underhours)\n|c|\u2606GambitBilal|glhf\n|inactive|Underhours has 270 seconds left.\n|c|\u2606Underhours|u2\n|\n|t:|1697486249\n|start\n|switch|p1a: THE DOLPHIN|Palafin, M|100\/100\n|switch|p2a: Cyclizar|Cyclizar, F|100\/100\n|turn|1\n|\n|t:|1697486260\n|move|p2a: Cyclizar|Shed Tail|p2a: Cyclizar\n|-start|p2a: Cyclizar|Substitute|[from] move: Shed Tail\n|-damage|p2a: Cyclizar|50\/100\n|\n|t:|1697486265\n|switch|p2a: Palkia|Palkia-Origin|100\/100|[from] Shed Tail\n|-ability|p2a: Palkia|Pressure\n|move|p1a: THE DOLPHIN|Flip Turn|p2a: Palkia\n|-resisted|p2a: Palkia\n|-activate|p2a: Palkia|move: Substitute|[damage]\n|\n|t:|1697486287\n|detailschange|p1a: THE DOLPHIN|Palafin-Hero, M\n|switch|p1a: Arceus|Arceus-Ice|100\/100|[from] Flip Turn\n|\n|upkeep\n|turn|2\n|\n|t:|1697486297\n|move|p2a: Palkia|Fire Blast|p1a: Arceus\n|-supereffective|p1a: Arceus\n|-damage|p1a: Arceus|35\/100\n|move|p1a: Arceus|Calm Mind|p1a: Arceus\n|-boost|p1a: Arceus|spa|1\n|-boost|p1a: Arceus|spd|1\n|\n|upkeep\n|turn|3\n|\n|t:|1697486304\n|switch|p1a: THE FISH|Chi-Yu|100\/100\n|-ability|p1a: THE FISH|Beads of Ruin\n|move|p2a: Palkia|Draco Meteor|p1a: THE FISH\n|-damage|p1a: THE FISH|0 fnt\n|-unboost|p2a: Palkia|spa|2\n|faint|p1a: THE FISH\n|\n|upkeep\n|\n|t:|1697486309\n|switch|p1a: THOUSAND SUNNY|Masquerain, F|100\/100\n|-ability|p1a: THOUSAND SUNNY|Intimidate|boost\n|-immune|p2a: Palkia\n|turn|4\n|\n|t:|1697486321\n|switch|p2a: Cyclizar|Cyclizar, F|84\/100\n|move|p1a: THOUSAND SUNNY|Sticky Web|p2a: Cyclizar\n|-sidestart|p2: Underhours|move: Sticky Web\n|\n|upkeep\n|turn|5\n|\n|t:|1697486329\n|move|p2a: Cyclizar|Taunt|p1a: THOUSAND SUNNY\n|-start|p1a: THOUSAND SUNNY|move: Taunt\n|cant|p1a: THOUSAND SUNNY|move: Taunt|Whirlwind\n|\n|upkeep\n|turn|6\n|\n|t:|1697486332\n|move|p2a: Cyclizar|Rapid Spin|p1a: THOUSAND SUNNY\n|-damage|p1a: THOUSAND SUNNY|68\/100\n|-boost|p2a: Cyclizar|spe|1\n|-sideend|p2: Underhours|Sticky Web|[from] move: Rapid Spin|[of] p2a: Cyclizar\n|move|p1a: THOUSAND SUNNY|Bug Buzz|p2a: Cyclizar\n|-damage|p2a: Cyclizar|28\/100\n|\n|upkeep\n|turn|7\n|\n|t:|1697486347\n|switch|p2a: Chi-Yu|Chi-Yu|100\/100\n|-ability|p2a: Chi-Yu|Beads of Ruin\n|move|p1a: THOUSAND SUNNY|Bug Buzz|p2a: Chi-Yu\n|-damage|p2a: Chi-Yu|55\/100\n|\n|-end|p1a: THOUSAND SUNNY|move: Taunt\n|upkeep\n|turn|8\n|\n|t:|1697486363\n|move|p2a: Chi-Yu|Dark Pulse|p1a: THOUSAND SUNNY\n|-damage|p1a: THOUSAND SUNNY|0 fnt\n|faint|p1a: THOUSAND SUNNY\n|\n|upkeep\n|\n|t:|1697486367\n|switch|p1a: THE DOLPHIN|Palafin-Hero, M|100\/100\n|-activate|p1a: THE DOLPHIN|ability: Zero to Hero\n|turn|9\n|\n|t:|1697486382\n|switch|p2a: Palkia|Palkia-Origin|100\/100\n|-ability|p2a: Palkia|Pressure\n|move|p1a: THE DOLPHIN|Close Combat|p2a: Palkia\n|-damage|p2a: Palkia|13\/100\n|-unboost|p1a: THE DOLPHIN|def|1\n|-unboost|p1a: THE DOLPHIN|spd|1\n|\n|upkeep\n|turn|10\n|inactive|Underhours has 270 seconds left.\n|\n|t:|1697486424\n|switch|p2a: Arceus|Arceus-Fighting|100\/100\n|switch|p1a: THE CHEESESTRING|Gholdengo|100\/100\n|\n|upkeep\n|turn|11\n|\n|t:|1697486439\n|move|p1a: THE CHEESESTRING|Trick||[still]\n|-fail|p1a: THE CHEESESTRING\n|move|p2a: Arceus|Stealth Rock|p1a: THE CHEESESTRING\n|-sidestart|p1: GambitBilal|move: Stealth Rock\n|\n|upkeep\n|turn|12\n|\n|t:|1697486449\n|switch|p1a: THE DAWG|Zamazenta-Crowned|100\/100\n|-damage|p1a: THE DAWG|97\/100|[from] Stealth Rock\n|-ability|p1a: THE DAWG|Dauntless Shield|boost\n|-boost|p1a: THE DAWG|def|1\n|move|p2a: Arceus|Dragon Tail|p1a: THE DAWG\n|-resisted|p1a: THE DAWG\n|-damage|p1a: THE DAWG|94\/100\n|drag|p1a: THE DOLPHIN|Palafin-Hero, M|100\/100\n|-damage|p1a: THE DOLPHIN|88\/100|[from] Stealth Rock\n|\n|upkeep\n|turn|13\n|\n|t:|1697486457\n|move|p2a: Arceus|Recover||[still]\n|-fail|p2a: Arceus|heal\n|move|p1a: THE DOLPHIN|Wave Crash|p2a: Arceus\n|-damage|p2a: Arceus|2\/100\n|-damage|p1a: THE DOLPHIN|52\/100|[from] Recoil\n|\n|upkeep\n|turn|14\n|\n|t:|1697486464\n|move|p2a: Arceus|Judgment|p1a: THE DOLPHIN\n|-damage|p1a: THE DOLPHIN|7\/100\n|move|p1a: THE DOLPHIN|Wave Crash|p2a: Arceus\n|-damage|p2a: Arceus|0 fnt\n|faint|p2a: Arceus\n|-damage|p1a: THE DOLPHIN|6\/100|[from] Recoil\n|\n|upkeep\n|\n|t:|1697486473\n|switch|p2a: Magearna|Magearna|100\/100\n|turn|15\n|\n|t:|1697486479\n|move|p1a: THE DOLPHIN|Wave Crash|p2a: Magearna\n|-damage|p2a: Magearna|20\/100\n|-damage|p1a: THE DOLPHIN|0 fnt|[from] Recoil\n|faint|p1a: THE DOLPHIN\n|-ability|p2a: Magearna|Soul-Heart|boost\n|-boost|p2a: Magearna|spa|1\n|move|p2a: Magearna|Draining Kiss|p1: THE DOLPHIN|[notarget]\n|-fail|p2a: Magearna\n|\n|-heal|p2a: Magearna|26\/100|[from] item: Leftovers\n|upkeep\n|\n|t:|1697486484\n|switch|p1a: THE CHEESESTRING|Gholdengo|100\/100\n|-damage|p1a: THE CHEESESTRING|94\/100|[from] Stealth Rock\n|turn|16\n|\n|t:|1697486492\n|move|p1a: THE CHEESESTRING|Trick|p2a: Magearna\n|-activate|p1a: THE CHEESESTRING|move: Trick|[of] p2a: Magearna\n|-item|p2a: Magearna|Choice Scarf|[from] move: Trick\n|-item|p1a: THE CHEESESTRING|Leftovers|[from] move: Trick\n|move|p2a: Magearna|Calm Mind|p2a: Magearna\n|-boost|p2a: Magearna|spa|1\n|-boost|p2a: Magearna|spd|1\n|\n|-heal|p1a: THE CHEESESTRING|100\/100|[from] item: Leftovers\n|upkeep\n|turn|17\n|\n|t:|1697486511\n|move|p1a: THE CHEESESTRING|Shadow Ball|p2a: Magearna\n|-damage|p2a: Magearna|2\/100\n|move|p2a: Magearna|Calm Mind|p2a: Magearna\n|-boost|p2a: Magearna|spa|1\n|-boost|p2a: Magearna|spd|1\n|\n|upkeep\n|turn|18\n|\n|t:|1697486519\n|move|p1a: THE CHEESESTRING|Shadow Ball|p2a: Magearna\n|-damage|p2a: Magearna|0 fnt\n|faint|p2a: Magearna\n|\n|upkeep\n|\n|t:|1697486540\n|switch|p2a: Palkia|Palkia-Origin|13\/100\n|-ability|p2a: Palkia|Pressure\n|turn|19\n|\n|t:|1697486548\n|move|p2a: Palkia|Fire Blast|p1a: THE CHEESESTRING\n|-supereffective|p1a: THE CHEESESTRING\n|-damage|p1a: THE CHEESESTRING|5\/100\n|move|p1a: THE CHEESESTRING|Shadow Ball|p2a: Palkia\n|-damage|p2a: Palkia|0 fnt\n|faint|p2a: Palkia\n|\n|-heal|p1a: THE CHEESESTRING|11\/100|[from] item: Leftovers\n|upkeep\n|\n|t:|1697486554\n|switch|p2a: Cyclizar|Cyclizar, F|61\/100\n|turn|20\n|inactive|Underhours has 270 seconds left.\n|\n|t:|1697486590\n|move|p2a: Cyclizar|Shed Tail|p2a: Cyclizar\n|-start|p2a: Cyclizar|Substitute|[from] move: Shed Tail\n|-damage|p2a: Cyclizar|11\/100\n|\n|t:|1697486597\n|switch|p2a: Espathra|Espathra, M|100\/100|[from] Shed Tail\n|move|p1a: THE CHEESESTRING|Focus Blast|p2a: Espathra\n|-resisted|p2a: Espathra\n|-end|p2a: Espathra|Substitute\n|\n|-heal|p1a: THE CHEESESTRING|17\/100|[from] item: Leftovers\n|upkeep\n|turn|21\n|inactive|Underhours has 270 seconds left.\n|\n|t:|1697486607\n|move|p2a: Espathra|Protect|p2a: Espathra\n|-singleturn|p2a: Espathra|Protect\n|move|p1a: THE CHEESESTRING|Shadow Ball|p2a: Espathra\n|-activate|p2a: Espathra|move: Protect\n|\n|-heal|p1a: THE CHEESESTRING|23\/100|[from] item: Leftovers\n|-ability|p2a: Espathra|Speed Boost|boost\n|-boost|p2a: Espathra|spe|1\n|upkeep\n|turn|22\n|\n|t:|1697486614\n|switch|p2a: Cyclizar|Cyclizar, F|44\/100\n|move|p1a: THE CHEESESTRING|Shadow Ball|p2a: Cyclizar\n|-immune|p2a: Cyclizar\n|\n|-heal|p1a: THE CHEESESTRING|29\/100|[from] item: Leftovers\n|upkeep\n|turn|23\n|\n|t:|1697486620\n|move|p2a: Cyclizar|Knock Off|p1a: THE CHEESESTRING\n|-supereffective|p1a: THE CHEESESTRING\n|-damage|p1a: THE CHEESESTRING|0 fnt\n|-enditem|p1a: THE CHEESESTRING|Leftovers|[from] move: Knock Off|[of] p2a: Cyclizar\n|faint|p1a: THE CHEESESTRING\n|\n|upkeep\n|\n|t:|1697486626\n|switch|p1a: Arceus|Arceus-Ice|35\/100\n|-damage|p1a: Arceus|10\/100|[from] Stealth Rock\n|turn|24\n|\n|t:|1697486638\n|move|p2a: Cyclizar|Rapid Spin|p1a: Arceus\n|-damage|p1a: Arceus|0 fnt\n|-boost|p2a: Cyclizar|spe|1\n|faint|p1a: Arceus\n|\n|upkeep\n|\n|t:|1697486640\n|switch|p1a: THE DAWG|Zamazenta-Crowned|94\/100\n|-damage|p1a: THE DAWG|91\/100|[from] Stealth Rock\n|turn|25\n|\n|t:|1697486651\n|move|p2a: Cyclizar|Shed Tail|p2a: Cyclizar\n|-fail|p2a: Cyclizar|move: Shed Tail|[weak]\n|move|p1a: THE DAWG|Iron Defense|p1a: THE DAWG\n|-boost|p1a: THE DAWG|def|2\n|\n|upkeep\n|turn|26\n|\n|t:|1697486657\n|move|p2a: Cyclizar|Taunt|p1a: THE DAWG\n|-start|p1a: THE DAWG|move: Taunt\n|cant|p1a: THE DAWG|move: Taunt|Iron Defense\n|\n|upkeep\n|turn|27\n|\n|t:|1697486659\n|move|p2a: Cyclizar|Knock Off|p1a: THE DAWG\n|-resisted|p1a: THE DAWG\n|-damage|p1a: THE DAWG|89\/100\n|move|p1a: THE DAWG|Body Press|p2a: Cyclizar\n|-supereffective|p2a: Cyclizar\n|-damage|p2a: Cyclizar|0 fnt\n|faint|p2a: Cyclizar\n|\n|upkeep\n|\n|t:|1697486664\n|switch|p2a: Espathra|Espathra, M|100\/100\n|turn|28\n|\n|t:|1697486670\n|move|p2a: Espathra|Protect|p2a: Espathra\n|-singleturn|p2a: Espathra|Protect\n|move|p1a: THE DAWG|Crunch|p2a: Espathra\n|-activate|p2a: Espathra|move: Protect\n|\n|-end|p1a: THE DAWG|move: Taunt\n|-ability|p2a: Espathra|Speed Boost|boost\n|-boost|p2a: Espathra|spe|1\n|upkeep\n|turn|29\n|\n|t:|1697486675\n|-terastallize|p2a: Espathra|Fairy\n|move|p2a: Espathra|Calm Mind|p2a: Espathra\n|-boost|p2a: Espathra|spa|1\n|-boost|p2a: Espathra|spd|1\n|move|p1a: THE DAWG|Crunch|p2a: Espathra\n|-resisted|p2a: Espathra\n|-damage|p2a: Espathra|84\/100\n|-unboost|p2a: Espathra|def|1\n|\n|-heal|p2a: Espathra|90\/100|[from] item: Leftovers\n|-ability|p2a: Espathra|Speed Boost|boost\n|-boost|p2a: Espathra|spe|1\n|upkeep\n|turn|30\n|\n|t:|1697486682\n|move|p2a: Espathra|Protect|p2a: Espathra\n|-singleturn|p2a: Espathra|Protect\n|move|p1a: THE DAWG|Body Press|p2a: Espathra\n|-activate|p2a: Espathra|move: Protect\n|\n|-heal|p2a: Espathra|96\/100|[from] item: Leftovers\n|-ability|p2a: Espathra|Speed Boost|boost\n|-boost|p2a: Espathra|spe|1\n|upkeep\n|turn|31\n|\n|t:|1697486688\n|move|p2a: Espathra|Stored Power|p1a: THE DAWG\n|-damage|p1a: THE DAWG|28\/100\n|move|p1a: THE DAWG|Iron Defense|p1a: THE DAWG\n|-boost|p1a: THE DAWG|def|2\n|\n|-heal|p2a: Espathra|100\/100|[from] item: Leftovers\n|-ability|p2a: Espathra|Speed Boost|boost\n|-boost|p2a: Espathra|spe|1\n|upkeep\n|turn|32\n|\n|t:|1697486690\n|move|p2a: Espathra|Stored Power|p1a: THE DAWG\n|-damage|p1a: THE DAWG|0 fnt\n|faint|p1a: THE DAWG\n|\n|win|Underhours\n|c|\u2606Underhours|gg\n|c|\u2606GambitBilal|gg\n|l|\u2606GambitBilal\n|l|\u2606Underhours\n","uploadtime":1697486745,"views":20,"p1id":"gambitbilal","p2id":"underhours","formatid":"gen9ubers","rating":0,"private":0,"password":""}