{"id":"gen9ubers-1977126628","p1":"Jiarias","p2":"GomathR","format":"[Gen 9] Ubers","log":"|j|\u2606Jiarias\n|j|\u2606GomathR\n|t:|1698374606\n|gametype|singles\n|player|p1|Jiarias|acetrainer-gen4dp|1220\n|player|p2|GomathR|n-masters3|1259\n|teamsize|p1|6\n|teamsize|p2|6\n|gen|9\n|tier|[Gen 9] Ubers\n|rated|\n|rule|Sleep Clause Mod: Limit one foe put to sleep\n|rule|Species Clause: Limit one of each Pok\u00e9mon\n|rule|OHKO Clause: OHKO moves are banned\n|rule|Evasion Items Clause: Evasion items are banned\n|rule|Evasion Moves Clause: Evasion moves are banned\n|rule|Endless Battle Clause: Forcing endless battles is banned\n|rule|HP Percentage Mod: HP is shown in percentages\n|clearpoke\n|poke|p1|Regieleki|\n|poke|p1|Miraidon|\n|poke|p1|Baxcalibur, M|\n|poke|p1|Basculegion-F, F|\n|poke|p1|Giratina|\n|poke|p1|Meowscarada, F|\n|poke|p2|Arceus|\n|poke|p2|Kyogre|\n|poke|p2|Darkrai|\n|poke|p2|Miraidon|\n|poke|p2|Flutter Mane|\n|poke|p2|Spectrier|\n|teampreview\n|inactive|Battle timer is ON: inactive players will automatically lose when time's up. (requested by GomathR)\n|\n|t:|1698374633\n|start\n|switch|p1a: Meowscarada|Meowscarada, F, shiny|100\/100\n|switch|p2a: Darkrai|Darkrai|100\/100\n|turn|1\n|\n|t:|1698374640\n|move|p2a: Darkrai|Hypnosis|p1a: Meowscarada|[miss]\n|-miss|p2a: Darkrai|p1a: Meowscarada\n|move|p1a: Meowscarada|U-turn|p2a: Darkrai\n|-start|p1a: Meowscarada|typechange|Bug|[from] ability: Protean\n|-supereffective|p2a: Darkrai\n|-damage|p2a: Darkrai|4\/100\n|\n|t:|1698374648\n|switch|p1a: Regieleki|Regieleki, shiny|100\/100|[from] U-turn\n|\n|upkeep\n|turn|2\n|\n|t:|1698374653\n|move|p1a: Regieleki|Volt Switch|p2a: Darkrai\n|-damage|p2a: Darkrai|0 fnt\n|faint|p2a: Darkrai\n|\n|t:|1698374656\n|switch|p1a: Meowscarada|Meowscarada, F, shiny|100\/100|[from] Volt Switch\n|\n|upkeep\n|\n|t:|1698374670\n|switch|p2a: Spectrier|Spectrier|100\/100\n|turn|3\n|\n|t:|1698374680\n|-terastallize|p2a: Spectrier|Fairy\n|move|p2a: Spectrier|Nasty Plot|p2a: Spectrier\n|-boost|p2a: Spectrier|spa|2\n|move|p1a: Meowscarada|Knock Off|p2a: Spectrier\n|-start|p1a: Meowscarada|typechange|Dark|[from] ability: Protean\n|-resisted|p2a: Spectrier\n|-damage|p2a: Spectrier|65\/100\n|-enditem|p2a: Spectrier|Leftovers|[from] move: Knock Off|[of] p1a: Meowscarada\n|\n|upkeep\n|turn|4\n|\n|t:|1698374687\n|move|p2a: Spectrier|Draining Kiss|p1a: Meowscarada\n|-supereffective|p1a: Meowscarada\n|-enditem|p1a: Meowscarada|Focus Sash\n|-damage|p1a: Meowscarada|1\/100\n|-heal|p2a: Spectrier|100\/100|[from] drain|[of] p1a: Meowscarada\n|move|p1a: Meowscarada|Flower Trick|p2a: Spectrier\n|-crit|p2a: Spectrier\n|-damage|p2a: Spectrier|49\/100\n|\n|upkeep\n|turn|5\n|\n|t:|1698374695\n|move|p1a: Meowscarada|Sucker Punch|p2a: Spectrier\n|-resisted|p2a: Spectrier\n|-damage|p2a: Spectrier|22\/100\n|move|p2a: Spectrier|Draining Kiss|p1a: Meowscarada\n|-supereffective|p1a: Meowscarada\n|-damage|p1a: Meowscarada|0 fnt\n|-heal|p2a: Spectrier|22\/100|[from] drain|[of] p1a: Meowscarada\n|faint|p1a: Meowscarada\n|-ability|p2a: Spectrier|Grim Neigh|boost\n|-boost|p2a: Spectrier|spa|1\n|\n|upkeep\n|\n|t:|1698374698\n|switch|p1a: Regieleki|Regieleki, shiny|100\/100\n|turn|6\n|\n|t:|1698374701\n|move|p1a: Regieleki|Thunderbolt|p2a: Spectrier\n|-damage|p2a: Spectrier|0 fnt\n|faint|p2a: Spectrier\n|\n|upkeep\n|\n|t:|1698374705\n|switch|p2a: Arceus|Arceus|100\/100\n|turn|7\n|\n|t:|1698374714\n|switch|p1a: Giratina|Giratina|100\/100\n|-ability|p1a: Giratina|Pressure\n|move|p2a: Arceus|Extreme Speed|p1a: Giratina\n|-immune|p1a: Giratina\n|\n|upkeep\n|turn|8\n|\n|t:|1698374719\n|move|p2a: Arceus|Taunt|p1a: Giratina\n|-start|p1a: Giratina|move: Taunt\n|cant|p1a: Giratina|move: Taunt|Will-O-Wisp\n|\n|upkeep\n|turn|9\n|\n|t:|1698374731\n|switch|p1a: Basculegion|Basculegion-F, F|100\/100\n|move|p2a: Arceus|Swords Dance|p2a: Arceus\n|-boost|p2a: Arceus|atk|2\n|\n|upkeep\n|turn|10\n|\n|t:|1698374737\n|move|p1a: Basculegion|Hydro Pump|p2a: Arceus|[miss]\n|-miss|p1a: Basculegion|p2a: Arceus\n|move|p2a: Arceus|Shadow Claw|p1a: Basculegion\n|-supereffective|p1a: Basculegion\n|-damage|p1a: Basculegion|0 fnt\n|faint|p1a: Basculegion\n|\n|upkeep\n|\n|t:|1698374754\n|switch|p1a: Regieleki|Regieleki, shiny|100\/100\n|turn|11\n|\n|t:|1698374758\n|move|p2a: Arceus|Extreme Speed|p1a: Regieleki\n|-damage|p1a: Regieleki|0 fnt\n|faint|p1a: Regieleki\n|\n|upkeep\n|\n|t:|1698374761\n|switch|p1a: Giratina|Giratina|100\/100\n|-ability|p1a: Giratina|Pressure\n|turn|12\n|\n|t:|1698374766\n|move|p2a: Arceus|Taunt|p1a: Giratina\n|-start|p1a: Giratina|move: Taunt\n|cant|p1a: Giratina|move: Taunt|Will-O-Wisp\n|\n|upkeep\n|turn|13\n|\n|t:|1698374771\n|move|p2a: Arceus|Swords Dance|p2a: Arceus\n|-boost|p2a: Arceus|atk|2\n|move|p1a: Giratina|Outrage|p2a: Arceus\n|-damage|p2a: Arceus|73\/100\n|\n|upkeep\n|turn|14\n|inactive|Jiarias has 120 seconds left.\n|\n|t:|1698374809\n|move|p2a: Arceus|Shadow Claw|p1a: Giratina\n|-supereffective|p1a: Giratina\n|-crit|p1a: Giratina\n|-damage|p1a: Giratina|0 fnt\n|faint|p1a: Giratina\n|\n|upkeep\n|\n|t:|1698374813\n|switch|p1a: Miraidon|Miraidon|100\/100\n|-fieldstart|move: Electric Terrain|[from] ability: Hadron Engine|[of] p1a: Miraidon\n|turn|15\n|\n|t:|1698374818\n|move|p2a: Arceus|Extreme Speed|p1a: Miraidon\n|-damage|p1a: Miraidon|0 fnt\n|faint|p1a: Miraidon\n|\n|upkeep\n|inactive|Jiarias has 120 seconds left.\n|\n|t:|1698374850\n|switch|p1a: Baxcalibur|Baxcalibur, M, shiny|100\/100\n|turn|16\n|\n|t:|1698374868\n|-terastallize|p1a: Baxcalibur|Ground\n|move|p2a: Arceus|Extreme Speed|p1a: Baxcalibur\n|-damage|p1a: Baxcalibur|0 fnt\n|faint|p1a: Baxcalibur\n|\n|win|GomathR\n|raw|Jiarias's rating: 1220 &rarr; <strong>1198<\/strong><br \/>(-22 for losing)\n|raw|GomathR's rating: 1259 &rarr; <strong>1281<\/strong><br \/>(+22 for winning)\n","uploadtime":1698374884,"views":7,"p1id":"jiarias","p2id":"gomathr","formatid":"gen9ubers","rating":1198,"private":0,"password":""}