{"id":"gen9ubers-1989276046","p1":"GhostMasterShania","p2":"Ifpf.6","format":"[Gen 9] Ubers","log":"|j|\u2606GhostMasterShania\n|j|\u2606Ifpf.6\n|t:|1699830841\n|gametype|singles\n|player|p1|GhostMasterShania|bellelba|1000\n|player|p2|Ifpf.6|101|1000\n|teamsize|p1|6\n|teamsize|p2|6\n|gen|9\n|tier|[Gen 9] Ubers\n|rated|\n|rule|Sleep Clause Mod: Limit one foe put to sleep\n|rule|Species Clause: Limit one of each Pok\u00e9mon\n|rule|OHKO Clause: OHKO moves are banned\n|rule|Evasion Items Clause: Evasion items are banned\n|rule|Evasion Moves Clause: Evasion moves are banned\n|rule|Endless Battle Clause: Forcing endless battles is banned\n|rule|HP Percentage Mod: HP is shown in percentages\n|clearpoke\n|poke|p1|Haunter, L48, M|\n|poke|p1|Spiritomb, L65, F|\n|poke|p1|Annihilape, L63, M|\n|poke|p1|Flutter Mane, L84|\n|poke|p1|Typhlosion-Hisui, L96, M|\n|poke|p1|Giratina-Origin|\n|poke|p2|Venomoth, M|\n|poke|p2|Forretress, M|\n|poke|p2|Scizor, M|\n|poke|p2|Heracross, M|\n|poke|p2|Volcarona, M|\n|poke|p2|Lokix, M|\n|teampreview\n|\n|t:|1699830853\n|start\n|switch|p1a: Haunter|Haunter, L48, M, shiny|100\/100\n|switch|p2a: Venomoth|Venomoth, M|100\/100\n|turn|1\n|\n|t:|1699830861\n|move|p2a: Venomoth|Psychic|p1a: Haunter\n|-supereffective|p1a: Haunter\n|-damage|p1a: Haunter|0 fnt\n|faint|p1a: Haunter\n|\n|upkeep\n|\n|t:|1699830866\n|switch|p1a: Spiritomb|Spiritomb, L65, F|100\/100\n|-ability|p1a: Spiritomb|Pressure\n|turn|2\n|\n|t:|1699830877\n|move|p2a: Venomoth|Quiver Dance|p2a: Venomoth\n|-boost|p2a: Venomoth|spa|1\n|-boost|p2a: Venomoth|spd|1\n|-boost|p2a: Venomoth|spe|1\n|move|p1a: Spiritomb|Dark Pulse|p2a: Venomoth\n|-damage|p2a: Venomoth|88\/100\n|\n|upkeep\n|turn|3\n|\n|t:|1699830886\n|move|p2a: Venomoth|Quiver Dance|p2a: Venomoth\n|-boost|p2a: Venomoth|spa|1\n|-boost|p2a: Venomoth|spd|1\n|-boost|p2a: Venomoth|spe|1\n|move|p1a: Spiritomb|Body Slam|p2a: Venomoth\n|-damage|p2a: Venomoth|73\/100\n|\n|upkeep\n|turn|4\n|\n|t:|1699830895\n|move|p2a: Venomoth|Bug Buzz|p1a: Spiritomb\n|-damage|p1a: Spiritomb|0 fnt\n|faint|p1a: Spiritomb\n|\n|upkeep\n|\n|t:|1699830900\n|switch|p1a: Annihilape|Annihilape, L63, M, shiny|100\/100\n|turn|5\n|\n|t:|1699830905\n|move|p2a: Venomoth|Psychic|p1a: Annihilape\n|-supereffective|p1a: Annihilape\n|-damage|p1a: Annihilape|0 fnt\n|faint|p1a: Annihilape\n|\n|upkeep\n|\n|t:|1699830910\n|switch|p1a: Flutter Mane|Flutter Mane, L84|100\/100\n|turn|6\n|\n|t:|1699830915\n|move|p2a: Venomoth|Sludge Bomb|p1a: Flutter Mane\n|-damage|p1a: Flutter Mane|0 fnt\n|faint|p1a: Flutter Mane\n|-end|p1a: Flutter Mane|Protosynthesis|[silent]\n|\n|upkeep\n|\n|t:|1699830920\n|switch|p1a: Typhlosion|Typhlosion-Hisui, L96, M, shiny|100\/100\n|turn|7\n|\n|t:|1699830927\n|move|p2a: Venomoth|Sludge Bomb|p1a: Typhlosion\n|-resisted|p1a: Typhlosion\n|-damage|p1a: Typhlosion|0 fnt\n|faint|p1a: Typhlosion\n|\n|upkeep\n|\n|t:|1699830932\n|switch|p1a: Giratina|Giratina-Origin, shiny|100\/100\n|turn|8\n|\n|t:|1699830937\n|-terastallize|p1a: Giratina|Ghost\n|move|p2a: Venomoth|Bug Buzz|p1a: Giratina\n|-resisted|p1a: Giratina\n|-damage|p1a: Giratina|39\/100\n|move|p1a: Giratina|Shadow Force||[still]\n|-prepare|p1a: Giratina|Shadow Force\n|\n|upkeep\n|turn|9\n|\n|t:|1699830947\n|move|p2a: Venomoth|Quiver Dance|p2a: Venomoth\n|-boost|p2a: Venomoth|spa|1\n|-boost|p2a: Venomoth|spd|1\n|-boost|p2a: Venomoth|spe|1\n|move|p1a: Giratina|Shadow Force|p2a: Venomoth|[from]lockedmove\n|-damage|p2a: Venomoth|0 fnt\n|faint|p2a: Venomoth\n|\n|upkeep\n|\n|t:|1699830959\n|switch|p2a: Heracross|Heracross, M|100\/100\n|turn|10\n|\n|t:|1699830963\n|move|p2a: Heracross|Night Slash|p1a: Giratina\n|-supereffective|p1a: Giratina\n|-damage|p1a: Giratina|12\/100\n|move|p1a: Giratina|Shadow Force||[still]\n|-prepare|p1a: Giratina|Shadow Force\n|\n|-status|p2a: Heracross|brn|[from] item: Flame Orb\n|upkeep\n|turn|11\n|\n|t:|1699830972\n|move|p2a: Heracross|Night Slash|p1a: Giratina|[miss]\n|-miss|p2a: Heracross|p1a: Giratina\n|move|p1a: Giratina|Shadow Force|p2a: Heracross|[from]lockedmove\n|-damage|p2a: Heracross|0 fnt\n|faint|p2a: Heracross\n|\n|upkeep\n|\n|t:|1699830982\n|switch|p2a: Lokix|Lokix, M|100\/100\n|turn|12\n|\n|t:|1699830987\n|move|p2a: Lokix|Sucker Punch|p1a: Giratina\n|-supereffective|p1a: Giratina\n|-damage|p1a: Giratina|0 fnt\n|faint|p1a: Giratina\n|\n|win|Ifpf.6\n|raw|GhostMasterShania's rating: 1000 &rarr; <strong>1000<\/strong><br \/>(+0 for losing)\n|raw|Ifpf.6's rating: 1000 &rarr; <strong>1040<\/strong><br \/>(+40 for winning)\n|l|\u2606Ifpf.6\n","uploadtime":1699830995,"views":32,"p1id":"ghostmastershania","p2id":"ifpf6","formatid":"gen9ubers","rating":1000,"private":0,"password":""}