{"id":"gen9ubers-1983146984","p1":"Sub-ZeroPlaysGames","p2":"SinnerofGod","format":"[Gen 9] Ubers","log":"|j|\u2606Sub-ZeroPlaysGames\n|j|\u2606SinnerofGod\n|t:|1699095849\n|gametype|singles\n|player|p1|Sub-ZeroPlaysGames|n|1100\n|player|p2|SinnerofGod|richboy-gen4|1052\n|teamsize|p1|6\n|teamsize|p2|6\n|gen|9\n|tier|[Gen 9] Ubers\n|rated|\n|rule|Sleep Clause Mod: Limit one foe put to sleep\n|rule|Species Clause: Limit one of each Pok\u00e9mon\n|rule|OHKO Clause: OHKO moves are banned\n|rule|Evasion Items Clause: Evasion items are banned\n|rule|Evasion Moves Clause: Evasion moves are banned\n|rule|Endless Battle Clause: Forcing endless battles is banned\n|rule|HP Percentage Mod: HP is shown in percentages\n|clearpoke\n|poke|p1|Koraidon|\n|poke|p1|Chi-Yu|\n|poke|p1|Great Tusk|\n|poke|p1|Gholdengo|\n|poke|p1|Scream Tail|\n|poke|p1|Kingambit, F|\n|poke|p2|Ribombee, M|\n|poke|p2|Manaphy|\n|poke|p2|Pikachu, M|\n|poke|p2|Ditto|\n|poke|p2|Corviknight, M|\n|poke|p2|Gengar, M|\n|teampreview\n|\n|t:|1699095874\n|start\n|switch|p1a: Lil' Fishy|Chi-Yu|100\/100\n|switch|p2a: Ribombee|Ribombee, M, shiny|100\/100\n|-ability|p1a: Lil' Fishy|Beads of Ruin\n|turn|1\n|\n|t:|1699095885\n|move|p2a: Ribombee|Sticky Web|p1a: Lil' Fishy\n|-sidestart|p1: Sub-ZeroPlaysGames|move: Sticky Web\n|move|p1a: Lil' Fishy|Flamethrower|p2a: Ribombee\n|-supereffective|p2a: Ribombee\n|-enditem|p2a: Ribombee|Focus Sash\n|-damage|p2a: Ribombee|1\/100\n|-status|p2a: Ribombee|brn\n|\n|-damage|p2a: Ribombee|0 fnt|[from] brn\n|faint|p2a: Ribombee\n|upkeep\n|\n|t:|1699095893\n|switch|p2a: Manaphy|Manaphy|100\/100\n|turn|2\n|\n|t:|1699095909\n|switch|p1a: Jacked Dino|Koraidon|100\/100\n|-activate|p1a: Jacked Dino|move: Sticky Web\n|-unboost|p1a: Jacked Dino|spe|1\n|-weather|SunnyDay|[from] ability: Orichalcum Pulse|[of] p1a: Jacked Dino\n|-activate|p1a: Jacked Dino|Orichalcum Pulse|[source]\n|move|p2a: Manaphy|Tail Glow|p2a: Manaphy\n|-boost|p2a: Manaphy|spa|3\n|\n|-weather|SunnyDay|[upkeep]\n|upkeep\n|turn|3\n|\n|t:|1699095929\n|move|p1a: Jacked Dino|U-turn|p2a: Manaphy\n|-damage|p2a: Manaphy|69\/100\n|\n|t:|1699095954\n|switch|p1a: BIG MAN|Great Tusk|100\/100|[from] U-turn\n|-activate|p1a: BIG MAN|move: Sticky Web\n|-unboost|p1a: BIG MAN|spe|1\n|-activate|p1a: BIG MAN|ability: Protosynthesis\n|-start|p1a: BIG MAN|protosynthesisatk\n|move|p2a: Manaphy|Ice Beam|p1a: BIG MAN\n|-supereffective|p1a: BIG MAN\n|-damage|p1a: BIG MAN|0 fnt\n|faint|p1a: BIG MAN\n|-end|p1a: BIG MAN|Protosynthesis|[silent]\n|\n|-weather|SunnyDay|[upkeep]\n|-heal|p2a: Manaphy|75\/100|[from] item: Leftovers\n|upkeep\n|\n|t:|1699095968\n|switch|p1a: Jacked Dino|Koraidon|100\/100\n|-activate|p1a: Jacked Dino|move: Sticky Web\n|-unboost|p1a: Jacked Dino|spe|1\n|-activate|p1a: Jacked Dino|ability: Orichalcum Pulse\n|turn|4\n|\n|t:|1699095977\n|move|p1a: Jacked Dino|Collision Course|p2a: Manaphy\n|-damage|p2a: Manaphy|4\/100\n|move|p2a: Manaphy|Ice Beam|p1a: Jacked Dino\n|-supereffective|p1a: Jacked Dino\n|-damage|p1a: Jacked Dino|0 fnt\n|faint|p1a: Jacked Dino\n|\n|-weather|SunnyDay|[upkeep]\n|-heal|p2a: Manaphy|10\/100|[from] item: Leftovers\n|upkeep\n|\n|t:|1699095986\n|switch|p1a: Cool New Hairdo|Scream Tail|100\/100\n|-activate|p1a: Cool New Hairdo|move: Sticky Web\n|-unboost|p1a: Cool New Hairdo|spe|1\n|-activate|p1a: Cool New Hairdo|ability: Protosynthesis\n|-start|p1a: Cool New Hairdo|protosynthesisspd\n|turn|5\n|\n|t:|1699096045\n|move|p2a: Manaphy|Surf|p1a: Cool New Hairdo\n|-damage|p1a: Cool New Hairdo|75\/100\n|move|p1a: Cool New Hairdo|Dazzling Gleam|p2a: Manaphy\n|-crit|p2a: Manaphy\n|-damage|p2a: Manaphy|0 fnt\n|faint|p2a: Manaphy\n|\n|-weather|SunnyDay|[upkeep]\n|-heal|p1a: Cool New Hairdo|82\/100|[from] item: Leftovers\n|upkeep\n|\n|t:|1699096063\n|switch|p2a: Pikachu|Pikachu, M|100\/100\n|turn|6\n|\n|t:|1699096069\n|move|p2a: Pikachu|Nuzzle|p1a: Cool New Hairdo\n|-damage|p1a: Cool New Hairdo|71\/100\n|-status|p1a: Cool New Hairdo|par\n|cant|p1a: Cool New Hairdo|par\n|\n|-weather|none\n|-end|p1a: Cool New Hairdo|Protosynthesis\n|-heal|p1a: Cool New Hairdo|77\/100 par|[from] item: Leftovers\n|upkeep\n|turn|7\n|\n|t:|1699096077\n|move|p2a: Pikachu|Volt Tackle|p1a: Cool New Hairdo\n|-damage|p1a: Cool New Hairdo|19\/100 par\n|-damage|p2a: Pikachu|61\/100|[from] Recoil\n|move|p1a: Cool New Hairdo|Wish|p1a: Cool New Hairdo\n|\n|-heal|p1a: Cool New Hairdo|25\/100 par|[from] item: Leftovers\n|upkeep\n|turn|8\n|\n|t:|1699096166\n|move|p1a: Cool New Hairdo|Protect|p1a: Cool New Hairdo\n|-singleturn|p1a: Cool New Hairdo|Protect\n|move|p2a: Pikachu|Volt Tackle|p1a: Cool New Hairdo\n|-activate|p1a: Cool New Hairdo|move: Protect\n|\n|-heal|p1a: Cool New Hairdo|75\/100 par|[from] move: Wish|[wisher] Cool New Hairdo\n|-heal|p1a: Cool New Hairdo|81\/100 par|[from] item: Leftovers\n|upkeep\n|turn|9\n|\n|t:|1699096192\n|move|p2a: Pikachu|Volt Tackle|p1a: Cool New Hairdo\n|-damage|p1a: Cool New Hairdo|28\/100 par\n|-damage|p2a: Pikachu|25\/100|[from] Recoil\n|move|p1a: Cool New Hairdo|Dazzling Gleam|p2a: Pikachu\n|-damage|p2a: Pikachu|0 fnt\n|faint|p2a: Pikachu\n|\n|-heal|p1a: Cool New Hairdo|34\/100 par|[from] item: Leftovers\n|upkeep\n|\n|t:|1699096198\n|switch|p2a: Gengar|Gengar, M, shiny|100\/100\n|turn|10\n|\n|t:|1699096206\n|move|p2a: Gengar|Nasty Plot|p2a: Gengar\n|-boost|p2a: Gengar|spa|2\n|move|p1a: Cool New Hairdo|Wish|p1a: Cool New Hairdo\n|\n|-heal|p1a: Cool New Hairdo|41\/100 par|[from] item: Leftovers\n|upkeep\n|turn|11\n|\n|t:|1699096213\n|move|p2a: Gengar|Shadow Ball|p1a: Cool New Hairdo\n|-supereffective|p1a: Cool New Hairdo\n|-damage|p1a: Cool New Hairdo|0 fnt\n|faint|p1a: Cool New Hairdo\n|-end|p1a: Cool New Hairdo|Protosynthesis|[silent]\n|\n|upkeep\n|\n|t:|1699096218\n|switch|p1a: Lil' Fishy|Chi-Yu|100\/100\n|-activate|p1a: Lil' Fishy|move: Sticky Web\n|-unboost|p1a: Lil' Fishy|spe|1\n|-ability|p1a: Lil' Fishy|Beads of Ruin\n|turn|12\n|\n|t:|1699096255\n|move|p2a: Gengar|Dark Pulse|p1a: Lil' Fishy\n|-resisted|p1a: Lil' Fishy\n|-crit|p1a: Lil' Fishy\n|-damage|p1a: Lil' Fishy|49\/100\n|move|p1a: Lil' Fishy|Flamethrower|p2a: Gengar\n|-damage|p2a: Gengar|0 fnt\n|faint|p2a: Gengar\n|\n|upkeep\n|\n|t:|1699096268\n|switch|p2a: Ditto|Ditto|100\/100\n|-transform|p2a: Ditto|p1a: Lil' Fishy|[from] ability: Imposter\n|-ability|p2a: Ditto|Beads of Ruin\n|turn|13\n|\n|t:|1699096281\n|move|p2a: Ditto|Overheat|p1a: Lil' Fishy\n|-resisted|p1a: Lil' Fishy\n|-damage|p1a: Lil' Fishy|3\/100\n|-unboost|p2a: Ditto|spa|2\n|move|p1a: Lil' Fishy|Flamethrower|p2a: Ditto\n|-resisted|p2a: Ditto\n|-damage|p2a: Ditto|63\/100\n|\n|upkeep\n|turn|14\n|\n|t:|1699096290\n|switch|p2a: Corviknight|Corviknight, M, shiny|100\/100\n|move|p1a: Lil' Fishy|Flamethrower|p2a: Corviknight\n|-supereffective|p2a: Corviknight\n|-damage|p2a: Corviknight|0 fnt\n|faint|p2a: Corviknight\n|\n|upkeep\n|\n|t:|1699096295\n|switch|p2a: Ditto|Ditto|63\/100\n|-transform|p2a: Ditto|p1a: Lil' Fishy|[from] ability: Imposter\n|-ability|p2a: Ditto|Beads of Ruin\n|turn|15\n|\n|t:|1699096303\n|move|p2a: Ditto|Fire Blast|p1a: Lil' Fishy\n|-resisted|p1a: Lil' Fishy\n|-damage|p1a: Lil' Fishy|0 fnt\n|faint|p1a: Lil' Fishy\n|\n|upkeep\n|\n|t:|1699096308\n|switch|p1a: Money Man|Gholdengo|100\/100\n|-item|p1a: Money Man|Air Balloon\n|turn|16\n|\n|t:|1699096315\n|move|p2a: Ditto|Fire Blast|p1a: Money Man\n|-supereffective|p1a: Money Man\n|-damage|p1a: Money Man|0 fnt\n|-enditem|p1a: Money Man|Air Balloon\n|faint|p1a: Money Man\n|\n|upkeep\n|\n|t:|1699096321\n|switch|p1a: Top G|Kingambit, F|100\/100\n|-activate|p1a: Top G|move: Sticky Web\n|-unboost|p1a: Top G|spe|1\n|-activate|p1a: Top G|ability: Supreme Overlord\n|-start|p1a: Top G|fallen5|[silent]\n|turn|17\n|\n|t:|1699096333\n|-terastallize|p2a: Ditto|Normal\n|-terastallize|p1a: Top G|Dark\n|move|p2a: Ditto|Fire Blast|p1a: Top G\n|-damage|p1a: Top G|7\/100\n|move|p1a: Top G|Swords Dance|p1a: Top G\n|-boost|p1a: Top G|atk|2\n|\n|upkeep\n|turn|18\n|c|\u2606SinnerofGod|gg.\n|\n|t:|1699096342\n|move|p1a: Top G|Sucker Punch|p2a: Ditto\n|-damage|p2a: Ditto|0 fnt\n|faint|p2a: Ditto\n|\n|win|Sub-ZeroPlaysGames\n|raw|Sub-ZeroPlaysGames's rating: 1100 &rarr; <strong>1122<\/strong><br \/>(+22 for winning)\n|raw|SinnerofGod's rating: 1052 &rarr; <strong>1037<\/strong><br \/>(-15 for losing)\n|l|\u2606SinnerofGod\n|c|\u2606Sub-ZeroPlaysGames|Gg\n","uploadtime":1699096347,"views":6,"p1id":"subzeroplaysgames","p2id":"sinnerofgod","formatid":"gen9ubers","rating":1037,"private":0,"password":""}