{"id":"gen9ubers-1989271002","p1":"Ciro Napoli","p2":"Luirromen","format":"[Gen 9] Ubers","log":"|j|\u2606Ciro Napoli\n|j|\u2606Luirromen\n|t:|1699830269\n|gametype|singles\n|player|p1|Ciro Napoli|#wcop2023italy2|\n|player|p2|Luirromen|#wcop2023latinamerica|\n|teamsize|p1|6\n|teamsize|p2|6\n|gen|9\n|tier|[Gen 9] Ubers\n|rule|Sleep Clause Mod: Limit one foe put to sleep\n|rule|Species Clause: Limit one of each Pok\u00e9mon\n|rule|OHKO Clause: OHKO moves are banned\n|rule|Evasion Items Clause: Evasion items are banned\n|rule|Evasion Moves Clause: Evasion moves are banned\n|rule|Endless Battle Clause: Forcing endless battles is banned\n|rule|HP Percentage Mod: HP is shown in percentages\n|clearpoke\n|poke|p1|Gliscor, M|\n|poke|p1|Volcanion|\n|poke|p1|Dragapult, F|\n|poke|p1|Gholdengo|\n|poke|p1|Ting-Lu|\n|poke|p1|Iron Valiant|\n|poke|p2|Dragapult, F|\n|poke|p2|Meowscarada, F|\n|poke|p2|Ting-Lu|\n|poke|p2|Clefable, F|\n|poke|p2|Moltres|\n|poke|p2|Kingambit, F|\n|teampreview\n|inactive|Battle timer is ON: inactive players will automatically lose when time's up. (requested by Ciro Napoli)\n|c|\u2606Luirromen|jf\n|c|\u2606Ciro Napoli|glhf\n|c|\u2606Luirromen|*hf\n|j| JustFranco\u203d\n|j| Kaipro\n|inactive|Ciro Napoli has 270 seconds left.\n|inactive|Luirromen has 270 seconds left.\n|j| Luna's Bann3d Now\n|j| Enzonana\n|j| KeanuVGC\n|j| corvere\u2665\n|j| Raahel\n|j| DiputadesIndecises\n|j| Kroevitz\n|j| Let's In The Sun\n|j|+Scizor Boladao\n|j| pousspouss\n|j| LongestBanana\n|j| black thunderbolt\n|j| DonSalvatore\n|j| Lugia\u25bc\u25b2\u00b2JP\n|l| DonSalvatore\n|c| pousspouss|Ciroooooooo\n|inactive|Luirromen has 240 seconds left.\n|j| Hallowed Knights\n|l| LongestBanana\n|j| Tarre25\n|j| haxlolo\n|j| Akaru Kokuyo\u3075\u308f\n|j| DonSalvatore\n|j| Waci\n|j| no bad hoes\n|j| LongestBanana\n|l| Hallowed Knights\n|c| haxlolo|VAMOS CIROO\n|c| LongestBanana|VAMOSSSSS CIROOOOO\n|c| LongestBanana|WE LOVE U\n|c| Raahel|Mano tengo fe\n|\n|t:|1699830357\n|start\n|switch|p1a: Volcanion|Volcanion|100\/100\n|switch|p2a: Meowscarada|Meowscarada, F|100\/100\n|turn|1\n|c| Raahel|Vamos luirro\n|j| tempo di anguria\n|c| DiputadesIndecises|Que buenos ubers\n|j| Masterofthemaster\n|\n|t:|1699830369\n|move|p2a: Meowscarada|Knock Off|p1a: Volcanion\n|-damage|p1a: Volcanion|62\/100\n|-enditem|p1a: Volcanion|Heavy-Duty Boots|[from] move: Knock Off|[of] p2a: Meowscarada\n|move|p1a: Volcanion|Sludge Bomb|p2a: Meowscarada\n|-supereffective|p2a: Meowscarada\n|-damage|p2a: Meowscarada|9\/100\n|-status|p2a: Meowscarada|psn\n|\n|-damage|p2a: Meowscarada|0 fnt|[from] psn\n|faint|p2a: Meowscarada\n|upkeep\n|inactive|Luirromen has 270 seconds left.\n|c| Enzonana|DALE CIROOOOOOOOOOOOO\n|j| LpZ IV\n|l| Raahel\n|j| YOUNG MlKO\n|j| Exi0022\n|\n|t:|1699830405\n|switch|p2a: Dragapult|Dragapult, F|100\/100\n|turn|2\n|\n|t:|1699830413\n|switch|p1a: Ting-Lu|Ting-Lu|100\/100\n|-ability|p1a: Ting-Lu|Vessel of Ruin\n|move|p2a: Dragapult|U-turn|p1a: Ting-Lu\n|-supereffective|p1a: Ting-Lu\n|-damage|p1a: Ting-Lu|81\/100\n|j| Raahel\n|c| YOUNG MlKO|Mano tengo f\u00e9\n|j|+felines\n|c| YOUNG MlKO|Vamos furromen\n|c| Enzonana|con ese nombre de virgo\n|inactive|Luirromen has 240 seconds left.\n|\n|t:|1699830439\n|switch|p2a: Ting-Lu|Ting-Lu|100\/100|[from] U-turn\n|-ability|p2a: Ting-Lu|Vessel of Ruin\n|\n|-heal|p1a: Ting-Lu|88\/100|[from] item: Leftovers\n|upkeep\n|turn|3\n|c| Enzonana|ets seguro q no tenes\n|c| YOUNG MlKO|No leo gente sin wins en la sheet.\n|\n|t:|1699830444\n|move|p1a: Ting-Lu|Ruination|p2a: Ting-Lu|[miss]\n|-miss|p1a: Ting-Lu|p2a: Ting-Lu\n|move|p2a: Ting-Lu|Stealth Rock|p1a: Ting-Lu\n|-sidestart|p1: Ciro Napoli|move: Stealth Rock\n|\n|-heal|p1a: Ting-Lu|94\/100|[from] item: Leftovers\n|upkeep\n|turn|4\n|\n|t:|1699830449\n|switch|p2a: Clefable|Clefable, F|100\/100\n|move|p1a: Ting-Lu|Stealth Rock|p2a: Clefable\n|-sidestart|p2: Luirromen|move: Stealth Rock\n|\n|-heal|p1a: Ting-Lu|99\/100|[from] item: Leftovers\n|upkeep\n|turn|5\n|\n|t:|1699830454\n|switch|p1a: Gholdengo|Gholdengo|100\/100\n|-damage|p1a: Gholdengo|94\/100|[from] Stealth Rock\n|move|p2a: Clefable|Knock Off|p1a: Gholdengo\n|-supereffective|p1a: Gholdengo\n|-damage|p1a: Gholdengo|65\/100\n|-enditem|p1a: Gholdengo|Choice Scarf|[from] move: Knock Off|[of] p2a: Clefable\n|\n|upkeep\n|turn|6\n|c| Enzonana|ok pense q eras rahel ahora q se q sos el feiki voy a buscar tu nombre en el hof\n|\n|t:|1699830467\n|switch|p2a: Ting-Lu|Ting-Lu|100\/100\n|-ability|p2a: Ting-Lu|Vessel of Ruin\n|move|p1a: Gholdengo|Recover|p1a: Gholdengo\n|-heal|p1a: Gholdengo|100\/100\n|\n|upkeep\n|turn|7\n|\n|t:|1699830475\n|switch|p1a: Gliscor|Gliscor, M|100\/100\n|-damage|p1a: Gliscor|88\/100|[from] Stealth Rock\n|move|p2a: Ting-Lu|Ruination|p1a: Gliscor\n|-damage|p1a: Gliscor|44\/100\n|\n|-status|p1a: Gliscor|tox|[from] item: Toxic Orb\n|upkeep\n|turn|8\n|\n|t:|1699830480\n|switch|p2a: Clefable|Clefable, F|100\/100\n|move|p1a: Gliscor|Earthquake|p2a: Clefable\n|-damage|p2a: Clefable|74\/100\n|\n|-heal|p2a: Clefable|80\/100|[from] item: Leftovers\n|-heal|p1a: Gliscor|57\/100 tox|[from] ability: Poison Heal\n|upkeep\n|turn|9\n|\n|t:|1699830486\n|move|p1a: Gliscor|Earthquake|p2a: Clefable\n|-damage|p2a: Clefable|52\/100\n|move|p2a: Clefable|Moonblast|p1a: Gliscor\n|-damage|p1a: Gliscor|29\/100 tox\n|\n|-heal|p2a: Clefable|58\/100|[from] item: Leftovers\n|-heal|p1a: Gliscor|41\/100 tox|[from] ability: Poison Heal\n|upkeep\n|turn|10\n|\n|t:|1699830493\n|switch|p1a: Gholdengo|Gholdengo|100\/100\n|-damage|p1a: Gholdengo|94\/100|[from] Stealth Rock\n|move|p2a: Clefable|Moonlight|p2a: Clefable\n|-heal|p2a: Clefable|100\/100\n|\n|upkeep\n|turn|11\n|\n|t:|1699830497\n|switch|p2a: Ting-Lu|Ting-Lu|100\/100\n|-ability|p2a: Ting-Lu|Vessel of Ruin\n|move|p1a: Gholdengo|Trick|p2a: Ting-Lu\n|-activate|p1a: Gholdengo|move: Trick|[of] p2a: Ting-Lu\n|-enditem|p2a: Ting-Lu|Heavy-Duty Boots|[silent]|[from] move: Trick\n|-item|p1a: Gholdengo|Heavy-Duty Boots|[from] move: Trick\n|\n|upkeep\n|turn|12\n|j| Hallowed Knights\n|\n|t:|1699830503\n|switch|p1a: Ting-Lu|Ting-Lu|99\/100\n|-damage|p1a: Ting-Lu|94\/100|[from] Stealth Rock\n|-ability|p1a: Ting-Lu|Vessel of Ruin\n|switch|p2a: Dragapult|Dragapult, F|100\/100\n|-damage|p2a: Dragapult|88\/100|[from] Stealth Rock\n|\n|-heal|p1a: Ting-Lu|99\/100|[from] item: Leftovers\n|upkeep\n|turn|13\n|c| YOUNG MlKO|No tienes verguenza nana..\n|\n|t:|1699830509\n|move|p2a: Dragapult|U-turn|p1a: Ting-Lu\n|-supereffective|p1a: Ting-Lu\n|-crit|p1a: Ting-Lu\n|-damage|p1a: Ting-Lu|72\/100\n|\n|t:|1699830513\n|switch|p2a: Clefable|Clefable, F|100\/100|[from] U-turn\n|move|p1a: Ting-Lu|Spikes|p2a: Clefable\n|-sidestart|p2: Luirromen|Spikes\n|\n|-heal|p1a: Ting-Lu|79\/100|[from] item: Leftovers\n|upkeep\n|turn|14\n|j| gokturkxd\n|c| Enzonana|no tienes nombre en el hof\n|\n|t:|1699830520\n|switch|p2a: Moltres|Moltres|100\/100\n|move|p1a: Ting-Lu|Ruination|p2a: Moltres\n|-damage|p2a: Moltres|51\/100\n|\n|-heal|p1a: Ting-Lu|85\/100|[from] item: Leftovers\n|upkeep\n|turn|15\n|\n|t:|1699830527\n|switch|p1a: Dragapult|Dragapult, F|100\/100\n|move|p2a: Moltres|U-turn|p1a: Dragapult\n|-resisted|p1a: Dragapult\n|-damage|p1a: Dragapult|91\/100\n|\n|t:|1699830532\n|switch|p2a: Clefable|Clefable, F|100\/100|[from] U-turn\n|\n|upkeep\n|turn|16\n|\n|t:|1699830540\n|switch|p1a: Gholdengo|Gholdengo|94\/100\n|move|p2a: Clefable|Knock Off|p1a: Gholdengo\n|-supereffective|p1a: Gholdengo\n|-damage|p1a: Gholdengo|67\/100\n|-enditem|p1a: Gholdengo|Heavy-Duty Boots|[from] move: Knock Off|[of] p2a: Clefable\n|\n|upkeep\n|turn|17\n|\n|t:|1699830546\n|switch|p2a: Ting-Lu|Ting-Lu|100\/100\n|-damage|p2a: Ting-Lu|94\/100|[from] Stealth Rock\n|-damage|p2a: Ting-Lu|82\/100|[from] Spikes\n|-ability|p2a: Ting-Lu|Vessel of Ruin\n|move|p1a: Gholdengo|Make It Rain|p2a: Ting-Lu\n|-damage|p2a: Ting-Lu|59\/100\n|-unboost|p1a: Gholdengo|spa|1\n|\n|upkeep\n|turn|18\n|\n|t:|1699830556\n|switch|p1a: Ting-Lu|Ting-Lu|85\/100\n|-damage|p1a: Ting-Lu|79\/100|[from] Stealth Rock\n|-ability|p1a: Ting-Lu|Vessel of Ruin\n|move|p2a: Ting-Lu|Ruination|p1a: Ting-Lu\n|-damage|p1a: Ting-Lu|40\/100\n|\n|-heal|p1a: Ting-Lu|46\/100|[from] item: Leftovers\n|upkeep\n|turn|19\n|\n|t:|1699830561\n|switch|p1a: Dragapult|Dragapult, F|91\/100\n|switch|p2a: Clefable|Clefable, F|100\/100\n|\n|upkeep\n|turn|20\n|\n|t:|1699830567\n|move|p1a: Dragapult|Thunder Wave|p2a: Clefable\n|-status|p2a: Clefable|par\n|move|p2a: Clefable|Moonblast|p1a: Dragapult\n|-supereffective|p1a: Dragapult\n|-damage|p1a: Dragapult|3\/100\n|-unboost|p1a: Dragapult|spa|1\n|\n|upkeep\n|turn|21\n|\n|t:|1699830576\n|switch|p1a: Gholdengo|Gholdengo|67\/100\n|-damage|p1a: Gholdengo|61\/100|[from] Stealth Rock\n|cant|p2a: Clefable|par\n|\n|upkeep\n|turn|22\n|c| YOUNG MlKO|Oh nao\n|\n|t:|1699830601\n|switch|p2a: Moltres|Moltres|51\/100\n|move|p1a: Gholdengo|Recover|p1a: Gholdengo\n|-heal|p1a: Gholdengo|100\/100\n|\n|upkeep\n|turn|23\n|l| pousspouss\n|\n|t:|1699830607\n|switch|p1a: Volcanion|Volcanion|62\/100\n|-damage|p1a: Volcanion|38\/100|[from] Stealth Rock\n|move|p2a: Moltres|Roost|p2a: Moltres\n|-heal|p2a: Moltres|100\/100\n|-singleturn|p2a: Moltres|move: Roost\n|\n|upkeep\n|turn|24\n|j| Wesqii\n|j| pousspouss\n|inactive|Luirromen has 270 seconds left.\n|j| JesusGameplays2\n|inactive|Luirromen has 240 seconds left.\n|l| JesusGameplays2\n|j| Peter Pan GC\n|j| Peum\n|inactive|Luirromen has 210 seconds left.\n|j| Juseth Sepulveda\n|inactive|Luirromen has 180 seconds left.\n|l| pousspouss\n|j| Fakee\n|j| pousspouss\n|j| iDybala Jr!(\u25d5\u203f\u25d5)\n|l| Raahel\n|\n|t:|1699830749\n|switch|p2a: Ting-Lu|Ting-Lu|59\/100\n|-damage|p2a: Ting-Lu|53\/100|[from] Stealth Rock\n|-damage|p2a: Ting-Lu|40\/100|[from] Spikes\n|-ability|p2a: Ting-Lu|Vessel of Ruin\n|move|p1a: Volcanion|Steam Eruption|p2a: Ting-Lu\n|-supereffective|p2a: Ting-Lu\n|-damage|p2a: Ting-Lu|0 fnt\n|faint|p2a: Ting-Lu\n|\n|upkeep\n|\n|t:|1699830753\n|switch|p2a: Dragapult|Dragapult, F|88\/100\n|-damage|p2a: Dragapult|76\/100|[from] Stealth Rock\n|-damage|p2a: Dragapult|64\/100|[from] Spikes\n|turn|25\n|j| Death of Mimikyu\n|j|+ILoveMashing\u2764\n|l| Death of Mimikyu\n|\n|t:|1699830764\n|move|p2a: Dragapult|Shadow Ball|p1a: Volcanion\n|-damage|p1a: Volcanion|0 fnt\n|faint|p1a: Volcanion\n|\n|upkeep\n|\n|t:|1699830768\n|switch|p1a: Ting-Lu|Ting-Lu|46\/100\n|-damage|p1a: Ting-Lu|40\/100|[from] Stealth Rock\n|-ability|p1a: Ting-Lu|Vessel of Ruin\n|turn|26\n|\n|t:|1699830775\n|switch|p2a: Moltres|Moltres|100\/100\n|move|p1a: Ting-Lu|Spikes|p2a: Moltres\n|-sidestart|p2: Luirromen|Spikes\n|\n|-heal|p1a: Ting-Lu|46\/100|[from] item: Leftovers\n|upkeep\n|turn|27\n|inactive|Luirromen has 180 seconds left.\n|\n|t:|1699830781\n|move|p2a: Moltres|Will-O-Wisp|p1a: Ting-Lu\n|-status|p1a: Ting-Lu|brn\n|move|p1a: Ting-Lu|Spikes|p2a: Moltres\n|-sidestart|p2: Luirromen|Spikes\n|\n|-heal|p1a: Ting-Lu|52\/100 brn|[from] item: Leftovers\n|-damage|p1a: Ting-Lu|46\/100 brn|[from] brn\n|upkeep\n|turn|28\n|\n|t:|1699830787\n|move|p2a: Moltres|Flamethrower|p1a: Ting-Lu\n|-damage|p1a: Ting-Lu|31\/100 brn\n|move|p1a: Ting-Lu|Ruination|p2a: Moltres\n|-damage|p2a: Moltres|51\/100\n|\n|-heal|p1a: Ting-Lu|37\/100 brn|[from] item: Leftovers\n|-damage|p1a: Ting-Lu|31\/100 brn|[from] brn\n|upkeep\n|turn|29\n|j| Lanzallamas Mou\n|\n|t:|1699830797\n|switch|p1a: Dragapult|Dragapult, F|3\/100\n|move|p2a: Moltres|Roost|p2a: Moltres\n|-heal|p2a: Moltres|100\/100\n|-singleturn|p2a: Moltres|move: Roost\n|\n|upkeep\n|turn|30\n|inactive|Luirromen has 180 seconds left.\n|j| Raahel\n|j| JesusGameplays2\n|\n|t:|1699830831\n|move|p1a: Dragapult|Thunder Wave|p2a: Moltres\n|-status|p2a: Moltres|par\n|move|p2a: Moltres|U-turn|p1a: Dragapult\n|-resisted|p1a: Dragapult\n|-damage|p1a: Dragapult|0 fnt\n|faint|p1a: Dragapult\n|\n|t:|1699830841\n|switch|p2a: Kingambit|Kingambit, F|100\/100|[from] U-turn\n|-damage|p2a: Kingambit|94\/100|[from] Stealth Rock\n|-activate|p2a: Kingambit|ability: Supreme Overlord\n|-start|p2a: Kingambit|fallen2|[silent]\n|-item|p2a: Kingambit|Air Balloon\n|\n|upkeep\n|\n|t:|1699830846\n|switch|p1a: Iron Valiant|Iron Valiant|100\/100\n|turn|31\n|inactive|Luirromen has 180 seconds left.\n|\n|t:|1699830860\n|-end|p1a: Iron Valiant|Quark Drive|[silent]\n|switch|p1a: Ting-Lu|Ting-Lu|31\/100 brn\n|-damage|p1a: Ting-Lu|25\/100 brn|[from] Stealth Rock\n|-ability|p1a: Ting-Lu|Vessel of Ruin\n|-terastallize|p2a: Kingambit|Ghost\n|move|p2a: Kingambit|Iron Head|p1a: Ting-Lu\n|-damage|p1a: Ting-Lu|0 fnt\n|faint|p1a: Ting-Lu\n|\n|upkeep\n|c| YOUNG MlKO|Ando bien ferenia\n|l| pousspouss\n|\n|t:|1699830877\n|switch|p1a: Gliscor|Gliscor, M|41\/100 tox\n|-damage|p1a: Gliscor|29\/100 tox|[from] Stealth Rock\n|turn|32\n|\n|t:|1699830884\n|-end|p2a: Kingambit|fallen2|[silent]\n|switch|p2a: Clefable|Clefable, F|100\/100 par\n|move|p1a: Gliscor|Toxic||[still]\n|-fail|p1a: Gliscor\n|\n|-heal|p1a: Gliscor|41\/100 tox|[from] ability: Poison Heal\n|upkeep\n|turn|33\n|j| Eragon11145\n|\n|t:|1699830891\n|switch|p2a: Moltres|Moltres|100\/100 par\n|move|p1a: Gliscor|Earthquake|p2a: Moltres\n|-immune|p2a: Moltres\n|\n|-heal|p1a: Gliscor|54\/100 tox|[from] ability: Poison Heal\n|upkeep\n|turn|34\n|\n|t:|1699830897\n|move|p1a: Gliscor|Protect|p1a: Gliscor\n|-singleturn|p1a: Gliscor|Protect\n|cant|p2a: Moltres|par\n|\n|-heal|p1a: Gliscor|66\/100 tox|[from] ability: Poison Heal\n|upkeep\n|turn|35\n|j| pousspouss\n|\n|t:|1699830903\n|move|p1a: Gliscor|Ice Fang|p2a: Moltres\n|-damage|p2a: Moltres|90\/100 par\n|move|p2a: Moltres|Flamethrower|p1a: Gliscor\n|-damage|p1a: Gliscor|36\/100 tox\n|\n|-heal|p1a: Gliscor|49\/100 tox|[from] ability: Poison Heal\n|upkeep\n|turn|36\n|inactive|Luirromen has 210 seconds left.\n|\n|t:|1699830911\n|move|p1a: Gliscor|Protect|p1a: Gliscor\n|-singleturn|p1a: Gliscor|Protect\n|move|p2a: Moltres|Flamethrower|p1a: Gliscor\n|-activate|p1a: Gliscor|move: Protect\n|\n|-heal|p1a: Gliscor|61\/100 tox|[from] ability: Poison Heal\n|upkeep\n|turn|37\n|\n|t:|1699830914\n|move|p1a: Gliscor|Ice Fang|p2a: Moltres\n|-damage|p2a: Moltres|79\/100 par\n|cant|p2a: Moltres|par\n|\n|-heal|p1a: Gliscor|74\/100 tox|[from] ability: Poison Heal\n|upkeep\n|turn|38\n|\n|t:|1699830919\n|move|p1a: Gliscor|Ice Fang|p2a: Moltres\n|-damage|p2a: Moltres|68\/100 par\n|cant|p2a: Moltres|par\n|\n|-heal|p1a: Gliscor|86\/100 tox|[from] ability: Poison Heal\n|upkeep\n|turn|39\n|\n|t:|1699830923\n|move|p1a: Gliscor|Ice Fang|p2a: Moltres|[miss]\n|-miss|p1a: Gliscor|p2a: Moltres\n|move|p2a: Moltres|Roost|p2a: Moltres\n|-heal|p2a: Moltres|100\/100 par\n|-singleturn|p2a: Moltres|move: Roost\n|\n|-heal|p1a: Gliscor|99\/100 tox|[from] ability: Poison Heal\n|upkeep\n|turn|40\n|\n|t:|1699830926\n|move|p1a: Gliscor|Ice Fang|p2a: Moltres\n|-damage|p2a: Moltres|89\/100 par\n|cant|p2a: Moltres|par\n|\n|-heal|p1a: Gliscor|100\/100 tox|[from] ability: Poison Heal\n|upkeep\n|turn|41\n|\n|t:|1699830934\n|switch|p1a: Iron Valiant|Iron Valiant|100\/100\n|move|p2a: Moltres|Flamethrower|p1a: Iron Valiant\n|-damage|p1a: Iron Valiant|32\/100\n|\n|upkeep\n|turn|42\n|j|+Mada\n|\n|t:|1699830938\n|switch|p2a: Clefable|Clefable, F|100\/100 par\n|move|p1a: Iron Valiant|Knock Off|p2a: Clefable\n|-resisted|p2a: Clefable\n|-damage|p2a: Clefable|87\/100 par\n|-enditem|p2a: Clefable|Leftovers|[from] move: Knock Off|[of] p1a: Iron Valiant\n|\n|upkeep\n|turn|43\n|inactive|Luirromen has 270 seconds left.\n|\n|t:|1699830949\n|-end|p1a: Iron Valiant|Quark Drive|[silent]\n|switch|p1a: Gholdengo|Gholdengo|100\/100\n|-damage|p1a: Gholdengo|94\/100|[from] Stealth Rock\n|move|p2a: Clefable|Knock Off|p1a: Gholdengo\n|-supereffective|p1a: Gholdengo\n|-damage|p1a: Gholdengo|75\/100\n|\n|upkeep\n|turn|44\n|l| Peter Pan GC\n|j| GabrieLopez\n|\n|t:|1699830957\n|switch|p2a: Moltres|Moltres|89\/100 par\n|move|p1a: Gholdengo|Trick|p2a: Moltres\n|-activate|p1a: Gholdengo|move: Trick|[of] p2a: Moltres\n|-enditem|p2a: Moltres|Heavy-Duty Boots|[silent]|[from] move: Trick\n|-item|p1a: Gholdengo|Heavy-Duty Boots|[from] move: Trick\n|\n|upkeep\n|turn|45\n|\n|t:|1699830975\n|-terastallize|p1a: Gholdengo|Fairy\n|move|p1a: Gholdengo|Shadow Ball|p2a: Moltres\n|-damage|p2a: Moltres|56\/100 par\n|-unboost|p2a: Moltres|spd|1\n|cant|p2a: Moltres|par\n|\n|upkeep\n|turn|46\n|\n|t:|1699830984\n|move|p1a: Gholdengo|Shadow Ball|p2a: Moltres\n|-damage|p2a: Moltres|8\/100 par\n|move|p2a: Moltres|Flamethrower|p1a: Gholdengo\n|-damage|p1a: Gholdengo|39\/100\n|\n|upkeep\n|turn|47\n|\n|t:|1699830989\n|move|p1a: Gholdengo|Recover|p1a: Gholdengo\n|-heal|p1a: Gholdengo|89\/100\n|cant|p2a: Moltres|par\n|\n|upkeep\n|turn|48\n|\n|t:|1699830992\n|move|p1a: Gholdengo|Shadow Ball|p2a: Moltres\n|-damage|p2a: Moltres|0 fnt\n|faint|p2a: Moltres\n|\n|upkeep\n|c| YOUNG MlKO|Que dolor\n|l| black thunderbolt\n|c| Lanzallamas Mou|nah\n|c| Lanzallamas Mou|f\n|inactive|Luirromen has 270 seconds left.\n|j| black thunderbolt\n|\n|t:|1699831043\n|switch|p2a: Clefable|Clefable, F|87\/100 par\n|turn|49\n|\n|t:|1699831046\n|move|p1a: Gholdengo|Make It Rain|p2a: Clefable\n|-supereffective|p2a: Clefable\n|-damage|p2a: Clefable|0 fnt\n|-unboost|p1a: Gholdengo|spa|1\n|faint|p2a: Clefable\n|\n|upkeep\n|\n|t:|1699831054\n|switch|p2a: Kingambit|Kingambit, F, tera:Ghost|94\/100\n|-damage|p2a: Kingambit|82\/100|[from] Stealth Rock\n|-activate|p2a: Kingambit|ability: Supreme Overlord\n|-start|p2a: Kingambit|fallen4|[silent]\n|-item|p2a: Kingambit|Air Balloon\n|turn|50\n|c| Juseth Sepulveda|Gl next year RA\n|j| ElisaMarie1719\n|l| GabrieLopez\n|j| GabrieLopez\n|\n|t:|1699831071\n|switch|p1a: Gliscor|Gliscor, M|100\/100 tox\n|-damage|p1a: Gliscor|88\/100 tox|[from] Stealth Rock\n|move|p2a: Kingambit|Iron Head|p1a: Gliscor\n|-damage|p1a: Gliscor|36\/100 tox\n|\n|-heal|p1a: Gliscor|48\/100 tox|[from] ability: Poison Heal\n|upkeep\n|turn|51\n|c| YOUNG MlKO|Silencio hijo del pueblo\n|\n|t:|1699831076\n|move|p1a: Gliscor|Toxic|p2a: Kingambit\n|-status|p2a: Kingambit|tox\n|move|p2a: Kingambit|Swords Dance|p2a: Kingambit\n|-boost|p2a: Kingambit|atk|2\n|\n|-heal|p1a: Gliscor|61\/100 tox|[from] ability: Poison Heal\n|-damage|p2a: Kingambit|76\/100 tox|[from] psn\n|upkeep\n|turn|52\n|l| black thunderbolt\n|\n|t:|1699831081\n|move|p1a: Gliscor|Ice Fang|p2a: Kingambit\n|-damage|p2a: Kingambit|63\/100 tox\n|-enditem|p2a: Kingambit|Air Balloon\n|move|p2a: Kingambit|Kowtow Cleave|p1a: Gliscor\n|-damage|p1a: Gliscor|0 fnt\n|faint|p1a: Gliscor\n|\n|-damage|p2a: Kingambit|50\/100 tox|[from] psn\n|upkeep\n|\n|t:|1699831084\n|switch|p1a: Iron Valiant|Iron Valiant|32\/100\n|turn|53\n|c| GabrieLopez|Callate jose\n|c| Masterofthemaster|lol\n|j| black thunderbolt\n|c| Lanzallamas Mou|uy\n|\n|t:|1699831096\n|move|p1a: Iron Valiant|Knock Off|p2a: Kingambit\n|-supereffective|p2a: Kingambit\n|-damage|p2a: Kingambit|13\/100 tox\n|move|p2a: Kingambit|Kowtow Cleave|p1a: Iron Valiant\n|-resisted|p1a: Iron Valiant\n|-damage|p1a: Iron Valiant|0 fnt\n|faint|p1a: Iron Valiant\n|-end|p1a: Iron Valiant|Quark Drive|[silent]\n|\n|-damage|p2a: Kingambit|0 fnt|[from] psn\n|faint|p2a: Kingambit\n|-end|p2a: Kingambit|fallen4|[silent]\n|upkeep\n|\n|t:|1699831102\n|switch|p1a: Gholdengo|Gholdengo, tera:Fairy|89\/100\n|switch|p2a: Dragapult|Dragapult, F|64\/100\n|-damage|p2a: Dragapult|51\/100|[from] Stealth Rock\n|-damage|p2a: Dragapult|26\/100|[from] Spikes\n|turn|54\n|\n|t:|1699831105\n|move|p2a: Dragapult|Shadow Ball|p1a: Gholdengo\n|-damage|p1a: Gholdengo|32\/100\n|move|p1a: Gholdengo|Shadow Ball|p2a: Dragapult\n|-supereffective|p2a: Dragapult\n|-crit|p2a: Dragapult\n|-damage|p2a: Dragapult|0 fnt\n|faint|p2a: Dragapult\n|\n|win|Ciro Napoli\n|c| YOUNG MlKO|CRIT\n|c|\u2606Luirromen|gg\n|c|\u2606Ciro Napoli|gg\n|l| KeanuVGC\n|l| corvere\u2665\n|c| YOUNG MlKO|Fuck\n|l|+Scizor Boladao\n|l| Juseth Sepulveda\n|c| LongestBanana|GOATTTTT\n|c| Enzonana|GOAT\n|l| iDybala Jr!(\u25d5\u203f\u25d5)\n|l| Masterofthemaster\n|l| Tarre25\n|l| black thunderbolt\n|l|\u2606Luirromen\n|l| Lanzallamas Mou\n|l| LongestBanana\n|l| GabrieLopez\n|c| pousspouss|Ciroooooiii\n|l| DonSalvatore\n|c| pousspouss|Te amo fratello\n|l| tempo di anguria\n|l| Kroevitz\n|l| pousspouss\n|l| Waci\n|j| GabrieLopez\n|l| GabrieLopez\n|j| Jojen Read\n|l| LpZ IV\n|l| YOUNG MlKO\n|l|+felines\n|l| ElisaMarie1719\n|l| JesusGameplays2\n|l| DiputadesIndecises\n|l| Kaipro\n|l|+Mada\n|l| Luna's Bann3d Now\n|l| no bad hoes\n|j| hidin\n|l| hidin\n|l| Raahel\n|j| ZDen\n|l| Fakee\n|j| Taka\n|l| Taka\n|l|\u2606Ciro Napoli\n|l| ZDen\n|l| Wesqii\n|l| Jojen Read\n","uploadtime":1699831112,"views":92,"p1id":"cironapoli","p2id":"luirromen","formatid":"gen9ubers","rating":0,"private":0,"password":""}