{"id":"gen9ubers-1989719868","p1":"BagMan187","p2":"Inarinokamen","format":"[Gen 9] Ubers","log":"|j|\u2606BagMan187\n|j|\u2606Inarinokamen\n|t:|1699889888\n|gametype|singles\n|player|p1|BagMan187|ash-kalos|\n|player|p2|Inarinokamen|red-masters2|\n|teamsize|p1|6\n|teamsize|p2|6\n|gen|9\n|tier|[Gen 9] Ubers\n|rule|Sleep Clause Mod: Limit one foe put to sleep\n|rule|Species Clause: Limit one of each Pok\u00e9mon\n|rule|OHKO Clause: OHKO moves are banned\n|rule|Evasion Items Clause: Evasion items are banned\n|rule|Evasion Moves Clause: Evasion moves are banned\n|rule|Endless Battle Clause: Forcing endless battles is banned\n|rule|HP Percentage Mod: HP is shown in percentages\n|clearpoke\n|poke|p1|Greninja-*, F|\n|poke|p1|Slowking-Galar, F|\n|poke|p1|Blissey, F|\n|poke|p1|Talonflame, F|\n|poke|p1|Salazzle, F|\n|poke|p1|Zoroark-Hisui, F|\n|poke|p2|Walking Wake|\n|poke|p2|Infernape, M|\n|poke|p2|Dudunsparce-*, M|\n|poke|p2|Slowking-Galar, F|\n|poke|p2|Cloyster, F|\n|poke|p2|Talonflame, F|\n|teampreview\n|inactive|Battle timer is ON: inactive players will automatically lose when time's up. (requested by BagMan187)\n|inactive|Inarinokamen also wants the timer to be on.\n|c|\u2606Inarinokamen|Well that was certainly a game\n|c|\u2606BagMan187|true\n|inactive|BagMan187 has 270 seconds left.\n|\n|t:|1699889919\n|start\n|switch|p1a: Greninja|Greninja, F, shiny|100\/100\n|switch|p2a: Walking Wake|Walking Wake|100\/100\n|turn|1\n|\n|t:|1699889929\n|move|p1a: Greninja|U-turn|p2a: Walking Wake\n|-start|p1a: Greninja|typechange|Bug|[from] ability: Protean\n|-damage|p2a: Walking Wake|71\/100\n|\n|t:|1699889938\n|switch|p1a: Blissey|Blissey, F|100\/100|[from] U-turn\n|move|p2a: Walking Wake|Flip Turn|p1a: Blissey\n|-damage|p1a: Blissey|84\/100\n|\n|t:|1699889946\n|-end|p2a: Walking Wake|Protosynthesis|[silent]\n|switch|p2a: Infernape|Infernape, M|100\/100|[from] Flip Turn\n|\n|-heal|p1a: Blissey|90\/100|[from] item: Leftovers\n|upkeep\n|turn|2\n|\n|t:|1699889954\n|switch|p1a: Talonflame|Talonflame, F|100\/100\n|move|p2a: Infernape|Fire Punch|p1a: Talonflame\n|-resisted|p1a: Talonflame\n|-damage|p1a: Talonflame|65\/100\n|\n|upkeep\n|turn|3\n|\n|t:|1699889966\n|switch|p2a: Slowking|Slowking-Galar, F|100\/100\n|move|p1a: Talonflame|Roost|p1a: Talonflame\n|-heal|p1a: Talonflame|100\/100\n|-singleturn|p1a: Talonflame|move: Roost\n|\n|upkeep\n|turn|4\n|\n|t:|1699889970\n|switch|p1a: Salazzle|Salazzle, F|100\/100\n|move|p2a: Slowking|Toxic|p1a: Salazzle\n|-immune|p1a: Salazzle\n|\n|upkeep\n|turn|5\n|\n|t:|1699889972\n|move|p1a: Salazzle|Toxic|p2a: Slowking\n|-status|p2a: Slowking|tox\n|move|p2a: Slowking|Earthquake|p1a: Salazzle\n|-supereffective|p1a: Salazzle\n|-damage|p1a: Salazzle|0 fnt\n|faint|p1a: Salazzle\n|\n|-damage|p2a: Slowking|94\/100 tox|[from] psn\n|upkeep\n|c|\u2606Inarinokamen|RAHHH\n|\n|t:|1699889982\n|switch|p1a: Greninja|Greninja, F, shiny|100\/100\n|turn|6\n|c|\u2606Inarinokamen|it feels so cursed\n|\n|t:|1699889989\n|move|p1a: Greninja|Night Slash|p2a: Slowking\n|-start|p1a: Greninja|typechange|Dark|[from] ability: Protean\n|-supereffective|p2a: Slowking\n|-damage|p2a: Slowking|29\/100 tox\n|move|p2a: Slowking|Chilly Reception|p2a: Slowking\n|-weather|Snow\n|\n|t:|1699890002\n|switch|p2a: Cloyster|Cloyster, F|100\/100|[from] Chilly Reception\n|\n|-weather|Snow|[upkeep]\n|upkeep\n|turn|7\n|\n|t:|1699890009\n|move|p1a: Greninja|U-turn|p2a: Cloyster\n|-damage|p2a: Cloyster|89\/100\n|\n|t:|1699890010\n|switch|p1a: Slowking|Slowking-Galar, F|100\/100|[from] U-turn\n|move|p2a: Cloyster|Shell Smash|p2a: Cloyster\n|-unboost|p2a: Cloyster|def|1\n|-unboost|p2a: Cloyster|spd|1\n|-boost|p2a: Cloyster|atk|2\n|-boost|p2a: Cloyster|spa|2\n|-boost|p2a: Cloyster|spe|2\n|-enditem|p2a: Cloyster|White Herb\n|-clearnegativeboost|p2a: Cloyster|[silent]\n|\n|-weather|Snow|[upkeep]\n|upkeep\n|turn|8\n|\n|t:|1699890019\n|move|p2a: Cloyster|Blizzard|p1a: Slowking\n|-damage|p1a: Slowking|25\/100\n|move|p1a: Slowking|Toxic|p2a: Cloyster\n|-status|p2a: Cloyster|tox\n|\n|-weather|Snow|[upkeep]\n|-damage|p2a: Cloyster|83\/100 tox|[from] psn\n|upkeep\n|turn|9\n|\n|t:|1699890030\n|switch|p1a: Blissey|Blissey, F|90\/100\n|move|p2a: Cloyster|Surf|p1a: Blissey\n|-damage|p1a: Blissey|60\/100\n|\n|-weather|Snow|[upkeep]\n|-heal|p1a: Blissey|66\/100|[from] item: Leftovers\n|-damage|p2a: Cloyster|71\/100 tox|[from] psn\n|upkeep\n|turn|10\n|\n|t:|1699890033\n|-terastallize|p2a: Cloyster|Fighting\n|move|p2a: Cloyster|Tera Blast|p1a: Blissey|[anim] Tera Blast Fighting\n|-supereffective|p1a: Blissey\n|-damage|p1a: Blissey|17\/100\n|move|p1a: Blissey|Soft-Boiled|p1a: Blissey\n|-heal|p1a: Blissey|67\/100\n|\n|-weather|none\n|-heal|p1a: Blissey|73\/100|[from] item: Leftovers\n|-damage|p2a: Cloyster|52\/100 tox|[from] psn\n|upkeep\n|turn|11\n|\n|t:|1699890040\n|switch|p1a: Slowking|Slowking-Galar, F|58\/100\n|move|p2a: Cloyster|Shell Smash|p2a: Cloyster\n|-unboost|p2a: Cloyster|def|1\n|-unboost|p2a: Cloyster|spd|1\n|-boost|p2a: Cloyster|atk|2\n|-boost|p2a: Cloyster|spa|2\n|-boost|p2a: Cloyster|spe|2\n|\n|-damage|p2a: Cloyster|27\/100 tox|[from] psn\n|upkeep\n|turn|12\n|\n|t:|1699890045\n|switch|p1a: Blissey|Blissey, F|73\/100\n|move|p2a: Cloyster|Blizzard|p1a: Blissey|[miss]\n|-miss|p2a: Cloyster|p1a: Blissey\n|\n|-heal|p1a: Blissey|80\/100|[from] item: Leftovers\n|-damage|p2a: Cloyster|0 fnt|[from] psn\n|faint|p2a: Cloyster\n|upkeep\n|\n|t:|1699890051\n|switch|p2a: Infernape|Infernape, M|100\/100\n|turn|13\n|\n|t:|1699890059\n|move|p2a: Infernape|U-turn|p1a: Blissey\n|-damage|p1a: Blissey|52\/100\n|\n|t:|1699890064\n|switch|p2a: Slowking|Slowking-Galar, F|62\/100 tox|[from] U-turn\n|move|p1a: Blissey|Body Slam|p2a: Slowking\n|-damage|p2a: Slowking|56\/100 tox\n|\n|-heal|p1a: Blissey|58\/100|[from] item: Leftovers\n|-heal|p2a: Slowking|62\/100 tox|[from] item: Leftovers\n|-damage|p2a: Slowking|56\/100 tox|[from] psn\n|upkeep\n|turn|14\n|\n|t:|1699890073\n|move|p1a: Blissey|Rock Slide|p2a: Slowking|[miss]\n|-miss|p1a: Blissey|p2a: Slowking\n|move|p2a: Slowking|Gunk Shot|p1a: Blissey\n|-damage|p1a: Blissey|31\/100\n|\n|-heal|p1a: Blissey|37\/100|[from] item: Leftovers\n|-heal|p2a: Slowking|62\/100 tox|[from] item: Leftovers\n|-damage|p2a: Slowking|50\/100 tox|[from] psn\n|upkeep\n|turn|15\n|\n|t:|1699890079\n|move|p1a: Blissey|Rock Slide|p2a: Slowking\n|-damage|p2a: Slowking|46\/100 tox\n|move|p2a: Slowking|Toxic|p1a: Blissey\n|-status|p1a: Blissey|tox\n|\n|-heal|p1a: Blissey|43\/100 tox|[from] item: Leftovers\n|-heal|p2a: Slowking|52\/100 tox|[from] item: Leftovers\n|-damage|p1a: Blissey|37\/100 tox|[from] psn\n|-damage|p2a: Slowking|34\/100 tox|[from] psn\n|upkeep\n|turn|16\n|\n|t:|1699890084\n|move|p1a: Blissey|Soft-Boiled|p1a: Blissey\n|-heal|p1a: Blissey|87\/100 tox\n|move|p2a: Slowking|Chilly Reception|p2a: Slowking\n|-weather|Snow\n|\n|t:|1699890096\n|switch|p2a: Walking Wake|Walking Wake|71\/100|[from] Chilly Reception\n|\n|-weather|Snow|[upkeep]\n|-heal|p1a: Blissey|93\/100 tox|[from] item: Leftovers\n|-damage|p1a: Blissey|81\/100 tox|[from] psn\n|upkeep\n|turn|17\n|\n|t:|1699890103\n|move|p2a: Walking Wake|Waterfall|p1a: Blissey\n|-damage|p1a: Blissey|59\/100 tox\n|cant|p1a: Blissey|flinch\n|\n|-weather|Snow|[upkeep]\n|-heal|p1a: Blissey|65\/100 tox|[from] item: Leftovers\n|-damage|p1a: Blissey|47\/100 tox|[from] psn\n|upkeep\n|turn|18\n|\n|t:|1699890110\n|switch|p1a: Slowking|Slowking-Galar, F|91\/100\n|move|p2a: Walking Wake|Knock Off|p1a: Slowking\n|-supereffective|p1a: Slowking\n|-damage|p1a: Slowking|64\/100\n|-enditem|p1a: Slowking|Heavy-Duty Boots|[from] move: Knock Off|[of] p2a: Walking Wake\n|\n|-weather|Snow|[upkeep]\n|upkeep\n|turn|19\n|\n|t:|1699890119\n|move|p2a: Walking Wake|Flip Turn|p1a: Slowking\n|-damage|p1a: Slowking|50\/100\n|\n|t:|1699890121\n|-end|p2a: Walking Wake|Protosynthesis|[silent]\n|switch|p2a: Slowking|Slowking-Galar, F|67\/100 tox|[from] Flip Turn\n|move|p1a: Slowking|Toxic|p2a: Slowking\n|-fail|p2a: Slowking|tox\n|\n|-weather|Snow|[upkeep]\n|-heal|p2a: Slowking|73\/100 tox|[from] item: Leftovers\n|-damage|p2a: Slowking|67\/100 tox|[from] psn\n|upkeep\n|turn|20\n|\n|t:|1699890129\n|move|p2a: Slowking|Gunk Shot|p1a: Slowking\n|-resisted|p1a: Slowking\n|-damage|p1a: Slowking|39\/100\n|move|p1a: Slowking|Slack Off|p1a: Slowking\n|-heal|p1a: Slowking|89\/100\n|\n|-weather|none\n|-heal|p2a: Slowking|73\/100 tox|[from] item: Leftovers\n|-damage|p2a: Slowking|61\/100 tox|[from] psn\n|upkeep\n|turn|21\n|\n|t:|1699890134\n|move|p2a: Slowking|Earthquake|p1a: Slowking\n|-supereffective|p1a: Slowking\n|-damage|p1a: Slowking|66\/100\n|move|p1a: Slowking|Foul Play|p2a: Slowking\n|-supereffective|p2a: Slowking\n|-damage|p2a: Slowking|30\/100 tox\n|\n|-heal|p2a: Slowking|37\/100 tox|[from] item: Leftovers\n|-damage|p2a: Slowking|18\/100 tox|[from] psn\n|upkeep\n|turn|22\n|\n|t:|1699890137\n|move|p2a: Slowking|Chilly Reception|p2a: Slowking\n|-weather|Snow\n|\n|t:|1699890147\n|switch|p2a: Talonflame|Talonflame, F|100\/100|[from] Chilly Reception\n|move|p1a: Slowking|Chilly Reception|p1a: Slowking\n|\n|t:|1699890159\n|switch|p1a: Blissey|Blissey, F|47\/100 tox|[from] Chilly Reception\n|\n|-weather|Snow|[upkeep]\n|-heal|p1a: Blissey|53\/100 tox|[from] item: Leftovers\n|-damage|p1a: Blissey|47\/100 tox|[from] psn\n|upkeep\n|turn|23\n|\n|t:|1699890163\n|move|p2a: Talonflame|Hurricane|p1a: Blissey\n|-damage|p1a: Blissey|35\/100 tox\n|move|p1a: Blissey|Soft-Boiled|p1a: Blissey\n|-heal|p1a: Blissey|85\/100 tox\n|\n|-weather|Snow|[upkeep]\n|-heal|p1a: Blissey|92\/100 tox|[from] item: Leftovers\n|-damage|p1a: Blissey|79\/100 tox|[from] psn\n|upkeep\n|turn|24\n|\n|t:|1699890172\n|switch|p2a: Dudunsparce|Dudunsparce-Three-Segment, M|100\/100\n|move|p1a: Blissey|Heal Bell|p1a: Blissey\n|-activate|p1a: Blissey|move: Heal Bell\n|-curestatus|p1a: Blissey|tox|[msg]\n|\n|-weather|Snow|[upkeep]\n|-heal|p1a: Blissey|85\/100|[from] item: Leftovers\n|upkeep\n|turn|25\n|\n|t:|1699890194\n|move|p2a: Dudunsparce|Calm Mind|p2a: Dudunsparce\n|-boost|p2a: Dudunsparce|spa|1\n|-boost|p2a: Dudunsparce|spd|1\n|move|p1a: Blissey|Body Slam|p2a: Dudunsparce\n|-damage|p2a: Dudunsparce|94\/100\n|-status|p2a: Dudunsparce|par\n|\n|-weather|Snow|[upkeep]\n|-heal|p1a: Blissey|92\/100|[from] item: Leftovers\n|upkeep\n|turn|26\n|\n|t:|1699890199\n|move|p1a: Blissey|Rock Slide|p2a: Dudunsparce|[miss]\n|-miss|p1a: Blissey|p2a: Dudunsparce\n|move|p2a: Dudunsparce|Calm Mind|p2a: Dudunsparce\n|-boost|p2a: Dudunsparce|spa|1\n|-boost|p2a: Dudunsparce|spd|1\n|\n|-weather|none\n|-heal|p1a: Blissey|98\/100|[from] item: Leftovers\n|upkeep\n|turn|27\n|\n|t:|1699890202\n|move|p1a: Blissey|Rock Slide|p2a: Dudunsparce\n|-damage|p2a: Dudunsparce|91\/100 par\n|cant|p2a: Dudunsparce|par\n|\n|-heal|p1a: Blissey|100\/100|[from] item: Leftovers\n|upkeep\n|turn|28\n|\n|t:|1699890211\n|switch|p1a: Slowking|Slowking-Galar, F|100\/100\n|move|p2a: Dudunsparce|Boomburst|p1a: Slowking\n|-immune|p1a: Slowking\n|\n|upkeep\n|turn|29\n|\n|t:|1699890220\n|move|p1a: Slowking|U-turn|p2a: Dudunsparce\n|-damage|p2a: Dudunsparce|64\/100 par\n|-ability|p2a: Dudunsparce|Rattled|boost\n|-boost|p2a: Dudunsparce|spe|1\n|\n|t:|1699890231\n|switch|p1a: Slowking|Slowking-Galar, F|99\/100|[from] U-turn\n|move|p2a: Dudunsparce|Blizzard|p1a: Slowking\n|-crit|p1a: Slowking\n|-damage|p1a: Slowking|45\/100\n|-status|p1a: Slowking|frz\n|\n|upkeep\n|turn|30\n|\n|t:|1699890248\n|switch|p1a: Blissey|Blissey, F|100\/100\n|move|p2a: Dudunsparce|Boomburst|p1a: Blissey\n|-damage|p1a: Blissey|67\/100\n|-enditem|p2a: Dudunsparce|Throat Spray\n|-boost|p2a: Dudunsparce|spa|1|[from] item: Throat Spray\n|\n|-heal|p1a: Blissey|73\/100|[from] item: Leftovers\n|upkeep\n|turn|31\n|\n|t:|1699890256\n|move|p1a: Blissey|Rock Slide|p2a: Dudunsparce\n|-damage|p2a: Dudunsparce|60\/100 par\n|move|p2a: Dudunsparce|Boomburst|p1a: Blissey\n|-damage|p1a: Blissey|29\/100\n|\n|-heal|p1a: Blissey|36\/100|[from] item: Leftovers\n|upkeep\n|turn|32\n|\n|t:|1699890262\n|move|p1a: Blissey|Soft-Boiled|p1a: Blissey\n|-heal|p1a: Blissey|86\/100\n|move|p2a: Dudunsparce|Roost|p2a: Dudunsparce\n|-heal|p2a: Dudunsparce|100\/100 par\n|-singleturn|p2a: Dudunsparce|move: Roost\n|\n|-heal|p1a: Blissey|92\/100|[from] item: Leftovers\n|upkeep\n|turn|33\n|\n|t:|1699890269\n|move|p1a: Blissey|Rock Slide|p2a: Dudunsparce\n|-crit|p2a: Dudunsparce\n|-damage|p2a: Dudunsparce|96\/100 par\n|cant|p2a: Dudunsparce|par\n|\n|-heal|p1a: Blissey|98\/100|[from] item: Leftovers\n|upkeep\n|turn|34\n|\n|t:|1699890274\n|move|p1a: Blissey|Rock Slide|p2a: Dudunsparce\n|-damage|p2a: Dudunsparce|93\/100 par\n|cant|p2a: Dudunsparce|flinch\n|\n|-heal|p1a: Blissey|100\/100|[from] item: Leftovers\n|upkeep\n|turn|35\n|\n|t:|1699890280\n|move|p1a: Blissey|Rock Slide|p2a: Dudunsparce\n|-damage|p2a: Dudunsparce|89\/100 par\n|cant|p2a: Dudunsparce|flinch\n|\n|upkeep\n|turn|36\n|\n|t:|1699890285\n|switch|p1a: Blissey|Blissey, F|100\/100\n|move|p2a: Dudunsparce|Blizzard|p1a: Blissey\n|-damage|p1a: Blissey|0 fnt\n|replace|p1a: Zoroark|Zoroark-Hisui, F\n|-end|p1a: Zoroark|Illusion\n|faint|p1a: Zoroark\n|\n|upkeep\n|\n|t:|1699890288\n|switch|p1a: Greninja|Greninja, F, shiny|100\/100\n|turn|37\n|\n|t:|1699890296\n|move|p1a: Greninja|Fling|p2a: Dudunsparce\n|-start|p1a: Greninja|typechange|Dark|[from] ability: Protean\n|-damage|p2a: Dudunsparce|44\/100 par\n|-ability|p2a: Dudunsparce|Rattled|boost\n|-boost|p2a: Dudunsparce|spe|1\n|-enditem|p1a: Greninja|Big Nugget|[from] move: Fling\n|move|p2a: Dudunsparce|Boomburst|p1a: Greninja\n|-damage|p1a: Greninja|0 fnt\n|faint|p1a: Greninja\n|\n|upkeep\n|\n|t:|1699890307\n|switch|p1a: Blissey|Blissey, F|100\/100\n|turn|38\n|\n|t:|1699890310\n|move|p1a: Blissey|Rock Slide|p2a: Dudunsparce\n|-damage|p2a: Dudunsparce|41\/100 par\n|cant|p2a: Dudunsparce|flinch\n|\n|upkeep\n|turn|39\n|\n|t:|1699890314\n|move|p1a: Blissey|Rock Slide|p2a: Dudunsparce\n|-damage|p2a: Dudunsparce|38\/100 par\n|cant|p2a: Dudunsparce|flinch\n|\n|upkeep\n|turn|40\n|\n|t:|1699890317\n|move|p1a: Blissey|Rock Slide|p2a: Dudunsparce\n|-damage|p2a: Dudunsparce|34\/100 par\n|cant|p2a: Dudunsparce|par\n|\n|upkeep\n|turn|41\n|\n|t:|1699890320\n|move|p1a: Blissey|Rock Slide|p2a: Dudunsparce|[miss]\n|-miss|p1a: Blissey|p2a: Dudunsparce\n|move|p2a: Dudunsparce|Roost|p2a: Dudunsparce\n|-heal|p2a: Dudunsparce|84\/100 par\n|-singleturn|p2a: Dudunsparce|move: Roost\n|\n|upkeep\n|turn|42\n|\n|t:|1699890325\n|move|p2a: Dudunsparce|Boomburst|p1a: Blissey\n|-crit|p1a: Blissey\n|-damage|p1a: Blissey|40\/100\n|move|p1a: Blissey|Heal Bell|p1a: Blissey\n|-activate|p1a: Blissey|move: Heal Bell\n|-curestatus|p1: Slowking|frz|[msg]\n|\n|-heal|p1a: Blissey|46\/100|[from] item: Leftovers\n|upkeep\n|turn|43\n|\n|t:|1699890330\n|cant|p2a: Dudunsparce|par\n|move|p1a: Blissey|Soft-Boiled|p1a: Blissey\n|-heal|p1a: Blissey|96\/100\n|\n|-heal|p1a: Blissey|100\/100|[from] item: Leftovers\n|upkeep\n|turn|44\n|\n|t:|1699890340\n|move|p1a: Blissey|Body Slam|p2a: Dudunsparce\n|-damage|p2a: Dudunsparce|79\/100 par\n|cant|p2a: Dudunsparce|par\n|\n|upkeep\n|turn|45\n|\n|t:|1699890346\n|move|p1a: Blissey|Body Slam|p2a: Dudunsparce\n|-damage|p2a: Dudunsparce|73\/100 par\n|move|p2a: Dudunsparce|Boomburst|p1a: Blissey\n|-damage|p1a: Blissey|59\/100\n|\n|-heal|p1a: Blissey|65\/100|[from] item: Leftovers\n|upkeep\n|turn|46\n|\n|t:|1699890352\n|move|p2a: Dudunsparce|Blizzard|p1a: Blissey\n|-damage|p1a: Blissey|42\/100\n|move|p1a: Blissey|Soft-Boiled|p1a: Blissey\n|-heal|p1a: Blissey|92\/100\n|\n|-heal|p1a: Blissey|98\/100|[from] item: Leftovers\n|upkeep\n|turn|47\n|\n|t:|1699890358\n|move|p1a: Blissey|Body Slam|p2a: Dudunsparce\n|-damage|p2a: Dudunsparce|68\/100 par\n|move|p2a: Dudunsparce|Boomburst|p1a: Blissey\n|-damage|p1a: Blissey|59\/100\n|\n|-heal|p1a: Blissey|65\/100|[from] item: Leftovers\n|upkeep\n|turn|48\n|\n|t:|1699890361\n|move|p2a: Dudunsparce|Calm Mind|p2a: Dudunsparce\n|-boost|p2a: Dudunsparce|spa|1\n|-boost|p2a: Dudunsparce|spd|1\n|move|p1a: Blissey|Rock Slide|p2a: Dudunsparce\n|-damage|p2a: Dudunsparce|65\/100 par\n|\n|-heal|p1a: Blissey|72\/100|[from] item: Leftovers\n|upkeep\n|turn|49\n|\n|t:|1699890366\n|move|p1a: Blissey|Rock Slide|p2a: Dudunsparce\n|-damage|p2a: Dudunsparce|61\/100 par\n|move|p2a: Dudunsparce|Calm Mind|p2a: Dudunsparce\n|-boost|p2a: Dudunsparce|spa|1\n|-boost|p2a: Dudunsparce|spd|1\n|\n|-heal|p1a: Blissey|78\/100|[from] item: Leftovers\n|upkeep\n|turn|50\n|\n|t:|1699890370\n|move|p1a: Blissey|Rock Slide|p2a: Dudunsparce\n|-damage|p2a: Dudunsparce|58\/100 par\n|cant|p2a: Dudunsparce|flinch\n|\n|-heal|p1a: Blissey|84\/100|[from] item: Leftovers\n|upkeep\n|turn|51\n|\n|t:|1699890376\n|move|p1a: Blissey|Rock Slide|p2a: Dudunsparce\n|-damage|p2a: Dudunsparce|54\/100 par\n|cant|p2a: Dudunsparce|flinch\n|\n|-heal|p1a: Blissey|90\/100|[from] item: Leftovers\n|upkeep\n|turn|52\n|\n|t:|1699890381\n|move|p1a: Blissey|Body Slam|p2a: Dudunsparce\n|-damage|p2a: Dudunsparce|49\/100 par\n|move|p2a: Dudunsparce|Calm Mind|p2a: Dudunsparce\n|-boost|p2a: Dudunsparce|spa|1\n|-boost|p2a: Dudunsparce|spd|1\n|\n|-heal|p1a: Blissey|96\/100|[from] item: Leftovers\n|upkeep\n|turn|53\n|\n|t:|1699890389\n|cant|p2a: Dudunsparce|par\n|move|p1a: Blissey|Body Slam|p2a: Dudunsparce\n|-damage|p2a: Dudunsparce|43\/100 par\n|\n|-heal|p1a: Blissey|100\/100|[from] item: Leftovers\n|upkeep\n|turn|54\n|\n|t:|1699890391\n|move|p1a: Blissey|Body Slam|p2a: Dudunsparce\n|-damage|p2a: Dudunsparce|38\/100 par\n|move|p2a: Dudunsparce|Roost|p2a: Dudunsparce\n|-heal|p2a: Dudunsparce|88\/100 par\n|-singleturn|p2a: Dudunsparce|move: Roost\n|\n|upkeep\n|turn|55\n|\n|t:|1699890395\n|move|p1a: Blissey|Body Slam|p2a: Dudunsparce\n|-damage|p2a: Dudunsparce|82\/100 par\n|move|p2a: Dudunsparce|Calm Mind|p2a: Dudunsparce\n|-boost|p2a: Dudunsparce|spa|0\n|-boost|p2a: Dudunsparce|spd|1\n|\n|upkeep\n|turn|56\n|\n|t:|1699890406\n|move|p2a: Dudunsparce|Boomburst|p1a: Blissey\n|-damage|p1a: Blissey|31\/100\n|move|p1a: Blissey|Body Slam|p2a: Dudunsparce\n|-damage|p2a: Dudunsparce|76\/100 par\n|\n|-heal|p1a: Blissey|37\/100|[from] item: Leftovers\n|upkeep\n|turn|57\n|\n|t:|1699890411\n|move|p2a: Dudunsparce|Boomburst|p1a: Blissey\n|-damage|p1a: Blissey|0 fnt\n|faint|p1a: Blissey\n|\n|upkeep\n|\n|t:|1699890413\n|switch|p1a: Slowking|Slowking-Galar, F|78\/100\n|turn|58\n|\n|t:|1699890418\n|-terastallize|p1a: Slowking|Dark\n|move|p2a: Dudunsparce|Boomburst|p1a: Slowking\n|-crit|p1a: Slowking\n|-damage|p1a: Slowking|0 fnt\n|faint|p1a: Slowking\n|\n|upkeep\n|\n|t:|1699890421\n|switch|p1a: Talonflame|Talonflame, F|100\/100\n|turn|59\n|\n|t:|1699890422\n|move|p1a: Talonflame|Flamethrower|p2a: Dudunsparce\n|-damage|p2a: Dudunsparce|71\/100 par\n|move|p2a: Dudunsparce|Boomburst|p1a: Talonflame\n|-damage|p1a: Talonflame|0 fnt\n|faint|p1a: Talonflame\n|\n|win|Inarinokamen\n|c|\u2606Inarinokamen|gg\n|l|\u2606Inarinokamen\n|l|\u2606BagMan187\n|j|\u2606Inarinokamen\n|player|p2|Inarinokamen|red-masters2\n","uploadtime":1699890575,"views":40,"p1id":"bagman187","p2id":"inarinokamen","formatid":"gen9ubers","rating":0,"private":0,"password":""}