{"id":"gen9ubers-1977151350","p1":"pkpowers310","p2":"Squirshawott","format":"[Gen 9] Ubers","log":"|j|\u2606pkpowers310\n|j|\u2606Squirshawott\n|t:|1698377755\n|gametype|singles\n|player|p1|pkpowers310|crasherwake|\n|player|p2|Squirshawott|hilbert-wonderlauncher|\n|teamsize|p1|6\n|teamsize|p2|6\n|gen|9\n|tier|[Gen 9] Ubers\n|rule|Sleep Clause Mod: Limit one foe put to sleep\n|rule|Species Clause: Limit one of each Pok\u00e9mon\n|rule|OHKO Clause: OHKO moves are banned\n|rule|Evasion Items Clause: Evasion items are banned\n|rule|Evasion Moves Clause: Evasion moves are banned\n|rule|Endless Battle Clause: Forcing endless battles is banned\n|rule|HP Percentage Mod: HP is shown in percentages\n|clearpoke\n|poke|p1|Baxcalibur, F|\n|poke|p1|Chi-Yu|\n|poke|p1|Glimmora, F|\n|poke|p1|Regieleki|\n|poke|p1|Alomomola, F|\n|poke|p1|Amoonguss, F|\n|poke|p2|Raichu, M|\n|poke|p2|Slowking, M|\n|poke|p2|Meowscarada, F|\n|poke|p2|Greninja-*, M|\n|poke|p2|Samurott-Hisui, M|\n|poke|p2|Dachsbun, F|\n|teampreview\n|j| RoamingDia\n|\n|t:|1698377802\n|start\n|switch|p1a: Regieleki|Regieleki|100\/100\n|switch|p2a: Slowking|Slowking, M|100\/100\n|turn|1\n|\n|t:|1698377808\n|switch|p2a: Raichu|Raichu, M|100\/100\n|move|p1a: Regieleki|Thunderbolt|p2a: Raichu\n|-ability|p2a: Raichu|Lightning Rod|boost\n|-boost|p2a: Raichu|spa|1\n|\n|upkeep\n|turn|2\n|\n|t:|1698377822\n|switch|p1a: Amoonguss|Amoonguss, F|100\/100\n|move|p2a: Raichu|Knock Off|p1a: Amoonguss\n|-damage|p1a: Amoonguss|85\/100\n|-enditem|p1a: Amoonguss|Black Sludge|[from] move: Knock Off|[of] p2a: Raichu\n|\n|upkeep\n|turn|3\n|\n|t:|1698377839\n|move|p2a: Raichu|Volt Switch|p1a: Amoonguss\n|-resisted|p1a: Amoonguss\n|-damage|p1a: Amoonguss|66\/100\n|j| Sol CPU\n|\n|t:|1698377854\n|switch|p2a: Slowking|Slowking, M|100\/100|[from] Volt Switch\n|move|p1a: Amoonguss|Spore|p2a: Slowking\n|-status|p2a: Slowking|slp|[from] move: Spore\n|-enditem|p2a: Slowking|Chesto Berry|[eat]\n|-curestatus|p2a: Slowking|slp|[msg]\n|\n|upkeep\n|turn|4\n|j| BLACK METAL 3\n|\n|t:|1698377869\n|switch|p1a: Mr. Blubby|Chi-Yu|100\/100\n|-ability|p1a: Mr. Blubby|Beads of Ruin\n|move|p2a: Slowking|Psychic|p1a: Mr. Blubby\n|-immune|p1a: Mr. Blubby\n|\n|upkeep\n|turn|5\n|\n|t:|1698377894\n|switch|p2a: Dachsbun|Dachsbun, F|100\/100\n|move|p1a: Mr. Blubby|Dark Pulse|p2a: Dachsbun\n|-resisted|p2a: Dachsbun\n|-damage|p2a: Dachsbun|47\/100\n|\n|upkeep\n|turn|6\n|\n|t:|1698377908\n|switch|p1a: Amoonguss|Amoonguss, F|99\/100\n|move|p2a: Dachsbun|Body Press|p1a: Amoonguss\n|-resisted|p1a: Amoonguss\n|-damage|p1a: Amoonguss|89\/100\n|\n|upkeep\n|turn|7\n|\n|t:|1698377940\n|-terastallize|p2a: Dachsbun|Steel\n|move|p2a: Dachsbun|Wish|p2a: Dachsbun\n|move|p1a: Amoonguss|Spore|p2a: Dachsbun\n|-status|p2a: Dachsbun|slp|[from] move: Spore\n|\n|upkeep\n|turn|8\n|\n|t:|1698377954\n|switch|p1a: Glimmora|Glimmora, F|100\/100\n|cant|p2a: Dachsbun|slp\n|\n|-heal|p2a: Dachsbun|97\/100 slp|[from] move: Wish|[wisher] Dachsbun\n|upkeep\n|turn|9\n|l| Sol CPU\n|\n|t:|1698377999\n|switch|p2a: Slowking|Slowking, M|100\/100\n|move|p1a: Glimmora|Toxic Spikes|p2a: Slowking\n|-sidestart|p2: Squirshawott|move: Toxic Spikes\n|\n|upkeep\n|turn|10\n|\n|t:|1698378013\n|move|p1a: Glimmora|Toxic Spikes|p2a: Slowking\n|-sidestart|p2: Squirshawott|move: Toxic Spikes\n|move|p2a: Slowking|Psychic|p1a: Glimmora\n|-supereffective|p1a: Glimmora\n|-enditem|p1a: Glimmora|Focus Sash\n|-damage|p1a: Glimmora|1\/100\n|\n|upkeep\n|turn|11\n|\n|t:|1698378020\n|move|p1a: Glimmora|Stealth Rock|p2a: Slowking\n|-sidestart|p2: Squirshawott|move: Stealth Rock\n|move|p2a: Slowking|Surf|p1a: Glimmora\n|-supereffective|p1a: Glimmora\n|-damage|p1a: Glimmora|0 fnt\n|faint|p1a: Glimmora\n|\n|upkeep\n|\n|t:|1698378026\n|switch|p1a: Regieleki|Regieleki|100\/100\n|turn|12\n|\n|t:|1698378039\n|switch|p2a: Raichu|Raichu, M|100\/100\n|-status|p2a: Raichu|tox\n|-damage|p2a: Raichu|88\/100 tox|[from] Stealth Rock\n|move|p1a: Regieleki|Volt Switch|p2a: Raichu\n|-ability|p2a: Raichu|Lightning Rod|boost\n|-boost|p2a: Raichu|spa|1\n|\n|-damage|p2a: Raichu|82\/100 tox|[from] psn\n|upkeep\n|turn|13\n|\n|t:|1698378053\n|switch|p1a: Amoonguss|Amoonguss, F|100\/100\n|move|p2a: Raichu|Knock Off|p1a: Amoonguss\n|-damage|p1a: Amoonguss|91\/100\n|\n|-damage|p2a: Raichu|70\/100 tox|[from] psn\n|upkeep\n|turn|14\n|\n|t:|1698378062\n|move|p2a: Raichu|Light Screen|p2a: Raichu\n|-sidestart|p2: Squirshawott|move: Light Screen\n|move|p1a: Amoonguss|Giga Drain|p2a: Raichu\n|-damage|p2a: Raichu|55\/100 tox\n|-heal|p1a: Amoonguss|96\/100|[from] drain|[of] p2a: Raichu\n|\n|-damage|p2a: Raichu|36\/100 tox|[from] psn\n|upkeep\n|turn|15\n|\n|t:|1698378074\n|move|p2a: Raichu|Volt Switch|p1a: Amoonguss\n|-resisted|p1a: Amoonguss\n|-damage|p1a: Amoonguss|79\/100\n|\n|t:|1698378077\n|switch|p2a: Dachsbun|Dachsbun, F, tera:Steel|97\/100 slp|[from] Volt Switch\n|-damage|p2a: Dachsbun|91\/100 slp|[from] Stealth Rock\n|move|p1a: Amoonguss|Giga Drain|p2a: Dachsbun\n|-resisted|p2a: Dachsbun\n|-damage|p2a: Dachsbun|84\/100 slp\n|-heal|p1a: Amoonguss|82\/100|[from] drain|[of] p2a: Dachsbun\n|\n|upkeep\n|turn|16\n|\n|t:|1698378110\n|cant|p2a: Dachsbun|slp\n|move|p1a: Amoonguss|Giga Drain|p2a: Dachsbun\n|-resisted|p2a: Dachsbun\n|-damage|p2a: Dachsbun|76\/100 slp\n|-heal|p1a: Amoonguss|85\/100|[from] drain|[of] p2a: Dachsbun\n|\n|upkeep\n|turn|17\n|\n|t:|1698378120\n|-curestatus|p2a: Dachsbun|slp|[msg]\n|move|p2a: Dachsbun|Yawn|p1a: Amoonguss\n|-start|p1a: Amoonguss|move: Yawn|[of] p2a: Dachsbun\n|move|p1a: Amoonguss|Spore|p2a: Dachsbun\n|-status|p2a: Dachsbun|slp|[from] move: Spore\n|\n|upkeep\n|turn|18\n|\n|t:|1698378141\n|switch|p1a: Baxcalibur|Baxcalibur, F|100\/100\n|cant|p2a: Dachsbun|slp\n|\n|upkeep\n|turn|19\n|\n|t:|1698378154\n|move|p1a: Baxcalibur|Swords Dance|p1a: Baxcalibur\n|-boost|p1a: Baxcalibur|atk|2\n|cant|p2a: Dachsbun|slp\n|\n|upkeep\n|turn|20\n|\n|t:|1698378183\n|move|p1a: Baxcalibur|Earthquake|p2a: Dachsbun\n|-supereffective|p2a: Dachsbun\n|-damage|p2a: Dachsbun|0 fnt\n|faint|p2a: Dachsbun\n|\n|upkeep\n|\n|t:|1698378195\n|switch|p2a: Raichu|Raichu, M|36\/100 tox\n|-damage|p2a: Raichu|24\/100 tox|[from] Stealth Rock\n|turn|21\n|j| Sol CPU\n|\n|t:|1698378216\n|move|p2a: Raichu|Reflect|p2a: Raichu\n|-sidestart|p2: Squirshawott|Reflect\n|move|p1a: Baxcalibur|Scale Shot|p2a: Raichu\n|-damage|p2a: Raichu|0 fnt\n|faint|p2a: Raichu\n|-hitcount|p2: Raichu|1\n|-unboost|p1a: Baxcalibur|def|1\n|-boost|p1a: Baxcalibur|spe|1\n|\n|-sideend|p2: Squirshawott|move: Light Screen\n|upkeep\n|l| Sol CPU\n|\n|t:|1698378234\n|switch|p2a: Samurott|Samurott-Hisui, M|100\/100\n|-status|p2a: Samurott|tox\n|-damage|p2a: Samurott|88\/100 tox|[from] Stealth Rock\n|turn|22\n|j| Sol CPU\n|l| Sol CPU\n|\n|t:|1698378254\n|move|p1a: Baxcalibur|Scale Shot|p2a: Samurott\n|-crit|p2a: Samurott\n|-damage|p2a: Samurott|35\/100 tox\n|-damage|p2a: Samurott|17\/100 tox\n|-damage|p2a: Samurott|0 fnt\n|faint|p2a: Samurott\n|-hitcount|p2: Samurott|3\n|-unboost|p1a: Baxcalibur|def|1\n|-boost|p1a: Baxcalibur|spe|1\n|\n|upkeep\n|j| Sol CPU\n|\n|t:|1698378313\n|switch|p2a: Slowking|Slowking, M|100\/100\n|-status|p2a: Slowking|tox\n|-damage|p2a: Slowking|88\/100 tox|[from] Stealth Rock\n|turn|23\n|\n|t:|1698378319\n|move|p1a: Baxcalibur|Scale Shot|p2a: Slowking\n|-damage|p2a: Slowking|72\/100 tox\n|-damage|p2a: Slowking|56\/100 tox\n|-damage|p2a: Slowking|39\/100 tox\n|-damage|p2a: Slowking|22\/100 tox\n|-hitcount|p2a: Slowking|4\n|-unboost|p1a: Baxcalibur|def|1\n|-boost|p1a: Baxcalibur|spe|1\n|move|p2a: Slowking|Psychic|p1a: Baxcalibur\n|-damage|p1a: Baxcalibur|57\/100\n|-unboost|p1a: Baxcalibur|spd|1\n|\n|-damage|p2a: Slowking|16\/100 tox|[from] psn\n|upkeep\n|turn|24\n|\n|t:|1698378343\n|move|p1a: Baxcalibur|Icicle Spear|p2a: Slowking\n|-resisted|p2a: Slowking\n|-damage|p2a: Slowking|8\/100 tox\n|-resisted|p2a: Slowking\n|-damage|p2a: Slowking|0 fnt\n|faint|p2a: Slowking\n|-hitcount|p2: Slowking|2\n|\n|upkeep\n|\n|t:|1698378359\n|switch|p2a: Meowscarada|Meowscarada, F|100\/100\n|-status|p2a: Meowscarada|tox\n|-damage|p2a: Meowscarada|88\/100 tox|[from] Stealth Rock\n|turn|25\n|\n|t:|1698378371\n|move|p1a: Baxcalibur|Icicle Spear|p2a: Meowscarada\n|-supereffective|p2a: Meowscarada\n|-damage|p2a: Meowscarada|44\/100 tox\n|-supereffective|p2a: Meowscarada\n|-crit|p2a: Meowscarada\n|-damage|p2a: Meowscarada|0 fnt\n|faint|p2a: Meowscarada\n|-hitcount|p2: Meowscarada|2\n|\n|upkeep\n|\n|t:|1698378376\n|switch|p2a: Greninja|Greninja, M|100\/100\n|-status|p2a: Greninja|tox\n|-damage|p2a: Greninja|88\/100 tox|[from] Stealth Rock\n|turn|26\n|\n|t:|1698378382\n|move|p2a: Greninja|Water Shuriken|p1a: Baxcalibur\n|-resisted|p1a: Baxcalibur\n|-crit|p1a: Baxcalibur\n|-damage|p1a: Baxcalibur|45\/100\n|-resisted|p1a: Baxcalibur\n|-damage|p1a: Baxcalibur|38\/100\n|-resisted|p1a: Baxcalibur\n|-damage|p1a: Baxcalibur|31\/100\n|-hitcount|p1a: Baxcalibur|3\n|-damage|p2a: Greninja|78\/100 tox|[from] item: Life Orb\n|move|p1a: Baxcalibur|Scale Shot|p2a: Greninja\n|-damage|p2a: Greninja|55\/100 tox\n|-damage|p2a: Greninja|31\/100 tox\n|-damage|p2a: Greninja|4\/100 tox\n|-crit|p2a: Greninja\n|-damage|p2a: Greninja|0 fnt\n|faint|p2a: Greninja\n|-hitcount|p2: Greninja|4\n|\n|win|pkpowers310\n|l| Sol CPU\n|l| RoamingDia\n","uploadtime":1698378398,"views":14,"p1id":"pkpowers310","p2id":"squirshawott","formatid":"gen9ubers","rating":0,"private":0,"password":""}