{"id":"gen9ubers-1994298459","p1":"Nymmash","p2":"XxShadowAngel","format":"[Gen 9] Ubers","log":"|j|\u2606Nymmash\n|j|\u2606XxShadowAngel\n|t:|1700428440\n|gametype|singles\n|player|p1|Nymmash|2|\n|player|p2|XxShadowAngel|bellelba|\n|teamsize|p1|6\n|teamsize|p2|6\n|gen|9\n|tier|[Gen 9] Ubers\n|rule|Sleep Clause Mod: Limit one foe put to sleep\n|rule|Species Clause: Limit one of each Pok\u00e9mon\n|rule|OHKO Clause: OHKO moves are banned\n|rule|Evasion Items Clause: Evasion items are banned\n|rule|Evasion Moves Clause: Evasion moves are banned\n|rule|Endless Battle Clause: Forcing endless battles is banned\n|rule|HP Percentage Mod: HP is shown in percentages\n|clearpoke\n|poke|p1|Roaring Moon|\n|poke|p1|Ursaluna-Bloodmoon, M|\n|poke|p1|Ninetales-Alola, M|\n|poke|p1|Glimmora, F|\n|poke|p1|Empoleon, M|\n|poke|p1|Alomomola, F|\n|poke|p2|Garchomp, F|\n|poke|p2|Corviknight, F|\n|poke|p2|Greninja-*, F|\n|poke|p2|Toxtricity, M|\n|poke|p2|Meowscarada, F|\n|poke|p2|Bronzong|\n|teampreview\n|\n|t:|1700428466\n|start\n|switch|p1a: Glimmora|Glimmora, F|100\/100\n|switch|p2a: Corviknight|Corviknight, F|100\/100\n|-ability|p2a: Corviknight|Pressure\n|turn|1\n|\n|t:|1700428479\n|move|p1a: Glimmora|Stealth Rock|p2a: Corviknight\n|-sidestart|p2: XxShadowAngel|move: Stealth Rock\n|move|p2a: Corviknight|U-turn|p1a: Glimmora\n|-resisted|p1a: Glimmora\n|-damage|p1a: Glimmora|91\/100\n|-activate|p1a: Glimmora|ability: Toxic Debris\n|-sidestart|p2: XxShadowAngel|move: Toxic Spikes\n|\n|t:|1700428487\n|switch|p2a: Bronzong|Bronzong|100\/100|[from] U-turn\n|-damage|p2a: Bronzong|94\/100|[from] Stealth Rock\n|\n|-heal|p2a: Bronzong|100\/100|[from] item: Leftovers\n|upkeep\n|turn|2\n|\n|t:|1700428519\n|move|p1a: Glimmora|Earth Power|p2a: Bronzong\n|-immune|p2a: Bronzong|[from] ability: Levitate\n|move|p2a: Bronzong|Substitute|p2a: Bronzong\n|-start|p2a: Bronzong|Substitute\n|-damage|p2a: Bronzong|76\/100\n|\n|-heal|p2a: Bronzong|82\/100|[from] item: Leftovers\n|upkeep\n|turn|3\n|\n|t:|1700428530\n|move|p1a: Glimmora|Energy Ball|p2a: Bronzong\n|-resisted|p2a: Bronzong\n|-activate|p2a: Bronzong|move: Substitute|[damage]\n|move|p2a: Bronzong|Heavy Slam|p1a: Glimmora\n|-supereffective|p1a: Glimmora\n|-damage|p1a: Glimmora|21\/100\n|-activate|p1a: Glimmora|ability: Toxic Debris\n|-sidestart|p2: XxShadowAngel|move: Toxic Spikes\n|\n|-heal|p2a: Bronzong|88\/100|[from] item: Leftovers\n|upkeep\n|turn|4\n|\n|t:|1700428545\n|switch|p1a: Alomomola|Alomomola, F|100\/100\n|move|p2a: Bronzong|Heavy Slam|p1a: Alomomola\n|-resisted|p1a: Alomomola\n|-damage|p1a: Alomomola|90\/100\n|\n|-heal|p2a: Bronzong|94\/100|[from] item: Leftovers\n|upkeep\n|turn|5\n|\n|t:|1700428556\n|move|p1a: Alomomola|Wish|p1a: Alomomola\n|move|p2a: Bronzong|Body Press|p1a: Alomomola\n|-damage|p1a: Alomomola|79\/100\n|\n|-heal|p2a: Bronzong|100\/100|[from] item: Leftovers\n|upkeep\n|turn|6\n|\n|t:|1700428577\n|switch|p2a: Meowscarada|Meowscarada, F|100\/100\n|move|p1a: Alomomola|Flip Turn|p2a: Meowscarada\n|-resisted|p2a: Meowscarada\n|-damage|p2a: Meowscarada|89\/100\n|\n|t:|1700428597\n|switch|p1a: Roaring Moon|Roaring Moon|100\/100|[from] Flip Turn\n|-enditem|p1a: Roaring Moon|Booster Energy\n|-activate|p1a: Roaring Moon|ability: Protosynthesis|[fromitem]\n|-start|p1a: Roaring Moon|protosynthesisatk\n|\n|upkeep\n|turn|7\n|\n|t:|1700428620\n|move|p2a: Meowscarada|Flower Trick|p1a: Roaring Moon\n|-resisted|p1a: Roaring Moon\n|-crit|p1a: Roaring Moon\n|-damage|p1a: Roaring Moon|69\/100\n|move|p1a: Roaring Moon|Dragon Dance|p1a: Roaring Moon\n|-boost|p1a: Roaring Moon|atk|1\n|-boost|p1a: Roaring Moon|spe|1\n|\n|upkeep\n|turn|8\n|\n|t:|1700428632\n|move|p1a: Roaring Moon|Acrobatics|p2a: Meowscarada\n|-supereffective|p2a: Meowscarada\n|-damage|p2a: Meowscarada|0 fnt\n|faint|p2a: Meowscarada\n|\n|upkeep\n|\n|t:|1700428649\n|switch|p2a: Bronzong|Bronzong|100\/100\n|-damage|p2a: Bronzong|94\/100|[from] Stealth Rock\n|turn|9\n|\n|t:|1700428681\n|-end|p1a: Roaring Moon|Protosynthesis|[silent]\n|switch|p1a: Alomomola|Alomomola, F|100\/100\n|move|p2a: Bronzong|Heavy Slam|p1a: Alomomola\n|-resisted|p1a: Alomomola\n|-damage|p1a: Alomomola|91\/100\n|\n|-heal|p2a: Bronzong|100\/100|[from] item: Leftovers\n|upkeep\n|turn|10\n|\n|t:|1700428714\n|switch|p2a: Toxtricity|Toxtricity, M|100\/100\n|-damage|p2a: Toxtricity|88\/100|[from] Stealth Rock\n|-sideend|p2: XxShadowAngel|move: Toxic Spikes|[of] p2a: Toxtricity\n|move|p1a: Alomomola|Wish|p1a: Alomomola\n|\n|upkeep\n|turn|11\n|\n|t:|1700428735\n|move|p2a: Toxtricity|Shift Gear|p2a: Toxtricity\n|-boost|p2a: Toxtricity|spe|2\n|-boost|p2a: Toxtricity|atk|1\n|move|p1a: Alomomola|Flip Turn|p2a: Toxtricity\n|-damage|p2a: Toxtricity|64\/100\n|\n|t:|1700428756\n|switch|p1a: Ursaluna|Ursaluna-Bloodmoon, M|100\/100|[from] Flip Turn\n|\n|upkeep\n|turn|12\n|\n|t:|1700428777\n|move|p2a: Toxtricity|Boomburst|p1a: Ursaluna\n|-damage|p1a: Ursaluna|29\/100\n|-enditem|p2a: Toxtricity|Throat Spray\n|-boost|p2a: Toxtricity|spa|1|[from] item: Throat Spray\n|move|p1a: Ursaluna|Earth Power|p2a: Toxtricity\n|-supereffective|p2a: Toxtricity\n|-damage|p2a: Toxtricity|0 fnt\n|faint|p2a: Toxtricity\n|\n|-heal|p1a: Ursaluna|35\/100|[from] item: Leftovers\n|upkeep\n|\n|t:|1700428789\n|switch|p2a: Greninja|Greninja, F, shiny|100\/100\n|-damage|p2a: Greninja|88\/100|[from] Stealth Rock\n|turn|13\n|\n|t:|1700428806\n|switch|p1a: Alomomola|Alomomola, F|100\/100\n|move|p2a: Greninja|Surf|p1a: Alomomola\n|-start|p2a: Greninja|typechange|Water|[from] ability: Protean\n|-resisted|p1a: Alomomola\n|-damage|p1a: Alomomola|63\/100\n|\n|upkeep\n|turn|14\n|\n|t:|1700428818\n|move|p2a: Greninja|Surf|p1a: Alomomola\n|-resisted|p1a: Alomomola\n|-damage|p1a: Alomomola|29\/100\n|move|p1a: Alomomola|Wish|p1a: Alomomola\n|\n|upkeep\n|turn|15\n|\n|t:|1700428833\n|switch|p1a: Empoleon|Empoleon, M|100\/100\n|move|p2a: Greninja|Surf|p1a: Empoleon\n|-resisted|p1a: Empoleon\n|-damage|p1a: Empoleon|66\/100\n|\n|-heal|p1a: Empoleon|100\/100|[from] move: Wish|[wisher] Alomomola\n|upkeep\n|turn|16\n|\n|t:|1700428857\n|switch|p2a: Bronzong|Bronzong|100\/100\n|-damage|p2a: Bronzong|94\/100|[from] Stealth Rock\n|move|p1a: Empoleon|Agility|p1a: Empoleon\n|-boost|p1a: Empoleon|spe|2\n|\n|-heal|p2a: Bronzong|100\/100|[from] item: Leftovers\n|upkeep\n|turn|17\n|\n|t:|1700428893\n|move|p1a: Empoleon|Air Slash|p2a: Bronzong\n|-resisted|p2a: Bronzong\n|-damage|p2a: Bronzong|90\/100\n|cant|p2a: Bronzong|flinch\n|\n|-heal|p2a: Bronzong|97\/100|[from] item: Leftovers\n|upkeep\n|turn|18\n|\n|t:|1700428906\n|move|p1a: Empoleon|Hydro Pump|p2a: Bronzong|[miss]\n|-miss|p1a: Empoleon|p2a: Bronzong\n|move|p2a: Bronzong|Body Press|p1a: Empoleon\n|-supereffective|p1a: Empoleon\n|-damage|p1a: Empoleon|53\/100\n|\n|-heal|p2a: Bronzong|100\/100|[from] item: Leftovers\n|upkeep\n|turn|19\n|\n|t:|1700428916\n|switch|p1a: Alomomola|Alomomola, F|63\/100\n|move|p2a: Bronzong|Body Press|p1a: Alomomola\n|-damage|p1a: Alomomola|51\/100\n|\n|upkeep\n|turn|20\n|\n|t:|1700428955\n|switch|p2a: Greninja|Greninja, F, shiny|88\/100\n|-damage|p2a: Greninja|76\/100|[from] Stealth Rock\n|move|p1a: Alomomola|Wish|p1a: Alomomola\n|\n|upkeep\n|turn|21\n|\n|t:|1700428975\n|move|p2a: Greninja|Dark Pulse|p1a: Alomomola\n|-start|p2a: Greninja|typechange|Dark|[from] ability: Protean\n|-damage|p1a: Alomomola|0 fnt\n|faint|p1a: Alomomola\n|\n|upkeep\n|\n|t:|1700428989\n|switch|p1a: Ninetales|Ninetales-Alola, M|100\/100\n|-weather|Snow|[from] ability: Snow Warning|[of] p1a: Ninetales\n|turn|22\n|\n|t:|1700428998\n|move|p2a: Greninja|Dark Pulse|p1a: Ninetales\n|-resisted|p1a: Ninetales\n|-damage|p1a: Ninetales|71\/100\n|move|p1a: Ninetales|Aurora Veil|p1a: Ninetales\n|-sidestart|p1: Nymmash|move: Aurora Veil\n|\n|-weather|Snow|[upkeep]\n|upkeep\n|turn|23\n|\n|t:|1700429010\n|switch|p2a: Bronzong|Bronzong|100\/100\n|-damage|p2a: Bronzong|94\/100|[from] Stealth Rock\n|move|p1a: Ninetales|Freeze-Dry|p2a: Bronzong\n|-resisted|p2a: Bronzong\n|-crit|p2a: Bronzong\n|-damage|p2a: Bronzong|81\/100\n|\n|-weather|Snow|[upkeep]\n|-heal|p2a: Bronzong|87\/100|[from] item: Leftovers\n|upkeep\n|turn|24\n|\n|t:|1700429033\n|switch|p1a: Glimmora|Glimmora, F|21\/100\n|move|p2a: Bronzong|Substitute|p2a: Bronzong\n|-start|p2a: Bronzong|Substitute\n|-damage|p2a: Bronzong|62\/100\n|\n|-weather|Snow|[upkeep]\n|-heal|p2a: Bronzong|69\/100|[from] item: Leftovers\n|upkeep\n|turn|25\n|\n|t:|1700429049\n|move|p1a: Glimmora|Energy Ball|p2a: Bronzong\n|-resisted|p2a: Bronzong\n|-activate|p2a: Bronzong|move: Substitute|[damage]\n|move|p2a: Bronzong|Body Press|p1a: Glimmora\n|-damage|p1a: Glimmora|9\/100\n|-activate|p1a: Glimmora|ability: Toxic Debris\n|-sidestart|p2: XxShadowAngel|move: Toxic Spikes\n|\n|-weather|Snow|[upkeep]\n|-heal|p2a: Bronzong|75\/100|[from] item: Leftovers\n|upkeep\n|turn|26\n|\n|t:|1700429075\n|move|p1a: Glimmora|Mortal Spin|p2a: Bronzong\n|-immune|p2a: Bronzong\n|move|p2a: Bronzong|Body Press|p1a: Glimmora\n|-damage|p1a: Glimmora|0 fnt\n|-activate|p1a: Glimmora|ability: Toxic Debris\n|-sidestart|p2: XxShadowAngel|move: Toxic Spikes\n|faint|p1a: Glimmora\n|\n|-weather|none\n|-heal|p2a: Bronzong|81\/100|[from] item: Leftovers\n|upkeep\n|\n|t:|1700429094\n|switch|p1a: Roaring Moon|Roaring Moon|69\/100\n|turn|27\n|\n|t:|1700429106\n|move|p1a: Roaring Moon|Knock Off|p2a: Bronzong\n|-supereffective|p2a: Bronzong\n|-end|p2a: Bronzong|Substitute\n|move|p2a: Bronzong|Body Press|p1a: Roaring Moon\n|-supereffective|p1a: Roaring Moon\n|-damage|p1a: Roaring Moon|42\/100\n|\n|-heal|p2a: Bronzong|87\/100|[from] item: Leftovers\n|upkeep\n|turn|28\n|\n|t:|1700429120\n|-terastallize|p1a: Roaring Moon|Flying\n|move|p1a: Roaring Moon|Knock Off|p2a: Bronzong\n|-supereffective|p2a: Bronzong\n|-damage|p2a: Bronzong|0 fnt\n|-enditem|p2a: Bronzong|Leftovers|[from] move: Knock Off|[of] p1a: Roaring Moon\n|faint|p2a: Bronzong\n|\n|upkeep\n|\n|t:|1700429133\n|switch|p2a: Corviknight|Corviknight, F|100\/100\n|-damage|p2a: Corviknight|88\/100|[from] Stealth Rock\n|-ability|p2a: Corviknight|Pressure\n|turn|29\n|\n|t:|1700429151\n|move|p1a: Roaring Moon|Knock Off|p2a: Corviknight\n|-damage|p2a: Corviknight|53\/100\n|-damage|p1a: Roaring Moon|25\/100|[from] item: Rocky Helmet|[of] p2a: Corviknight\n|-enditem|p2a: Corviknight|Rocky Helmet|[from] move: Knock Off|[of] p1a: Roaring Moon\n|move|p2a: Corviknight|U-turn|p1a: Roaring Moon\n|-resisted|p1a: Roaring Moon\n|-damage|p1a: Roaring Moon|21\/100\n|\n|t:|1700429158\n|switch|p2a: Greninja|Greninja, F, shiny|76\/100|[from] U-turn\n|-damage|p2a: Greninja|64\/100|[from] Stealth Rock\n|-status|p2a: Greninja|tox\n|\n|-damage|p2a: Greninja|58\/100 tox|[from] psn\n|-sideend|p1: Nymmash|move: Aurora Veil\n|upkeep\n|turn|30\n|\n|t:|1700429169\n|move|p2a: Greninja|Ice Beam|p1a: Roaring Moon\n|-start|p2a: Greninja|typechange|Ice|[from] ability: Protean\n|-supereffective|p1a: Roaring Moon\n|-damage|p1a: Roaring Moon|0 fnt\n|faint|p1a: Roaring Moon\n|-end|p1a: Roaring Moon|Protosynthesis|[silent]\n|\n|-damage|p2a: Greninja|46\/100 tox|[from] psn\n|upkeep\n|\n|t:|1700429196\n|switch|p1a: Empoleon|Empoleon, M|53\/100\n|turn|31\n|\n|t:|1700429204\n|move|p2a: Greninja|Ice Beam|p1a: Empoleon\n|-resisted|p1a: Empoleon\n|-damage|p1a: Empoleon|36\/100\n|move|p1a: Empoleon|Air Slash|p2a: Greninja\n|-damage|p2a: Greninja|8\/100 tox\n|\n|-damage|p2a: Greninja|0 fnt|[from] psn\n|faint|p2a: Greninja\n|upkeep\n|\n|t:|1700429211\n|switch|p2a: Garchomp|Garchomp, F|100\/100\n|-damage|p2a: Garchomp|94\/100|[from] Stealth Rock\n|-status|p2a: Garchomp|tox\n|turn|32\n|\n|t:|1700429224\n|move|p2a: Garchomp|Earthquake|p1a: Empoleon\n|-supereffective|p1a: Empoleon\n|-damage|p1a: Empoleon|0 fnt\n|faint|p1a: Empoleon\n|\n|-heal|p2a: Garchomp|100\/100 tox|[from] item: Leftovers\n|-damage|p2a: Garchomp|94\/100 tox|[from] psn\n|upkeep\n|\n|t:|1700429238\n|switch|p1a: Ninetales|Ninetales-Alola, M|71\/100\n|-weather|Snow|[from] ability: Snow Warning|[of] p1a: Ninetales\n|turn|33\n|\n|t:|1700429248\n|move|p1a: Ninetales|Hypnosis|p2a: Garchomp|[miss]\n|-miss|p1a: Ninetales|p2a: Garchomp\n|move|p2a: Garchomp|Earthquake|p1a: Ninetales\n|-damage|p1a: Ninetales|33\/100\n|\n|-weather|Snow|[upkeep]\n|-heal|p2a: Garchomp|100\/100 tox|[from] item: Leftovers\n|-damage|p2a: Garchomp|88\/100 tox|[from] psn\n|upkeep\n|turn|34\n|\n|t:|1700429259\n|move|p1a: Ninetales|Freeze-Dry|p2a: Garchomp\n|-supereffective|p2a: Garchomp\n|-damage|p2a: Garchomp|0 fnt\n|faint|p2a: Garchomp\n|\n|-weather|Snow|[upkeep]\n|upkeep\n|\n|t:|1700429265\n|switch|p2a: Corviknight|Corviknight, F|53\/100\n|-damage|p2a: Corviknight|41\/100|[from] Stealth Rock\n|-ability|p2a: Corviknight|Pressure\n|turn|35\n|\n|t:|1700429275\n|move|p1a: Ninetales|Hypnosis|p2a: Corviknight\n|-status|p2a: Corviknight|slp|[from] move: Hypnosis\n|cant|p2a: Corviknight|slp\n|\n|-weather|Snow|[upkeep]\n|upkeep\n|turn|36\n|\n|t:|1700429286\n|move|p1a: Ninetales|Freeze-Dry|p2a: Corviknight\n|-damage|p2a: Corviknight|18\/100 slp\n|cant|p2a: Corviknight|slp\n|\n|-weather|Snow|[upkeep]\n|upkeep\n|turn|37\n|\n|t:|1700429293\n|move|p1a: Ninetales|Freeze-Dry|p2a: Corviknight\n|-damage|p2a: Corviknight|0 fnt\n|faint|p2a: Corviknight\n|\n|win|Nymmash\n","uploadtime":1700429304,"views":3,"p1id":"nymmash","p2id":"xxshadowangel","formatid":"gen9ubers","rating":0,"private":0,"password":""}