{"id":"gen9ubers-1975389002","p1":"Reposti","p2":"rutriyououiyiyuyt","format":"[Gen 9] Ubers","log":"|j|\u2606Reposti\n|j|\u2606rutriyououiyiyuyt\n|t:|1698186043\n|gametype|singles\n|player|p1|Reposti|265|\n|player|p2|rutriyououiyiyuyt|elesa|\n|teamsize|p1|6\n|teamsize|p2|6\n|gen|9\n|tier|[Gen 9] Ubers\n|rule|Sleep Clause Mod: Limit one foe put to sleep\n|rule|Species Clause: Limit one of each Pok\u00e9mon\n|rule|OHKO Clause: OHKO moves are banned\n|rule|Evasion Items Clause: Evasion items are banned\n|rule|Evasion Moves Clause: Evasion moves are banned\n|rule|Endless Battle Clause: Forcing endless battles is banned\n|rule|HP Percentage Mod: HP is shown in percentages\n|clearpoke\n|poke|p1|Kommo-o, F|\n|poke|p1|Cyclizar, M|\n|poke|p1|Espathra, F|\n|poke|p1|Arceus-Poison|\n|poke|p1|Zacian-*|\n|poke|p1|Volcarona, F|\n|poke|p2|Gliscor, M|\n|poke|p2|Dragapult, M|\n|poke|p2|Palafin, F|\n|poke|p2|Urshifu-*, F|\n|poke|p2|Pelipper, F|\n|poke|p2|Cyclizar, F|\n|teampreview\n|c|\u2606Reposti|Glhf\n|\n|t:|1698186069\n|start\n|switch|p1a: Bicycle Kick|Cyclizar, M|100\/100\n|switch|p2a: Gliscor|Gliscor, M|100\/100\n|turn|1\n|\n|t:|1698186077\n|move|p1a: Bicycle Kick|Shed Tail|p1a: Bicycle Kick\n|-start|p1a: Bicycle Kick|Substitute|[from] move: Shed Tail\n|-damage|p1a: Bicycle Kick|50\/100\n|\n|t:|1698186081\n|switch|p1a: The Bass Cannon|Kommo-o, F|100\/100|[from] Shed Tail\n|move|p2a: Gliscor|Spikes|p1a: The Bass Cannon\n|-sidestart|p1: Reposti|Spikes\n|\n|-status|p2a: Gliscor|tox|[from] item: Toxic Orb\n|upkeep\n|turn|2\n|\n|t:|1698186090\n|move|p1a: The Bass Cannon|Clangorous Soul|p1a: The Bass Cannon\n|-boost|p1a: The Bass Cannon|atk|1\n|-boost|p1a: The Bass Cannon|def|1\n|-boost|p1a: The Bass Cannon|spa|1\n|-boost|p1a: The Bass Cannon|spd|1\n|-boost|p1a: The Bass Cannon|spe|1\n|-damage|p1a: The Bass Cannon|68\/100\n|-enditem|p1a: The Bass Cannon|Throat Spray\n|-boost|p1a: The Bass Cannon|spa|1|[from] item: Throat Spray\n|move|p2a: Gliscor|Earthquake|p1a: The Bass Cannon\n|-activate|p1a: The Bass Cannon|move: Substitute|[damage]\n|\n|upkeep\n|turn|3\n|c|\u2606rutriyououiyiyuyt|U2\n|\n|t:|1698186109\n|move|p1a: The Bass Cannon|Clangorous Soul|p1a: The Bass Cannon\n|-boost|p1a: The Bass Cannon|atk|1\n|-boost|p1a: The Bass Cannon|def|1\n|-boost|p1a: The Bass Cannon|spa|1\n|-boost|p1a: The Bass Cannon|spd|1\n|-boost|p1a: The Bass Cannon|spe|1\n|-damage|p1a: The Bass Cannon|35\/100\n|move|p2a: Gliscor|Earthquake|p1a: The Bass Cannon\n|-end|p1a: The Bass Cannon|Substitute\n|\n|upkeep\n|turn|4\n|\n|t:|1698186120\n|-terastallize|p1a: The Bass Cannon|Normal\n|move|p1a: The Bass Cannon|Boomburst|p2a: Gliscor\n|-damage|p2a: Gliscor|0 fnt\n|faint|p2a: Gliscor\n|\n|upkeep\n|\n|t:|1698186132\n|switch|p2a: Dragapult|Dragapult, M|100\/100\n|turn|5\n|\n|t:|1698186139\n|move|p1a: The Bass Cannon|Flamethrower|p2a: Dragapult\n|-resisted|p2a: Dragapult\n|-damage|p2a: Dragapult|56\/100\n|move|p2a: Dragapult|U-turn|p1a: The Bass Cannon\n|-damage|p1a: The Bass Cannon|26\/100\n|\n|t:|1698186145\n|switch|p2a: Palafin|Palafin, F|100\/100|[from] U-turn\n|\n|upkeep\n|turn|6\n|\n|t:|1698186151\n|detailschange|p2a: Palafin|Palafin-Hero, F\n|switch|p2a: Pelipper|Pelipper, F|100\/100\n|-weather|RainDance|[from] ability: Drizzle|[of] p2a: Pelipper\n|move|p1a: The Bass Cannon|Drain Punch|p2a: Pelipper\n|-resisted|p2a: Pelipper\n|-damage|p2a: Pelipper|70\/100\n|-heal|p1a: The Bass Cannon|43\/100|[from] drain|[of] p2a: Pelipper\n|\n|-weather|RainDance|[upkeep]\n|upkeep\n|turn|7\n|\n|t:|1698186172\n|move|p1a: The Bass Cannon|Boomburst|p2a: Pelipper\n|-damage|p2a: Pelipper|0 fnt\n|faint|p2a: Pelipper\n|\n|-weather|RainDance|[upkeep]\n|upkeep\n|\n|t:|1698186176\n|switch|p2a: Palafin|Palafin-Hero, F|100\/100\n|-activate|p2a: Palafin|ability: Zero to Hero\n|turn|8\n|\n|t:|1698186183\n|-terastallize|p2a: Palafin|Water\n|move|p2a: Palafin|Jet Punch|p1a: The Bass Cannon\n|-damage|p1a: The Bass Cannon|0 fnt\n|faint|p1a: The Bass Cannon\n|\n|-weather|RainDance|[upkeep]\n|upkeep\n|\n|t:|1698186196\n|switch|p1a: Big G?|Arceus-Poison|100\/100\n|-damage|p1a: Big G?|88\/100|[from] Spikes\n|turn|9\n|\n|t:|1698186202\n|switch|p2a: Cyclizar|Cyclizar, F|100\/100\n|move|p1a: Big G?|Cosmic Power|p1a: Big G?\n|-boost|p1a: Big G?|def|1\n|-boost|p1a: Big G?|spd|1\n|\n|-weather|RainDance|[upkeep]\n|upkeep\n|turn|10\n|\n|t:|1698186235\n|move|p2a: Cyclizar|Shed Tail|p2a: Cyclizar\n|-start|p2a: Cyclizar|Substitute|[from] move: Shed Tail\n|-damage|p2a: Cyclizar|50\/100\n|\n|t:|1698186246\n|switch|p2a: Palafin|Palafin-Hero, F, tera:Water|100\/100|[from] Shed Tail\n|move|p1a: Big G?|Body Press|p2a: Palafin\n|-end|p2a: Palafin|Substitute\n|\n|-weather|RainDance|[upkeep]\n|upkeep\n|turn|11\n|\n|t:|1698186255\n|move|p2a: Palafin|Wave Crash|p1a: Big G?\n|-damage|p1a: Big G?|5\/100\n|-damage|p2a: Palafin|65\/100|[from] Recoil\n|move|p1a: Big G?|Cosmic Power|p1a: Big G?\n|-boost|p1a: Big G?|def|1\n|-boost|p1a: Big G?|spd|1\n|\n|-weather|RainDance|[upkeep]\n|upkeep\n|turn|12\n|\n|t:|1698186264\n|move|p2a: Palafin|Wave Crash|p1a: Big G?\n|-damage|p1a: Big G?|0 fnt\n|faint|p1a: Big G?\n|-damage|p2a: Palafin|63\/100|[from] Recoil\n|\n|-weather|RainDance|[upkeep]\n|upkeep\n|\n|t:|1698186271\n|switch|p1a: Bicycle Kick|Cyclizar, M|84\/100\n|-damage|p1a: Bicycle Kick|71\/100|[from] Spikes\n|turn|13\n|\n|t:|1698186278\n|move|p1a: Bicycle Kick|Knock Off|p2a: Palafin\n|-damage|p2a: Palafin|42\/100\n|-enditem|p2a: Palafin|Choice Band|[from] move: Knock Off|[of] p1a: Bicycle Kick\n|move|p2a: Palafin|Wave Crash|p1a: Bicycle Kick\n|-resisted|p1a: Bicycle Kick\n|-damage|p1a: Bicycle Kick|0 fnt\n|faint|p1a: Bicycle Kick\n|-damage|p2a: Palafin|18\/100|[from] Recoil\n|\n|-weather|none\n|upkeep\n|\n|t:|1698186295\n|switch|p1a: War Criminal|Espathra, F|100\/100\n|-damage|p1a: War Criminal|88\/100|[from] Spikes\n|turn|14\n|\n|t:|1698186307\n|move|p1a: War Criminal|Protect|p1a: War Criminal\n|-singleturn|p1a: War Criminal|Protect\n|move|p2a: Palafin|Wave Crash|p1a: War Criminal\n|-activate|p1a: War Criminal|move: Protect\n|\n|-heal|p1a: War Criminal|94\/100|[from] item: Leftovers\n|-ability|p1a: War Criminal|Speed Boost|boost\n|-boost|p1a: War Criminal|spe|1\n|upkeep\n|turn|15\n|\n|t:|1698186316\n|move|p2a: Palafin|Jet Punch|p1a: War Criminal\n|-damage|p1a: War Criminal|31\/100\n|move|p1a: War Criminal|Tera Blast|p2a: Palafin\n|-damage|p2a: Palafin|0 fnt\n|faint|p2a: Palafin\n|\n|-heal|p1a: War Criminal|37\/100|[from] item: Leftovers\n|-ability|p1a: War Criminal|Speed Boost|boost\n|-boost|p1a: War Criminal|spe|1\n|upkeep\n|\n|t:|1698186336\n|switch|p2a: Urshifu|Urshifu, F|100\/100\n|turn|16\n|\n|t:|1698186341\n|move|p2a: Urshifu|Sucker Punch|p1a: War Criminal\n|-supereffective|p1a: War Criminal\n|-crit|p1a: War Criminal\n|-damage|p1a: War Criminal|0 fnt\n|faint|p1a: War Criminal\n|\n|upkeep\n|\n|t:|1698186346\n|switch|p1a: what the dog doin?|Zacian|100\/100\n|-ability|p1a: what the dog doin?|Intrepid Sword|boost\n|-boost|p1a: what the dog doin?|atk|1\n|turn|17\n|\n|t:|1698186352\n|move|p1a: what the dog doin?|Play Rough|p2a: Urshifu\n|-supereffective|p2a: Urshifu\n|-damage|p2a: Urshifu|0 fnt\n|faint|p2a: Urshifu\n|\n|upkeep\n|\n|t:|1698186356\n|switch|p2a: Dragapult|Dragapult, M|56\/100\n|turn|18\n|\n|t:|1698186361\n|move|p2a: Dragapult|Shadow Ball|p1a: what the dog doin?\n|-damage|p1a: what the dog doin?|54\/100\n|-unboost|p1a: what the dog doin?|spd|1\n|move|p1a: what the dog doin?|Play Rough|p2a: Dragapult\n|-supereffective|p2a: Dragapult\n|-damage|p2a: Dragapult|0 fnt\n|faint|p2a: Dragapult\n|\n|upkeep\n|\n|t:|1698186366\n|switch|p2a: Cyclizar|Cyclizar, F|50\/100\n|turn|19\n|\n|t:|1698186373\n|move|p2a: Cyclizar|Knock Off|p1a: what the dog doin?\n|-resisted|p1a: what the dog doin?\n|-damage|p1a: what the dog doin?|44\/100\n|-enditem|p1a: what the dog doin?|Heavy-Duty Boots|[from] move: Knock Off|[of] p2a: Cyclizar\n|move|p1a: what the dog doin?|Play Rough|p2a: Cyclizar|[miss]\n|-miss|p1a: what the dog doin?|p2a: Cyclizar\n|\n|upkeep\n|turn|20\n|\n|t:|1698186403\n|move|p2a: Cyclizar|Knock Off|p1a: what the dog doin?\n|-resisted|p1a: what the dog doin?\n|-damage|p1a: what the dog doin?|36\/100\n|move|p1a: what the dog doin?|Close Combat|p2a: Cyclizar\n|-supereffective|p2a: Cyclizar\n|-damage|p2a: Cyclizar|0 fnt\n|-unboost|p1a: what the dog doin?|def|1\n|-unboost|p1a: what the dog doin?|spd|1\n|faint|p2a: Cyclizar\n|\n|win|Reposti\n|c|\u2606rutriyououiyiyuyt|gg\n|c|\u2606Reposti|Gg\n|c|\u2606Reposti|game 2, I\u2019ll post this one really quick\n","uploadtime":1698186419,"views":34,"p1id":"reposti","p2id":"rutriyououiyiyuyt","formatid":"gen9ubers","rating":0,"private":0,"password":""}