{"id":"gen9ubers-1979058291","p1":"FerrothornFembots","p2":"Talonflameredwings","format":"[Gen 9] Ubers","log":"|j|\u2606FerrothornFembots\n|j|\u2606Talonflameredwings\n|t:|1698626848\n|gametype|singles\n|player|p1|FerrothornFembots|skierf-gen4dp|\n|player|p2|Talonflameredwings|ghetsis-gen5bw|\n|teamsize|p1|6\n|teamsize|p2|6\n|gen|9\n|tier|[Gen 9] Ubers\n|rule|Sleep Clause Mod: Limit one foe put to sleep\n|rule|Species Clause: Limit one of each Pok\u00e9mon\n|rule|OHKO Clause: OHKO moves are banned\n|rule|Evasion Items Clause: Evasion items are banned\n|rule|Evasion Moves Clause: Evasion moves are banned\n|rule|Endless Battle Clause: Forcing endless battles is banned\n|rule|HP Percentage Mod: HP is shown in percentages\n|clearpoke\n|poke|p1|Shaymin-Sky|\n|poke|p1|Armarouge, F|\n|poke|p1|Darkrai|\n|poke|p1|Bronzong|\n|poke|p1|Landorus, M|\n|poke|p1|Samurott, F|\n|poke|p2|Coalossal, F|\n|poke|p2|Baxcalibur, M|\n|poke|p2|Ninetales-Alola, F|\n|poke|p2|Delphox, F|\n|poke|p2|Eelektross, M|\n|poke|p2|Palafin, M|\n|teampreview\n|\n|t:|1698626867\n|start\n|switch|p1a: TinCanMan|Bronzong, shiny|100\/100\n|switch|p2a: Coalossal|Coalossal, F|100\/100\n|turn|1\n|\n|t:|1698626884\n|switch|p1a: ShinyKnite|Armarouge, F, shiny|100\/100\n|-terastallize|p2a: Coalossal|Water\n|move|p2a: Coalossal|Stealth Rock|p1a: ShinyKnite\n|-sidestart|p1: FerrothornFembots|move: Stealth Rock\n|\n|upkeep\n|turn|2\n|\n|t:|1698626920\n|-terastallize|p1a: ShinyKnite|Dragon\n|move|p1a: ShinyKnite|Calm Mind|p1a: ShinyKnite\n|-boost|p1a: ShinyKnite|spa|1\n|-boost|p1a: ShinyKnite|spd|1\n|move|p2a: Coalossal|Spikes|p1a: ShinyKnite\n|-sidestart|p1: FerrothornFembots|Spikes\n|\n|upkeep\n|turn|3\n|\n|t:|1698626931\n|move|p1a: ShinyKnite|Dragon Pulse|p2a: Coalossal\n|-damage|p2a: Coalossal|46\/100\n|move|p2a: Coalossal|Spikes|p1a: ShinyKnite\n|-sidestart|p1: FerrothornFembots|Spikes\n|\n|upkeep\n|turn|4\n|\n|t:|1698626940\n|move|p1a: ShinyKnite|Calm Mind|p1a: ShinyKnite\n|-boost|p1a: ShinyKnite|spa|1\n|-boost|p1a: ShinyKnite|spd|1\n|move|p2a: Coalossal|Spikes|p1a: ShinyKnite\n|-sidestart|p1: FerrothornFembots|Spikes\n|\n|upkeep\n|turn|5\n|\n|t:|1698626947\n|move|p1a: ShinyKnite|Dragon Pulse|p2a: Coalossal\n|-damage|p2a: Coalossal|0 fnt\n|faint|p2a: Coalossal\n|\n|upkeep\n|\n|t:|1698626960\n|switch|p2a: Palafin|Palafin, M|100\/100\n|turn|6\n|\n|t:|1698626972\n|move|p2a: Palafin|Flip Turn|p1a: ShinyKnite\n|-resisted|p1a: ShinyKnite\n|-damage|p1a: ShinyKnite|84\/100\n|\n|t:|1698626975\n|detailschange|p2a: Palafin|Palafin-Hero, M\n|switch|p2a: Ninetales|Ninetales-Alola, F|100\/100|[from] Flip Turn\n|-weather|Snow|[from] ability: Snow Warning|[of] p2a: Ninetales\n|move|p1a: ShinyKnite|Dragon Pulse|p2a: Ninetales\n|-immune|p2a: Ninetales\n|\n|-weather|Snow|[upkeep]\n|upkeep\n|turn|7\n|\n|t:|1698626999\n|move|p2a: Ninetales|Aurora Veil|p2a: Ninetales\n|-sidestart|p2: Talonflameredwings|move: Aurora Veil\n|move|p1a: ShinyKnite|Armor Cannon|p2a: Ninetales\n|-supereffective|p2a: Ninetales\n|-damage|p2a: Ninetales|0 fnt\n|-unboost|p1a: ShinyKnite|def|1\n|-unboost|p1a: ShinyKnite|spd|1\n|faint|p2a: Ninetales\n|\n|-weather|Snow|[upkeep]\n|upkeep\n|\n|t:|1698627019\n|switch|p2a: Baxcalibur|Baxcalibur, M|100\/100\n|turn|8\n|\n|t:|1698627039\n|move|p2a: Baxcalibur|Icicle Spear|p1a: ShinyKnite\n|-supereffective|p1a: ShinyKnite\n|-damage|p1a: ShinyKnite|43\/100\n|-supereffective|p1a: ShinyKnite\n|-damage|p1a: ShinyKnite|6\/100\n|-supereffective|p1a: ShinyKnite\n|-damage|p1a: ShinyKnite|0 fnt\n|faint|p1a: ShinyKnite\n|-hitcount|p1: ShinyKnite|3\n|\n|-weather|Snow|[upkeep]\n|upkeep\n|\n|t:|1698627051\n|switch|p1a: TinCanMan|Bronzong, shiny|100\/100\n|-damage|p1a: TinCanMan|94\/100|[from] Stealth Rock\n|turn|9\n|\n|t:|1698627063\n|move|p2a: Baxcalibur|Swords Dance|p2a: Baxcalibur\n|-boost|p2a: Baxcalibur|atk|2\n|move|p1a: TinCanMan|Stealth Rock|p2a: Baxcalibur\n|-sidestart|p2: Talonflameredwings|move: Stealth Rock\n|\n|-weather|Snow|[upkeep]\n|upkeep\n|turn|10\n|\n|t:|1698627075\n|move|p2a: Baxcalibur|Crunch|p1a: TinCanMan\n|-supereffective|p1a: TinCanMan\n|-damage|p1a: TinCanMan|11\/100\n|-damage|p2a: Baxcalibur|84\/100|[from] item: Rocky Helmet|[of] p1a: TinCanMan\n|move|p1a: TinCanMan|Iron Defense|p1a: TinCanMan\n|-boost|p1a: TinCanMan|def|2\n|\n|-weather|none\n|upkeep\n|turn|11\n|\n|t:|1698627089\n|move|p2a: Baxcalibur|Crunch|p1a: TinCanMan\n|-supereffective|p1a: TinCanMan\n|-damage|p1a: TinCanMan|0 fnt\n|-damage|p2a: Baxcalibur|68\/100|[from] item: Rocky Helmet|[of] p1a: TinCanMan\n|faint|p1a: TinCanMan\n|\n|upkeep\n|\n|t:|1698627107\n|switch|p1a: NiteMare|Darkrai, shiny|100\/100\n|-damage|p1a: NiteMare|88\/100|[from] Stealth Rock\n|-damage|p1a: NiteMare|63\/100|[from] Spikes\n|turn|12\n|\n|t:|1698627139\n|move|p2a: Baxcalibur|Ice Shard|p1a: NiteMare\n|-damage|p1a: NiteMare|1\/100\n|move|p1a: NiteMare|Hypnosis|p2a: Baxcalibur|[miss]\n|-miss|p1a: NiteMare|p2a: Baxcalibur\n|\n|upkeep\n|turn|13\n|\n|t:|1698627150\n|move|p2a: Baxcalibur|Ice Shard|p1a: NiteMare\n|-damage|p1a: NiteMare|0 fnt\n|faint|p1a: NiteMare\n|\n|upkeep\n|\n|t:|1698627174\n|switch|p1a: JackieChan|Samurott, F, shiny|100\/100\n|-damage|p1a: JackieChan|88\/100|[from] Stealth Rock\n|-damage|p1a: JackieChan|63\/100|[from] Spikes\n|turn|14\n|\n|t:|1698627202\n|move|p1a: JackieChan|Aqua Jet|p2a: Baxcalibur\n|-resisted|p2a: Baxcalibur\n|-damage|p2a: Baxcalibur|63\/100\n|move|p2a: Baxcalibur|Crunch|p1a: JackieChan\n|-damage|p1a: JackieChan|0 fnt\n|faint|p1a: JackieChan\n|\n|-sideend|p2: Talonflameredwings|move: Aurora Veil\n|upkeep\n|\n|t:|1698627213\n|switch|p1a: GerthMaster|Landorus, M, shiny|100\/100\n|-damage|p1a: GerthMaster|88\/100|[from] Stealth Rock\n|turn|15\n|\n|t:|1698627224\n|move|p2a: Baxcalibur|Ice Shard|p1a: GerthMaster\n|-supereffective|p1a: GerthMaster\n|-damage|p1a: GerthMaster|0 fnt\n|faint|p1a: GerthMaster\n|\n|upkeep\n|\n|t:|1698627228\n|switch|p1a: Bambi|Shaymin-Sky, shiny|100\/100\n|-damage|p1a: Bambi|76\/100|[from] Stealth Rock\n|turn|16\n|\n|t:|1698627237\n|move|p2a: Baxcalibur|Ice Shard|p1a: Bambi\n|-supereffective|p1a: Bambi\n|-damage|p1a: Bambi|0 fnt\n|faint|p1a: Bambi\n|\n|win|Talonflameredwings\n","uploadtime":1698627257,"views":16,"p1id":"ferrothornfembots","p2id":"talonflameredwings","formatid":"gen9ubers","rating":0,"private":0,"password":""}