{"id":"gen9ubers-1995581210","p1":"Lanbos eternity","p2":"Walker21","format":"[Gen 9] Ubers","log":"|j|\u2606Lanbos eternity\n|j|\u2606Walker21\n|t:|1700584733\n|gametype|singles\n|player|p1|Lanbos eternity|265|1138\n|player|p2|Walker21|veteran|1160\n|teamsize|p1|6\n|teamsize|p2|6\n|gen|9\n|tier|[Gen 9] Ubers\n|rated|\n|rule|Sleep Clause Mod: Limit one foe put to sleep\n|rule|Species Clause: Limit one of each Pok\u00e9mon\n|rule|OHKO Clause: OHKO moves are banned\n|rule|Evasion Items Clause: Evasion items are banned\n|rule|Evasion Moves Clause: Evasion moves are banned\n|rule|Endless Battle Clause: Forcing endless battles is banned\n|rule|HP Percentage Mod: HP is shown in percentages\n|clearpoke\n|poke|p1|Chi-Yu|\n|poke|p1|Miraidon|\n|poke|p1|Arceus|\n|poke|p1|Iron Treads|\n|poke|p1|Koraidon|\n|poke|p1|Eternatus|\n|poke|p2|Armarouge, M|\n|poke|p2|Koraidon|\n|poke|p2|Zacian-*|\n|poke|p2|Dondozo, F|\n|poke|p2|Garganacl, M|\n|poke|p2|Clodsire, M|\n|teampreview\n|inactive|Battle timer is ON: inactive players will automatically lose when time's up. (requested by Lanbos eternity)\n|\n|t:|1700584743\n|start\n|switch|p1a: Banana|Miraidon|100\/100\n|switch|p2a: Clodsire|Clodsire, M|100\/100\n|-fieldstart|move: Electric Terrain|[from] ability: Hadron Engine|[of] p1a: Banana\n|turn|1\n|\n|t:|1700584762\n|move|p1a: Banana|Draco Meteor|p2a: Clodsire\n|-damage|p2a: Clodsire|22\/100\n|-unboost|p1a: Banana|spa|2\n|move|p2a: Clodsire|Toxic|p1a: Banana\n|-status|p1a: Banana|tox\n|\n|-heal|p2a: Clodsire|28\/100|[from] item: Black Sludge\n|-damage|p1a: Banana|94\/100 tox|[from] psn\n|upkeep\n|turn|2\n|\n|t:|1700584778\n|switch|p1a: I\u2019m sleeping|Iron Treads|100\/100\n|-activate|p1a: I\u2019m sleeping|ability: Quark Drive\n|-start|p1a: I\u2019m sleeping|quarkdrivespe\n|switch|p2a: Zacian|Zacian-Crowned|100\/100\n|-ability|p2a: Zacian|Intrepid Sword|boost\n|-boost|p2a: Zacian|atk|1\n|\n|upkeep\n|turn|3\n|\n|t:|1700584797\n|switch|p2a: Dondozo|Dondozo, F|100\/100\n|move|p1a: I\u2019m sleeping|Earthquake|p2a: Dondozo\n|-damage|p2a: Dondozo|81\/100\n|\n|upkeep\n|turn|4\n|\n|t:|1700584806\n|move|p1a: I\u2019m sleeping|Stealth Rock|p2a: Dondozo\n|-sidestart|p2: Walker21|move: Stealth Rock\n|move|p2a: Dondozo|Curse|p2a: Dondozo\n|-unboost|p2a: Dondozo|spe|1\n|-boost|p2a: Dondozo|atk|1\n|-boost|p2a: Dondozo|def|1\n|\n|upkeep\n|turn|5\n|\n|t:|1700584812\n|-end|p1a: I\u2019m sleeping|Quark Drive|[silent]\n|switch|p1a: Banana|Miraidon|94\/100 tox\n|-activate|p1a: Banana|ability: Hadron Engine\n|move|p2a: Dondozo|Curse|p2a: Dondozo\n|-unboost|p2a: Dondozo|spe|1\n|-boost|p2a: Dondozo|atk|1\n|-boost|p2a: Dondozo|def|1\n|\n|-damage|p1a: Banana|88\/100 tox|[from] psn\n|-fieldend|move: Electric Terrain\n|upkeep\n|turn|6\n|\n|t:|1700584823\n|-terastallize|p2a: Dondozo|Ground\n|move|p1a: Banana|Draco Meteor|p2a: Dondozo\n|-damage|p2a: Dondozo|0 fnt\n|-unboost|p1a: Banana|spa|2\n|faint|p2a: Dondozo\n|\n|-damage|p1a: Banana|76\/100 tox|[from] psn\n|upkeep\n|\n|t:|1700584845\n|switch|p2a: Zacian|Zacian-Crowned|100\/100\n|-damage|p2a: Zacian|94\/100|[from] Stealth Rock\n|turn|7\n|\n|t:|1700584851\n|switch|p1a: I\u2019m sleeping|Iron Treads|100\/100\n|-enditem|p1a: I\u2019m sleeping|Booster Energy\n|-activate|p1a: I\u2019m sleeping|ability: Quark Drive|[fromitem]\n|-start|p1a: I\u2019m sleeping|quarkdrivespe\n|move|p2a: Zacian|Play Rough|p1a: I\u2019m sleeping\n|-resisted|p1a: I\u2019m sleeping\n|-damage|p1a: I\u2019m sleeping|76\/100\n|\n|upkeep\n|turn|8\n|\n|t:|1700584875\n|move|p1a: I\u2019m sleeping|Earthquake|p2a: Zacian\n|-supereffective|p2a: Zacian\n|-damage|p2a: Zacian|11\/100\n|move|p2a: Zacian|Close Combat|p1a: I\u2019m sleeping\n|-supereffective|p1a: I\u2019m sleeping\n|-damage|p1a: I\u2019m sleeping|0 fnt\n|-unboost|p2a: Zacian|def|1\n|-unboost|p2a: Zacian|spd|1\n|faint|p1a: I\u2019m sleeping\n|-end|p1a: I\u2019m sleeping|Quark Drive|[silent]\n|\n|upkeep\n|\n|t:|1700584888\n|switch|p1a: Not dinner|Chi-Yu|100\/100\n|-ability|p1a: Not dinner|Beads of Ruin\n|turn|9\n|\n|t:|1700584892\n|move|p1a: Not dinner|Dark Pulse|p2a: Zacian\n|-resisted|p2a: Zacian\n|-damage|p2a: Zacian|0 fnt\n|faint|p2a: Zacian\n|\n|upkeep\n|\n|t:|1700584908\n|switch|p2a: Clodsire|Clodsire, M|28\/100\n|-damage|p2a: Clodsire|22\/100|[from] Stealth Rock\n|turn|10\n|\n|t:|1700584913\n|move|p1a: Not dinner|Dark Pulse|p2a: Clodsire\n|-damage|p2a: Clodsire|0 fnt\n|faint|p2a: Clodsire\n|\n|upkeep\n|\n|t:|1700584935\n|switch|p2a: Garganacl|Garganacl, M|100\/100\n|-damage|p2a: Garganacl|88\/100|[from] Stealth Rock\n|turn|11\n|\n|t:|1700584946\n|move|p1a: Not dinner|Dark Pulse|p2a: Garganacl\n|-damage|p2a: Garganacl|48\/100\n|move|p2a: Garganacl|Salt Cure|p1a: Not dinner\n|-supereffective|p1a: Not dinner\n|-damage|p1a: Not dinner|52\/100\n|-start|p1a: Not dinner|Salt Cure\n|\n|-heal|p2a: Garganacl|54\/100|[from] item: Leftovers\n|-damage|p1a: Not dinner|40\/100|[from] Salt Cure\n|upkeep\n|turn|12\n|inactive|Walker21 has 120 seconds left.\n|inactive|Lanbos eternity has 120 seconds left.\n|\n|t:|1700584995\n|switch|p1a: Bike|Koraidon|100\/100\n|-weather|SunnyDay|[from] ability: Orichalcum Pulse|[of] p1a: Bike\n|-activate|p1a: Bike|Orichalcum Pulse|[source]\n|move|p2a: Garganacl|Recover|p2a: Garganacl\n|-heal|p2a: Garganacl|100\/100\n|\n|-weather|SunnyDay|[upkeep]\n|upkeep\n|turn|13\n|inactive|Walker21 has 120 seconds left.\n|\n|t:|1700585007\n|move|p1a: Bike|Substitute|p1a: Bike\n|-start|p1a: Bike|Substitute\n|-damage|p1a: Bike|76\/100\n|move|p2a: Garganacl|Iron Defense|p2a: Garganacl\n|-boost|p2a: Garganacl|def|2\n|\n|-weather|SunnyDay|[upkeep]\n|-heal|p1a: Bike|82\/100|[from] item: Leftovers\n|upkeep\n|turn|14\n|inactive|Walker21 has 120 seconds left.\n|\n|t:|1700585016\n|move|p1a: Bike|Bulk Up|p1a: Bike\n|-boost|p1a: Bike|atk|1\n|-boost|p1a: Bike|def|1\n|move|p2a: Garganacl|Iron Defense|p2a: Garganacl\n|-boost|p2a: Garganacl|def|2\n|\n|-weather|SunnyDay|[upkeep]\n|-heal|p1a: Bike|88\/100|[from] item: Leftovers\n|upkeep\n|turn|15\n|\n|t:|1700585021\n|move|p1a: Bike|Bulk Up|p1a: Bike\n|-boost|p1a: Bike|atk|1\n|-boost|p1a: Bike|def|1\n|move|p2a: Garganacl|Body Press|p1a: Bike\n|-crit|p1a: Bike\n|-end|p1a: Bike|Substitute\n|\n|-weather|SunnyDay|[upkeep]\n|-heal|p1a: Bike|94\/100|[from] item: Leftovers\n|upkeep\n|turn|16\n|\n|t:|1700585028\n|move|p1a: Bike|Bulk Up|p1a: Bike\n|-boost|p1a: Bike|atk|1\n|-boost|p1a: Bike|def|1\n|move|p2a: Garganacl|Salt Cure|p1a: Bike\n|-resisted|p1a: Bike\n|-damage|p1a: Bike|92\/100\n|-start|p1a: Bike|Salt Cure\n|\n|-weather|none\n|-heal|p1a: Bike|98\/100|[from] item: Leftovers\n|-damage|p1a: Bike|86\/100|[from] Salt Cure\n|upkeep\n|turn|17\n|\n|t:|1700585034\n|move|p1a: Bike|Close Combat|p2a: Garganacl\n|-supereffective|p2a: Garganacl\n|-damage|p2a: Garganacl|31\/100\n|-unboost|p1a: Bike|def|1\n|-unboost|p1a: Bike|spd|1\n|move|p2a: Garganacl|Iron Defense|p2a: Garganacl\n|-boost|p2a: Garganacl|def|2\n|\n|-heal|p1a: Bike|92\/100|[from] item: Leftovers\n|-heal|p2a: Garganacl|37\/100|[from] item: Leftovers\n|-damage|p1a: Bike|79\/100|[from] Salt Cure\n|upkeep\n|turn|18\n|\n|t:|1700585043\n|switch|p2a: Armarouge|Armarouge, M|100\/100\n|-damage|p2a: Armarouge|76\/100|[from] Stealth Rock\n|move|p1a: Bike|Close Combat|p2a: Armarouge\n|-resisted|p2a: Armarouge\n|-damage|p2a: Armarouge|0 fnt\n|-unboost|p1a: Bike|def|1\n|-unboost|p1a: Bike|spd|1\n|faint|p2a: Armarouge\n|\n|-heal|p1a: Bike|86\/100|[from] item: Leftovers\n|-damage|p1a: Bike|73\/100|[from] Salt Cure\n|upkeep\n|\n|t:|1700585048\n|switch|p2a: Koraidon|Koraidon|100\/100\n|-damage|p2a: Koraidon|94\/100|[from] Stealth Rock\n|-weather|SunnyDay|[from] ability: Orichalcum Pulse|[of] p2a: Koraidon\n|-activate|p2a: Koraidon|Orichalcum Pulse|[source]\n|turn|19\n|\n|t:|1700585054\n|move|p2a: Koraidon|Dragon Claw|p1a: Bike\n|-supereffective|p1a: Bike\n|-damage|p1a: Bike|0 fnt\n|faint|p1a: Bike\n|-damage|p2a: Koraidon|84\/100|[from] item: Life Orb\n|\n|-weather|SunnyDay|[upkeep]\n|upkeep\n|\n|t:|1700585065\n|switch|p1a: Not dinner|Chi-Yu|40\/100\n|-ability|p1a: Not dinner|Beads of Ruin\n|turn|20\n|\n|t:|1700585078\n|move|p1a: Not dinner|Psychic|p2a: Koraidon\n|-supereffective|p2a: Koraidon\n|-crit|p2a: Koraidon\n|-damage|p2a: Koraidon|0 fnt\n|faint|p2a: Koraidon\n|\n|-weather|SunnyDay|[upkeep]\n|upkeep\n|\n|t:|1700585082\n|switch|p2a: Garganacl|Garganacl, M|37\/100\n|-damage|p2a: Garganacl|25\/100|[from] Stealth Rock\n|turn|21\n|\n|t:|1700585091\n|move|p1a: Not dinner|Psychic|p2a: Garganacl\n|-damage|p2a: Garganacl|0 fnt\n|faint|p2a: Garganacl\n|\n|win|Lanbos eternity\n|raw|Lanbos eternity's rating: 1138 &rarr; <strong>1165<\/strong><br \/>(+27 for winning)\n|raw|Walker21's rating: 1160 &rarr; <strong>1133<\/strong><br \/>(-27 for losing)\n","uploadtime":1700585095,"views":2,"p1id":"lanboseternity","p2id":"walker21","formatid":"gen9ubers","rating":1133,"private":0,"password":""}