{"id":"gen9ubers-1981334415","p1":"Electricratman","p2":"Gnarly Ari","format":"[Gen 9] Ubers","log":"|j|\u2606Electricratman\n|j|\u2606Gnarly Ari\n|t:|1698884737\n|gametype|singles\n|player|p1|Electricratman|102|1044\n|player|p2|Gnarly Ari|pokemonrangerf|1000\n|teamsize|p1|6\n|teamsize|p2|6\n|gen|9\n|tier|[Gen 9] Ubers\n|rated|\n|rule|Sleep Clause Mod: Limit one foe put to sleep\n|rule|Species Clause: Limit one of each Pok\u00e9mon\n|rule|OHKO Clause: OHKO moves are banned\n|rule|Evasion Items Clause: Evasion items are banned\n|rule|Evasion Moves Clause: Evasion moves are banned\n|rule|Endless Battle Clause: Forcing endless battles is banned\n|rule|HP Percentage Mod: HP is shown in percentages\n|clearpoke\n|poke|p1|Darkrai|\n|poke|p1|Iron Bundle|\n|poke|p1|Ogerpon-Hearthflame, F|\n|poke|p1|Urshifu-*, F|\n|poke|p1|Orthworm, M|\n|poke|p1|Cyclizar, M|\n|poke|p2|Indeedee-F, F|\n|poke|p2|Iron Bundle|\n|poke|p2|Clefable, F|\n|poke|p2|Quaquaval, M|\n|poke|p2|Flamigo, M|\n|poke|p2|Gallade, M|\n|teampreview\n|\n|t:|1698884758\n|start\n|switch|p1a: Orthworm|Orthworm, M|100\/100\n|switch|p2a: Clefable|Clefable, F|100\/100\n|turn|1\n|\n|t:|1698884778\n|move|p2a: Clefable|Fire Blast|p1a: Orthworm\n|-supereffective|p1a: Orthworm\n|-damage|p1a: Orthworm|0 fnt\n|faint|p1a: Orthworm\n|\n|upkeep\n|\n|t:|1698884795\n|switch|p1a: Cyclizar|Cyclizar, M|100\/100\n|turn|2\n|\n|t:|1698884809\n|-terastallize|p1a: Cyclizar|Steel\n|move|p1a: Cyclizar|Iron Head|p2a: Clefable\n|-supereffective|p2a: Clefable\n|-damage|p2a: Clefable|18\/100\n|move|p2a: Clefable|Moonblast|p1a: Cyclizar\n|-resisted|p1a: Cyclizar\n|-damage|p1a: Cyclizar|52\/100\n|-unboost|p1a: Cyclizar|spa|1\n|\n|upkeep\n|turn|3\n|\n|t:|1698884832\n|switch|p2a: Gallade|Gallade, M|100\/100\n|move|p1a: Cyclizar|Iron Head|p2a: Gallade\n|-damage|p2a: Gallade|52\/100\n|\n|-heal|p2a: Gallade|58\/100|[from] item: Leftovers\n|upkeep\n|turn|4\n|\n|t:|1698884847\n|move|p1a: Cyclizar|Shed Tail|p1a: Cyclizar\n|-start|p1a: Cyclizar|Substitute|[from] move: Shed Tail\n|-damage|p1a: Cyclizar|2\/100\n|-enditem|p1a: Cyclizar|Sitrus Berry|[eat]\n|-heal|p1a: Cyclizar|27\/100|[from] item: Sitrus Berry\n|\n|t:|1698884863\n|switch|p1a: Darkrai|Darkrai|100\/100|[from] Shed Tail\n|move|p2a: Gallade|Drain Punch|p1a: Darkrai\n|-supereffective|p1a: Darkrai\n|-end|p1a: Darkrai|Substitute\n|-heal|p2a: Gallade|69\/100|[from] drain|[of] p1a: Darkrai\n|\n|-heal|p2a: Gallade|75\/100|[from] item: Leftovers\n|upkeep\n|turn|5\n|\n|t:|1698884882\n|move|p1a: Darkrai|Hypnosis|p2a: Gallade|[miss]\n|-miss|p1a: Darkrai|p2a: Gallade\n|move|p2a: Gallade|Drain Punch|p1a: Darkrai\n|-supereffective|p1a: Darkrai\n|-damage|p1a: Darkrai|0 fnt\n|-heal|p2a: Gallade|100\/100|[from] drain|[of] p1a: Darkrai\n|faint|p1a: Darkrai\n|\n|upkeep\n|\n|t:|1698884907\n|switch|p1a: Iron Bundle|Iron Bundle|100\/100\n|turn|6\n|\n|t:|1698884931\n|move|p1a: Iron Bundle|Air Cutter|p2a: Gallade\n|-supereffective|p2a: Gallade\n|-damage|p2a: Gallade|44\/100\n|move|p2a: Gallade|Leaf Blade|p1a: Iron Bundle\n|-supereffective|p1a: Iron Bundle\n|-damage|p1a: Iron Bundle|0 fnt\n|faint|p1a: Iron Bundle\n|-end|p1a: Iron Bundle|Quark Drive|[silent]\n|\n|-heal|p2a: Gallade|50\/100|[from] item: Leftovers\n|upkeep\n|\n|t:|1698884964\n|switch|p1a: Urshifu|Urshifu-Rapid-Strike, F|100\/100\n|turn|7\n|\n|t:|1698884978\n|move|p1a: Urshifu|Surging Strikes|p2a: Gallade\n|-crit|p2a: Gallade\n|-damage|p2a: Gallade|22\/100\n|-crit|p2a: Gallade\n|-damage|p2a: Gallade|0 fnt\n|faint|p2a: Gallade\n|-hitcount|p2: Gallade|2\n|\n|upkeep\n|\n|t:|1698884991\n|switch|p2a: Indeedee|Indeedee-F, F|100\/100\n|-fieldstart|move: Psychic Terrain|[from] ability: Psychic Surge|[of] p2a: Indeedee\n|turn|8\n|\n|t:|1698885002\n|move|p1a: Urshifu|Close Combat|p2a: Indeedee\n|-damage|p2a: Indeedee|0 fnt\n|-unboost|p1a: Urshifu|def|1\n|-unboost|p1a: Urshifu|spd|1\n|faint|p2a: Indeedee\n|\n|upkeep\n|\n|t:|1698885029\n|switch|p2a: Quaquaval|Quaquaval, M|100\/100\n|turn|9\n|\n|t:|1698885066\n|switch|p1a: Cyclizar|Cyclizar, M, tera:Steel|60\/100\n|move|p2a: Quaquaval|Hurricane|p1a: Cyclizar\n|-resisted|p1a: Cyclizar\n|-damage|p1a: Cyclizar|43\/100\n|\n|upkeep\n|turn|10\n|\n|t:|1698885114\n|switch|p2a: Iron Bundle|Iron Bundle|100\/100\n|-enditem|p2a: Iron Bundle|Booster Energy\n|-activate|p2a: Iron Bundle|ability: Quark Drive|[fromitem]\n|-start|p2a: Iron Bundle|quarkdrivespe\n|move|p1a: Cyclizar|Ice Spinner|p2a: Iron Bundle\n|-resisted|p2a: Iron Bundle\n|-damage|p2a: Iron Bundle|93\/100\n|-fieldend|move: Psychic Terrain\n|\n|upkeep\n|turn|11\n|\n|t:|1698885155\n|move|p2a: Iron Bundle|Encore|p1a: Cyclizar\n|-start|p1a: Cyclizar|Encore\n|move|p1a: Cyclizar|Ice Spinner|p2a: Iron Bundle\n|-resisted|p2a: Iron Bundle\n|-crit|p2a: Iron Bundle\n|-damage|p2a: Iron Bundle|83\/100\n|\n|upkeep\n|turn|12\n|\n|t:|1698885200\n|move|p2a: Iron Bundle|Hydro Pump|p1a: Cyclizar\n|-damage|p1a: Cyclizar|0 fnt\n|faint|p1a: Cyclizar\n|\n|upkeep\n|\n|t:|1698885238\n|switch|p1a: Ogerpon|Ogerpon-Hearthflame, F|100\/100\n|-ability|p1a: Ogerpon|Mold Breaker\n|turn|13\n|\n|t:|1698885260\n|-end|p2a: Iron Bundle|Quark Drive|[silent]\n|switch|p2a: Clefable|Clefable, F|18\/100\n|move|p1a: Ogerpon|Ivy Cudgel|p2a: Clefable\n|-damage|p2a: Clefable|0 fnt\n|faint|p2a: Clefable\n|\n|upkeep\n|\n|t:|1698885279\n|switch|p2a: Flamigo|Flamigo, M|100\/100\n|turn|14\n|\n|t:|1698885319\n|move|p1a: Ogerpon|Ivy Cudgel|p2a: Flamigo\n|-crit|p2a: Flamigo\n|-damage|p2a: Flamigo|0 fnt\n|faint|p2a: Flamigo\n|\n|upkeep\n|\n|t:|1698885325\n|switch|p2a: Iron Bundle|Iron Bundle|83\/100\n|turn|15\n|\n|t:|1698885427\n|move|p2a: Iron Bundle|Freeze-Dry|p1a: Ogerpon\n|-damage|p1a: Ogerpon|56\/100\n|move|p1a: Ogerpon|Ivy Cudgel|p2a: Iron Bundle\n|-damage|p2a: Iron Bundle|7\/100\n|\n|upkeep\n|turn|16\n|\n|t:|1698885448\n|move|p2a: Iron Bundle|Hydro Pump|p1a: Ogerpon\n|-damage|p1a: Ogerpon|0 fnt\n|faint|p1a: Ogerpon\n|\n|upkeep\n|\n|t:|1698885459\n|switch|p1a: Urshifu|Urshifu-Rapid-Strike, F|100\/100\n|turn|17\n|\n|t:|1698885517\n|move|p1a: Urshifu|Aqua Jet|p2a: Iron Bundle\n|-resisted|p2a: Iron Bundle\n|-damage|p2a: Iron Bundle|0 fnt\n|faint|p2a: Iron Bundle\n|-end|p2a: Iron Bundle|Quark Drive|[silent]\n|\n|upkeep\n|\n|t:|1698885523\n|switch|p2a: Quaquaval|Quaquaval, M|100\/100\n|turn|18\n|\n|t:|1698885561\n|move|p1a: Urshifu|Poison Jab|p2a: Quaquaval\n|-damage|p2a: Quaquaval|77\/100\n|move|p2a: Quaquaval|Roost|p2a: Quaquaval\n|-heal|p2a: Quaquaval|100\/100\n|-singleturn|p2a: Quaquaval|move: Roost\n|\n|upkeep\n|turn|19\n|\n|t:|1698885572\n|move|p1a: Urshifu|Poison Jab|p2a: Quaquaval\n|-damage|p2a: Quaquaval|77\/100\n|move|p2a: Quaquaval|Hurricane|p1a: Urshifu\n|-supereffective|p1a: Urshifu\n|-damage|p1a: Urshifu|42\/100\n|\n|upkeep\n|turn|20\n|\n|t:|1698885580\n|move|p1a: Urshifu|Poison Jab|p2a: Quaquaval\n|-damage|p2a: Quaquaval|52\/100\n|move|p2a: Quaquaval|Roost|p2a: Quaquaval\n|-heal|p2a: Quaquaval|100\/100\n|-singleturn|p2a: Quaquaval|move: Roost\n|\n|upkeep\n|turn|21\n|\n|t:|1698885586\n|move|p1a: Urshifu|Poison Jab|p2a: Quaquaval\n|-damage|p2a: Quaquaval|76\/100\n|move|p2a: Quaquaval|Hurricane|p1a: Urshifu\n|-supereffective|p1a: Urshifu\n|-damage|p1a: Urshifu|0 fnt\n|faint|p1a: Urshifu\n|\n|win|Gnarly Ari\n|raw|Electricratman's rating: 1044 &rarr; <strong>1025<\/strong><br \/>(-19 for losing)\n|raw|Gnarly Ari's rating: 1000 &rarr; <strong>1045<\/strong><br \/>(+45 for winning)\n|c|\u2606Electricratman|Ggwp\n","uploadtime":1698885637,"views":13,"p1id":"electricratman","p2id":"gnarlyari","formatid":"gen9ubers","rating":1025,"private":0,"password":""}