{"id":"gen9ubers-1975892709","p1":"Lidianimel","p2":"SWT_Octo","format":"[Gen 9] Ubers","log":"|j|\u2606Lidianimel\n|j|\u2606SWT_Octo\n|t:|1698247108\n|gametype|singles\n|player|p1|Lidianimel|101|1064\n|player|p2|SWT_Octo|hilbert|1004\n|teamsize|p1|6\n|teamsize|p2|1\n|gen|9\n|tier|[Gen 9] Ubers\n|rated|\n|rule|Sleep Clause Mod: Limit one foe put to sleep\n|rule|Species Clause: Limit one of each Pok\u00e9mon\n|rule|OHKO Clause: OHKO moves are banned\n|rule|Evasion Items Clause: Evasion items are banned\n|rule|Evasion Moves Clause: Evasion moves are banned\n|rule|Endless Battle Clause: Forcing endless battles is banned\n|rule|HP Percentage Mod: HP is shown in percentages\n|clearpoke\n|poke|p1|Sinistcha|\n|poke|p1|Mamoswine, M|\n|poke|p1|Avalugg-Hisui, M|\n|poke|p1|Slither Wing|\n|poke|p1|Clodsire, F|\n|poke|p1|Arceus-Grass|\n|poke|p2|Braviary-Hisui, M|\n|teampreview\n|inactive|Battle timer is ON: inactive players will automatically lose when time's up. (requested by SWT_Octo)\n|\n|t:|1698247114\n|start\n|switch|p1a: Sinistcha|Sinistcha|100\/100\n|switch|p2a: Braviary|Braviary-Hisui, M|100\/100\n|turn|1\n|\n|t:|1698247122\n|-terastallize|p2a: Braviary|Steel\n|move|p2a: Braviary|Agility|p2a: Braviary\n|-boost|p2a: Braviary|spe|2\n|move|p1a: Sinistcha|Substitute|p1a: Sinistcha\n|-start|p1a: Sinistcha|Substitute\n|-damage|p1a: Sinistcha|76\/100\n|\n|upkeep\n|turn|2\n|\n|t:|1698247133\n|move|p2a: Braviary|Hurricane|p1a: Sinistcha\n|-supereffective|p1a: Sinistcha\n|-end|p1a: Sinistcha|Substitute\n|move|p1a: Sinistcha|Shadow Ball|p2a: Braviary\n|-damage|p2a: Braviary|58\/100\n|\n|upkeep\n|turn|3\n|\n|t:|1698247149\n|switch|p1a: Mamoswine|Mamoswine, M|100\/100\n|move|p2a: Braviary|Hurricane|p1a: Mamoswine\n|-damage|p1a: Mamoswine|0 fnt\n|-enditem|p1a: Mamoswine|Rowap Berry|[eat]\n|-damage|p2a: Braviary|46\/100|[from] item: Rowap Berry|[of] p1a: Mamoswine\n|faint|p1a: Mamoswine\n|\n|upkeep\n|\n|t:|1698247164\n|switch|p1a: Slither Wing|Slither Wing, shiny|100\/100\n|turn|4\n|\n|t:|1698247169\n|move|p2a: Braviary|Psychic|p1a: Slither Wing\n|-supereffective|p1a: Slither Wing\n|-damage|p1a: Slither Wing|0 fnt\n|faint|p1a: Slither Wing\n|-end|p1a: Slither Wing|Protosynthesis|[silent]\n|\n|upkeep\n|\n|t:|1698247174\n|switch|p1a: Clodsire|Clodsire, F|100\/100\n|turn|5\n|\n|t:|1698247179\n|move|p2a: Braviary|Psychic|p1a: Clodsire\n|-supereffective|p1a: Clodsire\n|-damage|p1a: Clodsire|0 fnt\n|faint|p1a: Clodsire\n|\n|upkeep\n|\n|t:|1698247188\n|switch|p1a: Sinistcha|Sinistcha|76\/100\n|turn|6\n|\n|t:|1698247192\n|move|p2a: Braviary|Hurricane|p1a: Sinistcha\n|-supereffective|p1a: Sinistcha\n|-damage|p1a: Sinistcha|0 fnt\n|faint|p1a: Sinistcha\n|\n|upkeep\n|\n|t:|1698247197\n|switch|p1a: Avalugg|Avalugg-Hisui, M|100\/100\n|turn|7\n|\n|t:|1698247204\n|move|p2a: Braviary|Psychic|p1a: Avalugg\n|-ability|p1a: Avalugg|Sturdy\n|-damage|p1a: Avalugg|1\/100\n|move|p1a: Avalugg|Gyro Ball|p2a: Braviary\n|-resisted|p2a: Braviary\n|-damage|p2a: Braviary|8\/100\n|\n|upkeep\n|turn|8\n|\n|t:|1698247212\n|move|p2a: Braviary|Psychic|p1a: Avalugg\n|-damage|p1a: Avalugg|0 fnt\n|faint|p1a: Avalugg\n|\n|upkeep\n|\n|t:|1698247216\n|switch|p1a: Arceus|Arceus-Grass|100\/100\n|turn|9\n|\n|t:|1698247225\n|-terastallize|p1a: Arceus|Ghost\n|move|p2a: Braviary|Hurricane|p1a: Arceus|[miss]\n|-miss|p2a: Braviary|p1a: Arceus\n|move|p1a: Arceus|Shadow Ball|p2a: Braviary\n|-damage|p2a: Braviary|0 fnt\n|faint|p2a: Braviary\n|\n|win|Lidianimel\n|raw|Lidianimel's rating: 1064 &rarr; <strong>1089<\/strong><br \/>(+25 for winning)\n|raw|SWT_Octo's rating: 1004 &rarr; <strong>1000<\/strong><br \/>(-4 for losing)\n|l|\u2606SWT_Octo\n","uploadtime":1698247237,"views":6,"p1id":"lidianimel","p2id":"swtocto","formatid":"gen9ubers","rating":1000,"private":0,"password":""}