{"id":"gen9ubers-1975609570","p1":"Dragon Master Rosa","p2":"TRaSHiNSeCT","format":"[Gen 9] Ubers","log":"|j|\u2606Dragon Master Rosa\n|j|\u2606TRaSHiNSeCT\n|t:|1698212418\n|gametype|singles\n|player|p1|Dragon Master Rosa|dragontamer-gen9|\n|player|p2|TRaSHiNSeCT|workerice|\n|teamsize|p1|6\n|teamsize|p2|6\n|gen|9\n|tier|[Gen 9] Ubers\n|rule|Sleep Clause Mod: Limit one foe put to sleep\n|rule|Species Clause: Limit one of each Pok\u00e9mon\n|rule|OHKO Clause: OHKO moves are banned\n|rule|Evasion Items Clause: Evasion items are banned\n|rule|Evasion Moves Clause: Evasion moves are banned\n|rule|Endless Battle Clause: Forcing endless battles is banned\n|rule|HP Percentage Mod: HP is shown in percentages\n|clearpoke\n|poke|p1|Landorus-Therian, M|\n|poke|p1|Clefable, F|\n|poke|p1|Greninja-*, M|\n|poke|p1|Weezing-Galar, M|\n|poke|p1|Medicham, M|\n|poke|p1|Slowking-Galar, F|\n|poke|p2|Garchomp, M|\n|poke|p2|Goodra-Hisui, M|\n|poke|p2|Enamorus, F|\n|poke|p2|Slowking-Galar, F|\n|poke|p2|Blissey, F|\n|poke|p2|Landorus-Therian, M|\n|teampreview\n|\n|t:|1698212479\n|start\n|switch|p1a: Medicham|Medicham, M|100\/100\n|switch|p2a: Garchomp|Garchomp, M|100\/100\n|turn|1\n|\n|t:|1698212489\n|switch|p2a: Goodra|Goodra-Hisui, M|100\/100\n|-terastallize|p1a: Medicham|Fighting\n|move|p1a: Medicham|Close Combat|p2a: Goodra\n|-supereffective|p2a: Goodra\n|-damage|p2a: Goodra|0 fnt\n|-unboost|p1a: Medicham|def|1\n|-unboost|p1a: Medicham|spd|1\n|-ability|p2a: Goodra|Gooey\n|-unboost|p1a: Medicham|spe|1\n|faint|p2a: Goodra\n|\n|upkeep\n|\n|t:|1698212502\n|switch|p2a: Enamorus|Enamorus, F|100\/100\n|turn|2\n|\n|t:|1698212508\n|switch|p1a: Clefable|Clefable, F|100\/100\n|move|p2a: Enamorus|Substitute|p2a: Enamorus\n|-start|p2a: Enamorus|Substitute\n|-damage|p2a: Enamorus|76\/100\n|\n|upkeep\n|turn|3\n|\n|t:|1698212514\n|move|p2a: Enamorus|Superpower|p1a: Clefable\n|-resisted|p1a: Clefable\n|-damage|p1a: Clefable|77\/100\n|-boost|p2a: Enamorus|atk|1\n|-boost|p2a: Enamorus|def|1\n|move|p1a: Clefable|Play Rough|p2a: Enamorus\n|-end|p2a: Enamorus|Substitute\n|\n|-heal|p1a: Clefable|83\/100|[from] item: Leftovers\n|upkeep\n|turn|4\n|\n|t:|1698212525\n|move|p2a: Enamorus|Substitute|p2a: Enamorus\n|-start|p2a: Enamorus|Substitute\n|-damage|p2a: Enamorus|51\/100\n|move|p1a: Clefable|Encore|p2a: Enamorus\n|-start|p2a: Enamorus|Encore\n|\n|-heal|p1a: Clefable|90\/100|[from] item: Leftovers\n|upkeep\n|turn|5\n|\n|t:|1698212533\n|switch|p2a: Garchomp|Garchomp, M|100\/100\n|switch|p1a: Medicham|Medicham, M, tera:Fighting|100\/100\n|\n|upkeep\n|turn|6\n|\n|t:|1698212540\n|move|p1a: Medicham|Ice Punch|p2a: Garchomp\n|-supereffective|p2a: Garchomp\n|-damage|p2a: Garchomp|0 fnt\n|-damage|p1a: Medicham|88\/100|[from] ability: Rough Skin|[of] p2a: Garchomp\n|-damage|p1a: Medicham|72\/100|[from] item: Rocky Helmet|[of] p2a: Garchomp\n|faint|p2a: Garchomp\n|\n|upkeep\n|\n|t:|1698212549\n|switch|p2a: Slowking|Slowking-Galar, F|100\/100\n|turn|7\n|\n|t:|1698212554\n|switch|p1a: Clefable|Clefable, F|90\/100\n|move|p2a: Slowking|Thunder Wave|p1a: Clefable\n|-status|p1a: Clefable|par\n|\n|-heal|p1a: Clefable|96\/100 par|[from] item: Leftovers\n|upkeep\n|turn|8\n|\n|t:|1698212561\n|move|p1a: Clefable|Stealth Rock|p2a: Slowking\n|-sidestart|p2: TRaSHiNSeCT|move: Stealth Rock\n|move|p2a: Slowking|Taunt|p1a: Clefable\n|-start|p1a: Clefable|move: Taunt\n|\n|-heal|p1a: Clefable|100\/100 par|[from] item: Leftovers\n|upkeep\n|turn|9\n|\n|t:|1698212568\n|switch|p1a: Medicham|Medicham, M, tera:Fighting|72\/100\n|move|p2a: Slowking|Chilly Reception|p2a: Slowking\n|-weather|Snow\n|\n|t:|1698212578\n|switch|p2a: Landorus|Landorus-Therian, M|100\/100|[from] Chilly Reception\n|-damage|p2a: Landorus|88\/100|[from] Stealth Rock\n|-ability|p2a: Landorus|Intimidate|boost\n|-unboost|p1a: Medicham|atk|1\n|\n|-weather|Snow|[upkeep]\n|-heal|p2a: Landorus|94\/100|[from] item: Leftovers\n|upkeep\n|turn|10\n|\n|t:|1698212587\n|switch|p2a: Slowking|Slowking-Galar, F|100\/100\n|move|p1a: Medicham|Ice Punch|p2a: Slowking\n|-damage|p2a: Slowking|86\/100\n|\n|-weather|Snow|[upkeep]\n|upkeep\n|turn|11\n|\n|t:|1698212595\n|switch|p1a: Clefable|Clefable, F|100\/100 par\n|switch|p2a: Landorus|Landorus-Therian, M|94\/100\n|-damage|p2a: Landorus|82\/100|[from] Stealth Rock\n|-ability|p2a: Landorus|Intimidate|boost\n|-unboost|p1a: Clefable|atk|1\n|\n|-weather|Snow|[upkeep]\n|-heal|p2a: Landorus|88\/100|[from] item: Leftovers\n|upkeep\n|turn|12\n|\n|t:|1698212608\n|move|p2a: Landorus|Sandsear Storm|p1a: Clefable\n|-damage|p1a: Clefable|69\/100 par\n|move|p1a: Clefable|Encore|p2a: Landorus\n|-start|p2a: Landorus|Encore\n|\n|-weather|Snow|[upkeep]\n|-heal|p2a: Landorus|94\/100|[from] item: Leftovers\n|-heal|p1a: Clefable|75\/100 par|[from] item: Leftovers\n|upkeep\n|turn|13\n|c|\u2606Dragon Master Rosa|interesting\n|\n|t:|1698212628\n|switch|p2a: Blissey|Blissey, F|100\/100\n|switch|p1a: Weezing|Weezing-Galar, M|100\/100\n|\n|-weather|none\n|upkeep\n|turn|14\n|\n|t:|1698212636\n|switch|p1a: Clefable|Clefable, F|75\/100 par\n|move|p2a: Blissey|Fire Punch|p1a: Clefable\n|-damage|p1a: Clefable|71\/100 par\n|\n|-heal|p1a: Clefable|77\/100 par|[from] item: Leftovers\n|upkeep\n|turn|15\n|\n|t:|1698212644\n|move|p2a: Blissey|Seismic Toss|p1a: Clefable\n|-damage|p1a: Clefable|52\/100 par\n|move|p1a: Clefable|Play Rough|p2a: Blissey|[miss]\n|-miss|p1a: Clefable|p2a: Blissey\n|\n|-heal|p1a: Clefable|58\/100 par|[from] item: Leftovers\n|upkeep\n|turn|16\n|c|\u2606TRaSHiNSeCT|skill\n|c|\u2606Dragon Master Rosa|real\n|\n|t:|1698212659\n|switch|p2a: Enamorus|Enamorus, F|51\/100\n|move|p1a: Clefable|Moonlight|p1a: Clefable\n|-heal|p1a: Clefable|100\/100 par\n|\n|upkeep\n|turn|17\n|\n|t:|1698212671\n|move|p2a: Enamorus|Superpower|p1a: Clefable\n|-resisted|p1a: Clefable\n|-damage|p1a: Clefable|78\/100 par\n|-boost|p2a: Enamorus|atk|1\n|-boost|p2a: Enamorus|def|1\n|move|p1a: Clefable|Encore|p2a: Enamorus\n|-start|p2a: Enamorus|Encore\n|\n|-heal|p1a: Clefable|84\/100 par|[from] item: Leftovers\n|upkeep\n|turn|18\n|\n|t:|1698212680\n|switch|p1a: Weezing|Weezing-Galar, M|100\/100\n|move|p2a: Enamorus|Superpower|p1a: Weezing\n|-resisted|p1a: Weezing\n|-damage|p1a: Weezing|91\/100\n|-boost|p2a: Enamorus|atk|1\n|-boost|p2a: Enamorus|def|1\n|\n|-heal|p1a: Weezing|97\/100|[from] item: Leftovers\n|upkeep\n|turn|19\n|\n|t:|1698212691\n|switch|p2a: Blissey|Blissey, F|100\/100\n|move|p1a: Weezing|Clear Smog|p2a: Blissey\n|-damage|p2a: Blissey|95\/100\n|-clearboost|p2a: Blissey\n|\n|-heal|p1a: Weezing|100\/100|[from] item: Leftovers\n|upkeep\n|turn|20\n|\n|t:|1698212702\n|switch|p1a: Medicham|Medicham, M, tera:Fighting|72\/100\n|move|p2a: Blissey|Seismic Toss|p1a: Medicham\n|-damage|p1a: Medicham|33\/100\n|\n|upkeep\n|turn|21\n|\n|t:|1698212710\n|-terastallize|p2a: Blissey|Ghost\n|move|p1a: Medicham|Close Combat|p2a: Blissey\n|-immune|p2a: Blissey\n|move|p2a: Blissey|Seismic Toss|p1a: Medicham\n|-damage|p1a: Medicham|0 fnt\n|faint|p1a: Medicham\n|\n|upkeep\n|\n|t:|1698212714\n|switch|p1a: Greninja|Greninja, M|100\/100\n|turn|22\n|\n|t:|1698212723\n|move|p1a: Greninja|Night Slash|p2a: Blissey\n|-start|p1a: Greninja|typechange|Dark|[from] ability: Protean\n|-supereffective|p2a: Blissey\n|-damage|p2a: Blissey|19\/100\n|move|p2a: Blissey|Fire Punch|p1a: Greninja\n|-damage|p1a: Greninja|95\/100\n|\n|upkeep\n|turn|23\n|\n|t:|1698212731\n|switch|p2a: Enamorus|Enamorus, F|51\/100\n|move|p1a: Greninja|Night Slash|p2a: Enamorus\n|-resisted|p2a: Enamorus\n|-damage|p2a: Enamorus|18\/100\n|\n|upkeep\n|turn|24\n|\n|t:|1698212737\n|move|p1a: Greninja|Night Slash|p2a: Enamorus\n|-resisted|p2a: Enamorus\n|-damage|p2a: Enamorus|0 fnt\n|faint|p2a: Enamorus\n|\n|upkeep\n|\n|t:|1698212742\n|switch|p2a: Landorus|Landorus-Therian, M|94\/100\n|-damage|p2a: Landorus|82\/100|[from] Stealth Rock\n|-ability|p2a: Landorus|Intimidate|boost\n|-unboost|p1a: Greninja|atk|1\n|turn|25\n|\n|t:|1698212749\n|move|p1a: Greninja|Night Slash|p2a: Landorus\n|-damage|p2a: Landorus|55\/100\n|move|p2a: Landorus|Gravity|p2a: Landorus\n|-fieldstart|move: Gravity\n|\n|-heal|p2a: Landorus|61\/100|[from] item: Leftovers\n|upkeep\n|turn|26\n|c|\u2606Dragon Master Rosa|HOLY SHIT\n|\n|t:|1698212769\n|switch|p1a: Clefable|Clefable, F|84\/100 par\n|move|p2a: Landorus|Sandsear Storm|p1a: Clefable\n|-damage|p1a: Clefable|54\/100 par\n|\n|-heal|p2a: Landorus|67\/100|[from] item: Leftovers\n|-heal|p1a: Clefable|60\/100 par|[from] item: Leftovers\n|upkeep\n|turn|27\n|\n|t:|1698212777\n|move|p2a: Landorus|Nasty Plot|p2a: Landorus\n|-boost|p2a: Landorus|spa|2\n|move|p1a: Clefable|Moonlight|p1a: Clefable\n|-heal|p1a: Clefable|100\/100 par\n|\n|-heal|p2a: Landorus|73\/100|[from] item: Leftovers\n|upkeep\n|turn|28\n|\n|t:|1698212784\n|move|p2a: Landorus|Sandsear Storm|p1a: Clefable\n|-damage|p1a: Clefable|37\/100 par\n|move|p1a: Clefable|Encore|p2a: Landorus\n|-start|p2a: Landorus|Encore\n|\n|-heal|p2a: Landorus|79\/100|[from] item: Leftovers\n|-heal|p1a: Clefable|43\/100 par|[from] item: Leftovers\n|upkeep\n|turn|29\n|\n|t:|1698212792\n|move|p2a: Landorus|Sandsear Storm|p1a: Clefable\n|-damage|p1a: Clefable|0 fnt\n|faint|p1a: Clefable\n|\n|-heal|p2a: Landorus|85\/100|[from] item: Leftovers\n|-fieldend|move: Gravity\n|upkeep\n|\n|t:|1698212794\n|switch|p1a: Weezing|Weezing-Galar, M|100\/100\n|turn|30\n|\n|t:|1698212803\n|switch|p2a: Slowking|Slowking-Galar, F|100\/100\n|move|p1a: Weezing|Clear Smog|p2a: Slowking\n|-resisted|p2a: Slowking\n|-damage|p2a: Slowking|95\/100\n|-clearboost|p2a: Slowking\n|\n|upkeep\n|turn|31\n|\n|t:|1698212813\n|move|p1a: Weezing|Will-O-Wisp|p2a: Slowking\n|-status|p2a: Slowking|brn\n|move|p2a: Slowking|Thunder Wave|p1a: Weezing\n|-status|p1a: Weezing|par\n|\n|-damage|p2a: Slowking|89\/100 brn|[from] brn\n|upkeep\n|turn|32\n|\n|t:|1698212821\n|switch|p1a: Landorus|Landorus-Therian, M|100\/100\n|-ability|p1a: Landorus|Intimidate|boost\n|-unboost|p2a: Slowking|atk|1\n|move|p2a: Slowking|Chilly Reception|p2a: Slowking\n|-weather|Snow\n|\n|t:|1698212827\n|switch|p2a: Landorus|Landorus-Therian, M|85\/100|[from] Chilly Reception\n|-damage|p2a: Landorus|73\/100|[from] Stealth Rock\n|-ability|p2a: Landorus|Intimidate|boost\n|-unboost|p1a: Landorus|atk|1\n|\n|-weather|Snow|[upkeep]\n|-heal|p2a: Landorus|79\/100|[from] item: Leftovers\n|upkeep\n|turn|33\n|\n|t:|1698212835\n|move|p2a: Landorus|Nasty Plot|p2a: Landorus\n|-boost|p2a: Landorus|spa|2\n|move|p1a: Landorus|Substitute|p1a: Landorus\n|-start|p1a: Landorus|Substitute\n|-damage|p1a: Landorus|76\/100\n|\n|-weather|Snow|[upkeep]\n|-heal|p2a: Landorus|85\/100|[from] item: Leftovers\n|-heal|p1a: Landorus|82\/100|[from] item: Leftovers\n|upkeep\n|turn|34\n|\n|t:|1698212843\n|move|p2a: Landorus|Psychic|p1a: Landorus\n|-end|p1a: Landorus|Substitute\n|move|p1a: Landorus|Nasty Plot|p1a: Landorus\n|-boost|p1a: Landorus|spa|2\n|\n|-weather|Snow|[upkeep]\n|-heal|p2a: Landorus|91\/100|[from] item: Leftovers\n|-heal|p1a: Landorus|88\/100|[from] item: Leftovers\n|upkeep\n|turn|35\n|\n|t:|1698212851\n|move|p2a: Landorus|Psychic|p1a: Landorus\n|-damage|p1a: Landorus|30\/100\n|move|p1a: Landorus|Tera Blast|p2a: Landorus\n|-damage|p2a: Landorus|36\/100\n|\n|-weather|Snow|[upkeep]\n|-heal|p2a: Landorus|42\/100|[from] item: Leftovers\n|-heal|p1a: Landorus|36\/100|[from] item: Leftovers\n|upkeep\n|turn|36\n|\n|t:|1698212863\n|switch|p1a: Greninja|Greninja, M|95\/100\n|move|p2a: Landorus|Gravity|p2a: Landorus\n|-fieldstart|move: Gravity\n|\n|-weather|none\n|-heal|p2a: Landorus|48\/100|[from] item: Leftovers\n|upkeep\n|turn|37\n|\n|t:|1698212873\n|switch|p2a: Blissey|Blissey, F, tera:Ghost|19\/100\n|move|p1a: Greninja|Waterfall|p2a: Blissey\n|-start|p1a: Greninja|typechange|Water|[from] ability: Protean\n|-damage|p2a: Blissey|0 fnt\n|faint|p2a: Blissey\n|\n|upkeep\n|\n|t:|1698212881\n|switch|p2a: Landorus|Landorus-Therian, M|48\/100\n|-damage|p2a: Landorus|35\/100|[from] Stealth Rock\n|-ability|p2a: Landorus|Intimidate|boost\n|-unboost|p1a: Greninja|atk|1\n|turn|38\n|\n|t:|1698212887\n|move|p1a: Greninja|Waterfall|p2a: Landorus\n|-supereffective|p2a: Landorus\n|-damage|p2a: Landorus|0 fnt\n|faint|p2a: Landorus\n|\n|upkeep\n|\n|t:|1698212891\n|switch|p2a: Slowking|Slowking-Galar, F|100\/100 brn\n|turn|39\n|c|\u2606TRaSHiNSeCT|gg wp\n|c|\u2606Dragon Master Rosa|i believe\n|\n|t:|1698212899\n|switch|p1a: Landorus|Landorus-Therian, M|36\/100\n|-ability|p1a: Landorus|Intimidate|boost\n|-unboost|p2a: Slowking|atk|1\n|move|p2a: Slowking|Foul Play|p1a: Landorus\n|-damage|p1a: Landorus|24\/100\n|\n|-heal|p1a: Landorus|30\/100|[from] item: Leftovers\n|-damage|p2a: Slowking|94\/100 brn|[from] brn\n|upkeep\n|turn|40\n|\n|t:|1698212909\n|move|p1a: Landorus|Substitute|p1a: Landorus\n|-start|p1a: Landorus|Substitute\n|-damage|p1a: Landorus|5\/100\n|move|p2a: Slowking|Foul Play|p1a: Landorus\n|-activate|p1a: Landorus|move: Substitute|[damage]\n|\n|-heal|p1a: Landorus|11\/100|[from] item: Leftovers\n|-damage|p2a: Slowking|88\/100 brn|[from] brn\n|-fieldend|move: Gravity\n|upkeep\n|turn|41\n|\n|t:|1698212917\n|move|p1a: Landorus|Nasty Plot|p1a: Landorus\n|-boost|p1a: Landorus|spa|2\n|move|p2a: Slowking|Foul Play|p1a: Landorus\n|-activate|p1a: Landorus|move: Substitute|[damage]\n|\n|-heal|p1a: Landorus|18\/100|[from] item: Leftovers\n|-damage|p2a: Slowking|82\/100 brn|[from] brn\n|upkeep\n|turn|42\n|\n|t:|1698212926\n|move|p1a: Landorus|Nasty Plot|p1a: Landorus\n|-boost|p1a: Landorus|spa|2\n|move|p2a: Slowking|Foul Play|p1a: Landorus\n|-end|p1a: Landorus|Substitute\n|\n|-heal|p1a: Landorus|24\/100|[from] item: Leftovers\n|-damage|p2a: Slowking|76\/100 brn|[from] brn\n|upkeep\n|turn|43\n|\n|t:|1698212934\n|move|p1a: Landorus|Earth Power|p2a: Slowking\n|-supereffective|p2a: Slowking\n|-damage|p2a: Slowking|0 fnt\n|faint|p2a: Slowking\n|\n|win|Dragon Master Rosa\n","uploadtime":1698212939,"views":13,"p1id":"dragonmasterrosa","p2id":"trashinsect","formatid":"gen9ubers","rating":0,"private":0,"password":""}