{"id":"gen9ubers-1975017166","p1":"SucculentSocc","p2":"Vadinobi","format":"[Gen 9] Ubers","log":"|j|\u2606SucculentSocc\n|j|\u2606Vadinobi\n|t:|1698155233\n|gametype|singles\n|player|p1|SucculentSocc|leon-tower|1062\n|player|p2|Vadinobi|dawn|1172\n|teamsize|p1|6\n|teamsize|p2|6\n|gen|9\n|tier|[Gen 9] Ubers\n|rated|\n|rule|Sleep Clause Mod: Limit one foe put to sleep\n|rule|Species Clause: Limit one of each Pok\u00e9mon\n|rule|OHKO Clause: OHKO moves are banned\n|rule|Evasion Items Clause: Evasion items are banned\n|rule|Evasion Moves Clause: Evasion moves are banned\n|rule|Endless Battle Clause: Forcing endless battles is banned\n|rule|HP Percentage Mod: HP is shown in percentages\n|clearpoke\n|poke|p1|Landorus, M|\n|poke|p1|Greninja-*, F|\n|poke|p1|Dialga|\n|poke|p1|Arceus-Dark|\n|poke|p1|Flutter Mane|\n|poke|p1|Dugtrio, M|\n|poke|p2|Groudon|\n|poke|p2|Zacian-*|\n|poke|p2|Eternatus|\n|poke|p2|Koraidon|\n|poke|p2|Magearna|\n|poke|p2|Dialga|\n|teampreview\n|\n|t:|1698155244\n|start\n|switch|p1a: Greninja|Greninja, F|100\/100\n|switch|p2a: Groudon|Groudon|100\/100\n|-weather|SunnyDay|[from] ability: Drought|[of] p2a: Groudon\n|turn|1\n|\n|t:|1698155253\n|move|p1a: Greninja|Spikes|p2a: Groudon\n|-start|p1a: Greninja|typechange|Ground|[from] ability: Protean\n|-sidestart|p2: Vadinobi|Spikes\n|move|p2a: Groudon|Thunder Wave|p1a: Greninja\n|-immune|p1a: Greninja\n|\n|-weather|SunnyDay|[upkeep]\n|upkeep\n|turn|2\n|\n|t:|1698155260\n|move|p2a: Groudon|Fire Punch|p1a: Greninja\n|-crit|p1a: Greninja\n|-damage|p1a: Greninja|7\/100\n|move|p1a: Greninja|Counter|p2a: Groudon\n|-damage|p2a: Groudon|0 fnt\n|faint|p2a: Groudon\n|\n|-weather|SunnyDay|[upkeep]\n|upkeep\n|\n|t:|1698155271\n|switch|p2a: Zacian|Zacian-Crowned|100\/100\n|-damage|p2a: Zacian|88\/100|[from] Spikes\n|-ability|p2a: Zacian|Intrepid Sword|boost\n|-boost|p2a: Zacian|atk|1\n|turn|3\n|\n|t:|1698155279\n|move|p2a: Zacian|Trailblaze|p1a: Greninja\n|-supereffective|p1a: Greninja\n|-damage|p1a: Greninja|0 fnt\n|-boost|p2a: Zacian|spe|1\n|faint|p1a: Greninja\n|\n|-weather|SunnyDay|[upkeep]\n|upkeep\n|\n|t:|1698155293\n|switch|p1a: Arceus|Arceus-Dark|100\/100\n|turn|4\n|\n|t:|1698155298\n|-terastallize|p1a: Arceus|Steel\n|move|p2a: Zacian|Play Rough|p1a: Arceus\n|-resisted|p1a: Arceus\n|-damage|p1a: Arceus|73\/100\n|-unboost|p1a: Arceus|atk|1\n|move|p1a: Arceus|Flamethrower|p2a: Zacian\n|-supereffective|p2a: Zacian\n|-damage|p2a: Zacian|4\/100\n|\n|-weather|SunnyDay|[upkeep]\n|upkeep\n|turn|5\n|\n|t:|1698155306\n|move|p2a: Zacian|Close Combat|p1a: Arceus\n|-supereffective|p1a: Arceus\n|-damage|p1a: Arceus|0 fnt\n|-unboost|p2a: Zacian|def|1\n|-unboost|p2a: Zacian|spd|1\n|faint|p1a: Arceus\n|\n|-weather|none\n|upkeep\n|inactive|Battle timer is ON: inactive players will automatically lose when time's up. (requested by Vadinobi)\n|\n|t:|1698155336\n|switch|p1a: Landorus|Landorus, M|100\/100\n|turn|6\n|\n|t:|1698155343\n|move|p2a: Zacian|Behemoth Blade|p1a: Landorus\n|-damage|p1a: Landorus|0 fnt\n|faint|p1a: Landorus\n|\n|upkeep\n|\n|t:|1698155348\n|switch|p1a: Flutter Mane|Flutter Mane|100\/100\n|turn|7\n|\n|t:|1698155351\n|move|p2a: Zacian|Behemoth Blade|p1a: Flutter Mane\n|-supereffective|p1a: Flutter Mane\n|-damage|p1a: Flutter Mane|0 fnt\n|faint|p1a: Flutter Mane\n|-end|p1a: Flutter Mane|Protosynthesis|[silent]\n|\n|upkeep\n|\n|t:|1698155353\n|switch|p1a: Dugtrio|Dugtrio, M|100\/100\n|turn|8\n|\n|t:|1698155357\n|move|p2a: Zacian|Behemoth Blade|p1a: Dugtrio\n|-damage|p1a: Dugtrio|0 fnt\n|faint|p1a: Dugtrio\n|\n|upkeep\n|\n|t:|1698155359\n|switch|p1a: Dialga|Dialga|100\/100\n|-ability|p1a: Dialga|Pressure\n|turn|9\n|\n|t:|1698155362\n|move|p2a: Zacian|Close Combat|p1a: Dialga\n|-supereffective|p1a: Dialga\n|-damage|p1a: Dialga|0 fnt\n|-unboost|p2a: Zacian|def|1\n|-unboost|p2a: Zacian|spd|1\n|faint|p1a: Dialga\n|\n|win|Vadinobi\n|raw|SucculentSocc's rating: 1062 &rarr; <strong>1049<\/strong><br \/>(-13 for losing)\n|raw|Vadinobi's rating: 1172 &rarr; <strong>1189<\/strong><br \/>(+17 for winning)\n|l|\u2606SucculentSocc\n","uploadtime":1698155372,"views":10,"p1id":"succulentsocc","p2id":"vadinobi","formatid":"gen9ubers","rating":1049,"private":0,"password":""}