{"id":"gen9ubers-1979802232","p1":"FerrothornFembots","p2":"Snorlaxsleepers","format":"[Gen 9] Ubers","log":"|j|\u2606FerrothornFembots\n|j|\u2606Snorlaxsleepers\n|t:|1698714745\n|gametype|singles\n|player|p1|FerrothornFembots|skierf-gen4dp|\n|player|p2|Snorlaxsleepers|102|\n|teamsize|p1|6\n|teamsize|p2|6\n|gen|9\n|tier|[Gen 9] Ubers\n|rule|Sleep Clause Mod: Limit one foe put to sleep\n|rule|Species Clause: Limit one of each Pok\u00e9mon\n|rule|OHKO Clause: OHKO moves are banned\n|rule|Evasion Items Clause: Evasion items are banned\n|rule|Evasion Moves Clause: Evasion moves are banned\n|rule|Endless Battle Clause: Forcing endless battles is banned\n|rule|HP Percentage Mod: HP is shown in percentages\n|clearpoke\n|poke|p1|Shaymin-Sky|\n|poke|p1|Darkrai|\n|poke|p1|Armarouge, F|\n|poke|p1|Landorus, M|\n|poke|p1|Bronzong|\n|poke|p1|Samurott, F|\n|poke|p2|Rabsca, M|\n|poke|p2|Kingambit, F|\n|poke|p2|Skeledirge, F|\n|poke|p2|Chi-Yu|\n|poke|p2|Iron Thorns|\n|poke|p2|Lokix, F|\n|teampreview\n|j| Talonflameredwings\n|\n|t:|1698714760\n|start\n|switch|p1a: TinMan|Bronzong, shiny|100\/100\n|switch|p2a: Kingambit|Kingambit, F|100\/100\n|turn|1\n|\n|t:|1698714766\n|move|p2a: Kingambit|Kowtow Cleave|p1a: TinMan\n|-supereffective|p1a: TinMan\n|-damage|p1a: TinMan|10\/100\n|-damage|p2a: Kingambit|84\/100|[from] item: Rocky Helmet|[of] p1a: TinMan\n|move|p1a: TinMan|Stealth Rock|p2a: Kingambit\n|-sidestart|p2: Snorlaxsleepers|move: Stealth Rock\n|\n|upkeep\n|turn|2\n|\n|t:|1698714782\n|move|p2a: Kingambit|Kowtow Cleave|p1a: TinMan\n|-supereffective|p1a: TinMan\n|-damage|p1a: TinMan|0 fnt\n|-damage|p2a: Kingambit|68\/100|[from] item: Rocky Helmet|[of] p1a: TinMan\n|faint|p1a: TinMan\n|\n|upkeep\n|\n|t:|1698714798\n|switch|p1a: DreamCatcher|Darkrai, shiny|100\/100\n|turn|3\n|\n|t:|1698714847\n|move|p1a: DreamCatcher|Hypnosis|p2a: Kingambit\n|-status|p2a: Kingambit|slp|[from] move: Hypnosis\n|cant|p2a: Kingambit|slp\n|\n|-damage|p2a: Kingambit|55\/100 slp|[from] ability: Bad Dreams|[of] p1a: DreamCatcher\n|upkeep\n|turn|4\n|\n|t:|1698714865\n|-end|p2a: Kingambit|fallenundefined|[silent]\n|switch|p2a: Chi-Yu|Chi-Yu|100\/100\n|-damage|p2a: Chi-Yu|76\/100|[from] Stealth Rock\n|-ability|p2a: Chi-Yu|Beads of Ruin\n|move|p1a: DreamCatcher|Focus Blast|p2a: Chi-Yu|[miss]\n|-miss|p1a: DreamCatcher|p2a: Chi-Yu\n|\n|upkeep\n|turn|5\n|\n|t:|1698714892\n|move|p1a: DreamCatcher|Focus Blast|p2a: Chi-Yu\n|-supereffective|p2a: Chi-Yu\n|-damage|p2a: Chi-Yu|0 fnt\n|faint|p2a: Chi-Yu\n|-damage|p1a: DreamCatcher|91\/100|[from] item: Life Orb\n|\n|upkeep\n|\n|t:|1698714909\n|switch|p2a: Rabsca|Rabsca, M|100\/100\n|-damage|p2a: Rabsca|76\/100|[from] Stealth Rock\n|turn|6\n|\n|t:|1698714935\n|-terastallize|p2a: Rabsca|Ground\n|move|p1a: DreamCatcher|Dark Pulse|p2a: Rabsca\n|-damage|p2a: Rabsca|20\/100\n|-damage|p1a: DreamCatcher|81\/100|[from] item: Life Orb\n|move|p2a: Rabsca|Trick Room|p2a: Rabsca\n|-fieldstart|move: Trick Room|[of] p2a: Rabsca\n|\n|upkeep\n|turn|7\n|\n|t:|1698714952\n|move|p2a: Rabsca|Earth Power|p1a: DreamCatcher\n|-damage|p1a: DreamCatcher|15\/100\n|move|p1a: DreamCatcher|Ice Beam|p2a: Rabsca\n|-supereffective|p2a: Rabsca\n|-damage|p2a: Rabsca|0 fnt\n|faint|p2a: Rabsca\n|-damage|p1a: DreamCatcher|5\/100|[from] item: Life Orb\n|\n|upkeep\n|\n|t:|1698714965\n|switch|p2a: Iron Thorns|Iron Thorns|100\/100\n|-damage|p2a: Iron Thorns|88\/100|[from] Stealth Rock\n|turn|8\n|\n|t:|1698715008\n|move|p2a: Iron Thorns|Stone Edge|p1a: DreamCatcher\n|-crit|p1a: DreamCatcher\n|-damage|p1a: DreamCatcher|0 fnt\n|faint|p1a: DreamCatcher\n|\n|upkeep\n|\n|t:|1698715032\n|switch|p1a: Bambi|Shaymin-Sky, shiny|100\/100\n|turn|9\n|\n|t:|1698715047\n|-end|p2a: Iron Thorns|Quark Drive|[silent]\n|switch|p2a: Skeledirge|Skeledirge, F|100\/100\n|move|p1a: Bambi|Seed Flare|p2a: Skeledirge\n|-resisted|p2a: Skeledirge\n|-damage|p2a: Skeledirge|67\/100\n|-unboost|p2a: Skeledirge|spd|2\n|\n|upkeep\n|turn|10\n|\n|t:|1698715058\n|switch|p1a: AquaJetLee|Samurott, F, shiny|100\/100\n|move|p2a: Skeledirge|Torch Song|p1a: AquaJetLee\n|-resisted|p1a: AquaJetLee\n|-damage|p1a: AquaJetLee|87\/100\n|-boost|p2a: Skeledirge|spa|1\n|\n|-fieldend|move: Trick Room\n|upkeep\n|turn|11\n|\n|t:|1698715075\n|switch|p2a: Lokix|Lokix, F|100\/100\n|-damage|p2a: Lokix|76\/100|[from] Stealth Rock\n|move|p1a: AquaJetLee|Knock Off|p2a: Lokix\n|-resisted|p2a: Lokix\n|-damage|p2a: Lokix|53\/100\n|-enditem|p2a: Lokix|Life Orb|[from] move: Knock Off|[of] p1a: AquaJetLee\n|\n|upkeep\n|turn|12\n|\n|t:|1698715119\n|switch|p1a: Transformer|Armarouge, F, shiny|100\/100\n|move|p2a: Lokix|Leech Life|p1a: Transformer\n|-damage|p1a: Transformer|63\/100\n|-heal|p2a: Lokix|74\/100|[from] drain|[of] p1a: Transformer\n|\n|upkeep\n|turn|13\n|\n|t:|1698715128\n|move|p2a: Lokix|Knock Off|p1a: Transformer\n|-supereffective|p1a: Transformer\n|-damage|p1a: Transformer|0 fnt\n|-enditem|p1a: Transformer|Heavy-Duty Boots|[from] move: Knock Off|[of] p2a: Lokix\n|faint|p1a: Transformer\n|\n|upkeep\n|\n|t:|1698715141\n|switch|p1a: Bambi|Shaymin-Sky, shiny|100\/100\n|turn|14\n|\n|t:|1698715148\n|move|p1a: Bambi|Air Slash|p2a: Lokix\n|-supereffective|p2a: Lokix\n|-damage|p2a: Lokix|0 fnt\n|faint|p2a: Lokix\n|\n|upkeep\n|\n|t:|1698715156\n|switch|p2a: Skeledirge|Skeledirge, F|67\/100\n|turn|15\n|\n|t:|1698715162\n|move|p1a: Bambi|Air Slash|p2a: Skeledirge\n|-damage|p2a: Skeledirge|26\/100\n|move|p2a: Skeledirge|Torch Song|p1a: Bambi\n|-supereffective|p1a: Bambi\n|-damage|p1a: Bambi|28\/100\n|-boost|p2a: Skeledirge|spa|1\n|\n|upkeep\n|turn|16\n|\n|t:|1698715170\n|move|p1a: Bambi|Air Slash|p2a: Skeledirge\n|-damage|p2a: Skeledirge|0 fnt\n|faint|p2a: Skeledirge\n|\n|upkeep\n|\n|t:|1698715179\n|switch|p2a: Kingambit|Kingambit, F|55\/100 slp\n|-damage|p2a: Kingambit|49\/100 slp|[from] Stealth Rock\n|-activate|p2a: Kingambit|ability: Supreme Overlord\n|-start|p2a: Kingambit|fallen4|[silent]\n|turn|17\n|\n|t:|1698715190\n|move|p1a: Bambi|Air Slash|p2a: Kingambit\n|-resisted|p2a: Kingambit\n|-damage|p2a: Kingambit|16\/100 slp\n|cant|p2a: Kingambit|slp\n|\n|upkeep\n|turn|18\n|\n|t:|1698715196\n|move|p1a: Bambi|Air Slash|p2a: Kingambit\n|-resisted|p2a: Kingambit\n|-damage|p2a: Kingambit|0 fnt\n|faint|p2a: Kingambit\n|-end|p2a: Kingambit|fallen4|[silent]\n|\n|upkeep\n|\n|t:|1698715200\n|switch|p2a: Iron Thorns|Iron Thorns|88\/100\n|-damage|p2a: Iron Thorns|76\/100|[from] Stealth Rock\n|turn|19\n|\n|t:|1698715205\n|move|p1a: Bambi|Air Slash|p2a: Iron Thorns\n|-resisted|p2a: Iron Thorns\n|-damage|p2a: Iron Thorns|61\/100\n|cant|p2a: Iron Thorns|flinch\n|\n|upkeep\n|turn|20\n|\n|t:|1698715211\n|move|p1a: Bambi|Air Slash|p2a: Iron Thorns\n|-resisted|p2a: Iron Thorns\n|-damage|p2a: Iron Thorns|46\/100\n|move|p2a: Iron Thorns|Ice Punch|p1a: Bambi\n|-supereffective|p1a: Bambi\n|-damage|p1a: Bambi|0 fnt\n|faint|p1a: Bambi\n|\n|upkeep\n|j| Crabbrawlers\n|\n|t:|1698715226\n|switch|p1a: AquaJetLee|Samurott, F, shiny|87\/100\n|turn|21\n|\n|t:|1698715242\n|move|p1a: AquaJetLee|Aqua Jet|p2a: Iron Thorns\n|-supereffective|p2a: Iron Thorns\n|-damage|p2a: Iron Thorns|7\/100\n|-enditem|p2a: Iron Thorns|Wiki Berry|[eat]\n|-heal|p2a: Iron Thorns|41\/100|[from] item: Wiki Berry\n|-start|p2a: Iron Thorns|confusion\n|-activate|p2a: Iron Thorns|confusion\n|move|p2a: Iron Thorns|Ice Punch|p1a: AquaJetLee\n|-resisted|p1a: AquaJetLee\n|-damage|p1a: AquaJetLee|72\/100\n|\n|upkeep\n|turn|22\n|\n|t:|1698715256\n|move|p1a: AquaJetLee|Aqua Jet|p2a: Iron Thorns\n|-supereffective|p2a: Iron Thorns\n|-damage|p2a: Iron Thorns|5\/100\n|-end|p2a: Iron Thorns|confusion\n|move|p2a: Iron Thorns|Earthquake|p1a: AquaJetLee\n|-damage|p1a: AquaJetLee|29\/100\n|\n|upkeep\n|turn|23\n|\n|t:|1698715264\n|move|p1a: AquaJetLee|Aqua Jet|p2a: Iron Thorns\n|-supereffective|p2a: Iron Thorns\n|-damage|p2a: Iron Thorns|0 fnt\n|faint|p2a: Iron Thorns\n|-end|p2a: Iron Thorns|Quark Drive|[silent]\n|\n|win|FerrothornFembots\n|c| Talonflameredwings|gg!!\n|c|\u2606FerrothornFembots|GG!!\n","uploadtime":1698715285,"views":17,"p1id":"ferrothornfembots","p2id":"snorlaxsleepers","formatid":"gen9ubers","rating":0,"private":0,"password":""}