{"id":"gen9ubers-1998672050","p1":"butter dk","p2":"pbrake12","format":"[Gen 9] Ubers","log":"|j|\u2606butter dk\n|j|\u2606pbrake12\n|t:|1700970483\n|gametype|singles\n|player|p1|butter dk|266|\n|player|p2|pbrake12|hoopster|\n|teamsize|p1|6\n|teamsize|p2|6\n|gen|9\n|tier|[Gen 9] Ubers\n|rule|Sleep Clause Mod: Limit one foe put to sleep\n|rule|Species Clause: Limit one of each Pok\u00e9mon\n|rule|OHKO Clause: OHKO moves are banned\n|rule|Evasion Items Clause: Evasion items are banned\n|rule|Evasion Moves Clause: Evasion moves are banned\n|rule|Endless Battle Clause: Forcing endless battles is banned\n|rule|HP Percentage Mod: HP is shown in percentages\n|clearpoke\n|poke|p1|Regidrago|\n|poke|p1|Urshifu-*, M|\n|poke|p1|Toedscruel, M|\n|poke|p1|Ting-Lu|\n|poke|p1|Dusclops, F|\n|poke|p1|Crawdaunt, F|\n|poke|p2|Thundurus, M|\n|poke|p2|Samurott-Hisui, F|\n|poke|p2|Goodra-Hisui, F|\n|poke|p2|Mandibuzz, F|\n|poke|p2|Ogerpon-Hearthflame, F|\n|poke|p2|Torterra, F|\n|teampreview\n|\n|t:|1700970494\n|start\n|switch|p1a: Toedscruel|Toedscruel, M|100\/100\n|switch|p2a: Samurott|Samurott-Hisui, F, shiny|100\/100\n|turn|1\n|\n|t:|1700970504\n|move|p2a: Samurott|Ceaseless Edge|p1a: Toedscruel\n|-damage|p1a: Toedscruel|32\/100\n|-sidestart|p1: butter dk|Spikes\n|move|p1a: Toedscruel|Rapid Spin|p2a: Samurott\n|-damage|p2a: Samurott|90\/100\n|-boost|p1a: Toedscruel|spe|1\n|-sideend|p1: butter dk|Spikes|[from] move: Rapid Spin|[of] p1a: Toedscruel\n|\n|upkeep\n|turn|2\n|\n|t:|1700970516\n|move|p2a: Samurott|Aqua Jet|p1a: Toedscruel\n|-damage|p1a: Toedscruel|4\/100\n|move|p1a: Toedscruel|Energy Ball|p2a: Samurott\n|-supereffective|p2a: Samurott\n|-damage|p2a: Samurott|0 fnt\n|faint|p2a: Samurott\n|\n|upkeep\n|\n|t:|1700970525\n|switch|p2a: Thundurus|Thundurus, M, shiny|100\/100\n|turn|3\n|\n|t:|1700970535\n|move|p2a: Thundurus|U-turn|p1a: Toedscruel\n|-supereffective|p1a: Toedscruel\n|-damage|p1a: Toedscruel|0 fnt\n|faint|p1a: Toedscruel\n|\n|t:|1700970541\n|switch|p2a: Torterra|Torterra, F, shiny|100\/100|[from] U-turn\n|\n|upkeep\n|\n|t:|1700970568\n|switch|p1a: Regidrago|Regidrago|100\/100\n|turn|4\n|\n|t:|1700970573\n|move|p1a: Regidrago|Dragon Energy|p2a: Torterra\n|-damage|p2a: Torterra|0 fnt\n|faint|p2a: Torterra\n|\n|upkeep\n|c|\u2606pbrake12|WTF\n|c|\u2606butter dk|lmao\n|\n|t:|1700970586\n|switch|p2a: Goodra|Goodra-Hisui, F, shiny|100\/100\n|-item|p2a: Goodra|Air Balloon\n|turn|5\n|\n|t:|1700970612\n|switch|p1a: Dusclops|Dusclops, F|100\/100\n|-ability|p1a: Dusclops|Pressure\n|move|p2a: Goodra|Thunderbolt|p1a: Dusclops\n|-damage|p1a: Dusclops|82\/100\n|\n|upkeep\n|turn|6\n|\n|t:|1700970624\n|move|p2a: Goodra|Flash Cannon|p1a: Dusclops\n|-damage|p1a: Dusclops|57\/100\n|-unboost|p1a: Dusclops|spd|1\n|move|p1a: Dusclops|Will-O-Wisp|p2a: Goodra\n|-status|p2a: Goodra|brn\n|\n|-damage|p2a: Goodra|94\/100 brn|[from] brn\n|upkeep\n|turn|7\n|\n|t:|1700970635\n|move|p2a: Goodra|Flash Cannon|p1a: Dusclops\n|-damage|p1a: Dusclops|24\/100\n|move|p1a: Dusclops|Night Shade|p2a: Goodra\n|-damage|p2a: Goodra|67\/100 brn\n|-enditem|p2a: Goodra|Air Balloon\n|\n|-damage|p2a: Goodra|61\/100 brn|[from] brn\n|upkeep\n|turn|8\n|\n|t:|1700970656\n|move|p2a: Goodra|Thunderbolt|p1a: Dusclops\n|-damage|p1a: Dusclops|0 fnt\n|faint|p1a: Dusclops\n|\n|-damage|p2a: Goodra|55\/100 brn|[from] brn\n|upkeep\n|\n|t:|1700970669\n|switch|p1a: Regidrago|Regidrago|100\/100\n|turn|9\n|\n|t:|1700970673\n|move|p1a: Regidrago|Dragon Energy|p2a: Goodra\n|-damage|p2a: Goodra|0 fnt\n|faint|p2a: Goodra\n|\n|upkeep\n|\n|t:|1700970688\n|switch|p2a: Mandibuzz|Mandibuzz, F, shiny|100\/100\n|turn|10\n|\n|t:|1700970695\n|move|p1a: Regidrago|Dragon Energy|p2a: Mandibuzz\n|-damage|p2a: Mandibuzz|15\/100\n|move|p2a: Mandibuzz|Toxic|p1a: Regidrago\n|-status|p1a: Regidrago|tox\n|\n|-damage|p1a: Regidrago|94\/100 tox|[from] psn\n|upkeep\n|turn|11\n|\n|t:|1700970702\n|move|p1a: Regidrago|Dragon Energy|p2a: Mandibuzz\n|-damage|p2a: Mandibuzz|0 fnt\n|faint|p2a: Mandibuzz\n|\n|-damage|p1a: Regidrago|82\/100 tox|[from] psn\n|upkeep\n|\n|t:|1700970705\n|switch|p2a: Ogerpon|Ogerpon-Hearthflame, F|100\/100\n|-ability|p2a: Ogerpon|Mold Breaker\n|turn|12\n|\n|t:|1700970713\n|-terastallize|p2a: Ogerpon|Fire\n|detailschange|p2a: Ogerpon|Ogerpon-Hearthflame-Tera, F, tera:Fire\n|-ability|p2a: Ogerpon|Embody Aspect (Hearthflame)|boost\n|-boost|p2a: Ogerpon|atk|1\n|-enditem|p1a: Regidrago|Mirror Herb\n|-boost|p1a: Regidrago|atk|1|[from] item: Mirror Herb\n|move|p2a: Ogerpon|Ivy Cudgel|p1a: Regidrago|[anim] Ivy Cudgel Fire\n|-resisted|p1a: Regidrago\n|-crit|p1a: Regidrago\n|-damage|p1a: Regidrago|6\/100 tox\n|move|p1a: Regidrago|Draco Meteor|p2a: Ogerpon\n|-damage|p2a: Ogerpon|0 fnt\n|-unboost|p1a: Regidrago|spa|2\n|faint|p2a: Ogerpon\n|\n|-damage|p1a: Regidrago|0 fnt|[from] psn\n|faint|p1a: Regidrago\n|upkeep\n|\n|t:|1700970736\n|switch|p2a: Thundurus|Thundurus, M, shiny|100\/100\n|switch|p1a: Ting-Lu|Ting-Lu|100\/100\n|-ability|p1a: Ting-Lu|Vessel of Ruin\n|turn|13\n|\n|t:|1700970746\n|move|p2a: Thundurus|Focus Blast|p1a: Ting-Lu\n|-supereffective|p1a: Ting-Lu\n|-damage|p1a: Ting-Lu|49\/100\n|move|p1a: Ting-Lu|Stone Edge|p2a: Thundurus\n|-supereffective|p2a: Thundurus\n|-damage|p2a: Thundurus|8\/100\n|\n|-heal|p1a: Ting-Lu|55\/100|[from] item: Leftovers\n|upkeep\n|turn|14\n|\n|t:|1700970769\n|switch|p1a: Urshifu|Urshifu-Rapid-Strike, M|100\/100\n|move|p2a: Thundurus|Focus Blast|p1a: Urshifu\n|-damage|p1a: Urshifu|41\/100\n|\n|upkeep\n|turn|15\n|\n|t:|1700970776\n|-terastallize|p1a: Urshifu|Water\n|move|p1a: Urshifu|Aqua Jet|p2a: Thundurus\n|-damage|p2a: Thundurus|0 fnt\n|faint|p2a: Thundurus\n|\n|win|butter dk\n|c|\u2606pbrake12|ggs\n|c|\u2606butter dk|ggs\n","uploadtime":1700970782,"views":29,"p1id":"butterdk","p2id":"pbrake12","formatid":"gen9ubers","rating":0,"private":0,"password":""}