{"id":"gen9ubers-1999991834","p1":"slugmaaa","p2":"BLACK METAL 3","format":"[Gen 9] Ubers","log":"|j|\u2606slugmaaa\n|j|\u2606BLACK METAL 3\n|t:|1701138570\n|gametype|singles\n|player|p1|slugmaaa|265|\n|player|p2|BLACK METAL 3|clerk|\n|teamsize|p1|6\n|teamsize|p2|6\n|gen|9\n|tier|[Gen 9] Ubers\n|rule|Sleep Clause Mod: Limit one foe put to sleep\n|rule|Species Clause: Limit one of each Pok\u00e9mon\n|rule|OHKO Clause: OHKO moves are banned\n|rule|Evasion Items Clause: Evasion items are banned\n|rule|Evasion Moves Clause: Evasion moves are banned\n|rule|Endless Battle Clause: Forcing endless battles is banned\n|rule|HP Percentage Mod: HP is shown in percentages\n|clearpoke\n|poke|p1|Sableye, M|\n|poke|p1|Arcanine-Hisui, M|\n|poke|p1|Gholdengo|\n|poke|p1|Cresselia, F|\n|poke|p1|Iron Hands|\n|poke|p1|Iron Bundle|\n|poke|p2|Espathra, M|\n|poke|p2|Garganacl, F|\n|poke|p2|Rillaboom, F|\n|poke|p2|Azumarill, F|\n|poke|p2|Lurantis, M|\n|poke|p2|Dragapult, M|\n|teampreview\n|j| Squirshawott\n|\n|t:|1701138614\n|start\n|switch|p1a: toxic|Iron Bundle, shiny|100\/100\n|switch|p2a: Cymbal!|Rillaboom, F|100\/100\n|-fieldstart|move: Grassy Terrain|[from] ability: Grassy Surge|[of] p2a: Cymbal!\n|turn|1\n|\n|t:|1701138636\n|-end|p1a: toxic|Quark Drive|[silent]\n|switch|p1a: big hands? ;)|Iron Hands, shiny|100\/100\n|move|p2a: Cymbal!|Grassy Glide|p1a: big hands? ;)\n|-damage|p1a: big hands? ;)|68\/100\n|\n|-heal|p1a: big hands? ;)|75\/100|[from] Grassy Terrain\n|upkeep\n|turn|2\n|j| Sol CPU\n|\n|t:|1701138658\n|switch|p2a: Wingdings|Espathra, M|100\/100\n|-enditem|p2a: Wingdings|Grassy Seed\n|-boost|p2a: Wingdings|def|1|[from] item: Grassy Seed\n|move|p1a: big hands? ;)|Swords Dance|p1a: big hands? ;)\n|-boost|p1a: big hands? ;)|atk|2\n|\n|-heal|p1a: big hands? ;)|81\/100|[from] Grassy Terrain\n|upkeep\n|turn|3\n|\n|t:|1701138669\n|move|p2a: Wingdings|Calm Mind|p2a: Wingdings\n|-boost|p2a: Wingdings|spa|1\n|-boost|p2a: Wingdings|spd|1\n|move|p1a: big hands? ;)|Wild Charge|p2a: Wingdings\n|-damage|p2a: Wingdings|40\/100\n|-damage|p1a: big hands? ;)|70\/100|[from] Recoil\n|\n|-heal|p2a: Wingdings|46\/100|[from] Grassy Terrain\n|-heal|p1a: big hands? ;)|76\/100|[from] Grassy Terrain\n|-ability|p2a: Wingdings|Speed Boost|boost\n|-boost|p2a: Wingdings|spe|1\n|upkeep\n|turn|4\n|\n|t:|1701138683\n|move|p2a: Wingdings|Roost|p2a: Wingdings\n|-heal|p2a: Wingdings|96\/100\n|-singleturn|p2a: Wingdings|move: Roost\n|move|p1a: big hands? ;)|Wild Charge|p2a: Wingdings\n|-damage|p2a: Wingdings|34\/100\n|-damage|p1a: big hands? ;)|65\/100|[from] Recoil\n|\n|-heal|p2a: Wingdings|40\/100|[from] Grassy Terrain\n|-heal|p1a: big hands? ;)|71\/100|[from] Grassy Terrain\n|-ability|p2a: Wingdings|Speed Boost|boost\n|-boost|p2a: Wingdings|spe|1\n|upkeep\n|turn|5\n|\n|t:|1701138696\n|move|p2a: Wingdings|Stored Power|p1a: big hands? ;)\n|-supereffective|p1a: big hands? ;)\n|-damage|p1a: big hands? ;)|0 fnt\n|faint|p1a: big hands? ;)\n|-end|p1a: big hands? ;)|Quark Drive|[silent]\n|\n|-heal|p2a: Wingdings|47\/100|[from] Grassy Terrain\n|-fieldend|move: Grassy Terrain\n|-ability|p2a: Wingdings|Speed Boost|boost\n|-boost|p2a: Wingdings|spe|1\n|upkeep\n|\n|t:|1701138707\n|switch|p1a: cc god|Sableye, M|100\/100\n|turn|6\n|\n|t:|1701138713\n|move|p1a: cc god|Taunt|p2a: Wingdings\n|-start|p2a: Wingdings|move: Taunt\n|move|p2a: Wingdings|Dazzling Gleam|p1a: cc god\n|-supereffective|p1a: cc god\n|-damage|p1a: cc god|39\/100\n|\n|-ability|p2a: Wingdings|Speed Boost|boost\n|-boost|p2a: Wingdings|spe|1\n|upkeep\n|turn|7\n|\n|t:|1701138723\n|move|p1a: cc god|Light Screen|p1a: cc god\n|-sidestart|p1: slugmaaa|move: Light Screen\n|move|p2a: Wingdings|Dazzling Gleam|p1a: cc god\n|-supereffective|p1a: cc god\n|-damage|p1a: cc god|12\/100\n|\n|-ability|p2a: Wingdings|Speed Boost|boost\n|-boost|p2a: Wingdings|spe|1\n|upkeep\n|turn|8\n|\n|t:|1701138730\n|switch|p1a: subscribe to mm|Cresselia, F, shiny|100\/100\n|move|p2a: Wingdings|Dazzling Gleam|p1a: subscribe to mm\n|-damage|p1a: subscribe to mm|94\/100\n|\n|-heal|p1a: subscribe to mm|99\/100|[from] item: Leftovers\n|-end|p2a: Wingdings|move: Taunt\n|-ability|p2a: Wingdings|Speed Boost|boost\n|-boost|p2a: Wingdings|spe|1\n|upkeep\n|turn|9\n|\n|t:|1701138743\n|move|p2a: Wingdings|Calm Mind|p2a: Wingdings\n|-boost|p2a: Wingdings|spa|1\n|-boost|p2a: Wingdings|spd|1\n|move|p1a: subscribe to mm|Thunder Wave|p2a: Wingdings\n|-status|p2a: Wingdings|par\n|\n|-heal|p1a: subscribe to mm|100\/100|[from] item: Leftovers\n|upkeep\n|turn|10\n|\n|t:|1701138752\n|move|p2a: Wingdings|Calm Mind|p2a: Wingdings\n|-boost|p2a: Wingdings|spa|1\n|-boost|p2a: Wingdings|spd|1\n|move|p1a: subscribe to mm|Calm Mind|p1a: subscribe to mm\n|-boost|p1a: subscribe to mm|spa|1\n|-boost|p1a: subscribe to mm|spd|1\n|\n|upkeep\n|turn|11\n|\n|t:|1701138766\n|move|p2a: Wingdings|Calm Mind|p2a: Wingdings\n|-boost|p2a: Wingdings|spa|1\n|-boost|p2a: Wingdings|spd|1\n|move|p1a: subscribe to mm|Calm Mind|p1a: subscribe to mm\n|-boost|p1a: subscribe to mm|spa|1\n|-boost|p1a: subscribe to mm|spd|1\n|\n|upkeep\n|turn|12\n|\n|t:|1701138778\n|move|p2a: Wingdings|Calm Mind|p2a: Wingdings\n|-boost|p2a: Wingdings|spa|1\n|-boost|p2a: Wingdings|spd|1\n|move|p1a: subscribe to mm|Calm Mind|p1a: subscribe to mm\n|-boost|p1a: subscribe to mm|spa|1\n|-boost|p1a: subscribe to mm|spd|1\n|\n|upkeep\n|turn|13\n|\n|t:|1701138785\n|move|p2a: Wingdings|Stored Power|p1a: subscribe to mm\n|-resisted|p1a: subscribe to mm\n|-damage|p1a: subscribe to mm|81\/100\n|move|p1a: subscribe to mm|Calm Mind|p1a: subscribe to mm\n|-boost|p1a: subscribe to mm|spa|1\n|-boost|p1a: subscribe to mm|spd|1\n|\n|-heal|p1a: subscribe to mm|87\/100|[from] item: Leftovers\n|upkeep\n|turn|14\n|\n|t:|1701138797\n|move|p2a: Wingdings|Calm Mind|p2a: Wingdings\n|-boost|p2a: Wingdings|spa|1\n|-boost|p2a: Wingdings|spd|1\n|move|p1a: subscribe to mm|Stored Power|p2a: Wingdings\n|-resisted|p2a: Wingdings\n|-damage|p2a: Wingdings|23\/100 par\n|\n|-heal|p1a: subscribe to mm|93\/100|[from] item: Leftovers\n|-sideend|p1: slugmaaa|move: Light Screen\n|upkeep\n|turn|15\n|\n|t:|1701138804\n|cant|p2a: Wingdings|par\n|move|p1a: subscribe to mm|Stored Power|p2a: Wingdings\n|-resisted|p2a: Wingdings\n|-damage|p2a: Wingdings|0 fnt\n|faint|p2a: Wingdings\n|\n|-heal|p1a: subscribe to mm|99\/100|[from] item: Leftovers\n|upkeep\n|\n|t:|1701138838\n|switch|p2a: Cymbal!|Rillaboom, F|100\/100\n|-fieldstart|move: Grassy Terrain|[from] ability: Grassy Surge|[of] p2a: Cymbal!\n|turn|16\n|\n|t:|1701138844\n|move|p2a: Cymbal!|Knock Off|p1a: subscribe to mm\n|-supereffective|p1a: subscribe to mm\n|-damage|p1a: subscribe to mm|30\/100\n|-enditem|p1a: subscribe to mm|Leftovers|[from] move: Knock Off|[of] p2a: Cymbal!\n|move|p1a: subscribe to mm|Stored Power|p2a: Cymbal!\n|-damage|p2a: Cymbal!|0 fnt\n|faint|p2a: Cymbal!\n|\n|upkeep\n|\n|t:|1701138863\n|switch|p2a: Aquafina|Azumarill, F|100\/100\n|turn|17\n|\n|t:|1701138882\n|switch|p1a: eaten by VNM|Arcanine-Hisui, M, shiny|100\/100\n|-ability|p1a: eaten by VNM|Intimidate|boost\n|-unboost|p2a: Aquafina|atk|1\n|move|p2a: Aquafina|Aqua Jet|p1a: eaten by VNM\n|-supereffective|p1a: eaten by VNM\n|-damage|p1a: eaten by VNM|41\/100\n|-damage|p2a: Aquafina|84\/100|[from] item: Rocky Helmet|[of] p1a: eaten by VNM\n|-damage|p2a: Aquafina|74\/100|[from] item: Life Orb\n|\n|-heal|p1a: eaten by VNM|47\/100|[from] Grassy Terrain\n|-heal|p2a: Aquafina|80\/100|[from] Grassy Terrain\n|upkeep\n|turn|18\n|\n|t:|1701138902\n|move|p2a: Aquafina|Aqua Jet|p1a: eaten by VNM\n|-supereffective|p1a: eaten by VNM\n|-damage|p1a: eaten by VNM|0 fnt\n|-damage|p2a: Aquafina|64\/100|[from] item: Rocky Helmet|[of] p1a: eaten by VNM\n|faint|p1a: eaten by VNM\n|-damage|p2a: Aquafina|54\/100|[from] item: Life Orb\n|\n|-heal|p2a: Aquafina|60\/100|[from] Grassy Terrain\n|upkeep\n|\n|t:|1701138907\n|switch|p1a: toxic|Iron Bundle, shiny|100\/100\n|turn|19\n|\n|t:|1701138919\n|move|p2a: Aquafina|Aqua Jet|p1a: toxic\n|-resisted|p1a: toxic\n|-damage|p1a: toxic|87\/100\n|-damage|p2a: Aquafina|50\/100|[from] item: Life Orb\n|move|p1a: toxic|Freeze-Dry|p2a: Aquafina\n|-supereffective|p2a: Aquafina\n|-crit|p2a: Aquafina\n|-damage|p2a: Aquafina|0 fnt\n|faint|p2a: Aquafina\n|-damage|p1a: toxic|77\/100|[from] item: Life Orb\n|\n|-heal|p1a: toxic|83\/100|[from] Grassy Terrain\n|upkeep\n|\n|t:|1701138929\n|switch|p2a: Cutter|Lurantis, M|100\/100\n|turn|20\n|\n|t:|1701138936\n|-end|p1a: toxic|Quark Drive|[silent]\n|switch|p1a: subscribe to mm|Cresselia, F, shiny|30\/100\n|move|p2a: Cutter|Leaf Storm|p1a: subscribe to mm\n|-damage|p1a: subscribe to mm|8\/100\n|-boost|p2a: Cutter|spa|2\n|\n|-fieldend|move: Grassy Terrain\n|upkeep\n|turn|21\n|\n|t:|1701138952\n|move|p1a: subscribe to mm|Moonlight|p1a: subscribe to mm\n|-heal|p1a: subscribe to mm|58\/100\n|move|p2a: Cutter|Leaf Storm|p1a: subscribe to mm\n|-damage|p1a: subscribe to mm|22\/100\n|-boost|p2a: Cutter|spa|2\n|\n|upkeep\n|turn|22\n|\n|t:|1701138966\n|move|p1a: subscribe to mm|Calm Mind|p1a: subscribe to mm\n|-boost|p1a: subscribe to mm|spa|1\n|-boost|p1a: subscribe to mm|spd|1\n|move|p2a: Cutter|Leaf Storm|p1a: subscribe to mm\n|-damage|p1a: subscribe to mm|0 fnt\n|-boost|p2a: Cutter|spa|2\n|faint|p1a: subscribe to mm\n|\n|upkeep\n|\n|t:|1701138978\n|switch|p1a: cc god|Sableye, M|12\/100\n|turn|23\n|\n|t:|1701138984\n|move|p1a: cc god|Light Screen|p1a: cc god\n|-sidestart|p1: slugmaaa|move: Light Screen\n|move|p2a: Cutter|Leaf Storm|p1a: cc god\n|-damage|p1a: cc god|0 fnt\n|faint|p1a: cc god\n|\n|upkeep\n|\n|t:|1701138987\n|switch|p1a: toxic|Iron Bundle, shiny|83\/100\n|turn|24\n|\n|t:|1701138994\n|move|p1a: toxic|Ice Beam|p2a: Cutter\n|-supereffective|p2a: Cutter\n|-damage|p2a: Cutter|2\/100\n|-damage|p1a: toxic|73\/100|[from] item: Life Orb\n|move|p2a: Cutter|Leaf Storm|p1a: toxic\n|-supereffective|p1a: toxic\n|-damage|p1a: toxic|0 fnt\n|faint|p1a: toxic\n|-end|p1a: toxic|Quark Drive|[silent]\n|\n|upkeep\n|\n|t:|1701138999\n|switch|p1a: capitalism|Gholdengo|100\/100\n|turn|25\n|\n|t:|1701139008\n|move|p1a: capitalism|Shadow Ball|p2a: Cutter\n|-damage|p2a: Cutter|0 fnt\n|faint|p2a: Cutter\n|\n|upkeep\n|\n|t:|1701139015\n|switch|p2a: Stone Hands|Garganacl, F|100\/100\n|turn|26\n|\n|t:|1701139019\n|move|p1a: capitalism|Shadow Ball|p2a: Stone Hands\n|-damage|p2a: Stone Hands|88\/100\n|move|p2a: Stone Hands|Salt Cure|p1a: capitalism\n|-resisted|p1a: capitalism\n|-damage|p1a: capitalism|93\/100\n|-start|p1a: capitalism|Salt Cure\n|\n|-heal|p2a: Stone Hands|94\/100|[from] item: Leftovers\n|-damage|p1a: capitalism|68\/100|[from] Salt Cure\n|upkeep\n|turn|27\n|\n|t:|1701139030\n|move|p2a: Stone Hands|Protect|p2a: Stone Hands\n|-singleturn|p2a: Stone Hands|Protect\n|move|p1a: capitalism|Shadow Ball|p2a: Stone Hands\n|-activate|p2a: Stone Hands|move: Protect\n|\n|-heal|p2a: Stone Hands|99\/100|[from] item: Leftovers\n|-damage|p1a: capitalism|43\/100|[from] Salt Cure\n|upkeep\n|turn|28\n|\n|t:|1701139040\n|move|p1a: capitalism|Shadow Ball|p2a: Stone Hands\n|-damage|p2a: Stone Hands|85\/100\n|-unboost|p2a: Stone Hands|spd|1\n|move|p2a: Stone Hands|Salt Cure|p1a: capitalism\n|-resisted|p1a: capitalism\n|-damage|p1a: capitalism|36\/100\n|\n|-heal|p2a: Stone Hands|91\/100|[from] item: Leftovers\n|-damage|p1a: capitalism|11\/100|[from] Salt Cure\n|upkeep\n|turn|29\n|\n|t:|1701139050\n|move|p2a: Stone Hands|Protect|p2a: Stone Hands\n|-singleturn|p2a: Stone Hands|Protect\n|move|p1a: capitalism|Shadow Ball|p2a: Stone Hands\n|-activate|p2a: Stone Hands|move: Protect\n|\n|-heal|p2a: Stone Hands|97\/100|[from] item: Leftovers\n|-damage|p1a: capitalism|0 fnt|[from] Salt Cure\n|faint|p1a: capitalism\n|\n|win|BLACK METAL 3\n|upkeep\n|l|\u2606slugmaaa\n","uploadtime":1701139061,"views":11,"p1id":"slugmaaa","p2id":"blackmetal3","formatid":"gen9ubers","rating":0,"private":0,"password":""}