{"id":"gen9ubers-1973910487","p1":"nimjaishot","p2":"OreoMan789","format":"[Gen 9] Ubers","log":"|j|\u2606nimjaishot\n|j|\u2606OreoMan789\n|t:|1698027093\n|gametype|singles\n|player|p1|nimjaishot|winona-gen6|\n|player|p2|OreoMan789|gentleman-gen4|\n|teamsize|p1|6\n|teamsize|p2|6\n|gen|9\n|tier|[Gen 9] Ubers\n|rule|Sleep Clause Mod: Limit one foe put to sleep\n|rule|Species Clause: Limit one of each Pok\u00e9mon\n|rule|OHKO Clause: OHKO moves are banned\n|rule|Evasion Items Clause: Evasion items are banned\n|rule|Evasion Moves Clause: Evasion moves are banned\n|rule|Endless Battle Clause: Forcing endless battles is banned\n|rule|HP Percentage Mod: HP is shown in percentages\n|clearpoke\n|poke|p1|Giratina|\n|poke|p1|Gliscor, M|\n|poke|p1|Gholdengo|\n|poke|p1|Magearna|\n|poke|p1|Dondozo, F|\n|poke|p1|Arceus-Grass|\n|poke|p2|Urshifu-*, M|\n|poke|p2|Palkia-Origin|\n|poke|p2|Grimmsnarl, M|\n|poke|p2|Arcanine, F|\n|poke|p2|Arceus-Poison|\n|poke|p2|Rotom-Heat|\n|teampreview\n|c|\u2606nimjaishot|gl hf\n|\n|t:|1698027112\n|start\n|switch|p1a: Gholdengo|Gholdengo|100\/100\n|switch|p2a: Arcanine|Arcanine, F, shiny|100\/100\n|-ability|p2a: Arcanine|Intimidate|boost\n|-unboost|p1a: Gholdengo|atk|1\n|-item|p1a: Gholdengo|Air Balloon\n|turn|1\n|\n|t:|1698027148\n|switch|p1a: Gliscor|Gliscor, M|100\/100\n|move|p2a: Arcanine|Flare Blitz|p1a: Gliscor\n|-damage|p1a: Gliscor|66\/100\n|-damage|p2a: Arcanine|89\/100|[from] Recoil\n|\n|-status|p1a: Gliscor|tox|[from] item: Toxic Orb\n|upkeep\n|turn|2\n|\n|t:|1698027155\n|switch|p2a: Rotom|Rotom-Heat, shiny|100\/100\n|move|p1a: Gliscor|Protect||[still]\n|-fail|p1a: Gliscor\n|\n|-heal|p1a: Gliscor|79\/100 tox|[from] ability: Poison Heal\n|upkeep\n|turn|3\n|\n|t:|1698027161\n|move|p1a: Gliscor|Knock Off|p2a: Rotom\n|-damage|p2a: Rotom|74\/100\n|-enditem|p2a: Rotom|Leftovers|[from] move: Knock Off|[of] p1a: Gliscor\n|move|p2a: Rotom|Overheat|p1a: Gliscor\n|-damage|p1a: Gliscor|7\/100 tox\n|-unboost|p2a: Rotom|spa|2\n|\n|-heal|p1a: Gliscor|20\/100 tox|[from] ability: Poison Heal\n|upkeep\n|turn|4\n|\n|t:|1698027176\n|move|p1a: Gliscor|Protect|p1a: Gliscor\n|-singleturn|p1a: Gliscor|Protect\n|move|p2a: Rotom|Overheat|p1a: Gliscor\n|-activate|p1a: Gliscor|move: Protect\n|\n|-heal|p1a: Gliscor|32\/100 tox|[from] ability: Poison Heal\n|upkeep\n|turn|5\n|\n|t:|1698027186\n|switch|p1a: Dondozo|Dondozo, F|100\/100\n|move|p2a: Rotom|Overheat|p1a: Dondozo\n|-resisted|p1a: Dondozo\n|-damage|p1a: Dondozo|72\/100\n|-unboost|p2a: Rotom|spa|2\n|\n|-heal|p1a: Dondozo|78\/100|[from] item: Leftovers\n|upkeep\n|turn|6\n|\n|t:|1698027190\n|move|p2a: Rotom|Volt Switch|p1a: Dondozo\n|-supereffective|p1a: Dondozo\n|-damage|p1a: Dondozo|16\/100\n|\n|t:|1698027194\n|switch|p2a: Urshifu|Urshifu-Rapid-Strike, M|100\/100|[from] Volt Switch\n|move|p1a: Dondozo|Curse|p1a: Dondozo\n|-unboost|p1a: Dondozo|spe|1\n|-boost|p1a: Dondozo|atk|1\n|-boost|p1a: Dondozo|def|1\n|\n|-heal|p1a: Dondozo|23\/100|[from] item: Leftovers\n|upkeep\n|turn|7\n|\n|t:|1698027208\n|move|p2a: Urshifu|Trailblaze|p1a: Dondozo\n|-supereffective|p1a: Dondozo\n|-damage|p1a: Dondozo|13\/100\n|-boost|p2a: Urshifu|spe|1\n|move|p1a: Dondozo|Rest|p1a: Dondozo\n|-status|p1a: Dondozo|slp|[from] move: Rest\n|-heal|p1a: Dondozo|100\/100 slp|[silent]\n|\n|upkeep\n|turn|8\n|\n|t:|1698027219\n|switch|p2a: Rotom|Rotom-Heat, shiny|74\/100\n|cant|p1a: Dondozo|slp\n|move|p1a: Dondozo|Sleep Talk|p1a: Dondozo\n|move|p1a: Dondozo|Curse|p1a: Dondozo|[from]move: Sleep Talk\n|-unboost|p1a: Dondozo|spe|1\n|-boost|p1a: Dondozo|atk|1\n|-boost|p1a: Dondozo|def|1\n|\n|upkeep\n|turn|9\n|\n|t:|1698027243\n|move|p2a: Rotom|Volt Switch|p1a: Dondozo\n|-supereffective|p1a: Dondozo\n|-damage|p1a: Dondozo|31\/100 slp\n|\n|t:|1698027247\n|switch|p2a: Urshifu|Urshifu-Rapid-Strike, M|100\/100|[from] Volt Switch\n|cant|p1a: Dondozo|slp\n|move|p1a: Dondozo|Sleep Talk|p1a: Dondozo\n|move|p1a: Dondozo|Rest||[from]move: Sleep Talk|[still]\n|-fail|p1a: Dondozo\n|\n|-heal|p1a: Dondozo|38\/100 slp|[from] item: Leftovers\n|upkeep\n|turn|10\n|\n|t:|1698027258\n|move|p2a: Urshifu|Surging Strikes|p1a: Dondozo\n|-resisted|p1a: Dondozo\n|-crit|p1a: Dondozo\n|-damage|p1a: Dondozo|32\/100 slp\n|-resisted|p1a: Dondozo\n|-crit|p1a: Dondozo\n|-damage|p1a: Dondozo|27\/100 slp\n|-resisted|p1a: Dondozo\n|-crit|p1a: Dondozo\n|-damage|p1a: Dondozo|22\/100 slp\n|-hitcount|p1a: Dondozo|3\n|-curestatus|p1a: Dondozo|slp|[msg]\n|move|p1a: Dondozo|Curse|p1a: Dondozo\n|-unboost|p1a: Dondozo|spe|1\n|-boost|p1a: Dondozo|atk|1\n|-boost|p1a: Dondozo|def|1\n|\n|-heal|p1a: Dondozo|28\/100|[from] item: Leftovers\n|upkeep\n|turn|11\n|\n|t:|1698027264\n|switch|p2a: Rotom|Rotom-Heat, shiny|74\/100\n|move|p1a: Dondozo|Rest|p1a: Dondozo\n|-status|p1a: Dondozo|slp|[from] move: Rest\n|-heal|p1a: Dondozo|100\/100 slp|[silent]\n|\n|upkeep\n|turn|12\n|\n|t:|1698027270\n|move|p2a: Rotom|Discharge|p1a: Dondozo\n|-supereffective|p1a: Dondozo\n|-crit|p1a: Dondozo\n|-damage|p1a: Dondozo|0 fnt\n|faint|p1a: Dondozo\n|\n|upkeep\n|c|\u2606OreoMan789|damn that was scary\n|c|\u2606nimjaishot|didnt expect it\n|c|\u2606OreoMan789|same\n|\n|t:|1698027300\n|switch|p1a: Giratina|Giratina|100\/100\n|-ability|p1a: Giratina|Pressure\n|turn|13\n|\n|t:|1698027308\n|move|p1a: Giratina|Will-O-Wisp|p2a: Rotom|[miss]\n|-miss|p1a: Giratina|p2a: Rotom\n|move|p2a: Rotom|Thunder Wave|p1a: Giratina\n|-status|p1a: Giratina|par\n|\n|upkeep\n|turn|14\n|\n|t:|1698027316\n|move|p2a: Rotom|Volt Switch|p1a: Giratina\n|-resisted|p1a: Giratina\n|-damage|p1a: Giratina|91\/100 par\n|\n|t:|1698027319\n|switch|p2a: Arcanine|Arcanine, F, shiny|89\/100|[from] Volt Switch\n|-ability|p2a: Arcanine|Intimidate|boost\n|-unboost|p1a: Giratina|atk|1\n|move|p1a: Giratina|Dragon Tail|p2a: Arcanine\n|-damage|p2a: Arcanine|75\/100\n|drag|p2a: Palkia|Palkia-Origin, shiny|100\/100\n|-ability|p2a: Palkia|Pressure\n|\n|upkeep\n|turn|15\n|\n|t:|1698027329\n|switch|p1a: Magearna|Magearna|100\/100\n|move|p2a: Palkia|Spacial Rend|p1a: Magearna\n|-immune|p1a: Magearna\n|\n|upkeep\n|turn|16\n|c|\u2606OreoMan789|nice\n|\n|t:|1698027344\n|switch|p2a: Arcanine|Arcanine, F, shiny|75\/100\n|-ability|p2a: Arcanine|Intimidate|boost\n|-unboost|p1a: Magearna|atk|1\n|move|p1a: Magearna|Draining Kiss|p2a: Arcanine\n|-resisted|p2a: Arcanine\n|-damage|p2a: Arcanine|64\/100\n|\n|upkeep\n|turn|17\n|\n|t:|1698027352\n|switch|p1a: Giratina|Giratina|91\/100 par\n|-ability|p1a: Giratina|Pressure\n|move|p2a: Arcanine|Morning Sun|p2a: Arcanine\n|-heal|p2a: Arcanine|100\/100\n|\n|upkeep\n|turn|18\n|\n|t:|1698027359\n|move|p2a: Arcanine|Flare Blitz|p1a: Giratina\n|-resisted|p1a: Giratina\n|-damage|p1a: Giratina|80\/100 par\n|-damage|p2a: Arcanine|95\/100|[from] Recoil\n|cant|p1a: Giratina|par\n|\n|upkeep\n|turn|19\n|\n|t:|1698027366\n|move|p2a: Arcanine|Flare Blitz|p1a: Giratina\n|-resisted|p1a: Giratina\n|-damage|p1a: Giratina|68\/100 par\n|-damage|p2a: Arcanine|90\/100|[from] Recoil\n|move|p1a: Giratina|Will-O-Wisp|p2a: Arcanine\n|-immune|p2a: Arcanine\n|\n|upkeep\n|turn|20\n|\n|t:|1698027375\n|switch|p2a: Rotom|Rotom-Heat, shiny|74\/100\n|move|p1a: Giratina|Dragon Tail|p2a: Rotom\n|-damage|p2a: Rotom|49\/100\n|drag|p2a: Palkia|Palkia-Origin, shiny|100\/100\n|-ability|p2a: Palkia|Pressure\n|\n|upkeep\n|turn|21\n|\n|t:|1698027384\n|move|p2a: Palkia|Spacial Rend|p1a: Giratina|[miss]\n|-miss|p2a: Palkia|p1a: Giratina\n|move|p1a: Giratina|Rest|p1a: Giratina\n|-status|p1a: Giratina|slp|[from] move: Rest\n|-heal|p1a: Giratina|100\/100 slp|[silent]\n|\n|upkeep\n|turn|22\n|c|\u2606OreoMan789|how have you brouth the same mon twice\n|\n|t:|1698027392\n|switch|p1a: Magearna|Magearna|100\/100\n|move|p2a: Palkia|Spacial Rend|p1a: Magearna\n|-immune|p1a: Magearna\n|\n|upkeep\n|turn|23\n|c|\u2606nimjaishot|wdym\n|c|\u2606OreoMan789|like my mon\n|c|\u2606OreoMan789|with dragon tail\n|\n|t:|1698027415\n|move|p2a: Palkia|Earth Power|p1a: Magearna\n|-supereffective|p1a: Magearna\n|-damage|p1a: Magearna|37\/100\n|move|p1a: Magearna|Spikes|p2a: Palkia\n|-sidestart|p2: OreoMan789|Spikes\n|\n|-heal|p1a: Magearna|43\/100|[from] item: Leftovers\n|upkeep\n|turn|24\n|\n|t:|1698027421\n|switch|p1a: Gliscor|Gliscor, M|32\/100 tox\n|move|p2a: Palkia|Earth Power|p1a: Gliscor\n|-immune|p1a: Gliscor\n|\n|-heal|p1a: Gliscor|45\/100 tox|[from] ability: Poison Heal\n|upkeep\n|turn|25\n|c|\u2606nimjaishot|luck\n|\n|t:|1698027431\n|move|p1a: Gliscor|Protect|p1a: Gliscor\n|-singleturn|p1a: Gliscor|Protect\n|move|p2a: Palkia|Ice Beam|p1a: Gliscor\n|-activate|p1a: Gliscor|move: Protect\n|\n|-heal|p1a: Gliscor|57\/100 tox|[from] ability: Poison Heal\n|upkeep\n|turn|26\n|\n|t:|1698027448\n|-terastallize|p1a: Gliscor|Water\n|move|p2a: Palkia|Surf|p1a: Gliscor\n|-resisted|p1a: Gliscor\n|-damage|p1a: Gliscor|16\/100 tox\n|move|p1a: Gliscor|Toxic|p2a: Palkia\n|-status|p2a: Palkia|tox\n|\n|-damage|p2a: Palkia|94\/100 tox|[from] psn\n|-heal|p1a: Gliscor|29\/100 tox|[from] ability: Poison Heal\n|upkeep\n|turn|27\n|\n|t:|1698027456\n|switch|p2a: Arcanine|Arcanine, F, shiny|90\/100\n|-damage|p2a: Arcanine|77\/100|[from] Spikes\n|-ability|p2a: Arcanine|Intimidate|boost\n|-unboost|p1a: Gliscor|atk|1\n|move|p1a: Gliscor|Protect||[still]\n|-fail|p1a: Gliscor\n|\n|-heal|p1a: Gliscor|41\/100 tox|[from] ability: Poison Heal\n|upkeep\n|turn|28\n|\n|t:|1698027473\n|switch|p2a: Palkia|Palkia-Origin, shiny|94\/100 tox\n|-damage|p2a: Palkia|82\/100 tox|[from] Spikes\n|-ability|p2a: Palkia|Pressure\n|move|p1a: Gliscor|Earthquake|p2a: Palkia\n|-damage|p2a: Palkia|58\/100 tox\n|\n|-damage|p2a: Palkia|52\/100 tox|[from] psn\n|-heal|p1a: Gliscor|54\/100 tox|[from] ability: Poison Heal\n|upkeep\n|turn|29\n|\n|t:|1698027486\n|switch|p1a: Magearna|Magearna|43\/100\n|move|p2a: Palkia|Spacial Rend|p1a: Magearna\n|-immune|p1a: Magearna\n|\n|-heal|p1a: Magearna|49\/100|[from] item: Leftovers\n|-damage|p2a: Palkia|40\/100 tox|[from] psn\n|upkeep\n|turn|30\n|\n|t:|1698027491\n|move|p2a: Palkia|Spacial Rend|p1a: Magearna\n|-immune|p1a: Magearna\n|move|p1a: Magearna|Draining Kiss|p2a: Palkia\n|-supereffective|p2a: Palkia\n|-damage|p2a: Palkia|0 fnt\n|-heal|p1a: Magearna|75\/100|[from] drain|[of] p2a: Palkia\n|faint|p2a: Palkia\n|-ability|p1a: Magearna|Soul-Heart|boost\n|-boost|p1a: Magearna|spa|1\n|\n|-heal|p1a: Magearna|82\/100|[from] item: Leftovers\n|upkeep\n|\n|t:|1698027495\n|switch|p2a: Arcanine|Arcanine, F, shiny|77\/100\n|-damage|p2a: Arcanine|65\/100|[from] Spikes\n|-ability|p2a: Arcanine|Intimidate|boost\n|-unboost|p1a: Magearna|atk|1\n|turn|31\n|\n|t:|1698027503\n|move|p2a: Arcanine|Flare Blitz|p1a: Magearna\n|-supereffective|p1a: Magearna\n|-damage|p1a: Magearna|17\/100\n|-damage|p2a: Arcanine|43\/100|[from] Recoil\n|-enditem|p2a: Arcanine|Sitrus Berry|[eat]\n|-heal|p2a: Arcanine|68\/100|[from] item: Sitrus Berry\n|move|p1a: Magearna|Volt Switch|p2a: Arcanine\n|-damage|p2a: Arcanine|38\/100\n|c|\u2606OreoMan789|i was expecting a switch tbj\n|\n|t:|1698027514\n|switch|p1a: Gliscor|Gliscor, M, tera:Water|54\/100 tox|[from] Volt Switch\n|\n|-heal|p1a: Gliscor|66\/100 tox|[from] ability: Poison Heal\n|upkeep\n|turn|32\n|\n|t:|1698027524\n|switch|p2a: Rotom|Rotom-Heat, shiny|49\/100\n|move|p1a: Gliscor|Knock Off|p2a: Rotom\n|-damage|p2a: Rotom|31\/100\n|\n|-heal|p1a: Gliscor|78\/100 tox|[from] ability: Poison Heal\n|upkeep\n|turn|33\n|\n|t:|1698027531\n|switch|p1a: Giratina|Giratina|100\/100 slp\n|-ability|p1a: Giratina|Pressure\n|move|p2a: Rotom|Volt Switch|p1a: Giratina\n|-resisted|p1a: Giratina\n|-damage|p1a: Giratina|91\/100 slp\n|\n|t:|1698027535\n|switch|p2a: Grimmsnarl|Grimmsnarl, M, shiny|100\/100|[from] Volt Switch\n|-damage|p2a: Grimmsnarl|88\/100|[from] Spikes\n|\n|upkeep\n|turn|34\n|\n|t:|1698027544\n|move|p2a: Grimmsnarl|Reflect|p2a: Grimmsnarl\n|-sidestart|p2: OreoMan789|Reflect\n|cant|p1a: Giratina|slp\n|\n|upkeep\n|turn|35\n|\n|t:|1698027547\n|move|p2a: Grimmsnarl|Light Screen|p2a: Grimmsnarl\n|-sidestart|p2: OreoMan789|move: Light Screen\n|cant|p1a: Giratina|slp\n|\n|upkeep\n|turn|36\n|\n|t:|1698027551\n|-curestatus|p1a: Giratina|slp|[msg]\n|move|p1a: Giratina|Defog|p2a: Grimmsnarl\n|-unboost|p2a: Grimmsnarl|evasion|1\n|-sideend|p2: OreoMan789|Reflect\n|-sideend|p2: OreoMan789|move: Light Screen\n|-sideend|p2: OreoMan789|Spikes|[from] move: Defog|[of] p1a: Giratina\n|move|p2a: Grimmsnarl|Foul Play|p1a: Giratina\n|-supereffective|p1a: Giratina\n|-damage|p1a: Giratina|63\/100\n|\n|upkeep\n|turn|37\n|\n|t:|1698027567\n|switch|p1a: Magearna|Magearna|17\/100\n|switch|p2a: Arcanine|Arcanine, F, shiny|38\/100\n|-ability|p2a: Arcanine|Intimidate|boost\n|-unboost|p1a: Magearna|atk|1\n|\n|-heal|p1a: Magearna|23\/100|[from] item: Leftovers\n|upkeep\n|turn|38\n|\n|t:|1698027573\n|switch|p1a: Gliscor|Gliscor, M, tera:Water|78\/100 tox\n|move|p2a: Arcanine|Morning Sun|p2a: Arcanine\n|-heal|p2a: Arcanine|88\/100\n|\n|-heal|p1a: Gliscor|91\/100 tox|[from] ability: Poison Heal\n|upkeep\n|turn|39\n|\n|t:|1698027580\n|-terastallize|p2a: Arcanine|Water\n|move|p2a: Arcanine|Flare Blitz|p1a: Gliscor\n|-resisted|p1a: Gliscor\n|-damage|p1a: Gliscor|74\/100 tox\n|-damage|p2a: Arcanine|83\/100|[from] Recoil\n|move|p1a: Gliscor|Toxic|p2a: Arcanine|[miss]\n|-miss|p1a: Gliscor|p2a: Arcanine\n|\n|-heal|p1a: Gliscor|87\/100 tox|[from] ability: Poison Heal\n|upkeep\n|turn|40\n|\n|t:|1698027588\n|move|p2a: Arcanine|Extreme Speed|p1a: Gliscor\n|-damage|p1a: Gliscor|74\/100 tox\n|move|p1a: Gliscor|Toxic|p2a: Arcanine\n|-status|p2a: Arcanine|tox\n|\n|-damage|p2a: Arcanine|77\/100 tox|[from] psn\n|-heal|p1a: Gliscor|86\/100 tox|[from] ability: Poison Heal\n|upkeep\n|turn|41\n|\n|t:|1698027598\n|switch|p2a: Urshifu|Urshifu-Rapid-Strike, M|100\/100\n|switch|p1a: Giratina|Giratina|63\/100\n|-ability|p1a: Giratina|Pressure\n|\n|upkeep\n|turn|42\n|\n|t:|1698027606\n|switch|p2a: Arcanine|Arcanine, F, shiny, tera:Water|77\/100 tox\n|-ability|p2a: Arcanine|Intimidate|boost\n|-unboost|p1a: Giratina|atk|1\n|move|p1a: Giratina|Will-O-Wisp||[still]\n|-fail|p1a: Giratina\n|\n|-damage|p2a: Arcanine|71\/100 tox|[from] psn\n|upkeep\n|turn|43\n|\n|t:|1698027611\n|move|p2a: Arcanine|Will-O-Wisp|p1a: Giratina\n|-status|p1a: Giratina|brn\n|move|p1a: Giratina|Dragon Tail|p2a: Arcanine\n|-damage|p2a: Arcanine|63\/100 tox\n|drag|p2a: Urshifu|Urshifu-Rapid-Strike, M|100\/100\n|\n|-damage|p1a: Giratina|57\/100 brn|[from] brn\n|upkeep\n|turn|44\n|\n|t:|1698027615\n|switch|p2a: Rotom|Rotom-Heat, shiny|31\/100\n|move|p1a: Giratina|Will-O-Wisp|p2a: Rotom\n|-immune|p2a: Rotom\n|\n|-damage|p1a: Giratina|51\/100 brn|[from] brn\n|upkeep\n|turn|45\n|\n|t:|1698027621\n|move|p1a: Giratina|Rest|p1a: Giratina\n|-status|p1a: Giratina|slp|[from] move: Rest\n|-heal|p1a: Giratina|100\/100 slp|[silent]\n|move|p2a: Rotom|Volt Switch|p1a: Giratina\n|-resisted|p1a: Giratina\n|-damage|p1a: Giratina|90\/100 slp\n|\n|t:|1698027626\n|switch|p2a: Grimmsnarl|Grimmsnarl, M, shiny|88\/100|[from] Volt Switch\n|\n|upkeep\n|turn|46\n|\n|t:|1698027631\n|switch|p1a: Magearna|Magearna|23\/100\n|move|p2a: Grimmsnarl|Foul Play|p1a: Magearna\n|-resisted|p1a: Magearna\n|-damage|p1a: Magearna|15\/100\n|\n|-heal|p1a: Magearna|21\/100|[from] item: Leftovers\n|upkeep\n|turn|47\n|\n|t:|1698027636\n|move|p2a: Grimmsnarl|Thunder Wave|p1a: Magearna\n|-status|p1a: Magearna|par\n|cant|p1a: Magearna|par\n|\n|-heal|p1a: Magearna|27\/100 par|[from] item: Leftovers\n|upkeep\n|turn|48\n|\n|t:|1698027640\n|move|p2a: Grimmsnarl|Light Screen|p2a: Grimmsnarl\n|-sidestart|p2: OreoMan789|move: Light Screen\n|move|p1a: Magearna|Encore|p2a: Grimmsnarl\n|-start|p2a: Grimmsnarl|Encore\n|\n|-heal|p1a: Magearna|33\/100 par|[from] item: Leftovers\n|upkeep\n|turn|49\n|\n|t:|1698027644\n|switch|p2a: Arcanine|Arcanine, F, shiny, tera:Water|63\/100 tox\n|-ability|p2a: Arcanine|Intimidate|boost\n|-unboost|p1a: Magearna|atk|1\n|move|p1a: Magearna|Spikes|p2a: Arcanine\n|-sidestart|p2: OreoMan789|Spikes\n|\n|-heal|p1a: Magearna|39\/100 par|[from] item: Leftovers\n|-damage|p2a: Arcanine|57\/100 tox|[from] psn\n|upkeep\n|turn|50\n|\n|t:|1698027651\n|move|p2a: Arcanine|Morning Sun|p2a: Arcanine\n|-heal|p2a: Arcanine|100\/100 tox\n|move|p1a: Magearna|Spikes|p2a: Arcanine\n|-sidestart|p2: OreoMan789|Spikes\n|\n|-heal|p1a: Magearna|45\/100 par|[from] item: Leftovers\n|-damage|p2a: Arcanine|88\/100 tox|[from] psn\n|upkeep\n|turn|51\n|\n|t:|1698027656\n|switch|p1a: Gliscor|Gliscor, M, tera:Water|86\/100 tox\n|move|p2a: Arcanine|Flare Blitz|p1a: Gliscor\n|-resisted|p1a: Gliscor\n|-damage|p1a: Gliscor|70\/100 tox\n|-damage|p2a: Arcanine|83\/100 tox|[from] Recoil\n|\n|-damage|p2a: Arcanine|65\/100 tox|[from] psn\n|-heal|p1a: Gliscor|83\/100 tox|[from] ability: Poison Heal\n|upkeep\n|turn|52\n|\n|t:|1698027667\n|switch|p2a: Urshifu|Urshifu-Rapid-Strike, M|100\/100\n|-damage|p2a: Urshifu|84\/100|[from] Spikes\n|move|p1a: Gliscor|Knock Off|p2a: Urshifu\n|-resisted|p2a: Urshifu\n|-damage|p2a: Urshifu|74\/100\n|-enditem|p2a: Urshifu|Punching Glove|[from] move: Knock Off|[of] p1a: Gliscor\n|\n|-heal|p1a: Gliscor|95\/100 tox|[from] ability: Poison Heal\n|upkeep\n|turn|53\n|\n|t:|1698027678\n|switch|p1a: Giratina|Giratina|90\/100 slp\n|-ability|p1a: Giratina|Pressure\n|move|p2a: Urshifu|Trailblaze|p1a: Giratina\n|-resisted|p1a: Giratina\n|-damage|p1a: Giratina|86\/100 slp\n|-boost|p2a: Urshifu|spe|1\n|\n|upkeep\n|turn|54\n|\n|t:|1698027688\n|switch|p2a: Rotom|Rotom-Heat, shiny|31\/100\n|cant|p1a: Giratina|slp\n|\n|upkeep\n|turn|55\n|\n|t:|1698027693\n|move|p2a: Rotom|Discharge|p1a: Giratina\n|-resisted|p1a: Giratina\n|-crit|p1a: Giratina\n|-damage|p1a: Giratina|70\/100 slp\n|cant|p1a: Giratina|slp\n|\n|-sideend|p2: OreoMan789|move: Light Screen\n|upkeep\n|turn|56\n|\n|t:|1698027698\n|move|p2a: Rotom|Volt Switch|p1a: Giratina\n|-resisted|p1a: Giratina\n|-damage|p1a: Giratina|59\/100 slp\n|\n|t:|1698027700\n|switch|p2a: Grimmsnarl|Grimmsnarl, M, shiny|88\/100|[from] Volt Switch\n|-damage|p2a: Grimmsnarl|72\/100|[from] Spikes\n|-curestatus|p1a: Giratina|slp|[msg]\n|move|p1a: Giratina|Dragon Tail|p2a: Grimmsnarl\n|-immune|p2a: Grimmsnarl\n|\n|upkeep\n|turn|57\n|\n|t:|1698027705\n|move|p2a: Grimmsnarl|Reflect|p2a: Grimmsnarl\n|-sidestart|p2: OreoMan789|Reflect\n|move|p1a: Giratina|Will-O-Wisp|p2a: Grimmsnarl\n|-status|p2a: Grimmsnarl|brn\n|\n|-damage|p2a: Grimmsnarl|65\/100 brn|[from] brn\n|upkeep\n|turn|58\n|\n|t:|1698027710\n|switch|p1a: Magearna|Magearna|45\/100 par\n|move|p2a: Grimmsnarl|Light Screen|p2a: Grimmsnarl\n|-sidestart|p2: OreoMan789|move: Light Screen\n|\n|-heal|p1a: Magearna|51\/100 par|[from] item: Leftovers\n|-damage|p2a: Grimmsnarl|59\/100 brn|[from] brn\n|upkeep\n|turn|59\n|\n|t:|1698027715\n|switch|p2a: Arcanine|Arcanine, F, shiny, tera:Water|65\/100 tox\n|-damage|p2a: Arcanine|48\/100 tox|[from] Spikes\n|-ability|p2a: Arcanine|Intimidate|boost\n|-unboost|p1a: Magearna|atk|1\n|cant|p1a: Magearna|par\n|\n|-heal|p1a: Magearna|57\/100 par|[from] item: Leftovers\n|-damage|p2a: Arcanine|42\/100 tox|[from] psn\n|upkeep\n|turn|60\n|\n|t:|1698027721\n|switch|p1a: Giratina|Giratina|59\/100\n|-ability|p1a: Giratina|Pressure\n|move|p2a: Arcanine|Morning Sun|p2a: Arcanine\n|-heal|p2a: Arcanine|92\/100 tox\n|\n|-damage|p2a: Arcanine|80\/100 tox|[from] psn\n|upkeep\n|turn|61\n|\n|t:|1698027728\n|move|p2a: Arcanine|Flare Blitz|p1a: Giratina\n|-resisted|p1a: Giratina\n|-damage|p1a: Giratina|49\/100\n|-damage|p2a: Arcanine|75\/100 tox|[from] Recoil\n|move|p1a: Giratina|Dragon Tail|p2a: Arcanine\n|-damage|p2a: Arcanine|64\/100 tox\n|drag|p2a: Grimmsnarl|Grimmsnarl, M, shiny|59\/100 brn\n|-damage|p2a: Grimmsnarl|43\/100 brn|[from] Spikes\n|\n|-damage|p2a: Grimmsnarl|37\/100 brn|[from] brn\n|upkeep\n|turn|62\n|\n|t:|1698027737\n|move|p1a: Giratina|Rest|p1a: Giratina\n|-status|p1a: Giratina|slp|[from] move: Rest\n|-heal|p1a: Giratina|100\/100 slp|[silent]\n|move|p2a: Grimmsnarl|Foul Play|p1a: Giratina\n|-supereffective|p1a: Giratina\n|-damage|p1a: Giratina|85\/100 slp\n|\n|-damage|p2a: Grimmsnarl|31\/100 brn|[from] brn\n|upkeep\n|turn|63\n|\n|t:|1698027742\n|switch|p1a: Magearna|Magearna|57\/100 par\n|move|p2a: Grimmsnarl|Foul Play|p1a: Magearna\n|-resisted|p1a: Magearna\n|-damage|p1a: Magearna|53\/100 par\n|\n|-heal|p1a: Magearna|59\/100 par|[from] item: Leftovers\n|-damage|p2a: Grimmsnarl|25\/100 brn|[from] brn\n|upkeep\n|turn|64\n|\n|t:|1698027745\n|switch|p2a: Rotom|Rotom-Heat, shiny|31\/100\n|move|p1a: Magearna|Draining Kiss|p2a: Rotom\n|-resisted|p2a: Rotom\n|-damage|p2a: Rotom|25\/100\n|-heal|p1a: Magearna|62\/100 par|[from] drain|[of] p2a: Rotom\n|\n|-heal|p1a: Magearna|68\/100 par|[from] item: Leftovers\n|-sideend|p2: OreoMan789|Reflect\n|upkeep\n|turn|65\n|\n|t:|1698027750\n|move|p2a: Rotom|Overheat|p1a: Magearna\n|-supereffective|p1a: Magearna\n|-damage|p1a: Magearna|0 fnt\n|-unboost|p2a: Rotom|spa|2\n|faint|p1a: Magearna\n|\n|-sideend|p2: OreoMan789|move: Light Screen\n|upkeep\n|\n|t:|1698027760\n|switch|p1a: Arceus|Arceus-Grass|100\/100\n|turn|66\n|\n|t:|1698027764\n|move|p1a: Arceus|Stealth Rock|p2a: Rotom\n|-sidestart|p2: OreoMan789|move: Stealth Rock\n|move|p2a: Rotom|Overheat|p1a: Arceus\n|-supereffective|p1a: Arceus\n|-crit|p1a: Arceus\n|-damage|p1a: Arceus|5\/100\n|-unboost|p2a: Rotom|spa|2\n|\n|upkeep\n|turn|67\n|\n|t:|1698027771\n|move|p1a: Arceus|Recover|p1a: Arceus\n|-heal|p1a: Arceus|55\/100\n|move|p2a: Rotom|Volt Switch|p1a: Arceus\n|-resisted|p1a: Arceus\n|-damage|p1a: Arceus|53\/100\n|\n|t:|1698027775\n|switch|p2a: Grimmsnarl|Grimmsnarl, M, shiny|25\/100 brn|[from] Volt Switch\n|-damage|p2a: Grimmsnarl|8\/100 brn|[from] Spikes\n|-damage|p2a: Grimmsnarl|0 fnt|[from] Stealth Rock\n|faint|p2a: Grimmsnarl\n|\n|upkeep\n|\n|t:|1698027777\n|switch|p2a: Rotom|Rotom-Heat, shiny|25\/100\n|-damage|p2a: Rotom|0 fnt|[from] Stealth Rock\n|faint|p2a: Rotom\n|\n|t:|1698027781\n|switch|p2a: Arcanine|Arcanine, F, shiny, tera:Water|64\/100 tox\n|-damage|p2a: Arcanine|48\/100 tox|[from] Spikes\n|-damage|p2a: Arcanine|36\/100 tox|[from] Stealth Rock\n|-ability|p2a: Arcanine|Intimidate|boost\n|-unboost|p1a: Arceus|atk|1\n|turn|68\n|\n|t:|1698027787\n|switch|p1a: Giratina|Giratina|85\/100 slp\n|-ability|p1a: Giratina|Pressure\n|move|p2a: Arcanine|Flare Blitz|p1a: Giratina\n|-resisted|p1a: Giratina\n|-damage|p1a: Giratina|74\/100 slp\n|-damage|p2a: Arcanine|30\/100 tox|[from] Recoil\n|\n|-damage|p2a: Arcanine|24\/100 tox|[from] psn\n|upkeep\n|turn|69\n|\n|t:|1698027794\n|move|p2a: Arcanine|Flare Blitz|p1a: Giratina\n|-resisted|p1a: Giratina\n|-damage|p1a: Giratina|62\/100 slp\n|-damage|p2a: Arcanine|19\/100 tox|[from] Recoil\n|cant|p1a: Giratina|slp\n|\n|-damage|p2a: Arcanine|7\/100 tox|[from] psn\n|upkeep\n|turn|70\n|c|\u2606OreoMan789|gg man\n|c|\u2606nimjaishot|gg\n|\n|t:|1698027800\n|move|p2a: Arcanine|Flare Blitz|p1a: Giratina\n|-resisted|p1a: Giratina\n|-damage|p1a: Giratina|51\/100 slp\n|-damage|p2a: Arcanine|2\/100 tox|[from] Recoil\n|cant|p1a: Giratina|slp\n|\n|-damage|p2a: Arcanine|0 fnt|[from] psn\n|faint|p2a: Arcanine\n|upkeep\n|\n|t:|1698027804\n|switch|p2a: Arceus|Arceus-Poison, shiny|100\/100\n|-damage|p2a: Arceus|84\/100|[from] Spikes\n|-damage|p2a: Arceus|72\/100|[from] Stealth Rock\n|turn|71\n|\n|t:|1698027813\n|switch|p1a: Gholdengo|Gholdengo|100\/100\n|-item|p1a: Gholdengo|Air Balloon\n|move|p2a: Arceus|Cosmic Power|p2a: Arceus\n|-boost|p2a: Arceus|def|1\n|-boost|p2a: Arceus|spd|1\n|\n|upkeep\n|turn|72\n|\n|t:|1698027816\n|move|p2a: Arceus|Cosmic Power|p2a: Arceus\n|-boost|p2a: Arceus|def|1\n|-boost|p2a: Arceus|spd|1\n|move|p1a: Gholdengo|Thunder Wave|p2a: Arceus\n|-status|p2a: Arceus|par\n|\n|upkeep\n|turn|73\n|\n|t:|1698027821\n|move|p1a: Gholdengo|Hex|p2a: Arceus\n|-damage|p2a: Arceus|51\/100 par\n|move|p2a: Arceus|Cosmic Power|p2a: Arceus\n|-boost|p2a: Arceus|def|1\n|-boost|p2a: Arceus|spd|1\n|\n|upkeep\n|turn|74\n|\n|t:|1698027824\n|move|p1a: Gholdengo|Hex|p2a: Arceus\n|-damage|p2a: Arceus|35\/100 par\n|move|p2a: Arceus|Cosmic Power|p2a: Arceus\n|-boost|p2a: Arceus|def|1\n|-boost|p2a: Arceus|spd|1\n|\n|upkeep\n|turn|75\n|\n|t:|1698027826\n|move|p1a: Gholdengo|Hex|p2a: Arceus\n|-damage|p2a: Arceus|21\/100 par\n|cant|p2a: Arceus|par\n|\n|upkeep\n|turn|76\n|\n|t:|1698027834\n|switch|p1a: Arceus|Arceus-Grass|53\/100\n|move|p2a: Arceus|Recover|p2a: Arceus\n|-heal|p2a: Arceus|71\/100 par\n|\n|upkeep\n|turn|77\n|\n|t:|1698027837\n|move|p2a: Arceus|Recover|p2a: Arceus\n|-heal|p2a: Arceus|100\/100 par\n|move|p1a: Arceus|Roar|p2a: Arceus\n|drag|p2a: Urshifu|Urshifu-Rapid-Strike, M|74\/100\n|-damage|p2a: Urshifu|57\/100|[from] Spikes\n|-damage|p2a: Urshifu|51\/100|[from] Stealth Rock\n|\n|upkeep\n|turn|78\n|\n|t:|1698027844\n|move|p2a: Urshifu|Close Combat|p1a: Arceus\n|-damage|p1a: Arceus|9\/100\n|-unboost|p2a: Urshifu|def|1\n|-unboost|p2a: Urshifu|spd|1\n|move|p1a: Arceus|Recover|p1a: Arceus\n|-heal|p1a: Arceus|59\/100\n|\n|upkeep\n|turn|79\n|\n|t:|1698027848\n|move|p2a: Urshifu|Close Combat|p1a: Arceus\n|-damage|p1a: Arceus|15\/100\n|-unboost|p2a: Urshifu|def|1\n|-unboost|p2a: Urshifu|spd|1\n|move|p1a: Arceus|Recover|p1a: Arceus\n|-heal|p1a: Arceus|65\/100\n|\n|upkeep\n|turn|80\n|\n|t:|1698027852\n|switch|p1a: Gholdengo|Gholdengo|100\/100\n|-item|p1a: Gholdengo|Air Balloon\n|move|p2a: Urshifu|Close Combat|p1a: Gholdengo\n|-immune|p1a: Gholdengo\n|\n|upkeep\n|turn|81\n|\n|t:|1698027857\n|move|p2a: Urshifu|Surging Strikes|p1a: Gholdengo\n|-crit|p1a: Gholdengo\n|-damage|p1a: Gholdengo|82\/100\n|-enditem|p1a: Gholdengo|Air Balloon\n|-crit|p1a: Gholdengo\n|-damage|p1a: Gholdengo|65\/100\n|-crit|p1a: Gholdengo\n|-damage|p1a: Gholdengo|45\/100\n|-hitcount|p1a: Gholdengo|3\n|move|p1a: Gholdengo|Hex|p2a: Urshifu\n|-damage|p2a: Urshifu|0 fnt\n|faint|p2a: Urshifu\n|\n|upkeep\n|\n|t:|1698027867\n|switch|p2a: Arceus|Arceus-Poison, shiny|100\/100 par\n|-damage|p2a: Arceus|84\/100 par|[from] Spikes\n|-damage|p2a: Arceus|72\/100 par|[from] Stealth Rock\n|turn|82\n|\n|t:|1698027870\n|move|p1a: Gholdengo|Hex|p2a: Arceus\n|-damage|p2a: Arceus|33\/100 par\n|move|p2a: Arceus|Cosmic Power|p2a: Arceus\n|-boost|p2a: Arceus|def|1\n|-boost|p2a: Arceus|spd|1\n|\n|upkeep\n|turn|83\n|\n|t:|1698027873\n|move|p1a: Gholdengo|Hex|p2a: Arceus\n|-damage|p2a: Arceus|6\/100 par\n|move|p2a: Arceus|Recover|p2a: Arceus\n|-heal|p2a: Arceus|56\/100 par\n|\n|upkeep\n|turn|84\n|\n|t:|1698027879\n|switch|p1a: Gliscor|Gliscor, M, tera:Water|95\/100 tox\n|cant|p2a: Arceus|par\n|\n|-heal|p1a: Gliscor|100\/100 tox|[from] ability: Poison Heal\n|upkeep\n|turn|85\n|\n|t:|1698027881\n|move|p1a: Gliscor|Earthquake|p2a: Arceus\n|-supereffective|p2a: Arceus\n|-damage|p2a: Arceus|26\/100 par\n|cant|p2a: Arceus|par\n|\n|upkeep\n|turn|86\n|\n|t:|1698027885\n|move|p1a: Gliscor|Earthquake|p2a: Arceus\n|-supereffective|p2a: Arceus\n|-damage|p2a: Arceus|0 fnt\n|faint|p2a: Arceus\n|\n|win|nimjaishot\n|c|\u2606nimjaishot|gg\n|c|\u2606OreoMan789|gg\n","uploadtime":1698027892,"views":50,"p1id":"nimjaishot","p2id":"oreoman789","formatid":"gen9ubers","rating":0,"private":0,"password":""}