{"id":"gen9ubers-1988943800","p1":"woahhgh","p2":"jdpapa23","format":"[Gen 9] Ubers","log":"|j|\u2606woahhgh\n|j|\u2606jdpapa23\n|t:|1699792189\n|gametype|singles\n|player|p1|woahhgh|266|1109\n|player|p2|jdpapa23|102|1040\n|teamsize|p1|6\n|teamsize|p2|6\n|gen|9\n|tier|[Gen 9] Ubers\n|rated|\n|rule|Sleep Clause Mod: Limit one foe put to sleep\n|rule|Species Clause: Limit one of each Pok\u00e9mon\n|rule|OHKO Clause: OHKO moves are banned\n|rule|Evasion Items Clause: Evasion items are banned\n|rule|Evasion Moves Clause: Evasion moves are banned\n|rule|Endless Battle Clause: Forcing endless battles is banned\n|rule|HP Percentage Mod: HP is shown in percentages\n|clearpoke\n|poke|p1|Chi-Yu|\n|poke|p1|Gholdengo|\n|poke|p1|Great Tusk|\n|poke|p1|Manaphy|\n|poke|p1|Skeledirge, M|\n|poke|p1|Kommo-o, F|\n|poke|p2|Shaymin-Sky|\n|poke|p2|Cinderace, F|\n|poke|p2|Mimikyu, F|\n|poke|p2|Glimmora, F|\n|poke|p2|Drifblim, M|\n|poke|p2|Groudon|\n|teampreview\n|\n|t:|1699792203\n|start\n|switch|p1a: Chi-Yu|Chi-Yu|100\/100\n|switch|p2a: Cinderace|Cinderace, F|100\/100\n|-ability|p1a: Chi-Yu|Beads of Ruin\n|turn|1\n|\n|t:|1699792211\n|move|p1a: Chi-Yu|Dark Pulse|p2a: Cinderace\n|-damage|p2a: Cinderace|17\/100\n|cant|p2a: Cinderace|flinch\n|\n|upkeep\n|turn|2\n|inactive|Battle timer is ON: inactive players will automatically lose when time's up. (requested by woahhgh)\n|\n|t:|1699792243\n|switch|p2a: Glimmora|Glimmora, F|100\/100\n|move|p1a: Chi-Yu|Dark Pulse|p2a: Glimmora\n|-damage|p2a: Glimmora|43\/100\n|\n|-heal|p2a: Glimmora|49\/100|[from] item: Leftovers\n|upkeep\n|turn|3\n|\n|t:|1699792251\n|move|p2a: Glimmora|Endure|p2a: Glimmora\n|-singleturn|p2a: Glimmora|move: Endure\n|move|p1a: Chi-Yu|Dark Pulse|p2a: Glimmora\n|-activate|p2a: Glimmora|move: Endure\n|-damage|p2a: Glimmora|1\/100\n|\n|-heal|p2a: Glimmora|7\/100|[from] item: Leftovers\n|upkeep\n|turn|4\n|\n|t:|1699792262\n|move|p1a: Chi-Yu|Dark Pulse|p2a: Glimmora\n|-damage|p2a: Glimmora|0 fnt\n|faint|p2a: Glimmora\n|\n|upkeep\n|\n|t:|1699792269\n|switch|p2a: Drifblim|Drifblim, M|100\/100\n|turn|5\n|\n|t:|1699792273\n|move|p1a: Chi-Yu|Dark Pulse|p2a: Drifblim\n|-supereffective|p2a: Drifblim\n|-damage|p2a: Drifblim|0 fnt\n|faint|p2a: Drifblim\n|\n|upkeep\n|c|\u2606woahhgh|fish\n|\n|t:|1699792283\n|switch|p2a: Shaymin|Shaymin-Sky|100\/100\n|turn|6\n|\n|t:|1699792288\n|switch|p1a: Gholdengo|Gholdengo|100\/100\n|-item|p1a: Gholdengo|Air Balloon\n|move|p2a: Shaymin|Growth|p2a: Shaymin\n|-boost|p2a: Shaymin|atk|1\n|-boost|p2a: Shaymin|spa|1\n|\n|upkeep\n|turn|7\n|\n|t:|1699792297\n|switch|p1a: Chi-Yu|Chi-Yu|100\/100\n|-ability|p1a: Chi-Yu|Beads of Ruin\n|move|p2a: Shaymin|Air Slash|p1a: Chi-Yu\n|-damage|p1a: Chi-Yu|38\/100\n|\n|upkeep\n|turn|8\n|c|\u2606jdpapa23|u fool\n|\n|t:|1699792308\n|move|p1a: Chi-Yu|Overheat|p2a: Shaymin\n|-supereffective|p2a: Shaymin\n|-damage|p2a: Shaymin|0 fnt\n|-unboost|p1a: Chi-Yu|spa|2\n|faint|p2a: Shaymin\n|\n|upkeep\n|c|\u2606jdpapa23|its slower\n|c|\u2606woahhgh|choice scarf\n|c|\u2606jdpapa23|your hacking\n|inactive|jdpapa23 has 120 seconds left.\n|c|\u2606jdpapa23|oh\n|c|\u2606woahhgh|thats why i switched out to use overheat\n|\n|t:|1699792339\n|switch|p2a: Mimikyu|Mimikyu, F|100\/100\n|turn|9\n|inactive|jdpapa23 has 120 seconds left.\n|\n|t:|1699792354\n|switch|p1a: Skeledirge|Skeledirge, M|100\/100\n|move|p2a: Mimikyu|Swords Dance|p2a: Mimikyu\n|-boost|p2a: Mimikyu|atk|2\n|\n|upkeep\n|turn|10\n|\n|t:|1699792364\n|move|p2a: Mimikyu|Shadow Claw|p1a: Skeledirge\n|-supereffective|p1a: Skeledirge\n|-damage|p1a: Skeledirge|46\/100\n|move|p1a: Skeledirge|Will-O-Wisp|p2a: Mimikyu\n|-status|p2a: Mimikyu|brn\n|\n|-damage|p2a: Mimikyu|95\/100 brn|[from] brn\n|upkeep\n|turn|11\n|inactive|jdpapa23 has 120 seconds left.\n|\n|t:|1699792372\n|move|p2a: Mimikyu|Swords Dance|p2a: Mimikyu\n|-boost|p2a: Mimikyu|atk|2\n|move|p1a: Skeledirge|Slack Off|p1a: Skeledirge\n|-heal|p1a: Skeledirge|96\/100\n|\n|-damage|p2a: Mimikyu|89\/100 brn|[from] brn\n|upkeep\n|turn|12\n|\n|t:|1699792379\n|move|p2a: Mimikyu|Swords Dance|p2a: Mimikyu\n|-boost|p2a: Mimikyu|atk|2\n|move|p1a: Skeledirge|Torch Song|p2a: Mimikyu\n|-activate|p2a: Mimikyu|ability: Disguise\n|-damage|p2a: Mimikyu|89\/100 brn\n|-boost|p1a: Skeledirge|spa|1\n|detailschange|p2a: Mimikyu|Mimikyu-Busted, F\n|-damage|p2a: Mimikyu|76\/100 brn|[from] pokemon: Mimikyu-Busted\n|\n|-damage|p2a: Mimikyu|70\/100 brn|[from] brn\n|upkeep\n|turn|13\n|\n|t:|1699792390\n|move|p2a: Mimikyu|Shadow Claw|p1a: Skeledirge\n|-supereffective|p1a: Skeledirge\n|-damage|p1a: Skeledirge|65\/100\n|move|p1a: Skeledirge|Hex|p2a: Mimikyu\n|-supereffective|p2a: Mimikyu\n|-damage|p2a: Mimikyu|0 fnt\n|faint|p2a: Mimikyu\n|\n|upkeep\n|\n|t:|1699792398\n|switch|p2a: Cinderace|Cinderace, F|17\/100\n|turn|14\n|\n|t:|1699792404\n|move|p2a: Cinderace|Pyro Ball|p1a: Skeledirge\n|-resisted|p1a: Skeledirge\n|-damage|p1a: Skeledirge|40\/100\n|move|p1a: Skeledirge|Torch Song|p2a: Cinderace\n|-resisted|p2a: Cinderace\n|-damage|p2a: Cinderace|0 fnt\n|-boost|p1a: Skeledirge|spa|1\n|faint|p2a: Cinderace\n|\n|upkeep\n|\n|t:|1699792412\n|switch|p2a: Groudon|Groudon|100\/100\n|-weather|SunnyDay|[from] ability: Drought|[of] p2a: Groudon\n|turn|15\n|\n|t:|1699792419\n|move|p1a: Skeledirge|Will-O-Wisp|p2a: Groudon\n|-status|p2a: Groudon|brn\n|move|p2a: Groudon|Roar|p1a: Skeledirge\n|drag|p1a: Manaphy|Manaphy|100\/100\n|\n|-weather|SunnyDay|[upkeep]\n|-damage|p2a: Groudon|94\/100 brn|[from] brn\n|upkeep\n|turn|16\n|c|\u2606woahhgh|gg\n|\n|t:|1699792429\n|move|p1a: Manaphy|Tail Glow|p1a: Manaphy\n|-boost|p1a: Manaphy|spa|3\n|move|p2a: Groudon|Stealth Rock|p1a: Manaphy\n|-sidestart|p1: woahhgh|move: Stealth Rock\n|\n|-weather|SunnyDay|[upkeep]\n|-heal|p2a: Groudon|100\/100 brn|[from] item: Leftovers\n|-damage|p2a: Groudon|94\/100 brn|[from] brn\n|upkeep\n|turn|17\n|\n|t:|1699792436\n|move|p1a: Manaphy|Ice Beam|p2a: Groudon\n|-supereffective|p2a: Groudon\n|-damage|p2a: Groudon|0 fnt\n|faint|p2a: Groudon\n|\n|win|woahhgh\n|raw|woahhgh's rating: 1109 &rarr; <strong>1129<\/strong><br \/>(+20 for winning)\n|raw|jdpapa23's rating: 1040 &rarr; <strong>1027<\/strong><br \/>(-13 for losing)\n|l|\u2606jdpapa23\n","uploadtime":1699792455,"views":47,"p1id":"woahhgh","p2id":"jdpapa23","formatid":"gen9ubers","rating":1027,"private":0,"password":""}