{"id":"gen9ubers-1991980974","p1":"Rkdynamic","p2":"MonadoBoi24","format":"[Gen 9] Ubers","log":"|j|\u2606Rkdynamic\n|j|\u203dMonadoBoi24\n|t:|1700144777\n|gametype|singles\n|player|p1|Rkdynamic|swimmerf|1028\n|player|p2|MonadoBoi24|265|1114\n|teamsize|p1|6\n|teamsize|p2|6\n|gen|9\n|tier|[Gen 9] Ubers\n|rated|\n|rule|Sleep Clause Mod: Limit one foe put to sleep\n|rule|Species Clause: Limit one of each Pok\u00e9mon\n|rule|OHKO Clause: OHKO moves are banned\n|rule|Evasion Items Clause: Evasion items are banned\n|rule|Evasion Moves Clause: Evasion moves are banned\n|rule|Endless Battle Clause: Forcing endless battles is banned\n|rule|HP Percentage Mod: HP is shown in percentages\n|clearpoke\n|poke|p1|Dragonite, F|\n|poke|p1|Arceus|\n|poke|p1|Regieleki|\n|poke|p1|Zacian-*|\n|poke|p1|Ceruledge, F|\n|poke|p1|Great Tusk|\n|poke|p2|Koraidon|\n|poke|p2|Walking Wake|\n|poke|p2|Great Tusk|\n|poke|p2|Volcarona, M|\n|poke|p2|Chien-Pao|\n|poke|p2|Cinderace, F|\n|teampreview\n|inactive|Battle timer is ON: inactive players will automatically lose when time's up. (requested by MonadoBoi24)\n|\n|t:|1700144790\n|start\n|switch|p1a: Ceruledge|Ceruledge, F, shiny|100\/100\n|switch|p2a: Koraidon|Koraidon|100\/100\n|-weather|SunnyDay|[from] ability: Orichalcum Pulse|[of] p2a: Koraidon\n|-activate|p2a: Koraidon|Orichalcum Pulse|[source]\n|turn|1\n|\n|t:|1700144802\n|move|p2a: Koraidon|Dragon Claw|p1a: Ceruledge\n|-damage|p1a: Ceruledge|17\/100\n|-damage|p2a: Koraidon|84\/100|[from] item: Rocky Helmet|[of] p1a: Ceruledge\n|-damage|p2a: Koraidon|74\/100|[from] item: Life Orb\n|move|p1a: Ceruledge|Poison Jab|p2a: Koraidon\n|-damage|p2a: Koraidon|48\/100\n|-status|p2a: Koraidon|psn\n|\n|-weather|SunnyDay|[upkeep]\n|-damage|p2a: Koraidon|35\/100 psn|[from] psn\n|upkeep\n|turn|2\n|\n|t:|1700144815\n|move|p2a: Koraidon|Dragon Claw|p1a: Ceruledge\n|-damage|p1a: Ceruledge|0 fnt\n|-damage|p2a: Koraidon|19\/100 psn|[from] item: Rocky Helmet|[of] p1a: Ceruledge\n|faint|p1a: Ceruledge\n|-damage|p2a: Koraidon|9\/100 psn|[from] item: Life Orb\n|\n|-weather|SunnyDay|[upkeep]\n|-damage|p2a: Koraidon|0 fnt|[from] psn\n|faint|p2a: Koraidon\n|upkeep\n|\n|t:|1700144832\n|switch|p2a: Walking Wake|Walking Wake|100\/100\n|switch|p1a: Regieleki|Regieleki, shiny|100\/100\n|-activate|p2a: Walking Wake|ability: Protosynthesis\n|-start|p2a: Walking Wake|protosynthesisspe\n|turn|3\n|\n|t:|1700144842\n|move|p2a: Walking Wake|Dragon Pulse|p1a: Regieleki\n|-damage|p1a: Regieleki|29\/100\n|move|p1a: Regieleki|Thunderbolt|p2a: Walking Wake\n|-damage|p2a: Walking Wake|45\/100\n|\n|-weather|SunnyDay|[upkeep]\n|upkeep\n|turn|4\n|\n|t:|1700144849\n|move|p2a: Walking Wake|Hydro Steam|p1a: Regieleki\n|-damage|p1a: Regieleki|0 fnt\n|faint|p1a: Regieleki\n|\n|-weather|SunnyDay|[upkeep]\n|upkeep\n|\n|t:|1700144855\n|switch|p1a: Zacian|Zacian-Crowned|100\/100\n|-ability|p1a: Zacian|Intrepid Sword|boost\n|-boost|p1a: Zacian|atk|1\n|turn|5\n|\n|t:|1700144860\n|move|p2a: Walking Wake|Flamethrower|p1a: Zacian\n|-supereffective|p1a: Zacian\n|-damage|p1a: Zacian|23\/100\n|move|p1a: Zacian|Play Rough|p2a: Walking Wake\n|-supereffective|p2a: Walking Wake\n|-damage|p2a: Walking Wake|0 fnt\n|faint|p2a: Walking Wake\n|-end|p2a: Walking Wake|Protosynthesis|[silent]\n|\n|-weather|none\n|upkeep\n|inactive|MonadoBoi24 has 120 seconds left.\n|\n|t:|1700144891\n|switch|p2a: Volcarona|Volcarona, M|100\/100\n|turn|6\n|\n|t:|1700144901\n|move|p1a: Zacian|Play Rough|p2a: Volcarona\n|-resisted|p2a: Volcarona\n|-damage|p2a: Volcarona|49\/100\n|move|p2a: Volcarona|Fiery Dance|p1a: Zacian\n|-supereffective|p1a: Zacian\n|-damage|p1a: Zacian|0 fnt\n|faint|p1a: Zacian\n|\n|-heal|p2a: Volcarona|55\/100|[from] item: Leftovers\n|upkeep\n|\n|t:|1700144912\n|switch|p1a: Great Tusk|Great Tusk, shiny|100\/100\n|turn|7\n|\n|t:|1700144916\n|move|p2a: Volcarona|Fiery Dance|p1a: Great Tusk\n|-damage|p1a: Great Tusk|55\/100\n|move|p1a: Great Tusk|Earthquake|p2a: Volcarona\n|-damage|p2a: Volcarona|0 fnt\n|faint|p2a: Volcarona\n|-damage|p1a: Great Tusk|45\/100|[from] item: Life Orb\n|\n|upkeep\n|\n|t:|1700144924\n|switch|p2a: Chien-Pao|Chien-Pao|100\/100\n|-ability|p2a: Chien-Pao|Sword of Ruin\n|turn|8\n|\n|t:|1700144929\n|move|p2a: Chien-Pao|Ice Spinner|p1a: Great Tusk\n|-supereffective|p1a: Great Tusk\n|-damage|p1a: Great Tusk|0 fnt\n|faint|p1a: Great Tusk\n|-end|p1a: Great Tusk|Protosynthesis|[silent]\n|\n|upkeep\n|\n|t:|1700144938\n|switch|p1a: Arceus|Arceus, shiny|100\/100\n|turn|9\n|\n|t:|1700144943\n|move|p2a: Chien-Pao|Ice Spinner|p1a: Arceus\n|-damage|p1a: Arceus|57\/100\n|move|p1a: Arceus|Dazzling Gleam|p2a: Chien-Pao\n|-supereffective|p2a: Chien-Pao\n|-damage|p2a: Chien-Pao|15\/100\n|\n|-heal|p1a: Arceus|64\/100|[from] item: Leftovers\n|upkeep\n|turn|10\n|\n|t:|1700144952\n|-terastallize|p1a: Arceus|Fairy\n|move|p2a: Chien-Pao|Ice Shard|p1a: Arceus\n|-damage|p1a: Arceus|44\/100\n|move|p1a: Arceus|Dazzling Gleam|p2a: Chien-Pao\n|-supereffective|p2a: Chien-Pao\n|-damage|p2a: Chien-Pao|0 fnt\n|faint|p2a: Chien-Pao\n|\n|-heal|p1a: Arceus|50\/100|[from] item: Leftovers\n|upkeep\n|\n|t:|1700144961\n|switch|p2a: Great Tusk|Great Tusk|100\/100\n|turn|11\n|\n|t:|1700144965\n|move|p1a: Arceus|Dazzling Gleam|p2a: Great Tusk\n|-supereffective|p2a: Great Tusk\n|-damage|p2a: Great Tusk|12\/100\n|move|p2a: Great Tusk|Earthquake|p1a: Arceus\n|-damage|p1a: Arceus|11\/100\n|\n|-heal|p1a: Arceus|17\/100|[from] item: Leftovers\n|upkeep\n|turn|12\n|\n|t:|1700144973\n|move|p1a: Arceus|Dazzling Gleam|p2a: Great Tusk\n|-supereffective|p2a: Great Tusk\n|-damage|p2a: Great Tusk|0 fnt\n|faint|p2a: Great Tusk\n|-end|p2a: Great Tusk|Protosynthesis|[silent]\n|\n|-heal|p1a: Arceus|23\/100|[from] item: Leftovers\n|upkeep\n|\n|t:|1700144978\n|switch|p2a: Cinderace|Cinderace, F|100\/100\n|turn|13\n|\n|t:|1700144982\n|move|p2a: Cinderace|Pyro Ball|p1a: Arceus\n|-damage|p1a: Arceus|0 fnt\n|faint|p1a: Arceus\n|\n|upkeep\n|\n|t:|1700144985\n|switch|p1a: Dragonite|Dragonite, F, shiny|100\/100\n|turn|14\n|\n|t:|1700144992\n|move|p2a: Cinderace|Iron Head|p1a: Dragonite\n|-start|p2a: Cinderace|typechange|Steel|[from] ability: Libero\n|-damage|p1a: Dragonite|78\/100\n|move|p1a: Dragonite|Outrage|p2a: Cinderace\n|-resisted|p2a: Cinderace\n|-damage|p2a: Cinderace|60\/100\n|\n|upkeep\n|turn|15\n|\n|t:|1700145001\n|move|p2a: Cinderace|Iron Head|p1a: Dragonite\n|-damage|p1a: Dragonite|39\/100\n|cant|p1a: Dragonite|flinch\n|\n|-start|p1a: Dragonite|confusion|[fatigue]\n|upkeep\n|turn|16\n|\n|t:|1700145011\n|move|p2a: Cinderace|Iron Head|p1a: Dragonite\n|-damage|p1a: Dragonite|0 fnt\n|faint|p1a: Dragonite\n|\n|win|MonadoBoi24\n|raw|Rkdynamic's rating: 1028 &rarr; <strong>1017<\/strong><br \/>(-11 for losing)\n|raw|MonadoBoi24's rating: 1114 &rarr; <strong>1133<\/strong><br \/>(+19 for winning)\n|l|\u2606Rkdynamic\n","uploadtime":1700145034,"views":37,"p1id":"rkdynamic","p2id":"monadoboi24","formatid":"gen9ubers","rating":1017,"private":0,"password":""}