{"id":"gen9ubers-1983577068","p1":"AlicieLizzie","p2":"Finchely","format":"[Gen 9] Ubers","log":"|j|\u2606AlicieLizzie\n|j|\u2606Finchely\n|t:|1699145306\n|gametype|singles\n|player|p1|AlicieLizzie|marnie-masters3|\n|player|p2|Finchely|acetrainerf|\n|teamsize|p1|6\n|teamsize|p2|6\n|gen|9\n|tier|[Gen 9] Ubers\n|rule|Sleep Clause Mod: Limit one foe put to sleep\n|rule|Species Clause: Limit one of each Pok\u00e9mon\n|rule|OHKO Clause: OHKO moves are banned\n|rule|Evasion Items Clause: Evasion items are banned\n|rule|Evasion Moves Clause: Evasion moves are banned\n|rule|Endless Battle Clause: Forcing endless battles is banned\n|rule|HP Percentage Mod: HP is shown in percentages\n|clearpoke\n|poke|p1|Cyclizar, M|\n|poke|p1|Kommo-o, F|\n|poke|p1|Shaymin-Sky|\n|poke|p1|Gholdengo|\n|poke|p1|Zacian-*|\n|poke|p1|Espathra, F|\n|poke|p2|Slowking-Galar, M|\n|poke|p2|Sneasler, F|\n|poke|p2|Clefable, M|\n|poke|p2|Azumarill, F|\n|poke|p2|Magearna-Original|\n|poke|p2|Cyclizar, M|\n|teampreview\n|inactive|Battle timer is ON: inactive players will automatically lose when time's up. (requested by AlicieLizzie)\n|j| imperialorder241\n|c|\u2606Finchely|glhf love\n|c| imperialorder241|oh\n|c| imperialorder241|a rematch\n|c|\u2606Finchely|best of 3\n|c| imperialorder241|gl u two i needa check on mah food\n|c|\u2606AlicieLizzie|i have no better teams\n|inactive|Finchely has 270 seconds left.\n|c|\u2606Finchely|by imperial\n|c| imperialorder241|just cook smt dumb when down from game 1\n|c|\u2606Finchely|honestly me nither\n|c| imperialorder241|always works\n|\n|t:|1699145349\n|start\n|switch|p1a: path to womanhood|Espathra, F|100\/100\n|switch|p2a: Cyclizar|Cyclizar, M|100\/100\n|turn|1\n|\n|t:|1699145363\n|move|p1a: path to womanhood|Protect|p1a: path to womanhood\n|-singleturn|p1a: path to womanhood|Protect\n|move|p2a: Cyclizar|Shed Tail|p2a: Cyclizar\n|-start|p2a: Cyclizar|Substitute|[from] move: Shed Tail\n|-damage|p2a: Cyclizar|50\/100\n|\n|t:|1699145371\n|switch|p2a: Clefable|Clefable, M|100\/100|[from] Shed Tail\n|\n|-ability|p1a: path to womanhood|Speed Boost|boost\n|-boost|p1a: path to womanhood|spe|1\n|upkeep\n|turn|2\n|\n|t:|1699145375\n|switch|p1a: Spiffy as Silver|Gholdengo|100\/100\n|move|p2a: Clefable|Calm Mind|p2a: Clefable\n|-boost|p2a: Clefable|spa|1\n|-boost|p2a: Clefable|spd|1\n|\n|upkeep\n|turn|3\n|j| 1P1o1s1h1e1\n|\n|t:|1699145382\n|move|p2a: Clefable|Protect|p2a: Clefable\n|-singleturn|p2a: Clefable|Protect\n|move|p1a: Spiffy as Silver|Make It Rain|p2a: Clefable\n|-activate|p2a: Clefable|move: Protect\n|\n|upkeep\n|turn|4\n|\n|t:|1699145387\n|move|p1a: Spiffy as Silver|Make It Rain|p2a: Clefable\n|-supereffective|p2a: Clefable\n|-end|p2a: Clefable|Substitute\n|-unboost|p1a: Spiffy as Silver|spa|1\n|move|p2a: Clefable|Moonblast|p1a: Spiffy as Silver\n|-resisted|p1a: Spiffy as Silver\n|-damage|p1a: Spiffy as Silver|72\/100\n|\n|upkeep\n|turn|5\n|\n|t:|1699145400\n|switch|p2a: Slowking|Slowking-Galar, M, shiny|100\/100\n|move|p1a: Spiffy as Silver|Make It Rain|p2a: Slowking\n|-crit|p2a: Slowking\n|-damage|p2a: Slowking|48\/100\n|-unboost|p1a: Spiffy as Silver|spa|1\n|\n|upkeep\n|turn|6\n|\n|t:|1699145407\n|move|p1a: Spiffy as Silver|Make It Rain|p2a: Slowking\n|-damage|p2a: Slowking|28\/100\n|-unboost|p1a: Spiffy as Silver|spa|1\n|move|p2a: Slowking|Chilly Reception|p2a: Slowking\n|-weather|Snow\n|\n|t:|1699145412\n|switch|p2a: Sneasler|Sneasler, F, shiny|100\/100|[from] Chilly Reception\n|\n|-weather|Snow|[upkeep]\n|upkeep\n|turn|7\n|\n|t:|1699145418\n|move|p2a: Sneasler|Night Slash|p1a: Spiffy as Silver\n|-supereffective|p1a: Spiffy as Silver\n|-damage|p1a: Spiffy as Silver|10\/100\n|move|p1a: Spiffy as Silver|Make It Rain|p2a: Sneasler\n|-damage|p2a: Sneasler|66\/100\n|-unboost|p1a: Spiffy as Silver|spa|1\n|\n|-weather|Snow|[upkeep]\n|upkeep\n|turn|8\n|c|\u2606Finchely|wow\n|\n|t:|1699145426\n|switch|p1a: Zac King|Zacian|100\/100\n|-ability|p1a: Zac King|Intrepid Sword|boost\n|-boost|p1a: Zac King|atk|1\n|move|p2a: Sneasler|Night Slash|p1a: Zac King\n|-resisted|p1a: Zac King\n|-damage|p1a: Zac King|88\/100\n|-status|p1a: Zac King|psn|[from] ability: Poison Touch|[of] p2a: Sneasler\n|\n|-weather|Snow|[upkeep]\n|-damage|p1a: Zac King|76\/100 psn|[from] psn\n|upkeep\n|turn|9\n|c|\u2606Finchely|that's so weak lmao\n|j| Uubers account\n|c|\u2606AlicieLizzie|the mind games\n|c| Uubers account|Thanks for the link imperial\n|inactive|Finchely has 270 seconds left.\n|c| imperialorder241|np\n|c|\u2606Finchely|sorry qb \ud83d\ude2d\n|c| 1P1o1s1h1e1|Sneasler gaminggggg\n|c| imperialorder241|i was watching your active battles finch\n|c| imperialorder241|so i could join quickly\n|c| imperialorder241|kek\n|inactive|Finchely has 240 seconds left.\n|c|\u2606Finchely|shoutouts to Pooshi for the goated mon of all time\n|\n|t:|1699145500\n|switch|p2a: Clefable|Clefable, M|100\/100\n|move|p1a: Zac King|Iron Head|p2a: Clefable\n|-supereffective|p2a: Clefable\n|-damage|p2a: Clefable|39\/100\n|\n|-weather|Snow|[upkeep]\n|-damage|p1a: Zac King|64\/100 psn|[from] psn\n|upkeep\n|turn|10\n|\n|t:|1699145508\n|move|p2a: Clefable|Protect|p2a: Clefable\n|-singleturn|p2a: Clefable|Protect\n|move|p1a: Zac King|Iron Head|p2a: Clefable\n|-activate|p2a: Clefable|move: Protect\n|\n|-weather|none\n|-damage|p1a: Zac King|52\/100 psn|[from] psn\n|upkeep\n|turn|11\n|inactive|Finchely has 240 seconds left.\n|\n|t:|1699145519\n|-terastallize|p2a: Clefable|Dark\n|move|p1a: Zac King|Iron Head|p2a: Clefable\n|-damage|p2a: Clefable|7\/100\n|move|p2a: Clefable|Wish|p2a: Clefable\n|\n|-damage|p1a: Zac King|39\/100 psn|[from] psn\n|upkeep\n|turn|12\n|\n|t:|1699145527\n|switch|p1a: It's a Shayme|Shaymin-Sky|100\/100\n|move|p2a: Clefable|Protect||[still]\n|-fail|p2a: Clefable\n|\n|-heal|p2a: Clefable|57\/100|[from] move: Wish|[wisher] Clefable\n|upkeep\n|turn|13\n|\n|t:|1699145534\n|switch|p2a: Magearna|Magearna-Original|100\/100\n|move|p1a: It's a Shayme|Leech Seed|p2a: Magearna\n|-start|p2a: Magearna|move: Leech Seed\n|\n|-damage|p2a: Magearna|88\/100|[from] Leech Seed|[of] p1a: It's a Shayme\n|upkeep\n|turn|14\n|\n|t:|1699145541\n|move|p1a: It's a Shayme|Substitute|p1a: It's a Shayme\n|-start|p1a: It's a Shayme|Substitute\n|-damage|p1a: It's a Shayme|76\/100\n|move|p2a: Magearna|Volt Switch|p1a: It's a Shayme\n|-activate|p1a: It's a Shayme|move: Substitute|[damage]\n|inactive|Finchely has 270 seconds left.\n|c|\u2606Finchely|ooh shit\n|\n|t:|1699145557\n|switch|p2a: Slowking|Slowking-Galar, M, shiny|62\/100|[from] Volt Switch\n|\n|upkeep\n|turn|15\n|\n|t:|1699145561\n|switch|p2a: Magearna|Magearna-Original|88\/100\n|move|p1a: It's a Shayme|Air Slash|p2a: Magearna\n|-resisted|p2a: Magearna\n|-crit|p2a: Magearna\n|-damage|p2a: Magearna|71\/100\n|\n|upkeep\n|turn|16\n|\n|t:|1699145566\n|move|p1a: It's a Shayme|Air Slash|p2a: Magearna\n|-resisted|p2a: Magearna\n|-damage|p2a: Magearna|58\/100\n|move|p2a: Magearna|Ice Beam|p1a: It's a Shayme\n|-supereffective|p1a: It's a Shayme\n|-end|p1a: It's a Shayme|Substitute\n|\n|upkeep\n|turn|17\n|\n|t:|1699145573\n|move|p1a: It's a Shayme|Substitute|p1a: It's a Shayme\n|-start|p1a: It's a Shayme|Substitute\n|-damage|p1a: It's a Shayme|51\/100\n|move|p2a: Magearna|Ice Beam|p1a: It's a Shayme\n|-supereffective|p1a: It's a Shayme\n|-end|p1a: It's a Shayme|Substitute\n|\n|upkeep\n|turn|18\n|\n|t:|1699145580\n|switch|p1a: Spiffy as Silver|Gholdengo|10\/100\n|move|p2a: Magearna|Ice Beam|p1a: Spiffy as Silver\n|-resisted|p1a: Spiffy as Silver\n|-damage|p1a: Spiffy as Silver|0 fnt\n|faint|p1a: Spiffy as Silver\n|-ability|p2a: Magearna|Soul-Heart|boost\n|-boost|p2a: Magearna|spa|1\n|\n|upkeep\n|c| 1P1o1s1h1e1|Ice beam 5ever\n|c|\u2606Finchely|5ever?\n|c| 1P1o1s1h1e1|More than 4ever \u2764\ufe0f\n|inactive|AlicieLizzie has 270 seconds left.\n|\n|t:|1699145612\n|switch|p1a: It's a Shayme|Shaymin-Sky|51\/100\n|turn|19\n|c| Uubers account|4 ever but longer\n|c|\u2606Finchely|\u2764\ufe0f\n|\n|t:|1699145626\n|-terastallize|p1a: It's a Shayme|Water\n|move|p1a: It's a Shayme|Leech Seed|p2a: Magearna\n|-start|p2a: Magearna|move: Leech Seed\n|move|p2a: Magearna|Ice Beam|p1a: It's a Shayme\n|-resisted|p1a: It's a Shayme\n|-damage|p1a: It's a Shayme|31\/100\n|\n|-damage|p2a: Magearna|46\/100|[from] Leech Seed|[of] p1a: It's a Shayme\n|-heal|p1a: It's a Shayme|42\/100|[silent]\n|upkeep\n|turn|20\n|\n|t:|1699145636\n|move|p1a: It's a Shayme|Substitute|p1a: It's a Shayme\n|-start|p1a: It's a Shayme|Substitute\n|-damage|p1a: It's a Shayme|17\/100\n|move|p2a: Magearna|Volt Switch|p1a: It's a Shayme\n|-supereffective|p1a: It's a Shayme\n|-end|p1a: It's a Shayme|Substitute\n|\n|t:|1699145639\n|switch|p2a: Sneasler|Sneasler, F, shiny|66\/100|[from] Volt Switch\n|\n|upkeep\n|turn|21\n|c| imperialorder241|dire claw gaming\n|\n|t:|1699145656\n|move|p2a: Sneasler|Dire Claw|p1a: It's a Shayme\n|-damage|p1a: It's a Shayme|0 fnt\n|faint|p1a: It's a Shayme\n|\n|upkeep\n|\n|t:|1699145663\n|switch|p1a: Kommo-OH NO|Kommo-o, F|100\/100\n|turn|22\n|c|\u2606Finchely|fr\n|c| 1P1o1s1h1e1|Sneasler just said \"its sneasing time\"\n|\n|t:|1699145682\n|switch|p2a: Magearna|Magearna-Original|46\/100\n|move|p1a: Kommo-OH NO|Clangorous Soul|p1a: Kommo-OH NO\n|-boost|p1a: Kommo-OH NO|atk|1\n|-boost|p1a: Kommo-OH NO|def|1\n|-boost|p1a: Kommo-OH NO|spa|1\n|-boost|p1a: Kommo-OH NO|spd|1\n|-boost|p1a: Kommo-OH NO|spe|1\n|-damage|p1a: Kommo-OH NO|68\/100\n|-enditem|p1a: Kommo-OH NO|Throat Spray\n|-boost|p1a: Kommo-OH NO|spa|1|[from] item: Throat Spray\n|\n|upkeep\n|turn|23\n|c| imperialorder241|and sneasled all over the place\n|\n|t:|1699145692\n|move|p1a: Kommo-OH NO|Flash Cannon|p2a: Magearna\n|-damage|p2a: Magearna|6\/100\n|move|p2a: Magearna|Draining Kiss|p1a: Kommo-OH NO\n|-supereffective|p1a: Kommo-OH NO\n|-damage|p1a: Kommo-OH NO|2\/100\n|-heal|p2a: Magearna|46\/100|[from] drain|[of] p1a: Kommo-OH NO\n|\n|upkeep\n|turn|24\n|c|\u2606Finchely|ooh wow\n|c|\u2606AlicieLizzie|WHAT\n|c| 1P1o1s1h1e1|Yo what \ud83d\ude2d\n|c|\u2606Finchely|this shit tanky\n|c| imperialorder241|what happened to never running flash cannon alice tf\n|c|\u2606AlicieLizzie|i switched it lmfao\n|c| 1P1o1s1h1e1|Lmaooooo kommo o is not that guy\n|c|\u2606AlicieLizzie|flamethrower wouldve been better\n|inactive|AlicieLizzie has 270 seconds left.\n|\n|t:|1699145733\n|move|p1a: Kommo-OH NO|Flash Cannon|p2a: Magearna\n|-damage|p2a: Magearna|4\/100\n|move|p2a: Magearna|Draining Kiss|p1a: Kommo-OH NO\n|-supereffective|p1a: Kommo-OH NO\n|-damage|p1a: Kommo-OH NO|0 fnt\n|-heal|p2a: Magearna|4\/100|[from] drain|[of] p1a: Kommo-OH NO\n|faint|p1a: Kommo-OH NO\n|-ability|p2a: Magearna|Soul-Heart|boost\n|-boost|p2a: Magearna|spa|1\n|\n|upkeep\n|\n|t:|1699145752\n|switch|p1a: Zac King|Zacian|39\/100 psn\n|turn|25\n|\n|t:|1699145756\n|move|p1a: Zac King|Play Rough|p2a: Magearna\n|-resisted|p2a: Magearna\n|-damage|p2a: Magearna|0 fnt\n|faint|p2a: Magearna\n|\n|-damage|p1a: Zac King|27\/100 psn|[from] psn\n|upkeep\n|\n|t:|1699145768\n|switch|p2a: Azumarill|Azumarill, F, shiny|100\/100\n|turn|26\n|\n|t:|1699145771\n|switch|p1a: Cycle Dryer|Cyclizar, M|100\/100\n|move|p2a: Azumarill|Aqua Jet|p1a: Cycle Dryer\n|-resisted|p1a: Cycle Dryer\n|-damage|p1a: Cycle Dryer|83\/100\n|\n|upkeep\n|turn|27\n|l| Uubers account\n|c| 1P1o1s1h1e1|Uh oh\n|c|\u2606Finchely|pooshi you don't know\n|c|\u2606Finchely|this shit 1v1s emu\n|inactive|Finchely has 270 seconds left.\n|c|\u2606Finchely|kind of\n|\n|t:|1699145809\n|switch|p2a: Clefable|Clefable, M, tera:Dark|57\/100\n|move|p1a: Cycle Dryer|Shed Tail|p1a: Cycle Dryer\n|-start|p1a: Cycle Dryer|Substitute|[from] move: Shed Tail\n|-damage|p1a: Cycle Dryer|33\/100\n|\n|t:|1699145813\n|switch|p1a: Zac King|Zacian|27\/100 psn|[from] Shed Tail\n|\n|-damage|p1a: Zac King|15\/100 psn|[from] psn\n|upkeep\n|turn|28\n|c|\u2606Finchely|but for now\n|\n|t:|1699145819\n|move|p2a: Clefable|Protect|p2a: Clefable\n|-singleturn|p2a: Clefable|Protect\n|move|p1a: Zac King|Iron Head|p2a: Clefable\n|-activate|p2a: Clefable|move: Protect\n|\n|-damage|p1a: Zac King|2\/100 psn|[from] psn\n|upkeep\n|turn|29\n|c|\u2606Finchely|play it safe\n|\n|t:|1699145829\n|move|p1a: Zac King|Iron Head|p2a: Clefable\n|-damage|p2a: Clefable|25\/100\n|move|p2a: Clefable|Wish|p2a: Clefable\n|\n|-damage|p1a: Zac King|0 fnt|[from] psn\n|faint|p1a: Zac King\n|upkeep\n|\n|t:|1699145834\n|switch|p1a: Cycle Dryer|Cyclizar, M|66\/100\n|turn|30\n|\n|t:|1699145838\n|move|p1a: Cycle Dryer|Rapid Spin|p2a: Clefable\n|-damage|p2a: Clefable|13\/100\n|-boost|p1a: Cycle Dryer|spe|1\n|move|p2a: Clefable|Calm Mind|p2a: Clefable\n|-boost|p2a: Clefable|spa|1\n|-boost|p2a: Clefable|spd|1\n|\n|-heal|p2a: Clefable|63\/100|[from] move: Wish|[wisher] Clefable\n|upkeep\n|turn|31\n|c|\u2606AlicieLizzie|yeah ive lost\n|c|\u2606AlicieLizzie|gg\n|c|\u2606Finchely|gg\n|c| 1P1o1s1h1e1|Niceeee gg\n|c|\u2606AlicieLizzie|maybe i shouldve actually tried to win instead of saying \"fuck it we ball\"\n|inactive|AlicieLizzie has 270 seconds left.\n|c|\u2606AlicieLizzie|finch fuckin scouted me lmao\n|c|\u2606Finchely|next week want to prep together and stuff love?\n|c|\u2606AlicieLizzie|i did absolutely nothing\n|c|\u2606AlicieLizzie|nah\n|c|\u2606AlicieLizzie|i do no prep\n|c|\u2606Finchely|you sure?\n|c|\u2606Finchely|okie\n|c|\u2606AlicieLizzie|it's funnier that way\n|c| imperialorder241|alice you don't prep?\n|inactive|AlicieLizzie has 240 seconds left.\n|c|\u2606AlicieLizzie|nope\n|c|\u2606Finchely|as long as you're having fun\n|-message|AlicieLizzie forfeited.\n|\n|win|Finchely\n|l|\u2606AlicieLizzie\n","uploadtime":1699145907,"views":47,"p1id":"alicielizzie","p2id":"finchely","formatid":"gen9ubers","rating":0,"private":0,"password":""}