{"id":"gen9ubers-1995560273","p1":"Primordiallite","p2":"MrCatKing07","format":"[Gen 9] Ubers","log":"|j|\u2606Primordiallite\n|j|\u2606MrCatKing07\n|t:|1700582923\n|gametype|singles\n|player|p1|Primordiallite|boarder|\n|player|p2|MrCatKing07|preschoolers|\n|teamsize|p1|6\n|teamsize|p2|6\n|gen|9\n|tier|[Gen 9] Ubers\n|rated|Tournament battle\n|rule|Sleep Clause Mod: Limit one foe put to sleep\n|rule|Species Clause: Limit one of each Pok\u00e9mon\n|rule|OHKO Clause: OHKO moves are banned\n|rule|Evasion Items Clause: Evasion items are banned\n|rule|Evasion Moves Clause: Evasion moves are banned\n|rule|Endless Battle Clause: Forcing endless battles is banned\n|rule|HP Percentage Mod: HP is shown in percentages\n|clearpoke\n|poke|p1|Corviknight, M|\n|poke|p1|Dondozo, M|\n|poke|p1|Blissey, F|\n|poke|p1|Kyogre|\n|poke|p1|Iron Treads|\n|poke|p1|Arceus-Fairy|\n|poke|p2|Koraidon|\n|poke|p2|Palafin, F|\n|poke|p2|Ribombee, M|\n|poke|p2|Ogerpon-Hearthflame, F|\n|poke|p2|Zacian-*|\n|poke|p2|Miraidon|\n|teampreview\n|inactive|Battle timer is ON: inactive players will automatically lose when time's up. (requested by MrCatKing07)\n|c|\u2606Primordiallite|Oh no\n|c|\u2606Primordiallite|Lol\n|inactive|Primordiallite has 120 seconds left.\n|\n|t:|1700582967\n|start\n|switch|p1a: Kyogre|Kyogre|100\/100\n|switch|p2a: Ribombee|Ribombee, M|100\/100\n|-weather|RainDance|[from] ability: Drizzle|[of] p1a: Kyogre\n|turn|1\n|j| ZowwyCafe\u2764\n|c| ZowwyCafe\u2764|omgomgomg ogerpon webs w\n|c|\u2606Primordiallite|Ogerpon just wins\n|inactive|Primordiallite has 120 seconds left.\n|\n|t:|1700583006\n|-terastallize|p1a: Kyogre|Fairy\n|move|p2a: Ribombee|Sticky Web|p1a: Kyogre\n|-sidestart|p1: Primordiallite|move: Sticky Web\n|move|p1a: Kyogre|Surf|p2a: Ribombee\n|-damage|p2a: Ribombee|6\/100\n|\n|-weather|RainDance|[upkeep]\n|upkeep\n|turn|2\n|j| PrimalKyogre555\n|c| PrimalKyogre555|ogre\n|\n|t:|1700583023\n|switch|p1a: Iron Treads|Iron Treads|100\/100\n|-activate|p1a: Iron Treads|move: Sticky Web\n|-unboost|p1a: Iron Treads|spe|1\n|move|p2a: Ribombee|Stun Spore|p1a: Iron Treads\n|-status|p1a: Iron Treads|par\n|\n|-weather|RainDance|[upkeep]\n|upkeep\n|turn|3\n|\n|t:|1700583038\n|-terastallize|p2a: Ribombee|Ghost\n|move|p2a: Ribombee|Moonblast|p1a: Iron Treads\n|-resisted|p1a: Iron Treads\n|-damage|p1a: Iron Treads|88\/100 par\n|move|p1a: Iron Treads|Rapid Spin|p2a: Ribombee\n|-immune|p2a: Ribombee\n|\n|-weather|RainDance|[upkeep]\n|-heal|p1a: Iron Treads|94\/100 par|[from] item: Leftovers\n|upkeep\n|turn|4\n|c| ZowwyCafe\u2764|um literally why\n|c| ZowwyCafe\u2764|webs dont even matter in this mu\n|c|\u2606Primordiallite|I forgot i dont have rocks on treads\n|inactive|MrCatKing07 has 120 seconds left.\n|c| PrimalKyogre555|that feels like a complete waste to tera\n|c|\u2606Primordiallite|So might as well spin..\n|c| PrimalKyogre555|there\n|c| ZowwyCafe\u2764|yea\n|\n|t:|1700583082\n|-end|p1a: Iron Treads|Quark Drive|[silent]\n|switch|p1a: Blissey|Blissey, F|100\/100\n|move|p2a: Ribombee|Moonblast|p1a: Blissey\n|-damage|p1a: Blissey|90\/100\n|-unboost|p1a: Blissey|spa|1\n|\n|-weather|RainDance|[upkeep]\n|upkeep\n|turn|5\n|c| ZowwyCafe\u2764|but then again it doesnt matter\n|inactive|MrCatKing07 has 90 seconds left.\n|c|\u2606Primordiallite|;-;\n|\n|t:|1700583113\n|switch|p2a: Zacian|Zacian-Crowned|100\/100\n|-ability|p2a: Zacian|Intrepid Sword|boost\n|-boost|p2a: Zacian|atk|1\n|move|p1a: Blissey|Stealth Rock|p2a: Zacian\n|-sidestart|p2: MrCatKing07|move: Stealth Rock\n|\n|-weather|none\n|upkeep\n|turn|6\n|inactive|MrCatKing07 has 90 seconds left.\n|c| ZowwyCafe\u2764|oger wins because without tera it still has mold breaker\n|\n|t:|1700583119\n|switch|p1a: Dondozo|Dondozo, M|100\/100\n|-activate|p1a: Dondozo|move: Sticky Web\n|-unboost|p1a: Dondozo|spe|1\n|move|p2a: Zacian|Close Combat|p1a: Dondozo\n|-damage|p1a: Dondozo|79\/100\n|-unboost|p2a: Zacian|def|1\n|-unboost|p2a: Zacian|spd|1\n|\n|-heal|p1a: Dondozo|85\/100|[from] item: Leftovers\n|upkeep\n|turn|7\n|c|\u2606Primordiallite|Shut up\n|l| PrimalKyogre555\n|c|\u2606Primordiallite|Ur telling him too much\n|\n|t:|1700583141\n|switch|p2a: Miraidon|Miraidon|100\/100\n|-damage|p2a: Miraidon|88\/100|[from] Stealth Rock\n|-fieldstart|move: Electric Terrain|[from] ability: Hadron Engine|[of] p2a: Miraidon\n|move|p1a: Dondozo|Liquidation|p2a: Miraidon\n|-resisted|p2a: Miraidon\n|-damage|p2a: Miraidon|74\/100\n|\n|-heal|p1a: Dondozo|91\/100|[from] item: Leftovers\n|upkeep\n|turn|8\n|c| ZowwyCafe\u2764|~~ragib everyone knows that :polistare:~~\n|c|\u2606Primordiallite|No\n|\n|t:|1700583155\n|switch|p1a: Iron Treads|Iron Treads|94\/100 par\n|-activate|p1a: Iron Treads|move: Sticky Web\n|-unboost|p1a: Iron Treads|spe|1\n|-activate|p1a: Iron Treads|ability: Quark Drive\n|-start|p1a: Iron Treads|quarkdrivespd\n|move|p2a: Miraidon|Electro Drift|p1a: Iron Treads\n|-immune|p1a: Iron Treads\n|\n|-heal|p1a: Iron Treads|100\/100 par|[from] item: Leftovers\n|upkeep\n|turn|9\n|\n|t:|1700583170\n|move|p2a: Miraidon|Overheat|p1a: Iron Treads\n|-supereffective|p1a: Iron Treads\n|-damage|p1a: Iron Treads|22\/100 par\n|-unboost|p2a: Miraidon|spa|2\n|move|p1a: Iron Treads|Iron Head|p2a: Miraidon\n|-resisted|p2a: Miraidon\n|-damage|p2a: Miraidon|60\/100\n|\n|-heal|p1a: Iron Treads|29\/100 par|[from] item: Leftovers\n|upkeep\n|turn|10\n|c| ZowwyCafe\u2764|oh wait insnt this the person\n|\n|t:|1700583180\n|cant|p1a: Iron Treads|par\n|move|p2a: Miraidon|Overheat|p1a: Iron Treads\n|-supereffective|p1a: Iron Treads\n|-damage|p1a: Iron Treads|0 fnt\n|-unboost|p2a: Miraidon|spa|2\n|faint|p1a: Iron Treads\n|-end|p1a: Iron Treads|Quark Drive|[silent]\n|\n|upkeep\n|c| ZowwyCafe\u2764|eavo was coaching or smth?\n|\n|t:|1700583188\n|switch|p1a: Arceus|Arceus-Fairy|100\/100\n|-activate|p1a: Arceus|move: Sticky Web\n|-unboost|p1a: Arceus|spe|1\n|turn|11\n|c|\u2606Primordiallite|Yes\n|c| ZowwyCafe\u2764|cool\n|inactive|MrCatKing07 has 90 seconds left.\n|\n|t:|1700583228\n|switch|p2a: Zacian|Zacian-Crowned|100\/100\n|-damage|p2a: Zacian|94\/100|[from] Stealth Rock\n|move|p1a: Arceus|Will-O-Wisp|p2a: Zacian\n|-status|p2a: Zacian|brn\n|\n|-damage|p2a: Zacian|88\/100 brn|[from] brn\n|-fieldend|move: Electric Terrain\n|upkeep\n|turn|12\n|\n|t:|1700583237\n|switch|p1a: Corviknight|Corviknight, M|100\/100\n|-ability|p1a: Corviknight|Pressure\n|move|p2a: Zacian|Behemoth Blade|p1a: Corviknight\n|-resisted|p1a: Corviknight\n|-damage|p1a: Corviknight|91\/100\n|\n|-heal|p1a: Corviknight|97\/100|[from] item: Leftovers\n|-damage|p2a: Zacian|82\/100 brn|[from] brn\n|upkeep\n|turn|13\n|inactive|MrCatKing07 has 90 seconds left.\n|c| ZowwyCafe\u2764|it would be funny if they threw this lol\n|c|\u2606Primordiallite|Why is it webs overheat\n|c| ZowwyCafe\u2764|ikr\n|c| ZowwyCafe\u2764|sussy\n|inactive|MrCatKing07 has 60 seconds left.\n|\n|t:|1700583280\n|move|p2a: Zacian|Close Combat|p1a: Corviknight\n|-damage|p1a: Corviknight|81\/100\n|-unboost|p2a: Zacian|def|1\n|-unboost|p2a: Zacian|spd|1\n|move|p1a: Corviknight|Brave Bird|p2a: Zacian\n|-resisted|p2a: Zacian\n|-damage|p2a: Zacian|54\/100 brn\n|-damage|p1a: Corviknight|73\/100|[from] Recoil\n|\n|-heal|p1a: Corviknight|79\/100|[from] item: Leftovers\n|-damage|p2a: Zacian|48\/100 brn|[from] brn\n|upkeep\n|turn|14\n|c|\u2606MrCatKing07|zacian is useless now\n|inactive|MrCatKing07 has 60 seconds left.\n|c|\u2606Primordiallite|Yeah\n|c| ZowwyCafe\u2764|zac doesn even matter\n|c| ZowwyCafe\u2764|\u00af\\_(\u30c4)_\/\u00af\n|c|\u2606MrCatKing07|yus it dus\n|c|\u2606Primordiallite|Shut\n|\n|t:|1700583312\n|move|p2a: Zacian|Close Combat|p1a: Corviknight\n|-damage|p1a: Corviknight|65\/100\n|-unboost|p2a: Zacian|def|1\n|-unboost|p2a: Zacian|spd|1\n|move|p1a: Corviknight|Roost|p1a: Corviknight\n|-heal|p1a: Corviknight|100\/100\n|-singleturn|p1a: Corviknight|move: Roost\n|\n|-damage|p2a: Zacian|42\/100 brn|[from] brn\n|upkeep\n|turn|15\n|\n|t:|1700583327\n|switch|p1a: Arceus|Arceus-Fairy|100\/100\n|-activate|p1a: Arceus|move: Sticky Web\n|-unboost|p1a: Arceus|spe|1\n|move|p2a: Zacian|Close Combat|p1a: Arceus\n|-resisted|p1a: Arceus\n|-damage|p1a: Arceus|95\/100\n|-unboost|p2a: Zacian|def|1\n|-unboost|p2a: Zacian|spd|1\n|\n|-damage|p2a: Zacian|36\/100 brn|[from] brn\n|upkeep\n|turn|16\n|c| ZowwyCafe\u2764|not really, it would never break dozo anyway\n|c|\u2606Primordiallite|Can I try to be funny here\n|\n|t:|1700583342\n|move|p2a: Zacian|Behemoth Blade|p1a: Arceus\n|-supereffective|p1a: Arceus\n|-damage|p1a: Arceus|65\/100\n|move|p1a: Arceus|Calm Mind|p1a: Arceus\n|-boost|p1a: Arceus|spa|1\n|-boost|p1a: Arceus|spd|1\n|\n|-damage|p2a: Zacian|30\/100 brn|[from] brn\n|upkeep\n|turn|17\n|c| ZowwyCafe\u2764|O_O\n|inactive|MrCatKing07 has 60 seconds left.\n|\n|t:|1700583349\n|switch|p2a: Palafin|Palafin, F|100\/100\n|-damage|p2a: Palafin|88\/100|[from] Stealth Rock\n|move|p1a: Arceus|Recover|p1a: Arceus\n|-heal|p1a: Arceus|100\/100\n|\n|-heal|p2a: Palafin|94\/100|[from] item: Leftovers\n|upkeep\n|turn|18\n|j|+OreoSpeedruns\n|inactive|MrCatKing07 has 60 seconds left.\n|\n|t:|1700583359\n|detailschange|p2a: Palafin|Palafin-Hero, F\n|switch|p2a: Zacian|Zacian-Crowned|30\/100 brn\n|-damage|p2a: Zacian|24\/100 brn|[from] Stealth Rock\n|move|p1a: Arceus|Calm Mind|p1a: Arceus\n|-boost|p1a: Arceus|spa|1\n|-boost|p1a: Arceus|spd|1\n|\n|-damage|p2a: Zacian|17\/100 brn|[from] brn\n|upkeep\n|turn|19\n|\n|t:|1700583364\n|move|p2a: Zacian|Behemoth Blade|p1a: Arceus\n|-supereffective|p1a: Arceus\n|-damage|p1a: Arceus|71\/100\n|move|p1a: Arceus|Calm Mind|p1a: Arceus\n|-boost|p1a: Arceus|spa|1\n|-boost|p1a: Arceus|spd|1\n|\n|-damage|p2a: Zacian|11\/100 brn|[from] brn\n|upkeep\n|turn|20\n|c| ZowwyCafe\u2764|omg i swear if ragib manages to win this OwO\n|c|\u2606MrCatKing07|yeah im dumb\n|j| goodturnoutforthe\n|c|\u2606MrCatKing07|so yes\n|\n|t:|1700583380\n|move|p2a: Zacian|Behemoth Blade|p1a: Arceus\n|-supereffective|p1a: Arceus\n|-damage|p1a: Arceus|44\/100\n|move|p1a: Arceus|Recover|p1a: Arceus\n|-heal|p1a: Arceus|94\/100\n|\n|-damage|p2a: Zacian|5\/100 brn|[from] brn\n|upkeep\n|turn|21\n|\n|t:|1700583388\n|move|p2a: Zacian|Behemoth Blade|p1a: Arceus\n|-supereffective|p1a: Arceus\n|-damage|p1a: Arceus|64\/100\n|move|p1a: Arceus|Recover|p1a: Arceus\n|-heal|p1a: Arceus|100\/100\n|\n|-damage|p2a: Zacian|0 fnt|[from] brn\n|faint|p2a: Zacian\n|upkeep\n|\n|t:|1700583394\n|switch|p2a: Koraidon|Koraidon|100\/100\n|-damage|p2a: Koraidon|94\/100|[from] Stealth Rock\n|-weather|SunnyDay|[from] ability: Orichalcum Pulse|[of] p2a: Koraidon\n|-activate|p2a: Koraidon|Orichalcum Pulse|[source]\n|turn|22\n|\n|t:|1700583405\n|move|p2a: Koraidon|Flare Blitz|p1a: Arceus\n|-damage|p1a: Arceus|57\/100\n|-status|p1a: Arceus|brn\n|-damage|p2a: Koraidon|76\/100|[from] Recoil\n|move|p1a: Arceus|Judgment|p2a: Koraidon\n|-supereffective|p2a: Koraidon\n|-damage|p2a: Koraidon|0 fnt\n|faint|p2a: Koraidon\n|\n|-weather|SunnyDay|[upkeep]\n|-damage|p1a: Arceus|51\/100 brn|[from] brn\n|upkeep\n|c| ZowwyCafe\u2764|you shouldve brought in oger __waaaaaay__ earlier\n|c|\u2606MrCatKing07|yes\n|\n|t:|1700583421\n|switch|p2a: Ribombee|Ribombee, M, tera:Ghost|6\/100\n|-damage|p2a: Ribombee|0 fnt|[from] Stealth Rock\n|faint|p2a: Ribombee\n|c| ZowwyCafe\u2764|but if it outspeeds fairyceus\n|\n|t:|1700583426\n|switch|p2a: Ogerpon|Ogerpon-Hearthflame, F|100\/100\n|-damage|p2a: Ogerpon|76\/100|[from] Stealth Rock\n|-ability|p2a: Ogerpon|Mold Breaker\n|turn|23\n|c| ZowwyCafe\u2764|this is still winnable\n|c|\u2606MrCatKing07|I HAVE WEBS\n|\n|t:|1700583436\n|move|p2a: Ogerpon|Ivy Cudgel|p1a: Arceus|[anim] Ivy Cudgel Fire\n|-crit|p1a: Arceus\n|-damage|p1a: Arceus|0 fnt\n|faint|p1a: Arceus\n|\n|-weather|SunnyDay|[upkeep]\n|upkeep\n|c| ZowwyCafe\u2764|o\n|c| ZowwyCafe\u2764|im dumb\n|c| ZowwyCafe\u2764|lmao\n|c|\u2606Primordiallite|-_-\n|\n|t:|1700583452\n|switch|p1a: Kyogre|Kyogre, tera:Fairy|100\/100\n|-activate|p1a: Kyogre|move: Sticky Web\n|-unboost|p1a: Kyogre|spe|1\n|-weather|RainDance|[from] ability: Drizzle|[of] p1a: Kyogre\n|turn|24\n|inactive|MrCatKing07 has 90 seconds left.\n|\n|t:|1700583463\n|switch|p2a: Palafin|Palafin-Hero, F|94\/100\n|-damage|p2a: Palafin|82\/100|[from] Stealth Rock\n|-activate|p2a: Palafin|ability: Zero to Hero\n|move|p1a: Kyogre|Surf|p2a: Palafin\n|-resisted|p2a: Palafin\n|-damage|p2a: Palafin|43\/100\n|\n|-weather|RainDance|[upkeep]\n|-heal|p2a: Palafin|49\/100|[from] item: Leftovers\n|upkeep\n|turn|25\n|\n|t:|1700583467\n|switch|p1a: Dondozo|Dondozo, M|91\/100\n|-activate|p1a: Dondozo|move: Sticky Web\n|-unboost|p1a: Dondozo|spe|1\n|move|p2a: Palafin|Close Combat|p1a: Dondozo\n|-damage|p1a: Dondozo|71\/100\n|-unboost|p2a: Palafin|def|1\n|-unboost|p2a: Palafin|spd|1\n|\n|-weather|RainDance|[upkeep]\n|-heal|p2a: Palafin|56\/100|[from] item: Leftovers\n|-heal|p1a: Dondozo|77\/100|[from] item: Leftovers\n|upkeep\n|turn|26\n|\n|t:|1700583470\n|switch|p2a: Miraidon|Miraidon|60\/100\n|-damage|p2a: Miraidon|47\/100|[from] Stealth Rock\n|-fieldstart|move: Electric Terrain|[from] ability: Hadron Engine|[of] p2a: Miraidon\n|move|p1a: Dondozo|Liquidation|p2a: Miraidon\n|-resisted|p2a: Miraidon\n|-damage|p2a: Miraidon|27\/100\n|\n|-weather|RainDance|[upkeep]\n|-heal|p1a: Dondozo|83\/100|[from] item: Leftovers\n|upkeep\n|turn|27\n|\n|t:|1700583474\n|move|p1a: Dondozo|Protect|p1a: Dondozo\n|-singleturn|p1a: Dondozo|Protect\n|move|p2a: Miraidon|Electro Drift|p1a: Dondozo\n|-activate|p1a: Dondozo|move: Protect\n|\n|-weather|RainDance|[upkeep]\n|-heal|p1a: Dondozo|89\/100|[from] item: Leftovers\n|upkeep\n|turn|28\n|inactive|MrCatKing07 has 120 seconds left.\n|\n|t:|1700583484\n|switch|p1a: Blissey|Blissey, F|90\/100\n|move|p2a: Miraidon|Electro Drift|p1a: Blissey\n|-damage|p1a: Blissey|57\/100\n|\n|-weather|none\n|upkeep\n|turn|29\n|inactive|MrCatKing07 has 120 seconds left.\n|\n|t:|1700583490\n|switch|p2a: Ogerpon|Ogerpon-Hearthflame, F|76\/100\n|-damage|p2a: Ogerpon|51\/100|[from] Stealth Rock\n|-ability|p2a: Ogerpon|Mold Breaker\n|move|p1a: Blissey|Soft-Boiled|p1a: Blissey\n|-heal|p1a: Blissey|100\/100\n|\n|upkeep\n|turn|30\n|c|+OreoSpeedruns|this is hella winnable\n|inactive|Primordiallite has 120 seconds left.\n|c| ZowwyCafe\u2764|for sure\n|c|\u2606MrCatKing07|for me or for him?\n|c|\u2606Primordiallite|Can ogre live +2\n|c| ZowwyCafe\u2764|depend on the move\n|l| goodturnoutforthe\n|c| ZowwyCafe\u2764|if its power whip\n|c| ZowwyCafe\u2764|i think its over lol\n|inactive|Primordiallite has 90 seconds left.\n|c|\u2606MrCatKing07|sorry i dont have any lol\n|\n|t:|1700583558\n|switch|p1a: Dondozo|Dondozo, M|89\/100\n|-activate|p1a: Dondozo|move: Sticky Web\n|-unboost|p1a: Dondozo|spe|1\n|move|p2a: Ogerpon|Swords Dance|p2a: Ogerpon\n|-boost|p2a: Ogerpon|atk|2\n|\n|-heal|p1a: Dondozo|96\/100|[from] item: Leftovers\n|-fieldend|move: Electric Terrain\n|upkeep\n|turn|31\n|inactive|MrCatKing07 has 120 seconds left.\n|c|+OreoSpeedruns|zowwycafe don\u2019t speculate on sets\n|c| ZowwyCafe\u2764|mb o_o\n|c| ZowwyCafe\u2764|sry\n|c|+OreoSpeedruns|nw just refrain from it in the future\n|\n|t:|1700583602\n|move|p2a: Ogerpon|Horn Leech|p1a: Dondozo\n|-supereffective|p1a: Dondozo\n|-damage|p1a: Dondozo|14\/100\n|-heal|p2a: Ogerpon|100\/100|[from] drain|[of] p1a: Dondozo\n|move|p1a: Dondozo|Liquidation|p2a: Ogerpon\n|-damage|p2a: Ogerpon|62\/100\n|\n|-heal|p1a: Dondozo|20\/100|[from] item: Leftovers\n|upkeep\n|turn|32\n|\n|t:|1700583607\n|move|p2a: Ogerpon|Horn Leech|p1a: Dondozo\n|-supereffective|p1a: Dondozo\n|-damage|p1a: Dondozo|0 fnt\n|-heal|p2a: Ogerpon|78\/100|[from] drain|[of] p1a: Dondozo\n|faint|p1a: Dondozo\n|\n|upkeep\n|\n|t:|1700583609\n|switch|p1a: Kyogre|Kyogre, tera:Fairy|100\/100\n|-activate|p1a: Kyogre|move: Sticky Web\n|-unboost|p1a: Kyogre|spe|1\n|-weather|RainDance|[from] ability: Drizzle|[of] p1a: Kyogre\n|turn|33\n|c|+OreoSpeedruns|that\u2019s hella over\n|\n|t:|1700583612\n|move|p2a: Ogerpon|Ivy Cudgel|p1a: Kyogre|[anim] Ivy Cudgel Fire\n|-damage|p1a: Kyogre|60\/100\n|move|p1a: Kyogre|Surf|p2a: Ogerpon\n|-damage|p2a: Ogerpon|4\/100\n|\n|-weather|RainDance|[upkeep]\n|-heal|p1a: Kyogre|66\/100|[from] item: Leftovers\n|upkeep\n|turn|34\n|c|\u2606MrCatKing07|NOOO\n|inactive|Primordiallite has 120 seconds left.\n|inactive|MrCatKing07 has 120 seconds left.\n|c|\u2606Primordiallite|Bruh\n|c|\u2606Primordiallite|Weak ogre\n|c| ZowwyCafe\u2764|im just confused now lmfao\n|\n|t:|1700583643\n|move|p2a: Ogerpon|Horn Leech|p1a: Kyogre\n|-damage|p1a: Kyogre|6\/100\n|-heal|p2a: Ogerpon|45\/100|[from] drain|[of] p1a: Kyogre\n|move|p1a: Kyogre|Surf|p2a: Ogerpon\n|-damage|p2a: Ogerpon|0 fnt\n|faint|p2a: Ogerpon\n|\n|-weather|RainDance|[upkeep]\n|-heal|p1a: Kyogre|12\/100|[from] item: Leftovers\n|upkeep\n|c|\u2606Primordiallite|Oh\n|c|\u2606MrCatKing07|it was because of rain\n|c| ZowwyCafe\u2764|why did you click ivy lol\n|c| ZowwyCafe\u2764|yea\n|inactive|MrCatKing07 has 90 seconds left.\n|c|\u2606MrCatKing07|i just realized that\n|\n|t:|1700583672\n|switch|p2a: Miraidon|Miraidon|27\/100\n|-damage|p2a: Miraidon|14\/100|[from] Stealth Rock\n|-fieldstart|move: Electric Terrain|[from] ability: Hadron Engine|[of] p2a: Miraidon\n|turn|35\n|c| ZowwyCafe\u2764|wait no D:\n|c| ZowwyCafe\u2764|o thank god\n|\n|t:|1700583681\n|move|p2a: Miraidon|Electro Drift|p1a: Kyogre\n|-damage|p1a: Kyogre|0 fnt\n|faint|p1a: Kyogre\n|\n|-weather|RainDance|[upkeep]\n|upkeep\n|\n|t:|1700583683\n|switch|p1a: Blissey|Blissey, F|100\/100\n|turn|36\n|inactive|MrCatKing07 has 90 seconds left.\n|inactive|MrCatKing07 has 60 seconds left.\n|inactive|MrCatKing07 has 30 seconds left.\n|inactive|MrCatKing07 has 20 seconds left.\n|inactive|MrCatKing07 has 15 seconds left.\n|\n|t:|1700583777\n|switch|p2a: Palafin|Palafin-Hero, F|56\/100\n|-damage|p2a: Palafin|43\/100|[from] Stealth Rock\n|move|p1a: Blissey|Seismic Toss|p2a: Palafin\n|-damage|p2a: Palafin|14\/100\n|\n|-weather|RainDance|[upkeep]\n|-heal|p2a: Palafin|20\/100|[from] item: Leftovers\n|upkeep\n|turn|37\n|inactive|MrCatKing07 has 25 seconds left this turn.\n|\n|t:|1700583785\n|switch|p1a: Corviknight|Corviknight, M|100\/100\n|-ability|p1a: Corviknight|Pressure\n|move|p2a: Palafin|Close Combat|p1a: Corviknight\n|-damage|p1a: Corviknight|69\/100\n|-unboost|p2a: Palafin|def|1\n|-unboost|p2a: Palafin|spd|1\n|\n|-weather|none\n|-heal|p2a: Palafin|26\/100|[from] item: Leftovers\n|-heal|p1a: Corviknight|75\/100|[from] item: Leftovers\n|upkeep\n|turn|38\n|inactive|MrCatKing07 has 30 seconds left.\n|inactive|MrCatKing07 has 20 seconds left.\n|inactive|MrCatKing07 has 15 seconds left.\n|inactive|MrCatKing07 has 10 seconds left.\n|\n|t:|1700583814\n|move|p2a: Palafin|Jet Punch|p1a: Corviknight\n|-crit|p1a: Corviknight\n|-damage|p1a: Corviknight|41\/100\n|move|p1a: Corviknight|Brave Bird|p2a: Palafin\n|-crit|p2a: Palafin\n|-damage|p2a: Palafin|0 fnt\n|faint|p2a: Palafin\n|-damage|p1a: Corviknight|34\/100|[from] Recoil\n|\n|-heal|p1a: Corviknight|40\/100|[from] item: Leftovers\n|upkeep\n|inactive|MrCatKing07 has 15 seconds left this turn.\n|c|+OreoSpeedruns|bro choked\n|\n|t:|1700583816\n|switch|p2a: Miraidon|Miraidon|14\/100\n|-damage|p2a: Miraidon|2\/100|[from] Stealth Rock\n|-activate|p2a: Miraidon|ability: Hadron Engine\n|turn|39\n|inactive|MrCatKing07 has 25 seconds left this turn.\n|c|+OreoSpeedruns|:skull:\n|inactive|MrCatKing07 has 20 seconds left.\n|c|\u2606Primordiallite|Lol. Gg\n|\n|t:|1700583828\n|move|p2a: Miraidon|Electro Drift|p1a: Corviknight\n|-supereffective|p1a: Corviknight\n|-damage|p1a: Corviknight|0 fnt\n|faint|p1a: Corviknight\n|\n|-fieldend|move: Electric Terrain\n|upkeep\n|inactive|MrCatKing07 has 25 seconds left this turn.\n|c| ZowwyCafe\u2764|shouldve wave crashed lmao\n|\n|t:|1700583830\n|switch|p1a: Blissey|Blissey, F|100\/100\n|turn|40\n|inactive|MrCatKing07 has 30 seconds left.\n|c|\u2606Primordiallite|Does he not die to\n|c|\u2606Primordiallite|Recpil\n|c|\u2606Primordiallite|Recoil*\n|inactive|MrCatKing07 has 20 seconds left.\n|c| ZowwyCafe\u2764|o\n|inactive|MrCatKing07 has 15 seconds left.\n|c| ZowwyCafe\u2764|hm\n|inactive|MrCatKing07 has 10 seconds left.\n|c|\u2606Primordiallite|It was lost\n|inactive|MrCatKing07 has 5 seconds left.\n|\n|t:|1700583862\n|move|p2a: Miraidon|Electro Drift|p1a: Blissey\n|-damage|p1a: Blissey|82\/100\n|move|p1a: Blissey|Seismic Toss|p2a: Miraidon\n|-damage|p2a: Miraidon|0 fnt\n|faint|p2a: Miraidon\n|\n|win|Primordiallite\n|inactive|MrCatKing07 has 10 seconds left this turn.\n|n|\u2606Primordiallite|primordiallite\n|n|\u2606MrCatKing07|mrcatking07\n|n| ZowwyCafe\u2764|zowwycafe\n|n| OreoSpeedruns|oreospeedruns\n|c|\u2606MrCatKing07|ggs\n|c|\u2606Primordiallite|The moment he clicked ivy\n|c|\u2606Primordiallite|gg\n|l| ZowwyCafe\u2764\n|l|\u2606MrCatKing07\n|l| OreoSpeedruns\n","uploadtime":1700583901,"views":2,"p1id":"primordiallite","p2id":"mrcatking07","formatid":"gen9ubers","rating":0,"private":0,"password":""}