{"id":"gen9ubers-1989271049","p1":"Undead_Redhead","p2":"LOLWhale","format":"[Gen 9] Ubers","log":"|j|\u2606Undead_Redhead\n|j|\u2606LOLWhale\n|t:|1699830275\n|gametype|singles\n|player|p1|Undead_Redhead|flannery|\n|player|p2|LOLWhale|101|\n|teamsize|p1|6\n|teamsize|p2|6\n|gen|9\n|tier|[Gen 9] Ubers\n|rule|Sleep Clause Mod: Limit one foe put to sleep\n|rule|Species Clause: Limit one of each Pok\u00e9mon\n|rule|OHKO Clause: OHKO moves are banned\n|rule|Evasion Items Clause: Evasion items are banned\n|rule|Evasion Moves Clause: Evasion moves are banned\n|rule|Endless Battle Clause: Forcing endless battles is banned\n|rule|HP Percentage Mod: HP is shown in percentages\n|clearpoke\n|poke|p1|Landorus-Therian, M|\n|poke|p1|Volcanion|\n|poke|p1|Zapdos|\n|poke|p1|Meowscarada, F|\n|poke|p1|Trevenant, F|\n|poke|p1|Clefable, F|\n|poke|p2|Espeon, F|\n|poke|p2|Muk-Alola, M|\n|poke|p2|Heatran, M|\n|poke|p2|Froslass, F|\n|poke|p2|Lycanroc-Dusk, F|\n|poke|p2|Gurdurr, M|\n|teampreview\n|c|\u2606LOLWhale|gl gl :)\n|\n|t:|1699830310\n|start\n|switch|p1a: Landorus|Landorus-Therian, M|100\/100\n|switch|p2a: Froslass|Froslass, F|100\/100\n|-ability|p1a: Landorus|Intimidate|boost\n|-unboost|p2a: Froslass|atk|1\n|turn|1\n|j| Ghantist\n|j| iceberg149\n|j| DivogoJota\n|\n|t:|1699830325\n|move|p2a: Froslass|Ice Beam|p1a: Landorus\n|-supereffective|p1a: Landorus\n|-damage|p1a: Landorus|0 fnt\n|faint|p1a: Landorus\n|\n|upkeep\n|\n|t:|1699830333\n|switch|p1a: Volcanion|Volcanion|100\/100\n|turn|2\n|\n|t:|1699830347\n|switch|p2a: Gurdurr|Gurdurr, M|100\/100\n|move|p1a: Volcanion|Steam Eruption|p2a: Gurdurr\n|-damage|p2a: Gurdurr|32\/100\n|-status|p2a: Gurdurr|brn\n|\n|-damage|p2a: Gurdurr|26\/100 brn|[from] brn\n|upkeep\n|turn|3\n|\n|t:|1699830361\n|move|p1a: Volcanion|Steam Eruption|p2a: Gurdurr\n|-damage|p2a: Gurdurr|0 fnt\n|faint|p2a: Gurdurr\n|\n|upkeep\n|j| justinrockin\n|j| SunShinyReys\n|c|\u2606Undead_Redhead|Sorry keyboard didnt wanna work, glhf :3\n|\n|t:|1699830428\n|switch|p2a: Lycanroc|Lycanroc-Dusk, F|100\/100\n|turn|4\n|\n|t:|1699830439\n|move|p2a: Lycanroc|Stone Edge|p1a: Volcanion\n|-supereffective|p1a: Volcanion\n|-damage|p1a: Volcanion|16\/100\n|move|p1a: Volcanion|Steam Eruption|p2a: Lycanroc\n|-supereffective|p2a: Lycanroc\n|-damage|p2a: Lycanroc|0 fnt\n|faint|p2a: Lycanroc\n|\n|upkeep\n|\n|t:|1699830510\n|switch|p2a: Froslass|Froslass, F|100\/100\n|turn|5\n|\n|t:|1699830524\n|switch|p1a: Clefable|Clefable, F|100\/100\n|move|p2a: Froslass|Thunderbolt|p1a: Clefable\n|-damage|p1a: Clefable|86\/100\n|\n|upkeep\n|turn|6\n|\n|t:|1699830535\n|switch|p2a: Muk|Muk-Alola, M|100\/100\n|move|p1a: Clefable|Knock Off|p2a: Muk\n|-resisted|p2a: Muk\n|-damage|p2a: Muk|92\/100\n|-enditem|p2a: Muk|Leftovers|[from] move: Knock Off|[of] p1a: Clefable\n|\n|upkeep\n|turn|7\n|\n|t:|1699830557\n|move|p1a: Clefable|Moonblast|p2a: Muk\n|-damage|p2a: Muk|56\/100\n|move|p2a: Muk|Substitute|p2a: Muk\n|-start|p2a: Muk|Substitute\n|-damage|p2a: Muk|31\/100\n|\n|upkeep\n|turn|8\n|\n|t:|1699830565\n|move|p1a: Clefable|Moonblast|p2a: Muk\n|-end|p2a: Muk|Substitute\n|move|p2a: Muk|Poison Jab|p1a: Clefable\n|-supereffective|p1a: Clefable\n|-damage|p1a: Clefable|8\/100\n|-status|p1a: Clefable|psn\n|\n|upkeep\n|turn|9\n|\n|t:|1699830580\n|switch|p2a: Heatran|Heatran, M|100\/100\n|-item|p2a: Heatran|Air Balloon\n|move|p1a: Clefable|Wish|p1a: Clefable\n|\n|upkeep\n|turn|10\n|\n|t:|1699830608\n|move|p1a: Clefable|Protect|p1a: Clefable\n|-singleturn|p1a: Clefable|Protect\n|move|p2a: Heatran|Stealth Rock|p1a: Clefable\n|-sidestart|p1: Undead_Redhead|move: Stealth Rock\n|\n|-heal|p1a: Clefable|58\/100 psn|[from] move: Wish|[wisher] Clefable\n|upkeep\n|turn|11\n|\n|t:|1699830616\n|move|p2a: Heatran|Heavy Slam|p1a: Clefable\n|-supereffective|p1a: Clefable\n|-damage|p1a: Clefable|0 fnt\n|faint|p1a: Clefable\n|\n|upkeep\n|\n|t:|1699830624\n|switch|p1a: Volcanion|Volcanion|16\/100\n|-damage|p1a: Volcanion|0 fnt|[from] Stealth Rock\n|faint|p1a: Volcanion\n|\n|t:|1699830633\n|switch|p1a: Zapdos|Zapdos|100\/100\n|-damage|p1a: Zapdos|75\/100|[from] Stealth Rock\n|turn|12\n|\n|t:|1699830639\n|move|p1a: Zapdos|Thunder Wave|p2a: Heatran\n|-status|p2a: Heatran|par\n|move|p2a: Heatran|Lava Plume|p1a: Zapdos\n|-damage|p1a: Zapdos|40\/100\n|-status|p1a: Zapdos|brn\n|\n|-damage|p1a: Zapdos|34\/100 brn|[from] brn\n|upkeep\n|turn|13\n|\n|t:|1699830653\n|switch|p2a: Muk|Muk-Alola, M|31\/100\n|move|p1a: Zapdos|Hurricane|p2a: Muk\n|-damage|p2a: Muk|0 fnt\n|faint|p2a: Muk\n|\n|-damage|p1a: Zapdos|28\/100 brn|[from] brn\n|upkeep\n|\n|t:|1699830657\n|switch|p2a: Froslass|Froslass, F|100\/100\n|turn|14\n|\n|t:|1699830666\n|move|p2a: Froslass|Ice Beam|p1a: Zapdos\n|-supereffective|p1a: Zapdos\n|-damage|p1a: Zapdos|0 fnt\n|faint|p1a: Zapdos\n|\n|upkeep\n|\n|t:|1699830671\n|switch|p1a: Trevenant|Trevenant, F|100\/100\n|-damage|p1a: Trevenant|88\/100|[from] Stealth Rock\n|turn|15\n|\n|t:|1699830698\n|move|p1a: Trevenant|Protect|p1a: Trevenant\n|-singleturn|p1a: Trevenant|Protect\n|move|p2a: Froslass|Ice Beam|p1a: Trevenant\n|-activate|p1a: Trevenant|move: Protect\n|\n|upkeep\n|turn|16\n|\n|t:|1699830706\n|-terastallize|p1a: Trevenant|Water\n|move|p2a: Froslass|Ice Beam|p1a: Trevenant\n|-resisted|p1a: Trevenant\n|-damage|p1a: Trevenant|76\/100\n|move|p1a: Trevenant|Leech Seed|p2a: Froslass\n|-start|p2a: Froslass|move: Leech Seed\n|\n|-damage|p2a: Froslass|88\/100|[from] Leech Seed|[of] p1a: Trevenant\n|-heal|p1a: Trevenant|85\/100|[silent]\n|upkeep\n|turn|17\n|\n|t:|1699830726\n|switch|p2a: Espeon|Espeon, F, shiny|100\/100\n|move|p1a: Trevenant|Substitute|p1a: Trevenant\n|-start|p1a: Trevenant|Substitute\n|-damage|p1a: Trevenant|60\/100\n|\n|upkeep\n|turn|18\n|j| hatev2\n|\n|t:|1699830734\n|-terastallize|p2a: Espeon|Fairy\n|move|p2a: Espeon|Dazzling Gleam|p1a: Trevenant\n|-end|p1a: Trevenant|Substitute\n|move|p1a: Trevenant|Horn Leech|p2a: Espeon\n|-damage|p2a: Espeon|42\/100\n|-heal|p1a: Trevenant|82\/100|[from] drain|[of] p2a: Espeon\n|\n|upkeep\n|turn|19\n|\n|t:|1699830744\n|move|p2a: Espeon|Dazzling Gleam|p1a: Trevenant\n|-damage|p1a: Trevenant|52\/100\n|move|p1a: Trevenant|Horn Leech|p2a: Espeon\n|-damage|p2a: Espeon|0 fnt\n|-heal|p1a: Trevenant|67\/100|[from] drain|[of] p2a: Espeon\n|faint|p2a: Espeon\n|\n|upkeep\n|j| ThatGuyAltro\n|\n|t:|1699830774\n|switch|p2a: Heatran|Heatran, M|100\/100 par\n|-item|p2a: Heatran|Air Balloon\n|turn|20\n|j| Yveltql\n|c|\u2606LOLWhale|mmm\n|c|\u2606LOLWhale|i missclciked\n|c|\u2606LOLWhale|hm\n|\n|t:|1699830814\n|switch|p2a: Froslass|Froslass, F|88\/100\n|move|p1a: Trevenant|Leech Seed|p2a: Froslass\n|-start|p2a: Froslass|move: Leech Seed\n|\n|-damage|p2a: Froslass|76\/100|[from] Leech Seed|[of] p1a: Trevenant\n|-heal|p1a: Trevenant|76\/100|[silent]\n|upkeep\n|turn|21\n|\n|t:|1699830830\n|move|p1a: Trevenant|Protect|p1a: Trevenant\n|-singleturn|p1a: Trevenant|Protect\n|move|p2a: Froslass|Thunderbolt|p1a: Trevenant\n|-activate|p1a: Trevenant|move: Protect\n|\n|-damage|p2a: Froslass|63\/100|[from] Leech Seed|[of] p1a: Trevenant\n|-heal|p1a: Trevenant|86\/100|[silent]\n|upkeep\n|turn|22\n|\n|t:|1699830844\n|switch|p2a: Heatran|Heatran, M|100\/100 par\n|-item|p2a: Heatran|Air Balloon\n|move|p1a: Trevenant|Horn Leech|p2a: Heatran\n|-resisted|p2a: Heatran\n|-damage|p2a: Heatran|96\/100 par\n|-heal|p1a: Trevenant|88\/100|[from] drain|[of] p2a: Heatran\n|-status|p1a: Trevenant|brn|[from] ability: Flame Body|[of] p2a: Heatran\n|-enditem|p2a: Heatran|Air Balloon\n|\n|-damage|p1a: Trevenant|82\/100 brn|[from] brn\n|upkeep\n|turn|23\n|\n|t:|1699830858\n|move|p1a: Trevenant|Leech Seed|p2a: Heatran|[miss]\n|-miss|p1a: Trevenant|p2a: Heatran\n|move|p2a: Heatran|Lava Plume|p1a: Trevenant\n|-resisted|p1a: Trevenant\n|-damage|p1a: Trevenant|68\/100 brn\n|\n|-damage|p1a: Trevenant|62\/100 brn|[from] brn\n|upkeep\n|turn|24\n|c|\u2606LOLWhale|im gonna get goobed\n|\n|t:|1699830868\n|move|p1a: Trevenant|Leech Seed|p2a: Heatran\n|-start|p2a: Heatran|move: Leech Seed\n|move|p2a: Heatran|Lava Plume|p1a: Trevenant\n|-resisted|p1a: Trevenant\n|-damage|p1a: Trevenant|49\/100 brn\n|-enditem|p1a: Trevenant|Sitrus Berry|[eat]\n|-heal|p1a: Trevenant|74\/100 brn|[from] item: Sitrus Berry\n|\n|-damage|p2a: Heatran|84\/100 par|[from] Leech Seed|[of] p1a: Trevenant\n|-heal|p1a: Trevenant|87\/100 brn|[silent]\n|-damage|p1a: Trevenant|81\/100 brn|[from] brn\n|-item|p1a: Trevenant|Sitrus Berry|[from] ability: Harvest\n|upkeep\n|turn|25\n|\n|t:|1699830883\n|switch|p2a: Froslass|Froslass, F|63\/100\n|move|p1a: Trevenant|Substitute|p1a: Trevenant\n|-start|p1a: Trevenant|Substitute\n|-damage|p1a: Trevenant|56\/100 brn\n|\n|-damage|p1a: Trevenant|49\/100 brn|[from] brn\n|upkeep\n|-enditem|p1a: Trevenant|Sitrus Berry|[eat]\n|-heal|p1a: Trevenant|74\/100 brn|[from] item: Sitrus Berry\n|turn|26\n|\n|t:|1699830895\n|move|p2a: Froslass|Thunderbolt|p1a: Trevenant\n|-supereffective|p1a: Trevenant\n|-end|p1a: Trevenant|Substitute\n|move|p1a: Trevenant|Horn Leech|p2a: Froslass\n|-damage|p2a: Froslass|41\/100\n|-heal|p1a: Trevenant|83\/100 brn|[from] drain|[of] p2a: Froslass\n|\n|-damage|p1a: Trevenant|77\/100 brn|[from] brn\n|-item|p1a: Trevenant|Sitrus Berry|[from] ability: Harvest\n|upkeep\n|turn|27\n|\n|t:|1699830906\n|move|p2a: Froslass|Thunderbolt|p1a: Trevenant\n|-supereffective|p1a: Trevenant\n|-damage|p1a: Trevenant|42\/100 brn\n|-enditem|p1a: Trevenant|Sitrus Berry|[eat]\n|-heal|p1a: Trevenant|67\/100 brn|[from] item: Sitrus Berry\n|move|p1a: Trevenant|Horn Leech|p2a: Froslass\n|-damage|p2a: Froslass|17\/100\n|-heal|p1a: Trevenant|76\/100 brn|[from] drain|[of] p2a: Froslass\n|\n|-damage|p1a: Trevenant|70\/100 brn|[from] brn\n|-item|p1a: Trevenant|Sitrus Berry|[from] ability: Harvest\n|upkeep\n|turn|28\n|c| hatev2|bro is a farmer the way he be harvesting\n|\n|t:|1699830920\n|switch|p2a: Heatran|Heatran, M|84\/100 par\n|move|p1a: Trevenant|Horn Leech|p2a: Heatran\n|-resisted|p2a: Heatran\n|-crit|p2a: Heatran\n|-damage|p2a: Heatran|81\/100 par\n|-heal|p1a: Trevenant|72\/100 brn|[from] drain|[of] p2a: Heatran\n|\n|-damage|p1a: Trevenant|66\/100 brn|[from] brn\n|upkeep\n|turn|29\n|\n|t:|1699830937\n|move|p1a: Trevenant|Leech Seed|p2a: Heatran\n|-start|p2a: Heatran|move: Leech Seed\n|move|p2a: Heatran|Lava Plume|p1a: Trevenant\n|-resisted|p1a: Trevenant\n|-damage|p1a: Trevenant|53\/100 brn\n|\n|-damage|p2a: Heatran|68\/100 par|[from] Leech Seed|[of] p1a: Trevenant\n|-heal|p1a: Trevenant|66\/100 brn|[silent]\n|-damage|p1a: Trevenant|59\/100 brn|[from] brn\n|upkeep\n|turn|30\n|\n|t:|1699830953\n|switch|p2a: Froslass|Froslass, F|17\/100\n|move|p1a: Trevenant|Horn Leech|p2a: Froslass\n|-damage|p2a: Froslass|0 fnt\n|-heal|p1a: Trevenant|66\/100 brn|[from] drain|[of] p2a: Froslass\n|faint|p2a: Froslass\n|\n|-damage|p1a: Trevenant|59\/100 brn|[from] brn\n|upkeep\n|c|\u2606LOLWhale|gg\n|\n|t:|1699830959\n|switch|p2a: Heatran|Heatran, M|68\/100 par\n|turn|31\n|\n|t:|1699830965\n|move|p1a: Trevenant|Leech Seed|p2a: Heatran\n|-start|p2a: Heatran|move: Leech Seed\n|cant|p2a: Heatran|par\n|\n|-damage|p2a: Heatran|56\/100 par|[from] Leech Seed|[of] p1a: Trevenant\n|-heal|p1a: Trevenant|72\/100 brn|[silent]\n|-damage|p1a: Trevenant|66\/100 brn|[from] brn\n|upkeep\n|turn|32\n|c| hatev2|rip chat\n|c| hatev2|trev the goat\n|c|\u2606LOLWhale|if i leave is it a 6-0\n|l| Yveltql\n|c|\u2606LOLWhale|o is it a 2-0\n|\n|t:|1699830986\n|move|p1a: Trevenant|Protect|p1a: Trevenant\n|-singleturn|p1a: Trevenant|Protect\n|move|p2a: Heatran|Lava Plume|p1a: Trevenant\n|-activate|p1a: Trevenant|move: Protect\n|\n|-damage|p2a: Heatran|43\/100 par|[from] Leech Seed|[of] p1a: Trevenant\n|-heal|p1a: Trevenant|79\/100 brn|[silent]\n|-damage|p1a: Trevenant|73\/100 brn|[from] brn\n|upkeep\n|turn|33\n|c| hatev2|just let trev eat ur booty\n|c|\u2606LOLWhale|no\n|\n|t:|1699830999\n|move|p1a: Trevenant|Horn Leech|p2a: Heatran\n|-resisted|p2a: Heatran\n|-damage|p2a: Heatran|41\/100 par\n|-heal|p1a: Trevenant|74\/100 brn|[from] drain|[of] p2a: Heatran\n|move|p2a: Heatran|Lava Plume|p1a: Trevenant\n|-resisted|p1a: Trevenant\n|-damage|p1a: Trevenant|61\/100 brn\n|\n|-damage|p2a: Heatran|29\/100 par|[from] Leech Seed|[of] p1a: Trevenant\n|-heal|p1a: Trevenant|74\/100 brn|[silent]\n|-damage|p1a: Trevenant|67\/100 brn|[from] brn\n|upkeep\n|turn|34\n|c|\u2606LOLWhale|i have work\n|c|\u2606LOLWhale|i would rather not\n|\n|t:|1699831013\n|move|p1a: Trevenant|Horn Leech|p2a: Heatran\n|-resisted|p2a: Heatran\n|-damage|p2a: Heatran|27\/100 par\n|-heal|p1a: Trevenant|69\/100 brn|[from] drain|[of] p2a: Heatran\n|move|p2a: Heatran|Lava Plume|p1a: Trevenant\n|-resisted|p1a: Trevenant\n|-damage|p1a: Trevenant|55\/100 brn\n|\n|-damage|p2a: Heatran|14\/100 par|[from] Leech Seed|[of] p1a: Trevenant\n|-heal|p1a: Trevenant|68\/100 brn|[silent]\n|-damage|p1a: Trevenant|62\/100 brn|[from] brn\n|upkeep\n|turn|35\n|\n|t:|1699831025\n|move|p1a: Trevenant|Horn Leech|p2a: Heatran\n|-resisted|p2a: Heatran\n|-damage|p2a: Heatran|13\/100 par\n|-heal|p1a: Trevenant|63\/100 brn|[from] drain|[of] p2a: Heatran\n|move|p2a: Heatran|Lava Plume|p1a: Trevenant\n|-resisted|p1a: Trevenant\n|-damage|p1a: Trevenant|51\/100 brn\n|\n|-damage|p2a: Heatran|0 fnt|[from] Leech Seed|[of] p1a: Trevenant\n|-heal|p1a: Trevenant|63\/100 brn|[silent]\n|faint|p2a: Heatran\n|\n|win|Undead_Redhead\n|upkeep\n|l|\u2606LOLWhale\n","uploadtime":1699831044,"views":57,"p1id":"undeadredhead","p2id":"lolwhale","formatid":"gen9ubers","rating":0,"private":0,"password":""}