{"id":"gen9ubers-1968262382","p1":"vespyyy","p2":"XpokVEVO","format":"[Gen 9] Ubers","log":"|j|\u2606vespyyy\n|j|\u2606XpokVEVO\n|t:|1697400148\n|gametype|singles\n|player|p1|vespyyy|juggler|\n|player|p2|XpokVEVO|marshal|\n|teamsize|p1|6\n|teamsize|p2|6\n|gen|9\n|tier|[Gen 9] Ubers\n|rule|Sleep Clause Mod: Limit one foe put to sleep\n|rule|Species Clause: Limit one of each Pok\u00e9mon\n|rule|OHKO Clause: OHKO moves are banned\n|rule|Evasion Items Clause: Evasion items are banned\n|rule|Evasion Moves Clause: Evasion moves are banned\n|rule|Endless Battle Clause: Forcing endless battles is banned\n|rule|HP Percentage Mod: HP is shown in percentages\n|clearpoke\n|poke|p1|Arceus-Dark|\n|poke|p1|Dondozo, F|\n|poke|p1|Blissey, F|\n|poke|p1|Cresselia, F|\n|poke|p1|Giratina|\n|poke|p1|Zacian-*|\n|poke|p2|Arceus-Fire|\n|poke|p2|Shaymin-Sky|\n|poke|p2|Palkia-Origin|\n|poke|p2|Cyclizar, F|\n|poke|p2|Espathra, M|\n|poke|p2|Magearna|\n|teampreview\n|\n|t:|1697400161\n|start\n|switch|p1a: Zacian|Zacian, shiny|100\/100\n|switch|p2a: Cyclizar|Cyclizar, F|100\/100\n|-ability|p1a: Zacian|Intrepid Sword|boost\n|-boost|p1a: Zacian|atk|1\n|turn|1\n|\n|t:|1697400168\n|move|p1a: Zacian|Play Rough|p2a: Cyclizar\n|-supereffective|p2a: Cyclizar\n|-damage|p2a: Cyclizar|0 fnt\n|faint|p2a: Cyclizar\n|\n|upkeep\n|\n|t:|1697400183\n|switch|p2a: Magearna|Magearna|100\/100\n|turn|2\n|\n|t:|1697400186\n|-terastallize|p1a: Zacian|Ground\n|move|p1a: Zacian|Tera Blast|p2a: Magearna|[anim] Tera Blast Ground\n|-supereffective|p2a: Magearna\n|-damage|p2a: Magearna|0 fnt\n|faint|p2a: Magearna\n|\n|upkeep\n|\n|t:|1697400236\n|switch|p2a: Shaymin|Shaymin-Sky, shiny|100\/100\n|turn|3\n|\n|t:|1697400241\n|switch|p1a: Giratina|Giratina|100\/100\n|-ability|p1a: Giratina|Pressure\n|move|p2a: Shaymin|Seed Flare|p1a: Giratina\n|-resisted|p1a: Giratina\n|-damage|p1a: Giratina|77\/100\n|-unboost|p1a: Giratina|spd|2\n|-damage|p2a: Shaymin|91\/100|[from] item: Life Orb\n|\n|upkeep\n|turn|4\n|\n|t:|1697400246\n|switch|p1a: Blissey|Blissey, F|100\/100\n|move|p2a: Shaymin|Air Slash|p1a: Blissey\n|-damage|p1a: Blissey|88\/100\n|-damage|p2a: Shaymin|81\/100|[from] item: Life Orb\n|\n|upkeep\n|turn|5\n|\n|t:|1697400250\n|move|p2a: Shaymin|Seed Flare|p1a: Blissey\n|-damage|p1a: Blissey|67\/100\n|-unboost|p1a: Blissey|spd|2\n|-damage|p2a: Shaymin|71\/100|[from] item: Life Orb\n|move|p1a: Blissey|Seismic Toss|p2a: Shaymin\n|-damage|p2a: Shaymin|41\/100\n|\n|upkeep\n|turn|6\n|\n|t:|1697400255\n|switch|p1a: Giratina|Giratina|77\/100\n|-ability|p1a: Giratina|Pressure\n|move|p2a: Shaymin|Seed Flare|p1a: Giratina|[miss]\n|-miss|p2a: Shaymin|p1a: Giratina\n|\n|upkeep\n|turn|7\n|\n|t:|1697400262\n|move|p2a: Shaymin|Air Slash|p1a: Giratina\n|-damage|p1a: Giratina|50\/100\n|-damage|p2a: Shaymin|31\/100|[from] item: Life Orb\n|move|p1a: Giratina|Hex|p2a: Shaymin\n|-damage|p2a: Shaymin|4\/100\n|\n|upkeep\n|turn|8\n|\n|t:|1697400270\n|switch|p1a: Blissey|Blissey, F|67\/100\n|move|p2a: Shaymin|Seed Flare|p1a: Blissey\n|-damage|p1a: Blissey|44\/100\n|-unboost|p1a: Blissey|spd|2\n|-damage|p2a: Shaymin|0 fnt|[from] item: Life Orb\n|faint|p2a: Shaymin\n|\n|upkeep\n|\n|t:|1697400274\n|switch|p2a: Espathra|Espathra, M|100\/100\n|turn|9\n|\n|t:|1697400276\n|switch|p1a: Giratina|Giratina|50\/100\n|-ability|p1a: Giratina|Pressure\n|move|p2a: Espathra|Calm Mind|p2a: Espathra\n|-boost|p2a: Espathra|spa|1\n|-boost|p2a: Espathra|spd|1\n|\n|-ability|p2a: Espathra|Speed Boost|boost\n|-boost|p2a: Espathra|spe|1\n|upkeep\n|turn|10\n|\n|t:|1697400280\n|move|p2a: Espathra|Protect|p2a: Espathra\n|-singleturn|p2a: Espathra|Protect\n|move|p1a: Giratina|Roar|p2a: Espathra\n|drag|p2a: Arceus-Fight\u0131ng|Arceus-Fire, shiny|100\/100\n|\n|upkeep\n|turn|11\n|\n|t:|1697400287\n|move|p2a: Arceus-Fight\u0131ng|Dragon Dance|p2a: Arceus-Fight\u0131ng\n|-boost|p2a: Arceus-Fight\u0131ng|atk|1\n|-boost|p2a: Arceus-Fight\u0131ng|spe|1\n|move|p1a: Giratina|Thunder Wave|p2a: Arceus-Fight\u0131ng\n|-status|p2a: Arceus-Fight\u0131ng|par\n|\n|upkeep\n|turn|12\n|\n|t:|1697400290\n|move|p2a: Arceus-Fight\u0131ng|Dragon Dance|p2a: Arceus-Fight\u0131ng\n|-boost|p2a: Arceus-Fight\u0131ng|atk|1\n|-boost|p2a: Arceus-Fight\u0131ng|spe|1\n|move|p1a: Giratina|Rest|p1a: Giratina\n|-status|p1a: Giratina|slp|[from] move: Rest\n|-heal|p1a: Giratina|100\/100 slp|[silent]\n|\n|upkeep\n|turn|13\n|\n|t:|1697400294\n|move|p2a: Arceus-Fight\u0131ng|Dragon Dance|p2a: Arceus-Fight\u0131ng\n|-boost|p2a: Arceus-Fight\u0131ng|atk|1\n|-boost|p2a: Arceus-Fight\u0131ng|spe|1\n|cant|p1a: Giratina|slp\n|\n|upkeep\n|turn|14\n|\n|t:|1697400297\n|switch|p1a: Dondozo|Dondozo, F|100\/100\n|-terastallize|p2a: Arceus-Fight\u0131ng|Fairy\n|move|p2a: Arceus-Fight\u0131ng|Tera Blast|p1a: Dondozo|[anim] Tera Blast Fairy\n|-damage|p1a: Dondozo|83\/100\n|\n|upkeep\n|turn|15\n|\n|t:|1697400307\n|switch|p2a: Palkia|Palkia-Origin|100\/100\n|-ability|p2a: Palkia|Pressure\n|move|p1a: Dondozo|Liquidation|p2a: Palkia\n|-resisted|p2a: Palkia\n|-damage|p2a: Palkia|92\/100\n|\n|upkeep\n|turn|16\n|\n|t:|1697400310\n|switch|p1a: Blissey|Blissey, F|44\/100\n|move|p2a: Palkia|Thunder Wave|p1a: Blissey\n|-status|p1a: Blissey|par\n|\n|upkeep\n|turn|17\n|\n|t:|1697400313\n|switch|p2a: Espathra|Espathra, M|100\/100\n|move|p1a: Blissey|Heal Bell|p1a: Blissey\n|-activate|p1a: Blissey|move: Heal Bell\n|-curestatus|p1a: Blissey|par|[msg]\n|-curestatus|p1: Giratina|slp|[msg]\n|\n|upkeep\n|turn|18\n|\n|t:|1697400315\n|switch|p1a: Giratina|Giratina|100\/100\n|-ability|p1a: Giratina|Pressure\n|move|p2a: Espathra|Calm Mind|p2a: Espathra\n|-boost|p2a: Espathra|spa|1\n|-boost|p2a: Espathra|spd|1\n|\n|-ability|p2a: Espathra|Speed Boost|boost\n|-boost|p2a: Espathra|spe|1\n|upkeep\n|turn|19\n|\n|t:|1697400323\n|move|p2a: Espathra|Protect|p2a: Espathra\n|-singleturn|p2a: Espathra|Protect\n|move|p1a: Giratina|Roar|p2a: Espathra\n|drag|p2a: Palkia|Palkia-Origin|92\/100\n|-ability|p2a: Palkia|Pressure\n|\n|upkeep\n|turn|20\n|\n|t:|1697400326\n|switch|p1a: Blissey|Blissey, F|44\/100\n|move|p2a: Palkia|Thunder Wave|p1a: Blissey\n|-status|p1a: Blissey|par\n|\n|upkeep\n|turn|21\n|\n|t:|1697400329\n|switch|p2a: Espathra|Espathra, M|100\/100\n|move|p1a: Blissey|Soft-Boiled|p1a: Blissey\n|-heal|p1a: Blissey|94\/100 par\n|\n|upkeep\n|turn|22\n|\n|t:|1697400332\n|-curestatus|p1a: Blissey|par|[from] ability: Natural Cure\n|switch|p1a: Giratina|Giratina|100\/100\n|-ability|p1a: Giratina|Pressure\n|move|p2a: Espathra|Calm Mind|p2a: Espathra\n|-boost|p2a: Espathra|spa|1\n|-boost|p2a: Espathra|spd|1\n|\n|-ability|p2a: Espathra|Speed Boost|boost\n|-boost|p2a: Espathra|spe|1\n|upkeep\n|turn|23\n|\n|t:|1697400336\n|move|p2a: Espathra|Stored Power|p1a: Giratina\n|-damage|p1a: Giratina|69\/100\n|move|p1a: Giratina|Roar|p2a: Espathra\n|drag|p2a: Arceus-Fight\u0131ng|Arceus-Fire, shiny, tera:Fairy|100\/100 par\n|\n|upkeep\n|turn|24\n|\n|t:|1697400344\n|switch|p1a: Zacian|Zacian, shiny, tera:Ground|100\/100\n|move|p2a: Arceus-Fight\u0131ng|Tera Blast|p1a: Zacian|[anim] Tera Blast Fairy\n|-damage|p1a: Zacian|63\/100\n|\n|upkeep\n|turn|25\n|\n|t:|1697400346\n|move|p1a: Zacian|Swords Dance|p1a: Zacian\n|-boost|p1a: Zacian|atk|2\n|move|p2a: Arceus-Fight\u0131ng|Flare Blitz|p1a: Zacian\n|-damage|p1a: Zacian|0 fnt\n|faint|p1a: Zacian\n|-damage|p2a: Arceus-Fight\u0131ng|83\/100 par|[from] Recoil\n|\n|upkeep\n|\n|t:|1697400353\n|switch|p1a: Cresselia|Cresselia, F|100\/100\n|turn|26\n|\n|t:|1697400357\n|switch|p2a: Palkia|Palkia-Origin|92\/100\n|-ability|p2a: Palkia|Pressure\n|move|p1a: Cresselia|Calm Mind|p1a: Cresselia\n|-boost|p1a: Cresselia|spa|1\n|-boost|p1a: Cresselia|spd|1\n|\n|upkeep\n|turn|27\n|\n|t:|1697400359\n|move|p2a: Palkia|Thunder Wave|p1a: Cresselia\n|-status|p1a: Cresselia|par\n|move|p1a: Cresselia|Calm Mind|p1a: Cresselia\n|-boost|p1a: Cresselia|spa|1\n|-boost|p1a: Cresselia|spd|1\n|\n|upkeep\n|turn|28\n|\n|t:|1697400364\n|switch|p2a: Espathra|Espathra, M|100\/100\n|cant|p1a: Cresselia|par\n|\n|upkeep\n|turn|29\n|\n|t:|1697400367\n|move|p2a: Espathra|Calm Mind|p2a: Espathra\n|-boost|p2a: Espathra|spa|1\n|-boost|p2a: Espathra|spd|1\n|cant|p1a: Cresselia|par\n|\n|-ability|p2a: Espathra|Speed Boost|boost\n|-boost|p2a: Espathra|spe|1\n|upkeep\n|turn|30\n|\n|t:|1697400372\n|move|p2a: Espathra|Calm Mind|p2a: Espathra\n|-boost|p2a: Espathra|spa|1\n|-boost|p2a: Espathra|spd|1\n|move|p1a: Cresselia|Calm Mind|p1a: Cresselia\n|-boost|p1a: Cresselia|spa|1\n|-boost|p1a: Cresselia|spd|1\n|\n|-ability|p2a: Espathra|Speed Boost|boost\n|-boost|p2a: Espathra|spe|1\n|upkeep\n|turn|31\n|\n|t:|1697400377\n|move|p2a: Espathra|Calm Mind|p2a: Espathra\n|-boost|p2a: Espathra|spa|1\n|-boost|p2a: Espathra|spd|1\n|move|p1a: Cresselia|Calm Mind|p1a: Cresselia\n|-boost|p1a: Cresselia|spa|1\n|-boost|p1a: Cresselia|spd|1\n|\n|-ability|p2a: Espathra|Speed Boost|boost\n|-boost|p2a: Espathra|spe|1\n|upkeep\n|turn|32\n|\n|t:|1697400382\n|move|p2a: Espathra|Stored Power|p1a: Cresselia\n|-resisted|p1a: Cresselia\n|-damage|p1a: Cresselia|72\/100 par\n|move|p1a: Cresselia|Calm Mind|p1a: Cresselia\n|-boost|p1a: Cresselia|spa|1\n|-boost|p1a: Cresselia|spd|1\n|\n|-heal|p1a: Cresselia|78\/100 par|[from] item: Leftovers\n|-ability|p2a: Espathra|Speed Boost|boost\n|-boost|p2a: Espathra|spe|1\n|upkeep\n|turn|33\n|\n|t:|1697400385\n|move|p2a: Espathra|Stored Power|p1a: Cresselia\n|-resisted|p1a: Cresselia\n|-damage|p1a: Cresselia|55\/100 par\n|move|p1a: Cresselia|Stored Power|p2a: Espathra\n|-resisted|p2a: Espathra\n|-damage|p2a: Espathra|32\/100\n|\n|-heal|p1a: Cresselia|61\/100 par|[from] item: Leftovers\n|-ability|p2a: Espathra|Speed Boost|boost\n|-boost|p2a: Espathra|spe|1\n|upkeep\n|turn|34\n|\n|t:|1697400390\n|move|p2a: Espathra|Stored Power|p1a: Cresselia\n|-resisted|p1a: Cresselia\n|-damage|p1a: Cresselia|32\/100 par\n|cant|p1a: Cresselia|par\n|\n|-heal|p1a: Cresselia|38\/100 par|[from] item: Leftovers\n|-ability|p2a: Espathra|Speed Boost|boost\n|-boost|p2a: Espathra|spe|1\n|upkeep\n|turn|35\n|\n|t:|1697400393\n|move|p2a: Espathra|Stored Power|p1a: Cresselia\n|-resisted|p1a: Cresselia\n|-damage|p1a: Cresselia|11\/100 par\n|move|p1a: Cresselia|Moonlight|p1a: Cresselia\n|-heal|p1a: Cresselia|61\/100 par\n|\n|-heal|p1a: Cresselia|67\/100 par|[from] item: Leftovers\n|upkeep\n|turn|36\n|\n|t:|1697400396\n|move|p2a: Espathra|Stored Power|p1a: Cresselia\n|-resisted|p1a: Cresselia\n|-damage|p1a: Cresselia|38\/100 par\n|move|p1a: Cresselia|Moonlight|p1a: Cresselia\n|-heal|p1a: Cresselia|88\/100 par\n|\n|-heal|p1a: Cresselia|94\/100 par|[from] item: Leftovers\n|upkeep\n|turn|37\n|\n|t:|1697400398\n|move|p2a: Espathra|Tera Blast|p1a: Cresselia\n|-damage|p1a: Cresselia|82\/100 par\n|move|p1a: Cresselia|Stored Power|p2a: Espathra\n|-resisted|p2a: Espathra\n|-damage|p2a: Espathra|0 fnt\n|faint|p2a: Espathra\n|\n|-heal|p1a: Cresselia|88\/100 par|[from] item: Leftovers\n|upkeep\n|\n|t:|1697400402\n|switch|p2a: Arceus-Fight\u0131ng|Arceus-Fire, shiny, tera:Fairy|83\/100 par\n|turn|38\n|\n|t:|1697400404\n|cant|p2a: Arceus-Fight\u0131ng|par\n|move|p1a: Cresselia|Stored Power|p2a: Arceus-Fight\u0131ng\n|-damage|p2a: Arceus-Fight\u0131ng|0 fnt\n|faint|p2a: Arceus-Fight\u0131ng\n|\n|-heal|p1a: Cresselia|94\/100 par|[from] item: Leftovers\n|upkeep\n|\n|t:|1697400406\n|switch|p2a: Palkia|Palkia-Origin|92\/100\n|-ability|p2a: Palkia|Pressure\n|turn|39\n|c|\u2606XpokVEVO|Re please\n|c|\u2606vespyyy|Ggs\n|c|\u2606vespyyy|Yeah sure\n|\n|t:|1697400416\n|move|p2a: Palkia|Thunder Wave|p1a: Cresselia\n|-fail|p1a: Cresselia|par\n|move|p1a: Cresselia|Stored Power|p2a: Palkia\n|-damage|p2a: Palkia|0 fnt\n|faint|p2a: Palkia\n|\n|win|vespyyy\n|l|\u2606XpokVEVO\n|j|\u2606XpokVEVO\n|player|p2|XpokVEVO|marshal\n|l|\u2606vespyyy\n|l|\u2606XpokVEVO\n|player|p2|\n|j|\u2606vespyyy\n|player|p1|vespyyy|juggler\n","uploadtime":1697400789,"views":20,"p1id":"vespyyy","p2id":"xpokvevo","formatid":"gen9ubers","rating":0,"private":0,"password":""}