{"id":"gen9ubers-1994362108","p1":"WornP7154","p2":"hennyhardaway1","format":"[Gen 9] Ubers","log":"|j|\u2606WornP7154\n|j|\u2606hennyhardaway1\n|t:|1700435258\n|gametype|singles\n|player|p1|WornP7154|lucas|1157\n|player|p2|hennyhardaway1|morty|1268\n|teamsize|p1|6\n|teamsize|p2|6\n|gen|9\n|tier|[Gen 9] Ubers\n|rated|\n|rule|Sleep Clause Mod: Limit one foe put to sleep\n|rule|Species Clause: Limit one of each Pok\u00e9mon\n|rule|OHKO Clause: OHKO moves are banned\n|rule|Evasion Items Clause: Evasion items are banned\n|rule|Evasion Moves Clause: Evasion moves are banned\n|rule|Endless Battle Clause: Forcing endless battles is banned\n|rule|HP Percentage Mod: HP is shown in percentages\n|clearpoke\n|poke|p1|Umbreon, M|\n|poke|p1|Garchomp, F|\n|poke|p1|Sylveon, F|\n|poke|p1|Iron Bundle|\n|poke|p1|Zacian-*|\n|poke|p1|Volcarona, F|\n|poke|p2|Mewtwo|\n|poke|p2|Arceus-Steel|\n|poke|p2|Gliscor, M|\n|poke|p2|Great Tusk|\n|poke|p2|Kyogre|\n|poke|p2|Zacian-*|\n|teampreview\n|\n|t:|1700435265\n|start\n|switch|p1a: Iron Bundle|Iron Bundle|100\/100\n|switch|p2a: Gliscor|Gliscor, M|100\/100\n|turn|1\n|\n|t:|1700435272\n|move|p2a: Gliscor|Protect|p2a: Gliscor\n|-singleturn|p2a: Gliscor|Protect\n|move|p1a: Iron Bundle|Freeze-Dry|p2a: Gliscor\n|-activate|p2a: Gliscor|move: Protect\n|\n|-status|p2a: Gliscor|tox|[from] item: Toxic Orb\n|upkeep\n|turn|2\n|\n|t:|1700435277\n|switch|p2a: Arceus|Arceus-Steel|100\/100\n|move|p1a: Iron Bundle|Freeze-Dry|p2a: Arceus\n|-resisted|p2a: Arceus\n|-damage|p2a: Arceus|92\/100\n|-status|p2a: Arceus|frz\n|\n|upkeep\n|turn|3\n|\n|t:|1700435283\n|move|p1a: Iron Bundle|U-turn|p2a: Arceus\n|-resisted|p2a: Arceus\n|-damage|p2a: Arceus|89\/100 frz\n|\n|t:|1700435287\n|-end|p1a: Iron Bundle|Quark Drive|[silent]\n|switch|p1a: Zacian|Zacian-Crowned|100\/100|[from] U-turn\n|-ability|p1a: Zacian|Intrepid Sword|boost\n|-boost|p1a: Zacian|atk|1\n|cant|p2a: Arceus|frz\n|\n|upkeep\n|turn|4\n|\n|t:|1700435294\n|move|p1a: Zacian|Close Combat|p2a: Arceus\n|-supereffective|p2a: Arceus\n|-damage|p2a: Arceus|0 fnt\n|-unboost|p1a: Zacian|def|1\n|-unboost|p1a: Zacian|spd|1\n|faint|p2a: Arceus\n|\n|upkeep\n|\n|t:|1700435301\n|switch|p2a: Gliscor|Gliscor, M|100\/100 tox\n|turn|5\n|\n|t:|1700435309\n|move|p1a: Zacian|Behemoth Blade|p2a: Gliscor\n|-damage|p2a: Gliscor|47\/100 tox\n|move|p2a: Gliscor|Earthquake|p1a: Zacian\n|-supereffective|p1a: Zacian\n|-damage|p1a: Zacian|4\/100\n|\n|-heal|p2a: Gliscor|60\/100 tox|[from] ability: Poison Heal\n|upkeep\n|turn|6\n|\n|t:|1700435315\n|move|p2a: Gliscor|Protect|p2a: Gliscor\n|-singleturn|p2a: Gliscor|Protect\n|move|p1a: Zacian|Behemoth Blade|p2a: Gliscor\n|-activate|p2a: Gliscor|move: Protect\n|\n|-heal|p2a: Gliscor|72\/100 tox|[from] ability: Poison Heal\n|upkeep\n|turn|7\n|\n|t:|1700435323\n|move|p1a: Zacian|Behemoth Blade|p2a: Gliscor\n|-damage|p2a: Gliscor|19\/100 tox\n|move|p2a: Gliscor|Earthquake|p1a: Zacian\n|-supereffective|p1a: Zacian\n|-damage|p1a: Zacian|0 fnt\n|faint|p1a: Zacian\n|\n|-heal|p2a: Gliscor|31\/100 tox|[from] ability: Poison Heal\n|upkeep\n|\n|t:|1700435331\n|switch|p1a: Volcarona|Volcarona, F, shiny|100\/100\n|turn|8\n|\n|t:|1700435337\n|-terastallize|p1a: Volcarona|Flying\n|move|p1a: Volcarona|Quiver Dance|p1a: Volcarona\n|-boost|p1a: Volcarona|spa|1\n|-boost|p1a: Volcarona|spd|1\n|-boost|p1a: Volcarona|spe|1\n|move|p2a: Gliscor|Toxic|p1a: Volcarona\n|-status|p1a: Volcarona|tox\n|\n|-damage|p1a: Volcarona|94\/100 tox|[from] psn\n|-heal|p2a: Gliscor|43\/100 tox|[from] ability: Poison Heal\n|upkeep\n|turn|9\n|\n|t:|1700435349\n|move|p2a: Gliscor|Protect|p2a: Gliscor\n|-singleturn|p2a: Gliscor|Protect\n|move|p1a: Volcarona|Quiver Dance|p1a: Volcarona\n|-boost|p1a: Volcarona|spa|1\n|-boost|p1a: Volcarona|spd|1\n|-boost|p1a: Volcarona|spe|1\n|\n|-damage|p1a: Volcarona|82\/100 tox|[from] psn\n|-heal|p2a: Gliscor|56\/100 tox|[from] ability: Poison Heal\n|upkeep\n|turn|10\n|\n|t:|1700435358\n|switch|p2a: Mewtwo|Mewtwo|100\/100\n|-ability|p2a: Mewtwo|Pressure\n|move|p1a: Volcarona|Giga Drain|p2a: Mewtwo\n|-damage|p2a: Mewtwo|49\/100\n|-heal|p1a: Volcarona|100\/100 tox|[from] drain|[of] p2a: Mewtwo\n|\n|-heal|p2a: Mewtwo|55\/100|[from] item: Leftovers\n|-damage|p1a: Volcarona|82\/100 tox|[from] psn\n|upkeep\n|turn|11\n|\n|t:|1700435365\n|move|p1a: Volcarona|Giga Drain|p2a: Mewtwo\n|-damage|p2a: Mewtwo|0 fnt\n|-heal|p1a: Volcarona|100\/100 tox|[from] drain|[of] p2a: Mewtwo\n|faint|p2a: Mewtwo\n|\n|-damage|p1a: Volcarona|76\/100 tox|[from] psn\n|upkeep\n|inactive|Battle timer is ON: inactive players will automatically lose when time's up. (requested by WornP7154)\n|\n|t:|1700435385\n|switch|p2a: Zacian|Zacian-Crowned|100\/100\n|-ability|p2a: Zacian|Intrepid Sword|boost\n|-boost|p2a: Zacian|atk|1\n|turn|12\n|\n|t:|1700435394\n|-terastallize|p2a: Zacian|Electric\n|move|p1a: Volcarona|Fiery Dance|p2a: Zacian\n|-crit|p2a: Zacian\n|-damage|p2a: Zacian|0 fnt\n|faint|p2a: Zacian\n|\n|-damage|p1a: Volcarona|46\/100 tox|[from] psn\n|upkeep\n|-message|hennyhardaway1 forfeited.\n|\n|win|WornP7154\n|raw|WornP7154's rating: 1157 &rarr; <strong>1190<\/strong><br \/>(+33 for winning)\n|raw|hennyhardaway1's rating: 1268 &rarr; <strong>1235<\/strong><br \/>(-33 for losing)\n|l|\u2606hennyhardaway1\n","uploadtime":1700435407,"views":4,"p1id":"wornp7154","p2id":"hennyhardaway1","formatid":"gen9ubers","rating":1190,"private":0,"password":""}