{"id":"gen9ubers-1996419276","p1":"manomanolito","p2":"Lucia7x","format":"[Gen 9] Ubers","log":"|j|\u2606manomanolito\n|j|\u2606Lucia7x\n|t:|1700680206\n|gametype|singles\n|player|p1|manomanolito|170|\n|player|p2|Lucia7x|cynthia-gen4|\n|teamsize|p1|6\n|teamsize|p2|6\n|gen|9\n|tier|[Gen 9] Ubers\n|rule|Sleep Clause Mod: Limit one foe put to sleep\n|rule|Species Clause: Limit one of each Pok\u00e9mon\n|rule|OHKO Clause: OHKO moves are banned\n|rule|Evasion Items Clause: Evasion items are banned\n|rule|Evasion Moves Clause: Evasion moves are banned\n|rule|Endless Battle Clause: Forcing endless battles is banned\n|rule|HP Percentage Mod: HP is shown in percentages\n|clearpoke\n|poke|p1|Amoonguss, F|\n|poke|p1|Walking Wake|\n|poke|p1|Ditto|\n|poke|p1|Slowking, F|\n|poke|p1|Chi-Yu|\n|poke|p1|Lokix, F|\n|poke|p2|Gengar, F|\n|poke|p2|Jirachi|\n|poke|p2|Salamence, M|\n|poke|p2|Quaquaval, M|\n|poke|p2|Sylveon, M|\n|poke|p2|Toxtricity, M|\n|teampreview\n|\n|t:|1700680226\n|start\n|switch|p1a: Walking Wake|Walking Wake|100\/100\n|switch|p2a: Quaquaval|Quaquaval, M|100\/100\n|turn|1\n|inactive|Battle timer is ON: inactive players will automatically lose when time's up. (requested by manomanolito)\n|\n|t:|1700680239\n|move|p1a: Walking Wake|Draco Meteor|p2a: Quaquaval\n|-damage|p2a: Quaquaval|3\/100\n|-unboost|p1a: Walking Wake|spa|2\n|move|p2a: Quaquaval|Hydro Pump|p1a: Walking Wake\n|-resisted|p1a: Walking Wake\n|-damage|p1a: Walking Wake|87\/100\n|\n|upkeep\n|turn|2\n|\n|t:|1700680252\n|switch|p2a: Toxtricity|Toxtricity, M|100\/100\n|move|p1a: Walking Wake|Draco Meteor|p2a: Toxtricity\n|-damage|p2a: Toxtricity|61\/100\n|-unboost|p1a: Walking Wake|spa|2\n|\n|upkeep\n|turn|3\n|\n|t:|1700680261\n|-end|p1a: Walking Wake|Protosynthesis|[silent]\n|switch|p1a: Chi-Yu|Chi-Yu|100\/100\n|-ability|p1a: Chi-Yu|Beads of Ruin\n|move|p2a: Toxtricity|Thunderbolt|p1a: Chi-Yu\n|-damage|p1a: Chi-Yu|44\/100\n|\n|upkeep\n|turn|4\n|\n|t:|1700680269\n|move|p1a: Chi-Yu|Flamethrower|p2a: Toxtricity\n|-damage|p2a: Toxtricity|0 fnt\n|faint|p2a: Toxtricity\n|\n|upkeep\n|\n|t:|1700680278\n|switch|p2a: Gengar|Gengar, F|100\/100\n|turn|5\n|\n|t:|1700680285\n|switch|p1a: Lokix|Lokix, F|100\/100\n|move|p2a: Gengar|Dark Pulse|p1a: Lokix\n|-resisted|p1a: Lokix\n|-damage|p1a: Lokix|74\/100\n|\n|upkeep\n|turn|6\n|\n|t:|1700680293\n|switch|p2a: Salamence|Salamence, M|100\/100\n|-ability|p2a: Salamence|Intimidate|boost\n|-unboost|p1a: Lokix|atk|1\n|move|p1a: Lokix|Knock Off|p2a: Salamence\n|-damage|p2a: Salamence|59\/100\n|-enditem|p2a: Salamence|Assault Vest|[from] move: Knock Off|[of] p1a: Lokix\n|\n|upkeep\n|turn|7\n|\n|t:|1700680304\n|move|p2a: Salamence|Draco Meteor|p1a: Lokix\n|-damage|p1a: Lokix|0 fnt\n|-unboost|p2a: Salamence|spa|2\n|faint|p1a: Lokix\n|\n|upkeep\n|\n|t:|1700680318\n|switch|p1a: Amoonguss|Amoonguss, F|100\/100\n|turn|8\n|\n|t:|1700680322\n|switch|p2a: Jirachi|Jirachi|100\/100\n|move|p1a: Amoonguss|Toxic|p2a: Jirachi\n|-immune|p2a: Jirachi\n|\n|upkeep\n|turn|9\n|\n|t:|1700680340\n|move|p2a: Jirachi|Future Sight|p1a: Amoonguss\n|-start|p2a: Jirachi|move: Future Sight\n|move|p1a: Amoonguss|Spore|p2a: Jirachi\n|-status|p2a: Jirachi|slp|[from] move: Spore\n|\n|upkeep\n|turn|10\n|\n|t:|1700680350\n|switch|p1a: Chi-Yu|Chi-Yu|44\/100\n|-ability|p1a: Chi-Yu|Beads of Ruin\n|cant|p2a: Jirachi|slp\n|\n|upkeep\n|turn|11\n|\n|t:|1700680358\n|move|p1a: Chi-Yu|Overheat|p2a: Jirachi|[miss]\n|-miss|p1a: Chi-Yu|p2a: Jirachi\n|cant|p2a: Jirachi|slp\n|\n|-end|p1a: Chi-Yu|move: Future Sight\n|-immune|p1a: Chi-Yu\n|upkeep\n|turn|12\n|\n|t:|1700680367\n|move|p1a: Chi-Yu|Overheat|p2a: Jirachi\n|-supereffective|p2a: Jirachi\n|-damage|p2a: Jirachi|0 fnt\n|-unboost|p1a: Chi-Yu|spa|2\n|faint|p2a: Jirachi\n|\n|upkeep\n|\n|t:|1700680374\n|switch|p2a: Quaquaval|Quaquaval, M|3\/100\n|turn|13\n|\n|t:|1700680381\n|move|p1a: Chi-Yu|Overheat|p2a: Quaquaval|[miss]\n|-miss|p1a: Chi-Yu|p2a: Quaquaval\n|move|p2a: Quaquaval|Hydro Pump|p1a: Chi-Yu\n|-supereffective|p1a: Chi-Yu\n|-damage|p1a: Chi-Yu|0 fnt\n|faint|p1a: Chi-Yu\n|\n|upkeep\n|\n|t:|1700680392\n|switch|p1a: Walking Wake|Walking Wake|87\/100\n|turn|14\n|\n|t:|1700680396\n|switch|p2a: Sylveon|Sylveon, M|100\/100\n|move|p1a: Walking Wake|Flip Turn|p2a: Sylveon\n|-damage|p2a: Sylveon|80\/100\n|\n|t:|1700680402\n|-end|p1a: Walking Wake|Protosynthesis|[silent]\n|switch|p1a: Amoonguss|Amoonguss, F|100\/100|[from] Flip Turn\n|\n|upkeep\n|turn|15\n|\n|t:|1700680415\n|move|p2a: Sylveon|Dazzling Gleam|p1a: Amoonguss\n|-resisted|p1a: Amoonguss\n|-damage|p1a: Amoonguss|80\/100\n|move|p1a: Amoonguss|Toxic|p2a: Sylveon\n|-status|p2a: Sylveon|tox\n|\n|-heal|p1a: Amoonguss|86\/100|[from] item: Black Sludge\n|-damage|p2a: Sylveon|74\/100 tox|[from] psn\n|upkeep\n|turn|16\n|\n|t:|1700680426\n|move|p2a: Sylveon|Moonblast|p1a: Amoonguss\n|-resisted|p1a: Amoonguss\n|-damage|p1a: Amoonguss|62\/100\n|-unboost|p1a: Amoonguss|spa|1\n|move|p1a: Amoonguss|Toxic|p2a: Sylveon\n|-fail|p2a: Sylveon|tox\n|\n|-heal|p1a: Amoonguss|68\/100|[from] item: Black Sludge\n|-damage|p2a: Sylveon|62\/100 tox|[from] psn\n|upkeep\n|turn|17\n|\n|t:|1700680439\n|move|p2a: Sylveon|Misty Explosion|p1a: Amoonguss\n|-resisted|p1a: Amoonguss\n|-damage|p1a: Amoonguss|45\/100\n|faint|p2a: Sylveon\n|move|p1a: Amoonguss|Toxic|p2: Sylveon|[notarget]\n|-fail|p1a: Amoonguss\n|\n|-heal|p1a: Amoonguss|51\/100|[from] item: Black Sludge\n|upkeep\n|\n|t:|1700680452\n|switch|p2a: Gengar|Gengar, F|100\/100\n|turn|18\n|\n|t:|1700680457\n|move|p2a: Gengar|Dazzling Gleam|p1a: Amoonguss\n|-resisted|p1a: Amoonguss\n|-damage|p1a: Amoonguss|38\/100\n|move|p1a: Amoonguss|Spore|p2a: Gengar\n|-status|p2a: Gengar|slp|[from] move: Spore\n|\n|-heal|p1a: Amoonguss|44\/100|[from] item: Black Sludge\n|upkeep\n|turn|19\n|\n|t:|1700680466\n|switch|p1a: Walking Wake|Walking Wake|87\/100\n|cant|p2a: Gengar|slp\n|\n|upkeep\n|turn|20\n|\n|t:|1700680478\n|cant|p2a: Gengar|slp\n|move|p1a: Walking Wake|Draco Meteor|p2a: Gengar\n|-damage|p2a: Gengar|0 fnt\n|-unboost|p1a: Walking Wake|spa|2\n|faint|p2a: Gengar\n|\n|upkeep\n|\n|t:|1700680487\n|switch|p2a: Salamence|Salamence, M|59\/100\n|-ability|p2a: Salamence|Intimidate|boost\n|-unboost|p1a: Walking Wake|atk|1\n|turn|21\n|\n|t:|1700680494\n|-end|p1a: Walking Wake|Protosynthesis|[silent]\n|switch|p1a: Slowking|Slowking, F|100\/100\n|move|p2a: Salamence|Hurricane|p1a: Slowking|[miss]\n|-miss|p2a: Salamence|p1a: Slowking\n|\n|upkeep\n|turn|22\n|\n|t:|1700680504\n|move|p2a: Salamence|Draco Meteor|p1a: Slowking\n|-damage|p1a: Slowking|69\/100\n|-unboost|p2a: Salamence|spa|2\n|move|p1a: Slowking|Future Sight|p2a: Salamence\n|-start|p1a: Slowking|move: Future Sight\n|\n|-heal|p1a: Slowking|75\/100|[from] item: Leftovers\n|upkeep\n|turn|23\n|\n|t:|1700680513\n|move|p2a: Salamence|Draco Meteor|p1a: Slowking\n|-damage|p1a: Slowking|61\/100\n|-unboost|p2a: Salamence|spa|2\n|move|p1a: Slowking|Scald|p2a: Salamence\n|-resisted|p2a: Salamence\n|-damage|p2a: Salamence|41\/100\n|\n|-heal|p1a: Slowking|67\/100|[from] item: Leftovers\n|upkeep\n|turn|24\n|\n|t:|1700680524\n|switch|p1a: Amoonguss|Amoonguss, F|77\/100\n|move|p2a: Salamence|Earthquake|p1a: Amoonguss\n|-damage|p1a: Amoonguss|51\/100\n|\n|-end|p2a: Salamence|move: Future Sight\n|-damage|p2a: Salamence|0 fnt\n|faint|p2a: Salamence\n|-heal|p1a: Amoonguss|58\/100|[from] item: Black Sludge\n|upkeep\n|\n|t:|1700680535\n|switch|p2a: Quaquaval|Quaquaval, M|3\/100\n|turn|25\n|\n|t:|1700680539\n|move|p2a: Quaquaval|Hydro Pump|p1a: Amoonguss\n|-resisted|p1a: Amoonguss\n|-damage|p1a: Amoonguss|35\/100\n|move|p1a: Amoonguss|Giga Drain|p2a: Quaquaval\n|-supereffective|p2a: Quaquaval\n|-damage|p2a: Quaquaval|0 fnt\n|-heal|p1a: Amoonguss|36\/100|[from] drain|[of] p2a: Quaquaval\n|faint|p2a: Quaquaval\n|\n|win|manomanolito\n","uploadtime":1700680551,"views":9,"p1id":"manomanolito","p2id":"lucia7x","formatid":"gen9ubers","rating":0,"private":0,"password":""}