{"id":"gen9ubers-1983833988","p1":"mann_treads","p2":"wamkou","format":"[Gen 9] Ubers","log":"|j|\u2606mann_treads\n|j|\u2606wamkou\n|t:|1699189232\n|gametype|singles\n|player|p1|mann_treads|ariana|\n|player|p2|wamkou|elesa-masters2|\n|teamsize|p1|6\n|teamsize|p2|6\n|gen|9\n|tier|[Gen 9] Ubers\n|rule|Sleep Clause Mod: Limit one foe put to sleep\n|rule|Species Clause: Limit one of each Pok\u00e9mon\n|rule|OHKO Clause: OHKO moves are banned\n|rule|Evasion Items Clause: Evasion items are banned\n|rule|Evasion Moves Clause: Evasion moves are banned\n|rule|Endless Battle Clause: Forcing endless battles is banned\n|rule|HP Percentage Mod: HP is shown in percentages\n|clearpoke\n|poke|p1|Torkoal, F|\n|poke|p1|Lilligant-Hisui, F|\n|poke|p1|Roaring Moon|\n|poke|p1|Walking Wake|\n|poke|p1|Volcarona, F|\n|poke|p1|Zacian-*|\n|poke|p2|Scizor, M|\n|poke|p2|Heatran, F|\n|poke|p2|Palkia-Origin|\n|poke|p2|Magearna|\n|poke|p2|Zacian-*|\n|poke|p2|Arceus-Ghost|\n|teampreview\n|\n|t:|1699189251\n|start\n|switch|p1a: Torkoal|Torkoal, F|100\/100\n|switch|p2a: Heatran|Heatran, F|100\/100\n|-weather|SunnyDay|[from] ability: Drought|[of] p1a: Torkoal\n|turn|1\n|\n|t:|1699189258\n|move|p2a: Heatran|Stealth Rock|p1a: Torkoal\n|-sidestart|p1: mann_treads|move: Stealth Rock\n|move|p1a: Torkoal|Yawn|p2a: Heatran\n|-start|p2a: Heatran|move: Yawn|[of] p1a: Torkoal\n|\n|-weather|SunnyDay|[upkeep]\n|upkeep\n|turn|2\n|\n|t:|1699189276\n|switch|p2a: Palkia|Palkia-Origin|100\/100\n|-ability|p2a: Palkia|Pressure\n|move|p1a: Torkoal|Rapid Spin|p2a: Palkia\n|-crit|p2a: Palkia\n|-damage|p2a: Palkia|85\/100\n|-boost|p1a: Torkoal|spe|1\n|-sideend|p1: mann_treads|Stealth Rock|[from] move: Rapid Spin|[of] p1a: Torkoal\n|\n|-weather|SunnyDay|[upkeep]\n|upkeep\n|turn|3\n|\n|t:|1699189290\n|switch|p1a: Zacian|Zacian|100\/100\n|-ability|p1a: Zacian|Intrepid Sword|boost\n|-boost|p1a: Zacian|atk|1\n|move|p2a: Palkia|Substitute|p2a: Palkia\n|-start|p2a: Palkia|Substitute\n|-damage|p2a: Palkia|60\/100\n|\n|-weather|SunnyDay|[upkeep]\n|upkeep\n|turn|4\n|\n|t:|1699189332\n|move|p1a: Zacian|Close Combat|p2a: Palkia\n|-end|p2a: Palkia|Substitute\n|-unboost|p1a: Zacian|def|1\n|-unboost|p1a: Zacian|spd|1\n|move|p2a: Palkia|Earth Power|p1a: Zacian\n|-damage|p1a: Zacian|52\/100\n|\n|-weather|SunnyDay|[upkeep]\n|upkeep\n|turn|5\n|\n|t:|1699189342\n|switch|p2a: Arceus|Arceus-Ghost|100\/100\n|move|p1a: Zacian|Close Combat|p2a: Arceus\n|-immune|p2a: Arceus\n|\n|-weather|SunnyDay|[upkeep]\n|upkeep\n|turn|6\n|\n|t:|1699189349\n|switch|p1a: Torkoal|Torkoal, F|100\/100\n|move|p2a: Arceus|Swords Dance|p2a: Arceus\n|-boost|p2a: Arceus|atk|2\n|\n|-weather|SunnyDay|[upkeep]\n|upkeep\n|turn|7\n|\n|t:|1699189367\n|move|p2a: Arceus|Shadow Claw|p1a: Torkoal\n|-damage|p1a: Torkoal|49\/100\n|move|p1a: Torkoal|Yawn|p2a: Arceus\n|-start|p2a: Arceus|move: Yawn|[of] p1a: Torkoal\n|\n|-weather|SunnyDay|[upkeep]\n|upkeep\n|turn|8\n|\n|t:|1699189375\n|switch|p2a: Heatran|Heatran, F|100\/100\n|switch|p1a: Lilligant|Lilligant-Hisui, F|100\/100\n|\n|-weather|none\n|upkeep\n|turn|9\n|\n|t:|1699189388\n|switch|p1a: Torkoal|Torkoal, F|49\/100\n|-weather|SunnyDay|[from] ability: Drought|[of] p1a: Torkoal\n|switch|p2a: Arceus|Arceus-Ghost|100\/100\n|\n|-weather|SunnyDay|[upkeep]\n|upkeep\n|turn|10\n|\n|t:|1699189396\n|switch|p1a: Roaring Moon|Roaring Moon|100\/100\n|-activate|p1a: Roaring Moon|ability: Protosynthesis\n|-start|p1a: Roaring Moon|protosynthesisatk\n|move|p2a: Arceus|Shadow Claw|p1a: Roaring Moon\n|-resisted|p1a: Roaring Moon\n|-damage|p1a: Roaring Moon|71\/100\n|\n|-weather|SunnyDay|[upkeep]\n|upkeep\n|turn|11\n|\n|t:|1699189473\n|move|p2a: Arceus|Extreme Speed|p1a: Roaring Moon\n|-damage|p1a: Roaring Moon|30\/100\n|move|p1a: Roaring Moon|Dragon Dance|p1a: Roaring Moon\n|-boost|p1a: Roaring Moon|atk|1\n|-boost|p1a: Roaring Moon|spe|1\n|\n|-weather|SunnyDay|[upkeep]\n|upkeep\n|turn|12\n|\n|t:|1699189493\n|-end|p1a: Roaring Moon|Protosynthesis|[silent]\n|switch|p1a: Walking Wake|Walking Wake|100\/100\n|-activate|p1a: Walking Wake|ability: Protosynthesis\n|-start|p1a: Walking Wake|protosynthesisspe\n|move|p2a: Arceus|Extreme Speed|p1a: Walking Wake\n|-damage|p1a: Walking Wake|71\/100\n|\n|-weather|SunnyDay|[upkeep]\n|upkeep\n|turn|13\n|\n|t:|1699189542\n|move|p1a: Walking Wake|Hydro Steam|p2a: Arceus\n|-damage|p2a: Arceus|38\/100\n|move|p2a: Arceus|Shadow Claw|p1a: Walking Wake\n|-damage|p1a: Walking Wake|25\/100\n|\n|-weather|SunnyDay|[upkeep]\n|upkeep\n|turn|14\n|\n|t:|1699189550\n|move|p2a: Arceus|Extreme Speed|p1a: Walking Wake\n|-damage|p1a: Walking Wake|0 fnt\n|faint|p1a: Walking Wake\n|-end|p1a: Walking Wake|Protosynthesis|[silent]\n|\n|-weather|SunnyDay|[upkeep]\n|upkeep\n|\n|t:|1699189558\n|switch|p1a: Volcarona|Volcarona, F|100\/100\n|turn|15\n|\n|t:|1699189564\n|move|p1a: Volcarona|Will-O-Wisp|p2a: Arceus\n|-status|p2a: Arceus|brn\n|move|p2a: Arceus|Recover|p2a: Arceus\n|-heal|p2a: Arceus|88\/100 brn\n|\n|-weather|SunnyDay|[upkeep]\n|-damage|p2a: Arceus|82\/100 brn|[from] brn\n|upkeep\n|turn|16\n|\n|t:|1699189579\n|switch|p2a: Heatran|Heatran, F|100\/100\n|move|p1a: Volcarona|Quiver Dance|p1a: Volcarona\n|-boost|p1a: Volcarona|spa|1\n|-boost|p1a: Volcarona|spd|1\n|-boost|p1a: Volcarona|spe|1\n|\n|-weather|none\n|upkeep\n|turn|17\n|\n|t:|1699189592\n|switch|p1a: Zacian|Zacian|52\/100\n|move|p2a: Heatran|Magma Storm|p1a: Zacian\n|-damage|p1a: Zacian|15\/100\n|-activate|p1a: Zacian|move: Magma Storm|[of] p2a: Heatran\n|\n|-damage|p1a: Zacian|2\/100|[from] move: Magma Storm|[partiallytrapped]\n|upkeep\n|turn|18\n|\n|t:|1699189603\n|move|p1a: Zacian|Close Combat|p2a: Heatran\n|-supereffective|p2a: Heatran\n|-damage|p2a: Heatran|0 fnt\n|-unboost|p1a: Zacian|def|1\n|-unboost|p1a: Zacian|spd|1\n|faint|p2a: Heatran\n|\n|-end|p1a: Zacian|Magma Storm|[partiallytrapped]|[silent]\n|upkeep\n|\n|t:|1699189610\n|switch|p2a: Arceus|Arceus-Ghost|82\/100 brn\n|turn|19\n|\n|t:|1699189615\n|switch|p1a: Torkoal|Torkoal, F|49\/100\n|-weather|SunnyDay|[from] ability: Drought|[of] p1a: Torkoal\n|move|p2a: Arceus|Extreme Speed|p1a: Torkoal\n|-damage|p1a: Torkoal|41\/100\n|\n|-weather|SunnyDay|[upkeep]\n|-damage|p2a: Arceus|76\/100 brn|[from] brn\n|upkeep\n|turn|20\n|\n|t:|1699189625\n|move|p2a: Arceus|Swords Dance|p2a: Arceus\n|-boost|p2a: Arceus|atk|2\n|move|p1a: Torkoal|Lava Plume|p2a: Arceus\n|-damage|p2a: Arceus|53\/100 brn\n|\n|-weather|SunnyDay|[upkeep]\n|-damage|p2a: Arceus|46\/100 brn|[from] brn\n|upkeep\n|turn|21\n|\n|t:|1699189633\n|move|p2a: Arceus|Recover|p2a: Arceus\n|-heal|p2a: Arceus|96\/100 brn\n|move|p1a: Torkoal|Rapid Spin|p2a: Arceus\n|-immune|p2a: Arceus\n|\n|-weather|SunnyDay|[upkeep]\n|-damage|p2a: Arceus|90\/100 brn|[from] brn\n|upkeep\n|turn|22\n|\n|t:|1699189640\n|switch|p1a: Lilligant|Lilligant-Hisui, F|100\/100\n|move|p2a: Arceus|Swords Dance|p2a: Arceus\n|-boost|p2a: Arceus|atk|2\n|\n|-weather|SunnyDay|[upkeep]\n|-damage|p2a: Arceus|84\/100 brn|[from] brn\n|upkeep\n|turn|23\n|\n|t:|1699189654\n|move|p1a: Lilligant|Healing Wish|p1a: Lilligant\n|faint|p1a: Lilligant\n|move|p2a: Arceus|Shadow Claw|p1: Lilligant|[notarget]\n|-fail|p2a: Arceus\n|\n|-weather|SunnyDay|[upkeep]\n|-damage|p2a: Arceus|78\/100 brn|[from] brn\n|upkeep\n|\n|t:|1699189660\n|switch|p1a: Zacian|Zacian|2\/100\n|-heal|p1a: Zacian|100\/100|[from] move: Healing Wish\n|turn|24\n|\n|t:|1699189668\n|-terastallize|p1a: Zacian|Dark\n|move|p1a: Zacian|Crunch|p2a: Arceus\n|-supereffective|p2a: Arceus\n|-damage|p2a: Arceus|1\/100 brn\n|move|p2a: Arceus|Shadow Claw|p1a: Zacian\n|-resisted|p1a: Zacian\n|-damage|p1a: Zacian|68\/100\n|\n|-weather|SunnyDay|[upkeep]\n|-damage|p2a: Arceus|0 fnt|[from] brn\n|faint|p2a: Arceus\n|upkeep\n|\n|t:|1699189687\n|switch|p2a: Magearna|Magearna|100\/100\n|turn|25\n|\n|t:|1699189696\n|switch|p1a: Torkoal|Torkoal, F|41\/100\n|move|p2a: Magearna|Thunder Wave|p1a: Torkoal\n|-status|p1a: Torkoal|par\n|\n|-weather|SunnyDay|[upkeep]\n|upkeep\n|turn|26\n|\n|t:|1699189706\n|move|p2a: Magearna|Spikes|p1a: Torkoal\n|-sidestart|p1: mann_treads|Spikes\n|move|p1a: Torkoal|Lava Plume|p2a: Magearna\n|-supereffective|p2a: Magearna\n|-damage|p2a: Magearna|53\/100\n|\n|-weather|none\n|-heal|p2a: Magearna|59\/100|[from] item: Leftovers\n|upkeep\n|turn|27\n|\n|t:|1699189714\n|move|p2a: Magearna|Spikes|p1a: Torkoal\n|-sidestart|p1: mann_treads|Spikes\n|move|p1a: Torkoal|Yawn|p2a: Magearna\n|-start|p2a: Magearna|move: Yawn|[of] p1a: Torkoal\n|\n|-heal|p2a: Magearna|65\/100|[from] item: Leftovers\n|upkeep\n|turn|28\n|\n|t:|1699189730\n|move|p2a: Magearna|Spikes|p1a: Torkoal\n|-sidestart|p1: mann_treads|Spikes\n|move|p1a: Torkoal|Rapid Spin|p2a: Magearna\n|-resisted|p2a: Magearna\n|-damage|p2a: Magearna|61\/100\n|-boost|p1a: Torkoal|spe|1\n|-sideend|p1: mann_treads|Spikes|[from] move: Rapid Spin|[of] p1a: Torkoal\n|\n|-heal|p2a: Magearna|67\/100|[from] item: Leftovers\n|-end|p2a: Magearna|move: Yawn|[silent]\n|-status|p2a: Magearna|slp\n|upkeep\n|turn|29\n|\n|t:|1699189739\n|switch|p1a: Roaring Moon|Roaring Moon|30\/100\n|cant|p2a: Magearna|slp\n|\n|-heal|p2a: Magearna|73\/100 slp|[from] item: Leftovers\n|upkeep\n|turn|30\n|\n|t:|1699189744\n|move|p1a: Roaring Moon|Dragon Dance|p1a: Roaring Moon\n|-boost|p1a: Roaring Moon|atk|1\n|-boost|p1a: Roaring Moon|spe|1\n|cant|p2a: Magearna|slp\n|\n|-heal|p2a: Magearna|79\/100 slp|[from] item: Leftovers\n|upkeep\n|turn|31\n|\n|t:|1699189750\n|move|p1a: Roaring Moon|Dragon Dance|p1a: Roaring Moon\n|-boost|p1a: Roaring Moon|atk|1\n|-boost|p1a: Roaring Moon|spe|1\n|-curestatus|p2a: Magearna|slp|[msg]\n|move|p2a: Magearna|Draining Kiss|p1a: Roaring Moon\n|-supereffective|p1a: Roaring Moon\n|-damage|p1a: Roaring Moon|0 fnt\n|-heal|p2a: Magearna|99\/100|[from] drain|[of] p1a: Roaring Moon\n|faint|p1a: Roaring Moon\n|-ability|p2a: Magearna|Soul-Heart|boost\n|-boost|p2a: Magearna|spa|1\n|-end|p1a: Roaring Moon|Protosynthesis|[silent]\n|\n|-heal|p2a: Magearna|100\/100|[from] item: Leftovers\n|upkeep\n|c|\u2606mann_treads|GTOD DAMNIT\n|c|\u2606mann_treads|i got greedy\n|\n|t:|1699189764\n|switch|p1a: Torkoal|Torkoal, F|41\/100 par\n|-weather|SunnyDay|[from] ability: Drought|[of] p1a: Torkoal\n|turn|32\n|\n|t:|1699189773\n|switch|p1a: Volcarona|Volcarona, F|100\/100\n|move|p2a: Magearna|Ice Beam|p1a: Volcarona\n|-resisted|p1a: Volcarona\n|-damage|p1a: Volcarona|81\/100\n|\n|-weather|SunnyDay|[upkeep]\n|upkeep\n|turn|33\n|\n|t:|1699189781\n|move|p1a: Volcarona|Quiver Dance|p1a: Volcarona\n|-boost|p1a: Volcarona|spa|1\n|-boost|p1a: Volcarona|spd|1\n|-boost|p1a: Volcarona|spe|1\n|move|p2a: Magearna|Thunder Wave|p1a: Volcarona\n|-status|p1a: Volcarona|par\n|\n|-weather|SunnyDay|[upkeep]\n|upkeep\n|turn|34\n|\n|t:|1699189793\n|switch|p2a: Palkia|Palkia-Origin|60\/100\n|-ability|p2a: Palkia|Pressure\n|move|p1a: Volcarona|Flamethrower|p2a: Palkia\n|-resisted|p2a: Palkia\n|-damage|p2a: Palkia|39\/100\n|\n|-weather|SunnyDay|[upkeep]\n|upkeep\n|turn|35\n|\n|t:|1699189807\n|move|p2a: Palkia|Spacial Rend|p1a: Volcarona\n|-damage|p1a: Volcarona|36\/100 par\n|move|p1a: Volcarona|Flamethrower|p2a: Palkia\n|-resisted|p2a: Palkia\n|-crit|p2a: Palkia\n|-damage|p2a: Palkia|10\/100\n|\n|-weather|SunnyDay|[upkeep]\n|upkeep\n|turn|36\n|\n|t:|1699189816\n|switch|p1a: Zacian|Zacian, tera:Dark|68\/100\n|move|p2a: Palkia|Spacial Rend|p1a: Zacian\n|-damage|p1a: Zacian|8\/100\n|\n|-weather|SunnyDay|[upkeep]\n|upkeep\n|turn|37\n|\n|t:|1699189823\n|move|p1a: Zacian|Close Combat|p2a: Palkia\n|-damage|p2a: Palkia|0 fnt\n|-unboost|p1a: Zacian|def|1\n|-unboost|p1a: Zacian|spd|1\n|faint|p2a: Palkia\n|\n|-weather|SunnyDay|[upkeep]\n|upkeep\n|\n|t:|1699189834\n|switch|p2a: Scizor|Scizor, M, shiny|100\/100\n|turn|38\n|\n|t:|1699189840\n|switch|p1a: Torkoal|Torkoal, F|41\/100 par\n|move|p2a: Scizor|Bullet Punch|p1a: Torkoal\n|-resisted|p1a: Torkoal\n|-damage|p1a: Torkoal|33\/100 par\n|\n|-weather|SunnyDay|[upkeep]\n|upkeep\n|turn|39\n|\n|t:|1699189849\n|move|p2a: Scizor|Knock Off|p1a: Torkoal\n|-damage|p1a: Torkoal|16\/100 par\n|-enditem|p1a: Torkoal|Heat Rock|[from] move: Knock Off|[of] p2a: Scizor\n|move|p1a: Torkoal|Lava Plume|p2a: Scizor\n|-supereffective|p2a: Scizor\n|-damage|p2a: Scizor|0 fnt\n|faint|p2a: Scizor\n|\n|-weather|none\n|upkeep\n|\n|t:|1699189859\n|switch|p2a: Magearna|Magearna|100\/100\n|turn|40\n|\n|t:|1699189863\n|move|p2a: Magearna|Draining Kiss|p1a: Torkoal\n|-resisted|p1a: Torkoal\n|-damage|p1a: Torkoal|3\/100 par\n|move|p1a: Torkoal|Yawn|p2a: Magearna\n|-start|p2a: Magearna|move: Yawn|[of] p1a: Torkoal\n|\n|upkeep\n|turn|41\n|\n|t:|1699189873\n|move|p2a: Magearna|Draining Kiss|p1a: Torkoal\n|-resisted|p1a: Torkoal\n|-damage|p1a: Torkoal|0 fnt\n|faint|p1a: Torkoal\n|-ability|p2a: Magearna|Soul-Heart|boost\n|-boost|p2a: Magearna|spa|1\n|\n|-end|p2a: Magearna|move: Yawn|[silent]\n|-status|p2a: Magearna|slp\n|upkeep\n|\n|t:|1699189880\n|switch|p1a: Volcarona|Volcarona, F|36\/100 par\n|turn|42\n|\n|t:|1699189892\n|cant|p2a: Magearna|slp\n|move|p1a: Volcarona|Quiver Dance|p1a: Volcarona\n|-boost|p1a: Volcarona|spa|1\n|-boost|p1a: Volcarona|spd|1\n|-boost|p1a: Volcarona|spe|1\n|\n|upkeep\n|turn|43\n|\n|t:|1699189895\n|move|p1a: Volcarona|Quiver Dance|p1a: Volcarona\n|-boost|p1a: Volcarona|spa|1\n|-boost|p1a: Volcarona|spd|1\n|-boost|p1a: Volcarona|spe|1\n|cant|p2a: Magearna|slp\n|\n|upkeep\n|turn|44\n|\n|t:|1699189900\n|move|p1a: Volcarona|Flamethrower|p2a: Magearna\n|-supereffective|p2a: Magearna\n|-damage|p2a: Magearna|6\/100 slp\n|cant|p2a: Magearna|slp\n|\n|-heal|p2a: Magearna|12\/100 slp|[from] item: Leftovers\n|upkeep\n|turn|45\n|c|\u2606wamkou|i just threw\n|c|\u2606wamkou|lmao\n|c|\u2606mann_treads|LOL\n|\n|t:|1699189916\n|move|p1a: Volcarona|Morning Sun|p1a: Volcarona\n|-heal|p1a: Volcarona|86\/100 par\n|-curestatus|p2a: Magearna|slp|[msg]\n|move|p2a: Magearna|Draining Kiss|p1a: Volcarona\n|-resisted|p1a: Volcarona\n|-damage|p1a: Volcarona|78\/100 par\n|-heal|p2a: Magearna|18\/100|[from] drain|[of] p1a: Volcarona\n|\n|-heal|p2a: Magearna|24\/100|[from] item: Leftovers\n|upkeep\n|turn|46\n|\n|t:|1699189925\n|move|p1a: Volcarona|Flamethrower|p2a: Magearna\n|-supereffective|p2a: Magearna\n|-damage|p2a: Magearna|0 fnt\n|faint|p2a: Magearna\n|\n|upkeep\n|\n|t:|1699189933\n|switch|p2a: Zacian|Zacian|100\/100\n|-ability|p2a: Zacian|Intrepid Sword|boost\n|-boost|p2a: Zacian|atk|1\n|turn|47\n|\n|t:|1699189944\n|move|p2a: Zacian|Crunch|p1a: Volcarona\n|-damage|p1a: Volcarona|20\/100 par\n|-unboost|p1a: Volcarona|def|1\n|cant|p1a: Volcarona|par\n|\n|upkeep\n|turn|48\n|c|\u2606mann_treads|TF\n|\n|t:|1699189953\n|move|p2a: Zacian|Crunch|p1a: Volcarona\n|-damage|p1a: Volcarona|0 fnt\n|faint|p1a: Volcarona\n|\n|upkeep\n|c|\u2606mann_treads|hax..\n|\n|t:|1699189959\n|switch|p1a: Zacian|Zacian, tera:Dark|8\/100\n|turn|49\n|c|\u2606mann_treads|gg\n|c|\u2606wamkou|50\/50\n|c|\u2606wamkou|lfg\n|c|\u2606mann_treads|i dont kill\n|c|\u2606mann_treads|u win\n|c|\u2606wamkou|oh true\n|\n|t:|1699189984\n|move|p1a: Zacian|Play Rough|p2a: Zacian\n|-damage|p2a: Zacian|38\/100\n|move|p2a: Zacian|Crunch|p1a: Zacian\n|-resisted|p1a: Zacian\n|-damage|p1a: Zacian|0 fnt\n|faint|p1a: Zacian\n|\n|win|wamkou\n|c|\u2606mann_treads|mhm\n|c|\u2606mann_treads|gg tho\n|c|\u2606mann_treads|wp\n|c|\u2606wamkou|ggwp\n|l|\u2606mann_treads\n","uploadtime":1699190002,"views":9,"p1id":"manntreads","p2id":"wamkou","formatid":"gen9ubers","rating":0,"private":0,"password":""}