{"id":"gen9ubers-1982024759","p1":"RudyFo0x","p2":"FigurativeIQ","format":"[Gen 9] Ubers","log":"|j|\u2606RudyFo0x\n|j|\u2606FigurativeIQ\n|t:|1698960629\n|gametype|singles\n|player|p1|RudyFo0x|169|\n|player|p2|FigurativeIQ|ballguy|\n|teamsize|p1|6\n|teamsize|p2|6\n|gen|9\n|tier|[Gen 9] Ubers\n|rule|Sleep Clause Mod: Limit one foe put to sleep\n|rule|Species Clause: Limit one of each Pok\u00e9mon\n|rule|OHKO Clause: OHKO moves are banned\n|rule|Evasion Items Clause: Evasion items are banned\n|rule|Evasion Moves Clause: Evasion moves are banned\n|rule|Endless Battle Clause: Forcing endless battles is banned\n|rule|HP Percentage Mod: HP is shown in percentages\n|clearpoke\n|poke|p1|Great Tusk|\n|poke|p1|Basculegion, M|\n|poke|p1|Bronzong|\n|poke|p1|Torkoal, F|\n|poke|p1|Thundurus, M|\n|poke|p1|Roaring Moon|\n|poke|p2|Quaquaval, F|\n|poke|p2|Ditto|\n|poke|p2|Brute Bonnet|\n|poke|p2|Quagsire, M|\n|poke|p2|Kleavor, M|\n|poke|p2|Klefki, F|\n|teampreview\n|j| Karpsy\n|j| coldgiga\n|\n|t:|1698960668\n|start\n|switch|p1a: CutiePatutie|Bronzong|100\/100\n|switch|p2a: Keys Yourself|Klefki, F|100\/100\n|turn|1\n|\n|t:|1698960679\n|move|p2a: Keys Yourself|Thunder Wave|p1a: CutiePatutie\n|-status|p1a: CutiePatutie|par\n|move|p1a: CutiePatutie|Stealth Rock|p2a: Keys Yourself\n|-sidestart|p2: FigurativeIQ|move: Stealth Rock\n|\n|upkeep\n|turn|2\n|\n|t:|1698960711\n|switch|p2a: Kleavor|Kleavor, M|100\/100\n|-damage|p2a: Kleavor|76\/100|[from] Stealth Rock\n|move|p1a: CutiePatutie|Earthquake|p2a: Kleavor\n|-damage|p2a: Kleavor|36\/100\n|\n|upkeep\n|turn|3\n|\n|t:|1698960820\n|move|p2a: Kleavor|Night Slash|p1a: CutiePatutie\n|-supereffective|p1a: CutiePatutie\n|-damage|p1a: CutiePatutie|35\/100 par\n|cant|p1a: CutiePatutie|par\n|\n|upkeep\n|turn|4\n|\n|t:|1698960847\n|move|p2a: Kleavor|X-Scissor|p1a: CutiePatutie\n|-damage|p1a: CutiePatutie|0 fnt\n|faint|p1a: CutiePatutie\n|\n|upkeep\n|j| thesunthesunthesun\n|\n|t:|1698960880\n|switch|p1a: Rapid-dash|Basculegion, M|100\/100\n|turn|5\n|\n|t:|1698960895\n|move|p1a: Rapid-dash|Waterfall|p2a: Kleavor\n|-supereffective|p2a: Kleavor\n|-crit|p2a: Kleavor\n|-damage|p2a: Kleavor|0 fnt\n|faint|p2a: Kleavor\n|\n|upkeep\n|\n|t:|1698960922\n|switch|p2a: Keys Yourself|Klefki, F|100\/100\n|-damage|p2a: Keys Yourself|95\/100|[from] Stealth Rock\n|turn|6\n|\n|t:|1698960938\n|switch|p1a: Babe|Torkoal, F|100\/100\n|-weather|SunnyDay|[from] ability: Drought|[of] p1a: Babe\n|move|p2a: Keys Yourself|Thunder Wave|p1a: Babe\n|-status|p1a: Babe|par\n|\n|-weather|SunnyDay|[upkeep]\n|upkeep\n|turn|7\n|\n|t:|1698960991\n|switch|p2a: Quaquaval|Quaquaval, F|100\/100\n|-damage|p2a: Quaquaval|94\/100|[from] Stealth Rock\n|move|p1a: Babe|Earthquake|p2a: Quaquaval\n|-damage|p2a: Quaquaval|66\/100\n|\n|-weather|SunnyDay|[upkeep]\n|upkeep\n|turn|8\n|\n|t:|1698961005\n|move|p2a: Quaquaval|Aqua Step|p1a: Babe\n|-supereffective|p1a: Babe\n|-enditem|p1a: Babe|Passho Berry|[eat]\n|-enditem|p1a: Babe|Passho Berry|[weaken]\n|-damage|p1a: Babe|83\/100 par\n|-boost|p2a: Quaquaval|spe|1\n|cant|p1a: Babe|par\n|\n|-weather|SunnyDay|[upkeep]\n|upkeep\n|turn|9\n|\n|t:|1698961014\n|move|p2a: Quaquaval|Aqua Step|p1a: Babe\n|-supereffective|p1a: Babe\n|-damage|p1a: Babe|50\/100 par\n|-boost|p2a: Quaquaval|spe|1\n|move|p1a: Babe|Solar Beam||[still]\n|-prepare|p1a: Babe|Solar Beam\n|-anim|p1a: Babe|Solar Beam|p2a: Quaquaval\n|-supereffective|p2a: Quaquaval\n|-damage|p2a: Quaquaval|0 fnt\n|faint|p2a: Quaquaval\n|\n|-weather|SunnyDay|[upkeep]\n|upkeep\n|\n|t:|1698961027\n|switch|p2a: Quagsire|Quagsire, M|100\/100\n|-damage|p2a: Quagsire|94\/100|[from] Stealth Rock\n|turn|10\n|\n|t:|1698961046\n|move|p2a: Quagsire|Liquidation|p1a: Babe\n|-supereffective|p1a: Babe\n|-damage|p1a: Babe|31\/100 par\n|move|p1a: Babe|Solar Beam||[still]\n|-prepare|p1a: Babe|Solar Beam\n|-anim|p1a: Babe|Solar Beam|p2a: Quagsire\n|-supereffective|p2a: Quagsire\n|-damage|p2a: Quagsire|0 fnt\n|faint|p2a: Quagsire\n|\n|-weather|none\n|upkeep\n|j| Col Spiffington\n|\n|t:|1698961071\n|switch|p2a: Brute Bonnet|Brute Bonnet|100\/100\n|-damage|p2a: Brute Bonnet|88\/100|[from] Stealth Rock\n|turn|11\n|\n|t:|1698961106\n|move|p2a: Brute Bonnet|Stomping Tantrum|p1a: Babe\n|-supereffective|p1a: Babe\n|-damage|p1a: Babe|0 fnt\n|faint|p1a: Babe\n|\n|upkeep\n|\n|t:|1698961129\n|switch|p1a: knocked off|Roaring Moon|100\/100\n|-enditem|p1a: knocked off|Booster Energy\n|-activate|p1a: knocked off|ability: Protosynthesis|[fromitem]\n|-start|p1a: knocked off|protosynthesisatk\n|turn|12\n|\n|t:|1698961144\n|-terastallize|p1a: knocked off|Fairy\n|move|p1a: knocked off|Tera Blast|p2a: Brute Bonnet|[anim] Tera Blast Fairy\n|-supereffective|p2a: Brute Bonnet\n|-damage|p2a: Brute Bonnet|13\/100\n|move|p2a: Brute Bonnet|Spore|p1a: knocked off\n|-status|p1a: knocked off|slp|[from] move: Spore\n|\n|upkeep\n|turn|13\n|\n|t:|1698961162\n|-end|p2a: Brute Bonnet|Protosynthesis|[silent]\n|switch|p2a: Ditto|Ditto|100\/100\n|-damage|p2a: Ditto|88\/100|[from] Stealth Rock\n|-transform|p2a: Ditto|p1a: knocked off|[from] ability: Imposter\n|cant|p1a: knocked off|slp\n|\n|upkeep\n|-start|p2a: Ditto|typechange|Dragon\/Dark|[silent]\n|turn|14\n|\n|t:|1698961204\n|-terastallize|p2a: Ditto|Normal\n|move|p2a: Ditto|Zen Headbutt|p1a: knocked off\n|-damage|p1a: knocked off|62\/100 slp\n|cant|p1a: knocked off|slp\n|\n|upkeep\n|turn|15\n|\n|t:|1698961239\n|move|p2a: Ditto|Zen Headbutt|p1a: knocked off\n|-damage|p1a: knocked off|21\/100 slp\n|-curestatus|p1a: knocked off|slp|[msg]\n|move|p1a: knocked off|Tera Blast|p2a: Ditto|[anim] Tera Blast Fairy\n|-crit|p2a: Ditto\n|-damage|p2a: Ditto|0 fnt\n|faint|p2a: Ditto\n|-end|p2a: Ditto|Protosynthesis|[silent]\n|\n|upkeep\n|\n|t:|1698961267\n|switch|p2a: Keys Yourself|Klefki, F|95\/100\n|-damage|p2a: Keys Yourself|89\/100|[from] Stealth Rock\n|turn|16\n|\n|t:|1698961283\n|move|p2a: Keys Yourself|Thunder Wave|p1a: knocked off\n|-status|p1a: knocked off|par\n|move|p1a: knocked off|Knock Off|p2a: Keys Yourself\n|-resisted|p2a: Keys Yourself\n|-damage|p2a: Keys Yourself|59\/100\n|-enditem|p2a: Keys Yourself|Light Clay|[from] move: Knock Off|[of] p1a: knocked off\n|\n|upkeep\n|turn|17\n|\n|t:|1698961320\n|-end|p1a: knocked off|Protosynthesis|[silent]\n|switch|p1a: Big bones|Great Tusk|100\/100\n|move|p2a: Keys Yourself|Dazzling Gleam|p1a: Big bones\n|-supereffective|p1a: Big bones\n|-damage|p1a: Big bones|60\/100\n|\n|upkeep\n|turn|18\n|\n|t:|1698961327\n|move|p2a: Keys Yourself|Reflect|p2a: Keys Yourself\n|-sidestart|p2: FigurativeIQ|Reflect\n|move|p1a: Big bones|Earthquake|p2a: Keys Yourself\n|-supereffective|p2a: Keys Yourself\n|-damage|p2a: Keys Yourself|9\/100\n|\n|upkeep\n|turn|19\n|\n|t:|1698961332\n|move|p1a: Big bones|Earthquake|p2a: Keys Yourself\n|-supereffective|p2a: Keys Yourself\n|-damage|p2a: Keys Yourself|0 fnt\n|faint|p2a: Keys Yourself\n|\n|upkeep\n|\n|t:|1698961340\n|switch|p2a: Brute Bonnet|Brute Bonnet|13\/100\n|-damage|p2a: Brute Bonnet|0 fnt|[from] Stealth Rock\n|faint|p2a: Brute Bonnet\n|-end|p2a: Brute Bonnet|Protosynthesis|[silent]\n|\n|win|RudyFo0x\n","uploadtime":1698961374,"views":9,"p1id":"rudyfo0x","p2id":"figurativeiq","formatid":"gen9ubers","rating":0,"private":0,"password":""}