{"id":"gen9ubers-1979781448","p1":"Dragon Master Rosa","p2":"TRaSHiNSeCT","format":"[Gen 9] Ubers","log":"|j|\u2606Dragon Master Rosa\n|j|\u2606TRaSHiNSeCT\n|t:|1698712626\n|gametype|singles\n|player|p1|Dragon Master Rosa|dragontamer-gen9|\n|player|p2|TRaSHiNSeCT|workerice|\n|teamsize|p1|6\n|teamsize|p2|6\n|gen|9\n|tier|[Gen 9] Ubers\n|rule|Sleep Clause Mod: Limit one foe put to sleep\n|rule|Species Clause: Limit one of each Pok\u00e9mon\n|rule|OHKO Clause: OHKO moves are banned\n|rule|Evasion Items Clause: Evasion items are banned\n|rule|Evasion Moves Clause: Evasion moves are banned\n|rule|Endless Battle Clause: Forcing endless battles is banned\n|rule|HP Percentage Mod: HP is shown in percentages\n|clearpoke\n|poke|p1|Shaymin-Sky|\n|poke|p1|Landorus-Therian, M|\n|poke|p1|Palafin, M|\n|poke|p1|Slowking-Galar, M|\n|poke|p1|Toedscruel, M|\n|poke|p1|Empoleon, F|\n|poke|p2|Bronzong|\n|poke|p2|Clefable, M|\n|poke|p2|Slowking-Galar, F|\n|poke|p2|Infernape, F|\n|poke|p2|Weezing-Galar, M|\n|poke|p2|Shaymin|\n|teampreview\n|c|\u2606Dragon Master Rosa|the zongler...\n|\n|t:|1698712641\n|start\n|switch|p1a: Palafin|Palafin, M|100\/100\n|switch|p2a: Monkie Mode|Infernape, F|100\/100\n|turn|1\n|\n|t:|1698712647\n|move|p2a: Monkie Mode|U-turn|p1a: Palafin\n|-damage|p1a: Palafin|74\/100\n|\n|t:|1698712654\n|switch|p2a: >:3c|Shaymin|100\/100|[from] U-turn\n|move|p1a: Palafin|Surf|p2a: >:3c\n|-resisted|p2a: >:3c\n|-damage|p2a: >:3c|80\/100\n|\n|upkeep\n|turn|2\n|\n|t:|1698712661\n|detailschange|p1a: Palafin|Palafin-Hero, M\n|switch|p1a: Shaymin|Shaymin-Sky|100\/100\n|move|p2a: >:3c|Seed Flare|p1a: Shaymin\n|-resisted|p1a: Shaymin\n|-damage|p1a: Shaymin|84\/100\n|\n|upkeep\n|turn|3\n|\n|t:|1698712669\n|switch|p2a: Up&Up Blissey|Clefable, M|100\/100\n|move|p1a: Shaymin|Swords Dance|p1a: Shaymin\n|-boost|p1a: Shaymin|atk|2\n|\n|upkeep\n|turn|4\n|\n|t:|1698712697\n|-terastallize|p1a: Shaymin|Grass\n|move|p1a: Shaymin|Seed Bomb|p2a: Up&Up Blissey\n|-damage|p2a: Up&Up Blissey|13\/100\n|-damage|p1a: Shaymin|74\/100|[from] item: Life Orb\n|move|p2a: Up&Up Blissey|Knock Off|p1a: Shaymin\n|-damage|p1a: Shaymin|52\/100\n|-enditem|p1a: Shaymin|Life Orb|[from] move: Knock Off|[of] p2a: Up&Up Blissey\n|\n|-heal|p2a: Up&Up Blissey|19\/100|[from] item: Leftovers\n|upkeep\n|turn|5\n|\n|t:|1698712709\n|switch|p2a: Vice Chairman|Weezing-Galar, M|100\/100\n|move|p1a: Shaymin|Zen Headbutt|p2a: Vice Chairman\n|-supereffective|p2a: Vice Chairman\n|-crit|p2a: Vice Chairman\n|-damage|p2a: Vice Chairman|11\/100\n|\n|-heal|p2a: Vice Chairman|17\/100|[from] item: Leftovers\n|upkeep\n|turn|6\n|\n|t:|1698712718\n|switch|p2a: Bong Dong|Bronzong|100\/100\n|move|p1a: Shaymin|Seed Bomb|p2a: Bong Dong\n|-resisted|p2a: Bong Dong\n|-damage|p2a: Bong Dong|70\/100\n|\n|-heal|p2a: Bong Dong|76\/100|[from] item: Leftovers\n|upkeep\n|turn|7\n|\n|t:|1698712729\n|switch|p1a: Slowking|Slowking-Galar, M|100\/100\n|move|p2a: Bong Dong|Calm Mind|p2a: Bong Dong\n|-boost|p2a: Bong Dong|spa|1\n|-boost|p2a: Bong Dong|spd|1\n|\n|-heal|p2a: Bong Dong|82\/100|[from] item: Leftovers\n|upkeep\n|turn|8\n|\n|t:|1698712737\n|move|p2a: Bong Dong|Calm Mind|p2a: Bong Dong\n|-boost|p2a: Bong Dong|spa|1\n|-boost|p2a: Bong Dong|spd|1\n|move|p1a: Slowking|Foul Play|p2a: Bong Dong\n|-supereffective|p2a: Bong Dong\n|-damage|p2a: Bong Dong|61\/100\n|\n|-heal|p2a: Bong Dong|67\/100|[from] item: Leftovers\n|upkeep\n|turn|9\n|\n|t:|1698712744\n|move|p2a: Bong Dong|Psyshock|p1a: Slowking\n|-damage|p1a: Slowking|70\/100\n|move|p1a: Slowking|Chilly Reception|p1a: Slowking\n|-weather|Snow\n|\n|t:|1698712747\n|switch|p1a: Empoleon|Empoleon, F|100\/100|[from] Chilly Reception\n|\n|-weather|Snow|[upkeep]\n|-heal|p2a: Bong Dong|74\/100|[from] item: Leftovers\n|upkeep\n|turn|10\n|c|\u2606TRaSHiNSeCT|Phys def...\n|c|\u2606Dragon Master Rosa|makes me more contrarian...\n|\n|t:|1698712779\n|move|p1a: Empoleon|Knock Off|p2a: Bong Dong\n|-supereffective|p2a: Bong Dong\n|-damage|p2a: Bong Dong|48\/100\n|-enditem|p2a: Bong Dong|Leftovers|[from] move: Knock Off|[of] p1a: Empoleon\n|move|p2a: Bong Dong|Grass Knot|p1a: Empoleon\n|-damage|p1a: Empoleon|80\/100\n|\n|-weather|Snow|[upkeep]\n|-heal|p1a: Empoleon|86\/100|[from] item: Leftovers\n|upkeep\n|turn|11\n|\n|t:|1698712790\n|switch|p2a: Fluoride Stare|Slowking-Galar, F|100\/100\n|move|p1a: Empoleon|Stealth Rock|p2a: Fluoride Stare\n|-sidestart|p2: TRaSHiNSeCT|move: Stealth Rock\n|\n|-weather|Snow|[upkeep]\n|-heal|p1a: Empoleon|92\/100|[from] item: Leftovers\n|upkeep\n|turn|12\n|\n|t:|1698712799\n|move|p1a: Empoleon|Flip Turn|p2a: Fluoride Stare\n|-damage|p2a: Fluoride Stare|80\/100\n|\n|t:|1698712801\n|switch|p1a: Landorus|Landorus-Therian, M|100\/100|[from] Flip Turn\n|-ability|p1a: Landorus|Intimidate|boost\n|-unboost|p2a: Fluoride Stare|atk|1\n|move|p2a: Fluoride Stare|Thunder Wave|p1a: Landorus\n|-immune|p1a: Landorus\n|\n|-weather|Snow|[upkeep]\n|upkeep\n|turn|13\n|\n|t:|1698712810\n|switch|p2a: >:3c|Shaymin|80\/100\n|-damage|p2a: >:3c|68\/100|[from] Stealth Rock\n|move|p1a: Landorus|Substitute|p1a: Landorus\n|-start|p1a: Landorus|Substitute\n|-damage|p1a: Landorus|76\/100\n|\n|-weather|none\n|-heal|p1a: Landorus|82\/100|[from] item: Leftovers\n|upkeep\n|turn|14\n|\n|t:|1698712820\n|move|p2a: >:3c|Healing Wish|p2a: >:3c\n|faint|p2a: >:3c\n|move|p1a: Landorus|Nasty Plot|p1a: Landorus\n|-boost|p1a: Landorus|spa|2\n|\n|-heal|p1a: Landorus|88\/100|[from] item: Leftovers\n|upkeep\n|\n|t:|1698712827\n|switch|p2a: Bong Dong|Bronzong|48\/100\n|-heal|p2a: Bong Dong|100\/100|[from] move: Healing Wish\n|-damage|p2a: Bong Dong|94\/100|[from] Stealth Rock\n|turn|15\n|\n|t:|1698712832\n|move|p1a: Landorus|Nasty Plot|p1a: Landorus\n|-boost|p1a: Landorus|spa|2\n|move|p2a: Bong Dong|Calm Mind|p2a: Bong Dong\n|-boost|p2a: Bong Dong|spa|1\n|-boost|p2a: Bong Dong|spd|1\n|\n|-heal|p1a: Landorus|94\/100|[from] item: Leftovers\n|upkeep\n|turn|16\n|\n|t:|1698712844\n|switch|p1a: Toedscruel|Toedscruel, M|100\/100\n|move|p2a: Bong Dong|Calm Mind|p2a: Bong Dong\n|-boost|p2a: Bong Dong|spa|1\n|-boost|p2a: Bong Dong|spd|1\n|\n|upkeep\n|turn|17\n|\n|t:|1698712850\n|move|p2a: Bong Dong|Psyshock|p1a: Toedscruel\n|-damage|p1a: Toedscruel|37\/100\n|move|p1a: Toedscruel|Leech Seed|p2a: Bong Dong\n|-start|p2a: Bong Dong|move: Leech Seed\n|\n|-heal|p1a: Toedscruel|43\/100|[from] item: Leftovers\n|-damage|p2a: Bong Dong|82\/100|[from] Leech Seed|[of] p1a: Toedscruel\n|-heal|p1a: Toedscruel|55\/100|[silent]\n|upkeep\n|turn|18\n|\n|t:|1698712859\n|switch|p1a: Empoleon|Empoleon, F|92\/100\n|switch|p2a: Up&Up Blissey|Clefable, M|19\/100\n|\n|-heal|p2a: Up&Up Blissey|25\/100|[from] item: Leftovers\n|-heal|p1a: Empoleon|98\/100|[from] item: Leftovers\n|upkeep\n|turn|19\n|\n|t:|1698712867\n|move|p1a: Empoleon|Knock Off|p2a: Up&Up Blissey\n|-resisted|p2a: Up&Up Blissey\n|-damage|p2a: Up&Up Blissey|17\/100\n|-enditem|p2a: Up&Up Blissey|Leftovers|[from] move: Knock Off|[of] p1a: Empoleon\n|move|p2a: Up&Up Blissey|Wish|p2a: Up&Up Blissey\n|\n|-heal|p1a: Empoleon|100\/100|[from] item: Leftovers\n|upkeep\n|turn|20\n|\n|t:|1698712875\n|move|p2a: Up&Up Blissey|Knock Off|p1a: Empoleon\n|-damage|p1a: Empoleon|84\/100\n|-enditem|p1a: Empoleon|Leftovers|[from] move: Knock Off|[of] p2a: Up&Up Blissey\n|move|p1a: Empoleon|Flip Turn|p2a: Up&Up Blissey\n|-damage|p2a: Up&Up Blissey|4\/100\n|\n|t:|1698712888\n|switch|p1a: Shaymin|Shaymin-Sky, tera:Grass|52\/100|[from] Flip Turn\n|\n|-heal|p2a: Up&Up Blissey|54\/100|[from] move: Wish|[wisher] Up&Up Blissey\n|upkeep\n|turn|21\n|\n|t:|1698712895\n|move|p1a: Shaymin|Zen Headbutt|p2a: Up&Up Blissey\n|-crit|p2a: Up&Up Blissey\n|-damage|p2a: Up&Up Blissey|27\/100\n|move|p2a: Up&Up Blissey|Encore|p1a: Shaymin\n|-start|p1a: Shaymin|Encore\n|\n|upkeep\n|turn|22\n|\n|t:|1698712902\n|switch|p2a: Bong Dong|Bronzong|82\/100\n|-damage|p2a: Bong Dong|76\/100|[from] Stealth Rock\n|move|p1a: Shaymin|Zen Headbutt|p2a: Bong Dong\n|-resisted|p2a: Bong Dong\n|-damage|p2a: Bong Dong|72\/100\n|\n|upkeep\n|turn|23\n|\n|t:|1698712909\n|move|p1a: Shaymin|Zen Headbutt|p2a: Bong Dong\n|-resisted|p2a: Bong Dong\n|-damage|p2a: Bong Dong|68\/100\n|cant|p2a: Bong Dong|flinch\n|\n|upkeep\n|turn|24\n|\n|t:|1698712914\n|move|p1a: Shaymin|Zen Headbutt|p2a: Bong Dong\n|-resisted|p2a: Bong Dong\n|-damage|p2a: Bong Dong|65\/100\n|cant|p2a: Bong Dong|flinch\n|\n|-end|p1a: Shaymin|Encore\n|upkeep\n|turn|25\n|\n|t:|1698712920\n|move|p1a: Shaymin|Swords Dance|p1a: Shaymin\n|-boost|p1a: Shaymin|atk|2\n|move|p2a: Bong Dong|Calm Mind|p2a: Bong Dong\n|-boost|p2a: Bong Dong|spa|1\n|-boost|p2a: Bong Dong|spd|1\n|\n|upkeep\n|turn|26\n|\n|t:|1698712926\n|move|p1a: Shaymin|Seed Bomb|p2a: Bong Dong\n|-resisted|p2a: Bong Dong\n|-damage|p2a: Bong Dong|32\/100\n|move|p2a: Bong Dong|Psyshock|p1a: Shaymin\n|-damage|p1a: Shaymin|6\/100\n|\n|upkeep\n|turn|27\n|\n|t:|1698712932\n|move|p1a: Shaymin|Seed Bomb|p2a: Bong Dong\n|-resisted|p2a: Bong Dong\n|-damage|p2a: Bong Dong|2\/100\n|move|p2a: Bong Dong|Psyshock|p1a: Shaymin\n|-damage|p1a: Shaymin|0 fnt\n|faint|p1a: Shaymin\n|\n|upkeep\n|\n|t:|1698712939\n|switch|p1a: Empoleon|Empoleon, F|84\/100\n|turn|28\n|\n|t:|1698712947\n|move|p1a: Empoleon|Flip Turn|p2a: Bong Dong\n|-damage|p2a: Bong Dong|0 fnt\n|faint|p2a: Bong Dong\n|\n|t:|1698712956\n|switch|p1a: Slowking|Slowking-Galar, M|100\/100|[from] Flip Turn\n|\n|upkeep\n|\n|t:|1698712960\n|switch|p2a: Up&Up Blissey|Clefable, M|27\/100\n|turn|29\n|\n|t:|1698712964\n|move|p2a: Up&Up Blissey|Wish|p2a: Up&Up Blissey\n|move|p1a: Slowking|Chilly Reception|p1a: Slowking\n|-weather|Snow\n|\n|t:|1698712968\n|switch|p1a: Landorus|Landorus-Therian, M|94\/100|[from] Chilly Reception\n|-ability|p1a: Landorus|Intimidate|boost\n|-unboost|p2a: Up&Up Blissey|atk|1\n|\n|-weather|Snow|[upkeep]\n|-heal|p1a: Landorus|99\/100|[from] item: Leftovers\n|upkeep\n|turn|30\n|\n|t:|1698712977\n|move|p1a: Landorus|Substitute|p1a: Landorus\n|-start|p1a: Landorus|Substitute\n|-damage|p1a: Landorus|75\/100\n|move|p2a: Up&Up Blissey|Encore|p1a: Landorus\n|-start|p1a: Landorus|Encore\n|\n|-weather|Snow|[upkeep]\n|-heal|p2a: Up&Up Blissey|77\/100|[from] move: Wish|[wisher] Up&Up Blissey\n|-heal|p1a: Landorus|81\/100|[from] item: Leftovers\n|upkeep\n|turn|31\n|\n|t:|1698712986\n|switch|p1a: Empoleon|Empoleon, F|84\/100\n|switch|p2a: Monkie Mode|Infernape, F|100\/100\n|\n|-weather|Snow|[upkeep]\n|upkeep\n|turn|32\n|\n|t:|1698712993\n|switch|p1a: Landorus|Landorus-Therian, M|81\/100\n|-ability|p1a: Landorus|Intimidate|boost\n|-unboost|p2a: Monkie Mode|atk|1\n|move|p2a: Monkie Mode|Flare Blitz|p1a: Landorus\n|-damage|p1a: Landorus|45\/100\n|-damage|p2a: Monkie Mode|85\/100|[from] Recoil\n|\n|-weather|Snow|[upkeep]\n|-heal|p1a: Landorus|51\/100|[from] item: Leftovers\n|upkeep\n|turn|33\n|\n|t:|1698713007\n|-terastallize|p2a: Monkie Mode|Grass\n|move|p2a: Monkie Mode|Flare Blitz|p1a: Landorus\n|-damage|p1a: Landorus|16\/100\n|-damage|p2a: Monkie Mode|70\/100|[from] Recoil\n|move|p1a: Landorus|Tera Blast|p2a: Monkie Mode\n|-damage|p2a: Monkie Mode|32\/100\n|\n|-weather|none\n|-heal|p1a: Landorus|22\/100|[from] item: Leftovers\n|upkeep\n|turn|34\n|\n|t:|1698713020\n|move|p2a: Monkie Mode|Slack Off|p2a: Monkie Mode\n|-heal|p2a: Monkie Mode|82\/100\n|move|p1a: Landorus|Tera Blast|p2a: Monkie Mode\n|-damage|p2a: Monkie Mode|44\/100\n|\n|-heal|p1a: Landorus|29\/100|[from] item: Leftovers\n|upkeep\n|turn|35\n|\n|t:|1698713027\n|move|p2a: Monkie Mode|Flare Blitz|p1a: Landorus\n|-damage|p1a: Landorus|0 fnt\n|faint|p1a: Landorus\n|-damage|p2a: Monkie Mode|32\/100|[from] Recoil\n|\n|upkeep\n|\n|t:|1698713035\n|switch|p1a: Slowking|Slowking-Galar, M|100\/100\n|turn|36\n|\n|t:|1698713039\n|move|p2a: Monkie Mode|U-turn|p1a: Slowking\n|-crit|p1a: Slowking\n|-damage|p1a: Slowking|77\/100\n|\n|t:|1698713042\n|switch|p2a: Fluoride Stare|Slowking-Galar, F|100\/100|[from] U-turn\n|move|p1a: Slowking|Toxic|p2a: Fluoride Stare\n|-immune|p2a: Fluoride Stare\n|\n|upkeep\n|turn|37\n|\n|t:|1698713049\n|switch|p1a: Toedscruel|Toedscruel, M|55\/100\n|move|p2a: Fluoride Stare|Taunt|p1a: Toedscruel\n|-start|p1a: Toedscruel|move: Taunt\n|\n|-heal|p1a: Toedscruel|61\/100|[from] item: Leftovers\n|upkeep\n|turn|38\n|\n|t:|1698713057\n|switch|p2a: Up&Up Blissey|Clefable, M|77\/100\n|move|p1a: Toedscruel|Knock Off|p2a: Up&Up Blissey\n|-resisted|p2a: Up&Up Blissey\n|-damage|p2a: Up&Up Blissey|73\/100\n|\n|-heal|p1a: Toedscruel|67\/100|[from] item: Leftovers\n|upkeep\n|turn|39\n|\n|t:|1698713066\n|switch|p1a: Empoleon|Empoleon, F|84\/100\n|move|p2a: Up&Up Blissey|Wish|p2a: Up&Up Blissey\n|\n|upkeep\n|turn|40\n|\n|t:|1698713076\n|switch|p2a: Vice Chairman|Weezing-Galar, M|17\/100\n|-damage|p2a: Vice Chairman|5\/100|[from] Stealth Rock\n|move|p1a: Empoleon|Flip Turn|p2a: Vice Chairman\n|-damage|p2a: Vice Chairman|0 fnt\n|faint|p2a: Vice Chairman\n|\n|t:|1698713081\n|switch|p1a: Slowking|Slowking-Galar, M|100\/100|[from] Flip Turn\n|\n|upkeep\n|\n|t:|1698713088\n|switch|p2a: Up&Up Blissey|Clefable, M|73\/100\n|turn|41\n|\n|t:|1698713095\n|move|p2a: Up&Up Blissey|Wish|p2a: Up&Up Blissey\n|move|p1a: Slowking|Chilly Reception|p1a: Slowking\n|-weather|Snow\n|\n|t:|1698713105\n|switch|p1a: Palafin|Palafin-Hero, M|74\/100|[from] Chilly Reception\n|-activate|p1a: Palafin|ability: Zero to Hero\n|\n|-weather|Snow|[upkeep]\n|upkeep\n|turn|42\n|\n|t:|1698713112\n|switch|p2a: Fluoride Stare|Slowking-Galar, F|100\/100\n|move|p1a: Palafin|Boomburst|p2a: Fluoride Stare\n|-damage|p2a: Fluoride Stare|66\/100\n|\n|-weather|Snow|[upkeep]\n|-heal|p2a: Fluoride Stare|100\/100|[from] move: Wish|[wisher] Up&Up Blissey\n|upkeep\n|turn|43\n|\n|t:|1698713121\n|switch|p1a: Slowking|Slowking-Galar, M|100\/100\n|move|p2a: Fluoride Stare|Chilly Reception|p2a: Fluoride Stare\n|\n|t:|1698713127\n|switch|p2a: Up&Up Blissey|Clefable, M|73\/100|[from] Chilly Reception\n|\n|-weather|Snow|[upkeep]\n|upkeep\n|turn|44\n|\n|t:|1698713134\n|move|p2a: Up&Up Blissey|Knock Off|p1a: Slowking\n|-supereffective|p1a: Slowking\n|-crit|p1a: Slowking\n|-damage|p1a: Slowking|67\/100\n|-enditem|p1a: Slowking|Heavy-Duty Boots|[from] move: Knock Off|[of] p2a: Up&Up Blissey\n|move|p1a: Slowking|Chilly Reception|p1a: Slowking\n|\n|t:|1698713139\n|switch|p1a: Toedscruel|Toedscruel, M|67\/100|[from] Chilly Reception\n|\n|-weather|Snow|[upkeep]\n|-heal|p1a: Toedscruel|73\/100|[from] item: Leftovers\n|upkeep\n|turn|45\n|\n|t:|1698713147\n|move|p2a: Up&Up Blissey|Knock Off|p1a: Toedscruel\n|-damage|p1a: Toedscruel|50\/100\n|-enditem|p1a: Toedscruel|Leftovers|[from] move: Knock Off|[of] p2a: Up&Up Blissey\n|move|p1a: Toedscruel|Spikes|p2a: Up&Up Blissey\n|-sidestart|p2: TRaSHiNSeCT|Spikes\n|\n|-weather|none\n|upkeep\n|turn|46\n|\n|t:|1698713154\n|switch|p1a: Empoleon|Empoleon, F|84\/100\n|move|p2a: Up&Up Blissey|Wish|p2a: Up&Up Blissey\n|\n|upkeep\n|turn|47\n|\n|t:|1698713166\n|switch|p2a: Monkie Mode|Infernape, F, tera:Grass|32\/100\n|move|p1a: Empoleon|Flip Turn|p2a: Monkie Mode\n|-resisted|p2a: Monkie Mode\n|-crit|p2a: Monkie Mode\n|-damage|p2a: Monkie Mode|10\/100\n|\n|t:|1698713183\n|switch|p1a: Toedscruel|Toedscruel, M|50\/100|[from] Flip Turn\n|\n|-heal|p2a: Monkie Mode|77\/100|[from] move: Wish|[wisher] Up&Up Blissey\n|upkeep\n|turn|48\n|\n|t:|1698713189\n|switch|p1a: Slowking|Slowking-Galar, M|99\/100\n|move|p2a: Monkie Mode|Flare Blitz|p1a: Slowking\n|-damage|p1a: Slowking|59\/100\n|-damage|p2a: Monkie Mode|59\/100|[from] Recoil\n|\n|upkeep\n|turn|49\n|\n|t:|1698713196\n|move|p2a: Monkie Mode|U-turn|p1a: Slowking\n|-damage|p1a: Slowking|44\/100\n|\n|t:|1698713199\n|switch|p2a: Fluoride Stare|Slowking-Galar, F|100\/100|[from] U-turn\n|move|p1a: Slowking|Chilly Reception|p1a: Slowking\n|-weather|Snow\n|\n|t:|1698713201\n|switch|p1a: Empoleon|Empoleon, F|84\/100|[from] Chilly Reception\n|\n|-weather|Snow|[upkeep]\n|upkeep\n|turn|50\n|\n|t:|1698713209\n|move|p1a: Empoleon|Flip Turn|p2a: Fluoride Stare\n|-damage|p2a: Fluoride Stare|82\/100\n|\n|t:|1698713211\n|switch|p1a: Toedscruel|Toedscruel, M|50\/100|[from] Flip Turn\n|move|p2a: Fluoride Stare|Taunt|p1a: Toedscruel\n|-start|p1a: Toedscruel|move: Taunt\n|\n|-weather|Snow|[upkeep]\n|upkeep\n|turn|51\n|\n|t:|1698713221\n|move|p1a: Toedscruel|Knock Off|p2a: Fluoride Stare\n|-supereffective|p2a: Fluoride Stare\n|-damage|p2a: Fluoride Stare|47\/100\n|-enditem|p2a: Fluoride Stare|Heavy-Duty Boots|[from] move: Knock Off|[of] p1a: Toedscruel\n|move|p2a: Fluoride Stare|Chilly Reception|p2a: Fluoride Stare\n|\n|t:|1698713227\n|switch|p2a: Monkie Mode|Infernape, F, tera:Grass|59\/100|[from] Chilly Reception\n|\n|-weather|Snow|[upkeep]\n|upkeep\n|turn|52\n|\n|t:|1698713234\n|move|p2a: Monkie Mode|Flare Blitz|p1a: Toedscruel\n|-supereffective|p1a: Toedscruel\n|-damage|p1a: Toedscruel|0 fnt\n|faint|p1a: Toedscruel\n|-damage|p2a: Monkie Mode|39\/100|[from] Recoil\n|\n|-weather|Snow|[upkeep]\n|upkeep\n|\n|t:|1698713236\n|switch|p1a: Empoleon|Empoleon, F|84\/100\n|turn|53\n|\n|t:|1698713242\n|move|p2a: Monkie Mode|Slack Off|p2a: Monkie Mode\n|-heal|p2a: Monkie Mode|89\/100\n|move|p1a: Empoleon|Knock Off|p2a: Monkie Mode\n|-damage|p2a: Monkie Mode|56\/100\n|-enditem|p2a: Monkie Mode|Heavy-Duty Boots|[from] move: Knock Off|[of] p1a: Empoleon\n|\n|-weather|none\n|upkeep\n|turn|54\n|\n|t:|1698713249\n|move|p2a: Monkie Mode|Flare Blitz|p1a: Empoleon\n|-damage|p1a: Empoleon|33\/100\n|-damage|p2a: Monkie Mode|35\/100|[from] Recoil\n|move|p1a: Empoleon|Flip Turn|p2a: Monkie Mode\n|-resisted|p2a: Monkie Mode\n|-damage|p2a: Monkie Mode|12\/100\n|\n|t:|1698713253\n|switch|p1a: Slowking|Slowking-Galar, M|77\/100|[from] Flip Turn\n|\n|upkeep\n|turn|55\n|\n|t:|1698713260\n|move|p2a: Monkie Mode|Slack Off|p2a: Monkie Mode\n|-heal|p2a: Monkie Mode|62\/100\n|move|p1a: Slowking|Chilly Reception|p1a: Slowking\n|-weather|Snow\n|\n|t:|1698713263\n|switch|p1a: Palafin|Palafin-Hero, M|74\/100|[from] Chilly Reception\n|\n|-weather|Snow|[upkeep]\n|upkeep\n|turn|56\n|\n|t:|1698713271\n|switch|p2a: Fluoride Stare|Slowking-Galar, F|81\/100\n|-damage|p2a: Fluoride Stare|68\/100|[from] Stealth Rock\n|-damage|p2a: Fluoride Stare|56\/100|[from] Spikes\n|move|p1a: Palafin|Boomburst|p2a: Fluoride Stare\n|-damage|p2a: Fluoride Stare|18\/100\n|\n|-weather|Snow|[upkeep]\n|upkeep\n|turn|57\n|c|\u2606TRaSHiNSeCT|ggs\n|c|\u2606TRaSHiNSeCT|wp\n|c|\u2606Dragon Master Rosa|ggs\n|c|\u2606Dragon Master Rosa|wp\n|\n|t:|1698713283\n|move|p1a: Palafin|Boomburst|p2a: Fluoride Stare\n|-damage|p2a: Fluoride Stare|0 fnt\n|faint|p2a: Fluoride Stare\n|\n|-weather|Snow|[upkeep]\n|upkeep\n|\n|t:|1698713288\n|switch|p2a: Monkie Mode|Infernape, F, tera:Grass|62\/100\n|-damage|p2a: Monkie Mode|50\/100|[from] Stealth Rock\n|-damage|p2a: Monkie Mode|38\/100|[from] Spikes\n|turn|58\n|\n|t:|1698713294\n|move|p2a: Monkie Mode|Flare Blitz|p1a: Palafin\n|-resisted|p1a: Palafin\n|-damage|p1a: Palafin|47\/100\n|-damage|p2a: Monkie Mode|27\/100|[from] Recoil\n|move|p1a: Palafin|Boomburst|p2a: Monkie Mode\n|-damage|p2a: Monkie Mode|0 fnt\n|faint|p2a: Monkie Mode\n|\n|-weather|Snow|[upkeep]\n|upkeep\n|\n|t:|1698713303\n|switch|p2a: Up&Up Blissey|Clefable, M|73\/100\n|turn|59\n|\n|t:|1698713305\n|move|p1a: Palafin|Boomburst|p2a: Up&Up Blissey\n|-damage|p2a: Up&Up Blissey|15\/100\n|move|p2a: Up&Up Blissey|Play Rough|p1a: Palafin\n|-damage|p1a: Palafin|22\/100\n|\n|-weather|none\n|upkeep\n|turn|60\n|\n|t:|1698713312\n|move|p1a: Palafin|Boomburst|p2a: Up&Up Blissey\n|-damage|p2a: Up&Up Blissey|0 fnt\n|faint|p2a: Up&Up Blissey\n|\n|win|Dragon Master Rosa\n","uploadtime":1698713318,"views":15,"p1id":"dragonmasterrosa","p2id":"trashinsect","formatid":"gen9ubers","rating":0,"private":0,"password":""}