{"id":"gen9ubers-1981393983","p1":"asdfqwerty123","p2":"Nerdiestyt","format":"[Gen 9] Ubers","log":"|j|\u2606asdfqwerty123\n|j|\u2606Nerdiestyt\n|t:|1698890945\n|gametype|singles\n|player|p1|asdfqwerty123|kieran-festival|\n|player|p2|Nerdiestyt|266|\n|teamsize|p1|6\n|teamsize|p2|6\n|gen|9\n|tier|[Gen 9] Ubers\n|rule|Sleep Clause Mod: Limit one foe put to sleep\n|rule|Species Clause: Limit one of each Pok\u00e9mon\n|rule|OHKO Clause: OHKO moves are banned\n|rule|Evasion Items Clause: Evasion items are banned\n|rule|Evasion Moves Clause: Evasion moves are banned\n|rule|Endless Battle Clause: Forcing endless battles is banned\n|rule|HP Percentage Mod: HP is shown in percentages\n|clearpoke\n|poke|p1|Chi-Yu|\n|poke|p1|Palkia-Origin|\n|poke|p1|Shaymin-Sky|\n|poke|p1|Zacian-*|\n|poke|p1|Giratina|\n|poke|p1|Arceus-Poison|\n|poke|p2|Gliscor, M|\n|poke|p2|Blissey, F|\n|poke|p2|Slowking-Galar, M|\n|poke|p2|Chi-Yu|\n|poke|p2|Sneasler, M|\n|poke|p2|Zacian-*|\n|teampreview\n|c|\u2606Nerdiestyt|Good luck!\n|c|\u2606asdfqwerty123|u2\n|\n|t:|1698890982\n|start\n|switch|p1a: Palkia|Palkia-Origin, shiny|100\/100\n|switch|p2a: Slowking|Slowking-Galar, M|100\/100\n|-ability|p1a: Palkia|Pressure\n|turn|1\n|\n|t:|1698890993\n|move|p1a: Palkia|Spacial Rend|p2a: Slowking\n|-damage|p2a: Slowking|42\/100\n|move|p2a: Slowking|Toxic|p1a: Palkia\n|-status|p1a: Palkia|tox\n|\n|-heal|p2a: Slowking|48\/100|[from] item: Leftovers\n|-damage|p1a: Palkia|94\/100 tox|[from] psn\n|upkeep\n|turn|2\n|\n|t:|1698891005\n|move|p2a: Slowking|Protect|p2a: Slowking\n|-singleturn|p2a: Slowking|Protect\n|move|p1a: Palkia|Hydro Pump|p2a: Slowking\n|-activate|p2a: Slowking|move: Protect\n|\n|-heal|p2a: Slowking|54\/100|[from] item: Leftovers\n|-damage|p1a: Palkia|82\/100 tox|[from] psn\n|upkeep\n|turn|3\n|\n|t:|1698891014\n|switch|p2a: Blissey|Blissey, F|100\/100\n|move|p1a: Palkia|Spacial Rend|p2a: Blissey\n|-damage|p2a: Blissey|80\/100\n|\n|-heal|p2a: Blissey|86\/100|[from] item: Leftovers\n|-damage|p1a: Palkia|63\/100 tox|[from] psn\n|upkeep\n|turn|4\n|\n|t:|1698891019\n|switch|p1a: Giratina|Giratina, shiny|100\/100\n|-ability|p1a: Giratina|Pressure\n|move|p2a: Blissey|Seismic Toss|p1a: Giratina\n|-immune|p1a: Giratina\n|\n|-heal|p2a: Blissey|92\/100|[from] item: Leftovers\n|upkeep\n|turn|5\n|\n|t:|1698891024\n|move|p1a: Giratina|Thunder Wave|p2a: Blissey\n|-status|p2a: Blissey|par\n|cant|p2a: Blissey|par\n|\n|-heal|p2a: Blissey|98\/100 par|[from] item: Leftovers\n|upkeep\n|turn|6\n|\n|t:|1698891035\n|switch|p1a: Arceus|Arceus-Poison|100\/100\n|move|p2a: Blissey|Thunder Wave|p1a: Arceus\n|-status|p1a: Arceus|par\n|\n|-heal|p2a: Blissey|100\/100 par|[from] item: Leftovers\n|upkeep\n|turn|7\n|\n|t:|1698891043\n|-curestatus|p2a: Blissey|par|[from] ability: Natural Cure\n|switch|p2a: Slowking|Slowking-Galar, M|87\/100\n|move|p1a: Arceus|Dragon Dance|p1a: Arceus\n|-boost|p1a: Arceus|atk|1\n|-boost|p1a: Arceus|spe|1\n|\n|-heal|p2a: Slowking|93\/100|[from] item: Leftovers\n|upkeep\n|turn|8\n|\n|t:|1698891060\n|switch|p2a: Zacian|Zacian|100\/100\n|-ability|p2a: Zacian|Intrepid Sword|boost\n|-boost|p2a: Zacian|atk|1\n|move|p1a: Arceus|Earthquake|p2a: Zacian\n|-damage|p2a: Zacian|64\/100\n|\n|upkeep\n|turn|9\n|\n|t:|1698891091\n|switch|p2a: Gliscor|Gliscor, M|100\/100\n|move|p1a: Arceus|Poison Jab|p2a: Gliscor\n|-resisted|p2a: Gliscor\n|-damage|p2a: Gliscor|82\/100\n|\n|-status|p2a: Gliscor|tox|[from] item: Toxic Orb\n|upkeep\n|turn|10\n|\n|t:|1698891125\n|switch|p1a: Palkia|Palkia-Origin, shiny|63\/100 tox\n|-ability|p1a: Palkia|Pressure\n|move|p2a: Gliscor|Toxic|p1a: Palkia\n|-fail|p1a: Palkia|tox\n|\n|-damage|p1a: Palkia|57\/100 tox|[from] psn\n|-heal|p2a: Gliscor|95\/100 tox|[from] ability: Poison Heal\n|upkeep\n|turn|11\n|\n|t:|1698891137\n|switch|p1a: Shaymin|Shaymin-Sky, shiny|100\/100\n|move|p2a: Gliscor|Protect||[still]\n|-fail|p2a: Gliscor\n|\n|-heal|p2a: Gliscor|100\/100 tox|[from] ability: Poison Heal\n|upkeep\n|turn|12\n|\n|t:|1698891158\n|switch|p2a: Chi-Yu|Chi-Yu|100\/100\n|-ability|p2a: Chi-Yu|Beads of Ruin\n|move|p1a: Shaymin|Substitute|p1a: Shaymin\n|-start|p1a: Shaymin|Substitute\n|-damage|p1a: Shaymin|76\/100\n|\n|upkeep\n|turn|13\n|\n|t:|1698891166\n|move|p2a: Chi-Yu|Flamethrower|p1a: Shaymin\n|-supereffective|p1a: Shaymin\n|-end|p1a: Shaymin|Substitute\n|move|p1a: Shaymin|Earth Power|p2a: Chi-Yu\n|-supereffective|p2a: Chi-Yu\n|-damage|p2a: Chi-Yu|9\/100\n|-damage|p1a: Shaymin|66\/100|[from] item: Life Orb\n|\n|upkeep\n|turn|14\n|\n|t:|1698891184\n|switch|p1a: Chi-Yu|Chi-Yu|100\/100\n|-ability|p1a: Chi-Yu|Beads of Ruin\n|move|p2a: Chi-Yu|Flamethrower|p1a: Chi-Yu\n|-resisted|p1a: Chi-Yu\n|-damage|p1a: Chi-Yu|73\/100\n|\n|upkeep\n|turn|15\n|\n|t:|1698891193\n|switch|p2a: Blissey|Blissey, F|100\/100\n|move|p1a: Chi-Yu|Flamethrower|p2a: Blissey\n|-damage|p2a: Blissey|83\/100\n|\n|-heal|p2a: Blissey|89\/100|[from] item: Leftovers\n|upkeep\n|turn|16\n|\n|t:|1698891202\n|switch|p1a: Arceus|Arceus-Poison|100\/100 par\n|move|p2a: Blissey|Thunder Wave|p1a: Arceus\n|-fail|p1a: Arceus|par\n|\n|-heal|p2a: Blissey|95\/100|[from] item: Leftovers\n|upkeep\n|turn|17\n|\n|t:|1698891215\n|switch|p2a: Gliscor|Gliscor, M|100\/100 tox\n|move|p1a: Arceus|Earthquake|p2a: Gliscor\n|-immune|p2a: Gliscor\n|\n|upkeep\n|turn|18\n|\n|t:|1698891224\n|move|p2a: Gliscor|Toxic|p1a: Arceus|[miss]\n|-miss|p2a: Gliscor|p1a: Arceus\n|move|p1a: Arceus|Dragon Dance|p1a: Arceus\n|-boost|p1a: Arceus|atk|1\n|-boost|p1a: Arceus|spe|1\n|\n|upkeep\n|turn|19\n|\n|t:|1698891230\n|move|p1a: Arceus|Dragon Dance|p1a: Arceus\n|-boost|p1a: Arceus|atk|1\n|-boost|p1a: Arceus|spe|1\n|move|p2a: Gliscor|Earthquake|p1a: Arceus\n|-supereffective|p1a: Arceus\n|-crit|p1a: Arceus\n|-damage|p1a: Arceus|27\/100 par\n|\n|upkeep\n|turn|20\n|\n|t:|1698891263\n|move|p1a: Arceus|Extreme Speed|p2a: Gliscor\n|-damage|p2a: Gliscor|72\/100 tox\n|move|p2a: Gliscor|Earthquake|p1a: Arceus\n|-supereffective|p1a: Arceus\n|-damage|p1a: Arceus|0 fnt\n|faint|p1a: Arceus\n|\n|-heal|p2a: Gliscor|85\/100 tox|[from] ability: Poison Heal\n|upkeep\n|\n|t:|1698891272\n|switch|p1a: Palkia|Palkia-Origin, shiny|57\/100 tox\n|-ability|p1a: Palkia|Pressure\n|turn|21\n|\n|t:|1698891292\n|switch|p2a: Blissey|Blissey, F|95\/100\n|move|p1a: Palkia|Hydro Pump|p2a: Blissey\n|-damage|p2a: Blissey|76\/100\n|\n|-heal|p2a: Blissey|82\/100|[from] item: Leftovers\n|-damage|p1a: Palkia|51\/100 tox|[from] psn\n|upkeep\n|turn|22\n|\n|t:|1698891303\n|switch|p1a: Giratina|Giratina, shiny|100\/100\n|-ability|p1a: Giratina|Pressure\n|move|p2a: Blissey|Thunder Wave|p1a: Giratina\n|-status|p1a: Giratina|par\n|\n|-heal|p2a: Blissey|88\/100|[from] item: Leftovers\n|upkeep\n|turn|23\n|\n|t:|1698891322\n|switch|p2a: Gliscor|Gliscor, M|85\/100 tox\n|move|p1a: Giratina|Roar|p2a: Gliscor\n|drag|p2a: Sneasler|Sneasler, M|100\/100\n|\n|upkeep\n|turn|24\n|\n|t:|1698891333\n|move|p2a: Sneasler|Night Slash|p1a: Giratina\n|-supereffective|p1a: Giratina\n|-damage|p1a: Giratina|73\/100 par\n|cant|p1a: Giratina|par\n|\n|-heal|p1a: Giratina|79\/100 par|[from] item: Leftovers\n|upkeep\n|turn|25\n|\n|t:|1698891343\n|-terastallize|p2a: Sneasler|Dark\n|move|p2a: Sneasler|Night Slash|p1a: Giratina\n|-supereffective|p1a: Giratina\n|-crit|p1a: Giratina\n|-damage|p1a: Giratina|12\/100 par\n|move|p1a: Giratina|Thunder Wave|p2a: Sneasler\n|-status|p2a: Sneasler|par\n|\n|-heal|p1a: Giratina|18\/100 par|[from] item: Leftovers\n|upkeep\n|turn|26\n|\n|t:|1698891357\n|switch|p1a: Zacian|Zacian, shiny|100\/100\n|-ability|p1a: Zacian|Intrepid Sword|boost\n|-boost|p1a: Zacian|atk|1\n|move|p2a: Sneasler|Night Slash|p1a: Zacian\n|-resisted|p1a: Zacian\n|-damage|p1a: Zacian|83\/100\n|\n|upkeep\n|turn|27\n|\n|t:|1698891373\n|switch|p2a: Slowking|Slowking-Galar, M|100\/100\n|move|p1a: Zacian|Close Combat|p2a: Slowking\n|-resisted|p2a: Slowking\n|-damage|p2a: Slowking|85\/100\n|-unboost|p1a: Zacian|def|1\n|-unboost|p1a: Zacian|spd|1\n|-damage|p1a: Zacian|73\/100|[from] item: Life Orb\n|\n|-heal|p2a: Slowking|91\/100|[from] item: Leftovers\n|upkeep\n|turn|28\n|\n|t:|1698891386\n|switch|p1a: Palkia|Palkia-Origin, shiny|51\/100 tox\n|-ability|p1a: Palkia|Pressure\n|move|p2a: Slowking|Sludge Bomb|p1a: Palkia\n|-damage|p1a: Palkia|19\/100 tox\n|\n|-heal|p2a: Slowking|97\/100|[from] item: Leftovers\n|-damage|p1a: Palkia|13\/100 tox|[from] psn\n|upkeep\n|turn|29\n|\n|t:|1698891390\n|move|p2a: Slowking|Protect|p2a: Slowking\n|-singleturn|p2a: Slowking|Protect\n|move|p1a: Palkia|Spacial Rend|p2a: Slowking\n|-activate|p2a: Slowking|move: Protect\n|\n|-heal|p2a: Slowking|100\/100|[from] item: Leftovers\n|-damage|p1a: Palkia|0 fnt|[from] psn\n|faint|p1a: Palkia\n|upkeep\n|\n|t:|1698891401\n|switch|p1a: Chi-Yu|Chi-Yu|73\/100\n|-ability|p1a: Chi-Yu|Beads of Ruin\n|turn|30\n|\n|t:|1698891406\n|move|p2a: Slowking|Protect|p2a: Slowking\n|-singleturn|p2a: Slowking|Protect\n|move|p1a: Chi-Yu|Dark Pulse|p2a: Slowking\n|-activate|p2a: Slowking|move: Protect\n|\n|upkeep\n|turn|31\n|\n|t:|1698891413\n|switch|p1a: Zacian|Zacian, shiny|73\/100\n|switch|p2a: Blissey|Blissey, F|88\/100\n|\n|-heal|p2a: Blissey|94\/100|[from] item: Leftovers\n|upkeep\n|turn|32\n|\n|t:|1698891429\n|move|p1a: Zacian|Close Combat|p2a: Blissey\n|-supereffective|p2a: Blissey\n|-damage|p2a: Blissey|0 fnt\n|-unboost|p1a: Zacian|def|1\n|-unboost|p1a: Zacian|spd|1\n|faint|p2a: Blissey\n|-damage|p1a: Zacian|64\/100|[from] item: Life Orb\n|\n|upkeep\n|\n|t:|1698891442\n|switch|p2a: Zacian|Zacian|64\/100\n|turn|33\n|\n|t:|1698891451\n|move|p2a: Zacian|Poison Jab|p1a: Zacian\n|-supereffective|p1a: Zacian\n|-damage|p1a: Zacian|0 fnt\n|faint|p1a: Zacian\n|\n|upkeep\n|\n|t:|1698891458\n|switch|p1a: Chi-Yu|Chi-Yu|73\/100\n|-ability|p1a: Chi-Yu|Beads of Ruin\n|turn|34\n|\n|t:|1698891464\n|move|p2a: Zacian|Poison Jab|p1a: Chi-Yu\n|-damage|p1a: Chi-Yu|31\/100\n|-status|p1a: Chi-Yu|psn\n|move|p1a: Chi-Yu|Overheat|p2a: Zacian\n|-damage|p2a: Zacian|0 fnt\n|-unboost|p1a: Chi-Yu|spa|2\n|faint|p2a: Zacian\n|\n|-damage|p1a: Chi-Yu|19\/100 psn|[from] psn\n|upkeep\n|\n|t:|1698891483\n|switch|p2a: Slowking|Slowking-Galar, M|100\/100\n|turn|35\n|\n|t:|1698891493\n|move|p2a: Slowking|Protect|p2a: Slowking\n|-singleturn|p2a: Slowking|Protect\n|move|p1a: Chi-Yu|Overheat|p2a: Slowking\n|-activate|p2a: Slowking|move: Protect\n|\n|-damage|p1a: Chi-Yu|6\/100 psn|[from] psn\n|upkeep\n|turn|36\n|\n|t:|1698891503\n|switch|p2a: Gliscor|Gliscor, M|85\/100 tox\n|move|p1a: Chi-Yu|Overheat|p2a: Gliscor\n|-damage|p2a: Gliscor|30\/100 tox\n|-unboost|p1a: Chi-Yu|spa|2\n|\n|-damage|p1a: Chi-Yu|0 fnt|[from] psn\n|faint|p1a: Chi-Yu\n|-heal|p2a: Gliscor|43\/100 tox|[from] ability: Poison Heal\n|upkeep\n|\n|t:|1698891506\n|switch|p1a: Shaymin|Shaymin-Sky, shiny|66\/100\n|turn|37\n|\n|t:|1698891515\n|switch|p2a: Slowking|Slowking-Galar, M|100\/100\n|move|p1a: Shaymin|Substitute|p1a: Shaymin\n|-start|p1a: Shaymin|Substitute\n|-damage|p1a: Shaymin|41\/100\n|\n|upkeep\n|turn|38\n|\n|t:|1698891524\n|move|p1a: Shaymin|Air Slash|p2a: Slowking\n|-damage|p2a: Slowking|64\/100\n|-damage|p1a: Shaymin|31\/100|[from] item: Life Orb\n|move|p2a: Slowking|Sludge Bomb|p1a: Shaymin\n|-supereffective|p1a: Shaymin\n|-end|p1a: Shaymin|Substitute\n|\n|-heal|p2a: Slowking|71\/100|[from] item: Leftovers\n|upkeep\n|turn|39\n|\n|t:|1698891531\n|-terastallize|p1a: Shaymin|Flying\n|move|p1a: Shaymin|Air Slash|p2a: Slowking\n|-damage|p2a: Slowking|19\/100\n|-damage|p1a: Shaymin|21\/100|[from] item: Life Orb\n|cant|p2a: Slowking|flinch\n|\n|-heal|p2a: Slowking|25\/100|[from] item: Leftovers\n|upkeep\n|turn|40\n|\n|t:|1698891539\n|move|p2a: Slowking|Protect|p2a: Slowking\n|-singleturn|p2a: Slowking|Protect\n|move|p1a: Shaymin|Air Slash|p2a: Slowking\n|-activate|p2a: Slowking|move: Protect\n|\n|-heal|p2a: Slowking|31\/100|[from] item: Leftovers\n|upkeep\n|turn|41\n|\n|t:|1698891546\n|switch|p2a: Gliscor|Gliscor, M|43\/100 tox\n|move|p1a: Shaymin|Air Slash|p2a: Gliscor\n|-damage|p2a: Gliscor|0 fnt\n|faint|p2a: Gliscor\n|-damage|p1a: Shaymin|11\/100|[from] item: Life Orb\n|\n|upkeep\n|\n|t:|1698891548\n|switch|p2a: Chi-Yu|Chi-Yu|9\/100\n|-ability|p2a: Chi-Yu|Beads of Ruin\n|turn|42\n|\n|t:|1698891553\n|move|p2a: Chi-Yu|Dark Pulse|p1a: Shaymin\n|-damage|p1a: Shaymin|0 fnt\n|faint|p1a: Shaymin\n|\n|upkeep\n|\n|t:|1698891554\n|switch|p1a: Giratina|Giratina, shiny|18\/100 par\n|-ability|p1a: Giratina|Pressure\n|turn|43\n|\n|t:|1698891557\n|move|p2a: Chi-Yu|Dark Pulse|p1a: Giratina\n|-supereffective|p1a: Giratina\n|-damage|p1a: Giratina|0 fnt\n|faint|p1a: Giratina\n|\n|win|Nerdiestyt\n|c|\u2606Nerdiestyt|gg\n|c|\u2606asdfqwerty123|gg\n|l|\u2606asdfqwerty123\n|l|\u2606Nerdiestyt\n|j| Laprasrules12\n|l| Laprasrules12\n|j| Laprasrules12\n|l| Laprasrules12\n|j|\u2606Nerdiestyt\n|player|p2|Nerdiestyt|266\n","uploadtime":1698892256,"views":30,"p1id":"asdfqwerty123","p2id":"nerdiestyt","formatid":"gen9ubers","rating":0,"private":0,"password":""}