{"id":"gen9ubers-2000009534","p1":"Ween Enjoyer","p2":"Shun Yi Kun","format":"[Gen 9] Ubers","log":"|j|\u2606Ween Enjoyer\n|j|\u2606Shun Yi Kun\n|t:|1701140707\n|gametype|singles\n|player|p1|Ween Enjoyer|clay|1344\n|player|p2|Shun Yi Kun|hilbert|1284\n|teamsize|p1|6\n|teamsize|p2|6\n|gen|9\n|tier|[Gen 9] Ubers\n|rated|\n|rule|Sleep Clause Mod: Limit one foe put to sleep\n|rule|Species Clause: Limit one of each Pok\u00e9mon\n|rule|OHKO Clause: OHKO moves are banned\n|rule|Evasion Items Clause: Evasion items are banned\n|rule|Evasion Moves Clause: Evasion moves are banned\n|rule|Endless Battle Clause: Forcing endless battles is banned\n|rule|HP Percentage Mod: HP is shown in percentages\n|clearpoke\n|poke|p1|Koraidon|\n|poke|p1|Arceus-Ground|\n|poke|p1|Zacian-*|\n|poke|p1|Ting-Lu|\n|poke|p1|Flutter Mane|\n|poke|p1|Groudon|\n|poke|p2|Sneasler, M|\n|poke|p2|Gliscor, M|\n|poke|p2|Miraidon|\n|poke|p2|Zacian-*|\n|poke|p2|Giratina-Origin|\n|poke|p2|Arceus-Water|\n|teampreview\n|inactive|Battle timer is ON: inactive players will automatically lose when time's up. (requested by Shun Yi Kun)\n|\n|t:|1701140715\n|start\n|switch|p1a: Ting-Lu|Ting-Lu|100\/100\n|switch|p2a: GLIISTARRR|Gliscor, M, shiny|100\/100\n|-ability|p1a: Ting-Lu|Vessel of Ruin\n|turn|1\n|c|\u2606Shun Yi Kun|!weak Ting-Lu\n|c| Shun Yi Kun|\/raw <div class=\"infobox\">Ting-Lu (ignoring abilities):<br \/><span class=\"message-effect-weak\">Weaknesses<\/span>: Bug, Fairy, Fighting, Grass, Ice, Water<br \/><span class=\"message-effect-resist\">Resistances<\/span>: Dark, Ghost, Poison, Rock<br \/><span class=\"message-effect-immune\">Immunities<\/span>: Electric, Psychic, Prankster, Sandstorm damage<\/div>\n|\n|t:|1701140740\n|move|p2a: GLIISTARRR|Toxic|p1a: Ting-Lu\n|-status|p1a: Ting-Lu|tox\n|move|p1a: Ting-Lu|Whirlwind|p2a: GLIISTARRR\n|drag|p2a: Miraidon|Miraidon|100\/100\n|-fieldstart|move: Electric Terrain|[from] ability: Hadron Engine|[of] p2a: Miraidon\n|\n|-damage|p1a: Ting-Lu|94\/100 tox|[from] psn\n|upkeep\n|turn|2\n|\n|t:|1701140749\n|switch|p2a: GLIISTARRR|Gliscor, M, shiny|100\/100\n|move|p1a: Ting-Lu|Stealth Rock|p2a: GLIISTARRR\n|-sidestart|p2: Shun Yi Kun|move: Stealth Rock\n|\n|-heal|p1a: Ting-Lu|100\/100 tox|[from] item: Leftovers\n|-damage|p1a: Ting-Lu|88\/100 tox|[from] psn\n|-status|p2a: GLIISTARRR|tox|[from] item: Toxic Orb\n|upkeep\n|turn|3\n|\n|t:|1701140762\n|move|p2a: GLIISTARRR|Taunt|p1a: Ting-Lu\n|-start|p1a: Ting-Lu|move: Taunt\n|cant|p1a: Ting-Lu|move: Taunt|Whirlwind\n|\n|-heal|p1a: Ting-Lu|94\/100 tox|[from] item: Leftovers\n|-damage|p1a: Ting-Lu|76\/100 tox|[from] psn\n|upkeep\n|turn|4\n|\n|t:|1701140782\n|move|p2a: GLIISTARRR|Earthquake|p1a: Ting-Lu\n|-damage|p1a: Ting-Lu|57\/100 tox\n|move|p1a: Ting-Lu|Ruination|p2a: GLIISTARRR\n|-damage|p2a: GLIISTARRR|50\/100 tox\n|\n|-heal|p1a: Ting-Lu|63\/100 tox|[from] item: Leftovers\n|-heal|p2a: GLIISTARRR|63\/100 tox|[from] ability: Poison Heal\n|-damage|p1a: Ting-Lu|38\/100 tox|[from] psn\n|upkeep\n|turn|5\n|\n|t:|1701140793\n|switch|p2a: Arceus|Arceus-Water|100\/100\n|-damage|p2a: Arceus|88\/100|[from] Stealth Rock\n|switch|p1a: Groudon|Groudon|100\/100\n|-weather|SunnyDay|[from] ability: Drought|[of] p1a: Groudon\n|\n|-weather|SunnyDay|[upkeep]\n|-fieldend|move: Electric Terrain\n|upkeep\n|turn|6\n|\n|t:|1701140798\n|move|p2a: Arceus|Calm Mind|p2a: Arceus\n|-boost|p2a: Arceus|spa|1\n|-boost|p2a: Arceus|spd|1\n|move|p1a: Groudon|Will-O-Wisp|p2a: Arceus\n|-status|p2a: Arceus|brn\n|\n|-weather|SunnyDay|[upkeep]\n|-damage|p2a: Arceus|82\/100 brn|[from] brn\n|upkeep\n|turn|7\n|\n|t:|1701140802\n|move|p2a: Arceus|Calm Mind|p2a: Arceus\n|-boost|p2a: Arceus|spa|1\n|-boost|p2a: Arceus|spd|1\n|move|p1a: Groudon|Precipice Blades|p2a: Arceus\n|-damage|p2a: Arceus|52\/100 brn\n|\n|-weather|SunnyDay|[upkeep]\n|-damage|p2a: Arceus|46\/100 brn|[from] brn\n|upkeep\n|turn|8\n|\n|t:|1701140811\n|move|p2a: Arceus|Recover|p2a: Arceus\n|-heal|p2a: Arceus|96\/100 brn\n|move|p1a: Groudon|Precipice Blades|p2a: Arceus\n|-damage|p2a: Arceus|64\/100 brn\n|\n|-weather|SunnyDay|[upkeep]\n|-damage|p2a: Arceus|58\/100 brn|[from] brn\n|upkeep\n|turn|9\n|\n|t:|1701140814\n|move|p2a: Arceus|Judgment|p1a: Groudon\n|-supereffective|p1a: Groudon\n|-damage|p1a: Groudon|15\/100\n|move|p1a: Groudon|Spikes|p2a: Arceus\n|-sidestart|p2: Shun Yi Kun|Spikes\n|\n|-weather|none\n|-heal|p1a: Groudon|21\/100|[from] item: Leftovers\n|-damage|p2a: Arceus|52\/100 brn|[from] brn\n|upkeep\n|turn|10\n|\n|t:|1701140824\n|switch|p1a: Koraidon|Koraidon|100\/100\n|-weather|SunnyDay|[from] ability: Orichalcum Pulse|[of] p1a: Koraidon\n|-activate|p1a: Koraidon|Orichalcum Pulse|[source]\n|move|p2a: Arceus|Judgment|p1a: Koraidon\n|-resisted|p1a: Koraidon\n|-damage|p1a: Koraidon|75\/100\n|\n|-weather|SunnyDay|[upkeep]\n|-damage|p2a: Arceus|46\/100 brn|[from] brn\n|upkeep\n|turn|11\n|\n|t:|1701140829\n|move|p1a: Koraidon|U-turn|p2a: Arceus\n|-damage|p2a: Arceus|19\/100 brn\n|\n|t:|1701140841\n|switch|p1a: Flutter Mane|Flutter Mane|100\/100|[from] U-turn\n|-activate|p1a: Flutter Mane|ability: Protosynthesis\n|-start|p1a: Flutter Mane|protosynthesisspe\n|move|p2a: Arceus|Ice Beam|p1a: Flutter Mane\n|-damage|p1a: Flutter Mane|50\/100\n|\n|-weather|SunnyDay|[upkeep]\n|-damage|p2a: Arceus|13\/100 brn|[from] brn\n|upkeep\n|turn|12\n|\n|t:|1701140848\n|move|p1a: Flutter Mane|Shadow Ball|p2a: Arceus\n|-damage|p2a: Arceus|0 fnt\n|faint|p2a: Arceus\n|\n|-weather|SunnyDay|[upkeep]\n|upkeep\n|\n|t:|1701140852\n|switch|p2a: Miraidon|Miraidon|100\/100\n|-damage|p2a: Miraidon|88\/100|[from] Stealth Rock\n|-damage|p2a: Miraidon|76\/100|[from] Spikes\n|-fieldstart|move: Electric Terrain|[from] ability: Hadron Engine|[of] p2a: Miraidon\n|turn|13\n|\n|t:|1701140859\n|-terastallize|p2a: Miraidon|Fairy\n|move|p1a: Flutter Mane|Shadow Ball|p2a: Miraidon\n|-crit|p2a: Miraidon\n|-damage|p2a: Miraidon|0 fnt\n|faint|p2a: Miraidon\n|\n|-weather|SunnyDay|[upkeep]\n|upkeep\n|\n|t:|1701140866\n|switch|p2a: LxR|Sneasler, M|100\/100\n|-damage|p2a: LxR|95\/100|[from] Stealth Rock\n|-damage|p2a: LxR|82\/100|[from] Spikes\n|-enditem|p2a: LxR|Electric Seed\n|-boost|p2a: LxR|def|1|[from] item: Electric Seed\n|turn|14\n|\n|t:|1701140871\n|move|p2a: LxR|Dire Claw|p1a: Flutter Mane\n|-damage|p1a: Flutter Mane|0 fnt\n|faint|p1a: Flutter Mane\n|-end|p1a: Flutter Mane|Protosynthesis|[silent]\n|\n|-weather|none\n|upkeep\n|\n|t:|1701140880\n|switch|p1a: Zacian|Zacian-Crowned|100\/100\n|-ability|p1a: Zacian|Intrepid Sword|boost\n|-boost|p1a: Zacian|atk|1\n|turn|15\n|\n|t:|1701140886\n|move|p2a: LxR|Dire Claw|p1a: Zacian\n|-immune|p1a: Zacian\n|move|p1a: Zacian|Behemoth Blade|p2a: LxR\n|-damage|p2a: LxR|0 fnt\n|faint|p2a: LxR\n|\n|upkeep\n|\n|t:|1701140891\n|switch|p2a: GLIISTARRR|Gliscor, M, shiny|63\/100 tox\n|-damage|p2a: GLIISTARRR|50\/100 tox|[from] Stealth Rock\n|turn|16\n|\n|t:|1701140895\n|move|p2a: GLIISTARRR|Protect|p2a: GLIISTARRR\n|-singleturn|p2a: GLIISTARRR|Protect\n|move|p1a: Zacian|Swords Dance|p1a: Zacian\n|-boost|p1a: Zacian|atk|2\n|\n|-heal|p2a: GLIISTARRR|63\/100 tox|[from] ability: Poison Heal\n|upkeep\n|turn|17\n|\n|t:|1701140901\n|move|p2a: GLIISTARRR|Protect||[still]\n|-fail|p2a: GLIISTARRR\n|move|p1a: Zacian|Behemoth Blade|p2a: GLIISTARRR\n|-damage|p2a: GLIISTARRR|0 fnt\n|faint|p2a: GLIISTARRR\n|\n|-fieldend|move: Electric Terrain\n|upkeep\n|\n|t:|1701140904\n|switch|p2a: Giratina|Giratina-Origin, shiny|100\/100\n|-damage|p2a: Giratina|88\/100|[from] Stealth Rock\n|turn|18\n|\n|t:|1701140914\n|move|p1a: Zacian|Play Rough|p2a: Giratina\n|-supereffective|p2a: Giratina\n|-damage|p2a: Giratina|0 fnt\n|faint|p2a: Giratina\n|\n|upkeep\n|\n|t:|1701140917\n|switch|p2a: Doggo|Zacian-Crowned, shiny|100\/100\n|-damage|p2a: Doggo|94\/100|[from] Stealth Rock\n|-damage|p2a: Doggo|82\/100|[from] Spikes\n|-ability|p2a: Doggo|Intrepid Sword|boost\n|-boost|p2a: Doggo|atk|1\n|turn|19\n|\n|t:|1701140925\n|move|p2a: Doggo|Behemoth Blade|p1a: Zacian\n|-damage|p1a: Zacian|16\/100\n|move|p1a: Zacian|Behemoth Blade|p2a: Doggo\n|-damage|p2a: Doggo|0 fnt\n|faint|p2a: Doggo\n|\n|win|Ween Enjoyer\n|raw|Ween Enjoyer's rating: 1344 &rarr; <strong>1361<\/strong><br \/>(+17 for winning)\n|raw|Shun Yi Kun's rating: 1284 &rarr; <strong>1263<\/strong><br \/>(-21 for losing)\n|l|\u2606Shun Yi Kun\n","uploadtime":1701141614,"views":4,"p1id":"weenenjoyer","p2id":"shunyikun","formatid":"gen9ubers","rating":1263,"private":0,"password":""}