{"id":"gen9ubers-1969843663","p1":"Dhdjdjd","p2":"Leo Justice","format":"[Gen 9] Ubers","log":"|j|\u2606Dhdjdjd\n|j|\u2606Leo Justice\n|t:|1697569687\n|gametype|singles\n|player|p1|Dhdjdjd|266|\n|player|p2|Leo Justice|carmine|\n|teamsize|p1|6\n|teamsize|p2|6\n|gen|9\n|tier|[Gen 9] Ubers\n|rule|Sleep Clause Mod: Limit one foe put to sleep\n|rule|Species Clause: Limit one of each Pok\u00e9mon\n|rule|OHKO Clause: OHKO moves are banned\n|rule|Evasion Items Clause: Evasion items are banned\n|rule|Evasion Moves Clause: Evasion moves are banned\n|rule|Endless Battle Clause: Forcing endless battles is banned\n|rule|HP Percentage Mod: HP is shown in percentages\n|clearpoke\n|poke|p1|Shaymin-Sky|\n|poke|p1|Arceus-Ice|\n|poke|p1|Chi-Yu|\n|poke|p1|Urshifu-*, F|\n|poke|p1|Palkia-Origin|\n|poke|p1|Zacian-*|\n|poke|p2|Meowscarada, F|\n|poke|p2|Gholdengo|\n|poke|p2|Dialga|\n|poke|p2|Zacian-*|\n|poke|p2|Magearna|\n|poke|p2|Cyclizar, F|\n|teampreview\n|\n|t:|1697569703\n|start\n|switch|p1a: Shaymin|Shaymin-Sky|100\/100\n|switch|p2a: Meowscarada|Meowscarada, F|100\/100\n|turn|1\n|\n|t:|1697569720\n|switch|p2a: Dialga|Dialga|100\/100\n|-ability|p2a: Dialga|Pressure\n|move|p1a: Shaymin|Air Slash|p2a: Dialga\n|-resisted|p2a: Dialga\n|-damage|p2a: Dialga|86\/100\n|-damage|p1a: Shaymin|91\/100|[from] item: Life Orb\n|\n|-heal|p2a: Dialga|93\/100|[from] item: Leftovers\n|upkeep\n|turn|2\n|\n|t:|1697569733\n|switch|p1a: Chi-Yu|Chi-Yu|100\/100\n|-ability|p1a: Chi-Yu|Beads of Ruin\n|move|p2a: Dialga|Stealth Rock|p1a: Chi-Yu\n|-sidestart|p1: Dhdjdjd|move: Stealth Rock\n|\n|-heal|p2a: Dialga|99\/100|[from] item: Leftovers\n|upkeep\n|turn|3\n|\n|t:|1697569755\n|switch|p2a: Cyclizar|Cyclizar, F|100\/100\n|move|p1a: Chi-Yu|Dark Pulse|p2a: Cyclizar\n|-damage|p2a: Cyclizar|26\/100\n|\n|upkeep\n|turn|4\n|\n|t:|1697569762\n|move|p1a: Chi-Yu|Dark Pulse|p2a: Cyclizar\n|-damage|p2a: Cyclizar|0 fnt\n|faint|p2a: Cyclizar\n|\n|upkeep\n|\n|t:|1697569767\n|switch|p2a: Meowscarada|Meowscarada, F|100\/100\n|turn|5\n|\n|t:|1697569774\n|switch|p1a: Zacian|Zacian|100\/100\n|-damage|p1a: Zacian|88\/100|[from] Stealth Rock\n|-ability|p1a: Zacian|Intrepid Sword|boost\n|-boost|p1a: Zacian|atk|1\n|move|p2a: Meowscarada|Toxic Spikes|p1a: Zacian\n|-sidestart|p1: Dhdjdjd|move: Toxic Spikes\n|\n|upkeep\n|turn|6\n|\n|t:|1697569785\n|move|p1a: Zacian|Play Rough|p2a: Meowscarada\n|-supereffective|p2a: Meowscarada\n|-enditem|p2a: Meowscarada|Focus Sash\n|-damage|p2a: Meowscarada|1\/100\n|move|p2a: Meowscarada|Flower Trick|p1a: Zacian\n|-crit|p1a: Zacian\n|-damage|p1a: Zacian|16\/100\n|\n|upkeep\n|turn|7\n|\n|t:|1697569795\n|move|p1a: Zacian|Play Rough|p2a: Meowscarada|[miss]\n|-miss|p1a: Zacian|p2a: Meowscarada\n|move|p2a: Meowscarada|Flower Trick|p1a: Zacian\n|-crit|p1a: Zacian\n|-damage|p1a: Zacian|0 fnt\n|faint|p1a: Zacian\n|\n|upkeep\n|\n|t:|1697569820\n|switch|p1a: Chi-Yu|Chi-Yu|100\/100\n|-damage|p1a: Chi-Yu|76\/100|[from] Stealth Rock\n|-status|p1a: Chi-Yu|psn\n|-ability|p1a: Chi-Yu|Beads of Ruin\n|turn|8\n|\n|t:|1697569831\n|move|p1a: Chi-Yu|Dark Pulse|p2a: Meowscarada\n|-resisted|p2a: Meowscarada\n|-damage|p2a: Meowscarada|0 fnt\n|faint|p2a: Meowscarada\n|\n|-damage|p1a: Chi-Yu|63\/100 psn|[from] psn\n|upkeep\n|\n|t:|1697569846\n|switch|p2a: Magearna|Magearna|100\/100\n|turn|9\n|\n|t:|1697569853\n|switch|p1a: Arceus|Arceus-Ice|100\/100\n|-damage|p1a: Arceus|76\/100|[from] Stealth Rock\n|-status|p1a: Arceus|psn\n|move|p2a: Magearna|Spikes|p1a: Arceus\n|-sidestart|p1: Dhdjdjd|Spikes\n|\n|-damage|p1a: Arceus|63\/100 psn|[from] psn\n|upkeep\n|turn|10\n|\n|t:|1697569869\n|-terastallize|p1a: Arceus|Water\n|move|p1a: Arceus|Calm Mind|p1a: Arceus\n|-boost|p1a: Arceus|spa|1\n|-boost|p1a: Arceus|spd|1\n|move|p2a: Magearna|Flash Cannon|p1a: Arceus\n|-resisted|p1a: Arceus\n|-damage|p1a: Arceus|55\/100 psn\n|\n|-damage|p1a: Arceus|43\/100 psn|[from] psn\n|upkeep\n|turn|11\n|\n|t:|1697569880\n|switch|p2a: Dialga|Dialga|99\/100\n|-ability|p2a: Dialga|Pressure\n|move|p1a: Arceus|Recover|p1a: Arceus\n|-heal|p1a: Arceus|93\/100 psn\n|\n|-heal|p2a: Dialga|100\/100|[from] item: Leftovers\n|-damage|p1a: Arceus|80\/100 psn|[from] psn\n|upkeep\n|turn|12\n|\n|t:|1697569892\n|move|p1a: Arceus|Earth Power|p2a: Dialga\n|-supereffective|p2a: Dialga\n|-damage|p2a: Dialga|55\/100\n|move|p2a: Dialga|Roar|p1a: Arceus\n|drag|p1a: Palkia|Palkia-Origin|100\/100\n|-damage|p1a: Palkia|88\/100|[from] Stealth Rock\n|-status|p1a: Palkia|psn\n|-damage|p1a: Palkia|76\/100 psn|[from] Spikes\n|-ability|p1a: Palkia|Pressure\n|\n|-heal|p2a: Dialga|62\/100|[from] item: Leftovers\n|-damage|p1a: Palkia|63\/100 psn|[from] psn\n|upkeep\n|turn|13\n|\n|t:|1697569912\n|switch|p2a: Gholdengo|Gholdengo|100\/100\n|-item|p2a: Gholdengo|Air Balloon\n|move|p1a: Palkia|Spacial Rend|p2a: Gholdengo\n|-resisted|p2a: Gholdengo\n|-damage|p2a: Gholdengo|74\/100\n|-enditem|p2a: Gholdengo|Air Balloon\n|\n|-damage|p1a: Palkia|51\/100 psn|[from] psn\n|upkeep\n|turn|14\n|\n|t:|1697569930\n|move|p1a: Palkia|Surf|p2a: Gholdengo\n|-damage|p2a: Gholdengo|26\/100\n|move|p2a: Gholdengo|Recover|p2a: Gholdengo\n|-heal|p2a: Gholdengo|76\/100\n|\n|-damage|p1a: Palkia|38\/100 psn|[from] psn\n|upkeep\n|turn|15\n|\n|t:|1697569938\n|move|p1a: Palkia|Surf|p2a: Gholdengo\n|-damage|p2a: Gholdengo|29\/100\n|move|p2a: Gholdengo|Recover|p2a: Gholdengo\n|-heal|p2a: Gholdengo|79\/100\n|\n|-damage|p1a: Palkia|26\/100 psn|[from] psn\n|upkeep\n|turn|16\n|\n|t:|1697569954\n|switch|p1a: Urshifu|Urshifu, F|100\/100\n|-damage|p1a: Urshifu|94\/100|[from] Stealth Rock\n|-status|p1a: Urshifu|psn\n|-damage|p1a: Urshifu|82\/100 psn|[from] Spikes\n|move|p2a: Gholdengo|Shadow Ball|p1a: Urshifu\n|-resisted|p1a: Urshifu\n|-damage|p1a: Urshifu|52\/100 psn\n|\n|-damage|p1a: Urshifu|40\/100 psn|[from] psn\n|upkeep\n|turn|17\n|\n|t:|1697569966\n|switch|p2a: Magearna|Magearna|100\/100\n|move|p1a: Urshifu|Wicked Blow|p2a: Magearna\n|-resisted|p2a: Magearna\n|-crit|p2a: Magearna\n|-damage|p2a: Magearna|82\/100\n|\n|-heal|p2a: Magearna|88\/100|[from] item: Leftovers\n|-damage|p1a: Urshifu|27\/100 psn|[from] psn\n|upkeep\n|turn|18\n|\n|t:|1697569980\n|switch|p1a: Palkia|Palkia-Origin|26\/100 psn\n|-damage|p1a: Palkia|13\/100 psn|[from] Stealth Rock\n|-damage|p1a: Palkia|1\/100 psn|[from] Spikes\n|-ability|p1a: Palkia|Pressure\n|move|p2a: Magearna|Draining Kiss|p1a: Palkia\n|-supereffective|p1a: Palkia\n|-damage|p1a: Palkia|0 fnt\n|-heal|p2a: Magearna|88\/100|[from] drain|[of] p1a: Palkia\n|faint|p1a: Palkia\n|-ability|p2a: Magearna|Soul-Heart|boost\n|-boost|p2a: Magearna|spa|1\n|\n|-heal|p2a: Magearna|94\/100|[from] item: Leftovers\n|upkeep\n|\n|t:|1697569995\n|switch|p1a: Chi-Yu|Chi-Yu|63\/100 psn\n|-damage|p1a: Chi-Yu|39\/100 psn|[from] Stealth Rock\n|-damage|p1a: Chi-Yu|26\/100 psn|[from] Spikes\n|-ability|p1a: Chi-Yu|Beads of Ruin\n|turn|19\n|\n|t:|1697570003\n|-terastallize|p2a: Magearna|Water\n|move|p1a: Chi-Yu|Overheat|p2a: Magearna\n|-resisted|p2a: Magearna\n|-damage|p2a: Magearna|56\/100\n|-unboost|p1a: Chi-Yu|spa|2\n|move|p2a: Magearna|Draining Kiss|p1a: Chi-Yu\n|-damage|p1a: Chi-Yu|0 fnt\n|-heal|p2a: Magearna|69\/100|[from] drain|[of] p1a: Chi-Yu\n|faint|p1a: Chi-Yu\n|-ability|p2a: Magearna|Soul-Heart|boost\n|-boost|p2a: Magearna|spa|1\n|\n|-heal|p2a: Magearna|75\/100|[from] item: Leftovers\n|upkeep\n|\n|t:|1697570018\n|switch|p1a: Shaymin|Shaymin-Sky|91\/100\n|-damage|p1a: Shaymin|66\/100|[from] Stealth Rock\n|turn|20\n|\n|t:|1697570038\n|move|p1a: Shaymin|Earth Power|p2a: Magearna\n|-damage|p2a: Magearna|41\/100\n|-damage|p1a: Shaymin|56\/100|[from] item: Life Orb\n|move|p2a: Magearna|Ice Beam|p1a: Shaymin\n|-supereffective|p1a: Shaymin\n|-damage|p1a: Shaymin|0 fnt\n|faint|p1a: Shaymin\n|-ability|p2a: Magearna|Soul-Heart|boost\n|-boost|p2a: Magearna|spa|1\n|\n|-heal|p2a: Magearna|47\/100|[from] item: Leftovers\n|upkeep\n|\n|t:|1697570050\n|switch|p1a: Arceus|Arceus-Ice, tera:Water|80\/100 psn\n|-damage|p1a: Arceus|68\/100 psn|[from] Stealth Rock\n|-damage|p1a: Arceus|56\/100 psn|[from] Spikes\n|turn|21\n|\n|t:|1697570058\n|move|p1a: Arceus|Calm Mind|p1a: Arceus\n|-boost|p1a: Arceus|spa|1\n|-boost|p1a: Arceus|spd|1\n|move|p2a: Magearna|Draining Kiss|p1a: Arceus\n|-damage|p1a: Arceus|32\/100 psn\n|-heal|p2a: Magearna|68\/100|[from] drain|[of] p1a: Arceus\n|\n|-heal|p2a: Magearna|74\/100|[from] item: Leftovers\n|-damage|p1a: Arceus|19\/100 psn|[from] psn\n|upkeep\n|turn|22\n|\n|t:|1697570069\n|move|p1a: Arceus|Recover|p1a: Arceus\n|-heal|p1a: Arceus|70\/100 psn\n|move|p2a: Magearna|Draining Kiss|p1a: Arceus\n|-damage|p1a: Arceus|46\/100 psn\n|-heal|p2a: Magearna|96\/100|[from] drain|[of] p1a: Arceus\n|\n|-heal|p2a: Magearna|100\/100|[from] item: Leftovers\n|-damage|p1a: Arceus|33\/100 psn|[from] psn\n|upkeep\n|turn|23\n|\n|t:|1697570086\n|switch|p2a: Dialga|Dialga|62\/100\n|-ability|p2a: Dialga|Pressure\n|move|p1a: Arceus|Recover|p1a: Arceus\n|-heal|p1a: Arceus|83\/100 psn\n|\n|-heal|p2a: Dialga|68\/100|[from] item: Leftovers\n|-damage|p1a: Arceus|71\/100 psn|[from] psn\n|upkeep\n|turn|24\n|\n|t:|1697570097\n|move|p1a: Arceus|Earth Power|p2a: Dialga\n|-supereffective|p2a: Dialga\n|-damage|p2a: Dialga|24\/100\n|-unboost|p2a: Dialga|spd|1\n|move|p2a: Dialga|Draco Meteor|p1a: Arceus|[miss]\n|-miss|p2a: Dialga|p1a: Arceus\n|\n|-heal|p2a: Dialga|30\/100|[from] item: Leftovers\n|-damage|p1a: Arceus|59\/100 psn|[from] psn\n|upkeep\n|turn|25\n|\n|t:|1697570108\n|move|p1a: Arceus|Earth Power|p2a: Dialga\n|-supereffective|p2a: Dialga\n|-damage|p2a: Dialga|0 fnt\n|faint|p2a: Dialga\n|\n|-damage|p1a: Arceus|46\/100 psn|[from] psn\n|upkeep\n|\n|t:|1697570112\n|switch|p2a: Zacian|Zacian|100\/100\n|-ability|p2a: Zacian|Intrepid Sword|boost\n|-boost|p2a: Zacian|atk|1\n|turn|26\n|\n|t:|1697570119\n|move|p2a: Zacian|Play Rough|p1a: Arceus\n|-damage|p1a: Arceus|4\/100 psn\n|move|p1a: Arceus|Recover|p1a: Arceus\n|-heal|p1a: Arceus|54\/100 psn\n|\n|-damage|p1a: Arceus|42\/100 psn|[from] psn\n|upkeep\n|turn|27\n|\n|t:|1697570128\n|move|p2a: Zacian|Play Rough|p1a: Arceus\n|-damage|p1a: Arceus|0 fnt\n|faint|p1a: Arceus\n|\n|upkeep\n|\n|t:|1697570133\n|switch|p1a: Urshifu|Urshifu, F|27\/100 psn\n|-damage|p1a: Urshifu|21\/100 psn|[from] Stealth Rock\n|-damage|p1a: Urshifu|9\/100 psn|[from] Spikes\n|turn|28\n|\n|t:|1697570138\n|move|p1a: Urshifu|Iron Head|p2a: Zacian\n|-supereffective|p2a: Zacian\n|-damage|p2a: Zacian|52\/100\n|move|p2a: Zacian|Tera Blast|p1a: Urshifu\n|-damage|p1a: Urshifu|0 fnt\n|faint|p1a: Urshifu\n|\n|win|Leo Justice\n|c|\u2606Leo Justice|gg\n","uploadtime":1697570150,"views":24,"p1id":"dhdjdjd","p2id":"leojustice","formatid":"gen9ubers","rating":0,"private":0,"password":""}