{"id":"gen9ubers-1982234987","p1":"JCPenguin","p2":"sonicknight15","format":"[Gen 9] Ubers","log":"|j|\u2606JCPenguin\n|j|\u2606sonicknight15\n|t:|1698982520\n|gametype|singles\n|player|p1|JCPenguin|firebreather|\n|player|p2|sonicknight15|169|\n|teamsize|p1|6\n|teamsize|p2|6\n|gen|9\n|tier|[Gen 9] Ubers\n|rule|Sleep Clause Mod: Limit one foe put to sleep\n|rule|Species Clause: Limit one of each Pok\u00e9mon\n|rule|OHKO Clause: OHKO moves are banned\n|rule|Evasion Items Clause: Evasion items are banned\n|rule|Evasion Moves Clause: Evasion moves are banned\n|rule|Endless Battle Clause: Forcing endless battles is banned\n|rule|HP Percentage Mod: HP is shown in percentages\n|clearpoke\n|poke|p1|Torkoal, F|\n|poke|p1|Walking Wake|\n|poke|p1|Roaring Moon|\n|poke|p1|Brute Bonnet|\n|poke|p1|Eiscue, F|\n|poke|p1|Bellibolt, F|\n|poke|p2|Palafin, F|\n|poke|p2|Pelipper, M|\n|poke|p2|Ogerpon-Hearthflame, F|\n|poke|p2|Goodra, M|\n|poke|p2|Iron Moth|\n|poke|p2|Garganacl, F|\n|teampreview\n|\n|t:|1698982559\n|start\n|switch|p1a: Tortoise|Torkoal, F, shiny|100\/100\n|switch|p2a: Nancy|Palafin, F, shiny|100\/100\n|-weather|SunnyDay|[from] ability: Drought|[of] p1a: Tortoise\n|turn|1\n|\n|t:|1698982566\n|move|p2a: Nancy|Flip Turn|p1a: Tortoise\n|-supereffective|p1a: Tortoise\n|-damage|p1a: Tortoise|82\/100\n|\n|t:|1698982570\n|detailschange|p2a: Nancy|Palafin-Hero, F, shiny\n|switch|p2a: Lebowski|Pelipper, M|100\/100|[from] Flip Turn\n|-weather|RainDance|[from] ability: Drizzle|[of] p2a: Lebowski\n|move|p1a: Tortoise|Stealth Rock|p2a: Lebowski\n|-sidestart|p2: sonicknight15|move: Stealth Rock\n|\n|-weather|RainDance|[upkeep]\n|upkeep\n|turn|2\n|\n|t:|1698982585\n|move|p2a: Lebowski|Hurricane|p1a: Tortoise\n|-damage|p1a: Tortoise|35\/100\n|-start|p1a: Tortoise|confusion\n|-activate|p1a: Tortoise|confusion\n|move|p1a: Tortoise|Yawn|p2a: Lebowski\n|-start|p2a: Lebowski|move: Yawn|[of] p1a: Tortoise\n|\n|-weather|RainDance|[upkeep]\n|upkeep\n|turn|3\n|\n|t:|1698982601\n|switch|p1a: Frog|Bellibolt, F, shiny|100\/100\n|move|p2a: Lebowski|U-turn|p1a: Frog\n|-damage|p1a: Frog|95\/100\n|-start|p1a: Frog|Charge|U-turn|[from] ability: Electromorphosis\n|\n|t:|1698982609\n|switch|p2a: Fiona|Ogerpon-Hearthflame, F|100\/100|[from] U-turn\n|-damage|p2a: Fiona|76\/100|[from] Stealth Rock\n|-ability|p2a: Fiona|Mold Breaker\n|\n|-weather|RainDance|[upkeep]\n|upkeep\n|turn|4\n|\n|t:|1698982620\n|move|p2a: Fiona|Stomping Tantrum|p1a: Frog\n|-supereffective|p1a: Frog\n|-damage|p1a: Frog|60\/100\n|-start|p1a: Frog|Charge|Stomping Tantrum|[from] ability: Electromorphosis\n|move|p1a: Frog|Toxic|p2a: Fiona|[miss]\n|-miss|p1a: Frog|p2a: Fiona\n|\n|-weather|RainDance|[upkeep]\n|upkeep\n|turn|5\n|\n|t:|1698982634\n|move|p2a: Fiona|Stomping Tantrum|p1a: Frog\n|-supereffective|p1a: Frog\n|-damage|p1a: Frog|25\/100\n|-start|p1a: Frog|Charge|Stomping Tantrum|[from] ability: Electromorphosis\n|move|p1a: Frog|Volt Switch|p2a: Fiona\n|-resisted|p2a: Fiona\n|-damage|p2a: Fiona|45\/100\n|-end|p1a: Frog|Charge|[silent]\n|\n|t:|1698982650\n|switch|p1a: Pterodactyl|Roaring Moon|100\/100|[from] Volt Switch\n|\n|-weather|RainDance|[upkeep]\n|upkeep\n|turn|6\n|\n|t:|1698982660\n|move|p1a: Pterodactyl|U-turn|p2a: Fiona\n|-damage|p2a: Fiona|0 fnt\n|faint|p2a: Fiona\n|\n|t:|1698982673\n|-end|p1a: Pterodactyl|Protosynthesis|[silent]\n|switch|p1a: Tortoise|Torkoal, F, shiny|35\/100|[from] U-turn\n|-weather|SunnyDay|[from] ability: Drought|[of] p1a: Tortoise\n|\n|-weather|SunnyDay|[upkeep]\n|upkeep\n|\n|t:|1698982678\n|switch|p2a: Lebowski|Pelipper, M|100\/100\n|-damage|p2a: Lebowski|76\/100|[from] Stealth Rock\n|-weather|RainDance|[from] ability: Drizzle|[of] p2a: Lebowski\n|turn|7\n|\n|t:|1698982692\n|switch|p1a: Velociraptor|Walking Wake|100\/100\n|move|p2a: Lebowski|Hurricane|p1a: Velociraptor\n|-damage|p1a: Velociraptor|59\/100\n|\n|-weather|RainDance|[upkeep]\n|upkeep\n|turn|8\n|\n|t:|1698982765\n|move|p1a: Velociraptor|Hydro Steam|p2a: Lebowski\n|-resisted|p2a: Lebowski\n|-damage|p2a: Lebowski|14\/100\n|move|p2a: Lebowski|Roost|p2a: Lebowski\n|-heal|p2a: Lebowski|64\/100\n|-singleturn|p2a: Lebowski|move: Roost\n|\n|-weather|RainDance|[upkeep]\n|upkeep\n|turn|9\n|\n|t:|1698982782\n|move|p1a: Velociraptor|Hydro Steam|p2a: Lebowski\n|-resisted|p2a: Lebowski\n|-damage|p2a: Lebowski|4\/100\n|move|p2a: Lebowski|Roost|p2a: Lebowski\n|-heal|p2a: Lebowski|54\/100\n|-singleturn|p2a: Lebowski|move: Roost\n|\n|-weather|RainDance|[upkeep]\n|upkeep\n|turn|10\n|\n|t:|1698982793\n|switch|p2a: Nancy|Palafin-Hero, F, shiny|100\/100\n|-damage|p2a: Nancy|88\/100|[from] Stealth Rock\n|-activate|p2a: Nancy|ability: Zero to Hero\n|move|p1a: Velociraptor|Hydro Steam|p2a: Nancy\n|-resisted|p2a: Nancy\n|-damage|p2a: Nancy|41\/100\n|\n|-weather|RainDance|[upkeep]\n|upkeep\n|turn|11\n|\n|t:|1698982804\n|move|p1a: Velociraptor|Hydro Steam|p2a: Nancy\n|-resisted|p2a: Nancy\n|-damage|p2a: Nancy|0 fnt\n|faint|p2a: Nancy\n|\n|-weather|RainDance|[upkeep]\n|upkeep\n|\n|t:|1698982812\n|switch|p2a: Flubber|Goodra, M|100\/100\n|-damage|p2a: Flubber|88\/100|[from] Stealth Rock\n|turn|12\n|\n|t:|1698982822\n|-end|p1a: Velociraptor|Protosynthesis|[silent]\n|switch|p1a: Mushroom|Brute Bonnet, shiny|100\/100\n|-terastallize|p2a: Flubber|Fairy\n|move|p2a: Flubber|Tera Blast|p1a: Mushroom|[anim] Tera Blast Fairy\n|-supereffective|p1a: Mushroom\n|-damage|p1a: Mushroom|28\/100\n|\n|-weather|RainDance|[upkeep]\n|-heal|p2a: Flubber|94\/100|[from] item: Leftovers\n|upkeep\n|turn|13\n|\n|t:|1698982868\n|-end|p1a: Mushroom|Protosynthesis|[silent]\n|switch|p1a: Frog|Bellibolt, F, shiny|25\/100\n|move|p2a: Flubber|Tera Blast|p1a: Frog|[anim] Tera Blast Fairy\n|-damage|p1a: Frog|0 fnt\n|faint|p1a: Frog\n|\n|-weather|RainDance|[upkeep]\n|-heal|p2a: Flubber|100\/100|[from] item: Leftovers\n|upkeep\n|\n|t:|1698982901\n|switch|p1a: Tortoise|Torkoal, F, shiny|35\/100\n|-weather|SunnyDay|[from] ability: Drought|[of] p1a: Tortoise\n|turn|14\n|\n|t:|1698982915\n|switch|p1a: Velociraptor|Walking Wake|59\/100\n|-activate|p1a: Velociraptor|ability: Protosynthesis\n|-start|p1a: Velociraptor|protosynthesisspe\n|move|p2a: Flubber|Weather Ball|p1a: Velociraptor\n|-resisted|p1a: Velociraptor\n|-damage|p1a: Velociraptor|45\/100\n|\n|-weather|SunnyDay|[upkeep]\n|upkeep\n|turn|15\n|\n|t:|1698982942\n|move|p1a: Velociraptor|Hydro Steam|p2a: Flubber\n|-damage|p2a: Flubber|46\/100\n|move|p2a: Flubber|Tera Blast|p1a: Velociraptor|[anim] Tera Blast Fairy\n|-supereffective|p1a: Velociraptor\n|-damage|p1a: Velociraptor|0 fnt\n|faint|p1a: Velociraptor\n|-end|p1a: Velociraptor|Protosynthesis|[silent]\n|\n|-weather|SunnyDay|[upkeep]\n|-heal|p2a: Flubber|52\/100|[from] item: Leftovers\n|upkeep\n|\n|t:|1698982961\n|switch|p1a: Pterodactyl|Roaring Moon|100\/100\n|-activate|p1a: Pterodactyl|ability: Protosynthesis\n|-start|p1a: Pterodactyl|protosynthesisspe\n|turn|16\n|\n|t:|1698982978\n|move|p1a: Pterodactyl|Earthquake|p2a: Flubber\n|-damage|p2a: Flubber|0 fnt\n|faint|p2a: Flubber\n|\n|-weather|SunnyDay|[upkeep]\n|upkeep\n|\n|t:|1698982988\n|switch|p2a: Philemon|Iron Moth, shiny|100\/100\n|-damage|p2a: Philemon|76\/100|[from] Stealth Rock\n|-enditem|p2a: Philemon|Booster Energy\n|-activate|p2a: Philemon|ability: Quark Drive|[fromitem]\n|-start|p2a: Philemon|quarkdrivespe\n|turn|17\n|\n|t:|1698982997\n|move|p1a: Pterodactyl|Earthquake|p2a: Philemon\n|-supereffective|p2a: Philemon\n|-damage|p2a: Philemon|0 fnt\n|faint|p2a: Philemon\n|-end|p2a: Philemon|Quark Drive|[silent]\n|\n|-weather|SunnyDay|[upkeep]\n|upkeep\n|\n|t:|1698983013\n|switch|p2a: Minecraft DK|Garganacl, F, shiny|100\/100\n|-damage|p2a: Minecraft DK|88\/100|[from] Stealth Rock\n|turn|18\n|\n|t:|1698983023\n|move|p1a: Pterodactyl|Earthquake|p2a: Minecraft DK\n|-supereffective|p2a: Minecraft DK\n|-damage|p2a: Minecraft DK|31\/100\n|move|p2a: Minecraft DK|Salt Cure|p1a: Pterodactyl\n|-damage|p1a: Pterodactyl|84\/100\n|-start|p1a: Pterodactyl|Salt Cure\n|\n|-weather|SunnyDay|[upkeep]\n|-heal|p2a: Minecraft DK|37\/100|[from] item: Leftovers\n|-damage|p1a: Pterodactyl|71\/100|[from] Salt Cure\n|upkeep\n|turn|19\n|\n|t:|1698983036\n|switch|p2a: Lebowski|Pelipper, M|54\/100\n|-damage|p2a: Lebowski|29\/100|[from] Stealth Rock\n|-weather|RainDance|[from] ability: Drizzle|[of] p2a: Lebowski\n|-end|p1a: Pterodactyl|Protosynthesis\n|move|p1a: Pterodactyl|Earthquake|p2a: Lebowski\n|-immune|p2a: Lebowski\n|\n|-weather|RainDance|[upkeep]\n|-damage|p1a: Pterodactyl|59\/100|[from] Salt Cure\n|upkeep\n|turn|20\n|\n|t:|1698983060\n|-end|p1a: Pterodactyl|Protosynthesis|[silent]\n|switch|p1a: Tortoise|Torkoal, F, shiny|35\/100\n|-weather|SunnyDay|[from] ability: Drought|[of] p1a: Tortoise\n|move|p2a: Lebowski|Hurricane|p1a: Tortoise|[miss]\n|-miss|p2a: Lebowski|p1a: Tortoise\n|\n|-weather|SunnyDay|[upkeep]\n|upkeep\n|turn|21\n|\n|t:|1698983078\n|move|p2a: Lebowski|Roost|p2a: Lebowski\n|-heal|p2a: Lebowski|79\/100\n|-singleturn|p2a: Lebowski|move: Roost\n|move|p1a: Tortoise|Yawn|p2a: Lebowski\n|-start|p2a: Lebowski|move: Yawn|[of] p1a: Tortoise\n|\n|-weather|SunnyDay|[upkeep]\n|upkeep\n|turn|22\n|\n|t:|1698983090\n|move|p2a: Lebowski|Surf|p1a: Tortoise\n|-supereffective|p1a: Tortoise\n|-damage|p1a: Tortoise|0 fnt\n|faint|p1a: Tortoise\n|\n|-weather|SunnyDay|[upkeep]\n|-end|p2a: Lebowski|move: Yawn|[silent]\n|-status|p2a: Lebowski|slp\n|upkeep\n|\n|t:|1698983098\n|switch|p1a: Mushroom|Brute Bonnet, shiny|28\/100\n|-activate|p1a: Mushroom|ability: Protosynthesis\n|-start|p1a: Mushroom|protosynthesisatk\n|turn|23\n|\n|t:|1698983104\n|move|p1a: Mushroom|Bullet Seed|p2a: Lebowski\n|-damage|p2a: Lebowski|66\/100 slp\n|-damage|p2a: Lebowski|52\/100 slp\n|-damage|p2a: Lebowski|38\/100 slp\n|-damage|p2a: Lebowski|23\/100 slp\n|-damage|p2a: Lebowski|10\/100 slp\n|-hitcount|p2a: Lebowski|5\n|cant|p2a: Lebowski|slp\n|\n|-weather|SunnyDay|[upkeep]\n|upkeep\n|turn|24\n|\n|t:|1698983114\n|move|p1a: Mushroom|Bullet Seed|p2a: Lebowski\n|-damage|p2a: Lebowski|0 fnt\n|faint|p2a: Lebowski\n|-hitcount|p2: Lebowski|1\n|\n|-weather|SunnyDay|[upkeep]\n|upkeep\n|\n|t:|1698983118\n|switch|p2a: Minecraft DK|Garganacl, F, shiny|37\/100\n|-damage|p2a: Minecraft DK|25\/100|[from] Stealth Rock\n|turn|25\n|\n|t:|1698983124\n|move|p1a: Mushroom|Bullet Seed|p2a: Minecraft DK\n|-supereffective|p2a: Minecraft DK\n|-damage|p2a: Minecraft DK|4\/100\n|-supereffective|p2a: Minecraft DK\n|-damage|p2a: Minecraft DK|0 fnt\n|faint|p2a: Minecraft DK\n|-hitcount|p2: Minecraft DK|2\n|\n|win|JCPenguin\n","uploadtime":1698983134,"views":35,"p1id":"jcpenguin","p2id":"sonicknight15","formatid":"gen9ubers","rating":0,"private":0,"password":""}