{"id":"gen9ubers-1979887650","p1":"aryanbolegave","p2":"la viuda alegre","format":"[Gen 9] Ubers","log":"|j|\u2606aryanbolegave\n|j|\u2606la viuda alegre\n|t:|1698724537\n|gametype|singles\n|player|p1|aryanbolegave|170|1075\n|player|p2|la viuda alegre|teacher|1108\n|teamsize|p1|6\n|teamsize|p2|6\n|gen|9\n|tier|[Gen 9] Ubers\n|rated|\n|rule|Sleep Clause Mod: Limit one foe put to sleep\n|rule|Species Clause: Limit one of each Pok\u00e9mon\n|rule|OHKO Clause: OHKO moves are banned\n|rule|Evasion Items Clause: Evasion items are banned\n|rule|Evasion Moves Clause: Evasion moves are banned\n|rule|Endless Battle Clause: Forcing endless battles is banned\n|rule|HP Percentage Mod: HP is shown in percentages\n|clearpoke\n|poke|p1|Pelipper, M|\n|poke|p1|Vaporeon, F|\n|poke|p1|Floatzel, F|\n|poke|p1|Clodsire, F|\n|poke|p1|Walking Wake|\n|poke|p1|Great Tusk|\n|poke|p2|Flutter Mane|\n|poke|p2|Grimmsnarl, M|\n|poke|p2|Arceus|\n|poke|p2|Miraidon|\n|poke|p2|Hatterene, F|\n|poke|p2|Quagsire, M|\n|teampreview\n|inactive|Battle timer is ON: inactive players will automatically lose when time's up. (requested by la viuda alegre)\n|\n|t:|1698724548\n|start\n|switch|p1a: Pelipper|Pelipper, M|100\/100\n|switch|p2a: rebotitos|Hatterene, F, shiny|100\/100\n|-weather|RainDance|[from] ability: Drizzle|[of] p1a: Pelipper\n|turn|1\n|\n|t:|1698724560\n|move|p1a: Pelipper|Knock Off|p2a: rebotitos\n|-damage|p2a: rebotitos|90\/100\n|-enditem|p2a: rebotitos|Choice Scarf|[from] move: Knock Off|[of] p1a: Pelipper\n|move|p2a: rebotitos|Trick|p1a: Pelipper\n|-activate|p2a: rebotitos|move: Trick|[of] p1a: Pelipper\n|-enditem|p1a: Pelipper|Damp Rock|[silent]|[from] move: Trick\n|-item|p2a: rebotitos|Damp Rock|[from] move: Trick\n|\n|-weather|RainDance|[upkeep]\n|upkeep\n|turn|2\n|\n|t:|1698724574\n|switch|p1a: Vaporeon|Vaporeon, F|100\/100\n|move|p2a: rebotitos|Nuzzle|p1a: Vaporeon\n|-supereffective|p1a: Vaporeon\n|-damage|p1a: Vaporeon|92\/100\n|-status|p1a: Vaporeon|par\n|\n|-weather|RainDance|[upkeep]\n|-activate|p1a: Vaporeon|ability: Hydration\n|-curestatus|p1a: Vaporeon|par|[msg]\n|-heal|p1a: Vaporeon|98\/100|[from] item: Leftovers\n|upkeep\n|turn|3\n|\n|t:|1698724589\n|move|p1a: Vaporeon|Surf|p2a: rebotitos\n|-damage|p2a: rebotitos|21\/100\n|move|p2a: rebotitos|Mystical Fire|p1a: Vaporeon\n|-resisted|p1a: Vaporeon\n|-crit|p1a: Vaporeon\n|-damage|p1a: Vaporeon|92\/100\n|-unboost|p1a: Vaporeon|spa|1\n|\n|-weather|RainDance|[upkeep]\n|-heal|p1a: Vaporeon|98\/100|[from] item: Leftovers\n|upkeep\n|turn|4\n|\n|t:|1698724601\n|switch|p2a: Quagsire|Quagsire, M|100\/100\n|move|p1a: Vaporeon|Surf|p2a: Quagsire\n|-damage|p2a: Quagsire|10\/100\n|\n|-weather|RainDance|[upkeep]\n|-heal|p1a: Vaporeon|100\/100|[from] item: Leftovers\n|-heal|p2a: Quagsire|16\/100|[from] item: Leftovers\n|upkeep\n|turn|5\n|\n|t:|1698724613\n|move|p1a: Vaporeon|Surf|p2a: Quagsire\n|-damage|p2a: Quagsire|0 fnt\n|faint|p2a: Quagsire\n|\n|-weather|RainDance|[upkeep]\n|upkeep\n|\n|t:|1698724620\n|switch|p2a: molestio|Grimmsnarl, M|100\/100\n|turn|6\n|\n|t:|1698724627\n|move|p2a: molestio|Light Screen|p2a: molestio\n|-sidestart|p2: la viuda alegre|move: Light Screen\n|move|p1a: Vaporeon|Surf|p2a: molestio\n|-damage|p2a: molestio|74\/100\n|\n|-weather|RainDance|[upkeep]\n|upkeep\n|turn|7\n|\n|t:|1698724640\n|move|p2a: molestio|Reflect|p2a: molestio\n|-sidestart|p2: la viuda alegre|Reflect\n|move|p1a: Vaporeon|Weather Ball|p2a: molestio\n|-damage|p2a: molestio|47\/100\n|\n|-weather|RainDance|[upkeep]\n|upkeep\n|turn|8\n|\n|t:|1698724651\n|move|p2a: molestio|Parting Shot|p1a: Vaporeon\n|-unboost|p1a: Vaporeon|atk|1\n|-unboost|p1a: Vaporeon|spa|1\n|\n|t:|1698724655\n|switch|p2a: no lo dejes crecer|Arceus|100\/100|[from] Parting Shot\n|move|p1a: Vaporeon|Weather Ball|p2a: no lo dejes crecer\n|-crit|p2a: no lo dejes crecer\n|-damage|p2a: no lo dejes crecer|16\/100\n|\n|-weather|none\n|upkeep\n|turn|9\n|\n|t:|1698724669\n|switch|p1a: Pelipper|Pelipper, M|100\/100\n|-weather|RainDance|[from] ability: Drizzle|[of] p1a: Pelipper\n|move|p2a: no lo dejes crecer|Recover|p2a: no lo dejes crecer\n|-heal|p2a: no lo dejes crecer|66\/100\n|\n|-weather|RainDance|[upkeep]\n|upkeep\n|turn|10\n|\n|t:|1698724692\n|move|p2a: no lo dejes crecer|Cosmic Power|p2a: no lo dejes crecer\n|-boost|p2a: no lo dejes crecer|def|1\n|-boost|p2a: no lo dejes crecer|spd|1\n|move|p1a: Pelipper|Knock Off|p2a: no lo dejes crecer\n|-damage|p2a: no lo dejes crecer|63\/100\n|-enditem|p2a: no lo dejes crecer|Weakness Policy|[from] move: Knock Off|[of] p1a: Pelipper\n|\n|-weather|RainDance|[upkeep]\n|upkeep\n|turn|11\n|\n|t:|1698724704\n|move|p2a: no lo dejes crecer|Cosmic Power|p2a: no lo dejes crecer\n|-boost|p2a: no lo dejes crecer|def|1\n|-boost|p2a: no lo dejes crecer|spd|1\n|move|p1a: Pelipper|U-turn|p2a: no lo dejes crecer\n|-damage|p2a: no lo dejes crecer|61\/100\n|\n|t:|1698724715\n|switch|p1a: Floatzel|Floatzel, F|100\/100|[from] U-turn\n|\n|-weather|RainDance|[upkeep]\n|upkeep\n|turn|12\n|\n|t:|1698724723\n|move|p1a: Floatzel|Wave Crash|p2a: no lo dejes crecer\n|-damage|p2a: no lo dejes crecer|35\/100\n|-damage|p1a: Floatzel|90\/100|[from] Recoil\n|move|p2a: no lo dejes crecer|Cosmic Power|p2a: no lo dejes crecer\n|-boost|p2a: no lo dejes crecer|def|1\n|-boost|p2a: no lo dejes crecer|spd|1\n|\n|-weather|RainDance|[upkeep]\n|upkeep\n|turn|13\n|\n|t:|1698724734\n|move|p1a: Floatzel|Wave Crash|p2a: no lo dejes crecer\n|-damage|p2a: no lo dejes crecer|15\/100\n|-damage|p1a: Floatzel|82\/100|[from] Recoil\n|move|p2a: no lo dejes crecer|Recover|p2a: no lo dejes crecer\n|-heal|p2a: no lo dejes crecer|65\/100\n|\n|-weather|none\n|-sideend|p2: la viuda alegre|move: Light Screen\n|upkeep\n|turn|14\n|\n|t:|1698724746\n|move|p2a: no lo dejes crecer|Cosmic Power|p2a: no lo dejes crecer\n|-boost|p2a: no lo dejes crecer|def|1\n|-boost|p2a: no lo dejes crecer|spd|1\n|move|p1a: Floatzel|Wave Crash|p2a: no lo dejes crecer\n|-damage|p2a: no lo dejes crecer|53\/100\n|-damage|p1a: Floatzel|77\/100|[from] Recoil\n|\n|-sideend|p2: la viuda alegre|Reflect\n|upkeep\n|turn|15\n|\n|t:|1698724759\n|switch|p1a: Pelipper|Pelipper, M|100\/100\n|-weather|RainDance|[from] ability: Drizzle|[of] p1a: Pelipper\n|move|p2a: no lo dejes crecer|Cosmic Power|p2a: no lo dejes crecer\n|-boost|p2a: no lo dejes crecer|def|1\n|-boost|p2a: no lo dejes crecer|spd|1\n|\n|-weather|RainDance|[upkeep]\n|upkeep\n|turn|16\n|\n|t:|1698724772\n|move|p2a: no lo dejes crecer|Recover|p2a: no lo dejes crecer\n|-heal|p2a: no lo dejes crecer|100\/100\n|move|p1a: Pelipper|U-turn|p2a: no lo dejes crecer\n|-damage|p2a: no lo dejes crecer|98\/100\n|\n|t:|1698724784\n|switch|p1a: Clodsire|Clodsire, F|100\/100|[from] U-turn\n|\n|-weather|RainDance|[upkeep]\n|upkeep\n|turn|17\n|\n|t:|1698724791\n|-terastallize|p2a: no lo dejes crecer|Poison\n|move|p2a: no lo dejes crecer|Stored Power|p1a: Clodsire\n|-supereffective|p1a: Clodsire\n|-damage|p1a: Clodsire|46\/100\n|move|p1a: Clodsire|Toxic|p2a: no lo dejes crecer\n|-immune|p2a: no lo dejes crecer\n|\n|-weather|RainDance|[upkeep]\n|-heal|p1a: Clodsire|52\/100|[from] item: Leftovers\n|upkeep\n|turn|18\n|\n|t:|1698724810\n|move|p2a: no lo dejes crecer|Cosmic Power|p2a: no lo dejes crecer\n|-boost|p2a: no lo dejes crecer|def|1\n|-boost|p2a: no lo dejes crecer|spd|1\n|move|p1a: Clodsire|Earthquake|p2a: no lo dejes crecer\n|-supereffective|p2a: no lo dejes crecer\n|-damage|p2a: no lo dejes crecer|55\/100\n|\n|-weather|RainDance|[upkeep]\n|-heal|p1a: Clodsire|59\/100|[from] item: Leftovers\n|upkeep\n|turn|19\n|\n|t:|1698724823\n|move|p2a: no lo dejes crecer|Stored Power|p1a: Clodsire\n|-supereffective|p1a: Clodsire\n|-damage|p1a: Clodsire|0 fnt\n|faint|p1a: Clodsire\n|\n|-weather|none\n|upkeep\n|inactive|aryanbolegave has 120 seconds left.\n|\n|t:|1698724834\n|switch|p1a: Pelipper|Pelipper, M|100\/100\n|-weather|RainDance|[from] ability: Drizzle|[of] p1a: Pelipper\n|turn|20\n|inactive|aryanbolegave has 120 seconds left.\n|\n|t:|1698724850\n|move|p2a: no lo dejes crecer|Recover|p2a: no lo dejes crecer\n|-heal|p2a: no lo dejes crecer|100\/100\n|move|p1a: Pelipper|U-turn|p2a: no lo dejes crecer\n|-resisted|p2a: no lo dejes crecer\n|-damage|p2a: no lo dejes crecer|99\/100\n|\n|t:|1698724863\n|switch|p1a: Great Tusk|Great Tusk|100\/100|[from] U-turn\n|\n|-weather|RainDance|[upkeep]\n|upkeep\n|turn|21\n|\n|t:|1698724874\n|move|p2a: no lo dejes crecer|Stored Power|p1a: Great Tusk\n|-supereffective|p1a: Great Tusk\n|-damage|p1a: Great Tusk|0 fnt\n|faint|p1a: Great Tusk\n|-end|p1a: Great Tusk|Protosynthesis|[silent]\n|\n|-weather|RainDance|[upkeep]\n|upkeep\n|\n|t:|1698724881\n|switch|p1a: Vaporeon|Vaporeon, F|100\/100\n|turn|22\n|\n|t:|1698724887\n|move|p2a: no lo dejes crecer|Extreme Speed|p1a: Vaporeon\n|-damage|p1a: Vaporeon|53\/100\n|move|p1a: Vaporeon|Surf|p2a: no lo dejes crecer\n|-damage|p2a: no lo dejes crecer|87\/100\n|\n|-weather|RainDance|[upkeep]\n|-heal|p1a: Vaporeon|59\/100|[from] item: Leftovers\n|upkeep\n|turn|23\n|inactive|aryanbolegave has 120 seconds left.\n|\n|t:|1698724911\n|move|p2a: no lo dejes crecer|Stored Power|p1a: Vaporeon\n|-damage|p1a: Vaporeon|10\/100\n|move|p1a: Vaporeon|Rest|p1a: Vaporeon\n|-status|p1a: Vaporeon|slp|[from] move: Rest\n|-heal|p1a: Vaporeon|100\/100 slp|[silent]\n|\n|-weather|RainDance|[upkeep]\n|-activate|p1a: Vaporeon|ability: Hydration\n|-curestatus|p1a: Vaporeon|slp|[msg]\n|upkeep\n|turn|24\n|\n|t:|1698724928\n|move|p2a: no lo dejes crecer|Stored Power|p1a: Vaporeon\n|-damage|p1a: Vaporeon|50\/100\n|move|p1a: Vaporeon|Weather Ball|p2a: no lo dejes crecer\n|-damage|p2a: no lo dejes crecer|72\/100\n|\n|-weather|none\n|-heal|p1a: Vaporeon|57\/100|[from] item: Leftovers\n|upkeep\n|turn|25\n|\n|t:|1698724943\n|switch|p1a: Pelipper|Pelipper, M|100\/100\n|-weather|RainDance|[from] ability: Drizzle|[of] p1a: Pelipper\n|move|p2a: no lo dejes crecer|Stored Power|p1a: Pelipper\n|-damage|p1a: Pelipper|13\/100\n|\n|-weather|RainDance|[upkeep]\n|upkeep\n|turn|26\n|\n|t:|1698724957\n|move|p2a: no lo dejes crecer|Extreme Speed|p1a: Pelipper\n|-damage|p1a: Pelipper|0 fnt\n|faint|p1a: Pelipper\n|\n|-weather|RainDance|[upkeep]\n|upkeep\n|\n|t:|1698724966\n|switch|p1a: Floatzel|Floatzel, F|77\/100\n|turn|27\n|\n|t:|1698724977\n|move|p2a: no lo dejes crecer|Extreme Speed|p1a: Floatzel\n|-damage|p1a: Floatzel|0 fnt\n|faint|p1a: Floatzel\n|\n|-weather|RainDance|[upkeep]\n|upkeep\n|\n|t:|1698724986\n|switch|p1a: Walking Wake|Walking Wake|100\/100\n|turn|28\n|\n|t:|1698724998\n|move|p1a: Walking Wake|Hydro Steam|p2a: no lo dejes crecer\n|-damage|p2a: no lo dejes crecer|60\/100\n|move|p2a: no lo dejes crecer|Stored Power|p1a: Walking Wake\n|-damage|p1a: Walking Wake|34\/100\n|\n|-weather|RainDance|[upkeep]\n|upkeep\n|turn|29\n|\n|t:|1698725011\n|move|p1a: Walking Wake|Hydro Steam|p2a: no lo dejes crecer\n|-damage|p2a: no lo dejes crecer|47\/100\n|move|p2a: no lo dejes crecer|Recover|p2a: no lo dejes crecer\n|-heal|p2a: no lo dejes crecer|97\/100\n|\n|-weather|none\n|upkeep\n|turn|30\n|\n|t:|1698725021\n|move|p2a: no lo dejes crecer|Extreme Speed|p1a: Walking Wake\n|-damage|p1a: Walking Wake|0 fnt\n|faint|p1a: Walking Wake\n|-end|p1a: Walking Wake|Protosynthesis|[silent]\n|\n|upkeep\n|\n|t:|1698725034\n|switch|p1a: Vaporeon|Vaporeon, F|57\/100\n|turn|31\n|\n|t:|1698725042\n|move|p2a: no lo dejes crecer|Stored Power|p1a: Vaporeon\n|-damage|p1a: Vaporeon|7\/100\n|move|p1a: Vaporeon|Weather Ball|p2a: no lo dejes crecer\n|-damage|p2a: no lo dejes crecer|93\/100\n|\n|-heal|p1a: Vaporeon|13\/100|[from] item: Leftovers\n|upkeep\n|turn|32\n|inactive|aryanbolegave has 90 seconds left.\n|\n|t:|1698725069\n|move|p2a: no lo dejes crecer|Extreme Speed|p1a: Vaporeon\n|-damage|p1a: Vaporeon|0 fnt\n|faint|p1a: Vaporeon\n|\n|win|la viuda alegre\n|raw|aryanbolegave's rating: 1075 &rarr; <strong>1053<\/strong><br \/>(-22 for losing)\n|raw|la viuda alegre's rating: 1068 &rarr; <strong>1098<\/strong><br \/>(+30 for winning)\n","uploadtime":1698725081,"views":14,"p1id":"aryanbolegave","p2id":"laviudaalegre","formatid":"gen9ubers","rating":1053,"private":0,"password":""}