{"id":"gen9ubers-1997635579","p1":"PSrandomname","p2":"RandomAnonimo123","format":"[Gen 9] Ubers","log":"|j|\u2606PSrandomname\n|j|\u2606RandomAnonimo123\n|t:|1700835786\n|gametype|singles\n|player|p1|PSrandomname|crasherwake|1017\n|player|p2|RandomAnonimo123|chuck|1051\n|teamsize|p1|6\n|teamsize|p2|6\n|gen|9\n|tier|[Gen 9] Ubers\n|rated|\n|rule|Sleep Clause Mod: Limit one foe put to sleep\n|rule|Species Clause: Limit one of each Pok\u00e9mon\n|rule|OHKO Clause: OHKO moves are banned\n|rule|Evasion Items Clause: Evasion items are banned\n|rule|Evasion Moves Clause: Evasion moves are banned\n|rule|Endless Battle Clause: Forcing endless battles is banned\n|rule|HP Percentage Mod: HP is shown in percentages\n|clearpoke\n|poke|p1|Baxcalibur, M|\n|poke|p1|Miraidon|\n|poke|p1|Zacian-*|\n|poke|p1|Arceus-Psychic|\n|poke|p1|Basculegion, M|\n|poke|p1|Sneasler, F|\n|poke|p2|Glimmora, M|\n|poke|p2|Ribombee, F|\n|poke|p2|Groudon|\n|poke|p2|Gholdengo|\n|poke|p2|Skeledirge, M|\n|poke|p2|Koraidon|\n|teampreview\n|\n|t:|1700835796\n|start\n|switch|p1a: Baxcalibur|Baxcalibur, M|100\/100\n|switch|p2a: Rebombaa|Ribombee, F|100\/100\n|turn|1\n|\n|t:|1700835804\n|move|p2a: Rebombaa|Quiver Dance|p2a: Rebombaa\n|-boost|p2a: Rebombaa|spa|1\n|-boost|p2a: Rebombaa|spd|1\n|-boost|p2a: Rebombaa|spe|1\n|move|p1a: Baxcalibur|Dragon Dance|p1a: Baxcalibur\n|-boost|p1a: Baxcalibur|atk|1\n|-boost|p1a: Baxcalibur|spe|1\n|\n|upkeep\n|turn|2\n|\n|t:|1700835817\n|-terastallize|p1a: Baxcalibur|Fairy\n|move|p2a: Rebombaa|Moonblast|p1a: Baxcalibur\n|-damage|p1a: Baxcalibur|40\/100\n|move|p1a: Baxcalibur|Icicle Spear|p2a: Rebombaa\n|-damage|p2a: Rebombaa|59\/100\n|-damage|p2a: Rebombaa|16\/100\n|-damage|p2a: Rebombaa|0 fnt\n|faint|p2a: Rebombaa\n|-hitcount|p2: Rebombaa|3\n|\n|upkeep\n|\n|t:|1700835821\n|switch|p2a: Skeledirge|Skeledirge, M|100\/100\n|turn|3\n|\n|t:|1700835842\n|move|p1a: Baxcalibur|Scale Shot|p2a: Skeledirge\n|-damage|p2a: Skeledirge|92\/100\n|-damage|p2a: Skeledirge|84\/100\n|-damage|p2a: Skeledirge|74\/100\n|-damage|p2a: Skeledirge|66\/100\n|-damage|p2a: Skeledirge|58\/100\n|-hitcount|p2a: Skeledirge|5\n|-unboost|p1a: Baxcalibur|def|1\n|-boost|p1a: Baxcalibur|spe|1\n|move|p2a: Skeledirge|Torch Song|p1a: Baxcalibur\n|-damage|p1a: Baxcalibur|6\/100\n|-boost|p2a: Skeledirge|spa|1\n|-ability|p1a: Baxcalibur|Thermal Exchange|boost\n|-boost|p1a: Baxcalibur|atk|1\n|\n|upkeep\n|turn|4\n|\n|t:|1700835849\n|move|p1a: Baxcalibur|Earthquake|p2a: Skeledirge\n|-supereffective|p2a: Skeledirge\n|-damage|p2a: Skeledirge|14\/100\n|move|p2a: Skeledirge|Slack Off|p2a: Skeledirge\n|-heal|p2a: Skeledirge|64\/100\n|\n|upkeep\n|turn|5\n|\n|t:|1700835856\n|move|p1a: Baxcalibur|Earthquake|p2a: Skeledirge\n|-supereffective|p2a: Skeledirge\n|-damage|p2a: Skeledirge|19\/100\n|move|p2a: Skeledirge|Slack Off|p2a: Skeledirge\n|-heal|p2a: Skeledirge|69\/100\n|\n|upkeep\n|turn|6\n|\n|t:|1700835866\n|move|p1a: Baxcalibur|Earthquake|p2a: Skeledirge\n|-supereffective|p2a: Skeledirge\n|-damage|p2a: Skeledirge|23\/100\n|move|p2a: Skeledirge|Torch Song|p1a: Baxcalibur\n|-damage|p1a: Baxcalibur|0 fnt\n|-boost|p2a: Skeledirge|spa|1\n|faint|p1a: Baxcalibur\n|\n|upkeep\n|\n|t:|1700835881\n|switch|p1a: Miraidon|Miraidon|100\/100\n|-fieldstart|move: Electric Terrain|[from] ability: Hadron Engine|[of] p1a: Miraidon\n|turn|7\n|\n|t:|1700835895\n|move|p1a: Miraidon|Electro Drift|p2a: Skeledirge\n|-damage|p2a: Skeledirge|0 fnt\n|faint|p2a: Skeledirge\n|\n|upkeep\n|\n|t:|1700835898\n|switch|p2a: Glimmora|Glimmora, M|100\/100\n|turn|8\n|\n|t:|1700835905\n|move|p1a: Miraidon|Flash Cannon|p2a: Glimmora\n|-supereffective|p2a: Glimmora\n|-damage|p2a: Glimmora|21\/100\n|move|p2a: Glimmora|Stealth Rock|p1a: Miraidon\n|-sidestart|p1: PSrandomname|move: Stealth Rock\n|\n|upkeep\n|turn|9\n|\n|t:|1700835910\n|move|p1a: Miraidon|Flash Cannon|p2a: Glimmora\n|-supereffective|p2a: Glimmora\n|-damage|p2a: Glimmora|0 fnt\n|faint|p2a: Glimmora\n|\n|upkeep\n|\n|t:|1700835912\n|switch|p2a: Groudon|Groudon|100\/100\n|-weather|SunnyDay|[from] ability: Drought|[of] p2a: Groudon\n|turn|10\n|\n|t:|1700835919\n|move|p1a: Miraidon|Dragon Pulse|p2a: Groudon\n|-damage|p2a: Groudon|47\/100\n|move|p2a: Groudon|Precipice Blades|p1a: Miraidon\n|-supereffective|p1a: Miraidon\n|-damage|p1a: Miraidon|0 fnt\n|faint|p1a: Miraidon\n|\n|-weather|SunnyDay|[upkeep]\n|-heal|p2a: Groudon|53\/100|[from] item: Leftovers\n|upkeep\n|\n|t:|1700835937\n|switch|p1a: Arceus|Arceus-Psychic|100\/100\n|-damage|p1a: Arceus|88\/100|[from] Stealth Rock\n|turn|11\n|\n|t:|1700835959\n|switch|p2a: Gholdengo|Gholdengo|100\/100\n|-item|p2a: Gholdengo|Air Balloon\n|move|p1a: Arceus|Judgment|p2a: Gholdengo\n|-resisted|p2a: Gholdengo\n|-damage|p2a: Gholdengo|64\/100\n|-enditem|p2a: Gholdengo|Air Balloon\n|\n|-weather|SunnyDay|[upkeep]\n|-fieldend|move: Electric Terrain\n|upkeep\n|turn|12\n|\n|t:|1700835968\n|move|p1a: Arceus|Flamethrower|p2a: Gholdengo\n|-supereffective|p2a: Gholdengo\n|-damage|p2a: Gholdengo|0 fnt\n|faint|p2a: Gholdengo\n|\n|-weather|SunnyDay|[upkeep]\n|upkeep\n|\n|t:|1700835970\n|switch|p2a: Koraidon|Koraidon|100\/100\n|-activate|p2a: Koraidon|ability: Orichalcum Pulse\n|turn|13\n|\n|t:|1700835988\n|-terastallize|p2a: Koraidon|Fire\n|move|p2a: Koraidon|Swords Dance|p2a: Koraidon\n|-boost|p2a: Koraidon|atk|2\n|move|p1a: Arceus|Judgment|p2a: Koraidon\n|-damage|p2a: Koraidon|46\/100\n|\n|-weather|SunnyDay|[upkeep]\n|upkeep\n|turn|14\n|\n|t:|1700835996\n|move|p2a: Koraidon|Scale Shot|p1a: Arceus\n|-damage|p1a: Arceus|59\/100\n|-damage|p1a: Arceus|34\/100\n|-damage|p1a: Arceus|5\/100\n|-damage|p1a: Arceus|0 fnt\n|faint|p1a: Arceus\n|-hitcount|p1: Arceus|4\n|-unboost|p2a: Koraidon|def|1\n|-boost|p2a: Koraidon|spe|1\n|\n|-weather|none\n|upkeep\n|\n|t:|1700836006\n|switch|p1a: Basculegion|Basculegion, M, shiny|100\/100\n|-damage|p1a: Basculegion|88\/100|[from] Stealth Rock\n|turn|15\n|\n|t:|1700836009\n|move|p1a: Basculegion|Aqua Jet|p2a: Koraidon\n|-supereffective|p2a: Koraidon\n|-damage|p2a: Koraidon|0 fnt\n|faint|p2a: Koraidon\n|\n|upkeep\n|-message|RandomAnonimo123 forfeited.\n|\n|win|PSrandomname\n|raw|PSrandomname's rating: 1017 &rarr; <strong>1058<\/strong><br \/>(+41 for winning)\n|raw|RandomAnonimo123's rating: 1051 &rarr; <strong>1032<\/strong><br \/>(-19 for losing)\n|l|\u2606RandomAnonimo123\n","uploadtime":1700836016,"views":4,"p1id":"psrandomname","p2id":"randomanonimo123","formatid":"gen9ubers","rating":1032,"private":0,"password":""}