{"id":"gen9ubers-1997476590","p1":"WeinerW0man","p2":"Silly_Femboy","format":"[Gen 9] Ubers","log":"|j|\u2606WeinerW0man\n|j|\u2606Silly_Femboy\n|t:|1700812106\n|gametype|singles\n|player|p1|WeinerW0man|viola|1220\n|player|p2|Silly_Femboy|2|1071\n|teamsize|p1|6\n|teamsize|p2|6\n|gen|9\n|tier|[Gen 9] Ubers\n|rated|\n|rule|Sleep Clause Mod: Limit one foe put to sleep\n|rule|Species Clause: Limit one of each Pok\u00e9mon\n|rule|OHKO Clause: OHKO moves are banned\n|rule|Evasion Items Clause: Evasion items are banned\n|rule|Evasion Moves Clause: Evasion moves are banned\n|rule|Endless Battle Clause: Forcing endless battles is banned\n|rule|HP Percentage Mod: HP is shown in percentages\n|clearpoke\n|poke|p1|Ursaluna-Bloodmoon, M|\n|poke|p1|Zacian-*|\n|poke|p1|Arceus-Water|\n|poke|p1|Flutter Mane|\n|poke|p1|Mewtwo|\n|poke|p1|Koraidon|\n|poke|p2|Carkol, F|\n|poke|p2|Maushold-Four|\n|poke|p2|Jumpluff, M|\n|poke|p2|Slaking, F|\n|poke|p2|Cutiefly, F|\n|poke|p2|Vaporeon, F|\n|teampreview\n|c|\u2606WeinerW0man|I'm scared\n|c|\u2606Silly_Femboy|tee-hee\n|\n|t:|1700812125\n|start\n|switch|p1a: Koraidon|Koraidon|100\/100\n|switch|p2a: Did you know|Vaporeon, F|100\/100\n|-weather|SunnyDay|[from] ability: Orichalcum Pulse|[of] p1a: Koraidon\n|-activate|p1a: Koraidon|Orichalcum Pulse|[source]\n|turn|1\n|\n|t:|1700812147\n|move|p1a: Koraidon|Collision Course|p2a: Did you know\n|-damage|p2a: Did you know|0 fnt\n|faint|p2a: Did you know\n|\n|-weather|SunnyDay|[upkeep]\n|upkeep\n|\n|t:|1700812158\n|switch|p2a: Touch-Grass|Jumpluff, M|100\/100\n|turn|2\n|\n|t:|1700812164\n|switch|p1a: Mewtwo|Mewtwo|100\/100\n|-ability|p1a: Mewtwo|Pressure\n|move|p2a: Touch-Grass|Sleep Powder|p1a: Mewtwo\n|-status|p1a: Mewtwo|slp|[from] move: Sleep Powder\n|\n|-weather|SunnyDay|[upkeep]\n|upkeep\n|turn|3\n|\n|t:|1700812177\n|switch|p1a: Koraidon|Koraidon|100\/100\n|-activate|p1a: Koraidon|ability: Orichalcum Pulse\n|move|p2a: Touch-Grass|Swords Dance|p2a: Touch-Grass\n|-boost|p2a: Touch-Grass|atk|2\n|\n|-weather|SunnyDay|[upkeep]\n|upkeep\n|turn|4\n|\n|t:|1700812187\n|move|p2a: Touch-Grass|Seed Bomb|p1a: Koraidon\n|-resisted|p1a: Koraidon\n|-damage|p1a: Koraidon|77\/100\n|move|p1a: Koraidon|Flare Blitz|p2a: Touch-Grass\n|-supereffective|p2a: Touch-Grass\n|-enditem|p2a: Touch-Grass|Focus Sash\n|-damage|p2a: Touch-Grass|1\/100\n|-damage|p1a: Koraidon|49\/100|[from] Recoil\n|\n|-weather|SunnyDay|[upkeep]\n|upkeep\n|turn|5\n|\n|t:|1700812200\n|switch|p2a: Princess|Carkol, F|100\/100\n|move|p1a: Koraidon|Flare Blitz|p2a: Princess\n|-start|p2a: Princess|ability: Flash Fire\n|\n|-weather|none\n|upkeep\n|turn|6\n|\n|t:|1700812212\n|switch|p1a: Arceus|Arceus-Water|100\/100\n|move|p2a: Princess|Rock Blast|p1a: Arceus\n|-damage|p1a: Arceus|97\/100\n|-damage|p1a: Arceus|94\/100\n|-hitcount|p1a: Arceus|2\n|\n|upkeep\n|turn|7\n|\n|t:|1700812221\n|-end|p2a: Princess|ability: Flash Fire|[silent]\n|switch|p2a: 18 wheeler|Slaking, F|100\/100\n|move|p1a: Arceus|Judgment|p2a: 18 wheeler\n|-damage|p2a: 18 wheeler|57\/100\n|\n|upkeep\n|turn|8\n|\n|t:|1700812231\n|move|p1a: Arceus|Will-O-Wisp|p2a: 18 wheeler\n|-status|p2a: 18 wheeler|brn\n|move|p2a: 18 wheeler|Play Rough|p1a: Arceus\n|-damage|p1a: Arceus|79\/100\n|-damage|p2a: 18 wheeler|47\/100 brn|[from] item: Life Orb\n|\n|-damage|p2a: 18 wheeler|41\/100 brn|[from] brn\n|upkeep\n|turn|9\n|\n|t:|1700812241\n|switch|p2a: Princess|Carkol, F|100\/100\n|move|p1a: Arceus|Judgment|p2a: Princess\n|-supereffective|p2a: Princess\n|-enditem|p2a: Princess|Focus Sash\n|-damage|p2a: Princess|1\/100\n|\n|upkeep\n|turn|10\n|\n|t:|1700812252\n|move|p1a: Arceus|Ice Beam|p2a: Princess\n|-resisted|p2a: Princess\n|-damage|p2a: Princess|0 fnt\n|faint|p2a: Princess\n|\n|upkeep\n|\n|t:|1700812257\n|switch|p2a: Familly-of-Four|Maushold-Four|100\/100\n|turn|11\n|\n|t:|1700812261\n|move|p1a: Arceus|Will-O-Wisp|p2a: Familly-of-Four\n|-status|p2a: Familly-of-Four|brn\n|move|p2a: Familly-of-Four|Population Bomb|p1a: Arceus\n|-damage|p1a: Arceus|77\/100\n|-damage|p1a: Arceus|74\/100\n|-damage|p1a: Arceus|72\/100\n|-damage|p1a: Arceus|70\/100\n|-damage|p1a: Arceus|67\/100\n|-damage|p1a: Arceus|65\/100\n|-damage|p1a: Arceus|62\/100\n|-damage|p1a: Arceus|60\/100\n|-damage|p1a: Arceus|58\/100\n|-damage|p1a: Arceus|55\/100\n|-hitcount|p1a: Arceus|10\n|\n|-damage|p2a: Familly-of-Four|94\/100 brn|[from] brn\n|upkeep\n|turn|12\n|\n|t:|1700812282\n|switch|p2a: 18 wheeler|Slaking, F|41\/100 brn\n|move|p1a: Arceus|Recover|p1a: Arceus\n|-heal|p1a: Arceus|100\/100\n|\n|-damage|p2a: 18 wheeler|35\/100 brn|[from] brn\n|upkeep\n|turn|13\n|\n|t:|1700812290\n|move|p1a: Arceus|Judgment|p2a: 18 wheeler\n|-damage|p2a: 18 wheeler|0 fnt\n|faint|p2a: 18 wheeler\n|\n|upkeep\n|\n|t:|1700812300\n|switch|p2a: Touch-Grass|Jumpluff, M|1\/100\n|turn|14\n|\n|t:|1700812308\n|move|p1a: Arceus|Ice Beam|p2a: Touch-Grass\n|-supereffective|p2a: Touch-Grass\n|-damage|p2a: Touch-Grass|0 fnt\n|faint|p2a: Touch-Grass\n|\n|upkeep\n|\n|t:|1700812312\n|switch|p2a: Bee :3|Cutiefly, F|100\/100\n|turn|15\n|\n|t:|1700812319\n|move|p1a: Arceus|Judgment|p2a: Bee :3\n|-damage|p2a: Bee :3|0 fnt\n|faint|p2a: Bee :3\n|\n|upkeep\n|\n|t:|1700812324\n|switch|p2a: Familly-of-Four|Maushold-Four|94\/100 brn\n|turn|16\n|c|\u2606WeinerW0man|Gg\n|\n|t:|1700812332\n|move|p1a: Arceus|Judgment|p2a: Familly-of-Four\n|-damage|p2a: Familly-of-Four|26\/100 brn\n|-enditem|p2a: Familly-of-Four|Sitrus Berry|[eat]\n|-heal|p2a: Familly-of-Four|51\/100 brn|[from] item: Sitrus Berry\n|-heal|p2a: Familly-of-Four|84\/100 brn|[from] ability: Cheek Pouch\n|move|p2a: Familly-of-Four|Tidy Up|p2a: Familly-of-Four\n|-boost|p2a: Familly-of-Four|atk|1\n|-boost|p2a: Familly-of-Four|spe|1\n|\n|-damage|p2a: Familly-of-Four|78\/100 brn|[from] brn\n|upkeep\n|turn|17\n|c|\u2606Silly_Femboy|Yep, gg\n|\n|t:|1700812344\n|move|p2a: Familly-of-Four|Population Bomb|p1a: Arceus\n|-damage|p1a: Arceus|97\/100\n|-damage|p1a: Arceus|94\/100\n|-damage|p1a: Arceus|90\/100\n|-hitcount|p1a: Arceus|3\n|move|p1a: Arceus|Judgment|p2a: Familly-of-Four\n|-damage|p2a: Familly-of-Four|1\/100 brn\n|\n|-damage|p2a: Familly-of-Four|0 fnt|[from] brn\n|faint|p2a: Familly-of-Four\n|\n|win|WeinerW0man\n|upkeep\n|raw|WeinerW0man's rating: 1188 &rarr; <strong>1205<\/strong><br \/>(+17 for winning)\n|raw|Silly_Femboy's rating: 1071 &rarr; <strong>1057<\/strong><br \/>(-14 for losing)\n|l|\u2606Silly_Femboy\n","uploadtime":1700812365,"views":4,"p1id":"weinerw0man","p2id":"sillyfemboy","formatid":"gen9ubers","rating":1057,"private":0,"password":""}