{"id":"gen9ubers-1993715713","p1":"kayjulers","p2":"Durandral","format":"[Gen 9] Ubers","log":"|j|\u2606kayjulers\n|j|\u2606Durandral\n|t:|1700348784\n|gametype|singles\n|player|p1|kayjulers|2|\n|player|p2|Durandral|170|\n|teamsize|p1|6\n|teamsize|p2|6\n|gen|9\n|tier|[Gen 9] Ubers\n|rule|Sleep Clause Mod: Limit one foe put to sleep\n|rule|Species Clause: Limit one of each Pok\u00e9mon\n|rule|OHKO Clause: OHKO moves are banned\n|rule|Evasion Items Clause: Evasion items are banned\n|rule|Evasion Moves Clause: Evasion moves are banned\n|rule|Endless Battle Clause: Forcing endless battles is banned\n|rule|HP Percentage Mod: HP is shown in percentages\n|clearpoke\n|poke|p1|Ogerpon-Wellspring, F|\n|poke|p1|Skeledirge, F|\n|poke|p1|Basculegion-F, F|\n|poke|p1|Weezing-Galar, M|\n|poke|p1|Politoed, M|\n|poke|p1|Donphan, F|\n|poke|p2|Dragonite, M|\n|poke|p2|Regieleki|\n|poke|p2|Dondozo, F|\n|poke|p2|Ninetales, M|\n|poke|p2|Wo-Chien|\n|poke|p2|Regidrago|\n|teampreview\n|c|\u2606kayjulers|hf my guy\n|c|\u2606Durandral|glhf\n|c|\u2606Durandral|same to you. faster you beat me, faster you get back to super mario rpg\n|c|\u2606Durandral|i need to get that at some point\n|c|\u2606kayjulers|I actually haven't started it yet haha\n|c|\u2606kayjulers|I probably won't until I finish this semester on Dec. 3rd\n|c|\u2606Durandral|this is the wrost timeline\n|c|\u2606kayjulers|My brother got me it as a gift, so I just picked it up\n|c|\u2606Durandral|i look forward to when you have a better schedule\n|c|\u2606kayjulers|Same lol\n|\n|t:|1700348878\n|start\n|switch|p1a: Doug Dimmadome|Weezing-Galar, M|100\/100\n|switch|p2a: Regieleki|Regieleki|100\/100\n|turn|1\n|c|\u2606Durandral|this thing is a big ol question mark for me lol\n|c|\u2606kayjulers|What's there to get? He's Doug Dimmadome, owner of the Dimmsdale Dimmadome.\n|\n|t:|1700349038\n|switch|p1a: Sizable Tusk|Donphan, F|100\/100\n|move|p2a: Regieleki|Volt Switch|p1a: Sizable Tusk\n|-immune|p1a: Sizable Tusk\n|\n|upkeep\n|turn|2\n|\n|t:|1700349047\n|switch|p2a: Wo-Chien|Wo-Chien|100\/100\n|-ability|p2a: Wo-Chien|Tablets of Ruin\n|move|p1a: Sizable Tusk|Stealth Rock|p2a: Wo-Chien\n|-sidestart|p2: Durandral|move: Stealth Rock\n|\n|upkeep\n|turn|3\n|\n|t:|1700349055\n|switch|p1a: Doug Dimmadome|Weezing-Galar, M|100\/100\n|move|p2a: Wo-Chien|Leech Seed|p1a: Doug Dimmadome\n|-start|p1a: Doug Dimmadome|move: Leech Seed\n|\n|-damage|p1a: Doug Dimmadome|88\/100|[from] Leech Seed|[of] p2a: Wo-Chien\n|upkeep\n|turn|4\n|\n|t:|1700349061\n|move|p2a: Wo-Chien|Knock Off|p1a: Doug Dimmadome\n|-resisted|p1a: Doug Dimmadome\n|-damage|p1a: Doug Dimmadome|79\/100\n|-enditem|p1a: Doug Dimmadome|Black Sludge|[from] move: Knock Off|[of] p2a: Wo-Chien\n|move|p1a: Doug Dimmadome|Strange Steam|p2a: Wo-Chien\n|-supereffective|p2a: Wo-Chien\n|-damage|p2a: Wo-Chien|71\/100\n|\n|-heal|p2a: Wo-Chien|77\/100|[from] item: Leftovers\n|-damage|p1a: Doug Dimmadome|67\/100|[from] Leech Seed|[of] p2a: Wo-Chien\n|-heal|p2a: Wo-Chien|88\/100|[silent]\n|upkeep\n|turn|5\n|c|\u2606Durandral|insert wo-chien reaction here\n|\n|t:|1700349085\n|switch|p1a: Chip da Ripper|Skeledirge, F|100\/100\n|move|p2a: Wo-Chien|Knock Off|p1a: Chip da Ripper\n|-supereffective|p1a: Chip da Ripper\n|-damage|p1a: Chip da Ripper|68\/100\n|-enditem|p1a: Chip da Ripper|Heavy-Duty Boots|[from] move: Knock Off|[of] p2a: Wo-Chien\n|\n|-heal|p2a: Wo-Chien|94\/100|[from] item: Leftovers\n|upkeep\n|turn|6\n|\n|t:|1700349097\n|move|p2a: Wo-Chien|Protect|p2a: Wo-Chien\n|-singleturn|p2a: Wo-Chien|Protect\n|move|p1a: Chip da Ripper|Will-O-Wisp|p2a: Wo-Chien\n|-activate|p2a: Wo-Chien|move: Protect\n|\n|-heal|p2a: Wo-Chien|100\/100|[from] item: Leftovers\n|upkeep\n|turn|7\n|\n|t:|1700349106\n|switch|p2a: Dondozo|Dondozo, F|100\/100\n|-damage|p2a: Dondozo|88\/100|[from] Stealth Rock\n|move|p1a: Chip da Ripper|Slack Off|p1a: Chip da Ripper\n|-heal|p1a: Chip da Ripper|100\/100\n|\n|upkeep\n|turn|8\n|\n|t:|1700349115\n|switch|p1a: Skull Kid|Ogerpon-Wellspring, F|100\/100\n|move|p2a: Dondozo|Liquidation|p1a: Skull Kid\n|-immune|p1a: Skull Kid|[from] ability: Water Absorb\n|\n|upkeep\n|turn|9\n|\n|t:|1700349355\n|switch|p2a: Wo-Chien|Wo-Chien|100\/100\n|-damage|p2a: Wo-Chien|88\/100|[from] Stealth Rock\n|-ability|p2a: Wo-Chien|Tablets of Ruin\n|move|p1a: Skull Kid|Swords Dance|p1a: Skull Kid\n|-boost|p1a: Skull Kid|atk|2\n|\n|-heal|p2a: Wo-Chien|94\/100|[from] item: Leftovers\n|upkeep\n|turn|10\n|\n|t:|1700349377\n|move|p1a: Skull Kid|Play Rough|p2a: Wo-Chien\n|-supereffective|p2a: Wo-Chien\n|-damage|p2a: Wo-Chien|0 fnt\n|faint|p2a: Wo-Chien\n|\n|upkeep\n|c|\u2606Durandral|that thing's movepool is nutty\n|c|\u2606kayjulers|It's kind of dumb\n|\n|t:|1700349469\n|switch|p2a: Regidrago|Regidrago|100\/100\n|-damage|p2a: Regidrago|88\/100|[from] Stealth Rock\n|turn|11\n|\n|t:|1700349576\n|-terastallize|p1a: Skull Kid|Water\n|detailschange|p1a: Skull Kid|Ogerpon-Wellspring-Tera, F, tera:Water\n|-ability|p1a: Skull Kid|Embody Aspect (Wellspring)|boost\n|-boost|p1a: Skull Kid|spd|1\n|move|p1a: Skull Kid|Play Rough|p2a: Regidrago\n|-supereffective|p2a: Regidrago\n|-damage|p2a: Regidrago|0 fnt\n|faint|p2a: Regidrago\n|\n|upkeep\n|\n|t:|1700349595\n|switch|p2a: Regieleki|Regieleki|100\/100\n|-damage|p2a: Regieleki|88\/100|[from] Stealth Rock\n|turn|12\n|\n|t:|1700349692\n|switch|p1a: Sizable Tusk|Donphan, F|100\/100\n|move|p2a: Regieleki|Volt Switch|p1a: Sizable Tusk\n|-immune|p1a: Sizable Tusk\n|\n|upkeep\n|turn|13\n|\n|t:|1700349709\n|switch|p2a: Dondozo|Dondozo, F|88\/100\n|-damage|p2a: Dondozo|75\/100|[from] Stealth Rock\n|move|p1a: Sizable Tusk|Knock Off|p2a: Dondozo\n|-damage|p2a: Dondozo|60\/100\n|-enditem|p2a: Dondozo|Life Orb|[from] move: Knock Off|[of] p1a: Sizable Tusk\n|\n|upkeep\n|turn|14\n|\n|t:|1700349721\n|switch|p1a: Skull Kid|Ogerpon-Wellspring-Tera, F, tera:Water|100\/100\n|-ability|p1a: Skull Kid|Embody Aspect (Wellspring)|boost\n|-boost|p1a: Skull Kid|spd|1\n|move|p2a: Dondozo|Body Press|p1a: Skull Kid\n|-damage|p1a: Skull Kid|66\/100\n|\n|upkeep\n|turn|15\n|\n|t:|1700349778\n|switch|p2a: Ninetales|Ninetales, M|100\/100\n|-damage|p2a: Ninetales|76\/100|[from] Stealth Rock\n|-weather|SunnyDay|[from] ability: Drought|[of] p2a: Ninetales\n|move|p1a: Skull Kid|Horn Leech|p2a: Ninetales\n|-resisted|p2a: Ninetales\n|-damage|p2a: Ninetales|49\/100\n|-heal|p1a: Skull Kid|81\/100|[from] drain|[of] p2a: Ninetales\n|\n|-weather|SunnyDay|[upkeep]\n|upkeep\n|turn|16\n|\n|t:|1700349807\n|move|p1a: Skull Kid|Ivy Cudgel|p2a: Ninetales|[anim] Ivy Cudgel Water\n|-supereffective|p2a: Ninetales\n|-damage|p2a: Ninetales|0 fnt\n|faint|p2a: Ninetales\n|\n|-weather|SunnyDay|[upkeep]\n|upkeep\n|\n|t:|1700349812\n|switch|p2a: Regieleki|Regieleki|88\/100\n|-damage|p2a: Regieleki|76\/100|[from] Stealth Rock\n|turn|17\n|\n|t:|1700349823\n|switch|p1a: Sizable Tusk|Donphan, F|100\/100\n|move|p2a: Regieleki|Rapid Spin|p1a: Sizable Tusk\n|-damage|p1a: Sizable Tusk|91\/100\n|-boost|p2a: Regieleki|spe|1\n|-sideend|p2: Durandral|Stealth Rock|[from] move: Rapid Spin|[of] p2a: Regieleki\n|\n|-weather|SunnyDay|[upkeep]\n|-heal|p1a: Sizable Tusk|97\/100|[from] item: Leftovers\n|upkeep\n|turn|18\n|\n|t:|1700349836\n|switch|p2a: Dondozo|Dondozo, F|60\/100\n|move|p1a: Sizable Tusk|Stealth Rock|p2a: Dondozo\n|-sidestart|p2: Durandral|move: Stealth Rock\n|\n|-weather|SunnyDay|[upkeep]\n|-heal|p1a: Sizable Tusk|100\/100|[from] item: Leftovers\n|upkeep\n|turn|19\n|\n|t:|1700349870\n|switch|p1a: Skull Kid|Ogerpon-Wellspring-Tera, F, tera:Water|81\/100\n|-ability|p1a: Skull Kid|Embody Aspect (Wellspring)|boost\n|-boost|p1a: Skull Kid|spd|1\n|move|p2a: Dondozo|Body Press|p1a: Skull Kid\n|-damage|p1a: Skull Kid|42\/100\n|\n|-weather|SunnyDay|[upkeep]\n|upkeep\n|turn|20\n|\n|t:|1700349945\n|switch|p2a: Regieleki|Regieleki|76\/100\n|-damage|p2a: Regieleki|63\/100|[from] Stealth Rock\n|move|p1a: Skull Kid|Horn Leech|p2a: Regieleki\n|-damage|p2a: Regieleki|0 fnt\n|-heal|p1a: Skull Kid|80\/100|[from] drain|[of] p2a: Regieleki\n|faint|p2a: Regieleki\n|\n|-weather|SunnyDay|[upkeep]\n|upkeep\n|\n|t:|1700349955\n|switch|p2a: Dragonite|Dragonite, M|100\/100\n|-damage|p2a: Dragonite|76\/100|[from] Stealth Rock\n|turn|21\n|c|\u2606Durandral|forgot about horn leech healing :\/\n|c|\u2606Durandral|getting swept by one guy lol\n|\n|t:|1700350008\n|switch|p1a: Doug Dimmadome|Weezing-Galar, M|67\/100\n|move|p2a: Dragonite|Extreme Speed|p1a: Doug Dimmadome\n|-damage|p1a: Doug Dimmadome|37\/100\n|\n|-weather|SunnyDay|[upkeep]\n|upkeep\n|turn|22\n|\n|t:|1700350018\n|move|p2a: Dragonite|Extreme Speed|p1a: Doug Dimmadome\n|-damage|p1a: Doug Dimmadome|7\/100\n|move|p1a: Doug Dimmadome|Strange Steam|p2a: Dragonite\n|-supereffective|p2a: Dragonite\n|-damage|p2a: Dragonite|14\/100\n|\n|-weather|none\n|upkeep\n|turn|23\n|\n|t:|1700350025\n|switch|p1a: Ermac|Basculegion-F, F|100\/100\n|move|p2a: Dragonite|Extreme Speed|p1a: Ermac\n|-immune|p1a: Ermac\n|\n|upkeep\n|turn|24\n|\n|t:|1700350043\n|move|p2a: Dragonite|Extreme Speed|p1a: Ermac\n|-immune|p1a: Ermac\n|move|p1a: Ermac|Shadow Ball|p2a: Dragonite\n|-damage|p2a: Dragonite|0 fnt\n|faint|p2a: Dragonite\n|\n|upkeep\n|\n|t:|1700350050\n|switch|p2a: Dondozo|Dondozo, F|60\/100\n|-damage|p2a: Dondozo|47\/100|[from] Stealth Rock\n|turn|25\n|\n|t:|1700350055\n|move|p1a: Ermac|Shadow Ball|p2a: Dondozo\n|-damage|p2a: Dondozo|0 fnt\n|faint|p2a: Dondozo\n|\n|win|kayjulers\n|c|\u2606kayjulers|gg\n|c|\u2606Durandral|gg\n","uploadtime":1700350062,"views":44,"p1id":"kayjulers","p2id":"durandral","formatid":"gen9ubers","rating":0,"private":0,"password":""}