{"id":"gen9ubers-1985620519","p1":"Laxwood","p2":"RyRy01","format":"[Gen 9] Ubers","log":"|j|\u2606Laxwood\n|j|\u2606RyRy01\n|t:|1699389715\n|gametype|singles\n|player|p1|Laxwood|266|\n|player|p2|RyRy01|roxie|\n|teamsize|p1|6\n|teamsize|p2|6\n|gen|9\n|tier|[Gen 9] Ubers\n|rule|Sleep Clause Mod: Limit one foe put to sleep\n|rule|Species Clause: Limit one of each Pok\u00e9mon\n|rule|OHKO Clause: OHKO moves are banned\n|rule|Evasion Items Clause: Evasion items are banned\n|rule|Evasion Moves Clause: Evasion moves are banned\n|rule|Endless Battle Clause: Forcing endless battles is banned\n|rule|HP Percentage Mod: HP is shown in percentages\n|clearpoke\n|poke|p1|Ogerpon-Hearthflame, F|\n|poke|p1|Landorus, M|\n|poke|p1|Tyranitar, F|\n|poke|p1|Zamazenta-*|\n|poke|p1|Arceus-Ground|\n|poke|p1|Palafin, F|\n|poke|p2|Kyogre|\n|poke|p2|Miraidon|\n|poke|p2|Regieleki|\n|poke|p2|Palafin, M|\n|poke|p2|Iron Bundle|\n|poke|p2|Flutter Mane|\n|teampreview\n|c|\u2606RyRy01|I cooked this at work yesterday\n|c|\u2606RyRy01|I've won like 70% of all my ubers matches w this team\n|\n|t:|1699389742\n|start\n|switch|p1a: Palafin|Palafin, F|100\/100\n|switch|p2a: Miraidon|Miraidon|100\/100\n|-fieldstart|move: Electric Terrain|[from] ability: Hadron Engine|[of] p2a: Miraidon\n|turn|1\n|\n|t:|1699389753\n|detailschange|p1a: Palafin|Palafin-Hero, F\n|switch|p1a: Landorus|Landorus, M|100\/100\n|move|p2a: Miraidon|Volt Switch|p1a: Landorus\n|-immune|p1a: Landorus\n|\n|upkeep\n|turn|2\n|\n|t:|1699389764\n|switch|p2a: Kyogre|Kyogre|100\/100\n|-weather|RainDance|[from] ability: Drizzle|[of] p2a: Kyogre\n|move|p1a: Landorus|Earth Power|p2a: Kyogre\n|-damage|p2a: Kyogre|49\/100\n|\n|-weather|RainDance|[upkeep]\n|upkeep\n|turn|3\n|\n|t:|1699389778\n|move|p2a: Kyogre|Ice Beam|p1a: Landorus\n|-supereffective|p1a: Landorus\n|-damage|p1a: Landorus|0 fnt\n|faint|p1a: Landorus\n|\n|-weather|RainDance|[upkeep]\n|upkeep\n|\n|t:|1699389785\n|switch|p1a: Palafin|Palafin-Hero, F|100\/100\n|-activate|p1a: Palafin|ability: Zero to Hero\n|turn|4\n|\n|t:|1699389791\n|switch|p2a: Miraidon|Miraidon|100\/100\n|-activate|p2a: Miraidon|ability: Hadron Engine\n|move|p1a: Palafin|Wave Crash|p2a: Miraidon\n|-resisted|p2a: Miraidon\n|-damage|p2a: Miraidon|4\/100\n|-damage|p1a: Palafin|69\/100|[from] Recoil\n|\n|-weather|RainDance|[upkeep]\n|upkeep\n|turn|5\n|\n|t:|1699389800\n|switch|p1a: Tyranitar|Tyranitar, F|100\/100\n|-weather|Sandstorm|[from] ability: Sand Stream|[of] p1a: Tyranitar\n|move|p2a: Miraidon|Volt Switch|p1a: Tyranitar\n|-damage|p1a: Tyranitar|64\/100\n|\n|t:|1699389807\n|switch|p2a: Flutter Mane|Flutter Mane|100\/100|[from] Volt Switch\n|\n|-weather|Sandstorm|[upkeep]\n|-damage|p2a: Flutter Mane|95\/100|[from] Sandstorm\n|-fieldend|move: Electric Terrain\n|upkeep\n|turn|6\n|\n|t:|1699389814\n|move|p2a: Flutter Mane|Moonblast|p1a: Tyranitar\n|-supereffective|p1a: Tyranitar\n|-damage|p1a: Tyranitar|6\/100\n|move|p1a: Tyranitar|Thunder Wave|p2a: Flutter Mane\n|-status|p2a: Flutter Mane|par\n|\n|-weather|Sandstorm|[upkeep]\n|-damage|p2a: Flutter Mane|89\/100 par|[from] Sandstorm\n|upkeep\n|turn|7\n|\n|t:|1699389823\n|switch|p1a: Zamazenta|Zamazenta-Crowned|100\/100\n|-ability|p1a: Zamazenta|Dauntless Shield|boost\n|-boost|p1a: Zamazenta|def|1\n|cant|p2a: Flutter Mane|par\n|\n|-weather|Sandstorm|[upkeep]\n|-damage|p2a: Flutter Mane|83\/100 par|[from] Sandstorm\n|upkeep\n|turn|8\n|\n|t:|1699389837\n|move|p1a: Zamazenta|Heavy Slam|p2a: Flutter Mane\n|-supereffective|p2a: Flutter Mane\n|-damage|p2a: Flutter Mane|0 fnt\n|faint|p2a: Flutter Mane\n|-end|p2a: Flutter Mane|Protosynthesis|[silent]\n|\n|-weather|Sandstorm|[upkeep]\n|upkeep\n|\n|t:|1699389850\n|switch|p2a: Palafin|Palafin, M, shiny|100\/100\n|turn|9\n|\n|t:|1699389862\n|detailschange|p2a: Palafin|Palafin-Hero, M, shiny\n|switch|p2a: Kyogre|Kyogre|49\/100\n|-weather|RainDance|[from] ability: Drizzle|[of] p2a: Kyogre\n|move|p1a: Zamazenta|Heavy Slam|p2a: Kyogre\n|-resisted|p2a: Kyogre\n|-damage|p2a: Kyogre|35\/100\n|\n|-weather|RainDance|[upkeep]\n|upkeep\n|turn|10\n|\n|t:|1699389872\n|move|p2a: Kyogre|Origin Pulse|p1a: Zamazenta\n|-damage|p1a: Zamazenta|36\/100\n|move|p1a: Zamazenta|Body Press|p2a: Kyogre\n|-damage|p2a: Kyogre|0 fnt\n|faint|p2a: Kyogre\n|\n|-weather|RainDance|[upkeep]\n|upkeep\n|\n|t:|1699389876\n|switch|p2a: Palafin|Palafin-Hero, M, shiny|100\/100\n|-activate|p2a: Palafin|ability: Zero to Hero\n|turn|11\n|\n|t:|1699389882\n|move|p2a: Palafin|Jet Punch|p1a: Zamazenta\n|-damage|p1a: Zamazenta|0 fnt\n|faint|p1a: Zamazenta\n|\n|-weather|RainDance|[upkeep]\n|upkeep\n|\n|t:|1699389894\n|switch|p1a: Tyranitar|Tyranitar, F|6\/100\n|-weather|Sandstorm|[from] ability: Sand Stream|[of] p1a: Tyranitar\n|turn|12\n|\n|t:|1699389904\n|move|p2a: Palafin|Jet Punch|p1a: Tyranitar\n|-supereffective|p1a: Tyranitar\n|-crit|p1a: Tyranitar\n|-damage|p1a: Tyranitar|0 fnt\n|faint|p1a: Tyranitar\n|\n|-weather|Sandstorm|[upkeep]\n|-damage|p2a: Palafin|94\/100|[from] Sandstorm\n|upkeep\n|\n|t:|1699389906\n|switch|p1a: Ogerpon|Ogerpon-Hearthflame, F|100\/100\n|-ability|p1a: Ogerpon|Mold Breaker\n|turn|13\n|\n|t:|1699389913\n|move|p2a: Palafin|Jet Punch|p1a: Ogerpon\n|-damage|p1a: Ogerpon|21\/100\n|move|p1a: Ogerpon|Trailblaze|p2a: Palafin\n|-supereffective|p2a: Palafin\n|-damage|p2a: Palafin|34\/100\n|-boost|p1a: Ogerpon|spe|1\n|\n|-weather|Sandstorm|[upkeep]\n|-damage|p1a: Ogerpon|15\/100|[from] Sandstorm\n|-damage|p2a: Palafin|28\/100|[from] Sandstorm\n|upkeep\n|turn|14\n|\n|t:|1699389920\n|move|p2a: Palafin|Jet Punch|p1a: Ogerpon\n|-damage|p1a: Ogerpon|0 fnt\n|faint|p1a: Ogerpon\n|\n|-weather|Sandstorm|[upkeep]\n|-damage|p2a: Palafin|22\/100|[from] Sandstorm\n|upkeep\n|\n|t:|1699389923\n|switch|p1a: Palafin|Palafin-Hero, F|69\/100\n|turn|15\n|\n|t:|1699389941\n|switch|p2a: Iron Bundle|Iron Bundle|100\/100\n|move|p1a: Palafin|Jet Punch|p2a: Iron Bundle\n|-resisted|p2a: Iron Bundle\n|-damage|p2a: Iron Bundle|67\/100\n|\n|-weather|Sandstorm|[upkeep]\n|-damage|p2a: Iron Bundle|61\/100|[from] Sandstorm\n|-damage|p1a: Palafin|62\/100|[from] Sandstorm\n|upkeep\n|turn|16\n|\n|t:|1699389955\n|move|p1a: Palafin|Jet Punch|p2a: Iron Bundle\n|-resisted|p2a: Iron Bundle\n|-damage|p2a: Iron Bundle|25\/100\n|move|p2a: Iron Bundle|Freeze-Dry|p1a: Palafin\n|-supereffective|p1a: Palafin\n|-damage|p1a: Palafin|0 fnt\n|faint|p1a: Palafin\n|\n|-weather|Sandstorm|[upkeep]\n|-damage|p2a: Iron Bundle|19\/100|[from] Sandstorm\n|upkeep\n|\n|t:|1699389957\n|switch|p1a: Arceus|Arceus-Ground|100\/100\n|turn|17\n|\n|t:|1699389969\n|-terastallize|p1a: Arceus|Fairy\n|move|p2a: Iron Bundle|Hydro Pump|p1a: Arceus|[miss]\n|-miss|p2a: Iron Bundle|p1a: Arceus\n|move|p1a: Arceus|Judgment|p2a: Iron Bundle\n|-damage|p2a: Iron Bundle|0 fnt\n|faint|p2a: Iron Bundle\n|-end|p2a: Iron Bundle|Quark Drive|[silent]\n|\n|-weather|Sandstorm|[upkeep]\n|-damage|p1a: Arceus|94\/100|[from] Sandstorm\n|upkeep\n|\n|t:|1699389975\n|switch|p2a: Miraidon|Miraidon|4\/100\n|-fieldstart|move: Electric Terrain|[from] ability: Hadron Engine|[of] p2a: Miraidon\n|turn|18\n|\n|t:|1699389986\n|-terastallize|p2a: Miraidon|Electric\n|move|p2a: Miraidon|Electro Drift|p1a: Arceus\n|-damage|p1a: Arceus|0 fnt\n|faint|p1a: Arceus\n|\n|win|RyRy01\n","uploadtime":1699392206,"views":8,"p1id":"laxwood","p2id":"ryry01","formatid":"gen9ubers","rating":0,"private":0,"password":""}