{"id":"gen9ubers-1974566469","p1":"imJV","p2":"XpokVEVO","format":"[Gen 9] Ubers","log":"|j|\u2606imJV\n|j|\u2606XpokVEVO\n|t:|1698097970\n|gametype|singles\n|player|p1|imJV|schoolkid|\n|player|p2|XpokVEVO|rika|\n|teamsize|p1|6\n|teamsize|p2|6\n|gen|9\n|tier|[Gen 9] Ubers\n|rule|Sleep Clause Mod: Limit one foe put to sleep\n|rule|Species Clause: Limit one of each Pok\u00e9mon\n|rule|OHKO Clause: OHKO moves are banned\n|rule|Evasion Items Clause: Evasion items are banned\n|rule|Evasion Moves Clause: Evasion moves are banned\n|rule|Endless Battle Clause: Forcing endless battles is banned\n|rule|HP Percentage Mod: HP is shown in percentages\n|clearpoke\n|poke|p1|Shaymin-Sky|\n|poke|p1|Pelipper, F|\n|poke|p1|Rabsca, M|\n|poke|p1|Basculegion-F, F|\n|poke|p1|Arceus-Poison|\n|poke|p1|Giratina|\n|poke|p2|Arceus-Fire|\n|poke|p2|Cyclizar, F|\n|poke|p2|Espathra, F|\n|poke|p2|Magearna|\n|poke|p2|Spectrier|\n|poke|p2|Zacian-*|\n|teampreview\n|inactive|Battle timer is ON: inactive players will automatically lose when time's up. (requested by imJV)\n|c|\u2606imJV|gl\n|inactive|XpokVEVO has 270 seconds left.\n|inactive|imJV has 270 seconds left.\n|\n|t:|1698098013\n|start\n|switch|p1a: Shaymin|Shaymin-Sky|100\/100\n|switch|p2a: Akira|Cyclizar, F|100\/100\n|turn|1\n|\n|t:|1698098036\n|move|p2a: Akira|Shed Tail|p2a: Akira\n|-start|p2a: Akira|Substitute|[from] move: Shed Tail\n|-damage|p2a: Akira|50\/100\n|\n|t:|1698098038\n|switch|p2a: Aunt Fanny|Magearna|100\/100|[from] Shed Tail\n|move|p1a: Shaymin|Air Slash|p2a: Aunt Fanny\n|-resisted|p2a: Aunt Fanny\n|-activate|p2a: Aunt Fanny|move: Substitute|[damage]\n|-damage|p1a: Shaymin|91\/100|[from] item: Life Orb\n|\n|upkeep\n|turn|2\n|inactive|imJV has 270 seconds left.\n|inactive|XpokVEVO has 270 seconds left.\n|\n|t:|1698098085\n|move|p1a: Shaymin|Earth Power|p2a: Aunt Fanny\n|-supereffective|p2a: Aunt Fanny\n|-end|p2a: Aunt Fanny|Substitute\n|-damage|p1a: Shaymin|81\/100|[from] item: Life Orb\n|move|p2a: Aunt Fanny|Shift Gear|p2a: Aunt Fanny\n|-boost|p2a: Aunt Fanny|spe|2\n|-boost|p2a: Aunt Fanny|atk|1\n|\n|upkeep\n|turn|3\n|\n|t:|1698098106\n|-terastallize|p1a: Shaymin|Ground\n|move|p2a: Aunt Fanny|Shift Gear|p2a: Aunt Fanny\n|-boost|p2a: Aunt Fanny|spe|2\n|-boost|p2a: Aunt Fanny|atk|1\n|move|p1a: Shaymin|Earth Power|p2a: Aunt Fanny\n|-supereffective|p2a: Aunt Fanny\n|-damage|p2a: Aunt Fanny|0 fnt\n|faint|p2a: Aunt Fanny\n|-damage|p1a: Shaymin|71\/100|[from] item: Life Orb\n|\n|upkeep\n|inactive|XpokVEVO has 240 seconds left.\n|\n|t:|1698098156\n|switch|p2a: Princess|Zacian, shiny|100\/100\n|-ability|p2a: Princess|Intrepid Sword|boost\n|-boost|p2a: Princess|atk|1\n|turn|4\n|inactive|XpokVEVO has 210 seconds left.\n|inactive|imJV has 240 seconds left.\n|\n|t:|1698098199\n|switch|p1a: Arceus|Arceus-Poison|100\/100\n|move|p2a: Princess|Psychic Fangs|p1a: Arceus\n|-supereffective|p1a: Arceus\n|-damage|p1a: Arceus|16\/100\n|\n|upkeep\n|turn|5\n|\n|t:|1698098215\n|move|p2a: Princess|Psychic Fangs|p1a: Arceus\n|-supereffective|p1a: Arceus\n|-damage|p1a: Arceus|0 fnt\n|faint|p1a: Arceus\n|\n|upkeep\n|\n|t:|1698098217\n|switch|p1a: Pelipper|Pelipper, F|100\/100\n|-weather|RainDance|[from] ability: Drizzle|[of] p1a: Pelipper\n|turn|6\n|\n|t:|1698098228\n|switch|p2a: Akira|Cyclizar, F|84\/100\n|move|p1a: Pelipper|Hurricane|p2a: Akira\n|-damage|p2a: Akira|30\/100\n|\n|-weather|RainDance|[upkeep]\n|upkeep\n|turn|7\n|\n|t:|1698098232\n|move|p2a: Akira|U-turn|p1a: Pelipper\n|-resisted|p1a: Pelipper\n|-damage|p1a: Pelipper|95\/100\n|inactive|XpokVEVO has 210 seconds left.\n|\n|t:|1698098239\n|switch|p2a: ThanksMeemMeyn|Spectrier|100\/100|[from] U-turn\n|move|p1a: Pelipper|Hurricane|p2a: ThanksMeemMeyn\n|-damage|p2a: ThanksMeemMeyn|61\/100\n|\n|-weather|RainDance|[upkeep]\n|upkeep\n|turn|8\n|\n|t:|1698098243\n|move|p2a: ThanksMeemMeyn|Substitute|p2a: ThanksMeemMeyn\n|-start|p2a: ThanksMeemMeyn|Substitute\n|-damage|p2a: ThanksMeemMeyn|36\/100\n|move|p1a: Pelipper|Knock Off|p2a: ThanksMeemMeyn\n|-supereffective|p2a: ThanksMeemMeyn\n|-end|p2a: ThanksMeemMeyn|Substitute\n|\n|-weather|RainDance|[upkeep]\n|upkeep\n|turn|9\n|\n|t:|1698098256\n|switch|p2a: Akira|Cyclizar, F|63\/100\n|move|p1a: Pelipper|Knock Off|p2a: Akira\n|-damage|p2a: Akira|44\/100\n|-enditem|p2a: Akira|Choice Scarf|[from] move: Knock Off|[of] p1a: Pelipper\n|\n|-weather|RainDance|[upkeep]\n|upkeep\n|turn|10\n|\n|t:|1698098267\n|move|p2a: Akira|U-turn|p1a: Pelipper\n|-resisted|p1a: Pelipper\n|-damage|p1a: Pelipper|88\/100\n|\n|t:|1698098280\n|switch|p2a: Princess|Zacian, shiny|100\/100|[from] U-turn\n|move|p1a: Pelipper|Hurricane|p2a: Princess\n|-damage|p2a: Princess|67\/100\n|\n|-weather|RainDance|[upkeep]\n|upkeep\n|turn|11\n|inactive|imJV has 270 seconds left.\n|\n|t:|1698098300\n|switch|p1a: Giratina|Giratina, shiny|100\/100\n|-ability|p1a: Giratina|Pressure\n|move|p2a: Princess|Play Rough|p1a: Giratina\n|-supereffective|p1a: Giratina\n|-damage|p1a: Giratina|24\/100\n|-unboost|p1a: Giratina|atk|1\n|\n|-weather|RainDance|[upkeep]\n|-heal|p1a: Giratina|30\/100|[from] item: Leftovers\n|upkeep\n|turn|12\n|inactive|imJV has 270 seconds left.\n|\n|t:|1698098314\n|move|p2a: Princess|Play Rough|p1a: Giratina\n|-supereffective|p1a: Giratina\n|-damage|p1a: Giratina|0 fnt\n|faint|p1a: Giratina\n|\n|-weather|RainDance|[upkeep]\n|upkeep\n|inactive|imJV has 270 seconds left.\n|\n|t:|1698098344\n|switch|p1a: Rabsca|Rabsca, M|100\/100\n|turn|13\n|\n|t:|1698098362\n|switch|p2a: Emu War|Espathra, F|100\/100\n|move|p1a: Rabsca|Revival Blessing|p1a: Rabsca\n|-enditem|p1a: Rabsca|Leppa Berry|[eat]\n|-activate|p1a: Rabsca|item: Leppa Berry|Revival Blessing|[consumed]\n|\n|t:|1698098365\n|-heal|p1: Arceus|50\/100|[from] move: Revival Blessing\n|\n|-weather|none\n|upkeep\n|turn|14\n|\n|t:|1698098370\n|move|p2a: Emu War|Calm Mind|p2a: Emu War\n|-boost|p2a: Emu War|spa|1\n|-boost|p2a: Emu War|spd|1\n|move|p1a: Rabsca|Memento|p2a: Emu War\n|-unboost|p2a: Emu War|atk|2\n|-unboost|p2a: Emu War|spa|2\n|faint|p1a: Rabsca\n|\n|-ability|p2a: Emu War|Speed Boost|boost\n|-boost|p2a: Emu War|spe|1\n|upkeep\n|inactive|imJV has 240 seconds left.\n|\n|t:|1698098400\n|switch|p1a: Pelipper|Pelipper, F|88\/100\n|-weather|RainDance|[from] ability: Drizzle|[of] p1a: Pelipper\n|turn|15\n|inactive|imJV has 240 seconds left.\n|inactive|XpokVEVO has 240 seconds left.\n|\n|t:|1698098417\n|move|p2a: Emu War|Protect|p2a: Emu War\n|-singleturn|p2a: Emu War|Protect\n|move|p1a: Pelipper|Knock Off|p2a: Emu War\n|-activate|p2a: Emu War|move: Protect\n|\n|-weather|RainDance|[upkeep]\n|-ability|p2a: Emu War|Speed Boost|boost\n|-boost|p2a: Emu War|spe|1\n|upkeep\n|turn|16\n|inactive|XpokVEVO has 240 seconds left.\n|\n|t:|1698098436\n|move|p2a: Emu War|Calm Mind|p2a: Emu War\n|-boost|p2a: Emu War|spa|1\n|-boost|p2a: Emu War|spd|1\n|move|p1a: Pelipper|U-turn|p2a: Emu War\n|-supereffective|p2a: Emu War\n|-damage|p2a: Emu War|70\/100\n|\n|t:|1698098455\n|switch|p1a: Basculegion|Basculegion-F, F|100\/100|[from] U-turn\n|\n|-weather|RainDance|[upkeep]\n|-ability|p2a: Emu War|Speed Boost|boost\n|-boost|p2a: Emu War|spe|1\n|upkeep\n|turn|17\n|\n|t:|1698098460\n|move|p2a: Emu War|Protect|p2a: Emu War\n|-singleturn|p2a: Emu War|Protect\n|move|p1a: Basculegion|Last Respects|p2a: Emu War\n|-activate|p2a: Emu War|move: Protect\n|\n|-weather|RainDance|[upkeep]\n|-ability|p2a: Emu War|Speed Boost|boost\n|-boost|p2a: Emu War|spe|1\n|upkeep\n|turn|18\n|\n|t:|1698098463\n|move|p2a: Emu War|Stored Power|p1a: Basculegion\n|-damage|p1a: Basculegion|31\/100\n|move|p1a: Basculegion|Last Respects|p2a: Emu War\n|-supereffective|p2a: Emu War\n|-damage|p2a: Emu War|0 fnt\n|faint|p2a: Emu War\n|\n|-weather|RainDance|[upkeep]\n|upkeep\n|\n|t:|1698098479\n|switch|p2a: Akira|Cyclizar, F|78\/100\n|turn|19\n|inactive|imJV has 240 seconds left.\n|\n|t:|1698098495\n|move|p1a: Basculegion|Flip Turn|p2a: Akira\n|-resisted|p2a: Akira\n|-crit|p2a: Akira\n|-damage|p2a: Akira|35\/100\n|c|\u2606XpokVEVO|HAXXX\n|c|\u2606XpokVEVO|HAXXX\n|\n|t:|1698098501\n|switch|p1a: Arceus|Arceus-Poison|50\/100|[from] Flip Turn\n|move|p2a: Akira|Shed Tail|p2a: Akira\n|-fail|p2a: Akira|move: Shed Tail|[weak]\n|\n|-weather|RainDance|[upkeep]\n|upkeep\n|turn|20\n|c|\u2606XpokVEVO|HAXXX\n|inactive|imJV has 240 seconds left.\n|c|\u2606imJV|ha\n|c|\u2606XpokVEVO|xx\n|inactive|imJV has 210 seconds left.\n|\n|t:|1698098545\n|switch|p1a: Shaymin|Shaymin-Sky, tera:Ground|71\/100\n|move|p2a: Akira|Taunt|p1a: Shaymin\n|-start|p1a: Shaymin|move: Taunt\n|\n|-weather|RainDance|[upkeep]\n|upkeep\n|turn|21\n|inactive|imJV has 210 seconds left.\n|inactive|XpokVEVO has 270 seconds left.\n|\n|t:|1698098572\n|move|p1a: Shaymin|Earth Power|p2a: Akira\n|-damage|p2a: Akira|0 fnt\n|faint|p2a: Akira\n|-damage|p1a: Shaymin|61\/100|[from] item: Life Orb\n|\n|-weather|RainDance|[upkeep]\n|upkeep\n|\n|t:|1698098587\n|switch|p2a: Princess|Zacian, shiny|67\/100\n|turn|22\n|inactive|XpokVEVO has 240 seconds left.\n|\n|t:|1698098614\n|move|p2a: Princess|Play Rough|p1a: Shaymin\n|-damage|p1a: Shaymin|0 fnt\n|faint|p1a: Shaymin\n|\n|-weather|none\n|upkeep\n|\n|t:|1698098616\n|switch|p1a: Pelipper|Pelipper, F|88\/100\n|-weather|RainDance|[from] ability: Drizzle|[of] p1a: Pelipper\n|turn|23\n|inactive|XpokVEVO has 240 seconds left.\n|inactive|XpokVEVO has 210 seconds left.\n|\n|t:|1698098664\n|move|p2a: Princess|Play Rough|p1a: Pelipper\n|-damage|p1a: Pelipper|35\/100\n|move|p1a: Pelipper|U-turn|p2a: Princess\n|-resisted|p2a: Princess\n|-damage|p2a: Princess|63\/100\n|\n|t:|1698098669\n|switch|p1a: Basculegion|Basculegion-F, F|31\/100|[from] U-turn\n|\n|-weather|RainDance|[upkeep]\n|upkeep\n|turn|24\n|inactive|XpokVEVO has 210 seconds left.\n|inactive|XpokVEVO has 180 seconds left.\n|\n|t:|1698098714\n|-terastallize|p2a: Princess|Dark\n|move|p1a: Basculegion|Last Respects|p2a: Princess\n|-resisted|p2a: Princess\n|-damage|p2a: Princess|5\/100\n|move|p2a: Princess|Play Rough|p1a: Basculegion\n|-damage|p1a: Basculegion|0 fnt\n|faint|p1a: Basculegion\n|\n|-weather|RainDance|[upkeep]\n|upkeep\n|inactive|imJV has 210 seconds left.\n|\n|t:|1698098741\n|switch|p1a: Arceus|Arceus-Poison|50\/100\n|turn|25\n|\n|t:|1698098747\n|move|p2a: Princess|Play Rough|p1a: Arceus\n|-resisted|p1a: Arceus\n|-damage|p1a: Arceus|26\/100\n|move|p1a: Arceus|Recover|p1a: Arceus\n|-heal|p1a: Arceus|76\/100\n|\n|-weather|RainDance|[upkeep]\n|upkeep\n|turn|26\n|\n|t:|1698098756\n|move|p2a: Princess|Play Rough|p1a: Arceus|[miss]\n|-miss|p2a: Princess|p1a: Arceus\n|move|p1a: Arceus|Judgment|p2a: Princess\n|-crit|p2a: Princess\n|-damage|p2a: Princess|0 fnt\n|faint|p2a: Princess\n|\n|-weather|RainDance|[upkeep]\n|upkeep\n|inactive|XpokVEVO has 180 seconds left.\n|\n|t:|1698098782\n|switch|p2a: Ar\u0441eus-Fighting|Arceus-Fire, shiny|100\/100\n|turn|27\n|inactive|XpokVEVO has 180 seconds left.\n|\n|t:|1698098795\n|switch|p1a: Pelipper|Pelipper, F|35\/100\n|move|p2a: Ar\u0441eus-Fighting|Flare Blitz|p1a: Pelipper\n|-resisted|p1a: Pelipper\n|-damage|p1a: Pelipper|23\/100\n|-damage|p2a: Ar\u0441eus-Fighting|97\/100|[from] Recoil\n|\n|-weather|RainDance|[upkeep]\n|upkeep\n|turn|28\n|\n|t:|1698098799\n|move|p2a: Ar\u0441eus-Fighting|Dragon Dance|p2a: Ar\u0441eus-Fighting\n|-boost|p2a: Ar\u0441eus-Fighting|atk|1\n|-boost|p2a: Ar\u0441eus-Fighting|spe|1\n|move|p1a: Pelipper|Roost|p1a: Pelipper\n|-heal|p1a: Pelipper|73\/100\n|-singleturn|p1a: Pelipper|move: Roost\n|\n|-weather|RainDance|[upkeep]\n|upkeep\n|turn|29\n|\n|t:|1698098808\n|move|p1a: Pelipper|Hurricane|p2a: Ar\u0441eus-Fighting\n|-damage|p2a: Ar\u0441eus-Fighting|71\/100\n|-start|p2a: Ar\u0441eus-Fighting|confusion\n|-activate|p2a: Ar\u0441eus-Fighting|confusion\n|move|p2a: Ar\u0441eus-Fighting|Roar|p1a: Pelipper\n|drag|p1a: Arceus|Arceus-Poison|76\/100\n|\n|-weather|RainDance|[upkeep]\n|upkeep\n|turn|30\n|\n|t:|1698098816\n|-end|p2a: Ar\u0441eus-Fighting|confusion\n|move|p2a: Ar\u0441eus-Fighting|Dragon Dance|p2a: Ar\u0441eus-Fighting\n|-boost|p2a: Ar\u0441eus-Fighting|atk|1\n|-boost|p2a: Ar\u0441eus-Fighting|spe|1\n|move|p1a: Arceus|Surf|p2a: Ar\u0441eus-Fighting\n|-supereffective|p2a: Ar\u0441eus-Fighting\n|-damage|p2a: Ar\u0441eus-Fighting|8\/100\n|\n|-weather|none\n|upkeep\n|turn|31\n|\n|t:|1698098822\n|switch|p1a: Pelipper|Pelipper, F|73\/100\n|-weather|RainDance|[from] ability: Drizzle|[of] p1a: Pelipper\n|move|p2a: Ar\u0441eus-Fighting|Flare Blitz|p1a: Pelipper\n|-resisted|p1a: Pelipper\n|-damage|p1a: Pelipper|45\/100\n|-damage|p2a: Ar\u0441eus-Fighting|0 fnt|[from] Recoil\n|faint|p2a: Ar\u0441eus-Fighting\n|\n|-weather|RainDance|[upkeep]\n|upkeep\n|\n|t:|1698098824\n|switch|p2a: ThanksMeemMeyn|Spectrier|36\/100\n|turn|32\n|inactive|imJV has 270 seconds left.\n|\n|t:|1698098830\n|move|p2a: ThanksMeemMeyn|Shadow Ball|p1a: Pelipper\n|-damage|p1a: Pelipper|0 fnt\n|faint|p1a: Pelipper\n|-ability|p2a: ThanksMeemMeyn|Grim Neigh|boost\n|-boost|p2a: ThanksMeemMeyn|spa|1\n|-damage|p2a: ThanksMeemMeyn|26\/100|[from] item: Life Orb\n|\n|-weather|RainDance|[upkeep]\n|upkeep\n|\n|t:|1698098833\n|switch|p1a: Arceus|Arceus-Poison|76\/100\n|turn|33\n|\n|t:|1698098842\n|move|p2a: ThanksMeemMeyn|Shadow Ball|p1a: Arceus\n|-damage|p1a: Arceus|14\/100\n|-damage|p2a: ThanksMeemMeyn|16\/100|[from] item: Life Orb\n|move|p1a: Arceus|Surf|p2a: ThanksMeemMeyn\n|-damage|p2a: ThanksMeemMeyn|0 fnt\n|faint|p2a: ThanksMeemMeyn\n|\n|win|imJV\n|c|\u2606XpokVEVO|no way\n|l|\u2606XpokVEVO\n|c|\u2606imJV|gg\n|j|\u2606XpokVEVO\n|player|p2|XpokVEVO|rika\n","uploadtime":1698098846,"views":78,"p1id":"imjv","p2id":"xpokvevo","formatid":"gen9ubers","rating":0,"private":0,"password":""}