{"id":"gen9ubers-1990008798","p1":"Lynxtye","p2":"Mizuki thumbs up","format":"[Gen 9] Ubers","log":"|j|\u2606Lynxtye\n|j|\u2606Mizuki thumbs up\n|t:|1699914927\n|gametype|singles\n|player|p1|Lynxtye|ethan|1072\n|player|p2|Mizuki thumbs up|102|1045\n|teamsize|p1|6\n|teamsize|p2|6\n|gen|9\n|tier|[Gen 9] Ubers\n|rated|\n|rule|Sleep Clause Mod: Limit one foe put to sleep\n|rule|Species Clause: Limit one of each Pok\u00e9mon\n|rule|OHKO Clause: OHKO moves are banned\n|rule|Evasion Items Clause: Evasion items are banned\n|rule|Evasion Moves Clause: Evasion moves are banned\n|rule|Endless Battle Clause: Forcing endless battles is banned\n|rule|HP Percentage Mod: HP is shown in percentages\n|clearpoke\n|poke|p1|Glimmora, F|\n|poke|p1|Espathra, F|\n|poke|p1|Avalugg, F|\n|poke|p1|Veluza, F|\n|poke|p1|Gogoat, F|\n|poke|p1|Kingambit, F|\n|poke|p2|Koraidon|\n|poke|p2|Miraidon|\n|poke|p2|Zamazenta-*|\n|poke|p2|Arceus-Fairy|\n|poke|p2|Ting-Lu|\n|poke|p2|Skeledirge, M|\n|teampreview\n|inactive|Battle timer is ON: inactive players will automatically lose when time's up. (requested by Lynxtye)\n|\n|t:|1699914931\n|start\n|switch|p1a: Glimmora|Glimmora, F|100\/100\n|switch|p2a: GIGANTER KAI|Ting-Lu|100\/100\n|-ability|p2a: GIGANTER KAI|Vessel of Ruin\n|turn|1\n|\n|t:|1699914939\n|move|p1a: Glimmora|Energy Ball|p2a: GIGANTER KAI\n|-supereffective|p2a: GIGANTER KAI\n|-damage|p2a: GIGANTER KAI|57\/100\n|-enditem|p2a: GIGANTER KAI|Red Card|[of] p1a: Glimmora\n|drag|p1a: Kingambit|Kingambit, F|100\/100\n|move|p2a: GIGANTER KAI|Stealth Rock|p1a: Kingambit\n|-sidestart|p1: Lynxtye|move: Stealth Rock\n|\n|upkeep\n|turn|2\n|\n|t:|1699914954\n|-end|p1a: Kingambit|fallenundefined|[silent]\n|switch|p1a: Avalugg|Avalugg, F|100\/100\n|move|p2a: GIGANTER KAI|Ruination|p1a: Avalugg\n|-damage|p1a: Avalugg|50\/100\n|\n|upkeep\n|turn|3\n|\n|t:|1699914965\n|move|p2a: GIGANTER KAI|Earthquake|p1a: Avalugg\n|-damage|p1a: Avalugg|32\/100\n|move|p1a: Avalugg|Avalanche|p2a: GIGANTER KAI\n|-supereffective|p2a: GIGANTER KAI\n|-damage|p2a: GIGANTER KAI|8\/100\n|\n|upkeep\n|turn|4\n|\n|t:|1699914979\n|move|p1a: Avalugg|Avalanche|p2a: GIGANTER KAI\n|-supereffective|p2a: GIGANTER KAI\n|-damage|p2a: GIGANTER KAI|0 fnt\n|faint|p2a: GIGANTER KAI\n|\n|upkeep\n|\n|t:|1699914986\n|switch|p2a: EXE BEAST|Skeledirge, M|100\/100\n|turn|5\n|\n|t:|1699914992\n|move|p2a: EXE BEAST|Torch Song|p1a: Avalugg\n|-supereffective|p1a: Avalugg\n|-damage|p1a: Avalugg|0 fnt\n|-boost|p2a: EXE BEAST|spa|1\n|faint|p1a: Avalugg\n|\n|upkeep\n|\n|t:|1699914996\n|switch|p1a: Glimmora|Glimmora, F|100\/100\n|-damage|p1a: Glimmora|88\/100|[from] Stealth Rock\n|turn|6\n|\n|t:|1699915004\n|move|p1a: Glimmora|Power Gem|p2a: EXE BEAST\n|-supereffective|p2a: EXE BEAST\n|-damage|p2a: EXE BEAST|30\/100\n|move|p2a: EXE BEAST|Earth Power|p1a: Glimmora\n|-supereffective|p1a: Glimmora\n|-damage|p1a: Glimmora|0 fnt\n|faint|p1a: Glimmora\n|\n|upkeep\n|\n|t:|1699915007\n|switch|p1a: Espathra|Espathra, F|100\/100\n|-damage|p1a: Espathra|88\/100|[from] Stealth Rock\n|turn|7\n|\n|t:|1699915026\n|move|p1a: Espathra|Shadow Ball|p2a: EXE BEAST\n|-supereffective|p2a: EXE BEAST\n|-damage|p2a: EXE BEAST|0 fnt\n|faint|p2a: EXE BEAST\n|\n|-ability|p1a: Espathra|Speed Boost|boost\n|-boost|p1a: Espathra|spe|1\n|upkeep\n|inactive|Mizuki thumbs up has 120 seconds left.\n|\n|t:|1699915054\n|switch|p2a: RIDE THE LIGHTNING|Miraidon|100\/100\n|-fieldstart|move: Electric Terrain|[from] ability: Hadron Engine|[of] p2a: RIDE THE LIGHTNING\n|turn|8\n|inactive|Mizuki thumbs up has 120 seconds left.\n|\n|t:|1699915067\n|move|p1a: Espathra|Dazzling Gleam|p2a: RIDE THE LIGHTNING\n|-supereffective|p2a: RIDE THE LIGHTNING\n|-damage|p2a: RIDE THE LIGHTNING|49\/100\n|move|p2a: RIDE THE LIGHTNING|Electro Drift|p1a: Espathra\n|-damage|p1a: Espathra|0 fnt\n|faint|p1a: Espathra\n|\n|upkeep\n|\n|t:|1699915070\n|switch|p1a: Gogoat|Gogoat, F|100\/100\n|-damage|p1a: Gogoat|88\/100|[from] Stealth Rock\n|turn|9\n|inactive|Mizuki thumbs up has 120 seconds left.\n|\n|t:|1699915086\n|move|p2a: RIDE THE LIGHTNING|U-turn|p1a: Gogoat\n|-supereffective|p1a: Gogoat\n|-damage|p1a: Gogoat|65\/100\n|\n|t:|1699915103\n|switch|p2a: TYRANT RAVE|Koraidon|100\/100|[from] U-turn\n|-weather|SunnyDay|[from] ability: Orichalcum Pulse|[of] p2a: TYRANT RAVE\n|-activate|p2a: TYRANT RAVE|Orichalcum Pulse|[source]\n|move|p1a: Gogoat|Earthquake|p2a: TYRANT RAVE\n|-damage|p2a: TYRANT RAVE|79\/100\n|\n|-weather|SunnyDay|[upkeep]\n|-heal|p1a: Gogoat|72\/100|[from] item: Leftovers\n|upkeep\n|turn|10\n|\n|t:|1699915114\n|move|p2a: TYRANT RAVE|Flare Blitz|p1a: Gogoat\n|-supereffective|p1a: Gogoat\n|-damage|p1a: Gogoat|0 fnt\n|faint|p1a: Gogoat\n|-damage|p2a: TYRANT RAVE|52\/100|[from] Recoil\n|\n|-weather|SunnyDay|[upkeep]\n|upkeep\n|\n|t:|1699915116\n|switch|p1a: Veluza|Veluza, F|100\/100\n|-damage|p1a: Veluza|88\/100|[from] Stealth Rock\n|turn|11\n|\n|t:|1699915140\n|-terastallize|p2a: TYRANT RAVE|Ghost\n|move|p2a: TYRANT RAVE|Swords Dance|p2a: TYRANT RAVE\n|-boost|p2a: TYRANT RAVE|atk|2\n|move|p1a: Veluza|Psycho Cut|p2a: TYRANT RAVE\n|-damage|p2a: TYRANT RAVE|5\/100\n|\n|-weather|SunnyDay|[upkeep]\n|upkeep\n|turn|12\n|\n|t:|1699915148\n|move|p2a: TYRANT RAVE|Scale Shot|p1a: Veluza\n|-damage|p1a: Veluza|39\/100\n|-damage|p1a: Veluza|0 fnt\n|faint|p1a: Veluza\n|-hitcount|p1: Veluza|2\n|-unboost|p2a: TYRANT RAVE|def|1\n|-boost|p2a: TYRANT RAVE|spe|1\n|\n|-weather|SunnyDay|[upkeep]\n|-fieldend|move: Electric Terrain\n|upkeep\n|\n|t:|1699915150\n|switch|p1a: Kingambit|Kingambit, F|100\/100\n|-damage|p1a: Kingambit|94\/100|[from] Stealth Rock\n|-activate|p1a: Kingambit|ability: Supreme Overlord\n|-start|p1a: Kingambit|fallen5|[silent]\n|turn|13\n|\n|t:|1699915162\n|-terastallize|p1a: Kingambit|Flying\n|move|p1a: Kingambit|Sucker Punch|p2a: TYRANT RAVE\n|-supereffective|p2a: TYRANT RAVE\n|-damage|p2a: TYRANT RAVE|0 fnt\n|faint|p2a: TYRANT RAVE\n|\n|-weather|none\n|upkeep\n|\n|t:|1699915179\n|switch|p2a: RIDE THE LIGHTNING|Miraidon|49\/100\n|-fieldstart|move: Electric Terrain|[from] ability: Hadron Engine|[of] p2a: RIDE THE LIGHTNING\n|turn|14\n|\n|t:|1699915184\n|move|p1a: Kingambit|Sucker Punch|p2a: RIDE THE LIGHTNING\n|-damage|p2a: RIDE THE LIGHTNING|0 fnt\n|faint|p2a: RIDE THE LIGHTNING\n|\n|upkeep\n|\n|t:|1699915189\n|switch|p2a: DEUS EX MACHINA|Arceus-Fairy|100\/100\n|turn|15\n|\n|t:|1699915196\n|move|p2a: DEUS EX MACHINA|Judgment|p1a: Kingambit\n|-damage|p1a: Kingambit|55\/100\n|move|p1a: Kingambit|Iron Head|p2a: DEUS EX MACHINA\n|-supereffective|p2a: DEUS EX MACHINA\n|-damage|p2a: DEUS EX MACHINA|10\/100\n|\n|upkeep\n|turn|16\n|\n|t:|1699915223\n|move|p1a: Kingambit|Sucker Punch||[still]\n|-fail|p1a: Kingambit\n|move|p2a: DEUS EX MACHINA|Will-O-Wisp|p1a: Kingambit|[miss]\n|-miss|p2a: DEUS EX MACHINA|p1a: Kingambit\n|\n|upkeep\n|turn|17\n|\n|t:|1699915231\n|move|p1a: Kingambit|Sucker Punch||[still]\n|-fail|p1a: Kingambit\n|move|p2a: DEUS EX MACHINA|Will-O-Wisp|p1a: Kingambit|[miss]\n|-miss|p2a: DEUS EX MACHINA|p1a: Kingambit\n|\n|upkeep\n|turn|18\n|\n|t:|1699915238\n|move|p2a: DEUS EX MACHINA|Will-O-Wisp|p1a: Kingambit|[miss]\n|-miss|p2a: DEUS EX MACHINA|p1a: Kingambit\n|move|p1a: Kingambit|Iron Head|p2a: DEUS EX MACHINA\n|-supereffective|p2a: DEUS EX MACHINA\n|-damage|p2a: DEUS EX MACHINA|0 fnt\n|faint|p2a: DEUS EX MACHINA\n|\n|-fieldend|move: Electric Terrain\n|upkeep\n|\n|t:|1699915245\n|switch|p2a: STAHLWIRBEL|Zamazenta-Crowned|100\/100\n|-ability|p2a: STAHLWIRBEL|Dauntless Shield|boost\n|-boost|p2a: STAHLWIRBEL|def|1\n|turn|19\n|\n|t:|1699915250\n|move|p2a: STAHLWIRBEL|Substitute|p2a: STAHLWIRBEL\n|-start|p2a: STAHLWIRBEL|Substitute\n|-damage|p2a: STAHLWIRBEL|76\/100\n|move|p1a: Kingambit|Brick Break|p2a: STAHLWIRBEL\n|-supereffective|p2a: STAHLWIRBEL\n|-end|p2a: STAHLWIRBEL|Substitute\n|\n|upkeep\n|turn|20\n|\n|t:|1699915260\n|move|p2a: STAHLWIRBEL|Iron Defense|p2a: STAHLWIRBEL\n|-boost|p2a: STAHLWIRBEL|def|2\n|move|p1a: Kingambit|Brick Break|p2a: STAHLWIRBEL\n|-supereffective|p2a: STAHLWIRBEL\n|-damage|p2a: STAHLWIRBEL|51\/100\n|\n|upkeep\n|turn|21\n|inactive|Mizuki thumbs up has 120 seconds left.\n|\n|t:|1699915268\n|move|p2a: STAHLWIRBEL|Body Press|p1a: Kingambit\n|-resisted|p1a: Kingambit\n|-damage|p1a: Kingambit|22\/100\n|move|p1a: Kingambit|Brick Break|p2a: STAHLWIRBEL\n|-supereffective|p2a: STAHLWIRBEL\n|-damage|p2a: STAHLWIRBEL|29\/100\n|\n|upkeep\n|turn|22\n|\n|t:|1699915275\n|move|p2a: STAHLWIRBEL|Body Press|p1a: Kingambit\n|-resisted|p1a: Kingambit\n|-damage|p1a: Kingambit|0 fnt\n|faint|p1a: Kingambit\n|-end|p1a: Kingambit|fallen5|[silent]\n|\n|win|Mizuki thumbs up\n|raw|Lynxtye's rating: 1072 &rarr; <strong>1050<\/strong><br \/>(-22 for losing)\n|raw|Mizuki thumbs up's rating: 1045 &rarr; <strong>1081<\/strong><br \/>(+36 for winning)\n|l|\u2606Lynxtye\n","uploadtime":1699915290,"views":14,"p1id":"lynxtye","p2id":"mizukithumbsup","formatid":"gen9ubers","rating":1050,"private":0,"password":""}