{"id":"gen9ubers-1985551756","p1":"Sunsteelceus","p2":"Temple OS Admin","format":"[Gen 9] Ubers","log":"|j|\u2606Sunsteelceus\n|j|\u2606Temple OS Admin\n|t:|1699383964\n|gametype|singles\n|player|p1|Sunsteelceus|red|\n|player|p2|Temple OS Admin|dahlia|\n|teamsize|p1|6\n|teamsize|p2|6\n|gen|9\n|tier|[Gen 9] Ubers\n|rated|Tournament battle\n|rule|Sleep Clause Mod: Limit one foe put to sleep\n|rule|Species Clause: Limit one of each Pok\u00e9mon\n|rule|OHKO Clause: OHKO moves are banned\n|rule|Evasion Items Clause: Evasion items are banned\n|rule|Evasion Moves Clause: Evasion moves are banned\n|rule|Endless Battle Clause: Forcing endless battles is banned\n|rule|HP Percentage Mod: HP is shown in percentages\n|clearpoke\n|poke|p1|Corviknight, M|\n|poke|p1|Blissey, F|\n|poke|p1|Dondozo, M|\n|poke|p1|Toxapex, F|\n|poke|p1|Arceus-Ground|\n|poke|p1|Clodsire, F|\n|poke|p2|Regieleki|\n|poke|p2|Ting-Lu|\n|poke|p2|Skeledirge, M|\n|poke|p2|Blissey, F|\n|poke|p2|Miraidon|\n|poke|p2|Arceus-Ground|\n|teampreview\n|c|\u2606Sunsteelceus|Glgl\n|inactive|Battle timer is ON: inactive players will automatically lose when time's up. (requested by Temple OS Admin)\n|\n|t:|1699383982\n|start\n|switch|p1a: Blissey|Blissey, F|100\/100\n|switch|p2a: Regieleki|Regieleki|100\/100\n|turn|1\n|\n|t:|1699383989\n|move|p2a: Regieleki|Volt Switch|p1a: Blissey\n|-damage|p1a: Blissey|85\/100\n|\n|t:|1699383998\n|switch|p2a: Ting-Lu|Ting-Lu|100\/100|[from] Volt Switch\n|-ability|p2a: Ting-Lu|Vessel of Ruin\n|move|p1a: Blissey|Stealth Rock|p2a: Ting-Lu\n|-sidestart|p2: Temple OS Admin|move: Stealth Rock\n|\n|upkeep\n|turn|2\n|inactive|Sunsteelceus has 120 seconds left.\n|j|+corvere\u2665\n|\n|t:|1699384037\n|switch|p1a: Arceus|Arceus-Ground|100\/100\n|move|p2a: Ting-Lu|Stealth Rock|p1a: Arceus\n|-sidestart|p1: Sunsteelceus|move: Stealth Rock\n|\n|upkeep\n|turn|3\n|\n|t:|1699384042\n|move|p1a: Arceus|Calm Mind|p1a: Arceus\n|-boost|p1a: Arceus|spa|1\n|-boost|p1a: Arceus|spd|1\n|move|p2a: Ting-Lu|Whirlwind|p1a: Arceus\n|drag|p1a: Toxapex|Toxapex, F|100\/100\n|\n|upkeep\n|turn|4\n|\n|t:|1699384050\n|move|p2a: Ting-Lu|Spikes|p1a: Toxapex\n|-sidestart|p1: Sunsteelceus|Spikes\n|move|p1a: Toxapex|Toxic Spikes|p2a: Ting-Lu\n|-sidestart|p2: Temple OS Admin|move: Toxic Spikes\n|\n|upkeep\n|turn|5\n|l|\u2606Temple OS Admin\n|inactive|Temple OS Admin disconnected and has a minute to reconnect!\n|player|p2|\n|inactive|Temple OS Admin has 30 seconds to reconnect!\n|j|\u2606Temple OS Admin\n|inactive|Temple OS Admin reconnected and has 105 seconds left.\n|player|p2|Temple OS Admin|dahlia\n|\n|t:|1699384107\n|switch|p1a: Arceus|Arceus-Ground|100\/100\n|-damage|p1a: Arceus|94\/100|[from] Stealth Rock\n|-damage|p1a: Arceus|82\/100|[from] Spikes\n|move|p2a: Ting-Lu|Earthquake|p1a: Arceus\n|-damage|p1a: Arceus|64\/100\n|\n|upkeep\n|turn|6\n|\n|t:|1699384118\n|move|p1a: Arceus|Ice Beam|p2a: Ting-Lu\n|-supereffective|p2a: Ting-Lu\n|-damage|p2a: Ting-Lu|81\/100\n|move|p2a: Ting-Lu|Whirlwind|p1a: Arceus\n|drag|p1a: Dondozo|Dondozo, M|100\/100\n|\n|-heal|p2a: Ting-Lu|87\/100|[from] item: Leftovers\n|upkeep\n|turn|7\n|inactive|Temple OS Admin has 90 seconds left.\n|\n|t:|1699384157\n|move|p1a: Dondozo|Waterfall|p2a: Ting-Lu\n|-supereffective|p2a: Ting-Lu\n|-damage|p2a: Ting-Lu|57\/100\n|cant|p2a: Ting-Lu|flinch\n|\n|-heal|p2a: Ting-Lu|64\/100|[from] item: Leftovers\n|upkeep\n|turn|8\n|\n|t:|1699384173\n|switch|p2a: Miraidon|Miraidon|100\/100\n|-damage|p2a: Miraidon|88\/100|[from] Stealth Rock\n|-status|p2a: Miraidon|psn\n|-fieldstart|move: Electric Terrain|[from] ability: Hadron Engine|[of] p2a: Miraidon\n|move|p1a: Dondozo|Waterfall|p2a: Miraidon\n|-resisted|p2a: Miraidon\n|-damage|p2a: Miraidon|74\/100 psn\n|\n|-damage|p2a: Miraidon|61\/100 psn|[from] psn\n|upkeep\n|turn|9\n|\n|t:|1699384192\n|switch|p1a: Blissey|Blissey, F|85\/100\n|move|p2a: Miraidon|Draco Meteor|p1a: Blissey\n|-damage|p1a: Blissey|59\/100\n|-unboost|p2a: Miraidon|spa|2\n|\n|-damage|p2a: Miraidon|49\/100 psn|[from] psn\n|upkeep\n|turn|10\n|\n|t:|1699384201\n|switch|p2a: Skeledirge|Skeledirge, M|100\/100\n|move|p1a: Blissey|Soft-Boiled|p1a: Blissey\n|-heal|p1a: Blissey|100\/100\n|\n|upkeep\n|turn|11\n|\n|t:|1699384221\n|switch|p1a: Clodsire|Clodsire, F|100\/100\n|move|p2a: Skeledirge|Torch Song|p1a: Clodsire\n|-damage|p1a: Clodsire|86\/100\n|-boost|p2a: Skeledirge|spa|1\n|\n|upkeep\n|turn|12\n|\n|t:|1699384233\n|move|p2a: Skeledirge|Torch Song|p1a: Clodsire\n|-damage|p1a: Clodsire|69\/100\n|-boost|p2a: Skeledirge|spa|1\n|move|p1a: Clodsire|Poison Jab|p2a: Skeledirge\n|-resisted|p2a: Skeledirge\n|-damage|p2a: Skeledirge|94\/100\n|\n|-fieldend|move: Electric Terrain\n|upkeep\n|turn|13\n|\n|t:|1699384244\n|move|p2a: Skeledirge|Will-O-Wisp|p1a: Clodsire\n|-status|p1a: Clodsire|brn\n|move|p1a: Clodsire|Poison Jab|p2a: Skeledirge\n|-resisted|p2a: Skeledirge\n|-damage|p2a: Skeledirge|91\/100\n|\n|-damage|p1a: Clodsire|63\/100 brn|[from] brn\n|upkeep\n|turn|14\n|\n|t:|1699384256\n|move|p2a: Skeledirge|Torch Song|p1a: Clodsire\n|-damage|p1a: Clodsire|46\/100 brn\n|-boost|p2a: Skeledirge|spa|1\n|move|p1a: Clodsire|Recover|p1a: Clodsire\n|-heal|p1a: Clodsire|96\/100 brn\n|\n|-damage|p1a: Clodsire|90\/100 brn|[from] brn\n|upkeep\n|turn|15\n|j| theprofessonal\n|\n|t:|1699384264\n|move|p2a: Skeledirge|Torch Song|p1a: Clodsire\n|-damage|p1a: Clodsire|75\/100 brn\n|-boost|p2a: Skeledirge|spa|1\n|move|p1a: Clodsire|Poison Jab|p2a: Skeledirge\n|-resisted|p2a: Skeledirge\n|-damage|p2a: Skeledirge|88\/100\n|\n|-damage|p1a: Clodsire|68\/100 brn|[from] brn\n|upkeep\n|turn|16\n|inactive|Temple OS Admin has 90 seconds left.\n|\n|t:|1699384274\n|move|p2a: Skeledirge|Earth Power|p1a: Clodsire\n|-supereffective|p1a: Clodsire\n|-damage|p1a: Clodsire|43\/100 brn\n|move|p1a: Clodsire|Poison Jab|p2a: Skeledirge\n|-resisted|p2a: Skeledirge\n|-damage|p2a: Skeledirge|85\/100\n|\n|-damage|p1a: Clodsire|37\/100 brn|[from] brn\n|upkeep\n|turn|17\n|\n|t:|1699384282\n|move|p2a: Skeledirge|Earth Power|p1a: Clodsire\n|-supereffective|p1a: Clodsire\n|-damage|p1a: Clodsire|13\/100 brn\n|move|p1a: Clodsire|Recover|p1a: Clodsire\n|-heal|p1a: Clodsire|63\/100 brn\n|\n|-damage|p1a: Clodsire|56\/100 brn|[from] brn\n|upkeep\n|turn|18\n|inactive|Sunsteelceus has 120 seconds left.\n|\n|t:|1699384336\n|move|p2a: Skeledirge|Earth Power|p1a: Clodsire\n|-supereffective|p1a: Clodsire\n|-damage|p1a: Clodsire|33\/100 brn\n|move|p1a: Clodsire|Recover|p1a: Clodsire\n|-heal|p1a: Clodsire|83\/100 brn\n|\n|-damage|p1a: Clodsire|77\/100 brn|[from] brn\n|upkeep\n|turn|19\n|\n|t:|1699384345\n|move|p2a: Skeledirge|Earth Power|p1a: Clodsire\n|-supereffective|p1a: Clodsire\n|-damage|p1a: Clodsire|51\/100 brn\n|move|p1a: Clodsire|Poison Jab|p2a: Skeledirge\n|-resisted|p2a: Skeledirge\n|-damage|p2a: Skeledirge|82\/100\n|\n|-damage|p1a: Clodsire|45\/100 brn|[from] brn\n|upkeep\n|turn|20\n|inactive|Sunsteelceus has 90 seconds left.\n|c|\u2606Sunsteelceus|Clodsire stuffling to do its one job\n|inactive|Sunsteelceus has 60 seconds left.\n|\n|t:|1699384408\n|move|p2a: Skeledirge|Earth Power|p1a: Clodsire\n|-supereffective|p1a: Clodsire\n|-damage|p1a: Clodsire|20\/100 brn\n|move|p1a: Clodsire|Recover|p1a: Clodsire\n|-heal|p1a: Clodsire|70\/100 brn\n|\n|-damage|p1a: Clodsire|64\/100 brn|[from] brn\n|upkeep\n|turn|21\n|inactive|Temple OS Admin has 90 seconds left.\n|\n|t:|1699384441\n|move|p2a: Skeledirge|Earth Power|p1a: Clodsire\n|-supereffective|p1a: Clodsire\n|-damage|p1a: Clodsire|42\/100 brn\n|-unboost|p1a: Clodsire|spd|1\n|move|p1a: Clodsire|Poison Jab|p2a: Skeledirge\n|-resisted|p2a: Skeledirge\n|-damage|p2a: Skeledirge|79\/100\n|\n|-damage|p1a: Clodsire|36\/100 brn|[from] brn\n|upkeep\n|turn|22\n|c|\u2606Temple OS Admin|this is so boring\n|inactive|Sunsteelceus has 60 seconds left.\n|\n|t:|1699384464\n|switch|p1a: Dondozo|Dondozo, M|100\/100\n|move|p2a: Skeledirge|Earth Power|p1a: Dondozo\n|-damage|p1a: Dondozo|79\/100\n|\n|upkeep\n|turn|23\n|inactive|Temple OS Admin has 90 seconds left.\n|\n|t:|1699384494\n|switch|p2a: Regieleki|Regieleki|100\/100\n|-damage|p2a: Regieleki|88\/100|[from] Stealth Rock\n|-status|p2a: Regieleki|psn\n|switch|p1a: Arceus|Arceus-Ground|64\/100\n|-damage|p1a: Arceus|58\/100|[from] Stealth Rock\n|-damage|p1a: Arceus|46\/100|[from] Spikes\n|\n|-damage|p2a: Regieleki|76\/100 psn|[from] psn\n|upkeep\n|turn|24\n|inactive|Sunsteelceus has 60 seconds left.\n|\n|t:|1699384542\n|-terastallize|p2a: Regieleki|Ice\n|move|p2a: Regieleki|Tera Blast|p1a: Arceus|[anim] Tera Blast Ice\n|-supereffective|p1a: Arceus\n|-damage|p1a: Arceus|0 fnt\n|faint|p1a: Arceus\n|\n|-damage|p2a: Regieleki|64\/100 psn|[from] psn\n|upkeep\n|inactive|Sunsteelceus has 30 seconds left.\n|\n|t:|1699384554\n|switch|p1a: Blissey|Blissey, F|100\/100\n|turn|25\n|\n|t:|1699384558\n|move|p2a: Regieleki|Rapid Spin|p1a: Blissey\n|-damage|p1a: Blissey|90\/100\n|-boost|p2a: Regieleki|spe|1\n|-sideend|p2: Temple OS Admin|Toxic Spikes|[from] move: Rapid Spin|[of] p2a: Regieleki\n|-sideend|p2: Temple OS Admin|Stealth Rock|[from] move: Rapid Spin|[of] p2a: Regieleki\n|move|p1a: Blissey|Seismic Toss|p2a: Regieleki\n|-damage|p2a: Regieleki|30\/100 psn\n|\n|-damage|p2a: Regieleki|18\/100 psn|[from] psn\n|upkeep\n|turn|26\n|\n|t:|1699384577\n|move|p2a: Regieleki|Volt Switch|p1a: Blissey\n|-damage|p1a: Blissey|76\/100\n|inactive|Temple OS Admin has 90 seconds left.\n|inactive|Temple OS Admin has 60 seconds left.\n|\n|t:|1699384622\n|switch|p2a: Ting-Lu|Ting-Lu|64\/100|[from] Volt Switch\n|-ability|p2a: Ting-Lu|Vessel of Ruin\n|move|p1a: Blissey|Stealth Rock|p2a: Ting-Lu\n|-sidestart|p2: Temple OS Admin|move: Stealth Rock\n|\n|-heal|p2a: Ting-Lu|70\/100|[from] item: Leftovers\n|upkeep\n|turn|27\n|inactive|Temple OS Admin has 60 seconds left.\n|\n|t:|1699384642\n|switch|p1a: Toxapex|Toxapex, F|100\/100\n|move|p2a: Ting-Lu|Earthquake|p1a: Toxapex\n|-supereffective|p1a: Toxapex\n|-damage|p1a: Toxapex|58\/100\n|\n|-heal|p2a: Ting-Lu|76\/100|[from] item: Leftovers\n|upkeep\n|turn|28\n|\n|t:|1699384651\n|move|p2a: Ting-Lu|Earthquake|p1a: Toxapex\n|-supereffective|p1a: Toxapex\n|-damage|p1a: Toxapex|12\/100\n|move|p1a: Toxapex|Toxic Spikes|p2a: Ting-Lu\n|-sidestart|p2: Temple OS Admin|move: Toxic Spikes\n|\n|-heal|p2a: Ting-Lu|82\/100|[from] item: Leftovers\n|upkeep\n|turn|29\n|inactive|Sunsteelceus has 30 seconds left.\n|inactive|Sunsteelceus has 20 seconds left.\n|inactive|Sunsteelceus has 15 seconds left.\n|inactive|Sunsteelceus has 10 seconds left.\n|c|\u2606Temple OS Admin|please time out, i am falling asleep\n|inactive|Sunsteelceus has 5 seconds left.\n|-message|Sunsteelceus lost due to inactivity.\n|\n|win|Temple OS Admin\n|n|\u2606Sunsteelceus|sunsteelceus\n|n| corvere\u2665|corvere\n|n|\u2606Temple OS Admin|templeosadmin\n|n| theprofessonal|theprofessonal\n","uploadtime":1699384707,"views":4,"p1id":"sunsteelceus","p2id":"templeosadmin","formatid":"gen9ubers","rating":0,"private":0,"password":""}