{"id":"gen9ubers-1981025659","p1":"hannah_xyz","p2":"Leo Justice","format":"[Gen 9] Ubers","log":"|j|\u2606hannah_xyz\n|j|\u2606Leo Justice\n|t:|1698857718\n|gametype|singles\n|player|p1|hannah_xyz|caitlin|\n|player|p2|Leo Justice|carmine|\n|teamsize|p1|6\n|teamsize|p2|6\n|gen|9\n|tier|[Gen 9] Ubers\n|rule|Sleep Clause Mod: Limit one foe put to sleep\n|rule|Species Clause: Limit one of each Pok\u00e9mon\n|rule|OHKO Clause: OHKO moves are banned\n|rule|Evasion Items Clause: Evasion items are banned\n|rule|Evasion Moves Clause: Evasion moves are banned\n|rule|Endless Battle Clause: Forcing endless battles is banned\n|rule|HP Percentage Mod: HP is shown in percentages\n|clearpoke\n|poke|p1|Magearna|\n|poke|p1|Blissey, F|\n|poke|p1|Garganacl, M|\n|poke|p1|Arceus-Poison|\n|poke|p1|Rabsca, M|\n|poke|p1|Quagsire, M|\n|poke|p2|Blissey, F|\n|poke|p2|Moltres|\n|poke|p2|Arceus-Poison|\n|poke|p2|Garganacl, F|\n|poke|p2|Magearna|\n|poke|p2|Cyclizar, F|\n|teampreview\n|c|\u2606Leo Justice|Oh?\n|c|\u2606Leo Justice|Stall mirror I see\n|\n|t:|1698857770\n|start\n|switch|p1a: honk shoo|Blissey, F|100\/100\n|switch|p2a: Magearna|Magearna|100\/100\n|turn|1\n|\n|t:|1698857774\n|move|p2a: Magearna|Spikes|p1a: honk shoo\n|-sidestart|p1: hannah_xyz|Spikes\n|move|p1a: honk shoo|Stealth Rock|p2a: Magearna\n|-sidestart|p2: Leo Justice|move: Stealth Rock\n|\n|upkeep\n|turn|2\n|\n|t:|1698857785\n|switch|p1a: mimimimimi|Arceus-Poison|100\/100\n|-damage|p1a: mimimimimi|88\/100|[from] Spikes\n|move|p2a: Magearna|Spikes|p1a: mimimimimi\n|-sidestart|p1: hannah_xyz|Spikes\n|\n|upkeep\n|turn|3\n|\n|t:|1698857795\n|move|p1a: mimimimimi|Taunt|p2a: Magearna\n|-start|p2a: Magearna|move: Taunt\n|cant|p2a: Magearna|move: Taunt|Encore\n|\n|upkeep\n|turn|4\n|\n|t:|1698857800\n|move|p1a: mimimimimi|Will-O-Wisp|p2a: Magearna\n|-status|p2a: Magearna|brn\n|move|p2a: Magearna|Ice Beam|p1a: mimimimimi\n|-damage|p1a: mimimimimi|72\/100\n|\n|-damage|p2a: Magearna|94\/100 brn|[from] brn\n|upkeep\n|turn|5\n|\n|t:|1698857810\n|switch|p1a: yawn|Garganacl, M|100\/100\n|-damage|p1a: yawn|84\/100|[from] Spikes\n|switch|p2a: Garganacl|Garganacl, F|100\/100\n|-damage|p2a: Garganacl|88\/100|[from] Stealth Rock\n|\n|-heal|p2a: Garganacl|94\/100|[from] item: Leftovers\n|-heal|p1a: yawn|90\/100|[from] item: Leftovers\n|upkeep\n|turn|6\n|\n|t:|1698857819\n|move|p1a: yawn|Salt Cure|p2a: Garganacl\n|-damage|p2a: Garganacl|88\/100\n|-start|p2a: Garganacl|Salt Cure\n|move|p2a: Garganacl|Salt Cure|p1a: yawn\n|-damage|p1a: yawn|81\/100\n|-start|p1a: yawn|Salt Cure\n|\n|-heal|p2a: Garganacl|94\/100|[from] item: Leftovers\n|-heal|p1a: yawn|87\/100|[from] item: Leftovers\n|-damage|p1a: yawn|75\/100|[from] Salt Cure\n|-damage|p2a: Garganacl|81\/100|[from] Salt Cure\n|upkeep\n|turn|7\n|\n|t:|1698857845\n|switch|p2a: Cyclizar|Cyclizar, F|100\/100\n|switch|p1a: Quagsire|Quagsire, M|100\/100\n|-damage|p1a: Quagsire|84\/100|[from] Spikes\n|\n|-heal|p1a: Quagsire|90\/100|[from] item: Leftovers\n|upkeep\n|turn|8\n|\n|t:|1698857855\n|move|p2a: Cyclizar|Taunt|p1a: Quagsire\n|-start|p1a: Quagsire|move: Taunt\n|cant|p1a: Quagsire|move: Taunt|Curse\n|\n|-heal|p1a: Quagsire|96\/100|[from] item: Leftovers\n|upkeep\n|turn|9\n|\n|t:|1698857870\n|move|p2a: Cyclizar|Rapid Spin|p1a: Quagsire\n|-damage|p1a: Quagsire|84\/100\n|-boost|p2a: Cyclizar|spe|1\n|-sideend|p2: Leo Justice|Stealth Rock|[from] move: Rapid Spin|[of] p2a: Cyclizar\n|move|p1a: Quagsire|Liquidation|p2a: Cyclizar\n|-resisted|p2a: Cyclizar\n|-damage|p2a: Cyclizar|83\/100\n|-unboost|p2a: Cyclizar|def|1\n|\n|-heal|p1a: Quagsire|91\/100|[from] item: Leftovers\n|upkeep\n|turn|10\n|\n|t:|1698857887\n|switch|p1a: mimimimimi|Arceus-Poison|72\/100\n|-damage|p1a: mimimimimi|56\/100|[from] Spikes\n|move|p2a: Cyclizar|Knock Off|p1a: mimimimimi\n|-damage|p1a: mimimimimi|48\/100\n|\n|upkeep\n|turn|11\n|\n|t:|1698857905\n|move|p2a: Cyclizar|Shed Tail|p2a: Cyclizar\n|-start|p2a: Cyclizar|Substitute|[from] move: Shed Tail\n|-damage|p2a: Cyclizar|33\/100\n|\n|t:|1698857930\n|switch|p2a: Magearna|Magearna|94\/100 brn|[from] Shed Tail\n|move|p1a: mimimimimi|Recover|p1a: mimimimimi\n|-heal|p1a: mimimimimi|98\/100\n|\n|-heal|p2a: Magearna|100\/100 brn|[from] item: Leftovers\n|-damage|p2a: Magearna|94\/100 brn|[from] brn\n|upkeep\n|turn|12\n|\n|t:|1698857938\n|move|p1a: mimimimimi|Taunt|p2a: Magearna\n|-start|p2a: Magearna|move: Taunt\n|cant|p2a: Magearna|move: Taunt|Encore\n|\n|-heal|p2a: Magearna|100\/100 brn|[from] item: Leftovers\n|-damage|p2a: Magearna|94\/100 brn|[from] brn\n|upkeep\n|turn|13\n|\n|t:|1698857975\n|switch|p1a: Quagsire|Quagsire, M|91\/100\n|-damage|p1a: Quagsire|74\/100|[from] Spikes\n|move|p2a: Magearna|Ice Beam|p1a: Quagsire\n|-damage|p1a: Quagsire|41\/100\n|\n|-heal|p2a: Magearna|100\/100 brn|[from] item: Leftovers\n|-heal|p1a: Quagsire|47\/100|[from] item: Leftovers\n|-damage|p2a: Magearna|94\/100 brn|[from] brn\n|upkeep\n|turn|14\n|\n|t:|1698858001\n|move|p2a: Magearna|Ice Beam|p1a: Quagsire\n|-damage|p1a: Quagsire|14\/100\n|move|p1a: Quagsire|Liquidation|p2a: Magearna\n|-crit|p2a: Magearna\n|-end|p2a: Magearna|Substitute\n|\n|-heal|p2a: Magearna|100\/100 brn|[from] item: Leftovers\n|-heal|p1a: Quagsire|20\/100|[from] item: Leftovers\n|-damage|p2a: Magearna|94\/100 brn|[from] brn\n|-end|p2a: Magearna|move: Taunt\n|upkeep\n|turn|15\n|\n|t:|1698858013\n|-terastallize|p1a: Quagsire|Steel\n|move|p2a: Magearna|Ice Beam|p1a: Quagsire\n|-resisted|p1a: Quagsire\n|-damage|p1a: Quagsire|6\/100\n|move|p1a: Quagsire|Rest|p1a: Quagsire\n|-status|p1a: Quagsire|slp|[from] move: Rest\n|-heal|p1a: Quagsire|100\/100 slp|[silent]\n|\n|-heal|p2a: Magearna|100\/100 brn|[from] item: Leftovers\n|-damage|p2a: Magearna|94\/100 brn|[from] brn\n|upkeep\n|turn|16\n|c|\u2606Leo Justice|???\n|c|\u2606Leo Justice|Quag gets recover\n|\n|t:|1698858041\n|move|p2a: Magearna|Spikes|p1a: Quagsire\n|-sidestart|p1: hannah_xyz|Spikes\n|cant|p1a: Quagsire|slp\n|move|p1a: Quagsire|Sleep Talk|p1a: Quagsire\n|move|p1a: Quagsire|Rest||[from]move: Sleep Talk|[still]\n|-fail|p1a: Quagsire\n|\n|-heal|p2a: Magearna|100\/100 brn|[from] item: Leftovers\n|-damage|p2a: Magearna|94\/100 brn|[from] brn\n|upkeep\n|turn|17\n|-message|hannah_xyz forfeited.\n|\n|win|Leo Justice\n|l|\u2606hannah_xyz\n","uploadtime":1698858110,"views":16,"p1id":"hannahxyz","p2id":"leojustice","formatid":"gen9ubers","rating":0,"private":0,"password":""}