{"id":"gen9ubers-1991516727","p1":"Zionox","p2":"sussymatd","format":"[Gen 9] Ubers","log":"|j|\u2606Zionox\n|j|\u2606sussymatd\n|t:|1700084157\n|gametype|singles\n|player|p1|Zionox|ghetsis|\n|player|p2|sussymatd|steven|\n|teamsize|p1|6\n|teamsize|p2|6\n|gen|9\n|tier|[Gen 9] Ubers\n|rule|Sleep Clause Mod: Limit one foe put to sleep\n|rule|Species Clause: Limit one of each Pok\u00e9mon\n|rule|OHKO Clause: OHKO moves are banned\n|rule|Evasion Items Clause: Evasion items are banned\n|rule|Evasion Moves Clause: Evasion moves are banned\n|rule|Endless Battle Clause: Forcing endless battles is banned\n|rule|HP Percentage Mod: HP is shown in percentages\n|clearpoke\n|poke|p1|Walking Wake|\n|poke|p1|Cinderace, M|\n|poke|p1|Lilligant-Hisui, F|\n|poke|p1|Torkoal, F|\n|poke|p1|Kilowattrel, M|\n|poke|p1|Slither Wing|\n|poke|p2|Drifblim, M|\n|poke|p2|Pincurchin, M|\n|poke|p2|Iron Valiant|\n|poke|p2|Milotic, F|\n|poke|p2|Iron Treads|\n|poke|p2|Bellibolt, M|\n|teampreview\n|inactive|Battle timer is ON: inactive players will automatically lose when time's up. (requested by Zionox)\n|inactive|Zionox has 270 seconds left.\n|inactive|sussymatd has 270 seconds left.\n|inactiveoff|Battle timer is now OFF.\n|\n|t:|1700084214\n|start\n|switch|p1a: Tiny Dancer|Lilligant-Hisui, F|100\/100\n|switch|p2a: Milotic|Milotic, F|100\/100\n|turn|1\n|\n|t:|1700084270\n|switch|p2a: Pincurchin|Pincurchin, M|100\/100\n|-fieldstart|move: Electric Terrain|[from] ability: Electric Surge|[of] p2a: Pincurchin\n|move|p1a: Tiny Dancer|Victory Dance|p1a: Tiny Dancer\n|-boost|p1a: Tiny Dancer|atk|1\n|-boost|p1a: Tiny Dancer|def|1\n|-boost|p1a: Tiny Dancer|spe|1\n|\n|upkeep\n|turn|2\n|\n|t:|1700084299\n|switch|p2a: Bellibolt|Bellibolt, M|100\/100\n|move|p1a: Tiny Dancer|Close Combat|p2a: Bellibolt\n|-damage|p2a: Bellibolt|22\/100\n|-unboost|p1a: Tiny Dancer|def|1\n|-unboost|p1a: Tiny Dancer|spd|1\n|-start|p2a: Bellibolt|Charge|Close Combat|[from] ability: Electromorphosis\n|\n|upkeep\n|turn|3\n|l|\u2606Zionox\n|player|p1|\n|j|\u2606Zionox\n|player|p1|Zionox|ghetsis\n|inactive|Battle timer is ON: inactive players will automatically lose when time's up. (requested by Zionox)\n|\n|t:|1700084354\n|move|p1a: Tiny Dancer|Close Combat|p2a: Bellibolt\n|-damage|p2a: Bellibolt|0 fnt\n|-unboost|p1a: Tiny Dancer|def|1\n|-unboost|p1a: Tiny Dancer|spd|1\n|faint|p2a: Bellibolt\n|\n|upkeep\n|j| Hash_13\n|c| Hash_13|wooooooow go group 3\n|inactive|sussymatd has 270 seconds left.\n|\n|t:|1700084385\n|switch|p2a: Drifblim|Drifblim, M|100\/100\n|-enditem|p2a: Drifblim|Electric Seed\n|-boost|p2a: Drifblim|def|1|[from] item: Electric Seed\n|turn|4\n|\n|t:|1700084390\n|move|p2a: Drifblim|Air Slash|p1a: Tiny Dancer\n|-supereffective|p1a: Tiny Dancer\n|-enditem|p1a: Tiny Dancer|Focus Sash\n|-damage|p1a: Tiny Dancer|1\/100\n|cant|p1a: Tiny Dancer|flinch\n|\n|upkeep\n|turn|5\n|c|\u2606sussymatd|HUGE\n|c| Hash_13|that is a rough flinch\n|inactive|Zionox has 270 seconds left.\n|\n|t:|1700084423\n|switch|p1a: Biggest Bird|Kilowattrel, M|100\/100\n|move|p2a: Drifblim|Air Slash|p1a: Biggest Bird\n|-resisted|p1a: Biggest Bird\n|-damage|p1a: Biggest Bird|74\/100\n|\n|upkeep\n|turn|6\n|\n|t:|1700084431\n|move|p2a: Drifblim|Shadow Ball|p1a: Biggest Bird\n|-damage|p1a: Biggest Bird|9\/100\n|move|p1a: Biggest Bird|Tailwind|p1a: Biggest Bird\n|-sidestart|p1: Zionox|move: Tailwind\n|\n|upkeep\n|turn|7\n|\n|t:|1700084439\n|move|p1a: Biggest Bird|Thunder|p2a: Drifblim\n|-supereffective|p2a: Drifblim\n|-damage|p2a: Drifblim|0 fnt\n|faint|p2a: Drifblim\n|\n|upkeep\n|c|\u2606sussymatd|Nice\n|\n|t:|1700084450\n|switch|p2a: Iron Treads|Iron Treads|100\/100\n|-activate|p2a: Iron Treads|ability: Quark Drive\n|-start|p2a: Iron Treads|quarkdrivespe\n|turn|8\n|\n|t:|1700084464\n|switch|p1a: Chapped Lips|Torkoal, F|100\/100\n|-weather|SunnyDay|[from] ability: Drought|[of] p1a: Chapped Lips\n|move|p2a: Iron Treads|Rapid Spin|p1a: Chapped Lips\n|-damage|p1a: Chapped Lips|91\/100\n|-boost|p2a: Iron Treads|spe|1\n|\n|-weather|SunnyDay|[upkeep]\n|-fieldend|move: Electric Terrain\n|-end|p2a: Iron Treads|Quark Drive\n|upkeep\n|turn|9\n|l|\u2606Zionox\n|inactive|Zionox disconnected and has 300 seconds to reconnect!\n|player|p1|\n|c| Hash_13|no booster energy :o\n|inactive|sussymatd has 270 seconds left.\n|inactive|Zionox has 270 seconds to reconnect!\n|j|\u2606Zionox\n|inactive|Zionox reconnected and has 275 seconds left.\n|player|p1|Zionox|ghetsis\n|inactive|Zionox has 270 seconds left.\n|\n|t:|1700084520\n|-end|p2a: Iron Treads|Quark Drive|[silent]\n|switch|p2a: Milotic|Milotic, F|100\/100\n|move|p1a: Chapped Lips|Yawn|p2a: Milotic\n|-start|p2a: Milotic|move: Yawn|[of] p1a: Chapped Lips\n|\n|-weather|SunnyDay|[upkeep]\n|-sideend|p1: Zionox|move: Tailwind\n|-status|p2a: Milotic|brn|[from] item: Flame Orb\n|upkeep\n|turn|10\n|c|\u2606sussymatd|:)\n|inactive|Zionox has 270 seconds left.\n|\n|t:|1700084544\n|switch|p1a: Suigoon|Walking Wake|100\/100\n|-activate|p1a: Suigoon|ability: Protosynthesis\n|-start|p1a: Suigoon|protosynthesisspa\n|move|p2a: Milotic|Rain Dance|p2a: Milotic\n|-weather|RainDance\n|-end|p1a: Suigoon|Protosynthesis\n|\n|-weather|RainDance|[upkeep]\n|-damage|p2a: Milotic|94\/100 brn|[from] brn\n|-end|p2a: Milotic|move: Yawn|[silent]\n|upkeep\n|turn|11\n|\n|t:|1700084565\n|move|p1a: Suigoon|Hurricane|p2a: Milotic\n|-damage|p2a: Milotic|53\/100 brn\n|move|p2a: Milotic|Scald|p1a: Suigoon\n|-resisted|p1a: Suigoon\n|-damage|p1a: Suigoon|88\/100\n|-status|p1a: Suigoon|brn\n|\n|-weather|RainDance|[upkeep]\n|-damage|p1a: Suigoon|82\/100 brn|[from] brn\n|-damage|p2a: Milotic|47\/100 brn|[from] brn\n|upkeep\n|turn|12\n|\n|t:|1700084571\n|move|p1a: Suigoon|Hurricane|p2a: Milotic\n|-crit|p2a: Milotic\n|-damage|p2a: Milotic|0 fnt\n|faint|p2a: Milotic\n|\n|-weather|RainDance|[upkeep]\n|-damage|p1a: Suigoon|76\/100 brn|[from] brn\n|upkeep\n|c|\u2606sussymatd|NOOO\n|\n|t:|1700084589\n|switch|p2a: Iron Treads|Iron Treads|100\/100\n|turn|13\n|inactive|Zionox has 270 seconds left.\n|\n|t:|1700084628\n|-end|p1a: Suigoon|Protosynthesis|[silent]\n|switch|p1a: Walkarona|Slither Wing|100\/100\n|move|p2a: Iron Treads|Earthquake|p1a: Walkarona\n|-resisted|p1a: Walkarona\n|-damage|p1a: Walkarona|66\/100\n|\n|-weather|RainDance|[upkeep]\n|upkeep\n|turn|14\n|inactive|sussymatd has 240 seconds left.\n|inactive|sussymatd has 210 seconds left.\n|\n|t:|1700084689\n|move|p2a: Iron Treads|Earthquake|p1a: Walkarona\n|-resisted|p1a: Walkarona\n|-damage|p1a: Walkarona|33\/100\n|move|p1a: Walkarona|Flame Charge|p2a: Iron Treads\n|-supereffective|p2a: Iron Treads\n|-damage|p2a: Iron Treads|85\/100\n|-boost|p1a: Walkarona|spe|1\n|\n|-weather|none\n|upkeep\n|turn|15\n|\n|t:|1700084698\n|move|p1a: Walkarona|Close Combat|p2a: Iron Treads\n|-supereffective|p2a: Iron Treads\n|-damage|p2a: Iron Treads|0 fnt\n|-unboost|p1a: Walkarona|def|1\n|-unboost|p1a: Walkarona|spd|1\n|faint|p2a: Iron Treads\n|-end|p2a: Iron Treads|Quark Drive|[silent]\n|\n|upkeep\n|\n|t:|1700084703\n|switch|p2a: Pincurchin|Pincurchin, M|100\/100\n|-fieldstart|move: Electric Terrain|[from] ability: Electric Surge|[of] p2a: Pincurchin\n|turn|16\n|\n|t:|1700084725\n|-terastallize|p2a: Pincurchin|Flying\n|move|p1a: Walkarona|Close Combat|p2a: Pincurchin\n|-resisted|p2a: Pincurchin\n|-damage|p2a: Pincurchin|65\/100\n|-unboost|p1a: Walkarona|def|1\n|-unboost|p1a: Walkarona|spd|1\n|move|p2a: Pincurchin|Memento|p1a: Walkarona\n|-unboost|p1a: Walkarona|atk|2\n|-unboost|p1a: Walkarona|spa|2\n|faint|p2a: Pincurchin\n|\n|upkeep\n|\n|t:|1700084731\n|switch|p2a: Iron Valiant|Iron Valiant|100\/100\n|-activate|p2a: Iron Valiant|ability: Quark Drive\n|-start|p2a: Iron Valiant|quarkdrivespe\n|turn|17\n|inactive|Zionox has 270 seconds left.\n|\n|t:|1700084741\n|-end|p1a: Walkarona|Protosynthesis|[silent]\n|switch|p1a: Biggest Bird|Kilowattrel, M|9\/100\n|move|p2a: Iron Valiant|Swords Dance|p2a: Iron Valiant\n|-boost|p2a: Iron Valiant|atk|2\n|\n|upkeep\n|turn|18\n|\n|t:|1700084747\n|move|p2a: Iron Valiant|Spirit Break|p1a: Biggest Bird\n|-damage|p1a: Biggest Bird|0 fnt\n|faint|p1a: Biggest Bird\n|-damage|p2a: Iron Valiant|91\/100|[from] item: Life Orb\n|\n|upkeep\n|\n|t:|1700084756\n|switch|p1a: Chapped Lips|Torkoal, F|91\/100\n|-weather|SunnyDay|[from] ability: Drought|[of] p1a: Chapped Lips\n|turn|19\n|inactive|sussymatd has 210 seconds left.\n|inactive|sussymatd has 180 seconds left.\n|\n|t:|1700084797\n|move|p2a: Iron Valiant|Close Combat|p1a: Chapped Lips\n|-damage|p1a: Chapped Lips|4\/100\n|-unboost|p2a: Iron Valiant|def|1\n|-unboost|p2a: Iron Valiant|spd|1\n|-damage|p2a: Iron Valiant|81\/100|[from] item: Life Orb\n|move|p1a: Chapped Lips|Yawn|p2a: Iron Valiant\n|-activate|p2a: Iron Valiant|move: Electric Terrain\n|\n|-weather|SunnyDay|[upkeep]\n|upkeep\n|turn|20\n|inactive|sussymatd has 180 seconds left.\n|\n|t:|1700084809\n|move|p2a: Iron Valiant|Spirit Break|p1a: Chapped Lips\n|-resisted|p1a: Chapped Lips\n|-damage|p1a: Chapped Lips|0 fnt\n|faint|p1a: Chapped Lips\n|-damage|p2a: Iron Valiant|71\/100|[from] item: Life Orb\n|\n|-weather|SunnyDay|[upkeep]\n|upkeep\n|\n|t:|1700084828\n|switch|p1a: Tiny Dancer|Lilligant-Hisui, F|1\/100\n|turn|21\n|c|\u2606sussymatd|yeah ggs\n|\n|t:|1700084837\n|move|p1a: Tiny Dancer|Close Combat|p2a: Iron Valiant\n|-resisted|p2a: Iron Valiant\n|-damage|p2a: Iron Valiant|13\/100\n|-unboost|p1a: Tiny Dancer|def|1\n|-unboost|p1a: Tiny Dancer|spd|1\n|move|p2a: Iron Valiant|Spirit Break|p1a: Tiny Dancer\n|-supereffective|p1a: Tiny Dancer\n|-damage|p1a: Tiny Dancer|0 fnt\n|faint|p1a: Tiny Dancer\n|-damage|p2a: Iron Valiant|3\/100|[from] item: Life Orb\n|\n|-weather|SunnyDay|[upkeep]\n|upkeep\n|\n|t:|1700084840\n|switch|p1a: Walkarona|Slither Wing|33\/100\n|-activate|p1a: Walkarona|ability: Protosynthesis\n|-start|p1a: Walkarona|protosynthesisatk\n|turn|22\n|\n|t:|1700084844\n|move|p1a: Walkarona|First Impression|p2a: Iron Valiant\n|-resisted|p2a: Iron Valiant\n|-damage|p2a: Iron Valiant|0 fnt\n|faint|p2a: Iron Valiant\n|-end|p2a: Iron Valiant|Quark Drive|[silent]\n|\n|win|Zionox\n|c|\u2606sussymatd|gg\n|c|\u2606Zionox|gg\n","uploadtime":1700084867,"views":47,"p1id":"zionox","p2id":"sussymatd","formatid":"gen9ubers","rating":0,"private":0,"password":""}