{"id":"gen9ubers-1981160643","p1":"fishyroads","p2":"ash mars","format":"[Gen 9] Ubers","log":"|j|\u2606fishyroads\n|j|\u2606ash mars\n|t:|1698868500\n|gametype|singles\n|player|p1|fishyroads|harlequin|\n|player|p2|ash mars|jasmine|\n|teamsize|p1|6\n|teamsize|p2|6\n|gen|9\n|tier|[Gen 9] Ubers\n|rule|Sleep Clause Mod: Limit one foe put to sleep\n|rule|Species Clause: Limit one of each Pok\u00e9mon\n|rule|OHKO Clause: OHKO moves are banned\n|rule|Evasion Items Clause: Evasion items are banned\n|rule|Evasion Moves Clause: Evasion moves are banned\n|rule|Endless Battle Clause: Forcing endless battles is banned\n|rule|HP Percentage Mod: HP is shown in percentages\n|clearpoke\n|poke|p1|Houndstone, F|\n|poke|p1|Tyranitar, M|\n|poke|p1|Zacian-*|\n|poke|p1|Cyclizar, F|\n|poke|p1|Arceus-Fighting|\n|poke|p1|Shaymin-Sky|\n|poke|p2|Arceus-Ice|\n|poke|p2|Magearna|\n|poke|p2|Palkia-Origin|\n|poke|p2|Chi-Yu|\n|poke|p2|Houndstone, M|\n|poke|p2|Tyranitar, M|\n|teampreview\n|inactive|Battle timer is ON: inactive players will automatically lose when time's up. (requested by ash mars)\n|c|\u2606ash mars|hfhf\n|c|\u2606fishyroads|u2\n|\n|t:|1698868529\n|start\n|switch|p1a: Charizar|Cyclizar, F|100\/100\n|switch|p2a: Magearna|Magearna|100\/100\n|turn|1\n|\n|t:|1698868535\n|move|p1a: Charizar|Shed Tail|p1a: Charizar\n|-start|p1a: Charizar|Substitute|[from] move: Shed Tail\n|-damage|p1a: Charizar|50\/100\n|\n|t:|1698868538\n|switch|p1a: Tyranitar|Tyranitar, M|100\/100|[from] Shed Tail\n|-weather|Sandstorm|[from] ability: Sand Stream|[of] p1a: Tyranitar\n|move|p2a: Magearna|Shift Gear|p2a: Magearna\n|-boost|p2a: Magearna|spe|2\n|-boost|p2a: Magearna|atk|1\n|\n|-weather|Sandstorm|[upkeep]\n|upkeep\n|turn|2\n|inactive|ash mars has 270 seconds left.\n|\n|t:|1698868590\n|-terastallize|p2a: Magearna|Water\n|move|p2a: Magearna|Calm Mind|p2a: Magearna\n|-boost|p2a: Magearna|spa|1\n|-boost|p2a: Magearna|spd|1\n|move|p1a: Tyranitar|Thunder Wave|p2a: Magearna\n|-status|p2a: Magearna|par\n|\n|-weather|Sandstorm|[upkeep]\n|-damage|p2a: Magearna|94\/100 par|[from] Sandstorm\n|-heal|p2a: Magearna|100\/100 par|[from] item: Leftovers\n|upkeep\n|turn|3\n|\n|t:|1698868594\n|move|p2a: Magearna|Shift Gear|p2a: Magearna\n|-boost|p2a: Magearna|spe|2\n|-boost|p2a: Magearna|atk|1\n|move|p1a: Tyranitar|Knock Off|p2a: Magearna\n|-damage|p2a: Magearna|70\/100 par\n|-enditem|p2a: Magearna|Leftovers|[from] move: Knock Off|[of] p1a: Tyranitar\n|\n|-weather|Sandstorm|[upkeep]\n|-damage|p2a: Magearna|64\/100 par|[from] Sandstorm\n|upkeep\n|turn|4\n|\n|t:|1698868600\n|move|p2a: Magearna|Draining Kiss|p1a: Tyranitar\n|-supereffective|p1a: Tyranitar\n|-end|p1a: Tyranitar|Substitute\n|-heal|p2a: Magearna|82\/100 par|[from] drain|[of] p1a: Tyranitar\n|move|p1a: Tyranitar|Earthquake|p2a: Magearna\n|-damage|p2a: Magearna|61\/100 par\n|\n|-weather|Sandstorm|[upkeep]\n|-damage|p2a: Magearna|55\/100 par|[from] Sandstorm\n|upkeep\n|turn|5\n|\n|t:|1698868614\n|switch|p1a: Skymen|Shaymin-Sky|100\/100\n|move|p2a: Magearna|Shift Gear|p2a: Magearna\n|-boost|p2a: Magearna|spe|2\n|-boost|p2a: Magearna|atk|1\n|\n|-weather|Sandstorm|[upkeep]\n|-damage|p2a: Magearna|49\/100 par|[from] Sandstorm\n|-damage|p1a: Skymen|94\/100|[from] Sandstorm\n|-heal|p1a: Skymen|100\/100|[from] item: Leftovers\n|upkeep\n|turn|6\n|\n|t:|1698868620\n|cant|p2a: Magearna|par\n|move|p1a: Skymen|Seed Flare|p2a: Magearna\n|-supereffective|p2a: Magearna\n|-damage|p2a: Magearna|0 fnt\n|faint|p2a: Magearna\n|\n|-weather|Sandstorm|[upkeep]\n|-damage|p1a: Skymen|94\/100|[from] Sandstorm\n|-heal|p1a: Skymen|100\/100|[from] item: Leftovers\n|upkeep\n|c|\u2606ash mars|damn\n|c|\u2606fishyroads|ok\n|\n|t:|1698868626\n|switch|p2a: Houndstone|Houndstone, M|100\/100\n|turn|7\n|\n|t:|1698868635\n|switch|p1a: Charizar|Cyclizar, F|84\/100\n|move|p2a: Houndstone|Poltergeist|p1a: Charizar\n|-immune|p1a: Charizar\n|\n|-weather|Sandstorm|[upkeep]\n|-damage|p1a: Charizar|78\/100|[from] Sandstorm\n|upkeep\n|turn|8\n|c|\u2606fishyroads|p?\n|\n|t:|1698868644\n|move|p1a: Charizar|Shed Tail|p1a: Charizar\n|-start|p1a: Charizar|Substitute|[from] move: Shed Tail\n|-damage|p1a: Charizar|28\/100\n|\n|t:|1698868658\n|switch|p1a: Tyranitar|Tyranitar, M|100\/100|[from] Shed Tail\n|move|p2a: Houndstone|Poltergeist|p1a: Tyranitar\n|-activate|p1a: Tyranitar|move: Poltergeist|Smooth Rock\n|-resisted|p1a: Tyranitar\n|-end|p1a: Tyranitar|Substitute\n|\n|-weather|none\n|upkeep\n|turn|9\n|c|\u2606ash mars|makes it so it can function even outsidde of late game\n|\n|t:|1698868667\n|switch|p2a: Palkia|Palkia-Origin|100\/100\n|-ability|p2a: Palkia|Pressure\n|move|p1a: Tyranitar|Knock Off|p2a: Palkia\n|-damage|p2a: Palkia|70\/100\n|\n|upkeep\n|turn|10\n|\n|t:|1698868674\n|switch|p1a: Skymen|Shaymin-Sky|100\/100\n|move|p2a: Palkia|Hydro Pump|p1a: Skymen\n|-resisted|p1a: Skymen\n|-damage|p1a: Skymen|57\/100\n|\n|-heal|p1a: Skymen|63\/100|[from] item: Leftovers\n|upkeep\n|turn|11\n|c|\u2606fishyroads|it does tho\n|\n|t:|1698868680\n|switch|p2a: Tyranitar|Tyranitar, M|100\/100\n|-weather|Sandstorm|[from] ability: Sand Stream|[of] p2a: Tyranitar\n|move|p1a: Skymen|Air Slash|p2a: Tyranitar\n|-resisted|p2a: Tyranitar\n|-damage|p2a: Tyranitar|95\/100\n|\n|-weather|Sandstorm|[upkeep]\n|-damage|p1a: Skymen|57\/100|[from] Sandstorm\n|-heal|p1a: Skymen|63\/100|[from] item: Leftovers\n|upkeep\n|turn|12\n|\n|t:|1698868684\n|move|p1a: Skymen|Seed Flare|p2a: Tyranitar|[miss]\n|-miss|p1a: Skymen|p2a: Tyranitar\n|move|p2a: Tyranitar|Stone Edge|p1a: Skymen\n|-supereffective|p1a: Skymen\n|-damage|p1a: Skymen|0 fnt\n|faint|p1a: Skymen\n|\n|-weather|Sandstorm|[upkeep]\n|upkeep\n|c|\u2606fishyroads|ok\n|c|\u2606fishyroads|fair\n|\n|t:|1698868692\n|switch|p1a: Arceus|Arceus-Fighting|100\/100\n|turn|13\n|\n|t:|1698868697\n|switch|p2a: Houndstone|Houndstone, M|100\/100\n|move|p1a: Arceus|Roar|p2a: Houndstone\n|drag|p2a: Chi-Yu|Chi-Yu|100\/100\n|-ability|p2a: Chi-Yu|Beads of Ruin\n|\n|-weather|Sandstorm|[upkeep]\n|-damage|p1a: Arceus|94\/100|[from] Sandstorm\n|-damage|p2a: Chi-Yu|95\/100|[from] Sandstorm\n|-heal|p2a: Chi-Yu|100\/100|[from] item: Leftovers\n|upkeep\n|turn|14\n|\n|t:|1698868709\n|switch|p2a: Houndstone|Houndstone, M|100\/100\n|move|p1a: Arceus|Judgment|p2a: Houndstone\n|-immune|p2a: Houndstone\n|\n|-weather|Sandstorm|[upkeep]\n|-damage|p1a: Arceus|88\/100|[from] Sandstorm\n|upkeep\n|turn|15\n|\n|t:|1698868720\n|switch|p1a: Charizar|Cyclizar, F|61\/100\n|move|p2a: Houndstone|Play Rough|p1a: Charizar\n|-supereffective|p1a: Charizar\n|-damage|p1a: Charizar|0 fnt\n|faint|p1a: Charizar\n|\n|-weather|Sandstorm|[upkeep]\n|upkeep\n|\n|t:|1698868724\n|switch|p1a: Palafin 2|Houndstone, F|100\/100\n|turn|16\n|\n|t:|1698868731\n|switch|p2a: Tyranitar|Tyranitar, M|95\/100\n|-terastallize|p1a: Palafin 2|Ghost\n|move|p1a: Palafin 2|Last Respects|p2a: Tyranitar\n|-resisted|p2a: Tyranitar\n|-damage|p2a: Tyranitar|36\/100\n|\n|-weather|Sandstorm|[upkeep]\n|upkeep\n|turn|17\n|c|\u2606fishyroads|yea\n|\n|t:|1698868744\n|switch|p2a: Palkia|Palkia-Origin|70\/100\n|-ability|p2a: Palkia|Pressure\n|move|p1a: Palafin 2|Last Respects|p2a: Palkia\n|-damage|p2a: Palkia|0 fnt\n|faint|p2a: Palkia\n|\n|-weather|Sandstorm|[upkeep]\n|upkeep\n|\n|t:|1698868747\n|switch|p2a: Houndstone|Houndstone, M|100\/100\n|turn|18\n|\n|t:|1698868754\n|switch|p1a: Tyranitar|Tyranitar, M|100\/100\n|move|p2a: Houndstone|Last Respects|p1a: Tyranitar\n|-resisted|p1a: Tyranitar\n|-damage|p1a: Tyranitar|57\/100\n|\n|-weather|none\n|upkeep\n|turn|19\n|\n|t:|1698868764\n|switch|p2a: Arceus|Arceus-Ice, shiny|100\/100\n|move|p1a: Tyranitar|Knock Off|p2a: Arceus\n|-damage|p2a: Arceus|82\/100\n|\n|upkeep\n|turn|20\n|\n|t:|1698868775\n|switch|p1a: Arceus|Arceus-Fighting|88\/100\n|move|p2a: Arceus|Judgment|p1a: Arceus\n|-damage|p1a: Arceus|58\/100\n|\n|upkeep\n|turn|21\n|\n|t:|1698868778\n|move|p1a: Arceus|Recover|p1a: Arceus\n|-heal|p1a: Arceus|100\/100\n|move|p2a: Arceus|Calm Mind|p2a: Arceus\n|-boost|p2a: Arceus|spa|1\n|-boost|p2a: Arceus|spd|1\n|\n|upkeep\n|turn|22\n|\n|t:|1698868782\n|move|p2a: Arceus|Judgment|p1a: Arceus\n|-damage|p1a: Arceus|52\/100\n|move|p1a: Arceus|Roar|p2a: Arceus\n|drag|p2a: Chi-Yu|Chi-Yu|100\/100\n|-ability|p2a: Chi-Yu|Beads of Ruin\n|\n|upkeep\n|turn|23\n|\n|t:|1698868790\n|move|p1a: Arceus|Recover|p1a: Arceus\n|-heal|p1a: Arceus|100\/100\n|move|p2a: Chi-Yu|Nasty Plot|p2a: Chi-Yu\n|-boost|p2a: Chi-Yu|spa|2\n|\n|upkeep\n|turn|24\n|\n|t:|1698868792\n|move|p1a: Arceus|Judgment|p2a: Chi-Yu\n|-supereffective|p2a: Chi-Yu\n|-damage|p2a: Chi-Yu|0 fnt\n|faint|p2a: Chi-Yu\n|\n|upkeep\n|\n|t:|1698868795\n|switch|p2a: Tyranitar|Tyranitar, M|36\/100\n|-weather|Sandstorm|[from] ability: Sand Stream|[of] p2a: Tyranitar\n|turn|25\n|\n|t:|1698868803\n|move|p2a: Tyranitar|Stealth Rock|p1a: Arceus\n|-sidestart|p1: fishyroads|move: Stealth Rock\n|move|p1a: Arceus|Roar|p2a: Tyranitar\n|drag|p2a: Houndstone|Houndstone, M|100\/100\n|\n|-weather|Sandstorm|[upkeep]\n|-damage|p1a: Arceus|94\/100|[from] Sandstorm\n|upkeep\n|turn|26\n|\n|t:|1698868812\n|switch|p1a: Tyranitar|Tyranitar, M|57\/100\n|-damage|p1a: Tyranitar|44\/100|[from] Stealth Rock\n|move|p2a: Houndstone|Last Respects|p1a: Tyranitar\n|-resisted|p1a: Tyranitar\n|-damage|p1a: Tyranitar|0 fnt\n|faint|p1a: Tyranitar\n|\n|-weather|Sandstorm|[upkeep]\n|upkeep\n|\n|t:|1698868836\n|switch|p1a: Palafin 2|Houndstone, F, tera:Ghost|100\/100\n|-damage|p1a: Palafin 2|88\/100|[from] Stealth Rock\n|turn|27\n|\n|t:|1698868839\n|move|p1a: Palafin 2|Shadow Sneak|p2a: Houndstone\n|-supereffective|p2a: Houndstone\n|-damage|p2a: Houndstone|0 fnt\n|faint|p2a: Houndstone\n|\n|-weather|Sandstorm|[upkeep]\n|upkeep\n|\n|t:|1698868842\n|switch|p2a: Arceus|Arceus-Ice, shiny|82\/100\n|turn|28\n|c|\u2606fishyroads|nice\n|\n|t:|1698868848\n|switch|p1a: Arceus|Arceus-Fighting|94\/100\n|-damage|p1a: Arceus|88\/100|[from] Stealth Rock\n|move|p2a: Arceus|Calm Mind|p2a: Arceus\n|-boost|p2a: Arceus|spa|1\n|-boost|p2a: Arceus|spd|1\n|\n|-weather|Sandstorm|[upkeep]\n|-damage|p2a: Arceus|76\/100|[from] Sandstorm\n|-damage|p1a: Arceus|82\/100|[from] Sandstorm\n|upkeep\n|turn|29\n|\n|t:|1698868852\n|switch|p2a: Tyranitar|Tyranitar, M|36\/100\n|move|p1a: Arceus|Roar|p2a: Tyranitar\n|drag|p2a: Arceus|Arceus-Ice, shiny|76\/100\n|\n|-weather|Sandstorm|[upkeep]\n|-damage|p1a: Arceus|76\/100|[from] Sandstorm\n|-damage|p2a: Arceus|70\/100|[from] Sandstorm\n|upkeep\n|turn|30\n|\n|t:|1698868855\n|move|p1a: Arceus|Judgment|p2a: Arceus\n|-supereffective|p2a: Arceus\n|-damage|p2a: Arceus|5\/100\n|move|p2a: Arceus|Recover|p2a: Arceus\n|-heal|p2a: Arceus|55\/100\n|\n|-weather|Sandstorm|[upkeep]\n|-damage|p2a: Arceus|49\/100|[from] Sandstorm\n|-damage|p1a: Arceus|70\/100|[from] Sandstorm\n|upkeep\n|turn|31\n|\n|t:|1698868860\n|move|p2a: Arceus|Recover|p2a: Arceus\n|-heal|p2a: Arceus|99\/100\n|move|p1a: Arceus|Judgment|p2a: Arceus\n|-supereffective|p2a: Arceus\n|-damage|p2a: Arceus|36\/100\n|\n|-weather|Sandstorm|[upkeep]\n|-damage|p2a: Arceus|30\/100|[from] Sandstorm\n|-damage|p1a: Arceus|64\/100|[from] Sandstorm\n|upkeep\n|turn|32\n|\n|t:|1698868868\n|switch|p2a: Tyranitar|Tyranitar, M|36\/100\n|move|p1a: Arceus|Judgment|p2a: Tyranitar\n|-supereffective|p2a: Tyranitar\n|-damage|p2a: Tyranitar|0 fnt\n|faint|p2a: Tyranitar\n|\n|-weather|none\n|upkeep\n|\n|t:|1698868869\n|switch|p2a: Arceus|Arceus-Ice, shiny|30\/100\n|turn|33\n|c|\u2606ash mars|gg\n|\n|t:|1698868874\n|move|p1a: Arceus|Judgment|p2a: Arceus\n|-supereffective|p2a: Arceus\n|-damage|p2a: Arceus|0 fnt\n|faint|p2a: Arceus\n|\n|win|fishyroads\n|l|\u2606ash mars\n|c|\u2606fishyroads|yea\n|c|\u2606fishyroads|11\n","uploadtime":1698868881,"views":25,"p1id":"fishyroads","p2id":"ashmars","formatid":"gen9ubers","rating":0,"private":0,"password":""}