{"id":"gen9ubers-1978753879","p1":"F-00_MC","p2":"Jrdyop","format":"[Gen 9] Ubers","log":"|j|\u2606F-00_MC\n|j|\u2606Jrdyop\n|t:|1698591107\n|gametype|singles\n|player|p1|F-00_MC|hilbert|\n|player|p2|Jrdyop|blackbelt-gen4dp|\n|teamsize|p1|6\n|teamsize|p2|6\n|gen|9\n|tier|[Gen 9] Ubers\n|rule|Sleep Clause Mod: Limit one foe put to sleep\n|rule|Species Clause: Limit one of each Pok\u00e9mon\n|rule|OHKO Clause: OHKO moves are banned\n|rule|Evasion Items Clause: Evasion items are banned\n|rule|Evasion Moves Clause: Evasion moves are banned\n|rule|Endless Battle Clause: Forcing endless battles is banned\n|rule|HP Percentage Mod: HP is shown in percentages\n|clearpoke\n|poke|p1|Pelipper, M|\n|poke|p1|Palkia-Origin|\n|poke|p1|Zacian-*|\n|poke|p1|Arceus-Grass|\n|poke|p1|Overqwil, M|\n|poke|p1|Cyclizar, F|\n|poke|p2|Ninetales-Alola, M|\n|poke|p2|Chi-Yu|\n|poke|p2|Palafin, F|\n|poke|p2|Spectrier|\n|poke|p2|Samurott-Hisui, F|\n|poke|p2|Basculegion-F, F|\n|teampreview\n|inactive|Battle timer is ON: inactive players will automatically lose when time's up. (requested by F-00_MC)\n|inactive|F-00_MC has 270 seconds left.\n|\n|t:|1698591154\n|start\n|switch|p1a: Pelipper|Pelipper, M|100\/100\n|switch|p2a: Chi-Yu|Chi-Yu|100\/100\n|-ability|p2a: Chi-Yu|Beads of Ruin\n|-weather|RainDance|[from] ability: Drizzle|[of] p1a: Pelipper\n|turn|1\n|\n|t:|1698591181\n|move|p2a: Chi-Yu|Dark Pulse|p1a: Pelipper\n|-damage|p1a: Pelipper|0 fnt\n|faint|p1a: Pelipper\n|\n|-weather|RainDance|[upkeep]\n|upkeep\n|\n|t:|1698591187\n|switch|p1a: Palkia|Palkia-Origin|100\/100\n|-ability|p1a: Palkia|Pressure\n|turn|2\n|\n|t:|1698591195\n|switch|p2a: Ninetales|Ninetales-Alola, M|100\/100\n|-weather|Snow|[from] ability: Snow Warning|[of] p2a: Ninetales\n|move|p1a: Palkia|Surf|p2a: Ninetales\n|-damage|p2a: Ninetales|36\/100\n|\n|-weather|Snow|[upkeep]\n|upkeep\n|turn|3\n|\n|t:|1698591204\n|switch|p2a: Samurott|Samurott-Hisui, F|100\/100\n|move|p1a: Palkia|Surf|p2a: Samurott\n|-resisted|p2a: Samurott\n|-damage|p2a: Samurott|58\/100\n|\n|-weather|Snow|[upkeep]\n|upkeep\n|turn|4\n|\n|t:|1698591210\n|move|p1a: Palkia|Spacial Rend|p2a: Samurott\n|-damage|p2a: Samurott|0 fnt\n|faint|p2a: Samurott\n|\n|-weather|Snow|[upkeep]\n|upkeep\n|\n|t:|1698591223\n|switch|p2a: Spectrier|Spectrier|100\/100\n|turn|5\n|\n|t:|1698591241\n|move|p2a: Spectrier|Nasty Plot|p2a: Spectrier\n|-boost|p2a: Spectrier|spa|2\n|move|p1a: Palkia|Surf|p2a: Spectrier\n|-damage|p2a: Spectrier|22\/100\n|\n|-weather|Snow|[upkeep]\n|-heal|p2a: Spectrier|28\/100|[from] item: Leftovers\n|upkeep\n|turn|6\n|inactive|F-00_MC has 270 seconds left.\n|\n|t:|1698591273\n|move|p2a: Spectrier|Draining Kiss|p1a: Palkia\n|-supereffective|p1a: Palkia\n|-damage|p1a: Palkia|31\/100\n|-heal|p2a: Spectrier|77\/100|[from] drain|[of] p1a: Palkia\n|move|p1a: Palkia|Surf|p2a: Spectrier\n|-damage|p2a: Spectrier|6\/100\n|\n|-weather|none\n|-heal|p2a: Spectrier|12\/100|[from] item: Leftovers\n|upkeep\n|turn|7\n|inactive|F-00_MC has 270 seconds left.\n|inactive|F-00_MC has 240 seconds left.\n|\n|t:|1698591314\n|switch|p1a: It's Joeverqwil.|Overqwil, M, shiny|100\/100\n|move|p2a: Spectrier|Draining Kiss|p1a: It's Joeverqwil.\n|-damage|p1a: It's Joeverqwil.|43\/100\n|-heal|p2a: Spectrier|51\/100|[from] drain|[of] p1a: It's Joeverqwil.\n|\n|-heal|p2a: Spectrier|57\/100|[from] item: Leftovers\n|upkeep\n|turn|8\n|inactive|F-00_MC has 240 seconds left.\n|l|\u2606Jrdyop\n|inactive|Jrdyop disconnected and has 300 seconds to reconnect!\n|player|p2|\n|j|\u2606Jrdyop\n|inactive|Jrdyop reconnected and has 275 seconds left.\n|player|p2|Jrdyop|blackbelt-gen4dp\n|n|\u2606Jrdyop|jrdyop\n|\n|t:|1698591366\n|move|p2a: Spectrier|Draining Kiss|p1a: It's Joeverqwil.\n|-damage|p1a: It's Joeverqwil.|0 fnt\n|-heal|p2a: Spectrier|86\/100|[from] drain|[of] p1a: It's Joeverqwil.\n|faint|p1a: It's Joeverqwil.\n|-ability|p2a: Spectrier|Grim Neigh|boost\n|-boost|p2a: Spectrier|spa|1\n|\n|-heal|p2a: Spectrier|93\/100|[from] item: Leftovers\n|upkeep\n|inactive|F-00_MC has 210 seconds left.\n|inactive|F-00_MC has 180 seconds left.\n|\n|t:|1698591415\n|switch|p1a: Zacian|Zacian, shiny|100\/100\n|-ability|p1a: Zacian|Intrepid Sword|boost\n|-boost|p1a: Zacian|atk|1\n|turn|9\n|inactive|F-00_MC has 180 seconds left.\n|\n|t:|1698591424\n|-terastallize|p1a: Zacian|Water\n|move|p1a: Zacian|Play Rough|p2a: Spectrier\n|-damage|p2a: Spectrier|0 fnt\n|faint|p2a: Spectrier\n|\n|upkeep\n|\n|t:|1698591436\n|switch|p2a: Palafin|Palafin, F|100\/100\n|turn|10\n|\n|t:|1698591447\n|detailschange|p2a: Palafin|Palafin-Hero, F\n|switch|p2a: Ninetales|Ninetales-Alola, M|36\/100\n|-weather|Snow|[from] ability: Snow Warning|[of] p2a: Ninetales\n|move|p1a: Zacian|Swords Dance|p1a: Zacian\n|-boost|p1a: Zacian|atk|2\n|\n|-weather|Snow|[upkeep]\n|upkeep\n|turn|11\n|\n|t:|1698591457\n|move|p1a: Zacian|Tera Blast|p2a: Ninetales|[anim] Tera Blast Water\n|-damage|p2a: Ninetales|0 fnt\n|faint|p2a: Ninetales\n|\n|-weather|Snow|[upkeep]\n|upkeep\n|\n|t:|1698591477\n|switch|p2a: Basculegion|Basculegion-F, F|100\/100\n|turn|12\n|\n|t:|1698591485\n|move|p2a: Basculegion|Flip Turn|p1a: Zacian\n|-resisted|p1a: Zacian\n|-damage|p1a: Zacian|84\/100\n|\n|t:|1698591487\n|switch|p2a: Palafin|Palafin-Hero, F|100\/100|[from] Flip Turn\n|-activate|p2a: Palafin|ability: Zero to Hero\n|move|p1a: Zacian|Play Rough|p2a: Palafin|[miss]\n|-miss|p1a: Zacian|p2a: Palafin\n|\n|-weather|Snow|[upkeep]\n|upkeep\n|turn|13\n|inactive|F-00_MC has 210 seconds left.\n|\n|t:|1698591497\n|move|p1a: Zacian|Play Rough|p2a: Palafin\n|-damage|p2a: Palafin|7\/100\n|move|p2a: Palafin|Drain Punch|p1a: Zacian\n|-damage|p1a: Zacian|58\/100\n|-heal|p2a: Palafin|17\/100|[from] drain|[of] p1a: Zacian\n|\n|-weather|Snow|[upkeep]\n|-heal|p2a: Palafin|24\/100|[from] item: Leftovers\n|upkeep\n|turn|14\n|inactive|F-00_MC has 210 seconds left.\n|\n|t:|1698591518\n|switch|p2a: Basculegion|Basculegion-F, F|100\/100\n|move|p1a: Zacian|Tera Blast|p2a: Basculegion|[anim] Tera Blast Water\n|-resisted|p2a: Basculegion\n|-damage|p2a: Basculegion|39\/100\n|\n|-weather|none\n|upkeep\n|turn|15\n|\n|t:|1698591526\n|move|p2a: Basculegion|Last Respects|p1a: Zacian\n|-damage|p1a: Zacian|0 fnt\n|faint|p1a: Zacian\n|\n|upkeep\n|inactive|F-00_MC has 210 seconds left.\n|\n|t:|1698591545\n|switch|p1a: Cyclizar|Cyclizar, F|100\/100\n|turn|16\n|inactive|F-00_MC has 210 seconds left.\n|\n|t:|1698591562\n|switch|p2a: Chi-Yu|Chi-Yu|100\/100\n|-ability|p2a: Chi-Yu|Beads of Ruin\n|move|p1a: Cyclizar|Knock Off|p2a: Chi-Yu\n|-resisted|p2a: Chi-Yu\n|-damage|p2a: Chi-Yu|83\/100\n|-enditem|p2a: Chi-Yu|Choice Specs|[from] move: Knock Off|[of] p1a: Cyclizar\n|\n|upkeep\n|turn|17\n|inactive|F-00_MC has 210 seconds left.\n|\n|t:|1698591575\n|move|p1a: Cyclizar|Shed Tail|p1a: Cyclizar\n|-start|p1a: Cyclizar|Substitute|[from] move: Shed Tail\n|-damage|p1a: Cyclizar|50\/100\n|inactive|F-00_MC has 210 seconds left.\n|\n|t:|1698591582\n|switch|p1a: Palkia|Palkia-Origin|31\/100|[from] Shed Tail\n|-ability|p1a: Palkia|Pressure\n|move|p2a: Chi-Yu|Dark Pulse|p1a: Palkia\n|-end|p1a: Palkia|Substitute\n|\n|upkeep\n|turn|18\n|inactive|F-00_MC has 210 seconds left.\n|inactive|Jrdyop has 270 seconds left.\n|\n|t:|1698591618\n|switch|p2a: Palafin|Palafin-Hero, F|24\/100\n|move|p1a: Palkia|Surf|p2a: Palafin\n|-resisted|p2a: Palafin\n|-damage|p2a: Palafin|4\/100\n|\n|-heal|p2a: Palafin|10\/100|[from] item: Leftovers\n|upkeep\n|turn|19\n|inactive|F-00_MC has 210 seconds left.\n|inactive|Jrdyop has 270 seconds left.\n|\n|t:|1698591626\n|move|p2a: Palafin|Jet Punch|p1a: Palkia\n|-resisted|p1a: Palkia\n|-damage|p1a: Palkia|24\/100\n|move|p1a: Palkia|Surf|p2a: Palafin\n|-resisted|p2a: Palafin\n|-damage|p2a: Palafin|0 fnt\n|faint|p2a: Palafin\n|\n|upkeep\n|inactive|Jrdyop has 270 seconds left.\n|\n|t:|1698591632\n|switch|p2a: Basculegion|Basculegion-F, F|39\/100\n|turn|20\n|\n|t:|1698591646\n|-terastallize|p2a: Basculegion|Water\n|move|p2a: Basculegion|Wave Crash|p1a: Palkia\n|-resisted|p1a: Palkia\n|-damage|p1a: Palkia|4\/100\n|-damage|p2a: Basculegion|34\/100|[from] Recoil\n|move|p1a: Palkia|Spacial Rend|p2a: Basculegion\n|-damage|p2a: Basculegion|0 fnt\n|faint|p2a: Basculegion\n|\n|upkeep\n|\n|t:|1698591650\n|switch|p2a: Chi-Yu|Chi-Yu|83\/100\n|-ability|p2a: Chi-Yu|Beads of Ruin\n|turn|21\n|\n|t:|1698591653\n|move|p1a: Palkia|Surf|p2a: Chi-Yu\n|-supereffective|p2a: Chi-Yu\n|-damage|p2a: Chi-Yu|0 fnt\n|faint|p2a: Chi-Yu\n|\n|win|F-00_MC\n|c|\u2606Jrdyop|gg\n|c|\u2606F-00_MC|gg 1 - 0\n|l|\u2606F-00_MC\n|j|\u2606F-00_MC\n|player|p1|F-00_MC|hilbert\n","uploadtime":1698591691,"views":15,"p1id":"f00mc","p2id":"jrdyop","formatid":"gen9ubers","rating":0,"private":0,"password":""}