{"id":"gen9ubers-1968358971","p1":"jdafsljldjsa","p2":"eliastreecko","format":"[Gen 9] Ubers","log":"|j|\u2606jdafsljldjsa\n|j|\u2606eliastreecko\n|t:|1697409861\n|gametype|singles\n|player|p1|jdafsljldjsa|firebreather|1022\n|player|p2|eliastreecko|lucas-gen4pt|1000\n|teamsize|p1|6\n|teamsize|p2|6\n|gen|9\n|tier|[Gen 9] Ubers\n|rated|\n|rule|Sleep Clause Mod: Limit one foe put to sleep\n|rule|Species Clause: Limit one of each Pok\u00e9mon\n|rule|OHKO Clause: OHKO moves are banned\n|rule|Evasion Items Clause: Evasion items are banned\n|rule|Evasion Moves Clause: Evasion moves are banned\n|rule|Endless Battle Clause: Forcing endless battles is banned\n|rule|HP Percentage Mod: HP is shown in percentages\n|clearpoke\n|poke|p1|Ribombee, F|\n|poke|p1|Chi-Yu|\n|poke|p1|Urshifu-*, M|\n|poke|p1|Landorus, M|\n|poke|p1|Blissey, F|\n|poke|p1|Dondozo, M|\n|poke|p2|Lucario, F|\n|poke|p2|Dragapult, M|\n|poke|p2|Cinderace, F|\n|poke|p2|Dragonite, M|\n|poke|p2|Garchomp, F|\n|poke|p2|Pelipper, F|\n|teampreview\n|inactive|Battle timer is ON: inactive players will automatically lose when time's up. (requested by jdafsljldjsa)\n|\n|t:|1697409885\n|start\n|switch|p1a: Ribombee|Ribombee, F|100\/100\n|switch|p2a: Lucario|Lucario, F|100\/100\n|turn|1\n|\n|t:|1697409894\n|switch|p1a: Dondozo|Dondozo, M|100\/100\n|move|p2a: Lucario|Aura Sphere|p1a: Dondozo\n|-damage|p1a: Dondozo|70\/100\n|\n|upkeep\n|turn|2\n|\n|t:|1697409901\n|switch|p1a: Blissey|Blissey, F|100\/100\n|move|p2a: Lucario|Aura Sphere|p1a: Blissey\n|-supereffective|p1a: Blissey\n|-damage|p1a: Blissey|78\/100\n|\n|upkeep\n|turn|3\n|\n|t:|1697409910\n|move|p2a: Lucario|Bulk Up|p2a: Lucario\n|-boost|p2a: Lucario|atk|1\n|-boost|p2a: Lucario|def|1\n|move|p1a: Blissey|Thunder Wave|p2a: Lucario\n|-status|p2a: Lucario|par\n|\n|upkeep\n|turn|4\n|\n|t:|1697409917\n|move|p1a: Blissey|Seismic Toss|p2a: Lucario\n|-damage|p2a: Lucario|71\/100 par\n|move|p2a: Lucario|Aura Sphere|p1a: Blissey\n|-supereffective|p1a: Blissey\n|-damage|p1a: Blissey|57\/100\n|\n|upkeep\n|turn|5\n|\n|t:|1697409925\n|move|p1a: Blissey|Seismic Toss|p2a: Lucario\n|-damage|p2a: Lucario|42\/100 par\n|move|p2a: Lucario|Aura Sphere|p1a: Blissey\n|-supereffective|p1a: Blissey\n|-damage|p1a: Blissey|35\/100\n|\n|upkeep\n|turn|6\n|\n|t:|1697409937\n|-terastallize|p2a: Lucario|Fighting\n|move|p1a: Blissey|Soft-Boiled|p1a: Blissey\n|-heal|p1a: Blissey|85\/100\n|move|p2a: Lucario|Aura Sphere|p1a: Blissey\n|-supereffective|p1a: Blissey\n|-damage|p1a: Blissey|58\/100\n|\n|upkeep\n|turn|7\n|\n|t:|1697409946\n|switch|p2a: Dragonite|Dragonite, M|100\/100\n|move|p1a: Blissey|Soft-Boiled|p1a: Blissey\n|-heal|p1a: Blissey|100\/100\n|\n|upkeep\n|turn|8\n|\n|t:|1697409954\n|switch|p1a: Dondozo|Dondozo, M|70\/100\n|move|p2a: Dragonite|Draco Meteor|p1a: Dondozo\n|-damage|p1a: Dondozo|27\/100\n|-unboost|p2a: Dragonite|spa|2\n|\n|upkeep\n|turn|9\n|\n|t:|1697409961\n|move|p2a: Dragonite|Draco Meteor|p1a: Dondozo\n|-damage|p1a: Dondozo|0 fnt\n|-unboost|p2a: Dragonite|spa|2\n|faint|p1a: Dondozo\n|\n|upkeep\n|\n|t:|1697409967\n|switch|p1a: Chi-Yu|Chi-Yu|100\/100\n|-ability|p1a: Chi-Yu|Beads of Ruin\n|turn|10\n|\n|t:|1697409972\n|move|p1a: Chi-Yu|Nasty Plot|p1a: Chi-Yu\n|-boost|p1a: Chi-Yu|spa|2\n|move|p2a: Dragonite|Dragon Tail|p1a: Chi-Yu\n|-damage|p1a: Chi-Yu|57\/100\n|drag|p1a: Ribombee|Ribombee, F|100\/100\n|\n|upkeep\n|turn|11\n|\n|t:|1697409980\n|move|p1a: Ribombee|Charm|p2a: Dragonite\n|-unboost|p2a: Dragonite|atk|2\n|move|p2a: Dragonite|Dragon Pulse|p1a: Ribombee\n|-immune|p1a: Ribombee\n|\n|upkeep\n|turn|12\n|n|!jdafsljldjsa|jdafsljldjsa\n|\n|t:|1697409994\n|switch|p2a: Pelipper|Pelipper, F|100\/100\n|move|p1a: Ribombee|Sticky Web|p2a: Pelipper\n|-sidestart|p2: eliastreecko|move: Sticky Web\n|\n|upkeep\n|turn|13\n|\n|t:|1697410001\n|switch|p1a: Blissey|Blissey, F|100\/100\n|move|p2a: Pelipper|Hydro Pump|p1a: Blissey\n|-damage|p1a: Blissey|89\/100\n|\n|upkeep\n|turn|14\n|\n|t:|1697410009\n|move|p2a: Pelipper|Hydro Pump|p1a: Blissey\n|-damage|p1a: Blissey|79\/100\n|move|p1a: Blissey|Thunder Wave|p2a: Pelipper\n|-status|p2a: Pelipper|par\n|\n|upkeep\n|turn|15\n|\n|t:|1697410015\n|move|p1a: Blissey|Seismic Toss|p2a: Pelipper\n|-damage|p2a: Pelipper|70\/100 par\n|move|p2a: Pelipper|Hydro Pump|p1a: Blissey\n|-damage|p1a: Blissey|69\/100\n|\n|upkeep\n|turn|16\n|\n|t:|1697410024\n|move|p1a: Blissey|Seismic Toss|p2a: Pelipper\n|-damage|p2a: Pelipper|39\/100 par\n|move|p2a: Pelipper|Hydro Pump|p1a: Blissey\n|-damage|p1a: Blissey|59\/100\n|\n|upkeep\n|turn|17\n|\n|t:|1697410033\n|move|p1a: Blissey|Seismic Toss|p2a: Pelipper\n|-damage|p2a: Pelipper|8\/100 par\n|cant|p2a: Pelipper|par\n|\n|upkeep\n|turn|18\n|\n|t:|1697410041\n|switch|p2a: Garchomp|Garchomp, F|100\/100\n|-activate|p2a: Garchomp|move: Sticky Web\n|-unboost|p2a: Garchomp|spe|1\n|move|p1a: Blissey|Soft-Boiled|p1a: Blissey\n|-heal|p1a: Blissey|100\/100\n|\n|upkeep\n|turn|19\n|\n|t:|1697410050\n|move|p2a: Garchomp|Earthquake|p1a: Blissey\n|-damage|p1a: Blissey|0 fnt\n|faint|p1a: Blissey\n|\n|upkeep\n|\n|t:|1697410054\n|switch|p1a: Ribombee|Ribombee, F|100\/100\n|turn|20\n|\n|t:|1697410059\n|move|p1a: Ribombee|Quiver Dance|p1a: Ribombee\n|-boost|p1a: Ribombee|spa|1\n|-boost|p1a: Ribombee|spd|1\n|-boost|p1a: Ribombee|spe|1\n|move|p2a: Garchomp|Draco Meteor|p1a: Ribombee\n|-immune|p1a: Ribombee\n|\n|upkeep\n|turn|21\n|\n|t:|1697410069\n|switch|p2a: Cinderace|Cinderace, F|100\/100\n|-activate|p2a: Cinderace|move: Sticky Web\n|-unboost|p2a: Cinderace|spe|1\n|move|p1a: Ribombee|Moonblast|p2a: Cinderace\n|-resisted|p2a: Cinderace\n|-damage|p2a: Cinderace|61\/100\n|\n|upkeep\n|turn|22\n|\n|t:|1697410078\n|move|p1a: Ribombee|Moonblast|p2a: Cinderace\n|-resisted|p2a: Cinderace\n|-damage|p2a: Cinderace|23\/100\n|move|p2a: Cinderace|Pyro Ball|p1a: Ribombee\n|-supereffective|p1a: Ribombee\n|-enditem|p1a: Ribombee|Focus Sash\n|-damage|p1a: Ribombee|1\/100\n|\n|upkeep\n|turn|23\n|\n|t:|1697410088\n|move|p1a: Ribombee|Moonblast|p2a: Cinderace\n|-resisted|p2a: Cinderace\n|-damage|p2a: Cinderace|0 fnt\n|faint|p2a: Cinderace\n|\n|upkeep\n|\n|t:|1697410096\n|switch|p2a: Lucario|Lucario, F, tera:Fighting|42\/100 par\n|-activate|p2a: Lucario|move: Sticky Web\n|-unboost|p2a: Lucario|spe|1\n|turn|24\n|\n|t:|1697410101\n|move|p1a: Ribombee|Moonblast|p2a: Lucario\n|-supereffective|p2a: Lucario\n|-damage|p2a: Lucario|0 fnt\n|faint|p2a: Lucario\n|\n|upkeep\n|\n|t:|1697410110\n|switch|p2a: Garchomp|Garchomp, F|100\/100\n|-activate|p2a: Garchomp|move: Sticky Web\n|-unboost|p2a: Garchomp|spe|1\n|turn|25\n|\n|t:|1697410114\n|move|p1a: Ribombee|Moonblast|p2a: Garchomp\n|-supereffective|p2a: Garchomp\n|-enditem|p2a: Garchomp|Focus Sash\n|-damage|p2a: Garchomp|1\/100\n|-unboost|p2a: Garchomp|spa|1\n|move|p2a: Garchomp|Earthquake|p1a: Ribombee\n|-resisted|p1a: Ribombee\n|-damage|p1a: Ribombee|0 fnt\n|faint|p1a: Ribombee\n|\n|upkeep\n|\n|t:|1697410122\n|switch|p1a: Landorus|Landorus, M|100\/100\n|turn|26\n|\n|t:|1697410126\n|move|p1a: Landorus|Earth Power|p2a: Garchomp\n|-damage|p2a: Garchomp|0 fnt\n|faint|p2a: Garchomp\n|\n|upkeep\n|\n|t:|1697410131\n|switch|p2a: Dragapult|Dragapult, M|100\/100\n|-activate|p2a: Dragapult|move: Sticky Web\n|-fail|p2a: Dragapult|unboost|[from] ability: Clear Body|[of] p2a: Dragapult\n|turn|27\n|\n|t:|1697410142\n|-terastallize|p1a: Landorus|Fairy\n|move|p1a: Landorus|Tera Blast|p2a: Dragapult|[anim] Tera Blast Fairy\n|-supereffective|p2a: Dragapult\n|-damage|p2a: Dragapult|0 fnt\n|faint|p2a: Dragapult\n|-damage|p1a: Landorus|91\/100|[from] item: Life Orb\n|\n|upkeep\n|\n|t:|1697410148\n|switch|p2a: Dragonite|Dragonite, M|100\/100\n|turn|28\n|\n|t:|1697410152\n|move|p1a: Landorus|Tera Blast|p2a: Dragonite|[anim] Tera Blast Fairy\n|-supereffective|p2a: Dragonite\n|-damage|p2a: Dragonite|19\/100\n|-enditem|p2a: Dragonite|Aguav Berry|[eat]\n|-heal|p2a: Dragonite|52\/100|[from] item: Aguav Berry\n|-damage|p1a: Landorus|81\/100|[from] item: Life Orb\n|move|p2a: Dragonite|Draco Meteor|p1a: Landorus\n|-immune|p1a: Landorus\n|\n|upkeep\n|turn|29\n|\n|t:|1697410163\n|move|p1a: Landorus|Tera Blast|p2a: Dragonite|[anim] Tera Blast Fairy\n|-supereffective|p2a: Dragonite\n|-damage|p2a: Dragonite|0 fnt\n|faint|p2a: Dragonite\n|-damage|p1a: Landorus|71\/100|[from] item: Life Orb\n|\n|upkeep\n|\n|t:|1697410168\n|switch|p2a: Pelipper|Pelipper, F|8\/100 par\n|turn|30\n|\n|t:|1697410173\n|move|p1a: Landorus|Sludge Bomb|p2a: Pelipper\n|-damage|p2a: Pelipper|0 fnt\n|faint|p2a: Pelipper\n|\n|win|jdafsljldjsa\n|raw|jdafsljldjsa's rating: 1022 &rarr; <strong>1056<\/strong><br \/>(+34 for winning)\n|raw|eliastreecko's rating: 1000 &rarr; <strong>1000<\/strong><br \/>(+0 for losing)\n","uploadtime":1697409985,"views":6,"p1id":"jdafsljldjsa","p2id":"eliastreecko","formatid":"gen9ubers","rating":1000,"private":0,"password":""}