{"id":"gen9ubers-1975337534","p1":"Dragon Master Rosa","p2":"Gladiator_Kraken","format":"[Gen 9] Ubers","log":"|j|\u2606Dragon Master Rosa\n|j|\u2606Gladiator_Kraken\n|t:|1698181055\n|gametype|singles\n|player|p1|Dragon Master Rosa|rosa|\n|player|p2|Gladiator_Kraken|rika|\n|teamsize|p1|6\n|teamsize|p2|6\n|gen|9\n|tier|[Gen 9] Ubers\n|rule|Sleep Clause Mod: Limit one foe put to sleep\n|rule|Species Clause: Limit one of each Pok\u00e9mon\n|rule|OHKO Clause: OHKO moves are banned\n|rule|Evasion Items Clause: Evasion items are banned\n|rule|Evasion Moves Clause: Evasion moves are banned\n|rule|Endless Battle Clause: Forcing endless battles is banned\n|rule|HP Percentage Mod: HP is shown in percentages\n|clearpoke\n|poke|p1|Weezing-Galar, F|\n|poke|p1|Blissey, F|\n|poke|p1|Palafin, M|\n|poke|p1|Lucario, M|\n|poke|p1|Iron Bundle|\n|poke|p1|Landorus-Therian, M|\n|poke|p2|Slowking-Galar, M|\n|poke|p2|Crawdaunt, M|\n|poke|p2|Goodra-Hisui, F|\n|poke|p2|Medicham, F|\n|poke|p2|Spiritomb, F|\n|poke|p2|Torkoal, M|\n|teampreview\n|c|\u2606Gladiator_Kraken|first ever battle involving the chairman\n|c|\u2606Dragon Master Rosa|glhf\n|c|\u2606Gladiator_Kraken|literally 1987\n|c|\u2606Gladiator_Kraken|glhf\n|c|\u2606Dragon Master Rosa|WAS THAT THE CHILLY OF 87\n|\n|t:|1698181164\n|start\n|switch|p1a: Palafin|Palafin, M|100\/100\n|switch|p2a: The Contrarian Mon|Slowking-Galar, M|100\/100\n|turn|1\n|\n|t:|1698181177\n|detailschange|p1a: Palafin|Palafin-Hero, M\n|switch|p1a: Iron Bundle|Iron Bundle|100\/100\n|move|p2a: The Contrarian Mon|Trick Room|p2a: The Contrarian Mon\n|-fieldstart|move: Trick Room|[of] p2a: The Contrarian Mon\n|\n|upkeep\n|turn|2\n|\n|t:|1698181187\n|move|p2a: The Contrarian Mon|Taunt|p1a: Iron Bundle\n|-start|p1a: Iron Bundle|move: Taunt\n|move|p1a: Iron Bundle|Flip Turn|p2a: The Contrarian Mon\n|-damage|p2a: The Contrarian Mon|77\/100\n|\n|t:|1698181195\n|-end|p1a: Iron Bundle|Quark Drive|[silent]\n|switch|p1a: Lucario|Lucario, M|100\/100|[from] Flip Turn\n|\n|upkeep\n|turn|3\n|\n|t:|1698181200\n|move|p2a: The Contrarian Mon|Yawn|p1a: Lucario\n|-start|p1a: Lucario|move: Yawn|[of] p2a: The Contrarian Mon\n|move|p1a: Lucario|Meteor Mash|p2a: The Contrarian Mon\n|-damage|p2a: The Contrarian Mon|25\/100\n|-damage|p1a: Lucario|91\/100|[from] item: Life Orb\n|\n|upkeep\n|turn|4\n|\n|t:|1698181206\n|switch|p1a: Iron Bundle|Iron Bundle|100\/100\n|move|p2a: The Contrarian Mon|Chilly Reception|p2a: The Contrarian Mon\n|-weather|Snow\n|\n|t:|1698181218\n|switch|p2a: Me deez cham|Medicham, F|100\/100|[from] Chilly Reception\n|\n|-weather|Snow|[upkeep]\n|upkeep\n|turn|5\n|\n|t:|1698181252\n|-end|p1a: Iron Bundle|Quark Drive|[silent]\n|switch|p1a: Landorus|Landorus-Therian, M|100\/100\n|-ability|p1a: Landorus|Intimidate|boost\n|-unboost|p2a: Me deez cham|atk|1\n|move|p2a: Me deez cham|Zen Headbutt|p1a: Landorus\n|-damage|p1a: Landorus|42\/100\n|\n|-weather|Snow|[upkeep]\n|-heal|p1a: Landorus|48\/100|[from] item: Leftovers\n|-fieldend|move: Trick Room\n|upkeep\n|turn|6\n|\n|t:|1698181276\n|switch|p1a: Iron Bundle|Iron Bundle|100\/100\n|move|p2a: Me deez cham|Zen Headbutt|p1a: Iron Bundle\n|-damage|p1a: Iron Bundle|55\/100\n|\n|-weather|Snow|[upkeep]\n|upkeep\n|turn|7\n|c|\u2606Gladiator_Kraken|snow defense boost is insane\n|c|\u2606Dragon Master Rosa|fr\n|c|\u2606Dragon Master Rosa|and i mean 114 def\n|\n|t:|1698181318\n|move|p1a: Iron Bundle|Ice Spinner|p2a: Me deez cham\n|-crit|p2a: Me deez cham\n|-damage|p2a: Me deez cham|40\/100\n|move|p2a: Me deez cham|Zen Headbutt|p1a: Iron Bundle\n|-damage|p1a: Iron Bundle|14\/100\n|\n|-weather|Snow|[upkeep]\n|upkeep\n|turn|8\n|\n|t:|1698181332\n|switch|p2a: The Contrarian Mon|Slowking-Galar, M|58\/100\n|move|p1a: Iron Bundle|Ice Spinner|p2a: The Contrarian Mon\n|-damage|p2a: The Contrarian Mon|28\/100\n|\n|-weather|none\n|upkeep\n|turn|9\n|\n|t:|1698181338\n|switch|p2a: Mr Craw|Crawdaunt, M|100\/100\n|move|p1a: Iron Bundle|Ice Spinner|p2a: Mr Craw\n|-resisted|p2a: Mr Craw\n|-damage|p2a: Mr Craw|82\/100\n|\n|upkeep\n|turn|10\n|\n|t:|1698181342\n|move|p1a: Iron Bundle|Flip Turn|p2a: Mr Craw\n|-resisted|p2a: Mr Craw\n|-damage|p2a: Mr Craw|70\/100\n|\n|t:|1698181347\n|-end|p1a: Iron Bundle|Quark Drive|[silent]\n|switch|p1a: Blissey|Blissey, F|100\/100|[from] Flip Turn\n|move|p2a: Mr Craw|Dark Pulse|p1a: Blissey\n|-damage|p1a: Blissey|75\/100\n|\n|upkeep\n|turn|11\n|\n|t:|1698181351\n|switch|p2a: Cool guy :)|Goodra-Hisui, F|100\/100\n|move|p1a: Blissey|Thunder Wave|p2a: Cool guy :)\n|-status|p2a: Cool guy :)|par\n|\n|upkeep\n|turn|12\n|\n|t:|1698181357\n|switch|p1a: Landorus|Landorus-Therian, M|48\/100\n|-ability|p1a: Landorus|Intimidate|boost\n|-unboost|p2a: Cool guy :)|atk|1\n|move|p2a: Cool guy :)|Outrage|p1a: Landorus\n|-damage|p1a: Landorus|0 fnt\n|faint|p1a: Landorus\n|\n|upkeep\n|\n|t:|1698181364\n|switch|p1a: Weezing|Weezing-Galar, F|100\/100\n|turn|13\n|\n|t:|1698181366\n|move|p1a: Weezing|Will-O-Wisp||[still]\n|-fail|p1a: Weezing\n|move|p2a: Cool guy :)|Outrage|p1a: Weezing|[from]lockedmove\n|-immune|p1a: Weezing\n|-start|p2a: Cool guy :)|confusion|[fatigue]\n|\n|upkeep\n|turn|14\n|c|\u2606Dragon Master Rosa|i may be stpid\n|\n|t:|1698181376\n|switch|p2a: The Contrarian Mon|Slowking-Galar, M|61\/100\n|move|p1a: Weezing|Strange Steam|p2a: The Contrarian Mon\n|-resisted|p2a: The Contrarian Mon\n|-damage|p2a: The Contrarian Mon|51\/100\n|-start|p2a: The Contrarian Mon|confusion\n|\n|upkeep\n|turn|15\n|\n|t:|1698181382\n|switch|p1a: Lucario|Lucario, M|91\/100\n|-activate|p2a: The Contrarian Mon|confusion\n|move|p2a: The Contrarian Mon|Trick Room|p2a: The Contrarian Mon\n|-fieldstart|move: Trick Room|[of] p2a: The Contrarian Mon\n|\n|upkeep\n|turn|16\n|\n|t:|1698181395\n|-activate|p2a: The Contrarian Mon|confusion\n|move|p2a: The Contrarian Mon|Chilly Reception|p2a: The Contrarian Mon\n|-weather|Snow\n|\n|t:|1698181400\n|switch|p2a: Mr Craw|Crawdaunt, M|70\/100|[from] Chilly Reception\n|move|p1a: Lucario|Swords Dance|p1a: Lucario\n|-boost|p1a: Lucario|atk|2\n|\n|-weather|Snow|[upkeep]\n|upkeep\n|turn|17\n|\n|t:|1698181408\n|-terastallize|p1a: Lucario|Normal\n|move|p1a: Lucario|Extreme Speed|p2a: Mr Craw\n|-damage|p2a: Mr Craw|0 fnt\n|faint|p2a: Mr Craw\n|-damage|p1a: Lucario|81\/100|[from] item: Life Orb\n|\n|-weather|Snow|[upkeep]\n|upkeep\n|\n|t:|1698181411\n|switch|p2a: Cool guy :)|Goodra-Hisui, F|100\/100 par\n|turn|18\n|\n|t:|1698181416\n|move|p2a: Cool guy :)|Earthquake|p1a: Lucario\n|-damage|p1a: Lucario|4\/100\n|move|p1a: Lucario|Close Combat|p2a: Cool guy :)\n|-supereffective|p2a: Cool guy :)\n|-damage|p2a: Cool guy :)|0 fnt\n|-unboost|p1a: Lucario|def|1\n|-unboost|p1a: Lucario|spd|1\n|faint|p2a: Cool guy :)\n|-damage|p1a: Lucario|0 fnt|[from] item: Life Orb\n|faint|p1a: Lucario\n|\n|-weather|Snow|[upkeep]\n|upkeep\n|\n|t:|1698181434\n|switch|p2a: Me deez cham|Medicham, F|40\/100\n|switch|p1a: Weezing|Weezing-Galar, F|100\/100\n|turn|19\n|\n|t:|1698181440\n|move|p1a: Weezing|Strange Steam|p2a: Me deez cham\n|-supereffective|p2a: Me deez cham\n|-damage|p2a: Me deez cham|0 fnt\n|faint|p2a: Me deez cham\n|\n|-weather|Snow|[upkeep]\n|-fieldend|move: Trick Room\n|upkeep\n|\n|t:|1698181446\n|switch|p2a: The Contrarian Mon|Slowking-Galar, M|84\/100\n|turn|20\n|\n|t:|1698181451\n|switch|p1a: Palafin|Palafin-Hero, M|100\/100\n|-activate|p1a: Palafin|ability: Zero to Hero\n|move|p2a: The Contrarian Mon|Trick Room|p2a: The Contrarian Mon\n|-fieldstart|move: Trick Room|[of] p2a: The Contrarian Mon\n|\n|-weather|none\n|upkeep\n|turn|21\n|\n|t:|1698181457\n|move|p2a: The Contrarian Mon|Yawn|p1a: Palafin\n|-start|p1a: Palafin|move: Yawn|[of] p2a: The Contrarian Mon\n|move|p1a: Palafin|Surf|p2a: The Contrarian Mon\n|-damage|p2a: The Contrarian Mon|33\/100\n|\n|upkeep\n|turn|22\n|\n|t:|1698181461\n|switch|p1a: Weezing|Weezing-Galar, F|100\/100\n|move|p2a: The Contrarian Mon|Chilly Reception|p2a: The Contrarian Mon\n|-weather|Snow\n|\n|t:|1698181469\n|switch|p2a: Little Guy :)|Torkoal, M|100\/100|[from] Chilly Reception\n|-weather|SunnyDay|[from] ability: Drought|[of] p2a: Little Guy :)\n|\n|-weather|SunnyDay|[upkeep]\n|upkeep\n|turn|23\n|\n|t:|1698181489\n|-terastallize|p2a: Little Guy :)|Fire\n|move|p2a: Little Guy :)|Eruption|p1a: Weezing\n|-damage|p1a: Weezing|0 fnt\n|faint|p1a: Weezing\n|\n|-weather|SunnyDay|[upkeep]\n|upkeep\n|\n|t:|1698181495\n|switch|p1a: Blissey|Blissey, F|75\/100\n|turn|24\n|\n|t:|1698181502\n|switch|p2a: The Contrarian Mon|Slowking-Galar, M|66\/100\n|move|p1a: Blissey|Seismic Toss|p2a: The Contrarian Mon\n|-damage|p2a: The Contrarian Mon|41\/100\n|\n|-weather|SunnyDay|[upkeep]\n|-fieldend|move: Trick Room\n|upkeep\n|turn|25\n|\n|t:|1698181508\n|move|p2a: The Contrarian Mon|Chilly Reception|p2a: The Contrarian Mon\n|-weather|Snow\n|\n|t:|1698181510\n|switch|p2a: Toomer|Spiritomb, F|100\/100|[from] Chilly Reception\n|move|p1a: Blissey|Thunder Wave|p2a: Toomer\n|-status|p2a: Toomer|par\n|\n|-weather|Snow|[upkeep]\n|upkeep\n|turn|26\n|\n|t:|1698181514\n|move|p1a: Blissey|Stealth Rock|p2a: Toomer\n|-sidestart|p2: Gladiator_Kraken|move: Stealth Rock\n|move|p2a: Toomer|Trick Room|p2a: Toomer\n|-fieldstart|move: Trick Room|[of] p2a: Toomer\n|\n|-weather|Snow|[upkeep]\n|upkeep\n|turn|27\n|\n|t:|1698181524\n|move|p2a: Toomer|Calm Mind|p2a: Toomer\n|-boost|p2a: Toomer|spa|1\n|-boost|p2a: Toomer|spd|1\n|move|p1a: Blissey|Thunder Wave|p2a: Toomer|[miss]\n|-miss|p1a: Blissey|p2a: Toomer\n|\n|-weather|Snow|[upkeep]\n|upkeep\n|turn|28\n|\n|t:|1698181527\n|switch|p1a: Iron Bundle|Iron Bundle|14\/100\n|move|p2a: Toomer|Calm Mind|p2a: Toomer\n|-boost|p2a: Toomer|spa|1\n|-boost|p2a: Toomer|spd|1\n|\n|-weather|Snow|[upkeep]\n|upkeep\n|turn|29\n|\n|t:|1698181533\n|-end|p1a: Iron Bundle|Quark Drive|[silent]\n|switch|p1a: Blissey|Blissey, F|75\/100\n|move|p2a: Toomer|Will-O-Wisp|p1a: Blissey\n|-status|p1a: Blissey|brn\n|\n|-weather|none\n|-damage|p1a: Blissey|69\/100 brn|[from] brn\n|upkeep\n|turn|30\n|\n|t:|1698181542\n|-curestatus|p1a: Blissey|brn|[from] ability: Natural Cure\n|switch|p1a: Iron Bundle|Iron Bundle|14\/100\n|move|p2a: Toomer|Calm Mind|p2a: Toomer\n|-boost|p2a: Toomer|spa|1\n|-boost|p2a: Toomer|spd|1\n|\n|-fieldend|move: Trick Room\n|upkeep\n|turn|31\n|\n|t:|1698181547\n|move|p1a: Iron Bundle|Encore|p2a: Toomer\n|-start|p2a: Toomer|Encore\n|move|p2a: Toomer|Calm Mind|p2a: Toomer\n|-boost|p2a: Toomer|spa|1\n|-boost|p2a: Toomer|spd|1\n|\n|upkeep\n|turn|32\n|\n|t:|1698181553\n|switch|p2a: The Contrarian Mon|Slowking-Galar, M|74\/100\n|-damage|p2a: The Contrarian Mon|62\/100|[from] Stealth Rock\n|move|p1a: Iron Bundle|Taunt|p2a: The Contrarian Mon\n|-start|p2a: The Contrarian Mon|move: Taunt\n|-enditem|p2a: The Contrarian Mon|Mental Herb\n|-end|p2a: The Contrarian Mon|move: Taunt\n|\n|upkeep\n|turn|33\n|\n|t:|1698181559\n|switch|p2a: Toomer|Spiritomb, F|100\/100 par\n|-damage|p2a: Toomer|88\/100 par|[from] Stealth Rock\n|move|p1a: Iron Bundle|Taunt|p2a: Toomer\n|-start|p2a: Toomer|move: Taunt\n|\n|-heal|p2a: Toomer|94\/100 par|[from] item: Leftovers\n|upkeep\n|turn|34\n|\n|t:|1698181562\n|switch|p2a: The Contrarian Mon|Slowking-Galar, M|95\/100\n|-damage|p2a: The Contrarian Mon|82\/100|[from] Stealth Rock\n|move|p1a: Iron Bundle|Flip Turn|p2a: The Contrarian Mon\n|-damage|p2a: The Contrarian Mon|57\/100\n|\n|t:|1698181565\n|-end|p1a: Iron Bundle|Quark Drive|[silent]\n|switch|p1a: Palafin|Palafin-Hero, M|100\/100|[from] Flip Turn\n|\n|upkeep\n|turn|35\n|\n|t:|1698181602\n|move|p1a: Palafin|Boomburst|p2a: The Contrarian Mon\n|-damage|p2a: The Contrarian Mon|6\/100\n|move|p2a: The Contrarian Mon|Trick Room|p2a: The Contrarian Mon\n|-fieldstart|move: Trick Room|[of] p2a: The Contrarian Mon\n|\n|upkeep\n|turn|36\n|\n|t:|1698181609\n|switch|p1a: Iron Bundle|Iron Bundle|14\/100\n|move|p2a: The Contrarian Mon|Chilly Reception|p2a: The Contrarian Mon\n|-weather|Snow\n|\n|t:|1698181613\n|switch|p2a: Little Guy :)|Torkoal, M, tera:Fire|100\/100|[from] Chilly Reception\n|-damage|p2a: Little Guy :)|76\/100|[from] Stealth Rock\n|-weather|SunnyDay|[from] ability: Drought|[of] p2a: Little Guy :)\n|\n|-weather|SunnyDay|[upkeep]\n|upkeep\n|turn|37\n|\n|t:|1698181627\n|move|p2a: Little Guy :)|Eruption|p1a: Iron Bundle\n|-damage|p1a: Iron Bundle|0 fnt\n|faint|p1a: Iron Bundle\n|-end|p1a: Iron Bundle|Quark Drive|[silent]\n|\n|-weather|SunnyDay|[upkeep]\n|upkeep\n|\n|t:|1698181629\n|switch|p1a: Blissey|Blissey, F|69\/100\n|turn|38\n|\n|t:|1698181640\n|move|p2a: Little Guy :)|Eruption|p1a: Blissey\n|-damage|p1a: Blissey|13\/100\n|move|p1a: Blissey|Seismic Toss|p2a: Little Guy :)\n|-damage|p2a: Little Guy :)|47\/100\n|\n|-weather|SunnyDay|[upkeep]\n|upkeep\n|turn|39\n|\n|t:|1698181645\n|switch|p1a: Palafin|Palafin-Hero, M|100\/100\n|move|p2a: Little Guy :)|Eruption|p1a: Palafin\n|-resisted|p1a: Palafin\n|-damage|p1a: Palafin|50\/100\n|\n|-weather|SunnyDay|[upkeep]\n|-fieldend|move: Trick Room\n|upkeep\n|turn|40\n|\n|t:|1698181654\n|switch|p2a: Toomer|Spiritomb, F|94\/100 par\n|-damage|p2a: Toomer|82\/100 par|[from] Stealth Rock\n|move|p1a: Palafin|Surf|p2a: Toomer\n|-damage|p2a: Toomer|50\/100 par\n|\n|-weather|none\n|-heal|p2a: Toomer|56\/100 par|[from] item: Leftovers\n|upkeep\n|turn|41\n|\n|t:|1698181660\n|move|p1a: Palafin|Surf|p2a: Toomer\n|-damage|p2a: Toomer|0 fnt\n|faint|p2a: Toomer\n|\n|upkeep\n|\n|t:|1698181662\n|switch|p2a: The Contrarian Mon|Slowking-Galar, M|39\/100\n|-damage|p2a: The Contrarian Mon|27\/100|[from] Stealth Rock\n|turn|42\n|\n|t:|1698181666\n|move|p1a: Palafin|Surf|p2a: The Contrarian Mon\n|-damage|p2a: The Contrarian Mon|0 fnt\n|faint|p2a: The Contrarian Mon\n|\n|upkeep\n|c|\u2606Gladiator_Kraken|ggwp\n|c|\u2606Dragon Master Rosa|ggwp\n|-message|Gladiator_Kraken forfeited.\n|\n|win|Dragon Master Rosa\n|l|\u2606Gladiator_Kraken\n","uploadtime":1698181681,"views":13,"p1id":"dragonmasterrosa","p2id":"gladiatorkraken","formatid":"gen9ubers","rating":0,"private":0,"password":""}