{"id":"gen9ubers-1982066812","p1":"Funniname.jpg","p2":"IDaHAN","format":"[Gen 9] Ubers","log":"|j|\u2606Funniname.jpg\n|j|\u2606IDaHAN\n|t:|1698964524\n|gametype|singles\n|player|p1|Funniname.jpg|turo-ai|\n|player|p2|IDaHAN|ethan|\n|teamsize|p1|6\n|teamsize|p2|6\n|gen|9\n|tier|[Gen 9] Ubers\n|rule|Sleep Clause Mod: Limit one foe put to sleep\n|rule|Species Clause: Limit one of each Pok\u00e9mon\n|rule|OHKO Clause: OHKO moves are banned\n|rule|Evasion Items Clause: Evasion items are banned\n|rule|Evasion Moves Clause: Evasion moves are banned\n|rule|Endless Battle Clause: Forcing endless battles is banned\n|rule|HP Percentage Mod: HP is shown in percentages\n|clearpoke\n|poke|p1|Magearna|\n|poke|p1|Arceus-Poison|\n|poke|p1|Urshifu-*, F|\n|poke|p1|Volcarona, F|\n|poke|p1|Garchomp, F|\n|poke|p1|Spectrier|\n|poke|p2|Pelipper, F|\n|poke|p2|Basculegion-F, F|\n|poke|p2|Landorus, M|\n|poke|p2|Palkia-Origin|\n|poke|p2|Arceus-Grass|\n|poke|p2|Palafin, M|\n|teampreview\n|inactive|Battle timer is ON: inactive players will automatically lose when time's up. (requested by Funniname.jpg)\n|inactive|IDaHAN also wants the timer to be on.\n|c|\u2606IDaHAN|good luck have fun :)\n|c|\u2606IDaHAN|oh yeash\n|c|\u2606Funniname.jpg|GLHF\n|inactive|IDaHAN has 270 seconds left.\n|c|\u2606IDaHAN|my wifi is kinda bad and i dont want to lose off timer because of a disconnect\n|c|\u2606IDaHAN|would it be ok if timer was off?\n|c|\u2606Funniname.jpg|Yeah sure\n|inactive|Funniname.jpg no longer wants the timer on, but the timer is staying on because idahan still does.\n|c|\u2606IDaHAN|odds are it wont happen but just in case\n|inactiveoff|Battle timer is now OFF.\n|\n|t:|1698964576\n|start\n|switch|p1a: Fly me to UU(bers)|Garchomp, F|100\/100\n|switch|p2a: Arceus|Arceus-Grass|100\/100\n|turn|1\n|\n|t:|1698964597\n|move|p2a: Arceus|Stealth Rock|p1a: Fly me to UU(bers)\n|-sidestart|p1: Funniname.jpg|move: Stealth Rock\n|move|p1a: Fly me to UU(bers)|Stealth Rock|p2a: Arceus\n|-sidestart|p2: IDaHAN|move: Stealth Rock\n|\n|upkeep\n|turn|2\n|\n|t:|1698964602\n|move|p2a: Arceus|Judgment|p1a: Fly me to UU(bers)\n|-damage|p1a: Fly me to UU(bers)|49\/100\n|move|p1a: Fly me to UU(bers)|Poison Jab|p2a: Arceus\n|-supereffective|p2a: Arceus\n|-crit|p2a: Arceus\n|-damage|p2a: Arceus|47\/100\n|\n|upkeep\n|turn|3\n|\n|t:|1698964624\n|switch|p1a: Sun god|Volcarona, F, shiny|100\/100\n|move|p2a: Arceus|Judgment|p1a: Sun god\n|-resisted|p1a: Sun god\n|-damage|p1a: Sun god|89\/100\n|\n|upkeep\n|turn|4\n|\n|t:|1698964641\n|move|p2a: Arceus|Taunt|p1a: Sun god\n|-start|p1a: Sun god|move: Taunt\n|cant|p1a: Sun god|move: Taunt|Quiver Dance\n|\n|upkeep\n|turn|5\n|\n|t:|1698964646\n|switch|p2a: Pelipper|Pelipper, F|100\/100\n|-damage|p2a: Pelipper|75\/100|[from] Stealth Rock\n|-weather|RainDance|[from] ability: Drizzle|[of] p2a: Pelipper\n|move|p1a: Sun god|Fiery Dance|p2a: Pelipper\n|-resisted|p2a: Pelipper\n|-damage|p2a: Pelipper|59\/100\n|-boost|p1a: Sun god|spa|1\n|\n|-weather|RainDance|[upkeep]\n|upkeep\n|turn|6\n|\n|t:|1698964679\n|switch|p1a: Pok\u00e9balling|Magearna|100\/100\n|-damage|p1a: Pok\u00e9balling|95\/100|[from] Stealth Rock\n|move|p2a: Pelipper|U-turn|p1a: Pok\u00e9balling\n|-resisted|p1a: Pok\u00e9balling\n|-damage|p1a: Pok\u00e9balling|92\/100\n|\n|t:|1698964690\n|switch|p2a: Landorus|Landorus, M|100\/100|[from] U-turn\n|-damage|p2a: Landorus|88\/100|[from] Stealth Rock\n|\n|-weather|RainDance|[upkeep]\n|upkeep\n|turn|7\n|\n|t:|1698964700\n|-terastallize|p1a: Pok\u00e9balling|Water\n|move|p1a: Pok\u00e9balling|Tera Blast|p2a: Landorus|[anim] Tera Blast Water\n|-supereffective|p2a: Landorus\n|-damage|p2a: Landorus|0 fnt\n|faint|p2a: Landorus\n|-ability|p1a: Pok\u00e9balling|Soul-Heart|boost\n|-boost|p1a: Pok\u00e9balling|spa|1\n|\n|-weather|RainDance|[upkeep]\n|upkeep\n|\n|t:|1698964706\n|switch|p2a: Palkia|Palkia-Origin|100\/100\n|-damage|p2a: Palkia|88\/100|[from] Stealth Rock\n|-ability|p2a: Palkia|Pressure\n|turn|8\n|\n|t:|1698964723\n|switch|p1a: Fly me to UU(bers)|Garchomp, F|49\/100\n|-damage|p1a: Fly me to UU(bers)|43\/100|[from] Stealth Rock\n|move|p2a: Palkia|Thunder|p1a: Fly me to UU(bers)\n|-immune|p1a: Fly me to UU(bers)\n|\n|-weather|RainDance|[upkeep]\n|upkeep\n|turn|9\n|\n|t:|1698964733\n|move|p2a: Palkia|Hydro Pump|p1a: Fly me to UU(bers)\n|-damage|p1a: Fly me to UU(bers)|0 fnt\n|faint|p1a: Fly me to UU(bers)\n|\n|-weather|RainDance|[upkeep]\n|upkeep\n|\n|t:|1698964743\n|switch|p1a: Sun god|Volcarona, F, shiny|89\/100\n|turn|10\n|\n|t:|1698964773\n|switch|p1a: Bear with me|Urshifu-Rapid-Strike, F|100\/100\n|-damage|p1a: Bear with me|94\/100|[from] Stealth Rock\n|move|p2a: Palkia|Draco Meteor|p1a: Bear with me\n|-damage|p1a: Bear with me|0 fnt\n|-unboost|p2a: Palkia|spa|2\n|faint|p1a: Bear with me\n|\n|-weather|RainDance|[upkeep]\n|upkeep\n|\n|t:|1698964790\n|switch|p1a: A dead horse|Spectrier|100\/100\n|-damage|p1a: A dead horse|88\/100|[from] Stealth Rock\n|turn|11\n|\n|t:|1698964807\n|switch|p2a: Arceus|Arceus-Grass|47\/100\n|-damage|p2a: Arceus|35\/100|[from] Stealth Rock\n|move|p1a: A dead horse|Draining Kiss|p2a: Arceus\n|-damage|p2a: Arceus|17\/100\n|-heal|p1a: A dead horse|100\/100|[from] drain|[of] p2a: Arceus\n|\n|-weather|RainDance|[upkeep]\n|upkeep\n|turn|12\n|\n|t:|1698964817\n|move|p1a: A dead horse|Draining Kiss|p2a: Arceus\n|-damage|p2a: Arceus|0 fnt\n|faint|p2a: Arceus\n|-ability|p1a: A dead horse|Grim Neigh|boost\n|-boost|p1a: A dead horse|spa|1\n|\n|-weather|none\n|upkeep\n|\n|t:|1698964819\n|switch|p2a: Pelipper|Pelipper, F|59\/100\n|-damage|p2a: Pelipper|34\/100|[from] Stealth Rock\n|-weather|RainDance|[from] ability: Drizzle|[of] p2a: Pelipper\n|turn|13\n|\n|t:|1698964829\n|move|p1a: A dead horse|Draining Kiss|p2a: Pelipper\n|-damage|p2a: Pelipper|0 fnt\n|faint|p2a: Pelipper\n|-ability|p1a: A dead horse|Grim Neigh|boost\n|-boost|p1a: A dead horse|spa|1\n|\n|-weather|RainDance|[upkeep]\n|upkeep\n|\n|t:|1698964832\n|switch|p2a: Basculegion|Basculegion-F, F|100\/100\n|-damage|p2a: Basculegion|88\/100|[from] Stealth Rock\n|turn|14\n|\n|t:|1698964870\n|move|p2a: Basculegion|Last Respects|p1a: A dead horse\n|-supereffective|p1a: A dead horse\n|-damage|p1a: A dead horse|0 fnt\n|faint|p1a: A dead horse\n|\n|-weather|RainDance|[upkeep]\n|upkeep\n|\n|t:|1698964882\n|switch|p1a: Pok\u00e9balling|Magearna, tera:Water|92\/100\n|-damage|p1a: Pok\u00e9balling|80\/100|[from] Stealth Rock\n|turn|15\n|\n|t:|1698964889\n|-terastallize|p2a: Basculegion|Ghost\n|move|p2a: Basculegion|Last Respects|p1a: Pok\u00e9balling\n|-damage|p1a: Pok\u00e9balling|0 fnt\n|faint|p1a: Pok\u00e9balling\n|\n|-weather|RainDance|[upkeep]\n|upkeep\n|\n|t:|1698964897\n|switch|p1a: Arc-phone twitter|Arceus-Poison, shiny|100\/100\n|-damage|p1a: Arc-phone twitter|88\/100|[from] Stealth Rock\n|turn|16\n|\n|t:|1698964904\n|move|p2a: Basculegion|Last Respects|p1a: Arc-phone twitter\n|-damage|p1a: Arc-phone twitter|0 fnt\n|faint|p1a: Arc-phone twitter\n|\n|-weather|RainDance|[upkeep]\n|upkeep\n|\n|t:|1698964911\n|switch|p1a: Sun god|Volcarona, F, shiny|89\/100\n|turn|17\n|\n|t:|1698964918\n|move|p2a: Basculegion|Last Respects|p1a: Sun god\n|-damage|p1a: Sun god|0 fnt\n|faint|p1a: Sun god\n|\n|win|IDaHAN\n|c|\u2606Funniname.jpg|Gg\n|c|\u2606IDaHAN|gg\n|l|\u2606Funniname.jpg\n|player|p2|IDaHAN|ethan\n","uploadtime":1698964943,"views":24,"p1id":"funninamejpg","p2id":"idahan","formatid":"gen9ubers","rating":0,"private":0,"password":""}