{"id":"gen9ubers-1989006630","p1":"IcyTheScreamer","p2":"Steven Stone 007","format":"[Gen 9] Ubers","log":"|j|\u2606IcyTheScreamer\n|j|\u2606Steven Stone 007\n|t:|1699801350\n|gametype|singles\n|player|p1|IcyTheScreamer|ingo|\n|player|p2|Steven Stone 007|steven|\n|teamsize|p1|6\n|teamsize|p2|6\n|gen|9\n|tier|[Gen 9] Ubers\n|rule|Sleep Clause Mod: Limit one foe put to sleep\n|rule|Species Clause: Limit one of each Pok\u00e9mon\n|rule|OHKO Clause: OHKO moves are banned\n|rule|Evasion Items Clause: Evasion items are banned\n|rule|Evasion Moves Clause: Evasion moves are banned\n|rule|Endless Battle Clause: Forcing endless battles is banned\n|rule|HP Percentage Mod: HP is shown in percentages\n|clearpoke\n|poke|p1|Garchomp, F|\n|poke|p1|Zacian-*|\n|poke|p1|Arceus-Ice|\n|poke|p1|Sneasler, M|\n|poke|p1|Iron Valiant|\n|poke|p1|Magearna|\n|poke|p2|Torkoal, F|\n|poke|p2|Walking Wake|\n|poke|p2|Chi-Yu|\n|poke|p2|Zacian-*|\n|poke|p2|Rillaboom, F|\n|poke|p2|Arceus-Dark|\n|teampreview\n|c|\u2606Steven Stone 007|gl\n|c|\u2606IcyTheScreamer|u2\n|\n|t:|1699801437\n|start\n|switch|p1a: Garchomp|Garchomp, F|100\/100\n|switch|p2a: Chi-Yu|Chi-Yu|100\/100\n|-ability|p2a: Chi-Yu|Beads of Ruin\n|turn|1\n|\n|t:|1699801453\n|switch|p2a: Rillaboom|Rillaboom, F|100\/100\n|-fieldstart|move: Grassy Terrain|[from] ability: Grassy Surge|[of] p2a: Rillaboom\n|move|p1a: Garchomp|Stealth Rock|p2a: Rillaboom\n|-sidestart|p2: Steven Stone 007|move: Stealth Rock\n|\n|upkeep\n|turn|2\n|\n|t:|1699801459\n|move|p1a: Garchomp|Spikes|p2a: Rillaboom\n|-sidestart|p2: Steven Stone 007|Spikes\n|move|p2a: Rillaboom|U-turn|p1a: Garchomp\n|-damage|p1a: Garchomp|82\/100\n|-damage|p2a: Rillaboom|88\/100|[from] ability: Rough Skin|[of] p1a: Garchomp\n|-damage|p2a: Rillaboom|71\/100|[from] item: Rocky Helmet|[of] p1a: Garchomp\n|\n|t:|1699801464\n|switch|p2a: Zacian|Zacian|100\/100|[from] U-turn\n|-ability|p2a: Zacian|Intrepid Sword|boost\n|-boost|p2a: Zacian|atk|1\n|\n|-heal|p1a: Garchomp|89\/100|[from] Grassy Terrain\n|upkeep\n|turn|3\n|\n|t:|1699801470\n|move|p2a: Zacian|Swords Dance|p2a: Zacian\n|-boost|p2a: Zacian|atk|2\n|move|p1a: Garchomp|Spikes|p2a: Zacian\n|-sidestart|p2: Steven Stone 007|Spikes\n|\n|-heal|p1a: Garchomp|95\/100|[from] Grassy Terrain\n|upkeep\n|turn|4\n|\n|t:|1699801476\n|move|p2a: Zacian|Play Rough|p1a: Garchomp\n|-supereffective|p1a: Garchomp\n|-damage|p1a: Garchomp|0 fnt\n|-damage|p2a: Zacian|88\/100|[from] ability: Rough Skin|[of] p1a: Garchomp\n|-damage|p2a: Zacian|72\/100|[from] item: Rocky Helmet|[of] p1a: Garchomp\n|faint|p1a: Garchomp\n|\n|-heal|p2a: Zacian|78\/100|[from] Grassy Terrain\n|upkeep\n|\n|t:|1699801481\n|switch|p1a: Iron Valiant|Iron Valiant|100\/100\n|-enditem|p1a: Iron Valiant|Booster Energy\n|-activate|p1a: Iron Valiant|ability: Quark Drive|[fromitem]\n|-start|p1a: Iron Valiant|quarkdrivespe\n|turn|5\n|\n|t:|1699801487\n|-terastallize|p1a: Iron Valiant|Poison\n|move|p1a: Iron Valiant|Poison Jab|p2a: Zacian\n|-supereffective|p2a: Zacian\n|-damage|p2a: Zacian|0 fnt\n|faint|p2a: Zacian\n|\n|-fieldend|move: Grassy Terrain\n|upkeep\n|\n|t:|1699801491\n|switch|p2a: Torkoal|Torkoal, F|100\/100\n|-damage|p2a: Torkoal|75\/100|[from] Stealth Rock\n|-damage|p2a: Torkoal|59\/100|[from] Spikes\n|-weather|SunnyDay|[from] ability: Drought|[of] p2a: Torkoal\n|turn|6\n|\n|t:|1699801503\n|move|p1a: Iron Valiant|Knock Off|p2a: Torkoal\n|-crit|p2a: Torkoal\n|-damage|p2a: Torkoal|30\/100\n|-enditem|p2a: Torkoal|Heat Rock|[from] move: Knock Off|[of] p1a: Iron Valiant\n|move|p2a: Torkoal|Rapid Spin|p1a: Iron Valiant\n|-damage|p1a: Iron Valiant|89\/100\n|-boost|p2a: Torkoal|spe|1\n|-sideend|p2: Steven Stone 007|Spikes|[from] move: Rapid Spin|[of] p2a: Torkoal\n|-sideend|p2: Steven Stone 007|Stealth Rock|[from] move: Rapid Spin|[of] p2a: Torkoal\n|\n|-weather|SunnyDay|[upkeep]\n|upkeep\n|turn|7\n|\n|t:|1699801510\n|move|p1a: Iron Valiant|Close Combat|p2a: Torkoal\n|-damage|p2a: Torkoal|0 fnt\n|-unboost|p1a: Iron Valiant|def|1\n|-unboost|p1a: Iron Valiant|spd|1\n|faint|p2a: Torkoal\n|\n|-weather|SunnyDay|[upkeep]\n|upkeep\n|\n|t:|1699801517\n|switch|p2a: Rillaboom|Rillaboom, F|71\/100\n|-fieldstart|move: Grassy Terrain|[from] ability: Grassy Surge|[of] p2a: Rillaboom\n|turn|8\n|\n|t:|1699801522\n|move|p2a: Rillaboom|Grassy Glide|p1a: Iron Valiant\n|-resisted|p1a: Iron Valiant\n|-damage|p1a: Iron Valiant|59\/100\n|move|p1a: Iron Valiant|Poison Jab|p2a: Rillaboom\n|-supereffective|p2a: Rillaboom\n|-damage|p2a: Rillaboom|0 fnt\n|faint|p2a: Rillaboom\n|\n|-weather|SunnyDay|[upkeep]\n|-heal|p1a: Iron Valiant|65\/100|[from] Grassy Terrain\n|upkeep\n|\n|t:|1699801529\n|switch|p2a: Walking Wake|Walking Wake|100\/100\n|-activate|p2a: Walking Wake|ability: Protosynthesis\n|-start|p2a: Walking Wake|protosynthesisspe\n|turn|9\n|\n|t:|1699801535\n|-terastallize|p2a: Walking Wake|Water\n|move|p1a: Iron Valiant|Spirit Break|p2a: Walking Wake\n|-damage|p2a: Walking Wake|56\/100\n|-unboost|p2a: Walking Wake|spa|1\n|move|p2a: Walking Wake|Hydro Steam|p1a: Iron Valiant\n|-damage|p1a: Iron Valiant|0 fnt\n|faint|p1a: Iron Valiant\n|-end|p1a: Iron Valiant|Quark Drive|[silent]\n|\n|-weather|SunnyDay|[upkeep]\n|-heal|p2a: Walking Wake|62\/100|[from] Grassy Terrain\n|upkeep\n|\n|t:|1699801559\n|switch|p1a: Magearna|Magearna|100\/100\n|turn|10\n|\n|t:|1699801565\n|-end|p2a: Walking Wake|Protosynthesis|[silent]\n|switch|p2a: Chi-Yu|Chi-Yu|100\/100\n|-ability|p2a: Chi-Yu|Beads of Ruin\n|move|p1a: Magearna|Thunder Wave|p2a: Chi-Yu\n|-status|p2a: Chi-Yu|par\n|\n|-weather|SunnyDay|[upkeep]\n|upkeep\n|turn|11\n|\n|t:|1699801576\n|cant|p2a: Chi-Yu|par\n|move|p1a: Magearna|Fleur Cannon|p2a: Chi-Yu\n|-damage|p2a: Chi-Yu|34\/100 par\n|-unboost|p1a: Magearna|spa|2\n|\n|-weather|SunnyDay|[upkeep]\n|-heal|p2a: Chi-Yu|40\/100 par|[from] Grassy Terrain\n|upkeep\n|turn|12\n|\n|t:|1699801580\n|cant|p2a: Chi-Yu|par\n|move|p1a: Magearna|Volt Switch|p2a: Chi-Yu\n|-damage|p2a: Chi-Yu|29\/100 par\n|\n|t:|1699801584\n|switch|p1a: Sneasler|Sneasler, M|100\/100|[from] Volt Switch\n|\n|-weather|SunnyDay|[upkeep]\n|-heal|p2a: Chi-Yu|35\/100 par|[from] Grassy Terrain\n|-fieldend|move: Grassy Terrain\n|upkeep\n|turn|13\n|c|\u2606Steven Stone 007|WTF\n|\n|t:|1699801591\n|move|p1a: Sneasler|Fling|p2a: Chi-Yu\n|-resisted|p2a: Chi-Yu\n|-damage|p2a: Chi-Yu|0 fnt\n|-enditem|p1a: Sneasler|Big Nugget|[from] move: Fling\n|faint|p2a: Chi-Yu\n|\n|-weather|none\n|upkeep\n|\n|t:|1699801596\n|switch|p2a: Walking Wake|Walking Wake, tera:Water|62\/100\n|turn|14\n|c|\u2606Steven Stone 007|GG\n|\n|t:|1699801602\n|move|p1a: Sneasler|Close Combat|p2a: Walking Wake\n|-damage|p2a: Walking Wake|0 fnt\n|-unboost|p1a: Sneasler|def|1\n|-unboost|p1a: Sneasler|spd|1\n|faint|p2a: Walking Wake\n|-end|p2a: Walking Wake|Protosynthesis|[silent]\n|\n|upkeep\n|c|\u2606IcyTheScreamer|gg\n|-message|Steven Stone 007 forfeited.\n|\n|win|IcyTheScreamer\n|l|\u2606Steven Stone 007\n","uploadtime":1699801614,"views":5,"p1id":"icythescreamer","p2id":"stevenstone007","formatid":"gen9ubers","rating":0,"private":0,"password":""}