{"id":"gen9ubers-1991352376","p1":"Bee with Tea","p2":"meat in meatball","format":"[Gen 9] Ubers","log":"|j|\u2606Bee with Tea\n|j|\u2606meat in meatball\n|t:|1700069988\n|gametype|singles\n|player|p1|Bee with Tea|iris|1090\n|player|p2|meat in meatball|pokefan-gen4|1137\n|teamsize|p1|6\n|teamsize|p2|6\n|gen|9\n|tier|[Gen 9] Ubers\n|rated|\n|rule|Sleep Clause Mod: Limit one foe put to sleep\n|rule|Species Clause: Limit one of each Pok\u00e9mon\n|rule|OHKO Clause: OHKO moves are banned\n|rule|Evasion Items Clause: Evasion items are banned\n|rule|Evasion Moves Clause: Evasion moves are banned\n|rule|Endless Battle Clause: Forcing endless battles is banned\n|rule|HP Percentage Mod: HP is shown in percentages\n|clearpoke\n|poke|p1|Phione|\n|poke|p1|Clefable, M|\n|poke|p1|Scizor, M|\n|poke|p1|Gliscor, F|\n|poke|p1|Shaymin-Sky|\n|poke|p1|Mienshao, F|\n|poke|p2|Banette, F|\n|poke|p2|Urshifu-*, M|\n|poke|p2|Calyrex-Ice|\n|poke|p2|Flutter Mane|\n|poke|p2|Gliscor, M|\n|poke|p2|Regieleki|\n|teampreview\n|\n|t:|1700069996\n|start\n|switch|p1a: Milk|Clefable, M|100\/100\n|switch|p2a: Regieleki|Regieleki|100\/100\n|turn|1\n|\n|t:|1700070001\n|move|p2a: Regieleki|Volt Switch|p1a: Milk\n|-damage|p1a: Milk|66\/100\n|\n|t:|1700070004\n|switch|p2a: Gliscor|Gliscor, M, shiny|100\/100|[from] Volt Switch\n|move|p1a: Milk|Moonblast|p2a: Gliscor\n|-damage|p2a: Gliscor|41\/100\n|-unboost|p2a: Gliscor|spa|1\n|\n|-status|p2a: Gliscor|tox|[from] item: Toxic Orb\n|upkeep\n|turn|2\n|\n|t:|1700070011\n|move|p2a: Gliscor|Stealth Rock|p1a: Milk\n|-sidestart|p1: Bee with Tea|move: Stealth Rock\n|move|p1a: Milk|Blizzard|p2a: Gliscor|[miss]\n|-miss|p1a: Milk|p2a: Gliscor\n|\n|-heal|p2a: Gliscor|54\/100 tox|[from] ability: Poison Heal\n|upkeep\n|turn|3\n|\n|t:|1700070032\n|move|p2a: Gliscor|Spikes|p1a: Milk\n|-sidestart|p1: Bee with Tea|Spikes\n|move|p1a: Milk|Blizzard|p2a: Gliscor\n|-supereffective|p2a: Gliscor\n|-damage|p2a: Gliscor|0 fnt\n|faint|p2a: Gliscor\n|\n|upkeep\n|\n|t:|1700070039\n|switch|p2a: Calyrex|Calyrex-Ice|100\/100\n|-ability|p2a: Calyrex|As One\n|-ability|p2a: Calyrex|Unnerve\n|turn|4\n|\n|t:|1700070055\n|move|p1a: Milk|Fire Blast|p2a: Calyrex\n|-supereffective|p2a: Calyrex\n|-damage|p2a: Calyrex|42\/100\n|move|p2a: Calyrex|Trick Room|p2a: Calyrex\n|-fieldstart|move: Trick Room|[of] p2a: Calyrex\n|\n|upkeep\n|turn|5\n|\n|t:|1700070066\n|switch|p1a: Arkise|Scizor, M|100\/100\n|-damage|p1a: Arkise|88\/100|[from] Stealth Rock\n|-damage|p1a: Arkise|76\/100|[from] Spikes\n|move|p2a: Calyrex|Glacial Lance|p1a: Arkise\n|-resisted|p1a: Arkise\n|-damage|p1a: Arkise|27\/100\n|-damage|p2a: Calyrex|32\/100|[from] item: Life Orb\n|\n|upkeep\n|turn|6\n|\n|t:|1700070072\n|move|p1a: Arkise|Bullet Punch|p2a: Calyrex\n|-supereffective|p2a: Calyrex\n|-damage|p2a: Calyrex|0 fnt\n|faint|p2a: Calyrex\n|\n|upkeep\n|\n|t:|1700070076\n|switch|p2a: Banette|Banette, F|100\/100\n|-item|p1a: Arkise|Muscle Band|[from] ability: Frisk|[of] p2a: Banette|[identify]\n|turn|7\n|\n|t:|1700070081\n|move|p2a: Banette|Shadow Claw|p1a: Arkise\n|-damage|p1a: Arkise|0 fnt\n|faint|p1a: Arkise\n|\n|upkeep\n|\n|t:|1700070092\n|switch|p1a: Sig move when|Phione|100\/100\n|-damage|p1a: Sig move when|88\/100|[from] Stealth Rock\n|-damage|p1a: Sig move when|76\/100|[from] Spikes\n|turn|8\n|\n|t:|1700070096\n|move|p2a: Banette|Destiny Bond|p2a: Banette\n|-singlemove|p2a: Banette|Destiny Bond\n|move|p1a: Sig move when|Scald|p2a: Banette\n|-damage|p2a: Banette|59\/100\n|\n|-heal|p1a: Sig move when|82\/100|[from] item: Leftovers\n|-fieldend|move: Trick Room\n|upkeep\n|turn|9\n|\n|t:|1700070102\n|move|p1a: Sig move when|Take Heart|p1a: Sig move when\n|-boost|p1a: Sig move when|spa|1\n|-boost|p1a: Sig move when|spd|1\n|move|p2a: Banette|Trick Room|p2a: Banette\n|-fieldstart|move: Trick Room|[of] p2a: Banette\n|\n|-heal|p1a: Sig move when|88\/100|[from] item: Leftovers\n|upkeep\n|turn|10\n|\n|t:|1700070111\n|move|p2a: Banette|Shadow Claw|p1a: Sig move when\n|-crit|p1a: Sig move when\n|-damage|p1a: Sig move when|13\/100\n|move|p1a: Sig move when|Scald|p2a: Banette\n|-damage|p2a: Banette|0 fnt\n|faint|p2a: Banette\n|\n|-heal|p1a: Sig move when|19\/100|[from] item: Leftovers\n|upkeep\n|\n|t:|1700070116\n|switch|p2a: Urshifu|Urshifu-Rapid-Strike, M|100\/100\n|turn|11\n|c|\u2606meat in meatball|bro\n|c|\u2606meat in meatball|I think phoine learns heart swap\n|c|\u2606meat in meatball|if you want to use a gimmick move\n|\n|t:|1700070160\n|move|p2a: Urshifu|Surging Strikes|p1a: Sig move when\n|-resisted|p1a: Sig move when\n|-crit|p1a: Sig move when\n|-damage|p1a: Sig move when|5\/100\n|-resisted|p1a: Sig move when\n|-crit|p1a: Sig move when\n|-damage|p1a: Sig move when|0 fnt\n|faint|p1a: Sig move when\n|-hitcount|p1: Sig move when|2\n|\n|upkeep\n|c|\u2606meat in meatball|basically spectral thief but without the attack\n|\n|t:|1700070185\n|switch|p1a: Scarf Fox|Mienshao, F|100\/100\n|-damage|p1a: Scarf Fox|95\/100|[from] Stealth Rock\n|-damage|p1a: Scarf Fox|82\/100|[from] Spikes\n|turn|12\n|c|\u2606meat in meatball|most dont expect it\n|\n|t:|1700070195\n|move|p1a: Scarf Fox|Fake Out|p2a: Urshifu\n|-damage|p2a: Urshifu|89\/100\n|cant|p2a: Urshifu|flinch\n|\n|upkeep\n|turn|13\n|c|\u2606Bee with Tea|Phione unfortunately doesn't learn heart swap \ud83d\ude14\n|c|\u2606meat in meatball|damn\n|c|\u2606Bee with Tea|I checked to see if it had it trust me\n|c|\u2606meat in meatball|then its manaphy\n|c|\u2606meat in meatball|I got it mixed\n|c|\u2606Bee with Tea|I just want the bab to be viable\n|c|\u2606meat in meatball|me too bro\n|c|\u2606meat in meatball|me too\n|c|\u2606Bee with Tea|Yeah manaphy has 2 special moves and phione gets none???\n|c|\u2606Bee with Tea|Wuhh??\n|\n|t:|1700070244\n|move|p2a: Urshifu|Surging Strikes|p1a: Scarf Fox\n|-crit|p1a: Scarf Fox\n|-damage|p1a: Scarf Fox|38\/100\n|-crit|p1a: Scarf Fox\n|-damage|p1a: Scarf Fox|0 fnt\n|faint|p1a: Scarf Fox\n|-hitcount|p1: Scarf Fox|2\n|\n|-fieldend|move: Trick Room\n|upkeep\n|\n|t:|1700070249\n|switch|p1a: Flinchstones|Shaymin-Sky|100\/100\n|turn|14\n|c|\u2606meat in meatball|getting banette to top of ubers??? (real????)\n|\n|t:|1700070261\n|move|p1a: Flinchstones|Seed Flare|p2a: Urshifu|[miss]\n|-miss|p1a: Flinchstones|p2a: Urshifu\n|move|p2a: Urshifu|Surging Strikes|p1a: Flinchstones\n|-resisted|p1a: Flinchstones\n|-crit|p1a: Flinchstones\n|-damage|p1a: Flinchstones|87\/100\n|-resisted|p1a: Flinchstones\n|-crit|p1a: Flinchstones\n|-damage|p1a: Flinchstones|75\/100\n|-resisted|p1a: Flinchstones\n|-crit|p1a: Flinchstones\n|-damage|p1a: Flinchstones|61\/100\n|-hitcount|p1a: Flinchstones|3\n|\n|upkeep\n|turn|15\n|c|\u2606Bee with Tea|Ooo! Do that!\n|c|\u2606meat in meatball|i cant believe im actually winning matches with this team\n|c|\u2606Bee with Tea|I'm tryna get hyper offense clefable somewhere\n|\n|t:|1700070293\n|move|p1a: Flinchstones|Air Slash|p2a: Urshifu\n|-supereffective|p2a: Urshifu\n|-damage|p2a: Urshifu|27\/100\n|cant|p2a: Urshifu|flinch\n|\n|upkeep\n|turn|16\n|c|\u2606meat in meatball|choice scarfers get absolutely smashed by my destiny bond\n|\n|t:|1700070300\n|move|p1a: Flinchstones|Air Slash|p2a: Urshifu\n|-supereffective|p2a: Urshifu\n|-damage|p2a: Urshifu|0 fnt\n|faint|p2a: Urshifu\n|\n|upkeep\n|\n|t:|1700070302\n|switch|p2a: Regieleki|Regieleki|100\/100\n|turn|17\n|\n|t:|1700070305\n|-terastallize|p2a: Regieleki|Ice\n|move|p2a: Regieleki|Tera Blast|p1a: Flinchstones|[anim] Tera Blast Ice\n|-supereffective|p1a: Flinchstones\n|-damage|p1a: Flinchstones|0 fnt\n|faint|p1a: Flinchstones\n|\n|upkeep\n|\n|t:|1700070312\n|switch|p1a: Milk|Clefable, M|66\/100\n|turn|18\n|c|\u2606Bee with Tea|Torment is also a move to kill choicers\n|c|\u2606meat in meatball|also destiny bond lasts two turns technically\n|c|\u2606Bee with Tea|Torment taunt is hell for stalls\n|c|\u2606meat in meatball|so true\n|\n|t:|1700070339\n|move|p2a: Regieleki|Volt Switch|p1a: Milk\n|-damage|p1a: Milk|30\/100\n|\n|t:|1700070343\n|switch|p2a: Flutter Mane|Flutter Mane|100\/100|[from] Volt Switch\n|move|p1a: Milk|Fire Blast|p2a: Flutter Mane\n|-damage|p2a: Flutter Mane|53\/100\n|\n|upkeep\n|turn|19\n|c|\u2606meat in meatball|i think this is ggs\n|\n|t:|1700070358\n|move|p2a: Flutter Mane|Moonblast|p1a: Milk\n|-damage|p1a: Milk|0 fnt\n|faint|p1a: Milk\n|\n|upkeep\n|\n|t:|1700070360\n|switch|p1a: Cope\u2122|Gliscor, F|100\/100\n|-damage|p1a: Cope\u2122|88\/100|[from] Stealth Rock\n|turn|20\n|c|\u2606meat in meatball|really like the team tho\n|\n|t:|1700070364\n|move|p1a: Cope\u2122|Protect|p1a: Cope\u2122\n|-singleturn|p1a: Cope\u2122|Protect\n|move|p2a: Flutter Mane|Moonblast|p1a: Cope\u2122\n|-activate|p1a: Cope\u2122|move: Protect\n|\n|-status|p1a: Cope\u2122|tox|[from] item: Toxic Orb\n|upkeep\n|turn|21\n|c|\u2606Bee with Tea|Thank\n|c|\u2606Bee with Tea|Thinking of replacing somebody with hyper offense ribombee\n|c|\u2606Bee with Tea|Life orb ribombee\n|c|\u2606meat in meatball|phoine is my second favorite pkmn\n|c|\u2606Bee with Tea|Valid\n|c|\u2606Bee with Tea|It's so cute and deserves better\n|c|\u2606meat in meatball|honestly in this match the mienshao didnt really do much but what does it bring to the table in other matches?\n|c|\u2606Bee with Tea|Luckily base speed stat is low for legends so trick room teams can let it have some use\n|c|\u2606Bee with Tea|Mienshao is a new addition\n|c|\u2606meat in meatball|I just love trick room\n|c|\u2606Bee with Tea|They just hit things hard and was supposed to be my steel type solver lol\n|\n|t:|1700070460\n|move|p2a: Flutter Mane|Moonblast|p1a: Cope\u2122\n|-damage|p1a: Cope\u2122|0 fnt\n|faint|p1a: Cope\u2122\n|\n|win|meat in meatball\n|raw|Bee with Tea's rating: 1090 &rarr; <strong>1070<\/strong><br \/>(-20 for losing)\n|raw|meat in meatball's rating: 1137 &rarr; <strong>1159<\/strong><br \/>(+22 for winning)\n|c|\u2606meat in meatball|makes sense\n|c|\u2606Bee with Tea|Ouchie oof flutter hurty\n|c|\u2606meat in meatball|I would have replaced banette\n|c|\u2606Bee with Tea|Also gg\n|c|\u2606meat in meatball|for mimikyu\n|c|\u2606meat in meatball|but shes too fast\n|c|\u2606Bee with Tea|Mimi is fun\n|c|\u2606meat in meatball|so sadly I cant use my fav pkm\n|c|\u2606meat in meatball|ggs\n|c|\u2606Bee with Tea|Ye\n|c|\u2606meat in meatball|have a good day\n|l|\u2606meat in meatball\n|c|\u2606Bee with Tea|You too\n|l|\u2606Bee with Tea\n|j|\u2606meat in meatball\n|player|p2|meat in meatball|pokefan-gen4\n","uploadtime":1700070580,"views":8,"p1id":"beewithtea","p2id":"meatinmeatball","formatid":"gen9ubers","rating":1070,"private":0,"password":""}