{"id":"gen9ubers-1999985896","p1":"Willish6634","p2":"bandit_tpl","format":"[Gen 9] Ubers","log":"|j|\u2606Willish6634\n|j|\u2606bandit_tpl\n|t:|1701137850\n|gametype|singles\n|player|p1|Willish6634|leon-masters|\n|player|p2|bandit_tpl|sage|\n|teamsize|p1|6\n|teamsize|p2|6\n|gen|9\n|tier|[Gen 9] Ubers\n|rule|Sleep Clause Mod: Limit one foe put to sleep\n|rule|Species Clause: Limit one of each Pok\u00e9mon\n|rule|OHKO Clause: OHKO moves are banned\n|rule|Evasion Items Clause: Evasion items are banned\n|rule|Evasion Moves Clause: Evasion moves are banned\n|rule|Endless Battle Clause: Forcing endless battles is banned\n|rule|HP Percentage Mod: HP is shown in percentages\n|clearpoke\n|poke|p1|Scizor, F|\n|poke|p1|Magnezone|\n|poke|p1|Weavile, F|\n|poke|p1|Munkidori, M|\n|poke|p1|Azelf|\n|poke|p1|Dragonite, M|\n|poke|p2|Milotic, M|\n|poke|p2|Annihilape, M|\n|poke|p2|Shaymin-Sky|\n|poke|p2|Kingambit, F|\n|poke|p2|Heatran, F|\n|poke|p2|Tauros-Paldea-Aqua, M|\n|teampreview\n|j| Alaina Tutu\n|j| TheGreedent02\n|j| Redneck Heaven\n|j| ampharosaunt11\n|\n|t:|1701137904\n|start\n|switch|p1a: Magnezone|Magnezone|100\/100\n|switch|p2a: Heatran|Heatran, F|100\/100\n|turn|1\n|\n|t:|1701137944\n|-terastallize|p1a: Magnezone|Ground\n|move|p1a: Magnezone|Tera Blast|p2a: Heatran|[anim] Tera Blast Ground\n|-supereffective|p2a: Heatran\n|-damage|p2a: Heatran|0 fnt\n|faint|p2a: Heatran\n|\n|upkeep\n|\n|t:|1701137964\n|switch|p2a: Shaymin|Shaymin-Sky|100\/100\n|turn|2\n|\n|t:|1701137978\n|switch|p1a: Scizor|Scizor, F|100\/100\n|move|p2a: Shaymin|Substitute|p2a: Shaymin\n|-start|p2a: Shaymin|Substitute\n|-damage|p2a: Shaymin|76\/100\n|\n|-heal|p2a: Shaymin|82\/100|[from] item: Leftovers\n|upkeep\n|turn|3\n|\n|t:|1701137991\n|move|p1a: Scizor|Bullet Punch|p2a: Shaymin\n|-end|p2a: Shaymin|Substitute\n|move|p2a: Shaymin|Leech Seed|p1a: Scizor|[miss]\n|-miss|p2a: Shaymin|p1a: Scizor\n|\n|-heal|p2a: Shaymin|88\/100|[from] item: Leftovers\n|upkeep\n|turn|4\n|j| FaladranTheCreator\n|c| FaladranTheCreator|my goodness!\n|\n|t:|1701138038\n|switch|p2a: Milotic|Milotic, M, shiny|100\/100\n|move|p1a: Scizor|Swords Dance|p1a: Scizor\n|-boost|p1a: Scizor|atk|2\n|\n|-status|p2a: Milotic|brn|[from] item: Flame Orb\n|upkeep\n|turn|5\n|c| FaladranTheCreator|Fire Water Grass Ghost Steel perfection\n|j| Judgieiscool\n|\n|t:|1701138062\n|move|p1a: Scizor|Acrobatics|p2a: Milotic\n|-damage|p2a: Milotic|68\/100 brn\n|move|p2a: Milotic|Haze|p2a: Milotic\n|-clearallboost\n|\n|-damage|p2a: Milotic|62\/100 brn|[from] brn\n|upkeep\n|turn|6\n|\n|t:|1701138071\n|switch|p1a: Munkidori|Munkidori, M|100\/100\n|move|p2a: Milotic|Recover|p2a: Milotic\n|-heal|p2a: Milotic|100\/100 brn\n|\n|-damage|p2a: Milotic|94\/100 brn|[from] brn\n|upkeep\n|turn|7\n|l| Judgieiscool\n|j| Judgieiscool\n|\n|t:|1701138088\n|move|p1a: Munkidori|Psychic|p2a: Milotic\n|-damage|p2a: Milotic|48\/100 brn\n|move|p2a: Milotic|Scald|p1a: Munkidori\n|-damage|p1a: Munkidori|65\/100\n|-status|p1a: Munkidori|brn\n|\n|-damage|p1a: Munkidori|59\/100 brn|[from] brn\n|-damage|p2a: Milotic|42\/100 brn|[from] brn\n|upkeep\n|turn|8\n|\n|t:|1701138119\n|switch|p1a: Magnezone|Magnezone, tera:Ground|100\/100\n|switch|p2a: Kingambit|Kingambit, F|100\/100\n|-activate|p2a: Kingambit|ability: Supreme Overlord\n|-start|p2a: Kingambit|fallen1|[silent]\n|\n|upkeep\n|turn|9\n|j| mklgd\n|\n|t:|1701138163\n|-terastallize|p2a: Kingambit|Dark\n|move|p1a: Magnezone|Tera Blast|p2a: Kingambit|[anim] Tera Blast Ground\n|-damage|p2a: Kingambit|62\/100\n|move|p2a: Kingambit|Kowtow Cleave|p1a: Magnezone\n|-damage|p1a: Magnezone|9\/100\n|\n|upkeep\n|turn|10\n|l| Judgieiscool\n|j| Judgieiscool\n|\n|t:|1701138184\n|move|p1a: Magnezone|Tera Blast|p2a: Kingambit|[anim] Tera Blast Ground\n|-damage|p2a: Kingambit|20\/100\n|move|p2a: Kingambit|Kowtow Cleave|p1a: Magnezone\n|-damage|p1a: Magnezone|0 fnt\n|faint|p1a: Magnezone\n|\n|upkeep\n|\n|t:|1701138194\n|switch|p1a: Scizor|Scizor, F|100\/100\n|turn|11\n|\n|t:|1701138222\n|-end|p2a: Kingambit|fallen1|[silent]\n|switch|p2a: Milotic|Milotic, M, shiny|42\/100 brn\n|move|p1a: Scizor|Swords Dance|p1a: Scizor\n|-boost|p1a: Scizor|atk|2\n|\n|-damage|p2a: Milotic|36\/100 brn|[from] brn\n|upkeep\n|turn|12\n|\n|t:|1701138235\n|move|p1a: Scizor|Acrobatics|p2a: Milotic\n|-damage|p2a: Milotic|6\/100 brn\n|move|p2a: Milotic|Recover|p2a: Milotic\n|-heal|p2a: Milotic|56\/100 brn\n|\n|-damage|p2a: Milotic|49\/100 brn|[from] brn\n|upkeep\n|turn|13\n|\n|t:|1701138249\n|move|p1a: Scizor|Acrobatics|p2a: Milotic\n|-damage|p2a: Milotic|21\/100 brn\n|move|p2a: Milotic|Recover|p2a: Milotic\n|-heal|p2a: Milotic|71\/100 brn\n|\n|-damage|p2a: Milotic|65\/100 brn|[from] brn\n|upkeep\n|turn|14\n|\n|t:|1701138258\n|move|p1a: Scizor|Swords Dance|p1a: Scizor\n|-boost|p1a: Scizor|atk|2\n|move|p2a: Milotic|Haze|p2a: Milotic\n|-clearallboost\n|\n|-damage|p2a: Milotic|59\/100 brn|[from] brn\n|upkeep\n|turn|15\n|l| Judgieiscool\n|j| Judgieiscool\n|\n|t:|1701138310\n|switch|p1a: Azelf|Azelf|100\/100\n|move|p2a: Milotic|Recover|p2a: Milotic\n|-heal|p2a: Milotic|100\/100 brn\n|\n|-damage|p2a: Milotic|94\/100 brn|[from] brn\n|upkeep\n|turn|16\n|\n|t:|1701138336\n|switch|p2a: Kingambit|Kingambit, F, tera:Dark|20\/100\n|-activate|p2a: Kingambit|ability: Supreme Overlord\n|-start|p2a: Kingambit|fallen1|[silent]\n|move|p1a: Azelf|Nasty Plot|p1a: Azelf\n|-boost|p1a: Azelf|spa|2\n|\n|upkeep\n|turn|17\n|c| Judgieiscool|ruh oh\n|l| Judgieiscool\n|\n|t:|1701138385\n|move|p2a: Kingambit|Sucker Punch|p1a: Azelf\n|-supereffective|p1a: Azelf\n|-enditem|p1a: Azelf|Focus Sash\n|-damage|p1a: Azelf|1\/100\n|move|p1a: Azelf|Draining Kiss|p2a: Kingambit\n|-supereffective|p2a: Kingambit\n|-crit|p2a: Kingambit\n|-damage|p2a: Kingambit|0 fnt\n|-heal|p1a: Azelf|21\/100|[from] drain|[of] p2a: Kingambit\n|faint|p2a: Kingambit\n|-end|p2a: Kingambit|fallen1|[silent]\n|\n|upkeep\n|\n|t:|1701138397\n|switch|p2a: Shaymin|Shaymin-Sky|88\/100\n|turn|18\n|j| Judgieiscool\n|\n|t:|1701138426\n|move|p2a: Shaymin|Air Slash|p1a: Azelf\n|-damage|p1a: Azelf|0 fnt\n|faint|p1a: Azelf\n|\n|-heal|p2a: Shaymin|94\/100|[from] item: Leftovers\n|upkeep\n|\n|t:|1701138443\n|switch|p1a: Weavile|Weavile, F|100\/100\n|-ability|p1a: Weavile|Pressure\n|turn|19\n|l| mklgd\n|\n|t:|1701138469\n|switch|p2a: Tauros|Tauros-Paldea-Aqua, M, shiny|100\/100\n|-ability|p2a: Tauros|Intimidate|boost\n|-unboost|p1a: Weavile|atk|1\n|move|p1a: Weavile|Swords Dance|p1a: Weavile\n|-boost|p1a: Weavile|atk|2\n|\n|upkeep\n|turn|20\n|\n|t:|1701138497\n|switch|p1a: Dragonite|Dragonite, M|100\/100\n|move|p2a: Tauros|Close Combat|p1a: Dragonite\n|-resisted|p1a: Dragonite\n|-damage|p1a: Dragonite|75\/100\n|-unboost|p2a: Tauros|def|1\n|-unboost|p2a: Tauros|spd|1\n|\n|upkeep\n|turn|21\n|\n|t:|1701138510\n|switch|p2a: Milotic|Milotic, M, shiny|94\/100 brn\n|move|p1a: Dragonite|Earthquake|p2a: Milotic\n|-damage|p2a: Milotic|74\/100 brn\n|\n|-damage|p2a: Milotic|68\/100 brn|[from] brn\n|upkeep\n|turn|22\n|\n|t:|1701138532\n|move|p1a: Dragonite|Dragon Dance|p1a: Dragonite\n|-boost|p1a: Dragonite|atk|1\n|-boost|p1a: Dragonite|spe|1\n|move|p2a: Milotic|Recover|p2a: Milotic\n|-heal|p2a: Milotic|100\/100 brn\n|\n|-damage|p2a: Milotic|94\/100 brn|[from] brn\n|upkeep\n|turn|23\n|\n|t:|1701138562\n|move|p1a: Dragonite|Earthquake|p2a: Milotic\n|-damage|p2a: Milotic|64\/100 brn\n|move|p2a: Milotic|Haze|p2a: Milotic\n|-clearallboost\n|\n|-damage|p2a: Milotic|58\/100 brn|[from] brn\n|upkeep\n|turn|24\n|\n|t:|1701138574\n|switch|p1a: Munkidori|Munkidori, M|59\/100 brn\n|move|p2a: Milotic|Recover|p2a: Milotic\n|-heal|p2a: Milotic|100\/100 brn\n|\n|-damage|p1a: Munkidori|53\/100 brn|[from] brn\n|-damage|p2a: Milotic|94\/100 brn|[from] brn\n|upkeep\n|turn|25\n|\n|t:|1701138615\n|move|p1a: Munkidori|Sludge Wave|p2a: Milotic\n|-damage|p2a: Milotic|42\/100 brn\n|move|p2a: Milotic|Scald|p1a: Munkidori\n|-damage|p1a: Munkidori|18\/100 brn\n|\n|-damage|p1a: Munkidori|12\/100 brn|[from] brn\n|-damage|p2a: Milotic|36\/100 brn|[from] brn\n|upkeep\n|turn|26\n|\n|t:|1701138658\n|move|p1a: Munkidori|Sludge Wave|p2a: Milotic\n|-damage|p2a: Milotic|0 fnt\n|faint|p2a: Milotic\n|\n|-damage|p1a: Munkidori|6\/100 brn|[from] brn\n|upkeep\n|\n|t:|1701138684\n|switch|p2a: Shaymin|Shaymin-Sky|94\/100\n|turn|27\n|\n|t:|1701138693\n|move|p2a: Shaymin|Air Slash|p1a: Munkidori\n|-damage|p1a: Munkidori|0 fnt\n|faint|p1a: Munkidori\n|\n|-heal|p2a: Shaymin|99\/100|[from] item: Leftovers\n|upkeep\n|\n|t:|1701138697\n|switch|p1a: Scizor|Scizor, F|100\/100\n|turn|28\n|\n|t:|1701138702\n|switch|p2a: Tauros|Tauros-Paldea-Aqua, M, shiny|100\/100\n|-ability|p2a: Tauros|Intimidate|boost\n|-unboost|p1a: Scizor|atk|1\n|-enditem|p1a: Scizor|Adrenaline Orb\n|-boost|p1a: Scizor|spe|1|[from] item: Adrenaline Orb\n|move|p1a: Scizor|Swords Dance|p1a: Scizor\n|-boost|p1a: Scizor|atk|2\n|\n|upkeep\n|turn|29\n|\n|t:|1701138764\n|move|p1a: Scizor|Acrobatics|p2a: Tauros\n|-supereffective|p2a: Tauros\n|-damage|p2a: Tauros|0 fnt\n|faint|p2a: Tauros\n|\n|upkeep\n|\n|t:|1701138780\n|switch|p2a: Annihilape|Annihilape, M, shiny|100\/100\n|turn|30\n|\n|t:|1701138797\n|move|p1a: Scizor|Acrobatics|p2a: Annihilape\n|-supereffective|p2a: Annihilape\n|-damage|p2a: Annihilape|23\/100\n|move|p2a: Annihilape|Drain Punch|p1a: Scizor\n|-damage|p1a: Scizor|65\/100\n|-heal|p2a: Annihilape|35\/100|[from] drain|[of] p1a: Scizor\n|\n|-heal|p2a: Annihilape|41\/100|[from] item: Leftovers\n|upkeep\n|turn|31\n|\n|t:|1701138809\n|move|p1a: Scizor|Swords Dance|p1a: Scizor\n|-boost|p1a: Scizor|atk|2\n|move|p2a: Annihilape|Rage Fist|p1a: Scizor\n|-damage|p1a: Scizor|15\/100\n|\n|-heal|p2a: Annihilape|47\/100|[from] item: Leftovers\n|upkeep\n|turn|32\n|\n|t:|1701138818\n|move|p1a: Scizor|Acrobatics|p2a: Annihilape\n|-supereffective|p2a: Annihilape\n|-damage|p2a: Annihilape|0 fnt\n|faint|p2a: Annihilape\n|\n|upkeep\n|\n|t:|1701138824\n|switch|p2a: Shaymin|Shaymin-Sky|99\/100\n|turn|33\n|\n|t:|1701138828\n|move|p1a: Scizor|Bullet Punch|p2a: Shaymin\n|-damage|p2a: Shaymin|0 fnt\n|faint|p2a: Shaymin\n|\n|win|Willish6634\n|l| Alaina Tutu\n","uploadtime":1701138831,"views":31,"p1id":"willish6634","p2id":"bandittpl","formatid":"gen9ubers","rating":0,"private":0,"password":""}