{"id":"gen9ubers-1988590509","p1":"LITLE0","p2":"arrozva","format":"[Gen 9] Ubers","log":"|j|\u2606LITLE0\n|j|\u2606arrozva\n|t:|1699739484\n|gametype|singles\n|player|p1|LITLE0|brock|1040\n|player|p2|arrozva|lucas|1000\n|teamsize|p1|5\n|teamsize|p2|6\n|gen|9\n|tier|[Gen 9] Ubers\n|rated|\n|rule|Sleep Clause Mod: Limit one foe put to sleep\n|rule|Species Clause: Limit one of each Pok\u00e9mon\n|rule|OHKO Clause: OHKO moves are banned\n|rule|Evasion Items Clause: Evasion items are banned\n|rule|Evasion Moves Clause: Evasion moves are banned\n|rule|Endless Battle Clause: Forcing endless battles is banned\n|rule|HP Percentage Mod: HP is shown in percentages\n|clearpoke\n|poke|p1|Ceruledge, M|\n|poke|p1|Clefable, F|\n|poke|p1|Cyclizar, M|\n|poke|p1|Dondozo, M|\n|poke|p1|Urshifu-*, M|\n|poke|p2|Salamence, M|\n|poke|p2|Snorlax, M|\n|poke|p2|Lucario, M|\n|poke|p2|Gengar, M|\n|poke|p2|Rayquaza|\n|poke|p2|Kyogre|\n|teampreview\n|\n|t:|1699739497\n|start\n|switch|p1a: Cyclizar|Cyclizar, M|100\/100\n|switch|p2a: Gengar|Gengar, M|100\/100\n|turn|1\n|\n|t:|1699739507\n|move|p1a: Cyclizar|Shed Tail|p1a: Cyclizar\n|-start|p1a: Cyclizar|Substitute|[from] move: Shed Tail\n|-damage|p1a: Cyclizar|50\/100\n|\n|t:|1699739509\n|switch|p1a: Ceruledge|Ceruledge, M|100\/100|[from] Shed Tail\n|move|p2a: Gengar|Shadow Ball|p1a: Ceruledge\n|-supereffective|p1a: Ceruledge\n|-end|p1a: Ceruledge|Substitute\n|\n|upkeep\n|turn|2\n|\n|t:|1699739519\n|move|p1a: Ceruledge|Endure|p1a: Ceruledge\n|-singleturn|p1a: Ceruledge|move: Endure\n|move|p2a: Gengar|Shadow Ball|p1a: Ceruledge\n|-supereffective|p1a: Ceruledge\n|-activate|p1a: Ceruledge|move: Endure\n|-damage|p1a: Ceruledge|1\/100\n|-enditem|p1a: Ceruledge|Weakness Policy\n|-boost|p1a: Ceruledge|atk|2|[from] item: Weakness Policy\n|-boost|p1a: Ceruledge|spa|2|[from] item: Weakness Policy\n|\n|upkeep\n|turn|3\n|\n|t:|1699739536\n|-terastallize|p1a: Ceruledge|Ghost\n|move|p1a: Ceruledge|Shadow Sneak|p2a: Gengar\n|-supereffective|p2a: Gengar\n|-damage|p2a: Gengar|0 fnt\n|-start|p1a: Ceruledge|Disable|Shadow Sneak|[from] ability: Cursed Body|[of] p2a: Gengar\n|faint|p2a: Gengar\n|\n|upkeep\n|\n|t:|1699739549\n|switch|p2a: Snorlax|Snorlax, M|100\/100\n|turn|4\n|\n|t:|1699739555\n|move|p1a: Ceruledge|Bitter Blade|p2a: Snorlax\n|-damage|p2a: Snorlax|30\/100\n|-heal|p1a: Ceruledge|59\/100|[from] drain|[of] p2a: Snorlax\n|move|p2a: Snorlax|Curse|p2a: Snorlax\n|-unboost|p2a: Snorlax|spe|1\n|-boost|p2a: Snorlax|atk|1\n|-boost|p2a: Snorlax|def|1\n|\n|-heal|p2a: Snorlax|36\/100|[from] item: Leftovers\n|upkeep\n|turn|5\n|\n|t:|1699739569\n|move|p1a: Ceruledge|Bitter Blade|p2a: Snorlax\n|-damage|p2a: Snorlax|0 fnt\n|-heal|p1a: Ceruledge|88\/100|[from] drain|[of] p2a: Snorlax\n|faint|p2a: Snorlax\n|\n|upkeep\n|\n|t:|1699739576\n|switch|p2a: Kyogre|Kyogre|100\/100\n|-weather|RainDance|[from] ability: Drizzle|[of] p2a: Kyogre\n|turn|6\n|\n|t:|1699739583\n|-terastallize|p2a: Kyogre|Water\n|move|p1a: Ceruledge|Poltergeist|p2a: Kyogre\n|-activate|p2a: Kyogre|move: Poltergeist|Leftovers\n|-damage|p2a: Kyogre|0 fnt\n|faint|p2a: Kyogre\n|\n|-weather|RainDance|[upkeep]\n|-end|p1a: Ceruledge|Disable\n|upkeep\n|\n|t:|1699739594\n|switch|p2a: Rayquaza|Rayquaza|100\/100\n|-ability|p2a: Rayquaza|Air Lock\n|turn|7\n|\n|t:|1699739603\n|move|p1a: Ceruledge|Shadow Sneak|p2a: Rayquaza\n|-damage|p2a: Rayquaza|39\/100\n|move|p2a: Rayquaza|Dragon Dance|p2a: Rayquaza\n|-boost|p2a: Rayquaza|atk|1\n|-boost|p2a: Rayquaza|spe|1\n|\n|-weather|RainDance|[upkeep]\n|upkeep\n|turn|8\n|\n|t:|1699739613\n|move|p1a: Ceruledge|Shadow Sneak|p2a: Rayquaza\n|-damage|p2a: Rayquaza|0 fnt\n|faint|p2a: Rayquaza\n|\n|-weather|RainDance|[upkeep]\n|upkeep\n|\n|t:|1699739623\n|switch|p2a: Salamence|Salamence, M|100\/100\n|-ability|p2a: Salamence|Intimidate|boost\n|-unboost|p1a: Ceruledge|atk|1\n|turn|9\n|\n|t:|1699739635\n|move|p2a: Salamence|Dragon Dance|p2a: Salamence\n|-boost|p2a: Salamence|atk|1\n|-boost|p2a: Salamence|spe|1\n|move|p1a: Ceruledge|Poltergeist|p2a: Salamence\n|-activate|p2a: Salamence|move: Poltergeist|Life Orb\n|-damage|p2a: Salamence|0 fnt\n|faint|p2a: Salamence\n|\n|-weather|RainDance|[upkeep]\n|upkeep\n|\n|t:|1699739645\n|switch|p2a: Lucario|Lucario, M|100\/100\n|turn|10\n|\n|t:|1699739650\n|move|p2a: Lucario|Earthquake|p1a: Ceruledge\n|-damage|p1a: Ceruledge|45\/100\n|-ability|p1a: Ceruledge|Weak Armor|boost\n|-unboost|p1a: Ceruledge|def|1\n|-boost|p1a: Ceruledge|spe|2\n|move|p1a: Ceruledge|Bitter Blade|p2a: Lucario\n|-supereffective|p2a: Lucario\n|-enditem|p2a: Lucario|Focus Sash\n|-damage|p2a: Lucario|1\/100\n|-heal|p1a: Ceruledge|93\/100|[from] drain|[of] p2a: Lucario\n|\n|-weather|none\n|upkeep\n|turn|11\n|\n|t:|1699739664\n|move|p1a: Ceruledge|Shadow Sneak|p2a: Lucario\n|-damage|p2a: Lucario|0 fnt\n|faint|p2a: Lucario\n|\n|win|LITLE0\n|raw|LITLE0's rating: 1040 &rarr; <strong>1070<\/strong><br \/>(+30 for winning)\n|raw|arrozva's rating: 1000 &rarr; <strong>1000<\/strong><br \/>(+0 for losing)\n","uploadtime":1699739668,"views":12,"p1id":"litle0","p2id":"arrozva","formatid":"gen9ubers","rating":1000,"private":0,"password":""}