{"id":"gen9ubers-1984098120","p1":"Aurorecristal","p2":"wendyecho","format":"[Gen 9] Ubers","log":"|j|\u2606Aurorecristal\n|j|\u2606wendyecho\n|t:|1699218454\n|gametype|singles\n|player|p1|Aurorecristal|lady|\n|player|p2|wendyecho|iris-gen5bw2|\n|teamsize|p1|6\n|teamsize|p2|6\n|gen|9\n|tier|[Gen 9] Ubers\n|rule|Sleep Clause Mod: Limit one foe put to sleep\n|rule|Species Clause: Limit one of each Pok\u00e9mon\n|rule|OHKO Clause: OHKO moves are banned\n|rule|Evasion Items Clause: Evasion items are banned\n|rule|Evasion Moves Clause: Evasion moves are banned\n|rule|Endless Battle Clause: Forcing endless battles is banned\n|rule|HP Percentage Mod: HP is shown in percentages\n|clearpoke\n|poke|p1|Sylveon, M|\n|poke|p1|Torkoal, M|\n|poke|p1|Ribombee, M|\n|poke|p1|Leavanny, F|\n|poke|p1|Clefable, M|\n|poke|p1|Gliscor, F|\n|poke|p2|Ursaluna-Bloodmoon, M|\n|poke|p2|Staraptor, F|\n|poke|p2|Weezing-Galar, F|\n|poke|p2|Amoonguss, F|\n|poke|p2|Iron Moth|\n|poke|p2|Maushold-Four|\n|teampreview\n|inactive|Battle timer is ON: inactive players will automatically lose when time's up. (requested by wendyecho)\n|c|\u2606Aurorecristal|Mdrrrrrrrrrrr\n|inactive|Aurorecristal has 270 seconds left.\n|inactive|wendyecho has 270 seconds left.\n|c|\u2606Aurorecristal|J'ai build pour Romano en pensant que c'\u00e9tait tes types\n|c|\u2606Aurorecristal|Je vais me faire laver\n|inactiveoff|Battle timer is now OFF.\n|\n|t:|1699218511\n|start\n|switch|p1a: Mommy issues|Leavanny, F|100\/100\n|switch|p2a: Iron Moth|Iron Moth|100\/100\n|turn|1\n|\n|t:|1699218528\n|move|p2a: Iron Moth|U-turn|p1a: Mommy issues\n|-supereffective|p1a: Mommy issues\n|-damage|p1a: Mommy issues|67\/100\n|\n|t:|1699218533\n|-end|p2a: Iron Moth|Quark Drive|[silent]\n|switch|p2a: Staraptor|Staraptor, F|100\/100|[from] U-turn\n|-ability|p2a: Staraptor|Intimidate|boost\n|-unboost|p1a: Mommy issues|atk|1\n|move|p1a: Mommy issues|Sticky Web|p2a: Staraptor\n|-sidestart|p2: wendyecho|move: Sticky Web\n|\n|upkeep\n|turn|2\n|\n|t:|1699218543\n|move|p2a: Staraptor|U-turn|p1a: Mommy issues\n|-supereffective|p1a: Mommy issues\n|-damage|p1a: Mommy issues|2\/100\n|\n|t:|1699218546\n|switch|p2a: Weezing|Weezing-Galar, F|100\/100|[from] U-turn\n|move|p1a: Mommy issues|Poison Jab|p2a: Weezing\n|-damage|p2a: Weezing|90\/100\n|\n|-heal|p2a: Weezing|96\/100|[from] item: Black Sludge\n|upkeep\n|turn|3\n|\n|t:|1699218555\n|move|p1a: Mommy issues|Poison Jab|p2a: Weezing\n|-damage|p2a: Weezing|86\/100\n|move|p2a: Weezing|Defog|p1a: Mommy issues\n|-unboost|p1a: Mommy issues|evasion|1\n|-sideend|p2: wendyecho|Sticky Web|[from] move: Defog|[of] p2a: Weezing\n|\n|-heal|p2a: Weezing|92\/100|[from] item: Black Sludge\n|upkeep\n|turn|4\n|\n|t:|1699218565\n|move|p1a: Mommy issues|Sticky Web|p2a: Weezing\n|-sidestart|p2: wendyecho|move: Sticky Web\n|move|p2a: Weezing|Flamethrower|p1a: Mommy issues\n|-supereffective|p1a: Mommy issues\n|-damage|p1a: Mommy issues|0 fnt\n|faint|p1a: Mommy issues\n|\n|-heal|p2a: Weezing|98\/100|[from] item: Black Sludge\n|upkeep\n|\n|t:|1699218578\n|switch|p1a: Hisui vibes|Gliscor, F|100\/100\n|turn|5\n|\n|t:|1699218590\n|move|p1a: Hisui vibes|Swords Dance|p1a: Hisui vibes\n|-boost|p1a: Hisui vibes|atk|2\n|move|p2a: Weezing|Defog|p1a: Hisui vibes\n|-unboost|p1a: Hisui vibes|evasion|1\n|-sideend|p2: wendyecho|Sticky Web|[from] move: Defog|[of] p2a: Weezing\n|\n|-heal|p2a: Weezing|100\/100|[from] item: Black Sludge\n|-status|p1a: Hisui vibes|tox|[from] item: Toxic Orb\n|upkeep\n|turn|6\n|\n|t:|1699218618\n|switch|p2a: Staraptor|Staraptor, F|100\/100\n|-ability|p2a: Staraptor|Intimidate|boost\n|-unboost|p1a: Hisui vibes|atk|1\n|move|p1a: Hisui vibes|Gunk Shot|p2a: Staraptor\n|-damage|p2a: Staraptor|27\/100\n|\n|upkeep\n|turn|7\n|\n|t:|1699218628\n|move|p2a: Staraptor|Brave Bird|p1a: Hisui vibes\n|-damage|p1a: Hisui vibes|52\/100 tox\n|-damage|p2a: Staraptor|10\/100|[from] Recoil\n|move|p1a: Hisui vibes|Gunk Shot|p2a: Staraptor\n|-damage|p2a: Staraptor|0 fnt\n|faint|p2a: Staraptor\n|\n|-heal|p1a: Hisui vibes|65\/100 tox|[from] ability: Poison Heal\n|upkeep\n|\n|t:|1699218642\n|switch|p2a: Iron Moth|Iron Moth|100\/100\n|turn|8\n|\n|t:|1699218647\n|move|p1a: Hisui vibes|Protect|p1a: Hisui vibes\n|-singleturn|p1a: Hisui vibes|Protect\n|move|p2a: Iron Moth|Fiery Dance|p1a: Hisui vibes\n|-activate|p1a: Hisui vibes|move: Protect\n|\n|-heal|p1a: Hisui vibes|77\/100 tox|[from] ability: Poison Heal\n|upkeep\n|turn|9\n|\n|t:|1699218657\n|move|p2a: Iron Moth|Fiery Dance|p1a: Hisui vibes\n|-damage|p1a: Hisui vibes|22\/100 tox\n|move|p1a: Hisui vibes|Earthquake|p2a: Iron Moth\n|-supereffective|p2a: Iron Moth\n|-damage|p2a: Iron Moth|0 fnt\n|faint|p2a: Iron Moth\n|-end|p2a: Iron Moth|Quark Drive|[silent]\n|\n|-heal|p1a: Hisui vibes|34\/100 tox|[from] ability: Poison Heal\n|upkeep\n|\n|t:|1699218668\n|switch|p2a: Ursaluna|Ursaluna-Bloodmoon, M|100\/100\n|turn|10\n|\n|t:|1699218673\n|move|p1a: Hisui vibes|Earthquake|p2a: Ursaluna\n|-damage|p2a: Ursaluna|72\/100\n|move|p2a: Ursaluna|Calm Mind|p2a: Ursaluna\n|-boost|p2a: Ursaluna|spa|1\n|-boost|p2a: Ursaluna|spd|1\n|\n|-heal|p2a: Ursaluna|78\/100|[from] item: Leftovers\n|-heal|p1a: Hisui vibes|46\/100 tox|[from] ability: Poison Heal\n|upkeep\n|turn|11\n|\n|t:|1699218685\n|move|p1a: Hisui vibes|Earthquake|p2a: Ursaluna\n|-damage|p2a: Ursaluna|49\/100\n|move|p2a: Ursaluna|Blood Moon|p1a: Hisui vibes\n|-damage|p1a: Hisui vibes|0 fnt\n|faint|p1a: Hisui vibes\n|\n|-heal|p2a: Ursaluna|55\/100|[from] item: Leftovers\n|upkeep\n|\n|t:|1699218695\n|switch|p1a: Egg move|Clefable, M|100\/100\n|turn|12\n|\n|t:|1699218709\n|switch|p2a: Amoonguss|Amoonguss, F, shiny|100\/100\n|move|p1a: Egg move|Cosmic Power|p1a: Egg move\n|-boost|p1a: Egg move|def|1\n|-boost|p1a: Egg move|spd|1\n|\n|upkeep\n|turn|13\n|\n|t:|1699218719\n|move|p1a: Egg move|Moonblast|p2a: Amoonguss\n|-resisted|p2a: Amoonguss\n|-damage|p2a: Amoonguss|90\/100\n|-unboost|p2a: Amoonguss|spa|1\n|-enditem|p2a: Amoonguss|Eject Button\n|\n|t:|1699218730\n|switch|p2a: Maushold|Maushold-Four|100\/100\n|\n|upkeep\n|turn|14\n|\n|t:|1699218744\n|move|p2a: Maushold|Population Bomb|p1a: Egg move\n|-damage|p1a: Egg move|94\/100\n|-damage|p1a: Egg move|87\/100\n|-damage|p1a: Egg move|80\/100\n|-damage|p1a: Egg move|73\/100\n|-crit|p1a: Egg move\n|-damage|p1a: Egg move|57\/100\n|-damage|p1a: Egg move|49\/100\n|-damage|p1a: Egg move|42\/100\n|-damage|p1a: Egg move|35\/100\n|-damage|p1a: Egg move|29\/100\n|-damage|p1a: Egg move|22\/100\n|-enditem|p1a: Egg move|Salac Berry|[eat]\n|-boost|p1a: Egg move|spe|1|[from] item: Salac Berry\n|-hitcount|p1a: Egg move|10\n|move|p1a: Egg move|Cosmic Power|p1a: Egg move\n|-boost|p1a: Egg move|def|1\n|-boost|p1a: Egg move|spd|1\n|\n|upkeep\n|turn|15\n|\n|t:|1699218769\n|move|p2a: Maushold|Population Bomb|p1a: Egg move\n|-damage|p1a: Egg move|16\/100\n|-damage|p1a: Egg move|11\/100\n|-damage|p1a: Egg move|6\/100\n|-damage|p1a: Egg move|0 fnt\n|faint|p1a: Egg move\n|-hitcount|p1: Egg move|4\n|\n|upkeep\n|\n|t:|1699218776\n|switch|p1a: Donatello|Torkoal, M|100\/100\n|-weather|SunnyDay|[from] ability: Drought|[of] p1a: Donatello\n|turn|16\n|c|\u2606Aurorecristal|Franchement je suis d\u00e9bile\n|\n|t:|1699218810\n|switch|p2a: Weezing|Weezing-Galar, F|100\/100\n|move|p1a: Donatello|Gyro Ball|p2a: Weezing\n|-supereffective|p2a: Weezing\n|-damage|p2a: Weezing|72\/100\n|\n|-weather|SunnyDay|[upkeep]\n|-heal|p2a: Weezing|78\/100|[from] item: Black Sludge\n|upkeep\n|turn|17\n|\n|t:|1699218820\n|move|p2a: Weezing|Pain Split|p1a: Donatello\n|-sethp|p1a: Donatello|88\/100|[from] move: Pain Split|[silent]\n|-sethp|p2a: Weezing|91\/100|[from] move: Pain Split\n|move|p1a: Donatello|Gyro Ball|p2a: Weezing\n|-supereffective|p2a: Weezing\n|-damage|p2a: Weezing|63\/100\n|\n|-weather|SunnyDay|[upkeep]\n|-heal|p2a: Weezing|69\/100|[from] item: Black Sludge\n|upkeep\n|turn|18\n|\n|t:|1699218833\n|move|p2a: Weezing|Flamethrower|p1a: Donatello\n|-resisted|p1a: Donatello\n|-damage|p1a: Donatello|75\/100\n|move|p1a: Donatello|Shell Smash|p1a: Donatello\n|-unboost|p1a: Donatello|def|1\n|-unboost|p1a: Donatello|spd|1\n|-boost|p1a: Donatello|atk|2\n|-boost|p1a: Donatello|spa|2\n|-boost|p1a: Donatello|spe|2\n|-enditem|p1a: Donatello|Eject Pack\n|\n|t:|1699218835\n|switch|p1a: SCREAMING cat|Sylveon, M|100\/100\n|\n|-weather|SunnyDay|[upkeep]\n|-heal|p2a: Weezing|75\/100|[from] item: Black Sludge\n|upkeep\n|turn|19\n|\n|t:|1699218850\n|switch|p2a: Amoonguss|Amoonguss, F, shiny|100\/100\n|move|p1a: SCREAMING cat|Copycat|p1a: SCREAMING cat\n|move|p1a: SCREAMING cat|Shell Smash|p1a: SCREAMING cat|[from]move: Copycat\n|-unboost|p1a: SCREAMING cat|def|1\n|-unboost|p1a: SCREAMING cat|spd|1\n|-boost|p1a: SCREAMING cat|atk|2\n|-boost|p1a: SCREAMING cat|spa|2\n|-boost|p1a: SCREAMING cat|spe|2\n|-enditem|p1a: SCREAMING cat|White Herb\n|-clearnegativeboost|p1a: SCREAMING cat|[silent]\n|\n|-weather|SunnyDay|[upkeep]\n|upkeep\n|turn|20\n|\n|t:|1699218865\n|move|p1a: SCREAMING cat|Stored Power|p2a: Amoonguss\n|-supereffective|p2a: Amoonguss\n|-damage|p2a: Amoonguss|0 fnt\n|faint|p2a: Amoonguss\n|\n|-weather|none\n|upkeep\n|\n|t:|1699218875\n|switch|p2a: Ursaluna|Ursaluna-Bloodmoon, M|55\/100\n|turn|21\n|\n|t:|1699218884\n|-terastallize|p1a: SCREAMING cat|Fairy\n|move|p1a: SCREAMING cat|Hyper Voice|p2a: Ursaluna\n|-damage|p2a: Ursaluna|0 fnt\n|faint|p2a: Ursaluna\n|\n|upkeep\n|\n|t:|1699218891\n|switch|p2a: Maushold|Maushold-Four|100\/100\n|turn|22\n|\n|t:|1699218903\n|move|p1a: SCREAMING cat|Hyper Voice|p2a: Maushold\n|-damage|p2a: Maushold|0 fnt\n|faint|p2a: Maushold\n|\n|upkeep\n|\n|t:|1699218907\n|switch|p2a: Weezing|Weezing-Galar, F|75\/100\n|turn|23\n|\n|t:|1699218916\n|move|p1a: SCREAMING cat|Stored Power|p2a: Weezing\n|-supereffective|p2a: Weezing\n|-damage|p2a: Weezing|0 fnt\n|faint|p2a: Weezing\n|\n|win|Aurorecristal\n|c|\u2606wendyecho|Gg\n|c|\u2606Aurorecristal|Gg\n","uploadtime":1699218923,"views":13,"p1id":"aurorecristal","p2id":"wendyecho","formatid":"gen9ubers","rating":0,"private":0,"password":""}