{"id":"gen9ubers-1993392254","p1":"Thessa","p2":"kindly let","format":"[Gen 9] Ubers","log":"|j|\u2606Thessa\n|j|\u2606kindly let\n|t:|1700311339\n|gametype|singles\n|player|p1|Thessa|101|1065\n|player|p2|kindly let|1|1040\n|teamsize|p1|6\n|teamsize|p2|6\n|gen|9\n|tier|[Gen 9] Ubers\n|rated|\n|rule|Sleep Clause Mod: Limit one foe put to sleep\n|rule|Species Clause: Limit one of each Pok\u00e9mon\n|rule|OHKO Clause: OHKO moves are banned\n|rule|Evasion Items Clause: Evasion items are banned\n|rule|Evasion Moves Clause: Evasion moves are banned\n|rule|Endless Battle Clause: Forcing endless battles is banned\n|rule|HP Percentage Mod: HP is shown in percentages\n|clearpoke\n|poke|p1|Ariados, M|\n|poke|p1|Iron Moth|\n|poke|p1|Overqwil, F|\n|poke|p1|Gengar, F|\n|poke|p1|Sneasler, M|\n|poke|p1|Muk-Alola, F|\n|poke|p2|Inteleon, F|\n|poke|p2|Honchkrow, F|\n|poke|p2|Toxapex, M|\n|poke|p2|Urshifu-*, F|\n|poke|p2|Meowscarada, M|\n|poke|p2|Cryogonal|\n|teampreview\n|\n|t:|1700311356\n|start\n|switch|p1a: Ariados|Ariados, M|100\/100\n|switch|p2a: Inteleon|Inteleon, F|100\/100\n|turn|1\n|\n|t:|1700311364\n|move|p2a: Inteleon|Air Cutter|p1a: Ariados\n|-supereffective|p1a: Ariados\n|-damage|p1a: Ariados|51\/100\n|move|p1a: Ariados|Infestation|p2a: Inteleon\n|-damage|p2a: Inteleon|93\/100\n|-activate|p2a: Inteleon|move: Infestation|[of] p1a: Ariados\n|\n|-heal|p1a: Ariados|57\/100|[from] item: Black Sludge\n|-damage|p2a: Inteleon|80\/100|[from] move: Infestation|[partiallytrapped]\n|upkeep\n|turn|2\n|\n|t:|1700311373\n|move|p2a: Inteleon|Snipe Shot|p1a: Ariados\n|-damage|p1a: Ariados|7\/100\n|move|p1a: Ariados|Sticky Web|p2a: Inteleon\n|-sidestart|p2: kindly let|move: Sticky Web\n|\n|-heal|p1a: Ariados|13\/100|[from] item: Black Sludge\n|-damage|p2a: Inteleon|68\/100|[from] move: Infestation|[partiallytrapped]\n|upkeep\n|turn|3\n|c|\u2606Thessa|Good Lick!\n|c|\u2606Thessa|*Luck!\n|\n|t:|1700311399\n|switch|p1a: Muk|Muk-Alola, F|100\/100\n|move|p2a: Inteleon|Snipe Shot|p1a: Muk\n|-crit|p1a: Muk\n|-damage|p1a: Muk|52\/100\n|\n|-end|p2a: Inteleon|Infestation|[partiallytrapped]|[silent]\n|upkeep\n|turn|4\n|\n|t:|1700311409\n|move|p2a: Inteleon|Snipe Shot|p1a: Muk\n|-crit|p1a: Muk\n|-damage|p1a: Muk|6\/100\n|move|p1a: Muk|Drain Punch|p2a: Inteleon\n|-damage|p2a: Inteleon|25\/100\n|-heal|p1a: Muk|20\/100|[from] drain|[of] p2a: Inteleon\n|-status|p2a: Inteleon|psn|[from] ability: Poison Touch|[of] p1a: Muk\n|\n|-damage|p2a: Inteleon|13\/100 psn|[from] psn\n|upkeep\n|turn|5\n|\n|t:|1700311421\n|move|p1a: Muk|Shadow Sneak|p2a: Inteleon\n|-damage|p2a: Inteleon|0 fnt\n|faint|p2a: Inteleon\n|\n|upkeep\n|\n|t:|1700311427\n|switch|p2a: Cryogonal|Cryogonal|100\/100\n|turn|6\n|\n|t:|1700311432\n|move|p2a: Cryogonal|Rapid Spin|p1a: Muk\n|-damage|p1a: Muk|14\/100\n|-boost|p2a: Cryogonal|spe|1\n|-sideend|p2: kindly let|Sticky Web|[from] move: Rapid Spin|[of] p2a: Cryogonal\n|move|p1a: Muk|Drain Punch|p2a: Cryogonal\n|-supereffective|p2a: Cryogonal\n|-damage|p2a: Cryogonal|0 fnt\n|-heal|p1a: Muk|50\/100|[from] drain|[of] p2a: Cryogonal\n|faint|p2a: Cryogonal\n|\n|upkeep\n|\n|t:|1700311446\n|switch|p2a: Honchkrow|Honchkrow, F|100\/100\n|turn|7\n|\n|t:|1700311464\n|move|p2a: Honchkrow|Sky Attack||[still]\n|-prepare|p2a: Honchkrow|Sky Attack\n|-enditem|p2a: Honchkrow|Power Herb\n|-anim|p2a: Honchkrow|Sky Attack|p1a: Muk\n|-damage|p1a: Muk|0 fnt\n|faint|p1a: Muk\n|\n|upkeep\n|\n|t:|1700311478\n|switch|p1a: Gengar|Gengar, F|100\/100\n|turn|8\n|\n|t:|1700311485\n|move|p1a: Gengar|Thunderbolt|p2a: Honchkrow\n|-supereffective|p2a: Honchkrow\n|-damage|p2a: Honchkrow|0 fnt\n|faint|p2a: Honchkrow\n|\n|upkeep\n|\n|t:|1700311494\n|switch|p2a: Urshifu|Urshifu, F|100\/100\n|turn|9\n|\n|t:|1700311501\n|switch|p1a: Overqwil|Overqwil, F|100\/100\n|-ability|p1a: Overqwil|Intimidate|boost\n|-unboost|p2a: Urshifu|atk|1\n|move|p2a: Urshifu|Wicked Blow|p1a: Overqwil\n|-resisted|p1a: Overqwil\n|-crit|p1a: Overqwil\n|-damage|p1a: Overqwil|68\/100\n|\n|upkeep\n|turn|10\n|\n|t:|1700311516\n|move|p2a: Urshifu|Focus Energy|p2a: Urshifu\n|-start|p2a: Urshifu|move: Focus Energy\n|move|p1a: Overqwil|Barb Barrage|p2a: Urshifu\n|-damage|p2a: Urshifu|62\/100\n|-status|p2a: Urshifu|psn\n|-damage|p1a: Overqwil|58\/100|[from] item: Life Orb\n|\n|-damage|p2a: Urshifu|50\/100 psn|[from] psn\n|upkeep\n|turn|11\n|\n|t:|1700311542\n|move|p1a: Overqwil|Aqua Jet|p2a: Urshifu\n|-damage|p2a: Urshifu|32\/100 psn\n|-damage|p1a: Overqwil|48\/100|[from] item: Life Orb\n|move|p2a: Urshifu|Drain Punch|p1a: Overqwil\n|-damage|p1a: Overqwil|17\/100\n|-heal|p2a: Urshifu|47\/100 psn|[from] drain|[of] p1a: Overqwil\n|\n|-damage|p2a: Urshifu|34\/100 psn|[from] psn\n|upkeep\n|turn|12\n|\n|t:|1700311556\n|switch|p1a: Gengar|Gengar, F|100\/100\n|move|p2a: Urshifu|Sucker Punch||[still]\n|-fail|p2a: Urshifu\n|\n|-damage|p2a: Urshifu|22\/100 psn|[from] psn\n|upkeep\n|turn|13\n|\n|t:|1700311567\n|switch|p1a: Overqwil|Overqwil, F|17\/100\n|-ability|p1a: Overqwil|Intimidate|boost\n|-unboost|p2a: Urshifu|atk|1\n|move|p2a: Urshifu|Sucker Punch||[still]\n|-fail|p2a: Urshifu\n|\n|-damage|p2a: Urshifu|10\/100 psn|[from] psn\n|upkeep\n|turn|14\n|\n|t:|1700311577\n|move|p1a: Overqwil|Aqua Jet|p2a: Urshifu\n|-damage|p2a: Urshifu|0 fnt\n|faint|p2a: Urshifu\n|-damage|p1a: Overqwil|7\/100|[from] item: Life Orb\n|\n|upkeep\n|-message|kindly let forfeited.\n|\n|win|Thessa\n|raw|Thessa's rating: 1065 &rarr; <strong>1093<\/strong><br \/>(+28 for winning)\n|raw|kindly let's rating: 1040 &rarr; <strong>1025<\/strong><br \/>(-15 for losing)\n|l|\u2606kindly let\n","uploadtime":1700311629,"views":10,"p1id":"thessa","p2id":"kindlylet","formatid":"gen9ubers","rating":1025,"private":0,"password":""}