{"id":"gen9ubers-1981322307","p1":"PinkScourge","p2":"leonissenbaum","format":"[Gen 9] Ubers","log":"|j|\u2606PinkScourge\n|j|\u2606leonissenbaum\n|t:|1698883497\n|gametype|singles\n|player|p1|PinkScourge|bede-leader|\n|player|p2|leonissenbaum|leon|\n|teamsize|p1|6\n|teamsize|p2|6\n|gen|9\n|tier|[Gen 9] Ubers\n|rule|Sleep Clause Mod: Limit one foe put to sleep\n|rule|Species Clause: Limit one of each Pok\u00e9mon\n|rule|OHKO Clause: OHKO moves are banned\n|rule|Evasion Items Clause: Evasion items are banned\n|rule|Evasion Moves Clause: Evasion moves are banned\n|rule|Endless Battle Clause: Forcing endless battles is banned\n|rule|HP Percentage Mod: HP is shown in percentages\n|clearpoke\n|poke|p1|Indeedee, M|\n|poke|p1|Arceus-Psychic|\n|poke|p1|Palkia|\n|poke|p1|Alomomola, M|\n|poke|p1|Mandibuzz, F|\n|poke|p1|Slowking-Galar, F|\n|poke|p2|Crocalor, F|\n|poke|p2|Arceus-Grass|\n|poke|p2|Blissey, F|\n|poke|p2|Cyclizar, F|\n|poke|p2|Empoleon, M|\n|poke|p2|Mew|\n|teampreview\n|inactive|Battle timer is ON: inactive players will automatically lose when time's up. (requested by PinkScourge)\n|c|\u2606leonissenbaum|o god\n|c|\u2606leonissenbaum|gl!\n|c|\u2606PinkScourge|GL\n|c|\u2606PinkScourge|The Big Stall match\n|c|\u2606PinkScourge|2.0\n|\n|t:|1698883520\n|start\n|switch|p1a: Arceus|Arceus-Psychic|100\/100\n|switch|p2a: Empoleon|Empoleon, M|100\/100\n|turn|1\n|\n|t:|1698883548\n|move|p1a: Arceus|Future Sight|p2a: Empoleon\n|-start|p1a: Arceus|move: Future Sight\n|move|p2a: Empoleon|Stealth Rock|p1a: Arceus\n|-sidestart|p1: PinkScourge|move: Stealth Rock\n|\n|upkeep\n|turn|2\n|\n|t:|1698883565\n|switch|p1a: Alomomola|Alomomola, M|100\/100\n|-damage|p1a: Alomomola|88\/100|[from] Stealth Rock\n|switch|p2a: Mew|Mew|100\/100\n|\n|upkeep\n|turn|3\n|inactive|leonissenbaum has 270 seconds left.\n|\n|t:|1698883585\n|move|p2a: Mew|Spikes|p1a: Alomomola\n|-sidestart|p1: PinkScourge|Spikes\n|move|p1a: Alomomola|Flip Turn|p2a: Mew\n|-damage|p2a: Mew|86\/100\n|\n|t:|1698883589\n|switch|p1a: Mandibuzz|Mandibuzz, F|100\/100|[from] Flip Turn\n|\n|-end|p2a: Mew|move: Future Sight\n|-resisted|p2a: Mew\n|-crit|p2a: Mew\n|-damage|p2a: Mew|56\/100\n|-heal|p2a: Mew|63\/100|[from] item: Leftovers\n|upkeep\n|turn|4\n|\n|t:|1698883597\n|move|p2a: Mew|Toxic|p1a: Mandibuzz\n|-status|p1a: Mandibuzz|tox\n|move|p1a: Mandibuzz|Defog|p2a: Mew\n|-unboost|p2a: Mew|evasion|1\n|-sideend|p1: PinkScourge|Spikes|[from] move: Defog|[of] p1a: Mandibuzz\n|-sideend|p1: PinkScourge|Stealth Rock|[from] move: Defog|[of] p1a: Mandibuzz\n|\n|-heal|p2a: Mew|69\/100|[from] item: Leftovers\n|-damage|p1a: Mandibuzz|94\/100 tox|[from] psn\n|upkeep\n|turn|5\n|\n|t:|1698883603\n|move|p2a: Mew|Life Dew|p2a: Mew\n|-heal|p2a: Mew|94\/100\n|move|p1a: Mandibuzz|U-turn|p2a: Mew\n|-supereffective|p2a: Mew\n|-damage|p2a: Mew|75\/100\n|\n|t:|1698883612\n|switch|p1a: Slowking|Slowking-Galar, F|100\/100|[from] U-turn\n|\n|-heal|p2a: Mew|81\/100|[from] item: Leftovers\n|upkeep\n|turn|6\n|j| the tr4sh man\n|\n|t:|1698883636\n|switch|p2a: Empoleon|Empoleon, M|100\/100\n|move|p1a: Slowking|Future Sight|p2a: Empoleon\n|-start|p1a: Slowking|move: Future Sight\n|\n|upkeep\n|turn|7\n|\n|t:|1698883641\n|move|p2a: Empoleon|Stealth Rock|p1a: Slowking\n|-sidestart|p1: PinkScourge|move: Stealth Rock\n|move|p1a: Slowking|Chilly Reception|p1a: Slowking\n|-weather|Snow\n|\n|t:|1698883647\n|switch|p1a: Palkia|Palkia|100\/100|[from] Chilly Reception\n|-damage|p1a: Palkia|88\/100|[from] Stealth Rock\n|-ability|p1a: Palkia|Pressure\n|\n|-weather|Snow|[upkeep]\n|upkeep\n|turn|8\n|\n|t:|1698883669\n|switch|p2a: Blissey|Blissey, F|100\/100\n|move|p1a: Palkia|Spacial Rend|p2a: Blissey\n|-damage|p2a: Blissey|77\/100\n|\n|-weather|Snow|[upkeep]\n|-end|p2a: Blissey|move: Future Sight\n|-crit|p2a: Blissey\n|-damage|p2a: Blissey|55\/100\n|upkeep\n|turn|9\n|\n|t:|1698883680\n|switch|p1a: Slowking|Slowking-Galar, F|100\/100\n|move|p2a: Blissey|Soft-Boiled|p2a: Blissey\n|-heal|p2a: Blissey|100\/100\n|\n|-weather|Snow|[upkeep]\n|upkeep\n|turn|10\n|\n|t:|1698883701\n|move|p2a: Blissey|Seismic Toss|p1a: Slowking\n|-damage|p1a: Slowking|75\/100\n|move|p1a: Slowking|Future Sight|p2a: Blissey\n|-start|p1a: Slowking|move: Future Sight\n|\n|-weather|Snow|[upkeep]\n|upkeep\n|turn|11\n|\n|t:|1698883705\n|move|p2a: Blissey|Seismic Toss|p1a: Slowking\n|-damage|p1a: Slowking|50\/100\n|move|p1a: Slowking|Chilly Reception|p1a: Slowking\n|\n|t:|1698883710\n|switch|p1a: Indeedee|Indeedee, M|100\/100|[from] Chilly Reception\n|-damage|p1a: Indeedee|88\/100|[from] Stealth Rock\n|-fieldstart|move: Psychic Terrain|[from] ability: Psychic Surge|[of] p1a: Indeedee\n|\n|-weather|none\n|upkeep\n|turn|12\n|inactive|leonissenbaum has 270 seconds left.\n|\n|t:|1698883744\n|move|p1a: Indeedee|Psyshock|p2a: Blissey\n|-damage|p2a: Blissey|47\/100\n|move|p2a: Blissey|Seismic Toss|p1a: Indeedee\n|-damage|p1a: Indeedee|57\/100\n|\n|-end|p2a: Blissey|move: Future Sight\n|-damage|p2a: Blissey|28\/100\n|upkeep\n|turn|13\n|\n|t:|1698883756\n|switch|p2a: Empoleon|Empoleon, M|100\/100\n|move|p1a: Indeedee|Psyshock|p2a: Empoleon\n|-resisted|p2a: Empoleon\n|-damage|p2a: Empoleon|76\/100\n|\n|-heal|p2a: Empoleon|82\/100|[from] item: Leftovers\n|upkeep\n|turn|14\n|\n|t:|1698883765\n|switch|p1a: Mandibuzz|Mandibuzz, F|94\/100 tox\n|-terastallize|p2a: Empoleon|Dark\n|move|p2a: Empoleon|Surf|p1a: Mandibuzz\n|-damage|p1a: Mandibuzz|76\/100 tox\n|\n|-heal|p2a: Empoleon|88\/100|[from] item: Leftovers\n|-damage|p1a: Mandibuzz|70\/100 tox|[from] psn\n|upkeep\n|turn|15\n|\n|t:|1698883778\n|move|p2a: Empoleon|Surf|p1a: Mandibuzz\n|-damage|p1a: Mandibuzz|50\/100 tox\n|move|p1a: Mandibuzz|Defog|p2a: Empoleon\n|-unboost|p2a: Empoleon|evasion|1\n|-ability|p2a: Empoleon|Competitive|boost\n|-boost|p2a: Empoleon|spa|2\n|-sideend|p1: PinkScourge|Stealth Rock|[from] move: Defog|[of] p1a: Mandibuzz\n|-fieldend|move: Psychic Terrain\n|\n|-heal|p2a: Empoleon|95\/100|[from] item: Leftovers\n|-damage|p1a: Mandibuzz|37\/100 tox|[from] psn\n|upkeep\n|turn|16\n|\n|t:|1698883782\n|move|p2a: Empoleon|Stealth Rock|p1a: Mandibuzz\n|-sidestart|p1: PinkScourge|move: Stealth Rock\n|move|p1a: Mandibuzz|U-turn|p2a: Empoleon\n|-supereffective|p2a: Empoleon\n|-damage|p2a: Empoleon|73\/100\n|\n|t:|1698883789\n|switch|p1a: Palkia|Palkia|88\/100|[from] U-turn\n|-damage|p1a: Palkia|75\/100|[from] Stealth Rock\n|-ability|p1a: Palkia|Pressure\n|\n|-heal|p2a: Empoleon|79\/100|[from] item: Leftovers\n|upkeep\n|turn|17\n|\n|t:|1698883815\n|switch|p2a: Arceus|Arceus-Grass|100\/100\n|-terastallize|p1a: Palkia|Water\n|move|p1a: Palkia|Surf|p2a: Arceus\n|-resisted|p2a: Arceus\n|-crit|p2a: Arceus\n|-damage|p2a: Arceus|48\/100\n|\n|upkeep\n|turn|18\n|\n|t:|1698883822\n|move|p2a: Arceus|Recover|p2a: Arceus\n|-heal|p2a: Arceus|98\/100\n|move|p1a: Palkia|Spacial Rend|p2a: Arceus\n|-damage|p2a: Arceus|44\/100\n|\n|upkeep\n|turn|19\n|\n|t:|1698883828\n|move|p2a: Arceus|Judgment|p1a: Palkia\n|-supereffective|p1a: Palkia\n|-damage|p1a: Palkia|8\/100\n|move|p1a: Palkia|Trick Room|p1a: Palkia\n|-fieldstart|move: Trick Room|[of] p1a: Palkia\n|\n|upkeep\n|turn|20\n|inactive|leonissenbaum has 270 seconds left.\n|\n|t:|1698883861\n|move|p1a: Palkia|Spacial Rend|p2a: Arceus\n|-damage|p2a: Arceus|0 fnt\n|faint|p2a: Arceus\n|\n|upkeep\n|inactive|leonissenbaum has 270 seconds left.\n|\n|t:|1698883867\n|switch|p2a: Blissey|Blissey, F|28\/100\n|turn|21\n|\n|t:|1698883873\n|switch|p1a: Alomomola|Alomomola, M|100\/100\n|-damage|p1a: Alomomola|88\/100|[from] Stealth Rock\n|move|p2a: Blissey|Soft-Boiled|p2a: Blissey\n|-heal|p2a: Blissey|78\/100\n|\n|upkeep\n|turn|22\n|\n|t:|1698883884\n|switch|p2a: Mew|Mew|81\/100\n|move|p1a: Alomomola|Wish|p1a: Alomomola\n|\n|-heal|p2a: Mew|87\/100|[from] item: Leftovers\n|upkeep\n|turn|23\n|\n|t:|1698883890\n|switch|p1a: Mandibuzz|Mandibuzz, F|37\/100 tox\n|move|p2a: Mew|Spikes|p1a: Mandibuzz\n|-sidestart|p1: PinkScourge|Spikes\n|\n|-heal|p1a: Mandibuzz|94\/100 tox|[from] move: Wish|[wisher] Alomomola\n|-heal|p2a: Mew|93\/100|[from] item: Leftovers\n|-damage|p1a: Mandibuzz|88\/100 tox|[from] psn\n|-fieldend|move: Trick Room\n|upkeep\n|turn|24\n|\n|t:|1698883898\n|move|p2a: Mew|Spikes|p1a: Mandibuzz\n|-sidestart|p1: PinkScourge|Spikes\n|move|p1a: Mandibuzz|Defog|p2a: Mew\n|-unboost|p2a: Mew|evasion|1\n|-sideend|p1: PinkScourge|Spikes|[from] move: Defog|[of] p1a: Mandibuzz\n|-sideend|p1: PinkScourge|Stealth Rock|[from] move: Defog|[of] p1a: Mandibuzz\n|\n|-heal|p2a: Mew|99\/100|[from] item: Leftovers\n|-damage|p1a: Mandibuzz|75\/100 tox|[from] psn\n|upkeep\n|turn|25\n|\n|t:|1698883902\n|move|p2a: Mew|Spikes|p1a: Mandibuzz\n|-sidestart|p1: PinkScourge|Spikes\n|move|p1a: Mandibuzz|U-turn|p2a: Mew\n|-supereffective|p2a: Mew\n|-damage|p2a: Mew|78\/100\n|\n|t:|1698883913\n|switch|p1a: Slowking|Slowking-Galar, F|83\/100|[from] U-turn\n|\n|-heal|p2a: Mew|84\/100|[from] item: Leftovers\n|upkeep\n|turn|26\n|\n|t:|1698883918\n|switch|p2a: Blissey|Blissey, F|78\/100\n|move|p1a: Slowking|Future Sight|p2a: Blissey\n|-start|p1a: Slowking|move: Future Sight\n|\n|upkeep\n|turn|27\n|\n|t:|1698883926\n|move|p2a: Blissey|Seismic Toss|p1a: Slowking\n|-damage|p1a: Slowking|58\/100\n|move|p1a: Slowking|Chilly Reception|p1a: Slowking\n|-weather|Snow\n|\n|t:|1698883932\n|switch|p1a: Mandibuzz|Mandibuzz, F|75\/100 tox|[from] Chilly Reception\n|\n|-weather|Snow|[upkeep]\n|-damage|p1a: Mandibuzz|69\/100 tox|[from] psn\n|upkeep\n|turn|28\n|\n|t:|1698883936\n|switch|p2a: Empoleon|Empoleon, M, tera:Dark|79\/100\n|move|p1a: Mandibuzz|Defog|p2a: Empoleon\n|-unboost|p2a: Empoleon|evasion|1\n|-ability|p2a: Empoleon|Competitive|boost\n|-boost|p2a: Empoleon|spa|2\n|-sideend|p1: PinkScourge|Spikes|[from] move: Defog|[of] p1a: Mandibuzz\n|\n|-weather|Snow|[upkeep]\n|-end|p2a: Empoleon|move: Future Sight\n|-immune|p2a: Empoleon\n|-heal|p2a: Empoleon|85\/100|[from] item: Leftovers\n|-damage|p1a: Mandibuzz|57\/100 tox|[from] psn\n|upkeep\n|turn|29\n|\n|t:|1698883945\n|switch|p1a: Slowking|Slowking-Galar, F|91\/100\n|move|p2a: Empoleon|Stealth Rock|p1a: Slowking\n|-sidestart|p1: PinkScourge|move: Stealth Rock\n|\n|-weather|Snow|[upkeep]\n|-heal|p2a: Empoleon|92\/100|[from] item: Leftovers\n|upkeep\n|turn|30\n|\n|t:|1698883953\n|move|p2a: Empoleon|Surf|p1a: Slowking\n|-damage|p1a: Slowking|47\/100\n|move|p1a: Slowking|Sludge Bomb|p2a: Empoleon\n|-damage|p2a: Empoleon|69\/100\n|-status|p2a: Empoleon|psn\n|\n|-weather|Snow|[upkeep]\n|-heal|p2a: Empoleon|75\/100 psn|[from] item: Leftovers\n|-damage|p2a: Empoleon|63\/100 psn|[from] psn\n|upkeep\n|turn|31\n|\n|t:|1698883964\n|switch|p1a: Alomomola|Alomomola, M|100\/100\n|-damage|p1a: Alomomola|88\/100|[from] Stealth Rock\n|move|p2a: Empoleon|Roost|p2a: Empoleon\n|-heal|p2a: Empoleon|100\/100 psn\n|\n|-weather|none\n|-damage|p2a: Empoleon|88\/100 psn|[from] psn\n|upkeep\n|turn|32\n|\n|t:|1698883970\n|switch|p2a: Blissey|Blissey, F|78\/100\n|move|p1a: Alomomola|Wish|p1a: Alomomola\n|\n|upkeep\n|turn|33\n|\n|t:|1698883974\n|move|p2a: Blissey|Heal Bell|p2a: Blissey\n|-activate|p2a: Blissey|move: Heal Bell\n|-curestatus|p2: Empoleon|psn|[msg]\n|move|p1a: Alomomola|Flip Turn|p2a: Blissey\n|-damage|p2a: Blissey|61\/100\n|\n|t:|1698883979\n|switch|p1a: Indeedee|Indeedee, M|57\/100|[from] Flip Turn\n|-damage|p1a: Indeedee|45\/100|[from] Stealth Rock\n|-fieldstart|move: Psychic Terrain|[from] ability: Psychic Surge|[of] p1a: Indeedee\n|\n|-heal|p1a: Indeedee|100\/100|[from] move: Wish|[wisher] Alomomola\n|upkeep\n|turn|34\n|\n|t:|1698883987\n|switch|p2a: Empoleon|Empoleon, M, tera:Dark|88\/100\n|move|p1a: Indeedee|Dazzling Gleam|p2a: Empoleon\n|-supereffective|p2a: Empoleon\n|-damage|p2a: Empoleon|56\/100\n|\n|-heal|p2a: Empoleon|62\/100|[from] item: Leftovers\n|upkeep\n|turn|35\n|c|\u2606leonissenbaum|woah\n|\n|t:|1698883997\n|move|p1a: Indeedee|Dazzling Gleam|p2a: Empoleon\n|-supereffective|p2a: Empoleon\n|-damage|p2a: Empoleon|30\/100\n|move|p2a: Empoleon|Roost|p2a: Empoleon\n|-heal|p2a: Empoleon|80\/100\n|\n|-heal|p2a: Empoleon|87\/100|[from] item: Leftovers\n|upkeep\n|turn|36\n|\n|t:|1698884006\n|switch|p1a: Alomomola|Alomomola, M|100\/100\n|-damage|p1a: Alomomola|88\/100|[from] Stealth Rock\n|switch|p2a: Mew|Mew|84\/100\n|\n|-heal|p2a: Mew|90\/100|[from] item: Leftovers\n|upkeep\n|turn|37\n|\n|t:|1698884013\n|move|p2a: Mew|Toxic|p1a: Alomomola\n|-status|p1a: Alomomola|tox\n|move|p1a: Alomomola|Wish|p1a: Alomomola\n|\n|-heal|p2a: Mew|97\/100|[from] item: Leftovers\n|-damage|p1a: Alomomola|82\/100 tox|[from] psn\n|-fieldend|move: Psychic Terrain\n|upkeep\n|turn|38\n|\n|t:|1698884018\n|move|p2a: Mew|Spikes|p1a: Alomomola\n|-sidestart|p1: PinkScourge|Spikes\n|move|p1a: Alomomola|Flip Turn|p2a: Mew\n|-damage|p2a: Mew|82\/100\n|\n|t:|1698884022\n|switch|p1a: Mandibuzz|Mandibuzz, F|57\/100 tox|[from] Flip Turn\n|\n|-heal|p1a: Mandibuzz|100\/100 tox|[from] move: Wish|[wisher] Alomomola\n|-heal|p2a: Mew|89\/100|[from] item: Leftovers\n|-damage|p1a: Mandibuzz|94\/100 tox|[from] psn\n|upkeep\n|turn|39\n|\n|t:|1698884030\n|switch|p2a: Empoleon|Empoleon, M, tera:Dark|87\/100\n|move|p1a: Mandibuzz|Defog|p2a: Empoleon\n|-unboost|p2a: Empoleon|evasion|1\n|-ability|p2a: Empoleon|Competitive|boost\n|-boost|p2a: Empoleon|spa|2\n|-sideend|p1: PinkScourge|Spikes|[from] move: Defog|[of] p1a: Mandibuzz\n|-sideend|p1: PinkScourge|Stealth Rock|[from] move: Defog|[of] p1a: Mandibuzz\n|\n|-heal|p2a: Empoleon|93\/100|[from] item: Leftovers\n|-damage|p1a: Mandibuzz|82\/100 tox|[from] psn\n|upkeep\n|turn|40\n|j| XpokVEVO\n|\n|t:|1698884039\n|move|p2a: Empoleon|Surf|p1a: Mandibuzz\n|-damage|p1a: Mandibuzz|40\/100 tox\n|move|p1a: Mandibuzz|U-turn|p2a: Empoleon\n|-supereffective|p2a: Empoleon\n|-damage|p2a: Empoleon|69\/100\n|l| XpokVEVO\n|\n|t:|1698884048\n|switch|p1a: Arceus|Arceus-Psychic|100\/100|[from] U-turn\n|\n|-heal|p2a: Empoleon|75\/100|[from] item: Leftovers\n|upkeep\n|turn|41\n|\n|t:|1698884053\n|switch|p2a: Mew|Mew|89\/100\n|move|p1a: Arceus|Dazzling Gleam|p2a: Mew\n|-damage|p2a: Mew|72\/100\n|\n|-heal|p2a: Mew|78\/100|[from] item: Leftovers\n|upkeep\n|turn|42\n|\n|t:|1698884060\n|switch|p1a: Alomomola|Alomomola, M|100\/100 tox\n|move|p2a: Mew|Spikes|p1a: Alomomola\n|-sidestart|p1: PinkScourge|Spikes\n|\n|-heal|p2a: Mew|84\/100|[from] item: Leftovers\n|-damage|p1a: Alomomola|94\/100 tox|[from] psn\n|upkeep\n|turn|43\n|\n|t:|1698884080\n|move|p2a: Mew|Spikes|p1a: Alomomola\n|-sidestart|p1: PinkScourge|Spikes\n|move|p1a: Alomomola|Wish|p1a: Alomomola\n|\n|-heal|p2a: Mew|90\/100|[from] item: Leftovers\n|-damage|p1a: Alomomola|82\/100 tox|[from] psn\n|upkeep\n|turn|44\n|\n|t:|1698884085\n|move|p2a: Mew|Life Dew|p2a: Mew\n|-heal|p2a: Mew|100\/100\n|move|p1a: Alomomola|Flip Turn|p2a: Mew\n|-damage|p2a: Mew|87\/100\n|\n|t:|1698884090\n|switch|p1a: Mandibuzz|Mandibuzz, F|40\/100 tox|[from] Flip Turn\n|\n|-heal|p1a: Mandibuzz|96\/100 tox|[from] move: Wish|[wisher] Alomomola\n|-heal|p2a: Mew|93\/100|[from] item: Leftovers\n|-damage|p1a: Mandibuzz|90\/100 tox|[from] psn\n|upkeep\n|turn|45\n|\n|t:|1698884097\n|switch|p2a: Empoleon|Empoleon, M, tera:Dark|75\/100\n|move|p1a: Mandibuzz|U-turn|p2a: Empoleon\n|-supereffective|p2a: Empoleon\n|-damage|p2a: Empoleon|52\/100\n|\n|t:|1698884102\n|switch|p1a: Slowking|Slowking-Galar, F|80\/100|[from] U-turn\n|\n|-heal|p2a: Empoleon|58\/100|[from] item: Leftovers\n|upkeep\n|turn|46\n|\n|t:|1698884111\n|switch|p2a: Blissey|Blissey, F|61\/100\n|move|p1a: Slowking|Sludge Bomb|p2a: Blissey\n|-damage|p2a: Blissey|50\/100\n|\n|upkeep\n|turn|47\n|\n|t:|1698884118\n|move|p2a: Blissey|Soft-Boiled|p2a: Blissey\n|-heal|p2a: Blissey|99\/100\n|move|p1a: Slowking|Future Sight|p2a: Blissey\n|-start|p1a: Slowking|move: Future Sight\n|\n|upkeep\n|turn|48\n|\n|t:|1698884121\n|switch|p2a: Empoleon|Empoleon, M, tera:Dark|58\/100\n|move|p1a: Slowking|Chilly Reception|p1a: Slowking\n|-weather|Snow\n|\n|t:|1698884126\n|switch|p1a: Indeedee|Indeedee, M|100\/100|[from] Chilly Reception\n|-damage|p1a: Indeedee|84\/100|[from] Spikes\n|-fieldstart|move: Psychic Terrain|[from] ability: Psychic Surge|[of] p1a: Indeedee\n|\n|-weather|Snow|[upkeep]\n|-heal|p2a: Empoleon|64\/100|[from] item: Leftovers\n|upkeep\n|turn|49\n|\n|t:|1698884137\n|move|p1a: Indeedee|Dazzling Gleam|p2a: Empoleon\n|-supereffective|p2a: Empoleon\n|-damage|p2a: Empoleon|28\/100\n|move|p2a: Empoleon|Roost|p2a: Empoleon\n|-heal|p2a: Empoleon|78\/100\n|\n|-weather|Snow|[upkeep]\n|-end|p2a: Empoleon|move: Future Sight\n|-immune|p2a: Empoleon\n|-heal|p2a: Empoleon|84\/100|[from] item: Leftovers\n|upkeep\n|turn|50\n|\n|t:|1698884145\n|switch|p2a: Mew|Mew|93\/100\n|move|p1a: Indeedee|Dazzling Gleam|p2a: Mew\n|-damage|p2a: Mew|77\/100\n|\n|-weather|Snow|[upkeep]\n|-heal|p2a: Mew|83\/100|[from] item: Leftovers\n|upkeep\n|turn|51\n|\n|t:|1698884152\n|switch|p1a: Slowking|Slowking-Galar, F|100\/100\n|move|p2a: Mew|Toxic|p1a: Slowking\n|-immune|p1a: Slowking\n|\n|-weather|Snow|[upkeep]\n|-heal|p2a: Mew|89\/100|[from] item: Leftovers\n|upkeep\n|turn|52\n|\n|t:|1698884157\n|move|p2a: Mew|Spikes|p1a: Slowking\n|-sidestart|p1: PinkScourge|Spikes\n|move|p1a: Slowking|Sludge Bomb|p2a: Mew\n|-damage|p2a: Mew|69\/100\n|\n|-weather|none\n|-heal|p2a: Mew|75\/100|[from] item: Leftovers\n|-fieldend|move: Psychic Terrain\n|upkeep\n|turn|53\n|\n|t:|1698884174\n|switch|p2a: Cyclizar|Cyclizar, F|100\/100\n|move|p1a: Slowking|Chilly Reception|p1a: Slowking\n|-weather|Snow\n|\n|t:|1698884187\n|switch|p1a: Mandibuzz|Mandibuzz, F|90\/100 tox|[from] Chilly Reception\n|\n|-weather|Snow|[upkeep]\n|-damage|p1a: Mandibuzz|84\/100 tox|[from] psn\n|upkeep\n|turn|54\n|\n|t:|1698884192\n|move|p2a: Cyclizar|Knock Off|p1a: Mandibuzz\n|-resisted|p1a: Mandibuzz\n|-damage|p1a: Mandibuzz|76\/100 tox\n|-enditem|p1a: Mandibuzz|Heavy-Duty Boots|[from] move: Knock Off|[of] p2a: Cyclizar\n|move|p1a: Mandibuzz|Defog|p2a: Cyclizar\n|-unboost|p2a: Cyclizar|evasion|1\n|-sideend|p1: PinkScourge|Spikes|[from] move: Defog|[of] p1a: Mandibuzz\n|\n|-weather|Snow|[upkeep]\n|-damage|p1a: Mandibuzz|64\/100 tox|[from] psn\n|upkeep\n|turn|55\n|\n|t:|1698884203\n|move|p2a: Cyclizar|Draco Meteor|p1a: Mandibuzz\n|-damage|p1a: Mandibuzz|32\/100 tox\n|-unboost|p2a: Cyclizar|spa|2\n|move|p1a: Mandibuzz|U-turn|p2a: Cyclizar\n|-crit|p2a: Cyclizar\n|-damage|p2a: Cyclizar|74\/100\n|\n|t:|1698884210\n|switch|p1a: Alomomola|Alomomola, M|100\/100 tox|[from] U-turn\n|\n|-weather|Snow|[upkeep]\n|-damage|p1a: Alomomola|94\/100 tox|[from] psn\n|upkeep\n|turn|56\n|\n|t:|1698884215\n|switch|p2a: Empoleon|Empoleon, M, tera:Dark|84\/100\n|move|p1a: Alomomola|Wish|p1a: Alomomola\n|\n|-weather|Snow|[upkeep]\n|-heal|p2a: Empoleon|90\/100|[from] item: Leftovers\n|-damage|p1a: Alomomola|82\/100 tox|[from] psn\n|upkeep\n|turn|57\n|\n|t:|1698884222\n|move|p2a: Empoleon|Stealth Rock|p1a: Alomomola\n|-sidestart|p1: PinkScourge|move: Stealth Rock\n|move|p1a: Alomomola|Flip Turn|p2a: Empoleon\n|-damage|p2a: Empoleon|73\/100\n|\n|t:|1698884227\n|switch|p1a: Mandibuzz|Mandibuzz, F|32\/100 tox|[from] Flip Turn\n|-damage|p1a: Mandibuzz|7\/100 tox|[from] Stealth Rock\n|\n|-weather|none\n|-heal|p1a: Mandibuzz|64\/100 tox|[from] move: Wish|[wisher] Alomomola\n|-heal|p2a: Empoleon|79\/100|[from] item: Leftovers\n|-damage|p1a: Mandibuzz|58\/100 tox|[from] psn\n|upkeep\n|turn|58\n|\n|t:|1698884233\n|move|p2a: Empoleon|Surf|p1a: Mandibuzz\n|-damage|p1a: Mandibuzz|37\/100 tox\n|move|p1a: Mandibuzz|Roost|p1a: Mandibuzz\n|-heal|p1a: Mandibuzz|87\/100 tox\n|-singleturn|p1a: Mandibuzz|move: Roost\n|\n|-heal|p2a: Empoleon|85\/100|[from] item: Leftovers\n|-damage|p1a: Mandibuzz|75\/100 tox|[from] psn\n|upkeep\n|turn|59\n|\n|t:|1698884238\n|move|p2a: Empoleon|Surf|p1a: Mandibuzz\n|-damage|p1a: Mandibuzz|52\/100 tox\n|move|p1a: Mandibuzz|U-turn|p2a: Empoleon\n|-supereffective|p2a: Empoleon\n|-damage|p2a: Empoleon|64\/100\n|\n|t:|1698884243\n|switch|p1a: Alomomola|Alomomola, M|100\/100 tox|[from] U-turn\n|-damage|p1a: Alomomola|88\/100 tox|[from] Stealth Rock\n|\n|-heal|p2a: Empoleon|70\/100|[from] item: Leftovers\n|-damage|p1a: Alomomola|82\/100 tox|[from] psn\n|upkeep\n|turn|60\n|\n|t:|1698884251\n|switch|p2a: Cyclizar|Cyclizar, F|100\/100\n|move|p1a: Alomomola|Wish|p1a: Alomomola\n|\n|-damage|p1a: Alomomola|69\/100 tox|[from] psn\n|upkeep\n|turn|61\n|\n|t:|1698884263\n|move|p2a: Cyclizar|Knock Off|p1a: Alomomola\n|-damage|p1a: Alomomola|57\/100 tox\n|-damage|p2a: Cyclizar|84\/100|[from] item: Rocky Helmet|[of] p1a: Alomomola\n|-enditem|p1a: Alomomola|Rocky Helmet|[from] move: Knock Off|[of] p2a: Cyclizar\n|move|p1a: Alomomola|Flip Turn|p2a: Cyclizar\n|-resisted|p2a: Cyclizar\n|-damage|p2a: Cyclizar|72\/100\n|\n|t:|1698884271\n|switch|p1a: Mandibuzz|Mandibuzz, F|52\/100 tox|[from] Flip Turn\n|-damage|p1a: Mandibuzz|27\/100 tox|[from] Stealth Rock\n|\n|-heal|p1a: Mandibuzz|84\/100 tox|[from] move: Wish|[wisher] Alomomola\n|-damage|p1a: Mandibuzz|78\/100 tox|[from] psn\n|upkeep\n|turn|62\n|\n|t:|1698884281\n|switch|p2a: Empoleon|Empoleon, M, tera:Dark|70\/100\n|move|p1a: Mandibuzz|Defog|p2a: Empoleon\n|-unboost|p2a: Empoleon|evasion|1\n|-ability|p2a: Empoleon|Competitive|boost\n|-boost|p2a: Empoleon|spa|2\n|-sideend|p1: PinkScourge|Stealth Rock|[from] move: Defog|[of] p1a: Mandibuzz\n|\n|-heal|p2a: Empoleon|76\/100|[from] item: Leftovers\n|-damage|p1a: Mandibuzz|66\/100 tox|[from] psn\n|upkeep\n|turn|63\n|\n|t:|1698884287\n|switch|p1a: Alomomola|Alomomola, M|90\/100 tox\n|move|p2a: Empoleon|Surf|p1a: Alomomola\n|-resisted|p1a: Alomomola\n|-damage|p1a: Alomomola|59\/100 tox\n|\n|-heal|p2a: Empoleon|82\/100|[from] item: Leftovers\n|-damage|p1a: Alomomola|53\/100 tox|[from] psn\n|upkeep\n|turn|64\n|\n|t:|1698884293\n|move|p2a: Empoleon|Stealth Rock|p1a: Alomomola\n|-sidestart|p1: PinkScourge|move: Stealth Rock\n|move|p1a: Alomomola|Flip Turn|p2a: Empoleon\n|-damage|p2a: Empoleon|66\/100\n|\n|t:|1698884298\n|switch|p1a: Slowking|Slowking-Galar, F|100\/100|[from] Flip Turn\n|\n|-heal|p2a: Empoleon|73\/100|[from] item: Leftovers\n|upkeep\n|turn|65\n|\n|t:|1698884303\n|switch|p2a: Cyclizar|Cyclizar, F|100\/100\n|move|p1a: Slowking|Sludge Bomb|p2a: Cyclizar\n|-damage|p2a: Cyclizar|70\/100\n|\n|upkeep\n|turn|66\n|\n|t:|1698884311\n|switch|p1a: Arceus|Arceus-Psychic|100\/100\n|-damage|p1a: Arceus|88\/100|[from] Stealth Rock\n|move|p2a: Cyclizar|Knock Off|p1a: Arceus\n|-supereffective|p1a: Arceus\n|-damage|p1a: Arceus|72\/100\n|\n|upkeep\n|turn|67\n|\n|t:|1698884322\n|switch|p2a: Mew|Mew|75\/100\n|move|p1a: Arceus|Future Sight|p2a: Mew\n|-start|p1a: Arceus|move: Future Sight\n|\n|-heal|p2a: Mew|81\/100|[from] item: Leftovers\n|upkeep\n|turn|68\n|\n|t:|1698884329\n|switch|p1a: Slowking|Slowking-Galar, F|100\/100\n|move|p2a: Mew|Spikes|p1a: Slowking\n|-sidestart|p1: PinkScourge|Spikes\n|\n|-heal|p2a: Mew|88\/100|[from] item: Leftovers\n|upkeep\n|turn|69\n|\n|t:|1698884347\n|move|p2a: Mew|Spikes|p1a: Slowking\n|-sidestart|p1: PinkScourge|Spikes\n|move|p1a: Slowking|Sludge Bomb|p2a: Mew\n|-damage|p2a: Mew|65\/100\n|\n|-end|p2a: Mew|move: Future Sight\n|-resisted|p2a: Mew\n|-damage|p2a: Mew|45\/100\n|-heal|p2a: Mew|51\/100|[from] item: Leftovers\n|upkeep\n|turn|70\n|\n|t:|1698884355\n|switch|p2a: Cyclizar|Cyclizar, F|100\/100\n|move|p1a: Slowking|Chilly Reception|p1a: Slowking\n|-weather|Snow\n|\n|t:|1698884364\n|switch|p1a: Mandibuzz|Mandibuzz, F|66\/100 tox|[from] Chilly Reception\n|-damage|p1a: Mandibuzz|41\/100 tox|[from] Stealth Rock\n|\n|-weather|Snow|[upkeep]\n|-damage|p1a: Mandibuzz|34\/100 tox|[from] psn\n|upkeep\n|turn|71\n|c|\u2606PinkScourge|I messed up lol\n|\n|t:|1698884379\n|move|p2a: Cyclizar|Draco Meteor|p1a: Mandibuzz\n|-damage|p1a: Mandibuzz|2\/100 tox\n|-unboost|p2a: Cyclizar|spa|2\n|move|p1a: Mandibuzz|Defog|p2a: Cyclizar\n|-unboost|p2a: Cyclizar|evasion|1\n|-sideend|p1: PinkScourge|Spikes|[from] move: Defog|[of] p1a: Mandibuzz\n|-sideend|p1: PinkScourge|Stealth Rock|[from] move: Defog|[of] p1a: Mandibuzz\n|\n|-weather|Snow|[upkeep]\n|-damage|p1a: Mandibuzz|0 fnt|[from] psn\n|faint|p1a: Mandibuzz\n|upkeep\n|c|\u2606leonissenbaum|rip\n|\n|t:|1698884388\n|switch|p1a: Indeedee|Indeedee, M|84\/100\n|-fieldstart|move: Psychic Terrain|[from] ability: Psychic Surge|[of] p1a: Indeedee\n|turn|72\n|\n|t:|1698884401\n|move|p2a: Cyclizar|Knock Off|p1a: Indeedee\n|-supereffective|p1a: Indeedee\n|-damage|p1a: Indeedee|18\/100\n|-enditem|p1a: Indeedee|Focus Sash|[from] move: Knock Off|[of] p2a: Cyclizar\n|move|p1a: Indeedee|Healing Wish|p1a: Indeedee\n|faint|p1a: Indeedee\n|\n|-weather|Snow|[upkeep]\n|upkeep\n|\n|t:|1698884407\n|switch|p1a: Palkia|Palkia, tera:Water|8\/100\n|-heal|p1a: Palkia|100\/100|[from] move: Healing Wish\n|-ability|p1a: Palkia|Pressure\n|turn|73\n|\n|t:|1698884416\n|switch|p2a: Blissey|Blissey, F|99\/100\n|move|p1a: Palkia|Spacial Rend|p2a: Blissey\n|-damage|p2a: Blissey|79\/100\n|\n|-weather|Snow|[upkeep]\n|upkeep\n|turn|74\n|\n|t:|1698884423\n|move|p1a: Palkia|Surf|p2a: Blissey\n|-damage|p2a: Blissey|50\/100\n|move|p2a: Blissey|Seismic Toss|p1a: Palkia\n|-damage|p1a: Palkia|74\/100\n|\n|-weather|none\n|upkeep\n|turn|75\n|\n|t:|1698884427\n|move|p1a: Palkia|Surf|p2a: Blissey\n|-damage|p2a: Blissey|21\/100\n|move|p2a: Blissey|Soft-Boiled|p2a: Blissey\n|-heal|p2a: Blissey|71\/100\n|\n|upkeep\n|turn|76\n|\n|t:|1698884433\n|move|p1a: Palkia|Surf|p2a: Blissey\n|-damage|p2a: Blissey|41\/100\n|move|p2a: Blissey|Soft-Boiled|p2a: Blissey\n|-heal|p2a: Blissey|91\/100\n|\n|-fieldend|move: Psychic Terrain\n|upkeep\n|turn|77\n|\n|t:|1698884437\n|switch|p1a: Alomomola|Alomomola, M|86\/100 tox\n|move|p2a: Blissey|Seismic Toss|p1a: Alomomola\n|-damage|p1a: Alomomola|66\/100 tox\n|\n|-damage|p1a: Alomomola|59\/100 tox|[from] psn\n|upkeep\n|turn|78\n|\n|t:|1698884445\n|switch|p2a: Mew|Mew|51\/100\n|move|p1a: Alomomola|Wish|p1a: Alomomola\n|\n|-heal|p2a: Mew|57\/100|[from] item: Leftovers\n|-damage|p1a: Alomomola|47\/100 tox|[from] psn\n|upkeep\n|turn|79\n|\n|t:|1698884449\n|move|p2a: Mew|Spikes|p1a: Alomomola\n|-sidestart|p1: PinkScourge|Spikes\n|move|p1a: Alomomola|Flip Turn|p2a: Mew\n|-damage|p2a: Mew|43\/100\n|\n|t:|1698884453\n|switch|p1a: Palkia|Palkia, tera:Water|74\/100|[from] Flip Turn\n|-damage|p1a: Palkia|62\/100|[from] Spikes\n|-ability|p1a: Palkia|Pressure\n|\n|-heal|p1a: Palkia|100\/100|[from] move: Wish|[wisher] Alomomola\n|-heal|p2a: Mew|49\/100|[from] item: Leftovers\n|upkeep\n|turn|80\n|\n|t:|1698884461\n|move|p2a: Mew|Toxic|p1a: Palkia\n|-status|p1a: Palkia|tox\n|move|p1a: Palkia|Surf|p2a: Mew\n|-damage|p2a: Mew|0 fnt\n|faint|p2a: Mew\n|\n|-damage|p1a: Palkia|94\/100 tox|[from] psn\n|upkeep\n|\n|t:|1698884467\n|switch|p2a: Blissey|Blissey, F|91\/100\n|turn|81\n|\n|t:|1698884474\n|switch|p1a: Slowking|Slowking-Galar, F|100\/100\n|move|p2a: Blissey|Seismic Toss|p1a: Slowking\n|-damage|p1a: Slowking|75\/100\n|\n|upkeep\n|turn|82\n|\n|t:|1698884481\n|switch|p2a: Cyclizar|Cyclizar, F|100\/100\n|move|p1a: Slowking|Chilly Reception|p1a: Slowking\n|-weather|Snow\n|\n|t:|1698884486\n|switch|p1a: Arceus|Arceus-Psychic|72\/100|[from] Chilly Reception\n|-damage|p1a: Arceus|60\/100|[from] Spikes\n|\n|-weather|Snow|[upkeep]\n|upkeep\n|turn|83\n|\n|t:|1698884496\n|move|p2a: Cyclizar|Draco Meteor|p1a: Arceus\n|-damage|p1a: Arceus|28\/100\n|-unboost|p2a: Cyclizar|spa|2\n|move|p1a: Arceus|Recover|p1a: Arceus\n|-heal|p1a: Arceus|78\/100\n|\n|-weather|Snow|[upkeep]\n|upkeep\n|turn|84\n|\n|t:|1698884526\n|switch|p2a: Empoleon|Empoleon, M, tera:Dark|73\/100\n|move|p1a: Arceus|Future Sight|p2a: Empoleon\n|-start|p1a: Arceus|move: Future Sight\n|\n|-weather|Snow|[upkeep]\n|-heal|p2a: Empoleon|79\/100|[from] item: Leftovers\n|upkeep\n|turn|85\n|\n|t:|1698884531\n|move|p1a: Arceus|Dazzling Gleam|p2a: Empoleon\n|-supereffective|p2a: Empoleon\n|-damage|p2a: Empoleon|41\/100\n|move|p2a: Empoleon|Stealth Rock|p1a: Arceus\n|-sidestart|p1: PinkScourge|move: Stealth Rock\n|\n|-weather|Snow|[upkeep]\n|-heal|p2a: Empoleon|47\/100|[from] item: Leftovers\n|upkeep\n|turn|86\n|\n|t:|1698884541\n|move|p1a: Arceus|Dazzling Gleam|p2a: Empoleon\n|-supereffective|p2a: Empoleon\n|-damage|p2a: Empoleon|6\/100\n|move|p2a: Empoleon|Roost|p2a: Empoleon\n|-heal|p2a: Empoleon|56\/100\n|\n|-weather|none\n|-end|p2a: Empoleon|move: Future Sight\n|-immune|p2a: Empoleon\n|-heal|p2a: Empoleon|63\/100|[from] item: Leftovers\n|upkeep\n|turn|87\n|\n|t:|1698884549\n|move|p1a: Arceus|Dazzling Gleam|p2a: Empoleon\n|-supereffective|p2a: Empoleon\n|-damage|p2a: Empoleon|25\/100\n|move|p2a: Empoleon|Roost|p2a: Empoleon\n|-heal|p2a: Empoleon|75\/100\n|\n|-heal|p2a: Empoleon|81\/100|[from] item: Leftovers\n|upkeep\n|turn|88\n|\n|t:|1698884562\n|switch|p2a: Blissey|Blissey, F|91\/100\n|move|p1a: Arceus|Recover|p1a: Arceus\n|-heal|p1a: Arceus|100\/100\n|\n|upkeep\n|turn|89\n|\n|t:|1698884567\n|switch|p1a: Alomomola|Alomomola, M|80\/100 tox\n|-damage|p1a: Alomomola|68\/100 tox|[from] Spikes\n|-damage|p1a: Alomomola|55\/100 tox|[from] Stealth Rock\n|move|p2a: Blissey|Shadow Ball|p1a: Alomomola\n|-damage|p1a: Alomomola|42\/100 tox\n|\n|-damage|p1a: Alomomola|35\/100 tox|[from] psn\n|upkeep\n|turn|90\n|\n|t:|1698884581\n|switch|p2a: Cyclizar|Cyclizar, F|100\/100\n|move|p1a: Alomomola|Flip Turn|p2a: Cyclizar\n|-resisted|p2a: Cyclizar\n|-damage|p2a: Cyclizar|87\/100\n|\n|t:|1698884587\n|switch|p1a: Arceus|Arceus-Psychic|100\/100|[from] Flip Turn\n|-damage|p1a: Arceus|88\/100|[from] Spikes\n|-damage|p1a: Arceus|76\/100|[from] Stealth Rock\n|\n|upkeep\n|turn|91\n|\n|t:|1698884594\n|move|p2a: Cyclizar|Draco Meteor|p1a: Arceus\n|-damage|p1a: Arceus|42\/100\n|-unboost|p2a: Cyclizar|spa|2\n|move|p1a: Arceus|Dazzling Gleam|p2a: Cyclizar\n|-supereffective|p2a: Cyclizar\n|-damage|p2a: Cyclizar|41\/100\n|\n|upkeep\n|turn|92\n|\n|t:|1698884601\n|switch|p2a: Blissey|Blissey, F|91\/100\n|move|p1a: Arceus|Recover|p1a: Arceus\n|-heal|p1a: Arceus|92\/100\n|\n|upkeep\n|turn|93\n|\n|t:|1698884607\n|switch|p1a: Slowking|Slowking-Galar, F|100\/100\n|move|p2a: Blissey|Shadow Ball|p1a: Slowking\n|-supereffective|p1a: Slowking\n|-damage|p1a: Slowking|82\/100\n|\n|upkeep\n|turn|94\n|\n|t:|1698884615\n|switch|p2a: Cyclizar|Cyclizar, F|74\/100\n|move|p1a: Slowking|Future Sight|p2a: Cyclizar\n|-start|p1a: Slowking|move: Future Sight\n|\n|upkeep\n|turn|95\n|\n|t:|1698884619\n|switch|p1a: Arceus|Arceus-Psychic|92\/100\n|-damage|p1a: Arceus|80\/100|[from] Spikes\n|-damage|p1a: Arceus|67\/100|[from] Stealth Rock\n|move|p2a: Cyclizar|Knock Off|p1a: Arceus\n|-supereffective|p1a: Arceus\n|-damage|p1a: Arceus|50\/100\n|\n|upkeep\n|turn|96\n|\n|t:|1698884630\n|switch|p2a: Empoleon|Empoleon, M, tera:Dark|81\/100\n|move|p1a: Arceus|Recover|p1a: Arceus\n|-heal|p1a: Arceus|99\/100\n|\n|-end|p2a: Empoleon|move: Future Sight\n|-immune|p2a: Empoleon\n|-heal|p2a: Empoleon|87\/100|[from] item: Leftovers\n|upkeep\n|turn|97\n|\n|t:|1698884640\n|switch|p2a: Crocalor|Crocalor, F|100\/100\n|move|p1a: Arceus|Dazzling Gleam|p2a: Crocalor\n|-resisted|p2a: Crocalor\n|-damage|p2a: Crocalor|87\/100\n|\n|upkeep\n|turn|98\n|\n|t:|1698884646\n|move|p1a: Arceus|Future Sight|p2a: Crocalor\n|-start|p1a: Arceus|move: Future Sight\n|move|p2a: Crocalor|Will-O-Wisp|p1a: Arceus\n|-status|p1a: Arceus|brn\n|\n|-damage|p1a: Arceus|94\/100 brn|[from] brn\n|upkeep\n|turn|99\n|\n|t:|1698884655\n|switch|p1a: Alomomola|Alomomola, M|69\/100 tox\n|-damage|p1a: Alomomola|56\/100 tox|[from] Spikes\n|-damage|p1a: Alomomola|44\/100 tox|[from] Stealth Rock\n|move|p2a: Crocalor|Roar|p1a: Alomomola\n|drag|p1a: Slowking|Slowking-Galar, F|100\/100\n|\n|upkeep\n|turn|100\n|\n|t:|1698884663\n|switch|p2a: Empoleon|Empoleon, M, tera:Dark|87\/100\n|move|p1a: Slowking|Sludge Bomb|p2a: Empoleon\n|-damage|p2a: Empoleon|63\/100\n|\n|-end|p2a: Empoleon|move: Future Sight\n|-immune|p2a: Empoleon\n|-heal|p2a: Empoleon|69\/100|[from] item: Leftovers\n|upkeep\n|turn|101\n|\n|t:|1698884670\n|switch|p2a: Cyclizar|Cyclizar, F|100\/100\n|move|p1a: Slowking|Sludge Bomb|p2a: Cyclizar\n|-damage|p2a: Cyclizar|71\/100\n|-status|p2a: Cyclizar|psn\n|\n|-damage|p2a: Cyclizar|59\/100 psn|[from] psn\n|upkeep\n|turn|102\n|\n|t:|1698884679\n|switch|p1a: Arceus|Arceus-Psychic|94\/100 brn\n|-damage|p1a: Arceus|81\/100 brn|[from] Spikes\n|-damage|p1a: Arceus|69\/100 brn|[from] Stealth Rock\n|move|p2a: Cyclizar|Knock Off|p1a: Arceus\n|-supereffective|p1a: Arceus\n|-damage|p1a: Arceus|53\/100 brn\n|\n|-damage|p2a: Cyclizar|46\/100 psn|[from] psn\n|-damage|p1a: Arceus|47\/100 brn|[from] brn\n|upkeep\n|turn|103\n|\n|t:|1698884685\n|switch|p2a: Blissey|Blissey, F|91\/100\n|move|p1a: Arceus|Recover|p1a: Arceus\n|-heal|p1a: Arceus|97\/100 brn\n|\n|-damage|p1a: Arceus|91\/100 brn|[from] brn\n|upkeep\n|turn|104\n|\n|t:|1698884690\n|switch|p1a: Alomomola|Alomomola, M|77\/100 tox\n|-damage|p1a: Alomomola|65\/100 tox|[from] Spikes\n|-damage|p1a: Alomomola|52\/100 tox|[from] Stealth Rock\n|move|p2a: Blissey|Heal Bell|p2a: Blissey\n|-activate|p2a: Blissey|move: Heal Bell\n|-curestatus|p2: Cyclizar|psn|[msg]\n|\n|-damage|p1a: Alomomola|46\/100 tox|[from] psn\n|upkeep\n|turn|105\n|\n|t:|1698884702\n|switch|p2a: Cyclizar|Cyclizar, F|80\/100\n|move|p1a: Alomomola|Wish|p1a: Alomomola\n|\n|-damage|p1a: Alomomola|33\/100 tox|[from] psn\n|upkeep\n|turn|106\n|\n|t:|1698884713\n|switch|p1a: Palkia|Palkia, tera:Water|94\/100 tox\n|-damage|p1a: Palkia|82\/100 tox|[from] Spikes\n|-damage|p1a: Palkia|69\/100 tox|[from] Stealth Rock\n|-ability|p1a: Palkia|Pressure\n|move|p2a: Cyclizar|Knock Off|p1a: Palkia\n|-damage|p1a: Palkia|51\/100 tox\n|-enditem|p1a: Palkia|Lustrous Orb|[from] move: Knock Off|[of] p2a: Cyclizar\n|\n|-heal|p1a: Palkia|100\/100 tox|[from] move: Wish|[wisher] Alomomola\n|-damage|p1a: Palkia|94\/100 tox|[from] psn\n|upkeep\n|turn|107\n|inactive|leonissenbaum has 270 seconds left.\n|\n|t:|1698884756\n|switch|p2a: Blissey|Blissey, F|91\/100\n|move|p1a: Palkia|Surf|p2a: Blissey\n|-crit|p2a: Blissey\n|-damage|p2a: Blissey|55\/100\n|\n|-damage|p1a: Palkia|82\/100 tox|[from] psn\n|upkeep\n|turn|108\n|\n|t:|1698884761\n|move|p1a: Palkia|Surf|p2a: Blissey\n|-damage|p2a: Blissey|32\/100\n|move|p2a: Blissey|Soft-Boiled|p2a: Blissey\n|-heal|p2a: Blissey|82\/100\n|\n|-damage|p1a: Palkia|63\/100 tox|[from] psn\n|upkeep\n|turn|109\n|\n|t:|1698884769\n|switch|p1a: Slowking|Slowking-Galar, F|100\/100\n|move|p2a: Blissey|Seismic Toss|p1a: Slowking\n|-damage|p1a: Slowking|75\/100\n|\n|upkeep\n|turn|110\n|\n|t:|1698884774\n|switch|p2a: Cyclizar|Cyclizar, F|100\/100\n|move|p1a: Slowking|Future Sight|p2a: Cyclizar\n|-start|p1a: Slowking|move: Future Sight\n|\n|upkeep\n|turn|111\n|\n|t:|1698884778\n|switch|p1a: Arceus|Arceus-Psychic|91\/100 brn\n|-damage|p1a: Arceus|78\/100 brn|[from] Spikes\n|-damage|p1a: Arceus|66\/100 brn|[from] Stealth Rock\n|move|p2a: Cyclizar|Knock Off|p1a: Arceus\n|-supereffective|p1a: Arceus\n|-damage|p1a: Arceus|48\/100 brn\n|\n|-damage|p1a: Arceus|42\/100 brn|[from] brn\n|upkeep\n|turn|112\n|\n|t:|1698884793\n|switch|p2a: Empoleon|Empoleon, M, tera:Dark|69\/100\n|move|p1a: Arceus|Dazzling Gleam|p2a: Empoleon\n|-supereffective|p2a: Empoleon\n|-damage|p2a: Empoleon|31\/100\n|\n|-end|p2a: Empoleon|move: Future Sight\n|-immune|p2a: Empoleon\n|-heal|p2a: Empoleon|38\/100|[from] item: Leftovers\n|-damage|p1a: Arceus|36\/100 brn|[from] brn\n|upkeep\n|turn|113\n|\n|t:|1698884801\n|move|p1a: Arceus|Recover|p1a: Arceus\n|-heal|p1a: Arceus|86\/100 brn\n|move|p2a: Empoleon|Roost|p2a: Empoleon\n|-heal|p2a: Empoleon|88\/100\n|\n|-heal|p2a: Empoleon|94\/100|[from] item: Leftovers\n|-damage|p1a: Arceus|80\/100 brn|[from] brn\n|upkeep\n|turn|114\n|\n|t:|1698884806\n|switch|p2a: Crocalor|Crocalor, F|87\/100\n|move|p1a: Arceus|Dazzling Gleam|p2a: Crocalor\n|-resisted|p2a: Crocalor\n|-damage|p2a: Crocalor|74\/100\n|\n|-damage|p1a: Arceus|74\/100 brn|[from] brn\n|upkeep\n|turn|115\n|\n|t:|1698884809\n|move|p1a: Arceus|Future Sight|p2a: Crocalor\n|-start|p1a: Arceus|move: Future Sight\n|move|p2a: Crocalor|Roar|p1a: Arceus\n|drag|p1a: Palkia|Palkia, tera:Water|63\/100 tox\n|-damage|p1a: Palkia|50\/100 tox|[from] Spikes\n|-damage|p1a: Palkia|38\/100 tox|[from] Stealth Rock\n|-ability|p1a: Palkia|Pressure\n|\n|-damage|p1a: Palkia|32\/100 tox|[from] psn\n|upkeep\n|turn|116\n|\n|t:|1698884822\n|switch|p2a: Blissey|Blissey, F|82\/100\n|move|p1a: Palkia|Surf|p2a: Blissey\n|-damage|p2a: Blissey|60\/100\n|\n|-damage|p1a: Palkia|19\/100 tox|[from] psn\n|upkeep\n|turn|117\n|\n|t:|1698884829\n|switch|p1a: Alomomola|Alomomola, M|67\/100 tox\n|-damage|p1a: Alomomola|54\/100 tox|[from] Spikes\n|-damage|p1a: Alomomola|42\/100 tox|[from] Stealth Rock\n|switch|p2a: Empoleon|Empoleon, M, tera:Dark|94\/100\n|\n|-end|p2a: Empoleon|move: Future Sight\n|-immune|p2a: Empoleon\n|-heal|p2a: Empoleon|99\/100|[from] item: Leftovers\n|-damage|p1a: Alomomola|35\/100 tox|[from] psn\n|upkeep\n|turn|118\n|c|\u2606PinkScourge|Oh no\n|c|\u2606PinkScourge|My palkia dies to hazards lol\n|\n|t:|1698884845\n|move|p2a: Empoleon|Surf|p1a: Alomomola\n|-resisted|p1a: Alomomola\n|-damage|p1a: Alomomola|20\/100 tox\n|move|p1a: Alomomola|Wish|p1a: Alomomola\n|\n|-heal|p2a: Empoleon|100\/100|[from] item: Leftovers\n|-damage|p1a: Alomomola|8\/100 tox|[from] psn\n|upkeep\n|turn|119\n|c|\u2606leonissenbaum|lmao rip\n|c|\u2606leonissenbaum|gg\n|\n|t:|1698884857\n|switch|p2a: Cyclizar|Cyclizar, F|100\/100\n|switch|p1a: Arceus|Arceus-Psychic|74\/100 brn\n|-damage|p1a: Arceus|62\/100 brn|[from] Spikes\n|-damage|p1a: Arceus|49\/100 brn|[from] Stealth Rock\n|\n|-heal|p1a: Arceus|100\/100 brn|[from] move: Wish|[wisher] Alomomola\n|-damage|p1a: Arceus|94\/100 brn|[from] brn\n|upkeep\n|turn|120\n|\n|t:|1698884870\n|switch|p2a: Crocalor|Crocalor, F|74\/100\n|move|p1a: Arceus|Future Sight|p2a: Crocalor\n|-start|p1a: Arceus|move: Future Sight\n|\n|-damage|p1a: Arceus|88\/100 brn|[from] brn\n|upkeep\n|turn|121\n|\n|t:|1698884877\n|move|p1a: Arceus|Perish Song|p1a: Arceus\n|-start|p1a: Arceus|perish3|[silent]\n|-start|p2a: Crocalor|perish3|[silent]\n|-fieldactivate|move: Perish Song\n|move|p2a: Crocalor|Roar|p1a: Arceus\n|drag|p1a: Palkia|Palkia, tera:Water|19\/100 tox\n|-damage|p1a: Palkia|7\/100 tox|[from] Spikes\n|-damage|p1a: Palkia|0 fnt|[from] Stealth Rock\n|faint|p1a: Palkia\n|\n|-start|p2a: Crocalor|perish3\n|upkeep\n|\n|t:|1698884888\n|switch|p1a: Slowking|Slowking-Galar, F|100\/100\n|turn|122\n|\n|t:|1698884913\n|switch|p2a: Empoleon|Empoleon, M, tera:Dark|100\/100\n|move|p1a: Slowking|Sludge Bomb|p2a: Empoleon\n|-damage|p2a: Empoleon|77\/100\n|-status|p2a: Empoleon|psn\n|\n|-end|p2a: Empoleon|move: Future Sight\n|-immune|p2a: Empoleon\n|-heal|p2a: Empoleon|83\/100 psn|[from] item: Leftovers\n|-damage|p2a: Empoleon|71\/100 psn|[from] psn\n|upkeep\n|turn|123\n|\n|t:|1698884922\n|switch|p2a: Blissey|Blissey, F|60\/100\n|move|p1a: Slowking|Sludge Bomb|p2a: Blissey\n|-damage|p2a: Blissey|49\/100\n|\n|upkeep\n|turn|124\n|\n|t:|1698884928\n|move|p2a: Blissey|Heal Bell|p2a: Blissey\n|-activate|p2a: Blissey|move: Heal Bell\n|-curestatus|p2: Empoleon|psn|[msg]\n|move|p1a: Slowking|Sludge Bomb|p2a: Blissey\n|-damage|p2a: Blissey|37\/100\n|\n|upkeep\n|turn|125\n|\n|t:|1698884935\n|move|p2a: Blissey|Soft-Boiled|p2a: Blissey\n|-heal|p2a: Blissey|87\/100\n|move|p1a: Slowking|Future Sight|p2a: Blissey\n|-start|p1a: Slowking|move: Future Sight\n|\n|upkeep\n|turn|126\n|\n|t:|1698884940\n|switch|p2a: Cyclizar|Cyclizar, F|100\/100\n|move|p1a: Slowking|Chilly Reception|p1a: Slowking\n|-weather|Snow\n|\n|t:|1698884944\n|switch|p1a: Arceus|Arceus-Psychic|88\/100 brn|[from] Chilly Reception\n|-damage|p1a: Arceus|76\/100 brn|[from] Spikes\n|-damage|p1a: Arceus|64\/100 brn|[from] Stealth Rock\n|\n|-weather|Snow|[upkeep]\n|-damage|p1a: Arceus|57\/100 brn|[from] brn\n|upkeep\n|turn|127\n|\n|t:|1698884964\n|switch|p2a: Empoleon|Empoleon, M, tera:Dark|71\/100\n|move|p1a: Arceus|Dazzling Gleam|p2a: Empoleon\n|-supereffective|p2a: Empoleon\n|-damage|p2a: Empoleon|31\/100\n|\n|-weather|Snow|[upkeep]\n|-end|p2a: Empoleon|move: Future Sight\n|-immune|p2a: Empoleon\n|-heal|p2a: Empoleon|38\/100|[from] item: Leftovers\n|-damage|p1a: Arceus|51\/100 brn|[from] brn\n|upkeep\n|turn|128\n|\n|t:|1698884973\n|move|p1a: Arceus|Dazzling Gleam|p2a: Empoleon\n|-supereffective|p2a: Empoleon\n|-damage|p2a: Empoleon|2\/100\n|move|p2a: Empoleon|Roost|p2a: Empoleon\n|-heal|p2a: Empoleon|52\/100\n|\n|-weather|Snow|[upkeep]\n|-heal|p2a: Empoleon|58\/100|[from] item: Leftovers\n|-damage|p1a: Arceus|45\/100 brn|[from] brn\n|upkeep\n|turn|129\n|\n|t:|1698884982\n|switch|p2a: Crocalor|Crocalor, F|74\/100\n|move|p1a: Arceus|Recover|p1a: Arceus\n|-heal|p1a: Arceus|95\/100 brn\n|\n|-weather|Snow|[upkeep]\n|-damage|p1a: Arceus|89\/100 brn|[from] brn\n|upkeep\n|turn|130\n|\n|t:|1698884986\n|move|p1a: Arceus|Future Sight|p2a: Crocalor\n|-start|p1a: Arceus|move: Future Sight\n|move|p2a: Crocalor|Slack Off|p2a: Crocalor\n|-heal|p2a: Crocalor|100\/100\n|\n|-weather|none\n|-damage|p1a: Arceus|83\/100 brn|[from] brn\n|upkeep\n|turn|131\n|\n|t:|1698884992\n|move|p1a: Arceus|Perish Song|p1a: Arceus\n|-start|p1a: Arceus|perish3|[silent]\n|-start|p2a: Crocalor|perish3|[silent]\n|-fieldactivate|move: Perish Song\n|move|p2a: Crocalor|Roar|p1a: Arceus\n|drag|p1a: Alomomola|Alomomola, M|41\/100 tox\n|-damage|p1a: Alomomola|29\/100 tox|[from] Spikes\n|-damage|p1a: Alomomola|16\/100 tox|[from] Stealth Rock\n|\n|-damage|p1a: Alomomola|10\/100 tox|[from] psn\n|-start|p2a: Crocalor|perish3\n|upkeep\n|turn|132\n|\n|t:|1698885005\n|move|p2a: Crocalor|Flamethrower|p1a: Alomomola\n|-resisted|p1a: Alomomola\n|-damage|p1a: Alomomola|0 fnt\n|faint|p1a: Alomomola\n|\n|-end|p2a: Crocalor|move: Future Sight\n|-damage|p2a: Crocalor|35\/100\n|-start|p2a: Crocalor|perish2\n|upkeep\n|c|\u2606PinkScourge|Damn\n|c|\u2606PinkScourge|Faster\n|\n|t:|1698885014\n|switch|p1a: Slowking|Slowking-Galar, F|100\/100\n|turn|133\n|c|\u2606leonissenbaum|surprising\n|c|\u2606leonissenbaum|min speed?\n|c|\u2606PinkScourge|Yep!\n|\n|t:|1698885026\n|switch|p2a: Blissey|Blissey, F|87\/100\n|move|p1a: Slowking|Future Sight|p2a: Blissey\n|-start|p1a: Slowking|move: Future Sight\n|\n|upkeep\n|turn|134\n|c|\u2606leonissenbaum|makes sense\n|\n|t:|1698885035\n|switch|p2a: Cyclizar|Cyclizar, F|100\/100\n|move|p1a: Slowking|Sludge Bomb|p2a: Cyclizar\n|-damage|p2a: Cyclizar|69\/100\n|\n|upkeep\n|turn|135\n|\n|t:|1698885044\n|switch|p2a: Empoleon|Empoleon, M, tera:Dark|58\/100\n|switch|p1a: Arceus|Arceus-Psychic|83\/100 brn\n|-damage|p1a: Arceus|71\/100 brn|[from] Spikes\n|-damage|p1a: Arceus|58\/100 brn|[from] Stealth Rock\n|\n|-end|p2a: Empoleon|move: Future Sight\n|-immune|p2a: Empoleon\n|-heal|p2a: Empoleon|64\/100|[from] item: Leftovers\n|-damage|p1a: Arceus|52\/100 brn|[from] brn\n|upkeep\n|turn|136\n|\n|t:|1698885054\n|switch|p2a: Crocalor|Crocalor, F|35\/100\n|move|p1a: Arceus|Dazzling Gleam|p2a: Crocalor\n|-resisted|p2a: Crocalor\n|-damage|p2a: Crocalor|22\/100\n|\n|-damage|p1a: Arceus|46\/100 brn|[from] brn\n|upkeep\n|turn|137\n|\n|t:|1698885060\n|move|p1a: Arceus|Recover|p1a: Arceus\n|-heal|p1a: Arceus|96\/100 brn\n|move|p2a: Crocalor|Slack Off|p2a: Crocalor\n|-heal|p2a: Crocalor|72\/100\n|\n|-damage|p1a: Arceus|90\/100 brn|[from] brn\n|upkeep\n|turn|138\n|\n|t:|1698885065\n|move|p1a: Arceus|Future Sight|p2a: Crocalor\n|-start|p1a: Arceus|move: Future Sight\n|move|p2a: Crocalor|Slack Off|p2a: Crocalor\n|-heal|p2a: Crocalor|100\/100\n|\n|-damage|p1a: Arceus|84\/100 brn|[from] brn\n|upkeep\n|turn|139\n|\n|t:|1698885071\n|switch|p1a: Slowking|Slowking-Galar, F|100\/100\n|move|p2a: Crocalor|Flamethrower|p1a: Slowking\n|-damage|p1a: Slowking|83\/100\n|\n|upkeep\n|turn|140\n|\n|t:|1698885100\n|switch|p2a: Empoleon|Empoleon, M, tera:Dark|64\/100\n|move|p1a: Slowking|Sludge Bomb|p2a: Empoleon\n|-damage|p2a: Empoleon|42\/100\n|\n|-end|p2a: Empoleon|move: Future Sight\n|-immune|p2a: Empoleon\n|-heal|p2a: Empoleon|48\/100|[from] item: Leftovers\n|upkeep\n|turn|141\n|\n|t:|1698885106\n|move|p2a: Empoleon|Roost|p2a: Empoleon\n|-heal|p2a: Empoleon|98\/100\n|move|p1a: Slowking|Sludge Bomb|p2a: Empoleon\n|-damage|p2a: Empoleon|77\/100\n|-status|p2a: Empoleon|psn\n|\n|-heal|p2a: Empoleon|83\/100 psn|[from] item: Leftovers\n|-damage|p2a: Empoleon|70\/100 psn|[from] psn\n|upkeep\n|turn|142\n|\n|t:|1698885116\n|switch|p2a: Blissey|Blissey, F|87\/100\n|move|p1a: Slowking|Future Sight|p2a: Blissey\n|-start|p1a: Slowking|move: Future Sight\n|\n|upkeep\n|turn|143\n|\n|t:|1698885121\n|move|p2a: Blissey|Heal Bell|p2a: Blissey\n|-activate|p2a: Blissey|move: Heal Bell\n|-curestatus|p2: Empoleon|psn|[msg]\n|move|p1a: Slowking|Sludge Bomb|p2a: Blissey\n|-damage|p2a: Blissey|77\/100\n|\n|upkeep\n|turn|144\n|\n|t:|1698885131\n|move|p2a: Blissey|Seismic Toss|p1a: Slowking\n|-damage|p1a: Slowking|58\/100\n|move|p1a: Slowking|Chilly Reception|p1a: Slowking\n|-weather|Snow\n|\n|t:|1698885133\n|switch|p1a: Arceus|Arceus-Psychic|84\/100 brn|[from] Chilly Reception\n|-damage|p1a: Arceus|72\/100 brn|[from] Spikes\n|-damage|p1a: Arceus|59\/100 brn|[from] Stealth Rock\n|\n|-weather|Snow|[upkeep]\n|-end|p2a: Blissey|move: Future Sight\n|-damage|p2a: Blissey|63\/100\n|-damage|p1a: Arceus|53\/100 brn|[from] brn\n|upkeep\n|turn|145\n|\n|t:|1698885148\n|move|p1a: Arceus|Dazzling Gleam|p2a: Blissey\n|-damage|p2a: Blissey|55\/100\n|move|p2a: Blissey|Seismic Toss|p1a: Arceus\n|-damage|p1a: Arceus|31\/100 brn\n|\n|-weather|Snow|[upkeep]\n|-damage|p1a: Arceus|25\/100 brn|[from] brn\n|upkeep\n|turn|146\n|\n|t:|1698885157\n|move|p1a: Arceus|Dazzling Gleam|p2a: Blissey\n|-damage|p2a: Blissey|46\/100\n|move|p2a: Blissey|Seismic Toss|p1a: Arceus\n|-damage|p1a: Arceus|2\/100 brn\n|\n|-weather|Snow|[upkeep]\n|-damage|p1a: Arceus|0 fnt|[from] brn\n|faint|p1a: Arceus\n|upkeep\n|\n|t:|1698885164\n|switch|p1a: Slowking|Slowking-Galar, F|91\/100\n|turn|147\n|\n|t:|1698885168\n|move|p2a: Blissey|Soft-Boiled|p2a: Blissey\n|-heal|p2a: Blissey|96\/100\n|move|p1a: Slowking|Future Sight|p2a: Blissey\n|-start|p1a: Slowking|move: Future Sight\n|\n|-weather|Snow|[upkeep]\n|upkeep\n|turn|148\n|\n|t:|1698885172\n|move|p2a: Blissey|Seismic Toss|p1a: Slowking\n|-damage|p1a: Slowking|65\/100\n|move|p1a: Slowking|Sludge Bomb|p2a: Blissey\n|-damage|p2a: Blissey|86\/100\n|\n|-weather|none\n|upkeep\n|turn|149\n|c|\u2606leonissenbaum|gg\n|c|\u2606PinkScourge|GG!\n|\n|t:|1698885180\n|move|p2a: Blissey|Seismic Toss|p1a: Slowking\n|-damage|p1a: Slowking|40\/100\n|move|p1a: Slowking|Sludge Bomb|p2a: Blissey\n|-damage|p2a: Blissey|75\/100\n|\n|-end|p2a: Blissey|move: Future Sight\n|-damage|p2a: Blissey|62\/100\n|upkeep\n|turn|150\n|\n|t:|1698885186\n|move|p2a: Blissey|Seismic Toss|p1a: Slowking\n|-damage|p1a: Slowking|15\/100\n|move|p1a: Slowking|Future Sight|p2a: Blissey\n|-start|p1a: Slowking|move: Future Sight\n|\n|upkeep\n|turn|151\n|c|\u2606PinkScourge|WP\n|\n|t:|1698885191\n|move|p2a: Blissey|Seismic Toss|p1a: Slowking\n|-damage|p1a: Slowking|0 fnt\n|faint|p1a: Slowking\n|\n|win|leonissenbaum\n|l|\u2606PinkScourge\n","uploadtime":1698885210,"views":13,"p1id":"pinkscourge","p2id":"leonissenbaum","formatid":"gen9ubers","rating":0,"private":0,"password":""}