{"id":"gen9ubers-1981484844","p1":"rkuma","p2":"PantyPhantom","format":"[Gen 9] Ubers","log":"|j|\u2606Jjjjjjjgamesyt\n|j|\u2606PantyPhantom\n|t:|1698904479\n|gametype|singles\n|player|p1|Jjjjjjjgamesyt|101|\n|player|p2|PantyPhantom|101|\n|teamsize|p1|6\n|teamsize|p2|6\n|gen|9\n|tier|[Gen 9] Ubers\n|rule|Sleep Clause Mod: Limit one foe put to sleep\n|rule|Species Clause: Limit one of each Pok\u00e9mon\n|rule|OHKO Clause: OHKO moves are banned\n|rule|Evasion Items Clause: Evasion items are banned\n|rule|Evasion Moves Clause: Evasion moves are banned\n|rule|Endless Battle Clause: Forcing endless battles is banned\n|rule|HP Percentage Mod: HP is shown in percentages\n|clearpoke\n|poke|p1|Espathra, M|\n|poke|p1|Iron Valiant|\n|poke|p1|Salazzle, F|\n|poke|p1|Copperajah, M|\n|poke|p1|Gliscor, M|\n|poke|p1|Infernape, M|\n|poke|p2|Kyogre|\n|poke|p2|Qwilfish-Hisui, M|\n|poke|p2|Basculegion, M|\n|poke|p2|Arceus-Fairy|\n|poke|p2|Iron Treads|\n|poke|p2|Giratina-Origin|\n|teampreview\n|j| Learner Moku\n|c|\u2606PantyPhantom|man\n|c|\u2606PantyPhantom|this shit ou\n|j| ImperfectBalance\n|j| rkuma\n|\n|t:|1698904568\n|start\n|switch|p1a: Slushie|Copperajah, M|100\/100\n|switch|p2a: Iron Treads|Iron Treads|100\/100\n|turn|1\n|c| rkuma|wait\n|c| rkuma|its his drafted mons\n|c|\u2606PantyPhantom|seems like it\n|\n|t:|1698904586\n|move|p2a: Iron Treads|Stealth Rock|p1a: Slushie\n|-sidestart|p1: Jjjjjjjgamesyt|move: Stealth Rock\n|move|p1a: Slushie|Heavy Slam|p2a: Iron Treads\n|-resisted|p2a: Iron Treads\n|-damage|p2a: Iron Treads|79\/100\n|\n|-heal|p2a: Iron Treads|85\/100|[from] item: Leftovers\n|upkeep\n|turn|2\n|c|\u2606PantyPhantom|LMAO\n|c| rkuma|copperajah named slushie\n|c| rkuma|cray\n|\n|t:|1698904614\n|move|p2a: Iron Treads|Earthquake|p1a: Slushie\n|-supereffective|p1a: Slushie\n|-damage|p1a: Slushie|30\/100\n|move|p1a: Slushie|Body Slam|p2a: Iron Treads\n|-resisted|p2a: Iron Treads\n|-crit|p2a: Iron Treads\n|-damage|p2a: Iron Treads|69\/100\n|-status|p2a: Iron Treads|par\n|\n|-heal|p2a: Iron Treads|75\/100 par|[from] item: Leftovers\n|upkeep\n|turn|3\n|c| rkuma|most tactical body slam\n|c|\u2606PantyPhantom|man\n|c| ImperfectBalance|Crazy tactics so far\n|\n|t:|1698904641\n|move|p1a: Slushie|Rock Slide|p2a: Iron Treads|[miss]\n|-miss|p1a: Slushie|p2a: Iron Treads\n|move|p2a: Iron Treads|Earthquake|p1a: Slushie\n|-supereffective|p1a: Slushie\n|-damage|p1a: Slushie|0 fnt\n|faint|p1a: Slushie\n|\n|-heal|p2a: Iron Treads|81\/100 par|[from] item: Leftovers\n|upkeep\n|c|\u2606PantyPhantom|dear lord\n|c| rkuma|ok\n|c| ImperfectBalance|Paraflinch tactics\n|\n|t:|1698904662\n|switch|p1a: Magellan|Salazzle, F|100\/100\n|turn|4\n|c| rkuma|i-\n|c|\u2606PantyPhantom|hes the real deamo\n|\n|t:|1698904666\n|move|p1a: Magellan|Toxic||[still]\n|-fail|p1a: Magellan\n|move|p2a: Iron Treads|Earthquake|p1a: Magellan\n|-supereffective|p1a: Magellan\n|-damage|p1a: Magellan|0 fnt\n|faint|p1a: Magellan\n|\n|-heal|p2a: Iron Treads|87\/100 par|[from] item: Leftovers\n|upkeep\n|c| rkuma|TOXIC\n|c|\u2606PantyPhantom|TACTICAL PARA\n|\n|t:|1698904679\n|switch|p1a: Goku|Infernape, M|100\/100\n|-damage|p1a: Goku|88\/100|[from] Stealth Rock\n|turn|5\n|c| rkuma|goku\n|\n|t:|1698904688\n|move|p1a: Goku|Aura Sphere|p2a: Iron Treads\n|-supereffective|p2a: Iron Treads\n|-damage|p2a: Iron Treads|43\/100 par\n|move|p2a: Iron Treads|Earthquake|p1a: Goku\n|-supereffective|p1a: Goku\n|-damage|p1a: Goku|0 fnt\n|faint|p1a: Goku\n|\n|-heal|p2a: Iron Treads|49\/100 par|[from] item: Leftovers\n|upkeep\n|c|\u2606PantyPhantom|TACTICAL\n|c| rkuma|bye goku\n|\n|t:|1698904699\n|switch|p1a: Franky|Iron Valiant|100\/100\n|-damage|p1a: Franky|94\/100|[from] Stealth Rock\n|-enditem|p1a: Franky|Booster Energy\n|-activate|p1a: Franky|ability: Quark Drive|[fromitem]\n|-start|p1a: Franky|quarkdriveatk\n|turn|6\n|c|\u2606PantyPhantom|ATTACK\n|c|\u2606PantyPhantom|BOOST\n|\n|t:|1698904715\n|move|p1a: Franky|Drain Punch|p2a: Iron Treads\n|-supereffective|p2a: Iron Treads\n|-crit|p2a: Iron Treads\n|-damage|p2a: Iron Treads|0 fnt\n|-heal|p1a: Franky|100\/100|[from] drain|[of] p2a: Iron Treads\n|faint|p2a: Iron Treads\n|-end|p2a: Iron Treads|Quark Drive|[silent]\n|\n|upkeep\n|c| rkuma|its def slower\n|c| rkuma|what\n|\n|t:|1698904719\n|switch|p2a: Qwilfish|Qwilfish-Hisui, M|100\/100\n|turn|7\n|c|\u2606PantyPhantom|im para\n|c| rkuma|oh\n|c| rkuma|rip\n|\n|t:|1698904734\n|move|p1a: Franky|Drain Punch|p2a: Qwilfish\n|-damage|p2a: Qwilfish|55\/100\n|move|p2a: Qwilfish|Barb Barrage|p1a: Franky\n|-supereffective|p1a: Franky\n|-damage|p1a: Franky|36\/100\n|-status|p1a: Franky|psn\n|\n|-damage|p1a: Franky|24\/100 psn|[from] psn\n|upkeep\n|turn|8\n|\n|t:|1698904744\n|move|p1a: Franky|Destiny Bond|p1a: Franky\n|-singlemove|p1a: Franky|Destiny Bond\n|move|p2a: Qwilfish|Toxic Spikes|p1a: Franky\n|-sidestart|p1: Jjjjjjjgamesyt|move: Toxic Spikes\n|\n|-damage|p1a: Franky|11\/100 psn|[from] psn\n|upkeep\n|turn|9\n|c| rkuma|i thought you were poisoned\n|c| rkuma|wp\n|\n|t:|1698904759\n|move|p1a: Franky|Destiny Bond||[still]\n|-fail|p1a: Franky\n|move|p2a: Qwilfish|Toxic Spikes|p1a: Franky\n|-sidestart|p1: Jjjjjjjgamesyt|move: Toxic Spikes\n|\n|-damage|p1a: Franky|0 fnt|[from] psn\n|faint|p1a: Franky\n|-end|p1a: Franky|Quark Drive|[silent]\n|upkeep\n|\n|t:|1698904767\n|switch|p1a: Law|Gliscor, M|100\/100\n|-damage|p1a: Law|88\/100|[from] Stealth Rock\n|turn|10\n|c| rkuma|whos learner moku\n|\n|t:|1698904780\n|switch|p2a: Giratina|Giratina-Origin|100\/100\n|move|p1a: Law|Counter||[still]\n|-fail|p1a: Law\n|\n|upkeep\n|turn|11\n|c| Learner Moku|Just a spectator.\n|c|\u2606PantyPhantom|man\n|c|\u2606PantyPhantom|toxic orb?\n|\n|t:|1698904793\n|move|p1a: Law|U-turn|p2a: Giratina\n|-resisted|p2a: Giratina\n|-damage|p2a: Giratina|95\/100\n|\n|t:|1698904797\n|switch|p1a: Kizaru|Espathra, M|100\/100|[from] U-turn\n|-damage|p1a: Kizaru|88\/100|[from] Stealth Rock\n|-status|p1a: Kizaru|tox\n|move|p2a: Giratina|Will-O-Wisp|p1a: Kizaru|[miss]\n|-miss|p2a: Giratina|p1a: Kizaru\n|\n|-heal|p1a: Kizaru|94\/100 tox|[from] item: Leftovers\n|-damage|p1a: Kizaru|88\/100 tox|[from] psn\n|upkeep\n|turn|12\n|c| rkuma|um....\n|c| rkuma|KIZARU\n|\n|t:|1698904812\n|move|p1a: Kizaru|Shadow Ball|p2a: Giratina\n|-supereffective|p2a: Giratina\n|-damage|p2a: Giratina|58\/100\n|move|p2a: Giratina|Dragon Tail|p1a: Kizaru\n|-damage|p1a: Kizaru|26\/100 tox\n|drag|p1a: Law|Gliscor, M|88\/100\n|-damage|p1a: Law|76\/100|[from] Stealth Rock\n|\n|upkeep\n|turn|13\n|\n|t:|1698904831\n|move|p1a: Law|U-turn|p2a: Giratina\n|-resisted|p2a: Giratina\n|-damage|p2a: Giratina|52\/100\n|\n|t:|1698904835\n|switch|p1a: Kizaru|Espathra, M|26\/100 tox|[from] U-turn\n|-damage|p1a: Kizaru|14\/100 tox|[from] Stealth Rock\n|move|p2a: Giratina|Dragon Tail|p1a: Kizaru\n|-damage|p1a: Kizaru|0 fnt\n|faint|p1a: Kizaru\n|\n|upkeep\n|c|\u2606PantyPhantom|man\n|\n|t:|1698904845\n|switch|p1a: Law|Gliscor, M|76\/100\n|-damage|p1a: Law|63\/100|[from] Stealth Rock\n|turn|14\n|\n|t:|1698904849\n|move|p1a: Law|Crabhammer|p2a: Giratina\n|-resisted|p2a: Giratina\n|-crit|p2a: Giratina\n|-damage|p2a: Giratina|38\/100\n|move|p2a: Giratina|Will-O-Wisp|p1a: Law\n|-status|p1a: Law|brn\n|\n|-damage|p1a: Law|57\/100 brn|[from] brn\n|upkeep\n|turn|15\n|c|\u2606PantyPhantom|CRAB HAMMER\n|c| rkuma|shen it aint fair\n|c| ImperfectBalance|What is bro cooking\n|c|\u2606PantyPhantom|HOW IS IT MY FAULT\n|c| rkuma|you brought a whole ass ubers team and look now\n|c| rkuma|i support jj\n|c|\u2606PantyPhantom|he challged ME TO UBERS\n|player|p1|\n|n|+Jjjjjjjgamesyt|jjjjjjjgamesyt\n|n|\u2606rkuma|rkuma\n|n|\u2606rkuma|rkuma\n|player|p1|rkuma|jogger\n|player|p1|rkuma|jogger\n|player|p1|rkuma|jogger|\n|c|\u2606rkuma|wat\n|c|\u2606PantyPhantom|LMAO\n|c|\u2606rkuma|WHY AM I PLAYING\n|c|\u2606PantyPhantom|RKUMA\n|c|\u2606PantyPhantom|WUUUUUUUTTTTTTTTTTTTTTTTTTTTTTTTTTTTT\n|c|\u2606rkuma|bro\n|c|\u2606rkuma|im gonna tell you the moveset\n|l|+Jjjjjjjgamesyt\n|c| ImperfectBalance|Lmfao\n|c|\u2606rkuma|agility\n|c|\u2606rkuma|counter\n|c|\u2606rkuma|u turn\n|c|\u2606PantyPhantom|bo\n|c|\u2606PantyPhantom|no way\n|c|\u2606PantyPhantom|what\n|c|\u2606rkuma|you guys will never guess the 4th move\n|c|\u2606rkuma|CRABHAMMER\n|c|\u2606PantyPhantom|crab hammer\n|c|\u2606PantyPhantom|he used it\n|c|\u2606rkuma|oh\n|c|\u2606rkuma|held item is\n|c|\u2606rkuma|rocky helmet\n|c|\u2606PantyPhantom|man\n|c|\u2606PantyPhantom|what\n|c|\u2606PantyPhantom|in the\n|c|\u2606PantyPhantom|gliscor\n|c|\u2606rkuma|infernape has fake out\n|c|\u2606rkuma|AND CALM MIND\n|c|\u2606rkuma|???????\n|c|\u2606PantyPhantom|MAN\n|c|\u2606rkuma|copperajah\n|c|\u2606PantyPhantom|he wins man\n|c| ImperfectBalance|Fake out on Infern isn\u2019t terrible, but could probably be filled with smth else\n|c|\u2606PantyPhantom|bro he failed to kill the steel type\n|j|+Jjjjjjjgamesyt\n|c|\u2606rkuma|b slam flash cannon rock slide heavy slam\n|c|\u2606PantyPhantom|also tecnically i have drafted iron threads\n|c|\u2606rkuma|fella you're using too many legendaries\n|c|\u2606PantyPhantom|fellla i wasnt told this is draft\n|-message|PantyPhantom forfeited.\n|\n|win|rkuma\n|l|\u2606PantyPhantom\n|l|\u2606rkuma\n","uploadtime":1698905043,"views":11,"p1id":"rkuma","p2id":"pantyphantom","formatid":"gen9ubers","rating":0,"private":0,"password":""}