{"id":"gen9ubers-1979005063","p1":"sirorangeotter","p2":"tortortortellini","format":"[Gen 9] Ubers","log":"|j|\u2606sirorangeotter\n|j|\u2606tortortortellini\n|t:|1698620117\n|gametype|singles\n|player|p1|sirorangeotter|hilbert|\n|player|p2|tortortortellini|youngster-gen4dp|\n|teamsize|p1|6\n|teamsize|p2|6\n|gen|9\n|tier|[Gen 9] Ubers\n|rule|Sleep Clause Mod: Limit one foe put to sleep\n|rule|Species Clause: Limit one of each Pok\u00e9mon\n|rule|OHKO Clause: OHKO moves are banned\n|rule|Evasion Items Clause: Evasion items are banned\n|rule|Evasion Moves Clause: Evasion moves are banned\n|rule|Endless Battle Clause: Forcing endless battles is banned\n|rule|HP Percentage Mod: HP is shown in percentages\n|clearpoke\n|poke|p1|Dragapult, M|\n|poke|p1|Volcanion|\n|poke|p1|Clodsire, M|\n|poke|p1|Mandibuzz, F|\n|poke|p1|Iron Leaves|\n|poke|p1|Tauros-Paldea-Aqua, M|\n|poke|p2|Zamazenta-*|\n|poke|p2|Revavroom, F|\n|poke|p2|Articuno-Galar|\n|poke|p2|Dipplin, M|\n|poke|p2|Skeledirge, M|\n|poke|p2|Bombirdier, F|\n|teampreview\n|c|\u2606sirorangeotter|gl hf\n|\n|t:|1698620172\n|start\n|switch|p1a: Pebbles|Clodsire, M|100\/100\n|switch|p2a: Bombirdier|Bombirdier, F|100\/100\n|turn|1\n|\n|t:|1698620182\n|move|p2a: Bombirdier|Knock Off|p1a: Pebbles\n|-damage|p1a: Pebbles|68\/100\n|-enditem|p1a: Pebbles|Black Sludge|[from] move: Knock Off|[of] p2a: Bombirdier\n|move|p1a: Pebbles|Poison Jab|p2a: Bombirdier\n|-damage|p2a: Bombirdier|70\/100\n|-status|p2a: Bombirdier|psn\n|\n|-damage|p2a: Bombirdier|58\/100 psn|[from] psn\n|upkeep\n|turn|2\n|\n|t:|1698620216\n|switch|p2a: Articuno|Articuno-Galar|100\/100\n|move|p1a: Pebbles|Recover|p1a: Pebbles\n|-heal|p1a: Pebbles|100\/100\n|\n|upkeep\n|turn|3\n|\n|t:|1698620312\n|switch|p1a: Mama Gunda|Mandibuzz, F|100\/100\n|move|p2a: Articuno|Calm Mind|p2a: Articuno\n|-boost|p2a: Articuno|spa|1\n|-boost|p2a: Articuno|spd|1\n|\n|upkeep\n|turn|4\n|j| NEdgyman\n|\n|t:|1698620402\n|-terastallize|p2a: Articuno|Steel\n|move|p2a: Articuno|Calm Mind|p2a: Articuno\n|-boost|p2a: Articuno|spa|1\n|-boost|p2a: Articuno|spd|1\n|move|p1a: Mama Gunda|Foul Play|p2a: Articuno\n|-crit|p2a: Articuno\n|-damage|p2a: Articuno|70\/100\n|\n|upkeep\n|turn|5\n|j| MonkeyManStan\n|\n|t:|1698620479\n|move|p2a: Articuno|Agility|p2a: Articuno\n|-boost|p2a: Articuno|spe|2\n|move|p1a: Mama Gunda|Knock Off|p2a: Articuno\n|-damage|p2a: Articuno|50\/100\n|-enditem|p2a: Articuno|Heavy-Duty Boots|[from] move: Knock Off|[of] p1a: Mama Gunda\n|\n|upkeep\n|turn|6\n|\n|t:|1698620495\n|move|p2a: Articuno|Hurricane|p1a: Mama Gunda\n|-damage|p1a: Mama Gunda|35\/100\n|move|p1a: Mama Gunda|Foul Play|p2a: Articuno\n|-damage|p2a: Articuno|27\/100\n|\n|upkeep\n|turn|7\n|\n|t:|1698620532\n|move|p2a: Articuno|Hurricane|p1a: Mama Gunda|[miss]\n|-miss|p2a: Articuno|p1a: Mama Gunda\n|move|p1a: Mama Gunda|Foul Play|p2a: Articuno\n|-damage|p2a: Articuno|6\/100\n|\n|upkeep\n|turn|8\n|\n|t:|1698620540\n|move|p2a: Articuno|Hurricane|p1a: Mama Gunda\n|-damage|p1a: Mama Gunda|0 fnt\n|faint|p1a: Mama Gunda\n|\n|upkeep\n|l| MonkeyManStan\n|\n|t:|1698620576\n|switch|p1a: Pebbles|Clodsire, M|100\/100\n|turn|9\n|\n|t:|1698620631\n|move|p2a: Articuno|Stored Power|p1a: Pebbles\n|-supereffective|p1a: Pebbles\n|-damage|p1a: Pebbles|31\/100\n|move|p1a: Pebbles|Earthquake|p2a: Articuno\n|-supereffective|p2a: Articuno\n|-damage|p2a: Articuno|0 fnt\n|faint|p2a: Articuno\n|\n|upkeep\n|\n|t:|1698620644\n|switch|p2a: Bombirdier|Bombirdier, F|58\/100 psn\n|turn|10\n|c|\u2606tortortortellini|dam thats bulky\n|\n|t:|1698620684\n|move|p2a: Bombirdier|Brave Bird|p1a: Pebbles\n|-damage|p1a: Pebbles|0 fnt\n|faint|p1a: Pebbles\n|-damage|p2a: Bombirdier|42\/100 psn|[from] Recoil\n|\n|-damage|p2a: Bombirdier|29\/100 psn|[from] psn\n|upkeep\n|\n|t:|1698620714\n|switch|p1a: DeMotta|Tauros-Paldea-Aqua, M|100\/100\n|-ability|p1a: DeMotta|Intimidate|boost\n|-unboost|p2a: Bombirdier|atk|1\n|turn|11\n|\n|t:|1698620724\n|switch|p2a: Dipplin|Dipplin, M|100\/100\n|switch|p1a: Steam Surgeon|Volcanion|100\/100\n|\n|upkeep\n|turn|12\n|\n|t:|1698620732\n|move|p1a: Steam Surgeon|Sludge Bomb|p2a: Dipplin\n|-supereffective|p2a: Dipplin\n|-damage|p2a: Dipplin|48\/100\n|move|p2a: Dipplin|Infestation|p1a: Steam Surgeon\n|-resisted|p1a: Steam Surgeon\n|-damage|p1a: Steam Surgeon|98\/100\n|-activate|p1a: Steam Surgeon|move: Infestation|[of] p2a: Dipplin\n|\n|-damage|p1a: Steam Surgeon|85\/100|[from] move: Infestation|[partiallytrapped]\n|upkeep\n|turn|13\n|\n|t:|1698620740\n|move|p1a: Steam Surgeon|Sludge Bomb|p2a: Dipplin\n|-supereffective|p2a: Dipplin\n|-damage|p2a: Dipplin|0 fnt\n|faint|p2a: Dipplin\n|\n|-end|p1a: Steam Surgeon|Infestation|[partiallytrapped]|[silent]\n|upkeep\n|c| NEdgyman|goat has fainted\n|\n|t:|1698620762\n|switch|p2a: Revavroom|Revavroom, F|100\/100\n|turn|14\n|\n|t:|1698620768\n|switch|p1a: DeMotta|Tauros-Paldea-Aqua, M|100\/100\n|-ability|p1a: DeMotta|Intimidate|boost\n|-fail|p2a: Revavroom|unboost|[from] item: Clear Amulet|[of] p2a: Revavroom\n|move|p2a: Revavroom|Shift Gear|p2a: Revavroom\n|-boost|p2a: Revavroom|spe|2\n|-boost|p2a: Revavroom|atk|1\n|\n|upkeep\n|turn|15\n|c|\u2606tortortortellini|clear amulet gaming\n|\n|t:|1698620807\n|move|p2a: Revavroom|Gunk Shot|p1a: DeMotta\n|-damage|p1a: DeMotta|0 fnt\n|faint|p1a: DeMotta\n|\n|upkeep\n|\n|t:|1698620817\n|switch|p1a: Mercury|Dragapult, M|100\/100\n|turn|16\n|c|\u2606sirorangeotter|gg wp\n|c|\u2606sirorangeotter|i choked game 1 and just played poorly game 2 lol\n|c|\u2606sirorangeotter|it happens\n|j| MonkeyManStan\n|l| MonkeyManStan\n|c|\u2606tortortortellini|nah i dont have iron head\n|\n|t:|1698620865\n|move|p2a: Revavroom|High Horsepower|p1a: Mercury|[miss]\n|-miss|p2a: Revavroom|p1a: Mercury\n|move|p1a: Mercury|Will-O-Wisp|p2a: Revavroom\n|-status|p2a: Revavroom|brn\n|\n|-damage|p2a: Revavroom|94\/100 brn|[from] brn\n|upkeep\n|turn|17\n|c|\u2606tortortortellini|and missing hh didnt help either\n|\n|t:|1698620890\n|move|p2a: Revavroom|Gunk Shot|p1a: Mercury\n|-resisted|p1a: Mercury\n|-damage|p1a: Mercury|70\/100\n|move|p1a: Mercury|Hex|p2a: Revavroom\n|-damage|p2a: Revavroom|6\/100 brn\n|\n|-damage|p2a: Revavroom|0 fnt|[from] brn\n|faint|p2a: Revavroom\n|upkeep\n|\n|t:|1698620898\n|switch|p2a: Bombirdier|Bombirdier, F|29\/100 psn\n|turn|18\n|\n|t:|1698620909\n|move|p2a: Bombirdier|Knock Off|p1a: Mercury\n|-supereffective|p1a: Mercury\n|-enditem|p1a: Mercury|Colbur Berry|[eat]\n|-enditem|p1a: Mercury|Colbur Berry|[weaken]\n|-damage|p1a: Mercury|15\/100\n|move|p1a: Mercury|Flamethrower|p2a: Bombirdier\n|-damage|p2a: Bombirdier|0 fnt\n|faint|p2a: Bombirdier\n|\n|upkeep\n|\n|t:|1698620930\n|switch|p2a: Skeledirge|Skeledirge, M|100\/100\n|turn|19\n|\n|t:|1698620936\n|move|p1a: Mercury|Hex|p2a: Skeledirge\n|-supereffective|p2a: Skeledirge\n|-damage|p2a: Skeledirge|42\/100\n|move|p2a: Skeledirge|Torch Song|p1a: Mercury\n|-resisted|p1a: Mercury\n|-damage|p1a: Mercury|0 fnt\n|-boost|p2a: Skeledirge|spa|1\n|faint|p1a: Mercury\n|\n|upkeep\n|\n|t:|1698620948\n|switch|p1a: Steam Surgeon|Volcanion|85\/100\n|turn|20\n|\n|t:|1698620956\n|move|p1a: Steam Surgeon|Steam Eruption|p2a: Skeledirge\n|-supereffective|p2a: Skeledirge\n|-damage|p2a: Skeledirge|0 fnt\n|faint|p2a: Skeledirge\n|\n|upkeep\n|\n|t:|1698620959\n|switch|p2a: Zamazenta|Zamazenta|100\/100\n|-ability|p2a: Zamazenta|Dauntless Shield|boost\n|-boost|p2a: Zamazenta|def|1\n|turn|21\n|c|\u2606sirorangeotter|that miss sucks\n|c|\u2606sirorangeotter|sorry bruv\n|\n|t:|1698620999\n|move|p2a: Zamazenta|Iron Defense|p2a: Zamazenta\n|-boost|p2a: Zamazenta|def|2\n|move|p1a: Steam Surgeon|Steam Eruption|p2a: Zamazenta\n|-damage|p2a: Zamazenta|24\/100\n|\n|upkeep\n|turn|22\n|\n|t:|1698621015\n|move|p2a: Zamazenta|Body Press|p1a: Steam Surgeon\n|-damage|p1a: Steam Surgeon|0 fnt\n|faint|p1a: Steam Surgeon\n|\n|upkeep\n|\n|t:|1698621020\n|switch|p1a: Lazeroph|Iron Leaves|100\/100\n|turn|23\n|\n|t:|1698621024\n|move|p2a: Zamazenta|Rest|p2a: Zamazenta\n|-status|p2a: Zamazenta|slp|[from] move: Rest\n|-heal|p2a: Zamazenta|100\/100 slp|[silent]\n|-enditem|p2a: Zamazenta|Chesto Berry|[eat]\n|-curestatus|p2a: Zamazenta|slp|[msg]\n|move|p1a: Lazeroph|Psyblade|p2a: Zamazenta\n|-supereffective|p2a: Zamazenta\n|-damage|p2a: Zamazenta|78\/100\n|\n|upkeep\n|turn|24\n|\n|t:|1698621034\n|move|p2a: Zamazenta|Body Press|p1a: Lazeroph\n|-resisted|p1a: Lazeroph\n|-damage|p1a: Lazeroph|44\/100\n|move|p1a: Lazeroph|Psyblade|p2a: Zamazenta\n|-supereffective|p2a: Zamazenta\n|-damage|p2a: Zamazenta|57\/100\n|\n|upkeep\n|turn|25\n|c|\u2606sirorangeotter|gg\n|c|\u2606sirorangeotter|for real this time\n|c|\u2606sirorangeotter|zamazenta too good\n|\n|t:|1698621065\n|move|p2a: Zamazenta|Body Press|p1a: Lazeroph\n|-resisted|p1a: Lazeroph\n|-damage|p1a: Lazeroph|0 fnt\n|faint|p1a: Lazeroph\n|-end|p1a: Lazeroph|Quark Drive|[silent]\n|\n|win|tortortortellini\n|c|\u2606tortortortellini|gg\n","uploadtime":1698621072,"views":19,"p1id":"sirorangeotter","p2id":"tortortortellini","formatid":"gen9ubers","rating":0,"private":0,"password":""}