{"id":"gen9ubers-1990593652","p1":"Himbus","p2":"xinjuju","format":"[Gen 9] Ubers","log":"|j|\u2606Himbus\n|j|\u2606xinjuju\n|t:|1699984178\n|gametype|singles\n|player|p1|Himbus|iris|1176\n|player|p2|xinjuju|parasollady-gen4|1076\n|teamsize|p1|6\n|teamsize|p2|6\n|gen|9\n|tier|[Gen 9] Ubers\n|rated|\n|rule|Sleep Clause Mod: Limit one foe put to sleep\n|rule|Species Clause: Limit one of each Pok\u00e9mon\n|rule|OHKO Clause: OHKO moves are banned\n|rule|Evasion Items Clause: Evasion items are banned\n|rule|Evasion Moves Clause: Evasion moves are banned\n|rule|Endless Battle Clause: Forcing endless battles is banned\n|rule|HP Percentage Mod: HP is shown in percentages\n|clearpoke\n|poke|p1|Alomomola, M|\n|poke|p1|Ogerpon-Hearthflame, F|\n|poke|p1|Ursaluna-Bloodmoon, M|\n|poke|p1|Dragonite, M|\n|poke|p1|Cinderace, M|\n|poke|p1|Iron Bundle|\n|poke|p2|Giratina-Origin|\n|poke|p2|Miraidon|\n|poke|p2|Koraidon|\n|poke|p2|Ribombee, M|\n|poke|p2|Zacian-*|\n|poke|p2|Great Tusk|\n|teampreview\n|inactive|Battle timer is ON: inactive players will automatically lose when time's up. (requested by Himbus)\n|\n|t:|1699984191\n|start\n|switch|p1a: 5 Night|Ursaluna-Bloodmoon, M|100\/100\n|switch|p2a: Giratina|Giratina-Origin|100\/100\n|turn|1\n|\n|t:|1699984196\n|move|p1a: 5 Night|Calm Mind|p1a: 5 Night\n|-boost|p1a: 5 Night|spa|1\n|-boost|p1a: 5 Night|spd|1\n|move|p2a: Giratina|Dragon Tail|p1a: 5 Night\n|-damage|p1a: 5 Night|88\/100\n|drag|p1a: Fed Ex|Iron Bundle|100\/100\n|-enditem|p1a: Fed Ex|Booster Energy\n|-activate|p1a: Fed Ex|ability: Quark Drive|[fromitem]\n|-start|p1a: Fed Ex|quarkdrivespe\n|\n|upkeep\n|turn|2\n|\n|t:|1699984209\n|-terastallize|p1a: Fed Ex|Ice\n|move|p1a: Fed Ex|Ice Beam|p2a: Giratina\n|-supereffective|p2a: Giratina\n|-damage|p2a: Giratina|8\/100\n|move|p2a: Giratina|Shadow Ball|p1a: Fed Ex\n|-damage|p1a: Fed Ex|3\/100\n|\n|upkeep\n|turn|3\n|\n|t:|1699984214\n|move|p2a: Giratina|Shadow Sneak|p1a: Fed Ex\n|-damage|p1a: Fed Ex|0 fnt\n|faint|p1a: Fed Ex\n|-end|p1a: Fed Ex|Quark Drive|[silent]\n|\n|upkeep\n|\n|t:|1699984219\n|switch|p1a: Femboy Fish|Alomomola, M, shiny|100\/100\n|turn|4\n|\n|t:|1699984221\n|move|p2a: Giratina|Draco Meteor|p1a: Femboy Fish\n|-damage|p1a: Femboy Fish|3\/100\n|-unboost|p2a: Giratina|spa|2\n|move|p1a: Femboy Fish|Flip Turn|p2a: Giratina\n|-resisted|p2a: Giratina\n|-damage|p2a: Giratina|2\/100\n|\n|t:|1699984229\n|switch|p1a: Isagi|Cinderace, M|100\/100|[from] Flip Turn\n|\n|upkeep\n|turn|5\n|\n|t:|1699984235\n|move|p1a: Isagi|U-turn|p2a: Giratina\n|-start|p1a: Isagi|typechange|Bug|[from] ability: Libero\n|-resisted|p2a: Giratina\n|-damage|p2a: Giratina|0 fnt\n|faint|p2a: Giratina\n|\n|t:|1699984238\n|switch|p1a: Femboy Fish|Alomomola, M, shiny|37\/100|[from] U-turn\n|\n|-heal|p1a: Femboy Fish|43\/100|[from] item: Leftovers\n|upkeep\n|\n|t:|1699984241\n|switch|p2a: Miraidon|Miraidon|100\/100\n|-fieldstart|move: Electric Terrain|[from] ability: Hadron Engine|[of] p2a: Miraidon\n|turn|6\n|\n|t:|1699984244\n|switch|p1a: 5 Night|Ursaluna-Bloodmoon, M|88\/100\n|move|p2a: Miraidon|Dragon Pulse|p1a: 5 Night\n|-damage|p1a: 5 Night|0 fnt\n|faint|p1a: 5 Night\n|-damage|p2a: Miraidon|91\/100|[from] item: Life Orb\n|\n|upkeep\n|\n|t:|1699984249\n|switch|p1a: Yoshi|Dragonite, M, shiny|100\/100\n|turn|7\n|\n|t:|1699984256\n|move|p1a: Yoshi|Extreme Speed|p2a: Miraidon\n|-damage|p2a: Miraidon|51\/100\n|move|p2a: Miraidon|Volt Switch|p1a: Yoshi\n|-damage|p1a: Yoshi|57\/100\n|-damage|p2a: Miraidon|41\/100|[from] item: Life Orb\n|\n|t:|1699984262\n|switch|p2a: Zacian|Zacian-Crowned|100\/100|[from] Volt Switch\n|-ability|p2a: Zacian|Intrepid Sword|boost\n|-boost|p2a: Zacian|atk|1\n|\n|upkeep\n|turn|8\n|\n|t:|1699984266\n|move|p2a: Zacian|Play Rough|p1a: Yoshi\n|-supereffective|p1a: Yoshi\n|-damage|p1a: Yoshi|0 fnt\n|faint|p1a: Yoshi\n|\n|upkeep\n|\n|t:|1699984268\n|switch|p1a: Femboy Fish|Alomomola, M, shiny|76\/100\n|turn|9\n|\n|t:|1699984272\n|move|p2a: Zacian|Swords Dance|p2a: Zacian\n|-boost|p2a: Zacian|atk|2\n|move|p1a: Femboy Fish|Flip Turn|p2a: Zacian\n|-damage|p2a: Zacian|88\/100\n|-message|Himbus forfeited.\n|\n|win|xinjuju\n|raw|Himbus's rating: 1176 &rarr; <strong>1144<\/strong><br \/>(-32 for losing)\n|raw|xinjuju's rating: 1076 &rarr; <strong>1113<\/strong><br \/>(+37 for winning)\n|l|\u2606Himbus\n","uploadtime":1699984280,"views":6,"p1id":"himbus","p2id":"xinjuju","formatid":"gen9ubers","rating":1113,"private":0,"password":""}