{"id":"gen9ubers-1976885487","p1":"Finchely","p2":"FrostyRandom02","format":"[Gen 9] Ubers","log":"|j|\u2606Finchely\n|j|\u2606FrostyRandom02\n|t:|1698349403\n|gametype|singles\n|player|p1|Finchely|acetrainerf|\n|player|p2|FrostyRandom02|raifort|\n|teamsize|p1|6\n|teamsize|p2|6\n|gen|9\n|tier|[Gen 9] Ubers\n|rule|Sleep Clause Mod: Limit one foe put to sleep\n|rule|Species Clause: Limit one of each Pok\u00e9mon\n|rule|OHKO Clause: OHKO moves are banned\n|rule|Evasion Items Clause: Evasion items are banned\n|rule|Evasion Moves Clause: Evasion moves are banned\n|rule|Endless Battle Clause: Forcing endless battles is banned\n|rule|HP Percentage Mod: HP is shown in percentages\n|clearpoke\n|poke|p1|Torterra, F|\n|poke|p1|Cyclizar, M|\n|poke|p1|Moltres|\n|poke|p1|Blissey, F|\n|poke|p1|Clefable, F|\n|poke|p1|Gliscor, M|\n|poke|p2|Okidogi, M|\n|poke|p2|Cyclizar, F|\n|poke|p2|Chi-Yu|\n|poke|p2|Espathra, F|\n|poke|p2|Rillaboom, F|\n|poke|p2|Zacian-*|\n|teampreview\n|\n|t:|1698349425\n|start\n|switch|p1a: Cyclizar|Cyclizar, M|100\/100\n|switch|p2a: Rillaboom|Rillaboom, F|100\/100\n|-fieldstart|move: Grassy Terrain|[from] ability: Grassy Surge|[of] p2a: Rillaboom\n|turn|1\n|\n|t:|1698349434\n|move|p1a: Cyclizar|Shed Tail|p1a: Cyclizar\n|-start|p1a: Cyclizar|Substitute|[from] move: Shed Tail\n|-damage|p1a: Cyclizar|50\/100\n|\n|t:|1698349436\n|switch|p1a: Moltres|Moltres, shiny|100\/100|[from] Shed Tail\n|move|p2a: Rillaboom|Drain Punch|p1a: Moltres\n|-resisted|p1a: Moltres\n|-crit|p1a: Moltres\n|-end|p1a: Moltres|Substitute\n|\n|upkeep\n|turn|2\n|\n|t:|1698349443\n|switch|p2a: Cyclizar|Cyclizar, F|100\/100\n|move|p1a: Moltres|U-turn|p2a: Cyclizar\n|-damage|p2a: Cyclizar|79\/100\n|\n|t:|1698349447\n|switch|p1a: Gliscor|Gliscor, M|100\/100|[from] U-turn\n|\n|-heal|p2a: Cyclizar|85\/100|[from] Grassy Terrain\n|-status|p1a: Gliscor|tox|[from] item: Toxic Orb\n|upkeep\n|turn|3\n|\n|t:|1698349450\n|move|p2a: Cyclizar|Shed Tail|p2a: Cyclizar\n|-start|p2a: Cyclizar|Substitute|[from] move: Shed Tail\n|-damage|p2a: Cyclizar|35\/100\n|\n|t:|1698349454\n|switch|p2a: Espathra|Espathra, F|100\/100|[from] Shed Tail\n|-enditem|p2a: Espathra|Grassy Seed\n|-boost|p2a: Espathra|def|1|[from] item: Grassy Seed\n|move|p1a: Gliscor|Toxic Spikes|p2a: Espathra\n|-sidestart|p2: FrostyRandom02|move: Toxic Spikes\n|\n|upkeep\n|turn|4\n|\n|t:|1698349460\n|switch|p1a: Blissey|Blissey, F, shiny|100\/100\n|move|p2a: Espathra|Calm Mind|p2a: Espathra\n|-boost|p2a: Espathra|spa|1\n|-boost|p2a: Espathra|spd|1\n|\n|-ability|p2a: Espathra|Speed Boost|boost\n|-boost|p2a: Espathra|spe|1\n|upkeep\n|turn|5\n|\n|t:|1698349466\n|-terastallize|p1a: Blissey|Dark\n|move|p2a: Espathra|Calm Mind|p2a: Espathra\n|-boost|p2a: Espathra|spa|1\n|-boost|p2a: Espathra|spd|1\n|move|p1a: Blissey|Seismic Toss|p2a: Espathra\n|-end|p2a: Espathra|Substitute\n|\n|-fieldend|move: Grassy Terrain\n|-ability|p2a: Espathra|Speed Boost|boost\n|-boost|p2a: Espathra|spe|1\n|upkeep\n|turn|6\n|\n|t:|1698349476\n|move|p2a: Espathra|Calm Mind|p2a: Espathra\n|-boost|p2a: Espathra|spa|1\n|-boost|p2a: Espathra|spd|1\n|move|p1a: Blissey|Calm Mind|p1a: Blissey\n|-boost|p1a: Blissey|spa|1\n|-boost|p1a: Blissey|spd|1\n|\n|-ability|p2a: Espathra|Speed Boost|boost\n|-boost|p2a: Espathra|spe|1\n|upkeep\n|turn|7\n|\n|t:|1698349489\n|move|p2a: Espathra|Dazzling Gleam|p1a: Blissey\n|-supereffective|p1a: Blissey\n|-damage|p1a: Blissey|84\/100\n|move|p1a: Blissey|Calm Mind|p1a: Blissey\n|-boost|p1a: Blissey|spa|1\n|-boost|p1a: Blissey|spd|1\n|\n|-ability|p2a: Espathra|Speed Boost|boost\n|-boost|p2a: Espathra|spe|1\n|upkeep\n|turn|8\n|\n|t:|1698349495\n|move|p2a: Espathra|Calm Mind|p2a: Espathra\n|-boost|p2a: Espathra|spa|1\n|-boost|p2a: Espathra|spd|1\n|move|p1a: Blissey|Seismic Toss|p2a: Espathra\n|-damage|p2a: Espathra|75\/100\n|\n|-ability|p2a: Espathra|Speed Boost|boost\n|-boost|p2a: Espathra|spe|1\n|upkeep\n|turn|9\n|\n|t:|1698349498\n|move|p2a: Espathra|Calm Mind|p2a: Espathra\n|-boost|p2a: Espathra|spa|1\n|-boost|p2a: Espathra|spd|1\n|move|p1a: Blissey|Seismic Toss|p2a: Espathra\n|-damage|p2a: Espathra|50\/100\n|\n|-ability|p2a: Espathra|Speed Boost|boost\n|-boost|p2a: Espathra|spe|1\n|upkeep\n|turn|10\n|\n|t:|1698349503\n|-terastallize|p2a: Espathra|Fairy\n|move|p2a: Espathra|Dazzling Gleam|p1a: Blissey\n|-supereffective|p1a: Blissey\n|-damage|p1a: Blissey|57\/100\n|move|p1a: Blissey|Calm Mind|p1a: Blissey\n|-boost|p1a: Blissey|spa|1\n|-boost|p1a: Blissey|spd|1\n|\n|upkeep\n|turn|11\n|\n|t:|1698349514\n|move|p2a: Espathra|Dazzling Gleam|p1a: Blissey\n|-supereffective|p1a: Blissey\n|-damage|p1a: Blissey|35\/100\n|move|p1a: Blissey|Soft-Boiled|p1a: Blissey\n|-heal|p1a: Blissey|85\/100\n|\n|upkeep\n|turn|12\n|\n|t:|1698349517\n|move|p2a: Espathra|Calm Mind|p2a: Espathra\n|-boost|p2a: Espathra|spa|1\n|-boost|p2a: Espathra|spd|1\n|move|p1a: Blissey|Calm Mind|p1a: Blissey\n|-boost|p1a: Blissey|spa|1\n|-boost|p1a: Blissey|spd|1\n|\n|upkeep\n|turn|13\n|\n|t:|1698349526\n|move|p2a: Espathra|Dazzling Gleam|p1a: Blissey\n|-supereffective|p1a: Blissey\n|-damage|p1a: Blissey|63\/100\n|move|p1a: Blissey|Calm Mind|p1a: Blissey\n|-boost|p1a: Blissey|spa|1\n|-boost|p1a: Blissey|spd|1\n|\n|upkeep\n|turn|14\n|\n|t:|1698349529\n|move|p2a: Espathra|Dazzling Gleam|p1a: Blissey\n|-supereffective|p1a: Blissey\n|-damage|p1a: Blissey|44\/100\n|move|p1a: Blissey|Seismic Toss|p2a: Espathra\n|-damage|p2a: Espathra|24\/100\n|\n|upkeep\n|turn|15\n|\n|t:|1698349532\n|move|p2a: Espathra|Dazzling Gleam|p1a: Blissey\n|-supereffective|p1a: Blissey\n|-damage|p1a: Blissey|27\/100\n|move|p1a: Blissey|Soft-Boiled|p1a: Blissey\n|-heal|p1a: Blissey|77\/100\n|\n|upkeep\n|turn|16\n|\n|t:|1698349536\n|move|p2a: Espathra|Dazzling Gleam|p1a: Blissey\n|-supereffective|p1a: Blissey\n|-damage|p1a: Blissey|60\/100\n|move|p1a: Blissey|Seismic Toss|p2a: Espathra\n|-damage|p2a: Espathra|0 fnt\n|faint|p2a: Espathra\n|\n|upkeep\n|\n|t:|1698349542\n|switch|p2a: Cyclizar|Cyclizar, F|69\/100\n|turn|17\n|\n|t:|1698349562\n|switch|p1a: Moltres|Moltres, shiny|100\/100\n|move|p2a: Cyclizar|Rapid Spin|p1a: Moltres\n|-damage|p1a: Moltres|89\/100\n|-boost|p2a: Cyclizar|spe|1\n|-sideend|p2: FrostyRandom02|Toxic Spikes|[from] move: Rapid Spin|[of] p2a: Cyclizar\n|\n|upkeep\n|turn|18\n|\n|t:|1698349573\n|move|p2a: Cyclizar|Shed Tail|p2a: Cyclizar\n|-start|p2a: Cyclizar|Substitute|[from] move: Shed Tail\n|-damage|p2a: Cyclizar|19\/100\n|\n|t:|1698349592\n|switch|p2a: Zacian|Zacian|100\/100|[from] Shed Tail\n|-ability|p2a: Zacian|Intrepid Sword|boost\n|-boost|p2a: Zacian|atk|1\n|move|p1a: Moltres|U-turn|p2a: Zacian\n|-resisted|p2a: Zacian\n|-activate|p2a: Zacian|move: Substitute|[damage]\n|\n|t:|1698349607\n|switch|p1a: Clefable|Clefable, F|100\/100|[from] U-turn\n|\n|upkeep\n|turn|19\n|\n|t:|1698349618\n|move|p2a: Zacian|Play Rough|p1a: Clefable\n|-damage|p1a: Clefable|69\/100\n|-unboost|p1a: Clefable|atk|1\n|move|p1a: Clefable|Wish|p1a: Clefable\n|\n|-heal|p1a: Clefable|75\/100|[from] item: Leftovers\n|upkeep\n|turn|20\n|\n|t:|1698349629\n|move|p2a: Zacian|Swords Dance|p2a: Zacian\n|-boost|p2a: Zacian|atk|2\n|move|p1a: Clefable|Moonblast|p2a: Zacian\n|-end|p2a: Zacian|Substitute\n|\n|-heal|p1a: Clefable|100\/100|[from] move: Wish|[wisher] Clefable\n|upkeep\n|turn|21\n|\n|t:|1698349639\n|move|p2a: Zacian|Play Rough|p1a: Clefable\n|-damage|p1a: Clefable|69\/100\n|move|p1a: Clefable|Wish|p1a: Clefable\n|\n|-heal|p1a: Clefable|75\/100|[from] item: Leftovers\n|upkeep\n|turn|22\n|\n|t:|1698349643\n|move|p2a: Zacian|Play Rough|p1a: Clefable\n|-damage|p1a: Clefable|43\/100\n|move|p1a: Clefable|Calm Mind|p1a: Clefable\n|-boost|p1a: Clefable|spa|1\n|-boost|p1a: Clefable|spd|1\n|\n|-heal|p1a: Clefable|93\/100|[from] move: Wish|[wisher] Clefable\n|-heal|p1a: Clefable|99\/100|[from] item: Leftovers\n|upkeep\n|turn|23\n|\n|t:|1698349650\n|move|p2a: Zacian|Play Rough|p1a: Clefable\n|-crit|p1a: Clefable\n|-damage|p1a: Clefable|52\/100\n|move|p1a: Clefable|Calm Mind|p1a: Clefable\n|-boost|p1a: Clefable|spa|1\n|-boost|p1a: Clefable|spd|1\n|\n|-heal|p1a: Clefable|58\/100|[from] item: Leftovers\n|upkeep\n|turn|24\n|\n|t:|1698349653\n|move|p2a: Zacian|Play Rough|p1a: Clefable\n|-damage|p1a: Clefable|24\/100\n|move|p1a: Clefable|Wish|p1a: Clefable\n|\n|-heal|p1a: Clefable|30\/100|[from] item: Leftovers\n|upkeep\n|turn|25\n|\n|t:|1698349656\n|move|p1a: Clefable|Protect|p1a: Clefable\n|-singleturn|p1a: Clefable|Protect\n|move|p2a: Zacian|Play Rough|p1a: Clefable\n|-activate|p1a: Clefable|move: Protect\n|\n|-heal|p1a: Clefable|80\/100|[from] move: Wish|[wisher] Clefable\n|-heal|p1a: Clefable|86\/100|[from] item: Leftovers\n|upkeep\n|turn|26\n|\n|t:|1698349663\n|move|p2a: Zacian|Play Rough|p1a: Clefable\n|-damage|p1a: Clefable|52\/100\n|move|p1a: Clefable|Moonblast|p2a: Zacian\n|-damage|p2a: Zacian|46\/100\n|\n|-heal|p1a: Clefable|58\/100|[from] item: Leftovers\n|upkeep\n|turn|27\n|\n|t:|1698349673\n|move|p1a: Clefable|Protect|p1a: Clefable\n|-singleturn|p1a: Clefable|Protect\n|move|p2a: Zacian|Play Rough|p1a: Clefable\n|-activate|p1a: Clefable|move: Protect\n|\n|-heal|p1a: Clefable|64\/100|[from] item: Leftovers\n|upkeep\n|turn|28\n|\n|t:|1698349686\n|move|p2a: Zacian|Play Rough|p1a: Clefable\n|-damage|p1a: Clefable|33\/100\n|move|p1a: Clefable|Wish|p1a: Clefable\n|\n|-heal|p1a: Clefable|39\/100|[from] item: Leftovers\n|upkeep\n|turn|29\n|\n|t:|1698349690\n|move|p1a: Clefable|Protect|p1a: Clefable\n|-singleturn|p1a: Clefable|Protect\n|move|p2a: Zacian|Play Rough|p1a: Clefable\n|-activate|p1a: Clefable|move: Protect\n|\n|-heal|p1a: Clefable|89\/100|[from] move: Wish|[wisher] Clefable\n|-heal|p1a: Clefable|95\/100|[from] item: Leftovers\n|upkeep\n|turn|30\n|\n|t:|1698349713\n|move|p2a: Zacian|Play Rough|p1a: Clefable\n|-damage|p1a: Clefable|59\/100\n|move|p1a: Clefable|Moonblast|p2a: Zacian\n|-damage|p2a: Zacian|0 fnt\n|faint|p2a: Zacian\n|\n|-heal|p1a: Clefable|65\/100|[from] item: Leftovers\n|upkeep\n|j| 1P1o1s1h1e1\n|\n|t:|1698349720\n|switch|p2a: Okidogi|Okidogi, M|100\/100\n|turn|31\n|\n|t:|1698349759\n|switch|p1a: Moltres|Moltres, shiny|89\/100\n|move|p2a: Okidogi|Poison Jab|p1a: Moltres\n|-damage|p1a: Moltres|67\/100\n|-status|p2a: Okidogi|brn|[from] ability: Flame Body|[of] p1a: Moltres\n|\n|-damage|p2a: Okidogi|94\/100 brn|[from] brn\n|upkeep\n|turn|32\n|\n|t:|1698349798\n|switch|p1a: Gliscor|Gliscor, M|100\/100 tox\n|move|p2a: Okidogi|Knock Off|p1a: Gliscor\n|-damage|p1a: Gliscor|93\/100 tox\n|-enditem|p1a: Gliscor|Toxic Orb|[from] move: Knock Off|[of] p2a: Okidogi\n|\n|-heal|p2a: Okidogi|100\/100 brn|[from] item: Leftovers\n|-heal|p1a: Gliscor|100\/100 tox|[from] ability: Poison Heal\n|-damage|p2a: Okidogi|94\/100 brn|[from] brn\n|upkeep\n|turn|33\n|\n|t:|1698349803\n|move|p1a: Gliscor|Earthquake|p2a: Okidogi\n|-supereffective|p2a: Okidogi\n|-damage|p2a: Okidogi|45\/100 brn\n|move|p2a: Okidogi|Bulk Up|p2a: Okidogi\n|-boost|p2a: Okidogi|atk|1\n|-boost|p2a: Okidogi|def|1\n|\n|-heal|p2a: Okidogi|52\/100 brn|[from] item: Leftovers\n|-damage|p2a: Okidogi|45\/100 brn|[from] brn\n|upkeep\n|turn|34\n|\n|t:|1698349833\n|move|p1a: Gliscor|Earthquake|p2a: Okidogi\n|-supereffective|p2a: Okidogi\n|-damage|p2a: Okidogi|12\/100 brn\n|move|p2a: Okidogi|Drain Punch|p1a: Gliscor\n|-resisted|p1a: Gliscor\n|-damage|p1a: Gliscor|93\/100 tox\n|-heal|p2a: Okidogi|16\/100 brn|[from] drain|[of] p1a: Gliscor\n|\n|-heal|p2a: Okidogi|22\/100 brn|[from] item: Leftovers\n|-heal|p1a: Gliscor|100\/100 tox|[from] ability: Poison Heal\n|-damage|p2a: Okidogi|16\/100 brn|[from] brn\n|upkeep\n|turn|35\n|\n|t:|1698349843\n|move|p1a: Gliscor|Earthquake|p2a: Okidogi\n|-supereffective|p2a: Okidogi\n|-damage|p2a: Okidogi|0 fnt\n|faint|p2a: Okidogi\n|\n|upkeep\n|\n|t:|1698349848\n|switch|p2a: Chi-Yu|Chi-Yu|100\/100\n|-ability|p2a: Chi-Yu|Beads of Ruin\n|turn|36\n|\n|t:|1698349883\n|switch|p1a: Clefable|Clefable, F|65\/100\n|move|p2a: Chi-Yu|Fire Blast|p1a: Clefable|[miss]\n|-miss|p2a: Chi-Yu|p1a: Clefable\n|\n|-heal|p1a: Clefable|71\/100|[from] item: Leftovers\n|upkeep\n|turn|37\n|\n|t:|1698349888\n|move|p1a: Clefable|Protect|p1a: Clefable\n|-singleturn|p1a: Clefable|Protect\n|move|p2a: Chi-Yu|Fire Blast|p1a: Clefable\n|-activate|p1a: Clefable|move: Protect\n|\n|-heal|p1a: Clefable|77\/100|[from] item: Leftovers\n|upkeep\n|turn|38\n|\n|t:|1698349891\n|switch|p2a: Rillaboom|Rillaboom, F|100\/100\n|-fieldstart|move: Grassy Terrain|[from] ability: Grassy Surge|[of] p2a: Rillaboom\n|move|p1a: Clefable|Calm Mind|p1a: Clefable\n|-boost|p1a: Clefable|spa|1\n|-boost|p1a: Clefable|spd|1\n|\n|-heal|p1a: Clefable|83\/100|[from] Grassy Terrain\n|-heal|p1a: Clefable|90\/100|[from] item: Leftovers\n|upkeep\n|turn|39\n|-message|FrostyRandom02 forfeited.\n|\n|win|Finchely\n|l|\u2606FrostyRandom02\n|l|\u2606Finchely\n|j|\u2606Finchely\n|player|p1|Finchely|acetrainerf\n","uploadtime":1698350199,"views":12,"p1id":"finchely","p2id":"frostyrandom02","formatid":"gen9ubers","rating":0,"private":0,"password":""}