{"id":"gen9ubers-1998566289","p1":"dead_dondozo_123","p2":"wat22","format":"[Gen 9] Ubers","log":"|j|\u2606dead_dondozo_123\n|j|\u2606wat22\n|t:|1700957153\n|gametype|singles\n|player|p1|dead_dondozo_123|1|\n|player|p2|wat22|265|\n|teamsize|p1|6\n|teamsize|p2|6\n|gen|9\n|tier|[Gen 9] Ubers\n|rule|Sleep Clause Mod: Limit one foe put to sleep\n|rule|Species Clause: Limit one of each Pok\u00e9mon\n|rule|OHKO Clause: OHKO moves are banned\n|rule|Evasion Items Clause: Evasion items are banned\n|rule|Evasion Moves Clause: Evasion moves are banned\n|rule|Endless Battle Clause: Forcing endless battles is banned\n|rule|HP Percentage Mod: HP is shown in percentages\n|clearpoke\n|poke|p1|Rayquaza|\n|poke|p1|Greninja-*, M|\n|poke|p1|Mew|\n|poke|p1|Miraidon|\n|poke|p1|Garchomp, F|\n|poke|p1|Giratina-Origin|\n|poke|p2|Charizard, M|\n|poke|p2|Infernape, M|\n|poke|p2|Krookodile, M|\n|poke|p2|Raichu, M|\n|poke|p2|Roaring Moon|\n|poke|p2|Landorus, M|\n|teampreview\n|inactive|Battle timer is ON: inactive players will automatically lose when time's up. (requested by dead_dondozo_123)\n|inactiveoff|Battle timer is now OFF.\n|\n|t:|1700957181\n|start\n|switch|p1a: Greninja|Greninja, M|100\/100\n|switch|p2a: Shocker|Raichu, M|100\/100\n|turn|1\n|\n|t:|1700957203\n|-singleturn|p2a: Shocker|move: Focus Punch\n|move|p1a: Greninja|Gunk Shot|p2a: Shocker\n|-damage|p2a: Shocker|34\/100\n|cant|p2a: Shocker|Focus Punch|Focus Punch\n|\n|upkeep\n|turn|2\n|\n|t:|1700957215\n|-singleturn|p2a: Shocker|move: Focus Punch\n|move|p1a: Greninja|Giga Impact|p2a: Shocker\n|-damage|p2a: Shocker|0 fnt\n|-mustrecharge|p1a: Greninja\n|faint|p2a: Shocker\n|-ability|p1a: Greninja|Battle Bond|boost\n|-boost|p1a: Greninja|atk|1\n|-boost|p1a: Greninja|spa|1\n|-boost|p1a: Greninja|spe|1\n|-activate|p1a: Greninja|ability: Battle Bond\n|\n|upkeep\n|\n|t:|1700957227\n|switch|p2a: Cool Boiz|Krookodile, M|100\/100\n|-ability|p2a: Cool Boiz|Intimidate|boost\n|-unboost|p1a: Greninja|atk|1\n|turn|3\n|\n|t:|1700957254\n|cant|p1a: Greninja|recharge\n|move|p2a: Cool Boiz|Double-Edge|p1a: Greninja\n|-damage|p1a: Greninja|35\/100\n|-damage|p2a: Cool Boiz|82\/100|[from] Recoil\n|\n|upkeep\n|turn|4\n|\n|t:|1700957284\n|move|p1a: Greninja|Hydro Cannon|p2a: Cool Boiz\n|-supereffective|p2a: Cool Boiz\n|-damage|p2a: Cool Boiz|0 fnt\n|-mustrecharge|p1a: Greninja\n|faint|p2a: Cool Boiz\n|\n|upkeep\n|\n|t:|1700957297\n|switch|p2a: Himothy|Charizard, M, shiny|100\/100\n|turn|5\n|\n|t:|1700957316\n|cant|p1a: Greninja|recharge\n|move|p2a: Himothy|Earthquake|p1a: Greninja\n|-damage|p1a: Greninja|0 fnt\n|faint|p1a: Greninja\n|\n|upkeep\n|\n|t:|1700957326\n|switch|p1a: Garchomp|Garchomp, F|100\/100\n|turn|6\n|\n|t:|1700957360\n|move|p1a: Garchomp|Draco Meteor|p2a: Himothy\n|-damage|p2a: Himothy|45\/100\n|-unboost|p1a: Garchomp|spa|2\n|move|p2a: Himothy|Hurricane|p1a: Garchomp\n|-damage|p1a: Garchomp|36\/100\n|-start|p1a: Garchomp|confusion\n|\n|upkeep\n|turn|7\n|\n|t:|1700957371\n|-activate|p1a: Garchomp|confusion\n|move|p1a: Garchomp|Giga Impact|p2a: Himothy\n|-damage|p2a: Himothy|0 fnt\n|-mustrecharge|p1a: Garchomp\n|faint|p2a: Himothy\n|\n|upkeep\n|\n|t:|1700957378\n|switch|p2a: Char|Infernape, M|100\/100\n|turn|8\n|\n|t:|1700957382\n|move|p2a: Char|Close Combat|p1a: Garchomp\n|-damage|p1a: Garchomp|0 fnt\n|-unboost|p2a: Char|def|1\n|-unboost|p2a: Char|spd|1\n|faint|p1a: Garchomp\n|\n|upkeep\n|\n|t:|1700957389\n|switch|p1a: Mew|Mew|100\/100\n|turn|9\n|\n|t:|1700957394\n|move|p2a: Char|Close Combat|p1a: Mew\n|-resisted|p1a: Mew\n|-damage|p1a: Mew|68\/100\n|-unboost|p2a: Char|def|1\n|-unboost|p2a: Char|spd|1\n|move|p1a: Mew|Close Combat|p2a: Char\n|-damage|p2a: Char|0 fnt\n|-unboost|p1a: Mew|def|1\n|-unboost|p1a: Mew|spd|1\n|faint|p2a: Char\n|\n|upkeep\n|\n|t:|1700957410\n|switch|p2a: The Guy In Clouds|Landorus, M|100\/100\n|turn|10\n|\n|t:|1700957416\n|move|p2a: The Guy In Clouds|Outrage|p1a: Mew\n|-damage|p1a: Mew|4\/100\n|move|p1a: Mew|Draco Meteor|p2a: The Guy In Clouds\n|-damage|p2a: The Guy In Clouds|59\/100\n|-unboost|p1a: Mew|spa|2\n|\n|upkeep\n|turn|11\n|\n|t:|1700957427\n|move|p2a: The Guy In Clouds|Outrage|p1a: Mew|[from]lockedmove\n|-damage|p1a: Mew|0 fnt\n|faint|p1a: Mew\n|\n|upkeep\n|\n|t:|1700957434\n|switch|p1a: Miraidon|Miraidon|100\/100\n|-fieldstart|move: Electric Terrain|[from] ability: Hadron Engine|[of] p1a: Miraidon\n|turn|12\n|\n|t:|1700957453\n|move|p1a: Miraidon|Electro Drift|p2a: The Guy In Clouds\n|-immune|p2a: The Guy In Clouds\n|move|p2a: The Guy In Clouds|Outrage|p1a: Miraidon|[from]lockedmove\n|-supereffective|p1a: Miraidon\n|-damage|p1a: Miraidon|18\/100\n|-start|p2a: The Guy In Clouds|confusion|[fatigue]\n|\n|upkeep\n|turn|13\n|\n|t:|1700957465\n|move|p1a: Miraidon|Draco Meteor|p2a: The Guy In Clouds\n|-damage|p2a: The Guy In Clouds|0 fnt\n|-unboost|p1a: Miraidon|spa|2\n|faint|p2a: The Guy In Clouds\n|-damage|p1a: Miraidon|8\/100|[from] item: Life Orb\n|\n|upkeep\n|\n|t:|1700957473\n|switch|p2a: Roaring Moon|Roaring Moon|100\/100\n|-enditem|p2a: Roaring Moon|Booster Energy\n|-activate|p2a: Roaring Moon|ability: Protosynthesis|[fromitem]\n|-start|p2a: Roaring Moon|protosynthesisatk\n|turn|14\n|\n|t:|1700957497\n|move|p1a: Miraidon|Draco Meteor|p2a: Roaring Moon\n|-supereffective|p2a: Roaring Moon\n|-damage|p2a: Roaring Moon|0 fnt\n|-unboost|p1a: Miraidon|spa|2\n|faint|p2a: Roaring Moon\n|-end|p2a: Roaring Moon|Protosynthesis|[silent]\n|-damage|p1a: Miraidon|0 fnt|[from] item: Life Orb\n|faint|p1a: Miraidon\n|\n|win|dead_dondozo_123\n|l|\u2606wat22\n","uploadtime":1700958874,"views":6,"p1id":"deaddondozo123","p2id":"wat22","formatid":"gen9ubers","rating":0,"private":0,"password":""}