{"id":"gen9ubers-1977913146","p1":"TurtleSix","p2":"abrahamrage","format":"[Gen 9] Ubers","log":"|j|\u2606TurtleSix\n|j|\u2606abrahamrage\n|t:|1698465529\n|gametype|singles\n|player|p1|TurtleSix|170|\n|player|p2|abrahamrage|169|\n|teamsize|p1|6\n|teamsize|p2|6\n|gen|9\n|tier|[Gen 9] Ubers\n|rule|Sleep Clause Mod: Limit one foe put to sleep\n|rule|Species Clause: Limit one of each Pok\u00e9mon\n|rule|OHKO Clause: OHKO moves are banned\n|rule|Evasion Items Clause: Evasion items are banned\n|rule|Evasion Moves Clause: Evasion moves are banned\n|rule|Endless Battle Clause: Forcing endless battles is banned\n|rule|HP Percentage Mod: HP is shown in percentages\n|clearpoke\n|poke|p1|Houndstone, M|\n|poke|p1|Corviknight, F|\n|poke|p1|Gastrodon, M|\n|poke|p1|Hippowdon, F|\n|poke|p1|Garchomp, F|\n|poke|p1|Tyranitar, F|\n|poke|p2|Vaporeon, F|\n|poke|p2|Frosmoth, M|\n|poke|p2|Ting-Lu|\n|poke|p2|Iron Valiant|\n|poke|p2|Scizor, F|\n|poke|p2|Iron Moth|\n|teampreview\n|c|\u2606abrahamrage|gl hf!\n|c|\u2606TurtleSix|gl hf to you too!\n|\n|t:|1698465607\n|start\n|switch|p1a: Hippowdon|Hippowdon, F|100\/100\n|switch|p2a: Ting-Lu|Ting-Lu|100\/100\n|-weather|Sandstorm|[from] ability: Sand Stream|[of] p1a: Hippowdon\n|-ability|p2a: Ting-Lu|Vessel of Ruin\n|turn|1\n|\n|t:|1698465627\n|move|p1a: Hippowdon|Yawn|p2a: Ting-Lu\n|-start|p2a: Ting-Lu|move: Yawn|[of] p1a: Hippowdon\n|move|p2a: Ting-Lu|Stealth Rock|p1a: Hippowdon\n|-sidestart|p1: TurtleSix|move: Stealth Rock\n|\n|-weather|Sandstorm|[upkeep]\n|upkeep\n|turn|2\n|\n|t:|1698465649\n|switch|p2a: Vaporeon|Vaporeon, F|100\/100\n|move|p1a: Hippowdon|Stealth Rock|p2a: Vaporeon\n|-sidestart|p2: abrahamrage|move: Stealth Rock\n|\n|-weather|Sandstorm|[upkeep]\n|-damage|p2a: Vaporeon|94\/100|[from] Sandstorm\n|-heal|p2a: Vaporeon|100\/100|[from] item: Leftovers\n|upkeep\n|turn|3\n|\n|t:|1698465663\n|move|p2a: Vaporeon|Yawn|p1a: Hippowdon\n|-start|p1a: Hippowdon|move: Yawn|[of] p2a: Vaporeon\n|move|p1a: Hippowdon|Yawn|p2a: Vaporeon\n|-start|p2a: Vaporeon|move: Yawn|[of] p1a: Hippowdon\n|\n|-weather|Sandstorm|[upkeep]\n|-damage|p2a: Vaporeon|94\/100|[from] Sandstorm\n|-heal|p2a: Vaporeon|100\/100|[from] item: Leftovers\n|upkeep\n|turn|4\n|\n|t:|1698465691\n|switch|p2a: Ting-Lu|Ting-Lu|100\/100\n|-damage|p2a: Ting-Lu|94\/100|[from] Stealth Rock\n|-ability|p2a: Ting-Lu|Vessel of Ruin\n|switch|p1a: Garchomp|Garchomp, F|100\/100\n|-damage|p1a: Garchomp|94\/100|[from] Stealth Rock\n|\n|-weather|Sandstorm|[upkeep]\n|-heal|p2a: Ting-Lu|100\/100|[from] item: Leftovers\n|upkeep\n|turn|5\n|\n|t:|1698465754\n|move|p1a: Garchomp|Swords Dance|p1a: Garchomp\n|-boost|p1a: Garchomp|atk|2\n|move|p2a: Ting-Lu|Spikes|p1a: Garchomp\n|-sidestart|p1: TurtleSix|Spikes\n|\n|-weather|Sandstorm|[upkeep]\n|upkeep\n|turn|6\n|\n|t:|1698465762\n|move|p1a: Garchomp|Swords Dance|p1a: Garchomp\n|-boost|p1a: Garchomp|atk|2\n|move|p2a: Ting-Lu|Whirlwind|p1a: Garchomp\n|drag|p1a: Houndstone|Houndstone, M|100\/100\n|-damage|p1a: Houndstone|88\/100|[from] Stealth Rock\n|-damage|p1a: Houndstone|76\/100|[from] Spikes\n|\n|-weather|Sandstorm|[upkeep]\n|upkeep\n|turn|7\n|\n|t:|1698465776\n|move|p1a: Houndstone|Will-O-Wisp|p2a: Ting-Lu\n|-status|p2a: Ting-Lu|brn\n|move|p2a: Ting-Lu|Spikes|p1a: Houndstone\n|-sidestart|p1: TurtleSix|Spikes\n|\n|-weather|Sandstorm|[upkeep]\n|-damage|p2a: Ting-Lu|94\/100 brn|[from] brn\n|upkeep\n|turn|8\n|\n|t:|1698465797\n|switch|p1a: Gastrodon|Gastrodon, M|100\/100\n|-damage|p1a: Gastrodon|94\/100|[from] Stealth Rock\n|-damage|p1a: Gastrodon|78\/100|[from] Spikes\n|move|p2a: Ting-Lu|Whirlwind|p1a: Gastrodon\n|drag|p1a: Corviknight|Corviknight, F|100\/100\n|-ability|p1a: Corviknight|Pressure\n|\n|-weather|none\n|-heal|p2a: Ting-Lu|100\/100 brn|[from] item: Leftovers\n|-damage|p2a: Ting-Lu|94\/100 brn|[from] brn\n|upkeep\n|turn|9\n|\n|t:|1698465811\n|move|p1a: Corviknight|Bulk Up|p1a: Corviknight\n|-boost|p1a: Corviknight|atk|1\n|-boost|p1a: Corviknight|def|1\n|move|p2a: Ting-Lu|Whirlwind|p1a: Corviknight\n|drag|p1a: Tyranitar|Tyranitar, F|100\/100\n|-damage|p1a: Tyranitar|88\/100|[from] Stealth Rock\n|-damage|p1a: Tyranitar|72\/100|[from] Spikes\n|-weather|Sandstorm|[from] ability: Sand Stream|[of] p1a: Tyranitar\n|\n|-weather|Sandstorm|[upkeep]\n|-heal|p2a: Ting-Lu|100\/100 brn|[from] item: Leftovers\n|-damage|p2a: Ting-Lu|94\/100 brn|[from] brn\n|upkeep\n|turn|10\n|\n|t:|1698465826\n|move|p1a: Tyranitar|Knock Off|p2a: Ting-Lu\n|-resisted|p2a: Ting-Lu\n|-damage|p2a: Ting-Lu|69\/100 brn\n|-enditem|p2a: Ting-Lu|Leftovers|[from] move: Knock Off|[of] p1a: Tyranitar\n|move|p2a: Ting-Lu|Spikes|p1a: Tyranitar\n|-sidestart|p1: TurtleSix|Spikes\n|\n|-weather|Sandstorm|[upkeep]\n|-damage|p2a: Ting-Lu|63\/100 brn|[from] brn\n|upkeep\n|turn|11\n|\n|t:|1698465837\n|switch|p2a: Vaporeon|Vaporeon, F|100\/100\n|-damage|p2a: Vaporeon|88\/100|[from] Stealth Rock\n|move|p1a: Tyranitar|Knock Off|p2a: Vaporeon\n|-damage|p2a: Vaporeon|29\/100\n|-enditem|p2a: Vaporeon|Leftovers|[from] move: Knock Off|[of] p1a: Tyranitar\n|\n|-weather|Sandstorm|[upkeep]\n|-damage|p2a: Vaporeon|23\/100|[from] Sandstorm\n|upkeep\n|turn|12\n|\n|t:|1698465862\n|move|p2a: Vaporeon|Wish|p2a: Vaporeon\n|move|p1a: Tyranitar|Knock Off|p2a: Vaporeon\n|-damage|p2a: Vaporeon|0 fnt\n|faint|p2a: Vaporeon\n|\n|-weather|Sandstorm|[upkeep]\n|upkeep\n|\n|t:|1698465869\n|switch|p2a: Ting-Lu|Ting-Lu|63\/100 brn\n|-damage|p2a: Ting-Lu|57\/100 brn|[from] Stealth Rock\n|-ability|p2a: Ting-Lu|Vessel of Ruin\n|turn|13\n|\n|t:|1698465883\n|move|p1a: Tyranitar|Knock Off|p2a: Ting-Lu\n|-resisted|p2a: Ting-Lu\n|-damage|p2a: Ting-Lu|41\/100 brn\n|move|p2a: Ting-Lu|Whirlwind|p1a: Tyranitar\n|drag|p1a: Gastrodon|Gastrodon, M|78\/100\n|-damage|p1a: Gastrodon|72\/100|[from] Stealth Rock\n|-damage|p1a: Gastrodon|47\/100|[from] Spikes\n|\n|-weather|none\n|-heal|p2a: Ting-Lu|86\/100 brn|[from] move: Wish|[wisher] Vaporeon\n|-heal|p1a: Gastrodon|53\/100|[from] item: Leftovers\n|-damage|p2a: Ting-Lu|80\/100 brn|[from] brn\n|upkeep\n|turn|14\n|\n|t:|1698465904\n|move|p1a: Gastrodon|Ice Beam|p2a: Ting-Lu\n|-supereffective|p2a: Ting-Lu\n|-damage|p2a: Ting-Lu|65\/100 brn\n|move|p2a: Ting-Lu|Whirlwind|p1a: Gastrodon\n|drag|p1a: Garchomp|Garchomp, F|94\/100\n|-damage|p1a: Garchomp|88\/100|[from] Stealth Rock\n|-damage|p1a: Garchomp|63\/100|[from] Spikes\n|\n|-damage|p2a: Ting-Lu|59\/100 brn|[from] brn\n|upkeep\n|turn|15\n|\n|t:|1698465916\n|move|p1a: Garchomp|Outrage|p2a: Ting-Lu\n|-damage|p2a: Ting-Lu|23\/100 brn\n|move|p2a: Ting-Lu|Whirlwind|p1a: Garchomp\n|drag|p1a: Hippowdon|Hippowdon, F|100\/100\n|-damage|p1a: Hippowdon|94\/100|[from] Stealth Rock\n|-damage|p1a: Hippowdon|69\/100|[from] Spikes\n|-weather|Sandstorm|[from] ability: Sand Stream|[of] p1a: Hippowdon\n|\n|-weather|Sandstorm|[upkeep]\n|-damage|p2a: Ting-Lu|17\/100 brn|[from] brn\n|upkeep\n|turn|16\n|\n|t:|1698465927\n|move|p1a: Hippowdon|Earthquake|p2a: Ting-Lu\n|-damage|p2a: Ting-Lu|0 fnt\n|faint|p2a: Ting-Lu\n|\n|-weather|Sandstorm|[upkeep]\n|upkeep\n|\n|t:|1698465956\n|switch|p2a: Frosmoth|Frosmoth, M|100\/100\n|turn|17\n|\n|t:|1698465962\n|move|p2a: Frosmoth|Quiver Dance|p2a: Frosmoth\n|-boost|p2a: Frosmoth|spa|1\n|-boost|p2a: Frosmoth|spd|1\n|-boost|p2a: Frosmoth|spe|1\n|move|p1a: Hippowdon|Yawn|p2a: Frosmoth\n|-start|p2a: Frosmoth|move: Yawn|[of] p1a: Hippowdon\n|\n|-weather|Sandstorm|[upkeep]\n|-damage|p2a: Frosmoth|94\/100|[from] Sandstorm\n|upkeep\n|turn|18\n|\n|t:|1698466001\n|switch|p2a: Scizor|Scizor, F|100\/100\n|-damage|p2a: Scizor|88\/100|[from] Stealth Rock\n|move|p1a: Hippowdon|Earthquake|p2a: Scizor\n|-crit|p2a: Scizor\n|-damage|p2a: Scizor|34\/100\n|\n|-weather|Sandstorm|[upkeep]\n|-heal|p2a: Scizor|40\/100|[from] item: Leftovers\n|upkeep\n|turn|19\n|\n|t:|1698466041\n|move|p2a: Scizor|Bullet Punch|p1a: Hippowdon\n|-damage|p1a: Hippowdon|47\/100\n|move|p1a: Hippowdon|Yawn|p2a: Scizor\n|-start|p2a: Scizor|move: Yawn|[of] p1a: Hippowdon\n|\n|-weather|Sandstorm|[upkeep]\n|-heal|p2a: Scizor|46\/100|[from] item: Leftovers\n|upkeep\n|turn|20\n|\n|t:|1698466050\n|move|p2a: Scizor|U-turn|p1a: Hippowdon\n|-damage|p1a: Hippowdon|24\/100\n|\n|t:|1698466056\n|switch|p2a: Frosmoth|Frosmoth, M|94\/100|[from] U-turn\n|move|p1a: Hippowdon|Slack Off|p1a: Hippowdon\n|-heal|p1a: Hippowdon|74\/100\n|\n|-weather|Sandstorm|[upkeep]\n|-damage|p2a: Frosmoth|88\/100|[from] Sandstorm\n|upkeep\n|turn|21\n|\n|t:|1698466063\n|move|p2a: Frosmoth|Ice Beam|p1a: Hippowdon\n|-supereffective|p1a: Hippowdon\n|-damage|p1a: Hippowdon|2\/100\n|move|p1a: Hippowdon|Yawn|p2a: Frosmoth\n|-start|p2a: Frosmoth|move: Yawn|[of] p1a: Hippowdon\n|\n|-weather|Sandstorm|[upkeep]\n|-damage|p2a: Frosmoth|82\/100|[from] Sandstorm\n|upkeep\n|turn|22\n|\n|t:|1698466074\n|switch|p2a: Scizor|Scizor, F|46\/100\n|-damage|p2a: Scizor|34\/100|[from] Stealth Rock\n|move|p1a: Hippowdon|Earthquake|p2a: Scizor\n|-damage|p2a: Scizor|0 fnt\n|faint|p2a: Scizor\n|\n|-weather|none\n|upkeep\n|\n|t:|1698466085\n|switch|p2a: Frosmoth|Frosmoth, M|82\/100\n|turn|23\n|\n|t:|1698466093\n|move|p2a: Frosmoth|Ice Beam|p1a: Hippowdon\n|-supereffective|p1a: Hippowdon\n|-damage|p1a: Hippowdon|0 fnt\n|faint|p1a: Hippowdon\n|\n|upkeep\n|\n|t:|1698466097\n|switch|p1a: Tyranitar|Tyranitar, F|72\/100\n|-damage|p1a: Tyranitar|59\/100|[from] Stealth Rock\n|-damage|p1a: Tyranitar|34\/100|[from] Spikes\n|-weather|Sandstorm|[from] ability: Sand Stream|[of] p1a: Tyranitar\n|turn|24\n|j| frogcroaks\n|l| frogcroaks\n|\n|t:|1698466182\n|switch|p2a: Iron Valiant|Iron Valiant|100\/100\n|-damage|p2a: Iron Valiant|94\/100|[from] Stealth Rock\n|-enditem|p2a: Iron Valiant|Booster Energy\n|-activate|p2a: Iron Valiant|ability: Quark Drive|[fromitem]\n|-start|p2a: Iron Valiant|quarkdriveatk\n|move|p1a: Tyranitar|Knock Off|p2a: Iron Valiant\n|-resisted|p2a: Iron Valiant\n|-damage|p2a: Iron Valiant|75\/100\n|\n|-weather|Sandstorm|[upkeep]\n|-damage|p2a: Iron Valiant|68\/100|[from] Sandstorm\n|upkeep\n|turn|25\n|\n|t:|1698466207\n|move|p2a: Iron Valiant|Swords Dance|p2a: Iron Valiant\n|-boost|p2a: Iron Valiant|atk|2\n|move|p1a: Tyranitar|Knock Off|p2a: Iron Valiant\n|-resisted|p2a: Iron Valiant\n|-damage|p2a: Iron Valiant|49\/100\n|\n|-weather|Sandstorm|[upkeep]\n|-damage|p2a: Iron Valiant|43\/100|[from] Sandstorm\n|upkeep\n|turn|26\n|\n|t:|1698466217\n|move|p2a: Iron Valiant|Swords Dance|p2a: Iron Valiant\n|-boost|p2a: Iron Valiant|atk|2\n|move|p1a: Tyranitar|Knock Off|p2a: Iron Valiant\n|-resisted|p2a: Iron Valiant\n|-damage|p2a: Iron Valiant|26\/100\n|\n|-weather|Sandstorm|[upkeep]\n|-damage|p2a: Iron Valiant|20\/100|[from] Sandstorm\n|upkeep\n|turn|27\n|\n|t:|1698466226\n|move|p2a: Iron Valiant|Spirit Break|p1a: Tyranitar\n|-supereffective|p1a: Tyranitar\n|-crit|p1a: Tyranitar\n|-damage|p1a: Tyranitar|0 fnt\n|faint|p1a: Tyranitar\n|\n|-weather|Sandstorm|[upkeep]\n|-damage|p2a: Iron Valiant|14\/100|[from] Sandstorm\n|upkeep\n|\n|t:|1698466235\n|switch|p1a: Houndstone|Houndstone, M|76\/100\n|-damage|p1a: Houndstone|64\/100|[from] Stealth Rock\n|-damage|p1a: Houndstone|39\/100|[from] Spikes\n|turn|28\n|\n|t:|1698466246\n|move|p1a: Houndstone|Play Rough|p2a: Iron Valiant\n|-supereffective|p2a: Iron Valiant\n|-damage|p2a: Iron Valiant|0 fnt\n|faint|p2a: Iron Valiant\n|-end|p2a: Iron Valiant|Quark Drive|[silent]\n|\n|-weather|none\n|upkeep\n|\n|t:|1698466255\n|switch|p2a: Iron Moth|Iron Moth|100\/100\n|-damage|p2a: Iron Moth|76\/100|[from] Stealth Rock\n|turn|29\n|\n|t:|1698466269\n|switch|p1a: Corviknight|Corviknight, F|100\/100\n|-ability|p1a: Corviknight|Pressure\n|move|p2a: Iron Moth|Flamethrower|p1a: Corviknight\n|-supereffective|p1a: Corviknight\n|-damage|p1a: Corviknight|0 fnt\n|faint|p1a: Corviknight\n|\n|upkeep\n|\n|t:|1698466281\n|switch|p1a: Gastrodon|Gastrodon, M|53\/100\n|-damage|p1a: Gastrodon|47\/100|[from] Stealth Rock\n|-damage|p1a: Gastrodon|22\/100|[from] Spikes\n|turn|30\n|\n|t:|1698466293\n|move|p2a: Iron Moth|Flamethrower|p1a: Gastrodon\n|-resisted|p1a: Gastrodon\n|-damage|p1a: Gastrodon|0 fnt\n|faint|p1a: Gastrodon\n|\n|upkeep\n|\n|t:|1698466298\n|switch|p1a: Garchomp|Garchomp, F|63\/100\n|-damage|p1a: Garchomp|57\/100|[from] Stealth Rock\n|-damage|p1a: Garchomp|32\/100|[from] Spikes\n|turn|31\n|\n|t:|1698466305\n|move|p2a: Iron Moth|Flamethrower|p1a: Garchomp\n|-resisted|p1a: Garchomp\n|-damage|p1a: Garchomp|0 fnt\n|faint|p1a: Garchomp\n|\n|upkeep\n|\n|t:|1698466309\n|switch|p1a: Houndstone|Houndstone, M|39\/100\n|-damage|p1a: Houndstone|26\/100|[from] Stealth Rock\n|-damage|p1a: Houndstone|2\/100|[from] Spikes\n|turn|32\n|\n|t:|1698466318\n|move|p2a: Iron Moth|Flamethrower|p1a: Houndstone\n|-damage|p1a: Houndstone|0 fnt\n|faint|p1a: Houndstone\n|\n|win|abrahamrage\n|c|\u2606abrahamrage|gg bro\n|c|\u2606TurtleSix|gg  :)\n|c|\u2606abrahamrage|close one\n","uploadtime":1698466340,"views":21,"p1id":"turtlesix","p2id":"abrahamrage","formatid":"gen9ubers","rating":0,"private":0,"password":""}