{"id":"gen9ubers-1992359580","p1":"iboxedyou","p2":"Demigodfletch","format":"[Gen 9] Ubers","log":"|j|\u2606iboxedyou\n|j|\u2606Demigodfletch\n|t:|1700178549\n|gametype|singles\n|player|p1|iboxedyou|2|\n|player|p2|Demigodfletch|266|\n|teamsize|p1|6\n|teamsize|p2|6\n|gen|9\n|tier|[Gen 9] Ubers\n|rule|Sleep Clause Mod: Limit one foe put to sleep\n|rule|Species Clause: Limit one of each Pok\u00e9mon\n|rule|OHKO Clause: OHKO moves are banned\n|rule|Evasion Items Clause: Evasion items are banned\n|rule|Evasion Moves Clause: Evasion moves are banned\n|rule|Endless Battle Clause: Forcing endless battles is banned\n|rule|HP Percentage Mod: HP is shown in percentages\n|clearpoke\n|poke|p1|Chi-Yu|\n|poke|p1|Empoleon, F|\n|poke|p1|Weezing, F|\n|poke|p1|Iron Thorns|\n|poke|p1|Kricketune, M|\n|poke|p1|Enamorus, F|\n|poke|p2|Walking Wake|\n|poke|p2|Torkoal, M|\n|poke|p2|Mamoswine, M|\n|poke|p2|Klefki, F|\n|poke|p2|Spiritomb, F|\n|poke|p2|Slither Wing|\n|teampreview\n|\n|t:|1700178555\n|start\n|switch|p1a: Chi-Yu|Chi-Yu|100\/100\n|switch|p2a: Mamoswine|Mamoswine, M|100\/100\n|-ability|p1a: Chi-Yu|Beads of Ruin\n|turn|1\n|\n|t:|1700178581\n|move|p1a: Chi-Yu|Flamethrower|p2a: Mamoswine\n|-supereffective|p2a: Mamoswine\n|-damage|p2a: Mamoswine|0 fnt\n|faint|p2a: Mamoswine\n|\n|upkeep\n|\n|t:|1700178586\n|switch|p2a: Torkoal|Torkoal, M|100\/100\n|-weather|SunnyDay|[from] ability: Drought|[of] p2a: Torkoal\n|turn|2\n|\n|t:|1700178594\n|switch|p1a: Empoleon|Empoleon, F|100\/100\n|move|p2a: Torkoal|Rock Slide|p1a: Empoleon\n|-resisted|p1a: Empoleon\n|-damage|p1a: Empoleon|91\/100\n|\n|-weather|SunnyDay|[upkeep]\n|-heal|p1a: Empoleon|98\/100|[from] item: Leftovers\n|upkeep\n|turn|3\n|\n|t:|1700178605\n|move|p1a: Empoleon|Yawn|p2a: Torkoal\n|-start|p2a: Torkoal|move: Yawn|[of] p1a: Empoleon\n|move|p2a: Torkoal|Stealth Rock|p1a: Empoleon\n|-sidestart|p1: iboxedyou|move: Stealth Rock\n|\n|-weather|SunnyDay|[upkeep]\n|-heal|p1a: Empoleon|100\/100|[from] item: Leftovers\n|upkeep\n|turn|4\n|\n|t:|1700178614\n|switch|p2a: Klefki|Klefki, F|100\/100\n|move|p1a: Empoleon|Stealth Rock|p2a: Klefki\n|-sidestart|p2: Demigodfletch|move: Stealth Rock\n|\n|-weather|SunnyDay|[upkeep]\n|upkeep\n|turn|5\n|\n|t:|1700178623\n|switch|p1a: Iron Thorns|Iron Thorns|100\/100\n|-damage|p1a: Iron Thorns|88\/100|[from] Stealth Rock\n|-enditem|p1a: Iron Thorns|Booster Energy\n|-activate|p1a: Iron Thorns|ability: Quark Drive|[fromitem]\n|-start|p1a: Iron Thorns|quarkdriveatk\n|move|p2a: Klefki|Thunder Wave|p1a: Iron Thorns\n|-immune|p1a: Iron Thorns\n|\n|-weather|SunnyDay|[upkeep]\n|upkeep\n|turn|6\n|\n|t:|1700178635\n|switch|p2a: Spiritomb|Spiritomb, F|100\/100\n|-damage|p2a: Spiritomb|88\/100|[from] Stealth Rock\n|move|p1a: Iron Thorns|Dragon Dance|p1a: Iron Thorns\n|-boost|p1a: Iron Thorns|atk|1\n|-boost|p1a: Iron Thorns|spe|1\n|\n|-weather|SunnyDay|[upkeep]\n|-heal|p2a: Spiritomb|94\/100|[from] item: Leftovers\n|upkeep\n|turn|7\n|\n|t:|1700178648\n|move|p1a: Iron Thorns|Dragon Dance|p1a: Iron Thorns\n|-boost|p1a: Iron Thorns|atk|1\n|-boost|p1a: Iron Thorns|spe|1\n|move|p2a: Spiritomb|Calm Mind|p2a: Spiritomb\n|-boost|p2a: Spiritomb|spa|1\n|-boost|p2a: Spiritomb|spd|1\n|\n|-weather|SunnyDay|[upkeep]\n|-heal|p2a: Spiritomb|99\/100|[from] item: Leftovers\n|upkeep\n|turn|8\n|\n|t:|1700178661\n|move|p1a: Iron Thorns|Wild Charge|p2a: Spiritomb\n|-damage|p2a: Spiritomb|0 fnt\n|faint|p2a: Spiritomb\n|-damage|p1a: Iron Thorns|66\/100|[from] Recoil\n|\n|-weather|SunnyDay|[upkeep]\n|upkeep\n|\n|t:|1700178669\n|switch|p2a: Klefki|Klefki, F|100\/100\n|-damage|p2a: Klefki|95\/100|[from] Stealth Rock\n|turn|9\n|\n|t:|1700178675\n|move|p1a: Iron Thorns|Earthquake|p2a: Klefki\n|-supereffective|p2a: Klefki\n|-damage|p2a: Klefki|0 fnt\n|faint|p2a: Klefki\n|\n|-weather|none\n|upkeep\n|\n|t:|1700178682\n|switch|p2a: Slither Wing|Slither Wing|100\/100\n|-damage|p2a: Slither Wing|88\/100|[from] Stealth Rock\n|turn|10\n|\n|t:|1700178699\n|move|p2a: Slither Wing|First Impression|p1a: Iron Thorns\n|-damage|p1a: Iron Thorns|12\/100\n|-damage|p2a: Slither Wing|78\/100|[from] item: Life Orb\n|move|p1a: Iron Thorns|Wild Charge|p2a: Slither Wing\n|-damage|p2a: Slither Wing|0 fnt\n|faint|p2a: Slither Wing\n|-end|p2a: Slither Wing|Protosynthesis|[silent]\n|-damage|p1a: Iron Thorns|0 fnt|[from] Recoil\n|faint|p1a: Iron Thorns\n|-end|p1a: Iron Thorns|Quark Drive|[silent]\n|\n|upkeep\n|\n|t:|1700178728\n|switch|p2a: Torkoal|Torkoal, M|100\/100\n|switch|p1a: Weezing|Weezing, F|100\/100\n|-damage|p2a: Torkoal|76\/100|[from] Stealth Rock\n|-weather|SunnyDay|[from] ability: Drought|[of] p2a: Torkoal\n|-damage|p1a: Weezing|88\/100|[from] Stealth Rock\n|turn|11\n|\n|t:|1700178739\n|move|p2a: Torkoal|Rock Slide|p1a: Weezing\n|-damage|p1a: Weezing|71\/100\n|cant|p1a: Weezing|flinch\n|\n|-weather|SunnyDay|[upkeep]\n|-heal|p1a: Weezing|77\/100|[from] item: Black Sludge\n|upkeep\n|turn|12\n|\n|t:|1700178747\n|move|p2a: Torkoal|Rock Slide|p1a: Weezing|[miss]\n|-miss|p2a: Torkoal|p1a: Weezing\n|move|p1a: Weezing|Toxic Spikes|p2a: Torkoal\n|-sidestart|p2: Demigodfletch|move: Toxic Spikes\n|\n|-weather|SunnyDay|[upkeep]\n|-heal|p1a: Weezing|83\/100|[from] item: Black Sludge\n|upkeep\n|turn|13\n|\n|t:|1700178756\n|move|p2a: Torkoal|Rock Slide|p1a: Weezing\n|-damage|p1a: Weezing|67\/100\n|move|p1a: Weezing|Toxic Spikes|p2a: Torkoal\n|-sidestart|p2: Demigodfletch|move: Toxic Spikes\n|\n|-weather|SunnyDay|[upkeep]\n|-heal|p1a: Weezing|73\/100|[from] item: Black Sludge\n|upkeep\n|turn|14\n|\n|t:|1700178769\n|move|p2a: Torkoal|Rapid Spin|p1a: Weezing\n|-damage|p1a: Weezing|62\/100\n|-boost|p2a: Torkoal|spe|1\n|-sideend|p2: Demigodfletch|Toxic Spikes|[from] move: Rapid Spin|[of] p2a: Torkoal\n|-sideend|p2: Demigodfletch|Stealth Rock|[from] move: Rapid Spin|[of] p2a: Torkoal\n|move|p1a: Weezing|Sludge Bomb|p2a: Torkoal\n|-damage|p2a: Torkoal|35\/100\n|-status|p2a: Torkoal|psn\n|\n|-weather|SunnyDay|[upkeep]\n|-heal|p1a: Weezing|68\/100|[from] item: Black Sludge\n|-damage|p2a: Torkoal|23\/100 psn|[from] psn\n|upkeep\n|turn|15\n|\n|t:|1700178787\n|switch|p2a: Walking Wake|Walking Wake|100\/100\n|-activate|p2a: Walking Wake|ability: Protosynthesis\n|-start|p2a: Walking Wake|protosynthesisspa\n|move|p1a: Weezing|Toxic Spikes|p2a: Walking Wake\n|-sidestart|p2: Demigodfletch|move: Toxic Spikes\n|\n|-weather|SunnyDay|[upkeep]\n|-heal|p1a: Weezing|74\/100|[from] item: Black Sludge\n|upkeep\n|turn|16\n|\n|t:|1700178821\n|switch|p1a: Kricketune|Kricketune, M|100\/100\n|-damage|p1a: Kricketune|75\/100|[from] Stealth Rock\n|move|p2a: Walking Wake|Hydro Steam|p1a: Kricketune\n|-damage|p1a: Kricketune|0 fnt\n|faint|p1a: Kricketune\n|-damage|p2a: Walking Wake|91\/100|[from] item: Life Orb\n|\n|-weather|SunnyDay|[upkeep]\n|upkeep\n|\n|t:|1700178832\n|switch|p1a: Empoleon|Empoleon, F|100\/100\n|-damage|p1a: Empoleon|94\/100|[from] Stealth Rock\n|turn|17\n|\n|t:|1700178840\n|move|p2a: Walking Wake|Hydro Steam|p1a: Empoleon\n|-resisted|p1a: Empoleon\n|-damage|p1a: Empoleon|58\/100\n|-damage|p2a: Walking Wake|81\/100|[from] item: Life Orb\n|move|p1a: Empoleon|Yawn|p2a: Walking Wake\n|-start|p2a: Walking Wake|move: Yawn|[of] p1a: Empoleon\n|\n|-weather|SunnyDay|[upkeep]\n|-heal|p1a: Empoleon|64\/100|[from] item: Leftovers\n|upkeep\n|turn|18\n|\n|t:|1700178861\n|move|p2a: Walking Wake|Flip Turn|p1a: Empoleon\n|-resisted|p1a: Empoleon\n|-damage|p1a: Empoleon|59\/100\n|-damage|p2a: Walking Wake|71\/100|[from] item: Life Orb\n|\n|t:|1700178866\n|-end|p2a: Walking Wake|Protosynthesis|[silent]\n|switch|p2a: Torkoal|Torkoal, M|23\/100 psn|[from] Flip Turn\n|move|p1a: Empoleon|Roost|p1a: Empoleon\n|-heal|p1a: Empoleon|100\/100\n|-singleturn|p1a: Empoleon|move: Roost\n|\n|-weather|none\n|-damage|p2a: Torkoal|10\/100 psn|[from] psn\n|upkeep\n|turn|19\n|\n|t:|1700178912\n|switch|p1a: Enamorus|Enamorus, F|100\/100\n|-damage|p1a: Enamorus|75\/100|[from] Stealth Rock\n|move|p2a: Torkoal|Rapid Spin|p1a: Enamorus\n|-damage|p1a: Enamorus|57\/100\n|-boost|p2a: Torkoal|spe|1\n|-sideend|p2: Demigodfletch|Toxic Spikes|[from] move: Rapid Spin|[of] p2a: Torkoal\n|\n|-heal|p1a: Enamorus|63\/100|[from] item: Leftovers\n|-damage|p2a: Torkoal|0 fnt|[from] psn\n|faint|p2a: Torkoal\n|upkeep\n|\n|t:|1700178923\n|switch|p2a: Walking Wake|Walking Wake|71\/100\n|turn|20\n|\n|t:|1700178929\n|move|p2a: Walking Wake|Hydro Steam|p1a: Enamorus\n|-damage|p1a: Enamorus|4\/100\n|-damage|p2a: Walking Wake|62\/100|[from] item: Life Orb\n|move|p1a: Enamorus|Moonblast|p2a: Walking Wake\n|-supereffective|p2a: Walking Wake\n|-damage|p2a: Walking Wake|0 fnt\n|faint|p2a: Walking Wake\n|-end|p2a: Walking Wake|Protosynthesis|[silent]\n|\n|win|iboxedyou\n","uploadtime":1700178940,"views":20,"p1id":"iboxedyou","p2id":"demigodfletch","formatid":"gen9ubers","rating":0,"private":0,"password":""}