{"id":"gen9ubers-1989377551","p1":"coomploud","p2":"MubuntuMaster","format":"[Gen 9] Ubers","log":"|j|\u2606coomploud\n|j|\u2606MubuntuMaster\n|t:|1699842650\n|gametype|singles\n|player|p1|coomploud|brycen|1127\n|player|p2|MubuntuMaster|cynthia-gen4|1224\n|teamsize|p1|6\n|teamsize|p2|6\n|gen|9\n|tier|[Gen 9] Ubers\n|rated|\n|rule|Sleep Clause Mod: Limit one foe put to sleep\n|rule|Species Clause: Limit one of each Pok\u00e9mon\n|rule|OHKO Clause: OHKO moves are banned\n|rule|Evasion Items Clause: Evasion items are banned\n|rule|Evasion Moves Clause: Evasion moves are banned\n|rule|Endless Battle Clause: Forcing endless battles is banned\n|rule|HP Percentage Mod: HP is shown in percentages\n|clearpoke\n|poke|p1|Ogerpon-Wellspring, F|\n|poke|p1|Sudowoodo, M|\n|poke|p1|Iron Valiant|\n|poke|p1|Volcarona, M|\n|poke|p1|Snorlax, F|\n|poke|p1|Cyclizar, F|\n|poke|p2|Arceus|\n|poke|p2|Kyogre|\n|poke|p2|Miraidon|\n|poke|p2|Koraidon|\n|poke|p2|Giratina|\n|poke|p2|Zacian-*|\n|teampreview\n|\n|t:|1699842669\n|start\n|switch|p1a: Cyclizar|Cyclizar, F|100\/100\n|switch|p2a: Spirit Bomb|Kyogre|100\/100\n|-weather|RainDance|[from] ability: Drizzle|[of] p2a: Spirit Bomb\n|turn|1\n|\n|t:|1699842675\n|move|p1a: Cyclizar|Shed Tail|p1a: Cyclizar\n|-start|p1a: Cyclizar|Substitute|[from] move: Shed Tail\n|-damage|p1a: Cyclizar|50\/100\n|\n|t:|1699842676\n|switch|p1a: Ogerpon|Ogerpon-Wellspring, F|100\/100|[from] Shed Tail\n|move|p2a: Spirit Bomb|Ice Beam|p1a: Ogerpon\n|-end|p1a: Ogerpon|Substitute\n|\n|-weather|RainDance|[upkeep]\n|upkeep\n|turn|2\n|\n|t:|1699842686\n|-terastallize|p1a: Ogerpon|Water\n|detailschange|p1a: Ogerpon|Ogerpon-Wellspring-Tera, F, tera:Water\n|-ability|p1a: Ogerpon|Embody Aspect (Wellspring)|boost\n|-boost|p1a: Ogerpon|spd|1\n|move|p2a: Spirit Bomb|Ice Beam|p1a: Ogerpon\n|-resisted|p1a: Ogerpon\n|-damage|p1a: Ogerpon|86\/100\n|move|p1a: Ogerpon|Horn Leech|p2a: Spirit Bomb\n|-supereffective|p2a: Spirit Bomb\n|-damage|p2a: Spirit Bomb|0 fnt\n|-heal|p1a: Ogerpon|100\/100|[from] drain|[of] p2a: Spirit Bomb\n|faint|p2a: Spirit Bomb\n|\n|-weather|RainDance|[upkeep]\n|upkeep\n|\n|t:|1699842695\n|switch|p2a: Brute Chieftan|Koraidon|100\/100\n|-weather|SunnyDay|[from] ability: Orichalcum Pulse|[of] p2a: Brute Chieftan\n|-activate|p2a: Brute Chieftan|Orichalcum Pulse|[source]\n|turn|3\n|\n|t:|1699842713\n|move|p2a: Brute Chieftan|Flame Charge|p1a: Ogerpon\n|-resisted|p1a: Ogerpon\n|-damage|p1a: Ogerpon|78\/100\n|-boost|p2a: Brute Chieftan|spe|1\n|move|p1a: Ogerpon|Play Rough|p2a: Brute Chieftan\n|-supereffective|p2a: Brute Chieftan\n|-damage|p2a: Brute Chieftan|0 fnt\n|faint|p2a: Brute Chieftan\n|\n|-weather|SunnyDay|[upkeep]\n|upkeep\n|\n|t:|1699842723\n|switch|p2a: Thai Massage|Miraidon|100\/100\n|-fieldstart|move: Electric Terrain|[from] ability: Hadron Engine|[of] p2a: Thai Massage\n|turn|4\n|\n|t:|1699842753\n|move|p2a: Thai Massage|Volt Switch|p1a: Ogerpon\n|-supereffective|p1a: Ogerpon\n|-damage|p1a: Ogerpon|0 fnt\n|faint|p1a: Ogerpon\n|\n|t:|1699842791\n|switch|p2a: Him|Zacian-Crowned|100\/100|[from] Volt Switch\n|-ability|p2a: Him|Intrepid Sword|boost\n|-boost|p2a: Him|atk|1\n|\n|-weather|SunnyDay|[upkeep]\n|upkeep\n|\n|t:|1699842798\n|switch|p1a: Sudowoodo|Sudowoodo, M|100\/100\n|turn|5\n|\n|t:|1699842802\n|move|p2a: Him|Swords Dance|p2a: Him\n|-boost|p2a: Him|atk|2\n|move|p1a: Sudowoodo|Earthquake|p2a: Him\n|-supereffective|p2a: Him\n|-damage|p2a: Him|46\/100\n|\n|-weather|SunnyDay|[upkeep]\n|upkeep\n|turn|6\n|\n|t:|1699842809\n|move|p2a: Him|Behemoth Blade|p1a: Sudowoodo\n|-supereffective|p1a: Sudowoodo\n|-ability|p1a: Sudowoodo|Sturdy\n|-damage|p1a: Sudowoodo|1\/100\n|-enditem|p1a: Sudowoodo|Weakness Policy\n|-boost|p1a: Sudowoodo|atk|2|[from] item: Weakness Policy\n|-boost|p1a: Sudowoodo|spa|2|[from] item: Weakness Policy\n|move|p1a: Sudowoodo|Earthquake|p2a: Him\n|-supereffective|p2a: Him\n|-damage|p2a: Him|0 fnt\n|faint|p2a: Him\n|\n|-weather|SunnyDay|[upkeep]\n|upkeep\n|\n|t:|1699842819\n|switch|p2a: Thai Massage|Miraidon|100\/100\n|-activate|p2a: Thai Massage|ability: Hadron Engine\n|turn|7\n|\n|t:|1699842824\n|move|p1a: Sudowoodo|Sucker Punch|p2a: Thai Massage\n|-damage|p2a: Thai Massage|57\/100\n|move|p2a: Thai Massage|Volt Switch|p1a: Sudowoodo\n|-damage|p1a: Sudowoodo|0 fnt\n|faint|p1a: Sudowoodo\n|\n|t:|1699842830\n|switch|p2a: Hent4i|Giratina|100\/100|[from] Volt Switch\n|-ability|p2a: Hent4i|Pressure\n|\n|-weather|none\n|upkeep\n|\n|t:|1699842853\n|switch|p1a: Iron Valiant|Iron Valiant|100\/100\n|-activate|p1a: Iron Valiant|ability: Quark Drive\n|-start|p1a: Iron Valiant|quarkdrivespe\n|turn|8\n|\n|t:|1699842870\n|move|p1a: Iron Valiant|Moonblast|p2a: Hent4i\n|-supereffective|p2a: Hent4i\n|-damage|p2a: Hent4i|64\/100\n|move|p2a: Hent4i|Thunder Wave|p1a: Iron Valiant\n|-status|p1a: Iron Valiant|par\n|\n|-heal|p2a: Hent4i|71\/100|[from] item: Leftovers\n|-fieldend|move: Electric Terrain\n|-end|p1a: Iron Valiant|Quark Drive\n|upkeep\n|-enditem|p1a: Iron Valiant|Booster Energy\n|-activate|p1a: Iron Valiant|ability: Quark Drive|[fromitem]\n|-start|p1a: Iron Valiant|quarkdrivespe\n|turn|9\n|\n|t:|1699842876\n|move|p1a: Iron Valiant|Moonblast|p2a: Hent4i\n|-supereffective|p2a: Hent4i\n|-damage|p2a: Hent4i|34\/100\n|-unboost|p2a: Hent4i|spa|1\n|move|p2a: Hent4i|Hex|p1a: Iron Valiant\n|-damage|p1a: Iron Valiant|57\/100 par\n|\n|-heal|p2a: Hent4i|41\/100|[from] item: Leftovers\n|upkeep\n|turn|10\n|\n|t:|1699842881\n|cant|p1a: Iron Valiant|par\n|move|p2a: Hent4i|Hex|p1a: Iron Valiant\n|-damage|p1a: Iron Valiant|6\/100 par\n|\n|-heal|p2a: Hent4i|47\/100|[from] item: Leftovers\n|upkeep\n|turn|11\n|\n|t:|1699842892\n|-end|p1a: Iron Valiant|Quark Drive|[silent]\n|switch|p1a: Cyclizar|Cyclizar, F|83\/100\n|move|p2a: Hent4i|Hex|p1a: Cyclizar\n|-immune|p1a: Cyclizar\n|\n|-heal|p2a: Hent4i|53\/100|[from] item: Leftovers\n|upkeep\n|turn|12\n|\n|t:|1699842904\n|switch|p2a: Kami|Arceus, shiny|100\/100\n|move|p1a: Cyclizar|Draco Meteor|p2a: Kami\n|-damage|p2a: Kami|65\/100\n|-unboost|p1a: Cyclizar|spa|2\n|\n|upkeep\n|turn|13\n|\n|t:|1699842915\n|switch|p1a: Iron Valiant|Iron Valiant|6\/100 par\n|move|p2a: Kami|Swords Dance|p2a: Kami\n|-boost|p2a: Kami|atk|2\n|\n|upkeep\n|turn|14\n|\n|t:|1699842919\n|move|p2a: Kami|Extreme Speed|p1a: Iron Valiant\n|-damage|p1a: Iron Valiant|0 fnt\n|faint|p1a: Iron Valiant\n|-end|p1a: Iron Valiant|Quark Drive|[silent]\n|\n|upkeep\n|\n|t:|1699842930\n|switch|p1a: Volcarona|Volcarona, M, shiny|100\/100\n|turn|15\n|\n|t:|1699842936\n|-terastallize|p2a: Kami|Normal\n|move|p2a: Kami|Extreme Speed|p1a: Volcarona\n|-damage|p1a: Volcarona|3\/100\n|-status|p2a: Kami|brn|[from] ability: Flame Body|[of] p1a: Volcarona\n|move|p1a: Volcarona|Fiery Dance|p2a: Kami\n|-damage|p2a: Kami|40\/100 brn\n|\n|-damage|p2a: Kami|34\/100 brn|[from] brn\n|upkeep\n|turn|16\n|\n|t:|1699842945\n|move|p2a: Kami|Extreme Speed|p1a: Volcarona\n|-damage|p1a: Volcarona|0 fnt\n|faint|p1a: Volcarona\n|\n|-damage|p2a: Kami|28\/100 brn|[from] brn\n|upkeep\n|\n|t:|1699842971\n|switch|p1a: Cyclizar|Cyclizar, F|100\/100\n|turn|17\n|\n|t:|1699842983\n|move|p2a: Kami|Extreme Speed|p1a: Cyclizar\n|-damage|p1a: Cyclizar|0 fnt\n|faint|p1a: Cyclizar\n|\n|-damage|p2a: Kami|22\/100 brn|[from] brn\n|upkeep\n|\n|t:|1699842987\n|switch|p1a: Snorlax|Snorlax, F, shiny|100\/100\n|turn|18\n|\n|t:|1699842993\n|move|p2a: Kami|Extreme Speed|p1a: Snorlax\n|-damage|p1a: Snorlax|64\/100\n|move|p1a: Snorlax|Earthquake|p2a: Kami\n|-damage|p2a: Kami|5\/100 brn\n|\n|-damage|p2a: Kami|0 fnt|[from] brn\n|faint|p2a: Kami\n|upkeep\n|\n|t:|1699843008\n|switch|p2a: Hent4i|Giratina|53\/100\n|-ability|p2a: Hent4i|Pressure\n|turn|19\n|c|\u2606MubuntuMaster|gg\n|\n|t:|1699843037\n|move|p2a: Hent4i|Will-O-Wisp|p1a: Snorlax\n|-status|p1a: Snorlax|brn\n|move|p1a: Snorlax|Earthquake|p2a: Hent4i\n|-damage|p2a: Hent4i|46\/100\n|\n|-heal|p2a: Hent4i|52\/100|[from] item: Leftovers\n|-damage|p1a: Snorlax|58\/100 brn|[from] brn\n|upkeep\n|turn|20\n|\n|t:|1699843049\n|move|p2a: Hent4i|Defog|p1a: Snorlax\n|-unboost|p1a: Snorlax|evasion|1\n|move|p1a: Snorlax|Belly Drum|p1a: Snorlax\n|-damage|p1a: Snorlax|8\/100 brn\n|-setboost|p1a: Snorlax|atk|6|[from] move: Belly Drum\n|\n|-heal|p2a: Hent4i|58\/100|[from] item: Leftovers\n|-damage|p1a: Snorlax|2\/100 brn|[from] brn\n|upkeep\n|turn|21\n|\n|t:|1699843056\n|move|p2a: Hent4i|Defog|p1a: Snorlax\n|-unboost|p1a: Snorlax|evasion|1\n|move|p1a: Snorlax|Rest|p1a: Snorlax\n|-status|p1a: Snorlax|slp|[from] move: Rest\n|-heal|p1a: Snorlax|100\/100 slp|[silent]\n|-enditem|p1a: Snorlax|Chesto Berry|[eat]\n|-curestatus|p1a: Snorlax|slp|[msg]\n|\n|-heal|p2a: Hent4i|64\/100|[from] item: Leftovers\n|upkeep\n|turn|22\n|\n|t:|1699843066\n|move|p2a: Hent4i|Defog|p1a: Snorlax\n|-unboost|p1a: Snorlax|evasion|1\n|move|p1a: Snorlax|Earthquake|p2a: Hent4i\n|-crit|p2a: Hent4i\n|-damage|p2a: Hent4i|0 fnt\n|faint|p2a: Hent4i\n|\n|upkeep\n|\n|t:|1699843070\n|switch|p2a: Thai Massage|Miraidon|57\/100\n|-fieldstart|move: Electric Terrain|[from] ability: Hadron Engine|[of] p2a: Thai Massage\n|turn|23\n|\n|t:|1699843077\n|move|p2a: Thai Massage|Draco Meteor|p1a: Snorlax\n|-damage|p1a: Snorlax|42\/100\n|-unboost|p2a: Thai Massage|spa|2\n|move|p1a: Snorlax|Earthquake|p2a: Thai Massage\n|-supereffective|p2a: Thai Massage\n|-damage|p2a: Thai Massage|0 fnt\n|faint|p2a: Thai Massage\n|\n|win|coomploud\n|raw|coomploud's rating: 1127 &rarr; <strong>1159<\/strong><br \/>(+32 for winning)\n|raw|MubuntuMaster's rating: 1224 &rarr; <strong>1192<\/strong><br \/>(-32 for losing)\n|c|\u2606coomploud|U SUCKKKKKKKKKKK\n|c|\u2606coomploud|U SUCCKKKKKKKKKKKK\n|l|\u2606MubuntuMaster\n","uploadtime":1699843082,"views":26,"p1id":"coomploud","p2id":"mubuntumaster","formatid":"gen9ubers","rating":1159,"private":0,"password":""}