{"id":"gen9ubers-1999248171","p1":"HailieVictoria","p2":"justinrockin","format":"[Gen 9] Ubers","log":"|j|\u2606HailieVictoria\n|j|\u2606justinrockin\n|t:|1701050466\n|gametype|singles\n|player|p1|HailieVictoria|169|\n|player|p2|justinrockin|101|\n|teamsize|p1|6\n|teamsize|p2|6\n|gen|9\n|tier|[Gen 9] Ubers\n|rule|Sleep Clause Mod: Limit one foe put to sleep\n|rule|Species Clause: Limit one of each Pok\u00e9mon\n|rule|OHKO Clause: OHKO moves are banned\n|rule|Evasion Items Clause: Evasion items are banned\n|rule|Evasion Moves Clause: Evasion moves are banned\n|rule|Endless Battle Clause: Forcing endless battles is banned\n|rule|HP Percentage Mod: HP is shown in percentages\n|clearpoke\n|poke|p1|Dachsbun, M|\n|poke|p1|Weezing, F|\n|poke|p1|Mamoswine, F|\n|poke|p1|Ogerpon-Wellspring, F|\n|poke|p1|Kleavor, M|\n|poke|p1|Conkeldurr, F|\n|poke|p2|Greninja-*, M|\n|poke|p2|Volcarona, M|\n|poke|p2|Lycanroc-Dusk, M|\n|poke|p2|Regieleki|\n|poke|p2|Landorus-Therian, M|\n|poke|p2|Gengar, F|\n|teampreview\n|\n|t:|1701050487\n|start\n|switch|p1a: Kleavor|Kleavor, M|100\/100\n|switch|p2a: Lycanroc|Lycanroc-Dusk, M|100\/100\n|turn|1\n|\n|t:|1701050508\n|move|p1a: Kleavor|Close Combat|p2a: Lycanroc\n|-supereffective|p2a: Lycanroc\n|-enditem|p2a: Lycanroc|Focus Sash\n|-damage|p2a: Lycanroc|1\/100\n|-unboost|p1a: Kleavor|def|1\n|-unboost|p1a: Kleavor|spd|1\n|move|p2a: Lycanroc|Stealth Rock|p1a: Kleavor\n|-sidestart|p1: HailieVictoria|move: Stealth Rock\n|\n|upkeep\n|turn|2\n|j| Ghantist\n|j| IshaNn\n|\n|t:|1701050586\n|switch|p1a: Conkeldurr|Conkeldurr, F|100\/100\n|move|p2a: Lycanroc|Endeavor|p1a: Conkeldurr\n|-damage|p1a: Conkeldurr|1\/100\n|\n|upkeep\n|turn|3\n|c|\u2606HailieVictoria|i dont like that one\n|\n|t:|1701050624\n|move|p2a: Lycanroc|Accelerock|p1a: Conkeldurr\n|-resisted|p1a: Conkeldurr\n|-crit|p1a: Conkeldurr\n|-damage|p1a: Conkeldurr|0 fnt\n|faint|p1a: Conkeldurr\n|\n|upkeep\n|\n|t:|1701050654\n|switch|p1a: Kleavor|Kleavor, M|100\/100\n|-damage|p1a: Kleavor|76\/100|[from] Stealth Rock\n|turn|4\n|\n|t:|1701050690\n|move|p1a: Kleavor|Stone Axe|p2a: Lycanroc\n|-damage|p2a: Lycanroc|0 fnt\n|-sidestart|p2: justinrockin|move: Stealth Rock\n|faint|p2a: Lycanroc\n|\n|upkeep\n|j| iceberg149\n|\n|t:|1701050750\n|switch|p2a: Landorus|Landorus-Therian, M|100\/100\n|-damage|p2a: Landorus|88\/100|[from] Stealth Rock\n|-ability|p2a: Landorus|Intimidate|boost\n|-unboost|p1a: Kleavor|atk|1\n|turn|5\n|\n|t:|1701050783\n|switch|p1a: Mamoswine|Mamoswine, F|100\/100\n|-damage|p1a: Mamoswine|88\/100|[from] Stealth Rock\n|move|p2a: Landorus|U-turn|p1a: Mamoswine\n|-damage|p1a: Mamoswine|60\/100\n|c|\u2606HailieVictoria|not cool\n|\n|t:|1701050805\n|switch|p2a: Gengar|Gengar, F|100\/100|[from] U-turn\n|-damage|p2a: Gengar|88\/100|[from] Stealth Rock\n|\n|upkeep\n|turn|6\n|c|\u2606justinrockin|i think its very cool\n|c|\u2606justinrockin|!dt uturn\n|raw|<ul class=\"utilichart\"><li class=\"result\"><span class=\"col movenamecol\"><a href=\"https:\/\/dex.pokemonshowdown.com\/moves\/uturn\">U-turn<\/a><\/span> <span class=\"col typecol\"><img src=\"\/\/play.pokemonshowdown.com\/sprites\/types\/Bug.png\" alt=\"Bug\" width=\"32\" height=\"14\"><img src=\"\/\/play.pokemonshowdown.com\/sprites\/categories\/Physical.png\" alt=\"Physical\" width=\"32\" height=\"14\"><\/span> <span class=\"col labelcol\"><em>Power<\/em><br>70<\/span> <span class=\"col widelabelcol\"><em>Accuracy<\/em><br>100%<\/span> <span class=\"col pplabelcol\"><em>PP<\/em><br>32<\/span> <span class=\"col movedesccol\">User switches out after damaging the target.<\/span> <\/li><li style=\"clear:both\"><\/li><\/ul>\n|raw|<font size=\"1\"><font color=\"#686868\">Priority:<\/font> 0&nbsp;|&ThickSpace;<font color=\"#686868\">Gen:<\/font> 4&nbsp;|&ThickSpace;&#10003; Contact&nbsp;|&ThickSpace;<font color=\"#686868\">Z-Power:<\/font> 140&nbsp;|&ThickSpace;<font color=\"#686868\">Dynamax Power:<\/font> 120&nbsp;|&ThickSpace;<font color=\"#686868\">Target:<\/font> One Adjacent Pok\u00e9mon<\/font>\n\n|j| The ShaqtusLOL\n|c| IshaNn|that's pretty cool\n|c|\u2606justinrockin|right\n|c| The ShaqtusLOL|my ground flying is cooler just saying....\n|\n|t:|1701050937\n|switch|p1a: Ogerpon|Ogerpon-Wellspring, F|100\/100\n|-damage|p1a: Ogerpon|88\/100|[from] Stealth Rock\n|move|p2a: Gengar|Shadow Ball|p1a: Ogerpon\n|-damage|p1a: Ogerpon|24\/100\n|-unboost|p1a: Ogerpon|spd|1\n|\n|upkeep\n|turn|7\n|c| The ShaqtusLOL|EVIL\n|\n|t:|1701050955\n|move|p2a: Gengar|Shadow Ball|p1a: Ogerpon\n|-damage|p1a: Ogerpon|0 fnt\n|faint|p1a: Ogerpon\n|\n|upkeep\n|\n|t:|1701050965\n|switch|p1a: Kleavor|Kleavor, M|76\/100\n|-damage|p1a: Kleavor|51\/100|[from] Stealth Rock\n|turn|8\n|\n|t:|1701050974\n|move|p1a: Kleavor|Stone Axe|p2a: Gengar\n|-crit|p2a: Gengar\n|-damage|p2a: Gengar|0 fnt\n|faint|p2a: Gengar\n|\n|upkeep\n|\n|t:|1701050977\n|switch|p2a: Greninja|Greninja, M|100\/100\n|-damage|p2a: Greninja|88\/100|[from] Stealth Rock\n|turn|9\n|\n|t:|1701051029\n|switch|p1a: Dachsbun|Dachsbun, M|100\/100\n|-damage|p1a: Dachsbun|88\/100|[from] Stealth Rock\n|move|p2a: Greninja|Surf|p1a: Dachsbun\n|-damage|p1a: Dachsbun|44\/100\n|-damage|p2a: Greninja|78\/100|[from] item: Life Orb\n|\n|-heal|p1a: Dachsbun|50\/100|[from] item: Leftovers\n|upkeep\n|turn|10\n|\n|t:|1701051046\n|move|p2a: Greninja|Hydro Pump|p1a: Dachsbun|[miss]\n|-miss|p2a: Greninja|p1a: Dachsbun\n|move|p1a: Dachsbun|Wish|p1a: Dachsbun\n|\n|-heal|p1a: Dachsbun|56\/100|[from] item: Leftovers\n|upkeep\n|turn|11\n|\n|t:|1701051065\n|switch|p2a: Volcarona|Volcarona, M|100\/100\n|switch|p1a: Kleavor|Kleavor, M|51\/100\n|-damage|p1a: Kleavor|26\/100|[from] Stealth Rock\n|\n|-heal|p1a: Kleavor|82\/100|[from] move: Wish|[wisher] Dachsbun\n|upkeep\n|turn|12\n|c|\u2606justinrockin|i didnt realize you had game like that\n|c|\u2606justinrockin|my fault\n|\n|t:|1701051084\n|switch|p2a: Landorus|Landorus-Therian, M|88\/100\n|-damage|p2a: Landorus|76\/100|[from] Stealth Rock\n|-ability|p2a: Landorus|Intimidate|boost\n|-unboost|p1a: Kleavor|atk|1\n|move|p1a: Kleavor|Stone Axe|p2a: Landorus\n|-damage|p2a: Landorus|33\/100\n|\n|upkeep\n|turn|13\n|\n|t:|1701051106\n|switch|p2a: Volcarona|Volcarona, M|100\/100\n|switch|p1a: Mamoswine|Mamoswine, F|60\/100\n|-damage|p1a: Mamoswine|47\/100|[from] Stealth Rock\n|\n|upkeep\n|turn|14\n|\n|t:|1701051151\n|switch|p2a: Landorus|Landorus-Therian, M|33\/100\n|-damage|p2a: Landorus|21\/100|[from] Stealth Rock\n|-ability|p2a: Landorus|Intimidate|boost\n|-unboost|p1a: Mamoswine|atk|1\n|switch|p1a: Dachsbun|Dachsbun, M|56\/100\n|-damage|p1a: Dachsbun|44\/100|[from] Stealth Rock\n|\n|-heal|p1a: Dachsbun|50\/100|[from] item: Leftovers\n|upkeep\n|turn|15\n|\n|t:|1701051164\n|move|p2a: Landorus|Earthquake|p1a: Dachsbun\n|-damage|p1a: Dachsbun|0 fnt\n|faint|p1a: Dachsbun\n|\n|upkeep\n|\n|t:|1701051179\n|switch|p1a: Kleavor|Kleavor, M|82\/100\n|-damage|p1a: Kleavor|57\/100|[from] Stealth Rock\n|turn|16\n|\n|t:|1701051184\n|move|p2a: Landorus|Earthquake|p1a: Kleavor\n|-damage|p1a: Kleavor|0 fnt\n|faint|p1a: Kleavor\n|\n|upkeep\n|\n|t:|1701051208\n|switch|p1a: Mamoswine|Mamoswine, F|47\/100\n|-damage|p1a: Mamoswine|35\/100|[from] Stealth Rock\n|turn|17\n|\n|t:|1701051214\n|move|p1a: Mamoswine|Ice Shard|p2a: Landorus\n|-supereffective|p2a: Landorus\n|-damage|p2a: Landorus|0 fnt\n|faint|p2a: Landorus\n|\n|upkeep\n|\n|t:|1701051216\n|switch|p2a: Greninja|Greninja, M|78\/100\n|-damage|p2a: Greninja|66\/100|[from] Stealth Rock\n|turn|18\n|\n|t:|1701051227\n|move|p2a: Greninja|Surf|p1a: Mamoswine\n|-supereffective|p1a: Mamoswine\n|-damage|p1a: Mamoswine|0 fnt\n|faint|p1a: Mamoswine\n|-ability|p2a: Greninja|Battle Bond|boost\n|-boost|p2a: Greninja|atk|1\n|-boost|p2a: Greninja|spa|1\n|-boost|p2a: Greninja|spe|1\n|-activate|p2a: Greninja|ability: Battle Bond\n|-damage|p2a: Greninja|56\/100|[from] item: Life Orb\n|\n|upkeep\n|\n|t:|1701051235\n|switch|p1a: Weezing|Weezing, F|100\/100\n|-damage|p1a: Weezing|88\/100|[from] Stealth Rock\n|turn|19\n|\n|t:|1701051240\n|move|p2a: Greninja|Hydro Pump|p1a: Weezing\n|-damage|p1a: Weezing|0 fnt\n|faint|p1a: Weezing\n|-damage|p2a: Greninja|46\/100|[from] item: Life Orb\n|\n|win|justinrockin\n|c|\u2606justinrockin|ggs\n|c|\u2606HailieVictoria|gg\n|l| The ShaqtusLOL\n","uploadtime":1701051272,"views":10,"p1id":"hailievictoria","p2id":"justinrockin","formatid":"gen9ubers","rating":0,"private":0,"password":""}