{"id":"gen9ubers-1970217781","p1":"trialteam98","p2":"Jimmy9876543567878","format":"[Gen 9] Ubers","log":"|j|\u2606trialteam98\n|j|\u2606Jimmy9876543567878\n|t:|1697612202\n|gametype|singles\n|player|p1|trialteam98|lady-gen4|1126\n|player|p2|Jimmy9876543567878|2|1065\n|teamsize|p1|6\n|teamsize|p2|6\n|gen|9\n|tier|[Gen 9] Ubers\n|rated|\n|rule|Sleep Clause Mod: Limit one foe put to sleep\n|rule|Species Clause: Limit one of each Pok\u00e9mon\n|rule|OHKO Clause: OHKO moves are banned\n|rule|Evasion Items Clause: Evasion items are banned\n|rule|Evasion Moves Clause: Evasion moves are banned\n|rule|Endless Battle Clause: Forcing endless battles is banned\n|rule|HP Percentage Mod: HP is shown in percentages\n|clearpoke\n|poke|p1|Skeledirge, F|\n|poke|p1|Hippowdon, F|\n|poke|p1|Hatterene, F|\n|poke|p1|Blissey, F|\n|poke|p1|Chansey, F|\n|poke|p1|Clefable, M|\n|poke|p2|Landorus-Therian, M|\n|poke|p2|Goodra-Hisui, F|\n|poke|p2|Ursaluna-Bloodmoon, M|\n|poke|p2|Zacian-*|\n|poke|p2|Blissey, F|\n|poke|p2|Walking Wake|\n|teampreview\n|\n|t:|1697612207\n|start\n|switch|p1a: Hippowdon|Hippowdon, F|100\/100\n|switch|p2a: Landorus|Landorus-Therian, M|100\/100\n|-ability|p2a: Landorus|Intimidate|boost\n|-unboost|p1a: Hippowdon|atk|1\n|-weather|Sandstorm|[from] ability: Sand Stream|[of] p1a: Hippowdon\n|turn|1\n|\n|t:|1697612218\n|move|p2a: Landorus|U-turn|p1a: Hippowdon\n|-damage|p1a: Hippowdon|83\/100\n|-damage|p2a: Landorus|90\/100|[from] item: Life Orb\n|\n|t:|1697612223\n|switch|p2a: Walking Wake|Walking Wake|100\/100|[from] U-turn\n|move|p1a: Hippowdon|Stealth Rock|p2a: Walking Wake\n|-sidestart|p2: Jimmy9876543567878|move: Stealth Rock\n|\n|-weather|Sandstorm|[upkeep]\n|-damage|p2a: Walking Wake|94\/100|[from] Sandstorm\n|-heal|p1a: Hippowdon|89\/100|[from] item: Leftovers\n|upkeep\n|turn|2\n|\n|t:|1697612238\n|switch|p1a: Blissey|Blissey, F|100\/100\n|move|p2a: Walking Wake|Sunny Day|p2a: Walking Wake\n|-weather|SunnyDay\n|-activate|p2a: Walking Wake|ability: Protosynthesis\n|-start|p2a: Walking Wake|protosynthesisspa\n|\n|-weather|SunnyDay|[upkeep]\n|upkeep\n|turn|3\n|\n|t:|1697612246\n|move|p2a: Walking Wake|Hydro Steam|p1a: Blissey\n|-damage|p1a: Blissey|73\/100\n|move|p1a: Blissey|Thunder Wave|p2a: Walking Wake\n|-status|p2a: Walking Wake|par\n|\n|-weather|SunnyDay|[upkeep]\n|-heal|p1a: Blissey|80\/100|[from] item: Leftovers\n|upkeep\n|turn|4\n|\n|t:|1697612259\n|-end|p2a: Walking Wake|Protosynthesis|[silent]\n|switch|p2a: Blissey|Blissey, F|100\/100\n|-damage|p2a: Blissey|88\/100|[from] Stealth Rock\n|move|p1a: Blissey|Shadow Ball|p2a: Blissey\n|-immune|p2a: Blissey\n|\n|-weather|SunnyDay|[upkeep]\n|-heal|p2a: Blissey|94\/100|[from] item: Leftovers\n|-heal|p1a: Blissey|86\/100|[from] item: Leftovers\n|upkeep\n|turn|5\n|\n|t:|1697612271\n|move|p2a: Blissey|Heal Bell|p2a: Blissey\n|-activate|p2a: Blissey|move: Heal Bell\n|-curestatus|p2: Walking Wake|par|[msg]\n|move|p1a: Blissey|Body Slam|p2a: Blissey\n|-damage|p2a: Blissey|88\/100\n|-status|p2a: Blissey|par\n|\n|-weather|SunnyDay|[upkeep]\n|-heal|p1a: Blissey|92\/100|[from] item: Leftovers\n|-heal|p2a: Blissey|94\/100 par|[from] item: Leftovers\n|upkeep\n|turn|6\n|\n|t:|1697612287\n|switch|p1a: Hippowdon|Hippowdon, F|89\/100\n|-weather|Sandstorm|[from] ability: Sand Stream|[of] p1a: Hippowdon\n|-curestatus|p2a: Blissey|par|[from] ability: Natural Cure\n|switch|p2a: Zacian|Zacian-Crowned|100\/100\n|-damage|p2a: Zacian|94\/100|[from] Stealth Rock\n|-ability|p2a: Zacian|Intrepid Sword|boost\n|-boost|p2a: Zacian|atk|1\n|\n|-weather|Sandstorm|[upkeep]\n|-heal|p1a: Hippowdon|95\/100|[from] item: Leftovers\n|upkeep\n|turn|7\n|\n|t:|1697612301\n|switch|p2a: Landorus|Landorus-Therian, M|90\/100\n|-damage|p2a: Landorus|78\/100|[from] Stealth Rock\n|-ability|p2a: Landorus|Intimidate|boost\n|-unboost|p1a: Hippowdon|atk|1\n|move|p1a: Hippowdon|Roar|p2a: Landorus\n|drag|p2a: Zacian|Zacian-Crowned|94\/100\n|-damage|p2a: Zacian|88\/100|[from] Stealth Rock\n|\n|-weather|Sandstorm|[upkeep]\n|-heal|p1a: Hippowdon|100\/100|[from] item: Leftovers\n|upkeep\n|turn|8\n|\n|t:|1697612315\n|switch|p2a: Blissey|Blissey, F|94\/100\n|-damage|p2a: Blissey|82\/100|[from] Stealth Rock\n|move|p1a: Hippowdon|Roar|p2a: Blissey\n|drag|p2a: Goodra|Goodra-Hisui, F|100\/100\n|-damage|p2a: Goodra|94\/100|[from] Stealth Rock\n|\n|-weather|Sandstorm|[upkeep]\n|-heal|p2a: Goodra|100\/100|[from] item: Leftovers\n|upkeep\n|turn|9\n|\n|t:|1697612327\n|move|p2a: Goodra|Ice Beam|p1a: Hippowdon\n|-supereffective|p1a: Hippowdon\n|-damage|p1a: Hippowdon|45\/100\n|move|p1a: Hippowdon|Roar|p2a: Goodra\n|drag|p2a: Landorus|Landorus-Therian, M|78\/100\n|-damage|p2a: Landorus|65\/100|[from] Stealth Rock\n|-ability|p2a: Landorus|Intimidate|boost\n|-unboost|p1a: Hippowdon|atk|1\n|\n|-weather|Sandstorm|[upkeep]\n|-heal|p1a: Hippowdon|51\/100|[from] item: Leftovers\n|upkeep\n|turn|10\n|\n|t:|1697612339\n|move|p2a: Landorus|Earthquake|p1a: Hippowdon\n|-damage|p1a: Hippowdon|12\/100\n|-damage|p2a: Landorus|56\/100|[from] item: Life Orb\n|move|p1a: Hippowdon|Slack Off|p1a: Hippowdon\n|-heal|p1a: Hippowdon|62\/100\n|\n|-weather|none\n|-heal|p1a: Hippowdon|69\/100|[from] item: Leftovers\n|upkeep\n|turn|11\n|\n|t:|1697612349\n|move|p2a: Landorus|Earthquake|p1a: Hippowdon\n|-crit|p1a: Hippowdon\n|-damage|p1a: Hippowdon|12\/100\n|-damage|p2a: Landorus|45\/100|[from] item: Life Orb\n|move|p1a: Hippowdon|Slack Off|p1a: Hippowdon\n|-heal|p1a: Hippowdon|62\/100\n|\n|-heal|p1a: Hippowdon|68\/100|[from] item: Leftovers\n|upkeep\n|turn|12\n|\n|t:|1697612366\n|switch|p2a: Walking Wake|Walking Wake|94\/100\n|-damage|p2a: Walking Wake|82\/100|[from] Stealth Rock\n|move|p1a: Hippowdon|Slack Off|p1a: Hippowdon\n|-heal|p1a: Hippowdon|100\/100\n|\n|upkeep\n|turn|13\n|\n|t:|1697612374\n|switch|p1a: Blissey|Blissey, F|92\/100\n|move|p2a: Walking Wake|Hydro Steam|p1a: Blissey\n|-damage|p1a: Blissey|78\/100\n|\n|-heal|p1a: Blissey|84\/100|[from] item: Leftovers\n|upkeep\n|turn|14\n|\n|t:|1697612385\n|-end|p2a: Walking Wake|Protosynthesis|[silent]\n|switch|p2a: Zacian|Zacian-Crowned|88\/100\n|-damage|p2a: Zacian|82\/100|[from] Stealth Rock\n|move|p1a: Blissey|Body Slam|p2a: Zacian\n|-resisted|p2a: Zacian\n|-damage|p2a: Zacian|79\/100\n|-status|p2a: Zacian|par\n|\n|-heal|p1a: Blissey|90\/100|[from] item: Leftovers\n|upkeep\n|turn|15\n|\n|t:|1697612396\n|switch|p1a: Hippowdon|Hippowdon, F|100\/100\n|-weather|Sandstorm|[from] ability: Sand Stream|[of] p1a: Hippowdon\n|move|p2a: Zacian|Crunch|p1a: Hippowdon\n|-damage|p1a: Hippowdon|83\/100\n|\n|-weather|Sandstorm|[upkeep]\n|-heal|p1a: Hippowdon|89\/100|[from] item: Leftovers\n|upkeep\n|turn|16\n|\n|t:|1697612409\n|switch|p2a: Ursaluna|Ursaluna-Bloodmoon, M|100\/100\n|-damage|p2a: Ursaluna|94\/100|[from] Stealth Rock\n|move|p1a: Hippowdon|Roar|p2a: Ursaluna\n|drag|p2a: Zacian|Zacian-Crowned|79\/100 par\n|-damage|p2a: Zacian|73\/100 par|[from] Stealth Rock\n|\n|-weather|Sandstorm|[upkeep]\n|-heal|p1a: Hippowdon|95\/100|[from] item: Leftovers\n|upkeep\n|turn|17\n|\n|t:|1697612426\n|switch|p2a: Blissey|Blissey, F|82\/100\n|-damage|p2a: Blissey|69\/100|[from] Stealth Rock\n|move|p1a: Hippowdon|Roar|p2a: Blissey\n|drag|p2a: Goodra|Goodra-Hisui, F|100\/100\n|-damage|p2a: Goodra|94\/100|[from] Stealth Rock\n|\n|-weather|Sandstorm|[upkeep]\n|-heal|p2a: Goodra|100\/100|[from] item: Leftovers\n|-heal|p1a: Hippowdon|100\/100|[from] item: Leftovers\n|upkeep\n|turn|18\n|\n|t:|1697612438\n|switch|p1a: Blissey|Blissey, F|90\/100\n|move|p2a: Goodra|Ice Beam|p1a: Blissey\n|-damage|p1a: Blissey|80\/100\n|\n|-weather|Sandstorm|[upkeep]\n|-damage|p1a: Blissey|74\/100|[from] Sandstorm\n|-heal|p1a: Blissey|80\/100|[from] item: Leftovers\n|upkeep\n|turn|19\n|\n|t:|1697612450\n|switch|p2a: Ursaluna|Ursaluna-Bloodmoon, M|94\/100\n|-damage|p2a: Ursaluna|88\/100|[from] Stealth Rock\n|move|p1a: Blissey|Body Slam|p2a: Ursaluna\n|-damage|p2a: Ursaluna|83\/100\n|-status|p2a: Ursaluna|par\n|\n|-weather|none\n|-heal|p1a: Blissey|86\/100|[from] item: Leftovers\n|upkeep\n|turn|20\n|\n|t:|1697612461\n|switch|p1a: Hippowdon|Hippowdon, F|100\/100\n|-weather|Sandstorm|[from] ability: Sand Stream|[of] p1a: Hippowdon\n|move|p2a: Ursaluna|Blood Moon|p1a: Hippowdon\n|-damage|p1a: Hippowdon|15\/100\n|\n|-weather|Sandstorm|[upkeep]\n|-heal|p1a: Hippowdon|21\/100|[from] item: Leftovers\n|upkeep\n|turn|21\n|\n|t:|1697612471\n|move|p2a: Ursaluna|Vacuum Wave|p1a: Hippowdon\n|-damage|p1a: Hippowdon|4\/100\n|move|p1a: Hippowdon|Slack Off|p1a: Hippowdon\n|-heal|p1a: Hippowdon|54\/100\n|\n|-weather|Sandstorm|[upkeep]\n|-heal|p1a: Hippowdon|60\/100|[from] item: Leftovers\n|upkeep\n|turn|22\n|\n|t:|1697612484\n|move|p1a: Hippowdon|Slack Off|p1a: Hippowdon\n|-heal|p1a: Hippowdon|100\/100\n|move|p2a: Ursaluna|Blood Moon|p1a: Hippowdon\n|-damage|p1a: Hippowdon|17\/100\n|\n|-weather|Sandstorm|[upkeep]\n|-heal|p1a: Hippowdon|24\/100|[from] item: Leftovers\n|upkeep\n|turn|23\n|\n|t:|1697612493\n|move|p1a: Hippowdon|Slack Off|p1a: Hippowdon\n|-heal|p1a: Hippowdon|74\/100\n|move|p2a: Ursaluna|Focus Blast|p1a: Hippowdon\n|-damage|p1a: Hippowdon|25\/100\n|-unboost|p1a: Hippowdon|spd|1\n|\n|-weather|Sandstorm|[upkeep]\n|-heal|p1a: Hippowdon|31\/100|[from] item: Leftovers\n|upkeep\n|turn|24\n|\n|t:|1697612503\n|switch|p1a: Clefable|Clefable, M|100\/100\n|cant|p2a: Ursaluna|par\n|\n|-weather|none\n|upkeep\n|turn|25\n|\n|t:|1697612510\n|move|p1a: Clefable|Cosmic Power|p1a: Clefable\n|-boost|p1a: Clefable|def|1\n|-boost|p1a: Clefable|spd|1\n|move|p2a: Ursaluna|Blood Moon|p1a: Clefable\n|-damage|p1a: Clefable|52\/100\n|\n|-heal|p1a: Clefable|58\/100|[from] item: Leftovers\n|upkeep\n|turn|26\n|\n|t:|1697612519\n|move|p1a: Clefable|Cosmic Power|p1a: Clefable\n|-boost|p1a: Clefable|def|1\n|-boost|p1a: Clefable|spd|1\n|move|p2a: Ursaluna|Earth Power|p1a: Clefable\n|-damage|p1a: Clefable|32\/100\n|\n|-heal|p1a: Clefable|38\/100|[from] item: Leftovers\n|upkeep\n|turn|27\n|\n|t:|1697612528\n|move|p1a: Clefable|Moonlight|p1a: Clefable\n|-heal|p1a: Clefable|88\/100\n|move|p2a: Ursaluna|Blood Moon|p1a: Clefable\n|-damage|p1a: Clefable|50\/100\n|\n|-heal|p1a: Clefable|57\/100|[from] item: Leftovers\n|upkeep\n|turn|28\n|\n|t:|1697612538\n|switch|p2a: Goodra|Goodra-Hisui, F|100\/100\n|-damage|p2a: Goodra|94\/100|[from] Stealth Rock\n|move|p1a: Clefable|Cosmic Power|p1a: Clefable\n|-boost|p1a: Clefable|def|1\n|-boost|p1a: Clefable|spd|1\n|\n|-heal|p2a: Goodra|100\/100|[from] item: Leftovers\n|-heal|p1a: Clefable|63\/100|[from] item: Leftovers\n|upkeep\n|turn|29\n|\n|t:|1697612549\n|move|p1a: Clefable|Moonlight|p1a: Clefable\n|-heal|p1a: Clefable|100\/100\n|move|p2a: Goodra|Flash Cannon|p1a: Clefable\n|-supereffective|p1a: Clefable\n|-damage|p1a: Clefable|75\/100\n|\n|-heal|p1a: Clefable|81\/100|[from] item: Leftovers\n|upkeep\n|turn|30\n|\n|t:|1697612557\n|move|p2a: Goodra|Flash Cannon|p1a: Clefable\n|-supereffective|p1a: Clefable\n|-damage|p1a: Clefable|55\/100\n|move|p1a: Clefable|Cosmic Power|p1a: Clefable\n|-boost|p1a: Clefable|def|1\n|-boost|p1a: Clefable|spd|1\n|\n|-heal|p1a: Clefable|61\/100|[from] item: Leftovers\n|upkeep\n|turn|31\n|\n|t:|1697612566\n|move|p1a: Clefable|Cosmic Power|p1a: Clefable\n|-boost|p1a: Clefable|def|1\n|-boost|p1a: Clefable|spd|1\n|move|p2a: Goodra|Flash Cannon|p1a: Clefable\n|-supereffective|p1a: Clefable\n|-damage|p1a: Clefable|42\/100\n|\n|-heal|p1a: Clefable|48\/100|[from] item: Leftovers\n|upkeep\n|turn|32\n|\n|t:|1697612575\n|move|p1a: Clefable|Moonlight|p1a: Clefable\n|-heal|p1a: Clefable|98\/100\n|move|p2a: Goodra|Flash Cannon|p1a: Clefable\n|-supereffective|p1a: Clefable\n|-damage|p1a: Clefable|78\/100\n|\n|-heal|p1a: Clefable|85\/100|[from] item: Leftovers\n|upkeep\n|turn|33\n|\n|t:|1697612584\n|move|p2a: Goodra|Flash Cannon|p1a: Clefable\n|-supereffective|p1a: Clefable\n|-damage|p1a: Clefable|65\/100\n|move|p1a: Clefable|Cosmic Power|p1a: Clefable\n|-boost|p1a: Clefable|def|1\n|-boost|p1a: Clefable|spd|1\n|\n|-heal|p1a: Clefable|71\/100|[from] item: Leftovers\n|upkeep\n|turn|34\n|\n|t:|1697612595\n|move|p2a: Goodra|Flash Cannon|p1a: Clefable\n|-supereffective|p1a: Clefable\n|-damage|p1a: Clefable|56\/100\n|move|p1a: Clefable|Moonblast|p2a: Goodra\n|-damage|p2a: Goodra|70\/100\n|\n|-heal|p2a: Goodra|76\/100|[from] item: Leftovers\n|-heal|p1a: Clefable|62\/100|[from] item: Leftovers\n|upkeep\n|turn|35\n|\n|t:|1697612605\n|move|p2a: Goodra|Flash Cannon|p1a: Clefable\n|-supereffective|p1a: Clefable\n|-damage|p1a: Clefable|46\/100\n|-unboost|p1a: Clefable|spd|1\n|move|p1a: Clefable|Stored Power|p2a: Goodra\n|-resisted|p2a: Goodra\n|-damage|p2a: Goodra|50\/100\n|\n|-heal|p1a: Clefable|53\/100|[from] item: Leftovers\n|-heal|p2a: Goodra|57\/100|[from] item: Leftovers\n|upkeep\n|turn|36\n|\n|t:|1697612616\n|move|p1a: Clefable|Moonlight|p1a: Clefable\n|-heal|p1a: Clefable|100\/100\n|move|p2a: Goodra|Flash Cannon|p1a: Clefable\n|-supereffective|p1a: Clefable\n|-damage|p1a: Clefable|84\/100\n|\n|-heal|p1a: Clefable|90\/100|[from] item: Leftovers\n|-heal|p2a: Goodra|63\/100|[from] item: Leftovers\n|upkeep\n|turn|37\n|\n|t:|1697612626\n|move|p2a: Goodra|Flash Cannon|p1a: Clefable\n|-supereffective|p1a: Clefable\n|-damage|p1a: Clefable|72\/100\n|-unboost|p1a: Clefable|spd|1\n|move|p1a: Clefable|Cosmic Power|p1a: Clefable\n|-boost|p1a: Clefable|def|0\n|-boost|p1a: Clefable|spd|1\n|\n|-heal|p2a: Goodra|69\/100|[from] item: Leftovers\n|-heal|p1a: Clefable|78\/100|[from] item: Leftovers\n|upkeep\n|turn|38\n|\n|t:|1697612636\n|move|p2a: Goodra|Flash Cannon|p1a: Clefable\n|-supereffective|p1a: Clefable\n|-damage|p1a: Clefable|59\/100\n|move|p1a: Clefable|Cosmic Power|p1a: Clefable\n|-boost|p1a: Clefable|def|0\n|-boost|p1a: Clefable|spd|1\n|\n|-heal|p2a: Goodra|75\/100|[from] item: Leftovers\n|-heal|p1a: Clefable|65\/100|[from] item: Leftovers\n|upkeep\n|turn|39\n|\n|t:|1697612647\n|move|p1a: Clefable|Stored Power|p2a: Goodra\n|-resisted|p2a: Goodra\n|-damage|p2a: Goodra|50\/100\n|move|p2a: Goodra|Flash Cannon|p1a: Clefable\n|-supereffective|p1a: Clefable\n|-damage|p1a: Clefable|50\/100\n|\n|-heal|p1a: Clefable|56\/100|[from] item: Leftovers\n|-heal|p2a: Goodra|57\/100|[from] item: Leftovers\n|upkeep\n|turn|40\n|\n|t:|1697612658\n|move|p1a: Clefable|Stored Power|p2a: Goodra\n|-resisted|p2a: Goodra\n|-damage|p2a: Goodra|30\/100\n|move|p2a: Goodra|Flash Cannon|p1a: Clefable\n|-supereffective|p1a: Clefable\n|-damage|p1a: Clefable|41\/100\n|\n|-heal|p2a: Goodra|36\/100|[from] item: Leftovers\n|-heal|p1a: Clefable|47\/100|[from] item: Leftovers\n|upkeep\n|turn|41\n|\n|t:|1697612668\n|move|p2a: Goodra|Flash Cannon|p1a: Clefable\n|-supereffective|p1a: Clefable\n|-damage|p1a: Clefable|29\/100\n|move|p1a: Clefable|Stored Power|p2a: Goodra\n|-resisted|p2a: Goodra\n|-damage|p2a: Goodra|6\/100\n|\n|-heal|p2a: Goodra|13\/100|[from] item: Leftovers\n|-heal|p1a: Clefable|36\/100|[from] item: Leftovers\n|upkeep\n|turn|42\n|\n|t:|1697612678\n|move|p1a: Clefable|Moonblast|p2a: Goodra\n|-damage|p2a: Goodra|0 fnt\n|faint|p2a: Goodra\n|\n|-heal|p1a: Clefable|42\/100|[from] item: Leftovers\n|upkeep\n|\n|t:|1697612686\n|switch|p2a: Blissey|Blissey, F|69\/100\n|-damage|p2a: Blissey|57\/100|[from] Stealth Rock\n|turn|43\n|\n|t:|1697612691\n|move|p1a: Clefable|Moonlight|p1a: Clefable\n|-heal|p1a: Clefable|92\/100\n|move|p2a: Blissey|Heal Bell|p2a: Blissey\n|-activate|p2a: Blissey|move: Heal Bell\n|-curestatus|p2: Zacian|par|[msg]\n|-curestatus|p2: Ursaluna|par|[msg]\n|\n|-heal|p1a: Clefable|98\/100|[from] item: Leftovers\n|-heal|p2a: Blissey|63\/100|[from] item: Leftovers\n|upkeep\n|turn|44\n|\n|t:|1697612702\n|move|p1a: Clefable|Stored Power|p2a: Blissey\n|-damage|p2a: Blissey|34\/100\n|move|p2a: Blissey|Icy Wind|p1a: Clefable\n|-damage|p1a: Clefable|95\/100\n|-unboost|p1a: Clefable|spe|1\n|\n|-heal|p2a: Blissey|40\/100|[from] item: Leftovers\n|-heal|p1a: Clefable|100\/100|[from] item: Leftovers\n|upkeep\n|turn|45\n|\n|t:|1697612714\n|move|p2a: Blissey|Soft-Boiled|p2a: Blissey\n|-heal|p2a: Blissey|90\/100\n|move|p1a: Clefable|Stored Power|p2a: Blissey\n|-damage|p2a: Blissey|60\/100\n|\n|-heal|p2a: Blissey|66\/100|[from] item: Leftovers\n|upkeep\n|turn|46\n|\n|t:|1697612722\n|switch|p1a: Hippowdon|Hippowdon, F|31\/100\n|-weather|Sandstorm|[from] ability: Sand Stream|[of] p1a: Hippowdon\n|move|p2a: Blissey|Icy Wind|p1a: Hippowdon\n|-supereffective|p1a: Hippowdon\n|-damage|p1a: Hippowdon|10\/100\n|-unboost|p1a: Hippowdon|spe|1\n|\n|-weather|Sandstorm|[upkeep]\n|-damage|p2a: Blissey|60\/100|[from] Sandstorm\n|-heal|p2a: Blissey|66\/100|[from] item: Leftovers\n|-heal|p1a: Hippowdon|16\/100|[from] item: Leftovers\n|upkeep\n|turn|47\n|\n|t:|1697612735\n|move|p2a: Blissey|Icy Wind|p1a: Hippowdon\n|-supereffective|p1a: Hippowdon\n|-damage|p1a: Hippowdon|0 fnt\n|faint|p1a: Hippowdon\n|\n|-weather|Sandstorm|[upkeep]\n|-damage|p2a: Blissey|60\/100|[from] Sandstorm\n|-heal|p2a: Blissey|66\/100|[from] item: Leftovers\n|upkeep\n|\n|t:|1697612753\n|switch|p1a: Skeledirge|Skeledirge, F|100\/100\n|turn|48\n|inactive|Battle timer is ON: inactive players will automatically lose when time's up. (requested by Jimmy9876543567878)\n|\n|t:|1697612758\n|move|p1a: Skeledirge|Torch Song|p2a: Blissey\n|-crit|p2a: Blissey\n|-damage|p2a: Blissey|44\/100\n|-boost|p1a: Skeledirge|spa|1\n|move|p2a: Blissey|Icy Wind|p1a: Skeledirge\n|-resisted|p1a: Skeledirge\n|-damage|p1a: Skeledirge|95\/100\n|-unboost|p1a: Skeledirge|spe|1\n|\n|-weather|Sandstorm|[upkeep]\n|-damage|p2a: Blissey|38\/100|[from] Sandstorm\n|-damage|p1a: Skeledirge|89\/100|[from] Sandstorm\n|-heal|p2a: Blissey|44\/100|[from] item: Leftovers\n|-heal|p1a: Skeledirge|95\/100|[from] item: Leftovers\n|upkeep\n|turn|49\n|\n|t:|1697612773\n|move|p2a: Blissey|Soft-Boiled|p2a: Blissey\n|-heal|p2a: Blissey|94\/100\n|move|p1a: Skeledirge|Torch Song|p2a: Blissey\n|-damage|p2a: Blissey|71\/100\n|-boost|p1a: Skeledirge|spa|1\n|\n|-weather|Sandstorm|[upkeep]\n|-damage|p2a: Blissey|65\/100|[from] Sandstorm\n|-damage|p1a: Skeledirge|89\/100|[from] Sandstorm\n|-heal|p2a: Blissey|71\/100|[from] item: Leftovers\n|-heal|p1a: Skeledirge|95\/100|[from] item: Leftovers\n|upkeep\n|turn|50\n|\n|t:|1697612785\n|move|p2a: Blissey|Icy Wind|p1a: Skeledirge|[miss]\n|-miss|p2a: Blissey|p1a: Skeledirge\n|move|p1a: Skeledirge|Torch Song|p2a: Blissey\n|-damage|p2a: Blissey|41\/100\n|-boost|p1a: Skeledirge|spa|1\n|\n|-weather|none\n|-heal|p2a: Blissey|47\/100|[from] item: Leftovers\n|-heal|p1a: Skeledirge|100\/100|[from] item: Leftovers\n|upkeep\n|turn|51\n|\n|t:|1697612797\n|move|p2a: Blissey|Soft-Boiled|p2a: Blissey\n|-heal|p2a: Blissey|97\/100\n|move|p1a: Skeledirge|Torch Song|p2a: Blissey\n|-damage|p2a: Blissey|62\/100\n|-boost|p1a: Skeledirge|spa|1\n|\n|-heal|p2a: Blissey|68\/100|[from] item: Leftovers\n|upkeep\n|turn|52\n|\n|t:|1697612807\n|move|p2a: Blissey|Icy Wind|p1a: Skeledirge\n|-resisted|p1a: Skeledirge\n|-damage|p1a: Skeledirge|95\/100\n|-unboost|p1a: Skeledirge|spe|1\n|move|p1a: Skeledirge|Torch Song|p2a: Blissey\n|-damage|p2a: Blissey|26\/100\n|-boost|p1a: Skeledirge|spa|1\n|\n|-heal|p2a: Blissey|33\/100|[from] item: Leftovers\n|-heal|p1a: Skeledirge|100\/100|[from] item: Leftovers\n|upkeep\n|turn|53\n|\n|t:|1697612820\n|move|p2a: Blissey|Soft-Boiled|p2a: Blissey\n|-heal|p2a: Blissey|83\/100\n|move|p1a: Skeledirge|Torch Song|p2a: Blissey\n|-damage|p2a: Blissey|32\/100\n|-boost|p1a: Skeledirge|spa|1\n|\n|-heal|p2a: Blissey|38\/100|[from] item: Leftovers\n|upkeep\n|turn|54\n|\n|t:|1697612831\n|move|p2a: Blissey|Soft-Boiled|p2a: Blissey\n|-heal|p2a: Blissey|88\/100\n|move|p1a: Skeledirge|Earth Power|p2a: Blissey\n|-damage|p2a: Blissey|45\/100\n|\n|-heal|p2a: Blissey|51\/100|[from] item: Leftovers\n|upkeep\n|turn|55\n|\n|t:|1697612842\n|switch|p2a: Zacian|Zacian-Crowned|73\/100\n|-damage|p2a: Zacian|66\/100|[from] Stealth Rock\n|move|p1a: Skeledirge|Earth Power|p2a: Zacian\n|-supereffective|p2a: Zacian\n|-damage|p2a: Zacian|0 fnt\n|faint|p2a: Zacian\n|\n|upkeep\n|\n|t:|1697612853\n|switch|p2a: Landorus|Landorus-Therian, M|45\/100\n|-damage|p2a: Landorus|33\/100|[from] Stealth Rock\n|-ability|p2a: Landorus|Intimidate|boost\n|-unboost|p1a: Skeledirge|atk|1\n|turn|56\n|\n|t:|1697612859\n|-terastallize|p1a: Skeledirge|Fairy\n|move|p2a: Landorus|Earthquake|p1a: Skeledirge\n|-damage|p1a: Skeledirge|44\/100\n|-damage|p2a: Landorus|23\/100|[from] item: Life Orb\n|move|p1a: Skeledirge|Torch Song|p2a: Landorus\n|-damage|p2a: Landorus|0 fnt\n|faint|p2a: Landorus\n|\n|-heal|p1a: Skeledirge|50\/100|[from] item: Leftovers\n|upkeep\n|\n|t:|1697612873\n|switch|p2a: Ursaluna|Ursaluna-Bloodmoon, M|83\/100\n|-damage|p2a: Ursaluna|77\/100|[from] Stealth Rock\n|turn|57\n|\n|t:|1697612880\n|move|p2a: Ursaluna|Blood Moon|p1a: Skeledirge\n|-damage|p1a: Skeledirge|0 fnt\n|faint|p1a: Skeledirge\n|\n|upkeep\n|\n|t:|1697612885\n|switch|p1a: Blissey|Blissey, F|86\/100\n|turn|58\n|\n|t:|1697612890\n|move|p2a: Ursaluna|Focus Blast|p1a: Blissey|[miss]\n|-miss|p2a: Ursaluna|p1a: Blissey\n|move|p1a: Blissey|Body Slam|p2a: Ursaluna\n|-damage|p2a: Ursaluna|71\/100\n|\n|-heal|p1a: Blissey|92\/100|[from] item: Leftovers\n|upkeep\n|turn|59\n|\n|t:|1697612899\n|move|p2a: Ursaluna|Focus Blast|p1a: Blissey|[miss]\n|-miss|p2a: Ursaluna|p1a: Blissey\n|move|p1a: Blissey|Body Slam|p2a: Ursaluna\n|-damage|p2a: Ursaluna|65\/100\n|\n|-heal|p1a: Blissey|98\/100|[from] item: Leftovers\n|upkeep\n|turn|60\n|\n|t:|1697612908\n|move|p2a: Ursaluna|Focus Blast|p1a: Blissey\n|-supereffective|p1a: Blissey\n|-damage|p1a: Blissey|62\/100\n|-unboost|p1a: Blissey|spd|1\n|move|p1a: Blissey|Body Slam|p2a: Ursaluna\n|-damage|p2a: Ursaluna|60\/100\n|\n|-heal|p1a: Blissey|68\/100|[from] item: Leftovers\n|upkeep\n|turn|61\n|\n|t:|1697612918\n|switch|p1a: Hatterene|Hatterene, F|100\/100\n|move|p2a: Ursaluna|Focus Blast|p1a: Hatterene\n|-resisted|p1a: Hatterene\n|-damage|p1a: Hatterene|89\/100\n|\n|upkeep\n|turn|62\n|\n|t:|1697612925\n|move|p2a: Ursaluna|Blood Moon|p1a: Hatterene\n|-damage|p1a: Hatterene|4\/100\n|move|p1a: Hatterene|Giga Drain|p2a: Ursaluna\n|-supereffective|p2a: Ursaluna\n|-damage|p2a: Ursaluna|0 fnt\n|-heal|p1a: Hatterene|49\/100|[from] drain|[of] p2a: Ursaluna\n|faint|p2a: Ursaluna\n|\n|upkeep\n|\n|t:|1697612936\n|switch|p2a: Walking Wake|Walking Wake|82\/100\n|-damage|p2a: Walking Wake|70\/100|[from] Stealth Rock\n|turn|63\n|\n|t:|1697612943\n|switch|p1a: Blissey|Blissey, F|68\/100\n|-terastallize|p2a: Walking Wake|Fire\n|move|p2a: Walking Wake|Flamethrower|p1a: Blissey\n|-damage|p1a: Blissey|50\/100\n|\n|-heal|p1a: Blissey|56\/100|[from] item: Leftovers\n|upkeep\n|turn|64\n|\n|t:|1697612953\n|move|p2a: Walking Wake|Sunny Day|p2a: Walking Wake\n|-weather|SunnyDay\n|-activate|p2a: Walking Wake|ability: Protosynthesis\n|-start|p2a: Walking Wake|protosynthesisspa\n|move|p1a: Blissey|Thunder Wave|p2a: Walking Wake\n|-status|p2a: Walking Wake|par\n|\n|-weather|SunnyDay|[upkeep]\n|-heal|p1a: Blissey|63\/100|[from] item: Leftovers\n|upkeep\n|turn|65\n|\n|t:|1697612963\n|move|p2a: Walking Wake|Flamethrower|p1a: Blissey\n|-damage|p1a: Blissey|31\/100\n|move|p1a: Blissey|Soft-Boiled|p1a: Blissey\n|-heal|p1a: Blissey|81\/100\n|\n|-weather|SunnyDay|[upkeep]\n|-heal|p1a: Blissey|87\/100|[from] item: Leftovers\n|upkeep\n|turn|66\n|\n|t:|1697612972\n|move|p2a: Walking Wake|Flamethrower|p1a: Blissey\n|-damage|p1a: Blissey|54\/100\n|move|p1a: Blissey|Shadow Ball|p2a: Walking Wake\n|-damage|p2a: Walking Wake|52\/100 par\n|\n|-weather|SunnyDay|[upkeep]\n|-heal|p1a: Blissey|60\/100|[from] item: Leftovers\n|upkeep\n|turn|67\n|inactiveoff|Battle timer is now OFF.\n|\n|t:|1697612995\n|move|p2a: Walking Wake|Flamethrower|p1a: Blissey\n|-damage|p1a: Blissey|30\/100\n|move|p1a: Blissey|Soft-Boiled|p1a: Blissey\n|-heal|p1a: Blissey|80\/100\n|\n|-weather|SunnyDay|[upkeep]\n|-heal|p1a: Blissey|86\/100|[from] item: Leftovers\n|upkeep\n|turn|68\n|inactive|Battle timer is ON: inactive players will automatically lose when time's up. (requested by trialteam98)\n|inactive|Jimmy9876543567878 has 120 seconds left.\n|inactive|Jimmy9876543567878 has 90 seconds left.\n|inactive|Jimmy9876543567878 has 60 seconds left.\n|inactive|Jimmy9876543567878 has 30 seconds left.\n|inactive|Jimmy9876543567878 has 20 seconds left.\n|inactive|Jimmy9876543567878 has 15 seconds left.\n|inactive|Jimmy9876543567878 has 10 seconds left.\n|inactive|Jimmy9876543567878 has 5 seconds left.\n|-message|Jimmy9876543567878 lost due to inactivity.\n|\n|win|trialteam98\n|raw|trialteam98's rating: 1126 &rarr; <strong>1147<\/strong><br \/>(+21 for winning)\n|raw|Jimmy9876543567878's rating: 1065 &rarr; <strong>1049<\/strong><br \/>(-16 for losing)\n","uploadtime":1697613145,"views":18,"p1id":"trialteam98","p2id":"jimmy9876543567878","formatid":"gen9ubers","rating":1049,"private":0,"password":""}