{"id":"gen9ubers-1980275311","p1":"Dragon Master Rosa","p2":"N-Zoroark stan","format":"[Gen 9] Ubers","log":"|j|\u2606Dragon Master Rosa\n|j|\u2606N-Zoroark stan\n|t:|1698771558\n|gametype|singles\n|player|p1|Dragon Master Rosa|dragontamer-gen9|\n|player|p2|N-Zoroark stan|riley|\n|teamsize|p1|6\n|teamsize|p2|6\n|gen|9\n|tier|[Gen 9] Ubers\n|rule|Sleep Clause Mod: Limit one foe put to sleep\n|rule|Species Clause: Limit one of each Pok\u00e9mon\n|rule|OHKO Clause: OHKO moves are banned\n|rule|Evasion Items Clause: Evasion items are banned\n|rule|Evasion Moves Clause: Evasion moves are banned\n|rule|Endless Battle Clause: Forcing endless battles is banned\n|rule|HP Percentage Mod: HP is shown in percentages\n|clearpoke\n|poke|p1|Infernape, M|\n|poke|p1|Landorus-Therian, M|\n|poke|p1|Palafin, F|\n|poke|p1|Slowking-Galar, F|\n|poke|p1|Toedscruel, F|\n|poke|p1|Empoleon, M|\n|poke|p2|Zoroark-Hisui, M|\n|poke|p2|Toedscruel, F|\n|poke|p2|Blissey, F|\n|poke|p2|Palafin, M|\n|poke|p2|Slowking-Galar, M|\n|poke|p2|Infernape, F|\n|teampreview\n|inactive|Battle timer is ON: inactive players will automatically lose when time's up. (requested by N-Zoroark stan)\n|c|\u2606N-Zoroark stan|glhf\n|c|\u2606Dragon Master Rosa|glhf\n|inactive|Dragon Master Rosa has 270 seconds left.\n|inactive|Dragon Master Rosa has 240 seconds left.\n|c|\u2606Dragon Master Rosa|crazy how we're literally running 4 of the same mons\n|\n|t:|1698771631\n|start\n|switch|p1a: Palafin|Palafin, F|100\/100\n|switch|p2a: Palafin|Palafin, M|100\/100\n|turn|1\n|j| Rei_darkness\n|c|\u2606N-Zoroark stan|hi squidward\n|\n|t:|1698771656\n|detailschange|p2a: Palafin|Palafin-Hero, M\n|switch|p2a: Slowking|Slowking-Galar, M|100\/100\n|move|p1a: Palafin|Surf|p2a: Slowking\n|-damage|p2a: Slowking|67\/100\n|\n|upkeep\n|turn|2\n|\n|t:|1698771666\n|detailschange|p1a: Palafin|Palafin-Hero, F\n|switch|p1a: Empoleon|Empoleon, M|100\/100\n|move|p2a: Slowking|Chilly Reception|p2a: Slowking\n|-weather|Snow\n|\n|t:|1698771671\n|switch|p2a: Infernape|Infernape, F|100\/100|[from] Chilly Reception\n|\n|-weather|Snow|[upkeep]\n|upkeep\n|turn|3\n|\n|t:|1698771689\n|move|p2a: Infernape|U-turn|p1a: Empoleon\n|-resisted|p1a: Empoleon\n|-damage|p1a: Empoleon|89\/100\n|\n|t:|1698771692\n|switch|p2a: Slowking|Slowking-Galar, M|99\/100|[from] U-turn\n|move|p1a: Empoleon|Flip Turn|p2a: Slowking\n|-damage|p2a: Slowking|87\/100\n|\n|t:|1698771696\n|switch|p1a: Landorus|Landorus-Therian, M|100\/100|[from] Flip Turn\n|-ability|p1a: Landorus|Intimidate|boost\n|-unboost|p2a: Slowking|atk|1\n|\n|-weather|Snow|[upkeep]\n|upkeep\n|turn|4\n|l| Rei_darkness\n|j| Rei_darkness\n|\n|t:|1698771709\n|move|p1a: Landorus|Nasty Plot|p1a: Landorus\n|-boost|p1a: Landorus|spa|2\n|move|p2a: Slowking|Chilly Reception|p2a: Slowking\n|\n|t:|1698771711\n|switch|p2a: Palafin|Palafin-Hero, M|100\/100|[from] Chilly Reception\n|-activate|p2a: Palafin|ability: Zero to Hero\n|\n|-weather|Snow|[upkeep]\n|upkeep\n|turn|5\n|c| Rei_darkness|gen 9 Cm is not beating the overcentralized accusations if we actually played to win and didn't care about making shitmons work\n|\n|t:|1698771740\n|-terastallize|p1a: Landorus|Flying\n|move|p2a: Palafin|Aura Sphere|p1a: Landorus\n|-resisted|p1a: Landorus\n|-damage|p1a: Landorus|82\/100\n|move|p1a: Landorus|Tera Blast|p2a: Palafin|[anim] Tera Blast Flying\n|-damage|p2a: Palafin|0 fnt\n|faint|p2a: Palafin\n|\n|-weather|Snow|[upkeep]\n|-heal|p1a: Landorus|88\/100|[from] item: Leftovers\n|upkeep\n|c|\u2606N-Zoroark stan|damn\n|\n|t:|1698771749\n|switch|p2a: Blissey|Blissey, F|100\/100\n|turn|6\n|j| godiamsosorry\n|\n|t:|1698771754\n|-terastallize|p2a: Blissey|Ghost\n|move|p2a: Blissey|Poltergeist|p1a: Landorus\n|-activate|p1a: Landorus|move: Poltergeist|Leftovers\n|-damage|p1a: Landorus|0 fnt\n|faint|p1a: Landorus\n|\n|-weather|none\n|upkeep\n|\n|t:|1698771761\n|switch|p1a: Empoleon|Empoleon, M|89\/100\n|turn|7\n|c| godiamsosorry|REAL\n|\n|t:|1698771765\n|move|p2a: Blissey|Poltergeist|p1a: Empoleon\n|-activate|p1a: Empoleon|move: Poltergeist|Leftovers\n|-damage|p1a: Empoleon|0 fnt\n|faint|p1a: Empoleon\n|\n|upkeep\n|c| godiamsosorry|Band?\n|c|\u2606N-Zoroark stan|yeah\n|c|\u2606Dragon Master Rosa|there's no way right\n|\n|t:|1698771784\n|switch|p1a: Infernape|Infernape, M|100\/100\n|turn|8\n|c|\u2606N-Zoroark stan|this thing is strong af\n|\n|t:|1698771788\n|switch|p2a: Slowking|Slowking-Galar, M|100\/100\n|move|p1a: Infernape|U-turn|p2a: Slowking\n|-damage|p2a: Slowking|87\/100\n|\n|t:|1698771794\n|switch|p1a: Toedscruel|Toedscruel, F|100\/100|[from] U-turn\n|\n|upkeep\n|turn|9\n|\n|t:|1698771797\n|move|p1a: Toedscruel|Knock Off|p2a: Slowking\n|-supereffective|p2a: Slowking\n|-damage|p2a: Slowking|61\/100\n|-enditem|p2a: Slowking|Heavy-Duty Boots|[from] move: Knock Off|[of] p1a: Toedscruel\n|move|p2a: Slowking|Chilly Reception|p2a: Slowking\n|-weather|Snow\n|\n|t:|1698771798\n|switch|p2a: Blissey|Blissey, F, tera:Ghost|100\/100|[from] Chilly Reception\n|\n|-weather|Snow|[upkeep]\n|upkeep\n|turn|10\n|\n|t:|1698771810\n|move|p2a: Blissey|Poltergeist|p1a: Toedscruel\n|-activate|p1a: Toedscruel|move: Poltergeist|Leftovers\n|-damage|p1a: Toedscruel|0 fnt\n|faint|p1a: Toedscruel\n|\n|-weather|Snow|[upkeep]\n|upkeep\n|\n|t:|1698771814\n|switch|p1a: Infernape|Infernape, M|100\/100\n|turn|11\n|\n|t:|1698771816\n|switch|p2a: Toedscruel|Toedscruel, F|100\/100\n|move|p1a: Infernape|Flare Blitz|p2a: Toedscruel\n|-supereffective|p2a: Toedscruel\n|-crit|p2a: Toedscruel\n|-damage|p2a: Toedscruel|0 fnt\n|faint|p2a: Toedscruel\n|-damage|p1a: Infernape|60\/100|[from] Recoil\n|\n|-weather|Snow|[upkeep]\n|upkeep\n|c|\u2606N-Zoroark stan|oh band\n|c|\u2606Dragon Master Rosa|erm crit mattered\n|\n|t:|1698771826\n|switch|p2a: Blissey|Blissey, F, tera:Ghost|100\/100\n|turn|12\n|\n|t:|1698771828\n|move|p1a: Infernape|Flare Blitz|p2a: Blissey\n|-damage|p2a: Blissey|0 fnt\n|replace|p2a: Zoroark|Zoroark-Hisui, M, shiny\n|-end|p2a: Zoroark|Illusion\n|faint|p2a: Zoroark\n|-damage|p1a: Infernape|31\/100|[from] Recoil\n|\n|-weather|Snow|[upkeep]\n|upkeep\n|c|\u2606N-Zoroark stan|damn\n|\n|t:|1698771835\n|switch|p2a: Infernape|Infernape, F|100\/100\n|turn|13\n|\n|t:|1698771840\n|switch|p1a: Palafin|Palafin-Hero, F|100\/100\n|-activate|p1a: Palafin|ability: Zero to Hero\n|move|p2a: Infernape|Flare Blitz|p1a: Palafin\n|-resisted|p1a: Palafin\n|-damage|p1a: Palafin|74\/100\n|-status|p1a: Palafin|brn\n|-damage|p2a: Infernape|90\/100|[from] Recoil\n|\n|-weather|none\n|-damage|p1a: Palafin|67\/100 brn|[from] brn\n|upkeep\n|turn|14\n|c|\u2606N-Zoroark stan|oh hold on my glowking isn't dead?\n|c|\u2606N-Zoroark stan|hold on\n|c|\u2606N-Zoroark stan|did I misclick\n|inactive|N-Zoroark stan has 270 seconds left.\n|c|\u2606N-Zoroark stan|and didn't realise because I clicked skip turn\n|c|\u2606N-Zoroark stan|and thought you were banded because of that\n|\n|t:|1698771907\n|switch|p2a: Blissey|Blissey, F|100\/100\n|move|p1a: Palafin|Boomburst|p2a: Blissey\n|-damage|p2a: Blissey|75\/100\n|\n|-damage|p1a: Palafin|61\/100 brn|[from] brn\n|upkeep\n|turn|15\n|c| godiamsosorry|It's so weird seeing a 100% serious game in this format,,,\n|\n|t:|1698771915\n|move|p1a: Palafin|Boomburst|p2a: Blissey\n|-damage|p2a: Blissey|52\/100\n|move|p2a: Blissey|Seismic Toss|p1a: Palafin\n|-damage|p1a: Palafin|32\/100 brn\n|\n|-damage|p1a: Palafin|26\/100 brn|[from] brn\n|upkeep\n|turn|16\n|\n|t:|1698771924\n|move|p1a: Palafin|Boomburst|p2a: Blissey\n|-crit|p2a: Blissey\n|-damage|p2a: Blissey|16\/100\n|move|p2a: Blissey|Soft-Boiled|p2a: Blissey\n|-heal|p2a: Blissey|66\/100\n|\n|-damage|p1a: Palafin|20\/100 brn|[from] brn\n|upkeep\n|turn|17\n|\n|t:|1698771927\n|move|p1a: Palafin|Boomburst|p2a: Blissey\n|-damage|p2a: Blissey|42\/100\n|move|p2a: Blissey|Soft-Boiled|p2a: Blissey\n|-heal|p2a: Blissey|92\/100\n|\n|-damage|p1a: Palafin|13\/100 brn|[from] brn\n|upkeep\n|turn|18\n|\n|t:|1698771929\n|move|p1a: Palafin|Boomburst|p2a: Blissey\n|-damage|p2a: Blissey|70\/100\n|move|p2a: Blissey|Seismic Toss|p1a: Palafin\n|-damage|p1a: Palafin|0 fnt\n|faint|p1a: Palafin\n|\n|upkeep\n|\n|t:|1698771932\n|switch|p1a: Infernape|Infernape, M|31\/100\n|turn|19\n|\n|t:|1698771939\n|switch|p2a: Slowking|Slowking-Galar, M|94\/100\n|move|p1a: Infernape|Thunder Punch|p2a: Slowking\n|-damage|p2a: Slowking|74\/100\n|-status|p2a: Slowking|par\n|\n|upkeep\n|turn|20\n|c| godiamsosorry|They should give Palafin Psyshock.\n|\n|t:|1698771946\n|switch|p1a: Slowking|Slowking-Galar, F|100\/100\n|move|p2a: Slowking|Chilly Reception|p2a: Slowking\n|-weather|Snow\n|c|\u2606Dragon Master Rosa|fire emoji\n|\n|t:|1698771948\n|switch|p2a: Infernape|Infernape, F|90\/100|[from] Chilly Reception\n|\n|-weather|Snow|[upkeep]\n|upkeep\n|turn|21\n|\n|t:|1698771956\n|move|p2a: Infernape|Flare Blitz|p1a: Slowking\n|-damage|p1a: Slowking|61\/100\n|-status|p1a: Slowking|brn\n|-damage|p2a: Infernape|73\/100|[from] Recoil\n|move|p1a: Slowking|Toxic|p2a: Infernape\n|-status|p2a: Infernape|tox\n|\n|-weather|Snow|[upkeep]\n|-damage|p2a: Infernape|67\/100 tox|[from] psn\n|-damage|p1a: Slowking|55\/100 brn|[from] brn\n|upkeep\n|turn|22\n|c|\u2606Dragon Master Rosa|goddamn the procs are crazy this game\n|\n|t:|1698771967\n|switch|p2a: Blissey|Blissey, F|70\/100\n|move|p1a: Slowking|Slack Off|p1a: Slowking\n|-heal|p1a: Slowking|100\/100 brn\n|\n|-weather|Snow|[upkeep]\n|-damage|p1a: Slowking|94\/100 brn|[from] brn\n|upkeep\n|turn|23\n|\n|t:|1698771972\n|move|p2a: Blissey|Heal Bell|p2a: Blissey\n|-activate|p2a: Blissey|move: Heal Bell\n|-curestatus|p2: Infernape|tox|[msg]\n|-curestatus|p2: Slowking|par|[msg]\n|move|p1a: Slowking|Toxic|p2a: Blissey\n|-status|p2a: Blissey|tox\n|\n|-weather|Snow|[upkeep]\n|-damage|p2a: Blissey|64\/100 tox|[from] psn\n|-damage|p1a: Slowking|88\/100 brn|[from] brn\n|upkeep\n|turn|24\n|\n|t:|1698771976\n|move|p2a: Blissey|Soft-Boiled|p2a: Blissey\n|-heal|p2a: Blissey|100\/100 tox\n|move|p1a: Slowking|Chilly Reception|p1a: Slowking\n|\n|t:|1698771978\n|switch|p1a: Infernape|Infernape, M|31\/100|[from] Chilly Reception\n|\n|-weather|none\n|-damage|p2a: Blissey|88\/100 tox|[from] psn\n|upkeep\n|turn|25\n|\n|t:|1698771982\n|-curestatus|p2a: Blissey|tox|[from] ability: Natural Cure\n|switch|p2a: Slowking|Slowking-Galar, M|100\/100\n|move|p1a: Infernape|Close Combat|p2a: Slowking\n|-resisted|p2a: Slowking\n|-damage|p2a: Slowking|92\/100\n|-unboost|p1a: Infernape|def|1\n|-unboost|p1a: Infernape|spd|1\n|\n|upkeep\n|turn|26\n|\n|t:|1698771989\n|switch|p1a: Slowking|Slowking-Galar, F|100\/100 brn\n|move|p2a: Slowking|Foul Play|p1a: Slowking\n|-supereffective|p1a: Slowking\n|-damage|p1a: Slowking|82\/100 brn\n|\n|-damage|p1a: Slowking|76\/100 brn|[from] brn\n|upkeep\n|turn|27\n|\n|t:|1698771998\n|move|p1a: Slowking|Chilly Reception|p1a: Slowking\n|-weather|Snow\n|\n|t:|1698772000\n|switch|p1a: Infernape|Infernape, M|31\/100|[from] Chilly Reception\n|move|p2a: Slowking|Foul Play|p1a: Infernape\n|-resisted|p1a: Infernape\n|-damage|p1a: Infernape|8\/100\n|\n|-weather|Snow|[upkeep]\n|upkeep\n|turn|28\n|c|\u2606Dragon Master Rosa|ggwp\n|\n|t:|1698772006\n|move|p1a: Infernape|Flare Blitz|p2a: Slowking\n|-damage|p2a: Slowking|50\/100\n|-damage|p1a: Infernape|0 fnt|[from] Recoil\n|faint|p1a: Infernape\n|move|p2a: Slowking|Foul Play|p1: Infernape|[notarget]\n|-fail|p2a: Slowking\n|\n|-weather|Snow|[upkeep]\n|upkeep\n|\n|t:|1698772008\n|switch|p1a: Slowking|Slowking-Galar, F|100\/100 brn\n|turn|29\n|c|\u2606N-Zoroark stan|ggwp\n|l| godiamsosorry\n|\n|t:|1698772014\n|switch|p2a: Blissey|Blissey, F|88\/100\n|move|p1a: Slowking|Foul Play|p2a: Blissey\n|-damage|p2a: Blissey|87\/100\n|\n|-weather|Snow|[upkeep]\n|-damage|p1a: Slowking|94\/100 brn|[from] brn\n|upkeep\n|turn|30\n|\n|t:|1698772017\n|switch|p2a: Slowking|Slowking-Galar, M|84\/100\n|move|p1a: Slowking|Foul Play|p2a: Slowking\n|-supereffective|p2a: Slowking\n|-damage|p2a: Slowking|75\/100\n|\n|-weather|Snow|[upkeep]\n|-damage|p1a: Slowking|88\/100 brn|[from] brn\n|upkeep\n|turn|31\n|\n|t:|1698772019\n|switch|p2a: Blissey|Blissey, F|87\/100\n|move|p1a: Slowking|Foul Play|p2a: Blissey\n|-damage|p2a: Blissey|86\/100\n|\n|-weather|none\n|-damage|p1a: Slowking|82\/100 brn|[from] brn\n|upkeep\n|turn|32\n|\n|t:|1698772020\n|switch|p2a: Slowking|Slowking-Galar, M|100\/100\n|move|p1a: Slowking|Foul Play|p2a: Slowking\n|-supereffective|p2a: Slowking\n|-damage|p2a: Slowking|92\/100\n|\n|-damage|p1a: Slowking|76\/100 brn|[from] brn\n|upkeep\n|turn|33\n|c|\u2606Dragon Master Rosa|die\n|\n|t:|1698772024\n|switch|p2a: Blissey|Blissey, F|86\/100\n|move|p1a: Slowking|Foul Play|p2a: Blissey\n|-damage|p2a: Blissey|86\/100\n|\n|-damage|p1a: Slowking|70\/100 brn|[from] brn\n|upkeep\n|turn|34\n|c|\u2606N-Zoroark stan|lyt\n|\n|t:|1698772030\n|switch|p2a: Slowking|Slowking-Galar, M|100\/100\n|move|p1a: Slowking|Foul Play|p2a: Slowking\n|-supereffective|p2a: Slowking\n|-damage|p2a: Slowking|92\/100\n|\n|-damage|p1a: Slowking|64\/100 brn|[from] brn\n|upkeep\n|turn|35\n|\n|t:|1698772032\n|switch|p2a: Blissey|Blissey, F|86\/100\n|move|p1a: Slowking|Foul Play|p2a: Blissey\n|-damage|p2a: Blissey|85\/100\n|\n|-damage|p1a: Slowking|58\/100 brn|[from] brn\n|upkeep\n|turn|36\n|\n|t:|1698772036\n|switch|p2a: Slowking|Slowking-Galar, M|100\/100\n|move|p1a: Slowking|Foul Play|p2a: Slowking\n|-supereffective|p2a: Slowking\n|-crit|p2a: Slowking\n|-damage|p2a: Slowking|87\/100\n|\n|-damage|p1a: Slowking|52\/100 brn|[from] brn\n|upkeep\n|turn|37\n|\n|t:|1698772038\n|switch|p2a: Blissey|Blissey, F|85\/100\n|move|p1a: Slowking|Toxic|p2a: Blissey\n|-status|p2a: Blissey|tox\n|\n|-damage|p2a: Blissey|79\/100 tox|[from] psn\n|-damage|p1a: Slowking|46\/100 brn|[from] brn\n|upkeep\n|turn|38\n|-message|Dragon Master Rosa forfeited.\n|\n|win|N-Zoroark stan\n|l|\u2606Dragon Master Rosa\n","uploadtime":1698772046,"views":11,"p1id":"dragonmasterrosa","p2id":"nzoroarkstan","formatid":"gen9ubers","rating":0,"private":0,"password":""}