{"id":"gen9ubers-1971524624","p1":"GratedsShtickface","p2":"lycanityet","format":"[Gen 9] Ubers","log":"|j|\u2606GratedsShtickface\n|j|\u2606lycanityet\n|t:|1697745391\n|gametype|singles\n|player|p1|GratedsShtickface|hiker-gen4|\n|player|p2|lycanityet|lance|\n|teamsize|p1|6\n|teamsize|p2|6\n|gen|9\n|tier|[Gen 9] Ubers\n|rated|Tournament battle\n|rule|Sleep Clause Mod: Limit one foe put to sleep\n|rule|Species Clause: Limit one of each Pok\u00e9mon\n|rule|OHKO Clause: OHKO moves are banned\n|rule|Evasion Items Clause: Evasion items are banned\n|rule|Evasion Moves Clause: Evasion moves are banned\n|rule|Endless Battle Clause: Forcing endless battles is banned\n|rule|HP Percentage Mod: HP is shown in percentages\n|clearpoke\n|poke|p1|Meowscarada, M|\n|poke|p1|Koraidon|\n|poke|p1|Zacian-*|\n|poke|p1|Arceus|\n|poke|p1|Miraidon|\n|poke|p1|Flutter Mane|\n|poke|p2|Arceus-Steel|\n|poke|p2|Fezandipiti, M|\n|poke|p2|Urshifu-*, M|\n|poke|p2|Ogerpon-Cornerstone, F|\n|poke|p2|Rayquaza|\n|poke|p2|Eternatus|\n|teampreview\n|inactive|Battle timer is ON: inactive players will automatically lose when time's up. (requested by lycanityet)\n|inactive|GratedsShtickface also wants the timer to be on.\n|c|\u2606lycanityet|hf\n|\n|t:|1697745401\n|start\n|switch|p1a: Meowscarada|Meowscarada, M|100\/100\n|switch|p2a: Fezandipiti|Fezandipiti, M|100\/100\n|turn|1\n|c|\u2606GratedsShtickface|u2\n|\n|t:|1697745408\n|move|p1a: Meowscarada|Taunt|p2a: Fezandipiti\n|-start|p2a: Fezandipiti|move: Taunt\n|cant|p2a: Fezandipiti|move: Taunt|Tailwind\n|\n|upkeep\n|turn|2\n|\n|t:|1697745414\n|move|p1a: Meowscarada|Spikes|p2a: Fezandipiti\n|-sidestart|p2: lycanityet|Spikes\n|move|p2a: Fezandipiti|Dazzling Gleam|p1a: Meowscarada\n|-supereffective|p1a: Meowscarada\n|-damage|p1a: Meowscarada|16\/100\n|\n|upkeep\n|turn|3\n|\n|t:|1697745420\n|move|p1a: Meowscarada|Flower Trick|p2a: Fezandipiti\n|-resisted|p2a: Fezandipiti\n|-crit|p2a: Fezandipiti\n|-damage|p2a: Fezandipiti|57\/100\n|move|p2a: Fezandipiti|Heat Wave|p1a: Meowscarada\n|-supereffective|p1a: Meowscarada\n|-damage|p1a: Meowscarada|0 fnt\n|faint|p1a: Meowscarada\n|\n|-heal|p2a: Fezandipiti|63\/100|[from] item: Leftovers\n|-end|p2a: Fezandipiti|move: Taunt\n|upkeep\n|\n|t:|1697745435\n|switch|p1a: Zacian|Zacian-Crowned|100\/100\n|-ability|p1a: Zacian|Intrepid Sword|boost\n|-boost|p1a: Zacian|atk|1\n|turn|4\n|\n|t:|1697745446\n|move|p1a: Zacian|Behemoth Blade|p2a: Fezandipiti\n|-supereffective|p2a: Fezandipiti\n|-damage|p2a: Fezandipiti|0 fnt\n|faint|p2a: Fezandipiti\n|\n|upkeep\n|\n|t:|1697745461\n|switch|p2a: Eternatus|Eternatus|100\/100\n|-damage|p2a: Eternatus|88\/100|[from] Spikes\n|-ability|p2a: Eternatus|Pressure\n|turn|5\n|\n|t:|1697745475\n|-terastallize|p1a: Zacian|Water\n|move|p1a: Zacian|Swords Dance|p1a: Zacian\n|-boost|p1a: Zacian|atk|2\n|move|p2a: Eternatus|Cosmic Power|p2a: Eternatus\n|-boost|p2a: Eternatus|def|1\n|-boost|p2a: Eternatus|spd|1\n|\n|-heal|p2a: Eternatus|94\/100|[from] item: Leftovers\n|upkeep\n|turn|6\n|\n|t:|1697745484\n|move|p1a: Zacian|Play Rough|p2a: Eternatus\n|-damage|p2a: Eternatus|25\/100\n|move|p2a: Eternatus|Cosmic Power|p2a: Eternatus\n|-boost|p2a: Eternatus|def|1\n|-boost|p2a: Eternatus|spd|1\n|\n|-heal|p2a: Eternatus|31\/100|[from] item: Leftovers\n|upkeep\n|turn|7\n|\n|t:|1697745491\n|-terastallize|p2a: Eternatus|Ground\n|move|p1a: Zacian|Play Rough|p2a: Eternatus\n|-damage|p2a: Eternatus|0 fnt\n|faint|p2a: Eternatus\n|\n|upkeep\n|c|\u2606lycanityet|it works for everyone else\n|\n|t:|1697745516\n|switch|p2a: Urshifu|Urshifu, M|100\/100\n|-damage|p2a: Urshifu|88\/100|[from] Spikes\n|turn|8\n|\n|t:|1697745521\n|move|p1a: Zacian|Play Rough|p2a: Urshifu\n|-supereffective|p2a: Urshifu\n|-damage|p2a: Urshifu|0 fnt\n|faint|p2a: Urshifu\n|\n|upkeep\n|\n|t:|1697745524\n|switch|p2a: Arceus|Arceus-Steel|100\/100\n|-damage|p2a: Arceus|88\/100|[from] Spikes\n|turn|9\n|\n|t:|1697745533\n|move|p1a: Zacian|Tera Blast|p2a: Arceus|[anim] Tera Blast Water\n|-damage|p2a: Arceus|0 fnt\n|faint|p2a: Arceus\n|\n|upkeep\n|-message|lycanityet forfeited.\n|\n|win|GratedsShtickface\n|n|\u2606GratedsShtickface|gratedsshtickface\n|n|\u2606lycanityet|lycanityet\n","uploadtime":1697745540,"views":10,"p1id":"gratedsshtickface","p2id":"lycanityet","formatid":"gen9ubers","rating":0,"private":0,"password":""}