{"id":"gen9ubers-1989846310","p1":"Nitro524","p2":"1P1o1s1h1e1","format":"[Gen 9] Ubers","log":"|j|\u2606Nitro524\n|j|\u26061P1o1s1h1e1\n|t:|1699900608\n|gametype|singles\n|player|p1|Nitro524|hilbert|\n|player|p2|1P1o1s1h1e1|102|\n|teamsize|p1|6\n|teamsize|p2|6\n|gen|9\n|tier|[Gen 9] Ubers\n|rule|Sleep Clause Mod: Limit one foe put to sleep\n|rule|Species Clause: Limit one of each Pok\u00e9mon\n|rule|OHKO Clause: OHKO moves are banned\n|rule|Evasion Items Clause: Evasion items are banned\n|rule|Evasion Moves Clause: Evasion moves are banned\n|rule|Endless Battle Clause: Forcing endless battles is banned\n|rule|HP Percentage Mod: HP is shown in percentages\n|clearpoke\n|poke|p1|Torkoal, M|\n|poke|p1|Chi-Yu|\n|poke|p1|Lilligant-Hisui, F|\n|poke|p1|Arceus-Fire|\n|poke|p1|Roaring Moon|\n|poke|p1|Walking Wake|\n|poke|p2|Slowking-Galar, F|\n|poke|p2|Blissey, F|\n|poke|p2|Cyclizar, F|\n|poke|p2|Dialga|\n|poke|p2|Quagsire, F|\n|poke|p2|Gholdengo|\n|teampreview\n|inactive|Battle timer is ON: inactive players will automatically lose when time's up. (requested by Nitro524)\n|c|\u2606Nitro524|glhf\n|c|\u2606Nitro524|i will do my best to break through\n|\n|t:|1699900628\n|start\n|switch|p1a: Bring The Sun|Torkoal, M|100\/100\n|switch|p2a: Slowking|Slowking-Galar, F|100\/100\n|-weather|SunnyDay|[from] ability: Drought|[of] p1a: Bring The Sun\n|turn|1\n|\n|t:|1699900635\n|move|p2a: Slowking|Toxic Spikes|p1a: Bring The Sun\n|-sidestart|p1: Nitro524|move: Toxic Spikes\n|move|p1a: Bring The Sun|Stealth Rock|p2a: Slowking\n|-sidestart|p2: 1P1o1s1h1e1|move: Stealth Rock\n|\n|-weather|SunnyDay|[upkeep]\n|upkeep\n|turn|2\n|\n|t:|1699900645\n|move|p2a: Slowking|Chilly Reception|p2a: Slowking\n|-weather|Snow\n|\n|t:|1699900647\n|switch|p2a: Gholdengo|Gholdengo|100\/100|[from] Chilly Reception\n|-damage|p2a: Gholdengo|94\/100|[from] Stealth Rock\n|move|p1a: Bring The Sun|Lava Plume|p2a: Gholdengo\n|-supereffective|p2a: Gholdengo\n|-damage|p2a: Gholdengo|64\/100\n|\n|-weather|Snow|[upkeep]\n|-heal|p2a: Gholdengo|70\/100|[from] item: Leftovers\n|upkeep\n|turn|3\n|\n|t:|1699900659\n|move|p2a: Gholdengo|Shadow Ball|p1a: Bring The Sun\n|-damage|p1a: Bring The Sun|52\/100\n|-unboost|p1a: Bring The Sun|spd|1\n|move|p1a: Bring The Sun|Lava Plume|p2a: Gholdengo\n|-supereffective|p2a: Gholdengo\n|-damage|p2a: Gholdengo|35\/100\n|\n|-weather|Snow|[upkeep]\n|-heal|p2a: Gholdengo|41\/100|[from] item: Leftovers\n|upkeep\n|turn|4\n|inactive|Nitro524 has 270 seconds left.\n|\n|t:|1699900692\n|switch|p1a: Did Not Smile Back|Chi-Yu|100\/100\n|-status|p1a: Did Not Smile Back|psn\n|-ability|p1a: Did Not Smile Back|Beads of Ruin\n|move|p2a: Gholdengo|Recover|p2a: Gholdengo\n|-heal|p2a: Gholdengo|91\/100\n|\n|-weather|Snow|[upkeep]\n|-heal|p2a: Gholdengo|97\/100|[from] item: Leftovers\n|-damage|p1a: Did Not Smile Back|88\/100 psn|[from] psn\n|upkeep\n|turn|5\n|\n|t:|1699900701\n|switch|p2a: Dialga|Dialga|100\/100\n|-damage|p2a: Dialga|94\/100|[from] Stealth Rock\n|-ability|p2a: Dialga|Pressure\n|move|p1a: Did Not Smile Back|Flamethrower|p2a: Dialga\n|-damage|p2a: Dialga|48\/100\n|\n|-weather|Snow|[upkeep]\n|-heal|p2a: Dialga|54\/100|[from] item: Leftovers\n|-damage|p1a: Did Not Smile Back|76\/100 psn|[from] psn\n|upkeep\n|turn|6\n|\n|t:|1699900713\n|move|p1a: Did Not Smile Back|Flamethrower|p2a: Dialga\n|-damage|p2a: Dialga|13\/100\n|move|p2a: Dialga|Stealth Rock|p1a: Did Not Smile Back\n|-sidestart|p1: Nitro524|move: Stealth Rock\n|\n|-weather|none\n|-heal|p2a: Dialga|19\/100|[from] item: Leftovers\n|-damage|p1a: Did Not Smile Back|63\/100 psn|[from] psn\n|upkeep\n|turn|7\n|\n|t:|1699900721\n|switch|p2a: Blissey|Blissey, F|100\/100\n|move|p1a: Did Not Smile Back|Flamethrower|p2a: Blissey\n|-damage|p2a: Blissey|78\/100\n|\n|-damage|p1a: Did Not Smile Back|51\/100 psn|[from] psn\n|upkeep\n|turn|8\n|\n|t:|1699900736\n|move|p1a: Did Not Smile Back|Flamethrower|p2a: Blissey\n|-damage|p2a: Blissey|52\/100\n|-status|p2a: Blissey|brn\n|move|p2a: Blissey|Seismic Toss|p1a: Did Not Smile Back\n|-damage|p1a: Did Not Smile Back|11\/100 psn\n|\n|-damage|p1a: Did Not Smile Back|0 fnt|[from] psn\n|faint|p1a: Did Not Smile Back\n|-damage|p2a: Blissey|46\/100 brn|[from] brn\n|upkeep\n|\n|t:|1699900740\n|switch|p1a: Bring The Sun|Torkoal, M|52\/100\n|-status|p1a: Bring The Sun|psn\n|-damage|p1a: Bring The Sun|27\/100 psn|[from] Stealth Rock\n|-weather|SunnyDay|[from] ability: Drought|[of] p1a: Bring The Sun\n|turn|9\n|\n|t:|1699900750\n|-curestatus|p2a: Blissey|brn|[from] ability: Natural Cure\n|switch|p2a: Gholdengo|Gholdengo|97\/100\n|-damage|p2a: Gholdengo|91\/100|[from] Stealth Rock\n|move|p1a: Bring The Sun|Rapid Spin|p2a: Gholdengo\n|-immune|p2a: Gholdengo\n|\n|-weather|SunnyDay|[upkeep]\n|-heal|p2a: Gholdengo|97\/100|[from] item: Leftovers\n|-damage|p1a: Bring The Sun|14\/100 psn|[from] psn\n|upkeep\n|turn|10\n|c|\u2606Nitro524|fugg\n|\n|t:|1699900768\n|switch|p2a: Slowking|Slowking-Galar, F|100\/100\n|-damage|p2a: Slowking|88\/100|[from] Stealth Rock\n|move|p1a: Bring The Sun|Lava Plume|p2a: Slowking\n|-damage|p2a: Slowking|58\/100\n|\n|-weather|SunnyDay|[upkeep]\n|-damage|p1a: Bring The Sun|2\/100 psn|[from] psn\n|upkeep\n|turn|11\n|\n|t:|1699900776\n|move|p2a: Slowking|Chilly Reception|p2a: Slowking\n|-weather|Snow\n|\n|t:|1699900784\n|switch|p2a: Gholdengo|Gholdengo|97\/100|[from] Chilly Reception\n|-damage|p2a: Gholdengo|91\/100|[from] Stealth Rock\n|move|p1a: Bring The Sun|Rapid Spin|p2a: Gholdengo\n|-immune|p2a: Gholdengo\n|\n|-weather|Snow|[upkeep]\n|-heal|p2a: Gholdengo|97\/100|[from] item: Leftovers\n|-damage|p1a: Bring The Sun|0 fnt|[from] psn\n|faint|p1a: Bring The Sun\n|upkeep\n|c|\u2606Nitro524|im gonna poop\n|\n|t:|1699900799\n|switch|p1a: Arceus|Arceus-Fire|100\/100\n|-status|p1a: Arceus|psn\n|-damage|p1a: Arceus|76\/100 psn|[from] Stealth Rock\n|turn|12\n|c|\u26061P1o1s1h1e1|rip\n|c|\u2606Nitro524|alas\n|c|\u2606Nitro524|re?\n|\n|t:|1699900810\n|switch|p2a: Quagsire|Quagsire, F|100\/100\n|-damage|p2a: Quagsire|94\/100|[from] Stealth Rock\n|move|p1a: Arceus|Dragon Dance|p1a: Arceus\n|-boost|p1a: Arceus|atk|1\n|-boost|p1a: Arceus|spe|1\n|\n|-weather|Snow|[upkeep]\n|-heal|p2a: Quagsire|100\/100|[from] item: Leftovers\n|-damage|p1a: Arceus|63\/100 psn|[from] psn\n|upkeep\n|turn|13\n|\n|t:|1699900816\n|move|p1a: Arceus|Recover|p1a: Arceus\n|-heal|p1a: Arceus|100\/100 psn\n|move|p2a: Quagsire|Curse|p2a: Quagsire\n|-unboost|p2a: Quagsire|spe|1\n|-boost|p2a: Quagsire|atk|1\n|-boost|p2a: Quagsire|def|1\n|\n|-weather|Snow|[upkeep]\n|-damage|p1a: Arceus|88\/100 psn|[from] psn\n|upkeep\n|turn|14\n|\n|t:|1699900827\n|move|p1a: Arceus|Earthquake|p2a: Quagsire\n|-damage|p2a: Quagsire|84\/100\n|move|p2a: Quagsire|Earthquake|p1a: Arceus\n|-supereffective|p1a: Arceus\n|-damage|p1a: Arceus|18\/100 psn\n|\n|-weather|Snow|[upkeep]\n|-heal|p2a: Quagsire|90\/100|[from] item: Leftovers\n|-damage|p1a: Arceus|6\/100 psn|[from] psn\n|upkeep\n|turn|15\n|\n|t:|1699900838\n|move|p1a: Arceus|Earthquake|p2a: Quagsire\n|-damage|p2a: Quagsire|76\/100\n|move|p2a: Quagsire|Earthquake|p1a: Arceus\n|-supereffective|p1a: Arceus\n|-damage|p1a: Arceus|0 fnt\n|faint|p1a: Arceus\n|\n|-weather|none\n|-heal|p2a: Quagsire|82\/100|[from] item: Leftovers\n|upkeep\n|\n|t:|1699900841\n|switch|p1a: Hector Salamanca|Roaring Moon|100\/100\n|-status|p1a: Hector Salamanca|psn\n|-damage|p1a: Hector Salamanca|88\/100 psn|[from] Stealth Rock\n|-enditem|p1a: Hector Salamanca|Booster Energy\n|-activate|p1a: Hector Salamanca|ability: Protosynthesis|[fromitem]\n|-start|p1a: Hector Salamanca|protosynthesisspe\n|turn|16\n|\n|t:|1699900846\n|move|p1a: Hector Salamanca|Knock Off|p2a: Quagsire\n|-damage|p2a: Quagsire|58\/100\n|-enditem|p2a: Quagsire|Leftovers|[from] move: Knock Off|[of] p1a: Hector Salamanca\n|move|p2a: Quagsire|Earthquake|p1a: Hector Salamanca\n|-damage|p1a: Hector Salamanca|33\/100 psn\n|\n|-damage|p1a: Hector Salamanca|20\/100 psn|[from] psn\n|upkeep\n|turn|17\n|-message|Nitro524 forfeited.\n|\n|win|1P1o1s1h1e1\n|l|\u2606Nitro524\n","uploadtime":1699900861,"views":8,"p1id":"nitro524","p2id":"1p1o1s1h1e1","formatid":"gen9ubers","rating":0,"private":0,"password":""}