{"id":"gen9ubers-1991406221","p1":"KamilouSensei","p2":"mystori_","format":"[Gen 9] Ubers","log":"|j|\u2606KamilouSensei\n|j|\u2606mystori_\n|t:|1700074422\n|gametype|singles\n|player|p1|KamilouSensei|benga|1154\n|player|p2|mystori_|shauntal|1104\n|teamsize|p1|6\n|teamsize|p2|6\n|gen|9\n|tier|[Gen 9] Ubers\n|rated|\n|rule|Sleep Clause Mod: Limit one foe put to sleep\n|rule|Species Clause: Limit one of each Pok\u00e9mon\n|rule|OHKO Clause: OHKO moves are banned\n|rule|Evasion Items Clause: Evasion items are banned\n|rule|Evasion Moves Clause: Evasion moves are banned\n|rule|Endless Battle Clause: Forcing endless battles is banned\n|rule|HP Percentage Mod: HP is shown in percentages\n|clearpoke\n|poke|p1|Eternatus|\n|poke|p1|Samurott-Hisui, M|\n|poke|p1|Miraidon|\n|poke|p1|Arceus-Ground|\n|poke|p1|Zacian-*|\n|poke|p1|Koraidon|\n|poke|p2|Lucario, M|\n|poke|p2|Floatzel, F|\n|poke|p2|Sandslash, M|\n|poke|p2|Zoroark, M|\n|poke|p2|Kingambit, F|\n|poke|p2|Tinkaton, F|\n|teampreview\n|inactive|Battle timer is ON: inactive players will automatically lose when time's up. (requested by mystori_)\n|\n|t:|1700074447\n|start\n|switch|p1a: Samurott|Samurott-Hisui, M, shiny|100\/100\n|switch|p2a: Knuckles|Sandslash, M, shiny|100\/100\n|turn|1\n|\n|t:|1700074456\n|switch|p2a: Tails|Floatzel, F|100\/100\n|move|p1a: Samurott|Aqua Cutter|p2a: Tails\n|-resisted|p2a: Tails\n|-damage|p2a: Tails|52\/100\n|\n|upkeep\n|turn|2\n|\n|t:|1700074464\n|move|p2a: Tails|Rock Tomb|p1a: Samurott\n|-damage|p1a: Samurott|78\/100\n|-unboost|p1a: Samurott|spe|1\n|move|p1a: Samurott|Ceaseless Edge|p2a: Tails\n|-damage|p2a: Tails|0 fnt\n|-sidestart|p2: mystori_|Spikes\n|faint|p2a: Tails\n|\n|upkeep\n|\n|t:|1700074473\n|switch|p2a: Amy|Tinkaton, F, shiny|100\/100\n|-damage|p2a: Amy|88\/100|[from] Spikes\n|-ability|p2a: Amy|Mold Breaker\n|turn|3\n|\n|t:|1700074485\n|move|p2a: Amy|Fake Out|p1a: Samurott\n|-damage|p1a: Samurott|65\/100\n|cant|p1a: Samurott|flinch\n|\n|upkeep\n|turn|4\n|\n|t:|1700074491\n|move|p2a: Amy|Play Rough|p1a: Samurott\n|-supereffective|p1a: Samurott\n|-damage|p1a: Samurott|0 fnt\n|faint|p1a: Samurott\n|\n|upkeep\n|\n|t:|1700074515\n|switch|p1a: Arceus|Arceus-Ground, shiny|100\/100\n|turn|5\n|j| accident_57\n|\n|t:|1700074532\n|move|p1a: Arceus|Earthquake|p2a: Amy\n|-supereffective|p2a: Amy\n|-damage|p2a: Amy|0 fnt\n|faint|p2a: Amy\n|\n|upkeep\n|\n|t:|1700074542\n|switch|p2a: Knuckles|Sandslash, M, shiny|100\/100\n|-damage|p2a: Knuckles|88\/100|[from] Spikes\n|turn|6\n|\n|t:|1700074548\n|move|p1a: Arceus|Earthquake|p2a: Knuckles\n|-damage|p2a: Knuckles|35\/100\n|move|p2a: Knuckles|Earthquake|p1a: Arceus\n|-damage|p1a: Arceus|44\/100\n|\n|upkeep\n|turn|7\n|\n|t:|1700074555\n|move|p1a: Arceus|Earthquake|p2a: Knuckles\n|-damage|p2a: Knuckles|0 fnt\n|faint|p2a: Knuckles\n|\n|upkeep\n|\n|t:|1700074565\n|switch|p2a: Sonic|Lucario, M|100\/100\n|-damage|p2a: Sonic|88\/100|[from] Spikes\n|turn|8\n|\n|t:|1700074572\n|move|p1a: Arceus|Earthquake|p2a: Sonic\n|-supereffective|p2a: Sonic\n|-damage|p2a: Sonic|0 fnt\n|faint|p2a: Sonic\n|\n|upkeep\n|\n|t:|1700074577\n|switch|p2a: Dr. Eggman|Kingambit, F|100\/100\n|-damage|p2a: Dr. Eggman|88\/100|[from] Spikes\n|-activate|p2a: Dr. Eggman|ability: Supreme Overlord\n|-start|p2a: Dr. Eggman|fallen4|[silent]\n|turn|9\n|\n|t:|1700074583\n|-terastallize|p2a: Dr. Eggman|Dark\n|move|p2a: Dr. Eggman|Sucker Punch||[still]\n|-fail|p2a: Dr. Eggman\n|move|p1a: Arceus|Recover|p1a: Arceus\n|-heal|p1a: Arceus|94\/100\n|\n|upkeep\n|turn|10\n|\n|t:|1700074591\n|move|p2a: Dr. Eggman|Protect|p2a: Dr. Eggman\n|-singleturn|p2a: Dr. Eggman|Protect\n|move|p1a: Arceus|Dragon Dance|p1a: Arceus\n|-boost|p1a: Arceus|atk|1\n|-boost|p1a: Arceus|spe|1\n|\n|upkeep\n|turn|11\n|\n|t:|1700074601\n|move|p1a: Arceus|Dragon Dance|p1a: Arceus\n|-boost|p1a: Arceus|atk|1\n|-boost|p1a: Arceus|spe|1\n|move|p2a: Dr. Eggman|Iron Head|p1a: Arceus\n|-damage|p1a: Arceus|26\/100\n|-damage|p2a: Dr. Eggman|78\/100|[from] item: Life Orb\n|\n|upkeep\n|turn|12\n|\n|t:|1700074613\n|move|p2a: Dr. Eggman|Protect|p2a: Dr. Eggman\n|-singleturn|p2a: Dr. Eggman|Protect\n|move|p1a: Arceus|Earthquake|p2a: Dr. Eggman\n|-activate|p2a: Dr. Eggman|move: Protect\n|\n|upkeep\n|turn|13\n|\n|t:|1700074619\n|move|p2a: Dr. Eggman|Sucker Punch||[still]\n|-fail|p2a: Dr. Eggman\n|move|p1a: Arceus|Recover|p1a: Arceus\n|-heal|p1a: Arceus|76\/100\n|\n|upkeep\n|turn|14\n|\n|t:|1700074627\n|move|p2a: Dr. Eggman|Sucker Punch||[still]\n|-fail|p2a: Dr. Eggman\n|move|p1a: Arceus|Dragon Dance|p1a: Arceus\n|-boost|p1a: Arceus|atk|1\n|-boost|p1a: Arceus|spe|1\n|\n|upkeep\n|turn|15\n|\n|t:|1700074634\n|move|p1a: Arceus|Earthquake|p2a: Dr. Eggman\n|-damage|p2a: Dr. Eggman|0 fnt\n|faint|p2a: Dr. Eggman\n|-end|p2a: Dr. Eggman|fallen4|[silent]\n|\n|upkeep\n|-message|mystori_ forfeited.\n|\n|win|KamilouSensei\n|raw|KamilouSensei's rating: 1154 &rarr; <strong>1175<\/strong><br \/>(+21 for winning)\n|raw|mystori_'s rating: 1104 &rarr; <strong>1083<\/strong><br \/>(-21 for losing)\n|l|\u2606mystori_\n|l| accident_57\n","uploadtime":1700074672,"views":7,"p1id":"kamilousensei","p2id":"mystori","formatid":"gen9ubers","rating":1083,"private":0,"password":""}