{"id":"gen9ubers-1997182415","p1":"PennyPoffen","p2":"sou_ruim_e_nobola","format":"[Gen 9] Ubers","log":"|j|\u2606PennyPoffen\n|j|\u2606sou_ruim_e_nobola\n|t:|1700772972\n|gametype|singles\n|player|p1|PennyPoffen|dawn-gen4pt|1192\n|player|p2|sou_ruim_e_nobola|1|1164\n|teamsize|p1|6\n|teamsize|p2|6\n|gen|9\n|tier|[Gen 9] Ubers\n|rated|\n|rule|Sleep Clause Mod: Limit one foe put to sleep\n|rule|Species Clause: Limit one of each Pok\u00e9mon\n|rule|OHKO Clause: OHKO moves are banned\n|rule|Evasion Items Clause: Evasion items are banned\n|rule|Evasion Moves Clause: Evasion moves are banned\n|rule|Endless Battle Clause: Forcing endless battles is banned\n|rule|HP Percentage Mod: HP is shown in percentages\n|clearpoke\n|poke|p1|Electrode-Hisui|\n|poke|p1|Orthworm, M|\n|poke|p1|Arceus|\n|poke|p1|Cyclizar, F|\n|poke|p1|Dragonite, F|\n|poke|p1|Shaymin-Sky|\n|poke|p2|Calyrex-Ice|\n|poke|p2|Hatterene, F|\n|poke|p2|Cresselia, F|\n|poke|p2|Kyogre|\n|poke|p2|Amoonguss, F|\n|poke|p2|Groudon|\n|teampreview\n|\n|t:|1700772978\n|start\n|switch|p1a: Cyclizar|Cyclizar, F|100\/100\n|switch|p2a: Calyrex|Calyrex-Ice|100\/100\n|-ability|p2a: Calyrex|As One\n|-ability|p2a: Calyrex|Unnerve\n|turn|1\n|\n|t:|1700772983\n|move|p1a: Cyclizar|U-turn|p2a: Calyrex\n|-supereffective|p2a: Calyrex\n|-crit|p2a: Calyrex\n|-damage|p2a: Calyrex|76\/100\n|\n|t:|1700772987\n|switch|p1a: Orthworm|Orthworm, M|100\/100|[from] U-turn\n|move|p2a: Calyrex|Swords Dance|p2a: Calyrex\n|-boost|p2a: Calyrex|atk|2\n|\n|upkeep\n|turn|2\n|\n|t:|1700772994\n|move|p1a: Orthworm|Iron Tail|p2a: Calyrex\n|-supereffective|p2a: Calyrex\n|-damage|p2a: Calyrex|29\/100\n|move|p2a: Calyrex|Trick Room|p2a: Calyrex\n|-fieldstart|move: Trick Room|[of] p2a: Calyrex\n|\n|upkeep\n|turn|3\n|\n|t:|1700773002\n|move|p2a: Calyrex|High Horsepower|p1a: Orthworm\n|-immune|p1a: Orthworm|[from] ability: Earth Eater\n|move|p1a: Orthworm|Iron Tail|p2a: Calyrex|[miss]\n|-miss|p1a: Orthworm|p2a: Calyrex\n|\n|upkeep\n|turn|4\n|\n|t:|1700773007\n|move|p2a: Calyrex|Glacial Lance|p1a: Orthworm\n|-resisted|p1a: Orthworm\n|-damage|p1a: Orthworm|33\/100\n|move|p1a: Orthworm|Iron Tail|p2a: Calyrex\n|-supereffective|p2a: Calyrex\n|-damage|p2a: Calyrex|0 fnt\n|faint|p2a: Calyrex\n|\n|-heal|p1a: Orthworm|39\/100|[from] item: Leftovers\n|upkeep\n|\n|t:|1700773011\n|switch|p2a: Cresselia|Cresselia, F|100\/100\n|turn|5\n|\n|t:|1700773015\n|move|p1a: Orthworm|Iron Tail|p2a: Cresselia|[miss]\n|-miss|p1a: Orthworm|p2a: Cresselia\n|move|p2a: Cresselia|Moonblast|p1a: Orthworm\n|-resisted|p1a: Orthworm\n|-damage|p1a: Orthworm|26\/100\n|\n|-heal|p1a: Orthworm|33\/100|[from] item: Leftovers\n|upkeep\n|turn|6\n|\n|t:|1700773021\n|move|p1a: Orthworm|Iron Tail|p2a: Cresselia\n|-damage|p2a: Cresselia|67\/100\n|move|p2a: Cresselia|Moonblast|p1a: Orthworm\n|-resisted|p1a: Orthworm\n|-damage|p1a: Orthworm|18\/100\n|\n|-heal|p1a: Orthworm|24\/100|[from] item: Leftovers\n|-heal|p2a: Cresselia|73\/100|[from] item: Leftovers\n|-fieldend|move: Trick Room\n|upkeep\n|turn|7\n|\n|t:|1700773029\n|move|p2a: Cresselia|Moonblast|p1a: Orthworm\n|-resisted|p1a: Orthworm\n|-damage|p1a: Orthworm|12\/100\n|move|p1a: Orthworm|Iron Tail|p2a: Cresselia\n|-damage|p2a: Cresselia|42\/100\n|\n|-heal|p2a: Cresselia|48\/100|[from] item: Leftovers\n|-heal|p1a: Orthworm|18\/100|[from] item: Leftovers\n|upkeep\n|turn|8\n|\n|t:|1700773035\n|move|p2a: Cresselia|Moonblast|p1a: Orthworm\n|-resisted|p1a: Orthworm\n|-damage|p1a: Orthworm|5\/100\n|move|p1a: Orthworm|Iron Tail|p2a: Cresselia\n|-crit|p2a: Cresselia\n|-damage|p2a: Cresselia|2\/100\n|-unboost|p2a: Cresselia|def|1\n|\n|-heal|p2a: Cresselia|8\/100|[from] item: Leftovers\n|-heal|p1a: Orthworm|11\/100|[from] item: Leftovers\n|upkeep\n|turn|9\n|\n|t:|1700773044\n|move|p2a: Cresselia|Moonblast|p1a: Orthworm\n|-resisted|p1a: Orthworm\n|-damage|p1a: Orthworm|0 fnt\n|faint|p1a: Orthworm\n|\n|-heal|p2a: Cresselia|14\/100|[from] item: Leftovers\n|upkeep\n|\n|t:|1700773050\n|switch|p1a: Cyclizar|Cyclizar, F|100\/100\n|turn|10\n|\n|t:|1700773053\n|move|p1a: Cyclizar|U-turn|p2a: Cresselia\n|-supereffective|p2a: Cresselia\n|-damage|p2a: Cresselia|0 fnt\n|faint|p2a: Cresselia\n|\n|t:|1700773058\n|switch|p1a: Shaymin|Shaymin-Sky|100\/100|[from] U-turn\n|\n|upkeep\n|\n|t:|1700773063\n|switch|p2a: Groudon|Groudon|100\/100\n|-weather|SunnyDay|[from] ability: Drought|[of] p2a: Groudon\n|turn|11\n|\n|t:|1700773068\n|move|p1a: Shaymin|Seed Flare|p2a: Groudon\n|-supereffective|p2a: Groudon\n|-crit|p2a: Groudon\n|-damage|p2a: Groudon|0 fnt\n|faint|p2a: Groudon\n|\n|-weather|SunnyDay|[upkeep]\n|upkeep\n|\n|t:|1700773071\n|switch|p2a: Kyogre|Kyogre|100\/100\n|-weather|RainDance|[from] ability: Drizzle|[of] p2a: Kyogre\n|turn|12\n|\n|t:|1700773079\n|move|p1a: Shaymin|Seed Flare|p2a: Kyogre\n|-supereffective|p2a: Kyogre\n|-damage|p2a: Kyogre|29\/100\n|-unboost|p2a: Kyogre|spd|2\n|move|p2a: Kyogre|Water Spout|p1a: Shaymin\n|-resisted|p1a: Shaymin\n|-damage|p1a: Shaymin|76\/100\n|\n|-weather|RainDance|[upkeep]\n|upkeep\n|turn|13\n|-message|sou_ruim_e_nobola forfeited.\n|\n|win|PennyPoffen\n|raw|PennyPoffen's rating: 1192 &rarr; <strong>1215<\/strong><br \/>(+23 for winning)\n|raw|sou_ruim_e_nobola's rating: 1164 &rarr; <strong>1141<\/strong><br \/>(-23 for losing)\n|l|\u2606sou_ruim_e_nobola\n","uploadtime":1700773095,"views":5,"p1id":"pennypoffen","p2id":"souruimenobola","formatid":"gen9ubers","rating":1141,"private":0,"password":""}