{"id":"gen9ubers-1996507332","p1":"Lux2821","p2":"Elix1","format":"[Gen 9] Ubers","log":"|j|\u2606Lux2821\n|j|\u2606Elix1\n|t:|1700688779\n|gametype|singles\n|player|p1|Lux2821|lusamine-nihilego|\n|player|p2|Elix1|volkner|\n|teamsize|p1|6\n|teamsize|p2|6\n|gen|9\n|tier|[Gen 9] Ubers\n|rule|Sleep Clause Mod: Limit one foe put to sleep\n|rule|Species Clause: Limit one of each Pok\u00e9mon\n|rule|OHKO Clause: OHKO moves are banned\n|rule|Evasion Items Clause: Evasion items are banned\n|rule|Evasion Moves Clause: Evasion moves are banned\n|rule|Endless Battle Clause: Forcing endless battles is banned\n|rule|HP Percentage Mod: HP is shown in percentages\n|clearpoke\n|poke|p1|Volcarona, M|\n|poke|p1|Regieleki|\n|poke|p1|Gliscor, M|\n|poke|p1|Koraidon|\n|poke|p1|Kyogre|\n|poke|p1|Zacian-*|\n|poke|p2|Miraidon|\n|poke|p2|Flutter Mane|\n|poke|p2|Koraidon|\n|poke|p2|Shiftry, M|\n|poke|p2|Great Tusk|\n|poke|p2|Groudon|\n|teampreview\n|inactive|Battle timer is ON: inactive players will automatically lose when time's up. (requested by Lux2821)\n|inactive|Elix1 also wants the timer to be on.\n|c|\u2606Elix1|Hf\n|j| Jixel\n|c|\u2606Lux2821|u2\n|\n|t:|1700688802\n|start\n|switch|p1a: Zacian|Zacian-Crowned|100\/100\n|switch|p2a: Groudon|Groudon|100\/100\n|-ability|p1a: Zacian|Intrepid Sword|boost\n|-boost|p1a: Zacian|atk|1\n|-weather|SunnyDay|[from] ability: Drought|[of] p2a: Groudon\n|turn|1\n|\n|t:|1700688810\n|switch|p1a: Gliscor|Gliscor, M|100\/100\n|move|p2a: Groudon|Precipice Blades|p1a: Gliscor\n|-immune|p1a: Gliscor\n|\n|-weather|SunnyDay|[upkeep]\n|-status|p1a: Gliscor|tox|[from] item: Toxic Orb\n|upkeep\n|turn|2\n|\n|t:|1700688817\n|move|p1a: Gliscor|Toxic|p2a: Groudon\n|-status|p2a: Groudon|tox\n|move|p2a: Groudon|Stealth Rock|p1a: Gliscor\n|-sidestart|p1: Lux2821|move: Stealth Rock\n|\n|-weather|SunnyDay|[upkeep]\n|-damage|p2a: Groudon|94\/100 tox|[from] psn\n|upkeep\n|turn|3\n|\n|t:|1700688831\n|switch|p2a: Shiftry|Shiftry, M|100\/100\n|move|p1a: Gliscor|Spikes|p2a: Shiftry\n|-sidestart|p2: Elix1|Spikes\n|\n|-weather|SunnyDay|[upkeep]\n|upkeep\n|turn|4\n|c|\u2606Lux2821|I know you can't touch me\n|c|\u2606Lux2821|with that\n|\n|t:|1700688848\n|move|p2a: Shiftry|Solar Blade||[still]\n|-prepare|p2a: Shiftry|Solar Blade\n|-anim|p2a: Shiftry|Solar Blade|p1a: Gliscor\n|-damage|p1a: Gliscor|67\/100 tox\n|move|p1a: Gliscor|Toxic|p2a: Shiftry\n|-status|p2a: Shiftry|tox\n|\n|-weather|SunnyDay|[upkeep]\n|-damage|p2a: Shiftry|94\/100 tox|[from] psn\n|-heal|p1a: Gliscor|79\/100 tox|[from] ability: Poison Heal\n|upkeep\n|turn|5\n|\n|t:|1700688855\n|move|p1a: Gliscor|Protect|p1a: Gliscor\n|-singleturn|p1a: Gliscor|Protect\n|move|p2a: Shiftry|Swords Dance|p2a: Shiftry\n|-boost|p2a: Shiftry|atk|2\n|\n|-weather|SunnyDay|[upkeep]\n|-damage|p2a: Shiftry|82\/100 tox|[from] psn\n|-heal|p1a: Gliscor|91\/100 tox|[from] ability: Poison Heal\n|upkeep\n|turn|6\n|\n|t:|1700688859\n|move|p2a: Shiftry|Solar Blade||[still]\n|-prepare|p2a: Shiftry|Solar Blade\n|-anim|p2a: Shiftry|Solar Blade|p1a: Gliscor\n|-damage|p1a: Gliscor|17\/100 tox\n|move|p1a: Gliscor|Spikes|p2a: Shiftry\n|-sidestart|p2: Elix1|Spikes\n|\n|-weather|SunnyDay|[upkeep]\n|-damage|p2a: Shiftry|63\/100 tox|[from] psn\n|-heal|p1a: Gliscor|29\/100 tox|[from] ability: Poison Heal\n|upkeep\n|turn|7\n|c|\u2606Elix1|Mhm\n|\n|t:|1700688871\n|move|p1a: Gliscor|Protect|p1a: Gliscor\n|-singleturn|p1a: Gliscor|Protect\n|move|p2a: Shiftry|Swords Dance|p2a: Shiftry\n|-boost|p2a: Shiftry|atk|2\n|\n|-weather|SunnyDay|[upkeep]\n|-damage|p2a: Shiftry|38\/100 tox|[from] psn\n|-heal|p1a: Gliscor|41\/100 tox|[from] ability: Poison Heal\n|upkeep\n|turn|8\n|c|\u2606Lux2821|bro thinks he's him\n|\n|t:|1700688880\n|move|p1a: Gliscor|Protect||[still]\n|-fail|p1a: Gliscor\n|move|p2a: Shiftry|Knock Off|p1a: Gliscor\n|-damage|p1a: Gliscor|0 fnt\n|-enditem|p1a: Gliscor|Toxic Orb|[from] move: Knock Off|[of] p2a: Shiftry\n|faint|p1a: Gliscor\n|\n|-weather|none\n|-damage|p2a: Shiftry|7\/100 tox|[from] psn\n|upkeep\n|\n|t:|1700688891\n|switch|p1a: Regieleki|Regieleki|100\/100\n|-damage|p1a: Regieleki|88\/100|[from] Stealth Rock\n|turn|9\n|\n|t:|1700688894\n|move|p2a: Shiftry|Sucker Punch|p1a: Regieleki\n|-damage|p1a: Regieleki|0 fnt\n|faint|p1a: Regieleki\n|\n|-damage|p2a: Shiftry|0 fnt|[from] psn\n|faint|p2a: Shiftry\n|upkeep\n|c|\u2606Elix1|He is him\n|c|\u2606Lux2821|should have set up screens smh\n|c|\u2606Elix1|Yup\n|\n|t:|1700688911\n|switch|p1a: Kyogre|Kyogre, shiny|100\/100\n|switch|p2a: Groudon|Groudon|94\/100 tox\n|-damage|p1a: Kyogre|88\/100|[from] Stealth Rock\n|-weather|RainDance|[from] ability: Drizzle|[of] p1a: Kyogre\n|-damage|p2a: Groudon|78\/100 tox|[from] Spikes\n|-weather|SunnyDay|[from] ability: Drought|[of] p2a: Groudon\n|turn|10\n|\n|t:|1700688929\n|move|p1a: Kyogre|Substitute|p1a: Kyogre\n|-start|p1a: Kyogre|Substitute\n|-damage|p1a: Kyogre|63\/100\n|move|p2a: Groudon|Precipice Blades|p1a: Kyogre\n|-crit|p1a: Kyogre\n|-end|p1a: Kyogre|Substitute\n|\n|-weather|SunnyDay|[upkeep]\n|-heal|p1a: Kyogre|69\/100|[from] item: Leftovers\n|-damage|p2a: Groudon|72\/100 tox|[from] psn\n|upkeep\n|turn|11\n|\n|t:|1700688934\n|move|p1a: Kyogre|Ice Beam|p2a: Groudon\n|-supereffective|p2a: Groudon\n|-damage|p2a: Groudon|33\/100 tox\n|move|p2a: Groudon|Precipice Blades|p1a: Kyogre\n|-damage|p1a: Kyogre|28\/100\n|\n|-weather|SunnyDay|[upkeep]\n|-heal|p1a: Kyogre|34\/100|[from] item: Leftovers\n|-damage|p2a: Groudon|21\/100 tox|[from] psn\n|upkeep\n|turn|12\n|\n|t:|1700688941\n|move|p1a: Kyogre|Ice Beam|p2a: Groudon\n|-supereffective|p2a: Groudon\n|-damage|p2a: Groudon|0 fnt\n|faint|p2a: Groudon\n|\n|-weather|SunnyDay|[upkeep]\n|-heal|p1a: Kyogre|40\/100|[from] item: Leftovers\n|upkeep\n|\n|t:|1700688943\n|switch|p2a: Miraidon|Miraidon|100\/100\n|-damage|p2a: Miraidon|84\/100|[from] Spikes\n|-fieldstart|move: Electric Terrain|[from] ability: Hadron Engine|[of] p2a: Miraidon\n|turn|13\n|\n|t:|1700688954\n|move|p2a: Miraidon|Agility|p2a: Miraidon\n|-boost|p2a: Miraidon|spe|2\n|move|p1a: Kyogre|Ice Beam|p2a: Miraidon\n|-supereffective|p2a: Miraidon\n|-damage|p2a: Miraidon|35\/100\n|-enditem|p2a: Miraidon|Weakness Policy\n|-boost|p2a: Miraidon|atk|2|[from] item: Weakness Policy\n|-boost|p2a: Miraidon|spa|2|[from] item: Weakness Policy\n|\n|-weather|SunnyDay|[upkeep]\n|-heal|p1a: Kyogre|47\/100|[from] item: Leftovers\n|upkeep\n|turn|14\n|c|\u2606Elix1|Hell yeah\n|\n|t:|1700688972\n|move|p2a: Miraidon|Parabolic Charge|p1a: Kyogre\n|-supereffective|p1a: Kyogre\n|-damage|p1a: Kyogre|0 fnt\n|-heal|p2a: Miraidon|62\/100|[from] drain|[of] p1a: Kyogre\n|faint|p1a: Kyogre\n|\n|-weather|SunnyDay|[upkeep]\n|upkeep\n|\n|t:|1700688974\n|switch|p1a: Zacian|Zacian-Crowned|100\/100\n|-damage|p1a: Zacian|94\/100|[from] Stealth Rock\n|turn|15\n|\n|t:|1700688985\n|-terastallize|p2a: Miraidon|Fairy\n|move|p2a: Miraidon|Parabolic Charge|p1a: Zacian\n|-damage|p1a: Zacian|0 fnt\n|-heal|p2a: Miraidon|100\/100|[from] drain|[of] p1a: Zacian\n|faint|p1a: Zacian\n|\n|-weather|SunnyDay|[upkeep]\n|upkeep\n|c|\u2606Lux2821|gg\n|c|\u2606Elix1|Gg\n|-message|Lux2821 forfeited.\n|\n|win|Elix1\n|l|\u2606Lux2821\n|l|\u2606Elix1\n|l| Jixel\n|j|\u2606Elix1\n|player|p2|Elix1|volkner\n","uploadtime":1700689290,"views":2,"p1id":"lux2821","p2id":"elix1","formatid":"gen9ubers","rating":0,"private":0,"password":""}