{"id":"gen9ubers-1976358626","p1":"godiamsosorry","p2":"Dragon Master Rosa","format":"[Gen 9] Ubers","log":"|j|\u2606godiamsosorry\n|j|\u2606Dragon Master Rosa\n|t:|1698290879\n|gametype|singles\n|player|p1|godiamsosorry|scientistf|\n|player|p2|Dragon Master Rosa|dragontamer-gen9|\n|teamsize|p1|6\n|teamsize|p2|6\n|gen|9\n|tier|[Gen 9] Ubers\n|rule|Sleep Clause Mod: Limit one foe put to sleep\n|rule|Species Clause: Limit one of each Pok\u00e9mon\n|rule|OHKO Clause: OHKO moves are banned\n|rule|Evasion Items Clause: Evasion items are banned\n|rule|Evasion Moves Clause: Evasion moves are banned\n|rule|Endless Battle Clause: Forcing endless battles is banned\n|rule|HP Percentage Mod: HP is shown in percentages\n|clearpoke\n|poke|p1|Klefki, M|\n|poke|p1|Medicham, M|\n|poke|p1|Zoroark-Hisui, M|\n|poke|p1|Palafin, M|\n|poke|p1|Azelf|\n|poke|p1|Enamorus, F|\n|poke|p2|Clefable, M|\n|poke|p2|Iron Hands|\n|poke|p2|Zoroark-Hisui, F|\n|poke|p2|Slowking-Galar, L99, F|\n|poke|p2|Landorus-Therian, M|\n|poke|p2|Cinderace, F|\n|teampreview\n|c|\u2606godiamsosorry|...\n|c|\u2606godiamsosorry|What are you cooking?\n|c|\u2606Dragon Master Rosa|\"oh brother\"\n|c|\u2606godiamsosorry|Oh, brother.\n|c|\u2606Dragon Master Rosa|brian's 20th game btw\n|c|\u2606godiamsosorry|Oh HELL naw.\n|c|\u2606Dragon Master Rosa|and lando's 90th\n|c|\u2606godiamsosorry|LOL\n|c|\u2606Dragon Master Rosa|and cinderace's 3rd...\n|c|\u2606godiamsosorry|THIRD???\n|c|\u2606godiamsosorry|THERE ARE MORE THAN ONE???\n|\n|t:|1698290992\n|start\n|switch|p1a: Klefki|Klefki, M, shiny|100\/100\n|switch|p2a: Clefable|Clefable, M|100\/100\n|turn|1\n|\n|t:|1698291003\n|switch|p2a: Cinderace|Cinderace, F|100\/100\n|move|p1a: Klefki|Thunder Wave|p2a: Cinderace\n|-status|p2a: Cinderace|par\n|\n|upkeep\n|turn|2\n|c|\u2606godiamsosorry|I think some of us need to stop using crack.\n|\n|t:|1698291012\n|move|p1a: Klefki|Light Screen|p1a: Klefki\n|-sidestart|p1: godiamsosorry|move: Light Screen\n|move|p2a: Cinderace|Fire Blast|p1a: Klefki\n|-supereffective|p1a: Klefki\n|-damage|p1a: Klefki|58\/100\n|\n|upkeep\n|turn|3\n|\n|t:|1698291015\n|move|p1a: Klefki|Reflect|p1a: Klefki\n|-sidestart|p1: godiamsosorry|Reflect\n|move|p2a: Cinderace|Court Change|p2a: Cinderace\n|-start|p2a: Cinderace|typechange|Normal|[from] ability: Libero\n|-swapsideconditions\n|-activate|p2a: Cinderace|move: Court Change\n|\n|upkeep\n|turn|4\n|c|\u2606Dragon Master Rosa|mine\n|\n|t:|1698291025\n|switch|p2a: Landorus|Landorus-Therian, M|100\/100\n|-ability|p2a: Landorus|Intimidate|boost\n|-unboost|p1a: Klefki|atk|1\n|move|p1a: Klefki|Light Screen|p1a: Klefki\n|-sidestart|p1: godiamsosorry|move: Light Screen\n|\n|upkeep\n|turn|5\n|\n|t:|1698291027\n|move|p1a: Klefki|Reflect|p1a: Klefki\n|-sidestart|p1: godiamsosorry|Reflect\n|move|p2a: Landorus|Substitute|p2a: Landorus\n|-start|p2a: Landorus|Substitute\n|-damage|p2a: Landorus|76\/100\n|\n|-heal|p2a: Landorus|82\/100|[from] item: Leftovers\n|upkeep\n|turn|6\n|\n|t:|1698291032\n|switch|p1a: Palafin|Palafin, M|100\/100\n|move|p2a: Landorus|Nasty Plot|p2a: Landorus\n|-boost|p2a: Landorus|spa|2\n|\n|-heal|p2a: Landorus|88\/100|[from] item: Leftovers\n|upkeep\n|turn|7\n|\n|t:|1698291038\n|detailschange|p1a: Palafin|Palafin-Hero, M\n|switch|p1a: Enamorus|Enamorus, F|100\/100\n|move|p2a: Landorus|Nasty Plot|p2a: Landorus\n|-boost|p2a: Landorus|spa|2\n|\n|-heal|p2a: Landorus|94\/100|[from] item: Leftovers\n|upkeep\n|turn|8\n|\n|t:|1698291043\n|move|p1a: Enamorus|Substitute|p1a: Enamorus\n|-start|p1a: Enamorus|Substitute\n|-damage|p1a: Enamorus|76\/100\n|move|p2a: Landorus|Nasty Plot|p2a: Landorus\n|-boost|p2a: Landorus|spa|2\n|\n|-heal|p1a: Enamorus|82\/100|[from] item: Leftovers\n|-heal|p2a: Landorus|99\/100|[from] item: Leftovers\n|upkeep\n|turn|9\n|\n|t:|1698291047\n|move|p1a: Enamorus|Superpower|p2a: Landorus\n|-resisted|p2a: Landorus\n|-activate|p2a: Landorus|move: Substitute|[damage]\n|-boost|p1a: Enamorus|atk|1\n|-boost|p1a: Enamorus|def|1\n|move|p2a: Landorus|Tera Blast|p1a: Enamorus\n|-end|p1a: Enamorus|Substitute\n|\n|-heal|p1a: Enamorus|88\/100|[from] item: Leftovers\n|-heal|p2a: Landorus|100\/100|[from] item: Leftovers\n|-sideend|p2: Dragon Master Rosa|move: Light Screen\n|upkeep\n|turn|10\n|\n|t:|1698291055\n|-terastallize|p2a: Landorus|Water\n|move|p1a: Enamorus|Play Rough|p2a: Landorus\n|-end|p2a: Landorus|Substitute\n|move|p2a: Landorus|Tera Blast|p1a: Enamorus|[anim] Tera Blast Water\n|-damage|p1a: Enamorus|0 fnt\n|faint|p1a: Enamorus\n|\n|-sideend|p2: Dragon Master Rosa|Reflect\n|upkeep\n|\n|t:|1698291063\n|switch|p1a: Palafin|Palafin-Hero, M|100\/100\n|-activate|p1a: Palafin|ability: Zero to Hero\n|turn|11\n|\n|t:|1698291073\n|-terastallize|p1a: Palafin|Normal\n|move|p1a: Palafin|Boomburst|p2a: Landorus\n|-damage|p2a: Landorus|4\/100\n|move|p2a: Landorus|Earth Power|p1a: Palafin\n|-damage|p1a: Palafin|4\/100\n|-unboost|p1a: Palafin|spd|1\n|\n|-heal|p2a: Landorus|10\/100|[from] item: Leftovers\n|-sideend|p1: godiamsosorry|move: Light Screen\n|upkeep\n|turn|12\n|c|\u2606godiamsosorry|WHAT.\n|c|\u2606Dragon Master Rosa|what is this guy made of\n|c|\u2606godiamsosorry|Oh.\n|\n|t:|1698291086\n|move|p1a: Palafin|Boomburst|p2a: Landorus\n|-damage|p2a: Landorus|0 fnt\n|faint|p2a: Landorus\n|\n|-sideend|p1: godiamsosorry|Reflect\n|upkeep\n|c|\u2606godiamsosorry|Light screen...\n|\n|t:|1698291097\n|switch|p2a: Iron Hands|Iron Hands|100\/100\n|turn|13\n|\n|t:|1698291104\n|move|p2a: Iron Hands|Swords Dance|p2a: Iron Hands\n|-boost|p2a: Iron Hands|atk|2\n|move|p1a: Palafin|Boomburst|p2a: Iron Hands\n|-immune|p2a: Iron Hands\n|\n|upkeep\n|turn|14\n|\n|t:|1698291112\n|switch|p1a: Klefki|Klefki, M, shiny|58\/100\n|move|p2a: Iron Hands|Knock Off|p1a: Klefki\n|-resisted|p1a: Klefki\n|-damage|p1a: Klefki|34\/100\n|-enditem|p1a: Klefki|Light Clay|[from] move: Knock Off|[of] p2a: Iron Hands\n|\n|upkeep\n|turn|15\n|\n|t:|1698291121\n|switch|p2a: Cinderace|Cinderace, F|100\/100 par\n|move|p1a: Klefki|Thunder Wave|p2a: Cinderace\n|-fail|p2a: Cinderace|par\n|\n|upkeep\n|turn|16\n|\n|t:|1698291125\n|move|p1a: Klefki|Flash Cannon|p2a: Cinderace\n|-resisted|p2a: Cinderace\n|-damage|p2a: Cinderace|84\/100 par\n|cant|p2a: Cinderace|par\n|\n|upkeep\n|turn|17\n|\n|t:|1698291129\n|move|p1a: Klefki|Flash Cannon|p2a: Cinderace\n|-resisted|p2a: Cinderace\n|-crit|p2a: Cinderace\n|-damage|p2a: Cinderace|58\/100 par\n|-unboost|p2a: Cinderace|spd|1\n|move|p2a: Cinderace|Fire Blast|p1a: Klefki\n|-supereffective|p1a: Klefki\n|-damage|p1a: Klefki|0 fnt\n|faint|p1a: Klefki\n|\n|upkeep\n|\n|t:|1698291133\n|switch|p1a: Palafin|Palafin-Hero, M, tera:Normal|4\/100\n|turn|18\n|\n|t:|1698291139\n|move|p1a: Palafin|Hydro Pump|p2a: Cinderace\n|-supereffective|p2a: Cinderace\n|-damage|p2a: Cinderace|0 fnt\n|faint|p2a: Cinderace\n|\n|upkeep\n|\n|t:|1698291141\n|switch|p2a: Iron Hands|Iron Hands|100\/100\n|turn|19\n|\n|t:|1698291146\n|switch|p1a: Palafin|Palafin-Hero, M|100\/100\n|move|p2a: Iron Hands|Volt Switch|p1a: Palafin\n|-damage|p1a: Palafin|32\/100\n|replace|p1a: Zoroark|Zoroark-Hisui, M\n|-end|p1a: Zoroark|Illusion\n|\n|t:|1698291150\n|-end|p2a: Iron Hands|Quark Drive|[silent]\n|switch|p2a: Clefable|Clefable, M|100\/100|[from] Volt Switch\n|\n|upkeep\n|turn|20\n|\n|t:|1698291161\n|move|p1a: Zoroark|U-turn|p2a: Clefable\n|-resisted|p2a: Clefable\n|-damage|p2a: Clefable|89\/100\n|\n|t:|1698291162\n|switch|p1a: Palafin|Palafin-Hero, M, tera:Normal|4\/100|[from] U-turn\n|move|p2a: Clefable|Play Rough|p1a: Palafin\n|-damage|p1a: Palafin|0 fnt\n|faint|p1a: Palafin\n|\n|upkeep\n|\n|t:|1698291166\n|switch|p1a: Azelf|Azelf|100\/100\n|turn|21\n|\n|t:|1698291168\n|move|p1a: Azelf|Substitute|p1a: Azelf\n|-start|p1a: Azelf|Substitute\n|-damage|p1a: Azelf|76\/100\n|move|p2a: Clefable|Play Rough|p1a: Azelf\n|-end|p1a: Azelf|Substitute\n|\n|-heal|p1a: Azelf|82\/100|[from] item: Leftovers\n|upkeep\n|turn|22\n|\n|t:|1698291170\n|move|p1a: Azelf|Nasty Plot|p1a: Azelf\n|-boost|p1a: Azelf|spa|2\n|move|p2a: Clefable|Play Rough|p1a: Azelf\n|-damage|p1a: Azelf|0 fnt\n|faint|p1a: Azelf\n|\n|upkeep\n|\n|t:|1698291172\n|switch|p1a: Medicham|Medicham, M|100\/100\n|turn|23\n|\n|t:|1698291176\n|move|p1a: Medicham|Rock Slide|p2a: Clefable\n|-damage|p2a: Clefable|54\/100\n|move|p2a: Clefable|Play Rough|p1a: Medicham\n|-supereffective|p1a: Medicham\n|-damage|p1a: Medicham|0 fnt\n|faint|p1a: Medicham\n|\n|upkeep\n|\n|t:|1698291180\n|switch|p1a: Zoroark|Zoroark-Hisui, M|32\/100\n|turn|24\n|\n|t:|1698291181\n|move|p1a: Zoroark|Body Slam|p2a: Clefable\n|-damage|p2a: Clefable|11\/100\n|-status|p2a: Clefable|par\n|move|p2a: Clefable|Play Rough|p1a: Zoroark\n|-damage|p1a: Zoroark|0 fnt\n|faint|p1a: Zoroark\n|\n|win|Dragon Master Rosa\n|c|\u2606godiamsosorry|GG..\n|c|\u2606Dragon Master Rosa|there's no way wtf\n|c|\u2606godiamsosorry|I don\u00b4t think this team is very good tbh.\n|c|\u2606Dragon Master Rosa|you just got swept by cb clef...\n|c|\u2606godiamsosorry|Or at least the Toedless version isn\u00b4t.\n","uploadtime":1698291203,"views":19,"p1id":"godiamsosorry","p2id":"dragonmasterrosa","formatid":"gen9ubers","rating":0,"private":0,"password":""}