{"id":"gen9ubers-1980057437","p1":"100% criminal","p2":"PabloTheCommunist","format":"[Gen 9] Ubers","log":"|j|\u2606100% criminal\n|j|\u2606PabloTheCommunist\n|t:|1698752556\n|gametype|singles\n|player|p1|100% criminal|volo|1059\n|player|p2|PabloTheCommunist|steven|1063\n|teamsize|p1|6\n|teamsize|p2|6\n|gen|9\n|tier|[Gen 9] Ubers\n|rated|\n|rule|Sleep Clause Mod: Limit one foe put to sleep\n|rule|Species Clause: Limit one of each Pok\u00e9mon\n|rule|OHKO Clause: OHKO moves are banned\n|rule|Evasion Items Clause: Evasion items are banned\n|rule|Evasion Moves Clause: Evasion moves are banned\n|rule|Endless Battle Clause: Forcing endless battles is banned\n|rule|HP Percentage Mod: HP is shown in percentages\n|clearpoke\n|poke|p1|Kyogre|\n|poke|p1|Basculegion, M|\n|poke|p1|Zapdos|\n|poke|p1|Staraptor, F|\n|poke|p1|Palafin, F|\n|poke|p1|Giratina-Origin|\n|poke|p2|Palafin, F|\n|poke|p2|Urshifu-*, F|\n|poke|p2|Ogerpon-Wellspring, F|\n|poke|p2|Pelipper, F|\n|poke|p2|Empoleon, F|\n|poke|p2|Palkia-Origin|\n|teampreview\n|\n|t:|1698752576\n|start\n|switch|p1a: Palafin|Palafin, F|100\/100\n|switch|p2a: Palafin|Palafin, F|100\/100\n|turn|1\n|\n|t:|1698752582\n|move|p1a: Palafin|Flip Turn|p2a: Palafin\n|-resisted|p2a: Palafin\n|-damage|p2a: Palafin|84\/100\n|-damage|p1a: Palafin|91\/100|[from] item: Life Orb\n|\n|t:|1698752589\n|detailschange|p1a: Palafin|Palafin-Hero, F\n|switch|p1a: Zapdos|Zapdos|100\/100|[from] Flip Turn\n|move|p2a: Palafin|Flip Turn|p1a: Zapdos\n|-damage|p1a: Zapdos|60\/100\n|\n|t:|1698752602\n|detailschange|p2a: Palafin|Palafin-Hero, F\n|switch|p2a: Palkia|Palkia-Origin|100\/100|[from] Flip Turn\n|-ability|p2a: Palkia|Pressure\n|\n|-heal|p1a: Zapdos|66\/100|[from] item: Leftovers\n|upkeep\n|turn|2\n|\n|t:|1698752612\n|switch|p1a: Giratina|Giratina-Origin|100\/100\n|move|p2a: Palkia|Spacial Rend|p1a: Giratina\n|-supereffective|p1a: Giratina\n|-damage|p1a: Giratina|0 fnt\n|faint|p1a: Giratina\n|\n|upkeep\n|\n|t:|1698752621\n|switch|p1a: Staraptor|Staraptor, F|100\/100\n|turn|3\n|\n|t:|1698752628\n|move|p1a: Staraptor|Final Gambit|p2a: Palkia\n|-damage|p2a: Palkia|4\/100\n|faint|p1a: Staraptor\n|move|p2a: Palkia|Thunder Wave|p1: Staraptor|[notarget]\n|-fail|p2a: Palkia\n|\n|upkeep\n|\n|t:|1698752632\n|switch|p1a: Palafin|Palafin-Hero, F|91\/100\n|-activate|p1a: Palafin|ability: Zero to Hero\n|turn|4\n|\n|t:|1698752638\n|switch|p2a: Pelipper|Pelipper, F|100\/100\n|-weather|RainDance|[from] ability: Drizzle|[of] p2a: Pelipper\n|move|p1a: Palafin|Jet Punch|p2a: Pelipper\n|-resisted|p2a: Pelipper\n|-damage|p2a: Pelipper|54\/100\n|-damage|p1a: Palafin|81\/100|[from] item: Life Orb\n|\n|-weather|RainDance|[upkeep]\n|upkeep\n|turn|5\n|\n|t:|1698752648\n|move|p1a: Palafin|Bulk Up|p1a: Palafin\n|-boost|p1a: Palafin|atk|1\n|-boost|p1a: Palafin|def|1\n|move|p2a: Pelipper|Hurricane|p1a: Palafin\n|-damage|p1a: Palafin|31\/100\n|-start|p1a: Palafin|confusion\n|\n|-weather|RainDance|[upkeep]\n|upkeep\n|turn|6\n|\n|t:|1698752658\n|-activate|p1a: Palafin|confusion\n|move|p1a: Palafin|Jet Punch|p2a: Pelipper\n|-resisted|p2a: Pelipper\n|-damage|p2a: Pelipper|0 fnt\n|faint|p2a: Pelipper\n|-damage|p1a: Palafin|22\/100|[from] item: Life Orb\n|\n|-weather|RainDance|[upkeep]\n|upkeep\n|\n|t:|1698752664\n|switch|p2a: Empoleon|Empoleon, F|100\/100\n|turn|7\n|\n|t:|1698752669\n|-end|p1a: Palafin|confusion\n|move|p1a: Palafin|Drain Punch|p2a: Empoleon\n|-supereffective|p2a: Empoleon\n|-damage|p2a: Empoleon|0 fnt\n|-heal|p1a: Palafin|67\/100|[from] drain|[of] p2a: Empoleon\n|faint|p2a: Empoleon\n|-damage|p1a: Palafin|57\/100|[from] item: Life Orb\n|\n|-weather|RainDance|[upkeep]\n|upkeep\n|\n|t:|1698752679\n|switch|p2a: Ogerpon|Ogerpon-Wellspring, F|100\/100\n|turn|8\n|\n|t:|1698752683\n|move|p2a: Ogerpon|Leech Seed|p1a: Palafin\n|-start|p1a: Palafin|move: Leech Seed\n|move|p1a: Palafin|Drain Punch|p2a: Ogerpon\n|-damage|p2a: Ogerpon|27\/100\n|-heal|p1a: Palafin|89\/100|[from] drain|[of] p2a: Ogerpon\n|-damage|p1a: Palafin|79\/100|[from] item: Life Orb\n|\n|-weather|RainDance|[upkeep]\n|-damage|p1a: Palafin|67\/100|[from] Leech Seed|[of] p2a: Ogerpon\n|-heal|p2a: Ogerpon|41\/100|[silent]\n|upkeep\n|turn|9\n|\n|t:|1698752692\n|move|p2a: Ogerpon|Spiky Shield|p2a: Ogerpon\n|-singleturn|p2a: Ogerpon|move: Protect\n|move|p1a: Palafin|Bulk Up|p1a: Palafin\n|-boost|p1a: Palafin|atk|1\n|-boost|p1a: Palafin|def|1\n|\n|-weather|RainDance|[upkeep]\n|-damage|p1a: Palafin|55\/100|[from] Leech Seed|[of] p2a: Ogerpon\n|-heal|p2a: Ogerpon|55\/100|[silent]\n|upkeep\n|turn|10\n|\n|t:|1698752701\n|switch|p2a: Palkia|Palkia-Origin|4\/100\n|-ability|p2a: Palkia|Pressure\n|move|p1a: Palafin|Drain Punch|p2a: Palkia\n|-damage|p2a: Palkia|0 fnt\n|-heal|p1a: Palafin|56\/100|[from] drain|[of] p2a: Palkia\n|faint|p2a: Palkia\n|-damage|p1a: Palafin|46\/100|[from] item: Life Orb\n|\n|-weather|RainDance|[upkeep]\n|upkeep\n|\n|t:|1698752712\n|switch|p2a: Ogerpon|Ogerpon-Wellspring, F|55\/100\n|turn|11\n|\n|t:|1698752717\n|move|p2a: Ogerpon|Horn Leech|p1a: Palafin\n|-supereffective|p1a: Palafin\n|-damage|p1a: Palafin|0 fnt\n|-heal|p2a: Ogerpon|81\/100|[from] drain|[of] p1a: Palafin\n|faint|p1a: Palafin\n|\n|-weather|none\n|upkeep\n|\n|t:|1698752724\n|switch|p1a: Basculegion|Basculegion, M|100\/100\n|turn|12\n|\n|t:|1698752729\n|switch|p1a: Kyogre|Kyogre|100\/100\n|-weather|RainDance|[from] ability: Drizzle|[of] p1a: Kyogre\n|move|p2a: Ogerpon|Horn Leech|p1a: Kyogre\n|-supereffective|p1a: Kyogre\n|-damage|p1a: Kyogre|9\/100\n|-heal|p2a: Ogerpon|100\/100|[from] drain|[of] p1a: Kyogre\n|\n|-weather|RainDance|[upkeep]\n|upkeep\n|turn|13\n|\n|t:|1698752739\n|switch|p1a: Zapdos|Zapdos|66\/100\n|move|p2a: Ogerpon|Ivy Cudgel|p1a: Zapdos\n|-damage|p1a: Zapdos|0 fnt\n|faint|p1a: Zapdos\n|\n|-weather|RainDance|[upkeep]\n|upkeep\n|\n|t:|1698752745\n|switch|p1a: Basculegion|Basculegion, M|100\/100\n|turn|14\n|\n|t:|1698752748\n|move|p1a: Basculegion|Last Respects|p2a: Ogerpon\n|-damage|p2a: Ogerpon|0 fnt\n|faint|p2a: Ogerpon\n|\n|-weather|RainDance|[upkeep]\n|upkeep\n|\n|t:|1698752757\n|switch|p2a: Palafin|Palafin-Hero, F|84\/100\n|-activate|p2a: Palafin|ability: Zero to Hero\n|turn|15\n|\n|t:|1698752762\n|-terastallize|p2a: Palafin|Water\n|move|p2a: Palafin|Jet Punch|p1a: Basculegion\n|-resisted|p1a: Basculegion\n|-damage|p1a: Basculegion|31\/100\n|move|p1a: Basculegion|Last Respects|p2a: Palafin\n|-crit|p2a: Palafin\n|-damage|p2a: Palafin|0 fnt\n|faint|p2a: Palafin\n|\n|-weather|RainDance|[upkeep]\n|upkeep\n|l|\u2606100% criminal\n|player|p1|\n|\n|t:|1698752770\n|switch|p2a: Urshifu|Urshifu-Rapid-Strike, F|100\/100\n|turn|16\n|inactive|Battle timer is ON: inactive players will automatically lose when time's up. (requested by PabloTheCommunist)\n|j|\u2606100% criminal\n|inactive|100% criminal reconnected and has 150 seconds left.\n|player|p1|100% criminal|volo\n|\n|t:|1698752809\n|move|p2a: Urshifu|Aqua Jet|p1a: Basculegion\n|-resisted|p1a: Basculegion\n|-damage|p1a: Basculegion|6\/100\n|-damage|p2a: Urshifu|91\/100|[from] item: Life Orb\n|move|p1a: Basculegion|Last Respects|p2a: Urshifu\n|-damage|p2a: Urshifu|0 fnt\n|faint|p2a: Urshifu\n|\n|win|100% criminal\n|raw|100% criminal's rating: 1059 &rarr; <strong>1091<\/strong><br \/>(+32 for winning)\n|raw|PabloTheCommunist's rating: 1063 &rarr; <strong>1043<\/strong><br \/>(-20 for losing)\n","uploadtime":1698752819,"views":8,"p1id":"100criminal","p2id":"pablothecommunist","formatid":"gen9ubers","rating":1043,"private":0,"password":""}