{"id":"gen9ubers-1995026737","p1":"Rei_darkness","p2":"Pickedman","format":"[Gen 9] Ubers","log":"|j|\u2606Rei_darkness\n|j|\u2606Pickedman\n|t:|1700514745\n|gametype|singles\n|player|p1|Rei_darkness|drayden|\n|player|p2|Pickedman|zinnia|\n|teamsize|p1|6\n|teamsize|p2|6\n|gen|9\n|tier|[Gen 9] Ubers\n|rule|Sleep Clause Mod: Limit one foe put to sleep\n|rule|Species Clause: Limit one of each Pok\u00e9mon\n|rule|OHKO Clause: OHKO moves are banned\n|rule|Evasion Items Clause: Evasion items are banned\n|rule|Evasion Moves Clause: Evasion moves are banned\n|rule|Endless Battle Clause: Forcing endless battles is banned\n|rule|HP Percentage Mod: HP is shown in percentages\n|clearpoke\n|poke|p1|Ribombee, M|\n|poke|p1|Thundurus, M|\n|poke|p1|Iron Jugulis|\n|poke|p1|Weezing-Galar, M|\n|poke|p1|Palafin, F|\n|poke|p1|Annihilape, F|\n|poke|p2|Milotic, F|\n|poke|p2|Samurott-Hisui, F|\n|poke|p2|Walking Wake|\n|poke|p2|Weezing-Galar, F|\n|poke|p2|Ursaluna-Bloodmoon, M|\n|poke|p2|Zoroark-Hisui, F|\n|teampreview\n|c|\u2606Rei_darkness|let me get something to drink brb\n|c|\u2606Pickedman|alr\n|\n|t:|1700514801\n|start\n|switch|p1a: Annihilape|Annihilape, F|100\/100\n|switch|p2a: Milotic|Milotic, F|100\/100\n|turn|1\n|\n|t:|1700514826\n|move|p1a: Annihilape|Stealth Rock|p2a: Milotic\n|-sidestart|p2: Pickedman|move: Stealth Rock\n|move|p2a: Milotic|Flip Turn|p1a: Annihilape\n|-damage|p1a: Annihilape|87\/100\n|\n|t:|1700514837\n|switch|p2a: Weezing|Weezing-Galar, F|100\/100|[from] Flip Turn\n|-damage|p2a: Weezing|88\/100|[from] Stealth Rock\n|\n|upkeep\n|turn|2\n|\n|t:|1700514842\n|move|p2a: Weezing|Poltergeist|p1a: Annihilape\n|-activate|p1a: Annihilape|move: Poltergeist|Sitrus Berry\n|-supereffective|p1a: Annihilape\n|-crit|p1a: Annihilape\n|-damage|p1a: Annihilape|0 fnt\n|faint|p1a: Annihilape\n|\n|upkeep\n|\n|t:|1700514873\n|switch|p1a: Ribombee|Ribombee, M|100\/100\n|turn|3\n|\n|t:|1700514883\n|switch|p2a: Milotic|Milotic, F|100\/100\n|-damage|p2a: Milotic|88\/100|[from] Stealth Rock\n|move|p1a: Ribombee|Stun Spore|p2a: Milotic\n|-status|p2a: Milotic|par\n|\n|upkeep\n|turn|4\n|\n|t:|1700514898\n|move|p1a: Ribombee|Sticky Web|p2a: Milotic\n|-sidestart|p2: Pickedman|move: Sticky Web\n|move|p2a: Milotic|Coil|p2a: Milotic\n|-boost|p2a: Milotic|atk|1\n|-boost|p2a: Milotic|def|1\n|-boost|p2a: Milotic|accuracy|1\n|\n|upkeep\n|turn|5\n|\n|t:|1700514904\n|move|p1a: Ribombee|U-turn|p2a: Milotic\n|-damage|p2a: Milotic|80\/100 par\n|\n|t:|1700514908\n|switch|p1a: Palafin|Palafin, F|100\/100|[from] U-turn\n|cant|p2a: Milotic|par\n|\n|upkeep\n|turn|6\n|\n|t:|1700514917\n|detailschange|p1a: Palafin|Palafin-Hero, F\n|switch|p1a: Ribombee|Ribombee, M|100\/100\n|cant|p2a: Milotic|par\n|\n|upkeep\n|turn|7\n|\n|t:|1700514933\n|move|p1a: Ribombee|U-turn|p2a: Milotic\n|-damage|p2a: Milotic|73\/100 par\n|\n|t:|1700514935\n|switch|p1a: Palafin|Palafin-Hero, F|100\/100|[from] U-turn\n|-activate|p1a: Palafin|ability: Zero to Hero\n|move|p2a: Milotic|Coil|p2a: Milotic\n|-boost|p2a: Milotic|atk|1\n|-boost|p2a: Milotic|def|1\n|-boost|p2a: Milotic|accuracy|1\n|\n|upkeep\n|turn|8\n|\n|t:|1700514943\n|move|p1a: Palafin|Surf|p2a: Milotic\n|-resisted|p2a: Milotic\n|-damage|p2a: Milotic|54\/100 par\n|move|p2a: Milotic|Facade|p1a: Palafin\n|-damage|p1a: Palafin|59\/100\n|\n|upkeep\n|turn|9\n|\n|t:|1700514951\n|switch|p1a: Weezing|Weezing-Galar, M|100\/100\n|-fieldstart|move: Misty Terrain|[from] ability: Misty Surge|[of] p1a: Weezing\n|cant|p2a: Milotic|par\n|\n|upkeep\n|turn|10\n|\n|t:|1700514959\n|switch|p2a: Weezing|Weezing-Galar, F|100\/100\n|-ability|p2a: Weezing|Neutralizing Gas\n|-damage|p2a: Weezing|88\/100|[from] Stealth Rock\n|-activate|p2a: Weezing|move: Sticky Web\n|-unboost|p2a: Weezing|spe|1\n|move|p1a: Weezing|Clear Smog|p2a: Weezing\n|-damage|p2a: Weezing|73\/100\n|-clearboost|p2a: Weezing\n|\n|upkeep\n|turn|11\n|\n|t:|1700514969\n|switch|p1a: Thundurus|Thundurus, M|100\/100\n|-enditem|p1a: Thundurus|Misty Seed\n|-boost|p1a: Thundurus|spd|1|[from] item: Misty Seed\n|move|p2a: Weezing|Defog|p1a: Thundurus\n|-unboost|p1a: Thundurus|evasion|1\n|-sideend|p2: Pickedman|Stealth Rock|[from] move: Defog|[of] p2a: Weezing\n|-sideend|p2: Pickedman|Sticky Web|[from] move: Defog|[of] p2a: Weezing\n|-fieldend|Misty Terrain\n|\n|upkeep\n|turn|12\n|c|\u2606Rei_darkness|my dumb ass...\n|c|\u2606Rei_darkness|defiant thundy  doesnt work against neutralzing gas geezing\n|c|\u2606Rei_darkness|only levitate\n|c|\u2606Rei_darkness|i need to get this off the team and replace it!\n|\n|t:|1700515028\n|move|p1a: Thundurus|Bulk Up|p1a: Thundurus\n|-boost|p1a: Thundurus|atk|1\n|-boost|p1a: Thundurus|def|1\n|move|p2a: Weezing|Will-O-Wisp|p1a: Thundurus\n|-status|p1a: Thundurus|brn\n|\n|-damage|p1a: Thundurus|94\/100 brn|[from] brn\n|upkeep\n|turn|13\n|c|\u2606Pickedman|it beats misty surge too\n|c|\u2606Rei_darkness|no one runs misty surge except me\n|\n|t:|1700515054\n|move|p1a: Thundurus|Bulk Up|p1a: Thundurus\n|-boost|p1a: Thundurus|atk|1\n|-boost|p1a: Thundurus|def|1\n|move|p2a: Weezing|Pain Split|p1a: Thundurus\n|-sethp|p1a: Thundurus|81\/100 brn|[from] move: Pain Split|[silent]\n|-sethp|p2a: Weezing|88\/100|[from] move: Pain Split\n|\n|-damage|p1a: Thundurus|75\/100 brn|[from] brn\n|upkeep\n|turn|14\n|c|\u2606Pickedman|i have a team with it\n|\n|t:|1700515063\n|move|p1a: Thundurus|Bulk Up|p1a: Thundurus\n|-boost|p1a: Thundurus|atk|1\n|-boost|p1a: Thundurus|def|1\n|move|p2a: Weezing|Strange Steam|p1a: Thundurus\n|-damage|p1a: Thundurus|53\/100 brn\n|\n|-damage|p1a: Thundurus|47\/100 brn|[from] brn\n|upkeep\n|turn|15\n|\n|t:|1700515072\n|move|p1a: Thundurus|Acrobatics|p2a: Weezing\n|-damage|p2a: Weezing|25\/100\n|-damage|p1a: Thundurus|31\/100 brn|[from] item: Rocky Helmet|[of] p2a: Weezing\n|move|p2a: Weezing|Strange Steam|p1a: Thundurus\n|-damage|p1a: Thundurus|11\/100 brn\n|-start|p1a: Thundurus|confusion\n|\n|-damage|p1a: Thundurus|5\/100 brn|[from] brn\n|upkeep\n|turn|16\n|\n|t:|1700515084\n|-end|p2a: Weezing|ability: Neutralizing Gas\n|switch|p2a: Milotic|Milotic, F|54\/100 par\n|-activate|p1a: Thundurus|confusion\n|-damage|p1a: Thundurus|0 fnt|[from] confusion\n|faint|p1a: Thundurus\n|\n|upkeep\n|\n|t:|1700515102\n|switch|p1a: Palafin|Palafin-Hero, F|59\/100\n|turn|17\n|\n|t:|1700515106\n|move|p1a: Palafin|Boomburst|p2a: Milotic\n|-damage|p2a: Milotic|16\/100 par\n|move|p2a: Milotic|Facade|p1a: Palafin\n|-damage|p1a: Palafin|37\/100\n|\n|upkeep\n|turn|18\n|\n|t:|1700515120\n|switch|p1a: Ribombee|Ribombee, M|100\/100\n|switch|p2a: Weezing|Weezing-Galar, F|88\/100\n|\n|upkeep\n|turn|19\n|\n|t:|1700515131\n|switch|p2a: Milotic|Milotic, F|16\/100 par\n|move|p1a: Ribombee|Sticky Web|p2a: Milotic\n|-sidestart|p2: Pickedman|move: Sticky Web\n|\n|upkeep\n|turn|20\n|\n|t:|1700515135\n|move|p1a: Ribombee|U-turn|p2a: Milotic\n|-damage|p2a: Milotic|6\/100 par\n|\n|t:|1700515144\n|switch|p1a: Weezing|Weezing-Galar, M|100\/100|[from] U-turn\n|-fieldstart|move: Misty Terrain|[from] ability: Misty Surge|[of] p1a: Weezing\n|cant|p2a: Milotic|par\n|\n|upkeep\n|turn|21\n|\n|t:|1700515153\n|move|p1a: Weezing|Strange Steam|p2a: Milotic\n|-damage|p2a: Milotic|0 fnt\n|faint|p2a: Milotic\n|\n|upkeep\n|\n|t:|1700515160\n|switch|p2a: Weezing|Weezing-Galar, F|25\/100\n|-ability|p2a: Weezing|Neutralizing Gas\n|-activate|p2a: Weezing|move: Sticky Web\n|-unboost|p2a: Weezing|spe|1\n|turn|22\n|\n|t:|1700515164\n|move|p1a: Weezing|Clear Smog|p2a: Weezing\n|-damage|p2a: Weezing|10\/100\n|-clearboost|p2a: Weezing\n|move|p2a: Weezing|Pain Split|p1a: Weezing\n|-sethp|p1a: Weezing|55\/100|[from] move: Pain Split|[silent]\n|-sethp|p2a: Weezing|55\/100|[from] move: Pain Split\n|\n|-heal|p1a: Weezing|61\/100|[from] item: Leftovers\n|upkeep\n|turn|23\n|\n|t:|1700515177\n|switch|p1a: Iron Jugulis|Iron Jugulis|100\/100\n|-enditem|p1a: Iron Jugulis|Booster Energy\n|-activate|p1a: Iron Jugulis|ability: Quark Drive|[fromitem]\n|-start|p1a: Iron Jugulis|quarkdrivespe\n|move|p2a: Weezing|Defog|p1a: Iron Jugulis\n|-unboost|p1a: Iron Jugulis|evasion|1\n|-sideend|p2: Pickedman|Sticky Web|[from] move: Defog|[of] p2a: Weezing\n|-fieldend|Misty Terrain\n|\n|upkeep\n|turn|24\n|\n|t:|1700515195\n|-terastallize|p1a: Iron Jugulis|Ground\n|move|p1a: Iron Jugulis|Work Up|p1a: Iron Jugulis\n|-boost|p1a: Iron Jugulis|atk|1\n|-boost|p1a: Iron Jugulis|spa|1\n|move|p2a: Weezing|Pain Split|p1a: Iron Jugulis\n|-sethp|p1a: Iron Jugulis|78\/100|[from] move: Pain Split|[silent]\n|-sethp|p2a: Weezing|77\/100|[from] move: Pain Split\n|\n|upkeep\n|turn|25\n|\n|t:|1700515206\n|move|p1a: Iron Jugulis|Tera Blast|p2a: Weezing|[anim] Tera Blast Ground\n|-supereffective|p2a: Weezing\n|-damage|p2a: Weezing|0 fnt\n|faint|p2a: Weezing\n|-end|p2a: Weezing|ability: Neutralizing Gas\n|\n|upkeep\n|\n|t:|1700515214\n|switch|p2a: Ursaluna|Ursaluna-Bloodmoon, M|100\/100\n|turn|26\n|\n|t:|1700515260\n|move|p1a: Iron Jugulis|Acrobatics|p2a: Ursaluna\n|-damage|p2a: Ursaluna|54\/100\n|move|p2a: Ursaluna|Body Slam|p1a: Iron Jugulis\n|-damage|p1a: Iron Jugulis|43\/100\n|\n|upkeep\n|turn|27\n|c|\u2606Rei_darkness|this team really backs it self up to a wall to support iron juggy but clearly my support for it is absolute shit\n|\n|t:|1700515268\n|move|p1a: Iron Jugulis|Work Up|p1a: Iron Jugulis\n|-boost|p1a: Iron Jugulis|atk|1\n|-boost|p1a: Iron Jugulis|spa|1\n|move|p2a: Ursaluna|Body Slam|p1a: Iron Jugulis\n|-damage|p1a: Iron Jugulis|2\/100\n|-status|p1a: Iron Jugulis|par\n|\n|upkeep\n|turn|28\n|\n|t:|1700515278\n|move|p1a: Iron Jugulis|Acrobatics|p2a: Ursaluna\n|-damage|p2a: Ursaluna|0 fnt\n|faint|p2a: Ursaluna\n|\n|upkeep\n|\n|t:|1700515284\n|switch|p2a: Samurott|Samurott-Hisui, F|88\/100\n|turn|29\n|\n|t:|1700515287\n|move|p2a: Samurott|U-turn|p1a: Iron Jugulis\n|-damage|p1a: Iron Jugulis|0 fnt\n|faint|p1a: Iron Jugulis\n|-end|p1a: Iron Jugulis|Quark Drive|[silent]\n|\n|t:|1700515293\n|switch|p2a: Walking Wake|Walking Wake|100\/100|[from] U-turn\n|\n|upkeep\n|\n|t:|1700515300\n|switch|p1a: Weezing|Weezing-Galar, M|61\/100\n|-fieldstart|move: Misty Terrain|[from] ability: Misty Surge|[of] p1a: Weezing\n|turn|30\n|\n|t:|1700515310\n|move|p2a: Walking Wake|Flip Turn|p1a: Weezing\n|-damage|p1a: Weezing|39\/100\n|\n|t:|1700515317\n|-end|p2a: Walking Wake|Protosynthesis|[silent]\n|switch|p2a: Samurott|Samurott-Hisui, F|100\/100|[from] Flip Turn\n|move|p1a: Weezing|Pain Split|p2a: Samurott\n|-sethp|p2a: Samurott|70\/100|[from] move: Pain Split|[silent]\n|-sethp|p1a: Weezing|68\/100|[from] move: Pain Split\n|\n|-heal|p1a: Weezing|74\/100|[from] item: Leftovers\n|upkeep\n|turn|31\n|\n|t:|1700515327\n|move|p2a: Samurott|Taunt|p1a: Weezing\n|-start|p1a: Weezing|move: Taunt\n|move|p1a: Weezing|Strange Steam|p2a: Samurott\n|-supereffective|p2a: Samurott\n|-damage|p2a: Samurott|0 fnt\n|faint|p2a: Samurott\n|\n|-heal|p1a: Weezing|80\/100|[from] item: Leftovers\n|upkeep\n|\n|t:|1700515332\n|switch|p2a: Walking Wake|Walking Wake|88\/100\n|turn|32\n|\n|t:|1700515343\n|move|p2a: Walking Wake|Poltergeist|p1a: Weezing\n|-activate|p1a: Weezing|move: Poltergeist|Leftovers\n|-damage|p1a: Weezing|34\/100\n|move|p1a: Weezing|Strange Steam|p2a: Walking Wake\n|-damage|p2a: Walking Wake|38\/100\n|replace|p2a: Zoroark|Zoroark-Hisui, F\n|-end|p2a: Zoroark|Illusion\n|\n|-heal|p1a: Weezing|40\/100|[from] item: Leftovers\n|upkeep\n|turn|33\n|\n|t:|1700515354\n|switch|p1a: Ribombee|Ribombee, M|100\/100\n|move|p2a: Zoroark|Poltergeist|p1a: Ribombee\n|-activate|p1a: Ribombee|move: Poltergeist|Focus Sash\n|-enditem|p1a: Ribombee|Focus Sash\n|-damage|p1a: Ribombee|1\/100\n|\n|upkeep\n|turn|34\n|c|\u2606Rei_darkness|wait\n|c|\u2606Rei_darkness|!calc\n|c| Rei_darkness|\/raw <div class=\"infobox\">Pok&eacute;mon Showdown! damage calculator. (Courtesy of Honko, Austin, &amp; Kris)<br \/>- <a href=\"https:\/\/calc.pokemonshowdown.com\/index.html\">Damage Calculator<\/a><\/div>\n|c|\u2606Rei_darkness|...\n|c|\u2606Rei_darkness|I could do something to try and be funny but\n|\n|t:|1700515461\n|switch|p2a: Walking Wake|Walking Wake|100\/100\n|move|p1a: Ribombee|Stun Spore|p2a: Walking Wake|[miss]\n|-miss|p1a: Ribombee|p2a: Walking Wake\n|\n|-fieldend|Misty Terrain\n|upkeep\n|turn|35\n|c|\u2606Rei_darkness|Wait my dumb ass\n|c|\u2606Rei_darkness|stun spore would've been bad either way\n|c|\u2606Pickedman|mfw i forget about terrain\n|c|\u2606Rei_darkness|bc of misty terrain\n|c|\u2606Rei_darkness|thief was always the correct play\n|\n|t:|1700515494\n|move|p1a: Ribombee|Sticky Web|p2a: Walking Wake\n|-sidestart|p2: Pickedman|move: Sticky Web\n|move|p2a: Walking Wake|Flip Turn|p1a: Ribombee\n|-damage|p1a: Ribombee|0 fnt\n|faint|p1a: Ribombee\n|\n|t:|1700515500\n|-end|p2a: Walking Wake|Protosynthesis|[silent]\n|switch|p2a: Walking Wake|Walking Wake|38\/100|[from] Flip Turn\n|-activate|p2a: Walking Wake|move: Sticky Web\n|-unboost|p2a: Walking Wake|spe|1\n|\n|upkeep\n|\n|t:|1700515502\n|switch|p1a: Weezing|Weezing-Galar, M|40\/100\n|-fieldstart|move: Misty Terrain|[from] ability: Misty Surge|[of] p1a: Weezing\n|turn|36\n|\n|t:|1700515510\n|move|p2a: Walking Wake|Poltergeist|p1a: Weezing\n|-activate|p1a: Weezing|move: Poltergeist|Leftovers\n|-damage|p1a: Weezing|0 fnt\n|faint|p1a: Weezing\n|\n|upkeep\n|\n|t:|1700515515\n|switch|p1a: Palafin|Palafin-Hero, F|37\/100\n|turn|37\n|\n|t:|1700515526\n|switch|p2a: Walking Wake|Walking Wake|100\/100\n|-activate|p2a: Walking Wake|move: Sticky Web\n|-unboost|p2a: Walking Wake|spe|1\n|move|p1a: Palafin|Ice Beam|p2a: Walking Wake\n|-damage|p2a: Walking Wake|52\/100\n|\n|upkeep\n|turn|38\n|c|\u2606Rei_darkness|please roll high or crit idk\n|\n|t:|1700515545\n|-terastallize|p2a: Walking Wake|Water\n|move|p1a: Palafin|Ice Beam|p2a: Walking Wake\n|-resisted|p2a: Walking Wake\n|-crit|p2a: Walking Wake\n|-damage|p2a: Walking Wake|11\/100\n|move|p2a: Walking Wake|Liquidation|p1a: Palafin\n|-resisted|p1a: Palafin\n|-damage|p1a: Palafin|0 fnt\n|faint|p1a: Palafin\n|\n|win|Pickedman\n|c|\u2606Rei_darkness|gg\n|c|\u2606Pickedman|ggs\n|c|\u2606Rei_darkness|well played\n|c|\u2606Rei_darkness|even with crit lol\n|c|\u2606Pickedman|u2\n","uploadtime":1700515557,"views":15,"p1id":"reidarkness","p2id":"pickedman","formatid":"gen9ubers","rating":0,"private":0,"password":""}