{"id":"gen9ubers-1998644827","p1":"Undead_Redhead","p2":"IshaNn","format":"[Gen 9] Ubers","log":"|j|\u2606Undead_Redhead\n|j|\u2606IshaNn\n|t:|1700966926\n|gametype|singles\n|player|p1|Undead_Redhead|flannery|\n|player|p2|IshaNn|koga|\n|teamsize|p1|6\n|teamsize|p2|6\n|gen|9\n|tier|[Gen 9] Ubers\n|rule|Sleep Clause Mod: Limit one foe put to sleep\n|rule|Species Clause: Limit one of each Pok\u00e9mon\n|rule|OHKO Clause: OHKO moves are banned\n|rule|Evasion Items Clause: Evasion items are banned\n|rule|Evasion Moves Clause: Evasion moves are banned\n|rule|Endless Battle Clause: Forcing endless battles is banned\n|rule|HP Percentage Mod: HP is shown in percentages\n|clearpoke\n|poke|p1|Landorus-Therian, M|\n|poke|p1|Volcanion|\n|poke|p1|Zapdos|\n|poke|p1|Meowscarada, F|\n|poke|p1|Trevenant, M|\n|poke|p1|Clefable, F|\n|poke|p2|Baxcalibur, M|\n|poke|p2|Great Tusk|\n|poke|p2|Ninetales-Alola, F|\n|poke|p2|Empoleon, M|\n|poke|p2|Amoonguss, M|\n|poke|p2|Lycanroc, F|\n|teampreview\n|j| justinrockin\n|j| curtisthecacnea\n|c|\u2606Undead_Redhead|GLHF <3\n|c|\u2606IshaNn|glhf\n|\n|t:|1700967018\n|start\n|switch|p1a: Landorus|Landorus-Therian, M|100\/100\n|switch|p2a: Kyukon|Ninetales-Alola, F|100\/100\n|-weather|Snow|[from] ability: Snow Warning|[of] p2a: Kyukon\n|-ability|p1a: Landorus|Intimidate|boost\n|-unboost|p2a: Kyukon|atk|1\n|turn|1\n|\n|t:|1700967072\n|switch|p1a: Clefable|Clefable, F|100\/100\n|move|p2a: Kyukon|Freeze-Dry|p1a: Clefable\n|-damage|p1a: Clefable|87\/100\n|-status|p1a: Clefable|frz\n|\n|-weather|Snow|[upkeep]\n|upkeep\n|turn|2\n|\n|t:|1700967082\n|move|p2a: Kyukon|Aurora Veil|p2a: Kyukon\n|-sidestart|p2: IshaNn|move: Aurora Veil\n|cant|p1a: Clefable|frz\n|\n|-weather|Snow|[upkeep]\n|upkeep\n|turn|3\n|\n|t:|1700967097\n|switch|p2a: Seglaive|Baxcalibur, M|100\/100\n|cant|p1a: Clefable|frz\n|\n|-weather|Snow|[upkeep]\n|upkeep\n|turn|4\n|\n|t:|1700967106\n|move|p2a: Seglaive|Swords Dance|p2a: Seglaive\n|-boost|p2a: Seglaive|atk|2\n|cant|p1a: Clefable|frz\n|\n|-weather|Snow|[upkeep]\n|upkeep\n|turn|5\n|\n|t:|1700967113\n|move|p2a: Seglaive|Swords Dance|p2a: Seglaive\n|-boost|p2a: Seglaive|atk|2\n|cant|p1a: Clefable|frz\n|\n|-weather|none\n|upkeep\n|turn|6\n|\n|t:|1700967121\n|move|p2a: Seglaive|Icicle Spear|p1a: Clefable\n|-damage|p1a: Clefable|40\/100 frz\n|-damage|p1a: Clefable|0 fnt\n|faint|p1a: Clefable\n|-hitcount|p1: Clefable|2\n|\n|upkeep\n|\n|t:|1700967132\n|switch|p1a: Landorus|Landorus-Therian, M|100\/100\n|-ability|p1a: Landorus|Intimidate|boost\n|-unboost|p2a: Seglaive|atk|1\n|turn|7\n|c| justinrockin|ishan is not fuckign around people\n|\n|t:|1700967159\n|move|p1a: Landorus|U-turn|p2a: Seglaive\n|-damage|p2a: Seglaive|88\/100\n|\n|t:|1700967162\n|switch|p1a: Volcanion|Volcanion|100\/100|[from] U-turn\n|move|p2a: Seglaive|Scale Shot|p1a: Volcanion\n|-damage|p1a: Volcanion|70\/100\n|-damage|p1a: Volcanion|42\/100\n|-damage|p1a: Volcanion|14\/100\n|-damage|p1a: Volcanion|0 fnt\n|faint|p1a: Volcanion\n|-hitcount|p1: Volcanion|4\n|-unboost|p2a: Seglaive|def|1\n|-boost|p2a: Seglaive|spe|1\n|\n|upkeep\n|c|\u2606Undead_Redhead|Oh hecc\n|j| iceberg149\n|\n|t:|1700967201\n|switch|p1a: Landorus|Landorus-Therian, M|100\/100\n|-ability|p1a: Landorus|Intimidate|boost\n|-unboost|p2a: Seglaive|atk|1\n|turn|8\n|c|\u2606Undead_Redhead|Might be BAD news for me\n|\n|t:|1700967220\n|move|p2a: Seglaive|Icicle Spear|p1a: Landorus\n|-supereffective|p1a: Landorus\n|-damage|p1a: Landorus|0 fnt\n|faint|p1a: Landorus\n|-hitcount|p1: Landorus|1\n|\n|upkeep\n|c|\u2606Undead_Redhead|Double Hecc\n|\n|t:|1700967229\n|switch|p1a: Trevenant|Trevenant, M|100\/100\n|turn|9\n|\n|t:|1700967238\n|-terastallize|p1a: Trevenant|Water\n|move|p2a: Seglaive|Icicle Spear|p1a: Trevenant\n|-resisted|p1a: Trevenant\n|-damage|p1a: Trevenant|83\/100\n|-resisted|p1a: Trevenant\n|-damage|p1a: Trevenant|67\/100\n|-resisted|p1a: Trevenant\n|-damage|p1a: Trevenant|51\/100\n|-resisted|p1a: Trevenant\n|-damage|p1a: Trevenant|35\/100\n|-enditem|p1a: Trevenant|Sitrus Berry|[eat]\n|-heal|p1a: Trevenant|60\/100|[from] item: Sitrus Berry\n|-hitcount|p1a: Trevenant|4\n|move|p1a: Trevenant|Leech Seed|p2a: Seglaive\n|-start|p2a: Seglaive|move: Leech Seed\n|\n|-damage|p2a: Seglaive|76\/100|[from] Leech Seed|[of] p1a: Trevenant\n|-heal|p1a: Trevenant|72\/100|[silent]\n|-sideend|p2: IshaNn|move: Aurora Veil\n|upkeep\n|turn|10\n|\n|t:|1700967258\n|move|p1a: Trevenant|Protect|p1a: Trevenant\n|-singleturn|p1a: Trevenant|Protect\n|move|p2a: Seglaive|Swords Dance|p2a: Seglaive\n|-boost|p2a: Seglaive|atk|2\n|\n|-damage|p2a: Seglaive|63\/100|[from] Leech Seed|[of] p1a: Trevenant\n|-heal|p1a: Trevenant|84\/100|[silent]\n|-item|p1a: Trevenant|Sitrus Berry|[from] ability: Harvest\n|upkeep\n|turn|11\n|\n|t:|1700967282\n|switch|p1a: Meowscarada|Meowscarada, F|100\/100\n|move|p2a: Seglaive|Icicle Spear|p1a: Meowscarada\n|-supereffective|p1a: Meowscarada\n|-damage|p1a: Meowscarada|0 fnt\n|faint|p1a: Meowscarada\n|-hitcount|p1: Meowscarada|1\n|\n|upkeep\n|\n|t:|1700967290\n|switch|p1a: Trevenant|Trevenant, M, tera:Water|84\/100\n|turn|12\n|\n|t:|1700967294\n|move|p1a: Trevenant|Protect|p1a: Trevenant\n|-singleturn|p1a: Trevenant|Protect\n|move|p2a: Seglaive|Icicle Spear|p1a: Trevenant\n|-activate|p1a: Trevenant|move: Protect\n|\n|-damage|p2a: Seglaive|51\/100|[from] Leech Seed|[of] p1a: Trevenant\n|-heal|p1a: Trevenant|97\/100|[silent]\n|upkeep\n|turn|13\n|\n|t:|1700967306\n|move|p2a: Seglaive|Icicle Spear|p1a: Trevenant\n|-resisted|p1a: Trevenant\n|-damage|p1a: Trevenant|73\/100\n|-resisted|p1a: Trevenant\n|-damage|p1a: Trevenant|47\/100\n|-enditem|p1a: Trevenant|Sitrus Berry|[eat]\n|-heal|p1a: Trevenant|72\/100|[from] item: Sitrus Berry\n|-resisted|p1a: Trevenant\n|-damage|p1a: Trevenant|47\/100\n|-resisted|p1a: Trevenant\n|-damage|p1a: Trevenant|21\/100\n|-hitcount|p1a: Trevenant|4\n|move|p1a: Trevenant|Horn Leech|p2a: Seglaive\n|-resisted|p2a: Seglaive\n|-damage|p2a: Seglaive|29\/100\n|-heal|p1a: Trevenant|33\/100|[from] drain|[of] p2a: Seglaive\n|\n|-damage|p2a: Seglaive|16\/100|[from] Leech Seed|[of] p1a: Trevenant\n|-heal|p1a: Trevenant|45\/100|[silent]\n|-item|p1a: Trevenant|Sitrus Berry|[from] ability: Harvest\n|upkeep\n|-enditem|p1a: Trevenant|Sitrus Berry|[eat]\n|-heal|p1a: Trevenant|70\/100|[from] item: Sitrus Berry\n|turn|14\n|\n|t:|1700967355\n|move|p1a: Trevenant|Protect|p1a: Trevenant\n|-singleturn|p1a: Trevenant|Protect\n|move|p2a: Seglaive|Icicle Spear|p1a: Trevenant\n|-activate|p1a: Trevenant|move: Protect\n|\n|-damage|p2a: Seglaive|4\/100|[from] Leech Seed|[of] p1a: Trevenant\n|-heal|p1a: Trevenant|82\/100|[silent]\n|-item|p1a: Trevenant|Sitrus Berry|[from] ability: Harvest\n|upkeep\n|turn|15\n|c| justinrockin|me when i forget i have 3 other moves\n|\n|t:|1700967398\n|switch|p1a: Zapdos|Zapdos|100\/100\n|move|p2a: Seglaive|Scale Shot|p1a: Zapdos|[miss]\n|-miss|p2a: Seglaive|p1a: Zapdos\n|\n|-damage|p2a: Seglaive|0 fnt|[from] Leech Seed|[of] p1a: Zapdos\n|faint|p2a: Seglaive\n|upkeep\n|\n|t:|1700967410\n|switch|p2a: Kyukon|Ninetales-Alola, F|100\/100\n|-weather|Snow|[from] ability: Snow Warning|[of] p2a: Kyukon\n|turn|16\n|\n|t:|1700967416\n|move|p2a: Kyukon|Aurora Veil|p2a: Kyukon\n|-sidestart|p2: IshaNn|move: Aurora Veil\n|move|p1a: Zapdos|Thunder Wave|p2a: Kyukon\n|-status|p2a: Kyukon|par\n|\n|-weather|Snow|[upkeep]\n|upkeep\n|turn|17\n|\n|t:|1700967423\n|move|p1a: Zapdos|Volt Switch|p2a: Kyukon\n|-damage|p2a: Kyukon|85\/100 par\n|\n|t:|1700967426\n|switch|p1a: Trevenant|Trevenant, M, tera:Water|82\/100|[from] Volt Switch\n|move|p2a: Kyukon|Freeze-Dry|p1a: Trevenant\n|-supereffective|p1a: Trevenant\n|-damage|p1a: Trevenant|53\/100\n|\n|-weather|Snow|[upkeep]\n|upkeep\n|turn|18\n|\n|t:|1700967442\n|switch|p2a: Morabareru|Amoonguss, M|100\/100\n|move|p1a: Trevenant|Leech Seed|p2a: Morabareru\n|-immune|p2a: Morabareru\n|\n|-weather|Snow|[upkeep]\n|upkeep\n|turn|19\n|\n|t:|1700967451\n|switch|p1a: Zapdos|Zapdos|100\/100\n|move|p2a: Morabareru|Spore|p1a: Zapdos\n|-status|p1a: Zapdos|slp|[from] move: Spore\n|\n|-weather|Snow|[upkeep]\n|upkeep\n|turn|20\n|\n|t:|1700967463\n|cant|p1a: Zapdos|slp\n|move|p2a: Morabareru|Sludge Bomb|p1a: Zapdos\n|-damage|p1a: Zapdos|74\/100 slp\n|\n|-weather|none\n|upkeep\n|turn|21\n|\n|t:|1700967474\n|switch|p2a: Lugarugan|Lycanroc, F|100\/100\n|-curestatus|p1a: Zapdos|slp|[msg]\n|move|p1a: Zapdos|Thunder Wave|p2a: Lugarugan\n|-status|p2a: Lugarugan|par\n|\n|upkeep\n|turn|22\n|\n|t:|1700967485\n|-terastallize|p2a: Lugarugan|Rock\n|move|p1a: Zapdos|Roost|p1a: Zapdos\n|-heal|p1a: Zapdos|100\/100\n|-singleturn|p1a: Zapdos|move: Roost\n|cant|p2a: Lugarugan|par\n|\n|upkeep\n|turn|23\n|\n|t:|1700967494\n|move|p1a: Zapdos|Volt Switch|p2a: Lugarugan\n|-damage|p2a: Lugarugan|78\/100 par\n|\n|t:|1700967497\n|switch|p1a: Trevenant|Trevenant, M, tera:Water|53\/100|[from] Volt Switch\n|cant|p2a: Lugarugan|par\n|\n|-sideend|p2: IshaNn|move: Aurora Veil\n|upkeep\n|turn|24\n|\n|t:|1700967511\n|cant|p2a: Lugarugan|par\n|move|p1a: Trevenant|Horn Leech|p2a: Lugarugan\n|-supereffective|p2a: Lugarugan\n|-damage|p2a: Lugarugan|0 fnt\n|-heal|p1a: Trevenant|83\/100|[from] drain|[of] p2a: Lugarugan\n|faint|p2a: Lugarugan\n|\n|upkeep\n|c| justinrockin|that is crazy\n|c|\u2606IshaNn|yeah...\n|\n|t:|1700967547\n|switch|p2a: Kyukon|Ninetales-Alola, F|85\/100 par\n|-weather|Snow|[from] ability: Snow Warning|[of] p2a: Kyukon\n|turn|25\n|\n|t:|1700967552\n|move|p2a: Kyukon|Aurora Veil|p2a: Kyukon\n|-sidestart|p2: IshaNn|move: Aurora Veil\n|move|p1a: Trevenant|Leech Seed|p2a: Kyukon\n|-start|p2a: Kyukon|move: Leech Seed\n|\n|-weather|Snow|[upkeep]\n|-damage|p2a: Kyukon|73\/100 par|[from] Leech Seed|[of] p1a: Trevenant\n|-heal|p1a: Trevenant|95\/100|[silent]\n|upkeep\n|turn|26\n|\n|t:|1700967560\n|switch|p2a: Morabareru|Amoonguss, M|100\/100\n|move|p1a: Trevenant|Protect||[still]\n|-fail|p1a: Trevenant\n|\n|-weather|Snow|[upkeep]\n|upkeep\n|turn|27\n|\n|t:|1700967567\n|switch|p1a: Zapdos|Zapdos|100\/100\n|move|p2a: Morabareru|Spore|p1a: Zapdos\n|-status|p1a: Zapdos|slp|[from] move: Spore\n|\n|-weather|Snow|[upkeep]\n|upkeep\n|turn|28\n|\n|t:|1700967584\n|switch|p2a: Idainakiba|Great Tusk|100\/100\n|cant|p1a: Zapdos|slp\n|\n|-weather|Snow|[upkeep]\n|upkeep\n|turn|29\n|\n|t:|1700967598\n|move|p2a: Idainakiba|Ice Spinner|p1a: Zapdos\n|-supereffective|p1a: Zapdos\n|-damage|p1a: Zapdos|52\/100 slp\n|-status|p2a: Idainakiba|par|[from] ability: Static|[of] p1a: Zapdos\n|-curestatus|p1a: Zapdos|slp|[msg]\n|move|p1a: Zapdos|Hurricane|p2a: Idainakiba\n|-supereffective|p2a: Idainakiba\n|-damage|p2a: Idainakiba|33\/100 par\n|\n|-weather|none\n|upkeep\n|turn|30\n|\n|t:|1700967627\n|move|p1a: Zapdos|Hurricane|p2a: Idainakiba\n|-supereffective|p2a: Idainakiba\n|-damage|p2a: Idainakiba|0 fnt\n|faint|p2a: Idainakiba\n|-end|p2a: Idainakiba|Protosynthesis|[silent]\n|\n|upkeep\n|\n|t:|1700967634\n|switch|p2a: Morabareru|Amoonguss, M|100\/100\n|turn|31\n|\n|t:|1700967638\n|move|p1a: Zapdos|Thunder Wave|p2a: Morabareru\n|-status|p2a: Morabareru|par\n|cant|p2a: Morabareru|par\n|\n|upkeep\n|turn|32\n|\n|t:|1700967644\n|move|p1a: Zapdos|Hurricane|p2a: Morabareru\n|-supereffective|p2a: Morabareru\n|-crit|p2a: Morabareru\n|-damage|p2a: Morabareru|0 fnt\n|faint|p2a: Morabareru\n|\n|-sideend|p2: IshaNn|move: Aurora Veil\n|upkeep\n|c|\u2606Undead_Redhead|I swear to God i know how to use more than these 2 Pok\u00e9mon lol\n|c|\u2606IshaNn|i mean\n|c|\u2606IshaNn|i've been para'd almost every time\n|c|\u2606IshaNn|this battle should be over\n|c|\u2606IshaNn|and then the crit just now to\n|c|\u2606IshaNn|too\n|c|\u2606IshaNn|and you also hit 3\/3 hurricanes\n|c| justinrockin|you cant really blame rng though\n|c|\u2606Undead_Redhead|I'm sorrrrry TuT\n|c|\u2606IshaNn|i mean yeah i could've just hit scale shot on bax and not been stupid\n|c|\u2606IshaNn|but also this battle should've been over if one of the paras doesn't go thru\n|\n|t:|1700967757\n|switch|p2a: Kyukon|Ninetales-Alola, F|73\/100 par\n|-weather|Snow|[from] ability: Snow Warning|[of] p2a: Kyukon\n|turn|33\n|\n|t:|1700967772\n|move|p1a: Zapdos|Roost|p1a: Zapdos\n|-heal|p1a: Zapdos|100\/100\n|-singleturn|p1a: Zapdos|move: Roost\n|cant|p2a: Kyukon|par\n|\n|-weather|Snow|[upkeep]\n|upkeep\n|turn|34\n|\n|t:|1700967782\n|move|p1a: Zapdos|Hurricane|p2a: Kyukon\n|-damage|p2a: Kyukon|24\/100 par\n|move|p2a: Kyukon|Aurora Veil|p2a: Kyukon\n|-sidestart|p2: IshaNn|move: Aurora Veil\n|\n|-weather|Snow|[upkeep]\n|upkeep\n|turn|35\n|\n|t:|1700967801\n|switch|p2a: Emperte|Empoleon, M|100\/100\n|move|p1a: Zapdos|Volt Switch|p2a: Emperte\n|-supereffective|p2a: Emperte\n|-damage|p2a: Emperte|81\/100\n|\n|t:|1700967809\n|switch|p1a: Trevenant|Trevenant, M, tera:Water|95\/100|[from] Volt Switch\n|\n|-weather|Snow|[upkeep]\n|-heal|p2a: Emperte|87\/100|[from] item: Leftovers\n|upkeep\n|turn|36\n|\n|t:|1700967817\n|move|p1a: Trevenant|Leech Seed|p2a: Emperte\n|-start|p2a: Emperte|move: Leech Seed\n|move|p2a: Emperte|Stealth Rock|p1a: Trevenant\n|-sidestart|p1: Undead_Redhead|move: Stealth Rock\n|\n|-weather|Snow|[upkeep]\n|-heal|p2a: Emperte|93\/100|[from] item: Leftovers\n|-damage|p2a: Emperte|81\/100|[from] Leech Seed|[of] p1a: Trevenant\n|-heal|p1a: Trevenant|100\/100|[silent]\n|upkeep\n|turn|37\n|\n|t:|1700967827\n|switch|p2a: Kyukon|Ninetales-Alola, F|24\/100 par\n|move|p1a: Trevenant|Horn Leech|p2a: Kyukon\n|-damage|p2a: Kyukon|13\/100 par\n|\n|-weather|none\n|upkeep\n|turn|38\n|\n|t:|1700967841\n|move|p2a: Kyukon|Freeze-Dry|p1a: Trevenant\n|-supereffective|p1a: Trevenant\n|-crit|p1a: Trevenant\n|-damage|p1a: Trevenant|53\/100\n|move|p1a: Trevenant|Horn Leech|p2a: Kyukon\n|-damage|p2a: Kyukon|0 fnt\n|-heal|p1a: Trevenant|59\/100|[from] drain|[of] p2a: Kyukon\n|faint|p2a: Kyukon\n|\n|upkeep\n|\n|t:|1700967849\n|switch|p2a: Emperte|Empoleon, M|81\/100\n|turn|39\n|\n|t:|1700967853\n|move|p1a: Trevenant|Leech Seed|p2a: Emperte\n|-start|p2a: Emperte|move: Leech Seed\n|move|p2a: Emperte|Ice Beam|p1a: Trevenant\n|-resisted|p1a: Trevenant\n|-damage|p1a: Trevenant|51\/100\n|\n|-heal|p2a: Emperte|87\/100|[from] item: Leftovers\n|-damage|p2a: Emperte|75\/100|[from] Leech Seed|[of] p1a: Trevenant\n|-heal|p1a: Trevenant|64\/100|[silent]\n|upkeep\n|turn|40\n|\n|t:|1700967862\n|move|p1a: Trevenant|Horn Leech|p2a: Emperte\n|-damage|p2a: Emperte|61\/100\n|-heal|p1a: Trevenant|70\/100|[from] drain|[of] p2a: Emperte\n|move|p2a: Emperte|Ice Beam|p1a: Trevenant\n|-resisted|p1a: Trevenant\n|-damage|p1a: Trevenant|62\/100\n|\n|-heal|p2a: Emperte|67\/100|[from] item: Leftovers\n|-damage|p2a: Emperte|55\/100|[from] Leech Seed|[of] p1a: Trevenant\n|-heal|p1a: Trevenant|74\/100|[silent]\n|upkeep\n|turn|41\n|\n|t:|1700967874\n|move|p1a: Trevenant|Substitute|p1a: Trevenant\n|-start|p1a: Trevenant|Substitute\n|-damage|p1a: Trevenant|49\/100\n|-enditem|p1a: Trevenant|Sitrus Berry|[eat]\n|-heal|p1a: Trevenant|74\/100|[from] item: Sitrus Berry\n|move|p2a: Emperte|Ice Beam|p1a: Trevenant\n|-resisted|p1a: Trevenant\n|-activate|p1a: Trevenant|move: Substitute|[damage]\n|\n|-heal|p2a: Emperte|61\/100|[from] item: Leftovers\n|-damage|p2a: Emperte|49\/100|[from] Leech Seed|[of] p1a: Trevenant\n|-heal|p1a: Trevenant|86\/100|[silent]\n|-sideend|p2: IshaNn|move: Aurora Veil\n|-item|p1a: Trevenant|Sitrus Berry|[from] ability: Harvest\n|upkeep\n|turn|42\n|\n|t:|1700967887\n|move|p1a: Trevenant|Protect|p1a: Trevenant\n|-singleturn|p1a: Trevenant|Protect\n|move|p2a: Emperte|Roost|p2a: Emperte\n|-heal|p2a: Emperte|99\/100\n|-singleturn|p2a: Emperte|move: Roost\n|\n|-heal|p2a: Emperte|100\/100|[from] item: Leftovers\n|-damage|p2a: Emperte|88\/100|[from] Leech Seed|[of] p1a: Trevenant\n|-heal|p1a: Trevenant|99\/100|[silent]\n|upkeep\n|turn|43\n|\n|t:|1700967897\n|move|p1a: Trevenant|Horn Leech|p2a: Emperte\n|-crit|p2a: Emperte\n|-damage|p2a: Emperte|47\/100\n|-heal|p1a: Trevenant|100\/100|[from] drain|[of] p2a: Emperte\n|move|p2a: Emperte|Ice Beam|p1a: Trevenant\n|-resisted|p1a: Trevenant\n|-activate|p1a: Trevenant|move: Substitute|[damage]\n|\n|-heal|p2a: Emperte|53\/100|[from] item: Leftovers\n|-damage|p2a: Emperte|41\/100|[from] Leech Seed|[of] p1a: Trevenant\n|upkeep\n|turn|44\n|\n|t:|1700967914\n|move|p1a: Trevenant|Horn Leech|p2a: Emperte\n|-damage|p2a: Emperte|10\/100\n|move|p2a: Emperte|Ice Beam|p1a: Trevenant\n|-resisted|p1a: Trevenant\n|-end|p1a: Trevenant|Substitute\n|\n|-heal|p2a: Emperte|16\/100|[from] item: Leftovers\n|-damage|p2a: Emperte|4\/100|[from] Leech Seed|[of] p1a: Trevenant\n|upkeep\n|turn|45\n|\n|t:|1700967924\n|move|p1a: Trevenant|Horn Leech|p2a: Emperte\n|-damage|p2a: Emperte|0 fnt\n|faint|p2a: Emperte\n|\n|win|Undead_Redhead\n|c|\u2606Undead_Redhead|Gg\n|c|\u2606IshaNn|gg\n|l|\u2606IshaNn\n|l| iceberg149\n|l| justinrockin\n","uploadtime":1700967936,"views":51,"p1id":"undeadredhead","p2id":"ishann","formatid":"gen9ubers","rating":0,"private":0,"password":""}