{"id":"gen9ubers-1988978969","p1":"LITLE0","p2":"kichess1245","format":"[Gen 9] Ubers","log":"|j|\u2606LITLE0\n|j|\u2606kichess1245\n|t:|1699797620\n|gametype|singles\n|player|p1|LITLE0|brock|1032\n|player|p2|kichess1245|cheren-gen5bw2|1070\n|teamsize|p1|4\n|teamsize|p2|6\n|gen|9\n|tier|[Gen 9] Ubers\n|rated|\n|rule|Sleep Clause Mod: Limit one foe put to sleep\n|rule|Species Clause: Limit one of each Pok\u00e9mon\n|rule|OHKO Clause: OHKO moves are banned\n|rule|Evasion Items Clause: Evasion items are banned\n|rule|Evasion Moves Clause: Evasion moves are banned\n|rule|Endless Battle Clause: Forcing endless battles is banned\n|rule|HP Percentage Mod: HP is shown in percentages\n|clearpoke\n|poke|p1|Amoonguss, M|\n|poke|p1|Ceruledge, F|\n|poke|p1|Cyclizar, M|\n|poke|p1|Dondozo, M|\n|poke|p2|Rayquaza|\n|poke|p2|Dialga|\n|poke|p2|Palkia|\n|poke|p2|Giratina-Origin|\n|poke|p2|Heatran, M|\n|poke|p2|Arceus|\n|teampreview\n|\n|t:|1699797636\n|start\n|switch|p1a: Cyclizar|Cyclizar, M|100\/100\n|switch|p2a: Rayquaza|Rayquaza|100\/100\n|-ability|p2a: Rayquaza|Air Lock\n|turn|1\n|\n|t:|1699797645\n|move|p1a: Cyclizar|Shed Tail|p1a: Cyclizar\n|-start|p1a: Cyclizar|Substitute|[from] move: Shed Tail\n|-damage|p1a: Cyclizar|50\/100\n|\n|t:|1699797649\n|switch|p1a: Ceruledge|Ceruledge, F|100\/100|[from] Shed Tail\n|move|p2a: Rayquaza|Draco Meteor|p1a: Ceruledge\n|-end|p1a: Ceruledge|Substitute\n|-unboost|p2a: Rayquaza|spa|2\n|\n|upkeep\n|turn|2\n|\n|t:|1699797660\n|switch|p1a: Dondozo|Dondozo, M|100\/100\n|move|p2a: Rayquaza|Draco Meteor|p1a: Dondozo\n|-damage|p1a: Dondozo|35\/100\n|-unboost|p2a: Rayquaza|spa|2\n|\n|-heal|p1a: Dondozo|41\/100|[from] item: Leftovers\n|upkeep\n|turn|3\n|\n|t:|1699797670\n|switch|p1a: Amoonguss|Amoonguss, M|100\/100\n|move|p2a: Rayquaza|Draco Meteor|p1a: Amoonguss\n|-damage|p1a: Amoonguss|84\/100\n|-unboost|p2a: Rayquaza|spa|2\n|\n|-heal|p1a: Amoonguss|91\/100|[from] item: Leftovers\n|upkeep\n|turn|4\n|\n|t:|1699797681\n|switch|p2a: Palkia|Palkia|100\/100\n|-ability|p2a: Palkia|Pressure\n|move|p1a: Amoonguss|Spore|p2a: Palkia\n|-status|p2a: Palkia|slp|[from] move: Spore\n|\n|-heal|p1a: Amoonguss|97\/100|[from] item: Leftovers\n|upkeep\n|turn|5\n|\n|t:|1699797692\n|switch|p1a: Cyclizar|Cyclizar, M|84\/100\n|cant|p2a: Palkia|slp\n|\n|upkeep\n|turn|6\n|\n|t:|1699797700\n|switch|p2a: Heatran|Heatran, M|100\/100\n|move|p1a: Cyclizar|Shed Tail|p1a: Cyclizar\n|-start|p1a: Cyclizar|Substitute|[from] move: Shed Tail\n|-damage|p1a: Cyclizar|34\/100\n|\n|t:|1699797703\n|switch|p1a: Ceruledge|Ceruledge, F|100\/100|[from] Shed Tail\n|\n|upkeep\n|turn|7\n|\n|t:|1699797711\n|move|p2a: Heatran|Earthquake|p1a: Ceruledge\n|-supereffective|p1a: Ceruledge\n|-end|p1a: Ceruledge|Substitute\n|move|p1a: Ceruledge|Poltergeist|p2a: Heatran\n|-activate|p2a: Heatran|move: Poltergeist|Choice Scarf\n|-crit|p2a: Heatran\n|-damage|p2a: Heatran|22\/100\n|\n|upkeep\n|turn|8\n|\n|t:|1699797721\n|move|p1a: Ceruledge|Endure|p1a: Ceruledge\n|-singleturn|p1a: Ceruledge|move: Endure\n|move|p2a: Heatran|Earthquake|p1a: Ceruledge\n|-supereffective|p1a: Ceruledge\n|-damage|p1a: Ceruledge|40\/100\n|-ability|p1a: Ceruledge|Weak Armor|boost\n|-unboost|p1a: Ceruledge|def|1\n|-boost|p1a: Ceruledge|spe|2\n|-enditem|p1a: Ceruledge|Weakness Policy\n|-boost|p1a: Ceruledge|atk|2|[from] item: Weakness Policy\n|-boost|p1a: Ceruledge|spa|2|[from] item: Weakness Policy\n|\n|upkeep\n|turn|9\n|\n|t:|1699797733\n|move|p1a: Ceruledge|Poltergeist|p2a: Heatran\n|-activate|p2a: Heatran|move: Poltergeist|Choice Scarf\n|-damage|p2a: Heatran|0 fnt\n|faint|p2a: Heatran\n|\n|upkeep\n|\n|t:|1699797739\n|switch|p2a: Arceus|Arceus|100\/100\n|turn|10\n|\n|t:|1699797744\n|move|p1a: Ceruledge|Bitter Blade|p2a: Arceus\n|-damage|p2a: Arceus|29\/100\n|-heal|p1a: Ceruledge|87\/100|[from] drain|[of] p2a: Arceus\n|move|p2a: Arceus|Judgment|p1a: Ceruledge\n|-immune|p1a: Ceruledge\n|\n|-heal|p2a: Arceus|35\/100|[from] item: Leftovers\n|upkeep\n|turn|11\n|\n|t:|1699797755\n|move|p1a: Ceruledge|Bitter Blade|p2a: Arceus\n|-damage|p2a: Arceus|0 fnt\n|-heal|p1a: Ceruledge|100\/100|[from] drain|[of] p2a: Arceus\n|faint|p2a: Arceus\n|\n|upkeep\n|\n|t:|1699797763\n|switch|p2a: Giratina|Giratina-Origin, shiny|100\/100\n|turn|12\n|\n|t:|1699797772\n|-terastallize|p1a: Ceruledge|Ghost\n|move|p1a: Ceruledge|Poltergeist|p2a: Giratina\n|-activate|p2a: Giratina|move: Poltergeist|Griseous Core\n|-supereffective|p2a: Giratina\n|-damage|p2a: Giratina|0 fnt\n|faint|p2a: Giratina\n|\n|upkeep\n|-message|kichess1245 forfeited.\n|\n|win|LITLE0\n|raw|LITLE0's rating: 1032 &rarr; <strong>1071<\/strong><br \/>(+39 for winning)\n|raw|kichess1245's rating: 1070 &rarr; <strong>1047<\/strong><br \/>(-23 for losing)\n|l|\u2606kichess1245\n","uploadtime":1699797785,"views":14,"p1id":"litle0","p2id":"kichess1245","formatid":"gen9ubers","rating":1047,"private":0,"password":""}