{"id":"gen9ubers-1973961080","p1":"jhugkyhjgk","p2":"LeAgency","format":"[Gen 9] Ubers","log":"|j|\u2606jhugkyhjgk\n|j|\u2606LeAgency\n|t:|1698033355\n|gametype|singles\n|player|p1|jhugkyhjgk|preschoolerf|1000\n|player|p2|LeAgency|170|1018\n|teamsize|p1|6\n|teamsize|p2|6\n|gen|9\n|tier|[Gen 9] Ubers\n|rated|\n|rule|Sleep Clause Mod: Limit one foe put to sleep\n|rule|Species Clause: Limit one of each Pok\u00e9mon\n|rule|OHKO Clause: OHKO moves are banned\n|rule|Evasion Items Clause: Evasion items are banned\n|rule|Evasion Moves Clause: Evasion moves are banned\n|rule|Endless Battle Clause: Forcing endless battles is banned\n|rule|HP Percentage Mod: HP is shown in percentages\n|clearpoke\n|poke|p1|Flutter Mane|\n|poke|p1|Koraidon|\n|poke|p1|Houndstone, M|\n|poke|p1|Ting-Lu|\n|poke|p1|Glimmora, M|\n|poke|p1|Armarouge, M|\n|poke|p2|Okidogi, M|\n|poke|p2|Ogerpon-Hearthflame, F|\n|poke|p2|Gliscor, M|\n|poke|p2|Gholdengo|\n|poke|p2|Ribombee, F|\n|poke|p2|Chien-Pao|\n|teampreview\n|\n|t:|1698033367\n|start\n|switch|p1a: Ting-Lu|Ting-Lu|100\/100\n|switch|p2a: Man-Bat|Gliscor, M, shiny|100\/100\n|-ability|p1a: Ting-Lu|Vessel of Ruin\n|turn|1\n|\n|t:|1698033378\n|move|p2a: Man-Bat|Knock Off|p1a: Ting-Lu\n|-resisted|p1a: Ting-Lu\n|-damage|p1a: Ting-Lu|95\/100\n|-enditem|p1a: Ting-Lu|Assault Vest|[from] move: Knock Off|[of] p2a: Man-Bat\n|move|p1a: Ting-Lu|Ruination|p2a: Man-Bat\n|-damage|p2a: Man-Bat|50\/100\n|\n|-status|p2a: Man-Bat|tox|[from] item: Toxic Orb\n|upkeep\n|turn|2\n|\n|t:|1698033381\n|switch|p1a: Koraidon|Koraidon|100\/100\n|-weather|SunnyDay|[from] ability: Orichalcum Pulse|[of] p1a: Koraidon\n|-activate|p1a: Koraidon|Orichalcum Pulse|[source]\n|move|p2a: Man-Bat|U-turn|p1a: Koraidon\n|-resisted|p1a: Koraidon\n|-damage|p1a: Koraidon|95\/100\n|\n|t:|1698033385\n|switch|p2a: Lizzo|Ribombee, F|100\/100|[from] U-turn\n|\n|-weather|SunnyDay|[upkeep]\n|upkeep\n|turn|3\n|\n|t:|1698033388\n|move|p1a: Koraidon|Flare Blitz|p2a: Lizzo\n|-supereffective|p2a: Lizzo\n|-enditem|p2a: Lizzo|Focus Sash\n|-damage|p2a: Lizzo|1\/100\n|-damage|p1a: Koraidon|64\/100|[from] Recoil\n|-damage|p1a: Koraidon|54\/100|[from] item: Life Orb\n|move|p2a: Lizzo|Sticky Web|p1a: Koraidon\n|-sidestart|p1: jhugkyhjgk|move: Sticky Web\n|\n|-weather|SunnyDay|[upkeep]\n|upkeep\n|turn|4\n|\n|t:|1698033397\n|move|p1a: Koraidon|Collision Course|p2a: Lizzo\n|-resisted|p2a: Lizzo\n|-damage|p2a: Lizzo|0 fnt\n|faint|p2a: Lizzo\n|-damage|p1a: Koraidon|44\/100|[from] item: Life Orb\n|\n|-weather|SunnyDay|[upkeep]\n|upkeep\n|\n|t:|1698033414\n|switch|p2a: 2 Chainz|Gholdengo|100\/100\n|turn|5\n|\n|t:|1698033420\n|switch|p1a: Ting-Lu|Ting-Lu|95\/100\n|-activate|p1a: Ting-Lu|move: Sticky Web\n|-unboost|p1a: Ting-Lu|spe|1\n|-ability|p1a: Ting-Lu|Vessel of Ruin\n|-terastallize|p2a: 2 Chainz|Flying\n|move|p2a: 2 Chainz|Dazzling Gleam|p1a: Ting-Lu\n|-supereffective|p1a: Ting-Lu\n|-damage|p1a: Ting-Lu|69\/100\n|\n|-weather|SunnyDay|[upkeep]\n|upkeep\n|turn|6\n|\n|t:|1698033433\n|switch|p2a: Man-Bat|Gliscor, M, shiny|50\/100 tox\n|move|p1a: Ting-Lu|Throat Chop|p2a: Man-Bat\n|-damage|p2a: Man-Bat|18\/100 tox\n|-start|p2a: Man-Bat|Throat Chop|[silent]\n|\n|-weather|none\n|-heal|p2a: Man-Bat|31\/100 tox|[from] ability: Poison Heal\n|upkeep\n|turn|7\n|\n|t:|1698033439\n|move|p2a: Man-Bat|Stealth Rock|p1a: Ting-Lu\n|-sidestart|p1: jhugkyhjgk|move: Stealth Rock\n|move|p1a: Ting-Lu|Throat Chop|p2a: Man-Bat\n|-damage|p2a: Man-Bat|0 fnt\n|faint|p2a: Man-Bat\n|\n|upkeep\n|\n|t:|1698033442\n|switch|p2a: Gunna|Chien-Pao|100\/100\n|-ability|p2a: Gunna|Sword of Ruin\n|turn|8\n|\n|t:|1698033445\n|move|p2a: Gunna|Icicle Crash|p1a: Ting-Lu\n|-supereffective|p1a: Ting-Lu\n|-damage|p1a: Ting-Lu|6\/100\n|move|p1a: Ting-Lu|Heavy Slam|p2a: Gunna\n|-supereffective|p2a: Gunna\n|-damage|p2a: Gunna|9\/100\n|\n|upkeep\n|turn|9\n|\n|t:|1698033454\n|move|p2a: Gunna|Ice Shard|p1a: Ting-Lu\n|-supereffective|p1a: Ting-Lu\n|-damage|p1a: Ting-Lu|0 fnt\n|faint|p1a: Ting-Lu\n|\n|upkeep\n|\n|t:|1698033464\n|switch|p1a: Glimmora|Glimmora, M|100\/100\n|-activate|p1a: Glimmora|move: Sticky Web\n|-unboost|p1a: Glimmora|spe|1\n|-damage|p1a: Glimmora|88\/100|[from] Stealth Rock\n|turn|10\n|\n|t:|1698033472\n|move|p2a: Gunna|Sacred Sword|p1a: Glimmora\n|-damage|p1a: Glimmora|36\/100\n|-activate|p1a: Glimmora|ability: Toxic Debris\n|-sidestart|p2: LeAgency|move: Toxic Spikes\n|move|p1a: Glimmora|Mortal Spin|p2a: Gunna\n|-damage|p2a: Gunna|0 fnt\n|-sideend|p1: jhugkyhjgk|Stealth Rock|[from] move: Mortal Spin|[of] p1a: Glimmora\n|-sideend|p1: jhugkyhjgk|Sticky Web|[from] move: Mortal Spin|[of] p1a: Glimmora\n|faint|p2a: Gunna\n|\n|upkeep\n|\n|t:|1698033478\n|switch|p2a: 2 Chainz|Gholdengo, tera:Flying|100\/100\n|turn|11\n|\n|t:|1698033484\n|move|p2a: 2 Chainz|Make It Rain|p1a: Glimmora\n|-supereffective|p1a: Glimmora\n|-damage|p1a: Glimmora|0 fnt\n|-unboost|p2a: 2 Chainz|spa|1\n|faint|p1a: Glimmora\n|\n|upkeep\n|\n|t:|1698033488\n|switch|p1a: Armarouge|Armarouge, M|100\/100\n|turn|12\n|\n|t:|1698033533\n|move|p2a: 2 Chainz|Thunder Wave|p1a: Armarouge\n|-status|p1a: Armarouge|par\n|move|p1a: Armarouge|Armor Cannon|p2a: 2 Chainz\n|-damage|p2a: 2 Chainz|33\/100\n|-unboost|p1a: Armarouge|def|1\n|-unboost|p1a: Armarouge|spd|1\n|\n|-heal|p2a: 2 Chainz|39\/100|[from] item: Leftovers\n|upkeep\n|turn|13\n|\n|t:|1698033544\n|move|p2a: 2 Chainz|Make It Rain|p1a: Armarouge\n|-resisted|p1a: Armarouge\n|-damage|p1a: Armarouge|71\/100 par\n|-unboost|p2a: 2 Chainz|spa|1\n|move|p1a: Armarouge|Psyshock|p2a: 2 Chainz\n|-damage|p2a: 2 Chainz|0 fnt\n|faint|p2a: 2 Chainz\n|\n|upkeep\n|\n|t:|1698033550\n|switch|p2a: Urameshi|Okidogi, M|100\/100\n|-sideend|p2: LeAgency|move: Toxic Spikes|[of] p2a: Urameshi\n|turn|14\n|\n|t:|1698033556\n|move|p2a: Urameshi|Poison Jab|p1a: Armarouge\n|-crit|p1a: Armarouge\n|-damage|p1a: Armarouge|0 fnt\n|faint|p1a: Armarouge\n|\n|upkeep\n|\n|t:|1698033565\n|switch|p1a: Houndstone|Houndstone, M|100\/100\n|turn|15\n|\n|t:|1698033620\n|move|p2a: Urameshi|Poison Jab|p1a: Houndstone\n|-resisted|p1a: Houndstone\n|-damage|p1a: Houndstone|92\/100\n|-status|p1a: Houndstone|tox|[from] ability: Toxic Chain|[of] p2a: Urameshi\n|move|p1a: Houndstone|Substitute|p1a: Houndstone\n|-start|p1a: Houndstone|Substitute\n|-damage|p1a: Houndstone|67\/100 tox\n|\n|-heal|p1a: Houndstone|73\/100 tox|[from] item: Leftovers\n|-damage|p1a: Houndstone|67\/100 tox|[from] psn\n|upkeep\n|turn|16\n|\n|t:|1698033628\n|move|p2a: Urameshi|Poison Jab|p1a: Houndstone\n|-resisted|p1a: Houndstone\n|-activate|p1a: Houndstone|move: Substitute|[damage]\n|move|p1a: Houndstone|Last Respects|p2a: Urameshi\n|-damage|p2a: Urameshi|36\/100\n|\n|-heal|p1a: Houndstone|73\/100 tox|[from] item: Leftovers\n|-damage|p1a: Houndstone|61\/100 tox|[from] psn\n|upkeep\n|turn|17\n|\n|t:|1698033631\n|move|p2a: Urameshi|Poison Jab|p1a: Houndstone\n|-resisted|p1a: Houndstone\n|-activate|p1a: Houndstone|move: Substitute|[damage]\n|move|p1a: Houndstone|Last Respects|p2a: Urameshi\n|-damage|p2a: Urameshi|0 fnt\n|faint|p2a: Urameshi\n|\n|-heal|p1a: Houndstone|67\/100 tox|[from] item: Leftovers\n|-damage|p1a: Houndstone|49\/100 tox|[from] psn\n|upkeep\n|\n|t:|1698033633\n|switch|p2a: Natsu|Ogerpon-Hearthflame, F|100\/100\n|-ability|p2a: Natsu|Mold Breaker\n|turn|18\n|\n|t:|1698033636\n|move|p2a: Natsu|Trailblaze|p1a: Houndstone\n|-end|p1a: Houndstone|Substitute\n|-boost|p2a: Natsu|spe|1\n|move|p1a: Houndstone|Last Respects|p2a: Natsu\n|-damage|p2a: Natsu|0 fnt\n|faint|p2a: Natsu\n|\n|win|jhugkyhjgk\n|raw|jhugkyhjgk's rating: 1000 &rarr; <strong>1047<\/strong><br \/>(+47 for winning)\n|raw|LeAgency's rating: 1058 &rarr; <strong>1036<\/strong><br \/>(-22 for losing)\n|l|\u2606LeAgency\n","uploadtime":1698033660,"views":13,"p1id":"jhugkyhjgk","p2id":"leagency","formatid":"gen9ubers","rating":1036,"private":0,"password":""}