{"id":"gen9ubers-1982196999","p1":"muffinATEthat","p2":"Zeddby","format":"[Gen 9] Ubers","log":"|j|\u2606muffinATEthat\n|j|\u2606Zeddby\n|t:|1698978069\n|gametype|singles\n|player|p1|muffinATEthat|1|\n|player|p2|Zeddby|winona|\n|teamsize|p1|6\n|teamsize|p2|6\n|gen|9\n|tier|[Gen 9] Ubers\n|rule|Sleep Clause Mod: Limit one foe put to sleep\n|rule|Species Clause: Limit one of each Pok\u00e9mon\n|rule|OHKO Clause: OHKO moves are banned\n|rule|Evasion Items Clause: Evasion items are banned\n|rule|Evasion Moves Clause: Evasion moves are banned\n|rule|Endless Battle Clause: Forcing endless battles is banned\n|rule|HP Percentage Mod: HP is shown in percentages\n|clearpoke\n|poke|p1|Slowbro, F|\n|poke|p1|Breloom, M|\n|poke|p1|Iron Jugulis|\n|poke|p1|Rotom-Heat|\n|poke|p1|Enamorus, F|\n|poke|p1|Sandy Shocks|\n|poke|p2|Roaring Moon|\n|poke|p2|Azumarill, F|\n|poke|p2|Blissey, F|\n|poke|p2|Hippowdon, M|\n|poke|p2|Toxtricity, F|\n|poke|p2|Rotom-Frost|\n|teampreview\n|j| mindyourmoney\n|j| GymLeader Avery\n|j| CTE World\n|j| DomNeedsHelp\n|\n|t:|1698978118\n|start\n|switch|p1a: nyquil|Iron Jugulis|100\/100\n|switch|p2a: Rotom|Rotom-Frost|100\/100\n|turn|1\n|\n|t:|1698978134\n|move|p1a: nyquil|U-turn|p2a: Rotom\n|-damage|p2a: Rotom|84\/100\n|\n|t:|1698978138\n|-end|p1a: nyquil|Quark Drive|[silent]\n|switch|p1a: arsenic|Rotom-Heat, shiny|100\/100|[from] U-turn\n|move|p2a: Rotom|Blizzard|p1a: arsenic\n|-resisted|p1a: arsenic\n|-damage|p1a: arsenic|75\/100\n|\n|upkeep\n|turn|2\n|\n|t:|1698978156\n|move|p2a: Rotom|Volt Switch|p1a: arsenic\n|-resisted|p1a: arsenic\n|-damage|p1a: arsenic|58\/100\n|\n|t:|1698978162\n|switch|p2a: Hippowdon|Hippowdon, M|100\/100|[from] Volt Switch\n|move|p1a: arsenic|Light Screen|p1a: arsenic\n|-sidestart|p1: muffinATEthat|move: Light Screen\n|\n|upkeep\n|turn|3\n|\n|t:|1698978170\n|move|p1a: arsenic|Will-O-Wisp|p2a: Hippowdon\n|-status|p2a: Hippowdon|brn\n|move|p2a: Hippowdon|Stealth Rock|p1a: arsenic\n|-sidestart|p1: muffinATEthat|move: Stealth Rock\n|\n|-damage|p2a: Hippowdon|94\/100 brn|[from] brn\n|upkeep\n|turn|4\n|\n|t:|1698978182\n|move|p1a: arsenic|Reflect|p1a: arsenic\n|-sidestart|p1: muffinATEthat|Reflect\n|move|p2a: Hippowdon|Earthquake|p1a: arsenic\n|-immune|p1a: arsenic|[from] ability: Levitate\n|\n|-damage|p2a: Hippowdon|88\/100 brn|[from] brn\n|upkeep\n|turn|5\n|j| KevinF_VGC\n|\n|t:|1698978199\n|switch|p1a: ice soup|Slowbro, F, shiny|100\/100\n|-damage|p1a: ice soup|88\/100|[from] Stealth Rock\n|move|p2a: Hippowdon|Whirlwind|p1a: ice soup\n|drag|p1a: 1000 degree knife|Sandy Shocks|100\/100\n|-damage|p1a: 1000 degree knife|94\/100|[from] Stealth Rock\n|\n|-damage|p2a: Hippowdon|82\/100 brn|[from] brn\n|upkeep\n|turn|6\n|\n|t:|1698978220\n|move|p1a: 1000 degree knife|Earth Power|p2a: Hippowdon\n|-damage|p2a: Hippowdon|15\/100 brn\n|move|p2a: Hippowdon|Earthquake|p1a: 1000 degree knife\n|-supereffective|p1a: 1000 degree knife\n|-damage|p1a: 1000 degree knife|76\/100\n|\n|-damage|p2a: Hippowdon|8\/100 brn|[from] brn\n|upkeep\n|turn|7\n|j| Act Cadenza\n|\n|t:|1698978240\n|-end|p1a: 1000 degree knife|Protosynthesis|[silent]\n|switch|p1a: everything bagel|Breloom, M, shiny|100\/100\n|-damage|p1a: everything bagel|94\/100|[from] Stealth Rock\n|move|p2a: Hippowdon|Slack Off|p2a: Hippowdon\n|-heal|p2a: Hippowdon|58\/100 brn\n|\n|-damage|p2a: Hippowdon|52\/100 brn|[from] brn\n|upkeep\n|turn|8\n|\n|t:|1698978248\n|move|p1a: everything bagel|Bullet Seed|p2a: Hippowdon\n|-supereffective|p2a: Hippowdon\n|-damage|p2a: Hippowdon|22\/100 brn\n|-supereffective|p2a: Hippowdon\n|-damage|p2a: Hippowdon|0 fnt\n|faint|p2a: Hippowdon\n|-hitcount|p2: Hippowdon|2\n|\n|upkeep\n|\n|t:|1698978276\n|switch|p2a: Toxtricity|Toxtricity, F|100\/100\n|turn|9\n|\n|t:|1698978309\n|switch|p1a: arsenic|Rotom-Heat, shiny|58\/100\n|-damage|p1a: arsenic|33\/100|[from] Stealth Rock\n|move|p2a: Toxtricity|Boomburst|p1a: arsenic\n|-damage|p1a: arsenic|6\/100\n|\n|-sideend|p1: muffinATEthat|move: Light Screen\n|upkeep\n|turn|10\n|\n|t:|1698978317\n|move|p2a: Toxtricity|Boomburst|p1a: arsenic\n|-damage|p1a: arsenic|0 fnt\n|faint|p1a: arsenic\n|\n|upkeep\n|\n|t:|1698978332\n|switch|p1a: nyquil|Iron Jugulis|100\/100\n|-damage|p1a: nyquil|76\/100|[from] Stealth Rock\n|turn|11\n|\n|t:|1698978348\n|move|p1a: nyquil|Knock Off|p2a: Toxtricity\n|-damage|p2a: Toxtricity|59\/100\n|-enditem|p2a: Toxtricity|Choice Scarf|[from] move: Knock Off|[of] p1a: nyquil\n|move|p2a: Toxtricity|Boomburst|p1a: nyquil\n|-crit|p1a: nyquil\n|-damage|p1a: nyquil|0 fnt\n|faint|p1a: nyquil\n|-end|p1a: nyquil|Quark Drive|[silent]\n|\n|-sideend|p1: muffinATEthat|Reflect\n|upkeep\n|\n|t:|1698978361\n|switch|p1a: 1000 degree knife|Sandy Shocks|76\/100\n|-damage|p1a: 1000 degree knife|70\/100|[from] Stealth Rock\n|turn|12\n|\n|t:|1698978387\n|move|p1a: 1000 degree knife|Earth Power|p2a: Toxtricity\n|-supereffective|p2a: Toxtricity\n|-damage|p2a: Toxtricity|0 fnt\n|faint|p2a: Toxtricity\n|\n|upkeep\n|\n|t:|1698978396\n|switch|p2a: Rotom|Rotom-Frost|84\/100\n|turn|13\n|\n|t:|1698978403\n|-end|p1a: 1000 degree knife|Protosynthesis|[silent]\n|switch|p1a: ice soup|Slowbro, F, shiny|100\/100\n|-damage|p1a: ice soup|88\/100|[from] Stealth Rock\n|move|p2a: Rotom|Blizzard|p1a: ice soup|[miss]\n|-miss|p2a: Rotom|p1a: ice soup\n|\n|upkeep\n|turn|14\n|\n|t:|1698978424\n|-terastallize|p1a: ice soup|Fairy\n|move|p2a: Rotom|Nasty Plot|p2a: Rotom\n|-boost|p2a: Rotom|spa|2\n|move|p1a: ice soup|Slack Off|p1a: ice soup\n|-heal|p1a: ice soup|100\/100\n|\n|upkeep\n|turn|15\n|\n|t:|1698978435\n|move|p2a: Rotom|Thunderbolt|p1a: ice soup\n|-damage|p1a: ice soup|23\/100\n|move|p1a: ice soup|Body Press|p2a: Rotom\n|-supereffective|p2a: Rotom\n|-damage|p2a: Rotom|5\/100\n|\n|upkeep\n|turn|16\n|\n|t:|1698978449\n|move|p2a: Rotom|Blizzard|p1a: ice soup|[miss]\n|-miss|p2a: Rotom|p1a: ice soup\n|move|p1a: ice soup|Slack Off|p1a: ice soup\n|-heal|p1a: ice soup|73\/100\n|\n|upkeep\n|turn|17\n|\n|t:|1698978456\n|move|p2a: Rotom|Thunderbolt|p1a: ice soup\n|-damage|p1a: ice soup|0 fnt\n|faint|p1a: ice soup\n|\n|upkeep\n|\n|t:|1698978475\n|switch|p1a: big hungry ass \ud83d\ude2d|Enamorus, F, shiny|100\/100\n|-damage|p1a: big hungry ass \ud83d\ude2d|76\/100|[from] Stealth Rock\n|turn|18\n|\n|t:|1698978485\n|move|p1a: big hungry ass \ud83d\ude2d|Moonblast|p2a: Rotom\n|-damage|p2a: Rotom|0 fnt\n|faint|p2a: Rotom\n|\n|upkeep\n|\n|t:|1698978517\n|switch|p2a: Roaring Moon|Roaring Moon|100\/100\n|-enditem|p2a: Roaring Moon|Booster Energy\n|-activate|p2a: Roaring Moon|ability: Protosynthesis|[fromitem]\n|-start|p2a: Roaring Moon|protosynthesisatk\n|turn|19\n|\n|t:|1698978523\n|move|p1a: big hungry ass \ud83d\ude2d|Moonblast|p2a: Roaring Moon\n|-supereffective|p2a: Roaring Moon\n|-damage|p2a: Roaring Moon|0 fnt\n|faint|p2a: Roaring Moon\n|-end|p2a: Roaring Moon|Protosynthesis|[silent]\n|\n|upkeep\n|\n|t:|1698978528\n|switch|p2a: Azumarill|Azumarill, F|100\/100\n|turn|20\n|\n|t:|1698978576\n|move|p1a: big hungry ass \ud83d\ude2d|Moonblast|p2a: Azumarill\n|-damage|p2a: Azumarill|48\/100\n|-enditem|p2a: Azumarill|Sitrus Berry|[eat]\n|-heal|p2a: Azumarill|73\/100|[from] item: Sitrus Berry\n|move|p2a: Azumarill|Play Rough|p1a: big hungry ass \ud83d\ude2d\n|-damage|p1a: big hungry ass \ud83d\ude2d|0 fnt\n|faint|p1a: big hungry ass \ud83d\ude2d\n|\n|upkeep\n|\n|t:|1698978600\n|switch|p1a: 1000 degree knife|Sandy Shocks|70\/100\n|-damage|p1a: 1000 degree knife|64\/100|[from] Stealth Rock\n|turn|21\n|\n|t:|1698978605\n|move|p2a: Azumarill|Aqua Jet|p1a: 1000 degree knife\n|-supereffective|p1a: 1000 degree knife\n|-damage|p1a: 1000 degree knife|9\/100\n|move|p1a: 1000 degree knife|Volt Switch|p2a: Azumarill\n|-supereffective|p2a: Azumarill\n|-damage|p2a: Azumarill|0 fnt\n|faint|p2a: Azumarill\n|\n|t:|1698978612\n|-end|p1a: 1000 degree knife|Protosynthesis|[silent]\n|switch|p1a: everything bagel|Breloom, M, shiny|94\/100|[from] Volt Switch\n|-damage|p1a: everything bagel|88\/100|[from] Stealth Rock\n|\n|upkeep\n|\n|t:|1698978616\n|switch|p2a: Blissey|Blissey, F|100\/100\n|turn|22\n|\n|t:|1698978620\n|move|p1a: everything bagel|Bullet Seed|p2a: Blissey\n|-damage|p2a: Blissey|72\/100\n|-damage|p2a: Blissey|42\/100\n|-damage|p2a: Blissey|12\/100\n|-hitcount|p2a: Blissey|3\n|move|p2a: Blissey|Seismic Toss|p1a: everything bagel\n|-damage|p1a: everything bagel|53\/100\n|\n|upkeep\n|turn|23\n|-message|Zeddby forfeited.\n|\n|win|muffinATEthat\n|c|\u2606muffinATEthat|oh gg\n|c|\u2606muffinATEthat|no swaps i think\n","uploadtime":1698978642,"views":10,"p1id":"muffinatethat","p2id":"zeddby","formatid":"gen9ubers","rating":0,"private":0,"password":""}