{"id":"gen9ubers-1990610918","p1":"guru000","p2":"Dread Hades 0","format":"[Gen 9] Ubers","log":"|j|\u2606guru000\n|j|\u2606Dread Hades 0\n|t:|1699985570\n|gametype|singles\n|player|p1|guru000|ash-kalos|\n|player|p2|Dread Hades 0|guzma|\n|teamsize|p1|6\n|teamsize|p2|6\n|gen|9\n|tier|[Gen 9] Ubers\n|rated|Tournament battle\n|rule|Sleep Clause Mod: Limit one foe put to sleep\n|rule|Species Clause: Limit one of each Pok\u00e9mon\n|rule|OHKO Clause: OHKO moves are banned\n|rule|Evasion Items Clause: Evasion items are banned\n|rule|Evasion Moves Clause: Evasion moves are banned\n|rule|Endless Battle Clause: Forcing endless battles is banned\n|rule|HP Percentage Mod: HP is shown in percentages\n|clearpoke\n|poke|p1|Miraidon|\n|poke|p1|Koraidon|\n|poke|p1|Gliscor, F|\n|poke|p1|Zamazenta-*|\n|poke|p1|Flutter Mane|\n|poke|p1|Urshifu-*, F|\n|poke|p2|Arceus|\n|poke|p2|Polteageist-Antique|\n|poke|p2|Zacian-*|\n|poke|p2|Eternatus|\n|poke|p2|Koraidon|\n|poke|p2|Ribombee, F|\n|teampreview\n|inactive|Battle timer is ON: inactive players will automatically lose when time's up. (requested by Dread Hades 0)\n|\n|t:|1699985580\n|start\n|switch|p1a: Urshifu|Urshifu-Rapid-Strike, F|100\/100\n|switch|p2a: Ribombee|Ribombee, F, shiny|100\/100\n|turn|1\n|j| harmonicdivergence\n|c|\u2606guru000|oops\n|c|\u2606guru000|no moonblast plz\n|c| harmonicdivergence|more like scarfed af\n|l|harmonicdivergence\n|\n|t:|1699985611\n|move|p1a: Urshifu|Surging Strikes|p2a: Ribombee\n|-crit|p2a: Ribombee\n|-damage|p2a: Ribombee|59\/100\n|-crit|p2a: Ribombee\n|-damage|p2a: Ribombee|21\/100\n|-crit|p2a: Ribombee\n|-damage|p2a: Ribombee|0 fnt\n|faint|p2a: Ribombee\n|-hitcount|p2: Ribombee|3\n|\n|upkeep\n|\n|t:|1699985626\n|switch|p2a: meliodas|Arceus|100\/100\n|turn|2\n|\n|t:|1699985638\n|switch|p1a: Koraidon|Koraidon|100\/100\n|-weather|SunnyDay|[from] ability: Orichalcum Pulse|[of] p1a: Koraidon\n|-activate|p1a: Koraidon|Orichalcum Pulse|[source]\n|move|p2a: meliodas|Dragon Dance|p2a: meliodas\n|-boost|p2a: meliodas|atk|1\n|-boost|p2a: meliodas|spe|1\n|\n|-weather|SunnyDay|[upkeep]\n|upkeep\n|turn|3\n|\n|t:|1699985656\n|-terastallize|p2a: meliodas|Fighting\n|move|p1a: Koraidon|Close Combat|p2a: meliodas\n|-damage|p2a: meliodas|37\/100\n|-unboost|p1a: Koraidon|def|1\n|-unboost|p1a: Koraidon|spd|1\n|move|p2a: meliodas|Dragon Dance|p2a: meliodas\n|-boost|p2a: meliodas|atk|1\n|-boost|p2a: meliodas|spe|1\n|\n|-weather|SunnyDay|[upkeep]\n|upkeep\n|turn|4\n|\n|t:|1699985662\n|move|p2a: meliodas|Extreme Speed|p1a: Koraidon\n|-damage|p1a: Koraidon|0 fnt\n|faint|p1a: Koraidon\n|\n|-weather|SunnyDay|[upkeep]\n|upkeep\n|\n|t:|1699985665\n|switch|p1a: Flutter Mane|Flutter Mane|100\/100\n|-activate|p1a: Flutter Mane|ability: Protosynthesis\n|-start|p1a: Flutter Mane|protosynthesisspe\n|turn|5\n|\n|t:|1699985669\n|move|p1a: Flutter Mane|Moonblast|p2a: meliodas\n|-supereffective|p2a: meliodas\n|-damage|p2a: meliodas|0 fnt\n|faint|p2a: meliodas\n|\n|-weather|SunnyDay|[upkeep]\n|upkeep\n|\n|t:|1699985678\n|switch|p2a: Demon king|Eternatus|100\/100\n|-ability|p2a: Demon king|Pressure\n|turn|6\n|\n|t:|1699985691\n|-end|p1a: Flutter Mane|Protosynthesis|[silent]\n|switch|p1a: Gliscor|Gliscor, F|100\/100\n|move|p2a: Demon king|Sludge Bomb|p1a: Gliscor\n|-resisted|p1a: Gliscor\n|-damage|p1a: Gliscor|72\/100\n|\n|-weather|none\n|-status|p1a: Gliscor|tox|[from] item: Toxic Orb\n|upkeep\n|turn|7\n|\n|t:|1699985715\n|move|p2a: Demon king|Dynamax Cannon|p1a: Gliscor\n|-damage|p1a: Gliscor|0 fnt\n|faint|p1a: Gliscor\n|\n|upkeep\n|\n|t:|1699985723\n|switch|p1a: Miraidon|Miraidon|100\/100\n|-fieldstart|move: Electric Terrain|[from] ability: Hadron Engine|[of] p1a: Miraidon\n|turn|8\n|\n|t:|1699985735\n|move|p1a: Miraidon|Draco Meteor|p2a: Demon king\n|-supereffective|p2a: Demon king\n|-damage|p2a: Demon king|0 fnt\n|-unboost|p1a: Miraidon|spa|2\n|faint|p2a: Demon king\n|\n|upkeep\n|\n|t:|1699985743\n|switch|p2a: Koraidon|Koraidon|100\/100\n|-weather|SunnyDay|[from] ability: Orichalcum Pulse|[of] p2a: Koraidon\n|-activate|p2a: Koraidon|Orichalcum Pulse|[source]\n|turn|9\n|\n|t:|1699985747\n|switch|p1a: Flutter Mane|Flutter Mane|100\/100\n|-activate|p1a: Flutter Mane|ability: Protosynthesis\n|-start|p1a: Flutter Mane|protosynthesisspe\n|move|p2a: Koraidon|Scale Shot|p1a: Flutter Mane\n|-immune|p1a: Flutter Mane\n|\n|-weather|SunnyDay|[upkeep]\n|upkeep\n|turn|10\n|\n|t:|1699985761\n|move|p1a: Flutter Mane|Moonblast|p2a: Koraidon\n|-supereffective|p2a: Koraidon\n|-damage|p2a: Koraidon|0 fnt\n|faint|p2a: Koraidon\n|\n|-weather|SunnyDay|[upkeep]\n|upkeep\n|\n|t:|1699985764\n|switch|p2a: zeldris|Zacian-Crowned|100\/100\n|-ability|p2a: zeldris|Intrepid Sword|boost\n|-boost|p2a: zeldris|atk|1\n|turn|11\n|\n|t:|1699985771\n|-end|p1a: Flutter Mane|Protosynthesis|[silent]\n|switch|p1a: Urshifu|Urshifu-Rapid-Strike, F|100\/100\n|move|p2a: zeldris|Behemoth Blade|p1a: Urshifu\n|-resisted|p1a: Urshifu\n|-damage|p1a: Urshifu|54\/100\n|\n|-weather|SunnyDay|[upkeep]\n|upkeep\n|turn|12\n|\n|t:|1699985793\n|move|p1a: Urshifu|Close Combat|p2a: zeldris\n|-damage|p2a: zeldris|37\/100\n|-unboost|p1a: Urshifu|def|1\n|-unboost|p1a: Urshifu|spd|1\n|move|p2a: zeldris|Play Rough|p1a: Urshifu\n|-supereffective|p1a: Urshifu\n|-damage|p1a: Urshifu|0 fnt\n|faint|p1a: Urshifu\n|\n|-weather|SunnyDay|[upkeep]\n|-fieldend|move: Electric Terrain\n|upkeep\n|\n|t:|1699985800\n|switch|p1a: Miraidon|Miraidon|100\/100\n|-fieldstart|move: Electric Terrain|[from] ability: Hadron Engine|[of] p1a: Miraidon\n|turn|13\n|\n|t:|1699985804\n|move|p1a: Miraidon|Electro Drift|p2a: zeldris\n|-crit|p2a: zeldris\n|-damage|p2a: zeldris|0 fnt\n|faint|p2a: zeldris\n|\n|-weather|none\n|upkeep\n|\n|t:|1699985808\n|switch|p2a: Grayroad|Polteageist-Antique|100\/100\n|turn|14\n|\n|t:|1699985811\n|move|p1a: Miraidon|Electro Drift|p2a: Grayroad\n|-enditem|p2a: Grayroad|Focus Sash\n|-damage|p2a: Grayroad|1\/100\n|move|p2a: Grayroad|Shell Smash|p2a: Grayroad\n|-unboost|p2a: Grayroad|def|1\n|-unboost|p2a: Grayroad|spd|1\n|-boost|p2a: Grayroad|atk|2\n|-boost|p2a: Grayroad|spa|2\n|-boost|p2a: Grayroad|spe|2\n|\n|upkeep\n|turn|15\n|\n|t:|1699985823\n|move|p1a: Miraidon|Electro Drift|p2a: Grayroad\n|-damage|p2a: Grayroad|0 fnt\n|faint|p2a: Grayroad\n|\n|win|guru000\n|n|\u2606guru000|guru000\n|n|\u2606Dread Hades 0|dreadhades0\n","uploadtime":1699985824,"views":5,"p1id":"guru000","p2id":"dreadhades0","formatid":"gen9ubers","rating":0,"private":0,"password":""}