{"id":"gen9ubers-1967986662","p1":"MeteorAsh15","p2":"FGONK","format":"[Gen 9] Ubers","log":"|j|\u203dMeteorAsh15\n|j|\u2606FGONK\n|t:|1697370072\n|gametype|singles\n|player|p1|MeteorAsh15|nate|1110\n|player|p2|FGONK|winona|1000\n|teamsize|p1|6\n|teamsize|p2|6\n|gen|9\n|tier|[Gen 9] Ubers\n|rated|\n|rule|Sleep Clause Mod: Limit one foe put to sleep\n|rule|Species Clause: Limit one of each Pok\u00e9mon\n|rule|OHKO Clause: OHKO moves are banned\n|rule|Evasion Items Clause: Evasion items are banned\n|rule|Evasion Moves Clause: Evasion moves are banned\n|rule|Endless Battle Clause: Forcing endless battles is banned\n|rule|HP Percentage Mod: HP is shown in percentages\n|clearpoke\n|poke|p1|Mew|\n|poke|p1|Zacian-*|\n|poke|p1|Espathra, F|\n|poke|p1|Eternatus|\n|poke|p1|Ninetales-Alola, F|\n|poke|p1|Baxcalibur, F|\n|poke|p2|Dragapult, F|\n|poke|p2|Skeledirge, F|\n|poke|p2|Forretress, F|\n|poke|p2|Scovillain, F|\n|poke|p2|Arceus|\n|poke|p2|Eternatus|\n|teampreview\n|inactive|Battle timer is ON: inactive players will automatically lose when time's up. (requested by MeteorAsh15)\n|\n|t:|1697370099\n|start\n|switch|p1a: Mew|Mew, shiny|100\/100\n|switch|p2a: Forretress|Forretress, F|100\/100\n|turn|1\n|\n|t:|1697370127\n|move|p1a: Mew|Taunt|p2a: Forretress\n|-start|p2a: Forretress|move: Taunt\n|cant|p2a: Forretress|move: Taunt|Stealth Rock\n|\n|upkeep\n|turn|2\n|\n|t:|1697370136\n|move|p1a: Mew|Stealth Rock|p2a: Forretress\n|-sidestart|p2: FGONK|move: Stealth Rock\n|move|p2a: Forretress|Body Press|p1a: Mew\n|-resisted|p1a: Mew\n|-damage|p1a: Mew|86\/100\n|-enditem|p1a: Mew|Red Card|[of] p2a: Forretress\n|drag|p2a: Skeledirge|Skeledirge, F|100\/100\n|-damage|p2a: Skeledirge|76\/100|[from] Stealth Rock\n|\n|-heal|p2a: Skeledirge|82\/100|[from] item: Leftovers\n|upkeep\n|turn|3\n|\n|t:|1697370148\n|move|p1a: Mew|Toxic Spikes|p2a: Skeledirge\n|-sidestart|p2: FGONK|move: Toxic Spikes\n|move|p2a: Skeledirge|Flamethrower|p1a: Mew\n|-damage|p1a: Mew|51\/100\n|\n|-heal|p2a: Skeledirge|88\/100|[from] item: Leftovers\n|upkeep\n|turn|4\n|\n|t:|1697370156\n|move|p1a: Mew|Misty Explosion|p2a: Skeledirge\n|-resisted|p2a: Skeledirge\n|-damage|p2a: Skeledirge|73\/100\n|faint|p1a: Mew\n|move|p2a: Skeledirge|Earthquake|p1: Mew|[notarget]\n|-fail|p2a: Skeledirge\n|\n|-heal|p2a: Skeledirge|79\/100|[from] item: Leftovers\n|upkeep\n|\n|t:|1697370166\n|switch|p1a: Espathra|Espathra, F, shiny|100\/100\n|turn|5\n|\n|t:|1697370171\n|move|p1a: Espathra|Calm Mind|p1a: Espathra\n|-boost|p1a: Espathra|spa|1\n|-boost|p1a: Espathra|spd|1\n|move|p2a: Skeledirge|Flamethrower|p1a: Espathra\n|-damage|p1a: Espathra|60\/100\n|\n|-heal|p1a: Espathra|66\/100|[from] item: Leftovers\n|-heal|p2a: Skeledirge|85\/100|[from] item: Leftovers\n|-ability|p1a: Espathra|Speed Boost|boost\n|-boost|p1a: Espathra|spe|1\n|upkeep\n|turn|6\n|\n|t:|1697370183\n|move|p1a: Espathra|Protect|p1a: Espathra\n|-singleturn|p1a: Espathra|Protect\n|move|p2a: Skeledirge|Earthquake|p1a: Espathra\n|-activate|p1a: Espathra|move: Protect\n|\n|-heal|p1a: Espathra|72\/100|[from] item: Leftovers\n|-heal|p2a: Skeledirge|92\/100|[from] item: Leftovers\n|-ability|p1a: Espathra|Speed Boost|boost\n|-boost|p1a: Espathra|spe|1\n|upkeep\n|turn|7\n|\n|t:|1697370195\n|move|p1a: Espathra|Calm Mind|p1a: Espathra\n|-boost|p1a: Espathra|spa|1\n|-boost|p1a: Espathra|spd|1\n|move|p2a: Skeledirge|Earthquake|p1a: Espathra\n|-crit|p1a: Espathra\n|-damage|p1a: Espathra|22\/100\n|\n|-heal|p1a: Espathra|28\/100|[from] item: Leftovers\n|-heal|p2a: Skeledirge|98\/100|[from] item: Leftovers\n|-ability|p1a: Espathra|Speed Boost|boost\n|-boost|p1a: Espathra|spe|1\n|upkeep\n|turn|8\n|\n|t:|1697370206\n|move|p1a: Espathra|Protect|p1a: Espathra\n|-singleturn|p1a: Espathra|Protect\n|move|p2a: Skeledirge|Earthquake|p1a: Espathra\n|-activate|p1a: Espathra|move: Protect\n|\n|-heal|p1a: Espathra|34\/100|[from] item: Leftovers\n|-heal|p2a: Skeledirge|100\/100|[from] item: Leftovers\n|-ability|p1a: Espathra|Speed Boost|boost\n|-boost|p1a: Espathra|spe|1\n|upkeep\n|turn|9\n|\n|t:|1697370223\n|move|p1a: Espathra|Stored Power|p2a: Skeledirge\n|-damage|p2a: Skeledirge|0 fnt\n|faint|p2a: Skeledirge\n|\n|-heal|p1a: Espathra|40\/100|[from] item: Leftovers\n|-ability|p1a: Espathra|Speed Boost|boost\n|-boost|p1a: Espathra|spe|1\n|upkeep\n|\n|t:|1697370234\n|switch|p2a: Forretress|Forretress, F|100\/100\n|-damage|p2a: Forretress|88\/100|[from] Stealth Rock\n|turn|10\n|\n|t:|1697370248\n|move|p1a: Espathra|Stored Power|p2a: Forretress\n|-resisted|p2a: Forretress\n|-damage|p2a: Forretress|0 fnt\n|faint|p2a: Forretress\n|\n|-heal|p1a: Espathra|46\/100|[from] item: Leftovers\n|-ability|p1a: Espathra|Speed Boost|boost\n|-boost|p1a: Espathra|spe|1\n|upkeep\n|inactive|FGONK has 120 seconds left.\n|\n|t:|1697370265\n|switch|p2a: Dragapult|Dragapult, F|100\/100\n|-damage|p2a: Dragapult|88\/100|[from] Stealth Rock\n|-status|p2a: Dragapult|psn\n|turn|11\n|inactive|FGONK has 120 seconds left.\n|-message|FGONK forfeited.\n|\n|win|MeteorAsh15\n|raw|MeteorAsh15's rating: 1110 &rarr; <strong>1127<\/strong><br \/>(+17 for winning)\n|raw|FGONK's rating: 1000 &rarr; <strong>1000<\/strong><br \/>(+0 for losing)\n|l|\u2606FGONK\n","uploadtime":1697370301,"views":11,"p1id":"meteorash15","p2id":"fgonk","formatid":"gen9ubers","rating":1000,"private":0,"password":""}