{"id":"gen9ubers-1970287942","p1":"berrybarrel","p2":"rocker1js","format":"[Gen 9] Ubers","log":"|j|\u2606berrybarrel\n|j|\u2606rocker1js\n|t:|1697622731\n|gametype|singles\n|player|p1|berrybarrel|unknownf|1178\n|player|p2|rocker1js|266|1000\n|teamsize|p1|6\n|teamsize|p2|6\n|gen|9\n|tier|[Gen 9] Ubers\n|rated|\n|rule|Sleep Clause Mod: Limit one foe put to sleep\n|rule|Species Clause: Limit one of each Pok\u00e9mon\n|rule|OHKO Clause: OHKO moves are banned\n|rule|Evasion Items Clause: Evasion items are banned\n|rule|Evasion Moves Clause: Evasion moves are banned\n|rule|Endless Battle Clause: Forcing endless battles is banned\n|rule|HP Percentage Mod: HP is shown in percentages\n|clearpoke\n|poke|p1|Koraidon|\n|poke|p1|Flutter Mane|\n|poke|p1|Zacian-*|\n|poke|p1|Groudon|\n|poke|p1|Ribombee, F|\n|poke|p1|Giratina-Origin|\n|poke|p2|Infernape, M|\n|poke|p2|Garchomp, F|\n|poke|p2|Kommo-o, M|\n|poke|p2|Jigglypuff, F|\n|poke|p2|Garganacl, F|\n|poke|p2|Thundurus-Therian, M|\n|teampreview\n|\n|t:|1697622744\n|start\n|switch|p1a: Ribombee|Ribombee, F|100\/100\n|switch|p2a: Jigglypuff|Jigglypuff, F, shiny|100\/100\n|turn|1\n|\n|t:|1697622758\n|move|p1a: Ribombee|Stun Spore|p2a: Jigglypuff\n|-status|p2a: Jigglypuff|par\n|cant|p2a: Jigglypuff|par\n|\n|upkeep\n|turn|2\n|\n|t:|1697622771\n|switch|p2a: Kommo-o|Kommo-o, M|100\/100\n|move|p1a: Ribombee|Sticky Web|p2a: Kommo-o\n|-sidestart|p2: rocker1js|move: Sticky Web\n|\n|upkeep\n|turn|3\n|\n|t:|1697622781\n|move|p1a: Ribombee|Moonblast|p2a: Kommo-o\n|-supereffective|p2a: Kommo-o\n|-damage|p2a: Kommo-o|0 fnt\n|faint|p2a: Kommo-o\n|\n|upkeep\n|\n|t:|1697622793\n|switch|p2a: Infernape|Infernape, M|100\/100\n|-activate|p2a: Infernape|move: Sticky Web\n|-unboost|p2a: Infernape|spe|1\n|turn|4\n|\n|t:|1697622801\n|move|p1a: Ribombee|Stun Spore|p2a: Infernape\n|-status|p2a: Infernape|par\n|cant|p2a: Infernape|par\n|\n|upkeep\n|turn|5\n|\n|t:|1697622810\n|move|p2a: Infernape|Protect|p2a: Infernape\n|-singleturn|p2a: Infernape|Protect\n|move|p1a: Ribombee|Tailwind|p1a: Ribombee\n|-sidestart|p1: berrybarrel|move: Tailwind\n|\n|upkeep\n|turn|6\n|\n|t:|1697622818\n|move|p2a: Infernape|Protect|p2a: Infernape\n|-singleturn|p2a: Infernape|Protect\n|move|p1a: Ribombee|Moonblast|p2a: Infernape\n|-activate|p2a: Infernape|move: Protect\n|\n|upkeep\n|turn|7\n|\n|t:|1697622836\n|-terastallize|p2a: Infernape|Psychic\n|move|p2a: Infernape|Protect||[still]\n|-fail|p2a: Infernape\n|move|p1a: Ribombee|Moonblast|p2a: Infernape\n|-damage|p2a: Infernape|47\/100 par\n|\n|upkeep\n|turn|8\n|\n|t:|1697622846\n|move|p1a: Ribombee|Moonblast|p2a: Infernape\n|-damage|p2a: Infernape|0 fnt\n|faint|p2a: Infernape\n|\n|-sideend|p1: berrybarrel|move: Tailwind\n|upkeep\n|\n|t:|1697622854\n|switch|p2a: Garchomp|Garchomp, F, shiny|100\/100\n|-activate|p2a: Garchomp|move: Sticky Web\n|-unboost|p2a: Garchomp|spe|1\n|turn|9\n|\n|t:|1697622860\n|move|p1a: Ribombee|Stun Spore|p2a: Garchomp\n|-status|p2a: Garchomp|par\n|cant|p2a: Garchomp|par\n|\n|upkeep\n|turn|10\n|\n|t:|1697622868\n|move|p1a: Ribombee|Tailwind|p1a: Ribombee\n|-sidestart|p1: berrybarrel|move: Tailwind\n|move|p2a: Garchomp|Sandstorm|p2a: Garchomp\n|-weather|Sandstorm\n|\n|-weather|Sandstorm|[upkeep]\n|-damage|p1a: Ribombee|94\/100|[from] Sandstorm\n|upkeep\n|turn|11\n|\n|t:|1697622879\n|move|p1a: Ribombee|Moonblast|p2a: Garchomp\n|-supereffective|p2a: Garchomp\n|-damage|p2a: Garchomp|23\/100 par\n|move|p2a: Garchomp|Dragon Breath|p1a: Ribombee\n|-immune|p1a: Ribombee\n|\n|-weather|Sandstorm|[upkeep]\n|-damage|p1a: Ribombee|88\/100|[from] Sandstorm\n|upkeep\n|turn|12\n|\n|t:|1697622891\n|switch|p2a: Thundurus|Thundurus-Therian, M|100\/100\n|move|p1a: Ribombee|Moonblast|p2a: Thundurus\n|-damage|p2a: Thundurus|47\/100\n|\n|-weather|Sandstorm|[upkeep]\n|-damage|p1a: Ribombee|82\/100|[from] Sandstorm\n|-damage|p2a: Thundurus|41\/100|[from] Sandstorm\n|upkeep\n|turn|13\n|\n|t:|1697622902\n|move|p1a: Ribombee|Moonblast|p2a: Thundurus\n|-damage|p2a: Thundurus|0 fnt\n|faint|p2a: Thundurus\n|\n|-weather|Sandstorm|[upkeep]\n|-damage|p1a: Ribombee|76\/100|[from] Sandstorm\n|-sideend|p1: berrybarrel|move: Tailwind\n|upkeep\n|\n|t:|1697622912\n|switch|p2a: Garganacl|Garganacl, F|100\/100\n|-activate|p2a: Garganacl|move: Sticky Web\n|-unboost|p2a: Garganacl|spe|1\n|turn|14\n|inactive|Battle timer is ON: inactive players will automatically lose when time's up. (requested by berrybarrel)\n|\n|t:|1697622917\n|move|p1a: Ribombee|Stun Spore|p2a: Garganacl\n|-immune|p2a: Garganacl|[from] ability: Purifying Salt\n|move|p2a: Garganacl|Salt Cure|p1a: Ribombee\n|-supereffective|p1a: Ribombee\n|-damage|p1a: Ribombee|0 fnt\n|faint|p1a: Ribombee\n|\n|-weather|none\n|upkeep\n|\n|t:|1697622931\n|switch|p1a: Groudon|Groudon|100\/100\n|-weather|SunnyDay|[from] ability: Drought|[of] p1a: Groudon\n|turn|15\n|\n|t:|1697622938\n|move|p1a: Groudon|Precipice Blades|p2a: Garganacl\n|-supereffective|p2a: Garganacl\n|-damage|p2a: Garganacl|0 fnt\n|faint|p2a: Garganacl\n|\n|-weather|SunnyDay|[upkeep]\n|upkeep\n|\n|t:|1697622948\n|switch|p2a: Jigglypuff|Jigglypuff, F, shiny|100\/100 par\n|-activate|p2a: Jigglypuff|move: Sticky Web\n|-unboost|p2a: Jigglypuff|spe|1\n|turn|16\n|\n|t:|1697622957\n|move|p1a: Groudon|Precipice Blades|p2a: Jigglypuff\n|-damage|p2a: Jigglypuff|0 fnt\n|faint|p2a: Jigglypuff\n|\n|-weather|SunnyDay|[upkeep]\n|upkeep\n|\n|t:|1697622964\n|switch|p2a: Garchomp|Garchomp, F, shiny|23\/100 par\n|-activate|p2a: Garchomp|move: Sticky Web\n|-unboost|p2a: Garchomp|spe|1\n|turn|17\n|\n|t:|1697622976\n|move|p1a: Groudon|Crunch|p2a: Garchomp\n|-damage|p2a: Garchomp|0 fnt\n|faint|p2a: Garchomp\n|\n|win|berrybarrel\n|raw|berrybarrel's rating: 1178 &rarr; <strong>1191<\/strong><br \/>(+13 for winning)\n|raw|rocker1js's rating: 1000 &rarr; <strong>1000<\/strong><br \/>(+0 for losing)\n","uploadtime":1697622983,"views":16,"p1id":"berrybarrel","p2id":"rocker1js","formatid":"gen9ubers","rating":1000,"private":0,"password":""}