{"id":"gen9ubers-1978300741","p1":"Buzzwardo","p2":"Jaketr4","format":"[Gen 9] Ubers","log":"|j|\u2606Buzzwardo\n|j|\u2606Jaketr4\n|t:|1698522593\n|gametype|singles\n|player|p1|Buzzwardo|chuck|\n|player|p2|Jaketr4|hilbert|\n|teamsize|p1|6\n|teamsize|p2|6\n|gen|9\n|tier|[Gen 9] Ubers\n|rule|Sleep Clause Mod: Limit one foe put to sleep\n|rule|Species Clause: Limit one of each Pok\u00e9mon\n|rule|OHKO Clause: OHKO moves are banned\n|rule|Evasion Items Clause: Evasion items are banned\n|rule|Evasion Moves Clause: Evasion moves are banned\n|rule|Endless Battle Clause: Forcing endless battles is banned\n|rule|HP Percentage Mod: HP is shown in percentages\n|clearpoke\n|poke|p1|Kingambit, M|\n|poke|p1|Gengar, F|\n|poke|p1|Conkeldurr, M|\n|poke|p1|Spidops, M|\n|poke|p1|Ogerpon-Wellspring, F|\n|poke|p1|Iron Thorns|\n|poke|p2|Landorus-Therian, M|\n|poke|p2|Infernape, M|\n|poke|p2|Cresselia, F|\n|poke|p2|Trevenant, F|\n|poke|p2|Regidrago|\n|poke|p2|Kleavor, M|\n|teampreview\n|\n|t:|1698522615\n|start\n|switch|p1a: Cvm Slinger|Spidops, M|100\/100\n|switch|p2a: Kleavor|Kleavor, M|100\/100\n|turn|1\n|j| sgrg32\n|\n|t:|1698522620\n|move|p1a: Cvm Slinger|Silk Trap|p1a: Cvm Slinger\n|-singleturn|p1a: Cvm Slinger|Protect\n|move|p2a: Kleavor|Stone Axe|p1a: Cvm Slinger\n|-activate|p1a: Cvm Slinger|move: Protect\n|-unboost|p2a: Kleavor|spe|1\n|\n|upkeep\n|turn|2\n|j| JTeaa\n|\n|t:|1698522628\n|move|p2a: Kleavor|Stone Axe|p1a: Cvm Slinger\n|-supereffective|p1a: Cvm Slinger\n|-enditem|p1a: Cvm Slinger|Focus Sash\n|-damage|p1a: Cvm Slinger|1\/100\n|-sidestart|p1: Buzzwardo|move: Stealth Rock\n|move|p1a: Cvm Slinger|Sticky Web|p2a: Kleavor\n|-sidestart|p2: Jaketr4|move: Sticky Web\n|\n|upkeep\n|turn|3\n|j| S3nKay\n|\n|t:|1698522638\n|move|p1a: Cvm Slinger|Silk Trap|p1a: Cvm Slinger\n|-singleturn|p1a: Cvm Slinger|Protect\n|move|p2a: Kleavor|X-Scissor|p1a: Cvm Slinger\n|-activate|p1a: Cvm Slinger|move: Protect\n|-unboost|p2a: Kleavor|spe|1\n|\n|upkeep\n|turn|4\n|j| itay1579\n|\n|t:|1698522651\n|move|p1a: Cvm Slinger|Knock Off|p2a: Kleavor\n|-damage|p2a: Kleavor|68\/100\n|-enditem|p2a: Kleavor|Focus Sash|[from] move: Knock Off|[of] p1a: Cvm Slinger\n|move|p2a: Kleavor|X-Scissor|p1a: Cvm Slinger\n|-damage|p1a: Cvm Slinger|0 fnt\n|faint|p1a: Cvm Slinger\n|\n|upkeep\n|\n|t:|1698522725\n|switch|p1a: My Cawk Size|Ogerpon-Wellspring, F|100\/100\n|-damage|p1a: My Cawk Size|88\/100|[from] Stealth Rock\n|turn|5\n|\n|t:|1698522728\n|move|p1a: My Cawk Size|Ivy Cudgel|p2a: Kleavor\n|-supereffective|p2a: Kleavor\n|-damage|p2a: Kleavor|0 fnt\n|faint|p2a: Kleavor\n|\n|upkeep\n|\n|t:|1698522731\n|switch|p2a: Trevenant|Trevenant, F|100\/100\n|-activate|p2a: Trevenant|move: Sticky Web\n|-unboost|p2a: Trevenant|spe|1\n|turn|6\n|\n|t:|1698522740\n|move|p1a: My Cawk Size|Knock Off|p2a: Trevenant\n|-supereffective|p2a: Trevenant\n|-damage|p2a: Trevenant|53\/100\n|-enditem|p2a: Trevenant|Sitrus Berry|[from] move: Knock Off|[of] p1a: My Cawk Size\n|move|p2a: Trevenant|Horn Leech|p1a: My Cawk Size\n|-damage|p1a: My Cawk Size|59\/100\n|-heal|p2a: Trevenant|67\/100|[from] drain|[of] p1a: My Cawk Size\n|\n|upkeep\n|turn|7\n|\n|t:|1698522765\n|switch|p1a: Cawk Chopper 3000|Kingambit, M|100\/100\n|-damage|p1a: Cawk Chopper 3000|94\/100|[from] Stealth Rock\n|-activate|p1a: Cawk Chopper 3000|ability: Supreme Overlord\n|-start|p1a: Cawk Chopper 3000|fallen1|[silent]\n|move|p2a: Trevenant|Horn Leech|p1a: Cawk Chopper 3000\n|-resisted|p1a: Cawk Chopper 3000\n|-damage|p1a: Cawk Chopper 3000|84\/100\n|-heal|p2a: Trevenant|73\/100|[from] drain|[of] p1a: Cawk Chopper 3000\n|\n|upkeep\n|turn|8\n|\n|t:|1698522771\n|move|p1a: Cawk Chopper 3000|Kowtow Cleave|p2a: Trevenant\n|-supereffective|p2a: Trevenant\n|-damage|p2a: Trevenant|0 fnt\n|faint|p2a: Trevenant\n|\n|upkeep\n|\n|t:|1698522777\n|switch|p2a: Landorus|Landorus-Therian, M|100\/100\n|-ability|p2a: Landorus|Intimidate|boost\n|-unboost|p1a: Cawk Chopper 3000|atk|1\n|turn|9\n|\n|t:|1698522787\n|-end|p1a: Cawk Chopper 3000|fallen1|[silent]\n|switch|p1a: My Cawk Size|Ogerpon-Wellspring, F|59\/100\n|-damage|p1a: My Cawk Size|47\/100|[from] Stealth Rock\n|move|p2a: Landorus|U-turn|p1a: My Cawk Size\n|-supereffective|p1a: My Cawk Size\n|-damage|p1a: My Cawk Size|0 fnt\n|faint|p1a: My Cawk Size\n|\n|t:|1698522805\n|switch|p2a: Cresselia|Cresselia, F|100\/100|[from] U-turn\n|\n|upkeep\n|\n|t:|1698522866\n|switch|p1a: Cawk Chopper 3000|Kingambit, M|84\/100\n|-damage|p1a: Cawk Chopper 3000|78\/100|[from] Stealth Rock\n|-activate|p1a: Cawk Chopper 3000|ability: Supreme Overlord\n|-start|p1a: Cawk Chopper 3000|fallen2|[silent]\n|turn|10\n|\n|t:|1698522892\n|move|p2a: Cresselia|Moonblast|p1a: Cawk Chopper 3000\n|-damage|p1a: Cawk Chopper 3000|54\/100\n|-unboost|p1a: Cawk Chopper 3000|spa|1\n|move|p1a: Cawk Chopper 3000|Kowtow Cleave|p2a: Cresselia\n|-supereffective|p2a: Cresselia\n|-damage|p2a: Cresselia|3\/100\n|\n|-heal|p2a: Cresselia|9\/100|[from] item: Leftovers\n|upkeep\n|turn|11\n|\n|t:|1698522902\n|move|p1a: Cawk Chopper 3000|Sucker Punch||[still]\n|-fail|p1a: Cawk Chopper 3000\n|move|p2a: Cresselia|Moonlight|p2a: Cresselia\n|-heal|p2a: Cresselia|59\/100\n|\n|-heal|p2a: Cresselia|65\/100|[from] item: Leftovers\n|upkeep\n|turn|12\n|\n|t:|1698522908\n|move|p2a: Cresselia|Moonlight|p2a: Cresselia\n|-heal|p2a: Cresselia|100\/100\n|move|p1a: Cawk Chopper 3000|Kowtow Cleave|p2a: Cresselia\n|-supereffective|p2a: Cresselia\n|-damage|p2a: Cresselia|0 fnt\n|faint|p2a: Cresselia\n|\n|upkeep\n|\n|t:|1698522912\n|switch|p2a: Landorus|Landorus-Therian, M|100\/100\n|-ability|p2a: Landorus|Intimidate|boost\n|-unboost|p1a: Cawk Chopper 3000|atk|1\n|turn|13\n|\n|t:|1698522925\n|move|p1a: Cawk Chopper 3000|Sucker Punch|p2a: Landorus\n|-damage|p2a: Landorus|54\/100\n|move|p2a: Landorus|Earthquake|p1a: Cawk Chopper 3000\n|-supereffective|p1a: Cawk Chopper 3000\n|-damage|p1a: Cawk Chopper 3000|0 fnt\n|faint|p1a: Cawk Chopper 3000\n|-end|p1a: Cawk Chopper 3000|fallen2|[silent]\n|\n|upkeep\n|\n|t:|1698522931\n|switch|p1a: Wife Beater|Gengar, F|100\/100\n|-damage|p1a: Wife Beater|88\/100|[from] Stealth Rock\n|turn|14\n|c|\u2606Buzzwardo|oh wait this is scarf\n|c|\u2606Buzzwardo|fuck me\n|c|\u2606Jaketr4|yep\n|\n|t:|1698522989\n|move|p1a: Wife Beater|Icy Wind|p2a: Landorus\n|-supereffective|p2a: Landorus\n|-damage|p2a: Landorus|0 fnt\n|faint|p2a: Landorus\n|\n|upkeep\n|c|\u2606Jaketr4|damn\n|\n|t:|1698523005\n|switch|p2a: Infernape|Infernape, M|100\/100\n|-activate|p2a: Infernape|move: Sticky Web\n|-unboost|p2a: Infernape|spe|1\n|turn|15\n|\n|t:|1698523013\n|switch|p1a: Probably a P.e.d.o|Conkeldurr, M|100\/100\n|-damage|p1a: Probably a P.e.d.o|94\/100|[from] Stealth Rock\n|move|p2a: Infernape|Swords Dance|p2a: Infernape\n|-boost|p2a: Infernape|atk|2\n|\n|-status|p1a: Probably a P.e.d.o|brn|[from] item: Flame Orb\n|upkeep\n|turn|16\n|c| S3nKay|the master baiter\n|c|\u2606Jaketr4|fr\n|\n|t:|1698523039\n|move|p1a: Probably a P.e.d.o|Mach Punch|p2a: Infernape\n|-damage|p2a: Infernape|40\/100\n|move|p2a: Infernape|Flare Blitz|p1a: Probably a P.e.d.o\n|-damage|p1a: Probably a P.e.d.o|0 fnt\n|faint|p1a: Probably a P.e.d.o\n|-damage|p2a: Infernape|0 fnt|[from] Recoil\n|faint|p2a: Infernape\n|\n|upkeep\n|\n|t:|1698523073\n|switch|p2a: Regidrago|Regidrago|100\/100\n|switch|p1a: Big Man|Iron Thorns|100\/100\n|-activate|p2a: Regidrago|move: Sticky Web\n|-unboost|p2a: Regidrago|spe|1\n|-damage|p1a: Big Man|88\/100|[from] Stealth Rock\n|-enditem|p1a: Big Man|Booster Energy\n|-activate|p1a: Big Man|ability: Quark Drive|[fromitem]\n|-start|p1a: Big Man|quarkdriveatk\n|turn|17\n|\n|t:|1698523117\n|-terastallize|p1a: Big Man|Ghost\n|move|p1a: Big Man|Tera Blast|p2a: Regidrago|[anim] Tera Blast Ghost\n|-damage|p2a: Regidrago|37\/100\n|-enditem|p2a: Regidrago|Sitrus Berry|[eat]\n|-heal|p2a: Regidrago|62\/100|[from] item: Sitrus Berry\n|move|p2a: Regidrago|Earthquake|p1a: Big Man\n|-damage|p1a: Big Man|62\/100\n|\n|upkeep\n|turn|18\n|\n|t:|1698523125\n|move|p1a: Big Man|Tera Blast|p2a: Regidrago|[anim] Tera Blast Ghost\n|-damage|p2a: Regidrago|0 fnt\n|faint|p2a: Regidrago\n|\n|win|Buzzwardo\n|c|\u2606Jaketr4|gg\n|c|\u2606Buzzwardo|gg\n","uploadtime":1698523133,"views":37,"p1id":"buzzwardo","p2id":"jaketr4","formatid":"gen9ubers","rating":0,"private":0,"password":""}