{"id":"gen9ubers-1987276977","p1":"SeraphZ\u2605","p2":"DerpyAchoque","format":"[Gen 9] Ubers","log":"|j|\u2606SeraphZ\u2605\n|j|\u2606DerpyAchoque\n|t:|1699572265\n|gametype|singles\n|player|p1|SeraphZ\u2605|#ptplivdazzlingdiancies|\n|player|p2|DerpyAchoque|elio|\n|teamsize|p1|6\n|teamsize|p2|6\n|gen|9\n|tier|[Gen 9] Ubers\n|rated|Tournament battle\n|rule|Sleep Clause Mod: Limit one foe put to sleep\n|rule|Species Clause: Limit one of each Pok\u00e9mon\n|rule|OHKO Clause: OHKO moves are banned\n|rule|Evasion Items Clause: Evasion items are banned\n|rule|Evasion Moves Clause: Evasion moves are banned\n|rule|Endless Battle Clause: Forcing endless battles is banned\n|rule|HP Percentage Mod: HP is shown in percentages\n|clearpoke\n|poke|p1|Calyrex-Ice|\n|poke|p1|Koraidon|\n|poke|p1|Toxapex, M|\n|poke|p1|Ting-Lu|\n|poke|p1|Arceus|\n|poke|p1|Miraidon|\n|poke|p2|Enamorus-Therian, F|\n|poke|p2|Thundurus-Therian, M|\n|poke|p2|Tornadus-Therian, M|\n|poke|p2|Landorus-Therian, M|\n|poke|p2|Giratina|\n|poke|p2|Arceus|\n|teampreview\n|c|\u2606SeraphZ\u2605|hf\n|c|\u2606DerpyAchoque|glhf\n|\n|t:|1699572283\n|start\n|switch|p1a: Koraidon|Koraidon|100\/100\n|switch|p2a: North|Enamorus-Therian, F, shiny|100\/100\n|-weather|SunnyDay|[from] ability: Orichalcum Pulse|[of] p1a: Koraidon\n|-activate|p1a: Koraidon|Orichalcum Pulse|[source]\n|turn|1\n|\n|t:|1699572296\n|move|p1a: Koraidon|U-turn|p2a: North\n|-resisted|p2a: North\n|-damage|p2a: North|95\/100\n|\n|t:|1699572298\n|switch|p1a: Toxapex|Toxapex, M, shiny|100\/100|[from] U-turn\n|move|p2a: North|Springtide Storm|p1a: Toxapex\n|-resisted|p1a: Toxapex\n|-damage|p1a: Toxapex|79\/100\n|\n|-weather|SunnyDay|[upkeep]\n|-heal|p2a: North|100\/100|[from] item: Leftovers\n|upkeep\n|turn|2\n|inactive|Battle timer is ON: inactive players will automatically lose when time's up. (requested by SeraphZ\u2605)\n|\n|t:|1699572305\n|move|p2a: North|Grass Knot|p1a: Toxapex\n|-damage|p1a: Toxapex|69\/100\n|-damage|p2a: North|84\/100|[from] item: Rocky Helmet|[of] p1a: Toxapex\n|move|p1a: Toxapex|Toxic|p2a: North\n|-status|p2a: North|tox\n|\n|-weather|SunnyDay|[upkeep]\n|-heal|p2a: North|90\/100 tox|[from] item: Leftovers\n|-damage|p2a: North|84\/100 tox|[from] psn\n|upkeep\n|turn|3\n|\n|t:|1699572310\n|move|p2a: North|Taunt|p1a: Toxapex\n|-start|p1a: Toxapex|move: Taunt\n|move|p1a: Toxapex|Infestation|p2a: North\n|-resisted|p2a: North\n|-damage|p2a: North|83\/100 tox\n|-activate|p2a: North|move: Infestation|[of] p1a: Toxapex\n|\n|-weather|SunnyDay|[upkeep]\n|-heal|p2a: North|89\/100 tox|[from] item: Leftovers\n|-damage|p2a: North|77\/100 tox|[from] psn\n|-damage|p2a: North|65\/100 tox|[from] move: Infestation|[partiallytrapped]\n|upkeep\n|turn|4\n|j|+OreoSpeedruns\n|\n|t:|1699572316\n|move|p2a: North|Grass Knot|p1a: Toxapex\n|-damage|p1a: Toxapex|58\/100\n|-damage|p2a: North|49\/100 tox|[from] item: Rocky Helmet|[of] p1a: Toxapex\n|move|p1a: Toxapex|Infestation|p2a: North\n|-resisted|p2a: North\n|-damage|p2a: North|48\/100 tox\n|\n|-weather|SunnyDay|[upkeep]\n|-heal|p2a: North|54\/100 tox|[from] item: Leftovers\n|-damage|p2a: North|36\/100 tox|[from] psn\n|-damage|p2a: North|24\/100 tox|[from] move: Infestation|[partiallytrapped]\n|upkeep\n|turn|5\n|\n|t:|1699572320\n|move|p2a: North|Grass Knot|p1a: Toxapex\n|-damage|p1a: Toxapex|47\/100\n|-damage|p2a: North|7\/100 tox|[from] item: Rocky Helmet|[of] p1a: Toxapex\n|move|p1a: Toxapex|Infestation|p2a: North\n|-resisted|p2a: North\n|-damage|p2a: North|7\/100 tox\n|\n|-weather|none\n|-heal|p2a: North|13\/100 tox|[from] item: Leftovers\n|-damage|p2a: North|0 fnt|[from] psn\n|faint|p2a: North\n|-end|p1a: Toxapex|move: Taunt\n|upkeep\n|\n|t:|1699572328\n|switch|p2a: West|Landorus-Therian, M, shiny|100\/100\n|-ability|p2a: West|Intimidate|boost\n|-unboost|p1a: Toxapex|atk|1\n|turn|6\n|\n|t:|1699572336\n|switch|p1a: Arceus|Arceus|100\/100\n|move|p2a: West|Taunt|p1a: Arceus\n|-start|p1a: Arceus|move: Taunt\n|\n|upkeep\n|turn|7\n|\n|t:|1699572342\n|move|p1a: Arceus|Extreme Speed|p2a: West\n|-damage|p2a: West|51\/100\n|move|p2a: West|Stealth Rock|p1a: Arceus\n|-sidestart|p1: SeraphZ\u2605|move: Stealth Rock\n|\n|-heal|p2a: West|57\/100|[from] item: Leftovers\n|upkeep\n|turn|8\n|\n|t:|1699572346\n|switch|p2a: Center|Giratina|100\/100\n|-ability|p2a: Center|Pressure\n|move|p1a: Arceus|Extreme Speed|p2a: Center\n|-immune|p2a: Center\n|\n|-end|p1a: Arceus|move: Taunt\n|upkeep\n|turn|9\n|\n|t:|1699572349\n|move|p1a: Arceus|Taunt|p2a: Center\n|-start|p2a: Center|move: Taunt\n|cant|p2a: Center|move: Taunt|Will-O-Wisp\n|\n|upkeep\n|turn|10\n|\n|t:|1699572352\n|switch|p2a: East|Thundurus-Therian, M|100\/100\n|move|p1a: Arceus|Swords Dance|p1a: Arceus\n|-boost|p1a: Arceus|atk|2\n|\n|upkeep\n|turn|11\n|\n|t:|1699572355\n|move|p1a: Arceus|Extreme Speed|p2a: East\n|-damage|p2a: East|0 fnt\n|faint|p2a: East\n|\n|upkeep\n|\n|t:|1699572363\n|switch|p2a: South|Tornadus-Therian, M, shiny|100\/100\n|turn|12\n|\n|t:|1699572365\n|move|p1a: Arceus|Extreme Speed|p2a: South\n|-crit|p2a: South\n|-damage|p2a: South|0 fnt\n|faint|p2a: South\n|\n|upkeep\n|\n|t:|1699572367\n|switch|p2a: Emperor|Arceus, shiny|100\/100\n|turn|13\n|\n|t:|1699572371\n|-terastallize|p2a: Emperor|Normal\n|move|p1a: Arceus|Extreme Speed|p2a: Emperor\n|-damage|p2a: Emperor|36\/100\n|move|p2a: Emperor|Extreme Speed|p1a: Arceus\n|-damage|p1a: Arceus|44\/100\n|\n|upkeep\n|turn|14\n|\n|t:|1699572377\n|move|p1a: Arceus|Extreme Speed|p2a: Emperor\n|-damage|p2a: Emperor|0 fnt\n|faint|p2a: Emperor\n|\n|upkeep\n|\n|t:|1699572380\n|switch|p2a: Center|Giratina|100\/100\n|-ability|p2a: Center|Pressure\n|turn|15\n|\n|t:|1699572383\n|move|p1a: Arceus|Taunt|p2a: Center\n|-start|p2a: Center|move: Taunt\n|cant|p2a: Center|move: Taunt|Destiny Bond\n|\n|upkeep\n|turn|16\n|\n|t:|1699572386\n|switch|p2a: West|Landorus-Therian, M, shiny|57\/100\n|-ability|p2a: West|Intimidate|boost\n|-unboost|p1a: Arceus|atk|1\n|move|p1a: Arceus|Shadow Claw|p2a: West\n|-damage|p2a: West|18\/100\n|\n|-heal|p2a: West|24\/100|[from] item: Leftovers\n|upkeep\n|turn|17\n|\n|t:|1699572389\n|move|p2a: West|Stealth Rock||[still]\n|-fail|p2a: West\n|move|p1a: Arceus|Shadow Claw|p2a: West\n|-damage|p2a: West|0 fnt\n|faint|p2a: West\n|\n|upkeep\n|\n|t:|1699572391\n|switch|p2a: Center|Giratina|100\/100\n|-ability|p2a: Center|Pressure\n|turn|18\n|\n|t:|1699572395\n|move|p1a: Arceus|Taunt|p2a: Center\n|-start|p2a: Center|move: Taunt\n|cant|p2a: Center|move: Taunt|Will-O-Wisp\n|\n|upkeep\n|turn|19\n|c|\u2606DerpyAchoque|gg\n|\n|t:|1699572399\n|move|p1a: Arceus|Swords Dance|p1a: Arceus\n|-boost|p1a: Arceus|atk|2\n|-activate|p2a: Center|move: Struggle\n|move|p2a: Center|Struggle|p1a: Arceus\n|-damage|p1a: Arceus|37\/100\n|-damage|p2a: Center|75\/100|[from] recoil\n|\n|-heal|p2a: Center|82\/100|[from] item: Leftovers\n|upkeep\n|turn|20\n|c|\u2606SeraphZ\u2605|gg\n|\n|t:|1699572403\n|move|p1a: Arceus|Shadow Claw|p2a: Center\n|-supereffective|p2a: Center\n|-damage|p2a: Center|16\/100\n|-activate|p2a: Center|move: Struggle\n|move|p2a: Center|Struggle|p1a: Arceus\n|-damage|p1a: Arceus|31\/100\n|-damage|p2a: Center|0 fnt|[from] recoil\n|faint|p2a: Center\n|\n|win|SeraphZ\u2605\n|n|\u2606SeraphZ\u2605|seraphz\n|n|\u2606DerpyAchoque|derpyachoque\n|n| OreoSpeedruns|oreospeedruns\n","uploadtime":1699572404,"views":5,"p1id":"seraphz","p2id":"derpyachoque","formatid":"gen9ubers","rating":0,"private":0,"password":""}