{"id":"gen9ubers-1969291678","p1":"spinzosee","p2":"SenkTheMoth","format":"[Gen 9] Ubers","log":"|j|\u2606spinzosee\n|j|\u2606SenkTheMoth\n|t:|1697510476\n|gametype|singles\n|player|p1|spinzosee|n|\n|player|p2|SenkTheMoth|dawn-gen4pt|\n|teamsize|p1|6\n|teamsize|p2|6\n|gen|9\n|tier|[Gen 9] Ubers\n|rule|Sleep Clause Mod: Limit one foe put to sleep\n|rule|Species Clause: Limit one of each Pok\u00e9mon\n|rule|OHKO Clause: OHKO moves are banned\n|rule|Evasion Items Clause: Evasion items are banned\n|rule|Evasion Moves Clause: Evasion moves are banned\n|rule|Endless Battle Clause: Forcing endless battles is banned\n|rule|HP Percentage Mod: HP is shown in percentages\n|clearpoke\n|poke|p1|Pelipper, M|\n|poke|p1|Basculegion-F, F|\n|poke|p1|Thundurus-Therian, M|\n|poke|p1|Zacian-*|\n|poke|p1|Palkia-Origin|\n|poke|p1|Arceus-Grass|\n|poke|p2|Zacian-*|\n|poke|p2|Palkia-Origin|\n|poke|p2|Arceus-Poison|\n|poke|p2|Goodra-Hisui, M|\n|poke|p2|Magearna|\n|poke|p2|Gholdengo|\n|teampreview\n|\n|t:|1697510486\n|start\n|switch|p1a: Zacian|Zacian|100\/100\n|switch|p2a: Big Man|Goodra-Hisui, M|100\/100\n|-ability|p1a: Zacian|Intrepid Sword|boost\n|-boost|p1a: Zacian|atk|1\n|turn|1\n|\n|t:|1697510499\n|switch|p1a: Pelipper|Pelipper, M|100\/100\n|-weather|RainDance|[from] ability: Drizzle|[of] p1a: Pelipper\n|switch|p2a: Gholdengo|Gholdengo|100\/100\n|\n|-weather|RainDance|[upkeep]\n|upkeep\n|turn|2\n|\n|t:|1697510506\n|move|p2a: Gholdengo|Trick|p1a: Pelipper\n|-activate|p2a: Gholdengo|move: Trick|[of] p1a: Pelipper\n|-item|p1a: Pelipper|Choice Scarf|[from] move: Trick\n|-item|p2a: Gholdengo|Damp Rock|[from] move: Trick\n|move|p1a: Pelipper|Knock Off|p2a: Gholdengo\n|-supereffective|p2a: Gholdengo\n|-damage|p2a: Gholdengo|72\/100\n|-enditem|p2a: Gholdengo|Damp Rock|[from] move: Knock Off|[of] p1a: Pelipper\n|\n|-weather|RainDance|[upkeep]\n|upkeep\n|turn|3\n|\n|t:|1697510525\n|switch|p1a: Thundurus|Thundurus-Therian, M|100\/100\n|move|p2a: Gholdengo|Shadow Ball|p1a: Thundurus\n|-damage|p1a: Thundurus|44\/100\n|\n|-weather|RainDance|[upkeep]\n|upkeep\n|turn|4\n|\n|t:|1697510535\n|move|p1a: Thundurus|Thunder|p2a: Gholdengo\n|-damage|p2a: Gholdengo|0 fnt\n|faint|p2a: Gholdengo\n|-damage|p1a: Thundurus|34\/100|[from] item: Life Orb\n|\n|-weather|RainDance|[upkeep]\n|upkeep\n|\n|t:|1697510557\n|switch|p2a: Big Man|Goodra-Hisui, M|100\/100\n|turn|5\n|\n|t:|1697510566\n|move|p1a: Thundurus|Volt Switch|p2a: Big Man\n|-resisted|p2a: Big Man\n|-damage|p2a: Big Man|88\/100\n|-damage|p1a: Thundurus|25\/100|[from] item: Life Orb\n|\n|t:|1697510579\n|switch|p1a: Arceus|Arceus-Grass|100\/100|[from] Volt Switch\n|move|p2a: Big Man|Curse|p2a: Big Man\n|-unboost|p2a: Big Man|spe|1\n|-boost|p2a: Big Man|atk|1\n|-boost|p2a: Big Man|def|1\n|\n|-weather|RainDance|[upkeep]\n|-heal|p2a: Big Man|94\/100|[from] item: Leftovers\n|upkeep\n|turn|6\n|\n|t:|1697510586\n|move|p1a: Arceus|Calm Mind|p1a: Arceus\n|-boost|p1a: Arceus|spa|1\n|-boost|p1a: Arceus|spd|1\n|move|p2a: Big Man|Dragon Tail|p1a: Arceus\n|-damage|p1a: Arceus|81\/100\n|drag|p1a: Palkia|Palkia-Origin|100\/100\n|-ability|p1a: Palkia|Pressure\n|\n|-weather|RainDance|[upkeep]\n|-heal|p2a: Big Man|99\/100|[from] item: Leftovers\n|upkeep\n|turn|7\n|\n|t:|1697510608\n|move|p1a: Palkia|Spacial Rend|p2a: Big Man\n|-damage|p2a: Big Man|61\/100\n|move|p2a: Big Man|Dragon Tail|p1a: Palkia\n|-supereffective|p1a: Palkia\n|-damage|p1a: Palkia|31\/100\n|drag|p1a: Zacian|Zacian|100\/100\n|\n|-weather|RainDance|[upkeep]\n|-heal|p2a: Big Man|68\/100|[from] item: Leftovers\n|upkeep\n|turn|8\n|\n|t:|1697510618\n|move|p1a: Zacian|Close Combat|p2a: Big Man\n|-supereffective|p2a: Big Man\n|-damage|p2a: Big Man|14\/100\n|-unboost|p1a: Zacian|def|1\n|-unboost|p1a: Zacian|spd|1\n|move|p2a: Big Man|Iron Head|p1a: Zacian\n|-supereffective|p1a: Zacian\n|-damage|p1a: Zacian|0 fnt\n|faint|p1a: Zacian\n|\n|-weather|none\n|-heal|p2a: Big Man|20\/100|[from] item: Leftovers\n|upkeep\n|\n|t:|1697510624\n|switch|p1a: Pelipper|Pelipper, M|100\/100\n|-weather|RainDance|[from] ability: Drizzle|[of] p1a: Pelipper\n|turn|9\n|\n|t:|1697510631\n|move|p1a: Pelipper|Knock Off|p2a: Big Man\n|-damage|p2a: Big Man|12\/100\n|-enditem|p2a: Big Man|Leftovers|[from] move: Knock Off|[of] p1a: Pelipper\n|move|p2a: Big Man|Dragon Tail|p1a: Pelipper\n|-damage|p1a: Pelipper|67\/100\n|drag|p1a: Arceus|Arceus-Grass|81\/100\n|\n|-weather|RainDance|[upkeep]\n|upkeep\n|turn|10\n|\n|t:|1697510641\n|move|p1a: Arceus|Earth Power|p2a: Big Man\n|-supereffective|p2a: Big Man\n|-damage|p2a: Big Man|0 fnt\n|faint|p2a: Big Man\n|\n|-weather|RainDance|[upkeep]\n|upkeep\n|\n|t:|1697510654\n|switch|p2a: Arceus|Arceus-Poison|100\/100\n|turn|11\n|\n|t:|1697510660\n|switch|p1a: Basculegion|Basculegion-F, F|100\/100\n|move|p2a: Arceus|Dragon Dance|p2a: Arceus\n|-boost|p2a: Arceus|atk|1\n|-boost|p2a: Arceus|spe|1\n|\n|-weather|RainDance|[upkeep]\n|upkeep\n|turn|12\n|c|\u2606SenkTheMoth|wait i messed up my stats\n|\n|t:|1697510698\n|move|p1a: Basculegion|Wave Crash|p2a: Arceus\n|-damage|p2a: Arceus|1\/100\n|-damage|p1a: Basculegion|68\/100|[from] Recoil\n|move|p2a: Arceus|Earthquake|p1a: Basculegion\n|-damage|p1a: Basculegion|3\/100\n|\n|-weather|RainDance|[upkeep]\n|upkeep\n|turn|13\n|c|\u2606spinzosee|oh\n|c|\u2606spinzosee|DAMN IT TANKED\n|\n|t:|1697510709\n|move|p1a: Basculegion|Wave Crash|p2a: Arceus\n|-damage|p2a: Arceus|0 fnt\n|faint|p2a: Arceus\n|-damage|p1a: Basculegion|2\/100|[from] Recoil\n|\n|-weather|none\n|upkeep\n|\n|t:|1697510714\n|switch|p2a: Palkia|Palkia-Origin|100\/100\n|-ability|p2a: Palkia|Pressure\n|turn|14\n|\n|t:|1697510722\n|switch|p1a: Pelipper|Pelipper, M|67\/100\n|-weather|RainDance|[from] ability: Drizzle|[of] p1a: Pelipper\n|move|p2a: Palkia|Substitute|p2a: Palkia\n|-start|p2a: Palkia|Substitute\n|-damage|p2a: Palkia|76\/100\n|\n|-weather|RainDance|[upkeep]\n|upkeep\n|turn|15\n|\n|t:|1697510728\n|move|p2a: Palkia|Surf|p1a: Pelipper\n|-resisted|p1a: Pelipper\n|-damage|p1a: Pelipper|19\/100\n|move|p1a: Pelipper|Hurricane|p2a: Palkia\n|-end|p2a: Palkia|Substitute\n|\n|-weather|RainDance|[upkeep]\n|upkeep\n|turn|16\n|\n|t:|1697510734\n|move|p2a: Palkia|Substitute|p2a: Palkia\n|-start|p2a: Palkia|Substitute\n|-damage|p2a: Palkia|51\/100\n|move|p1a: Pelipper|Hurricane|p2a: Palkia\n|-end|p2a: Palkia|Substitute\n|\n|-weather|RainDance|[upkeep]\n|upkeep\n|turn|17\n|\n|t:|1697510737\n|move|p2a: Palkia|Substitute|p2a: Palkia\n|-start|p2a: Palkia|Substitute\n|-damage|p2a: Palkia|26\/100\n|move|p1a: Pelipper|Hurricane|p2a: Palkia\n|-end|p2a: Palkia|Substitute\n|\n|-weather|RainDance|[upkeep]\n|upkeep\n|turn|18\n|\n|t:|1697510740\n|move|p2a: Palkia|Surf|p1a: Pelipper\n|-resisted|p1a: Pelipper\n|-damage|p1a: Pelipper|0 fnt\n|faint|p1a: Pelipper\n|\n|-weather|none\n|upkeep\n|\n|t:|1697510751\n|switch|p1a: Palkia|Palkia-Origin|31\/100\n|-ability|p1a: Palkia|Pressure\n|turn|19\n|\n|t:|1697510757\n|move|p1a: Palkia|Earth Power|p2a: Palkia\n|-damage|p2a: Palkia|0 fnt\n|faint|p2a: Palkia\n|\n|upkeep\n|\n|t:|1697510764\n|switch|p2a: Zacian|Zacian|100\/100\n|-ability|p2a: Zacian|Intrepid Sword|boost\n|-boost|p2a: Zacian|atk|1\n|turn|20\n|\n|t:|1697510779\n|-terastallize|p1a: Palkia|Fairy\n|move|p2a: Zacian|Play Rough|p1a: Palkia\n|-damage|p1a: Palkia|0 fnt\n|faint|p1a: Palkia\n|\n|upkeep\n|\n|t:|1697510790\n|switch|p1a: Arceus|Arceus-Grass|81\/100\n|turn|21\n|\n|t:|1697510799\n|move|p2a: Zacian|Swords Dance|p2a: Zacian\n|-boost|p2a: Zacian|atk|2\n|move|p1a: Arceus|Judgment|p2a: Zacian\n|-damage|p2a: Zacian|54\/100\n|\n|upkeep\n|turn|22\n|\n|t:|1697510817\n|-terastallize|p2a: Zacian|Fighting\n|move|p2a: Zacian|Close Combat|p1a: Arceus\n|-damage|p1a: Arceus|0 fnt\n|-unboost|p2a: Zacian|def|1\n|-unboost|p2a: Zacian|spd|1\n|faint|p1a: Arceus\n|\n|upkeep\n|\n|t:|1697510823\n|switch|p1a: Basculegion|Basculegion-F, F|2\/100\n|turn|23\n|\n|t:|1697510826\n|switch|p2a: Magearna|Magearna|100\/100\n|move|p1a: Basculegion|Aqua Jet|p2a: Magearna\n|-damage|p2a: Magearna|82\/100\n|\n|-heal|p2a: Magearna|88\/100|[from] item: Leftovers\n|upkeep\n|turn|24\n|\n|t:|1697510829\n|switch|p1a: Thundurus|Thundurus-Therian, M|25\/100\n|move|p2a: Magearna|Ice Beam|p1a: Thundurus\n|-supereffective|p1a: Thundurus\n|-damage|p1a: Thundurus|0 fnt\n|faint|p1a: Thundurus\n|-ability|p2a: Magearna|Soul-Heart|boost\n|-boost|p2a: Magearna|spa|1\n|\n|-heal|p2a: Magearna|94\/100|[from] item: Leftovers\n|upkeep\n|\n|t:|1697510834\n|switch|p1a: Basculegion|Basculegion-F, F|2\/100\n|turn|25\n|\n|t:|1697510837\n|move|p1a: Basculegion|Last Respects|p2a: Magearna\n|-damage|p2a: Magearna|0 fnt\n|faint|p2a: Magearna\n|\n|upkeep\n|\n|t:|1697510839\n|switch|p2a: Zacian|Zacian, tera:Fighting|54\/100\n|turn|26\n|c|\u2606spinzosee|gg\n|\n|t:|1697510843\n|move|p2a: Zacian|Crunch|p1a: Basculegion\n|-supereffective|p1a: Basculegion\n|-damage|p1a: Basculegion|0 fnt\n|faint|p1a: Basculegion\n|\n|win|SenkTheMoth\n|c|\u2606SenkTheMoth|gg\n|l|\u2606spinzosee\n|l|\u2606SenkTheMoth\n|j|\u2606SenkTheMoth\n|player|p2|SenkTheMoth|dawn-gen4pt\n","uploadtime":1697510859,"views":25,"p1id":"spinzosee","p2id":"senkthemoth","formatid":"gen9ubers","rating":0,"private":0,"password":""}