{"id":"gen9ubers-1980502955","p1":"Akro Agency","p2":"asdfqwerty123","format":"[Gen 9] Ubers","log":"|j|\u2606Akro Agency\n|j|\u2606asdfqwerty123\n|t:|1698791209\n|gametype|singles\n|player|p1|Akro Agency|caitlin|\n|player|p2|asdfqwerty123|2|\n|teamsize|p1|6\n|teamsize|p2|6\n|gen|9\n|tier|[Gen 9] Ubers\n|rule|Sleep Clause Mod: Limit one foe put to sleep\n|rule|Species Clause: Limit one of each Pok\u00e9mon\n|rule|OHKO Clause: OHKO moves are banned\n|rule|Evasion Items Clause: Evasion items are banned\n|rule|Evasion Moves Clause: Evasion moves are banned\n|rule|Endless Battle Clause: Forcing endless battles is banned\n|rule|HP Percentage Mod: HP is shown in percentages\n|clearpoke\n|poke|p1|Torkoal, M|\n|poke|p1|Gholdengo|\n|poke|p1|Sandy Shocks|\n|poke|p1|Gliscor, F|\n|poke|p1|Walking Wake|\n|poke|p1|Heatran, M|\n|poke|p2|Chi-Yu|\n|poke|p2|Palkia-Origin|\n|poke|p2|Shaymin-Sky|\n|poke|p2|Magearna|\n|poke|p2|Giratina|\n|poke|p2|Arceus-Poison|\n|teampreview\n|inactive|Battle timer is ON: inactive players will automatically lose when time's up. (requested by asdfqwerty123)\n|c|\u2606asdfqwerty123|glhf\n|c|\u2606Akro Agency|Glhf\n|inactive|asdfqwerty123 has 270 seconds left.\n|\n|t:|1698791245\n|start\n|switch|p1a: Stealth bomber|Gliscor, F|100\/100\n|switch|p2a: Arceus|Arceus-Poison|100\/100\n|turn|1\n|\n|t:|1698791260\n|move|p2a: Arceus|Dragon Dance|p2a: Arceus\n|-boost|p2a: Arceus|atk|1\n|-boost|p2a: Arceus|spe|1\n|move|p1a: Stealth bomber|Earthquake|p2a: Arceus\n|-supereffective|p2a: Arceus\n|-damage|p2a: Arceus|53\/100\n|\n|-status|p1a: Stealth bomber|tox|[from] item: Toxic Orb\n|upkeep\n|turn|2\n|\n|t:|1698791269\n|move|p2a: Arceus|Poison Jab|p1a: Stealth bomber\n|-resisted|p1a: Stealth bomber\n|-damage|p1a: Stealth bomber|78\/100 tox\n|move|p1a: Stealth bomber|Earthquake|p2a: Arceus\n|-supereffective|p2a: Arceus\n|-damage|p2a: Arceus|0 fnt\n|faint|p2a: Arceus\n|\n|-heal|p1a: Stealth bomber|91\/100 tox|[from] ability: Poison Heal\n|upkeep\n|\n|t:|1698791282\n|switch|p2a: Palkia|Palkia-Origin, shiny|100\/100\n|-ability|p2a: Palkia|Pressure\n|turn|3\n|\n|t:|1698791299\n|-terastallize|p1a: Stealth bomber|Water\n|move|p2a: Palkia|Spacial Rend|p1a: Stealth bomber\n|-damage|p1a: Stealth bomber|32\/100 tox\n|move|p1a: Stealth bomber|Spikes|p2a: Palkia\n|-sidestart|p2: asdfqwerty123|Spikes\n|\n|-heal|p1a: Stealth bomber|45\/100 tox|[from] ability: Poison Heal\n|upkeep\n|turn|4\n|\n|t:|1698791308\n|move|p1a: Stealth bomber|Protect|p1a: Stealth bomber\n|-singleturn|p1a: Stealth bomber|Protect\n|move|p2a: Palkia|Thunderbolt|p1a: Stealth bomber\n|-activate|p1a: Stealth bomber|move: Protect\n|\n|-heal|p1a: Stealth bomber|57\/100 tox|[from] ability: Poison Heal\n|upkeep\n|turn|5\n|\n|t:|1698791319\n|switch|p1a: Napalm Turtle|Torkoal, M|100\/100\n|-weather|SunnyDay|[from] ability: Drought|[of] p1a: Napalm Turtle\n|move|p2a: Palkia|Spacial Rend|p1a: Napalm Turtle\n|-damage|p1a: Napalm Turtle|27\/100\n|\n|-weather|SunnyDay|[upkeep]\n|upkeep\n|turn|6\n|\n|t:|1698791331\n|switch|p1a: Howitzer|Walking Wake|100\/100\n|-activate|p1a: Howitzer|ability: Protosynthesis\n|-start|p1a: Howitzer|protosynthesisspe\n|move|p2a: Palkia|Spacial Rend|p1a: Howitzer\n|-supereffective|p1a: Howitzer\n|-damage|p1a: Howitzer|0 fnt\n|faint|p1a: Howitzer\n|-end|p1a: Howitzer|Protosynthesis|[silent]\n|\n|-weather|SunnyDay|[upkeep]\n|upkeep\n|\n|t:|1698791350\n|switch|p1a: Heatran|Heatran, M|100\/100\n|turn|7\n|\n|t:|1698791357\n|switch|p2a: Giratina|Giratina, shiny|100\/100\n|-damage|p2a: Giratina|88\/100|[from] Spikes\n|-ability|p2a: Giratina|Pressure\n|move|p1a: Heatran|Solar Beam||[still]\n|-prepare|p1a: Heatran|Solar Beam\n|-anim|p1a: Heatran|Solar Beam|p2a: Giratina\n|-resisted|p2a: Giratina\n|-damage|p2a: Giratina|73\/100\n|\n|-weather|SunnyDay|[upkeep]\n|-heal|p2a: Giratina|79\/100|[from] item: Leftovers\n|upkeep\n|turn|8\n|\n|t:|1698791379\n|switch|p1a: M249 SAW|Sandy Shocks|100\/100\n|-activate|p1a: M249 SAW|ability: Protosynthesis\n|-start|p1a: M249 SAW|protosynthesisspe\n|move|p2a: Giratina|Thunder Wave|p1a: M249 SAW\n|-immune|p1a: M249 SAW\n|\n|-weather|SunnyDay|[upkeep]\n|-heal|p2a: Giratina|86\/100|[from] item: Leftovers\n|upkeep\n|turn|9\n|\n|t:|1698791402\n|move|p1a: M249 SAW|Earth Power|p2a: Giratina\n|-damage|p2a: Giratina|60\/100\n|-damage|p1a: M249 SAW|91\/100|[from] item: Life Orb\n|move|p2a: Giratina|Roar|p1a: M249 SAW\n|-end|p1a: M249 SAW|Protosynthesis|[silent]\n|drag|p1a: Lockheed Martin|Gholdengo|100\/100\n|\n|-weather|SunnyDay|[upkeep]\n|-heal|p2a: Giratina|66\/100|[from] item: Leftovers\n|upkeep\n|turn|10\n|\n|t:|1698791415\n|switch|p2a: Magearna|Magearna|100\/100\n|-damage|p2a: Magearna|88\/100|[from] Spikes\n|move|p1a: Lockheed Martin|Nasty Plot|p1a: Lockheed Martin\n|-boost|p1a: Lockheed Martin|spa|2\n|\n|-weather|SunnyDay|[upkeep]\n|-heal|p2a: Magearna|94\/100|[from] item: Leftovers\n|upkeep\n|turn|11\n|inactive|Akro Agency has 270 seconds left.\n|inactive|asdfqwerty123 has 270 seconds left.\n|\n|t:|1698791437\n|-terastallize|p2a: Magearna|Steel\n|move|p1a: Lockheed Martin|Nasty Plot|p1a: Lockheed Martin\n|-boost|p1a: Lockheed Martin|spa|2\n|move|p2a: Magearna|Volt Switch|p1a: Lockheed Martin\n|-damage|p1a: Lockheed Martin|81\/100\n|\n|t:|1698791441\n|switch|p2a: Chi-Yu|Chi-Yu|100\/100|[from] Volt Switch\n|-damage|p2a: Chi-Yu|88\/100|[from] Spikes\n|-ability|p2a: Chi-Yu|Beads of Ruin\n|\n|-weather|SunnyDay|[upkeep]\n|-heal|p1a: Lockheed Martin|87\/100|[from] item: Leftovers\n|upkeep\n|turn|12\n|\n|t:|1698791455\n|switch|p1a: Heatran|Heatran, M|100\/100\n|move|p2a: Chi-Yu|Flamethrower|p1a: Heatran\n|-start|p1a: Heatran|ability: Flash Fire\n|\n|-weather|none\n|upkeep\n|turn|13\n|inactive|Akro Agency has 270 seconds left.\n|\n|t:|1698791474\n|switch|p2a: Giratina|Giratina, shiny|66\/100\n|-damage|p2a: Giratina|54\/100|[from] Spikes\n|-ability|p2a: Giratina|Pressure\n|move|p1a: Heatran|Earth Power|p2a: Giratina\n|-crit|p2a: Giratina\n|-damage|p2a: Giratina|23\/100\n|\n|-heal|p2a: Giratina|29\/100|[from] item: Leftovers\n|upkeep\n|turn|14\n|inactive|Akro Agency has 270 seconds left.\n|inactive|asdfqwerty123 has 270 seconds left.\n|\n|t:|1698791501\n|switch|p2a: Palkia|Palkia-Origin, shiny|100\/100\n|-damage|p2a: Palkia|88\/100|[from] Spikes\n|-ability|p2a: Palkia|Pressure\n|-end|p1a: Heatran|ability: Flash Fire|[silent]\n|switch|p1a: Stealth bomber|Gliscor, F, tera:Water|57\/100 tox\n|\n|-heal|p1a: Stealth bomber|70\/100 tox|[from] ability: Poison Heal\n|upkeep\n|turn|15\n|inactive|Akro Agency has 270 seconds left.\n|\n|t:|1698791520\n|switch|p1a: Napalm Turtle|Torkoal, M|27\/100\n|-weather|SunnyDay|[from] ability: Drought|[of] p1a: Napalm Turtle\n|move|p2a: Palkia|Spacial Rend|p1a: Napalm Turtle\n|-damage|p1a: Napalm Turtle|0 fnt\n|faint|p1a: Napalm Turtle\n|\n|-weather|SunnyDay|[upkeep]\n|upkeep\n|\n|t:|1698791542\n|switch|p1a: M249 SAW|Sandy Shocks|91\/100\n|-activate|p1a: M249 SAW|ability: Protosynthesis\n|-start|p1a: M249 SAW|protosynthesisspe\n|turn|16\n|\n|t:|1698791549\n|switch|p2a: Giratina|Giratina, shiny|29\/100\n|-damage|p2a: Giratina|16\/100|[from] Spikes\n|-ability|p2a: Giratina|Pressure\n|move|p1a: M249 SAW|Earth Power|p2a: Giratina\n|-damage|p2a: Giratina|0 fnt\n|faint|p2a: Giratina\n|-damage|p1a: M249 SAW|81\/100|[from] item: Life Orb\n|\n|-weather|SunnyDay|[upkeep]\n|upkeep\n|\n|t:|1698791558\n|switch|p2a: Chi-Yu|Chi-Yu|88\/100\n|-damage|p2a: Chi-Yu|76\/100|[from] Spikes\n|-ability|p2a: Chi-Yu|Beads of Ruin\n|turn|17\n|\n|t:|1698791570\n|move|p1a: M249 SAW|Earth Power|p2a: Chi-Yu\n|-supereffective|p2a: Chi-Yu\n|-damage|p2a: Chi-Yu|0 fnt\n|faint|p2a: Chi-Yu\n|-damage|p1a: M249 SAW|71\/100|[from] item: Life Orb\n|\n|-weather|SunnyDay|[upkeep]\n|upkeep\n|\n|t:|1698791584\n|switch|p2a: Magearna|Magearna, tera:Steel|94\/100\n|-damage|p2a: Magearna|82\/100|[from] Spikes\n|turn|18\n|inactive|Akro Agency has 270 seconds left.\n|\n|t:|1698791596\n|move|p1a: M249 SAW|Stealth Rock|p2a: Magearna\n|-sidestart|p2: asdfqwerty123|move: Stealth Rock\n|move|p2a: Magearna|Draining Kiss|p1a: M249 SAW\n|-damage|p1a: M249 SAW|45\/100\n|-heal|p2a: Magearna|98\/100|[from] drain|[of] p1a: M249 SAW\n|\n|-weather|SunnyDay|[upkeep]\n|-heal|p2a: Magearna|100\/100|[from] item: Leftovers\n|upkeep\n|turn|19\n|\n|t:|1698791606\n|move|p1a: M249 SAW|Earth Power|p2a: Magearna\n|-supereffective|p2a: Magearna\n|-damage|p2a: Magearna|25\/100\n|-damage|p1a: M249 SAW|35\/100|[from] item: Life Orb\n|move|p2a: Magearna|Flash Cannon|p1a: M249 SAW\n|-resisted|p1a: M249 SAW\n|-damage|p1a: M249 SAW|4\/100\n|\n|-weather|SunnyDay|[upkeep]\n|-heal|p2a: Magearna|31\/100|[from] item: Leftovers\n|upkeep\n|turn|20\n|\n|t:|1698791616\n|move|p1a: M249 SAW|Thunderbolt|p2a: Magearna\n|-damage|p2a: Magearna|0 fnt\n|faint|p2a: Magearna\n|-damage|p1a: M249 SAW|0 fnt|[from] item: Life Orb\n|faint|p1a: M249 SAW\n|-end|p1a: M249 SAW|Protosynthesis|[silent]\n|\n|-weather|SunnyDay|[upkeep]\n|upkeep\n|\n|t:|1698791631\n|switch|p1a: Stealth bomber|Gliscor, F, tera:Water|70\/100 tox\n|switch|p2a: Palkia|Palkia-Origin, shiny|88\/100\n|-damage|p2a: Palkia|76\/100|[from] Spikes\n|-damage|p2a: Palkia|63\/100|[from] Stealth Rock\n|-ability|p2a: Palkia|Pressure\n|turn|21\n|inactive|asdfqwerty123 has 270 seconds left.\n|\n|t:|1698791660\n|move|p1a: Stealth bomber|Protect|p1a: Stealth bomber\n|-singleturn|p1a: Stealth bomber|Protect\n|move|p2a: Palkia|Spacial Rend|p1a: Stealth bomber\n|-activate|p1a: Stealth bomber|move: Protect\n|\n|-weather|SunnyDay|[upkeep]\n|-heal|p1a: Stealth bomber|82\/100 tox|[from] ability: Poison Heal\n|upkeep\n|turn|22\n|\n|t:|1698791673\n|move|p2a: Palkia|Spacial Rend|p1a: Stealth bomber\n|-damage|p1a: Stealth bomber|18\/100 tox\n|move|p1a: Stealth bomber|Toxic|p2a: Palkia\n|-status|p2a: Palkia|tox\n|\n|-weather|none\n|-damage|p2a: Palkia|57\/100 tox|[from] psn\n|-heal|p1a: Stealth bomber|31\/100 tox|[from] ability: Poison Heal\n|upkeep\n|turn|23\n|\n|t:|1698791683\n|switch|p1a: Heatran|Heatran, M|100\/100\n|move|p2a: Palkia|Spacial Rend|p1a: Heatran\n|-resisted|p1a: Heatran\n|-damage|p1a: Heatran|72\/100\n|\n|-damage|p2a: Palkia|44\/100 tox|[from] psn\n|upkeep\n|turn|24\n|inactive|Akro Agency has 270 seconds left.\n|\n|t:|1698791706\n|move|p2a: Palkia|Hydro Pump|p1a: Heatran\n|-supereffective|p1a: Heatran\n|-damage|p1a: Heatran|0 fnt\n|faint|p1a: Heatran\n|\n|-damage|p2a: Palkia|26\/100 tox|[from] psn\n|upkeep\n|\n|t:|1698791713\n|switch|p1a: Lockheed Martin|Gholdengo|87\/100\n|turn|25\n|inactive|Akro Agency has 270 seconds left.\n|\n|t:|1698791724\n|move|p2a: Palkia|Spacial Rend|p1a: Lockheed Martin\n|-resisted|p1a: Lockheed Martin\n|-damage|p1a: Lockheed Martin|54\/100\n|move|p1a: Lockheed Martin|Shadow Ball|p2a: Palkia\n|-damage|p2a: Palkia|0 fnt\n|faint|p2a: Palkia\n|\n|-heal|p1a: Lockheed Martin|61\/100|[from] item: Leftovers\n|upkeep\n|\n|t:|1698791725\n|switch|p2a: Shaymin|Shaymin-Sky, shiny|100\/100\n|-damage|p2a: Shaymin|76\/100|[from] Stealth Rock\n|turn|26\n|\n|t:|1698791739\n|move|p2a: Shaymin|Earth Power|p1a: Lockheed Martin\n|-supereffective|p1a: Lockheed Martin\n|-damage|p1a: Lockheed Martin|0 fnt\n|faint|p1a: Lockheed Martin\n|-damage|p2a: Shaymin|66\/100|[from] item: Life Orb\n|\n|upkeep\n|\n|t:|1698791745\n|switch|p1a: Stealth bomber|Gliscor, F, tera:Water|31\/100 tox\n|turn|27\n|\n|t:|1698791751\n|move|p1a: Stealth bomber|Protect|p1a: Stealth bomber\n|-singleturn|p1a: Stealth bomber|Protect\n|move|p2a: Shaymin|Air Slash|p1a: Stealth bomber\n|-activate|p1a: Stealth bomber|move: Protect\n|\n|-heal|p1a: Stealth bomber|43\/100 tox|[from] ability: Poison Heal\n|upkeep\n|turn|28\n|l|\u2606asdfqwerty123\n|inactive|asdfqwerty123 disconnected and has 300 seconds to reconnect!\n|player|p2|\n|j|\u2606asdfqwerty123\n|inactive|asdfqwerty123 reconnected and has 300 seconds left.\n|player|p2|asdfqwerty123|2\n|\n|t:|1698791790\n|move|p1a: Stealth bomber|Protect||[still]\n|-fail|p1a: Stealth bomber\n|move|p2a: Shaymin|Air Slash|p1a: Stealth bomber\n|-damage|p1a: Stealth bomber|0 fnt\n|faint|p1a: Stealth bomber\n|-damage|p2a: Shaymin|56\/100|[from] item: Life Orb\n|\n|win|asdfqwerty123\n|c|\u2606Akro Agency|Ggs\n|c|\u2606asdfqwerty123|ggs\n","uploadtime":1698791805,"views":17,"p1id":"akroagency","p2id":"asdfqwerty123","formatid":"gen9ubers","rating":0,"private":0,"password":""}