{"id":"gen9ubers-1974914572","p1":"Aurum196","p2":"Halil66","format":"[Gen 9] Ubers","log":"|j|\u2606Aurum196\n|j|\u2606Halil66\n|t:|1698143995\n|gametype|singles\n|player|p1|Aurum196|266|1097\n|player|p2|Halil66|brock|1158\n|teamsize|p1|6\n|teamsize|p2|6\n|gen|9\n|tier|[Gen 9] Ubers\n|rated|\n|rule|Sleep Clause Mod: Limit one foe put to sleep\n|rule|Species Clause: Limit one of each Pok\u00e9mon\n|rule|OHKO Clause: OHKO moves are banned\n|rule|Evasion Items Clause: Evasion items are banned\n|rule|Evasion Moves Clause: Evasion moves are banned\n|rule|Endless Battle Clause: Forcing endless battles is banned\n|rule|HP Percentage Mod: HP is shown in percentages\n|clearpoke\n|poke|p1|Infernape, F|\n|poke|p1|Ninetales-Alola, M|\n|poke|p1|Dondozo, M|\n|poke|p1|Flutter Mane|\n|poke|p1|Ting-Lu|\n|poke|p1|Overqwil, F|\n|poke|p2|Ursaluna-Bloodmoon, M|\n|poke|p2|Darkrai|\n|poke|p2|Mewtwo|\n|poke|p2|Rayquaza|\n|poke|p2|Groudon|\n|poke|p2|Giratina-Origin|\n|teampreview\n|inactive|Battle timer is ON: inactive players will automatically lose when time's up. (requested by Halil66)\n|\n|t:|1698144026\n|start\n|switch|p1a: Ninetales|Ninetales-Alola, M|100\/100\n|switch|p2a: Darkrai|Darkrai|100\/100\n|-weather|Snow|[from] ability: Snow Warning|[of] p1a: Ninetales\n|turn|1\n|\n|t:|1698144047\n|move|p2a: Darkrai|Hypnosis|p1a: Ninetales|[miss]\n|-miss|p2a: Darkrai|p1a: Ninetales\n|move|p1a: Ninetales|Moonblast|p2a: Darkrai\n|-supereffective|p2a: Darkrai\n|-damage|p2a: Darkrai|28\/100\n|\n|-weather|Snow|[upkeep]\n|upkeep\n|turn|2\n|\n|t:|1698144062\n|move|p2a: Darkrai|Hypnosis|p1a: Ninetales|[miss]\n|-miss|p2a: Darkrai|p1a: Ninetales\n|move|p1a: Ninetales|Moonblast|p2a: Darkrai\n|-supereffective|p2a: Darkrai\n|-damage|p2a: Darkrai|0 fnt\n|faint|p2a: Darkrai\n|\n|-weather|Snow|[upkeep]\n|upkeep\n|c|\u2606Aurum196|rough\n|inactive|Halil66 has 120 seconds left.\n|\n|t:|1698144078\n|switch|p2a: Ursaluna|Ursaluna-Bloodmoon, M|100\/100\n|turn|3\n|\n|t:|1698144087\n|move|p1a: Ninetales|Freeze-Dry|p2a: Ursaluna\n|-supereffective|p2a: Ursaluna\n|-damage|p2a: Ursaluna|68\/100\n|move|p2a: Ursaluna|Blood Moon|p1a: Ninetales\n|-damage|p1a: Ninetales|24\/100\n|\n|-weather|Snow|[upkeep]\n|upkeep\n|turn|4\n|\n|t:|1698144095\n|move|p2a: Ursaluna|Vacuum Wave|p1a: Ninetales\n|-damage|p1a: Ninetales|10\/100\n|move|p1a: Ninetales|Aurora Veil|p1a: Ninetales\n|-sidestart|p1: Aurum196|move: Aurora Veil\n|\n|-weather|Snow|[upkeep]\n|upkeep\n|turn|5\n|\n|t:|1698144107\n|move|p2a: Ursaluna|Vacuum Wave|p1a: Ninetales\n|-damage|p1a: Ninetales|1\/100\n|move|p1a: Ninetales|Foul Play|p2a: Ursaluna\n|-damage|p2a: Ursaluna|60\/100\n|\n|-weather|none\n|upkeep\n|turn|6\n|\n|t:|1698144119\n|switch|p1a: Overqwil|Overqwil, F|100\/100\n|move|p2a: Ursaluna|Vacuum Wave|p1a: Overqwil\n|-damage|p1a: Overqwil|89\/100\n|\n|upkeep\n|turn|7\n|\n|t:|1698144136\n|move|p1a: Overqwil|Swords Dance|p1a: Overqwil\n|-boost|p1a: Overqwil|atk|2\n|move|p2a: Ursaluna|Blood Moon|p1a: Overqwil\n|-damage|p1a: Overqwil|27\/100\n|\n|upkeep\n|turn|8\n|\n|t:|1698144151\n|move|p1a: Overqwil|Gunk Shot|p2a: Ursaluna\n|-resisted|p2a: Ursaluna\n|-damage|p2a: Ursaluna|20\/100\n|move|p2a: Ursaluna|Earth Power|p1a: Overqwil\n|-supereffective|p1a: Overqwil\n|-damage|p1a: Overqwil|0 fnt\n|faint|p1a: Overqwil\n|\n|upkeep\n|\n|t:|1698144159\n|switch|p1a: Infernape|Infernape, F|100\/100\n|turn|9\n|\n|t:|1698144181\n|move|p1a: Infernape|Mach Punch|p2a: Ursaluna\n|-supereffective|p2a: Ursaluna\n|-damage|p2a: Ursaluna|0 fnt\n|faint|p2a: Ursaluna\n|\n|upkeep\n|inactive|Halil66 has 120 seconds left.\n|\n|t:|1698144198\n|switch|p2a: Mewtwo|Mewtwo, shiny|100\/100\n|-ability|p2a: Mewtwo|Unnerve\n|turn|10\n|inactive|Halil66 has 120 seconds left.\n|\n|t:|1698144211\n|move|p2a: Mewtwo|Psystrike|p1a: Infernape\n|-supereffective|p1a: Infernape\n|-damage|p1a: Infernape|0 fnt\n|faint|p1a: Infernape\n|-damage|p2a: Mewtwo|91\/100|[from] item: Life Orb\n|\n|upkeep\n|\n|t:|1698144217\n|switch|p1a: Flutter Mane|Flutter Mane|100\/100\n|-enditem|p1a: Flutter Mane|Booster Energy\n|-activate|p1a: Flutter Mane|ability: Protosynthesis|[fromitem]\n|-start|p1a: Flutter Mane|protosynthesisspa\n|turn|11\n|inactive|Halil66 has 120 seconds left.\n|\n|t:|1698144227\n|switch|p2a: Groudon|Groudon|100\/100\n|-weather|SunnyDay|[from] ability: Drought|[of] p2a: Groudon\n|move|p1a: Flutter Mane|Shadow Ball|p2a: Groudon\n|-damage|p2a: Groudon|67\/100\n|\n|-weather|SunnyDay|[upkeep]\n|-sideend|p1: Aurum196|move: Aurora Veil\n|upkeep\n|turn|12\n|inactive|Halil66 has 120 seconds left.\n|\n|t:|1698144245\n|move|p1a: Flutter Mane|Psyshock|p2a: Groudon\n|-damage|p2a: Groudon|44\/100\n|move|p2a: Groudon|Precipice Blades|p1a: Flutter Mane\n|-damage|p1a: Flutter Mane|0 fnt\n|faint|p1a: Flutter Mane\n|-end|p1a: Flutter Mane|Protosynthesis|[silent]\n|\n|-weather|SunnyDay|[upkeep]\n|upkeep\n|\n|t:|1698144255\n|switch|p1a: Ninetales|Ninetales-Alola, M|1\/100\n|-weather|Snow|[from] ability: Snow Warning|[of] p1a: Ninetales\n|turn|13\n|\n|t:|1698144268\n|switch|p2a: Mewtwo|Mewtwo, shiny|91\/100\n|-ability|p2a: Mewtwo|Unnerve\n|move|p1a: Ninetales|Freeze-Dry|p2a: Mewtwo\n|-damage|p2a: Mewtwo|68\/100\n|\n|-weather|Snow|[upkeep]\n|upkeep\n|turn|14\n|\n|t:|1698144284\n|switch|p1a: Dondozo|Dondozo, M|100\/100\n|move|p2a: Mewtwo|Psystrike|p1a: Dondozo\n|-damage|p1a: Dondozo|66\/100\n|-damage|p2a: Mewtwo|59\/100|[from] item: Life Orb\n|\n|-weather|Snow|[upkeep]\n|-heal|p1a: Dondozo|72\/100|[from] item: Leftovers\n|upkeep\n|turn|15\n|\n|t:|1698144296\n|move|p2a: Mewtwo|Energy Ball|p1a: Dondozo\n|-supereffective|p1a: Dondozo\n|-damage|p1a: Dondozo|0 fnt\n|faint|p1a: Dondozo\n|-damage|p2a: Mewtwo|49\/100|[from] item: Life Orb\n|\n|-weather|Snow|[upkeep]\n|upkeep\n|c|\u2606Aurum196|what the hell lmao\n|\n|t:|1698144308\n|switch|p1a: Ting-Lu|Ting-Lu|100\/100\n|-ability|p1a: Ting-Lu|Vessel of Ruin\n|turn|16\n|\n|t:|1698144322\n|-terastallize|p1a: Ting-Lu|Normal\n|move|p2a: Mewtwo|Energy Ball|p1a: Ting-Lu\n|-damage|p1a: Ting-Lu|79\/100\n|-damage|p2a: Mewtwo|39\/100|[from] item: Life Orb\n|move|p1a: Ting-Lu|Rock Slide|p2a: Mewtwo|[miss]\n|-miss|p1a: Ting-Lu|p2a: Mewtwo\n|\n|-weather|Snow|[upkeep]\n|-heal|p1a: Ting-Lu|85\/100|[from] item: Leftovers\n|upkeep\n|turn|17\n|\n|t:|1698144336\n|move|p2a: Mewtwo|Psystrike|p1a: Ting-Lu\n|-damage|p1a: Ting-Lu|55\/100\n|-damage|p2a: Mewtwo|29\/100|[from] item: Life Orb\n|move|p1a: Ting-Lu|Stealth Rock|p2a: Mewtwo\n|-sidestart|p2: Halil66|move: Stealth Rock\n|\n|-weather|none\n|-heal|p1a: Ting-Lu|61\/100|[from] item: Leftovers\n|upkeep\n|turn|18\n|\n|t:|1698144347\n|move|p2a: Mewtwo|Psystrike|p1a: Ting-Lu\n|-damage|p1a: Ting-Lu|34\/100\n|-damage|p2a: Mewtwo|19\/100|[from] item: Life Orb\n|move|p1a: Ting-Lu|Rock Slide|p2a: Mewtwo\n|-damage|p2a: Mewtwo|0 fnt\n|faint|p2a: Mewtwo\n|\n|-heal|p1a: Ting-Lu|41\/100|[from] item: Leftovers\n|upkeep\n|\n|t:|1698144364\n|switch|p2a: Giratina|Giratina-Origin|100\/100\n|-damage|p2a: Giratina|88\/100|[from] Stealth Rock\n|turn|19\n|\n|t:|1698144376\n|move|p2a: Giratina|Iron Head|p1a: Ting-Lu\n|-damage|p1a: Ting-Lu|27\/100\n|move|p1a: Ting-Lu|Whirlwind|p2a: Giratina\n|drag|p2a: Groudon|Groudon|44\/100\n|-damage|p2a: Groudon|38\/100|[from] Stealth Rock\n|-weather|SunnyDay|[from] ability: Drought|[of] p2a: Groudon\n|\n|-weather|SunnyDay|[upkeep]\n|-heal|p1a: Ting-Lu|33\/100|[from] item: Leftovers\n|upkeep\n|turn|20\n|inactive|Halil66 has 120 seconds left.\n|\n|t:|1698144392\n|move|p2a: Groudon|Hammer Arm|p1a: Ting-Lu\n|-supereffective|p1a: Ting-Lu\n|-damage|p1a: Ting-Lu|0 fnt\n|-unboost|p2a: Groudon|spe|1\n|faint|p1a: Ting-Lu\n|\n|-weather|SunnyDay|[upkeep]\n|upkeep\n|\n|t:|1698144398\n|switch|p1a: Ninetales|Ninetales-Alola, M|1\/100\n|-weather|Snow|[from] ability: Snow Warning|[of] p1a: Ninetales\n|turn|21\n|\n|t:|1698144403\n|move|p1a: Ninetales|Freeze-Dry|p2a: Groudon\n|-supereffective|p2a: Groudon\n|-damage|p2a: Groudon|15\/100\n|move|p2a: Groudon|Thunder Punch|p1a: Ninetales\n|-damage|p1a: Ninetales|0 fnt\n|faint|p1a: Ninetales\n|\n|win|Halil66\n|raw|Aurum196's rating: 1097 &rarr; <strong>1077<\/strong><br \/>(-20 for losing)\n|raw|Halil66's rating: 1158 &rarr; <strong>1179<\/strong><br \/>(+21 for winning)\n|c|\u2606Aurum196|gg\n","uploadtime":1698144417,"views":11,"p1id":"aurum196","p2id":"halil66","formatid":"gen9ubers","rating":1077,"private":0,"password":""}