{"id":"gen9ubers-1994263790","p1":"CTLM&Shykimi","p2":"imsocleannlol","format":"[Gen 9] Ubers","log":"|j|\u2606CTLM&Shykimi\n|j|\u2606imsocleannlol\n|t:|1700424857\n|gametype|singles\n|player|p1|CTLM&Shykimi|fisherman-gen4|\n|player|p2|imsocleannlol|102|\n|teamsize|p1|6\n|teamsize|p2|6\n|gen|9\n|tier|[Gen 9] Ubers\n|rule|Sleep Clause Mod: Limit one foe put to sleep\n|rule|Species Clause: Limit one of each Pok\u00e9mon\n|rule|OHKO Clause: OHKO moves are banned\n|rule|Evasion Items Clause: Evasion items are banned\n|rule|Evasion Moves Clause: Evasion moves are banned\n|rule|Endless Battle Clause: Forcing endless battles is banned\n|rule|HP Percentage Mod: HP is shown in percentages\n|clearpoke\n|poke|p1|Haxorus, F|\n|poke|p1|Great Tusk|\n|poke|p1|Ribombee, M|\n|poke|p1|Samurott-Hisui, M|\n|poke|p1|Gholdengo|\n|poke|p1|Hoopa-Unbound|\n|poke|p2|Clefable, M|\n|poke|p2|Milotic, F|\n|poke|p2|Mandibuzz, F|\n|poke|p2|Skeledirge, F|\n|poke|p2|Dragapult, M|\n|poke|p2|Gliscor, F|\n|teampreview\n|inactive|Battle timer is ON: inactive players will automatically lose when time's up. (requested by CTLM&Shykimi)\n|inactive|imsocleannlol has 270 seconds left.\n|\n|t:|1700424943\n|start\n|switch|p1a: Ribombee|Ribombee, M|100\/100\n|switch|p2a: Clefable|Clefable, M|100\/100\n|turn|1\n|\n|t:|1700424966\n|move|p1a: Ribombee|Stun Spore|p2a: Clefable\n|-status|p2a: Clefable|par\n|move|p2a: Clefable|Stealth Rock|p1a: Ribombee\n|-sidestart|p1: CTLM&Shykimi|move: Stealth Rock\n|\n|upkeep\n|turn|2\n|\n|t:|1700424975\n|move|p1a: Ribombee|Sticky Web|p2a: Clefable\n|-sidestart|p2: imsocleannlol|move: Sticky Web\n|move|p2a: Clefable|Moonblast|p1a: Ribombee\n|-damage|p1a: Ribombee|47\/100\n|\n|upkeep\n|turn|3\n|inactive|CTLM&Shykimi has 270 seconds left.\n|\n|t:|1700425009\n|switch|p1a: Gholdengo|Gholdengo|100\/100\n|-damage|p1a: Gholdengo|94\/100|[from] Stealth Rock\n|-item|p1a: Gholdengo|Air Balloon\n|move|p2a: Clefable|Moonblast|p1a: Gholdengo\n|-resisted|p1a: Gholdengo\n|-damage|p1a: Gholdengo|77\/100\n|-unboost|p1a: Gholdengo|spa|1\n|-enditem|p1a: Gholdengo|Air Balloon\n|\n|upkeep\n|turn|4\n|inactive|CTLM&Shykimi has 270 seconds left.\n|inactive|CTLM&Shykimi has 240 seconds left.\n|\n|t:|1700425059\n|switch|p2a: Milotic|Milotic, F, shiny|100\/100\n|move|p1a: Gholdengo|Nasty Plot|p1a: Gholdengo\n|-boost|p1a: Gholdengo|spa|2\n|\n|upkeep\n|turn|5\n|inactive|CTLM&Shykimi has 240 seconds left.\n|\n|t:|1700425074\n|move|p2a: Milotic|Haze|p2a: Milotic\n|-clearallboost\n|move|p1a: Gholdengo|Shadow Ball|p2a: Milotic\n|-damage|p2a: Milotic|75\/100\n|\n|upkeep\n|turn|6\n|inactive|CTLM&Shykimi has 240 seconds left.\n|inactive|CTLM&Shykimi has 210 seconds left.\n|\n|t:|1700425121\n|switch|p1a: Samurott|Samurott-Hisui, M|100\/100\n|-damage|p1a: Samurott|88\/100|[from] Stealth Rock\n|move|p2a: Milotic|Scald|p1a: Samurott\n|-resisted|p1a: Samurott\n|-damage|p1a: Samurott|74\/100\n|\n|upkeep\n|turn|7\n|\n|t:|1700425135\n|switch|p2a: Clefable|Clefable, M|100\/100 par\n|-activate|p2a: Clefable|move: Sticky Web\n|-unboost|p2a: Clefable|spe|1\n|move|p1a: Samurott|Ceaseless Edge|p2a: Clefable|[miss]\n|-miss|p1a: Samurott|p2a: Clefable\n|\n|upkeep\n|turn|8\n|\n|t:|1700425152\n|switch|p1a: Gholdengo|Gholdengo|77\/100\n|-damage|p1a: Gholdengo|71\/100|[from] Stealth Rock\n|cant|p2a: Clefable|par\n|\n|upkeep\n|turn|9\n|\n|t:|1700425163\n|switch|p2a: Milotic|Milotic, F, shiny|75\/100\n|move|p1a: Gholdengo|Recover|p1a: Gholdengo\n|-heal|p1a: Gholdengo|100\/100\n|\n|upkeep\n|turn|10\n|inactive|CTLM&Shykimi has 180 seconds left.\n|\n|t:|1700425195\n|move|p2a: Milotic|Scald|p1a: Gholdengo\n|-damage|p1a: Gholdengo|71\/100\n|move|p1a: Gholdengo|Shadow Ball|p2a: Milotic\n|-damage|p2a: Milotic|51\/100\n|\n|upkeep\n|turn|11\n|\n|t:|1700425206\n|switch|p1a: Samurott|Samurott-Hisui, M|74\/100\n|-damage|p1a: Samurott|62\/100|[from] Stealth Rock\n|move|p2a: Milotic|Recover|p2a: Milotic\n|-heal|p2a: Milotic|100\/100\n|\n|upkeep\n|turn|12\n|inactive|CTLM&Shykimi has 180 seconds left.\n|\n|t:|1700425230\n|switch|p2a: Clefable|Clefable, M|100\/100 par\n|-activate|p2a: Clefable|move: Sticky Web\n|-unboost|p2a: Clefable|spe|1\n|move|p1a: Samurott|Ceaseless Edge|p2a: Clefable\n|-resisted|p2a: Clefable\n|-damage|p2a: Clefable|83\/100 par\n|-sidestart|p2: imsocleannlol|Spikes\n|\n|-heal|p2a: Clefable|89\/100 par|[from] item: Leftovers\n|upkeep\n|turn|13\n|inactive|CTLM&Shykimi has 180 seconds left.\n|\n|t:|1700425240\n|switch|p1a: Gholdengo|Gholdengo|71\/100\n|-damage|p1a: Gholdengo|64\/100|[from] Stealth Rock\n|cant|p2a: Clefable|par\n|\n|-heal|p2a: Clefable|95\/100 par|[from] item: Leftovers\n|upkeep\n|turn|14\n|inactive|CTLM&Shykimi has 180 seconds left.\n|\n|t:|1700425245\n|switch|p2a: Milotic|Milotic, F, shiny|100\/100\n|move|p1a: Gholdengo|Recover|p1a: Gholdengo\n|-heal|p1a: Gholdengo|100\/100\n|\n|upkeep\n|turn|15\n|inactive|CTLM&Shykimi has 180 seconds left.\n|inactive|CTLM&Shykimi has 150 seconds left.\n|\n|t:|1700425290\n|move|p2a: Milotic|Scald|p1a: Gholdengo\n|-damage|p1a: Gholdengo|71\/100\n|move|p1a: Gholdengo|Nasty Plot|p1a: Gholdengo\n|-boost|p1a: Gholdengo|spa|2\n|\n|upkeep\n|turn|16\n|\n|t:|1700425298\n|switch|p1a: Ribombee|Ribombee, M|47\/100\n|-damage|p1a: Ribombee|22\/100|[from] Stealth Rock\n|move|p2a: Milotic|Haze|p2a: Milotic\n|-clearallboost\n|\n|upkeep\n|turn|17\n|\n|t:|1700425301\n|switch|p2a: Clefable|Clefable, M|95\/100 par\n|-activate|p2a: Clefable|move: Sticky Web\n|-unboost|p2a: Clefable|spe|1\n|move|p1a: Ribombee|Stun Spore|p2a: Clefable\n|-fail|p2a: Clefable|par\n|\n|-heal|p2a: Clefable|100\/100 par|[from] item: Leftovers\n|upkeep\n|turn|18\n|\n|t:|1700425307\n|move|p1a: Ribombee|Moonblast|p2a: Clefable\n|-damage|p2a: Clefable|64\/100 par\n|-unboost|p2a: Clefable|spa|1\n|cant|p2a: Clefable|par\n|\n|-heal|p2a: Clefable|70\/100 par|[from] item: Leftovers\n|upkeep\n|turn|19\n|inactive|CTLM&Shykimi has 180 seconds left.\n|\n|t:|1700425313\n|move|p1a: Ribombee|Moonblast|p2a: Clefable\n|-damage|p2a: Clefable|32\/100 par\n|move|p2a: Clefable|Moonlight|p2a: Clefable\n|-heal|p2a: Clefable|82\/100 par\n|\n|-heal|p2a: Clefable|88\/100 par|[from] item: Leftovers\n|upkeep\n|turn|20\n|\n|t:|1700425323\n|move|p1a: Ribombee|Moonblast|p2a: Clefable\n|-damage|p2a: Clefable|49\/100 par\n|cant|p2a: Clefable|par\n|\n|-heal|p2a: Clefable|55\/100 par|[from] item: Leftovers\n|upkeep\n|turn|21\n|\n|t:|1700425330\n|move|p1a: Ribombee|Moonblast|p2a: Clefable\n|-damage|p2a: Clefable|16\/100 par\n|-unboost|p2a: Clefable|spa|1\n|move|p2a: Clefable|Moonlight|p2a: Clefable\n|-heal|p2a: Clefable|65\/100 par\n|\n|-heal|p2a: Clefable|71\/100 par|[from] item: Leftovers\n|upkeep\n|turn|22\n|\n|t:|1700425342\n|move|p1a: Ribombee|Moonblast|p2a: Clefable\n|-damage|p2a: Clefable|34\/100 par\n|-unboost|p2a: Clefable|spa|1\n|move|p2a: Clefable|Moonlight|p2a: Clefable\n|-heal|p2a: Clefable|84\/100 par\n|\n|-heal|p2a: Clefable|90\/100 par|[from] item: Leftovers\n|upkeep\n|turn|23\n|\n|t:|1700425369\n|switch|p2a: LUH SKEL\u00cb|Skeledirge, F, shiny|100\/100\n|move|p1a: Ribombee|Moonblast|p2a: LUH SKEL\u00cb\n|-resisted|p2a: LUH SKEL\u00cb\n|-damage|p2a: LUH SKEL\u00cb|82\/100\n|\n|upkeep\n|turn|24\n|\n|t:|1700425376\n|switch|p2a: Clefable|Clefable, M|90\/100 par\n|-activate|p2a: Clefable|move: Sticky Web\n|-unboost|p2a: Clefable|spe|1\n|move|p1a: Ribombee|Stun Spore|p2a: Clefable\n|-fail|p2a: Clefable|par\n|\n|-heal|p2a: Clefable|96\/100 par|[from] item: Leftovers\n|upkeep\n|turn|25\n|\n|t:|1700425384\n|move|p1a: Ribombee|Moonblast|p2a: Clefable\n|-damage|p2a: Clefable|59\/100 par\n|-unboost|p2a: Clefable|spa|1\n|move|p2a: Clefable|Moonblast|p1a: Ribombee\n|-damage|p1a: Ribombee|0 fnt\n|faint|p1a: Ribombee\n|\n|-heal|p2a: Clefable|65\/100 par|[from] item: Leftovers\n|upkeep\n|inactive|CTLM&Shykimi has 210 seconds left.\n|inactive|CTLM&Shykimi has 180 seconds left.\n|\n|t:|1700425441\n|switch|p1a: Haxorus|Haxorus, F|100\/100\n|-damage|p1a: Haxorus|88\/100|[from] Stealth Rock\n|-ability|p1a: Haxorus|Mold Breaker\n|turn|26\n|inactive|CTLM&Shykimi has 150 seconds left.\n|\n|t:|1700425465\n|switch|p2a: Mandibuzz|Mandibuzz, F, shiny|100\/100\n|-terastallize|p1a: Haxorus|Steel\n|move|p1a: Haxorus|Iron Head|p2a: Mandibuzz\n|-damage|p2a: Mandibuzz|76\/100\n|\n|upkeep\n|turn|27\n|inactive|CTLM&Shykimi has 150 seconds left.\n|\n|t:|1700425502\n|switch|p1a: Great Tusk|Great Tusk|100\/100\n|-damage|p1a: Great Tusk|98\/100|[from] Stealth Rock\n|-enditem|p1a: Great Tusk|Booster Energy\n|-activate|p1a: Great Tusk|ability: Protosynthesis|[fromitem]\n|-start|p1a: Great Tusk|protosynthesisatk\n|move|p2a: Mandibuzz|Roost|p2a: Mandibuzz\n|-heal|p2a: Mandibuzz|100\/100\n|-singleturn|p2a: Mandibuzz|move: Roost\n|\n|upkeep\n|turn|28\n|inactive|imsocleannlol has 270 seconds left.\n|\n|t:|1700425540\n|switch|p2a: Clefable|Clefable, M|65\/100 par\n|-activate|p2a: Clefable|move: Sticky Web\n|-unboost|p2a: Clefable|spe|1\n|move|p1a: Great Tusk|Rapid Spin|p2a: Clefable\n|-damage|p2a: Clefable|46\/100 par\n|-boost|p1a: Great Tusk|spe|1\n|-sideend|p1: CTLM&Shykimi|Stealth Rock|[from] move: Rapid Spin|[of] p1a: Great Tusk\n|\n|-heal|p2a: Clefable|52\/100 par|[from] item: Leftovers\n|upkeep\n|turn|29\n|inactive|imsocleannlol has 270 seconds left.\n|\n|t:|1700425559\n|-end|p1a: Great Tusk|Protosynthesis|[silent]\n|switch|p1a: Gholdengo|Gholdengo|71\/100\n|move|p2a: Clefable|Moonblast|p1a: Gholdengo\n|-resisted|p1a: Gholdengo\n|-damage|p1a: Gholdengo|56\/100\n|\n|-heal|p2a: Clefable|58\/100 par|[from] item: Leftovers\n|upkeep\n|turn|30\n|inactive|imsocleannlol has 270 seconds left.\n|\n|t:|1700425573\n|move|p1a: Gholdengo|Recover|p1a: Gholdengo\n|-heal|p1a: Gholdengo|100\/100\n|move|p2a: Clefable|Stealth Rock|p1a: Gholdengo\n|-sidestart|p1: CTLM&Shykimi|move: Stealth Rock\n|\n|-heal|p2a: Clefable|64\/100 par|[from] item: Leftovers\n|upkeep\n|turn|31\n|inactive|imsocleannlol has 270 seconds left.\n|\n|t:|1700425610\n|switch|p1a: Hoopa|Hoopa-Unbound|100\/100\n|-damage|p1a: Hoopa|88\/100|[from] Stealth Rock\n|move|p2a: Clefable|Moonblast|p1a: Hoopa\n|-supereffective|p1a: Hoopa\n|-damage|p1a: Hoopa|32\/100\n|-unboost|p1a: Hoopa|spa|1\n|\n|-heal|p2a: Clefable|70\/100 par|[from] item: Leftovers\n|upkeep\n|turn|32\n|\n|t:|1700425625\n|switch|p2a: Mandibuzz|Mandibuzz, F, shiny|100\/100\n|move|p1a: Hoopa|Nasty Plot|p1a: Hoopa\n|-boost|p1a: Hoopa|spa|2\n|\n|upkeep\n|turn|33\n|inactive|imsocleannlol has 240 seconds left.\n|inactive|imsocleannlol has 210 seconds left.\n|\n|t:|1700425678\n|switch|p1a: Great Tusk|Great Tusk|98\/100\n|-damage|p1a: Great Tusk|95\/100|[from] Stealth Rock\n|switch|p2a: Clefable|Clefable, M|70\/100 par\n|-activate|p2a: Clefable|move: Sticky Web\n|-unboost|p2a: Clefable|spe|1\n|\n|-heal|p2a: Clefable|77\/100 par|[from] item: Leftovers\n|upkeep\n|turn|34\n|\n|t:|1700425685\n|move|p1a: Great Tusk|Rapid Spin|p2a: Clefable\n|-damage|p2a: Clefable|63\/100 par\n|-boost|p1a: Great Tusk|spe|1\n|-sideend|p1: CTLM&Shykimi|Stealth Rock|[from] move: Rapid Spin|[of] p1a: Great Tusk\n|cant|p2a: Clefable|par\n|\n|-heal|p2a: Clefable|69\/100 par|[from] item: Leftovers\n|upkeep\n|turn|35\n|\n|t:|1700425694\n|-end|p1a: Great Tusk|Protosynthesis|[silent]\n|switch|p1a: Gholdengo|Gholdengo|100\/100\n|cant|p2a: Clefable|par\n|\n|-heal|p2a: Clefable|75\/100 par|[from] item: Leftovers\n|upkeep\n|turn|36\n|\n|t:|1700425704\n|switch|p2a: Milotic|Milotic, F, shiny|100\/100\n|move|p1a: Gholdengo|Make It Rain|p2a: Milotic\n|-resisted|p2a: Milotic\n|-damage|p2a: Milotic|84\/100\n|-unboost|p1a: Gholdengo|spa|1\n|\n|upkeep\n|turn|37\n|inactive|CTLM&Shykimi has 150 seconds left.\n|\n|t:|1700425719\n|switch|p1a: Samurott|Samurott-Hisui, M|62\/100\n|move|p2a: Milotic|Scald|p1a: Samurott\n|-resisted|p1a: Samurott\n|-damage|p1a: Samurott|47\/100\n|\n|upkeep\n|turn|38\n|\n|t:|1700425737\n|switch|p2a: Mandibuzz|Mandibuzz, F, shiny|100\/100\n|move|p1a: Samurott|Ceaseless Edge|p2a: Mandibuzz\n|-resisted|p2a: Mandibuzz\n|-damage|p2a: Mandibuzz|88\/100\n|-sidestart|p2: imsocleannlol|Spikes\n|\n|upkeep\n|turn|39\n|\n|t:|1700425743\n|move|p1a: Samurott|Razor Shell|p2a: Mandibuzz\n|-damage|p2a: Mandibuzz|57\/100\n|-unboost|p2a: Mandibuzz|def|1\n|move|p2a: Mandibuzz|Knock Off|p1a: Samurott\n|-resisted|p1a: Samurott\n|-damage|p1a: Samurott|34\/100\n|-enditem|p1a: Samurott|Assault Vest|[from] move: Knock Off|[of] p2a: Mandibuzz\n|\n|upkeep\n|turn|40\n|\n|t:|1700425753\n|move|p1a: Samurott|Razor Shell|p2a: Mandibuzz\n|-damage|p2a: Mandibuzz|13\/100\n|move|p2a: Mandibuzz|Roost|p2a: Mandibuzz\n|-heal|p2a: Mandibuzz|63\/100\n|-singleturn|p2a: Mandibuzz|move: Roost\n|\n|upkeep\n|turn|41\n|\n|t:|1700425763\n|move|p1a: Samurott|Razor Shell|p2a: Mandibuzz\n|-damage|p2a: Mandibuzz|16\/100\n|-unboost|p2a: Mandibuzz|def|1\n|move|p2a: Mandibuzz|Roost|p2a: Mandibuzz\n|-heal|p2a: Mandibuzz|66\/100\n|-singleturn|p2a: Mandibuzz|move: Roost\n|\n|upkeep\n|turn|42\n|inactive|CTLM&Shykimi has 180 seconds left.\n|inactive|imsocleannlol has 240 seconds left.\n|\n|t:|1700425780\n|switch|p2a: Clefable|Clefable, M|75\/100 par\n|-activate|p2a: Clefable|move: Sticky Web\n|-unboost|p2a: Clefable|spe|1\n|move|p1a: Samurott|Razor Shell|p2a: Clefable\n|-damage|p2a: Clefable|34\/100 par\n|-unboost|p2a: Clefable|def|1\n|\n|-heal|p2a: Clefable|40\/100 par|[from] item: Leftovers\n|upkeep\n|turn|43\n|\n|t:|1700425793\n|move|p1a: Samurott|Razor Shell|p2a: Clefable\n|-damage|p2a: Clefable|0 fnt\n|faint|p2a: Clefable\n|\n|upkeep\n|\n|t:|1700425798\n|switch|p2a: Dragapult|Dragapult, M|100\/100\n|turn|44\n|\n|t:|1700425805\n|move|p2a: Dragapult|Will-O-Wisp|p1a: Samurott\n|-status|p1a: Samurott|brn\n|move|p1a: Samurott|Knock Off|p2a: Dragapult\n|-supereffective|p2a: Dragapult\n|-damage|p2a: Dragapult|29\/100\n|-enditem|p2a: Dragapult|Heavy-Duty Boots|[from] move: Knock Off|[of] p1a: Samurott\n|\n|-damage|p1a: Samurott|28\/100 brn|[from] brn\n|upkeep\n|turn|45\n|\n|t:|1700425809\n|move|p2a: Dragapult|Dragon Darts|p1a: Samurott\n|-damage|p1a: Samurott|0 fnt\n|faint|p1a: Samurott\n|\n|upkeep\n|\n|t:|1700425829\n|switch|p1a: Gholdengo|Gholdengo|100\/100\n|turn|46\n|\n|t:|1700425834\n|move|p2a: Dragapult|Hex|p1a: Gholdengo\n|-supereffective|p1a: Gholdengo\n|-damage|p1a: Gholdengo|44\/100\n|move|p1a: Gholdengo|Make It Rain|p2a: Dragapult\n|-damage|p2a: Dragapult|0 fnt\n|-unboost|p1a: Gholdengo|spa|1\n|faint|p2a: Dragapult\n|\n|upkeep\n|\n|t:|1700425842\n|switch|p2a: Mandibuzz|Mandibuzz, F, shiny|66\/100\n|turn|47\n|\n|t:|1700425848\n|move|p1a: Gholdengo|Make It Rain|p2a: Mandibuzz\n|-damage|p2a: Mandibuzz|28\/100\n|-unboost|p1a: Gholdengo|spa|1\n|move|p2a: Mandibuzz|Roost|p2a: Mandibuzz\n|-heal|p2a: Mandibuzz|78\/100\n|-singleturn|p2a: Mandibuzz|move: Roost\n|\n|upkeep\n|turn|48\n|inactive|CTLM&Shykimi has 210 seconds left.\n|\n|t:|1700425865\n|switch|p1a: Great Tusk|Great Tusk|95\/100\n|move|p2a: Mandibuzz|Roost|p2a: Mandibuzz\n|-heal|p2a: Mandibuzz|100\/100\n|-singleturn|p2a: Mandibuzz|move: Roost\n|\n|upkeep\n|turn|49\n|inactive|CTLM&Shykimi has 210 seconds left.\n|\n|t:|1700425880\n|move|p1a: Great Tusk|Ice Spinner|p2a: Mandibuzz\n|-supereffective|p2a: Mandibuzz\n|-damage|p2a: Mandibuzz|70\/100\n|move|p2a: Mandibuzz|Iron Defense|p2a: Mandibuzz\n|-boost|p2a: Mandibuzz|def|2\n|\n|upkeep\n|turn|50\n|\n|t:|1700425890\n|-end|p1a: Great Tusk|Protosynthesis|[silent]\n|switch|p1a: Gholdengo|Gholdengo|44\/100\n|move|p2a: Mandibuzz|Roost|p2a: Mandibuzz\n|-heal|p2a: Mandibuzz|100\/100\n|-singleturn|p2a: Mandibuzz|move: Roost\n|\n|upkeep\n|turn|51\n|inactive|imsocleannlol has 270 seconds left.\n|inactive|CTLM&Shykimi has 210 seconds left.\n|\n|t:|1700425919\n|move|p1a: Gholdengo|Make It Rain|p2a: Mandibuzz\n|-damage|p2a: Mandibuzz|44\/100\n|-unboost|p1a: Gholdengo|spa|1\n|move|p2a: Mandibuzz|Foul Play|p1a: Gholdengo\n|-supereffective|p1a: Gholdengo\n|-crit|p1a: Gholdengo\n|-damage|p1a: Gholdengo|2\/100\n|\n|upkeep\n|turn|52\n|\n|t:|1700425929\n|move|p1a: Gholdengo|Nasty Plot|p1a: Gholdengo\n|-boost|p1a: Gholdengo|spa|2\n|move|p2a: Mandibuzz|Roost|p2a: Mandibuzz\n|-heal|p2a: Mandibuzz|95\/100\n|-singleturn|p2a: Mandibuzz|move: Roost\n|\n|upkeep\n|turn|53\n|\n|t:|1700425931\n|switch|p2a: Milotic|Milotic, F, shiny|84\/100\n|move|p1a: Gholdengo|Make It Rain|p2a: Milotic\n|-resisted|p2a: Milotic\n|-damage|p2a: Milotic|59\/100\n|-unboost|p1a: Gholdengo|spa|1\n|\n|upkeep\n|turn|54\n|\n|t:|1700425945\n|move|p2a: Milotic|Scald|p1a: Gholdengo\n|-damage|p1a: Gholdengo|0 fnt\n|faint|p1a: Gholdengo\n|\n|upkeep\n|\n|t:|1700425950\n|switch|p1a: Haxorus|Haxorus, F, tera:Steel|88\/100\n|-ability|p1a: Haxorus|Mold Breaker\n|turn|55\n|\n|t:|1700425955\n|move|p1a: Haxorus|Swords Dance|p1a: Haxorus\n|-boost|p1a: Haxorus|atk|2\n|move|p2a: Milotic|Scald|p1a: Haxorus\n|-damage|p1a: Haxorus|48\/100\n|\n|upkeep\n|turn|56\n|\n|t:|1700425962\n|move|p1a: Haxorus|Scale Shot|p2a: Milotic\n|-damage|p2a: Milotic|31\/100\n|-damage|p2a: Milotic|0 fnt\n|faint|p2a: Milotic\n|-hitcount|p2: Milotic|2\n|-unboost|p1a: Haxorus|def|1\n|-boost|p1a: Haxorus|spe|1\n|\n|upkeep\n|\n|t:|1700425965\n|switch|p2a: LUH SKEL\u00cb|Skeledirge, F, shiny|82\/100\n|turn|57\n|\n|t:|1700425977\n|-terastallize|p2a: LUH SKEL\u00cb|Water\n|move|p1a: Haxorus|Scale Shot|p2a: LUH SKEL\u00cb\n|-damage|p2a: LUH SKEL\u00cb|62\/100\n|-damage|p2a: LUH SKEL\u00cb|41\/100\n|-damage|p2a: LUH SKEL\u00cb|22\/100\n|-damage|p2a: LUH SKEL\u00cb|3\/100\n|-damage|p2a: LUH SKEL\u00cb|0 fnt\n|faint|p2a: LUH SKEL\u00cb\n|-hitcount|p2: LUH SKEL\u00cb|5\n|-unboost|p1a: Haxorus|def|1\n|-boost|p1a: Haxorus|spe|1\n|\n|upkeep\n|inactive|imsocleannlol has 270 seconds left.\n|inactive|imsocleannlol has 240 seconds left.\n|\n|t:|1700426049\n|switch|p2a: Gliscor|Gliscor, F|100\/100\n|turn|58\n|\n|t:|1700426054\n|move|p1a: Haxorus|Scale Shot|p2a: Gliscor\n|-damage|p2a: Gliscor|78\/100\n|-damage|p2a: Gliscor|55\/100\n|-damage|p2a: Gliscor|31\/100\n|-damage|p2a: Gliscor|8\/100\n|-hitcount|p2a: Gliscor|4\n|-unboost|p1a: Haxorus|def|1\n|-boost|p1a: Haxorus|spe|1\n|move|p2a: Gliscor|Knock Off|p1a: Haxorus\n|-damage|p1a: Haxorus|0 fnt\n|-enditem|p1a: Haxorus|Loaded Dice|[from] move: Knock Off|[of] p2a: Gliscor\n|faint|p1a: Haxorus\n|\n|-status|p2a: Gliscor|tox|[from] item: Toxic Orb\n|upkeep\n|inactive|CTLM&Shykimi has 240 seconds left.\n|\n|t:|1700426093\n|switch|p1a: Hoopa|Hoopa-Unbound|32\/100\n|turn|59\n|\n|t:|1700426097\n|move|p1a: Hoopa|Dark Pulse|p2a: Gliscor\n|-damage|p2a: Gliscor|0 fnt\n|faint|p2a: Gliscor\n|-damage|p1a: Hoopa|22\/100|[from] item: Life Orb\n|\n|upkeep\n|\n|t:|1700426100\n|switch|p2a: Mandibuzz|Mandibuzz, F, shiny|95\/100\n|turn|60\n|\n|t:|1700426110\n|move|p1a: Hoopa|Nasty Plot|p1a: Hoopa\n|-boost|p1a: Hoopa|spa|2\n|move|p2a: Mandibuzz|Iron Defense|p2a: Mandibuzz\n|-boost|p2a: Mandibuzz|def|2\n|\n|upkeep\n|turn|61\n|inactive|imsocleannlol has 270 seconds left.\n|\n|t:|1700426124\n|move|p1a: Hoopa|Dark Pulse|p2a: Mandibuzz\n|-resisted|p2a: Mandibuzz\n|-damage|p2a: Mandibuzz|38\/100\n|-damage|p1a: Hoopa|12\/100|[from] item: Life Orb\n|move|p2a: Mandibuzz|Knock Off|p1a: Hoopa\n|-damage|p1a: Hoopa|0 fnt\n|-enditem|p1a: Hoopa|Life Orb|[from] move: Knock Off|[of] p2a: Mandibuzz\n|faint|p1a: Hoopa\n|\n|upkeep\n|\n|t:|1700426130\n|switch|p1a: Great Tusk|Great Tusk|95\/100\n|turn|62\n|\n|t:|1700426134\n|move|p1a: Great Tusk|Ice Spinner|p2a: Mandibuzz\n|-supereffective|p2a: Mandibuzz\n|-damage|p2a: Mandibuzz|21\/100\n|move|p2a: Mandibuzz|Roost|p2a: Mandibuzz\n|-heal|p2a: Mandibuzz|71\/100\n|-singleturn|p2a: Mandibuzz|move: Roost\n|\n|upkeep\n|turn|63\n|inactive|CTLM&Shykimi has 270 seconds left.\n|inactive|imsocleannlol has 270 seconds left.\n|inactive|imsocleannlol has 240 seconds left.\n|inactive|imsocleannlol has 210 seconds left.\n|\n|t:|1700426245\n|move|p1a: Great Tusk|Ice Spinner|p2a: Mandibuzz\n|-supereffective|p2a: Mandibuzz\n|-damage|p2a: Mandibuzz|55\/100\n|move|p2a: Mandibuzz|Foul Play|p1a: Great Tusk\n|-resisted|p1a: Great Tusk\n|-damage|p1a: Great Tusk|76\/100\n|\n|upkeep\n|turn|64\n|inactive|imsocleannlol has 180 seconds left.\n|inactive|imsocleannlol has 150 seconds left.\n|\n|t:|1700426305\n|move|p1a: Great Tusk|Ice Spinner|p2a: Mandibuzz\n|-supereffective|p2a: Mandibuzz\n|-damage|p2a: Mandibuzz|37\/100\n|move|p2a: Mandibuzz|Foul Play|p1a: Great Tusk\n|-resisted|p1a: Great Tusk\n|-damage|p1a: Great Tusk|58\/100\n|\n|upkeep\n|turn|65\n|\n|t:|1700426311\n|move|p1a: Great Tusk|Ice Spinner|p2a: Mandibuzz\n|-supereffective|p2a: Mandibuzz\n|-damage|p2a: Mandibuzz|22\/100\n|move|p2a: Mandibuzz|Foul Play|p1a: Great Tusk\n|-resisted|p1a: Great Tusk\n|-crit|p1a: Great Tusk\n|-damage|p1a: Great Tusk|33\/100\n|\n|upkeep\n|turn|66\n|\n|t:|1700426315\n|move|p1a: Great Tusk|Ice Spinner|p2a: Mandibuzz\n|-supereffective|p2a: Mandibuzz\n|-damage|p2a: Mandibuzz|7\/100\n|move|p2a: Mandibuzz|Foul Play|p1a: Great Tusk\n|-resisted|p1a: Great Tusk\n|-damage|p1a: Great Tusk|16\/100\n|\n|upkeep\n|turn|67\n|c|\u2606CTLM&Shykimi|gg\n|\n|t:|1700426325\n|move|p1a: Great Tusk|Ice Spinner|p2a: Mandibuzz\n|-supereffective|p2a: Mandibuzz\n|-damage|p2a: Mandibuzz|0 fnt\n|faint|p2a: Mandibuzz\n|\n|win|CTLM&Shykimi\n|c|\u2606imsocleannlol|gg\n","uploadtime":1700426333,"views":32,"p1id":"ctlmshykimi","p2id":"imsocleannlol","formatid":"gen9ubers","rating":0,"private":0,"password":""}