{"id":"gen9ubers-1975016081","p1":"24OJ","p2":"grenadee","format":"[Gen 9] Ubers","log":"|j|\u260624OJ\n|j|\u2606grenadee\n|t:|1698155142\n|gametype|singles\n|player|p1|24OJ|blaine|1040\n|player|p2|grenadee|psychic-gen4|1059\n|teamsize|p1|6\n|teamsize|p2|6\n|gen|9\n|tier|[Gen 9] Ubers\n|rated|\n|rule|Sleep Clause Mod: Limit one foe put to sleep\n|rule|Species Clause: Limit one of each Pok\u00e9mon\n|rule|OHKO Clause: OHKO moves are banned\n|rule|Evasion Items Clause: Evasion items are banned\n|rule|Evasion Moves Clause: Evasion moves are banned\n|rule|Endless Battle Clause: Forcing endless battles is banned\n|rule|HP Percentage Mod: HP is shown in percentages\n|clearpoke\n|poke|p1|Arceus|\n|poke|p1|Darkrai|\n|poke|p1|Groudon|\n|poke|p1|Dialga-Origin|\n|poke|p1|Palkia-Origin|\n|poke|p1|Rayquaza|\n|poke|p2|Grafaiai, F|\n|poke|p2|Quaquaval, F|\n|poke|p2|Spidops, M|\n|poke|p2|Orthworm, M|\n|poke|p2|Arceus|\n|poke|p2|Volbeat, M|\n|teampreview\n|inactive|Battle timer is ON: inactive players will automatically lose when time's up. (requested by 24OJ)\n|\n|t:|1698155151\n|start\n|switch|p1a: Arceus|Arceus|100\/100\n|switch|p2a: Volbeat|Volbeat, M|100\/100\n|turn|1\n|\n|t:|1698155159\n|move|p1a: Arceus|Extreme Speed|p2a: Volbeat\n|-damage|p2a: Volbeat|16\/100\n|move|p2a: Volbeat|Thunder Wave|p1a: Arceus\n|-status|p1a: Arceus|par\n|\n|upkeep\n|turn|2\n|\n|t:|1698155171\n|move|p1a: Arceus|Extreme Speed|p2a: Volbeat\n|-damage|p2a: Volbeat|0 fnt\n|faint|p2a: Volbeat\n|\n|upkeep\n|\n|t:|1698155178\n|switch|p2a: Spidops|Spidops, M|100\/100\n|turn|3\n|\n|t:|1698155185\n|move|p1a: Arceus|Swords Dance|p1a: Arceus\n|-boost|p1a: Arceus|atk|2\n|move|p2a: Spidops|Sticky Web|p1a: Arceus\n|-sidestart|p1: 24OJ|move: Sticky Web\n|\n|upkeep\n|turn|4\n|\n|t:|1698155191\n|move|p1a: Arceus|Extreme Speed|p2a: Spidops\n|-damage|p2a: Spidops|13\/100\n|move|p2a: Spidops|Circle Throw|p1a: Arceus\n|-supereffective|p1a: Arceus\n|-damage|p1a: Arceus|86\/100 par\n|drag|p1a: Dialga|Dialga-Origin, shiny|100\/100\n|-activate|p1a: Dialga|move: Sticky Web\n|-unboost|p1a: Dialga|spe|1\n|-ability|p1a: Dialga|Pressure\n|\n|upkeep\n|turn|5\n|\n|t:|1698155204\n|move|p1a: Dialga|Stealth Rock|p2a: Spidops\n|-sidestart|p2: grenadee|move: Stealth Rock\n|move|p2a: Spidops|Memento|p1a: Dialga\n|-unboost|p1a: Dialga|atk|2\n|-unboost|p1a: Dialga|spa|2\n|faint|p2a: Spidops\n|\n|upkeep\n|\n|t:|1698155210\n|switch|p2a: Orthworm|Orthworm, M|100\/100\n|-damage|p2a: Orthworm|94\/100|[from] Stealth Rock\n|turn|6\n|\n|t:|1698155214\n|switch|p1a: Arceus|Arceus|86\/100 par\n|-activate|p1a: Arceus|move: Sticky Web\n|-unboost|p1a: Arceus|spe|1\n|move|p2a: Orthworm|Shed Tail|p2a: Orthworm\n|-start|p2a: Orthworm|Substitute|[from] move: Shed Tail\n|-damage|p2a: Orthworm|44\/100\n|-enditem|p2a: Orthworm|Sitrus Berry|[eat]\n|-heal|p2a: Orthworm|69\/100|[from] item: Sitrus Berry\n|\n|t:|1698155230\n|switch|p2a: Quaquaval|Quaquaval, F|100\/100|[from] Shed Tail\n|-damage|p2a: Quaquaval|94\/100|[from] Stealth Rock\n|\n|upkeep\n|turn|7\n|inactive|24OJ has 120 seconds left.\n|\n|t:|1698155261\n|move|p1a: Arceus|Extreme Speed|p2a: Quaquaval\n|-end|p2a: Quaquaval|Substitute\n|move|p2a: Quaquaval|Aqua Step|p1a: Arceus\n|-damage|p1a: Arceus|58\/100 par\n|-boost|p2a: Quaquaval|spe|1\n|\n|upkeep\n|turn|8\n|\n|t:|1698155270\n|move|p1a: Arceus|Extreme Speed|p2a: Quaquaval\n|-damage|p2a: Quaquaval|31\/100\n|move|p2a: Quaquaval|Brick Break|p1a: Arceus\n|-supereffective|p1a: Arceus\n|-damage|p1a: Arceus|0 fnt\n|faint|p1a: Arceus\n|-ability|p2a: Quaquaval|Moxie|boost\n|-boost|p2a: Quaquaval|atk|1\n|\n|upkeep\n|inactive|24OJ has 120 seconds left.\n|\n|t:|1698155284\n|switch|p1a: Rayquaza|Rayquaza, shiny|100\/100\n|-ability|p1a: Rayquaza|Air Lock\n|turn|9\n|inactive|24OJ has 120 seconds left.\n|\n|t:|1698155295\n|move|p2a: Quaquaval|Ice Spinner|p1a: Rayquaza\n|-supereffective|p1a: Rayquaza\n|-damage|p1a: Rayquaza|0 fnt\n|faint|p1a: Rayquaza\n|-ability|p2a: Quaquaval|Moxie|boost\n|-boost|p2a: Quaquaval|atk|1\n|\n|upkeep\n|\n|t:|1698155298\n|switch|p1a: Darkrai|Darkrai, shiny|100\/100\n|-activate|p1a: Darkrai|move: Sticky Web\n|-unboost|p1a: Darkrai|spe|1\n|turn|10\n|\n|t:|1698155306\n|move|p2a: Quaquaval|Brick Break|p1a: Darkrai\n|-supereffective|p1a: Darkrai\n|-damage|p1a: Darkrai|0 fnt\n|faint|p1a: Darkrai\n|-ability|p2a: Quaquaval|Moxie|boost\n|-boost|p2a: Quaquaval|atk|1\n|\n|upkeep\n|\n|t:|1698155316\n|switch|p1a: Dialga|Dialga-Origin, shiny|100\/100\n|-activate|p1a: Dialga|move: Sticky Web\n|-unboost|p1a: Dialga|spe|1\n|-ability|p1a: Dialga|Pressure\n|turn|11\n|inactive|24OJ has 120 seconds left.\n|inactive|grenadee has 120 seconds left.\n|\n|t:|1698155367\n|move|p2a: Quaquaval|Brick Break|p1a: Dialga\n|-supereffective|p1a: Dialga\n|-damage|p1a: Dialga|0 fnt\n|faint|p1a: Dialga\n|-ability|p2a: Quaquaval|Moxie|boost\n|-boost|p2a: Quaquaval|atk|1\n|\n|upkeep\n|inactive|24OJ has 120 seconds left.\n|\n|t:|1698155374\n|switch|p1a: Palkia|Palkia-Origin|100\/100\n|-activate|p1a: Palkia|move: Sticky Web\n|-unboost|p1a: Palkia|spe|1\n|-ability|p1a: Palkia|Pressure\n|turn|12\n|\n|t:|1698155396\n|move|p2a: Quaquaval|Ice Spinner|p1a: Palkia\n|-damage|p1a: Palkia|15\/100\n|move|p1a: Palkia|Draco Meteor|p2a: Quaquaval\n|-damage|p2a: Quaquaval|0 fnt\n|-unboost|p1a: Palkia|spa|2\n|faint|p2a: Quaquaval\n|\n|upkeep\n|inactive|grenadee has 90 seconds left.\n|\n|t:|1698155409\n|switch|p2a: Grafaiai|Grafaiai, F|100\/100\n|-damage|p2a: Grafaiai|88\/100|[from] Stealth Rock\n|turn|13\n|\n|t:|1698155422\n|move|p2a: Grafaiai|Swagger|p1a: Palkia\n|-boost|p1a: Palkia|atk|2\n|-enditem|p2a: Grafaiai|Mirror Herb\n|-boost|p2a: Grafaiai|atk|2|[from] item: Mirror Herb\n|-start|p1a: Palkia|confusion\n|-activate|p1a: Palkia|confusion\n|move|p1a: Palkia|Draco Meteor|p2a: Grafaiai\n|-damage|p2a: Grafaiai|18\/100\n|-unboost|p1a: Palkia|spa|2\n|\n|upkeep\n|turn|14\n|\n|t:|1698155436\n|move|p2a: Grafaiai|Knock Off|p1a: Palkia\n|-damage|p1a: Palkia|0 fnt\n|faint|p1a: Palkia\n|\n|upkeep\n|\n|t:|1698155442\n|switch|p1a: Groudon|Groudon|100\/100\n|-activate|p1a: Groudon|move: Sticky Web\n|-unboost|p1a: Groudon|spe|1\n|-weather|SunnyDay|[from] ability: Drought|[of] p1a: Groudon\n|turn|15\n|\n|t:|1698155451\n|-terastallize|p2a: Grafaiai|Flying\n|move|p2a: Grafaiai|Acrobatics|p1a: Groudon\n|-damage|p1a: Groudon|54\/100\n|move|p1a: Groudon|Precipice Blades|p2a: Grafaiai\n|-immune|p2a: Grafaiai\n|\n|-weather|SunnyDay|[upkeep]\n|-heal|p1a: Groudon|60\/100|[from] item: Leftovers\n|upkeep\n|turn|16\n|-message|24OJ forfeited.\n|\n|win|grenadee\n|raw|24OJ's rating: 1040 &rarr; <strong>1025<\/strong><br \/>(-15 for losing)\n|raw|grenadee's rating: 1059 &rarr; <strong>1088<\/strong><br \/>(+29 for winning)\n|l|\u260624OJ\n","uploadtime":1698155526,"views":10,"p1id":"24oj","p2id":"grenadee","formatid":"gen9ubers","rating":1025,"private":0,"password":""}