{"id":"gen9ubers-1984080139","p1":"Bolero8008","p2":"Miles545","format":"[Gen 9] Ubers","log":"|j|\u2606Bolero8008\n|j|\u2606Miles545\n|t:|1699216626\n|gametype|singles\n|player|p1|Bolero8008|170|\n|player|p2|Miles545|sailor|\n|teamsize|p1|6\n|teamsize|p2|6\n|gen|9\n|tier|[Gen 9] Ubers\n|rule|Sleep Clause Mod: Limit one foe put to sleep\n|rule|Species Clause: Limit one of each Pok\u00e9mon\n|rule|OHKO Clause: OHKO moves are banned\n|rule|Evasion Items Clause: Evasion items are banned\n|rule|Evasion Moves Clause: Evasion moves are banned\n|rule|Endless Battle Clause: Forcing endless battles is banned\n|rule|HP Percentage Mod: HP is shown in percentages\n|clearpoke\n|poke|p1|Annihilape, F|\n|poke|p1|Corviknight, F|\n|poke|p1|Clodsire, M|\n|poke|p1|Hydreigon, F|\n|poke|p1|Sylveon, F|\n|poke|p1|Hoopa|\n|poke|p2|Iron Bundle|\n|poke|p2|Iron Moth|\n|poke|p2|Iron Hands|\n|poke|p2|Iron Jugulis|\n|poke|p2|Sandy Shocks|\n|poke|p2|Arcanine-Hisui, M|\n|teampreview\n|\n|t:|1699216672\n|start\n|switch|p1a: Pixie Dust|Sylveon, F, shiny|100\/100\n|switch|p2a: Badneton|Sandy Shocks|100\/100\n|-enditem|p2a: Badneton|Booster Energy\n|-activate|p2a: Badneton|ability: Protosynthesis|[fromitem]\n|-start|p2a: Badneton|protosynthesisspe\n|turn|1\n|\n|t:|1699216747\n|move|p2a: Badneton|Electric Terrain|p2a: Badneton\n|-fieldstart|move: Electric Terrain\n|move|p1a: Pixie Dust|Hyper Voice|p2a: Badneton\n|-damage|p2a: Badneton|50\/100\n|\n|upkeep\n|turn|2\n|\n|t:|1699216787\n|move|p2a: Badneton|Volt Switch|p1a: Pixie Dust\n|-damage|p1a: Pixie Dust|71\/100\n|\n|t:|1699216791\n|-end|p2a: Badneton|Protosynthesis|[silent]\n|switch|p2a: Bulkarona|Iron Moth|100\/100|[from] Volt Switch\n|-activate|p2a: Bulkarona|ability: Quark Drive\n|-start|p2a: Bulkarona|quarkdrivespa\n|move|p1a: Pixie Dust|Hyper Voice|p2a: Bulkarona\n|-resisted|p2a: Bulkarona\n|-damage|p2a: Bulkarona|93\/100\n|\n|-heal|p1a: Pixie Dust|77\/100|[from] item: Leftovers\n|upkeep\n|turn|3\n|\n|t:|1699216825\n|switch|p1a: Blob Fish|Clodsire, M|100\/100\n|move|p2a: Bulkarona|Sludge Wave|p1a: Blob Fish\n|-resisted|p1a: Blob Fish\n|-damage|p1a: Blob Fish|87\/100\n|\n|-heal|p1a: Blob Fish|93\/100|[from] item: Black Sludge\n|upkeep\n|turn|4\n|\n|t:|1699216846\n|-end|p2a: Bulkarona|Quark Drive|[silent]\n|switch|p2a: Delibot|Iron Bundle|100\/100\n|-activate|p2a: Delibot|ability: Quark Drive\n|-start|p2a: Delibot|quarkdrivespe\n|move|p1a: Blob Fish|Earthquake|p2a: Delibot\n|-damage|p2a: Delibot|68\/100\n|\n|-heal|p1a: Blob Fish|99\/100|[from] item: Black Sludge\n|upkeep\n|turn|5\n|\n|t:|1699216890\n|switch|p1a: Corvid-19|Corviknight, F|100\/100\n|-ability|p1a: Corvid-19|Pressure\n|move|p2a: Delibot|Freeze-Dry|p1a: Corvid-19\n|-damage|p1a: Corvid-19|66\/100\n|-status|p1a: Corvid-19|frz\n|\n|-fieldend|move: Electric Terrain\n|-end|p2a: Delibot|Quark Drive\n|upkeep\n|turn|6\n|\n|t:|1699216915\n|move|p2a: Delibot|Flip Turn|p1a: Corvid-19\n|-damage|p1a: Corvid-19|57\/100 frz\n|-damage|p2a: Delibot|52\/100|[from] item: Rocky Helmet|[of] p1a: Corvid-19\n|\n|t:|1699216926\n|-end|p2a: Delibot|Quark Drive|[silent]\n|switch|p2a: Badneton|Sandy Shocks|50\/100|[from] Flip Turn\n|cant|p1a: Corvid-19|frz\n|\n|upkeep\n|turn|7\n|\n|t:|1699216958\n|switch|p1a: Blob Fish|Clodsire, M|99\/100\n|move|p2a: Badneton|Thunderbolt|p1a: Blob Fish\n|-immune|p1a: Blob Fish\n|\n|-heal|p1a: Blob Fish|100\/100|[from] item: Black Sludge\n|upkeep\n|turn|8\n|\n|t:|1699217021\n|move|p2a: Badneton|Earth Power|p1a: Blob Fish\n|-supereffective|p1a: Blob Fish\n|-damage|p1a: Blob Fish|45\/100\n|move|p1a: Blob Fish|Stealth Rock|p2a: Badneton\n|-sidestart|p2: Miles545|move: Stealth Rock\n|\n|-heal|p1a: Blob Fish|51\/100|[from] item: Black Sludge\n|upkeep\n|turn|9\n|\n|t:|1699217118\n|switch|p1a: Green Goblin|Hydreigon, F, shiny|100\/100\n|move|p2a: Badneton|Earth Power|p1a: Green Goblin\n|-immune|p1a: Green Goblin|[from] ability: Levitate\n|\n|upkeep\n|turn|10\n|\n|t:|1699217171\n|move|p1a: Green Goblin|Draco Meteor|p2a: Badneton\n|-damage|p2a: Badneton|0 fnt\n|-unboost|p1a: Green Goblin|spa|2\n|faint|p2a: Badneton\n|-end|p2a: Badneton|Protosynthesis|[silent]\n|\n|upkeep\n|\n|t:|1699217222\n|switch|p2a: Hairy Yama|Iron Hands|100\/100\n|-damage|p2a: Hairy Yama|94\/100|[from] Stealth Rock\n|turn|11\n|\n|t:|1699217286\n|switch|p1a: Corvid-19|Corviknight, F|57\/100 frz\n|-ability|p1a: Corvid-19|Pressure\n|move|p2a: Hairy Yama|Drain Punch|p1a: Corvid-19\n|-damage|p1a: Corvid-19|26\/100 frz\n|-heal|p2a: Hairy Yama|100\/100|[from] drain|[of] p1a: Corvid-19\n|\n|upkeep\n|turn|12\n|\n|t:|1699217300\n|move|p2a: Hairy Yama|Thunder Punch|p1a: Corvid-19\n|-supereffective|p1a: Corvid-19\n|-damage|p1a: Corvid-19|0 fnt\n|faint|p1a: Corvid-19\n|\n|upkeep\n|\n|t:|1699217341\n|switch|p1a: Magic Man|Hoopa|100\/100\n|turn|13\n|\n|t:|1699217400\n|move|p1a: Magic Man|Psychic|p2a: Hairy Yama\n|-supereffective|p2a: Hairy Yama\n|-damage|p2a: Hairy Yama|0 fnt\n|faint|p2a: Hairy Yama\n|-end|p2a: Hairy Yama|Quark Drive|[silent]\n|\n|upkeep\n|\n|t:|1699217433\n|switch|p2a: Toby Rox|Arcanine-Hisui, M|100\/100\n|turn|14\n|\n|t:|1699217496\n|move|p1a: Magic Man|Psychic|p2a: Toby Rox\n|-damage|p2a: Toby Rox|35\/100\n|move|p2a: Toby Rox|Head Smash|p1a: Magic Man\n|-damage|p1a: Magic Man|0 fnt\n|faint|p1a: Magic Man\n|\n|upkeep\n|\n|t:|1699217507\n|switch|p1a: Grape Ape|Annihilape, F|100\/100\n|turn|15\n|\n|t:|1699217554\n|switch|p2a: Diedreigon|Iron Jugulis|100\/100\n|-damage|p2a: Diedreigon|76\/100|[from] Stealth Rock\n|move|p1a: Grape Ape|Drain Punch|p2a: Diedreigon\n|-damage|p2a: Diedreigon|42\/100\n|\n|upkeep\n|turn|16\n|\n|t:|1699217605\n|move|p2a: Diedreigon|Hurricane|p1a: Grape Ape\n|-supereffective|p1a: Grape Ape\n|-damage|p1a: Grape Ape|31\/100\n|move|p1a: Grape Ape|Drain Punch|p2a: Diedreigon\n|-damage|p2a: Diedreigon|9\/100\n|-heal|p1a: Grape Ape|44\/100|[from] drain|[of] p2a: Diedreigon\n|\n|-heal|p1a: Grape Ape|50\/100|[from] item: Leftovers\n|upkeep\n|turn|17\n|\n|t:|1699217625\n|switch|p1a: Blob Fish|Clodsire, M|51\/100\n|move|p2a: Diedreigon|Hurricane|p1a: Blob Fish\n|-damage|p1a: Blob Fish|16\/100\n|-start|p1a: Blob Fish|confusion\n|\n|-heal|p1a: Blob Fish|22\/100|[from] item: Black Sludge\n|upkeep\n|turn|18\n|\n|t:|1699217638\n|move|p2a: Diedreigon|Earth Power|p1a: Blob Fish\n|-supereffective|p1a: Blob Fish\n|-damage|p1a: Blob Fish|0 fnt\n|faint|p1a: Blob Fish\n|\n|upkeep\n|\n|t:|1699217647\n|switch|p1a: Green Goblin|Hydreigon, F, shiny|100\/100\n|turn|19\n|\n|t:|1699217702\n|move|p1a: Green Goblin|Dark Pulse|p2a: Diedreigon\n|-resisted|p2a: Diedreigon\n|-damage|p2a: Diedreigon|0 fnt\n|faint|p2a: Diedreigon\n|-end|p2a: Diedreigon|Quark Drive|[silent]\n|\n|upkeep\n|\n|t:|1699217712\n|switch|p2a: Delibot|Iron Bundle|52\/100\n|turn|20\n|\n|t:|1699217717\n|move|p1a: Green Goblin|Dark Pulse|p2a: Delibot\n|-damage|p2a: Delibot|0 fnt\n|faint|p2a: Delibot\n|-end|p2a: Delibot|Quark Drive|[silent]\n|\n|upkeep\n|\n|t:|1699217728\n|switch|p2a: Bulkarona|Iron Moth|93\/100\n|-damage|p2a: Bulkarona|68\/100|[from] Stealth Rock\n|turn|21\n|\n|t:|1699217741\n|move|p1a: Green Goblin|Dark Pulse|p2a: Bulkarona\n|-damage|p2a: Bulkarona|40\/100\n|move|p2a: Bulkarona|Dazzling Gleam|p1a: Green Goblin\n|-supereffective|p1a: Green Goblin\n|-damage|p1a: Green Goblin|0 fnt\n|faint|p1a: Green Goblin\n|\n|upkeep\n|\n|t:|1699217812\n|switch|p1a: Pixie Dust|Sylveon, F, shiny|77\/100\n|turn|22\n|\n|t:|1699217824\n|move|p2a: Bulkarona|Sludge Wave|p1a: Pixie Dust\n|-supereffective|p1a: Pixie Dust\n|-damage|p1a: Pixie Dust|0 fnt\n|faint|p1a: Pixie Dust\n|\n|upkeep\n|\n|t:|1699217829\n|switch|p1a: Grape Ape|Annihilape, F|50\/100\n|turn|23\n|\n|t:|1699217881\n|move|p2a: Bulkarona|Dazzling Gleam|p1a: Grape Ape\n|-supereffective|p1a: Grape Ape\n|-damage|p1a: Grape Ape|3\/100\n|move|p1a: Grape Ape|Rage Fist|p2a: Bulkarona\n|-damage|p2a: Bulkarona|0 fnt\n|faint|p2a: Bulkarona\n|-end|p2a: Bulkarona|Quark Drive|[silent]\n|\n|-heal|p1a: Grape Ape|9\/100|[from] item: Leftovers\n|upkeep\n|\n|t:|1699217889\n|switch|p2a: Toby Rox|Arcanine-Hisui, M|35\/100\n|turn|24\n|\n|t:|1699217922\n|move|p2a: Toby Rox|Flare Blitz|p1a: Grape Ape\n|-damage|p1a: Grape Ape|0 fnt\n|faint|p1a: Grape Ape\n|\n|win|Miles545\n|l|\u2606Bolero8008\n","uploadtime":1699217936,"views":24,"p1id":"bolero8008","p2id":"miles545","formatid":"gen9ubers","rating":0,"private":0,"password":""}