{"id":"gen9ubers-1969663419","p1":"Mattattac","p2":"Flashlava100","format":"[Gen 9] Ubers","log":"|j|\u2606Mattattac\n|j|\u2606Flashlava100\n|t:|1697555896\n|gametype|singles\n|player|p1|Mattattac|nate|\n|player|p2|Flashlava100|266|\n|teamsize|p1|6\n|teamsize|p2|6\n|gen|9\n|tier|[Gen 9] Ubers\n|rule|Sleep Clause Mod: Limit one foe put to sleep\n|rule|Species Clause: Limit one of each Pok\u00e9mon\n|rule|OHKO Clause: OHKO moves are banned\n|rule|Evasion Items Clause: Evasion items are banned\n|rule|Evasion Moves Clause: Evasion moves are banned\n|rule|Endless Battle Clause: Forcing endless battles is banned\n|rule|HP Percentage Mod: HP is shown in percentages\n|clearpoke\n|poke|p1|Flutter Mane|\n|poke|p1|Ursaluna-Bloodmoon, M|\n|poke|p1|Chien-Pao|\n|poke|p1|Iron Bundle|\n|poke|p1|Annihilape, M|\n|poke|p1|Kyogre|\n|poke|p2|Annihilape, M|\n|poke|p2|Ogerpon-Hearthflame, F|\n|poke|p2|Ursaluna-Bloodmoon, M|\n|poke|p2|Zacian-*|\n|poke|p2|Ting-Lu|\n|poke|p2|Clodsire, M|\n|teampreview\n|\n|t:|1697555900\n|start\n|switch|p1a: Kyogre|Kyogre|100\/100\n|switch|p2a: Clodsire|Clodsire, M|100\/100\n|-weather|RainDance|[from] ability: Drizzle|[of] p1a: Kyogre\n|turn|1\n|\n|t:|1697555912\n|move|p1a: Kyogre|Ice Beam|p2a: Clodsire\n|-supereffective|p2a: Clodsire\n|-damage|p2a: Clodsire|51\/100\n|move|p2a: Clodsire|Toxic Spikes|p1a: Kyogre\n|-sidestart|p1: Mattattac|move: Toxic Spikes\n|\n|-weather|RainDance|[upkeep]\n|upkeep\n|turn|2\n|\n|t:|1697555923\n|move|p1a: Kyogre|Ice Beam|p2a: Clodsire\n|-supereffective|p2a: Clodsire\n|-damage|p2a: Clodsire|3\/100\n|move|p2a: Clodsire|Stealth Rock|p1a: Kyogre\n|-sidestart|p1: Mattattac|move: Stealth Rock\n|\n|-weather|RainDance|[upkeep]\n|upkeep\n|turn|3\n|\n|t:|1697555935\n|switch|p2a: Zacian|Zacian-Crowned|100\/100\n|-ability|p2a: Zacian|Intrepid Sword|boost\n|-boost|p2a: Zacian|atk|1\n|move|p1a: Kyogre|Ice Beam|p2a: Zacian\n|-resisted|p2a: Zacian\n|-damage|p2a: Zacian|86\/100\n|\n|-weather|RainDance|[upkeep]\n|upkeep\n|turn|4\n|\n|t:|1697555939\n|move|p1a: Kyogre|Ice Beam|p2a: Zacian\n|-resisted|p2a: Zacian\n|-damage|p2a: Zacian|71\/100\n|move|p2a: Zacian|Swords Dance|p2a: Zacian\n|-boost|p2a: Zacian|atk|2\n|\n|-weather|RainDance|[upkeep]\n|upkeep\n|turn|5\n|\n|t:|1697555946\n|move|p1a: Kyogre|Ice Beam|p2a: Zacian\n|-resisted|p2a: Zacian\n|-damage|p2a: Zacian|55\/100\n|move|p2a: Zacian|Swords Dance|p2a: Zacian\n|-boost|p2a: Zacian|atk|2\n|\n|-weather|none\n|upkeep\n|turn|6\n|\n|t:|1697555950\n|move|p1a: Kyogre|Ice Beam|p2a: Zacian\n|-resisted|p2a: Zacian\n|-damage|p2a: Zacian|40\/100\n|move|p2a: Zacian|Behemoth Blade|p1a: Kyogre\n|-resisted|p1a: Kyogre\n|-damage|p1a: Kyogre|0 fnt\n|faint|p1a: Kyogre\n|\n|upkeep\n|\n|t:|1697555956\n|switch|p1a: Flutter Mane|Flutter Mane, shiny|100\/100\n|-status|p1a: Flutter Mane|psn\n|-damage|p1a: Flutter Mane|88\/100 psn|[from] Stealth Rock\n|turn|7\n|\n|t:|1697555961\n|-terastallize|p1a: Flutter Mane|Fire\n|move|p2a: Zacian|Behemoth Blade|p1a: Flutter Mane\n|-resisted|p1a: Flutter Mane\n|-damage|p1a: Flutter Mane|0 fnt\n|faint|p1a: Flutter Mane\n|-end|p1a: Flutter Mane|Protosynthesis|[silent]\n|\n|upkeep\n|\n|t:|1697555968\n|switch|p1a: Ursaluna|Ursaluna-Bloodmoon, M|100\/100\n|-status|p1a: Ursaluna|psn\n|-damage|p1a: Ursaluna|94\/100 psn|[from] Stealth Rock\n|turn|8\n|\n|t:|1697555972\n|move|p1a: Ursaluna|Vacuum Wave|p2a: Zacian\n|-damage|p2a: Zacian|24\/100\n|move|p2a: Zacian|Close Combat|p1a: Ursaluna\n|-supereffective|p1a: Ursaluna\n|-damage|p1a: Ursaluna|0 fnt\n|-unboost|p2a: Zacian|def|1\n|-unboost|p2a: Zacian|spd|1\n|faint|p1a: Ursaluna\n|\n|upkeep\n|\n|t:|1697555976\n|switch|p1a: Chien-Pao|Chien-Pao|100\/100\n|-status|p1a: Chien-Pao|psn\n|-damage|p1a: Chien-Pao|76\/100 psn|[from] Stealth Rock\n|-ability|p1a: Chien-Pao|Sword of Ruin\n|turn|9\n|\n|t:|1697555980\n|move|p1a: Chien-Pao|Sucker Punch|p2a: Zacian\n|-resisted|p2a: Zacian\n|-damage|p2a: Zacian|0 fnt\n|faint|p2a: Zacian\n|\n|-damage|p1a: Chien-Pao|63\/100 psn|[from] psn\n|upkeep\n|\n|t:|1697555985\n|switch|p2a: Ogerpon|Ogerpon-Hearthflame, F|100\/100\n|-ability|p2a: Ogerpon|Mold Breaker\n|turn|10\n|\n|t:|1697555989\n|move|p1a: Chien-Pao|Crunch|p2a: Ogerpon\n|-damage|p2a: Ogerpon|19\/100\n|move|p2a: Ogerpon|Ivy Cudgel|p1a: Chien-Pao\n|-supereffective|p1a: Chien-Pao\n|-damage|p1a: Chien-Pao|0 fnt\n|faint|p1a: Chien-Pao\n|\n|upkeep\n|\n|t:|1697555993\n|switch|p1a: Iron Bundle|Iron Bundle, shiny|100\/100\n|turn|11\n|\n|t:|1697556002\n|move|p1a: Iron Bundle|Freeze-Dry|p2a: Ogerpon\n|-damage|p2a: Ogerpon|0 fnt\n|faint|p2a: Ogerpon\n|\n|upkeep\n|\n|t:|1697556008\n|switch|p2a: Annihilape|Annihilape, M|100\/100\n|turn|12\n|\n|t:|1697556014\n|move|p1a: Iron Bundle|Taunt|p2a: Annihilape\n|-start|p2a: Annihilape|move: Taunt\n|move|p2a: Annihilape|Drain Punch|p1a: Iron Bundle\n|-supereffective|p1a: Iron Bundle\n|-damage|p1a: Iron Bundle|10\/100\n|\n|upkeep\n|turn|13\n|\n|t:|1697556017\n|move|p1a: Iron Bundle|Hydro Pump|p2a: Annihilape\n|-damage|p2a: Annihilape|48\/100\n|move|p2a: Annihilape|Drain Punch|p1a: Iron Bundle\n|-supereffective|p1a: Iron Bundle\n|-crit|p1a: Iron Bundle\n|-damage|p1a: Iron Bundle|0 fnt\n|-heal|p2a: Annihilape|52\/100|[from] drain|[of] p1a: Iron Bundle\n|faint|p1a: Iron Bundle\n|-end|p1a: Iron Bundle|Quark Drive|[silent]\n|\n|upkeep\n|\n|t:|1697556021\n|switch|p1a: Annihilape|Annihilape, M, shiny|100\/100\n|-status|p1a: Annihilape|psn\n|-damage|p1a: Annihilape|94\/100 psn|[from] Stealth Rock\n|turn|14\n|\n|t:|1697556025\n|move|p2a: Annihilape|Earthquake|p1a: Annihilape\n|-damage|p1a: Annihilape|62\/100 psn\n|move|p1a: Annihilape|Bulk Up|p1a: Annihilape\n|-boost|p1a: Annihilape|atk|1\n|-boost|p1a: Annihilape|def|1\n|\n|-heal|p1a: Annihilape|68\/100 psn|[from] item: Leftovers\n|-damage|p1a: Annihilape|55\/100 psn|[from] psn\n|-end|p2a: Annihilape|move: Taunt\n|upkeep\n|turn|15\n|\n|t:|1697556032\n|move|p2a: Annihilape|Earthquake|p1a: Annihilape\n|-damage|p1a: Annihilape|36\/100 psn\n|move|p1a: Annihilape|Rage Fist|p2a: Annihilape\n|-supereffective|p2a: Annihilape\n|-damage|p2a: Annihilape|0 fnt\n|faint|p2a: Annihilape\n|\n|-heal|p1a: Annihilape|42\/100 psn|[from] item: Leftovers\n|-damage|p1a: Annihilape|30\/100 psn|[from] psn\n|upkeep\n|\n|t:|1697556041\n|switch|p2a: Ursaluna|Ursaluna-Bloodmoon, M|100\/100\n|turn|16\n|\n|t:|1697556048\n|-terastallize|p2a: Ursaluna|Ground\n|move|p1a: Annihilape|Drain Punch|p2a: Ursaluna\n|-damage|p2a: Ursaluna|73\/100\n|-heal|p1a: Annihilape|44\/100 psn|[from] drain|[of] p2a: Ursaluna\n|move|p2a: Ursaluna|Blood Moon|p1a: Annihilape\n|-damage|p1a: Annihilape|0 fnt\n|faint|p1a: Annihilape\n|\n|win|Flashlava100\n","uploadtime":1697556057,"views":10,"p1id":"mattattac","p2id":"flashlava100","formatid":"gen9ubers","rating":0,"private":0,"password":""}