{"id":"gen9ubers-1982021313","p1":"TubeKnight","p2":"Dhdjdjd","format":"[Gen 9] Ubers","log":"|j|\u2606TubeKnight\n|j|\u2606Dhdjdjd\n|t:|1698960328\n|gametype|singles\n|player|p1|TubeKnight|veteran|\n|player|p2|Dhdjdjd|101|\n|teamsize|p1|6\n|teamsize|p2|6\n|gen|9\n|tier|[Gen 9] Ubers\n|rule|Sleep Clause Mod: Limit one foe put to sleep\n|rule|Species Clause: Limit one of each Pok\u00e9mon\n|rule|OHKO Clause: OHKO moves are banned\n|rule|Evasion Items Clause: Evasion items are banned\n|rule|Evasion Moves Clause: Evasion moves are banned\n|rule|Endless Battle Clause: Forcing endless battles is banned\n|rule|HP Percentage Mod: HP is shown in percentages\n|clearpoke\n|poke|p1|Torkoal, F|\n|poke|p1|Chi-Yu|\n|poke|p1|Walking Wake|\n|poke|p1|Lilligant-Hisui, F|\n|poke|p1|Giratina|\n|poke|p1|Zacian-*|\n|poke|p2|Palkia-Origin|\n|poke|p2|Pelipper, F|\n|poke|p2|Vikavolt, M|\n|poke|p2|Barraskewda, F|\n|poke|p2|Arceus-Poison|\n|poke|p2|Zapdos|\n|teampreview\n|c|\u2606TubeKnight|glhf\n|inactive|Battle timer is ON: inactive players will automatically lose when time's up. (requested by TubeKnight)\n|\n|t:|1698960337\n|start\n|switch|p1a: Ze Turtle|Torkoal, F, shiny|100\/100\n|switch|p2a: Vikavolt|Vikavolt, M|100\/100\n|-weather|SunnyDay|[from] ability: Drought|[of] p1a: Ze Turtle\n|turn|1\n|\n|t:|1698960347\n|move|p2a: Vikavolt|Sticky Web|p1a: Ze Turtle\n|-sidestart|p1: TubeKnight|move: Sticky Web\n|move|p1a: Ze Turtle|Yawn|p2a: Vikavolt\n|-start|p2a: Vikavolt|move: Yawn|[of] p1a: Ze Turtle\n|\n|-weather|SunnyDay|[upkeep]\n|upkeep\n|turn|2\n|\n|t:|1698960355\n|switch|p2a: Pelipper|Pelipper, F|100\/100\n|-weather|RainDance|[from] ability: Drizzle|[of] p2a: Pelipper\n|move|p1a: Ze Turtle|Rapid Spin|p2a: Pelipper\n|-damage|p2a: Pelipper|91\/100\n|-boost|p1a: Ze Turtle|spe|1\n|-sideend|p1: TubeKnight|Sticky Web|[from] move: Rapid Spin|[of] p1a: Ze Turtle\n|\n|-weather|RainDance|[upkeep]\n|upkeep\n|turn|3\n|\n|t:|1698960369\n|switch|p1a: Ze Extinct One|Walking Wake|100\/100\n|move|p2a: Pelipper|Weather Ball|p1a: Ze Extinct One\n|-resisted|p1a: Ze Extinct One\n|-damage|p1a: Ze Extinct One|80\/100\n|\n|-weather|RainDance|[upkeep]\n|upkeep\n|turn|4\n|\n|t:|1698960378\n|move|p1a: Ze Extinct One|Flip Turn|p2a: Pelipper\n|-resisted|p2a: Pelipper\n|-damage|p2a: Pelipper|79\/100\n|\n|t:|1698960381\n|-end|p1a: Ze Extinct One|Protosynthesis|[silent]\n|switch|p1a: Ze Turtle|Torkoal, F, shiny|100\/100|[from] Flip Turn\n|-weather|SunnyDay|[from] ability: Drought|[of] p1a: Ze Turtle\n|move|p2a: Pelipper|Hurricane|p1a: Ze Turtle|[miss]\n|-miss|p2a: Pelipper|p1a: Ze Turtle\n|\n|-weather|SunnyDay|[upkeep]\n|upkeep\n|turn|5\n|\n|t:|1698960393\n|switch|p1a: Ze Fleur|Lilligant-Hisui, F, shiny|100\/100\n|move|p2a: Pelipper|U-turn|p1a: Ze Fleur\n|-damage|p1a: Ze Fleur|88\/100\n|\n|t:|1698960403\n|switch|p2a: Zapdos|Zapdos|100\/100|[from] U-turn\n|\n|-weather|SunnyDay|[upkeep]\n|upkeep\n|turn|6\n|\n|t:|1698960413\n|switch|p2a: Pelipper|Pelipper, F|79\/100\n|-weather|RainDance|[from] ability: Drizzle|[of] p2a: Pelipper\n|move|p1a: Ze Fleur|Sleep Powder|p2a: Pelipper\n|-status|p2a: Pelipper|slp|[from] move: Sleep Powder\n|\n|-weather|RainDance|[upkeep]\n|upkeep\n|turn|7\n|\n|t:|1698960433\n|switch|p1a: Ze Turtle|Torkoal, F, shiny|100\/100\n|-weather|SunnyDay|[from] ability: Drought|[of] p1a: Ze Turtle\n|switch|p2a: Zapdos|Zapdos|100\/100\n|\n|-weather|SunnyDay|[upkeep]\n|upkeep\n|turn|8\n|\n|t:|1698960443\n|switch|p1a: Ze Extinct One|Walking Wake|80\/100\n|-activate|p1a: Ze Extinct One|ability: Protosynthesis\n|-start|p1a: Ze Extinct One|protosynthesisspe\n|move|p2a: Zapdos|U-turn|p1a: Ze Extinct One\n|-crit|p1a: Ze Extinct One\n|-damage|p1a: Ze Extinct One|49\/100\n|-damage|p2a: Zapdos|91\/100|[from] item: Life Orb\n|\n|t:|1698960455\n|switch|p2a: Pelipper|Pelipper, F|79\/100 slp|[from] U-turn\n|-weather|RainDance|[from] ability: Drizzle|[of] p2a: Pelipper\n|-end|p1a: Ze Extinct One|Protosynthesis\n|\n|-weather|RainDance|[upkeep]\n|upkeep\n|turn|9\n|\n|t:|1698960465\n|move|p1a: Ze Extinct One|Dragon Pulse|p2a: Pelipper\n|-damage|p2a: Pelipper|0 fnt\n|faint|p2a: Pelipper\n|\n|-weather|RainDance|[upkeep]\n|upkeep\n|inactive|Dhdjdjd has 270 seconds left.\n|\n|t:|1698960486\n|switch|p2a: Zapdos|Zapdos|91\/100\n|turn|10\n|inactive|Dhdjdjd has 270 seconds left.\n|\n|t:|1698960495\n|-end|p1a: Ze Extinct One|Protosynthesis|[silent]\n|switch|p1a: Ze Dark Destroyer|Giratina, shiny|100\/100\n|-ability|p1a: Ze Dark Destroyer|Pressure\n|move|p2a: Zapdos|Hurricane|p1a: Ze Dark Destroyer\n|-damage|p1a: Ze Dark Destroyer|69\/100\n|-damage|p2a: Zapdos|81\/100|[from] item: Life Orb\n|\n|-weather|RainDance|[upkeep]\n|upkeep\n|turn|11\n|inactive|Dhdjdjd has 270 seconds left.\n|\n|t:|1698960506\n|move|p2a: Zapdos|Hurricane|p1a: Ze Dark Destroyer\n|-damage|p1a: Ze Dark Destroyer|38\/100\n|-damage|p2a: Zapdos|71\/100|[from] item: Life Orb\n|move|p1a: Ze Dark Destroyer|Will-O-Wisp|p2a: Zapdos\n|-status|p2a: Zapdos|brn\n|\n|-weather|RainDance|[upkeep]\n|-damage|p2a: Zapdos|64\/100 brn|[from] brn\n|upkeep\n|turn|12\n|inactive|Dhdjdjd has 270 seconds left.\n|\n|t:|1698960517\n|switch|p1a: Ze Turtle|Torkoal, F, shiny|100\/100\n|-weather|SunnyDay|[from] ability: Drought|[of] p1a: Ze Turtle\n|move|p2a: Zapdos|Hurricane|p1a: Ze Turtle|[miss]\n|-miss|p2a: Zapdos|p1a: Ze Turtle\n|\n|-weather|SunnyDay|[upkeep]\n|-damage|p2a: Zapdos|58\/100 brn|[from] brn\n|upkeep\n|turn|13\n|inactive|Dhdjdjd has 270 seconds left.\n|\n|t:|1698960527\n|switch|p1a: Ze Extinct One|Walking Wake|49\/100\n|-activate|p1a: Ze Extinct One|ability: Protosynthesis\n|-start|p1a: Ze Extinct One|protosynthesisspe\n|move|p2a: Zapdos|Weather Ball|p1a: Ze Extinct One\n|-resisted|p1a: Ze Extinct One\n|-damage|p1a: Ze Extinct One|30\/100\n|-damage|p2a: Zapdos|48\/100 brn|[from] item: Life Orb\n|\n|-weather|SunnyDay|[upkeep]\n|-damage|p2a: Zapdos|42\/100 brn|[from] brn\n|upkeep\n|turn|14\n|inactive|Dhdjdjd has 270 seconds left.\n|\n|t:|1698960541\n|move|p1a: Ze Extinct One|Dragon Pulse|p2a: Zapdos\n|-damage|p2a: Zapdos|0 fnt\n|faint|p2a: Zapdos\n|\n|-weather|SunnyDay|[upkeep]\n|upkeep\n|inactive|Dhdjdjd has 270 seconds left.\n|\n|t:|1698960551\n|switch|p2a: Arceus|Arceus-Poison|100\/100\n|turn|15\n|inactive|Dhdjdjd has 270 seconds left.\n|\n|t:|1698960558\n|move|p1a: Ze Extinct One|Dragon Pulse|p2a: Arceus\n|-damage|p2a: Arceus|49\/100\n|move|p2a: Arceus|Judgment|p1a: Ze Extinct One\n|-crit|p1a: Ze Extinct One\n|-damage|p1a: Ze Extinct One|0 fnt\n|faint|p1a: Ze Extinct One\n|-end|p1a: Ze Extinct One|Protosynthesis|[silent]\n|\n|-weather|SunnyDay|[upkeep]\n|upkeep\n|\n|t:|1698960564\n|switch|p1a: Ze Feesh|Chi-Yu|100\/100\n|-ability|p1a: Ze Feesh|Beads of Ruin\n|turn|16\n|\n|t:|1698960574\n|switch|p2a: Palkia|Palkia-Origin|100\/100\n|-ability|p2a: Palkia|Pressure\n|move|p1a: Ze Feesh|Psychic|p2a: Palkia\n|-damage|p2a: Palkia|60\/100\n|\n|-weather|SunnyDay|[upkeep]\n|upkeep\n|turn|17\n|inactive|Dhdjdjd has 270 seconds left.\n|\n|t:|1698960607\n|switch|p1a: Ze Dog|Zacian, shiny|100\/100\n|-ability|p1a: Ze Dog|Intrepid Sword|boost\n|-boost|p1a: Ze Dog|atk|1\n|move|p2a: Palkia|Spacial Rend|p1a: Ze Dog\n|-immune|p1a: Ze Dog\n|\n|-weather|SunnyDay|[upkeep]\n|upkeep\n|turn|18\n|inactive|Dhdjdjd has 240 seconds left.\n|\n|t:|1698960639\n|switch|p2a: Vikavolt|Vikavolt, M|100\/100\n|move|p1a: Ze Dog|Play Rough|p2a: Vikavolt\n|-damage|p2a: Vikavolt|26\/100\n|\n|-weather|SunnyDay|[upkeep]\n|upkeep\n|turn|19\n|inactive|Dhdjdjd has 240 seconds left.\n|\n|t:|1698960664\n|move|p1a: Ze Dog|Psychic Fangs|p2a: Vikavolt\n|-damage|p2a: Vikavolt|0 fnt\n|faint|p2a: Vikavolt\n|\n|-weather|none\n|upkeep\n|inactive|Dhdjdjd has 210 seconds left.\n|\n|t:|1698960707\n|switch|p2a: Barraskewda|Barraskewda, F|100\/100\n|turn|20\n|\n|t:|1698960712\n|move|p1a: Ze Dog|Play Rough|p2a: Barraskewda\n|-damage|p2a: Barraskewda|0 fnt\n|faint|p2a: Barraskewda\n|\n|upkeep\n|inactive|Dhdjdjd has 180 seconds left.\n|l|\u2606Dhdjdjd\n|inactive|Dhdjdjd disconnected and has 300 seconds to reconnect!\n|player|p2|\n|j|\u2606Dhdjdjd\n|inactive|Dhdjdjd reconnected and has 165 seconds left.\n|player|p2|Dhdjdjd|101\n|-message|Dhdjdjd forfeited.\n|\n|win|TubeKnight\n|l|\u2606Dhdjdjd\n|c|\u2606TubeKnight|gg\n","uploadtime":1698960772,"views":22,"p1id":"tubeknight","p2id":"dhdjdjd","formatid":"gen9ubers","rating":0,"private":0,"password":""}