{"id":"gen9ubers-1995708337","p1":"RUMYMOME","p2":"jobey","format":"[Gen 9] Ubers","log":"|j|\u2606RUMYMOME\n|j|\u2606jobey\n|inactive|Battle timer is ON: inactive players will automatically lose when time's up.\n|t:|1700595824\n|gametype|singles\n|player|p1|RUMYMOME|marshal|\n|player|p2|jobey|102|\n|teamsize|p1|6\n|teamsize|p2|6\n|gen|9\n|tier|[Gen 9] Ubers\n|rated|Tournament battle\n|rule|Sleep Clause Mod: Limit one foe put to sleep\n|rule|Species Clause: Limit one of each Pok\u00e9mon\n|rule|OHKO Clause: OHKO moves are banned\n|rule|Evasion Items Clause: Evasion items are banned\n|rule|Evasion Moves Clause: Evasion moves are banned\n|rule|Endless Battle Clause: Forcing endless battles is banned\n|rule|HP Percentage Mod: HP is shown in percentages\n|rule|Inverse Mod: Weaknesses become resistances, while resistances and immunities become weaknesses.\n|clearpoke\n|poke|p1|Koraidon|\n|poke|p1|Miraidon|\n|poke|p1|Flutter Mane|\n|poke|p1|Arceus|\n|poke|p1|Chien-Pao|\n|poke|p1|Regieleki|\n|poke|p2|Iron Bundle|\n|poke|p2|Miraidon|\n|poke|p2|Great Tusk|\n|poke|p2|Flutter Mane|\n|poke|p2|Ting-Lu|\n|poke|p2|Palafin, F|\n|teampreview\n|j|*Lady Monita \u2746\n|\n|t:|1700595837\n|start\n|switch|p1a: Chien-Pao|Chien-Pao|100\/100\n|switch|p2a: Palafin|Palafin, F|100\/100\n|-ability|p1a: Chien-Pao|Sword of Ruin\n|turn|1\n|j| AtariAlex\n|c|\u2606RUMYMOME|Gl\n|\n|t:|1700595862\n|detailschange|p2a: Palafin|Palafin-Hero, F\n|switch|p2a: Ting-Lu|Ting-Lu|100\/100\n|-ability|p2a: Ting-Lu|Vessel of Ruin\n|move|p1a: Chien-Pao|Icicle Crash|p2a: Ting-Lu\n|-resisted|p2a: Ting-Lu\n|-damage|p2a: Ting-Lu|85\/100\n|\n|-heal|p2a: Ting-Lu|91\/100|[from] item: Leftovers\n|upkeep\n|turn|2\n|c|\u2606jobey|gl\n|\n|t:|1700595872\n|move|p1a: Chien-Pao|Crunch|p2a: Ting-Lu\n|-supereffective|p2a: Ting-Lu\n|-damage|p2a: Ting-Lu|36\/100\n|move|p2a: Ting-Lu|Ruination|p1a: Chien-Pao|[miss]\n|-miss|p2a: Ting-Lu|p1a: Chien-Pao\n|\n|-heal|p2a: Ting-Lu|42\/100|[from] item: Leftovers\n|upkeep\n|turn|3\n|\n|t:|1700595883\n|move|p1a: Chien-Pao|Crunch|p2a: Ting-Lu\n|-supereffective|p2a: Ting-Lu\n|-damage|p2a: Ting-Lu|0 fnt\n|faint|p2a: Ting-Lu\n|\n|upkeep\n|inactive|jobey has 120 seconds left.\n|\n|t:|1700595913\n|switch|p2a: Miraidon|Miraidon|100\/100\n|-fieldstart|move: Electric Terrain|[from] ability: Hadron Engine|[of] p2a: Miraidon\n|turn|4\n|inactive|jobey has 120 seconds left.\n|\n|t:|1700595926\n|move|p1a: Chien-Pao|Crunch|p2a: Miraidon\n|-damage|p2a: Miraidon|57\/100\n|move|p2a: Miraidon|Parabolic Charge|p1a: Chien-Pao\n|-enditem|p1a: Chien-Pao|Focus Sash\n|-damage|p1a: Chien-Pao|1\/100\n|-heal|p2a: Miraidon|97\/100|[from] drain|[of] p1a: Chien-Pao\n|\n|-heal|p2a: Miraidon|100\/100|[from] item: Leftovers\n|upkeep\n|turn|5\n|inactive|jobey has 120 seconds left.\n|\n|t:|1700595937\n|move|p1a: Chien-Pao|Sucker Punch|p2a: Miraidon\n|-damage|p2a: Miraidon|60\/100\n|move|p2a: Miraidon|Parabolic Charge|p1a: Chien-Pao\n|-damage|p1a: Chien-Pao|0 fnt\n|-heal|p2a: Miraidon|60\/100|[from] drain|[of] p1a: Chien-Pao\n|faint|p1a: Chien-Pao\n|\n|-heal|p2a: Miraidon|66\/100|[from] item: Leftovers\n|upkeep\n|\n|t:|1700595947\n|switch|p1a: Miraidon|Miraidon|100\/100\n|-activate|p1a: Miraidon|ability: Hadron Engine\n|turn|6\n|\n|t:|1700595958\n|move|p2a: Miraidon|Parabolic Charge|p1a: Miraidon\n|-supereffective|p1a: Miraidon\n|-enditem|p1a: Miraidon|Focus Sash\n|-damage|p1a: Miraidon|1\/100\n|-heal|p2a: Miraidon|100\/100|[from] drain|[of] p1a: Miraidon\n|move|p1a: Miraidon|Agility|p1a: Miraidon\n|-boost|p1a: Miraidon|spe|2\n|\n|upkeep\n|turn|7\n|\n|t:|1700595973\n|switch|p2a: Iron Bundle|Iron Bundle|100\/100\n|-activate|p2a: Iron Bundle|ability: Quark Drive\n|-start|p2a: Iron Bundle|quarkdrivespe\n|move|p1a: Miraidon|Parabolic Charge|p2a: Iron Bundle\n|-resisted|p2a: Iron Bundle\n|-damage|p2a: Iron Bundle|34\/100\n|-heal|p1a: Miraidon|25\/100|[from] drain|[of] p2a: Iron Bundle\n|\n|upkeep\n|turn|8\n|inactive|jobey has 120 seconds left.\n|\n|t:|1700595991\n|move|p1a: Miraidon|Dragon Pulse|p2a: Iron Bundle\n|-damage|p2a: Iron Bundle|0 fnt\n|faint|p2a: Iron Bundle\n|-end|p2a: Iron Bundle|Quark Drive|[silent]\n|\n|-fieldend|move: Electric Terrain\n|upkeep\n|inactive|jobey has 120 seconds left.\n|\n|t:|1700595999\n|switch|p2a: Palafin|Palafin-Hero, F|100\/100\n|-activate|p2a: Palafin|ability: Zero to Hero\n|turn|9\n|\n|t:|1700596005\n|move|p2a: Palafin|Jet Punch|p1a: Miraidon\n|-supereffective|p1a: Miraidon\n|-damage|p1a: Miraidon|0 fnt\n|faint|p1a: Miraidon\n|\n|upkeep\n|\n|t:|1700596032\n|switch|p1a: Arceus|Arceus|100\/100\n|turn|10\n|inactive|jobey has 120 seconds left.\n|\n|t:|1700596057\n|switch|p2a: Great Tusk|Great Tusk|100\/100\n|move|p1a: Arceus|Will-O-Wisp|p2a: Great Tusk\n|-status|p2a: Great Tusk|brn\n|\n|-damage|p2a: Great Tusk|94\/100 brn|[from] brn\n|upkeep\n|turn|11\n|inactive|jobey has 120 seconds left.\n|\n|t:|1700596067\n|move|p1a: Arceus|Swords Dance|p1a: Arceus\n|-boost|p1a: Arceus|atk|2\n|move|p2a: Great Tusk|Stealth Rock|p1a: Arceus\n|-sidestart|p1: RUMYMOME|move: Stealth Rock\n|\n|-damage|p2a: Great Tusk|88\/100 brn|[from] brn\n|upkeep\n|turn|12\n|inactive|jobey has 120 seconds left.\n|\n|t:|1700596077\n|move|p1a: Arceus|Swords Dance|p1a: Arceus\n|-boost|p1a: Arceus|atk|2\n|move|p2a: Great Tusk|Earthquake|p1a: Arceus\n|-damage|p1a: Arceus|84\/100\n|\n|-damage|p2a: Great Tusk|82\/100 brn|[from] brn\n|upkeep\n|turn|13\n|\n|t:|1700596084\n|move|p1a: Arceus|Swords Dance|p1a: Arceus\n|-boost|p1a: Arceus|atk|2\n|move|p2a: Great Tusk|Earthquake|p1a: Arceus\n|-damage|p1a: Arceus|67\/100\n|\n|-damage|p2a: Great Tusk|75\/100 brn|[from] brn\n|upkeep\n|turn|14\n|\n|t:|1700596092\n|-terastallize|p1a: Arceus|Normal\n|move|p1a: Arceus|Extreme Speed|p2a: Great Tusk\n|-damage|p2a: Great Tusk|0 fnt\n|-damage|p1a: Arceus|51\/100|[from] item: Rocky Helmet|[of] p2a: Great Tusk\n|faint|p2a: Great Tusk\n|-end|p2a: Great Tusk|Protosynthesis|[silent]\n|-damage|p1a: Arceus|41\/100|[from] item: Life Orb\n|\n|upkeep\n|\n|t:|1700596106\n|switch|p2a: Palafin|Palafin-Hero, F|100\/100\n|turn|15\n|\n|t:|1700596117\n|move|p1a: Arceus|Extreme Speed|p2a: Palafin\n|-damage|p2a: Palafin|0 fnt\n|faint|p2a: Palafin\n|-damage|p1a: Arceus|31\/100|[from] item: Life Orb\n|\n|upkeep\n|\n|t:|1700596130\n|switch|p2a: Miraidon|Miraidon|100\/100\n|-fieldstart|move: Electric Terrain|[from] ability: Hadron Engine|[of] p2a: Miraidon\n|turn|16\n|\n|t:|1700596136\n|move|p1a: Arceus|Extreme Speed|p2a: Miraidon\n|-damage|p2a: Miraidon|0 fnt\n|faint|p2a: Miraidon\n|-damage|p1a: Arceus|21\/100|[from] item: Life Orb\n|\n|upkeep\n|-message|jobey forfeited.\n|\n|win|RUMYMOME\n|n|\u2606RUMYMOME|rumymome\n|n|\u2606jobey|jobey\n|n|*Lady Monita \u2746|ladymonita\n|n| AtariAlex|atarialex\n","uploadtime":1700596142,"views":0,"p1id":"rumymome","p2id":"jobey","formatid":"gen9ubers","rating":0,"private":0,"password":""}