{"id":"gen9ubers-1998373858","p1":"CookieVKS","p2":"wowzersasdf","format":"[Gen 9] Ubers","log":"|j|\u2606CookieVKS\n|j|\u2606wowzersasdf\n|t:|1700935153\n|gametype|singles\n|player|p1|CookieVKS|102|1094\n|player|p2|wowzersasdf|266|1042\n|teamsize|p1|6\n|teamsize|p2|6\n|gen|9\n|tier|[Gen 9] Ubers\n|rated|\n|rule|Sleep Clause Mod: Limit one foe put to sleep\n|rule|Species Clause: Limit one of each Pok\u00e9mon\n|rule|OHKO Clause: OHKO moves are banned\n|rule|Evasion Items Clause: Evasion items are banned\n|rule|Evasion Moves Clause: Evasion moves are banned\n|rule|Endless Battle Clause: Forcing endless battles is banned\n|rule|HP Percentage Mod: HP is shown in percentages\n|clearpoke\n|poke|p1|Shaymin|\n|poke|p1|Miraidon|\n|poke|p1|Raichu-Alola, F|\n|poke|p1|Iron Hands|\n|poke|p1|Glimmora, F|\n|poke|p1|Palafin, M|\n|poke|p2|Dialga-Origin|\n|poke|p2|Baxcalibur, M|\n|poke|p2|Volcarona, F|\n|poke|p2|Shaymin-Sky|\n|poke|p2|Palafin, M|\n|poke|p2|Ogerpon-Hearthflame, F|\n|teampreview\n|inactive|Battle timer is ON: inactive players will automatically lose when time's up. (requested by wowzersasdf)\n|\n|t:|1700935164\n|start\n|switch|p1a: Glimmora|Glimmora, F, shiny|100\/100\n|switch|p2a: Palafin|Palafin, M, shiny|100\/100\n|turn|1\n|\n|t:|1700935169\n|move|p1a: Glimmora|Spiky Shield|p1a: Glimmora\n|-singleturn|p1a: Glimmora|move: Protect\n|move|p2a: Palafin|Flip Turn|p1a: Glimmora\n|-activate|p1a: Glimmora|move: Protect\n|-damage|p2a: Palafin|88\/100|[from] Spiky Shield|[of] p1a: Glimmora\n|\n|upkeep\n|turn|2\n|\n|t:|1700935186\n|move|p2a: Palafin|Flip Turn|p1a: Glimmora\n|-supereffective|p1a: Glimmora\n|-damage|p1a: Glimmora|47\/100\n|-activate|p1a: Glimmora|ability: Toxic Debris\n|-sidestart|p2: wowzersasdf|move: Toxic Spikes\n|\n|t:|1700935202\n|detailschange|p2a: Palafin|Palafin-Hero, M, shiny\n|switch|p2a: Dialga|Dialga-Origin, shiny|100\/100|[from] Flip Turn\n|-ability|p2a: Dialga|Pressure\n|move|p1a: Glimmora|Stealth Rock|p2a: Dialga\n|-sidestart|p2: wowzersasdf|move: Stealth Rock\n|\n|-heal|p1a: Glimmora|53\/100|[from] item: Black Sludge\n|upkeep\n|turn|3\n|\n|t:|1700935212\n|move|p1a: Glimmora|Spiky Shield|p1a: Glimmora\n|-singleturn|p1a: Glimmora|move: Protect\n|move|p2a: Dialga|Flash Cannon|p1a: Glimmora\n|-activate|p1a: Glimmora|move: Protect\n|\n|-heal|p1a: Glimmora|59\/100|[from] item: Black Sludge\n|upkeep\n|turn|4\n|inactive|CookieVKS has 120 seconds left.\n|\n|t:|1700935243\n|switch|p1a: Miraidon|Miraidon|100\/100\n|-fieldstart|move: Electric Terrain|[from] ability: Hadron Engine|[of] p1a: Miraidon\n|move|p2a: Dialga|Flash Cannon|p1a: Miraidon\n|-resisted|p1a: Miraidon\n|-damage|p1a: Miraidon|79\/100\n|\n|upkeep\n|turn|5\n|\n|t:|1700935254\n|-terastallize|p2a: Dialga|Steel\n|move|p1a: Miraidon|Draco Meteor|p2a: Dialga\n|-resisted|p2a: Dialga\n|-damage|p2a: Dialga|70\/100\n|-unboost|p1a: Miraidon|spa|2\n|move|p2a: Dialga|Dragon Pulse|p1a: Miraidon\n|-supereffective|p1a: Miraidon\n|-damage|p1a: Miraidon|0 fnt\n|faint|p1a: Miraidon\n|\n|upkeep\n|inactive|CookieVKS has 120 seconds left.\n|\n|t:|1700935267\n|switch|p1a: Raichu|Raichu-Alola, F, shiny|100\/100\n|turn|6\n|\n|t:|1700935275\n|move|p1a: Raichu|Volt Switch|p2a: Dialga\n|-damage|p2a: Dialga|36\/100\n|\n|t:|1700935280\n|switch|p1a: Iron Hands|Iron Hands, shiny|100\/100|[from] Volt Switch\n|-activate|p1a: Iron Hands|ability: Quark Drive\n|-start|p1a: Iron Hands|quarkdriveatk\n|move|p2a: Dialga|Earth Power|p1a: Iron Hands\n|-supereffective|p1a: Iron Hands\n|-damage|p1a: Iron Hands|66\/100\n|\n|upkeep\n|turn|7\n|inactive|CookieVKS has 120 seconds left.\n|\n|t:|1700935298\n|move|p2a: Dialga|Earth Power|p1a: Iron Hands\n|-supereffective|p1a: Iron Hands\n|-damage|p1a: Iron Hands|36\/100\n|move|p1a: Iron Hands|Drain Punch|p2a: Dialga\n|-supereffective|p2a: Dialga\n|-damage|p2a: Dialga|0 fnt\n|-heal|p1a: Iron Hands|50\/100|[from] drain|[of] p2a: Dialga\n|faint|p2a: Dialga\n|\n|upkeep\n|\n|t:|1700935308\n|switch|p2a: Volcarona|Volcarona, F, shiny|100\/100\n|turn|8\n|\n|t:|1700935315\n|move|p2a: Volcarona|Air Slash|p1a: Iron Hands\n|-damage|p1a: Iron Hands|34\/100\n|move|p1a: Iron Hands|Earthquake|p2a: Volcarona\n|-damage|p2a: Volcarona|43\/100\n|\n|-fieldend|move: Electric Terrain\n|-end|p1a: Iron Hands|Quark Drive\n|upkeep\n|turn|9\n|\n|t:|1700935321\n|move|p2a: Volcarona|Air Slash|p1a: Iron Hands\n|-crit|p1a: Iron Hands\n|-damage|p1a: Iron Hands|13\/100\n|cant|p1a: Iron Hands|flinch\n|\n|upkeep\n|turn|10\n|\n|t:|1700935330\n|move|p2a: Volcarona|Fiery Dance|p1a: Iron Hands\n|-damage|p1a: Iron Hands|0 fnt\n|faint|p1a: Iron Hands\n|-end|p1a: Iron Hands|Quark Drive|[silent]\n|\n|upkeep\n|\n|t:|1700935340\n|switch|p1a: Palafin|Palafin, M|100\/100\n|turn|11\n|\n|t:|1700935349\n|move|p1a: Palafin|Flip Turn|p2a: Volcarona\n|-supereffective|p2a: Volcarona\n|-damage|p2a: Volcarona|0 fnt\n|faint|p2a: Volcarona\n|\n|t:|1700935359\n|detailschange|p1a: Palafin|Palafin-Hero, M\n|switch|p1a: Glimmora|Glimmora, F, shiny|59\/100|[from] Flip Turn\n|\n|-heal|p1a: Glimmora|66\/100|[from] item: Black Sludge\n|upkeep\n|\n|t:|1700935363\n|switch|p2a: Shaymin|Shaymin-Sky, shiny|100\/100\n|-damage|p2a: Shaymin|76\/100|[from] Stealth Rock\n|turn|12\n|\n|t:|1700935374\n|move|p1a: Glimmora|Spiky Shield|p1a: Glimmora\n|-singleturn|p1a: Glimmora|move: Protect\n|move|p2a: Shaymin|Air Slash|p1a: Glimmora\n|-activate|p1a: Glimmora|move: Protect\n|\n|-heal|p1a: Glimmora|72\/100|[from] item: Black Sludge\n|upkeep\n|turn|13\n|\n|t:|1700935380\n|move|p2a: Shaymin|Air Slash|p1a: Glimmora\n|-resisted|p1a: Glimmora\n|-damage|p1a: Glimmora|57\/100\n|cant|p1a: Glimmora|flinch\n|\n|-heal|p1a: Glimmora|63\/100|[from] item: Black Sludge\n|upkeep\n|turn|14\n|\n|t:|1700935388\n|move|p1a: Glimmora|Spiky Shield|p1a: Glimmora\n|-singleturn|p1a: Glimmora|move: Protect\n|move|p2a: Shaymin|Air Slash|p1a: Glimmora\n|-activate|p1a: Glimmora|move: Protect\n|\n|-heal|p1a: Glimmora|69\/100|[from] item: Black Sludge\n|upkeep\n|turn|15\n|\n|t:|1700935395\n|move|p2a: Shaymin|Air Slash|p1a: Glimmora\n|-resisted|p1a: Glimmora\n|-damage|p1a: Glimmora|52\/100\n|move|p1a: Glimmora|Mortal Spin|p2a: Shaymin\n|-supereffective|p2a: Shaymin\n|-damage|p2a: Shaymin|61\/100\n|-status|p2a: Shaymin|psn\n|\n|-heal|p1a: Glimmora|58\/100|[from] item: Black Sludge\n|-damage|p2a: Shaymin|49\/100 psn|[from] psn\n|upkeep\n|turn|16\n|-message|wowzersasdf forfeited.\n|\n|win|CookieVKS\n|raw|CookieVKS's rating: 1094 &rarr; <strong>1116<\/strong><br \/>(+22 for winning)\n|raw|wowzersasdf's rating: 1042 &rarr; <strong>1028<\/strong><br \/>(-14 for losing)\n|l|\u2606wowzersasdf\n","uploadtime":1700935411,"views":0,"p1id":"cookievks","p2id":"wowzersasdf","formatid":"gen9ubers","rating":1028,"private":0,"password":""}