{"id":"gen9ubers-1985919850","p1":"Nagaina040501","p2":"RiddleDog","format":"[Gen 9] Ubers","log":"|j|\u2606Nagaina040501\n|j|\u2606RiddleDog\n|t:|1699422800\n|gametype|singles\n|player|p1|Nagaina040501|sailor|\n|player|p2|RiddleDog|dawn-gen4pt|\n|teamsize|p1|6\n|teamsize|p2|6\n|gen|9\n|tier|[Gen 9] Ubers\n|rule|Sleep Clause Mod: Limit one foe put to sleep\n|rule|Species Clause: Limit one of each Pok\u00e9mon\n|rule|OHKO Clause: OHKO moves are banned\n|rule|Evasion Items Clause: Evasion items are banned\n|rule|Evasion Moves Clause: Evasion moves are banned\n|rule|Endless Battle Clause: Forcing endless battles is banned\n|rule|HP Percentage Mod: HP is shown in percentages\n|clearpoke\n|poke|p1|Palafin, M|\n|poke|p1|Greninja-*, M|\n|poke|p1|Pelipper, F|\n|poke|p1|Zapdos|\n|poke|p1|Basculegion, M|\n|poke|p1|Toxapex, F|\n|poke|p2|Chi-Yu|\n|poke|p2|Meowscarada, F|\n|poke|p2|Iron Treads|\n|poke|p2|Zoroark-Hisui, M|\n|poke|p2|Vaporeon, F|\n|poke|p2|Appletun, M|\n|teampreview\n|j| rustygoomba\n|\n|t:|1699422841\n|start\n|switch|p1a: Greninja|Greninja, M|100\/100\n|switch|p2a: Ralph|Iron Treads|100\/100\n|-enditem|p2a: Ralph|Booster Energy\n|-activate|p2a: Ralph|ability: Quark Drive|[fromitem]\n|-start|p2a: Ralph|quarkdrivespe\n|turn|1\n|\n|t:|1699422872\n|-end|p2a: Ralph|Quark Drive|[silent]\n|switch|p2a: cat|Vaporeon, F|100\/100\n|switch|p1a: Pepper|Pelipper, F|100\/100\n|-weather|RainDance|[from] ability: Drizzle|[of] p1a: Pepper\n|\n|-weather|RainDance|[upkeep]\n|upkeep\n|turn|2\n|j| RektCactus\n|l| RektCactus\n|j| RektCactus\n|\n|t:|1699422911\n|switch|p1a: Real Gone|Zapdos|100\/100\n|move|p2a: cat|Blizzard|p1a: Real Gone\n|-supereffective|p1a: Real Gone\n|-damage|p1a: Real Gone|33\/100\n|\n|-weather|RainDance|[upkeep]\n|upkeep\n|turn|3\n|\n|t:|1699422929\n|move|p1a: Real Gone|Hurricane|p2a: cat\n|-damage|p2a: cat|49\/100\n|move|p2a: cat|Scald|p1a: Real Gone\n|-damage|p1a: Real Gone|0 fnt\n|faint|p1a: Real Gone\n|\n|-weather|RainDance|[upkeep]\n|upkeep\n|\n|t:|1699422952\n|switch|p1a: Feeeeeesh|Palafin, M|100\/100\n|turn|4\n|\n|t:|1699422956\n|move|p1a: Feeeeeesh|Wave Crash|p2a: cat\n|-heal|p2a: cat|74\/100|[from] ability: Water Absorb|[of] p1a: Feeeeeesh\n|move|p2a: cat|Wish|p2a: cat\n|\n|-weather|RainDance|[upkeep]\n|upkeep\n|turn|5\n|\n|t:|1699422967\n|detailschange|p1a: Feeeeeesh|Palafin-Hero, M\n|switch|p1a: Greninja|Greninja, M|100\/100\n|move|p2a: cat|Scald|p1a: Greninja\n|-resisted|p1a: Greninja\n|-damage|p1a: Greninja|64\/100\n|\n|-weather|RainDance|[upkeep]\n|-heal|p2a: cat|100\/100|[from] move: Wish|[wisher] cat\n|upkeep\n|turn|6\n|\n|t:|1699422977\n|move|p1a: Greninja|Dark Pulse|p2a: cat\n|-damage|p2a: cat|67\/100\n|-damage|p1a: Greninja|54\/100|[from] item: Life Orb\n|move|p2a: cat|Scald|p1a: Greninja\n|-resisted|p1a: Greninja\n|-damage|p1a: Greninja|19\/100\n|\n|-weather|RainDance|[upkeep]\n|upkeep\n|turn|7\n|\n|t:|1699422990\n|move|p1a: Greninja|Dark Pulse|p2a: cat\n|-damage|p2a: cat|36\/100\n|-damage|p1a: Greninja|10\/100|[from] item: Life Orb\n|move|p2a: cat|Scald|p1a: Greninja\n|-resisted|p1a: Greninja\n|-damage|p1a: Greninja|0 fnt\n|faint|p1a: Greninja\n|\n|-weather|RainDance|[upkeep]\n|upkeep\n|\n|t:|1699423000\n|switch|p1a: Basculegion|Basculegion, M|100\/100\n|turn|8\n|\n|t:|1699423011\n|switch|p2a: Honeycrisp|Appletun, M|100\/100\n|move|p1a: Basculegion|Ice Fang|p2a: Honeycrisp\n|-supereffective|p2a: Honeycrisp\n|-damage|p2a: Honeycrisp|66\/100\n|\n|-weather|none\n|-heal|p2a: Honeycrisp|73\/100|[from] item: Leftovers\n|upkeep\n|turn|9\n|\n|t:|1699423019\n|switch|p1a: Pepper|Pelipper, F|100\/100\n|-weather|RainDance|[from] ability: Drizzle|[of] p1a: Pepper\n|move|p2a: Honeycrisp|Apple Acid|p1a: Pepper\n|-damage|p1a: Pepper|60\/100\n|-unboost|p1a: Pepper|spd|1\n|\n|-weather|RainDance|[upkeep]\n|-heal|p2a: Honeycrisp|79\/100|[from] item: Leftovers\n|upkeep\n|turn|10\n|\n|t:|1699423038\n|switch|p1a: Julie|Toxapex, F|100\/100\n|move|p2a: Honeycrisp|Draco Meteor|p1a: Julie\n|-damage|p1a: Julie|63\/100\n|-unboost|p2a: Honeycrisp|spa|2\n|\n|-weather|RainDance|[upkeep]\n|-heal|p1a: Julie|69\/100|[from] item: Black Sludge\n|-heal|p2a: Honeycrisp|85\/100|[from] item: Leftovers\n|upkeep\n|turn|11\n|\n|t:|1699423056\n|switch|p2a: Matthew|Chi-Yu|100\/100\n|move|p1a: Julie|Toxic Spikes|p2a: Matthew\n|-sidestart|p2: RiddleDog|move: Toxic Spikes\n|\n|-weather|RainDance|[upkeep]\n|-heal|p1a: Julie|75\/100|[from] item: Black Sludge\n|upkeep\n|turn|12\n|\n|t:|1699423065\n|move|p2a: Matthew|Psychic|p1a: Julie\n|-supereffective|p1a: Julie\n|-damage|p1a: Julie|23\/100\n|move|p1a: Julie|Chilling Water|p2a: Matthew\n|-damage|p2a: Matthew|67\/100\n|-unboost|p2a: Matthew|atk|1\n|replace|p2a: Henri|Zoroark-Hisui, M\n|-end|p2a: Henri|Illusion\n|\n|-weather|RainDance|[upkeep]\n|-heal|p1a: Julie|29\/100|[from] item: Black Sludge\n|upkeep\n|turn|13\n|\n|t:|1699423084\n|switch|p1a: Feeeeeesh|Palafin-Hero, M|100\/100\n|-activate|p1a: Feeeeeesh|ability: Zero to Hero\n|move|p2a: Henri|Shadow Ball|p1a: Feeeeeesh\n|-damage|p1a: Feeeeeesh|54\/100\n|\n|-weather|RainDance|[upkeep]\n|upkeep\n|turn|14\n|\n|t:|1699423093\n|move|p1a: Feeeeeesh|Jet Punch|p2a: Henri\n|-damage|p2a: Henri|0 fnt\n|faint|p2a: Henri\n|\n|-weather|RainDance|[upkeep]\n|upkeep\n|\n|t:|1699423105\n|switch|p2a: Honeycrisp|Appletun, M|85\/100\n|-status|p2a: Honeycrisp|psn\n|turn|15\n|\n|t:|1699423114\n|switch|p1a: Julie|Toxapex, F|62\/100\n|move|p2a: Honeycrisp|Apple Acid|p1a: Julie\n|-crit|p1a: Julie\n|-damage|p1a: Julie|25\/100\n|-unboost|p1a: Julie|spd|1\n|\n|-weather|RainDance|[upkeep]\n|-heal|p1a: Julie|31\/100|[from] item: Black Sludge\n|-heal|p2a: Honeycrisp|91\/100 psn|[from] item: Leftovers\n|-damage|p2a: Honeycrisp|79\/100 psn|[from] psn\n|upkeep\n|turn|16\n|\n|t:|1699423128\n|move|p1a: Julie|Recover|p1a: Julie\n|-heal|p1a: Julie|81\/100\n|move|p2a: Honeycrisp|Apple Acid|p1a: Julie\n|-damage|p1a: Julie|45\/100\n|-unboost|p1a: Julie|spd|1\n|\n|-weather|none\n|-heal|p1a: Julie|51\/100|[from] item: Black Sludge\n|-heal|p2a: Honeycrisp|85\/100 psn|[from] item: Leftovers\n|-damage|p2a: Honeycrisp|73\/100 psn|[from] psn\n|upkeep\n|turn|17\n|\n|t:|1699423138\n|move|p1a: Julie|Recover|p1a: Julie\n|-heal|p1a: Julie|100\/100\n|move|p2a: Honeycrisp|Draco Meteor|p1a: Julie\n|-damage|p1a: Julie|27\/100\n|-unboost|p2a: Honeycrisp|spa|2\n|\n|-heal|p1a: Julie|34\/100|[from] item: Black Sludge\n|-heal|p2a: Honeycrisp|79\/100 psn|[from] item: Leftovers\n|-damage|p2a: Honeycrisp|66\/100 psn|[from] psn\n|upkeep\n|turn|18\n|\n|t:|1699423149\n|move|p1a: Julie|Recover|p1a: Julie\n|-heal|p1a: Julie|84\/100\n|move|p2a: Honeycrisp|Draco Meteor|p1a: Julie\n|-damage|p1a: Julie|47\/100\n|-unboost|p2a: Honeycrisp|spa|2\n|\n|-heal|p1a: Julie|53\/100|[from] item: Black Sludge\n|-heal|p2a: Honeycrisp|73\/100 psn|[from] item: Leftovers\n|-damage|p2a: Honeycrisp|60\/100 psn|[from] psn\n|upkeep\n|turn|19\n|\n|t:|1699423159\n|move|p1a: Julie|Recover|p1a: Julie\n|-heal|p1a: Julie|100\/100\n|move|p2a: Honeycrisp|Draco Meteor|p1a: Julie\n|-damage|p1a: Julie|76\/100\n|-unboost|p2a: Honeycrisp|spa|2\n|\n|-heal|p1a: Julie|82\/100|[from] item: Black Sludge\n|-heal|p2a: Honeycrisp|66\/100 psn|[from] item: Leftovers\n|-damage|p2a: Honeycrisp|54\/100 psn|[from] psn\n|upkeep\n|turn|20\n|\n|t:|1699423169\n|move|p1a: Julie|Recover|p1a: Julie\n|-heal|p1a: Julie|100\/100\n|move|p2a: Honeycrisp|Recover|p2a: Honeycrisp\n|-heal|p2a: Honeycrisp|100\/100 psn\n|\n|-damage|p2a: Honeycrisp|88\/100 psn|[from] psn\n|upkeep\n|turn|21\n|\n|t:|1699423175\n|move|p1a: Julie|Toxic Spikes|p2a: Honeycrisp\n|-sidestart|p2: RiddleDog|move: Toxic Spikes\n|move|p2a: Honeycrisp|Draco Meteor|p1a: Julie\n|-damage|p1a: Julie|81\/100\n|\n|-heal|p1a: Julie|87\/100|[from] item: Black Sludge\n|-heal|p2a: Honeycrisp|94\/100 psn|[from] item: Leftovers\n|-damage|p2a: Honeycrisp|82\/100 psn|[from] psn\n|upkeep\n|turn|22\n|\n|t:|1699423187\n|switch|p2a: Ralph|Iron Treads|100\/100\n|move|p1a: Julie|Chilling Water|p2a: Ralph\n|-supereffective|p2a: Ralph\n|-damage|p2a: Ralph|72\/100\n|-unboost|p2a: Ralph|atk|1\n|\n|-heal|p1a: Julie|93\/100|[from] item: Black Sludge\n|upkeep\n|turn|23\n|\n|t:|1699423198\n|move|p2a: Ralph|Earthquake|p1a: Julie\n|-supereffective|p1a: Julie\n|-damage|p1a: Julie|56\/100\n|move|p1a: Julie|Chilling Water|p2a: Ralph\n|-supereffective|p2a: Ralph\n|-damage|p2a: Ralph|44\/100\n|-unboost|p2a: Ralph|atk|1\n|\n|-heal|p1a: Julie|62\/100|[from] item: Black Sludge\n|upkeep\n|turn|24\n|\n|t:|1699423208\n|move|p2a: Ralph|Stealth Rock|p1a: Julie\n|-sidestart|p1: Nagaina040501|move: Stealth Rock\n|move|p1a: Julie|Chilling Water|p2a: Ralph\n|-supereffective|p2a: Ralph\n|-damage|p2a: Ralph|12\/100\n|-unboost|p2a: Ralph|atk|1\n|\n|-heal|p1a: Julie|68\/100|[from] item: Black Sludge\n|upkeep\n|turn|25\n|\n|t:|1699423225\n|move|p2a: Ralph|Volt Switch|p1a: Julie\n|-supereffective|p1a: Julie\n|-damage|p1a: Julie|35\/100\n|\n|t:|1699423231\n|-end|p2a: Ralph|Quark Drive|[silent]\n|switch|p2a: Morgana|Meowscarada, F, shiny|100\/100|[from] Volt Switch\n|-status|p2a: Morgana|tox\n|move|p1a: Julie|Toxic|p2a: Morgana\n|-fail|p2a: Morgana|tox\n|\n|-heal|p1a: Julie|41\/100|[from] item: Black Sludge\n|-damage|p2a: Morgana|94\/100 tox|[from] psn\n|upkeep\n|turn|26\n|c| RektCactus|God pex is so good now\n|\n|t:|1699423243\n|move|p2a: Morgana|Flower Trick|p1a: Julie\n|-start|p2a: Morgana|typechange|Grass|[from] ability: Protean\n|-crit|p1a: Julie\n|-damage|p1a: Julie|0 fnt\n|faint|p1a: Julie\n|\n|-damage|p2a: Morgana|82\/100 tox|[from] psn\n|upkeep\n|l| RektCactus\n|j| RektCactus\n|\n|t:|1699423252\n|switch|p1a: Pepper|Pelipper, F|60\/100\n|-damage|p1a: Pepper|35\/100|[from] Stealth Rock\n|-weather|RainDance|[from] ability: Drizzle|[of] p1a: Pepper\n|turn|27\n|\n|t:|1699423257\n|move|p2a: Morgana|Flower Trick|p1a: Pepper\n|-crit|p1a: Pepper\n|-damage|p1a: Pepper|0 fnt\n|faint|p1a: Pepper\n|\n|-weather|RainDance|[upkeep]\n|-damage|p2a: Morgana|64\/100 tox|[from] psn\n|upkeep\n|\n|t:|1699423264\n|switch|p1a: Basculegion|Basculegion, M|100\/100\n|-damage|p1a: Basculegion|88\/100|[from] Stealth Rock\n|turn|28\n|\n|t:|1699423270\n|move|p1a: Basculegion|Ice Fang|p2a: Morgana\n|-supereffective|p2a: Morgana\n|-damage|p2a: Morgana|0 fnt\n|faint|p2a: Morgana\n|\n|-weather|RainDance|[upkeep]\n|upkeep\n|\n|t:|1699423288\n|switch|p2a: Matthew|Chi-Yu|100\/100\n|-status|p2a: Matthew|tox\n|-ability|p2a: Matthew|Beads of Ruin\n|turn|29\n|\n|t:|1699423310\n|move|p1a: Basculegion|Wave Crash|p2a: Matthew\n|-supereffective|p2a: Matthew\n|-damage|p2a: Matthew|0 fnt\n|faint|p2a: Matthew\n|-damage|p1a: Basculegion|66\/100|[from] Recoil\n|\n|-weather|RainDance|[upkeep]\n|upkeep\n|\n|t:|1699423322\n|switch|p2a: Honeycrisp|Appletun, M|82\/100 psn\n|turn|30\n|\n|t:|1699423331\n|move|p1a: Basculegion|Ice Fang|p2a: Honeycrisp\n|-supereffective|p2a: Honeycrisp\n|-damage|p2a: Honeycrisp|48\/100 psn\n|cant|p2a: Honeycrisp|flinch\n|\n|-weather|RainDance|[upkeep]\n|-heal|p2a: Honeycrisp|54\/100 psn|[from] item: Leftovers\n|-damage|p2a: Honeycrisp|42\/100 psn|[from] psn\n|upkeep\n|turn|31\n|\n|t:|1699423341\n|move|p1a: Basculegion|Ice Fang|p2a: Honeycrisp\n|-supereffective|p2a: Honeycrisp\n|-damage|p2a: Honeycrisp|6\/100 psn\n|move|p2a: Honeycrisp|Apple Acid|p1a: Basculegion\n|-supereffective|p1a: Basculegion\n|-damage|p1a: Basculegion|0 fnt\n|faint|p1a: Basculegion\n|\n|-weather|RainDance|[upkeep]\n|-heal|p2a: Honeycrisp|12\/100 psn|[from] item: Leftovers\n|-damage|p2a: Honeycrisp|0 fnt|[from] psn\n|faint|p2a: Honeycrisp\n|upkeep\n|\n|t:|1699423358\n|switch|p1a: Feeeeeesh|Palafin-Hero, M|54\/100\n|switch|p2a: cat|Vaporeon, F|36\/100\n|-damage|p1a: Feeeeeesh|42\/100|[from] Stealth Rock\n|turn|32\n|c| RektCactus|ZERO TO HERO\n|\n|t:|1699423365\n|move|p1a: Feeeeeesh|Drain Punch|p2a: cat\n|-damage|p2a: cat|0 fnt\n|-heal|p1a: Feeeeeesh|66\/100|[from] drain|[of] p2a: cat\n|faint|p2a: cat\n|\n|-weather|RainDance|[upkeep]\n|upkeep\n|\n|t:|1699423367\n|switch|p2a: Ralph|Iron Treads|12\/100\n|turn|33\n|\n|t:|1699423373\n|move|p2a: Ralph|Earthquake|p1a: Feeeeeesh\n|-damage|p1a: Feeeeeesh|20\/100\n|move|p1a: Feeeeeesh|Drain Punch|p2a: Ralph\n|-supereffective|p2a: Ralph\n|-damage|p2a: Ralph|0 fnt\n|-heal|p1a: Feeeeeesh|26\/100|[from] drain|[of] p2a: Ralph\n|faint|p2a: Ralph\n|-end|p2a: Ralph|Quark Drive|[silent]\n|\n|win|Nagaina040501\n","uploadtime":1699423388,"views":13,"p1id":"nagaina040501","p2id":"riddledog","formatid":"gen9ubers","rating":0,"private":0,"password":""}