{"id":"gen9ubers-1991511317","p1":"Anne Frankkkk","p2":"Raiozin","format":"[Gen 9] Ubers","log":"|j|\u2606Anne Frankkkk\n|j|\u2606Raiozin\n|t:|1700083646\n|gametype|singles\n|player|p1|Anne Frankkkk|hilbert|1206\n|player|p2|Raiozin|gambler|1158\n|teamsize|p1|6\n|teamsize|p2|6\n|gen|9\n|tier|[Gen 9] Ubers\n|rated|\n|rule|Sleep Clause Mod: Limit one foe put to sleep\n|rule|Species Clause: Limit one of each Pok\u00e9mon\n|rule|OHKO Clause: OHKO moves are banned\n|rule|Evasion Items Clause: Evasion items are banned\n|rule|Evasion Moves Clause: Evasion moves are banned\n|rule|Endless Battle Clause: Forcing endless battles is banned\n|rule|HP Percentage Mod: HP is shown in percentages\n|clearpoke\n|poke|p1|Regieleki|\n|poke|p1|Kyogre|\n|poke|p1|Chien-Pao|\n|poke|p1|Ribombee, F|\n|poke|p1|Miraidon|\n|poke|p1|Flutter Mane|\n|poke|p2|Kommo-o, M|\n|poke|p2|Zoroark, F|\n|poke|p2|Basculegion, M|\n|poke|p2|Espathra, F|\n|poke|p2|Lucario, F|\n|poke|p2|Kyogre|\n|teampreview\n|\n|t:|1700083659\n|start\n|switch|p1a: Moonblast|Ribombee, F, shiny|100\/100\n|switch|p2a: Kyogre|Kyogre|100\/100\n|-weather|RainDance|[from] ability: Drizzle|[of] p2a: Kyogre\n|turn|1\n|inactive|Battle timer is ON: inactive players will automatically lose when time's up. (requested by Anne Frankkkk)\n|\n|t:|1700083679\n|move|p2a: Kyogre|Water Spout|p1a: Moonblast\n|-enditem|p1a: Moonblast|Focus Sash\n|-damage|p1a: Moonblast|1\/100\n|move|p1a: Moonblast|Sticky Web|p2a: Kyogre\n|-sidestart|p2: Raiozin|move: Sticky Web\n|\n|-weather|RainDance|[upkeep]\n|upkeep\n|turn|2\n|\n|t:|1700083692\n|switch|p2a: Lucario|Lucario, F|100\/100\n|-activate|p2a: Lucario|move: Sticky Web\n|-unboost|p2a: Lucario|spe|1\n|move|p1a: Moonblast|Moonblast|p2a: Lucario\n|-damage|p2a: Lucario|32\/100\n|\n|-weather|RainDance|[upkeep]\n|upkeep\n|turn|3\n|\n|t:|1700083699\n|move|p2a: Lucario|Extreme Speed|p1a: Moonblast\n|-damage|p1a: Moonblast|0 fnt\n|faint|p1a: Moonblast\n|\n|-weather|RainDance|[upkeep]\n|upkeep\n|\n|t:|1700083705\n|switch|p1a: Misdreavius|Flutter Mane, shiny|100\/100\n|-enditem|p1a: Misdreavius|Booster Energy\n|-activate|p1a: Misdreavius|ability: Protosynthesis|[fromitem]\n|-start|p1a: Misdreavius|protosynthesisspe\n|turn|4\n|\n|t:|1700083720\n|switch|p2a: Kyogre|Kyogre|100\/100\n|-activate|p2a: Kyogre|move: Sticky Web\n|-unboost|p2a: Kyogre|spe|1\n|move|p1a: Misdreavius|Moonblast|p2a: Kyogre\n|-damage|p2a: Kyogre|64\/100\n|\n|-weather|RainDance|[upkeep]\n|upkeep\n|turn|5\n|\n|t:|1700083728\n|move|p1a: Misdreavius|Moonblast|p2a: Kyogre\n|-damage|p2a: Kyogre|27\/100\n|move|p2a: Kyogre|Water Spout|p1a: Misdreavius\n|-damage|p1a: Misdreavius|66\/100\n|\n|-weather|none\n|upkeep\n|turn|6\n|\n|t:|1700083735\n|move|p1a: Misdreavius|Calm Mind|p1a: Misdreavius\n|-boost|p1a: Misdreavius|spa|1\n|-boost|p1a: Misdreavius|spd|1\n|move|p2a: Kyogre|Water Spout|p1a: Misdreavius\n|-damage|p1a: Misdreavius|49\/100\n|\n|upkeep\n|turn|7\n|\n|t:|1700083753\n|switch|p2a: Lucario|Lucario, F|32\/100\n|-activate|p2a: Lucario|move: Sticky Web\n|-unboost|p2a: Lucario|spe|1\n|move|p1a: Misdreavius|Calm Mind|p1a: Misdreavius\n|-boost|p1a: Misdreavius|spa|1\n|-boost|p1a: Misdreavius|spd|1\n|\n|upkeep\n|turn|8\n|\n|t:|1700083762\n|move|p2a: Lucario|Bullet Punch|p1a: Misdreavius\n|-supereffective|p1a: Misdreavius\n|-damage|p1a: Misdreavius|0 fnt\n|faint|p1a: Misdreavius\n|-end|p1a: Misdreavius|Protosynthesis|[silent]\n|\n|upkeep\n|\n|t:|1700083768\n|switch|p1a: Regieleki|Regieleki, shiny|100\/100\n|turn|9\n|\n|t:|1700083773\n|move|p2a: Lucario|Bullet Punch|p1a: Regieleki\n|-resisted|p1a: Regieleki\n|-crit|p1a: Regieleki\n|-damage|p1a: Regieleki|59\/100\n|move|p1a: Regieleki|Thunderbolt|p2a: Lucario\n|-damage|p2a: Lucario|0 fnt\n|faint|p2a: Lucario\n|\n|upkeep\n|inactive|Raiozin has 120 seconds left.\n|\n|t:|1700083817\n|switch|p2a: Kyogre|Kyogre|100\/100\n|-activate|p2a: Kyogre|move: Sticky Web\n|-unboost|p2a: Kyogre|spe|1\n|turn|10\n|\n|t:|1700083829\n|move|p1a: Regieleki|Thunderbolt|p2a: Kyogre\n|-enditem|p2a: Kyogre|Focus Sash\n|-damage|p2a: Kyogre|1\/100\n|replace|p2a: Zoroark|Zoroark, F\n|-end|p2a: Zoroark|Illusion\n|move|p2a: Zoroark|Sludge Bomb|p1a: Regieleki\n|-damage|p1a: Regieleki|1\/100\n|\n|upkeep\n|turn|11\n|\n|t:|1700083837\n|move|p2a: Zoroark|Sucker Punch|p1a: Regieleki\n|-damage|p1a: Regieleki|0 fnt\n|faint|p1a: Regieleki\n|\n|upkeep\n|\n|t:|1700083841\n|switch|p1a: Cyber Lizard|Miraidon|100\/100\n|-fieldstart|move: Electric Terrain|[from] ability: Hadron Engine|[of] p1a: Cyber Lizard\n|-item|p1a: Cyber Lizard|Air Balloon\n|turn|12\n|\n|t:|1700083848\n|move|p2a: Zoroark|Sucker Punch|p1a: Cyber Lizard\n|-damage|p1a: Cyber Lizard|78\/100\n|-enditem|p1a: Cyber Lizard|Air Balloon\n|move|p1a: Cyber Lizard|Electro Drift|p2a: Zoroark\n|-damage|p2a: Zoroark|0 fnt\n|faint|p2a: Zoroark\n|\n|upkeep\n|inactive|Raiozin has 120 seconds left.\n|\n|t:|1700083859\n|switch|p2a: Kyogre|Kyogre|27\/100\n|-activate|p2a: Kyogre|move: Sticky Web\n|-unboost|p2a: Kyogre|spe|1\n|-weather|RainDance|[from] ability: Drizzle|[of] p2a: Kyogre\n|turn|13\n|\n|t:|1700083867\n|move|p1a: Cyber Lizard|Protect|p1a: Cyber Lizard\n|-singleturn|p1a: Cyber Lizard|Protect\n|move|p2a: Kyogre|Ice Beam|p1a: Cyber Lizard\n|-activate|p1a: Cyber Lizard|move: Protect\n|\n|-weather|RainDance|[upkeep]\n|upkeep\n|turn|14\n|\n|t:|1700083873\n|move|p1a: Cyber Lizard|Electro Drift|p2a: Kyogre\n|-supereffective|p2a: Kyogre\n|-damage|p2a: Kyogre|0 fnt\n|faint|p2a: Kyogre\n|\n|-weather|RainDance|[upkeep]\n|upkeep\n|\n|t:|1700083883\n|switch|p2a: Kommo-o|Kommo-o, M|100\/100\n|-activate|p2a: Kommo-o|move: Sticky Web\n|-unboost|p2a: Kommo-o|spe|1\n|turn|15\n|\n|t:|1700083887\n|move|p1a: Cyber Lizard|Dragon Pulse|p2a: Kommo-o\n|-supereffective|p2a: Kommo-o\n|-damage|p2a: Kommo-o|0 fnt\n|faint|p2a: Kommo-o\n|\n|-weather|RainDance|[upkeep]\n|upkeep\n|\n|t:|1700083893\n|switch|p2a: Espathra|Espathra, F|100\/100\n|-activate|p2a: Espathra|move: Sticky Web\n|-unboost|p2a: Espathra|spe|1\n|turn|16\n|\n|t:|1700083900\n|move|p2a: Espathra|Protect|p2a: Espathra\n|-singleturn|p2a: Espathra|Protect\n|move|p1a: Cyber Lizard|Calm Mind|p1a: Cyber Lizard\n|-boost|p1a: Cyber Lizard|spa|1\n|-boost|p1a: Cyber Lizard|spd|1\n|\n|-weather|RainDance|[upkeep]\n|-fieldend|move: Electric Terrain\n|-ability|p2a: Espathra|Speed Boost|boost\n|-boost|p2a: Espathra|spe|1\n|upkeep\n|turn|17\n|\n|t:|1700083911\n|move|p1a: Cyber Lizard|Electro Drift|p2a: Espathra\n|-damage|p2a: Espathra|0 fnt\n|faint|p2a: Espathra\n|\n|-weather|none\n|upkeep\n|\n|t:|1700083917\n|switch|p2a: Basculegion|Basculegion, M|100\/100\n|-activate|p2a: Basculegion|move: Sticky Web\n|-unboost|p2a: Basculegion|spe|1\n|turn|18\n|\n|t:|1700083922\n|move|p1a: Cyber Lizard|Electro Drift|p2a: Basculegion\n|-supereffective|p2a: Basculegion\n|-damage|p2a: Basculegion|0 fnt\n|faint|p2a: Basculegion\n|\n|win|Anne Frankkkk\n|raw|Anne Frankkkk's rating: 1206 &rarr; <strong>1228<\/strong><br \/>(+22 for winning)\n|raw|Raiozin's rating: 1158 &rarr; <strong>1136<\/strong><br \/>(-22 for losing)\n","uploadtime":1700083929,"views":5,"p1id":"annefrankkkk","p2id":"raiozin","formatid":"gen9ubers","rating":1136,"private":0,"password":""}