{"id":"gen9ubers-1998698776","p1":"LALHelix","p2":"Lemon Ras","format":"[Gen 9] Ubers","log":"|j|\u2606LALHelix\n|j|\u2606Lemon Ras\n|t:|1700974233\n|gametype|singles\n|player|p1|LALHelix|1|\n|player|p2|Lemon Ras|102|\n|teamsize|p1|6\n|teamsize|p2|6\n|gen|9\n|tier|[Gen 9] Ubers\n|rule|Sleep Clause Mod: Limit one foe put to sleep\n|rule|Species Clause: Limit one of each Pok\u00e9mon\n|rule|OHKO Clause: OHKO moves are banned\n|rule|Evasion Items Clause: Evasion items are banned\n|rule|Evasion Moves Clause: Evasion moves are banned\n|rule|Endless Battle Clause: Forcing endless battles is banned\n|rule|HP Percentage Mod: HP is shown in percentages\n|clearpoke\n|poke|p1|Samurott-Hisui, F|\n|poke|p1|Sneasler, M|\n|poke|p1|Sandy Shocks|\n|poke|p1|Walking Wake|\n|poke|p1|Torkoal, M|\n|poke|p1|Moltres|\n|poke|p2|Zoroark-Hisui, M|\n|poke|p2|Gyarados, F|\n|poke|p2|Toxapex, F|\n|poke|p2|Articuno-Galar|\n|poke|p2|Ting-Lu|\n|poke|p2|Meowscarada, M|\n|teampreview\n|j| Lageon\n|j| Jangod67\n|\n|t:|1700974370\n|start\n|switch|p1a: Samurott|Samurott-Hisui, F, shiny|100\/100\n|switch|p2a: Ting-Lu|Ting-Lu|100\/100\n|-ability|p2a: Ting-Lu|Vessel of Ruin\n|turn|1\n|\n|t:|1700974403\n|move|p1a: Samurott|Ceaseless Edge|p2a: Ting-Lu\n|-resisted|p2a: Ting-Lu\n|-damage|p2a: Ting-Lu|92\/100\n|-sidestart|p2: Lemon Ras|Spikes\n|move|p2a: Ting-Lu|Heavy Slam|p1a: Samurott\n|-resisted|p1a: Samurott\n|-damage|p1a: Samurott|80\/100\n|\n|-heal|p2a: Ting-Lu|98\/100|[from] item: Leftovers\n|upkeep\n|turn|2\n|\n|t:|1700974418\n|move|p1a: Samurott|Ceaseless Edge|p2a: Ting-Lu\n|-resisted|p2a: Ting-Lu\n|-damage|p2a: Ting-Lu|88\/100\n|-sidestart|p2: Lemon Ras|Spikes\n|move|p2a: Ting-Lu|Earthquake|p1a: Samurott\n|-damage|p1a: Samurott|35\/100\n|\n|-heal|p2a: Ting-Lu|95\/100|[from] item: Leftovers\n|upkeep\n|turn|3\n|\n|t:|1700974429\n|move|p1a: Samurott|Razor Shell|p2a: Ting-Lu\n|-supereffective|p2a: Ting-Lu\n|-damage|p2a: Ting-Lu|56\/100\n|-unboost|p2a: Ting-Lu|def|1\n|move|p2a: Ting-Lu|Earthquake|p1a: Samurott\n|-damage|p1a: Samurott|0 fnt\n|faint|p1a: Samurott\n|\n|-heal|p2a: Ting-Lu|62\/100|[from] item: Leftovers\n|upkeep\n|\n|t:|1700974444\n|switch|p1a: Sneasler|Sneasler, M, shiny|100\/100\n|turn|4\n|\n|t:|1700974472\n|switch|p2a: Toxapex|Toxapex, F, shiny|100\/100\n|-damage|p2a: Toxapex|84\/100|[from] Spikes\n|move|p1a: Sneasler|Close Combat|p2a: Toxapex\n|-immune|p2a: Toxapex\n|\n|upkeep\n|turn|5\n|\n|t:|1700974501\n|move|p1a: Sneasler|U-turn|p2a: Toxapex\n|-resisted|p2a: Toxapex\n|-damage|p2a: Toxapex|60\/100\n|replace|p2a: Zoroark|Zoroark-Hisui, M, shiny\n|-end|p2a: Zoroark|Illusion\n|-status|p2a: Zoroark|psn|[from] ability: Poison Touch|[of] p1a: Sneasler\n|\n|t:|1700974506\n|switch|p1a: Torkoal|Torkoal, M, shiny|100\/100|[from] U-turn\n|-weather|SunnyDay|[from] ability: Drought|[of] p1a: Torkoal\n|move|p2a: Zoroark|Psychic|p1a: Torkoal\n|-damage|p1a: Torkoal|35\/100\n|\n|-weather|SunnyDay|[upkeep]\n|-damage|p2a: Zoroark|48\/100 psn|[from] psn\n|upkeep\n|turn|6\n|\n|t:|1700974517\n|move|p2a: Zoroark|Psychic|p1a: Torkoal\n|-damage|p1a: Torkoal|0 fnt\n|faint|p1a: Torkoal\n|\n|-weather|SunnyDay|[upkeep]\n|-damage|p2a: Zoroark|36\/100 psn|[from] psn\n|upkeep\n|\n|t:|1700974524\n|switch|p1a: Walking Wake|Walking Wake|100\/100\n|-activate|p1a: Walking Wake|ability: Protosynthesis\n|-start|p1a: Walking Wake|protosynthesisspa\n|turn|7\n|\n|t:|1700974534\n|move|p1a: Walking Wake|Hydro Steam|p2a: Zoroark\n|-damage|p2a: Zoroark|0 fnt\n|faint|p2a: Zoroark\n|\n|-weather|SunnyDay|[upkeep]\n|upkeep\n|\n|t:|1700974602\n|switch|p2a: Toxapex|Toxapex, F, shiny|100\/100\n|-damage|p2a: Toxapex|84\/100|[from] Spikes\n|turn|8\n|\n|t:|1700974632\n|-end|p1a: Walking Wake|Protosynthesis|[silent]\n|switch|p1a: Sneasler|Sneasler, M, shiny|100\/100\n|move|p2a: Toxapex|Baneful Bunker||[still]\n|-fail|p2a: Toxapex\n|\n|-weather|SunnyDay|[upkeep]\n|-heal|p2a: Toxapex|90\/100|[from] item: Black Sludge\n|upkeep\n|turn|9\n|\n|t:|1700974675\n|move|p2a: Toxapex|Baneful Bunker|p2a: Toxapex\n|-singleturn|p2a: Toxapex|move: Protect\n|move|p1a: Sneasler|Fake Out|p2a: Toxapex\n|-activate|p2a: Toxapex|move: Protect\n|\n|-weather|SunnyDay|[upkeep]\n|-heal|p2a: Toxapex|96\/100|[from] item: Black Sludge\n|upkeep\n|turn|10\n|\n|t:|1700974691\n|move|p1a: Sneasler|Close Combat|p2a: Toxapex\n|-resisted|p2a: Toxapex\n|-damage|p2a: Toxapex|77\/100\n|-unboost|p1a: Sneasler|def|1\n|-unboost|p1a: Sneasler|spd|1\n|move|p2a: Toxapex|Toxic|p1a: Sneasler\n|-immune|p1a: Sneasler\n|\n|-weather|SunnyDay|[upkeep]\n|-heal|p2a: Toxapex|83\/100|[from] item: Black Sludge\n|upkeep\n|turn|11\n|\n|t:|1700974706\n|move|p1a: Sneasler|U-turn|p2a: Toxapex\n|-resisted|p2a: Toxapex\n|-damage|p2a: Toxapex|76\/100\n|\n|t:|1700974710\n|switch|p1a: Sandy Shocks|Sandy Shocks, shiny|100\/100|[from] U-turn\n|-activate|p1a: Sandy Shocks|ability: Protosynthesis\n|-start|p1a: Sandy Shocks|protosynthesisspa\n|move|p2a: Toxapex|Liquidation|p1a: Sandy Shocks\n|-supereffective|p1a: Sandy Shocks\n|-damage|p1a: Sandy Shocks|82\/100\n|\n|-weather|SunnyDay|[upkeep]\n|-heal|p2a: Toxapex|82\/100|[from] item: Black Sludge\n|upkeep\n|turn|12\n|\n|t:|1700974749\n|switch|p2a: Ting-Lu|Ting-Lu|62\/100\n|-damage|p2a: Ting-Lu|45\/100|[from] Spikes\n|-ability|p2a: Ting-Lu|Vessel of Ruin\n|move|p1a: Sandy Shocks|Volt Switch|p2a: Ting-Lu\n|-immune|p2a: Ting-Lu\n|\n|-weather|none\n|-end|p1a: Sandy Shocks|Protosynthesis\n|-heal|p2a: Ting-Lu|52\/100|[from] item: Leftovers\n|upkeep\n|turn|13\n|\n|t:|1700974785\n|-end|p1a: Sandy Shocks|Protosynthesis|[silent]\n|switch|p1a: Moltres|Moltres, shiny|100\/100\n|move|p2a: Ting-Lu|Earthquake|p1a: Moltres\n|-immune|p1a: Moltres\n|\n|-heal|p2a: Ting-Lu|58\/100|[from] item: Leftovers\n|upkeep\n|turn|14\n|\n|t:|1700974798\n|move|p2a: Ting-Lu|Protect|p2a: Ting-Lu\n|-singleturn|p2a: Ting-Lu|Protect\n|move|p1a: Moltres|U-turn|p2a: Ting-Lu\n|-activate|p2a: Ting-Lu|move: Protect\n|\n|-heal|p2a: Ting-Lu|64\/100|[from] item: Leftovers\n|upkeep\n|turn|15\n|\n|t:|1700974813\n|move|p1a: Moltres|U-turn|p2a: Ting-Lu\n|-supereffective|p2a: Ting-Lu\n|-damage|p2a: Ting-Lu|52\/100\n|\n|t:|1700974816\n|switch|p1a: Walking Wake|Walking Wake|100\/100|[from] U-turn\n|move|p2a: Ting-Lu|Ruination|p1a: Walking Wake\n|-damage|p1a: Walking Wake|51\/100\n|\n|-heal|p2a: Ting-Lu|58\/100|[from] item: Leftovers\n|upkeep\n|turn|16\n|\n|t:|1700974853\n|switch|p2a: Meowscarada|Meowscarada, M|100\/100\n|-damage|p2a: Meowscarada|84\/100|[from] Spikes\n|move|p1a: Walking Wake|Hydro Steam|p2a: Meowscarada\n|-resisted|p2a: Meowscarada\n|-damage|p2a: Meowscarada|33\/100\n|\n|upkeep\n|turn|17\n|\n|t:|1700974862\n|move|p2a: Meowscarada|Play Rough|p1a: Walking Wake\n|-start|p2a: Meowscarada|typechange|Fairy|[from] ability: Protean\n|-supereffective|p1a: Walking Wake\n|-damage|p1a: Walking Wake|0 fnt\n|faint|p1a: Walking Wake\n|-end|p1a: Walking Wake|Protosynthesis|[silent]\n|-damage|p2a: Meowscarada|23\/100|[from] item: Life Orb\n|\n|upkeep\n|\n|t:|1700974886\n|switch|p1a: Moltres|Moltres, shiny|100\/100\n|turn|18\n|\n|t:|1700974902\n|move|p2a: Meowscarada|U-turn|p1a: Moltres\n|-resisted|p1a: Moltres\n|-damage|p1a: Moltres|94\/100\n|-damage|p2a: Meowscarada|13\/100|[from] item: Life Orb\n|\n|t:|1700974906\n|switch|p2a: Toxapex|Toxapex, F, shiny|100\/100|[from] U-turn\n|-damage|p2a: Toxapex|84\/100|[from] Spikes\n|move|p1a: Moltres|U-turn|p2a: Toxapex\n|-resisted|p2a: Toxapex\n|-damage|p2a: Toxapex|79\/100\n|\n|t:|1700974915\n|switch|p1a: Sandy Shocks|Sandy Shocks, shiny|82\/100|[from] U-turn\n|\n|-heal|p2a: Toxapex|85\/100|[from] item: Black Sludge\n|upkeep\n|turn|19\n|\n|t:|1700974932\n|switch|p2a: Ting-Lu|Ting-Lu|58\/100\n|-damage|p2a: Ting-Lu|42\/100|[from] Spikes\n|-ability|p2a: Ting-Lu|Vessel of Ruin\n|move|p1a: Sandy Shocks|Earth Power|p2a: Ting-Lu\n|-damage|p2a: Ting-Lu|14\/100\n|\n|-heal|p2a: Ting-Lu|20\/100|[from] item: Leftovers\n|upkeep\n|turn|20\n|\n|t:|1700974942\n|move|p2a: Ting-Lu|Protect|p2a: Ting-Lu\n|-singleturn|p2a: Ting-Lu|Protect\n|move|p1a: Sandy Shocks|Earth Power|p2a: Ting-Lu\n|-activate|p2a: Ting-Lu|move: Protect\n|\n|-heal|p2a: Ting-Lu|26\/100|[from] item: Leftovers\n|upkeep\n|turn|21\n|\n|t:|1700974956\n|move|p1a: Sandy Shocks|Earth Power|p2a: Ting-Lu\n|-damage|p2a: Ting-Lu|0 fnt\n|faint|p2a: Ting-Lu\n|\n|upkeep\n|\n|t:|1700974978\n|switch|p2a: Meowscarada|Meowscarada, M|13\/100\n|-damage|p2a: Meowscarada|0 fnt|[from] Spikes\n|faint|p2a: Meowscarada\n|\n|t:|1700975013\n|switch|p2a: Toxapex|Toxapex, F, shiny|100\/100\n|-damage|p2a: Toxapex|84\/100|[from] Spikes\n|turn|22\n|\n|t:|1700975020\n|move|p1a: Sandy Shocks|Thunderbolt|p2a: Toxapex\n|-supereffective|p2a: Toxapex\n|-damage|p2a: Toxapex|7\/100\n|move|p2a: Toxapex|Toxic|p1a: Sandy Shocks\n|-status|p1a: Sandy Shocks|tox\n|\n|-heal|p2a: Toxapex|13\/100|[from] item: Black Sludge\n|-damage|p1a: Sandy Shocks|76\/100 tox|[from] psn\n|upkeep\n|turn|23\n|\n|t:|1700975031\n|move|p2a: Toxapex|Baneful Bunker|p2a: Toxapex\n|-singleturn|p2a: Toxapex|move: Protect\n|move|p1a: Sandy Shocks|Thunderbolt|p2a: Toxapex\n|-activate|p2a: Toxapex|move: Protect\n|\n|-heal|p2a: Toxapex|19\/100|[from] item: Black Sludge\n|-damage|p1a: Sandy Shocks|64\/100 tox|[from] psn\n|upkeep\n|turn|24\n|\n|t:|1700975052\n|move|p1a: Sandy Shocks|Thunderbolt|p2a: Toxapex\n|-supereffective|p2a: Toxapex\n|-damage|p2a: Toxapex|0 fnt\n|faint|p2a: Toxapex\n|\n|-damage|p1a: Sandy Shocks|46\/100 tox|[from] psn\n|upkeep\n|\n|t:|1700975062\n|switch|p2a: Gyarados|Gyarados, F, shiny|100\/100\n|-ability|p2a: Gyarados|Intimidate|boost\n|-unboost|p1a: Sandy Shocks|atk|1\n|turn|25\n|\n|t:|1700975068\n|move|p1a: Sandy Shocks|Volt Switch|p2a: Gyarados\n|-supereffective|p2a: Gyarados\n|-damage|p2a: Gyarados|0 fnt\n|faint|p2a: Gyarados\n|\n|t:|1700975073\n|-end|p1a: Sandy Shocks|Protosynthesis|[silent]\n|switch|p1a: Moltres|Moltres, shiny|94\/100|[from] Volt Switch\n|\n|upkeep\n|\n|t:|1700975084\n|switch|p2a: Articuno|Articuno-Galar, shiny|100\/100\n|turn|26\n|\n|t:|1700975093\n|-terastallize|p1a: Moltres|Fairy\n|move|p2a: Articuno|Freezing Glare|p1a: Moltres\n|-damage|p1a: Moltres|61\/100\n|-status|p1a: Moltres|frz\n|cant|p1a: Moltres|frz\n|\n|upkeep\n|turn|27\n|\n|t:|1700975132\n|move|p2a: Articuno|Freezing Glare|p1a: Moltres\n|-damage|p1a: Moltres|23\/100 frz\n|-curestatus|p1a: Moltres|frz|[msg]\n|move|p1a: Moltres|Roost|p1a: Moltres\n|-heal|p1a: Moltres|73\/100\n|\n|upkeep\n|turn|28\n|\n|t:|1700975139\n|move|p2a: Articuno|Freezing Glare|p1a: Moltres\n|-damage|p1a: Moltres|39\/100\n|move|p1a: Moltres|Tera Blast|p2a: Articuno|[anim] Tera Blast Fairy\n|-damage|p2a: Articuno|67\/100\n|\n|-heal|p2a: Articuno|73\/100|[from] item: Leftovers\n|upkeep\n|turn|29\n|\n|t:|1700975162\n|-terastallize|p2a: Articuno|Fairy\n|move|p2a: Articuno|Freezing Glare|p1a: Moltres\n|-damage|p1a: Moltres|6\/100\n|move|p1a: Moltres|Roost|p1a: Moltres\n|-heal|p1a: Moltres|56\/100\n|\n|-heal|p2a: Articuno|79\/100|[from] item: Leftovers\n|upkeep\n|turn|30\n|\n|t:|1700975171\n|move|p2a: Articuno|Freezing Glare|p1a: Moltres\n|-damage|p1a: Moltres|21\/100\n|move|p1a: Moltres|Roost|p1a: Moltres\n|-heal|p1a: Moltres|71\/100\n|\n|-heal|p2a: Articuno|85\/100|[from] item: Leftovers\n|upkeep\n|turn|31\n|\n|t:|1700975186\n|move|p2a: Articuno|Air Slash|p1a: Moltres\n|-damage|p1a: Moltres|39\/100\n|cant|p1a: Moltres|flinch\n|\n|-heal|p2a: Articuno|91\/100|[from] item: Leftovers\n|upkeep\n|turn|32\n|\n|t:|1700975192\n|move|p2a: Articuno|Air Slash|p1a: Moltres|[miss]\n|-miss|p2a: Articuno|p1a: Moltres\n|move|p1a: Moltres|Tera Blast|p2a: Articuno|[anim] Tera Blast Fairy\n|-damage|p2a: Articuno|58\/100\n|\n|-heal|p2a: Articuno|64\/100|[from] item: Leftovers\n|upkeep\n|turn|33\n|\n|t:|1700975199\n|move|p2a: Articuno|Freezing Glare|p1a: Moltres\n|-damage|p1a: Moltres|0 fnt\n|faint|p1a: Moltres\n|\n|-heal|p2a: Articuno|70\/100|[from] item: Leftovers\n|upkeep\n|\n|t:|1700975204\n|switch|p1a: Sneasler|Sneasler, M, shiny|100\/100\n|turn|34\n|\n|t:|1700975211\n|move|p1a: Sneasler|Dire Claw|p2a: Articuno\n|-supereffective|p2a: Articuno\n|-damage|p2a: Articuno|0 fnt\n|faint|p2a: Articuno\n|\n|win|LALHelix\n|l| Lageon\n|l|\u2606Lemon Ras\n|l| Jangod67\n|j| Jangod67\n|l| Jangod67\n","uploadtime":1700975220,"views":4,"p1id":"lalhelix","p2id":"lemonras","formatid":"gen9ubers","rating":0,"private":0,"password":""}