{"id":"gen9ubers-1992518332","p1":"KeshBa45","p2":"skimmythegod","format":"[Gen 9] Ubers","log":"|j|\u2606KeshBa45\n|j|\u2606skimmythegod\n|t:|1700198391\n|gametype|singles\n|player|p1|KeshBa45|red|\n|player|p2|skimmythegod|#uplximelmetal|\n|teamsize|p1|6\n|teamsize|p2|6\n|gen|9\n|tier|[Gen 9] Ubers\n|rated|Tournament battle\n|rule|Sleep Clause Mod: Limit one foe put to sleep\n|rule|Species Clause: Limit one of each Pok\u00e9mon\n|rule|OHKO Clause: OHKO moves are banned\n|rule|Evasion Items Clause: Evasion items are banned\n|rule|Evasion Moves Clause: Evasion moves are banned\n|rule|Endless Battle Clause: Forcing endless battles is banned\n|rule|HP Percentage Mod: HP is shown in percentages\n|clearpoke\n|poke|p1|Calyrex-Ice|\n|poke|p1|Koraidon|\n|poke|p1|Toxapex, F|\n|poke|p1|Ting-Lu|\n|poke|p1|Arceus|\n|poke|p1|Miraidon|\n|poke|p2|Giratina-Origin|\n|poke|p2|Kyogre|\n|poke|p2|Landorus-Therian, M|\n|poke|p2|Arceus-Steel|\n|poke|p2|Ting-Lu|\n|poke|p2|Eternatus|\n|teampreview\n|inactive|Battle timer is ON: inactive players will automatically lose when time's up. (requested by skimmythegod)\n|c|\u2606KeshBa45|flfl\n|c|\u2606KeshBa45|glgl\n|inactive|KeshBa45 has 120 seconds left.\n|\n|t:|1700198428\n|start\n|switch|p1a: Arceus|Arceus|100\/100\n|switch|p2a: Landorus|Landorus-Therian, M|100\/100\n|-ability|p2a: Landorus|Intimidate|boost\n|-unboost|p1a: Arceus|atk|1\n|turn|1\n|\n|t:|1700198434\n|move|p1a: Arceus|Taunt|p2a: Landorus\n|-start|p2a: Landorus|move: Taunt\n|cant|p2a: Landorus|move: Taunt|Stealth Rock\n|\n|upkeep\n|turn|2\n|\n|t:|1700198443\n|move|p1a: Arceus|Swords Dance|p1a: Arceus\n|-boost|p1a: Arceus|atk|2\n|move|p2a: Landorus|U-turn|p1a: Arceus\n|-damage|p1a: Arceus|85\/100\n|\n|t:|1700198448\n|switch|p2a: Arceus|Arceus-Steel|100\/100|[from] U-turn\n|\n|upkeep\n|turn|3\n|\n|t:|1700198455\n|move|p2a: Arceus|Calm Mind|p2a: Arceus\n|-boost|p2a: Arceus|spa|1\n|-boost|p2a: Arceus|spd|1\n|move|p1a: Arceus|Taunt|p2a: Arceus\n|-start|p2a: Arceus|move: Taunt\n|\n|upkeep\n|turn|4\n|\n|t:|1700198462\n|switch|p1a: Ting-Lu|Ting-Lu|100\/100\n|-ability|p1a: Ting-Lu|Vessel of Ruin\n|move|p2a: Arceus|Judgment|p1a: Ting-Lu\n|-damage|p1a: Ting-Lu|72\/100\n|\n|-heal|p1a: Ting-Lu|79\/100|[from] item: Leftovers\n|upkeep\n|turn|5\n|\n|t:|1700198469\n|move|p2a: Arceus|Judgment|p1a: Ting-Lu\n|-damage|p1a: Ting-Lu|47\/100\n|move|p1a: Ting-Lu|Spikes|p2a: Arceus\n|-sidestart|p2: skimmythegod|Spikes\n|\n|-heal|p1a: Ting-Lu|53\/100|[from] item: Leftovers\n|upkeep\n|turn|6\n|\n|t:|1700198472\n|move|p2a: Arceus|Judgment|p1a: Ting-Lu\n|-damage|p1a: Ting-Lu|23\/100\n|move|p1a: Ting-Lu|Whirlwind|p2a: Arceus\n|drag|p2a: Landorus|Landorus-Therian, M|100\/100\n|-ability|p2a: Landorus|Intimidate|boost\n|-unboost|p1a: Ting-Lu|atk|1\n|\n|-heal|p1a: Ting-Lu|29\/100|[from] item: Leftovers\n|upkeep\n|turn|7\n|\n|t:|1700198479\n|switch|p1a: Arceus|Arceus|85\/100\n|move|p2a: Landorus|Stealth Rock|p1a: Arceus\n|-sidestart|p1: KeshBa45|move: Stealth Rock\n|\n|upkeep\n|turn|8\n|\n|t:|1700198487\n|move|p1a: Arceus|Swords Dance|p1a: Arceus\n|-boost|p1a: Arceus|atk|2\n|move|p2a: Landorus|U-turn|p1a: Arceus\n|-damage|p1a: Arceus|69\/100\n|\n|t:|1700198491\n|switch|p2a: Arceus|Arceus-Steel|100\/100|[from] U-turn\n|-damage|p2a: Arceus|88\/100|[from] Spikes\n|\n|upkeep\n|turn|9\n|\n|t:|1700198495\n|move|p2a: Arceus|Judgment|p1a: Arceus\n|-damage|p1a: Arceus|32\/100\n|move|p1a: Arceus|Shadow Claw|p2a: Arceus\n|-crit|p2a: Arceus\n|-damage|p2a: Arceus|48\/100\n|\n|upkeep\n|turn|10\n|\n|t:|1700198504\n|move|p2a: Arceus|Recover|p2a: Arceus\n|-heal|p2a: Arceus|98\/100\n|move|p1a: Arceus|Shadow Claw|p2a: Arceus\n|-damage|p2a: Arceus|68\/100\n|\n|upkeep\n|turn|11\n|\n|t:|1700198508\n|move|p1a: Arceus|Extreme Speed|p2a: Arceus\n|-resisted|p2a: Arceus\n|-damage|p2a: Arceus|37\/100\n|move|p2a: Arceus|Judgment|p1a: Arceus\n|-damage|p1a: Arceus|0 fnt\n|faint|p1a: Arceus\n|\n|upkeep\n|\n|t:|1700198517\n|switch|p1a: Koraidon|Koraidon|100\/100\n|-damage|p1a: Koraidon|94\/100|[from] Stealth Rock\n|-weather|SunnyDay|[from] ability: Orichalcum Pulse|[of] p1a: Koraidon\n|-activate|p1a: Koraidon|Orichalcum Pulse|[source]\n|turn|12\n|\n|t:|1700198532\n|switch|p2a: Landorus|Landorus-Therian, M|100\/100\n|-ability|p2a: Landorus|Intimidate|boost\n|-unboost|p1a: Koraidon|atk|1\n|move|p1a: Koraidon|U-turn|p2a: Landorus\n|-resisted|p2a: Landorus\n|-damage|p2a: Landorus|92\/100\n|-damage|p1a: Koraidon|78\/100|[from] item: Rocky Helmet|[of] p2a: Landorus\n|\n|t:|1700198536\n|switch|p1a: Calyrex|Calyrex-Ice|100\/100|[from] U-turn\n|-ability|p1a: Calyrex|As One\n|-ability|p1a: Calyrex|Unnerve\n|\n|-weather|SunnyDay|[upkeep]\n|upkeep\n|turn|13\n|\n|t:|1700198541\n|move|p2a: Landorus|U-turn|p1a: Calyrex\n|-supereffective|p1a: Calyrex\n|-damage|p1a: Calyrex|76\/100\n|\n|t:|1700198545\n|switch|p2a: Giratina|Giratina-Origin|100\/100|[from] U-turn\n|move|p1a: Calyrex|Glacial Lance|p2a: Giratina\n|-supereffective|p2a: Giratina\n|-damage|p2a: Giratina|0 fnt\n|faint|p2a: Giratina\n|-ability|p1a: Calyrex|Chilling Neigh|boost\n|-boost|p1a: Calyrex|atk|1\n|\n|-weather|SunnyDay|[upkeep]\n|upkeep\n|\n|t:|1700198550\n|switch|p2a: Kyogre|Kyogre|100\/100\n|-damage|p2a: Kyogre|88\/100|[from] Spikes\n|-weather|RainDance|[from] ability: Drizzle|[of] p2a: Kyogre\n|turn|14\n|\n|t:|1700198555\n|switch|p1a: Toxapex|Toxapex, F|100\/100\n|-damage|p1a: Toxapex|88\/100|[from] Stealth Rock\n|move|p2a: Kyogre|Water Spout|p1a: Toxapex\n|-resisted|p1a: Toxapex\n|-damage|p1a: Toxapex|40\/100\n|\n|-weather|RainDance|[upkeep]\n|upkeep\n|turn|15\n|\n|t:|1700198562\n|switch|p2a: Landorus|Landorus-Therian, M|92\/100\n|-ability|p2a: Landorus|Intimidate|boost\n|-unboost|p1a: Toxapex|atk|1\n|switch|p1a: Koraidon|Koraidon|78\/100\n|-damage|p1a: Koraidon|72\/100|[from] Stealth Rock\n|-weather|SunnyDay|[from] ability: Orichalcum Pulse|[of] p1a: Koraidon\n|-activate|p1a: Koraidon|Orichalcum Pulse|[source]\n|\n|-weather|SunnyDay|[upkeep]\n|upkeep\n|turn|16\n|\n|t:|1700198570\n|move|p1a: Koraidon|Flare Blitz|p2a: Landorus\n|-damage|p2a: Landorus|30\/100\n|-damage|p1a: Koraidon|55\/100|[from] item: Rocky Helmet|[of] p2a: Landorus\n|-damage|p1a: Koraidon|32\/100|[from] Recoil\n|move|p2a: Landorus|U-turn|p1a: Koraidon\n|-resisted|p1a: Koraidon\n|-damage|p1a: Koraidon|22\/100\n|\n|t:|1700198575\n|switch|p2a: Eternatus|Eternatus|100\/100|[from] U-turn\n|-ability|p2a: Eternatus|Pressure\n|\n|-weather|SunnyDay|[upkeep]\n|upkeep\n|turn|17\n|\n|t:|1700198580\n|switch|p1a: Toxapex|Toxapex, F|73\/100\n|-damage|p1a: Toxapex|60\/100|[from] Stealth Rock\n|move|p2a: Eternatus|Dynamax Cannon|p1a: Toxapex\n|-damage|p1a: Toxapex|19\/100\n|\n|-weather|SunnyDay|[upkeep]\n|upkeep\n|turn|18\n|\n|t:|1700198589\n|switch|p1a: Ting-Lu|Ting-Lu|29\/100\n|-damage|p1a: Ting-Lu|23\/100|[from] Stealth Rock\n|-ability|p1a: Ting-Lu|Vessel of Ruin\n|move|p2a: Eternatus|Dynamax Cannon|p1a: Ting-Lu\n|-damage|p1a: Ting-Lu|3\/100\n|\n|-weather|SunnyDay|[upkeep]\n|-heal|p1a: Ting-Lu|9\/100|[from] item: Leftovers\n|upkeep\n|turn|19\n|\n|t:|1700198592\n|move|p2a: Eternatus|Dynamax Cannon|p1a: Ting-Lu\n|-damage|p1a: Ting-Lu|0 fnt\n|faint|p1a: Ting-Lu\n|\n|-weather|none\n|upkeep\n|\n|t:|1700198598\n|switch|p1a: Miraidon|Miraidon|100\/100\n|-damage|p1a: Miraidon|88\/100|[from] Stealth Rock\n|-fieldstart|move: Electric Terrain|[from] ability: Hadron Engine|[of] p1a: Miraidon\n|turn|20\n|\n|t:|1700198604\n|switch|p2a: Ting-Lu|Ting-Lu|100\/100\n|-damage|p2a: Ting-Lu|88\/100|[from] Spikes\n|-ability|p2a: Ting-Lu|Vessel of Ruin\n|move|p1a: Miraidon|Draco Meteor|p2a: Ting-Lu\n|-damage|p2a: Ting-Lu|36\/100\n|-unboost|p1a: Miraidon|spa|2\n|-damage|p1a: Miraidon|78\/100|[from] item: Life Orb\n|\n|-heal|p2a: Ting-Lu|43\/100|[from] item: Leftovers\n|upkeep\n|turn|21\n|\n|t:|1700198618\n|switch|p1a: Koraidon|Koraidon|22\/100\n|-damage|p1a: Koraidon|16\/100|[from] Stealth Rock\n|-weather|SunnyDay|[from] ability: Orichalcum Pulse|[of] p1a: Koraidon\n|-activate|p1a: Koraidon|Orichalcum Pulse|[source]\n|move|p2a: Ting-Lu|Earthquake|p1a: Koraidon\n|-damage|p1a: Koraidon|0 fnt\n|faint|p1a: Koraidon\n|\n|-weather|SunnyDay|[upkeep]\n|-heal|p2a: Ting-Lu|49\/100|[from] item: Leftovers\n|upkeep\n|\n|t:|1700198625\n|switch|p1a: Calyrex|Calyrex-Ice|76\/100\n|-ability|p1a: Calyrex|As One\n|-ability|p1a: Calyrex|Unnerve\n|turn|22\n|\n|t:|1700198629\n|move|p1a: Calyrex|Glacial Lance|p2a: Ting-Lu\n|-supereffective|p2a: Ting-Lu\n|-damage|p2a: Ting-Lu|0 fnt\n|faint|p2a: Ting-Lu\n|-ability|p1a: Calyrex|Chilling Neigh|boost\n|-boost|p1a: Calyrex|atk|1\n|\n|-weather|SunnyDay|[upkeep]\n|upkeep\n|\n|t:|1700198633\n|switch|p2a: Kyogre|Kyogre|88\/100\n|-damage|p2a: Kyogre|76\/100|[from] Spikes\n|-weather|RainDance|[from] ability: Drizzle|[of] p2a: Kyogre\n|turn|23\n|\n|t:|1700198656\n|switch|p1a: Toxapex|Toxapex, F|52\/100\n|-damage|p1a: Toxapex|39\/100|[from] Stealth Rock\n|-terastallize|p2a: Kyogre|Water\n|move|p2a: Kyogre|Surf|p1a: Toxapex\n|-resisted|p1a: Toxapex\n|-damage|p1a: Toxapex|0 fnt\n|faint|p1a: Toxapex\n|\n|-weather|RainDance|[upkeep]\n|upkeep\n|\n|t:|1700198662\n|switch|p1a: Miraidon|Miraidon|78\/100\n|-damage|p1a: Miraidon|66\/100|[from] Stealth Rock\n|-activate|p1a: Miraidon|ability: Hadron Engine\n|turn|24\n|\n|t:|1700198675\n|switch|p2a: Landorus|Landorus-Therian, M|30\/100\n|-ability|p2a: Landorus|Intimidate|boost\n|-unboost|p1a: Miraidon|atk|1\n|move|p1a: Miraidon|Parabolic Charge|p2a: Landorus\n|-immune|p2a: Landorus\n|\n|-weather|RainDance|[upkeep]\n|-fieldend|move: Electric Terrain\n|upkeep\n|turn|25\n|\n|t:|1700198678\n|move|p1a: Miraidon|Draco Meteor|p2a: Landorus\n|-damage|p2a: Landorus|0 fnt\n|-unboost|p1a: Miraidon|spa|2\n|faint|p2a: Landorus\n|-damage|p1a: Miraidon|56\/100|[from] item: Life Orb\n|\n|-weather|RainDance|[upkeep]\n|upkeep\n|\n|t:|1700198683\n|switch|p2a: Eternatus|Eternatus|100\/100\n|-ability|p2a: Eternatus|Pressure\n|turn|26\n|\n|t:|1700198689\n|switch|p2a: Arceus|Arceus-Steel|37\/100\n|-damage|p2a: Arceus|25\/100|[from] Spikes\n|move|p1a: Miraidon|Calm Mind|p1a: Miraidon\n|-boost|p1a: Miraidon|spa|1\n|-boost|p1a: Miraidon|spd|1\n|\n|-weather|RainDance|[upkeep]\n|upkeep\n|turn|27\n|\n|t:|1700198694\n|move|p1a: Miraidon|Taunt|p2a: Arceus\n|-start|p2a: Arceus|move: Taunt\n|cant|p2a: Arceus|move: Taunt|Recover\n|\n|-weather|none\n|upkeep\n|turn|28\n|\n|t:|1700198699\n|move|p1a: Miraidon|Calm Mind|p1a: Miraidon\n|-boost|p1a: Miraidon|spa|1\n|-boost|p1a: Miraidon|spd|1\n|move|p2a: Arceus|Earth Power|p1a: Miraidon\n|-supereffective|p1a: Miraidon\n|-damage|p1a: Miraidon|35\/100\n|\n|upkeep\n|turn|29\n|\n|t:|1700198702\n|move|p1a: Miraidon|Parabolic Charge|p2a: Arceus\n|-damage|p2a: Arceus|0 fnt\n|-heal|p1a: Miraidon|51\/100|[from] drain|[of] p2a: Arceus\n|faint|p2a: Arceus\n|-damage|p1a: Miraidon|41\/100|[from] item: Life Orb\n|\n|upkeep\n|\n|t:|1700198706\n|switch|p2a: Kyogre|Kyogre, tera:Water|76\/100\n|-damage|p2a: Kyogre|64\/100|[from] Spikes\n|-weather|RainDance|[from] ability: Drizzle|[of] p2a: Kyogre\n|turn|30\n|\n|t:|1700198712\n|move|p2a: Kyogre|Ice Beam|p1a: Miraidon\n|-supereffective|p1a: Miraidon\n|-damage|p1a: Miraidon|10\/100\n|move|p1a: Miraidon|Parabolic Charge|p2a: Kyogre\n|-supereffective|p2a: Kyogre\n|-damage|p2a: Kyogre|0 fnt\n|-heal|p1a: Miraidon|42\/100|[from] drain|[of] p2a: Kyogre\n|faint|p2a: Kyogre\n|-damage|p1a: Miraidon|32\/100|[from] item: Life Orb\n|\n|-weather|RainDance|[upkeep]\n|upkeep\n|\n|t:|1700198715\n|switch|p2a: Eternatus|Eternatus|100\/100\n|-ability|p2a: Eternatus|Pressure\n|turn|31\n|c|\u2606KeshBa45|ggs\n|\n|t:|1700198723\n|move|p1a: Miraidon|Draco Meteor|p2a: Eternatus|[miss]\n|-miss|p1a: Miraidon|p2a: Eternatus\n|move|p2a: Eternatus|Dynamax Cannon|p1a: Miraidon\n|-supereffective|p1a: Miraidon\n|-damage|p1a: Miraidon|0 fnt\n|faint|p1a: Miraidon\n|\n|-weather|RainDance|[upkeep]\n|upkeep\n|\n|t:|1700198726\n|switch|p1a: Calyrex|Calyrex-Ice|76\/100\n|-ability|p1a: Calyrex|As One\n|-ability|p1a: Calyrex|Unnerve\n|turn|32\n|\n|t:|1700198729\n|-terastallize|p1a: Calyrex|Fire\n|move|p2a: Eternatus|Dynamax Cannon|p1a: Calyrex\n|-damage|p1a: Calyrex|46\/100\n|move|p1a: Calyrex|Glacial Lance|p2a: Eternatus\n|-supereffective|p2a: Eternatus\n|-damage|p2a: Eternatus|0 fnt\n|faint|p2a: Eternatus\n|\n|win|KeshBa45\n|n|\u2606KeshBa45|keshba45\n|n|\u2606skimmythegod|skimmythegod\n","uploadtime":1700198730,"views":5,"p1id":"keshba45","p2id":"skimmythegod","formatid":"gen9ubers","rating":0,"private":0,"password":""}