{"id":"gen9ubers-1980223822","p1":"Theviking52","p2":"Gummball","format":"[Gen 9] Ubers","log":"|j|\u2606Theviking52\n|j|\u2606Gummball\n|t:|1698767588\n|gametype|singles\n|player|p1|Theviking52|linebacker|\n|player|p2|Gummball|265|\n|teamsize|p1|6\n|teamsize|p2|6\n|gen|9\n|tier|[Gen 9] Ubers\n|rule|Sleep Clause Mod: Limit one foe put to sleep\n|rule|Species Clause: Limit one of each Pok\u00e9mon\n|rule|OHKO Clause: OHKO moves are banned\n|rule|Evasion Items Clause: Evasion items are banned\n|rule|Evasion Moves Clause: Evasion moves are banned\n|rule|Endless Battle Clause: Forcing endless battles is banned\n|rule|HP Percentage Mod: HP is shown in percentages\n|clearpoke\n|poke|p1|Tyranitar, F|\n|poke|p1|Magearna|\n|poke|p1|Palkia-Origin|\n|poke|p1|Houndstone, F|\n|poke|p1|Zacian-*|\n|poke|p1|Landorus, M|\n|poke|p2|Masquerain, F|\n|poke|p2|Arceus-Ice|\n|poke|p2|Gholdengo|\n|poke|p2|Palafin, M|\n|poke|p2|Chi-Yu|\n|poke|p2|Zamazenta-*|\n|teampreview\n|\n|t:|1698767613\n|start\n|switch|p1a: Zacian|Zacian|100\/100\n|switch|p2a: THE DOLPHIN|Palafin, M|100\/100\n|-ability|p1a: Zacian|Intrepid Sword|boost\n|-boost|p1a: Zacian|atk|1\n|turn|1\n|inactive|Battle timer is ON: inactive players will automatically lose when time's up. (requested by Gummball)\n|\n|t:|1698767621\n|move|p1a: Zacian|Agility|p1a: Zacian\n|-boost|p1a: Zacian|spe|2\n|move|p2a: THE DOLPHIN|Flip Turn|p1a: Zacian\n|-damage|p1a: Zacian|80\/100\n|\n|t:|1698767646\n|detailschange|p2a: THE DOLPHIN|Palafin-Hero, M\n|switch|p2a: THE CHEESESTRING|Gholdengo|100\/100|[from] Flip Turn\n|\n|-heal|p1a: Zacian|87\/100|[from] item: Leftovers\n|upkeep\n|turn|2\n|\n|t:|1698767657\n|-terastallize|p1a: Zacian|Ground\n|move|p1a: Zacian|Tera Blast|p2a: THE CHEESESTRING|[anim] Tera Blast Ground\n|-supereffective|p2a: THE CHEESESTRING\n|-damage|p2a: THE CHEESESTRING|0 fnt\n|faint|p2a: THE CHEESESTRING\n|\n|-heal|p1a: Zacian|93\/100|[from] item: Leftovers\n|upkeep\n|\n|t:|1698767664\n|switch|p2a: THE DOLPHIN|Palafin-Hero, M|100\/100\n|-activate|p2a: THE DOLPHIN|ability: Zero to Hero\n|turn|3\n|\n|t:|1698767668\n|-terastallize|p2a: THE DOLPHIN|Water\n|move|p1a: Zacian|Play Rough|p2a: THE DOLPHIN\n|-damage|p2a: THE DOLPHIN|47\/100\n|move|p2a: THE DOLPHIN|Wave Crash|p1a: Zacian\n|-supereffective|p1a: Zacian\n|-damage|p1a: Zacian|0 fnt\n|faint|p1a: Zacian\n|-damage|p2a: THE DOLPHIN|12\/100|[from] Recoil\n|\n|upkeep\n|\n|t:|1698767680\n|switch|p1a: Palkia|Palkia-Origin|100\/100\n|-ability|p1a: Palkia|Pressure\n|turn|4\n|\n|t:|1698767687\n|move|p1a: Palkia|Draco Meteor|p2a: THE DOLPHIN\n|-damage|p2a: THE DOLPHIN|0 fnt\n|-unboost|p1a: Palkia|spa|2\n|faint|p2a: THE DOLPHIN\n|\n|upkeep\n|\n|t:|1698767699\n|switch|p2a: Arceus|Arceus-Ice|100\/100\n|turn|5\n|\n|t:|1698767708\n|switch|p1a: Tyranitar|Tyranitar, F|100\/100\n|-weather|Sandstorm|[from] ability: Sand Stream|[of] p1a: Tyranitar\n|move|p2a: Arceus|Thunderbolt|p1a: Tyranitar\n|-damage|p1a: Tyranitar|86\/100\n|\n|-weather|Sandstorm|[upkeep]\n|-damage|p2a: Arceus|94\/100|[from] Sandstorm\n|upkeep\n|turn|6\n|\n|t:|1698767717\n|move|p2a: Arceus|Calm Mind|p2a: Arceus\n|-boost|p2a: Arceus|spa|1\n|-boost|p2a: Arceus|spd|1\n|move|p1a: Tyranitar|Knock Off|p2a: Arceus\n|-damage|p2a: Arceus|68\/100\n|\n|-weather|Sandstorm|[upkeep]\n|-damage|p2a: Arceus|62\/100|[from] Sandstorm\n|upkeep\n|turn|7\n|\n|t:|1698767724\n|move|p2a: Arceus|Calm Mind|p2a: Arceus\n|-boost|p2a: Arceus|spa|1\n|-boost|p2a: Arceus|spd|1\n|move|p1a: Tyranitar|Rock Slide|p2a: Arceus\n|-supereffective|p2a: Arceus\n|-damage|p2a: Arceus|0 fnt\n|faint|p2a: Arceus\n|\n|-weather|Sandstorm|[upkeep]\n|upkeep\n|\n|t:|1698767730\n|switch|p2a: THOUSAND SUNNY|Masquerain, F|100\/100\n|-ability|p2a: THOUSAND SUNNY|Intimidate|boost\n|-unboost|p1a: Tyranitar|atk|1\n|turn|8\n|\n|t:|1698767737\n|move|p2a: THOUSAND SUNNY|Stun Spore|p1a: Tyranitar\n|-status|p1a: Tyranitar|par\n|move|p1a: Tyranitar|Rock Slide|p2a: THOUSAND SUNNY\n|-supereffective|p2a: THOUSAND SUNNY\n|-enditem|p2a: THOUSAND SUNNY|Focus Sash\n|-damage|p2a: THOUSAND SUNNY|1\/100\n|\n|-weather|Sandstorm|[upkeep]\n|-damage|p2a: THOUSAND SUNNY|0 fnt|[from] Sandstorm\n|faint|p2a: THOUSAND SUNNY\n|upkeep\n|\n|t:|1698767740\n|switch|p2a: THE DAWG|Zamazenta-Crowned|100\/100\n|-ability|p2a: THE DAWG|Dauntless Shield|boost\n|-boost|p2a: THE DAWG|def|1\n|turn|9\n|\n|t:|1698767754\n|switch|p1a: Magearna|Magearna|100\/100\n|move|p2a: THE DAWG|Substitute|p2a: THE DAWG\n|-start|p2a: THE DAWG|Substitute\n|-damage|p2a: THE DAWG|75\/100\n|\n|-weather|none\n|upkeep\n|turn|10\n|\n|t:|1698767764\n|move|p2a: THE DAWG|Iron Defense|p2a: THE DAWG\n|-boost|p2a: THE DAWG|def|2\n|move|p1a: Magearna|Fleur Cannon|p2a: THE DAWG\n|-end|p2a: THE DAWG|Substitute\n|-unboost|p1a: Magearna|spa|2\n|\n|upkeep\n|turn|11\n|\n|t:|1698767774\n|move|p2a: THE DAWG|Body Press|p1a: Magearna\n|-damage|p1a: Magearna|5\/100\n|move|p1a: Magearna|Ice Beam|p2a: THE DAWG\n|-resisted|p2a: THE DAWG\n|-damage|p2a: THE DAWG|69\/100\n|\n|-heal|p1a: Magearna|11\/100|[from] item: Leftovers\n|upkeep\n|turn|12\n|\n|t:|1698767784\n|move|p2a: THE DAWG|Iron Defense|p2a: THE DAWG\n|-boost|p2a: THE DAWG|def|2\n|move|p1a: Magearna|Ice Beam|p2a: THE DAWG\n|-resisted|p2a: THE DAWG\n|-damage|p2a: THE DAWG|64\/100\n|-status|p2a: THE DAWG|frz\n|\n|-heal|p1a: Magearna|17\/100|[from] item: Leftovers\n|upkeep\n|turn|13\n|\n|t:|1698767795\n|switch|p1a: Palkia|Palkia-Origin|100\/100\n|-ability|p1a: Palkia|Pressure\n|cant|p2a: THE DAWG|frz\n|\n|upkeep\n|turn|14\n|\n|t:|1698767803\n|move|p1a: Palkia|Substitute|p1a: Palkia\n|-start|p1a: Palkia|Substitute\n|-damage|p1a: Palkia|76\/100\n|cant|p2a: THE DAWG|frz\n|\n|upkeep\n|turn|15\n|\n|t:|1698767813\n|move|p1a: Palkia|Fire Blast|p2a: THE DAWG\n|-supereffective|p2a: THE DAWG\n|-damage|p2a: THE DAWG|12\/100 frz\n|-curestatus|p2a: THE DAWG|frz|[msg]\n|move|p2a: THE DAWG|Body Press|p1a: Palkia\n|-end|p1a: Palkia|Substitute\n|\n|upkeep\n|turn|16\n|\n|t:|1698767822\n|move|p1a: Palkia|Fire Blast|p2a: THE DAWG\n|-supereffective|p2a: THE DAWG\n|-damage|p2a: THE DAWG|0 fnt\n|faint|p2a: THE DAWG\n|\n|upkeep\n|\n|t:|1698767824\n|switch|p2a: THE FISH|Chi-Yu|100\/100\n|-ability|p2a: THE FISH|Beads of Ruin\n|turn|17\n|\n|t:|1698767832\n|move|p1a: Palkia|Hydro Pump|p2a: THE FISH\n|-supereffective|p2a: THE FISH\n|-damage|p2a: THE FISH|0 fnt\n|faint|p2a: THE FISH\n|\n|win|Theviking52\n|l|\u2606Gummball\n","uploadtime":1698767845,"views":19,"p1id":"theviking52","p2id":"gummball","formatid":"gen9ubers","rating":0,"private":0,"password":""}