{"id":"gen9ubers-1976956839","p1":"wyvernl0rd","p2":"Janis105","format":"[Gen 9] Ubers","log":"|j|\u2606wyvernl0rd\n|j|\u2606Janis105\n|t:|1698355975\n|gametype|singles\n|player|p1|wyvernl0rd|winona|\n|player|p2|Janis105|eusine|\n|teamsize|p1|6\n|teamsize|p2|6\n|gen|9\n|tier|[Gen 9] Ubers\n|rule|Sleep Clause Mod: Limit one foe put to sleep\n|rule|Species Clause: Limit one of each Pok\u00e9mon\n|rule|OHKO Clause: OHKO moves are banned\n|rule|Evasion Items Clause: Evasion items are banned\n|rule|Evasion Moves Clause: Evasion moves are banned\n|rule|Endless Battle Clause: Forcing endless battles is banned\n|rule|HP Percentage Mod: HP is shown in percentages\n|clearpoke\n|poke|p1|Pelipper, F|\n|poke|p1|Basculegion-F, F|\n|poke|p1|Overqwil, M|\n|poke|p1|Manaphy|\n|poke|p1|Palkia-Origin|\n|poke|p1|Donphan, M|\n|poke|p2|Empoleon, M|\n|poke|p2|Arceus-Poison|\n|poke|p2|Gliscor, F|\n|poke|p2|Clefable, M|\n|poke|p2|Zacian-*|\n|poke|p2|Palkia-Origin|\n|teampreview\n|c|\u2606Janis105|glhf\n|c|\u2606wyvernl0rd|glhf\n|c|\u2606Janis105|did u save the replay? forgot about it\n|c|\u2606Janis105|didn't think about the window closing when I ff\n|c|\u2606wyvernl0rd|yeah i saved it\n|\n|t:|1698356027\n|start\n|switch|p1a: Pelipper|Pelipper, F|100\/100\n|switch|p2a: Gliscor|Gliscor, F|100\/100\n|-weather|RainDance|[from] ability: Drizzle|[of] p1a: Pelipper\n|turn|1\n|\n|t:|1698356040\n|-terastallize|p2a: Gliscor|Water\n|move|p2a: Gliscor|Spikes|p1a: Pelipper\n|-sidestart|p1: wyvernl0rd|Spikes\n|move|p1a: Pelipper|U-turn|p2a: Gliscor\n|-damage|p2a: Gliscor|93\/100\n|\n|t:|1698356060\n|switch|p1a: Donphan|Donphan, M|100\/100|[from] U-turn\n|\n|-weather|RainDance|[upkeep]\n|-status|p2a: Gliscor|tox|[from] item: Toxic Orb\n|upkeep\n|turn|2\n|\n|t:|1698356072\n|move|p2a: Gliscor|Protect|p2a: Gliscor\n|-singleturn|p2a: Gliscor|Protect\n|move|p1a: Donphan|Rapid Spin|p2a: Gliscor\n|-activate|p2a: Gliscor|move: Protect\n|\n|-weather|RainDance|[upkeep]\n|-heal|p2a: Gliscor|100\/100 tox|[from] ability: Poison Heal\n|upkeep\n|turn|3\n|\n|t:|1698356076\n|move|p2a: Gliscor|Knock Off|p1a: Donphan\n|-damage|p1a: Donphan|83\/100\n|-enditem|p1a: Donphan|Heavy-Duty Boots|[from] move: Knock Off|[of] p2a: Gliscor\n|move|p1a: Donphan|Rapid Spin|p2a: Gliscor\n|-damage|p2a: Gliscor|87\/100 tox\n|-boost|p1a: Donphan|spe|1\n|-sideend|p1: wyvernl0rd|Spikes|[from] move: Rapid Spin|[of] p1a: Donphan\n|\n|-weather|RainDance|[upkeep]\n|-heal|p2a: Gliscor|99\/100 tox|[from] ability: Poison Heal\n|upkeep\n|turn|4\n|\n|t:|1698356089\n|switch|p1a: Palkia|Palkia-Origin|100\/100\n|-ability|p1a: Palkia|Pressure\n|move|p2a: Gliscor|Spikes|p1a: Palkia\n|-sidestart|p1: wyvernl0rd|Spikes\n|\n|-weather|RainDance|[upkeep]\n|-heal|p2a: Gliscor|100\/100 tox|[from] ability: Poison Heal\n|upkeep\n|turn|5\n|\n|t:|1698356107\n|move|p1a: Palkia|Spacial Rend|p2a: Gliscor\n|-damage|p2a: Gliscor|38\/100 tox\n|move|p2a: Gliscor|Earthquake|p1a: Palkia\n|-damage|p1a: Palkia|64\/100\n|\n|-weather|RainDance|[upkeep]\n|-heal|p2a: Gliscor|50\/100 tox|[from] ability: Poison Heal\n|upkeep\n|turn|6\n|\n|t:|1698356115\n|move|p2a: Gliscor|Protect|p2a: Gliscor\n|-singleturn|p2a: Gliscor|Protect\n|move|p1a: Palkia|Spacial Rend|p2a: Gliscor\n|-activate|p2a: Gliscor|move: Protect\n|\n|-weather|RainDance|[upkeep]\n|-heal|p2a: Gliscor|63\/100 tox|[from] ability: Poison Heal\n|upkeep\n|turn|7\n|\n|t:|1698356121\n|switch|p2a: Clefable|Clefable, M|100\/100\n|move|p1a: Palkia|Hydro Pump|p2a: Clefable\n|-damage|p2a: Clefable|0 fnt\n|faint|p2a: Clefable\n|\n|-weather|RainDance|[upkeep]\n|upkeep\n|\n|t:|1698356132\n|switch|p2a: Empoleon|Empoleon, M|100\/100\n|turn|8\n|\n|t:|1698356138\n|move|p1a: Palkia|Earth Power|p2a: Empoleon\n|-supereffective|p2a: Empoleon\n|-damage|p2a: Empoleon|54\/100\n|move|p2a: Empoleon|Stealth Rock|p1a: Palkia\n|-sidestart|p1: wyvernl0rd|move: Stealth Rock\n|\n|-weather|none\n|-heal|p2a: Empoleon|60\/100|[from] item: Leftovers\n|upkeep\n|turn|9\n|\n|t:|1698356152\n|move|p1a: Palkia|Spacial Rend|p2a: Empoleon\n|-resisted|p2a: Empoleon\n|-damage|p2a: Empoleon|38\/100\n|move|p2a: Empoleon|Roost|p2a: Empoleon\n|-heal|p2a: Empoleon|88\/100\n|-singleturn|p2a: Empoleon|move: Roost\n|\n|-heal|p2a: Empoleon|94\/100|[from] item: Leftovers\n|upkeep\n|turn|10\n|\n|t:|1698356164\n|move|p1a: Palkia|Earth Power|p2a: Empoleon\n|-supereffective|p2a: Empoleon\n|-damage|p2a: Empoleon|48\/100\n|move|p2a: Empoleon|Grass Knot|p1a: Palkia\n|-damage|p1a: Palkia|38\/100\n|\n|-heal|p2a: Empoleon|54\/100|[from] item: Leftovers\n|upkeep\n|turn|11\n|\n|t:|1698356172\n|-terastallize|p1a: Palkia|Ground\n|move|p1a: Palkia|Earth Power|p2a: Empoleon\n|-supereffective|p2a: Empoleon\n|-damage|p2a: Empoleon|0 fnt\n|faint|p2a: Empoleon\n|\n|upkeep\n|\n|t:|1698356180\n|switch|p2a: Zacian|Zacian|100\/100\n|-ability|p2a: Zacian|Intrepid Sword|boost\n|-boost|p2a: Zacian|atk|1\n|turn|12\n|\n|t:|1698356185\n|move|p2a: Zacian|Play Rough|p1a: Palkia\n|-damage|p1a: Palkia|0 fnt\n|faint|p1a: Palkia\n|\n|upkeep\n|\n|t:|1698356190\n|switch|p1a: Pelipper|Pelipper, F|100\/100\n|-damage|p1a: Pelipper|76\/100|[from] Stealth Rock\n|-weather|RainDance|[from] ability: Drizzle|[of] p1a: Pelipper\n|turn|13\n|\n|t:|1698356217\n|move|p2a: Zacian|Wild Charge|p1a: Pelipper\n|-supereffective|p1a: Pelipper\n|-damage|p1a: Pelipper|0 fnt\n|faint|p1a: Pelipper\n|-damage|p2a: Zacian|82\/100|[from] Recoil\n|\n|-weather|RainDance|[upkeep]\n|upkeep\n|\n|t:|1698356224\n|switch|p1a: Basculegion|Basculegion-F, F|100\/100\n|-damage|p1a: Basculegion|88\/100|[from] Spikes\n|-damage|p1a: Basculegion|76\/100|[from] Stealth Rock\n|turn|14\n|\n|t:|1698356241\n|move|p1a: Basculegion|Wave Crash|p2a: Zacian\n|-crit|p2a: Zacian\n|-damage|p2a: Zacian|0 fnt\n|faint|p2a: Zacian\n|-damage|p1a: Basculegion|53\/100|[from] Recoil\n|\n|-weather|RainDance|[upkeep]\n|upkeep\n|\n|t:|1698356259\n|switch|p2a: Gliscor|Gliscor, F, tera:Water|63\/100 tox\n|turn|15\n|\n|t:|1698356274\n|move|p1a: Basculegion|Last Respects|p2a: Gliscor\n|-damage|p2a: Gliscor|0 fnt\n|faint|p2a: Gliscor\n|\n|-weather|RainDance|[upkeep]\n|upkeep\n|c|\u2606Janis105|man\n|\n|t:|1698356314\n|switch|p2a: Arceus|Arceus-Poison|100\/100\n|turn|16\n|\n|t:|1698356333\n|move|p1a: Basculegion|Last Respects|p2a: Arceus\n|-damage|p2a: Arceus|51\/100\n|move|p2a: Arceus|Will-O-Wisp|p1a: Basculegion\n|-status|p1a: Basculegion|brn\n|\n|-weather|RainDance|[upkeep]\n|-damage|p1a: Basculegion|47\/100 brn|[from] brn\n|upkeep\n|turn|17\n|\n|t:|1698356350\n|move|p1a: Basculegion|Flip Turn|p2a: Arceus\n|-damage|p2a: Arceus|39\/100\n|\n|t:|1698356359\n|switch|p1a: Donphan|Donphan, M|83\/100|[from] Flip Turn\n|-damage|p1a: Donphan|70\/100|[from] Spikes\n|-damage|p1a: Donphan|64\/100|[from] Stealth Rock\n|move|p2a: Arceus|Recover|p2a: Arceus\n|-heal|p2a: Arceus|89\/100\n|\n|-weather|RainDance|[upkeep]\n|upkeep\n|turn|18\n|\n|t:|1698356375\n|move|p2a: Arceus|Will-O-Wisp|p1a: Donphan\n|-status|p1a: Donphan|brn\n|move|p1a: Donphan|Rapid Spin|p2a: Arceus\n|-damage|p2a: Arceus|83\/100\n|-boost|p1a: Donphan|spe|1\n|-sideend|p1: wyvernl0rd|Spikes|[from] move: Rapid Spin|[of] p1a: Donphan\n|-sideend|p1: wyvernl0rd|Stealth Rock|[from] move: Rapid Spin|[of] p1a: Donphan\n|\n|-weather|RainDance|[upkeep]\n|-damage|p1a: Donphan|58\/100 brn|[from] brn\n|upkeep\n|turn|19\n|\n|t:|1698356383\n|move|p2a: Arceus|Calm Mind|p2a: Arceus\n|-boost|p2a: Arceus|spa|1\n|-boost|p2a: Arceus|spd|1\n|move|p1a: Donphan|Endeavor|p2a: Arceus\n|-damage|p2a: Arceus|50\/100\n|\n|-weather|RainDance|[upkeep]\n|-damage|p1a: Donphan|52\/100 brn|[from] brn\n|upkeep\n|turn|20\n|\n|t:|1698356391\n|move|p2a: Arceus|Calm Mind|p2a: Arceus\n|-boost|p2a: Arceus|spa|1\n|-boost|p2a: Arceus|spd|1\n|move|p1a: Donphan|Rapid Spin|p2a: Arceus\n|-damage|p2a: Arceus|45\/100\n|-boost|p1a: Donphan|spe|1\n|\n|-weather|none\n|-damage|p1a: Donphan|46\/100 brn|[from] brn\n|upkeep\n|turn|21\n|\n|t:|1698356397\n|move|p2a: Arceus|Recover|p2a: Arceus\n|-heal|p2a: Arceus|95\/100\n|move|p1a: Donphan|Endeavor|p2a: Arceus\n|-damage|p2a: Arceus|40\/100\n|\n|-damage|p1a: Donphan|40\/100 brn|[from] brn\n|upkeep\n|turn|22\n|\n|t:|1698356406\n|move|p2a: Arceus|Calm Mind|p2a: Arceus\n|-boost|p2a: Arceus|spa|1\n|-boost|p2a: Arceus|spd|1\n|move|p1a: Donphan|Rapid Spin|p2a: Arceus\n|-damage|p2a: Arceus|35\/100\n|-boost|p1a: Donphan|spe|1\n|\n|-damage|p1a: Donphan|34\/100 brn|[from] brn\n|upkeep\n|turn|23\n|\n|t:|1698356411\n|move|p2a: Arceus|Calm Mind|p2a: Arceus\n|-boost|p2a: Arceus|spa|1\n|-boost|p2a: Arceus|spd|1\n|move|p1a: Donphan|Earthquake|p2a: Arceus\n|-supereffective|p2a: Arceus\n|-crit|p2a: Arceus\n|-damage|p2a: Arceus|0 fnt\n|faint|p2a: Arceus\n|\n|-damage|p1a: Donphan|28\/100 brn|[from] brn\n|upkeep\n|c|\u2606Janis105|dude\n|\n|t:|1698356432\n|switch|p2a: Palkia|Palkia-Origin|100\/100\n|-ability|p2a: Palkia|Pressure\n|turn|24\n|\n|t:|1698356452\n|move|p2a: Palkia|Hydro Pump|p1a: Donphan\n|-supereffective|p1a: Donphan\n|-damage|p1a: Donphan|0 fnt\n|faint|p1a: Donphan\n|\n|upkeep\n|\n|t:|1698356460\n|switch|p1a: Overqwil|Overqwil, M|100\/100\n|turn|25\n|\n|t:|1698356465\n|move|p2a: Palkia|Hydro Pump|p1a: Overqwil\n|-damage|p1a: Overqwil|0 fnt\n|faint|p1a: Overqwil\n|\n|upkeep\n|\n|t:|1698356469\n|switch|p1a: Manaphy|Manaphy|100\/100\n|turn|26\n|\n|t:|1698356477\n|move|p2a: Palkia|Hydro Pump|p1a: Manaphy\n|-resisted|p1a: Manaphy\n|-damage|p1a: Manaphy|62\/100\n|move|p1a: Manaphy|Ice Beam|p2a: Palkia\n|-damage|p2a: Palkia|78\/100\n|-status|p2a: Palkia|frz\n|\n|-heal|p1a: Manaphy|68\/100|[from] item: Leftovers\n|upkeep\n|turn|27\n|\n|t:|1698356487\n|cant|p2a: Palkia|frz\n|move|p1a: Manaphy|Tail Glow|p1a: Manaphy\n|-boost|p1a: Manaphy|spa|3\n|\n|-heal|p1a: Manaphy|74\/100|[from] item: Leftovers\n|upkeep\n|turn|28\n|c|\u2606Janis105|nah\n|c|\u2606Janis105|2 game deciding crits and I still would've won without the freeze\n|c|\u2606Janis105|unfortunate does not begin to...\n|\n|t:|1698356525\n|-curestatus|p2a: Palkia|frz|[msg]\n|move|p2a: Palkia|Draco Meteor|p1a: Manaphy|[miss]\n|-miss|p2a: Palkia|p1a: Manaphy\n|move|p1a: Manaphy|Energy Ball|p2a: Palkia\n|-damage|p2a: Palkia|20\/100\n|\n|-heal|p1a: Manaphy|80\/100|[from] item: Leftovers\n|upkeep\n|turn|29\n|c|\u2606Janis105|OH MY GOD\n|c|\u2606Janis105|xD\n|\n|t:|1698356542\n|move|p2a: Palkia|Draco Meteor|p1a: Manaphy\n|-damage|p1a: Manaphy|0 fnt\n|-unboost|p2a: Palkia|spa|2\n|faint|p1a: Manaphy\n|\n|upkeep\n|\n|t:|1698356547\n|switch|p1a: Basculegion|Basculegion-F, F|47\/100 brn\n|turn|30\n|\n|t:|1698356554\n|move|p2a: Palkia|Draco Meteor|p1a: Basculegion\n|-damage|p1a: Basculegion|0 fnt\n|-unboost|p2a: Palkia|spa|2\n|faint|p1a: Basculegion\n|\n|win|Janis105\n|c|\u2606wyvernl0rd|gg\n|c|\u2606Janis105|gg\n|l|\u2606wyvernl0rd\n|c|\u2606Janis105|I had to call to the gods for a sec there\n|j|\u2606wyvernl0rd\n|player|p1|wyvernl0rd|winona\n","uploadtime":1698356584,"views":28,"p1id":"wyvernl0rd","p2id":"janis105","formatid":"gen9ubers","rating":0,"private":0,"password":""}