{"id":"gen9ubers-1993518696","p1":"FatalOblivion","p2":"ZachPlay","format":"[Gen 9] Ubers","log":"|j|\u2606FatalOblivion\n|j|\u2606ZachPlay\n|t:|1700327290\n|gametype|singles\n|player|p1|FatalOblivion|marley|\n|player|p2|ZachPlay|ginchiyo-conquest|\n|teamsize|p1|6\n|teamsize|p2|6\n|gen|9\n|tier|[Gen 9] Ubers\n|rule|Sleep Clause Mod: Limit one foe put to sleep\n|rule|Species Clause: Limit one of each Pok\u00e9mon\n|rule|OHKO Clause: OHKO moves are banned\n|rule|Evasion Items Clause: Evasion items are banned\n|rule|Evasion Moves Clause: Evasion moves are banned\n|rule|Endless Battle Clause: Forcing endless battles is banned\n|rule|HP Percentage Mod: HP is shown in percentages\n|clearpoke\n|poke|p1|Ninetales, F|\n|poke|p1|Chi-Yu|\n|poke|p1|Magearna|\n|poke|p1|Arceus-Fire|\n|poke|p1|Roaring Moon|\n|poke|p1|Walking Wake|\n|poke|p2|Orthworm, F|\n|poke|p2|Espathra, M|\n|poke|p2|Zacian-*|\n|poke|p2|Volcarona, M|\n|poke|p2|Roaring Moon|\n|poke|p2|Arceus-Poison|\n|teampreview\n|inactive|Battle timer is ON: inactive players will automatically lose when time's up. (requested by FatalOblivion)\n|\n|t:|1700327300\n|start\n|switch|p1a: Magearna|Magearna|100\/100\n|switch|p2a: Arceus|Arceus-Poison|100\/100\n|turn|1\n|\n|t:|1700327308\n|move|p2a: Arceus|Earth Power|p1a: Magearna\n|-supereffective|p1a: Magearna\n|-damage|p1a: Magearna|61\/100\n|move|p1a: Magearna|Calm Mind|p1a: Magearna\n|-boost|p1a: Magearna|spa|1\n|-boost|p1a: Magearna|spd|1\n|\n|-heal|p1a: Magearna|68\/100|[from] item: Leftovers\n|upkeep\n|turn|2\n|\n|t:|1700327320\n|move|p2a: Arceus|Calm Mind|p2a: Arceus\n|-boost|p2a: Arceus|spa|1\n|-boost|p2a: Arceus|spd|1\n|move|p1a: Magearna|Shift Gear|p1a: Magearna\n|-boost|p1a: Magearna|spe|2\n|-boost|p1a: Magearna|atk|1\n|\n|-heal|p1a: Magearna|74\/100|[from] item: Leftovers\n|upkeep\n|turn|3\n|\n|t:|1700327326\n|move|p2a: Arceus|Earth Power|p1a: Magearna\n|-supereffective|p1a: Magearna\n|-damage|p1a: Magearna|30\/100\n|move|p1a: Magearna|Calm Mind|p1a: Magearna\n|-boost|p1a: Magearna|spa|1\n|-boost|p1a: Magearna|spd|1\n|\n|-heal|p1a: Magearna|36\/100|[from] item: Leftovers\n|upkeep\n|turn|4\n|\n|t:|1700327337\n|move|p2a: Arceus|Earth Power|p1a: Magearna\n|-supereffective|p1a: Magearna\n|-damage|p1a: Magearna|5\/100\n|move|p1a: Magearna|Flash Cannon|p2a: Arceus\n|-damage|p2a: Arceus|70\/100\n|\n|-heal|p1a: Magearna|11\/100|[from] item: Leftovers\n|upkeep\n|turn|5\n|\n|t:|1700327342\n|move|p2a: Arceus|Earth Power|p1a: Magearna\n|-supereffective|p1a: Magearna\n|-damage|p1a: Magearna|0 fnt\n|faint|p1a: Magearna\n|\n|upkeep\n|\n|t:|1700327347\n|switch|p1a: Ninetales|Ninetales, F|100\/100\n|-weather|SunnyDay|[from] ability: Drought|[of] p1a: Ninetales\n|turn|6\n|\n|t:|1700327350\n|move|p2a: Arceus|Recover|p2a: Arceus\n|-heal|p2a: Arceus|100\/100\n|move|p1a: Ninetales|Weather Ball|p2a: Arceus\n|-damage|p2a: Arceus|60\/100\n|\n|-weather|SunnyDay|[upkeep]\n|upkeep\n|turn|7\n|\n|t:|1700327356\n|move|p2a: Arceus|Calm Mind|p2a: Arceus\n|-boost|p2a: Arceus|spa|1\n|-boost|p2a: Arceus|spd|1\n|move|p1a: Ninetales|Weather Ball|p2a: Arceus\n|-damage|p2a: Arceus|30\/100\n|\n|-weather|SunnyDay|[upkeep]\n|upkeep\n|turn|8\n|\n|t:|1700327370\n|switch|p1a: Roaring Moon|Roaring Moon|100\/100\n|-activate|p1a: Roaring Moon|ability: Protosynthesis\n|-start|p1a: Roaring Moon|protosynthesisatk\n|move|p2a: Arceus|Recover|p2a: Arceus\n|-heal|p2a: Arceus|80\/100\n|\n|-weather|SunnyDay|[upkeep]\n|upkeep\n|turn|9\n|\n|t:|1700327375\n|move|p2a: Arceus|Sludge Bomb|p1a: Roaring Moon\n|-damage|p1a: Roaring Moon|12\/100\n|move|p1a: Roaring Moon|Knock Off|p2a: Arceus\n|-damage|p2a: Arceus|46\/100\n|\n|-weather|SunnyDay|[upkeep]\n|upkeep\n|turn|10\n|\n|t:|1700327384\n|move|p2a: Arceus|Sludge Bomb|p1a: Roaring Moon\n|-damage|p1a: Roaring Moon|0 fnt\n|faint|p1a: Roaring Moon\n|-end|p1a: Roaring Moon|Protosynthesis|[silent]\n|\n|-weather|none\n|upkeep\n|\n|t:|1700327387\n|switch|p1a: Ninetales|Ninetales, F|100\/100\n|-weather|SunnyDay|[from] ability: Drought|[of] p1a: Ninetales\n|turn|11\n|\n|t:|1700327390\n|move|p2a: Arceus|Recover|p2a: Arceus\n|-heal|p2a: Arceus|96\/100\n|move|p1a: Ninetales|Will-O-Wisp|p2a: Arceus\n|-status|p2a: Arceus|brn\n|\n|-weather|SunnyDay|[upkeep]\n|-damage|p2a: Arceus|90\/100 brn|[from] brn\n|upkeep\n|turn|12\n|\n|t:|1700327395\n|switch|p1a: Chi-Yu|Chi-Yu|100\/100\n|-ability|p1a: Chi-Yu|Beads of Ruin\n|move|p2a: Arceus|Earth Power|p1a: Chi-Yu\n|-supereffective|p1a: Chi-Yu\n|-damage|p1a: Chi-Yu|0 fnt\n|faint|p1a: Chi-Yu\n|\n|-weather|SunnyDay|[upkeep]\n|-damage|p2a: Arceus|84\/100 brn|[from] brn\n|upkeep\n|\n|t:|1700327397\n|switch|p1a: Walking Wake|Walking Wake|100\/100\n|-activate|p1a: Walking Wake|ability: Protosynthesis\n|-start|p1a: Walking Wake|protosynthesisspe\n|turn|13\n|\n|t:|1700327407\n|-terastallize|p1a: Walking Wake|Water\n|move|p1a: Walking Wake|Hydro Steam|p2a: Arceus\n|-damage|p2a: Arceus|44\/100 brn\n|move|p2a: Arceus|Sludge Bomb|p1a: Walking Wake\n|-damage|p1a: Walking Wake|2\/100\n|-status|p1a: Walking Wake|psn\n|\n|-weather|SunnyDay|[upkeep]\n|-damage|p1a: Walking Wake|0 fnt|[from] psn\n|faint|p1a: Walking Wake\n|-end|p1a: Walking Wake|Protosynthesis|[silent]\n|-damage|p2a: Arceus|38\/100 brn|[from] brn\n|upkeep\n|c|\u2606FatalOblivion|Wow\n|\n|t:|1700327421\n|switch|p1a: Arceus|Arceus-Fire|100\/100\n|turn|14\n|\n|t:|1700327424\n|move|p2a: Arceus|Recover|p2a: Arceus\n|-heal|p2a: Arceus|88\/100 brn\n|move|p1a: Arceus|Calm Mind|p1a: Arceus\n|-boost|p1a: Arceus|spa|1\n|-boost|p1a: Arceus|spd|1\n|\n|-weather|SunnyDay|[upkeep]\n|-damage|p2a: Arceus|82\/100 brn|[from] brn\n|upkeep\n|turn|15\n|\n|t:|1700327431\n|move|p2a: Arceus|Earth Power|p1a: Arceus\n|-supereffective|p1a: Arceus\n|-damage|p1a: Arceus|60\/100\n|move|p1a: Arceus|Calm Mind|p1a: Arceus\n|-boost|p1a: Arceus|spa|1\n|-boost|p1a: Arceus|spd|1\n|\n|-weather|none\n|-damage|p2a: Arceus|76\/100 brn|[from] brn\n|upkeep\n|turn|16\n|\n|t:|1700327436\n|move|p2a: Arceus|Calm Mind|p2a: Arceus\n|-boost|p2a: Arceus|spa|1\n|-boost|p2a: Arceus|spd|1\n|move|p1a: Arceus|Recover|p1a: Arceus\n|-heal|p1a: Arceus|100\/100\n|\n|-damage|p2a: Arceus|70\/100 brn|[from] brn\n|upkeep\n|turn|17\n|\n|t:|1700327439\n|move|p2a: Arceus|Calm Mind|p2a: Arceus\n|-boost|p2a: Arceus|spa|1\n|-boost|p2a: Arceus|spd|1\n|move|p1a: Arceus|Calm Mind|p1a: Arceus\n|-boost|p1a: Arceus|spa|1\n|-boost|p1a: Arceus|spd|1\n|\n|-damage|p2a: Arceus|64\/100 brn|[from] brn\n|upkeep\n|turn|18\n|\n|t:|1700327441\n|move|p2a: Arceus|Recover|p2a: Arceus\n|-heal|p2a: Arceus|100\/100 brn\n|move|p1a: Arceus|Calm Mind|p1a: Arceus\n|-boost|p1a: Arceus|spa|1\n|-boost|p1a: Arceus|spd|1\n|\n|-damage|p2a: Arceus|94\/100 brn|[from] brn\n|upkeep\n|turn|19\n|\n|t:|1700327444\n|move|p2a: Arceus|Calm Mind|p2a: Arceus\n|-boost|p2a: Arceus|spa|1\n|-boost|p2a: Arceus|spd|1\n|move|p1a: Arceus|Calm Mind|p1a: Arceus\n|-boost|p1a: Arceus|spa|1\n|-boost|p1a: Arceus|spd|1\n|\n|-damage|p2a: Arceus|88\/100 brn|[from] brn\n|upkeep\n|turn|20\n|\n|t:|1700327447\n|move|p2a: Arceus|Calm Mind|p2a: Arceus\n|-boost|p2a: Arceus|spa|1\n|-boost|p2a: Arceus|spd|1\n|move|p1a: Arceus|Calm Mind|p1a: Arceus\n|-boost|p1a: Arceus|spa|1\n|-boost|p1a: Arceus|spd|1\n|\n|-damage|p2a: Arceus|82\/100 brn|[from] brn\n|upkeep\n|turn|21\n|\n|t:|1700327451\n|move|p2a: Arceus|Sludge Bomb|p1a: Arceus\n|-damage|p1a: Arceus|72\/100\n|move|p1a: Arceus|Judgment|p2a: Arceus\n|-damage|p2a: Arceus|41\/100 brn\n|\n|-damage|p2a: Arceus|35\/100 brn|[from] brn\n|upkeep\n|turn|22\n|\n|t:|1700327454\n|move|p2a: Arceus|Recover|p2a: Arceus\n|-heal|p2a: Arceus|85\/100 brn\n|move|p1a: Arceus|Iron Defense|p1a: Arceus\n|-boost|p1a: Arceus|def|2\n|\n|-damage|p2a: Arceus|79\/100 brn|[from] brn\n|upkeep\n|turn|23\n|\n|t:|1700327459\n|move|p2a: Arceus|Earth Power|p1a: Arceus\n|-supereffective|p1a: Arceus\n|-damage|p1a: Arceus|38\/100\n|move|p1a: Arceus|Iron Defense|p1a: Arceus\n|-boost|p1a: Arceus|def|2\n|\n|-damage|p2a: Arceus|73\/100 brn|[from] brn\n|upkeep\n|turn|24\n|\n|t:|1700327463\n|move|p2a: Arceus|Earth Power|p1a: Arceus\n|-supereffective|p1a: Arceus\n|-damage|p1a: Arceus|3\/100\n|move|p1a: Arceus|Recover|p1a: Arceus\n|-heal|p1a: Arceus|53\/100\n|\n|-damage|p2a: Arceus|67\/100 brn|[from] brn\n|upkeep\n|turn|25\n|\n|t:|1700327466\n|move|p2a: Arceus|Earth Power|p1a: Arceus\n|-supereffective|p1a: Arceus\n|-damage|p1a: Arceus|18\/100\n|-unboost|p1a: Arceus|spd|1\n|move|p1a: Arceus|Recover|p1a: Arceus\n|-heal|p1a: Arceus|68\/100\n|\n|-damage|p2a: Arceus|61\/100 brn|[from] brn\n|upkeep\n|turn|26\n|\n|t:|1700327470\n|move|p2a: Arceus|Earth Power|p1a: Arceus\n|-supereffective|p1a: Arceus\n|-damage|p1a: Arceus|29\/100\n|move|p1a: Arceus|Recover|p1a: Arceus\n|-heal|p1a: Arceus|79\/100\n|\n|-damage|p2a: Arceus|55\/100 brn|[from] brn\n|upkeep\n|turn|27\n|\n|t:|1700327483\n|move|p2a: Arceus|Sludge Bomb|p1a: Arceus\n|-crit|p1a: Arceus\n|-damage|p1a: Arceus|0 fnt\n|faint|p1a: Arceus\n|\n|-damage|p2a: Arceus|48\/100 brn|[from] brn\n|upkeep\n|c|\u2606FatalOblivion|Ah...GG\n|-message|FatalOblivion forfeited.\n|\n|win|ZachPlay\n|c|\u2606ZachPlay|Oh I'm so freaking lucky\n|c|\u2606FatalOblivion|No doubt\n|l|\u2606ZachPlay\n|l|\u2606FatalOblivion\n|j|\u2606ZachPlay\n|player|p2|ZachPlay|ginchiyo-conquest\n","uploadtime":1700327498,"views":11,"p1id":"fataloblivion","p2id":"zachplay","formatid":"gen9ubers","rating":0,"private":0,"password":""}