{"id":"gen9ubers-1990634518","p1":"IcyTheScreamer","p2":"Nitro524","format":"[Gen 9] Ubers","log":"|j|\u2606IcyTheScreamer\n|j|\u2606Nitro524\n|t:|1699987470\n|gametype|singles\n|player|p1|IcyTheScreamer|ingo|\n|player|p2|Nitro524|hilbert|\n|teamsize|p1|6\n|teamsize|p2|6\n|gen|9\n|tier|[Gen 9] Ubers\n|rule|Sleep Clause Mod: Limit one foe put to sleep\n|rule|Species Clause: Limit one of each Pok\u00e9mon\n|rule|OHKO Clause: OHKO moves are banned\n|rule|Evasion Items Clause: Evasion items are banned\n|rule|Evasion Moves Clause: Evasion moves are banned\n|rule|Endless Battle Clause: Forcing endless battles is banned\n|rule|HP Percentage Mod: HP is shown in percentages\n|clearpoke\n|poke|p1|Arceus-Poison|\n|poke|p1|Zacian-*|\n|poke|p1|Dialga|\n|poke|p1|Moltres|\n|poke|p1|Alomomola, F|\n|poke|p1|Palkia-Origin|\n|poke|p2|Torkoal, F|\n|poke|p2|Chi-Yu|\n|poke|p2|Lilligant-Hisui, F|\n|poke|p2|Arceus-Poison|\n|poke|p2|Roaring Moon|\n|poke|p2|Walking Wake|\n|teampreview\n|inactive|Battle timer is ON: inactive players will automatically lose when time's up. (requested by Nitro524)\n|inactive|IcyTheScreamer has 270 seconds left.\n|inactive|Nitro524 has 270 seconds left.\n|\n|t:|1699987504\n|start\n|switch|p1a: Moltres|Moltres|100\/100\n|switch|p2a: Bring The Sun|Torkoal, F|100\/100\n|-weather|SunnyDay|[from] ability: Drought|[of] p2a: Bring The Sun\n|turn|1\n|\n|t:|1699987515\n|move|p1a: Moltres|U-turn|p2a: Bring The Sun\n|-resisted|p2a: Bring The Sun\n|-damage|p2a: Bring The Sun|96\/100\n|\n|t:|1699987525\n|switch|p1a: Palkia|Palkia-Origin|100\/100|[from] U-turn\n|-ability|p1a: Palkia|Pressure\n|move|p2a: Bring The Sun|Yawn|p1a: Palkia\n|-start|p1a: Palkia|move: Yawn|[of] p2a: Bring The Sun\n|\n|-weather|SunnyDay|[upkeep]\n|upkeep\n|turn|2\n|\n|t:|1699987546\n|switch|p1a: Alomomola|Alomomola, F|100\/100\n|move|p2a: Bring The Sun|Stealth Rock|p1a: Alomomola\n|-sidestart|p1: IcyTheScreamer|move: Stealth Rock\n|\n|-weather|SunnyDay|[upkeep]\n|upkeep\n|turn|3\n|\n|t:|1699987558\n|switch|p2a: Arceus|Arceus-Poison|100\/100\n|move|p1a: Alomomola|Scald|p2a: Arceus\n|-damage|p2a: Arceus|96\/100\n|\n|-weather|SunnyDay|[upkeep]\n|upkeep\n|turn|4\n|\n|t:|1699987570\n|move|p2a: Arceus|Taunt|p1a: Alomomola\n|-start|p1a: Alomomola|move: Taunt\n|move|p1a: Alomomola|Flip Turn|p2a: Arceus\n|-damage|p2a: Arceus|91\/100\n|\n|t:|1699987575\n|switch|p1a: Arceus|Arceus-Poison|100\/100|[from] Flip Turn\n|-damage|p1a: Arceus|88\/100|[from] Stealth Rock\n|\n|-weather|SunnyDay|[upkeep]\n|upkeep\n|turn|5\n|\n|t:|1699987590\n|move|p2a: Arceus|Taunt|p1a: Arceus\n|-start|p1a: Arceus|move: Taunt\n|cant|p1a: Arceus|move: Taunt|Taunt\n|\n|-weather|SunnyDay|[upkeep]\n|upkeep\n|turn|6\n|c|\u2606Nitro524|lel\n|\n|t:|1699987604\n|switch|p2a: Did Not Smile Back|Chi-Yu|100\/100\n|-ability|p2a: Did Not Smile Back|Beads of Ruin\n|move|p1a: Arceus|Flamethrower|p2a: Did Not Smile Back\n|-resisted|p2a: Did Not Smile Back\n|-damage|p2a: Did Not Smile Back|81\/100\n|\n|-weather|SunnyDay|[upkeep]\n|upkeep\n|turn|7\n|j| OceanicGamer3\n|\n|t:|1699987616\n|switch|p1a: Moltres|Moltres|100\/100\n|move|p2a: Did Not Smile Back|Overheat|p1a: Moltres\n|-resisted|p1a: Moltres\n|-damage|p1a: Moltres|0 fnt\n|-unboost|p2a: Did Not Smile Back|spa|2\n|faint|p1a: Moltres\n|\n|-weather|SunnyDay|[upkeep]\n|upkeep\n|\n|t:|1699987625\n|switch|p1a: Zacian|Zacian|100\/100\n|-ability|p1a: Zacian|Intrepid Sword|boost\n|-boost|p1a: Zacian|atk|1\n|turn|8\n|\n|t:|1699987639\n|switch|p2a: Arceus|Arceus-Poison|91\/100\n|move|p1a: Zacian|Swords Dance|p1a: Zacian\n|-boost|p1a: Zacian|atk|2\n|\n|-weather|none\n|upkeep\n|turn|9\n|\n|t:|1699987651\n|-terastallize|p1a: Zacian|Steel\n|move|p1a: Zacian|Iron Head|p2a: Arceus\n|-damage|p2a: Arceus|37\/100\n|move|p2a: Arceus|Will-O-Wisp|p1a: Zacian\n|-status|p1a: Zacian|brn\n|\n|-damage|p1a: Zacian|94\/100 brn|[from] brn\n|upkeep\n|turn|10\n|\n|t:|1699987663\n|switch|p2a: Bring The Sun|Torkoal, F|96\/100\n|-weather|SunnyDay|[from] ability: Drought|[of] p2a: Bring The Sun\n|move|p1a: Zacian|Swords Dance|p1a: Zacian\n|-boost|p1a: Zacian|atk|2\n|\n|-weather|SunnyDay|[upkeep]\n|-damage|p1a: Zacian|88\/100 brn|[from] brn\n|upkeep\n|turn|11\n|inactive|Nitro524 has 270 seconds left.\n|\n|t:|1699987709\n|switch|p2a: Arceus|Arceus-Poison|37\/100\n|move|p1a: Zacian|Play Rough|p2a: Arceus\n|-resisted|p2a: Arceus\n|-damage|p2a: Arceus|16\/100\n|\n|-weather|SunnyDay|[upkeep]\n|-damage|p1a: Zacian|82\/100 brn|[from] brn\n|upkeep\n|turn|12\n|\n|t:|1699987718\n|move|p1a: Zacian|Iron Head|p2a: Arceus\n|-damage|p2a: Arceus|0 fnt\n|faint|p2a: Arceus\n|\n|-weather|SunnyDay|[upkeep]\n|-damage|p1a: Zacian|76\/100 brn|[from] brn\n|upkeep\n|\n|t:|1699987723\n|switch|p2a: Lilly|Lilligant-Hisui, F|100\/100\n|turn|13\n|\n|t:|1699987731\n|switch|p1a: Alomomola|Alomomola, F|100\/100\n|move|p2a: Lilly|Close Combat|p1a: Alomomola\n|-damage|p1a: Alomomola|68\/100\n|-unboost|p2a: Lilly|def|1\n|-unboost|p2a: Lilly|spd|1\n|\n|-weather|SunnyDay|[upkeep]\n|upkeep\n|turn|14\n|\n|t:|1699987741\n|move|p2a: Lilly|Solar Blade||[still]\n|-prepare|p2a: Lilly|Solar Blade\n|-anim|p2a: Lilly|Solar Blade|p1a: Alomomola\n|-supereffective|p1a: Alomomola\n|-damage|p1a: Alomomola|1\/100\n|move|p1a: Alomomola|Flip Turn|p2a: Lilly\n|-resisted|p2a: Lilly\n|-damage|p2a: Lilly|93\/100\n|c|\u2606Nitro524|niiice\n|\n|t:|1699987749\n|switch|p1a: Arceus|Arceus-Poison|88\/100|[from] Flip Turn\n|-damage|p1a: Arceus|76\/100|[from] Stealth Rock\n|\n|-weather|SunnyDay|[upkeep]\n|upkeep\n|turn|15\n|\n|t:|1699987759\n|switch|p2a: Did Not Smile Back|Chi-Yu|81\/100\n|-ability|p2a: Did Not Smile Back|Beads of Ruin\n|move|p1a: Arceus|Recover|p1a: Arceus\n|-heal|p1a: Arceus|100\/100\n|\n|-weather|SunnyDay|[upkeep]\n|upkeep\n|turn|16\n|inactive|Nitro524 has 270 seconds left.\n|\n|t:|1699987791\n|switch|p1a: Palkia|Palkia-Origin|100\/100\n|-damage|p1a: Palkia|88\/100|[from] Stealth Rock\n|-ability|p1a: Palkia|Pressure\n|move|p2a: Did Not Smile Back|Dark Pulse|p1a: Palkia\n|-damage|p1a: Palkia|3\/100\n|\n|-weather|SunnyDay|[upkeep]\n|upkeep\n|turn|17\n|inactive|Nitro524 has 270 seconds left.\n|\n|t:|1699987817\n|switch|p2a: Lilly|Lilligant-Hisui, F|93\/100\n|move|p1a: Palkia|Draco Meteor|p2a: Lilly\n|-damage|p2a: Lilly|0 fnt\n|-unboost|p1a: Palkia|spa|2\n|faint|p2a: Lilly\n|\n|-weather|none\n|upkeep\n|\n|t:|1699987819\n|switch|p2a: Bring The Sun|Torkoal, F|96\/100\n|-weather|SunnyDay|[from] ability: Drought|[of] p2a: Bring The Sun\n|turn|18\n|\n|t:|1699987833\n|move|p1a: Palkia|Hydro Pump|p2a: Bring The Sun\n|-supereffective|p2a: Bring The Sun\n|-damage|p2a: Bring The Sun|50\/100\n|move|p2a: Bring The Sun|Rapid Spin|p1a: Palkia\n|-damage|p1a: Palkia|0 fnt\n|-boost|p2a: Bring The Sun|spe|1\n|faint|p1a: Palkia\n|\n|-weather|SunnyDay|[upkeep]\n|upkeep\n|\n|t:|1699987840\n|switch|p1a: Alomomola|Alomomola, F|34\/100\n|turn|19\n|\n|t:|1699987856\n|switch|p2a: Sitting Sleep|Walking Wake|100\/100\n|-activate|p2a: Sitting Sleep|ability: Protosynthesis\n|-start|p2a: Sitting Sleep|protosynthesisspe\n|move|p1a: Alomomola|Healing Wish|p1a: Alomomola\n|faint|p1a: Alomomola\n|\n|-weather|SunnyDay|[upkeep]\n|upkeep\n|\n|t:|1699987862\n|switch|p1a: Zacian|Zacian, tera:Steel|76\/100 brn\n|-heal|p1a: Zacian|100\/100|[from] move: Healing Wish\n|turn|20\n|\n|t:|1699987871\n|move|p2a: Sitting Sleep|Flamethrower|p1a: Zacian\n|-supereffective|p1a: Zacian\n|-damage|p1a: Zacian|0 fnt\n|faint|p1a: Zacian\n|\n|-weather|SunnyDay|[upkeep]\n|upkeep\n|\n|t:|1699987875\n|switch|p1a: Arceus|Arceus-Poison|100\/100\n|-damage|p1a: Arceus|88\/100|[from] Stealth Rock\n|turn|21\n|inactive|Nitro524 has 270 seconds left.\n|c|\u2606IcyTheScreamer|but imagine how cool that would've been\n|\n|t:|1699987902\n|move|p2a: Sitting Sleep|Flamethrower|p1a: Arceus\n|-damage|p1a: Arceus|41\/100\n|move|p1a: Arceus|Recover|p1a: Arceus\n|-heal|p1a: Arceus|91\/100\n|\n|-weather|SunnyDay|[upkeep]\n|upkeep\n|turn|22\n|inactive|Nitro524 has 270 seconds left.\n|l| OceanicGamer3\n|\n|t:|1699987925\n|-end|p2a: Sitting Sleep|Protosynthesis|[silent]\n|switch|p2a: Did Not Smile Back|Chi-Yu|81\/100\n|-ability|p2a: Did Not Smile Back|Beads of Ruin\n|move|p1a: Arceus|Judgment|p2a: Did Not Smile Back\n|-damage|p2a: Did Not Smile Back|29\/100\n|\n|-weather|SunnyDay|[upkeep]\n|upkeep\n|turn|23\n|\n|t:|1699987947\n|switch|p2a: Hector Salamanca|Roaring Moon|100\/100\n|-activate|p2a: Hector Salamanca|ability: Protosynthesis\n|-start|p2a: Hector Salamanca|protosynthesisspe\n|move|p1a: Arceus|Recover|p1a: Arceus\n|-heal|p1a: Arceus|100\/100\n|\n|-weather|SunnyDay|[upkeep]\n|upkeep\n|turn|24\n|\n|t:|1699987959\n|move|p2a: Hector Salamanca|Dragon Dance|p2a: Hector Salamanca\n|-boost|p2a: Hector Salamanca|atk|1\n|-boost|p2a: Hector Salamanca|spe|1\n|move|p1a: Arceus|Judgment|p2a: Hector Salamanca\n|-damage|p2a: Hector Salamanca|59\/100\n|\n|-weather|SunnyDay|[upkeep]\n|upkeep\n|turn|25\n|\n|t:|1699987969\n|move|p2a: Hector Salamanca|Earthquake|p1a: Arceus\n|-supereffective|p1a: Arceus\n|-damage|p1a: Arceus|46\/100\n|move|p1a: Arceus|Taunt|p2a: Hector Salamanca\n|-start|p2a: Hector Salamanca|move: Taunt\n|\n|-weather|none\n|-end|p2a: Hector Salamanca|Protosynthesis\n|upkeep\n|-enditem|p2a: Hector Salamanca|Booster Energy\n|-activate|p2a: Hector Salamanca|ability: Protosynthesis|[fromitem]\n|-start|p2a: Hector Salamanca|protosynthesisspe\n|turn|26\n|\n|t:|1699987974\n|move|p2a: Hector Salamanca|Earthquake|p1a: Arceus\n|-supereffective|p1a: Arceus\n|-damage|p1a: Arceus|0 fnt\n|faint|p1a: Arceus\n|\n|upkeep\n|c|\u2606Nitro524|gg\n|c|\u2606IcyTheScreamer|gg\n|-message|IcyTheScreamer forfeited.\n|\n|win|Nitro524\n|l|\u2606IcyTheScreamer\n|l|\u2606Nitro524\n|j|\u2606Nitro524\n|player|p2|Nitro524|hilbert\n","uploadtime":1699988382,"views":5,"p1id":"icythescreamer","p2id":"nitro524","formatid":"gen9ubers","rating":0,"private":0,"password":""}