{"id":"gen9ubers-1974030779","p1":"qackqackpoo","p2":"Wakat","format":"[Gen 9] Ubers","log":"|j|\u2606qackqackpoo\n|j|\u2606Wakat\n|t:|1698044940\n|gametype|singles\n|player|p1|qackqackpoo|2|1000\n|player|p2|Wakat|102|1017\n|teamsize|p1|6\n|teamsize|p2|6\n|gen|9\n|tier|[Gen 9] Ubers\n|rated|\n|rule|Sleep Clause Mod: Limit one foe put to sleep\n|rule|Species Clause: Limit one of each Pok\u00e9mon\n|rule|OHKO Clause: OHKO moves are banned\n|rule|Evasion Items Clause: Evasion items are banned\n|rule|Evasion Moves Clause: Evasion moves are banned\n|rule|Endless Battle Clause: Forcing endless battles is banned\n|rule|HP Percentage Mod: HP is shown in percentages\n|clearpoke\n|poke|p1|Chien-Pao|\n|poke|p1|Gholdengo|\n|poke|p1|Tyranitar, M|\n|poke|p1|Quaquaval, F|\n|poke|p1|Iron Treads|\n|poke|p1|Amoonguss, F|\n|poke|p2|Gyarados, F|\n|poke|p2|Kyogre|\n|poke|p2|Palafin, M|\n|poke|p2|Slowbro, F|\n|poke|p2|Articuno|\n|poke|p2|Mew|\n|teampreview\n|\n|t:|1698044955\n|start\n|switch|p1a: Amoonguss|Amoonguss, F|100\/100\n|switch|p2a: Slowbro|Slowbro, F|100\/100\n|turn|1\n|\n|t:|1698044963\n|move|p1a: Amoonguss|Spore|p2a: Slowbro\n|-status|p2a: Slowbro|slp|[from] move: Spore\n|cant|p2a: Slowbro|slp\n|\n|upkeep\n|turn|2\n|\n|t:|1698044970\n|switch|p1a: Chien-Pao|Chien-Pao|100\/100\n|-ability|p1a: Chien-Pao|Sword of Ruin\n|-curestatus|p2a: Slowbro|slp|[msg]\n|move|p2a: Slowbro|Substitute|p2a: Slowbro\n|-start|p2a: Slowbro|Substitute\n|-damage|p2a: Slowbro|76\/100\n|\n|-heal|p2a: Slowbro|82\/100|[from] item: Leftovers\n|upkeep\n|turn|3\n|\n|t:|1698044984\n|move|p1a: Chien-Pao|Sucker Punch||[still]\n|-fail|p1a: Chien-Pao\n|move|p2a: Slowbro|Nasty Plot|p2a: Slowbro\n|-boost|p2a: Slowbro|spa|2\n|\n|-heal|p2a: Slowbro|88\/100|[from] item: Leftovers\n|upkeep\n|turn|4\n|\n|t:|1698044993\n|move|p1a: Chien-Pao|Sacred Sword|p2a: Slowbro\n|-resisted|p2a: Slowbro\n|-activate|p2a: Slowbro|move: Substitute|[damage]\n|move|p2a: Slowbro|Fire Blast|p1a: Chien-Pao|[miss]\n|-miss|p2a: Slowbro|p1a: Chien-Pao\n|\n|-heal|p2a: Slowbro|94\/100|[from] item: Leftovers\n|upkeep\n|turn|5\n|\n|t:|1698045018\n|move|p1a: Chien-Pao|Sacred Sword|p2a: Slowbro\n|-resisted|p2a: Slowbro\n|-end|p2a: Slowbro|Substitute\n|move|p2a: Slowbro|Nasty Plot|p2a: Slowbro\n|-boost|p2a: Slowbro|spa|2\n|\n|-heal|p2a: Slowbro|99\/100|[from] item: Leftovers\n|upkeep\n|turn|6\n|\n|t:|1698045027\n|move|p1a: Chien-Pao|Sacred Sword|p2a: Slowbro\n|-resisted|p2a: Slowbro\n|-damage|p2a: Slowbro|88\/100\n|move|p2a: Slowbro|Substitute|p2a: Slowbro\n|-start|p2a: Slowbro|Substitute\n|-damage|p2a: Slowbro|63\/100\n|\n|-heal|p2a: Slowbro|69\/100|[from] item: Leftovers\n|upkeep\n|turn|7\n|\n|t:|1698045038\n|switch|p1a: Tyranitar|Tyranitar, M|100\/100\n|-weather|Sandstorm|[from] ability: Sand Stream|[of] p1a: Tyranitar\n|move|p2a: Slowbro|Fire Blast|p1a: Tyranitar|[miss]\n|-miss|p2a: Slowbro|p1a: Tyranitar\n|\n|-weather|Sandstorm|[upkeep]\n|-damage|p2a: Slowbro|63\/100|[from] Sandstorm\n|-heal|p2a: Slowbro|69\/100|[from] item: Leftovers\n|upkeep\n|turn|8\n|\n|t:|1698045064\n|move|p1a: Tyranitar|Earthquake|p2a: Slowbro\n|-activate|p2a: Slowbro|move: Substitute|[damage]\n|move|p2a: Slowbro|Fire Blast|p1a: Tyranitar\n|-resisted|p1a: Tyranitar\n|-damage|p1a: Tyranitar|91\/100\n|-status|p1a: Tyranitar|brn\n|\n|-weather|Sandstorm|[upkeep]\n|-damage|p2a: Slowbro|63\/100|[from] Sandstorm\n|-heal|p2a: Slowbro|69\/100|[from] item: Leftovers\n|-damage|p1a: Tyranitar|85\/100 brn|[from] brn\n|upkeep\n|turn|9\n|\n|t:|1698045080\n|move|p1a: Tyranitar|Fire Punch|p2a: Slowbro\n|-resisted|p2a: Slowbro\n|-activate|p2a: Slowbro|move: Substitute|[damage]\n|move|p2a: Slowbro|Ice Beam|p1a: Tyranitar\n|-damage|p1a: Tyranitar|68\/100 brn\n|\n|-weather|Sandstorm|[upkeep]\n|-damage|p2a: Slowbro|63\/100|[from] Sandstorm\n|-heal|p2a: Slowbro|69\/100|[from] item: Leftovers\n|-damage|p1a: Tyranitar|62\/100 brn|[from] brn\n|upkeep\n|turn|10\n|\n|t:|1698045133\n|switch|p1a: Gholdengo|Gholdengo|100\/100\n|move|p2a: Slowbro|Ice Beam|p1a: Gholdengo\n|-resisted|p1a: Gholdengo\n|-damage|p1a: Gholdengo|69\/100\n|\n|-weather|Sandstorm|[upkeep]\n|-damage|p2a: Slowbro|63\/100|[from] Sandstorm\n|-heal|p1a: Gholdengo|75\/100|[from] item: Leftovers\n|-heal|p2a: Slowbro|69\/100|[from] item: Leftovers\n|upkeep\n|turn|11\n|\n|t:|1698045155\n|move|p1a: Gholdengo|Nasty Plot|p1a: Gholdengo\n|-boost|p1a: Gholdengo|spa|2\n|move|p2a: Slowbro|Fire Blast|p1a: Gholdengo\n|-supereffective|p1a: Gholdengo\n|-damage|p1a: Gholdengo|0 fnt\n|faint|p1a: Gholdengo\n|\n|-weather|none\n|-heal|p2a: Slowbro|75\/100|[from] item: Leftovers\n|upkeep\n|\n|t:|1698045170\n|switch|p1a: Amoonguss|Amoonguss, F|100\/100\n|turn|12\n|\n|t:|1698045175\n|move|p1a: Amoonguss|Spore||[still]\n|-fail|p1a: Amoonguss\n|move|p2a: Slowbro|Ice Beam|p1a: Amoonguss\n|-supereffective|p1a: Amoonguss\n|-damage|p1a: Amoonguss|7\/100\n|-status|p1a: Amoonguss|frz\n|\n|-heal|p1a: Amoonguss|13\/100 frz|[from] item: Black Sludge\n|-heal|p2a: Slowbro|81\/100|[from] item: Leftovers\n|upkeep\n|turn|13\n|\n|t:|1698045193\n|cant|p1a: Amoonguss|frz\n|move|p2a: Slowbro|Ice Beam|p1a: Amoonguss\n|-supereffective|p1a: Amoonguss\n|-damage|p1a: Amoonguss|0 fnt\n|faint|p1a: Amoonguss\n|\n|-heal|p2a: Slowbro|87\/100|[from] item: Leftovers\n|upkeep\n|-message|qackqackpoo forfeited.\n|\n|win|Wakat\n|raw|qackqackpoo's rating: 1000 &rarr; <strong>1000<\/strong><br \/>(+0 for losing)\n|raw|Wakat's rating: 1017 &rarr; <strong>1053<\/strong><br \/>(+36 for winning)\n|l|\u2606qackqackpoo\n","uploadtime":1698045596,"views":13,"p1id":"qackqackpoo","p2id":"wakat","formatid":"gen9ubers","rating":1000,"private":0,"password":""}