{"id":"gen9ubers-1969866825","p1":"LuukTheGamer","p2":"dingusmkyeetus","format":"[Gen 9] Ubers","log":"|j|\u2606LuukTheGamer\n|j|\u203ddingusmkyeetus\n|t:|1697571568\n|gametype|singles\n|player|p1|LuukTheGamer|skyla|\n|player|p2|dingusmkyeetus|acetrainerf-gen4dp|\n|teamsize|p1|6\n|teamsize|p2|6\n|gen|9\n|tier|[Gen 9] Ubers\n|rule|Sleep Clause Mod: Limit one foe put to sleep\n|rule|Species Clause: Limit one of each Pok\u00e9mon\n|rule|OHKO Clause: OHKO moves are banned\n|rule|Evasion Items Clause: Evasion items are banned\n|rule|Evasion Moves Clause: Evasion moves are banned\n|rule|Endless Battle Clause: Forcing endless battles is banned\n|rule|HP Percentage Mod: HP is shown in percentages\n|clearpoke\n|poke|p1|Orthworm, M|\n|poke|p1|Palafin, M|\n|poke|p1|Pelipper, M|\n|poke|p1|Zapdos|\n|poke|p1|Palkia-Origin|\n|poke|p1|Mandibuzz, F|\n|poke|p2|Sneasler, M|\n|poke|p2|Palkia-Origin|\n|poke|p2|Gliscor, M|\n|poke|p2|Arceus-Fire|\n|poke|p2|Grimmsnarl, M|\n|poke|p2|Cyclizar, F|\n|teampreview\n|inactive|Battle timer is ON: inactive players will automatically lose when time's up. (requested by LuukTheGamer)\n|inactive|dingusmkyeetus also wants the timer to be on.\n|inactive|LuukTheGamer has 270 seconds left.\n|\n|t:|1697571615\n|start\n|switch|p1a: Palafin|Palafin, M|100\/100\n|switch|p2a: Gliscor|Gliscor, M|100\/100\n|turn|1\n|\n|t:|1697571632\n|switch|p2a: Palkia|Palkia-Origin, shiny|100\/100\n|-ability|p2a: Palkia|Pressure\n|detailschange|p1a: Palafin|Palafin-Hero, M\n|switch|p1a: Orthworm|Orthworm, M|100\/100\n|\n|upkeep\n|turn|2\n|\n|t:|1697571649\n|move|p2a: Palkia|Fire Blast|p1a: Orthworm\n|-supereffective|p1a: Orthworm\n|-damage|p1a: Orthworm|0 fnt\n|faint|p1a: Orthworm\n|\n|upkeep\n|\n|t:|1697571657\n|switch|p1a: Pelipper|Pelipper, M|100\/100\n|-weather|RainDance|[from] ability: Drizzle|[of] p1a: Pelipper\n|turn|3\n|\n|t:|1697571681\n|move|p2a: Palkia|Spacial Rend|p1a: Pelipper\n|-damage|p1a: Pelipper|11\/100\n|move|p1a: Pelipper|Hurricane|p2a: Palkia\n|-damage|p2a: Palkia|54\/100\n|\n|-weather|RainDance|[upkeep]\n|upkeep\n|turn|4\n|\n|t:|1697571692\n|switch|p1a: Mandibuzz|Mandibuzz, F|100\/100\n|move|p2a: Palkia|Spacial Rend|p1a: Mandibuzz\n|-crit|p1a: Mandibuzz\n|-damage|p1a: Mandibuzz|19\/100\n|\n|-weather|RainDance|[upkeep]\n|upkeep\n|turn|5\n|\n|t:|1697571701\n|move|p2a: Palkia|Spacial Rend|p1a: Mandibuzz\n|-damage|p1a: Mandibuzz|0 fnt\n|faint|p1a: Mandibuzz\n|\n|-weather|RainDance|[upkeep]\n|upkeep\n|\n|t:|1697571703\n|switch|p1a: Palkia|Palkia-Origin|100\/100\n|-ability|p1a: Palkia|Pressure\n|turn|6\n|\n|t:|1697571708\n|move|p2a: Palkia|Spacial Rend|p1a: Palkia\n|-supereffective|p1a: Palkia\n|-damage|p1a: Palkia|0 fnt\n|faint|p1a: Palkia\n|\n|-weather|RainDance|[upkeep]\n|upkeep\n|\n|t:|1697571714\n|switch|p1a: Palafin|Palafin-Hero, M|100\/100\n|-activate|p1a: Palafin|ability: Zero to Hero\n|turn|7\n|\n|t:|1697571727\n|-terastallize|p1a: Palafin|Water\n|move|p1a: Palafin|Jet Punch|p2a: Palkia\n|-resisted|p2a: Palkia\n|-damage|p2a: Palkia|22\/100\n|move|p2a: Palkia|Spacial Rend|p1a: Palafin\n|-damage|p1a: Palafin|32\/100\n|\n|-weather|RainDance|[upkeep]\n|upkeep\n|turn|8\n|\n|t:|1697571736\n|move|p2a: Palkia|Protect|p2a: Palkia\n|-singleturn|p2a: Palkia|Protect\n|move|p1a: Palafin|Jet Punch|p2a: Palkia\n|-activate|p2a: Palkia|move: Protect\n|\n|-weather|RainDance|[upkeep]\n|upkeep\n|turn|9\n|\n|t:|1697571745\n|move|p1a: Palafin|Jet Punch|p2a: Palkia\n|-resisted|p2a: Palkia\n|-damage|p2a: Palkia|0 fnt\n|faint|p2a: Palkia\n|\n|-weather|RainDance|[upkeep]\n|upkeep\n|\n|t:|1697571755\n|switch|p2a: Sneasler|Sneasler, M|100\/100\n|turn|10\n|\n|t:|1697571762\n|move|p1a: Palafin|Jet Punch|p2a: Sneasler\n|-damage|p2a: Sneasler|0 fnt\n|faint|p2a: Sneasler\n|\n|-weather|none\n|upkeep\n|\n|t:|1697571777\n|switch|p2a: Grimmsnarl|Grimmsnarl, M, shiny|100\/100\n|turn|11\n|\n|t:|1697571795\n|move|p1a: Palafin|Jet Punch|p2a: Grimmsnarl\n|-damage|p2a: Grimmsnarl|3\/100\n|move|p2a: Grimmsnarl|Foul Play|p1a: Palafin\n|-damage|p1a: Palafin|0 fnt\n|faint|p1a: Palafin\n|\n|upkeep\n|\n|t:|1697571800\n|switch|p1a: Pelipper|Pelipper, M|11\/100\n|-weather|RainDance|[from] ability: Drizzle|[of] p1a: Pelipper\n|turn|12\n|\n|t:|1697571807\n|move|p2a: Grimmsnarl|Light Screen|p2a: Grimmsnarl\n|-sidestart|p2: dingusmkyeetus|move: Light Screen\n|move|p1a: Pelipper|Roost|p1a: Pelipper\n|-heal|p1a: Pelipper|61\/100\n|-singleturn|p1a: Pelipper|move: Roost\n|\n|-weather|RainDance|[upkeep]\n|upkeep\n|turn|13\n|\n|t:|1697571818\n|move|p2a: Grimmsnarl|Reflect|p2a: Grimmsnarl\n|-sidestart|p2: dingusmkyeetus|Reflect\n|move|p1a: Pelipper|Hurricane|p2a: Grimmsnarl\n|-damage|p2a: Grimmsnarl|0 fnt\n|faint|p2a: Grimmsnarl\n|\n|-weather|RainDance|[upkeep]\n|upkeep\n|\n|t:|1697571831\n|switch|p2a: Cyclizar|Cyclizar, F|100\/100\n|turn|14\n|\n|t:|1697571835\n|move|p2a: Cyclizar|Knock Off|p1a: Pelipper\n|-damage|p1a: Pelipper|33\/100\n|-enditem|p1a: Pelipper|Damp Rock|[from] move: Knock Off|[of] p2a: Cyclizar\n|move|p1a: Pelipper|Hurricane|p2a: Cyclizar\n|-damage|p2a: Cyclizar|56\/100\n|\n|-weather|RainDance|[upkeep]\n|upkeep\n|turn|15\n|\n|t:|1697571846\n|move|p2a: Cyclizar|Shed Tail|p2a: Cyclizar\n|-start|p2a: Cyclizar|Substitute|[from] move: Shed Tail\n|-damage|p2a: Cyclizar|6\/100\n|-enditem|p2a: Cyclizar|Sitrus Berry|[eat]\n|-heal|p2a: Cyclizar|31\/100|[from] item: Sitrus Berry\n|\n|t:|1697571857\n|switch|p2a: Gliscor|Gliscor, M|100\/100|[from] Shed Tail\n|move|p1a: Pelipper|Hurricane|p2a: Gliscor\n|-end|p2a: Gliscor|Substitute\n|\n|-weather|RainDance|[upkeep]\n|-status|p2a: Gliscor|tox|[from] item: Toxic Orb\n|upkeep\n|turn|16\n|\n|t:|1697571869\n|move|p2a: Gliscor|Dual Wingbeat|p1a: Pelipper\n|-damage|p1a: Pelipper|14\/100\n|-damage|p1a: Pelipper|0 fnt\n|faint|p1a: Pelipper\n|-hitcount|p1: Pelipper|2\n|\n|-weather|RainDance|[upkeep]\n|upkeep\n|\n|t:|1697571873\n|switch|p1a: Zapdos|Zapdos|100\/100\n|turn|17\n|\n|t:|1697571880\n|move|p2a: Gliscor|Dual Wingbeat|p1a: Zapdos|[miss]\n|-miss|p2a: Gliscor|p1a: Zapdos\n|move|p1a: Zapdos|Weather Ball|p2a: Gliscor\n|-supereffective|p2a: Gliscor\n|-damage|p2a: Gliscor|0 fnt\n|faint|p2a: Gliscor\n|-damage|p1a: Zapdos|91\/100|[from] item: Life Orb\n|\n|-weather|RainDance|[upkeep]\n|upkeep\n|\n|t:|1697571890\n|switch|p2a: Arceus|Arceus-Fire|100\/100\n|turn|18\n|\n|t:|1697571897\n|move|p2a: Arceus|Judgment|p1a: Zapdos\n|-damage|p1a: Zapdos|56\/100\n|move|p1a: Zapdos|Weather Ball|p2a: Arceus\n|-supereffective|p2a: Arceus\n|-damage|p2a: Arceus|44\/100\n|-damage|p1a: Zapdos|46\/100|[from] item: Life Orb\n|\n|-weather|RainDance|[upkeep]\n|upkeep\n|turn|19\n|\n|t:|1697571922\n|move|p2a: Arceus|Recover|p2a: Arceus\n|-heal|p2a: Arceus|94\/100\n|move|p1a: Zapdos|Weather Ball|p2a: Arceus\n|-supereffective|p2a: Arceus\n|-damage|p2a: Arceus|39\/100\n|-damage|p1a: Zapdos|36\/100|[from] item: Life Orb\n|\n|-weather|none\n|-sideend|p2: dingusmkyeetus|move: Light Screen\n|upkeep\n|turn|20\n|inactive|dingusmkyeetus has 270 seconds left.\n|\n|t:|1697571953\n|move|p2a: Arceus|Judgment|p1a: Zapdos\n|-damage|p1a: Zapdos|0 fnt\n|faint|p1a: Zapdos\n|\n|win|dingusmkyeetus\n|c|\u2606LuukTheGamer|gg\n","uploadtime":1697571959,"views":24,"p1id":"luukthegamer","p2id":"dingusmkyeetus","formatid":"gen9ubers","rating":0,"private":0,"password":""}