{"id":"gen9ubers-1973189151","p1":"darkmoju","p2":"Hand0fD00m","format":"[Gen 9] Ubers","log":"|j|\u2606darkmoju\n|j|\u2606Hand0fD00m\n|t:|1697937457\n|gametype|singles\n|player|p1|darkmoju|ghetsis-gen5bw|\n|player|p2|Hand0fD00m|roughneck|\n|teamsize|p1|6\n|teamsize|p2|6\n|gen|9\n|tier|[Gen 9] Ubers\n|rule|Sleep Clause Mod: Limit one foe put to sleep\n|rule|Species Clause: Limit one of each Pok\u00e9mon\n|rule|OHKO Clause: OHKO moves are banned\n|rule|Evasion Items Clause: Evasion items are banned\n|rule|Evasion Moves Clause: Evasion moves are banned\n|rule|Endless Battle Clause: Forcing endless battles is banned\n|rule|HP Percentage Mod: HP is shown in percentages\n|clearpoke\n|poke|p1|Dialga-Origin|\n|poke|p1|Palkia-Origin|\n|poke|p1|Giratina-Origin|\n|poke|p1|Arceus|\n|poke|p1|Groudon|\n|poke|p1|Eternatus|\n|poke|p2|Arceus|\n|poke|p2|Koraidon|\n|poke|p2|Zacian-*|\n|poke|p2|Miraidon|\n|poke|p2|Landorus-Therian, M|\n|poke|p2|Walking Wake|\n|teampreview\n|c|\u2606darkmoju|glhf\n|j| Sonad~\n|j| Yangsta\n|c|\u2606Hand0fD00m|gl hoss, i gotta make this closer lol\n|c| Sonad~|who got first round??\n|c|\u2606darkmoju|me\n|c|\u2606Hand0fD00m|Nathan\n|c| Sonad~|im late\n|c| Sonad~|nice\n|j| Rival Andrew\n|c|\u2606darkmoju|i do have the replay if you wanna see it\n|\n|t:|1697937519\n|start\n|switch|p1a: Groudon|Groudon|100\/100\n|switch|p2a: Zorro|Zacian-Crowned, shiny|100\/100\n|-ability|p2a: Zorro|Intrepid Sword|boost\n|-boost|p2a: Zorro|atk|1\n|-weather|SunnyDay|[from] ability: Drought|[of] p1a: Groudon\n|turn|1\n|\n|t:|1697937531\n|switch|p2a: Calrissian|Landorus-Therian, M|100\/100\n|-ability|p2a: Calrissian|Intimidate|boost\n|-unboost|p1a: Groudon|atk|1\n|move|p1a: Groudon|Spikes|p2a: Calrissian\n|-sidestart|p2: Hand0fD00m|Spikes\n|\n|-weather|SunnyDay|[upkeep]\n|upkeep\n|turn|2\n|\n|t:|1697937551\n|switch|p1a: Giratina|Giratina-Origin, shiny|100\/100\n|move|p2a: Calrissian|Taunt|p1a: Giratina\n|-start|p1a: Giratina|move: Taunt\n|\n|-weather|SunnyDay|[upkeep]\n|upkeep\n|turn|3\n|\n|t:|1697937561\n|move|p1a: Giratina|Draco Meteor|p2a: Calrissian\n|-damage|p2a: Calrissian|21\/100\n|-unboost|p1a: Giratina|spa|2\n|move|p2a: Calrissian|Stealth Rock|p1a: Giratina\n|-sidestart|p1: darkmoju|move: Stealth Rock\n|\n|-weather|SunnyDay|[upkeep]\n|upkeep\n|turn|4\n|\n|t:|1697937575\n|switch|p2a: Godjesus|Arceus|100\/100\n|-damage|p2a: Godjesus|88\/100|[from] Spikes\n|move|p1a: Giratina|Draco Meteor|p2a: Godjesus\n|-damage|p2a: Godjesus|60\/100\n|-unboost|p1a: Giratina|spa|2\n|\n|-weather|SunnyDay|[upkeep]\n|-heal|p2a: Godjesus|67\/100|[from] item: Leftovers\n|-end|p1a: Giratina|move: Taunt\n|upkeep\n|turn|5\n|\n|t:|1697937588\n|switch|p1a: Arceus|Arceus, shiny|100\/100\n|-damage|p1a: Arceus|88\/100|[from] Stealth Rock\n|move|p2a: Godjesus|Swords Dance|p2a: Godjesus\n|-boost|p2a: Godjesus|atk|2\n|\n|-weather|none\n|-heal|p2a: Godjesus|73\/100|[from] item: Leftovers\n|upkeep\n|turn|6\n|\n|t:|1697937597\n|move|p1a: Arceus|Extreme Speed|p2a: Godjesus\n|-damage|p2a: Godjesus|37\/100\n|move|p2a: Godjesus|Extreme Speed|p1a: Arceus\n|-damage|p1a: Arceus|21\/100\n|\n|-heal|p2a: Godjesus|43\/100|[from] item: Leftovers\n|upkeep\n|turn|7\n|\n|t:|1697937606\n|move|p1a: Arceus|Extreme Speed|p2a: Godjesus\n|-damage|p2a: Godjesus|9\/100\n|move|p2a: Godjesus|Extreme Speed|p1a: Arceus\n|-damage|p1a: Arceus|0 fnt\n|faint|p1a: Arceus\n|\n|-heal|p2a: Godjesus|15\/100|[from] item: Leftovers\n|upkeep\n|\n|t:|1697937620\n|switch|p1a: Dialga|Dialga-Origin|100\/100\n|-damage|p1a: Dialga|94\/100|[from] Stealth Rock\n|-ability|p1a: Dialga|Pressure\n|turn|8\n|\n|t:|1697937631\n|move|p2a: Godjesus|Shadow Claw|p1a: Dialga\n|-damage|p1a: Dialga|54\/100\n|move|p1a: Dialga|Flash Cannon|p2a: Godjesus\n|-damage|p2a: Godjesus|0 fnt\n|faint|p2a: Godjesus\n|\n|upkeep\n|\n|t:|1697937647\n|switch|p2a: Chief|Koraidon|100\/100\n|-damage|p2a: Chief|88\/100|[from] Spikes\n|-weather|SunnyDay|[from] ability: Orichalcum Pulse|[of] p2a: Chief\n|-activate|p2a: Chief|Orichalcum Pulse|[source]\n|turn|9\n|\n|t:|1697937656\n|move|p2a: Chief|Outrage|p1a: Dialga\n|-damage|p1a: Dialga|0 fnt\n|faint|p1a: Dialga\n|\n|-weather|SunnyDay|[upkeep]\n|upkeep\n|\n|t:|1697937664\n|switch|p1a: Eternatus|Eternatus|100\/100\n|-damage|p1a: Eternatus|88\/100|[from] Stealth Rock\n|-ability|p1a: Eternatus|Pressure\n|turn|10\n|\n|t:|1697937670\n|move|p2a: Chief|Outrage|p1a: Eternatus|[from]lockedmove\n|-supereffective|p1a: Eternatus\n|-damage|p1a: Eternatus|0 fnt\n|faint|p1a: Eternatus\n|-start|p2a: Chief|confusion|[fatigue]\n|\n|-weather|SunnyDay|[upkeep]\n|upkeep\n|c| Rival Andrew|woaaaah\n|c| Rival Andrew|hello fellow scarf wearer\n|\n|t:|1697937682\n|switch|p1a: Palkia|Palkia-Origin|100\/100\n|-damage|p1a: Palkia|88\/100|[from] Stealth Rock\n|-ability|p1a: Palkia|Pressure\n|turn|11\n|\n|t:|1697937690\n|-activate|p2a: Chief|confusion\n|move|p2a: Chief|Outrage|p1a: Palkia\n|-supereffective|p1a: Palkia\n|-damage|p1a: Palkia|0 fnt\n|faint|p1a: Palkia\n|\n|-weather|SunnyDay|[upkeep]\n|upkeep\n|\n|t:|1697937693\n|switch|p1a: Giratina|Giratina-Origin, shiny|100\/100\n|-damage|p1a: Giratina|88\/100|[from] Stealth Rock\n|turn|12\n|c|\u2606Hand0fD00m|fire with fire\n|\n|t:|1697937702\n|-activate|p2a: Chief|confusion\n|-damage|p2a: Chief|76\/100|[from] confusion\n|move|p1a: Giratina|Draco Meteor|p2a: Chief\n|-supereffective|p2a: Chief\n|-damage|p2a: Chief|0 fnt\n|-unboost|p1a: Giratina|spa|2\n|faint|p2a: Chief\n|\n|-weather|SunnyDay|[upkeep]\n|upkeep\n|c| Rival Andrew|Zachs like \"its my tourney mf we go to game 3\"\n|\n|t:|1697937719\n|switch|p2a: Bon Scott|Miraidon|100\/100\n|-damage|p2a: Bon Scott|88\/100|[from] Spikes\n|-fieldstart|move: Electric Terrain|[from] ability: Hadron Engine|[of] p2a: Bon Scott\n|turn|13\n|\n|t:|1697937725\n|move|p2a: Bon Scott|Draco Meteor|p1a: Giratina\n|-supereffective|p1a: Giratina\n|-damage|p1a: Giratina|0 fnt\n|-unboost|p2a: Bon Scott|spa|2\n|faint|p1a: Giratina\n|\n|-weather|none\n|upkeep\n|\n|t:|1697937727\n|switch|p1a: Groudon|Groudon|100\/100\n|-damage|p1a: Groudon|94\/100|[from] Stealth Rock\n|-weather|SunnyDay|[from] ability: Drought|[of] p1a: Groudon\n|turn|14\n|c|\u2606darkmoju|gg\n|c|\u2606darkmoju|cant hit Therian\n|\n|t:|1697937740\n|move|p2a: Bon Scott|Draco Meteor|p1a: Groudon\n|-damage|p1a: Groudon|46\/100\n|-unboost|p2a: Bon Scott|spa|2\n|move|p1a: Groudon|Spikes|p2a: Bon Scott\n|-sidestart|p2: Hand0fD00m|Spikes\n|\n|-weather|SunnyDay|[upkeep]\n|-heal|p1a: Groudon|52\/100|[from] item: Leftovers\n|upkeep\n|turn|15\n|c|\u2606Hand0fD00m|gg\n|\n|t:|1697937750\n|move|p2a: Bon Scott|Draco Meteor|p1a: Groudon\n|-damage|p1a: Groudon|21\/100\n|-unboost|p2a: Bon Scott|spa|2\n|move|p1a: Groudon|Precipice Blades|p2a: Bon Scott\n|-supereffective|p2a: Bon Scott\n|-damage|p2a: Bon Scott|0 fnt\n|faint|p2a: Bon Scott\n|\n|-weather|SunnyDay|[upkeep]\n|-heal|p1a: Groudon|27\/100|[from] item: Leftovers\n|upkeep\n|c| Rival Andrew|its crazy to see a format where groudon gets more use than kyogre\n|c| Sonad~|gg\n|\n|t:|1697937759\n|switch|p2a: Calrissian|Landorus-Therian, M|21\/100\n|-ability|p2a: Calrissian|Intimidate|boost\n|-unboost|p1a: Groudon|atk|1\n|turn|16\n|\n|t:|1697937763\n|move|p2a: Calrissian|Earthquake|p1a: Groudon\n|-damage|p1a: Groudon|0 fnt\n|faint|p1a: Groudon\n|\n|win|Hand0fD00m\n","uploadtime":1697937770,"views":11,"p1id":"darkmoju","p2id":"hand0fd00m","formatid":"gen9ubers","rating":0,"private":0,"password":""}