{"id":"gen9ubers-1991590222","p1":"Kalli Ma","p2":"bo552","format":"[Gen 9] Ubers","log":"|j|\u2606Kalli Ma\n|j|\u2606bo552\n|t:|1700091666\n|gametype|singles\n|player|p1|Kalli Ma|medium|1336\n|player|p2|bo552|artist-gen4|1419\n|teamsize|p1|6\n|teamsize|p2|6\n|gen|9\n|tier|[Gen 9] Ubers\n|rated|\n|rule|Sleep Clause Mod: Limit one foe put to sleep\n|rule|Species Clause: Limit one of each Pok\u00e9mon\n|rule|OHKO Clause: OHKO moves are banned\n|rule|Evasion Items Clause: Evasion items are banned\n|rule|Evasion Moves Clause: Evasion moves are banned\n|rule|Endless Battle Clause: Forcing endless battles is banned\n|rule|HP Percentage Mod: HP is shown in percentages\n|clearpoke\n|poke|p1|Skeledirge, F|\n|poke|p1|Groudon|\n|poke|p1|Zacian-*|\n|poke|p1|Miraidon|\n|poke|p1|Arceus|\n|poke|p1|Regieleki|\n|poke|p2|Sneasler, M|\n|poke|p2|Miraidon|\n|poke|p2|Arceus|\n|poke|p2|Regieleki|\n|poke|p2|Ditto|\n|poke|p2|Groudon|\n|teampreview\n|\n|t:|1700091681\n|start\n|switch|p1a: Skeledirge|Skeledirge, F, shiny|100\/100\n|switch|p2a: Miraidon|Miraidon|100\/100\n|-fieldstart|move: Electric Terrain|[from] ability: Hadron Engine|[of] p2a: Miraidon\n|turn|1\n|\n|t:|1700091689\n|move|p2a: Miraidon|Electro Drift|p1a: Skeledirge\n|-damage|p1a: Skeledirge|17\/100\n|move|p1a: Skeledirge|Will-O-Wisp|p2a: Miraidon\n|-status|p2a: Miraidon|brn\n|\n|-damage|p2a: Miraidon|94\/100 brn|[from] brn\n|upkeep\n|turn|2\n|\n|t:|1700091701\n|switch|p2a: Groudon|Groudon|100\/100\n|-weather|SunnyDay|[from] ability: Drought|[of] p2a: Groudon\n|move|p1a: Skeledirge|Roar|p2a: Groudon\n|drag|p2a: Arceus|Arceus|100\/100\n|\n|-weather|SunnyDay|[upkeep]\n|upkeep\n|turn|3\n|\n|t:|1700091710\n|move|p2a: Arceus|Taunt|p1a: Skeledirge\n|-start|p1a: Skeledirge|move: Taunt\n|cant|p1a: Skeledirge|move: Taunt|Will-O-Wisp\n|\n|-weather|SunnyDay|[upkeep]\n|upkeep\n|turn|4\n|\n|t:|1700091717\n|move|p2a: Arceus|Shadow Claw|p1a: Skeledirge\n|-supereffective|p1a: Skeledirge\n|-damage|p1a: Skeledirge|0 fnt\n|faint|p1a: Skeledirge\n|\n|-weather|SunnyDay|[upkeep]\n|upkeep\n|\n|t:|1700091725\n|switch|p1a: Regieleki|Regieleki|100\/100\n|turn|5\n|\n|t:|1700091733\n|move|p2a: Arceus|Extreme Speed|p1a: Regieleki\n|-damage|p1a: Regieleki|0 fnt\n|faint|p1a: Regieleki\n|\n|-weather|SunnyDay|[upkeep]\n|-fieldend|move: Electric Terrain\n|upkeep\n|\n|t:|1700091741\n|switch|p1a: Zacian|Zacian-Crowned, shiny|100\/100\n|-ability|p1a: Zacian|Intrepid Sword|boost\n|-boost|p1a: Zacian|atk|1\n|turn|6\n|\n|t:|1700091747\n|switch|p2a: Regieleki|Regieleki|100\/100\n|move|p1a: Zacian|Trailblaze|p2a: Regieleki\n|-damage|p2a: Regieleki|37\/100\n|-boost|p1a: Zacian|spe|1\n|\n|-weather|none\n|upkeep\n|turn|7\n|\n|t:|1700091755\n|move|p1a: Zacian|Trailblaze|p2a: Regieleki\n|-damage|p2a: Regieleki|0 fnt\n|-boost|p1a: Zacian|spe|1\n|faint|p2a: Regieleki\n|\n|upkeep\n|\n|t:|1700091759\n|switch|p2a: Ditto|Ditto|100\/100\n|-transform|p2a: Ditto|p1a: Zacian|[from] ability: Imposter\n|-ability|p2a: Ditto|Intrepid Sword|boost\n|-boost|p2a: Ditto|atk|1\n|turn|8\n|\n|t:|1700091769\n|-terastallize|p1a: Zacian|Ground\n|move|p2a: Ditto|Behemoth Blade|p1a: Zacian\n|-crit|p1a: Zacian\n|-damage|p1a: Zacian|0 fnt\n|faint|p1a: Zacian\n|\n|upkeep\n|\n|t:|1700091780\n|switch|p1a: Groudon|Groudon|100\/100\n|-weather|SunnyDay|[from] ability: Drought|[of] p1a: Groudon\n|turn|9\n|\n|t:|1700091788\n|move|p2a: Ditto|Behemoth Blade|p1a: Groudon\n|-damage|p1a: Groudon|28\/100\n|move|p1a: Groudon|Earthquake|p2a: Ditto\n|-supereffective|p2a: Ditto\n|-damage|p2a: Ditto|0 fnt\n|faint|p2a: Ditto\n|\n|-weather|SunnyDay|[upkeep]\n|-heal|p1a: Groudon|34\/100|[from] item: Leftovers\n|upkeep\n|\n|t:|1700091795\n|switch|p2a: Arceus|Arceus|100\/100\n|turn|10\n|\n|t:|1700091800\n|move|p2a: Arceus|Taunt|p1a: Groudon\n|-start|p1a: Groudon|move: Taunt\n|cant|p1a: Groudon|move: Taunt|Will-O-Wisp\n|\n|-weather|SunnyDay|[upkeep]\n|-heal|p1a: Groudon|41\/100|[from] item: Leftovers\n|upkeep\n|turn|11\n|\n|t:|1700091806\n|move|p2a: Arceus|Swords Dance|p2a: Arceus\n|-boost|p2a: Arceus|atk|2\n|move|p1a: Groudon|Earthquake|p2a: Arceus\n|-damage|p2a: Arceus|60\/100\n|\n|-weather|SunnyDay|[upkeep]\n|-heal|p1a: Groudon|47\/100|[from] item: Leftovers\n|upkeep\n|turn|12\n|\n|t:|1700091817\n|-terastallize|p2a: Arceus|Normal\n|move|p2a: Arceus|Extreme Speed|p1a: Groudon\n|-damage|p1a: Groudon|0 fnt\n|faint|p1a: Groudon\n|\n|-weather|SunnyDay|[upkeep]\n|upkeep\n|\n|t:|1700091824\n|switch|p1a: Miraidon|Miraidon|100\/100\n|-fieldstart|move: Electric Terrain|[from] ability: Hadron Engine|[of] p1a: Miraidon\n|-item|p1a: Miraidon|Air Balloon\n|turn|13\n|\n|t:|1700091830\n|move|p2a: Arceus|Extreme Speed|p1a: Miraidon\n|-damage|p1a: Miraidon|0 fnt\n|-enditem|p1a: Miraidon|Air Balloon\n|faint|p1a: Miraidon\n|\n|-weather|none\n|upkeep\n|-message|Kalli Ma forfeited.\n|\n|win|bo552\n|raw|Kalli Ma's rating: 1336 &rarr; <strong>1321<\/strong><br \/>(-15 for losing)\n|raw|bo552's rating: 1419 &rarr; <strong>1434<\/strong><br \/>(+15 for winning)\n|l|\u2606Kalli Ma\n","uploadtime":1700091839,"views":8,"p1id":"kallima","p2id":"bo552","formatid":"gen9ubers","rating":1321,"private":0,"password":""}