{"id":"gen9ubers-1967988286","p1":"Cyrenux","p2":"mitakeran.VER","format":"[Gen 9] Ubers","log":"|j|\u2606Cyrenux\n|j|\u2606mitakeran.VER\n|t:|1697370340\n|gametype|singles\n|player|p1|Cyrenux|170|1257\n|player|p2|mitakeran.VER|caitlin-gen4|1005\n|teamsize|p1|6\n|teamsize|p2|6\n|gen|9\n|tier|[Gen 9] Ubers\n|rated|\n|rule|Sleep Clause Mod: Limit one foe put to sleep\n|rule|Species Clause: Limit one of each Pok\u00e9mon\n|rule|OHKO Clause: OHKO moves are banned\n|rule|Evasion Items Clause: Evasion items are banned\n|rule|Evasion Moves Clause: Evasion moves are banned\n|rule|Endless Battle Clause: Forcing endless battles is banned\n|rule|HP Percentage Mod: HP is shown in percentages\n|clearpoke\n|poke|p1|Magearna|\n|poke|p1|Cresselia, F|\n|poke|p1|Calyrex-Ice|\n|poke|p1|Slowking-Galar, F|\n|poke|p1|Kingambit, F|\n|poke|p1|Azumarill, M|\n|poke|p2|Urshifu-*, F|\n|poke|p2|Ogerpon-Hearthflame, F|\n|poke|p2|Gliscor, F|\n|poke|p2|Arceus|\n|poke|p2|Giratina|\n|poke|p2|Zacian-*|\n|teampreview\n|\n|t:|1697370351\n|start\n|switch|p1a: Slowking|Slowking-Galar, F|100\/100\n|switch|p2a: Urshifu|Urshifu-Rapid-Strike, F|100\/100\n|turn|1\n|\n|t:|1697370379\n|move|p2a: Urshifu|U-turn|p1a: Slowking\n|-damage|p1a: Slowking|72\/100\n|\n|t:|1697370388\n|switch|p2a: Zacian|Zacian-Crowned|100\/100|[from] U-turn\n|-ability|p2a: Zacian|Intrepid Sword|boost\n|-boost|p2a: Zacian|atk|1\n|move|p1a: Slowking|Trick Room|p1a: Slowking\n|-fieldstart|move: Trick Room|[of] p1a: Slowking\n|\n|upkeep\n|turn|2\n|\n|t:|1697370423\n|move|p1a: Slowking|Flamethrower|p2a: Zacian\n|-supereffective|p2a: Zacian\n|-damage|p2a: Zacian|54\/100\n|move|p2a: Zacian|Crunch|p1a: Slowking\n|-supereffective|p1a: Slowking\n|-damage|p1a: Slowking|0 fnt\n|faint|p1a: Slowking\n|\n|upkeep\n|\n|t:|1697370439\n|switch|p1a: Azumarill|Azumarill, M|100\/100\n|turn|3\n|\n|t:|1697370455\n|switch|p2a: Arceus|Arceus|100\/100\n|move|p1a: Azumarill|Liquidation|p2a: Arceus\n|-damage|p2a: Arceus|51\/100\n|\n|-heal|p2a: Arceus|57\/100|[from] item: Leftovers\n|upkeep\n|turn|4\n|\n|t:|1697370469\n|switch|p1a: Calyrex|Calyrex-Ice|100\/100\n|-ability|p1a: Calyrex|As One\n|-ability|p1a: Calyrex|Unnerve\n|move|p2a: Arceus|Protect||[still]\n|-fail|p2a: Arceus\n|\n|-heal|p2a: Arceus|63\/100|[from] item: Leftovers\n|upkeep\n|turn|5\n|\n|t:|1697370482\n|move|p2a: Arceus|Extreme Speed|p1a: Calyrex\n|-crit|p1a: Calyrex\n|-damage|p1a: Calyrex|69\/100\n|move|p1a: Calyrex|Close Combat|p2a: Arceus\n|-supereffective|p2a: Arceus\n|-damage|p2a: Arceus|0 fnt\n|-unboost|p1a: Calyrex|def|1\n|-unboost|p1a: Calyrex|spd|1\n|faint|p2a: Arceus\n|-ability|p1a: Calyrex|Chilling Neigh|boost\n|-boost|p1a: Calyrex|atk|1\n|-damage|p1a: Calyrex|59\/100|[from] item: Life Orb\n|\n|-fieldend|move: Trick Room\n|upkeep\n|\n|t:|1697370494\n|switch|p2a: Gliscor|Gliscor, F|100\/100\n|turn|6\n|\n|t:|1697370502\n|switch|p1a: Cresselia|Cresselia, F|100\/100\n|-terastallize|p2a: Gliscor|Fairy\n|move|p2a: Gliscor|Toxic Spikes|p1a: Cresselia\n|-sidestart|p1: Cyrenux|move: Toxic Spikes\n|\n|-status|p2a: Gliscor|tox|[from] item: Toxic Orb\n|upkeep\n|turn|7\n|\n|t:|1697370525\n|move|p2a: Gliscor|Toxic|p1a: Cresselia\n|-status|p1a: Cresselia|tox\n|move|p1a: Cresselia|Trick Room|p1a: Cresselia\n|-fieldstart|move: Trick Room|[of] p1a: Cresselia\n|\n|-damage|p1a: Cresselia|94\/100 tox|[from] psn\n|upkeep\n|turn|8\n|\n|t:|1697370555\n|switch|p1a: Azumarill|Azumarill, M|100\/100\n|-status|p1a: Azumarill|psn\n|move|p2a: Gliscor|Protect||[still]\n|-fail|p2a: Gliscor\n|\n|-damage|p1a: Azumarill|88\/100 psn|[from] psn\n|upkeep\n|turn|9\n|\n|t:|1697370563\n|move|p1a: Azumarill|Liquidation|p2a: Gliscor\n|-damage|p2a: Gliscor|54\/100 tox\n|move|p2a: Gliscor|Psychic Fangs|p1a: Azumarill\n|-damage|p1a: Azumarill|69\/100 psn\n|\n|-damage|p1a: Azumarill|57\/100 psn|[from] psn\n|-heal|p2a: Gliscor|66\/100 tox|[from] ability: Poison Heal\n|upkeep\n|turn|10\n|\n|t:|1697370575\n|move|p2a: Gliscor|Protect|p2a: Gliscor\n|-singleturn|p2a: Gliscor|Protect\n|move|p1a: Azumarill|Liquidation|p2a: Gliscor\n|-activate|p2a: Gliscor|move: Protect\n|\n|-damage|p1a: Azumarill|44\/100 psn|[from] psn\n|-heal|p2a: Gliscor|79\/100 tox|[from] ability: Poison Heal\n|upkeep\n|turn|11\n|\n|t:|1697370586\n|switch|p2a: Giratina|Giratina|100\/100\n|-ability|p2a: Giratina|Pressure\n|move|p1a: Azumarill|Liquidation|p2a: Giratina\n|-resisted|p2a: Giratina\n|-damage|p2a: Giratina|82\/100\n|\n|-heal|p2a: Giratina|88\/100|[from] item: Leftovers\n|-damage|p1a: Azumarill|32\/100 psn|[from] psn\n|-fieldend|move: Trick Room\n|upkeep\n|turn|12\n|\n|t:|1697370599\n|switch|p1a: Kingambit|Kingambit, F|100\/100\n|-activate|p1a: Kingambit|ability: Supreme Overlord\n|-start|p1a: Kingambit|fallen1|[silent]\n|move|p2a: Giratina|Shadow Sneak|p1a: Kingambit\n|-resisted|p1a: Kingambit\n|-damage|p1a: Kingambit|96\/100\n|\n|-heal|p2a: Giratina|94\/100|[from] item: Leftovers\n|upkeep\n|turn|13\n|\n|t:|1697370611\n|move|p1a: Kingambit|Kowtow Cleave|p2a: Giratina\n|-supereffective|p2a: Giratina\n|-damage|p2a: Giratina|17\/100\n|-damage|p1a: Kingambit|86\/100|[from] item: Life Orb\n|move|p2a: Giratina|Dragon Tail|p1a: Kingambit\n|-resisted|p1a: Kingambit\n|-damage|p1a: Kingambit|79\/100\n|-end|p1a: Kingambit|fallen1|[silent]\n|drag|p1a: Cresselia|Cresselia, F|94\/100 tox\n|\n|-heal|p2a: Giratina|24\/100|[from] item: Leftovers\n|-damage|p1a: Cresselia|88\/100 tox|[from] psn\n|upkeep\n|turn|14\n|\n|t:|1697370623\n|switch|p2a: Gliscor|Gliscor, F, tera:Fairy|79\/100 tox\n|switch|p1a: Kingambit|Kingambit, F|79\/100\n|-activate|p1a: Kingambit|ability: Supreme Overlord\n|-start|p1a: Kingambit|fallen1|[silent]\n|\n|-heal|p2a: Gliscor|91\/100 tox|[from] ability: Poison Heal\n|upkeep\n|turn|15\n|\n|t:|1697370635\n|switch|p2a: Zacian|Zacian-Crowned|54\/100\n|-end|p1a: Kingambit|fallen1|[silent]\n|switch|p1a: Azumarill|Azumarill, M|32\/100 psn\n|\n|-damage|p1a: Azumarill|20\/100 psn|[from] psn\n|upkeep\n|turn|16\n|\n|t:|1697370646\n|move|p2a: Zacian|Play Rough|p1a: Azumarill\n|-damage|p1a: Azumarill|0 fnt\n|faint|p1a: Azumarill\n|\n|upkeep\n|\n|t:|1697370662\n|switch|p1a: Magearna|Magearna|100\/100\n|turn|17\n|\n|t:|1697370682\n|move|p2a: Zacian|Sacred Sword|p1a: Magearna\n|-damage|p1a: Magearna|72\/100\n|move|p1a: Magearna|Trick Room|p1a: Magearna\n|-fieldstart|move: Trick Room|[of] p1a: Magearna\n|\n|-heal|p1a: Magearna|78\/100|[from] item: Leftovers\n|upkeep\n|turn|18\n|\n|t:|1697370702\n|move|p1a: Magearna|Iron Head|p2a: Zacian\n|-damage|p2a: Zacian|26\/100\n|move|p2a: Zacian|Behemoth Blade|p1a: Magearna\n|-damage|p1a: Magearna|36\/100\n|\n|-heal|p1a: Magearna|42\/100|[from] item: Leftovers\n|upkeep\n|turn|19\n|\n|t:|1697370710\n|switch|p2a: Gliscor|Gliscor, F, tera:Fairy|91\/100 tox\n|move|p1a: Magearna|Iron Head|p2a: Gliscor\n|-supereffective|p2a: Gliscor\n|-damage|p2a: Gliscor|52\/100 tox\n|\n|-heal|p1a: Magearna|48\/100|[from] item: Leftovers\n|-heal|p2a: Gliscor|64\/100 tox|[from] ability: Poison Heal\n|upkeep\n|turn|20\n|\n|t:|1697370719\n|move|p1a: Magearna|Iron Head|p2a: Gliscor\n|-supereffective|p2a: Gliscor\n|-damage|p2a: Gliscor|28\/100 tox\n|move|p2a: Gliscor|Psychic Fangs|p1a: Magearna\n|-resisted|p1a: Magearna\n|-damage|p1a: Magearna|41\/100\n|\n|-heal|p1a: Magearna|47\/100|[from] item: Leftovers\n|-heal|p2a: Gliscor|41\/100 tox|[from] ability: Poison Heal\n|upkeep\n|turn|21\n|\n|t:|1697370732\n|switch|p2a: Urshifu|Urshifu-Rapid-Strike, F|100\/100\n|move|p1a: Magearna|Trick Room|p1a: Magearna\n|-fieldend|move: Trick Room\n|\n|-heal|p1a: Magearna|53\/100|[from] item: Leftovers\n|upkeep\n|turn|22\n|\n|t:|1697370741\n|move|p2a: Urshifu|U-turn|p1a: Magearna\n|-resisted|p1a: Magearna\n|-damage|p1a: Magearna|48\/100\n|\n|t:|1697370746\n|switch|p2a: Ogerpon|Ogerpon-Hearthflame, F|100\/100|[from] U-turn\n|-ability|p2a: Ogerpon|Mold Breaker\n|move|p1a: Magearna|Trick Room|p1a: Magearna\n|-fieldstart|move: Trick Room|[of] p1a: Magearna\n|\n|-heal|p1a: Magearna|54\/100|[from] item: Leftovers\n|upkeep\n|turn|23\n|\n|t:|1697370754\n|switch|p1a: Kingambit|Kingambit, F|79\/100\n|-activate|p1a: Kingambit|ability: Supreme Overlord\n|-start|p1a: Kingambit|fallen2|[silent]\n|move|p2a: Ogerpon|Ivy Cudgel|p1a: Kingambit\n|-supereffective|p1a: Kingambit\n|-damage|p1a: Kingambit|0 fnt\n|faint|p1a: Kingambit\n|-end|p1a: Kingambit|fallen2|[silent]\n|\n|upkeep\n|\n|t:|1697370766\n|switch|p1a: Calyrex|Calyrex-Ice|59\/100\n|-ability|p1a: Calyrex|As One\n|-ability|p1a: Calyrex|Unnerve\n|-status|p1a: Calyrex|psn\n|turn|24\n|\n|t:|1697370792\n|switch|p2a: Giratina|Giratina|24\/100\n|-ability|p2a: Giratina|Pressure\n|move|p1a: Calyrex|Glacial Lance|p2a: Giratina\n|-supereffective|p2a: Giratina\n|-damage|p2a: Giratina|0 fnt\n|faint|p2a: Giratina\n|-ability|p1a: Calyrex|Chilling Neigh|boost\n|-boost|p1a: Calyrex|atk|1\n|-damage|p1a: Calyrex|49\/100 psn|[from] item: Life Orb\n|\n|-damage|p1a: Calyrex|37\/100 psn|[from] psn\n|upkeep\n|\n|t:|1697370804\n|switch|p2a: Gliscor|Gliscor, F, tera:Fairy|41\/100 tox\n|turn|25\n|\n|t:|1697370811\n|move|p2a: Gliscor|Protect|p2a: Gliscor\n|-singleturn|p2a: Gliscor|Protect\n|move|p1a: Calyrex|Glacial Lance|p2a: Gliscor\n|-activate|p2a: Gliscor|move: Protect\n|\n|-damage|p1a: Calyrex|25\/100 psn|[from] psn\n|-heal|p2a: Gliscor|53\/100 tox|[from] ability: Poison Heal\n|upkeep\n|turn|26\n|\n|t:|1697370822\n|move|p1a: Calyrex|Glacial Lance|p2a: Gliscor\n|-damage|p2a: Gliscor|0 fnt\n|faint|p2a: Gliscor\n|-ability|p1a: Calyrex|Chilling Neigh|boost\n|-boost|p1a: Calyrex|atk|1\n|-damage|p1a: Calyrex|15\/100 psn|[from] item: Life Orb\n|\n|-damage|p1a: Calyrex|2\/100 psn|[from] psn\n|-fieldend|move: Trick Room\n|upkeep\n|\n|t:|1697370835\n|switch|p2a: Zacian|Zacian-Crowned|26\/100\n|turn|27\n|\n|t:|1697370841\n|switch|p1a: Magearna|Magearna|54\/100\n|move|p2a: Zacian|Sacred Sword|p1a: Magearna\n|-damage|p1a: Magearna|30\/100\n|\n|-heal|p1a: Magearna|36\/100|[from] item: Leftovers\n|upkeep\n|turn|28\n|\n|t:|1697370857\n|move|p2a: Zacian|Behemoth Blade|p1a: Magearna\n|-damage|p1a: Magearna|0 fnt\n|faint|p1a: Magearna\n|\n|upkeep\n|\n|t:|1697370860\n|switch|p1a: Cresselia|Cresselia, F|88\/100 tox\n|turn|29\n|\n|t:|1697370868\n|move|p2a: Zacian|Crunch|p1a: Cresselia\n|-supereffective|p1a: Cresselia\n|-damage|p1a: Cresselia|51\/100 tox\n|move|p1a: Cresselia|Trick Room|p1a: Cresselia\n|-fieldstart|move: Trick Room|[of] p1a: Cresselia\n|\n|-damage|p1a: Cresselia|45\/100 tox|[from] psn\n|upkeep\n|turn|30\n|c|\u2606Cyrenux|gg\n|\n|t:|1697370882\n|move|p1a: Cresselia|Lunar Dance|p1a: Cresselia\n|faint|p1a: Cresselia\n|move|p2a: Zacian|Crunch|p1: Cresselia|[notarget]\n|-fail|p2a: Zacian\n|\n|upkeep\n|\n|t:|1697370885\n|switch|p1a: Calyrex|Calyrex-Ice|2\/100 psn\n|-ability|p1a: Calyrex|As One\n|-ability|p1a: Calyrex|Unnerve\n|-heal|p1a: Calyrex|100\/100|[from] move: Lunar Dance\n|-status|p1a: Calyrex|psn\n|turn|31\n|\n|t:|1697370898\n|move|p1a: Calyrex|Stomping Tantrum|p2a: Zacian\n|-supereffective|p2a: Zacian\n|-damage|p2a: Zacian|0 fnt\n|faint|p2a: Zacian\n|-ability|p1a: Calyrex|Chilling Neigh|boost\n|-boost|p1a: Calyrex|atk|1\n|-damage|p1a: Calyrex|91\/100 psn|[from] item: Life Orb\n|\n|-damage|p1a: Calyrex|78\/100 psn|[from] psn\n|upkeep\n|\n|t:|1697370908\n|switch|p2a: Ogerpon|Ogerpon-Hearthflame, F|100\/100\n|-ability|p2a: Ogerpon|Mold Breaker\n|turn|32\n|\n|t:|1697370919\n|-terastallize|p1a: Calyrex|Psychic\n|move|p1a: Calyrex|Glacial Lance|p2a: Ogerpon\n|-damage|p2a: Ogerpon|0 fnt\n|faint|p2a: Ogerpon\n|-ability|p1a: Calyrex|Chilling Neigh|boost\n|-boost|p1a: Calyrex|atk|1\n|-damage|p1a: Calyrex|68\/100 psn|[from] item: Life Orb\n|\n|-damage|p1a: Calyrex|56\/100 psn|[from] psn\n|upkeep\n|\n|t:|1697370929\n|switch|p2a: Urshifu|Urshifu-Rapid-Strike, F|100\/100\n|turn|33\n|\n|t:|1697371017\n|move|p1a: Calyrex|Close Combat|p2a: Urshifu\n|-damage|p2a: Urshifu|0 fnt\n|-unboost|p1a: Calyrex|def|1\n|-unboost|p1a: Calyrex|spd|1\n|faint|p2a: Urshifu\n|-damage|p1a: Calyrex|46\/100 psn|[from] item: Life Orb\n|\n|win|Cyrenux\n|raw|Cyrenux's rating: 1257 &rarr; <strong>1266<\/strong><br \/>(+9 for winning)\n|raw|mitakeran.VER's rating: 1005 &rarr; <strong>1001<\/strong><br \/>(-4 for losing)\n|c|\u2606mitakeran.VER|fake you bitch\n|l|\u2606mitakeran.VER\n|c|\u2606Cyrenux|i was calcing but ok\n","uploadtime":1697371021,"views":12,"p1id":"cyrenux","p2id":"mitakeranver","formatid":"gen9ubers","rating":1001,"private":0,"password":""}