{"id":"gen9ubers-1973838486","p1":"Hand0fD00m","p2":"Yangsta","format":"[Gen 9] Ubers","log":"|j|\u2606Hand0fD00m\n|j|\u2606Yangsta\n|t:|1698019091\n|gametype|singles\n|player|p1|Hand0fD00m|pokefan-gen4|\n|player|p2|Yangsta|waiter|\n|teamsize|p1|6\n|teamsize|p2|6\n|gen|9\n|tier|[Gen 9] Ubers\n|rule|Sleep Clause Mod: Limit one foe put to sleep\n|rule|Species Clause: Limit one of each Pok\u00e9mon\n|rule|OHKO Clause: OHKO moves are banned\n|rule|Evasion Items Clause: Evasion items are banned\n|rule|Evasion Moves Clause: Evasion moves are banned\n|rule|Endless Battle Clause: Forcing endless battles is banned\n|rule|HP Percentage Mod: HP is shown in percentages\n|clearpoke\n|poke|p1|Arceus|\n|poke|p1|Koraidon|\n|poke|p1|Zacian-*|\n|poke|p1|Miraidon|\n|poke|p1|Landorus-Therian, M|\n|poke|p1|Walking Wake|\n|poke|p2|Arceus|\n|poke|p2|Zacian-*|\n|poke|p2|Regieleki|\n|poke|p2|Koraidon|\n|poke|p2|Volcarona, M|\n|poke|p2|Flutter Mane|\n|teampreview\n|c|\u2606Yangsta|gl hf!\n|j| TooQuickGrim\n|c|\u2606Hand0fD00m|gl brother!\n|c| TooQuickGrim|Gl gents enzes asian genes bout to kick in\n|\n|t:|1698019138\n|start\n|switch|p1a: Calrissian|Landorus-Therian, M|100\/100\n|switch|p2a: Arceus|Arceus|100\/100\n|-ability|p1a: Calrissian|Intimidate|boost\n|-unboost|p2a: Arceus|atk|1\n|turn|1\n|\n|t:|1698019147\n|move|p2a: Arceus|Stealth Rock|p1a: Calrissian\n|-sidestart|p1: Hand0fD00m|move: Stealth Rock\n|move|p1a: Calrissian|Taunt|p2a: Arceus\n|-start|p2a: Arceus|move: Taunt\n|\n|upkeep\n|turn|2\n|\n|t:|1698019152\n|move|p2a: Arceus|Judgment|p1a: Calrissian\n|-damage|p1a: Calrissian|56\/100\n|move|p1a: Calrissian|Stealth Rock|p2a: Arceus\n|-sidestart|p2: Yangsta|move: Stealth Rock\n|\n|upkeep\n|turn|3\n|\n|t:|1698019161\n|move|p2a: Arceus|Judgment|p1a: Calrissian\n|-damage|p1a: Calrissian|11\/100\n|move|p1a: Calrissian|U-turn|p2a: Arceus\n|-damage|p2a: Arceus|85\/100\n|c|\u2606Yangsta|yay for taunt proofing lol\n|\n|t:|1698019173\n|switch|p1a: Zorro|Zacian-Crowned, shiny|100\/100|[from] U-turn\n|-damage|p1a: Zorro|94\/100|[from] Stealth Rock\n|-ability|p1a: Zorro|Intrepid Sword|boost\n|-boost|p1a: Zorro|atk|1\n|\n|-heal|p2a: Arceus|91\/100|[from] item: Leftovers\n|upkeep\n|turn|4\n|\n|t:|1698019184\n|-terastallize|p2a: Arceus|Steel\n|move|p1a: Zorro|Swords Dance|p1a: Zorro\n|-boost|p1a: Zorro|atk|2\n|move|p2a: Arceus|Judgment|p1a: Zorro\n|-resisted|p1a: Zorro\n|-damage|p1a: Zorro|73\/100\n|\n|-heal|p2a: Arceus|98\/100|[from] item: Leftovers\n|-end|p2a: Arceus|move: Taunt\n|upkeep\n|turn|5\n|\n|t:|1698019196\n|move|p1a: Zorro|Crunch|p2a: Arceus\n|-damage|p2a: Arceus|41\/100\n|move|p2a: Arceus|Calm Mind|p2a: Arceus\n|-boost|p2a: Arceus|spa|1\n|-boost|p2a: Arceus|spd|1\n|\n|-heal|p2a: Arceus|47\/100|[from] item: Leftovers\n|upkeep\n|turn|6\n|c|\u2606Hand0fD00m|is judgement phys or special\n|c|\u2606Yangsta|special\n|\n|t:|1698019239\n|switch|p2a: Zacian|Zacian-Crowned|100\/100\n|-damage|p2a: Zacian|94\/100|[from] Stealth Rock\n|-ability|p2a: Zacian|Intrepid Sword|boost\n|-boost|p2a: Zacian|atk|1\n|move|p1a: Zorro|Crunch|p2a: Zacian\n|-resisted|p2a: Zacian\n|-damage|p2a: Zacian|56\/100\n|\n|upkeep\n|turn|7\n|c|\u2606Hand0fD00m|i forgot it can be both\n|\n|t:|1698019252\n|move|p2a: Zacian|Behemoth Blade|p1a: Zorro\n|-damage|p1a: Zorro|0 fnt\n|faint|p1a: Zorro\n|\n|upkeep\n|c|\u2606Yangsta|phew made it\n|c|\u2606Yangsta|that was a gamble\n|\n|t:|1698019274\n|switch|p1a: Chief|Koraidon|100\/100\n|-damage|p1a: Chief|94\/100|[from] Stealth Rock\n|-weather|SunnyDay|[from] ability: Orichalcum Pulse|[of] p1a: Chief\n|-activate|p1a: Chief|Orichalcum Pulse|[source]\n|turn|8\n|\n|t:|1698019285\n|switch|p2a: Flutter Mane|Flutter Mane|100\/100\n|-damage|p2a: Flutter Mane|88\/100|[from] Stealth Rock\n|-activate|p2a: Flutter Mane|ability: Protosynthesis\n|-start|p2a: Flutter Mane|protosynthesisspe\n|move|p1a: Chief|Flare Blitz|p2a: Flutter Mane\n|-damage|p2a: Flutter Mane|0 fnt\n|faint|p2a: Flutter Mane\n|-end|p2a: Flutter Mane|Protosynthesis|[silent]\n|-damage|p1a: Chief|73\/100|[from] Recoil\n|\n|-weather|SunnyDay|[upkeep]\n|upkeep\n|c| TooQuickGrim|\ud83e\uddec\n|c|\u2606Yangsta|bruh\n|c|\u2606Yangsta|why no collison course\n|c|\u2606Yangsta|bruh\n|c|\u2606Yangsta|mannn\n|c|\u2606Yangsta|ur too good\n|c| TooQuickGrim|That thing is too fast LOL\n|c|\u2606Yangsta|no, hes just damn good\n|c|\u2606Hand0fD00m|got the reads lol\n|c|\u2606Yangsta|I would've been faster if flutter lived\n|c|\u2606Yangsta|he knew that\n|c| TooQuickGrim|Put the book down this is pokemon lololol\n|\n|t:|1698019336\n|switch|p2a: Regieleki|Regieleki|100\/100\n|-damage|p2a: Regieleki|88\/100|[from] Stealth Rock\n|turn|9\n|\n|t:|1698019345\n|move|p1a: Chief|Flare Blitz|p2a: Regieleki\n|-damage|p2a: Regieleki|0 fnt\n|faint|p2a: Regieleki\n|-damage|p1a: Chief|42\/100|[from] Recoil\n|\n|-weather|SunnyDay|[upkeep]\n|upkeep\n|c|\u2606Yangsta|???\n|c|\u2606Yangsta|fuck choiced\n|c|\u2606Hand0fD00m|but if im scarfed...\n|\n|t:|1698019362\n|switch|p2a: Koraidon|Koraidon|100\/100\n|-damage|p2a: Koraidon|94\/100|[from] Stealth Rock\n|-activate|p2a: Koraidon|ability: Orichalcum Pulse\n|turn|10\n|\n|t:|1698019369\n|move|p1a: Chief|Flare Blitz|p2a: Koraidon\n|-resisted|p2a: Koraidon\n|-damage|p2a: Koraidon|57\/100\n|-damage|p1a: Chief|30\/100|[from] Recoil\n|move|p2a: Koraidon|Dragon Claw|p1a: Chief\n|-supereffective|p1a: Chief\n|-damage|p1a: Chief|0 fnt\n|faint|p1a: Chief\n|\n|-weather|SunnyDay|[upkeep]\n|upkeep\n|\n|t:|1698019380\n|switch|p1a: Strolling Storm|Walking Wake|100\/100\n|-damage|p1a: Strolling Storm|88\/100|[from] Stealth Rock\n|-activate|p1a: Strolling Storm|ability: Protosynthesis\n|-start|p1a: Strolling Storm|protosynthesisspe\n|turn|11\n|\n|t:|1698019400\n|move|p1a: Strolling Storm|Dragon Pulse|p2a: Koraidon\n|-supereffective|p2a: Koraidon\n|-damage|p2a: Koraidon|0 fnt\n|faint|p2a: Koraidon\n|\n|-weather|SunnyDay|[upkeep]\n|upkeep\n|\n|t:|1698019409\n|switch|p2a: Zacian|Zacian-Crowned|56\/100\n|-damage|p2a: Zacian|49\/100|[from] Stealth Rock\n|turn|12\n|\n|t:|1698019417\n|move|p1a: Strolling Storm|Flamethrower|p2a: Zacian\n|-supereffective|p2a: Zacian\n|-damage|p2a: Zacian|0 fnt\n|faint|p2a: Zacian\n|\n|-weather|none\n|-end|p1a: Strolling Storm|Protosynthesis\n|upkeep\n|-enditem|p1a: Strolling Storm|Booster Energy\n|-activate|p1a: Strolling Storm|ability: Protosynthesis|[fromitem]\n|-start|p1a: Strolling Storm|protosynthesisspe\n|c|\u2606Yangsta|gg I think\n|\n|t:|1698019426\n|switch|p2a: Volcarona|Volcarona, M|100\/100\n|-damage|p2a: Volcarona|51\/100|[from] Stealth Rock\n|turn|13\n|c|\u2606Hand0fD00m|looking close to it\n|\n|t:|1698019442\n|move|p1a: Strolling Storm|Hydro Steam|p2a: Volcarona\n|-supereffective|p2a: Volcarona\n|-crit|p2a: Volcarona\n|-damage|p2a: Volcarona|0 fnt\n|faint|p2a: Volcarona\n|\n|upkeep\n|\n|t:|1698019447\n|switch|p2a: Arceus|Arceus, tera:Steel|47\/100\n|-damage|p2a: Arceus|41\/100|[from] Stealth Rock\n|turn|14\n|\n|t:|1698019450\n|move|p1a: Strolling Storm|Flamethrower|p2a: Arceus\n|-supereffective|p2a: Arceus\n|-damage|p2a: Arceus|0 fnt\n|faint|p2a: Arceus\n|\n|win|Hand0fD00m\n|c|\u2606Yangsta|fire match bro\n|c| TooQuickGrim|Gg guys!\n|c|\u2606Yangsta|was simply outclassed\n|c|\u2606Hand0fD00m|ggs, i hope to see you in grands\n","uploadtime":1698019465,"views":13,"p1id":"hand0fd00m","p2id":"yangsta","formatid":"gen9ubers","rating":0,"private":0,"password":""}