{"id":"gen9ubers-1981994515","p1":"adpg.alt","p2":"Leo Justice","format":"[Gen 9] Ubers","log":"|j|\u2606adpg.alt\n|j|\u2606Leo Justice\n|t:|1698957970\n|gametype|singles\n|player|p1|adpg.alt|hilbert-wonderlauncher|\n|player|p2|Leo Justice|carmine|\n|teamsize|p1|6\n|teamsize|p2|6\n|gen|9\n|tier|[Gen 9] Ubers\n|rule|Sleep Clause Mod: Limit one foe put to sleep\n|rule|Species Clause: Limit one of each Pok\u00e9mon\n|rule|OHKO Clause: OHKO moves are banned\n|rule|Evasion Items Clause: Evasion items are banned\n|rule|Evasion Moves Clause: Evasion moves are banned\n|rule|Endless Battle Clause: Forcing endless battles is banned\n|rule|HP Percentage Mod: HP is shown in percentages\n|clearpoke\n|poke|p1|Ninetales-Alola, F|\n|poke|p1|Baxcalibur, F|\n|poke|p1|Arceus-Fighting|\n|poke|p1|Zacian-*|\n|poke|p1|Spectrier|\n|poke|p1|Magearna|\n|poke|p2|Dialga|\n|poke|p2|Moltres|\n|poke|p2|Palafin, M|\n|poke|p2|Arceus-Ghost|\n|poke|p2|Cyclizar, F|\n|poke|p2|Chi-Yu|\n|teampreview\n|\n|t:|1698957976\n|start\n|switch|p1a: Ninetales|Ninetales-Alola, F|100\/100\n|switch|p2a: Cyclizar|Cyclizar, F|100\/100\n|-weather|Snow|[from] ability: Snow Warning|[of] p1a: Ninetales\n|turn|1\n|\n|t:|1698957985\n|move|p2a: Cyclizar|Taunt|p1a: Ninetales\n|-start|p1a: Ninetales|move: Taunt\n|move|p1a: Ninetales|Foul Play|p2a: Cyclizar\n|-damage|p2a: Cyclizar|69\/100\n|\n|-weather|Snow|[upkeep]\n|upkeep\n|turn|2\n|\n|t:|1698957994\n|move|p2a: Cyclizar|Shed Tail|p2a: Cyclizar\n|-start|p2a: Cyclizar|Substitute|[from] move: Shed Tail\n|-damage|p2a: Cyclizar|19\/100\n|\n|t:|1698957999\n|switch|p2a: Dialga|Dialga|100\/100|[from] Shed Tail\n|-ability|p2a: Dialga|Pressure\n|move|p1a: Ninetales|Foul Play|p2a: Dialga\n|-activate|p2a: Dialga|move: Substitute|[damage]\n|\n|-weather|Snow|[upkeep]\n|upkeep\n|turn|3\n|\n|t:|1698958011\n|switch|p1a: Magearna|Magearna|100\/100\n|move|p2a: Dialga|Flash Cannon|p1a: Magearna\n|-damage|p1a: Magearna|68\/100\n|\n|-weather|Snow|[upkeep]\n|-heal|p1a: Magearna|74\/100|[from] item: Leftovers\n|upkeep\n|turn|4\n|\n|t:|1698958017\n|move|p1a: Magearna|Calm Mind|p1a: Magearna\n|-boost|p1a: Magearna|spa|1\n|-boost|p1a: Magearna|spd|1\n|move|p2a: Dialga|Stealth Rock|p1a: Magearna\n|-sidestart|p1: adpg.alt|move: Stealth Rock\n|\n|-weather|Snow|[upkeep]\n|-heal|p1a: Magearna|80\/100|[from] item: Leftovers\n|upkeep\n|turn|5\n|\n|t:|1698958023\n|move|p1a: Magearna|Draining Kiss|p2a: Dialga\n|-end|p2a: Dialga|Substitute\n|-heal|p1a: Magearna|85\/100|[from] drain|[of] p2a: Dialga\n|move|p2a: Dialga|Roar|p1a: Magearna\n|drag|p1a: Zacian|Zacian|100\/100\n|-ability|p1a: Zacian|Intrepid Sword|boost\n|-boost|p1a: Zacian|atk|1\n|\n|-weather|none\n|upkeep\n|turn|6\n|c|\u2606Leo Justice|Double dance mag oh no\n|\n|t:|1698958048\n|switch|p2a: Moltres|Moltres|100\/100\n|move|p1a: Zacian|Close Combat|p2a: Moltres\n|-resisted|p2a: Moltres\n|-damage|p2a: Moltres|79\/100\n|-unboost|p1a: Zacian|def|1\n|-unboost|p1a: Zacian|spd|1\n|-status|p1a: Zacian|brn|[from] ability: Flame Body|[of] p2a: Moltres\n|\n|-damage|p1a: Zacian|94\/100 brn|[from] brn\n|upkeep\n|turn|7\n|\n|t:|1698958056\n|move|p1a: Zacian|Swords Dance|p1a: Zacian\n|-boost|p1a: Zacian|atk|2\n|move|p2a: Moltres|U-turn|p1a: Zacian\n|-resisted|p1a: Zacian\n|-damage|p1a: Zacian|84\/100 brn\n|\n|t:|1698958061\n|switch|p2a: Chi-Yu|Chi-Yu|100\/100|[from] U-turn\n|-ability|p2a: Chi-Yu|Beads of Ruin\n|\n|-damage|p1a: Zacian|78\/100 brn|[from] brn\n|upkeep\n|turn|8\n|\n|t:|1698958067\n|move|p2a: Chi-Yu|Flamethrower|p1a: Zacian\n|-damage|p1a: Zacian|0 fnt\n|faint|p1a: Zacian\n|\n|upkeep\n|\n|t:|1698958087\n|switch|p1a: Magearna|Magearna|85\/100\n|-damage|p1a: Magearna|79\/100|[from] Stealth Rock\n|turn|9\n|\n|t:|1698958099\n|switch|p2a: Dialga|Dialga|100\/100\n|-ability|p2a: Dialga|Pressure\n|-terastallize|p1a: Magearna|Water\n|move|p1a: Magearna|Calm Mind|p1a: Magearna\n|-boost|p1a: Magearna|spa|1\n|-boost|p1a: Magearna|spd|1\n|\n|-heal|p1a: Magearna|85\/100|[from] item: Leftovers\n|upkeep\n|turn|10\n|\n|t:|1698958114\n|move|p1a: Magearna|Draining Kiss|p2a: Dialga\n|-damage|p2a: Dialga|80\/100\n|-heal|p1a: Magearna|100\/100|[from] drain|[of] p2a: Dialga\n|move|p2a: Dialga|Roar|p1a: Magearna\n|drag|p1a: Arceus|Arceus-Fighting|100\/100\n|-damage|p1a: Arceus|94\/100|[from] Stealth Rock\n|\n|-heal|p2a: Dialga|87\/100|[from] item: Leftovers\n|upkeep\n|turn|11\n|\n|t:|1698958127\n|switch|p2a: Arceus|Arceus-Ghost|100\/100\n|move|p1a: Arceus|Judgment|p2a: Arceus\n|-immune|p2a: Arceus\n|\n|upkeep\n|turn|12\n|\n|t:|1698958134\n|move|p1a: Arceus|Calm Mind|p1a: Arceus\n|-boost|p1a: Arceus|spa|1\n|-boost|p1a: Arceus|spd|1\n|move|p2a: Arceus|Swords Dance|p2a: Arceus\n|-boost|p2a: Arceus|atk|2\n|\n|upkeep\n|turn|13\n|\n|t:|1698958145\n|move|p1a: Arceus|Shadow Ball|p2a: Arceus\n|-supereffective|p2a: Arceus\n|-damage|p2a: Arceus|57\/100\n|move|p2a: Arceus|Shadow Claw|p1a: Arceus\n|-damage|p1a: Arceus|37\/100\n|\n|upkeep\n|turn|14\n|\n|t:|1698958165\n|-terastallize|p2a: Arceus|Normal\n|move|p2a: Arceus|Extreme Speed|p1a: Arceus\n|-damage|p1a: Arceus|0 fnt\n|faint|p1a: Arceus\n|\n|upkeep\n|\n|t:|1698958180\n|switch|p1a: Baxcalibur|Baxcalibur, F|100\/100\n|turn|15\n|\n|t:|1698958198\n|move|p2a: Arceus|Shadow Claw|p1a: Baxcalibur\n|-damage|p1a: Baxcalibur|18\/100\n|move|p1a: Baxcalibur|Glaive Rush|p2a: Arceus\n|-damage|p2a: Arceus|4\/100\n|-singlemove|p1a: Baxcalibur|Glaive Rush|[silent]\n|\n|upkeep\n|turn|16\n|\n|t:|1698958213\n|move|p2a: Arceus|Extreme Speed|p1a: Baxcalibur\n|-damage|p1a: Baxcalibur|0 fnt\n|faint|p1a: Baxcalibur\n|\n|upkeep\n|\n|t:|1698958217\n|switch|p1a: Ninetales|Ninetales-Alola, F|100\/100\n|-damage|p1a: Ninetales|76\/100|[from] Stealth Rock\n|-weather|Snow|[from] ability: Snow Warning|[of] p1a: Ninetales\n|turn|17\n|\n|t:|1698958225\n|move|p2a: Arceus|Extreme Speed|p1a: Ninetales\n|-damage|p1a: Ninetales|9\/100\n|move|p1a: Ninetales|Aurora Veil|p1a: Ninetales\n|-sidestart|p1: adpg.alt|move: Aurora Veil\n|\n|-weather|Snow|[upkeep]\n|upkeep\n|turn|18\n|\n|t:|1698958235\n|move|p1a: Ninetales|Blizzard|p2a: Arceus\n|-damage|p2a: Arceus|0 fnt\n|faint|p2a: Arceus\n|\n|-weather|Snow|[upkeep]\n|upkeep\n|\n|t:|1698958240\n|switch|p2a: Palafin|Palafin, M|100\/100\n|turn|19\n|\n|t:|1698958249\n|detailschange|p2a: Palafin|Palafin-Hero, M\n|switch|p2a: Dialga|Dialga|87\/100\n|-ability|p2a: Dialga|Pressure\n|move|p1a: Ninetales|Foul Play|p2a: Dialga\n|-damage|p2a: Dialga|73\/100\n|\n|-weather|Snow|[upkeep]\n|-heal|p2a: Dialga|79\/100|[from] item: Leftovers\n|upkeep\n|turn|20\n|\n|t:|1698958259\n|switch|p1a: Spectrier|Spectrier|100\/100\n|-damage|p1a: Spectrier|88\/100|[from] Stealth Rock\n|move|p2a: Dialga|Roar|p1a: Spectrier\n|drag|p1a: Magearna|Magearna, tera:Water|100\/100\n|-damage|p1a: Magearna|88\/100|[from] Stealth Rock\n|\n|-weather|Snow|[upkeep]\n|-heal|p1a: Magearna|94\/100|[from] item: Leftovers\n|-heal|p2a: Dialga|85\/100|[from] item: Leftovers\n|upkeep\n|turn|21\n|\n|t:|1698958273\n|move|p1a: Magearna|Draining Kiss|p2a: Dialga\n|-damage|p2a: Dialga|71\/100\n|-heal|p1a: Magearna|100\/100|[from] drain|[of] p2a: Dialga\n|move|p2a: Dialga|Roar|p1a: Magearna\n|drag|p1a: Spectrier|Spectrier|88\/100\n|-damage|p1a: Spectrier|76\/100|[from] Stealth Rock\n|\n|-weather|none\n|-heal|p1a: Spectrier|82\/100|[from] item: Leftovers\n|-heal|p2a: Dialga|77\/100|[from] item: Leftovers\n|upkeep\n|turn|22\n|\n|t:|1698958291\n|move|p1a: Spectrier|Shadow Ball|p2a: Dialga\n|-damage|p2a: Dialga|47\/100\n|move|p2a: Dialga|Roar|p1a: Spectrier\n|drag|p1a: Ninetales|Ninetales-Alola, F|9\/100\n|-damage|p1a: Ninetales|0 fnt|[from] Stealth Rock\n|faint|p1a: Ninetales\n|\n|-heal|p2a: Dialga|53\/100|[from] item: Leftovers\n|upkeep\n|\n|t:|1698958309\n|switch|p1a: Spectrier|Spectrier|82\/100\n|-damage|p1a: Spectrier|70\/100|[from] Stealth Rock\n|turn|23\n|\n|t:|1698958317\n|switch|p2a: Cyclizar|Cyclizar, F|52\/100\n|move|p1a: Spectrier|Shadow Ball|p2a: Cyclizar\n|-immune|p2a: Cyclizar\n|\n|-heal|p1a: Spectrier|76\/100|[from] item: Leftovers\n|upkeep\n|turn|24\n|\n|t:|1698958323\n|move|p1a: Spectrier|Draining Kiss|p2a: Cyclizar\n|-supereffective|p2a: Cyclizar\n|-damage|p2a: Cyclizar|2\/100\n|-heal|p1a: Spectrier|100\/100|[from] drain|[of] p2a: Cyclizar\n|move|p2a: Cyclizar|Knock Off|p1a: Spectrier\n|-supereffective|p1a: Spectrier\n|-damage|p1a: Spectrier|66\/100\n|-enditem|p1a: Spectrier|Leftovers|[from] move: Knock Off|[of] p2a: Cyclizar\n|\n|-sideend|p1: adpg.alt|move: Aurora Veil\n|upkeep\n|turn|25\n|\n|t:|1698958343\n|switch|p2a: Moltres|Moltres|79\/100\n|move|p1a: Spectrier|Substitute|p1a: Spectrier\n|-start|p1a: Spectrier|Substitute\n|-damage|p1a: Spectrier|41\/100\n|\n|upkeep\n|turn|26\n|\n|t:|1698958350\n|move|p1a: Spectrier|Nasty Plot|p1a: Spectrier\n|-boost|p1a: Spectrier|spa|2\n|move|p2a: Moltres|Hurricane|p1a: Spectrier\n|-end|p1a: Spectrier|Substitute\n|\n|upkeep\n|turn|27\n|\n|t:|1698958362\n|move|p1a: Spectrier|Shadow Ball|p2a: Moltres\n|-damage|p2a: Moltres|0 fnt\n|faint|p2a: Moltres\n|-ability|p1a: Spectrier|Grim Neigh|boost\n|-boost|p1a: Spectrier|spa|1\n|\n|upkeep\n|\n|t:|1698958366\n|switch|p2a: Chi-Yu|Chi-Yu|100\/100\n|-ability|p2a: Chi-Yu|Beads of Ruin\n|turn|28\n|\n|t:|1698958375\n|move|p2a: Chi-Yu|Dark Pulse|p1a: Spectrier\n|-supereffective|p1a: Spectrier\n|-damage|p1a: Spectrier|0 fnt\n|faint|p1a: Spectrier\n|\n|upkeep\n|\n|t:|1698958379\n|switch|p1a: Magearna|Magearna, tera:Water|100\/100\n|-damage|p1a: Magearna|88\/100|[from] Stealth Rock\n|turn|29\n|\n|t:|1698958382\n|move|p2a: Chi-Yu|Dark Pulse|p1a: Magearna\n|-damage|p1a: Magearna|37\/100\n|move|p1a: Magearna|Calm Mind|p1a: Magearna\n|-boost|p1a: Magearna|spa|1\n|-boost|p1a: Magearna|spd|1\n|\n|-heal|p1a: Magearna|43\/100|[from] item: Leftovers\n|upkeep\n|turn|30\n|\n|t:|1698958387\n|move|p2a: Chi-Yu|Dark Pulse|p1a: Magearna\n|-damage|p1a: Magearna|12\/100\n|move|p1a: Magearna|Draining Kiss|p2a: Chi-Yu\n|-damage|p2a: Chi-Yu|61\/100\n|-heal|p1a: Magearna|33\/100|[from] drain|[of] p2a: Chi-Yu\n|\n|-heal|p1a: Magearna|39\/100|[from] item: Leftovers\n|upkeep\n|turn|31\n|\n|t:|1698958405\n|move|p2a: Chi-Yu|Dark Pulse|p1a: Magearna\n|-damage|p1a: Magearna|6\/100\n|move|p1a: Magearna|Draining Kiss|p2a: Chi-Yu\n|-damage|p2a: Chi-Yu|25\/100\n|-heal|p1a: Magearna|25\/100|[from] drain|[of] p2a: Chi-Yu\n|\n|-heal|p1a: Magearna|31\/100|[from] item: Leftovers\n|upkeep\n|turn|32\n|\n|t:|1698958413\n|move|p2a: Chi-Yu|Dark Pulse|p1a: Magearna\n|-damage|p1a: Magearna|0 fnt\n|faint|p1a: Magearna\n|\n|win|Leo Justice\n|c|\u2606Leo Justice|gg\n","uploadtime":1698958420,"views":18,"p1id":"adpgalt","p2id":"leojustice","formatid":"gen9ubers","rating":0,"private":0,"password":""}