{"id":"gen9ubers-1998005641","p1":"Mackacide","p2":"MichaeltheMink","format":"[Gen 9] Ubers","log":"|j|\u2606Mackacide\n|j|\u2606MichaeltheMink\n|t:|1700878007\n|gametype|singles\n|player|p1|Mackacide|n-masters3|\n|player|p2|MichaeltheMink|1|\n|teamsize|p1|6\n|teamsize|p2|6\n|gen|9\n|tier|[Gen 9] Ubers\n|rule|Sleep Clause Mod: Limit one foe put to sleep\n|rule|Species Clause: Limit one of each Pok\u00e9mon\n|rule|OHKO Clause: OHKO moves are banned\n|rule|Evasion Items Clause: Evasion items are banned\n|rule|Evasion Moves Clause: Evasion moves are banned\n|rule|Endless Battle Clause: Forcing endless battles is banned\n|rule|HP Percentage Mod: HP is shown in percentages\n|clearpoke\n|poke|p1|Sneasler, M|\n|poke|p1|Indeedee-F, F|\n|poke|p1|Clodsire, M|\n|poke|p1|Mew|\n|poke|p1|Ogerpon-Hearthflame, F|\n|poke|p1|Scyther, M|\n|poke|p2|Ogerpon, F|\n|poke|p2|Iron Jugulis|\n|poke|p2|Slither Wing|\n|poke|p2|Gyarados, F|\n|poke|p2|Donphan, F|\n|poke|p2|Garchomp, F|\n|teampreview\n|inactive|Battle timer is ON: inactive players will automatically lose when time's up. (requested by Mackacide)\n|\n|t:|1700878029\n|start\n|switch|p1a: Amaterasu|Ogerpon-Hearthflame, F|100\/100\n|switch|p2a: Big Bug|Slither Wing|100\/100\n|-ability|p1a: Amaterasu|Mold Breaker\n|turn|1\n|inactive|MichaeltheMink has 270 seconds left.\n|\n|t:|1700878075\n|switch|p1a: Shikamaru|Scyther, M, shiny|100\/100\n|-end|p2a: Big Bug|Protosynthesis|[silent]\n|switch|p2a: Spike Man|Garchomp, F|100\/100\n|\n|upkeep\n|turn|2\n|\n|t:|1700878099\n|move|p2a: Spike Man|Scale Shot|p1a: Shikamaru\n|-crit|p1a: Shikamaru\n|-damage|p1a: Shikamaru|83\/100\n|-damage|p1a: Shikamaru|70\/100\n|-damage|p1a: Shikamaru|58\/100\n|-damage|p1a: Shikamaru|47\/100\n|-hitcount|p1a: Shikamaru|4\n|-unboost|p2a: Spike Man|def|1\n|-boost|p2a: Spike Man|spe|1\n|move|p1a: Shikamaru|U-turn|p2a: Spike Man\n|-damage|p2a: Spike Man|51\/100\n|-damage|p1a: Shikamaru|35\/100|[from] ability: Rough Skin|[of] p2a: Spike Man\n|inactive|Mackacide has 270 seconds left.\n|\n|t:|1700878129\n|switch|p1a: Mind of 34th|Indeedee-F, F|100\/100|[from] U-turn\n|-fieldstart|move: Psychic Terrain|[from] ability: Psychic Surge|[of] p1a: Mind of 34th\n|\n|upkeep\n|turn|3\n|inactive|MichaeltheMink has 240 seconds left.\n|\n|t:|1700878161\n|move|p2a: Spike Man|Swords Dance|p2a: Spike Man\n|-boost|p2a: Spike Man|atk|2\n|move|p1a: Mind of 34th|Reflect|p1a: Mind of 34th\n|-sidestart|p1: Mackacide|Reflect\n|\n|upkeep\n|turn|4\n|\n|t:|1700878174\n|move|p2a: Spike Man|Swords Dance|p2a: Spike Man\n|-boost|p2a: Spike Man|atk|2\n|move|p1a: Mind of 34th|Psychic|p2a: Spike Man\n|-damage|p2a: Spike Man|9\/100\n|\n|upkeep\n|turn|5\n|inactive|MichaeltheMink has 210 seconds left.\n|\n|t:|1700878214\n|move|p2a: Spike Man|Earthquake|p1a: Mind of 34th\n|-crit|p1a: Mind of 34th\n|-damage|p1a: Mind of 34th|0 fnt\n|faint|p1a: Mind of 34th\n|\n|upkeep\n|\n|t:|1700878219\n|switch|p1a: Punk Monk|Sneasler, M|100\/100\n|-enditem|p1a: Punk Monk|Psychic Seed\n|-boost|p1a: Punk Monk|spd|1|[from] item: Psychic Seed\n|turn|6\n|inactive|MichaeltheMink has 210 seconds left.\n|inactive|MichaeltheMink has 180 seconds left.\n|\n|t:|1700878264\n|switch|p2a: Blue Worm|Gyarados, F|100\/100\n|-ability|p2a: Blue Worm|Intimidate|boost\n|-unboost|p1a: Punk Monk|atk|1\n|-terastallize|p1a: Punk Monk|Ice\n|move|p1a: Punk Monk|Tera Blast|p2a: Blue Worm|[anim] Tera Blast Ice\n|-damage|p2a: Blue Worm|73\/100\n|\n|upkeep\n|turn|7\n|inactive|MichaeltheMink has 180 seconds left.\n|\n|t:|1700878297\n|move|p1a: Punk Monk|Swords Dance|p1a: Punk Monk\n|-boost|p1a: Punk Monk|atk|2\n|move|p2a: Blue Worm|Earthquake|p1a: Punk Monk\n|-damage|p1a: Punk Monk|78\/100\n|\n|-sideend|p1: Mackacide|Reflect\n|upkeep\n|turn|8\n|\n|t:|1700878303\n|move|p1a: Punk Monk|Dire Claw|p2a: Blue Worm\n|-damage|p2a: Blue Worm|8\/100\n|-damage|p1a: Punk Monk|62\/100|[from] item: Rocky Helmet|[of] p2a: Blue Worm\n|move|p2a: Blue Worm|Thunder Wave|p1a: Punk Monk\n|-status|p1a: Punk Monk|par\n|\n|upkeep\n|turn|9\n|inactive|MichaeltheMink has 150 seconds left.\n|\n|t:|1700878330\n|move|p1a: Punk Monk|Dire Claw|p2a: Blue Worm\n|-damage|p2a: Blue Worm|0 fnt\n|-damage|p1a: Punk Monk|45\/100 par|[from] item: Rocky Helmet|[of] p2a: Blue Worm\n|faint|p2a: Blue Worm\n|\n|-fieldend|move: Psychic Terrain\n|upkeep\n|inactive|MichaeltheMink has 120 seconds left.\n|\n|t:|1700878368\n|switch|p2a: Big Bug|Slither Wing|100\/100\n|turn|10\n|\n|t:|1700878378\n|move|p2a: Big Bug|First Impression|p1a: Punk Monk\n|-damage|p1a: Punk Monk|0 fnt\n|faint|p1a: Punk Monk\n|\n|upkeep\n|\n|t:|1700878389\n|switch|p1a: Clod This|Clodsire, M, shiny|100\/100\n|turn|11\n|\n|t:|1700878396\n|-end|p2a: Big Bug|Protosynthesis|[silent]\n|switch|p2a: Warrior Elephant|Donphan, F|100\/100\n|move|p1a: Clod This|Stealth Rock|p2a: Warrior Elephant\n|-sidestart|p2: MichaeltheMink|move: Stealth Rock\n|\n|upkeep\n|turn|12\n|inactive|MichaeltheMink has 120 seconds left.\n|\n|t:|1700878423\n|switch|p1a: Chidori|Mew, shiny|100\/100\n|move|p2a: Warrior Elephant|Rapid Spin|p1a: Chidori\n|-damage|p1a: Chidori|85\/100\n|-boost|p2a: Warrior Elephant|spe|1\n|-sideend|p2: MichaeltheMink|Stealth Rock|[from] move: Rapid Spin|[of] p2a: Warrior Elephant\n|\n|upkeep\n|turn|13\n|inactive|MichaeltheMink has 120 seconds left.\n|\n|t:|1700878456\n|switch|p2a: Three Headed Robot|Iron Jugulis|100\/100\n|-enditem|p2a: Three Headed Robot|Booster Energy\n|-activate|p2a: Three Headed Robot|ability: Quark Drive|[fromitem]\n|-start|p2a: Three Headed Robot|quarkdrivespe\n|move|p1a: Chidori|Ice Beam|p2a: Three Headed Robot\n|-supereffective|p2a: Three Headed Robot\n|-damage|p2a: Three Headed Robot|16\/100\n|\n|upkeep\n|turn|14\n|inactive|MichaeltheMink has 90 seconds left.\n|inactive|MichaeltheMink has 60 seconds left.\n|\n|t:|1700878512\n|switch|p1a: Clod This|Clodsire, M, shiny|100\/100\n|move|p2a: Three Headed Robot|Dark Pulse|p1a: Clod This\n|-crit|p1a: Clod This\n|-damage|p1a: Clod This|55\/100\n|\n|-heal|p1a: Clod This|61\/100|[from] item: Leftovers\n|upkeep\n|turn|15\n|inactive|MichaeltheMink has 60 seconds left.\n|\n|t:|1700878532\n|move|p2a: Three Headed Robot|Taunt|p1a: Clod This\n|-start|p1a: Clod This|move: Taunt\n|cant|p1a: Clod This|move: Taunt|Toxic\n|\n|-heal|p1a: Clod This|67\/100|[from] item: Leftovers\n|upkeep\n|turn|16\n|inactive|MichaeltheMink has 30 seconds left.\n|\n|t:|1700878568\n|-end|p2a: Three Headed Robot|Quark Drive|[silent]\n|switch|p2a: Bullied Loner|Ogerpon, F|100\/100\n|switch|p1a: Shikamaru|Scyther, M, shiny|35\/100\n|\n|upkeep\n|turn|17\n|inactive|MichaeltheMink has 30 seconds left.\n|inactive|MichaeltheMink has 20 seconds left.\n|inactive|MichaeltheMink has 15 seconds left.\n|\n|t:|1700878590\n|switch|p2a: Warrior Elephant|Donphan, F|100\/100\n|move|p1a: Shikamaru|U-turn|p2a: Warrior Elephant\n|-damage|p2a: Warrior Elephant|74\/100\n|inactive|MichaeltheMink has 20 seconds left this turn.\n|\n|t:|1700878601\n|switch|p1a: Amaterasu|Ogerpon-Hearthflame, F|100\/100|[from] U-turn\n|-ability|p1a: Amaterasu|Mold Breaker\n|\n|-heal|p2a: Warrior Elephant|81\/100|[from] item: Leftovers\n|upkeep\n|turn|18\n|inactive|MichaeltheMink has 30 seconds left this turn.\n|inactive|MichaeltheMink has 20 seconds left.\n|inactive|MichaeltheMink has 15 seconds left.\n|inactive|MichaeltheMink has 10 seconds left.\n|\n|t:|1700878624\n|switch|p2a: Bullied Loner|Ogerpon, F|100\/100\n|move|p1a: Amaterasu|Horn Leech|p2a: Bullied Loner\n|-resisted|p2a: Bullied Loner\n|-damage|p2a: Bullied Loner|71\/100\n|\n|upkeep\n|turn|19\n|inactive|MichaeltheMink has 20 seconds left this turn.\n|inactive|MichaeltheMink has 15 seconds left.\n|inactive|MichaeltheMink has 10 seconds left.\n|inactive|MichaeltheMink has 5 seconds left.\n|\n|t:|1700878641\n|move|p2a: Bullied Loner|U-turn|p1a: Amaterasu\n|-damage|p1a: Amaterasu|63\/100\n|-damage|p2a: Bullied Loner|61\/100|[from] item: Life Orb\n|inactive|MichaeltheMink has 10 seconds left this turn.\n|inactive|MichaeltheMink has 5 seconds left.\n|\n|t:|1700878648\n|switch|p2a: Spike Man|Garchomp, F|9\/100|[from] U-turn\n|move|p1a: Amaterasu|Ivy Cudgel|p2a: Spike Man|[anim] Ivy Cudgel Fire\n|-resisted|p2a: Spike Man\n|-damage|p2a: Spike Man|0 fnt\n|faint|p2a: Spike Man\n|\n|upkeep\n|inactive|MichaeltheMink has 10 seconds left this turn.\n|inactive|MichaeltheMink has 5 seconds left.\n|\n|t:|1700878654\n|switch|p2a: Big Bug|Slither Wing|100\/100\n|turn|20\n|inactive|MichaeltheMink has 15 seconds left this turn.\n|\n|t:|1700878659\n|switch|p1a: Shikamaru|Scyther, M, shiny|35\/100\n|move|p2a: Big Bug|First Impression|p1a: Shikamaru\n|-resisted|p1a: Shikamaru\n|-damage|p1a: Shikamaru|0 fnt\n|faint|p1a: Shikamaru\n|\n|upkeep\n|inactive|MichaeltheMink has 20 seconds left this turn.\n|\n|t:|1700878669\n|switch|p1a: Amaterasu|Ogerpon-Hearthflame, F|63\/100\n|-ability|p1a: Amaterasu|Mold Breaker\n|turn|21\n|inactive|MichaeltheMink has 30 seconds left this turn.\n|\n|t:|1700878675\n|-end|p2a: Big Bug|Protosynthesis|[silent]\n|switch|p2a: Three Headed Robot|Iron Jugulis|16\/100\n|move|p1a: Amaterasu|Ivy Cudgel|p2a: Three Headed Robot|[anim] Ivy Cudgel Fire\n|-damage|p2a: Three Headed Robot|0 fnt\n|faint|p2a: Three Headed Robot\n|-end|p2a: Three Headed Robot|Quark Drive|[silent]\n|\n|upkeep\n|inactive|MichaeltheMink has 30 seconds left this turn.\n|inactive|MichaeltheMink has 20 seconds left.\n|\n|t:|1700878686\n|switch|p2a: Bullied Loner|Ogerpon, F|61\/100\n|turn|22\n|inactive|MichaeltheMink has 30 seconds left this turn.\n|inactive|MichaeltheMink has 20 seconds left.\n|inactive|MichaeltheMink has 15 seconds left.\n|\n|t:|1700878703\n|move|p2a: Bullied Loner|U-turn|p1a: Amaterasu\n|-damage|p1a: Amaterasu|23\/100\n|-damage|p2a: Bullied Loner|51\/100|[from] item: Life Orb\n|inactive|MichaeltheMink has 20 seconds left this turn.\n|inactive|MichaeltheMink has 15 seconds left.\n|\n|t:|1700878709\n|switch|p2a: Warrior Elephant|Donphan, F|81\/100|[from] U-turn\n|move|p1a: Amaterasu|Ivy Cudgel|p2a: Warrior Elephant|[anim] Ivy Cudgel Fire\n|-crit|p2a: Warrior Elephant\n|-damage|p2a: Warrior Elephant|16\/100\n|\n|-heal|p2a: Warrior Elephant|22\/100|[from] item: Leftovers\n|upkeep\n|turn|23\n|inactive|MichaeltheMink has 25 seconds left this turn.\n|inactive|MichaeltheMink has 20 seconds left.\n|inactive|MichaeltheMink has 15 seconds left.\n|\n|t:|1700878721\n|move|p1a: Amaterasu|Horn Leech|p2a: Warrior Elephant\n|-supereffective|p2a: Warrior Elephant\n|-damage|p2a: Warrior Elephant|0 fnt\n|-heal|p1a: Amaterasu|37\/100|[from] drain|[of] p2a: Warrior Elephant\n|faint|p2a: Warrior Elephant\n|\n|upkeep\n|inactive|MichaeltheMink has 20 seconds left this turn.\n|inactive|MichaeltheMink has 15 seconds left.\n|\n|t:|1700878730\n|switch|p2a: Bullied Loner|Ogerpon, F|51\/100\n|turn|24\n|inactive|MichaeltheMink has 25 seconds left this turn.\n|inactive|MichaeltheMink has 20 seconds left.\n|inactive|MichaeltheMink has 15 seconds left.\n|inactive|MichaeltheMink has 10 seconds left.\n|inactive|MichaeltheMink has 5 seconds left.\n|\n|t:|1700878750\n|move|p1a: Amaterasu|Ivy Cudgel|p2a: Bullied Loner|[anim] Ivy Cudgel Fire\n|-supereffective|p2a: Bullied Loner\n|-damage|p2a: Bullied Loner|0 fnt\n|faint|p2a: Bullied Loner\n|\n|upkeep\n|inactive|MichaeltheMink has 10 seconds left this turn.\n|\n|t:|1700878755\n|switch|p2a: Big Bug|Slither Wing|100\/100\n|turn|25\n|inactive|MichaeltheMink has 20 seconds left this turn.\n|\n|t:|1700878758\n|switch|p1a: Clod This|Clodsire, M, shiny|67\/100\n|move|p2a: Big Bug|Close Combat|p1a: Clod This\n|-resisted|p1a: Clod This\n|-damage|p1a: Clod This|32\/100\n|-unboost|p2a: Big Bug|def|1\n|-unboost|p2a: Big Bug|spd|1\n|\n|-heal|p1a: Clod This|38\/100|[from] item: Leftovers\n|upkeep\n|turn|26\n|inactive|MichaeltheMink has 30 seconds left this turn.\n|c|\u2606Mackacide|gg\n|inactive|MichaeltheMink has 20 seconds left.\n|\n|t:|1700878769\n|move|p2a: Big Bug|Close Combat|p1a: Clod This\n|-resisted|p1a: Clod This\n|-damage|p1a: Clod This|0 fnt\n|-unboost|p2a: Big Bug|def|1\n|-unboost|p2a: Big Bug|spd|1\n|faint|p1a: Clod This\n|\n|upkeep\n|inactive|MichaeltheMink has 25 seconds left this turn.\n|\n|t:|1700878775\n|switch|p1a: Chidori|Mew, shiny|85\/100\n|turn|27\n|\n|t:|1700878778\n|move|p1a: Chidori|Psychic|p2a: Big Bug\n|-supereffective|p2a: Big Bug\n|-damage|p2a: Big Bug|0 fnt\n|faint|p2a: Big Bug\n|-end|p2a: Big Bug|Protosynthesis|[silent]\n|\n|win|Mackacide\n","uploadtime":1700878784,"views":28,"p1id":"mackacide","p2id":"michaelthemink","formatid":"gen9ubers","rating":0,"private":0,"password":""}