{"id":"gen9ubers-1979250737","p1":"NicNeg","p2":"Treniam","format":"[Gen 9] Ubers","log":"|j|\u2606NicNeg\n|j|\u2606Treniam\n|t:|1698660858\n|gametype|singles\n|player|p1|NicNeg|1|\n|player|p2|Treniam|102|\n|teamsize|p1|6\n|teamsize|p2|6\n|gen|9\n|tier|[Gen 9] Ubers\n|rule|Sleep Clause Mod: Limit one foe put to sleep\n|rule|Species Clause: Limit one of each Pok\u00e9mon\n|rule|OHKO Clause: OHKO moves are banned\n|rule|Evasion Items Clause: Evasion items are banned\n|rule|Evasion Moves Clause: Evasion moves are banned\n|rule|Endless Battle Clause: Forcing endless battles is banned\n|rule|HP Percentage Mod: HP is shown in percentages\n|clearpoke\n|poke|p1|Ceruledge, M|\n|poke|p1|Thundurus, M|\n|poke|p1|Manaphy|\n|poke|p1|Leavanny, F|\n|poke|p1|Conkeldurr, F|\n|poke|p1|Cacturne, F|\n|poke|p2|Politoed, F|\n|poke|p2|Zapdos|\n|poke|p2|Basculegion-F, F|\n|poke|p2|Beartic, F|\n|poke|p2|Shiftry, F|\n|poke|p2|Farigiraf, F|\n|teampreview\n|c|\u2606Treniam|glhf\n|c|\u2606NicNeg|you too!\n|j| thatguy_313\n|\n|t:|1698660903\n|start\n|switch|p1a: Thundurus|Thundurus, M|100\/100\n|switch|p2a: Ribbit|Politoed, F, shiny|100\/100\n|-weather|RainDance|[from] ability: Drizzle|[of] p2a: Ribbit\n|turn|1\n|\n|t:|1698660918\n|switch|p2a: Brrrrrr|Beartic, F|100\/100\n|move|p1a: Thundurus|Thunder|p2a: Brrrrrr\n|-damage|p2a: Brrrrrr|14\/100\n|-damage|p1a: Thundurus|91\/100|[from] item: Life Orb\n|\n|-weather|RainDance|[upkeep]\n|upkeep\n|turn|2\n|\n|t:|1698660930\n|switch|p1a: Conkeldurr|Conkeldurr, F|100\/100\n|move|p2a: Brrrrrr|Icicle Crash|p1a: Conkeldurr\n|-damage|p1a: Conkeldurr|50\/100\n|-damage|p2a: Brrrrrr|4\/100|[from] item: Life Orb\n|\n|-weather|RainDance|[upkeep]\n|-status|p1a: Conkeldurr|brn|[from] item: Flame Orb\n|upkeep\n|turn|3\n|\n|t:|1698660939\n|move|p2a: Brrrrrr|Aqua Jet|p1a: Conkeldurr\n|-damage|p1a: Conkeldurr|27\/100 brn\n|-damage|p2a: Brrrrrr|0 fnt|[from] item: Life Orb\n|faint|p2a: Brrrrrr\n|move|p1a: Conkeldurr|Mach Punch|p2: Brrrrrr|[notarget]\n|-fail|p1a: Conkeldurr\n|\n|-weather|RainDance|[upkeep]\n|-damage|p1a: Conkeldurr|21\/100 brn|[from] brn\n|upkeep\n|\n|t:|1698660957\n|switch|p2a: Blub Blub|Basculegion-F, F, shiny|100\/100\n|turn|4\n|\n|t:|1698660964\n|switch|p1a: Cacturne|Cacturne, F|100\/100\n|move|p2a: Blub Blub|Surf|p1a: Cacturne\n|-immune|p1a: Cacturne|[from] ability: Water Absorb\n|\n|-weather|RainDance|[upkeep]\n|upkeep\n|turn|5\n|\n|t:|1698660974\n|switch|p2a: Swish Swish|Shiftry, F|100\/100\n|move|p1a: Cacturne|Seed Bomb|p2a: Swish Swish\n|-resisted|p2a: Swish Swish\n|-damage|p2a: Swish Swish|65\/100\n|\n|-weather|RainDance|[upkeep]\n|upkeep\n|turn|6\n|\n|t:|1698660984\n|move|p2a: Swish Swish|X-Scissor|p1a: Cacturne\n|-supereffective|p1a: Cacturne\n|-damage|p1a: Cacturne|0 fnt\n|faint|p1a: Cacturne\n|\n|-weather|RainDance|[upkeep]\n|upkeep\n|\n|t:|1698661002\n|switch|p1a: Conkeldurr|Conkeldurr, F|21\/100 brn\n|turn|7\n|\n|t:|1698661007\n|move|p2a: Swish Swish|Sucker Punch|p1a: Conkeldurr\n|-resisted|p1a: Conkeldurr\n|-damage|p1a: Conkeldurr|8\/100 brn\n|move|p1a: Conkeldurr|Mach Punch|p2a: Swish Swish\n|-supereffective|p2a: Swish Swish\n|-damage|p2a: Swish Swish|0 fnt\n|faint|p2a: Swish Swish\n|\n|-weather|RainDance|[upkeep]\n|-damage|p1a: Conkeldurr|2\/100 brn|[from] brn\n|upkeep\n|\n|t:|1698661016\n|switch|p2a: Ribbit|Politoed, F, shiny|100\/100\n|turn|8\n|\n|t:|1698661024\n|switch|p1a: Thundurus|Thundurus, M|91\/100\n|move|p2a: Ribbit|Surf|p1a: Thundurus\n|-damage|p1a: Thundurus|29\/100\n|\n|-weather|none\n|upkeep\n|turn|9\n|\n|t:|1698661043\n|switch|p2a: Loooooooong|Farigiraf, F, shiny|100\/100\n|move|p1a: Thundurus|Thunderbolt|p2a: Loooooooong\n|-damage|p2a: Loooooooong|29\/100\n|-enditem|p2a: Loooooooong|Sitrus Berry|[eat]\n|-heal|p2a: Loooooooong|54\/100|[from] item: Sitrus Berry\n|-damage|p1a: Thundurus|19\/100|[from] item: Life Orb\n|\n|upkeep\n|turn|10\n|\n|t:|1698661056\n|move|p1a: Thundurus|Thunderbolt|p2a: Loooooooong\n|-damage|p2a: Loooooooong|0 fnt\n|faint|p2a: Loooooooong\n|-damage|p1a: Thundurus|9\/100|[from] item: Life Orb\n|\n|upkeep\n|\n|t:|1698661063\n|switch|p2a: Ribbit|Politoed, F, shiny|100\/100\n|-weather|RainDance|[from] ability: Drizzle|[of] p2a: Ribbit\n|turn|11\n|\n|t:|1698661075\n|move|p1a: Thundurus|Thunder|p2a: Ribbit\n|-supereffective|p2a: Ribbit\n|-damage|p2a: Ribbit|0 fnt\n|faint|p2a: Ribbit\n|-damage|p1a: Thundurus|0 fnt|[from] item: Life Orb\n|faint|p1a: Thundurus\n|\n|-weather|RainDance|[upkeep]\n|upkeep\n|\n|t:|1698661094\n|switch|p1a: Conkeldurr|Conkeldurr, F|2\/100 brn\n|switch|p2a: Blub Blub|Basculegion-F, F, shiny|100\/100\n|turn|12\n|\n|t:|1698661108\n|move|p1a: Conkeldurr|Mach Punch|p2a: Blub Blub\n|-immune|p2a: Blub Blub\n|move|p2a: Blub Blub|Tera Blast|p1a: Conkeldurr\n|-damage|p1a: Conkeldurr|0 fnt\n|faint|p1a: Conkeldurr\n|\n|-weather|RainDance|[upkeep]\n|upkeep\n|\n|t:|1698661121\n|switch|p1a: Manaphy|Manaphy|100\/100\n|turn|13\n|\n|t:|1698661125\n|-terastallize|p2a: Blub Blub|Dark\n|move|p2a: Blub Blub|Tera Blast|p1a: Manaphy|[anim] Tera Blast Dark\n|-damage|p1a: Manaphy|65\/100\n|move|p1a: Manaphy|Take Heart|p1a: Manaphy\n|-boost|p1a: Manaphy|spa|1\n|-boost|p1a: Manaphy|spd|1\n|\n|-weather|RainDance|[upkeep]\n|-heal|p1a: Manaphy|71\/100|[from] item: Leftovers\n|upkeep\n|turn|14\n|\n|t:|1698661143\n|move|p2a: Blub Blub|Tera Blast|p1a: Manaphy|[anim] Tera Blast Dark\n|-damage|p1a: Manaphy|46\/100\n|move|p1a: Manaphy|Take Heart|p1a: Manaphy\n|-boost|p1a: Manaphy|spa|1\n|-boost|p1a: Manaphy|spd|1\n|\n|-weather|RainDance|[upkeep]\n|-heal|p1a: Manaphy|52\/100|[from] item: Leftovers\n|upkeep\n|turn|15\n|\n|t:|1698661153\n|move|p2a: Blub Blub|Tera Blast|p1a: Manaphy|[anim] Tera Blast Dark\n|-damage|p1a: Manaphy|33\/100\n|move|p1a: Manaphy|Surf|p2a: Blub Blub\n|-damage|p2a: Blub Blub|0 fnt\n|faint|p2a: Blub Blub\n|\n|-weather|RainDance|[upkeep]\n|-heal|p1a: Manaphy|39\/100|[from] item: Leftovers\n|upkeep\n|\n|t:|1698661160\n|switch|p2a: Bzzzzzzzz|Zapdos|100\/100\n|turn|16\n|\n|t:|1698661173\n|move|p2a: Bzzzzzzzz|Thunderbolt|p1a: Manaphy\n|-supereffective|p1a: Manaphy\n|-crit|p1a: Manaphy\n|-damage|p1a: Manaphy|0 fnt\n|faint|p1a: Manaphy\n|\n|-weather|RainDance|[upkeep]\n|upkeep\n|\n|t:|1698661194\n|switch|p1a: Leavanny|Leavanny, F|100\/100\n|turn|17\n|\n|t:|1698661201\n|move|p2a: Bzzzzzzzz|Hurricane|p1a: Leavanny\n|-supereffective|p1a: Leavanny\n|-enditem|p1a: Leavanny|Focus Sash\n|-damage|p1a: Leavanny|1\/100\n|-start|p1a: Leavanny|confusion\n|-activate|p1a: Leavanny|confusion\n|move|p1a: Leavanny|Leaf Blade|p2a: Bzzzzzzzz\n|-resisted|p2a: Bzzzzzzzz\n|-crit|p2a: Bzzzzzzzz\n|-damage|p2a: Bzzzzzzzz|62\/100\n|-status|p1a: Leavanny|par|[from] ability: Static|[of] p2a: Bzzzzzzzz\n|\n|-weather|RainDance|[upkeep]\n|upkeep\n|turn|18\n|\n|t:|1698661214\n|move|p2a: Bzzzzzzzz|Thunderbolt|p1a: Leavanny\n|-resisted|p1a: Leavanny\n|-damage|p1a: Leavanny|0 fnt\n|faint|p1a: Leavanny\n|\n|-weather|none\n|upkeep\n|\n|t:|1698661234\n|switch|p1a: Ceruledge|Ceruledge, M|100\/100\n|turn|19\n|\n|t:|1698661253\n|move|p2a: Bzzzzzzzz|Thunderbolt|p1a: Ceruledge\n|-damage|p1a: Ceruledge|49\/100\n|move|p1a: Ceruledge|Poltergeist|p2a: Bzzzzzzzz\n|-activate|p2a: Bzzzzzzzz|move: Poltergeist|Heavy-Duty Boots\n|-damage|p2a: Bzzzzzzzz|0 fnt\n|faint|p2a: Bzzzzzzzz\n|\n|win|NicNeg\n|c|\u2606Treniam|oof\n|c|\u2606Treniam|gg\n|c|\u2606NicNeg|gg\n|c|\u2606NicNeg|so close\n|c|\u2606Treniam|Very close ahah\n|c|\u2606Treniam|Was debating a roost or trying the hurricane again\n|c|\u2606NicNeg|hurricane for the confusion would've been scary\n|c|\u2606Treniam|1000%\n|l|\u2606Treniam\n|l|\u2606NicNeg\n|l| thatguy_313\n|j|\u2606NicNeg\n|player|p1|NicNeg|1\n","uploadtime":1698661671,"views":19,"p1id":"nicneg","p2id":"treniam","formatid":"gen9ubers","rating":0,"private":0,"password":""}