{"id":"gen9ubers-1985095113","p1":"RoamingDia","p2":"DeadGoblin","format":"[Gen 9] Ubers","log":"|j|\u2606RoamingDia\n|j|\u2606DeadGoblin\n|t:|1699330146\n|gametype|singles\n|player|p1|RoamingDia|pokemaniac|\n|player|p2|DeadGoblin|cynthia|\n|teamsize|p1|6\n|teamsize|p2|6\n|gen|9\n|tier|[Gen 9] Ubers\n|rule|Sleep Clause Mod: Limit one foe put to sleep\n|rule|Species Clause: Limit one of each Pok\u00e9mon\n|rule|OHKO Clause: OHKO moves are banned\n|rule|Evasion Items Clause: Evasion items are banned\n|rule|Evasion Moves Clause: Evasion moves are banned\n|rule|Endless Battle Clause: Forcing endless battles is banned\n|rule|HP Percentage Mod: HP is shown in percentages\n|clearpoke\n|poke|p1|Sneasler, M|\n|poke|p1|Roaring Moon|\n|poke|p1|Walking Wake|\n|poke|p1|Lilligant-Hisui, F|\n|poke|p1|Torkoal, M|\n|poke|p1|Heatran, F|\n|poke|p2|Quaquaval, M|\n|poke|p2|Zapdos|\n|poke|p2|Gardevoir, F|\n|poke|p2|Armarouge, M|\n|poke|p2|Haxorus, F|\n|poke|p2|Cyclizar, M|\n|teampreview\n|j| BLACK METAL 3\n|j| pkpowers310\n|j| Squirshawott\n|\n|t:|1699330180\n|start\n|switch|p1a: Gazoontite|Sneasler, M|100\/100\n|switch|p2a: Hax|Haxorus, F, shiny|100\/100\n|-ability|p2a: Hax|Mold Breaker\n|turn|1\n|\n|t:|1699330193\n|move|p1a: Gazoontite|Fake Out|p2a: Hax\n|-damage|p2a: Hax|83\/100\n|cant|p2a: Hax|flinch\n|\n|upkeep\n|turn|2\n|\n|t:|1699330199\n|move|p1a: Gazoontite|U-turn|p2a: Hax\n|-damage|p2a: Hax|50\/100\n|\n|t:|1699330204\n|switch|p1a: Bently|Torkoal, M|100\/100|[from] U-turn\n|-weather|SunnyDay|[from] ability: Drought|[of] p1a: Bently\n|move|p2a: Hax|Earthquake|p1a: Bently\n|-supereffective|p1a: Bently\n|-damage|p1a: Bently|38\/100\n|-damage|p2a: Hax|40\/100|[from] item: Life Orb\n|\n|-weather|SunnyDay|[upkeep]\n|upkeep\n|turn|3\n|c| Squirshawott|lets go gob but where tf is the lilligant\n|j| Astyr.Pygos\n|c| Squirshawott|omfg where tf is the wolfman\n|\n|t:|1699330241\n|move|p2a: Hax|Earthquake|p1a: Bently\n|-supereffective|p1a: Bently\n|-damage|p1a: Bently|0 fnt\n|faint|p1a: Bently\n|-damage|p2a: Hax|31\/100|[from] item: Life Orb\n|\n|-weather|SunnyDay|[upkeep]\n|upkeep\n|c|\u2606DeadGoblin|I figured it is not time\n|c|\u2606DeadGoblin|Soon\n|c|\u2606DeadGoblin|tm\n|\n|t:|1699330250\n|switch|p1a: Gazoontite|Sneasler, M|100\/100\n|turn|4\n|\n|t:|1699330274\n|switch|p2a: HungryBox|Cyclizar, M, shiny|100\/100\n|move|p1a: Gazoontite|Close Combat|p2a: HungryBox\n|-supereffective|p2a: HungryBox\n|-damage|p2a: HungryBox|0 fnt\n|-unboost|p1a: Gazoontite|def|1\n|-unboost|p1a: Gazoontite|spd|1\n|-enditem|p1a: Gazoontite|White Herb\n|-clearnegativeboost|p1a: Gazoontite|[silent]\n|faint|p2a: HungryBox\n|\n|-weather|SunnyDay|[upkeep]\n|upkeep\n|\n|t:|1699330295\n|switch|p2a: KFC|Zapdos, shiny|100\/100\n|turn|5\n|\n|t:|1699330307\n|move|p1a: Gazoontite|U-turn|p2a: KFC\n|-resisted|p2a: KFC\n|-damage|p2a: KFC|92\/100\n|-damage|p1a: Gazoontite|84\/100|[from] item: Rocky Helmet|[of] p2a: KFC\n|\n|t:|1699330314\n|switch|p1a: Pea Shooter|Lilligant-Hisui, F, shiny|100\/100|[from] U-turn\n|move|p2a: KFC|Tailwind|p2a: KFC\n|-sidestart|p2: DeadGoblin|move: Tailwind\n|\n|-weather|SunnyDay|[upkeep]\n|upkeep\n|turn|6\n|\n|t:|1699330321\n|move|p1a: Pea Shooter|Solar Blade||[still]\n|-prepare|p1a: Pea Shooter|Solar Blade\n|-anim|p1a: Pea Shooter|Solar Blade|p2a: KFC\n|-resisted|p2a: KFC\n|-damage|p2a: KFC|60\/100\n|-damage|p1a: Pea Shooter|84\/100|[from] item: Rocky Helmet|[of] p2a: KFC\n|-damage|p1a: Pea Shooter|74\/100|[from] item: Life Orb\n|move|p2a: KFC|Heat Wave|p1a: Pea Shooter\n|-supereffective|p1a: Pea Shooter\n|-crit|p1a: Pea Shooter\n|-damage|p1a: Pea Shooter|0 fnt\n|faint|p1a: Pea Shooter\n|\n|-weather|SunnyDay|[upkeep]\n|upkeep\n|c| Squirshawott|ZAPDOS\n|\n|t:|1699330335\n|switch|p1a: Noriaki Kakyoin|Roaring Moon, shiny|100\/100\n|-activate|p1a: Noriaki Kakyoin|ability: Protosynthesis\n|-start|p1a: Noriaki Kakyoin|protosynthesisatk\n|turn|7\n|\n|t:|1699330345\n|move|p2a: KFC|Roost|p2a: KFC\n|-heal|p2a: KFC|100\/100\n|-singleturn|p2a: KFC|move: Roost\n|move|p1a: Noriaki Kakyoin|Knock Off|p2a: KFC\n|-damage|p2a: KFC|44\/100\n|-damage|p1a: Noriaki Kakyoin|84\/100|[from] item: Rocky Helmet|[of] p2a: KFC\n|-status|p1a: Noriaki Kakyoin|par|[from] ability: Static|[of] p2a: KFC\n|-enditem|p2a: KFC|Rocky Helmet|[from] move: Knock Off|[of] p1a: Noriaki Kakyoin\n|\n|-weather|SunnyDay|[upkeep]\n|upkeep\n|turn|8\n|\n|t:|1699330372\n|switch|p2a: Estrella|Gardevoir, F, shiny|100\/100\n|cant|p1a: Noriaki Kakyoin|par\n|\n|-weather|SunnyDay|[upkeep]\n|-sideend|p2: DeadGoblin|move: Tailwind\n|upkeep\n|turn|9\n|\n|t:|1699330380\n|move|p2a: Estrella|Moonblast|p1a: Noriaki Kakyoin\n|-supereffective|p1a: Noriaki Kakyoin\n|-damage|p1a: Noriaki Kakyoin|0 fnt\n|faint|p1a: Noriaki Kakyoin\n|-end|p1a: Noriaki Kakyoin|Protosynthesis|[silent]\n|\n|-weather|none\n|upkeep\n|\n|t:|1699330386\n|switch|p1a: Gazoontite|Sneasler, M|84\/100\n|-ability|p2a: Estrella|Unburden|[from] ability: Trace|[of] p1a: Gazoontite\n|turn|10\n|\n|t:|1699330396\n|switch|p2a: KFC|Zapdos, shiny|44\/100\n|move|p1a: Gazoontite|Dire Claw|p2a: KFC\n|-damage|p2a: KFC|13\/100\n|\n|upkeep\n|turn|11\n|\n|t:|1699330410\n|move|p1a: Gazoontite|Dire Claw|p2a: KFC\n|-damage|p2a: KFC|0 fnt\n|-status|p1a: Gazoontite|par|[from] ability: Static|[of] p2a: KFC\n|faint|p2a: KFC\n|\n|upkeep\n|\n|t:|1699330433\n|switch|p2a: BIRD UP|Quaquaval, M|100\/100\n|turn|12\n|\n|t:|1699330441\n|move|p2a: BIRD UP|Bulk Up|p2a: BIRD UP\n|-boost|p2a: BIRD UP|atk|1\n|-boost|p2a: BIRD UP|def|1\n|move|p1a: Gazoontite|U-turn|p2a: BIRD UP\n|-resisted|p2a: BIRD UP\n|-damage|p2a: BIRD UP|92\/100\n|\n|t:|1699330450\n|switch|p1a: Okuyasu Nijimura|Walking Wake|100\/100|[from] U-turn\n|\n|-heal|p2a: BIRD UP|98\/100|[from] item: Leftovers\n|upkeep\n|turn|13\n|\n|t:|1699330460\n|move|p1a: Okuyasu Nijimura|Draco Meteor|p2a: BIRD UP|[miss]\n|-miss|p1a: Okuyasu Nijimura|p2a: BIRD UP\n|move|p2a: BIRD UP|Bulk Up|p2a: BIRD UP\n|-boost|p2a: BIRD UP|atk|1\n|-boost|p2a: BIRD UP|def|1\n|\n|-heal|p2a: BIRD UP|100\/100|[from] item: Leftovers\n|upkeep\n|turn|14\n|\n|t:|1699330477\n|-end|p1a: Okuyasu Nijimura|Protosynthesis|[silent]\n|switch|p1a: Cooked Croak|Heatran, F|100\/100\n|move|p2a: BIRD UP|Ice Spinner|p1a: Cooked Croak\n|-resisted|p1a: Cooked Croak\n|-damage|p1a: Cooked Croak|92\/100\n|\n|-heal|p1a: Cooked Croak|98\/100|[from] item: Leftovers\n|upkeep\n|turn|15\n|\n|t:|1699330485\n|move|p2a: BIRD UP|Aqua Step|p1a: Cooked Croak\n|-supereffective|p1a: Cooked Croak\n|-damage|p1a: Cooked Croak|0 fnt\n|-boost|p2a: BIRD UP|spe|1\n|faint|p1a: Cooked Croak\n|-ability|p2a: BIRD UP|Moxie|boost\n|-boost|p2a: BIRD UP|atk|1\n|\n|upkeep\n|\n|t:|1699330494\n|switch|p1a: Gazoontite|Sneasler, M|84\/100 par\n|turn|16\n|\n|t:|1699330500\n|move|p2a: BIRD UP|Aqua Step|p1a: Gazoontite\n|-damage|p1a: Gazoontite|0 fnt\n|-boost|p2a: BIRD UP|spe|1\n|faint|p1a: Gazoontite\n|-ability|p2a: BIRD UP|Moxie|boost\n|-boost|p2a: BIRD UP|atk|1\n|\n|upkeep\n|\n|t:|1699330505\n|switch|p1a: Okuyasu Nijimura|Walking Wake|100\/100\n|turn|17\n|\n|t:|1699330509\n|move|p2a: BIRD UP|Ice Spinner|p1a: Okuyasu Nijimura\n|-damage|p1a: Okuyasu Nijimura|30\/100\n|move|p1a: Okuyasu Nijimura|Flamethrower|p2a: BIRD UP\n|-resisted|p2a: BIRD UP\n|-damage|p2a: BIRD UP|77\/100\n|\n|-heal|p2a: BIRD UP|83\/100|[from] item: Leftovers\n|upkeep\n|turn|18\n|\n|t:|1699330517\n|move|p2a: BIRD UP|Ice Spinner|p1a: Okuyasu Nijimura\n|-damage|p1a: Okuyasu Nijimura|0 fnt\n|faint|p1a: Okuyasu Nijimura\n|-end|p1a: Okuyasu Nijimura|Protosynthesis|[silent]\n|\n|win|DeadGoblin\n|l|\u2606RoamingDia\n|l|\u2606DeadGoblin\n","uploadtime":1699330884,"views":21,"p1id":"roamingdia","p2id":"deadgoblin","formatid":"gen9ubers","rating":0,"private":0,"password":""}