{"id":"gen9ubers-1988241553","p1":"godiamsosorry","p2":"Dragon Master Rosa","format":"[Gen 9] Ubers","log":"|j|\u2606godiamsosorry\n|j|\u2606Dragon Master Rosa\n|t:|1699692537\n|gametype|singles\n|player|p1|godiamsosorry|lady|\n|player|p2|Dragon Master Rosa|dragontamer-gen9|\n|teamsize|p1|6\n|teamsize|p2|6\n|gen|9\n|tier|[Gen 9] Ubers\n|rule|Sleep Clause Mod: Limit one foe put to sleep\n|rule|Species Clause: Limit one of each Pok\u00e9mon\n|rule|OHKO Clause: OHKO moves are banned\n|rule|Evasion Items Clause: Evasion items are banned\n|rule|Evasion Moves Clause: Evasion moves are banned\n|rule|Endless Battle Clause: Forcing endless battles is banned\n|rule|HP Percentage Mod: HP is shown in percentages\n|clearpoke\n|poke|p1|Palossand, M|\n|poke|p1|Slowking-Galar, M|\n|poke|p1|Moltres|\n|poke|p1|Palafin, F|\n|poke|p1|Zoroark-Hisui, M|\n|poke|p1|Weezing-Galar, M|\n|poke|p2|Slither Wing|\n|poke|p2|Koraidon|\n|poke|p2|Victreebel, F|\n|poke|p2|Scovillain, M|\n|poke|p2|Infernape, F|\n|poke|p2|Weezing-Galar, F|\n|teampreview\n|\n|t:|1699692565\n|start\n|switch|p1a: Slowking|Slowking-Galar, M|100\/100\n|switch|p2a: Koraidon|Koraidon|100\/100\n|-weather|SunnyDay|[from] ability: Orichalcum Pulse|[of] p2a: Koraidon\n|-activate|p2a: Koraidon|Orichalcum Pulse|[source]\n|turn|1\n|\n|t:|1699692570\n|move|p2a: Koraidon|Taunt|p1a: Slowking\n|-start|p1a: Slowking|move: Taunt\n|move|p1a: Slowking|Body Slam|p2a: Koraidon\n|-damage|p2a: Koraidon|71\/100\n|\n|-weather|SunnyDay|[upkeep]\n|-heal|p2a: Koraidon|77\/100|[from] item: Leftovers\n|upkeep\n|turn|2\n|\n|t:|1699692582\n|switch|p2a: Weezing|Weezing-Galar, F|100\/100\n|switch|p1a: Moltres|Moltres|100\/100\n|\n|-weather|SunnyDay|[upkeep]\n|upkeep\n|turn|3\n|\n|t:|1699692586\n|move|p1a: Moltres|Flare Blitz|p2a: Weezing\n|-damage|p2a: Weezing|25\/100\n|-damage|p1a: Moltres|79\/100|[from] Recoil\n|move|p2a: Weezing|Toxic|p1a: Moltres\n|-status|p1a: Moltres|tox\n|\n|-weather|SunnyDay|[upkeep]\n|-heal|p2a: Weezing|31\/100|[from] item: Leftovers\n|-damage|p1a: Moltres|73\/100 tox|[from] psn\n|upkeep\n|turn|4\n|\n|t:|1699692592\n|switch|p2a: Koraidon|Koraidon|77\/100\n|-activate|p2a: Koraidon|ability: Orichalcum Pulse\n|move|p1a: Moltres|Flare Blitz|p2a: Koraidon\n|-resisted|p2a: Koraidon\n|-damage|p2a: Koraidon|46\/100\n|-damage|p1a: Moltres|62\/100 tox|[from] Recoil\n|\n|-weather|SunnyDay|[upkeep]\n|-heal|p2a: Koraidon|52\/100|[from] item: Leftovers\n|-damage|p1a: Moltres|50\/100 tox|[from] psn\n|upkeep\n|turn|5\n|\n|t:|1699692601\n|switch|p1a: Weezing|Weezing-Galar, M|100\/100\n|move|p2a: Koraidon|Taunt|p1a: Weezing\n|-start|p1a: Weezing|move: Taunt\n|\n|-weather|none\n|-heal|p2a: Koraidon|58\/100|[from] item: Leftovers\n|upkeep\n|turn|6\n|\n|t:|1699692609\n|switch|p1a: Palafin|Palafin, F|100\/100\n|move|p2a: Koraidon|Fire Spin|p1a: Palafin\n|-resisted|p1a: Palafin\n|-damage|p1a: Palafin|95\/100\n|-activate|p1a: Palafin|move: Fire Spin|[of] p2a: Koraidon\n|\n|-heal|p2a: Koraidon|64\/100|[from] item: Leftovers\n|-damage|p1a: Palafin|83\/100|[from] move: Fire Spin|[partiallytrapped]\n|upkeep\n|turn|7\n|\n|t:|1699692619\n|-terastallize|p2a: Koraidon|Fairy\n|move|p2a: Koraidon|Draco Meteor|p1a: Palafin\n|-damage|p1a: Palafin|26\/100\n|-unboost|p2a: Koraidon|spa|2\n|move|p1a: Palafin|Ice Beam|p2a: Koraidon\n|-damage|p2a: Koraidon|42\/100\n|-status|p2a: Koraidon|frz\n|\n|-heal|p2a: Koraidon|48\/100 frz|[from] item: Leftovers\n|-damage|p1a: Palafin|14\/100|[from] move: Fire Spin|[partiallytrapped]\n|upkeep\n|turn|8\n|\n|t:|1699692628\n|cant|p2a: Koraidon|frz\n|move|p1a: Palafin|Ice Beam|p2a: Koraidon\n|-damage|p2a: Koraidon|24\/100 frz\n|\n|-heal|p2a: Koraidon|30\/100 frz|[from] item: Leftovers\n|-damage|p1a: Palafin|2\/100|[from] move: Fire Spin|[partiallytrapped]\n|upkeep\n|turn|9\n|\n|t:|1699692632\n|cant|p2a: Koraidon|frz\n|move|p1a: Palafin|Ice Beam|p2a: Koraidon\n|-damage|p2a: Koraidon|5\/100 frz\n|\n|-heal|p2a: Koraidon|12\/100 frz|[from] item: Leftovers\n|-damage|p1a: Palafin|0 fnt|[from] move: Fire Spin|[partiallytrapped]\n|faint|p1a: Palafin\n|upkeep\n|\n|t:|1699692637\n|switch|p1a: Moltres|Moltres|50\/100 tox\n|turn|10\n|\n|t:|1699692640\n|switch|p2a: Weezing|Weezing-Galar, F|31\/100\n|move|p1a: Moltres|Roost|p1a: Moltres\n|-heal|p1a: Moltres|99\/100 tox\n|-singleturn|p1a: Moltres|move: Roost\n|\n|-heal|p2a: Weezing|37\/100|[from] item: Leftovers\n|-damage|p1a: Moltres|94\/100 tox|[from] psn\n|upkeep\n|turn|11\n|\n|t:|1699692645\n|move|p1a: Moltres|Brave Bird|p2a: Weezing\n|-damage|p2a: Weezing|0 fnt\n|faint|p2a: Weezing\n|-damage|p1a: Moltres|83\/100 tox|[from] Recoil\n|\n|-damage|p1a: Moltres|71\/100 tox|[from] psn\n|upkeep\n|\n|t:|1699692648\n|switch|p2a: Koraidon|Koraidon, tera:Fairy|12\/100 frz\n|-weather|SunnyDay|[from] ability: Orichalcum Pulse|[of] p2a: Koraidon\n|-activate|p2a: Koraidon|Orichalcum Pulse|[source]\n|turn|12\n|\n|t:|1699692651\n|cant|p2a: Koraidon|frz\n|move|p1a: Moltres|U-turn|p2a: Koraidon\n|-resisted|p2a: Koraidon\n|-damage|p2a: Koraidon|3\/100 frz\n|\n|t:|1699692655\n|switch|p1a: Slowking|Slowking-Galar, M|100\/100|[from] U-turn\n|\n|-weather|SunnyDay|[upkeep]\n|-heal|p2a: Koraidon|10\/100 frz|[from] item: Leftovers\n|upkeep\n|turn|13\n|\n|t:|1699692658\n|cant|p2a: Koraidon|frz\n|move|p1a: Slowking|Chilly Reception|p1a: Slowking\n|-weather|Snow\n|\n|t:|1699692661\n|switch|p1a: Moltres|Moltres|71\/100 tox|[from] Chilly Reception\n|\n|-weather|Snow|[upkeep]\n|-heal|p2a: Koraidon|16\/100 frz|[from] item: Leftovers\n|-damage|p1a: Moltres|65\/100 tox|[from] psn\n|upkeep\n|turn|14\n|c|\u2606godiamsosorry|Skill...\n|\n|t:|1699692674\n|switch|p2a: Infernape|Infernape, F|100\/100\n|move|p1a: Moltres|Brave Bird|p2a: Infernape\n|-supereffective|p2a: Infernape\n|-damage|p2a: Infernape|0 fnt\n|faint|p2a: Infernape\n|-damage|p1a: Moltres|40\/100 tox|[from] Recoil\n|\n|-weather|Snow|[upkeep]\n|-damage|p1a: Moltres|28\/100 tox|[from] psn\n|upkeep\n|\n|t:|1699692679\n|switch|p2a: Koraidon|Koraidon, tera:Fairy|16\/100 frz\n|-weather|SunnyDay|[from] ability: Orichalcum Pulse|[of] p2a: Koraidon\n|-activate|p2a: Koraidon|Orichalcum Pulse|[source]\n|turn|15\n|\n|t:|1699692685\n|switch|p2a: Victreebel|Victreebel, F|100\/100\n|move|p1a: Moltres|Brave Bird|p2a: Victreebel\n|-supereffective|p2a: Victreebel\n|-damage|p2a: Victreebel|0 fnt\n|faint|p2a: Victreebel\n|-damage|p1a: Moltres|2\/100 tox|[from] Recoil\n|\n|-weather|SunnyDay|[upkeep]\n|-damage|p1a: Moltres|0 fnt|[from] psn\n|faint|p1a: Moltres\n|upkeep\n|\n|t:|1699692692\n|switch|p2a: Scovillain|Scovillain, M|100\/100\n|switch|p1a: Slowking|Slowking-Galar, M|100\/100\n|turn|16\n|\n|t:|1699692698\n|move|p2a: Scovillain|Growth|p2a: Scovillain\n|-boost|p2a: Scovillain|atk|2\n|-boost|p2a: Scovillain|spa|2\n|move|p1a: Slowking|Chilly Reception|p1a: Slowking\n|-weather|Snow\n|\n|t:|1699692700\n|switch|p1a: Slowking|Slowking-Galar, M|100\/100|[from] Chilly Reception\n|\n|-weather|Snow|[upkeep]\n|upkeep\n|turn|17\n|\n|t:|1699692704\n|move|p1a: Slowking|U-turn|p2a: Scovillain\n|-damage|p2a: Scovillain|65\/100\n|\n|t:|1699692706\n|switch|p1a: Weezing|Weezing-Galar, M|100\/100|[from] U-turn\n|move|p2a: Scovillain|Lash Out|p1a: Weezing\n|-resisted|p1a: Weezing\n|-damage|p1a: Weezing|85\/100\n|\n|-weather|Snow|[upkeep]\n|-heal|p1a: Weezing|91\/100|[from] item: Leftovers\n|upkeep\n|turn|18\n|\n|t:|1699692711\n|move|p2a: Scovillain|Fire Fang|p1a: Weezing\n|-damage|p1a: Weezing|50\/100\n|move|p1a: Weezing|Toxic|p2a: Scovillain\n|-status|p2a: Scovillain|tox\n|\n|-weather|Snow|[upkeep]\n|-heal|p1a: Weezing|56\/100|[from] item: Leftovers\n|-damage|p2a: Scovillain|60\/100 tox|[from] psn\n|upkeep\n|turn|19\n|\n|t:|1699692713\n|move|p2a: Scovillain|Fire Fang|p1a: Weezing\n|-damage|p1a: Weezing|16\/100\n|-status|p1a: Weezing|brn\n|move|p1a: Weezing|Strange Steam|p2a: Scovillain|[miss]\n|-miss|p1a: Weezing|p2a: Scovillain\n|\n|-weather|Snow|[upkeep]\n|-heal|p1a: Weezing|22\/100 brn|[from] item: Leftovers\n|-damage|p2a: Scovillain|48\/100 tox|[from] psn\n|-damage|p1a: Weezing|16\/100 brn|[from] brn\n|upkeep\n|turn|20\n|\n|t:|1699692719\n|move|p2a: Scovillain|Lash Out|p1a: Weezing\n|-resisted|p1a: Weezing\n|-damage|p1a: Weezing|0 fnt\n|faint|p1a: Weezing\n|\n|-weather|none\n|-damage|p2a: Scovillain|30\/100 tox|[from] psn\n|upkeep\n|\n|t:|1699692722\n|switch|p1a: Slowking|Slowking-Galar, M|100\/100\n|turn|21\n|\n|t:|1699692724\n|move|p1a: Slowking|Body Slam|p2a: Scovillain\n|-damage|p2a: Scovillain|0 fnt\n|faint|p2a: Scovillain\n|\n|upkeep\n|\n|t:|1699692726\n|switch|p2a: Koraidon|Koraidon, tera:Fairy|16\/100 frz\n|-weather|SunnyDay|[from] ability: Orichalcum Pulse|[of] p2a: Koraidon\n|-activate|p2a: Koraidon|Orichalcum Pulse|[source]\n|turn|22\n|\n|t:|1699692729\n|-curestatus|p2a: Koraidon|frz|[msg]\n|move|p2a: Koraidon|Fire Spin|p1a: Slowking\n|-damage|p1a: Slowking|78\/100\n|-activate|p1a: Slowking|move: Fire Spin|[of] p2a: Koraidon\n|replace|p1a: Zoroark|Zoroark-Hisui, M\n|-end|p1a: Zoroark|Illusion\n|move|p1a: Zoroark|Body Slam|p2a: Koraidon\n|-damage|p2a: Koraidon|0 fnt\n|faint|p2a: Koraidon\n|\n|-weather|SunnyDay|[upkeep]\n|-end|p1a: Zoroark|Fire Spin|[partiallytrapped]|[silent]\n|upkeep\n|\n|t:|1699692732\n|switch|p2a: Slither Wing|Slither Wing|100\/100\n|-activate|p2a: Slither Wing|ability: Protosynthesis\n|-start|p2a: Slither Wing|protosynthesisspa\n|turn|23\n|\n|t:|1699692736\n|move|p1a: Zoroark|Poltergeist|p2a: Slither Wing\n|-activate|p2a: Slither Wing|move: Poltergeist|Heavy-Duty Boots\n|-damage|p2a: Slither Wing|36\/100\n|move|p2a: Slither Wing|Will-O-Wisp|p1a: Zoroark\n|-status|p1a: Zoroark|brn\n|\n|-weather|SunnyDay|[upkeep]\n|-damage|p1a: Zoroark|72\/100 brn|[from] brn\n|upkeep\n|turn|24\n|\n|t:|1699692739\n|move|p1a: Zoroark|Poltergeist|p2a: Slither Wing\n|-activate|p2a: Slither Wing|move: Poltergeist|Heavy-Duty Boots\n|-damage|p2a: Slither Wing|6\/100\n|move|p2a: Slither Wing|Morning Sun|p2a: Slither Wing\n|-heal|p2a: Slither Wing|72\/100\n|\n|-weather|SunnyDay|[upkeep]\n|-damage|p1a: Zoroark|66\/100 brn|[from] brn\n|upkeep\n|turn|25\n|\n|t:|1699692746\n|move|p1a: Zoroark|U-turn|p2a: Slither Wing\n|-resisted|p2a: Slither Wing\n|-damage|p2a: Slither Wing|66\/100\n|\n|t:|1699692748\n|switch|p1a: Slowking|Slowking-Galar, M|100\/100|[from] U-turn\n|move|p2a: Slither Wing|Bug Buzz|p1a: Slowking\n|-damage|p1a: Slowking|59\/100\n|\n|-weather|SunnyDay|[upkeep]\n|upkeep\n|turn|26\n|\n|t:|1699692751\n|move|p2a: Slither Wing|Will-O-Wisp|p1a: Slowking\n|-status|p1a: Slowking|brn\n|move|p1a: Slowking|Chilly Reception|p1a: Slowking\n|-weather|Snow\n|-end|p2a: Slither Wing|Protosynthesis\n|\n|t:|1699692754\n|switch|p1a: Palossand|Palossand, M|100\/100|[from] Chilly Reception\n|\n|-weather|Snow|[upkeep]\n|upkeep\n|turn|27\n|\n|t:|1699692757\n|switch|p1a: Palossand|Palossand, M|66\/100 brn\n|move|p2a: Slither Wing|Will-O-Wisp|p1a: Palossand\n|-fail|p1a: Palossand|brn\n|\n|-weather|Snow|[upkeep]\n|-damage|p1a: Palossand|60\/100 brn|[from] brn\n|upkeep\n|turn|28\n|\n|t:|1699692760\n|move|p1a: Palossand|Body Slam|p2a: Slither Wing\n|-damage|p2a: Slither Wing|39\/100\n|-status|p2a: Slither Wing|par\n|move|p2a: Slither Wing|Morning Sun|p2a: Slither Wing\n|-heal|p2a: Slither Wing|64\/100 par\n|\n|-weather|Snow|[upkeep]\n|-damage|p1a: Palossand|54\/100 brn|[from] brn\n|upkeep\n|turn|29\n|\n|t:|1699692764\n|move|p1a: Palossand|Body Slam|p2a: Slither Wing\n|-damage|p2a: Slither Wing|41\/100 par\n|move|p2a: Slither Wing|Bug Buzz|p1a: Palossand\n|-resisted|p1a: Palossand\n|-damage|p1a: Palossand|15\/100 brn\n|-unboost|p1a: Palossand|spd|1\n|replace|p1a: Zoroark|Zoroark-Hisui, M\n|-end|p1a: Zoroark|Illusion\n|\n|-weather|Snow|[upkeep]\n|-damage|p1a: Zoroark|9\/100 brn|[from] brn\n|upkeep\n|turn|30\n|c|\u2606godiamsosorry|I tried to unclick that so hard...\n|\n|t:|1699692773\n|move|p1a: Zoroark|Poltergeist|p2a: Slither Wing\n|-activate|p2a: Slither Wing|move: Poltergeist|Heavy-Duty Boots\n|-damage|p2a: Slither Wing|7\/100 par\n|move|p2a: Slither Wing|Morning Sun|p2a: Slither Wing\n|-heal|p2a: Slither Wing|32\/100 par\n|\n|-weather|none\n|-damage|p1a: Zoroark|3\/100 brn|[from] brn\n|upkeep\n|turn|31\n|\n|t:|1699692775\n|move|p1a: Zoroark|Poltergeist|p2a: Slither Wing\n|-activate|p2a: Slither Wing|move: Poltergeist|Heavy-Duty Boots\n|-damage|p2a: Slither Wing|0 fnt\n|faint|p2a: Slither Wing\n|-end|p2a: Slither Wing|Protosynthesis|[silent]\n|\n|win|godiamsosorry\n|c|\u2606Dragon Master Rosa|damn...\n|c|\u2606godiamsosorry|Gg...\n|c|\u2606Dragon Master Rosa|gg\n|c|\u2606godiamsosorry|Palossand didn\u00b4t even comein once LOL\n|c|\u2606Dragon Master Rosa|it did\n|c|\u2606godiamsosorry|Oh it did.\n|c|\u2606godiamsosorry|Palossand literally did nothing the whole game...\n|c|\u2606godiamsosorry|Just like N\u00b4s...\n","uploadtime":1699692783,"views":29,"p1id":"godiamsosorry","p2id":"dragonmasterrosa","formatid":"gen9ubers","rating":0,"private":0,"password":""}