{"id":"gen9ubers-1971270294","p1":"DarkKnightLabs","p2":"mello_rose","format":"[Gen 9] Ubers","log":"|j|\u2606DarkKnightLabs\n|j|\u2606mello_rose\n|t:|1697725346\n|gametype|singles\n|player|p1|DarkKnightLabs|red|1058\n|player|p2|mello_rose|parasollady|1000\n|teamsize|p1|2\n|teamsize|p2|6\n|gen|9\n|tier|[Gen 9] Ubers\n|rated|\n|rule|Sleep Clause Mod: Limit one foe put to sleep\n|rule|Species Clause: Limit one of each Pok\u00e9mon\n|rule|OHKO Clause: OHKO moves are banned\n|rule|Evasion Items Clause: Evasion items are banned\n|rule|Evasion Moves Clause: Evasion moves are banned\n|rule|Endless Battle Clause: Forcing endless battles is banned\n|rule|HP Percentage Mod: HP is shown in percentages\n|clearpoke\n|poke|p1|Zacian-*|\n|poke|p1|Scizor, F|\n|poke|p2|Regieleki|\n|poke|p2|Zamazenta-*|\n|poke|p2|Landorus-Therian, M|\n|poke|p2|Baxcalibur, M|\n|poke|p2|Giratina-Origin|\n|poke|p2|Iron Moth|\n|teampreview\n|inactive|Battle timer is ON: inactive players will automatically lose when time's up. (requested by DarkKnightLabs)\n|\n|t:|1697725357\n|start\n|switch|p1a: Zacian|Zacian-Crowned|100\/100\n|switch|p2a: Iron Moth|Iron Moth|100\/100\n|-ability|p1a: Zacian|Intrepid Sword|boost\n|-boost|p1a: Zacian|atk|1\n|turn|1\n|\n|t:|1697725366\n|-terastallize|p1a: Zacian|Fairy\n|move|p2a: Iron Moth|U-turn|p1a: Zacian\n|-resisted|p1a: Zacian\n|-damage|p1a: Zacian|96\/100\n|\n|t:|1697725378\n|-end|p2a: Iron Moth|Quark Drive|[silent]\n|switch|p2a: Landorus|Landorus-Therian, M|100\/100|[from] U-turn\n|-ability|p2a: Landorus|Intimidate|boost\n|-unboost|p1a: Zacian|atk|1\n|move|p1a: Zacian|Play Rough|p2a: Landorus\n|-damage|p2a: Landorus|18\/100\n|\n|upkeep\n|turn|2\n|\n|t:|1697725393\n|move|p1a: Zacian|Crunch|p2a: Landorus\n|-damage|p2a: Landorus|0 fnt\n|faint|p2a: Landorus\n|\n|upkeep\n|\n|t:|1697725399\n|switch|p2a: Zamazenta|Zamazenta-Crowned|100\/100\n|-ability|p2a: Zamazenta|Dauntless Shield|boost\n|-boost|p2a: Zamazenta|def|1\n|turn|3\n|\n|t:|1697725409\n|move|p1a: Zacian|Brick Break|p2a: Zamazenta\n|-supereffective|p2a: Zamazenta\n|-damage|p2a: Zamazenta|78\/100\n|move|p2a: Zamazenta|Behemoth Bash|p1a: Zacian\n|-supereffective|p1a: Zacian\n|-damage|p1a: Zacian|7\/100\n|\n|upkeep\n|turn|4\n|\n|t:|1697725419\n|move|p1a: Zacian|Play Rough|p2a: Zamazenta|[miss]\n|-miss|p1a: Zacian|p2a: Zamazenta\n|move|p2a: Zamazenta|Body Press|p1a: Zacian\n|-resisted|p1a: Zacian\n|-damage|p1a: Zacian|0 fnt\n|faint|p1a: Zacian\n|\n|upkeep\n|\n|t:|1697725426\n|switch|p1a: Scizor|Scizor, F, shiny|100\/100\n|turn|5\n|\n|t:|1697725434\n|move|p2a: Zamazenta|Close Combat|p1a: Scizor\n|-damage|p1a: Scizor|51\/100\n|-unboost|p2a: Zamazenta|def|1\n|-unboost|p2a: Zamazenta|spd|1\n|move|p1a: Scizor|Fury Cutter|p2a: Zamazenta\n|-resisted|p2a: Zamazenta\n|-damage|p2a: Zamazenta|73\/100\n|\n|upkeep\n|turn|6\n|\n|t:|1697725445\n|move|p2a: Zamazenta|Iron Defense|p2a: Zamazenta\n|-boost|p2a: Zamazenta|def|2\n|move|p1a: Scizor|Fury Cutter|p2a: Zamazenta\n|-resisted|p2a: Zamazenta\n|-damage|p2a: Zamazenta|69\/100\n|\n|upkeep\n|turn|7\n|\n|t:|1697725451\n|move|p2a: Zamazenta|Body Press|p1a: Scizor\n|-damage|p1a: Scizor|0 fnt\n|faint|p1a: Scizor\n|\n|win|mello_rose\n|raw|DarkKnightLabs's rating: 1058 &rarr; <strong>1036<\/strong><br \/>(-22 for losing)\n|raw|mello_rose's rating: 1000 &rarr; <strong>1047<\/strong><br \/>(+47 for winning)\n|l|\u2606DarkKnightLabs\n","uploadtime":1697725461,"views":8,"p1id":"darkknightlabs","p2id":"mellorose","formatid":"gen9ubers","rating":1036,"private":0,"password":""}