{"id":"gen9ubers-1990439755","p1":"wug tha god","p2":"coppersulfate","format":"[Gen 9] Ubers","log":"|j|\u2606wug tha god\n|j|\u2606coppersulfate\n|t:|1699971134\n|gametype|singles\n|player|p1|wug tha god|caitlin|1048\n|player|p2|coppersulfate|candice|1054\n|teamsize|p1|6\n|teamsize|p2|6\n|gen|9\n|tier|[Gen 9] Ubers\n|rated|\n|rule|Sleep Clause Mod: Limit one foe put to sleep\n|rule|Species Clause: Limit one of each Pok\u00e9mon\n|rule|OHKO Clause: OHKO moves are banned\n|rule|Evasion Items Clause: Evasion items are banned\n|rule|Evasion Moves Clause: Evasion moves are banned\n|rule|Endless Battle Clause: Forcing endless battles is banned\n|rule|HP Percentage Mod: HP is shown in percentages\n|clearpoke\n|poke|p1|Urshifu-*, F|\n|poke|p1|Arceus-Steel|\n|poke|p1|Slowking-Galar, M|\n|poke|p1|Iron Bundle|\n|poke|p1|Gholdengo|\n|poke|p1|Annihilape, M|\n|poke|p2|Palafin, M|\n|poke|p2|Basculegion-F, F|\n|poke|p2|Walking Wake|\n|poke|p2|Mew|\n|poke|p2|Annihilape, M|\n|poke|p2|Pelipper, F|\n|teampreview\n|\n|t:|1699971139\n|start\n|switch|p1a: Slowking|Slowking-Galar, M|100\/100\n|switch|p2a: Palafin|Palafin, M|100\/100\n|turn|1\n|inactive|Battle timer is ON: inactive players will automatically lose when time's up. (requested by wug tha god)\n|\n|t:|1699971149\n|detailschange|p2a: Palafin|Palafin-Hero, M\n|switch|p2a: Pelipper|Pelipper, F|100\/100\n|-weather|RainDance|[from] ability: Drizzle|[of] p2a: Pelipper\n|move|p1a: Slowking|Chilly Reception|p1a: Slowking\n|-weather|Snow\n|\n|t:|1699971156\n|switch|p1a: Iron Bundle|Iron Bundle|100\/100|[from] Chilly Reception\n|\n|-weather|Snow|[upkeep]\n|upkeep\n|turn|2\n|\n|t:|1699971162\n|switch|p2a: Mew|Mew|100\/100\n|move|p1a: Iron Bundle|Aurora Veil|p1a: Iron Bundle\n|-sidestart|p1: wug tha god|move: Aurora Veil\n|\n|-weather|Snow|[upkeep]\n|upkeep\n|turn|3\n|\n|t:|1699971166\n|move|p1a: Iron Bundle|Taunt|p2a: Mew\n|-start|p2a: Mew|move: Taunt\n|cant|p2a: Mew|move: Taunt|Thunder Wave\n|\n|-weather|Snow|[upkeep]\n|upkeep\n|turn|4\n|\n|t:|1699971171\n|move|p1a: Iron Bundle|Flip Turn|p2a: Mew\n|-damage|p2a: Mew|87\/100\n|-enditem|p2a: Mew|Red Card|[of] p1a: Iron Bundle\n|-end|p1a: Iron Bundle|Quark Drive|[silent]\n|drag|p1a: Arceus|Arceus-Steel|100\/100\n|move|p2a: Mew|Volt Switch|p1a: Arceus\n|-damage|p1a: Arceus|95\/100\n|\n|t:|1699971183\n|switch|p2a: Annihilape|Annihilape, M|100\/100|[from] Volt Switch\n|\n|-weather|Snow|[upkeep]\n|upkeep\n|turn|5\n|\n|t:|1699971193\n|switch|p1a: Slowking|Slowking-Galar, M|100\/100\n|move|p2a: Annihilape|Bulk Up|p2a: Annihilape\n|-boost|p2a: Annihilape|atk|1\n|-boost|p2a: Annihilape|def|1\n|\n|-weather|none\n|upkeep\n|turn|6\n|\n|t:|1699971201\n|-terastallize|p2a: Annihilape|Steel\n|move|p2a: Annihilape|Bulk Up|p2a: Annihilape\n|-boost|p2a: Annihilape|atk|1\n|-boost|p2a: Annihilape|def|1\n|move|p1a: Slowking|Chilly Reception|p1a: Slowking\n|-weather|Snow\n|\n|t:|1699971212\n|switch|p1a: Urshifu|Urshifu-Rapid-Strike, F|100\/100|[from] Chilly Reception\n|\n|-weather|Snow|[upkeep]\n|upkeep\n|turn|7\n|\n|t:|1699971223\n|-terastallize|p1a: Urshifu|Fighting\n|move|p1a: Urshifu|Close Combat|p2a: Annihilape\n|-supereffective|p2a: Annihilape\n|-damage|p2a: Annihilape|0 fnt\n|-unboost|p1a: Urshifu|def|1\n|-unboost|p1a: Urshifu|spd|1\n|faint|p2a: Annihilape\n|\n|-weather|Snow|[upkeep]\n|upkeep\n|\n|t:|1699971241\n|switch|p2a: Basculegion|Basculegion-F, F|100\/100\n|turn|8\n|\n|t:|1699971248\n|switch|p1a: Gholdengo|Gholdengo|100\/100\n|move|p2a: Basculegion|Flip Turn|p1a: Gholdengo\n|-damage|p1a: Gholdengo|92\/100\n|-damage|p2a: Basculegion|84\/100|[from] item: Rocky Helmet|[of] p1a: Gholdengo\n|-damage|p2a: Basculegion|74\/100|[from] item: Life Orb\n|\n|t:|1699971261\n|switch|p2a: Pelipper|Pelipper, F|100\/100|[from] Flip Turn\n|-weather|RainDance|[from] ability: Drizzle|[of] p2a: Pelipper\n|\n|-weather|RainDance|[upkeep]\n|upkeep\n|turn|9\n|\n|t:|1699971275\n|switch|p1a: Slowking|Slowking-Galar, M|100\/100\n|move|p2a: Pelipper|U-turn|p1a: Slowking\n|-damage|p1a: Slowking|96\/100\n|\n|t:|1699971282\n|switch|p2a: Basculegion|Basculegion-F, F|74\/100|[from] U-turn\n|\n|-weather|RainDance|[upkeep]\n|-sideend|p1: wug tha god|move: Aurora Veil\n|upkeep\n|turn|10\n|\n|t:|1699971289\n|move|p2a: Basculegion|Shadow Ball|p1a: Slowking\n|-supereffective|p1a: Slowking\n|-damage|p1a: Slowking|33\/100\n|-damage|p2a: Basculegion|64\/100|[from] item: Life Orb\n|move|p1a: Slowking|Chilly Reception|p1a: Slowking\n|-weather|Snow\n|\n|t:|1699971299\n|switch|p1a: Iron Bundle|Iron Bundle|100\/100|[from] Chilly Reception\n|\n|-weather|Snow|[upkeep]\n|upkeep\n|turn|11\n|\n|t:|1699971308\n|switch|p2a: Pelipper|Pelipper, F|100\/100\n|-weather|RainDance|[from] ability: Drizzle|[of] p2a: Pelipper\n|move|p1a: Iron Bundle|Aurora Veil||[still]\n|-fail|p1a: Iron Bundle\n|\n|-weather|RainDance|[upkeep]\n|upkeep\n|turn|12\n|\n|t:|1699971319\n|switch|p2a: Mew|Mew|87\/100\n|move|p1a: Iron Bundle|Freeze-Dry|p2a: Mew\n|-damage|p2a: Mew|62\/100\n|\n|-weather|RainDance|[upkeep]\n|upkeep\n|turn|13\n|\n|t:|1699971326\n|move|p1a: Iron Bundle|Taunt|p2a: Mew\n|-start|p2a: Mew|move: Taunt\n|move|p2a: Mew|Volt Switch|p1a: Iron Bundle\n|-supereffective|p1a: Iron Bundle\n|-damage|p1a: Iron Bundle|43\/100\n|\n|t:|1699971330\n|switch|p2a: Basculegion|Basculegion-F, F|64\/100|[from] Volt Switch\n|\n|-weather|RainDance|[upkeep]\n|upkeep\n|turn|14\n|\n|t:|1699971341\n|-end|p1a: Iron Bundle|Quark Drive|[silent]\n|switch|p1a: Arceus|Arceus-Steel|95\/100\n|move|p2a: Basculegion|Shadow Ball|p1a: Arceus\n|-crit|p1a: Arceus\n|-damage|p1a: Arceus|43\/100\n|-damage|p2a: Basculegion|54\/100|[from] item: Life Orb\n|\n|-weather|RainDance|[upkeep]\n|upkeep\n|turn|15\n|\n|t:|1699971348\n|move|p2a: Basculegion|Surf|p1a: Arceus\n|-damage|p1a: Arceus|0 fnt\n|faint|p1a: Arceus\n|-damage|p2a: Basculegion|44\/100|[from] item: Life Orb\n|\n|-weather|none\n|upkeep\n|\n|t:|1699971359\n|switch|p1a: Urshifu|Urshifu-Rapid-Strike, F, tera:Fighting|100\/100\n|turn|16\n|\n|t:|1699971370\n|switch|p2a: Pelipper|Pelipper, F|100\/100\n|-weather|RainDance|[from] ability: Drizzle|[of] p2a: Pelipper\n|move|p1a: Urshifu|Surging Strikes|p2a: Pelipper\n|-resisted|p2a: Pelipper\n|-crit|p2a: Pelipper\n|-damage|p2a: Pelipper|84\/100\n|-resisted|p2a: Pelipper\n|-crit|p2a: Pelipper\n|-damage|p2a: Pelipper|66\/100\n|-resisted|p2a: Pelipper\n|-crit|p2a: Pelipper\n|-damage|p2a: Pelipper|49\/100\n|-hitcount|p2a: Pelipper|3\n|-enditem|p2a: Pelipper|Eject Button\n|\n|t:|1699971375\n|switch|p2a: Walking Wake|Walking Wake|100\/100\n|\n|-weather|RainDance|[upkeep]\n|upkeep\n|turn|17\n|\n|t:|1699971391\n|switch|p1a: Slowking|Slowking-Galar, M|66\/100\n|move|p2a: Walking Wake|Hydro Steam|p1a: Slowking\n|-damage|p1a: Slowking|13\/100\n|\n|-weather|RainDance|[upkeep]\n|upkeep\n|turn|18\n|\n|t:|1699971395\n|switch|p1a: Iron Bundle|Iron Bundle|43\/100\n|move|p2a: Walking Wake|Hydro Steam|p1a: Iron Bundle\n|-resisted|p1a: Iron Bundle\n|-damage|p1a: Iron Bundle|0 fnt\n|faint|p1a: Iron Bundle\n|-end|p1a: Iron Bundle|Quark Drive|[silent]\n|\n|-weather|RainDance|[upkeep]\n|upkeep\n|\n|t:|1699971404\n|switch|p1a: Slowking|Slowking-Galar, M|46\/100\n|turn|19\n|\n|t:|1699971412\n|switch|p1a: Gholdengo|Gholdengo|92\/100\n|move|p2a: Walking Wake|Hydro Steam|p1a: Gholdengo\n|-damage|p1a: Gholdengo|0 fnt\n|faint|p1a: Gholdengo\n|\n|-weather|RainDance|[upkeep]\n|upkeep\n|-message|wug tha god forfeited.\n|\n|win|coppersulfate\n|raw|wug tha god's rating: 1048 &rarr; <strong>1031<\/strong><br \/>(-17 for losing)\n|raw|coppersulfate's rating: 1054 &rarr; <strong>1085<\/strong><br \/>(+31 for winning)\n|l|\u2606wug tha god\n","uploadtime":1699971422,"views":13,"p1id":"wugthagod","p2id":"coppersulfate","formatid":"gen9ubers","rating":1031,"private":0,"password":""}