{"id":"gen9ubers-1999292448","p1":"Negative600IQ","p2":"ghoulthreeee","format":"[Gen 9] Ubers","log":"|j|\u2606Negative600IQ\n|j|\u2606ghoulthreeee\n|t:|1701055998\n|gametype|singles\n|player|p1|Negative600IQ|ghetsis|\n|player|p2|ghoulthreeee|preschooler|\n|teamsize|p1|6\n|teamsize|p2|6\n|gen|9\n|tier|[Gen 9] Ubers\n|rule|Sleep Clause Mod: Limit one foe put to sleep\n|rule|Species Clause: Limit one of each Pok\u00e9mon\n|rule|OHKO Clause: OHKO moves are banned\n|rule|Evasion Items Clause: Evasion items are banned\n|rule|Evasion Moves Clause: Evasion moves are banned\n|rule|Endless Battle Clause: Forcing endless battles is banned\n|rule|HP Percentage Mod: HP is shown in percentages\n|clearpoke\n|poke|p1|Iron Valiant|\n|poke|p1|Volcanion|\n|poke|p1|Cinderace, M|\n|poke|p1|Ting-Lu|\n|poke|p1|Hatterene, F|\n|poke|p1|Spiritomb, M|\n|poke|p2|Walking Wake|\n|poke|p2|Torkoal, F|\n|poke|p2|Ribombee, F|\n|poke|p2|Glastrier|\n|poke|p2|Sneasler, M|\n|poke|p2|Leafeon, M|\n|teampreview\n|\n|t:|1701056066\n|start\n|switch|p1a: Would|Hatterene, F, shiny|100\/100\n|switch|p2a: Satoru Gojo|Glastrier|100\/100\n|turn|1\n|\n|t:|1701056139\n|move|p2a: Satoru Gojo|Icicle Crash|p1a: Would\n|-damage|p1a: Would|62\/100\n|cant|p1a: Would|flinch\n|\n|-heal|p1a: Would|67\/100|[from] item: Leftovers\n|upkeep\n|turn|2\n|\n|t:|1701056239\n|switch|p1a: Volcanion|Volcanion|100\/100\n|move|p2a: Satoru Gojo|Swords Dance|p2a: Satoru Gojo\n|-boost|p2a: Satoru Gojo|atk|2\n|\n|upkeep\n|turn|3\n|\n|t:|1701056281\n|move|p1a: Volcanion|Flamethrower|p2a: Satoru Gojo\n|-supereffective|p2a: Satoru Gojo\n|-enditem|p2a: Satoru Gojo|Occa Berry|[eat]\n|-enditem|p2a: Satoru Gojo|Occa Berry|[weaken]\n|-damage|p2a: Satoru Gojo|65\/100\n|move|p2a: Satoru Gojo|Close Combat|p1a: Volcanion\n|-damage|p1a: Volcanion|19\/100\n|-unboost|p2a: Satoru Gojo|def|1\n|-unboost|p2a: Satoru Gojo|spd|1\n|\n|upkeep\n|turn|4\n|\n|t:|1701056324\n|-terastallize|p2a: Satoru Gojo|Water\n|move|p1a: Volcanion|Flamethrower|p2a: Satoru Gojo\n|-resisted|p2a: Satoru Gojo\n|-damage|p2a: Satoru Gojo|38\/100\n|move|p2a: Satoru Gojo|Close Combat|p1a: Volcanion\n|-damage|p1a: Volcanion|0 fnt\n|-unboost|p2a: Satoru Gojo|def|1\n|-unboost|p2a: Satoru Gojo|spd|1\n|faint|p1a: Volcanion\n|-ability|p2a: Satoru Gojo|Chilling Neigh|boost\n|-boost|p2a: Satoru Gojo|atk|1\n|\n|upkeep\n|\n|t:|1701056343\n|switch|p1a: Would|Hatterene, F, shiny|67\/100\n|turn|5\n|\n|t:|1701056348\n|move|p2a: Satoru Gojo|Heavy Slam|p1a: Would\n|-supereffective|p1a: Would\n|-damage|p1a: Would|0 fnt\n|faint|p1a: Would\n|-ability|p2a: Satoru Gojo|Chilling Neigh|boost\n|-boost|p2a: Satoru Gojo|atk|1\n|\n|upkeep\n|\n|t:|1701056378\n|switch|p1a: Main Character|Iron Valiant|100\/100\n|-enditem|p1a: Main Character|Booster Energy\n|-activate|p1a: Main Character|ability: Quark Drive|[fromitem]\n|-start|p1a: Main Character|quarkdrivespe\n|turn|6\n|\n|t:|1701056396\n|move|p1a: Main Character|Psychic|p2a: Satoru Gojo\n|-damage|p2a: Satoru Gojo|0 fnt\n|faint|p2a: Satoru Gojo\n|\n|upkeep\n|\n|t:|1701056420\n|switch|p2a: Stickymon|Sneasler, M|100\/100\n|turn|7\n|\n|t:|1701056458\n|move|p2a: Stickymon|Dire Claw|p1a: Main Character\n|-supereffective|p1a: Main Character\n|-damage|p1a: Main Character|1\/100\n|-status|p1a: Main Character|slp\n|cant|p1a: Main Character|slp\n|\n|upkeep\n|turn|8\n|c|\u2606ghoulthreeee|neigh id win\n|c|\u2606Negative600IQ|on god\n|\n|t:|1701056474\n|-end|p1a: Main Character|Quark Drive|[silent]\n|switch|p1a: The Voices|Spiritomb, M|100\/100\n|-ability|p1a: The Voices|Pressure\n|move|p2a: Stickymon|Dire Claw|p1a: The Voices\n|-resisted|p1a: The Voices\n|-damage|p1a: The Voices|81\/100\n|-status|p1a: The Voices|par\n|\n|-heal|p1a: The Voices|87\/100 par|[from] item: Leftovers\n|upkeep\n|turn|9\n|\n|t:|1701056509\n|switch|p2a: jeepers creepers|Torkoal, F|100\/100\n|-weather|SunnyDay|[from] ability: Drought|[of] p2a: jeepers creepers\n|move|p1a: The Voices|Shadow Ball|p2a: jeepers creepers\n|-damage|p2a: jeepers creepers|69\/100\n|\n|-weather|SunnyDay|[upkeep]\n|-heal|p1a: The Voices|93\/100 par|[from] item: Leftovers\n|upkeep\n|turn|10\n|\n|t:|1701056520\n|move|p2a: jeepers creepers|Stealth Rock|p1a: The Voices\n|-sidestart|p1: Negative600IQ|move: Stealth Rock\n|move|p1a: The Voices|Calm Mind|p1a: The Voices\n|-boost|p1a: The Voices|spa|1\n|-boost|p1a: The Voices|spd|1\n|\n|-weather|SunnyDay|[upkeep]\n|-heal|p1a: The Voices|99\/100 par|[from] item: Leftovers\n|upkeep\n|turn|11\n|\n|t:|1701056529\n|switch|p2a: Muldrotha|Leafeon, M|100\/100\n|move|p1a: The Voices|Calm Mind|p1a: The Voices\n|-boost|p1a: The Voices|spa|1\n|-boost|p1a: The Voices|spd|1\n|\n|-weather|SunnyDay|[upkeep]\n|-heal|p1a: The Voices|100\/100 par|[from] item: Leftovers\n|upkeep\n|turn|12\n|\n|t:|1701056550\n|move|p2a: Muldrotha|Knock Off|p1a: The Voices\n|-damage|p1a: The Voices|68\/100 par\n|-enditem|p1a: The Voices|Leftovers|[from] move: Knock Off|[of] p2a: Muldrotha\n|cant|p1a: The Voices|par\n|\n|-weather|SunnyDay|[upkeep]\n|upkeep\n|turn|13\n|\n|t:|1701056578\n|move|p2a: Muldrotha|Solar Blade||[still]\n|-prepare|p2a: Muldrotha|Solar Blade\n|-anim|p2a: Muldrotha|Solar Blade|p1a: The Voices\n|-damage|p1a: The Voices|0 fnt\n|faint|p1a: The Voices\n|\n|-weather|none\n|upkeep\n|\n|t:|1701056585\n|switch|p1a: Penaldo|Cinderace, M|100\/100\n|turn|14\n|l|\u2606Negative600IQ\n|player|p1|\n|j|\u2606Negative600IQ\n|player|p1|Negative600IQ|ghetsis\n|\n|t:|1701056630\n|switch|p2a: jeepers creepers|Torkoal, F|69\/100\n|-weather|SunnyDay|[from] ability: Drought|[of] p2a: jeepers creepers\n|move|p1a: Penaldo|Court Change|p1a: Penaldo\n|-start|p1a: Penaldo|typechange|Normal|[from] ability: Libero\n|-swapsideconditions\n|-activate|p1a: Penaldo|move: Court Change\n|\n|-weather|SunnyDay|[upkeep]\n|upkeep\n|turn|15\n|\n|t:|1701056643\n|move|p1a: Penaldo|U-turn|p2a: jeepers creepers\n|-resisted|p2a: jeepers creepers\n|-damage|p2a: jeepers creepers|63\/100\n|\n|t:|1701056645\n|switch|p1a: Cereal|Ting-Lu|100\/100|[from] U-turn\n|-ability|p1a: Cereal|Vessel of Ruin\n|move|p2a: jeepers creepers|Rapid Spin|p1a: Cereal\n|-damage|p1a: Cereal|95\/100\n|-boost|p2a: jeepers creepers|spe|1\n|-sideend|p2: ghoulthreeee|Stealth Rock|[from] move: Rapid Spin|[of] p2a: jeepers creepers\n|\n|-weather|SunnyDay|[upkeep]\n|-heal|p1a: Cereal|100\/100|[from] item: Leftovers\n|upkeep\n|turn|16\n|\n|t:|1701056665\n|switch|p2a: Muldrotha|Leafeon, M|100\/100\n|move|p1a: Cereal|Throat Chop|p2a: Muldrotha\n|-damage|p2a: Muldrotha|68\/100\n|-start|p2a: Muldrotha|Throat Chop|[silent]\n|\n|-weather|SunnyDay|[upkeep]\n|upkeep\n|turn|17\n|\n|t:|1701056680\n|move|p1a: Cereal|Protect|p1a: Cereal\n|-singleturn|p1a: Cereal|Protect\n|move|p2a: Muldrotha|Solar Blade||[still]\n|-prepare|p2a: Muldrotha|Solar Blade\n|-anim|p2a: Muldrotha|Solar Blade|p1a: Cereal\n|-activate|p1a: Cereal|move: Protect\n|\n|-weather|SunnyDay|[upkeep]\n|-end|p2a: Muldrotha|Throat Chop|[silent]\n|upkeep\n|turn|18\n|\n|t:|1701056717\n|move|p1a: Cereal|Protect||[still]\n|-fail|p1a: Cereal\n|move|p2a: Muldrotha|Solar Blade||[still]\n|-prepare|p2a: Muldrotha|Solar Blade\n|-anim|p2a: Muldrotha|Solar Blade|p1a: Cereal\n|-supereffective|p1a: Cereal\n|-damage|p1a: Cereal|27\/100\n|\n|-weather|none\n|-heal|p1a: Cereal|33\/100|[from] item: Leftovers\n|upkeep\n|turn|19\n|\n|t:|1701056734\n|switch|p1a: Penaldo|Cinderace, M|100\/100\n|move|p2a: Muldrotha|Leaf Blade|p1a: Penaldo\n|-resisted|p1a: Penaldo\n|-damage|p1a: Penaldo|68\/100\n|\n|upkeep\n|turn|20\n|\n|t:|1701056753\n|switch|p2a: jeepers creepers|Torkoal, F|63\/100\n|-weather|SunnyDay|[from] ability: Drought|[of] p2a: jeepers creepers\n|move|p1a: Penaldo|Pyro Ball|p2a: jeepers creepers\n|-resisted|p2a: jeepers creepers\n|-crit|p2a: jeepers creepers\n|-damage|p2a: jeepers creepers|29\/100\n|\n|-weather|SunnyDay|[upkeep]\n|upkeep\n|turn|21\n|\n|t:|1701056791\n|switch|p2a: Kalecgos|Walking Wake|100\/100\n|-activate|p2a: Kalecgos|ability: Protosynthesis\n|-start|p2a: Kalecgos|protosynthesisspe\n|move|p1a: Penaldo|U-turn|p2a: Kalecgos\n|-start|p1a: Penaldo|typechange|Bug|[from] ability: Libero\n|-damage|p2a: Kalecgos|67\/100\n|\n|t:|1701056799\n|switch|p1a: Main Character|Iron Valiant|1\/100 slp|[from] U-turn\n|\n|-weather|SunnyDay|[upkeep]\n|upkeep\n|turn|22\n|\n|t:|1701056818\n|-end|p1a: Main Character|Quark Drive|[silent]\n|switch|p1a: Penaldo|Cinderace, M|68\/100\n|move|p2a: Kalecgos|Hydro Steam|p1a: Penaldo\n|-supereffective|p1a: Penaldo\n|-damage|p1a: Penaldo|0 fnt\n|faint|p1a: Penaldo\n|\n|-weather|SunnyDay|[upkeep]\n|upkeep\n|\n|t:|1701056825\n|switch|p1a: Cereal|Ting-Lu|33\/100\n|-ability|p1a: Cereal|Vessel of Ruin\n|turn|23\n|\n|t:|1701056832\n|move|p1a: Cereal|Protect|p1a: Cereal\n|-singleturn|p1a: Cereal|Protect\n|move|p2a: Kalecgos|Hydro Steam|p1a: Cereal\n|-activate|p1a: Cereal|move: Protect\n|\n|-weather|SunnyDay|[upkeep]\n|-heal|p1a: Cereal|39\/100|[from] item: Leftovers\n|upkeep\n|turn|24\n|\n|t:|1701056840\n|move|p1a: Cereal|Protect||[still]\n|-fail|p1a: Cereal\n|move|p2a: Kalecgos|Hydro Steam|p1a: Cereal\n|-supereffective|p1a: Cereal\n|-damage|p1a: Cereal|0 fnt\n|faint|p1a: Cereal\n|\n|-weather|none\n|-end|p2a: Kalecgos|Protosynthesis\n|upkeep\n|\n|t:|1701056847\n|switch|p1a: Main Character|Iron Valiant|1\/100 slp\n|turn|25\n|\n|t:|1701056850\n|-curestatus|p1a: Main Character|slp|[msg]\n|move|p1a: Main Character|Moonblast|p2a: Kalecgos\n|-supereffective|p2a: Kalecgos\n|-damage|p2a: Kalecgos|0 fnt\n|faint|p2a: Kalecgos\n|-end|p2a: Kalecgos|Protosynthesis|[silent]\n|\n|upkeep\n|\n|t:|1701056856\n|switch|p2a: Stickymon|Sneasler, M|100\/100\n|turn|26\n|\n|t:|1701056861\n|move|p2a: Stickymon|Close Combat|p1a: Main Character\n|-resisted|p1a: Main Character\n|-damage|p1a: Main Character|0 fnt\n|-unboost|p2a: Stickymon|def|1\n|-unboost|p2a: Stickymon|spd|1\n|faint|p1a: Main Character\n|-end|p1a: Main Character|Quark Drive|[silent]\n|\n|win|ghoulthreeee\n|c|\u2606Negative600IQ|ggs\n|c|\u2606ghoulthreeee|gg wp\n","uploadtime":1701056872,"views":35,"p1id":"negative600iq","p2id":"ghoulthreeee","formatid":"gen9ubers","rating":0,"private":0,"password":""}