{"id":"gen9ubers-1972364340","p1":"topfloorgabriel","p2":"chooseursename","format":"[Gen 9] Ubers","log":"|j|\u2606topfloorgabriel\n|j|\u2606chooseursename\n|t:|1697835150\n|gametype|singles\n|player|p1|topfloorgabriel|265|\n|player|p2|chooseursename|byron|\n|teamsize|p1|6\n|teamsize|p2|6\n|gen|9\n|tier|[Gen 9] Ubers\n|rule|Sleep Clause Mod: Limit one foe put to sleep\n|rule|Species Clause: Limit one of each Pok\u00e9mon\n|rule|OHKO Clause: OHKO moves are banned\n|rule|Evasion Items Clause: Evasion items are banned\n|rule|Evasion Moves Clause: Evasion moves are banned\n|rule|Endless Battle Clause: Forcing endless battles is banned\n|rule|HP Percentage Mod: HP is shown in percentages\n|clearpoke\n|poke|p1|Chi-Yu|\n|poke|p1|Koraidon|\n|poke|p1|Flutter Mane|\n|poke|p1|Zacian-*|\n|poke|p1|Ogerpon-Hearthflame, F|\n|poke|p1|Iron Bundle|\n|poke|p2|Spectrier|\n|poke|p2|Toxapex, M|\n|poke|p2|Zamazenta-*|\n|poke|p2|Rotom-Heat|\n|poke|p2|Blissey, F|\n|poke|p2|Piloswine, M|\n|teampreview\n|c|\u2606topfloorgabriel|bro\n|c|\u2606topfloorgabriel|is that a piloswine\n|c|\u2606chooseursename|yes\n|\n|t:|1697835170\n|start\n|switch|p1a: Flutter Mane|Flutter Mane|100\/100\n|switch|p2a: Toxapex|Toxapex, M|100\/100\n|turn|1\n|\n|t:|1697835179\n|move|p1a: Flutter Mane|Psyshock|p2a: Toxapex\n|-supereffective|p2a: Toxapex\n|-damage|p2a: Toxapex|32\/100\n|move|p2a: Toxapex|Poison Jab|p1a: Flutter Mane\n|-damage|p1a: Flutter Mane|55\/100\n|-status|p1a: Flutter Mane|psn\n|\n|-damage|p1a: Flutter Mane|43\/100 psn|[from] psn\n|upkeep\n|turn|2\n|\n|t:|1697835192\n|move|p2a: Toxapex|Baneful Bunker|p2a: Toxapex\n|-singleturn|p2a: Toxapex|move: Protect\n|move|p1a: Flutter Mane|Psyshock|p2a: Toxapex\n|-activate|p2a: Toxapex|move: Protect\n|\n|-damage|p1a: Flutter Mane|30\/100 psn|[from] psn\n|upkeep\n|turn|3\n|\n|t:|1697835200\n|move|p1a: Flutter Mane|Psyshock|p2a: Toxapex\n|-supereffective|p2a: Toxapex\n|-damage|p2a: Toxapex|0 fnt\n|faint|p2a: Toxapex\n|\n|-damage|p1a: Flutter Mane|18\/100 psn|[from] psn\n|upkeep\n|\n|t:|1697835208\n|switch|p2a: Rotom|Rotom-Heat|100\/100\n|turn|4\n|\n|t:|1697835216\n|move|p1a: Flutter Mane|Psyshock|p2a: Rotom\n|-damage|p2a: Rotom|45\/100\n|move|p2a: Rotom|Night Shade|p1a: Flutter Mane\n|-damage|p1a: Flutter Mane|0 fnt\n|faint|p1a: Flutter Mane\n|-end|p1a: Flutter Mane|Protosynthesis|[silent]\n|\n|upkeep\n|\n|t:|1697835225\n|switch|p1a: Koraidon|Koraidon|100\/100\n|-weather|SunnyDay|[from] ability: Orichalcum Pulse|[of] p1a: Koraidon\n|-activate|p1a: Koraidon|Orichalcum Pulse|[source]\n|turn|5\n|\n|t:|1697835234\n|move|p1a: Koraidon|U-turn|p2a: Rotom\n|-resisted|p2a: Rotom\n|-damage|p2a: Rotom|25\/100\n|\n|t:|1697835238\n|switch|p1a: Chi-Yu|Chi-Yu|100\/100|[from] U-turn\n|-ability|p1a: Chi-Yu|Beads of Ruin\n|move|p2a: Rotom|Discharge|p1a: Chi-Yu\n|-damage|p1a: Chi-Yu|61\/100\n|\n|-weather|SunnyDay|[upkeep]\n|upkeep\n|turn|6\n|\n|t:|1697835255\n|switch|p2a: Spectrier|Spectrier|100\/100\n|move|p1a: Chi-Yu|Overheat|p2a: Spectrier\n|-damage|p2a: Spectrier|0 fnt\n|-unboost|p1a: Chi-Yu|spa|2\n|faint|p2a: Spectrier\n|\n|-weather|SunnyDay|[upkeep]\n|upkeep\n|c|\u2606chooseursename|WTF\n|\n|t:|1697835264\n|switch|p2a: Blissey|Blissey, F|100\/100\n|turn|7\n|c|\u2606topfloorgabriel|fish\n|\n|t:|1697835273\n|move|p1a: Chi-Yu|Overheat|p2a: Blissey\n|-damage|p2a: Blissey|64\/100\n|-unboost|p1a: Chi-Yu|spa|2\n|move|p2a: Blissey|Fire Punch|p1a: Chi-Yu\n|-resisted|p1a: Chi-Yu\n|-damage|p1a: Chi-Yu|56\/100\n|\n|-weather|SunnyDay|[upkeep]\n|upkeep\n|turn|8\n|c|\u2606chooseursename|WHERE IS MY OP BLISSEY\n|\n|t:|1697835294\n|switch|p1a: Koraidon|Koraidon|100\/100\n|-activate|p1a: Koraidon|ability: Orichalcum Pulse\n|move|p2a: Blissey|Blizzard|p1a: Koraidon|[miss]\n|-miss|p2a: Blissey|p1a: Koraidon\n|\n|-weather|SunnyDay|[upkeep]\n|upkeep\n|turn|9\n|\n|t:|1697835307\n|switch|p2a: Piloswine|Piloswine, M|100\/100\n|move|p1a: Koraidon|Low Kick|p2a: Piloswine\n|-supereffective|p2a: Piloswine\n|-damage|p2a: Piloswine|9\/100\n|\n|-weather|none\n|upkeep\n|turn|10\n|\n|t:|1697835317\n|move|p2a: Piloswine|Ice Shard|p1a: Koraidon\n|-supereffective|p1a: Koraidon\n|-damage|p1a: Koraidon|72\/100\n|move|p1a: Koraidon|Low Kick|p2a: Piloswine\n|-supereffective|p2a: Piloswine\n|-damage|p2a: Piloswine|0 fnt\n|faint|p2a: Piloswine\n|\n|upkeep\n|c|\u2606chooseursename|im never going to win\n|c|\u2606topfloorgabriel|blissey is poopoo\n|c|\u2606topfloorgabriel|suka believe in urself\n|\n|t:|1697835343\n|switch|p2a: Zamazenta|Zamazenta|100\/100\n|-ability|p2a: Zamazenta|Dauntless Shield|boost\n|-boost|p2a: Zamazenta|def|1\n|turn|11\n|\n|t:|1697835353\n|move|p1a: Koraidon|Low Kick|p2a: Zamazenta\n|-damage|p2a: Zamazenta|70\/100\n|move|p2a: Zamazenta|Dazzling Gleam|p1a: Koraidon\n|-supereffective|p1a: Koraidon\n|-damage|p1a: Koraidon|5\/100\n|\n|upkeep\n|turn|12\n|\n|t:|1697835377\n|move|p1a: Koraidon|Low Kick|p2a: Zamazenta\n|-crit|p2a: Zamazenta\n|-damage|p2a: Zamazenta|0 fnt\n|faint|p2a: Zamazenta\n|\n|upkeep\n|\n|t:|1697835383\n|switch|p2a: Blissey|Blissey, F|64\/100\n|turn|13\n|\n|t:|1697835389\n|switch|p1a: Ogerpon|Ogerpon-Hearthflame, F|100\/100\n|-ability|p1a: Ogerpon|Mold Breaker\n|move|p2a: Blissey|Thunder Punch|p1a: Ogerpon\n|-resisted|p1a: Ogerpon\n|-damage|p1a: Ogerpon|98\/100\n|\n|upkeep\n|turn|14\n|\n|t:|1697835400\n|-terastallize|p1a: Ogerpon|Fire\n|detailschange|p1a: Ogerpon|Ogerpon-Hearthflame-Tera, F, tera:Fire\n|-ability|p1a: Ogerpon|Embody Aspect (Hearthflame)|boost\n|-boost|p1a: Ogerpon|atk|1\n|move|p1a: Ogerpon|Swords Dance|p1a: Ogerpon\n|-boost|p1a: Ogerpon|atk|2\n|move|p2a: Blissey|Fire Punch|p1a: Ogerpon\n|-resisted|p1a: Ogerpon\n|-damage|p1a: Ogerpon|95\/100\n|\n|upkeep\n|turn|15\n|c|\u2606topfloorgabriel|lol\n|\n|t:|1697835415\n|switch|p2a: Rotom|Rotom-Heat|25\/100\n|move|p1a: Ogerpon|Swords Dance|p1a: Ogerpon\n|-boost|p1a: Ogerpon|atk|2\n|\n|upkeep\n|turn|16\n|c|\u2606chooseursename|I GIVE UP\n|c|\u2606chooseursename|id ont want to play any more\n|\n|t:|1697835436\n|-terastallize|p2a: Rotom|Electric\n|move|p1a: Ogerpon|Swords Dance|p1a: Ogerpon\n|-boost|p1a: Ogerpon|atk|1\n|move|p2a: Rotom|Discharge|p1a: Ogerpon\n|-damage|p1a: Ogerpon|41\/100\n|-status|p1a: Ogerpon|par\n|\n|upkeep\n|turn|17\n|\n|t:|1697835460\n|move|p2a: Rotom|Discharge|p1a: Ogerpon\n|-damage|p1a: Ogerpon|0 fnt\n|faint|p1a: Ogerpon\n|\n|upkeep\n|c|\u2606topfloorgabriel|oh\n|\n|t:|1697835472\n|switch|p1a: Iron Bundle|Iron Bundle|100\/100\n|turn|18\n|\n|t:|1697835477\n|move|p1a: Iron Bundle|Ice Beam|p2a: Rotom\n|-damage|p2a: Rotom|0 fnt\n|faint|p2a: Rotom\n|\n|upkeep\n|\n|t:|1697835481\n|switch|p2a: Blissey|Blissey, F|64\/100\n|turn|19\n|\n|t:|1697835486\n|move|p1a: Iron Bundle|Hydro Pump|p2a: Blissey|[miss]\n|-miss|p1a: Iron Bundle|p2a: Blissey\n|move|p2a: Blissey|Fire Punch|p1a: Iron Bundle\n|-damage|p1a: Iron Bundle|95\/100\n|\n|upkeep\n|turn|20\n|\n|t:|1697835493\n|move|p1a: Iron Bundle|Hydro Pump|p2a: Blissey\n|-crit|p2a: Blissey\n|-damage|p2a: Blissey|36\/100\n|move|p2a: Blissey|Trick|p1a: Iron Bundle\n|-activate|p2a: Blissey|move: Trick|[of] p1a: Iron Bundle\n|-enditem|p1a: Iron Bundle|Heavy-Duty Boots|[silent]|[from] move: Trick\n|-item|p2a: Blissey|Heavy-Duty Boots|[from] move: Trick\n|\n|upkeep\n|turn|21\n|\n|t:|1697835503\n|move|p1a: Iron Bundle|Hydro Pump|p2a: Blissey\n|-damage|p2a: Blissey|17\/100\n|move|p2a: Blissey|Trick|p1a: Iron Bundle\n|-activate|p2a: Blissey|move: Trick|[of] p1a: Iron Bundle\n|-item|p1a: Iron Bundle|Heavy-Duty Boots|[from] move: Trick\n|-enditem|p2a: Blissey|Heavy-Duty Boots|[silent]|[from] move: Trick\n|\n|upkeep\n|turn|22\n|\n|t:|1697835514\n|move|p1a: Iron Bundle|Hydro Pump|p2a: Blissey\n|-damage|p2a: Blissey|0 fnt\n|faint|p2a: Blissey\n|\n|win|topfloorgabriel\n|l|\u2606chooseursename\n","uploadtime":1697835528,"views":10,"p1id":"topfloorgabriel","p2id":"chooseursename","formatid":"gen9ubers","rating":0,"private":0,"password":""}