{"id":"gen9ubers-1999918129","p1":"GuzzLord197","p2":"SoulTheGhoul","format":"[Gen 9] Ubers","log":"|j|\u2606GuzzLord197\n|j|\u2606SoulTheGhoul\n|t:|1701129929\n|gametype|singles\n|player|p1|GuzzLord197|shadowtriad|\n|player|p2|SoulTheGhoul|burglar|\n|teamsize|p1|6\n|teamsize|p2|6\n|gen|9\n|tier|[Gen 9] Ubers\n|rule|Sleep Clause Mod: Limit one foe put to sleep\n|rule|Species Clause: Limit one of each Pok\u00e9mon\n|rule|OHKO Clause: OHKO moves are banned\n|rule|Evasion Items Clause: Evasion items are banned\n|rule|Evasion Moves Clause: Evasion moves are banned\n|rule|Endless Battle Clause: Forcing endless battles is banned\n|rule|HP Percentage Mod: HP is shown in percentages\n|clearpoke\n|poke|p1|Dragapult, F|\n|poke|p1|Ogerpon-Hearthflame, F|\n|poke|p1|Enamorus, F|\n|poke|p1|Kilowattrel, M|\n|poke|p1|Garganacl, F|\n|poke|p1|Krookodile, M|\n|poke|p2|Baxcalibur, M|\n|poke|p2|Iron Valiant|\n|poke|p2|Thundurus, M|\n|poke|p2|Tinkaton, F|\n|poke|p2|Meowscarada, F|\n|poke|p2|Hydreigon, F|\n|teampreview\n|j| GoldDragon130\n|\n|t:|1701129944\n|start\n|switch|p1a: Rip Off Zapdos|Kilowattrel, M, shiny|100\/100\n|switch|p2a: Thundurus|Thundurus, M, shiny|100\/100\n|turn|1\n|\n|t:|1701129964\n|move|p2a: Thundurus|Nasty Plot|p2a: Thundurus\n|-boost|p2a: Thundurus|spa|2\n|move|p1a: Rip Off Zapdos|Thunderbolt|p2a: Thundurus\n|-damage|p2a: Thundurus|30\/100\n|\n|-heal|p2a: Thundurus|36\/100|[from] item: Leftovers\n|upkeep\n|turn|2\n|\n|t:|1701129972\n|move|p1a: Rip Off Zapdos|Thunderbolt|p2a: Thundurus\n|-damage|p2a: Thundurus|0 fnt\n|faint|p2a: Thundurus\n|\n|upkeep\n|\n|t:|1701129981\n|switch|p2a: Baxcalibur|Baxcalibur, M, shiny|100\/100\n|turn|3\n|j| vegemite360\n|\n|t:|1701129995\n|move|p1a: Rip Off Zapdos|Thunder Wave|p2a: Baxcalibur\n|-status|p2a: Baxcalibur|par\n|move|p2a: Baxcalibur|Icicle Spear|p1a: Rip Off Zapdos\n|-supereffective|p1a: Rip Off Zapdos\n|-damage|p1a: Rip Off Zapdos|42\/100\n|-supereffective|p1a: Rip Off Zapdos\n|-damage|p1a: Rip Off Zapdos|0 fnt\n|faint|p1a: Rip Off Zapdos\n|-hitcount|p1: Rip Off Zapdos|2\n|\n|upkeep\n|l| vegemite360\n|\n|t:|1701130000\n|switch|p1a: Big Mort|Garganacl, F, shiny|100\/100\n|turn|4\n|\n|t:|1701130017\n|move|p2a: Baxcalibur|Scale Shot|p1a: Big Mort\n|-damage|p1a: Big Mort|93\/100\n|-damage|p1a: Big Mort|85\/100\n|-damage|p1a: Big Mort|77\/100\n|-damage|p1a: Big Mort|69\/100\n|-hitcount|p1a: Big Mort|4\n|-unboost|p2a: Baxcalibur|def|1\n|-boost|p2a: Baxcalibur|spe|1\n|move|p1a: Big Mort|Curse|p1a: Big Mort\n|-unboost|p1a: Big Mort|spe|1\n|-boost|p1a: Big Mort|atk|1\n|-boost|p1a: Big Mort|def|1\n|\n|upkeep\n|turn|5\n|\n|t:|1701130043\n|switch|p2a: Iron Valiant|Iron Valiant, shiny|100\/100\n|-enditem|p2a: Iron Valiant|Booster Energy\n|-activate|p2a: Iron Valiant|ability: Quark Drive|[fromitem]\n|-start|p2a: Iron Valiant|quarkdrivespe\n|move|p1a: Big Mort|Salt Cure|p2a: Iron Valiant\n|-resisted|p2a: Iron Valiant\n|-damage|p2a: Iron Valiant|88\/100\n|-start|p2a: Iron Valiant|Salt Cure\n|\n|-damage|p2a: Iron Valiant|75\/100|[from] Salt Cure\n|upkeep\n|turn|6\n|\n|t:|1701130055\n|move|p1a: Big Mort|Protect|p1a: Big Mort\n|-singleturn|p1a: Big Mort|Protect\n|move|p2a: Iron Valiant|Drain Punch|p1a: Big Mort\n|-activate|p1a: Big Mort|move: Protect\n|\n|-damage|p2a: Iron Valiant|63\/100|[from] Salt Cure\n|upkeep\n|turn|7\n|\n|t:|1701130060\n|move|p2a: Iron Valiant|Drain Punch|p1a: Big Mort\n|-supereffective|p1a: Big Mort\n|-damage|p1a: Big Mort|42\/100\n|-heal|p2a: Iron Valiant|81\/100|[from] drain|[of] p1a: Big Mort\n|-damage|p2a: Iron Valiant|65\/100|[from] item: Rocky Helmet|[of] p1a: Big Mort\n|move|p1a: Big Mort|Recover|p1a: Big Mort\n|-heal|p1a: Big Mort|92\/100\n|\n|-damage|p2a: Iron Valiant|52\/100|[from] Salt Cure\n|upkeep\n|turn|8\n|j| vegemite360\n|l| vegemite360\n|\n|t:|1701130086\n|move|p2a: Iron Valiant|Swords Dance|p2a: Iron Valiant\n|-boost|p2a: Iron Valiant|atk|2\n|move|p1a: Big Mort|Curse|p1a: Big Mort\n|-unboost|p1a: Big Mort|spe|1\n|-boost|p1a: Big Mort|atk|1\n|-boost|p1a: Big Mort|def|1\n|\n|-damage|p2a: Iron Valiant|40\/100|[from] Salt Cure\n|upkeep\n|turn|9\n|\n|t:|1701130096\n|move|p2a: Iron Valiant|Drain Punch|p1a: Big Mort\n|-supereffective|p1a: Big Mort\n|-damage|p1a: Big Mort|53\/100\n|-heal|p2a: Iron Valiant|67\/100|[from] drain|[of] p1a: Big Mort\n|-damage|p2a: Iron Valiant|51\/100|[from] item: Rocky Helmet|[of] p1a: Big Mort\n|move|p1a: Big Mort|Curse|p1a: Big Mort\n|-unboost|p1a: Big Mort|spe|1\n|-boost|p1a: Big Mort|atk|1\n|-boost|p1a: Big Mort|def|1\n|\n|-damage|p2a: Iron Valiant|38\/100|[from] Salt Cure\n|upkeep\n|turn|10\n|\n|t:|1701130104\n|move|p2a: Iron Valiant|Drain Punch|p1a: Big Mort\n|-supereffective|p1a: Big Mort\n|-damage|p1a: Big Mort|23\/100\n|-heal|p2a: Iron Valiant|59\/100|[from] drain|[of] p1a: Big Mort\n|-damage|p2a: Iron Valiant|43\/100|[from] item: Rocky Helmet|[of] p1a: Big Mort\n|move|p1a: Big Mort|Recover|p1a: Big Mort\n|-heal|p1a: Big Mort|73\/100\n|\n|-damage|p2a: Iron Valiant|30\/100|[from] Salt Cure\n|upkeep\n|turn|11\n|\n|t:|1701130113\n|move|p1a: Big Mort|Protect|p1a: Big Mort\n|-singleturn|p1a: Big Mort|Protect\n|move|p2a: Iron Valiant|Drain Punch|p1a: Big Mort\n|-activate|p1a: Big Mort|move: Protect\n|\n|-damage|p2a: Iron Valiant|18\/100|[from] Salt Cure\n|upkeep\n|turn|12\n|\n|t:|1701130122\n|move|p1a: Big Mort|Protect|p1a: Big Mort\n|-singleturn|p1a: Big Mort|Protect\n|move|p2a: Iron Valiant|Drain Punch|p1a: Big Mort\n|-activate|p1a: Big Mort|move: Protect\n|\n|-damage|p2a: Iron Valiant|5\/100|[from] Salt Cure\n|upkeep\n|turn|13\n|\n|t:|1701130130\n|move|p2a: Iron Valiant|Drain Punch|p1a: Big Mort\n|-supereffective|p1a: Big Mort\n|-damage|p1a: Big Mort|38\/100\n|-heal|p2a: Iron Valiant|30\/100|[from] drain|[of] p1a: Big Mort\n|-damage|p2a: Iron Valiant|13\/100|[from] item: Rocky Helmet|[of] p1a: Big Mort\n|move|p1a: Big Mort|Salt Cure|p2a: Iron Valiant\n|-resisted|p2a: Iron Valiant\n|-damage|p2a: Iron Valiant|0 fnt\n|faint|p2a: Iron Valiant\n|-end|p2a: Iron Valiant|Quark Drive|[silent]\n|\n|upkeep\n|\n|t:|1701130134\n|switch|p2a: Tinkaton|Tinkaton, F, shiny|100\/100\n|-ability|p2a: Tinkaton|Mold Breaker\n|turn|14\n|\n|t:|1701130142\n|move|p2a: Tinkaton|Gigaton Hammer|p1a: Big Mort\n|-supereffective|p1a: Big Mort\n|-damage|p1a: Big Mort|17\/100\n|move|p1a: Big Mort|Recover|p1a: Big Mort\n|-heal|p1a: Big Mort|67\/100\n|\n|upkeep\n|turn|15\n|\n|t:|1701130150\n|move|p2a: Tinkaton|Fake Out||[still]\n|-hint|Fake Out only works on your first turn out.\n|-fail|p2a: Tinkaton\n|move|p1a: Big Mort|Recover|p1a: Big Mort\n|-heal|p1a: Big Mort|100\/100\n|\n|upkeep\n|turn|16\n|\n|t:|1701130158\n|move|p2a: Tinkaton|Gigaton Hammer|p1a: Big Mort\n|-supereffective|p1a: Big Mort\n|-damage|p1a: Big Mort|76\/100\n|move|p1a: Big Mort|Curse|p1a: Big Mort\n|-unboost|p1a: Big Mort|spe|1\n|-boost|p1a: Big Mort|atk|1\n|-boost|p1a: Big Mort|def|1\n|\n|upkeep\n|turn|17\n|\n|t:|1701130165\n|move|p2a: Tinkaton|Play Rough|p1a: Big Mort\n|-crit|p1a: Big Mort\n|-damage|p1a: Big Mort|52\/100\n|-damage|p2a: Tinkaton|84\/100|[from] item: Rocky Helmet|[of] p1a: Big Mort\n|move|p1a: Big Mort|Curse|p1a: Big Mort\n|-unboost|p1a: Big Mort|spe|1\n|-boost|p1a: Big Mort|atk|1\n|-boost|p1a: Big Mort|def|1\n|\n|-heal|p2a: Tinkaton|90\/100|[from] item: Leftovers\n|upkeep\n|turn|18\n|\n|t:|1701130176\n|move|p2a: Tinkaton|Play Rough|p1a: Big Mort\n|-damage|p1a: Big Mort|47\/100\n|-damage|p2a: Tinkaton|74\/100|[from] item: Rocky Helmet|[of] p1a: Big Mort\n|move|p1a: Big Mort|Recover|p1a: Big Mort\n|-heal|p1a: Big Mort|97\/100\n|\n|-heal|p2a: Tinkaton|80\/100|[from] item: Leftovers\n|upkeep\n|turn|19\n|\n|t:|1701130182\n|move|p2a: Tinkaton|Gigaton Hammer|p1a: Big Mort\n|-supereffective|p1a: Big Mort\n|-damage|p1a: Big Mort|79\/100\n|move|p1a: Big Mort|Salt Cure|p2a: Tinkaton\n|-resisted|p2a: Tinkaton\n|-damage|p2a: Tinkaton|48\/100\n|-start|p2a: Tinkaton|Salt Cure\n|\n|-heal|p2a: Tinkaton|55\/100|[from] item: Leftovers\n|-damage|p2a: Tinkaton|30\/100|[from] Salt Cure\n|upkeep\n|turn|20\n|\n|t:|1701130188\n|switch|p2a: Meowscarada|Meowscarada, F, shiny|100\/100\n|move|p1a: Big Mort|Curse|p1a: Big Mort\n|-unboost|p1a: Big Mort|spe|1\n|-boost|p1a: Big Mort|atk|1\n|-boost|p1a: Big Mort|def|1\n|\n|upkeep\n|turn|21\n|\n|t:|1701130196\n|-terastallize|p2a: Meowscarada|Grass\n|move|p2a: Meowscarada|Flower Trick|p1a: Big Mort\n|-supereffective|p1a: Big Mort\n|-crit|p1a: Big Mort\n|-damage|p1a: Big Mort|0 fnt\n|faint|p1a: Big Mort\n|-damage|p2a: Meowscarada|91\/100|[from] item: Life Orb\n|\n|upkeep\n|\n|t:|1701130210\n|switch|p1a: Why?|Ogerpon-Hearthflame, F|100\/100\n|-ability|p1a: Why?|Mold Breaker\n|turn|22\n|\n|t:|1701130217\n|move|p2a: Meowscarada|U-turn|p1a: Why?\n|-damage|p1a: Why?|61\/100\n|-damage|p2a: Meowscarada|81\/100|[from] item: Life Orb\n|\n|t:|1701130230\n|switch|p2a: Hydreigon|Hydreigon, F, shiny|100\/100|[from] U-turn\n|move|p1a: Why?|Swords Dance|p1a: Why?\n|-boost|p1a: Why?|atk|2\n|\n|upkeep\n|turn|23\n|\n|t:|1701130245\n|move|p1a: Why?|Trailblaze|p2a: Hydreigon\n|-resisted|p2a: Hydreigon\n|-damage|p2a: Hydreigon|67\/100\n|-boost|p1a: Why?|spe|1\n|move|p2a: Hydreigon|Earth Power|p1a: Why?\n|-damage|p1a: Why?|10\/100\n|\n|upkeep\n|turn|24\n|\n|t:|1701130251\n|move|p1a: Why?|Ivy Cudgel|p2a: Hydreigon|[anim] Ivy Cudgel Fire\n|-resisted|p2a: Hydreigon\n|-damage|p2a: Hydreigon|3\/100\n|move|p2a: Hydreigon|Earth Power|p1a: Why?\n|-crit|p1a: Why?\n|-damage|p1a: Why?|0 fnt\n|faint|p1a: Why?\n|\n|upkeep\n|\n|t:|1701130258\n|switch|p1a: Mother of 2|Dragapult, F, shiny|100\/100\n|turn|25\n|\n|t:|1701130263\n|move|p1a: Mother of 2|Dragon Pulse|p2a: Hydreigon\n|-supereffective|p2a: Hydreigon\n|-damage|p2a: Hydreigon|0 fnt\n|faint|p2a: Hydreigon\n|-damage|p1a: Mother of 2|91\/100|[from] item: Life Orb\n|\n|upkeep\n|\n|t:|1701130270\n|switch|p2a: Tinkaton|Tinkaton, F, shiny|30\/100\n|-ability|p2a: Tinkaton|Mold Breaker\n|turn|26\n|\n|t:|1701130277\n|move|p2a: Tinkaton|Fake Out|p1a: Mother of 2\n|-immune|p1a: Mother of 2\n|move|p1a: Mother of 2|Flamethrower|p2a: Tinkaton\n|-supereffective|p2a: Tinkaton\n|-damage|p2a: Tinkaton|0 fnt\n|faint|p2a: Tinkaton\n|-damage|p1a: Mother of 2|81\/100|[from] item: Life Orb\n|\n|upkeep\n|\n|t:|1701130286\n|switch|p2a: Meowscarada|Meowscarada, F, shiny, tera:Grass|81\/100\n|turn|27\n|\n|t:|1701130289\n|move|p2a: Meowscarada|Sucker Punch|p1a: Mother of 2\n|-supereffective|p1a: Mother of 2\n|-damage|p1a: Mother of 2|0 fnt\n|faint|p1a: Mother of 2\n|-damage|p2a: Meowscarada|71\/100|[from] item: Life Orb\n|\n|upkeep\n|\n|t:|1701130295\n|switch|p1a: Dino Nuggies|Krookodile, M|100\/100\n|turn|28\n|\n|t:|1701130301\n|-terastallize|p1a: Dino Nuggies|Fairy\n|move|p1a: Dino Nuggies|Tera Blast|p2a: Meowscarada|[anim] Tera Blast Fairy\n|-damage|p2a: Meowscarada|8\/100\n|move|p2a: Meowscarada|Flower Trick|p1a: Dino Nuggies\n|-crit|p1a: Dino Nuggies\n|-damage|p1a: Dino Nuggies|1\/100\n|-damage|p2a: Meowscarada|0 fnt|[from] item: Life Orb\n|faint|p2a: Meowscarada\n|\n|upkeep\n|\n|t:|1701130305\n|switch|p2a: Baxcalibur|Baxcalibur, M, shiny|100\/100 par\n|turn|29\n|\n|t:|1701130309\n|move|p1a: Dino Nuggies|Tera Blast|p2a: Baxcalibur|[anim] Tera Blast Fairy\n|-supereffective|p2a: Baxcalibur\n|-damage|p2a: Baxcalibur|30\/100 par\n|move|p2a: Baxcalibur|Icicle Spear|p1a: Dino Nuggies\n|-damage|p1a: Dino Nuggies|0 fnt\n|faint|p1a: Dino Nuggies\n|-hitcount|p1: Dino Nuggies|1\n|\n|upkeep\n|\n|t:|1701130313\n|switch|p1a: Plz Kill Me|Enamorus, F, shiny|100\/100\n|turn|30\n|\n|t:|1701130320\n|move|p1a: Plz Kill Me|Superpower|p2a: Baxcalibur\n|-supereffective|p2a: Baxcalibur\n|-damage|p2a: Baxcalibur|0 fnt\n|-boost|p1a: Plz Kill Me|atk|1\n|-boost|p1a: Plz Kill Me|def|1\n|faint|p2a: Baxcalibur\n|-damage|p1a: Plz Kill Me|91\/100|[from] item: Life Orb\n|\n|win|GuzzLord197\n","uploadtime":1701130324,"views":1,"p1id":"guzzlord197","p2id":"soultheghoul","formatid":"gen9ubers","rating":0,"private":0,"password":""}