{"id":"gen9ubers-1988124097","p1":"VloneVictini","p2":"ShadowblazinAceP","format":"[Gen 9] Ubers","log":"|j|\u2606VloneVictini\n|j|\u2606ShadowblazinAceP\n|t:|1699672533\n|gametype|singles\n|player|p1|VloneVictini|170|\n|player|p2|ShadowblazinAceP|ghetsis|\n|teamsize|p1|6\n|teamsize|p2|6\n|gen|9\n|tier|[Gen 9] Ubers\n|rule|Sleep Clause Mod: Limit one foe put to sleep\n|rule|Species Clause: Limit one of each Pok\u00e9mon\n|rule|OHKO Clause: OHKO moves are banned\n|rule|Evasion Items Clause: Evasion items are banned\n|rule|Evasion Moves Clause: Evasion moves are banned\n|rule|Endless Battle Clause: Forcing endless battles is banned\n|rule|HP Percentage Mod: HP is shown in percentages\n|clearpoke\n|poke|p1|Maushold|\n|poke|p1|Shaymin-Sky|\n|poke|p1|Zacian-*|\n|poke|p1|Urshifu-*, M|\n|poke|p1|Arceus-Poison|\n|poke|p1|Magearna|\n|poke|p2|Torkoal, F|\n|poke|p2|Roaring Moon|\n|poke|p2|Walking Wake|\n|poke|p2|Chi-Yu|\n|poke|p2|Zacian-*|\n|poke|p2|Arceus-Grass|\n|teampreview\n|c|\u2606ShadowblazinAceP|gl hf\n|c|\u2606VloneVictini|glhf\n|\n|t:|1699672571\n|start\n|switch|p1a: Shamone-Sky|Shaymin-Sky|100\/100\n|switch|p2a: Torkoal|Torkoal, F|100\/100\n|-weather|SunnyDay|[from] ability: Drought|[of] p2a: Torkoal\n|turn|1\n|\n|t:|1699672578\n|switch|p2a: Zacian|Zacian|100\/100\n|-ability|p2a: Zacian|Intrepid Sword|boost\n|-boost|p2a: Zacian|atk|1\n|move|p1a: Shamone-Sky|Air Slash|p2a: Zacian\n|-damage|p2a: Zacian|65\/100\n|\n|-weather|SunnyDay|[upkeep]\n|upkeep\n|turn|2\n|\n|t:|1699672589\n|move|p2a: Zacian|Play Rough|p1a: Shamone-Sky\n|-damage|p1a: Shamone-Sky|17\/100\n|move|p1a: Shamone-Sky|Trailblaze|p2a: Zacian\n|-damage|p2a: Zacian|50\/100\n|-boost|p1a: Shamone-Sky|spe|1\n|\n|-weather|SunnyDay|[upkeep]\n|-heal|p1a: Shamone-Sky|23\/100|[from] item: Leftovers\n|upkeep\n|turn|3\n|\n|t:|1699672617\n|move|p1a: Shamone-Sky|Seed Flare|p2a: Zacian\n|-damage|p2a: Zacian|0 fnt\n|faint|p2a: Zacian\n|\n|-weather|SunnyDay|[upkeep]\n|-heal|p1a: Shamone-Sky|29\/100|[from] item: Leftovers\n|upkeep\n|\n|t:|1699672619\n|switch|p2a: Roaring Moon|Roaring Moon|100\/100\n|-activate|p2a: Roaring Moon|ability: Protosynthesis\n|-start|p2a: Roaring Moon|protosynthesisatk\n|turn|4\n|\n|t:|1699672637\n|move|p1a: Shamone-Sky|Air Slash|p2a: Roaring Moon\n|-damage|p2a: Roaring Moon|64\/100\n|move|p2a: Roaring Moon|Dragon Dance|p2a: Roaring Moon\n|-boost|p2a: Roaring Moon|atk|1\n|-boost|p2a: Roaring Moon|spe|1\n|\n|-weather|SunnyDay|[upkeep]\n|-heal|p1a: Shamone-Sky|35\/100|[from] item: Leftovers\n|upkeep\n|turn|5\n|\n|t:|1699672658\n|move|p1a: Shamone-Sky|Air Slash|p2a: Roaring Moon\n|-damage|p2a: Roaring Moon|27\/100\n|move|p2a: Roaring Moon|Dragon Dance|p2a: Roaring Moon\n|-boost|p2a: Roaring Moon|atk|1\n|-boost|p2a: Roaring Moon|spe|1\n|\n|-weather|SunnyDay|[upkeep]\n|-heal|p1a: Shamone-Sky|41\/100|[from] item: Leftovers\n|upkeep\n|turn|6\n|\n|t:|1699672703\n|move|p2a: Roaring Moon|Knock Off|p1a: Shamone-Sky\n|-damage|p1a: Shamone-Sky|0 fnt\n|-enditem|p1a: Shamone-Sky|Leftovers|[from] move: Knock Off|[of] p2a: Roaring Moon\n|faint|p1a: Shamone-Sky\n|\n|-weather|SunnyDay|[upkeep]\n|upkeep\n|\n|t:|1699672732\n|switch|p1a: UU Fishr|Urshifu, M|100\/100\n|turn|7\n|\n|t:|1699672772\n|move|p2a: Roaring Moon|Iron Head|p1a: UU Fishr\n|-damage|p1a: UU Fishr|17\/100\n|cant|p1a: UU Fishr|flinch\n|\n|-weather|SunnyDay|[upkeep]\n|upkeep\n|turn|8\n|\n|t:|1699672782\n|move|p1a: UU Fishr|Sucker Punch|p2a: Roaring Moon\n|-resisted|p2a: Roaring Moon\n|-damage|p2a: Roaring Moon|3\/100\n|move|p2a: Roaring Moon|Knock Off|p1a: UU Fishr\n|-resisted|p1a: UU Fishr\n|-damage|p1a: UU Fishr|0 fnt\n|-enditem|p1a: UU Fishr|Focus Sash|[from] move: Knock Off|[of] p2a: Roaring Moon\n|faint|p1a: UU Fishr\n|\n|-weather|none\n|-end|p2a: Roaring Moon|Protosynthesis\n|upkeep\n|\n|t:|1699672845\n|switch|p1a: Buts and Nolts|Magearna|100\/100\n|turn|9\n|\n|t:|1699672886\n|-terastallize|p1a: Buts and Nolts|Fairy\n|move|p2a: Roaring Moon|Earthquake|p1a: Buts and Nolts\n|-damage|p1a: Buts and Nolts|44\/100\n|move|p1a: Buts and Nolts|Draining Kiss|p2a: Roaring Moon\n|-supereffective|p2a: Roaring Moon\n|-damage|p2a: Roaring Moon|0 fnt\n|-heal|p1a: Buts and Nolts|46\/100|[from] drain|[of] p2a: Roaring Moon\n|faint|p2a: Roaring Moon\n|-ability|p1a: Buts and Nolts|Soul-Heart|boost\n|-boost|p1a: Buts and Nolts|spa|1\n|-end|p2a: Roaring Moon|Protosynthesis|[silent]\n|\n|-heal|p1a: Buts and Nolts|52\/100|[from] item: Leftovers\n|upkeep\n|\n|t:|1699672934\n|switch|p2a: Chi-Yu|Chi-Yu|100\/100\n|-ability|p2a: Chi-Yu|Beads of Ruin\n|turn|10\n|\n|t:|1699672978\n|move|p2a: Chi-Yu|Flamethrower|p1a: Buts and Nolts\n|-damage|p1a: Buts and Nolts|0 fnt\n|faint|p1a: Buts and Nolts\n|\n|upkeep\n|\n|t:|1699672986\n|switch|p1a: Zack Ian|Zacian|100\/100\n|-ability|p1a: Zack Ian|Intrepid Sword|boost\n|-boost|p1a: Zack Ian|atk|1\n|turn|11\n|\n|t:|1699673030\n|switch|p2a: Torkoal|Torkoal, F|100\/100\n|-weather|SunnyDay|[from] ability: Drought|[of] p2a: Torkoal\n|move|p1a: Zack Ian|Close Combat|p2a: Torkoal\n|-damage|p2a: Torkoal|63\/100\n|-unboost|p1a: Zack Ian|def|1\n|-unboost|p1a: Zack Ian|spd|1\n|\n|-weather|SunnyDay|[upkeep]\n|upkeep\n|turn|12\n|\n|t:|1699673060\n|switch|p1a: 3 Blind Mice|Maushold|100\/100\n|move|p2a: Torkoal|Lava Plume|p1a: 3 Blind Mice\n|-damage|p1a: 3 Blind Mice|46\/100\n|\n|-weather|SunnyDay|[upkeep]\n|upkeep\n|turn|13\n|\n|t:|1699673074\n|move|p1a: 3 Blind Mice|Population Bomb|p2a: Torkoal\n|-damage|p2a: Torkoal|57\/100\n|-damage|p2a: Torkoal|50\/100\n|-damage|p2a: Torkoal|43\/100\n|-damage|p2a: Torkoal|37\/100\n|-damage|p2a: Torkoal|31\/100\n|-damage|p2a: Torkoal|25\/100\n|-damage|p2a: Torkoal|18\/100\n|-damage|p2a: Torkoal|11\/100\n|-damage|p2a: Torkoal|5\/100\n|-damage|p2a: Torkoal|0 fnt\n|faint|p2a: Torkoal\n|-hitcount|p2: Torkoal|10\n|\n|-weather|SunnyDay|[upkeep]\n|upkeep\n|\n|t:|1699673082\n|switch|p2a: Walking Wake|Walking Wake|100\/100\n|-activate|p2a: Walking Wake|ability: Protosynthesis\n|-start|p2a: Walking Wake|protosynthesisspe\n|turn|14\n|\n|t:|1699673087\n|-terastallize|p2a: Walking Wake|Water\n|move|p2a: Walking Wake|Hydro Steam|p1a: 3 Blind Mice\n|-crit|p1a: 3 Blind Mice\n|-damage|p1a: 3 Blind Mice|0 fnt\n|faint|p1a: 3 Blind Mice\n|\n|-weather|SunnyDay|[upkeep]\n|upkeep\n|\n|t:|1699673093\n|switch|p1a: Toxic Religion|Arceus-Poison|100\/100\n|turn|15\n|\n|t:|1699673111\n|move|p2a: Walking Wake|Hydro Steam|p1a: Toxic Religion\n|-damage|p1a: Toxic Religion|19\/100\n|move|p1a: Toxic Religion|Recover|p1a: Toxic Religion\n|-heal|p1a: Toxic Religion|69\/100\n|\n|-weather|SunnyDay|[upkeep]\n|upkeep\n|turn|16\n|\n|t:|1699673118\n|move|p2a: Walking Wake|Hydro Steam|p1a: Toxic Religion\n|-damage|p1a: Toxic Religion|0 fnt\n|faint|p1a: Toxic Religion\n|\n|-weather|SunnyDay|[upkeep]\n|upkeep\n|\n|t:|1699673120\n|switch|p1a: Zack Ian|Zacian|100\/100\n|turn|17\n|\n|t:|1699673122\n|move|p2a: Walking Wake|Hydro Steam|p1a: Zack Ian\n|-damage|p1a: Zack Ian|0 fnt\n|faint|p1a: Zack Ian\n|\n|win|ShadowblazinAceP\n|c|\u2606ShadowblazinAceP|gg\n|c|\u2606VloneVictini|gg\n","uploadtime":1699673128,"views":46,"p1id":"vlonevictini","p2id":"shadowblazinacep","formatid":"gen9ubers","rating":0,"private":0,"password":""}