{"id":"gen9ubers-1995827490","p1":"Alphamx16","p2":"Raiozin","format":"[Gen 9] Ubers","log":"|j|\u2606Alphamx16\n|j|\u2606Raiozin\n|t:|1700607087\n|gametype|singles\n|player|p1|Alphamx16|1|1124\n|player|p2|Raiozin|gambler|1113\n|teamsize|p1|6\n|teamsize|p2|6\n|gen|9\n|tier|[Gen 9] Ubers\n|rated|\n|rule|Sleep Clause Mod: Limit one foe put to sleep\n|rule|Species Clause: Limit one of each Pok\u00e9mon\n|rule|OHKO Clause: OHKO moves are banned\n|rule|Evasion Items Clause: Evasion items are banned\n|rule|Evasion Moves Clause: Evasion moves are banned\n|rule|Endless Battle Clause: Forcing endless battles is banned\n|rule|HP Percentage Mod: HP is shown in percentages\n|clearpoke\n|poke|p1|Quaquaval, F|\n|poke|p1|Meowscarada, M|\n|poke|p1|Skeledirge, M|\n|poke|p1|Baxcalibur, F|\n|poke|p1|Bombirdier, M|\n|poke|p1|Tinkaton, F|\n|poke|p2|Kommo-o, M|\n|poke|p2|Chien-Pao|\n|poke|p2|Basculegion, M|\n|poke|p2|Espathra, M|\n|poke|p2|Lucario, M|\n|poke|p2|Kyogre|\n|teampreview\n|\n|t:|1700607101\n|start\n|switch|p1a: Quaquaval|Quaquaval, F|100\/100\n|switch|p2a: Kommo-o|Kommo-o, M|100\/100\n|turn|1\n|\n|t:|1700607107\n|move|p1a: Quaquaval|Detect|p1a: Quaquaval\n|-singleturn|p1a: Quaquaval|Protect\n|move|p2a: Kommo-o|Substitute|p2a: Kommo-o\n|-start|p2a: Kommo-o|Substitute\n|-damage|p2a: Kommo-o|75\/100\n|\n|upkeep\n|turn|2\n|\n|t:|1700607113\n|move|p2a: Kommo-o|Belly Drum|p2a: Kommo-o\n|-damage|p2a: Kommo-o|25\/100\n|-setboost|p2a: Kommo-o|atk|6|[from] move: Belly Drum\n|-enditem|p2a: Kommo-o|Salac Berry|[eat]\n|-boost|p2a: Kommo-o|spe|1|[from] item: Salac Berry\n|move|p1a: Quaquaval|Brick Break|p2a: Kommo-o\n|-crit|p2a: Kommo-o\n|-end|p2a: Kommo-o|Substitute\n|\n|upkeep\n|turn|3\n|\n|t:|1700607124\n|move|p2a: Kommo-o|Drain Punch|p1a: Quaquaval\n|-damage|p1a: Quaquaval|0 fnt\n|-heal|p2a: Kommo-o|84\/100|[from] drain|[of] p1a: Quaquaval\n|faint|p1a: Quaquaval\n|\n|upkeep\n|\n|t:|1700607130\n|switch|p1a: Tinkaton|Tinkaton, F|100\/100\n|-ability|p1a: Tinkaton|Mold Breaker\n|turn|4\n|\n|t:|1700607139\n|move|p1a: Tinkaton|Fake Out|p2a: Kommo-o\n|-damage|p2a: Kommo-o|75\/100\n|cant|p2a: Kommo-o|flinch\n|\n|upkeep\n|turn|5\n|\n|t:|1700607149\n|move|p2a: Kommo-o|Drain Punch|p1a: Tinkaton\n|-damage|p1a: Tinkaton|0 fnt\n|-heal|p2a: Kommo-o|100\/100|[from] drain|[of] p1a: Tinkaton\n|faint|p1a: Tinkaton\n|\n|upkeep\n|\n|t:|1700607154\n|switch|p1a: Bombirdier|Bombirdier, M|100\/100\n|turn|6\n|\n|t:|1700607169\n|-terastallize|p1a: Bombirdier|Flying\n|move|p2a: Kommo-o|Thunder Punch|p1a: Bombirdier\n|-supereffective|p1a: Bombirdier\n|-damage|p1a: Bombirdier|0 fnt\n|faint|p1a: Bombirdier\n|\n|upkeep\n|\n|t:|1700607176\n|switch|p1a: Baxcalibur|Baxcalibur, F|100\/100\n|turn|7\n|\n|t:|1700607183\n|move|p2a: Kommo-o|Drain Punch|p1a: Baxcalibur\n|-supereffective|p1a: Baxcalibur\n|-damage|p1a: Baxcalibur|0 fnt\n|faint|p1a: Baxcalibur\n|\n|upkeep\n|\n|t:|1700607188\n|switch|p1a: Skeledirge|Skeledirge, M|100\/100\n|turn|8\n|\n|t:|1700607193\n|move|p2a: Kommo-o|Thunder Punch|p1a: Skeledirge\n|-damage|p1a: Skeledirge|81\/100\n|-damage|p2a: Kommo-o|84\/100|[from] item: Rocky Helmet|[of] p1a: Skeledirge\n|move|p1a: Skeledirge|Will-O-Wisp|p2a: Kommo-o\n|-status|p2a: Kommo-o|brn\n|\n|-damage|p2a: Kommo-o|78\/100 brn|[from] brn\n|upkeep\n|turn|9\n|\n|t:|1700607203\n|move|p2a: Kommo-o|Thunder Punch|p1a: Skeledirge\n|-damage|p1a: Skeledirge|72\/100\n|-damage|p2a: Kommo-o|61\/100 brn|[from] item: Rocky Helmet|[of] p1a: Skeledirge\n|move|p1a: Skeledirge|Shadow Ball|p2a: Kommo-o\n|-damage|p2a: Kommo-o|20\/100 brn\n|\n|-damage|p2a: Kommo-o|14\/100 brn|[from] brn\n|upkeep\n|turn|10\n|\n|t:|1700607214\n|move|p2a: Kommo-o|Thunder Punch|p1a: Skeledirge\n|-damage|p1a: Skeledirge|62\/100\n|-damage|p2a: Kommo-o|0 fnt|[from] item: Rocky Helmet|[of] p1a: Skeledirge\n|faint|p2a: Kommo-o\n|move|p1a: Skeledirge|Torch Song|p2: Kommo-o|[notarget]\n|-fail|p1a: Skeledirge\n|\n|upkeep\n|\n|t:|1700607224\n|switch|p2a: Chien-Pao|Chien-Pao|100\/100\n|-ability|p2a: Chien-Pao|Sword of Ruin\n|turn|11\n|\n|t:|1700607228\n|move|p2a: Chien-Pao|Crunch|p1a: Skeledirge\n|-supereffective|p1a: Skeledirge\n|-damage|p1a: Skeledirge|0 fnt\n|-damage|p2a: Chien-Pao|84\/100|[from] item: Rocky Helmet|[of] p1a: Skeledirge\n|faint|p1a: Skeledirge\n|-damage|p2a: Chien-Pao|74\/100|[from] item: Life Orb\n|\n|upkeep\n|\n|t:|1700607235\n|switch|p1a: Meowscarada|Meowscarada, M|100\/100\n|turn|12\n|\n|t:|1700607241\n|move|p2a: Chien-Pao|Sacred Sword|p1a: Meowscarada\n|-supereffective|p1a: Meowscarada\n|-damage|p1a: Meowscarada|0 fnt\n|faint|p1a: Meowscarada\n|-damage|p2a: Chien-Pao|64\/100|[from] item: Life Orb\n|\n|win|Raiozin\n|raw|Alphamx16's rating: 1124 &rarr; <strong>1098<\/strong><br \/>(-26 for losing)\n|raw|Raiozin's rating: 1113 &rarr; <strong>1139<\/strong><br \/>(+26 for winning)\n|l|\u2606Alphamx16\n","uploadtime":1700607304,"views":10,"p1id":"alphamx16","p2id":"raiozin","formatid":"gen9ubers","rating":1098,"private":0,"password":""}