{"id":"gen9ubers-1987918407","p1":"Carrivdom","p2":"SylverOmega","format":"[Gen 9] Ubers","log":"|j|\u2606Carrivdom\n|j|\u2606SylverOmega\n|t:|1699649059\n|gametype|singles\n|player|p1|Carrivdom|170|\n|player|p2|SylverOmega|palmer|\n|teamsize|p1|6\n|teamsize|p2|6\n|gen|9\n|tier|[Gen 9] Ubers\n|rule|Sleep Clause Mod: Limit one foe put to sleep\n|rule|Species Clause: Limit one of each Pok\u00e9mon\n|rule|OHKO Clause: OHKO moves are banned\n|rule|Evasion Items Clause: Evasion items are banned\n|rule|Evasion Moves Clause: Evasion moves are banned\n|rule|Endless Battle Clause: Forcing endless battles is banned\n|rule|HP Percentage Mod: HP is shown in percentages\n|clearpoke\n|poke|p1|Ursaluna-Bloodmoon, M|\n|poke|p1|Ting-Lu|\n|poke|p1|Arceus-Ground|\n|poke|p1|Annihilape, M|\n|poke|p1|Gastrodon, M|\n|poke|p1|Landorus, M|\n|poke|p2|Typhlosion-Hisui, M|\n|poke|p2|Ceruledge, F|\n|poke|p2|Annihilape, F|\n|poke|p2|Giratina|\n|poke|p2|Basculegion, M|\n|poke|p2|Koraidon|\n|teampreview\n|inactive|Battle timer is ON: inactive players will automatically lose when time's up. (requested by SylverOmega)\n|\n|t:|1699649067\n|start\n|switch|p1a: Ting-Lu|Ting-Lu|100\/100\n|switch|p2a: Koraidon|Koraidon|100\/100\n|-weather|SunnyDay|[from] ability: Orichalcum Pulse|[of] p2a: Koraidon\n|-activate|p2a: Koraidon|Orichalcum Pulse|[source]\n|-ability|p1a: Ting-Lu|Vessel of Ruin\n|turn|1\n|c|\u2606Carrivdom|Ok good luck\n|c|\u2606SylverOmega|M\u00e1ndasela a gamora\n|\n|t:|1699649084\n|-terastallize|p2a: Koraidon|Ghost\n|move|p2a: Koraidon|U-turn|p1a: Ting-Lu\n|-supereffective|p1a: Ting-Lu\n|-damage|p1a: Ting-Lu|65\/100\n|\n|t:|1699649091\n|switch|p2a: Typhlosion|Typhlosion-Hisui, M|100\/100|[from] U-turn\n|move|p1a: Ting-Lu|Stealth Rock|p2a: Typhlosion\n|-sidestart|p2: SylverOmega|move: Stealth Rock\n|\n|-weather|SunnyDay|[upkeep]\n|-heal|p1a: Ting-Lu|71\/100|[from] item: Leftovers\n|upkeep\n|turn|2\n|\n|t:|1699649101\n|move|p2a: Typhlosion|Solar Beam||[still]\n|-prepare|p2a: Typhlosion|Solar Beam\n|-anim|p2a: Typhlosion|Solar Beam|p1a: Ting-Lu\n|-supereffective|p1a: Ting-Lu\n|-damage|p1a: Ting-Lu|36\/100\n|move|p1a: Ting-Lu|Earthquake|p2a: Typhlosion\n|-supereffective|p2a: Typhlosion\n|-damage|p2a: Typhlosion|0 fnt\n|faint|p2a: Typhlosion\n|\n|-weather|SunnyDay|[upkeep]\n|-heal|p1a: Ting-Lu|42\/100|[from] item: Leftovers\n|upkeep\n|j| Marco99240202121\n|\n|t:|1699649113\n|switch|p2a: Koraidon|Koraidon, tera:Ghost|100\/100\n|-damage|p2a: Koraidon|88\/100|[from] Stealth Rock\n|-activate|p2a: Koraidon|ability: Orichalcum Pulse\n|turn|3\n|\n|t:|1699649119\n|move|p2a: Koraidon|Collision Course|p1a: Ting-Lu\n|-supereffective|p1a: Ting-Lu\n|-damage|p1a: Ting-Lu|0 fnt\n|faint|p1a: Ting-Lu\n|\n|-weather|SunnyDay|[upkeep]\n|upkeep\n|\n|t:|1699649127\n|switch|p1a: Landorus|Landorus, M|100\/100\n|turn|4\n|\n|t:|1699649135\n|move|p2a: Koraidon|U-turn|p1a: Landorus\n|-resisted|p1a: Landorus\n|-damage|p1a: Landorus|80\/100\n|\n|t:|1699649138\n|switch|p2a: Giratina|Giratina|100\/100|[from] U-turn\n|-damage|p2a: Giratina|88\/100|[from] Stealth Rock\n|-ability|p2a: Giratina|Pressure\n|move|p1a: Landorus|Nasty Plot|p1a: Landorus\n|-boost|p1a: Landorus|spa|2\n|\n|-weather|SunnyDay|[upkeep]\n|-heal|p2a: Giratina|94\/100|[from] item: Leftovers\n|upkeep\n|turn|5\n|\n|t:|1699649160\n|move|p1a: Landorus|Earth Power|p2a: Giratina\n|-damage|p2a: Giratina|19\/100\n|move|p2a: Giratina|Defog|p1a: Landorus\n|-unboost|p1a: Landorus|evasion|1\n|-sideend|p2: SylverOmega|Stealth Rock|[from] move: Defog|[of] p2a: Giratina\n|\n|-weather|none\n|-heal|p2a: Giratina|25\/100|[from] item: Leftovers\n|upkeep\n|turn|6\n|j| guzmfran\n|c| Marco99240202121|\u52aa\u529b\u3059\u308b(esfuerzense)\n|c|\u2606Carrivdom|Grax\n|c|\u2606SylverOmega|xd?\n|\n|t:|1699649185\n|move|p1a: Landorus|Earth Power|p2a: Giratina\n|-damage|p2a: Giratina|0 fnt\n|faint|p2a: Giratina\n|\n|upkeep\n|c| Marco99240202121|Esto tiene que ser una broma\n|\n|t:|1699649192\n|switch|p2a: Koraidon|Koraidon, tera:Ghost|88\/100\n|-weather|SunnyDay|[from] ability: Orichalcum Pulse|[of] p2a: Koraidon\n|-activate|p2a: Koraidon|Orichalcum Pulse|[source]\n|turn|7\n|\n|t:|1699649199\n|move|p2a: Koraidon|Ice Fang|p1a: Landorus\n|-supereffective|p1a: Landorus\n|-damage|p1a: Landorus|0 fnt\n|faint|p1a: Landorus\n|\n|-weather|SunnyDay|[upkeep]\n|upkeep\n|c| Marco99240202121|C\u00f3mo que si la mitad del equipo son legendarios\n|\n|t:|1699649209\n|switch|p1a: Gastrodon|Gastrodon, M|100\/100\n|turn|8\n|c|\u2606SylverOmega|Es ubers xd\n|c| Marco99240202121|-_-\n|\n|t:|1699649221\n|move|p2a: Koraidon|Collision Course|p1a: Gastrodon\n|-damage|p1a: Gastrodon|47\/100\n|move|p1a: Gastrodon|Chilling Water|p2a: Koraidon\n|-damage|p2a: Koraidon|81\/100\n|-unboost|p2a: Koraidon|atk|1\n|\n|-weather|SunnyDay|[upkeep]\n|upkeep\n|turn|9\n|\n|t:|1699649232\n|move|p2a: Koraidon|U-turn|p1a: Gastrodon\n|-damage|p1a: Gastrodon|31\/100\n|\n|t:|1699649235\n|switch|p2a: Annihilape|Annihilape, F|100\/100|[from] U-turn\n|move|p1a: Gastrodon|Recover|p1a: Gastrodon\n|-heal|p1a: Gastrodon|81\/100\n|\n|-weather|SunnyDay|[upkeep]\n|upkeep\n|turn|10\n|\n|t:|1699649248\n|move|p2a: Annihilape|Bulk Up|p2a: Annihilape\n|-boost|p2a: Annihilape|atk|1\n|-boost|p2a: Annihilape|def|1\n|move|p1a: Gastrodon|Recover|p1a: Gastrodon\n|-heal|p1a: Gastrodon|100\/100\n|\n|-weather|SunnyDay|[upkeep]\n|upkeep\n|turn|11\n|c| guzmfran|Ojo silcon el Anihilape lo haces tera\n|\n|t:|1699649261\n|move|p2a: Annihilape|Bulk Up|p2a: Annihilape\n|-boost|p2a: Annihilape|atk|1\n|-boost|p2a: Annihilape|def|1\n|move|p1a: Gastrodon|Earth Power|p2a: Annihilape\n|-damage|p2a: Annihilape|82\/100\n|\n|-weather|none\n|-heal|p2a: Annihilape|88\/100|[from] item: Leftovers\n|upkeep\n|turn|12\n|c| guzmfran|Tan pronto lo saques\n|\n|t:|1699649276\n|move|p2a: Annihilape|Bulk Up|p2a: Annihilape\n|-boost|p2a: Annihilape|atk|1\n|-boost|p2a: Annihilape|def|1\n|move|p1a: Gastrodon|Chilling Water|p2a: Annihilape\n|-damage|p2a: Annihilape|77\/100\n|-unboost|p2a: Annihilape|atk|1\n|-ability|p2a: Annihilape|Defiant|boost\n|-boost|p2a: Annihilape|atk|2\n|\n|-heal|p2a: Annihilape|84\/100|[from] item: Leftovers\n|upkeep\n|turn|13\n|\n|t:|1699649291\n|move|p2a: Annihilape|Bulk Up|p2a: Annihilape\n|-boost|p2a: Annihilape|atk|1\n|-boost|p2a: Annihilape|def|1\n|move|p1a: Gastrodon|Ice Beam|p2a: Annihilape\n|-damage|p2a: Annihilape|72\/100\n|\n|-heal|p2a: Annihilape|78\/100|[from] item: Leftovers\n|upkeep\n|turn|14\n|\n|t:|1699649304\n|move|p2a: Annihilape|Rage Fist|p1a: Gastrodon\n|-damage|p1a: Gastrodon|0 fnt\n|faint|p1a: Gastrodon\n|\n|-heal|p2a: Annihilape|84\/100|[from] item: Leftovers\n|upkeep\n|inactive|Carrivdom has 270 seconds left.\n|\n|t:|1699649331\n|switch|p1a: Arceus|Arceus-Ground|100\/100\n|turn|15\n|c| guzmfran|No clear smug\n|\n|t:|1699649338\n|move|p1a: Arceus|Foul Play|p2a: Annihilape\n|-crit|p2a: Annihilape\n|-damage|p2a: Annihilape|0 fnt\n|faint|p2a: Annihilape\n|\n|upkeep\n|c|\u2606SylverOmega|Fuck\n|c| guzmfran|Jaja\n|c| guzmfran|\ud83d\ude02\ud83d\ude02\n|c|\u2606Carrivdom|Tuve miedo\n|\n|t:|1699649348\n|switch|p2a: Koraidon|Koraidon, tera:Ghost|81\/100\n|-weather|SunnyDay|[from] ability: Orichalcum Pulse|[of] p2a: Koraidon\n|-activate|p2a: Koraidon|Orichalcum Pulse|[source]\n|turn|16\n|inactive|Carrivdom has 270 seconds left.\n|\n|t:|1699649360\n|move|p2a: Koraidon|U-turn|p1a: Arceus\n|-damage|p1a: Arceus|76\/100\n|\n|t:|1699649363\n|switch|p2a: Ceruledge|Ceruledge, F|100\/100|[from] U-turn\n|move|p1a: Arceus|Foul Play|p2a: Ceruledge\n|-supereffective|p2a: Ceruledge\n|-damage|p2a: Ceruledge|29\/100\n|-ability|p2a: Ceruledge|Weak Armor|boost\n|-unboost|p2a: Ceruledge|def|1\n|-boost|p2a: Ceruledge|spe|2\n|\n|-weather|SunnyDay|[upkeep]\n|upkeep\n|turn|17\n|inactive|Carrivdom has 270 seconds left.\n|\n|t:|1699649382\n|move|p2a: Ceruledge|Solar Blade||[still]\n|-prepare|p2a: Ceruledge|Solar Blade\n|-anim|p2a: Ceruledge|Solar Blade|p1a: Arceus\n|-supereffective|p1a: Arceus\n|-crit|p1a: Arceus\n|-damage|p1a: Arceus|0 fnt\n|faint|p1a: Arceus\n|\n|-weather|SunnyDay|[upkeep]\n|upkeep\n|c|\u2606SylverOmega|Gamora esto es por ti\n|inactive|Carrivdom has 270 seconds left.\n|\n|t:|1699649395\n|switch|p1a: 7 palabras|Ursaluna-Bloodmoon, M|100\/100\n|turn|18\n|c| guzmfran|Xd\n|inactive|Carrivdom has 270 seconds left.\n|\n|t:|1699649406\n|move|p2a: Ceruledge|Solar Blade||[still]\n|-prepare|p2a: Ceruledge|Solar Blade\n|-anim|p2a: Ceruledge|Solar Blade|p1a: 7 palabras\n|-supereffective|p1a: 7 palabras\n|-damage|p1a: 7 palabras|39\/100\n|move|p1a: 7 palabras|Earth Power|p2a: Ceruledge\n|-supereffective|p2a: Ceruledge\n|-damage|p2a: Ceruledge|0 fnt\n|faint|p2a: Ceruledge\n|\n|-weather|SunnyDay|[upkeep]\n|-heal|p1a: 7 palabras|45\/100|[from] item: Leftovers\n|upkeep\n|\n|t:|1699649419\n|switch|p2a: Koraidon|Koraidon, tera:Ghost|81\/100\n|-activate|p2a: Koraidon|ability: Orichalcum Pulse\n|turn|19\n|inactive|Carrivdom has 270 seconds left.\n|\n|t:|1699649432\n|switch|p1a: Annihilape|Annihilape, M|100\/100\n|move|p2a: Koraidon|Collision Course|p1a: Annihilape\n|-immune|p1a: Annihilape\n|\n|-weather|SunnyDay|[upkeep]\n|upkeep\n|turn|20\n|inactive|Carrivdom has 270 seconds left.\n|c|\u2606SylverOmega|La Tera\n|\n|t:|1699649447\n|-terastallize|p1a: Annihilape|Ground\n|move|p2a: Koraidon|Collision Course|p1a: Annihilape\n|-damage|p1a: Annihilape|33\/100\n|move|p1a: Annihilape|Rage Fist|p2a: Koraidon\n|-supereffective|p2a: Koraidon\n|-damage|p2a: Koraidon|16\/100\n|\n|-weather|none\n|-heal|p1a: Annihilape|39\/100|[from] item: Leftovers\n|upkeep\n|turn|21\n|c| guzmfran|Si ahora es q lo hace xd\n|c|\u2606Carrivdom|No hay entrado\n|inactive|Carrivdom has 270 seconds left.\n|c| Marco99240202121|._.\n|c|\u2606Carrivdom|Es la primera vez que entra\n|c| Marco99240202121|Para que la tera?\n|\n|t:|1699649467\n|move|p2a: Koraidon|Collision Course|p1a: Annihilape\n|-damage|p1a: Annihilape|0 fnt\n|faint|p1a: Annihilape\n|\n|upkeep\n|c|\u2606SylverOmega|Es obligatorio\n|c|\u2606Carrivdom|Debes hacer ter\u00e1\n|\n|t:|1699649480\n|switch|p1a: 7 palabras|Ursaluna-Bloodmoon, M|45\/100\n|turn|22\n|\n|t:|1699649485\n|move|p2a: Koraidon|Collision Course|p1a: 7 palabras\n|-supereffective|p1a: 7 palabras\n|-damage|p1a: 7 palabras|0 fnt\n|faint|p1a: 7 palabras\n|\n|win|SylverOmega\n|c|\u2606Carrivdom|Y gg\n|c|\u2606SylverOmega|Es bo3?\n","uploadtime":1699649494,"views":10,"p1id":"carrivdom","p2id":"sylveromega","formatid":"gen9ubers","rating":0,"private":0,"password":""}