{"id":"gen9ubers-1978390821","p1":"XpokVEVO","p2":"Kinesquared","format":"[Gen 9] Ubers","log":"|j|\u2606XpokVEVO\n|j|\u2606Kinesquared\n|t:|1698532883\n|gametype|singles\n|player|p1|XpokVEVO|anabel|\n|player|p2|Kinesquared|scientist-gen4dp|\n|teamsize|p1|6\n|teamsize|p2|6\n|gen|9\n|tier|[Gen 9] Ubers\n|rule|Sleep Clause Mod: Limit one foe put to sleep\n|rule|Species Clause: Limit one of each Pok\u00e9mon\n|rule|OHKO Clause: OHKO moves are banned\n|rule|Evasion Items Clause: Evasion items are banned\n|rule|Evasion Moves Clause: Evasion moves are banned\n|rule|Endless Battle Clause: Forcing endless battles is banned\n|rule|HP Percentage Mod: HP is shown in percentages\n|clearpoke\n|poke|p1|Arceus-Fire|\n|poke|p1|Shaymin-Sky|\n|poke|p1|Cyclizar, M|\n|poke|p1|Espathra, F|\n|poke|p1|Magearna|\n|poke|p1|Zacian-*|\n|poke|p2|Magearna|\n|poke|p2|Ursaluna, M|\n|poke|p2|Dialga|\n|poke|p2|Hoopa-Unbound|\n|poke|p2|Cinderace, F|\n|poke|p2|Arceus-Poison|\n|teampreview\n|c|\u2606Kinesquared|yo\n|c|\u2606Kinesquared|gl\n|c|\u2606XpokVEVO|Gl\n|\n|t:|1698532917\n|start\n|switch|p1a: Cyclizar|Cyclizar, M|100\/100\n|switch|p2a: Magearna|Magearna|100\/100\n|turn|1\n|\n|t:|1698532923\n|move|p1a: Cyclizar|Shed Tail|p1a: Cyclizar\n|-start|p1a: Cyclizar|Substitute|[from] move: Shed Tail\n|-damage|p1a: Cyclizar|50\/100\n|\n|t:|1698532944\n|switch|p1a: Ar\u0441eus-Fighting|Arceus-Fire, shiny|100\/100|[from] Shed Tail\n|move|p2a: Magearna|Fleur Cannon|p1a: Ar\u0441eus-Fighting\n|-resisted|p1a: Ar\u0441eus-Fighting\n|-end|p1a: Ar\u0441eus-Fighting|Substitute\n|-unboost|p2a: Magearna|spa|2\n|\n|upkeep\n|turn|2\n|\n|t:|1698532955\n|move|p1a: Ar\u0441eus-Fighting|Dragon Dance|p1a: Ar\u0441eus-Fighting\n|-boost|p1a: Ar\u0441eus-Fighting|atk|1\n|-boost|p1a: Ar\u0441eus-Fighting|spe|1\n|move|p2a: Magearna|Trick Room|p2a: Magearna\n|-fieldstart|move: Trick Room|[of] p2a: Magearna\n|\n|upkeep\n|turn|3\n|\n|t:|1698532962\n|move|p2a: Magearna|Volt Switch|p1a: Ar\u0441eus-Fighting\n|-damage|p1a: Ar\u0441eus-Fighting|93\/100\n|\n|t:|1698532965\n|switch|p2a: Ursaluna|Ursaluna, M|100\/100|[from] Volt Switch\n|move|p1a: Ar\u0441eus-Fighting|Roar|p2a: Ursaluna\n|drag|p2a: Dialga|Dialga|100\/100\n|-ability|p2a: Dialga|Pressure\n|\n|upkeep\n|turn|4\n|\n|t:|1698532974\n|move|p2a: Dialga|Earth Power|p1a: Ar\u0441eus-Fighting\n|-supereffective|p1a: Ar\u0441eus-Fighting\n|-damage|p1a: Ar\u0441eus-Fighting|33\/100\n|move|p1a: Ar\u0441eus-Fighting|Flare Blitz|p2a: Dialga\n|-damage|p2a: Dialga|19\/100\n|-damage|p1a: Ar\u0441eus-Fighting|4\/100|[from] Recoil\n|\n|upkeep\n|turn|5\n|\n|t:|1698532988\n|switch|p1a: Shaymin|Shaymin-Sky, shiny|100\/100\n|move|p2a: Dialga|Flash Cannon|p1a: Shaymin\n|-damage|p1a: Shaymin|34\/100\n|\n|upkeep\n|turn|6\n|\n|t:|1698532997\n|switch|p1a: Ar\u0441eus-Fighting|Arceus-Fire, shiny|4\/100\n|move|p2a: Dialga|Flash Cannon|p1a: Ar\u0441eus-Fighting\n|-resisted|p1a: Ar\u0441eus-Fighting\n|-crit|p1a: Ar\u0441eus-Fighting\n|-damage|p1a: Ar\u0441eus-Fighting|0 fnt\n|faint|p1a: Ar\u0441eus-Fighting\n|\n|-fieldend|move: Trick Room\n|upkeep\n|\n|t:|1698533034\n|switch|p1a: Magearna|Magearna|100\/100\n|turn|7\n|\n|t:|1698533041\n|move|p1a: Magearna|Shift Gear|p1a: Magearna\n|-boost|p1a: Magearna|spe|2\n|-boost|p1a: Magearna|atk|1\n|move|p2a: Dialga|Trick Room|p2a: Dialga\n|-fieldstart|move: Trick Room|[of] p2a: Dialga\n|\n|upkeep\n|turn|8\n|j| Pajoomas!\n|\n|t:|1698533048\n|-terastallize|p1a: Magearna|Water\n|move|p2a: Dialga|Earth Power|p1a: Magearna\n|-crit|p1a: Magearna\n|-damage|p1a: Magearna|41\/100\n|move|p1a: Magearna|Thunder Wave|p2a: Dialga\n|-status|p2a: Dialga|par\n|\n|upkeep\n|turn|9\n|j| Cw1999\n|c|\u2606XpokVEVO|Crit\n|c|\u2606XpokVEVO|Damn it\n|\n|t:|1698533062\n|switch|p1a: Shaymin|Shaymin-Sky, shiny|34\/100\n|move|p2a: Dialga|Draco Meteor|p1a: Shaymin\n|-damage|p1a: Shaymin|0 fnt\n|-unboost|p2a: Dialga|spa|2\n|-enditem|p2a: Dialga|Eject Pack\n|faint|p1a: Shaymin\n|\n|t:|1698533069\n|switch|p2a: Ursaluna|Ursaluna, M|100\/100\n|\n|-status|p2a: Ursaluna|brn|[from] item: Flame Orb\n|upkeep\n|\n|t:|1698533072\n|switch|p1a: Magearna|Magearna, tera:Water|41\/100\n|turn|10\n|c| Pajoomas!|eject pack goes insanely hard\n|c|\u2606Kinesquared|on fast teams ye\n|\n|t:|1698533087\n|move|p2a: Ursaluna|Facade|p1a: Magearna\n|-damage|p1a: Magearna|0 fnt\n|faint|p1a: Magearna\n|\n|-damage|p2a: Ursaluna|94\/100 brn|[from] brn\n|upkeep\n|\n|t:|1698533092\n|switch|p1a: Espathra|Espathra, F|100\/100\n|turn|11\n|c|\u2606XpokVEVO|Did ursaluna just get animated\n|\n|t:|1698533105\n|move|p1a: Espathra|Protect|p1a: Espathra\n|-singleturn|p1a: Espathra|Protect\n|move|p2a: Ursaluna|Facade|p1a: Espathra\n|-activate|p1a: Espathra|move: Protect\n|\n|-damage|p2a: Ursaluna|88\/100 brn|[from] brn\n|-fieldend|move: Trick Room\n|-ability|p1a: Espathra|Speed Boost|boost\n|-boost|p1a: Espathra|spe|1\n|upkeep\n|turn|12\n|c|\u2606Kinesquared|not on my screen\n|\n|t:|1698533115\n|move|p1a: Espathra|Calm Mind|p1a: Espathra\n|-boost|p1a: Espathra|spa|1\n|-boost|p1a: Espathra|spd|1\n|move|p2a: Ursaluna|Facade|p1a: Espathra\n|-enditem|p1a: Espathra|Focus Sash\n|-damage|p1a: Espathra|1\/100\n|\n|-damage|p2a: Ursaluna|82\/100 brn|[from] brn\n|-ability|p1a: Espathra|Speed Boost|boost\n|-boost|p1a: Espathra|spe|1\n|upkeep\n|turn|13\n|\n|t:|1698533126\n|move|p1a: Espathra|Protect|p1a: Espathra\n|-singleturn|p1a: Espathra|Protect\n|move|p2a: Ursaluna|Facade|p1a: Espathra\n|-activate|p1a: Espathra|move: Protect\n|\n|-damage|p2a: Ursaluna|76\/100 brn|[from] brn\n|-ability|p1a: Espathra|Speed Boost|boost\n|-boost|p1a: Espathra|spe|1\n|upkeep\n|turn|14\n|\n|t:|1698533135\n|move|p1a: Espathra|Stored Power|p2a: Ursaluna\n|-damage|p2a: Ursaluna|0 fnt\n|faint|p2a: Ursaluna\n|\n|-ability|p1a: Espathra|Speed Boost|boost\n|-boost|p1a: Espathra|spe|1\n|upkeep\n|\n|t:|1698533141\n|switch|p2a: Cinderace|Cinderace, F|100\/100\n|turn|15\n|\n|t:|1698533146\n|move|p2a: Cinderace|Sucker Punch|p1a: Espathra\n|-start|p2a: Cinderace|typechange|Dark|[from] ability: Libero\n|-supereffective|p1a: Espathra\n|-damage|p1a: Espathra|0 fnt\n|faint|p1a: Espathra\n|\n|upkeep\n|\n|t:|1698533149\n|switch|p1a: Cyclizar|Cyclizar, M|84\/100\n|turn|16\n|\n|t:|1698533156\n|move|p1a: Cyclizar|Shed Tail|p1a: Cyclizar\n|-start|p1a: Cyclizar|Substitute|[from] move: Shed Tail\n|-damage|p1a: Cyclizar|34\/100\n|\n|t:|1698533158\n|switch|p1a: Zacian|Zacian, shiny|100\/100|[from] Shed Tail\n|-ability|p1a: Zacian|Intrepid Sword|boost\n|-boost|p1a: Zacian|atk|1\n|move|p2a: Cinderace|U-turn|p1a: Zacian\n|-resisted|p1a: Zacian\n|-activate|p1a: Zacian|move: Substitute|[damage]\n|\n|t:|1698533165\n|switch|p2a: Magearna|Magearna|100\/100|[from] U-turn\n|\n|upkeep\n|turn|17\n|\n|t:|1698533181\n|move|p1a: Zacian|Close Combat|p2a: Magearna\n|-damage|p2a: Magearna|24\/100\n|-unboost|p1a: Zacian|def|1\n|-unboost|p1a: Zacian|spd|1\n|move|p2a: Magearna|Trick Room|p2a: Magearna\n|-fieldstart|move: Trick Room|[of] p2a: Magearna\n|\n|-heal|p2a: Magearna|30\/100|[from] item: Leftovers\n|upkeep\n|turn|18\n|\n|t:|1698533189\n|move|p2a: Magearna|Volt Switch|p1a: Zacian\n|-end|p1a: Zacian|Substitute\n|\n|t:|1698533192\n|switch|p2a: Dialga|Dialga|19\/100 par|[from] Volt Switch\n|-ability|p2a: Dialga|Pressure\n|move|p1a: Zacian|Close Combat|p2a: Dialga\n|-supereffective|p2a: Dialga\n|-damage|p2a: Dialga|0 fnt\n|-unboost|p1a: Zacian|def|1\n|-unboost|p1a: Zacian|spd|1\n|faint|p2a: Dialga\n|\n|upkeep\n|c| Pajoomas!|can you survive 5 turns in trick room\n|\n|t:|1698533202\n|switch|p2a: Hoopa|Hoopa-Unbound|100\/100\n|turn|19\n|\n|t:|1698533208\n|switch|p1a: Cyclizar|Cyclizar, M|67\/100\n|-terastallize|p2a: Hoopa|Poison\n|move|p2a: Hoopa|Gunk Shot|p1a: Cyclizar\n|-damage|p1a: Cyclizar|0 fnt\n|faint|p1a: Cyclizar\n|\n|upkeep\n|\n|t:|1698533209\n|switch|p1a: Zacian|Zacian, shiny|100\/100\n|turn|20\n|\n|t:|1698533216\n|move|p2a: Hoopa|Gunk Shot|p1a: Zacian\n|-supereffective|p1a: Zacian\n|-damage|p1a: Zacian|0 fnt\n|faint|p1a: Zacian\n|\n|win|Kinesquared\n|c|\u2606Kinesquared|gg\n|l|\u2606XpokVEVO\n","uploadtime":1698533220,"views":15,"p1id":"xpokvevo","p2id":"kinesquared","formatid":"gen9ubers","rating":0,"private":0,"password":""}