{"id":"gen9ubers-1982961877","p1":"SilverSlime","p2":"OUVT Greatest Show","format":"[Gen 9] Ubers","log":"|j|\u2606SilverSlime\n|j|\u2606OUVT Greatest Show\n|t:|1699063618\n|gametype|singles\n|player|p1|SilverSlime|larry|\n|player|p2|OUVT Greatest Show|266|\n|teamsize|p1|6\n|teamsize|p2|6\n|gen|9\n|tier|[Gen 9] Ubers\n|rule|Sleep Clause Mod: Limit one foe put to sleep\n|rule|Species Clause: Limit one of each Pok\u00e9mon\n|rule|OHKO Clause: OHKO moves are banned\n|rule|Evasion Items Clause: Evasion items are banned\n|rule|Evasion Moves Clause: Evasion moves are banned\n|rule|Endless Battle Clause: Forcing endless battles is banned\n|rule|HP Percentage Mod: HP is shown in percentages\n|clearpoke\n|poke|p1|Rayquaza|\n|poke|p1|Giratina-Origin|\n|poke|p1|Landorus, M|\n|poke|p1|Arceus-Steel|\n|poke|p1|Dragapult, F|\n|poke|p1|Klefki, M|\n|poke|p2|Arceus|\n|poke|p2|Giratina-Origin|\n|poke|p2|Landorus, M|\n|poke|p2|Rayquaza|\n|poke|p2|Groudon|\n|poke|p2|Slowking-Galar, M|\n|teampreview\n|inactive|Battle timer is ON: inactive players will automatically lose when time's up. (requested by OUVT Greatest Show)\n|inactive|SilverSlime also wants the timer to be on.\n|\n|t:|1699063633\n|start\n|switch|p1a: Klefki|Klefki, M|100\/100\n|switch|p2a: Groudon|Groudon|100\/100\n|-weather|SunnyDay|[from] ability: Drought|[of] p2a: Groudon\n|turn|1\n|\n|t:|1699063636\n|move|p1a: Klefki|Reflect|p1a: Klefki\n|-sidestart|p1: SilverSlime|Reflect\n|move|p2a: Groudon|Stealth Rock|p1a: Klefki\n|-sidestart|p1: SilverSlime|move: Stealth Rock\n|\n|-weather|SunnyDay|[upkeep]\n|upkeep\n|turn|2\n|\n|t:|1699063641\n|move|p1a: Klefki|Light Screen|p1a: Klefki\n|-sidestart|p1: SilverSlime|move: Light Screen\n|move|p2a: Groudon|Spikes|p1a: Klefki\n|-sidestart|p1: SilverSlime|Spikes\n|\n|-weather|SunnyDay|[upkeep]\n|upkeep\n|turn|3\n|\n|t:|1699063645\n|switch|p1a: Arceus|Arceus-Steel|100\/100\n|-damage|p1a: Arceus|94\/100|[from] Stealth Rock\n|-damage|p1a: Arceus|82\/100|[from] Spikes\n|move|p2a: Groudon|Lava Plume|p1a: Arceus\n|-supereffective|p1a: Arceus\n|-damage|p1a: Arceus|65\/100\n|\n|-weather|SunnyDay|[upkeep]\n|upkeep\n|turn|4\n|\n|t:|1699063651\n|move|p1a: Arceus|Cosmic Power|p1a: Arceus\n|-boost|p1a: Arceus|def|1\n|-boost|p1a: Arceus|spd|1\n|move|p2a: Groudon|Lava Plume|p1a: Arceus\n|-supereffective|p1a: Arceus\n|-damage|p1a: Arceus|52\/100\n|-status|p1a: Arceus|brn\n|\n|-weather|SunnyDay|[upkeep]\n|-damage|p1a: Arceus|46\/100 brn|[from] brn\n|upkeep\n|turn|5\n|\n|t:|1699063655\n|switch|p2a: Landorus|Landorus, M|100\/100\n|move|p1a: Arceus|Cosmic Power|p1a: Arceus\n|-boost|p1a: Arceus|def|1\n|-boost|p1a: Arceus|spd|1\n|\n|-weather|none\n|-damage|p1a: Arceus|40\/100 brn|[from] brn\n|upkeep\n|turn|6\n|\n|t:|1699063659\n|move|p1a: Arceus|Recover|p1a: Arceus\n|-heal|p1a: Arceus|90\/100 brn\n|move|p2a: Landorus|Earth Power|p1a: Arceus\n|-supereffective|p1a: Arceus\n|-damage|p1a: Arceus|65\/100 brn\n|\n|-damage|p1a: Arceus|59\/100 brn|[from] brn\n|upkeep\n|turn|7\n|\n|t:|1699063663\n|move|p1a: Arceus|Cosmic Power|p1a: Arceus\n|-boost|p1a: Arceus|def|1\n|-boost|p1a: Arceus|spd|1\n|move|p2a: Landorus|Earth Power|p1a: Arceus\n|-supereffective|p1a: Arceus\n|-damage|p1a: Arceus|39\/100 brn\n|\n|-damage|p1a: Arceus|32\/100 brn|[from] brn\n|upkeep\n|turn|8\n|\n|t:|1699063666\n|move|p1a: Arceus|Recover|p1a: Arceus\n|-heal|p1a: Arceus|82\/100 brn\n|move|p2a: Landorus|Nasty Plot|p2a: Landorus\n|-boost|p2a: Landorus|spa|2\n|\n|-damage|p1a: Arceus|76\/100 brn|[from] brn\n|-sideend|p1: SilverSlime|Reflect\n|upkeep\n|turn|9\n|\n|t:|1699063674\n|-terastallize|p1a: Arceus|Flying\n|move|p1a: Arceus|Cosmic Power|p1a: Arceus\n|-boost|p1a: Arceus|def|1\n|-boost|p1a: Arceus|spd|1\n|move|p2a: Landorus|Earth Power|p1a: Arceus\n|-immune|p1a: Arceus\n|\n|-damage|p1a: Arceus|70\/100 brn|[from] brn\n|-sideend|p1: SilverSlime|move: Light Screen\n|upkeep\n|turn|10\n|\n|t:|1699063688\n|switch|p2a: Rayquaza|Rayquaza|100\/100\n|-ability|p2a: Rayquaza|Air Lock\n|move|p1a: Arceus|Cosmic Power|p1a: Arceus\n|-boost|p1a: Arceus|def|1\n|-boost|p1a: Arceus|spd|1\n|\n|-damage|p1a: Arceus|64\/100 brn|[from] brn\n|upkeep\n|turn|11\n|\n|t:|1699063697\n|move|p1a: Arceus|Dragon Dance|p1a: Arceus\n|-boost|p1a: Arceus|atk|1\n|-boost|p1a: Arceus|spe|1\n|move|p2a: Rayquaza|Swords Dance|p2a: Rayquaza\n|-boost|p2a: Rayquaza|atk|2\n|\n|-damage|p1a: Arceus|58\/100 brn|[from] brn\n|upkeep\n|turn|12\n|\n|t:|1699063702\n|move|p1a: Arceus|Recover|p1a: Arceus\n|-heal|p1a: Arceus|100\/100 brn\n|move|p2a: Rayquaza|Swords Dance|p2a: Rayquaza\n|-boost|p2a: Rayquaza|atk|2\n|\n|-damage|p1a: Arceus|94\/100 brn|[from] brn\n|upkeep\n|turn|13\n|\n|t:|1699063710\n|move|p1a: Arceus|Dragon Dance|p1a: Arceus\n|-boost|p1a: Arceus|atk|1\n|-boost|p1a: Arceus|spe|1\n|move|p2a: Rayquaza|Swords Dance|p2a: Rayquaza\n|-boost|p2a: Rayquaza|atk|2\n|\n|-damage|p1a: Arceus|88\/100 brn|[from] brn\n|upkeep\n|turn|14\n|\n|t:|1699063714\n|move|p1a: Arceus|Iron Head|p2a: Rayquaza\n|-crit|p2a: Rayquaza\n|-damage|p2a: Rayquaza|39\/100\n|move|p2a: Rayquaza|Dragon Ascent|p1a: Arceus\n|-damage|p1a: Arceus|40\/100 brn\n|-unboost|p2a: Rayquaza|def|1\n|-unboost|p2a: Rayquaza|spd|1\n|\n|-damage|p1a: Arceus|34\/100 brn|[from] brn\n|upkeep\n|turn|15\n|\n|t:|1699063723\n|move|p2a: Rayquaza|Extreme Speed|p1a: Arceus\n|-damage|p1a: Arceus|13\/100 brn\n|move|p1a: Arceus|Iron Head|p2a: Rayquaza\n|-damage|p2a: Rayquaza|0 fnt\n|faint|p2a: Rayquaza\n|\n|-damage|p1a: Arceus|7\/100 brn|[from] brn\n|upkeep\n|\n|t:|1699063734\n|switch|p2a: Giratina|Giratina-Origin|100\/100\n|turn|16\n|\n|t:|1699063737\n|move|p1a: Arceus|Recover|p1a: Arceus\n|-heal|p1a: Arceus|57\/100 brn\n|move|p2a: Giratina|Hex|p1a: Arceus\n|-damage|p1a: Arceus|39\/100 brn\n|\n|-damage|p1a: Arceus|33\/100 brn|[from] brn\n|upkeep\n|turn|17\n|\n|t:|1699063741\n|move|p1a: Arceus|Recover|p1a: Arceus\n|-heal|p1a: Arceus|83\/100 brn\n|move|p2a: Giratina|Hex|p1a: Arceus\n|-damage|p1a: Arceus|69\/100 brn\n|\n|-damage|p1a: Arceus|62\/100 brn|[from] brn\n|upkeep\n|turn|18\n|c|\u2606OUVT Greatest Show|crit\n|c|\u2606OUVT Greatest Show|cmon\n|c|\u2606OUVT Greatest Show|you can do it\n|\n|t:|1699063750\n|move|p1a: Arceus|Iron Head|p2a: Giratina\n|-damage|p2a: Giratina|76\/100\n|move|p2a: Giratina|Hex|p1a: Arceus\n|-damage|p1a: Arceus|45\/100 brn\n|\n|-damage|p1a: Arceus|39\/100 brn|[from] brn\n|upkeep\n|turn|19\n|\n|t:|1699063757\n|move|p1a: Arceus|Iron Head|p2a: Giratina\n|-damage|p2a: Giratina|51\/100\n|cant|p2a: Giratina|flinch\n|\n|-damage|p1a: Arceus|33\/100 brn|[from] brn\n|upkeep\n|turn|20\n|\n|t:|1699063763\n|move|p1a: Arceus|Iron Head|p2a: Giratina\n|-damage|p2a: Giratina|26\/100\n|move|p2a: Giratina|Hex|p1a: Arceus\n|-damage|p1a: Arceus|16\/100 brn\n|\n|-damage|p1a: Arceus|10\/100 brn|[from] brn\n|upkeep\n|turn|21\n|\n|t:|1699063767\n|move|p1a: Arceus|Recover|p1a: Arceus\n|-heal|p1a: Arceus|60\/100 brn\n|move|p2a: Giratina|Pain Split|p1a: Arceus\n|-sethp|p1a: Arceus|44\/100 brn|[from] move: Pain Split|[silent]\n|-sethp|p2a: Giratina|39\/100|[from] move: Pain Split\n|\n|-damage|p1a: Arceus|38\/100 brn|[from] brn\n|upkeep\n|turn|22\n|\n|t:|1699063773\n|move|p1a: Arceus|Dragon Dance|p1a: Arceus\n|-boost|p1a: Arceus|atk|1\n|-boost|p1a: Arceus|spe|1\n|move|p2a: Giratina|Hex|p1a: Arceus\n|-damage|p1a: Arceus|22\/100 brn\n|\n|-damage|p1a: Arceus|16\/100 brn|[from] brn\n|upkeep\n|turn|23\n|\n|t:|1699063777\n|move|p1a: Arceus|Recover|p1a: Arceus\n|-heal|p1a: Arceus|66\/100 brn\n|move|p2a: Giratina|Hex|p1a: Arceus\n|-damage|p1a: Arceus|50\/100 brn\n|\n|-damage|p1a: Arceus|44\/100 brn|[from] brn\n|upkeep\n|turn|24\n|\n|t:|1699063779\n|move|p1a: Arceus|Iron Head|p2a: Giratina\n|-damage|p2a: Giratina|6\/100\n|move|p2a: Giratina|Pain Split|p1a: Arceus\n|-sethp|p1a: Arceus|25\/100 brn|[from] move: Pain Split|[silent]\n|-sethp|p2a: Giratina|23\/100|[from] move: Pain Split\n|\n|-damage|p1a: Arceus|19\/100 brn|[from] brn\n|upkeep\n|turn|25\n|\n|t:|1699063783\n|move|p1a: Arceus|Iron Head|p2a: Giratina\n|-damage|p2a: Giratina|0 fnt\n|faint|p2a: Giratina\n|\n|-damage|p1a: Arceus|13\/100 brn|[from] brn\n|upkeep\n|\n|t:|1699063789\n|switch|p2a: Arceus|Arceus|100\/100\n|turn|26\n|\n|t:|1699063793\n|move|p1a: Arceus|Recover|p1a: Arceus\n|-heal|p1a: Arceus|63\/100 brn\n|move|p2a: Arceus|Swords Dance|p2a: Arceus\n|-boost|p2a: Arceus|atk|2\n|\n|-damage|p1a: Arceus|57\/100 brn|[from] brn\n|upkeep\n|turn|27\n|\n|t:|1699063797\n|move|p2a: Arceus|Extreme Speed|p1a: Arceus\n|-damage|p1a: Arceus|41\/100 brn\n|move|p1a: Arceus|Iron Head|p2a: Arceus\n|-damage|p2a: Arceus|68\/100\n|\n|-damage|p1a: Arceus|35\/100 brn|[from] brn\n|upkeep\n|turn|28\n|\n|t:|1699063802\n|move|p1a: Arceus|Iron Head|p2a: Arceus\n|-damage|p2a: Arceus|38\/100\n|move|p2a: Arceus|Recover|p2a: Arceus\n|-heal|p2a: Arceus|88\/100\n|\n|-damage|p1a: Arceus|29\/100 brn|[from] brn\n|upkeep\n|turn|29\n|\n|t:|1699063804\n|move|p2a: Arceus|Extreme Speed|p1a: Arceus\n|-damage|p1a: Arceus|12\/100 brn\n|move|p1a: Arceus|Iron Head|p2a: Arceus\n|-damage|p2a: Arceus|56\/100\n|\n|-damage|p1a: Arceus|6\/100 brn|[from] brn\n|upkeep\n|turn|30\n|\n|t:|1699063808\n|move|p2a: Arceus|Extreme Speed|p1a: Arceus\n|-damage|p1a: Arceus|0 fnt\n|faint|p1a: Arceus\n|\n|upkeep\n|\n|t:|1699063811\n|switch|p1a: Klefki|Klefki, M|100\/100\n|-damage|p1a: Klefki|95\/100|[from] Stealth Rock\n|-damage|p1a: Klefki|82\/100|[from] Spikes\n|turn|31\n|\n|t:|1699063817\n|switch|p2a: Landorus|Landorus, M|100\/100\n|move|p1a: Klefki|Thunder Wave|p2a: Landorus\n|-immune|p2a: Landorus\n|\n|upkeep\n|turn|32\n|\n|t:|1699063821\n|move|p1a: Klefki|Light Screen|p1a: Klefki\n|-sidestart|p1: SilverSlime|move: Light Screen\n|move|p2a: Landorus|Nasty Plot|p2a: Landorus\n|-boost|p2a: Landorus|spa|2\n|\n|upkeep\n|turn|33\n|\n|t:|1699063824\n|move|p1a: Klefki|Reflect|p1a: Klefki\n|-sidestart|p1: SilverSlime|Reflect\n|move|p2a: Landorus|Earth Power|p1a: Klefki\n|-supereffective|p1a: Klefki\n|-damage|p1a: Klefki|0 fnt\n|faint|p1a: Klefki\n|\n|upkeep\n|\n|t:|1699063835\n|switch|p1a: Rayquaza|Rayquaza|100\/100\n|-damage|p1a: Rayquaza|76\/100|[from] Stealth Rock\n|-ability|p1a: Rayquaza|Air Lock\n|turn|34\n|\n|t:|1699063842\n|switch|p2a: Groudon|Groudon|100\/100\n|-weather|SunnyDay|[from] ability: Drought|[of] p2a: Groudon\n|move|p1a: Rayquaza|Outrage|p2a: Groudon\n|-damage|p2a: Groudon|54\/100\n|\n|-weather|SunnyDay|[upkeep]\n|-heal|p2a: Groudon|60\/100|[from] item: Leftovers\n|upkeep\n|turn|35\n|\n|t:|1699063846\n|move|p1a: Rayquaza|Outrage|p2a: Groudon|[from]lockedmove\n|-damage|p2a: Groudon|13\/100\n|-start|p1a: Rayquaza|confusion|[fatigue]\n|move|p2a: Groudon|Will-O-Wisp|p1a: Rayquaza\n|-status|p1a: Rayquaza|brn\n|\n|-weather|SunnyDay|[upkeep]\n|-heal|p2a: Groudon|19\/100|[from] item: Leftovers\n|-damage|p1a: Rayquaza|70\/100 brn|[from] brn\n|upkeep\n|turn|36\n|\n|t:|1699063854\n|switch|p1a: Giratina|Giratina-Origin|100\/100\n|-damage|p1a: Giratina|88\/100|[from] Stealth Rock\n|switch|p2a: Slowking|Slowking-Galar, M|100\/100\n|\n|-weather|SunnyDay|[upkeep]\n|upkeep\n|turn|37\n|\n|t:|1699063858\n|move|p1a: Giratina|Thunder Wave|p2a: Slowking\n|-status|p2a: Slowking|par\n|move|p2a: Slowking|Yawn|p1a: Giratina\n|-start|p1a: Giratina|move: Yawn|[of] p2a: Slowking\n|\n|-weather|SunnyDay|[upkeep]\n|upkeep\n|turn|38\n|\n|t:|1699063862\n|switch|p1a: Landorus|Landorus, M|100\/100\n|-damage|p1a: Landorus|88\/100|[from] Stealth Rock\n|move|p2a: Slowking|Chilly Reception|p2a: Slowking\n|-weather|Snow\n|\n|t:|1699063869\n|switch|p2a: Arceus|Arceus|56\/100|[from] Chilly Reception\n|\n|-weather|Snow|[upkeep]\n|upkeep\n|turn|39\n|\n|t:|1699063873\n|move|p1a: Landorus|Earth Power|p2a: Arceus\n|-damage|p2a: Arceus|5\/100\n|move|p2a: Arceus|Recover|p2a: Arceus\n|-heal|p2a: Arceus|55\/100\n|\n|-weather|Snow|[upkeep]\n|-sideend|p1: SilverSlime|move: Light Screen\n|upkeep\n|turn|40\n|\n|t:|1699063880\n|switch|p2a: Landorus|Landorus, M|100\/100\n|move|p1a: Landorus|Focus Blast|p2a: Landorus|[miss]\n|-miss|p1a: Landorus|p2a: Landorus\n|\n|-weather|Snow|[upkeep]\n|-sideend|p1: SilverSlime|Reflect\n|upkeep\n|turn|41\n|\n|t:|1699063885\n|move|p2a: Landorus|Grass Knot|p1a: Landorus\n|-damage|p1a: Landorus|44\/100\n|-damage|p2a: Landorus|91\/100|[from] item: Life Orb\n|move|p1a: Landorus|Psychic|p2a: Landorus\n|-damage|p2a: Landorus|33\/100\n|\n|-weather|Snow|[upkeep]\n|upkeep\n|turn|42\n|\n|t:|1699063892\n|switch|p1a: Giratina|Giratina-Origin|88\/100\n|-damage|p1a: Giratina|76\/100|[from] Stealth Rock\n|move|p2a: Landorus|Grass Knot|p1a: Giratina\n|-resisted|p1a: Giratina\n|-damage|p1a: Giratina|58\/100\n|-damage|p2a: Landorus|24\/100|[from] item: Life Orb\n|\n|-weather|none\n|upkeep\n|turn|43\n|\n|t:|1699063902\n|switch|p2a: Arceus|Arceus|55\/100\n|move|p1a: Giratina|Defog|p2a: Arceus\n|-unboost|p2a: Arceus|evasion|1\n|-sideend|p1: SilverSlime|Spikes|[from] move: Defog|[of] p1a: Giratina\n|-sideend|p1: SilverSlime|Stealth Rock|[from] move: Defog|[of] p1a: Giratina\n|\n|upkeep\n|turn|44\n|\n|t:|1699063907\n|move|p2a: Arceus|Swords Dance|p2a: Arceus\n|-boost|p2a: Arceus|atk|2\n|move|p1a: Giratina|Draco Meteor|p2a: Arceus\n|-damage|p2a: Arceus|5\/100\n|-unboost|p1a: Giratina|spa|2\n|\n|upkeep\n|turn|45\n|\n|t:|1699063910\n|move|p2a: Arceus|Recover|p2a: Arceus\n|-heal|p2a: Arceus|55\/100\n|move|p1a: Giratina|Thunder Wave|p2a: Arceus\n|-status|p2a: Arceus|par\n|\n|upkeep\n|turn|46\n|\n|t:|1699063915\n|move|p1a: Giratina|Draco Meteor|p2a: Arceus\n|-damage|p2a: Arceus|27\/100 par\n|-unboost|p1a: Giratina|spa|2\n|move|p2a: Arceus|Recover|p2a: Arceus\n|-heal|p2a: Arceus|77\/100 par\n|\n|upkeep\n|turn|47\n|\n|t:|1699063919\n|switch|p1a: Landorus|Landorus, M|44\/100\n|move|p2a: Arceus|Shadow Claw|p1a: Landorus\n|-damage|p1a: Landorus|0 fnt\n|faint|p1a: Landorus\n|\n|upkeep\n|\n|t:|1699063931\n|switch|p1a: Giratina|Giratina-Origin|58\/100\n|turn|48\n|\n|t:|1699063942\n|move|p1a: Giratina|Draco Meteor|p2a: Arceus\n|-damage|p2a: Arceus|25\/100 par\n|-unboost|p1a: Giratina|spa|2\n|move|p2a: Arceus|Recover|p2a: Arceus\n|-heal|p2a: Arceus|75\/100 par\n|\n|upkeep\n|turn|49\n|\n|t:|1699063948\n|move|p1a: Giratina|Draco Meteor|p2a: Arceus\n|-damage|p2a: Arceus|46\/100 par\n|-unboost|p1a: Giratina|spa|2\n|move|p2a: Arceus|Shadow Claw|p1a: Giratina\n|-supereffective|p1a: Giratina\n|-damage|p1a: Giratina|0 fnt\n|faint|p1a: Giratina\n|\n|upkeep\n|\n|t:|1699063951\n|switch|p1a: Dragapult|Dragapult, F|100\/100\n|turn|50\n|\n|t:|1699063961\n|switch|p2a: Landorus|Landorus, M|24\/100\n|move|p1a: Dragapult|Draco Meteor|p2a: Landorus\n|-damage|p2a: Landorus|0 fnt\n|-unboost|p1a: Dragapult|spa|2\n|faint|p2a: Landorus\n|\n|upkeep\n|\n|t:|1699063963\n|switch|p2a: Arceus|Arceus|46\/100 par\n|turn|51\n|\n|t:|1699063967\n|switch|p1a: Rayquaza|Rayquaza|70\/100 brn\n|-ability|p1a: Rayquaza|Air Lock\n|move|p2a: Arceus|Recover|p2a: Arceus\n|-heal|p2a: Arceus|96\/100 par\n|\n|-damage|p1a: Rayquaza|64\/100 brn|[from] brn\n|upkeep\n|turn|52\n|\n|t:|1699063970\n|move|p1a: Rayquaza|Outrage|p2a: Arceus\n|-damage|p2a: Arceus|71\/100 par\n|cant|p2a: Arceus|par\n|\n|-damage|p1a: Rayquaza|58\/100 brn|[from] brn\n|upkeep\n|turn|53\n|\n|t:|1699063976\n|move|p1a: Rayquaza|Outrage|p2a: Arceus|[from]lockedmove\n|-damage|p2a: Arceus|46\/100 par\n|-start|p1a: Rayquaza|confusion|[fatigue]\n|move|p2a: Arceus|Recover|p2a: Arceus\n|-heal|p2a: Arceus|96\/100 par\n|\n|-damage|p1a: Rayquaza|52\/100 brn|[from] brn\n|upkeep\n|turn|54\n|\n|t:|1699063979\n|-activate|p1a: Rayquaza|confusion\n|move|p1a: Rayquaza|Outrage|p2a: Arceus\n|-damage|p2a: Arceus|72\/100 par\n|cant|p2a: Arceus|par\n|\n|-damage|p1a: Rayquaza|46\/100 brn|[from] brn\n|upkeep\n|turn|55\n|\n|t:|1699063982\n|-activate|p1a: Rayquaza|confusion\n|move|p1a: Rayquaza|Outrage|p2a: Arceus|[from]lockedmove\n|-damage|p2a: Arceus|49\/100 par\n|move|p2a: Arceus|Swords Dance|p2a: Arceus\n|-boost|p2a: Arceus|atk|2\n|\n|-damage|p1a: Rayquaza|40\/100 brn|[from] brn\n|upkeep\n|turn|56\n|\n|t:|1699063986\n|-end|p1a: Rayquaza|confusion\n|move|p1a: Rayquaza|Outrage|p2a: Arceus|[from]lockedmove\n|-damage|p2a: Arceus|25\/100 par\n|-start|p1a: Rayquaza|confusion|[fatigue]\n|move|p2a: Arceus|Recover|p2a: Arceus\n|-heal|p2a: Arceus|75\/100 par\n|\n|-damage|p1a: Rayquaza|34\/100 brn|[from] brn\n|upkeep\n|turn|57\n|\n|t:|1699063990\n|move|p2a: Arceus|Extreme Speed|p1a: Rayquaza\n|-damage|p1a: Rayquaza|0 fnt\n|faint|p1a: Rayquaza\n|\n|upkeep\n|\n|t:|1699063993\n|switch|p1a: Dragapult|Dragapult, F|100\/100\n|turn|58\n|c|\u2606OUVT Greatest Show|gg\n|\n|t:|1699064002\n|move|p1a: Dragapult|Draco Meteor|p2a: Arceus\n|-damage|p2a: Arceus|23\/100 par\n|-unboost|p1a: Dragapult|spa|2\n|move|p2a: Arceus|Shadow Claw|p1a: Dragapult\n|-supereffective|p1a: Dragapult\n|-damage|p1a: Dragapult|0 fnt\n|faint|p1a: Dragapult\n|\n|win|OUVT Greatest Show\n","uploadtime":1699064006,"views":18,"p1id":"silverslime","p2id":"ouvtgreatestshow","formatid":"gen9ubers","rating":0,"private":0,"password":""}