{"id":"gen9ubers-1986594426","p1":"Vandenta","p2":"Seior","format":"[Gen 9] Ubers","log":"|j|\u2606Vandenta\n|j|\u2606Seior\n|t:|1699495812\n|gametype|singles\n|player|p1|Vandenta|102|\n|player|p2|Seior|carmine|\n|teamsize|p1|6\n|teamsize|p2|6\n|gen|9\n|tier|[Gen 9] Ubers\n|rule|Sleep Clause Mod: Limit one foe put to sleep\n|rule|Species Clause: Limit one of each Pok\u00e9mon\n|rule|OHKO Clause: OHKO moves are banned\n|rule|Evasion Items Clause: Evasion items are banned\n|rule|Evasion Moves Clause: Evasion moves are banned\n|rule|Endless Battle Clause: Forcing endless battles is banned\n|rule|HP Percentage Mod: HP is shown in percentages\n|clearpoke\n|poke|p1|Slowking-Galar, F|\n|poke|p1|Hoopa|\n|poke|p1|Baxcalibur, M|\n|poke|p1|Lucario, F|\n|poke|p1|Milotic, F|\n|poke|p1|Donphan, F|\n|poke|p2|Ninetales-Alola, F|\n|poke|p2|Zamazenta-*|\n|poke|p2|Braviary-Hisui, M|\n|poke|p2|Ogerpon, F|\n|poke|p2|Houndoom, M|\n|poke|p2|Quaquaval, M|\n|teampreview\n|j| BPLD\n|j| PorygonTheBot\n|c| PorygonTheBot|y'all are stupid\n|j| Swagadile\n|j| zLayton\n|\n|t:|1699495884\n|start\n|switch|p1a: Slowking|Slowking-Galar, F|100\/100\n|switch|p2a: Houndoom|Houndoom, M|100\/100\n|turn|1\n|\n|t:|1699495930\n|move|p2a: Houndoom|Taunt|p1a: Slowking\n|-start|p1a: Slowking|move: Taunt\n|cant|p1a: Slowking|move: Taunt|Trick Room\n|\n|upkeep\n|turn|2\n|\n|t:|1699496035\n|switch|p1a: Milotic|Milotic, F|100\/100\n|move|p2a: Houndoom|Dark Pulse|p1a: Milotic\n|-damage|p1a: Milotic|74\/100\n|\n|-heal|p1a: Milotic|80\/100|[from] item: Leftovers\n|upkeep\n|turn|3\n|\n|t:|1699496046\n|move|p2a: Houndoom|Toxic|p1a: Milotic\n|-status|p1a: Milotic|tox\n|move|p1a: Milotic|Ice Beam|p2a: Houndoom\n|-resisted|p2a: Houndoom\n|-damage|p2a: Houndoom|85\/100\n|\n|-heal|p1a: Milotic|86\/100 tox|[from] item: Leftovers\n|-damage|p1a: Milotic|80\/100 tox|[from] psn\n|upkeep\n|turn|4\n|\n|t:|1699496095\n|switch|p2a: Ninetales|Ninetales-Alola, F|100\/100\n|-weather|Snow|[from] ability: Snow Warning|[of] p2a: Ninetales\n|switch|p1a: Slowking|Slowking-Galar, F|100\/100\n|\n|-weather|Snow|[upkeep]\n|upkeep\n|turn|5\n|\n|t:|1699496114\n|move|p2a: Ninetales|Aurora Veil|p2a: Ninetales\n|-sidestart|p2: Seior|move: Aurora Veil\n|move|p1a: Slowking|Trick Room|p1a: Slowking\n|-fieldstart|move: Trick Room|[of] p1a: Slowking\n|\n|-weather|Snow|[upkeep]\n|upkeep\n|turn|6\n|\n|t:|1699496182\n|switch|p2a: Quaquaval|Quaquaval, M|100\/100\n|move|p1a: Slowking|Chilly Reception|p1a: Slowking\n|\n|t:|1699496196\n|switch|p1a: Hoopa|Hoopa|100\/100|[from] Chilly Reception\n|\n|-weather|Snow|[upkeep]\n|upkeep\n|turn|7\n|\n|t:|1699496236\n|switch|p2a: Ninetales|Ninetales-Alola, F|100\/100\n|-terastallize|p1a: Hoopa|Fairy\n|move|p1a: Hoopa|Substitute|p1a: Hoopa\n|-start|p1a: Hoopa|Substitute\n|-damage|p1a: Hoopa|75\/100\n|\n|-weather|Snow|[upkeep]\n|-heal|p1a: Hoopa|82\/100|[from] item: Leftovers\n|upkeep\n|turn|8\n|\n|t:|1699496273\n|move|p1a: Hoopa|Tera Blast|p2a: Ninetales|[anim] Tera Blast Fairy\n|-damage|p2a: Ninetales|74\/100\n|move|p2a: Ninetales|Moonblast|p1a: Hoopa\n|-activate|p1a: Hoopa|move: Substitute|[damage]\n|\n|-weather|none\n|-heal|p1a: Hoopa|88\/100|[from] item: Leftovers\n|upkeep\n|turn|9\n|\n|t:|1699496280\n|move|p1a: Hoopa|Shadow Ball|p2a: Ninetales\n|-damage|p2a: Ninetales|49\/100\n|move|p2a: Ninetales|Moonblast|p1a: Hoopa\n|-end|p1a: Hoopa|Substitute\n|\n|-heal|p1a: Hoopa|94\/100|[from] item: Leftovers\n|-fieldend|move: Trick Room\n|upkeep\n|turn|10\n|\n|t:|1699496288\n|move|p2a: Ninetales|Encore|p1a: Hoopa\n|-start|p1a: Hoopa|Encore\n|move|p1a: Hoopa|Shadow Ball|p2a: Ninetales\n|-damage|p2a: Ninetales|23\/100\n|\n|-heal|p1a: Hoopa|99\/100|[from] item: Leftovers\n|upkeep\n|turn|11\n|\n|t:|1699496323\n|switch|p2a: Houndoom|Houndoom, M|85\/100\n|switch|p1a: Milotic|Milotic, F|80\/100 tox\n|\n|-heal|p1a: Milotic|86\/100 tox|[from] item: Leftovers\n|-damage|p1a: Milotic|80\/100 tox|[from] psn\n|upkeep\n|turn|12\n|\n|t:|1699496347\n|move|p2a: Houndoom|Dark Pulse|p1a: Milotic\n|-damage|p1a: Milotic|57\/100 tox\n|move|p1a: Milotic|Scald|p2a: Houndoom\n|-supereffective|p2a: Houndoom\n|-damage|p2a: Houndoom|49\/100\n|\n|-heal|p1a: Milotic|63\/100 tox|[from] item: Leftovers\n|-damage|p1a: Milotic|51\/100 tox|[from] psn\n|-sideend|p2: Seior|move: Aurora Veil\n|upkeep\n|turn|13\n|\n|t:|1699496362\n|switch|p2a: Ogerpon|Ogerpon, F|100\/100\n|switch|p1a: Lucario|Lucario, F|100\/100\n|\n|upkeep\n|turn|14\n|\n|t:|1699496377\n|move|p2a: Ogerpon|U-turn|p1a: Lucario\n|-resisted|p1a: Lucario\n|-damage|p1a: Lucario|89\/100\n|\n|t:|1699496458\n|switch|p2a: Quaquaval|Quaquaval, M|100\/100|[from] U-turn\n|move|p1a: Lucario|Close Combat|p2a: Quaquaval\n|-damage|p2a: Quaquaval|42\/100\n|-unboost|p1a: Lucario|def|1\n|-unboost|p1a: Lucario|spd|1\n|\n|upkeep\n|turn|15\n|l| Swagadile\n|j| Swagadile\n|\n|t:|1699496526\n|switch|p1a: Milotic|Milotic, F|51\/100 tox\n|move|p2a: Quaquaval|Flip Turn|p1a: Milotic\n|-resisted|p1a: Milotic\n|-damage|p1a: Milotic|45\/100 tox\n|\n|t:|1699496589\n|switch|p2a: Zamazenta|Zamazenta-Crowned|100\/100|[from] Flip Turn\n|-ability|p2a: Zamazenta|Dauntless Shield|boost\n|-boost|p2a: Zamazenta|def|1\n|\n|-heal|p1a: Milotic|52\/100 tox|[from] item: Leftovers\n|-damage|p1a: Milotic|45\/100 tox|[from] psn\n|upkeep\n|turn|16\n|\n|t:|1699496598\n|move|p2a: Zamazenta|Body Press|p1a: Milotic\n|-damage|p1a: Milotic|15\/100 tox\n|move|p1a: Milotic|Recover|p1a: Milotic\n|-heal|p1a: Milotic|65\/100 tox\n|\n|-heal|p1a: Milotic|72\/100 tox|[from] item: Leftovers\n|-damage|p1a: Milotic|59\/100 tox|[from] psn\n|upkeep\n|turn|17\n|\n|t:|1699496662\n|move|p2a: Zamazenta|Substitute|p2a: Zamazenta\n|-start|p2a: Zamazenta|Substitute\n|-damage|p2a: Zamazenta|75\/100\n|move|p1a: Milotic|Haze|p1a: Milotic\n|-clearallboost\n|\n|-heal|p1a: Milotic|65\/100 tox|[from] item: Leftovers\n|-damage|p1a: Milotic|47\/100 tox|[from] psn\n|upkeep\n|turn|18\n|\n|t:|1699496683\n|switch|p1a: Slowking|Slowking-Galar, F|100\/100\n|move|p2a: Zamazenta|Crunch|p1a: Slowking\n|-supereffective|p1a: Slowking\n|-damage|p1a: Slowking|48\/100\n|-unboost|p1a: Slowking|def|1\n|\n|-heal|p1a: Slowking|54\/100|[from] item: Black Sludge\n|upkeep\n|turn|19\n|\n|t:|1699496703\n|switch|p1a: Donphan|Donphan, F|100\/100\n|move|p2a: Zamazenta|Crunch|p1a: Donphan\n|-damage|p1a: Donphan|78\/100\n|-damage|p2a: Zamazenta|59\/100|[from] item: Rocky Helmet|[of] p1a: Donphan\n|\n|upkeep\n|turn|20\n|\n|t:|1699496736\n|move|p2a: Zamazenta|Heavy Slam|p1a: Donphan\n|-damage|p1a: Donphan|25\/100\n|-damage|p2a: Zamazenta|42\/100|[from] item: Rocky Helmet|[of] p1a: Donphan\n|move|p1a: Donphan|Earthquake|p2a: Zamazenta\n|-supereffective|p2a: Zamazenta\n|-end|p2a: Zamazenta|Substitute\n|\n|upkeep\n|turn|21\n|\n|t:|1699496769\n|move|p2a: Zamazenta|Heavy Slam|p1a: Donphan\n|-damage|p1a: Donphan|0 fnt\n|-damage|p2a: Zamazenta|26\/100|[from] item: Rocky Helmet|[of] p1a: Donphan\n|faint|p1a: Donphan\n|\n|upkeep\n|\n|t:|1699496787\n|switch|p1a: Lucario|Lucario, F|89\/100\n|turn|22\n|\n|t:|1699496804\n|move|p1a: Lucario|Vacuum Wave|p2a: Zamazenta\n|-supereffective|p2a: Zamazenta\n|-damage|p2a: Zamazenta|4\/100\n|move|p2a: Zamazenta|Body Press|p1a: Lucario\n|-supereffective|p1a: Lucario\n|-damage|p1a: Lucario|0 fnt\n|faint|p1a: Lucario\n|\n|upkeep\n|j| bsball8806\n|\n|t:|1699496822\n|switch|p1a: Baxcalibur|Baxcalibur, M|100\/100\n|turn|23\n|\n|t:|1699496850\n|move|p1a: Baxcalibur|Ice Shard|p2a: Zamazenta\n|-resisted|p2a: Zamazenta\n|-damage|p2a: Zamazenta|0 fnt\n|faint|p2a: Zamazenta\n|\n|upkeep\n|\n|t:|1699496910\n|switch|p2a: Ninetales|Ninetales-Alola, F|23\/100\n|-weather|Snow|[from] ability: Snow Warning|[of] p2a: Ninetales\n|turn|24\n|\n|t:|1699496946\n|switch|p2a: Houndoom|Houndoom, M|49\/100\n|switch|p1a: Slowking|Slowking-Galar, F|87\/100\n|\n|-weather|Snow|[upkeep]\n|-heal|p1a: Slowking|93\/100|[from] item: Black Sludge\n|upkeep\n|turn|25\n|\n|t:|1699496981\n|move|p2a: Houndoom|Taunt|p1a: Slowking\n|-start|p1a: Slowking|move: Taunt\n|cant|p1a: Slowking|move: Taunt|Trick Room\n|\n|-weather|Snow|[upkeep]\n|-heal|p1a: Slowking|99\/100|[from] item: Black Sludge\n|upkeep\n|turn|26\n|l| bsball8806\n|\n|t:|1699497097\n|move|p2a: Houndoom|Dark Pulse|p1a: Slowking\n|-supereffective|p1a: Slowking\n|-damage|p1a: Slowking|41\/100\n|move|p1a: Slowking|Sludge Bomb|p2a: Houndoom\n|-damage|p2a: Houndoom|0 fnt\n|faint|p2a: Houndoom\n|\n|-weather|Snow|[upkeep]\n|-heal|p1a: Slowking|47\/100|[from] item: Black Sludge\n|upkeep\n|j| bsball8806\n|j| MonkeyManStan\n|l| MonkeyManStan\n|\n|t:|1699497163\n|switch|p2a: Braviary|Braviary-Hisui, M|100\/100\n|turn|27\n|\n|t:|1699497175\n|switch|p1a: Milotic|Milotic, F|47\/100 tox\n|move|p2a: Braviary|Substitute|p2a: Braviary\n|-start|p2a: Braviary|Substitute\n|-damage|p2a: Braviary|76\/100\n|\n|-weather|Snow|[upkeep]\n|-heal|p1a: Milotic|53\/100 tox|[from] item: Leftovers\n|-damage|p1a: Milotic|47\/100 tox|[from] psn\n|upkeep\n|turn|28\n|\n|t:|1699497188\n|move|p2a: Braviary|Dazzling Gleam|p1a: Milotic\n|-damage|p1a: Milotic|28\/100 tox\n|move|p1a: Milotic|Recover|p1a: Milotic\n|-heal|p1a: Milotic|78\/100 tox\n|\n|-weather|none\n|-heal|p1a: Milotic|84\/100 tox|[from] item: Leftovers\n|-damage|p1a: Milotic|72\/100 tox|[from] psn\n|upkeep\n|turn|29\n|\n|t:|1699497200\n|move|p2a: Braviary|Dazzling Gleam|p1a: Milotic\n|-damage|p1a: Milotic|54\/100 tox\n|move|p1a: Milotic|Ice Beam|p2a: Braviary\n|-supereffective|p2a: Braviary\n|-end|p2a: Braviary|Substitute\n|\n|-heal|p1a: Milotic|60\/100 tox|[from] item: Leftovers\n|-damage|p1a: Milotic|42\/100 tox|[from] psn\n|upkeep\n|turn|30\n|\n|t:|1699497224\n|move|p2a: Braviary|Substitute|p2a: Braviary\n|-start|p2a: Braviary|Substitute\n|-damage|p2a: Braviary|51\/100\n|move|p1a: Milotic|Ice Beam|p2a: Braviary\n|-supereffective|p2a: Braviary\n|-end|p2a: Braviary|Substitute\n|\n|-heal|p1a: Milotic|48\/100 tox|[from] item: Leftovers\n|-damage|p1a: Milotic|24\/100 tox|[from] psn\n|upkeep\n|turn|31\n|\n|t:|1699497270\n|move|p2a: Braviary|Substitute|p2a: Braviary\n|-start|p2a: Braviary|Substitute\n|-damage|p2a: Braviary|26\/100\n|move|p1a: Milotic|Ice Beam|p2a: Braviary\n|-supereffective|p2a: Braviary\n|-end|p2a: Braviary|Substitute\n|\n|-heal|p1a: Milotic|30\/100 tox|[from] item: Leftovers\n|-damage|p1a: Milotic|0 fnt|[from] psn\n|faint|p1a: Milotic\n|upkeep\n|\n|t:|1699497281\n|switch|p1a: Baxcalibur|Baxcalibur, M|100\/100\n|turn|32\n|\n|t:|1699497334\n|switch|p2a: Ogerpon|Ogerpon, F|100\/100\n|move|p1a: Baxcalibur|Ice Shard|p2a: Ogerpon\n|-supereffective|p2a: Ogerpon\n|-damage|p2a: Ogerpon|39\/100\n|\n|upkeep\n|turn|33\n|\n|t:|1699497343\n|move|p1a: Baxcalibur|Ice Shard|p2a: Ogerpon\n|-supereffective|p2a: Ogerpon\n|-damage|p2a: Ogerpon|0 fnt\n|faint|p2a: Ogerpon\n|\n|upkeep\n|\n|t:|1699497384\n|switch|p2a: Ninetales|Ninetales-Alola, F|23\/100\n|-weather|Snow|[from] ability: Snow Warning|[of] p2a: Ninetales\n|turn|34\n|j| Ace_T_24\n|\n|t:|1699497421\n|switch|p1a: Slowking|Slowking-Galar, F|81\/100\n|move|p2a: Ninetales|Moonblast|p1a: Slowking\n|-resisted|p1a: Slowking\n|-damage|p1a: Slowking|68\/100\n|\n|-weather|Snow|[upkeep]\n|-heal|p1a: Slowking|74\/100|[from] item: Black Sludge\n|upkeep\n|turn|35\n|-message|Seior forfeited.\n|\n|win|Vandenta\n|l| PorygonTheBot\n|l| bsball8806\n|l|\u2606Seior\n|l| zLayton\n","uploadtime":1699497445,"views":37,"p1id":"vandenta","p2id":"seior","formatid":"gen9ubers","rating":0,"private":0,"password":""}