{"id":"gen9ubers-2000294119","p1":"Nich1","p2":"ANOTHERDAYWILLCOME","format":"[Gen 9] Ubers","log":"|j|\u2606Nich1\n|j|\u2606ANOTHERDAYWILLCOME\n|t:|1701182201\n|gametype|singles\n|player|p1|Nich1|red-masters|\n|player|p2|ANOTHERDAYWILLCOME|gambler|\n|teamsize|p1|6\n|teamsize|p2|6\n|gen|9\n|tier|[Gen 9] Ubers\n|rule|Sleep Clause Mod: Limit one foe put to sleep\n|rule|Species Clause: Limit one of each Pok\u00e9mon\n|rule|OHKO Clause: OHKO moves are banned\n|rule|Evasion Items Clause: Evasion items are banned\n|rule|Evasion Moves Clause: Evasion moves are banned\n|rule|Endless Battle Clause: Forcing endless battles is banned\n|rule|HP Percentage Mod: HP is shown in percentages\n|clearpoke\n|poke|p1|Ninetales-Alola, M|\n|poke|p1|Baxcalibur, F|\n|poke|p1|Ogerpon-Hearthflame, F|\n|poke|p1|Alomomola, F|\n|poke|p1|Iron Valiant|\n|poke|p1|Iron Treads|\n|poke|p2|Regieleki|\n|poke|p2|Zacian-*|\n|poke|p2|Miraidon|\n|poke|p2|Dondozo, M|\n|poke|p2|Blissey, F|\n|poke|p2|Koraidon|\n|teampreview\n|\n|t:|1701182220\n|start\n|switch|p1a: Ninetales|Ninetales-Alola, M|100\/100\n|switch|p2a: Koraidon|Koraidon|100\/100\n|-weather|SunnyDay|[from] ability: Orichalcum Pulse|[of] p2a: Koraidon\n|-activate|p2a: Koraidon|Orichalcum Pulse|[source]\n|-weather|Snow|[from] ability: Snow Warning|[of] p1a: Ninetales\n|turn|1\n|\n|t:|1701182227\n|move|p2a: Koraidon|U-turn|p1a: Ninetales\n|-resisted|p1a: Ninetales\n|-crit|p1a: Ninetales\n|-damage|p1a: Ninetales|86\/100\n|\n|t:|1701182232\n|switch|p2a: Blissey|Blissey, F|100\/100|[from] U-turn\n|move|p1a: Ninetales|Moonblast|p2a: Blissey\n|-damage|p2a: Blissey|92\/100\n|-unboost|p2a: Blissey|spa|1\n|\n|-weather|Snow|[upkeep]\n|-heal|p2a: Blissey|98\/100|[from] item: Leftovers\n|upkeep\n|turn|2\n|\n|t:|1701182234\n|move|p1a: Ninetales|Hypnosis|p2a: Blissey\n|-status|p2a: Blissey|slp|[from] move: Hypnosis\n|cant|p2a: Blissey|slp\n|\n|-weather|Snow|[upkeep]\n|-heal|p2a: Blissey|100\/100 slp|[from] item: Leftovers\n|upkeep\n|turn|3\n|\n|t:|1701182236\n|move|p1a: Ninetales|Aurora Veil|p1a: Ninetales\n|-sidestart|p1: Nich1|move: Aurora Veil\n|-curestatus|p2a: Blissey|slp|[msg]\n|move|p2a: Blissey|Stealth Rock|p1a: Ninetales\n|-sidestart|p1: Nich1|move: Stealth Rock\n|\n|-weather|Snow|[upkeep]\n|upkeep\n|turn|4\n|\n|t:|1701182243\n|switch|p1a: Iron Treads|Iron Treads|100\/100\n|-damage|p1a: Iron Treads|97\/100|[from] Stealth Rock\n|move|p2a: Blissey|Seismic Toss|p1a: Iron Treads\n|-damage|p1a: Iron Treads|71\/100\n|\n|-weather|Snow|[upkeep]\n|upkeep\n|turn|5\n|\n|t:|1701182248\n|move|p1a: Iron Treads|Knock Off|p2a: Blissey\n|-damage|p2a: Blissey|54\/100\n|-enditem|p2a: Blissey|Leftovers|[from] move: Knock Off|[of] p1a: Iron Treads\n|move|p2a: Blissey|Seismic Toss|p1a: Iron Treads\n|-damage|p1a: Iron Treads|45\/100\n|\n|-weather|none\n|upkeep\n|turn|6\n|\n|t:|1701182256\n|switch|p2a: Dondozo|Dondozo, M|100\/100\n|move|p1a: Iron Treads|Rapid Spin|p2a: Dondozo\n|-damage|p2a: Dondozo|95\/100\n|-boost|p1a: Iron Treads|spe|1\n|-sideend|p1: Nich1|Stealth Rock|[from] move: Rapid Spin|[of] p1a: Iron Treads\n|\n|-heal|p2a: Dondozo|100\/100|[from] item: Leftovers\n|upkeep\n|turn|7\n|\n|t:|1701182259\n|move|p1a: Iron Treads|Volt Switch|p2a: Dondozo\n|-supereffective|p2a: Dondozo\n|-damage|p2a: Dondozo|79\/100\n|\n|t:|1701182262\n|-end|p1a: Iron Treads|Quark Drive|[silent]\n|switch|p1a: Alomomola|Alomomola, F|100\/100|[from] Volt Switch\n|move|p2a: Dondozo|Liquidation|p1a: Alomomola\n|-resisted|p1a: Alomomola\n|-damage|p1a: Alomomola|97\/100\n|\n|-heal|p2a: Dondozo|86\/100|[from] item: Leftovers\n|upkeep\n|turn|8\n|\n|t:|1701182266\n|switch|p2a: Regieleki|Regieleki|100\/100\n|move|p1a: Alomomola|Flip Turn|p2a: Regieleki\n|-damage|p2a: Regieleki|68\/100\n|\n|t:|1701182270\n|switch|p1a: Iron Treads|Iron Treads|45\/100|[from] Flip Turn\n|\n|upkeep\n|turn|9\n|\n|t:|1701182274\n|switch|p2a: Dondozo|Dondozo, M|86\/100\n|move|p1a: Iron Treads|Knock Off|p2a: Dondozo\n|-damage|p2a: Dondozo|75\/100\n|-enditem|p2a: Dondozo|Leftovers|[from] move: Knock Off|[of] p1a: Iron Treads\n|\n|upkeep\n|turn|10\n|\n|t:|1701182276\n|move|p1a: Iron Treads|Volt Switch|p2a: Dondozo\n|-supereffective|p2a: Dondozo\n|-damage|p2a: Dondozo|53\/100\n|\n|t:|1701182279\n|-end|p1a: Iron Treads|Quark Drive|[silent]\n|switch|p1a: Alomomola|Alomomola, F|100\/100|[from] Volt Switch\n|move|p2a: Dondozo|Liquidation|p1a: Alomomola\n|-resisted|p1a: Alomomola\n|-damage|p1a: Alomomola|96\/100\n|\n|-sideend|p1: Nich1|move: Aurora Veil\n|upkeep\n|turn|11\n|\n|t:|1701182286\n|move|p1a: Alomomola|Scald|p2a: Dondozo\n|-resisted|p2a: Dondozo\n|-damage|p2a: Dondozo|47\/100\n|-status|p2a: Dondozo|brn\n|move|p2a: Dondozo|Liquidation|p1a: Alomomola\n|-resisted|p1a: Alomomola\n|-damage|p1a: Alomomola|93\/100\n|\n|-damage|p2a: Dondozo|41\/100 brn|[from] brn\n|upkeep\n|turn|12\n|\n|t:|1701182289\n|move|p1a: Alomomola|Wish|p1a: Alomomola\n|move|p2a: Dondozo|Curse|p2a: Dondozo\n|-unboost|p2a: Dondozo|spe|1\n|-boost|p2a: Dondozo|atk|1\n|-boost|p2a: Dondozo|def|1\n|\n|-damage|p2a: Dondozo|35\/100 brn|[from] brn\n|upkeep\n|turn|13\n|\n|t:|1701182294\n|move|p1a: Alomomola|Scald|p2a: Dondozo\n|-resisted|p2a: Dondozo\n|-damage|p2a: Dondozo|29\/100 brn\n|move|p2a: Dondozo|Liquidation|p1a: Alomomola\n|-resisted|p1a: Alomomola\n|-damage|p1a: Alomomola|87\/100\n|\n|-heal|p1a: Alomomola|100\/100|[from] move: Wish|[wisher] Alomomola\n|-damage|p2a: Dondozo|23\/100 brn|[from] brn\n|upkeep\n|turn|14\n|\n|t:|1701182296\n|move|p1a: Alomomola|Wish|p1a: Alomomola\n|move|p2a: Dondozo|Rest|p2a: Dondozo\n|-status|p2a: Dondozo|slp|[from] move: Rest\n|-heal|p2a: Dondozo|100\/100 slp|[silent]\n|\n|upkeep\n|turn|15\n|\n|t:|1701182298\n|move|p1a: Alomomola|Flip Turn|p2a: Dondozo\n|-resisted|p2a: Dondozo\n|-damage|p2a: Dondozo|98\/100 slp\n|\n|t:|1701182299\n|switch|p1a: Iron Treads|Iron Treads|45\/100|[from] Flip Turn\n|cant|p2a: Dondozo|slp\n|move|p2a: Dondozo|Sleep Talk|p2a: Dondozo\n|move|p2a: Dondozo|Rest||[from]move: Sleep Talk|[still]\n|-fail|p2a: Dondozo\n|\n|-heal|p1a: Iron Treads|100\/100|[from] move: Wish|[wisher] Alomomola\n|upkeep\n|turn|16\n|\n|t:|1701182302\n|move|p1a: Iron Treads|Volt Switch|p2a: Dondozo\n|-supereffective|p2a: Dondozo\n|-damage|p2a: Dondozo|75\/100 slp\n|\n|t:|1701182303\n|-end|p1a: Iron Treads|Quark Drive|[silent]\n|switch|p1a: Alomomola|Alomomola, F|100\/100|[from] Volt Switch\n|cant|p2a: Dondozo|slp\n|move|p2a: Dondozo|Sleep Talk|p2a: Dondozo\n|move|p2a: Dondozo|Rest||[from]move: Sleep Talk|[still]\n|-fail|p2a: Dondozo\n|\n|upkeep\n|turn|17\n|\n|t:|1701182312\n|move|p1a: Alomomola|Wish|p1a: Alomomola\n|-curestatus|p2a: Dondozo|slp|[msg]\n|move|p2a: Dondozo|Liquidation|p1a: Alomomola\n|-resisted|p1a: Alomomola\n|-damage|p1a: Alomomola|88\/100\n|\n|upkeep\n|turn|18\n|\n|t:|1701182313\n|move|p1a: Alomomola|Scald|p2a: Dondozo\n|-resisted|p2a: Dondozo\n|-damage|p2a: Dondozo|69\/100\n|move|p2a: Dondozo|Liquidation|p1a: Alomomola\n|-resisted|p1a: Alomomola\n|-damage|p1a: Alomomola|76\/100\n|-unboost|p1a: Alomomola|def|1\n|\n|-heal|p1a: Alomomola|100\/100|[from] move: Wish|[wisher] Alomomola\n|upkeep\n|turn|19\n|\n|t:|1701182320\n|move|p1a: Alomomola|Scald|p2a: Dondozo\n|-resisted|p2a: Dondozo\n|-damage|p2a: Dondozo|63\/100\n|move|p2a: Dondozo|Curse|p2a: Dondozo\n|-unboost|p2a: Dondozo|spe|1\n|-boost|p2a: Dondozo|atk|1\n|-boost|p2a: Dondozo|def|1\n|\n|upkeep\n|turn|20\n|\n|t:|1701182322\n|move|p1a: Alomomola|Wish|p1a: Alomomola\n|move|p2a: Dondozo|Liquidation|p1a: Alomomola\n|-resisted|p1a: Alomomola\n|-damage|p1a: Alomomola|86\/100\n|\n|upkeep\n|turn|21\n|\n|t:|1701182337\n|move|p1a: Alomomola|Scald|p2a: Dondozo\n|-resisted|p2a: Dondozo\n|-damage|p2a: Dondozo|57\/100\n|move|p2a: Dondozo|Curse|p2a: Dondozo\n|-unboost|p2a: Dondozo|spe|1\n|-boost|p2a: Dondozo|atk|1\n|-boost|p2a: Dondozo|def|1\n|\n|-heal|p1a: Alomomola|100\/100|[from] move: Wish|[wisher] Alomomola\n|upkeep\n|turn|22\n|\n|t:|1701182350\n|move|p1a: Alomomola|Wish|p1a: Alomomola\n|move|p2a: Dondozo|Rest|p2a: Dondozo\n|-status|p2a: Dondozo|slp|[from] move: Rest\n|-heal|p2a: Dondozo|100\/100 slp|[silent]\n|\n|upkeep\n|turn|23\n|\n|t:|1701182352\n|move|p1a: Alomomola|Flip Turn|p2a: Dondozo\n|-resisted|p2a: Dondozo\n|-damage|p2a: Dondozo|99\/100 slp\n|\n|t:|1701182354\n|switch|p1a: Ninetales|Ninetales-Alola, M|86\/100|[from] Flip Turn\n|-weather|Snow|[from] ability: Snow Warning|[of] p1a: Ninetales\n|cant|p2a: Dondozo|slp\n|move|p2a: Dondozo|Sleep Talk|p2a: Dondozo\n|move|p2a: Dondozo|Curse|p2a: Dondozo|[from]move: Sleep Talk\n|-unboost|p2a: Dondozo|spe|1\n|-boost|p2a: Dondozo|atk|1\n|-boost|p2a: Dondozo|def|1\n|\n|-weather|Snow|[upkeep]\n|-heal|p1a: Ninetales|100\/100|[from] move: Wish|[wisher] Alomomola\n|upkeep\n|turn|24\n|\n|t:|1701182358\n|switch|p2a: Blissey|Blissey, F|54\/100\n|move|p1a: Ninetales|Aurora Veil|p1a: Ninetales\n|-sidestart|p1: Nich1|move: Aurora Veil\n|\n|-weather|Snow|[upkeep]\n|upkeep\n|turn|25\n|\n|t:|1701182362\n|switch|p1a: Iron Treads|Iron Treads|100\/100\n|move|p2a: Blissey|Soft-Boiled|p2a: Blissey\n|-heal|p2a: Blissey|100\/100\n|\n|-weather|Snow|[upkeep]\n|upkeep\n|turn|26\n|\n|t:|1701182365\n|switch|p2a: Dondozo|Dondozo, M|99\/100 slp\n|move|p1a: Iron Treads|Earthquake|p2a: Dondozo\n|-damage|p2a: Dondozo|83\/100 slp\n|\n|-weather|Snow|[upkeep]\n|upkeep\n|turn|27\n|\n|t:|1701182367\n|move|p1a: Iron Treads|Volt Switch|p2a: Dondozo\n|-supereffective|p2a: Dondozo\n|-damage|p2a: Dondozo|64\/100 slp\n|\n|t:|1701182368\n|-end|p1a: Iron Treads|Quark Drive|[silent]\n|switch|p1a: Iron Valiant|Iron Valiant|100\/100|[from] Volt Switch\n|-enditem|p1a: Iron Valiant|Booster Energy\n|-activate|p1a: Iron Valiant|ability: Quark Drive|[fromitem]\n|-start|p1a: Iron Valiant|quarkdrivespe\n|cant|p2a: Dondozo|slp\n|move|p2a: Dondozo|Sleep Talk|p2a: Dondozo\n|move|p2a: Dondozo|Curse|p2a: Dondozo|[from]move: Sleep Talk\n|-unboost|p2a: Dondozo|spe|1\n|-boost|p2a: Dondozo|atk|1\n|-boost|p2a: Dondozo|def|1\n|\n|-weather|none\n|upkeep\n|turn|28\n|\n|t:|1701182373\n|switch|p2a: Koraidon|Koraidon|100\/100\n|-weather|SunnyDay|[from] ability: Orichalcum Pulse|[of] p2a: Koraidon\n|-activate|p2a: Koraidon|Orichalcum Pulse|[source]\n|move|p1a: Iron Valiant|Calm Mind|p1a: Iron Valiant\n|-boost|p1a: Iron Valiant|spa|1\n|-boost|p1a: Iron Valiant|spd|1\n|\n|-weather|SunnyDay|[upkeep]\n|upkeep\n|turn|29\n|\n|t:|1701182406\n|-terastallize|p2a: Koraidon|Fairy\n|-terastallize|p1a: Iron Valiant|Electric\n|move|p2a: Koraidon|Tera Blast|p1a: Iron Valiant|[anim] Tera Blast Fairy\n|-damage|p1a: Iron Valiant|61\/100\n|move|p1a: Iron Valiant|Thunderbolt|p2a: Koraidon\n|-crit|p2a: Koraidon\n|-damage|p2a: Koraidon|9\/100\n|\n|-weather|SunnyDay|[upkeep]\n|upkeep\n|turn|30\n|\n|t:|1701182421\n|move|p2a: Koraidon|Tera Blast|p1a: Iron Valiant|[anim] Tera Blast Fairy\n|-damage|p1a: Iron Valiant|24\/100\n|move|p1a: Iron Valiant|Thunderbolt|p2a: Koraidon\n|-damage|p2a: Koraidon|0 fnt\n|faint|p2a: Koraidon\n|\n|-weather|SunnyDay|[upkeep]\n|upkeep\n|\n|t:|1701182424\n|switch|p2a: Blissey|Blissey, F|100\/100\n|turn|31\n|\n|t:|1701182425\n|move|p1a: Iron Valiant|Close Combat|p2a: Blissey\n|-supereffective|p2a: Blissey\n|-damage|p2a: Blissey|0 fnt\n|-unboost|p1a: Iron Valiant|def|1\n|-unboost|p1a: Iron Valiant|spd|1\n|faint|p2a: Blissey\n|\n|-weather|SunnyDay|[upkeep]\n|-sideend|p1: Nich1|move: Aurora Veil\n|upkeep\n|\n|t:|1701182432\n|switch|p2a: Zacian|Zacian-Crowned|100\/100\n|-ability|p2a: Zacian|Intrepid Sword|boost\n|-boost|p2a: Zacian|atk|1\n|turn|32\n|\n|t:|1701182437\n|move|p1a: Iron Valiant|Close Combat|p2a: Zacian\n|-damage|p2a: Zacian|56\/100\n|-unboost|p1a: Iron Valiant|def|1\n|-unboost|p1a: Iron Valiant|spd|1\n|move|p2a: Zacian|Behemoth Blade|p1a: Iron Valiant\n|-resisted|p1a: Iron Valiant\n|-damage|p1a: Iron Valiant|0 fnt\n|faint|p1a: Iron Valiant\n|-end|p1a: Iron Valiant|Quark Drive|[silent]\n|\n|-weather|none\n|upkeep\n|\n|t:|1701182442\n|switch|p1a: Iron Treads|Iron Treads|100\/100\n|turn|33\n|\n|t:|1701182447\n|switch|p2a: Dondozo|Dondozo, M|64\/100 slp\n|move|p1a: Iron Treads|Earthquake|p2a: Dondozo\n|-damage|p2a: Dondozo|46\/100 slp\n|\n|upkeep\n|turn|34\n|\n|t:|1701182449\n|move|p1a: Iron Treads|Volt Switch|p2a: Dondozo\n|-supereffective|p2a: Dondozo\n|-damage|p2a: Dondozo|25\/100 slp\n|\n|t:|1701182451\n|-end|p1a: Iron Treads|Quark Drive|[silent]\n|switch|p1a: Ogerpon|Ogerpon-Hearthflame, F|100\/100|[from] Volt Switch\n|-ability|p1a: Ogerpon|Mold Breaker\n|-curestatus|p2a: Dondozo|slp|[msg]\n|move|p2a: Dondozo|Sleep Talk||[still]\n|-fail|p2a: Dondozo\n|\n|upkeep\n|turn|35\n|\n|t:|1701182454\n|move|p1a: Ogerpon|Horn Leech|p2a: Dondozo\n|-supereffective|p2a: Dondozo\n|-damage|p2a: Dondozo|0 fnt\n|faint|p2a: Dondozo\n|\n|upkeep\n|\n|t:|1701182459\n|switch|p2a: Miraidon|Miraidon|100\/100\n|-fieldstart|move: Electric Terrain|[from] ability: Hadron Engine|[of] p2a: Miraidon\n|turn|36\n|\n|t:|1701182465\n|switch|p1a: Iron Treads|Iron Treads|100\/100\n|-activate|p1a: Iron Treads|ability: Quark Drive\n|-start|p1a: Iron Treads|quarkdrivespe\n|move|p2a: Miraidon|Draco Meteor|p1a: Iron Treads\n|-resisted|p1a: Iron Treads\n|-damage|p1a: Iron Treads|52\/100\n|-unboost|p2a: Miraidon|spa|2\n|\n|upkeep\n|turn|37\n|\n|t:|1701182469\n|switch|p2a: Zacian|Zacian-Crowned|56\/100\n|move|p1a: Iron Treads|Earthquake|p2a: Zacian\n|-supereffective|p2a: Zacian\n|-damage|p2a: Zacian|0 fnt\n|faint|p2a: Zacian\n|\n|upkeep\n|\n|t:|1701182471\n|switch|p2a: Regieleki|Regieleki|68\/100\n|turn|38\n|\n|t:|1701182473\n|move|p2a: Regieleki|Tera Blast|p1a: Iron Treads\n|-resisted|p1a: Iron Treads\n|-damage|p1a: Iron Treads|45\/100\n|move|p1a: Iron Treads|Earthquake|p2a: Regieleki\n|-supereffective|p2a: Regieleki\n|-damage|p2a: Regieleki|0 fnt\n|faint|p2a: Regieleki\n|\n|upkeep\n|\n|t:|1701182475\n|switch|p2a: Miraidon|Miraidon|100\/100\n|-activate|p2a: Miraidon|ability: Hadron Engine\n|turn|39\n|\n|t:|1701182479\n|move|p1a: Iron Treads|Earthquake|p2a: Miraidon\n|-supereffective|p2a: Miraidon\n|-damage|p2a: Miraidon|28\/100\n|move|p2a: Miraidon|Dragon Pulse|p1a: Iron Treads\n|-resisted|p1a: Iron Treads\n|-damage|p1a: Iron Treads|14\/100\n|\n|upkeep\n|turn|40\n|\n|t:|1701182481\n|move|p1a: Iron Treads|Earthquake|p2a: Miraidon\n|-supereffective|p2a: Miraidon\n|-damage|p2a: Miraidon|0 fnt\n|faint|p2a: Miraidon\n|\n|win|Nich1\n|l|\u2606ANOTHERDAYWILLCOME\n","uploadtime":1701182509,"views":3,"p1id":"nich1","p2id":"anotherdaywillcome","formatid":"gen9ubers","rating":0,"private":0,"password":""}