{"id":"gen9ubers-1993413283","p1":"Anne Frankkkk","p2":"WJ (\u00b0\u2200\u00b0)*kill me","format":"[Gen 9] Ubers","log":"|j|\u2606Anne Frankkkk\n|j|\u2606WJ (\u00b0\u2200\u00b0)*kill me\n|t:|1700314548\n|gametype|singles\n|player|p1|Anne Frankkkk|hilbert|1293\n|player|p2|WJ (\u00b0\u2200\u00b0)*kill me|medium|1388\n|teamsize|p1|6\n|teamsize|p2|6\n|gen|9\n|tier|[Gen 9] Ubers\n|rated|\n|rule|Sleep Clause Mod: Limit one foe put to sleep\n|rule|Species Clause: Limit one of each Pok\u00e9mon\n|rule|OHKO Clause: OHKO moves are banned\n|rule|Evasion Items Clause: Evasion items are banned\n|rule|Evasion Moves Clause: Evasion moves are banned\n|rule|Endless Battle Clause: Forcing endless battles is banned\n|rule|HP Percentage Mod: HP is shown in percentages\n|clearpoke\n|poke|p1|Regieleki|\n|poke|p1|Kyogre|\n|poke|p1|Chien-Pao|\n|poke|p1|Ribombee, M|\n|poke|p1|Miraidon|\n|poke|p1|Flutter Mane|\n|poke|p2|Flutter Mane|\n|poke|p2|Koraidon|\n|poke|p2|Miraidon|\n|poke|p2|Zacian-*|\n|poke|p2|Ribombee, F|\n|poke|p2|Great Tusk|\n|teampreview\n|inactive|Battle timer is ON: inactive players will automatically lose when time's up. (requested by WJ (\u00b0\u2200\u00b0)*kill me)\n|\n|t:|1700314570\n|start\n|switch|p1a: Moonblast|Ribombee, M, shiny|100\/100\n|switch|p2a: Ribombee|Ribombee, F|100\/100\n|turn|1\n|\n|t:|1700314588\n|move|p1a: Moonblast|Sticky Web|p2a: Ribombee\n|-sidestart|p2: WJ (\u00b0\u2200\u00b0)*kill me|move: Sticky Web\n|move|p2a: Ribombee|Imprison|p2a: Ribombee\n|-start|p2a: Ribombee|move: Imprison\n|\n|upkeep\n|turn|2\n|\n|t:|1700314606\n|move|p2a: Ribombee|Sticky Web|p1a: Moonblast\n|-sidestart|p1: Anne Frankkkk|move: Sticky Web\n|move|p1a: Moonblast|Bug Buzz|p2a: Ribombee\n|-resisted|p2a: Ribombee\n|-damage|p2a: Ribombee|70\/100\n|\n|upkeep\n|turn|3\n|\n|t:|1700314616\n|switch|p2a: Great Tusk|Great Tusk|100\/100\n|-activate|p2a: Great Tusk|move: Sticky Web\n|-unboost|p2a: Great Tusk|spe|1\n|-enditem|p2a: Great Tusk|Booster Energy\n|-activate|p2a: Great Tusk|ability: Protosynthesis|[fromitem]\n|-start|p2a: Great Tusk|protosynthesisatk\n|move|p1a: Moonblast|Bug Buzz|p2a: Great Tusk\n|-resisted|p2a: Great Tusk\n|-damage|p2a: Great Tusk|74\/100\n|\n|upkeep\n|turn|4\n|\n|t:|1700314630\n|switch|p1a: Misdreavius|Flutter Mane, shiny|100\/100\n|-activate|p1a: Misdreavius|move: Sticky Web\n|-unboost|p1a: Misdreavius|spe|1\n|-enditem|p1a: Misdreavius|Booster Energy\n|-activate|p1a: Misdreavius|ability: Protosynthesis|[fromitem]\n|-start|p1a: Misdreavius|protosynthesisspa\n|move|p2a: Great Tusk|Earthquake|p1a: Misdreavius\n|-damage|p1a: Misdreavius|0 fnt\n|faint|p1a: Misdreavius\n|-end|p1a: Misdreavius|Protosynthesis|[silent]\n|\n|upkeep\n|\n|t:|1700314638\n|switch|p1a: Ice Cat|Chien-Pao|100\/100\n|-activate|p1a: Ice Cat|move: Sticky Web\n|-unboost|p1a: Ice Cat|spe|1\n|-ability|p1a: Ice Cat|Sword of Ruin\n|turn|5\n|\n|t:|1700314648\n|move|p1a: Ice Cat|Swords Dance|p1a: Ice Cat\n|-boost|p1a: Ice Cat|atk|2\n|move|p2a: Great Tusk|Close Combat|p1a: Ice Cat\n|-supereffective|p1a: Ice Cat\n|-enditem|p1a: Ice Cat|Focus Sash\n|-damage|p1a: Ice Cat|1\/100\n|-unboost|p2a: Great Tusk|def|1\n|-unboost|p2a: Great Tusk|spd|1\n|\n|upkeep\n|turn|6\n|\n|t:|1700314666\n|move|p1a: Ice Cat|Ice Spinner|p2a: Great Tusk\n|-supereffective|p2a: Great Tusk\n|-damage|p2a: Great Tusk|0 fnt\n|faint|p2a: Great Tusk\n|-end|p2a: Great Tusk|Protosynthesis|[silent]\n|\n|upkeep\n|\n|t:|1700314677\n|switch|p2a: Flutter Mane|Flutter Mane|100\/100\n|-activate|p2a: Flutter Mane|move: Sticky Web\n|-unboost|p2a: Flutter Mane|spe|1\n|-enditem|p2a: Flutter Mane|Booster Energy\n|-activate|p2a: Flutter Mane|ability: Protosynthesis|[fromitem]\n|-start|p2a: Flutter Mane|protosynthesisspa\n|turn|7\n|inactive|Anne Frankkkk has 120 seconds left.\n|\n|t:|1700314715\n|move|p1a: Ice Cat|Sucker Punch|p2a: Flutter Mane\n|-damage|p2a: Flutter Mane|0 fnt\n|faint|p2a: Flutter Mane\n|-end|p2a: Flutter Mane|Protosynthesis|[silent]\n|\n|upkeep\n|inactive|WJ (\u00b0\u2200\u00b0)*kill me has 120 seconds left.\n|\n|t:|1700314744\n|switch|p2a: Ribombee|Ribombee, F|70\/100\n|-activate|p2a: Ribombee|move: Sticky Web\n|-unboost|p2a: Ribombee|spe|1\n|turn|8\n|inactive|WJ (\u00b0\u2200\u00b0)*kill me has 120 seconds left.\n|inactive|Anne Frankkkk has 120 seconds left.\n|\n|t:|1700314757\n|move|p2a: Ribombee|Moonblast|p1a: Ice Cat\n|-supereffective|p1a: Ice Cat\n|-damage|p1a: Ice Cat|0 fnt\n|faint|p1a: Ice Cat\n|\n|upkeep\n|\n|t:|1700314759\n|switch|p1a: Bzzzzt|Regieleki, shiny|100\/100\n|-activate|p1a: Bzzzzt|move: Sticky Web\n|-unboost|p1a: Bzzzzt|spe|1\n|turn|9\n|inactive|WJ (\u00b0\u2200\u00b0)*kill me has 120 seconds left.\n|\n|t:|1700314777\n|move|p1a: Bzzzzt|Rapid Spin|p2a: Ribombee\n|-damage|p2a: Ribombee|51\/100\n|-boost|p1a: Bzzzzt|spe|1\n|-sideend|p1: Anne Frankkkk|Sticky Web|[from] move: Rapid Spin|[of] p1a: Bzzzzt\n|move|p2a: Ribombee|Stun Spore|p1a: Bzzzzt|[miss]\n|-miss|p2a: Ribombee|p1a: Bzzzzt\n|\n|upkeep\n|turn|10\n|inactive|WJ (\u00b0\u2200\u00b0)*kill me has 120 seconds left.\n|\n|t:|1700314787\n|move|p1a: Bzzzzt|Thunderbolt|p2a: Ribombee\n|-damage|p2a: Ribombee|0 fnt\n|faint|p2a: Ribombee\n|\n|upkeep\n|inactive|WJ (\u00b0\u2200\u00b0)*kill me has 120 seconds left.\n|\n|t:|1700314792\n|switch|p2a: Koraidon|Koraidon|100\/100\n|-activate|p2a: Koraidon|move: Sticky Web\n|-unboost|p2a: Koraidon|spe|1\n|-weather|SunnyDay|[from] ability: Orichalcum Pulse|[of] p2a: Koraidon\n|-activate|p2a: Koraidon|Orichalcum Pulse|[source]\n|turn|11\n|inactive|WJ (\u00b0\u2200\u00b0)*kill me has 120 seconds left.\n|\n|t:|1700314811\n|move|p1a: Bzzzzt|Volt Switch|p2a: Koraidon\n|-resisted|p2a: Koraidon\n|-damage|p2a: Koraidon|76\/100\n|\n|t:|1700314818\n|switch|p1a: Moonblast|Ribombee, M, shiny|100\/100|[from] Volt Switch\n|move|p2a: Koraidon|Scale Shot|p1a: Moonblast\n|-immune|p1a: Moonblast\n|\n|-weather|SunnyDay|[upkeep]\n|upkeep\n|turn|12\n|inactive|WJ (\u00b0\u2200\u00b0)*kill me has 120 seconds left.\n|\n|t:|1700314828\n|move|p1a: Moonblast|Moonblast|p2a: Koraidon\n|-supereffective|p2a: Koraidon\n|-damage|p2a: Koraidon|0 fnt\n|faint|p2a: Koraidon\n|\n|-weather|SunnyDay|[upkeep]\n|upkeep\n|inactive|WJ (\u00b0\u2200\u00b0)*kill me has 120 seconds left.\n|-message|WJ (\u00b0\u2200\u00b0)*kill me forfeited.\n|\n|win|Anne Frankkkk\n|raw|Anne Frankkkk's rating: 1318 &rarr; <strong>1342<\/strong><br \/>(+24 for winning)\n|raw|WJ (\u00b0\u2200\u00b0)*kill me's rating: 1388 &rarr; <strong>1364<\/strong><br \/>(-24 for losing)\n|l|\u2606WJ (\u00b0\u2200\u00b0)*kill me\n","uploadtime":1700314838,"views":6,"p1id":"annefrankkkk","p2id":"wjkillme","formatid":"gen9ubers","rating":1342,"private":0,"password":""}