{"id":"gen9ubers-1995255456","p1":"RoamingDia","p2":"KickinAsh","format":"[Gen 9] Ubers","log":"|j|\u2606RoamingDia\n|j|\u2606KickinAsh\n|t:|1700541867\n|gametype|singles\n|player|p1|RoamingDia|pokemaniac|\n|player|p2|KickinAsh|169|\n|teamsize|p1|6\n|teamsize|p2|6\n|gen|9\n|tier|[Gen 9] Ubers\n|rule|Sleep Clause Mod: Limit one foe put to sleep\n|rule|Species Clause: Limit one of each Pok\u00e9mon\n|rule|OHKO Clause: OHKO moves are banned\n|rule|Evasion Items Clause: Evasion items are banned\n|rule|Evasion Moves Clause: Evasion moves are banned\n|rule|Endless Battle Clause: Forcing endless battles is banned\n|rule|HP Percentage Mod: HP is shown in percentages\n|clearpoke\n|poke|p1|Sneasler, M|\n|poke|p1|Roaring Moon|\n|poke|p1|Walking Wake|\n|poke|p1|Lilligant-Hisui, F|\n|poke|p1|Torkoal, F|\n|poke|p1|Heatran, F|\n|poke|p2|Appletun, M|\n|poke|p2|Kleavor, M|\n|poke|p2|Annihilape, F|\n|poke|p2|Gyarados, F|\n|poke|p2|Umbreon, M|\n|poke|p2|Slowking-Galar, F|\n|teampreview\n|j| BLACK METAL 3\n|j| Squirshawott\n|j| pkpowers310\n|\n|t:|1700542012\n|start\n|switch|p1a: Bently|Torkoal, F|100\/100\n|switch|p2a: Kleavor|Kleavor, M|100\/100\n|-weather|SunnyDay|[from] ability: Drought|[of] p1a: Bently\n|turn|1\n|\n|t:|1700542029\n|move|p2a: Kleavor|Stone Axe|p1a: Bently\n|-supereffective|p1a: Bently\n|-damage|p1a: Bently|0 fnt\n|-sidestart|p1: RoamingDia|move: Stealth Rock\n|faint|p1a: Bently\n|\n|-weather|SunnyDay|[upkeep]\n|upkeep\n|\n|t:|1700542045\n|switch|p1a: Okuyasu Nijimura|Walking Wake|100\/100\n|-damage|p1a: Okuyasu Nijimura|88\/100|[from] Stealth Rock\n|-activate|p1a: Okuyasu Nijimura|ability: Protosynthesis\n|-start|p1a: Okuyasu Nijimura|protosynthesisspe\n|turn|2\n|\n|t:|1700542109\n|switch|p2a: Appletun|Appletun, M|100\/100\n|move|p1a: Okuyasu Nijimura|Hydro Steam|p2a: Appletun\n|-resisted|p2a: Appletun\n|-damage|p2a: Appletun|85\/100\n|\n|-weather|SunnyDay|[upkeep]\n|upkeep\n|turn|3\n|j| Astyr.Pygos\n|\n|t:|1700542186\n|-end|p1a: Okuyasu Nijimura|Protosynthesis|[silent]\n|switch|p1a: Cooked Croak|Heatran, F|100\/100\n|-damage|p1a: Cooked Croak|88\/100|[from] Stealth Rock\n|move|p2a: Appletun|Leech Seed|p1a: Cooked Croak\n|-start|p1a: Cooked Croak|move: Leech Seed\n|\n|-weather|SunnyDay|[upkeep]\n|-heal|p1a: Cooked Croak|94\/100|[from] item: Leftovers\n|-damage|p1a: Cooked Croak|82\/100|[from] Leech Seed|[of] p2a: Appletun\n|-heal|p2a: Appletun|96\/100|[silent]\n|upkeep\n|turn|4\n|\n|t:|1700542285\n|switch|p2a: Gyarados|Gyarados, F|100\/100\n|move|p1a: Cooked Croak|Magma Storm|p2a: Gyarados\n|-resisted|p2a: Gyarados\n|-damage|p2a: Gyarados|66\/100\n|-activate|p2a: Gyarados|move: Magma Storm|[of] p1a: Cooked Croak\n|\n|-weather|SunnyDay|[upkeep]\n|-heal|p1a: Cooked Croak|88\/100|[from] item: Leftovers\n|-damage|p1a: Cooked Croak|76\/100|[from] Leech Seed|[of] p2a: Gyarados\n|-heal|p2a: Gyarados|81\/100|[silent]\n|-damage|p2a: Gyarados|68\/100|[from] move: Magma Storm|[partiallytrapped]\n|upkeep\n|turn|5\n|\n|t:|1700542309\n|switch|p1a: Noriaki Kakyoin|Roaring Moon, shiny|100\/100\n|-damage|p1a: Noriaki Kakyoin|88\/100|[from] Stealth Rock\n|-activate|p1a: Noriaki Kakyoin|ability: Protosynthesis\n|-start|p1a: Noriaki Kakyoin|protosynthesisspe\n|move|p2a: Gyarados|Earthquake|p1a: Noriaki Kakyoin\n|-damage|p1a: Noriaki Kakyoin|44\/100\n|\n|-weather|SunnyDay|[upkeep]\n|-end|p2a: Gyarados|Magma Storm|[partiallytrapped]|[silent]\n|upkeep\n|turn|6\n|\n|t:|1700542504\n|switch|p2a: Kleavor|Kleavor, M|100\/100\n|move|p1a: Noriaki Kakyoin|Knock Off|p2a: Kleavor\n|-damage|p2a: Kleavor|0 fnt\n|-enditem|p2a: Kleavor|Choice Band|[from] move: Knock Off|[of] p1a: Noriaki Kakyoin\n|faint|p2a: Kleavor\n|\n|-weather|SunnyDay|[upkeep]\n|upkeep\n|\n|t:|1700542530\n|switch|p2a: Annihilape|Annihilape, F|100\/100\n|turn|7\n|\n|t:|1700542553\n|move|p1a: Noriaki Kakyoin|Knock Off|p2a: Annihilape\n|-damage|p2a: Annihilape|18\/100\n|-enditem|p2a: Annihilape|Choice Scarf|[from] move: Knock Off|[of] p1a: Noriaki Kakyoin\n|move|p2a: Annihilape|U-turn|p1a: Noriaki Kakyoin\n|-supereffective|p1a: Noriaki Kakyoin\n|-damage|p1a: Noriaki Kakyoin|0 fnt\n|faint|p1a: Noriaki Kakyoin\n|-end|p1a: Noriaki Kakyoin|Protosynthesis|[silent]\n|\n|t:|1700542622\n|switch|p2a: Slowking|Slowking-Galar, F|100\/100|[from] U-turn\n|\n|-weather|SunnyDay|[upkeep]\n|upkeep\n|\n|t:|1700542644\n|switch|p1a: Gazoontite|Sneasler, M|100\/100\n|-damage|p1a: Gazoontite|95\/100|[from] Stealth Rock\n|turn|8\n|\n|t:|1700542782\n|move|p1a: Gazoontite|Fake Out|p2a: Slowking\n|-damage|p2a: Slowking|90\/100\n|cant|p2a: Slowking|flinch\n|\n|-weather|none\n|-heal|p2a: Slowking|96\/100|[from] item: Black Sludge\n|upkeep\n|turn|9\n|\n|t:|1700542829\n|move|p1a: Gazoontite|U-turn|p2a: Slowking\n|-damage|p2a: Slowking|76\/100\n|j| Gengar mask\n|\n|t:|1700542836\n|switch|p1a: Cooked Croak|Heatran, F|76\/100|[from] U-turn\n|-damage|p1a: Cooked Croak|63\/100|[from] Stealth Rock\n|move|p2a: Slowking|Psychic|p1a: Cooked Croak\n|-resisted|p1a: Cooked Croak\n|-damage|p1a: Cooked Croak|53\/100\n|\n|-heal|p1a: Cooked Croak|60\/100|[from] item: Leftovers\n|-heal|p2a: Slowking|82\/100|[from] item: Black Sludge\n|upkeep\n|turn|10\n|l| Gengar mask\n|\n|t:|1700542891\n|switch|p2a: Gyarados|Gyarados, F|68\/100\n|move|p1a: Cooked Croak|Will-O-Wisp|p2a: Gyarados\n|-status|p2a: Gyarados|brn\n|-enditem|p2a: Gyarados|Lum Berry|[eat]\n|-curestatus|p2a: Gyarados|brn|[msg]\n|\n|-heal|p1a: Cooked Croak|66\/100|[from] item: Leftovers\n|upkeep\n|turn|11\n|\n|t:|1700542925\n|switch|p1a: Okuyasu Nijimura|Walking Wake|88\/100\n|-damage|p1a: Okuyasu Nijimura|76\/100|[from] Stealth Rock\n|move|p2a: Gyarados|Earthquake|p1a: Okuyasu Nijimura\n|-damage|p1a: Okuyasu Nijimura|35\/100\n|\n|upkeep\n|turn|12\n|\n|t:|1700542980\n|switch|p2a: Appletun|Appletun, M|96\/100\n|move|p1a: Okuyasu Nijimura|Hydro Steam|p2a: Appletun\n|-resisted|p2a: Appletun\n|-damage|p2a: Appletun|87\/100\n|\n|upkeep\n|turn|13\n|\n|t:|1700543020\n|-end|p1a: Okuyasu Nijimura|Protosynthesis|[silent]\n|switch|p1a: Cooked Croak|Heatran, F|66\/100\n|-damage|p1a: Cooked Croak|53\/100|[from] Stealth Rock\n|move|p2a: Appletun|Leech Seed|p1a: Cooked Croak\n|-start|p1a: Cooked Croak|move: Leech Seed\n|\n|-heal|p1a: Cooked Croak|60\/100|[from] item: Leftovers\n|-damage|p1a: Cooked Croak|47\/100|[from] Leech Seed|[of] p2a: Appletun\n|-heal|p2a: Appletun|98\/100|[silent]\n|upkeep\n|turn|14\n|j| Sol CPU\n|\n|t:|1700543167\n|switch|p1a: Gazoontite|Sneasler, M|95\/100\n|-damage|p1a: Gazoontite|89\/100|[from] Stealth Rock\n|switch|p2a: Gyarados|Gyarados, F|68\/100\n|\n|upkeep\n|turn|15\n|\n|t:|1700543216\n|switch|p2a: Slowking|Slowking-Galar, F|100\/100\n|move|p1a: Gazoontite|Fake Out|p2a: Slowking\n|-damage|p2a: Slowking|90\/100\n|\n|-heal|p2a: Slowking|96\/100|[from] item: Black Sludge\n|upkeep\n|turn|16\n|\n|t:|1700543251\n|move|p1a: Gazoontite|U-turn|p2a: Slowking\n|-damage|p2a: Slowking|76\/100\n|\n|t:|1700543278\n|switch|p1a: Cooked Croak|Heatran, F|47\/100|[from] U-turn\n|-damage|p1a: Cooked Croak|35\/100|[from] Stealth Rock\n|move|p2a: Slowking|Yawn|p1a: Cooked Croak\n|-start|p1a: Cooked Croak|move: Yawn|[of] p2a: Slowking\n|\n|-heal|p1a: Cooked Croak|41\/100|[from] item: Leftovers\n|-heal|p2a: Slowking|82\/100|[from] item: Black Sludge\n|upkeep\n|turn|17\n|\n|t:|1700543418\n|switch|p1a: Pea Shooter|Lilligant-Hisui, F, shiny|100\/100\n|-damage|p1a: Pea Shooter|94\/100|[from] Stealth Rock\n|move|p2a: Slowking|Psychic|p1a: Pea Shooter\n|-supereffective|p1a: Pea Shooter\n|-damage|p1a: Pea Shooter|0 fnt\n|faint|p1a: Pea Shooter\n|\n|-heal|p2a: Slowking|88\/100|[from] item: Black Sludge\n|upkeep\n|\n|t:|1700543431\n|switch|p1a: Gazoontite|Sneasler, M|89\/100\n|-damage|p1a: Gazoontite|83\/100|[from] Stealth Rock\n|turn|18\n|\n|t:|1700543588\n|move|p1a: Gazoontite|Fake Out|p2a: Slowking\n|-damage|p2a: Slowking|76\/100\n|cant|p2a: Slowking|flinch\n|\n|-heal|p2a: Slowking|82\/100|[from] item: Black Sludge\n|upkeep\n|turn|19\n|\n|t:|1700543629\n|move|p1a: Gazoontite|Close Combat|p2a: Slowking\n|-resisted|p2a: Slowking\n|-damage|p2a: Slowking|71\/100\n|-unboost|p1a: Gazoontite|def|1\n|-unboost|p1a: Gazoontite|spd|1\n|move|p2a: Slowking|Yawn|p1a: Gazoontite\n|-start|p1a: Gazoontite|move: Yawn|[of] p2a: Slowking\n|\n|-heal|p2a: Slowking|77\/100|[from] item: Black Sludge\n|upkeep\n|turn|20\n|\n|t:|1700543705\n|switch|p2a: Gyarados|Gyarados, F|68\/100\n|move|p1a: Gazoontite|Close Combat|p2a: Gyarados\n|-resisted|p2a: Gyarados\n|-damage|p2a: Gyarados|28\/100\n|-unboost|p1a: Gazoontite|def|1\n|-unboost|p1a: Gazoontite|spd|1\n|\n|-end|p1a: Gazoontite|move: Yawn|[silent]\n|-status|p1a: Gazoontite|slp\n|upkeep\n|turn|21\n|\n|t:|1700543754\n|cant|p1a: Gazoontite|slp\n|move|p2a: Gyarados|Earthquake|p1a: Gazoontite\n|-supereffective|p1a: Gazoontite\n|-damage|p1a: Gazoontite|0 fnt\n|faint|p1a: Gazoontite\n|-ability|p2a: Gyarados|Moxie|boost\n|-boost|p2a: Gyarados|atk|1\n|\n|upkeep\n|\n|t:|1700543771\n|switch|p1a: Cooked Croak|Heatran, F|41\/100\n|-damage|p1a: Cooked Croak|28\/100|[from] Stealth Rock\n|turn|22\n|\n|t:|1700543801\n|move|p2a: Gyarados|Earthquake|p1a: Cooked Croak\n|-supereffective|p1a: Cooked Croak\n|-damage|p1a: Cooked Croak|0 fnt\n|faint|p1a: Cooked Croak\n|-ability|p2a: Gyarados|Moxie|boost\n|-boost|p2a: Gyarados|atk|1\n|\n|upkeep\n|\n|t:|1700543807\n|switch|p1a: Okuyasu Nijimura|Walking Wake|35\/100\n|-damage|p1a: Okuyasu Nijimura|23\/100|[from] Stealth Rock\n|turn|23\n|\n|t:|1700543842\n|switch|p2a: Appletun|Appletun, M|98\/100\n|move|p1a: Okuyasu Nijimura|Hydro Steam|p2a: Appletun\n|-resisted|p2a: Appletun\n|-damage|p2a: Appletun|89\/100\n|\n|upkeep\n|turn|24\n|\n|t:|1700543859\n|move|p1a: Okuyasu Nijimura|Hydro Steam|p2a: Appletun\n|-resisted|p2a: Appletun\n|-damage|p2a: Appletun|79\/100\n|move|p2a: Appletun|Dragon Pulse|p1a: Okuyasu Nijimura\n|-supereffective|p1a: Okuyasu Nijimura\n|-damage|p1a: Okuyasu Nijimura|0 fnt\n|faint|p1a: Okuyasu Nijimura\n|-end|p1a: Okuyasu Nijimura|Protosynthesis|[silent]\n|\n|win|KickinAsh\n|l|\u2606RoamingDia\n|l| Sol CPU\n","uploadtime":1700543876,"views":25,"p1id":"roamingdia","p2id":"kickinash","formatid":"gen9ubers","rating":0,"private":0,"password":""}