{"id":"gen9ubers-1977897900","p1":"Judgie","p2":"mklgd","format":"[Gen 9] Ubers","log":"|j|\u2606Judgie\n|j|\u2606mklgd\n|t:|1698463388\n|gametype|singles\n|player|p1|Judgie|policeman-gen4|\n|player|p2|mklgd|tabitha-gen3|\n|teamsize|p1|6\n|teamsize|p2|6\n|gen|9\n|tier|[Gen 9] Ubers\n|rule|Sleep Clause Mod: Limit one foe put to sleep\n|rule|Species Clause: Limit one of each Pok\u00e9mon\n|rule|OHKO Clause: OHKO moves are banned\n|rule|Evasion Items Clause: Evasion items are banned\n|rule|Evasion Moves Clause: Evasion moves are banned\n|rule|Endless Battle Clause: Forcing endless battles is banned\n|rule|HP Percentage Mod: HP is shown in percentages\n|clearpoke\n|poke|p1|Regieleki|\n|poke|p1|Chi-Yu|\n|poke|p1|Palafin, M|\n|poke|p1|Gliscor, M|\n|poke|p1|Masquerain, F|\n|poke|p1|Roaring Moon|\n|poke|p2|Lokix, M|\n|poke|p2|Forretress, M|\n|poke|p2|Tyranitar, F|\n|poke|p2|Gengar, M|\n|poke|p2|Ogerpon-Cornerstone, F|\n|poke|p2|Ditto|\n|teampreview\n|j| Willish6634\n|j| ampharosaunt11\n|j| Lillyrosethedemon\n|j| Destroy Smoochie\n|\n|t:|1698463464\n|start\n|switch|p1a: Judgie jr|Palafin, M, shiny|100\/100\n|switch|p2a: Gengar|Gengar, M|100\/100\n|turn|1\n|j| bandit_tpl\n|\n|t:|1698463496\n|detailschange|p1a: Judgie jr|Palafin-Hero, M, shiny\n|switch|p1a: Big boy|Masquerain, F|100\/100\n|-ability|p1a: Big boy|Intimidate|boost\n|-unboost|p2a: Gengar|atk|1\n|move|p2a: Gengar|Toxic Spikes|p1a: Big boy\n|-sidestart|p1: Judgie|move: Toxic Spikes\n|\n|upkeep\n|turn|2\n|\n|t:|1698463503\n|move|p2a: Gengar|Shadow Ball|p1a: Big boy\n|-damage|p1a: Big boy|35\/100\n|-unboost|p1a: Big boy|spd|1\n|move|p1a: Big boy|Sticky Web|p2a: Gengar\n|-sidestart|p2: mklgd|move: Sticky Web\n|\n|upkeep\n|turn|3\n|\n|t:|1698463509\n|move|p2a: Gengar|Shadow Ball|p1a: Big boy\n|-damage|p1a: Big boy|0 fnt\n|faint|p1a: Big boy\n|\n|upkeep\n|\n|t:|1698463516\n|switch|p1a: John|Chi-Yu|100\/100\n|-status|p1a: John|psn\n|-ability|p1a: John|Beads of Ruin\n|turn|4\n|\n|t:|1698463523\n|switch|p2a: Tyranitar|Tyranitar, F|100\/100\n|-activate|p2a: Tyranitar|move: Sticky Web\n|-unboost|p2a: Tyranitar|spe|1\n|-weather|Sandstorm|[from] ability: Sand Stream|[of] p2a: Tyranitar\n|move|p1a: John|Dark Pulse|p2a: Tyranitar\n|-resisted|p2a: Tyranitar\n|-damage|p2a: Tyranitar|83\/100\n|\n|-weather|Sandstorm|[upkeep]\n|-damage|p1a: John|95\/100 psn|[from] Sandstorm\n|-heal|p2a: Tyranitar|89\/100|[from] item: Leftovers\n|-damage|p1a: John|82\/100 psn|[from] psn\n|upkeep\n|turn|5\n|\n|t:|1698463535\n|switch|p1a: Judgie jr|Palafin-Hero, M, shiny|100\/100\n|-status|p1a: Judgie jr|psn\n|-activate|p1a: Judgie jr|ability: Zero to Hero\n|move|p2a: Tyranitar|Stealth Rock|p1a: Judgie jr\n|-sidestart|p1: Judgie|move: Stealth Rock\n|\n|-weather|Sandstorm|[upkeep]\n|-damage|p1a: Judgie jr|94\/100 psn|[from] Sandstorm\n|-heal|p2a: Tyranitar|95\/100|[from] item: Leftovers\n|-damage|p1a: Judgie jr|82\/100 psn|[from] psn\n|upkeep\n|turn|6\n|c| Willish6634|webs\ud83d\ude2b\n|\n|t:|1698463549\n|switch|p2a: Forretress|Forretress, M|100\/100\n|-activate|p2a: Forretress|move: Sticky Web\n|-unboost|p2a: Forretress|spe|1\n|move|p1a: Judgie jr|Flip Turn|p2a: Forretress\n|-damage|p2a: Forretress|76\/100\n|\n|t:|1698463560\n|switch|p1a: John|Chi-Yu|82\/100 psn|[from] Flip Turn\n|-damage|p1a: John|57\/100 psn|[from] Stealth Rock\n|-ability|p1a: John|Beads of Ruin\n|\n|-weather|Sandstorm|[upkeep]\n|-damage|p1a: John|51\/100 psn|[from] Sandstorm\n|-heal|p2a: Forretress|83\/100|[from] item: Leftovers\n|-damage|p1a: John|39\/100 psn|[from] psn\n|upkeep\n|turn|7\n|c| Willish6634|Im in the sd chat\n|\n|t:|1698463571\n|switch|p2a: Tyranitar|Tyranitar, F|95\/100\n|-activate|p2a: Tyranitar|move: Sticky Web\n|-unboost|p2a: Tyranitar|spe|1\n|move|p1a: John|Overheat|p2a: Tyranitar\n|-resisted|p2a: Tyranitar\n|-damage|p2a: Tyranitar|66\/100\n|-unboost|p1a: John|spa|2\n|\n|-weather|Sandstorm|[upkeep]\n|-damage|p1a: John|33\/100 psn|[from] Sandstorm\n|-heal|p2a: Tyranitar|73\/100|[from] item: Leftovers\n|-damage|p1a: John|21\/100 psn|[from] psn\n|upkeep\n|turn|8\n|\n|t:|1698463589\n|switch|p1a: vamp|Gliscor, M, shiny|100\/100\n|-damage|p1a: vamp|88\/100|[from] Stealth Rock\n|move|p2a: Tyranitar|Knock Off|p1a: vamp\n|-damage|p1a: vamp|61\/100\n|-enditem|p1a: vamp|Toxic Orb|[from] move: Knock Off|[of] p2a: Tyranitar\n|\n|-weather|none\n|-heal|p2a: Tyranitar|79\/100|[from] item: Leftovers\n|upkeep\n|turn|9\n|\n|t:|1698463599\n|switch|p2a: Forretress|Forretress, M|83\/100\n|-activate|p2a: Forretress|move: Sticky Web\n|-unboost|p2a: Forretress|spe|1\n|move|p1a: vamp|U-turn|p2a: Forretress\n|-resisted|p2a: Forretress\n|-damage|p2a: Forretress|79\/100\n|\n|t:|1698463610\n|switch|p1a: Rip Van Winkle|Regieleki|100\/100|[from] U-turn\n|-status|p1a: Rip Van Winkle|psn\n|-damage|p1a: Rip Van Winkle|88\/100 psn|[from] Stealth Rock\n|\n|-heal|p2a: Forretress|85\/100|[from] item: Leftovers\n|-damage|p1a: Rip Van Winkle|76\/100 psn|[from] psn\n|upkeep\n|turn|10\n|c| Willish6634|GO JUDGEWARD\n|\n|t:|1698463619\n|switch|p2a: Tyranitar|Tyranitar, F|79\/100\n|-activate|p2a: Tyranitar|move: Sticky Web\n|-unboost|p2a: Tyranitar|spe|1\n|-weather|Sandstorm|[from] ability: Sand Stream|[of] p2a: Tyranitar\n|move|p1a: Rip Van Winkle|Thunderbolt|p2a: Tyranitar\n|-damage|p2a: Tyranitar|50\/100\n|-damage|p1a: Rip Van Winkle|66\/100 psn|[from] item: Life Orb\n|\n|-weather|Sandstorm|[upkeep]\n|-damage|p1a: Rip Van Winkle|60\/100 psn|[from] Sandstorm\n|-heal|p2a: Tyranitar|56\/100|[from] item: Leftovers\n|-damage|p1a: Rip Van Winkle|48\/100 psn|[from] psn\n|upkeep\n|turn|11\n|\n|t:|1698463634\n|move|p2a: Tyranitar|Protect|p2a: Tyranitar\n|-singleturn|p2a: Tyranitar|Protect\n|move|p1a: Rip Van Winkle|Rapid Spin|p2a: Tyranitar\n|-activate|p2a: Tyranitar|move: Protect\n|\n|-weather|Sandstorm|[upkeep]\n|-damage|p1a: Rip Van Winkle|42\/100 psn|[from] Sandstorm\n|-heal|p2a: Tyranitar|62\/100|[from] item: Leftovers\n|-damage|p1a: Rip Van Winkle|29\/100 psn|[from] psn\n|upkeep\n|turn|12\n|\n|t:|1698463643\n|switch|p2a: Gengar|Gengar, M|100\/100\n|-activate|p2a: Gengar|move: Sticky Web\n|-unboost|p2a: Gengar|spe|1\n|move|p1a: Rip Van Winkle|Volt Switch|p2a: Gengar\n|-damage|p2a: Gengar|8\/100\n|-damage|p1a: Rip Van Winkle|19\/100 psn|[from] item: Life Orb\n|\n|t:|1698463653\n|switch|p1a: Raymundo|Roaring Moon|100\/100|[from] Volt Switch\n|-status|p1a: Raymundo|psn\n|-damage|p1a: Raymundo|88\/100 psn|[from] Stealth Rock\n|-enditem|p1a: Raymundo|Booster Energy\n|-activate|p1a: Raymundo|ability: Protosynthesis|[fromitem]\n|-start|p1a: Raymundo|protosynthesisatk\n|\n|-weather|Sandstorm|[upkeep]\n|-damage|p1a: Raymundo|82\/100 psn|[from] Sandstorm\n|-damage|p2a: Gengar|2\/100|[from] Sandstorm\n|-damage|p1a: Raymundo|70\/100 psn|[from] psn\n|upkeep\n|turn|13\n|\n|t:|1698463668\n|move|p1a: Raymundo|Throat Chop|p2a: Gengar\n|-supereffective|p2a: Gengar\n|-damage|p2a: Gengar|0 fnt\n|faint|p2a: Gengar\n|\n|-weather|Sandstorm|[upkeep]\n|-damage|p1a: Raymundo|64\/100 psn|[from] Sandstorm\n|-damage|p1a: Raymundo|52\/100 psn|[from] psn\n|upkeep\n|\n|t:|1698463681\n|switch|p2a: Forretress|Forretress, M|85\/100\n|-activate|p2a: Forretress|move: Sticky Web\n|-unboost|p2a: Forretress|spe|1\n|turn|14\n|\n|t:|1698463720\n|-end|p1a: Raymundo|Protosynthesis|[silent]\n|switch|p1a: Rip Van Winkle|Regieleki|19\/100 psn\n|-damage|p1a: Rip Van Winkle|7\/100 psn|[from] Stealth Rock\n|move|p2a: Forretress|Rapid Spin|p1a: Rip Van Winkle\n|-damage|p1a: Rip Van Winkle|0 fnt\n|-boost|p2a: Forretress|spe|1\n|-sideend|p2: mklgd|Sticky Web|[from] move: Rapid Spin|[of] p2a: Forretress\n|faint|p1a: Rip Van Winkle\n|\n|-weather|none\n|-heal|p2a: Forretress|91\/100|[from] item: Leftovers\n|upkeep\n|\n|t:|1698463730\n|switch|p1a: Judgie jr|Palafin-Hero, M, shiny|82\/100 psn\n|-damage|p1a: Judgie jr|70\/100 psn|[from] Stealth Rock\n|turn|15\n|\n|t:|1698463734\n|move|p1a: Judgie jr|Close Combat|p2a: Forretress\n|-damage|p2a: Forretress|62\/100\n|-unboost|p1a: Judgie jr|def|1\n|-unboost|p1a: Judgie jr|spd|1\n|move|p2a: Forretress|Volt Switch|p1a: Judgie jr\n|-supereffective|p1a: Judgie jr\n|-damage|p1a: Judgie jr|35\/100 psn\n|\n|t:|1698463742\n|switch|p2a: Ogerpon|Ogerpon-Cornerstone, F|100\/100|[from] Volt Switch\n|\n|-damage|p1a: Judgie jr|22\/100 psn|[from] psn\n|upkeep\n|turn|16\n|c|\u2606Judgie|ggs\n|\n|t:|1698463756\n|switch|p1a: John|Chi-Yu|21\/100 psn\n|-damage|p1a: John|0 fnt|[from] Stealth Rock\n|faint|p1a: John\n|move|p2a: Ogerpon|Horn Leech|p1: John|[notarget]\n|-fail|p2a: Ogerpon\n|\n|upkeep\n|c|\u2606mklgd|gg\n|\n|t:|1698463766\n|switch|p1a: Raymundo|Roaring Moon|52\/100 psn\n|-damage|p1a: Raymundo|40\/100 psn|[from] Stealth Rock\n|turn|17\n|\n|t:|1698463774\n|move|p1a: Raymundo|Iron Head|p2a: Ogerpon\n|-supereffective|p2a: Ogerpon\n|-damage|p2a: Ogerpon|24\/100\n|move|p2a: Ogerpon|Ivy Cudgel|p1a: Raymundo\n|-damage|p1a: Raymundo|0 fnt\n|faint|p1a: Raymundo\n|-end|p1a: Raymundo|Protosynthesis|[silent]\n|\n|upkeep\n|\n|t:|1698463783\n|switch|p1a: vamp|Gliscor, M, shiny|61\/100\n|-damage|p1a: vamp|48\/100|[from] Stealth Rock\n|turn|18\n|\n|t:|1698463790\n|-terastallize|p1a: vamp|Water\n|move|p2a: Ogerpon|Horn Leech|p1a: vamp\n|-supereffective|p1a: vamp\n|-crit|p1a: vamp\n|-damage|p1a: vamp|0 fnt\n|-heal|p2a: Ogerpon|52\/100|[from] drain|[of] p1a: vamp\n|faint|p1a: vamp\n|\n|upkeep\n|\n|t:|1698463797\n|switch|p1a: Judgie jr|Palafin-Hero, M, shiny|22\/100 psn\n|-damage|p1a: Judgie jr|10\/100 psn|[from] Stealth Rock\n|turn|19\n|\n|t:|1698463801\n|move|p2a: Ogerpon|Horn Leech|p1a: Judgie jr\n|-supereffective|p1a: Judgie jr\n|-damage|p1a: Judgie jr|0 fnt\n|-heal|p2a: Ogerpon|58\/100|[from] drain|[of] p1a: Judgie jr\n|faint|p1a: Judgie jr\n|\n|win|mklgd\n|c| Willish6634|dagum\n|l|\u2606mklgd\n|l| Lillyrosethedemon\n|l|\u2606Judgie\n|l| bandit_tpl\n|l| ampharosaunt11\n|l| Willish6634\n","uploadtime":1698463811,"views":32,"p1id":"judgie","p2id":"mklgd","formatid":"gen9ubers","rating":0,"private":0,"password":""}