{"id":"gen9ubers-1982371958","p1":"stampydog","p2":"amosamoswong","format":"[Gen 9] Ubers","log":"|j|\u2606stampydog\n|j|\u2606amosamoswong\n|t:|1699005759\n|gametype|singles\n|player|p1|stampydog|ethan|\n|player|p2|amosamoswong|teamrocket|\n|teamsize|p1|6\n|teamsize|p2|6\n|gen|9\n|tier|[Gen 9] Ubers\n|rule|Sleep Clause Mod: Limit one foe put to sleep\n|rule|Species Clause: Limit one of each Pok\u00e9mon\n|rule|OHKO Clause: OHKO moves are banned\n|rule|Evasion Items Clause: Evasion items are banned\n|rule|Evasion Moves Clause: Evasion moves are banned\n|rule|Endless Battle Clause: Forcing endless battles is banned\n|rule|HP Percentage Mod: HP is shown in percentages\n|clearpoke\n|poke|p1|Magearna|\n|poke|p1|Shaymin-Sky|\n|poke|p1|Arceus-Fire|\n|poke|p1|Zacian-*|\n|poke|p1|Palkia-Origin|\n|poke|p1|Giratina|\n|poke|p2|Pelipper, M|\n|poke|p2|Palafin, F|\n|poke|p2|Basculegion-F, F|\n|poke|p2|Dialga|\n|poke|p2|Zacian-*|\n|poke|p2|Cyclizar, F|\n|teampreview\n|c|\u2606amosamoswong|thank you for waiting\n|c|\u2606amosamoswong|glhf\n|c|\u2606stampydog|u2\n|\n|t:|1699005880\n|start\n|switch|p1a: Magearna|Magearna|100\/100\n|switch|p2a: Palafin|Palafin, F|100\/100\n|turn|1\n|\n|t:|1699005887\n|detailschange|p2a: Palafin|Palafin-Hero, F\n|switch|p2a: Dialga|Dialga|100\/100\n|-ability|p2a: Dialga|Pressure\n|move|p1a: Magearna|Spikes|p2a: Dialga\n|-sidestart|p2: amosamoswong|Spikes\n|\n|upkeep\n|turn|2\n|\n|t:|1699005913\n|move|p2a: Dialga|Stealth Rock|p1a: Magearna\n|-sidestart|p1: stampydog|move: Stealth Rock\n|move|p1a: Magearna|Volt Switch|p2a: Dialga\n|-resisted|p2a: Dialga\n|-damage|p2a: Dialga|92\/100\n|\n|t:|1699005929\n|switch|p1a: Shaymin|Shaymin-Sky|100\/100|[from] Volt Switch\n|\n|-heal|p2a: Dialga|98\/100|[from] item: Leftovers\n|upkeep\n|turn|3\n|\n|t:|1699005937\n|move|p1a: Shaymin|Substitute|p1a: Shaymin\n|-start|p1a: Shaymin|Substitute\n|-damage|p1a: Shaymin|76\/100\n|move|p2a: Dialga|Thunder Wave||[still]\n|-fail|p2a: Dialga\n|\n|-heal|p2a: Dialga|100\/100|[from] item: Leftovers\n|upkeep\n|turn|4\n|\n|t:|1699005943\n|move|p1a: Shaymin|Earth Power|p2a: Dialga\n|-supereffective|p2a: Dialga\n|-damage|p2a: Dialga|48\/100\n|move|p2a: Dialga|Roar|p1a: Shaymin\n|drag|p1a: Zacian|Zacian|100\/100\n|-damage|p1a: Zacian|88\/100|[from] Stealth Rock\n|-ability|p1a: Zacian|Intrepid Sword|boost\n|-boost|p1a: Zacian|atk|1\n|\n|-heal|p2a: Dialga|54\/100|[from] item: Leftovers\n|upkeep\n|turn|5\n|\n|t:|1699005970\n|switch|p2a: Pelipper|Pelipper, M|100\/100\n|-weather|RainDance|[from] ability: Drizzle|[of] p2a: Pelipper\n|move|p1a: Zacian|Play Rough|p2a: Pelipper\n|-damage|p2a: Pelipper|0 fnt\n|faint|p2a: Pelipper\n|\n|-weather|RainDance|[upkeep]\n|upkeep\n|\n|t:|1699006044\n|switch|p2a: Zacian|Zacian|100\/100\n|-damage|p2a: Zacian|88\/100|[from] Spikes\n|-ability|p2a: Zacian|Intrepid Sword|boost\n|-boost|p2a: Zacian|atk|1\n|turn|6\n|\n|t:|1699006065\n|move|p1a: Zacian|Play Rough|p2a: Zacian\n|-damage|p2a: Zacian|0 fnt\n|faint|p2a: Zacian\n|\n|-weather|RainDance|[upkeep]\n|upkeep\n|\n|t:|1699006084\n|switch|p2a: Palafin|Palafin-Hero, F|100\/100\n|-damage|p2a: Palafin|88\/100|[from] Spikes\n|-activate|p2a: Palafin|ability: Zero to Hero\n|turn|7\n|\n|t:|1699006089\n|move|p2a: Palafin|Jet Punch|p1a: Zacian\n|-damage|p1a: Zacian|41\/100\n|move|p1a: Zacian|Play Rough|p2a: Palafin\n|-damage|p2a: Palafin|0 fnt\n|faint|p2a: Palafin\n|\n|-weather|RainDance|[upkeep]\n|upkeep\n|\n|t:|1699006095\n|switch|p2a: Basculegion|Basculegion-F, F|100\/100\n|-damage|p2a: Basculegion|88\/100|[from] Spikes\n|turn|8\n|\n|t:|1699006100\n|move|p2a: Basculegion|Last Respects|p1a: Zacian\n|-damage|p1a: Zacian|0 fnt\n|faint|p1a: Zacian\n|\n|-weather|RainDance|[upkeep]\n|upkeep\n|\n|t:|1699006114\n|switch|p1a: Magearna|Magearna|100\/100\n|-damage|p1a: Magearna|94\/100|[from] Stealth Rock\n|turn|9\n|\n|t:|1699006132\n|-terastallize|p2a: Basculegion|Ghost\n|move|p2a: Basculegion|Last Respects|p1a: Magearna\n|-damage|p1a: Magearna|0 fnt\n|faint|p1a: Magearna\n|\n|-weather|RainDance|[upkeep]\n|upkeep\n|\n|t:|1699006181\n|switch|p1a: Giratina|Giratina|100\/100\n|-damage|p1a: Giratina|88\/100|[from] Stealth Rock\n|-ability|p1a: Giratina|Pressure\n|turn|10\n|\n|t:|1699006204\n|move|p2a: Basculegion|Last Respects|p1a: Giratina\n|-supereffective|p1a: Giratina\n|-damage|p1a: Giratina|0 fnt\n|faint|p1a: Giratina\n|\n|-weather|RainDance|[upkeep]\n|upkeep\n|\n|t:|1699006209\n|switch|p1a: Palkia|Palkia-Origin|100\/100\n|-damage|p1a: Palkia|88\/100|[from] Stealth Rock\n|-ability|p1a: Palkia|Pressure\n|turn|11\n|\n|t:|1699006229\n|move|p2a: Basculegion|Last Respects|p1a: Palkia\n|-damage|p1a: Palkia|0 fnt\n|faint|p1a: Palkia\n|\n|-weather|RainDance|[upkeep]\n|upkeep\n|\n|t:|1699006234\n|switch|p1a: Arceus|Arceus-Fire|100\/100\n|-damage|p1a: Arceus|76\/100|[from] Stealth Rock\n|turn|12\n|\n|t:|1699006246\n|move|p2a: Basculegion|Last Respects|p1a: Arceus\n|-damage|p1a: Arceus|0 fnt\n|faint|p1a: Arceus\n|\n|-weather|none\n|upkeep\n|\n|t:|1699006251\n|switch|p1a: Shaymin|Shaymin-Sky|76\/100\n|turn|13\n|\n|t:|1699006270\n|switch|p2a: Dialga|Dialga|54\/100\n|-damage|p2a: Dialga|41\/100|[from] Spikes\n|-ability|p2a: Dialga|Pressure\n|-terastallize|p1a: Shaymin|Grass\n|move|p1a: Shaymin|Seed Flare|p2a: Dialga\n|-resisted|p2a: Dialga\n|-damage|p2a: Dialga|26\/100\n|-unboost|p2a: Dialga|spd|2\n|\n|-heal|p2a: Dialga|32\/100|[from] item: Leftovers\n|upkeep\n|turn|14\n|\n|t:|1699006284\n|move|p1a: Shaymin|Substitute|p1a: Shaymin\n|-start|p1a: Shaymin|Substitute\n|-damage|p1a: Shaymin|51\/100\n|move|p2a: Dialga|Thunder Wave||[still]\n|-fail|p2a: Dialga\n|\n|-heal|p2a: Dialga|38\/100|[from] item: Leftovers\n|upkeep\n|turn|15\n|\n|t:|1699006290\n|move|p1a: Shaymin|Earth Power|p2a: Dialga\n|-supereffective|p2a: Dialga\n|-damage|p2a: Dialga|0 fnt\n|faint|p2a: Dialga\n|\n|upkeep\n|\n|t:|1699006296\n|switch|p2a: Cyclizar|Cyclizar, F|100\/100\n|turn|16\n|\n|t:|1699006318\n|move|p1a: Shaymin|Air Slash|p2a: Cyclizar\n|-damage|p2a: Cyclizar|45\/100\n|cant|p2a: Cyclizar|flinch\n|\n|upkeep\n|turn|17\n|\n|t:|1699006326\n|move|p1a: Shaymin|Air Slash|p2a: Cyclizar\n|-damage|p2a: Cyclizar|0 fnt\n|faint|p2a: Cyclizar\n|\n|upkeep\n|\n|t:|1699006329\n|switch|p2a: Basculegion|Basculegion-F, F, tera:Ghost|88\/100\n|-damage|p2a: Basculegion|76\/100|[from] Spikes\n|turn|18\n|\n|t:|1699006341\n|move|p1a: Shaymin|Seed Flare|p2a: Basculegion\n|-damage|p2a: Basculegion|0 fnt\n|faint|p2a: Basculegion\n|\n|win|stampydog\n|c|\u2606stampydog|gg\n|c|\u2606amosamoswong|ggs\n|l|\u2606amosamoswong\n|j|\u2606amosamoswong\n|player|p2|amosamoswong|teamrocket\n|c|\u2606stampydog|is it Bo3?\n|l|\u2606amosamoswong\n|player|p2|\n","uploadtime":1699006368,"views":26,"p1id":"stampydog","p2id":"amosamoswong","formatid":"gen9ubers","rating":0,"private":0,"password":""}