{"id":"gen9ubers-1971418554","p1":"Manatsu","p2":"silastf","format":"[Gen 9] Ubers","log":"|j|\u2606Manatsu\n|j|\u2606silastf\n|t:|1697736950\n|gametype|singles\n|player|p1|Manatsu|1|\n|player|p2|silastf|265|\n|teamsize|p1|6\n|teamsize|p2|6\n|gen|9\n|tier|[Gen 9] Ubers\n|rule|Sleep Clause Mod: Limit one foe put to sleep\n|rule|Species Clause: Limit one of each Pok\u00e9mon\n|rule|OHKO Clause: OHKO moves are banned\n|rule|Evasion Items Clause: Evasion items are banned\n|rule|Evasion Moves Clause: Evasion moves are banned\n|rule|Endless Battle Clause: Forcing endless battles is banned\n|rule|HP Percentage Mod: HP is shown in percentages\n|clearpoke\n|poke|p1|Walking Wake|\n|poke|p1|Ogerpon-Cornerstone, F|\n|poke|p1|Iron Bundle|\n|poke|p1|Clodsire, M|\n|poke|p1|Slither Wing|\n|poke|p1|Torkoal, M|\n|poke|p2|Leavanny, M|\n|poke|p2|Hatterene, F|\n|poke|p2|Garchomp, F|\n|poke|p2|Rotom-Wash|\n|poke|p2|Infernape, M|\n|poke|p2|Tinkaton, F|\n|teampreview\n|inactive|Battle timer is ON: inactive players will automatically lose when time's up. (requested by Manatsu)\n|c|\u2606silastf|Haha called it!\n|\n|t:|1697736976\n|start\n|switch|p1a: Clodsire|Clodsire, M|100\/100\n|switch|p2a: Hatterene|Hatterene, F|100\/100\n|turn|1\n|c|\u2606silastf|Sorry I did not know you would be at work!\n|inactive|Manatsu has 270 seconds left.\n|inactive|silastf has 270 seconds left.\n|\n|t:|1697737022\n|switch|p1a: Torkoal|Torkoal, M|100\/100\n|-weather|SunnyDay|[from] ability: Drought|[of] p1a: Torkoal\n|move|p2a: Hatterene|Psychic|p1a: Torkoal\n|-damage|p1a: Torkoal|34\/100\n|\n|-weather|SunnyDay|[upkeep]\n|upkeep\n|turn|2\n|inactive|Manatsu has 270 seconds left.\n|\n|t:|1697737038\n|move|p1a: Torkoal|Lava Plume|p2a: Hatterene\n|-damage|p2a: Hatterene|60\/100\n|-status|p2a: Hatterene|brn\n|move|p2a: Hatterene|Trick Room|p2a: Hatterene\n|-fieldstart|move: Trick Room|[of] p2a: Hatterene\n|\n|-weather|SunnyDay|[upkeep]\n|-heal|p2a: Hatterene|66\/100 brn|[from] item: Leftovers\n|-damage|p2a: Hatterene|60\/100 brn|[from] brn\n|upkeep\n|turn|3\n|inactive|Manatsu has 270 seconds left.\n|\n|t:|1697737064\n|move|p1a: Torkoal|Lava Plume|p2a: Hatterene\n|-damage|p2a: Hatterene|22\/100 brn\n|move|p2a: Hatterene|Psychic|p1a: Torkoal\n|-damage|p1a: Torkoal|0 fnt\n|faint|p1a: Torkoal\n|\n|-weather|SunnyDay|[upkeep]\n|-heal|p2a: Hatterene|28\/100 brn|[from] item: Leftovers\n|-damage|p2a: Hatterene|22\/100 brn|[from] brn\n|upkeep\n|inactive|Manatsu has 240 seconds left.\n|\n|t:|1697737084\n|switch|p1a: Slither Wing|Slither Wing|100\/100\n|-activate|p1a: Slither Wing|ability: Protosynthesis\n|-start|p1a: Slither Wing|protosynthesisatk\n|turn|4\n|inactive|Manatsu has 240 seconds left.\n|inactive|silastf has 270 seconds left.\n|\n|t:|1697737091\n|move|p1a: Slither Wing|First Impression|p2a: Hatterene\n|-damage|p2a: Hatterene|0 fnt\n|faint|p2a: Hatterene\n|\n|-weather|SunnyDay|[upkeep]\n|upkeep\n|inactive|silastf has 270 seconds left.\n|\n|t:|1697737103\n|switch|p2a: Infernape|Infernape, M|100\/100\n|turn|5\n|\n|t:|1697737107\n|-end|p1a: Slither Wing|Protosynthesis|[silent]\n|switch|p1a: Clodsire|Clodsire, M|100\/100\n|move|p2a: Infernape|Fire Punch|p1a: Clodsire\n|-damage|p1a: Clodsire|0 fnt\n|faint|p1a: Clodsire\n|-damage|p2a: Infernape|91\/100|[from] item: Life Orb\n|\n|-weather|SunnyDay|[upkeep]\n|upkeep\n|\n|t:|1697737120\n|switch|p1a: Slither Wing|Slither Wing|100\/100\n|-activate|p1a: Slither Wing|ability: Protosynthesis\n|-start|p1a: Slither Wing|protosynthesisatk\n|turn|6\n|inactive|silastf has 270 seconds left.\n|inactive|silastf has 240 seconds left.\n|j| Yveltql\n|\n|t:|1697737194\n|move|p2a: Infernape|Fire Punch|p1a: Slither Wing\n|-supereffective|p1a: Slither Wing\n|-damage|p1a: Slither Wing|0 fnt\n|faint|p1a: Slither Wing\n|-end|p1a: Slither Wing|Protosynthesis|[silent]\n|-damage|p2a: Infernape|81\/100|[from] item: Life Orb\n|\n|-weather|SunnyDay|[upkeep]\n|-fieldend|move: Trick Room\n|upkeep\n|j| Oliverpup\n|inactive|Manatsu has 240 seconds left.\n|\n|t:|1697737221\n|switch|p1a: Walking Wake|Walking Wake|100\/100\n|-activate|p1a: Walking Wake|ability: Protosynthesis\n|-start|p1a: Walking Wake|protosynthesisspe\n|turn|7\n|\n|t:|1697737238\n|switch|p2a: Leavanny|Leavanny, M, shiny|100\/100\n|move|p1a: Walking Wake|Hydro Steam|p2a: Leavanny\n|-resisted|p2a: Leavanny\n|-damage|p2a: Leavanny|38\/100\n|\n|-weather|SunnyDay|[upkeep]\n|upkeep\n|turn|8\n|\n|t:|1697737245\n|move|p2a: Leavanny|Leaf Blade|p1a: Walking Wake\n|-damage|p1a: Walking Wake|56\/100\n|move|p1a: Walking Wake|Hydro Steam|p2a: Leavanny\n|-resisted|p2a: Leavanny\n|-damage|p2a: Leavanny|0 fnt\n|faint|p2a: Leavanny\n|\n|-weather|none\n|-end|p1a: Walking Wake|Protosynthesis\n|upkeep\n|\n|t:|1697737259\n|switch|p2a: Garchomp|Garchomp, F|100\/100\n|turn|9\n|inactive|Manatsu has 240 seconds left.\n|\n|t:|1697737271\n|-end|p1a: Walking Wake|Protosynthesis|[silent]\n|switch|p1a: Ogerpon|Ogerpon-Cornerstone, F|100\/100\n|move|p2a: Garchomp|Outrage|p1a: Ogerpon\n|-damage|p1a: Ogerpon|23\/100\n|\n|upkeep\n|turn|10\n|inactive|Manatsu has 240 seconds left.\n|\n|t:|1697737281\n|move|p2a: Garchomp|Outrage|p1a: Ogerpon|[from]lockedmove\n|-damage|p1a: Ogerpon|0 fnt\n|faint|p1a: Ogerpon\n|\n|upkeep\n|\n|t:|1697737284\n|switch|p1a: Iron Bundle|Iron Bundle|100\/100\n|turn|11\n|\n|t:|1697737294\n|move|p1a: Iron Bundle|Ice Beam|p2a: Garchomp\n|-supereffective|p2a: Garchomp\n|-damage|p2a: Garchomp|0 fnt\n|faint|p2a: Garchomp\n|\n|upkeep\n|\n|t:|1697737298\n|switch|p2a: Infernape|Infernape, M|81\/100\n|turn|12\n|inactive|Manatsu has 240 seconds left.\n|inactive|Manatsu has 210 seconds left.\n|\n|t:|1697737354\n|move|p1a: Iron Bundle|Ice Beam|p2a: Infernape\n|-resisted|p2a: Infernape\n|-damage|p2a: Infernape|52\/100\n|move|p2a: Infernape|Fire Punch|p1a: Iron Bundle\n|-damage|p1a: Iron Bundle|37\/100\n|-damage|p2a: Infernape|43\/100|[from] item: Life Orb\n|\n|upkeep\n|turn|13\n|inactive|Manatsu has 210 seconds left.\n|\n|t:|1697737364\n|-end|p1a: Iron Bundle|Quark Drive|[silent]\n|switch|p1a: Walking Wake|Walking Wake|56\/100\n|move|p2a: Infernape|Drain Punch|p1a: Walking Wake\n|-damage|p1a: Walking Wake|0 fnt\n|-heal|p2a: Infernape|69\/100|[from] drain|[of] p1a: Walking Wake\n|faint|p1a: Walking Wake\n|-end|p1a: Walking Wake|Protosynthesis|[silent]\n|-damage|p2a: Infernape|59\/100|[from] item: Life Orb\n|\n|upkeep\n|\n|t:|1697737368\n|switch|p1a: Iron Bundle|Iron Bundle|37\/100\n|turn|14\n|\n|t:|1697737378\n|move|p1a: Iron Bundle|Hydro Pump|p2a: Infernape\n|-supereffective|p2a: Infernape\n|-damage|p2a: Infernape|0 fnt\n|faint|p2a: Infernape\n|\n|upkeep\n|\n|t:|1697737381\n|switch|p2a: Tinkaton|Tinkaton, F|100\/100\n|-ability|p2a: Tinkaton|Mold Breaker\n|turn|15\n|\n|t:|1697737386\n|move|p2a: Tinkaton|Fake Out|p1a: Iron Bundle\n|-damage|p1a: Iron Bundle|21\/100\n|-damage|p2a: Tinkaton|91\/100|[from] item: Life Orb\n|cant|p1a: Iron Bundle|flinch\n|\n|upkeep\n|turn|16\n|\n|t:|1697737391\n|move|p1a: Iron Bundle|Hydro Pump|p2a: Tinkaton|[miss]\n|-miss|p1a: Iron Bundle|p2a: Tinkaton\n|move|p2a: Tinkaton|Gigaton Hammer|p1a: Iron Bundle\n|-damage|p1a: Iron Bundle|0 fnt\n|faint|p1a: Iron Bundle\n|-end|p1a: Iron Bundle|Quark Drive|[silent]\n|-damage|p2a: Tinkaton|81\/100|[from] item: Life Orb\n|\n|win|silastf\n|c|\u2606silastf|GG\n|l|\u2606Manatsu\n","uploadtime":1697737406,"views":50,"p1id":"manatsu","p2id":"silastf","formatid":"gen9ubers","rating":0,"private":0,"password":""}