{"id":"gen9ubers-1983600370","p1":"Arpitraj1","p2":"Taka","format":"[Gen 9] Ubers","log":"|j|\u2606Arpitraj1\n|j|\u2606Taka\n|t:|1699147999\n|gametype|singles\n|player|p1|Arpitraj1|anabel|\n|player|p2|Taka|#bssplviiidavesdragonairs|\n|teamsize|p1|6\n|teamsize|p2|6\n|gen|9\n|tier|[Gen 9] Ubers\n|rated|Tournament battle\n|rule|Sleep Clause Mod: Limit one foe put to sleep\n|rule|Species Clause: Limit one of each Pok\u00e9mon\n|rule|OHKO Clause: OHKO moves are banned\n|rule|Evasion Items Clause: Evasion items are banned\n|rule|Evasion Moves Clause: Evasion moves are banned\n|rule|Endless Battle Clause: Forcing endless battles is banned\n|rule|HP Percentage Mod: HP is shown in percentages\n|clearpoke\n|poke|p1|Ditto|\n|poke|p1|Arceus|\n|poke|p1|Koraidon|\n|poke|p1|Miraidon|\n|poke|p1|Ribombee, F|\n|poke|p1|Kyogre|\n|poke|p2|Ribombee, M|\n|poke|p2|Miraidon|\n|poke|p2|Arceus-Ground|\n|poke|p2|Groudon|\n|poke|p2|Zacian-*|\n|poke|p2|Koraidon|\n|teampreview\n|inactive|Battle timer is ON: inactive players will automatically lose when time's up. (requested by Taka)\n|inactive|Arpitraj1 also wants the timer to be on.\n|\n|t:|1699148009\n|start\n|switch|p1a: Ribombee|Ribombee, F|100\/100\n|switch|p2a: Ribombee|Ribombee, M|100\/100\n|turn|1\n|j| Frito \u2764\n|inactive|Taka has 120 seconds left.\n|\n|t:|1699148058\n|move|p2a: Ribombee|Sticky Web|p1a: Ribombee\n|-sidestart|p1: Arpitraj1|move: Sticky Web\n|move|p1a: Ribombee|Sticky Web|p2a: Ribombee\n|-sidestart|p2: Taka|move: Sticky Web\n|\n|upkeep\n|turn|2\n|\n|t:|1699148067\n|move|p1a: Ribombee|Stun Spore|p2a: Ribombee\n|-status|p2a: Ribombee|par\n|cant|p2a: Ribombee|par\n|\n|upkeep\n|turn|3\n|j| ThePlumber7\n|\n|t:|1699148079\n|move|p1a: Ribombee|Moonblast|p2a: Ribombee\n|-damage|p2a: Ribombee|28\/100 par\n|cant|p2a: Ribombee|par\n|\n|upkeep\n|turn|4\n|inactive|Taka has 120 seconds left.\n|\n|t:|1699148086\n|move|p1a: Ribombee|Moonblast|p2a: Ribombee\n|-damage|p2a: Ribombee|0 fnt\n|faint|p2a: Ribombee\n|\n|upkeep\n|\n|t:|1699148090\n|switch|p2a: Groudon|Groudon|100\/100\n|-activate|p2a: Groudon|move: Sticky Web\n|-unboost|p2a: Groudon|spe|1\n|-weather|SunnyDay|[from] ability: Drought|[of] p2a: Groudon\n|turn|5\n|\n|t:|1699148093\n|move|p1a: Ribombee|Moonblast|p2a: Groudon\n|-damage|p2a: Groudon|55\/100\n|move|p2a: Groudon|Fire Punch|p1a: Ribombee\n|-supereffective|p1a: Ribombee\n|-enditem|p1a: Ribombee|Focus Sash\n|-damage|p1a: Ribombee|1\/100\n|-damage|p2a: Groudon|45\/100|[from] item: Life Orb\n|\n|-weather|SunnyDay|[upkeep]\n|upkeep\n|turn|6\n|\n|t:|1699148097\n|move|p1a: Ribombee|Moonblast|p2a: Groudon\n|-damage|p2a: Groudon|4\/100\n|-unboost|p2a: Groudon|spa|1\n|move|p2a: Groudon|Fire Punch|p1a: Ribombee\n|-supereffective|p1a: Ribombee\n|-damage|p1a: Ribombee|0 fnt\n|faint|p1a: Ribombee\n|-damage|p2a: Groudon|0 fnt|[from] item: Life Orb\n|faint|p2a: Groudon\n|\n|-weather|SunnyDay|[upkeep]\n|upkeep\n|\n|t:|1699148115\n|switch|p1a: Kyogre|Kyogre|100\/100\n|switch|p2a: Koraidon|Koraidon|100\/100\n|-activate|p2a: Koraidon|move: Sticky Web\n|-unboost|p2a: Koraidon|spe|1\n|-activate|p2a: Koraidon|ability: Orichalcum Pulse\n|-activate|p1a: Kyogre|move: Sticky Web\n|-unboost|p1a: Kyogre|spe|1\n|-weather|RainDance|[from] ability: Drizzle|[of] p1a: Kyogre\n|turn|7\n|inactive|Taka has 120 seconds left.\n|j| Henri's Imouto\n|inactive|Taka has 90 seconds left.\n|\n|t:|1699148179\n|move|p2a: Koraidon|Scale Shot|p1a: Kyogre|[miss]\n|-miss|p2a: Koraidon|p1a: Kyogre\n|move|p1a: Kyogre|Substitute|p1a: Kyogre\n|-start|p1a: Kyogre|Substitute\n|-damage|p1a: Kyogre|76\/100\n|\n|-weather|RainDance|[upkeep]\n|-heal|p1a: Kyogre|82\/100|[from] item: Leftovers\n|upkeep\n|turn|8\n|\n|t:|1699148188\n|move|p2a: Koraidon|Scale Shot|p1a: Kyogre\n|-activate|p1a: Kyogre|move: Substitute|[damage]\n|-activate|p1a: Kyogre|move: Substitute|[damage]\n|-end|p1a: Kyogre|Substitute\n|-damage|p1a: Kyogre|72\/100\n|-damage|p1a: Kyogre|62\/100\n|-hitcount|p1a: Kyogre|5\n|-unboost|p2a: Koraidon|def|1\n|-boost|p2a: Koraidon|spe|1\n|move|p1a: Kyogre|Ice Beam|p2a: Koraidon\n|-supereffective|p2a: Koraidon\n|-crit|p2a: Koraidon\n|-damage|p2a: Koraidon|18\/100\n|\n|-weather|RainDance|[upkeep]\n|-heal|p1a: Kyogre|68\/100|[from] item: Leftovers\n|upkeep\n|turn|9\n|j| rookierobbie\n|l| rookierobbie\n|\n|t:|1699148199\n|move|p2a: Koraidon|Scale Shot|p1a: Kyogre\n|-damage|p1a: Kyogre|58\/100\n|-damage|p1a: Kyogre|48\/100\n|-damage|p1a: Kyogre|39\/100\n|-damage|p1a: Kyogre|29\/100\n|-hitcount|p1a: Kyogre|4\n|-unboost|p2a: Koraidon|def|1\n|-boost|p2a: Koraidon|spe|1\n|move|p1a: Kyogre|Surf|p2a: Koraidon\n|-resisted|p2a: Koraidon\n|-crit|p2a: Koraidon\n|-damage|p2a: Koraidon|0 fnt\n|faint|p2a: Koraidon\n|\n|-weather|RainDance|[upkeep]\n|-heal|p1a: Kyogre|36\/100|[from] item: Leftovers\n|upkeep\n|\n|t:|1699148207\n|switch|p2a: Arceus|Arceus-Ground|100\/100\n|-activate|p2a: Arceus|move: Sticky Web\n|-unboost|p2a: Arceus|spe|1\n|turn|10\n|j| mitana\n|\n|t:|1699148211\n|move|p2a: Arceus|Earthquake|p1a: Kyogre\n|-damage|p1a: Kyogre|0 fnt\n|faint|p1a: Kyogre\n|\n|-weather|RainDance|[upkeep]\n|upkeep\n|j| Dregone\n|c| Dregone|go arpit\n|inactive|Arpitraj1 has 120 seconds left.\n|\n|t:|1699148244\n|switch|p1a: Koraidon|Koraidon|100\/100\n|-activate|p1a: Koraidon|move: Sticky Web\n|-unboost|p1a: Koraidon|spe|1\n|-weather|SunnyDay|[from] ability: Orichalcum Pulse|[of] p1a: Koraidon\n|-activate|p1a: Koraidon|Orichalcum Pulse|[source]\n|turn|11\n|inactive|Taka has 120 seconds left.\n|\n|t:|1699148266\n|move|p1a: Koraidon|Flare Blitz|p2a: Arceus\n|-damage|p2a: Arceus|43\/100\n|-damage|p1a: Koraidon|77\/100|[from] Recoil\n|move|p2a: Arceus|Dragon Dance|p2a: Arceus\n|-boost|p2a: Arceus|atk|1\n|-boost|p2a: Arceus|spe|1\n|\n|-weather|SunnyDay|[upkeep]\n|upkeep\n|turn|12\n|c|\u2606Arpitraj1|See that he the driver and i am new in uber i cant do\n|inactive|Arpitraj1 has 120 seconds left.\n|\n|t:|1699148284\n|move|p2a: Arceus|Earthquake|p1a: Koraidon\n|-damage|p1a: Koraidon|0 fnt\n|faint|p1a: Koraidon\n|\n|-weather|SunnyDay|[upkeep]\n|upkeep\n|\n|t:|1699148288\n|switch|p1a: Ditto|Ditto|100\/100\n|-activate|p1a: Ditto|move: Sticky Web\n|-unboost|p1a: Ditto|spe|1\n|-transform|p1a: Ditto|p2a: Arceus|[from] ability: Imposter\n|turn|13\n|inactive|Taka has 120 seconds left.\n|l| Frito \u2764\n|\n|t:|1699148315\n|move|p1a: Ditto|Ice Beam|p2a: Arceus\n|-supereffective|p2a: Arceus\n|-damage|p2a: Arceus|11\/100\n|move|p2a: Arceus|Earthquake|p1a: Ditto\n|-crit|p1a: Ditto\n|-damage|p1a: Ditto|0 fnt\n|faint|p1a: Ditto\n|\n|-weather|SunnyDay|[upkeep]\n|upkeep\n|c| Dregone|huh\n|c| Dregone|why didnt u eq\n|\n|t:|1699148328\n|switch|p1a: Arceus|Arceus|100\/100\n|-activate|p1a: Arceus|move: Sticky Web\n|-unboost|p1a: Arceus|spe|1\n|turn|14\n|\n|t:|1699148334\n|move|p1a: Arceus|Extreme Speed|p2a: Arceus\n|-damage|p2a: Arceus|0 fnt\n|faint|p2a: Arceus\n|\n|-weather|SunnyDay|[upkeep]\n|upkeep\n|inactive|Taka has 120 seconds left.\n|c|\u2606Arpitraj1|Eq ?? Means\n|l| mitana\n|c| Dregone|earthquake\n|inactive|Taka has 90 seconds left.\n|\n|t:|1699148370\n|switch|p2a: Zacian|Zacian-Crowned|100\/100\n|-activate|p2a: Zacian|move: Sticky Web\n|-unboost|p2a: Zacian|spe|1\n|-ability|p2a: Zacian|Intrepid Sword|boost\n|-boost|p2a: Zacian|atk|1\n|turn|15\n|c|\u2606Arpitraj1|Oh\n|\n|t:|1699148386\n|move|p1a: Arceus|Extreme Speed|p2a: Zacian\n|-resisted|p2a: Zacian\n|-damage|p2a: Zacian|76\/100\n|move|p2a: Zacian|Swords Dance|p2a: Zacian\n|-boost|p2a: Zacian|atk|2\n|\n|-weather|none\n|upkeep\n|turn|16\n|\n|t:|1699148394\n|move|p1a: Arceus|Extreme Speed|p2a: Zacian\n|-resisted|p2a: Zacian\n|-damage|p2a: Zacian|50\/100\n|move|p2a: Zacian|Behemoth Blade|p1a: Arceus\n|-damage|p1a: Arceus|0 fnt\n|faint|p1a: Arceus\n|\n|upkeep\n|\n|t:|1699148396\n|switch|p1a: Miraidon|Miraidon|100\/100\n|-activate|p1a: Miraidon|move: Sticky Web\n|-unboost|p1a: Miraidon|spe|1\n|-fieldstart|move: Electric Terrain|[from] ability: Hadron Engine|[of] p1a: Miraidon\n|turn|17\n|c| Dregone|wouldnt u have won if u just earthquaked ._.\n|\n|t:|1699148404\n|-terastallize|p1a: Miraidon|Dragon\n|move|p2a: Zacian|Play Rough|p1a: Miraidon\n|-supereffective|p1a: Miraidon\n|-damage|p1a: Miraidon|0 fnt\n|faint|p1a: Miraidon\n|\n|win|Taka\n|n|\u2606Arpitraj1|arpitraj1\n|n|\u2606Taka|taka\n|n| ThePlumber7|theplumber7\n|n| Henri's Imouto|henrisimouto\n|n| Dregone|dregone\n","uploadtime":1699148405,"views":36,"p1id":"arpitraj1","p2id":"taka","formatid":"gen9ubers","rating":0,"private":0,"password":""}