{"id":"gen9ubers-1973781269","p1":"GratedsShtickface","p2":"VloneVictini","format":"[Gen 9] Ubers","log":"|j|\u2606GratedsShtickface\n|j|\u2606VloneVictini\n|t:|1698012797\n|gametype|singles\n|player|p1|GratedsShtickface|hiker-gen4|\n|player|p2|VloneVictini|170|\n|teamsize|p1|6\n|teamsize|p2|6\n|gen|9\n|tier|[Gen 9] Ubers\n|rule|Sleep Clause Mod: Limit one foe put to sleep\n|rule|Species Clause: Limit one of each Pok\u00e9mon\n|rule|OHKO Clause: OHKO moves are banned\n|rule|Evasion Items Clause: Evasion items are banned\n|rule|Evasion Moves Clause: Evasion moves are banned\n|rule|Endless Battle Clause: Forcing endless battles is banned\n|rule|HP Percentage Mod: HP is shown in percentages\n|clearpoke\n|poke|p1|Meowscarada, M|\n|poke|p1|Dugtrio, M|\n|poke|p1|Gholdengo|\n|poke|p1|Zacian-*|\n|poke|p1|Palkia-Origin|\n|poke|p1|Arceus-Fire|\n|poke|p2|Overqwil, M|\n|poke|p2|Cyclizar, M|\n|poke|p2|Magearna|\n|poke|p2|Spectrier|\n|poke|p2|Zacian-*|\n|poke|p2|Urshifu-*, M|\n|teampreview\n|inactive|Battle timer is ON: inactive players will automatically lose when time's up. (requested by GratedsShtickface)\n|\n|t:|1698012823\n|start\n|switch|p1a: Hempurr|Meowscarada, M|100\/100\n|switch|p2a: Zacian|Zacian|100\/100\n|-ability|p2a: Zacian|Intrepid Sword|boost\n|-boost|p2a: Zacian|atk|1\n|turn|1\n|\n|t:|1698012839\n|move|p1a: Hempurr|Knock Off|p2a: Zacian\n|-resisted|p2a: Zacian\n|-damage|p2a: Zacian|80\/100\n|-enditem|p2a: Zacian|Lum Berry|[from] move: Knock Off|[of] p1a: Hempurr\n|move|p2a: Zacian|Swords Dance|p2a: Zacian\n|-boost|p2a: Zacian|atk|2\n|\n|upkeep\n|turn|2\n|\n|t:|1698012846\n|move|p1a: Hempurr|Spikes|p2a: Zacian\n|-sidestart|p2: VloneVictini|Spikes\n|move|p2a: Zacian|Play Rough|p1a: Hempurr|[miss]\n|-miss|p2a: Zacian|p1a: Hempurr\n|\n|upkeep\n|turn|3\n|\n|t:|1698012852\n|move|p1a: Hempurr|Spikes|p2a: Zacian\n|-sidestart|p2: VloneVictini|Spikes\n|move|p2a: Zacian|Play Rough|p1a: Hempurr\n|-supereffective|p1a: Hempurr\n|-enditem|p1a: Hempurr|Focus Sash\n|-damage|p1a: Hempurr|1\/100\n|\n|upkeep\n|turn|4\n|\n|t:|1698012864\n|move|p1a: Hempurr|Spikes|p2a: Zacian\n|-sidestart|p2: VloneVictini|Spikes\n|move|p2a: Zacian|Play Rough|p1a: Hempurr\n|-supereffective|p1a: Hempurr\n|-damage|p1a: Hempurr|0 fnt\n|faint|p1a: Hempurr\n|\n|upkeep\n|inactive|GratedsShtickface has 270 seconds left.\n|\n|t:|1698012895\n|switch|p1a: Ar\u0441eus-Fighting|Arceus-Fire|100\/100\n|turn|5\n|\n|t:|1698012924\n|-terastallize|p2a: Zacian|Fire\n|move|p2a: Zacian|Psychic Fangs|p1a: Ar\u0441eus-Fighting\n|-damage|p1a: Ar\u0441eus-Fighting|38\/100\n|move|p1a: Ar\u0441eus-Fighting|Dragon Dance|p1a: Ar\u0441eus-Fighting\n|-boost|p1a: Ar\u0441eus-Fighting|atk|1\n|-boost|p1a: Ar\u0441eus-Fighting|spe|1\n|\n|upkeep\n|turn|6\n|\n|t:|1698012933\n|move|p1a: Ar\u0441eus-Fighting|Earthquake|p2a: Zacian\n|-supereffective|p2a: Zacian\n|-damage|p2a: Zacian|0 fnt\n|faint|p2a: Zacian\n|\n|upkeep\n|inactive|VloneVictini has 270 seconds left.\n|\n|t:|1698012952\n|switch|p2a: Overqwil|Overqwil, M|100\/100\n|-damage|p2a: Overqwil|76\/100|[from] Spikes\n|-ability|p2a: Overqwil|Intimidate|boost\n|-unboost|p1a: Ar\u0441eus-Fighting|atk|1\n|turn|7\n|inactive|VloneVictini has 270 seconds left.\n|\n|t:|1698012982\n|move|p1a: Ar\u0441eus-Fighting|Earthquake|p2a: Overqwil\n|-supereffective|p2a: Overqwil\n|-damage|p2a: Overqwil|2\/100\n|move|p2a: Overqwil|Acupressure|p2a: Overqwil\n|-boost|p2a: Overqwil|def|2\n|\n|-heal|p2a: Overqwil|8\/100|[from] item: Leftovers\n|upkeep\n|turn|8\n|\n|t:|1698012989\n|move|p1a: Ar\u0441eus-Fighting|Recover|p1a: Ar\u0441eus-Fighting\n|-heal|p1a: Ar\u0441eus-Fighting|88\/100\n|move|p2a: Overqwil|Liquidation|p1a: Ar\u0441eus-Fighting\n|-supereffective|p1a: Ar\u0441eus-Fighting\n|-damage|p1a: Ar\u0441eus-Fighting|55\/100\n|\n|-heal|p2a: Overqwil|14\/100|[from] item: Leftovers\n|upkeep\n|turn|9\n|\n|t:|1698012994\n|move|p1a: Ar\u0441eus-Fighting|Earthquake|p2a: Overqwil\n|-supereffective|p2a: Overqwil\n|-damage|p2a: Overqwil|0 fnt\n|faint|p2a: Overqwil\n|\n|upkeep\n|inactive|VloneVictini has 270 seconds left.\n|\n|t:|1698013009\n|switch|p2a: Cyclizar|Cyclizar, M|100\/100\n|turn|10\n|\n|t:|1698013014\n|move|p1a: Ar\u0441eus-Fighting|Flare Blitz|p2a: Cyclizar\n|-resisted|p2a: Cyclizar\n|-damage|p2a: Cyclizar|37\/100\n|-damage|p1a: Ar\u0441eus-Fighting|36\/100|[from] Recoil\n|move|p2a: Cyclizar|Rapid Spin|p1a: Ar\u0441eus-Fighting\n|-damage|p1a: Ar\u0441eus-Fighting|23\/100\n|-boost|p2a: Cyclizar|spe|1\n|-sideend|p2: VloneVictini|Spikes|[from] move: Rapid Spin|[of] p2a: Cyclizar\n|\n|upkeep\n|turn|11\n|\n|t:|1698013027\n|move|p2a: Cyclizar|Draco Meteor|p1a: Ar\u0441eus-Fighting\n|-damage|p1a: Ar\u0441eus-Fighting|0 fnt\n|-unboost|p2a: Cyclizar|spa|2\n|faint|p1a: Ar\u0441eus-Fighting\n|\n|upkeep\n|\n|t:|1698013033\n|switch|p1a: Dug Diggadone|Dugtrio, M|100\/100\n|turn|12\n|\n|t:|1698013040\n|move|p2a: Cyclizar|Draco Meteor|p1a: Dug Diggadone\n|-damage|p1a: Dug Diggadone|55\/100\n|-unboost|p2a: Cyclizar|spa|2\n|move|p1a: Dug Diggadone|Earthquake|p2a: Cyclizar\n|-damage|p2a: Cyclizar|0 fnt\n|faint|p2a: Cyclizar\n|\n|upkeep\n|inactive|VloneVictini has 270 seconds left.\n|\n|t:|1698013067\n|switch|p2a: Urshifu|Urshifu, M|100\/100\n|turn|13\n|inactive|VloneVictini has 270 seconds left.\n|\n|t:|1698013079\n|switch|p1a: Sif|Zacian|100\/100\n|-ability|p1a: Sif|Intrepid Sword|boost\n|-boost|p1a: Sif|atk|1\n|move|p2a: Urshifu|Wicked Blow|p1a: Sif\n|-resisted|p1a: Sif\n|-crit|p1a: Sif\n|-damage|p1a: Sif|67\/100\n|\n|upkeep\n|turn|14\n|inactive|VloneVictini has 270 seconds left.\n|\n|t:|1698013094\n|move|p2a: Urshifu|Sucker Punch|p1a: Sif\n|-resisted|p1a: Sif\n|-damage|p1a: Sif|44\/100\n|move|p1a: Sif|Play Rough|p2a: Urshifu\n|-supereffective|p2a: Urshifu\n|-damage|p2a: Urshifu|0 fnt\n|faint|p2a: Urshifu\n|\n|upkeep\n|\n|t:|1698013097\n|switch|p2a: Magearna|Magearna|100\/100\n|turn|15\n|\n|t:|1698013118\n|move|p1a: Sif|Close Combat|p2a: Magearna\n|-damage|p2a: Magearna|54\/100\n|-unboost|p1a: Sif|def|1\n|-unboost|p1a: Sif|spd|1\n|move|p2a: Magearna|Volt Switch|p1a: Sif\n|-damage|p1a: Sif|16\/100\n|\n|t:|1698013121\n|switch|p2a: Spectrier|Spectrier|100\/100|[from] Volt Switch\n|\n|upkeep\n|turn|16\n|\n|t:|1698013134\n|switch|p2a: Magearna|Magearna|54\/100\n|move|p1a: Sif|Play Rough|p2a: Magearna\n|-resisted|p2a: Magearna\n|-damage|p2a: Magearna|24\/100\n|\n|-heal|p2a: Magearna|30\/100|[from] item: Leftovers\n|upkeep\n|turn|17\n|\n|t:|1698013142\n|move|p1a: Sif|Close Combat|p2a: Magearna\n|-damage|p2a: Magearna|0 fnt\n|-unboost|p1a: Sif|def|1\n|-unboost|p1a: Sif|spd|1\n|faint|p2a: Magearna\n|\n|upkeep\n|\n|t:|1698013144\n|switch|p2a: Spectrier|Spectrier|100\/100\n|turn|18\n|\n|t:|1698013149\n|move|p1a: Sif|Play Rough|p2a: Spectrier\n|-damage|p2a: Spectrier|7\/100\n|move|p2a: Spectrier|Shadow Ball|p1a: Sif\n|-damage|p1a: Sif|0 fnt\n|faint|p1a: Sif\n|-ability|p2a: Spectrier|Grim Neigh|boost\n|-boost|p2a: Spectrier|spa|1\n|\n|-heal|p2a: Spectrier|13\/100|[from] item: Leftovers\n|upkeep\n|\n|t:|1698013159\n|switch|p1a: Dug Diggadone|Dugtrio, M|55\/100\n|turn|19\n|\n|t:|1698013164\n|move|p1a: Dug Diggadone|Sucker Punch||[still]\n|-fail|p1a: Dug Diggadone\n|move|p2a: Spectrier|Taunt|p1a: Dug Diggadone\n|-start|p1a: Dug Diggadone|move: Taunt\n|\n|-heal|p2a: Spectrier|19\/100|[from] item: Leftovers\n|upkeep\n|turn|20\n|\n|t:|1698013172\n|move|p1a: Dug Diggadone|Sucker Punch||[still]\n|-fail|p1a: Dug Diggadone\n|move|p2a: Spectrier|Nasty Plot|p2a: Spectrier\n|-boost|p2a: Spectrier|spa|2\n|\n|-heal|p2a: Spectrier|25\/100|[from] item: Leftovers\n|upkeep\n|turn|21\n|\n|t:|1698013183\n|move|p1a: Dug Diggadone|Sucker Punch||[still]\n|-fail|p1a: Dug Diggadone\n|move|p2a: Spectrier|Nasty Plot|p2a: Spectrier\n|-boost|p2a: Spectrier|spa|2\n|\n|-heal|p2a: Spectrier|32\/100|[from] item: Leftovers\n|upkeep\n|turn|22\n|\n|t:|1698013188\n|switch|p1a: Space Honse|Palkia-Origin|100\/100\n|-ability|p1a: Space Honse|Pressure\n|move|p2a: Spectrier|Nasty Plot|p2a: Spectrier\n|-boost|p2a: Spectrier|spa|1\n|\n|-heal|p2a: Spectrier|38\/100|[from] item: Leftovers\n|upkeep\n|turn|23\n|\n|t:|1698013194\n|move|p2a: Spectrier|Draining Kiss|p1a: Space Honse\n|-supereffective|p1a: Space Honse\n|-damage|p1a: Space Honse|0 fnt\n|-heal|p2a: Spectrier|100\/100|[from] drain|[of] p1a: Space Honse\n|faint|p1a: Space Honse\n|\n|upkeep\n|\n|t:|1698013198\n|switch|p1a: Dug Diggadone|Dugtrio, M|55\/100\n|turn|24\n|\n|t:|1698013203\n|move|p1a: Dug Diggadone|Sucker Punch||[still]\n|-fail|p1a: Dug Diggadone\n|move|p2a: Spectrier|Nasty Plot|p2a: Spectrier\n|-boost|p2a: Spectrier|spa|0\n|\n|upkeep\n|turn|25\n|\n|t:|1698013207\n|switch|p1a: Jimothy|Gholdengo|100\/100\n|-item|p1a: Jimothy|Air Balloon\n|move|p2a: Spectrier|Nasty Plot|p2a: Spectrier\n|-boost|p2a: Spectrier|spa|0\n|\n|upkeep\n|turn|26\n|\n|t:|1698013211\n|move|p2a: Spectrier|Shadow Ball|p1a: Jimothy\n|-supereffective|p1a: Jimothy\n|-damage|p1a: Jimothy|0 fnt\n|-enditem|p1a: Jimothy|Air Balloon\n|faint|p1a: Jimothy\n|\n|upkeep\n|\n|t:|1698013215\n|switch|p1a: Dug Diggadone|Dugtrio, M|55\/100\n|turn|27\n|\n|t:|1698013221\n|move|p2a: Spectrier|Shadow Ball|p1a: Dug Diggadone\n|-damage|p1a: Dug Diggadone|0 fnt\n|faint|p1a: Dug Diggadone\n|\n|win|VloneVictini\n|c|\u2606GratedsShtickface|ff\n|c|\u2606GratedsShtickface|gg\n|c|\u2606VloneVictini|gg\n","uploadtime":1698013227,"views":12,"p1id":"gratedsshtickface","p2id":"vlonevictini","formatid":"gen9ubers","rating":0,"private":0,"password":""}