{"id":"gen9ubers-1991744000","p1":"Squirshawott","p2":"Astyr.Pygos","format":"[Gen 9] Ubers","log":"|j|\u2606Squirshawott\n|j|\u2606Astyr.Pygos\n|t:|1700109922\n|gametype|singles\n|player|p1|Squirshawott|hilbert-wonderlauncher|\n|player|p2|Astyr.Pygos|rosa|\n|teamsize|p1|6\n|teamsize|p2|6\n|gen|9\n|tier|[Gen 9] Ubers\n|rule|Sleep Clause Mod: Limit one foe put to sleep\n|rule|Species Clause: Limit one of each Pok\u00e9mon\n|rule|OHKO Clause: OHKO moves are banned\n|rule|Evasion Items Clause: Evasion items are banned\n|rule|Evasion Moves Clause: Evasion moves are banned\n|rule|Endless Battle Clause: Forcing endless battles is banned\n|rule|HP Percentage Mod: HP is shown in percentages\n|clearpoke\n|poke|p1|Dachsbun, M|\n|poke|p1|Tinkaton, F|\n|poke|p1|Meowscarada, M|\n|poke|p1|Landorus-Therian, M|\n|poke|p1|Arboliva, M|\n|poke|p1|Slowking, F|\n|poke|p2|Rotom-Wash|\n|poke|p2|Toxapex, M|\n|poke|p2|Grimmsnarl, M|\n|poke|p2|Iron Valiant|\n|poke|p2|Ceruledge, M|\n|poke|p2|Clodsire, M|\n|teampreview\n|j| Pkpowers310\n|j| BLACK METAL 3\n|\n|t:|1700109966\n|start\n|switch|p1a: Tinkaton|Tinkaton, F|100\/100\n|switch|p2a: Grimmsnarl|Grimmsnarl, M|100\/100\n|-item|p1a: Tinkaton|Air Balloon\n|turn|1\n|\n|t:|1700110042\n|move|p2a: Grimmsnarl|Parting Shot|p1a: Tinkaton\n|-unboost|p1a: Tinkaton|atk|1\n|-unboost|p1a: Tinkaton|spa|1\n|\n|t:|1700110046\n|switch|p2a: Toxapex|Toxapex, M|100\/100|[from] Parting Shot\n|move|p1a: Tinkaton|Brick Break|p2a: Toxapex\n|-resisted|p2a: Toxapex\n|-damage|p2a: Toxapex|98\/100\n|\n|-heal|p2a: Toxapex|100\/100|[from] item: Black Sludge\n|upkeep\n|turn|2\n|\n|t:|1700110061\n|move|p1a: Tinkaton|Stealth Rock|p2a: Toxapex\n|-sidestart|p2: Astyr.Pygos|move: Stealth Rock\n|move|p2a: Toxapex|Surf|p1a: Tinkaton\n|-damage|p1a: Tinkaton|87\/100\n|-enditem|p1a: Tinkaton|Air Balloon\n|\n|upkeep\n|turn|3\n|\n|t:|1700110084\n|move|p1a: Tinkaton|Knock Off|p2a: Toxapex\n|-damage|p2a: Toxapex|94\/100\n|-enditem|p2a: Toxapex|Black Sludge|[from] move: Knock Off|[of] p1a: Tinkaton\n|move|p2a: Toxapex|Surf|p1a: Tinkaton\n|-damage|p1a: Tinkaton|75\/100\n|\n|upkeep\n|turn|4\n|\n|t:|1700110100\n|switch|p1a: Slowking|Slowking, F|100\/100\n|move|p2a: Toxapex|Toxic|p1a: Slowking\n|-status|p1a: Slowking|tox\n|\n|-damage|p1a: Slowking|94\/100 tox|[from] psn\n|upkeep\n|turn|5\n|\n|t:|1700110124\n|switch|p2a: Grimmsnarl|Grimmsnarl, M|100\/100\n|-damage|p2a: Grimmsnarl|88\/100|[from] Stealth Rock\n|move|p1a: Slowking|Nasty Plot|p1a: Slowking\n|-boost|p1a: Slowking|spa|2\n|\n|-heal|p1a: Slowking|100\/100 tox|[from] item: Leftovers\n|-damage|p1a: Slowking|88\/100 tox|[from] psn\n|upkeep\n|turn|6\n|\n|t:|1700110142\n|move|p2a: Grimmsnarl|Light Screen|p2a: Grimmsnarl\n|-sidestart|p2: Astyr.Pygos|move: Light Screen\n|move|p1a: Slowking|Scald|p2a: Grimmsnarl\n|-damage|p2a: Grimmsnarl|57\/100\n|\n|-heal|p1a: Slowking|94\/100 tox|[from] item: Leftovers\n|-damage|p1a: Slowking|76\/100 tox|[from] psn\n|upkeep\n|turn|7\n|\n|t:|1700110155\n|move|p2a: Grimmsnarl|Reflect|p2a: Grimmsnarl\n|-sidestart|p2: Astyr.Pygos|Reflect\n|move|p1a: Slowking|Chilly Reception|p1a: Slowking\n|-weather|Snow\n|\n|t:|1700110163\n|switch|p1a: Tinkaton|Tinkaton, F|75\/100|[from] Chilly Reception\n|\n|-weather|Snow|[upkeep]\n|upkeep\n|turn|8\n|\n|t:|1700110171\n|move|p2a: Grimmsnarl|Parting Shot|p1a: Tinkaton\n|-unboost|p1a: Tinkaton|atk|1\n|-unboost|p1a: Tinkaton|spa|1\n|\n|t:|1700110174\n|switch|p2a: Ceruledge|Ceruledge, M|100\/100|[from] Parting Shot\n|-damage|p2a: Ceruledge|76\/100|[from] Stealth Rock\n|move|p1a: Tinkaton|Knock Off|p2a: Ceruledge\n|-supereffective|p2a: Ceruledge\n|-damage|p2a: Ceruledge|61\/100\n|-ability|p2a: Ceruledge|Weak Armor|boost\n|-unboost|p2a: Ceruledge|def|1\n|-boost|p2a: Ceruledge|spe|2\n|-enditem|p2a: Ceruledge|Weakness Policy\n|-boost|p2a: Ceruledge|atk|2|[from] item: Weakness Policy\n|-boost|p2a: Ceruledge|spa|2|[from] item: Weakness Policy\n|\n|-weather|Snow|[upkeep]\n|upkeep\n|turn|9\n|\n|t:|1700110262\n|switch|p1a: Dachsbun|Dachsbun, M|100\/100\n|move|p2a: Ceruledge|Bulk Up|p2a: Ceruledge\n|-boost|p2a: Ceruledge|atk|1\n|-boost|p2a: Ceruledge|def|1\n|\n|-weather|Snow|[upkeep]\n|upkeep\n|turn|10\n|\n|t:|1700110297\n|-terastallize|p1a: Dachsbun|Ground\n|move|p2a: Ceruledge|Shadow Claw|p1a: Dachsbun\n|-damage|p1a: Dachsbun|50\/100\n|-damage|p2a: Ceruledge|44\/100|[from] item: Rocky Helmet|[of] p1a: Dachsbun\n|move|p1a: Dachsbun|Psychic Fangs|p2a: Ceruledge\n|-sideend|p2: Astyr.Pygos|Reflect\n|-sideend|p2: Astyr.Pygos|move: Light Screen\n|-damage|p2a: Ceruledge|25\/100\n|-ability|p2a: Ceruledge|Weak Armor|boost\n|-unboost|p2a: Ceruledge|def|1\n|-boost|p2a: Ceruledge|spe|2\n|\n|-weather|Snow|[upkeep]\n|upkeep\n|turn|11\n|\n|t:|1700110317\n|switch|p1a: Arboliva|Arboliva, M|100\/100\n|move|p2a: Ceruledge|Shadow Claw|p1a: Arboliva\n|-immune|p1a: Arboliva\n|\n|-weather|none\n|upkeep\n|turn|12\n|\n|t:|1700110331\n|switch|p1a: Dachsbun|Dachsbun, M, tera:Ground|50\/100\n|move|p2a: Ceruledge|Bitter Blade|p1a: Dachsbun\n|-ability|p1a: Dachsbun|Well-Baked Body|boost\n|-boost|p1a: Dachsbun|def|2\n|\n|upkeep\n|turn|13\n|\n|t:|1700110391\n|move|p2a: Ceruledge|Bulk Up|p2a: Ceruledge\n|-boost|p2a: Ceruledge|atk|1\n|-boost|p2a: Ceruledge|def|1\n|move|p1a: Dachsbun|Wish|p1a: Dachsbun\n|\n|upkeep\n|turn|14\n|\n|t:|1700110408\n|move|p2a: Ceruledge|Bulk Up|p2a: Ceruledge\n|-boost|p2a: Ceruledge|atk|1\n|-boost|p2a: Ceruledge|def|1\n|move|p1a: Dachsbun|Tera Blast|p2a: Ceruledge|[anim] Tera Blast Ground\n|-supereffective|p2a: Ceruledge\n|-damage|p2a: Ceruledge|0 fnt\n|faint|p2a: Ceruledge\n|\n|-heal|p1a: Dachsbun|99\/100|[from] move: Wish|[wisher] Dachsbun\n|upkeep\n|j| Sol CPU\n|l| Sol CPU\n|\n|t:|1700110450\n|switch|p2a: Grimmsnarl|Grimmsnarl, M|57\/100\n|-damage|p2a: Grimmsnarl|44\/100|[from] Stealth Rock\n|turn|15\n|\n|t:|1700110464\n|move|p2a: Grimmsnarl|Reflect|p2a: Grimmsnarl\n|-sidestart|p2: Astyr.Pygos|Reflect\n|move|p1a: Dachsbun|Play Rough|p2a: Grimmsnarl\n|-supereffective|p2a: Grimmsnarl\n|-damage|p2a: Grimmsnarl|25\/100\n|\n|upkeep\n|turn|16\n|\n|t:|1700110487\n|move|p2a: Grimmsnarl|Parting Shot|p1a: Dachsbun\n|-unboost|p1a: Dachsbun|atk|1\n|-unboost|p1a: Dachsbun|spa|1\n|\n|t:|1700110490\n|switch|p2a: Rotom|Rotom-Wash|100\/100|[from] Parting Shot\n|-damage|p2a: Rotom|88\/100|[from] Stealth Rock\n|move|p1a: Dachsbun|Play Rough|p2a: Rotom\n|-damage|p2a: Rotom|81\/100\n|\n|-heal|p2a: Rotom|87\/100|[from] item: Leftovers\n|upkeep\n|turn|17\n|j| Sol CPU\n|\n|t:|1700110516\n|switch|p1a: Arboliva|Arboliva, M|100\/100\n|switch|p2a: Toxapex|Toxapex, M|100\/100\n|-damage|p2a: Toxapex|88\/100|[from] Stealth Rock\n|\n|upkeep\n|turn|18\n|\n|t:|1700110528\n|move|p1a: Arboliva|Leech Seed|p2a: Toxapex\n|-start|p2a: Toxapex|move: Leech Seed\n|move|p2a: Toxapex|Toxic|p1a: Arboliva\n|-status|p1a: Arboliva|tox\n|\n|-damage|p2a: Toxapex|76\/100|[from] Leech Seed|[of] p1a: Arboliva\n|-damage|p1a: Arboliva|94\/100 tox|[from] psn\n|upkeep\n|turn|19\n|l| Sol CPU\n|\n|t:|1700110561\n|switch|p2a: Clodsire|Clodsire, M|100\/100\n|-damage|p2a: Clodsire|94\/100|[from] Stealth Rock\n|move|p1a: Arboliva|Tera Blast|p2a: Clodsire\n|-damage|p2a: Clodsire|70\/100\n|\n|-damage|p1a: Arboliva|82\/100 tox|[from] psn\n|upkeep\n|turn|20\n|\n|t:|1700110582\n|move|p1a: Arboliva|Leech Seed|p2a: Clodsire\n|-start|p2a: Clodsire|move: Leech Seed\n|move|p2a: Clodsire|Curse|p2a: Clodsire\n|-unboost|p2a: Clodsire|spe|1\n|-boost|p2a: Clodsire|atk|1\n|-boost|p2a: Clodsire|def|1\n|\n|-damage|p2a: Clodsire|58\/100|[from] Leech Seed|[of] p1a: Arboliva\n|-heal|p1a: Arboliva|98\/100 tox|[silent]\n|-damage|p1a: Arboliva|80\/100 tox|[from] psn\n|upkeep\n|turn|21\n|\n|t:|1700110617\n|switch|p1a: Slowking|Slowking, F|100\/100 tox\n|move|p2a: Clodsire|Recover|p2a: Clodsire\n|-heal|p2a: Clodsire|100\/100\n|\n|-damage|p2a: Clodsire|88\/100|[from] Leech Seed|[of] p1a: Slowking\n|-damage|p1a: Slowking|94\/100 tox|[from] psn\n|upkeep\n|turn|22\n|\n|t:|1700110629\n|move|p1a: Slowking|Nasty Plot|p1a: Slowking\n|-boost|p1a: Slowking|spa|2\n|move|p2a: Clodsire|Earthquake|p1a: Slowking\n|-damage|p1a: Slowking|51\/100 tox\n|\n|-heal|p1a: Slowking|57\/100 tox|[from] item: Leftovers\n|-damage|p2a: Clodsire|76\/100|[from] Leech Seed|[of] p1a: Slowking\n|-heal|p1a: Slowking|72\/100 tox|[silent]\n|-damage|p1a: Slowking|60\/100 tox|[from] psn\n|-sideend|p2: Astyr.Pygos|Reflect\n|upkeep\n|turn|23\n|\n|t:|1700110646\n|switch|p2a: Grimmsnarl|Grimmsnarl, M|25\/100\n|-damage|p2a: Grimmsnarl|12\/100|[from] Stealth Rock\n|move|p1a: Slowking|Scald|p2a: Grimmsnarl\n|-crit|p2a: Grimmsnarl\n|-damage|p2a: Grimmsnarl|0 fnt\n|faint|p2a: Grimmsnarl\n|\n|-heal|p1a: Slowking|66\/100 tox|[from] item: Leftovers\n|-damage|p1a: Slowking|48\/100 tox|[from] psn\n|upkeep\n|\n|t:|1700110674\n|switch|p2a: Rotom|Rotom-Wash|87\/100\n|-damage|p2a: Rotom|75\/100|[from] Stealth Rock\n|turn|24\n|\n|t:|1700110695\n|switch|p1a: Arboliva|Arboliva, M|80\/100 tox\n|move|p2a: Rotom|Protect||[still]\n|-fail|p2a: Rotom\n|\n|-heal|p2a: Rotom|81\/100|[from] item: Leftovers\n|-damage|p1a: Arboliva|73\/100 tox|[from] psn\n|upkeep\n|turn|25\n|\n|t:|1700110710\n|move|p2a: Rotom|Volt Switch|p1a: Arboliva\n|-resisted|p1a: Arboliva\n|-damage|p1a: Arboliva|63\/100 tox\n|-fieldstart|move: Grassy Terrain|[from] ability: Seed Sower|[of] p1a: Arboliva\n|\n|t:|1700110724\n|switch|p2a: Toxapex|Toxapex, M|100\/100|[from] Volt Switch\n|-damage|p2a: Toxapex|88\/100|[from] Stealth Rock\n|move|p1a: Arboliva|Leech Seed|p2a: Toxapex\n|-start|p2a: Toxapex|move: Leech Seed\n|\n|-heal|p1a: Arboliva|69\/100 tox|[from] Grassy Terrain\n|-heal|p2a: Toxapex|94\/100|[from] Grassy Terrain\n|-damage|p2a: Toxapex|82\/100|[from] Leech Seed|[of] p1a: Arboliva\n|-heal|p1a: Arboliva|79\/100 tox|[silent]\n|-damage|p1a: Arboliva|67\/100 tox|[from] psn\n|upkeep\n|turn|26\n|\n|t:|1700110749\n|move|p1a: Arboliva|Giga Drain|p2a: Toxapex\n|-damage|p2a: Toxapex|35\/100\n|-heal|p1a: Arboliva|87\/100 tox|[from] drain|[of] p2a: Toxapex\n|move|p2a: Toxapex|Surf|p1a: Arboliva\n|-resisted|p1a: Arboliva\n|-damage|p1a: Arboliva|78\/100 tox\n|\n|-heal|p1a: Arboliva|84\/100 tox|[from] Grassy Terrain\n|-heal|p2a: Toxapex|41\/100|[from] Grassy Terrain\n|-damage|p2a: Toxapex|29\/100|[from] Leech Seed|[of] p1a: Arboliva\n|-heal|p1a: Arboliva|94\/100 tox|[silent]\n|-damage|p1a: Arboliva|76\/100 tox|[from] psn\n|upkeep\n|turn|27\n|\n|t:|1700110765\n|switch|p2a: Clodsire|Clodsire, M|76\/100\n|-damage|p2a: Clodsire|70\/100|[from] Stealth Rock\n|move|p1a: Arboliva|Giga Drain|p2a: Clodsire\n|-damage|p2a: Clodsire|42\/100\n|-heal|p1a: Arboliva|94\/100 tox|[from] drain|[of] p2a: Clodsire\n|\n|-heal|p1a: Arboliva|99\/100 tox|[from] Grassy Terrain\n|-heal|p2a: Clodsire|48\/100|[from] Grassy Terrain\n|-damage|p1a: Arboliva|76\/100 tox|[from] psn\n|upkeep\n|turn|28\n|\n|t:|1700110783\n|switch|p1a: Landorus|Landorus-Therian, M|100\/100\n|-ability|p1a: Landorus|Intimidate|boost\n|-unboost|p2a: Clodsire|atk|1\n|move|p2a: Clodsire|Recover|p2a: Clodsire\n|-heal|p2a: Clodsire|98\/100\n|\n|-heal|p2a: Clodsire|100\/100|[from] Grassy Terrain\n|upkeep\n|turn|29\n|\n|t:|1700110847\n|switch|p2a: Rotom|Rotom-Wash|81\/100\n|-damage|p2a: Rotom|69\/100|[from] Stealth Rock\n|move|p1a: Landorus|Earthquake|p2a: Rotom\n|-immune|p2a: Rotom|[from] ability: Levitate\n|\n|-heal|p2a: Rotom|75\/100|[from] item: Leftovers\n|-fieldend|move: Grassy Terrain\n|upkeep\n|turn|30\n|j| Vinh26062007\n|\n|t:|1700110862\n|switch|p2a: Iron Valiant|Iron Valiant|100\/100\n|-damage|p2a: Iron Valiant|94\/100|[from] Stealth Rock\n|-enditem|p2a: Iron Valiant|Booster Energy\n|-activate|p2a: Iron Valiant|ability: Quark Drive|[fromitem]\n|-start|p2a: Iron Valiant|quarkdrivespe\n|move|p1a: Landorus|U-turn|p2a: Iron Valiant\n|-resisted|p2a: Iron Valiant\n|-damage|p2a: Iron Valiant|86\/100\n|\n|t:|1700110885\n|switch|p1a: Meowscarada|Meowscarada, M|100\/100|[from] U-turn\n|\n|upkeep\n|turn|31\n|\n|t:|1700110913\n|move|p2a: Iron Valiant|Close Combat|p1a: Meowscarada\n|-supereffective|p1a: Meowscarada\n|-enditem|p1a: Meowscarada|Focus Sash\n|-damage|p1a: Meowscarada|1\/100\n|-unboost|p2a: Iron Valiant|def|1\n|-unboost|p2a: Iron Valiant|spd|1\n|move|p1a: Meowscarada|Play Rough|p2a: Iron Valiant|[miss]\n|-miss|p1a: Meowscarada|p2a: Iron Valiant\n|\n|upkeep\n|turn|32\n|c|\u2606Squirshawott|..\n|\n|t:|1700110949\n|move|p2a: Iron Valiant|Knock Off|p1a: Meowscarada\n|-resisted|p1a: Meowscarada\n|-damage|p1a: Meowscarada|0 fnt\n|faint|p1a: Meowscarada\n|\n|upkeep\n|\n|t:|1700110963\n|switch|p1a: Dachsbun|Dachsbun, M, tera:Ground|99\/100\n|turn|33\n|\n|t:|1700111061\n|-end|p2a: Iron Valiant|Quark Drive|[silent]\n|switch|p2a: Rotom|Rotom-Wash|75\/100\n|-damage|p2a: Rotom|62\/100|[from] Stealth Rock\n|move|p1a: Dachsbun|Play Rough|p2a: Rotom\n|-damage|p2a: Rotom|42\/100\n|\n|-heal|p2a: Rotom|49\/100|[from] item: Leftovers\n|upkeep\n|turn|34\n|\n|t:|1700111077\n|move|p1a: Dachsbun|Wish|p1a: Dachsbun\n|move|p2a: Rotom|Hydro Pump|p1a: Dachsbun\n|-supereffective|p1a: Dachsbun\n|-crit|p1a: Dachsbun\n|-damage|p1a: Dachsbun|0 fnt\n|faint|p1a: Dachsbun\n|\n|-heal|p2a: Rotom|55\/100|[from] item: Leftovers\n|upkeep\n|\n|t:|1700111083\n|switch|p1a: Arboliva|Arboliva, M|76\/100 tox\n|turn|35\n|\n|t:|1700111106\n|switch|p2a: Iron Valiant|Iron Valiant|86\/100\n|-damage|p2a: Iron Valiant|79\/100|[from] Stealth Rock\n|move|p1a: Arboliva|Leech Seed|p2a: Iron Valiant\n|-start|p2a: Iron Valiant|move: Leech Seed\n|\n|-heal|p1a: Arboliva|100\/100 tox|[from] move: Wish|[wisher] Dachsbun\n|-damage|p2a: Iron Valiant|67\/100|[from] Leech Seed|[of] p1a: Arboliva\n|-damage|p1a: Arboliva|94\/100 tox|[from] psn\n|upkeep\n|turn|36\n|\n|t:|1700111129\n|switch|p1a: Landorus|Landorus-Therian, M|100\/100\n|-ability|p1a: Landorus|Intimidate|boost\n|-unboost|p2a: Iron Valiant|atk|1\n|move|p2a: Iron Valiant|Close Combat|p1a: Landorus\n|-resisted|p1a: Landorus\n|-damage|p1a: Landorus|79\/100\n|-unboost|p2a: Iron Valiant|def|1\n|-unboost|p2a: Iron Valiant|spd|1\n|\n|-damage|p2a: Iron Valiant|54\/100|[from] Leech Seed|[of] p1a: Landorus\n|-heal|p1a: Landorus|90\/100|[silent]\n|upkeep\n|turn|37\n|\n|t:|1700111170\n|-end|p2a: Iron Valiant|Quark Drive|[silent]\n|switch|p2a: Rotom|Rotom-Wash|55\/100\n|-damage|p2a: Rotom|42\/100|[from] Stealth Rock\n|switch|p1a: Arboliva|Arboliva, M|94\/100 tox\n|\n|-heal|p2a: Rotom|49\/100|[from] item: Leftovers\n|-damage|p1a: Arboliva|88\/100 tox|[from] psn\n|upkeep\n|turn|38\n|\n|t:|1700111187\n|move|p2a: Rotom|Protect|p2a: Rotom\n|-singleturn|p2a: Rotom|Protect\n|move|p1a: Arboliva|Giga Drain|p2a: Rotom\n|-activate|p2a: Rotom|move: Protect\n|\n|-heal|p2a: Rotom|55\/100|[from] item: Leftovers\n|-damage|p1a: Arboliva|76\/100 tox|[from] psn\n|upkeep\n|turn|39\n|\n|t:|1700111205\n|switch|p2a: Clodsire|Clodsire, M|100\/100\n|-damage|p2a: Clodsire|94\/100|[from] Stealth Rock\n|move|p1a: Arboliva|Giga Drain|p2a: Clodsire\n|-damage|p2a: Clodsire|71\/100\n|-heal|p1a: Arboliva|91\/100 tox|[from] drain|[of] p2a: Clodsire\n|\n|-damage|p1a: Arboliva|73\/100 tox|[from] psn\n|upkeep\n|turn|40\n|\n|t:|1700111220\n|switch|p1a: Landorus|Landorus-Therian, M|90\/100\n|-ability|p1a: Landorus|Intimidate|boost\n|-unboost|p2a: Clodsire|atk|1\n|move|p2a: Clodsire|Curse|p2a: Clodsire\n|-unboost|p2a: Clodsire|spe|1\n|-boost|p2a: Clodsire|atk|1\n|-boost|p2a: Clodsire|def|1\n|\n|upkeep\n|turn|41\n|\n|t:|1700111232\n|move|p1a: Landorus|Earthquake|p2a: Clodsire\n|-supereffective|p2a: Clodsire\n|-damage|p2a: Clodsire|0 fnt\n|faint|p2a: Clodsire\n|\n|upkeep\n|\n|t:|1700111248\n|switch|p2a: Iron Valiant|Iron Valiant|54\/100\n|-damage|p2a: Iron Valiant|48\/100|[from] Stealth Rock\n|turn|42\n|\n|t:|1700111266\n|switch|p1a: Tinkaton|Tinkaton, F|75\/100\n|move|p2a: Iron Valiant|Ice Punch|p1a: Tinkaton\n|-resisted|p1a: Tinkaton\n|-damage|p1a: Tinkaton|61\/100\n|\n|upkeep\n|turn|43\n|\n|t:|1700111308\n|move|p2a: Iron Valiant|Close Combat|p1a: Tinkaton\n|-damage|p1a: Tinkaton|0 fnt\n|-unboost|p2a: Iron Valiant|def|1\n|-unboost|p2a: Iron Valiant|spd|1\n|faint|p1a: Tinkaton\n|\n|upkeep\n|\n|t:|1700111347\n|switch|p1a: Slowking|Slowking, F|81\/100 tox\n|turn|44\n|\n|t:|1700111358\n|move|p2a: Iron Valiant|Swords Dance|p2a: Iron Valiant\n|-boost|p2a: Iron Valiant|atk|2\n|move|p1a: Slowking|Psychic|p2a: Iron Valiant\n|-supereffective|p2a: Iron Valiant\n|-damage|p2a: Iron Valiant|0 fnt\n|faint|p2a: Iron Valiant\n|-end|p2a: Iron Valiant|Quark Drive|[silent]\n|\n|-heal|p1a: Slowking|87\/100 tox|[from] item: Leftovers\n|-damage|p1a: Slowking|81\/100 tox|[from] psn\n|upkeep\n|\n|t:|1700111367\n|switch|p2a: Toxapex|Toxapex, M|63\/100\n|-damage|p2a: Toxapex|50\/100|[from] Stealth Rock\n|turn|45\n|\n|t:|1700111382\n|move|p2a: Toxapex|Recover|p2a: Toxapex\n|-heal|p2a: Toxapex|100\/100\n|move|p1a: Slowking|Psychic|p2a: Toxapex\n|-supereffective|p2a: Toxapex\n|-damage|p2a: Toxapex|49\/100\n|\n|-heal|p1a: Slowking|87\/100 tox|[from] item: Leftovers\n|-damage|p1a: Slowking|75\/100 tox|[from] psn\n|upkeep\n|turn|46\n|\n|t:|1700111397\n|switch|p1a: Arboliva|Arboliva, M|73\/100 tox\n|move|p2a: Toxapex|Recover|p2a: Toxapex\n|-heal|p2a: Toxapex|99\/100\n|\n|-damage|p1a: Arboliva|67\/100 tox|[from] psn\n|upkeep\n|turn|47\n|\n|t:|1700111418\n|move|p1a: Arboliva|Leech Seed|p2a: Toxapex\n|-start|p2a: Toxapex|move: Leech Seed\n|move|p2a: Toxapex|Surf|p1a: Arboliva\n|-resisted|p1a: Arboliva\n|-damage|p1a: Arboliva|58\/100 tox\n|-fieldstart|move: Grassy Terrain|[from] ability: Seed Sower|[of] p1a: Arboliva\n|\n|-heal|p1a: Arboliva|64\/100 tox|[from] Grassy Terrain\n|-heal|p2a: Toxapex|100\/100|[from] Grassy Terrain\n|-damage|p2a: Toxapex|88\/100|[from] Leech Seed|[of] p1a: Arboliva\n|-heal|p1a: Arboliva|75\/100 tox|[silent]\n|-damage|p1a: Arboliva|62\/100 tox|[from] psn\n|upkeep\n|turn|48\n|\n|t:|1700111431\n|move|p1a: Arboliva|Giga Drain|p2a: Toxapex\n|-damage|p2a: Toxapex|43\/100\n|-heal|p1a: Arboliva|82\/100 tox|[from] drain|[of] p2a: Toxapex\n|move|p2a: Toxapex|Surf|p1a: Arboliva\n|-resisted|p1a: Arboliva\n|-damage|p1a: Arboliva|73\/100 tox\n|\n|-heal|p1a: Arboliva|80\/100 tox|[from] Grassy Terrain\n|-heal|p2a: Toxapex|49\/100|[from] Grassy Terrain\n|-damage|p2a: Toxapex|36\/100|[from] Leech Seed|[of] p1a: Arboliva\n|-heal|p1a: Arboliva|90\/100 tox|[silent]\n|-damage|p1a: Arboliva|72\/100 tox|[from] psn\n|upkeep\n|turn|49\n|\n|t:|1700111447\n|switch|p1a: Slowking|Slowking, F|100\/100 tox\n|move|p2a: Toxapex|Recover|p2a: Toxapex\n|-heal|p2a: Toxapex|87\/100\n|\n|-heal|p2a: Toxapex|93\/100|[from] Grassy Terrain\n|-damage|p2a: Toxapex|80\/100|[from] Leech Seed|[of] p1a: Slowking\n|-damage|p1a: Slowking|94\/100 tox|[from] psn\n|upkeep\n|turn|50\n|l| Vinh26062007\n|\n|t:|1700111457\n|switch|p2a: Rotom|Rotom-Wash|55\/100\n|-damage|p2a: Rotom|42\/100|[from] Stealth Rock\n|move|p1a: Slowking|Nasty Plot|p1a: Slowking\n|-boost|p1a: Slowking|spa|2\n|\n|-heal|p2a: Rotom|49\/100|[from] item: Leftovers\n|-heal|p1a: Slowking|100\/100 tox|[from] Grassy Terrain\n|-damage|p1a: Slowking|88\/100 tox|[from] psn\n|upkeep\n|turn|51\n|\n|t:|1700111468\n|move|p2a: Rotom|Volt Switch|p1a: Slowking\n|-supereffective|p1a: Slowking\n|-damage|p1a: Slowking|60\/100 tox\n|\n|t:|1700111471\n|switch|p2a: Toxapex|Toxapex, M|100\/100|[from] Volt Switch\n|-damage|p2a: Toxapex|88\/100|[from] Stealth Rock\n|move|p1a: Slowking|Psychic|p2a: Toxapex\n|-supereffective|p2a: Toxapex\n|-damage|p2a: Toxapex|0 fnt\n|faint|p2a: Toxapex\n|\n|-heal|p1a: Slowking|66\/100 tox|[from] Grassy Terrain\n|-heal|p1a: Slowking|73\/100 tox|[from] item: Leftovers\n|-damage|p1a: Slowking|54\/100 tox|[from] psn\n|-fieldend|move: Grassy Terrain\n|upkeep\n|\n|t:|1700111482\n|switch|p2a: Rotom|Rotom-Wash|49\/100\n|-damage|p2a: Rotom|36\/100|[from] Stealth Rock\n|turn|52\n|\n|t:|1700111487\n|move|p2a: Rotom|Protect|p2a: Rotom\n|-singleturn|p2a: Rotom|Protect\n|move|p1a: Slowking|Psychic|p2a: Rotom\n|-activate|p2a: Rotom|move: Protect\n|\n|-heal|p2a: Rotom|42\/100|[from] item: Leftovers\n|-heal|p1a: Slowking|60\/100 tox|[from] item: Leftovers\n|-damage|p1a: Slowking|36\/100 tox|[from] psn\n|upkeep\n|turn|53\n|\n|t:|1700111496\n|move|p2a: Rotom|Protect||[still]\n|-fail|p2a: Rotom\n|move|p1a: Slowking|Psychic|p2a: Rotom\n|-damage|p2a: Rotom|0 fnt\n|faint|p2a: Rotom\n|\n|win|Squirshawott\n|l|\u2606Astyr.Pygos\n|c|\u2606Squirshawott|ggs\n","uploadtime":1700111506,"views":25,"p1id":"squirshawott","p2id":"astyrpygos","formatid":"gen9ubers","rating":0,"private":0,"password":""}