{"id":"gen9ubers-1981306774","p1":"XpokVEVO","p2":"Kinesquared","format":"[Gen 9] Ubers","log":"|j|\u2606XpokVEVO\n|j|\u2606Kinesquared\n|t:|1698881924\n|gametype|singles\n|player|p1|XpokVEVO|rika|\n|player|p2|Kinesquared|scientist-gen4dp|\n|teamsize|p1|6\n|teamsize|p2|6\n|gen|9\n|tier|[Gen 9] Ubers\n|rule|Sleep Clause Mod: Limit one foe put to sleep\n|rule|Species Clause: Limit one of each Pok\u00e9mon\n|rule|OHKO Clause: OHKO moves are banned\n|rule|Evasion Items Clause: Evasion items are banned\n|rule|Evasion Moves Clause: Evasion moves are banned\n|rule|Endless Battle Clause: Forcing endless battles is banned\n|rule|HP Percentage Mod: HP is shown in percentages\n|clearpoke\n|poke|p1|Cyclizar, M|\n|poke|p1|Espathra, F|\n|poke|p1|Magearna|\n|poke|p1|Zacian-*|\n|poke|p1|Roaring Moon|\n|poke|p1|Arceus-Fire|\n|poke|p2|Magearna|\n|poke|p2|Ursaluna, M|\n|poke|p2|Dialga|\n|poke|p2|Hoopa-Unbound|\n|poke|p2|Cinderace, F|\n|poke|p2|Cresselia, F|\n|teampreview\n|inactive|Battle timer is ON: inactive players will automatically lose when time's up. (requested by XpokVEVO)\n|inactive|XpokVEVO has 270 seconds left.\n|inactive|Kinesquared has 270 seconds left.\n|\n|t:|1698881967\n|start\n|switch|p1a: Akira|Cyclizar, M|100\/100\n|switch|p2a: Magearna|Magearna|100\/100\n|turn|1\n|j| leonissenbaum\n|j| fwuffypetsowo\n|j| AAAHHHHHGGGGGG\n|\n|t:|1698881981\n|move|p1a: Akira|Shed Tail|p1a: Akira\n|-start|p1a: Akira|Substitute|[from] move: Shed Tail\n|-damage|p1a: Akira|50\/100\n|\n|t:|1698881985\n|switch|p1a: Emu War|Espathra, F|100\/100|[from] Shed Tail\n|move|p2a: Magearna|Trick Room|p2a: Magearna\n|-fieldstart|move: Trick Room|[of] p2a: Magearna\n|\n|upkeep\n|turn|2\n|l| AAAHHHHHGGGGGG\n|\n|t:|1698881994\n|switch|p2a: Hoopa|Hoopa-Unbound|100\/100\n|move|p1a: Emu War|Calm Mind|p1a: Emu War\n|-boost|p1a: Emu War|spa|1\n|-boost|p1a: Emu War|spd|1\n|\n|-ability|p1a: Emu War|Speed Boost|boost\n|-boost|p1a: Emu War|spe|1\n|upkeep\n|turn|3\n|c|\u2606XpokVEVO|oh not this thing again\n|c|\u2606Kinesquared|lmao\n|c|\u2606XpokVEVO|here comes mray\n|c|\u2606XpokVEVO|does it break sub?\n|c|\u2606XpokVEVO|sorry\n|c|\u2606XpokVEVO|bypass\n|inactive|XpokVEVO has 270 seconds left.\n|\n|t:|1698882026\n|-terastallize|p1a: Emu War|Fairy\n|move|p2a: Hoopa|Knock Off|p1a: Emu War\n|-resisted|p1a: Emu War\n|-end|p1a: Emu War|Substitute\n|move|p1a: Emu War|Calm Mind|p1a: Emu War\n|-boost|p1a: Emu War|spa|1\n|-boost|p1a: Emu War|spd|1\n|\n|-ability|p1a: Emu War|Speed Boost|boost\n|-boost|p1a: Emu War|spe|1\n|upkeep\n|turn|4\n|c|\u2606Kinesquared|is that even a question\n|inactive|XpokVEVO has 270 seconds left.\n|\n|t:|1698882036\n|move|p1a: Emu War|Protect|p1a: Emu War\n|-singleturn|p1a: Emu War|Protect\n|move|p2a: Hoopa|Gunk Shot|p1a: Emu War\n|-activate|p1a: Emu War|move: Protect\n|\n|-ability|p1a: Emu War|Speed Boost|boost\n|-boost|p1a: Emu War|spe|1\n|upkeep\n|turn|5\n|c| fwuffypetsowo|no Hyperspace?\n|j| vespyyy\n|inactive|XpokVEVO has 270 seconds left.\n|c| leonissenbaum|hyperspaceless sad\n|c|\u2606Kinesquared|hmm maybe u right\n|c|\u2606XpokVEVO|no bitches meme but \"no hyperspace?\"\n|\n|t:|1698882053\n|move|p2a: Hoopa|Gunk Shot|p1a: Emu War\n|-supereffective|p1a: Emu War\n|-enditem|p1a: Emu War|Focus Sash\n|-damage|p1a: Emu War|1\/100\n|move|p1a: Emu War|Calm Mind|p1a: Emu War\n|-boost|p1a: Emu War|spa|1\n|-boost|p1a: Emu War|spd|1\n|\n|-fieldend|move: Trick Room\n|-ability|p1a: Emu War|Speed Boost|boost\n|-boost|p1a: Emu War|spe|1\n|upkeep\n|turn|6\n|inactive|XpokVEVO has 270 seconds left.\n|c|\u2606XpokVEVO|LETS GET IT STARTED\n|j| LadyMaria-Blue\n|c|\u2606XpokVEVO|oh god here comes like focus sash ursaluna or something\n|\n|t:|1698882080\n|move|p1a: Emu War|Dazzling Gleam|p2a: Hoopa\n|-supereffective|p2a: Hoopa\n|-damage|p2a: Hoopa|4\/100\n|move|p2a: Hoopa|Knock Off|p1a: Emu War\n|-resisted|p1a: Emu War\n|-damage|p1a: Emu War|0 fnt\n|faint|p1a: Emu War\n|\n|upkeep\n|c|\u2606Kinesquared|B)\n|c|\u2606XpokVEVO|wHAT\n|c| fwuffypetsowo|AV HOOPA\n|c| vespyyy|LMAO\n|c|\u2606XpokVEVO|AV HOOPA\n|c|\u2606XpokVEVO|HOLY\n|c|\u2606XpokVEVO|BASED\n|l| vespyyy\n|c| LadyMaria-Blue|that was absolutely a roll\n|c| leonissenbaum|actually based\n|c| fwuffypetsowo|it was a roll yea\n|inactive|XpokVEVO has 240 seconds left.\n|j| vespyyy\n|\n|t:|1698882114\n|switch|p1a: Akira|Cyclizar, M|84\/100\n|turn|7\n|\n|t:|1698882117\n|move|p1a: Akira|Shed Tail|p1a: Akira\n|-start|p1a: Akira|Substitute|[from] move: Shed Tail\n|-damage|p1a: Akira|33\/100\n|inactive|XpokVEVO has 240 seconds left.\n|\n|t:|1698882132\n|switch|p1a: Roaring Peak|Roaring Moon|100\/100|[from] Shed Tail\n|-enditem|p1a: Roaring Peak|Booster Energy\n|-activate|p1a: Roaring Peak|ability: Protosynthesis|[fromitem]\n|-start|p1a: Roaring Peak|protosynthesisspe\n|move|p2a: Hoopa|Fire Punch|p1a: Roaring Peak\n|-resisted|p1a: Roaring Peak\n|-activate|p1a: Roaring Peak|move: Substitute|[damage]\n|\n|upkeep\n|turn|8\n|c|\u2606XpokVEVO|bzzzt wrong read\n|\n|t:|1698882143\n|move|p1a: Roaring Peak|Dragon Dance|p1a: Roaring Peak\n|-boost|p1a: Roaring Peak|atk|1\n|-boost|p1a: Roaring Peak|spe|1\n|move|p2a: Hoopa|Drain Punch|p1a: Roaring Peak\n|-supereffective|p1a: Roaring Peak\n|-end|p1a: Roaring Peak|Substitute\n|-heal|p2a: Hoopa|8\/100|[from] drain|[of] p1a: Roaring Peak\n|\n|upkeep\n|turn|9\n|c|\u2606XpokVEVO|wrong dark psychic resist\n|c|\u2606XpokVEVO|oh god\n|inactive|XpokVEVO has 240 seconds left.\n|c|\u2606XpokVEVO|i felt that\n|c| leonissenbaum|where is hyperspaceee\n|c|\u2606XpokVEVO|even if it was just on the sub\n|c| LadyMaria-Blue|why speed and not attack?\n|\n|t:|1698882162\n|move|p1a: Roaring Peak|Knock Off|p2a: Hoopa\n|-damage|p2a: Hoopa|0 fnt\n|-enditem|p2a: Hoopa|Assault Vest|[from] move: Knock Off|[of] p1a: Roaring Peak\n|faint|p2a: Hoopa\n|\n|upkeep\n|c|\u2606Kinesquared|i should be running hyperspace on TR you right\n|c|\u2606Kinesquared|to help vs protect spam\n|c| fwuffypetsowo|I like how that Drain Punch healed literally nothing because Cyclizar is just that frail\n|c|\u2606XpokVEVO|why speed? outspeeds bascu\n|\n|t:|1698882175\n|switch|p2a: Dialga|Dialga|100\/100\n|-ability|p2a: Dialga|Pressure\n|turn|10\n|inactive|XpokVEVO has 240 seconds left.\n|c| LadyMaria-Blue|fair and valid\n|c|\u2606XpokVEVO|oh damn its its like 0.3% away from having a chance to ohko\n|\n|t:|1698882199\n|-terastallize|p2a: Dialga|Flying\n|move|p1a: Roaring Peak|Knock Off|p2a: Dialga\n|-damage|p2a: Dialga|46\/100\n|-enditem|p2a: Dialga|Eject Pack|[from] move: Knock Off|[of] p1a: Roaring Peak\n|move|p2a: Dialga|Trick Room|p2a: Dialga\n|-fieldstart|move: Trick Room|[of] p2a: Dialga\n|\n|upkeep\n|turn|11\n|\n|t:|1698882211\n|move|p2a: Dialga|Draco Meteor|p1a: Roaring Peak\n|-supereffective|p1a: Roaring Peak\n|-damage|p1a: Roaring Peak|0 fnt\n|-unboost|p2a: Dialga|spa|2\n|faint|p1a: Roaring Peak\n|-end|p1a: Roaring Peak|Protosynthesis|[silent]\n|\n|upkeep\n|l|\u2606XpokVEVO\n|inactive|XpokVEVO disconnected and has 300 seconds to reconnect!\n|player|p1|\n|c| LadyMaria-Blue|there they go lol\n|j|\u2606XpokVEVO\n|inactive|XpokVEVO reconnected and has 225 seconds left.\n|player|p1|XpokVEVO|rika\n|c|\u2606Kinesquared|whoops\n|c|\u2606XpokVEVO|my fault\n|c|\u2606XpokVEVO|original gangster\n|c|\u2606Kinesquared|u good\n|inactive|XpokVEVO has 210 seconds left.\n|c| fwuffypetsowo|kine stop trying to crit their router\n|\n|t:|1698882249\n|switch|p1a: Aunt Fanny|Magearna|100\/100\n|turn|12\n|c|\u2606XpokVEVO|HIT ME!\n|c|\u2606XpokVEVO|WITH GROUND!\n|inactive|XpokVEVO has 210 seconds left.\n|\n|t:|1698882261\n|move|p2a: Dialga|Earth Power|p1a: Aunt Fanny\n|-supereffective|p1a: Aunt Fanny\n|-damage|p1a: Aunt Fanny|59\/100\n|-enditem|p1a: Aunt Fanny|Weakness Policy\n|-boost|p1a: Aunt Fanny|atk|2|[from] item: Weakness Policy\n|-boost|p1a: Aunt Fanny|spa|2|[from] item: Weakness Policy\n|move|p1a: Aunt Fanny|Fleur Cannon|p2a: Dialga\n|-damage|p2a: Dialga|0 fnt\n|-unboost|p1a: Aunt Fanny|spa|2\n|faint|p2a: Dialga\n|-ability|p1a: Aunt Fanny|Soul-Heart|boost\n|-boost|p1a: Aunt Fanny|spa|1\n|\n|upkeep\n|c|\u2606Kinesquared|ok\n|c|\u2606XpokVEVO|IT DIES TO URS!\n|c|\u2606Kinesquared|ty for pivot\n|c|\u2606XpokVEVO|BUT THATS OK!\n|\n|t:|1698882274\n|switch|p2a: Ursaluna|Ursaluna, M|100\/100\n|turn|13\n|\n|t:|1698882282\n|move|p2a: Ursaluna|Headlong Rush|p1a: Aunt Fanny\n|-supereffective|p1a: Aunt Fanny\n|-damage|p1a: Aunt Fanny|0 fnt\n|-unboost|p2a: Ursaluna|def|1\n|-unboost|p2a: Ursaluna|spd|1\n|faint|p1a: Aunt Fanny\n|\n|-status|p2a: Ursaluna|brn|[from] item: Flame Orb\n|upkeep\n|inactive|XpokVEVO has 210 seconds left.\n|c|\u2606XpokVEVO|will the king of bulk himself take this\n|\n|t:|1698882299\n|switch|p1a: Ar\u0441eus-Fighting|Arceus-Fire, shiny|100\/100\n|turn|14\n|c| leonissenbaum|\"\"\"\"arceus-fighting\"\"\"\n|c|\u2606Kinesquared|if u didn't attack my dialga you could have boosted more and i'd be in trouble\n|\n|t:|1698882317\n|move|p2a: Ursaluna|Headlong Rush|p1a: Ar\u0441eus-Fighting\n|-supereffective|p1a: Ar\u0441eus-Fighting\n|-damage|p1a: Ar\u0441eus-Fighting|0 fnt\n|-unboost|p2a: Ursaluna|def|1\n|-unboost|p2a: Ursaluna|spd|1\n|faint|p1a: Ar\u0441eus-Fighting\n|\n|-damage|p2a: Ursaluna|94\/100 brn|[from] brn\n|-fieldend|move: Trick Room\n|upkeep\n|c|\u2606XpokVEVO|wait no yeah\n|c|\u2606XpokVEVO|it\n|c|\u2606XpokVEVO|has headlong\n|c|\u2606XpokVEVO|i forgot\n|\n|t:|1698882331\n|switch|p1a: Princess|Zacian, shiny|100\/100\n|-ability|p1a: Princess|Intrepid Sword|boost\n|-boost|p1a: Princess|atk|1\n|turn|15\n|c|\u2606Kinesquared|you mean the move i just clicked into you?\n|c|\u2606XpokVEVO|alzheimers\n|c| fwuffypetsowo|it used it one turn ago\n|\n|t:|1698882341\n|switch|p2a: Cinderace|Cinderace, F|100\/100\n|move|p1a: Princess|Swords Dance|p1a: Princess\n|-boost|p1a: Princess|atk|2\n|\n|upkeep\n|turn|16\n|c|\u2606Kinesquared|me three tbh\n|\n|t:|1698882351\n|move|p1a: Princess|Crunch|p2a: Cinderace\n|-damage|p2a: Cinderace|0 fnt\n|faint|p2a: Cinderace\n|-damage|p1a: Princess|91\/100|[from] item: Life Orb\n|\n|upkeep\n|\n|t:|1698882359\n|switch|p2a: Magearna|Magearna|100\/100\n|turn|17\n|l| vespyyy\n|c|\u2606XpokVEVO|NOT PHYSICAL MAGEARNA\n|c|\u2606XpokVEVO|YOU CANT DO THIS TO ME\n|\n|t:|1698882369\n|move|p1a: Princess|Close Combat|p2a: Magearna\n|-damage|p2a: Magearna|0 fnt\n|-unboost|p1a: Princess|def|1\n|-unboost|p1a: Princess|spd|1\n|faint|p2a: Magearna\n|-damage|p1a: Princess|81\/100|[from] item: Life Orb\n|\n|upkeep\n|c|\u2606XpokVEVO|OHOHOHHO\n|c| fwuffypetsowo|it was offensive mag?\n|c|\u2606Kinesquared|why isn't that magearna physical?\n|j| Pajoomas!\n|c|\u2606Kinesquared|oof this team is scuffed\n|c|\u2606XpokVEVO|that is a good question\n|inactive|Kinesquared has 270 seconds left.\n|\n|t:|1698882401\n|switch|p2a: Cresselia|Cresselia, F|100\/100\n|turn|18\n|inactive|XpokVEVO has 240 seconds left.\n|c|\u2606XpokVEVO|mfw i cant use this for the sample team replays cuz kine will just call it a bad match for him\n|\n|t:|1698882423\n|move|p1a: Princess|Crunch|p2a: Cresselia\n|-supereffective|p2a: Cresselia\n|-damage|p2a: Cresselia|12\/100\n|-damage|p1a: Princess|71\/100|[from] item: Life Orb\n|move|p2a: Cresselia|Trick Room|p2a: Cresselia\n|-fieldstart|move: Trick Room|[of] p2a: Cresselia\n|\n|-heal|p2a: Cresselia|18\/100|[from] item: Leftovers\n|upkeep\n|turn|19\n|c|\u2606XpokVEVO|its\n|c|\u2606XpokVEVO|oveR?\n|c| Pajoomas!|just make the mods review it instead of kine :trol:\n|inactive|Kinesquared has 270 seconds left.\n|\n|t:|1698882445\n|switch|p1a: Akira|Cyclizar, M|67\/100\n|move|p2a: Cresselia|Calm Mind|p2a: Cresselia\n|-boost|p2a: Cresselia|spa|1\n|-boost|p2a: Cresselia|spd|1\n|\n|-heal|p2a: Cresselia|24\/100|[from] item: Leftovers\n|upkeep\n|turn|20\n|inactive|Kinesquared has 270 seconds left.\n|\n|t:|1698882465\n|switch|p1a: Princess|Zacian, shiny|71\/100\n|move|p2a: Cresselia|Moonlight|p2a: Cresselia\n|-heal|p2a: Cresselia|74\/100\n|\n|-heal|p2a: Cresselia|80\/100|[from] item: Leftovers\n|upkeep\n|turn|21\n|c|\u2606XpokVEVO|gg\n|c|\u2606XpokVEVO|i\n|inactive|Kinesquared has 270 seconds left.\n|\n|t:|1698882473\n|move|p2a: Cresselia|Stored Power|p1a: Princess\n|-damage|p1a: Princess|51\/100\n|move|p1a: Princess|Crunch|p2a: Cresselia\n|-supereffective|p2a: Cresselia\n|-damage|p2a: Cresselia|42\/100\n|-unboost|p2a: Cresselia|def|1\n|-damage|p1a: Princess|41\/100|[from] item: Life Orb\n|\n|-heal|p2a: Cresselia|48\/100|[from] item: Leftovers\n|upkeep\n|turn|22\n|c|\u2606XpokVEVO|YOHOHO\n|c|\u2606XpokVEVO|YOHOHO\n|inactive|Kinesquared has 270 seconds left.\n|c|\u2606XpokVEVO|COME ON\n|inactive|XpokVEVO has 240 seconds left.\n|\n|t:|1698882496\n|move|p2a: Cresselia|Moonlight|p2a: Cresselia\n|-heal|p2a: Cresselia|98\/100\n|move|p1a: Princess|Crunch|p2a: Cresselia\n|-supereffective|p2a: Cresselia\n|-damage|p2a: Cresselia|46\/100\n|-damage|p1a: Princess|32\/100|[from] item: Life Orb\n|\n|-heal|p2a: Cresselia|52\/100|[from] item: Leftovers\n|-fieldend|move: Trick Room\n|upkeep\n|turn|23\n|c| Pajoomas!|the defense drop?\n|j| the tr4sh man\n|inactive|XpokVEVO has 240 seconds left.\n|\n|t:|1698882506\n|move|p1a: Princess|Swords Dance|p1a: Princess\n|-boost|p1a: Princess|atk|2\n|move|p2a: Cresselia|Trick Room|p2a: Cresselia\n|-fieldstart|move: Trick Room|[of] p2a: Cresselia\n|\n|-heal|p2a: Cresselia|58\/100|[from] item: Leftovers\n|upkeep\n|turn|24\n|inactive|Kinesquared has 270 seconds left.\n|c|\u2606XpokVEVO|today\n|c|\u2606XpokVEVO|is the day\n|c| leonissenbaum|lmao\n|c|\u2606XpokVEVO|i\n|c|\u2606XpokVEVO|end it all\n|inactive|XpokVEVO has 240 seconds left.\n|c|\u2606XpokVEVO|WHYYY\n|\n|t:|1698882520\n|switch|p1a: Akira|Cyclizar, M|99\/100\n|move|p2a: Cresselia|Calm Mind|p2a: Cresselia\n|-boost|p2a: Cresselia|spa|1\n|-boost|p2a: Cresselia|spd|1\n|\n|-heal|p2a: Cresselia|64\/100|[from] item: Leftovers\n|upkeep\n|turn|25\n|c|\u2606Kinesquared|if you just attcked me u coulda won\n|c| Pajoomas!|it's Joever.\n|\n|t:|1698882528\n|move|p2a: Cresselia|Stored Power|p1a: Akira\n|-damage|p1a: Akira|21\/100\n|move|p1a: Akira|Shed Tail|p1a: Akira\n|-fail|p1a: Akira|move: Shed Tail|[weak]\n|\n|-heal|p2a: Cresselia|70\/100|[from] item: Leftovers\n|upkeep\n|turn|26\n|c| Pajoomas!|Kine once again proves that he is worthy\n|inactive|XpokVEVO has 240 seconds left.\n|c|\u2606XpokVEVO|\"if you just attcked me u coulda won\" crunch spam leads to life orb death\n|c|\u2606XpokVEVO|that could be a genuine strat\n|c| fwuffypetsowo|no if he attacke dhe lost to bear\n|c|\u2606XpokVEVO|no\n|c|\u2606XpokVEVO|cc\n|c| fwuffypetsowo|if he doesn't attack he loses to this\n|c|\u2606XpokVEVO|bro what am i gonna attack\n|c| Pajoomas!|trick room was down\n|c|\u2606Kinesquared|the secret is\n|inactive|XpokVEVO has 210 seconds left.\n|\n|t:|1698882574\n|move|p2a: Cresselia|Stored Power|p1a: Akira\n|-damage|p1a: Akira|0 fnt\n|faint|p1a: Akira\n|\n|-heal|p2a: Cresselia|76\/100|[from] item: Leftovers\n|upkeep\n|\n|t:|1698882575\n|switch|p1a: Princess|Zacian, shiny|32\/100\n|turn|27\n|c|\u2606XpokVEVO|re? i guess not\n|c|\u2606Kinesquared|he got enough to test his sample team\n|c|\u2606Kinesquared|if he won\n|\n|t:|1698882589\n|move|p2a: Cresselia|Stored Power|p1a: Princess\n|-damage|p1a: Princess|0 fnt\n|faint|p1a: Princess\n|\n|win|Kinesquared\n|c|\u2606XpokVEVO|wdym\n|c| fwuffypetsowo|gg\n|c|\u2606Kinesquared|ggs\n|c|\u2606XpokVEVO|gg\n|c|\u2606Kinesquared|nah just talking trash\n","uploadtime":1698882602,"views":19,"p1id":"xpokvevo","p2id":"kinesquared","formatid":"gen9ubers","rating":0,"private":0,"password":""}