{"id":"gen9ubers-1982152417","p1":"Pokemonwina","p2":"Electricratman","format":"[Gen 9] Ubers","log":"|j|\u203dPokemonwina\n|j|\u2606Electricratman\n|t:|1698973258\n|gametype|singles\n|player|p1|Pokemonwina|1|1090\n|player|p2|Electricratman|1|1012\n|teamsize|p1|6\n|teamsize|p2|6\n|gen|9\n|tier|[Gen 9] Ubers\n|rated|\n|rule|Sleep Clause Mod: Limit one foe put to sleep\n|rule|Species Clause: Limit one of each Pok\u00e9mon\n|rule|OHKO Clause: OHKO moves are banned\n|rule|Evasion Items Clause: Evasion items are banned\n|rule|Evasion Moves Clause: Evasion moves are banned\n|rule|Endless Battle Clause: Forcing endless battles is banned\n|rule|HP Percentage Mod: HP is shown in percentages\n|clearpoke\n|poke|p1|Kingambit, M|\n|poke|p1|Zoroark-Hisui, M|\n|poke|p1|Arceus-Fairy|\n|poke|p1|Chi-Yu|\n|poke|p1|Gyarados, F|\n|poke|p1|Jirachi|\n|poke|p2|Thundurus-Therian, M|\n|poke|p2|Hawlucha, F|\n|poke|p2|Magearna|\n|poke|p2|Rillaboom, F|\n|poke|p2|Weezing-Galar, M|\n|poke|p2|Greninja-*, F|\n|teampreview\n|\n|t:|1698973278\n|start\n|switch|p1a: Jirachi|Jirachi|100\/100\n|switch|p2a: Magearna|Magearna|100\/100\n|turn|1\n|inactive|Battle timer is ON: inactive players will automatically lose when time's up. (requested by Pokemonwina)\n|c|\u2606Electricratman|Glhf\n|\n|t:|1698973297\n|move|p1a: Jirachi|Trick|p2a: Magearna\n|-activate|p1a: Jirachi|move: Trick|[of] p2a: Magearna\n|-item|p2a: Magearna|Choice Scarf|[from] move: Trick\n|-item|p1a: Jirachi|Choice Specs|[from] move: Trick\n|move|p2a: Magearna|Spikes|p1a: Jirachi\n|-sidestart|p1: Pokemonwina|Spikes\n|\n|upkeep\n|turn|2\n|\n|t:|1698973312\n|move|p1a: Jirachi|Shadow Ball|p2a: Magearna\n|-damage|p2a: Magearna|54\/100\n|move|p2a: Magearna|Spikes|p1a: Jirachi\n|-sidestart|p1: Pokemonwina|Spikes\n|\n|upkeep\n|turn|3\n|\n|t:|1698973336\n|switch|p1a: Gyarados|Gyarados, F, shiny|100\/100\n|switch|p2a: Weezing|Weezing-Galar, M|100\/100\n|\n|upkeep\n|turn|4\n|\n|t:|1698973347\n|switch|p2a: Thundurus|Thundurus-Therian, M|100\/100\n|move|p1a: Gyarados|Dragon Dance|p1a: Gyarados\n|-boost|p1a: Gyarados|atk|1\n|-boost|p1a: Gyarados|spe|1\n|\n|upkeep\n|turn|5\n|\n|t:|1698973357\n|-terastallize|p1a: Gyarados|Ground\n|move|p1a: Gyarados|Dragon Dance|p1a: Gyarados\n|-boost|p1a: Gyarados|atk|1\n|-boost|p1a: Gyarados|spe|1\n|move|p2a: Thundurus|Volt Switch|p1a: Gyarados\n|-immune|p1a: Gyarados\n|\n|upkeep\n|turn|6\n|\n|t:|1698973373\n|move|p1a: Gyarados|Crunch|p2a: Thundurus\n|-damage|p2a: Thundurus|0 fnt\n|faint|p2a: Thundurus\n|-ability|p1a: Gyarados|Moxie|boost\n|-boost|p1a: Gyarados|atk|1\n|-damage|p1a: Gyarados|91\/100|[from] item: Life Orb\n|\n|upkeep\n|inactive|Electricratman has 120 seconds left.\n|\n|t:|1698973402\n|switch|p2a: Greninja|Greninja, F|100\/100\n|turn|7\n|\n|t:|1698973426\n|move|p1a: Gyarados|Earthquake|p2a: Greninja\n|-enditem|p2a: Greninja|Focus Sash\n|-damage|p2a: Greninja|1\/100\n|-damage|p1a: Gyarados|81\/100|[from] item: Life Orb\n|move|p2a: Greninja|Surf|p1a: Gyarados\n|-start|p2a: Greninja|typechange|Water|[from] ability: Protean\n|-supereffective|p1a: Gyarados\n|-damage|p1a: Gyarados|7\/100\n|\n|upkeep\n|turn|8\n|inactive|Electricratman has 90 seconds left.\n|\n|t:|1698973446\n|switch|p2a: Weezing|Weezing-Galar, M|100\/100\n|move|p1a: Gyarados|Earthquake|p2a: Weezing\n|-immune|p2a: Weezing|[from] ability: Levitate\n|\n|upkeep\n|turn|9\n|inactive|Electricratman has 90 seconds left.\n|\n|t:|1698973461\n|move|p1a: Gyarados|Waterfall|p2a: Weezing\n|-damage|p2a: Weezing|0 fnt\n|faint|p2a: Weezing\n|-ability|p1a: Gyarados|Moxie|boost\n|-boost|p1a: Gyarados|atk|1\n|-damage|p1a: Gyarados|0 fnt|[from] item: Life Orb\n|faint|p1a: Gyarados\n|\n|upkeep\n|inactive|Electricratman has 90 seconds left.\n|\n|t:|1698973484\n|switch|p1a: Jirachi|Jirachi|100\/100\n|switch|p2a: Magearna|Magearna|54\/100\n|-damage|p1a: Jirachi|84\/100|[from] Spikes\n|turn|10\n|\n|t:|1698973491\n|move|p1a: Jirachi|Shadow Ball|p2a: Magearna\n|-damage|p2a: Magearna|4\/100\n|move|p2a: Magearna|Trick|p1a: Jirachi\n|-activate|p2a: Magearna|move: Trick|[of] p1a: Jirachi\n|-item|p1a: Jirachi|Choice Scarf|[from] move: Trick\n|-item|p2a: Magearna|Choice Specs|[from] move: Trick\n|\n|upkeep\n|turn|11\n|\n|t:|1698973505\n|switch|p2a: Greninja|Greninja, F|1\/100\n|move|p1a: Jirachi|Shadow Ball|p2a: Greninja\n|-resisted|p2a: Greninja\n|-damage|p2a: Greninja|0 fnt\n|faint|p2a: Greninja\n|\n|upkeep\n|\n|t:|1698973514\n|switch|p2a: Rillaboom|Rillaboom, F|100\/100\n|-fieldstart|move: Grassy Terrain|[from] ability: Grassy Surge|[of] p2a: Rillaboom\n|turn|12\n|\n|t:|1698973525\n|move|p1a: Jirachi|Shadow Ball|p2a: Rillaboom\n|-damage|p2a: Rillaboom|46\/100\n|move|p2a: Rillaboom|Knock Off|p1a: Jirachi\n|-supereffective|p1a: Jirachi\n|-damage|p1a: Jirachi|0 fnt\n|replace|p1a: Zoroark|Zoroark-Hisui, M\n|-end|p1a: Zoroark|Illusion\n|-enditem|p1a: Zoroark|Choice Scarf|[from] move: Knock Off|[of] p2a: Rillaboom\n|faint|p1a: Zoroark\n|\n|-heal|p2a: Rillaboom|52\/100|[from] Grassy Terrain\n|upkeep\n|\n|t:|1698973529\n|switch|p1a: Chi-Yu|Chi-Yu|100\/100\n|-damage|p1a: Chi-Yu|84\/100|[from] Spikes\n|-ability|p1a: Chi-Yu|Beads of Ruin\n|turn|13\n|inactive|Electricratman has 90 seconds left.\n|\n|t:|1698973547\n|move|p1a: Chi-Yu|Overheat|p2a: Rillaboom|[miss]\n|-miss|p1a: Chi-Yu|p2a: Rillaboom\n|move|p2a: Rillaboom|Drain Punch|p1a: Chi-Yu\n|-supereffective|p1a: Chi-Yu\n|-damage|p1a: Chi-Yu|0 fnt\n|-heal|p2a: Rillaboom|83\/100|[from] drain|[of] p1a: Chi-Yu\n|faint|p1a: Chi-Yu\n|\n|-heal|p2a: Rillaboom|89\/100|[from] Grassy Terrain\n|upkeep\n|\n|t:|1698973559\n|switch|p1a: Arceus|Arceus-Fairy|100\/100\n|-damage|p1a: Arceus|84\/100|[from] Spikes\n|turn|14\n|inactive|Electricratman has 90 seconds left.\n|\n|t:|1698973584\n|-terastallize|p2a: Rillaboom|Grass\n|move|p2a: Rillaboom|Grassy Glide|p1a: Arceus\n|-crit|p1a: Arceus\n|-damage|p1a: Arceus|26\/100\n|move|p1a: Arceus|Will-O-Wisp|p2a: Rillaboom\n|-status|p2a: Rillaboom|brn\n|\n|-heal|p1a: Arceus|32\/100|[from] Grassy Terrain\n|-heal|p2a: Rillaboom|95\/100 brn|[from] Grassy Terrain\n|-damage|p2a: Rillaboom|89\/100 brn|[from] brn\n|upkeep\n|turn|15\n|\n|t:|1698973597\n|switch|p1a: Kingambit|Kingambit, M, shiny|100\/100\n|-damage|p1a: Kingambit|84\/100|[from] Spikes\n|-activate|p1a: Kingambit|ability: Supreme Overlord\n|-start|p1a: Kingambit|fallen3|[silent]\n|move|p2a: Rillaboom|Grassy Glide|p1a: Kingambit\n|-resisted|p1a: Kingambit\n|-damage|p1a: Kingambit|75\/100\n|\n|-heal|p2a: Rillaboom|95\/100 brn|[from] Grassy Terrain\n|-heal|p1a: Kingambit|81\/100|[from] Grassy Terrain\n|-damage|p2a: Rillaboom|89\/100 brn|[from] brn\n|upkeep\n|turn|16\n|\n|t:|1698973614\n|switch|p2a: Hawlucha|Hawlucha, F|100\/100\n|-enditem|p2a: Hawlucha|Grassy Seed\n|-boost|p2a: Hawlucha|def|1|[from] item: Grassy Seed\n|-end|p1a: Kingambit|fallen3|[silent]\n|switch|p1a: Jirachi|Jirachi|100\/100\n|-damage|p1a: Jirachi|84\/100|[from] Spikes\n|\n|-heal|p1a: Jirachi|90\/100|[from] Grassy Terrain\n|-heal|p1a: Jirachi|96\/100|[from] item: Leftovers\n|-fieldend|move: Grassy Terrain\n|upkeep\n|turn|17\n|inactive|Electricratman has 60 seconds left.\n|\n|t:|1698973635\n|move|p2a: Hawlucha|Drain Punch|p1a: Jirachi\n|-damage|p1a: Jirachi|68\/100\n|move|p1a: Jirachi|Thunder Wave|p2a: Hawlucha\n|-status|p2a: Hawlucha|par\n|\n|-heal|p1a: Jirachi|74\/100|[from] item: Leftovers\n|upkeep\n|turn|18\n|inactive|Electricratman has 60 seconds left.\n|\n|t:|1698973647\n|cant|p2a: Hawlucha|par\n|move|p1a: Jirachi|Trick Room|p1a: Jirachi\n|-fieldstart|move: Trick Room|[of] p1a: Jirachi\n|\n|-heal|p1a: Jirachi|80\/100|[from] item: Leftovers\n|upkeep\n|turn|19\n|inactive|Electricratman has 60 seconds left.\n|\n|t:|1698973660\n|move|p1a: Jirachi|Wish|p1a: Jirachi\n|move|p2a: Hawlucha|Acrobatics|p1a: Jirachi\n|-resisted|p1a: Jirachi\n|-damage|p1a: Jirachi|59\/100\n|\n|-heal|p1a: Jirachi|65\/100|[from] item: Leftovers\n|upkeep\n|turn|20\n|inactive|Electricratman has 60 seconds left.\n|\n|t:|1698973669\n|move|p1a: Jirachi|Iron Head|p2a: Hawlucha\n|-crit|p2a: Hawlucha\n|-damage|p2a: Hawlucha|54\/100 par\n|cant|p2a: Hawlucha|flinch\n|\n|-heal|p1a: Jirachi|100\/100|[from] move: Wish|[wisher] Jirachi\n|upkeep\n|turn|21\n|\n|t:|1698973678\n|move|p1a: Jirachi|Iron Head|p2a: Hawlucha\n|-damage|p2a: Hawlucha|32\/100 par\n|move|p2a: Hawlucha|Swords Dance|p2a: Hawlucha\n|-boost|p2a: Hawlucha|atk|2\n|\n|upkeep\n|turn|22\n|\n|t:|1698973685\n|move|p1a: Jirachi|Iron Head|p2a: Hawlucha\n|-damage|p2a: Hawlucha|13\/100 par\n|cant|p2a: Hawlucha|flinch\n|\n|-fieldend|move: Trick Room\n|upkeep\n|turn|23\n|\n|t:|1698973692\n|move|p2a: Hawlucha|Drain Punch|p1a: Jirachi\n|-damage|p1a: Jirachi|46\/100\n|-heal|p2a: Hawlucha|50\/100 par|[from] drain|[of] p1a: Jirachi\n|move|p1a: Jirachi|Iron Head|p2a: Hawlucha\n|-damage|p2a: Hawlucha|28\/100 par\n|\n|-heal|p1a: Jirachi|52\/100|[from] item: Leftovers\n|upkeep\n|turn|24\n|\n|t:|1698973702\n|move|p2a: Hawlucha|Drain Punch|p1a: Jirachi\n|-crit|p1a: Jirachi\n|-damage|p1a: Jirachi|0 fnt\n|-heal|p2a: Hawlucha|63\/100 par|[from] drain|[of] p1a: Jirachi\n|faint|p1a: Jirachi\n|\n|upkeep\n|\n|t:|1698973706\n|switch|p1a: Arceus|Arceus-Fairy|32\/100\n|-damage|p1a: Arceus|16\/100|[from] Spikes\n|turn|25\n|inactive|Electricratman has 90 seconds left.\n|\n|t:|1698973712\n|move|p1a: Arceus|Judgment|p2a: Hawlucha\n|-supereffective|p2a: Hawlucha\n|-damage|p2a: Hawlucha|0 fnt\n|faint|p2a: Hawlucha\n|\n|upkeep\n|inactive|Electricratman has 90 seconds left.\n|\n|t:|1698973717\n|switch|p2a: Rillaboom|Rillaboom, F, tera:Grass|89\/100 brn\n|-fieldstart|move: Grassy Terrain|[from] ability: Grassy Surge|[of] p2a: Rillaboom\n|turn|26\n|inactive|Electricratman has 90 seconds left.\n|\n|t:|1698973742\n|move|p2a: Rillaboom|Grassy Glide|p1a: Arceus\n|-damage|p1a: Arceus|0 fnt\n|faint|p1a: Arceus\n|\n|-heal|p2a: Rillaboom|95\/100 brn|[from] Grassy Terrain\n|-damage|p2a: Rillaboom|89\/100 brn|[from] brn\n|upkeep\n|\n|t:|1698973746\n|switch|p1a: Kingambit|Kingambit, M, shiny|81\/100\n|-damage|p1a: Kingambit|65\/100|[from] Spikes\n|-activate|p1a: Kingambit|ability: Supreme Overlord\n|-start|p1a: Kingambit|fallen5|[silent]\n|turn|27\n|inactive|Electricratman has 90 seconds left.\n|\n|t:|1698973756\n|move|p1a: Kingambit|Sucker Punch|p2a: Rillaboom\n|-damage|p2a: Rillaboom|4\/100 brn\n|-damage|p1a: Kingambit|55\/100|[from] item: Life Orb\n|move|p2a: Rillaboom|Drain Punch|p1a: Kingambit\n|-supereffective|p1a: Kingambit\n|-damage|p1a: Kingambit|11\/100\n|-heal|p2a: Rillaboom|30\/100 brn|[from] drain|[of] p1a: Kingambit\n|\n|-heal|p2a: Rillaboom|36\/100 brn|[from] Grassy Terrain\n|-heal|p1a: Kingambit|18\/100|[from] Grassy Terrain\n|-damage|p2a: Rillaboom|30\/100 brn|[from] brn\n|upkeep\n|turn|28\n|inactive|Electricratman has 90 seconds left.\n|\n|t:|1698973769\n|move|p2a: Rillaboom|Grassy Glide|p1a: Kingambit\n|-resisted|p1a: Kingambit\n|-damage|p1a: Kingambit|9\/100\n|move|p1a: Kingambit|Sucker Punch||[still]\n|-fail|p1a: Kingambit\n|\n|-heal|p2a: Rillaboom|36\/100 brn|[from] Grassy Terrain\n|-heal|p1a: Kingambit|15\/100|[from] Grassy Terrain\n|-damage|p2a: Rillaboom|30\/100 brn|[from] brn\n|upkeep\n|turn|29\n|inactive|Electricratman has 90 seconds left.\n|\n|t:|1698973780\n|move|p2a: Rillaboom|Grassy Glide|p1a: Kingambit\n|-resisted|p1a: Kingambit\n|-damage|p1a: Kingambit|7\/100\n|move|p1a: Kingambit|Sucker Punch||[still]\n|-fail|p1a: Kingambit\n|\n|-heal|p2a: Rillaboom|36\/100 brn|[from] Grassy Terrain\n|-heal|p1a: Kingambit|13\/100|[from] Grassy Terrain\n|-damage|p2a: Rillaboom|30\/100 brn|[from] brn\n|upkeep\n|turn|30\n|inactive|Electricratman has 90 seconds left.\n|\n|t:|1698973791\n|move|p2a: Rillaboom|Grassy Glide|p1a: Kingambit\n|-resisted|p1a: Kingambit\n|-damage|p1a: Kingambit|5\/100\n|move|p1a: Kingambit|Iron Head|p2a: Rillaboom\n|-damage|p2a: Rillaboom|0 fnt\n|faint|p2a: Rillaboom\n|-damage|p1a: Kingambit|0 fnt|[from] item: Life Orb\n|faint|p1a: Kingambit\n|-end|p1a: Kingambit|fallen5|[silent]\n|\n|win|Electricratman\n|raw|Pokemonwina's rating: 1090 &rarr; <strong>1061<\/strong><br \/>(-29 for losing)\n|raw|Electricratman's rating: 1012 &rarr; <strong>1059<\/strong><br \/>(+47 for winning)\n|l|\u203dPokemonwina\n","uploadtime":1698973816,"views":10,"p1id":"pokemonwina","p2id":"electricratman","formatid":"gen9ubers","rating":1059,"private":0,"password":""}