{"id":"gen9ubers-1990620989","p1":"Sebash221","p2":"Supraxd","format":"[Gen 9] Ubers","log":"|j|\u2606Sebash221\n|j|\u2606Supraxd\n|t:|1699986372\n|gametype|singles\n|player|p1|Sebash221|harlequin|1066\n|player|p2|Supraxd|steven|1108\n|teamsize|p1|6\n|teamsize|p2|6\n|gen|9\n|tier|[Gen 9] Ubers\n|rated|\n|rule|Sleep Clause Mod: Limit one foe put to sleep\n|rule|Species Clause: Limit one of each Pok\u00e9mon\n|rule|OHKO Clause: OHKO moves are banned\n|rule|Evasion Items Clause: Evasion items are banned\n|rule|Evasion Moves Clause: Evasion moves are banned\n|rule|Endless Battle Clause: Forcing endless battles is banned\n|rule|HP Percentage Mod: HP is shown in percentages\n|clearpoke\n|poke|p1|Kingambit, M|\n|poke|p1|Bisharp, M|\n|poke|p1|Slither Wing|\n|poke|p1|Quaquaval, M|\n|poke|p1|Ceruledge, M|\n|poke|p1|Armarouge, M|\n|poke|p2|Groudon|\n|poke|p2|Koraidon|\n|poke|p2|Scream Tail|\n|poke|p2|Lilligant-Hisui, F|\n|poke|p2|Chi-Yu|\n|poke|p2|Walking Wake|\n|teampreview\n|\n|t:|1699986395\n|start\n|switch|p1a: Ceruledge|Ceruledge, M|100\/100\n|switch|p2a: Groudon|Groudon|100\/100\n|-weather|SunnyDay|[from] ability: Drought|[of] p2a: Groudon\n|turn|1\n|\n|t:|1699986415\n|-terastallize|p1a: Ceruledge|Grass\n|move|p1a: Ceruledge|Bulk Up|p1a: Ceruledge\n|-boost|p1a: Ceruledge|atk|1\n|-boost|p1a: Ceruledge|def|1\n|move|p2a: Groudon|Precipice Blades|p1a: Ceruledge\n|-resisted|p1a: Ceruledge\n|-damage|p1a: Ceruledge|68\/100\n|\n|-weather|SunnyDay|[upkeep]\n|upkeep\n|turn|2\n|\n|t:|1699986423\n|-terastallize|p2a: Groudon|Water\n|move|p1a: Ceruledge|Bulk Up|p1a: Ceruledge\n|-boost|p1a: Ceruledge|atk|1\n|-boost|p1a: Ceruledge|def|1\n|move|p2a: Groudon|Body Press|p1a: Ceruledge\n|-damage|p1a: Ceruledge|43\/100\n|\n|-weather|SunnyDay|[upkeep]\n|upkeep\n|turn|3\n|\n|t:|1699986432\n|switch|p2a: Scream Tail|Scream Tail|100\/100\n|-activate|p2a: Scream Tail|ability: Protosynthesis\n|-start|p2a: Scream Tail|protosynthesisspd\n|move|p1a: Ceruledge|Tera Blast|p2a: Scream Tail|[anim] Tera Blast Grass\n|-damage|p2a: Scream Tail|4\/100\n|-damage|p1a: Ceruledge|33\/100|[from] item: Life Orb\n|\n|-weather|SunnyDay|[upkeep]\n|-heal|p2a: Scream Tail|10\/100|[from] item: Leftovers\n|upkeep\n|turn|4\n|\n|t:|1699986445\n|move|p1a: Ceruledge|Shadow Sneak|p2a: Scream Tail\n|-supereffective|p2a: Scream Tail\n|-damage|p2a: Scream Tail|0 fnt\n|faint|p2a: Scream Tail\n|-end|p2a: Scream Tail|Protosynthesis|[silent]\n|-damage|p1a: Ceruledge|24\/100|[from] item: Life Orb\n|\n|-weather|SunnyDay|[upkeep]\n|upkeep\n|\n|t:|1699986449\n|switch|p2a: Chi-Yu|Chi-Yu|100\/100\n|-ability|p2a: Chi-Yu|Beads of Ruin\n|turn|5\n|\n|t:|1699986454\n|move|p2a: Chi-Yu|Dark Pulse|p1a: Ceruledge\n|-damage|p1a: Ceruledge|0 fnt\n|faint|p1a: Ceruledge\n|\n|-weather|none\n|upkeep\n|\n|t:|1699986464\n|switch|p1a: Quaquaval|Quaquaval, M|100\/100\n|turn|6\n|\n|t:|1699986471\n|switch|p2a: Groudon|Groudon, tera:Water|100\/100\n|-weather|SunnyDay|[from] ability: Drought|[of] p2a: Groudon\n|move|p1a: Quaquaval|Bulk Up|p1a: Quaquaval\n|-boost|p1a: Quaquaval|atk|1\n|-boost|p1a: Quaquaval|def|1\n|\n|-weather|SunnyDay|[upkeep]\n|upkeep\n|turn|7\n|\n|t:|1699986480\n|move|p1a: Quaquaval|Aqua Step|p2a: Groudon\n|-resisted|p2a: Groudon\n|-damage|p2a: Groudon|92\/100\n|-boost|p1a: Quaquaval|spe|1\n|-damage|p1a: Quaquaval|91\/100|[from] item: Life Orb\n|move|p2a: Groudon|Will-O-Wisp|p1a: Quaquaval\n|-status|p1a: Quaquaval|brn\n|\n|-weather|SunnyDay|[upkeep]\n|-heal|p2a: Groudon|98\/100|[from] item: Leftovers\n|-damage|p1a: Quaquaval|84\/100 brn|[from] brn\n|upkeep\n|turn|8\n|\n|t:|1699986491\n|move|p1a: Quaquaval|Bulk Up|p1a: Quaquaval\n|-boost|p1a: Quaquaval|atk|1\n|-boost|p1a: Quaquaval|def|1\n|move|p2a: Groudon|Stealth Rock|p1a: Quaquaval\n|-sidestart|p1: Sebash221|move: Stealth Rock\n|\n|-weather|SunnyDay|[upkeep]\n|-heal|p2a: Groudon|100\/100|[from] item: Leftovers\n|-damage|p1a: Quaquaval|78\/100 brn|[from] brn\n|upkeep\n|turn|9\n|\n|t:|1699986503\n|move|p1a: Quaquaval|Brave Bird|p2a: Groudon\n|-crit|p2a: Groudon\n|-damage|p2a: Groudon|62\/100\n|-damage|p1a: Quaquaval|62\/100 brn|[from] Recoil\n|-damage|p1a: Quaquaval|52\/100 brn|[from] item: Life Orb\n|move|p2a: Groudon|Body Press|p1a: Quaquaval\n|-damage|p1a: Quaquaval|31\/100 brn\n|\n|-weather|SunnyDay|[upkeep]\n|-heal|p2a: Groudon|68\/100|[from] item: Leftovers\n|-damage|p1a: Quaquaval|25\/100 brn|[from] brn\n|upkeep\n|turn|10\n|\n|t:|1699986516\n|move|p1a: Quaquaval|Brave Bird|p2a: Groudon\n|-damage|p2a: Groudon|45\/100\n|-damage|p1a: Quaquaval|15\/100 brn|[from] Recoil\n|-damage|p1a: Quaquaval|5\/100 brn|[from] item: Life Orb\n|move|p2a: Groudon|Body Press|p1a: Quaquaval\n|-damage|p1a: Quaquaval|0 fnt\n|faint|p1a: Quaquaval\n|\n|-weather|none\n|-heal|p2a: Groudon|51\/100|[from] item: Leftovers\n|upkeep\n|\n|t:|1699986529\n|switch|p1a: Armarouge|Armarouge, M|100\/100\n|-damage|p1a: Armarouge|76\/100|[from] Stealth Rock\n|turn|11\n|\n|t:|1699986551\n|move|p2a: Groudon|Precipice Blades|p1a: Armarouge\n|-supereffective|p1a: Armarouge\n|-damage|p1a: Armarouge|0 fnt\n|faint|p1a: Armarouge\n|\n|-heal|p2a: Groudon|57\/100|[from] item: Leftovers\n|upkeep\n|\n|t:|1699986564\n|switch|p1a: Bisharp|Bisharp, M|100\/100\n|-damage|p1a: Bisharp|95\/100|[from] Stealth Rock\n|turn|12\n|\n|t:|1699986571\n|move|p1a: Bisharp|Sucker Punch||[still]\n|-fail|p1a: Bisharp\n|move|p2a: Groudon|Will-O-Wisp|p1a: Bisharp\n|-status|p1a: Bisharp|brn\n|\n|-heal|p2a: Groudon|63\/100|[from] item: Leftovers\n|-damage|p1a: Bisharp|89\/100 brn|[from] brn\n|upkeep\n|turn|13\n|\n|t:|1699986579\n|move|p2a: Groudon|Body Press|p1a: Bisharp\n|-supereffective|p1a: Bisharp\n|-damage|p1a: Bisharp|7\/100 brn\n|move|p1a: Bisharp|Swords Dance|p1a: Bisharp\n|-boost|p1a: Bisharp|atk|2\n|\n|-heal|p2a: Groudon|69\/100|[from] item: Leftovers\n|-damage|p1a: Bisharp|1\/100 brn|[from] brn\n|upkeep\n|turn|14\n|\n|t:|1699986589\n|move|p1a: Bisharp|Sucker Punch||[still]\n|-fail|p1a: Bisharp\n|move|p2a: Groudon|Stealth Rock||[still]\n|-fail|p2a: Groudon\n|\n|-heal|p2a: Groudon|75\/100|[from] item: Leftovers\n|-damage|p1a: Bisharp|0 fnt|[from] brn\n|faint|p1a: Bisharp\n|upkeep\n|\n|t:|1699986597\n|switch|p1a: Slither Wing|Slither Wing|100\/100\n|-damage|p1a: Slither Wing|88\/100|[from] Stealth Rock\n|-enditem|p1a: Slither Wing|Booster Energy\n|-activate|p1a: Slither Wing|ability: Protosynthesis|[fromitem]\n|-start|p1a: Slither Wing|protosynthesisatk\n|turn|15\n|\n|t:|1699986608\n|move|p1a: Slither Wing|Leech Life|p2a: Groudon\n|-damage|p2a: Groudon|48\/100\n|-heal|p1a: Slither Wing|100\/100|[from] drain|[of] p2a: Groudon\n|move|p2a: Groudon|Will-O-Wisp|p1a: Slither Wing\n|-status|p1a: Slither Wing|brn\n|\n|-heal|p2a: Groudon|54\/100|[from] item: Leftovers\n|-damage|p1a: Slither Wing|94\/100 brn|[from] brn\n|upkeep\n|turn|16\n|\n|t:|1699986622\n|switch|p2a: Koraidon|Koraidon|100\/100\n|-weather|SunnyDay|[from] ability: Orichalcum Pulse|[of] p2a: Koraidon\n|-activate|p2a: Koraidon|Orichalcum Pulse|[source]\n|move|p1a: Slither Wing|Bulk Up|p1a: Slither Wing\n|-boost|p1a: Slither Wing|atk|1\n|-boost|p1a: Slither Wing|def|1\n|\n|-weather|SunnyDay|[upkeep]\n|-damage|p1a: Slither Wing|88\/100 brn|[from] brn\n|upkeep\n|turn|17\n|\n|t:|1699986631\n|move|p2a: Koraidon|Flame Charge|p1a: Slither Wing\n|-supereffective|p1a: Slither Wing\n|-damage|p1a: Slither Wing|19\/100 brn\n|-boost|p2a: Koraidon|spe|1\n|move|p1a: Slither Wing|Flame Charge|p2a: Koraidon\n|-resisted|p2a: Koraidon\n|-damage|p2a: Koraidon|90\/100\n|-boost|p1a: Slither Wing|spe|1\n|\n|-weather|SunnyDay|[upkeep]\n|-damage|p1a: Slither Wing|13\/100 brn|[from] brn\n|upkeep\n|turn|18\n|\n|t:|1699986641\n|move|p2a: Koraidon|Flame Charge|p1a: Slither Wing\n|-supereffective|p1a: Slither Wing\n|-damage|p1a: Slither Wing|0 fnt\n|-boost|p2a: Koraidon|spe|1\n|faint|p1a: Slither Wing\n|-end|p1a: Slither Wing|Protosynthesis|[silent]\n|\n|-weather|SunnyDay|[upkeep]\n|upkeep\n|\n|t:|1699986653\n|switch|p1a: Kingambit|Kingambit, M|100\/100\n|-damage|p1a: Kingambit|94\/100|[from] Stealth Rock\n|turn|19\n|\n|t:|1699986666\n|move|p2a: Koraidon|Collision Course|p1a: Kingambit\n|-supereffective|p1a: Kingambit\n|-damage|p1a: Kingambit|0 fnt\n|faint|p1a: Kingambit\n|\n|win|Supraxd\n|raw|Sebash221's rating: 1066 &rarr; <strong>1048<\/strong><br \/>(-18 for losing)\n|raw|Supraxd's rating: 1108 &rarr; <strong>1130<\/strong><br \/>(+22 for winning)\n|l|\u2606Sebash221\n","uploadtime":1699986676,"views":16,"p1id":"sebash221","p2id":"supraxd","formatid":"gen9ubers","rating":1048,"private":0,"password":""}