{"id":"gen9ubers-1971680149","p1":"High ladda","p2":"Turkitty","format":"[Gen 9] Ubers","log":"|j|\u2606High ladda\n|j|\u2606Turkitty\n|t:|1697760407\n|gametype|singles\n|player|p1|High ladda|170|1519\n|player|p2|Turkitty|102|1609\n|teamsize|p1|6\n|teamsize|p2|6\n|gen|9\n|tier|[Gen 9] Ubers\n|rated|\n|rule|Sleep Clause Mod: Limit one foe put to sleep\n|rule|Species Clause: Limit one of each Pok\u00e9mon\n|rule|OHKO Clause: OHKO moves are banned\n|rule|Evasion Items Clause: Evasion items are banned\n|rule|Evasion Moves Clause: Evasion moves are banned\n|rule|Endless Battle Clause: Forcing endless battles is banned\n|rule|HP Percentage Mod: HP is shown in percentages\n|clearpoke\n|poke|p1|Kyogre|\n|poke|p1|Flutter Mane|\n|poke|p1|Toxapex, F|\n|poke|p1|Koraidon|\n|poke|p1|Groudon|\n|poke|p1|Zacian-*|\n|poke|p2|Zacian-*|\n|poke|p2|Ditto|\n|poke|p2|Ribombee, M|\n|poke|p2|Arceus|\n|poke|p2|Spectrier|\n|poke|p2|Dialga|\n|teampreview\n|inactive|Battle timer is ON: inactive players will automatically lose when time's up. (requested by High ladda)\n|inactive|High ladda has 120 seconds left.\n|\n|t:|1697760443\n|start\n|switch|p1a: Flutter Mane|Flutter Mane|100\/100\n|switch|p2a: Ribombee|Ribombee, M|100\/100\n|turn|1\n|\n|t:|1697760449\n|move|p2a: Ribombee|Sticky Web|p1a: Flutter Mane\n|-sidestart|p1: High ladda|move: Sticky Web\n|move|p1a: Flutter Mane|Taunt|p2a: Ribombee\n|-start|p2a: Ribombee|move: Taunt\n|\n|upkeep\n|turn|2\n|n|!High ladda|highladda\n|inactive|High ladda has 120 seconds left.\n|\n|t:|1697760496\n|switch|p2a: Dialga|Dialga|100\/100\n|-ability|p2a: Dialga|Pressure\n|-end|p1a: Flutter Mane|Protosynthesis|[silent]\n|switch|p1a: Kyogre|Kyogre|100\/100\n|-activate|p1a: Kyogre|move: Sticky Web\n|-unboost|p1a: Kyogre|spe|1\n|-weather|RainDance|[from] ability: Drizzle|[of] p1a: Kyogre\n|\n|-weather|RainDance|[upkeep]\n|upkeep\n|turn|3\n|\n|t:|1697760518\n|switch|p1a: Groudon|Groudon|100\/100\n|-activate|p1a: Groudon|move: Sticky Web\n|-unboost|p1a: Groudon|spe|1\n|-weather|SunnyDay|[from] ability: Drought|[of] p1a: Groudon\n|move|p2a: Dialga|Stealth Rock|p1a: Groudon\n|-sidestart|p1: High ladda|move: Stealth Rock\n|\n|-weather|SunnyDay|[upkeep]\n|upkeep\n|turn|4\n|\n|t:|1697760526\n|switch|p2a: Ribombee|Ribombee, M|100\/100\n|move|p1a: Groudon|Spikes|p2a: Ribombee\n|-sidestart|p2: Turkitty|Spikes\n|\n|-weather|SunnyDay|[upkeep]\n|upkeep\n|turn|5\n|\n|t:|1697760532\n|move|p2a: Ribombee|Trick|p1a: Groudon\n|-activate|p2a: Ribombee|move: Trick|[of] p1a: Groudon\n|-item|p1a: Groudon|Choice Scarf|[from] move: Trick\n|-item|p2a: Ribombee|Rocky Helmet|[from] move: Trick\n|move|p1a: Groudon|Spikes|p2a: Ribombee\n|-sidestart|p2: Turkitty|Spikes\n|\n|-weather|SunnyDay|[upkeep]\n|upkeep\n|turn|6\n|\n|t:|1697760537\n|move|p2a: Ribombee|Moonblast|p1a: Groudon\n|-damage|p1a: Groudon|60\/100\n|-unboost|p1a: Groudon|spa|1\n|move|p1a: Groudon|Spikes|p2a: Ribombee\n|-sidestart|p2: Turkitty|Spikes\n|\n|-weather|SunnyDay|[upkeep]\n|upkeep\n|turn|7\n|\n|t:|1697760553\n|move|p2a: Ribombee|Stun Spore|p1a: Groudon\n|-status|p1a: Groudon|par\n|move|p1a: Groudon|Spikes||[still]\n|-fail|p1a: Groudon\n|\n|-weather|none\n|upkeep\n|turn|8\n|\n|t:|1697760575\n|switch|p1a: Koraidon|Koraidon|100\/100\n|-activate|p1a: Koraidon|move: Sticky Web\n|-unboost|p1a: Koraidon|spe|1\n|-damage|p1a: Koraidon|94\/100|[from] Stealth Rock\n|-weather|SunnyDay|[from] ability: Orichalcum Pulse|[of] p1a: Koraidon\n|-activate|p1a: Koraidon|Orichalcum Pulse|[source]\n|move|p2a: Ribombee|Stun Spore|p1a: Koraidon\n|-status|p1a: Koraidon|par\n|\n|-weather|SunnyDay|[upkeep]\n|upkeep\n|turn|9\n|\n|t:|1697760590\n|move|p2a: Ribombee|Moonblast|p1a: Koraidon\n|-supereffective|p1a: Koraidon\n|-damage|p1a: Koraidon|0 fnt\n|faint|p1a: Koraidon\n|\n|-weather|SunnyDay|[upkeep]\n|upkeep\n|\n|t:|1697760596\n|switch|p1a: Flutter Mane|Flutter Mane|100\/100\n|-activate|p1a: Flutter Mane|ability: Protosynthesis\n|-start|p1a: Flutter Mane|protosynthesisspe\n|turn|10\n|\n|t:|1697760613\n|move|p1a: Flutter Mane|Taunt|p2a: Ribombee\n|-start|p2a: Ribombee|move: Taunt\n|cant|p2a: Ribombee|move: Taunt|Trick\n|\n|-weather|SunnyDay|[upkeep]\n|upkeep\n|turn|11\n|\n|t:|1697760621\n|move|p1a: Flutter Mane|Calm Mind|p1a: Flutter Mane\n|-boost|p1a: Flutter Mane|spa|1\n|-boost|p1a: Flutter Mane|spd|1\n|move|p2a: Ribombee|Moonblast|p1a: Flutter Mane\n|-damage|p1a: Flutter Mane|68\/100\n|\n|-weather|SunnyDay|[upkeep]\n|upkeep\n|turn|12\n|\n|t:|1697760624\n|move|p1a: Flutter Mane|Calm Mind|p1a: Flutter Mane\n|-boost|p1a: Flutter Mane|spa|1\n|-boost|p1a: Flutter Mane|spd|1\n|move|p2a: Ribombee|Moonblast|p1a: Flutter Mane\n|-damage|p1a: Flutter Mane|43\/100\n|\n|-weather|none\n|-end|p1a: Flutter Mane|Protosynthesis\n|-end|p2a: Ribombee|move: Taunt\n|upkeep\n|turn|13\n|\n|t:|1697760632\n|move|p1a: Flutter Mane|Shadow Ball|p2a: Ribombee\n|-damage|p2a: Ribombee|0 fnt\n|faint|p2a: Ribombee\n|\n|upkeep\n|\n|t:|1697760634\n|switch|p2a: Ditto|Ditto|100\/100\n|-damage|p2a: Ditto|75\/100|[from] Spikes\n|-transform|p2a: Ditto|p1a: Flutter Mane|[from] ability: Imposter\n|turn|14\n|\n|t:|1697760640\n|move|p2a: Ditto|Shadow Ball|p1a: Flutter Mane\n|-supereffective|p1a: Flutter Mane\n|-damage|p1a: Flutter Mane|0 fnt\n|faint|p1a: Flutter Mane\n|-end|p1a: Flutter Mane|Protosynthesis|[silent]\n|\n|upkeep\n|\n|t:|1697760645\n|switch|p1a: Kyogre|Kyogre|100\/100\n|-activate|p1a: Kyogre|move: Sticky Web\n|-unboost|p1a: Kyogre|spe|1\n|-damage|p1a: Kyogre|88\/100|[from] Stealth Rock\n|-weather|RainDance|[from] ability: Drizzle|[of] p1a: Kyogre\n|turn|15\n|\n|t:|1697760649\n|-terastallize|p2a: Ditto|Ghost\n|move|p2a: Ditto|Shadow Ball|p1a: Kyogre\n|-damage|p1a: Kyogre|16\/100\n|move|p1a: Kyogre|Thunder|p2a: Ditto\n|-damage|p2a: Ditto|55\/100\n|-status|p2a: Ditto|par\n|\n|-weather|RainDance|[upkeep]\n|upkeep\n|turn|16\n|\n|t:|1697760658\n|move|p2a: Ditto|Shadow Ball|p1a: Kyogre\n|-damage|p1a: Kyogre|0 fnt\n|faint|p1a: Kyogre\n|\n|-weather|RainDance|[upkeep]\n|upkeep\n|\n|t:|1697760665\n|switch|p1a: Zacian|Zacian-Crowned|100\/100\n|-activate|p1a: Zacian|move: Sticky Web\n|-unboost|p1a: Zacian|spe|1\n|-damage|p1a: Zacian|94\/100|[from] Stealth Rock\n|-ability|p1a: Zacian|Intrepid Sword|boost\n|-boost|p1a: Zacian|atk|1\n|turn|17\n|\n|t:|1697760671\n|move|p2a: Ditto|Shadow Ball|p1a: Zacian\n|-damage|p1a: Zacian|0 fnt\n|faint|p1a: Zacian\n|\n|-weather|RainDance|[upkeep]\n|upkeep\n|-message|High ladda forfeited.\n|\n|win|Turkitty\n|raw|High ladda's rating: 1519 &rarr; <strong>1504<\/strong><br \/>(-15 for losing)\n|raw|Turkitty's rating: 1609 &rarr; <strong>1624<\/strong><br \/>(+15 for winning)\n","uploadtime":1697760459,"views":5,"p1id":"highladda","p2id":"turkitty","formatid":"gen9ubers","rating":1504,"private":0,"password":""}