{"id":"gen9ubers-1990599382","p1":"unhedged","p2":"Junky Dummy","format":"[Gen 9] Ubers","log":"|j|\u2606unhedged\n|j|\u2606Junky Dummy\n|t:|1699984641\n|gametype|singles\n|player|p1|unhedged|dawn|1241\n|player|p2|Junky Dummy|266|1167\n|teamsize|p1|1\n|teamsize|p2|6\n|gen|9\n|tier|[Gen 9] Ubers\n|rated|\n|rule|Sleep Clause Mod: Limit one foe put to sleep\n|rule|Species Clause: Limit one of each Pok\u00e9mon\n|rule|OHKO Clause: OHKO moves are banned\n|rule|Evasion Items Clause: Evasion items are banned\n|rule|Evasion Moves Clause: Evasion moves are banned\n|rule|Endless Battle Clause: Forcing endless battles is banned\n|rule|HP Percentage Mod: HP is shown in percentages\n|clearpoke\n|poke|p1|Arceus-Psychic|\n|poke|p2|Miraidon|\n|poke|p2|Ting-Lu|\n|poke|p2|Kyogre|\n|poke|p2|Zacian-*|\n|poke|p2|Mewtwo|\n|poke|p2|Giratina|\n|teampreview\n|\n|t:|1699984650\n|start\n|switch|p1a: Arceus|Arceus-Psychic|100\/100\n|switch|p2a: Giratina|Giratina, shiny|100\/100\n|-ability|p2a: Giratina|Pressure\n|turn|1\n|inactive|Battle timer is ON: inactive players will automatically lose when time's up. (requested by Junky Dummy)\n|\n|t:|1699984654\n|move|p1a: Arceus|Cosmic Power|p1a: Arceus\n|-boost|p1a: Arceus|def|1\n|-boost|p1a: Arceus|spd|1\n|move|p2a: Giratina|Will-O-Wisp|p1a: Arceus\n|-status|p1a: Arceus|brn\n|\n|-damage|p1a: Arceus|94\/100 brn|[from] brn\n|upkeep\n|turn|2\n|\n|t:|1699984660\n|move|p1a: Arceus|Cosmic Power|p1a: Arceus\n|-boost|p1a: Arceus|def|1\n|-boost|p1a: Arceus|spd|1\n|move|p2a: Giratina|Hex|p1a: Arceus\n|-supereffective|p1a: Arceus\n|-damage|p1a: Arceus|66\/100 brn\n|\n|-damage|p1a: Arceus|60\/100 brn|[from] brn\n|upkeep\n|turn|3\n|\n|t:|1699984666\n|-terastallize|p1a: Arceus|Fighting\n|move|p1a: Arceus|Cosmic Power|p1a: Arceus\n|-boost|p1a: Arceus|def|1\n|-boost|p1a: Arceus|spd|1\n|move|p2a: Giratina|Hex|p1a: Arceus\n|-damage|p1a: Arceus|48\/100 brn\n|\n|-damage|p1a: Arceus|42\/100 brn|[from] brn\n|upkeep\n|turn|4\n|\n|t:|1699984674\n|move|p1a: Arceus|Recover|p1a: Arceus\n|-heal|p1a: Arceus|92\/100 brn\n|move|p2a: Giratina|Hex|p1a: Arceus\n|-damage|p1a: Arceus|81\/100 brn\n|\n|-damage|p1a: Arceus|75\/100 brn|[from] brn\n|upkeep\n|turn|5\n|\n|t:|1699984699\n|move|p1a: Arceus|Cosmic Power|p1a: Arceus\n|-boost|p1a: Arceus|def|1\n|-boost|p1a: Arceus|spd|1\n|move|p2a: Giratina|Hex|p1a: Arceus\n|-damage|p1a: Arceus|64\/100 brn\n|\n|-damage|p1a: Arceus|58\/100 brn|[from] brn\n|upkeep\n|turn|6\n|\n|t:|1699984714\n|switch|p2a: Kyogre|Kyogre, shiny|100\/100\n|-weather|RainDance|[from] ability: Drizzle|[of] p2a: Kyogre\n|move|p1a: Arceus|Recover|p1a: Arceus\n|-heal|p1a: Arceus|100\/100 brn\n|\n|-weather|RainDance|[upkeep]\n|-damage|p1a: Arceus|94\/100 brn|[from] brn\n|upkeep\n|turn|7\n|\n|t:|1699984723\n|move|p2a: Kyogre|Water Spout|p1a: Arceus\n|-damage|p1a: Arceus|63\/100 brn\n|move|p1a: Arceus|Cosmic Power|p1a: Arceus\n|-boost|p1a: Arceus|def|1\n|-boost|p1a: Arceus|spd|1\n|\n|-weather|RainDance|[upkeep]\n|-damage|p1a: Arceus|57\/100 brn|[from] brn\n|upkeep\n|turn|8\n|\n|t:|1699984737\n|move|p2a: Kyogre|Water Spout|p1a: Arceus\n|-damage|p1a: Arceus|31\/100 brn\n|move|p1a: Arceus|Cosmic Power|p1a: Arceus\n|-boost|p1a: Arceus|def|1\n|-boost|p1a: Arceus|spd|1\n|\n|-weather|RainDance|[upkeep]\n|-damage|p1a: Arceus|25\/100 brn|[from] brn\n|upkeep\n|turn|9\n|\n|t:|1699984741\n|switch|p2a: Zacian|Zacian-Crowned, shiny|100\/100\n|-ability|p2a: Zacian|Intrepid Sword|boost\n|-boost|p2a: Zacian|atk|1\n|move|p1a: Arceus|Recover|p1a: Arceus\n|-heal|p1a: Arceus|75\/100 brn\n|\n|-weather|RainDance|[upkeep]\n|-damage|p1a: Arceus|69\/100 brn|[from] brn\n|upkeep\n|turn|10\n|\n|t:|1699984761\n|-terastallize|p2a: Zacian|Water\n|move|p2a: Zacian|Behemoth Blade|p1a: Arceus\n|-damage|p1a: Arceus|54\/100 brn\n|move|p1a: Arceus|Recover|p1a: Arceus\n|-heal|p1a: Arceus|100\/100 brn\n|\n|-weather|none\n|-damage|p1a: Arceus|94\/100 brn|[from] brn\n|upkeep\n|turn|11\n|\n|t:|1699984780\n|switch|p2a: Mewtwo|Mewtwo, shiny|100\/100\n|-ability|p2a: Mewtwo|Pressure\n|move|p1a: Arceus|Stored Power|p2a: Mewtwo\n|-resisted|p2a: Mewtwo\n|-damage|p2a: Mewtwo|32\/100\n|\n|-heal|p2a: Mewtwo|38\/100|[from] item: Leftovers\n|-damage|p1a: Arceus|88\/100 brn|[from] brn\n|upkeep\n|turn|12\n|\n|t:|1699984791\n|move|p2a: Mewtwo|Psystrike|p1a: Arceus\n|-supereffective|p1a: Arceus\n|-damage|p1a: Arceus|70\/100 brn\n|move|p1a: Arceus|Stored Power|p2a: Mewtwo\n|-resisted|p2a: Mewtwo\n|-damage|p2a: Mewtwo|0 fnt\n|faint|p2a: Mewtwo\n|\n|-damage|p1a: Arceus|64\/100 brn|[from] brn\n|upkeep\n|-message|Junky Dummy forfeited.\n|\n|win|unhedged\n|raw|unhedged's rating: 1241 &rarr; <strong>1261<\/strong><br \/>(+20 for winning)\n|raw|Junky Dummy's rating: 1167 &rarr; <strong>1147<\/strong><br \/>(-20 for losing)\n|l|\u2606Junky Dummy\n","uploadtime":1699984799,"views":15,"p1id":"unhedged","p2id":"junkydummy","formatid":"gen9ubers","rating":1147,"private":0,"password":""}