{"id":"gen9ubers-1969539888","p1":"BocchiTheMaster","p2":"JamingT","format":"[Gen 9] Ubers","log":"|j|\u2606BocchiTheMaster\n|j|\u2606JamingT\n|t:|1697545075\n|gametype|singles\n|player|p1|BocchiTheMaster|dawn-gen4pt|1331\n|player|p2|JamingT|lady-gen4|1296\n|teamsize|p1|6\n|teamsize|p2|6\n|gen|9\n|tier|[Gen 9] Ubers\n|rated|\n|rule|Sleep Clause Mod: Limit one foe put to sleep\n|rule|Species Clause: Limit one of each Pok\u00e9mon\n|rule|OHKO Clause: OHKO moves are banned\n|rule|Evasion Items Clause: Evasion items are banned\n|rule|Evasion Moves Clause: Evasion moves are banned\n|rule|Endless Battle Clause: Forcing endless battles is banned\n|rule|HP Percentage Mod: HP is shown in percentages\n|clearpoke\n|poke|p1|Ribombee, M|\n|poke|p1|Miraidon|\n|poke|p1|Koraidon|\n|poke|p1|Skeledirge, M|\n|poke|p1|Chien-Pao|\n|poke|p1|Zacian-*|\n|poke|p2|Arceus-Fairy|\n|poke|p2|Skeledirge, M|\n|poke|p2|Ting-Lu|\n|poke|p2|Dragonite, F|\n|poke|p2|Landorus-Therian, M|\n|poke|p2|Palkia-Origin|\n|teampreview\n|inactive|Battle timer is ON: inactive players will automatically lose when time's up. (requested by BocchiTheMaster)\n|\n|t:|1697545079\n|start\n|switch|p1a: Ribombee|Ribombee, M|100\/100\n|switch|p2a: Landorus|Landorus-Therian, M|100\/100\n|-ability|p2a: Landorus|Intimidate|boost\n|-unboost|p1a: Ribombee|atk|1\n|turn|1\n|\n|t:|1697545083\n|move|p2a: Landorus|Taunt|p1a: Ribombee\n|-start|p1a: Ribombee|move: Taunt\n|cant|p1a: Ribombee|move: Taunt|Sticky Web\n|\n|upkeep\n|turn|2\n|\n|t:|1697545094\n|switch|p2a: Arceus|Arceus-Fairy|100\/100\n|move|p1a: Ribombee|Moonblast|p2a: Arceus\n|-damage|p2a: Arceus|75\/100\n|-unboost|p2a: Arceus|spa|1\n|\n|upkeep\n|turn|3\n|\n|t:|1697545101\n|switch|p1a: Skeledirge|Skeledirge, M|100\/100\n|move|p2a: Arceus|Judgment|p1a: Skeledirge\n|-resisted|p1a: Skeledirge\n|-damage|p1a: Skeledirge|74\/100\n|\n|upkeep\n|turn|4\n|\n|t:|1697545111\n|switch|p1a: Ribombee|Ribombee, M|100\/100\n|move|p2a: Arceus|Taunt|p1a: Ribombee\n|-start|p1a: Ribombee|move: Taunt\n|\n|upkeep\n|turn|5\n|\n|t:|1697545119\n|switch|p1a: Skeledirge|Skeledirge, M|74\/100\n|move|p2a: Arceus|Stealth Rock|p1a: Skeledirge\n|-sidestart|p1: BocchiTheMaster|move: Stealth Rock\n|\n|upkeep\n|turn|6\n|\n|t:|1697545123\n|move|p2a: Arceus|Taunt|p1a: Skeledirge\n|-start|p1a: Skeledirge|move: Taunt\n|move|p1a: Skeledirge|Torch Song|p2a: Arceus\n|-damage|p2a: Arceus|56\/100\n|-boost|p1a: Skeledirge|spa|1\n|\n|upkeep\n|turn|7\n|\n|t:|1697545130\n|move|p2a: Arceus|Recover|p2a: Arceus\n|-heal|p2a: Arceus|100\/100\n|move|p1a: Skeledirge|Torch Song|p2a: Arceus\n|-damage|p2a: Arceus|70\/100\n|-boost|p1a: Skeledirge|spa|1\n|\n|upkeep\n|turn|8\n|\n|t:|1697545133\n|switch|p2a: Skeledirge|Skeledirge, M|100\/100\n|move|p1a: Skeledirge|Torch Song|p2a: Skeledirge\n|-resisted|p2a: Skeledirge\n|-damage|p2a: Skeledirge|84\/100\n|-boost|p1a: Skeledirge|spa|1\n|\n|-end|p1a: Skeledirge|move: Taunt\n|upkeep\n|turn|9\n|\n|t:|1697545139\n|move|p1a: Skeledirge|Shadow Ball|p2a: Skeledirge\n|-supereffective|p2a: Skeledirge\n|-damage|p2a: Skeledirge|21\/100\n|move|p2a: Skeledirge|Hex|p1a: Skeledirge\n|-supereffective|p1a: Skeledirge\n|-damage|p1a: Skeledirge|19\/100\n|\n|upkeep\n|turn|10\n|\n|t:|1697545157\n|switch|p2a: Ting-Lu|Ting-Lu|100\/100\n|-ability|p2a: Ting-Lu|Vessel of Ruin\n|move|p1a: Skeledirge|Shadow Ball|p2a: Ting-Lu\n|-resisted|p2a: Ting-Lu\n|-damage|p2a: Ting-Lu|86\/100\n|\n|-heal|p2a: Ting-Lu|92\/100|[from] item: Leftovers\n|upkeep\n|turn|11\n|\n|t:|1697545166\n|move|p1a: Skeledirge|Slack Off|p1a: Skeledirge\n|-heal|p1a: Skeledirge|69\/100\n|move|p2a: Ting-Lu|Whirlwind|p1a: Skeledirge\n|drag|p1a: Ribombee|Ribombee, M|100\/100\n|-damage|p1a: Ribombee|76\/100|[from] Stealth Rock\n|\n|-heal|p2a: Ting-Lu|98\/100|[from] item: Leftovers\n|upkeep\n|turn|12\n|\n|t:|1697545176\n|move|p1a: Ribombee|Sticky Web|p2a: Ting-Lu\n|-sidestart|p2: JamingT|move: Sticky Web\n|move|p2a: Ting-Lu|Spikes|p1a: Ribombee\n|-sidestart|p1: BocchiTheMaster|Spikes\n|\n|-heal|p2a: Ting-Lu|100\/100|[from] item: Leftovers\n|upkeep\n|turn|13\n|\n|t:|1697545187\n|switch|p2a: Skeledirge|Skeledirge, M|21\/100\n|move|p1a: Ribombee|Quiver Dance|p1a: Ribombee\n|-boost|p1a: Ribombee|spa|1\n|-boost|p1a: Ribombee|spd|1\n|-boost|p1a: Ribombee|spe|1\n|\n|upkeep\n|turn|14\n|\n|t:|1697545193\n|move|p1a: Ribombee|Moonblast|p2a: Skeledirge\n|-resisted|p2a: Skeledirge\n|-damage|p2a: Skeledirge|2\/100\n|move|p2a: Skeledirge|Slack Off|p2a: Skeledirge\n|-heal|p2a: Skeledirge|52\/100\n|\n|upkeep\n|turn|15\n|\n|t:|1697545203\n|switch|p1a: Miraidon|Miraidon|100\/100\n|-damage|p1a: Miraidon|88\/100|[from] Stealth Rock\n|-damage|p1a: Miraidon|76\/100|[from] Spikes\n|-fieldstart|move: Electric Terrain|[from] ability: Hadron Engine|[of] p1a: Miraidon\n|move|p2a: Skeledirge|Torch Song|p1a: Miraidon\n|-resisted|p1a: Miraidon\n|-damage|p1a: Miraidon|64\/100\n|-boost|p2a: Skeledirge|spa|1\n|\n|upkeep\n|turn|16\n|\n|t:|1697545217\n|switch|p2a: Ting-Lu|Ting-Lu|100\/100\n|-activate|p2a: Ting-Lu|move: Sticky Web\n|-unboost|p2a: Ting-Lu|spe|1\n|-ability|p2a: Ting-Lu|Vessel of Ruin\n|move|p1a: Miraidon|Draco Meteor|p2a: Ting-Lu|[miss]\n|-miss|p1a: Miraidon|p2a: Ting-Lu\n|\n|upkeep\n|turn|17\n|\n|t:|1697545227\n|switch|p1a: Ribombee|Ribombee, M|76\/100\n|-damage|p1a: Ribombee|51\/100|[from] Stealth Rock\n|-damage|p1a: Ribombee|39\/100|[from] Spikes\n|switch|p2a: Arceus|Arceus-Fairy|70\/100\n|-activate|p2a: Arceus|move: Sticky Web\n|-unboost|p2a: Arceus|spe|1\n|\n|upkeep\n|turn|18\n|\n|t:|1697545238\n|move|p1a: Ribombee|Stun Spore|p2a: Arceus\n|-status|p2a: Arceus|par\n|move|p2a: Arceus|Judgment|p1a: Ribombee\n|-damage|p1a: Ribombee|0 fnt\n|faint|p1a: Ribombee\n|\n|upkeep\n|\n|t:|1697545243\n|switch|p1a: Zacian|Zacian-Crowned|100\/100\n|-damage|p1a: Zacian|94\/100|[from] Stealth Rock\n|-damage|p1a: Zacian|82\/100|[from] Spikes\n|-ability|p1a: Zacian|Intrepid Sword|boost\n|-boost|p1a: Zacian|atk|1\n|turn|19\n|\n|t:|1697545251\n|switch|p2a: Skeledirge|Skeledirge, M|52\/100\n|move|p1a: Zacian|Behemoth Blade|p2a: Skeledirge\n|-resisted|p2a: Skeledirge\n|-damage|p2a: Skeledirge|35\/100\n|\n|-fieldend|move: Electric Terrain\n|upkeep\n|turn|20\n|\n|t:|1697545256\n|switch|p1a: Skeledirge|Skeledirge, M|69\/100\n|move|p2a: Skeledirge|Slack Off|p2a: Skeledirge\n|-heal|p2a: Skeledirge|85\/100\n|\n|upkeep\n|turn|21\n|\n|t:|1697545267\n|move|p2a: Skeledirge|Hex|p1a: Skeledirge\n|-supereffective|p1a: Skeledirge\n|-damage|p1a: Skeledirge|16\/100\n|move|p1a: Skeledirge|Slack Off|p1a: Skeledirge\n|-heal|p1a: Skeledirge|66\/100\n|\n|upkeep\n|turn|22\n|\n|t:|1697545274\n|move|p1a: Skeledirge|Torch Song|p2a: Skeledirge\n|-resisted|p2a: Skeledirge\n|-damage|p2a: Skeledirge|69\/100\n|-boost|p1a: Skeledirge|spa|1\n|move|p2a: Skeledirge|Hex|p1a: Skeledirge\n|-supereffective|p1a: Skeledirge\n|-damage|p1a: Skeledirge|14\/100\n|\n|upkeep\n|turn|23\n|\n|t:|1697545280\n|move|p2a: Skeledirge|Hex|p1a: Skeledirge\n|-supereffective|p1a: Skeledirge\n|-damage|p1a: Skeledirge|0 fnt\n|faint|p1a: Skeledirge\n|\n|upkeep\n|\n|t:|1697545285\n|switch|p1a: Chien-Pao|Chien-Pao|100\/100\n|-ability|p1a: Chien-Pao|Sword of Ruin\n|turn|24\n|\n|t:|1697545302\n|switch|p2a: Arceus|Arceus-Fairy|70\/100 par\n|-activate|p2a: Arceus|move: Sticky Web\n|-unboost|p2a: Arceus|spe|1\n|move|p1a: Chien-Pao|Throat Chop|p2a: Arceus\n|-resisted|p2a: Arceus\n|-damage|p2a: Arceus|52\/100 par\n|-start|p2a: Arceus|Throat Chop|[silent]\n|\n|upkeep\n|turn|25\n|\n|t:|1697545312\n|switch|p1a: Zacian|Zacian-Crowned|82\/100\n|-damage|p1a: Zacian|76\/100|[from] Stealth Rock\n|-damage|p1a: Zacian|64\/100|[from] Spikes\n|move|p2a: Arceus|Recover|p2a: Arceus\n|-heal|p2a: Arceus|100\/100 par\n|\n|-end|p2a: Arceus|Throat Chop|[silent]\n|upkeep\n|turn|26\n|\n|t:|1697545323\n|switch|p1a: Chien-Pao|Chien-Pao|100\/100\n|-ability|p1a: Chien-Pao|Sword of Ruin\n|switch|p2a: Landorus|Landorus-Therian, M|100\/100\n|-ability|p2a: Landorus|Intimidate|boost\n|-unboost|p1a: Chien-Pao|atk|1\n|\n|upkeep\n|turn|27\n|\n|t:|1697545336\n|-terastallize|p1a: Chien-Pao|Ice\n|move|p1a: Chien-Pao|Ice Shard|p2a: Landorus\n|-supereffective|p2a: Landorus\n|-damage|p2a: Landorus|0 fnt\n|faint|p2a: Landorus\n|\n|upkeep\n|\n|t:|1697545349\n|switch|p2a: Palkia|Palkia-Origin|100\/100\n|-activate|p2a: Palkia|move: Sticky Web\n|-unboost|p2a: Palkia|spe|1\n|-ability|p2a: Palkia|Pressure\n|turn|28\n|\n|t:|1697545361\n|switch|p1a: Zacian|Zacian-Crowned|64\/100\n|-damage|p1a: Zacian|58\/100|[from] Stealth Rock\n|-damage|p1a: Zacian|45\/100|[from] Spikes\n|move|p2a: Palkia|Draco Meteor|p1a: Zacian\n|-immune|p1a: Zacian\n|\n|upkeep\n|turn|29\n|\n|t:|1697545374\n|switch|p1a: Chien-Pao|Chien-Pao, tera:Ice|100\/100\n|-ability|p1a: Chien-Pao|Sword of Ruin\n|switch|p2a: Skeledirge|Skeledirge, M|69\/100\n|\n|upkeep\n|turn|30\n|\n|t:|1697545389\n|-terastallize|p2a: Skeledirge|Flying\n|move|p1a: Chien-Pao|Throat Chop|p2a: Skeledirge\n|-damage|p2a: Skeledirge|32\/100\n|-start|p2a: Skeledirge|Throat Chop|[silent]\n|cant|p2a: Skeledirge|move: Throat Chop\n|\n|upkeep\n|turn|31\n|inactive|BocchiTheMaster has 120 seconds left.\n|\n|t:|1697545420\n|switch|p2a: Arceus|Arceus-Fairy|100\/100 par\n|-activate|p2a: Arceus|move: Sticky Web\n|-unboost|p2a: Arceus|spe|1\n|move|p1a: Chien-Pao|Ice Shard|p2a: Arceus\n|-damage|p2a: Arceus|79\/100 par\n|\n|upkeep\n|turn|32\n|\n|t:|1697545427\n|switch|p1a: Zacian|Zacian-Crowned|45\/100\n|-damage|p1a: Zacian|39\/100|[from] Stealth Rock\n|-damage|p1a: Zacian|27\/100|[from] Spikes\n|move|p2a: Arceus|Judgment|p1a: Zacian\n|-resisted|p1a: Zacian\n|-damage|p1a: Zacian|3\/100\n|\n|upkeep\n|turn|33\n|\n|t:|1697545453\n|switch|p2a: Ting-Lu|Ting-Lu|100\/100\n|-activate|p2a: Ting-Lu|move: Sticky Web\n|-unboost|p2a: Ting-Lu|spe|1\n|-ability|p2a: Ting-Lu|Vessel of Ruin\n|move|p1a: Zacian|Behemoth Blade|p2a: Ting-Lu\n|-damage|p2a: Ting-Lu|70\/100\n|\n|-heal|p2a: Ting-Lu|76\/100|[from] item: Leftovers\n|upkeep\n|turn|34\n|\n|t:|1697545460\n|move|p1a: Zacian|Play Rough|p2a: Ting-Lu\n|-supereffective|p2a: Ting-Lu\n|-damage|p2a: Ting-Lu|20\/100\n|move|p2a: Ting-Lu|Earthquake|p1a: Zacian\n|-supereffective|p1a: Zacian\n|-damage|p1a: Zacian|0 fnt\n|faint|p1a: Zacian\n|\n|-heal|p2a: Ting-Lu|26\/100|[from] item: Leftovers\n|upkeep\n|\n|t:|1697545465\n|switch|p1a: Koraidon|Koraidon|100\/100\n|-damage|p1a: Koraidon|94\/100|[from] Stealth Rock\n|-damage|p1a: Koraidon|82\/100|[from] Spikes\n|-weather|SunnyDay|[from] ability: Orichalcum Pulse|[of] p1a: Koraidon\n|-activate|p1a: Koraidon|Orichalcum Pulse|[source]\n|turn|35\n|\n|t:|1697545472\n|switch|p2a: Skeledirge|Skeledirge, M, tera:Flying|32\/100\n|move|p1a: Koraidon|Scale Shot|p2a: Skeledirge\n|-damage|p2a: Skeledirge|20\/100\n|-damage|p2a: Skeledirge|9\/100\n|-damage|p2a: Skeledirge|0 fnt\n|faint|p2a: Skeledirge\n|-hitcount|p2: Skeledirge|3\n|-unboost|p1a: Koraidon|def|1\n|-boost|p1a: Koraidon|spe|1\n|\n|-weather|SunnyDay|[upkeep]\n|upkeep\n|\n|t:|1697545493\n|switch|p2a: Arceus|Arceus-Fairy|79\/100 par\n|-activate|p2a: Arceus|move: Sticky Web\n|-unboost|p2a: Arceus|spe|1\n|turn|36\n|\n|t:|1697545502\n|move|p1a: Koraidon|Flame Charge|p2a: Arceus\n|-damage|p2a: Arceus|57\/100 par\n|-boost|p1a: Koraidon|spe|1\n|move|p2a: Arceus|Judgment|p1a: Koraidon\n|-supereffective|p1a: Koraidon\n|-damage|p1a: Koraidon|0 fnt\n|faint|p1a: Koraidon\n|\n|-weather|SunnyDay|[upkeep]\n|upkeep\n|\n|t:|1697545513\n|switch|p1a: Miraidon|Miraidon|64\/100\n|-damage|p1a: Miraidon|51\/100|[from] Stealth Rock\n|-damage|p1a: Miraidon|39\/100|[from] Spikes\n|-fieldstart|move: Electric Terrain|[from] ability: Hadron Engine|[of] p1a: Miraidon\n|turn|37\n|\n|t:|1697545528\n|move|p1a: Miraidon|Overheat|p2a: Arceus\n|-damage|p2a: Arceus|0 fnt\n|-unboost|p1a: Miraidon|spa|2\n|faint|p2a: Arceus\n|\n|-weather|SunnyDay|[upkeep]\n|upkeep\n|\n|t:|1697545546\n|switch|p2a: Palkia|Palkia-Origin|100\/100\n|-activate|p2a: Palkia|move: Sticky Web\n|-unboost|p2a: Palkia|spe|1\n|-ability|p2a: Palkia|Pressure\n|turn|38\n|\n|t:|1697545553\n|move|p1a: Miraidon|Overheat|p2a: Palkia\n|-resisted|p2a: Palkia\n|-damage|p2a: Palkia|91\/100\n|-unboost|p1a: Miraidon|spa|2\n|move|p2a: Palkia|Draco Meteor|p1a: Miraidon\n|-supereffective|p1a: Miraidon\n|-damage|p1a: Miraidon|0 fnt\n|-unboost|p2a: Palkia|spa|2\n|faint|p1a: Miraidon\n|\n|-weather|SunnyDay|[upkeep]\n|upkeep\n|\n|t:|1697545557\n|switch|p1a: Chien-Pao|Chien-Pao, tera:Ice|100\/100\n|-ability|p1a: Chien-Pao|Sword of Ruin\n|turn|39\n|\n|t:|1697545566\n|move|p1a: Chien-Pao|Swords Dance|p1a: Chien-Pao\n|-boost|p1a: Chien-Pao|atk|2\n|move|p2a: Palkia|Thunder Wave|p1a: Chien-Pao\n|-status|p1a: Chien-Pao|par\n|\n|-weather|none\n|upkeep\n|turn|40\n|\n|t:|1697545575\n|switch|p2a: Ting-Lu|Ting-Lu|26\/100\n|-activate|p2a: Ting-Lu|move: Sticky Web\n|-unboost|p2a: Ting-Lu|spe|1\n|-ability|p2a: Ting-Lu|Vessel of Ruin\n|move|p1a: Chien-Pao|Icicle Crash|p2a: Ting-Lu\n|-supereffective|p2a: Ting-Lu\n|-damage|p2a: Ting-Lu|0 fnt\n|faint|p2a: Ting-Lu\n|\n|upkeep\n|\n|t:|1697545589\n|switch|p2a: Palkia|Palkia-Origin|91\/100\n|-activate|p2a: Palkia|move: Sticky Web\n|-unboost|p2a: Palkia|spe|1\n|-ability|p2a: Palkia|Pressure\n|turn|41\n|\n|t:|1697545594\n|move|p2a: Palkia|Draco Meteor|p1a: Chien-Pao\n|-damage|p1a: Chien-Pao|0 fnt\n|-unboost|p2a: Palkia|spa|2\n|faint|p1a: Chien-Pao\n|\n|win|JamingT\n|raw|BocchiTheMaster's rating: 1331 &rarr; <strong>1309<\/strong><br \/>(-22 for losing)\n|raw|JamingT's rating: 1296 &rarr; <strong>1324<\/strong><br \/>(+28 for winning)\n|l|\u2606BocchiTheMaster\n","uploadtime":1697545611,"views":9,"p1id":"bocchithemaster","p2id":"jamingt","formatid":"gen9ubers","rating":1309,"private":0,"password":""}