{"id":"gen9ubers-1979100612","p1":"Laprasrules12","p2":"nimjaishot","format":"[Gen 9] Ubers","log":"|j|\u2606Laprasrules12\n|j|\u2606nimjaishot\n|t:|1698632234\n|gametype|singles\n|player|p1|Laprasrules12|lusamine-nihilego|\n|player|p2|nimjaishot|winona-gen6|\n|teamsize|p1|6\n|teamsize|p2|6\n|gen|9\n|tier|[Gen 9] Ubers\n|rule|Sleep Clause Mod: Limit one foe put to sleep\n|rule|Species Clause: Limit one of each Pok\u00e9mon\n|rule|OHKO Clause: OHKO moves are banned\n|rule|Evasion Items Clause: Evasion items are banned\n|rule|Evasion Moves Clause: Evasion moves are banned\n|rule|Endless Battle Clause: Forcing endless battles is banned\n|rule|HP Percentage Mod: HP is shown in percentages\n|clearpoke\n|poke|p1|Arceus-Fighting|\n|poke|p1|Espathra, F|\n|poke|p1|Zacian-*|\n|poke|p1|Palkia-Origin|\n|poke|p1|Cyclizar, F|\n|poke|p1|Magearna-Original|\n|poke|p2|Clefable, M|\n|poke|p2|Dragapult, M|\n|poke|p2|Arceus-Poison|\n|poke|p2|Palkia-Origin|\n|poke|p2|Magearna|\n|poke|p2|Grimmsnarl, M|\n|teampreview\n|inactive|Battle timer is ON: inactive players will automatically lose when time's up. (requested by Laprasrules12)\n|\n|t:|1698632247\n|start\n|switch|p1a: Say Gex|Cyclizar, F, shiny|100\/100\n|switch|p2a: Dragapult|Dragapult, M|100\/100\n|turn|1\n|c|\u2606Laprasrules12|Fuck i chose the wrong set\n|c|\u2606nimjaishot|lol\n|c|\u2606Laprasrules12|Oh well\n|inactive|nimjaishot has 270 seconds left.\n|\n|t:|1698632284\n|move|p1a: Say Gex|Shed Tail|p1a: Say Gex\n|-start|p1a: Say Gex|Substitute|[from] move: Shed Tail\n|-damage|p1a: Say Gex|50\/100\n|\n|t:|1698632285\n|switch|p1a: Pok\u00e9ball|Magearna-Original|100\/100|[from] Shed Tail\n|move|p2a: Dragapult|Dragon Darts|p1a: Pok\u00e9ball\n|-immune|p1a: Pok\u00e9ball\n|\n|upkeep\n|turn|2\n|\n|t:|1698632289\n|-terastallize|p2a: Dragapult|Ground\n|move|p2a: Dragapult|Tera Blast|p1a: Pok\u00e9ball|[anim] Tera Blast Ground\n|-supereffective|p1a: Pok\u00e9ball\n|-damage|p1a: Pok\u00e9ball|3\/100\n|-damage|p2a: Dragapult|91\/100|[from] item: Life Orb\n|move|p1a: Pok\u00e9ball|Thunder Wave|p2a: Dragapult\n|-immune|p2a: Dragapult\n|\n|-heal|p1a: Pok\u00e9ball|9\/100|[from] item: Leftovers\n|upkeep\n|turn|3\n|c|\u2606Laprasrules12|Damn\n|\n|t:|1698632297\n|move|p2a: Dragapult|Dragon Dance|p2a: Dragapult\n|-boost|p2a: Dragapult|atk|1\n|-boost|p2a: Dragapult|spe|1\n|move|p1a: Pok\u00e9ball|Volt Switch|p2a: Dragapult\n|-immune|p2a: Dragapult\n|\n|-heal|p1a: Pok\u00e9ball|15\/100|[from] item: Leftovers\n|upkeep\n|turn|4\n|j| fishyroads\n|c|\u2606Laprasrules12|I clicked Fluer Cannon wyf game\n|\n|t:|1698632316\n|move|p2a: Dragapult|Tera Blast|p1a: Pok\u00e9ball|[anim] Tera Blast Ground\n|-supereffective|p1a: Pok\u00e9ball\n|-damage|p1a: Pok\u00e9ball|0 fnt\n|faint|p1a: Pok\u00e9ball\n|-damage|p2a: Dragapult|81\/100|[from] item: Life Orb\n|\n|upkeep\n|j| Vario 64\u2606\u5f61\n|\n|t:|1698632319\n|switch|p1a: The Horse|Palkia-Origin, shiny|100\/100\n|-ability|p1a: The Horse|Pressure\n|turn|5\n|c|\u2606nimjaishot|lol\n|j| Vazquez 2.0\n|\n|t:|1698632334\n|-terastallize|p1a: The Horse|Fairy\n|move|p2a: Dragapult|Tera Blast|p1a: The Horse|[anim] Tera Blast Ground\n|-damage|p1a: The Horse|15\/100\n|-damage|p2a: Dragapult|71\/100|[from] item: Life Orb\n|move|p1a: The Horse|Hydro Pump|p2a: Dragapult\n|-supereffective|p2a: Dragapult\n|-damage|p2a: Dragapult|0 fnt\n|faint|p2a: Dragapult\n|\n|upkeep\n|l| fishyroads\n|j| fwuffypetsowo\n|\n|t:|1698632349\n|switch|p2a: Grimmsnarl|Grimmsnarl, M|100\/100\n|turn|6\n|\n|t:|1698632354\n|move|p2a: Grimmsnarl|Light Screen|p2a: Grimmsnarl\n|-sidestart|p2: nimjaishot|move: Light Screen\n|move|p1a: The Horse|Hydro Pump|p2a: Grimmsnarl\n|-damage|p2a: Grimmsnarl|70\/100\n|\n|upkeep\n|turn|7\n|\n|t:|1698632358\n|switch|p1a: Kratos|Arceus-Fighting, shiny|100\/100\n|move|p2a: Grimmsnarl|Reflect|p2a: Grimmsnarl\n|-sidestart|p2: nimjaishot|Reflect\n|\n|upkeep\n|turn|8\n|\n|t:|1698632360\n|move|p2a: Grimmsnarl|Taunt|p1a: Kratos\n|-start|p1a: Kratos|move: Taunt\n|cant|p1a: Kratos|move: Taunt|Cosmic Power\n|\n|upkeep\n|turn|9\n|\n|t:|1698632368\n|switch|p1a: The Horse|Palkia-Origin, shiny, tera:Fairy|15\/100\n|-ability|p1a: The Horse|Pressure\n|move|p2a: Grimmsnarl|Spirit Break|p1a: The Horse\n|-damage|p1a: The Horse|0 fnt\n|faint|p1a: The Horse\n|\n|upkeep\n|j| FrostyRandom02\n|\n|t:|1698632372\n|switch|p1a: Sif|Zacian, shiny|100\/100\n|-ability|p1a: Sif|Intrepid Sword|boost\n|-boost|p1a: Sif|atk|1\n|turn|10\n|\n|t:|1698632378\n|move|p2a: Grimmsnarl|Taunt|p1a: Sif\n|-start|p1a: Sif|move: Taunt\n|cant|p1a: Sif|move: Taunt|Swords Dance\n|\n|upkeep\n|turn|11\n|\n|t:|1698632385\n|switch|p2a: Magearna|Magearna|100\/100\n|move|p1a: Sif|Close Combat|p2a: Magearna\n|-damage|p2a: Magearna|69\/100\n|-unboost|p1a: Sif|def|1\n|-unboost|p1a: Sif|spd|1\n|-damage|p1a: Sif|91\/100|[from] item: Life Orb\n|\n|-heal|p2a: Magearna|75\/100|[from] item: Leftovers\n|upkeep\n|turn|12\n|\n|t:|1698632389\n|switch|p1a: Cleopatra|Espathra, F, shiny|100\/100\n|move|p2a: Magearna|Flash Cannon|p1a: Cleopatra\n|-damage|p1a: Cleopatra|52\/100\n|-unboost|p1a: Cleopatra|spd|1\n|\n|-heal|p1a: Cleopatra|58\/100|[from] item: Leftovers\n|-heal|p2a: Magearna|81\/100|[from] item: Leftovers\n|upkeep\n|turn|13\n|\n|t:|1698632400\n|move|p1a: Cleopatra|Calm Mind|p1a: Cleopatra\n|-boost|p1a: Cleopatra|spa|1\n|-boost|p1a: Cleopatra|spd|1\n|move|p2a: Magearna|Flash Cannon|p1a: Cleopatra\n|-damage|p1a: Cleopatra|10\/100\n|\n|-heal|p1a: Cleopatra|16\/100|[from] item: Leftovers\n|-heal|p2a: Magearna|87\/100|[from] item: Leftovers\n|-sideend|p2: nimjaishot|move: Light Screen\n|-ability|p1a: Cleopatra|Speed Boost|boost\n|-boost|p1a: Cleopatra|spe|1\n|upkeep\n|turn|14\n|\n|t:|1698632402\n|move|p1a: Cleopatra|Protect|p1a: Cleopatra\n|-singleturn|p1a: Cleopatra|Protect\n|move|p2a: Magearna|Flash Cannon|p1a: Cleopatra\n|-activate|p1a: Cleopatra|move: Protect\n|\n|-heal|p1a: Cleopatra|22\/100|[from] item: Leftovers\n|-heal|p2a: Magearna|93\/100|[from] item: Leftovers\n|-sideend|p2: nimjaishot|Reflect\n|-ability|p1a: Cleopatra|Speed Boost|boost\n|-boost|p1a: Cleopatra|spe|1\n|upkeep\n|turn|15\n|\n|t:|1698632408\n|switch|p1a: Kratos|Arceus-Fighting, shiny|100\/100\n|move|p2a: Magearna|Flash Cannon|p1a: Kratos\n|-damage|p1a: Kratos|77\/100\n|\n|-heal|p2a: Magearna|99\/100|[from] item: Leftovers\n|upkeep\n|turn|16\n|\n|t:|1698632412\n|move|p1a: Kratos|Cosmic Power|p1a: Kratos\n|-boost|p1a: Kratos|def|1\n|-boost|p1a: Kratos|spd|1\n|move|p2a: Magearna|Fleur Cannon|p1a: Kratos\n|-supereffective|p1a: Kratos\n|-crit|p1a: Kratos\n|-damage|p1a: Kratos|0 fnt\n|-unboost|p2a: Magearna|spa|2\n|faint|p1a: Kratos\n|-ability|p2a: Magearna|Soul-Heart|boost\n|-boost|p2a: Magearna|spa|1\n|\n|-heal|p2a: Magearna|100\/100|[from] item: Leftovers\n|upkeep\n|j| CrackLordGBLN\n|c|\u2606Laprasrules12|Obviously its a crit\n|\n|t:|1698632423\n|switch|p1a: Say Gex|Cyclizar, F, shiny|84\/100\n|turn|17\n|\n|t:|1698632426\n|move|p1a: Say Gex|Shed Tail|p1a: Say Gex\n|-start|p1a: Say Gex|Substitute|[from] move: Shed Tail\n|-damage|p1a: Say Gex|34\/100\n|j| Leo Justice\n|\n|t:|1698632428\n|switch|p1a: Cleopatra|Espathra, F, shiny|22\/100|[from] Shed Tail\n|move|p2a: Magearna|Volt Switch|p1a: Cleopatra\n|-activate|p1a: Cleopatra|move: Substitute|[damage]\n|\n|t:|1698632431\n|switch|p2a: Grimmsnarl|Grimmsnarl, M|70\/100|[from] Volt Switch\n|\n|-heal|p1a: Cleopatra|28\/100|[from] item: Leftovers\n|upkeep\n|turn|18\n|\n|t:|1698632435\n|move|p1a: Cleopatra|Protect|p1a: Cleopatra\n|-singleturn|p1a: Cleopatra|Protect\n|move|p2a: Grimmsnarl|Taunt|p1a: Cleopatra\n|-activate|p1a: Cleopatra|move: Protect\n|\n|-heal|p1a: Cleopatra|34\/100|[from] item: Leftovers\n|-ability|p1a: Cleopatra|Speed Boost|boost\n|-boost|p1a: Cleopatra|spe|1\n|upkeep\n|turn|19\n|\n|t:|1698632439\n|move|p2a: Grimmsnarl|Taunt|p1a: Cleopatra\n|-start|p1a: Cleopatra|move: Taunt\n|move|p1a: Cleopatra|Tera Blast|p2a: Grimmsnarl\n|-damage|p2a: Grimmsnarl|51\/100\n|\n|-heal|p1a: Cleopatra|40\/100|[from] item: Leftovers\n|-ability|p1a: Cleopatra|Speed Boost|boost\n|-boost|p1a: Cleopatra|spe|1\n|upkeep\n|turn|20\n|\n|t:|1698632443\n|switch|p1a: Sif|Zacian, shiny|91\/100\n|move|p2a: Grimmsnarl|Spirit Break|p1a: Sif\n|-damage|p1a: Sif|63\/100\n|-unboost|p1a: Sif|spa|1\n|\n|upkeep\n|turn|21\n|\n|t:|1698632445\n|move|p2a: Grimmsnarl|Reflect|p2a: Grimmsnarl\n|-sidestart|p2: nimjaishot|Reflect\n|move|p1a: Sif|Play Rough|p2a: Grimmsnarl\n|-supereffective|p2a: Grimmsnarl\n|-damage|p2a: Grimmsnarl|0 fnt\n|faint|p2a: Grimmsnarl\n|-damage|p1a: Sif|53\/100|[from] item: Life Orb\n|\n|upkeep\n|\n|t:|1698632449\n|switch|p2a: Magearna|Magearna|100\/100\n|turn|22\n|\n|t:|1698632459\n|move|p1a: Sif|Close Combat|p2a: Magearna\n|-damage|p2a: Magearna|82\/100\n|-unboost|p1a: Sif|def|1\n|-unboost|p1a: Sif|spd|1\n|-damage|p1a: Sif|43\/100|[from] item: Life Orb\n|move|p2a: Magearna|Flash Cannon|p1a: Sif\n|-supereffective|p1a: Sif\n|-damage|p1a: Sif|0 fnt\n|faint|p1a: Sif\n|-ability|p2a: Magearna|Soul-Heart|boost\n|-boost|p2a: Magearna|spa|1\n|\n|-heal|p2a: Magearna|88\/100|[from] item: Leftovers\n|upkeep\n|\n|t:|1698632462\n|switch|p1a: Say Gex|Cyclizar, F, shiny|67\/100\n|turn|23\n|\n|t:|1698632467\n|move|p1a: Say Gex|Shed Tail|p1a: Say Gex\n|-start|p1a: Say Gex|Substitute|[from] move: Shed Tail\n|-damage|p1a: Say Gex|17\/100\n|\n|t:|1698632470\n|switch|p1a: Cleopatra|Espathra, F, shiny|40\/100|[from] Shed Tail\n|move|p2a: Magearna|Flash Cannon|p1a: Cleopatra\n|-end|p1a: Cleopatra|Substitute\n|\n|-heal|p1a: Cleopatra|46\/100|[from] item: Leftovers\n|-heal|p2a: Magearna|94\/100|[from] item: Leftovers\n|upkeep\n|turn|24\n|\n|t:|1698632473\n|move|p1a: Cleopatra|Protect|p1a: Cleopatra\n|-singleturn|p1a: Cleopatra|Protect\n|move|p2a: Magearna|Flash Cannon|p1a: Cleopatra\n|-activate|p1a: Cleopatra|move: Protect\n|\n|-heal|p1a: Cleopatra|52\/100|[from] item: Leftovers\n|-heal|p2a: Magearna|99\/100|[from] item: Leftovers\n|-ability|p1a: Cleopatra|Speed Boost|boost\n|-boost|p1a: Cleopatra|spe|1\n|upkeep\n|turn|25\n|\n|t:|1698632475\n|move|p1a: Cleopatra|Calm Mind|p1a: Cleopatra\n|-boost|p1a: Cleopatra|spa|1\n|-boost|p1a: Cleopatra|spd|1\n|move|p2a: Magearna|Fleur Cannon|p1a: Cleopatra\n|-damage|p1a: Cleopatra|0 fnt\n|-unboost|p2a: Magearna|spa|2\n|faint|p1a: Cleopatra\n|-ability|p2a: Magearna|Soul-Heart|boost\n|-boost|p2a: Magearna|spa|1\n|\n|-heal|p2a: Magearna|100\/100|[from] item: Leftovers\n|upkeep\n|c|\u2606Laprasrules12|This wasnt my match\n|\n|t:|1698632488\n|switch|p1a: Say Gex|Cyclizar, F, shiny|50\/100\n|turn|26\n|\n|t:|1698632490\n|move|p1a: Say Gex|U-turn|p2a: Magearna\n|-resisted|p2a: Magearna\n|-damage|p2a: Magearna|99\/100\n|move|p2a: Magearna|Fleur Cannon|p1a: Say Gex\n|-supereffective|p1a: Say Gex\n|-damage|p1a: Say Gex|0 fnt\n|-unboost|p2a: Magearna|spa|2\n|faint|p1a: Say Gex\n|\n|win|nimjaishot\n|j| fishyroads\n","uploadtime":1698632494,"views":24,"p1id":"laprasrules12","p2id":"nimjaishot","formatid":"gen9ubers","rating":0,"private":0,"password":""}