{"id":"gen9ubers-1986720662","p1":"the tr4sh man","p2":"lolgz","format":"[Gen 9] Ubers","log":"|j|\u2606the tr4sh man\n|j|\u2606lolgz\n|t:|1699513910\n|gametype|singles\n|player|p1|the tr4sh man|xerosic|\n|player|p2|lolgz|169|\n|teamsize|p1|6\n|teamsize|p2|6\n|gen|9\n|tier|[Gen 9] Ubers\n|rule|Sleep Clause Mod: Limit one foe put to sleep\n|rule|Species Clause: Limit one of each Pok\u00e9mon\n|rule|OHKO Clause: OHKO moves are banned\n|rule|Evasion Items Clause: Evasion items are banned\n|rule|Evasion Moves Clause: Evasion moves are banned\n|rule|Endless Battle Clause: Forcing endless battles is banned\n|rule|HP Percentage Mod: HP is shown in percentages\n|clearpoke\n|poke|p1|Dugtrio, F|\n|poke|p1|Gothitelle, M|\n|poke|p1|Weezing-Galar, F|\n|poke|p1|Zacian-*|\n|poke|p1|Arceus-Dark|\n|poke|p1|Palafin, F|\n|poke|p2|Palkia-Origin|\n|poke|p2|Zacian-*|\n|poke|p2|Cyclizar, F|\n|poke|p2|Urshifu-*, M|\n|poke|p2|Chi-Yu|\n|poke|p2|Gholdengo|\n|teampreview\n|inactive|Battle timer is ON: inactive players will automatically lose when time's up. (requested by lolgz)\n|\n|t:|1699513918\n|start\n|switch|p1a: Arceus|Arceus-Dark|100\/100\n|switch|p2a: Cyclizar|Cyclizar, F|100\/100\n|turn|1\n|\n|t:|1699513926\n|move|p2a: Cyclizar|Taunt|p1a: Arceus\n|-start|p1a: Arceus|move: Taunt\n|move|p1a: Arceus|Judgment|p2a: Cyclizar\n|-damage|p2a: Cyclizar|30\/100\n|\n|upkeep\n|turn|2\n|\n|t:|1699513929\n|move|p2a: Cyclizar|Draco Meteor|p1a: Arceus\n|-damage|p1a: Arceus|70\/100\n|-unboost|p2a: Cyclizar|spa|2\n|move|p1a: Arceus|Judgment|p2a: Cyclizar\n|-damage|p2a: Cyclizar|0 fnt\n|faint|p2a: Cyclizar\n|\n|upkeep\n|\n|t:|1699513934\n|switch|p2a: Zacian|Zacian|100\/100\n|-ability|p2a: Zacian|Intrepid Sword|boost\n|-boost|p2a: Zacian|atk|1\n|turn|3\n|\n|t:|1699513938\n|switch|p1a: Weezing|Weezing-Galar, F|100\/100\n|-ability|p1a: Weezing|Neutralizing Gas\n|move|p2a: Zacian|Swords Dance|p2a: Zacian\n|-boost|p2a: Zacian|atk|2\n|\n|upkeep\n|turn|4\n|\n|t:|1699513941\n|-terastallize|p2a: Zacian|Steel\n|move|p2a: Zacian|Iron Head|p1a: Weezing\n|-supereffective|p1a: Weezing\n|-damage|p1a: Weezing|0 fnt\n|faint|p1a: Weezing\n|-end|p1a: Weezing|ability: Neutralizing Gas\n|\n|upkeep\n|\n|t:|1699513949\n|switch|p1a: Gothitelle|Gothitelle, M|100\/100\n|turn|5\n|\n|t:|1699513951\n|move|p2a: Zacian|Play Rough|p1a: Gothitelle\n|-damage|p1a: Gothitelle|24\/100\n|move|p1a: Gothitelle|Trick|p2a: Zacian\n|-activate|p1a: Gothitelle|move: Trick|[of] p2a: Zacian\n|-item|p2a: Zacian|Choice Scarf|[from] move: Trick\n|-item|p1a: Gothitelle|Heavy-Duty Boots|[from] move: Trick\n|\n|upkeep\n|turn|6\n|\n|t:|1699513955\n|move|p2a: Zacian|Swords Dance|p2a: Zacian\n|-boost|p2a: Zacian|atk|2\n|move|p1a: Gothitelle|Calm Mind|p1a: Gothitelle\n|-boost|p1a: Gothitelle|spa|1\n|-boost|p1a: Gothitelle|spd|1\n|\n|upkeep\n|turn|7\n|\n|t:|1699513960\n|switch|p1a: Dugtrio|Dugtrio, F|100\/100\n|move|p2a: Zacian|Swords Dance|p2a: Zacian\n|-boost|p2a: Zacian|atk|1\n|\n|upkeep\n|turn|8\n|\n|t:|1699513962\n|move|p2a: Zacian|Swords Dance|p2a: Zacian\n|-boost|p2a: Zacian|atk|0\n|move|p1a: Dugtrio|Agility|p1a: Dugtrio\n|-boost|p1a: Dugtrio|spe|2\n|\n|upkeep\n|turn|9\n|\n|t:|1699513964\n|move|p1a: Dugtrio|Agility|p1a: Dugtrio\n|-boost|p1a: Dugtrio|spe|2\n|move|p2a: Zacian|Swords Dance|p2a: Zacian\n|-boost|p2a: Zacian|atk|0\n|\n|upkeep\n|turn|10\n|\n|t:|1699513966\n|move|p1a: Dugtrio|Agility|p1a: Dugtrio\n|-boost|p1a: Dugtrio|spe|2\n|move|p2a: Zacian|Swords Dance|p2a: Zacian\n|-boost|p2a: Zacian|atk|0\n|\n|upkeep\n|turn|11\n|\n|t:|1699513968\n|move|p1a: Dugtrio|Hone Claws|p1a: Dugtrio\n|-boost|p1a: Dugtrio|atk|1\n|-boost|p1a: Dugtrio|accuracy|1\n|move|p2a: Zacian|Swords Dance|p2a: Zacian\n|-boost|p2a: Zacian|atk|0\n|\n|upkeep\n|turn|12\n|\n|t:|1699513970\n|move|p1a: Dugtrio|Hone Claws|p1a: Dugtrio\n|-boost|p1a: Dugtrio|atk|1\n|-boost|p1a: Dugtrio|accuracy|1\n|move|p2a: Zacian|Swords Dance|p2a: Zacian\n|-boost|p2a: Zacian|atk|0\n|\n|upkeep\n|turn|13\n|\n|t:|1699513972\n|move|p1a: Dugtrio|Hone Claws|p1a: Dugtrio\n|-boost|p1a: Dugtrio|atk|1\n|-boost|p1a: Dugtrio|accuracy|1\n|move|p2a: Zacian|Swords Dance|p2a: Zacian\n|-boost|p2a: Zacian|atk|0\n|\n|upkeep\n|turn|14\n|\n|t:|1699513978\n|move|p1a: Dugtrio|Hone Claws|p1a: Dugtrio\n|-boost|p1a: Dugtrio|atk|1\n|-boost|p1a: Dugtrio|accuracy|1\n|move|p2a: Zacian|Swords Dance|p2a: Zacian\n|-boost|p2a: Zacian|atk|0\n|\n|upkeep\n|turn|15\n|\n|t:|1699513981\n|move|p1a: Dugtrio|Hone Claws|p1a: Dugtrio\n|-boost|p1a: Dugtrio|atk|1\n|-boost|p1a: Dugtrio|accuracy|1\n|move|p2a: Zacian|Swords Dance|p2a: Zacian\n|-boost|p2a: Zacian|atk|0\n|\n|upkeep\n|turn|16\n|\n|t:|1699513982\n|move|p1a: Dugtrio|Hone Claws|p1a: Dugtrio\n|-boost|p1a: Dugtrio|atk|1\n|-boost|p1a: Dugtrio|accuracy|1\n|move|p2a: Zacian|Swords Dance|p2a: Zacian\n|-boost|p2a: Zacian|atk|0\n|\n|upkeep\n|turn|17\n|\n|t:|1699513985\n|move|p1a: Dugtrio|Earthquake|p2a: Zacian\n|-supereffective|p2a: Zacian\n|-damage|p2a: Zacian|0 fnt\n|faint|p2a: Zacian\n|\n|upkeep\n|\n|t:|1699513989\n|switch|p2a: Urshifu|Urshifu, M|100\/100\n|turn|18\n|\n|t:|1699513993\n|move|p2a: Urshifu|Sucker Punch||[still]\n|-fail|p2a: Urshifu\n|move|p1a: Dugtrio|Hone Claws|p1a: Dugtrio\n|-boost|p1a: Dugtrio|atk|0\n|-boost|p1a: Dugtrio|accuracy|0\n|\n|upkeep\n|turn|19\n|\n|t:|1699513998\n|move|p2a: Urshifu|Sucker Punch||[still]\n|-fail|p2a: Urshifu\n|move|p1a: Dugtrio|Hone Claws|p1a: Dugtrio\n|-boost|p1a: Dugtrio|atk|0\n|-boost|p1a: Dugtrio|accuracy|0\n|\n|upkeep\n|turn|20\n|\n|t:|1699514000\n|move|p2a: Urshifu|Sucker Punch||[still]\n|-fail|p2a: Urshifu\n|move|p1a: Dugtrio|Hone Claws|p1a: Dugtrio\n|-boost|p1a: Dugtrio|atk|0\n|-boost|p1a: Dugtrio|accuracy|0\n|\n|upkeep\n|turn|21\n|\n|t:|1699514006\n|move|p2a: Urshifu|Sucker Punch||[still]\n|-fail|p2a: Urshifu\n|move|p1a: Dugtrio|Hone Claws|p1a: Dugtrio\n|-boost|p1a: Dugtrio|atk|0\n|-boost|p1a: Dugtrio|accuracy|0\n|\n|upkeep\n|turn|22\n|\n|t:|1699514007\n|move|p2a: Urshifu|Sucker Punch||[still]\n|-fail|p2a: Urshifu\n|move|p1a: Dugtrio|Hone Claws|p1a: Dugtrio\n|-boost|p1a: Dugtrio|atk|0\n|-boost|p1a: Dugtrio|accuracy|0\n|\n|upkeep\n|turn|23\n|\n|t:|1699514010\n|move|p2a: Urshifu|Sucker Punch||[still]\n|-fail|p2a: Urshifu\n|move|p1a: Dugtrio|Hone Claws|p1a: Dugtrio\n|-boost|p1a: Dugtrio|atk|0\n|-boost|p1a: Dugtrio|accuracy|0\n|\n|upkeep\n|turn|24\n|\n|t:|1699514012\n|move|p2a: Urshifu|Sucker Punch||[still]\n|-fail|p2a: Urshifu\n|move|p1a: Dugtrio|Hone Claws|p1a: Dugtrio\n|-boost|p1a: Dugtrio|atk|0\n|-boost|p1a: Dugtrio|accuracy|0\n|\n|upkeep\n|turn|25\n|\n|t:|1699514014\n|move|p2a: Urshifu|Sucker Punch||[still]\n|-fail|p2a: Urshifu\n|move|p1a: Dugtrio|Hone Claws|p1a: Dugtrio\n|-boost|p1a: Dugtrio|atk|0\n|-boost|p1a: Dugtrio|accuracy|0\n|\n|upkeep\n|turn|26\n|\n|t:|1699514016\n|move|p1a: Dugtrio|Earthquake|p2a: Urshifu\n|-damage|p2a: Urshifu|0 fnt\n|faint|p2a: Urshifu\n|\n|upkeep\n|\n|t:|1699514019\n|switch|p2a: Gholdengo|Gholdengo|100\/100\n|-item|p2a: Gholdengo|Air Balloon\n|turn|27\n|\n|t:|1699514022\n|move|p1a: Dugtrio|Stone Edge|p2a: Gholdengo\n|-resisted|p2a: Gholdengo\n|-damage|p2a: Gholdengo|59\/100\n|-enditem|p2a: Gholdengo|Air Balloon\n|move|p2a: Gholdengo|Shadow Ball|p1a: Dugtrio\n|-damage|p1a: Dugtrio|21\/100\n|\n|upkeep\n|turn|28\n|\n|t:|1699514026\n|move|p1a: Dugtrio|Earthquake|p2a: Gholdengo\n|-supereffective|p2a: Gholdengo\n|-damage|p2a: Gholdengo|0 fnt\n|faint|p2a: Gholdengo\n|\n|upkeep\n|\n|t:|1699514028\n|switch|p2a: Palkia|Palkia-Origin|100\/100\n|-ability|p2a: Palkia|Pressure\n|turn|29\n|\n|t:|1699514030\n|move|p1a: Dugtrio|Earthquake|p2a: Palkia\n|-damage|p2a: Palkia|0 fnt\n|faint|p2a: Palkia\n|\n|upkeep\n|\n|t:|1699514033\n|switch|p2a: Chi-Yu|Chi-Yu|100\/100\n|-ability|p2a: Chi-Yu|Beads of Ruin\n|turn|30\n|\n|t:|1699514035\n|move|p1a: Dugtrio|Stone Edge|p2a: Chi-Yu\n|-supereffective|p2a: Chi-Yu\n|-damage|p2a: Chi-Yu|0 fnt\n|faint|p2a: Chi-Yu\n|\n|win|the tr4sh man\n|c|\u2606the tr4sh man|gg\n|l|\u2606lolgz\n","uploadtime":1699514040,"views":5,"p1id":"thetr4shman","p2id":"lolgz","formatid":"gen9ubers","rating":0,"private":0,"password":""}