{"id":"gen9ubers-1968188778","p1":"vespyyy","p2":"XpokVEVO","format":"[Gen 9] Ubers","log":"|j|\u2606vespyyy\n|j|\u2606XpokVEVO\n|t:|1697393072\n|gametype|singles\n|player|p1|vespyyy|juggler|\n|player|p2|XpokVEVO|marshal|\n|teamsize|p1|6\n|teamsize|p2|6\n|gen|9\n|tier|[Gen 9] Ubers\n|rule|Sleep Clause Mod: Limit one foe put to sleep\n|rule|Species Clause: Limit one of each Pok\u00e9mon\n|rule|OHKO Clause: OHKO moves are banned\n|rule|Evasion Items Clause: Evasion items are banned\n|rule|Evasion Moves Clause: Evasion moves are banned\n|rule|Endless Battle Clause: Forcing endless battles is banned\n|rule|HP Percentage Mod: HP is shown in percentages\n|clearpoke\n|poke|p1|Arceus-Dark|\n|poke|p1|Dondozo, F|\n|poke|p1|Blissey, F|\n|poke|p1|Cresselia, F|\n|poke|p1|Giratina|\n|poke|p1|Zacian-*|\n|poke|p2|Arceus-Fire|\n|poke|p2|Spectrier|\n|poke|p2|Magearna|\n|poke|p2|Shaymin-Sky|\n|poke|p2|Palkia-Origin|\n|poke|p2|Cyclizar, F|\n|teampreview\n|\n|t:|1697393078\n|start\n|switch|p1a: Zacian|Zacian, shiny|100\/100\n|switch|p2a: Cyclizar|Cyclizar, F|100\/100\n|-ability|p1a: Zacian|Intrepid Sword|boost\n|-boost|p1a: Zacian|atk|1\n|turn|1\n|inactive|Battle timer is ON: inactive players will automatically lose when time's up. (requested by vespyyy)\n|\n|t:|1697393109\n|switch|p2a: Magearna|Magearna|100\/100\n|move|p1a: Zacian|Play Rough|p2a: Magearna\n|-resisted|p2a: Magearna\n|-damage|p2a: Magearna|68\/100\n|\n|upkeep\n|turn|2\n|\n|t:|1697393115\n|-terastallize|p1a: Zacian|Ground\n|move|p1a: Zacian|Swords Dance|p1a: Zacian\n|-boost|p1a: Zacian|atk|2\n|move|p2a: Magearna|Shift Gear|p2a: Magearna\n|-boost|p2a: Magearna|spe|2\n|-boost|p2a: Magearna|atk|1\n|\n|upkeep\n|turn|3\n|\n|t:|1697393127\n|-terastallize|p2a: Magearna|Fairy\n|move|p2a: Magearna|Fleur Cannon|p1a: Zacian\n|-damage|p1a: Zacian|0 fnt\n|-unboost|p2a: Magearna|spa|2\n|faint|p1a: Zacian\n|-ability|p2a: Magearna|Soul-Heart|boost\n|-boost|p2a: Magearna|spa|1\n|-damage|p2a: Magearna|58\/100|[from] item: Life Orb\n|\n|upkeep\n|\n|t:|1697393132\n|switch|p1a: Cresselia|Cresselia, F|100\/100\n|turn|4\n|\n|t:|1697393136\n|switch|p2a: Cyclizar|Cyclizar, F|100\/100\n|move|p1a: Cresselia|Calm Mind|p1a: Cresselia\n|-boost|p1a: Cresselia|spa|1\n|-boost|p1a: Cresselia|spd|1\n|\n|upkeep\n|turn|5\n|\n|t:|1697393139\n|move|p2a: Cyclizar|Taunt|p1a: Cresselia\n|-start|p1a: Cresselia|move: Taunt\n|cant|p1a: Cresselia|move: Taunt|Calm Mind\n|\n|upkeep\n|turn|6\n|\n|t:|1697393141\n|move|p2a: Cyclizar|Knock Off|p1a: Cresselia\n|-supereffective|p1a: Cresselia\n|-crit|p1a: Cresselia\n|-damage|p1a: Cresselia|66\/100\n|-enditem|p1a: Cresselia|Leftovers|[from] move: Knock Off|[of] p2a: Cyclizar\n|move|p1a: Cresselia|Moonblast|p2a: Cyclizar\n|-supereffective|p2a: Cyclizar\n|-damage|p2a: Cyclizar|27\/100\n|\n|upkeep\n|turn|7\n|\n|t:|1697393163\n|switch|p2a: Arceus-Fight\u0131ng|Arceus-Fire, shiny|100\/100\n|move|p1a: Cresselia|Stored Power|p2a: Arceus-Fight\u0131ng\n|-damage|p2a: Arceus-Fight\u0131ng|82\/100\n|\n|-end|p1a: Cresselia|move: Taunt\n|upkeep\n|turn|8\n|\n|t:|1697393167\n|move|p2a: Arceus-Fight\u0131ng|Dragon Dance|p2a: Arceus-Fight\u0131ng\n|-boost|p2a: Arceus-Fight\u0131ng|atk|1\n|-boost|p2a: Arceus-Fight\u0131ng|spe|1\n|move|p1a: Cresselia|Moonlight|p1a: Cresselia\n|-heal|p1a: Cresselia|100\/100\n|\n|upkeep\n|turn|9\n|\n|t:|1697393170\n|switch|p1a: Dondozo|Dondozo, F|100\/100\n|move|p2a: Arceus-Fight\u0131ng|Dragon Dance|p2a: Arceus-Fight\u0131ng\n|-boost|p2a: Arceus-Fight\u0131ng|atk|1\n|-boost|p2a: Arceus-Fight\u0131ng|spe|1\n|\n|upkeep\n|turn|10\n|\n|t:|1697393173\n|switch|p2a: Shaymin|Shaymin-Sky, shiny|100\/100\n|move|p1a: Dondozo|Liquidation|p2a: Shaymin\n|-resisted|p2a: Shaymin\n|-damage|p2a: Shaymin|82\/100\n|\n|upkeep\n|turn|11\n|\n|t:|1697393177\n|switch|p1a: Blissey|Blissey, F|100\/100\n|move|p2a: Shaymin|Seed Flare|p1a: Blissey\n|-damage|p1a: Blissey|79\/100\n|-unboost|p1a: Blissey|spd|2\n|-damage|p2a: Shaymin|72\/100|[from] item: Life Orb\n|\n|upkeep\n|turn|12\n|\n|t:|1697393184\n|switch|p1a: Giratina|Giratina|100\/100\n|-ability|p1a: Giratina|Pressure\n|move|p2a: Shaymin|Seed Flare|p1a: Giratina\n|-resisted|p1a: Giratina\n|-damage|p1a: Giratina|78\/100\n|-unboost|p1a: Giratina|spd|2\n|-damage|p2a: Shaymin|62\/100|[from] item: Life Orb\n|\n|upkeep\n|turn|13\n|\n|t:|1697393198\n|move|p2a: Shaymin|Air Slash|p1a: Giratina\n|-damage|p1a: Giratina|25\/100\n|-damage|p2a: Shaymin|53\/100|[from] item: Life Orb\n|cant|p1a: Giratina|flinch\n|\n|upkeep\n|turn|14\n|\n|t:|1697393204\n|switch|p1a: Arceus|Arceus-Dark|100\/100\n|move|p2a: Shaymin|Air Slash|p1a: Arceus\n|-damage|p1a: Arceus|68\/100\n|-damage|p2a: Shaymin|43\/100|[from] item: Life Orb\n|\n|upkeep\n|turn|15\n|\n|t:|1697393208\n|switch|p2a: Spectrier|Spectrier|100\/100\n|move|p1a: Arceus|Foul Play|p2a: Spectrier\n|-supereffective|p2a: Spectrier\n|-damage|p2a: Spectrier|44\/100\n|\n|upkeep\n|turn|16\n|\n|t:|1697393214\n|move|p2a: Spectrier|Will-O-Wisp|p1a: Arceus\n|-status|p1a: Arceus|brn\n|move|p1a: Arceus|Recover|p1a: Arceus\n|-heal|p1a: Arceus|100\/100 brn\n|\n|-damage|p1a: Arceus|94\/100 brn|[from] brn\n|upkeep\n|turn|17\n|\n|t:|1697393221\n|switch|p2a: Cyclizar|Cyclizar, F|60\/100\n|move|p1a: Arceus|Foul Play|p2a: Cyclizar\n|-damage|p2a: Cyclizar|34\/100\n|\n|-damage|p1a: Arceus|88\/100 brn|[from] brn\n|upkeep\n|turn|18\n|c|\u2606XpokVEVO|FCK\n|c|\u2606XpokVEVO|misinput\n|\n|t:|1697393231\n|move|p2a: Cyclizar|Taunt|p1a: Arceus\n|-start|p1a: Arceus|move: Taunt\n|move|p1a: Arceus|Foul Play|p2a: Cyclizar\n|-damage|p2a: Cyclizar|9\/100\n|-enditem|p2a: Cyclizar|Aguav Berry|[eat]\n|-heal|p2a: Cyclizar|42\/100|[from] item: Aguav Berry\n|\n|-damage|p1a: Arceus|82\/100 brn|[from] brn\n|upkeep\n|turn|19\n|\n|t:|1697393235\n|switch|p2a: Magearna|Magearna, tera:Fairy|58\/100\n|move|p1a: Arceus|Foul Play|p2a: Magearna\n|-resisted|p2a: Magearna\n|-damage|p2a: Magearna|51\/100\n|\n|-damage|p1a: Arceus|76\/100 brn|[from] brn\n|upkeep\n|turn|20\n|\n|t:|1697393242\n|switch|p1a: Cresselia|Cresselia, F|100\/100\n|move|p2a: Magearna|Shift Gear|p2a: Magearna\n|-boost|p2a: Magearna|spe|2\n|-boost|p2a: Magearna|atk|1\n|\n|upkeep\n|turn|21\n|\n|t:|1697393252\n|move|p2a: Magearna|Draining Kiss|p1a: Cresselia\n|-damage|p1a: Cresselia|64\/100\n|-heal|p2a: Magearna|91\/100|[from] drain|[of] p1a: Cresselia\n|-damage|p2a: Magearna|81\/100|[from] item: Life Orb\n|move|p1a: Cresselia|Calm Mind|p1a: Cresselia\n|-boost|p1a: Cresselia|spa|1\n|-boost|p1a: Cresselia|spd|1\n|\n|upkeep\n|turn|22\n|\n|t:|1697393263\n|move|p2a: Magearna|Fleur Cannon|p1a: Cresselia\n|-crit|p1a: Cresselia\n|-damage|p1a: Cresselia|0 fnt\n|-unboost|p2a: Magearna|spa|2\n|faint|p1a: Cresselia\n|-ability|p2a: Magearna|Soul-Heart|boost\n|-boost|p2a: Magearna|spa|1\n|-damage|p2a: Magearna|71\/100|[from] item: Life Orb\n|\n|upkeep\n|\n|t:|1697393268\n|switch|p1a: Blissey|Blissey, F|79\/100\n|turn|23\n|c|\u2606XpokVEVO|YOOOO\n|c|\u2606vespyyy|Rip\n|\n|t:|1697393273\n|switch|p2a: Cyclizar|Cyclizar, F|75\/100\n|move|p1a: Blissey|Seismic Toss|p2a: Cyclizar\n|-damage|p2a: Cyclizar|46\/100\n|\n|upkeep\n|turn|24\n|\n|t:|1697393280\n|move|p2a: Cyclizar|Taunt|p1a: Blissey\n|-start|p1a: Blissey|move: Taunt\n|cant|p1a: Blissey|move: Taunt|Heal Bell\n|\n|upkeep\n|turn|25\n|\n|t:|1697393284\n|move|p2a: Cyclizar|Knock Off|p1a: Blissey\n|-damage|p1a: Blissey|36\/100\n|-enditem|p1a: Blissey|Heavy-Duty Boots|[from] move: Knock Off|[of] p2a: Cyclizar\n|move|p1a: Blissey|Seismic Toss|p2a: Cyclizar\n|-damage|p2a: Cyclizar|17\/100\n|\n|upkeep\n|turn|26\n|c|\u2606vespyyy|Rng hates me\n|c|\u2606vespyyy|Bo3?\n|\n|t:|1697393298\n|move|p2a: Cyclizar|Knock Off|p1a: Blissey\n|-damage|p1a: Blissey|6\/100\n|move|p1a: Blissey|Seismic Toss|p2a: Cyclizar\n|-damage|p2a: Cyclizar|0 fnt\n|faint|p2a: Cyclizar\n|\n|-end|p1a: Blissey|move: Taunt\n|upkeep\n|c|\u2606XpokVEVO|Sure\n|\n|t:|1697393317\n|switch|p2a: Spectrier|Spectrier|44\/100\n|turn|27\n|\n|t:|1697393322\n|switch|p1a: Arceus|Arceus-Dark|76\/100 brn\n|move|p2a: Spectrier|Dark Pulse|p1a: Arceus\n|-resisted|p1a: Arceus\n|-damage|p1a: Arceus|65\/100 brn\n|\n|-damage|p1a: Arceus|59\/100 brn|[from] brn\n|upkeep\n|turn|28\n|\n|t:|1697393331\n|switch|p2a: Magearna|Magearna, tera:Fairy|71\/100\n|switch|p1a: Blissey|Blissey, F|6\/100\n|\n|upkeep\n|turn|29\n|\n|t:|1697393336\n|move|p2a: Magearna|Draining Kiss|p1a: Blissey\n|-damage|p1a: Blissey|0 fnt\n|-heal|p2a: Magearna|81\/100|[from] drain|[of] p1a: Blissey\n|faint|p1a: Blissey\n|-ability|p2a: Magearna|Soul-Heart|boost\n|-boost|p2a: Magearna|spa|1\n|-damage|p2a: Magearna|71\/100|[from] item: Life Orb\n|\n|upkeep\n|-message|vespyyy forfeited.\n|\n|win|XpokVEVO\n|l|\u2606vespyyy\n|l|\u2606XpokVEVO\n|j|\u2606XpokVEVO\n|player|p2|XpokVEVO|marshal\n|j|\u2606vespyyy\n|player|p1|vespyyy|juggler\n","uploadtime":1697393367,"views":6,"p1id":"vespyyy","p2id":"xpokvevo","formatid":"gen9ubers","rating":0,"private":0,"password":""}