{"id":"gen9ubers-1981709383","p1":"a bit moody","p2":"adpg.alt","format":"[Gen 9] Ubers","log":"|j|\u2606a bit moody\n|j|\u2606adpg.alt\n|t:|1698935573\n|gametype|singles\n|player|p1|a bit moody|265|\n|player|p2|adpg.alt|hilbert-wonderlauncher|\n|teamsize|p1|6\n|teamsize|p2|6\n|gen|9\n|tier|[Gen 9] Ubers\n|rule|Sleep Clause Mod: Limit one foe put to sleep\n|rule|Species Clause: Limit one of each Pok\u00e9mon\n|rule|OHKO Clause: OHKO moves are banned\n|rule|Evasion Items Clause: Evasion items are banned\n|rule|Evasion Moves Clause: Evasion moves are banned\n|rule|Endless Battle Clause: Forcing endless battles is banned\n|rule|HP Percentage Mod: HP is shown in percentages\n|clearpoke\n|poke|p1|Zacian-*|\n|poke|p1|Blissey, F|\n|poke|p1|Alomomola, F|\n|poke|p1|Overqwil, F|\n|poke|p1|Talonflame, M|\n|poke|p1|Dialga|\n|poke|p2|Klefki, F|\n|poke|p2|Baxcalibur, F|\n|poke|p2|Arceus-Electric|\n|poke|p2|Zacian-*|\n|poke|p2|Spectrier|\n|poke|p2|Magearna|\n|teampreview\n|\n|t:|1698935580\n|start\n|switch|p1a: Overqwil|Overqwil, F|100\/100\n|switch|p2a: Klefki|Klefki, F|100\/100\n|-ability|p1a: Overqwil|Intimidate|boost\n|-unboost|p2a: Klefki|atk|1\n|turn|1\n|\n|t:|1698935592\n|move|p2a: Klefki|Reflect|p2a: Klefki\n|-sidestart|p2: adpg.alt|Reflect\n|move|p1a: Overqwil|Spikes|p2a: Klefki\n|-sidestart|p2: adpg.alt|Spikes\n|\n|upkeep\n|turn|2\n|\n|t:|1698935597\n|move|p2a: Klefki|Light Screen|p2a: Klefki\n|-sidestart|p2: adpg.alt|move: Light Screen\n|move|p1a: Overqwil|Toxic Spikes|p2a: Klefki\n|-sidestart|p2: adpg.alt|move: Toxic Spikes\n|\n|upkeep\n|turn|3\n|\n|t:|1698935603\n|switch|p2a: Magearna|Magearna|100\/100\n|-damage|p2a: Magearna|88\/100|[from] Spikes\n|move|p1a: Overqwil|Toxic Spikes|p2a: Magearna\n|-sidestart|p2: adpg.alt|move: Toxic Spikes\n|\n|-heal|p2a: Magearna|94\/100|[from] item: Leftovers\n|upkeep\n|turn|4\n|\n|t:|1698935615\n|switch|p1a: Blissey|Blissey, F|100\/100\n|move|p2a: Magearna|Calm Mind|p2a: Magearna\n|-boost|p2a: Magearna|spa|1\n|-boost|p2a: Magearna|spd|1\n|\n|-heal|p2a: Magearna|99\/100|[from] item: Leftovers\n|upkeep\n|turn|5\n|\n|t:|1698935622\n|move|p2a: Magearna|Calm Mind|p2a: Magearna\n|-boost|p2a: Magearna|spa|1\n|-boost|p2a: Magearna|spd|1\n|move|p1a: Blissey|Thunder Wave|p2a: Magearna\n|-status|p2a: Magearna|par\n|\n|-heal|p2a: Magearna|100\/100 par|[from] item: Leftovers\n|upkeep\n|turn|6\n|\n|t:|1698935632\n|move|p1a: Blissey|Seismic Toss|p2a: Magearna\n|-damage|p2a: Magearna|73\/100 par\n|move|p2a: Magearna|Shift Gear|p2a: Magearna\n|-boost|p2a: Magearna|spe|2\n|-boost|p2a: Magearna|atk|1\n|\n|-heal|p2a: Magearna|79\/100 par|[from] item: Leftovers\n|upkeep\n|turn|7\n|\n|t:|1698935644\n|move|p2a: Magearna|Calm Mind|p2a: Magearna\n|-boost|p2a: Magearna|spa|1\n|-boost|p2a: Magearna|spd|1\n|move|p1a: Blissey|Seismic Toss|p2a: Magearna\n|-damage|p2a: Magearna|51\/100 par\n|\n|-heal|p2a: Magearna|57\/100 par|[from] item: Leftovers\n|upkeep\n|turn|8\n|\n|t:|1698935650\n|move|p2a: Magearna|Draining Kiss|p1a: Blissey\n|-damage|p1a: Blissey|81\/100\n|-heal|p2a: Magearna|84\/100 par|[from] drain|[of] p1a: Blissey\n|move|p1a: Blissey|Seismic Toss|p2a: Magearna\n|-damage|p2a: Magearna|56\/100 par\n|\n|-heal|p2a: Magearna|62\/100 par|[from] item: Leftovers\n|-sideend|p2: adpg.alt|Reflect\n|upkeep\n|turn|9\n|\n|t:|1698935662\n|move|p2a: Magearna|Draining Kiss|p1a: Blissey\n|-damage|p1a: Blissey|62\/100\n|-heal|p2a: Magearna|88\/100 par|[from] drain|[of] p1a: Blissey\n|move|p1a: Blissey|Seismic Toss|p2a: Magearna\n|-damage|p2a: Magearna|60\/100 par\n|\n|-heal|p2a: Magearna|66\/100 par|[from] item: Leftovers\n|-sideend|p2: adpg.alt|move: Light Screen\n|upkeep\n|turn|10\n|\n|t:|1698935676\n|switch|p1a: Overqwil|Overqwil, F|100\/100\n|-ability|p1a: Overqwil|Intimidate|boost\n|-unboost|p2a: Magearna|atk|1\n|cant|p2a: Magearna|par\n|\n|-heal|p2a: Magearna|72\/100 par|[from] item: Leftovers\n|upkeep\n|turn|11\n|\n|t:|1698935685\n|move|p2a: Magearna|Draining Kiss|p1a: Overqwil\n|-damage|p1a: Overqwil|28\/100\n|-heal|p2a: Magearna|100\/100 par|[from] drain|[of] p1a: Overqwil\n|move|p1a: Overqwil|Spikes|p2a: Magearna\n|-sidestart|p2: adpg.alt|Spikes\n|\n|-heal|p1a: Overqwil|34\/100|[from] item: Leftovers\n|upkeep\n|turn|12\n|\n|t:|1698935693\n|move|p2a: Magearna|Draining Kiss|p1a: Overqwil\n|-damage|p1a: Overqwil|0 fnt\n|faint|p1a: Overqwil\n|-ability|p2a: Magearna|Soul-Heart|boost\n|-boost|p2a: Magearna|spa|1\n|\n|upkeep\n|\n|t:|1698935700\n|switch|p1a: Zacian|Zacian|100\/100\n|-ability|p1a: Zacian|Intrepid Sword|boost\n|-boost|p1a: Zacian|atk|1\n|turn|13\n|\n|t:|1698935707\n|-terastallize|p1a: Zacian|Ground\n|move|p1a: Zacian|Tera Blast|p2a: Magearna|[anim] Tera Blast Ground\n|-supereffective|p2a: Magearna\n|-damage|p2a: Magearna|0 fnt\n|faint|p2a: Magearna\n|\n|upkeep\n|\n|t:|1698935717\n|switch|p2a: Klefki|Klefki, F|100\/100\n|-damage|p2a: Klefki|84\/100|[from] Spikes\n|turn|14\n|\n|t:|1698935729\n|move|p2a: Klefki|Reflect|p2a: Klefki\n|-sidestart|p2: adpg.alt|Reflect\n|move|p1a: Zacian|Tera Blast|p2a: Klefki|[anim] Tera Blast Ground\n|-supereffective|p2a: Klefki\n|-damage|p2a: Klefki|0 fnt\n|faint|p2a: Klefki\n|\n|upkeep\n|\n|t:|1698935742\n|switch|p2a: Zacian|Zacian|100\/100\n|-damage|p2a: Zacian|84\/100|[from] Spikes\n|-status|p2a: Zacian|tox\n|-ability|p2a: Zacian|Intrepid Sword|boost\n|-boost|p2a: Zacian|atk|1\n|turn|15\n|\n|t:|1698935752\n|-terastallize|p2a: Zacian|Fairy\n|move|p1a: Zacian|Tera Blast|p2a: Zacian|[anim] Tera Blast Ground\n|-damage|p2a: Zacian|42\/100 tox\n|move|p2a: Zacian|Play Rough|p1a: Zacian\n|-damage|p1a: Zacian|0 fnt\n|faint|p1a: Zacian\n|-damage|p2a: Zacian|32\/100 tox|[from] item: Life Orb\n|\n|-damage|p2a: Zacian|26\/100 tox|[from] psn\n|upkeep\n|\n|t:|1698935767\n|switch|p1a: Alomomola|Alomomola, F|100\/100\n|turn|16\n|\n|t:|1698935771\n|move|p2a: Zacian|Play Rough|p1a: Alomomola\n|-damage|p1a: Alomomola|38\/100\n|-damage|p2a: Zacian|16\/100 tox|[from] item: Life Orb\n|move|p1a: Alomomola|Wish|p1a: Alomomola\n|\n|-damage|p2a: Zacian|4\/100 tox|[from] psn\n|upkeep\n|turn|17\n|\n|t:|1698935779\n|move|p1a: Alomomola|Protect|p1a: Alomomola\n|-singleturn|p1a: Alomomola|Protect\n|move|p2a: Zacian|Play Rough|p1a: Alomomola\n|-activate|p1a: Alomomola|move: Protect\n|\n|-heal|p1a: Alomomola|88\/100|[from] move: Wish|[wisher] Alomomola\n|-damage|p2a: Zacian|0 fnt|[from] psn\n|faint|p2a: Zacian\n|upkeep\n|\n|t:|1698935783\n|switch|p2a: Arceus|Arceus-Electric|100\/100\n|-damage|p2a: Arceus|84\/100|[from] Spikes\n|-status|p2a: Arceus|tox\n|turn|18\n|\n|t:|1698935792\n|switch|p1a: Blissey|Blissey, F|62\/100\n|move|p2a: Arceus|Calm Mind|p2a: Arceus\n|-boost|p2a: Arceus|spa|1\n|-boost|p2a: Arceus|spd|1\n|\n|-damage|p2a: Arceus|78\/100 tox|[from] psn\n|upkeep\n|turn|19\n|\n|t:|1698935797\n|move|p2a: Arceus|Calm Mind|p2a: Arceus\n|-boost|p2a: Arceus|spa|1\n|-boost|p2a: Arceus|spd|1\n|move|p1a: Blissey|Seismic Toss|p2a: Arceus\n|-damage|p2a: Arceus|54\/100 tox\n|\n|-damage|p2a: Arceus|42\/100 tox|[from] psn\n|upkeep\n|turn|20\n|\n|t:|1698935805\n|move|p2a: Arceus|Judgment|p1a: Blissey\n|-damage|p1a: Blissey|28\/100\n|move|p1a: Blissey|Soft-Boiled|p1a: Blissey\n|-heal|p1a: Blissey|79\/100\n|\n|-damage|p2a: Arceus|23\/100 tox|[from] psn\n|upkeep\n|turn|21\n|\n|t:|1698935816\n|move|p2a: Arceus|Judgment|p1a: Blissey\n|-damage|p1a: Blissey|46\/100\n|move|p1a: Blissey|Seismic Toss|p2a: Arceus\n|-damage|p2a: Arceus|0 fnt\n|faint|p2a: Arceus\n|\n|-sideend|p2: adpg.alt|Reflect\n|upkeep\n|\n|t:|1698935827\n|switch|p2a: Baxcalibur|Baxcalibur, F|100\/100\n|-damage|p2a: Baxcalibur|84\/100|[from] Spikes\n|-status|p2a: Baxcalibur|tox\n|turn|22\n|\n|t:|1698935840\n|move|p2a: Baxcalibur|Icicle Spear|p1a: Blissey\n|-damage|p1a: Blissey|31\/100\n|-damage|p1a: Blissey|17\/100\n|-damage|p1a: Blissey|1\/100\n|-damage|p1a: Blissey|0 fnt\n|faint|p1a: Blissey\n|-hitcount|p1: Blissey|4\n|\n|-damage|p2a: Baxcalibur|78\/100 tox|[from] psn\n|upkeep\n|\n|t:|1698935852\n|switch|p1a: Alomomola|Alomomola, F|100\/100\n|turn|23\n|\n|t:|1698935856\n|move|p2a: Baxcalibur|Dragon Dance|p2a: Baxcalibur\n|-boost|p2a: Baxcalibur|atk|1\n|-boost|p2a: Baxcalibur|spe|1\n|move|p1a: Alomomola|Wish|p1a: Alomomola\n|\n|-damage|p2a: Baxcalibur|65\/100 tox|[from] psn\n|upkeep\n|turn|24\n|\n|t:|1698935861\n|move|p2a: Baxcalibur|Scale Shot|p1a: Alomomola\n|-damage|p1a: Alomomola|88\/100\n|-damage|p1a: Alomomola|76\/100\n|-damage|p1a: Alomomola|63\/100\n|-damage|p1a: Alomomola|50\/100\n|-hitcount|p1a: Alomomola|4\n|-unboost|p2a: Baxcalibur|def|1\n|-boost|p2a: Baxcalibur|spe|1\n|move|p1a: Alomomola|Scald|p2a: Baxcalibur\n|-resisted|p2a: Baxcalibur\n|-damage|p2a: Baxcalibur|58\/100 tox\n|\n|-heal|p1a: Alomomola|99\/100|[from] move: Wish|[wisher] Alomomola\n|-damage|p2a: Baxcalibur|40\/100 tox|[from] psn\n|upkeep\n|turn|25\n|\n|t:|1698935884\n|move|p2a: Baxcalibur|Scale Shot|p1a: Alomomola\n|-damage|p1a: Alomomola|87\/100\n|-damage|p1a: Alomomola|74\/100\n|-damage|p1a: Alomomola|60\/100\n|-damage|p1a: Alomomola|48\/100\n|-damage|p1a: Alomomola|34\/100\n|-hitcount|p1a: Alomomola|5\n|-unboost|p2a: Baxcalibur|def|1\n|-boost|p2a: Baxcalibur|spe|1\n|move|p1a: Alomomola|Wish|p1a: Alomomola\n|\n|-damage|p2a: Baxcalibur|15\/100 tox|[from] psn\n|upkeep\n|turn|26\n|\n|t:|1698935896\n|move|p1a: Alomomola|Protect|p1a: Alomomola\n|-singleturn|p1a: Alomomola|Protect\n|move|p2a: Baxcalibur|Scale Shot|p1a: Alomomola\n|-activate|p1a: Alomomola|move: Protect\n|\n|-heal|p1a: Alomomola|84\/100|[from] move: Wish|[wisher] Alomomola\n|-damage|p2a: Baxcalibur|0 fnt|[from] psn\n|faint|p2a: Baxcalibur\n|upkeep\n|\n|t:|1698935898\n|switch|p2a: Spectrier|Spectrier|100\/100\n|-damage|p2a: Spectrier|84\/100|[from] Spikes\n|-status|p2a: Spectrier|tox\n|turn|27\n|\n|t:|1698935905\n|move|p2a: Spectrier|Nasty Plot|p2a: Spectrier\n|-boost|p2a: Spectrier|spa|2\n|move|p1a: Alomomola|Wish|p1a: Alomomola\n|\n|-heal|p2a: Spectrier|90\/100 tox|[from] item: Leftovers\n|-damage|p2a: Spectrier|84\/100 tox|[from] psn\n|upkeep\n|turn|28\n|\n|t:|1698935907\n|move|p2a: Spectrier|Shadow Ball|p1a: Alomomola\n|-damage|p1a: Alomomola|0 fnt\n|faint|p1a: Alomomola\n|-ability|p2a: Spectrier|Grim Neigh|boost\n|-boost|p2a: Spectrier|spa|1\n|\n|-heal|p2a: Spectrier|90\/100 tox|[from] item: Leftovers\n|-damage|p2a: Spectrier|78\/100 tox|[from] psn\n|upkeep\n|\n|t:|1698935915\n|switch|p1a: Dialga|Dialga|100\/100\n|-ability|p1a: Dialga|Pressure\n|turn|29\n|\n|t:|1698935921\n|move|p2a: Spectrier|Shadow Ball|p1a: Dialga\n|-damage|p1a: Dialga|5\/100\n|move|p1a: Dialga|Flash Cannon|p2a: Spectrier\n|-damage|p2a: Spectrier|15\/100 tox\n|\n|-heal|p2a: Spectrier|21\/100 tox|[from] item: Leftovers\n|-heal|p1a: Dialga|11\/100|[from] item: Leftovers\n|-damage|p2a: Spectrier|3\/100 tox|[from] psn\n|upkeep\n|turn|30\n|\n|t:|1698935932\n|move|p2a: Spectrier|Draining Kiss|p1a: Dialga\n|-damage|p1a: Dialga|0 fnt\n|-heal|p2a: Spectrier|13\/100 tox|[from] drain|[of] p1a: Dialga\n|faint|p1a: Dialga\n|-ability|p2a: Spectrier|Grim Neigh|boost\n|-boost|p2a: Spectrier|spa|1\n|\n|-heal|p2a: Spectrier|19\/100 tox|[from] item: Leftovers\n|-damage|p2a: Spectrier|0 fnt|[from] psn\n|faint|p2a: Spectrier\n|\n|win|a bit moody\n|upkeep\n|c|\u2606adpg.alt|GG\n|l|\u2606a bit moody\n","uploadtime":1698935952,"views":8,"p1id":"abitmoody","p2id":"adpgalt","formatid":"gen9ubers","rating":0,"private":0,"password":""}