{"id":"gen9ubers-1968648480","p1":"aerens","p2":"LiterallyJynxx","format":"[Gen 9] Ubers","log":"|j|\u2606aerens\n|j|\u2606LiterallyJynxx\n|t:|1697447908\n|gametype|singles\n|player|p1|aerens|aaron|1043\n|player|p2|LiterallyJynxx|benga|1109\n|teamsize|p1|6\n|teamsize|p2|6\n|gen|9\n|tier|[Gen 9] Ubers\n|rated|\n|rule|Sleep Clause Mod: Limit one foe put to sleep\n|rule|Species Clause: Limit one of each Pok\u00e9mon\n|rule|OHKO Clause: OHKO moves are banned\n|rule|Evasion Items Clause: Evasion items are banned\n|rule|Evasion Moves Clause: Evasion moves are banned\n|rule|Endless Battle Clause: Forcing endless battles is banned\n|rule|HP Percentage Mod: HP is shown in percentages\n|clearpoke\n|poke|p1|Typhlosion-Hisui, F|\n|poke|p1|Torterra, M|\n|poke|p1|Charizard, M|\n|poke|p1|Samurott-Hisui, M|\n|poke|p1|Decidueye, M|\n|poke|p1|Quaquaval, F|\n|poke|p2|Cetitan, F|\n|poke|p2|Slowking, F|\n|poke|p2|Chien-Pao|\n|poke|p2|Great Tusk|\n|poke|p2|Scream Tail|\n|poke|p2|Gholdengo|\n|teampreview\n|inactive|Battle timer is ON: inactive players will automatically lose when time's up. (requested by LiterallyJynxx)\n|\n|t:|1697447925\n|start\n|switch|p1a: Charizard|Charizard, M, shiny|100\/100\n|switch|p2a: Tuskian|Great Tusk|100\/100\n|turn|1\n|\n|t:|1697447935\n|move|p1a: Charizard|Will-O-Wisp|p2a: Tuskian\n|-status|p2a: Tuskian|brn\n|move|p2a: Tuskian|Stealth Rock|p1a: Charizard\n|-sidestart|p1: aerens|move: Stealth Rock\n|\n|-damage|p2a: Tuskian|94\/100 brn|[from] brn\n|upkeep\n|turn|2\n|\n|t:|1697447945\n|move|p1a: Charizard|Hurricane|p2a: Tuskian\n|-supereffective|p2a: Tuskian\n|-damage|p2a: Tuskian|0 fnt\n|faint|p2a: Tuskian\n|-end|p2a: Tuskian|Protosynthesis|[silent]\n|\n|upkeep\n|\n|t:|1697447950\n|switch|p2a: King or Queen|Slowking, F, shiny|100\/100\n|turn|3\n|\n|t:|1697447960\n|move|p1a: Charizard|Will-O-Wisp|p2a: King or Queen\n|-status|p2a: King or Queen|brn\n|move|p2a: King or Queen|Hydro Pump|p1a: Charizard\n|-supereffective|p1a: Charizard\n|-damage|p1a: Charizard|3\/100\n|\n|-damage|p2a: King or Queen|94\/100 brn|[from] brn\n|upkeep\n|turn|4\n|\n|t:|1697447971\n|move|p1a: Charizard|Hurricane|p2a: King or Queen\n|-damage|p2a: King or Queen|67\/100 brn\n|-start|p2a: King or Queen|confusion\n|-activate|p2a: King or Queen|confusion\n|move|p2a: King or Queen|Psychic|p1a: Charizard\n|-damage|p1a: Charizard|0 fnt\n|faint|p1a: Charizard\n|\n|-damage|p2a: King or Queen|61\/100 brn|[from] brn\n|upkeep\n|\n|t:|1697447982\n|switch|p1a: Typhlosion|Typhlosion-Hisui, F, shiny|100\/100\n|-item|p2a: King or Queen|Icy Rock|[from] ability: Frisk|[of] p1a: Typhlosion|[identify]\n|turn|5\n|\n|t:|1697447998\n|switch|p1a: Samurott|Samurott-Hisui, M|100\/100\n|-damage|p1a: Samurott|88\/100|[from] Stealth Rock\n|-activate|p2a: King or Queen|confusion\n|move|p2a: King or Queen|Chilly Reception|p2a: King or Queen\n|-weather|Snow\n|\n|t:|1697448013\n|switch|p2a: Sea titan|Cetitan, F|100\/100|[from] Chilly Reception\n|\n|-weather|Snow|[upkeep]\n|upkeep\n|turn|6\n|inactive|aerens has 120 seconds left.\n|\n|t:|1697448044\n|move|p2a: Sea titan|Belly Drum|p2a: Sea titan\n|-damage|p2a: Sea titan|50\/100\n|-setboost|p2a: Sea titan|atk|6|[from] move: Belly Drum\n|-enditem|p2a: Sea titan|Sitrus Berry|[eat]\n|-heal|p2a: Sea titan|75\/100|[from] item: Sitrus Berry\n|move|p1a: Samurott|Knock Off|p2a: Sea titan\n|-damage|p2a: Sea titan|57\/100\n|\n|-weather|Snow|[upkeep]\n|upkeep\n|turn|7\n|inactive|aerens has 120 seconds left.\n|\n|t:|1697448073\n|move|p2a: Sea titan|Earthquake|p1a: Samurott\n|-damage|p1a: Samurott|0 fnt\n|faint|p1a: Samurott\n|\n|-weather|Snow|[upkeep]\n|upkeep\n|\n|t:|1697448082\n|switch|p1a: Typhlosion|Typhlosion-Hisui, F, shiny|100\/100\n|turn|8\n|\n|t:|1697448089\n|move|p2a: Sea titan|Earthquake|p1a: Typhlosion\n|-supereffective|p1a: Typhlosion\n|-damage|p1a: Typhlosion|0 fnt\n|faint|p1a: Typhlosion\n|\n|-weather|Snow|[upkeep]\n|upkeep\n|\n|t:|1697448094\n|switch|p1a: Torterra|Torterra, M|100\/100\n|-damage|p1a: Torterra|94\/100|[from] Stealth Rock\n|turn|9\n|inactive|aerens has 120 seconds left.\n|\n|t:|1697448101\n|-terastallize|p1a: Torterra|Rock\n|move|p2a: Sea titan|Ice Spinner|p1a: Torterra\n|-damage|p1a: Torterra|0 fnt\n|faint|p1a: Torterra\n|\n|-weather|Snow|[upkeep]\n|upkeep\n|inactive|aerens has 120 seconds left.\n|\n|t:|1697448107\n|switch|p1a: Quaquaval|Quaquaval, F|100\/100\n|-damage|p1a: Quaquaval|94\/100|[from] Stealth Rock\n|turn|10\n|\n|t:|1697448115\n|move|p2a: Sea titan|Earthquake|p1a: Quaquaval\n|-damage|p1a: Quaquaval|0 fnt\n|faint|p1a: Quaquaval\n|\n|-weather|Snow|[upkeep]\n|upkeep\n|\n|t:|1697448118\n|switch|p1a: Decidueye|Decidueye, M, shiny|100\/100\n|turn|11\n|\n|t:|1697448127\n|move|p2a: Sea titan|Ice Spinner|p1a: Decidueye\n|-supereffective|p1a: Decidueye\n|-damage|p1a: Decidueye|0 fnt\n|faint|p1a: Decidueye\n|\n|win|LiterallyJynxx\n|raw|aerens's rating: 1043 &rarr; <strong>1030<\/strong><br \/>(-13 for losing)\n|raw|LiterallyJynxx's rating: 1109 &rarr; <strong>1129<\/strong><br \/>(+20 for winning)\n","uploadtime":1697448134,"views":12,"p1id":"aerens","p2id":"literallyjynxx","formatid":"gen9ubers","rating":1030,"private":0,"password":""}