{"id":"gen9ubers-2000559976","p1":"Anne Frankkkk","p2":"Gocards7","format":"[Gen 9] Ubers","log":"|j|\u2606Anne Frankkkk\n|j|\u2606Gocards7\n|t:|1701205350\n|gametype|singles\n|player|p1|Anne Frankkkk|hilbert|1178\n|player|p2|Gocards7|ghetsis|1140\n|teamsize|p1|6\n|teamsize|p2|6\n|gen|9\n|tier|[Gen 9] Ubers\n|rated|\n|rule|Sleep Clause Mod: Limit one foe put to sleep\n|rule|Species Clause: Limit one of each Pok\u00e9mon\n|rule|OHKO Clause: OHKO moves are banned\n|rule|Evasion Items Clause: Evasion items are banned\n|rule|Evasion Moves Clause: Evasion moves are banned\n|rule|Endless Battle Clause: Forcing endless battles is banned\n|rule|HP Percentage Mod: HP is shown in percentages\n|clearpoke\n|poke|p1|Regieleki|\n|poke|p1|Kyogre|\n|poke|p1|Chien-Pao|\n|poke|p1|Ribombee, M|\n|poke|p1|Miraidon|\n|poke|p1|Flutter Mane|\n|poke|p2|Toxapex, F|\n|poke|p2|Volcarona, F|\n|poke|p2|Garchomp, M|\n|poke|p2|Tropius, M|\n|poke|p2|Greninja-*, M|\n|poke|p2|Gliscor, F|\n|teampreview\n|\n|t:|1701205356\n|start\n|switch|p1a: Moonblast|Ribombee, M, shiny|100\/100\n|switch|p2a: Garchomp|Garchomp, M|100\/100\n|turn|1\n|inactive|Battle timer is ON: inactive players will automatically lose when time's up. (requested by Anne Frankkkk)\n|\n|t:|1701205364\n|-terastallize|p2a: Garchomp|Steel\n|move|p1a: Moonblast|Sticky Web|p2a: Garchomp\n|-sidestart|p2: Gocards7|move: Sticky Web\n|move|p2a: Garchomp|Swords Dance|p2a: Garchomp\n|-boost|p2a: Garchomp|atk|2\n|\n|upkeep\n|turn|2\n|\n|t:|1701205370\n|move|p1a: Moonblast|Stun Spore|p2a: Garchomp|[miss]\n|-miss|p1a: Moonblast|p2a: Garchomp\n|move|p2a: Garchomp|Iron Head|p1a: Moonblast\n|-supereffective|p1a: Moonblast\n|-enditem|p1a: Moonblast|Focus Sash\n|-damage|p1a: Moonblast|1\/100\n|\n|upkeep\n|turn|3\n|\n|t:|1701205378\n|move|p1a: Moonblast|Stun Spore|p2a: Garchomp\n|-status|p2a: Garchomp|par\n|move|p2a: Garchomp|Iron Head|p1a: Moonblast\n|-supereffective|p1a: Moonblast\n|-damage|p1a: Moonblast|0 fnt\n|faint|p1a: Moonblast\n|\n|upkeep\n|\n|t:|1701205395\n|switch|p1a: Ice Cat|Chien-Pao|100\/100\n|-ability|p1a: Ice Cat|Sword of Ruin\n|turn|4\n|\n|t:|1701205399\n|move|p1a: Ice Cat|Sacred Sword|p2a: Garchomp\n|-supereffective|p2a: Garchomp\n|-damage|p2a: Garchomp|18\/100 par\n|-damage|p1a: Ice Cat|88\/100|[from] ability: Rough Skin|[of] p2a: Garchomp\n|cant|p2a: Garchomp|par\n|\n|upkeep\n|turn|5\n|\n|t:|1701205407\n|move|p1a: Ice Cat|Sacred Sword|p2a: Garchomp\n|-supereffective|p2a: Garchomp\n|-damage|p2a: Garchomp|0 fnt\n|-damage|p1a: Ice Cat|76\/100|[from] ability: Rough Skin|[of] p2a: Garchomp\n|faint|p2a: Garchomp\n|\n|upkeep\n|\n|t:|1701205414\n|switch|p2a: Toxapex|Toxapex, F|100\/100\n|-activate|p2a: Toxapex|move: Sticky Web\n|-unboost|p2a: Toxapex|spe|1\n|turn|6\n|\n|t:|1701205420\n|switch|p1a: Bzzzzt|Regieleki, shiny|100\/100\n|move|p2a: Toxapex|Toxic|p1a: Bzzzzt\n|-status|p1a: Bzzzzt|tox\n|\n|-damage|p1a: Bzzzzt|95\/100 tox|[from] psn\n|upkeep\n|turn|7\n|\n|t:|1701205433\n|switch|p2a: Gliscor|Gliscor, F|100\/100\n|move|p1a: Bzzzzt|Thunder Cage|p2a: Gliscor\n|-immune|p2a: Gliscor\n|\n|-damage|p1a: Bzzzzt|83\/100 tox|[from] psn\n|-status|p2a: Gliscor|tox|[from] item: Toxic Orb\n|upkeep\n|turn|8\n|\n|t:|1701205445\n|-terastallize|p1a: Bzzzzt|Ice\n|move|p1a: Bzzzzt|Tera Blast|p2a: Gliscor|[anim] Tera Blast Ice\n|-supereffective|p2a: Gliscor\n|-damage|p2a: Gliscor|0 fnt\n|faint|p2a: Gliscor\n|\n|-damage|p1a: Bzzzzt|65\/100 tox|[from] psn\n|upkeep\n|\n|t:|1701205462\n|switch|p2a: Volcarona|Volcarona, F|100\/100\n|turn|9\n|\n|t:|1701205466\n|move|p1a: Bzzzzt|Thunder Cage|p2a: Volcarona\n|-damage|p2a: Volcarona|42\/100\n|-activate|p2a: Volcarona|move: Thunder Cage|[of] p1a: Bzzzzt\n|move|p2a: Volcarona|Quiver Dance|p2a: Volcarona\n|-boost|p2a: Volcarona|spa|1\n|-boost|p2a: Volcarona|spd|1\n|-boost|p2a: Volcarona|spe|1\n|\n|-damage|p1a: Bzzzzt|41\/100 tox|[from] psn\n|-damage|p2a: Volcarona|29\/100|[from] move: Thunder Cage|[partiallytrapped]\n|upkeep\n|turn|10\n|\n|t:|1701205476\n|move|p1a: Bzzzzt|Thunder Cage|p2a: Volcarona\n|-damage|p2a: Volcarona|0 fnt\n|faint|p2a: Volcarona\n|\n|-damage|p1a: Bzzzzt|11\/100 tox|[from] psn\n|upkeep\n|\n|t:|1701205486\n|switch|p2a: Toxapex|Toxapex, F|100\/100\n|-activate|p2a: Toxapex|move: Sticky Web\n|-unboost|p2a: Toxapex|spe|1\n|turn|11\n|\n|t:|1701205491\n|switch|p1a: Cyber Lizard|Miraidon|100\/100\n|-fieldstart|move: Electric Terrain|[from] ability: Hadron Engine|[of] p1a: Cyber Lizard\n|-item|p1a: Cyber Lizard|Air Balloon\n|move|p2a: Toxapex|Baneful Bunker||[still]\n|-fail|p2a: Toxapex\n|\n|upkeep\n|turn|12\n|\n|t:|1701205498\n|move|p1a: Cyber Lizard|Calm Mind|p1a: Cyber Lizard\n|-boost|p1a: Cyber Lizard|spa|1\n|-boost|p1a: Cyber Lizard|spd|1\n|move|p2a: Toxapex|Toxic|p1a: Cyber Lizard\n|-status|p1a: Cyber Lizard|tox\n|\n|-damage|p1a: Cyber Lizard|94\/100 tox|[from] psn\n|upkeep\n|turn|13\n|\n|t:|1701205506\n|move|p1a: Cyber Lizard|Electro Drift|p2a: Toxapex\n|-supereffective|p2a: Toxapex\n|-damage|p2a: Toxapex|0 fnt\n|faint|p2a: Toxapex\n|\n|-damage|p1a: Cyber Lizard|82\/100 tox|[from] psn\n|upkeep\n|-message|Gocards7 forfeited.\n|\n|win|Anne Frankkkk\n|raw|Anne Frankkkk's rating: 1178 &rarr; <strong>1200<\/strong><br \/>(+22 for winning)\n|raw|Gocards7's rating: 1140 &rarr; <strong>1118<\/strong><br \/>(-22 for losing)\n|l|\u2606Gocards7\n","uploadtime":1701205515,"views":1,"p1id":"annefrankkkk","p2id":"gocards7","formatid":"gen9ubers","rating":1118,"private":0,"password":""}