{"id":"gen9ubers-1971303359","p1":"Anne Frankkkk","p2":"Urlocalconn","format":"[Gen 9] Ubers","log":"|j|\u2606Anne Frankkkk\n|j|\u2606Urlocalconn\n|t:|1697727958\n|gametype|singles\n|player|p1|Anne Frankkkk|hilbert|1046\n|player|p2|Urlocalconn|ethan|1145\n|teamsize|p1|6\n|teamsize|p2|6\n|gen|9\n|tier|[Gen 9] Ubers\n|rated|\n|rule|Sleep Clause Mod: Limit one foe put to sleep\n|rule|Species Clause: Limit one of each Pok\u00e9mon\n|rule|OHKO Clause: OHKO moves are banned\n|rule|Evasion Items Clause: Evasion items are banned\n|rule|Evasion Moves Clause: Evasion moves are banned\n|rule|Endless Battle Clause: Forcing endless battles is banned\n|rule|HP Percentage Mod: HP is shown in percentages\n|clearpoke\n|poke|p1|Quaquaval, M|\n|poke|p1|Kyogre|\n|poke|p1|Chien-Pao|\n|poke|p1|Donphan, F|\n|poke|p1|Miraidon|\n|poke|p1|Iron Moth|\n|poke|p2|Calyrex-Ice|\n|poke|p2|Ariados, M|\n|poke|p2|Kingambit, M|\n|poke|p2|Ursaluna-Bloodmoon, M|\n|poke|p2|Ting-Lu|\n|poke|p2|Dondozo, M|\n|teampreview\n|inactive|Battle timer is ON: inactive players will automatically lose when time's up. (requested by Anne Frankkkk)\n|\n|t:|1697727969\n|start\n|switch|p1a: Kyogre|Kyogre|100\/100\n|switch|p2a: Calyrex|Calyrex-Ice|100\/100\n|-ability|p2a: Calyrex|As One\n|-ability|p2a: Calyrex|Unnerve\n|-weather|RainDance|[from] ability: Drizzle|[of] p1a: Kyogre\n|turn|1\n|\n|t:|1697727974\n|move|p1a: Kyogre|Water Spout|p2a: Calyrex\n|-damage|p2a: Calyrex|9\/100\n|move|p2a: Calyrex|Trick Room|p2a: Calyrex\n|-fieldstart|move: Trick Room|[of] p2a: Calyrex\n|\n|-weather|RainDance|[upkeep]\n|upkeep\n|turn|2\n|\n|t:|1697727981\n|move|p2a: Calyrex|Body Press|p1a: Kyogre\n|-crit|p1a: Kyogre\n|-damage|p1a: Kyogre|41\/100\n|move|p1a: Kyogre|Water Spout|p2a: Calyrex\n|-damage|p2a: Calyrex|0 fnt\n|faint|p2a: Calyrex\n|\n|-weather|RainDance|[upkeep]\n|upkeep\n|\n|t:|1697727985\n|switch|p2a: Kingambit|Kingambit, M, shiny|100\/100\n|-activate|p2a: Kingambit|ability: Supreme Overlord\n|-start|p2a: Kingambit|fallen1|[silent]\n|turn|3\n|\n|t:|1697727989\n|move|p2a: Kingambit|Kowtow Cleave|p1a: Kyogre\n|-damage|p1a: Kyogre|0 fnt\n|faint|p1a: Kyogre\n|\n|-weather|RainDance|[upkeep]\n|upkeep\n|\n|t:|1697727996\n|switch|p1a: Donphan|Donphan, F, shiny|100\/100\n|turn|4\n|\n|t:|1697728002\n|move|p2a: Kingambit|Kowtow Cleave|p1a: Donphan\n|-damage|p1a: Donphan|57\/100\n|move|p1a: Donphan|Earthquake|p2a: Kingambit\n|-supereffective|p2a: Kingambit\n|-damage|p2a: Kingambit|23\/100\n|\n|-weather|RainDance|[upkeep]\n|-heal|p2a: Kingambit|29\/100|[from] item: Leftovers\n|upkeep\n|turn|5\n|\n|t:|1697728012\n|move|p2a: Kingambit|Kowtow Cleave|p1a: Donphan\n|-crit|p1a: Donphan\n|-damage|p1a: Donphan|0 fnt\n|faint|p1a: Donphan\n|\n|-weather|none\n|-heal|p2a: Kingambit|35\/100|[from] item: Leftovers\n|-fieldend|move: Trick Room\n|upkeep\n|\n|t:|1697728019\n|switch|p1a: Quaquaval|Quaquaval, M, shiny|100\/100\n|turn|6\n|\n|t:|1697728024\n|move|p2a: Kingambit|Sucker Punch|p1a: Quaquaval\n|-resisted|p1a: Quaquaval\n|-damage|p1a: Quaquaval|69\/100\n|move|p1a: Quaquaval|Aqua Step|p2a: Kingambit\n|-damage|p2a: Kingambit|2\/100\n|-boost|p1a: Quaquaval|spe|1\n|\n|-heal|p1a: Quaquaval|75\/100|[from] item: Leftovers\n|-heal|p2a: Kingambit|8\/100|[from] item: Leftovers\n|upkeep\n|turn|7\n|\n|t:|1697728032\n|move|p1a: Quaquaval|Aqua Step|p2a: Kingambit\n|-damage|p2a: Kingambit|0 fnt\n|-boost|p1a: Quaquaval|spe|1\n|faint|p2a: Kingambit\n|-end|p2a: Kingambit|fallen1|[silent]\n|-ability|p1a: Quaquaval|Moxie|boost\n|-boost|p1a: Quaquaval|atk|1\n|\n|-heal|p1a: Quaquaval|82\/100|[from] item: Leftovers\n|upkeep\n|\n|t:|1697728038\n|switch|p2a: Ursaluna|Ursaluna-Bloodmoon, M|100\/100\n|turn|8\n|\n|t:|1697728043\n|move|p1a: Quaquaval|Aqua Step|p2a: Ursaluna\n|-supereffective|p2a: Ursaluna\n|-damage|p2a: Ursaluna|16\/100\n|-boost|p1a: Quaquaval|spe|1\n|move|p2a: Ursaluna|Moonblast|p1a: Quaquaval\n|-supereffective|p1a: Quaquaval\n|-damage|p1a: Quaquaval|0 fnt\n|faint|p1a: Quaquaval\n|\n|-heal|p2a: Ursaluna|22\/100|[from] item: Leftovers\n|upkeep\n|\n|t:|1697728052\n|switch|p1a: Chien-Pao|Chien-Pao|100\/100\n|-ability|p1a: Chien-Pao|Sword of Ruin\n|turn|9\n|\n|t:|1697728055\n|move|p1a: Chien-Pao|Icicle Crash|p2a: Ursaluna\n|-supereffective|p2a: Ursaluna\n|-damage|p2a: Ursaluna|0 fnt\n|faint|p2a: Ursaluna\n|-damage|p1a: Chien-Pao|91\/100|[from] item: Life Orb\n|\n|upkeep\n|\n|t:|1697728058\n|switch|p2a: Ariados|Ariados, M, shiny|100\/100\n|turn|10\n|\n|t:|1697728062\n|move|p1a: Chien-Pao|Icicle Crash|p2a: Ariados\n|-damage|p2a: Ariados|7\/100\n|-damage|p1a: Chien-Pao|81\/100|[from] item: Life Orb\n|move|p2a: Ariados|Toxic|p1a: Chien-Pao\n|-status|p1a: Chien-Pao|tox\n|\n|-damage|p1a: Chien-Pao|75\/100 tox|[from] psn\n|upkeep\n|turn|11\n|\n|t:|1697728070\n|move|p1a: Chien-Pao|Ice Shard|p2a: Ariados\n|-damage|p2a: Ariados|0 fnt\n|faint|p2a: Ariados\n|-damage|p1a: Chien-Pao|65\/100 tox|[from] item: Life Orb\n|\n|-damage|p1a: Chien-Pao|53\/100 tox|[from] psn\n|upkeep\n|\n|t:|1697728072\n|switch|p2a: Ting-Lu|Ting-Lu|100\/100\n|-ability|p2a: Ting-Lu|Vessel of Ruin\n|turn|12\n|\n|t:|1697728078\n|-terastallize|p2a: Ting-Lu|Dark\n|move|p1a: Chien-Pao|Icicle Crash|p2a: Ting-Lu\n|-damage|p2a: Ting-Lu|68\/100\n|-damage|p1a: Chien-Pao|43\/100 tox|[from] item: Life Orb\n|cant|p2a: Ting-Lu|flinch\n|\n|-heal|p2a: Ting-Lu|74\/100|[from] item: Leftovers\n|-damage|p1a: Chien-Pao|25\/100 tox|[from] psn\n|upkeep\n|turn|13\n|\n|t:|1697728086\n|move|p1a: Chien-Pao|Icicle Crash|p2a: Ting-Lu\n|-damage|p2a: Ting-Lu|44\/100\n|-damage|p1a: Chien-Pao|15\/100 tox|[from] item: Life Orb\n|move|p2a: Ting-Lu|Body Press|p1a: Chien-Pao\n|-supereffective|p1a: Chien-Pao\n|-damage|p1a: Chien-Pao|0 fnt\n|faint|p1a: Chien-Pao\n|\n|-heal|p2a: Ting-Lu|51\/100|[from] item: Leftovers\n|upkeep\n|\n|t:|1697728089\n|switch|p1a: Miraidon|Miraidon|100\/100\n|-fieldstart|move: Electric Terrain|[from] ability: Hadron Engine|[of] p1a: Miraidon\n|turn|14\n|\n|t:|1697728102\n|-terastallize|p1a: Miraidon|Electric\n|move|p1a: Miraidon|Electro Drift|p2a: Ting-Lu\n|-damage|p2a: Ting-Lu|0 fnt\n|faint|p2a: Ting-Lu\n|\n|upkeep\n|\n|t:|1697728108\n|switch|p2a: Dondozo|Dondozo, M, shiny|100\/100\n|turn|15\n|\n|t:|1697728111\n|move|p1a: Miraidon|Electro Drift|p2a: Dondozo\n|-supereffective|p2a: Dondozo\n|-damage|p2a: Dondozo|0 fnt\n|faint|p2a: Dondozo\n|\n|win|Anne Frankkkk\n|raw|Anne Frankkkk's rating: 1046 &rarr; <strong>1088<\/strong><br \/>(+42 for winning)\n|raw|Urlocalconn's rating: 1145 &rarr; <strong>1113<\/strong><br \/>(-32 for losing)\n|l|\u2606Urlocalconn\n","uploadtime":1697728120,"views":8,"p1id":"annefrankkkk","p2id":"urlocalconn","formatid":"gen9ubers","rating":1088,"private":0,"password":""}