{"id":"gen9ubers-1969532676","p1":"Hadecat","p2":"Creator123","format":"[Gen 9] Ubers","log":"|j|\u2606Hadecat\n|j|\u2606Creator123\n|t:|1697544293\n|gametype|singles\n|player|p1|Hadecat|veteran|\n|player|p2|Creator123|li|\n|teamsize|p1|6\n|teamsize|p2|4\n|gen|9\n|tier|[Gen 9] Ubers\n|rule|Sleep Clause Mod: Limit one foe put to sleep\n|rule|Species Clause: Limit one of each Pok\u00e9mon\n|rule|OHKO Clause: OHKO moves are banned\n|rule|Evasion Items Clause: Evasion items are banned\n|rule|Evasion Moves Clause: Evasion moves are banned\n|rule|Endless Battle Clause: Forcing endless battles is banned\n|rule|HP Percentage Mod: HP is shown in percentages\n|clearpoke\n|poke|p1|Gliscor, M|\n|poke|p1|Slowking-Galar, M|\n|poke|p1|Haxorus, F|\n|poke|p1|Scizor, M|\n|poke|p1|Ceruledge, F|\n|poke|p1|Lilligant-Hisui, F|\n|poke|p2|Dragalge, F|\n|poke|p2|Dragonite, M|\n|poke|p2|Iron Valiant|\n|poke|p2|Jirachi|\n|teampreview\n|c|\u2606Creator123|\u0423\u0434\u0430\u0447\u0438.\n|c|\u2606Hadecat|\u0422\u0435\u0431\u0435 \u0442\u043e\u0436\n|\n|t:|1697544311\n|start\n|switch|p1a: Gliscor|Gliscor, M|100\/100\n|switch|p2a: Jirachi|Jirachi|100\/100\n|turn|1\n|\n|t:|1697544325\n|move|p2a: Jirachi|Stealth Rock|p1a: Gliscor\n|-sidestart|p1: Hadecat|move: Stealth Rock\n|move|p1a: Gliscor|Earthquake|p2a: Jirachi\n|-supereffective|p2a: Jirachi\n|-damage|p2a: Jirachi|40\/100\n|\n|-heal|p2a: Jirachi|46\/100|[from] item: Leftovers\n|-status|p1a: Gliscor|tox|[from] item: Toxic Orb\n|upkeep\n|turn|2\n|\n|t:|1697544333\n|move|p2a: Jirachi|Icy Wind|p1a: Gliscor\n|-supereffective|p1a: Gliscor\n|-damage|p1a: Gliscor|21\/100 tox\n|-unboost|p1a: Gliscor|spe|1\n|move|p1a: Gliscor|Stealth Rock|p2a: Jirachi\n|-sidestart|p2: Creator123|move: Stealth Rock\n|\n|-heal|p2a: Jirachi|53\/100|[from] item: Leftovers\n|-heal|p1a: Gliscor|33\/100 tox|[from] ability: Poison Heal\n|upkeep\n|turn|3\n|\n|t:|1697544338\n|move|p2a: Jirachi|Icy Wind|p1a: Gliscor\n|-supereffective|p1a: Gliscor\n|-damage|p1a: Gliscor|0 fnt\n|faint|p1a: Gliscor\n|\n|-heal|p2a: Jirachi|59\/100|[from] item: Leftovers\n|upkeep\n|\n|t:|1697544373\n|switch|p1a: Slowking|Slowking-Galar, M|100\/100\n|-damage|p1a: Slowking|88\/100|[from] Stealth Rock\n|turn|4\n|\n|t:|1697544393\n|switch|p1a: Haxorus|Haxorus, F|100\/100\n|-damage|p1a: Haxorus|88\/100|[from] Stealth Rock\n|-ability|p1a: Haxorus|Mold Breaker\n|move|p2a: Jirachi|Future Sight|p1a: Haxorus\n|-start|p2a: Jirachi|move: Future Sight\n|\n|-heal|p2a: Jirachi|65\/100|[from] item: Leftovers\n|upkeep\n|turn|5\n|\n|t:|1697544398\n|move|p2a: Jirachi|Icy Wind|p1a: Haxorus\n|-supereffective|p1a: Haxorus\n|-damage|p1a: Haxorus|38\/100\n|-unboost|p1a: Haxorus|spe|1\n|move|p1a: Haxorus|Dragon Dance|p1a: Haxorus\n|-boost|p1a: Haxorus|atk|1\n|-boost|p1a: Haxorus|spe|1\n|\n|-heal|p2a: Jirachi|71\/100|[from] item: Leftovers\n|upkeep\n|turn|6\n|\n|t:|1697544411\n|move|p2a: Jirachi|Icy Wind|p1a: Haxorus\n|-supereffective|p1a: Haxorus\n|-damage|p1a: Haxorus|0 fnt\n|faint|p1a: Haxorus\n|\n|-hint|Future Sight did not hit because the target is fainted.\n|-heal|p2a: Jirachi|77\/100|[from] item: Leftovers\n|upkeep\n|\n|t:|1697544421\n|switch|p1a: Ceruledge|Ceruledge, F|100\/100\n|-damage|p1a: Ceruledge|75\/100|[from] Stealth Rock\n|turn|7\n|\n|t:|1697544431\n|switch|p2a: Dragalge|Dragalge, F|100\/100\n|-damage|p2a: Dragalge|88\/100|[from] Stealth Rock\n|-item|p2a: Dragalge|Air Balloon\n|move|p1a: Ceruledge|Bitter Blade|p2a: Dragalge\n|-resisted|p2a: Dragalge\n|-damage|p2a: Dragalge|59\/100\n|-heal|p1a: Ceruledge|93\/100|[from] drain|[of] p2a: Dragalge\n|-enditem|p2a: Dragalge|Air Balloon\n|\n|upkeep\n|turn|8\n|\n|t:|1697544443\n|move|p1a: Ceruledge|Poltergeist||[still]\n|-fail|p1a: Ceruledge\n|move|p2a: Dragalge|Flip Turn|p1a: Ceruledge\n|-supereffective|p1a: Ceruledge\n|-crit|p1a: Ceruledge\n|-damage|p1a: Ceruledge|52\/100\n|-ability|p1a: Ceruledge|Weak Armor|boost\n|-unboost|p1a: Ceruledge|def|1\n|-boost|p1a: Ceruledge|spe|2\n|\n|t:|1697544478\n|switch|p2a: Dragonite|Dragonite, M|100\/100|[from] Flip Turn\n|-damage|p2a: Dragonite|75\/100|[from] Stealth Rock\n|\n|upkeep\n|turn|9\n|\n|t:|1697544492\n|move|p1a: Ceruledge|Poltergeist|p2a: Dragonite\n|-activate|p2a: Dragonite|move: Poltergeist|Lum Berry\n|-damage|p2a: Dragonite|13\/100\n|move|p2a: Dragonite|Earthquake|p1a: Ceruledge\n|-supereffective|p1a: Ceruledge\n|-damage|p1a: Ceruledge|0 fnt\n|faint|p1a: Ceruledge\n|\n|upkeep\n|\n|t:|1697544501\n|switch|p1a: Scizor|Scizor, M|100\/100\n|-damage|p1a: Scizor|88\/100|[from] Stealth Rock\n|turn|10\n|\n|t:|1697544508\n|switch|p2a: Jirachi|Jirachi|77\/100\n|-damage|p2a: Jirachi|71\/100|[from] Stealth Rock\n|move|p1a: Scizor|Bullet Punch|p2a: Jirachi\n|-resisted|p2a: Jirachi\n|-damage|p2a: Jirachi|55\/100\n|\n|-heal|p2a: Jirachi|61\/100|[from] item: Leftovers\n|-heal|p1a: Scizor|94\/100|[from] item: Leftovers\n|upkeep\n|turn|11\n|\n|t:|1697544513\n|move|p2a: Jirachi|Encore|p1a: Scizor\n|-start|p1a: Scizor|Encore\n|move|p1a: Scizor|Bullet Punch|p2a: Jirachi\n|-resisted|p2a: Jirachi\n|-damage|p2a: Jirachi|46\/100\n|\n|-heal|p2a: Jirachi|52\/100|[from] item: Leftovers\n|-heal|p1a: Scizor|99\/100|[from] item: Leftovers\n|upkeep\n|turn|12\n|\n|t:|1697544518\n|move|p1a: Scizor|Bullet Punch|p2a: Jirachi\n|-resisted|p2a: Jirachi\n|-damage|p2a: Jirachi|33\/100\n|move|p2a: Jirachi|Future Sight|p1a: Scizor\n|-start|p2a: Jirachi|move: Future Sight\n|\n|-heal|p2a: Jirachi|39\/100|[from] item: Leftovers\n|-heal|p1a: Scizor|100\/100|[from] item: Leftovers\n|upkeep\n|turn|13\n|\n|t:|1697544522\n|move|p1a: Scizor|Bullet Punch|p2a: Jirachi\n|-resisted|p2a: Jirachi\n|-damage|p2a: Jirachi|21\/100\n|move|p2a: Jirachi|Icy Wind|p1a: Scizor\n|-resisted|p1a: Scizor\n|-damage|p1a: Scizor|91\/100\n|-unboost|p1a: Scizor|spe|1\n|\n|-heal|p2a: Jirachi|27\/100|[from] item: Leftovers\n|-heal|p1a: Scizor|97\/100|[from] item: Leftovers\n|-end|p1a: Scizor|Encore\n|upkeep\n|turn|14\n|\n|t:|1697544527\n|move|p1a: Scizor|Bullet Punch|p2a: Jirachi\n|-resisted|p2a: Jirachi\n|-damage|p2a: Jirachi|10\/100\n|move|p2a: Jirachi|Encore|p1a: Scizor\n|-start|p1a: Scizor|Encore\n|\n|-end|p1a: Scizor|move: Future Sight\n|-resisted|p1a: Scizor\n|-damage|p1a: Scizor|63\/100\n|-heal|p2a: Jirachi|16\/100|[from] item: Leftovers\n|-heal|p1a: Scizor|69\/100|[from] item: Leftovers\n|upkeep\n|turn|15\n|\n|t:|1697544536\n|move|p1a: Scizor|Bullet Punch|p2a: Jirachi\n|-resisted|p2a: Jirachi\n|-damage|p2a: Jirachi|0 fnt\n|faint|p2a: Jirachi\n|\n|-heal|p1a: Scizor|75\/100|[from] item: Leftovers\n|upkeep\n|\n|t:|1697544542\n|switch|p2a: Dragalge|Dragalge, F|59\/100\n|-damage|p2a: Dragalge|46\/100|[from] Stealth Rock\n|turn|16\n|\n|t:|1697544570\n|move|p1a: Scizor|Bullet Punch|p2a: Dragalge\n|-damage|p2a: Dragalge|10\/100\n|move|p2a: Dragalge|Surf|p1a: Scizor\n|-damage|p1a: Scizor|42\/100\n|\n|-heal|p1a: Scizor|48\/100|[from] item: Leftovers\n|upkeep\n|turn|17\n|\n|t:|1697544574\n|move|p1a: Scizor|Bullet Punch|p2a: Dragalge\n|-damage|p2a: Dragalge|0 fnt\n|faint|p2a: Dragalge\n|\n|-heal|p1a: Scizor|54\/100|[from] item: Leftovers\n|-end|p1a: Scizor|Encore\n|upkeep\n|\n|t:|1697544576\n|switch|p2a: Iron Valiant|Iron Valiant|100\/100\n|-damage|p2a: Iron Valiant|94\/100|[from] Stealth Rock\n|-enditem|p2a: Iron Valiant|Booster Energy\n|-activate|p2a: Iron Valiant|ability: Quark Drive|[fromitem]\n|-start|p2a: Iron Valiant|quarkdrivespe\n|turn|18\n|\n|t:|1697544593\n|-terastallize|p2a: Iron Valiant|Water\n|move|p2a: Iron Valiant|Fire Punch|p1a: Scizor\n|-supereffective|p1a: Scizor\n|-damage|p1a: Scizor|0 fnt\n|faint|p1a: Scizor\n|\n|upkeep\n|\n|t:|1697544602\n|switch|p1a: Slowking|Slowking-Galar, M|100\/100\n|-damage|p1a: Slowking|88\/100|[from] Stealth Rock\n|turn|19\n|\n|t:|1697544606\n|move|p2a: Iron Valiant|Knock Off|p1a: Slowking\n|-supereffective|p1a: Slowking\n|-damage|p1a: Slowking|28\/100\n|-enditem|p1a: Slowking|Assault Vest|[from] move: Knock Off|[of] p2a: Iron Valiant\n|move|p1a: Slowking|Grass Knot|p2a: Iron Valiant\n|-supereffective|p2a: Iron Valiant\n|-damage|p2a: Iron Valiant|24\/100\n|\n|upkeep\n|turn|20\n|\n|t:|1697544621\n|move|p2a: Iron Valiant|Liquidation|p1a: Slowking\n|-damage|p1a: Slowking|0 fnt\n|faint|p1a: Slowking\n|\n|upkeep\n|\n|t:|1697544624\n|switch|p1a: Lilligant|Lilligant-Hisui, F|100\/100\n|-damage|p1a: Lilligant|94\/100|[from] Stealth Rock\n|turn|21\n|\n|t:|1697544647\n|-end|p2a: Iron Valiant|Quark Drive|[silent]\n|switch|p2a: Dragonite|Dragonite, M|13\/100\n|-damage|p2a: Dragonite|0 fnt|[from] Stealth Rock\n|faint|p2a: Dragonite\n|move|p1a: Lilligant|Leaf Blade|p2: Dragonite|[notarget]\n|-fail|p1a: Lilligant\n|\n|upkeep\n|\n|t:|1697544651\n|switch|p2a: Iron Valiant|Iron Valiant, tera:Water|24\/100\n|-damage|p2a: Iron Valiant|12\/100|[from] Stealth Rock\n|turn|22\n|\n|t:|1697544660\n|-terastallize|p1a: Lilligant|Fire\n|move|p2a: Iron Valiant|Spirit Break|p1a: Lilligant\n|-resisted|p1a: Lilligant\n|-damage|p1a: Lilligant|66\/100\n|-unboost|p1a: Lilligant|spa|1\n|move|p1a: Lilligant|Leaf Blade|p2a: Iron Valiant\n|-supereffective|p2a: Iron Valiant\n|-damage|p2a: Iron Valiant|0 fnt\n|faint|p2a: Iron Valiant\n|-end|p2a: Iron Valiant|Quark Drive|[silent]\n|\n|win|Hadecat\n|c|\u2606Creator123|\u0422\u044b \u043f\u0440\u043e\u0447\u0438\u0442\u0430\u043b \u0447\u0442\u043e \u044f \u0441\u0432\u0438\u0447\u043d\u0443\u0441\u044c \u0447\u0442\u043e\u0431\u044b \u0442\u0435\u0440\u0443 \u043f\u0440\u043e\u0432\u0435\u0440\u0438\u0442\u044c?\n|c|\u2606Creator123|\u0413\u0433\n|c|\u2606Hadecat|\u0433\u0433\n|c|\u2606Creator123|\u041b\u0438\u043b\u0438\u0433\u0430\u043d\u0442\u0430 \u0443\u0431\u0438\u0440\u0430\u0439 \u0437\u043d\u0430\u0447\u0438\u0442\n|c|\u2606Creator123|!\n|c|\u2606Hadecat|\u041e\u043a\n","uploadtime":1697544712,"views":24,"p1id":"hadecat","p2id":"creator123","formatid":"gen9ubers","rating":0,"private":0,"password":""}