{"id":"gen9ubers-1991521614","p1":"RedemptionDeath","p2":"Podcaster13","format":"[Gen 9] Ubers","log":"|j|\u2606RedemptionDeath\n|j|\u2606Podcaster13\n|t:|1700084614\n|gametype|singles\n|player|p1|RedemptionDeath|169|1000\n|player|p2|Podcaster13|steven|1159\n|teamsize|p1|6\n|teamsize|p2|6\n|gen|9\n|tier|[Gen 9] Ubers\n|rated|\n|rule|Sleep Clause Mod: Limit one foe put to sleep\n|rule|Species Clause: Limit one of each Pok\u00e9mon\n|rule|OHKO Clause: OHKO moves are banned\n|rule|Evasion Items Clause: Evasion items are banned\n|rule|Evasion Moves Clause: Evasion moves are banned\n|rule|Endless Battle Clause: Forcing endless battles is banned\n|rule|HP Percentage Mod: HP is shown in percentages\n|clearpoke\n|poke|p1|Chien-Pao|\n|poke|p1|Gholdengo|\n|poke|p1|Tyranitar, F|\n|poke|p1|Quaquaval, M|\n|poke|p1|Amoonguss, M|\n|poke|p1|Iron Treads|\n|poke|p2|Glimmora, F|\n|poke|p2|Avalugg, M|\n|poke|p2|Gogoat, F|\n|poke|p2|Veluza, M|\n|poke|p2|Espathra, F|\n|poke|p2|Kingambit, M|\n|teampreview\n|inactive|Battle timer is ON: inactive players will automatically lose when time's up. (requested by RedemptionDeath)\n|c|\u2606Podcaster13|Hello\n|c|\u2606RedemptionDeath|Hi\n|\n|t:|1700084636\n|start\n|switch|p1a: Iron Treads|Iron Treads|100\/100\n|switch|p2a: Glimmora|Glimmora, F|100\/100\n|turn|1\n|\n|t:|1700084643\n|move|p2a: Glimmora|Toxic Spikes|p1a: Iron Treads\n|-sidestart|p1: RedemptionDeath|move: Toxic Spikes\n|move|p1a: Iron Treads|Stealth Rock|p2a: Glimmora\n|-sidestart|p2: Podcaster13|move: Stealth Rock\n|\n|upkeep\n|turn|2\n|\n|t:|1700084650\n|move|p2a: Glimmora|Toxic Spikes|p1a: Iron Treads\n|-sidestart|p1: RedemptionDeath|move: Toxic Spikes\n|move|p1a: Iron Treads|Rapid Spin|p2a: Glimmora\n|-resisted|p2a: Glimmora\n|-damage|p2a: Glimmora|94\/100\n|-boost|p1a: Iron Treads|spe|1\n|-sideend|p1: RedemptionDeath|Toxic Spikes|[from] move: Rapid Spin|[of] p1a: Iron Treads\n|\n|upkeep\n|turn|3\n|\n|t:|1700084666\n|switch|p2a: Avalugg|Avalugg, M|100\/100\n|-damage|p2a: Avalugg|76\/100|[from] Stealth Rock\n|move|p1a: Iron Treads|Rapid Spin|p2a: Avalugg\n|-damage|p2a: Avalugg|69\/100\n|-boost|p1a: Iron Treads|spe|1\n|\n|-heal|p2a: Avalugg|75\/100|[from] item: Leftovers\n|upkeep\n|turn|4\n|inactive|RedemptionDeath has 120 seconds left.\n|\n|t:|1700084708\n|-terastallize|p2a: Avalugg|Fighting\n|move|p1a: Iron Treads|Heavy Slam|p2a: Avalugg\n|-damage|p2a: Avalugg|68\/100\n|move|p2a: Avalugg|Iron Defense|p2a: Avalugg\n|-boost|p2a: Avalugg|def|2\n|\n|-heal|p2a: Avalugg|74\/100|[from] item: Leftovers\n|upkeep\n|turn|5\n|\n|t:|1700084723\n|-end|p1a: Iron Treads|Quark Drive|[silent]\n|switch|p1a: Quaquaval|Quaquaval, M|100\/100\n|move|p2a: Avalugg|Body Press|p1a: Quaquaval\n|-damage|p1a: Quaquaval|0 fnt\n|faint|p1a: Quaquaval\n|\n|-heal|p2a: Avalugg|80\/100|[from] item: Leftovers\n|upkeep\n|c|\u2606RedemptionDeath|gg\n|c|\u2606RedemptionDeath|go fk urself already man\n|c|\u2606RedemptionDeath|this is why I need unaware\n|c|\u2606RedemptionDeath|for fucktards\n|c|\u2606Podcaster13|Damn\n|inactive|RedemptionDeath has 90 seconds left.\n|\n|t:|1700084754\n|switch|p1a: Gholdengo|Gholdengo|100\/100\n|turn|6\n|\n|t:|1700084767\n|switch|p2a: Glimmora|Glimmora, F|94\/100\n|-damage|p2a: Glimmora|81\/100|[from] Stealth Rock\n|move|p1a: Gholdengo|Make It Rain|p2a: Glimmora\n|-supereffective|p2a: Glimmora\n|-damage|p2a: Glimmora|0 fnt\n|-unboost|p1a: Gholdengo|spa|1\n|faint|p2a: Glimmora\n|\n|upkeep\n|\n|t:|1700084782\n|switch|p2a: Kingambit|Kingambit, M|100\/100\n|-damage|p2a: Kingambit|94\/100|[from] Stealth Rock\n|-activate|p2a: Kingambit|ability: Supreme Overlord\n|-start|p2a: Kingambit|fallen1|[silent]\n|turn|7\n|c|\u2606RedemptionDeath|what are you doing\n|inactive|RedemptionDeath has 90 seconds left.\n|c|\u2606Podcaster13|Beating you\n|\n|t:|1700084813\n|switch|p1a: Chien-Pao|Chien-Pao|100\/100\n|-ability|p1a: Chien-Pao|Sword of Ruin\n|move|p2a: Kingambit|Kowtow Cleave|p1a: Chien-Pao\n|-resisted|p1a: Chien-Pao\n|-damage|p1a: Chien-Pao|50\/100\n|-damage|p2a: Kingambit|84\/100|[from] item: Life Orb\n|\n|upkeep\n|turn|8\n|c|\u2606RedemptionDeath|nice fighting move!\n|inactive|RedemptionDeath has 60 seconds left.\n|\n|t:|1700084835\n|move|p1a: Chien-Pao|Sacred Sword|p2a: Kingambit\n|-supereffective|p2a: Kingambit\n|-damage|p2a: Kingambit|0 fnt\n|faint|p2a: Kingambit\n|-end|p2a: Kingambit|fallen1|[silent]\n|\n|upkeep\n|\n|t:|1700084842\n|switch|p2a: Espathra|Espathra, F|100\/100\n|-damage|p2a: Espathra|88\/100|[from] Stealth Rock\n|turn|9\n|\n|t:|1700084853\n|switch|p2a: Avalugg|Avalugg, M, tera:Fighting|80\/100\n|-damage|p2a: Avalugg|74\/100|[from] Stealth Rock\n|move|p1a: Chien-Pao|Crunch|p2a: Avalugg\n|-resisted|p2a: Avalugg\n|-damage|p2a: Avalugg|61\/100\n|\n|-heal|p2a: Avalugg|67\/100|[from] item: Leftovers\n|upkeep\n|turn|10\n|\n|t:|1700084867\n|move|p1a: Chien-Pao|Sacred Sword|p2a: Avalugg\n|-damage|p2a: Avalugg|49\/100\n|move|p2a: Avalugg|Iron Defense|p2a: Avalugg\n|-boost|p2a: Avalugg|def|2\n|\n|-heal|p2a: Avalugg|56\/100|[from] item: Leftovers\n|upkeep\n|turn|11\n|c|\u2606RedemptionDeath|f\n|c|\u2606RedemptionDeath|why does\n|c|\u2606RedemptionDeath|testraratlize saia\n|inactive|RedemptionDeath has 60 seconds left.\n|c|\u2606RedemptionDeath|stay after swapping\n|\n|t:|1700084887\n|switch|p1a: Gholdengo|Gholdengo|100\/100\n|move|p2a: Avalugg|Body Press|p1a: Gholdengo\n|-immune|p1a: Gholdengo\n|\n|-heal|p2a: Avalugg|62\/100|[from] item: Leftovers\n|upkeep\n|turn|12\n|\n|t:|1700084897\n|move|p1a: Gholdengo|Make It Rain|p2a: Avalugg\n|-damage|p2a: Avalugg|0 fnt\n|-unboost|p1a: Gholdengo|spa|1\n|faint|p2a: Avalugg\n|\n|upkeep\n|\n|t:|1700084907\n|switch|p2a: Gogoat|Gogoat, F|100\/100\n|turn|13\n|inactive|RedemptionDeath has 60 seconds left.\n|\n|t:|1700084928\n|switch|p1a: Amoonguss|Amoonguss, M|100\/100\n|move|p2a: Gogoat|Earthquake|p1a: Amoonguss\n|-damage|p1a: Amoonguss|83\/100\n|\n|-heal|p1a: Amoonguss|89\/100|[from] item: Black Sludge\n|upkeep\n|turn|14\n|\n|t:|1700084939\n|move|p2a: Gogoat|Bulk Up|p2a: Gogoat\n|-boost|p2a: Gogoat|atk|1\n|-boost|p2a: Gogoat|def|1\n|move|p1a: Amoonguss|Toxic|p2a: Gogoat\n|-status|p2a: Gogoat|tox\n|\n|-heal|p1a: Amoonguss|95\/100|[from] item: Black Sludge\n|-damage|p2a: Gogoat|94\/100 tox|[from] psn\n|upkeep\n|turn|15\n|\n|t:|1700084950\n|move|p2a: Gogoat|Earthquake|p1a: Amoonguss\n|-damage|p1a: Amoonguss|65\/100\n|move|p1a: Amoonguss|Sludge Bomb|p2a: Gogoat\n|-supereffective|p2a: Gogoat\n|-damage|p2a: Gogoat|47\/100 tox\n|\n|-heal|p1a: Amoonguss|71\/100|[from] item: Black Sludge\n|-damage|p2a: Gogoat|35\/100 tox|[from] psn\n|upkeep\n|turn|16\n|\n|t:|1700084960\n|move|p2a: Gogoat|Earthquake|p1a: Amoonguss\n|-damage|p1a: Amoonguss|43\/100\n|move|p1a: Amoonguss|Sludge Bomb|p2a: Gogoat\n|-supereffective|p2a: Gogoat\n|-damage|p2a: Gogoat|0 fnt\n|faint|p2a: Gogoat\n|\n|-heal|p1a: Amoonguss|49\/100|[from] item: Black Sludge\n|upkeep\n|\n|t:|1700084969\n|switch|p2a: Veluza|Veluza, M|100\/100\n|-damage|p2a: Veluza|88\/100|[from] Stealth Rock\n|turn|17\n|\n|t:|1700084982\n|move|p2a: Veluza|Ice Fang|p1a: Amoonguss\n|-supereffective|p1a: Amoonguss\n|-damage|p1a: Amoonguss|22\/100\n|move|p1a: Amoonguss|Synthesis|p1a: Amoonguss\n|-heal|p1a: Amoonguss|72\/100\n|\n|-heal|p1a: Amoonguss|78\/100|[from] item: Black Sludge\n|upkeep\n|turn|18\n|\n|t:|1700084990\n|move|p2a: Veluza|Psycho Cut|p1a: Amoonguss\n|-supereffective|p1a: Amoonguss\n|-damage|p1a: Amoonguss|3\/100\n|move|p1a: Amoonguss|Toxic|p2a: Veluza\n|-status|p2a: Veluza|tox\n|\n|-heal|p1a: Amoonguss|9\/100|[from] item: Black Sludge\n|-damage|p2a: Veluza|82\/100 tox|[from] psn\n|upkeep\n|turn|19\n|\n|t:|1700085000\n|move|p2a: Veluza|Ice Fang|p1a: Amoonguss\n|-supereffective|p1a: Amoonguss\n|-damage|p1a: Amoonguss|0 fnt\n|faint|p1a: Amoonguss\n|\n|-damage|p2a: Veluza|69\/100 tox|[from] psn\n|upkeep\n|\n|t:|1700085010\n|switch|p1a: Chien-Pao|Chien-Pao|50\/100\n|-ability|p1a: Chien-Pao|Sword of Ruin\n|turn|20\n|\n|t:|1700085017\n|move|p1a: Chien-Pao|Crunch|p2a: Veluza\n|-supereffective|p2a: Veluza\n|-damage|p2a: Veluza|0 fnt\n|faint|p2a: Veluza\n|\n|upkeep\n|\n|t:|1700085023\n|switch|p2a: Espathra|Espathra, F|88\/100\n|-damage|p2a: Espathra|76\/100|[from] Stealth Rock\n|turn|21\n|c|\u2606RedemptionDeath|Beating me is going well\n|\n|t:|1700085029\n|move|p2a: Espathra|Protect|p2a: Espathra\n|-singleturn|p2a: Espathra|Protect\n|move|p1a: Chien-Pao|Crunch|p2a: Espathra\n|-activate|p2a: Espathra|move: Protect\n|\n|-ability|p2a: Espathra|Speed Boost|boost\n|-boost|p2a: Espathra|spe|1\n|upkeep\n|turn|22\n|\n|t:|1700085037\n|move|p1a: Chien-Pao|Sucker Punch||[still]\n|-fail|p1a: Chien-Pao\n|move|p2a: Espathra|Calm Mind|p2a: Espathra\n|-boost|p2a: Espathra|spa|1\n|-boost|p2a: Espathra|spd|1\n|\n|-ability|p2a: Espathra|Speed Boost|boost\n|-boost|p2a: Espathra|spe|1\n|upkeep\n|turn|23\n|\n|t:|1700085048\n|move|p2a: Espathra|Protect|p2a: Espathra\n|-singleturn|p2a: Espathra|Protect\n|move|p1a: Chien-Pao|Crunch|p2a: Espathra\n|-activate|p2a: Espathra|move: Protect\n|\n|-ability|p2a: Espathra|Speed Boost|boost\n|-boost|p2a: Espathra|spe|1\n|upkeep\n|turn|24\n|\n|t:|1700085058\n|move|p2a: Espathra|Protect||[still]\n|-fail|p2a: Espathra\n|move|p1a: Chien-Pao|Crunch|p2a: Espathra\n|-supereffective|p2a: Espathra\n|-damage|p2a: Espathra|0 fnt\n|faint|p2a: Espathra\n|\n|win|RedemptionDeath\n|raw|RedemptionDeath's rating: 1000 &rarr; <strong>1057<\/strong><br \/>(+57 for winning)\n|raw|Podcaster13's rating: 1159 &rarr; <strong>1123<\/strong><br \/>(-36 for losing)\n","uploadtime":1700084729,"views":5,"p1id":"redemptiondeath","p2id":"podcaster13","formatid":"gen9ubers","rating":1057,"private":0,"password":""}