{"id":"gen9ubers-1993525155","p1":"CaioXLive12","p2":"sssssssssssssfff","format":"[Gen 9] Ubers","log":"|j|\u2606CaioXLive12\n|j|\u2606sssssssssssssfff\n|t:|1700327993\n|gametype|singles\n|player|p1|CaioXLive12|nate|1122\n|player|p2|sssssssssssssfff|emmet|1088\n|teamsize|p1|6\n|teamsize|p2|6\n|gen|9\n|tier|[Gen 9] Ubers\n|rated|\n|rule|Sleep Clause Mod: Limit one foe put to sleep\n|rule|Species Clause: Limit one of each Pok\u00e9mon\n|rule|OHKO Clause: OHKO moves are banned\n|rule|Evasion Items Clause: Evasion items are banned\n|rule|Evasion Moves Clause: Evasion moves are banned\n|rule|Endless Battle Clause: Forcing endless battles is banned\n|rule|HP Percentage Mod: HP is shown in percentages\n|clearpoke\n|poke|p1|Calyrex-Ice|\n|poke|p1|Ursaluna, F|\n|poke|p1|Magearna|\n|poke|p1|Cresselia, F|\n|poke|p1|Arceus|\n|poke|p1|Flutter Mane|\n|poke|p2|Hatterene, F|\n|poke|p2|Avalugg, M|\n|poke|p2|Electrode-Hisui|\n|poke|p2|Breloom, M|\n|poke|p2|Slowbro-Galar, M|\n|poke|p2|Garchomp, M|\n|teampreview\n|\n|t:|1700328003\n|start\n|switch|p1a: Arceus|Arceus|100\/100\n|switch|p2a: Garchomp|Garchomp, M, shiny|100\/100\n|turn|1\n|\n|t:|1700328008\n|move|p1a: Arceus|Swords Dance|p1a: Arceus\n|-boost|p1a: Arceus|atk|2\n|move|p2a: Garchomp|Swords Dance|p2a: Garchomp\n|-boost|p2a: Garchomp|atk|2\n|\n|upkeep\n|turn|2\n|\n|t:|1700328013\n|move|p1a: Arceus|Swords Dance|p1a: Arceus\n|-boost|p1a: Arceus|atk|2\n|move|p2a: Garchomp|Swords Dance|p2a: Garchomp\n|-boost|p2a: Garchomp|atk|2\n|\n|upkeep\n|turn|3\n|inactive|Battle timer is ON: inactive players will automatically lose when time's up. (requested by sssssssssssssfff)\n|\n|t:|1700328017\n|move|p1a: Arceus|Extreme Speed|p2a: Garchomp\n|-damage|p2a: Garchomp|0 fnt\n|-damage|p1a: Arceus|88\/100|[from] ability: Rough Skin|[of] p2a: Garchomp\n|-damage|p1a: Arceus|71\/100|[from] item: Rocky Helmet|[of] p2a: Garchomp\n|faint|p2a: Garchomp\n|\n|-heal|p1a: Arceus|78\/100|[from] item: Leftovers\n|upkeep\n|\n|t:|1700328024\n|switch|p2a: Electrode|Electrode-Hisui, shiny|100\/100\n|turn|4\n|\n|t:|1700328029\n|move|p1a: Arceus|Extreme Speed|p2a: Electrode\n|-damage|p2a: Electrode|0 fnt\n|-damage|p1a: Arceus|53\/100|[from] ability: Aftermath|[of] p2a: Electrode\n|faint|p2a: Electrode\n|\n|-heal|p1a: Arceus|59\/100|[from] item: Leftovers\n|upkeep\n|\n|t:|1700328035\n|switch|p2a: Slowbro|Slowbro-Galar, M, shiny|100\/100\n|turn|5\n|\n|t:|1700328040\n|move|p1a: Arceus|Extreme Speed|p2a: Slowbro\n|-damage|p2a: Slowbro|0 fnt\n|faint|p2a: Slowbro\n|\n|-heal|p1a: Arceus|65\/100|[from] item: Leftovers\n|upkeep\n|\n|t:|1700328045\n|switch|p2a: Breloom|Breloom, M, shiny|100\/100\n|turn|6\n|\n|t:|1700328049\n|move|p1a: Arceus|Extreme Speed|p2a: Breloom\n|-damage|p2a: Breloom|0 fnt\n|faint|p2a: Breloom\n|\n|-heal|p1a: Arceus|71\/100|[from] item: Leftovers\n|upkeep\n|\n|t:|1700328053\n|switch|p2a: Hatterene|Hatterene, F, shiny|100\/100\n|turn|7\n|\n|t:|1700328058\n|-terastallize|p1a: Arceus|Normal\n|move|p1a: Arceus|Extreme Speed|p2a: Hatterene\n|-damage|p2a: Hatterene|0 fnt\n|faint|p2a: Hatterene\n|\n|-heal|p1a: Arceus|77\/100|[from] item: Leftovers\n|upkeep\n|\n|t:|1700328061\n|switch|p2a: Avalugg|Avalugg, M, shiny|100\/100\n|turn|8\n|\n|t:|1700328065\n|move|p1a: Arceus|Extreme Speed|p2a: Avalugg\n|-damage|p2a: Avalugg|30\/100\n|-enditem|p2a: Avalugg|Sitrus Berry|[eat]\n|-heal|p2a: Avalugg|55\/100|[from] item: Sitrus Berry\n|move|p2a: Avalugg|Body Press|p1a: Arceus\n|-supereffective|p1a: Arceus\n|-damage|p1a: Arceus|27\/100\n|\n|-heal|p1a: Arceus|33\/100|[from] item: Leftovers\n|upkeep\n|turn|9\n|\n|t:|1700328069\n|move|p1a: Arceus|Extreme Speed|p2a: Avalugg\n|-damage|p2a: Avalugg|0 fnt\n|faint|p2a: Avalugg\n|\n|win|CaioXLive12\n|raw|CaioXLive12's rating: 1122 &rarr; <strong>1145<\/strong><br \/>(+23 for winning)\n|raw|sssssssssssssfff's rating: 1088 &rarr; <strong>1067<\/strong><br \/>(-21 for losing)\n|l|\u2606sssssssssssssfff\n","uploadtime":1700328074,"views":6,"p1id":"caioxlive12","p2id":"sssssssssssssfff","formatid":"gen9ubers","rating":1067,"private":0,"password":""}