{"id":"gen9ubers-1976161899","p1":"blookinator","p2":"TBalpha22","format":"[Gen 9] Ubers","log":"|j|\u2606blookinator\n|j|\u2606TBalpha22\n|t:|1698269229\n|gametype|singles\n|player|p1|blookinator|eusine|\n|player|p2|TBalpha22|juggler|\n|teamsize|p1|6\n|teamsize|p2|6\n|gen|9\n|tier|[Gen 9] Ubers\n|rule|Sleep Clause Mod: Limit one foe put to sleep\n|rule|Species Clause: Limit one of each Pok\u00e9mon\n|rule|OHKO Clause: OHKO moves are banned\n|rule|Evasion Items Clause: Evasion items are banned\n|rule|Evasion Moves Clause: Evasion moves are banned\n|rule|Endless Battle Clause: Forcing endless battles is banned\n|rule|HP Percentage Mod: HP is shown in percentages\n|clearpoke\n|poke|p1|Arceus-Poison|\n|poke|p1|Shaymin-Sky|\n|poke|p1|Gliscor, M|\n|poke|p1|Zamazenta-*|\n|poke|p1|Cyclizar, F|\n|poke|p1|Giratina|\n|poke|p2|Volcarona, F|\n|poke|p2|Cyclizar, F|\n|poke|p2|Masquerain, M|\n|poke|p2|Arceus-Dark|\n|poke|p2|Blissey, F|\n|poke|p2|Gliscor, M|\n|teampreview\n|\n|t:|1698269254\n|start\n|switch|p1a: Cyclizar|Cyclizar, F|100\/100\n|switch|p2a: Masquerain|Masquerain, M|100\/100\n|-ability|p2a: Masquerain|Intimidate|boost\n|-unboost|p1a: Cyclizar|atk|1\n|turn|1\n|j| Pajoomas!\n|\n|t:|1698269268\n|move|p1a: Cyclizar|Taunt|p2a: Masquerain\n|-start|p2a: Masquerain|move: Taunt\n|cant|p2a: Masquerain|move: Taunt|Tailwind\n|\n|upkeep\n|turn|2\n|\n|t:|1698269273\n|move|p1a: Cyclizar|Knock Off|p2a: Masquerain\n|-crit|p2a: Masquerain\n|-damage|p2a: Masquerain|41\/100\n|-enditem|p2a: Masquerain|Focus Sash|[from] move: Knock Off|[of] p1a: Cyclizar\n|move|p2a: Masquerain|Bug Buzz|p1a: Cyclizar\n|-damage|p1a: Cyclizar|42\/100\n|\n|upkeep\n|turn|3\n|\n|t:|1698269284\n|switch|p1a: Gliscor|Gliscor, M|100\/100\n|move|p2a: Masquerain|Bug Buzz|p1a: Gliscor\n|-resisted|p1a: Gliscor\n|-damage|p1a: Gliscor|79\/100\n|\n|-end|p2a: Masquerain|move: Taunt\n|-status|p1a: Gliscor|tox|[from] item: Toxic Orb\n|upkeep\n|turn|4\n|\n|t:|1698269301\n|switch|p2a: Gliscor|Gliscor, M|100\/100\n|move|p1a: Gliscor|U-turn|p2a: Gliscor\n|-resisted|p2a: Gliscor\n|-damage|p2a: Gliscor|92\/100\n|\n|t:|1698269317\n|switch|p1a: Cyclizar|Cyclizar, F|75\/100|[from] U-turn\n|\n|-status|p2a: Gliscor|tox|[from] item: Toxic Orb\n|upkeep\n|turn|5\n|\n|t:|1698269326\n|move|p1a: Cyclizar|Taunt|p2a: Gliscor\n|-start|p2a: Gliscor|move: Taunt\n|move|p2a: Gliscor|Knock Off|p1a: Cyclizar\n|-damage|p1a: Cyclizar|39\/100\n|-enditem|p1a: Cyclizar|Heavy-Duty Boots|[from] move: Knock Off|[of] p2a: Gliscor\n|\n|-heal|p2a: Gliscor|100\/100 tox|[from] ability: Poison Heal\n|upkeep\n|turn|6\n|\n|t:|1698269340\n|switch|p1a: Arceus|Arceus-Poison|100\/100\n|move|p2a: Gliscor|U-turn|p1a: Arceus\n|-resisted|p1a: Arceus\n|-damage|p1a: Arceus|95\/100\n|\n|t:|1698269348\n|switch|p2a: Blissey|Blissey, F|100\/100|[from] U-turn\n|\n|upkeep\n|turn|7\n|\n|t:|1698269353\n|switch|p1a: Gliscor|Gliscor, M|79\/100 tox\n|move|p2a: Blissey|Thunder Wave|p1a: Gliscor\n|-immune|p1a: Gliscor\n|\n|-heal|p1a: Gliscor|92\/100 tox|[from] ability: Poison Heal\n|upkeep\n|turn|8\n|\n|t:|1698269368\n|switch|p2a: Gliscor|Gliscor, M|100\/100 tox\n|move|p1a: Gliscor|Knock Off|p2a: Gliscor\n|-damage|p2a: Gliscor|80\/100 tox\n|-enditem|p2a: Gliscor|Toxic Orb|[from] move: Knock Off|[of] p1a: Gliscor\n|\n|-heal|p2a: Gliscor|93\/100 tox|[from] ability: Poison Heal\n|-heal|p1a: Gliscor|100\/100 tox|[from] ability: Poison Heal\n|upkeep\n|turn|9\n|\n|t:|1698269378\n|move|p2a: Gliscor|Knock Off|p1a: Gliscor\n|-damage|p1a: Gliscor|78\/100 tox\n|-enditem|p1a: Gliscor|Toxic Orb|[from] move: Knock Off|[of] p2a: Gliscor\n|move|p1a: Gliscor|U-turn|p2a: Gliscor\n|-resisted|p2a: Gliscor\n|-damage|p2a: Gliscor|84\/100 tox\n|\n|t:|1698269411\n|switch|p1a: Arceus|Arceus-Poison|95\/100|[from] U-turn\n|\n|-heal|p2a: Gliscor|96\/100 tox|[from] ability: Poison Heal\n|upkeep\n|turn|10\n|\n|t:|1698269421\n|-terastallize|p1a: Arceus|Normal\n|move|p2a: Gliscor|Earthquake|p1a: Arceus\n|-damage|p1a: Arceus|72\/100\n|move|p1a: Arceus|Cosmic Power|p1a: Arceus\n|-boost|p1a: Arceus|def|1\n|-boost|p1a: Arceus|spd|1\n|\n|-heal|p2a: Gliscor|100\/100 tox|[from] ability: Poison Heal\n|upkeep\n|turn|11\n|\n|t:|1698269428\n|move|p2a: Gliscor|Toxic|p1a: Arceus|[miss]\n|-miss|p2a: Gliscor|p1a: Arceus\n|move|p1a: Arceus|Cosmic Power|p1a: Arceus\n|-boost|p1a: Arceus|def|1\n|-boost|p1a: Arceus|spd|1\n|\n|upkeep\n|turn|12\n|\n|t:|1698269434\n|move|p2a: Gliscor|Toxic|p1a: Arceus\n|-status|p1a: Arceus|tox\n|move|p1a: Arceus|Recover|p1a: Arceus\n|-heal|p1a: Arceus|100\/100 tox\n|\n|-damage|p1a: Arceus|94\/100 tox|[from] psn\n|upkeep\n|turn|13\n|\n|t:|1698269442\n|move|p2a: Gliscor|U-turn|p1a: Arceus\n|-damage|p1a: Arceus|89\/100 tox\n|\n|t:|1698269448\n|switch|p2a: Cyclizar|Cyclizar, F|100\/100|[from] U-turn\n|move|p1a: Arceus|Swords Dance|p1a: Arceus\n|-boost|p1a: Arceus|atk|2\n|\n|-damage|p1a: Arceus|77\/100 tox|[from] psn\n|upkeep\n|turn|14\n|\n|t:|1698269458\n|move|p1a: Arceus|Extreme Speed|p2a: Cyclizar\n|-damage|p2a: Cyclizar|11\/100\n|-enditem|p2a: Cyclizar|Iapapa Berry|[eat]\n|-heal|p2a: Cyclizar|45\/100|[from] item: Iapapa Berry\n|move|p2a: Cyclizar|Shed Tail|p2a: Cyclizar\n|-fail|p2a: Cyclizar|move: Shed Tail|[weak]\n|\n|-damage|p1a: Arceus|59\/100 tox|[from] psn\n|upkeep\n|turn|15\n|\n|t:|1698269468\n|switch|p2a: Masquerain|Masquerain, M|41\/100\n|-ability|p2a: Masquerain|Intimidate|boost\n|-unboost|p1a: Arceus|atk|1\n|move|p1a: Arceus|Recover|p1a: Arceus\n|-heal|p1a: Arceus|100\/100 tox\n|\n|-damage|p1a: Arceus|76\/100 tox|[from] psn\n|upkeep\n|turn|16\n|\n|t:|1698269475\n|move|p1a: Arceus|Extreme Speed|p2a: Masquerain\n|-damage|p2a: Masquerain|0 fnt\n|faint|p2a: Masquerain\n|\n|-damage|p1a: Arceus|46\/100 tox|[from] psn\n|upkeep\n|\n|t:|1698269484\n|switch|p2a: Gliscor|Gliscor, M|100\/100 tox\n|turn|17\n|\n|t:|1698269491\n|switch|p1a: Gliscor|Gliscor, M|78\/100 tox\n|move|p2a: Gliscor|U-turn|p1a: Gliscor\n|-resisted|p1a: Gliscor\n|-damage|p1a: Gliscor|70\/100 tox\n|\n|t:|1698269494\n|switch|p2a: Cyclizar|Cyclizar, F|78\/100|[from] U-turn\n|\n|-heal|p1a: Gliscor|83\/100 tox|[from] ability: Poison Heal\n|upkeep\n|turn|18\n|\n|t:|1698269504\n|move|p2a: Cyclizar|Shed Tail|p2a: Cyclizar\n|-start|p2a: Cyclizar|Substitute|[from] move: Shed Tail\n|-damage|p2a: Cyclizar|28\/100\n|\n|t:|1698269510\n|switch|p2a: Volcarona|Volcarona, F|100\/100|[from] Shed Tail\n|move|p1a: Gliscor|U-turn|p2a: Volcarona\n|-resisted|p2a: Volcarona\n|-activate|p2a: Volcarona|move: Substitute|[damage]\n|\n|t:|1698269526\n|switch|p1a: Arceus|Arceus-Poison, tera:Normal|46\/100 tox|[from] U-turn\n|\n|-damage|p1a: Arceus|40\/100 tox|[from] psn\n|upkeep\n|turn|19\n|\n|t:|1698269532\n|move|p1a: Arceus|Recover|p1a: Arceus\n|-heal|p1a: Arceus|90\/100 tox\n|move|p2a: Volcarona|Quiver Dance|p2a: Volcarona\n|-boost|p2a: Volcarona|spa|1\n|-boost|p2a: Volcarona|spd|1\n|-boost|p2a: Volcarona|spe|1\n|\n|-damage|p1a: Arceus|78\/100 tox|[from] psn\n|upkeep\n|turn|20\n|\n|t:|1698269535\n|move|p1a: Arceus|Extreme Speed|p2a: Volcarona\n|-end|p2a: Volcarona|Substitute\n|move|p2a: Volcarona|Quiver Dance|p2a: Volcarona\n|-boost|p2a: Volcarona|spa|1\n|-boost|p2a: Volcarona|spd|1\n|-boost|p2a: Volcarona|spe|1\n|\n|-damage|p1a: Arceus|59\/100 tox|[from] psn\n|upkeep\n|turn|21\n|\n|t:|1698269551\n|move|p1a: Arceus|Extreme Speed|p2a: Volcarona\n|-damage|p2a: Volcarona|49\/100\n|move|p2a: Volcarona|Fiery Dance|p1a: Arceus\n|-damage|p1a: Arceus|6\/100 tox\n|-boost|p2a: Volcarona|spa|1\n|\n|-damage|p1a: Arceus|0 fnt|[from] psn\n|faint|p1a: Arceus\n|upkeep\n|\n|t:|1698269558\n|switch|p1a: Giratina|Giratina|100\/100\n|-ability|p1a: Giratina|Pressure\n|turn|22\n|\n|t:|1698269579\n|move|p2a: Volcarona|Bug Buzz|p1a: Giratina\n|-resisted|p1a: Giratina\n|-damage|p1a: Giratina|73\/100\n|move|p1a: Giratina|Draco Meteor|p2a: Volcarona\n|-damage|p2a: Volcarona|27\/100\n|-unboost|p1a: Giratina|spa|2\n|\n|-heal|p1a: Giratina|79\/100|[from] item: Leftovers\n|upkeep\n|turn|23\n|\n|t:|1698269588\n|move|p2a: Volcarona|Giga Drain|p1a: Giratina\n|-resisted|p1a: Giratina\n|-damage|p1a: Giratina|65\/100\n|-heal|p2a: Volcarona|38\/100|[from] drain|[of] p1a: Giratina\n|move|p1a: Giratina|Draco Meteor|p2a: Volcarona\n|-damage|p2a: Volcarona|24\/100\n|-unboost|p1a: Giratina|spa|2\n|\n|-heal|p1a: Giratina|71\/100|[from] item: Leftovers\n|upkeep\n|turn|24\n|\n|t:|1698269601\n|switch|p1a: Gliscor|Gliscor, M|83\/100 tox\n|move|p2a: Volcarona|Giga Drain|p1a: Gliscor\n|-damage|p1a: Gliscor|13\/100 tox\n|-heal|p2a: Volcarona|61\/100|[from] drain|[of] p1a: Gliscor\n|\n|-heal|p1a: Gliscor|25\/100 tox|[from] ability: Poison Heal\n|upkeep\n|turn|25\n|\n|t:|1698269616\n|move|p2a: Volcarona|Giga Drain|p1a: Gliscor\n|-damage|p1a: Gliscor|0 fnt\n|-heal|p2a: Volcarona|73\/100|[from] drain|[of] p1a: Gliscor\n|faint|p1a: Gliscor\n|\n|upkeep\n|\n|t:|1698269621\n|switch|p1a: Shaymin|Shaymin-Sky|100\/100\n|turn|26\n|\n|t:|1698269624\n|move|p2a: Volcarona|Bug Buzz|p1a: Shaymin\n|-damage|p1a: Shaymin|0 fnt\n|faint|p1a: Shaymin\n|\n|upkeep\n|\n|t:|1698269628\n|switch|p1a: Giratina|Giratina|71\/100\n|-ability|p1a: Giratina|Pressure\n|turn|27\n|\n|t:|1698269633\n|move|p2a: Volcarona|Quiver Dance|p2a: Volcarona\n|-boost|p2a: Volcarona|spa|1\n|-boost|p2a: Volcarona|spd|1\n|-boost|p2a: Volcarona|spe|1\n|move|p1a: Giratina|Hex|p2a: Volcarona\n|-damage|p2a: Volcarona|65\/100\n|\n|-heal|p1a: Giratina|77\/100|[from] item: Leftovers\n|upkeep\n|turn|28\n|\n|t:|1698269645\n|move|p2a: Volcarona|Quiver Dance|p2a: Volcarona\n|-boost|p2a: Volcarona|spa|1\n|-boost|p2a: Volcarona|spd|1\n|-boost|p2a: Volcarona|spe|1\n|move|p1a: Giratina|Draco Meteor|p2a: Volcarona\n|-damage|p2a: Volcarona|49\/100\n|-unboost|p1a: Giratina|spa|2\n|\n|-heal|p1a: Giratina|84\/100|[from] item: Leftovers\n|upkeep\n|turn|29\n|\n|t:|1698269656\n|move|p2a: Volcarona|Giga Drain|p1a: Giratina\n|-resisted|p1a: Giratina\n|-damage|p1a: Giratina|62\/100\n|-heal|p2a: Volcarona|67\/100|[from] drain|[of] p1a: Giratina\n|move|p1a: Giratina|Aura Sphere|p2a: Volcarona\n|-resisted|p2a: Volcarona\n|-damage|p2a: Volcarona|65\/100\n|\n|-heal|p1a: Giratina|68\/100|[from] item: Leftovers\n|upkeep\n|turn|30\n|\n|t:|1698269669\n|switch|p1a: Zamazenta|Zamazenta-Crowned|100\/100\n|-ability|p1a: Zamazenta|Dauntless Shield|boost\n|-boost|p1a: Zamazenta|def|1\n|move|p2a: Volcarona|Giga Drain|p1a: Zamazenta\n|-resisted|p1a: Zamazenta\n|-damage|p1a: Zamazenta|71\/100\n|-heal|p2a: Volcarona|84\/100|[from] drain|[of] p1a: Zamazenta\n|\n|upkeep\n|turn|31\n|\n|t:|1698269678\n|switch|p1a: Giratina|Giratina|68\/100\n|-ability|p1a: Giratina|Pressure\n|move|p2a: Volcarona|Fiery Dance|p1a: Giratina\n|-resisted|p1a: Giratina\n|-damage|p1a: Giratina|34\/100\n|-boost|p2a: Volcarona|spa|1\n|\n|-heal|p1a: Giratina|40\/100|[from] item: Leftovers\n|upkeep\n|turn|32\n|\n|t:|1698269685\n|move|p2a: Volcarona|Fiery Dance|p1a: Giratina\n|-resisted|p1a: Giratina\n|-damage|p1a: Giratina|6\/100\n|move|p1a: Giratina|Will-O-Wisp|p2a: Volcarona\n|-immune|p2a: Volcarona\n|\n|-heal|p1a: Giratina|12\/100|[from] item: Leftovers\n|upkeep\n|turn|33\n|\n|t:|1698269690\n|switch|p1a: Cyclizar|Cyclizar, F|73\/100\n|move|p2a: Volcarona|Giga Drain|p1a: Cyclizar\n|-resisted|p1a: Cyclizar\n|-damage|p1a: Cyclizar|0 fnt\n|-heal|p2a: Volcarona|100\/100|[from] drain|[of] p1a: Cyclizar\n|faint|p1a: Cyclizar\n|\n|upkeep\n|\n|t:|1698269694\n|switch|p1a: Giratina|Giratina|12\/100\n|-ability|p1a: Giratina|Pressure\n|turn|34\n|c|\u2606blookinator|gg\n|\n|t:|1698269711\n|move|p2a: Volcarona|Fiery Dance|p1a: Giratina\n|-resisted|p1a: Giratina\n|-damage|p1a: Giratina|0 fnt\n|faint|p1a: Giratina\n|\n|upkeep\n|-message|blookinator forfeited.\n|\n|win|TBalpha22\n|c|\u2606TBalpha22|gg\n","uploadtime":1698269726,"views":46,"p1id":"blookinator","p2id":"tbalpha22","formatid":"gen9ubers","rating":0,"private":0,"password":""}