{"id":"gen9ubers-1993126721","p1":"Wittytwiggy","p2":"spritecheat14","format":"[Gen 9] Ubers","log":"|j|\u2606Wittytwiggy\n|j|\u2606spritecheat14\n|t:|1700267910\n|gametype|singles\n|player|p1|Wittytwiggy|unknownf|\n|player|p2|spritecheat14|cilan|\n|teamsize|p1|6\n|teamsize|p2|6\n|gen|9\n|tier|[Gen 9] Ubers\n|rule|Sleep Clause Mod: Limit one foe put to sleep\n|rule|Species Clause: Limit one of each Pok\u00e9mon\n|rule|OHKO Clause: OHKO moves are banned\n|rule|Evasion Items Clause: Evasion items are banned\n|rule|Evasion Moves Clause: Evasion moves are banned\n|rule|Endless Battle Clause: Forcing endless battles is banned\n|rule|HP Percentage Mod: HP is shown in percentages\n|clearpoke\n|poke|p1|Copperajah, F|\n|poke|p1|Mimikyu, F|\n|poke|p1|Chandelure, M|\n|poke|p1|Goodra-Hisui, M|\n|poke|p1|Ursaluna-Bloodmoon, M|\n|poke|p1|Electrode-Hisui|\n|poke|p2|Appletun, F|\n|poke|p2|Flamigo, F|\n|poke|p2|Thundurus-Therian, M|\n|poke|p2|Slowking-Galar, F|\n|poke|p2|Samurott-Hisui, F|\n|poke|p2|Arcanine, M|\n|teampreview\n|c|\u2606spritecheat14|glhf\n|c|\u2606Wittytwiggy|glhf :D\n|\n|t:|1700267961\n|start\n|switch|p1a: fren shaped|Mimikyu, F|100\/100\n|switch|p2a: Samurott|Samurott-Hisui, F|100\/100\n|turn|1\n|\n|t:|1700267986\n|switch|p2a: Arcanine|Arcanine, M|100\/100\n|-ability|p2a: Arcanine|Intimidate|boost\n|-unboost|p1a: fren shaped|atk|1\n|move|p1a: fren shaped|Swords Dance|p1a: fren shaped\n|-boost|p1a: fren shaped|atk|2\n|\n|upkeep\n|turn|2\n|\n|t:|1700268009\n|move|p2a: Arcanine|Will-O-Wisp|p1a: fren shaped\n|-status|p1a: fren shaped|brn\n|move|p1a: fren shaped|Trick Room|p1a: fren shaped\n|-fieldstart|move: Trick Room|[of] p1a: fren shaped\n|\n|-damage|p1a: fren shaped|94\/100 brn|[from] brn\n|upkeep\n|turn|3\n|\n|t:|1700268037\n|move|p1a: fren shaped|Swords Dance|p1a: fren shaped\n|-boost|p1a: fren shaped|atk|2\n|move|p2a: Arcanine|Overheat|p1a: fren shaped|[miss]\n|-miss|p2a: Arcanine|p1a: fren shaped\n|\n|-damage|p1a: fren shaped|88\/100 brn|[from] brn\n|upkeep\n|turn|4\n|\n|t:|1700268069\n|move|p1a: fren shaped|Swords Dance|p1a: fren shaped\n|-boost|p1a: fren shaped|atk|2\n|move|p2a: Arcanine|Roar|p1a: fren shaped\n|drag|p1a: PURE FUCKING RAGE|Electrode-Hisui|100\/100\n|\n|upkeep\n|turn|5\n|\n|t:|1700268081\n|switch|p1a: Yankee|Chandelure, M|100\/100\n|move|p2a: Arcanine|Overheat|p1a: Yankee\n|-start|p1a: Yankee|ability: Flash Fire\n|\n|upkeep\n|turn|6\n|\n|t:|1700268096\n|switch|p2a: Samurott|Samurott-Hisui, F|100\/100\n|move|p1a: Yankee|Shadow Ball|p2a: Samurott\n|-resisted|p2a: Samurott\n|-damage|p2a: Samurott|80\/100\n|\n|-fieldend|move: Trick Room\n|upkeep\n|turn|7\n|\n|t:|1700268144\n|-end|p1a: Yankee|ability: Flash Fire|[silent]\n|switch|p1a: PURE FUCKING RAGE|Electrode-Hisui|100\/100\n|move|p2a: Samurott|Ceaseless Edge|p1a: PURE FUCKING RAGE\n|-damage|p1a: PURE FUCKING RAGE|30\/100\n|-status|p2a: Samurott|par|[from] ability: Static|[of] p1a: PURE FUCKING RAGE\n|-sidestart|p1: Wittytwiggy|Spikes\n|\n|upkeep\n|turn|8\n|\n|t:|1700268156\n|switch|p2a: Thundurus|Thundurus-Therian, M|100\/100\n|move|p1a: PURE FUCKING RAGE|Giga Drain|p2a: Thundurus\n|-resisted|p2a: Thundurus\n|-damage|p2a: Thundurus|81\/100\n|-heal|p1a: PURE FUCKING RAGE|41\/100|[from] drain|[of] p2a: Thundurus\n|\n|upkeep\n|turn|9\n|\n|t:|1700268163\n|move|p1a: PURE FUCKING RAGE|Volt Switch|p2a: Thundurus\n|-heal|p2a: Thundurus|100\/100|[from] ability: Volt Absorb|[of] p1a: PURE FUCKING RAGE\n|move|p2a: Thundurus|Volt Switch|p1a: PURE FUCKING RAGE\n|-resisted|p1a: PURE FUCKING RAGE\n|-damage|p1a: PURE FUCKING RAGE|25\/100\n|\n|t:|1700268206\n|switch|p2a: Slowking|Slowking-Galar, F|100\/100|[from] Volt Switch\n|\n|upkeep\n|turn|10\n|\n|t:|1700268211\n|move|p1a: PURE FUCKING RAGE|Volt Switch|p2a: Slowking\n|-damage|p2a: Slowking|85\/100\n|\n|t:|1700268237\n|switch|p1a: Duchess|Copperajah, F|100\/100|[from] Volt Switch\n|-damage|p1a: Duchess|88\/100|[from] Spikes\n|move|p2a: Slowking|Toxic Spikes|p1a: Duchess\n|-sidestart|p1: Wittytwiggy|move: Toxic Spikes\n|\n|upkeep\n|turn|11\n|j| HiHowAria?\n|\n|t:|1700268296\n|move|p1a: Duchess|Iron Head|p2a: Slowking\n|-damage|p2a: Slowking|1\/100\n|move|p2a: Slowking|Toxic Spikes|p1a: Duchess\n|-sidestart|p1: Wittytwiggy|move: Toxic Spikes\n|\n|upkeep\n|turn|12\n|l| HiHowAria?\n|j| HiHowAria?\n|\n|t:|1700268350\n|switch|p2a: Arcanine|Arcanine, M|100\/100\n|-ability|p2a: Arcanine|Intimidate|boost\n|-unboost|p1a: Duchess|atk|1\n|move|p1a: Duchess|Iron Head|p2a: Arcanine\n|-resisted|p2a: Arcanine\n|-damage|p2a: Arcanine|80\/100\n|\n|upkeep\n|turn|13\n|\n|t:|1700268364\n|switch|p1a: Yankee|Chandelure, M|100\/100\n|move|p2a: Arcanine|Roar|p1a: Yankee\n|drag|p1a: Umbra|Ursaluna-Bloodmoon, M|100\/100\n|-damage|p1a: Umbra|88\/100|[from] Spikes\n|-status|p1a: Umbra|tox\n|\n|-damage|p1a: Umbra|82\/100 tox|[from] psn\n|upkeep\n|turn|14\n|\n|t:|1700268376\n|switch|p2a: Appletun|Appletun, F|100\/100\n|move|p1a: Umbra|Blood Moon|p2a: Appletun\n|-activate|p2a: Appletun|ability: Ripen\n|-enditem|p2a: Appletun|Chilan Berry|[eat]\n|-enditem|p2a: Appletun|Chilan Berry|[weaken]\n|-damage|p2a: Appletun|86\/100\n|\n|-damage|p1a: Umbra|70\/100 tox|[from] psn\n|upkeep\n|turn|15\n|l| HiHowAria?\n|j| bbones150\n|\n|t:|1700268415\n|move|p1a: Umbra|Moonblast|p2a: Appletun\n|-supereffective|p2a: Appletun\n|-damage|p2a: Appletun|31\/100\n|move|p2a: Appletun|Leech Seed|p1a: Umbra\n|-start|p1a: Umbra|move: Leech Seed\n|\n|-damage|p1a: Umbra|58\/100 tox|[from] Leech Seed|[of] p2a: Appletun\n|-heal|p2a: Appletun|42\/100|[silent]\n|-damage|p1a: Umbra|40\/100 tox|[from] psn\n|upkeep\n|turn|16\n|\n|t:|1700268454\n|-terastallize|p2a: Appletun|Fairy\n|move|p1a: Umbra|Blood Moon|p2a: Appletun\n|-damage|p2a: Appletun|0 fnt\n|faint|p2a: Appletun\n|\n|-damage|p1a: Umbra|16\/100 tox|[from] psn\n|upkeep\n|c| bbones150|Goofy ah animation\n|\n|t:|1700268532\n|switch|p2a: Thundurus|Thundurus-Therian, M|100\/100\n|turn|17\n|\n|t:|1700268549\n|move|p2a: Thundurus|Grass Knot|p1a: Umbra\n|-supereffective|p1a: Umbra\n|-damage|p1a: Umbra|0 fnt\n|faint|p1a: Umbra\n|\n|upkeep\n|\n|t:|1700268558\n|switch|p1a: Sticky|Goodra-Hisui, M|100\/100\n|-damage|p1a: Sticky|88\/100|[from] Spikes\n|turn|18\n|\n|t:|1700268579\n|move|p2a: Thundurus|Volt Switch|p1a: Sticky\n|-resisted|p1a: Sticky\n|-damage|p1a: Sticky|80\/100\n|\n|t:|1700268584\n|switch|p2a: Slowking|Slowking-Galar, F|35\/100|[from] Volt Switch\n|move|p1a: Sticky|Ice Beam|p2a: Slowking\n|-damage|p2a: Slowking|16\/100\n|\n|upkeep\n|turn|19\n|\n|t:|1700268610\n|move|p1a: Sticky|Flash Cannon|p2a: Slowking\n|-damage|p2a: Slowking|0 fnt\n|faint|p2a: Slowking\n|\n|upkeep\n|\n|t:|1700268613\n|switch|p2a: Flamigo|Flamigo, F|100\/100\n|turn|20\n|\n|t:|1700268652\n|switch|p1a: Yankee|Chandelure, M|100\/100\n|move|p2a: Flamigo|Close Combat|p1a: Yankee\n|-damage|p1a: Yankee|15\/100\n|-unboost|p2a: Flamigo|def|1\n|-unboost|p2a: Flamigo|spd|1\n|-damage|p2a: Flamigo|91\/100|[from] item: Life Orb\n|\n|upkeep\n|turn|21\n|c|\u2606Wittytwiggy|did not know he could do that\n|c|\u2606Wittytwiggy|LOL\n|c|\u2606spritecheat14|hes a beast\n|\n|t:|1700268693\n|switch|p2a: Samurott|Samurott-Hisui, F|80\/100 par\n|move|p1a: Yankee|Trick Room|p1a: Yankee\n|-fieldstart|move: Trick Room|[of] p1a: Yankee\n|\n|upkeep\n|turn|22\n|\n|t:|1700268731\n|switch|p1a: Duchess|Copperajah, F|88\/100\n|-damage|p1a: Duchess|76\/100|[from] Spikes\n|move|p2a: Samurott|Flip Turn|p1a: Duchess\n|-damage|p1a: Duchess|49\/100\n|\n|t:|1700268738\n|switch|p2a: Arcanine|Arcanine, M|80\/100|[from] Flip Turn\n|-ability|p2a: Arcanine|Intimidate|boost\n|-unboost|p1a: Duchess|atk|1\n|\n|upkeep\n|turn|23\n|\n|t:|1700268766\n|-terastallize|p1a: Duchess|Fairy\n|move|p1a: Duchess|Earthquake|p2a: Arcanine\n|-supereffective|p2a: Arcanine\n|-damage|p2a: Arcanine|33\/100\n|-damage|p1a: Duchess|39\/100|[from] item: Life Orb\n|move|p2a: Arcanine|Morning Sun|p2a: Arcanine\n|-heal|p2a: Arcanine|83\/100\n|\n|upkeep\n|turn|24\n|\n|t:|1700268797\n|move|p1a: Duchess|Iron Head|p2a: Arcanine\n|-resisted|p2a: Arcanine\n|-damage|p2a: Arcanine|63\/100\n|move|p2a: Arcanine|Morning Sun|p2a: Arcanine\n|-heal|p2a: Arcanine|100\/100\n|\n|upkeep\n|turn|25\n|\n|t:|1700268822\n|switch|p1a: Yankee|Chandelure, M|15\/100\n|move|p2a: Arcanine|Morning Sun|p2a: Arcanine\n|-fail|p2a: Arcanine|heal\n|\n|-fieldend|move: Trick Room\n|upkeep\n|turn|26\n|\n|t:|1700268833\n|switch|p2a: Samurott|Samurott-Hisui, F|80\/100 par\n|move|p1a: Yankee|Trick Room|p1a: Yankee\n|-fieldstart|move: Trick Room|[of] p1a: Yankee\n|\n|upkeep\n|turn|27\n|\n|t:|1700268865\n|switch|p1a: PURE FUCKING RAGE|Electrode-Hisui|25\/100\n|-damage|p1a: PURE FUCKING RAGE|13\/100|[from] Spikes\n|-status|p1a: PURE FUCKING RAGE|tox\n|move|p2a: Samurott|Flip Turn|p1a: PURE FUCKING RAGE\n|-resisted|p1a: PURE FUCKING RAGE\n|-damage|p1a: PURE FUCKING RAGE|0 fnt\n|faint|p1a: PURE FUCKING RAGE\n|\n|t:|1700268885\n|switch|p2a: Thundurus|Thundurus-Therian, M|100\/100|[from] Flip Turn\n|\n|upkeep\n|\n|t:|1700268910\n|switch|p1a: Sticky|Goodra-Hisui, M|80\/100\n|-damage|p1a: Sticky|68\/100|[from] Spikes\n|turn|28\n|\n|t:|1700268950\n|move|p1a: Sticky|Knock Off|p2a: Thundurus\n|-damage|p2a: Thundurus|66\/100\n|-enditem|p2a: Thundurus|Expert Belt|[from] move: Knock Off|[of] p1a: Sticky\n|move|p2a: Thundurus|Hammer Arm|p1a: Sticky\n|-supereffective|p1a: Sticky\n|-damage|p1a: Sticky|22\/100\n|-unboost|p2a: Thundurus|spe|1\n|\n|upkeep\n|turn|29\n|\n|t:|1700268972\n|move|p1a: Sticky|Ice Beam|p2a: Thundurus\n|-supereffective|p2a: Thundurus\n|-damage|p2a: Thundurus|0 fnt\n|faint|p2a: Thundurus\n|\n|upkeep\n|\n|t:|1700268979\n|switch|p2a: Samurott|Samurott-Hisui, F|80\/100 par\n|turn|30\n|\n|t:|1700268985\n|move|p2a: Samurott|Flip Turn|p1a: Sticky\n|-resisted|p1a: Sticky\n|-damage|p1a: Sticky|10\/100\n|\n|t:|1700269000\n|switch|p2a: Arcanine|Arcanine, M|100\/100|[from] Flip Turn\n|-ability|p2a: Arcanine|Intimidate|boost\n|-unboost|p1a: Sticky|atk|1\n|move|p1a: Sticky|Draco Meteor|p2a: Arcanine\n|-damage|p2a: Arcanine|28\/100\n|-unboost|p1a: Sticky|spa|2\n|\n|-fieldend|move: Trick Room\n|upkeep\n|turn|31\n|\n|t:|1700269029\n|switch|p1a: Yankee|Chandelure, M|15\/100\n|move|p2a: Arcanine|Morning Sun|p2a: Arcanine\n|-heal|p2a: Arcanine|78\/100\n|\n|upkeep\n|turn|32\n|\n|t:|1700269036\n|move|p2a: Arcanine|Morning Sun|p2a: Arcanine\n|-heal|p2a: Arcanine|100\/100\n|move|p1a: Yankee|Trick Room|p1a: Yankee\n|-fieldstart|move: Trick Room|[of] p1a: Yankee\n|\n|upkeep\n|turn|33\n|\n|t:|1700269045\n|move|p1a: Yankee|Shadow Ball|p2a: Arcanine\n|-damage|p2a: Arcanine|50\/100\n|move|p2a: Arcanine|Roar|p1a: Yankee\n|drag|p1a: Duchess|Copperajah, F, tera:Fairy|39\/100\n|-damage|p1a: Duchess|27\/100|[from] Spikes\n|-status|p1a: Duchess|tox\n|\n|-damage|p1a: Duchess|21\/100 tox|[from] psn\n|upkeep\n|turn|34\n|\n|t:|1700269084\n|move|p1a: Duchess|Superpower|p2a: Arcanine\n|-damage|p2a: Arcanine|2\/100\n|-unboost|p1a: Duchess|atk|1\n|-unboost|p1a: Duchess|def|1\n|-damage|p1a: Duchess|11\/100 tox|[from] item: Life Orb\n|move|p2a: Arcanine|Morning Sun|p2a: Arcanine\n|-heal|p2a: Arcanine|51\/100\n|\n|-damage|p1a: Duchess|0 fnt|[from] psn\n|faint|p1a: Duchess\n|upkeep\n|\n|t:|1700269097\n|switch|p1a: Yankee|Chandelure, M|15\/100\n|turn|35\n|\n|t:|1700269106\n|move|p1a: Yankee|Shadow Ball|p2a: Arcanine\n|-damage|p2a: Arcanine|4\/100\n|-unboost|p2a: Arcanine|spd|1\n|move|p2a: Arcanine|Morning Sun|p2a: Arcanine\n|-heal|p2a: Arcanine|54\/100\n|\n|upkeep\n|turn|36\n|\n|t:|1700269115\n|move|p1a: Yankee|Shadow Ball|p2a: Arcanine\n|-damage|p2a: Arcanine|0 fnt\n|faint|p2a: Arcanine\n|\n|-fieldend|move: Trick Room\n|upkeep\n|\n|t:|1700269118\n|switch|p2a: Flamigo|Flamigo, F|91\/100\n|turn|37\n|\n|t:|1700269155\n|move|p2a: Flamigo|U-turn|p1a: Yankee\n|-resisted|p1a: Yankee\n|-damage|p1a: Yankee|6\/100\n|-damage|p2a: Flamigo|81\/100|[from] item: Life Orb\n|\n|t:|1700269159\n|switch|p2a: Samurott|Samurott-Hisui, F|80\/100 par|[from] U-turn\n|move|p1a: Yankee|Trick Room|p1a: Yankee\n|-fieldstart|move: Trick Room|[of] p1a: Yankee\n|\n|upkeep\n|turn|38\n|\n|t:|1700269193\n|move|p2a: Samurott|Sucker Punch|p1a: Yankee\n|-supereffective|p1a: Yankee\n|-damage|p1a: Yankee|0 fnt\n|faint|p1a: Yankee\n|\n|upkeep\n|\n|t:|1700269197\n|switch|p1a: fren shaped|Mimikyu, F|88\/100 brn\n|-damage|p1a: fren shaped|76\/100 brn|[from] Spikes\n|turn|39\n|\n|t:|1700269221\n|move|p2a: Samurott|Flip Turn|p1a: fren shaped\n|-activate|p1a: fren shaped|ability: Disguise\n|-damage|p1a: fren shaped|76\/100 brn\n|detailschange|p1a: fren shaped|Mimikyu-Busted, F\n|-damage|p1a: fren shaped|64\/100 brn|[from] pokemon: Mimikyu-Busted\n|\n|t:|1700269226\n|switch|p2a: Flamigo|Flamigo, F|81\/100|[from] Flip Turn\n|move|p1a: fren shaped|Swords Dance|p1a: fren shaped\n|-boost|p1a: fren shaped|atk|2\n|\n|-damage|p1a: fren shaped|58\/100 brn|[from] brn\n|upkeep\n|turn|40\n|\n|t:|1700269261\n|move|p1a: fren shaped|Play Rough|p2a: Flamigo\n|-supereffective|p2a: Flamigo\n|-damage|p2a: Flamigo|0 fnt\n|faint|p2a: Flamigo\n|\n|-damage|p1a: fren shaped|51\/100 brn|[from] brn\n|upkeep\n|\n|t:|1700269264\n|switch|p2a: Samurott|Samurott-Hisui, F|80\/100 par\n|turn|41\n|\n|t:|1700269269\n|move|p2a: Samurott|Sucker Punch|p1a: fren shaped\n|-damage|p1a: fren shaped|9\/100 brn\n|move|p1a: fren shaped|Play Rough|p2a: Samurott\n|-supereffective|p2a: Samurott\n|-damage|p2a: Samurott|0 fnt\n|faint|p2a: Samurott\n|\n|win|Wittytwiggy\n|c|\u2606spritecheat14|damn gg\n|c|\u2606Wittytwiggy|fucking gg dude\n|c|\u2606Wittytwiggy|that was awesome\n","uploadtime":1700269316,"views":26,"p1id":"wittytwiggy","p2id":"spritecheat14","formatid":"gen9ubers","rating":0,"private":0,"password":""}