{"id":"gen9ubers-1970409941","p1":"Bestmaindragonite","p2":"Kabunger","format":"[Gen 9] Ubers","log":"|j|\u2606Bestmaindragonite\n|j|\u2606Kabunger\n|t:|1697636632\n|gametype|singles\n|player|p1|Bestmaindragonite|lillie|\n|player|p2|Kabunger|hilda-wonderlauncher|\n|teamsize|p1|6\n|teamsize|p2|6\n|gen|9\n|tier|[Gen 9] Ubers\n|rule|Sleep Clause Mod: Limit one foe put to sleep\n|rule|Species Clause: Limit one of each Pok\u00e9mon\n|rule|OHKO Clause: OHKO moves are banned\n|rule|Evasion Items Clause: Evasion items are banned\n|rule|Evasion Moves Clause: Evasion moves are banned\n|rule|Endless Battle Clause: Forcing endless battles is banned\n|rule|HP Percentage Mod: HP is shown in percentages\n|clearpoke\n|poke|p1|Arceus-Dragon|\n|poke|p1|Magearna|\n|poke|p1|Manaphy|\n|poke|p1|Donphan, M|\n|poke|p1|Zacian-*|\n|poke|p1|Cyclizar, M|\n|poke|p2|Palafin, M|\n|poke|p2|Cyclizar, M|\n|poke|p2|Dialga|\n|poke|p2|Weezing-Galar, M|\n|poke|p2|Scream Tail|\n|poke|p2|Gastrodon-East, F|\n|teampreview\n|c|\u2606Kabunger|hi I have returned\n|inactive|Battle timer is ON: inactive players will automatically lose when time's up. (requested by Kabunger)\n|inactive|Bestmaindragonite has 270 seconds left.\n|c|\u2606Bestmaindragonite|Sorry\n|c|\u2606Kabunger|are you there?\n|inactive|Bestmaindragonite has 240 seconds left.\n|c|\u2606Kabunger|oh\n|\n|t:|1697636711\n|start\n|switch|p1a: \ud83d\udc41\ud83d\udc44\ud83d\udc41|Cyclizar, M|100\/100\n|switch|p2a: Scream Tail|Scream Tail|100\/100\n|turn|1\n|c|\u2606Kabunger|LOL\n|c|\u2606Bestmaindragonite|I was in discord\n|\n|t:|1697636728\n|move|p1a: \ud83d\udc41\ud83d\udc44\ud83d\udc41|Taunt|p2a: Scream Tail\n|-start|p2a: Scream Tail|move: Taunt\n|cant|p2a: Scream Tail|move: Taunt|Thunder Wave\n|\n|upkeep\n|turn|2\n|\n|t:|1697636733\n|move|p1a: \ud83d\udc41\ud83d\udc44\ud83d\udc41|Shed Tail|p1a: \ud83d\udc41\ud83d\udc44\ud83d\udc41\n|-start|p1a: \ud83d\udc41\ud83d\udc44\ud83d\udc41|Substitute|[from] move: Shed Tail\n|-damage|p1a: \ud83d\udc41\ud83d\udc44\ud83d\udc41|50\/100\n|-enditem|p1a: \ud83d\udc41\ud83d\udc44\ud83d\udc41|Sitrus Berry|[eat]\n|-heal|p1a: \ud83d\udc41\ud83d\udc44\ud83d\udc41|75\/100|[from] item: Sitrus Berry\n|\n|t:|1697636743\n|switch|p1a: Pitbull\ud83d\udc44\ud83d\udc76|Zacian|100\/100|[from] Shed Tail\n|-ability|p1a: Pitbull\ud83d\udc44\ud83d\udc76|Intrepid Sword|boost\n|-boost|p1a: Pitbull\ud83d\udc44\ud83d\udc76|atk|1\n|move|p2a: Scream Tail|Play Rough|p1a: Pitbull\ud83d\udc44\ud83d\udc76\n|-activate|p1a: Pitbull\ud83d\udc44\ud83d\udc76|move: Substitute|[damage]\n|\n|upkeep\n|turn|3\n|\n|t:|1697636747\n|-end|p2a: Scream Tail|Protosynthesis|[silent]\n|switch|p2a: Weezing|Weezing-Galar, M|100\/100\n|move|p1a: Pitbull\ud83d\udc44\ud83d\udc76|Iron Head|p2a: Weezing\n|-supereffective|p2a: Weezing\n|-damage|p2a: Weezing|35\/100\n|\n|-heal|p2a: Weezing|41\/100|[from] item: Leftovers\n|upkeep\n|turn|4\n|\n|t:|1697636758\n|switch|p2a: Gastrodon|Gastrodon-East, F|100\/100\n|move|p1a: Pitbull\ud83d\udc44\ud83d\udc76|Iron Head|p2a: Gastrodon\n|-resisted|p2a: Gastrodon\n|-crit|p2a: Gastrodon\n|-damage|p2a: Gastrodon|69\/100\n|\n|-heal|p2a: Gastrodon|76\/100|[from] item: Leftovers\n|upkeep\n|turn|5\n|\n|t:|1697636786\n|-terastallize|p1a: Pitbull\ud83d\udc44\ud83d\udc76|Fairy\n|move|p1a: Pitbull\ud83d\udc44\ud83d\udc76|Play Rough|p2a: Gastrodon\n|-damage|p2a: Gastrodon|0 fnt\n|faint|p2a: Gastrodon\n|\n|upkeep\n|\n|t:|1697636799\n|switch|p2a: Dialga|Dialga|100\/100\n|-ability|p2a: Dialga|Pressure\n|turn|6\n|c|\u2606Kabunger|I. just kinda forgot zacian got iron head\n|\n|t:|1697636817\n|-terastallize|p2a: Dialga|Fairy\n|move|p1a: Pitbull\ud83d\udc44\ud83d\udc76|Sacred Sword|p2a: Dialga\n|-resisted|p2a: Dialga\n|-damage|p2a: Dialga|86\/100\n|move|p2a: Dialga|Roar|p1a: Pitbull\ud83d\udc44\ud83d\udc76\n|drag|p1a: Fortnite lhama|Arceus-Dragon|100\/100\n|\n|upkeep\n|turn|7\n|inactive|Bestmaindragonite has 270 seconds left.\n|\n|t:|1697636852\n|switch|p1a: Little tusk|Donphan, M|100\/100\n|move|p2a: Dialga|Stealth Rock|p1a: Little tusk\n|-sidestart|p1: Bestmaindragonite|move: Stealth Rock\n|\n|upkeep\n|turn|8\n|\n|t:|1697636857\n|move|p2a: Dialga|Flash Cannon|p1a: Little tusk\n|-damage|p1a: Little tusk|34\/100\n|move|p1a: Little tusk|Rapid Spin|p2a: Dialga\n|-damage|p2a: Dialga|73\/100\n|-boost|p1a: Little tusk|spe|1\n|-sideend|p1: Bestmaindragonite|Stealth Rock|[from] move: Rapid Spin|[of] p1a: Little tusk\n|\n|upkeep\n|turn|9\n|\n|t:|1697636862\n|move|p2a: Dialga|Flash Cannon|p1a: Little tusk\n|-damage|p1a: Little tusk|0 fnt\n|faint|p1a: Little tusk\n|\n|upkeep\n|inactive|Bestmaindragonite has 270 seconds left.\n|\n|t:|1697636878\n|switch|p1a: \ud83d\udc41\ud83d\udc44\ud83d\udc41|Cyclizar, M|100\/100\n|turn|10\n|\n|t:|1697636882\n|move|p1a: \ud83d\udc41\ud83d\udc44\ud83d\udc41|Taunt|p2a: Dialga\n|-start|p2a: Dialga|move: Taunt\n|move|p2a: Dialga|Flash Cannon|p1a: \ud83d\udc41\ud83d\udc44\ud83d\udc41\n|-damage|p1a: \ud83d\udc41\ud83d\udc44\ud83d\udc41|32\/100\n|\n|upkeep\n|turn|11\n|\n|t:|1697636893\n|switch|p1a: Fortnite lhama|Arceus-Dragon|100\/100\n|move|p2a: Dialga|Draco Meteor|p1a: Fortnite lhama\n|-supereffective|p1a: Fortnite lhama\n|-damage|p1a: Fortnite lhama|0 fnt\n|-unboost|p2a: Dialga|spa|2\n|faint|p1a: Fortnite lhama\n|\n|upkeep\n|\n|t:|1697636897\n|switch|p1a: Pitbull\ud83d\udc44\ud83d\udc76|Zacian, tera:Fairy|100\/100\n|turn|12\n|\n|t:|1697636901\n|switch|p2a: Weezing|Weezing-Galar, M|41\/100\n|move|p1a: Pitbull\ud83d\udc44\ud83d\udc76|Iron Head|p2a: Weezing\n|-supereffective|p2a: Weezing\n|-damage|p2a: Weezing|0 fnt\n|faint|p2a: Weezing\n|\n|upkeep\n|\n|t:|1697636905\n|switch|p2a: Cyclizar|Cyclizar, M|100\/100\n|turn|13\n|\n|t:|1697636913\n|switch|p2a: Scream Tail|Scream Tail|100\/100\n|move|p1a: Pitbull\ud83d\udc44\ud83d\udc76|Play Rough|p2a: Scream Tail\n|-damage|p2a: Scream Tail|56\/100\n|\n|-heal|p2a: Scream Tail|62\/100|[from] item: Leftovers\n|upkeep\n|turn|14\n|\n|t:|1697636917\n|move|p2a: Scream Tail|Protect|p2a: Scream Tail\n|-singleturn|p2a: Scream Tail|Protect\n|move|p1a: Pitbull\ud83d\udc44\ud83d\udc76|Iron Head|p2a: Scream Tail\n|-activate|p2a: Scream Tail|move: Protect\n|\n|-heal|p2a: Scream Tail|69\/100|[from] item: Leftovers\n|upkeep\n|turn|15\n|\n|t:|1697636920\n|move|p1a: Pitbull\ud83d\udc44\ud83d\udc76|Iron Head|p2a: Scream Tail\n|-supereffective|p2a: Scream Tail\n|-damage|p2a: Scream Tail|21\/100\n|move|p2a: Scream Tail|Thunder Wave|p1a: Pitbull\ud83d\udc44\ud83d\udc76\n|-status|p1a: Pitbull\ud83d\udc44\ud83d\udc76|par\n|\n|-heal|p2a: Scream Tail|28\/100|[from] item: Leftovers\n|upkeep\n|turn|16\n|\n|t:|1697636926\n|move|p2a: Scream Tail|Wish|p2a: Scream Tail\n|move|p1a: Pitbull\ud83d\udc44\ud83d\udc76|Play Rough|p2a: Scream Tail\n|-damage|p2a: Scream Tail|0 fnt\n|faint|p2a: Scream Tail\n|-end|p2a: Scream Tail|Protosynthesis|[silent]\n|\n|upkeep\n|\n|t:|1697636929\n|switch|p2a: Dialga|Dialga, tera:Fairy|73\/100\n|-ability|p2a: Dialga|Pressure\n|turn|17\n|\n|t:|1697636932\n|move|p2a: Dialga|Flash Cannon|p1a: Pitbull\ud83d\udc44\ud83d\udc76\n|-supereffective|p1a: Pitbull\ud83d\udc44\ud83d\udc76\n|-damage|p1a: Pitbull\ud83d\udc44\ud83d\udc76|15\/100 par\n|cant|p1a: Pitbull\ud83d\udc44\ud83d\udc76|par\n|\n|-heal|p2a: Dialga|100\/100|[from] move: Wish|[wisher] Scream Tail\n|upkeep\n|turn|18\n|\n|t:|1697636940\n|switch|p1a: Manaphy|Manaphy|100\/100\n|move|p2a: Dialga|Stealth Rock|p1a: Manaphy\n|-sidestart|p1: Bestmaindragonite|move: Stealth Rock\n|\n|upkeep\n|turn|19\n|\n|t:|1697636945\n|move|p1a: Manaphy|Surf|p2a: Dialga\n|-damage|p2a: Dialga|62\/100\n|move|p2a: Dialga|Roar|p1a: Manaphy\n|drag|p1a: \ud83d\udc41\ud83d\udc44\ud83d\udc41|Cyclizar, M|65\/100\n|-damage|p1a: \ud83d\udc41\ud83d\udc44\ud83d\udc41|53\/100|[from] Stealth Rock\n|\n|upkeep\n|turn|20\n|\n|t:|1697636955\n|move|p1a: \ud83d\udc41\ud83d\udc44\ud83d\udc41|Shed Tail|p1a: \ud83d\udc41\ud83d\udc44\ud83d\udc41\n|-start|p1a: \ud83d\udc41\ud83d\udc44\ud83d\udc41|Substitute|[from] move: Shed Tail\n|-damage|p1a: \ud83d\udc41\ud83d\udc44\ud83d\udc41|3\/100\n|\n|t:|1697636967\n|switch|p1a: Manaphy|Manaphy|100\/100|[from] Shed Tail\n|-damage|p1a: Manaphy|88\/100|[from] Stealth Rock\n|move|p2a: Dialga|Flash Cannon|p1a: Manaphy\n|-resisted|p1a: Manaphy\n|-activate|p1a: Manaphy|move: Substitute|[damage]\n|\n|upkeep\n|turn|21\n|\n|t:|1697636970\n|move|p1a: Manaphy|Surf|p2a: Dialga\n|-damage|p2a: Dialga|22\/100\n|move|p2a: Dialga|Roar|p1a: Manaphy\n|drag|p1a: Pitbull\ud83d\udc44\ud83d\udc76|Zacian, tera:Fairy|15\/100 par\n|-damage|p1a: Pitbull\ud83d\udc44\ud83d\udc76|3\/100 par|[from] Stealth Rock\n|\n|upkeep\n|turn|22\n|\n|t:|1697636976\n|switch|p2a: Cyclizar|Cyclizar, M|100\/100\n|move|p1a: Pitbull\ud83d\udc44\ud83d\udc76|Iron Head|p2a: Cyclizar\n|-damage|p2a: Cyclizar|61\/100\n|\n|upkeep\n|turn|23\n|\n|t:|1697636986\n|move|p2a: Cyclizar|Rapid Spin|p1a: Pitbull\ud83d\udc44\ud83d\udc76\n|-damage|p1a: Pitbull\ud83d\udc44\ud83d\udc76|0 fnt\n|-boost|p2a: Cyclizar|spe|1\n|faint|p1a: Pitbull\ud83d\udc44\ud83d\udc76\n|\n|upkeep\n|\n|t:|1697636998\n|switch|p1a: \ud83d\udc41\ud83d\udc44\ud83d\udc41|Cyclizar, M|36\/100\n|-damage|p1a: \ud83d\udc41\ud83d\udc44\ud83d\udc41|24\/100|[from] Stealth Rock\n|turn|24\n|\n|t:|1697637010\n|switch|p1a: Manaphy|Manaphy|88\/100\n|-damage|p1a: Manaphy|76\/100|[from] Stealth Rock\n|move|p2a: Cyclizar|Rapid Spin|p1a: Manaphy\n|-damage|p1a: Manaphy|58\/100\n|-boost|p2a: Cyclizar|spe|1\n|\n|upkeep\n|turn|25\n|\n|t:|1697637016\n|move|p2a: Cyclizar|Taunt|p1a: Manaphy\n|-start|p1a: Manaphy|move: Taunt\n|move|p1a: Manaphy|Surf|p2a: Cyclizar\n|-resisted|p2a: Cyclizar\n|-damage|p2a: Cyclizar|28\/100\n|\n|upkeep\n|turn|26\n|\n|t:|1697637022\n|move|p2a: Cyclizar|Knock Off|p1a: Manaphy\n|-crit|p1a: Manaphy\n|-damage|p1a: Manaphy|25\/100\n|-enditem|p1a: Manaphy|Focus Sash|[from] move: Knock Off|[of] p2a: Cyclizar\n|move|p1a: Manaphy|Surf|p2a: Cyclizar\n|-resisted|p2a: Cyclizar\n|-damage|p2a: Cyclizar|0 fnt\n|faint|p2a: Cyclizar\n|\n|upkeep\n|\n|t:|1697637027\n|switch|p2a: Palafin|Palafin, M|100\/100\n|turn|27\n|\n|t:|1697637043\n|switch|p1a: \ud83d\udc41\ud83d\udc44\ud83d\udc41|Cyclizar, M|57\/100\n|-damage|p1a: \ud83d\udc41\ud83d\udc44\ud83d\udc41|45\/100|[from] Stealth Rock\n|move|p2a: Palafin|Wave Crash|p1a: \ud83d\udc41\ud83d\udc44\ud83d\udc41\n|-resisted|p1a: \ud83d\udc41\ud83d\udc44\ud83d\udc41\n|-damage|p1a: \ud83d\udc41\ud83d\udc44\ud83d\udc41|8\/100\n|-damage|p2a: Palafin|90\/100|[from] Recoil\n|\n|upkeep\n|turn|28\n|\n|t:|1697637048\n|move|p2a: Palafin|Jet Punch|p1a: \ud83d\udc41\ud83d\udc44\ud83d\udc41\n|-resisted|p1a: \ud83d\udc41\ud83d\udc44\ud83d\udc41\n|-damage|p1a: \ud83d\udc41\ud83d\udc44\ud83d\udc41|0 fnt\n|faint|p1a: \ud83d\udc41\ud83d\udc44\ud83d\udc41\n|\n|upkeep\n|\n|t:|1697637051\n|switch|p1a: Heal ball|Magearna|100\/100\n|-damage|p1a: Heal ball|94\/100|[from] Stealth Rock\n|turn|29\n|\n|t:|1697637056\n|detailschange|p2a: Palafin|Palafin-Hero, M\n|switch|p2a: Dialga|Dialga, tera:Fairy|22\/100\n|-ability|p2a: Dialga|Pressure\n|move|p1a: Heal ball|Calm Mind|p1a: Heal ball\n|-boost|p1a: Heal ball|spa|1\n|-boost|p1a: Heal ball|spd|1\n|\n|-heal|p1a: Heal ball|100\/100|[from] item: Leftovers\n|upkeep\n|turn|30\n|\n|t:|1697637062\n|move|p2a: Dialga|Flash Cannon|p1a: Heal ball\n|-damage|p1a: Heal ball|72\/100\n|-unboost|p1a: Heal ball|spd|1\n|move|p1a: Heal ball|Draining Kiss|p2a: Dialga\n|-damage|p2a: Dialga|0 fnt\n|-heal|p1a: Heal ball|89\/100|[from] drain|[of] p2a: Dialga\n|faint|p2a: Dialga\n|-ability|p1a: Heal ball|Soul-Heart|boost\n|-boost|p1a: Heal ball|spa|1\n|\n|-heal|p1a: Heal ball|95\/100|[from] item: Leftovers\n|upkeep\n|\n|t:|1697637068\n|switch|p2a: Palafin|Palafin-Hero, M|90\/100\n|-activate|p2a: Palafin|ability: Zero to Hero\n|turn|31\n|\n|t:|1697637075\n|move|p2a: Palafin|Wave Crash|p1a: Heal ball\n|-damage|p1a: Heal ball|19\/100\n|-damage|p2a: Palafin|66\/100|[from] Recoil\n|move|p1a: Heal ball|Iron Defense|p1a: Heal ball\n|-boost|p1a: Heal ball|def|2\n|\n|-heal|p1a: Heal ball|25\/100|[from] item: Leftovers\n|upkeep\n|turn|32\n|\n|t:|1697637079\n|move|p2a: Palafin|Wave Crash|p1a: Heal ball\n|-damage|p1a: Heal ball|0 fnt\n|faint|p1a: Heal ball\n|-damage|p2a: Palafin|58\/100|[from] Recoil\n|\n|upkeep\n|c|\u2606Bestmaindragonite|gg\n|c|\u2606Kabunger|gg\n|\n|t:|1697637090\n|switch|p1a: Manaphy|Manaphy|25\/100\n|-damage|p1a: Manaphy|13\/100|[from] Stealth Rock\n|turn|33\n|\n|t:|1697637093\n|move|p2a: Palafin|Jet Punch|p1a: Manaphy\n|-resisted|p1a: Manaphy\n|-damage|p1a: Manaphy|0 fnt\n|faint|p1a: Manaphy\n|\n|win|Kabunger\n|l|\u2606Bestmaindragonite\n|j|\u2606Bestmaindragonite\n|player|p1|Bestmaindragonite|lillie\n|l|\u2606Kabunger\n","uploadtime":1697637111,"views":12,"p1id":"bestmaindragonite","p2id":"kabunger","formatid":"gen9ubers","rating":0,"private":0,"password":""}