{"id":"gen9ubers-1997892641","p1":"superiax","p2":"qwerman234","format":"[Gen 9] Ubers","log":"|j|\u2606superiax\n|j|\u2606qwerman234\n|t:|1700864430\n|gametype|singles\n|player|p1|superiax|whitney|1194\n|player|p2|qwerman234|gambler|1301\n|teamsize|p1|6\n|teamsize|p2|6\n|gen|9\n|tier|[Gen 9] Ubers\n|rated|\n|rule|Sleep Clause Mod: Limit one foe put to sleep\n|rule|Species Clause: Limit one of each Pok\u00e9mon\n|rule|OHKO Clause: OHKO moves are banned\n|rule|Evasion Items Clause: Evasion items are banned\n|rule|Evasion Moves Clause: Evasion moves are banned\n|rule|Endless Battle Clause: Forcing endless battles is banned\n|rule|HP Percentage Mod: HP is shown in percentages\n|clearpoke\n|poke|p1|Kyogre|\n|poke|p1|Qwilfish-Hisui, F|\n|poke|p1|Arceus-Fairy|\n|poke|p1|Iron Treads|\n|poke|p1|Giratina-Origin|\n|poke|p1|Palafin, M|\n|poke|p2|Arceus|\n|poke|p2|Cyclizar, F|\n|poke|p2|Maushold-Four|\n|poke|p2|Zoroark-Hisui, F|\n|poke|p2|Ditto|\n|poke|p2|Ursaluna-Bloodmoon, M|\n|teampreview\n|inactive|Battle timer is ON: inactive players will automatically lose when time's up. (requested by qwerman234)\n|\n|t:|1700864447\n|start\n|switch|p1a: Free Willy|Kyogre, shiny|100\/100\n|switch|p2a: toyota corolla|Cyclizar, F|100\/100\n|-weather|RainDance|[from] ability: Drizzle|[of] p1a: Free Willy\n|turn|1\n|\n|t:|1700864453\n|move|p2a: toyota corolla|Shed Tail|p2a: toyota corolla\n|-start|p2a: toyota corolla|Substitute|[from] move: Shed Tail\n|-damage|p2a: toyota corolla|50\/100\n|\n|t:|1700864458\n|switch|p2a: family of 4|Maushold-Four|100\/100|[from] Shed Tail\n|move|p1a: Free Willy|Thunder Wave||[still]\n|-fail|p1a: Free Willy\n|\n|-weather|RainDance|[upkeep]\n|upkeep\n|turn|2\n|\n|t:|1700864469\n|switch|p1a: Jeepers Creepers|Giratina-Origin|100\/100\n|move|p2a: family of 4|Population Bomb|p1a: Jeepers Creepers\n|-immune|p1a: Jeepers Creepers\n|\n|-weather|RainDance|[upkeep]\n|upkeep\n|turn|3\n|\n|t:|1700864476\n|move|p2a: family of 4|Bite|p1a: Jeepers Creepers\n|-supereffective|p1a: Jeepers Creepers\n|-damage|p1a: Jeepers Creepers|72\/100\n|move|p1a: Jeepers Creepers|Dragon Tail|p2a: family of 4\n|-end|p2a: family of 4|Substitute\n|\n|-weather|RainDance|[upkeep]\n|upkeep\n|turn|4\n|\n|t:|1700864484\n|move|p2a: family of 4|Bite|p1a: Jeepers Creepers\n|-supereffective|p1a: Jeepers Creepers\n|-damage|p1a: Jeepers Creepers|45\/100\n|move|p1a: Jeepers Creepers|Will-O-Wisp|p2a: family of 4\n|-status|p2a: family of 4|brn\n|\n|-weather|RainDance|[upkeep]\n|-damage|p2a: family of 4|94\/100 brn|[from] brn\n|upkeep\n|turn|5\n|\n|t:|1700864496\n|switch|p1a: Finding Nemo|Qwilfish-Hisui, F|100\/100\n|move|p2a: family of 4|Bite|p1a: Finding Nemo\n|-resisted|p1a: Finding Nemo\n|-damage|p1a: Finding Nemo|96\/100\n|\n|-weather|RainDance|[upkeep]\n|-damage|p2a: family of 4|88\/100 brn|[from] brn\n|upkeep\n|turn|6\n|\n|t:|1700864505\n|move|p1a: Finding Nemo|Spikes|p2a: family of 4\n|-sidestart|p2: qwerman234|Spikes\n|move|p2a: family of 4|Population Bomb|p1a: Finding Nemo\n|-damage|p1a: Finding Nemo|90\/100\n|-damage|p1a: Finding Nemo|85\/100\n|-damage|p1a: Finding Nemo|79\/100\n|-damage|p1a: Finding Nemo|74\/100\n|-damage|p1a: Finding Nemo|70\/100\n|-damage|p1a: Finding Nemo|65\/100\n|-damage|p1a: Finding Nemo|60\/100\n|-damage|p1a: Finding Nemo|55\/100\n|-damage|p1a: Finding Nemo|50\/100\n|-damage|p1a: Finding Nemo|45\/100\n|-hitcount|p1a: Finding Nemo|10\n|\n|-weather|RainDance|[upkeep]\n|-damage|p2a: family of 4|82\/100 brn|[from] brn\n|upkeep\n|turn|7\n|\n|t:|1700864524\n|-terastallize|p1a: Finding Nemo|Ghost\n|move|p1a: Finding Nemo|Toxic Spikes|p2a: family of 4\n|-sidestart|p2: qwerman234|move: Toxic Spikes\n|move|p2a: family of 4|Tidy Up|p2a: family of 4\n|-sideend|p2: qwerman234|Spikes\n|-sideend|p2: qwerman234|Toxic Spikes\n|-activate|p2a: family of 4|move: Tidy Up\n|-boost|p2a: family of 4|atk|1\n|-boost|p2a: family of 4|spe|1\n|\n|-weather|RainDance|[upkeep]\n|-damage|p2a: family of 4|76\/100 brn|[from] brn\n|upkeep\n|turn|8\n|\n|t:|1700864538\n|move|p2a: family of 4|Bite|p1a: Finding Nemo\n|-supereffective|p1a: Finding Nemo\n|-damage|p1a: Finding Nemo|14\/100\n|cant|p1a: Finding Nemo|flinch\n|\n|-weather|none\n|-damage|p2a: family of 4|69\/100 brn|[from] brn\n|upkeep\n|turn|9\n|\n|t:|1700864553\n|move|p2a: family of 4|Bite|p1a: Finding Nemo\n|-supereffective|p1a: Finding Nemo\n|-damage|p1a: Finding Nemo|0 fnt\n|faint|p1a: Finding Nemo\n|\n|-damage|p2a: family of 4|63\/100 brn|[from] brn\n|upkeep\n|\n|t:|1700864559\n|switch|p1a: Superman|Palafin, M, shiny|100\/100\n|turn|10\n|\n|t:|1700864562\n|detailschange|p1a: Superman|Palafin-Hero, M, shiny\n|switch|p1a: Jeepers Creepers|Giratina-Origin|45\/100\n|move|p2a: family of 4|Population Bomb|p1a: Jeepers Creepers\n|-immune|p1a: Jeepers Creepers\n|\n|-damage|p2a: family of 4|57\/100 brn|[from] brn\n|upkeep\n|turn|11\n|\n|t:|1700864572\n|move|p2a: family of 4|Bite|p1a: Jeepers Creepers\n|-supereffective|p1a: Jeepers Creepers\n|-damage|p1a: Jeepers Creepers|24\/100\n|move|p1a: Jeepers Creepers|Dragon Tail|p2a: family of 4\n|-damage|p2a: family of 4|2\/100 brn\n|drag|p2a: God of llamas|Arceus|100\/100\n|\n|upkeep\n|turn|12\n|\n|t:|1700864579\n|move|p2a: God of llamas|Earthquake|p1a: Jeepers Creepers\n|-immune|p1a: Jeepers Creepers|[from] ability: Levitate\n|move|p1a: Jeepers Creepers|Will-O-Wisp|p2a: God of llamas\n|-status|p2a: God of llamas|brn\n|\n|-damage|p2a: God of llamas|94\/100 brn|[from] brn\n|upkeep\n|turn|13\n|\n|t:|1700864587\n|move|p2a: God of llamas|Zen Headbutt|p1a: Jeepers Creepers\n|-damage|p1a: Jeepers Creepers|15\/100\n|move|p1a: Jeepers Creepers|Dragon Tail|p2a: God of llamas\n|-damage|p2a: God of llamas|68\/100 brn\n|drag|p2a: family of 4|Maushold-Four|2\/100 brn\n|\n|-damage|p2a: family of 4|0 fnt|[from] brn\n|faint|p2a: family of 4\n|upkeep\n|\n|t:|1700864601\n|switch|p2a: toyota corolla|Cyclizar, F|83\/100\n|turn|14\n|\n|t:|1700864607\n|move|p2a: toyota corolla|Draco Meteor|p1a: Jeepers Creepers\n|-supereffective|p1a: Jeepers Creepers\n|-damage|p1a: Jeepers Creepers|0 fnt\n|-unboost|p2a: toyota corolla|spa|2\n|faint|p1a: Jeepers Creepers\n|\n|upkeep\n|\n|t:|1700864614\n|switch|p1a: Barbie|Arceus-Fairy, shiny|100\/100\n|turn|15\n|\n|t:|1700864620\n|switch|p2a: God of llamas|Arceus|68\/100 brn\n|move|p1a: Barbie|Judgment|p2a: God of llamas\n|-damage|p2a: God of llamas|38\/100 brn\n|\n|-heal|p2a: God of llamas|44\/100 brn|[from] item: Leftovers\n|-damage|p2a: God of llamas|38\/100 brn|[from] brn\n|upkeep\n|turn|16\n|\n|t:|1700864635\n|move|p1a: Barbie|Judgment|p2a: God of llamas\n|-damage|p2a: God of llamas|9\/100 brn\n|move|p2a: God of llamas|Swords Dance|p2a: God of llamas\n|-boost|p2a: God of llamas|atk|2\n|\n|-heal|p2a: God of llamas|15\/100 brn|[from] item: Leftovers\n|-damage|p2a: God of llamas|9\/100 brn|[from] brn\n|upkeep\n|turn|17\n|\n|t:|1700864647\n|-terastallize|p2a: God of llamas|Normal\n|move|p2a: God of llamas|Extreme Speed|p1a: Barbie\n|-damage|p1a: Barbie|70\/100\n|move|p1a: Barbie|Iron Defense|p1a: Barbie\n|-boost|p1a: Barbie|def|2\n|\n|-heal|p2a: God of llamas|15\/100 brn|[from] item: Leftovers\n|-damage|p2a: God of llamas|9\/100 brn|[from] brn\n|upkeep\n|turn|18\n|\n|t:|1700864657\n|move|p2a: God of llamas|Extreme Speed|p1a: Barbie\n|-damage|p1a: Barbie|54\/100\n|move|p1a: Barbie|Judgment|p2a: God of llamas\n|-damage|p2a: God of llamas|0 fnt\n|faint|p2a: God of llamas\n|\n|upkeep\n|\n|t:|1700864663\n|switch|p2a: toyota corolla|Cyclizar, F|100\/100\n|turn|19\n|\n|t:|1700864670\n|switch|p1a: Free Willy|Kyogre, shiny|100\/100\n|-weather|RainDance|[from] ability: Drizzle|[of] p1a: Free Willy\n|move|p2a: toyota corolla|Shadow Ball|p1a: Free Willy\n|-damage|p1a: Free Willy|63\/100\n|\n|-weather|RainDance|[upkeep]\n|upkeep\n|turn|20\n|\n|t:|1700864678\n|move|p2a: toyota corolla|Shadow Ball|p1a: Free Willy\n|-damage|p1a: Free Willy|25\/100\n|move|p1a: Free Willy|Thunder Wave|p2a: toyota corolla\n|-status|p2a: toyota corolla|par\n|\n|-weather|RainDance|[upkeep]\n|upkeep\n|turn|21\n|\n|t:|1700864687\n|move|p1a: Free Willy|Origin Pulse|p2a: toyota corolla\n|-damage|p2a: toyota corolla|0 fnt\n|replace|p2a: Bamboozled|Zoroark-Hisui, F\n|-end|p2a: Bamboozled|Illusion\n|faint|p2a: Bamboozled\n|\n|-weather|RainDance|[upkeep]\n|upkeep\n|\n|t:|1700864691\n|switch|p2a: yoink|Ditto, shiny|100\/100\n|-transform|p2a: yoink|p1a: Free Willy|[from] ability: Imposter\n|turn|22\n|\n|t:|1700864698\n|move|p2a: yoink|Origin Pulse|p1a: Free Willy|[miss]\n|-miss|p2a: yoink|p1a: Free Willy\n|move|p1a: Free Willy|Thunder Wave|p2a: yoink\n|-status|p2a: yoink|par\n|\n|-weather|RainDance|[upkeep]\n|upkeep\n|turn|23\n|-message|qwerman234 forfeited.\n|\n|win|superiax\n|raw|superiax's rating: 1194 &rarr; <strong>1226<\/strong><br \/>(+32 for winning)\n|raw|qwerman234's rating: 1301 &rarr; <strong>1275<\/strong><br \/>(-26 for losing)\n|l|\u2606qwerman234\n","uploadtime":1700864716,"views":1,"p1id":"superiax","p2id":"qwerman234","formatid":"gen9ubers","rating":1226,"private":0,"password":""}