{"id":"gen9ubers-1988244358","p1":"RUMYMOME","p2":"Steven Stone 007","format":"[Gen 9] Ubers","log":"|j|\u2606RUMYMOME\n|j|\u2606Steven Stone 007\n|inactive|Battle timer is ON: inactive players will automatically lose when time's up.\n|t:|1699693150\n|gametype|singles\n|player|p1|RUMYMOME|marshal|\n|player|p2|Steven Stone 007|steven|\n|teamsize|p1|6\n|teamsize|p2|6\n|gen|9\n|tier|[Gen 9] Ubers\n|rated|Tournament battle\n|rule|Sleep Clause Mod: Limit one foe put to sleep\n|rule|Species Clause: Limit one of each Pok\u00e9mon\n|rule|OHKO Clause: OHKO moves are banned\n|rule|Evasion Items Clause: Evasion items are banned\n|rule|Evasion Moves Clause: Evasion moves are banned\n|rule|Endless Battle Clause: Forcing endless battles is banned\n|rule|HP Percentage Mod: HP is shown in percentages\n|clearpoke\n|poke|p1|Walking Wake|\n|poke|p1|Flutter Mane|\n|poke|p1|Roaring Moon|\n|poke|p1|Chien-Pao|\n|poke|p1|Torkoal, F|\n|poke|p1|Chi-Yu|\n|poke|p2|Urshifu-*, M|\n|poke|p2|Toxapex, F|\n|poke|p2|Annihilape, F|\n|poke|p2|Mewtwo|\n|poke|p2|Great Tusk|\n|poke|p2|Cresselia, F|\n|teampreview\n|j|*Lady Monita \u263d\n|c|\u2606Steven Stone 007|GL\n|c|\u2606Steven Stone 007|weather team\n|c|\u2606Steven Stone 007|i hate u\n|\n|t:|1699693178\n|start\n|switch|p1a: Chien-Pao|Chien-Pao|100\/100\n|switch|p2a: Mewtwo|Mewtwo|100\/100\n|-ability|p1a: Chien-Pao|Sword of Ruin\n|-ability|p2a: Mewtwo|Pressure\n|turn|1\n|\n|t:|1699693185\n|switch|p2a: Toxapex|Toxapex, F|100\/100\n|move|p1a: Chien-Pao|Crunch|p2a: Toxapex\n|-damage|p2a: Toxapex|70\/100\n|-damage|p1a: Chien-Pao|84\/100|[from] item: Rocky Helmet|[of] p2a: Toxapex\n|\n|upkeep\n|turn|2\n|\n|t:|1699693197\n|switch|p1a: Roaring Moon|Roaring Moon|100\/100\n|move|p2a: Toxapex|Toxic|p1a: Roaring Moon\n|-status|p1a: Roaring Moon|tox\n|\n|-damage|p1a: Roaring Moon|95\/100 tox|[from] psn\n|upkeep\n|turn|3\n|\n|t:|1699693202\n|move|p1a: Roaring Moon|Dragon Dance|p1a: Roaring Moon\n|-boost|p1a: Roaring Moon|atk|1\n|-boost|p1a: Roaring Moon|spe|1\n|move|p2a: Toxapex|Chilling Water|p1a: Roaring Moon\n|-resisted|p1a: Roaring Moon\n|-damage|p1a: Roaring Moon|90\/100 tox\n|-unboost|p1a: Roaring Moon|atk|1\n|\n|-damage|p1a: Roaring Moon|78\/100 tox|[from] psn\n|upkeep\n|turn|4\n|\n|t:|1699693211\n|move|p1a: Roaring Moon|Earthquake|p2a: Toxapex\n|-supereffective|p2a: Toxapex\n|-damage|p2a: Toxapex|26\/100\n|move|p2a: Toxapex|Chilling Water|p1a: Roaring Moon\n|-resisted|p1a: Roaring Moon\n|-damage|p1a: Roaring Moon|73\/100 tox\n|-unboost|p1a: Roaring Moon|atk|1\n|\n|-damage|p1a: Roaring Moon|55\/100 tox|[from] psn\n|upkeep\n|turn|5\n|\n|t:|1699693218\n|switch|p2a: Annihilape|Annihilape, F|100\/100\n|move|p1a: Roaring Moon|Scale Shot|p2a: Annihilape\n|-damage|p2a: Annihilape|91\/100\n|-damage|p2a: Annihilape|83\/100\n|-damage|p2a: Annihilape|73\/100\n|-damage|p2a: Annihilape|64\/100\n|-damage|p2a: Annihilape|54\/100\n|-hitcount|p2a: Annihilape|5\n|-unboost|p1a: Roaring Moon|def|1\n|-boost|p1a: Roaring Moon|spe|1\n|\n|-heal|p2a: Annihilape|61\/100|[from] item: Leftovers\n|-damage|p1a: Roaring Moon|31\/100 tox|[from] psn\n|upkeep\n|turn|6\n|\n|t:|1699693235\n|move|p1a: Roaring Moon|Iron Head|p2a: Annihilape\n|-damage|p2a: Annihilape|40\/100\n|cant|p2a: Annihilape|flinch\n|\n|-heal|p2a: Annihilape|46\/100|[from] item: Leftovers\n|-damage|p1a: Roaring Moon|1\/100 tox|[from] psn\n|upkeep\n|turn|7\n|\n|t:|1699693239\n|switch|p2a: Toxapex|Toxapex, F|59\/100\n|move|p1a: Roaring Moon|Scale Shot|p2a: Toxapex\n|-damage|p2a: Toxapex|54\/100\n|-damage|p2a: Toxapex|49\/100\n|-damage|p2a: Toxapex|43\/100\n|-damage|p2a: Toxapex|38\/100\n|-hitcount|p2a: Toxapex|4\n|-unboost|p1a: Roaring Moon|def|1\n|-boost|p1a: Roaring Moon|spe|1\n|\n|-damage|p1a: Roaring Moon|0 fnt|[from] psn\n|faint|p1a: Roaring Moon\n|-end|p1a: Roaring Moon|Protosynthesis|[silent]\n|upkeep\n|\n|t:|1699693244\n|switch|p1a: Chi-Yu|Chi-Yu|100\/100\n|-ability|p1a: Chi-Yu|Beads of Ruin\n|turn|8\n|\n|t:|1699693249\n|move|p1a: Chi-Yu|Psychic|p2a: Toxapex\n|-supereffective|p2a: Toxapex\n|-damage|p2a: Toxapex|0 fnt\n|faint|p2a: Toxapex\n|\n|upkeep\n|\n|t:|1699693253\n|switch|p2a: Urshifu|Urshifu, M|100\/100\n|turn|9\n|\n|t:|1699693262\n|switch|p1a: Flutter Mane|Flutter Mane|100\/100\n|move|p2a: Urshifu|Close Combat|p1a: Flutter Mane\n|-immune|p1a: Flutter Mane\n|\n|upkeep\n|turn|10\n|\n|t:|1699693270\n|switch|p2a: Cresselia|Cresselia, F|100\/100\n|move|p1a: Flutter Mane|Moonblast|p2a: Cresselia\n|-damage|p2a: Cresselia|69\/100\n|\n|upkeep\n|turn|11\n|\n|t:|1699693274\n|move|p1a: Flutter Mane|Shadow Ball|p2a: Cresselia\n|-supereffective|p2a: Cresselia\n|-damage|p2a: Cresselia|19\/100\n|move|p2a: Cresselia|Calm Mind|p2a: Cresselia\n|-boost|p2a: Cresselia|spa|1\n|-boost|p2a: Cresselia|spd|1\n|\n|upkeep\n|turn|12\n|\n|t:|1699693278\n|move|p1a: Flutter Mane|Shadow Ball|p2a: Cresselia\n|-supereffective|p2a: Cresselia\n|-damage|p2a: Cresselia|0 fnt\n|faint|p2a: Cresselia\n|\n|upkeep\n|\n|t:|1699693280\n|switch|p2a: Urshifu|Urshifu, M|100\/100\n|turn|13\n|\n|t:|1699693285\n|-terastallize|p2a: Urshifu|Dark\n|move|p2a: Urshifu|Wicked Blow|p1a: Flutter Mane\n|-crit|p1a: Flutter Mane\n|-enditem|p1a: Flutter Mane|Focus Sash\n|-damage|p1a: Flutter Mane|1\/100\n|move|p1a: Flutter Mane|Moonblast|p2a: Urshifu\n|-supereffective|p2a: Urshifu\n|-damage|p2a: Urshifu|0 fnt\n|faint|p2a: Urshifu\n|\n|upkeep\n|\n|t:|1699693290\n|switch|p2a: Mewtwo|Mewtwo|100\/100\n|-ability|p2a: Mewtwo|Pressure\n|turn|14\n|\n|t:|1699693293\n|move|p1a: Flutter Mane|Shadow Ball|p2a: Mewtwo\n|-supereffective|p2a: Mewtwo\n|-damage|p2a: Mewtwo|12\/100\n|-unboost|p2a: Mewtwo|spd|1\n|move|p2a: Mewtwo|Ice Beam|p1a: Flutter Mane\n|-crit|p1a: Flutter Mane\n|-damage|p1a: Flutter Mane|0 fnt\n|faint|p1a: Flutter Mane\n|-end|p1a: Flutter Mane|Protosynthesis|[silent]\n|\n|upkeep\n|c|\u2606Steven Stone 007|GG\n|\n|t:|1699693306\n|switch|p1a: Chien-Pao|Chien-Pao|84\/100\n|-ability|p1a: Chien-Pao|Sword of Ruin\n|turn|15\n|\n|t:|1699693311\n|move|p1a: Chien-Pao|Crunch|p2a: Mewtwo\n|-supereffective|p2a: Mewtwo\n|-damage|p2a: Mewtwo|0 fnt\n|faint|p2a: Mewtwo\n|\n|upkeep\n|\n|t:|1699693314\n|switch|p2a: Great Tusk|Great Tusk|100\/100\n|turn|16\n|\n|t:|1699693316\n|move|p1a: Chien-Pao|Icicle Crash|p2a: Great Tusk\n|-supereffective|p2a: Great Tusk\n|-damage|p2a: Great Tusk|45\/100\n|move|p2a: Great Tusk|Stealth Rock|p1a: Chien-Pao\n|-sidestart|p1: RUMYMOME|move: Stealth Rock\n|\n|-heal|p2a: Great Tusk|51\/100|[from] item: Leftovers\n|upkeep\n|turn|17\n|\n|t:|1699693319\n|move|p1a: Chien-Pao|Icicle Crash|p2a: Great Tusk|[miss]\n|-miss|p1a: Chien-Pao|p2a: Great Tusk\n|move|p2a: Great Tusk|Rapid Spin|p1a: Chien-Pao\n|-damage|p1a: Chien-Pao|65\/100\n|-boost|p2a: Great Tusk|spe|1\n|\n|-heal|p2a: Great Tusk|58\/100|[from] item: Leftovers\n|upkeep\n|turn|18\n|\n|t:|1699693323\n|move|p1a: Chien-Pao|Icicle Crash|p2a: Great Tusk\n|-supereffective|p2a: Great Tusk\n|-damage|p2a: Great Tusk|7\/100\n|move|p2a: Great Tusk|Earthquake|p1a: Chien-Pao\n|-damage|p1a: Chien-Pao|8\/100\n|\n|-heal|p2a: Great Tusk|14\/100|[from] item: Leftovers\n|upkeep\n|turn|19\n|\n|t:|1699693326\n|move|p1a: Chien-Pao|Sucker Punch|p2a: Great Tusk\n|-resisted|p2a: Great Tusk\n|-damage|p2a: Great Tusk|3\/100\n|move|p2a: Great Tusk|Earthquake|p1a: Chien-Pao\n|-damage|p1a: Chien-Pao|0 fnt\n|faint|p1a: Chien-Pao\n|\n|-heal|p2a: Great Tusk|9\/100|[from] item: Leftovers\n|upkeep\n|\n|t:|1699693329\n|switch|p1a: Torkoal|Torkoal, F|100\/100\n|-damage|p1a: Torkoal|76\/100|[from] Stealth Rock\n|-weather|SunnyDay|[from] ability: Drought|[of] p1a: Torkoal\n|-activate|p2a: Great Tusk|ability: Protosynthesis\n|-start|p2a: Great Tusk|protosynthesisdef\n|turn|20\n|\n|t:|1699693333\n|-terastallize|p1a: Torkoal|Grass\n|move|p2a: Great Tusk|Earthquake|p1a: Torkoal\n|-resisted|p1a: Torkoal\n|-damage|p1a: Torkoal|60\/100\n|move|p1a: Torkoal|Rapid Spin|p2a: Great Tusk\n|-damage|p2a: Great Tusk|5\/100\n|-boost|p1a: Torkoal|spe|1\n|-sideend|p1: RUMYMOME|Stealth Rock|[from] move: Rapid Spin|[of] p1a: Torkoal\n|\n|-weather|SunnyDay|[upkeep]\n|-heal|p2a: Great Tusk|12\/100|[from] item: Leftovers\n|upkeep\n|turn|21\n|\n|t:|1699693336\n|move|p2a: Great Tusk|Stealth Rock|p1a: Torkoal\n|-sidestart|p1: RUMYMOME|move: Stealth Rock\n|move|p1a: Torkoal|Solar Beam||[still]\n|-prepare|p1a: Torkoal|Solar Beam\n|-anim|p1a: Torkoal|Solar Beam|p2a: Great Tusk\n|-supereffective|p2a: Great Tusk\n|-damage|p2a: Great Tusk|0 fnt\n|faint|p2a: Great Tusk\n|-end|p2a: Great Tusk|Protosynthesis|[silent]\n|\n|-weather|SunnyDay|[upkeep]\n|upkeep\n|\n|t:|1699693340\n|switch|p2a: Annihilape|Annihilape, F|46\/100\n|turn|22\n|\n|t:|1699693344\n|move|p2a: Annihilape|Bulk Up|p2a: Annihilape\n|-boost|p2a: Annihilape|atk|1\n|-boost|p2a: Annihilape|def|1\n|move|p1a: Torkoal|Fire Blast|p2a: Annihilape\n|-damage|p2a: Annihilape|0 fnt\n|faint|p2a: Annihilape\n|\n|win|RUMYMOME\n|n|\u2606RUMYMOME|rumymome\n|n|\u2606Steven Stone 007|stevenstone007\n|n|*Lady Monita \u263d|ladymonita\n","uploadtime":1699693345,"views":8,"p1id":"rumymome","p2id":"stevenstone007","formatid":"gen9ubers","rating":0,"private":0,"password":""}