{"id":"gen9ubers-1991220055","p1":"Inarinokamen","p2":"BagMan187","format":"[Gen 9] Ubers","log":"|j|\u2606Inarinokamen\n|j|\u2606BagMan187\n|t:|1700058449\n|gametype|singles\n|player|p1|Inarinokamen|red-masters2|\n|player|p2|BagMan187|ash-kalos|\n|teamsize|p1|6\n|teamsize|p2|6\n|gen|9\n|tier|[Gen 9] Ubers\n|rule|Sleep Clause Mod: Limit one foe put to sleep\n|rule|Species Clause: Limit one of each Pok\u00e9mon\n|rule|OHKO Clause: OHKO moves are banned\n|rule|Evasion Items Clause: Evasion items are banned\n|rule|Evasion Moves Clause: Evasion moves are banned\n|rule|Endless Battle Clause: Forcing endless battles is banned\n|rule|HP Percentage Mod: HP is shown in percentages\n|clearpoke\n|poke|p1|Infernape, M|\n|poke|p1|Slowking-Galar, M|\n|poke|p1|Zoroark-Hisui, M|\n|poke|p1|Lurantis, M|\n|poke|p1|Uxie|\n|poke|p1|Shaymin|\n|poke|p2|Greninja-*, M|\n|poke|p2|Slowking-Galar, F|\n|poke|p2|Blissey, F|\n|poke|p2|Talonflame, M|\n|poke|p2|Salazzle, F|\n|poke|p2|Zoroark-Hisui, M|\n|teampreview\n|inactive|Battle timer is ON: inactive players will automatically lose when time's up. (requested by Inarinokamen)\n|inactive|BagMan187 also wants the timer to be on.\n|\n|t:|1700058461\n|start\n|switch|p1a: Uxie|Uxie|100\/100\n|switch|p2a: Greninja|Greninja, M, shiny|100\/100\n|turn|1\n|\n|t:|1700058471\n|move|p1a: Uxie|Knock Off|p2a: Greninja\n|-supereffective|p2a: Greninja\n|-damage|p2a: Greninja|0 fnt\n|replace|p2a: Zoroark|Zoroark-Hisui, M\n|-end|p2a: Zoroark|Illusion\n|-enditem|p2a: Zoroark|Choice Band|[from] move: Knock Off|[of] p1a: Uxie\n|faint|p2a: Zoroark\n|\n|upkeep\n|c|\u2606BagMan187|oh\n|c|\u2606Inarinokamen|BITCH\n|c|\u2606Inarinokamen|FUCK YOUR ZOROARK\n|c|\u2606Inarinokamen|RAHHH\n|\n|t:|1700058485\n|switch|p2a: Greninja|Greninja, M, shiny|100\/100\n|turn|2\n|c|\u2606Inarinokamen|speed tie probably\n|\n|t:|1700058494\n|switch|p1a: Shaymin|Shaymin|100\/100\n|move|p2a: Greninja|U-turn|p1a: Shaymin\n|-start|p2a: Greninja|typechange|Bug|[from] ability: Protean\n|-supereffective|p1a: Shaymin\n|-damage|p1a: Shaymin|33\/100\n|c|\u2606BagMan187|max speed yeah\n|\n|t:|1700058502\n|switch|p2a: Salazzle|Salazzle, F|100\/100|[from] U-turn\n|\n|-heal|p1a: Shaymin|39\/100|[from] item: Leftovers\n|upkeep\n|turn|3\n|\n|t:|1700058507\n|move|p2a: Salazzle|Substitute|p2a: Salazzle\n|-start|p2a: Salazzle|Substitute\n|-damage|p2a: Salazzle|76\/100\n|move|p1a: Shaymin|Earth Power|p2a: Salazzle\n|-supereffective|p2a: Salazzle\n|-end|p2a: Salazzle|Substitute\n|\n|-heal|p2a: Salazzle|82\/100|[from] item: Black Sludge\n|-heal|p1a: Shaymin|45\/100|[from] item: Leftovers\n|upkeep\n|turn|4\n|\n|t:|1700058510\n|switch|p2a: Talonflame|Talonflame, M|100\/100\n|move|p1a: Shaymin|Earth Power|p2a: Talonflame\n|-immune|p2a: Talonflame\n|\n|-heal|p1a: Shaymin|51\/100|[from] item: Leftovers\n|upkeep\n|turn|5\n|\n|t:|1700058513\n|move|p2a: Talonflame|Flamethrower|p1a: Shaymin\n|-supereffective|p1a: Shaymin\n|-damage|p1a: Shaymin|11\/100\n|move|p1a: Shaymin|Leech Seed|p2a: Talonflame\n|-start|p2a: Talonflame|move: Leech Seed\n|\n|-heal|p1a: Shaymin|17\/100|[from] item: Leftovers\n|-damage|p2a: Talonflame|88\/100|[from] Leech Seed|[of] p1a: Shaymin\n|-heal|p1a: Shaymin|30\/100|[silent]\n|upkeep\n|turn|6\n|\n|t:|1700058521\n|switch|p2a: Greninja|Greninja, M, shiny|100\/100\n|switch|p1a: Slowking|Slowking-Galar, M|100\/100\n|\n|upkeep\n|turn|7\n|\n|t:|1700058526\n|move|p2a: Greninja|U-turn|p1a: Slowking\n|-start|p2a: Greninja|typechange|Bug|[from] ability: Protean\n|-damage|p1a: Slowking|64\/100\n|\n|t:|1700058529\n|switch|p2a: Salazzle|Salazzle, F|82\/100|[from] U-turn\n|move|p1a: Slowking|Chilly Reception|p1a: Slowking\n|-weather|Snow\n|\n|t:|1700058543\n|switch|p1a: Uxie|Uxie|100\/100|[from] Chilly Reception\n|\n|-weather|Snow|[upkeep]\n|-heal|p2a: Salazzle|88\/100|[from] item: Black Sludge\n|upkeep\n|turn|8\n|\n|t:|1700058549\n|move|p2a: Salazzle|Toxic|p1a: Uxie\n|-status|p1a: Uxie|tox\n|move|p1a: Uxie|Stealth Rock|p2a: Salazzle\n|-sidestart|p2: BagMan187|move: Stealth Rock\n|\n|-weather|Snow|[upkeep]\n|-heal|p2a: Salazzle|94\/100|[from] item: Black Sludge\n|-damage|p1a: Uxie|94\/100 tox|[from] psn\n|upkeep\n|turn|9\n|\n|t:|1700058563\n|move|p2a: Salazzle|Substitute|p2a: Salazzle\n|-start|p2a: Salazzle|Substitute\n|-damage|p2a: Salazzle|70\/100\n|move|p1a: Uxie|Shadow Ball|p2a: Salazzle\n|-activate|p2a: Salazzle|move: Substitute|[damage]\n|\n|-weather|Snow|[upkeep]\n|-heal|p2a: Salazzle|76\/100|[from] item: Black Sludge\n|-heal|p1a: Uxie|100\/100 tox|[from] item: Leftovers\n|-damage|p1a: Uxie|88\/100 tox|[from] psn\n|upkeep\n|turn|10\n|\n|t:|1700058570\n|move|p2a: Salazzle|Knock Off|p1a: Uxie\n|-supereffective|p1a: Uxie\n|-damage|p1a: Uxie|68\/100 tox\n|-enditem|p1a: Uxie|Leftovers|[from] move: Knock Off|[of] p2a: Salazzle\n|move|p1a: Uxie|Mystical Power|p2a: Salazzle\n|-supereffective|p2a: Salazzle\n|-end|p2a: Salazzle|Substitute\n|-boost|p1a: Uxie|spa|1\n|\n|-weather|Snow|[upkeep]\n|-heal|p2a: Salazzle|82\/100|[from] item: Black Sludge\n|-damage|p1a: Uxie|49\/100 tox|[from] psn\n|upkeep\n|turn|11\n|\n|t:|1700058574\n|move|p2a: Salazzle|Substitute|p2a: Salazzle\n|-start|p2a: Salazzle|Substitute\n|-damage|p2a: Salazzle|57\/100\n|move|p1a: Uxie|Mystical Power|p2a: Salazzle\n|-supereffective|p2a: Salazzle\n|-end|p2a: Salazzle|Substitute\n|-boost|p1a: Uxie|spa|1\n|\n|-weather|none\n|-heal|p2a: Salazzle|63\/100|[from] item: Black Sludge\n|-damage|p1a: Uxie|24\/100 tox|[from] psn\n|upkeep\n|turn|12\n|\n|t:|1700058604\n|move|p2a: Salazzle|Substitute|p2a: Salazzle\n|-start|p2a: Salazzle|Substitute\n|-damage|p2a: Salazzle|39\/100\n|move|p1a: Uxie|Mystical Power|p2a: Salazzle\n|-supereffective|p2a: Salazzle\n|-end|p2a: Salazzle|Substitute\n|-boost|p1a: Uxie|spa|1\n|\n|-heal|p2a: Salazzle|45\/100|[from] item: Black Sludge\n|-damage|p1a: Uxie|0 fnt|[from] psn\n|faint|p1a: Uxie\n|upkeep\n|\n|t:|1700058609\n|switch|p1a: Infernape|Infernape, M|100\/100\n|turn|13\n|\n|t:|1700058613\n|move|p1a: Infernape|Flare Blitz|p2a: Salazzle\n|-resisted|p2a: Salazzle\n|-damage|p2a: Salazzle|0 fnt\n|faint|p2a: Salazzle\n|-damage|p1a: Infernape|83\/100|[from] Recoil\n|\n|upkeep\n|c|\u2606BagMan187|i was reading zoro lmao\n|inactive|BagMan187 has 270 seconds left.\n|\n|t:|1700058639\n|switch|p2a: Talonflame|Talonflame, M|88\/100\n|turn|14\n|\n|t:|1700058646\n|switch|p1a: Slowking|Slowking-Galar, M|97\/100\n|move|p2a: Talonflame|Defog|p1a: Slowking\n|-unboost|p1a: Slowking|evasion|1\n|-sideend|p2: BagMan187|Stealth Rock|[from] move: Defog|[of] p2a: Talonflame\n|\n|-heal|p1a: Slowking|100\/100|[from] item: Leftovers\n|upkeep\n|turn|15\n|\n|t:|1700058655\n|switch|p2a: Blissey|Blissey, F|100\/100\n|move|p1a: Slowking|Toxic|p2a: Blissey\n|-status|p2a: Blissey|tox\n|\n|-damage|p2a: Blissey|94\/100 tox|[from] psn\n|upkeep\n|turn|16\n|\n|t:|1700058658\n|move|p2a: Blissey|Stealth Rock|p1a: Slowking\n|-sidestart|p1: Inarinokamen|move: Stealth Rock\n|move|p1a: Slowking|Chilly Reception|p1a: Slowking\n|-weather|Snow\n|\n|t:|1700058660\n|switch|p1a: Lurantis|Lurantis, M, shiny|100\/100|[from] Chilly Reception\n|-damage|p1a: Lurantis|88\/100|[from] Stealth Rock\n|\n|-weather|Snow|[upkeep]\n|-heal|p2a: Blissey|100\/100 tox|[from] item: Leftovers\n|-heal|p1a: Lurantis|94\/100|[from] item: Leftovers\n|-damage|p2a: Blissey|88\/100 tox|[from] psn\n|upkeep\n|turn|17\n|\n|t:|1700058667\n|-curestatus|p2a: Blissey|tox|[from] ability: Natural Cure\n|switch|p2a: Slowking|Slowking-Galar, F|100\/100\n|move|p1a: Lurantis|Leaf Storm|p2a: Slowking\n|-resisted|p2a: Slowking\n|-damage|p2a: Slowking|83\/100\n|-boost|p1a: Lurantis|spa|2\n|\n|-weather|Snow|[upkeep]\n|-heal|p1a: Lurantis|100\/100|[from] item: Leftovers\n|upkeep\n|turn|18\n|\n|t:|1700058673\n|move|p1a: Lurantis|Leaf Storm|p2a: Slowking\n|-resisted|p2a: Slowking\n|-damage|p2a: Slowking|45\/100\n|-boost|p1a: Lurantis|spa|2\n|move|p2a: Slowking|Toxic|p1a: Lurantis\n|-status|p1a: Lurantis|tox\n|\n|-weather|Snow|[upkeep]\n|-damage|p1a: Lurantis|94\/100 tox|[from] psn\n|upkeep\n|turn|19\n|\n|t:|1700058677\n|switch|p2a: Blissey|Blissey, F|88\/100\n|move|p1a: Lurantis|Leaf Storm|p2a: Blissey\n|-damage|p2a: Blissey|38\/100\n|-boost|p1a: Lurantis|spa|2\n|\n|-weather|Snow|[upkeep]\n|-heal|p2a: Blissey|44\/100|[from] item: Leftovers\n|-heal|p1a: Lurantis|100\/100 tox|[from] item: Leftovers\n|-damage|p1a: Lurantis|88\/100 tox|[from] psn\n|upkeep\n|turn|20\n|\n|t:|1700058683\n|move|p2a: Blissey|Soft-Boiled|p2a: Blissey\n|-heal|p2a: Blissey|94\/100\n|move|p1a: Lurantis|Leaf Storm|p2a: Blissey\n|-damage|p2a: Blissey|33\/100\n|\n|-weather|none\n|-heal|p2a: Blissey|39\/100|[from] item: Leftovers\n|-heal|p1a: Lurantis|94\/100 tox|[from] item: Leftovers\n|-damage|p1a: Lurantis|76\/100 tox|[from] psn\n|upkeep\n|turn|21\n|\n|t:|1700058689\n|move|p2a: Blissey|Soft-Boiled|p2a: Blissey\n|-heal|p2a: Blissey|89\/100\n|move|p1a: Lurantis|Defog|p2a: Blissey\n|-unboost|p2a: Blissey|evasion|1\n|-sideend|p1: Inarinokamen|Stealth Rock|[from] move: Defog|[of] p1a: Lurantis\n|\n|-heal|p2a: Blissey|95\/100|[from] item: Leftovers\n|-heal|p1a: Lurantis|82\/100 tox|[from] item: Leftovers\n|-damage|p1a: Lurantis|58\/100 tox|[from] psn\n|upkeep\n|turn|22\n|\n|t:|1700058694\n|move|p2a: Blissey|Soft-Boiled|p2a: Blissey\n|-heal|p2a: Blissey|100\/100\n|move|p1a: Lurantis|Giga Drain|p2a: Blissey\n|-damage|p2a: Blissey|60\/100\n|-heal|p1a: Lurantis|100\/100 tox|[from] drain|[of] p2a: Blissey\n|\n|-heal|p2a: Blissey|67\/100|[from] item: Leftovers\n|-damage|p1a: Lurantis|70\/100 tox|[from] psn\n|upkeep\n|turn|23\n|\n|t:|1700058700\n|move|p2a: Blissey|Soft-Boiled|p2a: Blissey\n|-heal|p2a: Blissey|100\/100\n|move|p1a: Lurantis|Giga Drain|p2a: Blissey\n|-damage|p2a: Blissey|60\/100\n|-heal|p1a: Lurantis|100\/100 tox|[from] drain|[of] p2a: Blissey\n|\n|-heal|p2a: Blissey|66\/100|[from] item: Leftovers\n|-damage|p1a: Lurantis|64\/100 tox|[from] psn\n|upkeep\n|turn|24\n|\n|t:|1700058710\n|switch|p1a: Shaymin|Shaymin|30\/100\n|move|p2a: Blissey|Seismic Toss|p1a: Shaymin\n|-damage|p1a: Shaymin|2\/100\n|\n|-heal|p1a: Shaymin|8\/100|[from] item: Leftovers\n|-heal|p2a: Blissey|72\/100|[from] item: Leftovers\n|upkeep\n|turn|25\n|\n|t:|1700058715\n|move|p1a: Shaymin|Leech Seed|p2a: Blissey\n|-start|p2a: Blissey|move: Leech Seed\n|move|p2a: Blissey|Stealth Rock|p1a: Shaymin\n|-sidestart|p1: Inarinokamen|move: Stealth Rock\n|\n|-heal|p1a: Shaymin|14\/100|[from] item: Leftovers\n|-heal|p2a: Blissey|79\/100|[from] item: Leftovers\n|-damage|p2a: Blissey|66\/100|[from] Leech Seed|[of] p1a: Shaymin\n|-heal|p1a: Shaymin|39\/100|[silent]\n|upkeep\n|turn|26\n|\n|t:|1700058723\n|switch|p2a: Greninja|Greninja, M, shiny|100\/100\n|move|p1a: Shaymin|Seed Flare|p2a: Greninja\n|-supereffective|p2a: Greninja\n|-damage|p2a: Greninja|0 fnt\n|faint|p2a: Greninja\n|\n|-heal|p1a: Shaymin|45\/100|[from] item: Leftovers\n|upkeep\n|c|\u2606BagMan187|switch read\n|\n|t:|1700058737\n|switch|p2a: Talonflame|Talonflame, M|88\/100\n|turn|27\n|c|\u2606Inarinokamen|Yeah\n|\n|t:|1700058742\n|move|p2a: Talonflame|Flamethrower|p1a: Shaymin\n|-supereffective|p1a: Shaymin\n|-damage|p1a: Shaymin|10\/100\n|move|p1a: Shaymin|Leech Seed|p2a: Talonflame\n|-start|p2a: Talonflame|move: Leech Seed\n|\n|-heal|p1a: Shaymin|16\/100|[from] item: Leftovers\n|-damage|p2a: Talonflame|75\/100|[from] Leech Seed|[of] p1a: Shaymin\n|-heal|p1a: Shaymin|28\/100|[silent]\n|upkeep\n|turn|28\n|\n|t:|1700058751\n|move|p2a: Talonflame|Flamethrower|p1a: Shaymin\n|-supereffective|p1a: Shaymin\n|-damage|p1a: Shaymin|0 fnt\n|faint|p1a: Shaymin\n|\n|upkeep\n|\n|t:|1700058756\n|switch|p1a: Slowking|Slowking-Galar, M|100\/100\n|-damage|p1a: Slowking|88\/100|[from] Stealth Rock\n|turn|29\n|\n|t:|1700058762\n|switch|p2a: Slowking|Slowking-Galar, F|78\/100\n|move|p1a: Slowking|Chilly Reception|p1a: Slowking\n|-weather|Snow\n|\n|t:|1700058764\n|switch|p1a: Infernape|Infernape, M|83\/100|[from] Chilly Reception\n|-damage|p1a: Infernape|71\/100|[from] Stealth Rock\n|\n|-weather|Snow|[upkeep]\n|upkeep\n|turn|30\n|\n|t:|1700058769\n|move|p1a: Infernape|U-turn|p2a: Slowking\n|-damage|p2a: Slowking|62\/100\n|\n|t:|1700058772\n|switch|p1a: Lurantis|Lurantis, M, shiny|64\/100 tox|[from] U-turn\n|-damage|p1a: Lurantis|52\/100 tox|[from] Stealth Rock\n|move|p2a: Slowking|Chilly Reception|p2a: Slowking\n|\n|t:|1700058775\n|switch|p2a: Talonflame|Talonflame, M|75\/100|[from] Chilly Reception\n|\n|-weather|Snow|[upkeep]\n|-heal|p1a: Lurantis|58\/100 tox|[from] item: Leftovers\n|-damage|p1a: Lurantis|52\/100 tox|[from] psn\n|upkeep\n|turn|31\n|\n|t:|1700058778\n|move|p2a: Talonflame|Flamethrower|p1a: Lurantis\n|-supereffective|p1a: Lurantis\n|-damage|p1a: Lurantis|0 fnt\n|faint|p1a: Lurantis\n|\n|-weather|Snow|[upkeep]\n|upkeep\n|\n|t:|1700058783\n|switch|p1a: Slowking|Slowking-Galar, M|100\/100\n|-damage|p1a: Slowking|88\/100|[from] Stealth Rock\n|turn|32\n|\n|t:|1700058794\n|-terastallize|p1a: Slowking|Normal\n|move|p2a: Talonflame|Will-O-Wisp|p1a: Slowking\n|-status|p1a: Slowking|brn\n|move|p1a: Slowking|Body Slam|p2a: Talonflame\n|-damage|p2a: Talonflame|46\/100\n|\n|-weather|Snow|[upkeep]\n|-damage|p1a: Slowking|82\/100 brn|[from] brn\n|upkeep\n|turn|33\n|c|\u2606BagMan187|I KNEW IT\n|\n|t:|1700058806\n|move|p2a: Talonflame|Roost|p2a: Talonflame\n|-heal|p2a: Talonflame|96\/100\n|-singleturn|p2a: Talonflame|move: Roost\n|move|p1a: Slowking|Body Slam|p2a: Talonflame\n|-damage|p2a: Talonflame|65\/100\n|-status|p2a: Talonflame|par\n|\n|-weather|none\n|-damage|p1a: Slowking|76\/100 brn|[from] brn\n|upkeep\n|turn|34\n|c|\u2606BagMan187|ok thats just mean\n|c|\u2606Inarinokamen|:)\n|\n|t:|1700058820\n|switch|p2a: Slowking|Slowking-Galar, F|95\/100\n|move|p1a: Slowking|Swords Dance|p1a: Slowking\n|-boost|p1a: Slowking|atk|2\n|\n|-damage|p1a: Slowking|70\/100 brn|[from] brn\n|upkeep\n|turn|35\n|\n|t:|1700058828\n|move|p1a: Slowking|Poltergeist|p2a: Slowking\n|-activate|p2a: Slowking|move: Poltergeist|Heavy-Duty Boots\n|-supereffective|p2a: Slowking\n|-damage|p2a: Slowking|9\/100\n|move|p2a: Slowking|Foul Play|p1a: Slowking\n|-damage|p1a: Slowking|0 fnt\n|replace|p1a: Zoroark|Zoroark-Hisui, M\n|-end|p1a: Zoroark|Illusion\n|faint|p1a: Zoroark\n|\n|upkeep\n|\n|t:|1700058835\n|switch|p1a: Infernape|Infernape, M|71\/100\n|-damage|p1a: Infernape|59\/100|[from] Stealth Rock\n|turn|36\n|\n|t:|1700058840\n|switch|p2a: Talonflame|Talonflame, M|65\/100 par\n|move|p1a: Infernape|Flare Blitz|p2a: Talonflame\n|-resisted|p2a: Talonflame\n|-damage|p2a: Talonflame|32\/100 par\n|-damage|p1a: Infernape|46\/100|[from] Recoil\n|\n|upkeep\n|turn|37\n|\n|t:|1700058848\n|switch|p2a: Blissey|Blissey, F|66\/100\n|move|p1a: Infernape|Flare Blitz|p2a: Blissey\n|-damage|p2a: Blissey|19\/100\n|-damage|p1a: Infernape|7\/100|[from] Recoil\n|\n|-heal|p2a: Blissey|25\/100|[from] item: Leftovers\n|upkeep\n|turn|38\n|\n|t:|1700058858\n|switch|p2a: Talonflame|Talonflame, M|32\/100 par\n|move|p1a: Infernape|Flare Blitz|p2a: Talonflame\n|-resisted|p2a: Talonflame\n|-damage|p2a: Talonflame|0 fnt\n|faint|p2a: Talonflame\n|-damage|p1a: Infernape|0 fnt|[from] Recoil\n|faint|p1a: Infernape\n|\n|upkeep\n|\n|t:|1700058863\n|switch|p2a: Blissey|Blissey, F|25\/100\n|switch|p1a: Slowking|Slowking-Galar, M|100\/100\n|-damage|p1a: Slowking|88\/100|[from] Stealth Rock\n|turn|39\n|\n|t:|1700058867\n|move|p2a: Blissey|Soft-Boiled|p2a: Blissey\n|-heal|p2a: Blissey|75\/100\n|move|p1a: Slowking|Toxic|p2a: Blissey\n|-status|p2a: Blissey|tox\n|\n|-heal|p2a: Blissey|81\/100 tox|[from] item: Leftovers\n|-heal|p1a: Slowking|94\/100|[from] item: Leftovers\n|-damage|p2a: Blissey|75\/100 tox|[from] psn\n|upkeep\n|turn|40\n|\n|t:|1700058874\n|-curestatus|p2a: Blissey|tox|[from] ability: Natural Cure\n|switch|p2a: Slowking|Slowking-Galar, F|43\/100\n|move|p1a: Slowking|Foul Play|p2a: Slowking\n|-supereffective|p2a: Slowking\n|-damage|p2a: Slowking|24\/100\n|\n|-heal|p1a: Slowking|99\/100|[from] item: Leftovers\n|upkeep\n|turn|41\n|\n|t:|1700058880\n|switch|p2a: Blissey|Blissey, F|75\/100\n|move|p1a: Slowking|Foul Play|p2a: Blissey\n|-damage|p2a: Blissey|73\/100\n|\n|-heal|p2a: Blissey|79\/100|[from] item: Leftovers\n|-heal|p1a: Slowking|100\/100|[from] item: Leftovers\n|upkeep\n|turn|42\n|c|\u2606Inarinokamen|Why are you like this\n|c|\u2606BagMan187|this is ggs i believe\n|\n|t:|1700058899\n|switch|p2a: Slowking|Slowking-Galar, F|57\/100\n|move|p1a: Slowking|Toxic|p2a: Slowking\n|-immune|p2a: Slowking\n|\n|upkeep\n|turn|43\n|\n|t:|1700058901\n|move|p2a: Slowking|Chilly Reception|p2a: Slowking\n|-weather|Snow\n|\n|t:|1700058904\n|switch|p2a: Blissey|Blissey, F|79\/100|[from] Chilly Reception\n|move|p1a: Slowking|Foul Play|p2a: Blissey\n|-damage|p2a: Blissey|77\/100\n|\n|-weather|Snow|[upkeep]\n|-heal|p2a: Blissey|83\/100|[from] item: Leftovers\n|upkeep\n|turn|44\n|c|\u2606Inarinokamen|I don\u2019t like you sometimes\n|c|\u2606BagMan187|valid\n|\n|t:|1700058915\n|move|p2a: Blissey|Seismic Toss|p1a: Slowking\n|-damage|p1a: Slowking|75\/100\n|move|p1a: Slowking|Toxic|p2a: Blissey\n|-status|p2a: Blissey|tox\n|\n|-weather|Snow|[upkeep]\n|-heal|p2a: Blissey|90\/100 tox|[from] item: Leftovers\n|-heal|p1a: Slowking|81\/100|[from] item: Leftovers\n|-damage|p2a: Blissey|83\/100 tox|[from] psn\n|upkeep\n|turn|45\n|\n|t:|1700058919\n|-curestatus|p2a: Blissey|tox|[from] ability: Natural Cure\n|switch|p2a: Slowking|Slowking-Galar, F|90\/100\n|move|p1a: Slowking|Chilly Reception||[still]\n|-fail|p1a: Slowking\n|\n|-weather|Snow|[upkeep]\n|-heal|p1a: Slowking|87\/100|[from] item: Leftovers\n|upkeep\n|turn|46\n|\n|t:|1700058923\n|move|p2a: Slowking|Foul Play|p1a: Slowking\n|-supereffective|p1a: Slowking\n|-damage|p1a: Slowking|69\/100\n|move|p1a: Slowking|Chilly Reception||[still]\n|-fail|p1a: Slowking\n|\n|-weather|Snow|[upkeep]\n|-heal|p1a: Slowking|75\/100|[from] item: Leftovers\n|upkeep\n|turn|47\n|\n|t:|1700058927\n|move|p2a: Slowking|Foul Play|p1a: Slowking\n|-supereffective|p1a: Slowking\n|-damage|p1a: Slowking|56\/100\n|move|p1a: Slowking|Chilly Reception||[still]\n|-fail|p1a: Slowking\n|\n|-weather|none\n|-heal|p1a: Slowking|62\/100|[from] item: Leftovers\n|upkeep\n|turn|48\n|-message|Inarinokamen forfeited.\n|\n|win|BagMan187\n|c|\u2606Inarinokamen|i don\u2019t want to pp stall just to lose\n|c|\u2606Inarinokamen|i really dont\n|c|\u2606BagMan187|fair enough\n|c|\u2606Inarinokamen|I\u2019m about to switch classes\n|c|\u2606Inarinokamen|give me like\n|c|\u2606Inarinokamen|10 mins\n|l|\u2606Inarinokamen\n","uploadtime":1700058984,"views":13,"p1id":"inarinokamen","p2id":"bagman187","formatid":"gen9ubers","rating":0,"private":0,"password":""}