{"id":"gen9ubers-1968882835","p1":"DemiMerol","p2":"ledisnati","format":"[Gen 9] Ubers","log":"|j|\u2606DemiMerol\n|j|\u2606ledisnati\n|t:|1697472571\n|gametype|singles\n|player|p1|DemiMerol|roxie|1049\n|player|p2|ledisnati|parasollady-gen4|1070\n|teamsize|p1|6\n|teamsize|p2|6\n|gen|9\n|tier|[Gen 9] Ubers\n|rated|\n|rule|Sleep Clause Mod: Limit one foe put to sleep\n|rule|Species Clause: Limit one of each Pok\u00e9mon\n|rule|OHKO Clause: OHKO moves are banned\n|rule|Evasion Items Clause: Evasion items are banned\n|rule|Evasion Moves Clause: Evasion moves are banned\n|rule|Endless Battle Clause: Forcing endless battles is banned\n|rule|HP Percentage Mod: HP is shown in percentages\n|clearpoke\n|poke|p1|Tyranitar, F|\n|poke|p1|Annihilape, M|\n|poke|p1|Golem, M|\n|poke|p1|Staraptor, M|\n|poke|p1|Azelf|\n|poke|p1|Houndstone, F|\n|poke|p2|Giratina-Origin|\n|poke|p2|Miraidon|\n|poke|p2|Koraidon|\n|poke|p2|Ribombee, F|\n|poke|p2|Zacian-*|\n|poke|p2|Great Tusk|\n|teampreview\n|\n|t:|1697472582\n|start\n|switch|p1a: Samir|Azelf|100\/100\n|switch|p2a: Ribombee|Ribombee, F|100\/100\n|turn|1\n|\n|t:|1697472587\n|move|p2a: Ribombee|Sticky Web|p1a: Samir\n|-sidestart|p1: DemiMerol|move: Sticky Web\n|move|p1a: Samir|Taunt|p2a: Ribombee\n|-start|p2a: Ribombee|move: Taunt\n|\n|upkeep\n|turn|2\n|\n|t:|1697472592\n|move|p2a: Ribombee|Moonblast|p1a: Samir\n|-damage|p1a: Samir|55\/100\n|-unboost|p1a: Samir|spa|1\n|move|p1a: Samir|Stealth Rock|p2a: Ribombee\n|-sidestart|p2: ledisnati|move: Stealth Rock\n|\n|upkeep\n|turn|3\n|\n|t:|1697472599\n|move|p2a: Ribombee|Moonblast|p1a: Samir\n|-damage|p1a: Samir|6\/100\n|move|p1a: Samir|Explosion|p2a: Ribombee\n|-enditem|p1a: Samir|Normal Gem|[from] gem\n|-enditem|p2a: Ribombee|Focus Sash\n|-damage|p2a: Ribombee|1\/100\n|faint|p1a: Samir\n|\n|upkeep\n|\n|t:|1697472607\n|switch|p1a: Arenoso|Tyranitar, F|100\/100\n|-activate|p1a: Arenoso|move: Sticky Web\n|-unboost|p1a: Arenoso|spe|1\n|-weather|Sandstorm|[from] ability: Sand Stream|[of] p1a: Arenoso\n|turn|4\n|\n|t:|1697472616\n|switch|p1a: Osama|Annihilape, M|100\/100\n|-activate|p1a: Osama|move: Sticky Web\n|-unboost|p1a: Osama|spe|1\n|-ability|p1a: Osama|Defiant|boost\n|-boost|p1a: Osama|atk|2\n|move|p2a: Ribombee|Moonblast|p1a: Osama\n|-supereffective|p1a: Osama\n|-damage|p1a: Osama|49\/100\n|-unboost|p1a: Osama|spa|1\n|-ability|p1a: Osama|Defiant|boost\n|-boost|p1a: Osama|atk|2\n|\n|-weather|Sandstorm|[upkeep]\n|-damage|p2a: Ribombee|0 fnt|[from] Sandstorm\n|-damage|p1a: Osama|43\/100|[from] Sandstorm\n|faint|p2a: Ribombee\n|upkeep\n|\n|t:|1697472633\n|switch|p2a: Miraidon|Miraidon|100\/100\n|-damage|p2a: Miraidon|88\/100|[from] Stealth Rock\n|-fieldstart|move: Electric Terrain|[from] ability: Hadron Engine|[of] p2a: Miraidon\n|turn|5\n|\n|t:|1697472641\n|move|p2a: Miraidon|Electro Drift|p1a: Osama\n|-damage|p1a: Osama|0 fnt\n|faint|p1a: Osama\n|-damage|p2a: Miraidon|78\/100|[from] item: Life Orb\n|\n|-weather|Sandstorm|[upkeep]\n|-damage|p2a: Miraidon|72\/100|[from] Sandstorm\n|upkeep\n|\n|t:|1697472649\n|switch|p1a: Al-Hazred|Golem, M|100\/100\n|-activate|p1a: Al-Hazred|move: Sticky Web\n|-unboost|p1a: Al-Hazred|spe|1\n|turn|6\n|\n|t:|1697472654\n|switch|p2a: Great Tusk|Great Tusk|100\/100\n|move|p1a: Al-Hazred|Explosion|p2a: Great Tusk\n|-crit|p2a: Great Tusk\n|-damage|p2a: Great Tusk|20\/100\n|faint|p1a: Al-Hazred\n|\n|-weather|Sandstorm|[upkeep]\n|upkeep\n|\n|t:|1697472666\n|switch|p1a: GG|Houndstone, F|100\/100\n|-activate|p1a: GG|move: Sticky Web\n|-unboost|p1a: GG|spe|1\n|turn|7\n|\n|t:|1697472672\n|move|p1a: GG|Last Respects|p2a: Great Tusk\n|-damage|p2a: Great Tusk|0 fnt\n|faint|p2a: Great Tusk\n|-end|p2a: Great Tusk|Protosynthesis|[silent]\n|-damage|p1a: GG|91\/100|[from] item: Life Orb\n|\n|-weather|Sandstorm|[upkeep]\n|upkeep\n|\n|t:|1697472690\n|switch|p2a: Koraidon|Koraidon|100\/100\n|-damage|p2a: Koraidon|94\/100|[from] Stealth Rock\n|-weather|SunnyDay|[from] ability: Orichalcum Pulse|[of] p2a: Koraidon\n|-activate|p2a: Koraidon|Orichalcum Pulse|[source]\n|turn|8\n|\n|t:|1697472697\n|switch|p1a: Kamika C|Staraptor, M|100\/100\n|-ability|p1a: Kamika C|Intimidate|boost\n|-unboost|p2a: Koraidon|atk|1\n|move|p2a: Koraidon|Flare Blitz|p1a: Kamika C\n|-damage|p1a: Kamika C|21\/100\n|-damage|p2a: Koraidon|65\/100|[from] Recoil\n|\n|-weather|SunnyDay|[upkeep]\n|upkeep\n|turn|9\n|\n|t:|1697472706\n|switch|p2a: Giratina|Giratina-Origin|100\/100\n|-damage|p2a: Giratina|88\/100|[from] Stealth Rock\n|move|p1a: Kamika C|Quick Attack|p2a: Giratina\n|-immune|p2a: Giratina\n|\n|-weather|SunnyDay|[upkeep]\n|-fieldend|move: Electric Terrain\n|upkeep\n|turn|10\n|\n|t:|1697472717\n|move|p2a: Giratina|Draco Meteor|p1a: Kamika C\n|-damage|p1a: Kamika C|0 fnt\n|-unboost|p2a: Giratina|spa|2\n|faint|p1a: Kamika C\n|\n|-weather|SunnyDay|[upkeep]\n|upkeep\n|\n|t:|1697472723\n|switch|p1a: Arenoso|Tyranitar, F|100\/100\n|-activate|p1a: Arenoso|move: Sticky Web\n|-unboost|p1a: Arenoso|spe|1\n|-weather|Sandstorm|[from] ability: Sand Stream|[of] p1a: Arenoso\n|turn|11\n|\n|t:|1697472735\n|move|p2a: Giratina|Thunder Wave|p1a: Arenoso\n|-status|p1a: Arenoso|par\n|move|p1a: Arenoso|Stone Edge|p2a: Giratina\n|-damage|p2a: Giratina|43\/100\n|\n|-weather|Sandstorm|[upkeep]\n|-damage|p2a: Giratina|37\/100|[from] Sandstorm\n|upkeep\n|turn|12\n|\n|t:|1697472742\n|move|p2a: Giratina|Draco Meteor|p1a: Arenoso\n|-crit|p1a: Arenoso\n|-damage|p1a: Arenoso|32\/100 par\n|-unboost|p2a: Giratina|spa|2\n|cant|p1a: Arenoso|par\n|\n|-weather|Sandstorm|[upkeep]\n|-damage|p2a: Giratina|31\/100|[from] Sandstorm\n|upkeep\n|turn|13\n|\n|t:|1697472753\n|move|p2a: Giratina|Shadow Ball|p1a: Arenoso\n|-resisted|p1a: Arenoso\n|-damage|p1a: Arenoso|27\/100 par\n|move|p1a: Arenoso|Crunch|p2a: Giratina\n|-supereffective|p2a: Giratina\n|-damage|p2a: Giratina|0 fnt\n|faint|p2a: Giratina\n|\n|-weather|Sandstorm|[upkeep]\n|upkeep\n|\n|t:|1697472762\n|switch|p2a: Koraidon|Koraidon|65\/100\n|-damage|p2a: Koraidon|59\/100|[from] Stealth Rock\n|-weather|SunnyDay|[from] ability: Orichalcum Pulse|[of] p2a: Koraidon\n|-activate|p2a: Koraidon|Orichalcum Pulse|[source]\n|turn|14\n|\n|t:|1697472769\n|switch|p1a: GG|Houndstone, F|91\/100\n|-activate|p1a: GG|move: Sticky Web\n|-unboost|p1a: GG|spe|1\n|move|p2a: Koraidon|Dragon Claw|p1a: GG\n|-damage|p1a: GG|17\/100\n|\n|-weather|SunnyDay|[upkeep]\n|upkeep\n|turn|15\n|\n|t:|1697472778\n|switch|p1a: Arenoso|Tyranitar, F|27\/100 par\n|-activate|p1a: Arenoso|move: Sticky Web\n|-unboost|p1a: Arenoso|spe|1\n|-weather|Sandstorm|[from] ability: Sand Stream|[of] p1a: Arenoso\n|move|p2a: Koraidon|Dragon Claw|p1a: Arenoso\n|-damage|p1a: Arenoso|0 fnt\n|faint|p1a: Arenoso\n|\n|-weather|Sandstorm|[upkeep]\n|-damage|p2a: Koraidon|53\/100|[from] Sandstorm\n|upkeep\n|\n|t:|1697472789\n|switch|p1a: GG|Houndstone, F|17\/100\n|-activate|p1a: GG|move: Sticky Web\n|-unboost|p1a: GG|spe|1\n|turn|16\n|\n|t:|1697472795\n|switch|p2a: Miraidon|Miraidon|72\/100\n|-damage|p2a: Miraidon|60\/100|[from] Stealth Rock\n|-fieldstart|move: Electric Terrain|[from] ability: Hadron Engine|[of] p2a: Miraidon\n|move|p1a: GG|Last Respects|p2a: Miraidon\n|-damage|p2a: Miraidon|0 fnt\n|faint|p2a: Miraidon\n|-damage|p1a: GG|7\/100|[from] item: Life Orb\n|\n|-weather|Sandstorm|[upkeep]\n|upkeep\n|\n|t:|1697472798\n|switch|p2a: Koraidon|Koraidon|53\/100\n|-damage|p2a: Koraidon|47\/100|[from] Stealth Rock\n|-weather|SunnyDay|[from] ability: Orichalcum Pulse|[of] p2a: Koraidon\n|-activate|p2a: Koraidon|Orichalcum Pulse|[source]\n|turn|17\n|\n|t:|1697472811\n|move|p2a: Koraidon|Flare Blitz|p1a: GG\n|-crit|p1a: GG\n|-damage|p1a: GG|0 fnt\n|faint|p1a: GG\n|-damage|p2a: Koraidon|45\/100|[from] Recoil\n|\n|win|ledisnati\n|raw|DemiMerol's rating: 1049 &rarr; <strong>1033<\/strong><br \/>(-16 for losing)\n|raw|ledisnati's rating: 1070 &rarr; <strong>1098<\/strong><br \/>(+28 for winning)\n|l|\u2606DemiMerol\n","uploadtime":1697472819,"views":7,"p1id":"demimerol","p2id":"ledisnati","formatid":"gen9ubers","rating":1033,"private":0,"password":""}