{"id":"gen9ubers-1991899415","p1":"Blitz0","p2":"biryanilover","format":"[Gen 9] Ubers","log":"|j|\u2606Blitz0\n|j|\u2606biryanilover\n|inactive|Battle timer is ON: inactive players will automatically lose when time's up.\n|t:|1700135507\n|gametype|singles\n|j|*Lady Monita \u2746\n|player|p1|Blitz0|benga|\n|player|p2|biryanilover|1|\n|teamsize|p1|6\n|teamsize|p2|6\n|gen|9\n|tier|[Gen 9] Ubers\n|rated|Tournament battle\n|rule|Sleep Clause Mod: Limit one foe put to sleep\n|rule|Species Clause: Limit one of each Pok\u00e9mon\n|rule|OHKO Clause: OHKO moves are banned\n|rule|Evasion Items Clause: Evasion items are banned\n|rule|Evasion Moves Clause: Evasion moves are banned\n|rule|Endless Battle Clause: Forcing endless battles is banned\n|rule|HP Percentage Mod: HP is shown in percentages\n|clearpoke\n|poke|p1|Palkia|\n|poke|p1|Giratina-Origin|\n|poke|p1|Rayquaza|\n|poke|p1|Roaring Moon|\n|poke|p1|Arceus-Dragon|\n|poke|p1|Eternatus|\n|poke|p2|Baxcalibur, M|\n|poke|p2|Koraidon|\n|poke|p2|Palkia-Origin|\n|poke|p2|Dialga-Origin|\n|poke|p2|Giratina-Origin|\n|poke|p2|Dragapult, F|\n|teampreview\n|\n|t:|1700135528\n|start\n|switch|p1a: Roaring Moon|Roaring Moon|100\/100\n|switch|p2a: Dragapult|Dragapult, F|100\/100\n|-enditem|p1a: Roaring Moon|Booster Energy\n|-activate|p1a: Roaring Moon|ability: Protosynthesis|[fromitem]\n|-start|p1a: Roaring Moon|protosynthesisatk\n|turn|1\n|\n|t:|1700135536\n|move|p2a: Dragapult|Phantom Force||[still]\n|-prepare|p2a: Dragapult|Phantom Force\n|move|p1a: Roaring Moon|Crunch|p2a: Dragapult|[miss]\n|-miss|p1a: Roaring Moon|p2a: Dragapult\n|\n|upkeep\n|turn|2\n|\n|t:|1700135540\n|move|p2a: Dragapult|Phantom Force|p1a: Roaring Moon|[from]lockedmove\n|-resisted|p1a: Roaring Moon\n|-damage|p1a: Roaring Moon|71\/100\n|move|p1a: Roaring Moon|Crunch|p2a: Dragapult\n|-supereffective|p2a: Dragapult\n|-damage|p2a: Dragapult|0 fnt\n|faint|p2a: Dragapult\n|\n|upkeep\n|\n|t:|1700135545\n|switch|p2a: Baxcalibur|Baxcalibur, M|100\/100\n|turn|3\n|\n|t:|1700135564\n|move|p2a: Baxcalibur|Glaive Rush|p1a: Roaring Moon\n|-supereffective|p1a: Roaring Moon\n|-damage|p1a: Roaring Moon|0 fnt\n|-singlemove|p2a: Baxcalibur|Glaive Rush|[silent]\n|faint|p1a: Roaring Moon\n|-end|p1a: Roaring Moon|Protosynthesis|[silent]\n|\n|upkeep\n|\n|t:|1700135569\n|switch|p1a: Arceus|Arceus-Dragon|100\/100\n|turn|4\n|\n|t:|1700135573\n|move|p2a: Baxcalibur|Glaive Rush|p1a: Arceus\n|-supereffective|p1a: Arceus\n|-damage|p1a: Arceus|3\/100\n|-singlemove|p2a: Baxcalibur|Glaive Rush|[silent]\n|move|p1a: Arceus|Dragon Dance|p1a: Arceus\n|-boost|p1a: Arceus|atk|1\n|-boost|p1a: Arceus|spe|1\n|\n|upkeep\n|turn|5\n|\n|t:|1700135579\n|move|p1a: Arceus|Dragon Dance|p1a: Arceus\n|-boost|p1a: Arceus|atk|1\n|-boost|p1a: Arceus|spe|1\n|move|p2a: Baxcalibur|Glaive Rush|p1a: Arceus\n|-supereffective|p1a: Arceus\n|-damage|p1a: Arceus|0 fnt\n|-singlemove|p2a: Baxcalibur|Glaive Rush|[silent]\n|faint|p1a: Arceus\n|\n|upkeep\n|\n|t:|1700135582\n|switch|p1a: Palkia|Palkia, shiny|100\/100\n|-ability|p1a: Palkia|Pressure\n|turn|6\n|\n|t:|1700135585\n|move|p2a: Baxcalibur|Glaive Rush|p1a: Palkia\n|-supereffective|p1a: Palkia\n|-damage|p1a: Palkia|0 fnt\n|-singlemove|p2a: Baxcalibur|Glaive Rush|[silent]\n|faint|p1a: Palkia\n|\n|upkeep\n|\n|t:|1700135588\n|switch|p1a: Giratina|Giratina-Origin, shiny|100\/100\n|turn|7\n|\n|t:|1700135590\n|move|p2a: Baxcalibur|Glaive Rush|p1a: Giratina\n|-supereffective|p1a: Giratina\n|-damage|p1a: Giratina|14\/100\n|-singlemove|p2a: Baxcalibur|Glaive Rush|[silent]\n|move|p1a: Giratina|Draco Meteor|p2a: Baxcalibur\n|-supereffective|p2a: Baxcalibur\n|-damage|p2a: Baxcalibur|0 fnt\n|-unboost|p1a: Giratina|spa|2\n|faint|p2a: Baxcalibur\n|\n|upkeep\n|\n|t:|1700135601\n|switch|p2a: Giratina|Giratina-Origin|100\/100\n|turn|8\n|\n|t:|1700135608\n|-terastallize|p2a: Giratina|Ghost\n|move|p2a: Giratina|Shadow Force||[still]\n|-prepare|p2a: Giratina|Shadow Force\n|move|p1a: Giratina|Draco Meteor|p2a: Giratina|[miss]\n|-miss|p1a: Giratina|p2a: Giratina\n|\n|upkeep\n|turn|9\n|\n|t:|1700135614\n|move|p2a: Giratina|Shadow Force|p1a: Giratina|[from]lockedmove\n|-supereffective|p1a: Giratina\n|-damage|p1a: Giratina|0 fnt\n|faint|p1a: Giratina\n|\n|upkeep\n|\n|t:|1700135617\n|switch|p1a: Rayquaza|Rayquaza, shiny|100\/100\n|-ability|p1a: Rayquaza|Air Lock\n|turn|10\n|\n|t:|1700135620\n|move|p1a: Rayquaza|Dragon Dance|p1a: Rayquaza\n|-boost|p1a: Rayquaza|atk|1\n|-boost|p1a: Rayquaza|spe|1\n|move|p2a: Giratina|Dragon Pulse|p1a: Rayquaza\n|-supereffective|p1a: Rayquaza\n|-damage|p1a: Rayquaza|0 fnt\n|faint|p1a: Rayquaza\n|\n|upkeep\n|\n|t:|1700135625\n|switch|p1a: Eternatus|Eternatus|100\/100\n|-ability|p1a: Eternatus|Pressure\n|turn|11\n|\n|t:|1700135627\n|-terastallize|p1a: Eternatus|Fire\n|move|p1a: Eternatus|Dynamax Cannon|p2a: Giratina\n|-damage|p2a: Giratina|43\/100\n|-damage|p1a: Eternatus|91\/100|[from] item: Life Orb\n|move|p2a: Giratina|Dragon Pulse|p1a: Eternatus\n|-damage|p1a: Eternatus|46\/100\n|\n|upkeep\n|turn|12\n|\n|t:|1700135635\n|move|p1a: Eternatus|Dynamax Cannon|p2a: Giratina\n|-damage|p2a: Giratina|0 fnt\n|faint|p2a: Giratina\n|-damage|p1a: Eternatus|36\/100|[from] item: Life Orb\n|\n|upkeep\n|\n|t:|1700135642\n|switch|p2a: Koraidon|Koraidon|100\/100\n|-weather|SunnyDay|[from] ability: Orichalcum Pulse|[of] p2a: Koraidon\n|-activate|p2a: Koraidon|Orichalcum Pulse|[source]\n|turn|13\n|\n|t:|1700135646\n|move|p2a: Koraidon|Scale Shot|p1a: Eternatus\n|-damage|p1a: Eternatus|22\/100\n|-damage|p1a: Eternatus|6\/100\n|-damage|p1a: Eternatus|0 fnt\n|faint|p1a: Eternatus\n|-hitcount|p1: Eternatus|3\n|\n|win|biryanilover\n|n|\u2606Blitz0|blitz0\n|n|\u2606biryanilover|biryanilover\n|n|*Lady Monita \u2746|ladymonita\n","uploadtime":1700135647,"views":11,"p1id":"blitz0","p2id":"biryanilover","formatid":"gen9ubers","rating":0,"private":0,"password":""}