{"id":"gen9ubers-1974250847","p1":"CharninjaGamingYT","p2":"z105","format":"[Gen 9] Ubers","log":"|j|\u2606CharninjaGamingYT\n|j|\u2606z105\n|t:|1698072060\n|gametype|singles\n|player|p1|CharninjaGamingYT|turo-ai|\n|player|p2|z105|102|\n|teamsize|p1|6\n|teamsize|p2|6\n|gen|9\n|tier|[Gen 9] Ubers\n|rated|Tournament battle\n|rule|Sleep Clause Mod: Limit one foe put to sleep\n|rule|Species Clause: Limit one of each Pok\u00e9mon\n|rule|OHKO Clause: OHKO moves are banned\n|rule|Evasion Items Clause: Evasion items are banned\n|rule|Evasion Moves Clause: Evasion moves are banned\n|rule|Endless Battle Clause: Forcing endless battles is banned\n|rule|HP Percentage Mod: HP is shown in percentages\n|clearpoke\n|poke|p1|Skeledirge, F|\n|poke|p1|Groudon|\n|poke|p1|Arceus|\n|poke|p1|Ribombee, F|\n|poke|p1|Miraidon|\n|poke|p1|Volcarona, F|\n|poke|p2|Miraidon|\n|poke|p2|Flutter Mane|\n|poke|p2|Urshifu-*, F|\n|poke|p2|Ogerpon-Hearthflame, F|\n|poke|p2|Ursaluna-Bloodmoon, M|\n|poke|p2|Glimmora, M|\n|teampreview\n|inactive|Battle timer is ON: inactive players will automatically lose when time's up. (requested by CharninjaGamingYT)\n|inactive|z105 also wants the timer to be on.\n|\n|t:|1698072075\n|start\n|switch|p1a: Ribombee|Ribombee, F|100\/100\n|switch|p2a: Glimmora|Glimmora, M|100\/100\n|turn|1\n|\n|t:|1698072081\n|move|p1a: Ribombee|Psychic|p2a: Glimmora\n|-supereffective|p2a: Glimmora\n|-damage|p2a: Glimmora|43\/100\n|move|p2a: Glimmora|Stealth Rock|p1a: Ribombee\n|-sidestart|p1: CharninjaGamingYT|move: Stealth Rock\n|\n|upkeep\n|turn|2\n|\n|t:|1698072086\n|move|p1a: Ribombee|Psychic|p2a: Glimmora\n|-supereffective|p2a: Glimmora\n|-damage|p2a: Glimmora|0 fnt\n|faint|p2a: Glimmora\n|\n|upkeep\n|\n|t:|1698072090\n|switch|p2a: Ogerpon|Ogerpon-Hearthflame, F|100\/100\n|-ability|p2a: Ogerpon|Mold Breaker\n|turn|3\n|\n|t:|1698072095\n|move|p1a: Ribombee|Sticky Web|p2a: Ogerpon\n|-sidestart|p2: z105|move: Sticky Web\n|move|p2a: Ogerpon|Ivy Cudgel|p1a: Ribombee\n|-supereffective|p1a: Ribombee\n|-enditem|p1a: Ribombee|Focus Sash\n|-damage|p1a: Ribombee|1\/100\n|\n|upkeep\n|turn|4\n|j| ZowwyCafe\u2764\n|\n|t:|1698072103\n|move|p1a: Ribombee|Psychic|p2a: Ogerpon\n|-damage|p2a: Ogerpon|71\/100\n|move|p2a: Ogerpon|Ivy Cudgel|p1a: Ribombee\n|-supereffective|p1a: Ribombee\n|-crit|p1a: Ribombee\n|-damage|p1a: Ribombee|0 fnt\n|faint|p1a: Ribombee\n|\n|upkeep\n|\n|t:|1698072116\n|switch|p1a: Miraidon|Miraidon|100\/100\n|-damage|p1a: Miraidon|88\/100|[from] Stealth Rock\n|-fieldstart|move: Electric Terrain|[from] ability: Hadron Engine|[of] p1a: Miraidon\n|turn|5\n|\n|t:|1698072123\n|move|p1a: Miraidon|Overheat|p2a: Ogerpon\n|-damage|p2a: Ogerpon|0 fnt\n|-unboost|p1a: Miraidon|spa|2\n|faint|p2a: Ogerpon\n|\n|upkeep\n|\n|t:|1698072132\n|switch|p2a: Flutter Mane|Flutter Mane|100\/100\n|-activate|p2a: Flutter Mane|move: Sticky Web\n|-unboost|p2a: Flutter Mane|spe|1\n|-enditem|p2a: Flutter Mane|Booster Energy\n|-activate|p2a: Flutter Mane|ability: Protosynthesis|[fromitem]\n|-start|p2a: Flutter Mane|protosynthesisspa\n|turn|6\n|\n|t:|1698072148\n|switch|p1a: Skeledirge|Skeledirge, F|100\/100\n|move|p2a: Flutter Mane|Draining Kiss|p1a: Skeledirge\n|-resisted|p1a: Skeledirge\n|-damage|p1a: Skeledirge|88\/100\n|\n|upkeep\n|turn|7\n|\n|t:|1698072156\n|-terastallize|p1a: Skeledirge|Fairy\n|move|p2a: Flutter Mane|Shadow Ball|p1a: Skeledirge\n|-damage|p1a: Skeledirge|48\/100\n|move|p1a: Skeledirge|Will-O-Wisp|p2a: Flutter Mane\n|-status|p2a: Flutter Mane|brn\n|\n|-damage|p2a: Flutter Mane|95\/100 brn|[from] brn\n|upkeep\n|turn|8\n|\n|t:|1698072165\n|move|p2a: Flutter Mane|Shadow Ball|p1a: Skeledirge\n|-damage|p1a: Skeledirge|5\/100\n|-unboost|p1a: Skeledirge|spd|1\n|move|p1a: Skeledirge|Slack Off|p1a: Skeledirge\n|-heal|p1a: Skeledirge|55\/100\n|\n|-damage|p2a: Flutter Mane|89\/100 brn|[from] brn\n|upkeep\n|turn|9\n|\n|t:|1698072173\n|switch|p1a: Arceus|Arceus|100\/100\n|-damage|p1a: Arceus|88\/100|[from] Stealth Rock\n|move|p2a: Flutter Mane|Shadow Ball|p1a: Arceus\n|-immune|p1a: Arceus\n|\n|-damage|p2a: Flutter Mane|83\/100 brn|[from] brn\n|-fieldend|move: Electric Terrain\n|upkeep\n|turn|10\n|\n|t:|1698072181\n|move|p1a: Arceus|Swords Dance|p1a: Arceus\n|-boost|p1a: Arceus|atk|2\n|move|p2a: Flutter Mane|Draining Kiss|p1a: Arceus\n|-damage|p1a: Arceus|66\/100\n|-heal|p2a: Flutter Mane|100\/100 brn|[from] drain|[of] p1a: Arceus\n|\n|-damage|p2a: Flutter Mane|95\/100 brn|[from] brn\n|upkeep\n|turn|11\n|\n|t:|1698072190\n|move|p1a: Arceus|Earthquake|p2a: Flutter Mane\n|-damage|p2a: Flutter Mane|0 fnt\n|faint|p2a: Flutter Mane\n|-end|p2a: Flutter Mane|Protosynthesis|[silent]\n|-damage|p1a: Arceus|56\/100|[from] item: Life Orb\n|\n|upkeep\n|l| ZowwyCafe\u2764\n|\n|t:|1698072198\n|switch|p2a: Ursaluna|Ursaluna-Bloodmoon, M|100\/100\n|-activate|p2a: Ursaluna|move: Sticky Web\n|-unboost|p2a: Ursaluna|spe|1\n|turn|12\n|\n|t:|1698072202\n|move|p1a: Arceus|Extreme Speed|p2a: Ursaluna\n|-damage|p2a: Ursaluna|25\/100\n|-damage|p1a: Arceus|46\/100|[from] item: Life Orb\n|move|p2a: Ursaluna|Blood Moon|p1a: Arceus\n|-damage|p1a: Arceus|0 fnt\n|faint|p1a: Arceus\n|\n|-heal|p2a: Ursaluna|31\/100|[from] item: Leftovers\n|upkeep\n|\n|t:|1698072215\n|switch|p1a: Groudon|Groudon|100\/100\n|-damage|p1a: Groudon|94\/100|[from] Stealth Rock\n|-weather|SunnyDay|[from] ability: Drought|[of] p1a: Groudon\n|turn|13\n|\n|t:|1698072223\n|move|p1a: Groudon|Precipice Blades|p2a: Ursaluna\n|-damage|p2a: Ursaluna|0 fnt\n|faint|p2a: Ursaluna\n|\n|-weather|SunnyDay|[upkeep]\n|-heal|p1a: Groudon|100\/100|[from] item: Leftovers\n|upkeep\n|\n|t:|1698072226\n|switch|p2a: Urshifu|Urshifu-Rapid-Strike, F|100\/100\n|-activate|p2a: Urshifu|move: Sticky Web\n|-unboost|p2a: Urshifu|spe|1\n|turn|14\n|\n|t:|1698072232\n|move|p1a: Groudon|Thunder Wave|p2a: Urshifu\n|-status|p2a: Urshifu|par\n|move|p2a: Urshifu|Surging Strikes|p1a: Groudon\n|-supereffective|p1a: Groudon\n|-crit|p1a: Groudon\n|-damage|p1a: Groudon|88\/100\n|-supereffective|p1a: Groudon\n|-crit|p1a: Groudon\n|-damage|p1a: Groudon|77\/100\n|-supereffective|p1a: Groudon\n|-crit|p1a: Groudon\n|-damage|p1a: Groudon|64\/100\n|-hitcount|p1a: Groudon|3\n|\n|-weather|SunnyDay|[upkeep]\n|-heal|p1a: Groudon|70\/100|[from] item: Leftovers\n|upkeep\n|turn|15\n|\n|t:|1698072244\n|move|p1a: Groudon|Stealth Rock|p2a: Urshifu\n|-sidestart|p2: z105|move: Stealth Rock\n|cant|p2a: Urshifu|par\n|\n|-weather|SunnyDay|[upkeep]\n|-heal|p1a: Groudon|76\/100|[from] item: Leftovers\n|upkeep\n|turn|16\n|\n|t:|1698072249\n|move|p1a: Groudon|Precipice Blades|p2a: Urshifu\n|-damage|p2a: Urshifu|28\/100 par\n|move|p2a: Urshifu|Close Combat|p1a: Groudon\n|-damage|p1a: Groudon|39\/100\n|-unboost|p2a: Urshifu|def|1\n|-unboost|p2a: Urshifu|spd|1\n|\n|-weather|SunnyDay|[upkeep]\n|-heal|p1a: Groudon|45\/100|[from] item: Leftovers\n|upkeep\n|turn|17\n|\n|t:|1698072258\n|move|p1a: Groudon|Precipice Blades|p2a: Urshifu|[miss]\n|-miss|p1a: Groudon|p2a: Urshifu\n|cant|p2a: Urshifu|par\n|\n|-weather|none\n|-heal|p1a: Groudon|51\/100|[from] item: Leftovers\n|upkeep\n|turn|18\n|\n|t:|1698072264\n|move|p1a: Groudon|Precipice Blades|p2a: Urshifu\n|-damage|p2a: Urshifu|0 fnt\n|faint|p2a: Urshifu\n|\n|-heal|p1a: Groudon|58\/100|[from] item: Leftovers\n|upkeep\n|\n|t:|1698072268\n|switch|p2a: Miraidon|Miraidon|100\/100\n|-activate|p2a: Miraidon|move: Sticky Web\n|-unboost|p2a: Miraidon|spe|1\n|-damage|p2a: Miraidon|88\/100|[from] Stealth Rock\n|-fieldstart|move: Electric Terrain|[from] ability: Hadron Engine|[of] p2a: Miraidon\n|turn|19\n|c|\u2606z105|gg\n|\n|t:|1698072285\n|switch|p1a: Skeledirge|Skeledirge, F, tera:Fairy|55\/100\n|move|p2a: Miraidon|Flash Cannon|p1a: Skeledirge\n|-supereffective|p1a: Skeledirge\n|-damage|p1a: Skeledirge|0 fnt\n|faint|p1a: Skeledirge\n|\n|upkeep\n|c|\u2606CharninjaGamingYT|gg\n|\n|t:|1698072294\n|switch|p1a: Groudon|Groudon|58\/100\n|-damage|p1a: Groudon|51\/100|[from] Stealth Rock\n|-weather|SunnyDay|[from] ability: Drought|[of] p1a: Groudon\n|turn|20\n|\n|t:|1698072299\n|move|p2a: Miraidon|Flash Cannon|p1a: Groudon\n|-damage|p1a: Groudon|16\/100\n|move|p1a: Groudon|Precipice Blades|p2a: Miraidon\n|-supereffective|p2a: Miraidon\n|-damage|p2a: Miraidon|0 fnt\n|faint|p2a: Miraidon\n|\n|win|CharninjaGamingYT\n|n|\u2606CharninjaGamingYT|charninjagamingyt\n|n|\u2606z105|z105\n","uploadtime":1698072300,"views":17,"p1id":"charninjagamingyt","p2id":"z105","formatid":"gen9ubers","rating":0,"private":0,"password":""}