{"id":"gen9ubers-1998042990","p1":"WillItBoom","p2":"teamcb3","format":"[Gen 9] Ubers","log":"|j|\u2606WillItBoom\n|j|\u2606teamcb3\n|t:|1700882813\n|gametype|singles\n|player|p1|WillItBoom|burglar|1043\n|player|p2|teamcb3|169|1171\n|teamsize|p1|6\n|teamsize|p2|6\n|gen|9\n|tier|[Gen 9] Ubers\n|rated|\n|rule|Sleep Clause Mod: Limit one foe put to sleep\n|rule|Species Clause: Limit one of each Pok\u00e9mon\n|rule|OHKO Clause: OHKO moves are banned\n|rule|Evasion Items Clause: Evasion items are banned\n|rule|Evasion Moves Clause: Evasion moves are banned\n|rule|Endless Battle Clause: Forcing endless battles is banned\n|rule|HP Percentage Mod: HP is shown in percentages\n|clearpoke\n|poke|p1|Houndstone, M|\n|poke|p1|Drifblim, M|\n|poke|p1|Golem-Alola, F|\n|poke|p1|Enamorus, F|\n|poke|p1|Pawmot, F|\n|poke|p1|Garganacl, F|\n|poke|p2|Urshifu-*, M|\n|poke|p2|Blissey, F|\n|poke|p2|Chien-Pao|\n|poke|p2|Corviknight, M|\n|poke|p2|Regieleki|\n|poke|p2|Magearna|\n|teampreview\n|c|\u2606teamcb3|guess not many people playing lol\n|\n|t:|1700882848\n|start\n|switch|p1a: Golem|Golem-Alola, F|100\/100\n|switch|p2a: Urshifu|Urshifu, M|100\/100\n|turn|1\n|inactive|Battle timer is ON: inactive players will automatically lose when time's up. (requested by teamcb3)\n|\n|t:|1700882855\n|move|p2a: Urshifu|U-turn|p1a: Golem\n|-damage|p1a: Golem|74\/100\n|\n|t:|1700882857\n|switch|p2a: Corviknight|Corviknight, M|100\/100|[from] U-turn\n|-ability|p2a: Corviknight|Pressure\n|move|p1a: Golem|Explosion|p2a: Corviknight\n|-supereffective|p2a: Corviknight\n|-damage|p2a: Corviknight|0 fnt\n|faint|p1a: Golem\n|faint|p2a: Corviknight\n|\n|upkeep\n|\n|t:|1700882871\n|switch|p2a: Regieleki|Regieleki|100\/100\n|switch|p1a: Drifblim|Drifblim, M|100\/100\n|turn|2\n|\n|t:|1700882882\n|switch|p2a: Chien-Pao|Chien-Pao|100\/100\n|-ability|p2a: Chien-Pao|Sword of Ruin\n|switch|p1a: Pawmot|Pawmot, F|100\/100\n|\n|upkeep\n|turn|3\n|\n|t:|1700882895\n|move|p1a: Pawmot|Fake Out|p2a: Chien-Pao\n|-damage|p2a: Chien-Pao|87\/100\n|cant|p2a: Chien-Pao|flinch\n|\n|upkeep\n|turn|4\n|\n|t:|1700882905\n|move|p2a: Chien-Pao|Psychic Fangs|p1a: Pawmot\n|-supereffective|p1a: Pawmot\n|-damage|p1a: Pawmot|35\/100\n|move|p1a: Pawmot|Revival Blessing|p1a: Pawmot\n|-enditem|p1a: Pawmot|Leppa Berry|[eat]\n|-activate|p1a: Pawmot|item: Leppa Berry|Revival Blessing|[consumed]\n|\n|t:|1700882912\n|-heal|p1: Golem|50\/100|[from] move: Revival Blessing\n|\n|upkeep\n|turn|5\n|\n|t:|1700882930\n|switch|p1a: Garganacl|Garganacl, F|100\/100\n|move|p2a: Chien-Pao|Psychic Fangs|p1a: Garganacl\n|-damage|p1a: Garganacl|81\/100\n|\n|-heal|p1a: Garganacl|87\/100|[from] item: Leftovers\n|upkeep\n|turn|6\n|\n|t:|1700882948\n|move|p2a: Chien-Pao|Swords Dance|p2a: Chien-Pao\n|-boost|p2a: Chien-Pao|atk|2\n|move|p1a: Garganacl|Salt Cure|p2a: Chien-Pao\n|-supereffective|p2a: Chien-Pao\n|-damage|p2a: Chien-Pao|51\/100\n|-start|p2a: Chien-Pao|Salt Cure\n|\n|-heal|p1a: Garganacl|93\/100|[from] item: Leftovers\n|-damage|p2a: Chien-Pao|39\/100|[from] Salt Cure\n|upkeep\n|turn|7\n|\n|t:|1700882960\n|move|p1a: Garganacl|Protect|p1a: Garganacl\n|-singleturn|p1a: Garganacl|Protect\n|move|p2a: Chien-Pao|Ice Shard|p1a: Garganacl\n|-activate|p1a: Garganacl|move: Protect\n|\n|-heal|p1a: Garganacl|99\/100|[from] item: Leftovers\n|-damage|p2a: Chien-Pao|27\/100|[from] Salt Cure\n|upkeep\n|turn|8\n|\n|t:|1700882974\n|move|p1a: Garganacl|Protect||[still]\n|-fail|p1a: Garganacl\n|move|p2a: Chien-Pao|Ice Shard|p1a: Garganacl\n|-crit|p1a: Garganacl\n|-damage|p1a: Garganacl|60\/100\n|\n|-heal|p1a: Garganacl|66\/100|[from] item: Leftovers\n|-damage|p2a: Chien-Pao|14\/100|[from] Salt Cure\n|upkeep\n|turn|9\n|\n|t:|1700882989\n|switch|p2a: Urshifu|Urshifu, M|100\/100\n|move|p1a: Garganacl|Sandstorm|p1a: Garganacl\n|-weather|Sandstorm\n|\n|-weather|Sandstorm|[upkeep]\n|-damage|p2a: Urshifu|94\/100|[from] Sandstorm\n|-heal|p1a: Garganacl|72\/100|[from] item: Leftovers\n|upkeep\n|turn|10\n|\n|t:|1700883003\n|move|p1a: Garganacl|Protect|p1a: Garganacl\n|-singleturn|p1a: Garganacl|Protect\n|move|p2a: Urshifu|Close Combat|p1a: Garganacl\n|-supereffective|p1a: Garganacl\n|-damage|p1a: Garganacl|0 fnt\n|-unboost|p2a: Urshifu|def|1\n|-unboost|p2a: Urshifu|spd|1\n|faint|p1a: Garganacl\n|\n|-weather|Sandstorm|[upkeep]\n|-damage|p2a: Urshifu|88\/100|[from] Sandstorm\n|upkeep\n|\n|t:|1700883016\n|switch|p1a: Pawmot|Pawmot, F|35\/100\n|turn|11\n|\n|t:|1700883029\n|switch|p2a: Magearna|Magearna|100\/100\n|move|p1a: Pawmot|Revival Blessing|p1a: Pawmot\n|\n|t:|1700883038\n|-heal|p1: Garganacl|50\/100|[from] move: Revival Blessing\n|\n|-weather|Sandstorm|[upkeep]\n|-damage|p1a: Pawmot|29\/100|[from] Sandstorm\n|upkeep\n|turn|12\n|\n|t:|1700883048\n|move|p1a: Pawmot|Knock Off|p2a: Magearna\n|-resisted|p2a: Magearna\n|-damage|p2a: Magearna|93\/100\n|-enditem|p2a: Magearna|Leftovers|[from] move: Knock Off|[of] p1a: Pawmot\n|move|p2a: Magearna|Iron Defense|p2a: Magearna\n|-boost|p2a: Magearna|def|2\n|\n|-weather|Sandstorm|[upkeep]\n|-damage|p1a: Pawmot|23\/100|[from] Sandstorm\n|upkeep\n|turn|13\n|\n|t:|1700883058\n|switch|p1a: Garganacl|Garganacl, F|50\/100\n|move|p2a: Magearna|Calm Mind|p2a: Magearna\n|-boost|p2a: Magearna|spa|1\n|-boost|p2a: Magearna|spd|1\n|\n|-weather|none\n|-heal|p1a: Garganacl|57\/100|[from] item: Leftovers\n|upkeep\n|turn|14\n|inactive|WillItBoom has 120 seconds left.\n|\n|t:|1700883107\n|move|p2a: Magearna|Stored Power|p1a: Garganacl\n|-damage|p1a: Garganacl|14\/100\n|move|p1a: Garganacl|Salt Cure|p2a: Magearna\n|-resisted|p2a: Magearna\n|-damage|p2a: Magearna|90\/100\n|-start|p2a: Magearna|Salt Cure\n|\n|-heal|p1a: Garganacl|20\/100|[from] item: Leftovers\n|-damage|p2a: Magearna|66\/100|[from] Salt Cure\n|upkeep\n|turn|15\n|\n|t:|1700883124\n|move|p1a: Garganacl|Protect|p1a: Garganacl\n|-singleturn|p1a: Garganacl|Protect\n|move|p2a: Magearna|Iron Defense|p2a: Magearna\n|-boost|p2a: Magearna|def|2\n|\n|-heal|p1a: Garganacl|26\/100|[from] item: Leftovers\n|-damage|p2a: Magearna|41\/100|[from] Salt Cure\n|upkeep\n|turn|16\n|\n|t:|1700883134\n|switch|p1a: Enamorus|Enamorus, F|100\/100\n|move|p2a: Magearna|Draining Kiss|p1a: Enamorus\n|-damage|p1a: Enamorus|52\/100\n|-heal|p2a: Magearna|69\/100|[from] drain|[of] p1a: Enamorus\n|\n|-damage|p2a: Magearna|45\/100|[from] Salt Cure\n|upkeep\n|turn|17\n|inactive|WillItBoom has 90 seconds left.\n|\n|t:|1700883149\n|move|p1a: Enamorus|Misty Explosion|p2a: Magearna\n|-resisted|p2a: Magearna\n|-damage|p2a: Magearna|23\/100\n|faint|p1a: Enamorus\n|-ability|p2a: Magearna|Soul-Heart|boost\n|-boost|p2a: Magearna|spa|1\n|move|p2a: Magearna|Stored Power|p1: Enamorus|[notarget]\n|-fail|p2a: Magearna\n|\n|-damage|p2a: Magearna|0 fnt|[from] Salt Cure\n|faint|p2a: Magearna\n|upkeep\n|inactive|WillItBoom has 90 seconds left.\n|\n|t:|1700883171\n|switch|p1a: Drifblim|Drifblim, M|100\/100\n|switch|p2a: Regieleki|Regieleki|100\/100\n|turn|18\n|\n|t:|1700883182\n|-terastallize|p2a: Regieleki|Ice\n|-terastallize|p1a: Drifblim|Ghost\n|move|p2a: Regieleki|Tera Blast|p1a: Drifblim|[anim] Tera Blast Ice\n|-damage|p1a: Drifblim|48\/100\n|-damage|p2a: Regieleki|91\/100|[from] item: Life Orb\n|move|p1a: Drifblim|Trick Room|p1a: Drifblim\n|-fieldstart|move: Trick Room|[of] p1a: Drifblim\n|-enditem|p1a: Drifblim|Room Service\n|-unboost|p1a: Drifblim|spe|1|[from] item: Room Service\n|\n|upkeep\n|turn|19\n|inactive|WillItBoom has 90 seconds left.\n|\n|t:|1700883200\n|switch|p2a: Blissey|Blissey, F|100\/100\n|move|p1a: Drifblim|Destiny Bond|p1a: Drifblim\n|-singlemove|p1a: Drifblim|Destiny Bond\n|\n|upkeep\n|turn|20\n|\n|t:|1700883209\n|move|p1a: Drifblim|Explosion|p2a: Blissey\n|-damage|p2a: Blissey|0 fnt\n|faint|p1a: Drifblim\n|faint|p2a: Blissey\n|\n|upkeep\n|inactive|WillItBoom has 90 seconds left.\n|\n|t:|1700883220\n|switch|p2a: Chien-Pao|Chien-Pao|14\/100\n|switch|p1a: Garganacl|Garganacl, F|26\/100\n|-ability|p2a: Chien-Pao|Sword of Ruin\n|turn|21\n|inactive|WillItBoom has 90 seconds left.\n|\n|t:|1700883231\n|move|p1a: Garganacl|Salt Cure|p2a: Chien-Pao\n|-supereffective|p2a: Chien-Pao\n|-crit|p2a: Chien-Pao\n|-damage|p2a: Chien-Pao|0 fnt\n|faint|p2a: Chien-Pao\n|\n|-heal|p1a: Garganacl|33\/100|[from] item: Leftovers\n|upkeep\n|\n|t:|1700883240\n|switch|p2a: Regieleki|Regieleki, tera:Ice|91\/100\n|turn|22\n|\n|t:|1700883244\n|move|p1a: Garganacl|Sandstorm|p1a: Garganacl\n|-weather|Sandstorm\n|move|p2a: Regieleki|Volt Switch|p1a: Garganacl\n|-damage|p1a: Garganacl|0 fnt\n|faint|p1a: Garganacl\n|-damage|p2a: Regieleki|81\/100|[from] item: Life Orb\n|\n|t:|1700883251\n|switch|p2a: Urshifu|Urshifu, M|88\/100|[from] Volt Switch\n|\n|-weather|Sandstorm|[upkeep]\n|-damage|p2a: Urshifu|82\/100|[from] Sandstorm\n|-fieldend|move: Trick Room\n|upkeep\n|\n|t:|1700883260\n|switch|p1a: Golem|Golem-Alola, F|50\/100\n|turn|23\n|\n|t:|1700883266\n|move|p2a: Urshifu|Wicked Blow|p1a: Golem\n|-crit|p1a: Golem\n|-damage|p1a: Golem|0 fnt\n|faint|p1a: Golem\n|\n|-weather|Sandstorm|[upkeep]\n|-damage|p2a: Urshifu|76\/100|[from] Sandstorm\n|upkeep\n|\n|t:|1700883273\n|switch|p1a: Pawmot|Pawmot, F|23\/100\n|turn|24\n|\n|t:|1700883281\n|switch|p2a: Regieleki|Regieleki, tera:Ice|81\/100\n|move|p1a: Pawmot|Knock Off|p2a: Regieleki\n|-damage|p2a: Regieleki|34\/100\n|-enditem|p2a: Regieleki|Life Orb|[from] move: Knock Off|[of] p1a: Pawmot\n|\n|-weather|Sandstorm|[upkeep]\n|-damage|p2a: Regieleki|28\/100|[from] Sandstorm\n|-damage|p1a: Pawmot|17\/100|[from] Sandstorm\n|upkeep\n|turn|25\n|\n|t:|1700883291\n|move|p2a: Regieleki|Tera Blast|p1a: Pawmot|[anim] Tera Blast Ice\n|-damage|p1a: Pawmot|0 fnt\n|faint|p1a: Pawmot\n|\n|-weather|Sandstorm|[upkeep]\n|-damage|p2a: Regieleki|22\/100|[from] Sandstorm\n|upkeep\n|\n|t:|1700883298\n|switch|p1a: Houndstone|Houndstone, M|100\/100\n|turn|26\n|\n|t:|1700883304\n|move|p1a: Houndstone|Last Respects|p2a: Regieleki\n|-damage|p2a: Regieleki|0 fnt\n|faint|p2a: Regieleki\n|\n|-weather|none\n|upkeep\n|\n|t:|1700883309\n|switch|p2a: Urshifu|Urshifu, M|76\/100\n|turn|27\n|\n|t:|1700883313\n|move|p1a: Houndstone|Last Respects|p2a: Urshifu\n|-resisted|p2a: Urshifu\n|-damage|p2a: Urshifu|0 fnt\n|faint|p2a: Urshifu\n|\n|win|WillItBoom\n|raw|WillItBoom's rating: 1043 &rarr; <strong>1088<\/strong><br \/>(+45 for winning)\n|raw|teamcb3's rating: 1171 &rarr; <strong>1137<\/strong><br \/>(-34 for losing)\n|c|\u2606WillItBoom|Ggs\n|c|\u2606teamcb3|scarfed sandrusg very nice\n|c|\u2606teamcb3|GG\n|c|\u2606WillItBoom|Yep yep\n|l|\u2606teamcb3\n","uploadtime":1700883631,"views":6,"p1id":"willitboom","p2id":"teamcb3","formatid":"gen9ubers","rating":1088,"private":0,"password":""}