{"id":"gen9ubers-1983686871","p1":"pokmebalz","p2":"AubreyOmori1","format":"[Gen 9] Ubers","log":"|j|\u2606pokmebalz\n|j|\u2606AubreyOmori1\n|t:|1699160915\n|gametype|singles\n|player|p1|pokmebalz|1|1332\n|player|p2|AubreyOmori1|roxie|1399\n|teamsize|p1|6\n|teamsize|p2|6\n|gen|9\n|tier|[Gen 9] Ubers\n|rated|\n|rule|Sleep Clause Mod: Limit one foe put to sleep\n|rule|Species Clause: Limit one of each Pok\u00e9mon\n|rule|OHKO Clause: OHKO moves are banned\n|rule|Evasion Items Clause: Evasion items are banned\n|rule|Evasion Moves Clause: Evasion moves are banned\n|rule|Endless Battle Clause: Forcing endless battles is banned\n|rule|HP Percentage Mod: HP is shown in percentages\n|clearpoke\n|poke|p1|Arceus|\n|poke|p1|Clodsire, M|\n|poke|p1|Kyogre|\n|poke|p1|Calyrex-Ice|\n|poke|p1|Regieleki|\n|poke|p1|Meowscarada, F|\n|poke|p2|Ribombee, F|\n|poke|p2|Arceus|\n|poke|p2|Miraidon|\n|poke|p2|Zacian-*|\n|poke|p2|Koraidon|\n|poke|p2|Flutter Mane|\n|teampreview\n|inactive|Battle timer is ON: inactive players will automatically lose when time's up. (requested by AubreyOmori1)\n|\n|t:|1699160925\n|start\n|switch|p1a: Calyrex|Calyrex-Ice|100\/100\n|switch|p2a: Needle|Ribombee, F, shiny|100\/100\n|-ability|p1a: Calyrex|As One\n|-ability|p1a: Calyrex|Unnerve\n|turn|1\n|\n|t:|1699160930\n|move|p2a: Needle|Sticky Web|p1a: Calyrex\n|-sidestart|p1: pokmebalz|move: Sticky Web\n|move|p1a: Calyrex|Icicle Spear|p2a: Needle\n|-damage|p2a: Needle|72\/100\n|-damage|p2a: Needle|43\/100\n|-damage|p2a: Needle|12\/100\n|-damage|p2a: Needle|0 fnt\n|faint|p2a: Needle\n|-ability|p1a: Calyrex|Chilling Neigh|boost\n|-boost|p1a: Calyrex|atk|1\n|-hitcount|p2: Needle|4\n|\n|upkeep\n|\n|t:|1699160934\n|switch|p2a: Hero|Zacian-Crowned, shiny|100\/100\n|-ability|p2a: Hero|Intrepid Sword|boost\n|-boost|p2a: Hero|atk|1\n|turn|2\n|c|\u2606pokmebalz|zetzi zatcian\n|\n|t:|1699160959\n|-terastallize|p2a: Hero|Flying\n|-terastallize|p1a: Calyrex|Ground\n|move|p2a: Hero|Swords Dance|p2a: Hero\n|-boost|p2a: Hero|atk|2\n|move|p1a: Calyrex|High Horsepower|p2a: Hero\n|-immune|p2a: Hero\n|\n|upkeep\n|turn|3\n|\n|t:|1699160966\n|move|p2a: Hero|Behemoth Blade|p1a: Calyrex\n|-damage|p1a: Calyrex|28\/100\n|move|p1a: Calyrex|Icicle Spear|p2a: Hero\n|-supereffective|p2a: Hero\n|-damage|p2a: Hero|60\/100\n|-supereffective|p2a: Hero\n|-damage|p2a: Hero|16\/100\n|-supereffective|p2a: Hero\n|-damage|p2a: Hero|0 fnt\n|faint|p2a: Hero\n|-ability|p1a: Calyrex|Chilling Neigh|boost\n|-boost|p1a: Calyrex|atk|1\n|-hitcount|p2: Hero|3\n|\n|upkeep\n|\n|t:|1699160973\n|switch|p2a: Yoshi|Koraidon|100\/100\n|-weather|SunnyDay|[from] ability: Orichalcum Pulse|[of] p2a: Yoshi\n|-activate|p2a: Yoshi|Orichalcum Pulse|[source]\n|turn|4\n|\n|t:|1699160986\n|move|p2a: Yoshi|Scale Shot|p1a: Calyrex\n|-damage|p1a: Calyrex|19\/100\n|-damage|p1a: Calyrex|8\/100\n|-damage|p1a: Calyrex|0 fnt\n|faint|p1a: Calyrex\n|-hitcount|p1: Calyrex|3\n|-unboost|p2a: Yoshi|def|1\n|-boost|p2a: Yoshi|spe|1\n|\n|-weather|SunnyDay|[upkeep]\n|upkeep\n|\n|t:|1699161004\n|switch|p1a: my log|Clodsire, M|100\/100\n|-activate|p1a: my log|move: Sticky Web\n|-unboost|p1a: my log|spe|1\n|turn|5\n|\n|t:|1699161011\n|move|p2a: Yoshi|Flare Blitz|p1a: my log\n|-damage|p1a: my log|30\/100\n|-damage|p2a: Yoshi|84\/100|[from] item: Rocky Helmet|[of] p1a: my log\n|-damage|p2a: Yoshi|52\/100|[from] Recoil\n|move|p1a: my log|Mud-Slap|p2a: Yoshi\n|-damage|p2a: Yoshi|49\/100\n|-unboost|p2a: Yoshi|accuracy|1\n|\n|-weather|SunnyDay|[upkeep]\n|upkeep\n|turn|6\n|\n|t:|1699161018\n|move|p2a: Yoshi|Flare Blitz|p1a: my log\n|-damage|p1a: my log|0 fnt\n|-damage|p2a: Yoshi|32\/100|[from] item: Rocky Helmet|[of] p1a: my log\n|faint|p1a: my log\n|-damage|p2a: Yoshi|19\/100|[from] Recoil\n|\n|-weather|SunnyDay|[upkeep]\n|upkeep\n|\n|t:|1699161024\n|switch|p1a: Regieleki|Regieleki|100\/100\n|turn|7\n|\n|t:|1699161028\n|move|p2a: Yoshi|Scale Shot|p1a: Regieleki\n|-damage|p1a: Regieleki|64\/100\n|-damage|p1a: Regieleki|22\/100\n|-damage|p1a: Regieleki|0 fnt\n|faint|p1a: Regieleki\n|-hitcount|p1: Regieleki|3\n|-unboost|p2a: Yoshi|def|1\n|-boost|p2a: Yoshi|spe|1\n|\n|-weather|SunnyDay|[upkeep]\n|upkeep\n|\n|t:|1699161038\n|switch|p1a: Meowscarada|Meowscarada, F, shiny|100\/100\n|-activate|p1a: Meowscarada|move: Sticky Web\n|-unboost|p1a: Meowscarada|spe|1\n|turn|8\n|\n|t:|1699161041\n|move|p1a: Meowscarada|Sucker Punch|p2a: Yoshi\n|-start|p1a: Meowscarada|typechange|Dark|[from] ability: Protean\n|-resisted|p2a: Yoshi\n|-damage|p2a: Yoshi|0 fnt\n|faint|p2a: Yoshi\n|\n|-weather|none\n|upkeep\n|\n|t:|1699161048\n|switch|p2a: Shaggy|Arceus|100\/100\n|turn|9\n|\n|t:|1699161053\n|move|p2a: Shaggy|Extreme Speed|p1a: Meowscarada\n|-damage|p1a: Meowscarada|20\/100\n|move|p1a: Meowscarada|Knock Off|p2a: Shaggy\n|-damage|p2a: Shaggy|67\/100\n|-enditem|p2a: Shaggy|Silk Scarf|[from] move: Knock Off|[of] p1a: Meowscarada\n|\n|upkeep\n|turn|10\n|\n|t:|1699161064\n|move|p2a: Shaggy|Extreme Speed|p1a: Meowscarada\n|-damage|p1a: Meowscarada|0 fnt\n|faint|p1a: Meowscarada\n|\n|upkeep\n|\n|t:|1699161067\n|switch|p1a: stukinachandelier|Arceus|100\/100\n|-activate|p1a: stukinachandelier|move: Sticky Web\n|-unboost|p1a: stukinachandelier|spe|1\n|turn|11\n|\n|t:|1699161072\n|move|p2a: Shaggy|Taunt|p1a: stukinachandelier\n|-start|p1a: stukinachandelier|move: Taunt\n|cant|p1a: stukinachandelier|move: Taunt|Swords Dance\n|\n|upkeep\n|turn|12\n|\n|t:|1699161077\n|move|p1a: stukinachandelier|Extreme Speed|p2a: Shaggy\n|-damage|p2a: Shaggy|38\/100\n|move|p2a: Shaggy|Swords Dance|p2a: Shaggy\n|-boost|p2a: Shaggy|atk|2\n|\n|upkeep\n|turn|13\n|\n|t:|1699161082\n|move|p2a: Shaggy|Extreme Speed|p1a: stukinachandelier\n|-damage|p1a: stukinachandelier|46\/100\n|move|p1a: stukinachandelier|Extreme Speed|p2a: Shaggy\n|-damage|p2a: Shaggy|8\/100\n|\n|-heal|p1a: stukinachandelier|52\/100|[from] item: Leftovers\n|-end|p1a: stukinachandelier|move: Taunt\n|upkeep\n|turn|14\n|\n|t:|1699161087\n|move|p2a: Shaggy|Extreme Speed|p1a: stukinachandelier\n|-damage|p1a: stukinachandelier|0 fnt\n|faint|p1a: stukinachandelier\n|\n|upkeep\n|\n|t:|1699161096\n|switch|p1a: my knobb|Kyogre, shiny|100\/100\n|-activate|p1a: my knobb|move: Sticky Web\n|-unboost|p1a: my knobb|spe|1\n|-weather|RainDance|[from] ability: Drizzle|[of] p1a: my knobb\n|turn|15\n|\n|t:|1699161103\n|move|p2a: Shaggy|Extreme Speed|p1a: my knobb\n|-damage|p1a: my knobb|6\/100\n|move|p1a: my knobb|Ice Beam|p2a: Shaggy\n|-damage|p2a: Shaggy|0 fnt\n|faint|p2a: Shaggy\n|\n|-weather|RainDance|[upkeep]\n|upkeep\n|\n|t:|1699161107\n|switch|p2a: Amelia|Flutter Mane|100\/100\n|turn|16\n|\n|t:|1699161109\n|move|p2a: Amelia|Shadow Ball|p1a: my knobb\n|-damage|p1a: my knobb|0 fnt\n|faint|p1a: my knobb\n|-damage|p2a: Amelia|91\/100|[from] item: Life Orb\n|\n|win|AubreyOmori1\n|raw|pokmebalz's rating: 1332 &rarr; <strong>1316<\/strong><br \/>(-16 for losing)\n|raw|AubreyOmori1's rating: 1399 &rarr; <strong>1415<\/strong><br \/>(+16 for winning)\n|c|\u2606pokmebalz|gg\n|c|\u2606AubreyOmori1|gg\n","uploadtime":1699161121,"views":6,"p1id":"pokmebalz","p2id":"aubreyomori1","formatid":"gen9ubers","rating":1316,"private":0,"password":""}