{"id":"gen9ubers-1987986129","p1":"SwordIsBored","p2":"nimjaishot","format":"[Gen 9] Ubers","log":"|j|\u2606SwordIsBored\n|j|\u2606nimjaishot\n|t:|1699656137\n|gametype|singles\n|player|p1|SwordIsBored|irida|\n|player|p2|nimjaishot|winona-gen6|\n|teamsize|p1|6\n|teamsize|p2|6\n|gen|9\n|tier|[Gen 9] Ubers\n|rule|Sleep Clause Mod: Limit one foe put to sleep\n|rule|Species Clause: Limit one of each Pok\u00e9mon\n|rule|OHKO Clause: OHKO moves are banned\n|rule|Evasion Items Clause: Evasion items are banned\n|rule|Evasion Moves Clause: Evasion moves are banned\n|rule|Endless Battle Clause: Forcing endless battles is banned\n|rule|HP Percentage Mod: HP is shown in percentages\n|clearpoke\n|poke|p1|Arceus-Ghost|\n|poke|p1|Shaymin-Sky|\n|poke|p1|Garchomp, M|\n|poke|p1|Magearna|\n|poke|p1|Palafin, M|\n|poke|p1|Cyclizar, F|\n|poke|p2|Tyranitar, M|\n|poke|p2|Houndstone, F|\n|poke|p2|Ogerpon-Wellspring, F|\n|poke|p2|Zacian-*|\n|poke|p2|Arcanine-Hisui, M|\n|poke|p2|Garchomp, M|\n|teampreview\n|\n|t:|1699656158\n|start\n|switch|p1a: Cyclizar|Cyclizar, F|100\/100\n|switch|p2a: Tyranitar|Tyranitar, M|100\/100\n|-weather|Sandstorm|[from] ability: Sand Stream|[of] p2a: Tyranitar\n|turn|1\n|\n|t:|1699656168\n|move|p1a: Cyclizar|Shed Tail|p1a: Cyclizar\n|-start|p1a: Cyclizar|Substitute|[from] move: Shed Tail\n|-damage|p1a: Cyclizar|50\/100\n|\n|t:|1699656177\n|switch|p1a: Garchomp|Garchomp, M|100\/100|[from] Shed Tail\n|move|p2a: Tyranitar|Stealth Rock|p1a: Garchomp\n|-sidestart|p1: SwordIsBored|move: Stealth Rock\n|\n|-weather|Sandstorm|[upkeep]\n|upkeep\n|turn|2\n|\n|t:|1699656184\n|move|p1a: Garchomp|Swords Dance|p1a: Garchomp\n|-boost|p1a: Garchomp|atk|2\n|move|p2a: Tyranitar|Low Kick|p1a: Garchomp\n|-crit|p1a: Garchomp\n|-end|p1a: Garchomp|Substitute\n|\n|-weather|Sandstorm|[upkeep]\n|upkeep\n|turn|3\n|\n|t:|1699656191\n|move|p1a: Garchomp|Scale Shot|p2a: Tyranitar\n|-damage|p2a: Tyranitar|80\/100\n|-damage|p2a: Tyranitar|58\/100\n|-damage|p2a: Tyranitar|39\/100\n|-damage|p2a: Tyranitar|20\/100\n|-hitcount|p2a: Tyranitar|4\n|-unboost|p1a: Garchomp|def|1\n|-boost|p1a: Garchomp|spe|1\n|move|p2a: Tyranitar|Low Kick|p1a: Garchomp\n|-damage|p1a: Garchomp|66\/100\n|-damage|p2a: Tyranitar|7\/100|[from] ability: Rough Skin|[of] p1a: Garchomp\n|\n|-weather|Sandstorm|[upkeep]\n|-heal|p1a: Garchomp|72\/100|[from] item: Leftovers\n|upkeep\n|turn|4\n|\n|t:|1699656206\n|move|p1a: Garchomp|Scale Shot|p2a: Tyranitar\n|-damage|p2a: Tyranitar|0 fnt\n|faint|p2a: Tyranitar\n|-hitcount|p2: Tyranitar|1\n|-unboost|p1a: Garchomp|def|1\n|-boost|p1a: Garchomp|spe|1\n|\n|-weather|Sandstorm|[upkeep]\n|-heal|p1a: Garchomp|78\/100|[from] item: Leftovers\n|upkeep\n|\n|t:|1699656217\n|switch|p2a: really garchover?|Garchomp, M|100\/100\n|turn|5\n|\n|t:|1699656223\n|move|p1a: Garchomp|Scale Shot|p2a: really garchover?\n|-supereffective|p2a: really garchover?\n|-damage|p2a: really garchover?|46\/100\n|-supereffective|p2a: really garchover?\n|-damage|p2a: really garchover?|0 fnt\n|faint|p2a: really garchover?\n|-hitcount|p2: really garchover?|2\n|-unboost|p1a: Garchomp|def|1\n|-boost|p1a: Garchomp|spe|1\n|\n|-weather|Sandstorm|[upkeep]\n|-heal|p1a: Garchomp|85\/100|[from] item: Leftovers\n|upkeep\n|\n|t:|1699656226\n|switch|p2a: Zacian|Zacian|100\/100\n|-ability|p2a: Zacian|Intrepid Sword|boost\n|-boost|p2a: Zacian|atk|1\n|turn|6\n|\n|t:|1699656235\n|move|p1a: Garchomp|Earthquake|p2a: Zacian\n|-damage|p2a: Zacian|0 fnt\n|faint|p2a: Zacian\n|\n|-weather|Sandstorm|[upkeep]\n|-heal|p1a: Garchomp|91\/100|[from] item: Leftovers\n|upkeep\n|\n|t:|1699656240\n|switch|p2a: Ogerpon|Ogerpon-Wellspring, F|100\/100\n|turn|7\n|\n|t:|1699656249\n|-terastallize|p2a: Ogerpon|Water\n|detailschange|p2a: Ogerpon|Ogerpon-Wellspring-Tera, F, tera:Water\n|-ability|p2a: Ogerpon|Embody Aspect (Wellspring)|boost\n|-boost|p2a: Ogerpon|spd|1\n|move|p1a: Garchomp|Scale Shot|p2a: Ogerpon\n|-damage|p2a: Ogerpon|68\/100\n|-damage|p2a: Ogerpon|32\/100\n|-damage|p2a: Ogerpon|0 fnt\n|faint|p2a: Ogerpon\n|-hitcount|p2: Ogerpon|3\n|-unboost|p1a: Garchomp|def|1\n|-boost|p1a: Garchomp|spe|1\n|\n|-weather|Sandstorm|[upkeep]\n|-heal|p1a: Garchomp|97\/100|[from] item: Leftovers\n|upkeep\n|c|\u2606SwordIsBored|garchomp GOAT\n|-message|nimjaishot forfeited.\n|\n|win|SwordIsBored\n|l|\u2606nimjaishot\n","uploadtime":1699656266,"views":51,"p1id":"swordisbored","p2id":"nimjaishot","formatid":"gen9ubers","rating":0,"private":0,"password":""}