{"id":"gen9ubers-1977833922","p1":"WishNM","p2":"DisloyalWB","format":"[Gen 9] Ubers","log":"|j|\u2606WishNM\n|j|\u2606DisloyalWB\n|t:|1698455292\n|gametype|singles\n|player|p1|WishNM|n|\n|player|p2|DisloyalWB|collector|\n|teamsize|p1|6\n|teamsize|p2|6\n|gen|9\n|tier|[Gen 9] Ubers\n|rule|Sleep Clause Mod: Limit one foe put to sleep\n|rule|Species Clause: Limit one of each Pok\u00e9mon\n|rule|OHKO Clause: OHKO moves are banned\n|rule|Evasion Items Clause: Evasion items are banned\n|rule|Evasion Moves Clause: Evasion moves are banned\n|rule|Endless Battle Clause: Forcing endless battles is banned\n|rule|HP Percentage Mod: HP is shown in percentages\n|clearpoke\n|poke|p1|Talonflame, M|\n|poke|p1|Jirachi|\n|poke|p1|Blissey, F|\n|poke|p1|Ursaluna-Bloodmoon, M|\n|poke|p1|Mimikyu, F|\n|poke|p1|Eelektross, F|\n|poke|p2|Iron Bundle|\n|poke|p2|Slowking-Galar, F|\n|poke|p2|Zapdos-Galar|\n|poke|p2|Ogerpon-Hearthflame, F|\n|poke|p2|Avalugg-Hisui, F|\n|poke|p2|Clefable, F|\n|teampreview\n|\n|t:|1698455308\n|start\n|switch|p1a: Ursaluna|Ursaluna-Bloodmoon, M|100\/100\n|switch|p2a: Zapdos|Zapdos-Galar|100\/100\n|turn|1\n|\n|t:|1698455369\n|move|p2a: Zapdos|Thunderous Kick|p1a: Ursaluna\n|-supereffective|p1a: Ursaluna\n|-damage|p1a: Ursaluna|43\/100\n|-unboost|p1a: Ursaluna|def|1\n|move|p1a: Ursaluna|Blood Moon|p2a: Zapdos\n|-damage|p2a: Zapdos|9\/100\n|\n|-heal|p1a: Ursaluna|49\/100|[from] item: Leftovers\n|upkeep\n|turn|2\n|\n|t:|1698455432\n|switch|p2a: Clefable|Clefable, F, shiny|100\/100\n|move|p1a: Ursaluna|Vacuum Wave|p2a: Clefable\n|-resisted|p2a: Clefable\n|-damage|p2a: Clefable|95\/100\n|\n|-heal|p2a: Clefable|100\/100|[from] item: Leftovers\n|-heal|p1a: Ursaluna|55\/100|[from] item: Leftovers\n|upkeep\n|turn|3\n|\n|t:|1698455468\n|move|p2a: Clefable|Ice Beam|p1a: Ursaluna\n|-supereffective|p1a: Ursaluna\n|-damage|p1a: Ursaluna|14\/100\n|move|p1a: Ursaluna|Moonlight|p1a: Ursaluna\n|-heal|p1a: Ursaluna|64\/100\n|\n|-heal|p1a: Ursaluna|70\/100|[from] item: Leftovers\n|upkeep\n|turn|4\n|\n|t:|1698455484\n|move|p2a: Clefable|Ice Beam|p1a: Ursaluna\n|-supereffective|p1a: Ursaluna\n|-damage|p1a: Ursaluna|26\/100\n|move|p1a: Ursaluna|Moonlight|p1a: Ursaluna\n|-heal|p1a: Ursaluna|76\/100\n|\n|-heal|p1a: Ursaluna|82\/100|[from] item: Leftovers\n|upkeep\n|turn|5\n|\n|t:|1698455497\n|move|p2a: Clefable|Ice Beam|p1a: Ursaluna\n|-supereffective|p1a: Ursaluna\n|-damage|p1a: Ursaluna|40\/100\n|move|p1a: Ursaluna|Calm Mind|p1a: Ursaluna\n|-boost|p1a: Ursaluna|spa|1\n|-boost|p1a: Ursaluna|spd|1\n|\n|-heal|p1a: Ursaluna|47\/100|[from] item: Leftovers\n|upkeep\n|turn|6\n|\n|t:|1698455540\n|move|p2a: Clefable|Ice Beam|p1a: Ursaluna\n|-supereffective|p1a: Ursaluna\n|-damage|p1a: Ursaluna|2\/100\n|move|p1a: Ursaluna|Moonlight|p1a: Ursaluna\n|-heal|p1a: Ursaluna|52\/100\n|\n|-heal|p1a: Ursaluna|58\/100|[from] item: Leftovers\n|upkeep\n|turn|7\n|\n|t:|1698455568\n|move|p2a: Clefable|Ice Beam|p1a: Ursaluna\n|-supereffective|p1a: Ursaluna\n|-damage|p1a: Ursaluna|16\/100\n|move|p1a: Ursaluna|Moonlight|p1a: Ursaluna\n|-heal|p1a: Ursaluna|66\/100\n|\n|-heal|p1a: Ursaluna|72\/100|[from] item: Leftovers\n|upkeep\n|turn|8\n|\n|t:|1698455577\n|move|p2a: Clefable|Ice Beam|p1a: Ursaluna\n|-supereffective|p1a: Ursaluna\n|-damage|p1a: Ursaluna|25\/100\n|move|p1a: Ursaluna|Blood Moon|p2a: Clefable\n|-damage|p2a: Clefable|47\/100\n|\n|-heal|p2a: Clefable|53\/100|[from] item: Leftovers\n|-heal|p1a: Ursaluna|31\/100|[from] item: Leftovers\n|upkeep\n|turn|9\n|\n|t:|1698455593\n|switch|p1a: Jirachi|Jirachi|100\/100\n|move|p2a: Clefable|Ice Beam|p1a: Jirachi\n|-resisted|p1a: Jirachi\n|-damage|p1a: Jirachi|89\/100\n|\n|-heal|p2a: Clefable|59\/100|[from] item: Leftovers\n|upkeep\n|turn|10\n|\n|t:|1698455604\n|switch|p2a: Ogerpon|Ogerpon-Hearthflame, F|100\/100\n|-ability|p2a: Ogerpon|Mold Breaker\n|move|p1a: Jirachi|Flash Cannon|p2a: Ogerpon\n|-resisted|p2a: Ogerpon\n|-damage|p2a: Ogerpon|82\/100\n|\n|upkeep\n|turn|11\n|\n|t:|1698455621\n|switch|p1a: Talonflame|Talonflame, M|100\/100\n|move|p2a: Ogerpon|Knock Off|p1a: Talonflame\n|-damage|p1a: Talonflame|43\/100\n|-enditem|p1a: Talonflame|Heavy-Duty Boots|[from] move: Knock Off|[of] p2a: Ogerpon\n|\n|upkeep\n|turn|12\n|\n|t:|1698455632\n|switch|p2a: Avalugg|Avalugg-Hisui, F, shiny|100\/100\n|move|p1a: Talonflame|Brave Bird|p2a: Avalugg\n|-resisted|p2a: Avalugg\n|-damage|p2a: Avalugg|91\/100\n|-damage|p1a: Talonflame|27\/100|[from] item: Rocky Helmet|[of] p2a: Avalugg\n|-damage|p1a: Talonflame|23\/100|[from] Recoil\n|\n|upkeep\n|turn|13\n|\n|t:|1698455644\n|move|p1a: Talonflame|Roost|p1a: Talonflame\n|-heal|p1a: Talonflame|73\/100\n|-singleturn|p1a: Talonflame|move: Roost\n|move|p2a: Avalugg|Crunch|p1a: Talonflame\n|-damage|p1a: Talonflame|22\/100\n|\n|upkeep\n|turn|14\n|\n|t:|1698455651\n|move|p1a: Talonflame|Roost|p1a: Talonflame\n|-heal|p1a: Talonflame|72\/100\n|-singleturn|p1a: Talonflame|move: Roost\n|move|p2a: Avalugg|Crunch|p1a: Talonflame\n|-crit|p1a: Talonflame\n|-damage|p1a: Talonflame|0 fnt\n|-status|p2a: Avalugg|brn|[from] ability: Flame Body|[of] p1a: Talonflame\n|faint|p1a: Talonflame\n|\n|-damage|p2a: Avalugg|85\/100 brn|[from] brn\n|upkeep\n|\n|t:|1698455663\n|switch|p1a: Ursaluna|Ursaluna-Bloodmoon, M|31\/100\n|turn|15\n|\n|t:|1698455676\n|move|p1a: Ursaluna|Moonlight|p1a: Ursaluna\n|-heal|p1a: Ursaluna|81\/100\n|move|p2a: Avalugg|Body Press|p1a: Ursaluna\n|-supereffective|p1a: Ursaluna\n|-damage|p1a: Ursaluna|55\/100\n|\n|-heal|p1a: Ursaluna|61\/100|[from] item: Leftovers\n|-damage|p2a: Avalugg|79\/100 brn|[from] brn\n|upkeep\n|turn|16\n|\n|t:|1698455688\n|move|p1a: Ursaluna|Calm Mind|p1a: Ursaluna\n|-boost|p1a: Ursaluna|spa|1\n|-boost|p1a: Ursaluna|spd|1\n|move|p2a: Avalugg|Body Press|p1a: Ursaluna\n|-supereffective|p1a: Ursaluna\n|-damage|p1a: Ursaluna|33\/100\n|\n|-heal|p1a: Ursaluna|39\/100|[from] item: Leftovers\n|-damage|p2a: Avalugg|73\/100 brn|[from] brn\n|upkeep\n|turn|17\n|\n|t:|1698455707\n|move|p1a: Ursaluna|Moonlight|p1a: Ursaluna\n|-heal|p1a: Ursaluna|89\/100\n|move|p2a: Avalugg|Body Press|p1a: Ursaluna\n|-supereffective|p1a: Ursaluna\n|-damage|p1a: Ursaluna|60\/100\n|\n|-heal|p1a: Ursaluna|67\/100|[from] item: Leftovers\n|-damage|p2a: Avalugg|67\/100 brn|[from] brn\n|upkeep\n|turn|18\n|\n|t:|1698455944\n|switch|p2a: Slowking|Slowking-Galar, F, shiny|100\/100\n|move|p1a: Ursaluna|Vacuum Wave|p2a: Slowking\n|-resisted|p2a: Slowking\n|-damage|p2a: Slowking|97\/100\n|\n|-heal|p1a: Ursaluna|73\/100|[from] item: Leftovers\n|upkeep\n|turn|19\n|\n|t:|1698455958\n|move|p1a: Ursaluna|Calm Mind|p1a: Ursaluna\n|-boost|p1a: Ursaluna|spa|1\n|-boost|p1a: Ursaluna|spd|1\n|move|p2a: Slowking|Grass Knot|p1a: Ursaluna\n|-supereffective|p1a: Ursaluna\n|-damage|p1a: Ursaluna|41\/100\n|\n|-heal|p1a: Ursaluna|47\/100|[from] item: Leftovers\n|upkeep\n|turn|20\n|\n|t:|1698455984\n|move|p1a: Ursaluna|Moonlight|p1a: Ursaluna\n|-heal|p1a: Ursaluna|97\/100\n|move|p2a: Slowking|Grass Knot|p1a: Ursaluna\n|-supereffective|p1a: Ursaluna\n|-damage|p1a: Ursaluna|66\/100\n|\n|-heal|p1a: Ursaluna|72\/100|[from] item: Leftovers\n|upkeep\n|turn|21\n|\n|t:|1698456151\n|move|p1a: Ursaluna|Calm Mind|p1a: Ursaluna\n|-boost|p1a: Ursaluna|spa|1\n|-boost|p1a: Ursaluna|spd|1\n|move|p2a: Slowking|Chilly Reception|p2a: Slowking\n|-weather|Snow\n|\n|t:|1698456164\n|switch|p2a: Iron Bundle|Iron Bundle, shiny|100\/100|[from] Chilly Reception\n|\n|-weather|Snow|[upkeep]\n|-heal|p1a: Ursaluna|78\/100|[from] item: Leftovers\n|upkeep\n|turn|22\n|\n|t:|1698456172\n|-end|p2a: Iron Bundle|Quark Drive|[silent]\n|switch|p2a: Clefable|Clefable, F, shiny|59\/100\n|move|p1a: Ursaluna|Vacuum Wave|p2a: Clefable\n|-resisted|p2a: Clefable\n|-damage|p2a: Clefable|54\/100\n|\n|-weather|Snow|[upkeep]\n|-heal|p2a: Clefable|60\/100|[from] item: Leftovers\n|-heal|p1a: Ursaluna|84\/100|[from] item: Leftovers\n|upkeep\n|turn|23\n|\n|t:|1698456181\n|move|p2a: Clefable|Protect|p2a: Clefable\n|-singleturn|p2a: Clefable|Protect\n|move|p1a: Ursaluna|Blood Moon|p2a: Clefable\n|-activate|p2a: Clefable|move: Protect\n|\n|-weather|Snow|[upkeep]\n|-heal|p2a: Clefable|66\/100|[from] item: Leftovers\n|-heal|p1a: Ursaluna|90\/100|[from] item: Leftovers\n|upkeep\n|turn|24\n|\n|t:|1698456191\n|move|p1a: Ursaluna|Vacuum Wave|p2a: Clefable\n|-resisted|p2a: Clefable\n|-damage|p2a: Clefable|61\/100\n|move|p2a: Clefable|Wish|p2a: Clefable\n|\n|-weather|Snow|[upkeep]\n|-heal|p2a: Clefable|68\/100|[from] item: Leftovers\n|-heal|p1a: Ursaluna|97\/100|[from] item: Leftovers\n|upkeep\n|turn|25\n|\n|t:|1698456243\n|move|p1a: Ursaluna|Vacuum Wave|p2a: Clefable\n|-resisted|p2a: Clefable\n|-damage|p2a: Clefable|62\/100\n|move|p2a: Clefable|Ice Beam|p1a: Ursaluna\n|-supereffective|p1a: Ursaluna\n|-damage|p1a: Ursaluna|55\/100\n|\n|-weather|none\n|-heal|p2a: Clefable|100\/100|[from] move: Wish|[wisher] Clefable\n|-heal|p1a: Ursaluna|61\/100|[from] item: Leftovers\n|upkeep\n|turn|26\n|\n|t:|1698456258\n|move|p2a: Clefable|Ice Beam|p1a: Ursaluna\n|-supereffective|p1a: Ursaluna\n|-damage|p1a: Ursaluna|14\/100\n|move|p1a: Ursaluna|Blood Moon|p2a: Clefable\n|-damage|p2a: Clefable|48\/100\n|\n|-heal|p2a: Clefable|54\/100|[from] item: Leftovers\n|-heal|p1a: Ursaluna|20\/100|[from] item: Leftovers\n|upkeep\n|turn|27\n|\n|t:|1698456279\n|switch|p1a: Eelektross|Eelektross, F|100\/100\n|move|p2a: Clefable|Ice Beam|p1a: Eelektross\n|-damage|p1a: Eelektross|86\/100\n|\n|-heal|p2a: Clefable|60\/100|[from] item: Leftovers\n|upkeep\n|turn|28\n|\n|t:|1698456292\n|switch|p2a: Slowking|Slowking-Galar, F, shiny|100\/100\n|move|p1a: Eelektross|Flash Cannon|p2a: Slowking\n|-damage|p2a: Slowking|89\/100\n|\n|upkeep\n|turn|29\n|\n|t:|1698456326\n|move|p2a: Slowking|Sludge Bomb|p1a: Eelektross\n|-damage|p1a: Eelektross|60\/100\n|move|p1a: Eelektross|Volt Switch|p2a: Slowking\n|-damage|p2a: Slowking|75\/100\n|\n|t:|1698456332\n|switch|p1a: Jirachi|Jirachi|89\/100|[from] Volt Switch\n|\n|upkeep\n|turn|30\n|\n|t:|1698456374\n|move|p1a: Jirachi|U-turn|p2a: Slowking\n|-damage|p2a: Slowking|59\/100\n|\n|t:|1698456380\n|switch|p1a: Blissey|Blissey, F|100\/100|[from] U-turn\n|move|p2a: Slowking|Chilly Reception|p2a: Slowking\n|-weather|Snow\n|\n|t:|1698456385\n|switch|p2a: Zapdos|Zapdos-Galar|9\/100|[from] Chilly Reception\n|\n|-weather|Snow|[upkeep]\n|upkeep\n|turn|31\n|\n|t:|1698456407\n|switch|p1a: Jirachi|Jirachi|89\/100\n|move|p2a: Zapdos|Knock Off|p1a: Jirachi\n|-supereffective|p1a: Jirachi\n|-damage|p1a: Jirachi|27\/100\n|-enditem|p1a: Jirachi|Choice Scarf|[from] move: Knock Off|[of] p2a: Zapdos\n|\n|-weather|Snow|[upkeep]\n|upkeep\n|turn|32\n|\n|t:|1698456423\n|move|p1a: Jirachi|Psychic|p2a: Zapdos\n|-supereffective|p2a: Zapdos\n|-damage|p2a: Zapdos|0 fnt\n|faint|p2a: Zapdos\n|\n|-weather|Snow|[upkeep]\n|upkeep\n|\n|t:|1698456473\n|switch|p2a: Iron Bundle|Iron Bundle, shiny|100\/100\n|turn|33\n|\n|t:|1698456482\n|move|p2a: Iron Bundle|Hydro Pump|p1a: Jirachi\n|-damage|p1a: Jirachi|0 fnt\n|faint|p1a: Jirachi\n|\n|-weather|Snow|[upkeep]\n|upkeep\n|\n|t:|1698456487\n|switch|p1a: Blissey|Blissey, F|100\/100\n|turn|34\n|\n|t:|1698456497\n|-end|p2a: Iron Bundle|Quark Drive|[silent]\n|switch|p2a: Avalugg|Avalugg-Hisui, F, shiny|67\/100 brn\n|move|p1a: Blissey|Thunder Wave||[still]\n|-fail|p1a: Blissey\n|\n|-weather|none\n|-damage|p2a: Avalugg|61\/100 brn|[from] brn\n|upkeep\n|turn|35\n|\n|t:|1698456521\n|switch|p1a: Eelektross|Eelektross, F|60\/100\n|move|p2a: Avalugg|Crunch|p1a: Eelektross\n|-damage|p1a: Eelektross|47\/100\n|\n|-damage|p2a: Avalugg|55\/100 brn|[from] brn\n|upkeep\n|turn|36\n|\n|t:|1698456546\n|switch|p2a: Slowking|Slowking-Galar, F, shiny|92\/100\n|move|p1a: Eelektross|Volt Switch|p2a: Slowking\n|-damage|p2a: Slowking|78\/100\n|\n|t:|1698456568\n|switch|p1a: Mimikyu|Mimikyu, F|100\/100|[from] Volt Switch\n|\n|upkeep\n|turn|37\n|\n|t:|1698456605\n|move|p1a: Mimikyu|Swords Dance|p1a: Mimikyu\n|-boost|p1a: Mimikyu|atk|2\n|move|p2a: Slowking|Sludge Bomb|p1a: Mimikyu\n|-activate|p1a: Mimikyu|ability: Disguise\n|-damage|p1a: Mimikyu|100\/100\n|detailschange|p1a: Mimikyu|Mimikyu-Busted, F\n|-damage|p1a: Mimikyu|88\/100|[from] pokemon: Mimikyu-Busted\n|\n|upkeep\n|turn|38\n|\n|t:|1698456636\n|move|p1a: Mimikyu|Shadow Sneak|p2a: Slowking\n|-supereffective|p2a: Slowking\n|-damage|p2a: Slowking|0 fnt\n|faint|p2a: Slowking\n|-damage|p1a: Mimikyu|78\/100|[from] item: Life Orb\n|\n|upkeep\n|\n|t:|1698456656\n|switch|p2a: Clefable|Clefable, F, shiny|60\/100\n|turn|39\n|\n|t:|1698456668\n|move|p1a: Mimikyu|Wood Hammer|p2a: Clefable\n|-damage|p2a: Clefable|11\/100\n|-damage|p1a: Mimikyu|58\/100|[from] Recoil\n|-damage|p1a: Mimikyu|48\/100|[from] item: Life Orb\n|move|p2a: Clefable|Wish|p2a: Clefable\n|\n|-heal|p2a: Clefable|18\/100|[from] item: Leftovers\n|upkeep\n|turn|40\n|\n|t:|1698456684\n|move|p2a: Clefable|Protect|p2a: Clefable\n|-singleturn|p2a: Clefable|Protect\n|move|p1a: Mimikyu|Shadow Sneak|p2a: Clefable\n|-activate|p2a: Clefable|move: Protect\n|\n|-heal|p2a: Clefable|68\/100|[from] move: Wish|[wisher] Clefable\n|-heal|p2a: Clefable|74\/100|[from] item: Leftovers\n|upkeep\n|turn|41\n|\n|t:|1698456699\n|switch|p1a: Blissey|Blissey, F|100\/100\n|move|p2a: Clefable|Moonblast|p1a: Blissey\n|-crit|p1a: Blissey\n|-damage|p1a: Blissey|88\/100\n|\n|-heal|p2a: Clefable|80\/100|[from] item: Leftovers\n|-heal|p1a: Blissey|94\/100|[from] item: Leftovers\n|upkeep\n|turn|42\n|\n|t:|1698456730\n|switch|p2a: Avalugg|Avalugg-Hisui, F, shiny|55\/100 brn\n|move|p1a: Blissey|Stealth Rock|p2a: Avalugg\n|-sidestart|p2: DisloyalWB|move: Stealth Rock\n|\n|-heal|p1a: Blissey|99\/100|[from] item: Leftovers\n|-damage|p2a: Avalugg|49\/100 brn|[from] brn\n|upkeep\n|turn|43\n|\n|t:|1698456738\n|move|p1a: Blissey|Seismic Toss|p2a: Avalugg\n|-damage|p2a: Avalugg|23\/100 brn\n|-damage|p1a: Blissey|83\/100|[from] item: Rocky Helmet|[of] p2a: Avalugg\n|move|p2a: Avalugg|Rapid Spin|p1a: Blissey\n|-damage|p1a: Blissey|69\/100\n|-boost|p2a: Avalugg|spe|1\n|-sideend|p2: DisloyalWB|Stealth Rock|[from] move: Rapid Spin|[of] p2a: Avalugg\n|\n|-heal|p1a: Blissey|75\/100|[from] item: Leftovers\n|-damage|p2a: Avalugg|17\/100 brn|[from] brn\n|upkeep\n|turn|44\n|\n|t:|1698456751\n|move|p2a: Avalugg|Crunch|p1a: Blissey\n|-damage|p1a: Blissey|44\/100\n|-unboost|p1a: Blissey|def|1\n|move|p1a: Blissey|Seismic Toss|p2a: Avalugg\n|-damage|p2a: Avalugg|0 fnt\n|-damage|p1a: Blissey|27\/100|[from] item: Rocky Helmet|[of] p2a: Avalugg\n|faint|p2a: Avalugg\n|\n|-heal|p1a: Blissey|33\/100|[from] item: Leftovers\n|upkeep\n|\n|t:|1698456766\n|switch|p2a: Ogerpon|Ogerpon-Hearthflame, F|82\/100\n|-ability|p2a: Ogerpon|Mold Breaker\n|turn|45\n|\n|t:|1698456779\n|move|p2a: Ogerpon|Knock Off|p1a: Blissey\n|-damage|p1a: Blissey|0 fnt\n|-enditem|p1a: Blissey|Leftovers|[from] move: Knock Off|[of] p2a: Ogerpon\n|faint|p1a: Blissey\n|\n|upkeep\n|\n|t:|1698456804\n|switch|p1a: Eelektross|Eelektross, F|47\/100\n|turn|46\n|\n|t:|1698456817\n|move|p2a: Ogerpon|Ivy Cudgel|p1a: Eelektross\n|-damage|p1a: Eelektross|5\/100\n|move|p1a: Eelektross|Discharge|p2a: Ogerpon\n|-resisted|p2a: Ogerpon\n|-damage|p2a: Ogerpon|66\/100\n|\n|upkeep\n|turn|47\n|\n|t:|1698456830\n|move|p2a: Ogerpon|Ivy Cudgel|p1a: Eelektross\n|-crit|p1a: Eelektross\n|-damage|p1a: Eelektross|0 fnt\n|faint|p1a: Eelektross\n|\n|upkeep\n|\n|t:|1698456844\n|switch|p1a: Ursaluna|Ursaluna-Bloodmoon, M|20\/100\n|turn|48\n|\n|t:|1698456847\n|switch|p1a: Mimikyu|Mimikyu-Busted, F|48\/100\n|move|p2a: Ogerpon|Knock Off|p1a: Mimikyu\n|-damage|p1a: Mimikyu|1\/100\n|-enditem|p1a: Mimikyu|Life Orb|[from] move: Knock Off|[of] p2a: Ogerpon\n|\n|upkeep\n|turn|49\n|\n|t:|1698456864\n|move|p1a: Mimikyu|Shadow Sneak|p2a: Ogerpon\n|-damage|p2a: Ogerpon|43\/100\n|move|p2a: Ogerpon|Ivy Cudgel|p1a: Mimikyu\n|-damage|p1a: Mimikyu|0 fnt\n|faint|p1a: Mimikyu\n|\n|upkeep\n|\n|t:|1698456869\n|switch|p1a: Ursaluna|Ursaluna-Bloodmoon, M|20\/100\n|turn|50\n|\n|t:|1698456877\n|move|p2a: Ogerpon|Ivy Cudgel|p1a: Ursaluna\n|-crit|p1a: Ursaluna\n|-damage|p1a: Ursaluna|0 fnt\n|faint|p1a: Ursaluna\n|\n|win|DisloyalWB\n","uploadtime":1698456886,"views":6,"p1id":"wishnm","p2id":"disloyalwb","formatid":"gen9ubers","rating":0,"private":0,"password":""}