{"id":"gen9ubers-1978999156","p1":"Superison","p2":"LOLWhale","format":"[Gen 9] Ubers","log":"|j|\u2606Superison\n|j|\u2606LOLWhale\n|t:|1698619399\n|gametype|singles\n|player|p1|Superison|101|\n|player|p2|LOLWhale|169|\n|teamsize|p1|6\n|teamsize|p2|6\n|gen|9\n|tier|[Gen 9] Ubers\n|rule|Sleep Clause Mod: Limit one foe put to sleep\n|rule|Species Clause: Limit one of each Pok\u00e9mon\n|rule|OHKO Clause: OHKO moves are banned\n|rule|Evasion Items Clause: Evasion items are banned\n|rule|Evasion Moves Clause: Evasion moves are banned\n|rule|Endless Battle Clause: Forcing endless battles is banned\n|rule|HP Percentage Mod: HP is shown in percentages\n|clearpoke\n|poke|p1|Ursaluna-Bloodmoon, M|\n|poke|p1|Sneasler, M|\n|poke|p1|Samurott-Hisui, M|\n|poke|p1|Mew|\n|poke|p1|Goodra, M|\n|poke|p1|Regieleki|\n|poke|p2|Tornadus-Therian, M|\n|poke|p2|Regidrago|\n|poke|p2|Espeon, M|\n|poke|p2|Gurdurr, M|\n|poke|p2|Muk-Alola, F|\n|poke|p2|Heatran, F|\n|teampreview\n|\n|t:|1698619454\n|start\n|switch|p1a: Sneasler|Sneasler, M|100\/100\n|switch|p2a: Espeon|Espeon, M|100\/100\n|turn|1\n|\n|t:|1698619505\n|switch|p2a: Gurdurr|Gurdurr, M|100\/100\n|move|p1a: Sneasler|Fake Out|p2a: Gurdurr\n|-enditem|p1a: Sneasler|Normal Gem|[from] gem\n|-damage|p2a: Gurdurr|86\/100\n|\n|upkeep\n|turn|2\n|\n|t:|1698619555\n|move|p1a: Sneasler|U-turn|p2a: Gurdurr\n|-resisted|p2a: Gurdurr\n|-damage|p2a: Gurdurr|76\/100\n|\n|t:|1698619599\n|switch|p1a: Mew|Mew|100\/100|[from] U-turn\n|move|p2a: Gurdurr|Facade|p1a: Mew\n|-damage|p1a: Mew|77\/100\n|\n|upkeep\n|turn|3\n|\n|t:|1698619658\n|-terastallize|p2a: Gurdurr|Dark\n|move|p1a: Mew|Earth Power|p2a: Gurdurr\n|-damage|p2a: Gurdurr|48\/100\n|move|p2a: Gurdurr|Knock Off|p1a: Mew\n|-supereffective|p1a: Mew\n|-damage|p1a: Mew|0 fnt\n|-enditem|p1a: Mew|Choice Scarf|[from] move: Knock Off|[of] p2a: Gurdurr\n|faint|p1a: Mew\n|\n|upkeep\n|\n|t:|1698619714\n|switch|p1a: Regieleki|Regieleki|100\/100\n|turn|4\n|\n|t:|1698619743\n|move|p1a: Regieleki|Thunderbolt|p2a: Gurdurr\n|-damage|p2a: Gurdurr|0 fnt\n|faint|p2a: Gurdurr\n|\n|upkeep\n|c|\u2606Superison|i forgot to check teras ngl hehe\n|j| hatev2\n|\n|t:|1698619859\n|switch|p2a: Espeon|Espeon, M|100\/100\n|turn|5\n|j| KaoVT\n|c| hatev2|cant believe mew is already dead smh\n|c| hatev2|cant do that to my goat\n|c|\u2606LOLWhale|gurdurr can do what he likes\n|\n|t:|1698619921\n|move|p1a: Regieleki|Volt Switch|p2a: Espeon\n|-damage|p2a: Espeon|36\/100\n|\n|t:|1698619924\n|switch|p1a: Goodra|Goodra, M|100\/100|[from] Volt Switch\n|move|p2a: Espeon|Shadow Ball|p1a: Goodra\n|-damage|p1a: Goodra|92\/100\n|\n|upkeep\n|turn|6\n|c| hatev2|u right\n|c| KaoVT|okay hear me out\n|c| KaoVT|goodra.. would you..?\n|c| hatev2|S\n|c| hatev2|M\n|c| hatev2|A\n|c| hatev2|S\n|c| hatev2|H\n|c| KaoVT|REAL\n|\n|t:|1698619992\n|move|p2a: Espeon|Draining Kiss|p1a: Goodra\n|-supereffective|p1a: Goodra\n|-damage|p1a: Goodra|80\/100\n|-heal|p2a: Espeon|48\/100|[from] drain|[of] p1a: Goodra\n|-ability|p1a: Goodra|Gooey\n|-unboost|p2a: Espeon|spe|1\n|move|p1a: Goodra|Draco Meteor|p2a: Espeon\n|-damage|p2a: Espeon|0 fnt\n|-unboost|p1a: Goodra|spa|2\n|faint|p2a: Espeon\n|\n|upkeep\n|c|\u2606Superison|goodra doesn't have a shell to smash ;-;\n|\n|t:|1698620003\n|switch|p2a: Muk|Muk-Alola, F|100\/100\n|turn|7\n|c| hatev2|ill give it a shell\n|c| hatev2|i will make it possible\n|\n|t:|1698620015\n|move|p1a: Goodra|Earthquake|p2a: Muk\n|-supereffective|p2a: Muk\n|-damage|p2a: Muk|69\/100\n|move|p2a: Muk|Knock Off|p1a: Goodra\n|-damage|p1a: Goodra|37\/100\n|-ability|p1a: Goodra|Gooey\n|-unboost|p2a: Muk|spe|1\n|-status|p1a: Goodra|psn|[from] ability: Poison Touch|[of] p2a: Muk\n|-enditem|p1a: Goodra|Assault Vest|[from] move: Knock Off|[of] p2a: Muk\n|\n|-heal|p2a: Muk|75\/100|[from] item: Leftovers\n|-damage|p1a: Goodra|25\/100 psn|[from] psn\n|upkeep\n|turn|8\n|c| hatev2|wait did you guys know about vaporeon?\n|\n|t:|1698620043\n|switch|p1a: Ursaluna|Ursaluna-Bloodmoon, M|100\/100\n|switch|p2a: Tornadus|Tornadus-Therian, M|100\/100\n|\n|upkeep\n|turn|9\n|\n|t:|1698620090\n|move|p2a: Tornadus|Focus Blast|p1a: Ursaluna\n|-supereffective|p1a: Ursaluna\n|-damage|p1a: Ursaluna|12\/100\n|move|p1a: Ursaluna|Blood Moon|p2a: Tornadus\n|-damage|p2a: Tornadus|16\/100\n|\n|-heal|p1a: Ursaluna|18\/100|[from] item: Leftovers\n|upkeep\n|turn|10\n|\n|t:|1698620106\n|move|p2a: Tornadus|Focus Blast|p1a: Ursaluna\n|-supereffective|p1a: Ursaluna\n|-damage|p1a: Ursaluna|0 fnt\n|faint|p1a: Ursaluna\n|\n|upkeep\n|j| xegrizzy\n|\n|t:|1698620117\n|switch|p1a: Sneasler|Sneasler, M|100\/100\n|turn|11\n|\n|t:|1698620127\n|switch|p2a: Muk|Muk-Alola, F|75\/100\n|move|p1a: Sneasler|Close Combat|p2a: Muk\n|-crit|p2a: Muk\n|-damage|p2a: Muk|3\/100\n|-unboost|p1a: Sneasler|def|1\n|-unboost|p1a: Sneasler|spd|1\n|\n|-heal|p2a: Muk|9\/100|[from] item: Leftovers\n|upkeep\n|turn|12\n|l| KaoVT\n|\n|t:|1698620159\n|move|p1a: Sneasler|Close Combat|p2a: Muk\n|-damage|p2a: Muk|0 fnt\n|-unboost|p1a: Sneasler|def|1\n|-unboost|p1a: Sneasler|spd|1\n|faint|p2a: Muk\n|\n|upkeep\n|c|\u2606LOLWhale|thats gg\n|c|\u2606Superison|nah don't be so sure D:\n|\n|t:|1698620171\n|switch|p2a: Heatran|Heatran, F|100\/100\n|-item|p2a: Heatran|Air Balloon\n|turn|13\n|\n|t:|1698620196\n|switch|p1a: Goodra|Goodra, M|25\/100 psn\n|move|p2a: Heatran|Earth Power|p1a: Goodra\n|-damage|p1a: Goodra|12\/100 psn\n|\n|-damage|p1a: Goodra|0 fnt|[from] psn\n|faint|p1a: Goodra\n|upkeep\n|\n|t:|1698620199\n|switch|p1a: Samurott|Samurott-Hisui, M|100\/100\n|turn|14\n|\n|t:|1698620238\n|move|p1a: Samurott|Sacred Sword|p2a: Heatran\n|-supereffective|p2a: Heatran\n|-damage|p2a: Heatran|22\/100\n|-enditem|p2a: Heatran|Air Balloon\n|move|p2a: Heatran|Will-O-Wisp|p1a: Samurott\n|-status|p1a: Samurott|brn\n|\n|-damage|p1a: Samurott|94\/100 brn|[from] brn\n|upkeep\n|turn|15\n|\n|t:|1698620245\n|switch|p2a: Tornadus|Tornadus-Therian, M|49\/100\n|move|p1a: Samurott|Sacred Sword|p2a: Tornadus\n|-resisted|p2a: Tornadus\n|-damage|p2a: Tornadus|32\/100\n|\n|-damage|p1a: Samurott|88\/100 brn|[from] brn\n|upkeep\n|turn|16\n|\n|t:|1698620255\n|move|p1a: Samurott|Sacred Sword|p2a: Tornadus\n|-resisted|p2a: Tornadus\n|-damage|p2a: Tornadus|14\/100\n|move|p2a: Tornadus|U-turn|p1a: Samurott\n|-supereffective|p1a: Samurott\n|-damage|p1a: Samurott|43\/100 brn\n|\n|t:|1698620283\n|switch|p2a: Heatran|Heatran, F|22\/100|[from] U-turn\n|\n|-damage|p1a: Samurott|36\/100 brn|[from] brn\n|upkeep\n|turn|17\n|\n|t:|1698620287\n|switch|p2a: Tornadus|Tornadus-Therian, M|47\/100\n|move|p1a: Samurott|Sacred Sword|p2a: Tornadus\n|-resisted|p2a: Tornadus\n|-damage|p2a: Tornadus|28\/100\n|\n|-damage|p1a: Samurott|30\/100 brn|[from] brn\n|upkeep\n|turn|18\n|l| hatev2\n|\n|t:|1698620320\n|move|p1a: Samurott|Sacred Sword|p2a: Tornadus\n|-resisted|p2a: Tornadus\n|-damage|p2a: Tornadus|12\/100\n|move|p2a: Tornadus|U-turn|p1a: Samurott\n|-supereffective|p1a: Samurott\n|-damage|p1a: Samurott|0 fnt\n|faint|p1a: Samurott\n|\n|t:|1698620326\n|switch|p2a: Heatran|Heatran, F|22\/100|[from] U-turn\n|\n|upkeep\n|\n|t:|1698620341\n|switch|p1a: Regieleki|Regieleki|100\/100\n|turn|19\n|\n|t:|1698620409\n|switch|p2a: Regidrago|Regidrago|100\/100\n|move|p1a: Regieleki|Thunderbolt|p2a: Regidrago\n|-resisted|p2a: Regidrago\n|-damage|p2a: Regidrago|67\/100\n|\n|upkeep\n|turn|20\n|\n|t:|1698620443\n|move|p1a: Regieleki|Explosion|p2a: Regidrago\n|-damage|p2a: Regidrago|4\/100\n|faint|p1a: Regieleki\n|move|p2a: Regidrago|Dragon Pulse|p1: Regieleki|[notarget]\n|-fail|p2a: Regidrago\n|\n|upkeep\n|\n|t:|1698620446\n|switch|p1a: Sneasler|Sneasler, M|100\/100\n|turn|21\n|\n|t:|1698620512\n|move|p2a: Regidrago|Dragon Pulse|p1a: Sneasler\n|-damage|p1a: Sneasler|29\/100\n|move|p1a: Sneasler|Close Combat|p2a: Regidrago\n|-damage|p2a: Regidrago|0 fnt\n|-unboost|p1a: Sneasler|def|1\n|-unboost|p1a: Sneasler|spd|1\n|faint|p2a: Regidrago\n|\n|upkeep\n|c|\u2606Superison|confused\n|c|\u2606LOLWhale|no way\n|c|\u2606LOLWhale|OH\n|c|\u2606LOLWhale|HE LOSES UNBURDEN ON SWITCH\n|c|\u2606LOLWhale|I FORGOT ABOUT THAT LOL\n|c|\u2606Superison|oh haha\n|j| justinrockin\n|c|\u2606Superison|i didn't know that lol\n|\n|t:|1698620569\n|switch|p2a: Heatran|Heatran, F|22\/100\n|turn|22\n|\n|t:|1698620581\n|move|p1a: Sneasler|Close Combat|p2a: Heatran\n|-supereffective|p2a: Heatran\n|-damage|p2a: Heatran|0 fnt\n|-unboost|p1a: Sneasler|def|1\n|-unboost|p1a: Sneasler|spd|1\n|-status|p1a: Sneasler|brn|[from] ability: Flame Body|[of] p2a: Heatran\n|faint|p2a: Heatran\n|\n|-damage|p1a: Sneasler|23\/100 brn|[from] brn\n|upkeep\n|c|\u2606Superison|see gg :3\n|\n|t:|1698620592\n|switch|p2a: Tornadus|Tornadus-Therian, M|45\/100\n|turn|23\n|\n|t:|1698620613\n|move|p2a: Tornadus|Knock Off|p1a: Sneasler\n|-resisted|p1a: Sneasler\n|-damage|p1a: Sneasler|0 fnt\n|faint|p1a: Sneasler\n|\n|win|LOLWhale\n|l| xegrizzy\n|c|\u2606LOLWhale|holy shit\n|l| justinrockin\n|c|\u2606Superison|you shouldn't doubt how dumb I am :p\n|c|\u2606LOLWhale|ggs Super\n|c|\u2606Superison|ggs\n|c|\u2606LOLWhale|that was a battle and a half\n|c|\u2606Superison|haha ye\n","uploadtime":1698620657,"views":20,"p1id":"superison","p2id":"lolwhale","formatid":"gen9ubers","rating":0,"private":0,"password":""}