{"id":"gen9ubers-1982876557","p1":"PyroGaleZX","p2":"tbor2002","format":"[Gen 9] Ubers","log":"|j|\u2606PyroGaleZX\n|j|\u2606tbor2002\n|t:|1699053912\n|gametype|singles\n|player|p1|PyroGaleZX|grusha|\n|player|p2|tbor2002|wattson|\n|teamsize|p1|6\n|teamsize|p2|6\n|gen|9\n|tier|[Gen 9] Ubers\n|rule|Sleep Clause Mod: Limit one foe put to sleep\n|rule|Species Clause: Limit one of each Pok\u00e9mon\n|rule|OHKO Clause: OHKO moves are banned\n|rule|Evasion Items Clause: Evasion items are banned\n|rule|Evasion Moves Clause: Evasion moves are banned\n|rule|Endless Battle Clause: Forcing endless battles is banned\n|rule|HP Percentage Mod: HP is shown in percentages\n|clearpoke\n|poke|p1|Samurott-Hisui, F|\n|poke|p1|Enamorus-Therian, F|\n|poke|p1|Arcanine, F|\n|poke|p1|Umbreon, F|\n|poke|p1|Rabsca, M|\n|poke|p1|Pawmo, F|\n|poke|p2|Walking Wake|\n|poke|p2|Muk-Alola, M|\n|poke|p2|Jolteon, F|\n|poke|p2|Toxicroak, M|\n|poke|p2|Falinks|\n|poke|p2|Glimmet, F|\n|teampreview\n|\n|t:|1699053928\n|start\n|switch|p1a: Samurott|Samurott-Hisui, F|100\/100\n|switch|p2a: Glimmet|Glimmet, F|100\/100\n|turn|1\n|\n|t:|1699053945\n|move|p1a: Samurott|Razor Shell|p2a: Glimmet\n|-supereffective|p2a: Glimmet\n|-enditem|p2a: Glimmet|Focus Sash\n|-damage|p2a: Glimmet|1\/100\n|-activate|p2a: Glimmet|ability: Toxic Debris\n|-sidestart|p1: PyroGaleZX|move: Toxic Spikes\n|move|p2a: Glimmet|Stealth Rock|p1a: Samurott\n|-sidestart|p1: PyroGaleZX|move: Stealth Rock\n|\n|upkeep\n|turn|2\n|\n|t:|1699053955\n|move|p1a: Samurott|Razor Shell|p2a: Glimmet\n|-supereffective|p2a: Glimmet\n|-damage|p2a: Glimmet|0 fnt\n|-activate|p2a: Glimmet|ability: Toxic Debris\n|-sidestart|p1: PyroGaleZX|move: Toxic Spikes\n|faint|p2a: Glimmet\n|\n|upkeep\n|\n|t:|1699054014\n|switch|p2a: Jolteon|Jolteon, F|100\/100\n|turn|3\n|\n|t:|1699054048\n|switch|p1a: Umbreon|Umbreon, F|100\/100\n|-status|p1a: Umbreon|tox\n|-damage|p1a: Umbreon|88\/100 tox|[from] Stealth Rock\n|move|p2a: Jolteon|Volt Switch|p1a: Umbreon\n|-damage|p1a: Umbreon|71\/100 tox\n|\n|t:|1699054056\n|switch|p2a: Falinks|Falinks|100\/100|[from] Volt Switch\n|\n|-heal|p1a: Umbreon|77\/100 tox|[from] item: Leftovers\n|-damage|p1a: Umbreon|71\/100 tox|[from] psn\n|upkeep\n|turn|4\n|\n|t:|1699054072\n|-terastallize|p1a: Umbreon|Poison\n|move|p1a: Umbreon|Protect|p1a: Umbreon\n|-singleturn|p1a: Umbreon|Protect\n|move|p2a: Falinks|No Retreat|p2a: Falinks\n|-boost|p2a: Falinks|atk|1\n|-boost|p2a: Falinks|def|1\n|-boost|p2a: Falinks|spa|1\n|-boost|p2a: Falinks|spd|1\n|-boost|p2a: Falinks|spe|1\n|-start|p2a: Falinks|move: No Retreat\n|\n|-heal|p1a: Umbreon|77\/100 tox|[from] item: Leftovers\n|-damage|p1a: Umbreon|65\/100 tox|[from] psn\n|upkeep\n|turn|5\n|\n|t:|1699054092\n|switch|p1a: Pawmo|Pawmo, F|100\/100\n|-status|p1a: Pawmo|tox\n|-damage|p1a: Pawmo|94\/100 tox|[from] Stealth Rock\n|move|p2a: Falinks|Rock Slide|p1a: Pawmo\n|-resisted|p1a: Pawmo\n|-damage|p1a: Pawmo|70\/100 tox\n|\n|-damage|p1a: Pawmo|64\/100 tox|[from] psn\n|upkeep\n|turn|6\n|j| BriefStar\n|\n|t:|1699054161\n|move|p2a: Falinks|Close Combat|p1a: Pawmo\n|-damage|p1a: Pawmo|0 fnt\n|-unboost|p2a: Falinks|def|1\n|-unboost|p2a: Falinks|spd|1\n|faint|p1a: Pawmo\n|\n|upkeep\n|\n|t:|1699054168\n|switch|p1a: Umbreon|Umbreon, F, tera:Poison|65\/100 tox\n|-sideend|p1: PyroGaleZX|move: Toxic Spikes|[of] p1a: Umbreon\n|-damage|p1a: Umbreon|53\/100 tox|[from] Stealth Rock\n|turn|7\n|\n|t:|1699054192\n|move|p2a: Falinks|Close Combat|p1a: Umbreon\n|-resisted|p1a: Umbreon\n|-damage|p1a: Umbreon|23\/100 tox\n|-unboost|p2a: Falinks|def|1\n|-unboost|p2a: Falinks|spd|1\n|move|p1a: Umbreon|Toxic|p2a: Falinks\n|-status|p2a: Falinks|tox\n|-enditem|p2a: Falinks|Lum Berry|[eat]\n|-curestatus|p2a: Falinks|tox|[msg]\n|\n|-heal|p1a: Umbreon|29\/100 tox|[from] item: Leftovers\n|-damage|p1a: Umbreon|23\/100 tox|[from] psn\n|upkeep\n|turn|8\n|\n|t:|1699054213\n|move|p2a: Falinks|Rock Slide|p1a: Umbreon\n|-damage|p1a: Umbreon|0 fnt\n|faint|p1a: Umbreon\n|\n|upkeep\n|\n|t:|1699054219\n|switch|p1a: Rabsca|Rabsca, M|100\/100\n|-damage|p1a: Rabsca|76\/100|[from] Stealth Rock\n|turn|9\n|\n|t:|1699054240\n|move|p2a: Falinks|Rock Slide|p1a: Rabsca\n|-supereffective|p1a: Rabsca\n|-damage|p1a: Rabsca|8\/100\n|move|p1a: Rabsca|Revival Blessing|p1a: Rabsca\n|\n|t:|1699054246\n|-heal|p1: Umbreon|50\/100|[from] move: Revival Blessing\n|\n|upkeep\n|turn|10\n|\n|t:|1699054254\n|move|p2a: Falinks|Rock Slide|p1a: Rabsca\n|-supereffective|p1a: Rabsca\n|-damage|p1a: Rabsca|0 fnt\n|faint|p1a: Rabsca\n|\n|upkeep\n|\n|t:|1699054279\n|switch|p1a: Arcanine|Arcanine, F|100\/100\n|-ability|p1a: Arcanine|Intimidate|boost\n|-unboost|p2a: Falinks|atk|1\n|-ability|p2a: Falinks|Defiant|boost\n|-boost|p2a: Falinks|atk|2\n|turn|11\n|\n|t:|1699054292\n|move|p2a: Falinks|Rock Slide|p1a: Arcanine|[miss]\n|-miss|p2a: Falinks|p1a: Arcanine\n|move|p1a: Arcanine|Flare Blitz|p2a: Falinks\n|-damage|p2a: Falinks|0 fnt\n|faint|p2a: Falinks\n|-damage|p1a: Arcanine|73\/100|[from] Recoil\n|\n|upkeep\n|\n|t:|1699054344\n|switch|p2a: Walking Wake|Walking Wake|100\/100\n|turn|12\n|\n|t:|1699054365\n|switch|p1a: Samurott|Samurott-Hisui, F|100\/100\n|-damage|p1a: Samurott|88\/100|[from] Stealth Rock\n|move|p2a: Walking Wake|Hydro Steam|p1a: Samurott\n|-resisted|p1a: Samurott\n|-damage|p1a: Samurott|41\/100\n|\n|upkeep\n|turn|13\n|\n|t:|1699054379\n|-end|p2a: Walking Wake|Protosynthesis|[silent]\n|switch|p2a: Muk|Muk-Alola, M|100\/100\n|move|p1a: Samurott|Knock Off|p2a: Muk\n|-resisted|p2a: Muk\n|-damage|p2a: Muk|69\/100\n|-enditem|p2a: Muk|Assault Vest|[from] move: Knock Off|[of] p1a: Samurott\n|\n|upkeep\n|turn|14\n|\n|t:|1699054395\n|move|p1a: Samurott|Knock Off|p2a: Muk\n|-resisted|p2a: Muk\n|-damage|p2a: Muk|45\/100\n|move|p2a: Muk|Poison Jab|p1a: Samurott\n|-damage|p1a: Samurott|3\/100\n|\n|upkeep\n|turn|15\n|\n|t:|1699054407\n|move|p1a: Samurott|Knock Off|p2a: Muk\n|-resisted|p2a: Muk\n|-crit|p2a: Muk\n|-damage|p2a: Muk|9\/100\n|move|p2a: Muk|Poison Jab|p1a: Samurott\n|-damage|p1a: Samurott|0 fnt\n|faint|p1a: Samurott\n|\n|upkeep\n|\n|t:|1699054419\n|switch|p1a: Umbreon|Umbreon, F|50\/100\n|-damage|p1a: Umbreon|38\/100|[from] Stealth Rock\n|turn|16\n|\n|t:|1699054427\n|move|p1a: Umbreon|Wish|p1a: Umbreon\n|move|p2a: Muk|Knock Off|p1a: Umbreon\n|-resisted|p1a: Umbreon\n|-damage|p1a: Umbreon|24\/100\n|-enditem|p1a: Umbreon|Leftovers|[from] move: Knock Off|[of] p2a: Muk\n|\n|upkeep\n|turn|17\n|\n|t:|1699054435\n|move|p1a: Umbreon|Protect|p1a: Umbreon\n|-singleturn|p1a: Umbreon|Protect\n|move|p2a: Muk|Rock Slide|p1a: Umbreon\n|-activate|p1a: Umbreon|move: Protect\n|\n|-heal|p1a: Umbreon|74\/100|[from] move: Wish|[wisher] Umbreon\n|upkeep\n|turn|18\n|\n|t:|1699054444\n|move|p1a: Umbreon|Wish|p1a: Umbreon\n|move|p2a: Muk|Poison Jab|p1a: Umbreon\n|-damage|p1a: Umbreon|51\/100\n|-status|p1a: Umbreon|psn\n|-activate|p1a: Umbreon|ability: Synchronize\n|-immune|p2a: Muk\n|\n|-damage|p1a: Umbreon|39\/100 psn|[from] psn\n|upkeep\n|turn|19\n|l| BriefStar\n|\n|t:|1699054456\n|move|p1a: Umbreon|Foul Play|p2a: Muk\n|-resisted|p2a: Muk\n|-damage|p2a: Muk|0 fnt\n|faint|p2a: Muk\n|\n|-heal|p1a: Umbreon|89\/100 psn|[from] move: Wish|[wisher] Umbreon\n|-damage|p1a: Umbreon|76\/100 psn|[from] psn\n|upkeep\n|\n|t:|1699054488\n|switch|p2a: Toxicroak|Toxicroak, M|100\/100\n|turn|20\n|\n|t:|1699054506\n|move|p2a: Toxicroak|Close Combat|p1a: Umbreon\n|-supereffective|p1a: Umbreon\n|-damage|p1a: Umbreon|0 fnt\n|-unboost|p2a: Toxicroak|def|1\n|-unboost|p2a: Toxicroak|spd|1\n|faint|p1a: Umbreon\n|-damage|p2a: Toxicroak|91\/100|[from] item: Life Orb\n|\n|upkeep\n|\n|t:|1699054510\n|switch|p1a: Arcanine|Arcanine, F|73\/100\n|-ability|p1a: Arcanine|Intimidate|boost\n|-unboost|p2a: Toxicroak|atk|1\n|turn|21\n|\n|t:|1699054537\n|move|p1a: Arcanine|Flare Blitz|p2a: Toxicroak\n|-damage|p2a: Toxicroak|0 fnt\n|faint|p2a: Toxicroak\n|-damage|p1a: Arcanine|44\/100|[from] Recoil\n|\n|upkeep\n|\n|t:|1699054541\n|switch|p2a: Walking Wake|Walking Wake|100\/100\n|turn|22\n|\n|t:|1699054557\n|move|p1a: Arcanine|Extreme Speed|p2a: Walking Wake\n|-damage|p2a: Walking Wake|74\/100\n|move|p2a: Walking Wake|Hydro Steam|p1a: Arcanine\n|-supereffective|p1a: Arcanine\n|-damage|p1a: Arcanine|0 fnt\n|faint|p1a: Arcanine\n|\n|upkeep\n|\n|t:|1699054560\n|switch|p1a: Enamorus|Enamorus-Therian, F|100\/100\n|-damage|p1a: Enamorus|75\/100|[from] Stealth Rock\n|turn|23\n|\n|t:|1699054572\n|-terastallize|p2a: Walking Wake|Water\n|move|p2a: Walking Wake|Hydro Steam|p1a: Enamorus\n|-damage|p1a: Enamorus|0 fnt\n|faint|p1a: Enamorus\n|\n|win|tbor2002\n","uploadtime":1699054579,"views":9,"p1id":"pyrogalezx","p2id":"tbor2002","formatid":"gen9ubers","rating":0,"private":0,"password":""}