{"id":"gen9ubers-1978165373","p1":"ItsmeBlankKnight","p2":"Leo Justice","format":"[Gen 9] Ubers","log":"|j|\u2606ItsmeBlankKnight\n|j|\u2606Leo Justice\n|t:|1698507147\n|gametype|singles\n|player|p1|ItsmeBlankKnight|larry|\n|player|p2|Leo Justice|carmine|\n|teamsize|p1|6\n|teamsize|p2|6\n|gen|9\n|tier|[Gen 9] Ubers\n|rule|Sleep Clause Mod: Limit one foe put to sleep\n|rule|Species Clause: Limit one of each Pok\u00e9mon\n|rule|OHKO Clause: OHKO moves are banned\n|rule|Evasion Items Clause: Evasion items are banned\n|rule|Evasion Moves Clause: Evasion moves are banned\n|rule|Endless Battle Clause: Forcing endless battles is banned\n|rule|HP Percentage Mod: HP is shown in percentages\n|clearpoke\n|poke|p1|Chi-Yu|\n|poke|p1|Palafin, F|\n|poke|p1|Spectrier|\n|poke|p1|Arceus-Poison|\n|poke|p1|Masquerain, F|\n|poke|p1|Basculegion-F, F|\n|poke|p2|Pelipper, M|\n|poke|p2|Basculegion-F, F|\n|poke|p2|Meowscarada, F|\n|poke|p2|Gholdengo|\n|poke|p2|Arceus-Dragon|\n|poke|p2|Landorus, M|\n|teampreview\n|inactive|Battle timer is ON: inactive players will automatically lose when time's up. (requested by ItsmeBlankKnight)\n|\n|t:|1698507150\n|start\n|switch|p1a: Masquerain|Masquerain, F|100\/100\n|switch|p2a: Meowscarada|Meowscarada, F|100\/100\n|-ability|p1a: Masquerain|Intimidate|boost\n|-unboost|p2a: Meowscarada|atk|1\n|turn|1\n|\n|t:|1698507158\n|move|p2a: Meowscarada|Spikes|p1a: Masquerain\n|-sidestart|p1: ItsmeBlankKnight|Spikes\n|move|p1a: Masquerain|U-turn|p2a: Meowscarada\n|-supereffective|p2a: Meowscarada\n|-enditem|p2a: Meowscarada|Focus Sash\n|-damage|p2a: Meowscarada|1\/100\n|\n|t:|1698507164\n|switch|p1a: Basculegion|Basculegion-F, F|100\/100|[from] U-turn\n|-damage|p1a: Basculegion|88\/100|[from] Spikes\n|\n|upkeep\n|turn|2\n|\n|t:|1698507171\n|move|p1a: Basculegion|Flip Turn|p2a: Meowscarada\n|-resisted|p2a: Meowscarada\n|-damage|p2a: Meowscarada|0 fnt\n|faint|p2a: Meowscarada\n|\n|t:|1698507174\n|switch|p1a: Masquerain|Masquerain, F|100\/100|[from] Flip Turn\n|\n|upkeep\n|\n|t:|1698507187\n|switch|p2a: Landorus|Landorus, M|100\/100\n|turn|3\n|\n|t:|1698507195\n|move|p2a: Landorus|Sludge Bomb|p1a: Masquerain\n|-damage|p1a: Masquerain|48\/100\n|move|p1a: Masquerain|Tailwind|p1a: Masquerain\n|-sidestart|p1: ItsmeBlankKnight|move: Tailwind\n|\n|upkeep\n|turn|4\n|\n|t:|1698507200\n|move|p1a: Masquerain|Sticky Web|p2a: Landorus\n|-sidestart|p2: Leo Justice|move: Sticky Web\n|move|p2a: Landorus|Stealth Rock|p1a: Masquerain\n|-sidestart|p1: ItsmeBlankKnight|move: Stealth Rock\n|\n|upkeep\n|turn|5\n|\n|t:|1698507207\n|move|p1a: Masquerain|Hydro Pump|p2a: Landorus\n|-supereffective|p2a: Landorus\n|-damage|p2a: Landorus|45\/100\n|move|p2a: Landorus|Earth Power|p1a: Masquerain\n|-immune|p1a: Masquerain\n|\n|upkeep\n|turn|6\n|\n|t:|1698507225\n|switch|p2a: Pelipper|Pelipper, M, shiny|100\/100\n|-weather|RainDance|[from] ability: Drizzle|[of] p2a: Pelipper\n|move|p1a: Masquerain|Hydro Pump|p2a: Pelipper|[miss]\n|-miss|p1a: Masquerain|p2a: Pelipper\n|\n|-weather|RainDance|[upkeep]\n|-sideend|p1: ItsmeBlankKnight|move: Tailwind\n|upkeep\n|turn|7\n|\n|t:|1698507231\n|move|p1a: Masquerain|U-turn|p2a: Pelipper\n|-resisted|p2a: Pelipper\n|-damage|p2a: Pelipper|95\/100\n|\n|t:|1698507232\n|switch|p1a: Palafin|Palafin, F|100\/100|[from] U-turn\n|-damage|p1a: Palafin|88\/100|[from] Spikes\n|-damage|p1a: Palafin|76\/100|[from] Stealth Rock\n|move|p2a: Pelipper|Hurricane|p1a: Palafin\n|-damage|p1a: Palafin|26\/100\n|\n|-weather|RainDance|[upkeep]\n|upkeep\n|turn|8\n|\n|t:|1698507241\n|detailschange|p1a: Palafin|Palafin-Hero, F\n|switch|p1a: Masquerain|Masquerain, F|48\/100\n|-damage|p1a: Masquerain|0 fnt|[from] Stealth Rock\n|faint|p1a: Masquerain\n|move|p2a: Pelipper|U-turn|p1: Masquerain|[notarget]\n|-fail|p2a: Pelipper\n|\n|-weather|RainDance|[upkeep]\n|upkeep\n|\n|t:|1698507254\n|switch|p1a: Palafin|Palafin-Hero, F|26\/100\n|-damage|p1a: Palafin|13\/100|[from] Spikes\n|-damage|p1a: Palafin|1\/100|[from] Stealth Rock\n|-activate|p1a: Palafin|ability: Zero to Hero\n|turn|9\n|\n|t:|1698507258\n|move|p1a: Palafin|Wave Crash|p2a: Pelipper\n|-resisted|p2a: Pelipper\n|-damage|p2a: Pelipper|31\/100\n|-damage|p1a: Palafin|0 fnt|[from] Recoil\n|faint|p1a: Palafin\n|move|p2a: Pelipper|Roost|p2a: Pelipper\n|-heal|p2a: Pelipper|82\/100\n|-singleturn|p2a: Pelipper|move: Roost\n|\n|-weather|RainDance|[upkeep]\n|upkeep\n|\n|t:|1698507270\n|switch|p1a: Arceus|Arceus-Poison|100\/100\n|-damage|p1a: Arceus|88\/100|[from] Spikes\n|-damage|p1a: Arceus|76\/100|[from] Stealth Rock\n|turn|10\n|\n|t:|1698507275\n|switch|p2a: Gholdengo|Gholdengo|100\/100\n|-activate|p2a: Gholdengo|move: Sticky Web\n|-unboost|p2a: Gholdengo|spe|1\n|move|p1a: Arceus|Swords Dance|p1a: Arceus\n|-boost|p1a: Arceus|atk|2\n|\n|-weather|none\n|upkeep\n|turn|11\n|\n|t:|1698507282\n|move|p2a: Gholdengo|Make It Rain|p1a: Arceus\n|-damage|p1a: Arceus|34\/100\n|-unboost|p2a: Gholdengo|spa|1\n|move|p1a: Arceus|Earthquake|p2a: Gholdengo\n|-supereffective|p2a: Gholdengo\n|-damage|p2a: Gholdengo|0 fnt\n|faint|p2a: Gholdengo\n|\n|upkeep\n|\n|t:|1698507295\n|switch|p2a: Arceus|Arceus-Dragon|100\/100\n|-activate|p2a: Arceus|move: Sticky Web\n|-unboost|p2a: Arceus|spe|1\n|turn|12\n|\n|t:|1698507299\n|move|p2a: Arceus|Extreme Speed|p1a: Arceus\n|-damage|p1a: Arceus|16\/100\n|move|p1a: Arceus|Gunk Shot|p2a: Arceus\n|-damage|p2a: Arceus|0 fnt\n|faint|p2a: Arceus\n|\n|upkeep\n|\n|t:|1698507307\n|switch|p2a: Pelipper|Pelipper, M, shiny|82\/100\n|-weather|RainDance|[from] ability: Drizzle|[of] p2a: Pelipper\n|turn|13\n|\n|t:|1698507310\n|switch|p2a: Landorus|Landorus, M|45\/100\n|move|p1a: Arceus|Gunk Shot|p2a: Landorus\n|-resisted|p2a: Landorus\n|-damage|p2a: Landorus|0 fnt\n|faint|p2a: Landorus\n|\n|-weather|RainDance|[upkeep]\n|upkeep\n|\n|t:|1698507314\n|switch|p2a: Basculegion|Basculegion-F, F|100\/100\n|turn|14\n|\n|t:|1698507320\n|switch|p1a: Spectrier|Spectrier|100\/100\n|-damage|p1a: Spectrier|88\/100|[from] Spikes\n|-damage|p1a: Spectrier|76\/100|[from] Stealth Rock\n|move|p2a: Basculegion|Aqua Jet|p1a: Spectrier\n|-damage|p1a: Spectrier|36\/100\n|\n|-weather|RainDance|[upkeep]\n|upkeep\n|turn|15\n|\n|t:|1698507328\n|move|p2a: Basculegion|Aqua Jet|p1a: Spectrier\n|-damage|p1a: Spectrier|0 fnt\n|faint|p1a: Spectrier\n|\n|-weather|RainDance|[upkeep]\n|upkeep\n|\n|t:|1698507333\n|switch|p1a: Basculegion|Basculegion-F, F|88\/100\n|-damage|p1a: Basculegion|76\/100|[from] Spikes\n|-damage|p1a: Basculegion|63\/100|[from] Stealth Rock\n|turn|16\n|\n|t:|1698507340\n|-terastallize|p2a: Basculegion|Normal\n|-terastallize|p1a: Basculegion|Water\n|move|p2a: Basculegion|Wave Crash|p1a: Basculegion\n|-resisted|p1a: Basculegion\n|-crit|p1a: Basculegion\n|-damage|p1a: Basculegion|0 fnt\n|faint|p1a: Basculegion\n|-damage|p2a: Basculegion|80\/100|[from] Recoil\n|\n|-weather|RainDance|[upkeep]\n|upkeep\n|\n|t:|1698507345\n|switch|p1a: Arceus|Arceus-Poison|16\/100\n|-damage|p1a: Arceus|3\/100|[from] Spikes\n|-damage|p1a: Arceus|0 fnt|[from] Stealth Rock\n|faint|p1a: Arceus\n|\n|t:|1698507347\n|switch|p1a: Chi-Yu|Chi-Yu|100\/100\n|-damage|p1a: Chi-Yu|88\/100|[from] Spikes\n|-damage|p1a: Chi-Yu|63\/100|[from] Stealth Rock\n|-ability|p1a: Chi-Yu|Beads of Ruin\n|turn|17\n|c|\u2606ItsmeBlankKnight|gg\n|\n|t:|1698507351\n|move|p2a: Basculegion|Aqua Jet|p1a: Chi-Yu\n|-supereffective|p1a: Chi-Yu\n|-damage|p1a: Chi-Yu|0 fnt\n|faint|p1a: Chi-Yu\n|\n|win|Leo Justice\n|l|\u2606ItsmeBlankKnight\n|j|\u2606ItsmeBlankKnight\n|player|p1|ItsmeBlankKnight|larry\n","uploadtime":1698507374,"views":10,"p1id":"itsmeblankknight","p2id":"leojustice","formatid":"gen9ubers","rating":0,"private":0,"password":""}