{"id":"gen9ubers-1989024188","p1":"biryanilover","p2":"LITLE0","format":"[Gen 9] Ubers","log":"|j|\u2606biryanilover\n|j|\u2606LITLE0\n|t:|1699803521\n|gametype|singles\n|player|p1|biryanilover|rosa|1128\n|player|p2|LITLE0|brock|1052\n|teamsize|p1|6\n|teamsize|p2|4\n|gen|9\n|tier|[Gen 9] Ubers\n|rated|\n|rule|Sleep Clause Mod: Limit one foe put to sleep\n|rule|Species Clause: Limit one of each Pok\u00e9mon\n|rule|OHKO Clause: OHKO moves are banned\n|rule|Evasion Items Clause: Evasion items are banned\n|rule|Evasion Moves Clause: Evasion moves are banned\n|rule|Endless Battle Clause: Forcing endless battles is banned\n|rule|HP Percentage Mod: HP is shown in percentages\n|clearpoke\n|poke|p1|Koraidon|\n|poke|p1|Zacian-*|\n|poke|p1|Baxcalibur, F|\n|poke|p1|Miraidon|\n|poke|p1|Flutter Mane|\n|poke|p1|Kyogre|\n|poke|p2|Amoonguss, M|\n|poke|p2|Ceruledge, F|\n|poke|p2|Cyclizar, M|\n|poke|p2|Dondozo, M|\n|teampreview\n|\n|t:|1699803530\n|start\n|switch|p1a: Baxcalibur|Baxcalibur, F|100\/100\n|switch|p2a: Cyclizar|Cyclizar, M|100\/100\n|turn|1\n|inactive|Battle timer is ON: inactive players will automatically lose when time's up. (requested by biryanilover)\n|\n|t:|1699803538\n|move|p2a: Cyclizar|Shed Tail|p2a: Cyclizar\n|-start|p2a: Cyclizar|Substitute|[from] move: Shed Tail\n|-damage|p2a: Cyclizar|50\/100\n|\n|t:|1699803541\n|switch|p2a: Ceruledge|Ceruledge, F|100\/100|[from] Shed Tail\n|move|p1a: Baxcalibur|Scale Shot|p2a: Ceruledge\n|-activate|p2a: Ceruledge|move: Substitute|[damage]\n|-end|p2a: Ceruledge|Substitute\n|-damage|p2a: Ceruledge|80\/100\n|-ability|p2a: Ceruledge|Weak Armor|boost\n|-unboost|p2a: Ceruledge|def|1\n|-boost|p2a: Ceruledge|spe|2\n|-hitcount|p2a: Ceruledge|3\n|-unboost|p1a: Baxcalibur|def|1\n|-boost|p1a: Baxcalibur|spe|1\n|\n|upkeep\n|turn|2\n|\n|t:|1699803557\n|move|p2a: Ceruledge|Endure|p2a: Ceruledge\n|-singleturn|p2a: Ceruledge|move: Endure\n|move|p1a: Baxcalibur|Aqua Tail|p2a: Ceruledge\n|-supereffective|p2a: Ceruledge\n|-activate|p2a: Ceruledge|move: Endure\n|-damage|p2a: Ceruledge|1\/100\n|-ability|p2a: Ceruledge|Weak Armor|boost\n|-unboost|p2a: Ceruledge|def|1\n|-boost|p2a: Ceruledge|spe|2\n|-enditem|p2a: Ceruledge|Weakness Policy\n|-boost|p2a: Ceruledge|atk|2|[from] item: Weakness Policy\n|-boost|p2a: Ceruledge|spa|2|[from] item: Weakness Policy\n|\n|upkeep\n|turn|3\n|\n|t:|1699803574\n|move|p2a: Ceruledge|Bitter Blade|p1a: Baxcalibur\n|-damage|p1a: Baxcalibur|0 fnt\n|-heal|p2a: Ceruledge|65\/100|[from] drain|[of] p1a: Baxcalibur\n|faint|p1a: Baxcalibur\n|\n|upkeep\n|\n|t:|1699803583\n|switch|p1a: Miraidon|Miraidon|100\/100\n|-fieldstart|move: Electric Terrain|[from] ability: Hadron Engine|[of] p1a: Miraidon\n|turn|4\n|\n|t:|1699803594\n|-terastallize|p1a: Miraidon|Fairy\n|move|p2a: Ceruledge|Poltergeist|p1a: Miraidon\n|-activate|p1a: Miraidon|move: Poltergeist|Assault Vest\n|-damage|p1a: Miraidon|0 fnt\n|faint|p1a: Miraidon\n|\n|upkeep\n|\n|t:|1699803600\n|switch|p1a: Kyogre|Kyogre, shiny|100\/100\n|-weather|RainDance|[from] ability: Drizzle|[of] p1a: Kyogre\n|turn|5\n|\n|t:|1699803604\n|move|p2a: Ceruledge|Poltergeist|p1a: Kyogre\n|-activate|p1a: Kyogre|move: Poltergeist|Assault Vest\n|-damage|p1a: Kyogre|0 fnt\n|faint|p1a: Kyogre\n|\n|-weather|RainDance|[upkeep]\n|upkeep\n|\n|t:|1699803609\n|switch|p1a: Koraidon|Koraidon|100\/100\n|-weather|SunnyDay|[from] ability: Orichalcum Pulse|[of] p1a: Koraidon\n|-activate|p1a: Koraidon|Orichalcum Pulse|[source]\n|turn|6\n|\n|t:|1699803616\n|move|p2a: Ceruledge|Poltergeist|p1a: Koraidon\n|-activate|p1a: Koraidon|move: Poltergeist|Assault Vest\n|-damage|p1a: Koraidon|0 fnt\n|faint|p1a: Koraidon\n|\n|-weather|SunnyDay|[upkeep]\n|upkeep\n|\n|t:|1699803620\n|switch|p1a: Zacian|Zacian-Crowned|100\/100\n|-ability|p1a: Zacian|Intrepid Sword|boost\n|-boost|p1a: Zacian|atk|1\n|turn|7\n|\n|t:|1699803626\n|move|p2a: Ceruledge|Bitter Blade|p1a: Zacian\n|-supereffective|p1a: Zacian\n|-damage|p1a: Zacian|0 fnt\n|-heal|p2a: Ceruledge|100\/100|[from] drain|[of] p1a: Zacian\n|faint|p1a: Zacian\n|\n|-weather|SunnyDay|[upkeep]\n|upkeep\n|\n|t:|1699803631\n|switch|p1a: Flutter Mane|Flutter Mane, shiny|100\/100\n|-activate|p1a: Flutter Mane|ability: Protosynthesis\n|-start|p1a: Flutter Mane|protosynthesisspe\n|turn|8\n|\n|t:|1699803637\n|-terastallize|p2a: Ceruledge|Ghost\n|move|p2a: Ceruledge|Shadow Sneak|p1a: Flutter Mane\n|-supereffective|p1a: Flutter Mane\n|-damage|p1a: Flutter Mane|0 fnt\n|faint|p1a: Flutter Mane\n|-end|p1a: Flutter Mane|Protosynthesis|[silent]\n|\n|win|LITLE0\n|raw|biryanilover's rating: 1128 &rarr; <strong>1098<\/strong><br \/>(-30 for losing)\n|raw|LITLE0's rating: 1052 &rarr; <strong>1091<\/strong><br \/>(+39 for winning)\n","uploadtime":1699803641,"views":11,"p1id":"biryanilover","p2id":"litle0","formatid":"gen9ubers","rating":1091,"private":0,"password":""}