{"id":"gen9ubers-1988050451","p1":"default0","p2":"The Uber Bad Boy","format":"[Gen 9] Ubers","log":"|j|\u2606default0\n|j|\u2606The Uber Bad Boy\n|t:|1699663462\n|gametype|singles\n|player|p1|default0|skierf-gen4dp|\n|player|p2|The Uber Bad Boy|shadowtriad|\n|teamsize|p1|6\n|teamsize|p2|6\n|gen|9\n|tier|[Gen 9] Ubers\n|rated|Tournament battle\n|rule|Sleep Clause Mod: Limit one foe put to sleep\n|rule|Species Clause: Limit one of each Pok\u00e9mon\n|rule|OHKO Clause: OHKO moves are banned\n|rule|Evasion Items Clause: Evasion items are banned\n|rule|Evasion Moves Clause: Evasion moves are banned\n|rule|Endless Battle Clause: Forcing endless battles is banned\n|rule|HP Percentage Mod: HP is shown in percentages\n|clearpoke\n|poke|p1|Arceus|\n|poke|p1|Grimmsnarl, M|\n|poke|p1|Dialga|\n|poke|p1|Skeledirge, M|\n|poke|p1|Calyrex-Ice|\n|poke|p1|Mewtwo|\n|poke|p2|Ribombee, F|\n|poke|p2|Giratina-Origin|\n|poke|p2|Skeledirge, M|\n|poke|p2|Ting-Lu|\n|poke|p2|Koraidon|\n|poke|p2|Arceus-Water|\n|teampreview\n|inactive|Battle timer is ON: inactive players will automatically lose when time's up. (requested by The Uber Bad Boy)\n|\n|t:|1699663475\n|start\n|switch|p1a: Dialga|Dialga|100\/100\n|switch|p2a: Rochester Hills|Ribombee, F|100\/100\n|-ability|p1a: Dialga|Pressure\n|turn|1\n|j|%shrang\n|\n|t:|1699663485\n|move|p2a: Rochester Hills|Stun Spore|p1a: Dialga|[miss]\n|-miss|p2a: Rochester Hills|p1a: Dialga\n|move|p1a: Dialga|Stealth Rock|p2a: Rochester Hills\n|-sidestart|p2: The Uber Bad Boy|move: Stealth Rock\n|\n|upkeep\n|turn|2\n|\n|t:|1699663490\n|move|p2a: Rochester Hills|Sticky Web|p1a: Dialga\n|-sidestart|p1: default0|move: Sticky Web\n|move|p1a: Dialga|Flash Cannon|p2a: Rochester Hills\n|-supereffective|p2a: Rochester Hills\n|-enditem|p2a: Rochester Hills|Focus Sash\n|-damage|p2a: Rochester Hills|1\/100\n|\n|upkeep\n|turn|3\n|\n|t:|1699663494\n|move|p2a: Rochester Hills|Stun Spore|p1a: Dialga\n|-status|p1a: Dialga|par\n|move|p1a: Dialga|Flash Cannon|p2a: Rochester Hills\n|-supereffective|p2a: Rochester Hills\n|-crit|p2a: Rochester Hills\n|-damage|p2a: Rochester Hills|0 fnt\n|faint|p2a: Rochester Hills\n|\n|upkeep\n|\n|t:|1699663497\n|switch|p2a: Subterra|Ting-Lu|100\/100\n|-damage|p2a: Subterra|94\/100|[from] Stealth Rock\n|-ability|p2a: Subterra|Vessel of Ruin\n|turn|4\n|\n|t:|1699663501\n|switch|p1a: Calyrex|Calyrex-Ice|100\/100\n|-ability|p1a: Calyrex|As One\n|-ability|p1a: Calyrex|Unnerve\n|move|p2a: Subterra|Stealth Rock|p1a: Calyrex\n|-sidestart|p1: default0|move: Stealth Rock\n|\n|-heal|p2a: Subterra|100\/100|[from] item: Leftovers\n|upkeep\n|turn|5\n|\n|t:|1699663505\n|move|p1a: Calyrex|Glacial Lance|p2a: Subterra\n|-supereffective|p2a: Subterra\n|-damage|p2a: Subterra|12\/100\n|move|p2a: Subterra|Whirlwind|p1a: Calyrex\n|drag|p1a: Arceus|Arceus|100\/100\n|\n|-heal|p2a: Subterra|19\/100|[from] item: Leftovers\n|upkeep\n|turn|6\n|\n|t:|1699663509\n|move|p1a: Arceus|Extreme Speed|p2a: Subterra\n|-damage|p2a: Subterra|0 fnt\n|faint|p2a: Subterra\n|\n|upkeep\n|\n|t:|1699663513\n|switch|p2a: Lucifer|Giratina-Origin|100\/100\n|-damage|p2a: Lucifer|88\/100|[from] Stealth Rock\n|turn|7\n|\n|t:|1699663521\n|switch|p1a: Dialga|Dialga|100\/100 par\n|-activate|p1a: Dialga|move: Sticky Web\n|-unboost|p1a: Dialga|spe|1\n|-damage|p1a: Dialga|94\/100 par|[from] Stealth Rock\n|-ability|p1a: Dialga|Pressure\n|move|p2a: Lucifer|Thunder Wave|p1a: Dialga\n|-fail|p1a: Dialga|par\n|\n|-heal|p1a: Dialga|100\/100 par|[from] item: Leftovers\n|upkeep\n|turn|8\n|\n|t:|1699663526\n|move|p2a: Lucifer|Hex|p1a: Dialga\n|-damage|p1a: Dialga|54\/100 par\n|move|p1a: Dialga|Dragon Tail|p2a: Lucifer\n|-supereffective|p2a: Lucifer\n|-damage|p2a: Lucifer|55\/100\n|drag|p2a: Lake Superior|Arceus-Water|100\/100\n|-damage|p2a: Lake Superior|88\/100|[from] Stealth Rock\n|\n|-heal|p1a: Dialga|60\/100 par|[from] item: Leftovers\n|upkeep\n|turn|9\n|\n|t:|1699663534\n|move|p2a: Lake Superior|Ice Beam|p1a: Dialga\n|-damage|p1a: Dialga|47\/100 par\n|move|p1a: Dialga|Dragon Tail|p2a: Lake Superior\n|-damage|p2a: Lake Superior|73\/100\n|drag|p2a: Burnout|Skeledirge, M|100\/100\n|\n|-heal|p1a: Dialga|53\/100 par|[from] item: Leftovers\n|upkeep\n|turn|10\n|\n|t:|1699663539\n|move|p2a: Burnout|Hex|p1a: Dialga\n|-damage|p1a: Dialga|22\/100 par\n|move|p1a: Dialga|Dragon Tail|p2a: Burnout\n|-damage|p2a: Burnout|87\/100\n|drag|p2a: Lord Zedd|Koraidon|100\/100\n|-damage|p2a: Lord Zedd|94\/100|[from] Stealth Rock\n|-weather|SunnyDay|[from] ability: Orichalcum Pulse|[of] p2a: Lord Zedd\n|-activate|p2a: Lord Zedd|Orichalcum Pulse|[source]\n|\n|-weather|SunnyDay|[upkeep]\n|-heal|p1a: Dialga|28\/100 par|[from] item: Leftovers\n|upkeep\n|turn|11\n|\n|t:|1699663545\n|move|p1a: Dialga|Protect|p1a: Dialga\n|-singleturn|p1a: Dialga|Protect\n|move|p2a: Lord Zedd|Collision Course|p1a: Dialga\n|-activate|p1a: Dialga|move: Protect\n|\n|-weather|SunnyDay|[upkeep]\n|-heal|p1a: Dialga|34\/100 par|[from] item: Leftovers\n|upkeep\n|turn|12\n|j| AdamPadum\n|\n|t:|1699663554\n|switch|p2a: Lucifer|Giratina-Origin|55\/100\n|-damage|p2a: Lucifer|42\/100|[from] Stealth Rock\n|switch|p1a: Skeledirge|Skeledirge, M|100\/100\n|\n|-weather|SunnyDay|[upkeep]\n|upkeep\n|turn|13\n|\n|t:|1699663559\n|switch|p1a: Dialga|Dialga|34\/100 par\n|-activate|p1a: Dialga|move: Sticky Web\n|-unboost|p1a: Dialga|spe|1\n|-damage|p1a: Dialga|28\/100 par|[from] Stealth Rock\n|-ability|p1a: Dialga|Pressure\n|move|p2a: Lucifer|Thunder Wave|p1a: Dialga\n|-fail|p1a: Dialga|par\n|\n|-weather|SunnyDay|[upkeep]\n|-heal|p1a: Dialga|34\/100 par|[from] item: Leftovers\n|upkeep\n|turn|14\n|\n|t:|1699663562\n|move|p1a: Dialga|Protect|p1a: Dialga\n|-singleturn|p1a: Dialga|Protect\n|move|p2a: Lucifer|Hex|p1a: Dialga\n|-activate|p1a: Dialga|move: Protect\n|\n|-weather|none\n|-heal|p1a: Dialga|40\/100 par|[from] item: Leftovers\n|upkeep\n|turn|15\n|\n|t:|1699663565\n|move|p2a: Lucifer|Hex|p1a: Dialga\n|-damage|p1a: Dialga|0 fnt\n|faint|p1a: Dialga\n|\n|upkeep\n|\n|t:|1699663572\n|switch|p1a: Mewtwo|Mewtwo|100\/100\n|-activate|p1a: Mewtwo|move: Sticky Web\n|-unboost|p1a: Mewtwo|spe|1\n|-damage|p1a: Mewtwo|88\/100|[from] Stealth Rock\n|-ability|p1a: Mewtwo|Pressure\n|turn|16\n|\n|t:|1699663576\n|move|p1a: Mewtwo|Psystrike|p2a: Lucifer\n|-damage|p2a: Lucifer|3\/100\n|move|p2a: Lucifer|Thunder Wave|p1a: Mewtwo\n|-status|p1a: Mewtwo|par\n|\n|upkeep\n|turn|17\n|\n|t:|1699663579\n|move|p2a: Lucifer|Hex|p1a: Mewtwo\n|-supereffective|p1a: Mewtwo\n|-damage|p1a: Mewtwo|0 fnt\n|faint|p1a: Mewtwo\n|\n|upkeep\n|\n|t:|1699663583\n|switch|p1a: Arceus|Arceus|100\/100\n|turn|18\n|\n|t:|1699663587\n|move|p1a: Arceus|Shadow Claw|p2a: Lucifer\n|-supereffective|p2a: Lucifer\n|-damage|p2a: Lucifer|0 fnt\n|faint|p2a: Lucifer\n|\n|upkeep\n|\n|t:|1699663591\n|switch|p2a: Burnout|Skeledirge, M|87\/100\n|turn|19\n|\n|t:|1699663597\n|switch|p1a: Skeledirge|Skeledirge, M|100\/100\n|move|p2a: Burnout|Will-O-Wisp|p1a: Skeledirge\n|-immune|p1a: Skeledirge\n|\n|upkeep\n|turn|20\n|\n|t:|1699663603\n|switch|p2a: Lake Superior|Arceus-Water|73\/100\n|-damage|p2a: Lake Superior|61\/100|[from] Stealth Rock\n|move|p1a: Skeledirge|Hex|p2a: Lake Superior\n|-damage|p2a: Lake Superior|46\/100\n|\n|upkeep\n|turn|21\n|\n|t:|1699663615\n|move|p2a: Lake Superior|Judgment|p1a: Skeledirge\n|-supereffective|p1a: Skeledirge\n|-damage|p1a: Skeledirge|0 fnt\n|faint|p1a: Skeledirge\n|\n|upkeep\n|\n|t:|1699663619\n|switch|p1a: Arceus|Arceus|100\/100\n|turn|22\n|\n|t:|1699663623\n|move|p2a: Lake Superior|Will-O-Wisp|p1a: Arceus\n|-status|p1a: Arceus|brn\n|move|p1a: Arceus|Swords Dance|p1a: Arceus\n|-boost|p1a: Arceus|atk|2\n|\n|-damage|p1a: Arceus|94\/100 brn|[from] brn\n|upkeep\n|turn|23\n|\n|t:|1699663629\n|move|p1a: Arceus|Extreme Speed|p2a: Lake Superior\n|-damage|p2a: Lake Superior|21\/100\n|move|p2a: Lake Superior|Recover|p2a: Lake Superior\n|-heal|p2a: Lake Superior|71\/100\n|\n|-damage|p1a: Arceus|88\/100 brn|[from] brn\n|upkeep\n|turn|24\n|\n|t:|1699663633\n|switch|p1a: Grimmsnarl|Grimmsnarl, M|100\/100\n|-activate|p1a: Grimmsnarl|move: Sticky Web\n|-unboost|p1a: Grimmsnarl|spe|1\n|-damage|p1a: Grimmsnarl|88\/100|[from] Stealth Rock\n|move|p2a: Lake Superior|Judgment|p1a: Grimmsnarl\n|-damage|p1a: Grimmsnarl|44\/100\n|\n|upkeep\n|turn|25\n|\n|t:|1699663641\n|move|p1a: Grimmsnarl|Light Screen|p1a: Grimmsnarl\n|-sidestart|p1: default0|move: Light Screen\n|move|p2a: Lake Superior|Judgment|p1a: Grimmsnarl\n|-damage|p1a: Grimmsnarl|19\/100\n|\n|upkeep\n|turn|26\n|\n|t:|1699663659\n|move|p1a: Grimmsnarl|Parting Shot|p2a: Lake Superior\n|-unboost|p2a: Lake Superior|atk|1\n|-unboost|p2a: Lake Superior|spa|1\n|\n|t:|1699663661\n|switch|p1a: Arceus|Arceus|88\/100 brn|[from] Parting Shot\n|move|p2a: Lake Superior|Will-O-Wisp|p1a: Arceus\n|-fail|p1a: Arceus|brn\n|\n|-damage|p1a: Arceus|82\/100 brn|[from] brn\n|upkeep\n|turn|27\n|\n|t:|1699663664\n|switch|p2a: Burnout|Skeledirge, M|87\/100\n|move|p1a: Arceus|Swords Dance|p1a: Arceus\n|-boost|p1a: Arceus|atk|2\n|\n|-damage|p1a: Arceus|76\/100 brn|[from] brn\n|upkeep\n|turn|28\n|\n|t:|1699663668\n|move|p1a: Arceus|Earthquake|p2a: Burnout\n|-supereffective|p2a: Burnout\n|-damage|p2a: Burnout|63\/100\n|move|p2a: Burnout|Torch Song|p1a: Arceus\n|-damage|p1a: Arceus|66\/100 brn\n|-boost|p2a: Burnout|spa|1\n|\n|-damage|p1a: Arceus|60\/100 brn|[from] brn\n|upkeep\n|turn|29\n|\n|t:|1699663673\n|switch|p1a: Calyrex|Calyrex-Ice|100\/100\n|-ability|p1a: Calyrex|As One\n|-ability|p1a: Calyrex|Unnerve\n|move|p2a: Burnout|Slack Off|p2a: Burnout\n|-heal|p2a: Burnout|100\/100\n|\n|upkeep\n|turn|30\n|\n|t:|1699663678\n|-terastallize|p1a: Calyrex|Fire\n|move|p2a: Burnout|Will-O-Wisp|p1a: Calyrex\n|-immune|p1a: Calyrex\n|move|p1a: Calyrex|High Horsepower|p2a: Burnout\n|-supereffective|p2a: Burnout\n|-damage|p2a: Burnout|52\/100\n|\n|upkeep\n|turn|31\n|\n|t:|1699663684\n|move|p2a: Burnout|Hex|p1a: Calyrex\n|-damage|p1a: Calyrex|88\/100\n|move|p1a: Calyrex|High Horsepower|p2a: Burnout\n|-supereffective|p2a: Burnout\n|-damage|p2a: Burnout|5\/100\n|\n|upkeep\n|turn|32\n|\n|t:|1699663690\n|move|p2a: Burnout|Torch Song|p1a: Calyrex\n|-resisted|p1a: Calyrex\n|-damage|p1a: Calyrex|80\/100\n|-boost|p2a: Burnout|spa|1\n|move|p1a: Calyrex|High Horsepower|p2a: Burnout|[miss]\n|-miss|p1a: Calyrex|p2a: Burnout\n|\n|-sideend|p1: default0|move: Light Screen\n|upkeep\n|turn|33\n|\n|t:|1699663695\n|move|p2a: Burnout|Hex|p1a: Calyrex\n|-damage|p1a: Calyrex|50\/100\n|move|p1a: Calyrex|Trick Room|p1a: Calyrex\n|-fieldstart|move: Trick Room|[of] p1a: Calyrex\n|\n|upkeep\n|turn|34\n|\n|t:|1699663698\n|move|p1a: Calyrex|Glacial Lance|p2a: Burnout\n|-resisted|p2a: Burnout\n|-damage|p2a: Burnout|0 fnt\n|faint|p2a: Burnout\n|-ability|p1a: Calyrex|Chilling Neigh|boost\n|-boost|p1a: Calyrex|atk|1\n|\n|upkeep\n|\n|t:|1699663705\n|switch|p2a: Lake Superior|Arceus-Water|71\/100\n|-damage|p2a: Lake Superior|59\/100|[from] Stealth Rock\n|turn|35\n|\n|t:|1699663710\n|move|p1a: Calyrex|Close Combat|p2a: Lake Superior\n|-damage|p2a: Lake Superior|15\/100\n|-unboost|p1a: Calyrex|def|1\n|-unboost|p1a: Calyrex|spd|1\n|move|p2a: Lake Superior|Judgment|p1a: Calyrex\n|-supereffective|p1a: Calyrex\n|-damage|p1a: Calyrex|0 fnt\n|faint|p1a: Calyrex\n|\n|upkeep\n|j| FireWolf89\n|c| AdamPadum|dang it i couldn't say something\n|\n|t:|1699663719\n|switch|p1a: Arceus|Arceus|60\/100 brn\n|turn|36\n|\n|t:|1699663724\n|move|p1a: Arceus|Swords Dance|p1a: Arceus\n|-boost|p1a: Arceus|atk|2\n|move|p2a: Lake Superior|Judgment|p1a: Arceus\n|-damage|p1a: Arceus|31\/100 brn\n|\n|-damage|p1a: Arceus|25\/100 brn|[from] brn\n|upkeep\n|turn|37\n|\n|t:|1699663729\n|move|p1a: Arceus|Extreme Speed|p2a: Lake Superior\n|-damage|p2a: Lake Superior|0 fnt\n|faint|p2a: Lake Superior\n|\n|-damage|p1a: Arceus|18\/100 brn|[from] brn\n|-fieldend|move: Trick Room\n|upkeep\n|\n|t:|1699663731\n|switch|p2a: Lord Zedd|Koraidon|94\/100\n|-damage|p2a: Lord Zedd|88\/100|[from] Stealth Rock\n|-weather|SunnyDay|[from] ability: Orichalcum Pulse|[of] p2a: Lord Zedd\n|-activate|p2a: Lord Zedd|Orichalcum Pulse|[source]\n|turn|38\n|\n|t:|1699663743\n|-terastallize|p2a: Lord Zedd|Steel\n|move|p1a: Arceus|Extreme Speed|p2a: Lord Zedd\n|-resisted|p2a: Lord Zedd\n|-damage|p2a: Lord Zedd|69\/100\n|move|p2a: Lord Zedd|Collision Course|p1a: Arceus\n|-supereffective|p1a: Arceus\n|-damage|p1a: Arceus|0 fnt\n|faint|p1a: Arceus\n|\n|-weather|SunnyDay|[upkeep]\n|upkeep\n|\n|t:|1699663746\n|switch|p1a: Grimmsnarl|Grimmsnarl, M|19\/100\n|-activate|p1a: Grimmsnarl|move: Sticky Web\n|-unboost|p1a: Grimmsnarl|spe|1\n|-damage|p1a: Grimmsnarl|7\/100|[from] Stealth Rock\n|turn|39\n|c| AdamPadum|and you also didn't let me say the caly-i set was trick room\n|\n|t:|1699663750\n|move|p2a: Lord Zedd|Tera Blast|p1a: Grimmsnarl|[anim] Tera Blast Steel\n|-supereffective|p1a: Grimmsnarl\n|-damage|p1a: Grimmsnarl|0 fnt\n|faint|p1a: Grimmsnarl\n|\n|win|The Uber Bad Boy\n|n|\u2606default0|default0\n|n|\u2606The Uber Bad Boy|theuberbadboy\n|n| shrang|shrang\n|n| AdamPadum|adampadum\n|n| FireWolf89|firewolf89\n","uploadtime":1699663750,"views":8,"p1id":"default0","p2id":"theuberbadboy","formatid":"gen9ubers","rating":0,"private":0,"password":""}