{"id":"gen9ubers-1998099380","p1":"Taka","p2":"rainydaysman","format":"[Gen 9] Ubers","log":"|j|\u2606Taka\n|j|\u2606rainydaysman\n|t:|1700891162\n|gametype|singles\n|player|p1|Taka|#scl3spartans|\n|player|p2|rainydaysman|dawn|\n|teamsize|p1|6\n|teamsize|p2|6\n|gen|9\n|tier|[Gen 9] Ubers\n|rated|Tournament battle\n|rule|Sleep Clause Mod: Limit one foe put to sleep\n|rule|Species Clause: Limit one of each Pok\u00e9mon\n|rule|OHKO Clause: OHKO moves are banned\n|rule|Evasion Items Clause: Evasion items are banned\n|rule|Evasion Moves Clause: Evasion moves are banned\n|rule|Endless Battle Clause: Forcing endless battles is banned\n|rule|HP Percentage Mod: HP is shown in percentages\n|clearpoke\n|poke|p1|Zacian-*|\n|poke|p1|Miraidon|\n|poke|p1|Arceus|\n|poke|p1|Ribombee, M|\n|poke|p1|Koraidon|\n|poke|p1|Landorus-Therian, M|\n|poke|p2|Ribombee, M|\n|poke|p2|Arceus|\n|poke|p2|Zacian-*|\n|poke|p2|Miraidon|\n|poke|p2|Koraidon|\n|poke|p2|Kyogre|\n|teampreview\n|inactive|Battle timer is ON: inactive players will automatically lose when time's up. (requested by Taka)\n|inactive|rainydaysman also wants the timer to be on.\n|\n|t:|1700891168\n|start\n|switch|p1a: Ribombee|Ribombee, M|100\/100\n|switch|p2a: Ribombee|Ribombee, M, shiny|100\/100\n|turn|1\n|\n|t:|1700891188\n|move|p1a: Ribombee|Sticky Web|p2a: Ribombee\n|-sidestart|p2: rainydaysman|move: Sticky Web\n|move|p2a: Ribombee|Sticky Web|p1a: Ribombee\n|-sidestart|p1: Taka|move: Sticky Web\n|\n|upkeep\n|turn|2\n|\n|t:|1700891192\n|move|p2a: Ribombee|Stun Spore|p1a: Ribombee\n|-status|p1a: Ribombee|par\n|cant|p1a: Ribombee|par\n|\n|upkeep\n|turn|3\n|\n|t:|1700891196\n|move|p2a: Ribombee|Moonblast|p1a: Ribombee\n|-damage|p1a: Ribombee|27\/100 par\n|move|p1a: Ribombee|Stun Spore|p2a: Ribombee\n|-status|p2a: Ribombee|par\n|\n|upkeep\n|turn|4\n|inactive|rainydaysman has 120 seconds left.\n|\n|t:|1700891235\n|move|p1a: Ribombee|Moonblast|p2a: Ribombee\n|-damage|p2a: Ribombee|31\/100 par\n|move|p2a: Ribombee|Moonblast|p1a: Ribombee\n|-damage|p1a: Ribombee|0 fnt\n|faint|p1a: Ribombee\n|\n|upkeep\n|\n|t:|1700891241\n|switch|p1a: Zacian|Zacian-Crowned|100\/100\n|-activate|p1a: Zacian|move: Sticky Web\n|-unboost|p1a: Zacian|spe|1\n|-ability|p1a: Zacian|Intrepid Sword|boost\n|-boost|p1a: Zacian|atk|1\n|turn|5\n|inactive|rainydaysman has 120 seconds left.\n|inactive|rainydaysman has 90 seconds left.\n|\n|t:|1700891296\n|move|p1a: Zacian|Behemoth Blade|p2a: Ribombee\n|-supereffective|p2a: Ribombee\n|-damage|p2a: Ribombee|0 fnt\n|faint|p2a: Ribombee\n|\n|upkeep\n|\n|t:|1700891303\n|switch|p2a: Miraidon|Miraidon|100\/100\n|-activate|p2a: Miraidon|move: Sticky Web\n|-unboost|p2a: Miraidon|spe|1\n|-fieldstart|move: Electric Terrain|[from] ability: Hadron Engine|[of] p2a: Miraidon\n|turn|6\n|\n|t:|1700891308\n|move|p2a: Miraidon|Overheat|p1a: Zacian\n|-supereffective|p1a: Zacian\n|-damage|p1a: Zacian|0 fnt\n|-unboost|p2a: Miraidon|spa|2\n|faint|p1a: Zacian\n|\n|upkeep\n|\n|t:|1700891313\n|switch|p1a: Koraidon|Koraidon|100\/100\n|-activate|p1a: Koraidon|move: Sticky Web\n|-unboost|p1a: Koraidon|spe|1\n|-weather|SunnyDay|[from] ability: Orichalcum Pulse|[of] p1a: Koraidon\n|-activate|p1a: Koraidon|Orichalcum Pulse|[source]\n|turn|7\n|\n|t:|1700891326\n|switch|p2a: Zacian|Zacian-Crowned, shiny|100\/100\n|-activate|p2a: Zacian|move: Sticky Web\n|-unboost|p2a: Zacian|spe|1\n|-ability|p2a: Zacian|Intrepid Sword|boost\n|-boost|p2a: Zacian|atk|1\n|move|p1a: Koraidon|Bulk Up|p1a: Koraidon\n|-boost|p1a: Koraidon|atk|1\n|-boost|p1a: Koraidon|def|1\n|\n|-weather|SunnyDay|[upkeep]\n|upkeep\n|turn|8\n|\n|t:|1700891339\n|-terastallize|p1a: Koraidon|Fire\n|move|p2a: Zacian|Play Rough|p1a: Koraidon\n|-resisted|p1a: Koraidon\n|-damage|p1a: Koraidon|80\/100\n|move|p1a: Koraidon|Drain Punch|p2a: Zacian\n|-crit|p2a: Zacian\n|-damage|p2a: Zacian|0 fnt\n|-heal|p1a: Koraidon|100\/100|[from] drain|[of] p2a: Zacian\n|faint|p2a: Zacian\n|\n|-weather|SunnyDay|[upkeep]\n|upkeep\n|\n|t:|1700891353\n|switch|p2a: Kyogre|Kyogre, shiny|100\/100\n|-activate|p2a: Kyogre|move: Sticky Web\n|-unboost|p2a: Kyogre|spe|1\n|-weather|RainDance|[from] ability: Drizzle|[of] p2a: Kyogre\n|turn|9\n|\n|t:|1700891363\n|move|p2a: Kyogre|Water Spout|p1a: Koraidon\n|-supereffective|p1a: Koraidon\n|-damage|p1a: Koraidon|0 fnt\n|faint|p1a: Koraidon\n|\n|-weather|RainDance|[upkeep]\n|upkeep\n|c|\u2606Taka|holy double scarf on webs\n|\n|t:|1700891376\n|switch|p1a: Miraidon|Miraidon|100\/100\n|-activate|p1a: Miraidon|ability: Hadron Engine\n|turn|10\n|inactive|rainydaysman has 90 seconds left.\n|\n|t:|1700891408\n|switch|p2a: Miraidon|Miraidon|100\/100\n|-activate|p2a: Miraidon|move: Sticky Web\n|-unboost|p2a: Miraidon|spe|1\n|-activate|p2a: Miraidon|ability: Hadron Engine\n|move|p1a: Miraidon|Electro Drift|p2a: Miraidon\n|-resisted|p2a: Miraidon\n|-damage|p2a: Miraidon|79\/100\n|\n|-weather|RainDance|[upkeep]\n|-fieldend|move: Electric Terrain\n|upkeep\n|turn|11\n|inactive|Taka has 120 seconds left.\n|\n|t:|1700891446\n|switch|p1a: Landorus|Landorus-Therian, M|100\/100\n|-ability|p1a: Landorus|Intimidate|boost\n|-unboost|p2a: Miraidon|atk|1\n|move|p2a: Miraidon|Draco Meteor|p1a: Landorus\n|-damage|p1a: Landorus|15\/100\n|-unboost|p2a: Miraidon|spa|2\n|\n|-weather|RainDance|[upkeep]\n|upkeep\n|turn|12\n|\n|t:|1700891452\n|move|p2a: Miraidon|Draco Meteor|p1a: Landorus\n|-damage|p1a: Landorus|0 fnt\n|-unboost|p2a: Miraidon|spa|2\n|faint|p1a: Landorus\n|\n|-weather|RainDance|[upkeep]\n|upkeep\n|inactive|Taka has 120 seconds left.\n|inactive|Taka has 90 seconds left.\n|\n|t:|1700891500\n|switch|p1a: Arceus|Arceus|100\/100\n|-activate|p1a: Arceus|move: Sticky Web\n|-unboost|p1a: Arceus|spe|1\n|turn|13\n|\n|t:|1700891524\n|switch|p2a: Koraidon|Koraidon|100\/100\n|-activate|p2a: Koraidon|move: Sticky Web\n|-unboost|p2a: Koraidon|spe|1\n|-weather|SunnyDay|[from] ability: Orichalcum Pulse|[of] p2a: Koraidon\n|-activate|p2a: Koraidon|Orichalcum Pulse|[source]\n|move|p1a: Arceus|Swords Dance|p1a: Arceus\n|-boost|p1a: Arceus|atk|2\n|\n|-weather|SunnyDay|[upkeep]\n|upkeep\n|turn|14\n|\n|t:|1700891532\n|move|p1a: Arceus|Extreme Speed|p2a: Koraidon\n|-damage|p2a: Koraidon|14\/100\n|move|p2a: Koraidon|Drain Punch|p1a: Arceus\n|-supereffective|p1a: Arceus\n|-damage|p1a: Arceus|0 fnt\n|-heal|p2a: Koraidon|77\/100|[from] drain|[of] p1a: Arceus\n|faint|p1a: Arceus\n|\n|-weather|SunnyDay|[upkeep]\n|upkeep\n|c|\u2606Taka|gg\n|-message|Taka forfeited.\n|\n|win|rainydaysman\n|n|\u2606Taka|taka\n|n|\u2606rainydaysman|rainydaysman\n","uploadtime":1700891537,"views":1,"p1id":"taka","p2id":"rainydaysman","formatid":"gen9ubers","rating":0,"private":0,"password":""}