{"id":"gen9ubers-1973195206","p1":"sword over shield","p2":"TheSilvySilv","format":"[Gen 9] Ubers","log":"|j|\u2606sword over shield\n|j|\u2606TheSilvySilv\n|t:|1697938147\n|gametype|singles\n|player|p1|sword over shield|1|\n|player|p2|TheSilvySilv|ghetsis|\n|teamsize|p1|6\n|teamsize|p2|6\n|gen|9\n|tier|[Gen 9] Ubers\n|rule|Sleep Clause Mod: Limit one foe put to sleep\n|rule|Species Clause: Limit one of each Pok\u00e9mon\n|rule|OHKO Clause: OHKO moves are banned\n|rule|Evasion Items Clause: Evasion items are banned\n|rule|Evasion Moves Clause: Evasion moves are banned\n|rule|Endless Battle Clause: Forcing endless battles is banned\n|rule|HP Percentage Mod: HP is shown in percentages\n|clearpoke\n|poke|p1|Magearna|\n|poke|p1|Shaymin-Sky|\n|poke|p1|Arceus-Dragon|\n|poke|p1|Volcarona, M|\n|poke|p1|Palkia-Origin|\n|poke|p1|Giratina|\n|poke|p2|Torkoal, M|\n|poke|p2|Chi-Yu|\n|poke|p2|Arceus-Fire|\n|poke|p2|Walking Wake|\n|poke|p2|Roaring Moon|\n|poke|p2|Shaymin-Sky|\n|teampreview\n|inactive|Battle timer is ON: inactive players will automatically lose when time's up. (requested by TheSilvySilv)\n|\n|t:|1697938168\n|start\n|switch|p1a: Volcarona|Volcarona, M|100\/100\n|switch|p2a: Torkoal|Torkoal, M|100\/100\n|-weather|SunnyDay|[from] ability: Drought|[of] p2a: Torkoal\n|turn|1\n|\n|t:|1697938176\n|switch|p2a: Walking Wake|Walking Wake|100\/100\n|-activate|p2a: Walking Wake|ability: Protosynthesis\n|-start|p2a: Walking Wake|protosynthesisspe\n|move|p1a: Volcarona|Quiver Dance|p1a: Volcarona\n|-boost|p1a: Volcarona|spa|1\n|-boost|p1a: Volcarona|spd|1\n|-boost|p1a: Volcarona|spe|1\n|\n|-weather|SunnyDay|[upkeep]\n|upkeep\n|turn|2\n|\n|t:|1697938186\n|-terastallize|p1a: Volcarona|Fairy\n|move|p2a: Walking Wake|Hydro Steam|p1a: Volcarona\n|-damage|p1a: Volcarona|49\/100\n|move|p1a: Volcarona|Quiver Dance|p1a: Volcarona\n|-boost|p1a: Volcarona|spa|1\n|-boost|p1a: Volcarona|spd|1\n|-boost|p1a: Volcarona|spe|1\n|\n|-weather|SunnyDay|[upkeep]\n|upkeep\n|turn|3\n|\n|t:|1697938196\n|-terastallize|p2a: Walking Wake|Water\n|move|p2a: Walking Wake|Hydro Steam|p1a: Volcarona\n|-damage|p1a: Volcarona|0 fnt\n|faint|p1a: Volcarona\n|\n|-weather|SunnyDay|[upkeep]\n|upkeep\n|\n|t:|1697938203\n|switch|p1a: Giratina|Giratina|100\/100\n|-ability|p1a: Giratina|Pressure\n|turn|4\n|\n|t:|1697938207\n|switch|p1a: Magearna|Magearna|100\/100\n|move|p2a: Walking Wake|Hydro Steam|p1a: Magearna\n|-damage|p1a: Magearna|32\/100\n|\n|-weather|SunnyDay|[upkeep]\n|-heal|p1a: Magearna|38\/100|[from] item: Leftovers\n|upkeep\n|turn|5\n|\n|t:|1697938219\n|switch|p1a: Giratina|Giratina|100\/100\n|-ability|p1a: Giratina|Pressure\n|move|p2a: Walking Wake|Hydro Steam|p1a: Giratina\n|-resisted|p1a: Giratina\n|-damage|p1a: Giratina|66\/100\n|\n|-weather|SunnyDay|[upkeep]\n|-heal|p1a: Giratina|72\/100|[from] item: Leftovers\n|upkeep\n|turn|6\n|\n|t:|1697938230\n|move|p2a: Walking Wake|Hydro Steam|p1a: Giratina\n|-resisted|p1a: Giratina\n|-damage|p1a: Giratina|36\/100\n|move|p1a: Giratina|Thunder Wave|p2a: Walking Wake\n|-status|p2a: Walking Wake|par\n|\n|-weather|SunnyDay|[upkeep]\n|-heal|p1a: Giratina|42\/100|[from] item: Leftovers\n|upkeep\n|turn|7\n|\n|t:|1697938240\n|move|p2a: Walking Wake|Hydro Steam|p1a: Giratina\n|-resisted|p1a: Giratina\n|-crit|p1a: Giratina\n|-damage|p1a: Giratina|0 fnt\n|faint|p1a: Giratina\n|\n|-weather|SunnyDay|[upkeep]\n|upkeep\n|\n|t:|1697938252\n|switch|p1a: Shaymin|Shaymin-Sky|100\/100\n|turn|8\n|inactive|TheSilvySilv has 270 seconds left.\n|\n|t:|1697938303\n|-end|p2a: Walking Wake|Protosynthesis|[silent]\n|switch|p2a: Torkoal|Torkoal, M|100\/100\n|move|p1a: Shaymin|Seed Flare|p2a: Torkoal\n|-resisted|p2a: Torkoal\n|-damage|p2a: Torkoal|48\/100\n|-unboost|p2a: Torkoal|spd|2\n|-damage|p1a: Shaymin|91\/100|[from] item: Life Orb\n|\n|-weather|none\n|upkeep\n|turn|9\n|\n|t:|1697938314\n|switch|p2a: Chi-Yu|Chi-Yu|100\/100\n|-ability|p2a: Chi-Yu|Beads of Ruin\n|move|p1a: Shaymin|Seed Flare|p2a: Chi-Yu|[miss]\n|-miss|p1a: Shaymin|p2a: Chi-Yu\n|\n|upkeep\n|turn|10\n|inactive|TheSilvySilv has 240 seconds left.\n|\n|t:|1697938364\n|switch|p1a: Palkia|Palkia-Origin|100\/100\n|-ability|p1a: Palkia|Pressure\n|move|p2a: Chi-Yu|Dark Pulse|p1a: Palkia\n|-crit|p1a: Palkia\n|-damage|p1a: Palkia|29\/100\n|\n|upkeep\n|turn|11\n|\n|t:|1697938372\n|move|p2a: Chi-Yu|Dark Pulse|p1a: Palkia\n|-damage|p1a: Palkia|0 fnt\n|faint|p1a: Palkia\n|\n|upkeep\n|\n|t:|1697938381\n|switch|p1a: Arceus|Arceus-Dragon|100\/100\n|turn|12\n|inactive|TheSilvySilv has 210 seconds left.\n|\n|t:|1697938418\n|switch|p2a: Torkoal|Torkoal, M|48\/100\n|-weather|SunnyDay|[from] ability: Drought|[of] p2a: Torkoal\n|move|p1a: Arceus|Calm Mind|p1a: Arceus\n|-boost|p1a: Arceus|spa|1\n|-boost|p1a: Arceus|spd|1\n|\n|-weather|SunnyDay|[upkeep]\n|upkeep\n|turn|13\n|inactive|TheSilvySilv has 210 seconds left.\n|\n|t:|1697938434\n|switch|p2a: Walking Wake|Walking Wake, tera:Water|100\/100 par\n|-activate|p2a: Walking Wake|ability: Protosynthesis\n|-start|p2a: Walking Wake|protosynthesisspe\n|move|p1a: Arceus|Calm Mind|p1a: Arceus\n|-boost|p1a: Arceus|spa|1\n|-boost|p1a: Arceus|spd|1\n|\n|-weather|SunnyDay|[upkeep]\n|upkeep\n|turn|14\n|\n|t:|1697938442\n|move|p1a: Arceus|Judgment|p2a: Walking Wake\n|-damage|p2a: Walking Wake|0 fnt\n|faint|p2a: Walking Wake\n|-end|p2a: Walking Wake|Protosynthesis|[silent]\n|\n|-weather|SunnyDay|[upkeep]\n|upkeep\n|inactive|TheSilvySilv has 210 seconds left.\n|inactive|TheSilvySilv has 180 seconds left.\n|\n|t:|1697938497\n|switch|p2a: Roaring Moon|Roaring Moon|100\/100\n|-activate|p2a: Roaring Moon|ability: Protosynthesis\n|-start|p2a: Roaring Moon|protosynthesisatk\n|turn|15\n|\n|t:|1697938510\n|move|p1a: Arceus|Judgment|p2a: Roaring Moon\n|-supereffective|p2a: Roaring Moon\n|-damage|p2a: Roaring Moon|0 fnt\n|faint|p2a: Roaring Moon\n|-end|p2a: Roaring Moon|Protosynthesis|[silent]\n|\n|-weather|SunnyDay|[upkeep]\n|upkeep\n|c|\u2606TheSilvySilv|oh\n|c|\u2606TheSilvySilv|yeah\n|inactive|TheSilvySilv has 150 seconds left.\n|\n|t:|1697938541\n|switch|p2a: Arceus|Arceus-Fire|100\/100\n|turn|16\n|inactive|TheSilvySilv has 150 seconds left.\n|\n|t:|1697938548\n|move|p1a: Arceus|Judgment|p2a: Arceus\n|-damage|p2a: Arceus|26\/100\n|move|p2a: Arceus|Flare Blitz|p1a: Arceus\n|-resisted|p1a: Arceus\n|-damage|p1a: Arceus|63\/100\n|-damage|p2a: Arceus|12\/100|[from] Recoil\n|\n|-weather|SunnyDay|[upkeep]\n|upkeep\n|turn|17\n|c|\u2606sword over shield|dragon arc is actually goated\n|\n|t:|1697938559\n|move|p2a: Arceus|Earthquake|p1a: Arceus\n|-damage|p1a: Arceus|42\/100\n|move|p1a: Arceus|Judgment|p2a: Arceus\n|-damage|p2a: Arceus|0 fnt\n|faint|p2a: Arceus\n|\n|-weather|SunnyDay|[upkeep]\n|upkeep\n|inactive|TheSilvySilv has 150 seconds left.\n|c|\u2606TheSilvySilv|ong\n|\n|t:|1697938574\n|switch|p2a: Shaymin|Shaymin-Sky|100\/100\n|turn|18\n|\n|t:|1697938582\n|move|p2a: Shaymin|Seed Flare|p1a: Arceus\n|-resisted|p1a: Arceus\n|-damage|p1a: Arceus|33\/100\n|-unboost|p1a: Arceus|spd|2\n|move|p1a: Arceus|Recover|p1a: Arceus\n|-heal|p1a: Arceus|83\/100\n|\n|-weather|SunnyDay|[upkeep]\n|upkeep\n|turn|19\n|\n|t:|1697938594\n|move|p2a: Shaymin|Air Slash|p1a: Arceus|[miss]\n|-miss|p2a: Shaymin|p1a: Arceus\n|move|p1a: Arceus|Flamethrower|p2a: Shaymin\n|-supereffective|p2a: Shaymin\n|-damage|p2a: Shaymin|0 fnt\n|faint|p2a: Shaymin\n|\n|-weather|none\n|upkeep\n|c|\u2606TheSilvySilv|lol\n|\n|t:|1697938603\n|switch|p2a: Torkoal|Torkoal, M|48\/100\n|-weather|SunnyDay|[from] ability: Drought|[of] p2a: Torkoal\n|turn|20\n|\n|t:|1697938612\n|move|p1a: Arceus|Judgment|p2a: Torkoal\n|-damage|p2a: Torkoal|0 fnt\n|faint|p2a: Torkoal\n|\n|-weather|SunnyDay|[upkeep]\n|upkeep\n|\n|t:|1697938614\n|switch|p2a: Chi-Yu|Chi-Yu|100\/100\n|-ability|p2a: Chi-Yu|Beads of Ruin\n|turn|21\n|c|\u2606TheSilvySilv|I 100% dont KO here lol\n|c|\u2606sword over shield|the reverse sweep. dragceus went insane\n|inactive|TheSilvySilv has 150 seconds left.\n|inactive|TheSilvySilv has 120 seconds left.\n|\n|t:|1697938675\n|move|p2a: Chi-Yu|Dark Pulse|p1a: Arceus\n|-damage|p1a: Arceus|44\/100\n|move|p1a: Arceus|Judgment|p2a: Chi-Yu\n|-damage|p2a: Chi-Yu|0 fnt\n|faint|p2a: Chi-Yu\n|\n|win|sword over shield\n|l|\u2606TheSilvySilv\n|c|\u2606sword over shield|gg\n","uploadtime":1697938689,"views":20,"p1id":"swordovershield","p2id":"thesilvysilv","formatid":"gen9ubers","rating":0,"private":0,"password":""}