{"id":"gen9ubers-1968339828","p1":"XpokVEVO","p2":"UUbers account","format":"[Gen 9] Ubers","log":"|j|\u2606XpokVEVO\n|j|\u2606UUbers account\n|t:|1697407807\n|gametype|singles\n|player|p1|XpokVEVO|marshal|\n|player|p2|UUbers account|shadowtriad|\n|teamsize|p1|6\n|teamsize|p2|6\n|gen|9\n|tier|[Gen 9] Ubers\n|rule|Sleep Clause Mod: Limit one foe put to sleep\n|rule|Species Clause: Limit one of each Pok\u00e9mon\n|rule|OHKO Clause: OHKO moves are banned\n|rule|Evasion Items Clause: Evasion items are banned\n|rule|Evasion Moves Clause: Evasion moves are banned\n|rule|Endless Battle Clause: Forcing endless battles is banned\n|rule|HP Percentage Mod: HP is shown in percentages\n|clearpoke\n|poke|p1|Arceus-Fire|\n|poke|p1|Shaymin-Sky|\n|poke|p1|Cyclizar, M|\n|poke|p1|Espathra, M|\n|poke|p1|Magearna|\n|poke|p1|Urshifu-*, F|\n|poke|p2|Basculegion-F, F|\n|poke|p2|Arceus-Dark|\n|poke|p2|Magearna|\n|poke|p2|Hatterene, F|\n|poke|p2|Chi-Yu|\n|poke|p2|Giratina|\n|teampreview\n|\n|t:|1697407827\n|start\n|switch|p1a: Cyclizar|Cyclizar, M|100\/100\n|switch|p2a: Chi-Yu|Chi-Yu|100\/100\n|-ability|p2a: Chi-Yu|Beads of Ruin\n|turn|1\n|j| MYDADDOSNTLOVEME\n|\n|t:|1697407854\n|move|p2a: Chi-Yu|Fire Blast|p1a: Cyclizar\n|-resisted|p1a: Cyclizar\n|-damage|p1a: Cyclizar|37\/100\n|move|p1a: Cyclizar|Rapid Spin|p2a: Chi-Yu\n|-damage|p2a: Chi-Yu|75\/100\n|-boost|p1a: Cyclizar|spe|1\n|\n|upkeep\n|turn|2\n|\n|t:|1697407875\n|switch|p2a: Arceus|Arceus-Dark|100\/100\n|move|p1a: Cyclizar|Knock Off|p2a: Arceus\n|-resisted|p2a: Arceus\n|-damage|p2a: Arceus|96\/100\n|\n|upkeep\n|turn|3\n|\n|t:|1697407879\n|move|p1a: Cyclizar|Taunt|p2a: Arceus\n|-start|p2a: Arceus|move: Taunt\n|cant|p2a: Arceus|move: Taunt|Calm Mind\n|\n|upkeep\n|turn|4\n|\n|t:|1697407891\n|switch|p1a: Magearna|Magearna|100\/100\n|move|p2a: Arceus|Judgment|p1a: Magearna\n|-resisted|p1a: Magearna\n|-damage|p1a: Magearna|78\/100\n|\n|upkeep\n|turn|5\n|\n|t:|1697407899\n|switch|p2a: Magearna|Magearna|100\/100\n|move|p1a: Magearna|Shift Gear|p1a: Magearna\n|-boost|p1a: Magearna|spe|2\n|-boost|p1a: Magearna|atk|1\n|\n|upkeep\n|turn|6\n|\n|t:|1697407904\n|move|p1a: Magearna|Flash Cannon|p2a: Magearna\n|-damage|p2a: Magearna|52\/100\n|-damage|p1a: Magearna|68\/100|[from] item: Life Orb\n|move|p2a: Magearna|Thunder Wave|p1a: Magearna\n|-status|p1a: Magearna|par\n|\n|-heal|p2a: Magearna|58\/100|[from] item: Leftovers\n|upkeep\n|turn|7\n|\n|t:|1697407912\n|move|p1a: Magearna|Draining Kiss|p2a: Magearna\n|-resisted|p2a: Magearna\n|-damage|p2a: Magearna|43\/100\n|-heal|p1a: Magearna|83\/100 par|[from] drain|[of] p2a: Magearna\n|-damage|p1a: Magearna|73\/100 par|[from] item: Life Orb\n|move|p2a: Magearna|Spikes|p1a: Magearna\n|-sidestart|p1: XpokVEVO|Spikes\n|\n|-heal|p2a: Magearna|49\/100|[from] item: Leftovers\n|upkeep\n|turn|8\n|\n|t:|1697407915\n|move|p1a: Magearna|Shift Gear|p1a: Magearna\n|-boost|p1a: Magearna|spe|2\n|-boost|p1a: Magearna|atk|1\n|move|p2a: Magearna|Spikes|p1a: Magearna\n|-sidestart|p1: XpokVEVO|Spikes\n|\n|-heal|p2a: Magearna|55\/100|[from] item: Leftovers\n|upkeep\n|turn|9\n|\n|t:|1697407923\n|cant|p1a: Magearna|par\n|move|p2a: Magearna|Spikes|p1a: Magearna\n|-sidestart|p1: XpokVEVO|Spikes\n|\n|-heal|p2a: Magearna|61\/100|[from] item: Leftovers\n|upkeep\n|turn|10\n|\n|t:|1697407926\n|move|p1a: Magearna|Shift Gear|p1a: Magearna\n|-boost|p1a: Magearna|spe|2\n|-boost|p1a: Magearna|atk|1\n|move|p2a: Magearna|Volt Switch|p1a: Magearna\n|-damage|p1a: Magearna|52\/100 par\n|\n|t:|1697407943\n|switch|p2a: Hatterene|Hatterene, F|100\/100|[from] Volt Switch\n|\n|upkeep\n|turn|11\n|\n|t:|1697407948\n|move|p1a: Magearna|Flash Cannon|p2a: Hatterene\n|-supereffective|p2a: Hatterene\n|-damage|p2a: Hatterene|2\/100\n|-enditem|p2a: Hatterene|Eject Button\n|-damage|p1a: Magearna|43\/100 par|[from] item: Life Orb\n|\n|t:|1697407963\n|switch|p2a: Chi-Yu|Chi-Yu|75\/100\n|-ability|p2a: Chi-Yu|Beads of Ruin\n|\n|upkeep\n|turn|12\n|\n|t:|1697407972\n|move|p2a: Chi-Yu|Flamethrower|p1a: Magearna\n|-supereffective|p1a: Magearna\n|-damage|p1a: Magearna|0 fnt\n|faint|p1a: Magearna\n|\n|upkeep\n|\n|t:|1697407983\n|switch|p1a: Arceus-Fight\u0131ng|Arceus-Fire, shiny|100\/100\n|-damage|p1a: Arceus-Fight\u0131ng|76\/100|[from] Spikes\n|turn|13\n|\n|t:|1697407991\n|switch|p2a: Hatterene|Hatterene, F|2\/100\n|move|p1a: Arceus-Fight\u0131ng|Dragon Dance|p1a: Arceus-Fight\u0131ng\n|-boost|p1a: Arceus-Fight\u0131ng|atk|1\n|-boost|p1a: Arceus-Fight\u0131ng|spe|1\n|\n|upkeep\n|turn|14\n|\n|t:|1697407999\n|move|p1a: Arceus-Fight\u0131ng|Tera Blast|p2a: Hatterene\n|-damage|p2a: Hatterene|0 fnt\n|faint|p2a: Hatterene\n|\n|upkeep\n|\n|t:|1697408021\n|switch|p2a: Giratina|Giratina|100\/100\n|-ability|p2a: Giratina|Pressure\n|turn|15\n|\n|t:|1697408026\n|-terastallize|p1a: Arceus-Fight\u0131ng|Fairy\n|move|p1a: Arceus-Fight\u0131ng|Tera Blast|p2a: Giratina|[anim] Tera Blast Fairy\n|-supereffective|p2a: Giratina\n|-damage|p2a: Giratina|31\/100\n|move|p2a: Giratina|Roar|p1a: Arceus-Fight\u0131ng\n|drag|p1a: Cyclizar|Cyclizar, M|71\/100\n|-damage|p1a: Cyclizar|46\/100|[from] Spikes\n|\n|upkeep\n|turn|16\n|\n|t:|1697408037\n|move|p1a: Cyclizar|Knock Off|p2a: Giratina\n|-supereffective|p2a: Giratina\n|-damage|p2a: Giratina|6\/100\n|-enditem|p2a: Giratina|Heavy-Duty Boots|[from] move: Knock Off|[of] p1a: Cyclizar\n|move|p2a: Giratina|Rest|p2a: Giratina\n|-status|p2a: Giratina|slp|[from] move: Rest\n|-heal|p2a: Giratina|100\/100 slp|[silent]\n|\n|upkeep\n|turn|17\n|\n|t:|1697408042\n|move|p1a: Cyclizar|Rapid Spin|p2a: Giratina\n|-immune|p2a: Giratina\n|cant|p2a: Giratina|slp\n|\n|upkeep\n|turn|18\n|\n|t:|1697408046\n|move|p1a: Cyclizar|Taunt|p2a: Giratina\n|-start|p2a: Giratina|move: Taunt\n|cant|p2a: Giratina|slp\n|\n|upkeep\n|turn|19\n|\n|t:|1697408056\n|switch|p1a: Arceus-Fight\u0131ng|Arceus-Fire, shiny, tera:Fairy|76\/100\n|-damage|p1a: Arceus-Fight\u0131ng|51\/100|[from] Spikes\n|-curestatus|p2a: Giratina|slp|[msg]\n|move|p2a: Giratina|Hex|p1a: Arceus-Fight\u0131ng\n|-damage|p1a: Arceus-Fight\u0131ng|34\/100\n|\n|upkeep\n|turn|20\n|\n|t:|1697408062\n|move|p1a: Arceus-Fight\u0131ng|Dragon Dance|p1a: Arceus-Fight\u0131ng\n|-boost|p1a: Arceus-Fight\u0131ng|atk|1\n|-boost|p1a: Arceus-Fight\u0131ng|spe|1\n|move|p2a: Giratina|Hex|p1a: Arceus-Fight\u0131ng\n|-damage|p1a: Arceus-Fight\u0131ng|16\/100\n|\n|-end|p2a: Giratina|move: Taunt\n|upkeep\n|turn|21\n|\n|t:|1697408066\n|move|p1a: Arceus-Fight\u0131ng|Tera Blast|p2a: Giratina|[anim] Tera Blast Fairy\n|-supereffective|p2a: Giratina\n|-damage|p2a: Giratina|37\/100\n|move|p2a: Giratina|Roar|p1a: Arceus-Fight\u0131ng\n|drag|p1a: Urshifu|Urshifu, F|100\/100\n|-damage|p1a: Urshifu|76\/100|[from] Spikes\n|\n|upkeep\n|turn|22\n|\n|t:|1697408085\n|move|p1a: Urshifu|Close Combat|p2a: Giratina\n|-immune|p2a: Giratina\n|move|p2a: Giratina|Will-O-Wisp|p1a: Urshifu\n|-status|p1a: Urshifu|brn\n|\n|-damage|p1a: Urshifu|70\/100 brn|[from] brn\n|upkeep\n|turn|23\n|\n|t:|1697408096\n|switch|p1a: Arceus-Fight\u0131ng|Arceus-Fire, shiny, tera:Fairy|16\/100\n|-damage|p1a: Arceus-Fight\u0131ng|0 fnt|[from] Spikes\n|faint|p1a: Arceus-Fight\u0131ng\n|move|p2a: Giratina|Rest|p2a: Giratina\n|-status|p2a: Giratina|slp|[from] move: Rest\n|-heal|p2a: Giratina|100\/100 slp|[silent]\n|\n|upkeep\n|\n|t:|1697408105\n|switch|p1a: Espathra|Espathra, M|100\/100\n|-damage|p1a: Espathra|75\/100|[from] Spikes\n|turn|24\n|\n|t:|1697408109\n|move|p1a: Espathra|Calm Mind|p1a: Espathra\n|-boost|p1a: Espathra|spa|1\n|-boost|p1a: Espathra|spd|1\n|cant|p2a: Giratina|slp\n|\n|-ability|p1a: Espathra|Speed Boost|boost\n|-boost|p1a: Espathra|spe|1\n|upkeep\n|turn|25\n|\n|t:|1697408113\n|move|p1a: Espathra|Calm Mind|p1a: Espathra\n|-boost|p1a: Espathra|spa|1\n|-boost|p1a: Espathra|spd|1\n|cant|p2a: Giratina|slp\n|\n|-ability|p1a: Espathra|Speed Boost|boost\n|-boost|p1a: Espathra|spe|1\n|upkeep\n|turn|26\n|\n|t:|1697408117\n|move|p1a: Espathra|Protect|p1a: Espathra\n|-singleturn|p1a: Espathra|Protect\n|-curestatus|p2a: Giratina|slp|[msg]\n|move|p2a: Giratina|Roar|p1a: Espathra\n|drag|p1a: Cyclizar|Cyclizar, M|79\/100\n|-damage|p1a: Cyclizar|54\/100|[from] Spikes\n|\n|upkeep\n|turn|27\n|c|\u2606XpokVEVO|Dude\n|c|\u2606XpokVEVO|I forget\n|\n|t:|1697408128\n|switch|p2a: Arceus|Arceus-Dark|96\/100\n|move|p1a: Cyclizar|Taunt|p2a: Arceus\n|-start|p2a: Arceus|move: Taunt\n|\n|upkeep\n|turn|28\n|\n|t:|1697408130\n|move|p1a: Cyclizar|Shed Tail|p1a: Cyclizar\n|-start|p1a: Cyclizar|Substitute|[from] move: Shed Tail\n|-damage|p1a: Cyclizar|4\/100\n|-enditem|p1a: Cyclizar|Aguav Berry|[eat]\n|-heal|p1a: Cyclizar|37\/100|[from] item: Aguav Berry\n|\n|t:|1697408134\n|switch|p1a: Shaymin|Shaymin-Sky, shiny|100\/100|[from] Shed Tail\n|move|p2a: Arceus|Judgment|p1a: Shaymin\n|-end|p1a: Shaymin|Substitute\n|\n|upkeep\n|turn|29\n|\n|t:|1697408139\n|move|p1a: Shaymin|Seed Flare|p2a: Arceus\n|-damage|p2a: Arceus|49\/100\n|-damage|p1a: Shaymin|91\/100|[from] item: Life Orb\n|move|p2a: Arceus|Judgment|p1a: Shaymin\n|-damage|p1a: Shaymin|27\/100\n|\n|-end|p2a: Arceus|move: Taunt\n|upkeep\n|turn|30\n|\n|t:|1697408144\n|switch|p2a: Magearna|Magearna|61\/100\n|move|p1a: Shaymin|Healing Wish|p1a: Shaymin\n|faint|p1a: Shaymin\n|-ability|p2a: Magearna|Soul-Heart|boost\n|-boost|p2a: Magearna|spa|1\n|\n|-heal|p2a: Magearna|67\/100|[from] item: Leftovers\n|upkeep\n|\n|t:|1697408152\n|switch|p1a: Espathra|Espathra, M|75\/100\n|-heal|p1a: Espathra|100\/100|[from] move: Healing Wish\n|-damage|p1a: Espathra|75\/100|[from] Spikes\n|turn|31\n|\n|t:|1697408157\n|move|p1a: Espathra|Calm Mind|p1a: Espathra\n|-boost|p1a: Espathra|spa|1\n|-boost|p1a: Espathra|spd|1\n|move|p2a: Magearna|Thunder Wave|p1a: Espathra\n|-status|p1a: Espathra|par\n|\n|-heal|p2a: Magearna|73\/100|[from] item: Leftovers\n|-ability|p1a: Espathra|Speed Boost|boost\n|-boost|p1a: Espathra|spe|1\n|upkeep\n|turn|32\n|\n|t:|1697408163\n|move|p1a: Espathra|Calm Mind|p1a: Espathra\n|-boost|p1a: Espathra|spa|1\n|-boost|p1a: Espathra|spd|1\n|move|p2a: Magearna|Volt Switch|p1a: Espathra\n|-crit|p1a: Espathra\n|-damage|p1a: Espathra|7\/100 par\n|\n|t:|1697408163\n|switch|p2a: Arceus|Arceus-Dark|49\/100|[from] Volt Switch\n|\n|-ability|p1a: Espathra|Speed Boost|boost\n|-boost|p1a: Espathra|spe|1\n|upkeep\n|turn|33\n|\n|t:|1697408170\n|move|p2a: Arceus|Judgment|p1a: Espathra\n|-supereffective|p1a: Espathra\n|-damage|p1a: Espathra|0 fnt\n|faint|p1a: Espathra\n|\n|upkeep\n|c|\u2606XpokVEVO|My brain just starts trolling\n|c|\u2606XpokVEVO|That was protect\n|\n|t:|1697408183\n|switch|p1a: Urshifu|Urshifu, F|70\/100 brn\n|-damage|p1a: Urshifu|45\/100 brn|[from] Spikes\n|turn|34\n|c|\u2606XpokVEVO|I think im done for today\n|\n|t:|1697408197\n|-terastallize|p2a: Arceus|Fairy\n|move|p2a: Arceus|Judgment|p1a: Urshifu\n|-resisted|p1a: Urshifu\n|-damage|p1a: Urshifu|26\/100 brn\n|move|p1a: Urshifu|Close Combat|p2a: Arceus\n|-resisted|p2a: Arceus\n|-damage|p2a: Arceus|35\/100\n|-unboost|p1a: Urshifu|def|1\n|-unboost|p1a: Urshifu|spd|1\n|-damage|p1a: Urshifu|16\/100 brn|[from] item: Life Orb\n|\n|-damage|p1a: Urshifu|10\/100 brn|[from] brn\n|upkeep\n|turn|35\n|\n|t:|1697408204\n|move|p2a: Arceus|Judgment|p1a: Urshifu\n|-resisted|p1a: Urshifu\n|-damage|p1a: Urshifu|0 fnt\n|faint|p1a: Urshifu\n|\n|upkeep\n|c|\u2606UUbers account|gg\n|\n|t:|1697408206\n|switch|p1a: Cyclizar|Cyclizar, M|70\/100\n|-damage|p1a: Cyclizar|45\/100|[from] Spikes\n|turn|36\n|-message|XpokVEVO forfeited.\n|\n|win|UUbers account\n|l|\u2606XpokVEVO\n","uploadtime":1697408211,"views":20,"p1id":"xpokvevo","p2id":"uubersaccount","formatid":"gen9ubers","rating":0,"private":0,"password":""}