{"id":"gen9ubers-1970165704","p1":"fungoos469","p2":"GerrytheHeeHo","format":"[Gen 9] Ubers","log":"|j|\u2606fungoos469\n|j|\u2606GerrytheHeeHo\n|t:|1697603796\n|gametype|singles\n|player|p1|fungoos469|1|\n|player|p2|GerrytheHeeHo|brock-gen1rb|\n|teamsize|p1|6\n|teamsize|p2|6\n|gen|9\n|tier|[Gen 9] Ubers\n|rule|Sleep Clause Mod: Limit one foe put to sleep\n|rule|Species Clause: Limit one of each Pok\u00e9mon\n|rule|OHKO Clause: OHKO moves are banned\n|rule|Evasion Items Clause: Evasion items are banned\n|rule|Evasion Moves Clause: Evasion moves are banned\n|rule|Endless Battle Clause: Forcing endless battles is banned\n|rule|HP Percentage Mod: HP is shown in percentages\n|clearpoke\n|poke|p1|Arceus-Grass|\n|poke|p1|Shaymin-Sky|\n|poke|p1|Zacian-*|\n|poke|p1|Zamazenta-*|\n|poke|p1|Dialga|\n|poke|p1|Cyclizar, F|\n|poke|p2|Tyranitar, M|\n|poke|p2|Houndstone, F|\n|poke|p2|Magearna|\n|poke|p2|Shaymin-Sky|\n|poke|p2|Donphan, M|\n|poke|p2|Arceus-Grass|\n|teampreview\n|\n|t:|1697603814\n|start\n|switch|p1a: Dialga|Dialga|100\/100\n|switch|p2a: president grant|Donphan, M|100\/100\n|-ability|p1a: Dialga|Pressure\n|turn|1\n|\n|t:|1697603829\n|move|p1a: Dialga|Stealth Rock|p2a: president grant\n|-sidestart|p2: GerrytheHeeHo|move: Stealth Rock\n|move|p2a: president grant|Earthquake|p1a: Dialga\n|-supereffective|p1a: Dialga\n|-damage|p1a: Dialga|53\/100\n|\n|-heal|p1a: Dialga|59\/100|[from] item: Leftovers\n|upkeep\n|turn|2\n|\n|t:|1697603838\n|switch|p1a: Shaymin|Shaymin-Sky, shiny|100\/100\n|move|p2a: president grant|Rapid Spin|p1a: Shaymin\n|-damage|p1a: Shaymin|84\/100\n|-boost|p2a: president grant|spe|1\n|-sideend|p2: GerrytheHeeHo|Stealth Rock|[from] move: Rapid Spin|[of] p2a: president grant\n|\n|upkeep\n|turn|3\n|\n|t:|1697603846\n|move|p2a: president grant|Ice Shard|p1a: Shaymin\n|-supereffective|p1a: Shaymin\n|-damage|p1a: Shaymin|22\/100\n|move|p1a: Shaymin|Seed Flare|p2a: president grant\n|-supereffective|p2a: president grant\n|-ability|p2a: president grant|Sturdy\n|-damage|p2a: president grant|1\/100\n|-unboost|p2a: president grant|spd|2\n|\n|upkeep\n|turn|4\n|\n|t:|1697603865\n|switch|p1a: Zamazenta|Zamazenta-Crowned, shiny|100\/100\n|-ability|p1a: Zamazenta|Dauntless Shield|boost\n|-boost|p1a: Zamazenta|def|1\n|move|p2a: president grant|Ice Shard|p1a: Zamazenta\n|-resisted|p1a: Zamazenta\n|-damage|p1a: Zamazenta|97\/100\n|\n|upkeep\n|turn|5\n|\n|t:|1697603884\n|move|p1a: Zamazenta|Behemoth Bash|p2a: president grant\n|-damage|p2a: president grant|0 fnt\n|faint|p2a: president grant\n|\n|upkeep\n|\n|t:|1697603895\n|switch|p2a: jebbey|Arceus-Grass|100\/100\n|turn|6\n|\n|t:|1697603903\n|move|p1a: Zamazenta|Ice Fang|p2a: jebbey\n|-supereffective|p2a: jebbey\n|-damage|p2a: jebbey|72\/100\n|move|p2a: jebbey|Earth Power|p1a: Zamazenta\n|-supereffective|p1a: Zamazenta\n|-damage|p1a: Zamazenta|56\/100\n|\n|upkeep\n|turn|7\n|\n|t:|1697603911\n|move|p1a: Zamazenta|Ice Fang|p2a: jebbey\n|-supereffective|p2a: jebbey\n|-damage|p2a: jebbey|44\/100\n|cant|p2a: jebbey|flinch\n|\n|upkeep\n|turn|8\n|\n|t:|1697603919\n|move|p1a: Zamazenta|Ice Fang|p2a: jebbey\n|-supereffective|p2a: jebbey\n|-damage|p2a: jebbey|17\/100\n|-status|p2a: jebbey|frz\n|-curestatus|p2a: jebbey|frz|[msg]\n|cant|p2a: jebbey|flinch\n|\n|upkeep\n|turn|9\n|c|\u2606fungoos469|What\n|c|\u2606GerrytheHeeHo|i love this game!!!\n|\n|t:|1697603948\n|move|p1a: Zamazenta|Ice Fang|p2a: jebbey\n|-supereffective|p2a: jebbey\n|-damage|p2a: jebbey|0 fnt\n|faint|p2a: jebbey\n|\n|upkeep\n|c|\u2606GerrytheHeeHo|ive missed 8 hydro pumps in a row before\n|\n|t:|1697603964\n|switch|p2a: so what!|Shaymin-Sky|100\/100\n|turn|10\n|\n|t:|1697603967\n|move|p2a: so what!|Air Slash|p1a: Zamazenta\n|-damage|p1a: Zamazenta|29\/100\n|cant|p1a: Zamazenta|flinch\n|\n|upkeep\n|turn|11\n|\n|t:|1697603973\n|move|p2a: so what!|Air Slash|p1a: Zamazenta\n|-damage|p1a: Zamazenta|0 fnt\n|faint|p1a: Zamazenta\n|\n|upkeep\n|\n|t:|1697603982\n|switch|p1a: Shaymin|Shaymin-Sky, shiny|22\/100\n|turn|12\n|\n|t:|1697603986\n|move|p2a: so what!|Air Slash|p1a: Shaymin\n|-supereffective|p1a: Shaymin\n|-damage|p1a: Shaymin|0 fnt\n|faint|p1a: Shaymin\n|\n|upkeep\n|\n|t:|1697603996\n|switch|p1a: Dialga|Dialga|59\/100\n|-ability|p1a: Dialga|Pressure\n|turn|13\n|\n|t:|1697604003\n|move|p2a: so what!|Air Slash|p1a: Dialga\n|-resisted|p1a: Dialga\n|-damage|p1a: Dialga|44\/100\n|cant|p1a: Dialga|flinch\n|\n|-heal|p1a: Dialga|50\/100|[from] item: Leftovers\n|upkeep\n|turn|14\n|\n|t:|1697604010\n|move|p2a: so what!|Air Slash|p1a: Dialga\n|-resisted|p1a: Dialga\n|-damage|p1a: Dialga|33\/100\n|cant|p1a: Dialga|flinch\n|\n|-heal|p1a: Dialga|40\/100|[from] item: Leftovers\n|upkeep\n|turn|15\n|\n|t:|1697604018\n|move|p2a: so what!|Air Slash|p1a: Dialga\n|-resisted|p1a: Dialga\n|-damage|p1a: Dialga|25\/100\n|move|p1a: Dialga|Thunder Wave|p2a: so what!\n|-status|p2a: so what!|par\n|\n|-heal|p1a: Dialga|31\/100|[from] item: Leftovers\n|upkeep\n|turn|16\n|\n|t:|1697604026\n|move|p2a: so what!|Air Slash|p1a: Dialga\n|-resisted|p1a: Dialga\n|-damage|p1a: Dialga|14\/100\n|move|p1a: Dialga|Rest|p1a: Dialga\n|-status|p1a: Dialga|slp|[from] move: Rest\n|-heal|p1a: Dialga|100\/100 slp|[silent]\n|\n|upkeep\n|turn|17\n|\n|t:|1697604039\n|switch|p2a: rayearth|Magearna|100\/100\n|cant|p1a: Dialga|slp\n|\n|upkeep\n|turn|18\n|\n|t:|1697604052\n|switch|p1a: Cyclizar|Cyclizar, F|100\/100\n|move|p2a: rayearth|Iron Defense|p2a: rayearth\n|-boost|p2a: rayearth|def|2\n|\n|upkeep\n|turn|19\n|\n|t:|1697604058\n|move|p1a: Cyclizar|Taunt|p2a: rayearth\n|-start|p2a: rayearth|move: Taunt\n|cant|p2a: rayearth|move: Taunt|Calm Mind\n|\n|upkeep\n|turn|20\n|\n|t:|1697604066\n|move|p1a: Cyclizar|Shed Tail|p1a: Cyclizar\n|-start|p1a: Cyclizar|Substitute|[from] move: Shed Tail\n|-damage|p1a: Cyclizar|50\/100\n|\n|t:|1697604077\n|switch|p1a: Zacian|Zacian, shiny|100\/100|[from] Shed Tail\n|-ability|p1a: Zacian|Intrepid Sword|boost\n|-boost|p1a: Zacian|atk|1\n|move|p2a: rayearth|Draining Kiss|p1a: Zacian\n|-activate|p1a: Zacian|move: Substitute|[damage]\n|\n|upkeep\n|turn|21\n|\n|t:|1697604092\n|move|p1a: Zacian|Swords Dance|p1a: Zacian\n|-boost|p1a: Zacian|atk|2\n|move|p2a: rayearth|Draining Kiss|p1a: Zacian\n|-end|p1a: Zacian|Substitute\n|\n|-end|p2a: rayearth|move: Taunt\n|upkeep\n|turn|22\n|\n|t:|1697604101\n|move|p1a: Zacian|Close Combat|p2a: rayearth\n|-damage|p2a: rayearth|60\/100\n|-unboost|p1a: Zacian|def|1\n|-unboost|p1a: Zacian|spd|1\n|-damage|p1a: Zacian|91\/100|[from] item: Life Orb\n|move|p2a: rayearth|Draining Kiss|p1a: Zacian\n|-damage|p1a: Zacian|60\/100\n|-heal|p2a: rayearth|80\/100|[from] drain|[of] p1a: Zacian\n|\n|upkeep\n|turn|23\n|\n|t:|1697604114\n|move|p1a: Zacian|Swords Dance|p1a: Zacian\n|-boost|p1a: Zacian|atk|2\n|move|p2a: rayearth|Draining Kiss|p1a: Zacian\n|-damage|p1a: Zacian|30\/100\n|-heal|p2a: rayearth|99\/100|[from] drain|[of] p1a: Zacian\n|\n|upkeep\n|turn|24\n|\n|t:|1697604125\n|move|p1a: Zacian|Close Combat|p2a: rayearth\n|-damage|p2a: rayearth|47\/100\n|-unboost|p1a: Zacian|def|1\n|-unboost|p1a: Zacian|spd|1\n|-damage|p1a: Zacian|20\/100|[from] item: Life Orb\n|move|p2a: rayearth|Draining Kiss|p1a: Zacian\n|-damage|p1a: Zacian|0 fnt\n|-heal|p2a: rayearth|60\/100|[from] drain|[of] p1a: Zacian\n|faint|p1a: Zacian\n|-ability|p2a: rayearth|Soul-Heart|boost\n|-boost|p2a: rayearth|spa|1\n|\n|upkeep\n|\n|t:|1697604137\n|switch|p1a: Cyclizar|Cyclizar, F|83\/100\n|turn|25\n|\n|t:|1697604143\n|move|p1a: Cyclizar|Knock Off|p2a: rayearth\n|-resisted|p2a: rayearth\n|-damage|p2a: rayearth|56\/100\n|-enditem|p2a: rayearth|Covert Cloak|[from] move: Knock Off|[of] p1a: Cyclizar\n|move|p2a: rayearth|Calm Mind|p2a: rayearth\n|-boost|p2a: rayearth|spa|1\n|-boost|p2a: rayearth|spd|1\n|\n|upkeep\n|turn|26\n|\n|t:|1697604151\n|move|p1a: Cyclizar|Taunt|p2a: rayearth\n|-start|p2a: rayearth|move: Taunt\n|move|p2a: rayearth|Stored Power|p1a: Cyclizar\n|-damage|p1a: Cyclizar|0 fnt\n|faint|p1a: Cyclizar\n|-ability|p2a: rayearth|Soul-Heart|boost\n|-boost|p2a: rayearth|spa|1\n|\n|upkeep\n|\n|t:|1697604160\n|switch|p1a: Arceus|Arceus-Grass|100\/100\n|turn|27\n|\n|t:|1697604166\n|move|p1a: Arceus|Calm Mind|p1a: Arceus\n|-boost|p1a: Arceus|spa|1\n|-boost|p1a: Arceus|spd|1\n|move|p2a: rayearth|Stored Power|p1a: Arceus\n|-damage|p1a: Arceus|58\/100\n|\n|upkeep\n|turn|28\n|\n|t:|1697604181\n|move|p1a: Arceus|Calm Mind|p1a: Arceus\n|-boost|p1a: Arceus|spa|1\n|-boost|p1a: Arceus|spd|1\n|move|p2a: rayearth|Stored Power|p1a: Arceus\n|-damage|p1a: Arceus|23\/100\n|\n|-end|p2a: rayearth|move: Taunt\n|upkeep\n|turn|29\n|\n|t:|1697604190\n|move|p1a: Arceus|Recover|p1a: Arceus\n|-heal|p1a: Arceus|73\/100\n|move|p2a: rayearth|Stored Power|p1a: Arceus\n|-damage|p1a: Arceus|41\/100\n|\n|upkeep\n|turn|30\n|\n|t:|1697604196\n|move|p1a: Arceus|Recover|p1a: Arceus\n|-heal|p1a: Arceus|91\/100\n|move|p2a: rayearth|Calm Mind|p2a: rayearth\n|-boost|p2a: rayearth|spa|1\n|-boost|p2a: rayearth|spd|1\n|\n|upkeep\n|turn|31\n|\n|t:|1697604211\n|move|p1a: Arceus|Calm Mind|p1a: Arceus\n|-boost|p1a: Arceus|spa|1\n|-boost|p1a: Arceus|spd|1\n|move|p2a: rayearth|Calm Mind|p2a: rayearth\n|-boost|p2a: rayearth|spa|1\n|-boost|p2a: rayearth|spd|1\n|\n|upkeep\n|turn|32\n|\n|t:|1697604220\n|move|p1a: Arceus|Calm Mind|p1a: Arceus\n|-boost|p1a: Arceus|spa|1\n|-boost|p1a: Arceus|spd|1\n|move|p2a: rayearth|Calm Mind|p2a: rayearth\n|-boost|p2a: rayearth|spa|1\n|-boost|p2a: rayearth|spd|1\n|\n|upkeep\n|turn|33\n|\n|t:|1697604228\n|-terastallize|p1a: Arceus|Grass\n|move|p1a: Arceus|Judgment|p2a: rayearth\n|-resisted|p2a: rayearth\n|-damage|p2a: rayearth|29\/100\n|move|p2a: rayearth|Stored Power|p1a: Arceus\n|-damage|p1a: Arceus|30\/100\n|\n|upkeep\n|turn|34\n|\n|t:|1697604237\n|move|p1a: Arceus|Judgment|p2a: rayearth\n|-resisted|p2a: rayearth\n|-damage|p2a: rayearth|0 fnt\n|faint|p2a: rayearth\n|\n|upkeep\n|\n|t:|1697604243\n|switch|p2a: lucas|Tyranitar, M|100\/100\n|-weather|Sandstorm|[from] ability: Sand Stream|[of] p2a: lucas\n|turn|35\n|\n|t:|1697604250\n|move|p1a: Arceus|Recover|p1a: Arceus\n|-heal|p1a: Arceus|80\/100\n|move|p2a: lucas|Low Kick|p1a: Arceus\n|-damage|p1a: Arceus|58\/100\n|\n|-weather|Sandstorm|[upkeep]\n|-damage|p1a: Arceus|52\/100|[from] Sandstorm\n|upkeep\n|turn|36\n|\n|t:|1697604263\n|move|p1a: Arceus|Recover|p1a: Arceus\n|-heal|p1a: Arceus|100\/100\n|move|p2a: lucas|Thunder Wave|p1a: Arceus|[miss]\n|-miss|p2a: lucas|p1a: Arceus\n|\n|-weather|Sandstorm|[upkeep]\n|-damage|p1a: Arceus|94\/100|[from] Sandstorm\n|upkeep\n|turn|37\n|\n|t:|1697604275\n|move|p1a: Arceus|Calm Mind|p1a: Arceus\n|-boost|p1a: Arceus|spa|1\n|-boost|p1a: Arceus|spd|1\n|move|p2a: lucas|Thunder Wave|p1a: Arceus|[miss]\n|-miss|p2a: lucas|p1a: Arceus\n|\n|-weather|Sandstorm|[upkeep]\n|-damage|p1a: Arceus|88\/100|[from] Sandstorm\n|upkeep\n|turn|38\n|\n|t:|1697604284\n|move|p1a: Arceus|Calm Mind|p1a: Arceus\n|-boost|p1a: Arceus|spa|1\n|-boost|p1a: Arceus|spd|1\n|move|p2a: lucas|Thunder Wave|p1a: Arceus\n|-status|p1a: Arceus|par\n|\n|-weather|Sandstorm|[upkeep]\n|-damage|p1a: Arceus|82\/100 par|[from] Sandstorm\n|upkeep\n|turn|39\n|\n|t:|1697604304\n|switch|p2a: so what!|Shaymin-Sky|100\/100 par\n|move|p1a: Arceus|Recover|p1a: Arceus\n|-heal|p1a: Arceus|100\/100 par\n|\n|-weather|none\n|upkeep\n|turn|40\n|\n|t:|1697604313\n|move|p2a: so what!|Air Slash|p1a: Arceus\n|-supereffective|p1a: Arceus\n|-damage|p1a: Arceus|88\/100 par\n|cant|p1a: Arceus|flinch\n|\n|upkeep\n|turn|41\n|\n|t:|1697604319\n|cant|p2a: so what!|par\n|move|p1a: Arceus|Ice Beam|p2a: so what!\n|-supereffective|p2a: so what!\n|-damage|p2a: so what!|0 fnt\n|faint|p2a: so what!\n|\n|upkeep\n|\n|t:|1697604321\n|switch|p2a: lucas|Tyranitar, M|100\/100\n|-weather|Sandstorm|[from] ability: Sand Stream|[of] p2a: lucas\n|turn|42\n|\n|t:|1697604333\n|move|p1a: Arceus|Recover|p1a: Arceus\n|-heal|p1a: Arceus|100\/100 par\n|move|p2a: lucas|Low Kick|p1a: Arceus\n|-damage|p1a: Arceus|76\/100 par\n|\n|-weather|Sandstorm|[upkeep]\n|-damage|p1a: Arceus|70\/100 par|[from] Sandstorm\n|upkeep\n|turn|43\n|\n|t:|1697604341\n|switch|p2a: RARIATTO!!!|Houndstone, F|100\/100\n|move|p1a: Arceus|Recover|p1a: Arceus\n|-heal|p1a: Arceus|100\/100 par\n|\n|-weather|Sandstorm|[upkeep]\n|-damage|p1a: Arceus|94\/100 par|[from] Sandstorm\n|upkeep\n|turn|44\n|\n|t:|1697604351\n|-terastallize|p2a: RARIATTO!!!|Ghost\n|move|p2a: RARIATTO!!!|Last Respects|p1a: Arceus\n|-damage|p1a: Arceus|0 fnt\n|faint|p1a: Arceus\n|\n|-weather|Sandstorm|[upkeep]\n|upkeep\n|c|\u2606fungoos469|Gg\n|c|\u2606GerrytheHeeHo|gg\n|\n|t:|1697604366\n|switch|p1a: Dialga|Dialga|100\/100 slp\n|-ability|p1a: Dialga|Pressure\n|turn|45\n|\n|t:|1697604371\n|move|p2a: RARIATTO!!!|Last Respects|p1a: Dialga\n|-damage|p1a: Dialga|0 fnt\n|faint|p1a: Dialga\n|\n|win|GerrytheHeeHo\n|l|\u2606fungoos469\n|l|\u2606GerrytheHeeHo\n|j|\u2606GerrytheHeeHo\n|player|p2|GerrytheHeeHo|brock-gen1rb\n","uploadtime":1697604807,"views":21,"p1id":"fungoos469","p2id":"gerrytheheeho","formatid":"gen9ubers","rating":0,"private":0,"password":""}