{"id":"gen9ubers-1982950344","p1":"Willish6634","p2":"Drunk'nPizza","format":"[Gen 9] Ubers","log":"|j|\u2606Willish6634\n|j|\u2606Drunk'nPizza\n|t:|1699062262\n|gametype|singles\n|player|p1|Willish6634|leon-masters|\n|player|p2|Drunk'nPizza|rancher|\n|teamsize|p1|6\n|teamsize|p2|6\n|gen|9\n|tier|[Gen 9] Ubers\n|rule|Sleep Clause Mod: Limit one foe put to sleep\n|rule|Species Clause: Limit one of each Pok\u00e9mon\n|rule|OHKO Clause: OHKO moves are banned\n|rule|Evasion Items Clause: Evasion items are banned\n|rule|Evasion Moves Clause: Evasion moves are banned\n|rule|Endless Battle Clause: Forcing endless battles is banned\n|rule|HP Percentage Mod: HP is shown in percentages\n|clearpoke\n|poke|p1|Dondozo, F|\n|poke|p1|Weavile, F|\n|poke|p1|Ogerpon-Wellspring, F|\n|poke|p1|Conkeldurr, F|\n|poke|p1|Dragonite, M|\n|poke|p1|Azelf|\n|poke|p2|Pelipper, F|\n|poke|p2|Overqwil, F|\n|poke|p2|Yanmega, M|\n|poke|p2|Cresselia, F|\n|poke|p2|Espathra, M|\n|poke|p2|Mandibuzz, F|\n|teampreview\n|j| Zeroclock1985\n|c|\u2606Willish6634|Glhf\n|\n|t:|1699062326\n|start\n|switch|p1a: Azelf|Azelf|100\/100\n|switch|p2a: Mandibuzz|Mandibuzz, F|100\/100\n|turn|1\n|j| Destroy Smoochie\n|\n|t:|1699062344\n|move|p1a: Azelf|Reflect|p1a: Azelf\n|-sidestart|p1: Willish6634|Reflect\n|move|p2a: Mandibuzz|Foul Play|p1a: Azelf\n|-supereffective|p1a: Azelf\n|-damage|p1a: Azelf|51\/100\n|\n|upkeep\n|turn|2\n|\n|t:|1699062357\n|move|p1a: Azelf|Light Screen|p1a: Azelf\n|-sidestart|p1: Willish6634|move: Light Screen\n|move|p2a: Mandibuzz|Toxic|p1a: Azelf\n|-status|p1a: Azelf|tox\n|\n|-damage|p1a: Azelf|45\/100 tox|[from] psn\n|upkeep\n|turn|3\n|j| trillbo\n|\n|t:|1699062388\n|move|p1a: Azelf|Explosion|p2a: Mandibuzz\n|-damage|p2a: Mandibuzz|62\/100\n|faint|p1a: Azelf\n|move|p2a: Mandibuzz|Defog|p1: Azelf|[notarget]\n|-fail|p2a: Mandibuzz\n|\n|-heal|p2a: Mandibuzz|68\/100|[from] item: Leftovers\n|upkeep\n|\n|t:|1699062412\n|switch|p1a: Conkeldurr|Conkeldurr, F|100\/100\n|turn|4\n|\n|t:|1699062418\n|move|p2a: Mandibuzz|Toxic|p1a: Conkeldurr\n|-status|p1a: Conkeldurr|tox\n|move|p1a: Conkeldurr|Drain Punch|p2a: Mandibuzz\n|-damage|p2a: Mandibuzz|39\/100\n|\n|-heal|p2a: Mandibuzz|46\/100|[from] item: Leftovers\n|-damage|p1a: Conkeldurr|94\/100 tox|[from] psn\n|upkeep\n|turn|5\n|\n|t:|1699062424\n|move|p2a: Mandibuzz|Roost|p2a: Mandibuzz\n|-heal|p2a: Mandibuzz|96\/100\n|-singleturn|p2a: Mandibuzz|move: Roost\n|move|p1a: Conkeldurr|Bulk Up|p1a: Conkeldurr\n|-boost|p1a: Conkeldurr|atk|1\n|-boost|p1a: Conkeldurr|def|1\n|\n|-heal|p2a: Mandibuzz|100\/100|[from] item: Leftovers\n|-heal|p1a: Conkeldurr|100\/100 tox|[from] item: Leftovers\n|-damage|p1a: Conkeldurr|88\/100 tox|[from] psn\n|upkeep\n|turn|6\n|\n|t:|1699062428\n|move|p2a: Mandibuzz|Foul Play|p1a: Conkeldurr\n|-resisted|p1a: Conkeldurr\n|-damage|p1a: Conkeldurr|79\/100 tox\n|move|p1a: Conkeldurr|Knock Off|p2a: Mandibuzz\n|-resisted|p2a: Mandibuzz\n|-crit|p2a: Mandibuzz\n|-damage|p2a: Mandibuzz|72\/100\n|-enditem|p2a: Mandibuzz|Leftovers|[from] move: Knock Off|[of] p1a: Conkeldurr\n|\n|-heal|p1a: Conkeldurr|85\/100 tox|[from] item: Leftovers\n|-damage|p1a: Conkeldurr|67\/100 tox|[from] psn\n|upkeep\n|turn|7\n|l| trillbo\n|\n|t:|1699062436\n|move|p2a: Mandibuzz|Foul Play|p1a: Conkeldurr\n|-resisted|p1a: Conkeldurr\n|-damage|p1a: Conkeldurr|57\/100 tox\n|move|p1a: Conkeldurr|Drain Punch|p2a: Mandibuzz\n|-damage|p2a: Mandibuzz|25\/100\n|-heal|p1a: Conkeldurr|82\/100 tox|[from] drain|[of] p2a: Mandibuzz\n|\n|-heal|p1a: Conkeldurr|88\/100 tox|[from] item: Leftovers\n|-damage|p1a: Conkeldurr|64\/100 tox|[from] psn\n|upkeep\n|turn|8\n|\n|t:|1699062439\n|move|p1a: Conkeldurr|Mach Punch|p2a: Mandibuzz\n|-damage|p2a: Mandibuzz|0 fnt\n|faint|p2a: Mandibuzz\n|\n|-heal|p1a: Conkeldurr|70\/100 tox|[from] item: Leftovers\n|-damage|p1a: Conkeldurr|39\/100 tox|[from] psn\n|-sideend|p1: Willish6634|Reflect\n|upkeep\n|\n|t:|1699062467\n|switch|p2a: Overqwil|Overqwil, F|100\/100\n|turn|9\n|c| Destroy Smoochie|sick sprite\n|\n|t:|1699062474\n|move|p2a: Overqwil|Toxic Spikes|p1a: Conkeldurr\n|-sidestart|p1: Willish6634|move: Toxic Spikes\n|move|p1a: Conkeldurr|Drain Punch|p2a: Overqwil\n|-damage|p2a: Overqwil|32\/100\n|-heal|p1a: Conkeldurr|70\/100 tox|[from] drain|[of] p2a: Overqwil\n|\n|-heal|p1a: Conkeldurr|76\/100 tox|[from] item: Leftovers\n|-damage|p1a: Conkeldurr|40\/100 tox|[from] psn\n|-sideend|p1: Willish6634|move: Light Screen\n|upkeep\n|turn|10\n|\n|t:|1699062480\n|switch|p2a: Pelipper|Pelipper, F|100\/100\n|-weather|RainDance|[from] ability: Drizzle|[of] p2a: Pelipper\n|move|p1a: Conkeldurr|Drain Punch|p2a: Pelipper\n|-resisted|p2a: Pelipper\n|-damage|p2a: Pelipper|51\/100\n|-heal|p1a: Conkeldurr|56\/100 tox|[from] drain|[of] p2a: Pelipper\n|\n|-weather|RainDance|[upkeep]\n|-heal|p1a: Conkeldurr|62\/100 tox|[from] item: Leftovers\n|-damage|p1a: Conkeldurr|20\/100 tox|[from] psn\n|upkeep\n|turn|11\n|\n|t:|1699062487\n|move|p1a: Conkeldurr|Mach Punch|p2a: Pelipper\n|-resisted|p2a: Pelipper\n|-damage|p2a: Pelipper|23\/100\n|move|p2a: Pelipper|Hurricane|p1a: Conkeldurr\n|-supereffective|p1a: Conkeldurr\n|-damage|p1a: Conkeldurr|0 fnt\n|faint|p1a: Conkeldurr\n|\n|-weather|RainDance|[upkeep]\n|upkeep\n|\n|t:|1699062498\n|switch|p1a: Dragonite|Dragonite, M|100\/100\n|turn|12\n|\n|t:|1699062514\n|switch|p2a: Cresselia|Cresselia, F|100\/100\n|move|p1a: Dragonite|Dragon Dance|p1a: Dragonite\n|-boost|p1a: Dragonite|atk|1\n|-boost|p1a: Dragonite|spe|1\n|\n|-weather|RainDance|[upkeep]\n|upkeep\n|turn|13\n|\n|t:|1699062524\n|switch|p1a: Weavile|Weavile, F|100\/100\n|-ability|p1a: Weavile|Pressure\n|move|p2a: Cresselia|Calm Mind|p2a: Cresselia\n|-boost|p2a: Cresselia|spa|1\n|-boost|p2a: Cresselia|spd|1\n|\n|-weather|RainDance|[upkeep]\n|upkeep\n|turn|14\n|\n|t:|1699062531\n|move|p1a: Weavile|Knock Off|p2a: Cresselia\n|-supereffective|p2a: Cresselia\n|-damage|p2a: Cresselia|46\/100\n|-enditem|p2a: Cresselia|Leftovers|[from] move: Knock Off|[of] p1a: Weavile\n|move|p2a: Cresselia|Calm Mind|p2a: Cresselia\n|-boost|p2a: Cresselia|spa|1\n|-boost|p2a: Cresselia|spd|1\n|\n|-weather|none\n|upkeep\n|turn|15\n|\n|t:|1699062536\n|move|p1a: Weavile|Swords Dance|p1a: Weavile\n|-boost|p1a: Weavile|atk|2\n|move|p2a: Cresselia|Moonlight|p2a: Cresselia\n|-heal|p2a: Cresselia|96\/100\n|\n|upkeep\n|turn|16\n|\n|t:|1699062539\n|move|p1a: Weavile|Knock Off|p2a: Cresselia\n|-supereffective|p2a: Cresselia\n|-damage|p2a: Cresselia|22\/100\n|move|p2a: Cresselia|Moonblast|p1a: Weavile\n|-supereffective|p1a: Weavile\n|-damage|p1a: Weavile|10\/100\n|-unboost|p1a: Weavile|spa|1\n|\n|upkeep\n|turn|17\n|j| Zephraim\n|\n|t:|1699062566\n|switch|p2a: Pelipper|Pelipper, F|23\/100\n|-weather|RainDance|[from] ability: Drizzle|[of] p2a: Pelipper\n|move|p1a: Weavile|Knock Off|p2a: Pelipper\n|-damage|p2a: Pelipper|0 fnt\n|-enditem|p2a: Pelipper|Choice Scarf|[from] move: Knock Off|[of] p1a: Weavile\n|faint|p2a: Pelipper\n|\n|-weather|RainDance|[upkeep]\n|upkeep\n|\n|t:|1699062567\n|switch|p2a: Overqwil|Overqwil, F|32\/100\n|turn|18\n|c|\u2606Willish6634|wait\n|c|\u2606Willish6634|I thought he doesnt have overqwil\n|\n|t:|1699062582\n|move|p1a: Weavile|Ice Shard|p2a: Overqwil\n|-damage|p2a: Overqwil|0 fnt\n|faint|p2a: Overqwil\n|\n|-weather|RainDance|[upkeep]\n|upkeep\n|\n|t:|1699062593\n|switch|p2a: Yanmega|Yanmega, M|100\/100\n|turn|19\n|c|\u2606Drunk'nPizza|Rat and i traded\n|\n|t:|1699062607\n|move|p1a: Weavile|Agility|p1a: Weavile\n|-boost|p1a: Weavile|spe|2\n|move|p2a: Yanmega|Bug Buzz|p1a: Weavile\n|-supereffective|p1a: Weavile\n|-damage|p1a: Weavile|0 fnt\n|faint|p1a: Weavile\n|-enditem|p2a: Yanmega|Throat Spray\n|-boost|p2a: Yanmega|spa|1|[from] item: Throat Spray\n|\n|-weather|RainDance|[upkeep]\n|-ability|p2a: Yanmega|Speed Boost|boost\n|-boost|p2a: Yanmega|spe|1\n|upkeep\n|c|\u2606Willish6634|over prediction\n|\n|t:|1699062623\n|switch|p1a: Dondozo|Dondozo, F|100\/100\n|-status|p1a: Dondozo|psn\n|turn|20\n|\n|t:|1699062629\n|move|p2a: Yanmega|Giga Drain|p1a: Dondozo\n|-supereffective|p1a: Dondozo\n|-damage|p1a: Dondozo|67\/100 psn\n|move|p1a: Dondozo|Rock Slide|p2a: Yanmega\n|-supereffective|p2a: Yanmega\n|-damage|p2a: Yanmega|33\/100\n|\n|-weather|RainDance|[upkeep]\n|-heal|p1a: Dondozo|73\/100 psn|[from] item: Leftovers\n|-damage|p1a: Dondozo|61\/100 psn|[from] psn\n|-ability|p2a: Yanmega|Speed Boost|boost\n|-boost|p2a: Yanmega|spe|1\n|upkeep\n|turn|21\n|\n|t:|1699062636\n|move|p2a: Yanmega|Giga Drain|p1a: Dondozo\n|-supereffective|p1a: Dondozo\n|-damage|p1a: Dondozo|31\/100 psn\n|-heal|p2a: Yanmega|57\/100|[from] drain|[of] p1a: Dondozo\n|move|p1a: Dondozo|Wave Crash|p2a: Yanmega\n|-damage|p2a: Yanmega|0 fnt\n|faint|p2a: Yanmega\n|-damage|p1a: Dondozo|19\/100 psn|[from] Recoil\n|\n|-weather|none\n|-heal|p1a: Dondozo|25\/100 psn|[from] item: Leftovers\n|-damage|p1a: Dondozo|13\/100 psn|[from] psn\n|upkeep\n|c|\u2606Willish6634|but you guys traded during week 6 no?\n|c|\u2606Drunk'nPizza|couple days ago, it doesnt go into effect?\n|c| Zephraim|stallion is a late join may not have made it clear to him - trades are available for use the following week\n|j| trillbo\n|c| trillbo|so he cannot use overquil by rules\n|c| Zephraim|rosters are locked in sunday at midnight\n|c| Destroy Smoochie|idt he knew\n|c| Destroy Smoochie|just play on\n|c|\u2606Drunk'nPizza|I didnt know that rule\n|c| trillbo|with that said, dont blame him. late join he didnt know\n|c|\u2606Willish6634|all good\n|c| trillbo|up to you willis\n|\n|t:|1699062714\n|switch|p2a: Espathra|Espathra, M|100\/100\n|turn|22\n|c| trillbo|if you wanna new game u can have one\n|c| Zephraim|willis should be dqed for agility weavile\n|c| trillbo|lmfao\n|c|\u2606Willish6634|I was predicting a protect\n|c|\u2606Willish6634|over prediction on my part\n|\n|t:|1699062744\n|move|p2a: Espathra|Dazzling Gleam|p1a: Dondozo\n|-damage|p1a: Dondozo|0 fnt\n|faint|p1a: Dondozo\n|\n|-ability|p2a: Espathra|Speed Boost|boost\n|-boost|p2a: Espathra|spe|1\n|upkeep\n|c| Zephraim|protect this\n|\n|t:|1699062752\n|switch|p1a: Ogerpon|Ogerpon-Wellspring, F|100\/100\n|-status|p1a: Ogerpon|psn\n|turn|23\n|\n|t:|1699062760\n|-terastallize|p1a: Ogerpon|Water\n|detailschange|p1a: Ogerpon|Ogerpon-Wellspring-Tera, F, tera:Water\n|-ability|p1a: Ogerpon|Embody Aspect (Wellspring)|boost\n|-boost|p1a: Ogerpon|spd|1\n|move|p2a: Espathra|Calm Mind|p2a: Espathra\n|-boost|p2a: Espathra|spa|1\n|-boost|p2a: Espathra|spd|1\n|move|p1a: Ogerpon|Ivy Cudgel|p2a: Espathra\n|-damage|p2a: Espathra|37\/100\n|\n|-heal|p2a: Espathra|43\/100|[from] item: Leftovers\n|-damage|p1a: Ogerpon|88\/100 psn|[from] psn\n|-ability|p2a: Espathra|Speed Boost|boost\n|-boost|p2a: Espathra|spe|1\n|upkeep\n|turn|24\n|\n|t:|1699062767\n|move|p2a: Espathra|Protect|p2a: Espathra\n|-singleturn|p2a: Espathra|Protect\n|move|p1a: Ogerpon|Ivy Cudgel|p2a: Espathra\n|-activate|p2a: Espathra|move: Protect\n|\n|-heal|p2a: Espathra|49\/100|[from] item: Leftovers\n|-damage|p1a: Ogerpon|76\/100 psn|[from] psn\n|-ability|p2a: Espathra|Speed Boost|boost\n|-boost|p2a: Espathra|spe|1\n|upkeep\n|turn|25\n|\n|t:|1699062771\n|move|p2a: Espathra|Stored Power|p1a: Ogerpon\n|-damage|p1a: Ogerpon|26\/100 psn\n|move|p1a: Ogerpon|Ivy Cudgel|p2a: Espathra\n|-damage|p2a: Espathra|0 fnt\n|faint|p2a: Espathra\n|\n|-damage|p1a: Ogerpon|13\/100 psn|[from] psn\n|upkeep\n|\n|t:|1699062773\n|switch|p2a: Cresselia|Cresselia, F|22\/100\n|turn|26\n|\n|t:|1699062777\n|move|p1a: Ogerpon|Ivy Cudgel|p2a: Cresselia\n|-damage|p2a: Cresselia|0 fnt\n|faint|p2a: Cresselia\n|\n|win|Willish6634\n|c|\u2606Willish6634|gg\n|c|\u2606Drunk'nPizza|gg\n|l| trillbo\n|l|\u2606Drunk'nPizza\n|l| Destroy Smoochie\n|l| Zephraim\n|l|\u2606Willish6634\n|l| Zeroclock1985\n|j|\u2606Willish6634\n|player|p1|Willish6634|leon-masters\n|l|\u2606Willish6634\n|player|p1|\n|j| Destroy Smoochie\n|j|\u2606Willish6634\n|player|p1|Willish6634|leon-masters\n","uploadtime":1699064901,"views":9,"p1id":"willish6634","p2id":"drunknpizza","formatid":"gen9ubers","rating":0,"private":0,"password":""}