{"id":"gen9ubers-1974586314","p1":"bryenw","p2":"Lionah","format":"[Gen 9] Ubers","log":"|j|\u2606bryenw\n|j|\u2606Lionah\n|t:|1698099908\n|gametype|singles\n|player|p1|bryenw|170|\n|player|p2|Lionah|lady|\n|teamsize|p1|6\n|teamsize|p2|6\n|gen|9\n|tier|[Gen 9] Ubers\n|rule|Sleep Clause Mod: Limit one foe put to sleep\n|rule|Species Clause: Limit one of each Pok\u00e9mon\n|rule|OHKO Clause: OHKO moves are banned\n|rule|Evasion Items Clause: Evasion items are banned\n|rule|Evasion Moves Clause: Evasion moves are banned\n|rule|Endless Battle Clause: Forcing endless battles is banned\n|rule|HP Percentage Mod: HP is shown in percentages\n|clearpoke\n|poke|p1|Heatran, F|\n|poke|p1|Giratina|\n|poke|p1|Amoonguss, F|\n|poke|p1|Dondozo, M|\n|poke|p1|Magearna|\n|poke|p1|Arceus-Dark|\n|poke|p2|Dondozo, F|\n|poke|p2|Giratina|\n|poke|p2|Azumarill, F|\n|poke|p2|Chi-Yu|\n|poke|p2|Arceus-Poison|\n|poke|p2|Magearna-Original|\n|teampreview\n|inactive|Battle timer is ON: inactive players will automatically lose when time's up. (requested by bryenw)\n|inactive|Lionah also wants the timer to be on.\n|\n|t:|1698099926\n|start\n|switch|p1a: Heatran|Heatran, F|100\/100\n|switch|p2a: Magearna|Magearna-Original|100\/100\n|turn|1\n|\n|t:|1698099955\n|switch|p2a: Azumarill|Azumarill, F|100\/100\n|move|p1a: Heatran|Magma Storm|p2a: Azumarill|[miss]\n|-miss|p1a: Heatran|p2a: Azumarill\n|\n|upkeep\n|turn|2\n|\n|t:|1698099961\n|switch|p1a: Dondozo|Dondozo, M|100\/100\n|move|p2a: Azumarill|Belly Drum|p2a: Azumarill\n|-damage|p2a: Azumarill|50\/100\n|-setboost|p2a: Azumarill|atk|6|[from] move: Belly Drum\n|-enditem|p2a: Azumarill|Sitrus Berry|[eat]\n|-heal|p2a: Azumarill|75\/100|[from] item: Sitrus Berry\n|\n|upkeep\n|turn|3\n|\n|t:|1698099968\n|move|p2a: Azumarill|Play Rough|p1a: Dondozo|[miss]\n|-miss|p2a: Azumarill|p1a: Dondozo\n|move|p1a: Dondozo|Curse|p1a: Dondozo\n|-unboost|p1a: Dondozo|spe|1\n|-boost|p1a: Dondozo|atk|1\n|-boost|p1a: Dondozo|def|1\n|\n|upkeep\n|turn|4\n|\n|t:|1698099973\n|switch|p2a: Giratina|Giratina|100\/100\n|-ability|p2a: Giratina|Pressure\n|move|p1a: Dondozo|Liquidation|p2a: Giratina\n|-resisted|p2a: Giratina\n|-damage|p2a: Giratina|91\/100\n|\n|upkeep\n|turn|5\n|\n|t:|1698099983\n|switch|p1a: Arceus|Arceus-Dark|100\/100\n|move|p2a: Giratina|Thunder Wave|p1a: Arceus\n|-status|p1a: Arceus|par\n|\n|upkeep\n|turn|6\n|\n|t:|1698099988\n|switch|p2a: Magearna|Magearna-Original|100\/100\n|move|p1a: Arceus|Judgment|p2a: Magearna\n|-resisted|p2a: Magearna\n|-damage|p2a: Magearna|85\/100\n|\n|-heal|p2a: Magearna|91\/100|[from] item: Leftovers\n|upkeep\n|turn|7\n|\n|t:|1698099994\n|switch|p1a: Heatran|Heatran, F|100\/100\n|move|p2a: Magearna|Spikes|p1a: Heatran\n|-sidestart|p1: bryenw|Spikes\n|\n|-heal|p2a: Magearna|97\/100|[from] item: Leftovers\n|upkeep\n|turn|8\n|\n|t:|1698100000\n|move|p1a: Heatran|Magma Storm|p2a: Magearna|[miss]\n|-miss|p1a: Heatran|p2a: Magearna\n|move|p2a: Magearna|Volt Switch|p1a: Heatran\n|-damage|p1a: Heatran|87\/100\n|\n|t:|1698100002\n|switch|p2a: Dondozo|Dondozo, F|100\/100|[from] Volt Switch\n|\n|-heal|p1a: Heatran|93\/100|[from] item: Leftovers\n|upkeep\n|turn|9\n|\n|t:|1698100005\n|move|p1a: Heatran|Will-O-Wisp|p2a: Dondozo\n|-status|p2a: Dondozo|brn\n|move|p2a: Dondozo|Substitute|p2a: Dondozo\n|-start|p2a: Dondozo|Substitute\n|-damage|p2a: Dondozo|76\/100 brn\n|\n|-heal|p1a: Heatran|99\/100|[from] item: Leftovers\n|-heal|p2a: Dondozo|82\/100 brn|[from] item: Leftovers\n|-damage|p2a: Dondozo|76\/100 brn|[from] brn\n|upkeep\n|turn|10\n|\n|t:|1698100010\n|move|p1a: Heatran|Taunt|p2a: Dondozo\n|-start|p2a: Dondozo|move: Taunt\n|cant|p2a: Dondozo|move: Taunt|Curse\n|\n|-heal|p1a: Heatran|100\/100|[from] item: Leftovers\n|-heal|p2a: Dondozo|82\/100 brn|[from] item: Leftovers\n|-damage|p2a: Dondozo|76\/100 brn|[from] brn\n|upkeep\n|turn|11\n|\n|t:|1698100018\n|switch|p1a: Amoonguss|Amoonguss, F|100\/100\n|-damage|p1a: Amoonguss|88\/100|[from] Spikes\n|move|p2a: Dondozo|Wave Crash|p1a: Amoonguss\n|-resisted|p1a: Amoonguss\n|-crit|p1a: Amoonguss\n|-damage|p1a: Amoonguss|72\/100\n|-damage|p2a: Dondozo|71\/100 brn|[from] Recoil\n|\n|-heal|p2a: Dondozo|77\/100 brn|[from] item: Leftovers\n|-damage|p2a: Dondozo|71\/100 brn|[from] brn\n|upkeep\n|turn|12\n|\n|t:|1698100022\n|move|p2a: Dondozo|Wave Crash|p1a: Amoonguss\n|-resisted|p1a: Amoonguss\n|-damage|p1a: Amoonguss|61\/100\n|-damage|p2a: Dondozo|68\/100 brn|[from] Recoil\n|move|p1a: Amoonguss|Giga Drain|p2a: Dondozo\n|-supereffective|p2a: Dondozo\n|-end|p2a: Dondozo|Substitute\n|-heal|p1a: Amoonguss|75\/100|[from] drain|[of] p2a: Dondozo\n|\n|-heal|p2a: Dondozo|74\/100 brn|[from] item: Leftovers\n|-damage|p2a: Dondozo|68\/100 brn|[from] brn\n|-end|p2a: Dondozo|move: Taunt\n|upkeep\n|turn|13\n|\n|t:|1698100031\n|switch|p2a: Chi-Yu|Chi-Yu|100\/100\n|-ability|p2a: Chi-Yu|Beads of Ruin\n|move|p1a: Amoonguss|Giga Drain|p2a: Chi-Yu\n|-resisted|p2a: Chi-Yu\n|-damage|p2a: Chi-Yu|87\/100\n|-heal|p1a: Amoonguss|79\/100|[from] drain|[of] p2a: Chi-Yu\n|\n|upkeep\n|turn|14\n|\n|t:|1698100040\n|switch|p1a: Heatran|Heatran, F|100\/100\n|-damage|p1a: Heatran|88\/100|[from] Spikes\n|move|p2a: Chi-Yu|Dark Pulse|p1a: Heatran\n|-damage|p1a: Heatran|35\/100\n|\n|-heal|p1a: Heatran|41\/100|[from] item: Leftovers\n|upkeep\n|turn|15\n|\n|t:|1698100051\n|switch|p2a: Dondozo|Dondozo, F|68\/100 brn\n|switch|p1a: Magearna|Magearna|100\/100\n|-damage|p1a: Magearna|88\/100|[from] Spikes\n|\n|-heal|p2a: Dondozo|74\/100 brn|[from] item: Leftovers\n|-damage|p2a: Dondozo|68\/100 brn|[from] brn\n|upkeep\n|turn|16\n|\n|t:|1698100057\n|move|p1a: Magearna|Volt Switch|p2a: Dondozo\n|-supereffective|p2a: Dondozo\n|-damage|p2a: Dondozo|0 fnt\n|faint|p2a: Dondozo\n|-ability|p1a: Magearna|Soul-Heart|boost\n|-boost|p1a: Magearna|spa|1\n|\n|t:|1698100078\n|switch|p1a: Heatran|Heatran, F|41\/100|[from] Volt Switch\n|-damage|p1a: Heatran|29\/100|[from] Spikes\n|\n|-heal|p1a: Heatran|35\/100|[from] item: Leftovers\n|upkeep\n|\n|t:|1698100083\n|switch|p2a: Azumarill|Azumarill, F|75\/100\n|turn|17\n|\n|t:|1698100092\n|move|p2a: Azumarill|Aqua Jet|p1a: Heatran\n|-supereffective|p1a: Heatran\n|-damage|p1a: Heatran|0 fnt\n|faint|p1a: Heatran\n|\n|upkeep\n|\n|t:|1698100095\n|switch|p1a: Dondozo|Dondozo, M|100\/100\n|-damage|p1a: Dondozo|88\/100|[from] Spikes\n|turn|18\n|\n|t:|1698100106\n|switch|p2a: Arceus|Arceus-Poison|100\/100\n|move|p1a: Dondozo|Liquidation|p2a: Arceus\n|-damage|p2a: Arceus|82\/100\n|\n|upkeep\n|turn|19\n|\n|t:|1698100118\n|switch|p1a: Magearna|Magearna|88\/100\n|-damage|p1a: Magearna|76\/100|[from] Spikes\n|move|p2a: Arceus|Taunt|p1a: Magearna\n|-start|p1a: Magearna|move: Taunt\n|\n|upkeep\n|turn|20\n|\n|t:|1698100124\n|-terastallize|p1a: Magearna|Ground\n|move|p2a: Arceus|Cosmic Power|p2a: Arceus\n|-boost|p2a: Arceus|def|1\n|-boost|p2a: Arceus|spd|1\n|move|p1a: Magearna|Tera Blast|p2a: Arceus|[anim] Tera Blast Ground\n|-supereffective|p2a: Arceus\n|-damage|p2a: Arceus|20\/100\n|\n|upkeep\n|turn|21\n|\n|t:|1698100147\n|switch|p2a: Giratina|Giratina|91\/100\n|-ability|p2a: Giratina|Pressure\n|move|p1a: Magearna|Tera Blast|p2a: Giratina|[anim] Tera Blast Ground\n|-damage|p2a: Giratina|51\/100\n|\n|-end|p1a: Magearna|move: Taunt\n|upkeep\n|turn|22\n|\n|t:|1698100158\n|switch|p1a: Giratina|Giratina|100\/100\n|-damage|p1a: Giratina|88\/100|[from] Spikes\n|-ability|p1a: Giratina|Pressure\n|move|p2a: Giratina|Draco Meteor|p1a: Giratina\n|-supereffective|p1a: Giratina\n|-damage|p1a: Giratina|42\/100\n|-unboost|p2a: Giratina|spa|2\n|\n|-heal|p1a: Giratina|49\/100|[from] item: Leftovers\n|upkeep\n|turn|23\n|\n|t:|1698100173\n|switch|p2a: Arceus|Arceus-Poison|20\/100\n|move|p1a: Giratina|Shadow Sneak|p2a: Arceus\n|-damage|p2a: Arceus|12\/100\n|\n|-heal|p1a: Giratina|55\/100|[from] item: Leftovers\n|upkeep\n|turn|24\n|\n|t:|1698100182\n|switch|p1a: Magearna|Magearna, tera:Ground|76\/100\n|-damage|p1a: Magearna|63\/100|[from] Spikes\n|move|p2a: Arceus|Recover|p2a: Arceus\n|-heal|p2a: Arceus|63\/100\n|\n|upkeep\n|turn|25\n|\n|t:|1698100189\n|switch|p2a: Azumarill|Azumarill, F|75\/100\n|move|p1a: Magearna|Tera Blast|p2a: Azumarill|[anim] Tera Blast Ground\n|-damage|p2a: Azumarill|24\/100\n|\n|upkeep\n|turn|26\n|\n|t:|1698100193\n|switch|p1a: Dondozo|Dondozo, M|88\/100\n|-damage|p1a: Dondozo|75\/100|[from] Spikes\n|move|p2a: Azumarill|Liquidation|p1a: Dondozo\n|-resisted|p1a: Dondozo\n|-damage|p1a: Dondozo|67\/100\n|\n|upkeep\n|turn|27\n|\n|t:|1698100203\n|move|p2a: Azumarill|Play Rough|p1a: Dondozo\n|-damage|p1a: Dondozo|47\/100\n|move|p1a: Dondozo|Liquidation|p2a: Azumarill\n|-resisted|p2a: Azumarill\n|-damage|p2a: Azumarill|9\/100\n|\n|upkeep\n|turn|28\n|\n|t:|1698100214\n|move|p2a: Azumarill|Play Rough|p1a: Dondozo\n|-damage|p1a: Dondozo|27\/100\n|move|p1a: Dondozo|Liquidation|p2a: Azumarill\n|-resisted|p2a: Azumarill\n|-damage|p2a: Azumarill|0 fnt\n|faint|p2a: Azumarill\n|\n|upkeep\n|\n|t:|1698100232\n|switch|p2a: Magearna|Magearna-Original|97\/100\n|turn|29\n|\n|t:|1698100236\n|move|p2a: Magearna|Volt Switch|p1a: Dondozo\n|-supereffective|p1a: Dondozo\n|-crit|p1a: Dondozo\n|-damage|p1a: Dondozo|0 fnt\n|faint|p1a: Dondozo\n|-ability|p2a: Magearna|Soul-Heart|boost\n|-boost|p2a: Magearna|spa|1\n|\n|t:|1698100241\n|switch|p2a: Chi-Yu|Chi-Yu|87\/100|[from] Volt Switch\n|-ability|p2a: Chi-Yu|Beads of Ruin\n|\n|upkeep\n|\n|t:|1698100253\n|switch|p1a: Arceus|Arceus-Dark|100\/100 par\n|-damage|p1a: Arceus|88\/100 par|[from] Spikes\n|turn|30\n|\n|t:|1698100259\n|-terastallize|p2a: Chi-Yu|Fire\n|move|p2a: Chi-Yu|Flamethrower|p1a: Arceus\n|-damage|p1a: Arceus|0 fnt\n|faint|p1a: Arceus\n|\n|upkeep\n|\n|t:|1698100265\n|switch|p1a: Giratina|Giratina|55\/100\n|-damage|p1a: Giratina|42\/100|[from] Spikes\n|-ability|p1a: Giratina|Pressure\n|turn|31\n|\n|t:|1698100268\n|move|p1a: Giratina|Shadow Sneak|p2a: Chi-Yu\n|-crit|p2a: Chi-Yu\n|-damage|p2a: Chi-Yu|52\/100\n|move|p2a: Chi-Yu|Flamethrower|p1a: Giratina\n|-resisted|p1a: Giratina\n|-damage|p1a: Giratina|0 fnt\n|faint|p1a: Giratina\n|\n|upkeep\n|\n|t:|1698100273\n|switch|p1a: Amoonguss|Amoonguss, F|100\/100\n|-damage|p1a: Amoonguss|88\/100|[from] Spikes\n|turn|32\n|\n|t:|1698100278\n|move|p2a: Chi-Yu|Flamethrower|p1a: Amoonguss\n|-supereffective|p1a: Amoonguss\n|-damage|p1a: Amoonguss|0 fnt\n|faint|p1a: Amoonguss\n|\n|upkeep\n|\n|t:|1698100282\n|switch|p1a: Magearna|Magearna, tera:Ground|63\/100\n|-damage|p1a: Magearna|51\/100|[from] Spikes\n|turn|33\n|\n|t:|1698100285\n|move|p2a: Chi-Yu|Flamethrower|p1a: Magearna\n|-damage|p1a: Magearna|0 fnt\n|faint|p1a: Magearna\n|\n|win|Lionah\n|l|\u2606bryenw\n|c|\u2606Lionah|gg\n","uploadtime":1698100291,"views":20,"p1id":"bryenw","p2id":"lionah","formatid":"gen9ubers","rating":0,"private":0,"password":""}