{"id":"gen9ubers-1998275371","p1":"Ups1deD0wnSyndrome","p2":"iuxkysersosa","format":"[Gen 9] Ubers","log":"|j|\u2606Ups1deD0wnSyndrome\n|j|\u2606iuxkysersosa\n|t:|1700923397\n|gametype|singles\n|player|p1|Ups1deD0wnSyndrome|1|\n|player|p2|iuxkysersosa|1|\n|teamsize|p1|6\n|teamsize|p2|6\n|gen|9\n|tier|[Gen 9] Ubers\n|rule|Sleep Clause Mod: Limit one foe put to sleep\n|rule|Species Clause: Limit one of each Pok\u00e9mon\n|rule|OHKO Clause: OHKO moves are banned\n|rule|Evasion Items Clause: Evasion items are banned\n|rule|Evasion Moves Clause: Evasion moves are banned\n|rule|Endless Battle Clause: Forcing endless battles is banned\n|rule|HP Percentage Mod: HP is shown in percentages\n|clearpoke\n|poke|p1|Palafin, M|\n|poke|p1|Rotom-Frost|\n|poke|p1|Wo-Chien|\n|poke|p1|Garganacl, F|\n|poke|p1|Sylveon, F|\n|poke|p1|Quagsire, M|\n|poke|p2|Rillaboom, M|\n|poke|p2|Amoonguss, F|\n|poke|p2|Greninja-*, M|\n|poke|p2|Primeape, F|\n|poke|p2|Cetitan, F|\n|poke|p2|Slowking-Galar, M|\n|teampreview\n|c|\u2606iuxkysersosa|glhf\n|c|\u2606Ups1deD0wnSyndrome|Glhf\n|\n|t:|1700923488\n|start\n|switch|p1a: Palafin|Palafin, M|100\/100\n|switch|p2a: Greninja|Greninja, M|100\/100\n|turn|1\n|\n|t:|1700923513\n|detailschange|p1a: Palafin|Palafin-Hero, M\n|switch|p1a: Wo-Chien|Wo-Chien|100\/100\n|-ability|p1a: Wo-Chien|Tablets of Ruin\n|move|p2a: Greninja|Blizzard|p1a: Wo-Chien\n|-start|p2a: Greninja|typechange|Ice|[from] ability: Protean\n|-supereffective|p1a: Wo-Chien\n|-damage|p1a: Wo-Chien|12\/100\n|\n|-heal|p1a: Wo-Chien|18\/100|[from] item: Leftovers\n|upkeep\n|turn|2\n|\n|t:|1700923536\n|switch|p1a: Rotom|Rotom-Frost|100\/100\n|move|p2a: Greninja|Blizzard|p1a: Rotom\n|-resisted|p1a: Rotom\n|-damage|p1a: Rotom|44\/100\n|\n|upkeep\n|turn|3\n|\n|t:|1700923554\n|switch|p2a: Slowking|Slowking-Galar, M|100\/100\n|move|p1a: Rotom|Volt Switch|p2a: Slowking\n|-damage|p2a: Slowking|80\/100\n|\n|t:|1700923563\n|switch|p1a: Palafin|Palafin-Hero, M|100\/100|[from] Volt Switch\n|-activate|p1a: Palafin|ability: Zero to Hero\n|\n|upkeep\n|turn|4\n|\n|t:|1700923578\n|move|p1a: Palafin|Taunt|p2a: Slowking\n|-start|p2a: Slowking|move: Taunt\n|move|p2a: Slowking|Grass Knot|p1a: Palafin\n|-supereffective|p1a: Palafin\n|-damage|p1a: Palafin|61\/100\n|\n|-heal|p1a: Palafin|67\/100|[from] item: Leftovers\n|upkeep\n|turn|5\n|\n|t:|1700923596\n|move|p1a: Palafin|Jet Punch|p2a: Slowking\n|-damage|p2a: Slowking|45\/100\n|move|p2a: Slowking|Grass Knot|p1a: Palafin\n|-supereffective|p1a: Palafin\n|-damage|p1a: Palafin|31\/100\n|\n|-heal|p1a: Palafin|37\/100|[from] item: Leftovers\n|upkeep\n|turn|6\n|\n|t:|1700923605\n|switch|p1a: Sylveon|Sylveon, F|100\/100\n|switch|p2a: Amoonguss|Amoonguss, F|100\/100\n|\n|upkeep\n|turn|7\n|\n|t:|1700923614\n|move|p1a: Sylveon|Psyshock|p2a: Amoonguss\n|-supereffective|p2a: Amoonguss\n|-damage|p2a: Amoonguss|58\/100\n|move|p2a: Amoonguss|Sludge Bomb|p1a: Sylveon\n|-supereffective|p1a: Sylveon\n|-damage|p1a: Sylveon|62\/100\n|\n|upkeep\n|turn|8\n|\n|t:|1700923623\n|switch|p1a: Quagsire|Quagsire, M|100\/100\n|move|p2a: Amoonguss|Spore|p1a: Quagsire\n|-status|p1a: Quagsire|slp|[from] move: Spore\n|\n|upkeep\n|turn|9\n|\n|t:|1700923635\n|switch|p1a: Garganacl|Garganacl, F|100\/100\n|move|p2a: Amoonguss|Giga Drain|p1a: Garganacl\n|-supereffective|p1a: Garganacl\n|-damage|p1a: Garganacl|72\/100\n|-heal|p2a: Amoonguss|71\/100|[from] drain|[of] p1a: Garganacl\n|\n|-heal|p1a: Garganacl|78\/100|[from] item: Leftovers\n|upkeep\n|turn|10\n|\n|t:|1700923646\n|switch|p2a: Slowking|Slowking-Galar, M|78\/100\n|move|p1a: Garganacl|Salt Cure|p2a: Slowking\n|-damage|p2a: Slowking|66\/100\n|\n|-heal|p1a: Garganacl|85\/100|[from] item: Leftovers\n|upkeep\n|turn|11\n|\n|t:|1700923661\n|switch|p1a: Quagsire|Quagsire, M|100\/100 slp\n|move|p2a: Slowking|Grass Knot|p1a: Quagsire\n|-supereffective|p1a: Quagsire\n|-damage|p1a: Quagsire|0 fnt\n|faint|p1a: Quagsire\n|\n|upkeep\n|\n|t:|1700923673\n|switch|p1a: Garganacl|Garganacl, F|85\/100\n|turn|12\n|\n|t:|1700923681\n|move|p1a: Garganacl|Salt Cure|p2a: Slowking\n|-damage|p2a: Slowking|53\/100\n|move|p2a: Slowking|Grass Knot|p1a: Garganacl\n|-supereffective|p1a: Garganacl\n|-damage|p1a: Garganacl|45\/100\n|\n|-heal|p1a: Garganacl|51\/100|[from] item: Leftovers\n|upkeep\n|turn|13\n|\n|t:|1700923698\n|switch|p1a: Wo-Chien|Wo-Chien|18\/100\n|-ability|p1a: Wo-Chien|Tablets of Ruin\n|move|p2a: Slowking|Chilly Reception|p2a: Slowking\n|-weather|Snow\n|\n|t:|1700923707\n|switch|p2a: Greninja|Greninja, M|100\/100|[from] Chilly Reception\n|\n|-weather|Snow|[upkeep]\n|-heal|p1a: Wo-Chien|24\/100|[from] item: Leftovers\n|upkeep\n|turn|14\n|j| neukorn\n|\n|t:|1700923718\n|move|p2a: Greninja|Blizzard|p1a: Wo-Chien\n|-start|p2a: Greninja|typechange|Ice|[from] ability: Protean\n|-supereffective|p1a: Wo-Chien\n|-damage|p1a: Wo-Chien|0 fnt\n|faint|p1a: Wo-Chien\n|\n|-weather|Snow|[upkeep]\n|upkeep\n|\n|t:|1700923728\n|switch|p1a: Rotom|Rotom-Frost|44\/100\n|turn|15\n|\n|t:|1700923735\n|-terastallize|p1a: Rotom|Steel\n|move|p1a: Rotom|Tera Blast|p2a: Greninja|[anim] Tera Blast Steel\n|-supereffective|p2a: Greninja\n|-damage|p2a: Greninja|0 fnt\n|faint|p2a: Greninja\n|\n|-weather|Snow|[upkeep]\n|upkeep\n|\n|t:|1700923746\n|switch|p2a: Primeape|Primeape, F|100\/100\n|turn|16\n|\n|t:|1700923753\n|-terastallize|p2a: Primeape|Ghost\n|move|p1a: Rotom|Tera Blast|p2a: Primeape|[anim] Tera Blast Steel\n|-damage|p2a: Primeape|74\/100\n|move|p2a: Primeape|Bulk Up|p2a: Primeape\n|-boost|p2a: Primeape|atk|1\n|-boost|p2a: Primeape|def|1\n|\n|-weather|Snow|[upkeep]\n|upkeep\n|turn|17\n|\n|t:|1700923769\n|switch|p1a: Sylveon|Sylveon, F|62\/100\n|move|p2a: Primeape|Bulk Up|p2a: Primeape\n|-boost|p2a: Primeape|atk|1\n|-boost|p2a: Primeape|def|1\n|\n|-weather|none\n|upkeep\n|turn|18\n|\n|t:|1700923777\n|move|p2a: Primeape|Rage Fist|p1a: Sylveon\n|-damage|p1a: Sylveon|0 fnt\n|faint|p1a: Sylveon\n|\n|upkeep\n|\n|t:|1700923787\n|switch|p1a: Palafin|Palafin-Hero, M|37\/100\n|turn|19\n|\n|t:|1700923792\n|move|p1a: Palafin|Jet Punch|p2a: Primeape\n|-damage|p2a: Primeape|58\/100\n|move|p2a: Primeape|Drain Punch|p1a: Palafin\n|-damage|p1a: Palafin|0 fnt\n|-heal|p2a: Primeape|81\/100|[from] drain|[of] p1a: Palafin\n|faint|p1a: Palafin\n|\n|upkeep\n|\n|t:|1700923802\n|switch|p1a: Garganacl|Garganacl, F|51\/100\n|turn|20\n|\n|t:|1700923808\n|move|p2a: Primeape|Drain Punch|p1a: Garganacl\n|-supereffective|p1a: Garganacl\n|-damage|p1a: Garganacl|0 fnt\n|-heal|p2a: Primeape|100\/100|[from] drain|[of] p1a: Garganacl\n|faint|p1a: Garganacl\n|\n|upkeep\n|\n|t:|1700923814\n|switch|p1a: Rotom|Rotom-Frost, tera:Steel|44\/100\n|turn|21\n|\n|t:|1700923820\n|move|p1a: Rotom|Blizzard|p2a: Primeape|[miss]\n|-miss|p1a: Rotom|p2a: Primeape\n|move|p2a: Primeape|Drain Punch|p1a: Rotom\n|-supereffective|p1a: Rotom\n|-damage|p1a: Rotom|0 fnt\n|faint|p1a: Rotom\n|\n|win|iuxkysersosa\n|c|\u2606iuxkysersosa|ggs\n","uploadtime":1700923834,"views":18,"p1id":"ups1ded0wnsyndrome","p2id":"iuxkysersosa","formatid":"gen9ubers","rating":0,"private":0,"password":""}