{"id":"gen9ubers-1972473571","p1":"Technos Dad","p2":"Vixen 4 Life","format":"[Gen 9] Ubers","log":"|j|\u2606Technos Dad\n|j|\u2606Vixen 4 Life\n|t:|1697846841\n|gametype|singles\n|player|p1|Technos Dad|byron|1000\n|player|p2|Vixen 4 Life|penny|1000\n|teamsize|p1|6\n|teamsize|p2|6\n|gen|9\n|tier|[Gen 9] Ubers\n|rated|\n|rule|Sleep Clause Mod: Limit one foe put to sleep\n|rule|Species Clause: Limit one of each Pok\u00e9mon\n|rule|OHKO Clause: OHKO moves are banned\n|rule|Evasion Items Clause: Evasion items are banned\n|rule|Evasion Moves Clause: Evasion moves are banned\n|rule|Endless Battle Clause: Forcing endless battles is banned\n|rule|HP Percentage Mod: HP is shown in percentages\n|clearpoke\n|poke|p1|Miraidon|\n|poke|p1|Ogerpon, F|\n|poke|p1|Ursaluna-Bloodmoon, M|\n|poke|p1|Zacian-*|\n|poke|p1|Urshifu-*, M|\n|poke|p1|Munkidori, M|\n|poke|p2|Fezandipiti, M|\n|poke|p2|Zapdos|\n|poke|p2|Kommo-o, M|\n|poke|p2|Great Tusk|\n|poke|p2|Chandelure, F|\n|poke|p2|Meowscarada, M|\n|teampreview\n|\n|t:|1697846850\n|start\n|switch|p1a: Urshifu|Urshifu-Rapid-Strike, M|100\/100\n|switch|p2a: Chandelure|Chandelure, F, shiny|100\/100\n|turn|1\n|\n|t:|1697846860\n|switch|p2a: Zapdos|Zapdos|100\/100\n|move|p1a: Urshifu|Surging Strikes|p2a: Zapdos\n|-crit|p2a: Zapdos\n|-damage|p2a: Zapdos|86\/100\n|-crit|p2a: Zapdos\n|-damage|p2a: Zapdos|71\/100\n|-crit|p2a: Zapdos\n|-damage|p2a: Zapdos|56\/100\n|-status|p1a: Urshifu|par|[from] ability: Static|[of] p2a: Zapdos\n|-hitcount|p2a: Zapdos|3\n|\n|upkeep\n|turn|2\n|\n|t:|1697846871\n|switch|p2a: Meowscarada|Meowscarada, M, shiny|100\/100\n|move|p1a: Urshifu|Ice Spinner|p2a: Meowscarada\n|-supereffective|p2a: Meowscarada\n|-damage|p2a: Meowscarada|24\/100\n|\n|upkeep\n|turn|3\n|\n|t:|1697846879\n|move|p2a: Meowscarada|Flower Trick|p1a: Urshifu\n|-start|p2a: Meowscarada|typechange|Grass|[from] ability: Protean\n|-supereffective|p1a: Urshifu\n|-crit|p1a: Urshifu\n|-enditem|p1a: Urshifu|Focus Sash\n|-damage|p1a: Urshifu|1\/100 par\n|move|p1a: Urshifu|Ice Spinner|p2a: Meowscarada\n|-supereffective|p2a: Meowscarada\n|-crit|p2a: Meowscarada\n|-damage|p2a: Meowscarada|0 fnt\n|faint|p2a: Meowscarada\n|\n|upkeep\n|\n|t:|1697846887\n|switch|p2a: Zapdos|Zapdos|56\/100\n|turn|4\n|\n|t:|1697846892\n|move|p2a: Zapdos|Volt Switch|p1a: Urshifu\n|-supereffective|p1a: Urshifu\n|-damage|p1a: Urshifu|0 fnt\n|faint|p1a: Urshifu\n|\n|t:|1697846895\n|switch|p2a: Chandelure|Chandelure, F, shiny|100\/100|[from] Volt Switch\n|\n|upkeep\n|\n|t:|1697846905\n|switch|p1a: Munkidori|Munkidori, M|100\/100\n|turn|5\n|\n|t:|1697846921\n|move|p2a: Chandelure|Overheat|p1a: Munkidori|[miss]\n|-miss|p2a: Chandelure|p1a: Munkidori\n|move|p1a: Munkidori|Shadow Ball|p2a: Chandelure\n|-supereffective|p2a: Chandelure\n|-damage|p2a: Chandelure|36\/100\n|\n|upkeep\n|turn|6\n|\n|t:|1697846927\n|move|p2a: Chandelure|Overheat|p1a: Munkidori\n|-damage|p1a: Munkidori|14\/100\n|-unboost|p2a: Chandelure|spa|2\n|move|p1a: Munkidori|Future Sight|p2a: Chandelure\n|-start|p1a: Munkidori|move: Future Sight\n|\n|upkeep\n|turn|7\n|\n|t:|1697846936\n|switch|p1a: Ursaluna|Ursaluna-Bloodmoon, M|100\/100\n|move|p2a: Chandelure|Overheat|p1a: Ursaluna\n|-damage|p1a: Ursaluna|56\/100\n|-unboost|p2a: Chandelure|spa|2\n|\n|-heal|p1a: Ursaluna|62\/100|[from] item: Leftovers\n|upkeep\n|turn|8\n|\n|t:|1697846951\n|move|p2a: Chandelure|Overheat|p1a: Ursaluna\n|-damage|p1a: Ursaluna|30\/100\n|-unboost|p2a: Chandelure|spa|2\n|move|p1a: Ursaluna|Calm Mind|p1a: Ursaluna\n|-boost|p1a: Ursaluna|spa|1\n|-boost|p1a: Ursaluna|spd|1\n|\n|-end|p2a: Chandelure|move: Future Sight\n|-crit|p2a: Chandelure\n|-damage|p2a: Chandelure|0 fnt\n|faint|p2a: Chandelure\n|-heal|p1a: Ursaluna|36\/100|[from] item: Leftovers\n|upkeep\n|\n|t:|1697846958\n|switch|p2a: Great Tusk|Great Tusk|100\/100\n|turn|9\n|\n|t:|1697846968\n|switch|p1a: Zacian|Zacian-Crowned, shiny|100\/100\n|-ability|p1a: Zacian|Intrepid Sword|boost\n|-boost|p1a: Zacian|atk|1\n|move|p2a: Great Tusk|Headlong Rush|p1a: Zacian\n|-supereffective|p1a: Zacian\n|-damage|p1a: Zacian|0 fnt\n|-unboost|p2a: Great Tusk|def|1\n|-unboost|p2a: Great Tusk|spd|1\n|faint|p1a: Zacian\n|\n|upkeep\n|\n|t:|1697846979\n|switch|p1a: Ogerpon|Ogerpon, F|100\/100\n|turn|10\n|\n|t:|1697846984\n|-terastallize|p1a: Ogerpon|Grass\n|detailschange|p1a: Ogerpon|Ogerpon-Teal-Tera, F, tera:Grass\n|-ability|p1a: Ogerpon|Embody Aspect (Teal)|boost\n|-boost|p1a: Ogerpon|spe|1\n|move|p1a: Ogerpon|Ivy Cudgel|p2a: Great Tusk\n|-supereffective|p2a: Great Tusk\n|-damage|p2a: Great Tusk|0 fnt\n|faint|p2a: Great Tusk\n|-end|p2a: Great Tusk|Protosynthesis|[silent]\n|\n|upkeep\n|\n|t:|1697846987\n|switch|p2a: Fezandipiti|Fezandipiti, M|100\/100\n|turn|11\n|\n|t:|1697846996\n|switch|p1a: Miraidon|Miraidon|100\/100\n|-fieldstart|move: Electric Terrain|[from] ability: Hadron Engine|[of] p1a: Miraidon\n|move|p2a: Fezandipiti|Moonblast|p1a: Miraidon\n|-supereffective|p1a: Miraidon\n|-damage|p1a: Miraidon|49\/100\n|-status|p1a: Miraidon|tox|[from] ability: Toxic Chain|[of] p2a: Fezandipiti\n|\n|-damage|p1a: Miraidon|43\/100 tox|[from] psn\n|upkeep\n|turn|12\n|\n|t:|1697847009\n|move|p1a: Miraidon|Electro Drift|p2a: Fezandipiti\n|-damage|p2a: Fezandipiti|45\/100\n|move|p2a: Fezandipiti|Roost|p2a: Fezandipiti\n|-heal|p2a: Fezandipiti|95\/100\n|-singleturn|p2a: Fezandipiti|move: Roost\n|\n|-heal|p2a: Fezandipiti|100\/100|[from] item: Leftovers\n|-damage|p1a: Miraidon|30\/100 tox|[from] psn\n|upkeep\n|turn|13\n|\n|t:|1697847022\n|move|p1a: Miraidon|Electro Drift|p2a: Fezandipiti\n|-damage|p2a: Fezandipiti|43\/100\n|move|p2a: Fezandipiti|Moonblast|p1a: Miraidon\n|-supereffective|p1a: Miraidon\n|-damage|p1a: Miraidon|0 fnt\n|faint|p1a: Miraidon\n|\n|-heal|p2a: Fezandipiti|50\/100|[from] item: Leftovers\n|upkeep\n|\n|t:|1697847031\n|switch|p1a: Ursaluna|Ursaluna-Bloodmoon, M|36\/100\n|turn|14\n|\n|t:|1697847035\n|move|p2a: Fezandipiti|Taunt|p1a: Ursaluna\n|-start|p1a: Ursaluna|move: Taunt\n|move|p1a: Ursaluna|Blood Moon|p2a: Fezandipiti\n|-damage|p2a: Fezandipiti|1\/100\n|\n|-heal|p2a: Fezandipiti|7\/100|[from] item: Leftovers\n|-heal|p1a: Ursaluna|42\/100|[from] item: Leftovers\n|upkeep\n|turn|15\n|\n|t:|1697847046\n|-terastallize|p2a: Fezandipiti|Flying\n|move|p2a: Fezandipiti|Roost|p2a: Fezandipiti\n|-heal|p2a: Fezandipiti|57\/100\n|-hint|If a Flying Terastallized Pokemon uses Roost, it remains Flying-type.\n|move|p1a: Ursaluna|Earth Power|p2a: Fezandipiti\n|-immune|p2a: Fezandipiti\n|\n|-heal|p2a: Fezandipiti|63\/100|[from] item: Leftovers\n|-heal|p1a: Ursaluna|48\/100|[from] item: Leftovers\n|-fieldend|move: Electric Terrain\n|upkeep\n|turn|16\n|\n|t:|1697847057\n|move|p2a: Fezandipiti|Calm Mind|p2a: Fezandipiti\n|-boost|p2a: Fezandipiti|spa|1\n|-boost|p2a: Fezandipiti|spd|1\n|move|p1a: Ursaluna|Blood Moon|p2a: Fezandipiti\n|-damage|p2a: Fezandipiti|30\/100\n|\n|-heal|p2a: Fezandipiti|36\/100|[from] item: Leftovers\n|-heal|p1a: Ursaluna|54\/100|[from] item: Leftovers\n|-end|p1a: Ursaluna|move: Taunt\n|upkeep\n|turn|17\n|\n|t:|1697847066\n|move|p2a: Fezandipiti|Moonblast|p1a: Ursaluna\n|-crit|p1a: Ursaluna\n|-damage|p1a: Ursaluna|0 fnt\n|faint|p1a: Ursaluna\n|\n|-heal|p2a: Fezandipiti|42\/100|[from] item: Leftovers\n|upkeep\n|\n|t:|1697847073\n|switch|p1a: Ogerpon|Ogerpon-Teal-Tera, F, tera:Grass|100\/100\n|-ability|p1a: Ogerpon|Embody Aspect (Teal)|boost\n|-boost|p1a: Ogerpon|spe|1\n|turn|18\n|\n|t:|1697847078\n|move|p1a: Ogerpon|Ivy Cudgel|p2a: Fezandipiti\n|-resisted|p2a: Fezandipiti\n|-damage|p2a: Fezandipiti|19\/100\n|move|p2a: Fezandipiti|Roost|p2a: Fezandipiti\n|-heal|p2a: Fezandipiti|69\/100\n|-hint|If a Flying Terastallized Pokemon uses Roost, it remains Flying-type.\n|\n|-heal|p2a: Fezandipiti|75\/100|[from] item: Leftovers\n|upkeep\n|turn|19\n|\n|t:|1697847087\n|move|p1a: Ogerpon|Play Rough|p2a: Fezandipiti\n|-damage|p2a: Fezandipiti|56\/100\n|move|p2a: Fezandipiti|Calm Mind|p2a: Fezandipiti\n|-boost|p2a: Fezandipiti|spa|1\n|-boost|p2a: Fezandipiti|spd|1\n|\n|-heal|p2a: Fezandipiti|63\/100|[from] item: Leftovers\n|upkeep\n|turn|20\n|\n|t:|1697847096\n|switch|p1a: Munkidori|Munkidori, M|14\/100\n|move|p2a: Fezandipiti|Moonblast|p1a: Munkidori\n|-resisted|p1a: Munkidori\n|-damage|p1a: Munkidori|0 fnt\n|faint|p1a: Munkidori\n|\n|-heal|p2a: Fezandipiti|69\/100|[from] item: Leftovers\n|upkeep\n|\n|t:|1697847107\n|switch|p1a: Ogerpon|Ogerpon-Teal-Tera, F, tera:Grass|100\/100\n|-ability|p1a: Ogerpon|Embody Aspect (Teal)|boost\n|-boost|p1a: Ogerpon|spe|1\n|turn|21\n|c|\u2606Vixen 4 Life|Huh\n|c|\u2606Vixen 4 Life|I thought my team would suck\n|\n|t:|1697847125\n|move|p1a: Ogerpon|Ivy Cudgel|p2a: Fezandipiti\n|-resisted|p2a: Fezandipiti\n|-damage|p2a: Fezandipiti|47\/100\n|move|p2a: Fezandipiti|Moonblast|p1a: Ogerpon\n|-damage|p1a: Ogerpon|41\/100\n|\n|-heal|p2a: Fezandipiti|53\/100|[from] item: Leftovers\n|upkeep\n|turn|22\n|\n|t:|1697847137\n|move|p1a: Ogerpon|Ivy Cudgel|p2a: Fezandipiti\n|-resisted|p2a: Fezandipiti\n|-damage|p2a: Fezandipiti|31\/100\n|move|p2a: Fezandipiti|Moonblast|p1a: Ogerpon\n|-damage|p1a: Ogerpon|0 fnt\n|faint|p1a: Ogerpon\n|\n|win|Vixen 4 Life\n|raw|Technos Dad's rating: 1000 &rarr; <strong>1000<\/strong><br \/>(+0 for losing)\n|raw|Vixen 4 Life's rating: 1000 &rarr; <strong>1040<\/strong><br \/>(+40 for winning)\n|l|\u2606Technos Dad\n","uploadtime":1697847159,"views":17,"p1id":"technosdad","p2id":"vixen4life","formatid":"gen9ubers","rating":1000,"private":0,"password":""}