{"id":"gen9ubers-1997866665","p1":"turbofenec","p2":"Aaron MA","format":"[Gen 9] Ubers","log":"|j|\u2606turbofenec\n|j|\u2606Aaron MA\n|t:|1700861450\n|gametype|singles\n|player|p1|turbofenec|pryce|\n|player|p2|Aaron MA|2|\n|teamsize|p1|6\n|teamsize|p2|6\n|gen|9\n|tier|[Gen 9] Ubers\n|rule|Sleep Clause Mod: Limit one foe put to sleep\n|rule|Species Clause: Limit one of each Pok\u00e9mon\n|rule|OHKO Clause: OHKO moves are banned\n|rule|Evasion Items Clause: Evasion items are banned\n|rule|Evasion Moves Clause: Evasion moves are banned\n|rule|Endless Battle Clause: Forcing endless battles is banned\n|rule|HP Percentage Mod: HP is shown in percentages\n|clearpoke\n|poke|p1|Ninetales-Alola, F|\n|poke|p1|Kingambit, F|\n|poke|p1|Baxcalibur, F|\n|poke|p1|Volcarona, M|\n|poke|p1|Scizor, F|\n|poke|p1|Ogerpon-Hearthflame, F|\n|poke|p2|Scizor, F|\n|poke|p2|Gliscor, F|\n|poke|p2|Slowking-Galar, M|\n|poke|p2|Urshifu-*, M|\n|poke|p2|Volcarona, F|\n|poke|p2|Iron Valiant|\n|teampreview\n|\n|t:|1700861508\n|start\n|switch|p1a: Krasnaya|Scizor, F|100\/100\n|switch|p2a: Urshifu|Urshifu-Rapid-Strike, M|100\/100\n|turn|1\n|\n|t:|1700861520\n|switch|p2a: Scizor|Scizor, F|100\/100\n|move|p1a: Krasnaya|Knock Off|p2a: Scizor\n|-damage|p2a: Scizor|63\/100\n|-enditem|p2a: Scizor|Choice Band|[from] move: Knock Off|[of] p1a: Krasnaya\n|\n|upkeep\n|turn|2\n|\n|t:|1700861531\n|move|p1a: Krasnaya|U-turn|p2a: Scizor\n|-resisted|p2a: Scizor\n|-damage|p2a: Scizor|43\/100\n|\n|t:|1700861546\n|switch|p1a: Sarinovsky|Volcarona, M|100\/100|[from] U-turn\n|move|p2a: Scizor|U-turn|p1a: Sarinovsky\n|-resisted|p1a: Sarinovsky\n|-damage|p1a: Sarinovsky|71\/100\n|\n|t:|1700861557\n|switch|p2a: Gliscor|Gliscor, F|100\/100|[from] U-turn\n|\n|-status|p2a: Gliscor|tox|[from] item: Toxic Orb\n|upkeep\n|turn|3\n|\n|t:|1700861572\n|move|p1a: Sarinovsky|Quiver Dance|p1a: Sarinovsky\n|-boost|p1a: Sarinovsky|spa|1\n|-boost|p1a: Sarinovsky|spd|1\n|-boost|p1a: Sarinovsky|spe|1\n|move|p2a: Gliscor|Toxic|p1a: Sarinovsky\n|-status|p1a: Sarinovsky|tox\n|\n|-damage|p1a: Sarinovsky|65\/100 tox|[from] psn\n|upkeep\n|turn|4\n|j| Testmic12-12\n|\n|t:|1700861585\n|switch|p2a: Slowking|Slowking-Galar, M|100\/100\n|move|p1a: Sarinovsky|Fiery Dance|p2a: Slowking\n|-damage|p2a: Slowking|59\/100\n|-boost|p1a: Sarinovsky|spa|1\n|\n|-damage|p1a: Sarinovsky|53\/100 tox|[from] psn\n|upkeep\n|turn|5\n|\n|t:|1700861598\n|move|p1a: Sarinovsky|Fiery Dance|p2a: Slowking\n|-damage|p2a: Slowking|4\/100\n|-enditem|p2a: Slowking|Sitrus Berry|[eat]\n|-heal|p2a: Slowking|29\/100|[from] item: Sitrus Berry\n|move|p2a: Slowking|Sludge Bomb|p1a: Sarinovsky\n|-damage|p1a: Sarinovsky|32\/100 tox\n|\n|-damage|p1a: Sarinovsky|13\/100 tox|[from] psn\n|upkeep\n|turn|6\n|\n|t:|1700861624\n|switch|p2a: Volcarona|Volcarona, F|100\/100\n|move|p1a: Sarinovsky|Fiery Dance|p2a: Volcarona\n|-damage|p2a: Volcarona|16\/100\n|-boost|p1a: Sarinovsky|spa|1\n|\n|-damage|p1a: Sarinovsky|0 fnt|[from] psn\n|faint|p1a: Sarinovsky\n|upkeep\n|\n|t:|1700861667\n|switch|p1a: Goulag|Baxcalibur, F|100\/100\n|turn|7\n|\n|t:|1700861679\n|switch|p2a: Scizor|Scizor, F|43\/100\n|move|p1a: Goulag|Dragon Dance|p1a: Goulag\n|-boost|p1a: Goulag|atk|1\n|-boost|p1a: Goulag|spe|1\n|\n|upkeep\n|turn|8\n|\n|t:|1700861695\n|-terastallize|p1a: Goulag|Ground\n|move|p2a: Scizor|Bullet Punch|p1a: Goulag\n|-damage|p1a: Goulag|66\/100\n|move|p1a: Goulag|Earthquake|p2a: Scizor\n|-damage|p2a: Scizor|0 fnt\n|faint|p2a: Scizor\n|\n|upkeep\n|\n|t:|1700861706\n|switch|p2a: Urshifu|Urshifu-Rapid-Strike, M|100\/100\n|turn|9\n|\n|t:|1700861736\n|move|p1a: Goulag|Earthquake|p2a: Urshifu\n|-damage|p2a: Urshifu|21\/100\n|move|p2a: Urshifu|Surging Strikes|p1a: Goulag\n|-supereffective|p1a: Goulag\n|-crit|p1a: Goulag\n|-damage|p1a: Goulag|24\/100\n|-supereffective|p1a: Goulag\n|-crit|p1a: Goulag\n|-damage|p1a: Goulag|0 fnt\n|faint|p1a: Goulag\n|-hitcount|p1: Goulag|2\n|\n|upkeep\n|\n|t:|1700861793\n|switch|p1a: Babouchka|Ninetales-Alola, F|100\/100\n|-weather|Snow|[from] ability: Snow Warning|[of] p1a: Babouchka\n|turn|10\n|\n|t:|1700861807\n|switch|p2a: Volcarona|Volcarona, F|16\/100\n|move|p1a: Babouchka|Aurora Veil|p1a: Babouchka\n|-sidestart|p1: turbofenec|move: Aurora Veil\n|\n|-weather|Snow|[upkeep]\n|upkeep\n|turn|11\n|\n|t:|1700861831\n|move|p1a: Babouchka|Moonblast|p2a: Volcarona\n|-resisted|p2a: Volcarona\n|-damage|p2a: Volcarona|3\/100\n|-unboost|p2a: Volcarona|spa|1\n|move|p2a: Volcarona|Flamethrower|p1a: Babouchka\n|-supereffective|p1a: Babouchka\n|-damage|p1a: Babouchka|74\/100\n|\n|-weather|Snow|[upkeep]\n|upkeep\n|turn|12\n|\n|t:|1700861849\n|move|p1a: Babouchka|Moonblast|p2a: Volcarona\n|-resisted|p2a: Volcarona\n|-damage|p2a: Volcarona|0 fnt\n|faint|p2a: Volcarona\n|\n|-weather|Snow|[upkeep]\n|upkeep\n|\n|t:|1700861860\n|switch|p2a: Slowking|Slowking-Galar, M|62\/100\n|turn|13\n|\n|t:|1700861876\n|switch|p1a: Krasnaya|Scizor, F|100\/100\n|move|p2a: Slowking|Chilly Reception|p2a: Slowking\n|\n|t:|1700861884\n|switch|p2a: Gliscor|Gliscor, F|100\/100 tox|[from] Chilly Reception\n|\n|-weather|Snow|[upkeep]\n|upkeep\n|turn|14\n|\n|t:|1700861901\n|move|p2a: Gliscor|Spikes|p1a: Krasnaya\n|-sidestart|p1: turbofenec|Spikes\n|move|p1a: Krasnaya|U-turn|p2a: Gliscor\n|-resisted|p2a: Gliscor\n|-damage|p2a: Gliscor|89\/100 tox\n|\n|t:|1700861910\n|switch|p1a: Babouchka|Ninetales-Alola, F|74\/100|[from] U-turn\n|-damage|p1a: Babouchka|62\/100|[from] Spikes\n|\n|-weather|none\n|-heal|p2a: Gliscor|100\/100 tox|[from] ability: Poison Heal\n|upkeep\n|turn|15\n|\n|t:|1700861929\n|switch|p1a: Poutinovitch|Ogerpon-Hearthflame, F|100\/100\n|-damage|p1a: Poutinovitch|88\/100|[from] Spikes\n|-ability|p1a: Poutinovitch|Mold Breaker\n|switch|p2a: Slowking|Slowking-Galar, M|96\/100\n|\n|upkeep\n|turn|16\n|\n|t:|1700861942\n|move|p1a: Poutinovitch|Swords Dance|p1a: Poutinovitch\n|-boost|p1a: Poutinovitch|atk|2\n|move|p2a: Slowking|Sludge Bomb|p1a: Poutinovitch\n|-supereffective|p1a: Poutinovitch\n|-damage|p1a: Poutinovitch|50\/100\n|\n|upkeep\n|turn|17\n|\n|t:|1700861952\n|move|p1a: Poutinovitch|Ivy Cudgel|p2a: Slowking|[anim] Ivy Cudgel Fire\n|-damage|p2a: Slowking|0 fnt\n|faint|p2a: Slowking\n|\n|-sideend|p1: turbofenec|move: Aurora Veil\n|upkeep\n|\n|t:|1700861963\n|switch|p2a: Urshifu|Urshifu-Rapid-Strike, M|21\/100\n|turn|18\n|\n|t:|1700861976\n|move|p2a: Urshifu|Surging Strikes|p1a: Poutinovitch\n|-crit|p1a: Poutinovitch\n|-damage|p1a: Poutinovitch|25\/100\n|-crit|p1a: Poutinovitch\n|-damage|p1a: Poutinovitch|0 fnt\n|faint|p1a: Poutinovitch\n|-hitcount|p1: Poutinovitch|2\n|\n|upkeep\n|\n|t:|1700862018\n|switch|p1a: Babouchka|Ninetales-Alola, F|62\/100\n|-damage|p1a: Babouchka|49\/100|[from] Spikes\n|-weather|Snow|[from] ability: Snow Warning|[of] p1a: Babouchka\n|turn|19\n|\n|t:|1700862047\n|-terastallize|p2a: Urshifu|Steel\n|move|p2a: Urshifu|Surging Strikes|p1a: Babouchka\n|-crit|p1a: Babouchka\n|-damage|p1a: Babouchka|33\/100\n|-crit|p1a: Babouchka\n|-damage|p1a: Babouchka|17\/100\n|-crit|p1a: Babouchka\n|-damage|p1a: Babouchka|1\/100\n|-hitcount|p1a: Babouchka|3\n|move|p1a: Babouchka|Aurora Veil|p1a: Babouchka\n|-sidestart|p1: turbofenec|move: Aurora Veil\n|\n|-weather|Snow|[upkeep]\n|upkeep\n|turn|20\n|\n|t:|1700862096\n|switch|p1a: Krasnaya|Scizor, F|100\/100\n|-damage|p1a: Krasnaya|88\/100|[from] Spikes\n|move|p2a: Urshifu|Surging Strikes|p1a: Krasnaya\n|-crit|p1a: Krasnaya\n|-damage|p1a: Krasnaya|67\/100\n|-crit|p1a: Krasnaya\n|-damage|p1a: Krasnaya|44\/100\n|-enditem|p1a: Krasnaya|Sitrus Berry|[eat]\n|-heal|p1a: Krasnaya|69\/100|[from] item: Sitrus Berry\n|-crit|p1a: Krasnaya\n|-damage|p1a: Krasnaya|47\/100\n|-hitcount|p1a: Krasnaya|3\n|\n|-weather|Snow|[upkeep]\n|upkeep\n|turn|21\n|\n|t:|1700862123\n|switch|p2a: Gliscor|Gliscor, F|100\/100 tox\n|switch|p1a: Tsar|Kingambit, F|100\/100\n|-damage|p1a: Tsar|88\/100|[from] Spikes\n|-activate|p1a: Tsar|ability: Supreme Overlord\n|-start|p1a: Tsar|fallen3|[silent]\n|\n|-weather|Snow|[upkeep]\n|-heal|p1a: Tsar|94\/100|[from] item: Leftovers\n|upkeep\n|turn|22\n|\n|t:|1700862146\n|switch|p2a: Iron Valiant|Iron Valiant|100\/100\n|-enditem|p2a: Iron Valiant|Booster Energy\n|-activate|p2a: Iron Valiant|ability: Quark Drive|[fromitem]\n|-start|p2a: Iron Valiant|quarkdrivespe\n|move|p1a: Tsar|Swords Dance|p1a: Tsar\n|-boost|p1a: Tsar|atk|2\n|\n|-weather|Snow|[upkeep]\n|-heal|p1a: Tsar|99\/100|[from] item: Leftovers\n|upkeep\n|turn|23\n|\n|t:|1700862171\n|-end|p1a: Tsar|fallen3|[silent]\n|switch|p1a: Krasnaya|Scizor, F|47\/100\n|-damage|p1a: Krasnaya|34\/100|[from] Spikes\n|move|p2a: Iron Valiant|Destiny Bond|p2a: Iron Valiant\n|-singlemove|p2a: Iron Valiant|Destiny Bond\n|\n|-weather|none\n|upkeep\n|turn|24\n|\n|t:|1700862190\n|-end|p2a: Iron Valiant|Quark Drive|[silent]\n|switch|p2a: Gliscor|Gliscor, F|100\/100 tox\n|move|p1a: Krasnaya|Bullet Punch|p2a: Gliscor\n|-damage|p2a: Gliscor|81\/100 tox\n|\n|-heal|p2a: Gliscor|93\/100 tox|[from] ability: Poison Heal\n|upkeep\n|turn|25\n|\n|t:|1700862203\n|move|p2a: Gliscor|Spikes|p1a: Krasnaya\n|-sidestart|p1: turbofenec|Spikes\n|move|p1a: Krasnaya|Defog|p2a: Gliscor\n|-unboost|p2a: Gliscor|evasion|1\n|-sideend|p1: turbofenec|Spikes|[from] move: Defog|[of] p1a: Krasnaya\n|\n|-heal|p2a: Gliscor|100\/100 tox|[from] ability: Poison Heal\n|upkeep\n|turn|26\n|\n|t:|1700862220\n|move|p2a: Gliscor|Earthquake|p1a: Krasnaya\n|-damage|p1a: Krasnaya|15\/100\n|move|p1a: Krasnaya|U-turn|p2a: Gliscor\n|-resisted|p2a: Gliscor\n|-damage|p2a: Gliscor|89\/100 tox\n|\n|t:|1700862226\n|switch|p1a: Babouchka|Ninetales-Alola, F|1\/100|[from] U-turn\n|-weather|Snow|[from] ability: Snow Warning|[of] p1a: Babouchka\n|\n|-weather|Snow|[upkeep]\n|-heal|p2a: Gliscor|100\/100 tox|[from] ability: Poison Heal\n|-sideend|p1: turbofenec|move: Aurora Veil\n|upkeep\n|turn|27\n|\n|t:|1700862248\n|move|p1a: Babouchka|Aurora Veil|p1a: Babouchka\n|-sidestart|p1: turbofenec|move: Aurora Veil\n|move|p2a: Gliscor|Earthquake|p1a: Babouchka\n|-damage|p1a: Babouchka|0 fnt\n|faint|p1a: Babouchka\n|\n|-weather|Snow|[upkeep]\n|upkeep\n|\n|t:|1700862261\n|switch|p1a: Tsar|Kingambit, F|99\/100\n|-activate|p1a: Tsar|ability: Supreme Overlord\n|-start|p1a: Tsar|fallen4|[silent]\n|turn|28\n|\n|t:|1700862269\n|switch|p2a: Urshifu|Urshifu-Rapid-Strike, M, tera:Steel|21\/100\n|move|p1a: Tsar|Iron Head|p2a: Urshifu\n|-resisted|p2a: Urshifu\n|-damage|p2a: Urshifu|0 fnt\n|faint|p2a: Urshifu\n|\n|-weather|Snow|[upkeep]\n|-heal|p1a: Tsar|100\/100|[from] item: Leftovers\n|upkeep\n|\n|t:|1700862284\n|switch|p2a: Iron Valiant|Iron Valiant|100\/100\n|turn|29\n|\n|t:|1700862307\n|-end|p1a: Tsar|fallen4|[silent]\n|switch|p1a: Krasnaya|Scizor, F|15\/100\n|move|p2a: Iron Valiant|Destiny Bond|p2a: Iron Valiant\n|-singlemove|p2a: Iron Valiant|Destiny Bond\n|\n|-weather|Snow|[upkeep]\n|upkeep\n|turn|30\n|\n|t:|1700862327\n|move|p2a: Iron Valiant|Drain Punch|p1a: Krasnaya\n|-damage|p1a: Krasnaya|0 fnt\n|faint|p1a: Krasnaya\n|\n|-weather|none\n|upkeep\n|\n|t:|1700862332\n|switch|p1a: Tsar|Kingambit, F|100\/100\n|-activate|p1a: Tsar|ability: Supreme Overlord\n|-start|p1a: Tsar|fallen5|[silent]\n|turn|31\n|\n|t:|1700862360\n|move|p2a: Iron Valiant|Drain Punch|p1a: Tsar\n|-supereffective|p1a: Tsar\n|-damage|p1a: Tsar|51\/100\n|move|p1a: Tsar|Iron Head|p2a: Iron Valiant\n|-supereffective|p2a: Iron Valiant\n|-damage|p2a: Iron Valiant|0 fnt\n|faint|p2a: Iron Valiant\n|-end|p2a: Iron Valiant|Quark Drive|[silent]\n|\n|-heal|p1a: Tsar|57\/100|[from] item: Leftovers\n|upkeep\n|\n|t:|1700862370\n|switch|p2a: Gliscor|Gliscor, F|100\/100 tox\n|turn|32\n|\n|t:|1700862377\n|move|p2a: Gliscor|Earthquake|p1a: Tsar\n|-supereffective|p1a: Tsar\n|-damage|p1a: Tsar|31\/100\n|move|p1a: Tsar|Iron Head|p2a: Gliscor\n|-damage|p2a: Gliscor|62\/100 tox\n|\n|-heal|p1a: Tsar|37\/100|[from] item: Leftovers\n|-heal|p2a: Gliscor|74\/100 tox|[from] ability: Poison Heal\n|upkeep\n|turn|33\n|\n|t:|1700862395\n|move|p2a: Gliscor|Protect|p2a: Gliscor\n|-singleturn|p2a: Gliscor|Protect\n|move|p1a: Tsar|Iron Head|p2a: Gliscor\n|-activate|p2a: Gliscor|move: Protect\n|\n|-heal|p1a: Tsar|43\/100|[from] item: Leftovers\n|-heal|p2a: Gliscor|86\/100 tox|[from] ability: Poison Heal\n|upkeep\n|turn|34\n|\n|t:|1700862416\n|move|p2a: Gliscor|Earthquake|p1a: Tsar\n|-supereffective|p1a: Tsar\n|-damage|p1a: Tsar|19\/100\n|move|p1a: Tsar|Iron Head|p2a: Gliscor\n|-damage|p2a: Gliscor|44\/100 tox\n|\n|-heal|p1a: Tsar|25\/100|[from] item: Leftovers\n|-heal|p2a: Gliscor|56\/100 tox|[from] ability: Poison Heal\n|-sideend|p1: turbofenec|move: Aurora Veil\n|upkeep\n|turn|35\n|\n|t:|1700862439\n|move|p2a: Gliscor|Earthquake|p1a: Tsar\n|-supereffective|p1a: Tsar\n|-damage|p1a: Tsar|0 fnt\n|faint|p1a: Tsar\n|-end|p1a: Tsar|fallen5|[silent]\n|\n|win|Aaron MA\n|l|\u2606Aaron MA\n|l| Testmic12-12\n|j| Vincent RPPLF\n|l| Vincent RPPLF\n|l|\u2606turbofenec\n|j|\u2606Aaron MA\n|player|p2|Aaron MA|2\n","uploadtime":1700862993,"views":18,"p1id":"turbofenec","p2id":"aaronma","formatid":"gen9ubers","rating":0,"private":0,"password":""}