{"id":"gen9ubers-1980372731","p1":"clorboycoctopus","p2":"lolgz","format":"[Gen 9] Ubers","log":"|j|\u2606clorboycoctopus\n|j|\u2606lolgz\n|t:|1698779260\n|gametype|singles\n|player|p1|clorboycoctopus|blackbelt-gen4dp|\n|player|p2|lolgz|265|\n|teamsize|p1|6\n|teamsize|p2|6\n|gen|9\n|tier|[Gen 9] Ubers\n|rule|Sleep Clause Mod: Limit one foe put to sleep\n|rule|Species Clause: Limit one of each Pok\u00e9mon\n|rule|OHKO Clause: OHKO moves are banned\n|rule|Evasion Items Clause: Evasion items are banned\n|rule|Evasion Moves Clause: Evasion moves are banned\n|rule|Endless Battle Clause: Forcing endless battles is banned\n|rule|HP Percentage Mod: HP is shown in percentages\n|clearpoke\n|poke|p1|Spectrier|\n|poke|p1|Masquerain, M|\n|poke|p1|Cyclizar, F|\n|poke|p1|Landorus, M|\n|poke|p1|Zacian-*|\n|poke|p1|Arceus-Fire|\n|poke|p2|Magearna|\n|poke|p2|Zacian-*|\n|poke|p2|Cyclizar, F|\n|poke|p2|Palkia-Origin|\n|poke|p2|Arceus-Fire|\n|poke|p2|Haxorus, M|\n|teampreview\n|inactive|Battle timer is ON: inactive players will automatically lose when time's up. (requested by lolgz)\n|\n|t:|1698779274\n|start\n|switch|p1a: Masquerain|Masquerain, M|100\/100\n|switch|p2a: Cyclizar|Cyclizar, F|100\/100\n|-ability|p1a: Masquerain|Intimidate|boost\n|-unboost|p2a: Cyclizar|atk|1\n|turn|1\n|\n|t:|1698779285\n|move|p2a: Cyclizar|Shed Tail|p2a: Cyclizar\n|-start|p2a: Cyclizar|Substitute|[from] move: Shed Tail\n|-damage|p2a: Cyclizar|50\/100\n|\n|t:|1698779294\n|switch|p2a: Arceus|Arceus-Fire|100\/100|[from] Shed Tail\n|move|p1a: Masquerain|Sticky Web|p2a: Arceus\n|-sidestart|p2: lolgz|move: Sticky Web\n|\n|upkeep\n|turn|2\n|\n|t:|1698779297\n|move|p2a: Arceus|Dragon Dance|p2a: Arceus\n|-boost|p2a: Arceus|atk|1\n|-boost|p2a: Arceus|spe|1\n|move|p1a: Masquerain|Chilling Water|p2a: Arceus\n|-supereffective|p2a: Arceus\n|-end|p2a: Arceus|Substitute\n|\n|upkeep\n|turn|3\n|\n|t:|1698779307\n|move|p2a: Arceus|Dragon Dance|p2a: Arceus\n|-boost|p2a: Arceus|atk|1\n|-boost|p2a: Arceus|spe|1\n|move|p1a: Masquerain|Chilling Water|p2a: Arceus\n|-supereffective|p2a: Arceus\n|-damage|p2a: Arceus|79\/100\n|-unboost|p2a: Arceus|atk|1\n|\n|upkeep\n|turn|4\n|\n|t:|1698779313\n|move|p2a: Arceus|Extreme Speed|p1a: Masquerain\n|-damage|p1a: Masquerain|29\/100\n|move|p1a: Masquerain|Chilling Water|p2a: Arceus\n|-supereffective|p2a: Arceus\n|-damage|p2a: Arceus|57\/100\n|-unboost|p2a: Arceus|atk|1\n|\n|upkeep\n|turn|5\n|\n|t:|1698779318\n|move|p2a: Arceus|Dragon Dance|p2a: Arceus\n|-boost|p2a: Arceus|atk|1\n|-boost|p2a: Arceus|spe|1\n|move|p1a: Masquerain|Chilling Water|p2a: Arceus\n|-supereffective|p2a: Arceus\n|-damage|p2a: Arceus|34\/100\n|-unboost|p2a: Arceus|atk|1\n|\n|upkeep\n|turn|6\n|\n|t:|1698779320\n|move|p2a: Arceus|Extreme Speed|p1a: Masquerain\n|-damage|p1a: Masquerain|0 fnt\n|faint|p1a: Masquerain\n|\n|upkeep\n|\n|t:|1698779337\n|switch|p1a: Arceus|Arceus-Fire|100\/100\n|turn|7\n|\n|t:|1698779341\n|move|p2a: Arceus|Wild Charge|p1a: Arceus\n|-damage|p1a: Arceus|75\/100\n|-damage|p2a: Arceus|28\/100|[from] Recoil\n|move|p1a: Arceus|Wild Charge|p2a: Arceus\n|-damage|p2a: Arceus|6\/100\n|-damage|p1a: Arceus|68\/100|[from] Recoil\n|\n|upkeep\n|turn|8\n|\n|t:|1698779348\n|move|p2a: Arceus|Extreme Speed|p1a: Arceus\n|-damage|p1a: Arceus|46\/100\n|move|p1a: Arceus|Dragon Dance|p1a: Arceus\n|-boost|p1a: Arceus|atk|1\n|-boost|p1a: Arceus|spe|1\n|\n|upkeep\n|turn|9\n|\n|t:|1698779352\n|-terastallize|p2a: Arceus|Normal\n|move|p2a: Arceus|Extreme Speed|p1a: Arceus\n|-damage|p1a: Arceus|10\/100\n|move|p1a: Arceus|Recover|p1a: Arceus\n|-heal|p1a: Arceus|61\/100\n|\n|upkeep\n|turn|10\n|\n|t:|1698779357\n|move|p2a: Arceus|Dragon Dance|p2a: Arceus\n|-boost|p2a: Arceus|atk|1\n|-boost|p2a: Arceus|spe|1\n|move|p1a: Arceus|Wild Charge|p2a: Arceus\n|-damage|p2a: Arceus|0 fnt\n|faint|p2a: Arceus\n|-damage|p1a: Arceus|59\/100|[from] Recoil\n|\n|upkeep\n|\n|t:|1698779360\n|switch|p2a: Palkia|Palkia-Origin|100\/100\n|-activate|p2a: Palkia|move: Sticky Web\n|-unboost|p2a: Palkia|spe|1\n|-ability|p2a: Palkia|Pressure\n|turn|11\n|\n|t:|1698779366\n|move|p1a: Arceus|Wild Charge|p2a: Palkia\n|-damage|p2a: Palkia|50\/100\n|-damage|p1a: Arceus|48\/100|[from] Recoil\n|move|p2a: Palkia|Hydro Pump|p1a: Arceus\n|-supereffective|p1a: Arceus\n|-damage|p1a: Arceus|0 fnt\n|faint|p1a: Arceus\n|\n|upkeep\n|\n|t:|1698779375\n|switch|p1a: Zacian|Zacian|100\/100\n|-ability|p1a: Zacian|Intrepid Sword|boost\n|-boost|p1a: Zacian|atk|1\n|turn|12\n|\n|t:|1698779387\n|switch|p2a: Magearna|Magearna|100\/100\n|-activate|p2a: Magearna|move: Sticky Web\n|-unboost|p2a: Magearna|spe|1\n|move|p1a: Zacian|Play Rough|p2a: Magearna\n|-resisted|p2a: Magearna\n|-damage|p2a: Magearna|70\/100\n|\n|-heal|p2a: Magearna|76\/100|[from] item: Leftovers\n|upkeep\n|turn|13\n|\n|t:|1698779395\n|switch|p1a: Landorus|Landorus, M|100\/100\n|move|p2a: Magearna|Calm Mind|p2a: Magearna\n|-boost|p2a: Magearna|spa|1\n|-boost|p2a: Magearna|spd|1\n|\n|-heal|p2a: Magearna|82\/100|[from] item: Leftovers\n|upkeep\n|turn|14\n|\n|t:|1698779404\n|switch|p2a: Palkia|Palkia-Origin|50\/100\n|-activate|p2a: Palkia|move: Sticky Web\n|-unboost|p2a: Palkia|spe|1\n|-ability|p2a: Palkia|Pressure\n|move|p1a: Landorus|Nasty Plot|p1a: Landorus\n|-boost|p1a: Landorus|spa|2\n|\n|upkeep\n|turn|15\n|\n|t:|1698779409\n|move|p1a: Landorus|Earth Power|p2a: Palkia\n|-damage|p2a: Palkia|0 fnt\n|faint|p2a: Palkia\n|\n|upkeep\n|\n|t:|1698779412\n|switch|p2a: Cyclizar|Cyclizar, F|84\/100\n|-activate|p2a: Cyclizar|move: Sticky Web\n|-unboost|p2a: Cyclizar|spe|1\n|turn|16\n|\n|t:|1698779417\n|move|p2a: Cyclizar|Rapid Spin|p1a: Landorus\n|-damage|p1a: Landorus|83\/100\n|-boost|p2a: Cyclizar|spe|1\n|-sideend|p2: lolgz|Sticky Web|[from] move: Rapid Spin|[of] p2a: Cyclizar\n|move|p1a: Landorus|Earth Power|p2a: Cyclizar\n|-damage|p2a: Cyclizar|0 fnt\n|faint|p2a: Cyclizar\n|\n|upkeep\n|\n|t:|1698779425\n|switch|p2a: Zacian|Zacian|100\/100\n|-ability|p2a: Zacian|Intrepid Sword|boost\n|-boost|p2a: Zacian|atk|1\n|turn|17\n|\n|t:|1698779428\n|move|p2a: Zacian|Play Rough|p1a: Landorus\n|-damage|p1a: Landorus|0 fnt\n|faint|p1a: Landorus\n|\n|upkeep\n|\n|t:|1698779432\n|switch|p1a: Zacian|Zacian|100\/100\n|turn|18\n|\n|t:|1698779436\n|move|p2a: Zacian|Play Rough|p1a: Zacian\n|-damage|p1a: Zacian|5\/100\n|move|p1a: Zacian|Poison Jab|p2a: Zacian\n|-supereffective|p2a: Zacian\n|-damage|p2a: Zacian|29\/100\n|-status|p2a: Zacian|psn\n|\n|-damage|p2a: Zacian|16\/100 psn|[from] psn\n|upkeep\n|turn|19\n|\n|t:|1698779447\n|move|p2a: Zacian|Play Rough|p1a: Zacian\n|-damage|p1a: Zacian|0 fnt\n|faint|p1a: Zacian\n|\n|-damage|p2a: Zacian|4\/100 psn|[from] psn\n|upkeep\n|\n|t:|1698779453\n|switch|p1a: Cyclizar|Cyclizar, F|100\/100\n|turn|20\n|\n|t:|1698779457\n|move|p2a: Zacian|Play Rough|p1a: Cyclizar\n|-supereffective|p1a: Cyclizar\n|-damage|p1a: Cyclizar|0 fnt\n|faint|p1a: Cyclizar\n|\n|-damage|p2a: Zacian|0 fnt|[from] psn\n|faint|p2a: Zacian\n|upkeep\n|\n|t:|1698779461\n|switch|p2a: Haxorus|Haxorus, M|100\/100\n|switch|p1a: Spectrier|Spectrier|100\/100\n|-ability|p2a: Haxorus|Mold Breaker\n|turn|21\n|\n|t:|1698779464\n|move|p1a: Spectrier|Will-O-Wisp|p2a: Haxorus\n|-status|p2a: Haxorus|brn\n|move|p2a: Haxorus|Scale Shot|p1a: Spectrier\n|-damage|p1a: Spectrier|90\/100\n|-damage|p1a: Spectrier|79\/100\n|-damage|p1a: Spectrier|67\/100\n|-damage|p1a: Spectrier|58\/100\n|-hitcount|p1a: Spectrier|4\n|-unboost|p2a: Haxorus|def|1\n|-boost|p2a: Haxorus|spe|1\n|\n|-heal|p1a: Spectrier|64\/100|[from] item: Leftovers\n|-damage|p2a: Haxorus|94\/100 brn|[from] brn\n|upkeep\n|turn|22\n|\n|t:|1698779466\n|move|p2a: Haxorus|Scale Shot|p1a: Spectrier\n|-damage|p1a: Spectrier|53\/100\n|-damage|p1a: Spectrier|43\/100\n|-damage|p1a: Spectrier|31\/100\n|-damage|p1a: Spectrier|21\/100\n|-damage|p1a: Spectrier|11\/100\n|-hitcount|p1a: Spectrier|5\n|-unboost|p2a: Haxorus|def|1\n|-boost|p2a: Haxorus|spe|1\n|move|p1a: Spectrier|Calm Mind|p1a: Spectrier\n|-boost|p1a: Spectrier|spa|1\n|-boost|p1a: Spectrier|spd|1\n|\n|-heal|p1a: Spectrier|17\/100|[from] item: Leftovers\n|-damage|p2a: Haxorus|88\/100 brn|[from] brn\n|upkeep\n|turn|23\n|\n|t:|1698779470\n|move|p2a: Haxorus|Scale Shot|p1a: Spectrier\n|-damage|p1a: Spectrier|5\/100\n|-damage|p1a: Spectrier|0 fnt\n|faint|p1a: Spectrier\n|-hitcount|p1: Spectrier|2\n|\n|win|lolgz\n","uploadtime":1698779492,"views":8,"p1id":"clorboycoctopus","p2id":"lolgz","formatid":"gen9ubers","rating":0,"private":0,"password":""}