{"id":"gen9ubers-1999784133","p1":"jakewwwwwww","p2":"Ampharoside","format":"[Gen 9] Ubers","log":"|j|\u2606jakewwwwwww\n|j|\u2606Ampharoside\n|t:|1701116376\n|gametype|singles\n|player|p1|jakewwwwwww|266|\n|player|p2|Ampharoside|lucas|\n|teamsize|p1|6\n|teamsize|p2|6\n|gen|9\n|tier|[Gen 9] Ubers\n|rule|Sleep Clause Mod: Limit one foe put to sleep\n|rule|Species Clause: Limit one of each Pok\u00e9mon\n|rule|OHKO Clause: OHKO moves are banned\n|rule|Evasion Items Clause: Evasion items are banned\n|rule|Evasion Moves Clause: Evasion moves are banned\n|rule|Endless Battle Clause: Forcing endless battles is banned\n|rule|HP Percentage Mod: HP is shown in percentages\n|clearpoke\n|poke|p1|Mamoswine, M|\n|poke|p1|Cinderace, M|\n|poke|p1|Iron Valiant|\n|poke|p1|Zarude-Dada|\n|poke|p1|Corviknight, F|\n|poke|p1|Lycanroc-Midnight, M|\n|poke|p2|Slowking-Galar, M|\n|poke|p2|Baxcalibur, F|\n|poke|p2|Abomasnow, F|\n|poke|p2|Crocalor, F|\n|poke|p2|Sandslash-Alola, F|\n|poke|p2|Quaquaval, F|\n|teampreview\n|\n|t:|1701116393\n|start\n|switch|p1a: Pendulum|Corviknight, F|100\/100\n|switch|p2a: Quaquaval|Quaquaval, F|100\/100\n|-ability|p1a: Pendulum|Pressure\n|turn|1\n|\n|t:|1701116401\n|move|p2a: Quaquaval|Flip Turn|p1a: Pendulum\n|-damage|p1a: Pendulum|81\/100\n|\n|t:|1701116405\n|switch|p2a: Crocalor|Crocalor, F|100\/100|[from] Flip Turn\n|move|p1a: Pendulum|U-turn|p2a: Crocalor\n|-resisted|p2a: Crocalor\n|-damage|p2a: Crocalor|96\/100\n|\n|t:|1701116417\n|switch|p1a: Generation Loss|Zarude-Dada|100\/100|[from] U-turn\n|\n|upkeep\n|turn|2\n|\n|t:|1701116446\n|-terastallize|p1a: Generation Loss|Fire\n|move|p1a: Generation Loss|Knock Off|p2a: Crocalor\n|-damage|p2a: Crocalor|53\/100\n|-enditem|p2a: Crocalor|Eviolite|[from] move: Knock Off|[of] p1a: Generation Loss\n|move|p2a: Crocalor|Slack Off|p2a: Crocalor\n|-heal|p2a: Crocalor|100\/100\n|\n|upkeep\n|turn|3\n|\n|t:|1701116455\n|move|p1a: Generation Loss|Knock Off|p2a: Crocalor\n|-damage|p2a: Crocalor|62\/100\n|move|p2a: Crocalor|Flamethrower|p1a: Generation Loss\n|-resisted|p1a: Generation Loss\n|-damage|p1a: Generation Loss|86\/100\n|\n|upkeep\n|turn|4\n|\n|t:|1701116462\n|move|p1a: Generation Loss|Knock Off|p2a: Crocalor\n|-damage|p2a: Crocalor|23\/100\n|move|p2a: Crocalor|Slack Off|p2a: Crocalor\n|-heal|p2a: Crocalor|73\/100\n|\n|upkeep\n|turn|5\n|\n|t:|1701116468\n|move|p1a: Generation Loss|Knock Off|p2a: Crocalor\n|-damage|p2a: Crocalor|28\/100\n|move|p2a: Crocalor|Slack Off|p2a: Crocalor\n|-heal|p2a: Crocalor|78\/100\n|\n|upkeep\n|turn|6\n|\n|t:|1701116475\n|switch|p1a: Otis\/Carl|Mamoswine, M|100\/100\n|move|p2a: Crocalor|Slack Off|p2a: Crocalor\n|-heal|p2a: Crocalor|100\/100\n|\n|upkeep\n|turn|7\n|\n|t:|1701116487\n|switch|p2a: Abomasnow|Abomasnow, F|100\/100\n|-weather|Snow|[from] ability: Snow Warning|[of] p2a: Abomasnow\n|move|p1a: Otis\/Carl|Earthquake|p2a: Abomasnow\n|-resisted|p2a: Abomasnow\n|-damage|p2a: Abomasnow|79\/100\n|\n|-weather|Snow|[upkeep]\n|upkeep\n|turn|8\n|\n|t:|1701116496\n|switch|p1a: Pendulum|Corviknight, F|81\/100\n|-ability|p1a: Pendulum|Pressure\n|move|p2a: Abomasnow|Aurora Veil|p2a: Abomasnow\n|-sidestart|p2: Ampharoside|move: Aurora Veil\n|\n|-weather|Snow|[upkeep]\n|-heal|p1a: Pendulum|87\/100|[from] item: Leftovers\n|upkeep\n|turn|9\n|\n|t:|1701116516\n|switch|p2a: Sandslash|Sandslash-Alola, F|100\/100\n|move|p1a: Pendulum|U-turn|p2a: Sandslash\n|-resisted|p2a: Sandslash\n|-damage|p2a: Sandslash|99\/100\n|\n|t:|1701116556\n|switch|p1a: Kick|Cinderace, M|100\/100|[from] U-turn\n|\n|-weather|Snow|[upkeep]\n|upkeep\n|turn|10\n|\n|t:|1701116568\n|-terastallize|p2a: Sandslash|Dark\n|move|p2a: Sandslash|Swords Dance|p2a: Sandslash\n|-boost|p2a: Sandslash|atk|2\n|move|p1a: Kick|Court Change|p1a: Kick\n|-start|p1a: Kick|typechange|Normal|[from] ability: Libero\n|-swapsideconditions\n|-activate|p1a: Kick|move: Court Change\n|\n|-weather|Snow|[upkeep]\n|upkeep\n|turn|11\n|\n|t:|1701116580\n|move|p2a: Sandslash|Stealth Rock|p1a: Kick\n|-sidestart|p1: jakewwwwwww|move: Stealth Rock\n|move|p1a: Kick|High Jump Kick|p2a: Sandslash\n|-supereffective|p2a: Sandslash\n|-crit|p2a: Sandslash\n|-damage|p2a: Sandslash|0 fnt\n|faint|p2a: Sandslash\n|\n|-weather|none\n|upkeep\n|\n|t:|1701116588\n|switch|p2a: Quaquaval|Quaquaval, F|100\/100\n|turn|12\n|\n|t:|1701116597\n|switch|p1a: Pendulum|Corviknight, F|87\/100\n|-damage|p1a: Pendulum|75\/100|[from] Stealth Rock\n|-ability|p1a: Pendulum|Pressure\n|move|p2a: Quaquaval|Flip Turn|p1a: Pendulum\n|-damage|p1a: Pendulum|66\/100\n|\n|t:|1701116605\n|switch|p2a: Crocalor|Crocalor, F|100\/100|[from] Flip Turn\n|\n|-heal|p1a: Pendulum|72\/100|[from] item: Leftovers\n|upkeep\n|turn|13\n|\n|t:|1701116627\n|move|p1a: Pendulum|U-turn|p2a: Crocalor\n|-resisted|p2a: Crocalor\n|-damage|p2a: Crocalor|95\/100\n|\n|t:|1701116633\n|switch|p1a: Generation Loss|Zarude-Dada, tera:Fire|86\/100|[from] U-turn\n|-damage|p1a: Generation Loss|61\/100|[from] Stealth Rock\n|move|p2a: Crocalor|Will-O-Wisp|p1a: Generation Loss\n|-immune|p1a: Generation Loss\n|\n|upkeep\n|turn|14\n|\n|t:|1701116640\n|move|p1a: Generation Loss|Drain Punch|p2a: Crocalor\n|-damage|p2a: Crocalor|63\/100\n|-heal|p1a: Generation Loss|77\/100|[from] drain|[of] p2a: Crocalor\n|move|p2a: Crocalor|Flamethrower|p1a: Generation Loss\n|-resisted|p1a: Generation Loss\n|-damage|p1a: Generation Loss|71\/100\n|\n|upkeep\n|turn|15\n|\n|t:|1701116648\n|move|p1a: Generation Loss|Drain Punch|p2a: Crocalor\n|-damage|p2a: Crocalor|32\/100\n|-heal|p1a: Generation Loss|87\/100|[from] drain|[of] p2a: Crocalor\n|move|p2a: Crocalor|Slack Off|p2a: Crocalor\n|-heal|p2a: Crocalor|82\/100\n|\n|-sideend|p1: jakewwwwwww|move: Aurora Veil\n|upkeep\n|turn|16\n|\n|t:|1701116656\n|switch|p2a: Slowking|Slowking-Galar, M|100\/100\n|move|p1a: Generation Loss|Drain Punch|p2a: Slowking\n|-resisted|p2a: Slowking\n|-damage|p2a: Slowking|91\/100\n|-heal|p1a: Generation Loss|91\/100|[from] drain|[of] p2a: Slowking\n|\n|upkeep\n|turn|17\n|\n|t:|1701116679\n|switch|p1a: Kick|Cinderace, M|100\/100\n|move|p2a: Slowking|Future Sight|p1a: Kick\n|-start|p2a: Slowking|move: Future Sight\n|\n|upkeep\n|turn|18\n|\n|t:|1701116684\n|move|p1a: Kick|Court Change|p1a: Kick\n|-start|p1a: Kick|typechange|Normal|[from] ability: Libero\n|-swapsideconditions\n|-activate|p1a: Kick|move: Court Change\n|move|p2a: Slowking|Sludge Bomb|p1a: Kick\n|-damage|p1a: Kick|44\/100\n|\n|upkeep\n|turn|19\n|\n|t:|1701116695\n|switch|p1a: Pendulum|Corviknight, F|72\/100\n|-ability|p1a: Pendulum|Pressure\n|move|p2a: Slowking|Fire Blast|p1a: Pendulum|[miss]\n|-miss|p2a: Slowking|p1a: Pendulum\n|\n|-end|p1a: Pendulum|move: Future Sight\n|-resisted|p1a: Pendulum\n|-damage|p1a: Pendulum|43\/100\n|-heal|p1a: Pendulum|49\/100|[from] item: Leftovers\n|upkeep\n|turn|20\n|\n|t:|1701116722\n|move|p1a: Pendulum|U-turn|p2a: Slowking\n|-damage|p2a: Slowking|78\/100\n|\n|t:|1701116725\n|switch|p1a: Haunted|Lycanroc-Midnight, M|100\/100|[from] U-turn\n|move|p2a: Slowking|Future Sight|p1a: Haunted\n|-start|p2a: Slowking|move: Future Sight\n|\n|upkeep\n|turn|21\n|\n|t:|1701116743\n|switch|p2a: Crocalor|Crocalor, F|82\/100\n|-damage|p2a: Crocalor|57\/100|[from] Stealth Rock\n|move|p1a: Haunted|Stone Edge|p2a: Crocalor\n|-supereffective|p2a: Crocalor\n|-damage|p2a: Crocalor|0 fnt\n|faint|p2a: Crocalor\n|\n|upkeep\n|\n|t:|1701116747\n|switch|p2a: Quaquaval|Quaquaval, F|100\/100\n|-damage|p2a: Quaquaval|95\/100|[from] Stealth Rock\n|turn|22\n|\n|t:|1701116758\n|switch|p1a: Pendulum|Corviknight, F|49\/100\n|-ability|p1a: Pendulum|Pressure\n|move|p2a: Quaquaval|Wave Crash|p1a: Pendulum\n|-damage|p1a: Pendulum|12\/100\n|-damage|p2a: Quaquaval|79\/100|[from] Recoil\n|\n|-end|p1a: Pendulum|move: Future Sight\n|-resisted|p1a: Pendulum\n|-damage|p1a: Pendulum|0 fnt\n|faint|p1a: Pendulum\n|upkeep\n|\n|t:|1701116776\n|switch|p1a: Clean-Up Crew|Iron Valiant|100\/100\n|-enditem|p1a: Clean-Up Crew|Booster Energy\n|-activate|p1a: Clean-Up Crew|ability: Quark Drive|[fromitem]\n|-start|p1a: Clean-Up Crew|quarkdrivespe\n|turn|23\n|\n|t:|1701116789\n|switch|p2a: Slowking|Slowking-Galar, M|100\/100\n|-damage|p2a: Slowking|88\/100|[from] Stealth Rock\n|move|p1a: Clean-Up Crew|Calm Mind|p1a: Clean-Up Crew\n|-boost|p1a: Clean-Up Crew|spa|1\n|-boost|p1a: Clean-Up Crew|spd|1\n|\n|upkeep\n|turn|24\n|\n|t:|1701116799\n|move|p1a: Clean-Up Crew|Shadow Ball|p2a: Slowking\n|-supereffective|p2a: Slowking\n|-damage|p2a: Slowking|41\/100\n|move|p2a: Slowking|Sludge Bomb|p1a: Clean-Up Crew\n|-supereffective|p1a: Clean-Up Crew\n|-damage|p1a: Clean-Up Crew|0 fnt\n|faint|p1a: Clean-Up Crew\n|-end|p1a: Clean-Up Crew|Quark Drive|[silent]\n|\n|upkeep\n|\n|t:|1701116844\n|switch|p1a: Otis\/Carl|Mamoswine, M|100\/100\n|turn|25\n|\n|t:|1701116865\n|switch|p2a: Abomasnow|Abomasnow, F|79\/100\n|-damage|p2a: Abomasnow|54\/100|[from] Stealth Rock\n|-weather|Snow|[from] ability: Snow Warning|[of] p2a: Abomasnow\n|move|p1a: Otis\/Carl|Icicle Crash|p2a: Abomasnow\n|-damage|p2a: Abomasnow|14\/100\n|\n|-weather|Snow|[upkeep]\n|upkeep\n|turn|26\n|\n|t:|1701116874\n|move|p1a: Otis\/Carl|Icicle Crash|p2a: Abomasnow\n|-damage|p2a: Abomasnow|0 fnt\n|faint|p2a: Abomasnow\n|\n|-weather|Snow|[upkeep]\n|upkeep\n|\n|t:|1701116889\n|switch|p2a: Quaquaval|Quaquaval, F|79\/100\n|-damage|p2a: Quaquaval|73\/100|[from] Stealth Rock\n|turn|27\n|\n|t:|1701116902\n|switch|p1a: Kick|Cinderace, M|44\/100\n|move|p2a: Quaquaval|Flip Turn|p1a: Kick\n|-supereffective|p1a: Kick\n|-damage|p1a: Kick|0 fnt\n|faint|p1a: Kick\n|-ability|p2a: Quaquaval|Moxie|boost\n|-boost|p2a: Quaquaval|atk|1\n|\n|t:|1701116912\n|switch|p2a: Slowking|Slowking-Galar, M|74\/100|[from] Flip Turn\n|-damage|p2a: Slowking|62\/100|[from] Stealth Rock\n|\n|-weather|Snow|[upkeep]\n|upkeep\n|\n|t:|1701116918\n|switch|p1a: Generation Loss|Zarude-Dada, tera:Fire|91\/100\n|turn|28\n|\n|t:|1701116923\n|move|p1a: Generation Loss|Knock Off|p2a: Slowking\n|-supereffective|p2a: Slowking\n|-damage|p2a: Slowking|0 fnt\n|-enditem|p2a: Slowking|Assault Vest|[from] move: Knock Off|[of] p1a: Generation Loss\n|faint|p2a: Slowking\n|\n|-weather|Snow|[upkeep]\n|upkeep\n|\n|t:|1701116926\n|switch|p2a: Baxcalibur|Baxcalibur, F|100\/100\n|-damage|p2a: Baxcalibur|76\/100|[from] Stealth Rock\n|turn|29\n|\n|t:|1701116952\n|switch|p1a: Haunted|Lycanroc-Midnight, M|100\/100\n|move|p2a: Baxcalibur|Dragon Dance|p2a: Baxcalibur\n|-boost|p2a: Baxcalibur|atk|1\n|-boost|p2a: Baxcalibur|spe|1\n|\n|-weather|none\n|upkeep\n|turn|30\n|\n|t:|1701116991\n|move|p1a: Haunted|Sucker Punch|p2a: Baxcalibur\n|-damage|p2a: Baxcalibur|52\/100\n|move|p2a: Baxcalibur|Icicle Spear|p1a: Haunted\n|-damage|p1a: Haunted|75\/100\n|-damage|p1a: Haunted|47\/100\n|-damage|p1a: Haunted|19\/100\n|-damage|p1a: Haunted|0 fnt\n|faint|p1a: Haunted\n|-hitcount|p1: Haunted|4\n|\n|upkeep\n|\n|t:|1701117006\n|switch|p1a: Generation Loss|Zarude-Dada, tera:Fire|91\/100\n|turn|31\n|\n|t:|1701117023\n|move|p2a: Baxcalibur|Earthquake|p1a: Generation Loss\n|-supereffective|p1a: Generation Loss\n|-damage|p1a: Generation Loss|0 fnt\n|faint|p1a: Generation Loss\n|\n|upkeep\n|\n|t:|1701117028\n|switch|p1a: Otis\/Carl|Mamoswine, M|100\/100\n|turn|32\n|\n|t:|1701117057\n|move|p2a: Baxcalibur|Icicle Spear|p1a: Otis\/Carl\n|-damage|p1a: Otis\/Carl|88\/100\n|-damage|p1a: Otis\/Carl|76\/100\n|-damage|p1a: Otis\/Carl|64\/100\n|-damage|p1a: Otis\/Carl|52\/100\n|-hitcount|p1a: Otis\/Carl|4\n|move|p1a: Otis\/Carl|Earthquake|p2a: Baxcalibur\n|-damage|p2a: Baxcalibur|0 fnt\n|faint|p2a: Baxcalibur\n|\n|upkeep\n|\n|t:|1701117059\n|switch|p2a: Quaquaval|Quaquaval, F|73\/100\n|-damage|p2a: Quaquaval|67\/100|[from] Stealth Rock\n|turn|33\n|\n|t:|1701117069\n|move|p2a: Quaquaval|Close Combat|p1a: Otis\/Carl\n|-supereffective|p1a: Otis\/Carl\n|-damage|p1a: Otis\/Carl|0 fnt\n|-unboost|p2a: Quaquaval|def|1\n|-unboost|p2a: Quaquaval|spd|1\n|faint|p1a: Otis\/Carl\n|\n|win|Ampharoside\n|c|\u2606Ampharoside|gg\n|c|\u2606jakewwwwwww|gg\n","uploadtime":1701117081,"views":25,"p1id":"jakewwwwwww","p2id":"ampharoside","formatid":"gen9ubers","rating":0,"private":0,"password":""}