{"id":"gen9ubers-1983567084","p1":"sixounce","p2":"Miles545","format":"[Gen 9] Ubers","log":"|j|\u2606sixounce\n|j|\u2606Miles545\n|t:|1699144220\n|gametype|singles\n|player|p1|sixounce|265|\n|player|p2|Miles545|sailor|\n|teamsize|p1|6\n|teamsize|p2|6\n|gen|9\n|tier|[Gen 9] Ubers\n|rule|Sleep Clause Mod: Limit one foe put to sleep\n|rule|Species Clause: Limit one of each Pok\u00e9mon\n|rule|OHKO Clause: OHKO moves are banned\n|rule|Evasion Items Clause: Evasion items are banned\n|rule|Evasion Moves Clause: Evasion moves are banned\n|rule|Endless Battle Clause: Forcing endless battles is banned\n|rule|HP Percentage Mod: HP is shown in percentages\n|clearpoke\n|poke|p1|Walking Wake|\n|poke|p1|Cinderace, M|\n|poke|p1|Ting-Lu|\n|poke|p1|Hatterene, F|\n|poke|p1|Ninetales, M|\n|poke|p1|Brute Bonnet|\n|poke|p2|Iron Bundle|\n|poke|p2|Iron Moth|\n|poke|p2|Iron Hands|\n|poke|p2|Iron Jugulis|\n|poke|p2|Sandy Shocks|\n|poke|p2|Arcanine-Hisui, M|\n|teampreview\n|\n|t:|1699144248\n|start\n|switch|p1a: Ting-Lu|Ting-Lu|100\/100\n|switch|p2a: Badneton|Sandy Shocks|100\/100\n|-ability|p1a: Ting-Lu|Vessel of Ruin\n|-enditem|p2a: Badneton|Booster Energy\n|-activate|p2a: Badneton|ability: Protosynthesis|[fromitem]\n|-start|p2a: Badneton|protosynthesisspe\n|turn|1\n|\n|t:|1699144263\n|move|p2a: Badneton|Electric Terrain|p2a: Badneton\n|-fieldstart|move: Electric Terrain\n|move|p1a: Ting-Lu|Spikes|p2a: Badneton\n|-sidestart|p2: Miles545|Spikes\n|\n|upkeep\n|turn|2\n|\n|t:|1699144285\n|-end|p2a: Badneton|Protosynthesis|[silent]\n|switch|p2a: Delibot|Iron Bundle|100\/100\n|-activate|p2a: Delibot|ability: Quark Drive\n|-start|p2a: Delibot|quarkdrivespe\n|move|p1a: Ting-Lu|Spikes|p2a: Delibot\n|-sidestart|p2: Miles545|Spikes\n|\n|upkeep\n|turn|3\n|\n|t:|1699144298\n|move|p2a: Delibot|Hydro Pump|p1a: Ting-Lu\n|-supereffective|p1a: Ting-Lu\n|-damage|p1a: Ting-Lu|28\/100\n|move|p1a: Ting-Lu|Stealth Rock|p2a: Delibot\n|-sidestart|p2: Miles545|move: Stealth Rock\n|\n|-heal|p1a: Ting-Lu|34\/100|[from] item: Leftovers\n|upkeep\n|turn|4\n|\n|t:|1699144348\n|switch|p1a: Cinderace|Cinderace, M|100\/100\n|move|p2a: Delibot|Hydro Pump|p1a: Cinderace|[miss]\n|-miss|p2a: Delibot|p1a: Cinderace\n|\n|upkeep\n|turn|5\n|\n|t:|1699144362\n|move|p2a: Delibot|Hydro Pump|p1a: Cinderace\n|-supereffective|p1a: Cinderace\n|-damage|p1a: Cinderace|0 fnt\n|faint|p1a: Cinderace\n|\n|-fieldend|move: Electric Terrain\n|-end|p2a: Delibot|Quark Drive\n|upkeep\n|\n|t:|1699144435\n|switch|p1a: Walking Wake|Walking Wake|100\/100\n|turn|6\n|\n|t:|1699144452\n|move|p2a: Delibot|Freeze-Dry|p1a: Walking Wake\n|-supereffective|p1a: Walking Wake\n|-damage|p1a: Walking Wake|0 fnt\n|faint|p1a: Walking Wake\n|-end|p1a: Walking Wake|Protosynthesis|[silent]\n|\n|upkeep\n|\n|t:|1699144545\n|switch|p1a: Hatterene|Hatterene, F|100\/100\n|turn|7\n|\n|t:|1699144570\n|move|p2a: Delibot|Flip Turn|p1a: Hatterene\n|-damage|p1a: Hatterene|87\/100\n|\n|t:|1699144573\n|-end|p2a: Delibot|Quark Drive|[silent]\n|switch|p2a: Diedreigon|Iron Jugulis|100\/100|[from] Flip Turn\n|-damage|p2a: Diedreigon|76\/100|[from] Stealth Rock\n|move|p1a: Hatterene|Mystical Fire|p2a: Diedreigon\n|-damage|p2a: Diedreigon|57\/100\n|-unboost|p2a: Diedreigon|spa|1\n|\n|upkeep\n|turn|8\n|\n|t:|1699144605\n|move|p2a: Diedreigon|Dark Pulse|p1a: Hatterene\n|-damage|p1a: Hatterene|59\/100\n|move|p1a: Hatterene|Draining Kiss|p2a: Diedreigon\n|-supereffective|p2a: Diedreigon\n|-damage|p2a: Diedreigon|18\/100\n|-heal|p1a: Hatterene|89\/100|[from] drain|[of] p2a: Diedreigon\n|\n|upkeep\n|turn|9\n|\n|t:|1699144664\n|-end|p2a: Diedreigon|Quark Drive|[silent]\n|switch|p2a: Toby Rox|Arcanine-Hisui, M|100\/100\n|move|p1a: Hatterene|Draining Kiss|p2a: Toby Rox\n|-resisted|p2a: Toby Rox\n|-damage|p2a: Toby Rox|88\/100\n|-heal|p1a: Hatterene|99\/100|[from] drain|[of] p2a: Toby Rox\n|\n|upkeep\n|turn|10\n|\n|t:|1699144765\n|switch|p1a: Ninetales|Ninetales, M|100\/100\n|-weather|SunnyDay|[from] ability: Drought|[of] p1a: Ninetales\n|move|p2a: Toby Rox|Flare Blitz|p1a: Ninetales\n|-resisted|p1a: Ninetales\n|-damage|p1a: Ninetales|35\/100\n|\n|-weather|SunnyDay|[upkeep]\n|upkeep\n|turn|11\n|\n|t:|1699144812\n|move|p1a: Ninetales|Solar Beam||[still]\n|-prepare|p1a: Ninetales|Solar Beam\n|-anim|p1a: Ninetales|Solar Beam|p2a: Toby Rox\n|-damage|p2a: Toby Rox|52\/100\n|move|p2a: Toby Rox|Head Smash|p1a: Ninetales\n|-supereffective|p1a: Ninetales\n|-damage|p1a: Ninetales|0 fnt\n|faint|p1a: Ninetales\n|\n|-weather|SunnyDay|[upkeep]\n|upkeep\n|\n|t:|1699144917\n|switch|p1a: Brute Bonnet|Brute Bonnet|100\/100\n|-activate|p1a: Brute Bonnet|ability: Protosynthesis\n|-start|p1a: Brute Bonnet|protosynthesisatk\n|turn|12\n|\n|t:|1699144927\n|move|p2a: Toby Rox|Flare Blitz|p1a: Brute Bonnet\n|-supereffective|p1a: Brute Bonnet\n|-damage|p1a: Brute Bonnet|0 fnt\n|faint|p1a: Brute Bonnet\n|-end|p1a: Brute Bonnet|Protosynthesis|[silent]\n|\n|-weather|SunnyDay|[upkeep]\n|upkeep\n|\n|t:|1699144932\n|switch|p1a: Hatterene|Hatterene, F|99\/100\n|turn|13\n|\n|t:|1699144961\n|move|p2a: Toby Rox|Flare Blitz|p1a: Hatterene\n|-damage|p1a: Hatterene|35\/100\n|move|p1a: Hatterene|Calm Mind|p1a: Hatterene\n|-boost|p1a: Hatterene|spa|1\n|-boost|p1a: Hatterene|spd|1\n|\n|-weather|SunnyDay|[upkeep]\n|upkeep\n|turn|14\n|\n|t:|1699144992\n|move|p2a: Toby Rox|Flare Blitz|p1a: Hatterene\n|-damage|p1a: Hatterene|0 fnt\n|faint|p1a: Hatterene\n|\n|-weather|SunnyDay|[upkeep]\n|upkeep\n|\n|t:|1699145004\n|switch|p1a: Ting-Lu|Ting-Lu|34\/100\n|-ability|p1a: Ting-Lu|Vessel of Ruin\n|turn|15\n|\n|t:|1699145019\n|move|p2a: Toby Rox|Head Smash|p1a: Ting-Lu\n|-resisted|p1a: Ting-Lu\n|-damage|p1a: Ting-Lu|19\/100\n|move|p1a: Ting-Lu|Earthquake|p2a: Toby Rox\n|-supereffective|p2a: Toby Rox\n|-damage|p2a: Toby Rox|0 fnt\n|faint|p2a: Toby Rox\n|\n|-weather|SunnyDay|[upkeep]\n|-heal|p1a: Ting-Lu|25\/100|[from] item: Leftovers\n|upkeep\n|\n|t:|1699145036\n|switch|p2a: Delibot|Iron Bundle|100\/100\n|turn|16\n|\n|t:|1699145124\n|move|p2a: Delibot|Hydro Pump|p1a: Ting-Lu\n|-supereffective|p1a: Ting-Lu\n|-damage|p1a: Ting-Lu|0 fnt\n|faint|p1a: Ting-Lu\n|\n|win|Miles545\n|l|\u2606sixounce\n","uploadtime":1699145155,"views":18,"p1id":"sixounce","p2id":"miles545","formatid":"gen9ubers","rating":0,"private":0,"password":""}