{"id":"gen9ubers-1973624602","p1":"fishyroads","p2":"PinkScourge","format":"[Gen 9] Ubers","log":"|j|\u2606fishyroads\n|j|\u2606PinkScourge\n|t:|1697997314\n|gametype|singles\n|player|p1|fishyroads|harlequin|\n|player|p2|PinkScourge|bede-leader|\n|teamsize|p1|6\n|teamsize|p2|6\n|gen|9\n|tier|[Gen 9] Ubers\n|rule|Sleep Clause Mod: Limit one foe put to sleep\n|rule|Species Clause: Limit one of each Pok\u00e9mon\n|rule|OHKO Clause: OHKO moves are banned\n|rule|Evasion Items Clause: Evasion items are banned\n|rule|Evasion Moves Clause: Evasion moves are banned\n|rule|Endless Battle Clause: Forcing endless battles is banned\n|rule|HP Percentage Mod: HP is shown in percentages\n|clearpoke\n|poke|p1|Palafin, F|\n|poke|p1|Articuno|\n|poke|p1|Mew|\n|poke|p1|Arceus-Fire|\n|poke|p1|Rillaboom, M|\n|poke|p1|Magearna|\n|poke|p2|Scream Tail|\n|poke|p2|Alomomola, F|\n|poke|p2|Arceus-Fire|\n|poke|p2|Zacian-*|\n|poke|p2|Gothitelle, M|\n|poke|p2|Weezing-Galar, F|\n|teampreview\n|inactive|Battle timer is ON: inactive players will automatically lose when time's up. (requested by PinkScourge)\n|c|\u2606fishyroads|spicy\n|c|\u2606fishyroads|my team isnt as stall focused\n|\n|t:|1697997335\n|start\n|switch|p1a: Palafin|Palafin, F|100\/100\n|switch|p2a: Gothitelle|Gothitelle, M|100\/100\n|turn|1\n|c|\u2606fishyroads|but i think itll do the job\n|\n|t:|1697997345\n|move|p1a: Palafin|Flip Turn|p2a: Gothitelle\n|-damage|p2a: Gothitelle|80\/100\n|\n|t:|1697997349\n|detailschange|p1a: Palafin|Palafin-Hero, F\n|switch|p1a: Mew|Mew|100\/100|[from] Flip Turn\n|move|p2a: Gothitelle|Trick|p1a: Mew\n|-activate|p2a: Gothitelle|move: Trick|[of] p1a: Mew\n|-item|p1a: Mew|Choice Specs|[from] move: Trick\n|-item|p2a: Gothitelle|Choice Scarf|[from] move: Trick\n|\n|upkeep\n|turn|2\n|\n|t:|1697997357\n|move|p1a: Mew|Trick|p2a: Gothitelle\n|-activate|p1a: Mew|move: Trick|[of] p2a: Gothitelle\n|-item|p2a: Gothitelle|Choice Specs|[from] move: Trick\n|-item|p1a: Mew|Choice Scarf|[from] move: Trick\n|move|p2a: Gothitelle|Torment|p1a: Mew\n|-start|p1a: Mew|Torment\n|\n|upkeep\n|turn|3\n|c|\u2606fishyroads|take\n|\n|t:|1697997364\n|move|p1a: Mew|U-turn|p2a: Gothitelle\n|-supereffective|p2a: Gothitelle\n|-damage|p2a: Gothitelle|44\/100\n|\n|t:|1697997372\n|switch|p1a: Rillaboom|Rillaboom, M|100\/100|[from] U-turn\n|-fieldstart|move: Grassy Terrain|[from] ability: Grassy Surge|[of] p1a: Rillaboom\n|move|p2a: Gothitelle|Torment|p1a: Rillaboom\n|-start|p1a: Rillaboom|Torment\n|\n|-heal|p2a: Gothitelle|50\/100|[from] Grassy Terrain\n|upkeep\n|turn|4\n|\n|t:|1697997378\n|switch|p2a: Weezing|Weezing-Galar, F|100\/100\n|-fieldstart|move: Misty Terrain|[from] ability: Misty Surge|[of] p2a: Weezing\n|move|p1a: Rillaboom|Grassy Glide|p2a: Weezing\n|-resisted|p2a: Weezing\n|-damage|p2a: Weezing|90\/100\n|\n|-heal|p2a: Weezing|96\/100|[from] item: Leftovers\n|upkeep\n|turn|5\n|\n|t:|1697997388\n|move|p1a: Rillaboom|U-turn|p2a: Weezing\n|-resisted|p2a: Weezing\n|-damage|p2a: Weezing|92\/100\n|\n|t:|1697997392\n|switch|p1a: Articuno|Articuno|100\/100|[from] U-turn\n|-ability|p1a: Articuno|Pressure\n|move|p2a: Weezing|Fire Blast|p1a: Articuno\n|-supereffective|p1a: Articuno\n|-damage|p1a: Articuno|75\/100\n|\n|-heal|p2a: Weezing|98\/100|[from] item: Leftovers\n|upkeep\n|turn|6\n|\n|t:|1697997401\n|switch|p2a: Arceus|Arceus-Fire|100\/100\n|move|p1a: Articuno|Freeze-Dry|p2a: Arceus\n|-resisted|p2a: Arceus\n|-damage|p2a: Arceus|94\/100\n|\n|upkeep\n|turn|7\n|c|\u2606fishyroads|me birb\n|\n|t:|1697997408\n|switch|p1a: Palafin|Palafin-Hero, F|100\/100\n|-activate|p1a: Palafin|ability: Zero to Hero\n|move|p2a: Arceus|Judgment|p1a: Palafin\n|-resisted|p1a: Palafin\n|-damage|p1a: Palafin|78\/100\n|\n|-heal|p1a: Palafin|84\/100|[from] item: Leftovers\n|upkeep\n|turn|8\n|\n|t:|1697997415\n|switch|p2a: Alomomola|Alomomola, F|100\/100\n|move|p1a: Palafin|Wave Crash|p2a: Alomomola\n|-resisted|p2a: Alomomola\n|-damage|p2a: Alomomola|77\/100\n|-damage|p1a: Palafin|68\/100|[from] item: Rocky Helmet|[of] p2a: Alomomola\n|-damage|p1a: Palafin|59\/100|[from] Recoil\n|\n|-heal|p1a: Palafin|65\/100|[from] item: Leftovers\n|-fieldend|Misty Terrain\n|upkeep\n|turn|9\n|\n|t:|1697997421\n|move|p1a: Palafin|Flip Turn|p2a: Alomomola\n|-resisted|p2a: Alomomola\n|-damage|p2a: Alomomola|66\/100\n|-damage|p1a: Palafin|48\/100|[from] item: Rocky Helmet|[of] p2a: Alomomola\n|\n|t:|1697997427\n|switch|p1a: Magearna|Magearna|100\/100|[from] Flip Turn\n|move|p2a: Alomomola|Wish|p2a: Alomomola\n|\n|upkeep\n|turn|10\n|\n|t:|1697997432\n|switch|p2a: Gothitelle|Gothitelle, M|50\/100\n|move|p1a: Magearna|Calm Mind|p1a: Magearna\n|-boost|p1a: Magearna|spa|1\n|-boost|p1a: Magearna|spd|1\n|\n|-heal|p2a: Gothitelle|100\/100|[from] move: Wish|[wisher] Alomomola\n|upkeep\n|turn|11\n|\n|t:|1697997449\n|move|p1a: Magearna|Stored Power|p2a: Gothitelle\n|-resisted|p2a: Gothitelle\n|-damage|p2a: Gothitelle|91\/100\n|move|p2a: Gothitelle|Trick|p1a: Magearna\n|-activate|p2a: Gothitelle|move: Trick|[of] p1a: Magearna\n|-item|p1a: Magearna|Choice Specs|[from] move: Trick\n|-item|p2a: Gothitelle|Leftovers|[from] move: Trick\n|\n|-heal|p2a: Gothitelle|97\/100|[from] item: Leftovers\n|upkeep\n|turn|12\n|\n|t:|1697997455\n|move|p2a: Gothitelle|Protect|p2a: Gothitelle\n|-singleturn|p2a: Gothitelle|Protect\n|move|p1a: Magearna|Stored Power|p2a: Gothitelle\n|-activate|p2a: Gothitelle|move: Protect\n|\n|-heal|p2a: Gothitelle|100\/100|[from] item: Leftovers\n|upkeep\n|turn|13\n|\n|t:|1697997459\n|move|p2a: Gothitelle|Torment|p1a: Magearna\n|-start|p1a: Magearna|Torment\n|move|p1a: Magearna|Stored Power|p2a: Gothitelle\n|-resisted|p2a: Gothitelle\n|-damage|p2a: Gothitelle|88\/100\n|\n|-heal|p2a: Gothitelle|94\/100|[from] item: Leftovers\n|upkeep\n|turn|14\n|c|\u2606fishyroads|ohhh\n|\n|t:|1697997468\n|move|p2a: Gothitelle|Protect|p2a: Gothitelle\n|-singleturn|p2a: Gothitelle|Protect\n|-activate|p1a: Magearna|move: Struggle\n|move|p1a: Magearna|Struggle|p2a: Gothitelle\n|-activate|p2a: Gothitelle|move: Protect\n|\n|-heal|p2a: Gothitelle|99\/100|[from] item: Leftovers\n|upkeep\n|turn|15\n|c|\u2606fishyroads|trick torment\n|\n|t:|1697997475\n|move|p1a: Magearna|Stored Power|p2a: Gothitelle\n|-resisted|p2a: Gothitelle\n|-damage|p2a: Gothitelle|87\/100\n|move|p2a: Gothitelle|Psychic|p1a: Magearna\n|-resisted|p1a: Magearna\n|-damage|p1a: Magearna|92\/100\n|\n|-heal|p2a: Gothitelle|93\/100|[from] item: Leftovers\n|upkeep\n|turn|16\n|\n|t:|1697997480\n|move|p2a: Gothitelle|Protect|p2a: Gothitelle\n|-singleturn|p2a: Gothitelle|Protect\n|-activate|p1a: Magearna|move: Struggle\n|move|p1a: Magearna|Struggle|p2a: Gothitelle\n|-activate|p2a: Gothitelle|move: Protect\n|\n|-heal|p2a: Gothitelle|99\/100|[from] item: Leftovers\n|upkeep\n|turn|17\n|\n|t:|1697997482\n|move|p2a: Gothitelle|Psychic|p1a: Magearna\n|-resisted|p1a: Magearna\n|-damage|p1a: Magearna|83\/100\n|move|p1a: Magearna|Stored Power|p2a: Gothitelle\n|-resisted|p2a: Gothitelle\n|-damage|p2a: Gothitelle|86\/100\n|\n|-heal|p2a: Gothitelle|92\/100|[from] item: Leftovers\n|upkeep\n|turn|18\n|\n|t:|1697997488\n|-activate|p1a: Magearna|move: Struggle\n|move|p1a: Magearna|Struggle|p2a: Gothitelle\n|-damage|p2a: Gothitelle|82\/100\n|-damage|p1a: Magearna|58\/100|[from] recoil\n|move|p2a: Gothitelle|Psychic|p1a: Magearna\n|-resisted|p1a: Magearna\n|-damage|p1a: Magearna|50\/100\n|\n|-heal|p2a: Gothitelle|88\/100|[from] item: Leftovers\n|upkeep\n|turn|19\n|c|\u2606fishyroads|how fun\n|\n|t:|1697997494\n|move|p2a: Gothitelle|Protect|p2a: Gothitelle\n|-singleturn|p2a: Gothitelle|Protect\n|move|p1a: Magearna|Stored Power|p2a: Gothitelle\n|-activate|p2a: Gothitelle|move: Protect\n|\n|-heal|p2a: Gothitelle|94\/100|[from] item: Leftovers\n|upkeep\n|turn|20\n|\n|t:|1697997497\n|-activate|p1a: Magearna|move: Struggle\n|move|p1a: Magearna|Struggle|p2a: Gothitelle\n|-damage|p2a: Gothitelle|86\/100\n|-damage|p1a: Magearna|25\/100|[from] recoil\n|move|p2a: Gothitelle|Psychic|p1a: Magearna\n|-resisted|p1a: Magearna\n|-damage|p1a: Magearna|17\/100\n|\n|-heal|p2a: Gothitelle|92\/100|[from] item: Leftovers\n|upkeep\n|turn|21\n|\n|t:|1697997508\n|move|p2a: Gothitelle|Protect|p2a: Gothitelle\n|-singleturn|p2a: Gothitelle|Protect\n|move|p1a: Magearna|Stored Power|p2a: Gothitelle\n|-activate|p2a: Gothitelle|move: Protect\n|\n|-heal|p2a: Gothitelle|98\/100|[from] item: Leftovers\n|upkeep\n|turn|22\n|\n|t:|1697997514\n|-activate|p1a: Magearna|move: Struggle\n|move|p1a: Magearna|Struggle|p2a: Gothitelle\n|-crit|p2a: Gothitelle\n|-damage|p2a: Gothitelle|84\/100\n|-damage|p1a: Magearna|0 fnt|[from] recoil\n|faint|p1a: Magearna\n|move|p2a: Gothitelle|Psychic|p1: Magearna|[notarget]\n|-fail|p2a: Gothitelle\n|\n|-heal|p2a: Gothitelle|90\/100|[from] item: Leftovers\n|upkeep\n|\n|t:|1697997525\n|switch|p1a: Palafin|Palafin-Hero, F|48\/100\n|turn|23\n|\n|t:|1697997528\n|switch|p2a: Alomomola|Alomomola, F|99\/100\n|move|p1a: Palafin|Flip Turn|p2a: Alomomola\n|-resisted|p2a: Alomomola\n|-damage|p2a: Alomomola|88\/100\n|-damage|p1a: Palafin|32\/100|[from] item: Rocky Helmet|[of] p2a: Alomomola\n|\n|t:|1697997534\n|switch|p1a: Rillaboom|Rillaboom, M|100\/100|[from] Flip Turn\n|-fieldstart|move: Grassy Terrain|[from] ability: Grassy Surge|[of] p1a: Rillaboom\n|\n|-heal|p2a: Alomomola|94\/100|[from] Grassy Terrain\n|upkeep\n|turn|24\n|\n|t:|1697997540\n|switch|p2a: Weezing|Weezing-Galar, F|98\/100\n|-fieldstart|move: Misty Terrain|[from] ability: Misty Surge|[of] p2a: Weezing\n|move|p1a: Rillaboom|Grassy Glide|p2a: Weezing\n|-resisted|p2a: Weezing\n|-damage|p2a: Weezing|88\/100\n|\n|-heal|p2a: Weezing|94\/100|[from] item: Leftovers\n|upkeep\n|turn|25\n|\n|t:|1697997546\n|move|p1a: Rillaboom|U-turn|p2a: Weezing\n|-resisted|p2a: Weezing\n|-damage|p2a: Weezing|90\/100\n|\n|t:|1697997550\n|switch|p1a: Arceus|Arceus-Fire|100\/100|[from] U-turn\n|move|p2a: Weezing|Acid Spray|p1a: Arceus\n|-damage|p1a: Arceus|92\/100\n|-unboost|p1a: Arceus|spd|2\n|\n|-heal|p2a: Weezing|96\/100|[from] item: Leftovers\n|upkeep\n|turn|26\n|\n|t:|1697997557\n|switch|p2a: Arceus|Arceus-Fire|94\/100\n|move|p1a: Arceus|Stealth Rock|p2a: Arceus\n|-sidestart|p2: PinkScourge|move: Stealth Rock\n|\n|upkeep\n|turn|27\n|\n|t:|1697997565\n|switch|p1a: Mew|Mew|100\/100\n|move|p2a: Arceus|Judgment|p1a: Mew\n|-damage|p1a: Mew|62\/100\n|\n|upkeep\n|turn|28\n|\n|t:|1697997573\n|move|p1a: Mew|Transform|p2a: Arceus\n|-transform|p1a: Mew|p2a: Arceus\n|move|p2a: Arceus|Judgment|p1a: Mew\n|-resisted|p1a: Mew\n|-damage|p1a: Mew|50\/100\n|\n|-fieldend|Misty Terrain\n|upkeep\n|turn|29\n|\n|t:|1697997579\n|move|p1a: Mew|Recover|p1a: Mew\n|-heal|p1a: Mew|99\/100\n|move|p2a: Arceus|Foul Play|p1a: Mew\n|-damage|p1a: Mew|86\/100\n|\n|upkeep\n|turn|30\n|c|\u2606fishyroads|hmmmm\n|\n|t:|1697997586\n|switch|p1a: Arceus|Arceus-Fire|92\/100\n|move|p2a: Arceus|Judgment|p1a: Arceus\n|-resisted|p1a: Arceus\n|-damage|p1a: Arceus|77\/100\n|\n|upkeep\n|turn|31\n|c|\u2606fishyroads|interesting set\n|\n|t:|1697997596\n|move|p2a: Arceus|Foul Play|p1a: Arceus\n|-damage|p1a: Arceus|65\/100\n|move|p1a: Arceus|Roar|p2a: Arceus\n|drag|p2a: Gothitelle|Gothitelle, M|90\/100\n|-damage|p2a: Gothitelle|78\/100|[from] Stealth Rock\n|\n|-heal|p2a: Gothitelle|84\/100|[from] item: Leftovers\n|upkeep\n|turn|32\n|\n|t:|1697997604\n|move|p1a: Arceus|Judgment|p2a: Gothitelle\n|-damage|p2a: Gothitelle|48\/100\n|move|p2a: Gothitelle|Psychic|p1a: Arceus\n|-damage|p1a: Arceus|46\/100\n|\n|-heal|p2a: Gothitelle|55\/100|[from] item: Leftovers\n|upkeep\n|turn|33\n|\n|t:|1697997612\n|move|p2a: Gothitelle|Protect|p2a: Gothitelle\n|-singleturn|p2a: Gothitelle|Protect\n|move|p1a: Arceus|Recover|p1a: Arceus\n|-heal|p1a: Arceus|96\/100\n|\n|-heal|p2a: Gothitelle|61\/100|[from] item: Leftovers\n|upkeep\n|turn|34\n|\n|t:|1697997615\n|move|p2a: Gothitelle|Psychic|p1a: Arceus\n|-damage|p1a: Arceus|77\/100\n|move|p1a: Arceus|Roar|p2a: Gothitelle\n|drag|p2a: Weezing|Weezing-Galar, F|96\/100\n|-damage|p2a: Weezing|84\/100|[from] Stealth Rock\n|-fieldstart|move: Misty Terrain|[from] ability: Misty Surge|[of] p2a: Weezing\n|\n|-heal|p2a: Weezing|90\/100|[from] item: Leftovers\n|upkeep\n|turn|35\n|c|\u2606fishyroads|lol\n|\n|t:|1697997624\n|move|p1a: Arceus|Judgment|p2a: Weezing\n|-damage|p2a: Weezing|28\/100\n|move|p2a: Weezing|Acid Spray|p1a: Arceus\n|-damage|p1a: Arceus|69\/100\n|-unboost|p1a: Arceus|spd|2\n|\n|-heal|p2a: Weezing|34\/100|[from] item: Leftovers\n|upkeep\n|turn|36\n|\n|t:|1697997632\n|switch|p1a: Palafin|Palafin-Hero, F|32\/100\n|switch|p2a: Alomomola|Alomomola, F|100\/100\n|-damage|p2a: Alomomola|88\/100|[from] Stealth Rock\n|\n|-heal|p1a: Palafin|38\/100|[from] item: Leftovers\n|upkeep\n|turn|37\n|\n|t:|1697997637\n|move|p1a: Palafin|Flip Turn|p2a: Alomomola\n|-resisted|p2a: Alomomola\n|-damage|p2a: Alomomola|77\/100\n|-damage|p1a: Palafin|21\/100|[from] item: Rocky Helmet|[of] p2a: Alomomola\n|\n|t:|1697997640\n|switch|p1a: Rillaboom|Rillaboom, M|100\/100|[from] Flip Turn\n|-fieldstart|move: Grassy Terrain|[from] ability: Grassy Surge|[of] p1a: Rillaboom\n|move|p2a: Alomomola|Wish|p2a: Alomomola\n|\n|-heal|p2a: Alomomola|83\/100|[from] Grassy Terrain\n|upkeep\n|turn|38\n|\n|t:|1697997650\n|move|p2a: Alomomola|Protect|p2a: Alomomola\n|-singleturn|p2a: Alomomola|Protect\n|move|p1a: Rillaboom|Knock Off|p2a: Alomomola\n|-activate|p2a: Alomomola|move: Protect\n|\n|-heal|p2a: Alomomola|100\/100|[from] move: Wish|[wisher] Alomomola\n|upkeep\n|turn|39\n|\n|t:|1697997657\n|switch|p2a: Arceus|Arceus-Fire|94\/100\n|-damage|p2a: Arceus|69\/100|[from] Stealth Rock\n|move|p1a: Rillaboom|U-turn|p2a: Arceus\n|-resisted|p2a: Arceus\n|-damage|p2a: Arceus|61\/100\n|\n|t:|1697997667\n|switch|p1a: Palafin|Palafin-Hero, F|21\/100|[from] U-turn\n|\n|-heal|p2a: Arceus|67\/100|[from] Grassy Terrain\n|-heal|p1a: Palafin|27\/100|[from] Grassy Terrain\n|-heal|p1a: Palafin|34\/100|[from] item: Leftovers\n|upkeep\n|turn|40\n|\n|t:|1697997678\n|switch|p2a: Alomomola|Alomomola, F|100\/100\n|-damage|p2a: Alomomola|88\/100|[from] Stealth Rock\n|switch|p1a: Rillaboom|Rillaboom, M|100\/100\n|\n|-heal|p2a: Alomomola|94\/100|[from] Grassy Terrain\n|upkeep\n|turn|41\n|\n|t:|1697997688\n|move|p2a: Alomomola|Protect|p2a: Alomomola\n|-singleturn|p2a: Alomomola|Protect\n|move|p1a: Rillaboom|Wood Hammer|p2a: Alomomola\n|-activate|p2a: Alomomola|move: Protect\n|\n|-heal|p2a: Alomomola|100\/100|[from] Grassy Terrain\n|-fieldend|move: Grassy Terrain\n|upkeep\n|turn|42\n|\n|t:|1697997703\n|-terastallize|p2a: Alomomola|Dragon\n|move|p1a: Rillaboom|Knock Off|p2a: Alomomola\n|-damage|p2a: Alomomola|79\/100\n|-damage|p1a: Rillaboom|84\/100|[from] item: Rocky Helmet|[of] p2a: Alomomola\n|-enditem|p2a: Alomomola|Rocky Helmet|[from] move: Knock Off|[of] p1a: Rillaboom\n|move|p2a: Alomomola|Wish|p2a: Alomomola\n|\n|upkeep\n|turn|43\n|\n|t:|1697997708\n|move|p1a: Rillaboom|U-turn|p2a: Alomomola\n|-damage|p2a: Alomomola|63\/100\n|\n|t:|1697997709\n|switch|p1a: Articuno|Articuno|75\/100|[from] U-turn\n|-ability|p1a: Articuno|Pressure\n|move|p2a: Alomomola|Flip Turn|p1a: Articuno\n|-crit|p1a: Articuno\n|-damage|p1a: Articuno|53\/100\n|\n|t:|1697997717\n|switch|p2a: Weezing|Weezing-Galar, F|34\/100|[from] Flip Turn\n|-damage|p2a: Weezing|22\/100|[from] Stealth Rock\n|-fieldstart|move: Misty Terrain|[from] ability: Misty Surge|[of] p2a: Weezing\n|\n|-heal|p2a: Weezing|94\/100|[from] move: Wish|[wisher] Alomomola\n|-heal|p2a: Weezing|99\/100|[from] item: Leftovers\n|upkeep\n|turn|44\n|\n|t:|1697997724\n|move|p1a: Articuno|Roost|p1a: Articuno\n|-heal|p1a: Articuno|100\/100\n|-singleturn|p1a: Articuno|move: Roost\n|move|p2a: Weezing|Defog|p1a: Articuno\n|-unboost|p1a: Articuno|evasion|1\n|-sideend|p2: PinkScourge|Stealth Rock|[from] move: Defog|[of] p2a: Weezing\n|-fieldend|Misty Terrain\n|\n|-heal|p2a: Weezing|100\/100|[from] item: Leftovers\n|upkeep\n|turn|45\n|\n|t:|1697997729\n|move|p1a: Articuno|U-turn|p2a: Weezing\n|-resisted|p2a: Weezing\n|-damage|p2a: Weezing|98\/100\n|\n|t:|1697997739\n|switch|p1a: Palafin|Palafin-Hero, F|34\/100|[from] U-turn\n|move|p2a: Weezing|Acid Spray|p1a: Palafin\n|-damage|p1a: Palafin|23\/100\n|-unboost|p1a: Palafin|spd|2\n|\n|-heal|p1a: Palafin|29\/100|[from] item: Leftovers\n|-heal|p2a: Weezing|100\/100|[from] item: Leftovers\n|upkeep\n|turn|46\n|\n|t:|1697997746\n|switch|p1a: Rillaboom|Rillaboom, M|84\/100\n|-fieldstart|move: Grassy Terrain|[from] ability: Grassy Surge|[of] p1a: Rillaboom\n|move|p2a: Weezing|Acid Spray|p1a: Rillaboom\n|-supereffective|p1a: Rillaboom\n|-damage|p1a: Rillaboom|61\/100\n|-unboost|p1a: Rillaboom|spd|2\n|\n|-heal|p1a: Rillaboom|67\/100|[from] Grassy Terrain\n|upkeep\n|turn|47\n|\n|t:|1697997752\n|move|p1a: Rillaboom|U-turn|p2a: Weezing\n|-resisted|p2a: Weezing\n|-damage|p2a: Weezing|96\/100\n|\n|t:|1697997756\n|switch|p1a: Arceus|Arceus-Fire|69\/100|[from] U-turn\n|move|p2a: Weezing|Acid Spray|p1a: Arceus\n|-damage|p1a: Arceus|60\/100\n|-unboost|p1a: Arceus|spd|2\n|\n|-heal|p1a: Arceus|66\/100|[from] Grassy Terrain\n|-heal|p2a: Weezing|100\/100|[from] Grassy Terrain\n|upkeep\n|turn|48\n|\n|t:|1697997761\n|move|p1a: Arceus|Stealth Rock|p2a: Weezing\n|-sidestart|p2: PinkScourge|move: Stealth Rock\n|move|p2a: Weezing|Acid Spray|p1a: Arceus\n|-damage|p1a: Arceus|51\/100\n|-unboost|p1a: Arceus|spd|2\n|\n|-heal|p1a: Arceus|57\/100|[from] Grassy Terrain\n|upkeep\n|turn|49\n|\n|t:|1697997767\n|switch|p1a: Palafin|Palafin-Hero, F|29\/100\n|move|p2a: Weezing|Acid Spray|p1a: Palafin\n|-damage|p1a: Palafin|18\/100\n|-unboost|p1a: Palafin|spd|2\n|\n|-heal|p1a: Palafin|24\/100|[from] Grassy Terrain\n|-heal|p1a: Palafin|30\/100|[from] item: Leftovers\n|upkeep\n|turn|50\n|\n|t:|1697997771\n|move|p1a: Palafin|Wave Crash|p2a: Weezing\n|-damage|p2a: Weezing|51\/100\n|-damage|p1a: Palafin|16\/100|[from] Recoil\n|move|p2a: Weezing|Acid Spray|p1a: Palafin\n|-damage|p1a: Palafin|0 fnt\n|faint|p1a: Palafin\n|\n|-heal|p2a: Weezing|57\/100|[from] Grassy Terrain\n|-heal|p2a: Weezing|63\/100|[from] item: Leftovers\n|-fieldend|move: Grassy Terrain\n|upkeep\n|\n|t:|1697997787\n|switch|p1a: Mew|Mew|86\/100\n|turn|51\n|\n|t:|1697997791\n|move|p1a: Mew|Trick|p2a: Weezing\n|-activate|p1a: Mew|move: Trick|[of] p2a: Weezing\n|-item|p2a: Weezing|Choice Scarf|[from] move: Trick\n|-item|p1a: Mew|Leftovers|[from] move: Trick\n|move|p2a: Weezing|Defog|p1a: Mew\n|-unboost|p1a: Mew|evasion|1\n|-sideend|p2: PinkScourge|Stealth Rock|[from] move: Defog|[of] p2a: Weezing\n|\n|-heal|p1a: Mew|93\/100|[from] item: Leftovers\n|upkeep\n|turn|52\n|\n|t:|1697997806\n|switch|p2a: Alomomola|Alomomola, F, tera:Dragon|96\/100\n|move|p1a: Mew|Transform|p2a: Alomomola\n|-transform|p1a: Mew|p2a: Alomomola\n|\n|-heal|p1a: Mew|99\/100|[from] item: Leftovers\n|upkeep\n|turn|53\n|\n|t:|1697997812\n|move|p2a: Alomomola|Wish|p2a: Alomomola\n|move|p1a: Mew|Wish|p1a: Mew\n|\n|-heal|p1a: Mew|100\/100|[from] item: Leftovers\n|upkeep\n|turn|54\n|\n|t:|1697997815\n|move|p1a: Mew|Flip Turn|p2a: Alomomola\n|-resisted|p2a: Alomomola\n|-damage|p2a: Alomomola|91\/100\n|\n|t:|1697997818\n|switch|p1a: Arceus|Arceus-Fire|57\/100|[from] Flip Turn\n|move|p2a: Alomomola|Flip Turn|p1a: Arceus\n|-supereffective|p1a: Arceus\n|-damage|p1a: Arceus|38\/100\n|\n|t:|1697997832\n|switch|p2a: Gothitelle|Gothitelle, M|61\/100|[from] Flip Turn\n|\n|-heal|p1a: Arceus|83\/100|[from] move: Wish|[wisher] Mew\n|-heal|p2a: Gothitelle|100\/100|[from] move: Wish|[wisher] Alomomola\n|upkeep\n|turn|55\n|\n|t:|1697997838\n|move|p1a: Arceus|Judgment|p2a: Gothitelle\n|-damage|p2a: Gothitelle|66\/100\n|move|p2a: Gothitelle|Torment|p1a: Arceus\n|-start|p1a: Arceus|Torment\n|\n|-heal|p2a: Gothitelle|73\/100|[from] item: Leftovers\n|upkeep\n|turn|56\n|c|\u2606fishyroads|if i win is because of mew\n|\n|t:|1697997846\n|move|p2a: Gothitelle|Protect|p2a: Gothitelle\n|-singleturn|p2a: Gothitelle|Protect\n|move|p1a: Arceus|Roar|p2a: Gothitelle\n|drag|p2a: Arceus|Arceus-Fire|67\/100\n|\n|upkeep\n|turn|57\n|\n|t:|1697997852\n|move|p1a: Arceus|Stealth Rock|p2a: Arceus\n|-sidestart|p2: PinkScourge|move: Stealth Rock\n|move|p2a: Arceus|Recover|p2a: Arceus\n|-heal|p2a: Arceus|100\/100\n|\n|upkeep\n|turn|58\n|\n|t:|1697997857\n|move|p1a: Arceus|Judgment|p2a: Arceus\n|-resisted|p2a: Arceus\n|-damage|p2a: Arceus|89\/100\n|move|p2a: Arceus|Judgment|p1a: Arceus\n|-resisted|p1a: Arceus\n|-damage|p1a: Arceus|67\/100\n|\n|upkeep\n|turn|59\n|\n|t:|1697997871\n|switch|p1a: Mew|Mew|100\/100\n|move|p2a: Arceus|Foul Play|p1a: Mew\n|-supereffective|p1a: Mew\n|-damage|p1a: Mew|65\/100\n|\n|-heal|p1a: Mew|72\/100|[from] item: Leftovers\n|upkeep\n|turn|60\n|\n|t:|1697997877\n|move|p1a: Mew|Transform|p2a: Arceus\n|-transform|p1a: Mew|p2a: Arceus\n|move|p2a: Arceus|Foul Play|p1a: Mew\n|-damage|p1a: Mew|57\/100\n|\n|-heal|p1a: Mew|63\/100|[from] item: Leftovers\n|upkeep\n|turn|61\n|inactive|fishyroads has 270 seconds left.\n|\n|t:|1697997930\n|move|p1a: Mew|Recover|p1a: Mew\n|-heal|p1a: Mew|100\/100\n|move|p2a: Arceus|Foul Play|p1a: Mew\n|-damage|p1a: Mew|85\/100\n|\n|-heal|p1a: Mew|91\/100|[from] item: Leftovers\n|upkeep\n|turn|62\n|c|\u2606fishyroads|sorry\n|\n|t:|1697997941\n|move|p2a: Arceus|Foul Play|p1a: Mew\n|-damage|p1a: Mew|77\/100\n|move|p1a: Mew|Judgment|p2a: Arceus\n|-crit|p2a: Arceus\n|-damage|p2a: Arceus|71\/100\n|\n|-heal|p1a: Mew|83\/100|[from] item: Leftovers\n|upkeep\n|turn|63\n|\n|t:|1697997946\n|move|p2a: Arceus|Judgment|p1a: Mew\n|-resisted|p1a: Mew\n|-damage|p1a: Mew|71\/100\n|move|p1a: Mew|Foul Play|p2a: Arceus\n|-damage|p2a: Arceus|56\/100\n|\n|-heal|p1a: Mew|77\/100|[from] item: Leftovers\n|upkeep\n|turn|64\n|\n|t:|1697997952\n|move|p2a: Arceus|Recover|p2a: Arceus\n|-heal|p2a: Arceus|100\/100\n|move|p1a: Mew|Foul Play|p2a: Arceus\n|-damage|p2a: Arceus|87\/100\n|\n|-heal|p1a: Mew|83\/100|[from] item: Leftovers\n|upkeep\n|turn|65\n|\n|t:|1697997956\n|switch|p2a: Weezing|Weezing-Galar, F|63\/100\n|-damage|p2a: Weezing|50\/100|[from] Stealth Rock\n|-fieldstart|move: Misty Terrain|[from] ability: Misty Surge|[of] p2a: Weezing\n|move|p1a: Mew|Foul Play|p2a: Weezing\n|-resisted|p2a: Weezing\n|-damage|p2a: Weezing|46\/100\n|\n|-heal|p1a: Mew|89\/100|[from] item: Leftovers\n|upkeep\n|turn|66\n|\n|t:|1697997965\n|switch|p2a: Scream Tail|Scream Tail|100\/100\n|-damage|p2a: Scream Tail|88\/100|[from] Stealth Rock\n|move|p1a: Mew|Judgment|p2a: Scream Tail\n|-damage|p2a: Scream Tail|73\/100\n|\n|-heal|p1a: Mew|95\/100|[from] item: Leftovers\n|-heal|p2a: Scream Tail|79\/100|[from] item: Leftovers\n|upkeep\n|turn|67\n|\n|t:|1697997971\n|move|p1a: Mew|Judgment|p2a: Scream Tail\n|-damage|p2a: Scream Tail|64\/100\n|move|p2a: Scream Tail|Wish|p2a: Scream Tail\n|\n|-heal|p1a: Mew|100\/100|[from] item: Leftovers\n|-heal|p2a: Scream Tail|70\/100|[from] item: Leftovers\n|upkeep\n|turn|68\n|\n|t:|1697997979\n|move|p1a: Mew|Judgment|p2a: Scream Tail\n|-damage|p2a: Scream Tail|55\/100\n|move|p2a: Scream Tail|Perish Song|p2a: Scream Tail\n|-start|p1a: Mew|perish3|[silent]\n|-start|p2a: Scream Tail|perish3|[silent]\n|-fieldactivate|move: Perish Song\n|\n|-heal|p2a: Scream Tail|100\/100|[from] move: Wish|[wisher] Scream Tail\n|-start|p1a: Mew|perish3\n|-start|p2a: Scream Tail|perish3\n|upkeep\n|turn|69\n|\n|t:|1697997988\n|switch|p1a: Rillaboom|Rillaboom, M|67\/100\n|-fieldstart|move: Grassy Terrain|[from] ability: Grassy Surge|[of] p1a: Rillaboom\n|move|p2a: Scream Tail|Wish|p2a: Scream Tail\n|\n|-heal|p1a: Rillaboom|74\/100|[from] Grassy Terrain\n|-start|p2a: Scream Tail|perish2\n|upkeep\n|turn|70\n|\n|t:|1697997994\n|-end|p2a: Scream Tail|Protosynthesis|[silent]\n|switch|p2a: Weezing|Weezing-Galar, F|46\/100\n|-damage|p2a: Weezing|33\/100|[from] Stealth Rock\n|-fieldstart|move: Misty Terrain|[from] ability: Misty Surge|[of] p2a: Weezing\n|move|p1a: Rillaboom|Wood Hammer|p2a: Weezing\n|-resisted|p2a: Weezing\n|-damage|p2a: Weezing|13\/100\n|-damage|p1a: Rillaboom|67\/100|[from] Recoil\n|\n|-heal|p2a: Weezing|78\/100|[from] move: Wish|[wisher] Scream Tail\n|upkeep\n|turn|71\n|\n|t:|1697998005\n|move|p1a: Rillaboom|U-turn|p2a: Weezing\n|-resisted|p2a: Weezing\n|-damage|p2a: Weezing|74\/100\n|c|\u2606fishyroads|i pretty much lost\n|\n|t:|1697998015\n|switch|p1a: Mew|Mew|100\/100|[from] U-turn\n|move|p2a: Weezing|Defog|p1a: Mew\n|-unboost|p1a: Mew|evasion|1\n|-sideend|p2: PinkScourge|Stealth Rock|[from] move: Defog|[of] p2a: Weezing\n|-fieldend|Misty Terrain\n|\n|upkeep\n|turn|72\n|c|\u2606PinkScourge|Yeah\n|\n|t:|1697998032\n|switch|p2a: Gothitelle|Gothitelle, M|73\/100\n|move|p1a: Mew|Transform|p2a: Gothitelle\n|-transform|p1a: Mew|p2a: Gothitelle\n|\n|-heal|p2a: Gothitelle|79\/100|[from] item: Leftovers\n|upkeep\n|turn|73\n|c|\u2606fishyroads|lets see a mistake\n|\n|t:|1697998042\n|move|p1a: Mew|Torment|p2a: Gothitelle\n|-start|p2a: Gothitelle|Torment\n|move|p2a: Gothitelle|Torment|p1a: Mew\n|-start|p1a: Mew|Torment\n|\n|-heal|p2a: Gothitelle|85\/100|[from] item: Leftovers\n|upkeep\n|turn|74\n|\n|t:|1697998051\n|move|p2a: Gothitelle|Psychic|p1a: Mew\n|-resisted|p1a: Mew\n|-damage|p1a: Mew|93\/100\n|move|p1a: Mew|Trick|p2a: Gothitelle\n|-activate|p1a: Mew|move: Trick|[of] p2a: Gothitelle\n|-item|p2a: Gothitelle|Leftovers|[from] move: Trick\n|-item|p1a: Mew|Leftovers|[from] move: Trick\n|\n|-heal|p2a: Gothitelle|91\/100|[from] item: Leftovers\n|-heal|p1a: Mew|99\/100|[from] item: Leftovers\n|upkeep\n|turn|75\n|\n|t:|1697998064\n|switch|p2a: Alomomola|Alomomola, F, tera:Dragon|100\/100\n|move|p1a: Mew|Psychic|p2a: Alomomola\n|-damage|p2a: Alomomola|73\/100\n|\n|-heal|p1a: Mew|100\/100|[from] item: Leftovers\n|upkeep\n|turn|76\n|c|\u2606fishyroads|nvm im dumb\n|\n|t:|1697998072\n|switch|p1a: Articuno|Articuno|100\/100\n|-ability|p1a: Articuno|Pressure\n|move|p2a: Alomomola|Flip Turn|p1a: Articuno\n|-damage|p1a: Articuno|87\/100\n|c|\u2606fishyroads|nmv\n|\n|t:|1697998079\n|switch|p2a: Zacian|Zacian|100\/100|[from] Flip Turn\n|-ability|p2a: Zacian|Intrepid Sword|boost\n|-boost|p2a: Zacian|atk|1\n|\n|upkeep\n|turn|77\n|\n|t:|1697998083\n|move|p2a: Zacian|Swords Dance|p2a: Zacian\n|-boost|p2a: Zacian|atk|2\n|move|p1a: Articuno|Roar|p2a: Zacian\n|drag|p2a: Arceus|Arceus-Fire|87\/100\n|\n|upkeep\n|turn|78\n|\n|t:|1697998091\n|move|p2a: Arceus|Judgment|p1a: Articuno\n|-supereffective|p1a: Articuno\n|-damage|p1a: Articuno|28\/100\n|move|p1a: Articuno|Roost|p1a: Articuno\n|-heal|p1a: Articuno|79\/100\n|-singleturn|p1a: Articuno|move: Roost\n|\n|upkeep\n|turn|79\n|\n|t:|1697998096\n|switch|p1a: Arceus|Arceus-Fire|67\/100\n|move|p2a: Arceus|Will-O-Wisp|p1a: Arceus\n|-immune|p1a: Arceus\n|\n|upkeep\n|turn|80\n|\n|t:|1697998103\n|move|p1a: Arceus|Stealth Rock|p2a: Arceus\n|-sidestart|p2: PinkScourge|move: Stealth Rock\n|move|p2a: Arceus|Foul Play|p1a: Arceus\n|-damage|p1a: Arceus|56\/100\n|\n|upkeep\n|turn|81\n|\n|t:|1697998113\n|switch|p2a: Alomomola|Alomomola, F, tera:Dragon|100\/100\n|-damage|p2a: Alomomola|88\/100|[from] Stealth Rock\n|move|p1a: Arceus|Recover|p1a: Arceus\n|-heal|p1a: Arceus|100\/100\n|\n|upkeep\n|turn|82\n|\n|t:|1697998118\n|move|p2a: Alomomola|Wish|p2a: Alomomola\n|move|p1a: Arceus|Roar|p2a: Alomomola\n|drag|p2a: Zacian|Zacian|100\/100\n|\n|upkeep\n|turn|83\n|\n|t:|1697998127\n|move|p2a: Zacian|Sacred Sword|p1a: Arceus\n|-damage|p1a: Arceus|83\/100\n|move|p1a: Arceus|Roar|p2a: Zacian\n|drag|p2a: Arceus|Arceus-Fire|87\/100\n|-damage|p2a: Arceus|62\/100|[from] Stealth Rock\n|\n|-heal|p2a: Arceus|100\/100|[from] move: Wish|[wisher] Alomomola\n|upkeep\n|turn|84\n|c|\u2606fishyroads|nice\n|\n|t:|1697998141\n|move|p1a: Arceus|Judgment|p2a: Arceus\n|-resisted|p2a: Arceus\n|-damage|p2a: Arceus|88\/100\n|move|p2a: Arceus|Will-O-Wisp|p1a: Arceus\n|-immune|p1a: Arceus\n|\n|upkeep\n|turn|85\n|\n|t:|1697998147\n|move|p2a: Arceus|Foul Play|p1a: Arceus\n|-damage|p1a: Arceus|72\/100\n|move|p1a: Arceus|Roar|p2a: Arceus\n|drag|p2a: Scream Tail|Scream Tail|100\/100\n|-damage|p2a: Scream Tail|88\/100|[from] Stealth Rock\n|\n|-heal|p2a: Scream Tail|94\/100|[from] item: Leftovers\n|upkeep\n|turn|86\n|\n|t:|1697998168\n|move|p1a: Arceus|Judgment|p2a: Scream Tail\n|-damage|p2a: Scream Tail|65\/100\n|move|p2a: Scream Tail|Wish|p2a: Scream Tail\n|\n|-heal|p2a: Scream Tail|71\/100|[from] item: Leftovers\n|upkeep\n|turn|87\n|c|\u2606PinkScourge|Yeah, I guess this team only loses vs setup ofense\n|\n|t:|1697998176\n|move|p2a: Scream Tail|Perish Song|p2a: Scream Tail\n|-start|p1a: Arceus|perish3|[silent]\n|-start|p2a: Scream Tail|perish3|[silent]\n|-fieldactivate|move: Perish Song\n|move|p1a: Arceus|Roar|p2a: Scream Tail\n|-end|p2a: Scream Tail|Protosynthesis|[silent]\n|drag|p2a: Zacian|Zacian|100\/100\n|\n|-start|p1a: Arceus|perish3\n|upkeep\n|turn|88\n|c|\u2606fishyroads|no\n|c|\u2606fishyroads|it loses to weather last respects if you lose scream tail\n|\n|t:|1697998196\n|move|p2a: Zacian|Sacred Sword|p1a: Arceus\n|-damage|p1a: Arceus|54\/100\n|move|p1a: Arceus|Roar|p2a: Zacian\n|drag|p2a: Weezing|Weezing-Galar, F|74\/100\n|-damage|p2a: Weezing|62\/100|[from] Stealth Rock\n|-fieldstart|move: Misty Terrain|[from] ability: Misty Surge|[of] p2a: Weezing\n|\n|-start|p1a: Arceus|perish2\n|upkeep\n|turn|89\n|c|\u2606PinkScourge|I have won against that archetype\n|\n|t:|1697998220\n|switch|p1a: Mew|Mew|100\/100\n|move|p2a: Weezing|Acid Spray|p1a: Mew\n|-damage|p1a: Mew|89\/100\n|-unboost|p1a: Mew|spd|2\n|\n|-heal|p1a: Mew|96\/100|[from] item: Leftovers\n|upkeep\n|turn|90\n|c|\u2606fishyroads|if you lose scream tail?\n|\n|t:|1697998239\n|move|p1a: Mew|U-turn|p2a: Weezing\n|-resisted|p2a: Weezing\n|-damage|p2a: Weezing|59\/100\n|\n|t:|1697998243\n|switch|p1a: Arceus|Arceus-Fire|54\/100|[from] U-turn\n|move|p2a: Weezing|Acid Spray|p1a: Arceus\n|-damage|p1a: Arceus|45\/100\n|-unboost|p1a: Arceus|spd|2\n|\n|upkeep\n|turn|91\n|c|\u2606PinkScourge|Yep!\n|\n|t:|1697998251\n|move|p1a: Arceus|Recover|p1a: Arceus\n|-heal|p1a: Arceus|95\/100\n|move|p2a: Weezing|Acid Spray|p1a: Arceus\n|-damage|p1a: Arceus|79\/100\n|-unboost|p1a: Arceus|spd|2\n|\n|upkeep\n|turn|92\n|c|\u2606fishyroads|idk you tf is losing to you with last respects\n|\n|t:|1697998272\n|switch|p1a: Articuno|Articuno|79\/100\n|-ability|p1a: Articuno|Pressure\n|switch|p2a: Alomomola|Alomomola, F, tera:Dragon|100\/100\n|-damage|p2a: Alomomola|88\/100|[from] Stealth Rock\n|\n|-fieldend|Misty Terrain\n|upkeep\n|turn|93\n|c|\u2606PinkScourge|Tera dark Arceus\n|\n|t:|1697998286\n|move|p1a: Articuno|Freeze-Dry|p2a: Alomomola\n|-supereffective|p2a: Alomomola\n|-damage|p2a: Alomomola|45\/100\n|move|p2a: Alomomola|Wish|p2a: Alomomola\n|\n|upkeep\n|turn|94\n|c|\u2606fishyroads|ohhhh\n|\n|t:|1697998296\n|switch|p2a: Weezing|Weezing-Galar, F|59\/100\n|-damage|p2a: Weezing|47\/100|[from] Stealth Rock\n|-fieldstart|move: Misty Terrain|[from] ability: Misty Surge|[of] p2a: Weezing\n|move|p1a: Articuno|Freeze-Dry|p2a: Weezing\n|-damage|p2a: Weezing|9\/100\n|\n|-heal|p2a: Weezing|81\/100|[from] move: Wish|[wisher] Alomomola\n|upkeep\n|turn|95\n|c|\u2606fishyroads|yea\n|\n|t:|1697998307\n|switch|p1a: Arceus|Arceus-Fire|79\/100\n|move|p2a: Weezing|Defog|p1a: Arceus\n|-unboost|p1a: Arceus|evasion|1\n|-sideend|p2: PinkScourge|Stealth Rock|[from] move: Defog|[of] p2a: Weezing\n|-fieldend|Misty Terrain\n|\n|upkeep\n|turn|96\n|\n|t:|1697998314\n|switch|p2a: Alomomola|Alomomola, F, tera:Dragon|78\/100\n|move|p1a: Arceus|Roar|p2a: Alomomola\n|drag|p2a: Weezing|Weezing-Galar, F|81\/100\n|-fieldstart|move: Misty Terrain|[from] ability: Misty Surge|[of] p2a: Weezing\n|\n|upkeep\n|turn|97\n|\n|t:|1697998326\n|move|p1a: Arceus|Stealth Rock|p2a: Weezing\n|-sidestart|p2: PinkScourge|move: Stealth Rock\n|move|p2a: Weezing|Acid Spray|p1a: Arceus\n|-damage|p1a: Arceus|70\/100\n|-unboost|p1a: Arceus|spd|2\n|\n|upkeep\n|turn|98\n|\n|t:|1697998332\n|switch|p1a: Articuno|Articuno|79\/100\n|-ability|p1a: Articuno|Pressure\n|switch|p2a: Alomomola|Alomomola, F, tera:Dragon|100\/100\n|-damage|p2a: Alomomola|88\/100|[from] Stealth Rock\n|\n|upkeep\n|turn|99\n|\n|t:|1697998340\n|move|p1a: Articuno|Freeze-Dry|p2a: Alomomola\n|-supereffective|p2a: Alomomola\n|-damage|p2a: Alomomola|43\/100\n|move|p2a: Alomomola|Wish|p2a: Alomomola\n|\n|upkeep\n|turn|100\n|\n|t:|1697998349\n|switch|p2a: Scream Tail|Scream Tail|71\/100\n|-damage|p2a: Scream Tail|59\/100|[from] Stealth Rock\n|move|p1a: Articuno|Roar|p2a: Scream Tail\n|-end|p2a: Scream Tail|Protosynthesis|[silent]\n|drag|p2a: Alomomola|Alomomola, F, tera:Dragon|76\/100\n|-damage|p2a: Alomomola|64\/100|[from] Stealth Rock\n|\n|-heal|p2a: Alomomola|100\/100|[from] move: Wish|[wisher] Alomomola\n|-fieldend|Misty Terrain\n|upkeep\n|turn|101\n|c|\u2606fishyroads|come back here\n|\n|t:|1697998359\n|move|p2a: Alomomola|Protect|p2a: Alomomola\n|-singleturn|p2a: Alomomola|Protect\n|move|p1a: Articuno|Freeze-Dry|p2a: Alomomola\n|-activate|p2a: Alomomola|move: Protect\n|\n|upkeep\n|turn|102\n|\n|t:|1697998363\n|move|p1a: Articuno|Freeze-Dry|p2a: Alomomola\n|-supereffective|p2a: Alomomola\n|-damage|p2a: Alomomola|54\/100\n|move|p2a: Alomomola|Wish|p2a: Alomomola\n|\n|upkeep\n|turn|103\n|\n|t:|1697998369\n|switch|p2a: Weezing|Weezing-Galar, F|81\/100\n|-damage|p2a: Weezing|68\/100|[from] Stealth Rock\n|-fieldstart|move: Misty Terrain|[from] ability: Misty Surge|[of] p2a: Weezing\n|move|p1a: Articuno|Freeze-Dry|p2a: Weezing\n|-damage|p2a: Weezing|33\/100\n|\n|-heal|p2a: Weezing|100\/100|[from] move: Wish|[wisher] Alomomola\n|upkeep\n|turn|104\n|\n|t:|1697998378\n|move|p2a: Weezing|Fire Blast|p1a: Articuno\n|-supereffective|p1a: Articuno\n|-damage|p1a: Articuno|54\/100\n|move|p1a: Articuno|U-turn|p2a: Weezing\n|-resisted|p2a: Weezing\n|-damage|p2a: Weezing|98\/100\n|\n|t:|1697998382\n|switch|p1a: Arceus|Arceus-Fire|70\/100|[from] U-turn\n|\n|upkeep\n|turn|105\n|\n|t:|1697998389\n|switch|p2a: Alomomola|Alomomola, F, tera:Dragon|88\/100\n|-damage|p2a: Alomomola|75\/100|[from] Stealth Rock\n|move|p1a: Arceus|Recover|p1a: Arceus\n|-heal|p1a: Arceus|100\/100\n|\n|upkeep\n|turn|106\n|\n|t:|1697998403\n|switch|p1a: Articuno|Articuno|54\/100\n|-ability|p1a: Articuno|Pressure\n|move|p2a: Alomomola|Wish|p2a: Alomomola\n|\n|upkeep\n|turn|107\n|\n|t:|1697998408\n|move|p1a: Articuno|Roost|p1a: Articuno\n|-heal|p1a: Articuno|100\/100\n|-singleturn|p1a: Articuno|move: Roost\n|move|p2a: Alomomola|Flip Turn|p1a: Articuno\n|-damage|p1a: Articuno|86\/100\n|\n|t:|1697998415\n|switch|p2a: Scream Tail|Scream Tail|59\/100|[from] Flip Turn\n|-damage|p2a: Scream Tail|46\/100|[from] Stealth Rock\n|\n|-heal|p2a: Scream Tail|100\/100|[from] move: Wish|[wisher] Alomomola\n|-fieldend|Misty Terrain\n|upkeep\n|turn|108\n|\n|t:|1697998420\n|move|p2a: Scream Tail|Protect|p2a: Scream Tail\n|-singleturn|p2a: Scream Tail|Protect\n|move|p1a: Articuno|U-turn|p2a: Scream Tail\n|-activate|p2a: Scream Tail|move: Protect\n|\n|upkeep\n|turn|109\n|\n|t:|1697998426\n|move|p2a: Scream Tail|Boomburst|p1a: Articuno\n|-damage|p1a: Articuno|72\/100\n|move|p1a: Articuno|Roar|p2a: Scream Tail\n|-end|p2a: Scream Tail|Protosynthesis|[silent]\n|drag|p2a: Zacian|Zacian|100\/100\n|\n|upkeep\n|turn|110\n|\n|t:|1697998432\n|move|p2a: Zacian|Wild Charge|p1a: Articuno\n|-supereffective|p1a: Articuno\n|-damage|p1a: Articuno|21\/100\n|-damage|p2a: Zacian|85\/100|[from] Recoil\n|move|p1a: Articuno|Freeze-Dry|p2a: Zacian\n|-damage|p2a: Zacian|61\/100\n|\n|upkeep\n|turn|111\n|\n|t:|1697998441\n|switch|p1a: Mew|Mew|96\/100\n|move|p2a: Zacian|Swords Dance|p2a: Zacian\n|-boost|p2a: Zacian|atk|2\n|\n|-heal|p1a: Mew|100\/100|[from] item: Leftovers\n|upkeep\n|turn|112\n|\n|t:|1697998458\n|switch|p2a: Alomomola|Alomomola, F, tera:Dragon|100\/100\n|-damage|p2a: Alomomola|88\/100|[from] Stealth Rock\n|move|p1a: Mew|Transform|p2a: Alomomola\n|-transform|p1a: Mew|p2a: Alomomola\n|\n|upkeep\n|turn|113\n|c|\u2606fishyroads|nows my chance\n|\n|t:|1697998465\n|move|p1a: Mew|Wish|p1a: Mew\n|move|p2a: Alomomola|Wish|p2a: Alomomola\n|\n|upkeep\n|turn|114\n|\n|t:|1697998468\n|switch|p1a: Rillaboom|Rillaboom, M|67\/100\n|-fieldstart|move: Grassy Terrain|[from] ability: Grassy Surge|[of] p1a: Rillaboom\n|move|p2a: Alomomola|Flip Turn|p1a: Rillaboom\n|-resisted|p1a: Rillaboom\n|-damage|p1a: Rillaboom|58\/100\n|\n|t:|1697998478\n|switch|p2a: Zacian|Zacian|61\/100|[from] Flip Turn\n|\n|-heal|p2a: Zacian|100\/100|[from] move: Wish|[wisher] Alomomola\n|-heal|p1a: Rillaboom|100\/100|[from] move: Wish|[wisher] Mew\n|upkeep\n|turn|115\n|\n|t:|1697998489\n|switch|p2a: Weezing|Weezing-Galar, F|98\/100\n|-damage|p2a: Weezing|86\/100|[from] Stealth Rock\n|-fieldstart|move: Misty Terrain|[from] ability: Misty Surge|[of] p2a: Weezing\n|move|p1a: Rillaboom|Wood Hammer|p2a: Weezing\n|-resisted|p2a: Weezing\n|-damage|p2a: Weezing|66\/100\n|-damage|p1a: Rillaboom|94\/100|[from] Recoil\n|\n|upkeep\n|turn|116\n|\n|t:|1697998497\n|move|p1a: Rillaboom|U-turn|p2a: Weezing\n|-resisted|p2a: Weezing\n|-damage|p2a: Weezing|61\/100\n|\n|t:|1697998503\n|switch|p1a: Articuno|Articuno|21\/100|[from] U-turn\n|-ability|p1a: Articuno|Pressure\n|move|p2a: Weezing|Strange Steam|p1a: Articuno\n|-damage|p1a: Articuno|6\/100\n|\n|upkeep\n|turn|117\n|\n|t:|1697998512\n|switch|p1a: Mew|Mew|100\/100\n|move|p2a: Weezing|Strange Steam|p1a: Mew\n|-damage|p1a: Mew|76\/100\n|\n|-heal|p1a: Mew|82\/100|[from] item: Leftovers\n|upkeep\n|turn|118\n|\n|t:|1697998522\n|move|p1a: Mew|Transform|p2a: Weezing\n|-transform|p1a: Mew|p2a: Weezing\n|move|p2a: Weezing|Strange Steam|p1a: Mew\n|-resisted|p1a: Mew\n|-damage|p1a: Mew|67\/100\n|\n|-heal|p1a: Mew|74\/100|[from] item: Leftovers\n|upkeep\n|turn|119\n|\n|t:|1697998528\n|switch|p2a: Alomomola|Alomomola, F, tera:Dragon|100\/100\n|-damage|p2a: Alomomola|88\/100|[from] Stealth Rock\n|move|p1a: Mew|Acid Spray|p2a: Alomomola\n|-damage|p2a: Alomomola|77\/100\n|-unboost|p2a: Alomomola|spd|2\n|\n|-heal|p1a: Mew|80\/100|[from] item: Leftovers\n|-fieldend|Misty Terrain\n|upkeep\n|turn|120\n|\n|t:|1697998535\n|move|p1a: Mew|Acid Spray|p2a: Alomomola\n|-damage|p2a: Alomomola|54\/100\n|-unboost|p2a: Alomomola|spd|2\n|move|p2a: Alomomola|Flip Turn|p1a: Mew\n|-damage|p1a: Mew|72\/100\n|\n|t:|1697998547\n|switch|p2a: Zacian|Zacian|100\/100|[from] Flip Turn\n|\n|-heal|p1a: Mew|78\/100|[from] item: Leftovers\n|upkeep\n|turn|121\n|\n|t:|1697998552\n|move|p2a: Zacian|Swords Dance|p2a: Zacian\n|-boost|p2a: Zacian|atk|2\n|move|p1a: Mew|Acid Spray|p2a: Zacian\n|-supereffective|p2a: Zacian\n|-damage|p2a: Zacian|76\/100\n|-unboost|p2a: Zacian|spd|2\n|\n|-heal|p1a: Mew|84\/100|[from] item: Leftovers\n|upkeep\n|turn|122\n|\n|t:|1697998571\n|move|p2a: Zacian|Wild Charge|p1a: Mew\n|-damage|p1a: Mew|53\/100\n|-damage|p2a: Zacian|66\/100|[from] Recoil\n|move|p1a: Mew|Acid Spray|p2a: Zacian\n|-supereffective|p2a: Zacian\n|-damage|p2a: Zacian|22\/100\n|-unboost|p2a: Zacian|spd|2\n|\n|-heal|p1a: Mew|60\/100|[from] item: Leftovers\n|upkeep\n|turn|123\n|\n|t:|1697998580\n|switch|p2a: Alomomola|Alomomola, F, tera:Dragon|87\/100\n|-damage|p2a: Alomomola|75\/100|[from] Stealth Rock\n|move|p1a: Mew|Strange Steam|p2a: Alomomola\n|-supereffective|p2a: Alomomola\n|-damage|p2a: Alomomola|26\/100\n|\n|-heal|p1a: Mew|66\/100|[from] item: Leftovers\n|upkeep\n|turn|124\n|\n|t:|1697998586\n|move|p2a: Alomomola|Protect|p2a: Alomomola\n|-singleturn|p2a: Alomomola|Protect\n|move|p1a: Mew|Strange Steam|p2a: Alomomola\n|-activate|p2a: Alomomola|move: Protect\n|\n|-heal|p1a: Mew|72\/100|[from] item: Leftovers\n|upkeep\n|turn|125\n|c|\u2606fishyroads|bro\n|\n|t:|1697998591\n|switch|p2a: Gothitelle|Gothitelle, M|91\/100\n|-damage|p2a: Gothitelle|78\/100|[from] Stealth Rock\n|move|p1a: Mew|Strange Steam|p2a: Gothitelle\n|-damage|p2a: Gothitelle|59\/100\n|\n|-heal|p2a: Gothitelle|65\/100|[from] item: Leftovers\n|-heal|p1a: Mew|78\/100|[from] item: Leftovers\n|upkeep\n|turn|126\n|\n|t:|1697998600\n|move|p2a: Gothitelle|Psychic|p1a: Mew\n|-supereffective|p1a: Mew\n|-damage|p1a: Mew|11\/100\n|move|p1a: Mew|Acid Spray|p2a: Gothitelle\n|-damage|p2a: Gothitelle|56\/100\n|-unboost|p2a: Gothitelle|spd|2\n|\n|-heal|p2a: Gothitelle|62\/100|[from] item: Leftovers\n|-heal|p1a: Mew|17\/100|[from] item: Leftovers\n|upkeep\n|turn|127\n|\n|t:|1697998607\n|move|p2a: Gothitelle|Psychic|p1a: Mew\n|-supereffective|p1a: Mew\n|-damage|p1a: Mew|0 fnt\n|faint|p1a: Mew\n|\n|-heal|p2a: Gothitelle|69\/100|[from] item: Leftovers\n|upkeep\n|c|\u2606fishyroads|gg\n|c|\u2606PinkScourge|GG\n|-message|fishyroads forfeited.\n|\n|win|PinkScourge\n|c|\u2606fishyroads|nice\n|c|\u2606fishyroads|im tired\n|l|\u2606fishyroads\n|c|\u2606PinkScourge|Thanks for the games!\n","uploadtime":1697998641,"views":9,"p1id":"fishyroads","p2id":"pinkscourge","formatid":"gen9ubers","rating":0,"private":0,"password":""}