{"id":"gen9ubers-1991592950","p1":"slumbererer","p2":"smite nite","format":"[Gen 9] Ubers","log":"|j|\u2606slumbererer\n|j|\u2606smite nite\n|t:|1700091972\n|gametype|singles\n|player|p1|slumbererer|265|1397\n|player|p2|smite nite|pokefan-gen4|1365\n|teamsize|p1|6\n|teamsize|p2|6\n|gen|9\n|tier|[Gen 9] Ubers\n|rated|\n|rule|Sleep Clause Mod: Limit one foe put to sleep\n|rule|Species Clause: Limit one of each Pok\u00e9mon\n|rule|OHKO Clause: OHKO moves are banned\n|rule|Evasion Items Clause: Evasion items are banned\n|rule|Evasion Moves Clause: Evasion moves are banned\n|rule|Endless Battle Clause: Forcing endless battles is banned\n|rule|HP Percentage Mod: HP is shown in percentages\n|clearpoke\n|poke|p1|Zacian-*|\n|poke|p1|Miraidon|\n|poke|p1|Koraidon|\n|poke|p1|Baxcalibur, F|\n|poke|p1|Groudon|\n|poke|p1|Mewtwo|\n|poke|p2|Koraidon|\n|poke|p2|Kyogre|\n|poke|p2|Arceus|\n|poke|p2|Great Tusk|\n|poke|p2|Miraidon|\n|poke|p2|Skeledirge, F|\n|teampreview\n|inactive|Battle timer is ON: inactive players will automatically lose when time's up. (requested by smite nite)\n|inactive|slumbererer has 120 seconds left.\n|\n|t:|1700092004\n|start\n|switch|p1a: MIRA|Miraidon|100\/100\n|switch|p2a: Kyogre|Kyogre|100\/100\n|-weather|RainDance|[from] ability: Drizzle|[of] p2a: Kyogre\n|-fieldstart|move: Electric Terrain|[from] ability: Hadron Engine|[of] p1a: MIRA\n|turn|1\n|\n|t:|1700092011\n|switch|p2a: Arceus|Arceus, shiny|100\/100\n|move|p1a: MIRA|Draco Meteor|p2a: Arceus\n|-damage|p2a: Arceus|14\/100\n|-unboost|p1a: MIRA|spa|2\n|\n|-weather|RainDance|[upkeep]\n|upkeep\n|turn|2\n|\n|t:|1700092025\n|move|p2a: Arceus|Extreme Speed|p1a: MIRA\n|-damage|p1a: MIRA|42\/100\n|-damage|p2a: Arceus|4\/100|[from] item: Life Orb\n|move|p1a: MIRA|Draco Meteor|p2a: Arceus\n|-damage|p2a: Arceus|0 fnt\n|-unboost|p1a: MIRA|spa|2\n|faint|p2a: Arceus\n|\n|-weather|RainDance|[upkeep]\n|upkeep\n|\n|t:|1700092028\n|switch|p2a: Koraidon|Koraidon|100\/100\n|-weather|SunnyDay|[from] ability: Orichalcum Pulse|[of] p2a: Koraidon\n|-activate|p2a: Koraidon|Orichalcum Pulse|[source]\n|turn|3\n|\n|t:|1700092042\n|move|p1a: MIRA|Draco Meteor|p2a: Koraidon\n|-supereffective|p2a: Koraidon\n|-damage|p2a: Koraidon|5\/100\n|-unboost|p1a: MIRA|spa|2\n|move|p2a: Koraidon|Scale Shot|p1a: MIRA\n|-supereffective|p1a: MIRA\n|-damage|p1a: MIRA|5\/100\n|-supereffective|p1a: MIRA\n|-damage|p1a: MIRA|0 fnt\n|faint|p1a: MIRA\n|-hitcount|p1: MIRA|2\n|-unboost|p2a: Koraidon|def|1\n|-boost|p2a: Koraidon|spe|1\n|\n|-weather|SunnyDay|[upkeep]\n|upkeep\n|\n|t:|1700092061\n|switch|p1a: KORA|Koraidon|100\/100\n|-activate|p1a: KORA|ability: Orichalcum Pulse\n|turn|4\n|\n|t:|1700092066\n|move|p1a: KORA|U-turn|p2a: Koraidon\n|-resisted|p2a: Koraidon\n|-damage|p2a: Koraidon|0 fnt\n|faint|p2a: Koraidon\n|\n|t:|1700092081\n|switch|p1a: GROUD|Groudon|100\/100|[from] U-turn\n|\n|-weather|SunnyDay|[upkeep]\n|upkeep\n|\n|t:|1700092084\n|switch|p2a: Kyogre|Kyogre|100\/100\n|-weather|RainDance|[from] ability: Drizzle|[of] p2a: Kyogre\n|turn|5\n|inactive|slumbererer has 120 seconds left.\n|\n|t:|1700092108\n|switch|p1a: KORA|Koraidon|100\/100\n|-weather|SunnyDay|[from] ability: Orichalcum Pulse|[of] p1a: KORA\n|-activate|p1a: KORA|Orichalcum Pulse|[source]\n|move|p2a: Kyogre|Water Spout|p1a: KORA\n|-resisted|p1a: KORA\n|-damage|p1a: KORA|79\/100\n|\n|-weather|SunnyDay|[upkeep]\n|-fieldend|move: Electric Terrain\n|upkeep\n|turn|6\n|inactive|slumbererer has 120 seconds left.\n|\n|t:|1700092135\n|switch|p2a: Skeledirge|Skeledirge, F|100\/100\n|move|p1a: KORA|U-turn|p2a: Skeledirge\n|-resisted|p2a: Skeledirge\n|-damage|p2a: Skeledirge|96\/100\n|\n|t:|1700092147\n|switch|p1a: BAX|Baxcalibur, F|100\/100|[from] U-turn\n|\n|-weather|SunnyDay|[upkeep]\n|upkeep\n|turn|7\n|\n|t:|1700092154\n|switch|p2a: Great Tusk|Great Tusk|100\/100\n|-activate|p2a: Great Tusk|ability: Protosynthesis\n|-start|p2a: Great Tusk|protosynthesisatk\n|move|p1a: BAX|Swords Dance|p1a: BAX\n|-boost|p1a: BAX|atk|2\n|\n|-weather|SunnyDay|[upkeep]\n|upkeep\n|turn|8\n|\n|t:|1700092164\n|-terastallize|p1a: BAX|Fairy\n|move|p2a: Great Tusk|Close Combat|p1a: BAX\n|-resisted|p1a: BAX\n|-damage|p1a: BAX|62\/100\n|-unboost|p2a: Great Tusk|def|1\n|-unboost|p2a: Great Tusk|spd|1\n|move|p1a: BAX|Scale Shot|p2a: Great Tusk\n|-damage|p2a: Great Tusk|69\/100\n|-damage|p2a: Great Tusk|37\/100\n|-damage|p2a: Great Tusk|5\/100\n|-damage|p2a: Great Tusk|0 fnt\n|faint|p2a: Great Tusk\n|-end|p2a: Great Tusk|Protosynthesis|[silent]\n|-hitcount|p2: Great Tusk|4\n|-unboost|p1a: BAX|def|1\n|-boost|p1a: BAX|spe|1\n|\n|-weather|SunnyDay|[upkeep]\n|upkeep\n|\n|t:|1700092168\n|switch|p2a: Miraidon|Miraidon|100\/100\n|-fieldstart|move: Electric Terrain|[from] ability: Hadron Engine|[of] p2a: Miraidon\n|turn|9\n|inactive|slumbererer has 120 seconds left.\n|\n|t:|1700092183\n|move|p2a: Miraidon|Electro Drift|p1a: BAX\n|-damage|p1a: BAX|0 fnt\n|faint|p1a: BAX\n|\n|-weather|none\n|upkeep\n|\n|t:|1700092189\n|switch|p1a: GROUD|Groudon|100\/100\n|-weather|SunnyDay|[from] ability: Drought|[of] p1a: GROUD\n|turn|10\n|inactive|slumbererer has 120 seconds left.\n|\n|t:|1700092194\n|switch|p2a: Kyogre|Kyogre|100\/100\n|-weather|RainDance|[from] ability: Drizzle|[of] p2a: Kyogre\n|move|p1a: GROUD|Precipice Blades|p2a: Kyogre\n|-damage|p2a: Kyogre|38\/100\n|\n|-weather|RainDance|[upkeep]\n|upkeep\n|turn|11\n|inactive|slumbererer has 120 seconds left.\n|\n|t:|1700092206\n|switch|p1a: KORA|Koraidon|79\/100\n|-weather|SunnyDay|[from] ability: Orichalcum Pulse|[of] p1a: KORA\n|-activate|p1a: KORA|Orichalcum Pulse|[source]\n|move|p2a: Kyogre|Surf|p1a: KORA\n|-resisted|p1a: KORA\n|-damage|p1a: KORA|65\/100\n|\n|-weather|SunnyDay|[upkeep]\n|upkeep\n|turn|12\n|inactive|slumbererer has 120 seconds left.\n|\n|t:|1700092218\n|switch|p2a: Skeledirge|Skeledirge, F|96\/100\n|move|p1a: KORA|U-turn|p2a: Skeledirge\n|-resisted|p2a: Skeledirge\n|-damage|p2a: Skeledirge|91\/100\n|inactive|slumbererer has 120 seconds left.\n|\n|t:|1700092227\n|switch|p1a: GROUD|Groudon|100\/100|[from] U-turn\n|\n|-weather|SunnyDay|[upkeep]\n|upkeep\n|turn|13\n|\n|t:|1700092236\n|move|p1a: GROUD|Spikes|p2a: Skeledirge\n|-sidestart|p2: smite nite|Spikes\n|move|p2a: Skeledirge|Will-O-Wisp|p1a: GROUD\n|-status|p1a: GROUD|brn\n|\n|-weather|SunnyDay|[upkeep]\n|-damage|p1a: GROUD|94\/100 brn|[from] brn\n|-fieldend|move: Electric Terrain\n|upkeep\n|turn|14\n|\n|t:|1700092246\n|move|p1a: GROUD|Spikes|p2a: Skeledirge\n|-sidestart|p2: smite nite|Spikes\n|move|p2a: Skeledirge|Hex|p1a: GROUD\n|-damage|p1a: GROUD|51\/100 brn\n|\n|-weather|SunnyDay|[upkeep]\n|-heal|p1a: GROUD|57\/100 brn|[from] item: Leftovers\n|-damage|p1a: GROUD|51\/100 brn|[from] brn\n|upkeep\n|turn|15\n|\n|t:|1700092260\n|move|p1a: GROUD|Spikes|p2a: Skeledirge\n|-sidestart|p2: smite nite|Spikes\n|move|p2a: Skeledirge|Hex|p1a: GROUD\n|-damage|p1a: GROUD|8\/100 brn\n|\n|-weather|none\n|-heal|p1a: GROUD|14\/100 brn|[from] item: Leftovers\n|-damage|p1a: GROUD|8\/100 brn|[from] brn\n|upkeep\n|turn|16\n|\n|t:|1700092267\n|move|p1a: GROUD|Precipice Blades|p2a: Skeledirge|[miss]\n|-miss|p1a: GROUD|p2a: Skeledirge\n|move|p2a: Skeledirge|Hex|p1a: GROUD\n|-damage|p1a: GROUD|0 fnt\n|faint|p1a: GROUD\n|\n|upkeep\n|inactive|slumbererer has 120 seconds left.\n|\n|t:|1700092316\n|switch|p1a: KORA|Koraidon|65\/100\n|-weather|SunnyDay|[from] ability: Orichalcum Pulse|[of] p1a: KORA\n|-activate|p1a: KORA|Orichalcum Pulse|[source]\n|turn|17\n|\n|t:|1700092319\n|move|p1a: KORA|Outrage|p2a: Skeledirge\n|-damage|p2a: Skeledirge|40\/100\n|move|p2a: Skeledirge|Will-O-Wisp|p1a: KORA\n|-status|p1a: KORA|brn\n|\n|-weather|SunnyDay|[upkeep]\n|-damage|p1a: KORA|59\/100 brn|[from] brn\n|upkeep\n|turn|18\n|\n|t:|1700092326\n|move|p1a: KORA|Outrage|p2a: Skeledirge|[from]lockedmove\n|-damage|p2a: Skeledirge|15\/100\n|move|p2a: Skeledirge|Slack Off|p2a: Skeledirge\n|-heal|p2a: Skeledirge|65\/100\n|\n|-weather|SunnyDay|[upkeep]\n|-damage|p1a: KORA|53\/100 brn|[from] brn\n|upkeep\n|turn|19\n|\n|t:|1700092332\n|move|p1a: KORA|Outrage|p2a: Skeledirge|[from]lockedmove\n|-damage|p2a: Skeledirge|39\/100\n|-start|p1a: KORA|confusion|[fatigue]\n|move|p2a: Skeledirge|Slack Off|p2a: Skeledirge\n|-heal|p2a: Skeledirge|89\/100\n|\n|-weather|SunnyDay|[upkeep]\n|-damage|p1a: KORA|47\/100 brn|[from] brn\n|upkeep\n|turn|20\n|inactive|slumbererer has 120 seconds left.\n|\n|t:|1700092344\n|-activate|p1a: KORA|confusion\n|-damage|p1a: KORA|33\/100 brn|[from] confusion\n|move|p2a: Skeledirge|Hex|p1a: KORA\n|-damage|p1a: KORA|0 fnt\n|faint|p1a: KORA\n|\n|-weather|SunnyDay|[upkeep]\n|upkeep\n|\n|t:|1700092354\n|switch|p1a: TWO|Mewtwo, shiny|100\/100\n|-ability|p1a: TWO|Pressure\n|turn|21\n|\n|t:|1700092358\n|switch|p2a: Kyogre|Kyogre|38\/100\n|-damage|p2a: Kyogre|13\/100|[from] Spikes\n|-weather|RainDance|[from] ability: Drizzle|[of] p2a: Kyogre\n|move|p1a: TWO|Psystrike|p2a: Kyogre\n|-damage|p2a: Kyogre|0 fnt\n|faint|p2a: Kyogre\n|-damage|p1a: TWO|91\/100|[from] item: Life Orb\n|\n|-weather|RainDance|[upkeep]\n|upkeep\n|\n|t:|1700092360\n|switch|p2a: Miraidon|Miraidon|100\/100\n|-damage|p2a: Miraidon|76\/100|[from] Spikes\n|-fieldstart|move: Electric Terrain|[from] ability: Hadron Engine|[of] p2a: Miraidon\n|turn|22\n|\n|t:|1700092371\n|move|p2a: Miraidon|Electro Drift|p1a: TWO\n|-damage|p1a: TWO|11\/100\n|move|p1a: TWO|Ice Beam|p2a: Miraidon\n|-supereffective|p2a: Miraidon\n|-damage|p2a: Miraidon|0 fnt\n|faint|p2a: Miraidon\n|-damage|p1a: TWO|1\/100|[from] item: Life Orb\n|\n|-weather|RainDance|[upkeep]\n|upkeep\n|\n|t:|1700092374\n|switch|p2a: Skeledirge|Skeledirge, F|89\/100\n|turn|23\n|\n|t:|1700092383\n|move|p1a: TWO|Recover|p1a: TWO\n|-heal|p1a: TWO|51\/100\n|move|p2a: Skeledirge|Hex|p1a: TWO\n|-supereffective|p1a: TWO\n|-damage|p1a: TWO|11\/100\n|\n|-weather|RainDance|[upkeep]\n|upkeep\n|turn|24\n|\n|t:|1700092402\n|move|p1a: TWO|Recover|p1a: TWO\n|-heal|p1a: TWO|61\/100\n|move|p2a: Skeledirge|Hex|p1a: TWO\n|-supereffective|p1a: TWO\n|-damage|p1a: TWO|25\/100\n|\n|-weather|RainDance|[upkeep]\n|upkeep\n|turn|25\n|\n|t:|1700092412\n|move|p1a: TWO|Psystrike|p2a: Skeledirge\n|-damage|p2a: Skeledirge|36\/100\n|-damage|p1a: TWO|15\/100|[from] item: Life Orb\n|move|p2a: Skeledirge|Torch Song|p1a: TWO\n|-damage|p1a: TWO|4\/100\n|-boost|p2a: Skeledirge|spa|1\n|\n|-weather|none\n|upkeep\n|turn|26\n|\n|t:|1700092421\n|move|p1a: TWO|Psystrike|p2a: Skeledirge\n|-damage|p2a: Skeledirge|0 fnt\n|faint|p2a: Skeledirge\n|-damage|p1a: TWO|0 fnt|[from] item: Life Orb\n|faint|p1a: TWO\n|\n|win|slumbererer\n|raw|slumbererer's rating: 1397 &rarr; <strong>1415<\/strong><br \/>(+18 for winning)\n|raw|smite nite's rating: 1365 &rarr; <strong>1347<\/strong><br \/>(-18 for losing)\n|c|\u2606slumbererer|Gg\n|c|\u2606slumbererer|get got\n|l|\u2606smite nite\n","uploadtime":1700092464,"views":63,"p1id":"slumbererer","p2id":"smitenite","formatid":"gen9ubers","rating":1347,"private":0,"password":""}