{"id":"gen9ubers-1979011697","p1":"thebluewizzrobe","p2":"Empoleon77","format":"[Gen 9] Ubers","log":"|j|\u2606thebluewizzrobe\n|j|\u2606Empoleon77\n|t:|1698620945\n|gametype|singles\n|player|p1|thebluewizzrobe|waiter|\n|player|p2|Empoleon77|266|\n|teamsize|p1|6\n|teamsize|p2|6\n|gen|9\n|tier|[Gen 9] Ubers\n|rule|Sleep Clause Mod: Limit one foe put to sleep\n|rule|Species Clause: Limit one of each Pok\u00e9mon\n|rule|OHKO Clause: OHKO moves are banned\n|rule|Evasion Items Clause: Evasion items are banned\n|rule|Evasion Moves Clause: Evasion moves are banned\n|rule|Endless Battle Clause: Forcing endless battles is banned\n|rule|HP Percentage Mod: HP is shown in percentages\n|clearpoke\n|poke|p1|Baxcalibur, M|\n|poke|p1|Ninetales-Alola, F|\n|poke|p1|Annihilape, M|\n|poke|p1|Dugtrio, M|\n|poke|p1|Rotom-Heat|\n|poke|p1|Maushold|\n|poke|p2|Gholdengo|\n|poke|p2|Espeon, M|\n|poke|p2|Kingambit, F|\n|poke|p2|Meowscarada, M|\n|poke|p2|Great Tusk|\n|poke|p2|Moltres|\n|teampreview\n|\n|t:|1698620972\n|start\n|switch|p1a: Melia|Rotom-Heat|100\/100\n|switch|p2a: Gholdengo|Gholdengo|100\/100\n|turn|1\n|\n|t:|1698620986\n|switch|p2a: Moltres|Moltres|100\/100\n|move|p1a: Melia|Overheat|p2a: Moltres\n|-resisted|p2a: Moltres\n|-damage|p2a: Moltres|58\/100\n|-unboost|p1a: Melia|spa|2\n|\n|upkeep\n|turn|2\n|\n|t:|1698621025\n|switch|p1a: Riki|Maushold|100\/100\n|move|p2a: Moltres|Roost|p2a: Moltres\n|-heal|p2a: Moltres|100\/100\n|-singleturn|p2a: Moltres|move: Roost\n|\n|upkeep\n|turn|3\n|\n|t:|1698621052\n|switch|p1a: Melia|Rotom-Heat|100\/100\n|switch|p2a: Great Tusk|Great Tusk|100\/100\n|\n|upkeep\n|turn|4\n|\n|t:|1698621081\n|-end|p2a: Great Tusk|Protosynthesis|[silent]\n|switch|p2a: Moltres|Moltres|100\/100\n|-terastallize|p1a: Melia|Water\n|move|p1a: Melia|Tera Blast|p2a: Moltres|[anim] Tera Blast Water\n|-supereffective|p2a: Moltres\n|-damage|p2a: Moltres|0 fnt\n|faint|p2a: Moltres\n|\n|upkeep\n|\n|t:|1698621103\n|switch|p2a: Not Guy|Meowscarada, M|100\/100\n|turn|5\n|\n|t:|1698621121\n|switch|p1a: Sharla|Ninetales-Alola, F, shiny|100\/100\n|-weather|Snow|[from] ability: Snow Warning|[of] p1a: Sharla\n|move|p2a: Not Guy|Flower Trick|p1a: Sharla\n|-start|p2a: Not Guy|typechange|Grass|[from] ability: Protean\n|-crit|p1a: Sharla\n|-damage|p1a: Sharla|44\/100\n|-damage|p2a: Not Guy|91\/100|[from] item: Life Orb\n|\n|-weather|Snow|[upkeep]\n|upkeep\n|turn|6\n|c|\u2606thebluewizzrobe|oh shoot i didn't know it did that much\n|\n|t:|1698621154\n|switch|p1a: Melia|Rotom-Heat, tera:Water|100\/100\n|move|p2a: Not Guy|Brick Break|p1a: Melia\n|-damage|p1a: Melia|53\/100\n|-damage|p2a: Not Guy|81\/100|[from] item: Life Orb\n|\n|-weather|Snow|[upkeep]\n|upkeep\n|turn|7\n|\n|t:|1698621224\n|move|p2a: Not Guy|Flower Trick|p1a: Melia\n|-supereffective|p1a: Melia\n|-crit|p1a: Melia\n|-damage|p1a: Melia|0 fnt\n|faint|p1a: Melia\n|-damage|p2a: Not Guy|71\/100|[from] item: Life Orb\n|\n|-weather|Snow|[upkeep]\n|upkeep\n|\n|t:|1698621254\n|switch|p1a: Reyn|Annihilape, M|100\/100\n|turn|8\n|c|\u2606Empoleon77|Why\u2019d you stay in? Is there some sort of plan up your sleeve?\n|\n|t:|1698621325\n|move|p2a: Not Guy|Play Rough|p1a: Reyn\n|-supereffective|p1a: Reyn\n|-damage|p1a: Reyn|26\/100\n|-damage|p2a: Not Guy|61\/100|[from] item: Life Orb\n|move|p1a: Reyn|Rage Fist|p2a: Not Guy\n|-damage|p2a: Not Guy|3\/100\n|\n|-weather|Snow|[upkeep]\n|-heal|p1a: Reyn|32\/100|[from] item: Leftovers\n|upkeep\n|turn|9\n|c|\u2606thebluewizzrobe|dang i thought i read a ghold switch\n|\n|t:|1698621375\n|switch|p2a: Kingambit|Kingambit, F|100\/100\n|-activate|p2a: Kingambit|ability: Supreme Overlord\n|-start|p2a: Kingambit|fallen1|[silent]\n|-item|p2a: Kingambit|Air Balloon\n|move|p1a: Reyn|Rage Fist|p2a: Kingambit\n|-resisted|p2a: Kingambit\n|-damage|p2a: Kingambit|86\/100\n|-enditem|p2a: Kingambit|Air Balloon\n|\n|-weather|none\n|-heal|p1a: Reyn|38\/100|[from] item: Leftovers\n|upkeep\n|turn|10\n|\n|t:|1698621414\n|move|p2a: Kingambit|Sucker Punch|p1a: Reyn\n|-damage|p1a: Reyn|0 fnt\n|faint|p1a: Reyn\n|\n|upkeep\n|\n|t:|1698621485\n|switch|p1a: Sharla|Ninetales-Alola, F, shiny|44\/100\n|-weather|Snow|[from] ability: Snow Warning|[of] p1a: Sharla\n|turn|11\n|\n|t:|1698621501\n|move|p1a: Sharla|Aurora Veil|p1a: Sharla\n|-sidestart|p1: thebluewizzrobe|move: Aurora Veil\n|move|p2a: Kingambit|Brick Break|p1a: Sharla\n|-sideend|p1: thebluewizzrobe|move: Aurora Veil\n|-damage|p1a: Sharla|16\/100\n|\n|-weather|Snow|[upkeep]\n|upkeep\n|turn|12\n|\n|t:|1698621513\n|move|p1a: Sharla|Hypnosis|p2a: Kingambit\n|-status|p2a: Kingambit|slp|[from] move: Hypnosis\n|cant|p2a: Kingambit|slp\n|\n|-weather|Snow|[upkeep]\n|upkeep\n|turn|13\n|\n|t:|1698621523\n|move|p1a: Sharla|Aurora Veil|p1a: Sharla\n|-sidestart|p1: thebluewizzrobe|move: Aurora Veil\n|cant|p2a: Kingambit|slp\n|\n|-weather|Snow|[upkeep]\n|upkeep\n|turn|14\n|\n|t:|1698621539\n|move|p1a: Sharla|Moonblast|p2a: Kingambit\n|-damage|p2a: Kingambit|53\/100 slp\n|-curestatus|p2a: Kingambit|slp|[msg]\n|move|p2a: Kingambit|Brick Break|p1a: Sharla\n|-sideend|p1: thebluewizzrobe|move: Aurora Veil\n|-damage|p1a: Sharla|0 fnt\n|faint|p1a: Sharla\n|\n|-weather|Snow|[upkeep]\n|upkeep\n|\n|t:|1698621550\n|switch|p1a: Dunban|Dugtrio, M|100\/100\n|turn|15\n|\n|t:|1698621555\n|move|p2a: Kingambit|Sucker Punch|p1a: Dunban\n|-enditem|p1a: Dunban|Focus Sash\n|-damage|p1a: Dunban|1\/100\n|move|p1a: Dunban|Earthquake|p2a: Kingambit\n|-supereffective|p2a: Kingambit\n|-damage|p2a: Kingambit|0 fnt\n|faint|p2a: Kingambit\n|-end|p2a: Kingambit|fallen1|[silent]\n|\n|-weather|none\n|upkeep\n|\n|t:|1698621577\n|switch|p2a: Great Tusk|Great Tusk|100\/100\n|turn|16\n|\n|t:|1698621601\n|move|p1a: Dunban|Memento|p2a: Great Tusk\n|-unboost|p2a: Great Tusk|atk|2\n|-unboost|p2a: Great Tusk|spa|2\n|faint|p1a: Dunban\n|move|p2a: Great Tusk|Rapid Spin|p1: Dunban|[notarget]\n|-fail|p2a: Great Tusk\n|\n|upkeep\n|\n|t:|1698621665\n|switch|p1a: Shulk|Baxcalibur, M|100\/100\n|turn|17\n|c|\u2606Empoleon77|Nice Xenoblade naming theme, by the by.\n|c|\u2606thebluewizzrobe|lol thanks\n|\n|t:|1698621695\n|-end|p2a: Great Tusk|Protosynthesis|[silent]\n|switch|p2a: Gholdengo|Gholdengo|100\/100\n|move|p1a: Shulk|Scale Shot|p2a: Gholdengo\n|-resisted|p2a: Gholdengo\n|-damage|p2a: Gholdengo|92\/100\n|-resisted|p2a: Gholdengo\n|-damage|p2a: Gholdengo|84\/100\n|-resisted|p2a: Gholdengo\n|-damage|p2a: Gholdengo|76\/100\n|-resisted|p2a: Gholdengo\n|-damage|p2a: Gholdengo|68\/100\n|-hitcount|p2a: Gholdengo|4\n|-unboost|p1a: Shulk|def|1\n|-boost|p1a: Shulk|spe|1\n|\n|upkeep\n|turn|18\n|\n|t:|1698621802\n|switch|p2a: Great Tusk|Great Tusk|100\/100\n|move|p1a: Shulk|Earthquake|p2a: Great Tusk\n|-damage|p2a: Great Tusk|80\/100\n|\n|upkeep\n|turn|19\n|\n|t:|1698621894\n|move|p1a: Shulk|Icicle Spear|p2a: Great Tusk\n|-supereffective|p2a: Great Tusk\n|-damage|p2a: Great Tusk|65\/100\n|-supereffective|p2a: Great Tusk\n|-damage|p2a: Great Tusk|49\/100\n|-supereffective|p2a: Great Tusk\n|-damage|p2a: Great Tusk|32\/100\n|-supereffective|p2a: Great Tusk\n|-damage|p2a: Great Tusk|16\/100\n|-supereffective|p2a: Great Tusk\n|-damage|p2a: Great Tusk|0 fnt\n|faint|p2a: Great Tusk\n|-end|p2a: Great Tusk|Protosynthesis|[silent]\n|-hitcount|p2: Great Tusk|5\n|\n|upkeep\n|\n|t:|1698621906\n|switch|p2a: Espeon|Espeon, M|100\/100\n|turn|20\n|\n|t:|1698621926\n|-terastallize|p2a: Espeon|Fairy\n|move|p1a: Shulk|Icicle Spear|p2a: Espeon\n|-damage|p2a: Espeon|74\/100\n|-damage|p2a: Espeon|48\/100\n|-damage|p2a: Espeon|19\/100\n|-damage|p2a: Espeon|0 fnt\n|faint|p2a: Espeon\n|-hitcount|p2: Espeon|4\n|\n|upkeep\n|\n|t:|1698621937\n|switch|p2a: Gholdengo|Gholdengo|68\/100\n|turn|21\n|\n|t:|1698621942\n|move|p1a: Shulk|Earthquake|p2a: Gholdengo\n|-supereffective|p2a: Gholdengo\n|-damage|p2a: Gholdengo|0 fnt\n|faint|p2a: Gholdengo\n|\n|upkeep\n|\n|t:|1698621947\n|switch|p2a: Not Guy|Meowscarada, M|3\/100\n|turn|22\n|\n|t:|1698621951\n|move|p1a: Shulk|Icicle Spear|p2a: Not Guy\n|-supereffective|p2a: Not Guy\n|-damage|p2a: Not Guy|0 fnt\n|faint|p2a: Not Guy\n|-hitcount|p2: Not Guy|1\n|\n|win|thebluewizzrobe\n|c|\u2606thebluewizzrobe|that was very close\n|c|\u2606thebluewizzrobe|gg\n","uploadtime":1698621961,"views":40,"p1id":"thebluewizzrobe","p2id":"empoleon77","formatid":"gen9ubers","rating":0,"private":0,"password":""}