{"id":"gen9ubers-1975355764","p1":"Impulse02","p2":"Turtleboys","format":"[Gen 9] Ubers","log":"|j|\u2606Impulse02\n|j|\u2606Turtleboys\n|t:|1698182749\n|gametype|singles\n|player|p1|Impulse02|101|\n|player|p2|Turtleboys|170|\n|teamsize|p1|6\n|teamsize|p2|6\n|gen|9\n|tier|[Gen 9] Ubers\n|rule|Sleep Clause Mod: Limit one foe put to sleep\n|rule|Species Clause: Limit one of each Pok\u00e9mon\n|rule|OHKO Clause: OHKO moves are banned\n|rule|Evasion Items Clause: Evasion items are banned\n|rule|Evasion Moves Clause: Evasion moves are banned\n|rule|Endless Battle Clause: Forcing endless battles is banned\n|rule|HP Percentage Mod: HP is shown in percentages\n|clearpoke\n|poke|p1|Chi-Yu|\n|poke|p1|Lilligant-Hisui, F|\n|poke|p1|Torkoal, F|\n|poke|p1|Hoopa-Unbound|\n|poke|p1|Golem, F|\n|poke|p1|Ursaluna-Bloodmoon, M|\n|poke|p2|Landorus-Therian, M|\n|poke|p2|Cinderace, M|\n|poke|p2|Glimmora, M|\n|poke|p2|Quaquaval, F|\n|poke|p2|Ribombee, M|\n|poke|p2|Heatran, F|\n|teampreview\n|\n|t:|1698182769\n|start\n|switch|p1a: Torkoal|Torkoal, F|100\/100\n|switch|p2a: vaccinejab|Glimmora, M|100\/100\n|-weather|SunnyDay|[from] ability: Drought|[of] p1a: Torkoal\n|turn|1\n|inactive|Battle timer is ON: inactive players will automatically lose when time's up. (requested by Impulse02)\n|\n|t:|1698182777\n|switch|p1a: Hoopa|Hoopa-Unbound|100\/100\n|move|p2a: vaccinejab|Toxic|p1a: Hoopa\n|-status|p1a: Hoopa|tox\n|\n|-weather|SunnyDay|[upkeep]\n|-damage|p1a: Hoopa|95\/100 tox|[from] psn\n|upkeep\n|turn|2\n|\n|t:|1698182785\n|switch|p2a: web slinger|Ribombee, M|100\/100\n|move|p1a: Hoopa|Trick Room|p1a: Hoopa\n|-fieldstart|move: Trick Room|[of] p1a: Hoopa\n|\n|-weather|SunnyDay|[upkeep]\n|-damage|p1a: Hoopa|83\/100 tox|[from] psn\n|upkeep\n|turn|3\n|\n|t:|1698182792\n|move|p1a: Hoopa|Psychic|p2a: web slinger\n|-damage|p2a: web slinger|15\/100\n|move|p2a: web slinger|U-turn|p1a: Hoopa\n|-supereffective|p1a: Hoopa\n|-damage|p1a: Hoopa|23\/100 tox\n|-enditem|p1a: Hoopa|Red Card|[of] p2a: web slinger\n|drag|p2a: I'm\/him|Landorus-Therian, M|100\/100\n|-ability|p2a: I'm\/him|Intimidate|boost\n|-unboost|p1a: Hoopa|atk|1\n|\n|-weather|SunnyDay|[upkeep]\n|-damage|p1a: Hoopa|5\/100 tox|[from] psn\n|upkeep\n|turn|4\n|\n|t:|1698182809\n|move|p1a: Hoopa|Ice Punch|p2a: I'm\/him\n|-supereffective|p2a: I'm\/him\n|-damage|p2a: I'm\/him|16\/100\n|-item|p1a: Hoopa|Leftovers|[from] ability: Magician|[of] p2a: I'm\/him\n|move|p2a: I'm\/him|Stealth Rock|p1a: Hoopa\n|-sidestart|p1: Impulse02|move: Stealth Rock\n|\n|-weather|SunnyDay|[upkeep]\n|-heal|p1a: Hoopa|11\/100 tox|[from] item: Leftovers\n|-damage|p1a: Hoopa|0 fnt|[from] psn\n|faint|p1a: Hoopa\n|upkeep\n|\n|t:|1698182824\n|switch|p1a: Ursaluna|Ursaluna-Bloodmoon, M|100\/100\n|-damage|p1a: Ursaluna|94\/100|[from] Stealth Rock\n|turn|5\n|\n|t:|1698182840\n|switch|p2a: vaccinejab|Glimmora, M|100\/100\n|move|p1a: Ursaluna|Calm Mind|p1a: Ursaluna\n|-boost|p1a: Ursaluna|spa|1\n|-boost|p1a: Ursaluna|spd|1\n|\n|-weather|SunnyDay|[upkeep]\n|upkeep\n|turn|6\n|\n|t:|1698182848\n|move|p1a: Ursaluna|Earth Power|p2a: vaccinejab\n|-supereffective|p2a: vaccinejab\n|-enditem|p2a: vaccinejab|Shuca Berry|[eat]\n|-enditem|p2a: vaccinejab|Shuca Berry|[weaken]\n|-damage|p2a: vaccinejab|0 fnt\n|faint|p2a: vaccinejab\n|-damage|p1a: Ursaluna|84\/100|[from] item: Life Orb\n|\n|-weather|SunnyDay|[upkeep]\n|-fieldend|move: Trick Room\n|upkeep\n|\n|t:|1698182866\n|switch|p2a: sasincarnate|Quaquaval, F|100\/100\n|turn|7\n|inactive|Impulse02 has 270 seconds left.\n|inactive|Turtleboys has 270 seconds left.\n|\n|t:|1698182916\n|move|p2a: sasincarnate|Aqua Step|p1a: Ursaluna\n|-supereffective|p1a: Ursaluna\n|-crit|p1a: Ursaluna\n|-damage|p1a: Ursaluna|28\/100\n|-boost|p2a: sasincarnate|spe|1\n|-damage|p2a: sasincarnate|91\/100|[from] item: Life Orb\n|move|p1a: Ursaluna|Blood Moon|p2a: sasincarnate\n|-damage|p2a: sasincarnate|0 fnt\n|faint|p2a: sasincarnate\n|-damage|p1a: Ursaluna|18\/100|[from] item: Life Orb\n|\n|-weather|SunnyDay|[upkeep]\n|upkeep\n|\n|t:|1698182924\n|switch|p2a: web slinger|Ribombee, M|15\/100\n|turn|8\n|\n|t:|1698182929\n|move|p2a: web slinger|Sticky Web|p1a: Ursaluna\n|-sidestart|p1: Impulse02|move: Sticky Web\n|move|p1a: Ursaluna|Moonlight|p1a: Ursaluna\n|-heal|p1a: Ursaluna|85\/100\n|\n|-weather|none\n|upkeep\n|turn|9\n|\n|t:|1698182933\n|move|p2a: web slinger|U-turn|p1a: Ursaluna\n|-damage|p1a: Ursaluna|76\/100\n|\n|t:|1698182935\n|switch|p2a: I'm\/him|Landorus-Therian, M|16\/100|[from] U-turn\n|-ability|p2a: I'm\/him|Intimidate|boost\n|-unboost|p1a: Ursaluna|atk|1\n|move|p1a: Ursaluna|Earth Power|p2a: I'm\/him\n|-immune|p2a: I'm\/him\n|\n|upkeep\n|turn|10\n|\n|t:|1698182943\n|move|p2a: I'm\/him|Earthquake|p1a: Ursaluna\n|-damage|p1a: Ursaluna|37\/100\n|move|p1a: Ursaluna|Blood Moon|p2a: I'm\/him\n|-damage|p2a: I'm\/him|0 fnt\n|faint|p2a: I'm\/him\n|-damage|p1a: Ursaluna|27\/100|[from] item: Life Orb\n|\n|upkeep\n|\n|t:|1698182947\n|switch|p2a: bait|Cinderace, M|100\/100\n|turn|11\n|\n|t:|1698182960\n|move|p2a: bait|Iron Head|p1a: Ursaluna\n|-start|p2a: bait|typechange|Steel|[from] ability: Libero\n|-crit|p1a: Ursaluna\n|-damage|p1a: Ursaluna|0 fnt\n|faint|p1a: Ursaluna\n|\n|upkeep\n|\n|t:|1698182976\n|switch|p1a: Torkoal|Torkoal, F|100\/100\n|-damage|p1a: Torkoal|76\/100|[from] Stealth Rock\n|-activate|p1a: Torkoal|move: Sticky Web\n|-unboost|p1a: Torkoal|spe|1\n|-weather|SunnyDay|[from] ability: Drought|[of] p1a: Torkoal\n|turn|12\n|\n|t:|1698182980\n|switch|p2a: web slinger|Ribombee, M|15\/100\n|move|p1a: Torkoal|Rapid Spin|p2a: web slinger\n|-damage|p2a: web slinger|0 fnt\n|-boost|p1a: Torkoal|spe|1\n|-sideend|p1: Impulse02|Stealth Rock|[from] move: Rapid Spin|[of] p1a: Torkoal\n|-sideend|p1: Impulse02|Sticky Web|[from] move: Rapid Spin|[of] p1a: Torkoal\n|faint|p2a: web slinger\n|\n|-weather|SunnyDay|[upkeep]\n|upkeep\n|\n|t:|1698182985\n|switch|p2a: king toad|Heatran, F|100\/100\n|-item|p2a: king toad|Air Balloon\n|turn|13\n|\n|t:|1698182990\n|move|p2a: king toad|Earth Power|p1a: Torkoal\n|-supereffective|p1a: Torkoal\n|-damage|p1a: Torkoal|1\/100\n|-unboost|p1a: Torkoal|spd|1\n|move|p1a: Torkoal|Yawn|p2a: king toad\n|-start|p2a: king toad|move: Yawn|[of] p1a: Torkoal\n|\n|-weather|SunnyDay|[upkeep]\n|upkeep\n|turn|14\n|\n|t:|1698183007\n|switch|p2a: bait|Cinderace, M|100\/100\n|move|p1a: Torkoal|Rapid Spin|p2a: bait\n|-damage|p2a: bait|86\/100\n|-boost|p1a: Torkoal|spe|1\n|\n|-weather|SunnyDay|[upkeep]\n|upkeep\n|turn|15\n|\n|t:|1698183014\n|move|p2a: bait|Pyro Ball|p1a: Torkoal\n|-resisted|p1a: Torkoal\n|-damage|p1a: Torkoal|0 fnt\n|faint|p1a: Torkoal\n|\n|-weather|SunnyDay|[upkeep]\n|upkeep\n|\n|t:|1698183020\n|switch|p1a: Lilligant|Lilligant-Hisui, F, shiny|100\/100\n|turn|16\n|\n|t:|1698183026\n|move|p1a: Lilligant|Close Combat|p2a: bait\n|-damage|p2a: bait|0 fnt\n|-unboost|p1a: Lilligant|def|1\n|-unboost|p1a: Lilligant|spd|1\n|faint|p2a: bait\n|-damage|p1a: Lilligant|91\/100|[from] item: Life Orb\n|\n|-weather|SunnyDay|[upkeep]\n|upkeep\n|\n|t:|1698183029\n|switch|p2a: king toad|Heatran, F|100\/100\n|-item|p2a: king toad|Air Balloon\n|turn|17\n|\n|t:|1698183034\n|move|p2a: king toad|Protect|p2a: king toad\n|-singleturn|p2a: king toad|Protect\n|move|p1a: Lilligant|Close Combat|p2a: king toad\n|-activate|p2a: king toad|move: Protect\n|\n|-weather|SunnyDay|[upkeep]\n|upkeep\n|turn|18\n|\n|t:|1698183039\n|move|p1a: Lilligant|Close Combat|p2a: king toad\n|-supereffective|p2a: king toad\n|-damage|p2a: king toad|0 fnt\n|-unboost|p1a: Lilligant|def|1\n|-unboost|p1a: Lilligant|spd|1\n|-enditem|p2a: king toad|Air Balloon\n|faint|p2a: king toad\n|-damage|p1a: Lilligant|81\/100|[from] item: Life Orb\n|\n|win|Impulse02\n|l|\u2606Turtleboys\n","uploadtime":1698183050,"views":10,"p1id":"impulse02","p2id":"turtleboys","formatid":"gen9ubers","rating":0,"private":0,"password":""}