{"id":"gen9ubers-1978382536","p1":"Finchely","p2":"1P1o1s1h1e1","format":"[Gen 9] Ubers","log":"|j|\u2606Finchely\n|j|\u26061P1o1s1h1e1\n|t:|1698531874\n|gametype|singles\n|player|p1|Finchely|acetrainerf|\n|player|p2|1P1o1s1h1e1|2|\n|teamsize|p1|6\n|teamsize|p2|6\n|gen|9\n|tier|[Gen 9] Ubers\n|rule|Sleep Clause Mod: Limit one foe put to sleep\n|rule|Species Clause: Limit one of each Pok\u00e9mon\n|rule|OHKO Clause: OHKO moves are banned\n|rule|Evasion Items Clause: Evasion items are banned\n|rule|Evasion Moves Clause: Evasion moves are banned\n|rule|Endless Battle Clause: Forcing endless battles is banned\n|rule|HP Percentage Mod: HP is shown in percentages\n|clearpoke\n|poke|p1|Cyclizar, M|\n|poke|p1|Volcarona, F|\n|poke|p1|Roaring Moon|\n|poke|p1|Arceus-Poison|\n|poke|p1|Clefable, F|\n|poke|p1|Giratina|\n|poke|p2|Palkia-Origin|\n|poke|p2|Meowscarada, F|\n|poke|p2|Dugtrio, M|\n|poke|p2|Zacian-*|\n|poke|p2|Volcarona, F|\n|poke|p2|Arceus-Fighting|\n|teampreview\n|\n|t:|1698531898\n|start\n|switch|p1a: Arceus|Arceus-Poison|100\/100\n|switch|p2a: Meowscarada|Meowscarada, F|100\/100\n|turn|1\n|\n|t:|1698531913\n|move|p2a: Meowscarada|Taunt|p1a: Arceus\n|-start|p1a: Arceus|move: Taunt\n|cant|p1a: Arceus|move: Taunt|Taunt\n|\n|upkeep\n|turn|2\n|\n|t:|1698531919\n|move|p2a: Meowscarada|Toxic Spikes|p1a: Arceus\n|-sidestart|p1: Finchely|move: Toxic Spikes\n|move|p1a: Arceus|Judgment|p2a: Meowscarada\n|-supereffective|p2a: Meowscarada\n|-enditem|p2a: Meowscarada|Focus Sash\n|-damage|p2a: Meowscarada|1\/100\n|\n|upkeep\n|turn|3\n|\n|t:|1698531928\n|switch|p1a: Cyclizar|Cyclizar, M|100\/100\n|move|p2a: Meowscarada|Toxic Spikes|p1a: Cyclizar\n|-sidestart|p1: Finchely|move: Toxic Spikes\n|\n|upkeep\n|turn|4\n|\n|t:|1698531934\n|move|p2a: Meowscarada|Knock Off|p1a: Cyclizar\n|-damage|p1a: Cyclizar|47\/100\n|-enditem|p1a: Cyclizar|Heavy-Duty Boots|[from] move: Knock Off|[of] p2a: Meowscarada\n|move|p1a: Cyclizar|Rapid Spin|p2a: Meowscarada\n|-damage|p2a: Meowscarada|0 fnt\n|-boost|p1a: Cyclizar|spe|1\n|-sideend|p1: Finchely|Toxic Spikes|[from] move: Rapid Spin|[of] p1a: Cyclizar\n|faint|p2a: Meowscarada\n|\n|upkeep\n|j| incredibleking\n|\n|t:|1698531941\n|switch|p2a: Dugtrio|Dugtrio, M|100\/100\n|turn|5\n|\n|t:|1698531947\n|move|p1a: Cyclizar|Knock Off|p2a: Dugtrio\n|-damage|p2a: Dugtrio|38\/100\n|-enditem|p2a: Dugtrio|Lum Berry|[from] move: Knock Off|[of] p1a: Cyclizar\n|move|p2a: Dugtrio|Earthquake|p1a: Cyclizar\n|-damage|p1a: Cyclizar|0 fnt\n|faint|p1a: Cyclizar\n|\n|upkeep\n|\n|t:|1698531965\n|switch|p1a: Roaring Moon|Roaring Moon|100\/100\n|-enditem|p1a: Roaring Moon|Booster Energy\n|-activate|p1a: Roaring Moon|ability: Protosynthesis|[fromitem]\n|-start|p1a: Roaring Moon|protosynthesisatk\n|turn|6\n|\n|t:|1698531973\n|move|p2a: Dugtrio|Earthquake|p1a: Roaring Moon\n|-damage|p1a: Roaring Moon|44\/100\n|move|p1a: Roaring Moon|Dragon Dance|p1a: Roaring Moon\n|-boost|p1a: Roaring Moon|atk|1\n|-boost|p1a: Roaring Moon|spe|1\n|\n|upkeep\n|turn|7\n|\n|t:|1698531982\n|move|p1a: Roaring Moon|Earthquake|p2a: Dugtrio\n|-damage|p2a: Dugtrio|0 fnt\n|faint|p2a: Dugtrio\n|\n|upkeep\n|\n|t:|1698531991\n|switch|p2a: Arceus|Arceus-Fighting|100\/100\n|turn|8\n|\n|t:|1698532031\n|-terastallize|p1a: Roaring Moon|Fairy\n|-terastallize|p2a: Arceus|Dark\n|move|p1a: Roaring Moon|Earthquake|p2a: Arceus\n|-damage|p2a: Arceus|46\/100\n|move|p2a: Arceus|Cosmic Power|p2a: Arceus\n|-boost|p2a: Arceus|def|1\n|-boost|p2a: Arceus|spd|1\n|\n|upkeep\n|turn|9\n|\n|t:|1698532040\n|move|p1a: Roaring Moon|Earthquake|p2a: Arceus\n|-damage|p2a: Arceus|13\/100\n|move|p2a: Arceus|Recover|p2a: Arceus\n|-heal|p2a: Arceus|63\/100\n|\n|upkeep\n|turn|10\n|\n|t:|1698532048\n|move|p1a: Roaring Moon|Taunt|p2a: Arceus\n|-start|p2a: Arceus|move: Taunt\n|cant|p2a: Arceus|move: Taunt|Recover\n|\n|upkeep\n|turn|11\n|\n|t:|1698532055\n|move|p1a: Roaring Moon|Earthquake|p2a: Arceus\n|-damage|p2a: Arceus|30\/100\n|move|p2a: Arceus|Body Press|p1a: Roaring Moon\n|-resisted|p1a: Roaring Moon\n|-damage|p1a: Roaring Moon|9\/100\n|\n|upkeep\n|turn|12\n|\n|t:|1698532068\n|switch|p2a: Volcarona|Volcarona, F|100\/100\n|move|p1a: Roaring Moon|Earthquake|p2a: Volcarona\n|-damage|p2a: Volcarona|32\/100\n|\n|upkeep\n|turn|13\n|\n|t:|1698532074\n|move|p1a: Roaring Moon|Earthquake|p2a: Volcarona\n|-crit|p2a: Volcarona\n|-damage|p2a: Volcarona|0 fnt\n|faint|p2a: Volcarona\n|\n|upkeep\n|\n|t:|1698532075\n|switch|p2a: Palkia|Palkia-Origin|100\/100\n|-ability|p2a: Palkia|Pressure\n|turn|14\n|\n|t:|1698532091\n|move|p1a: Roaring Moon|Earthquake|p2a: Palkia\n|-damage|p2a: Palkia|5\/100\n|move|p2a: Palkia|Earth Power|p1a: Roaring Moon\n|-damage|p1a: Roaring Moon|0 fnt\n|faint|p1a: Roaring Moon\n|-end|p1a: Roaring Moon|Protosynthesis|[silent]\n|\n|upkeep\n|\n|t:|1698532109\n|switch|p1a: Clefable|Clefable, F|100\/100\n|turn|15\n|\n|t:|1698532118\n|move|p2a: Palkia|Hydro Pump|p1a: Clefable\n|-damage|p1a: Clefable|30\/100\n|move|p1a: Clefable|Calm Mind|p1a: Clefable\n|-boost|p1a: Clefable|spa|1\n|-boost|p1a: Clefable|spd|1\n|\n|-heal|p1a: Clefable|36\/100|[from] item: Leftovers\n|upkeep\n|turn|16\n|\n|t:|1698532122\n|move|p1a: Clefable|Protect|p1a: Clefable\n|-singleturn|p1a: Clefable|Protect\n|move|p2a: Palkia|Hydro Pump|p1a: Clefable\n|-activate|p1a: Clefable|move: Protect\n|\n|-heal|p1a: Clefable|42\/100|[from] item: Leftovers\n|upkeep\n|turn|17\n|\n|t:|1698532143\n|move|p2a: Palkia|Hydro Pump|p1a: Clefable\n|-damage|p1a: Clefable|0 fnt\n|faint|p1a: Clefable\n|\n|upkeep\n|\n|t:|1698532153\n|switch|p1a: Arceus|Arceus-Poison|100\/100\n|turn|18\n|\n|t:|1698532182\n|move|p1a: Arceus|Judgment|p2a: Palkia\n|-damage|p2a: Palkia|0 fnt\n|faint|p2a: Palkia\n|\n|upkeep\n|\n|t:|1698532192\n|switch|p2a: Zacian|Zacian|100\/100\n|-ability|p2a: Zacian|Intrepid Sword|boost\n|-boost|p2a: Zacian|atk|1\n|turn|19\n|\n|t:|1698532208\n|move|p2a: Zacian|Swords Dance|p2a: Zacian\n|-boost|p2a: Zacian|atk|2\n|move|p1a: Arceus|Judgment|p2a: Zacian\n|-supereffective|p2a: Zacian\n|-crit|p2a: Zacian\n|-damage|p2a: Zacian|0 fnt\n|faint|p2a: Zacian\n|\n|upkeep\n|-message|1P1o1s1h1e1 forfeited.\n|\n|win|Finchely\n|l|\u26061P1o1s1h1e1\n","uploadtime":1698532226,"views":9,"p1id":"finchely","p2id":"1p1o1s1h1e1","formatid":"gen9ubers","rating":0,"private":0,"password":""}