{"id":"gen9ubers-1970896599","p1":"Kabunger","p2":"Albaz Brand","format":"[Gen 9] Ubers","log":"|j|\u2606Kabunger\n|j|\u2606Albaz Brand\n|t:|1697678398\n|gametype|singles\n|player|p1|Kabunger|hilda-wonderlauncher|\n|player|p2|Albaz Brand|bellelba|\n|teamsize|p1|6\n|teamsize|p2|6\n|gen|9\n|tier|[Gen 9] Ubers\n|rule|Sleep Clause Mod: Limit one foe put to sleep\n|rule|Species Clause: Limit one of each Pok\u00e9mon\n|rule|OHKO Clause: OHKO moves are banned\n|rule|Evasion Items Clause: Evasion items are banned\n|rule|Evasion Moves Clause: Evasion moves are banned\n|rule|Endless Battle Clause: Forcing endless battles is banned\n|rule|HP Percentage Mod: HP is shown in percentages\n|clearpoke\n|poke|p1|Palafin, M|\n|poke|p1|Scream Tail|\n|poke|p1|Cyclizar, M|\n|poke|p1|Dialga|\n|poke|p1|Weezing-Galar, F|\n|poke|p1|Volcarona, F|\n|poke|p2|Spectrier|\n|poke|p2|Zacian-*|\n|poke|p2|Palkia-Origin|\n|poke|p2|Roaring Moon|\n|poke|p2|Iron Moth|\n|poke|p2|Palafin, F|\n|teampreview\n|j| UUbers account\n|j| DragonSlayed712\n|l| DragonSlayed712\n|inactive|Battle timer is ON: inactive players will automatically lose when time's up. (requested by Kabunger)\n|\n|t:|1697678457\n|start\n|switch|p1a: Dialga|Dialga|100\/100\n|switch|p2a: Zacian|Zacian|100\/100\n|-ability|p2a: Zacian|Intrepid Sword|boost\n|-boost|p2a: Zacian|atk|1\n|-ability|p1a: Dialga|Pressure\n|turn|1\n|\n|t:|1697678464\n|switch|p1a: Weezing|Weezing-Galar, F|100\/100\n|move|p2a: Zacian|Close Combat|p1a: Weezing\n|-resisted|p1a: Weezing\n|-damage|p1a: Weezing|86\/100\n|-unboost|p2a: Zacian|def|1\n|-unboost|p2a: Zacian|spd|1\n|-damage|p2a: Zacian|91\/100|[from] item: Life Orb\n|\n|-heal|p1a: Weezing|92\/100|[from] item: Leftovers\n|upkeep\n|turn|2\n|\n|t:|1697678474\n|-terastallize|p2a: Zacian|Steel\n|move|p2a: Zacian|Swords Dance|p2a: Zacian\n|-boost|p2a: Zacian|atk|2\n|move|p1a: Weezing|Strange Steam|p2a: Zacian\n|-resisted|p2a: Zacian\n|-damage|p2a: Zacian|73\/100\n|\n|-heal|p1a: Weezing|98\/100|[from] item: Leftovers\n|upkeep\n|turn|3\n|\n|t:|1697678482\n|move|p2a: Zacian|Iron Head|p1a: Weezing\n|-supereffective|p1a: Weezing\n|-damage|p1a: Weezing|0 fnt\n|faint|p1a: Weezing\n|-damage|p2a: Zacian|63\/100|[from] item: Life Orb\n|\n|upkeep\n|\n|t:|1697678487\n|switch|p1a: Volcarona|Volcarona, F|100\/100\n|turn|4\n|\n|t:|1697678491\n|move|p2a: Zacian|Iron Head|p1a: Volcarona\n|-resisted|p1a: Volcarona\n|-damage|p1a: Volcarona|40\/100\n|-damage|p2a: Zacian|53\/100|[from] item: Life Orb\n|cant|p1a: Volcarona|flinch\n|\n|upkeep\n|turn|5\n|\n|t:|1697678508\n|move|p2a: Zacian|Iron Head|p1a: Volcarona\n|-resisted|p1a: Volcarona\n|-damage|p1a: Volcarona|0 fnt\n|faint|p1a: Volcarona\n|-damage|p2a: Zacian|43\/100|[from] item: Life Orb\n|\n|upkeep\n|\n|t:|1697678512\n|switch|p1a: Palafin|Palafin, M|100\/100\n|turn|6\n|\n|t:|1697678540\n|-terastallize|p1a: Palafin|Water\n|move|p1a: Palafin|Jet Punch|p2a: Zacian\n|-damage|p2a: Zacian|0 fnt\n|faint|p2a: Zacian\n|\n|upkeep\n|\n|t:|1697678547\n|switch|p2a: Palkia|Palkia-Origin|100\/100\n|-ability|p2a: Palkia|Pressure\n|turn|7\n|\n|t:|1697678550\n|detailschange|p1a: Palafin|Palafin-Hero, M, tera:Water\n|switch|p1a: Scream Tail|Scream Tail|100\/100\n|move|p2a: Palkia|Thunderbolt|p1a: Scream Tail\n|-damage|p1a: Scream Tail|79\/100\n|\n|-heal|p1a: Scream Tail|85\/100|[from] item: Leftovers\n|upkeep\n|turn|8\n|\n|t:|1697678557\n|move|p2a: Palkia|Hydro Pump|p1a: Scream Tail\n|-damage|p1a: Scream Tail|43\/100\n|move|p1a: Scream Tail|Thunder Wave|p2a: Palkia\n|-status|p2a: Palkia|par\n|\n|-heal|p1a: Scream Tail|50\/100|[from] item: Leftovers\n|upkeep\n|turn|9\n|\n|t:|1697678563\n|move|p1a: Scream Tail|Wish|p1a: Scream Tail\n|move|p2a: Palkia|Hydro Pump|p1a: Scream Tail|[miss]\n|-miss|p2a: Palkia|p1a: Scream Tail\n|\n|-heal|p1a: Scream Tail|56\/100|[from] item: Leftovers\n|upkeep\n|turn|10\n|\n|t:|1697678568\n|switch|p2a: Palafin|Palafin, F|100\/100\n|move|p1a: Scream Tail|Dazzling Gleam|p2a: Palafin\n|-damage|p2a: Palafin|72\/100\n|\n|-heal|p1a: Scream Tail|100\/100|[from] move: Wish|[wisher] Scream Tail\n|upkeep\n|turn|11\n|\n|t:|1697678573\n|detailschange|p2a: Palafin|Palafin-Hero, F\n|switch|p2a: Spectrier|Spectrier|100\/100\n|move|p1a: Scream Tail|Thunder Wave|p2a: Spectrier\n|-status|p2a: Spectrier|par\n|\n|upkeep\n|turn|12\n|\n|t:|1697678580\n|-end|p1a: Scream Tail|Protosynthesis|[silent]\n|switch|p1a: Cyclizar|Cyclizar, M|100\/100\n|move|p2a: Spectrier|Nasty Plot|p2a: Spectrier\n|-boost|p2a: Spectrier|spa|2\n|\n|upkeep\n|turn|13\n|\n|t:|1697678583\n|move|p1a: Cyclizar|Knock Off|p2a: Spectrier\n|-supereffective|p2a: Spectrier\n|-damage|p2a: Spectrier|36\/100 par\n|-enditem|p2a: Spectrier|Leftovers|[from] move: Knock Off|[of] p1a: Cyclizar\n|move|p2a: Spectrier|Draining Kiss|p1a: Cyclizar\n|-supereffective|p1a: Cyclizar\n|-damage|p1a: Cyclizar|0 fnt\n|-heal|p2a: Spectrier|100\/100 par|[from] drain|[of] p1a: Cyclizar\n|faint|p1a: Cyclizar\n|-ability|p2a: Spectrier|Grim Neigh|boost\n|-boost|p2a: Spectrier|spa|1\n|\n|upkeep\n|\n|t:|1697678591\n|switch|p1a: Palafin|Palafin-Hero, M, tera:Water|100\/100\n|-activate|p1a: Palafin|ability: Zero to Hero\n|turn|14\n|\n|t:|1697678601\n|move|p1a: Palafin|Wave Crash|p2a: Spectrier\n|-damage|p2a: Spectrier|0 fnt\n|faint|p2a: Spectrier\n|-damage|p1a: Palafin|71\/100|[from] Recoil\n|\n|upkeep\n|\n|t:|1697678606\n|switch|p2a: Palkia|Palkia-Origin|100\/100 par\n|-ability|p2a: Palkia|Pressure\n|turn|15\n|\n|t:|1697678612\n|switch|p1a: Scream Tail|Scream Tail|100\/100\n|move|p2a: Palkia|Thunderbolt|p1a: Scream Tail\n|-damage|p1a: Scream Tail|80\/100\n|\n|-heal|p1a: Scream Tail|87\/100|[from] item: Leftovers\n|upkeep\n|turn|16\n|\n|t:|1697678616\n|move|p1a: Scream Tail|Wish|p1a: Scream Tail\n|cant|p2a: Palkia|par\n|\n|-heal|p1a: Scream Tail|93\/100|[from] item: Leftovers\n|upkeep\n|turn|17\n|\n|t:|1697678620\n|move|p1a: Scream Tail|Dazzling Gleam|p2a: Palkia\n|-supereffective|p2a: Palkia\n|-damage|p2a: Palkia|63\/100 par\n|move|p2a: Palkia|Earth Power|p1a: Scream Tail\n|-damage|p1a: Scream Tail|74\/100\n|\n|-heal|p1a: Scream Tail|100\/100|[from] move: Wish|[wisher] Scream Tail\n|upkeep\n|turn|18\n|\n|t:|1697678626\n|move|p1a: Scream Tail|Dazzling Gleam|p2a: Palkia\n|-supereffective|p2a: Palkia\n|-damage|p2a: Palkia|29\/100 par\n|move|p2a: Palkia|Hydro Pump|p1a: Scream Tail\n|-damage|p1a: Scream Tail|58\/100\n|\n|-heal|p1a: Scream Tail|64\/100|[from] item: Leftovers\n|upkeep\n|turn|19\n|\n|t:|1697678632\n|move|p1a: Scream Tail|Dazzling Gleam|p2a: Palkia\n|-supereffective|p2a: Palkia\n|-damage|p2a: Palkia|0 fnt\n|faint|p2a: Palkia\n|\n|-heal|p1a: Scream Tail|70\/100|[from] item: Leftovers\n|upkeep\n|\n|t:|1697678636\n|switch|p2a: Iron Moth|Iron Moth|100\/100\n|-enditem|p2a: Iron Moth|Booster Energy\n|-activate|p2a: Iron Moth|ability: Quark Drive|[fromitem]\n|-start|p2a: Iron Moth|quarkdrivespe\n|turn|20\n|\n|t:|1697678652\n|-end|p1a: Scream Tail|Protosynthesis|[silent]\n|switch|p1a: Dialga|Dialga|100\/100\n|-ability|p1a: Dialga|Pressure\n|move|p2a: Iron Moth|Sludge Wave|p1a: Dialga\n|-immune|p1a: Dialga\n|\n|upkeep\n|turn|21\n|\n|t:|1697678656\n|move|p2a: Iron Moth|Fiery Dance|p1a: Dialga\n|-damage|p1a: Dialga|69\/100\n|move|p1a: Dialga|Stealth Rock|p2a: Iron Moth\n|-sidestart|p2: Albaz Brand|move: Stealth Rock\n|\n|upkeep\n|turn|22\n|\n|t:|1697678660\n|move|p2a: Iron Moth|Fiery Dance|p1a: Dialga\n|-damage|p1a: Dialga|35\/100\n|-boost|p2a: Iron Moth|spa|1\n|move|p1a: Dialga|Roar|p2a: Iron Moth\n|-end|p2a: Iron Moth|Quark Drive|[silent]\n|drag|p2a: Palafin|Palafin-Hero, F|72\/100\n|-damage|p2a: Palafin|60\/100|[from] Stealth Rock\n|-activate|p2a: Palafin|ability: Zero to Hero\n|\n|upkeep\n|turn|23\n|\n|t:|1697678672\n|move|p2a: Palafin|Wave Crash|p1a: Dialga\n|-resisted|p1a: Dialga\n|-damage|p1a: Dialga|0 fnt\n|faint|p1a: Dialga\n|-damage|p2a: Palafin|47\/100|[from] Recoil\n|\n|upkeep\n|\n|t:|1697678675\n|switch|p1a: Palafin|Palafin-Hero, M, tera:Water|71\/100\n|turn|24\n|\n|t:|1697678679\n|move|p2a: Palafin|Wave Crash|p1a: Palafin\n|-resisted|p1a: Palafin\n|-damage|p1a: Palafin|21\/100\n|-damage|p2a: Palafin|29\/100|[from] Recoil\n|move|p1a: Palafin|Wave Crash|p2a: Palafin\n|-resisted|p2a: Palafin\n|-damage|p2a: Palafin|0 fnt\n|faint|p2a: Palafin\n|-damage|p1a: Palafin|13\/100|[from] Recoil\n|\n|upkeep\n|\n|t:|1697678684\n|switch|p2a: Roaring Moon|Roaring Moon|100\/100\n|-damage|p2a: Roaring Moon|88\/100|[from] Stealth Rock\n|-enditem|p2a: Roaring Moon|Booster Energy\n|-activate|p2a: Roaring Moon|ability: Protosynthesis|[fromitem]\n|-start|p2a: Roaring Moon|protosynthesisspe\n|turn|25\n|\n|t:|1697678687\n|switch|p1a: Scream Tail|Scream Tail|70\/100\n|move|p2a: Roaring Moon|Iron Head|p1a: Scream Tail\n|-supereffective|p1a: Scream Tail\n|-damage|p1a: Scream Tail|30\/100\n|\n|-heal|p1a: Scream Tail|36\/100|[from] item: Leftovers\n|upkeep\n|turn|26\n|\n|t:|1697678693\n|move|p1a: Scream Tail|Protect|p1a: Scream Tail\n|-singleturn|p1a: Scream Tail|Protect\n|move|p2a: Roaring Moon|Iron Head|p1a: Scream Tail\n|-activate|p1a: Scream Tail|move: Protect\n|\n|-heal|p1a: Scream Tail|43\/100|[from] item: Leftovers\n|upkeep\n|turn|27\n|\n|t:|1697678696\n|move|p2a: Roaring Moon|Iron Head|p1a: Scream Tail\n|-supereffective|p1a: Scream Tail\n|-damage|p1a: Scream Tail|0 fnt\n|faint|p1a: Scream Tail\n|-end|p1a: Scream Tail|Protosynthesis|[silent]\n|\n|upkeep\n|\n|t:|1697678700\n|switch|p1a: Palafin|Palafin-Hero, M, tera:Water|13\/100\n|turn|28\n|\n|t:|1697678703\n|move|p1a: Palafin|Jet Punch|p2a: Roaring Moon\n|-resisted|p2a: Roaring Moon\n|-damage|p2a: Roaring Moon|53\/100\n|move|p2a: Roaring Moon|Knock Off|p1a: Palafin\n|-damage|p1a: Palafin|0 fnt\n|-enditem|p1a: Palafin|Mystic Water|[from] move: Knock Off|[of] p2a: Roaring Moon\n|faint|p1a: Palafin\n|\n|win|Albaz Brand\n|l|\u2606Kabunger\n|l|\u2606Albaz Brand\n","uploadtime":1697678963,"views":26,"p1id":"kabunger","p2id":"albazbrand","formatid":"gen9ubers","rating":0,"private":0,"password":""}