{"id":"gen9ubers-1968648871","p1":"Francesco90","p2":"gtttttggggggg","format":"[Gen 9] Ubers","log":"|j|\u2606Francesco90\n|j|\u2606gtttttggggggg\n|t:|1697447965\n|gametype|singles\n|player|p1|Francesco90|1|1074\n|player|p2|gtttttggggggg|170|1076\n|teamsize|p1|6\n|teamsize|p2|6\n|gen|9\n|tier|[Gen 9] Ubers\n|rated|\n|rule|Sleep Clause Mod: Limit one foe put to sleep\n|rule|Species Clause: Limit one of each Pok\u00e9mon\n|rule|OHKO Clause: OHKO moves are banned\n|rule|Evasion Items Clause: Evasion items are banned\n|rule|Evasion Moves Clause: Evasion moves are banned\n|rule|Endless Battle Clause: Forcing endless battles is banned\n|rule|HP Percentage Mod: HP is shown in percentages\n|clearpoke\n|poke|p1|Sableye, F|\n|poke|p1|Baxcalibur, M|\n|poke|p1|Ariados, F|\n|poke|p1|Regieleki|\n|poke|p1|Chansey, F|\n|poke|p1|Ditto|\n|poke|p2|Rayquaza|\n|poke|p2|Eternatus|\n|poke|p2|Arceus|\n|poke|p2|Zacian-*|\n|poke|p2|Zamazenta-*|\n|poke|p2|Miraidon|\n|teampreview\n|inactive|Battle timer is ON: inactive players will automatically lose when time's up. (requested by gtttttggggggg)\n|\n|t:|1697447977\n|start\n|switch|p1a: Ariados|Ariados, F, shiny|100\/100\n|switch|p2a: Rayquaza|Rayquaza, shiny|100\/100\n|-ability|p2a: Rayquaza|Air Lock\n|turn|1\n|\n|t:|1697447986\n|move|p2a: Rayquaza|Dragon Ascent|p1a: Ariados\n|-supereffective|p1a: Ariados\n|-enditem|p1a: Ariados|Focus Sash\n|-damage|p1a: Ariados|1\/100\n|-unboost|p2a: Rayquaza|def|1\n|-unboost|p2a: Rayquaza|spd|1\n|move|p1a: Ariados|Sticky Web|p2a: Rayquaza\n|-sidestart|p2: gtttttggggggg|move: Sticky Web\n|\n|upkeep\n|turn|2\n|\n|t:|1697447994\n|move|p2a: Rayquaza|Extreme Speed|p1a: Ariados\n|-damage|p1a: Ariados|0 fnt\n|faint|p1a: Ariados\n|\n|upkeep\n|\n|t:|1697448001\n|switch|p1a: Sableye|Sableye, F, shiny|100\/100\n|turn|3\n|\n|t:|1697448007\n|move|p1a: Sableye|Fake Out|p2a: Rayquaza\n|-damage|p2a: Rayquaza|89\/100\n|cant|p2a: Rayquaza|flinch\n|\n|upkeep\n|turn|4\n|\n|t:|1697448011\n|move|p1a: Sableye|Reflect|p1a: Sableye\n|-sidestart|p1: Francesco90|Reflect\n|move|p2a: Rayquaza|Dragon Ascent|p1a: Sableye\n|-damage|p1a: Sableye|51\/100\n|-unboost|p2a: Rayquaza|def|1\n|-unboost|p2a: Rayquaza|spd|1\n|\n|upkeep\n|turn|5\n|\n|t:|1697448019\n|move|p2a: Rayquaza|Earthquake|p1a: Sableye\n|-damage|p1a: Sableye|23\/100\n|move|p1a: Sableye|Poltergeist|p2a: Rayquaza\n|-activate|p2a: Rayquaza|move: Poltergeist|Heavy-Duty Boots\n|-damage|p2a: Rayquaza|23\/100\n|\n|upkeep\n|turn|6\n|\n|t:|1697448029\n|move|p1a: Sableye|Light Screen|p1a: Sableye\n|-sidestart|p1: Francesco90|move: Light Screen\n|move|p2a: Rayquaza|Earthquake|p1a: Sableye\n|-damage|p1a: Sableye|0 fnt\n|faint|p1a: Sableye\n|\n|upkeep\n|\n|t:|1697448036\n|switch|p1a: Regieleki|Regieleki, shiny|100\/100\n|turn|7\n|\n|t:|1697448041\n|move|p1a: Regieleki|Electro Ball|p2a: Rayquaza\n|-damage|p2a: Rayquaza|0 fnt\n|faint|p2a: Rayquaza\n|\n|upkeep\n|\n|t:|1697448053\n|switch|p2a: Eternatus|Eternatus, shiny|100\/100\n|-ability|p2a: Eternatus|Pressure\n|turn|8\n|\n|t:|1697448062\n|move|p1a: Regieleki|Volt Switch|p2a: Eternatus\n|-resisted|p2a: Eternatus\n|-damage|p2a: Eternatus|86\/100\n|\n|t:|1697448070\n|switch|p1a: Chansey|Chansey, F|100\/100|[from] Volt Switch\n|move|p2a: Eternatus|Dynamax Cannon|p1a: Chansey\n|-damage|p1a: Chansey|95\/100\n|\n|upkeep\n|turn|9\n|\n|t:|1697448081\n|move|p2a: Eternatus|Sludge Bomb|p1a: Chansey\n|-damage|p1a: Chansey|89\/100\n|move|p1a: Chansey|Seismic Toss|p2a: Eternatus\n|-damage|p2a: Eternatus|62\/100\n|\n|upkeep\n|turn|10\n|\n|t:|1697448091\n|move|p2a: Eternatus|Flamethrower|p1a: Chansey\n|-damage|p1a: Chansey|86\/100\n|move|p1a: Chansey|Seismic Toss|p2a: Eternatus\n|-damage|p2a: Eternatus|39\/100\n|\n|upkeep\n|turn|11\n|\n|t:|1697448097\n|move|p2a: Eternatus|Fly||[still]\n|-prepare|p2a: Eternatus|Fly\n|move|p1a: Chansey|Seismic Toss|p2a: Eternatus|[miss]\n|-miss|p1a: Chansey|p2a: Eternatus\n|\n|-sideend|p1: Francesco90|Reflect\n|upkeep\n|turn|12\n|\n|t:|1697448104\n|move|p2a: Eternatus|Fly|p1a: Chansey|[from]lockedmove\n|-damage|p1a: Chansey|64\/100\n|move|p1a: Chansey|Seismic Toss|p2a: Eternatus\n|-damage|p2a: Eternatus|15\/100\n|\n|upkeep\n|turn|13\n|\n|t:|1697448111\n|move|p2a: Eternatus|Fly||[still]\n|-prepare|p2a: Eternatus|Fly\n|move|p1a: Chansey|Seismic Toss|p2a: Eternatus|[miss]\n|-miss|p1a: Chansey|p2a: Eternatus\n|\n|-sideend|p1: Francesco90|move: Light Screen\n|upkeep\n|turn|14\n|\n|t:|1697448116\n|move|p2a: Eternatus|Fly|p1a: Chansey|[from]lockedmove\n|-damage|p1a: Chansey|39\/100\n|move|p1a: Chansey|Seismic Toss|p2a: Eternatus\n|-damage|p2a: Eternatus|0 fnt\n|faint|p2a: Eternatus\n|\n|upkeep\n|\n|t:|1697448123\n|switch|p2a: Arceus|Arceus, shiny|100\/100\n|turn|15\n|\n|t:|1697448137\n|move|p2a: Arceus|Flare Blitz|p1a: Chansey\n|-damage|p1a: Chansey|8\/100\n|-damage|p2a: Arceus|82\/100|[from] Recoil\n|move|p1a: Chansey|Soft-Boiled|p1a: Chansey\n|-heal|p1a: Chansey|58\/100\n|\n|upkeep\n|turn|16\n|\n|t:|1697448144\n|move|p2a: Arceus|Swords Dance|p2a: Arceus\n|-boost|p2a: Arceus|atk|2\n|move|p1a: Chansey|Soft-Boiled|p1a: Chansey\n|-heal|p1a: Chansey|100\/100\n|\n|upkeep\n|turn|17\n|\n|t:|1697448152\n|move|p2a: Arceus|Dazzling Gleam|p1a: Chansey\n|-damage|p1a: Chansey|95\/100\n|move|p1a: Chansey|Seismic Toss|p2a: Arceus\n|-damage|p2a: Arceus|55\/100\n|\n|upkeep\n|turn|18\n|\n|t:|1697448158\n|move|p2a: Arceus|Flare Blitz|p1a: Chansey\n|-damage|p1a: Chansey|38\/100\n|-status|p1a: Chansey|brn\n|-damage|p2a: Arceus|21\/100|[from] Recoil\n|move|p1a: Chansey|Seismic Toss|p2a: Arceus\n|-damage|p2a: Arceus|0 fnt\n|faint|p2a: Arceus\n|\n|-damage|p1a: Chansey|31\/100 brn|[from] brn\n|upkeep\n|\n|t:|1697448168\n|switch|p2a: Zacian|Zacian-Crowned, shiny|100\/100\n|-activate|p2a: Zacian|move: Sticky Web\n|-unboost|p2a: Zacian|spe|1\n|-ability|p2a: Zacian|Intrepid Sword|boost\n|-boost|p2a: Zacian|atk|1\n|turn|19\n|\n|t:|1697448176\n|move|p2a: Zacian|Behemoth Blade|p1a: Chansey\n|-damage|p1a: Chansey|0 fnt\n|faint|p1a: Chansey\n|\n|upkeep\n|\n|t:|1697448183\n|switch|p1a: Ditto|Ditto, shiny|100\/100\n|-transform|p1a: Ditto|p2a: Zacian|[from] ability: Imposter\n|-ability|p1a: Ditto|Intrepid Sword|boost\n|-boost|p1a: Ditto|atk|1\n|turn|20\n|\n|t:|1697448195\n|-terastallize|p1a: Ditto|Steel\n|move|p1a: Ditto|Behemoth Blade|p2a: Zacian\n|-damage|p2a: Zacian|3\/100\n|move|p2a: Zacian|Behemoth Blade|p1a: Ditto\n|-resisted|p1a: Ditto\n|-damage|p1a: Ditto|64\/100\n|\n|upkeep\n|turn|21\n|\n|t:|1697448205\n|move|p1a: Ditto|Behemoth Blade|p2a: Zacian\n|-damage|p2a: Zacian|0 fnt\n|faint|p2a: Zacian\n|\n|upkeep\n|\n|t:|1697448210\n|switch|p2a: Zamazenta|Zamazenta-Crowned, shiny|100\/100\n|-activate|p2a: Zamazenta|move: Sticky Web\n|-unboost|p2a: Zamazenta|spe|1\n|-ability|p2a: Zamazenta|Dauntless Shield|boost\n|-boost|p2a: Zamazenta|def|1\n|turn|22\n|\n|t:|1697448222\n|switch|p1a: Baxcalibur|Baxcalibur, M|100\/100\n|move|p2a: Zamazenta|Behemoth Bash|p1a: Baxcalibur\n|-supereffective|p1a: Baxcalibur\n|-damage|p1a: Baxcalibur|16\/100\n|\n|upkeep\n|turn|23\n|\n|t:|1697448229\n|move|p1a: Baxcalibur|Earthquake|p2a: Zamazenta\n|-supereffective|p2a: Zamazenta\n|-damage|p2a: Zamazenta|56\/100\n|move|p2a: Zamazenta|Behemoth Bash|p1a: Baxcalibur\n|-supereffective|p1a: Baxcalibur\n|-damage|p1a: Baxcalibur|0 fnt\n|faint|p1a: Baxcalibur\n|\n|upkeep\n|\n|t:|1697448237\n|switch|p1a: Ditto|Ditto, shiny, tera:Steel|64\/100\n|-transform|p1a: Ditto|p2a: Zamazenta|[from] ability: Imposter\n|-ability|p1a: Ditto|Dauntless Shield|boost\n|-boost|p1a: Ditto|def|1\n|turn|24\n|\n|t:|1697448253\n|move|p1a: Ditto|Close Combat|p2a: Zamazenta\n|-supereffective|p2a: Zamazenta\n|-damage|p2a: Zamazenta|5\/100\n|-unboost|p1a: Ditto|def|1\n|-unboost|p1a: Ditto|spd|1\n|move|p2a: Zamazenta|Heavy Slam|p1a: Ditto\n|-resisted|p1a: Ditto\n|-damage|p1a: Ditto|59\/100\n|\n|upkeep\n|turn|25\n|\n|t:|1697448262\n|move|p1a: Ditto|Close Combat|p2a: Zamazenta\n|-supereffective|p2a: Zamazenta\n|-damage|p2a: Zamazenta|0 fnt\n|-unboost|p1a: Ditto|def|1\n|-unboost|p1a: Ditto|spd|1\n|faint|p2a: Zamazenta\n|\n|upkeep\n|\n|t:|1697448268\n|switch|p2a: Miraidon|Miraidon|100\/100\n|-fieldstart|move: Electric Terrain|[from] ability: Hadron Engine|[of] p2a: Miraidon\n|turn|26\n|\n|t:|1697448273\n|switch|p1a: Regieleki|Regieleki, shiny|100\/100\n|move|p2a: Miraidon|Overheat|p1a: Regieleki\n|-damage|p1a: Regieleki|0 fnt\n|-unboost|p2a: Miraidon|spa|2\n|faint|p1a: Regieleki\n|\n|upkeep\n|\n|t:|1697448281\n|switch|p1a: Ditto|Ditto, shiny, tera:Steel|59\/100\n|-transform|p1a: Ditto|p2a: Miraidon|[from] ability: Imposter\n|-activate|p1a: Ditto|ability: Hadron Engine\n|turn|27\n|\n|t:|1697448297\n|-terastallize|p2a: Miraidon|Fairy\n|move|p1a: Ditto|Tera Blast|p2a: Miraidon|[anim] Tera Blast Steel\n|-supereffective|p2a: Miraidon\n|-damage|p2a: Miraidon|46\/100\n|move|p2a: Miraidon|Overheat|p1a: Ditto\n|-supereffective|p1a: Ditto\n|-damage|p1a: Ditto|15\/100\n|-unboost|p2a: Miraidon|spa|2\n|\n|upkeep\n|turn|28\n|\n|t:|1697448307\n|move|p1a: Ditto|Tera Blast|p2a: Miraidon|[anim] Tera Blast Steel\n|-supereffective|p2a: Miraidon\n|-damage|p2a: Miraidon|0 fnt\n|faint|p2a: Miraidon\n|\n|win|Francesco90\n|raw|Francesco90's rating: 1074 &rarr; <strong>1103<\/strong><br \/>(+29 for winning)\n|raw|gtttttggggggg's rating: 1076 &rarr; <strong>1054<\/strong><br \/>(-22 for losing)\n|l|\u2606gtttttggggggg\n","uploadtime":1697448318,"views":7,"p1id":"francesco90","p2id":"gtttttggggggg","formatid":"gen9ubers","rating":1054,"private":0,"password":""}