{"id":"gen9ubers-1971663998","p1":"SilverSlime","p2":"TwoXFlying","format":"[Gen 9] Ubers","log":"|j|\u2606SilverSlime\n|j|\u2606TwoXFlying\n|t:|1697758675\n|gametype|singles\n|player|p1|SilverSlime|larry|\n|player|p2|TwoXFlying|cynthia-masters|\n|teamsize|p1|6\n|teamsize|p2|6\n|gen|9\n|tier|[Gen 9] Ubers\n|rule|Sleep Clause Mod: Limit one foe put to sleep\n|rule|Species Clause: Limit one of each Pok\u00e9mon\n|rule|OHKO Clause: OHKO moves are banned\n|rule|Evasion Items Clause: Evasion items are banned\n|rule|Evasion Moves Clause: Evasion moves are banned\n|rule|Endless Battle Clause: Forcing endless battles is banned\n|rule|HP Percentage Mod: HP is shown in percentages\n|clearpoke\n|poke|p1|Arceus-Ice|\n|poke|p1|Calyrex-Ice|\n|poke|p1|Ninetales-Alola, M|\n|poke|p1|Iron Bundle|\n|poke|p1|Mamoswine, M|\n|poke|p1|Sandslash-Alola, F|\n|poke|p2|Chi-Yu|\n|poke|p2|Zacian-*|\n|poke|p2|Arceus-Steel|\n|poke|p2|Cinderace, M|\n|poke|p2|Kingambit, F|\n|poke|p2|Arcanine-Hisui, M|\n|teampreview\n|inactive|Battle timer is ON: inactive players will automatically lose when time's up. (requested by TwoXFlying)\n|inactive|SilverSlime also wants the timer to be on.\n|c|\u2606TwoXFlying|glhf\n|c|\u2606TwoXFlying|can you put the live\n|inactive|SilverSlime has 270 seconds left.\n|c|\u2606SilverSlime|no\n|c|\u2606TwoXFlying|fine\n|inactive|SilverSlime has 240 seconds left.\n|\n|t:|1697758736\n|start\n|switch|p1a: Ninetales|Ninetales-Alola, M|100\/100\n|switch|p2a: Zacian|Zacian-Crowned|100\/100\n|-ability|p2a: Zacian|Intrepid Sword|boost\n|-boost|p2a: Zacian|atk|1\n|-weather|Snow|[from] ability: Snow Warning|[of] p1a: Ninetales\n|turn|1\n|\n|t:|1697758743\n|move|p2a: Zacian|Behemoth Blade|p1a: Ninetales\n|-supereffective|p1a: Ninetales\n|-damage|p1a: Ninetales|0 fnt\n|faint|p1a: Ninetales\n|\n|-weather|Snow|[upkeep]\n|upkeep\n|c|\u2606TwoXFlying|bro...\n|l|\u2606SilverSlime\n|inactive|SilverSlime disconnected and has 300 seconds to reconnect!\n|player|p1|\n|c|\u2606TwoXFlying|did bro just quit\n|inactive|SilverSlime has 270 seconds to reconnect!\n|j|\u2606SilverSlime\n|inactive|SilverSlime reconnected and has 290 seconds left.\n|player|p1|SilverSlime|larry\n|\n|t:|1697758818\n|switch|p1a: Sandslash|Sandslash-Alola, F|100\/100\n|turn|2\n|c|\u2606TwoXFlying|oh hes back\n|\n|t:|1697758823\n|move|p1a: Sandslash|Earthquake|p2a: Zacian\n|-supereffective|p2a: Zacian\n|-damage|p2a: Zacian|46\/100\n|move|p2a: Zacian|Sacred Sword|p1a: Sandslash\n|-supereffective|p1a: Sandslash\n|-enditem|p1a: Sandslash|Focus Sash\n|-damage|p1a: Sandslash|1\/100\n|\n|-weather|Snow|[upkeep]\n|upkeep\n|turn|3\n|c|\u2606SilverSlime|One down\n|\n|t:|1697758835\n|move|p1a: Sandslash|Earthquake|p2a: Zacian\n|-supereffective|p2a: Zacian\n|-damage|p2a: Zacian|0 fnt\n|faint|p2a: Zacian\n|\n|-weather|Snow|[upkeep]\n|upkeep\n|c|\u2606SilverSlime|Onto the next\n|\n|t:|1697758843\n|switch|p2a: Kingambit|Kingambit, F|100\/100\n|-activate|p2a: Kingambit|ability: Supreme Overlord\n|-start|p2a: Kingambit|fallen1|[silent]\n|turn|4\n|\n|t:|1697758847\n|move|p2a: Kingambit|Sucker Punch|p1a: Sandslash\n|-damage|p1a: Sandslash|0 fnt\n|faint|p1a: Sandslash\n|\n|-weather|Snow|[upkeep]\n|upkeep\n|\n|t:|1697758850\n|switch|p1a: Calyrex|Calyrex-Ice|100\/100\n|-ability|p1a: Calyrex|As One\n|-ability|p1a: Calyrex|Unnerve\n|turn|5\n|\n|t:|1697758856\n|move|p2a: Kingambit|Sucker Punch||[still]\n|-fail|p2a: Kingambit\n|move|p1a: Calyrex|Agility|p1a: Calyrex\n|-boost|p1a: Calyrex|spe|2\n|\n|-weather|Snow|[upkeep]\n|upkeep\n|turn|6\n|\n|t:|1697758866\n|-terastallize|p2a: Kingambit|Fairy\n|move|p1a: Calyrex|Close Combat|p2a: Kingambit\n|-resisted|p2a: Kingambit\n|-damage|p2a: Kingambit|83\/100\n|-unboost|p1a: Calyrex|def|1\n|-unboost|p1a: Calyrex|spd|1\n|move|p2a: Kingambit|Swords Dance|p2a: Kingambit\n|-boost|p2a: Kingambit|atk|2\n|\n|-weather|Snow|[upkeep]\n|upkeep\n|turn|7\n|\n|t:|1697758876\n|-terastallize|p1a: Calyrex|Fighting\n|move|p1a: Calyrex|Glacial Lance|p2a: Kingambit\n|-damage|p2a: Kingambit|29\/100\n|move|p2a: Kingambit|Kowtow Cleave|p1a: Calyrex\n|-resisted|p1a: Calyrex\n|-damage|p1a: Calyrex|47\/100\n|\n|-weather|Snow|[upkeep]\n|upkeep\n|turn|8\n|j| RejctedDuck\n|\n|t:|1697758887\n|move|p2a: Kingambit|Sucker Punch|p1a: Calyrex\n|-resisted|p1a: Calyrex\n|-damage|p1a: Calyrex|0 fnt\n|faint|p1a: Calyrex\n|\n|-weather|none\n|upkeep\n|c|\u2606SilverSlime|THE MATH AINT MATHING\n|\n|t:|1697758899\n|switch|p1a: Mamoswine|Mamoswine, M|100\/100\n|turn|9\n|\n|t:|1697758903\n|move|p1a: Mamoswine|Ice Shard|p2a: Kingambit\n|-damage|p2a: Kingambit|8\/100\n|move|p2a: Kingambit|Iron Head|p1a: Mamoswine\n|-supereffective|p1a: Mamoswine\n|-damage|p1a: Mamoswine|0 fnt\n|faint|p1a: Mamoswine\n|\n|upkeep\n|\n|t:|1697758906\n|switch|p1a: Arceus|Arceus-Ice|100\/100\n|turn|10\n|c|\u2606TwoXFlying|L\n|\n|t:|1697758916\n|move|p1a: Arceus|Calm Mind|p1a: Arceus\n|-boost|p1a: Arceus|spa|1\n|-boost|p1a: Arceus|spd|1\n|move|p2a: Kingambit|Iron Head|p1a: Arceus\n|-supereffective|p1a: Arceus\n|-damage|p1a: Arceus|0 fnt\n|faint|p1a: Arceus\n|\n|upkeep\n|-message|SilverSlime forfeited.\n|\n|win|TwoXFlying\n|l|\u2606SilverSlime\n|c| RejctedDuck|why did bro do that\n|c|\u2606TwoXFlying|gg\n|player|p2|TwoXFlying|cynthia-masters\n","uploadtime":1697758934,"views":7,"p1id":"silverslime","p2id":"twoxflying","formatid":"gen9ubers","rating":0,"private":0,"password":""}