{"id":"gen9ubers-1978569457","p1":"PinkScourge","p2":"the tr4sh man","format":"[Gen 9] Ubers","log":"|j|\u2606PinkScourge\n|j|\u2606the tr4sh man\n|t:|1698557735\n|gametype|singles\n|player|p1|PinkScourge|bede-leader|\n|player|p2|the tr4sh man|xerosic|\n|teamsize|p1|6\n|teamsize|p2|6\n|gen|9\n|tier|[Gen 9] Ubers\n|rule|Sleep Clause Mod: Limit one foe put to sleep\n|rule|Species Clause: Limit one of each Pok\u00e9mon\n|rule|OHKO Clause: OHKO moves are banned\n|rule|Evasion Items Clause: Evasion items are banned\n|rule|Evasion Moves Clause: Evasion moves are banned\n|rule|Endless Battle Clause: Forcing endless battles is banned\n|rule|HP Percentage Mod: HP is shown in percentages\n|clearpoke\n|poke|p1|Indeedee-F, F|\n|poke|p1|Arceus-Psychic|\n|poke|p1|Palkia|\n|poke|p1|Alomomola, M|\n|poke|p1|Mandibuzz, F|\n|poke|p1|Slowking-Galar, F|\n|poke|p2|Zacian-*|\n|poke|p2|Toedscruel, F|\n|poke|p2|Chi-Yu|\n|poke|p2|Ninetales, F|\n|poke|p2|Walking Wake|\n|poke|p2|Shiftry, F|\n|teampreview\n|inactive|Battle timer is ON: inactive players will automatically lose when time's up. (requested by PinkScourge)\n|\n|t:|1698557748\n|start\n|switch|p1a: Slowking|Slowking-Galar, F|100\/100\n|switch|p2a: Ninetales|Ninetales, F|100\/100\n|-weather|SunnyDay|[from] ability: Drought|[of] p2a: Ninetales\n|turn|1\n|\n|t:|1698557757\n|move|p2a: Ninetales|Will-O-Wisp|p1a: Slowking\n|-status|p1a: Slowking|brn\n|move|p1a: Slowking|Future Sight|p2a: Ninetales\n|-start|p1a: Slowking|move: Future Sight\n|\n|-weather|SunnyDay|[upkeep]\n|-damage|p1a: Slowking|94\/100 brn|[from] brn\n|upkeep\n|turn|2\n|\n|t:|1698557761\n|switch|p2a: Chi-Yu|Chi-Yu|100\/100\n|-ability|p2a: Chi-Yu|Beads of Ruin\n|move|p1a: Slowking|Chilly Reception|p1a: Slowking\n|-weather|Snow\n|\n|t:|1698557768\n|switch|p1a: Palkia|Palkia|100\/100|[from] Chilly Reception\n|-ability|p1a: Palkia|Pressure\n|\n|-weather|Snow|[upkeep]\n|upkeep\n|turn|3\n|\n|t:|1698557777\n|switch|p2a: Toedscruel|Toedscruel, F|100\/100\n|move|p1a: Palkia|Trick Room|p1a: Palkia\n|-fieldstart|move: Trick Room|[of] p1a: Palkia\n|\n|-weather|Snow|[upkeep]\n|-end|p2a: Toedscruel|move: Future Sight\n|-damage|p2a: Toedscruel|72\/100\n|upkeep\n|turn|4\n|\n|t:|1698557787\n|switch|p1a: Arceus|Arceus-Psychic|100\/100\n|move|p2a: Toedscruel|Spore|p1a: Arceus\n|-status|p1a: Arceus|slp|[from] move: Spore\n|\n|-weather|Snow|[upkeep]\n|upkeep\n|turn|5\n|\n|t:|1698557792\n|cant|p1a: Arceus|slp\n|move|p2a: Toedscruel|Spikes|p1a: Arceus\n|-sidestart|p1: PinkScourge|Spikes\n|\n|-weather|Snow|[upkeep]\n|upkeep\n|turn|6\n|\n|t:|1698557795\n|cant|p1a: Arceus|slp\n|move|p2a: Toedscruel|Spikes|p1a: Arceus\n|-sidestart|p1: PinkScourge|Spikes\n|\n|-weather|none\n|upkeep\n|turn|7\n|\n|t:|1698557798\n|-curestatus|p1a: Arceus|slp|[msg]\n|move|p1a: Arceus|Future Sight|p2a: Toedscruel\n|-start|p1a: Arceus|move: Future Sight\n|move|p2a: Toedscruel|Spikes|p1a: Arceus\n|-sidestart|p1: PinkScourge|Spikes\n|\n|-fieldend|move: Trick Room\n|upkeep\n|turn|8\n|\n|t:|1698557805\n|move|p1a: Arceus|Body Press|p2a: Toedscruel\n|-damage|p2a: Toedscruel|43\/100\n|move|p2a: Toedscruel|Spore|p1a: Arceus\n|-status|p1a: Arceus|slp|[from] move: Spore\n|\n|upkeep\n|turn|9\n|\n|t:|1698557820\n|switch|p2a: Shiftry|Shiftry, F|100\/100\n|cant|p1a: Arceus|slp\n|\n|-end|p2a: Shiftry|move: Future Sight\n|-immune|p2a: Shiftry\n|upkeep\n|turn|10\n|\n|t:|1698557827\n|switch|p2a: Ninetales|Ninetales, F|100\/100\n|-weather|SunnyDay|[from] ability: Drought|[of] p2a: Ninetales\n|switch|p1a: Mandibuzz|Mandibuzz, F|100\/100\n|\n|-weather|SunnyDay|[upkeep]\n|upkeep\n|turn|11\n|\n|t:|1698557833\n|move|p2a: Ninetales|Flamethrower|p1a: Mandibuzz\n|-damage|p1a: Mandibuzz|68\/100\n|move|p1a: Mandibuzz|Defog|p2a: Ninetales\n|-unboost|p2a: Ninetales|evasion|1\n|-sideend|p1: PinkScourge|Spikes|[from] move: Defog|[of] p1a: Mandibuzz\n|\n|-weather|SunnyDay|[upkeep]\n|upkeep\n|turn|12\n|\n|t:|1698557838\n|move|p2a: Ninetales|Flamethrower|p1a: Mandibuzz\n|-damage|p1a: Mandibuzz|34\/100\n|move|p1a: Mandibuzz|Roost|p1a: Mandibuzz\n|-heal|p1a: Mandibuzz|84\/100\n|-singleturn|p1a: Mandibuzz|move: Roost\n|\n|-weather|SunnyDay|[upkeep]\n|upkeep\n|turn|13\n|\n|t:|1698557841\n|switch|p1a: Slowking|Slowking-Galar, F|100\/100 brn\n|move|p2a: Ninetales|Flamethrower|p1a: Slowking\n|-damage|p1a: Slowking|69\/100 brn\n|\n|-weather|SunnyDay|[upkeep]\n|-damage|p1a: Slowking|63\/100 brn|[from] brn\n|upkeep\n|turn|14\n|\n|t:|1698557847\n|switch|p2a: Shiftry|Shiftry, F|100\/100\n|move|p1a: Slowking|Chilly Reception|p1a: Slowking\n|-weather|Snow\n|\n|t:|1698557856\n|switch|p1a: Mandibuzz|Mandibuzz, F|84\/100|[from] Chilly Reception\n|\n|-weather|Snow|[upkeep]\n|upkeep\n|turn|15\n|\n|t:|1698557875\n|move|p2a: Shiftry|Explosion|p1a: Mandibuzz\n|-crit|p1a: Mandibuzz\n|-damage|p1a: Mandibuzz|0 fnt\n|faint|p2a: Shiftry\n|faint|p1a: Mandibuzz\n|\n|-weather|Snow|[upkeep]\n|upkeep\n|c|\u2606PinkScourge|Daaaaaamn\n|\n|t:|1698557888\n|switch|p2a: Ninetales|Ninetales, F|100\/100\n|switch|p1a: Slowking|Slowking-Galar, F|96\/100 brn\n|-weather|SunnyDay|[from] ability: Drought|[of] p2a: Ninetales\n|turn|16\n|c|\u2606the tr4sh man|i'm not gonna sugar coat it\n|c|\u2606the tr4sh man|lol\n|\n|t:|1698557897\n|switch|p2a: Walking Wake|Walking Wake|100\/100\n|-activate|p2a: Walking Wake|ability: Protosynthesis\n|-start|p2a: Walking Wake|protosynthesisspe\n|move|p1a: Slowking|Future Sight|p2a: Walking Wake\n|-start|p1a: Slowking|move: Future Sight\n|\n|-weather|SunnyDay|[upkeep]\n|-damage|p1a: Slowking|90\/100 brn|[from] brn\n|upkeep\n|turn|17\n|\n|t:|1698557901\n|move|p2a: Walking Wake|Knock Off|p1a: Slowking\n|-supereffective|p1a: Slowking\n|-damage|p1a: Slowking|27\/100 brn\n|-enditem|p1a: Slowking|Heavy-Duty Boots|[from] move: Knock Off|[of] p2a: Walking Wake\n|move|p1a: Slowking|Chilly Reception|p1a: Slowking\n|-weather|Snow\n|-end|p2a: Walking Wake|Protosynthesis\n|\n|t:|1698557907\n|switch|p1a: Indeedee|Indeedee-F, F|100\/100|[from] Chilly Reception\n|-fieldstart|move: Psychic Terrain|[from] ability: Psychic Surge|[of] p1a: Indeedee\n|\n|-weather|Snow|[upkeep]\n|upkeep\n|turn|18\n|\n|t:|1698557913\n|move|p2a: Walking Wake|Knock Off|p1a: Indeedee\n|-supereffective|p1a: Indeedee\n|-damage|p1a: Indeedee|45\/100\n|-enditem|p1a: Indeedee|Terrain Extender|[from] move: Knock Off|[of] p2a: Walking Wake\n|move|p1a: Indeedee|Trick Room|p1a: Indeedee\n|-fieldstart|move: Trick Room|[of] p1a: Indeedee\n|\n|-weather|Snow|[upkeep]\n|-end|p2a: Walking Wake|move: Future Sight\n|-damage|p2a: Walking Wake|20\/100\n|upkeep\n|turn|19\n|\n|t:|1698557921\n|-end|p2a: Walking Wake|Protosynthesis|[silent]\n|switch|p2a: Chi-Yu|Chi-Yu|100\/100\n|-ability|p2a: Chi-Yu|Beads of Ruin\n|move|p1a: Indeedee|Psyshock|p2a: Chi-Yu\n|-immune|p2a: Chi-Yu\n|\n|-weather|Snow|[upkeep]\n|upkeep\n|turn|20\n|\n|t:|1698557941\n|switch|p2a: Ninetales|Ninetales, F|100\/100\n|-weather|SunnyDay|[from] ability: Drought|[of] p2a: Ninetales\n|move|p1a: Indeedee|Healing Wish|p1a: Indeedee\n|faint|p1a: Indeedee\n|\n|-weather|SunnyDay|[upkeep]\n|upkeep\n|\n|t:|1698557949\n|switch|p1a: Palkia|Palkia|100\/100\n|-ability|p1a: Palkia|Pressure\n|turn|21\n|\n|t:|1698557962\n|switch|p2a: Toedscruel|Toedscruel, F|43\/100\n|move|p1a: Palkia|Spacial Rend|p2a: Toedscruel\n|-damage|p2a: Toedscruel|0 fnt\n|faint|p2a: Toedscruel\n|\n|-weather|SunnyDay|[upkeep]\n|upkeep\n|\n|t:|1698557970\n|switch|p2a: Ninetales|Ninetales, F|100\/100\n|turn|22\n|\n|t:|1698557980\n|move|p1a: Palkia|Spacial Rend|p2a: Ninetales\n|-crit|p2a: Ninetales\n|-damage|p2a: Ninetales|0 fnt\n|faint|p2a: Ninetales\n|\n|-weather|SunnyDay|[upkeep]\n|-fieldend|move: Trick Room\n|upkeep\n|\n|t:|1698557983\n|switch|p2a: Walking Wake|Walking Wake|20\/100\n|-activate|p2a: Walking Wake|ability: Protosynthesis\n|-start|p2a: Walking Wake|protosynthesisspe\n|turn|23\n|\n|t:|1698557993\n|switch|p1a: Arceus|Arceus-Psychic|100\/100 slp\n|-heal|p1a: Arceus|100\/100|[from] move: Healing Wish\n|move|p2a: Walking Wake|Dragon Rush|p1a: Arceus|[miss]\n|-miss|p2a: Walking Wake|p1a: Arceus\n|\n|-weather|SunnyDay|[upkeep]\n|upkeep\n|turn|24\n|\n|t:|1698558001\n|move|p2a: Walking Wake|Hydro Steam|p1a: Arceus\n|-damage|p1a: Arceus|66\/100\n|move|p1a: Arceus|Future Sight|p2a: Walking Wake\n|-start|p1a: Arceus|move: Future Sight\n|\n|-weather|SunnyDay|[upkeep]\n|-fieldend|move: Psychic Terrain\n|upkeep\n|turn|25\n|\n|t:|1698558006\n|move|p2a: Walking Wake|Hydro Steam|p1a: Arceus\n|-damage|p1a: Arceus|32\/100\n|move|p1a: Arceus|Recover|p1a: Arceus\n|-heal|p1a: Arceus|82\/100\n|\n|-weather|SunnyDay|[upkeep]\n|upkeep\n|turn|26\n|\n|t:|1698558014\n|move|p2a: Walking Wake|Dragon Rush|p1a: Arceus|[miss]\n|-miss|p2a: Walking Wake|p1a: Arceus\n|move|p1a: Arceus|Body Press|p2a: Walking Wake\n|-damage|p2a: Walking Wake|0 fnt\n|faint|p2a: Walking Wake\n|-end|p2a: Walking Wake|Protosynthesis|[silent]\n|\n|-weather|SunnyDay|[upkeep]\n|-hint|Future Sight did not hit because the target is fainted.\n|upkeep\n|\n|t:|1698558016\n|switch|p2a: Chi-Yu|Chi-Yu|100\/100\n|-ability|p2a: Chi-Yu|Beads of Ruin\n|turn|27\n|c|\u2606the tr4sh man|lol\n|c|\u2606the tr4sh man|physical wake was a mistake\n|c|\u2606the tr4sh man|hey that rhymes\n|\n|t:|1698558034\n|switch|p1a: Alomomola|Alomomola, M|100\/100\n|move|p2a: Chi-Yu|Dark Pulse|p1a: Alomomola\n|-damage|p1a: Alomomola|48\/100\n|\n|-weather|none\n|upkeep\n|turn|28\n|\n|t:|1698558042\n|move|p1a: Alomomola|Protect|p1a: Alomomola\n|-singleturn|p1a: Alomomola|Protect\n|move|p2a: Chi-Yu|Dark Pulse|p1a: Alomomola\n|-activate|p1a: Alomomola|move: Protect\n|\n|upkeep\n|turn|29\n|\n|t:|1698558052\n|-terastallize|p1a: Alomomola|Fairy\n|move|p2a: Chi-Yu|Dark Pulse|p1a: Alomomola\n|-resisted|p1a: Alomomola\n|-damage|p1a: Alomomola|24\/100\n|move|p1a: Alomomola|Mirror Coat|p2a: Chi-Yu\n|-immune|p2a: Chi-Yu\n|\n|upkeep\n|turn|30\n|\n|t:|1698558059\n|move|p1a: Alomomola|Protect|p1a: Alomomola\n|-singleturn|p1a: Alomomola|Protect\n|move|p2a: Chi-Yu|Dark Pulse|p1a: Alomomola\n|-activate|p1a: Alomomola|move: Protect\n|\n|upkeep\n|turn|31\n|c|\u2606the tr4sh man|honestly respect the hustle\n|\n|t:|1698558070\n|switch|p1a: Slowking|Slowking-Galar, F|60\/100 brn\n|move|p2a: Chi-Yu|Dark Pulse|p1a: Slowking\n|-supereffective|p1a: Slowking\n|-damage|p1a: Slowking|0 fnt\n|faint|p1a: Slowking\n|\n|upkeep\n|c|\u2606the tr4sh man|too bad chi-yu is a hater\n|\n|t:|1698558078\n|switch|p1a: Palkia|Palkia|100\/100\n|-ability|p1a: Palkia|Pressure\n|turn|32\n|\n|t:|1698558086\n|move|p2a: Chi-Yu|Dark Pulse|p1a: Palkia\n|-damage|p1a: Palkia|58\/100\n|move|p1a: Palkia|Trick Room|p1a: Palkia\n|-fieldstart|move: Trick Room|[of] p1a: Palkia\n|\n|upkeep\n|turn|33\n|\n|t:|1698558091\n|move|p1a: Palkia|Surf|p2a: Chi-Yu\n|-supereffective|p2a: Chi-Yu\n|-damage|p2a: Chi-Yu|0 fnt\n|faint|p2a: Chi-Yu\n|\n|upkeep\n|\n|t:|1698558092\n|switch|p2a: Zacian|Zacian|100\/100\n|-ability|p2a: Zacian|Intrepid Sword|boost\n|-boost|p2a: Zacian|atk|1\n|turn|34\n|\n|t:|1698558095\n|move|p1a: Palkia|Surf|p2a: Zacian\n|-damage|p2a: Zacian|34\/100\n|move|p2a: Zacian|Rest|p2a: Zacian\n|-status|p2a: Zacian|slp|[from] move: Rest\n|-heal|p2a: Zacian|100\/100 slp|[silent]\n|-enditem|p2a: Zacian|Chesto Berry|[eat]\n|-curestatus|p2a: Zacian|slp|[msg]\n|\n|upkeep\n|turn|35\n|\n|t:|1698558100\n|move|p1a: Palkia|Surf|p2a: Zacian\n|-damage|p2a: Zacian|40\/100\n|move|p2a: Zacian|Play Rough|p1a: Palkia\n|-supereffective|p1a: Palkia\n|-damage|p1a: Palkia|0 fnt\n|faint|p1a: Palkia\n|\n|upkeep\n|\n|t:|1698558108\n|switch|p1a: Arceus|Arceus-Psychic|82\/100\n|turn|36\n|\n|t:|1698558113\n|move|p1a: Arceus|Perish Song|p1a: Arceus\n|-start|p1a: Arceus|perish3|[silent]\n|-start|p2a: Zacian|perish3|[silent]\n|-fieldactivate|move: Perish Song\n|move|p2a: Zacian|Play Rough|p1a: Arceus\n|-damage|p1a: Arceus|36\/100\n|\n|-start|p1a: Arceus|perish3\n|-start|p2a: Zacian|perish3\n|-fieldend|move: Trick Room\n|upkeep\n|turn|37\n|\n|t:|1698558118\n|move|p2a: Zacian|Play Rough|p1a: Arceus|[miss]\n|-miss|p2a: Zacian|p1a: Arceus\n|move|p1a: Arceus|Recover|p1a: Arceus\n|-heal|p1a: Arceus|86\/100\n|\n|-start|p2a: Zacian|perish2\n|-start|p1a: Arceus|perish2\n|upkeep\n|turn|38\n|c|\u2606the tr4sh man|LMAO NOOOOO\n|c|\u2606the tr4sh man|gg\n|c|\u2606PinkScourge|GG\n|\n|t:|1698558125\n|move|p2a: Zacian|Play Rough|p1a: Arceus\n|-damage|p1a: Arceus|46\/100\n|move|p1a: Arceus|Recover|p1a: Arceus\n|-heal|p1a: Arceus|96\/100\n|\n|-start|p2a: Zacian|perish1\n|-start|p1a: Arceus|perish1\n|upkeep\n|turn|39\n|\n|t:|1698558131\n|switch|p1a: Alomomola|Alomomola, M, tera:Fairy|57\/100\n|move|p2a: Zacian|Play Rough|p1a: Alomomola\n|-crit|p1a: Alomomola\n|-damage|p1a: Alomomola|0 fnt\n|-damage|p2a: Zacian|24\/100|[from] item: Rocky Helmet|[of] p1a: Alomomola\n|faint|p1a: Alomomola\n|\n|-start|p2a: Zacian|perish0\n|upkeep\n|faint|p2a: Zacian\n|\n|win|PinkScourge\n|c|\u2606the tr4sh man|it be your own accuracy\n|c|\u2606PinkScourge|Luck is... yuck\n|c|\u2606the tr4sh man|true!\n","uploadtime":1698558159,"views":13,"p1id":"pinkscourge","p2id":"thetr4shman","formatid":"gen9ubers","rating":0,"private":0,"password":""}