{"id":"gen9ubers-1978995961","p1":"bennymbs","p2":"CrackLordGBLN","format":"[Gen 9] Ubers","log":"|j|\u2606bennymbs\n|j|\u2606CrackLordGBLN\n|t:|1698619011\n|gametype|singles\n|player|p1|bennymbs|2|\n|player|p2|CrackLordGBLN|ghetsis|\n|teamsize|p1|6\n|teamsize|p2|6\n|gen|9\n|tier|[Gen 9] Ubers\n|rule|Sleep Clause Mod: Limit one foe put to sleep\n|rule|Species Clause: Limit one of each Pok\u00e9mon\n|rule|OHKO Clause: OHKO moves are banned\n|rule|Evasion Items Clause: Evasion items are banned\n|rule|Evasion Moves Clause: Evasion moves are banned\n|rule|Endless Battle Clause: Forcing endless battles is banned\n|rule|HP Percentage Mod: HP is shown in percentages\n|clearpoke\n|poke|p1|Cyclizar, M|\n|poke|p1|Zacian-*|\n|poke|p1|Magearna|\n|poke|p1|Palkia-Origin|\n|poke|p1|Arceus-Fire|\n|poke|p1|Shaymin-Sky|\n|poke|p2|Magearna|\n|poke|p2|Ursaluna-Bloodmoon, M|\n|poke|p2|Zacian-*|\n|poke|p2|Roaring Moon|\n|poke|p2|Rabsca, M|\n|poke|p2|Iron Hands|\n|teampreview\n|\n|t:|1698619030\n|start\n|switch|p1a: Shaymin|Shaymin-Sky|100\/100\n|switch|p2a: Magearna|Magearna|100\/100\n|turn|1\n|\n|t:|1698619045\n|move|p1a: Shaymin|Earth Power|p2a: Magearna\n|-supereffective|p2a: Magearna\n|-damage|p2a: Magearna|42\/100\n|-unboost|p2a: Magearna|spd|1\n|-enditem|p2a: Magearna|Eject Pack\n|-damage|p1a: Shaymin|91\/100|[from] item: Life Orb\n|c|\u2606CrackLordGBLN|Unfortunate doesn\u2019t even begin to describe\n|c|\u2606bennymbs|lmfao\n|\n|t:|1698619080\n|switch|p2a: Ban me already|Zacian|100\/100\n|-ability|p2a: Ban me already|Intrepid Sword|boost\n|-boost|p2a: Ban me already|atk|1\n|\n|upkeep\n|turn|2\n|\n|t:|1698619092\n|switch|p1a: Arceus|Arceus-Fire|100\/100\n|move|p2a: Ban me already|Swords Dance|p2a: Ban me already\n|-boost|p2a: Ban me already|atk|2\n|\n|upkeep\n|turn|3\n|\n|t:|1698619116\n|move|p2a: Ban me already|Close Combat|p1a: Arceus\n|-damage|p1a: Arceus|31\/100\n|-unboost|p2a: Ban me already|def|1\n|-unboost|p2a: Ban me already|spd|1\n|move|p1a: Arceus|Flare Blitz|p2a: Ban me already\n|-damage|p2a: Ban me already|0 fnt\n|faint|p2a: Ban me already\n|-damage|p1a: Arceus|3\/100|[from] Recoil\n|\n|upkeep\n|\n|t:|1698619131\n|switch|p2a: Roaring Moon|Roaring Moon|100\/100\n|turn|4\n|\n|t:|1698619137\n|move|p1a: Arceus|Extreme Speed|p2a: Roaring Moon\n|-damage|p2a: Roaring Moon|69\/100\n|move|p2a: Roaring Moon|U-turn|p1a: Arceus\n|-resisted|p1a: Arceus\n|-damage|p1a: Arceus|0 fnt\n|faint|p1a: Arceus\n|\n|t:|1698619153\n|-end|p2a: Roaring Moon|Protosynthesis|[silent]\n|switch|p2a: Rabsca|Rabsca, M|100\/100|[from] U-turn\n|\n|upkeep\n|\n|t:|1698619158\n|switch|p1a: Shaymin|Shaymin-Sky|91\/100\n|turn|5\n|c|\u2606bennymbs|Pray\n|\n|t:|1698619167\n|move|p1a: Shaymin|Air Slash|p2a: Rabsca\n|-supereffective|p2a: Rabsca\n|-damage|p2a: Rabsca|14\/100\n|-damage|p1a: Shaymin|81\/100|[from] item: Life Orb\n|move|p2a: Rabsca|Trick Room|p2a: Rabsca\n|-fieldstart|move: Trick Room|[of] p2a: Rabsca\n|\n|upkeep\n|turn|6\n|\n|t:|1698619175\n|move|p2a: Rabsca|Revival Blessing|p2a: Rabsca\n|-enditem|p2a: Rabsca|Leppa Berry|[eat]\n|-activate|p2a: Rabsca|item: Leppa Berry|Revival Blessing|[consumed]\n|\n|t:|1698619178\n|-heal|p2: Ban me already|50\/100|[from] move: Revival Blessing\n|move|p1a: Shaymin|Air Slash|p2a: Rabsca\n|-supereffective|p2a: Rabsca\n|-damage|p2a: Rabsca|0 fnt\n|faint|p2a: Rabsca\n|-damage|p1a: Shaymin|71\/100|[from] item: Life Orb\n|\n|upkeep\n|\n|t:|1698619199\n|switch|p2a: Iron Hands|Iron Hands|100\/100\n|turn|7\n|\n|t:|1698619209\n|move|p2a: Iron Hands|Wild Charge|p1a: Shaymin\n|-damage|p1a: Shaymin|0 fnt\n|faint|p1a: Shaymin\n|-damage|p2a: Iron Hands|89\/100|[from] Recoil\n|\n|upkeep\n|\n|t:|1698619214\n|switch|p1a: Magearna|Magearna|100\/100\n|turn|8\n|\n|t:|1698619219\n|move|p2a: Iron Hands|Wild Charge|p1a: Magearna\n|-crit|p1a: Magearna\n|-damage|p1a: Magearna|36\/100\n|-damage|p2a: Iron Hands|77\/100|[from] Recoil\n|move|p1a: Magearna|Fleur Cannon|p2a: Iron Hands\n|-supereffective|p2a: Iron Hands\n|-damage|p2a: Iron Hands|0 fnt\n|-unboost|p1a: Magearna|spa|2\n|faint|p2a: Iron Hands\n|-ability|p1a: Magearna|Soul-Heart|boost\n|-boost|p1a: Magearna|spa|1\n|-end|p2a: Iron Hands|Quark Drive|[silent]\n|\n|-heal|p1a: Magearna|42\/100|[from] item: Leftovers\n|upkeep\n|\n|t:|1698619233\n|switch|p2a: Ursaluna|Ursaluna-Bloodmoon, M|100\/100\n|turn|9\n|c|\u2606bennymbs|unfortunate doesn't even begin-\n|\n|t:|1698619251\n|move|p2a: Ursaluna|Calm Mind|p2a: Ursaluna\n|-boost|p2a: Ursaluna|spa|1\n|-boost|p2a: Ursaluna|spd|1\n|move|p1a: Magearna|Fleur Cannon|p2a: Ursaluna\n|-damage|p2a: Ursaluna|70\/100\n|-unboost|p1a: Magearna|spa|2\n|\n|-heal|p2a: Ursaluna|76\/100|[from] item: Leftovers\n|-heal|p1a: Magearna|48\/100|[from] item: Leftovers\n|-fieldend|move: Trick Room\n|upkeep\n|turn|10\n|j| PinkScourge\n|\n|t:|1698619268\n|switch|p1a: Cyclizar|Cyclizar, M|100\/100\n|move|p2a: Ursaluna|Earth Power|p1a: Cyclizar\n|-crit|p1a: Cyclizar\n|-damage|p1a: Cyclizar|0 fnt\n|faint|p1a: Cyclizar\n|\n|-heal|p2a: Ursaluna|82\/100|[from] item: Leftovers\n|upkeep\n|\n|t:|1698619280\n|switch|p1a: Palkia|Palkia-Origin|100\/100\n|-ability|p1a: Palkia|Pressure\n|turn|11\n|c|\u2606CrackLordGBLN|Did that crit on cyclizar matter\n|c|\u2606CrackLordGBLN|prob not right\n|\n|t:|1698619306\n|-terastallize|p1a: Palkia|Water\n|move|p1a: Palkia|Hydro Pump|p2a: Ursaluna\n|-supereffective|p2a: Ursaluna\n|-damage|p2a: Ursaluna|0 fnt\n|faint|p2a: Ursaluna\n|\n|upkeep\n|c|\u2606bennymbs|probably not\n|c|\u2606bennymbs|max hp 4 def\n|\n|t:|1698619322\n|switch|p2a: Ban me already|Zacian|50\/100\n|turn|12\n|\n|t:|1698619331\n|switch|p1a: Magearna|Magearna|48\/100\n|move|p2a: Ban me already|Play Rough|p1a: Magearna\n|-resisted|p1a: Magearna\n|-damage|p1a: Magearna|31\/100\n|\n|-heal|p1a: Magearna|37\/100|[from] item: Leftovers\n|upkeep\n|turn|13\n|\n|t:|1698619346\n|-terastallize|p2a: Ban me already|Fire\n|move|p2a: Ban me already|Tera Blast|p1a: Magearna|[anim] Tera Blast Fire\n|-supereffective|p1a: Magearna\n|-damage|p1a: Magearna|0 fnt\n|faint|p1a: Magearna\n|\n|upkeep\n|\n|t:|1698619351\n|switch|p1a: Zacian|Zacian|100\/100\n|-ability|p1a: Zacian|Intrepid Sword|boost\n|-boost|p1a: Zacian|atk|1\n|turn|14\n|\n|t:|1698619358\n|move|p1a: Zacian|Sacred Sword|p2a: Ban me already\n|-damage|p2a: Ban me already|0 fnt\n|faint|p2a: Ban me already\n|\n|upkeep\n|\n|t:|1698619366\n|switch|p2a: Magearna|Magearna|42\/100\n|turn|15\n|c|\u2606bennymbs|the 50\/50\n|\n|t:|1698619371\n|move|p1a: Zacian|Sacred Sword|p2a: Magearna\n|-damage|p2a: Magearna|0 fnt\n|faint|p2a: Magearna\n|\n|upkeep\n|c|\u2606CrackLordGBLN|Gg I should\u2019ve tera poisoned luna\n|\n|t:|1698619391\n|switch|p2a: Roaring Moon|Roaring Moon|69\/100\n|turn|16\n|c|\u2606bennymbs|gg\n|\n|t:|1698619417\n|move|p1a: Zacian|Sacred Sword|p2a: Roaring Moon\n|-supereffective|p2a: Roaring Moon\n|-damage|p2a: Roaring Moon|0 fnt\n|faint|p2a: Roaring Moon\n|-end|p2a: Roaring Moon|Protosynthesis|[silent]\n|\n|win|bennymbs\n|c|\u2606bennymbs|can u post the game?\n|l|\u2606CrackLordGBLN\n","uploadtime":1698619440,"views":13,"p1id":"bennymbs","p2id":"cracklordgbln","formatid":"gen9ubers","rating":0,"private":0,"password":""}