{"id":"gen9ubers-1975649573","p1":"TFMatas","p2":"MeteorAsh15","format":"[Gen 9] Ubers","log":"|j|\u2606TFMatas\n|j|\u2606MeteorAsh15\n|t:|1698219254\n|gametype|singles\n|player|p1|TFMatas|1|1032\n|player|p2|MeteorAsh15|2|1116\n|teamsize|p1|5\n|teamsize|p2|6\n|gen|9\n|tier|[Gen 9] Ubers\n|rated|\n|rule|Sleep Clause Mod: Limit one foe put to sleep\n|rule|Species Clause: Limit one of each Pok\u00e9mon\n|rule|OHKO Clause: OHKO moves are banned\n|rule|Evasion Items Clause: Evasion items are banned\n|rule|Evasion Moves Clause: Evasion moves are banned\n|rule|Endless Battle Clause: Forcing endless battles is banned\n|rule|HP Percentage Mod: HP is shown in percentages\n|clearpoke\n|poke|p1|Darkrai|\n|poke|p1|Corviknight, M|\n|poke|p1|Glimmora, F|\n|poke|p1|Samurott-Hisui, F|\n|poke|p1|Slowking-Galar, F|\n|poke|p2|Baxcalibur, F|\n|poke|p2|Ninetales-Alola, F|\n|poke|p2|Chien-Pao|\n|poke|p2|Zacian-*|\n|poke|p2|Tornadus, M|\n|poke|p2|Ribombee, F|\n|teampreview\n|inactive|Battle timer is ON: inactive players will automatically lose when time's up. (requested by MeteorAsh15)\n|\n|t:|1698219269\n|start\n|switch|p1a: Glimmora|Glimmora, F|100\/100\n|switch|p2a: Ribombee|Ribombee, F|100\/100\n|turn|1\n|\n|t:|1698219277\n|move|p2a: Ribombee|Sticky Web|p1a: Glimmora\n|-sidestart|p1: TFMatas|move: Sticky Web\n|move|p1a: Glimmora|Toxic Spikes|p2a: Ribombee\n|-sidestart|p2: MeteorAsh15|move: Toxic Spikes\n|\n|upkeep\n|turn|2\n|\n|t:|1698219283\n|move|p2a: Ribombee|Stun Spore|p1a: Glimmora\n|-status|p1a: Glimmora|par\n|move|p1a: Glimmora|Stealth Rock|p2a: Ribombee\n|-sidestart|p2: MeteorAsh15|move: Stealth Rock\n|\n|upkeep\n|turn|3\n|\n|t:|1698219290\n|move|p2a: Ribombee|Dazzling Gleam|p1a: Glimmora\n|-resisted|p1a: Glimmora\n|-damage|p1a: Glimmora|88\/100 par\n|move|p1a: Glimmora|Spikes|p2a: Ribombee\n|-sidestart|p2: MeteorAsh15|Spikes\n|\n|-heal|p1a: Glimmora|95\/100 par|[from] item: Leftovers\n|upkeep\n|turn|4\n|\n|t:|1698219300\n|move|p2a: Ribombee|Tailwind|p2a: Ribombee\n|-sidestart|p2: MeteorAsh15|move: Tailwind\n|move|p1a: Glimmora|Spikes|p2a: Ribombee\n|-sidestart|p2: MeteorAsh15|Spikes\n|\n|-heal|p1a: Glimmora|100\/100 par|[from] item: Leftovers\n|upkeep\n|turn|5\n|\n|t:|1698219309\n|switch|p2a: Zacian|Zacian-Crowned|100\/100\n|-damage|p2a: Zacian|94\/100|[from] Stealth Rock\n|-damage|p2a: Zacian|78\/100|[from] Spikes\n|-ability|p2a: Zacian|Intrepid Sword|boost\n|-boost|p2a: Zacian|atk|1\n|move|p1a: Glimmora|Toxic Spikes|p2a: Zacian\n|-sidestart|p2: MeteorAsh15|move: Toxic Spikes\n|\n|upkeep\n|turn|6\n|\n|t:|1698219319\n|move|p1a: Glimmora|Protect|p1a: Glimmora\n|-singleturn|p1a: Glimmora|Protect\n|move|p2a: Zacian|Behemoth Blade|p1a: Glimmora\n|-activate|p1a: Glimmora|move: Protect\n|\n|upkeep\n|turn|7\n|\n|t:|1698219326\n|cant|p1a: Glimmora|par\n|move|p2a: Zacian|Behemoth Blade|p1a: Glimmora\n|-supereffective|p1a: Glimmora\n|-damage|p1a: Glimmora|0 fnt\n|faint|p1a: Glimmora\n|\n|-sideend|p2: MeteorAsh15|move: Tailwind\n|upkeep\n|\n|t:|1698219337\n|switch|p1a: Corviknight|Corviknight, M, shiny|100\/100\n|-ability|p1a: Corviknight|Pressure\n|turn|8\n|\n|t:|1698219343\n|move|p2a: Zacian|Crunch|p1a: Corviknight\n|-damage|p1a: Corviknight|57\/100\n|move|p1a: Corviknight|Iron Head|p2a: Zacian\n|-damage|p2a: Zacian|47\/100\n|\n|-heal|p1a: Corviknight|64\/100|[from] item: Leftovers\n|upkeep\n|turn|9\n|\n|t:|1698219351\n|move|p2a: Zacian|Crunch|p1a: Corviknight\n|-damage|p1a: Corviknight|15\/100\n|-unboost|p1a: Corviknight|def|1\n|move|p1a: Corviknight|Tailwind|p1a: Corviknight\n|-sidestart|p1: TFMatas|move: Tailwind\n|\n|-heal|p1a: Corviknight|22\/100|[from] item: Leftovers\n|upkeep\n|turn|10\n|\n|t:|1698219360\n|move|p1a: Corviknight|Roost|p1a: Corviknight\n|-heal|p1a: Corviknight|72\/100\n|-singleturn|p1a: Corviknight|move: Roost\n|move|p2a: Zacian|Behemoth Blade|p1a: Corviknight\n|-resisted|p1a: Corviknight\n|-damage|p1a: Corviknight|9\/100\n|\n|-heal|p1a: Corviknight|15\/100|[from] item: Leftovers\n|upkeep\n|turn|11\n|\n|t:|1698219370\n|move|p1a: Corviknight|Iron Head|p2a: Zacian\n|-damage|p2a: Zacian|16\/100\n|move|p2a: Zacian|Behemoth Blade|p1a: Corviknight\n|-resisted|p1a: Corviknight\n|-damage|p1a: Corviknight|0 fnt\n|faint|p1a: Corviknight\n|\n|upkeep\n|\n|t:|1698219378\n|switch|p1a: Samurott|Samurott-Hisui, F|100\/100\n|-activate|p1a: Samurott|move: Sticky Web\n|-unboost|p1a: Samurott|spe|1\n|turn|12\n|\n|t:|1698219383\n|move|p2a: Zacian|Play Rough|p1a: Samurott\n|-supereffective|p1a: Samurott\n|-damage|p1a: Samurott|0 fnt\n|faint|p1a: Samurott\n|\n|-sideend|p1: TFMatas|move: Tailwind\n|upkeep\n|\n|t:|1698219389\n|switch|p1a: Slowking|Slowking-Galar, F|100\/100\n|-activate|p1a: Slowking|move: Sticky Web\n|-unboost|p1a: Slowking|spe|1\n|turn|13\n|\n|t:|1698219396\n|move|p2a: Zacian|Crunch|p1a: Slowking\n|-supereffective|p1a: Slowking\n|-damage|p1a: Slowking|3\/100\n|move|p1a: Slowking|Psychic|p2a: Zacian\n|-resisted|p2a: Zacian\n|-damage|p2a: Zacian|0 fnt\n|faint|p2a: Zacian\n|\n|-heal|p1a: Slowking|9\/100|[from] item: Black Sludge\n|upkeep\n|\n|t:|1698219406\n|switch|p2a: Baxcalibur|Baxcalibur, F|100\/100\n|-status|p2a: Baxcalibur|tox\n|-damage|p2a: Baxcalibur|76\/100 tox|[from] Stealth Rock\n|-damage|p2a: Baxcalibur|59\/100 tox|[from] Spikes\n|turn|14\n|\n|t:|1698219418\n|switch|p1a: Darkrai|Darkrai, shiny|100\/100\n|-activate|p1a: Darkrai|move: Sticky Web\n|-unboost|p1a: Darkrai|spe|1\n|move|p2a: Baxcalibur|Scale Shot|p1a: Darkrai\n|-damage|p1a: Darkrai|83\/100\n|-damage|p1a: Darkrai|65\/100\n|-damage|p1a: Darkrai|47\/100\n|-damage|p1a: Darkrai|27\/100\n|-hitcount|p1a: Darkrai|4\n|-unboost|p2a: Baxcalibur|def|1\n|-boost|p2a: Baxcalibur|spe|1\n|\n|-heal|p1a: Darkrai|33\/100|[from] item: Leftovers\n|-damage|p2a: Baxcalibur|53\/100 tox|[from] psn\n|upkeep\n|turn|15\n|\n|t:|1698219435\n|move|p2a: Baxcalibur|Icicle Spear|p1a: Darkrai\n|-damage|p1a: Darkrai|14\/100\n|-damage|p1a: Darkrai|0 fnt\n|faint|p1a: Darkrai\n|-hitcount|p1: Darkrai|2\n|\n|-damage|p2a: Baxcalibur|41\/100 tox|[from] psn\n|upkeep\n|\n|t:|1698219443\n|switch|p1a: Slowking|Slowking-Galar, F|42\/100\n|-activate|p1a: Slowking|move: Sticky Web\n|-unboost|p1a: Slowking|spe|1\n|turn|16\n|\n|t:|1698219449\n|move|p2a: Baxcalibur|Earthquake|p1a: Slowking\n|-supereffective|p1a: Slowking\n|-damage|p1a: Slowking|0 fnt\n|faint|p1a: Slowking\n|\n|win|MeteorAsh15\n|raw|TFMatas's rating: 1032 &rarr; <strong>1021<\/strong><br \/>(-11 for losing)\n|raw|MeteorAsh15's rating: 1116 &rarr; <strong>1135<\/strong><br \/>(+19 for winning)\n|l|\u2606TFMatas\n","uploadtime":1698219464,"views":12,"p1id":"tfmatas","p2id":"meteorash15","formatid":"gen9ubers","rating":1021,"private":0,"password":""}