{"id":"gen9ubers-1995118671","p1":"vt1ao3l","p2":"Iioooommmggggi","format":"[Gen 9] Ubers","log":"|j|\u2606vt1ao3l\n|j|\u2606Iioooommmggggi\n|t:|1700524607\n|gametype|singles\n|player|p1|vt1ao3l|lance|1000\n|player|p2|Iioooommmggggi|101|1000\n|teamsize|p1|6\n|teamsize|p2|6\n|gen|9\n|tier|[Gen 9] Ubers\n|rated|\n|rule|Sleep Clause Mod: Limit one foe put to sleep\n|rule|Species Clause: Limit one of each Pok\u00e9mon\n|rule|OHKO Clause: OHKO moves are banned\n|rule|Evasion Items Clause: Evasion items are banned\n|rule|Evasion Moves Clause: Evasion moves are banned\n|rule|Endless Battle Clause: Forcing endless battles is banned\n|rule|HP Percentage Mod: HP is shown in percentages\n|clearpoke\n|poke|p1|Cinderace, M|\n|poke|p1|Garchomp, M|\n|poke|p1|Dragonite, M|\n|poke|p1|Breloom, M|\n|poke|p1|Samurott-Hisui, F|\n|poke|p1|Maushold|\n|poke|p2|Slowbro-Galar, M|\n|poke|p2|Cloyster, F|\n|poke|p2|Dragapult, M|\n|poke|p2|Magearna|\n|poke|p2|Groudon|\n|poke|p2|Clefable, F|\n|teampreview\n|inactive|Battle timer is ON: inactive players will automatically lose when time's up. (requested by vt1ao3l)\n|\n|t:|1700524655\n|start\n|switch|p1a: Maushold|Maushold, shiny|100\/100\n|switch|p2a: Slowbro|Slowbro-Galar, M, shiny|100\/100\n|turn|1\n|inactiveoff|Battle timer is now OFF.\n|\n|t:|1700524663\n|move|p1a: Maushold|Agility|p1a: Maushold\n|-boost|p1a: Maushold|spe|2\n|move|p2a: Slowbro|Belly Drum|p2a: Slowbro\n|-damage|p2a: Slowbro|50\/100\n|-setboost|p2a: Slowbro|atk|6|[from] move: Belly Drum\n|\n|upkeep\n|turn|2\n|\n|t:|1700524679\n|move|p1a: Maushold|Population Bomb|p2a: Slowbro\n|-damage|p2a: Slowbro|43\/100\n|-damage|p2a: Slowbro|36\/100\n|-damage|p2a: Slowbro|29\/100\n|-damage|p2a: Slowbro|22\/100\n|-damage|p2a: Slowbro|14\/100\n|-damage|p2a: Slowbro|7\/100\n|-damage|p2a: Slowbro|0 fnt\n|faint|p2a: Slowbro\n|-hitcount|p2: Slowbro|7\n|\n|upkeep\n|\n|t:|1700524702\n|switch|p2a: Magearna|Magearna|100\/100\n|turn|3\n|\n|t:|1700524712\n|move|p1a: Maushold|Protect|p1a: Maushold\n|-singleturn|p1a: Maushold|Protect\n|move|p2a: Magearna|Aura Sphere|p1a: Maushold\n|-activate|p1a: Maushold|move: Protect\n|\n|upkeep\n|turn|4\n|\n|t:|1700524720\n|move|p1a: Maushold|Population Bomb|p2a: Magearna\n|-resisted|p2a: Magearna\n|-damage|p2a: Magearna|97\/100\n|-resisted|p2a: Magearna\n|-damage|p2a: Magearna|94\/100\n|-resisted|p2a: Magearna\n|-crit|p2a: Magearna\n|-damage|p2a: Magearna|89\/100\n|-resisted|p2a: Magearna\n|-damage|p2a: Magearna|85\/100\n|-resisted|p2a: Magearna\n|-damage|p2a: Magearna|82\/100\n|-resisted|p2a: Magearna\n|-damage|p2a: Magearna|79\/100\n|-resisted|p2a: Magearna\n|-damage|p2a: Magearna|75\/100\n|-resisted|p2a: Magearna\n|-damage|p2a: Magearna|72\/100\n|-resisted|p2a: Magearna\n|-damage|p2a: Magearna|69\/100\n|-resisted|p2a: Magearna\n|-damage|p2a: Magearna|65\/100\n|-hitcount|p2a: Magearna|10\n|move|p2a: Magearna|Aura Sphere|p1a: Maushold\n|-supereffective|p1a: Maushold\n|-enditem|p1a: Maushold|Focus Sash\n|-damage|p1a: Maushold|1\/100\n|\n|upkeep\n|turn|5\n|inactive|Battle timer is ON: inactive players will automatically lose when time's up. (requested by Iioooommmggggi)\n|\n|t:|1700524757\n|move|p1a: Maushold|Population Bomb|p2a: Magearna\n|-resisted|p2a: Magearna\n|-damage|p2a: Magearna|61\/100\n|-resisted|p2a: Magearna\n|-crit|p2a: Magearna\n|-damage|p2a: Magearna|56\/100\n|-resisted|p2a: Magearna\n|-damage|p2a: Magearna|52\/100\n|-resisted|p2a: Magearna\n|-crit|p2a: Magearna\n|-damage|p2a: Magearna|47\/100\n|-resisted|p2a: Magearna\n|-crit|p2a: Magearna\n|-damage|p2a: Magearna|42\/100\n|-resisted|p2a: Magearna\n|-damage|p2a: Magearna|39\/100\n|-resisted|p2a: Magearna\n|-damage|p2a: Magearna|35\/100\n|-resisted|p2a: Magearna\n|-damage|p2a: Magearna|32\/100\n|-resisted|p2a: Magearna\n|-damage|p2a: Magearna|29\/100\n|-resisted|p2a: Magearna\n|-damage|p2a: Magearna|25\/100\n|-hitcount|p2a: Magearna|10\n|move|p2a: Magearna|Aura Sphere|p1a: Maushold\n|-supereffective|p1a: Maushold\n|-damage|p1a: Maushold|0 fnt\n|faint|p1a: Maushold\n|-ability|p2a: Magearna|Soul-Heart|boost\n|-boost|p2a: Magearna|spa|1\n|\n|upkeep\n|\n|t:|1700524787\n|switch|p1a: Cinderace|Cinderace, M|100\/100\n|turn|6\n|\n|t:|1700524799\n|move|p1a: Cinderace|Pyro Ball|p2a: Magearna\n|-supereffective|p2a: Magearna\n|-damage|p2a: Magearna|0 fnt\n|faint|p2a: Magearna\n|\n|upkeep\n|\n|t:|1700524805\n|switch|p2a: Cloyster|Cloyster, F, shiny|100\/100\n|turn|7\n|\n|t:|1700524820\n|move|p1a: Cinderace|High Jump Kick|p2a: Cloyster\n|-start|p1a: Cinderace|typechange|Fighting|[from] ability: Libero\n|-supereffective|p2a: Cloyster\n|-damage|p2a: Cloyster|13\/100\n|move|p2a: Cloyster|Toxic Spikes|p1a: Cinderace\n|-sidestart|p1: vt1ao3l|move: Toxic Spikes\n|\n|upkeep\n|turn|8\n|\n|t:|1700524838\n|switch|p2a: Dragapult|Dragapult, M|100\/100\n|move|p1a: Cinderace|Court Change|p1a: Cinderace\n|-swapsideconditions\n|-activate|p1a: Cinderace|move: Court Change\n|\n|upkeep\n|turn|9\n|\n|t:|1700524852\n|move|p2a: Dragapult|Psychic Fangs|p1a: Cinderace\n|-supereffective|p1a: Cinderace\n|-damage|p1a: Cinderace|20\/100\n|move|p1a: Cinderace|Iron Head|p2a: Dragapult\n|-damage|p2a: Dragapult|66\/100\n|\n|upkeep\n|turn|10\n|inactive|vt1ao3l has 120 seconds left.\n|\n|t:|1700524882\n|move|p2a: Dragapult|Psychic Fangs|p1a: Cinderace\n|-supereffective|p1a: Cinderace\n|-damage|p1a: Cinderace|0 fnt\n|faint|p1a: Cinderace\n|\n|upkeep\n|inactive|vt1ao3l has 120 seconds left.\n|\n|t:|1700524906\n|switch|p1a: Samurott|Samurott-Hisui, F|100\/100\n|turn|11\n|\n|t:|1700524925\n|switch|p2a: Clefable|Clefable, F|100\/100\n|-status|p2a: Clefable|psn\n|move|p1a: Samurott|Ceaseless Edge|p2a: Clefable\n|-resisted|p2a: Clefable\n|-damage|p2a: Clefable|83\/100 psn\n|-sidestart|p2: Iioooommmggggi|Spikes\n|\n|-damage|p2a: Clefable|71\/100 psn|[from] psn\n|upkeep\n|turn|12\n|\n|t:|1700524940\n|move|p1a: Samurott|Razor Shell|p2a: Clefable|[miss]\n|-miss|p1a: Samurott|p2a: Clefable\n|move|p2a: Clefable|Moonblast|p1a: Samurott\n|-supereffective|p1a: Samurott\n|-damage|p1a: Samurott|4\/100\n|\n|-heal|p1a: Samurott|10\/100|[from] item: Leftovers\n|-damage|p2a: Clefable|59\/100 psn|[from] psn\n|upkeep\n|turn|13\n|\n|t:|1700524960\n|move|p1a: Samurott|Razor Shell|p2a: Clefable\n|-damage|p2a: Clefable|14\/100 psn\n|-unboost|p2a: Clefable|def|1\n|move|p2a: Clefable|Moonblast|p1a: Samurott\n|-supereffective|p1a: Samurott\n|-damage|p1a: Samurott|0 fnt\n|faint|p1a: Samurott\n|\n|-damage|p2a: Clefable|1\/100 psn|[from] psn\n|upkeep\n|inactive|vt1ao3l has 90 seconds left.\n|\n|t:|1700524992\n|switch|p1a: Breloom|Breloom, M|100\/100\n|turn|14\n|\n|t:|1700525013\n|move|p1a: Breloom|Bulk Up|p1a: Breloom\n|-boost|p1a: Breloom|atk|1\n|-boost|p1a: Breloom|def|1\n|move|p2a: Clefable|Flamethrower|p1a: Breloom\n|-supereffective|p1a: Breloom\n|-damage|p1a: Breloom|29\/100\n|\n|-heal|p1a: Breloom|35\/100|[from] item: Leftovers\n|-damage|p2a: Clefable|0 fnt|[from] psn\n|faint|p2a: Clefable\n|upkeep\n|\n|t:|1700525025\n|switch|p2a: Cloyster|Cloyster, F, shiny|13\/100\n|-status|p2a: Cloyster|psn\n|-damage|p2a: Cloyster|0 fnt|[from] Spikes\n|faint|p2a: Cloyster\n|inactive|Iioooommmggggi has 120 seconds left.\n|\n|t:|1700525036\n|switch|p2a: Dragapult|Dragapult, M|66\/100\n|-status|p2a: Dragapult|psn\n|-damage|p2a: Dragapult|53\/100 psn|[from] Spikes\n|turn|15\n|inactive|vt1ao3l has 90 seconds left.\n|inactive|Iioooommmggggi has 120 seconds left.\n|\n|t:|1700525073\n|move|p2a: Dragapult|Dragon Darts|p1a: Breloom\n|-damage|p1a: Breloom|9\/100\n|-anim|p2a: Dragapult|Dragon Darts|p1a: Breloom\n|-damage|p1a: Breloom|0 fnt\n|faint|p1a: Breloom\n|\n|-damage|p2a: Dragapult|41\/100 psn|[from] psn\n|upkeep\n|inactive|vt1ao3l has 60 seconds left.\n|\n|t:|1700525099\n|switch|p1a: Dragonite|Dragonite, M|100\/100\n|turn|16\n|\n|t:|1700525115\n|move|p2a: Dragapult|Dragon Darts|p1a: Dragonite\n|-supereffective|p1a: Dragonite\n|-damage|p1a: Dragonite|48\/100\n|-anim|p2a: Dragapult|Dragon Darts|p1a: Dragonite\n|-supereffective|p1a: Dragonite\n|-crit|p1a: Dragonite\n|-damage|p1a: Dragonite|0 fnt\n|faint|p1a: Dragonite\n|\n|-damage|p2a: Dragapult|29\/100 psn|[from] psn\n|upkeep\n|\n|t:|1700525124\n|switch|p1a: Garchomp|Garchomp, M|100\/100\n|turn|17\n|\n|t:|1700525129\n|move|p2a: Dragapult|Dragon Darts|p1a: Garchomp\n|-supereffective|p1a: Garchomp\n|-damage|p1a: Garchomp|50\/100\n|-anim|p2a: Dragapult|Dragon Darts|p1a: Garchomp\n|-supereffective|p1a: Garchomp\n|-damage|p1a: Garchomp|2\/100\n|move|p1a: Garchomp|Crunch|p2a: Dragapult\n|-supereffective|p2a: Dragapult\n|-damage|p2a: Dragapult|0 fnt\n|faint|p2a: Dragapult\n|\n|-heal|p1a: Garchomp|8\/100|[from] item: Leftovers\n|upkeep\n|\n|t:|1700525142\n|switch|p2a: Groudon|Groudon|100\/100\n|-status|p2a: Groudon|psn\n|-damage|p2a: Groudon|88\/100 psn|[from] Spikes\n|-weather|SunnyDay|[from] ability: Drought|[of] p2a: Groudon\n|turn|18\n|\n|t:|1700525152\n|-terastallize|p1a: Garchomp|Dragon\n|move|p2a: Groudon|Earthquake|p1a: Garchomp\n|-damage|p1a: Garchomp|0 fnt\n|faint|p1a: Garchomp\n|\n|win|Iioooommmggggi\n|raw|vt1ao3l's rating: 1000 &rarr; <strong>1000<\/strong><br \/>(+0 for losing)\n|raw|Iioooommmggggi's rating: 1000 &rarr; <strong>1040<\/strong><br \/>(+40 for winning)\n","uploadtime":1700525155,"views":2,"p1id":"vt1ao3l","p2id":"iioooommmggggi","formatid":"gen9ubers","rating":1000,"private":0,"password":""}