{"id":"gen9ubers-1984297926","p1":"Laprasrules12","p2":"TheSilvySilv","format":"[Gen 9] Ubers","log":"|j|\u2606Laprasrules12\n|j|\u2606TheSilvySilv\n|t:|1699240505\n|gametype|singles\n|player|p1|Laprasrules12|lusamine-nihilego|\n|player|p2|TheSilvySilv|ghetsis|\n|teamsize|p1|6\n|teamsize|p2|6\n|gen|9\n|tier|[Gen 9] Ubers\n|rule|Sleep Clause Mod: Limit one foe put to sleep\n|rule|Species Clause: Limit one of each Pok\u00e9mon\n|rule|OHKO Clause: OHKO moves are banned\n|rule|Evasion Items Clause: Evasion items are banned\n|rule|Evasion Moves Clause: Evasion moves are banned\n|rule|Endless Battle Clause: Forcing endless battles is banned\n|rule|HP Percentage Mod: HP is shown in percentages\n|clearpoke\n|poke|p1|Arceus-Fighting|\n|poke|p1|Espathra, F|\n|poke|p1|Zacian-*|\n|poke|p1|Palkia-Origin|\n|poke|p1|Cyclizar, M|\n|poke|p1|Magearna-Original|\n|poke|p2|Chi-Yu|\n|poke|p2|Slowking-Galar, M|\n|poke|p2|Arceus-Dragon|\n|poke|p2|Palafin, F|\n|poke|p2|Magearna|\n|poke|p2|Cyclizar, F|\n|teampreview\n|inactive|Battle timer is ON: inactive players will automatically lose when time's up. (requested by Laprasrules12)\n|j| Leo Justice\n|c| Leo Justice|Final match\n|c|\u2606TheSilvySilv|yep\n|c|\u2606Laprasrules12|Fuck that bear\n|c|\u2606TheSilvySilv|lol\n|\n|t:|1699240535\n|start\n|switch|p1a: Say Gex|Cyclizar, M, shiny|100\/100\n|switch|p2a: Chi-Yu|Chi-Yu|100\/100\n|-ability|p2a: Chi-Yu|Beads of Ruin\n|turn|1\n|\n|t:|1699240540\n|move|p1a: Say Gex|Shed Tail|p1a: Say Gex\n|-start|p1a: Say Gex|Substitute|[from] move: Shed Tail\n|-damage|p1a: Say Gex|50\/100\n|\n|t:|1699240542\n|switch|p1a: The Horse|Palkia-Origin, shiny|100\/100|[from] Shed Tail\n|-ability|p1a: The Horse|Pressure\n|move|p2a: Chi-Yu|Dark Pulse|p1a: The Horse\n|-end|p1a: The Horse|Substitute\n|\n|upkeep\n|turn|2\n|\n|t:|1699240553\n|switch|p1a: Sif|Zacian, shiny|100\/100\n|-ability|p1a: Sif|Intrepid Sword|boost\n|-boost|p1a: Sif|atk|1\n|switch|p2a: Slowking|Slowking-Galar, M|100\/100\n|\n|upkeep\n|turn|3\n|\n|t:|1699240559\n|-terastallize|p1a: Sif|Dark\n|move|p1a: Sif|Crunch|p2a: Slowking\n|-supereffective|p2a: Slowking\n|-damage|p2a: Slowking|0 fnt\n|faint|p2a: Slowking\n|-damage|p1a: Sif|91\/100|[from] item: Life Orb\n|\n|upkeep\n|\n|t:|1699240566\n|switch|p2a: Magearna|Magearna|100\/100\n|turn|4\n|\n|t:|1699240575\n|switch|p1a: Cleopatra|Espathra, F, shiny|100\/100\n|move|p2a: Magearna|Volt Switch|p1a: Cleopatra\n|-damage|p1a: Cleopatra|61\/100\n|\n|t:|1699240582\n|switch|p2a: Chi-Yu|Chi-Yu|100\/100|[from] Volt Switch\n|-ability|p2a: Chi-Yu|Beads of Ruin\n|\n|-heal|p1a: Cleopatra|67\/100|[from] item: Leftovers\n|upkeep\n|turn|5\n|\n|t:|1699240590\n|move|p1a: Cleopatra|Protect|p1a: Cleopatra\n|-singleturn|p1a: Cleopatra|Protect\n|move|p2a: Chi-Yu|Dark Pulse|p1a: Cleopatra\n|-activate|p1a: Cleopatra|move: Protect\n|\n|-heal|p1a: Cleopatra|73\/100|[from] item: Leftovers\n|-ability|p1a: Cleopatra|Speed Boost|boost\n|-boost|p1a: Cleopatra|spe|1\n|upkeep\n|turn|6\n|\n|t:|1699240596\n|switch|p1a: Pok\u00e9ball|Magearna-Original|100\/100\n|switch|p2a: Magearna|Magearna|100\/100\n|\n|upkeep\n|turn|7\n|\n|t:|1699240602\n|move|p2a: Magearna|Spikes|p1a: Pok\u00e9ball\n|-sidestart|p1: Laprasrules12|Spikes\n|move|p1a: Pok\u00e9ball|Volt Switch|p2a: Magearna\n|-damage|p2a: Magearna|84\/100\n|\n|t:|1699240604\n|switch|p1a: Cleopatra|Espathra, F, shiny|73\/100|[from] Volt Switch\n|-damage|p1a: Cleopatra|61\/100|[from] Spikes\n|\n|-heal|p1a: Cleopatra|67\/100|[from] item: Leftovers\n|upkeep\n|turn|8\n|\n|t:|1699240610\n|move|p1a: Cleopatra|Calm Mind|p1a: Cleopatra\n|-boost|p1a: Cleopatra|spa|1\n|-boost|p1a: Cleopatra|spd|1\n|move|p2a: Magearna|Volt Switch|p1a: Cleopatra\n|-damage|p1a: Cleopatra|41\/100\n|\n|t:|1699240615\n|switch|p2a: Chi-Yu|Chi-Yu|100\/100|[from] Volt Switch\n|-ability|p2a: Chi-Yu|Beads of Ruin\n|\n|-heal|p1a: Cleopatra|47\/100|[from] item: Leftovers\n|-ability|p1a: Cleopatra|Speed Boost|boost\n|-boost|p1a: Cleopatra|spe|1\n|upkeep\n|turn|9\n|\n|t:|1699240617\n|move|p1a: Cleopatra|Protect|p1a: Cleopatra\n|-singleturn|p1a: Cleopatra|Protect\n|move|p2a: Chi-Yu|Dark Pulse|p1a: Cleopatra\n|-activate|p1a: Cleopatra|move: Protect\n|\n|-heal|p1a: Cleopatra|53\/100|[from] item: Leftovers\n|-ability|p1a: Cleopatra|Speed Boost|boost\n|-boost|p1a: Cleopatra|spe|1\n|upkeep\n|turn|10\n|\n|t:|1699240620\n|move|p1a: Cleopatra|Tera Blast|p2a: Chi-Yu\n|-damage|p2a: Chi-Yu|56\/100\n|move|p2a: Chi-Yu|Dark Pulse|p1a: Cleopatra\n|-supereffective|p1a: Cleopatra\n|-damage|p1a: Cleopatra|0 fnt\n|faint|p1a: Cleopatra\n|\n|upkeep\n|\n|t:|1699240623\n|switch|p1a: The Horse|Palkia-Origin, shiny|100\/100\n|-damage|p1a: The Horse|88\/100|[from] Spikes\n|-ability|p1a: The Horse|Pressure\n|turn|11\n|\n|t:|1699240630\n|move|p1a: The Horse|Hydro Pump|p2a: Chi-Yu|[miss]\n|-miss|p1a: The Horse|p2a: Chi-Yu\n|move|p2a: Chi-Yu|Dark Pulse|p1a: The Horse\n|-damage|p1a: The Horse|14\/100\n|\n|upkeep\n|turn|12\n|c|\u2606TheSilvySilv|sry\n|c|\u2606Laprasrules12|Wtc\n|\n|t:|1699240643\n|move|p1a: The Horse|Spacial Rend|p2a: Chi-Yu\n|-damage|p2a: Chi-Yu|0 fnt\n|faint|p2a: Chi-Yu\n|\n|upkeep\n|j| Reposti\n|\n|t:|1699240659\n|switch|p2a: Cyclizar|Cyclizar, F|100\/100\n|turn|13\n|\n|t:|1699240668\n|move|p2a: Cyclizar|Body Slam|p1a: The Horse\n|-damage|p1a: The Horse|0 fnt\n|faint|p1a: The Horse\n|\n|upkeep\n|\n|t:|1699240671\n|switch|p1a: Kratos|Arceus-Fighting, shiny|100\/100\n|-damage|p1a: Kratos|88\/100|[from] Spikes\n|turn|14\n|\n|t:|1699240675\n|move|p2a: Cyclizar|Shed Tail|p2a: Cyclizar\n|-start|p2a: Cyclizar|Substitute|[from] move: Shed Tail\n|-damage|p2a: Cyclizar|50\/100\n|\n|t:|1699240678\n|switch|p2a: Arceus|Arceus-Dragon|100\/100|[from] Shed Tail\n|move|p1a: Kratos|Cosmic Power|p1a: Kratos\n|-boost|p1a: Kratos|def|1\n|-boost|p1a: Kratos|spd|1\n|\n|upkeep\n|turn|15\n|\n|t:|1699240685\n|move|p2a: Arceus|Calm Mind|p2a: Arceus\n|-boost|p2a: Arceus|spa|1\n|-boost|p2a: Arceus|spd|1\n|move|p1a: Kratos|Cosmic Power|p1a: Kratos\n|-boost|p1a: Kratos|def|1\n|-boost|p1a: Kratos|spd|1\n|\n|upkeep\n|turn|16\n|\n|t:|1699240687\n|move|p2a: Arceus|Calm Mind|p2a: Arceus\n|-boost|p2a: Arceus|spa|1\n|-boost|p2a: Arceus|spd|1\n|move|p1a: Kratos|Body Press|p2a: Arceus\n|-end|p2a: Arceus|Substitute\n|\n|upkeep\n|turn|17\n|c|\u2606TheSilvySilv|oh you're cosmic power im blind AF\n|\n|t:|1699240704\n|move|p2a: Arceus|Judgment|p1a: Kratos\n|-damage|p1a: Kratos|57\/100\n|move|p1a: Kratos|Body Press|p2a: Arceus\n|-damage|p2a: Arceus|35\/100\n|\n|upkeep\n|turn|18\n|\n|t:|1699240709\n|move|p2a: Arceus|Judgment|p1a: Kratos\n|-damage|p1a: Kratos|22\/100\n|move|p1a: Kratos|Recover|p1a: Kratos\n|-heal|p1a: Kratos|72\/100\n|\n|upkeep\n|turn|19\n|\n|t:|1699240719\n|move|p2a: Arceus|Judgment|p1a: Kratos\n|-damage|p1a: Kratos|40\/100\n|move|p1a: Kratos|Body Press|p2a: Arceus\n|-damage|p2a: Arceus|0 fnt\n|faint|p2a: Arceus\n|\n|upkeep\n|\n|t:|1699240723\n|switch|p2a: Magearna|Magearna|84\/100\n|turn|20\n|\n|t:|1699240727\n|move|p1a: Kratos|Recover|p1a: Kratos\n|-heal|p1a: Kratos|90\/100\n|move|p2a: Magearna|Fleur Cannon|p1a: Kratos|[miss]\n|-miss|p2a: Magearna|p1a: Kratos\n|\n|upkeep\n|turn|21\n|c|\u2606TheSilvySilv|rip\n|\n|t:|1699240735\n|move|p1a: Kratos|Cosmic Power|p1a: Kratos\n|-boost|p1a: Kratos|def|1\n|-boost|p1a: Kratos|spd|1\n|move|p2a: Magearna|Fleur Cannon|p1a: Kratos\n|-supereffective|p1a: Kratos\n|-damage|p1a: Kratos|48\/100\n|-unboost|p2a: Magearna|spa|2\n|-enditem|p2a: Magearna|Eject Pack\n|\n|t:|1699240742\n|switch|p2a: Cyclizar|Cyclizar, F|84\/100\n|\n|upkeep\n|turn|22\n|\n|t:|1699240753\n|-terastallize|p2a: Cyclizar|Ghost\n|move|p2a: Cyclizar|Body Slam|p1a: Kratos\n|-damage|p1a: Kratos|41\/100\n|move|p1a: Kratos|Recover|p1a: Kratos\n|-heal|p1a: Kratos|91\/100\n|\n|upkeep\n|turn|23\n|\n|t:|1699240758\n|move|p2a: Cyclizar|Body Slam|p1a: Kratos\n|-damage|p1a: Kratos|85\/100\n|-status|p1a: Kratos|par\n|move|p1a: Kratos|Stored Power|p2a: Cyclizar\n|-damage|p2a: Cyclizar|34\/100\n|\n|upkeep\n|turn|24\n|\n|t:|1699240766\n|switch|p2a: Magearna|Magearna|84\/100\n|move|p1a: Kratos|Cosmic Power|p1a: Kratos\n|-boost|p1a: Kratos|def|1\n|-boost|p1a: Kratos|spd|1\n|\n|upkeep\n|turn|25\n|\n|t:|1699240771\n|move|p2a: Magearna|Fleur Cannon|p1a: Kratos\n|-supereffective|p1a: Kratos\n|-damage|p1a: Kratos|50\/100 par\n|-unboost|p2a: Magearna|spa|2\n|move|p1a: Kratos|Recover|p1a: Kratos\n|-heal|p1a: Kratos|99\/100 par\n|\n|upkeep\n|turn|26\n|\n|t:|1699240777\n|switch|p2a: Cyclizar|Cyclizar, F, tera:Ghost|67\/100\n|move|p1a: Kratos|Body Press|p2a: Cyclizar\n|-immune|p2a: Cyclizar\n|\n|upkeep\n|turn|27\n|\n|t:|1699240784\n|switch|p2a: Magearna|Magearna|84\/100\n|move|p1a: Kratos|Body Press|p2a: Magearna\n|-damage|p2a: Magearna|0 fnt\n|faint|p2a: Magearna\n|\n|upkeep\n|\n|t:|1699240789\n|switch|p2a: Palafin|Palafin, F|100\/100\n|turn|28\n|c| Leo Justice|its over\n|c| Leo Justice|gg\n|c|\u2606Laprasrules12|The rage spell came back\n|c| Leo Justice|\"If cosmic power arceus is not banned this metagame will never grow\"\n|c| Leo Justice|\"That is my final message\"\n|c|\u2606Laprasrules12|Remember\n|c| Leo Justice|\"Goodbye\"\n|c|\u2606TheSilvySilv|yeah I was blind and thought it said calm mind\n|c|\u2606Laprasrules12|That was my fault\n|\n|t:|1699240816\n|detailschange|p2a: Palafin|Palafin-Hero, F\n|switch|p2a: Cyclizar|Cyclizar, F, tera:Ghost|99\/100\n|move|p1a: Kratos|Stored Power|p2a: Cyclizar\n|-damage|p2a: Cyclizar|27\/100\n|\n|upkeep\n|turn|29\n|\n|t:|1699240829\n|move|p2a: Cyclizar|Body Slam|p1a: Kratos\n|-damage|p1a: Kratos|95\/100 par\n|move|p1a: Kratos|Stored Power|p2a: Cyclizar\n|-damage|p2a: Cyclizar|0 fnt\n|faint|p2a: Cyclizar\n|\n|upkeep\n|c|\u2606Laprasrules12|I caused that guy ti leave\n|\n|t:|1699240831\n|switch|p2a: Palafin|Palafin-Hero, F|100\/100\n|-activate|p2a: Palafin|ability: Zero to Hero\n|turn|30\n|j| PinkScourge\n|c|\u2606Laprasrules12|With this exact Arceus\n|\n|t:|1699240838\n|move|p2a: Palafin|Encore|p1a: Kratos\n|-start|p1a: Kratos|Encore\n|move|p1a: Kratos|Stored Power|p2a: Palafin\n|-damage|p2a: Palafin|44\/100\n|\n|-heal|p2a: Palafin|50\/100|[from] item: Leftovers\n|upkeep\n|turn|31\n|c|\u2606TheSilvySilv|lol\n|c|\u2606TheSilvySilv|I mean its clever\n|c|\u2606TheSilvySilv|Im just blind and out of practice rn using bad teams lol\n|c|\u2606Laprasrules12|Its ment to release rage\n|c|\u2606Laprasrules12|What happened is you didnt use the beat\n|inactive|TheSilvySilv has 270 seconds left.\n|c|\u2606Laprasrules12|Fuck that thing\n|c|\u2606TheSilvySilv|I just need wave crash crit\n|c|\u2606TheSilvySilv|and then to criticize everything else\n|\n|t:|1699240889\n|move|p2a: Palafin|Wave Crash|p1a: Kratos\n|-damage|p1a: Kratos|80\/100 par\n|-damage|p2a: Palafin|44\/100|[from] Recoil\n|move|p1a: Kratos|Stored Power|p2a: Palafin\n|-damage|p2a: Palafin|0 fnt\n|faint|p2a: Palafin\n|\n|win|Laprasrules12\n|c| Leo Justice|u needed to stay in and kept using Fleur cannon\n|c| Reposti|Palafin vs the world\n|c| Leo Justice|hope for a crit\n|c|\u2606Laprasrules12|Will ya kill Zac as well?\n|c| Reposti|Gg\n|c|\u2606TheSilvySilv|gg\n|c| PinkScourge|GG\n|c| Leo Justice|gg\n|l| PinkScourge\n|c|\u2606TheSilvySilv|lapras cmon where's the gg\n|l| Reposti\n","uploadtime":1699240896,"views":31,"p1id":"laprasrules12","p2id":"thesilvysilv","formatid":"gen9ubers","rating":0,"private":0,"password":""}