{"id":"gen9ubers-1990843897","p1":"qazniak","p2":"Yooro","format":"[Gen 9] Ubers","log":"|j|\u2606qazniak\n|j|\u2606Yooro\n|t:|1700006725\n|gametype|singles\n|player|p1|qazniak|palmer|1054\n|player|p2|Yooro|1|1032\n|teamsize|p1|6\n|teamsize|p2|6\n|gen|9\n|tier|[Gen 9] Ubers\n|rated|\n|rule|Sleep Clause Mod: Limit one foe put to sleep\n|rule|Species Clause: Limit one of each Pok\u00e9mon\n|rule|OHKO Clause: OHKO moves are banned\n|rule|Evasion Items Clause: Evasion items are banned\n|rule|Evasion Moves Clause: Evasion moves are banned\n|rule|Endless Battle Clause: Forcing endless battles is banned\n|rule|HP Percentage Mod: HP is shown in percentages\n|clearpoke\n|poke|p1|Ninetales-Alola, M|\n|poke|p1|Azelf|\n|poke|p1|Tyranitar, M|\n|poke|p1|Iron Treads|\n|poke|p1|Manaphy|\n|poke|p1|Baxcalibur, F|\n|poke|p2|Kyogre|\n|poke|p2|Gliscor, M|\n|poke|p2|Glimmora, M|\n|poke|p2|Iron Bundle|\n|poke|p2|Clodsire, M|\n|poke|p2|Arceus-Dragon|\n|teampreview\n|\n|t:|1700006729\n|start\n|switch|p1a: Ninetales|Ninetales-Alola, M, shiny|100\/100\n|switch|p2a: Glimmora|Glimmora, M, shiny|100\/100\n|-weather|Snow|[from] ability: Snow Warning|[of] p1a: Ninetales\n|turn|1\n|\n|t:|1700006737\n|move|p1a: Ninetales|Aurora Veil|p1a: Ninetales\n|-sidestart|p1: qazniak|move: Aurora Veil\n|move|p2a: Glimmora|Stealth Rock|p1a: Ninetales\n|-sidestart|p1: qazniak|move: Stealth Rock\n|\n|-weather|Snow|[upkeep]\n|upkeep\n|turn|2\n|\n|t:|1700006745\n|switch|p1a: Manaphy|Manaphy|100\/100\n|-damage|p1a: Manaphy|88\/100|[from] Stealth Rock\n|move|p2a: Glimmora|Power Gem|p1a: Manaphy\n|-damage|p1a: Manaphy|70\/100\n|\n|-weather|Snow|[upkeep]\n|-heal|p1a: Manaphy|76\/100|[from] item: Leftovers\n|upkeep\n|turn|3\n|\n|t:|1700006754\n|move|p1a: Manaphy|Take Heart|p1a: Manaphy\n|-boost|p1a: Manaphy|spa|1\n|-boost|p1a: Manaphy|spd|1\n|move|p2a: Glimmora|Energy Ball|p1a: Manaphy\n|-supereffective|p1a: Manaphy\n|-damage|p1a: Manaphy|58\/100\n|\n|-weather|Snow|[upkeep]\n|-heal|p1a: Manaphy|64\/100|[from] item: Leftovers\n|upkeep\n|turn|4\n|\n|t:|1700006764\n|-terastallize|p2a: Glimmora|Grass\n|move|p1a: Manaphy|Take Heart|p1a: Manaphy\n|-boost|p1a: Manaphy|spa|1\n|-boost|p1a: Manaphy|spd|1\n|move|p2a: Glimmora|Energy Ball|p1a: Manaphy\n|-supereffective|p1a: Manaphy\n|-damage|p1a: Manaphy|44\/100\n|\n|-weather|Snow|[upkeep]\n|-heal|p1a: Manaphy|50\/100|[from] item: Leftovers\n|upkeep\n|turn|5\n|\n|t:|1700006778\n|move|p1a: Manaphy|Stored Power|p2a: Glimmora\n|-damage|p2a: Glimmora|42\/100\n|move|p2a: Glimmora|Energy Ball|p1a: Manaphy\n|-supereffective|p1a: Manaphy\n|-damage|p1a: Manaphy|29\/100\n|\n|-weather|none\n|-heal|p1a: Manaphy|35\/100|[from] item: Leftovers\n|upkeep\n|turn|6\n|\n|t:|1700006787\n|move|p1a: Manaphy|Take Heart|p1a: Manaphy\n|-boost|p1a: Manaphy|spa|1\n|-boost|p1a: Manaphy|spd|1\n|move|p2a: Glimmora|Energy Ball|p1a: Manaphy\n|-supereffective|p1a: Manaphy\n|-damage|p1a: Manaphy|17\/100\n|\n|-heal|p1a: Manaphy|24\/100|[from] item: Leftovers\n|upkeep\n|turn|7\n|\n|t:|1700006797\n|move|p1a: Manaphy|Stored Power|p2a: Glimmora\n|-damage|p2a: Glimmora|0 fnt\n|faint|p2a: Glimmora\n|\n|-heal|p1a: Manaphy|30\/100|[from] item: Leftovers\n|upkeep\n|\n|t:|1700006805\n|switch|p2a: Kyogre|Kyogre, shiny|100\/100\n|-weather|RainDance|[from] ability: Drizzle|[of] p2a: Kyogre\n|turn|8\n|\n|t:|1700006809\n|move|p1a: Manaphy|Stored Power|p2a: Kyogre\n|-damage|p2a: Kyogre|46\/100\n|move|p2a: Kyogre|Thunderbolt|p1a: Manaphy\n|-supereffective|p1a: Manaphy\n|-damage|p1a: Manaphy|19\/100\n|\n|-weather|RainDance|[upkeep]\n|-heal|p1a: Manaphy|25\/100|[from] item: Leftovers\n|-sideend|p1: qazniak|move: Aurora Veil\n|upkeep\n|turn|9\n|\n|t:|1700006826\n|move|p1a: Manaphy|Take Heart|p1a: Manaphy\n|-boost|p1a: Manaphy|spa|1\n|-boost|p1a: Manaphy|spd|1\n|move|p2a: Kyogre|Hydro Pump|p1a: Manaphy\n|-resisted|p1a: Manaphy\n|-damage|p1a: Manaphy|14\/100\n|\n|-weather|RainDance|[upkeep]\n|-heal|p1a: Manaphy|20\/100|[from] item: Leftovers\n|upkeep\n|turn|10\n|\n|t:|1700006834\n|move|p1a: Manaphy|Stored Power|p2a: Kyogre\n|-damage|p2a: Kyogre|0 fnt\n|faint|p2a: Kyogre\n|\n|-weather|RainDance|[upkeep]\n|-heal|p1a: Manaphy|26\/100|[from] item: Leftovers\n|upkeep\n|\n|t:|1700006841\n|switch|p2a: Gliscor|Gliscor, M, shiny|100\/100\n|turn|11\n|\n|t:|1700006849\n|move|p1a: Manaphy|Scald|p2a: Gliscor\n|-supereffective|p2a: Gliscor\n|-damage|p2a: Gliscor|0 fnt\n|faint|p2a: Gliscor\n|\n|-weather|RainDance|[upkeep]\n|-heal|p1a: Manaphy|33\/100|[from] item: Leftovers\n|upkeep\n|\n|t:|1700006857\n|switch|p2a: Arceus|Arceus-Dragon, shiny|100\/100\n|turn|12\n|\n|t:|1700006867\n|move|p2a: Arceus|Dragon Dance|p2a: Arceus\n|-boost|p2a: Arceus|atk|1\n|-boost|p2a: Arceus|spe|1\n|move|p1a: Manaphy|Stored Power|p2a: Arceus\n|-damage|p2a: Arceus|7\/100\n|\n|-weather|none\n|-heal|p1a: Manaphy|39\/100|[from] item: Leftovers\n|upkeep\n|turn|13\n|\n|t:|1700006880\n|-terastallize|p1a: Manaphy|Fairy\n|move|p2a: Arceus|Draco Meteor|p1a: Manaphy\n|-immune|p1a: Manaphy\n|move|p1a: Manaphy|Acid Armor|p1a: Manaphy\n|-boost|p1a: Manaphy|def|2\n|\n|-heal|p1a: Manaphy|45\/100|[from] item: Leftovers\n|upkeep\n|turn|14\n|\n|t:|1700006891\n|move|p2a: Arceus|Dark Pulse|p1a: Manaphy\n|-resisted|p1a: Manaphy\n|-damage|p1a: Manaphy|42\/100\n|move|p1a: Manaphy|Stored Power|p2a: Arceus\n|-damage|p2a: Arceus|0 fnt\n|faint|p2a: Arceus\n|\n|-heal|p1a: Manaphy|48\/100|[from] item: Leftovers\n|upkeep\n|\n|t:|1700006900\n|switch|p2a: Iron Bundle|Iron Bundle, shiny|100\/100\n|-enditem|p2a: Iron Bundle|Booster Energy\n|-activate|p2a: Iron Bundle|ability: Quark Drive|[fromitem]\n|-start|p2a: Iron Bundle|quarkdrivespe\n|turn|15\n|\n|t:|1700006909\n|move|p2a: Iron Bundle|Blizzard|p1a: Manaphy\n|-damage|p1a: Manaphy|36\/100\n|move|p1a: Manaphy|Stored Power|p2a: Iron Bundle\n|-damage|p2a: Iron Bundle|0 fnt\n|faint|p2a: Iron Bundle\n|-end|p2a: Iron Bundle|Quark Drive|[silent]\n|\n|-heal|p1a: Manaphy|42\/100|[from] item: Leftovers\n|upkeep\n|-message|Yooro forfeited.\n|\n|win|qazniak\n|raw|qazniak's rating: 1054 &rarr; <strong>1084<\/strong><br \/>(+30 for winning)\n|raw|Yooro's rating: 1032 &rarr; <strong>1018<\/strong><br \/>(-14 for losing)\n|l|\u2606Yooro\n|c|\u2606qazniak|gg\n","uploadtime":1700006941,"views":7,"p1id":"qazniak","p2id":"yooro","formatid":"gen9ubers","rating":1018,"private":0,"password":""}