{"id":"gen9ubers-1976279348","p1":"Scampton","p2":"godiamsosorry","format":"[Gen 9] Ubers","log":"|j|\u2606Scampton\n|j|\u2606godiamsosorry\n|t:|1698281655\n|gametype|singles\n|player|p1|Scampton|clown|\n|player|p2|godiamsosorry|scientistf|\n|teamsize|p1|6\n|teamsize|p2|6\n|gen|9\n|tier|[Gen 9] Ubers\n|rule|Sleep Clause Mod: Limit one foe put to sleep\n|rule|Species Clause: Limit one of each Pok\u00e9mon\n|rule|OHKO Clause: OHKO moves are banned\n|rule|Evasion Items Clause: Evasion items are banned\n|rule|Evasion Moves Clause: Evasion moves are banned\n|rule|Endless Battle Clause: Forcing endless battles is banned\n|rule|HP Percentage Mod: HP is shown in percentages\n|clearpoke\n|poke|p1|Ribombee, M|\n|poke|p1|Delibird, F|\n|poke|p1|Slowking-Galar, M|\n|poke|p1|Palafin, F|\n|poke|p1|Enamorus, F|\n|poke|p1|Medicham, F|\n|poke|p2|Klefki, F|\n|poke|p2|Medicham, M|\n|poke|p2|Zoroark-Hisui, M|\n|poke|p2|Palafin, M|\n|poke|p2|Enamorus, F|\n|poke|p2|Toedscruel, F|\n|teampreview\n|\n|t:|1698281675\n|start\n|switch|p1a: Palafin|Palafin, F|100\/100\n|switch|p2a: Klefki|Klefki, F, shiny|100\/100\n|turn|1\n|\n|t:|1698281683\n|detailschange|p1a: Palafin|Palafin-Hero, F\n|switch|p1a: Slowking|Slowking-Galar, M|100\/100\n|move|p2a: Klefki|Thunder Wave|p1a: Slowking|[miss]\n|-miss|p2a: Klefki|p1a: Slowking\n|\n|upkeep\n|turn|2\n|\n|t:|1698281690\n|move|p2a: Klefki|Reflect|p2a: Klefki\n|-sidestart|p2: godiamsosorry|Reflect\n|move|p1a: Slowking|Chilly Reception|p1a: Slowking\n|-weather|Snow\n|\n|t:|1698281708\n|switch|p1a: Palafin|Palafin-Hero, F|100\/100|[from] Chilly Reception\n|-activate|p1a: Palafin|ability: Zero to Hero\n|\n|-weather|Snow|[upkeep]\n|upkeep\n|turn|3\n|\n|t:|1698281714\n|move|p2a: Klefki|Thunder Wave|p1a: Palafin\n|-status|p1a: Palafin|par\n|move|p1a: Palafin|Hydro Pump|p2a: Klefki\n|-crit|p2a: Klefki\n|-damage|p2a: Klefki|0 fnt\n|faint|p2a: Klefki\n|\n|-weather|Snow|[upkeep]\n|upkeep\n|c|\u2606godiamsosorry|NOOOOO\n|c|\u2606Scampton|har har har\n|\n|t:|1698281727\n|switch|p2a: Enamorus|Enamorus, F|100\/100\n|turn|4\n|\n|t:|1698281732\n|move|p2a: Enamorus|Iron Head|p1a: Palafin\n|-resisted|p1a: Palafin\n|-damage|p1a: Palafin|86\/100 par\n|move|p1a: Palafin|Hydro Pump|p2a: Enamorus\n|-damage|p2a: Enamorus|0 fnt\n|faint|p2a: Enamorus\n|\n|-weather|Snow|[upkeep]\n|upkeep\n|c|\u2606Scampton|you wish hoe\n|c|\u2606godiamsosorry|LMAO\n|\n|t:|1698281741\n|switch|p2a: Palafin|Palafin, M|100\/100\n|turn|5\n|\n|t:|1698281747\n|detailschange|p2a: Palafin|Palafin-Hero, M\n|switch|p2a: Toedscruel|Toedscruel, F|100\/100\n|switch|p1a: Slowking|Slowking-Galar, M|100\/100\n|\n|-weather|Snow|[upkeep]\n|upkeep\n|turn|6\n|\n|t:|1698281752\n|move|p1a: Slowking|Toxic|p2a: Toedscruel\n|-status|p2a: Toedscruel|tox\n|move|p2a: Toedscruel|Spore|p1a: Slowking\n|-status|p1a: Slowking|slp|[from] move: Spore\n|\n|-weather|none\n|-damage|p2a: Toedscruel|94\/100 tox|[from] psn\n|upkeep\n|turn|7\n|\n|t:|1698281756\n|switch|p2a: Palafin|Palafin-Hero, M|100\/100\n|-activate|p2a: Palafin|ability: Zero to Hero\n|switch|p1a: Delibird|Delibird, F|100\/100\n|\n|upkeep\n|turn|8\n|c|\u2606Scampton|can you not click an attacking move\n|c|\u2606Scampton|i want to see how much damage this deals\n|c|\u2606godiamsosorry|I am Choice Specs.\n|c|\u2606Scampton|you're a buster is what you are\n|\n|t:|1698281791\n|switch|p1a: Slowking|Slowking-Galar, M|100\/100 slp\n|-terastallize|p2a: Palafin|Normal\n|move|p2a: Palafin|Boomburst|p1a: Slowking\n|-damage|p1a: Slowking|21\/100 slp\n|\n|upkeep\n|turn|9\n|\n|t:|1698281795\n|move|p2a: Palafin|Boomburst|p1a: Slowking\n|-damage|p1a: Slowking|0 fnt\n|faint|p1a: Slowking\n|\n|-sideend|p2: godiamsosorry|Reflect\n|upkeep\n|\n|t:|1698281797\n|switch|p1a: Palafin|Palafin-Hero, F|86\/100 par\n|turn|10\n|c|\u2606godiamsosorry|This thing is a monster btw.\n|\n|t:|1698281802\n|switch|p2a: Toedscruel|Toedscruel, F|94\/100 tox\n|-terastallize|p1a: Palafin|Ghost\n|move|p1a: Palafin|Hydro Pump|p2a: Toedscruel\n|-damage|p2a: Toedscruel|41\/100 tox\n|\n|-damage|p2a: Toedscruel|35\/100 tox|[from] psn\n|upkeep\n|turn|11\n|\n|t:|1698281807\n|move|p1a: Palafin|Hydro Pump|p2a: Toedscruel\n|-damage|p2a: Toedscruel|0 fnt\n|faint|p2a: Toedscruel\n|\n|upkeep\n|\n|t:|1698281812\n|switch|p2a: Palafin|Palafin-Hero, M|100\/100\n|-start|p2a: Palafin|typechange|Normal|[silent]\n|turn|12\n|\n|t:|1698281824\n|move|p2a: Palafin|Knock Off|p1a: Palafin\n|-supereffective|p1a: Palafin\n|-damage|p1a: Palafin|25\/100 par\n|-enditem|p1a: Palafin|Choice Specs|[from] move: Knock Off|[of] p2a: Palafin\n|cant|p1a: Palafin|par\n|\n|upkeep\n|turn|13\n|c|\u2606Scampton|auuugh\n|\n|t:|1698281832\n|move|p2a: Palafin|Knock Off|p1a: Palafin\n|-supereffective|p1a: Palafin\n|-damage|p1a: Palafin|0 fnt\n|faint|p1a: Palafin\n|\n|upkeep\n|\n|t:|1698281842\n|switch|p1a: Delibird|Delibird, F|100\/100\n|turn|14\n|\n|t:|1698281846\n|move|p1a: Delibird|Ice Shard|p2a: Palafin\n|-damage|p2a: Palafin|39\/100\n|replace|p2a: Zoroark|Zoroark-Hisui, M\n|-end|p2a: Zoroark|Illusion\n|move|p2a: Zoroark|Body Slam|p1a: Delibird\n|-damage|p1a: Delibird|0 fnt\n|faint|p1a: Delibird\n|\n|upkeep\n|\n|t:|1698281860\n|switch|p1a: Ribombee|Ribombee, M|100\/100\n|turn|15\n|\n|t:|1698281864\n|switch|p2a: Palafin|Palafin-Hero, M, tera:Normal|100\/100\n|move|p1a: Ribombee|Sticky Web|p2a: Palafin\n|-sidestart|p2: godiamsosorry|move: Sticky Web\n|\n|upkeep\n|turn|16\n|\n|t:|1698281868\n|move|p1a: Ribombee|Stun Spore|p2a: Palafin\n|-status|p2a: Palafin|par\n|move|p2a: Palafin|Boomburst|p1a: Ribombee\n|-enditem|p1a: Ribombee|Focus Sash\n|-damage|p1a: Ribombee|1\/100\n|\n|upkeep\n|turn|17\n|\n|t:|1698281875\n|move|p1a: Ribombee|Play Rough|p2a: Palafin\n|-damage|p2a: Palafin|74\/100 par\n|-unboost|p2a: Palafin|atk|1\n|cant|p2a: Palafin|par\n|\n|upkeep\n|turn|18\n|\n|t:|1698281880\n|move|p1a: Ribombee|Play Rough|p2a: Palafin\n|-damage|p2a: Palafin|45\/100 par\n|cant|p2a: Palafin|par\n|\n|upkeep\n|turn|19\n|\n|t:|1698281884\n|move|p1a: Ribombee|Play Rough|p2a: Palafin\n|-damage|p2a: Palafin|18\/100 par\n|move|p2a: Palafin|Boomburst|p1a: Ribombee\n|-damage|p1a: Ribombee|0 fnt\n|faint|p1a: Ribombee\n|\n|upkeep\n|\n|t:|1698281893\n|switch|p1a: Enamorus|Enamorus, F|100\/100\n|turn|20\n|\n|t:|1698281896\n|switch|p2a: Palafin|Palafin-Hero, M|39\/100\n|move|p1a: Enamorus|Superpower|p2a: Palafin\n|-immune|p2a: Palafin\n|\n|upkeep\n|-start|p2a: Palafin|typechange|Normal|[silent]\n|turn|21\n|\n|t:|1698281903\n|move|p2a: Palafin|Body Slam|p1a: Enamorus\n|-damage|p1a: Enamorus|44\/100\n|-status|p1a: Enamorus|par\n|move|p1a: Enamorus|Play Rough|p2a: Palafin\n|-damage|p2a: Palafin|0 fnt\n|replace|p2a: Zoroark|Zoroark-Hisui, M\n|-end|p2a: Zoroark|Illusion\n|faint|p2a: Zoroark\n|-damage|p1a: Enamorus|34\/100 par|[from] item: Life Orb\n|\n|upkeep\n|\n|t:|1698281909\n|switch|p2a: Medicham|Medicham, M|100\/100\n|-activate|p2a: Medicham|move: Sticky Web\n|-unboost|p2a: Medicham|spe|1\n|turn|22\n|\n|t:|1698281912\n|move|p2a: Medicham|Psycho Cut|p1a: Enamorus\n|-damage|p1a: Enamorus|0 fnt\n|faint|p1a: Enamorus\n|\n|upkeep\n|\n|t:|1698281914\n|switch|p1a: Medicham|Medicham, F|100\/100\n|turn|23\n|\n|t:|1698281924\n|switch|p2a: Palafin|Palafin-Hero, M, tera:Normal|18\/100 par\n|-activate|p2a: Palafin|move: Sticky Web\n|-unboost|p2a: Palafin|spe|1\n|move|p1a: Medicham|Fake Out|p2a: Palafin\n|-damage|p2a: Palafin|1\/100 par\n|\n|upkeep\n|turn|24\n|\n|t:|1698281928\n|move|p1a: Medicham|Ice Punch|p2a: Palafin\n|-damage|p2a: Palafin|0 fnt\n|faint|p2a: Palafin\n|\n|upkeep\n|\n|t:|1698281930\n|switch|p2a: Medicham|Medicham, M|100\/100\n|-activate|p2a: Medicham|move: Sticky Web\n|-unboost|p2a: Medicham|spe|1\n|turn|25\n|\n|t:|1698281937\n|move|p1a: Medicham|Ice Punch|p2a: Medicham\n|-damage|p2a: Medicham|44\/100\n|move|p2a: Medicham|Psycho Cut|p1a: Medicham\n|-damage|p1a: Medicham|20\/100\n|\n|upkeep\n|turn|26\n|c|\u2606godiamsosorry|Gg.\n|\n|t:|1698281944\n|move|p1a: Medicham|Ice Punch|p2a: Medicham\n|-damage|p2a: Medicham|0 fnt\n|faint|p2a: Medicham\n|\n|win|Scampton\n|c|\u2606Scampton|gg\n|c|\u2606godiamsosorry|You get reqs ! !\n","uploadtime":1698281949,"views":13,"p1id":"scampton","p2id":"godiamsosorry","formatid":"gen9ubers","rating":0,"private":0,"password":""}