{"id":"gen9ubers-1989810976","p1":"Anne Frankkkk","p2":"ifdod","format":"[Gen 9] Ubers","log":"|j|\u2606Anne Frankkkk\n|j|\u2606ifdod\n|t:|1699897691\n|gametype|singles\n|player|p1|Anne Frankkkk|hilbert|1185\n|player|p2|ifdod|policeman-gen4|1124\n|teamsize|p1|6\n|teamsize|p2|6\n|gen|9\n|tier|[Gen 9] Ubers\n|rated|\n|rule|Sleep Clause Mod: Limit one foe put to sleep\n|rule|Species Clause: Limit one of each Pok\u00e9mon\n|rule|OHKO Clause: OHKO moves are banned\n|rule|Evasion Items Clause: Evasion items are banned\n|rule|Evasion Moves Clause: Evasion moves are banned\n|rule|Endless Battle Clause: Forcing endless battles is banned\n|rule|HP Percentage Mod: HP is shown in percentages\n|clearpoke\n|poke|p1|Iron Hands|\n|poke|p1|Kyogre|\n|poke|p1|Chien-Pao|\n|poke|p1|Ribombee, M|\n|poke|p1|Miraidon|\n|poke|p1|Flutter Mane|\n|poke|p2|Gliscor, F|\n|poke|p2|Dragonite, M|\n|poke|p2|Dragapult, F|\n|poke|p2|Drifblim, F|\n|poke|p2|Yanmega, F|\n|poke|p2|Corviknight, M|\n|teampreview\n|inactive|Battle timer is ON: inactive players will automatically lose when time's up. (requested by ifdod)\n|\n|t:|1699897704\n|start\n|switch|p1a: Cyber Lizard|Miraidon|100\/100\n|switch|p2a: pew pew|Yanmega, F|100\/100\n|-fieldstart|move: Electric Terrain|[from] ability: Hadron Engine|[of] p1a: Cyber Lizard\n|-item|p1a: Cyber Lizard|Air Balloon\n|turn|1\n|\n|t:|1699897712\n|move|p2a: pew pew|Protect|p2a: pew pew\n|-singleturn|p2a: pew pew|Protect\n|move|p1a: Cyber Lizard|Calm Mind|p1a: Cyber Lizard\n|-boost|p1a: Cyber Lizard|spa|1\n|-boost|p1a: Cyber Lizard|spd|1\n|\n|-ability|p2a: pew pew|Speed Boost|boost\n|-boost|p2a: pew pew|spe|1\n|upkeep\n|turn|2\n|\n|t:|1699897721\n|move|p2a: pew pew|Air Slash|p1a: Cyber Lizard\n|-resisted|p1a: Cyber Lizard\n|-damage|p1a: Cyber Lizard|89\/100\n|-enditem|p1a: Cyber Lizard|Air Balloon\n|move|p1a: Cyber Lizard|Calm Mind|p1a: Cyber Lizard\n|-boost|p1a: Cyber Lizard|spa|1\n|-boost|p1a: Cyber Lizard|spd|1\n|\n|-ability|p2a: pew pew|Speed Boost|boost\n|-boost|p2a: pew pew|spe|1\n|upkeep\n|turn|3\n|\n|t:|1699897733\n|move|p2a: pew pew|Air Slash|p1a: Cyber Lizard\n|-resisted|p1a: Cyber Lizard\n|-damage|p1a: Cyber Lizard|80\/100\n|move|p1a: Cyber Lizard|Electro Drift|p2a: pew pew\n|-supereffective|p2a: pew pew\n|-enditem|p2a: pew pew|Focus Sash\n|-damage|p2a: pew pew|1\/100\n|\n|-ability|p2a: pew pew|Speed Boost|boost\n|-boost|p2a: pew pew|spe|1\n|upkeep\n|turn|4\n|\n|t:|1699897751\n|move|p2a: pew pew|Bug Buzz|p1a: Cyber Lizard\n|-damage|p1a: Cyber Lizard|58\/100\n|move|p1a: Cyber Lizard|Electro Drift|p2a: pew pew\n|-supereffective|p2a: pew pew\n|-damage|p2a: pew pew|0 fnt\n|faint|p2a: pew pew\n|\n|upkeep\n|\n|t:|1699897768\n|switch|p2a: Dragapult|Dragapult, F|100\/100\n|turn|5\n|\n|t:|1699897773\n|-terastallize|p1a: Cyber Lizard|Fairy\n|move|p2a: Dragapult|Draco Meteor|p1a: Cyber Lizard\n|-immune|p1a: Cyber Lizard\n|move|p1a: Cyber Lizard|Dragon Pulse|p2a: Dragapult\n|-supereffective|p2a: Dragapult\n|-damage|p2a: Dragapult|0 fnt\n|faint|p2a: Dragapult\n|\n|-fieldend|move: Electric Terrain\n|upkeep\n|-message|ifdod forfeited.\n|\n|win|Anne Frankkkk\n|raw|Anne Frankkkk's rating: 1185 &rarr; <strong>1206<\/strong><br \/>(+21 for winning)\n|raw|ifdod's rating: 1124 &rarr; <strong>1103<\/strong><br \/>(-21 for losing)\n","uploadtime":1699897786,"views":5,"p1id":"annefrankkkk","p2id":"ifdod","formatid":"gen9ubers","rating":1103,"private":0,"password":""}