{"id":"gen9ubers-1968944590","p1":"I9821943813dws","p2":"XpokVEVO","format":"[Gen 9] Ubers","log":"|j|\u2606I9821943813dws\n|j|\u2606XpokVEVO\n|t:|1697477418\n|gametype|singles\n|player|p1|I9821943813dws|1|\n|player|p2|XpokVEVO|marshal|\n|teamsize|p1|6\n|teamsize|p2|6\n|gen|9\n|tier|[Gen 9] Ubers\n|rule|Sleep Clause Mod: Limit one foe put to sleep\n|rule|Species Clause: Limit one of each Pok\u00e9mon\n|rule|OHKO Clause: OHKO moves are banned\n|rule|Evasion Items Clause: Evasion items are banned\n|rule|Evasion Moves Clause: Evasion moves are banned\n|rule|Endless Battle Clause: Forcing endless battles is banned\n|rule|HP Percentage Mod: HP is shown in percentages\n|clearpoke\n|poke|p1|Blissey, F|\n|poke|p1|Dondozo, M|\n|poke|p1|Gliscor, F|\n|poke|p1|Magearna|\n|poke|p1|Giratina|\n|poke|p1|Arceus-Poison|\n|poke|p2|Arceus-Fire|\n|poke|p2|Shaymin-Sky|\n|poke|p2|Cyclizar, F|\n|poke|p2|Espathra, F|\n|poke|p2|Magearna|\n|poke|p2|Sneasler, M|\n|teampreview\n|inactive|Battle timer is ON: inactive players will automatically lose when time's up. (requested by I9821943813dws)\n|c|\u2606I9821943813dws|gl\n|\n|t:|1697477439\n|start\n|switch|p1a: Arceus|Arceus-Poison|100\/100\n|switch|p2a: Akira|Cyclizar, F|100\/100\n|turn|1\n|\n|t:|1697477465\n|move|p2a: Akira|Taunt|p1a: Arceus\n|-start|p1a: Arceus|move: Taunt\n|move|p1a: Arceus|Earthquake|p2a: Akira\n|-damage|p2a: Akira|47\/100\n|\n|upkeep\n|turn|2\n|\n|t:|1697477474\n|switch|p2a: Sonic|Shaymin-Sky, shiny|100\/100\n|move|p1a: Arceus|Earthquake|p2a: Sonic\n|-immune|p2a: Sonic\n|\n|upkeep\n|turn|3\n|\n|t:|1697477487\n|switch|p1a: Magearna|Magearna|100\/100\n|move|p2a: Sonic|Air Slash|p1a: Magearna\n|-resisted|p1a: Magearna\n|-damage|p1a: Magearna|82\/100\n|-damage|p2a: Sonic|91\/100|[from] item: Life Orb\n|\n|-heal|p1a: Magearna|88\/100|[from] item: Leftovers\n|upkeep\n|turn|4\n|\n|t:|1697477491\n|move|p2a: Sonic|Earth Power|p1a: Magearna\n|-supereffective|p1a: Magearna\n|-damage|p1a: Magearna|29\/100\n|-damage|p2a: Sonic|81\/100|[from] item: Life Orb\n|move|p1a: Magearna|Calm Mind|p1a: Magearna\n|-boost|p1a: Magearna|spa|1\n|-boost|p1a: Magearna|spd|1\n|\n|-heal|p1a: Magearna|35\/100|[from] item: Leftovers\n|upkeep\n|turn|5\n|\n|t:|1697477499\n|switch|p1a: Blissey|Blissey, F|100\/100\n|move|p2a: Sonic|Earth Power|p1a: Blissey\n|-damage|p1a: Blissey|85\/100\n|-damage|p2a: Sonic|71\/100|[from] item: Life Orb\n|\n|upkeep\n|turn|6\n|\n|t:|1697477518\n|switch|p2a: Akira|Cyclizar, F|80\/100\n|move|p1a: Blissey|Seismic Toss|p2a: Akira\n|-damage|p2a: Akira|51\/100\n|\n|upkeep\n|turn|7\n|\n|t:|1697477524\n|move|p2a: Akira|Shed Tail|p2a: Akira\n|-start|p2a: Akira|Substitute|[from] move: Shed Tail\n|-damage|p2a: Akira|1\/100\n|-enditem|p2a: Akira|Aguav Berry|[eat]\n|-heal|p2a: Akira|34\/100|[from] item: Aguav Berry\n|\n|t:|1697477532\n|switch|p2a: Arceus-Fight\u0131ng|Arceus-Fire, shiny|100\/100|[from] Shed Tail\n|move|p1a: Blissey|Seismic Toss|p2a: Arceus-Fight\u0131ng\n|-end|p2a: Arceus-Fight\u0131ng|Substitute\n|\n|upkeep\n|turn|8\n|\n|t:|1697477540\n|switch|p1a: Gliscor|Gliscor, F|100\/100\n|move|p2a: Arceus-Fight\u0131ng|Dragon Dance|p2a: Arceus-Fight\u0131ng\n|-boost|p2a: Arceus-Fight\u0131ng|atk|1\n|-boost|p2a: Arceus-Fight\u0131ng|spe|1\n|\n|-status|p1a: Gliscor|tox|[from] item: Toxic Orb\n|upkeep\n|turn|9\n|\n|t:|1697477549\n|-terastallize|p2a: Arceus-Fight\u0131ng|Fairy\n|move|p2a: Arceus-Fight\u0131ng|Dragon Dance|p2a: Arceus-Fight\u0131ng\n|-boost|p2a: Arceus-Fight\u0131ng|atk|1\n|-boost|p2a: Arceus-Fight\u0131ng|spe|1\n|move|p1a: Gliscor|Earthquake|p2a: Arceus-Fight\u0131ng\n|-damage|p2a: Arceus-Fight\u0131ng|75\/100\n|\n|upkeep\n|turn|10\n|\n|t:|1697477557\n|switch|p1a: Dondozo|Dondozo, M|100\/100\n|move|p2a: Arceus-Fight\u0131ng|Flare Blitz|p1a: Dondozo\n|-resisted|p1a: Dondozo\n|-damage|p1a: Dondozo|85\/100\n|-damage|p2a: Arceus-Fight\u0131ng|68\/100|[from] Recoil\n|\n|upkeep\n|turn|11\n|\n|t:|1697477571\n|switch|p2a: Sonic|Shaymin-Sky, shiny|71\/100\n|move|p1a: Dondozo|Liquidation|p2a: Sonic\n|-resisted|p2a: Sonic\n|-crit|p2a: Sonic\n|-damage|p2a: Sonic|41\/100\n|-unboost|p2a: Sonic|def|1\n|\n|upkeep\n|turn|12\n|\n|t:|1697477581\n|switch|p1a: Blissey|Blissey, F|85\/100\n|move|p2a: Sonic|Seed Flare|p1a: Blissey\n|-damage|p1a: Blissey|56\/100\n|-unboost|p1a: Blissey|spd|2\n|-damage|p2a: Sonic|31\/100|[from] item: Life Orb\n|\n|upkeep\n|turn|13\n|\n|t:|1697477608\n|move|p2a: Sonic|Seed Flare|p1a: Blissey\n|-damage|p1a: Blissey|0 fnt\n|faint|p1a: Blissey\n|-damage|p2a: Sonic|21\/100|[from] item: Life Orb\n|\n|upkeep\n|\n|t:|1697477617\n|switch|p1a: Arceus|Arceus-Poison|100\/100\n|turn|14\n|\n|t:|1697477624\n|switch|p2a: Aunt Fanny|Magearna|100\/100\n|move|p1a: Arceus|Stealth Rock|p2a: Aunt Fanny\n|-sidestart|p2: XpokVEVO|move: Stealth Rock\n|\n|upkeep\n|turn|15\n|\n|t:|1697477629\n|move|p1a: Arceus|Taunt|p2a: Aunt Fanny\n|-start|p2a: Aunt Fanny|move: Taunt\n|move|p2a: Aunt Fanny|Flash Cannon|p1a: Arceus\n|-damage|p1a: Arceus|58\/100\n|-damage|p2a: Aunt Fanny|91\/100|[from] item: Life Orb\n|\n|upkeep\n|turn|16\n|\n|t:|1697477634\n|move|p1a: Arceus|Earthquake|p2a: Aunt Fanny\n|-supereffective|p2a: Aunt Fanny\n|-damage|p2a: Aunt Fanny|12\/100\n|move|p2a: Aunt Fanny|Flash Cannon|p1a: Arceus\n|-damage|p1a: Arceus|21\/100\n|-damage|p2a: Aunt Fanny|2\/100|[from] item: Life Orb\n|\n|upkeep\n|turn|17\n|\n|t:|1697477639\n|move|p1a: Arceus|Recover|p1a: Arceus\n|-heal|p1a: Arceus|71\/100\n|move|p2a: Aunt Fanny|Flash Cannon|p1a: Arceus\n|-damage|p1a: Arceus|30\/100\n|-damage|p2a: Aunt Fanny|0 fnt|[from] item: Life Orb\n|faint|p2a: Aunt Fanny\n|\n|upkeep\n|\n|t:|1697477645\n|switch|p2a: Akira|Cyclizar, F|67\/100\n|-damage|p2a: Akira|55\/100|[from] Stealth Rock\n|turn|18\n|\n|t:|1697477648\n|switch|p1a: Giratina|Giratina|100\/100\n|-ability|p1a: Giratina|Pressure\n|move|p2a: Akira|Rapid Spin|p1a: Giratina\n|-immune|p1a: Giratina\n|\n|upkeep\n|turn|19\n|\n|t:|1697477673\n|switch|p2a: Arceus-Fight\u0131ng|Arceus-Fire, shiny, tera:Fairy|68\/100\n|-damage|p2a: Arceus-Fight\u0131ng|56\/100|[from] Stealth Rock\n|move|p1a: Giratina|Roar|p2a: Arceus-Fight\u0131ng\n|drag|p2a: Akira|Cyclizar, F|88\/100\n|-damage|p2a: Akira|75\/100|[from] Stealth Rock\n|\n|upkeep\n|turn|20\n|\n|t:|1697477684\n|move|p2a: Akira|Taunt|p1a: Giratina\n|-start|p1a: Giratina|move: Taunt\n|cant|p1a: Giratina|move: Taunt|Roar\n|\n|upkeep\n|turn|21\n|\n|t:|1697477689\n|switch|p2a: Arceus-Fight\u0131ng|Arceus-Fire, shiny, tera:Fairy|56\/100\n|-damage|p2a: Arceus-Fight\u0131ng|44\/100|[from] Stealth Rock\n|-activate|p1a: Giratina|move: Struggle\n|move|p1a: Giratina|Struggle|p2a: Arceus-Fight\u0131ng\n|-damage|p2a: Arceus-Fight\u0131ng|37\/100\n|-damage|p1a: Giratina|75\/100|[from] recoil\n|\n|upkeep\n|turn|22\n|\n|t:|1697477695\n|switch|p1a: Dondozo|Dondozo, M|85\/100\n|move|p2a: Arceus-Fight\u0131ng|Dragon Dance|p2a: Arceus-Fight\u0131ng\n|-boost|p2a: Arceus-Fight\u0131ng|atk|1\n|-boost|p2a: Arceus-Fight\u0131ng|spe|1\n|\n|upkeep\n|turn|23\n|\n|t:|1697477711\n|switch|p2a: Akira|Cyclizar, F|100\/100\n|-damage|p2a: Akira|88\/100|[from] Stealth Rock\n|move|p1a: Dondozo|Liquidation|p2a: Akira\n|-resisted|p2a: Akira\n|-damage|p2a: Akira|66\/100\n|\n|upkeep\n|turn|24\n|\n|t:|1697477718\n|switch|p1a: Giratina|Giratina|75\/100\n|-ability|p1a: Giratina|Pressure\n|move|p2a: Akira|Knock Off|p1a: Giratina\n|-supereffective|p1a: Giratina\n|-damage|p1a: Giratina|53\/100\n|-enditem|p1a: Giratina|Heavy-Duty Boots|[from] move: Knock Off|[of] p2a: Akira\n|\n|upkeep\n|turn|25\n|\n|t:|1697477727\n|move|p2a: Akira|Shed Tail|p2a: Akira\n|-start|p2a: Akira|Substitute|[from] move: Shed Tail\n|-damage|p2a: Akira|16\/100\n|\n|t:|1697477730\n|switch|p2a: Sonic|Shaymin-Sky, shiny|21\/100|[from] Shed Tail\n|-damage|p2a: Sonic|0 fnt|[from] Stealth Rock\n|faint|p2a: Sonic\n|move|p1a: Giratina|Roar|p2: Sonic|[notarget]\n|-fail|p1a: Giratina\n|\n|upkeep\n|\n|t:|1697477740\n|switch|p2a: Arceus-Fight\u0131ng|Arceus-Fire, shiny, tera:Fairy|37\/100\n|-damage|p2a: Arceus-Fight\u0131ng|25\/100|[from] Stealth Rock\n|turn|26\n|\n|t:|1697477747\n|switch|p1a: Gliscor|Gliscor, F|100\/100 tox\n|move|p2a: Arceus-Fight\u0131ng|Tera Blast|p1a: Gliscor|[anim] Tera Blast Fairy\n|-damage|p1a: Gliscor|79\/100 tox\n|\n|-heal|p1a: Gliscor|91\/100 tox|[from] ability: Poison Heal\n|upkeep\n|turn|27\n|\n|t:|1697477751\n|move|p2a: Arceus-Fight\u0131ng|Flare Blitz|p1a: Gliscor\n|-damage|p1a: Gliscor|52\/100 tox\n|-damage|p2a: Arceus-Fight\u0131ng|13\/100|[from] Recoil\n|move|p1a: Gliscor|Earthquake|p2a: Arceus-Fight\u0131ng\n|-damage|p2a: Arceus-Fight\u0131ng|0 fnt\n|faint|p2a: Arceus-Fight\u0131ng\n|\n|-heal|p1a: Gliscor|65\/100 tox|[from] ability: Poison Heal\n|upkeep\n|\n|t:|1697477764\n|switch|p2a: Akira|Cyclizar, F|50\/100\n|-damage|p2a: Akira|37\/100|[from] Stealth Rock\n|turn|28\n|\n|t:|1697477767\n|switch|p1a: Giratina|Giratina|53\/100\n|-ability|p1a: Giratina|Pressure\n|move|p2a: Akira|Taunt|p1a: Giratina\n|-start|p1a: Giratina|move: Taunt\n|\n|upkeep\n|turn|29\n|\n|t:|1697477772\n|move|p2a: Akira|Knock Off|p1a: Giratina\n|-supereffective|p1a: Giratina\n|-damage|p1a: Giratina|36\/100\n|-activate|p1a: Giratina|move: Struggle\n|move|p1a: Giratina|Struggle|p2a: Akira\n|-damage|p2a: Akira|24\/100\n|-damage|p1a: Giratina|11\/100|[from] recoil\n|\n|upkeep\n|turn|30\n|c|\u2606XpokVEVO|HAHAHHA\n|\n|t:|1697477788\n|switch|p1a: Gliscor|Gliscor, F|65\/100 tox\n|move|p2a: Akira|Knock Off|p1a: Gliscor\n|-damage|p1a: Gliscor|52\/100 tox\n|-enditem|p1a: Gliscor|Toxic Orb|[from] move: Knock Off|[of] p2a: Akira\n|\n|-heal|p1a: Gliscor|64\/100 tox|[from] ability: Poison Heal\n|upkeep\n|turn|31\n|c|\u2606I9821943813dws|Damn\n|\n|t:|1697477798\n|move|p2a: Akira|Rapid Spin|p1a: Gliscor\n|-damage|p1a: Gliscor|54\/100 tox\n|-boost|p2a: Akira|spe|1\n|-sideend|p2: XpokVEVO|Stealth Rock|[from] move: Rapid Spin|[of] p2a: Akira\n|move|p1a: Gliscor|Knock Off|p2a: Akira\n|-damage|p2a: Akira|2\/100\n|\n|-heal|p1a: Gliscor|66\/100 tox|[from] ability: Poison Heal\n|upkeep\n|turn|32\n|\n|t:|1697477803\n|move|p1a: Gliscor|Protect|p1a: Gliscor\n|-singleturn|p1a: Gliscor|Protect\n|move|p2a: Akira|Taunt|p1a: Gliscor\n|-activate|p1a: Gliscor|move: Protect\n|\n|-heal|p1a: Gliscor|78\/100 tox|[from] ability: Poison Heal\n|upkeep\n|turn|33\n|\n|t:|1697477807\n|move|p2a: Akira|Taunt|p1a: Gliscor\n|-start|p1a: Gliscor|move: Taunt\n|move|p1a: Gliscor|Earthquake|p2a: Akira\n|-damage|p2a: Akira|0 fnt\n|faint|p2a: Akira\n|\n|-heal|p1a: Gliscor|91\/100 tox|[from] ability: Poison Heal\n|upkeep\n|\n|t:|1697477813\n|switch|p2a: Emu War|Espathra, F|100\/100\n|turn|34\n|\n|t:|1697477820\n|move|p2a: Emu War|Protect|p2a: Emu War\n|-singleturn|p2a: Emu War|Protect\n|move|p1a: Gliscor|Knock Off|p2a: Emu War\n|-activate|p2a: Emu War|move: Protect\n|\n|-heal|p1a: Gliscor|100\/100 tox|[from] ability: Poison Heal\n|-ability|p2a: Emu War|Speed Boost|boost\n|-boost|p2a: Emu War|spe|1\n|upkeep\n|turn|35\n|\n|t:|1697477827\n|move|p2a: Emu War|Calm Mind|p2a: Emu War\n|-boost|p2a: Emu War|spa|1\n|-boost|p2a: Emu War|spd|1\n|move|p1a: Gliscor|Knock Off|p2a: Emu War\n|-supereffective|p2a: Emu War\n|-damage|p2a: Emu War|38\/100\n|-enditem|p2a: Emu War|Focus Sash|[from] move: Knock Off|[of] p1a: Gliscor\n|\n|-end|p1a: Gliscor|move: Taunt\n|-ability|p2a: Emu War|Speed Boost|boost\n|-boost|p2a: Emu War|spe|1\n|upkeep\n|turn|36\n|\n|t:|1697477835\n|move|p2a: Emu War|Protect|p2a: Emu War\n|-singleturn|p2a: Emu War|Protect\n|move|p1a: Gliscor|Knock Off|p2a: Emu War\n|-activate|p2a: Emu War|move: Protect\n|\n|-ability|p2a: Emu War|Speed Boost|boost\n|-boost|p2a: Emu War|spe|1\n|upkeep\n|turn|37\n|\n|t:|1697477837\n|move|p2a: Emu War|Stored Power|p1a: Gliscor\n|-damage|p1a: Gliscor|4\/100 tox\n|move|p1a: Gliscor|Knock Off|p2a: Emu War\n|-supereffective|p2a: Emu War\n|-damage|p2a: Emu War|0 fnt\n|faint|p2a: Emu War\n|\n|-heal|p1a: Gliscor|16\/100 tox|[from] ability: Poison Heal\n|upkeep\n|\n|t:|1697477840\n|switch|p2a: I miss this I kms|Sneasler, M|100\/100\n|turn|38\n|\n|t:|1697477853\n|move|p1a: Gliscor|Protect|p1a: Gliscor\n|-singleturn|p1a: Gliscor|Protect\n|move|p2a: I miss this I kms|Swords Dance|p2a: I miss this I kms\n|-boost|p2a: I miss this I kms|atk|2\n|\n|-heal|p1a: Gliscor|29\/100 tox|[from] ability: Poison Heal\n|upkeep\n|turn|39\n|\n|t:|1697477858\n|move|p1a: Gliscor|Protect||[still]\n|-fail|p1a: Gliscor\n|move|p2a: I miss this I kms|Close Combat|p1a: Gliscor\n|-resisted|p1a: Gliscor\n|-damage|p1a: Gliscor|0 fnt\n|-unboost|p2a: I miss this I kms|def|1\n|-unboost|p2a: I miss this I kms|spd|1\n|faint|p1a: Gliscor\n|\n|upkeep\n|\n|t:|1697477866\n|switch|p1a: Giratina|Giratina|11\/100\n|-ability|p1a: Giratina|Pressure\n|turn|40\n|\n|t:|1697477874\n|-terastallize|p1a: Giratina|Steel\n|move|p2a: I miss this I kms|Gunk Shot|p1a: Giratina\n|-immune|p1a: Giratina\n|move|p1a: Giratina|Will-O-Wisp|p2a: I miss this I kms\n|-status|p2a: I miss this I kms|brn\n|\n|-damage|p2a: I miss this I kms|95\/100 brn|[from] brn\n|upkeep\n|turn|41\n|c|\u2606XpokVEVO|Gros\n|c|\u2606XpokVEVO|GROSSSS\n|c|\u2606XpokVEVO|OH GOD\n|c|\u2606I9821943813dws|ggs\n|\n|t:|1697477888\n|switch|p1a: Arceus|Arceus-Poison|30\/100\n|move|p2a: I miss this I kms|Close Combat|p1a: Arceus\n|-resisted|p1a: Arceus\n|-damage|p1a: Arceus|10\/100\n|-unboost|p2a: I miss this I kms|def|1\n|-unboost|p2a: I miss this I kms|spd|1\n|\n|-damage|p2a: I miss this I kms|89\/100 brn|[from] brn\n|upkeep\n|turn|42\n|c|\u2606I9821943813dws|Would\u2019ve  won anyways\n|c|\u2606I9821943813dws|just wanted to win with style\n|c|\u2606I9821943813dws|instead of donodozo stalling\n|c|\u2606XpokVEVO|Yeah yeah\n|\n|t:|1697477908\n|move|p2a: I miss this I kms|Swords Dance|p2a: I miss this I kms\n|-boost|p2a: I miss this I kms|atk|2\n|move|p1a: Arceus|Recover|p1a: Arceus\n|-heal|p1a: Arceus|60\/100\n|\n|-damage|p2a: I miss this I kms|83\/100 brn|[from] brn\n|upkeep\n|turn|43\n|c|\u2606XpokVEVO|Rematch\n|\n|t:|1697477912\n|move|p2a: I miss this I kms|Close Combat|p1a: Arceus\n|-resisted|p1a: Arceus\n|-damage|p1a: Arceus|28\/100\n|-unboost|p2a: I miss this I kms|def|1\n|-unboost|p2a: I miss this I kms|spd|1\n|move|p1a: Arceus|Earthquake|p2a: I miss this I kms\n|-supereffective|p2a: I miss this I kms\n|-damage|p2a: I miss this I kms|0 fnt\n|faint|p2a: I miss this I kms\n|\n|win|I9821943813dws\n|l|\u2606XpokVEVO\n","uploadtime":1697478441,"views":30,"p1id":"i9821943813dws","p2id":"xpokvevo","formatid":"gen9ubers","rating":0,"private":0,"password":""}