{"id":"gen9ubers-1980477790","p1":"BeardyBennett","p2":"clorboycoctopus","format":"[Gen 9] Ubers","log":"|j|\u2606BeardyBennett\n|j|\u2606clorboycoctopus\n|t:|1698788689\n|gametype|singles\n|player|p1|BeardyBennett|hiker-gen4|\n|player|p2|clorboycoctopus|blackbelt-gen4dp|\n|teamsize|p1|6\n|teamsize|p2|6\n|gen|9\n|tier|[Gen 9] Ubers\n|rule|Sleep Clause Mod: Limit one foe put to sleep\n|rule|Species Clause: Limit one of each Pok\u00e9mon\n|rule|OHKO Clause: OHKO moves are banned\n|rule|Evasion Items Clause: Evasion items are banned\n|rule|Evasion Moves Clause: Evasion moves are banned\n|rule|Endless Battle Clause: Forcing endless battles is banned\n|rule|HP Percentage Mod: HP is shown in percentages\n|clearpoke\n|poke|p1|Cyclizar, F|\n|poke|p1|Urshifu-*, F|\n|poke|p1|Garchomp, F|\n|poke|p1|Volcarona, F|\n|poke|p1|Magearna|\n|poke|p1|Gliscor, F|\n|poke|p2|Spectrier|\n|poke|p2|Masquerain, M|\n|poke|p2|Cyclizar, F|\n|poke|p2|Landorus, M|\n|poke|p2|Zacian-*|\n|poke|p2|Arceus-Fire|\n|teampreview\n|c|\u2606BeardyBennett|Gl hf!\n|\n|t:|1698788722\n|start\n|switch|p1a: Garchomp|Garchomp, F|100\/100\n|switch|p2a: Masquerain|Masquerain, M|100\/100\n|-ability|p2a: Masquerain|Intimidate|boost\n|-unboost|p1a: Garchomp|atk|1\n|turn|1\n|\n|t:|1698788727\n|move|p1a: Garchomp|Scale Shot|p2a: Masquerain\n|-damage|p2a: Masquerain|84\/100\n|-damage|p2a: Masquerain|69\/100\n|-damage|p2a: Masquerain|53\/100\n|-hitcount|p2a: Masquerain|3\n|-unboost|p1a: Garchomp|def|1\n|-boost|p1a: Garchomp|spe|1\n|move|p2a: Masquerain|Stun Spore|p1a: Garchomp\n|-status|p1a: Garchomp|par\n|\n|upkeep\n|turn|2\n|\n|t:|1698788742\n|move|p2a: Masquerain|Sticky Web|p1a: Garchomp\n|-sidestart|p1: BeardyBennett|move: Sticky Web\n|move|p1a: Garchomp|Scale Shot|p2a: Masquerain\n|-damage|p2a: Masquerain|37\/100\n|-damage|p2a: Masquerain|21\/100\n|-damage|p2a: Masquerain|4\/100\n|-damage|p2a: Masquerain|0 fnt\n|faint|p2a: Masquerain\n|-hitcount|p2: Masquerain|4\n|-unboost|p1a: Garchomp|def|1\n|-boost|p1a: Garchomp|spe|1\n|\n|upkeep\n|\n|t:|1698788766\n|switch|p2a: Cyclizar|Cyclizar, F|100\/100\n|turn|3\n|\n|t:|1698788773\n|move|p2a: Cyclizar|Shed Tail|p2a: Cyclizar\n|-start|p2a: Cyclizar|Substitute|[from] move: Shed Tail\n|-damage|p2a: Cyclizar|50\/100\n|\n|t:|1698788799\n|switch|p2a: Zacian|Zacian|100\/100|[from] Shed Tail\n|-ability|p2a: Zacian|Intrepid Sword|boost\n|-boost|p2a: Zacian|atk|1\n|move|p1a: Garchomp|Scale Shot|p2a: Zacian\n|-immune|p2a: Zacian\n|\n|upkeep\n|turn|4\n|\n|t:|1698788806\n|move|p2a: Zacian|Play Rough|p1a: Garchomp\n|-supereffective|p1a: Garchomp\n|-damage|p1a: Garchomp|0 fnt\n|-damage|p2a: Zacian|88\/100|[from] ability: Rough Skin|[of] p1a: Garchomp\n|faint|p1a: Garchomp\n|\n|upkeep\n|\n|t:|1698788820\n|switch|p1a: Magearna|Magearna|100\/100\n|-activate|p1a: Magearna|move: Sticky Web\n|-unboost|p1a: Magearna|spe|1\n|turn|5\n|\n|t:|1698788833\n|move|p2a: Zacian|Play Rough|p1a: Magearna\n|-resisted|p1a: Magearna\n|-damage|p1a: Magearna|59\/100\n|move|p1a: Magearna|Volt Switch|p2a: Zacian\n|-end|p2a: Zacian|Substitute\n|\n|t:|1698788841\n|switch|p1a: Volcarona|Volcarona, F|100\/100|[from] Volt Switch\n|\n|upkeep\n|turn|6\n|\n|t:|1698788846\n|move|p2a: Zacian|Play Rough|p1a: Volcarona|[miss]\n|-miss|p2a: Zacian|p1a: Volcarona\n|move|p1a: Volcarona|Quiver Dance|p1a: Volcarona\n|-boost|p1a: Volcarona|spa|1\n|-boost|p1a: Volcarona|spd|1\n|-boost|p1a: Volcarona|spe|1\n|\n|upkeep\n|turn|7\n|\n|t:|1698788853\n|move|p1a: Volcarona|Fiery Dance|p2a: Zacian\n|-damage|p2a: Zacian|24\/100\n|move|p2a: Zacian|Play Rough|p1a: Volcarona\n|-resisted|p1a: Volcarona\n|-damage|p1a: Volcarona|27\/100\n|\n|upkeep\n|turn|8\n|\n|t:|1698788862\n|move|p1a: Volcarona|Fiery Dance|p2a: Zacian\n|-damage|p2a: Zacian|0 fnt\n|faint|p2a: Zacian\n|\n|upkeep\n|\n|t:|1698788879\n|switch|p2a: Landorus|Landorus, M|100\/100\n|turn|9\n|\n|t:|1698788884\n|-terastallize|p1a: Volcarona|Water\n|move|p1a: Volcarona|Tera Blast|p2a: Landorus|[anim] Tera Blast Water\n|-supereffective|p2a: Landorus\n|-damage|p2a: Landorus|0 fnt\n|faint|p2a: Landorus\n|\n|upkeep\n|\n|t:|1698788888\n|switch|p2a: Cyclizar|Cyclizar, F|83\/100\n|turn|10\n|\n|t:|1698788896\n|move|p1a: Volcarona|Bug Buzz|p2a: Cyclizar\n|-damage|p2a: Cyclizar|0 fnt\n|faint|p2a: Cyclizar\n|\n|upkeep\n|\n|t:|1698788899\n|switch|p2a: Arceus|Arceus-Fire|100\/100\n|turn|11\n|\n|t:|1698788904\n|-terastallize|p2a: Arceus|Flying\n|move|p1a: Volcarona|Tera Blast|p2a: Arceus|[anim] Tera Blast Water\n|-damage|p2a: Arceus|50\/100\n|move|p2a: Arceus|Dragon Dance|p2a: Arceus\n|-boost|p2a: Arceus|atk|1\n|-boost|p2a: Arceus|spe|1\n|\n|upkeep\n|turn|12\n|\n|t:|1698788915\n|move|p2a: Arceus|Wild Charge|p1a: Volcarona\n|-supereffective|p1a: Volcarona\n|-damage|p1a: Volcarona|0 fnt\n|-status|p2a: Arceus|brn|[from] ability: Flame Body|[of] p1a: Volcarona\n|faint|p1a: Volcarona\n|-damage|p2a: Arceus|45\/100 brn|[from] Recoil\n|\n|-damage|p2a: Arceus|39\/100 brn|[from] brn\n|upkeep\n|\n|t:|1698788930\n|switch|p1a: Magearna|Magearna|59\/100\n|-activate|p1a: Magearna|move: Sticky Web\n|-unboost|p1a: Magearna|spe|1\n|turn|13\n|\n|t:|1698788935\n|move|p2a: Arceus|Dragon Dance|p2a: Arceus\n|-boost|p2a: Arceus|atk|1\n|-boost|p2a: Arceus|spe|1\n|move|p1a: Magearna|Volt Switch|p2a: Arceus\n|-supereffective|p2a: Arceus\n|-crit|p2a: Arceus\n|-damage|p2a: Arceus|0 fnt\n|faint|p2a: Arceus\n|-ability|p1a: Magearna|Soul-Heart|boost\n|-boost|p1a: Magearna|spa|1\n|\n|t:|1698788942\n|switch|p1a: Gliscor|Gliscor, F|100\/100|[from] Volt Switch\n|\n|-status|p1a: Gliscor|tox|[from] item: Toxic Orb\n|upkeep\n|\n|t:|1698788944\n|switch|p2a: Spectrier|Spectrier|100\/100\n|turn|14\n|\n|t:|1698788947\n|move|p2a: Spectrier|Calm Mind|p2a: Spectrier\n|-boost|p2a: Spectrier|spa|1\n|-boost|p2a: Spectrier|spd|1\n|move|p1a: Gliscor|Knock Off|p2a: Spectrier\n|-supereffective|p2a: Spectrier\n|-damage|p2a: Spectrier|36\/100\n|-enditem|p2a: Spectrier|Leftovers|[from] move: Knock Off|[of] p1a: Gliscor\n|\n|upkeep\n|turn|15\n|\n|t:|1698788951\n|move|p2a: Spectrier|Hex|p1a: Gliscor\n|-damage|p1a: Gliscor|0 fnt\n|faint|p1a: Gliscor\n|-ability|p2a: Spectrier|Grim Neigh|boost\n|-boost|p2a: Spectrier|spa|1\n|\n|upkeep\n|\n|t:|1698788960\n|switch|p1a: Urshifu|Urshifu, F|100\/100\n|-activate|p1a: Urshifu|move: Sticky Web\n|-unboost|p1a: Urshifu|spe|1\n|turn|16\n|\n|t:|1698788964\n|move|p2a: Spectrier|Will-O-Wisp|p1a: Urshifu\n|-status|p1a: Urshifu|brn\n|move|p1a: Urshifu|Wicked Blow|p2a: Spectrier\n|-supereffective|p2a: Spectrier\n|-crit|p2a: Spectrier\n|-damage|p2a: Spectrier|0 fnt\n|faint|p2a: Spectrier\n|\n|win|BeardyBennett\n|c|\u2606BeardyBennett|Gg\n|c|\u2606clorboycoctopus|gg\n","uploadtime":1698788976,"views":9,"p1id":"beardybennett","p2id":"clorboycoctopus","formatid":"gen9ubers","rating":0,"private":0,"password":""}