{"id":"gen9ubers-1975276245","p1":"AlicieLizzie","p2":"AnUndeadMyth","format":"[Gen 9] Ubers","log":"|j|\u2606AlicieLizzie\n|j|\u203dAnUndeadMyth\n|t:|1698175780\n|gametype|singles\n|player|p1|AlicieLizzie|marnie-masters3|\n|player|p2|AnUndeadMyth|266|\n|teamsize|p1|6\n|teamsize|p2|6\n|gen|9\n|tier|[Gen 9] Ubers\n|rule|Sleep Clause Mod: Limit one foe put to sleep\n|rule|Species Clause: Limit one of each Pok\u00e9mon\n|rule|OHKO Clause: OHKO moves are banned\n|rule|Evasion Items Clause: Evasion items are banned\n|rule|Evasion Moves Clause: Evasion moves are banned\n|rule|Endless Battle Clause: Forcing endless battles is banned\n|rule|HP Percentage Mod: HP is shown in percentages\n|clearpoke\n|poke|p1|Cyclizar, F|\n|poke|p1|Kommo-o, M|\n|poke|p1|Dondozo, M|\n|poke|p1|Shaymin-Sky|\n|poke|p1|Gholdengo|\n|poke|p1|Zacian-*|\n|poke|p2|Slowking-Galar, F|\n|poke|p2|Zapdos|\n|poke|p2|Dialga|\n|poke|p2|Dragapult, F|\n|poke|p2|Cinderace, M|\n|poke|p2|Garchomp, M|\n|teampreview\n|inactive|Battle timer is ON: inactive players will automatically lose when time's up. (requested by AlicieLizzie)\n|\n|t:|1698175791\n|start\n|switch|p1a: Cycle Dryer|Cyclizar, F|100\/100\n|switch|p2a: Garchomp|Garchomp, M|100\/100\n|turn|1\n|\n|t:|1698175795\n|move|p1a: Cycle Dryer|Taunt|p2a: Garchomp\n|-start|p2a: Garchomp|move: Taunt\n|move|p2a: Garchomp|Scale Shot|p1a: Cycle Dryer|[miss]\n|-miss|p2a: Garchomp|p1a: Cycle Dryer\n|\n|upkeep\n|turn|2\n|\n|t:|1698175802\n|move|p1a: Cycle Dryer|Shed Tail|p1a: Cycle Dryer\n|-start|p1a: Cycle Dryer|Substitute|[from] move: Shed Tail\n|-damage|p1a: Cycle Dryer|50\/100\n|\n|t:|1698175805\n|switch|p1a: Spiffy as Silver|Gholdengo|100\/100|[from] Shed Tail\n|move|p2a: Garchomp|Scale Shot|p1a: Spiffy as Silver\n|-resisted|p1a: Spiffy as Silver\n|-activate|p1a: Spiffy as Silver|move: Substitute|[damage]\n|-resisted|p1a: Spiffy as Silver\n|-activate|p1a: Spiffy as Silver|move: Substitute|[damage]\n|-resisted|p1a: Spiffy as Silver\n|-activate|p1a: Spiffy as Silver|move: Substitute|[damage]\n|-resisted|p1a: Spiffy as Silver\n|-end|p1a: Spiffy as Silver|Substitute\n|-hitcount|p1a: Spiffy as Silver|4\n|-unboost|p2a: Garchomp|def|1\n|-boost|p2a: Garchomp|spe|1\n|\n|upkeep\n|turn|3\n|\n|t:|1698175810\n|move|p2a: Garchomp|Earthquake|p1a: Spiffy as Silver\n|-supereffective|p1a: Spiffy as Silver\n|-damage|p1a: Spiffy as Silver|0 fnt\n|faint|p1a: Spiffy as Silver\n|\n|-end|p2a: Garchomp|move: Taunt\n|upkeep\n|\n|t:|1698175814\n|switch|p1a: Zac King|Zacian|100\/100\n|-ability|p1a: Zac King|Intrepid Sword|boost\n|-boost|p1a: Zac King|atk|1\n|turn|4\n|\n|t:|1698175820\n|move|p2a: Garchomp|Iron Head|p1a: Zac King\n|-supereffective|p1a: Zac King\n|-damage|p1a: Zac King|48\/100\n|move|p1a: Zac King|Play Rough|p2a: Garchomp\n|-supereffective|p2a: Garchomp\n|-damage|p2a: Garchomp|0 fnt\n|-damage|p1a: Zac King|35\/100|[from] ability: Rough Skin|[of] p2a: Garchomp\n|faint|p2a: Garchomp\n|\n|upkeep\n|\n|t:|1698175824\n|switch|p2a: Dialga|Dialga|100\/100\n|-ability|p2a: Dialga|Pressure\n|turn|5\n|\n|t:|1698175832\n|switch|p1a: Cycle Dryer|Cyclizar, F|84\/100\n|move|p2a: Dialga|Flash Cannon|p1a: Cycle Dryer\n|-damage|p1a: Cycle Dryer|14\/100\n|\n|upkeep\n|turn|6\n|\n|t:|1698175837\n|switch|p1a: Marlon Brandozo|Dondozo, M|100\/100\n|move|p2a: Dialga|Flash Cannon|p1a: Marlon Brandozo\n|-resisted|p1a: Marlon Brandozo\n|-damage|p1a: Marlon Brandozo|76\/100\n|\n|-heal|p1a: Marlon Brandozo|82\/100|[from] item: Leftovers\n|upkeep\n|turn|7\n|\n|t:|1698175843\n|switch|p2a: Zapdos|Zapdos|100\/100\n|move|p1a: Marlon Brandozo|Curse|p1a: Marlon Brandozo\n|-unboost|p1a: Marlon Brandozo|spe|1\n|-boost|p1a: Marlon Brandozo|atk|1\n|-boost|p1a: Marlon Brandozo|def|1\n|\n|-heal|p1a: Marlon Brandozo|89\/100|[from] item: Leftovers\n|upkeep\n|turn|8\n|\n|t:|1698175845\n|move|p2a: Zapdos|Volt Switch|p1a: Marlon Brandozo\n|-supereffective|p1a: Marlon Brandozo\n|-damage|p1a: Marlon Brandozo|31\/100\n|\n|t:|1698175849\n|switch|p2a: Slowking|Slowking-Galar, F|100\/100|[from] Volt Switch\n|move|p1a: Marlon Brandozo|Liquidation|p2a: Slowking\n|-damage|p2a: Slowking|54\/100\n|-unboost|p2a: Slowking|def|1\n|\n|-heal|p2a: Slowking|60\/100|[from] item: Leftovers\n|-heal|p1a: Marlon Brandozo|37\/100|[from] item: Leftovers\n|upkeep\n|turn|9\n|\n|t:|1698175852\n|move|p2a: Slowking|Toxic|p1a: Marlon Brandozo\n|-status|p1a: Marlon Brandozo|tox\n|move|p1a: Marlon Brandozo|Rest|p1a: Marlon Brandozo\n|-status|p1a: Marlon Brandozo|slp|[from] move: Rest\n|-heal|p1a: Marlon Brandozo|100\/100 slp|[silent]\n|\n|-heal|p2a: Slowking|66\/100|[from] item: Leftovers\n|upkeep\n|turn|10\n|\n|t:|1698175856\n|switch|p1a: Cycle Dryer|Cyclizar, F|48\/100\n|move|p2a: Slowking|Psychic|p1a: Cycle Dryer\n|-damage|p1a: Cycle Dryer|2\/100\n|\n|-heal|p2a: Slowking|72\/100|[from] item: Leftovers\n|upkeep\n|turn|11\n|\n|t:|1698175861\n|switch|p1a: It's a Shayme|Shaymin-Sky|100\/100\n|move|p2a: Slowking|Toxic|p1a: It's a Shayme\n|-status|p1a: It's a Shayme|tox\n|\n|-heal|p2a: Slowking|78\/100|[from] item: Leftovers\n|-damage|p1a: It's a Shayme|94\/100 tox|[from] psn\n|upkeep\n|turn|12\n|\n|t:|1698175865\n|move|p1a: It's a Shayme|Leech Seed|p2a: Slowking\n|-start|p2a: Slowking|move: Leech Seed\n|move|p2a: Slowking|Chilly Reception|p2a: Slowking\n|-weather|Snow\n|\n|t:|1698175871\n|switch|p2a: Dragapult|Dragapult, F|100\/100|[from] Chilly Reception\n|\n|-weather|Snow|[upkeep]\n|-damage|p1a: It's a Shayme|82\/100 tox|[from] psn\n|upkeep\n|turn|13\n|\n|t:|1698175875\n|move|p2a: Dragapult|Draco Meteor|p1a: It's a Shayme\n|-damage|p1a: It's a Shayme|0 fnt\n|-unboost|p2a: Dragapult|spa|2\n|faint|p1a: It's a Shayme\n|\n|-weather|Snow|[upkeep]\n|upkeep\n|\n|t:|1698175882\n|switch|p1a: Marlon Brandozo|Dondozo, M|100\/100 slp\n|turn|14\n|\n|t:|1698175886\n|switch|p2a: Zapdos|Zapdos|100\/100\n|cant|p1a: Marlon Brandozo|slp\n|move|p1a: Marlon Brandozo|Sleep Talk|p1a: Marlon Brandozo\n|move|p1a: Marlon Brandozo|Rest||[from]move: Sleep Talk|[still]\n|-fail|p1a: Marlon Brandozo\n|\n|-weather|Snow|[upkeep]\n|upkeep\n|turn|15\n|\n|t:|1698175895\n|switch|p1a: Kommo-OH NO|Kommo-o, M|100\/100\n|move|p2a: Zapdos|Thunder Wave|p1a: Kommo-OH NO\n|-status|p1a: Kommo-OH NO|par\n|\n|-weather|Snow|[upkeep]\n|upkeep\n|turn|16\n|\n|t:|1698175900\n|move|p2a: Zapdos|Hurricane|p1a: Kommo-OH NO|[miss]\n|-miss|p2a: Zapdos|p1a: Kommo-OH NO\n|move|p1a: Kommo-OH NO|Clangorous Soul|p1a: Kommo-OH NO\n|-boost|p1a: Kommo-OH NO|atk|1\n|-boost|p1a: Kommo-OH NO|def|1\n|-boost|p1a: Kommo-OH NO|spa|1\n|-boost|p1a: Kommo-OH NO|spd|1\n|-boost|p1a: Kommo-OH NO|spe|1\n|-damage|p1a: Kommo-OH NO|68\/100 par\n|-enditem|p1a: Kommo-OH NO|Throat Spray\n|-boost|p1a: Kommo-OH NO|spa|1|[from] item: Throat Spray\n|\n|-weather|none\n|upkeep\n|turn|17\n|\n|t:|1698175910\n|-terastallize|p1a: Kommo-OH NO|Normal\n|move|p2a: Zapdos|Hurricane|p1a: Kommo-OH NO\n|-damage|p1a: Kommo-OH NO|32\/100 par\n|move|p1a: Kommo-OH NO|Boomburst|p2a: Zapdos\n|-damage|p2a: Zapdos|0 fnt\n|faint|p2a: Zapdos\n|\n|upkeep\n|\n|t:|1698175915\n|switch|p2a: Dragapult|Dragapult, F|100\/100\n|turn|18\n|\n|t:|1698175918\n|move|p2a: Dragapult|Thunderbolt|p1a: Kommo-OH NO\n|-damage|p1a: Kommo-OH NO|2\/100 par\n|move|p1a: Kommo-OH NO|Clanging Scales|p2a: Dragapult\n|-supereffective|p2a: Dragapult\n|-damage|p2a: Dragapult|0 fnt\n|faint|p2a: Dragapult\n|-unboost|p1a: Kommo-OH NO|def|1\n|\n|upkeep\n|\n|t:|1698175926\n|switch|p2a: Cinderace|Cinderace, M|100\/100\n|turn|19\n|\n|t:|1698175928\n|move|p2a: Cinderace|U-turn|p1a: Kommo-OH NO\n|-start|p2a: Cinderace|typechange|Bug|[from] ability: Libero\n|-damage|p1a: Kommo-OH NO|0 fnt\n|faint|p1a: Kommo-OH NO\n|\n|t:|1698175930\n|switch|p2a: Dialga|Dialga|100\/100|[from] U-turn\n|-ability|p2a: Dialga|Pressure\n|\n|upkeep\n|\n|t:|1698175936\n|switch|p1a: Cycle Dryer|Cyclizar, F|35\/100\n|turn|20\n|\n|t:|1698175940\n|switch|p1a: Zac King|Zacian|35\/100\n|move|p2a: Dialga|Flash Cannon|p1a: Zac King\n|-supereffective|p1a: Zac King\n|-damage|p1a: Zac King|0 fnt\n|faint|p1a: Zac King\n|\n|upkeep\n|\n|t:|1698175943\n|switch|p1a: Cycle Dryer|Cyclizar, F|68\/100\n|turn|21\n|\n|t:|1698175945\n|move|p2a: Dialga|Flash Cannon|p1a: Cycle Dryer\n|-damage|p1a: Cycle Dryer|4\/100\n|move|p1a: Cycle Dryer|Shed Tail|p1a: Cycle Dryer\n|-fail|p1a: Cycle Dryer|move: Shed Tail|[weak]\n|\n|upkeep\n|turn|22\n|\n|t:|1698175947\n|move|p2a: Dialga|Flash Cannon|p1a: Cycle Dryer\n|-damage|p1a: Cycle Dryer|0 fnt\n|faint|p1a: Cycle Dryer\n|\n|upkeep\n|\n|t:|1698175948\n|switch|p1a: Marlon Brandozo|Dondozo, M|100\/100 slp\n|turn|23\n|\n|t:|1698175953\n|switch|p2a: Slowking|Slowking-Galar, F|100\/100\n|cant|p1a: Marlon Brandozo|slp\n|move|p1a: Marlon Brandozo|Sleep Talk|p1a: Marlon Brandozo\n|move|p1a: Marlon Brandozo|Liquidation|p2a: Slowking|[from]move: Sleep Talk\n|-damage|p2a: Slowking|71\/100\n|\n|-heal|p2a: Slowking|77\/100|[from] item: Leftovers\n|upkeep\n|turn|24\n|\n|t:|1698175963\n|switch|p2a: Dialga|Dialga|100\/100\n|-ability|p2a: Dialga|Pressure\n|-curestatus|p1a: Marlon Brandozo|slp|[msg]\n|move|p1a: Marlon Brandozo|Curse|p1a: Marlon Brandozo\n|-unboost|p1a: Marlon Brandozo|spe|1\n|-boost|p1a: Marlon Brandozo|atk|1\n|-boost|p1a: Marlon Brandozo|def|1\n|\n|upkeep\n|turn|25\n|\n|t:|1698175965\n|move|p2a: Dialga|Trick|p1a: Marlon Brandozo\n|-activate|p2a: Dialga|move: Trick|[of] p1a: Marlon Brandozo\n|-item|p1a: Marlon Brandozo|Choice Scarf|[from] move: Trick\n|-item|p2a: Dialga|Leftovers|[from] move: Trick\n|move|p1a: Marlon Brandozo|Curse|p1a: Marlon Brandozo\n|-unboost|p1a: Marlon Brandozo|spe|1\n|-boost|p1a: Marlon Brandozo|atk|1\n|-boost|p1a: Marlon Brandozo|def|1\n|\n|upkeep\n|turn|26\n|\n|t:|1698175969\n|move|p2a: Dialga|Draco Meteor|p1a: Marlon Brandozo\n|-damage|p1a: Marlon Brandozo|22\/100\n|-unboost|p2a: Dialga|spa|2\n|move|p1a: Marlon Brandozo|Curse|p1a: Marlon Brandozo\n|-unboost|p1a: Marlon Brandozo|spe|1\n|-boost|p1a: Marlon Brandozo|atk|1\n|-boost|p1a: Marlon Brandozo|def|1\n|\n|upkeep\n|turn|27\n|\n|t:|1698175972\n|move|p2a: Dialga|Draco Meteor|p1a: Marlon Brandozo\n|-damage|p1a: Marlon Brandozo|0 fnt\n|-unboost|p2a: Dialga|spa|2\n|faint|p1a: Marlon Brandozo\n|\n|win|AnUndeadMyth\n|c|\u2606AlicieLizzie|gg\n|l|\u203dAnUndeadMyth\n","uploadtime":1698175980,"views":24,"p1id":"alicielizzie","p2id":"anundeadmyth","formatid":"gen9ubers","rating":0,"private":0,"password":""}