{"id":"gen9ubers-1990591776","p1":"DynaCornMan","p2":"Megakid20","format":"[Gen 9] Ubers","log":"|j|\u2606DynaCornMan\n|j|\u2606Megakid20\n|t:|1699984031\n|gametype|singles\n|player|p1|DynaCornMan|265|1014\n|player|p2|Megakid20|rika|1000\n|teamsize|p1|6\n|teamsize|p2|1\n|gen|9\n|tier|[Gen 9] Ubers\n|rated|\n|rule|Sleep Clause Mod: Limit one foe put to sleep\n|rule|Species Clause: Limit one of each Pok\u00e9mon\n|rule|OHKO Clause: OHKO moves are banned\n|rule|Evasion Items Clause: Evasion items are banned\n|rule|Evasion Moves Clause: Evasion moves are banned\n|rule|Endless Battle Clause: Forcing endless battles is banned\n|rule|HP Percentage Mod: HP is shown in percentages\n|clearpoke\n|poke|p1|Lurantis, M|\n|poke|p1|Tropius, M|\n|poke|p1|Drednaw, M|\n|poke|p1|Ceruledge, F|\n|poke|p1|Regieleki|\n|poke|p1|Arceus-Bug|\n|poke|p2|Ursaluna-Bloodmoon, M|\n|teampreview\n|\n|t:|1699984035\n|start\n|switch|p1a: Arceus|Arceus-Bug|100\/100\n|switch|p2a: Ursaluna|Ursaluna-Bloodmoon, M|100\/100\n|turn|1\n|\n|t:|1699984043\n|move|p2a: Ursaluna|Calm Mind|p2a: Ursaluna\n|-boost|p2a: Ursaluna|spa|1\n|-boost|p2a: Ursaluna|spd|1\n|move|p1a: Arceus|Avalanche|p2a: Ursaluna\n|-supereffective|p2a: Ursaluna\n|-damage|p2a: Ursaluna|74\/100\n|\n|-heal|p2a: Ursaluna|80\/100|[from] item: Leftovers\n|upkeep\n|turn|2\n|\n|t:|1699984048\n|move|p2a: Ursaluna|Calm Mind|p2a: Ursaluna\n|-boost|p2a: Ursaluna|spa|1\n|-boost|p2a: Ursaluna|spd|1\n|move|p1a: Arceus|Avalanche|p2a: Ursaluna\n|-supereffective|p2a: Ursaluna\n|-damage|p2a: Ursaluna|55\/100\n|\n|-heal|p2a: Ursaluna|61\/100|[from] item: Leftovers\n|upkeep\n|turn|3\n|\n|t:|1699984056\n|move|p2a: Ursaluna|Blood Moon|p1a: Arceus\n|-damage|p1a: Arceus|0 fnt\n|faint|p1a: Arceus\n|\n|-heal|p2a: Ursaluna|67\/100|[from] item: Leftovers\n|upkeep\n|c|\u2606Megakid20|what\n|c|\u2606Megakid20|the fuck\n|\n|t:|1699984066\n|switch|p1a: Regieleki|Regieleki|100\/100\n|turn|4\n|c|\u2606Megakid20|ive never see that animation LMAO\n|\n|t:|1699984073\n|-terastallize|p2a: Ursaluna|Normal\n|move|p1a: Regieleki|Explosion|p2a: Ursaluna\n|-damage|p2a: Ursaluna|23\/100\n|faint|p1a: Regieleki\n|move|p2a: Ursaluna|Earth Power|p1: Regieleki|[notarget]\n|-fail|p2a: Ursaluna\n|\n|-heal|p2a: Ursaluna|29\/100|[from] item: Leftovers\n|upkeep\n|\n|t:|1699984080\n|switch|p1a: Ceruledge|Ceruledge, F|100\/100\n|turn|5\n|\n|t:|1699984085\n|move|p1a: Ceruledge|Swords Dance|p1a: Ceruledge\n|-boost|p1a: Ceruledge|atk|2\n|move|p2a: Ursaluna|Earth Power|p1a: Ceruledge\n|-supereffective|p1a: Ceruledge\n|-damage|p1a: Ceruledge|0 fnt\n|faint|p1a: Ceruledge\n|\n|-heal|p2a: Ursaluna|35\/100|[from] item: Leftovers\n|upkeep\n|\n|t:|1699984088\n|switch|p1a: Lurantis|Lurantis, M, shiny|100\/100\n|turn|6\n|\n|t:|1699984091\n|move|p2a: Ursaluna|Blood Moon|p1a: Lurantis\n|-damage|p1a: Lurantis|0 fnt\n|faint|p1a: Lurantis\n|\n|-heal|p2a: Ursaluna|41\/100|[from] item: Leftovers\n|upkeep\n|\n|t:|1699984094\n|switch|p1a: Tropius|Tropius, M|100\/100\n|turn|7\n|\n|t:|1699984097\n|move|p1a: Tropius|Protect|p1a: Tropius\n|-singleturn|p1a: Tropius|Protect\n|move|p2a: Ursaluna|Hyper Voice|p1a: Tropius\n|-activate|p1a: Tropius|move: Protect\n|\n|-heal|p2a: Ursaluna|47\/100|[from] item: Leftovers\n|upkeep\n|turn|8\n|\n|t:|1699984098\n|move|p2a: Ursaluna|Blood Moon|p1a: Tropius\n|-damage|p1a: Tropius|0 fnt\n|faint|p1a: Tropius\n|\n|-heal|p2a: Ursaluna|53\/100|[from] item: Leftovers\n|upkeep\n|\n|t:|1699984102\n|switch|p1a: Drednaw|Drednaw, M|100\/100\n|turn|9\n|\n|t:|1699984108\n|-terastallize|p1a: Drednaw|Steel\n|move|p1a: Drednaw|Shell Smash|p1a: Drednaw\n|-unboost|p1a: Drednaw|def|1\n|-unboost|p1a: Drednaw|spd|1\n|-boost|p1a: Drednaw|atk|2\n|-boost|p1a: Drednaw|spa|2\n|-boost|p1a: Drednaw|spe|2\n|-enditem|p1a: Drednaw|White Herb\n|-clearnegativeboost|p1a: Drednaw|[silent]\n|move|p2a: Ursaluna|Earth Power|p1a: Drednaw\n|-supereffective|p1a: Drednaw\n|-damage|p1a: Drednaw|0 fnt\n|faint|p1a: Drednaw\n|\n|win|Megakid20\n|raw|DynaCornMan's rating: 1014 &rarr; <strong>1001<\/strong><br \/>(-13 for losing)\n|raw|Megakid20's rating: 1000 &rarr; <strong>1042<\/strong><br \/>(+42 for winning)\n","uploadtime":1699984114,"views":29,"p1id":"dynacornman","p2id":"megakid20","formatid":"gen9ubers","rating":1001,"private":0,"password":""}