{"id":"gen9ubers-1980619643","p1":"Zeddbruh","p2":"mindyourmoney","format":"[Gen 9] Ubers","log":"|j|\u2606Zeddbruh\n|j|\u2606mindyourmoney\n|t:|1698804059\n|gametype|singles\n|player|p1|Zeddbruh|2|\n|player|p2|mindyourmoney|flannery|\n|teamsize|p1|6\n|teamsize|p2|6\n|gen|9\n|tier|[Gen 9] Ubers\n|rule|Sleep Clause Mod: Limit one foe put to sleep\n|rule|Species Clause: Limit one of each Pok\u00e9mon\n|rule|OHKO Clause: OHKO moves are banned\n|rule|Evasion Items Clause: Evasion items are banned\n|rule|Evasion Moves Clause: Evasion moves are banned\n|rule|Endless Battle Clause: Forcing endless battles is banned\n|rule|HP Percentage Mod: HP is shown in percentages\n|clearpoke\n|poke|p1|Roaring Moon|\n|poke|p1|Azumarill, M|\n|poke|p1|Hippowdon, M|\n|poke|p1|Blissey, F|\n|poke|p1|Toxtricity, F|\n|poke|p1|Brambleghast, M|\n|poke|p2|Iron Valiant|\n|poke|p2|Iron Leaves|\n|poke|p2|Pincurchin, F|\n|poke|p2|Grimmsnarl, M|\n|poke|p2|Cacturne, M|\n|poke|p2|Iron Treads|\n|teampreview\n|j| acetrainerluck\n|j| blue999\n|j| DomNeedsHelp\n|j| SenketsuThreads\n|c| DomNeedsHelp|yuh\n|inactive|Battle timer is ON: inactive players will automatically lose when time's up. (requested by mindyourmoney)\n|j| CTE World\n|inactive|Zeddbruh has 270 seconds left.\n|\n|t:|1698804130\n|start\n|switch|p1a: Azumarill|Azumarill, M|100\/100\n|switch|p2a: Grimmsnarl|Grimmsnarl, M|100\/100\n|turn|1\n|\n|t:|1698804150\n|move|p2a: Grimmsnarl|Taunt|p1a: Azumarill\n|-start|p1a: Azumarill|move: Taunt\n|move|p1a: Azumarill|Play Rough|p2a: Grimmsnarl\n|-supereffective|p2a: Grimmsnarl\n|-damage|p2a: Grimmsnarl|0 fnt\n|faint|p2a: Grimmsnarl\n|\n|upkeep\n|\n|t:|1698804163\n|switch|p2a: Iron Treads|Iron Treads|100\/100\n|turn|2\n|\n|t:|1698804177\n|-end|p2a: Iron Treads|Quark Drive|[silent]\n|switch|p2a: Cacturne|Cacturne, M|100\/100\n|move|p1a: Azumarill|Liquidation|p2a: Cacturne\n|-immune|p2a: Cacturne|[from] ability: Water Absorb\n|\n|upkeep\n|turn|3\n|c| blue999|yummy\n|\n|t:|1698804196\n|move|p2a: Cacturne|Seed Bomb|p1a: Azumarill\n|-supereffective|p1a: Azumarill\n|-damage|p1a: Azumarill|0 fnt\n|faint|p1a: Azumarill\n|-damage|p2a: Cacturne|91\/100|[from] item: Life Orb\n|\n|upkeep\n|\n|t:|1698804209\n|switch|p1a: Toxtricity|Toxtricity, F|100\/100\n|turn|4\n|inactive|mindyourmoney has 270 seconds left.\n|\n|t:|1698804256\n|switch|p2a: Iron Treads|Iron Treads|100\/100\n|move|p1a: Toxtricity|Boomburst|p2a: Iron Treads\n|-resisted|p2a: Iron Treads\n|-damage|p2a: Iron Treads|68\/100\n|\n|upkeep\n|turn|5\n|\n|t:|1698804267\n|switch|p1a: Hippowdon|Hippowdon, M|100\/100\n|-end|p2a: Iron Treads|Quark Drive|[silent]\n|switch|p2a: Cacturne|Cacturne, M|91\/100\n|\n|upkeep\n|turn|6\n|\n|t:|1698804281\n|switch|p1a: Brambleghast|Brambleghast, M|100\/100\n|move|p2a: Cacturne|Seed Bomb|p1a: Brambleghast\n|-resisted|p1a: Brambleghast\n|-damage|p1a: Brambleghast|64\/100\n|-damage|p2a: Cacturne|81\/100|[from] item: Life Orb\n|\n|-heal|p1a: Brambleghast|70\/100|[from] item: Leftovers\n|upkeep\n|turn|7\n|\n|t:|1698804290\n|switch|p1a: Toxtricity|Toxtricity, F|100\/100\n|move|p2a: Cacturne|Swords Dance|p2a: Cacturne\n|-boost|p2a: Cacturne|atk|2\n|\n|upkeep\n|turn|8\n|\n|t:|1698804304\n|switch|p1a: Brambleghast|Brambleghast, M|70\/100\n|move|p2a: Cacturne|Sucker Punch||[still]\n|-fail|p2a: Cacturne\n|\n|-heal|p1a: Brambleghast|76\/100|[from] item: Leftovers\n|upkeep\n|turn|9\n|\n|t:|1698804312\n|move|p1a: Brambleghast|Power Whip|p2a: Cacturne\n|-resisted|p2a: Cacturne\n|-damage|p2a: Cacturne|43\/100\n|move|p2a: Cacturne|Seed Bomb|p1a: Brambleghast\n|-resisted|p1a: Brambleghast\n|-damage|p1a: Brambleghast|0 fnt\n|faint|p1a: Brambleghast\n|-damage|p2a: Cacturne|33\/100|[from] item: Life Orb\n|\n|upkeep\n|c| blue999|LOOOOOOOOOOOOOOOOOL\n|c| blue999|MAN SAID ENOUGH\n|inactive|Zeddbruh has 270 seconds left.\n|\n|t:|1698804359\n|switch|p1a: Roaring Moon|Roaring Moon|100\/100\n|turn|10\n|inactive|Zeddbruh has 240 seconds left.\n|\n|t:|1698804388\n|move|p1a: Roaring Moon|Knock Off|p2a: Cacturne\n|-resisted|p2a: Cacturne\n|-damage|p2a: Cacturne|0 fnt\n|-enditem|p2a: Cacturne|Life Orb|[from] move: Knock Off|[of] p1a: Roaring Moon\n|faint|p2a: Cacturne\n|-damage|p1a: Roaring Moon|91\/100|[from] item: Life Orb\n|\n|upkeep\n|\n|t:|1698804394\n|switch|p2a: Iron Valiant|Iron Valiant|100\/100\n|turn|11\n|\n|t:|1698804412\n|move|p1a: Roaring Moon|Iron Head|p2a: Iron Valiant\n|-supereffective|p2a: Iron Valiant\n|-damage|p2a: Iron Valiant|7\/100\n|-damage|p1a: Roaring Moon|81\/100|[from] item: Life Orb\n|move|p2a: Iron Valiant|Moonblast|p1a: Roaring Moon\n|-supereffective|p1a: Roaring Moon\n|-damage|p1a: Roaring Moon|0 fnt\n|faint|p1a: Roaring Moon\n|-end|p1a: Roaring Moon|Protosynthesis|[silent]\n|-damage|p2a: Iron Valiant|0 fnt|[from] item: Life Orb\n|faint|p2a: Iron Valiant\n|-end|p2a: Iron Valiant|Quark Drive|[silent]\n|\n|upkeep\n|inactive|Zeddbruh has 240 seconds left.\n|\n|t:|1698804435\n|switch|p1a: Blissey|Blissey, F|100\/100\n|switch|p2a: Pincurchin|Pincurchin, F|100\/100\n|-fieldstart|move: Electric Terrain|[from] ability: Electric Surge|[of] p2a: Pincurchin\n|turn|12\n|inactive|Zeddbruh has 240 seconds left.\n|\n|t:|1698804444\n|move|p1a: Blissey|Seismic Toss|p2a: Pincurchin\n|-damage|p2a: Pincurchin|67\/100\n|move|p2a: Pincurchin|Spikes|p1a: Blissey\n|-sidestart|p1: Zeddbruh|Spikes\n|\n|upkeep\n|turn|13\n|\n|t:|1698804451\n|switch|p2a: Iron Treads|Iron Treads|68\/100\n|-activate|p2a: Iron Treads|ability: Quark Drive\n|-start|p2a: Iron Treads|quarkdrivespe\n|move|p1a: Blissey|Seismic Toss|p2a: Iron Treads\n|-damage|p2a: Iron Treads|37\/100\n|\n|upkeep\n|turn|14\n|\n|t:|1698804459\n|move|p2a: Iron Treads|Knock Off|p1a: Blissey\n|-damage|p1a: Blissey|73\/100\n|-enditem|p1a: Blissey|Heavy-Duty Boots|[from] move: Knock Off|[of] p2a: Iron Treads\n|move|p1a: Blissey|Seismic Toss|p2a: Iron Treads\n|-damage|p2a: Iron Treads|6\/100\n|\n|upkeep\n|turn|15\n|\n|t:|1698804467\n|move|p2a: Iron Treads|Earthquake|p1a: Blissey\n|-damage|p1a: Blissey|28\/100\n|move|p1a: Blissey|Soft-Boiled|p1a: Blissey\n|-heal|p1a: Blissey|78\/100\n|\n|upkeep\n|turn|16\n|\n|t:|1698804479\n|move|p2a: Iron Treads|Volt Switch|p1a: Blissey\n|-damage|p1a: Blissey|73\/100\n|\n|t:|1698804483\n|-end|p2a: Iron Treads|Quark Drive|[silent]\n|switch|p2a: Pincurchin|Pincurchin, F|67\/100|[from] Volt Switch\n|move|p1a: Blissey|Soft-Boiled|p1a: Blissey\n|-heal|p1a: Blissey|100\/100\n|\n|upkeep\n|turn|17\n|\n|t:|1698804494\n|move|p1a: Blissey|Seismic Toss|p2a: Pincurchin\n|-damage|p2a: Pincurchin|34\/100\n|move|p2a: Pincurchin|Toxic Spikes|p1a: Blissey\n|-sidestart|p1: Zeddbruh|move: Toxic Spikes\n|\n|upkeep\n|turn|18\n|inactive|Zeddbruh has 270 seconds left.\n|\n|t:|1698804500\n|switch|p2a: Iron Treads|Iron Treads|6\/100\n|-activate|p2a: Iron Treads|ability: Quark Drive\n|-start|p2a: Iron Treads|quarkdrivespe\n|move|p1a: Blissey|Seismic Toss|p2a: Iron Treads\n|-damage|p2a: Iron Treads|0 fnt\n|faint|p2a: Iron Treads\n|-end|p2a: Iron Treads|Quark Drive|[silent]\n|\n|upkeep\n|\n|t:|1698804509\n|switch|p2a: Iron Leaves|Iron Leaves|100\/100\n|-activate|p2a: Iron Leaves|ability: Quark Drive\n|-start|p2a: Iron Leaves|quarkdrivespe\n|turn|19\n|\n|t:|1698804523\n|move|p2a: Iron Leaves|Close Combat|p1a: Blissey\n|-supereffective|p1a: Blissey\n|-damage|p1a: Blissey|12\/100\n|-unboost|p2a: Iron Leaves|def|1\n|-unboost|p2a: Iron Leaves|spd|1\n|-damage|p2a: Iron Leaves|91\/100|[from] item: Life Orb\n|move|p1a: Blissey|Thunder Wave|p2a: Iron Leaves\n|-status|p2a: Iron Leaves|par\n|\n|-fieldend|move: Electric Terrain\n|-end|p2a: Iron Leaves|Quark Drive\n|upkeep\n|turn|20\n|\n|t:|1698804536\n|cant|p2a: Iron Leaves|par\n|move|p1a: Blissey|Seismic Toss|p2a: Iron Leaves\n|-damage|p2a: Iron Leaves|62\/100 par\n|\n|upkeep\n|turn|21\n|\n|t:|1698804544\n|move|p2a: Iron Leaves|Psyblade|p1a: Blissey\n|-damage|p1a: Blissey|0 fnt\n|faint|p1a: Blissey\n|-damage|p2a: Iron Leaves|52\/100 par|[from] item: Life Orb\n|\n|upkeep\n|\n|t:|1698804549\n|switch|p1a: Toxtricity|Toxtricity, F|100\/100\n|-damage|p1a: Toxtricity|88\/100|[from] Spikes\n|-sideend|p1: Zeddbruh|move: Toxic Spikes|[of] p1a: Toxtricity\n|turn|22\n|\n|t:|1698804555\n|-end|p2a: Iron Leaves|Quark Drive|[silent]\n|switch|p2a: Pincurchin|Pincurchin, F|34\/100\n|-fieldstart|move: Electric Terrain|[from] ability: Electric Surge|[of] p2a: Pincurchin\n|move|p1a: Toxtricity|Boomburst|p2a: Pincurchin\n|-damage|p2a: Pincurchin|0 fnt\n|faint|p2a: Pincurchin\n|\n|upkeep\n|\n|t:|1698804562\n|switch|p2a: Iron Leaves|Iron Leaves|52\/100 par\n|-activate|p2a: Iron Leaves|ability: Quark Drive\n|-start|p2a: Iron Leaves|quarkdrivespe\n|turn|23\n|\n|t:|1698804567\n|move|p1a: Toxtricity|Boomburst|p2a: Iron Leaves\n|-damage|p2a: Iron Leaves|1\/100 par\n|move|p2a: Iron Leaves|Psyblade|p1a: Toxtricity\n|-supereffective|p1a: Toxtricity\n|-crit|p1a: Toxtricity\n|-damage|p1a: Toxtricity|0 fnt\n|faint|p1a: Toxtricity\n|-damage|p2a: Iron Leaves|0 fnt|[from] item: Life Orb\n|faint|p2a: Iron Leaves\n|-end|p2a: Iron Leaves|Quark Drive|[silent]\n|\n|win|Zeddbruh\n|c|\u2606mindyourmoney|ggs\n|l|\u2606mindyourmoney\n|l|\u2606Zeddbruh\n","uploadtime":1698804593,"views":8,"p1id":"zeddbruh","p2id":"mindyourmoney","formatid":"gen9ubers","rating":0,"private":0,"password":""}