{"id":"gen9ubers-1982565289","p1":"mrg93","p2":"GS Wendigo","format":"[Gen 9] Ubers","log":"|j|\u2606mrg93\n|j|\u2606GS Wendigo\n|t:|1699026002\n|gametype|singles\n|player|p1|mrg93|265|\n|player|p2|GS Wendigo|ghetsis|\n|teamsize|p1|6\n|teamsize|p2|6\n|gen|9\n|tier|[Gen 9] Ubers\n|rule|Sleep Clause Mod: Limit one foe put to sleep\n|rule|Species Clause: Limit one of each Pok\u00e9mon\n|rule|OHKO Clause: OHKO moves are banned\n|rule|Evasion Items Clause: Evasion items are banned\n|rule|Evasion Moves Clause: Evasion moves are banned\n|rule|Endless Battle Clause: Forcing endless battles is banned\n|rule|HP Percentage Mod: HP is shown in percentages\n|clearpoke\n|poke|p1|Mew|\n|poke|p1|Dondozo, M|\n|poke|p1|Mimikyu, F|\n|poke|p1|Ursaluna-Bloodmoon, M|\n|poke|p1|Forretress, F|\n|poke|p1|Eiscue, F|\n|poke|p2|Flutter Mane|\n|poke|p2|Ditto|\n|poke|p2|Ninetales-Alola, F|\n|poke|p2|Torterra, F|\n|poke|p2|Frosmoth, F|\n|poke|p2|Overqwil, F|\n|teampreview\n|\n|t:|1699026026\n|start\n|switch|p1a: Mimikyu|Mimikyu, F, shiny|100\/100\n|switch|p2a: CHAIN MACE|Overqwil, F, shiny|100\/100\n|-ability|p2a: CHAIN MACE|Intimidate|boost\n|-unboost|p1a: Mimikyu|atk|1\n|turn|1\n|\n|t:|1699026040\n|-terastallize|p1a: Mimikyu|Ghost\n|move|p1a: Mimikyu|Swords Dance|p1a: Mimikyu\n|-boost|p1a: Mimikyu|atk|2\n|move|p2a: CHAIN MACE|Taunt|p1a: Mimikyu\n|-start|p1a: Mimikyu|move: Taunt\n|\n|upkeep\n|turn|2\n|j| Iuxkysersosa\n|\n|t:|1699026102\n|move|p1a: Mimikyu|Play Rough|p2a: CHAIN MACE\n|-damage|p2a: CHAIN MACE|30\/100\n|-damage|p1a: Mimikyu|91\/100|[from] item: Life Orb\n|move|p2a: CHAIN MACE|Crunch|p1a: Mimikyu\n|-activate|p1a: Mimikyu|ability: Disguise\n|-damage|p1a: Mimikyu|91\/100\n|-unboost|p1a: Mimikyu|def|1\n|detailschange|p1a: Mimikyu|Mimikyu-Busted, F, shiny, tera:Ghost\n|-damage|p1a: Mimikyu|78\/100|[from] pokemon: Mimikyu-Busted\n|\n|-heal|p2a: CHAIN MACE|36\/100|[from] item: Black Sludge\n|upkeep\n|turn|3\n|\n|t:|1699026137\n|move|p1a: Mimikyu|Shadow Sneak|p2a: CHAIN MACE\n|-resisted|p2a: CHAIN MACE\n|-damage|p2a: CHAIN MACE|13\/100\n|-damage|p1a: Mimikyu|68\/100|[from] item: Life Orb\n|move|p2a: CHAIN MACE|Crunch|p1a: Mimikyu\n|-supereffective|p1a: Mimikyu\n|-damage|p1a: Mimikyu|0 fnt\n|faint|p1a: Mimikyu\n|\n|-heal|p2a: CHAIN MACE|19\/100|[from] item: Black Sludge\n|upkeep\n|\n|t:|1699026168\n|switch|p1a: Mew|Mew, shiny|100\/100\n|turn|4\n|\n|t:|1699026174\n|move|p1a: Mew|Psychic Fangs|p2a: CHAIN MACE\n|-immune|p2a: CHAIN MACE\n|move|p2a: CHAIN MACE|Toxic Spikes|p1a: Mew\n|-sidestart|p1: mrg93|move: Toxic Spikes\n|\n|-heal|p2a: CHAIN MACE|25\/100|[from] item: Black Sludge\n|upkeep\n|turn|5\n|\n|t:|1699026186\n|move|p1a: Mew|Knock Off|p2a: CHAIN MACE\n|-resisted|p2a: CHAIN MACE\n|-damage|p2a: CHAIN MACE|10\/100\n|-enditem|p2a: CHAIN MACE|Black Sludge|[from] move: Knock Off|[of] p1a: Mew\n|move|p2a: CHAIN MACE|Toxic Spikes|p1a: Mew\n|-sidestart|p1: mrg93|move: Toxic Spikes\n|\n|upkeep\n|turn|6\n|\n|t:|1699026192\n|move|p1a: Mew|Knock Off|p2a: CHAIN MACE\n|-resisted|p2a: CHAIN MACE\n|-damage|p2a: CHAIN MACE|0 fnt\n|faint|p2a: CHAIN MACE\n|\n|upkeep\n|\n|t:|1699026205\n|switch|p2a: BURR|Ninetales-Alola, F, shiny|100\/100\n|-weather|Snow|[from] ability: Snow Warning|[of] p2a: BURR\n|turn|7\n|\n|t:|1699026220\n|switch|p1a: Forretress|Forretress, F, shiny|100\/100\n|move|p2a: BURR|Aurora Veil|p2a: BURR\n|-sidestart|p2: GS Wendigo|move: Aurora Veil\n|\n|-weather|Snow|[upkeep]\n|upkeep\n|turn|8\n|\n|t:|1699026230\n|switch|p2a: GUCCI MANE|Flutter Mane, shiny|100\/100\n|move|p1a: Forretress|Stealth Rock|p2a: GUCCI MANE\n|-sidestart|p2: GS Wendigo|move: Stealth Rock\n|\n|-weather|Snow|[upkeep]\n|upkeep\n|turn|9\n|\n|t:|1699026241\n|move|p2a: GUCCI MANE|Shadow Ball|p1a: Forretress\n|-damage|p1a: Forretress|53\/100\n|move|p1a: Forretress|Toxic Spikes|p2a: GUCCI MANE\n|-sidestart|p2: GS Wendigo|move: Toxic Spikes\n|\n|-weather|Snow|[upkeep]\n|-heal|p1a: Forretress|59\/100|[from] item: Leftovers\n|upkeep\n|turn|10\n|\n|t:|1699026254\n|move|p2a: GUCCI MANE|Shadow Ball|p1a: Forretress\n|-damage|p1a: Forretress|17\/100\n|move|p1a: Forretress|Iron Defense|p1a: Forretress\n|-boost|p1a: Forretress|def|2\n|\n|-weather|Snow|[upkeep]\n|-heal|p1a: Forretress|23\/100|[from] item: Leftovers\n|upkeep\n|turn|11\n|l| Iuxkysersosa\n|j| Iuxkysersosa\n|\n|t:|1699026264\n|move|p2a: GUCCI MANE|Shadow Ball|p1a: Forretress\n|-damage|p1a: Forretress|0 fnt\n|faint|p1a: Forretress\n|\n|-weather|none\n|upkeep\n|\n|t:|1699026281\n|switch|p1a: Mew|Mew, shiny|100\/100\n|-status|p1a: Mew|tox\n|turn|12\n|\n|t:|1699026289\n|move|p2a: GUCCI MANE|Shadow Ball|p1a: Mew\n|-supereffective|p1a: Mew\n|-damage|p1a: Mew|7\/100 tox\n|move|p1a: Mew|Toxic|p2a: GUCCI MANE\n|-status|p2a: GUCCI MANE|tox\n|\n|-heal|p1a: Mew|13\/100 tox|[from] item: Leftovers\n|-damage|p2a: GUCCI MANE|95\/100 tox|[from] psn\n|-damage|p1a: Mew|7\/100 tox|[from] psn\n|upkeep\n|turn|13\n|\n|t:|1699026301\n|move|p2a: GUCCI MANE|Shadow Ball|p1a: Mew\n|-supereffective|p1a: Mew\n|-damage|p1a: Mew|0 fnt\n|faint|p1a: Mew\n|\n|-heal|p2a: GUCCI MANE|100\/100 tox|[from] item: Leftovers\n|-damage|p2a: GUCCI MANE|89\/100 tox|[from] psn\n|upkeep\n|\n|t:|1699026312\n|switch|p1a: Eiscue|Eiscue, F, shiny|100\/100\n|-status|p1a: Eiscue|tox\n|turn|14\n|\n|t:|1699026323\n|move|p2a: GUCCI MANE|Moonblast|p1a: Eiscue\n|-damage|p1a: Eiscue|42\/100 tox\n|move|p1a: Eiscue|Zen Headbutt|p2a: GUCCI MANE\n|-damage|p2a: GUCCI MANE|57\/100 tox\n|-damage|p1a: Eiscue|32\/100 tox|[from] item: Life Orb\n|\n|-heal|p2a: GUCCI MANE|63\/100 tox|[from] item: Leftovers\n|-damage|p2a: GUCCI MANE|45\/100 tox|[from] psn\n|-damage|p1a: Eiscue|25\/100 tox|[from] psn\n|-sideend|p2: GS Wendigo|move: Aurora Veil\n|upkeep\n|turn|15\n|\n|t:|1699026335\n|move|p2a: GUCCI MANE|Moonblast|p1a: Eiscue\n|-damage|p1a: Eiscue|0 fnt\n|faint|p1a: Eiscue\n|\n|-heal|p2a: GUCCI MANE|51\/100 tox|[from] item: Leftovers\n|-damage|p2a: GUCCI MANE|27\/100 tox|[from] psn\n|upkeep\n|l| Iuxkysersosa\n|\n|t:|1699026352\n|switch|p1a: Dondozo|Dondozo, M, shiny|100\/100\n|-status|p1a: Dondozo|tox\n|turn|16\n|\n|t:|1699026363\n|move|p2a: GUCCI MANE|Energy Ball|p1a: Dondozo\n|-supereffective|p1a: Dondozo\n|-damage|p1a: Dondozo|37\/100 tox\n|move|p1a: Dondozo|Liquidation|p2a: GUCCI MANE\n|-damage|p2a: GUCCI MANE|0 fnt\n|faint|p2a: GUCCI MANE\n|-end|p2a: GUCCI MANE|Protosynthesis|[silent]\n|\n|-heal|p1a: Dondozo|43\/100 tox|[from] item: Leftovers\n|-damage|p1a: Dondozo|37\/100 tox|[from] psn\n|upkeep\n|\n|t:|1699026374\n|switch|p2a: TORTERROR|Torterra, F, shiny|100\/100\n|-damage|p2a: TORTERROR|94\/100|[from] Stealth Rock\n|-status|p2a: TORTERROR|psn\n|turn|17\n|\n|t:|1699026384\n|-terastallize|p2a: TORTERROR|Ice\n|move|p2a: TORTERROR|Shell Smash|p2a: TORTERROR\n|-unboost|p2a: TORTERROR|def|1\n|-unboost|p2a: TORTERROR|spd|1\n|-boost|p2a: TORTERROR|atk|2\n|-boost|p2a: TORTERROR|spa|2\n|-boost|p2a: TORTERROR|spe|2\n|move|p1a: Dondozo|Body Press|p2a: TORTERROR\n|-supereffective|p2a: TORTERROR\n|-damage|p2a: TORTERROR|54\/100 psn\n|\n|-heal|p1a: Dondozo|43\/100 tox|[from] item: Leftovers\n|-damage|p2a: TORTERROR|41\/100 psn|[from] psn\n|-damage|p1a: Dondozo|31\/100 tox|[from] psn\n|upkeep\n|turn|18\n|j| Iuxkysersosa\n|\n|t:|1699026398\n|move|p2a: TORTERROR|Bullet Seed|p1a: Dondozo\n|-supereffective|p1a: Dondozo\n|-damage|p1a: Dondozo|14\/100 tox\n|-supereffective|p1a: Dondozo\n|-damage|p1a: Dondozo|0 fnt\n|faint|p1a: Dondozo\n|-hitcount|p1: Dondozo|2\n|\n|-damage|p2a: TORTERROR|29\/100 psn|[from] psn\n|upkeep\n|\n|t:|1699026407\n|switch|p1a: Ursaluna|Ursaluna-Bloodmoon, M|100\/100\n|-status|p1a: Ursaluna|tox\n|turn|19\n|\n|t:|1699026415\n|move|p2a: TORTERROR|Bullet Seed|p1a: Ursaluna\n|-supereffective|p1a: Ursaluna\n|-damage|p1a: Ursaluna|64\/100 tox\n|-supereffective|p1a: Ursaluna\n|-damage|p1a: Ursaluna|30\/100 tox\n|-supereffective|p1a: Ursaluna\n|-damage|p1a: Ursaluna|0 fnt\n|faint|p1a: Ursaluna\n|-hitcount|p1: Ursaluna|3\n|\n|win|GS Wendigo\n|l| Iuxkysersosa\n","uploadtime":1699026425,"views":16,"p1id":"mrg93","p2id":"gswendigo","formatid":"gen9ubers","rating":0,"private":0,"password":""}