{"id":"gen9ubers-1975864198","p1":"ateup","p2":"LadyCynthia32","format":"[Gen 9] Ubers","log":"|j|\u2606ateup\n|j|\u2606LadyCynthia32\n|t:|1698244822\n|gametype|singles\n|player|p1|ateup|pokemaniac|\n|player|p2|LadyCynthia32|cynthia-gen4|\n|teamsize|p1|6\n|teamsize|p2|6\n|gen|9\n|tier|[Gen 9] Ubers\n|rule|Sleep Clause Mod: Limit one foe put to sleep\n|rule|Species Clause: Limit one of each Pok\u00e9mon\n|rule|OHKO Clause: OHKO moves are banned\n|rule|Evasion Items Clause: Evasion items are banned\n|rule|Evasion Moves Clause: Evasion moves are banned\n|rule|Endless Battle Clause: Forcing endless battles is banned\n|rule|HP Percentage Mod: HP is shown in percentages\n|clearpoke\n|poke|p1|Giratina|\n|poke|p1|Dialga|\n|poke|p1|Shaymin-Sky|\n|poke|p1|Palkia-Origin|\n|poke|p1|Arceus-Fire|\n|poke|p1|Urshifu-*, F|\n|poke|p2|Dialga|\n|poke|p2|Palkia-Origin|\n|poke|p2|Giratina|\n|poke|p2|Arceus-Dark|\n|poke|p2|Chi-Yu|\n|poke|p2|Magearna|\n|teampreview\n|inactive|Battle timer is ON: inactive players will automatically lose when time's up. (requested by ateup)\n|c|\u2606LadyCynthia32|glhf\n|c|\u2606ateup|glhf\n|inactive|ateup has 270 seconds left.\n|\n|t:|1698244859\n|start\n|switch|p1a: Urshifu|Urshifu, F|100\/100\n|switch|p2a: Dialga|Dialga|100\/100\n|-ability|p2a: Dialga|Pressure\n|turn|1\n|inactive|LadyCynthia32 has 270 seconds left.\n|\n|t:|1698244895\n|switch|p2a: Giratina|Giratina|100\/100\n|-ability|p2a: Giratina|Pressure\n|move|p1a: Urshifu|Close Combat|p2a: Giratina\n|-immune|p2a: Giratina\n|\n|upkeep\n|turn|2\n|inactive|LadyCynthia32 has 270 seconds left.\n|inactive|ateup has 270 seconds left.\n|\n|t:|1698244922\n|switch|p1a: Palkia|Palkia-Origin|100\/100\n|-ability|p1a: Palkia|Pressure\n|switch|p2a: Arceus|Arceus-Dark|100\/100\n|\n|upkeep\n|turn|3\n|inactive|ateup has 270 seconds left.\n|\n|t:|1698244930\n|move|p2a: Arceus|Thunder Wave|p1a: Palkia\n|-status|p1a: Palkia|par\n|move|p1a: Palkia|Hydro Pump|p2a: Arceus|[miss]\n|-miss|p1a: Palkia|p2a: Arceus\n|\n|upkeep\n|turn|4\n|inactive|LadyCynthia32 has 270 seconds left.\n|\n|t:|1698244937\n|move|p2a: Arceus|Foul Play|p1a: Palkia\n|-damage|p1a: Palkia|70\/100 par\n|move|p1a: Palkia|Hydro Pump|p2a: Arceus\n|-damage|p2a: Arceus|48\/100\n|\n|upkeep\n|turn|5\n|\n|t:|1698244945\n|move|p2a: Arceus|Recover|p2a: Arceus\n|-heal|p2a: Arceus|98\/100\n|move|p1a: Palkia|Hydro Pump|p2a: Arceus\n|-damage|p2a: Arceus|51\/100\n|\n|upkeep\n|turn|6\n|\n|t:|1698244953\n|move|p2a: Arceus|Recover|p2a: Arceus\n|-heal|p2a: Arceus|100\/100\n|move|p1a: Palkia|Hydro Pump|p2a: Arceus\n|-damage|p2a: Arceus|46\/100\n|\n|upkeep\n|turn|7\n|\n|t:|1698244959\n|move|p2a: Arceus|Recover|p2a: Arceus\n|-heal|p2a: Arceus|96\/100\n|move|p1a: Palkia|Hydro Pump|p2a: Arceus\n|-damage|p2a: Arceus|46\/100\n|\n|upkeep\n|turn|8\n|j| Leo Justice\n|\n|t:|1698244971\n|move|p2a: Arceus|Recover|p2a: Arceus\n|-heal|p2a: Arceus|96\/100\n|move|p1a: Palkia|Hydro Pump|p2a: Arceus\n|-damage|p2a: Arceus|48\/100\n|\n|upkeep\n|turn|9\n|\n|t:|1698244976\n|move|p2a: Arceus|Recover|p2a: Arceus\n|-heal|p2a: Arceus|98\/100\n|move|p1a: Palkia|Hydro Pump|p2a: Arceus\n|-damage|p2a: Arceus|45\/100\n|\n|upkeep\n|turn|10\n|c|\u2606ateup|hey leo\n|\n|t:|1698244982\n|move|p2a: Arceus|Recover|p2a: Arceus\n|-heal|p2a: Arceus|95\/100\n|move|p1a: Palkia|Hydro Pump|p2a: Arceus\n|-damage|p2a: Arceus|48\/100\n|\n|upkeep\n|turn|11\n|c|\u2606LadyCynthia32|omg every pump hit\n|\n|t:|1698244991\n|move|p2a: Arceus|Recover|p2a: Arceus\n|-heal|p2a: Arceus|98\/100\n|cant|p1a: Palkia|par\n|\n|upkeep\n|turn|12\n|c| Leo Justice|yo\n|c|\u2606ateup|through para as well\n|\n|t:|1698244997\n|move|p2a: Arceus|Foul Play|p1a: Palkia\n|-damage|p1a: Palkia|36\/100 par\n|move|p1a: Palkia|Spacial Rend|p2a: Arceus|[miss]\n|-miss|p1a: Palkia|p2a: Arceus\n|\n|upkeep\n|turn|13\n|c|\u2606LadyCynthia32|that's what I mean\n|\n|t:|1698245003\n|switch|p2a: Magearna|Magearna|100\/100\n|move|p1a: Palkia|Spacial Rend|p2a: Magearna\n|-immune|p2a: Magearna\n|\n|upkeep\n|turn|14\n|c|\u2606ateup|now my luck leaves me\n|\n|t:|1698245018\n|move|p1a: Palkia|Earth Power|p2a: Magearna\n|-supereffective|p2a: Magearna\n|-damage|p2a: Magearna|44\/100\n|move|p2a: Magearna|Shift Gear|p2a: Magearna\n|-boost|p2a: Magearna|spe|2\n|-boost|p2a: Magearna|atk|1\n|\n|-heal|p2a: Magearna|50\/100|[from] item: Leftovers\n|upkeep\n|turn|15\n|\n|t:|1698245033\n|-terastallize|p2a: Magearna|Fairy\n|move|p2a: Magearna|Calm Mind|p2a: Magearna\n|-boost|p2a: Magearna|spa|1\n|-boost|p2a: Magearna|spd|1\n|move|p1a: Palkia|Earth Power|p2a: Magearna\n|-crit|p2a: Magearna\n|-damage|p2a: Magearna|9\/100\n|\n|-heal|p2a: Magearna|15\/100|[from] item: Leftovers\n|upkeep\n|turn|16\n|\n|t:|1698245043\n|move|p2a: Magearna|Fleur Cannon|p1a: Palkia\n|-supereffective|p1a: Palkia\n|-damage|p1a: Palkia|0 fnt\n|-unboost|p2a: Magearna|spa|2\n|faint|p1a: Palkia\n|-ability|p2a: Magearna|Soul-Heart|boost\n|-boost|p2a: Magearna|spa|1\n|\n|-heal|p2a: Magearna|21\/100|[from] item: Leftovers\n|upkeep\n|\n|t:|1698245048\n|switch|p1a: annoying part 2|Shaymin-Sky|100\/100\n|turn|17\n|\n|t:|1698245055\n|move|p1a: annoying part 2|Earth Power|p2a: Magearna\n|-damage|p2a: Magearna|5\/100\n|move|p2a: Magearna|Stored Power|p1a: annoying part 2\n|-damage|p1a: annoying part 2|51\/100\n|\n|-heal|p1a: annoying part 2|57\/100|[from] item: Leftovers\n|-heal|p2a: Magearna|11\/100|[from] item: Leftovers\n|upkeep\n|turn|18\n|\n|t:|1698245073\n|move|p1a: annoying part 2|Air Slash|p2a: Magearna\n|-damage|p2a: Magearna|0 fnt\n|faint|p2a: Magearna\n|\n|-heal|p1a: annoying part 2|63\/100|[from] item: Leftovers\n|upkeep\n|\n|t:|1698245078\n|switch|p2a: Chi-Yu|Chi-Yu|100\/100\n|-ability|p2a: Chi-Yu|Beads of Ruin\n|turn|19\n|\n|t:|1698245085\n|move|p2a: Chi-Yu|Overheat|p1a: annoying part 2\n|-supereffective|p1a: annoying part 2\n|-damage|p1a: annoying part 2|0 fnt\n|-unboost|p2a: Chi-Yu|spa|2\n|faint|p1a: annoying part 2\n|\n|upkeep\n|\n|t:|1698245104\n|switch|p1a: Urshifu|Urshifu, F|100\/100\n|turn|20\n|\n|t:|1698245112\n|move|p2a: Chi-Yu|Overheat|p1a: Urshifu\n|-damage|p1a: Urshifu|30\/100\n|-unboost|p2a: Chi-Yu|spa|2\n|move|p1a: Urshifu|Close Combat|p2a: Chi-Yu\n|-supereffective|p2a: Chi-Yu\n|-damage|p2a: Chi-Yu|0 fnt\n|-unboost|p1a: Urshifu|def|1\n|-unboost|p1a: Urshifu|spd|1\n|faint|p2a: Chi-Yu\n|\n|upkeep\n|\n|t:|1698245125\n|switch|p2a: Palkia|Palkia-Origin|100\/100\n|-ability|p2a: Palkia|Pressure\n|turn|21\n|\n|t:|1698245131\n|move|p2a: Palkia|Spacial Rend|p1a: Urshifu\n|-damage|p1a: Urshifu|0 fnt\n|faint|p1a: Urshifu\n|\n|upkeep\n|\n|t:|1698245136\n|switch|p1a: annoying|Dialga|100\/100\n|-ability|p1a: annoying|Pressure\n|turn|22\n|\n|t:|1698245143\n|switch|p2a: Arceus|Arceus-Dark|98\/100\n|move|p1a: annoying|Thunder Wave|p2a: Arceus\n|-status|p2a: Arceus|par\n|\n|upkeep\n|turn|23\n|l| Leo Justice\n|\n|t:|1698245152\n|move|p2a: Arceus|Thunder Wave|p1a: annoying\n|-status|p1a: annoying|par\n|cant|p1a: annoying|par\n|\n|upkeep\n|turn|24\n|\n|t:|1698245156\n|move|p2a: Arceus|Taunt|p1a: annoying\n|-start|p1a: annoying|move: Taunt\n|move|p1a: annoying|Dragon Tail|p2a: Arceus\n|-damage|p2a: Arceus|78\/100 par\n|drag|p2a: Giratina|Giratina|100\/100\n|-ability|p2a: Giratina|Pressure\n|\n|upkeep\n|turn|25\n|\n|t:|1698245170\n|move|p2a: Giratina|Earthquake|p1a: annoying\n|-supereffective|p1a: annoying\n|-damage|p1a: annoying|60\/100 par\n|move|p1a: annoying|Draco Meteor|p2a: Giratina|[miss]\n|-miss|p1a: annoying|p2a: Giratina\n|\n|-heal|p1a: annoying|67\/100 par|[from] item: Leftovers\n|upkeep\n|turn|26\n|\n|t:|1698245177\n|switch|p2a: Arceus|Arceus-Dark|78\/100 par\n|move|p1a: annoying|Draco Meteor|p2a: Arceus\n|-damage|p2a: Arceus|35\/100 par\n|-unboost|p1a: annoying|spa|2\n|\n|-heal|p1a: annoying|73\/100 par|[from] item: Leftovers\n|-end|p1a: annoying|move: Taunt\n|upkeep\n|turn|27\n|c|\u2606ateup|ahhhh\n|\n|t:|1698245187\n|move|p2a: Arceus|Recover|p2a: Arceus\n|-heal|p2a: Arceus|85\/100 par\n|move|p1a: annoying|Iron Head|p2a: Arceus\n|-damage|p2a: Arceus|56\/100 par\n|\n|-heal|p1a: annoying|79\/100 par|[from] item: Leftovers\n|upkeep\n|turn|28\n|\n|t:|1698245193\n|switch|p1a: fat discord mod|Giratina|100\/100\n|-ability|p1a: fat discord mod|Pressure\n|move|p2a: Arceus|Foul Play|p1a: fat discord mod\n|-supereffective|p1a: fat discord mod\n|-damage|p1a: fat discord mod|64\/100\n|\n|upkeep\n|turn|29\n|\n|t:|1698245201\n|move|p1a: fat discord mod|Rest|p1a: fat discord mod\n|-status|p1a: fat discord mod|slp|[from] move: Rest\n|-heal|p1a: fat discord mod|100\/100 slp|[silent]\n|cant|p2a: Arceus|par\n|\n|upkeep\n|turn|30\n|\n|t:|1698245212\n|switch|p1a: Arceus Fighting|Arceus-Fire|100\/100\n|cant|p2a: Arceus|par\n|\n|upkeep\n|turn|31\n|\n|t:|1698245216\n|move|p1a: Arceus Fighting|Dragon Dance|p1a: Arceus Fighting\n|-boost|p1a: Arceus Fighting|atk|1\n|-boost|p1a: Arceus Fighting|spe|1\n|move|p2a: Arceus|Thunder Wave|p1a: Arceus Fighting\n|-status|p1a: Arceus Fighting|par\n|\n|upkeep\n|turn|32\n|\n|t:|1698245222\n|move|p1a: Arceus Fighting|Flare Blitz|p2a: Arceus\n|-damage|p2a: Arceus|0 fnt\n|faint|p2a: Arceus\n|-damage|p1a: Arceus Fighting|79\/100 par|[from] Recoil\n|\n|upkeep\n|\n|t:|1698245227\n|switch|p2a: Palkia|Palkia-Origin|100\/100\n|-ability|p2a: Palkia|Pressure\n|turn|33\n|\n|t:|1698245237\n|move|p2a: Palkia|Surf|p1a: Arceus Fighting\n|-supereffective|p1a: Arceus Fighting\n|-damage|p1a: Arceus Fighting|0 fnt\n|faint|p1a: Arceus Fighting\n|\n|upkeep\n|c|\u2606ateup|gg\n|-message|ateup forfeited.\n|\n|win|LadyCynthia32\n|l|\u2606ateup\n|c|\u2606LadyCynthia32|gg\n","uploadtime":1698245251,"views":26,"p1id":"ateup","p2id":"ladycynthia32","formatid":"gen9ubers","rating":0,"private":0,"password":""}