{"id":"gen9ubers-1982500457","p1":"TAMAASHII","p2":"ashfqwer","format":"[Gen 9] Ubers","log":"|j|\u2606TAMAASHII\n|j|\u2606ashfqwer\n|t:|1699020666\n|gametype|singles\n|player|p1|TAMAASHII|flannery|\n|player|p2|ashfqwer|lusamine-nihilego|\n|teamsize|p1|6\n|teamsize|p2|6\n|gen|9\n|tier|[Gen 9] Ubers\n|rated|Tournament battle\n|rule|Sleep Clause Mod: Limit one foe put to sleep\n|rule|Species Clause: Limit one of each Pok\u00e9mon\n|rule|OHKO Clause: OHKO moves are banned\n|rule|Evasion Items Clause: Evasion items are banned\n|rule|Evasion Moves Clause: Evasion moves are banned\n|rule|Endless Battle Clause: Forcing endless battles is banned\n|rule|HP Percentage Mod: HP is shown in percentages\n|clearpoke\n|poke|p1|Arceus-Ground|\n|poke|p1|Koraidon|\n|poke|p1|Flutter Mane|\n|poke|p1|Annihilape, F|\n|poke|p1|Miraidon|\n|poke|p1|Kingambit, M|\n|poke|p2|Kyogre|\n|poke|p2|Arceus-Fairy|\n|poke|p2|Miraidon|\n|poke|p2|Ting-Lu|\n|poke|p2|Skeledirge, F|\n|poke|p2|Zacian-*|\n|teampreview\n|inactive|Battle timer is ON: inactive players will automatically lose when time's up. (requested by ashfqwer)\n|\n|t:|1699020679\n|start\n|switch|p1a: Miraidon|Miraidon|100\/100\n|switch|p2a: Kyogre|Kyogre|100\/100\n|-fieldstart|move: Electric Terrain|[from] ability: Hadron Engine|[of] p1a: Miraidon\n|-weather|RainDance|[from] ability: Drizzle|[of] p2a: Kyogre\n|turn|1\n|\n|t:|1699020685\n|switch|p2a: Ting-Lu|Ting-Lu|100\/100\n|-ability|p2a: Ting-Lu|Vessel of Ruin\n|move|p1a: Miraidon|Electro Drift|p2a: Ting-Lu\n|-immune|p2a: Ting-Lu\n|\n|-weather|RainDance|[upkeep]\n|upkeep\n|turn|2\n|\n|t:|1699020698\n|switch|p1a: Koraidon|Koraidon|100\/100\n|-weather|SunnyDay|[from] ability: Orichalcum Pulse|[of] p1a: Koraidon\n|-activate|p1a: Koraidon|Orichalcum Pulse|[source]\n|move|p2a: Ting-Lu|Spikes|p1a: Koraidon\n|-sidestart|p1: TAMAASHII|Spikes\n|\n|-weather|SunnyDay|[upkeep]\n|upkeep\n|turn|3\n|\n|t:|1699020709\n|switch|p2a: Skeledirge|Skeledirge, F|100\/100\n|move|p1a: Koraidon|Swords Dance|p1a: Koraidon\n|-boost|p1a: Koraidon|atk|2\n|\n|-weather|SunnyDay|[upkeep]\n|upkeep\n|turn|4\n|\n|t:|1699020726\n|switch|p1a: ??????????????|Arceus-Ground|100\/100\n|-damage|p1a: ??????????????|88\/100|[from] Spikes\n|move|p2a: Skeledirge|Will-O-Wisp|p1a: ??????????????\n|-status|p1a: ??????????????|brn\n|\n|-weather|SunnyDay|[upkeep]\n|-damage|p1a: ??????????????|82\/100 brn|[from] brn\n|upkeep\n|turn|5\n|j|+OreoSpeedruns\n|\n|t:|1699020735\n|switch|p2a: Arceus|Arceus-Fairy|100\/100\n|move|p1a: ??????????????|Earthquake|p2a: Arceus\n|-damage|p2a: Arceus|82\/100\n|\n|-weather|SunnyDay|[upkeep]\n|-damage|p1a: ??????????????|76\/100 brn|[from] brn\n|-fieldend|move: Electric Terrain\n|upkeep\n|turn|6\n|\n|t:|1699020739\n|switch|p1a: Kingambit|Kingambit, M|100\/100\n|-damage|p1a: Kingambit|88\/100|[from] Spikes\n|move|p2a: Arceus|Stealth Rock|p1a: Kingambit\n|-sidestart|p1: TAMAASHII|move: Stealth Rock\n|\n|-weather|none\n|upkeep\n|turn|7\n|\n|t:|1699020748\n|switch|p2a: Kyogre|Kyogre|100\/100\n|-weather|RainDance|[from] ability: Drizzle|[of] p2a: Kyogre\n|move|p1a: Kingambit|Kowtow Cleave|p2a: Kyogre\n|-damage|p2a: Kyogre|66\/100\n|\n|-weather|RainDance|[upkeep]\n|-heal|p2a: Kyogre|72\/100|[from] item: Leftovers\n|upkeep\n|turn|8\n|\n|t:|1699020754\n|move|p1a: Kingambit|Sucker Punch|p2a: Kyogre\n|-damage|p2a: Kyogre|47\/100\n|move|p2a: Kyogre|Surf|p1a: Kingambit\n|-damage|p1a: Kingambit|28\/100\n|\n|-weather|RainDance|[upkeep]\n|-heal|p2a: Kyogre|53\/100|[from] item: Leftovers\n|upkeep\n|turn|9\n|\n|t:|1699020760\n|move|p1a: Kingambit|Sucker Punch||[still]\n|-fail|p1a: Kingambit\n|move|p2a: Kyogre|Substitute|p2a: Kyogre\n|-start|p2a: Kyogre|Substitute\n|-damage|p2a: Kyogre|28\/100\n|\n|-weather|RainDance|[upkeep]\n|-heal|p2a: Kyogre|34\/100|[from] item: Leftovers\n|upkeep\n|turn|10\n|\n|t:|1699020764\n|move|p1a: Kingambit|Sucker Punch|p2a: Kyogre\n|-end|p2a: Kyogre|Substitute\n|move|p2a: Kyogre|Surf|p1a: Kingambit\n|-damage|p1a: Kingambit|0 fnt\n|faint|p1a: Kingambit\n|-end|p1a: Kingambit|fallenundefined|[silent]\n|\n|-weather|RainDance|[upkeep]\n|-heal|p2a: Kyogre|40\/100|[from] item: Leftovers\n|upkeep\n|\n|t:|1699020769\n|switch|p1a: Miraidon|Miraidon|100\/100\n|-damage|p1a: Miraidon|88\/100|[from] Spikes\n|-damage|p1a: Miraidon|76\/100|[from] Stealth Rock\n|-fieldstart|move: Electric Terrain|[from] ability: Hadron Engine|[of] p1a: Miraidon\n|turn|11\n|\n|t:|1699020774\n|switch|p2a: Ting-Lu|Ting-Lu|100\/100\n|-ability|p2a: Ting-Lu|Vessel of Ruin\n|-terastallize|p1a: Miraidon|Fairy\n|move|p1a: Miraidon|Dazzling Gleam|p2a: Ting-Lu\n|-supereffective|p2a: Ting-Lu\n|-damage|p2a: Ting-Lu|50\/100\n|\n|-weather|none\n|-heal|p2a: Ting-Lu|57\/100|[from] item: Leftovers\n|upkeep\n|turn|12\n|\n|t:|1699020782\n|switch|p2a: Zacian|Zacian-Crowned|100\/100\n|-ability|p2a: Zacian|Intrepid Sword|boost\n|-boost|p2a: Zacian|atk|1\n|move|p1a: Miraidon|Dazzling Gleam|p2a: Zacian\n|-resisted|p2a: Zacian\n|-damage|p2a: Zacian|75\/100\n|\n|upkeep\n|turn|13\n|\n|t:|1699020796\n|switch|p1a: ??????????????|Arceus-Ground|76\/100 brn\n|-damage|p1a: ??????????????|64\/100 brn|[from] Spikes\n|-damage|p1a: ??????????????|58\/100 brn|[from] Stealth Rock\n|move|p2a: Zacian|Behemoth Blade|p1a: ??????????????\n|-damage|p1a: ??????????????|0 fnt\n|faint|p1a: ??????????????\n|\n|upkeep\n|\n|t:|1699020807\n|switch|p1a: Miraidon|Miraidon, tera:Fairy|76\/100\n|-damage|p1a: Miraidon|64\/100|[from] Spikes\n|-damage|p1a: Miraidon|51\/100|[from] Stealth Rock\n|-activate|p1a: Miraidon|ability: Hadron Engine\n|turn|14\n|c|\u2606ashfqwer|!showset zacian\n|c| ashfqwer|\/raw <div class=\"infobox\">Zacian @ Rusted Sword  <br \/>Ability: Intrepid Sword  <br \/>Tera Type: Fighting  <br \/>EVs: 252 Atk &#x2f; 4 SpD &#x2f; 252 Spe  <br \/>Jolly Nature  <br \/>- Iron Head  <br \/>- Play Rough  <br \/><br \/><\/div>\n|\n|t:|1699020814\n|switch|p2a: Ting-Lu|Ting-Lu|57\/100\n|-ability|p2a: Ting-Lu|Vessel of Ruin\n|move|p1a: Miraidon|Electro Drift|p2a: Ting-Lu\n|-immune|p2a: Ting-Lu\n|\n|-heal|p2a: Ting-Lu|63\/100|[from] item: Leftovers\n|upkeep\n|turn|15\n|\n|t:|1699020827\n|switch|p1a: Annihilape|Annihilape, F|100\/100\n|-damage|p1a: Annihilape|88\/100|[from] Spikes\n|-damage|p1a: Annihilape|82\/100|[from] Stealth Rock\n|move|p2a: Ting-Lu|Earthquake|p1a: Annihilape\n|-damage|p1a: Annihilape|45\/100\n|\n|-heal|p2a: Ting-Lu|69\/100|[from] item: Leftovers\n|-fieldend|move: Electric Terrain\n|upkeep\n|turn|16\n|\n|t:|1699020835\n|switch|p2a: Arceus|Arceus-Fairy|82\/100\n|move|p1a: Annihilape|Stealth Rock|p2a: Arceus\n|-sidestart|p2: ashfqwer|move: Stealth Rock\n|\n|upkeep\n|turn|17\n|\n|t:|1699020842\n|move|p2a: Arceus|Judgment|p1a: Annihilape\n|-supereffective|p1a: Annihilape\n|-damage|p1a: Annihilape|0 fnt\n|faint|p1a: Annihilape\n|\n|upkeep\n|\n|t:|1699020846\n|switch|p1a: Flutter Mane|Flutter Mane|100\/100\n|-damage|p1a: Flutter Mane|88\/100|[from] Spikes\n|-damage|p1a: Flutter Mane|76\/100|[from] Stealth Rock\n|turn|18\n|\n|t:|1699020853\n|move|p1a: Flutter Mane|Shadow Ball|p2a: Arceus\n|-crit|p2a: Arceus\n|-damage|p2a: Arceus|23\/100\n|move|p2a: Arceus|Judgment|p1a: Flutter Mane\n|-damage|p1a: Flutter Mane|22\/100\n|\n|upkeep\n|turn|19\n|\n|t:|1699020859\n|move|p1a: Flutter Mane|Shadow Ball|p2a: Arceus\n|-damage|p2a: Arceus|0 fnt\n|faint|p2a: Arceus\n|\n|upkeep\n|\n|t:|1699020870\n|switch|p2a: Zacian|Zacian-Crowned|75\/100\n|-damage|p2a: Zacian|68\/100|[from] Stealth Rock\n|turn|20\n|\n|t:|1699020873\n|move|p2a: Zacian|Behemoth Blade|p1a: Flutter Mane\n|-supereffective|p1a: Flutter Mane\n|-damage|p1a: Flutter Mane|0 fnt\n|faint|p1a: Flutter Mane\n|-end|p1a: Flutter Mane|Protosynthesis|[silent]\n|\n|upkeep\n|\n|t:|1699020875\n|switch|p1a: Miraidon|Miraidon, tera:Fairy|51\/100\n|-damage|p1a: Miraidon|39\/100|[from] Spikes\n|-damage|p1a: Miraidon|27\/100|[from] Stealth Rock\n|-fieldstart|move: Electric Terrain|[from] ability: Hadron Engine|[of] p1a: Miraidon\n|turn|21\n|\n|t:|1699020880\n|move|p1a: Miraidon|Dazzling Gleam|p2a: Zacian\n|-resisted|p2a: Zacian\n|-damage|p2a: Zacian|43\/100\n|move|p2a: Zacian|Behemoth Blade|p1a: Miraidon\n|-supereffective|p1a: Miraidon\n|-damage|p1a: Miraidon|0 fnt\n|faint|p1a: Miraidon\n|\n|upkeep\n|\n|t:|1699020883\n|switch|p1a: Koraidon|Koraidon|100\/100\n|-damage|p1a: Koraidon|88\/100|[from] Spikes\n|-damage|p1a: Koraidon|82\/100|[from] Stealth Rock\n|-weather|SunnyDay|[from] ability: Orichalcum Pulse|[of] p1a: Koraidon\n|-activate|p1a: Koraidon|Orichalcum Pulse|[source]\n|turn|22\n|\n|t:|1699020888\n|move|p2a: Zacian|Play Rough|p1a: Koraidon\n|-supereffective|p1a: Koraidon\n|-damage|p1a: Koraidon|0 fnt\n|faint|p1a: Koraidon\n|\n|win|ashfqwer\n|n|\u2606TAMAASHII|tamaashii\n|n|\u2606ashfqwer|ashfqwer\n|n| OreoSpeedruns|oreospeedruns\n|j|+Lasen\n|l|\u2606TAMAASHII\n|l|\u2606ashfqwer\n|l| OreoSpeedruns\n|j| Too Many Caps\n|l|+Lasen\n|l| Too Many Caps\n","uploadtime":1699020889,"views":6,"p1id":"tamaashii","p2id":"ashfqwer","formatid":"gen9ubers","rating":0,"private":0,"password":""}