{"id":"gen9ubers-2000565878","p1":"ThePlumber7","p2":"Anne Frankkkk","format":"[Gen 9] Ubers","log":"|j|\u2606ThePlumber7\n|j|\u2606Anne Frankkkk\n|t:|1701205899\n|gametype|singles\n|player|p1|ThePlumber7|pokemonranger-gen4|1312\n|player|p2|Anne Frankkkk|hilbert|1260\n|teamsize|p1|6\n|teamsize|p2|6\n|gen|9\n|tier|[Gen 9] Ubers\n|rated|\n|rule|Sleep Clause Mod: Limit one foe put to sleep\n|rule|Species Clause: Limit one of each Pok\u00e9mon\n|rule|OHKO Clause: OHKO moves are banned\n|rule|Evasion Items Clause: Evasion items are banned\n|rule|Evasion Moves Clause: Evasion moves are banned\n|rule|Endless Battle Clause: Forcing endless battles is banned\n|rule|HP Percentage Mod: HP is shown in percentages\n|clearpoke\n|poke|p1|Skeledirge, M|\n|poke|p1|Arceus-Fairy|\n|poke|p1|Ursaluna-Bloodmoon, M|\n|poke|p1|Grafaiai, F|\n|poke|p1|Zacian-*|\n|poke|p1|Iron Valiant|\n|poke|p2|Regieleki|\n|poke|p2|Kyogre|\n|poke|p2|Chien-Pao|\n|poke|p2|Ribombee, F|\n|poke|p2|Miraidon|\n|poke|p2|Flutter Mane|\n|teampreview\n|inactive|Battle timer is ON: inactive players will automatically lose when time's up. (requested by Anne Frankkkk)\n|\n|t:|1701205904\n|start\n|switch|p1a: Zacian|Zacian-Crowned|100\/100\n|switch|p2a: Moonblast|Ribombee, F, shiny|100\/100\n|-ability|p1a: Zacian|Intrepid Sword|boost\n|-boost|p1a: Zacian|atk|1\n|turn|1\n|\n|t:|1701205910\n|move|p1a: Zacian|Behemoth Blade|p2a: Moonblast\n|-supereffective|p2a: Moonblast\n|-crit|p2a: Moonblast\n|-enditem|p2a: Moonblast|Focus Sash\n|-damage|p2a: Moonblast|1\/100\n|move|p2a: Moonblast|Stun Spore|p1a: Zacian\n|-status|p1a: Zacian|par\n|\n|upkeep\n|turn|2\n|\n|t:|1701205918\n|move|p2a: Moonblast|Sticky Web|p1a: Zacian\n|-sidestart|p1: ThePlumber7|move: Sticky Web\n|move|p1a: Zacian|Behemoth Blade|p2a: Moonblast\n|-supereffective|p2a: Moonblast\n|-damage|p2a: Moonblast|0 fnt\n|faint|p2a: Moonblast\n|\n|upkeep\n|\n|t:|1701205922\n|switch|p2a: Cyber Lizard|Miraidon|100\/100\n|-fieldstart|move: Electric Terrain|[from] ability: Hadron Engine|[of] p2a: Cyber Lizard\n|-item|p2a: Cyber Lizard|Air Balloon\n|turn|3\n|\n|t:|1701205926\n|move|p2a: Cyber Lizard|Electro Drift|p1a: Zacian\n|-damage|p1a: Zacian|27\/100 par\n|move|p1a: Zacian|Play Rough|p2a: Cyber Lizard\n|-supereffective|p2a: Cyber Lizard\n|-damage|p2a: Cyber Lizard|0 fnt\n|-enditem|p2a: Cyber Lizard|Air Balloon\n|faint|p2a: Cyber Lizard\n|\n|upkeep\n|\n|t:|1701205930\n|switch|p2a: Bzzzzt|Regieleki, shiny|100\/100\n|turn|4\n|\n|t:|1701205933\n|move|p2a: Bzzzzt|Volt Switch|p1a: Zacian\n|-damage|p1a: Zacian|0 fnt\n|faint|p1a: Zacian\n|\n|t:|1701205942\n|switch|p2a: OHKO|Kyogre|100\/100|[from] Volt Switch\n|-weather|RainDance|[from] ability: Drizzle|[of] p2a: OHKO\n|\n|-weather|RainDance|[upkeep]\n|upkeep\n|\n|t:|1701205944\n|switch|p1a: this is RU|Grafaiai, F|100\/100\n|-activate|p1a: this is RU|move: Sticky Web\n|-unboost|p1a: this is RU|spe|1\n|turn|5\n|\n|t:|1701205947\n|move|p1a: this is RU|Protect|p1a: this is RU\n|-singleturn|p1a: this is RU|Protect\n|move|p2a: OHKO|Water Spout|p1a: this is RU\n|-activate|p1a: this is RU|move: Protect\n|\n|-weather|RainDance|[upkeep]\n|upkeep\n|turn|6\n|\n|t:|1701205951\n|switch|p2a: Misdreavius|Flutter Mane, shiny|100\/100\n|-enditem|p2a: Misdreavius|Booster Energy\n|-activate|p2a: Misdreavius|ability: Protosynthesis|[fromitem]\n|-start|p2a: Misdreavius|protosynthesisspe\n|move|p1a: this is RU|Substitute|p1a: this is RU\n|-start|p1a: this is RU|Substitute\n|-damage|p1a: this is RU|76\/100\n|\n|-weather|RainDance|[upkeep]\n|-heal|p1a: this is RU|82\/100|[from] item: Leftovers\n|upkeep\n|turn|7\n|\n|t:|1701205957\n|move|p1a: this is RU|Toxic|p2a: Misdreavius\n|-status|p2a: Misdreavius|tox\n|move|p2a: Misdreavius|Power Gem|p1a: this is RU\n|-end|p1a: this is RU|Substitute\n|\n|-weather|RainDance|[upkeep]\n|-heal|p1a: this is RU|88\/100|[from] item: Leftovers\n|-damage|p2a: Misdreavius|95\/100 tox|[from] psn\n|-fieldend|move: Electric Terrain\n|upkeep\n|turn|8\n|\n|t:|1701205960\n|move|p1a: this is RU|Protect|p1a: this is RU\n|-singleturn|p1a: this is RU|Protect\n|move|p2a: Misdreavius|Power Gem|p1a: this is RU\n|-activate|p1a: this is RU|move: Protect\n|\n|-weather|none\n|-heal|p1a: this is RU|94\/100|[from] item: Leftovers\n|-damage|p2a: Misdreavius|83\/100 tox|[from] psn\n|upkeep\n|turn|9\n|\n|t:|1701205966\n|move|p1a: this is RU|Substitute|p1a: this is RU\n|-start|p1a: this is RU|Substitute\n|-damage|p1a: this is RU|69\/100\n|move|p2a: Misdreavius|Power Gem|p1a: this is RU\n|-end|p1a: this is RU|Substitute\n|\n|-heal|p1a: this is RU|75\/100|[from] item: Leftovers\n|-damage|p2a: Misdreavius|65\/100 tox|[from] psn\n|upkeep\n|turn|10\n|\n|t:|1701205968\n|move|p1a: this is RU|Protect|p1a: this is RU\n|-singleturn|p1a: this is RU|Protect\n|move|p2a: Misdreavius|Power Gem|p1a: this is RU\n|-activate|p1a: this is RU|move: Protect\n|\n|-heal|p1a: this is RU|81\/100|[from] item: Leftovers\n|-damage|p2a: Misdreavius|41\/100 tox|[from] psn\n|upkeep\n|turn|11\n|\n|t:|1701205970\n|move|p1a: this is RU|Substitute|p1a: this is RU\n|-start|p1a: this is RU|Substitute\n|-damage|p1a: this is RU|56\/100\n|move|p2a: Misdreavius|Power Gem|p1a: this is RU\n|-end|p1a: this is RU|Substitute\n|\n|-heal|p1a: this is RU|62\/100|[from] item: Leftovers\n|-damage|p2a: Misdreavius|11\/100 tox|[from] psn\n|upkeep\n|turn|12\n|\n|t:|1701205981\n|-end|p2a: Misdreavius|Protosynthesis|[silent]\n|switch|p2a: Ice Cat|Chien-Pao|100\/100\n|-ability|p2a: Ice Cat|Sword of Ruin\n|move|p1a: this is RU|Protect||[still]\n|-fail|p1a: this is RU\n|\n|-heal|p1a: this is RU|68\/100|[from] item: Leftovers\n|upkeep\n|turn|13\n|\n|t:|1701205984\n|move|p1a: this is RU|Substitute|p1a: this is RU\n|-start|p1a: this is RU|Substitute\n|-damage|p1a: this is RU|44\/100\n|move|p2a: Ice Cat|Swords Dance|p2a: Ice Cat\n|-boost|p2a: Ice Cat|atk|2\n|\n|-heal|p1a: this is RU|50\/100|[from] item: Leftovers\n|upkeep\n|turn|14\n|\n|t:|1701205989\n|move|p1a: this is RU|Encore|p2a: Ice Cat\n|-hint|Since gen 7, Dark is immune to Prankster moves.\n|-immune|p2a: Ice Cat\n|move|p2a: Ice Cat|Ice Spinner|p1a: this is RU\n|-end|p1a: this is RU|Substitute\n|\n|-heal|p1a: this is RU|56\/100|[from] item: Leftovers\n|upkeep\n|turn|15\n|\n|t:|1701205994\n|switch|p1a: Skeledirge|Skeledirge, M|100\/100\n|move|p2a: Ice Cat|Sacred Sword|p1a: Skeledirge\n|-immune|p1a: Skeledirge\n|\n|upkeep\n|turn|16\n|\n|t:|1701205998\n|move|p2a: Ice Cat|Sucker Punch|p1a: Skeledirge\n|-supereffective|p1a: Skeledirge\n|-damage|p1a: Skeledirge|13\/100\n|move|p1a: Skeledirge|Torch Song|p2a: Ice Cat\n|-supereffective|p2a: Ice Cat\n|-enditem|p2a: Ice Cat|Focus Sash\n|-damage|p2a: Ice Cat|1\/100\n|-boost|p1a: Skeledirge|spa|1\n|\n|upkeep\n|turn|17\n|\n|t:|1701206002\n|move|p2a: Ice Cat|Ice Spinner|p1a: Skeledirge\n|-resisted|p1a: Skeledirge\n|-damage|p1a: Skeledirge|0 fnt\n|faint|p1a: Skeledirge\n|\n|upkeep\n|\n|t:|1701206011\n|switch|p1a: Arceus|Arceus-Fairy|100\/100\n|-activate|p1a: Arceus|move: Sticky Web\n|-unboost|p1a: Arceus|spe|1\n|turn|18\n|\n|t:|1701206016\n|switch|p2a: Misdreavius|Flutter Mane, shiny|11\/100 tox\n|move|p1a: Arceus|Cosmic Power|p1a: Arceus\n|-boost|p1a: Arceus|def|1\n|-boost|p1a: Arceus|spd|1\n|\n|-damage|p2a: Misdreavius|5\/100 tox|[from] psn\n|upkeep\n|turn|19\n|\n|t:|1701206022\n|move|p2a: Misdreavius|Moonblast|p1a: Arceus\n|-damage|p1a: Arceus|80\/100\n|move|p1a: Arceus|Cosmic Power|p1a: Arceus\n|-boost|p1a: Arceus|def|1\n|-boost|p1a: Arceus|spd|1\n|\n|-damage|p2a: Misdreavius|0 fnt|[from] psn\n|faint|p2a: Misdreavius\n|-end|p2a: Misdreavius|Protosynthesis|[silent]\n|upkeep\n|\n|t:|1701206029\n|switch|p2a: OHKO|Kyogre|100\/100\n|-weather|RainDance|[from] ability: Drizzle|[of] p2a: OHKO\n|turn|20\n|\n|t:|1701206032\n|-terastallize|p2a: OHKO|Water\n|move|p2a: OHKO|Water Spout|p1a: Arceus\n|-damage|p1a: Arceus|7\/100\n|move|p1a: Arceus|Recover|p1a: Arceus\n|-heal|p1a: Arceus|57\/100\n|\n|-weather|RainDance|[upkeep]\n|upkeep\n|turn|21\n|\n|t:|1701206038\n|move|p2a: OHKO|Water Spout|p1a: Arceus\n|-damage|p1a: Arceus|0 fnt\n|faint|p1a: Arceus\n|\n|-weather|RainDance|[upkeep]\n|upkeep\n|\n|t:|1701206043\n|switch|p1a: Iron Valiant|Iron Valiant|100\/100\n|-activate|p1a: Iron Valiant|move: Sticky Web\n|-unboost|p1a: Iron Valiant|spe|1\n|-enditem|p1a: Iron Valiant|Booster Energy\n|-activate|p1a: Iron Valiant|ability: Quark Drive|[fromitem]\n|-start|p1a: Iron Valiant|quarkdriveatk\n|turn|22\n|\n|t:|1701206048\n|move|p2a: OHKO|Water Spout|p1a: Iron Valiant\n|-damage|p1a: Iron Valiant|0 fnt\n|faint|p1a: Iron Valiant\n|-end|p1a: Iron Valiant|Quark Drive|[silent]\n|\n|-weather|RainDance|[upkeep]\n|upkeep\n|\n|t:|1701206050\n|switch|p1a: this is RU|Grafaiai, F|56\/100\n|-activate|p1a: this is RU|move: Sticky Web\n|-unboost|p1a: this is RU|spe|1\n|turn|23\n|\n|t:|1701206053\n|move|p1a: this is RU|Protect|p1a: this is RU\n|-singleturn|p1a: this is RU|Protect\n|move|p2a: OHKO|Water Spout|p1a: this is RU\n|-activate|p1a: this is RU|move: Protect\n|\n|-weather|RainDance|[upkeep]\n|-heal|p1a: this is RU|62\/100|[from] item: Leftovers\n|upkeep\n|turn|24\n|\n|t:|1701206056\n|switch|p2a: Ice Cat|Chien-Pao|1\/100\n|-ability|p2a: Ice Cat|Sword of Ruin\n|move|p1a: this is RU|Substitute|p1a: this is RU\n|-start|p1a: this is RU|Substitute\n|-damage|p1a: this is RU|37\/100\n|\n|-weather|none\n|-heal|p1a: this is RU|43\/100|[from] item: Leftovers\n|upkeep\n|turn|25\n|\n|t:|1701206061\n|move|p1a: this is RU|Protect|p1a: this is RU\n|-singleturn|p1a: this is RU|Protect\n|move|p2a: Ice Cat|Ice Spinner|p1a: this is RU\n|-activate|p1a: this is RU|move: Protect\n|\n|-heal|p1a: this is RU|49\/100|[from] item: Leftovers\n|upkeep\n|turn|26\n|\n|t:|1701206068\n|switch|p1a: Ursaluna|Ursaluna-Bloodmoon, M|100\/100\n|-activate|p1a: Ursaluna|move: Sticky Web\n|-unboost|p1a: Ursaluna|spe|1\n|move|p2a: Ice Cat|Sacred Sword|p1a: Ursaluna\n|-supereffective|p1a: Ursaluna\n|-damage|p1a: Ursaluna|47\/100\n|\n|-heal|p1a: Ursaluna|53\/100|[from] item: Leftovers\n|upkeep\n|turn|27\n|\n|t:|1701206073\n|-terastallize|p1a: Ursaluna|Fairy\n|move|p2a: Ice Cat|Ice Spinner|p1a: Ursaluna\n|-damage|p1a: Ursaluna|15\/100\n|move|p1a: Ursaluna|Moonlight|p1a: Ursaluna\n|-heal|p1a: Ursaluna|65\/100\n|\n|-heal|p1a: Ursaluna|71\/100|[from] item: Leftovers\n|upkeep\n|turn|28\n|\n|t:|1701206080\n|move|p2a: Ice Cat|Ice Spinner|p1a: Ursaluna\n|-damage|p1a: Ursaluna|31\/100\n|move|p1a: Ursaluna|Blood Moon|p2a: Ice Cat\n|-damage|p2a: Ice Cat|0 fnt\n|faint|p2a: Ice Cat\n|\n|-heal|p1a: Ursaluna|37\/100|[from] item: Leftovers\n|upkeep\n|\n|t:|1701206087\n|switch|p2a: OHKO|Kyogre, tera:Water|100\/100\n|-weather|RainDance|[from] ability: Drizzle|[of] p2a: OHKO\n|turn|29\n|\n|t:|1701206091\n|move|p2a: OHKO|Water Spout|p1a: Ursaluna\n|-damage|p1a: Ursaluna|0 fnt\n|faint|p1a: Ursaluna\n|\n|-weather|RainDance|[upkeep]\n|upkeep\n|\n|t:|1701206093\n|switch|p1a: this is RU|Grafaiai, F|49\/100\n|-activate|p1a: this is RU|move: Sticky Web\n|-unboost|p1a: this is RU|spe|1\n|turn|30\n|\n|t:|1701206107\n|move|p1a: this is RU|Protect|p1a: this is RU\n|-singleturn|p1a: this is RU|Protect\n|move|p2a: OHKO|Water Spout|p1a: this is RU\n|-activate|p1a: this is RU|move: Protect\n|\n|-weather|RainDance|[upkeep]\n|-heal|p1a: this is RU|55\/100|[from] item: Leftovers\n|upkeep\n|turn|31\n|\n|t:|1701206110\n|move|p1a: this is RU|Substitute|p1a: this is RU\n|-start|p1a: this is RU|Substitute\n|-damage|p1a: this is RU|30\/100\n|move|p2a: OHKO|Water Spout|p1a: this is RU\n|-end|p1a: this is RU|Substitute\n|\n|-weather|RainDance|[upkeep]\n|-heal|p1a: this is RU|36\/100|[from] item: Leftovers\n|upkeep\n|turn|32\n|\n|t:|1701206117\n|switch|p2a: Bzzzzt|Regieleki, shiny|100\/100\n|move|p1a: this is RU|Protect||[still]\n|-fail|p1a: this is RU\n|\n|-weather|RainDance|[upkeep]\n|-heal|p1a: this is RU|42\/100|[from] item: Leftovers\n|upkeep\n|turn|33\n|\n|t:|1701206127\n|move|p1a: this is RU|Substitute|p1a: this is RU\n|-start|p1a: this is RU|Substitute\n|-damage|p1a: this is RU|17\/100\n|move|p2a: Bzzzzt|Thunder Cage|p1a: this is RU\n|-end|p1a: this is RU|Substitute\n|\n|-weather|none\n|-heal|p1a: this is RU|24\/100|[from] item: Leftovers\n|upkeep\n|turn|34\n|\n|t:|1701206136\n|move|p1a: this is RU|Protect|p1a: this is RU\n|-singleturn|p1a: this is RU|Protect\n|move|p2a: Bzzzzt|Tera Blast|p1a: this is RU\n|-activate|p1a: this is RU|move: Protect\n|\n|-heal|p1a: this is RU|30\/100|[from] item: Leftovers\n|upkeep\n|turn|35\n|-message|ThePlumber7 forfeited.\n|\n|win|Anne Frankkkk\n|raw|ThePlumber7's rating: 1312 &rarr; <strong>1289<\/strong><br \/>(-23 for losing)\n|raw|Anne Frankkkk's rating: 1260 &rarr; <strong>1289<\/strong><br \/>(+29 for winning)\n|l|\u2606ThePlumber7\n","uploadtime":1701206145,"views":12,"p1id":"theplumber7","p2id":"annefrankkkk","formatid":"gen9ubers","rating":1289,"private":0,"password":""}