{"id":"gen9ubers-1977316197","p1":"Weredude08","p2":"dumpy lump","format":"[Gen 9] Ubers","log":"|j|\u2606Weredude08\n|j|\u2606dumpy lump\n|t:|1698404039\n|gametype|singles\n|player|p1|Weredude08|steven|\n|player|p2|dumpy lump|volo|\n|teamsize|p1|6\n|teamsize|p2|6\n|gen|9\n|tier|[Gen 9] Ubers\n|rule|Sleep Clause Mod: Limit one foe put to sleep\n|rule|Species Clause: Limit one of each Pok\u00e9mon\n|rule|OHKO Clause: OHKO moves are banned\n|rule|Evasion Items Clause: Evasion items are banned\n|rule|Evasion Moves Clause: Evasion moves are banned\n|rule|Endless Battle Clause: Forcing endless battles is banned\n|rule|HP Percentage Mod: HP is shown in percentages\n|clearpoke\n|poke|p1|Greninja-*, M|\n|poke|p1|Enamorus, F|\n|poke|p1|Arceus-Fire|\n|poke|p1|Magearna|\n|poke|p1|Cyclizar, F|\n|poke|p1|Lycanroc-Dusk, F|\n|poke|p2|Dialga|\n|poke|p2|Shaymin-Sky|\n|poke|p2|Azumarill, F|\n|poke|p2|Arcanine-Hisui, F|\n|poke|p2|Garchomp, M|\n|poke|p2|Gastrodon, F|\n|teampreview\n|inactive|Battle timer is ON: inactive players will automatically lose when time's up. (requested by Weredude08)\n|c|\u2606Weredude08|Glhf\n|c|\u2606dumpy lump|u2\n|\n|t:|1698404064\n|start\n|switch|p1a: Lycanroc|Lycanroc-Dusk, F|100\/100\n|switch|p2a: Gastrodon|Gastrodon, F|100\/100\n|turn|1\n|\n|t:|1698404081\n|move|p1a: Lycanroc|Taunt|p2a: Gastrodon\n|-start|p2a: Gastrodon|move: Taunt\n|move|p2a: Gastrodon|Hydro Pump|p1a: Lycanroc\n|-supereffective|p1a: Lycanroc\n|-enditem|p1a: Lycanroc|Focus Sash\n|-damage|p1a: Lycanroc|1\/100\n|\n|upkeep\n|turn|2\n|\n|t:|1698404087\n|move|p1a: Lycanroc|Endeavor|p2a: Gastrodon\n|-damage|p2a: Gastrodon|1\/100\n|move|p2a: Gastrodon|Hydro Pump|p1a: Lycanroc|[miss]\n|-miss|p2a: Gastrodon|p1a: Lycanroc\n|\n|-heal|p2a: Gastrodon|7\/100|[from] item: Leftovers\n|upkeep\n|turn|3\n|c|\u2606dumpy lump|maaan\n|c|\u2606Weredude08|It happens\n|\n|t:|1698404107\n|move|p1a: Lycanroc|Stealth Rock|p2a: Gastrodon\n|-sidestart|p2: dumpy lump|move: Stealth Rock\n|move|p2a: Gastrodon|Hydro Pump|p1a: Lycanroc\n|-supereffective|p1a: Lycanroc\n|-damage|p1a: Lycanroc|0 fnt\n|faint|p1a: Lycanroc\n|\n|-heal|p2a: Gastrodon|13\/100|[from] item: Leftovers\n|-end|p2a: Gastrodon|move: Taunt\n|upkeep\n|\n|t:|1698404128\n|switch|p1a: Enamorus|Enamorus, F|100\/100\n|turn|4\n|\n|t:|1698404138\n|move|p1a: Enamorus|Moonblast|p2a: Gastrodon\n|-damage|p2a: Gastrodon|0 fnt\n|faint|p2a: Gastrodon\n|\n|upkeep\n|\n|t:|1698404158\n|switch|p2a: Shaymin|Shaymin-Sky, shiny|100\/100\n|turn|5\n|\n|t:|1698404174\n|move|p1a: Enamorus|Moonblast|p2a: Shaymin\n|-damage|p2a: Shaymin|24\/100\n|-unboost|p2a: Shaymin|spa|1\n|move|p2a: Shaymin|Seed Flare|p1a: Enamorus|[miss]\n|-miss|p2a: Shaymin|p1a: Enamorus\n|\n|upkeep\n|turn|6\n|inactive|dumpy lump has 270 seconds left.\n|\n|t:|1698404214\n|move|p1a: Enamorus|Moonblast|p2a: Shaymin\n|-damage|p2a: Shaymin|0 fnt\n|faint|p2a: Shaymin\n|\n|upkeep\n|\n|t:|1698404225\n|switch|p2a: Dialga|Dialga|100\/100\n|-damage|p2a: Dialga|94\/100|[from] Stealth Rock\n|-ability|p2a: Dialga|Pressure\n|turn|7\n|\n|t:|1698404231\n|switch|p1a: Magearna|Magearna|100\/100\n|move|p2a: Dialga|Flash Cannon|p1a: Magearna\n|-damage|p1a: Magearna|64\/100\n|\n|-heal|p2a: Dialga|100\/100|[from] item: Leftovers\n|-heal|p1a: Magearna|70\/100|[from] item: Leftovers\n|upkeep\n|turn|8\n|\n|t:|1698404240\n|move|p1a: Magearna|Fleur Cannon|p2a: Dialga\n|-damage|p2a: Dialga|57\/100\n|-unboost|p1a: Magearna|spa|2\n|move|p2a: Dialga|Roar|p1a: Magearna\n|drag|p1a: Greninja|Greninja, M|100\/100\n|\n|-heal|p2a: Dialga|63\/100|[from] item: Leftovers\n|upkeep\n|turn|9\n|\n|t:|1698404254\n|switch|p1a: Magearna|Magearna|70\/100\n|move|p2a: Dialga|Flash Cannon|p1a: Magearna\n|-damage|p1a: Magearna|40\/100\n|-unboost|p1a: Magearna|spd|1\n|\n|-heal|p2a: Dialga|69\/100|[from] item: Leftovers\n|-heal|p1a: Magearna|46\/100|[from] item: Leftovers\n|upkeep\n|turn|10\n|\n|t:|1698404259\n|move|p2a: Dialga|Flash Cannon|p1a: Magearna\n|-damage|p1a: Magearna|0 fnt\n|faint|p1a: Magearna\n|\n|-heal|p2a: Dialga|75\/100|[from] item: Leftovers\n|upkeep\n|\n|t:|1698404265\n|switch|p1a: Arceus|Arceus-Fire|100\/100\n|turn|11\n|inactive|dumpy lump has 270 seconds left.\n|\n|t:|1698404277\n|switch|p2a: Azumarill|Azumarill, F, shiny|100\/100\n|-damage|p2a: Azumarill|88\/100|[from] Stealth Rock\n|move|p1a: Arceus|Earthquake|p2a: Azumarill\n|-damage|p2a: Azumarill|48\/100\n|\n|upkeep\n|turn|12\n|inactive|dumpy lump has 270 seconds left.\n|\n|t:|1698404302\n|-terastallize|p1a: Arceus|Grass\n|move|p1a: Arceus|Dragon Dance|p1a: Arceus\n|-boost|p1a: Arceus|atk|1\n|-boost|p1a: Arceus|spe|1\n|move|p2a: Azumarill|Liquidation|p1a: Arceus\n|-resisted|p1a: Arceus\n|-crit|p1a: Arceus\n|-damage|p1a: Arceus|71\/100\n|\n|upkeep\n|turn|13\n|\n|t:|1698404318\n|move|p1a: Arceus|Earthquake|p2a: Azumarill\n|-damage|p2a: Azumarill|0 fnt\n|faint|p2a: Azumarill\n|\n|upkeep\n|inactive|dumpy lump has 240 seconds left.\n|\n|t:|1698404343\n|switch|p2a: Dialga|Dialga|75\/100\n|-damage|p2a: Dialga|69\/100|[from] Stealth Rock\n|-ability|p2a: Dialga|Pressure\n|turn|14\n|inactive|dumpy lump has 240 seconds left.\n|\n|t:|1698404349\n|-terastallize|p2a: Dialga|Flying\n|move|p1a: Arceus|Flare Blitz|p2a: Dialga\n|-damage|p2a: Dialga|0 fnt\n|faint|p2a: Dialga\n|-damage|p1a: Arceus|47\/100|[from] Recoil\n|\n|upkeep\n|inactive|dumpy lump has 240 seconds left.\n|\n|t:|1698404356\n|switch|p2a: Arcanine|Arcanine-Hisui, F, shiny|100\/100\n|turn|15\n|c|\u2606Weredude08|GG\n|\n|t:|1698404360\n|move|p2a: Arcanine|Extreme Speed|p1a: Arceus\n|-damage|p1a: Arceus|28\/100\n|move|p1a: Arceus|Earthquake|p2a: Arcanine\n|-supereffective|p2a: Arcanine\n|-damage|p2a: Arcanine|0 fnt\n|faint|p2a: Arcanine\n|\n|upkeep\n|\n|t:|1698404365\n|switch|p2a: Garchomp|Garchomp, M|100\/100\n|-damage|p2a: Garchomp|94\/100|[from] Stealth Rock\n|turn|16\n|\n|t:|1698404370\n|move|p1a: Arceus|Earthquake|p2a: Garchomp\n|-damage|p2a: Garchomp|37\/100\n|move|p2a: Garchomp|Scale Shot|p1a: Arceus\n|-damage|p1a: Arceus|17\/100\n|-damage|p1a: Arceus|6\/100\n|-damage|p1a: Arceus|0 fnt\n|faint|p1a: Arceus\n|-hitcount|p1: Arceus|3\n|-unboost|p2a: Garchomp|def|1\n|-boost|p2a: Garchomp|spe|1\n|\n|upkeep\n|\n|t:|1698404381\n|switch|p1a: Enamorus|Enamorus, F|100\/100\n|turn|17\n|\n|t:|1698404384\n|move|p1a: Enamorus|Moonblast|p2a: Garchomp\n|-supereffective|p2a: Garchomp\n|-damage|p2a: Garchomp|0 fnt\n|faint|p2a: Garchomp\n|\n|win|Weredude08\n|c|\u2606dumpy lump|gg\n","uploadtime":1698404407,"views":25,"p1id":"weredude08","p2id":"dumpylump","formatid":"gen9ubers","rating":0,"private":0,"password":""}