{"id":"gen9ubers-1990136263","p1":"S3OLY","p2":"SadaShidz\ufe0f","format":"[Gen 9] Ubers","log":"|j|\u2606S3OLY\n|j|\u2606SadaShidz\ufe0f\n|t:|1699928469\n|gametype|singles\n|player|p1|S3OLY|unknownf|1178\n|player|p2|SadaShidz\ufe0f|sada-ai|1325\n|teamsize|p1|6\n|teamsize|p2|6\n|gen|9\n|tier|[Gen 9] Ubers\n|rated|\n|rule|Sleep Clause Mod: Limit one foe put to sleep\n|rule|Species Clause: Limit one of each Pok\u00e9mon\n|rule|OHKO Clause: OHKO moves are banned\n|rule|Evasion Items Clause: Evasion items are banned\n|rule|Evasion Moves Clause: Evasion moves are banned\n|rule|Endless Battle Clause: Forcing endless battles is banned\n|rule|HP Percentage Mod: HP is shown in percentages\n|clearpoke\n|poke|p1|Eternatus|\n|poke|p1|Skeledirge, M|\n|poke|p1|Arceus-Ground|\n|poke|p1|Zacian-*|\n|poke|p1|Koraidon|\n|poke|p1|Kyogre|\n|poke|p2|Chien-Pao|\n|poke|p2|Ogerpon-Hearthflame, F|\n|poke|p2|Arceus-Ghost|\n|poke|p2|Iron Valiant|\n|poke|p2|Great Tusk|\n|poke|p2|Koraidon|\n|teampreview\n|inactive|Battle timer is ON: inactive players will automatically lose when time's up. (requested by SadaShidz\ufe0f)\n|\n|t:|1699928481\n|start\n|switch|p1a: Eternatus|Eternatus|100\/100\n|switch|p2a: Yamz|Arceus-Ghost, shiny|100\/100\n|-ability|p1a: Eternatus|Pressure\n|turn|1\n|\n|t:|1699928491\n|move|p1a: Eternatus|Toxic|p2a: Yamz\n|-status|p2a: Yamz|tox\n|move|p2a: Yamz|Calm Mind|p2a: Yamz\n|-boost|p2a: Yamz|spa|1\n|-boost|p2a: Yamz|spd|1\n|\n|-damage|p2a: Yamz|94\/100 tox|[from] psn\n|upkeep\n|turn|2\n|\n|t:|1699928506\n|switch|p1a: Kyogre|Kyogre|100\/100\n|-weather|RainDance|[from] ability: Drizzle|[of] p1a: Kyogre\n|move|p2a: Yamz|Judgment|p1a: Kyogre\n|-damage|p1a: Kyogre|57\/100\n|\n|-weather|RainDance|[upkeep]\n|-heal|p1a: Kyogre|63\/100|[from] item: Leftovers\n|-damage|p2a: Yamz|82\/100 tox|[from] psn\n|upkeep\n|turn|3\n|\n|t:|1699928510\n|move|p2a: Yamz|Judgment|p1a: Kyogre\n|-damage|p1a: Kyogre|14\/100\n|move|p1a: Kyogre|Surf|p2a: Yamz\n|-crit|p2a: Yamz\n|-damage|p2a: Yamz|22\/100 tox\n|\n|-weather|RainDance|[upkeep]\n|-heal|p1a: Kyogre|20\/100|[from] item: Leftovers\n|-damage|p2a: Yamz|4\/100 tox|[from] psn\n|upkeep\n|turn|4\n|\n|t:|1699928530\n|move|p2a: Yamz|Judgment|p1a: Kyogre\n|-damage|p1a: Kyogre|0 fnt\n|faint|p1a: Kyogre\n|\n|-weather|RainDance|[upkeep]\n|-damage|p2a: Yamz|0 fnt|[from] psn\n|faint|p2a: Yamz\n|upkeep\n|\n|t:|1699928554\n|switch|p2a: Tai Long|Chien-Pao|100\/100\n|switch|p1a: Eternatus|Eternatus|100\/100\n|-ability|p2a: Tai Long|Sword of Ruin\n|-ability|p1a: Eternatus|Pressure\n|turn|5\n|inactive|S3OLY has 120 seconds left.\n|inactive|S3OLY has 90 seconds left.\n|\n|t:|1699928622\n|switch|p1a: Skeledirge|Skeledirge, M|100\/100\n|move|p2a: Tai Long|Icicle Crash|p1a: Skeledirge\n|-resisted|p1a: Skeledirge\n|-damage|p1a: Skeledirge|84\/100\n|\n|-weather|RainDance|[upkeep]\n|upkeep\n|turn|6\n|inactive|S3OLY has 90 seconds left.\n|\n|t:|1699928630\n|switch|p2a: Fioni|Ogerpon-Hearthflame, F|100\/100\n|-ability|p2a: Fioni|Mold Breaker\n|move|p1a: Skeledirge|Will-O-Wisp|p2a: Fioni\n|-immune|p2a: Fioni\n|\n|-weather|none\n|upkeep\n|turn|7\n|\n|t:|1699928635\n|move|p2a: Fioni|Knock Off|p1a: Skeledirge\n|-supereffective|p1a: Skeledirge\n|-damage|p1a: Skeledirge|42\/100\n|-enditem|p1a: Skeledirge|Heavy-Duty Boots|[from] move: Knock Off|[of] p2a: Fioni\n|move|p1a: Skeledirge|Torch Song|p2a: Fioni\n|-damage|p2a: Fioni|63\/100\n|-boost|p1a: Skeledirge|spa|1\n|\n|upkeep\n|turn|8\n|\n|t:|1699928644\n|switch|p2a: BigFatBone|Great Tusk|100\/100\n|-enditem|p2a: BigFatBone|Booster Energy\n|-activate|p2a: BigFatBone|ability: Protosynthesis|[fromitem]\n|-start|p2a: BigFatBone|protosynthesisatk\n|move|p1a: Skeledirge|Torch Song|p2a: BigFatBone\n|-damage|p2a: BigFatBone|31\/100\n|-boost|p1a: Skeledirge|spa|1\n|\n|upkeep\n|turn|9\n|\n|t:|1699928653\n|move|p2a: BigFatBone|Headlong Rush|p1a: Skeledirge\n|-supereffective|p1a: Skeledirge\n|-damage|p1a: Skeledirge|0 fnt\n|-unboost|p2a: BigFatBone|def|1\n|-unboost|p2a: BigFatBone|spd|1\n|faint|p1a: Skeledirge\n|\n|upkeep\n|\n|t:|1699928665\n|switch|p1a: Koraidon|Koraidon|100\/100\n|-weather|SunnyDay|[from] ability: Orichalcum Pulse|[of] p1a: Koraidon\n|-activate|p1a: Koraidon|Orichalcum Pulse|[source]\n|turn|10\n|\n|t:|1699928669\n|move|p1a: Koraidon|U-turn|p2a: BigFatBone\n|-resisted|p2a: BigFatBone\n|-damage|p2a: BigFatBone|7\/100\n|inactive|S3OLY has 120 seconds left.\n|\n|t:|1699928674\n|switch|p1a: Arceus|Arceus-Ground, shiny|100\/100|[from] U-turn\n|move|p2a: BigFatBone|Ice Spinner|p1a: Arceus\n|-supereffective|p1a: Arceus\n|-damage|p1a: Arceus|48\/100\n|\n|-weather|SunnyDay|[upkeep]\n|upkeep\n|turn|11\n|\n|t:|1699928679\n|move|p1a: Arceus|Ice Beam|p2a: BigFatBone\n|-supereffective|p2a: BigFatBone\n|-damage|p2a: BigFatBone|0 fnt\n|faint|p2a: BigFatBone\n|-end|p2a: BigFatBone|Protosynthesis|[silent]\n|\n|-weather|SunnyDay|[upkeep]\n|upkeep\n|\n|t:|1699928701\n|switch|p2a: Tai Long|Chien-Pao|100\/100\n|-ability|p2a: Tai Long|Sword of Ruin\n|turn|12\n|\n|t:|1699928706\n|move|p2a: Tai Long|Icicle Crash|p1a: Arceus\n|-supereffective|p1a: Arceus\n|-damage|p1a: Arceus|0 fnt\n|faint|p1a: Arceus\n|\n|-weather|SunnyDay|[upkeep]\n|upkeep\n|\n|t:|1699928710\n|switch|p1a: Koraidon|Koraidon|100\/100\n|-activate|p1a: Koraidon|ability: Orichalcum Pulse\n|turn|13\n|\n|t:|1699928719\n|switch|p2a: Fioni|Ogerpon-Hearthflame, F|63\/100\n|-ability|p2a: Fioni|Mold Breaker\n|-terastallize|p1a: Koraidon|Fire\n|move|p1a: Koraidon|Low Kick|p2a: Fioni\n|-damage|p2a: Fioni|0 fnt\n|faint|p2a: Fioni\n|\n|-weather|SunnyDay|[upkeep]\n|upkeep\n|\n|t:|1699928721\n|switch|p2a: Tai Long|Chien-Pao|100\/100\n|-ability|p2a: Tai Long|Sword of Ruin\n|turn|14\n|\n|t:|1699928726\n|move|p2a: Tai Long|Sucker Punch|p1a: Koraidon\n|-crit|p1a: Koraidon\n|-damage|p1a: Koraidon|36\/100\n|move|p1a: Koraidon|Low Kick|p2a: Tai Long\n|-supereffective|p2a: Tai Long\n|-enditem|p2a: Tai Long|Focus Sash\n|-damage|p2a: Tai Long|1\/100\n|\n|-weather|none\n|upkeep\n|turn|15\n|\n|t:|1699928733\n|switch|p1a: Zacian|Zacian-Crowned|100\/100\n|-ability|p1a: Zacian|Intrepid Sword|boost\n|-boost|p1a: Zacian|atk|1\n|move|p2a: Tai Long|Sucker Punch||[still]\n|-fail|p2a: Tai Long\n|\n|upkeep\n|turn|16\n|\n|t:|1699928744\n|move|p2a: Tai Long|Sucker Punch||[still]\n|-fail|p2a: Tai Long\n|move|p1a: Zacian|Swords Dance|p1a: Zacian\n|-boost|p1a: Zacian|atk|2\n|\n|upkeep\n|turn|17\n|\n|t:|1699928750\n|move|p1a: Zacian|Swords Dance|p1a: Zacian\n|-boost|p1a: Zacian|atk|2\n|move|p2a: Tai Long|Icicle Crash|p1a: Zacian\n|-resisted|p1a: Zacian\n|-damage|p1a: Zacian|76\/100\n|\n|upkeep\n|turn|18\n|\n|t:|1699928755\n|move|p2a: Tai Long|Sucker Punch|p1a: Zacian\n|-resisted|p1a: Zacian\n|-damage|p1a: Zacian|56\/100\n|move|p1a: Zacian|Tera Blast|p2a: Tai Long\n|-damage|p2a: Tai Long|0 fnt\n|faint|p2a: Tai Long\n|\n|upkeep\n|\n|t:|1699928759\n|switch|p2a: XJ9|Iron Valiant|100\/100\n|-enditem|p2a: XJ9|Booster Energy\n|-activate|p2a: XJ9|ability: Quark Drive|[fromitem]\n|-start|p2a: XJ9|quarkdrivespe\n|turn|19\n|\n|t:|1699928765\n|move|p2a: XJ9|Destiny Bond|p2a: XJ9\n|-singlemove|p2a: XJ9|Destiny Bond\n|move|p1a: Zacian|Behemoth Blade|p2a: XJ9\n|-supereffective|p2a: XJ9\n|-damage|p2a: XJ9|0 fnt\n|faint|p2a: XJ9\n|-activate|p2a: XJ9|move: Destiny Bond\n|-end|p2a: XJ9|Quark Drive|[silent]\n|faint|p1a: Zacian\n|\n|upkeep\n|\n|t:|1699928773\n|switch|p1a: Koraidon|Koraidon, tera:Fire|36\/100\n|switch|p2a: Type Bike|Koraidon|100\/100\n|-weather|SunnyDay|[from] ability: Orichalcum Pulse|[of] p2a: Type Bike\n|-activate|p2a: Type Bike|Orichalcum Pulse|[source]\n|-activate|p1a: Koraidon|ability: Orichalcum Pulse\n|turn|20\n|\n|t:|1699928787\n|-terastallize|p2a: Type Bike|Fire\n|move|p2a: Type Bike|Flame Charge|p1a: Koraidon\n|-resisted|p1a: Koraidon\n|-damage|p1a: Koraidon|8\/100\n|-boost|p2a: Type Bike|spe|1\n|move|p1a: Koraidon|Dragon Claw|p2a: Type Bike\n|-damage|p2a: Type Bike|28\/100\n|\n|-weather|SunnyDay|[upkeep]\n|upkeep\n|turn|21\n|\n|t:|1699928796\n|move|p2a: Type Bike|Flame Charge|p1a: Koraidon\n|-resisted|p1a: Koraidon\n|-damage|p1a: Koraidon|0 fnt\n|-boost|p2a: Type Bike|spe|1\n|faint|p1a: Koraidon\n|\n|-weather|SunnyDay|[upkeep]\n|upkeep\n|\n|t:|1699928799\n|switch|p1a: Eternatus|Eternatus|100\/100\n|-ability|p1a: Eternatus|Pressure\n|turn|22\n|\n|t:|1699928801\n|move|p2a: Type Bike|Scale Shot|p1a: Eternatus\n|-supereffective|p1a: Eternatus\n|-damage|p1a: Eternatus|70\/100\n|-supereffective|p1a: Eternatus\n|-damage|p1a: Eternatus|42\/100\n|-supereffective|p1a: Eternatus\n|-damage|p1a: Eternatus|14\/100\n|-supereffective|p1a: Eternatus\n|-crit|p1a: Eternatus\n|-damage|p1a: Eternatus|0 fnt\n|faint|p1a: Eternatus\n|-hitcount|p1: Eternatus|4\n|\n|win|SadaShidz\ufe0f\n|raw|S3OLY's rating: 1178 &rarr; <strong>1163<\/strong><br \/>(-15 for losing)\n|raw|SadaShidz\ufe0f's rating: 1325 &rarr; <strong>1337<\/strong><br \/>(+12 for winning)\n|l|\u2606S3OLY\n","uploadtime":1699928813,"views":6,"p1id":"s3oly","p2id":"sadashidz","formatid":"gen9ubers","rating":1163,"private":0,"password":""}