{"id":"gen9ubers-1983160053","p1":"RubenPaCe","p2":"adpg.alt","format":"[Gen 9] Ubers","log":"|j|\u2606RubenPaCe\n|j|\u2606adpg.alt\n|t:|1699098131\n|gametype|singles\n|player|p1|RubenPaCe|camper|\n|player|p2|adpg.alt|hilbert-wonderlauncher|\n|teamsize|p1|6\n|teamsize|p2|6\n|gen|9\n|tier|[Gen 9] Ubers\n|rule|Sleep Clause Mod: Limit one foe put to sleep\n|rule|Species Clause: Limit one of each Pok\u00e9mon\n|rule|OHKO Clause: OHKO moves are banned\n|rule|Evasion Items Clause: Evasion items are banned\n|rule|Evasion Moves Clause: Evasion moves are banned\n|rule|Endless Battle Clause: Forcing endless battles is banned\n|rule|HP Percentage Mod: HP is shown in percentages\n|clearpoke\n|poke|p1|Arceus-Ghost|\n|poke|p1|Magearna|\n|poke|p1|Gholdengo|\n|poke|p1|Slowking-Galar, M|\n|poke|p1|Donphan, M|\n|poke|p1|Palafin, F|\n|poke|p2|Ninetales-Alola, F|\n|poke|p2|Baxcalibur, F|\n|poke|p2|Arceus-Ghost|\n|poke|p2|Zacian-*|\n|poke|p2|Espathra, M|\n|poke|p2|Urshifu-*, M|\n|teampreview\n|\n|t:|1699098138\n|start\n|switch|p1a: Palafin|Palafin, F|100\/100\n|switch|p2a: Anales|Ninetales-Alola, F, shiny|100\/100\n|-weather|Snow|[from] ability: Snow Warning|[of] p2a: Anales\n|turn|1\n|\n|t:|1699098143\n|detailschange|p1a: Palafin|Palafin-Hero, F\n|switch|p1a: Slowking|Slowking-Galar, M|100\/100\n|move|p2a: Anales|Aurora Veil|p2a: Anales\n|-sidestart|p2: adpg.alt|move: Aurora Veil\n|\n|-weather|Snow|[upkeep]\n|upkeep\n|turn|2\n|\n|t:|1699098150\n|switch|p2a: Excalibur|Baxcalibur, F|100\/100\n|move|p1a: Slowking|Toxic Spikes|p2a: Excalibur\n|-sidestart|p2: adpg.alt|move: Toxic Spikes\n|\n|-weather|Snow|[upkeep]\n|upkeep\n|turn|3\n|\n|t:|1699098171\n|move|p2a: Excalibur|Dragon Dance|p2a: Excalibur\n|-boost|p2a: Excalibur|atk|1\n|-boost|p2a: Excalibur|spe|1\n|move|p1a: Slowking|Future Sight|p2a: Excalibur\n|-start|p1a: Slowking|move: Future Sight\n|\n|-weather|Snow|[upkeep]\n|upkeep\n|turn|4\n|\n|t:|1699098185\n|move|p2a: Excalibur|Earthquake|p1a: Slowking\n|-supereffective|p1a: Slowking\n|-damage|p1a: Slowking|0 fnt\n|faint|p1a: Slowking\n|\n|-weather|Snow|[upkeep]\n|upkeep\n|\n|t:|1699098191\n|switch|p1a: Gholdengo|Gholdengo|100\/100\n|turn|5\n|\n|t:|1699098213\n|move|p2a: Excalibur|Earthquake|p1a: Gholdengo\n|-supereffective|p1a: Gholdengo\n|-damage|p1a: Gholdengo|29\/100\n|move|p1a: Gholdengo|Thunder Wave|p2a: Excalibur\n|-status|p2a: Excalibur|par\n|\n|-weather|none\n|-end|p2a: Excalibur|move: Future Sight\n|-damage|p2a: Excalibur|77\/100 par\n|upkeep\n|turn|6\n|\n|t:|1699098225\n|switch|p1a: Average Tusk|Donphan, M|100\/100\n|move|p2a: Excalibur|Scale Shot|p1a: Average Tusk\n|-damage|p1a: Average Tusk|88\/100\n|-crit|p1a: Average Tusk\n|-damage|p1a: Average Tusk|71\/100\n|-damage|p1a: Average Tusk|60\/100\n|-damage|p1a: Average Tusk|49\/100\n|-damage|p1a: Average Tusk|35\/100\n|-hitcount|p1a: Average Tusk|5\n|-unboost|p2a: Excalibur|def|1\n|-boost|p2a: Excalibur|spe|1\n|\n|upkeep\n|turn|7\n|\n|t:|1699098235\n|move|p2a: Excalibur|Icicle Spear|p1a: Average Tusk\n|-supereffective|p1a: Average Tusk\n|-damage|p1a: Average Tusk|13\/100\n|-supereffective|p1a: Average Tusk\n|-damage|p1a: Average Tusk|0 fnt\n|faint|p1a: Average Tusk\n|-hitcount|p1: Average Tusk|2\n|\n|upkeep\n|\n|t:|1699098240\n|switch|p1a: Magearna|Magearna|100\/100\n|turn|8\n|\n|t:|1699098243\n|move|p2a: Excalibur|Earthquake|p1a: Magearna\n|-supereffective|p1a: Magearna\n|-damage|p1a: Magearna|13\/100\n|move|p1a: Magearna|Spikes|p2a: Excalibur\n|-sidestart|p2: adpg.alt|Spikes\n|\n|-heal|p1a: Magearna|19\/100|[from] item: Leftovers\n|-sideend|p2: adpg.alt|move: Aurora Veil\n|upkeep\n|turn|9\n|\n|t:|1699098257\n|move|p2a: Excalibur|Earthquake|p1a: Magearna\n|-supereffective|p1a: Magearna\n|-damage|p1a: Magearna|0 fnt\n|faint|p1a: Magearna\n|\n|upkeep\n|\n|t:|1699098260\n|switch|p1a: Arceus|Arceus-Ghost|100\/100\n|turn|10\n|\n|t:|1699098264\n|move|p1a: Arceus|Swords Dance|p1a: Arceus\n|-boost|p1a: Arceus|atk|2\n|move|p2a: Excalibur|Icicle Spear|p1a: Arceus\n|-damage|p1a: Arceus|84\/100\n|-damage|p1a: Arceus|67\/100\n|-damage|p1a: Arceus|51\/100\n|-crit|p1a: Arceus\n|-damage|p1a: Arceus|24\/100\n|-damage|p1a: Arceus|6\/100\n|-hitcount|p1a: Arceus|5\n|\n|upkeep\n|turn|11\n|\n|t:|1699098276\n|move|p1a: Arceus|Extreme Speed|p2a: Excalibur\n|-damage|p2a: Excalibur|0 fnt\n|faint|p2a: Excalibur\n|\n|upkeep\n|\n|t:|1699098286\n|switch|p2a: Anales|Ninetales-Alola, F, shiny|100\/100\n|-status|p2a: Anales|psn\n|-damage|p2a: Anales|88\/100 psn|[from] Spikes\n|-weather|Snow|[from] ability: Snow Warning|[of] p2a: Anales\n|turn|12\n|\n|t:|1699098299\n|-terastallize|p2a: Anales|Ghost\n|move|p1a: Arceus|Extreme Speed|p2a: Anales\n|-immune|p2a: Anales\n|move|p2a: Anales|Encore|p1a: Arceus\n|-start|p1a: Arceus|Encore\n|\n|-weather|Snow|[upkeep]\n|-damage|p2a: Anales|76\/100 psn|[from] psn\n|upkeep\n|turn|13\n|\n|t:|1699098308\n|move|p1a: Arceus|Extreme Speed|p2a: Anales\n|-immune|p2a: Anales\n|move|p2a: Anales|Aurora Veil|p2a: Anales\n|-sidestart|p2: adpg.alt|move: Aurora Veil\n|\n|-weather|Snow|[upkeep]\n|-damage|p2a: Anales|64\/100 psn|[from] psn\n|upkeep\n|turn|14\n|\n|t:|1699098316\n|switch|p1a: Gholdengo|Gholdengo|29\/100\n|move|p2a: Anales|Foul Play|p1a: Gholdengo\n|-supereffective|p1a: Gholdengo\n|-damage|p1a: Gholdengo|15\/100\n|\n|-weather|Snow|[upkeep]\n|-damage|p2a: Anales|51\/100 psn|[from] psn\n|upkeep\n|turn|15\n|\n|t:|1699098325\n|move|p2a: Anales|Foul Play|p1a: Gholdengo\n|-supereffective|p1a: Gholdengo\n|-damage|p1a: Gholdengo|0 fnt\n|faint|p1a: Gholdengo\n|\n|-weather|Snow|[upkeep]\n|-damage|p2a: Anales|39\/100 psn|[from] psn\n|upkeep\n|\n|t:|1699098328\n|switch|p1a: Arceus|Arceus-Ghost|6\/100\n|turn|16\n|\n|t:|1699098335\n|move|p2a: Anales|Foul Play|p1a: Arceus\n|-supereffective|p1a: Arceus\n|-damage|p1a: Arceus|0 fnt\n|faint|p1a: Arceus\n|\n|-weather|none\n|-damage|p2a: Anales|27\/100 psn|[from] psn\n|upkeep\n|\n|t:|1699098337\n|switch|p1a: Palafin|Palafin-Hero, F|100\/100\n|-activate|p1a: Palafin|ability: Zero to Hero\n|turn|17\n|\n|t:|1699098340\n|-terastallize|p1a: Palafin|Water\n|move|p1a: Palafin|Jet Punch|p2a: Anales\n|-damage|p2a: Anales|0 fnt\n|faint|p2a: Anales\n|\n|upkeep\n|\n|t:|1699098345\n|switch|p2a: Zacian-Hero|Zacian|100\/100\n|-ability|p2a: Zacian-Hero|Intrepid Sword|boost\n|-boost|p2a: Zacian-Hero|atk|1\n|turn|18\n|\n|t:|1699098350\n|move|p1a: Palafin|Jet Punch|p2a: Zacian-Hero\n|-damage|p2a: Zacian-Hero|64\/100\n|move|p2a: Zacian-Hero|Play Rough|p1a: Palafin|[miss]\n|-miss|p2a: Zacian-Hero|p1a: Palafin\n|\n|upkeep\n|turn|19\n|\n|t:|1699098355\n|move|p1a: Palafin|Jet Punch|p2a: Zacian-Hero\n|-damage|p2a: Zacian-Hero|28\/100\n|move|p2a: Zacian-Hero|Play Rough|p1a: Palafin\n|-damage|p1a: Palafin|38\/100\n|\n|upkeep\n|turn|20\n|\n|t:|1699098383\n|move|p1a: Palafin|Jet Punch|p2a: Zacian-Hero\n|-damage|p2a: Zacian-Hero|0 fnt\n|faint|p2a: Zacian-Hero\n|\n|-sideend|p2: adpg.alt|move: Aurora Veil\n|upkeep\n|\n|t:|1699098390\n|switch|p2a: Arceus|Arceus-Ghost|100\/100\n|-status|p2a: Arceus|psn\n|-damage|p2a: Arceus|88\/100 psn|[from] Spikes\n|turn|21\n|\n|t:|1699098393\n|move|p1a: Palafin|Jet Punch|p2a: Arceus\n|-damage|p2a: Arceus|32\/100 psn\n|move|p2a: Arceus|Judgment|p1a: Palafin\n|-damage|p1a: Palafin|0 fnt\n|faint|p1a: Palafin\n|\n|win|adpg.alt\n|c|\u2606RubenPaCe|gg\n|c|\u2606adpg.alt|Gg\n|l|\u2606RubenPaCe\n","uploadtime":1699098424,"views":8,"p1id":"rubenpace","p2id":"adpgalt","formatid":"gen9ubers","rating":0,"private":0,"password":""}