{"id":"gen9ubers-1994104516","p1":"plokami","p2":"Lialiabeast","format":"[Gen 9] Ubers","log":"|j|\u2606plokami\n|j|\u2606Lialiabeast\n|t:|1700407362\n|gametype|singles\n|player|p1|plokami|collector|\n|player|p2|Lialiabeast|emmet-masters|\n|teamsize|p1|6\n|teamsize|p2|6\n|gen|9\n|tier|[Gen 9] Ubers\n|rule|Sleep Clause Mod: Limit one foe put to sleep\n|rule|Species Clause: Limit one of each Pok\u00e9mon\n|rule|OHKO Clause: OHKO moves are banned\n|rule|Evasion Items Clause: Evasion items are banned\n|rule|Evasion Moves Clause: Evasion moves are banned\n|rule|Endless Battle Clause: Forcing endless battles is banned\n|rule|HP Percentage Mod: HP is shown in percentages\n|clearpoke\n|poke|p1|Rillaboom, M|\n|poke|p1|Ogerpon-Wellspring, F|\n|poke|p1|Dragapult, M|\n|poke|p1|Hawlucha, M|\n|poke|p1|Iron Treads|\n|poke|p1|Iron Hands|\n|poke|p2|Slowking-Galar, M|\n|poke|p2|Zapdos|\n|poke|p2|Landorus-Therian, M|\n|poke|p2|Samurott-Hisui, F|\n|poke|p2|Iron Valiant|\n|poke|p2|Dragapult, M|\n|teampreview\n|c|\u2606plokami|hf bro\n|c|\u2606Lialiabeast|hf\n|\n|t:|1700407427\n|start\n|switch|p1a: Rillaboom|Rillaboom, M|100\/100\n|switch|p2a: Dragapult|Dragapult, M|100\/100\n|-fieldstart|move: Grassy Terrain|[from] ability: Grassy Surge|[of] p1a: Rillaboom\n|turn|1\n|\n|t:|1700407437\n|move|p2a: Dragapult|Will-O-Wisp|p1a: Rillaboom\n|-status|p1a: Rillaboom|brn\n|move|p1a: Rillaboom|Knock Off|p2a: Dragapult\n|-supereffective|p2a: Dragapult\n|-damage|p2a: Dragapult|44\/100\n|-enditem|p2a: Dragapult|Leftovers|[from] move: Knock Off|[of] p1a: Rillaboom\n|\n|-heal|p2a: Dragapult|50\/100|[from] Grassy Terrain\n|-damage|p1a: Rillaboom|94\/100 brn|[from] brn\n|upkeep\n|turn|2\n|\n|t:|1700407444\n|move|p2a: Dragapult|Hex|p1a: Rillaboom\n|-damage|p1a: Rillaboom|38\/100 brn\n|move|p1a: Rillaboom|U-turn|p2a: Dragapult\n|-resisted|p2a: Dragapult\n|-damage|p2a: Dragapult|41\/100\n|\n|t:|1700407465\n|switch|p1a: Dragapult|Dragapult, M, shiny|100\/100|[from] U-turn\n|\n|-heal|p2a: Dragapult|47\/100|[from] Grassy Terrain\n|upkeep\n|turn|3\n|\n|t:|1700407482\n|move|p2a: Dragapult|Dragon Darts|p1a: Dragapult\n|-supereffective|p1a: Dragapult\n|-damage|p1a: Dragapult|37\/100\n|-anim|p2a: Dragapult|Dragon Darts|p1a: Dragapult\n|-supereffective|p1a: Dragapult\n|-crit|p1a: Dragapult\n|-damage|p1a: Dragapult|0 fnt\n|faint|p1a: Dragapult\n|\n|-heal|p2a: Dragapult|53\/100|[from] Grassy Terrain\n|upkeep\n|c|\u2606plokami|\u03ba\u03b1\u03bb\u03b1 \u03bd\u03b1 \u03c0\u03b1\u03b8\u03c9\n|\n|t:|1700407516\n|switch|p1a: Iron Hands|Iron Hands|100\/100\n|turn|4\n|c|\u2606plokami|\u03ba\u03b1\u03b9 \u03b7\u03bc\u03bf\u03c5\u03bd \u03c4\u03b5\u03c1\u03b1 \u03c6\u03b5\u03c1\u03c5 \u03ba\u03b1\u03b9 \u03c4\u03bf \u03bb\u03c5\u03c0\u03b7\u03b8\u03b7\u03ba\u03b1\n|c|\u2606Lialiabeast|lol\n|\n|t:|1700407557\n|switch|p2a: Landorus|Landorus-Therian, M|100\/100\n|-ability|p2a: Landorus|Intimidate|boost\n|-unboost|p1a: Iron Hands|atk|1\n|move|p1a: Iron Hands|Ice Punch|p2a: Landorus\n|-supereffective|p2a: Landorus\n|-damage|p2a: Landorus|39\/100\n|\n|-heal|p2a: Landorus|45\/100|[from] item: Leftovers\n|upkeep\n|turn|5\n|\n|t:|1700407574\n|-end|p1a: Iron Hands|Quark Drive|[silent]\n|switch|p1a: Iron Treads|Iron Treads|100\/100\n|-item|p1a: Iron Treads|Air Balloon\n|move|p2a: Landorus|U-turn|p1a: Iron Treads\n|-resisted|p1a: Iron Treads\n|-damage|p1a: Iron Treads|90\/100\n|-enditem|p1a: Iron Treads|Air Balloon\n|\n|t:|1700407586\n|switch|p2a: Samurott|Samurott-Hisui, F|100\/100|[from] U-turn\n|\n|-heal|p1a: Iron Treads|96\/100|[from] Grassy Terrain\n|upkeep\n|turn|6\n|\n|t:|1700407596\n|move|p1a: Iron Treads|Stealth Rock|p2a: Samurott\n|-sidestart|p2: Lialiabeast|move: Stealth Rock\n|move|p2a: Samurott|Ceaseless Edge|p1a: Iron Treads\n|-damage|p1a: Iron Treads|51\/100\n|-sidestart|p1: plokami|Spikes\n|\n|-heal|p1a: Iron Treads|57\/100|[from] Grassy Terrain\n|upkeep\n|turn|7\n|\n|t:|1700407604\n|move|p1a: Iron Treads|Rapid Spin|p2a: Samurott\n|-damage|p2a: Samurott|82\/100\n|-boost|p1a: Iron Treads|spe|1\n|-sideend|p1: plokami|Spikes|[from] move: Rapid Spin|[of] p1a: Iron Treads\n|move|p2a: Samurott|Ceaseless Edge|p1a: Iron Treads\n|-damage|p1a: Iron Treads|13\/100\n|-sidestart|p1: plokami|Spikes\n|\n|-heal|p1a: Iron Treads|19\/100|[from] Grassy Terrain\n|-heal|p2a: Samurott|88\/100|[from] Grassy Terrain\n|upkeep\n|turn|8\n|\n|t:|1700407609\n|-end|p1a: Iron Treads|Quark Drive|[silent]\n|switch|p1a: Iron Hands|Iron Hands|100\/100\n|-damage|p1a: Iron Hands|88\/100|[from] Spikes\n|move|p2a: Samurott|Ceaseless Edge|p1a: Iron Hands\n|-resisted|p1a: Iron Hands\n|-damage|p1a: Iron Hands|73\/100\n|-sidestart|p1: plokami|Spikes\n|\n|-heal|p2a: Samurott|94\/100|[from] Grassy Terrain\n|-heal|p1a: Iron Hands|80\/100|[from] Grassy Terrain\n|-fieldend|move: Grassy Terrain\n|upkeep\n|turn|9\n|\n|t:|1700407622\n|switch|p2a: Zapdos|Zapdos|100\/100\n|move|p1a: Iron Hands|Wild Charge|p2a: Zapdos\n|-crit|p2a: Zapdos\n|-damage|p2a: Zapdos|33\/100\n|-damage|p1a: Iron Hands|67\/100|[from] Recoil\n|\n|upkeep\n|turn|10\n|\n|t:|1700407632\n|move|p2a: Zapdos|Roost|p2a: Zapdos\n|-heal|p2a: Zapdos|83\/100\n|-singleturn|p2a: Zapdos|move: Roost\n|move|p1a: Iron Hands|Drain Punch|p2a: Zapdos\n|-damage|p2a: Zapdos|44\/100\n|-heal|p1a: Iron Hands|81\/100|[from] drain|[of] p2a: Zapdos\n|\n|upkeep\n|turn|11\n|\n|t:|1700407657\n|move|p2a: Zapdos|Roost|p2a: Zapdos\n|-heal|p2a: Zapdos|94\/100\n|-singleturn|p2a: Zapdos|move: Roost\n|move|p1a: Iron Hands|Ice Punch|p2a: Zapdos\n|-damage|p2a: Zapdos|68\/100\n|\n|upkeep\n|turn|12\n|\n|t:|1700407666\n|switch|p2a: Landorus|Landorus-Therian, M|45\/100\n|-damage|p2a: Landorus|32\/100|[from] Stealth Rock\n|-ability|p2a: Landorus|Intimidate|boost\n|-unboost|p1a: Iron Hands|atk|1\n|move|p1a: Iron Hands|Ice Punch|p2a: Landorus\n|-supereffective|p2a: Landorus\n|-damage|p2a: Landorus|0 fnt\n|faint|p2a: Landorus\n|\n|upkeep\n|\n|t:|1700407672\n|switch|p2a: Dragapult|Dragapult, M|53\/100\n|-damage|p2a: Dragapult|40\/100|[from] Stealth Rock\n|turn|13\n|\n|t:|1700407702\n|move|p2a: Dragapult|Will-O-Wisp|p1a: Iron Hands\n|-status|p1a: Iron Hands|brn\n|move|p1a: Iron Hands|Ice Punch|p2a: Dragapult\n|-supereffective|p2a: Dragapult\n|-damage|p2a: Dragapult|8\/100\n|\n|-damage|p1a: Iron Hands|75\/100 brn|[from] brn\n|upkeep\n|turn|14\n|\n|t:|1700407709\n|move|p2a: Dragapult|Hex|p1a: Iron Hands\n|-damage|p1a: Iron Hands|42\/100 brn\n|move|p1a: Iron Hands|Ice Punch|p2a: Dragapult\n|-supereffective|p2a: Dragapult\n|-damage|p2a: Dragapult|0 fnt\n|faint|p2a: Dragapult\n|\n|-damage|p1a: Iron Hands|36\/100 brn|[from] brn\n|upkeep\n|\n|t:|1700407718\n|switch|p2a: Samurott|Samurott-Hisui, F|94\/100\n|turn|15\n|\n|t:|1700407724\n|move|p2a: Samurott|Razor Shell|p1a: Iron Hands|[miss]\n|-miss|p2a: Samurott|p1a: Iron Hands\n|move|p1a: Iron Hands|Drain Punch|p2a: Samurott\n|-supereffective|p2a: Samurott\n|-damage|p2a: Samurott|59\/100\n|-heal|p1a: Iron Hands|47\/100 brn|[from] drain|[of] p2a: Samurott\n|\n|-damage|p1a: Iron Hands|41\/100 brn|[from] brn\n|upkeep\n|turn|16\n|\n|t:|1700407730\n|move|p2a: Samurott|Razor Shell|p1a: Iron Hands\n|-damage|p1a: Iron Hands|8\/100 brn\n|move|p1a: Iron Hands|Drain Punch|p2a: Samurott\n|-supereffective|p2a: Samurott\n|-damage|p2a: Samurott|21\/100\n|-heal|p1a: Iron Hands|20\/100 brn|[from] drain|[of] p2a: Samurott\n|\n|-damage|p1a: Iron Hands|14\/100 brn|[from] brn\n|upkeep\n|turn|17\n|\n|t:|1700407741\n|-end|p1a: Iron Hands|Quark Drive|[silent]\n|switch|p1a: Rillaboom|Rillaboom, M|38\/100 brn\n|-damage|p1a: Rillaboom|22\/100 brn|[from] Spikes\n|-fieldstart|move: Grassy Terrain|[from] ability: Grassy Surge|[of] p1a: Rillaboom\n|move|p2a: Samurott|Razor Shell|p1a: Rillaboom\n|-resisted|p1a: Rillaboom\n|-damage|p1a: Rillaboom|0 fnt\n|faint|p1a: Rillaboom\n|\n|-heal|p2a: Samurott|28\/100|[from] Grassy Terrain\n|upkeep\n|\n|t:|1700407743\n|switch|p1a: Hawlucha|Hawlucha, M|100\/100\n|-enditem|p1a: Hawlucha|Grassy Seed\n|-boost|p1a: Hawlucha|def|1|[from] item: Grassy Seed\n|turn|18\n|\n|t:|1700407751\n|switch|p2a: Zapdos|Zapdos|68\/100\n|move|p1a: Hawlucha|Swords Dance|p1a: Hawlucha\n|-boost|p1a: Hawlucha|atk|2\n|\n|upkeep\n|turn|19\n|\n|t:|1700407755\n|move|p1a: Hawlucha|Stone Edge|p2a: Zapdos\n|-supereffective|p2a: Zapdos\n|-damage|p2a: Zapdos|0 fnt\n|faint|p2a: Zapdos\n|\n|upkeep\n|\n|t:|1700407764\n|switch|p2a: Slowking|Slowking-Galar, M|100\/100\n|turn|20\n|\n|t:|1700407770\n|move|p1a: Hawlucha|Acrobatics|p2a: Slowking\n|-damage|p2a: Slowking|18\/100\n|move|p2a: Slowking|Thunder Wave|p1a: Hawlucha\n|-status|p1a: Hawlucha|par\n|\n|-heal|p2a: Slowking|24\/100|[from] Grassy Terrain\n|upkeep\n|turn|21\n|c|\u2606plokami|shittt\n|\n|t:|1700407784\n|switch|p2a: Samurott|Samurott-Hisui, F|28\/100\n|move|p1a: Hawlucha|Acrobatics|p2a: Samurott\n|-damage|p2a: Samurott|0 fnt\n|faint|p2a: Samurott\n|\n|upkeep\n|\n|t:|1700407788\n|switch|p2a: Iron Valiant|Iron Valiant|100\/100\n|turn|22\n|\n|t:|1700407821\n|-terastallize|p1a: Hawlucha|Rock\n|move|p2a: Iron Valiant|Moonblast|p1a: Hawlucha\n|-damage|p1a: Hawlucha|19\/100 par\n|-unboost|p1a: Hawlucha|spa|1\n|move|p1a: Hawlucha|Acrobatics|p2a: Iron Valiant\n|-supereffective|p2a: Iron Valiant\n|-damage|p2a: Iron Valiant|0 fnt\n|faint|p2a: Iron Valiant\n|-end|p2a: Iron Valiant|Quark Drive|[silent]\n|\n|-heal|p1a: Hawlucha|25\/100 par|[from] Grassy Terrain\n|upkeep\n|\n|t:|1700407826\n|switch|p2a: Slowking|Slowking-Galar, M|58\/100\n|turn|23\n|\n|t:|1700407835\n|cant|p1a: Hawlucha|par\n|move|p2a: Slowking|Sludge Bomb|p1a: Hawlucha\n|-resisted|p1a: Hawlucha\n|-damage|p1a: Hawlucha|0 fnt\n|faint|p1a: Hawlucha\n|\n|-heal|p2a: Slowking|64\/100|[from] Grassy Terrain\n|upkeep\n|\n|t:|1700407845\n|switch|p1a: Iron Treads|Iron Treads|19\/100\n|-damage|p1a: Iron Treads|3\/100|[from] Spikes\n|turn|24\n|\n|t:|1700407859\n|-terastallize|p2a: Slowking|Grass\n|move|p1a: Iron Treads|High Horsepower|p2a: Slowking\n|-resisted|p2a: Slowking\n|-crit|p2a: Slowking\n|-damage|p2a: Slowking|34\/100\n|move|p2a: Slowking|Chilly Reception|p2a: Slowking\n|-weather|Snow\n|\n|-weather|Snow|[upkeep]\n|-heal|p1a: Iron Treads|9\/100|[from] Grassy Terrain\n|-heal|p2a: Slowking|40\/100|[from] Grassy Terrain\n|-fieldend|move: Grassy Terrain\n|upkeep\n|turn|25\n|\n|t:|1700407872\n|move|p1a: Iron Treads|Iron Head|p2a: Slowking\n|-damage|p2a: Slowking|10\/100\n|move|p2a: Slowking|Future Sight|p1a: Iron Treads\n|-start|p2a: Slowking|move: Future Sight\n|\n|-weather|Snow|[upkeep]\n|upkeep\n|turn|26\n|\n|t:|1700407878\n|move|p1a: Iron Treads|Iron Head|p2a: Slowking\n|-damage|p2a: Slowking|0 fnt\n|faint|p2a: Slowking\n|\n|win|plokami\n|c|\u2606Lialiabeast|gg\n|c|\u2606plokami|gg\n|l|\u2606plokami\n","uploadtime":1700407887,"views":12,"p1id":"plokami","p2id":"lialiabeast","formatid":"gen9ubers","rating":0,"private":0,"password":""}