{"id":"gen9ubers-1970020167","p1":"Alexandre195","p2":"Catd","format":"[Gen 9] Ubers","log":"|j|\u2606Alexandre195\n|j|\u2606Catd\n|t:|1697585834\n|gametype|singles\n|player|p1|Alexandre195|nate|1079\n|player|p2|Catd|volkner|1089\n|teamsize|p1|6\n|teamsize|p2|6\n|gen|9\n|tier|[Gen 9] Ubers\n|rated|\n|rule|Sleep Clause Mod: Limit one foe put to sleep\n|rule|Species Clause: Limit one of each Pok\u00e9mon\n|rule|OHKO Clause: OHKO moves are banned\n|rule|Evasion Items Clause: Evasion items are banned\n|rule|Evasion Moves Clause: Evasion moves are banned\n|rule|Endless Battle Clause: Forcing endless battles is banned\n|rule|HP Percentage Mod: HP is shown in percentages\n|clearpoke\n|poke|p1|Ribombee, M|\n|poke|p1|Haxorus, F|\n|poke|p1|Urshifu-*, F|\n|poke|p1|Mamoswine, M|\n|poke|p1|Torterra, M|\n|poke|p1|Flutter Mane|\n|poke|p2|Snorlax, F|\n|poke|p2|Thundurus, M|\n|poke|p2|Maushold|\n|poke|p2|Garganacl, M|\n|poke|p2|Sinistcha|\n|poke|p2|Salazzle, F|\n|teampreview\n|inactive|Battle timer is ON: inactive players will automatically lose when time's up. (requested by Alexandre195)\n|\n|t:|1697585859\n|start\n|switch|p1a: Ribombee|Ribombee, M|100\/100\n|switch|p2a: Thundurus|Thundurus, M|100\/100\n|turn|1\n|\n|t:|1697585864\n|move|p2a: Thundurus|Taunt|p1a: Ribombee\n|-start|p1a: Ribombee|move: Taunt\n|cant|p1a: Ribombee|move: Taunt|Quiver Dance\n|\n|upkeep\n|turn|2\n|\n|t:|1697585870\n|move|p1a: Ribombee|Moonblast|p2a: Thundurus\n|-damage|p2a: Thundurus|41\/100\n|-unboost|p2a: Thundurus|spa|1\n|move|p2a: Thundurus|Volt Switch|p1a: Ribombee\n|-damage|p1a: Ribombee|56\/100\n|\n|t:|1697585875\n|switch|p2a: Snorlax|Snorlax, F|100\/100|[from] Volt Switch\n|\n|upkeep\n|turn|3\n|\n|t:|1697585880\n|switch|p1a: Urshifu|Urshifu, F|100\/100\n|move|p2a: Snorlax|Curse|p2a: Snorlax\n|-unboost|p2a: Snorlax|spe|1\n|-boost|p2a: Snorlax|atk|1\n|-boost|p2a: Snorlax|def|1\n|\n|upkeep\n|turn|4\n|\n|t:|1697585888\n|-terastallize|p2a: Snorlax|Normal\n|move|p1a: Urshifu|Swords Dance|p1a: Urshifu\n|-boost|p1a: Urshifu|atk|2\n|move|p2a: Snorlax|Body Slam|p1a: Urshifu\n|-damage|p1a: Urshifu|36\/100\n|\n|upkeep\n|turn|5\n|\n|t:|1697585895\n|switch|p2a: Sinistcha|Sinistcha|100\/100\n|move|p1a: Urshifu|Drain Punch|p2a: Sinistcha\n|-immune|p2a: Sinistcha\n|\n|upkeep\n|turn|6\n|\n|t:|1697585900\n|move|p1a: Urshifu|Wicked Blow|p2a: Sinistcha\n|-supereffective|p2a: Sinistcha\n|-crit|p2a: Sinistcha\n|-damage|p2a: Sinistcha|0 fnt\n|faint|p2a: Sinistcha\n|\n|upkeep\n|\n|t:|1697585908\n|switch|p2a: Maushold|Maushold|100\/100\n|turn|7\n|\n|t:|1697585910\n|switch|p1a: Flutter Mane|Flutter Mane|100\/100\n|move|p2a: Maushold|Bullet Seed|p1a: Flutter Mane\n|-damage|p1a: Flutter Mane|86\/100\n|-damage|p1a: Flutter Mane|70\/100\n|-damage|p1a: Flutter Mane|56\/100\n|-damage|p1a: Flutter Mane|41\/100\n|-damage|p1a: Flutter Mane|27\/100\n|-hitcount|p1a: Flutter Mane|5\n|\n|upkeep\n|turn|8\n|\n|t:|1697585916\n|move|p1a: Flutter Mane|Moonblast|p2a: Maushold\n|-damage|p2a: Maushold|21\/100\n|move|p2a: Maushold|Bite|p1a: Flutter Mane\n|-damage|p1a: Flutter Mane|0 fnt\n|faint|p1a: Flutter Mane\n|-end|p1a: Flutter Mane|Protosynthesis|[silent]\n|\n|upkeep\n|\n|t:|1697585923\n|switch|p1a: Ribombee|Ribombee, M|56\/100\n|turn|9\n|\n|t:|1697585926\n|move|p1a: Ribombee|Moonblast|p2a: Maushold\n|-damage|p2a: Maushold|0 fnt\n|faint|p2a: Maushold\n|\n|upkeep\n|\n|t:|1697585929\n|switch|p2a: Snorlax|Snorlax, F, tera:Normal|100\/100\n|turn|10\n|\n|t:|1697585932\n|move|p1a: Ribombee|Stun Spore|p2a: Snorlax\n|-status|p2a: Snorlax|par\n|move|p2a: Snorlax|Curse|p2a: Snorlax\n|-unboost|p2a: Snorlax|spe|1\n|-boost|p2a: Snorlax|atk|1\n|-boost|p2a: Snorlax|def|1\n|\n|upkeep\n|turn|11\n|\n|t:|1697585939\n|move|p1a: Ribombee|Sticky Web|p2a: Snorlax\n|-sidestart|p2: Catd|move: Sticky Web\n|move|p2a: Snorlax|Curse|p2a: Snorlax\n|-unboost|p2a: Snorlax|spe|1\n|-boost|p2a: Snorlax|atk|1\n|-boost|p2a: Snorlax|def|1\n|\n|upkeep\n|turn|12\n|\n|t:|1697585945\n|move|p1a: Ribombee|Quiver Dance|p1a: Ribombee\n|-boost|p1a: Ribombee|spa|1\n|-boost|p1a: Ribombee|spd|1\n|-boost|p1a: Ribombee|spe|1\n|move|p2a: Snorlax|Body Slam|p1a: Ribombee\n|-damage|p1a: Ribombee|0 fnt\n|faint|p1a: Ribombee\n|\n|upkeep\n|\n|t:|1697585951\n|switch|p1a: Urshifu|Urshifu, F|36\/100\n|turn|13\n|\n|t:|1697585954\n|move|p1a: Urshifu|Drain Punch|p2a: Snorlax\n|-supereffective|p2a: Snorlax\n|-damage|p2a: Snorlax|61\/100 par\n|-heal|p1a: Urshifu|66\/100|[from] drain|[of] p2a: Snorlax\n|move|p2a: Snorlax|Body Slam|p1a: Urshifu\n|-damage|p1a: Urshifu|0 fnt\n|faint|p1a: Urshifu\n|\n|upkeep\n|\n|t:|1697585963\n|switch|p1a: Haxorus|Haxorus, F|100\/100\n|-ability|p1a: Haxorus|Mold Breaker\n|turn|14\n|\n|t:|1697585969\n|move|p1a: Haxorus|Close Combat|p2a: Snorlax\n|-supereffective|p2a: Snorlax\n|-damage|p2a: Snorlax|17\/100 par\n|-unboost|p1a: Haxorus|def|1\n|-unboost|p1a: Haxorus|spd|1\n|move|p2a: Snorlax|Body Slam|p1a: Haxorus\n|-damage|p1a: Haxorus|0 fnt\n|faint|p1a: Haxorus\n|\n|upkeep\n|\n|t:|1697585976\n|switch|p1a: Torterra|Torterra, M|100\/100\n|turn|15\n|\n|t:|1697585984\n|move|p1a: Torterra|Bullet Seed|p2a: Snorlax\n|-damage|p2a: Snorlax|12\/100 par\n|-damage|p2a: Snorlax|6\/100 par\n|-damage|p2a: Snorlax|1\/100 par\n|-damage|p2a: Snorlax|0 fnt\n|faint|p2a: Snorlax\n|-hitcount|p2: Snorlax|4\n|\n|upkeep\n|\n|t:|1697585993\n|switch|p2a: Garganacl|Garganacl, M|100\/100\n|-activate|p2a: Garganacl|move: Sticky Web\n|-unboost|p2a: Garganacl|spe|1\n|turn|16\n|\n|t:|1697586003\n|-terastallize|p1a: Torterra|Grass\n|move|p1a: Torterra|Shell Smash|p1a: Torterra\n|-unboost|p1a: Torterra|def|1\n|-unboost|p1a: Torterra|spd|1\n|-boost|p1a: Torterra|atk|2\n|-boost|p1a: Torterra|spa|2\n|-boost|p1a: Torterra|spe|2\n|move|p2a: Garganacl|Avalanche|p1a: Torterra\n|-supereffective|p1a: Torterra\n|-damage|p1a: Torterra|61\/100\n|\n|upkeep\n|turn|17\n|\n|t:|1697586011\n|move|p1a: Torterra|Bullet Seed|p2a: Garganacl\n|-supereffective|p2a: Garganacl\n|-damage|p2a: Garganacl|70\/100\n|-supereffective|p2a: Garganacl\n|-damage|p2a: Garganacl|39\/100\n|-supereffective|p2a: Garganacl\n|-damage|p2a: Garganacl|6\/100\n|-supereffective|p2a: Garganacl\n|-damage|p2a: Garganacl|0 fnt\n|faint|p2a: Garganacl\n|-hitcount|p2: Garganacl|4\n|\n|upkeep\n|\n|t:|1697586014\n|switch|p2a: Salazzle|Salazzle, F|100\/100\n|-activate|p2a: Salazzle|move: Sticky Web\n|-unboost|p2a: Salazzle|spe|1\n|turn|18\n|\n|t:|1697586020\n|move|p2a: Salazzle|Fake Out|p1a: Torterra\n|-damage|p1a: Torterra|52\/100\n|cant|p1a: Torterra|flinch\n|\n|upkeep\n|turn|19\n|\n|t:|1697586023\n|move|p1a: Torterra|Rock Blast|p2a: Salazzle|[miss]\n|-miss|p1a: Torterra|p2a: Salazzle\n|move|p2a: Salazzle|Sludge Bomb|p1a: Torterra\n|-supereffective|p1a: Torterra\n|-damage|p1a: Torterra|0 fnt\n|faint|p1a: Torterra\n|\n|upkeep\n|\n|t:|1697586025\n|switch|p1a: Mamoswine|Mamoswine, M|100\/100\n|turn|20\n|\n|t:|1697586030\n|move|p2a: Salazzle|Flamethrower|p1a: Mamoswine\n|-supereffective|p1a: Mamoswine\n|-damage|p1a: Mamoswine|61\/100\n|move|p1a: Mamoswine|Earthquake|p2a: Salazzle\n|-supereffective|p2a: Salazzle\n|-damage|p2a: Salazzle|0 fnt\n|faint|p2a: Salazzle\n|\n|upkeep\n|\n|t:|1697586033\n|switch|p2a: Thundurus|Thundurus, M|41\/100\n|turn|21\n|\n|t:|1697586037\n|move|p1a: Mamoswine|Ice Shard|p2a: Thundurus\n|-supereffective|p2a: Thundurus\n|-damage|p2a: Thundurus|0 fnt\n|faint|p2a: Thundurus\n|\n|win|Alexandre195\n|raw|Alexandre195's rating: 1079 &rarr; <strong>1108<\/strong><br \/>(+29 for winning)\n|raw|Catd's rating: 1089 &rarr; <strong>1065<\/strong><br \/>(-24 for losing)\n|l|\u2606Catd\n","uploadtime":1697586043,"views":9,"p1id":"alexandre195","p2id":"catd","formatid":"gen9ubers","rating":1065,"private":0,"password":""}