{"id":"gen9ubers-1989803661","p1":"KeshBa45","p2":"Hug0_G0l","format":"[Gen 9] Ubers","log":"|j|\u2606KeshBa45\n|j|\u2606Hug0_G0l\n|t:|1699897081\n|gametype|singles\n|player|p1|KeshBa45|red|\n|player|p2|Hug0_G0l|benga|\n|teamsize|p1|6\n|teamsize|p2|6\n|gen|9\n|tier|[Gen 9] Ubers\n|rated|Tournament battle\n|rule|Sleep Clause Mod: Limit one foe put to sleep\n|rule|Species Clause: Limit one of each Pok\u00e9mon\n|rule|OHKO Clause: OHKO moves are banned\n|rule|Evasion Items Clause: Evasion items are banned\n|rule|Evasion Moves Clause: Evasion moves are banned\n|rule|Endless Battle Clause: Forcing endless battles is banned\n|rule|HP Percentage Mod: HP is shown in percentages\n|clearpoke\n|poke|p1|Gliscor, F|\n|poke|p1|Skeledirge, F|\n|poke|p1|Dondozo, F|\n|poke|p1|Clodsire, F|\n|poke|p1|Blissey, F|\n|poke|p1|Eternatus|\n|poke|p2|Miraidon|\n|poke|p2|Koraidon|\n|poke|p2|Clodsire, M|\n|poke|p2|Skeledirge, M|\n|poke|p2|Corviknight, M|\n|poke|p2|Iron Bundle|\n|teampreview\n|inactive|Battle timer is ON: inactive players will automatically lose when time's up. (requested by Hug0_G0l)\n|c|\u2606KeshBa45|glgl\n|j|+OreoSpeedruns\n|j| xplord21\n|\n|t:|1699897094\n|start\n|switch|p1a: Temptation|Gliscor, F|100\/100\n|switch|p2a: Koraidon|Koraidon|100\/100\n|-weather|SunnyDay|[from] ability: Orichalcum Pulse|[of] p2a: Koraidon\n|-activate|p2a: Koraidon|Orichalcum Pulse|[source]\n|turn|1\n|\n|t:|1699897122\n|move|p2a: Koraidon|Flare Blitz|p1a: Temptation\n|-damage|p1a: Temptation|0 fnt\n|faint|p1a: Temptation\n|-damage|p2a: Koraidon|66\/100|[from] Recoil\n|\n|-weather|SunnyDay|[upkeep]\n|upkeep\n|inactive|KeshBa45 has 120 seconds left.\n|c|\u2606KeshBa45|my gliscor is the only one that ever dies to flare\n|\n|t:|1699897158\n|switch|p1a: Salvation|Skeledirge, F|100\/100\n|turn|2\n|inactive|Hug0_G0l has 120 seconds left.\n|\n|t:|1699897195\n|switch|p2a: Miraidon|Miraidon|100\/100\n|-fieldstart|move: Electric Terrain|[from] ability: Hadron Engine|[of] p2a: Miraidon\n|move|p1a: Salvation|Will-O-Wisp|p2a: Miraidon\n|-status|p2a: Miraidon|brn\n|\n|-weather|SunnyDay|[upkeep]\n|-damage|p2a: Miraidon|94\/100 brn|[from] brn\n|upkeep\n|turn|3\n|inactive|Hug0_G0l has 120 seconds left.\n|\n|t:|1699897216\n|switch|p1a: Blissful Regrets|Blissey, F|100\/100\n|move|p2a: Miraidon|Draco Meteor|p1a: Blissful Regrets\n|-damage|p1a: Blissful Regrets|75\/100\n|-unboost|p2a: Miraidon|spa|2\n|\n|-weather|SunnyDay|[upkeep]\n|-damage|p2a: Miraidon|88\/100 brn|[from] brn\n|upkeep\n|turn|4\n|\n|t:|1699897237\n|switch|p2a: Koraidon|Koraidon|66\/100\n|-activate|p2a: Koraidon|ability: Orichalcum Pulse\n|move|p1a: Blissful Regrets|Stealth Rock|p2a: Koraidon\n|-sidestart|p2: Hug0_G0l|move: Stealth Rock\n|\n|-weather|SunnyDay|[upkeep]\n|upkeep\n|turn|5\n|inactive|KeshBa45 has 90 seconds left.\n|\n|t:|1699897257\n|switch|p1a: Salvation|Skeledirge, F|100\/100\n|move|p2a: Koraidon|U-turn|p1a: Salvation\n|-resisted|p1a: Salvation\n|-damage|p1a: Salvation|93\/100\n|\n|t:|1699897270\n|switch|p2a: Clodsire|Clodsire, M|100\/100|[from] U-turn\n|-damage|p2a: Clodsire|94\/100|[from] Stealth Rock\n|\n|-weather|none\n|-heal|p2a: Clodsire|100\/100|[from] item: Leftovers\n|upkeep\n|turn|6\n|inactive|KeshBa45 has 90 seconds left.\n|\n|t:|1699897286\n|switch|p1a: Eternally Lying|Eternatus|100\/100\n|-ability|p1a: Eternally Lying|Pressure\n|move|p2a: Clodsire|Toxic|p1a: Eternally Lying\n|-immune|p1a: Eternally Lying\n|\n|-fieldend|move: Electric Terrain\n|upkeep\n|turn|7\n|\n|t:|1699897295\n|move|p1a: Eternally Lying|Cosmic Power|p1a: Eternally Lying\n|-boost|p1a: Eternally Lying|def|1\n|-boost|p1a: Eternally Lying|spd|1\n|move|p2a: Clodsire|Stealth Rock|p1a: Eternally Lying\n|-sidestart|p1: KeshBa45|move: Stealth Rock\n|\n|upkeep\n|turn|8\n|\n|t:|1699897306\n|move|p1a: Eternally Lying|Cosmic Power|p1a: Eternally Lying\n|-boost|p1a: Eternally Lying|def|1\n|-boost|p1a: Eternally Lying|spd|1\n|move|p2a: Clodsire|Earthquake|p1a: Eternally Lying\n|-supereffective|p1a: Eternally Lying\n|-damage|p1a: Eternally Lying|80\/100\n|\n|upkeep\n|turn|9\n|inactive|Hug0_G0l has 120 seconds left.\n|\n|t:|1699897320\n|switch|p2a: Corviknight|Corviknight, M, shiny|100\/100\n|-damage|p2a: Corviknight|88\/100|[from] Stealth Rock\n|-ability|p2a: Corviknight|Pressure\n|move|p1a: Eternally Lying|Dragon Tail|p2a: Corviknight\n|-resisted|p2a: Corviknight\n|-damage|p2a: Corviknight|83\/100\n|drag|p2a: Koraidon|Koraidon|66\/100\n|-damage|p2a: Koraidon|60\/100|[from] Stealth Rock\n|-weather|SunnyDay|[from] ability: Orichalcum Pulse|[of] p2a: Koraidon\n|-activate|p2a: Koraidon|Orichalcum Pulse|[source]\n|\n|-weather|SunnyDay|[upkeep]\n|upkeep\n|turn|10\n|inactive|Hug0_G0l has 120 seconds left.\n|\n|t:|1699897341\n|switch|p1a: Salvation|Skeledirge, F|93\/100\n|move|p2a: Koraidon|Dragon Claw|p1a: Salvation\n|-damage|p1a: Salvation|44\/100\n|\n|-weather|SunnyDay|[upkeep]\n|upkeep\n|turn|11\n|inactive|Hug0_G0l has 120 seconds left.\n|inactive|KeshBa45 has 90 seconds left.\n|\n|t:|1699897360\n|switch|p2a: Clodsire|Clodsire, M|100\/100\n|-damage|p2a: Clodsire|94\/100|[from] Stealth Rock\n|move|p1a: Salvation|Slack Off|p1a: Salvation\n|-heal|p1a: Salvation|94\/100\n|\n|-weather|SunnyDay|[upkeep]\n|-heal|p2a: Clodsire|100\/100|[from] item: Leftovers\n|upkeep\n|turn|12\n|l| xplord21\n|inactive|Hug0_G0l has 120 seconds left.\n|\n|t:|1699897372\n|move|p1a: Salvation|Will-O-Wisp|p2a: Clodsire\n|-status|p2a: Clodsire|brn\n|move|p2a: Clodsire|Earthquake|p1a: Salvation\n|-supereffective|p1a: Salvation\n|-crit|p1a: Salvation\n|-damage|p1a: Salvation|71\/100\n|\n|-weather|SunnyDay|[upkeep]\n|-damage|p2a: Clodsire|94\/100 brn|[from] brn\n|upkeep\n|turn|13\n|\n|t:|1699897386\n|switch|p1a: Eternally Lying|Eternatus|80\/100\n|-ability|p1a: Eternally Lying|Pressure\n|move|p2a: Clodsire|Toxic|p1a: Eternally Lying\n|-immune|p1a: Eternally Lying\n|\n|-weather|none\n|-heal|p2a: Clodsire|100\/100 brn|[from] item: Leftovers\n|-damage|p2a: Clodsire|94\/100 brn|[from] brn\n|upkeep\n|turn|14\n|j|+corvere\u2665\n|\n|t:|1699897401\n|switch|p2a: Corviknight|Corviknight, M, shiny|83\/100\n|-damage|p2a: Corviknight|71\/100|[from] Stealth Rock\n|-ability|p2a: Corviknight|Pressure\n|move|p1a: Eternally Lying|Cosmic Power|p1a: Eternally Lying\n|-boost|p1a: Eternally Lying|def|1\n|-boost|p1a: Eternally Lying|spd|1\n|\n|-heal|p2a: Corviknight|77\/100|[from] item: Leftovers\n|upkeep\n|turn|15\n|\n|t:|1699897411\n|switch|p1a: Salvation|Skeledirge, F|71\/100\n|move|p2a: Corviknight|Defog|p1a: Salvation\n|-unboost|p1a: Salvation|evasion|1\n|-sideend|p1: KeshBa45|Stealth Rock|[from] move: Defog|[of] p2a: Corviknight\n|-sideend|p2: Hug0_G0l|Stealth Rock|[from] move: Defog|[of] p2a: Corviknight\n|\n|-heal|p2a: Corviknight|83\/100|[from] item: Leftovers\n|upkeep\n|turn|16\n|j| Aussie Brutal\n|\n|t:|1699897418\n|move|p1a: Salvation|Slack Off|p1a: Salvation\n|-heal|p1a: Salvation|100\/100\n|move|p2a: Corviknight|U-turn|p1a: Salvation\n|-resisted|p1a: Salvation\n|-damage|p1a: Salvation|99\/100\n|inactive|Hug0_G0l has 120 seconds left.\n|\n|t:|1699897438\n|switch|p2a: Miraidon|Miraidon|88\/100 brn|[from] U-turn\n|-fieldstart|move: Electric Terrain|[from] ability: Hadron Engine|[of] p2a: Miraidon\n|\n|-damage|p2a: Miraidon|82\/100 brn|[from] brn\n|upkeep\n|turn|17\n|inactive|KeshBa45 has 120 seconds left.\n|inactive|Hug0_G0l has 120 seconds left.\n|\n|t:|1699897469\n|switch|p1a: Blissful Regrets|Blissey, F|75\/100\n|move|p2a: Miraidon|Electro Drift|p1a: Blissful Regrets\n|-damage|p1a: Blissful Regrets|49\/100\n|\n|-damage|p2a: Miraidon|76\/100 brn|[from] brn\n|upkeep\n|turn|18\n|inactive|Hug0_G0l has 90 seconds left.\n|\n|t:|1699897506\n|switch|p2a: Koraidon|Koraidon|60\/100\n|-weather|SunnyDay|[from] ability: Orichalcum Pulse|[of] p2a: Koraidon\n|-activate|p2a: Koraidon|Orichalcum Pulse|[source]\n|move|p1a: Blissful Regrets|Soft-Boiled|p1a: Blissful Regrets\n|-heal|p1a: Blissful Regrets|99\/100\n|\n|-weather|SunnyDay|[upkeep]\n|upkeep\n|turn|19\n|j| loveksmn\n|inactive|KeshBa45 has 120 seconds left.\n|\n|t:|1699897538\n|switch|p1a: Salvation|Skeledirge, F|99\/100\n|move|p2a: Koraidon|Dragon Claw|p1a: Salvation\n|-damage|p1a: Salvation|46\/100\n|\n|-weather|SunnyDay|[upkeep]\n|upkeep\n|turn|20\n|j| Keaeth\n|\n|t:|1699897563\n|-terastallize|p1a: Salvation|Fairy\n|move|p2a: Koraidon|Dragon Claw|p1a: Salvation\n|-immune|p1a: Salvation\n|move|p1a: Salvation|Will-O-Wisp|p2a: Koraidon\n|-status|p2a: Koraidon|brn\n|\n|-weather|SunnyDay|[upkeep]\n|-damage|p2a: Koraidon|54\/100 brn|[from] brn\n|-fieldend|move: Electric Terrain\n|upkeep\n|turn|21\n|l| Keaeth\n|inactive|Hug0_G0l has 60 seconds left.\n|\n|t:|1699897582\n|switch|p2a: Corviknight|Corviknight, M, shiny|83\/100\n|-ability|p2a: Corviknight|Pressure\n|move|p1a: Salvation|Slack Off|p1a: Salvation\n|-heal|p1a: Salvation|96\/100\n|\n|-weather|SunnyDay|[upkeep]\n|-heal|p2a: Corviknight|89\/100|[from] item: Leftovers\n|upkeep\n|turn|22\n|\n|t:|1699897591\n|move|p1a: Salvation|Torch Song|p2a: Corviknight\n|-supereffective|p2a: Corviknight\n|-damage|p2a: Corviknight|17\/100\n|-boost|p1a: Salvation|spa|1\n|move|p2a: Corviknight|Iron Head|p1a: Salvation\n|-supereffective|p1a: Salvation\n|-damage|p1a: Salvation|66\/100\n|\n|-weather|none\n|-heal|p2a: Corviknight|24\/100|[from] item: Leftovers\n|upkeep\n|turn|23\n|inactive|Hug0_G0l has 60 seconds left.\n|\n|t:|1699897610\n|switch|p2a: Clodsire|Clodsire, M|94\/100 brn\n|move|p1a: Salvation|Torch Song|p2a: Clodsire\n|-damage|p2a: Clodsire|69\/100 brn\n|-boost|p1a: Salvation|spa|1\n|\n|-heal|p2a: Clodsire|76\/100 brn|[from] item: Leftovers\n|-damage|p2a: Clodsire|69\/100 brn|[from] brn\n|upkeep\n|turn|24\n|j| Polynomial Time\n|\n|t:|1699897623\n|switch|p1a: Blissful Regrets|Blissey, F|99\/100\n|move|p2a: Clodsire|Toxic|p1a: Blissful Regrets\n|-status|p1a: Blissful Regrets|tox\n|\n|-heal|p2a: Clodsire|76\/100 brn|[from] item: Leftovers\n|-damage|p1a: Blissful Regrets|93\/100 tox|[from] psn\n|-damage|p2a: Clodsire|69\/100 brn|[from] brn\n|upkeep\n|turn|25\n|\n|t:|1699897635\n|move|p1a: Blissful Regrets|Seismic Toss|p2a: Clodsire\n|-damage|p2a: Clodsire|48\/100 brn\n|move|p2a: Clodsire|Earthquake|p1a: Blissful Regrets\n|-damage|p1a: Blissful Regrets|79\/100 tox\n|\n|-heal|p2a: Clodsire|54\/100 brn|[from] item: Leftovers\n|-damage|p1a: Blissful Regrets|67\/100 tox|[from] psn\n|-damage|p2a: Clodsire|48\/100 brn|[from] brn\n|upkeep\n|turn|26\n|\n|t:|1699897648\n|move|p1a: Blissful Regrets|Stealth Rock|p2a: Clodsire\n|-sidestart|p2: Hug0_G0l|move: Stealth Rock\n|move|p2a: Clodsire|Recover|p2a: Clodsire\n|-heal|p2a: Clodsire|98\/100 brn\n|\n|-heal|p2a: Clodsire|100\/100 brn|[from] item: Leftovers\n|-damage|p1a: Blissful Regrets|49\/100 tox|[from] psn\n|-damage|p2a: Clodsire|94\/100 brn|[from] brn\n|upkeep\n|turn|27\n|\n|t:|1699897663\n|move|p1a: Blissful Regrets|Soft-Boiled|p1a: Blissful Regrets\n|-heal|p1a: Blissful Regrets|99\/100 tox\n|move|p2a: Clodsire|Earthquake|p1a: Blissful Regrets\n|-damage|p1a: Blissful Regrets|84\/100 tox\n|\n|-heal|p2a: Clodsire|100\/100 brn|[from] item: Leftovers\n|-damage|p1a: Blissful Regrets|60\/100 tox|[from] psn\n|-damage|p2a: Clodsire|94\/100 brn|[from] brn\n|upkeep\n|turn|28\n|\n|t:|1699897676\n|-curestatus|p1a: Blissful Regrets|tox|[from] ability: Natural Cure\n|switch|p1a: Eternally Lying|Eternatus|80\/100\n|-ability|p1a: Eternally Lying|Pressure\n|move|p2a: Clodsire|Earthquake|p1a: Eternally Lying\n|-supereffective|p1a: Eternally Lying\n|-damage|p1a: Eternally Lying|61\/100\n|\n|-heal|p2a: Clodsire|100\/100 brn|[from] item: Leftovers\n|-damage|p2a: Clodsire|94\/100 brn|[from] brn\n|upkeep\n|turn|29\n|\n|t:|1699897688\n|switch|p2a: Miraidon|Miraidon|76\/100 brn\n|-damage|p2a: Miraidon|64\/100 brn|[from] Stealth Rock\n|-fieldstart|move: Electric Terrain|[from] ability: Hadron Engine|[of] p2a: Miraidon\n|move|p1a: Eternally Lying|Dragon Tail|p2a: Miraidon\n|-supereffective|p2a: Miraidon\n|-damage|p2a: Miraidon|31\/100 brn\n|drag|p2a: Iron Bundle|Iron Bundle|100\/100\n|-damage|p2a: Iron Bundle|76\/100|[from] Stealth Rock\n|-activate|p2a: Iron Bundle|ability: Quark Drive\n|-start|p2a: Iron Bundle|quarkdrivespe\n|\n|upkeep\n|turn|30\n|inactive|KeshBa45 has 120 seconds left.\n|n| pjs wizards|polynomialtime\n|\n|t:|1699897709\n|switch|p1a: Blissful Regrets|Blissey, F|60\/100\n|move|p2a: Iron Bundle|Ice Beam|p1a: Blissful Regrets\n|-crit|p1a: Blissful Regrets\n|-damage|p1a: Blissful Regrets|30\/100\n|\n|upkeep\n|turn|31\n|\n|t:|1699897716\n|move|p2a: Iron Bundle|Ice Beam|p1a: Blissful Regrets\n|-damage|p1a: Blissful Regrets|8\/100\n|move|p1a: Blissful Regrets|Soft-Boiled|p1a: Blissful Regrets\n|-heal|p1a: Blissful Regrets|58\/100\n|\n|upkeep\n|turn|32\n|l| Aussie Brutal\n|\n|t:|1699897735\n|-end|p2a: Iron Bundle|Quark Drive|[silent]\n|switch|p2a: Corviknight|Corviknight, M, shiny|24\/100\n|-damage|p2a: Corviknight|11\/100|[from] Stealth Rock\n|-ability|p2a: Corviknight|Pressure\n|move|p1a: Blissful Regrets|Calm Mind|p1a: Blissful Regrets\n|-boost|p1a: Blissful Regrets|spa|1\n|-boost|p1a: Blissful Regrets|spd|1\n|\n|-heal|p2a: Corviknight|17\/100|[from] item: Leftovers\n|upkeep\n|turn|33\n|c|\u2606KeshBa45|goat\n|\n|t:|1699897753\n|switch|p1a: Salvation|Skeledirge, F, tera:Fairy|66\/100\n|move|p2a: Corviknight|Roost|p2a: Corviknight\n|-heal|p2a: Corviknight|67\/100\n|-singleturn|p2a: Corviknight|move: Roost\n|\n|-heal|p2a: Corviknight|74\/100|[from] item: Leftovers\n|-fieldend|move: Electric Terrain\n|upkeep\n|turn|34\n|\n|t:|1699897767\n|switch|p2a: Clodsire|Clodsire, M|94\/100 brn\n|-damage|p2a: Clodsire|88\/100 brn|[from] Stealth Rock\n|move|p1a: Salvation|Torch Song|p2a: Clodsire\n|-damage|p2a: Clodsire|73\/100 brn\n|-boost|p1a: Salvation|spa|1\n|\n|-heal|p2a: Clodsire|79\/100 brn|[from] item: Leftovers\n|-damage|p2a: Clodsire|73\/100 brn|[from] brn\n|upkeep\n|turn|35\n|\n|t:|1699897779\n|switch|p1a: Eternally Lying|Eternatus|61\/100\n|-ability|p1a: Eternally Lying|Pressure\n|move|p2a: Clodsire|Toxic|p1a: Eternally Lying\n|-immune|p1a: Eternally Lying\n|\n|-heal|p2a: Clodsire|79\/100 brn|[from] item: Leftovers\n|-damage|p2a: Clodsire|73\/100 brn|[from] brn\n|upkeep\n|turn|36\n|\n|t:|1699897797\n|switch|p1a: Blissful Regrets|Blissey, F|58\/100\n|switch|p2a: Corviknight|Corviknight, M, shiny|74\/100\n|-damage|p2a: Corviknight|61\/100|[from] Stealth Rock\n|-ability|p2a: Corviknight|Pressure\n|\n|-heal|p2a: Corviknight|67\/100|[from] item: Leftovers\n|upkeep\n|turn|37\n|\n|t:|1699897808\n|move|p2a: Corviknight|Iron Head|p1a: Blissful Regrets\n|-damage|p1a: Blissful Regrets|34\/100\n|move|p1a: Blissful Regrets|Soft-Boiled|p1a: Blissful Regrets\n|-heal|p1a: Blissful Regrets|84\/100\n|\n|-heal|p2a: Corviknight|74\/100|[from] item: Leftovers\n|upkeep\n|turn|38\n|inactive|Hug0_G0l has 90 seconds left.\n|\n|t:|1699897815\n|switch|p1a: Fraudbozo|Dondozo, F|100\/100\n|move|p2a: Corviknight|Iron Head|p1a: Fraudbozo\n|-resisted|p1a: Fraudbozo\n|-damage|p1a: Fraudbozo|95\/100\n|\n|-heal|p2a: Corviknight|80\/100|[from] item: Leftovers\n|upkeep\n|turn|39\n|\n|t:|1699897822\n|move|p2a: Corviknight|U-turn|p1a: Fraudbozo\n|-damage|p1a: Fraudbozo|89\/100\n|\n|t:|1699897830\n|switch|p2a: Skeledirge|Skeledirge, M|100\/100|[from] U-turn\n|move|p1a: Fraudbozo|Curse|p1a: Fraudbozo\n|-unboost|p1a: Fraudbozo|spe|1\n|-boost|p1a: Fraudbozo|atk|1\n|-boost|p1a: Fraudbozo|def|1\n|\n|upkeep\n|turn|40\n|inactive|KeshBa45 has 120 seconds left.\n|\n|t:|1699897855\n|switch|p1a: Blissful Regrets|Blissey, F|84\/100\n|move|p2a: Skeledirge|Will-O-Wisp|p1a: Blissful Regrets\n|-status|p1a: Blissful Regrets|brn\n|\n|-damage|p1a: Blissful Regrets|78\/100 brn|[from] brn\n|upkeep\n|turn|41\n|\n|t:|1699897865\n|-curestatus|p1a: Blissful Regrets|brn|[from] ability: Natural Cure\n|switch|p1a: Fraudsire|Clodsire, F|100\/100\n|move|p2a: Skeledirge|Torch Song|p1a: Fraudsire\n|-damage|p1a: Fraudsire|84\/100\n|-boost|p2a: Skeledirge|spa|1\n|\n|upkeep\n|turn|42\n|inactive|KeshBa45 has 120 seconds left.\n|\n|t:|1699897884\n|switch|p2a: Miraidon|Miraidon|31\/100 brn\n|-damage|p2a: Miraidon|19\/100 brn|[from] Stealth Rock\n|-fieldstart|move: Electric Terrain|[from] ability: Hadron Engine|[of] p2a: Miraidon\n|switch|p1a: Salvation|Skeledirge, F, tera:Fairy|66\/100\n|\n|-damage|p2a: Miraidon|13\/100 brn|[from] brn\n|upkeep\n|turn|43\n|\n|t:|1699897897\n|switch|p1a: Fraudsire|Clodsire, F|84\/100\n|move|p2a: Miraidon|Electro Drift|p1a: Fraudsire\n|-immune|p1a: Fraudsire\n|\n|-damage|p2a: Miraidon|7\/100 brn|[from] brn\n|upkeep\n|turn|44\n|inactive|KeshBa45 has 120 seconds left.\n|inactive|KeshBa45 has 90 seconds left.\n|\n|t:|1699897963\n|switch|p2a: Corviknight|Corviknight, M, shiny|80\/100\n|-damage|p2a: Corviknight|67\/100|[from] Stealth Rock\n|-ability|p2a: Corviknight|Pressure\n|move|p1a: Fraudsire|Toxic|p2a: Corviknight\n|-immune|p2a: Corviknight\n|\n|-heal|p2a: Corviknight|74\/100|[from] item: Leftovers\n|upkeep\n|turn|45\n|\n|t:|1699897976\n|switch|p1a: Salvation|Skeledirge, F, tera:Fairy|66\/100\n|move|p2a: Corviknight|Defog|p1a: Salvation\n|-unboost|p1a: Salvation|evasion|1\n|-sideend|p2: Hug0_G0l|Stealth Rock|[from] move: Defog|[of] p2a: Corviknight\n|-fieldend|move: Electric Terrain\n|\n|-heal|p2a: Corviknight|80\/100|[from] item: Leftovers\n|upkeep\n|turn|46\n|inactive|KeshBa45 has 60 seconds left.\n|inactive|KeshBa45 has 30 seconds left.\n|\n|t:|1699898042\n|switch|p1a: Eternally Lying|Eternatus|61\/100\n|-ability|p1a: Eternally Lying|Pressure\n|switch|p2a: Miraidon|Miraidon|7\/100 brn\n|-fieldstart|move: Electric Terrain|[from] ability: Hadron Engine|[of] p2a: Miraidon\n|\n|-damage|p2a: Miraidon|0 fnt|[from] brn\n|faint|p2a: Miraidon\n|upkeep\n|inactive|KeshBa45 has 30 seconds left this turn.\n|\n|t:|1699898064\n|switch|p2a: Iron Bundle|Iron Bundle|76\/100\n|-activate|p2a: Iron Bundle|ability: Quark Drive\n|-start|p2a: Iron Bundle|quarkdrivespe\n|turn|47\n|\n|t:|1699898071\n|switch|p1a: Blissful Regrets|Blissey, F|78\/100\n|move|p2a: Iron Bundle|Hydro Pump|p1a: Blissful Regrets\n|-damage|p1a: Blissful Regrets|52\/100\n|\n|upkeep\n|turn|48\n|\n|t:|1699898079\n|-end|p2a: Iron Bundle|Quark Drive|[silent]\n|switch|p2a: Koraidon|Koraidon|54\/100 brn\n|-weather|SunnyDay|[from] ability: Orichalcum Pulse|[of] p2a: Koraidon\n|-activate|p2a: Koraidon|Orichalcum Pulse|[source]\n|move|p1a: Blissful Regrets|Soft-Boiled|p1a: Blissful Regrets\n|-heal|p1a: Blissful Regrets|100\/100\n|\n|-weather|SunnyDay|[upkeep]\n|-damage|p2a: Koraidon|48\/100 brn|[from] brn\n|upkeep\n|turn|49\n|inactive|KeshBa45 has 30 seconds left.\n|\n|t:|1699898099\n|switch|p1a: Salvation|Skeledirge, F, tera:Fairy|66\/100\n|move|p2a: Koraidon|U-turn|p1a: Salvation\n|-resisted|p1a: Salvation\n|-damage|p1a: Salvation|58\/100\n|\n|t:|1699898105\n|switch|p2a: Iron Bundle|Iron Bundle|76\/100|[from] U-turn\n|-activate|p2a: Iron Bundle|ability: Quark Drive\n|-start|p2a: Iron Bundle|quarkdrivespe\n|\n|-weather|SunnyDay|[upkeep]\n|upkeep\n|turn|50\n|inactive|KeshBa45 has 30 seconds left.\n|\n|t:|1699898122\n|switch|p1a: Fraudbozo|Dondozo, F|89\/100\n|move|p2a: Iron Bundle|Flip Turn|p1a: Fraudbozo\n|-resisted|p1a: Fraudbozo\n|-damage|p1a: Fraudbozo|87\/100\n|\n|t:|1699898128\n|-end|p2a: Iron Bundle|Quark Drive|[silent]\n|switch|p2a: Skeledirge|Skeledirge, M|100\/100|[from] Flip Turn\n|\n|-weather|SunnyDay|[upkeep]\n|-fieldend|move: Electric Terrain\n|upkeep\n|turn|51\n|inactive|KeshBa45 has 30 seconds left.\n|\n|t:|1699898152\n|switch|p1a: Blissful Regrets|Blissey, F|100\/100\n|move|p2a: Skeledirge|Will-O-Wisp|p1a: Blissful Regrets|[miss]\n|-miss|p2a: Skeledirge|p1a: Blissful Regrets\n|\n|-weather|SunnyDay|[upkeep]\n|upkeep\n|turn|52\n|\n|t:|1699898171\n|switch|p2a: Clodsire|Clodsire, M|73\/100 brn\n|move|p1a: Blissful Regrets|Stealth Rock|p2a: Clodsire\n|-sidestart|p2: Hug0_G0l|move: Stealth Rock\n|\n|-weather|none\n|-heal|p2a: Clodsire|79\/100 brn|[from] item: Leftovers\n|-damage|p2a: Clodsire|73\/100 brn|[from] brn\n|upkeep\n|turn|53\n|\n|t:|1699898180\n|switch|p1a: Eternally Lying|Eternatus|61\/100\n|-ability|p1a: Eternally Lying|Pressure\n|move|p2a: Clodsire|Stealth Rock|p1a: Eternally Lying\n|-sidestart|p1: KeshBa45|move: Stealth Rock\n|\n|-heal|p2a: Clodsire|79\/100 brn|[from] item: Leftovers\n|-damage|p2a: Clodsire|73\/100 brn|[from] brn\n|upkeep\n|turn|54\n|\n|t:|1699898199\n|switch|p2a: Corviknight|Corviknight, M, shiny|80\/100\n|-damage|p2a: Corviknight|67\/100|[from] Stealth Rock\n|-ability|p2a: Corviknight|Pressure\n|move|p1a: Eternally Lying|Recover|p1a: Eternally Lying\n|-heal|p1a: Eternally Lying|100\/100\n|\n|-heal|p2a: Corviknight|74\/100|[from] item: Leftovers\n|upkeep\n|turn|55\n|l|+OreoSpeedruns\n|\n|t:|1699898220\n|move|p1a: Eternally Lying|Cosmic Power|p1a: Eternally Lying\n|-boost|p1a: Eternally Lying|def|1\n|-boost|p1a: Eternally Lying|spd|1\n|move|p2a: Corviknight|U-turn|p1a: Eternally Lying\n|-resisted|p1a: Eternally Lying\n|-damage|p1a: Eternally Lying|97\/100\n|\n|t:|1699898228\n|switch|p2a: Koraidon|Koraidon|48\/100 brn|[from] U-turn\n|-damage|p2a: Koraidon|42\/100 brn|[from] Stealth Rock\n|-weather|SunnyDay|[from] ability: Orichalcum Pulse|[of] p2a: Koraidon\n|-activate|p2a: Koraidon|Orichalcum Pulse|[source]\n|\n|-weather|SunnyDay|[upkeep]\n|-damage|p2a: Koraidon|36\/100 brn|[from] brn\n|upkeep\n|turn|56\n|\n|t:|1699898238\n|move|p2a: Koraidon|Flare Blitz|p1a: Eternally Lying\n|-resisted|p1a: Eternally Lying\n|-damage|p1a: Eternally Lying|82\/100\n|-status|p1a: Eternally Lying|brn\n|-damage|p2a: Koraidon|29\/100 brn|[from] Recoil\n|move|p1a: Eternally Lying|Dragon Tail|p2a: Koraidon\n|-supereffective|p2a: Koraidon\n|-damage|p2a: Koraidon|15\/100 brn\n|drag|p2a: Clodsire|Clodsire, M|73\/100 brn\n|-damage|p2a: Clodsire|67\/100 brn|[from] Stealth Rock\n|\n|-weather|SunnyDay|[upkeep]\n|-heal|p2a: Clodsire|73\/100 brn|[from] item: Leftovers\n|-damage|p1a: Eternally Lying|76\/100 brn|[from] brn\n|-damage|p2a: Clodsire|67\/100 brn|[from] brn\n|upkeep\n|turn|57\n|\n|t:|1699898252\n|move|p2a: Clodsire|Earthquake|p1a: Eternally Lying\n|-supereffective|p1a: Eternally Lying\n|-damage|p1a: Eternally Lying|63\/100 brn\n|move|p1a: Eternally Lying|Dragon Tail|p2a: Clodsire\n|-damage|p2a: Clodsire|58\/100 brn\n|drag|p2a: Koraidon|Koraidon|15\/100 brn\n|-damage|p2a: Koraidon|9\/100 brn|[from] Stealth Rock\n|-activate|p2a: Koraidon|ability: Orichalcum Pulse\n|\n|-weather|SunnyDay|[upkeep]\n|-damage|p2a: Koraidon|3\/100 brn|[from] brn\n|-damage|p1a: Eternally Lying|57\/100 brn|[from] brn\n|upkeep\n|turn|58\n|inactive|KeshBa45 has 60 seconds left.\n|-message|Hug0_G0l forfeited.\n|\n|win|KeshBa45\n|n|\u2606KeshBa45|keshba45\n|n|\u2606Hug0_G0l|hug0g0l\n|n| corvere\u2665|corvere\n|n| loveksmn|loveksmn\n|n| pjs wizards|pjswizards\n|l|\u2606Hug0_G0l\n|c|\u2606KeshBa45|gg\n|l|\u2606KeshBa45\n|l| corvere\u2665\n","uploadtime":1699898307,"views":4,"p1id":"keshba45","p2id":"hug0g0l","formatid":"gen9ubers","rating":0,"private":0,"password":""}