{"id":"gen9ubers-1972801767","p1":"Oohra boi224","p2":"dianbaa","format":"[Gen 9] Ubers","log":"|j|\u2606Oohra boi224\n|j|\u2606dianbaa\n|t:|1697896830\n|gametype|singles\n|player|p1|Oohra boi224|n|1032\n|player|p2|dianbaa|shauntal|1000\n|teamsize|p1|6\n|teamsize|p2|6\n|gen|9\n|tier|[Gen 9] Ubers\n|rated|\n|rule|Sleep Clause Mod: Limit one foe put to sleep\n|rule|Species Clause: Limit one of each Pok\u00e9mon\n|rule|OHKO Clause: OHKO moves are banned\n|rule|Evasion Items Clause: Evasion items are banned\n|rule|Evasion Moves Clause: Evasion moves are banned\n|rule|Endless Battle Clause: Forcing endless battles is banned\n|rule|HP Percentage Mod: HP is shown in percentages\n|clearpoke\n|poke|p1|Urshifu-*, F|\n|poke|p1|Dragapult, F|\n|poke|p1|Garchomp, F|\n|poke|p1|Ogerpon-Hearthflame, F|\n|poke|p1|Greninja-*, M|\n|poke|p1|Kommo-o, M|\n|poke|p2|Glimmora, F|\n|poke|p2|Gogoat, M|\n|poke|p2|Espathra, F|\n|poke|p2|Avalugg, F|\n|poke|p2|Kingambit, M|\n|poke|p2|Veluza, M|\n|teampreview\n|inactive|Battle timer is ON: inactive players will automatically lose when time's up. (requested by dianbaa)\n|\n|t:|1697896834\n|start\n|switch|p1a: Bear hands|Urshifu-Rapid-Strike, F|100\/100\n|switch|p2a: Glimmora|Glimmora, F|100\/100\n|turn|1\n|\n|t:|1697896841\n|move|p1a: Bear hands|Surging Strikes|p2a: Glimmora\n|-supereffective|p2a: Glimmora\n|-crit|p2a: Glimmora\n|-damage|p2a: Glimmora|46\/100\n|-activate|p2a: Glimmora|ability: Toxic Debris\n|-sidestart|p1: Oohra boi224|move: Toxic Spikes\n|-supereffective|p2a: Glimmora\n|-crit|p2a: Glimmora\n|-damage|p2a: Glimmora|0 fnt\n|-activate|p2a: Glimmora|ability: Toxic Debris\n|-sidestart|p1: Oohra boi224|move: Toxic Spikes\n|faint|p2a: Glimmora\n|-hitcount|p2: Glimmora|2\n|\n|upkeep\n|\n|t:|1697896857\n|switch|p2a: Avalugg|Avalugg, F|100\/100\n|turn|2\n|\n|t:|1697896866\n|switch|p2a: Espathra|Espathra, F|100\/100\n|move|p1a: Bear hands|Aura Sphere|p2a: Espathra\n|-resisted|p2a: Espathra\n|-damage|p2a: Espathra|88\/100\n|\n|-heal|p2a: Espathra|94\/100|[from] item: Leftovers\n|upkeep\n|turn|3\n|\n|t:|1697896878\n|move|p1a: Bear hands|Surging Strikes|p2a: Espathra\n|-crit|p2a: Espathra\n|-damage|p2a: Espathra|78\/100\n|-crit|p2a: Espathra\n|-damage|p2a: Espathra|61\/100\n|-crit|p2a: Espathra\n|-damage|p2a: Espathra|43\/100\n|-hitcount|p2a: Espathra|3\n|move|p2a: Espathra|Calm Mind|p2a: Espathra\n|-boost|p2a: Espathra|spa|1\n|-boost|p2a: Espathra|spd|1\n|\n|-heal|p2a: Espathra|49\/100|[from] item: Leftovers\n|upkeep\n|turn|4\n|\n|t:|1697896893\n|move|p1a: Bear hands|Chilling Water|p2a: Espathra\n|-damage|p2a: Espathra|38\/100\n|-unboost|p2a: Espathra|atk|1\n|move|p2a: Espathra|Stored Power|p1a: Bear hands\n|-supereffective|p1a: Bear hands\n|-damage|p1a: Bear hands|0 fnt\n|faint|p1a: Bear hands\n|\n|-heal|p2a: Espathra|44\/100|[from] item: Leftovers\n|upkeep\n|\n|t:|1697896905\n|switch|p1a: Howitzer|Dragapult, F, shiny|100\/100\n|-status|p1a: Howitzer|tox\n|turn|5\n|\n|t:|1697896924\n|move|p1a: Howitzer|Phantom Force||[still]\n|-prepare|p1a: Howitzer|Phantom Force\n|move|p2a: Espathra|Stored Power|p1a: Howitzer|[miss]\n|-miss|p2a: Espathra|p1a: Howitzer\n|\n|-heal|p2a: Espathra|50\/100|[from] item: Leftovers\n|-damage|p1a: Howitzer|95\/100 tox|[from] psn\n|upkeep\n|turn|6\n|inactive|Oohra boi224 has 120 seconds left.\n|\n|t:|1697896957\n|move|p1a: Howitzer|Phantom Force|p2a: Espathra|[from]lockedmove\n|-supereffective|p2a: Espathra\n|-damage|p2a: Espathra|0 fnt\n|faint|p2a: Espathra\n|\n|-damage|p1a: Howitzer|83\/100 tox|[from] psn\n|upkeep\n|\n|t:|1697896963\n|switch|p2a: Avalugg|Avalugg, F|100\/100\n|turn|7\n|\n|t:|1697896974\n|move|p1a: Howitzer|Phantom Force||[still]\n|-prepare|p1a: Howitzer|Phantom Force\n|move|p2a: Avalugg|Avalanche|p1a: Howitzer|[miss]\n|-miss|p2a: Avalugg|p1a: Howitzer\n|\n|-damage|p1a: Howitzer|65\/100 tox|[from] psn\n|upkeep\n|turn|8\n|inactive|Oohra boi224 has 120 seconds left.\n|\n|t:|1697897005\n|switch|p2a: Gogoat|Gogoat, M|100\/100\n|move|p1a: Howitzer|Phantom Force|p2a: Gogoat|[from]lockedmove\n|-damage|p2a: Gogoat|50\/100\n|\n|-heal|p2a: Gogoat|56\/100|[from] item: Leftovers\n|-damage|p1a: Howitzer|41\/100 tox|[from] psn\n|upkeep\n|turn|9\n|\n|t:|1697897021\n|move|p1a: Howitzer|Dragon Darts|p2a: Gogoat\n|-damage|p2a: Gogoat|27\/100\n|-anim|p1a: Howitzer|Dragon Darts|p2a: Gogoat\n|-damage|p2a: Gogoat|0 fnt\n|faint|p2a: Gogoat\n|\n|-damage|p1a: Howitzer|11\/100 tox|[from] psn\n|upkeep\n|inactive|dianbaa has 120 seconds left.\n|\n|t:|1697897052\n|switch|p2a: Avalugg|Avalugg, F|100\/100\n|turn|10\n|\n|t:|1697897057\n|move|p1a: Howitzer|Dragon Darts|p2a: Avalugg\n|-damage|p2a: Avalugg|88\/100\n|-anim|p1a: Howitzer|Dragon Darts|p2a: Avalugg\n|-damage|p2a: Avalugg|74\/100\n|move|p2a: Avalugg|Rapid Spin|p1a: Howitzer\n|-immune|p1a: Howitzer\n|\n|-damage|p1a: Howitzer|0 fnt|[from] psn\n|faint|p1a: Howitzer\n|upkeep\n|inactive|Oohra boi224 has 120 seconds left.\n|\n|t:|1697897067\n|switch|p1a: Buddy|Ogerpon-Hearthflame, F|100\/100\n|-status|p1a: Buddy|tox\n|-ability|p1a: Buddy|Mold Breaker\n|turn|11\n|inactive|Oohra boi224 has 120 seconds left.\n|\n|t:|1697897080\n|-terastallize|p1a: Buddy|Fire\n|detailschange|p1a: Buddy|Ogerpon-Hearthflame-Tera, F, tera:Fire\n|-ability|p1a: Buddy|Embody Aspect (Hearthflame)|boost\n|-boost|p1a: Buddy|atk|1\n|move|p1a: Buddy|Ivy Cudgel|p2a: Avalugg\n|-supereffective|p2a: Avalugg\n|-damage|p2a: Avalugg|0 fnt\n|faint|p2a: Avalugg\n|\n|-damage|p1a: Buddy|95\/100 tox|[from] psn\n|upkeep\n|\n|t:|1697897087\n|switch|p2a: Veluza|Veluza, M|100\/100\n|-ability|p2a: Veluza|Mold Breaker\n|turn|12\n|\n|t:|1697897101\n|switch|p1a: A10 shark|Garchomp, F|100\/100\n|-status|p1a: A10 shark|tox\n|-terastallize|p2a: Veluza|Water\n|move|p2a: Veluza|Surf|p1a: A10 shark\n|-damage|p1a: A10 shark|77\/100 tox\n|\n|-damage|p1a: A10 shark|70\/100 tox|[from] psn\n|upkeep\n|turn|13\n|\n|t:|1697897115\n|move|p2a: Veluza|Surf|p1a: A10 shark\n|-damage|p1a: A10 shark|43\/100 tox\n|move|p1a: A10 shark|Earth Power|p2a: Veluza\n|-damage|p2a: Veluza|69\/100\n|-unboost|p2a: Veluza|spd|1\n|\n|-damage|p1a: A10 shark|30\/100 tox|[from] psn\n|upkeep\n|turn|14\n|\n|t:|1697897126\n|move|p2a: Veluza|Surf|p1a: A10 shark\n|-damage|p1a: A10 shark|2\/100 tox\n|move|p1a: A10 shark|Dragon Claw|p2a: Veluza\n|-damage|p2a: Veluza|16\/100\n|\n|-damage|p1a: A10 shark|0 fnt|[from] psn\n|faint|p1a: A10 shark\n|upkeep\n|\n|t:|1697897135\n|switch|p1a: Soulblazer|Kommo-o, M, shiny|100\/100\n|-status|p1a: Soulblazer|tox\n|turn|15\n|\n|t:|1697897142\n|move|p2a: Veluza|Surf|p1a: Soulblazer\n|-resisted|p1a: Soulblazer\n|-damage|p1a: Soulblazer|82\/100 tox\n|move|p1a: Soulblazer|Aura Sphere|p2a: Veluza\n|-damage|p2a: Veluza|0 fnt\n|faint|p2a: Veluza\n|\n|-heal|p1a: Soulblazer|88\/100 tox|[from] item: Leftovers\n|-damage|p1a: Soulblazer|82\/100 tox|[from] psn\n|upkeep\n|\n|t:|1697897153\n|switch|p2a: Kingambit|Kingambit, M|100\/100\n|-activate|p2a: Kingambit|ability: Supreme Overlord\n|-start|p2a: Kingambit|fallen5|[silent]\n|turn|16\n|\n|t:|1697897165\n|switch|p1a: Buddy|Ogerpon-Hearthflame-Tera, F, tera:Fire|95\/100 tox\n|-ability|p1a: Buddy|Embody Aspect (Hearthflame)|boost\n|-boost|p1a: Buddy|atk|1\n|move|p2a: Kingambit|Kowtow Cleave|p1a: Buddy\n|-damage|p1a: Buddy|0 fnt\n|faint|p1a: Buddy\n|\n|upkeep\n|\n|t:|1697897175\n|switch|p1a: Soulblazer|Kommo-o, M, shiny|82\/100 tox\n|turn|17\n|\n|t:|1697897181\n|move|p1a: Soulblazer|Earthquake|p2a: Kingambit\n|-supereffective|p2a: Kingambit\n|-damage|p2a: Kingambit|59\/100\n|move|p2a: Kingambit|Kowtow Cleave|p1a: Soulblazer\n|-resisted|p1a: Soulblazer\n|-damage|p1a: Soulblazer|62\/100 tox\n|\n|-heal|p1a: Soulblazer|68\/100 tox|[from] item: Leftovers\n|-heal|p2a: Kingambit|66\/100|[from] item: Leftovers\n|-damage|p1a: Soulblazer|62\/100 tox|[from] psn\n|upkeep\n|turn|18\n|\n|t:|1697897196\n|move|p1a: Soulblazer|Aura Sphere|p2a: Kingambit\n|-supereffective|p2a: Kingambit\n|-damage|p2a: Kingambit|0 fnt\n|faint|p2a: Kingambit\n|-end|p2a: Kingambit|fallen5|[silent]\n|\n|win|Oohra boi224\n|raw|Oohra boi224's rating: 1032 &rarr; <strong>1064<\/strong><br \/>(+32 for winning)\n|raw|dianbaa's rating: 1000 &rarr; <strong>1000<\/strong><br \/>(+0 for losing)\n|l|\u2606dianbaa\n","uploadtime":1697897204,"views":14,"p1id":"oohraboi224","p2id":"dianbaa","formatid":"gen9ubers","rating":1000,"private":0,"password":""}