{"id":"gen9ubers-1994811263","p1":"RadRaph","p2":"TheNutmeg33","format":"[Gen 9] Ubers","log":"|j|\u2606RadRaph\n|j|\u2606TheNutmeg33\n|t:|1700495005\n|gametype|singles\n|player|p1|RadRaph|steven|1188\n|player|p2|TheNutmeg33|102|1297\n|teamsize|p1|6\n|teamsize|p2|6\n|gen|9\n|tier|[Gen 9] Ubers\n|rated|\n|rule|Sleep Clause Mod: Limit one foe put to sleep\n|rule|Species Clause: Limit one of each Pok\u00e9mon\n|rule|OHKO Clause: OHKO moves are banned\n|rule|Evasion Items Clause: Evasion items are banned\n|rule|Evasion Moves Clause: Evasion moves are banned\n|rule|Endless Battle Clause: Forcing endless battles is banned\n|rule|HP Percentage Mod: HP is shown in percentages\n|clearpoke\n|poke|p1|Ursaluna-Bloodmoon, M|\n|poke|p1|Ogerpon-Cornerstone, F|\n|poke|p1|Scizor, M|\n|poke|p1|Flutter Mane|\n|poke|p1|Dragonite, M|\n|poke|p1|Urshifu-*, M|\n|poke|p2|Miraidon|\n|poke|p2|Koraidon|\n|poke|p2|Zacian-*|\n|poke|p2|Arceus|\n|poke|p2|Giratina-Origin|\n|poke|p2|Groudon|\n|teampreview\n|\n|t:|1700495022\n|start\n|switch|p1a: Ogerpon|Ogerpon-Cornerstone, F|100\/100\n|switch|p2a: Groudon|Groudon|100\/100\n|-weather|SunnyDay|[from] ability: Drought|[of] p2a: Groudon\n|turn|1\n|inactive|Battle timer is ON: inactive players will automatically lose when time's up. (requested by TheNutmeg33)\n|\n|t:|1700495029\n|move|p1a: Ogerpon|Horn Leech|p2a: Groudon\n|-supereffective|p2a: Groudon\n|-damage|p2a: Groudon|54\/100\n|move|p2a: Groudon|Will-O-Wisp|p1a: Ogerpon\n|-status|p1a: Ogerpon|brn\n|\n|-weather|SunnyDay|[upkeep]\n|-heal|p2a: Groudon|60\/100|[from] item: Leftovers\n|-damage|p1a: Ogerpon|95\/100 brn|[from] brn\n|upkeep\n|turn|2\n|\n|t:|1700495040\n|move|p1a: Ogerpon|Encore|p2a: Groudon\n|-start|p2a: Groudon|Encore\n|move|p2a: Groudon|Will-O-Wisp|p1a: Ogerpon\n|-fail|p1a: Ogerpon|brn\n|\n|-weather|SunnyDay|[upkeep]\n|-heal|p2a: Groudon|67\/100|[from] item: Leftovers\n|-damage|p1a: Ogerpon|89\/100 brn|[from] brn\n|upkeep\n|turn|3\n|\n|t:|1700495055\n|switch|p2a: Koraidon|Koraidon|100\/100\n|-activate|p2a: Koraidon|ability: Orichalcum Pulse\n|move|p1a: Ogerpon|Swords Dance|p1a: Ogerpon\n|-boost|p1a: Ogerpon|atk|2\n|\n|-weather|SunnyDay|[upkeep]\n|-damage|p1a: Ogerpon|83\/100 brn|[from] brn\n|upkeep\n|turn|4\n|\n|t:|1700495068\n|move|p2a: Koraidon|Swords Dance|p2a: Koraidon\n|-boost|p2a: Koraidon|atk|2\n|move|p1a: Ogerpon|Ivy Cudgel|p2a: Koraidon|[anim] Ivy Cudgel Rock\n|-resisted|p2a: Koraidon\n|-damage|p2a: Koraidon|73\/100\n|\n|-weather|SunnyDay|[upkeep]\n|-damage|p1a: Ogerpon|77\/100 brn|[from] brn\n|upkeep\n|turn|5\n|\n|t:|1700495078\n|move|p2a: Koraidon|Scale Shot|p1a: Ogerpon\n|-damage|p1a: Ogerpon|33\/100 brn\n|-damage|p1a: Ogerpon|0 fnt\n|faint|p1a: Ogerpon\n|-hitcount|p1: Ogerpon|2\n|-unboost|p2a: Koraidon|def|1\n|-boost|p2a: Koraidon|spe|1\n|\n|-weather|none\n|upkeep\n|\n|t:|1700495088\n|switch|p1a: Flutter Mane|Flutter Mane|100\/100\n|-enditem|p1a: Flutter Mane|Booster Energy\n|-activate|p1a: Flutter Mane|ability: Protosynthesis|[fromitem]\n|-start|p1a: Flutter Mane|protosynthesisspe\n|turn|6\n|\n|t:|1700495094\n|-terastallize|p1a: Flutter Mane|Fairy\n|move|p1a: Flutter Mane|Moonblast|p2a: Koraidon\n|-supereffective|p2a: Koraidon\n|-damage|p2a: Koraidon|0 fnt\n|faint|p2a: Koraidon\n|\n|upkeep\n|\n|t:|1700495103\n|switch|p2a: Groudon|Groudon|67\/100\n|-weather|SunnyDay|[from] ability: Drought|[of] p2a: Groudon\n|turn|7\n|\n|t:|1700495108\n|move|p1a: Flutter Mane|Moonblast|p2a: Groudon\n|-damage|p2a: Groudon|0 fnt\n|faint|p2a: Groudon\n|\n|-weather|SunnyDay|[upkeep]\n|upkeep\n|\n|t:|1700495112\n|switch|p2a: Zacian|Zacian-Crowned|100\/100\n|-ability|p2a: Zacian|Intrepid Sword|boost\n|-boost|p2a: Zacian|atk|1\n|turn|8\n|\n|t:|1700495119\n|move|p1a: Flutter Mane|Mystical Fire|p2a: Zacian\n|-supereffective|p2a: Zacian\n|-damage|p2a: Zacian|20\/100\n|-unboost|p2a: Zacian|spa|1\n|move|p2a: Zacian|Swords Dance|p2a: Zacian\n|-boost|p2a: Zacian|atk|2\n|\n|-weather|SunnyDay|[upkeep]\n|upkeep\n|turn|9\n|\n|t:|1700495128\n|move|p1a: Flutter Mane|Mystical Fire|p2a: Zacian\n|-supereffective|p2a: Zacian\n|-damage|p2a: Zacian|0 fnt\n|faint|p2a: Zacian\n|\n|-weather|SunnyDay|[upkeep]\n|upkeep\n|inactive|TheNutmeg33 has 120 seconds left.\n|\n|t:|1700495161\n|switch|p2a: Arceus|Arceus|100\/100\n|turn|10\n|\n|t:|1700495166\n|move|p2a: Arceus|Extreme Speed|p1a: Flutter Mane\n|-damage|p1a: Flutter Mane|0 fnt\n|faint|p1a: Flutter Mane\n|-end|p1a: Flutter Mane|Protosynthesis|[silent]\n|\n|-weather|SunnyDay|[upkeep]\n|upkeep\n|\n|t:|1700495175\n|switch|p1a: Urshifu|Urshifu-Rapid-Strike, M|100\/100\n|turn|11\n|\n|t:|1700495181\n|switch|p2a: Giratina|Giratina-Origin|100\/100\n|move|p1a: Urshifu|Close Combat|p2a: Giratina\n|-immune|p2a: Giratina\n|\n|-weather|none\n|upkeep\n|turn|12\n|\n|t:|1700495191\n|move|p1a: Urshifu|Surging Strikes|p2a: Giratina\n|-resisted|p2a: Giratina\n|-crit|p2a: Giratina\n|-damage|p2a: Giratina|95\/100\n|-resisted|p2a: Giratina\n|-crit|p2a: Giratina\n|-damage|p2a: Giratina|88\/100\n|-resisted|p2a: Giratina\n|-crit|p2a: Giratina\n|-damage|p2a: Giratina|81\/100\n|-hitcount|p2a: Giratina|3\n|move|p2a: Giratina|Thunder Wave|p1a: Urshifu\n|-status|p1a: Urshifu|par\n|\n|upkeep\n|turn|13\n|\n|t:|1700495209\n|move|p2a: Giratina|Poltergeist|p1a: Urshifu\n|-activate|p1a: Urshifu|move: Poltergeist|Punching Glove\n|-damage|p1a: Urshifu|43\/100 par\n|move|p1a: Urshifu|U-turn|p2a: Giratina\n|-resisted|p2a: Giratina\n|-damage|p2a: Giratina|74\/100\n|\n|t:|1700495220\n|switch|p1a: Ursaluna|Ursaluna-Bloodmoon, M|100\/100|[from] U-turn\n|\n|upkeep\n|turn|14\n|\n|t:|1700495225\n|move|p1a: Ursaluna|Blood Moon|p2a: Giratina\n|-damage|p2a: Giratina|16\/100\n|move|p2a: Giratina|Dragon Tail|p1a: Ursaluna\n|-damage|p1a: Ursaluna|77\/100\n|drag|p1a: Dragonite|Dragonite, M|100\/100\n|\n|upkeep\n|turn|15\n|\n|t:|1700495236\n|move|p2a: Giratina|Thunder Wave|p1a: Dragonite\n|-status|p1a: Dragonite|par\n|move|p1a: Dragonite|Earthquake|p2a: Giratina\n|-immune|p2a: Giratina|[from] ability: Levitate\n|\n|upkeep\n|turn|16\n|\n|t:|1700495247\n|switch|p1a: Ursaluna|Ursaluna-Bloodmoon, M|77\/100\n|move|p2a: Giratina|Poltergeist|p1a: Ursaluna\n|-immune|p1a: Ursaluna\n|\n|upkeep\n|turn|17\n|\n|t:|1700495255\n|move|p1a: Ursaluna|Vacuum Wave|p2a: Giratina\n|-damage|p2a: Giratina|6\/100\n|move|p2a: Giratina|Dragon Tail|p1a: Ursaluna\n|-damage|p1a: Ursaluna|54\/100\n|drag|p1a: Scizor|Scizor, M|100\/100\n|\n|upkeep\n|turn|18\n|\n|t:|1700495263\n|move|p1a: Scizor|Bullet Punch|p2a: Giratina\n|-damage|p2a: Giratina|0 fnt\n|faint|p2a: Giratina\n|\n|upkeep\n|\n|t:|1700495265\n|switch|p2a: Arceus|Arceus|100\/100\n|turn|19\n|\n|t:|1700495273\n|move|p1a: Scizor|Bullet Punch|p2a: Arceus\n|-damage|p2a: Arceus|77\/100\n|move|p2a: Arceus|Swords Dance|p2a: Arceus\n|-boost|p2a: Arceus|atk|2\n|\n|upkeep\n|turn|20\n|\n|t:|1700495280\n|move|p1a: Scizor|Bullet Punch|p2a: Arceus\n|-damage|p2a: Arceus|53\/100\n|move|p2a: Arceus|Swords Dance|p2a: Arceus\n|-boost|p2a: Arceus|atk|2\n|\n|upkeep\n|turn|21\n|\n|t:|1700495290\n|-terastallize|p2a: Arceus|Normal\n|move|p2a: Arceus|Extreme Speed|p1a: Scizor\n|-resisted|p1a: Scizor\n|-damage|p1a: Scizor|0 fnt\n|faint|p1a: Scizor\n|\n|upkeep\n|\n|t:|1700495299\n|switch|p1a: Urshifu|Urshifu-Rapid-Strike, M|43\/100 par\n|turn|22\n|\n|t:|1700495302\n|move|p2a: Arceus|Extreme Speed|p1a: Urshifu\n|-damage|p1a: Urshifu|0 fnt\n|faint|p1a: Urshifu\n|\n|upkeep\n|\n|t:|1700495308\n|switch|p1a: Dragonite|Dragonite, M|100\/100 par\n|turn|23\n|\n|t:|1700495311\n|move|p2a: Arceus|Extreme Speed|p1a: Dragonite\n|-damage|p1a: Dragonite|0 fnt\n|-damage|p2a: Arceus|37\/100|[from] item: Rocky Helmet|[of] p1a: Dragonite\n|faint|p1a: Dragonite\n|\n|upkeep\n|\n|t:|1700495318\n|switch|p1a: Ursaluna|Ursaluna-Bloodmoon, M|54\/100\n|turn|24\n|\n|t:|1700495321\n|move|p2a: Arceus|Extreme Speed|p1a: Ursaluna\n|-damage|p1a: Ursaluna|0 fnt\n|faint|p1a: Ursaluna\n|\n|win|TheNutmeg33\n|raw|RadRaph's rating: 1188 &rarr; <strong>1171<\/strong><br \/>(-17 for losing)\n|raw|TheNutmeg33's rating: 1297 &rarr; <strong>1314<\/strong><br \/>(+17 for winning)\n|l|\u2606RadRaph\n","uploadtime":1700495329,"views":24,"p1id":"radraph","p2id":"thenutmeg33","formatid":"gen9ubers","rating":1171,"private":0,"password":""}