{"id":"gen9ubers-1979776231","p1":"VictiniSweeper","p2":"Leo Justice","format":"[Gen 9] Ubers","log":"|j|\u2606VictiniSweeper\n|j|\u2606Leo Justice\n|t:|1698712083\n|gametype|singles\n|player|p1|VictiniSweeper|iris-gen5bw2|\n|player|p2|Leo Justice|carmine|\n|teamsize|p1|6\n|teamsize|p2|6\n|gen|9\n|tier|[Gen 9] Ubers\n|rule|Sleep Clause Mod: Limit one foe put to sleep\n|rule|Species Clause: Limit one of each Pok\u00e9mon\n|rule|OHKO Clause: OHKO moves are banned\n|rule|Evasion Items Clause: Evasion items are banned\n|rule|Evasion Moves Clause: Evasion moves are banned\n|rule|Endless Battle Clause: Forcing endless battles is banned\n|rule|HP Percentage Mod: HP is shown in percentages\n|clearpoke\n|poke|p1|Volcarona, F|\n|poke|p1|Cyclizar, M|\n|poke|p1|Roaring Moon|\n|poke|p1|Manaphy|\n|poke|p1|Dialga-Origin|\n|poke|p1|Ninetales-Alola, M|\n|poke|p2|Meowscarada, F|\n|poke|p2|Gholdengo|\n|poke|p2|Dialga|\n|poke|p2|Zacian-*|\n|poke|p2|Magearna|\n|poke|p2|Cyclizar, F|\n|teampreview\n|inactive|Battle timer is ON: inactive players will automatically lose when time's up. (requested by VictiniSweeper)\n|j| fwuffypetsowo\n|\n|t:|1698712106\n|start\n|switch|p1a: Manaphy|Manaphy|100\/100\n|switch|p2a: Meowscarada|Meowscarada, F|100\/100\n|turn|1\n|\n|t:|1698712114\n|switch|p1a: Ninetales|Ninetales-Alola, M|100\/100\n|-weather|Snow|[from] ability: Snow Warning|[of] p1a: Ninetales\n|move|p2a: Meowscarada|Knock Off|p1a: Ninetales\n|-start|p2a: Meowscarada|typechange|Dark|[from] ability: Protean\n|-resisted|p1a: Ninetales\n|-damage|p1a: Ninetales|76\/100\n|-enditem|p1a: Ninetales|Light Clay|[from] move: Knock Off|[of] p2a: Meowscarada\n|\n|-weather|Snow|[upkeep]\n|upkeep\n|turn|2\n|\n|t:|1698712124\n|switch|p2a: Dialga|Dialga|100\/100\n|-ability|p2a: Dialga|Pressure\n|move|p1a: Ninetales|Moonblast|p2a: Dialga\n|-damage|p2a: Dialga|77\/100\n|\n|-weather|Snow|[upkeep]\n|-heal|p2a: Dialga|84\/100|[from] item: Leftovers\n|upkeep\n|turn|3\n|\n|t:|1698712131\n|move|p1a: Ninetales|Aurora Veil|p1a: Ninetales\n|-sidestart|p1: VictiniSweeper|move: Aurora Veil\n|move|p2a: Dialga|Stealth Rock|p1a: Ninetales\n|-sidestart|p1: VictiniSweeper|move: Stealth Rock\n|\n|-weather|Snow|[upkeep]\n|-heal|p2a: Dialga|90\/100|[from] item: Leftovers\n|upkeep\n|turn|4\n|\n|t:|1698712137\n|move|p1a: Ninetales|Encore|p2a: Dialga\n|-start|p2a: Dialga|Encore\n|move|p2a: Dialga|Stealth Rock||[still]\n|-fail|p2a: Dialga\n|\n|-weather|Snow|[upkeep]\n|-heal|p2a: Dialga|96\/100|[from] item: Leftovers\n|upkeep\n|turn|5\n|\n|t:|1698712144\n|switch|p1a: Cyclizar|Cyclizar, M|100\/100\n|switch|p2a: Magearna|Magearna|100\/100\n|\n|-weather|none\n|upkeep\n|turn|6\n|\n|t:|1698712154\n|move|p1a: Cyclizar|Shed Tail|p1a: Cyclizar\n|-start|p1a: Cyclizar|Substitute|[from] move: Shed Tail\n|-damage|p1a: Cyclizar|50\/100\n|\n|t:|1698712157\n|switch|p1a: Volcarona|Volcarona, F|100\/100|[from] Shed Tail\n|move|p2a: Magearna|Draining Kiss|p1a: Volcarona\n|-resisted|p1a: Volcarona\n|-activate|p1a: Volcarona|move: Substitute|[damage]\n|\n|upkeep\n|turn|7\n|\n|t:|1698712164\n|move|p1a: Volcarona|Quiver Dance|p1a: Volcarona\n|-boost|p1a: Volcarona|spa|1\n|-boost|p1a: Volcarona|spd|1\n|-boost|p1a: Volcarona|spe|1\n|move|p2a: Magearna|Encore|p1a: Volcarona\n|-start|p1a: Volcarona|Encore\n|\n|-sideend|p1: VictiniSweeper|move: Aurora Veil\n|upkeep\n|turn|8\n|\n|t:|1698712173\n|switch|p2a: Dialga|Dialga|96\/100\n|-ability|p2a: Dialga|Pressure\n|move|p1a: Volcarona|Quiver Dance|p1a: Volcarona\n|-boost|p1a: Volcarona|spa|1\n|-boost|p1a: Volcarona|spd|1\n|-boost|p1a: Volcarona|spe|1\n|\n|-heal|p2a: Dialga|100\/100|[from] item: Leftovers\n|upkeep\n|turn|9\n|c| fwuffypetsowo|oh no\n|\n|t:|1698712182\n|switch|p1a: Cyclizar|Cyclizar, M|84\/100\n|move|p2a: Dialga|Roar|p1a: Cyclizar\n|drag|p1a: Dialga|Dialga-Origin|100\/100\n|-damage|p1a: Dialga|94\/100|[from] Stealth Rock\n|-ability|p1a: Dialga|Pressure\n|\n|upkeep\n|turn|10\n|\n|t:|1698712193\n|switch|p2a: Cyclizar|Cyclizar, F|100\/100\n|move|p1a: Dialga|Stealth Rock|p2a: Cyclizar\n|-sidestart|p2: Leo Justice|move: Stealth Rock\n|\n|upkeep\n|turn|11\n|\n|t:|1698712198\n|move|p2a: Cyclizar|Shed Tail|p2a: Cyclizar\n|-start|p2a: Cyclizar|Substitute|[from] move: Shed Tail\n|-damage|p2a: Cyclizar|50\/100\n|\n|t:|1698712201\n|switch|p2a: Magearna|Magearna|100\/100|[from] Shed Tail\n|-damage|p2a: Magearna|94\/100|[from] Stealth Rock\n|move|p1a: Dialga|Draco Meteor|p2a: Magearna\n|-immune|p2a: Magearna\n|\n|-heal|p2a: Magearna|100\/100|[from] item: Leftovers\n|upkeep\n|turn|12\n|\n|t:|1698712208\n|move|p2a: Magearna|Encore|p1a: Dialga\n|-start|p1a: Dialga|Encore\n|move|p1a: Dialga|Draco Meteor|p2a: Magearna\n|-immune|p2a: Magearna\n|\n|upkeep\n|turn|13\n|\n|t:|1698712214\n|switch|p1a: Manaphy|Manaphy|100\/100\n|-damage|p1a: Manaphy|88\/100|[from] Stealth Rock\n|move|p2a: Magearna|Spikes|p1a: Manaphy\n|-sidestart|p1: VictiniSweeper|Spikes\n|\n|upkeep\n|turn|14\n|\n|t:|1698712220\n|move|p1a: Manaphy|Scald|p2a: Magearna\n|-end|p2a: Magearna|Substitute\n|-damage|p1a: Manaphy|78\/100|[from] item: Life Orb\n|move|p2a: Magearna|Draining Kiss|p1a: Manaphy\n|-damage|p1a: Manaphy|56\/100\n|\n|upkeep\n|turn|15\n|\n|t:|1698712228\n|switch|p2a: Dialga|Dialga|100\/100\n|-damage|p2a: Dialga|94\/100|[from] Stealth Rock\n|-ability|p2a: Dialga|Pressure\n|move|p1a: Manaphy|Tail Glow|p1a: Manaphy\n|-boost|p1a: Manaphy|spa|3\n|\n|-heal|p2a: Dialga|100\/100|[from] item: Leftovers\n|upkeep\n|turn|16\n|\n|t:|1698712237\n|-terastallize|p1a: Manaphy|Ice\n|move|p1a: Manaphy|Ice Beam|p2a: Dialga\n|-damage|p2a: Dialga|15\/100\n|-damage|p1a: Manaphy|46\/100|[from] item: Life Orb\n|move|p2a: Dialga|Draco Meteor|p1a: Manaphy\n|-damage|p1a: Manaphy|0 fnt\n|-unboost|p2a: Dialga|spa|2\n|faint|p1a: Manaphy\n|\n|-heal|p2a: Dialga|22\/100|[from] item: Leftovers\n|upkeep\n|c|\u2606VictiniSweeper|Heck yeah\n|\n|t:|1698712252\n|switch|p1a: Roaring Moon|Roaring Moon|100\/100\n|-damage|p1a: Roaring Moon|88\/100|[from] Stealth Rock\n|-damage|p1a: Roaring Moon|75\/100|[from] Spikes\n|-enditem|p1a: Roaring Moon|Booster Energy\n|-activate|p1a: Roaring Moon|ability: Protosynthesis|[fromitem]\n|-start|p1a: Roaring Moon|protosynthesisspe\n|turn|17\n|c|\u2606VictiniSweeper|Optimal Terastal use\n|\n|t:|1698712262\n|move|p1a: Roaring Moon|Dragon Claw|p2a: Dialga\n|-damage|p2a: Dialga|0 fnt\n|faint|p2a: Dialga\n|\n|upkeep\n|\n|t:|1698712268\n|switch|p2a: Magearna|Magearna|100\/100\n|-damage|p2a: Magearna|94\/100|[from] Stealth Rock\n|turn|18\n|\n|t:|1698712274\n|-end|p1a: Roaring Moon|Protosynthesis|[silent]\n|switch|p1a: Ninetales|Ninetales-Alola, M|76\/100\n|-damage|p1a: Ninetales|52\/100|[from] Stealth Rock\n|-damage|p1a: Ninetales|40\/100|[from] Spikes\n|-weather|Snow|[from] ability: Snow Warning|[of] p1a: Ninetales\n|move|p2a: Magearna|Draining Kiss|p1a: Ninetales\n|-damage|p1a: Ninetales|15\/100\n|-heal|p2a: Magearna|100\/100|[from] drain|[of] p1a: Ninetales\n|\n|-weather|Snow|[upkeep]\n|upkeep\n|turn|19\n|c|\u2606VictiniSweeper|Finally\n|\n|t:|1698712294\n|move|p1a: Ninetales|Aurora Veil|p1a: Ninetales\n|-sidestart|p1: VictiniSweeper|move: Aurora Veil\n|move|p2a: Magearna|Draining Kiss|p1a: Ninetales\n|-damage|p1a: Ninetales|3\/100\n|\n|-weather|Snow|[upkeep]\n|upkeep\n|turn|20\n|\n|t:|1698712309\n|switch|p2a: Cyclizar|Cyclizar, F|84\/100\n|move|p1a: Ninetales|Encore||[still]\n|-fail|p1a: Ninetales\n|\n|-weather|Snow|[upkeep]\n|upkeep\n|turn|21\n|\n|t:|1698712317\n|move|p2a: Cyclizar|Rapid Spin|p1a: Ninetales\n|-damage|p1a: Ninetales|0 fnt\n|-boost|p2a: Cyclizar|spe|1\n|-sideend|p2: Leo Justice|Stealth Rock|[from] move: Rapid Spin|[of] p2a: Cyclizar\n|faint|p1a: Ninetales\n|\n|-weather|Snow|[upkeep]\n|upkeep\n|\n|t:|1698712322\n|switch|p1a: Cyclizar|Cyclizar, M|100\/100\n|turn|22\n|\n|t:|1698712326\n|move|p2a: Cyclizar|Taunt|p1a: Cyclizar\n|-start|p1a: Cyclizar|move: Taunt\n|cant|p1a: Cyclizar|move: Taunt|Shed Tail\n|\n|-weather|none\n|upkeep\n|turn|23\n|\n|t:|1698712330\n|move|p2a: Cyclizar|Knock Off|p1a: Cyclizar\n|-damage|p1a: Cyclizar|84\/100\n|-enditem|p1a: Cyclizar|Heavy-Duty Boots|[from] move: Knock Off|[of] p2a: Cyclizar\n|move|p1a: Cyclizar|Draco Meteor|p2a: Cyclizar\n|-supereffective|p2a: Cyclizar\n|-damage|p2a: Cyclizar|0 fnt\n|-unboost|p1a: Cyclizar|spa|2\n|faint|p2a: Cyclizar\n|\n|-sideend|p1: VictiniSweeper|move: Aurora Veil\n|upkeep\n|\n|t:|1698712340\n|switch|p2a: Zacian|Zacian|100\/100\n|-ability|p2a: Zacian|Intrepid Sword|boost\n|-boost|p2a: Zacian|atk|1\n|turn|24\n|\n|t:|1698712347\n|switch|p1a: Volcarona|Volcarona, F|100\/100\n|move|p2a: Zacian|Swords Dance|p2a: Zacian\n|-boost|p2a: Zacian|atk|2\n|\n|upkeep\n|turn|25\n|c|\u2606Leo Justice|Now play it against Zacian\n|\n|t:|1698712356\n|-terastallize|p2a: Zacian|Ground\n|move|p2a: Zacian|Tera Blast|p1a: Volcarona|[anim] Tera Blast Ground\n|-damage|p1a: Volcarona|0 fnt\n|faint|p1a: Volcarona\n|\n|upkeep\n|\n|t:|1698712374\n|switch|p1a: Dialga|Dialga-Origin|94\/100\n|-damage|p1a: Dialga|88\/100|[from] Stealth Rock\n|-damage|p1a: Dialga|76\/100|[from] Spikes\n|-ability|p1a: Dialga|Pressure\n|turn|26\n|c|\u2606VictiniSweeper|Gg\n|c|\u2606VictiniSweeper|I dont think i have much to do\n|inactive|VictiniSweeper has 270 seconds left.\n|\n|t:|1698712409\n|move|p2a: Zacian|Close Combat|p1a: Dialga\n|-supereffective|p1a: Dialga\n|-damage|p1a: Dialga|0 fnt\n|-unboost|p2a: Zacian|def|1\n|-unboost|p2a: Zacian|spd|1\n|faint|p1a: Dialga\n|\n|upkeep\n|\n|t:|1698712412\n|switch|p1a: Cyclizar|Cyclizar, M|100\/100\n|-damage|p1a: Cyclizar|88\/100|[from] Stealth Rock\n|-damage|p1a: Cyclizar|76\/100|[from] Spikes\n|turn|27\n|j| the tr4sh man\n|\n|t:|1698712420\n|move|p2a: Zacian|Close Combat|p1a: Cyclizar\n|-supereffective|p1a: Cyclizar\n|-damage|p1a: Cyclizar|0 fnt\n|-unboost|p2a: Zacian|def|1\n|-unboost|p2a: Zacian|spd|1\n|faint|p1a: Cyclizar\n|\n|upkeep\n|\n|t:|1698712423\n|switch|p1a: Roaring Moon|Roaring Moon|75\/100\n|-damage|p1a: Roaring Moon|63\/100|[from] Stealth Rock\n|-damage|p1a: Roaring Moon|50\/100|[from] Spikes\n|turn|28\n|\n|t:|1698712429\n|move|p2a: Zacian|Close Combat|p1a: Roaring Moon\n|-supereffective|p1a: Roaring Moon\n|-damage|p1a: Roaring Moon|0 fnt\n|-unboost|p2a: Zacian|def|1\n|-unboost|p2a: Zacian|spd|1\n|faint|p1a: Roaring Moon\n|-end|p1a: Roaring Moon|Protosynthesis|[silent]\n|\n|win|Leo Justice\n|c|\u2606Leo Justice|GG\n|l|\u2606VictiniSweeper\n","uploadtime":1698712470,"views":27,"p1id":"victinisweeper","p2id":"leojustice","formatid":"gen9ubers","rating":0,"private":0,"password":""}