{"id":"gen9ubers-1977837221","p1":"SiG_GM","p2":"ShwyGuy","format":"[Gen 9] Ubers","log":"|j|\u2606SiG_GM\n|j|\u2606ShwyGuy\n|t:|1698455701\n|gametype|singles\n|player|p1|SiG_GM|170|\n|player|p2|ShwyGuy|riley|\n|teamsize|p1|6\n|teamsize|p2|6\n|gen|9\n|tier|[Gen 9] Ubers\n|rule|Sleep Clause Mod: Limit one foe put to sleep\n|rule|Species Clause: Limit one of each Pok\u00e9mon\n|rule|OHKO Clause: OHKO moves are banned\n|rule|Evasion Items Clause: Evasion items are banned\n|rule|Evasion Moves Clause: Evasion moves are banned\n|rule|Endless Battle Clause: Forcing endless battles is banned\n|rule|HP Percentage Mod: HP is shown in percentages\n|clearpoke\n|poke|p1|Meowscarada, M|\n|poke|p1|Empoleon, F|\n|poke|p1|Armarouge, M|\n|poke|p1|Garchomp, M|\n|poke|p1|Gengar, F|\n|poke|p1|Iron Hands|\n|poke|p2|Torkoal, M|\n|poke|p2|Walking Wake|\n|poke|p2|Scovillain, F|\n|poke|p2|Ceruledge, M|\n|poke|p2|Slither Wing|\n|poke|p2|Brute Bonnet|\n|teampreview\n|j| XenoBits\n|c|\u2606SiG_GM|Glhf!\n|c|\u2606ShwyGuy|You too brother\n|\n|t:|1698455788\n|start\n|switch|p1a: Garchomp|Garchomp, M|100\/100\n|switch|p2a: Purple Pikmin|Slither Wing|100\/100\n|turn|1\n|\n|t:|1698455866\n|move|p1a: Garchomp|Earthquake|p2a: Purple Pikmin\n|-resisted|p2a: Purple Pikmin\n|-damage|p2a: Purple Pikmin|47\/100\n|move|p2a: Purple Pikmin|U-turn|p1a: Garchomp\n|-damage|p1a: Garchomp|63\/100\n|-damage|p2a: Purple Pikmin|35\/100|[from] ability: Rough Skin|[of] p1a: Garchomp\n|\n|t:|1698455880\n|-end|p2a: Purple Pikmin|Protosynthesis|[silent]\n|switch|p2a: Mushroom head|Brute Bonnet|100\/100|[from] U-turn\n|\n|upkeep\n|turn|2\n|\n|t:|1698455905\n|switch|p1a: Meowscarada|Meowscarada, M|100\/100\n|move|p2a: Mushroom head|Bullet Seed|p1a: Meowscarada\n|-resisted|p1a: Meowscarada\n|-damage|p1a: Meowscarada|89\/100\n|-resisted|p1a: Meowscarada\n|-damage|p1a: Meowscarada|77\/100\n|-resisted|p1a: Meowscarada\n|-damage|p1a: Meowscarada|66\/100\n|-resisted|p1a: Meowscarada\n|-damage|p1a: Meowscarada|55\/100\n|-resisted|p1a: Meowscarada\n|-damage|p1a: Meowscarada|43\/100\n|-hitcount|p1a: Meowscarada|5\n|\n|upkeep\n|turn|3\n|\n|t:|1698455936\n|-end|p2a: Mushroom head|Protosynthesis|[silent]\n|switch|p2a: Pickleball|Torkoal, M|100\/100\n|-weather|SunnyDay|[from] ability: Drought|[of] p2a: Pickleball\n|move|p1a: Meowscarada|U-turn|p2a: Pickleball\n|-start|p1a: Meowscarada|typechange|Bug|[from] ability: Protean\n|-resisted|p2a: Pickleball\n|-damage|p2a: Pickleball|87\/100\n|\n|t:|1698455966\n|switch|p1a: Armarouge|Armarouge, M|100\/100|[from] U-turn\n|\n|-weather|SunnyDay|[upkeep]\n|upkeep\n|turn|4\n|\n|t:|1698456030\n|move|p1a: Armarouge|Calm Mind|p1a: Armarouge\n|-boost|p1a: Armarouge|spa|1\n|-boost|p1a: Armarouge|spd|1\n|move|p2a: Pickleball|Stealth Rock|p1a: Armarouge\n|-sidestart|p1: SiG_GM|move: Stealth Rock\n|\n|-weather|SunnyDay|[upkeep]\n|upkeep\n|turn|5\n|\n|t:|1698456074\n|move|p1a: Armarouge|Calm Mind|p1a: Armarouge\n|-boost|p1a: Armarouge|spa|1\n|-boost|p1a: Armarouge|spd|1\n|move|p2a: Pickleball|Rapid Spin|p1a: Armarouge\n|-damage|p1a: Armarouge|90\/100\n|-boost|p2a: Pickleball|spe|1\n|-ability|p1a: Armarouge|Weak Armor|boost\n|-unboost|p1a: Armarouge|def|1\n|-boost|p1a: Armarouge|spe|2\n|\n|-weather|SunnyDay|[upkeep]\n|upkeep\n|turn|6\n|\n|t:|1698456093\n|move|p1a: Armarouge|Psyshock|p2a: Pickleball\n|-damage|p2a: Pickleball|33\/100\n|move|p2a: Pickleball|Rapid Spin|p1a: Armarouge\n|-damage|p1a: Armarouge|76\/100\n|-boost|p2a: Pickleball|spe|1\n|-ability|p1a: Armarouge|Weak Armor|boost\n|-unboost|p1a: Armarouge|def|1\n|-boost|p1a: Armarouge|spe|2\n|\n|-weather|SunnyDay|[upkeep]\n|upkeep\n|turn|7\n|\n|t:|1698456122\n|switch|p2a: gg 2ez|Scovillain, F|100\/100\n|move|p1a: Armarouge|Psyshock|p2a: gg 2ez\n|-damage|p2a: gg 2ez|0 fnt\n|faint|p2a: gg 2ez\n|\n|-weather|SunnyDay|[upkeep]\n|upkeep\n|\n|t:|1698456129\n|switch|p2a: Dylan|Ceruledge, M|100\/100\n|turn|8\n|\n|t:|1698456145\n|move|p2a: Dylan|Shadow Sneak|p1a: Armarouge\n|-supereffective|p1a: Armarouge\n|-damage|p1a: Armarouge|0 fnt\n|faint|p1a: Armarouge\n|\n|-weather|SunnyDay|[upkeep]\n|upkeep\n|\n|t:|1698456160\n|switch|p1a: Empoleon|Empoleon, F|100\/100\n|-damage|p1a: Empoleon|94\/100|[from] Stealth Rock\n|turn|9\n|\n|t:|1698456347\n|move|p2a: Dylan|Close Combat|p1a: Empoleon\n|-supereffective|p1a: Empoleon\n|-damage|p1a: Empoleon|3\/100\n|-unboost|p2a: Dylan|def|1\n|-unboost|p2a: Dylan|spd|1\n|move|p1a: Empoleon|Surf|p2a: Dylan\n|-supereffective|p2a: Dylan\n|-damage|p2a: Dylan|32\/100\n|\n|-weather|SunnyDay|[upkeep]\n|-heal|p1a: Empoleon|10\/100|[from] item: Leftovers\n|upkeep\n|turn|10\n|\n|t:|1698456400\n|switch|p1a: Gengar|Gengar, F|100\/100\n|-damage|p1a: Gengar|88\/100|[from] Stealth Rock\n|-item|p1a: Gengar|Air Balloon\n|move|p2a: Dylan|Close Combat|p1a: Gengar\n|-immune|p1a: Gengar\n|\n|-weather|none\n|upkeep\n|turn|11\n|\n|t:|1698456443\n|move|p1a: Gengar|Protect|p1a: Gengar\n|-singleturn|p1a: Gengar|Protect\n|move|p2a: Dylan|Shadow Sneak|p1a: Gengar\n|-activate|p1a: Gengar|move: Protect\n|\n|upkeep\n|turn|12\n|\n|t:|1698456460\n|move|p2a: Dylan|Shadow Sneak|p1a: Gengar\n|-supereffective|p1a: Gengar\n|-damage|p1a: Gengar|20\/100\n|-enditem|p1a: Gengar|Air Balloon\n|move|p1a: Gengar|Sludge Bomb|p2a: Dylan\n|-resisted|p2a: Dylan\n|-damage|p2a: Dylan|0 fnt\n|faint|p2a: Dylan\n|\n|upkeep\n|\n|t:|1698456577\n|switch|p2a: what that mouth do|Walking Wake|100\/100\n|turn|13\n|\n|t:|1698456599\n|move|p1a: Gengar|Sludge Bomb|p2a: what that mouth do\n|-damage|p2a: what that mouth do|58\/100\n|move|p2a: what that mouth do|Substitute|p2a: what that mouth do\n|-start|p2a: what that mouth do|Substitute\n|-damage|p2a: what that mouth do|33\/100\n|\n|-heal|p2a: what that mouth do|39\/100|[from] item: Leftovers\n|upkeep\n|turn|14\n|\n|t:|1698456615\n|move|p1a: Gengar|Sludge Bomb|p2a: what that mouth do\n|-end|p2a: what that mouth do|Substitute\n|move|p2a: what that mouth do|Dragon Pulse|p1a: Gengar\n|-damage|p1a: Gengar|0 fnt\n|faint|p1a: Gengar\n|\n|-heal|p2a: what that mouth do|46\/100|[from] item: Leftovers\n|upkeep\n|\n|t:|1698456661\n|switch|p1a: Iron Hands|Iron Hands|100\/100\n|-damage|p1a: Iron Hands|94\/100|[from] Stealth Rock\n|-enditem|p1a: Iron Hands|Booster Energy\n|-activate|p1a: Iron Hands|ability: Quark Drive|[fromitem]\n|-start|p1a: Iron Hands|quarkdriveatk\n|turn|15\n|\n|t:|1698456678\n|-end|p2a: what that mouth do|Protosynthesis|[silent]\n|switch|p2a: Pickleball|Torkoal, M|33\/100\n|-weather|SunnyDay|[from] ability: Drought|[of] p2a: Pickleball\n|move|p1a: Iron Hands|Thunder Punch|p2a: Pickleball\n|-damage|p2a: Pickleball|0 fnt\n|faint|p2a: Pickleball\n|\n|-weather|SunnyDay|[upkeep]\n|upkeep\n|j| kayjulers\n|\n|t:|1698456764\n|switch|p2a: Mushroom head|Brute Bonnet|100\/100\n|-activate|p2a: Mushroom head|ability: Protosynthesis\n|-start|p2a: Mushroom head|protosynthesisatk\n|turn|16\n|\n|t:|1698456772\n|move|p2a: Mushroom head|Bullet Seed|p1a: Iron Hands\n|-damage|p1a: Iron Hands|82\/100\n|-damage|p1a: Iron Hands|71\/100\n|-damage|p1a: Iron Hands|59\/100\n|-damage|p1a: Iron Hands|48\/100\n|-damage|p1a: Iron Hands|36\/100\n|-hitcount|p1a: Iron Hands|5\n|move|p1a: Iron Hands|Drain Punch|p2a: Mushroom head\n|-supereffective|p2a: Mushroom head\n|-damage|p2a: Mushroom head|0 fnt\n|-heal|p1a: Iron Hands|75\/100|[from] drain|[of] p2a: Mushroom head\n|faint|p2a: Mushroom head\n|-end|p2a: Mushroom head|Protosynthesis|[silent]\n|\n|-weather|SunnyDay|[upkeep]\n|upkeep\n|\n|t:|1698456838\n|switch|p2a: what that mouth do|Walking Wake|46\/100\n|-activate|p2a: what that mouth do|ability: Protosynthesis\n|-start|p2a: what that mouth do|protosynthesisspe\n|turn|17\n|\n|t:|1698456848\n|move|p2a: what that mouth do|Hydro Steam|p1a: Iron Hands\n|-damage|p1a: Iron Hands|24\/100\n|move|p1a: Iron Hands|Thunder Punch|p2a: what that mouth do\n|-damage|p2a: what that mouth do|0 fnt\n|faint|p2a: what that mouth do\n|-end|p2a: what that mouth do|Protosynthesis|[silent]\n|\n|-weather|SunnyDay|[upkeep]\n|upkeep\n|\n|t:|1698456855\n|switch|p2a: Purple Pikmin|Slither Wing|35\/100\n|-activate|p2a: Purple Pikmin|ability: Protosynthesis\n|-start|p2a: Purple Pikmin|protosynthesisatk\n|turn|18\n|c|\u2606ShwyGuy|gg\n|\n|t:|1698456874\n|move|p2a: Purple Pikmin|First Impression|p1a: Iron Hands\n|-resisted|p1a: Iron Hands\n|-damage|p1a: Iron Hands|4\/100\n|move|p1a: Iron Hands|Thunder Punch|p2a: Purple Pikmin\n|-damage|p2a: Purple Pikmin|0 fnt\n|faint|p2a: Purple Pikmin\n|-end|p2a: Purple Pikmin|Protosynthesis|[silent]\n|\n|win|SiG_GM\n|l|\u2606ShwyGuy\n|c|\u2606SiG_GM|Gg\n|l| kayjulers\n|j| kayjulers\n","uploadtime":1698456913,"views":26,"p1id":"siggm","p2id":"shwyguy","formatid":"gen9ubers","rating":0,"private":0,"password":""}