{"id":"gen9ubers-1990105757","p1":"Jordevio","p2":"Rustry101","format":"[Gen 9] Ubers","log":"|j|\u2606Jordevio\n|j|\u2606Rustry101\n|t:|1699925126\n|gametype|singles\n|player|p1|Jordevio|gladion|1045\n|player|p2|Rustry101|102|1137\n|teamsize|p1|6\n|teamsize|p2|6\n|gen|9\n|tier|[Gen 9] Ubers\n|rated|\n|rule|Sleep Clause Mod: Limit one foe put to sleep\n|rule|Species Clause: Limit one of each Pok\u00e9mon\n|rule|OHKO Clause: OHKO moves are banned\n|rule|Evasion Items Clause: Evasion items are banned\n|rule|Evasion Moves Clause: Evasion moves are banned\n|rule|Endless Battle Clause: Forcing endless battles is banned\n|rule|HP Percentage Mod: HP is shown in percentages\n|clearpoke\n|poke|p1|Dialga-Origin|\n|poke|p1|Palkia-Origin|\n|poke|p1|Giratina-Origin|\n|poke|p1|Arceus|\n|poke|p1|Groudon|\n|poke|p1|Eternatus|\n|poke|p2|Dialga-Origin|\n|poke|p2|Palkia-Origin|\n|poke|p2|Giratina-Origin|\n|poke|p2|Arceus|\n|poke|p2|Groudon|\n|poke|p2|Eternatus|\n|teampreview\n|c|\u2606Jordevio|lmao\n|c|\u2606Rustry101|bruh\n|\n|t:|1699925143\n|start\n|switch|p1a: Groudon|Groudon|100\/100\n|switch|p2a: Palkia|Palkia-Origin|100\/100\n|-ability|p2a: Palkia|Pressure\n|-weather|SunnyDay|[from] ability: Drought|[of] p1a: Groudon\n|turn|1\n|\n|t:|1699925151\n|move|p2a: Palkia|Hydro Pump|p1a: Groudon\n|-supereffective|p1a: Groudon\n|-damage|p1a: Groudon|52\/100\n|move|p1a: Groudon|Will-O-Wisp|p2a: Palkia\n|-status|p2a: Palkia|brn\n|\n|-weather|SunnyDay|[upkeep]\n|-heal|p1a: Groudon|58\/100|[from] item: Leftovers\n|-damage|p2a: Palkia|94\/100 brn|[from] brn\n|upkeep\n|turn|2\n|\n|t:|1699925160\n|move|p1a: Groudon|Protect|p1a: Groudon\n|-singleturn|p1a: Groudon|Protect\n|move|p2a: Palkia|Spacial Rend|p1a: Groudon\n|-activate|p1a: Groudon|move: Protect\n|\n|-weather|SunnyDay|[upkeep]\n|-heal|p1a: Groudon|65\/100|[from] item: Leftovers\n|-damage|p2a: Palkia|88\/100 brn|[from] brn\n|upkeep\n|turn|3\n|inactive|Battle timer is ON: inactive players will automatically lose when time's up. (requested by Rustry101)\n|\n|t:|1699925169\n|move|p2a: Palkia|Spacial Rend|p1a: Groudon\n|-damage|p1a: Groudon|20\/100\n|move|p1a: Groudon|Spikes|p2a: Palkia\n|-sidestart|p2: Rustry101|Spikes\n|\n|-weather|SunnyDay|[upkeep]\n|-heal|p1a: Groudon|27\/100|[from] item: Leftovers\n|-damage|p2a: Palkia|82\/100 brn|[from] brn\n|upkeep\n|turn|4\n|\n|t:|1699925177\n|switch|p2a: Groudon|Groudon|100\/100\n|-damage|p2a: Groudon|88\/100|[from] Spikes\n|move|p1a: Groudon|Protect||[still]\n|-fail|p1a: Groudon\n|\n|-weather|SunnyDay|[upkeep]\n|-heal|p1a: Groudon|33\/100|[from] item: Leftovers\n|-heal|p2a: Groudon|94\/100|[from] item: Leftovers\n|upkeep\n|turn|5\n|\n|t:|1699925182\n|move|p1a: Groudon|Will-O-Wisp|p2a: Groudon\n|-status|p2a: Groudon|brn\n|move|p2a: Groudon|Spikes|p1a: Groudon\n|-sidestart|p1: Jordevio|Spikes\n|\n|-weather|none\n|-heal|p1a: Groudon|39\/100|[from] item: Leftovers\n|-heal|p2a: Groudon|100\/100 brn|[from] item: Leftovers\n|-damage|p2a: Groudon|94\/100 brn|[from] brn\n|upkeep\n|turn|6\n|\n|t:|1699925191\n|move|p2a: Groudon|Protect|p2a: Groudon\n|-singleturn|p2a: Groudon|Protect\n|move|p1a: Groudon|Spikes|p2a: Groudon\n|-sidestart|p2: Rustry101|Spikes\n|\n|-heal|p2a: Groudon|100\/100 brn|[from] item: Leftovers\n|-heal|p1a: Groudon|45\/100|[from] item: Leftovers\n|-damage|p2a: Groudon|94\/100 brn|[from] brn\n|upkeep\n|turn|7\n|\n|t:|1699925195\n|move|p1a: Groudon|Spikes|p2a: Groudon\n|-sidestart|p2: Rustry101|Spikes\n|move|p2a: Groudon|Precipice Blades|p1a: Groudon\n|-damage|p1a: Groudon|27\/100\n|\n|-heal|p2a: Groudon|100\/100 brn|[from] item: Leftovers\n|-heal|p1a: Groudon|34\/100|[from] item: Leftovers\n|-damage|p2a: Groudon|94\/100 brn|[from] brn\n|upkeep\n|turn|8\n|-message|Rustry101 forfeited.\n|\n|win|Jordevio\n|raw|Jordevio's rating: 1045 &rarr; <strong>1087<\/strong><br \/>(+42 for winning)\n|raw|Rustry101's rating: 1137 &rarr; <strong>1106<\/strong><br \/>(-31 for losing)\n|l|\u2606Rustry101\n","uploadtime":1699925207,"views":7,"p1id":"jordevio","p2id":"rustry101","formatid":"gen9ubers","rating":1087,"private":0,"password":""}