{"id":"gen9ubers-1967927270","p1":"tonyzs","p2":"uuuuuuhh","format":"[Gen 9] Ubers","log":"|j|\u2606tonyzs\n|j|\u2606uuuuuuhh\n|t:|1697359994\n|gametype|singles\n|player|p1|tonyzs|caitlin|1040\n|player|p2|uuuuuuhh|102|1044\n|teamsize|p1|6\n|teamsize|p2|6\n|gen|9\n|tier|[Gen 9] Ubers\n|rated|\n|rule|Sleep Clause Mod: Limit one foe put to sleep\n|rule|Species Clause: Limit one of each Pok\u00e9mon\n|rule|OHKO Clause: OHKO moves are banned\n|rule|Evasion Items Clause: Evasion items are banned\n|rule|Evasion Moves Clause: Evasion moves are banned\n|rule|Endless Battle Clause: Forcing endless battles is banned\n|rule|HP Percentage Mod: HP is shown in percentages\n|clearpoke\n|poke|p1|Gliscor, M|\n|poke|p1|Flutter Mane|\n|poke|p1|Ogerpon-Hearthflame, F|\n|poke|p1|Garganacl, M|\n|poke|p1|Volcarona, M|\n|poke|p1|Urshifu-*, M|\n|poke|p2|Glimmora, F|\n|poke|p2|Munkidori, M|\n|poke|p2|Fezandipiti, M|\n|poke|p2|Okidogi, M|\n|poke|p2|Toxapex, F|\n|poke|p2|Amoonguss, F|\n|teampreview\n|\n|t:|1697360008\n|start\n|switch|p1a: Volcarona|Volcarona, M|100\/100\n|switch|p2a: Glimmora|Glimmora, F|100\/100\n|turn|1\n|\n|t:|1697360020\n|-terastallize|p2a: Glimmora|Flying\n|move|p1a: Volcarona|Fiery Dance|p2a: Glimmora\n|-damage|p2a: Glimmora|69\/100\n|-boost|p1a: Volcarona|spa|1\n|move|p2a: Glimmora|Acid Spray|p1a: Volcarona\n|-damage|p1a: Volcarona|89\/100\n|-unboost|p1a: Volcarona|spd|2\n|\n|upkeep\n|turn|2\n|\n|t:|1697360038\n|move|p1a: Volcarona|Fire Blast|p2a: Glimmora\n|-damage|p2a: Glimmora|3\/100\n|move|p2a: Glimmora|Earth Power|p1a: Volcarona\n|-damage|p1a: Volcarona|51\/100\n|\n|upkeep\n|turn|3\n|\n|t:|1697360047\n|move|p1a: Volcarona|Fiery Dance|p2a: Glimmora\n|-damage|p2a: Glimmora|0 fnt\n|-boost|p1a: Volcarona|spa|1\n|faint|p2a: Glimmora\n|\n|upkeep\n|\n|t:|1697360054\n|switch|p2a: Munkidori|Munkidori, M|100\/100\n|turn|4\n|\n|t:|1697360059\n|move|p1a: Volcarona|Fire Blast|p2a: Munkidori\n|-damage|p2a: Munkidori|0 fnt\n|faint|p2a: Munkidori\n|\n|upkeep\n|\n|t:|1697360074\n|switch|p2a: Amoonguss|Amoonguss, F|100\/100\n|turn|5\n|\n|t:|1697360079\n|move|p1a: Volcarona|Flamethrower|p2a: Amoonguss\n|-supereffective|p2a: Amoonguss\n|-damage|p2a: Amoonguss|0 fnt\n|faint|p2a: Amoonguss\n|\n|upkeep\n|\n|t:|1697360086\n|switch|p2a: Fezandipiti|Fezandipiti, M|100\/100\n|turn|6\n|\n|t:|1697360091\n|move|p1a: Volcarona|Fiery Dance|p2a: Fezandipiti\n|-damage|p2a: Fezandipiti|14\/100\n|-boost|p1a: Volcarona|spa|1\n|move|p2a: Fezandipiti|Air Cutter|p1a: Volcarona\n|-supereffective|p1a: Volcarona\n|-crit|p1a: Volcarona\n|-damage|p1a: Volcarona|0 fnt\n|faint|p1a: Volcarona\n|\n|upkeep\n|\n|t:|1697360103\n|switch|p1a: Flutter Mane|Flutter Mane|100\/100\n|-enditem|p1a: Flutter Mane|Booster Energy\n|-activate|p1a: Flutter Mane|ability: Protosynthesis|[fromitem]\n|-start|p1a: Flutter Mane|protosynthesisspa\n|turn|7\n|\n|t:|1697360114\n|move|p1a: Flutter Mane|Moonblast|p2a: Fezandipiti\n|-resisted|p2a: Fezandipiti\n|-damage|p2a: Fezandipiti|0 fnt\n|faint|p2a: Fezandipiti\n|\n|upkeep\n|\n|t:|1697360125\n|switch|p2a: Okidogi|Okidogi, M|100\/100\n|turn|8\n|\n|t:|1697360130\n|move|p1a: Flutter Mane|Shadow Ball|p2a: Okidogi\n|-damage|p2a: Okidogi|60\/100\n|move|p2a: Okidogi|Thunder Punch|p1a: Flutter Mane\n|-damage|p1a: Flutter Mane|64\/100\n|\n|upkeep\n|turn|9\n|inactive|Battle timer is ON: inactive players will automatically lose when time's up. (requested by tonyzs)\n|\n|t:|1697360142\n|move|p1a: Flutter Mane|Shadow Ball|p2a: Okidogi\n|-damage|p2a: Okidogi|20\/100\n|-unboost|p2a: Okidogi|spd|1\n|move|p2a: Okidogi|Thunder Punch|p1a: Flutter Mane\n|-damage|p1a: Flutter Mane|27\/100\n|-status|p1a: Flutter Mane|tox|[from] ability: Toxic Chain|[of] p2a: Okidogi\n|\n|-damage|p1a: Flutter Mane|21\/100 tox|[from] psn\n|upkeep\n|turn|10\n|\n|t:|1697360155\n|move|p1a: Flutter Mane|Shadow Ball|p2a: Okidogi\n|-damage|p2a: Okidogi|0 fnt\n|faint|p2a: Okidogi\n|\n|-damage|p1a: Flutter Mane|9\/100 tox|[from] psn\n|upkeep\n|\n|t:|1697360163\n|switch|p2a: Toxapex|Toxapex, F|100\/100\n|turn|11\n|\n|t:|1697360170\n|move|p2a: Toxapex|Baneful Bunker|p2a: Toxapex\n|-singleturn|p2a: Toxapex|move: Protect\n|move|p1a: Flutter Mane|Pain Split|p2a: Toxapex\n|-activate|p2a: Toxapex|move: Protect\n|\n|-damage|p1a: Flutter Mane|0 fnt|[from] psn\n|faint|p1a: Flutter Mane\n|-end|p1a: Flutter Mane|Protosynthesis|[silent]\n|upkeep\n|\n|t:|1697360187\n|switch|p1a: Gliscor|Gliscor, M, shiny|100\/100\n|turn|12\n|\n|t:|1697360195\n|move|p1a: Gliscor|Earthquake|p2a: Toxapex\n|-supereffective|p2a: Toxapex\n|-damage|p2a: Toxapex|47\/100\n|move|p2a: Toxapex|Hex|p1a: Gliscor\n|-damage|p1a: Gliscor|89\/100\n|\n|-status|p1a: Gliscor|tox|[from] item: Toxic Orb\n|upkeep\n|turn|13\n|\n|t:|1697360205\n|move|p1a: Gliscor|Earthquake|p2a: Toxapex\n|-supereffective|p2a: Toxapex\n|-damage|p2a: Toxapex|0 fnt\n|faint|p2a: Toxapex\n|\n|win|tonyzs\n|raw|tonyzs's rating: 1040 &rarr; <strong>1074<\/strong><br \/>(+34 for winning)\n|raw|uuuuuuhh's rating: 1044 &rarr; <strong>1027<\/strong><br \/>(-17 for losing)\n","uploadtime":1697360213,"views":13,"p1id":"tonyzs","p2id":"uuuuuuhh","formatid":"gen9ubers","rating":1027,"private":0,"password":""}