{"id":"gen9ubers-1968806625","p1":"AlicieLizzie","p2":"Skythegastrodon","format":"[Gen 9] Ubers","log":"|j|\u2606AlicieLizzie\n|j|\u2606Skythegastrodon\n|t:|1697466401\n|gametype|singles\n|player|p1|AlicieLizzie|marnie-masters3|\n|player|p2|Skythegastrodon|kieran|\n|teamsize|p1|6\n|teamsize|p2|6\n|gen|9\n|tier|[Gen 9] Ubers\n|rule|Sleep Clause Mod: Limit one foe put to sleep\n|rule|Species Clause: Limit one of each Pok\u00e9mon\n|rule|OHKO Clause: OHKO moves are banned\n|rule|Evasion Items Clause: Evasion items are banned\n|rule|Evasion Moves Clause: Evasion moves are banned\n|rule|Endless Battle Clause: Forcing endless battles is banned\n|rule|HP Percentage Mod: HP is shown in percentages\n|clearpoke\n|poke|p1|Garchomp, F|\n|poke|p1|Zacian-*|\n|poke|p1|Cyclizar, M|\n|poke|p1|Kommo-o, F|\n|poke|p1|Magearna|\n|poke|p1|Arceus-Poison|\n|poke|p2|Cutiefly, M|\n|poke|p2|Ogerpon-Cornerstone, F|\n|poke|p2|Masquerain, M|\n|poke|p2|Arceus-Dark|\n|poke|p2|Mew|\n|poke|p2|Giratina|\n|teampreview\n|c|\u2606Skythegastrodon|glhf\n|c|\u2606AlicieLizzie|cutiefly is wild\n|c|\u2606AlicieLizzie|based\n|\n|t:|1697466419\n|start\n|switch|p1a: Cyclizar|Cyclizar, M|100\/100\n|switch|p2a: Cutiefly|Cutiefly, M|100\/100\n|turn|1\n|c|\u2606Skythegastrodon|Thought it would something interesting to try\n|\n|t:|1697466433\n|move|p1a: Cyclizar|Shed Tail|p1a: Cyclizar\n|-start|p1a: Cyclizar|Substitute|[from] move: Shed Tail\n|-damage|p1a: Cyclizar|50\/100\n|\n|t:|1697466443\n|switch|p1a: Arceus|Arceus-Poison|100\/100|[from] Shed Tail\n|move|p2a: Cutiefly|Moonblast|p1a: Arceus\n|-resisted|p1a: Arceus\n|-activate|p1a: Arceus|move: Substitute|[damage]\n|\n|upkeep\n|turn|2\n|\n|t:|1697466452\n|move|p1a: Arceus|Dragon Dance|p1a: Arceus\n|-boost|p1a: Arceus|atk|1\n|-boost|p1a: Arceus|spe|1\n|move|p2a: Cutiefly|Sticky Web|p1a: Arceus\n|-sidestart|p1: AlicieLizzie|move: Sticky Web\n|\n|upkeep\n|turn|3\n|\n|t:|1697466455\n|move|p1a: Arceus|Dragon Dance|p1a: Arceus\n|-boost|p1a: Arceus|atk|1\n|-boost|p1a: Arceus|spe|1\n|move|p2a: Cutiefly|Tailwind|p2a: Cutiefly\n|-sidestart|p2: Skythegastrodon|move: Tailwind\n|\n|upkeep\n|turn|4\n|\n|t:|1697466459\n|move|p1a: Arceus|Dragon Dance|p1a: Arceus\n|-boost|p1a: Arceus|atk|1\n|-boost|p1a: Arceus|spe|1\n|move|p2a: Cutiefly|Bug Buzz|p1a: Arceus\n|-resisted|p1a: Arceus\n|-damage|p1a: Arceus|93\/100\n|\n|upkeep\n|turn|5\n|\n|t:|1697466468\n|switch|p2a: Arceus|Arceus-Dark|100\/100\n|move|p1a: Arceus|Dragon Dance|p1a: Arceus\n|-boost|p1a: Arceus|atk|1\n|-boost|p1a: Arceus|spe|1\n|\n|upkeep\n|turn|6\n|\n|t:|1697466477\n|-terastallize|p2a: Arceus|Poison\n|move|p1a: Arceus|Gunk Shot|p2a: Arceus\n|-resisted|p2a: Arceus\n|-damage|p2a: Arceus|25\/100\n|move|p2a: Arceus|Judgment|p1a: Arceus\n|-end|p1a: Arceus|Substitute\n|\n|-sideend|p2: Skythegastrodon|move: Tailwind\n|upkeep\n|turn|7\n|\n|t:|1697466482\n|move|p1a: Arceus|Earthquake|p2a: Arceus\n|-supereffective|p2a: Arceus\n|-damage|p2a: Arceus|0 fnt\n|faint|p2a: Arceus\n|\n|upkeep\n|\n|t:|1697466486\n|switch|p2a: Giratina|Giratina|100\/100\n|-ability|p2a: Giratina|Pressure\n|turn|8\n|\n|t:|1697466489\n|move|p1a: Arceus|Gunk Shot|p2a: Giratina|[miss]\n|-miss|p1a: Arceus|p2a: Giratina\n|move|p2a: Giratina|Will-O-Wisp|p1a: Arceus\n|-status|p1a: Arceus|brn\n|\n|-damage|p1a: Arceus|87\/100 brn|[from] brn\n|upkeep\n|turn|9\n|\n|t:|1697466496\n|move|p1a: Arceus|Gunk Shot|p2a: Giratina|[miss]\n|-miss|p1a: Arceus|p2a: Giratina\n|move|p2a: Giratina|Poltergeist|p1a: Arceus\n|-activate|p1a: Arceus|move: Poltergeist|Toxic Plate\n|-crit|p1a: Arceus\n|-damage|p1a: Arceus|44\/100 brn\n|\n|-damage|p1a: Arceus|38\/100 brn|[from] brn\n|upkeep\n|turn|10\n|\n|t:|1697466504\n|move|p1a: Arceus|Gunk Shot|p2a: Giratina\n|-resisted|p2a: Giratina\n|-damage|p2a: Giratina|66\/100\n|move|p2a: Giratina|Poltergeist|p1a: Arceus\n|-activate|p1a: Arceus|move: Poltergeist|Toxic Plate\n|-damage|p1a: Arceus|6\/100 brn\n|\n|-heal|p2a: Giratina|73\/100|[from] item: Leftovers\n|-damage|p1a: Arceus|0 fnt|[from] brn\n|faint|p1a: Arceus\n|upkeep\n|c|\u2606AlicieLizzie|gunk shot giveth and gunk shot taketh away\n|\n|t:|1697466529\n|switch|p1a: Cyclizar|Cyclizar, M|83\/100\n|-activate|p1a: Cyclizar|move: Sticky Web\n|-unboost|p1a: Cyclizar|spe|1\n|turn|11\n|\n|t:|1697466534\n|move|p1a: Cyclizar|Shed Tail|p1a: Cyclizar\n|-start|p1a: Cyclizar|Substitute|[from] move: Shed Tail\n|-damage|p1a: Cyclizar|33\/100\n|\n|t:|1697466537\n|switch|p1a: Kommo-o|Kommo-o, F|100\/100|[from] Shed Tail\n|-activate|p1a: Kommo-o|move: Sticky Web\n|-unboost|p1a: Kommo-o|spe|1\n|move|p2a: Giratina|Iron Head|p1a: Kommo-o\n|-activate|p1a: Kommo-o|move: Substitute|[damage]\n|\n|-heal|p2a: Giratina|79\/100|[from] item: Leftovers\n|upkeep\n|turn|12\n|\n|t:|1697466545\n|switch|p2a: Masquerain|Masquerain, M|100\/100\n|-ability|p2a: Masquerain|Intimidate|boost\n|-immune|p1a: Kommo-o\n|move|p1a: Kommo-o|Clangorous Soul|p1a: Kommo-o\n|-boost|p1a: Kommo-o|atk|1\n|-boost|p1a: Kommo-o|def|1\n|-boost|p1a: Kommo-o|spa|1\n|-boost|p1a: Kommo-o|spd|1\n|-boost|p1a: Kommo-o|spe|1\n|-damage|p1a: Kommo-o|68\/100\n|-enditem|p1a: Kommo-o|Throat Spray\n|-boost|p1a: Kommo-o|spa|1|[from] item: Throat Spray\n|\n|upkeep\n|turn|13\n|\n|t:|1697466558\n|move|p1a: Kommo-o|Boomburst|p2a: Masquerain\n|-enditem|p2a: Masquerain|Focus Sash\n|-damage|p2a: Masquerain|1\/100\n|move|p2a: Masquerain|Haze|p2a: Masquerain\n|-clearallboost\n|\n|upkeep\n|turn|14\n|\n|t:|1697466564\n|move|p1a: Kommo-o|Clangorous Soul|p1a: Kommo-o\n|-boost|p1a: Kommo-o|atk|1\n|-boost|p1a: Kommo-o|def|1\n|-boost|p1a: Kommo-o|spa|1\n|-boost|p1a: Kommo-o|spd|1\n|-boost|p1a: Kommo-o|spe|1\n|-damage|p1a: Kommo-o|35\/100\n|move|p2a: Masquerain|Bug Buzz|p1a: Kommo-o\n|-immune|p1a: Kommo-o|[from] ability: Soundproof\n|\n|upkeep\n|turn|15\n|\n|t:|1697466568\n|move|p1a: Kommo-o|Boomburst|p2a: Masquerain\n|-damage|p2a: Masquerain|0 fnt\n|faint|p2a: Masquerain\n|\n|upkeep\n|\n|t:|1697466578\n|switch|p2a: Cutiefly|Cutiefly, M|100\/100\n|turn|16\n|\n|t:|1697466583\n|move|p1a: Kommo-o|Boomburst|p2a: Cutiefly\n|-damage|p2a: Cutiefly|4\/100\n|move|p2a: Cutiefly|Tailwind|p2a: Cutiefly\n|-sidestart|p2: Skythegastrodon|move: Tailwind\n|\n|upkeep\n|turn|17\n|\n|t:|1697466588\n|move|p2a: Cutiefly|Moonblast|p1a: Kommo-o\n|-supereffective|p1a: Kommo-o\n|-end|p1a: Kommo-o|Substitute\n|move|p1a: Kommo-o|Boomburst|p2a: Cutiefly\n|-damage|p2a: Cutiefly|0 fnt\n|faint|p2a: Cutiefly\n|\n|upkeep\n|\n|t:|1697466592\n|switch|p2a: Mew|Mew|100\/100\n|turn|18\n|\n|t:|1697466597\n|-terastallize|p1a: Kommo-o|Normal\n|move|p2a: Mew|Psychic|p1a: Kommo-o\n|-damage|p1a: Kommo-o|7\/100\n|move|p1a: Kommo-o|Boomburst|p2a: Mew\n|-damage|p2a: Mew|13\/100\n|\n|upkeep\n|turn|19\n|\n|t:|1697466607\n|switch|p1a: Magearna|Magearna|100\/100\n|-activate|p1a: Magearna|move: Sticky Web\n|-unboost|p1a: Magearna|spe|1\n|move|p2a: Mew|Psychic|p1a: Magearna\n|-resisted|p1a: Magearna\n|-damage|p1a: Magearna|83\/100\n|-unboost|p1a: Magearna|spd|1\n|\n|-heal|p1a: Magearna|89\/100|[from] item: Leftovers\n|-sideend|p2: Skythegastrodon|move: Tailwind\n|upkeep\n|turn|20\n|\n|t:|1697466612\n|move|p2a: Mew|Thunderbolt|p1a: Magearna\n|-damage|p1a: Magearna|57\/100\n|move|p1a: Magearna|Flash Cannon|p2a: Mew\n|-damage|p2a: Mew|0 fnt\n|faint|p2a: Mew\n|-ability|p1a: Magearna|Soul-Heart|boost\n|-boost|p1a: Magearna|spa|1\n|\n|-heal|p1a: Magearna|63\/100|[from] item: Leftovers\n|upkeep\n|\n|t:|1697466622\n|switch|p2a: Giratina|Giratina|79\/100\n|-ability|p2a: Giratina|Pressure\n|turn|21\n|\n|t:|1697466625\n|move|p2a: Giratina|Poltergeist|p1a: Magearna\n|-activate|p1a: Magearna|move: Poltergeist|Leftovers\n|-damage|p1a: Magearna|29\/100\n|move|p1a: Magearna|Fleur Cannon|p2a: Giratina\n|-supereffective|p2a: Giratina\n|-damage|p2a: Giratina|0 fnt\n|-unboost|p1a: Magearna|spa|2\n|faint|p2a: Giratina\n|-ability|p1a: Magearna|Soul-Heart|boost\n|-boost|p1a: Magearna|spa|1\n|\n|-heal|p1a: Magearna|35\/100|[from] item: Leftovers\n|upkeep\n|\n|t:|1697466631\n|switch|p2a: Ogerpon|Ogerpon-Cornerstone, F|100\/100\n|turn|22\n|\n|t:|1697466639\n|move|p2a: Ogerpon|Ivy Cudgel|p1a: Magearna\n|-resisted|p1a: Magearna\n|-damage|p1a: Magearna|12\/100\n|move|p1a: Magearna|Thunder Wave|p2a: Ogerpon\n|-status|p2a: Ogerpon|par\n|\n|-heal|p1a: Magearna|18\/100|[from] item: Leftovers\n|upkeep\n|turn|23\n|\n|t:|1697466645\n|move|p2a: Ogerpon|Ivy Cudgel|p1a: Magearna\n|-resisted|p1a: Magearna\n|-damage|p1a: Magearna|0 fnt\n|faint|p1a: Magearna\n|\n|upkeep\n|\n|t:|1697466653\n|switch|p1a: Zacian|Zacian|100\/100\n|-activate|p1a: Zacian|move: Sticky Web\n|-unboost|p1a: Zacian|spe|1\n|-ability|p1a: Zacian|Intrepid Sword|boost\n|-boost|p1a: Zacian|atk|1\n|turn|24\n|\n|t:|1697466657\n|move|p1a: Zacian|Close Combat|p2a: Ogerpon\n|-supereffective|p2a: Ogerpon\n|-ability|p2a: Ogerpon|Sturdy\n|-damage|p2a: Ogerpon|1\/100 par\n|-unboost|p1a: Zacian|def|1\n|-unboost|p1a: Zacian|spd|1\n|move|p2a: Ogerpon|Ivy Cudgel|p1a: Zacian\n|-damage|p1a: Zacian|14\/100\n|\n|upkeep\n|turn|25\n|c|\u2606AlicieLizzie|gg\n|\n|t:|1697466666\n|move|p1a: Zacian|Close Combat|p2a: Ogerpon\n|-supereffective|p2a: Ogerpon\n|-damage|p2a: Ogerpon|0 fnt\n|-unboost|p1a: Zacian|def|1\n|-unboost|p1a: Zacian|spd|1\n|faint|p2a: Ogerpon\n|\n|win|AlicieLizzie\n","uploadtime":1697466671,"views":29,"p1id":"alicielizzie","p2id":"skythegastrodon","formatid":"gen9ubers","rating":0,"private":0,"password":""}