{"id":"gen9ubers-1988119655","p1":"amblob","p2":"angl3r","format":"[Gen 9] Ubers","log":"|j|\u2606amblob\n|j|\u203dangl3r\n|t:|1699671965\n|gametype|singles\n|player|p1|amblob|ash-sinnoh|\n|player|p2|angl3r|iris-gen5bw2|\n|teamsize|p1|6\n|teamsize|p2|6\n|gen|9\n|tier|[Gen 9] Ubers\n|rule|Sleep Clause Mod: Limit one foe put to sleep\n|rule|Species Clause: Limit one of each Pok\u00e9mon\n|rule|OHKO Clause: OHKO moves are banned\n|rule|Evasion Items Clause: Evasion items are banned\n|rule|Evasion Moves Clause: Evasion moves are banned\n|rule|Endless Battle Clause: Forcing endless battles is banned\n|rule|HP Percentage Mod: HP is shown in percentages\n|clearpoke\n|poke|p1|Greninja-*, M|\n|poke|p1|Blissey, F|\n|poke|p1|Rayquaza|\n|poke|p1|Arceus-Ghost|\n|poke|p1|Gliscor, M|\n|poke|p1|Ninetales-Alola, M|\n|poke|p2|Giratina-Origin|\n|poke|p2|Ninetales-Alola, F|\n|poke|p2|Arceus|\n|poke|p2|Iron Valiant|\n|poke|p2|Groudon|\n|poke|p2|Rayquaza|\n|teampreview\n|\n|t:|1699671988\n|start\n|switch|p1a: Ninetales|Ninetales-Alola, M|100\/100\n|switch|p2a: Ninetales|Ninetales-Alola, F|100\/100\n|-weather|Snow|[from] ability: Snow Warning|[of] p1a: Ninetales\n|turn|1\n|\n|t:|1699671992\n|switch|p2a: Groudon|Groudon|100\/100\n|-weather|SunnyDay|[from] ability: Drought|[of] p2a: Groudon\n|move|p1a: Ninetales|Aurora Veil||[still]\n|-fail|p1a: Ninetales\n|\n|-weather|SunnyDay|[upkeep]\n|upkeep\n|turn|2\n|j| sadgetestteam\n|\n|t:|1699671998\n|switch|p1a: Gliscor|Gliscor, M|100\/100\n|move|p2a: Groudon|Thunder Wave|p1a: Gliscor\n|-immune|p1a: Gliscor\n|\n|-weather|SunnyDay|[upkeep]\n|-status|p1a: Gliscor|tox|[from] item: Toxic Orb\n|upkeep\n|turn|3\n|\n|t:|1699672003\n|move|p1a: Gliscor|Toxic|p2a: Groudon\n|-status|p2a: Groudon|tox\n|move|p2a: Groudon|Stealth Rock|p1a: Gliscor\n|-sidestart|p1: amblob|move: Stealth Rock\n|\n|-weather|SunnyDay|[upkeep]\n|-damage|p1a: Gliscor|94\/100 tox|[from] psn\n|-damage|p2a: Groudon|94\/100 tox|[from] psn\n|upkeep\n|turn|4\n|c|\u2606amblob|wtf\n|c|\u2606amblob|wrong ability\n|c| sadgetestteam|He forgot toxic heal\n|\n|t:|1699672021\n|switch|p2a: Ninetales|Ninetales-Alola, F|100\/100\n|-weather|Snow|[from] ability: Snow Warning|[of] p2a: Ninetales\n|move|p1a: Gliscor|Spikes|p2a: Ninetales\n|-sidestart|p2: angl3r|Spikes\n|\n|-weather|Snow|[upkeep]\n|-damage|p1a: Gliscor|82\/100 tox|[from] psn\n|upkeep\n|turn|5\n|c| sadgetestteam|Lol\n|\n|t:|1699672028\n|switch|p1a: Arceus|Arceus-Ghost|100\/100\n|-damage|p1a: Arceus|88\/100|[from] Stealth Rock\n|move|p2a: Ninetales|Aurora Veil|p2a: Ninetales\n|-sidestart|p2: angl3r|move: Aurora Veil\n|\n|-weather|Snow|[upkeep]\n|upkeep\n|turn|6\n|c| sadgetestteam|Poison heal or whatever\n|\n|t:|1699672035\n|move|p1a: Arceus|Judgment|p2a: Ninetales\n|-damage|p2a: Ninetales|70\/100\n|move|p2a: Ninetales|Encore|p1a: Arceus\n|-start|p1a: Arceus|Encore\n|\n|-weather|Snow|[upkeep]\n|upkeep\n|turn|7\n|\n|t:|1699672038\n|switch|p2a: Arceus|Arceus|100\/100\n|-damage|p2a: Arceus|88\/100|[from] Spikes\n|move|p1a: Arceus|Judgment|p2a: Arceus\n|-immune|p2a: Arceus\n|\n|-weather|Snow|[upkeep]\n|-heal|p2a: Arceus|94\/100|[from] item: Leftovers\n|upkeep\n|turn|8\n|\n|t:|1699672049\n|switch|p1a: Gliscor|Gliscor, M|82\/100 tox\n|-damage|p1a: Gliscor|69\/100 tox|[from] Stealth Rock\n|move|p2a: Arceus|Swords Dance|p2a: Arceus\n|-boost|p2a: Arceus|atk|2\n|\n|-weather|none\n|-heal|p2a: Arceus|99\/100|[from] item: Leftovers\n|-damage|p1a: Gliscor|63\/100 tox|[from] psn\n|upkeep\n|turn|9\n|\n|t:|1699672058\n|-terastallize|p2a: Arceus|Normal\n|move|p2a: Arceus|Extreme Speed|p1a: Gliscor\n|-damage|p1a: Gliscor|9\/100 tox\n|move|p1a: Gliscor|Toxic|p2a: Arceus\n|-status|p2a: Arceus|tox\n|\n|-heal|p2a: Arceus|100\/100 tox|[from] item: Leftovers\n|-damage|p2a: Arceus|94\/100 tox|[from] psn\n|-damage|p1a: Gliscor|0 fnt|[from] psn\n|faint|p1a: Gliscor\n|upkeep\n|c| sadgetestteam|It's ggs guis\n|\n|t:|1699672068\n|switch|p1a: Arceus|Arceus-Ghost|88\/100\n|-damage|p1a: Arceus|76\/100|[from] Stealth Rock\n|turn|10\n|\n|t:|1699672082\n|-terastallize|p1a: Arceus|Steel\n|move|p1a: Arceus|Recover|p1a: Arceus\n|-heal|p1a: Arceus|100\/100\n|move|p2a: Arceus|Shadow Claw|p1a: Arceus\n|-damage|p1a: Arceus|73\/100\n|\n|-heal|p2a: Arceus|100\/100 tox|[from] item: Leftovers\n|-damage|p2a: Arceus|88\/100 tox|[from] psn\n|upkeep\n|turn|11\n|\n|t:|1699672094\n|move|p2a: Arceus|Swords Dance|p2a: Arceus\n|-boost|p2a: Arceus|atk|2\n|move|p1a: Arceus|Calm Mind|p1a: Arceus\n|-boost|p1a: Arceus|spa|1\n|-boost|p1a: Arceus|spd|1\n|\n|-heal|p2a: Arceus|94\/100 tox|[from] item: Leftovers\n|-damage|p2a: Arceus|76\/100 tox|[from] psn\n|upkeep\n|turn|12\n|\n|t:|1699672099\n|move|p2a: Arceus|Extreme Speed|p1a: Arceus\n|-resisted|p1a: Arceus\n|-damage|p1a: Arceus|23\/100\n|move|p1a: Arceus|Recover|p1a: Arceus\n|-heal|p1a: Arceus|73\/100\n|\n|-heal|p2a: Arceus|82\/100 tox|[from] item: Leftovers\n|-damage|p2a: Arceus|58\/100 tox|[from] psn\n|-sideend|p2: angl3r|move: Aurora Veil\n|upkeep\n|turn|13\n|\n|t:|1699672107\n|move|p2a: Arceus|Swords Dance|p2a: Arceus\n|-boost|p2a: Arceus|atk|2\n|move|p1a: Arceus|Recover|p1a: Arceus\n|-heal|p1a: Arceus|100\/100\n|\n|-heal|p2a: Arceus|64\/100 tox|[from] item: Leftovers\n|-damage|p2a: Arceus|34\/100 tox|[from] psn\n|upkeep\n|turn|14\n|\n|t:|1699672112\n|move|p2a: Arceus|Extreme Speed|p1a: Arceus\n|-resisted|p1a: Arceus\n|-damage|p1a: Arceus|32\/100\n|move|p1a: Arceus|Recover|p1a: Arceus\n|-heal|p1a: Arceus|82\/100\n|\n|-heal|p2a: Arceus|40\/100 tox|[from] item: Leftovers\n|-damage|p2a: Arceus|3\/100 tox|[from] psn\n|upkeep\n|turn|15\n|\n|t:|1699672128\n|move|p2a: Arceus|Extreme Speed|p1a: Arceus\n|-resisted|p1a: Arceus\n|-damage|p1a: Arceus|14\/100\n|move|p1a: Arceus|Recover|p1a: Arceus\n|-heal|p1a: Arceus|64\/100\n|\n|-heal|p2a: Arceus|9\/100 tox|[from] item: Leftovers\n|-damage|p2a: Arceus|0 fnt|[from] psn\n|faint|p2a: Arceus\n|upkeep\n|\n|t:|1699672133\n|switch|p2a: Groudon|Groudon|94\/100 tox\n|-damage|p2a: Groudon|82\/100 tox|[from] Spikes\n|-weather|SunnyDay|[from] ability: Drought|[of] p2a: Groudon\n|turn|16\n|c| sadgetestteam|Judgement was better there on turn 13 imo\n|c|\u2606amblob|how\n|c|\u2606amblob|its a normal type\n|c| sadgetestteam|Oh wait\n|\n|t:|1699672163\n|switch|p1a: Ninetales|Ninetales-Alola, M|100\/100\n|-damage|p1a: Ninetales|76\/100|[from] Stealth Rock\n|-weather|Snow|[from] ability: Snow Warning|[of] p1a: Ninetales\n|move|p2a: Groudon|Thunder Wave|p1a: Ninetales|[miss]\n|-miss|p2a: Groudon|p1a: Ninetales\n|\n|-weather|Snow|[upkeep]\n|-heal|p2a: Groudon|88\/100 tox|[from] item: Leftovers\n|-damage|p2a: Groudon|82\/100 tox|[from] psn\n|upkeep\n|turn|17\n|c| sadgetestteam|U ghost i forgor\n|c| sadgetestteam|Lul\n|\n|t:|1699672169\n|switch|p2a: Ninetales|Ninetales-Alola, F|70\/100\n|-damage|p2a: Ninetales|57\/100|[from] Spikes\n|move|p1a: Ninetales|Aurora Veil|p1a: Ninetales\n|-sidestart|p1: amblob|move: Aurora Veil\n|\n|-weather|Snow|[upkeep]\n|upkeep\n|turn|18\n|\n|t:|1699672174\n|move|p2a: Ninetales|Aurora Veil|p2a: Ninetales\n|-sidestart|p2: angl3r|move: Aurora Veil\n|move|p1a: Ninetales|Roar|p2a: Ninetales\n|drag|p2a: Iron Valiant|Iron Valiant|100\/100\n|-damage|p2a: Iron Valiant|88\/100|[from] Spikes\n|-enditem|p2a: Iron Valiant|Booster Energy\n|-activate|p2a: Iron Valiant|ability: Quark Drive|[fromitem]\n|-start|p2a: Iron Valiant|quarkdrivespe\n|\n|-weather|Snow|[upkeep]\n|upkeep\n|turn|19\n|\n|t:|1699672181\n|move|p2a: Iron Valiant|Focus Blast|p1a: Ninetales\n|-damage|p1a: Ninetales|43\/100\n|move|p1a: Ninetales|Roar|p2a: Iron Valiant\n|-end|p2a: Iron Valiant|Quark Drive|[silent]\n|drag|p2a: Groudon|Groudon|82\/100 tox\n|-damage|p2a: Groudon|70\/100 tox|[from] Spikes\n|-weather|SunnyDay|[from] ability: Drought|[of] p2a: Groudon\n|\n|-weather|SunnyDay|[upkeep]\n|-heal|p2a: Groudon|76\/100 tox|[from] item: Leftovers\n|-damage|p2a: Groudon|70\/100 tox|[from] psn\n|upkeep\n|turn|20\n|c| sadgetestteam|Oooo\n|\n|t:|1699672199\n|move|p2a: Groudon|Thunder Wave|p1a: Ninetales\n|-status|p1a: Ninetales|par\n|move|p1a: Ninetales|Roar|p2a: Groudon\n|drag|p2a: Giratina|Giratina-Origin|100\/100\n|\n|-weather|SunnyDay|[upkeep]\n|upkeep\n|turn|21\n|\n|t:|1699672213\n|move|p2a: Giratina|Poltergeist|p1a: Ninetales\n|-activate|p1a: Ninetales|move: Poltergeist|Light Clay\n|-damage|p1a: Ninetales|0 fnt\n|faint|p1a: Ninetales\n|\n|-weather|SunnyDay|[upkeep]\n|upkeep\n|c| sadgetestteam|Wasting screen turns: the game\n|\n|t:|1699672236\n|switch|p1a: Greninja|Greninja, M|100\/100\n|-damage|p1a: Greninja|88\/100|[from] Stealth Rock\n|turn|22\n|c| sadgetestteam|That shiz doing 20\n|\n|t:|1699672252\n|move|p1a: Greninja|U-turn|p2a: Giratina\n|-start|p1a: Greninja|typechange|Bug|[from] ability: Protean\n|-resisted|p2a: Giratina\n|-damage|p2a: Giratina|95\/100\n|\n|t:|1699672257\n|switch|p1a: Blissey|Blissey, F|100\/100|[from] U-turn\n|-damage|p1a: Blissey|88\/100|[from] Stealth Rock\n|move|p2a: Giratina|Will-O-Wisp|p1a: Blissey\n|-status|p1a: Blissey|brn\n|\n|-weather|SunnyDay|[upkeep]\n|-heal|p1a: Blissey|94\/100 brn|[from] item: Leftovers\n|-damage|p1a: Blissey|88\/100 brn|[from] brn\n|upkeep\n|turn|23\n|\n|t:|1699672271\n|switch|p2a: Ninetales|Ninetales-Alola, F|57\/100\n|-damage|p2a: Ninetales|45\/100|[from] Spikes\n|-weather|Snow|[from] ability: Snow Warning|[of] p2a: Ninetales\n|move|p1a: Blissey|Thunder Wave|p2a: Ninetales\n|-status|p2a: Ninetales|par\n|\n|-weather|Snow|[upkeep]\n|-heal|p1a: Blissey|94\/100 brn|[from] item: Leftovers\n|-damage|p1a: Blissey|88\/100 brn|[from] brn\n|upkeep\n|turn|24\n|\n|t:|1699672277\n|cant|p2a: Ninetales|par\n|move|p1a: Blissey|Seismic Toss|p2a: Ninetales\n|-damage|p2a: Ninetales|16\/100 par\n|\n|-weather|Snow|[upkeep]\n|-heal|p1a: Blissey|94\/100 brn|[from] item: Leftovers\n|-damage|p1a: Blissey|88\/100 brn|[from] brn\n|-sideend|p1: amblob|move: Aurora Veil\n|upkeep\n|turn|25\n|\n|t:|1699672291\n|switch|p2a: Giratina|Giratina-Origin|95\/100\n|move|p1a: Blissey|Seismic Toss|p2a: Giratina\n|-immune|p2a: Giratina\n|\n|-weather|Snow|[upkeep]\n|-heal|p1a: Blissey|94\/100 brn|[from] item: Leftovers\n|-damage|p1a: Blissey|88\/100 brn|[from] brn\n|-sideend|p2: angl3r|move: Aurora Veil\n|upkeep\n|turn|26\n|\n|t:|1699672295\n|move|p2a: Giratina|Defog|p1a: Blissey\n|-unboost|p1a: Blissey|evasion|1\n|-sideend|p1: amblob|Stealth Rock|[from] move: Defog|[of] p2a: Giratina\n|-sideend|p2: angl3r|Spikes|[from] move: Defog|[of] p2a: Giratina\n|move|p1a: Blissey|Thunder Wave|p2a: Giratina\n|-status|p2a: Giratina|par\n|\n|-weather|Snow|[upkeep]\n|-heal|p1a: Blissey|94\/100 brn|[from] item: Leftovers\n|-damage|p1a: Blissey|88\/100 brn|[from] brn\n|upkeep\n|turn|27\n|\n|t:|1699672305\n|-curestatus|p1a: Blissey|brn|[from] ability: Natural Cure\n|switch|p1a: Greninja|Greninja, M|88\/100\n|move|p2a: Giratina|Will-O-Wisp|p1a: Greninja\n|-status|p1a: Greninja|brn\n|\n|-weather|none\n|-damage|p1a: Greninja|82\/100 brn|[from] brn\n|upkeep\n|turn|28\n|\n|t:|1699672310\n|switch|p2a: Iron Valiant|Iron Valiant|88\/100\n|move|p1a: Greninja|Night Slash|p2a: Iron Valiant\n|-start|p1a: Greninja|typechange|Dark|[from] ability: Protean\n|-resisted|p2a: Iron Valiant\n|-damage|p2a: Iron Valiant|81\/100\n|\n|-damage|p1a: Greninja|76\/100 brn|[from] brn\n|upkeep\n|turn|29\n|\n|t:|1699672317\n|switch|p1a: Blissey|Blissey, F|88\/100\n|move|p2a: Iron Valiant|Calm Mind|p2a: Iron Valiant\n|-boost|p2a: Iron Valiant|spa|1\n|-boost|p2a: Iron Valiant|spd|1\n|\n|-heal|p1a: Blissey|94\/100|[from] item: Leftovers\n|upkeep\n|turn|30\n|\n|t:|1699672322\n|move|p2a: Iron Valiant|Focus Blast|p1a: Blissey|[miss]\n|-miss|p2a: Iron Valiant|p1a: Blissey\n|move|p1a: Blissey|Seismic Toss|p2a: Iron Valiant\n|-damage|p2a: Iron Valiant|47\/100\n|\n|-heal|p1a: Blissey|99\/100|[from] item: Leftovers\n|upkeep\n|turn|31\n|\n|t:|1699672326\n|move|p2a: Iron Valiant|Focus Blast|p1a: Blissey\n|-supereffective|p1a: Blissey\n|-damage|p1a: Blissey|53\/100\n|move|p1a: Blissey|Seismic Toss|p2a: Iron Valiant\n|-damage|p2a: Iron Valiant|12\/100\n|\n|-heal|p1a: Blissey|59\/100|[from] item: Leftovers\n|upkeep\n|turn|32\n|\n|t:|1699672331\n|move|p2a: Iron Valiant|Focus Blast|p1a: Blissey|[miss]\n|-miss|p2a: Iron Valiant|p1a: Blissey\n|move|p1a: Blissey|Seismic Toss|p2a: Iron Valiant\n|-damage|p2a: Iron Valiant|0 fnt\n|faint|p2a: Iron Valiant\n|-end|p2a: Iron Valiant|Quark Drive|[silent]\n|\n|-heal|p1a: Blissey|66\/100|[from] item: Leftovers\n|upkeep\n|c| sadgetestteam|That's why we stan aura sphere\n|\n|t:|1699672335\n|switch|p2a: Rayquaza|Rayquaza|100\/100\n|-ability|p2a: Rayquaza|Air Lock\n|turn|33\n|\n|t:|1699672339\n|switch|p2a: Groudon|Groudon|70\/100 tox\n|-weather|SunnyDay|[from] ability: Drought|[of] p2a: Groudon\n|move|p1a: Blissey|Thunder Wave|p2a: Groudon\n|-immune|p2a: Groudon\n|\n|-weather|SunnyDay|[upkeep]\n|-heal|p2a: Groudon|76\/100 tox|[from] item: Leftovers\n|-heal|p1a: Blissey|72\/100|[from] item: Leftovers\n|-damage|p2a: Groudon|70\/100 tox|[from] psn\n|upkeep\n|turn|34\n|\n|t:|1699672343\n|move|p2a: Groudon|Thunder Wave|p1a: Blissey|[miss]\n|-miss|p2a: Groudon|p1a: Blissey\n|move|p1a: Blissey|Seismic Toss|p2a: Groudon\n|-damage|p2a: Groudon|45\/100 tox\n|\n|-weather|SunnyDay|[upkeep]\n|-heal|p2a: Groudon|51\/100 tox|[from] item: Leftovers\n|-heal|p1a: Blissey|78\/100|[from] item: Leftovers\n|-damage|p2a: Groudon|39\/100 tox|[from] psn\n|upkeep\n|turn|35\n|\n|t:|1699672350\n|move|p2a: Groudon|Stealth Rock|p1a: Blissey\n|-sidestart|p1: amblob|move: Stealth Rock\n|move|p1a: Blissey|Seismic Toss|p2a: Groudon\n|-damage|p2a: Groudon|14\/100 tox\n|\n|-weather|SunnyDay|[upkeep]\n|-heal|p2a: Groudon|20\/100 tox|[from] item: Leftovers\n|-heal|p1a: Blissey|84\/100|[from] item: Leftovers\n|-damage|p2a: Groudon|1\/100 tox|[from] psn\n|upkeep\n|turn|36\n|\n|t:|1699672361\n|move|p2a: Groudon|Thunder Wave|p1a: Blissey\n|-status|p1a: Blissey|par\n|move|p1a: Blissey|Soft-Boiled|p1a: Blissey\n|-heal|p1a: Blissey|100\/100 par\n|\n|-weather|SunnyDay|[upkeep]\n|-heal|p2a: Groudon|8\/100 tox|[from] item: Leftovers\n|-damage|p2a: Groudon|0 fnt|[from] psn\n|faint|p2a: Groudon\n|upkeep\n|c| sadgetestteam|Can u even beat blissey now manatee\n|\n|t:|1699672365\n|switch|p2a: Giratina|Giratina-Origin|95\/100 par\n|turn|37\n|\n|t:|1699672372\n|move|p2a: Giratina|Will-O-Wisp||[still]\n|-fail|p2a: Giratina\n|move|p1a: Blissey|Heal Bell|p1a: Blissey\n|-activate|p1a: Blissey|move: Heal Bell\n|-curestatus|p1a: Blissey|par|[msg]\n|-curestatus|p1: Greninja|brn|[msg]\n|\n|-weather|none\n|upkeep\n|turn|38\n|\n|t:|1699672384\n|move|p1a: Blissey|Seismic Toss|p2a: Giratina\n|-immune|p2a: Giratina\n|move|p2a: Giratina|Will-O-Wisp|p1a: Blissey\n|-status|p1a: Blissey|brn\n|\n|-damage|p1a: Blissey|94\/100 brn|[from] brn\n|upkeep\n|turn|39\n|\n|t:|1699672390\n|move|p1a: Blissey|Heal Bell|p1a: Blissey\n|-activate|p1a: Blissey|move: Heal Bell\n|-curestatus|p1a: Blissey|brn|[msg]\n|cant|p2a: Giratina|par\n|\n|-heal|p1a: Blissey|100\/100|[from] item: Leftovers\n|upkeep\n|turn|40\n|\n|t:|1699672397\n|move|p1a: Blissey|Thunder Wave|p2a: Giratina\n|-fail|p2a: Giratina|par\n|move|p2a: Giratina|Will-O-Wisp|p1a: Blissey\n|-status|p1a: Blissey|brn\n|\n|-damage|p1a: Blissey|94\/100 brn|[from] brn\n|upkeep\n|turn|41\n|\n|t:|1699672405\n|move|p1a: Blissey|Thunder Wave|p2a: Giratina\n|-fail|p2a: Giratina|par\n|move|p2a: Giratina|Will-O-Wisp|p1a: Blissey|[miss]\n|-miss|p2a: Giratina|p1a: Blissey\n|\n|-heal|p1a: Blissey|100\/100 brn|[from] item: Leftovers\n|-damage|p1a: Blissey|94\/100 brn|[from] brn\n|upkeep\n|turn|42\n|\n|t:|1699672410\n|move|p1a: Blissey|Thunder Wave|p2a: Giratina\n|-fail|p2a: Giratina|par\n|move|p2a: Giratina|Will-O-Wisp|p1a: Blissey\n|-fail|p1a: Blissey|brn\n|\n|-heal|p1a: Blissey|100\/100 brn|[from] item: Leftovers\n|-damage|p1a: Blissey|94\/100 brn|[from] brn\n|upkeep\n|turn|43\n|\n|t:|1699672415\n|move|p1a: Blissey|Seismic Toss|p2a: Giratina\n|-immune|p2a: Giratina\n|move|p2a: Giratina|Will-O-Wisp|p1a: Blissey\n|-fail|p1a: Blissey|brn\n|\n|-heal|p1a: Blissey|100\/100 brn|[from] item: Leftovers\n|-damage|p1a: Blissey|94\/100 brn|[from] brn\n|upkeep\n|turn|44\n|\n|t:|1699672422\n|move|p2a: Giratina|Shadow Sneak|p1a: Blissey\n|-immune|p1a: Blissey\n|move|p1a: Blissey|Seismic Toss|p2a: Giratina\n|-immune|p2a: Giratina\n|\n|-heal|p1a: Blissey|100\/100 brn|[from] item: Leftovers\n|-damage|p1a: Blissey|94\/100 brn|[from] brn\n|upkeep\n|turn|45\n|\n|t:|1699672437\n|move|p1a: Blissey|Thunder Wave|p2a: Giratina\n|-fail|p2a: Giratina|par\n|move|p2a: Giratina|Will-O-Wisp|p1a: Blissey\n|-fail|p1a: Blissey|brn\n|\n|-heal|p1a: Blissey|100\/100 brn|[from] item: Leftovers\n|-damage|p1a: Blissey|94\/100 brn|[from] brn\n|upkeep\n|turn|46\n|c| sadgetestteam|Just click dragon tail alr\n|c| sadgetestteam|Oh u sneak\n|\n|t:|1699672445\n|move|p2a: Giratina|Shadow Sneak|p1a: Blissey\n|-immune|p1a: Blissey\n|move|p1a: Blissey|Thunder Wave|p2a: Giratina\n|-fail|p2a: Giratina|par\n|\n|-heal|p1a: Blissey|100\/100 brn|[from] item: Leftovers\n|-damage|p1a: Blissey|94\/100 brn|[from] brn\n|upkeep\n|turn|47\n|\n|t:|1699672453\n|move|p1a: Blissey|Seismic Toss|p2a: Giratina\n|-immune|p2a: Giratina\n|move|p2a: Giratina|Will-O-Wisp|p1a: Blissey\n|-fail|p1a: Blissey|brn\n|\n|-heal|p1a: Blissey|100\/100 brn|[from] item: Leftovers\n|-damage|p1a: Blissey|94\/100 brn|[from] brn\n|upkeep\n|turn|48\n|\n|t:|1699672459\n|cant|p2a: Giratina|par\n|move|p1a: Blissey|Thunder Wave|p2a: Giratina\n|-fail|p2a: Giratina|par\n|\n|-heal|p1a: Blissey|100\/100 brn|[from] item: Leftovers\n|-damage|p1a: Blissey|94\/100 brn|[from] brn\n|upkeep\n|turn|49\n|c| sadgetestteam|U ain't pp stalling this bro\n|\n|t:|1699672469\n|cant|p2a: Giratina|par\n|move|p1a: Blissey|Seismic Toss|p2a: Giratina\n|-immune|p2a: Giratina\n|\n|-heal|p1a: Blissey|100\/100 brn|[from] item: Leftovers\n|-damage|p1a: Blissey|94\/100 brn|[from] brn\n|upkeep\n|turn|50\n|\n|t:|1699672474\n|-curestatus|p1a: Blissey|brn|[from] ability: Natural Cure\n|switch|p1a: Greninja|Greninja, M|76\/100\n|-damage|p1a: Greninja|64\/100|[from] Stealth Rock\n|move|p2a: Giratina|Will-O-Wisp|p1a: Greninja\n|-status|p1a: Greninja|brn\n|\n|-damage|p1a: Greninja|58\/100 brn|[from] brn\n|upkeep\n|turn|51\n|\n|t:|1699672484\n|switch|p1a: Blissey|Blissey, F|94\/100\n|-damage|p1a: Blissey|82\/100|[from] Stealth Rock\n|switch|p2a: Rayquaza|Rayquaza|100\/100\n|-ability|p2a: Rayquaza|Air Lock\n|\n|-heal|p1a: Blissey|88\/100|[from] item: Leftovers\n|upkeep\n|turn|52\n|\n|t:|1699672491\n|move|p2a: Rayquaza|Draco Meteor|p1a: Blissey\n|-damage|p1a: Blissey|59\/100\n|-unboost|p2a: Rayquaza|spa|2\n|move|p1a: Blissey|Thunder Wave|p2a: Rayquaza\n|-status|p2a: Rayquaza|par\n|\n|-heal|p1a: Blissey|65\/100|[from] item: Leftovers\n|upkeep\n|turn|53\n|\n|t:|1699672500\n|cant|p2a: Rayquaza|par\n|move|p1a: Blissey|Heal Bell|p1a: Blissey\n|-activate|p1a: Blissey|move: Heal Bell\n|-curestatus|p1: Greninja|brn|[msg]\n|\n|-heal|p1a: Blissey|71\/100|[from] item: Leftovers\n|upkeep\n|turn|54\n|\n|t:|1699672503\n|switch|p2a: Giratina|Giratina-Origin|95\/100 par\n|move|p1a: Blissey|Soft-Boiled|p1a: Blissey\n|-heal|p1a: Blissey|100\/100\n|\n|upkeep\n|turn|55\n|c| sadgetestteam|My gosh the damage\n|\n|t:|1699672518\n|move|p1a: Blissey|Seismic Toss|p2a: Giratina\n|-immune|p2a: Giratina\n|move|p2a: Giratina|Will-O-Wisp|p1a: Blissey\n|-status|p1a: Blissey|brn\n|\n|-damage|p1a: Blissey|94\/100 brn|[from] brn\n|upkeep\n|turn|56\n|\n|t:|1699672527\n|move|p2a: Giratina|Shadow Sneak|p1a: Blissey\n|-immune|p1a: Blissey\n|move|p1a: Blissey|Soft-Boiled|p1a: Blissey\n|-heal|p1a: Blissey|100\/100 brn\n|\n|-damage|p1a: Blissey|94\/100 brn|[from] brn\n|upkeep\n|turn|57\n|\n|t:|1699672530\n|-curestatus|p1a: Blissey|brn|[from] ability: Natural Cure\n|switch|p1a: Arceus|Arceus-Ghost, tera:Steel|64\/100\n|-damage|p1a: Arceus|58\/100|[from] Stealth Rock\n|move|p2a: Giratina|Will-O-Wisp|p1a: Arceus\n|-status|p1a: Arceus|brn\n|\n|-damage|p1a: Arceus|52\/100 brn|[from] brn\n|upkeep\n|turn|58\n|\n|t:|1699672536\n|move|p1a: Arceus|Recover|p1a: Arceus\n|-heal|p1a: Arceus|100\/100 brn\n|move|p2a: Giratina|Poltergeist|p1a: Arceus\n|-activate|p1a: Arceus|move: Poltergeist|Spooky Plate\n|-damage|p1a: Arceus|53\/100 brn\n|\n|-damage|p1a: Arceus|47\/100 brn|[from] brn\n|upkeep\n|turn|59\n|\n|t:|1699672544\n|move|p1a: Arceus|Ice Beam|p2a: Giratina\n|-supereffective|p2a: Giratina\n|-damage|p2a: Giratina|58\/100 par\n|move|p2a: Giratina|Poltergeist|p1a: Arceus\n|-activate|p1a: Arceus|move: Poltergeist|Spooky Plate\n|-damage|p1a: Arceus|3\/100 brn\n|\n|-damage|p1a: Arceus|0 fnt|[from] brn\n|faint|p1a: Arceus\n|upkeep\n|c| sadgetestteam|Judgement tho\n|\n|t:|1699672559\n|switch|p1a: Rayquaza|Rayquaza|100\/100\n|-damage|p1a: Rayquaza|76\/100|[from] Stealth Rock\n|-ability|p1a: Rayquaza|Air Lock\n|turn|60\n|c| sadgetestteam|Is it steel type now or sm\n|\n|t:|1699672563\n|move|p1a: Rayquaza|Scale Shot|p2a: Giratina\n|-supereffective|p2a: Giratina\n|-damage|p2a: Giratina|42\/100 par\n|-supereffective|p2a: Giratina\n|-damage|p2a: Giratina|28\/100 par\n|-supereffective|p2a: Giratina\n|-damage|p2a: Giratina|11\/100 par\n|-supereffective|p2a: Giratina\n|-damage|p2a: Giratina|0 fnt\n|faint|p2a: Giratina\n|-hitcount|p2: Giratina|4\n|-unboost|p1a: Rayquaza|def|1\n|-boost|p1a: Rayquaza|spe|1\n|\n|upkeep\n|c| sadgetestteam|Idk how arcues works\n|\n|t:|1699672566\n|switch|p2a: Ninetales|Ninetales-Alola, F|16\/100 par\n|-weather|Snow|[from] ability: Snow Warning|[of] p2a: Ninetales\n|turn|61\n|\n|t:|1699672575\n|move|p1a: Rayquaza|Extreme Speed|p2a: Ninetales\n|-damage|p2a: Ninetales|0 fnt\n|faint|p2a: Ninetales\n|\n|-weather|Snow|[upkeep]\n|upkeep\n|c| sadgetestteam|It's joever\n|\n|t:|1699672577\n|switch|p2a: Rayquaza|Rayquaza|100\/100 par\n|-ability|p2a: Rayquaza|Air Lock\n|turn|62\n|\n|t:|1699672581\n|move|p1a: Rayquaza|Scale Shot|p2a: Rayquaza\n|-supereffective|p2a: Rayquaza\n|-damage|p2a: Rayquaza|70\/100 par\n|-supereffective|p2a: Rayquaza\n|-damage|p2a: Rayquaza|41\/100 par\n|-hitcount|p2a: Rayquaza|2\n|-unboost|p1a: Rayquaza|def|1\n|-boost|p1a: Rayquaza|spe|1\n|move|p2a: Rayquaza|Draco Meteor|p1a: Rayquaza\n|-supereffective|p1a: Rayquaza\n|-crit|p1a: Rayquaza\n|-damage|p1a: Rayquaza|0 fnt\n|-unboost|p2a: Rayquaza|spa|2\n|faint|p1a: Rayquaza\n|\n|-weather|Snow|[upkeep]\n|upkeep\n|\n|t:|1699672591\n|switch|p1a: Greninja|Greninja, M|58\/100\n|-damage|p1a: Greninja|46\/100|[from] Stealth Rock\n|turn|63\n|\n|t:|1699672594\n|move|p1a: Greninja|Night Slash|p2a: Rayquaza\n|-start|p1a: Greninja|typechange|Dark|[from] ability: Protean\n|-damage|p2a: Rayquaza|0 fnt\n|faint|p2a: Rayquaza\n|\n|win|amblob\n|c|\u2606amblob|ggs\n|l|\u203dangl3r\n|c|\u2606amblob|hyper cutter gliscor team wins\n|l| sadgetestteam\n","uploadtime":1699672610,"views":5,"p1id":"amblob","p2id":"angl3r","formatid":"gen9ubers","rating":0,"private":0,"password":""}