{"id":"gen9ubers-1990184842","p1":"BlackAceX19","p2":"tpl_bandit","format":"[Gen 9] Ubers","log":"|j|\u2606BlackAceX19\n|j|\u2606tpl_bandit\n|t:|1699934286\n|gametype|singles\n|player|p1|BlackAceX19|wally-masters|\n|player|p2|tpl_bandit|1|\n|teamsize|p1|6\n|teamsize|p2|6\n|gen|9\n|tier|[Gen 9] Ubers\n|rule|Sleep Clause Mod: Limit one foe put to sleep\n|rule|Species Clause: Limit one of each Pok\u00e9mon\n|rule|OHKO Clause: OHKO moves are banned\n|rule|Evasion Items Clause: Evasion items are banned\n|rule|Evasion Moves Clause: Evasion moves are banned\n|rule|Endless Battle Clause: Forcing endless battles is banned\n|rule|HP Percentage Mod: HP is shown in percentages\n|clearpoke\n|poke|p1|Ninetales-Alola, F|\n|poke|p1|Iron Bundle|\n|poke|p1|Amoonguss, F|\n|poke|p1|Tornadus-Therian, M|\n|poke|p1|Kommo-o, M|\n|poke|p1|Infernape, F|\n|poke|p2|Tauros-Paldea-Aqua, M|\n|poke|p2|Ursaluna-Bloodmoon, M|\n|poke|p2|Annihilape, F|\n|poke|p2|Slowking-Galar, M|\n|poke|p2|Milotic, M|\n|poke|p2|Kingambit, F|\n|teampreview\n|\n|t:|1699934317\n|start\n|switch|p1a: Infernape|Infernape, F|100\/100\n|switch|p2a: Ursaluna|Ursaluna-Bloodmoon, M|100\/100\n|turn|1\n|\n|t:|1699934340\n|move|p1a: Infernape|Grass Knot|p2a: Ursaluna\n|-supereffective|p2a: Ursaluna\n|-damage|p2a: Ursaluna|0 fnt\n|faint|p2a: Ursaluna\n|-damage|p1a: Infernape|91\/100|[from] item: Life Orb\n|\n|upkeep\n|\n|t:|1699934350\n|switch|p2a: Slowking|Slowking-Galar, M, shiny|100\/100\n|turn|2\n|\n|t:|1699934360\n|move|p1a: Infernape|Knock Off|p2a: Slowking\n|-supereffective|p2a: Slowking\n|-damage|p2a: Slowking|42\/100\n|-enditem|p2a: Slowking|Assault Vest|[from] move: Knock Off|[of] p1a: Infernape\n|-damage|p1a: Infernape|81\/100|[from] item: Life Orb\n|move|p2a: Slowking|Future Sight|p1a: Infernape\n|-start|p2a: Slowking|move: Future Sight\n|\n|upkeep\n|turn|3\n|\n|t:|1699934370\n|switch|p1a: Tornadus|Tornadus-Therian, M|100\/100\n|switch|p2a: Tauros|Tauros-Paldea-Aqua, M, shiny|100\/100\n|-ability|p2a: Tauros|Intimidate|boost\n|-unboost|p1a: Tornadus|atk|1\n|\n|upkeep\n|turn|4\n|\n|t:|1699934387\n|switch|p2a: Annihilape|Annihilape, F|100\/100\n|move|p1a: Tornadus|U-turn|p2a: Annihilape\n|-resisted|p2a: Annihilape\n|-damage|p2a: Annihilape|98\/100\n|\n|t:|1699934391\n|switch|p1a: Amoonguss|Amoonguss, F|100\/100|[from] U-turn\n|\n|-end|p1a: Amoonguss|move: Future Sight\n|-supereffective|p1a: Amoonguss\n|-damage|p1a: Amoonguss|0 fnt\n|faint|p1a: Amoonguss\n|-heal|p2a: Annihilape|100\/100|[from] item: Leftovers\n|upkeep\n|\n|t:|1699934395\n|switch|p1a: Ninetales|Ninetales-Alola, F|100\/100\n|-weather|Snow|[from] ability: Snow Warning|[of] p1a: Ninetales\n|turn|5\n|\n|t:|1699934405\n|move|p1a: Ninetales|Aurora Veil|p1a: Ninetales\n|-sidestart|p1: BlackAceX19|move: Aurora Veil\n|move|p2a: Annihilape|Bulk Up|p2a: Annihilape\n|-boost|p2a: Annihilape|atk|1\n|-boost|p2a: Annihilape|def|1\n|\n|-weather|Snow|[upkeep]\n|upkeep\n|turn|6\n|\n|t:|1699934419\n|move|p1a: Ninetales|Hypnosis|p2a: Annihilape|[miss]\n|-miss|p1a: Ninetales|p2a: Annihilape\n|move|p2a: Annihilape|Brick Break|p1a: Ninetales\n|-sideend|p1: BlackAceX19|move: Aurora Veil\n|-damage|p1a: Ninetales|58\/100\n|\n|-weather|Snow|[upkeep]\n|upkeep\n|turn|7\n|\n|t:|1699934438\n|move|p1a: Ninetales|Hypnosis|p2a: Annihilape\n|-immune|p2a: Annihilape|[from] ability: Vital Spirit\n|move|p2a: Annihilape|Bulk Up|p2a: Annihilape\n|-boost|p2a: Annihilape|atk|1\n|-boost|p2a: Annihilape|def|1\n|\n|-weather|Snow|[upkeep]\n|upkeep\n|turn|8\n|c|\u2606BlackAceX19|Good ability\n|\n|t:|1699934458\n|move|p1a: Ninetales|Moonblast|p2a: Annihilape\n|-supereffective|p2a: Annihilape\n|-damage|p2a: Annihilape|52\/100\n|move|p2a: Annihilape|Brick Break|p1a: Ninetales\n|-damage|p1a: Ninetales|0 fnt\n|faint|p1a: Ninetales\n|\n|-weather|Snow|[upkeep]\n|-heal|p2a: Annihilape|58\/100|[from] item: Leftovers\n|upkeep\n|\n|t:|1699934461\n|switch|p1a: Tornadus|Tornadus-Therian, M|100\/100\n|turn|9\n|\n|t:|1699934481\n|-terastallize|p2a: Annihilape|Water\n|move|p1a: Tornadus|Bleakwind Storm|p2a: Annihilape|[miss]\n|-miss|p1a: Tornadus|p2a: Annihilape\n|move|p2a: Annihilape|Rage Fist|p1a: Tornadus\n|-damage|p1a: Tornadus|0 fnt\n|faint|p1a: Tornadus\n|\n|-weather|none\n|-heal|p2a: Annihilape|64\/100|[from] item: Leftovers\n|upkeep\n|\n|t:|1699934487\n|switch|p1a: Infernape|Infernape, F|81\/100\n|turn|10\n|\n|t:|1699934499\n|switch|p2a: Slowking|Slowking-Galar, M, shiny|76\/100\n|move|p1a: Infernape|Nasty Plot|p1a: Infernape\n|-boost|p1a: Infernape|spa|2\n|\n|upkeep\n|turn|11\n|\n|t:|1699934515\n|move|p1a: Infernape|Grass Knot|p2a: Slowking\n|-resisted|p2a: Slowking\n|-damage|p2a: Slowking|57\/100\n|-damage|p1a: Infernape|71\/100|[from] item: Life Orb\n|move|p2a: Slowking|Future Sight|p1a: Infernape\n|-start|p2a: Slowking|move: Future Sight\n|\n|upkeep\n|turn|12\n|\n|t:|1699934535\n|switch|p2a: Kingambit|Kingambit, F|100\/100\n|-activate|p2a: Kingambit|ability: Supreme Overlord\n|-start|p2a: Kingambit|fallen1|[silent]\n|move|p1a: Infernape|Knock Off|p2a: Kingambit\n|-resisted|p2a: Kingambit\n|-damage|p2a: Kingambit|90\/100\n|-enditem|p2a: Kingambit|Leftovers|[from] move: Knock Off|[of] p1a: Infernape\n|-damage|p1a: Infernape|61\/100|[from] item: Life Orb\n|\n|upkeep\n|turn|13\n|\n|t:|1699934553\n|-end|p2a: Kingambit|fallen1|[silent]\n|switch|p2a: Slowking|Slowking-Galar, M, shiny|90\/100\n|move|p1a: Infernape|Vacuum Wave|p2a: Slowking\n|-resisted|p2a: Slowking\n|-damage|p2a: Slowking|83\/100\n|-damage|p1a: Infernape|51\/100|[from] item: Life Orb\n|\n|-end|p1a: Infernape|move: Future Sight\n|-supereffective|p1a: Infernape\n|-damage|p1a: Infernape|0 fnt\n|faint|p1a: Infernape\n|upkeep\n|\n|t:|1699934556\n|switch|p1a: Hulk|Kommo-o, M|100\/100\n|turn|14\n|\n|t:|1699934574\n|-terastallize|p1a: Hulk|Normal\n|move|p1a: Hulk|Substitute|p1a: Hulk\n|-start|p1a: Hulk|Substitute\n|-damage|p1a: Hulk|76\/100\n|move|p2a: Slowking|Sludge Bomb|p1a: Hulk\n|-end|p1a: Hulk|Substitute\n|\n|upkeep\n|turn|15\n|\n|t:|1699934584\n|move|p1a: Hulk|Clangorous Soul|p1a: Hulk\n|-boost|p1a: Hulk|atk|1\n|-boost|p1a: Hulk|def|1\n|-boost|p1a: Hulk|spa|1\n|-boost|p1a: Hulk|spd|1\n|-boost|p1a: Hulk|spe|1\n|-damage|p1a: Hulk|43\/100\n|move|p2a: Slowking|Sludge Bomb|p1a: Hulk\n|-damage|p1a: Hulk|15\/100\n|\n|upkeep\n|turn|16\n|\n|t:|1699934597\n|switch|p2a: Tauros|Tauros-Paldea-Aqua, M, shiny|100\/100\n|-ability|p2a: Tauros|Intimidate|boost\n|-unboost|p1a: Hulk|atk|1\n|move|p1a: Hulk|Dragon Claw|p2a: Tauros\n|-damage|p2a: Tauros|65\/100\n|\n|upkeep\n|turn|17\n|\n|t:|1699934618\n|move|p1a: Hulk|Drain Punch|p2a: Tauros\n|-damage|p2a: Tauros|31\/100\n|-heal|p1a: Hulk|33\/100|[from] drain|[of] p2a: Tauros\n|move|p2a: Tauros|Body Press|p1a: Hulk\n|-supereffective|p1a: Hulk\n|-damage|p1a: Hulk|0 fnt\n|faint|p1a: Hulk\n|\n|upkeep\n|\n|t:|1699934621\n|switch|p1a: Iron Bundle|Iron Bundle|100\/100\n|-enditem|p1a: Iron Bundle|Booster Energy\n|-activate|p1a: Iron Bundle|ability: Quark Drive|[fromitem]\n|-start|p1a: Iron Bundle|quarkdrivespe\n|turn|18\n|\n|t:|1699934633\n|move|p1a: Iron Bundle|Hydro Pump|p2a: Tauros|[miss]\n|-miss|p1a: Iron Bundle|p2a: Tauros\n|move|p2a: Tauros|Body Press|p1a: Iron Bundle\n|-supereffective|p1a: Iron Bundle\n|-damage|p1a: Iron Bundle|27\/100\n|\n|upkeep\n|turn|19\n|-message|BlackAceX19 forfeited.\n|\n|win|tpl_bandit\n|l|\u2606BlackAceX19\n","uploadtime":1699934650,"views":30,"p1id":"blackacex19","p2id":"tplbandit","formatid":"gen9ubers","rating":0,"private":0,"password":""}