{"id":"gen9ubers-1980926023","p1":"AlicieLizzie","p2":"clorboycoctopus","format":"[Gen 9] Ubers","log":"|j|\u2606AlicieLizzie\n|j|\u2606clorboycoctopus\n|t:|1698849559\n|gametype|singles\n|player|p1|AlicieLizzie|marnie-masters3|\n|player|p2|clorboycoctopus|blackbelt-gen4dp|\n|teamsize|p1|6\n|teamsize|p2|6\n|gen|9\n|tier|[Gen 9] Ubers\n|rule|Sleep Clause Mod: Limit one foe put to sleep\n|rule|Species Clause: Limit one of each Pok\u00e9mon\n|rule|OHKO Clause: OHKO moves are banned\n|rule|Evasion Items Clause: Evasion items are banned\n|rule|Evasion Moves Clause: Evasion moves are banned\n|rule|Endless Battle Clause: Forcing endless battles is banned\n|rule|HP Percentage Mod: HP is shown in percentages\n|clearpoke\n|poke|p1|Baxcalibur, M|\n|poke|p1|Ninetales-Alola, M|\n|poke|p1|Arceus-Ghost|\n|poke|p1|Espathra, F|\n|poke|p1|Kommo-o, F|\n|poke|p1|Cyclizar, M|\n|poke|p2|Ninetales-Alola, M|\n|poke|p2|Espathra, F|\n|poke|p2|Cyclizar, M|\n|poke|p2|Arceus-Ice|\n|poke|p2|Zacian-*|\n|poke|p2|Baxcalibur, F|\n|teampreview\n|inactive|Battle timer is ON: inactive players will automatically lose when time's up. (requested by AlicieLizzie)\n|\n|t:|1698849568\n|start\n|switch|p1a: CycLed Zeppelin|Cyclizar, M|100\/100\n|switch|p2a: Ninetales|Ninetales-Alola, M, shiny|100\/100\n|-weather|Snow|[from] ability: Snow Warning|[of] p2a: Ninetales\n|turn|1\n|\n|t:|1698849576\n|move|p1a: CycLed Zeppelin|Shed Tail|p1a: CycLed Zeppelin\n|-start|p1a: CycLed Zeppelin|Substitute|[from] move: Shed Tail\n|-damage|p1a: CycLed Zeppelin|50\/100\n|\n|t:|1698849578\n|switch|p1a: Nine Inch Tails|Ninetales-Alola, M|100\/100|[from] Shed Tail\n|move|p2a: Ninetales|Draining Kiss|p1a: Nine Inch Tails\n|-activate|p1a: Nine Inch Tails|move: Substitute|[damage]\n|\n|-weather|Snow|[upkeep]\n|upkeep\n|turn|2\n|\n|t:|1698849581\n|move|p1a: Nine Inch Tails|Aurora Veil|p1a: Nine Inch Tails\n|-sidestart|p1: AlicieLizzie|move: Aurora Veil\n|move|p2a: Ninetales|Draining Kiss|p1a: Nine Inch Tails\n|-activate|p1a: Nine Inch Tails|move: Substitute|[damage]\n|\n|-weather|Snow|[upkeep]\n|upkeep\n|turn|3\n|\n|t:|1698849593\n|switch|p1a: Pathwood Mac|Espathra, F|100\/100\n|move|p2a: Ninetales|Draining Kiss|p1a: Pathwood Mac\n|-damage|p1a: Pathwood Mac|89\/100\n|\n|-weather|Snow|[upkeep]\n|-heal|p1a: Pathwood Mac|95\/100|[from] item: Leftovers\n|upkeep\n|turn|4\n|\n|t:|1698849600\n|move|p2a: Ninetales|Aurora Veil|p2a: Ninetales\n|-sidestart|p2: clorboycoctopus|move: Aurora Veil\n|move|p1a: Pathwood Mac|Calm Mind|p1a: Pathwood Mac\n|-boost|p1a: Pathwood Mac|spa|1\n|-boost|p1a: Pathwood Mac|spd|1\n|\n|-weather|Snow|[upkeep]\n|-heal|p1a: Pathwood Mac|100\/100|[from] item: Leftovers\n|-ability|p1a: Pathwood Mac|Speed Boost|boost\n|-boost|p1a: Pathwood Mac|spe|1\n|upkeep\n|turn|5\n|\n|t:|1698849602\n|move|p1a: Pathwood Mac|Calm Mind|p1a: Pathwood Mac\n|-boost|p1a: Pathwood Mac|spa|1\n|-boost|p1a: Pathwood Mac|spd|1\n|move|p2a: Ninetales|Encore|p1a: Pathwood Mac\n|-start|p1a: Pathwood Mac|Encore\n|\n|-weather|none\n|-ability|p1a: Pathwood Mac|Speed Boost|boost\n|-boost|p1a: Pathwood Mac|spe|1\n|upkeep\n|turn|6\n|\n|t:|1698849608\n|move|p1a: Pathwood Mac|Calm Mind|p1a: Pathwood Mac\n|-boost|p1a: Pathwood Mac|spa|1\n|-boost|p1a: Pathwood Mac|spd|1\n|move|p2a: Ninetales|Hypnosis|p1a: Pathwood Mac|[miss]\n|-miss|p2a: Ninetales|p1a: Pathwood Mac\n|\n|-ability|p1a: Pathwood Mac|Speed Boost|boost\n|-boost|p1a: Pathwood Mac|spe|1\n|upkeep\n|turn|7\n|\n|t:|1698849611\n|move|p1a: Pathwood Mac|Calm Mind|p1a: Pathwood Mac\n|-boost|p1a: Pathwood Mac|spa|1\n|-boost|p1a: Pathwood Mac|spd|1\n|move|p2a: Ninetales|Hypnosis|p1a: Pathwood Mac|[miss]\n|-miss|p2a: Ninetales|p1a: Pathwood Mac\n|\n|-ability|p1a: Pathwood Mac|Speed Boost|boost\n|-boost|p1a: Pathwood Mac|spe|1\n|upkeep\n|turn|8\n|\n|t:|1698849614\n|move|p1a: Pathwood Mac|Calm Mind|p1a: Pathwood Mac\n|-boost|p1a: Pathwood Mac|spa|1\n|-boost|p1a: Pathwood Mac|spd|1\n|move|p2a: Ninetales|Hypnosis|p1a: Pathwood Mac\n|-status|p1a: Pathwood Mac|slp|[from] move: Hypnosis\n|\n|-end|p1a: Pathwood Mac|Encore\n|-ability|p1a: Pathwood Mac|Speed Boost|boost\n|-boost|p1a: Pathwood Mac|spe|1\n|upkeep\n|turn|9\n|\n|t:|1698849624\n|switch|p2a: Cyclizar|Cyclizar, M|100\/100\n|cant|p1a: Pathwood Mac|slp\n|\n|-sideend|p1: AlicieLizzie|move: Aurora Veil\n|-ability|p1a: Pathwood Mac|Speed Boost|boost\n|-boost|p1a: Pathwood Mac|spe|1\n|upkeep\n|turn|10\n|\n|t:|1698849627\n|-curestatus|p1a: Pathwood Mac|slp|[msg]\n|move|p1a: Pathwood Mac|Stored Power|p2a: Cyclizar\n|-damage|p2a: Cyclizar|0 fnt\n|faint|p2a: Cyclizar\n|\n|upkeep\n|\n|t:|1698849632\n|switch|p2a: Espathra|Espathra, F|100\/100\n|turn|11\n|\n|t:|1698849633\n|move|p2a: Espathra|Protect|p2a: Espathra\n|-singleturn|p2a: Espathra|Protect\n|move|p1a: Pathwood Mac|Stored Power|p2a: Espathra\n|-activate|p2a: Espathra|move: Protect\n|\n|-sideend|p2: clorboycoctopus|move: Aurora Veil\n|-ability|p2a: Espathra|Speed Boost|boost\n|-boost|p2a: Espathra|spe|1\n|upkeep\n|turn|12\n|\n|t:|1698849637\n|move|p1a: Pathwood Mac|Stored Power|p2a: Espathra\n|-resisted|p2a: Espathra\n|-damage|p2a: Espathra|0 fnt\n|faint|p2a: Espathra\n|\n|upkeep\n|\n|t:|1698849640\n|switch|p2a: Arceus|Arceus-Ice|100\/100\n|turn|13\n|\n|t:|1698849642\n|move|p1a: Pathwood Mac|Stored Power|p2a: Arceus\n|-damage|p2a: Arceus|0 fnt\n|faint|p2a: Arceus\n|\n|upkeep\n|\n|t:|1698849645\n|switch|p2a: Baxcalibur|Baxcalibur, F|100\/100\n|turn|14\n|\n|t:|1698849646\n|move|p2a: Baxcalibur|Ice Shard|p1a: Pathwood Mac\n|-damage|p1a: Pathwood Mac|63\/100\n|move|p1a: Pathwood Mac|Stored Power|p2a: Baxcalibur\n|-damage|p2a: Baxcalibur|0 fnt\n|faint|p2a: Baxcalibur\n|\n|-heal|p1a: Pathwood Mac|69\/100|[from] item: Leftovers\n|upkeep\n|\n|t:|1698849650\n|switch|p2a: Ninetales|Ninetales-Alola, M, shiny|100\/100\n|-weather|Snow|[from] ability: Snow Warning|[of] p2a: Ninetales\n|turn|15\n|\n|t:|1698849652\n|move|p1a: Pathwood Mac|Stored Power|p2a: Ninetales\n|-crit|p2a: Ninetales\n|-damage|p2a: Ninetales|0 fnt\n|faint|p2a: Ninetales\n|\n|-weather|Snow|[upkeep]\n|-heal|p1a: Pathwood Mac|75\/100|[from] item: Leftovers\n|upkeep\n|\n|t:|1698849655\n|switch|p2a: Zacian|Zacian|100\/100\n|-ability|p2a: Zacian|Intrepid Sword|boost\n|-boost|p2a: Zacian|atk|1\n|turn|16\n|\n|t:|1698849657\n|move|p1a: Pathwood Mac|Stored Power|p2a: Zacian\n|-damage|p2a: Zacian|0 fnt\n|faint|p2a: Zacian\n|\n|win|AlicieLizzie\n","uploadtime":1698849660,"views":12,"p1id":"alicielizzie","p2id":"clorboycoctopus","formatid":"gen9ubers","rating":0,"private":0,"password":""}