{"id":"gen9ubers-1987694892","p1":"Emperor Th3o","p2":"americandragon79","format":"[Gen 9] Ubers","log":"|j|\u2606Emperor Th3o\n|j|\u2606americandragon79\n|t:|1699628422\n|gametype|singles\n|player|p1|Emperor Th3o|1|1000\n|player|p2|americandragon79|acetrainerf-gen7|1061\n|teamsize|p1|6\n|teamsize|p2|6\n|gen|9\n|tier|[Gen 9] Ubers\n|rated|\n|rule|Sleep Clause Mod: Limit one foe put to sleep\n|rule|Species Clause: Limit one of each Pok\u00e9mon\n|rule|OHKO Clause: OHKO moves are banned\n|rule|Evasion Items Clause: Evasion items are banned\n|rule|Evasion Moves Clause: Evasion moves are banned\n|rule|Endless Battle Clause: Forcing endless battles is banned\n|rule|HP Percentage Mod: HP is shown in percentages\n|clearpoke\n|poke|p1|Shaymin-Sky|\n|poke|p1|Magearna|\n|poke|p1|Miraidon|\n|poke|p1|Groudon|\n|poke|p1|Dialga-Origin|\n|poke|p1|Giratina|\n|poke|p2|Blissey, F|\n|poke|p2|Arceus|\n|poke|p2|Zacian-*|\n|poke|p2|Eternatus|\n|poke|p2|Koraidon|\n|poke|p2|Miraidon|\n|teampreview\n|\n|t:|1699628431\n|start\n|switch|p1a: Dialga|Dialga-Origin|100\/100\n|switch|p2a: AERIS|Blissey, F, shiny|100\/100\n|-ability|p1a: Dialga|Pressure\n|turn|1\n|\n|t:|1699628439\n|move|p1a: Dialga|Stealth Rock|p2a: AERIS\n|-sidestart|p2: americandragon79|move: Stealth Rock\n|move|p2a: AERIS|Thunder Wave|p1a: Dialga|[miss]\n|-miss|p2a: AERIS|p1a: Dialga\n|\n|upkeep\n|turn|2\n|\n|t:|1699628444\n|move|p2a: AERIS|Thunder Wave|p1a: Dialga\n|-status|p1a: Dialga|par\n|move|p1a: Dialga|Dragon Tail|p2a: AERIS\n|-damage|p2a: AERIS|84\/100\n|drag|p2a: SEPHIROTH|Arceus, shiny|100\/100\n|-damage|p2a: SEPHIROTH|88\/100|[from] Stealth Rock\n|\n|upkeep\n|turn|3\n|\n|t:|1699628455\n|move|p2a: SEPHIROTH|Swords Dance|p2a: SEPHIROTH\n|-boost|p2a: SEPHIROTH|atk|2\n|cant|p1a: Dialga|par\n|\n|upkeep\n|turn|4\n|\n|t:|1699628462\n|move|p2a: SEPHIROTH|Earthquake|p1a: Dialga\n|-supereffective|p1a: Dialga\n|-damage|p1a: Dialga|0 fnt\n|faint|p1a: Dialga\n|\n|upkeep\n|\n|t:|1699628475\n|switch|p1a: Giratina|Giratina|100\/100\n|-ability|p1a: Giratina|Pressure\n|turn|5\n|\n|t:|1699628482\n|switch|p2a: CLOUD|Zacian-Crowned, shiny|100\/100\n|-damage|p2a: CLOUD|94\/100|[from] Stealth Rock\n|-ability|p2a: CLOUD|Intrepid Sword|boost\n|-boost|p2a: CLOUD|atk|1\n|move|p1a: Giratina|Will-O-Wisp|p2a: CLOUD\n|-status|p2a: CLOUD|brn\n|\n|-damage|p2a: CLOUD|88\/100 brn|[from] brn\n|upkeep\n|turn|6\n|\n|t:|1699628495\n|switch|p1a: Groudon|Groudon|100\/100\n|-weather|SunnyDay|[from] ability: Drought|[of] p1a: Groudon\n|move|p2a: CLOUD|Swords Dance|p2a: CLOUD\n|-boost|p2a: CLOUD|atk|2\n|\n|-weather|SunnyDay|[upkeep]\n|-damage|p2a: CLOUD|82\/100 brn|[from] brn\n|upkeep\n|turn|7\n|\n|t:|1699628507\n|-terastallize|p2a: CLOUD|Fighting\n|move|p2a: CLOUD|Close Combat|p1a: Groudon\n|-damage|p1a: Groudon|42\/100\n|-unboost|p2a: CLOUD|def|1\n|-unboost|p2a: CLOUD|spd|1\n|move|p1a: Groudon|Precipice Blades|p2a: CLOUD\n|-damage|p2a: CLOUD|0 fnt\n|faint|p2a: CLOUD\n|\n|-weather|SunnyDay|[upkeep]\n|-heal|p1a: Groudon|48\/100|[from] item: Leftovers\n|upkeep\n|\n|t:|1699628522\n|switch|p2a: ULTIMATE WEAPON|Miraidon|100\/100\n|-damage|p2a: ULTIMATE WEAPON|88\/100|[from] Stealth Rock\n|-fieldstart|move: Electric Terrain|[from] ability: Hadron Engine|[of] p2a: ULTIMATE WEAPON\n|turn|8\n|\n|t:|1699628529\n|move|p2a: ULTIMATE WEAPON|Draco Meteor|p1a: Groudon\n|-damage|p1a: Groudon|0 fnt\n|-unboost|p2a: ULTIMATE WEAPON|spa|2\n|faint|p1a: Groudon\n|\n|-weather|SunnyDay|[upkeep]\n|upkeep\n|\n|t:|1699628537\n|switch|p1a: Magearna|Magearna|100\/100\n|turn|9\n|\n|t:|1699628545\n|move|p2a: ULTIMATE WEAPON|Volt Switch|p1a: Magearna\n|-damage|p1a: Magearna|75\/100\n|\n|t:|1699628548\n|switch|p2a: AERIS|Blissey, F, shiny|84\/100|[from] Volt Switch\n|-damage|p2a: AERIS|71\/100|[from] Stealth Rock\n|move|p1a: Magearna|Iron Defense|p1a: Magearna\n|-boost|p1a: Magearna|def|2\n|\n|-weather|SunnyDay|[upkeep]\n|-heal|p1a: Magearna|81\/100|[from] item: Leftovers\n|-heal|p2a: AERIS|77\/100|[from] item: Leftovers\n|upkeep\n|turn|10\n|\n|t:|1699628561\n|move|p1a: Magearna|Calm Mind|p1a: Magearna\n|-boost|p1a: Magearna|spa|1\n|-boost|p1a: Magearna|spd|1\n|move|p2a: AERIS|Thunder Wave|p1a: Magearna\n|-status|p1a: Magearna|par\n|\n|-weather|none\n|-heal|p2a: AERIS|83\/100|[from] item: Leftovers\n|-heal|p1a: Magearna|87\/100 par|[from] item: Leftovers\n|upkeep\n|turn|11\n|\n|t:|1699628572\n|move|p2a: AERIS|Seismic Toss|p1a: Magearna\n|-damage|p1a: Magearna|59\/100 par\n|move|p1a: Magearna|Calm Mind|p1a: Magearna\n|-boost|p1a: Magearna|spa|1\n|-boost|p1a: Magearna|spd|1\n|\n|-heal|p2a: AERIS|90\/100|[from] item: Leftovers\n|-heal|p1a: Magearna|65\/100 par|[from] item: Leftovers\n|upkeep\n|turn|12\n|\n|t:|1699628582\n|move|p2a: AERIS|Seismic Toss|p1a: Magearna\n|-damage|p1a: Magearna|38\/100 par\n|move|p1a: Magearna|Draining Kiss|p2a: AERIS\n|-damage|p2a: AERIS|73\/100\n|-heal|p1a: Magearna|61\/100 par|[from] drain|[of] p2a: AERIS\n|\n|-heal|p2a: AERIS|80\/100|[from] item: Leftovers\n|-heal|p1a: Magearna|67\/100 par|[from] item: Leftovers\n|-fieldend|move: Electric Terrain\n|upkeep\n|turn|13\n|\n|t:|1699628593\n|move|p2a: AERIS|Seismic Toss|p1a: Magearna\n|-damage|p1a: Magearna|40\/100 par\n|move|p1a: Magearna|Calm Mind|p1a: Magearna\n|-boost|p1a: Magearna|spa|1\n|-boost|p1a: Magearna|spd|1\n|\n|-heal|p2a: AERIS|86\/100|[from] item: Leftovers\n|-heal|p1a: Magearna|46\/100 par|[from] item: Leftovers\n|upkeep\n|turn|14\n|\n|t:|1699628602\n|move|p2a: AERIS|Seismic Toss|p1a: Magearna\n|-damage|p1a: Magearna|18\/100 par\n|move|p1a: Magearna|Draining Kiss|p2a: AERIS\n|-crit|p2a: AERIS\n|-damage|p2a: AERIS|58\/100\n|-heal|p1a: Magearna|59\/100 par|[from] drain|[of] p2a: AERIS\n|\n|-heal|p2a: AERIS|64\/100|[from] item: Leftovers\n|-heal|p1a: Magearna|66\/100 par|[from] item: Leftovers\n|upkeep\n|turn|15\n|\n|t:|1699628613\n|move|p2a: AERIS|Seismic Toss|p1a: Magearna\n|-damage|p1a: Magearna|38\/100 par\n|move|p1a: Magearna|Calm Mind|p1a: Magearna\n|-boost|p1a: Magearna|spa|1\n|-boost|p1a: Magearna|spd|1\n|\n|-heal|p2a: AERIS|70\/100|[from] item: Leftovers\n|-heal|p1a: Magearna|44\/100 par|[from] item: Leftovers\n|upkeep\n|turn|16\n|\n|t:|1699628623\n|move|p2a: AERIS|Seismic Toss|p1a: Magearna\n|-damage|p1a: Magearna|16\/100 par\n|cant|p1a: Magearna|par\n|\n|-heal|p2a: AERIS|77\/100|[from] item: Leftovers\n|-heal|p1a: Magearna|23\/100 par|[from] item: Leftovers\n|upkeep\n|turn|17\n|\n|t:|1699628631\n|switch|p1a: Giratina|Giratina|100\/100\n|-ability|p1a: Giratina|Pressure\n|move|p2a: AERIS|Seismic Toss|p1a: Giratina\n|-immune|p1a: Giratina\n|\n|-heal|p2a: AERIS|83\/100|[from] item: Leftovers\n|upkeep\n|turn|18\n|\n|t:|1699628643\n|move|p2a: AERIS|Thunder Wave|p1a: Giratina\n|-status|p1a: Giratina|par\n|move|p1a: Giratina|Dragon Tail|p2a: AERIS\n|-damage|p2a: AERIS|63\/100\n|drag|p2a: JENOVA|Eternatus|100\/100\n|-damage|p2a: JENOVA|88\/100|[from] Stealth Rock\n|-ability|p2a: JENOVA|Pressure\n|\n|-heal|p2a: JENOVA|94\/100|[from] item: Black Sludge\n|upkeep\n|turn|19\n|\n|t:|1699628659\n|move|p2a: JENOVA|Dynamax Cannon|p1a: Giratina\n|-supereffective|p1a: Giratina\n|-damage|p1a: Giratina|45\/100 par\n|cant|p1a: Giratina|par\n|\n|-heal|p2a: JENOVA|100\/100|[from] item: Black Sludge\n|upkeep\n|turn|20\n|\n|t:|1699628668\n|-terastallize|p1a: Giratina|Fairy\n|move|p2a: JENOVA|Dynamax Cannon|p1a: Giratina\n|-immune|p1a: Giratina\n|cant|p1a: Giratina|par\n|\n|upkeep\n|turn|21\n|\n|t:|1699628676\n|move|p2a: JENOVA|Sludge Bomb|p1a: Giratina\n|-supereffective|p1a: Giratina\n|-damage|p1a: Giratina|0 fnt\n|faint|p1a: Giratina\n|\n|upkeep\n|\n|t:|1699628680\n|switch|p1a: Shaymin|Shaymin-Sky|100\/100\n|turn|22\n|\n|t:|1699628688\n|move|p1a: Shaymin|Air Slash|p2a: JENOVA\n|-damage|p2a: JENOVA|74\/100\n|cant|p2a: JENOVA|flinch\n|\n|-heal|p2a: JENOVA|80\/100|[from] item: Black Sludge\n|upkeep\n|turn|23\n|\n|t:|1699628695\n|move|p1a: Shaymin|Air Slash|p2a: JENOVA\n|-damage|p2a: JENOVA|51\/100\n|cant|p2a: JENOVA|flinch\n|\n|-heal|p2a: JENOVA|57\/100|[from] item: Black Sludge\n|upkeep\n|turn|24\n|\n|t:|1699628702\n|move|p1a: Shaymin|Air Slash|p2a: JENOVA\n|-crit|p2a: JENOVA\n|-damage|p2a: JENOVA|19\/100\n|move|p2a: JENOVA|Sludge Bomb|p1a: Shaymin\n|-supereffective|p1a: Shaymin\n|-damage|p1a: Shaymin|0 fnt\n|faint|p1a: Shaymin\n|\n|-heal|p2a: JENOVA|25\/100|[from] item: Black Sludge\n|upkeep\n|\n|t:|1699628712\n|switch|p1a: Miraidon|Miraidon|100\/100\n|-fieldstart|move: Electric Terrain|[from] ability: Hadron Engine|[of] p1a: Miraidon\n|turn|25\n|\n|t:|1699628729\n|switch|p2a: AERIS|Blissey, F, shiny|63\/100\n|-damage|p2a: AERIS|51\/100|[from] Stealth Rock\n|move|p1a: Miraidon|Calm Mind|p1a: Miraidon\n|-boost|p1a: Miraidon|spa|1\n|-boost|p1a: Miraidon|spd|1\n|\n|-heal|p2a: AERIS|57\/100|[from] item: Leftovers\n|upkeep\n|turn|26\n|\n|t:|1699628740\n|move|p1a: Miraidon|Substitute|p1a: Miraidon\n|-start|p1a: Miraidon|Substitute\n|-damage|p1a: Miraidon|76\/100\n|move|p2a: AERIS|Seismic Toss|p1a: Miraidon\n|-end|p1a: Miraidon|Substitute\n|\n|-heal|p2a: AERIS|63\/100|[from] item: Leftovers\n|upkeep\n|turn|27\n|\n|t:|1699628748\n|move|p1a: Miraidon|Parabolic Charge|p2a: AERIS\n|-damage|p2a: AERIS|19\/100\n|-heal|p1a: Miraidon|100\/100|[from] drain|[of] p2a: AERIS\n|-damage|p1a: Miraidon|91\/100|[from] item: Life Orb\n|move|p2a: AERIS|Seismic Toss|p1a: Miraidon\n|-damage|p1a: Miraidon|61\/100\n|\n|-heal|p2a: AERIS|25\/100|[from] item: Leftovers\n|upkeep\n|turn|28\n|\n|t:|1699628760\n|move|p1a: Miraidon|Calm Mind|p1a: Miraidon\n|-boost|p1a: Miraidon|spa|1\n|-boost|p1a: Miraidon|spd|1\n|move|p2a: AERIS|Soft-Boiled|p2a: AERIS\n|-heal|p2a: AERIS|75\/100\n|\n|-heal|p2a: AERIS|81\/100|[from] item: Leftovers\n|upkeep\n|turn|29\n|\n|t:|1699628768\n|move|p1a: Miraidon|Calm Mind|p1a: Miraidon\n|-boost|p1a: Miraidon|spa|1\n|-boost|p1a: Miraidon|spd|1\n|move|p2a: AERIS|Seismic Toss|p1a: Miraidon\n|-damage|p1a: Miraidon|32\/100\n|\n|-heal|p2a: AERIS|87\/100|[from] item: Leftovers\n|-fieldend|move: Electric Terrain\n|upkeep\n|turn|30\n|\n|t:|1699628780\n|switch|p2a: ULTIMATE WEAPON|Miraidon|88\/100\n|-damage|p2a: ULTIMATE WEAPON|76\/100|[from] Stealth Rock\n|-fieldstart|move: Electric Terrain|[from] ability: Hadron Engine|[of] p2a: ULTIMATE WEAPON\n|move|p1a: Miraidon|Parabolic Charge|p2a: ULTIMATE WEAPON\n|-resisted|p2a: ULTIMATE WEAPON\n|-damage|p2a: ULTIMATE WEAPON|34\/100\n|-heal|p1a: Miraidon|53\/100|[from] drain|[of] p2a: ULTIMATE WEAPON\n|-damage|p1a: Miraidon|43\/100|[from] item: Life Orb\n|\n|upkeep\n|turn|31\n|\n|t:|1699628791\n|move|p1a: Miraidon|Parabolic Charge|p2a: ULTIMATE WEAPON\n|-resisted|p2a: ULTIMATE WEAPON\n|-damage|p2a: ULTIMATE WEAPON|0 fnt\n|-heal|p1a: Miraidon|60\/100|[from] drain|[of] p2a: ULTIMATE WEAPON\n|faint|p2a: ULTIMATE WEAPON\n|-damage|p1a: Miraidon|50\/100|[from] item: Life Orb\n|\n|upkeep\n|\n|t:|1699628798\n|switch|p2a: SEPHIROTH|Arceus, shiny|88\/100\n|-damage|p2a: SEPHIROTH|76\/100|[from] Stealth Rock\n|turn|32\n|\n|t:|1699628809\n|move|p2a: SEPHIROTH|Extreme Speed|p1a: Miraidon\n|-enditem|p2a: SEPHIROTH|Normal Gem|[from] gem\n|-damage|p1a: Miraidon|0 fnt\n|faint|p1a: Miraidon\n|\n|upkeep\n|\n|t:|1699628815\n|switch|p1a: Magearna|Magearna|23\/100 par\n|turn|33\n|c|\u2606americandragon79|gg\n|\n|t:|1699628831\n|move|p2a: SEPHIROTH|Earthquake|p1a: Magearna\n|-supereffective|p1a: Magearna\n|-damage|p1a: Magearna|0 fnt\n|faint|p1a: Magearna\n|\n|win|americandragon79\n|raw|Emperor Th3o's rating: 1000 &rarr; <strong>1000<\/strong><br \/>(+0 for losing)\n|raw|americandragon79's rating: 1061 &rarr; <strong>1086<\/strong><br \/>(+25 for winning)\n|l|\u2606Emperor Th3o\n","uploadtime":1699628839,"views":5,"p1id":"emperorth3o","p2id":"americandragon79","formatid":"gen9ubers","rating":1000,"private":0,"password":""}