{"id":"gen9ubers-1971828134","p1":"flackitaki","p2":"rcxdd","format":"[Gen 9] Ubers","log":"|j|\u2606flackitaki\n|j|\u2606rcxdd\n|t:|1697777688\n|gametype|singles\n|player|p1|flackitaki|266|1283\n|player|p2|rcxdd|266|1176\n|teamsize|p1|6\n|teamsize|p2|6\n|gen|9\n|tier|[Gen 9] Ubers\n|rated|\n|rule|Sleep Clause Mod: Limit one foe put to sleep\n|rule|Species Clause: Limit one of each Pok\u00e9mon\n|rule|OHKO Clause: OHKO moves are banned\n|rule|Evasion Items Clause: Evasion items are banned\n|rule|Evasion Moves Clause: Evasion moves are banned\n|rule|Endless Battle Clause: Forcing endless battles is banned\n|rule|HP Percentage Mod: HP is shown in percentages\n|clearpoke\n|poke|p1|Ursaluna-Bloodmoon, M|\n|poke|p1|Rayquaza|\n|poke|p1|Miraidon|\n|poke|p1|Zacian-*|\n|poke|p1|Flutter Mane|\n|poke|p1|Arceus|\n|poke|p2|Iron Jugulis|\n|poke|p2|Miraidon|\n|poke|p2|Magearna-Original|\n|poke|p2|Iron Bundle|\n|poke|p2|Arceus|\n|poke|p2|Kyogre|\n|teampreview\n|inactive|Battle timer is ON: inactive players will automatically lose when time's up. (requested by rcxdd)\n|\n|t:|1697777702\n|start\n|switch|p1a: Cocaine-Bear|Ursaluna-Bloodmoon, M|100\/100\n|switch|p2a: Miraidon|Miraidon|100\/100\n|-fieldstart|move: Electric Terrain|[from] ability: Hadron Engine|[of] p2a: Miraidon\n|turn|1\n|\n|t:|1697777711\n|-terastallize|p1a: Cocaine-Bear|Fairy\n|move|p2a: Miraidon|Draco Meteor|p1a: Cocaine-Bear\n|-immune|p1a: Cocaine-Bear\n|move|p1a: Cocaine-Bear|Moonblast|p2a: Miraidon\n|-supereffective|p2a: Miraidon\n|-damage|p2a: Miraidon|5\/100\n|\n|upkeep\n|turn|2\n|\n|t:|1697777725\n|move|p2a: Miraidon|Overheat|p1a: Cocaine-Bear|[miss]\n|-miss|p2a: Miraidon|p1a: Cocaine-Bear\n|move|p1a: Cocaine-Bear|Earth Power|p2a: Miraidon\n|-supereffective|p2a: Miraidon\n|-crit|p2a: Miraidon\n|-damage|p2a: Miraidon|0 fnt\n|faint|p2a: Miraidon\n|\n|upkeep\n|\n|t:|1697777742\n|switch|p2a: Kyogre|Kyogre|100\/100\n|-weather|RainDance|[from] ability: Drizzle|[of] p2a: Kyogre\n|turn|3\n|\n|t:|1697777751\n|move|p2a: Kyogre|Water Spout|p1a: Cocaine-Bear\n|-damage|p1a: Cocaine-Bear|0 fnt\n|faint|p1a: Cocaine-Bear\n|\n|-weather|RainDance|[upkeep]\n|upkeep\n|\n|t:|1697777764\n|switch|p1a: da don|Miraidon|100\/100\n|-activate|p1a: da don|ability: Hadron Engine\n|turn|4\n|\n|t:|1697777770\n|move|p2a: Kyogre|Water Spout|p1a: da don\n|-resisted|p1a: da don\n|-damage|p1a: da don|42\/100\n|move|p1a: da don|Electro Drift|p2a: Kyogre\n|-supereffective|p2a: Kyogre\n|-damage|p2a: Kyogre|0 fnt\n|faint|p2a: Kyogre\n|\n|-weather|RainDance|[upkeep]\n|upkeep\n|\n|t:|1697777781\n|switch|p2a: Iron Bundle|Iron Bundle|100\/100\n|-activate|p2a: Iron Bundle|ability: Quark Drive\n|-start|p2a: Iron Bundle|quarkdrivespe\n|turn|5\n|j| Ali66\n|\n|t:|1697777794\n|move|p2a: Iron Bundle|Ice Beam|p1a: da don\n|-supereffective|p1a: da don\n|-crit|p1a: da don\n|-damage|p1a: da don|0 fnt\n|faint|p1a: da don\n|\n|-weather|RainDance|[upkeep]\n|-fieldend|move: Electric Terrain\n|-end|p2a: Iron Bundle|Quark Drive\n|upkeep\n|\n|t:|1697777796\n|switch|p1a: Arceus|Arceus, shiny|100\/100\n|turn|6\n|l| Ali66\n|\n|t:|1697777806\n|move|p1a: Arceus|Swords Dance|p1a: Arceus\n|-boost|p1a: Arceus|atk|2\n|move|p2a: Iron Bundle|Flip Turn|p1a: Arceus\n|-damage|p1a: Arceus|82\/100\n|\n|t:|1697777812\n|-end|p2a: Iron Bundle|Quark Drive|[silent]\n|switch|p2a: Magearna|Magearna-Original|100\/100|[from] Flip Turn\n|\n|-weather|RainDance|[upkeep]\n|upkeep\n|turn|7\n|\n|t:|1697777821\n|-terastallize|p2a: Magearna|Ghost\n|move|p1a: Arceus|Earthquake|p2a: Magearna\n|-damage|p2a: Magearna|43\/100\n|move|p2a: Magearna|Shift Gear|p2a: Magearna\n|-boost|p2a: Magearna|spe|2\n|-boost|p2a: Magearna|atk|1\n|\n|-weather|none\n|upkeep\n|turn|8\n|\n|t:|1697777832\n|move|p1a: Arceus|Earthquake|p2a: Magearna\n|-damage|p2a: Magearna|0 fnt\n|faint|p2a: Magearna\n|\n|upkeep\n|\n|t:|1697777841\n|switch|p2a: Iron Jugulis|Iron Jugulis|100\/100\n|turn|9\n|\n|t:|1697777852\n|move|p1a: Arceus|Swords Dance|p1a: Arceus\n|-boost|p1a: Arceus|atk|2\n|move|p2a: Iron Jugulis|Dark Pulse|p1a: Arceus\n|-damage|p1a: Arceus|54\/100\n|\n|upkeep\n|turn|10\n|\n|t:|1697777862\n|move|p1a: Arceus|Extreme Speed|p2a: Iron Jugulis\n|-damage|p2a: Iron Jugulis|0 fnt\n|faint|p2a: Iron Jugulis\n|-end|p2a: Iron Jugulis|Quark Drive|[silent]\n|\n|upkeep\n|j| Ali66\n|\n|t:|1697777875\n|switch|p2a: Iron Bundle|Iron Bundle|100\/100\n|turn|11\n|\n|t:|1697777883\n|move|p1a: Arceus|Extreme Speed|p2a: Iron Bundle\n|-damage|p2a: Iron Bundle|0 fnt\n|faint|p2a: Iron Bundle\n|-end|p2a: Iron Bundle|Quark Drive|[silent]\n|\n|upkeep\n|\n|t:|1697777889\n|switch|p2a: Arceus|Arceus|100\/100\n|turn|12\n|\n|t:|1697777896\n|move|p1a: Arceus|Extreme Speed|p2a: Arceus\n|-damage|p2a: Arceus|16\/100\n|move|p2a: Arceus|Extreme Speed|p1a: Arceus\n|-damage|p1a: Arceus|24\/100\n|\n|upkeep\n|turn|13\n|l| Ali66\n|\n|t:|1697777903\n|move|p1a: Arceus|Extreme Speed|p2a: Arceus\n|-damage|p2a: Arceus|0 fnt\n|faint|p2a: Arceus\n|\n|win|flackitaki\n|raw|flackitaki's rating: 1283 &rarr; <strong>1301<\/strong><br \/>(+18 for winning)\n|raw|rcxdd's rating: 1176 &rarr; <strong>1158<\/strong><br \/>(-18 for losing)\n|l|\u2606rcxdd\n|j| Ali66\n|l|\u2606flackitaki\n|l| Ali66\n|j|\u2606flackitaki\n|player|p1|flackitaki|266\n","uploadtime":1697778026,"views":13,"p1id":"flackitaki","p2id":"rcxdd","formatid":"gen9ubers","rating":1158,"private":0,"password":""}