{"id":"gen9ubers-1993409152","p1":"aryan3003","p2":"Pelaiini","format":"[Gen 9] Ubers","log":"|j|\u2606aryan3003\n|j|\u2606Pelaiini\n|t:|1700313953\n|gametype|singles\n|player|p1|aryan3003|265|\n|player|p2|Pelaiini|veteran|\n|teamsize|p1|6\n|teamsize|p2|6\n|gen|9\n|tier|[Gen 9] Ubers\n|rule|Sleep Clause Mod: Limit one foe put to sleep\n|rule|Species Clause: Limit one of each Pok\u00e9mon\n|rule|OHKO Clause: OHKO moves are banned\n|rule|Evasion Items Clause: Evasion items are banned\n|rule|Evasion Moves Clause: Evasion moves are banned\n|rule|Endless Battle Clause: Forcing endless battles is banned\n|rule|HP Percentage Mod: HP is shown in percentages\n|clearpoke\n|poke|p1|Roaring Moon|\n|poke|p1|Toxtricity, M|\n|poke|p1|Florges, F|\n|poke|p1|Cinderace, F|\n|poke|p1|Corviknight, M|\n|poke|p1|Indeedee-F, F|\n|poke|p2|Iron Valiant|\n|poke|p2|Iron Moth|\n|poke|p2|Iron Leaves|\n|poke|p2|Goodra-Hisui, F|\n|poke|p2|Rotom-Wash|\n|poke|p2|Sandaconda, M|\n|teampreview\n|\n|t:|1700313981\n|start\n|switch|p1a: Cinderace|Cinderace, F|100\/100\n|switch|p2a: Sandaconda(B)|Sandaconda, M|100\/100\n|turn|1\n|\n|t:|1700313989\n|move|p1a: Cinderace|U-turn|p2a: Sandaconda(B)\n|-start|p1a: Cinderace|typechange|Bug|[from] ability: Libero\n|-damage|p2a: Sandaconda(B)|77\/100\n|\n|t:|1700313999\n|switch|p1a: Corviknight|Corviknight, M|100\/100|[from] U-turn\n|move|p2a: Sandaconda(B)|Glare|p1a: Corviknight\n|-status|p1a: Corviknight|par\n|\n|-heal|p2a: Sandaconda(B)|83\/100|[from] item: Leftovers\n|upkeep\n|turn|2\n|\n|t:|1700314027\n|move|p2a: Sandaconda(B)|Stealth Rock|p1a: Corviknight\n|-sidestart|p1: aryan3003|move: Stealth Rock\n|move|p1a: Corviknight|U-turn|p2a: Sandaconda(B)\n|-damage|p2a: Sandaconda(B)|68\/100\n|\n|t:|1700314065\n|switch|p1a: Indeedee|Indeedee-F, F|100\/100|[from] U-turn\n|-damage|p1a: Indeedee|88\/100|[from] Stealth Rock\n|-fieldstart|move: Psychic Terrain|[from] ability: Psychic Surge|[of] p1a: Indeedee\n|\n|-heal|p2a: Sandaconda(B)|74\/100|[from] item: Leftovers\n|upkeep\n|turn|3\n|\n|t:|1700314079\n|switch|p2a: Goodra|Goodra-Hisui, F, shiny|100\/100\n|move|p1a: Indeedee|Hyper Voice|p2a: Goodra\n|-resisted|p2a: Goodra\n|-damage|p2a: Goodra|88\/100\n|\n|-heal|p2a: Goodra|94\/100|[from] item: Leftovers\n|upkeep\n|turn|4\n|\n|t:|1700314091\n|switch|p1a: Corviknight|Corviknight, M|100\/100 par\n|-damage|p1a: Corviknight|88\/100 par|[from] Stealth Rock\n|move|p2a: Goodra|Acid Armor|p2a: Goodra\n|-boost|p2a: Goodra|def|2\n|\n|-heal|p2a: Goodra|99\/100|[from] item: Leftovers\n|-heal|p1a: Corviknight|94\/100 par|[from] item: Leftovers\n|upkeep\n|turn|5\n|j| NEdgyman\n|\n|t:|1700314136\n|move|p2a: Goodra|Body Press|p1a: Corviknight\n|-damage|p1a: Corviknight|52\/100 par\n|move|p1a: Corviknight|Defog|p2a: Goodra\n|-unboost|p2a: Goodra|evasion|1\n|-sideend|p1: aryan3003|Stealth Rock|[from] move: Defog|[of] p1a: Corviknight\n|-fieldend|move: Psychic Terrain\n|\n|-heal|p2a: Goodra|100\/100|[from] item: Leftovers\n|-heal|p1a: Corviknight|58\/100 par|[from] item: Leftovers\n|upkeep\n|turn|6\n|\n|t:|1700314151\n|move|p2a: Goodra|Acid Armor|p2a: Goodra\n|-boost|p2a: Goodra|def|2\n|move|p1a: Corviknight|U-turn|p2a: Goodra\n|-resisted|p2a: Goodra\n|-damage|p2a: Goodra|98\/100\n|\n|t:|1700314158\n|switch|p1a: Toxtricity|Toxtricity, M|100\/100|[from] U-turn\n|\n|-heal|p2a: Goodra|100\/100|[from] item: Leftovers\n|upkeep\n|turn|7\n|\n|t:|1700314184\n|switch|p1a: Florges|Florges, F|100\/100\n|move|p2a: Goodra|Dragon Tail|p1a: Florges\n|-immune|p1a: Florges\n|\n|upkeep\n|turn|8\n|\n|t:|1700314214\n|move|p1a: Florges|Wish|p1a: Florges\n|move|p2a: Goodra|Body Press|p1a: Florges\n|-resisted|p1a: Florges\n|-damage|p1a: Florges|67\/100\n|-enditem|p1a: Florges|Red Card|[of] p2a: Goodra\n|drag|p2a: Iron Moth|Iron Moth|100\/100\n|\n|upkeep\n|turn|9\n|\n|t:|1700314224\n|switch|p1a: Toxtricity|Toxtricity, M|100\/100\n|move|p2a: Iron Moth|Overheat|p1a: Toxtricity\n|-damage|p1a: Toxtricity|8\/100\n|-unboost|p2a: Iron Moth|spa|2\n|\n|-heal|p1a: Toxtricity|58\/100|[from] move: Wish|[wisher] Florges\n|upkeep\n|turn|10\n|\n|t:|1700314312\n|-end|p2a: Iron Moth|Quark Drive|[silent]\n|switch|p2a: Goodra|Goodra-Hisui, F, shiny|100\/100\n|switch|p1a: Cinderace|Cinderace, F|100\/100\n|\n|upkeep\n|turn|11\n|\n|t:|1700314338\n|switch|p2a: Rotom|Rotom-Wash, shiny|100\/100\n|move|p1a: Cinderace|High Jump Kick|p2a: Rotom\n|-start|p1a: Cinderace|typechange|Fighting|[from] ability: Libero\n|-damage|p2a: Rotom|46\/100\n|-damage|p1a: Cinderace|84\/100|[from] item: Rocky Helmet|[of] p2a: Rotom\n|\n|upkeep\n|turn|12\n|j| zLayton\n|c| zLayton|Mk ese da\u00f1o q putassssss\n|\n|t:|1700314405\n|move|p1a: Cinderace|High Jump Kick|p2a: Rotom\n|-damage|p2a: Rotom|0 fnt\n|-damage|p1a: Cinderace|67\/100|[from] item: Rocky Helmet|[of] p2a: Rotom\n|faint|p2a: Rotom\n|\n|upkeep\n|c| zLayton|El tipo tiene toda la pinta de ser choice en el mu\u00f1eco morado @pellaiini\n|l| zLayton\n|j| zLayton\n|l| zLayton\n|j| zLayton\n|c| NEdgyman|hola layton\n|\n|t:|1700314527\n|switch|p2a: Sandaconda(B)|Sandaconda, M|74\/100\n|turn|13\n|l| zLayton\n|j| zLayton\n|\n|t:|1700314552\n|switch|p1a: Indeedee|Indeedee-F, F|88\/100\n|-fieldstart|move: Psychic Terrain|[from] ability: Psychic Surge|[of] p1a: Indeedee\n|move|p2a: Sandaconda(B)|Earthquake|p1a: Indeedee\n|-damage|p1a: Indeedee|9\/100\n|\n|-heal|p2a: Sandaconda(B)|80\/100|[from] item: Leftovers\n|upkeep\n|turn|14\n|\n|t:|1700314574\n|switch|p2a: Goodra|Goodra-Hisui, F, shiny|100\/100\n|move|p1a: Indeedee|Shadow Ball|p2a: Goodra\n|-damage|p2a: Goodra|85\/100\n|-unboost|p2a: Goodra|spd|1\n|\n|-heal|p2a: Goodra|91\/100|[from] item: Leftovers\n|upkeep\n|turn|15\n|\n|t:|1700314590\n|switch|p1a: Florges|Florges, F|67\/100\n|move|p2a: Goodra|Body Press|p1a: Florges\n|-resisted|p1a: Florges\n|-damage|p1a: Florges|57\/100\n|\n|-heal|p2a: Goodra|97\/100|[from] item: Leftovers\n|upkeep\n|turn|16\n|l|\u2606aryan3003\n|player|p1|\n|c|\u2606Pelaiini|nedgy habla espa\u00f1ol\u00a1\n|c|\u2606Pelaiini|?\n|c|\u2606Pelaiini|ey este man se fue\n|j|\u2606aryan3003\n|player|p1|aryan3003|265\n|\n|t:|1700314673\n|move|p1a: Florges|Wish|p1a: Florges\n|move|p2a: Goodra|Acid Armor|p2a: Goodra\n|-boost|p2a: Goodra|def|2\n|\n|-heal|p2a: Goodra|100\/100|[from] item: Leftovers\n|upkeep\n|turn|17\n|l|\u2606aryan3003\n|player|p1|\n|j|\u2606aryan3003\n|player|p1|aryan3003|265\n|\n|t:|1700314714\n|move|p1a: Florges|Calm Mind|p1a: Florges\n|-boost|p1a: Florges|spa|1\n|-boost|p1a: Florges|spd|1\n|move|p2a: Goodra|Body Press|p1a: Florges\n|-resisted|p1a: Florges\n|-damage|p1a: Florges|35\/100\n|\n|-heal|p1a: Florges|85\/100|[from] move: Wish|[wisher] Florges\n|-fieldend|move: Psychic Terrain\n|upkeep\n|turn|18\n|\n|t:|1700314750\n|move|p1a: Florges|Calm Mind|p1a: Florges\n|-boost|p1a: Florges|spa|1\n|-boost|p1a: Florges|spd|1\n|move|p2a: Goodra|Acid Armor|p2a: Goodra\n|-boost|p2a: Goodra|def|2\n|\n|upkeep\n|turn|19\n|\n|t:|1700314755\n|move|p1a: Florges|Wish|p1a: Florges\n|move|p2a: Goodra|Body Press|p1a: Florges\n|-resisted|p1a: Florges\n|-damage|p1a: Florges|56\/100\n|\n|upkeep\n|turn|20\n|\n|t:|1700314771\n|move|p1a: Florges|Calm Mind|p1a: Florges\n|-boost|p1a: Florges|spa|1\n|-boost|p1a: Florges|spd|1\n|move|p2a: Goodra|Acid Armor|p2a: Goodra\n|-boost|p2a: Goodra|def|2\n|\n|-heal|p1a: Florges|100\/100|[from] move: Wish|[wisher] Florges\n|upkeep\n|turn|21\n|\n|t:|1700314777\n|move|p1a: Florges|Calm Mind|p1a: Florges\n|-boost|p1a: Florges|spa|1\n|-boost|p1a: Florges|spd|1\n|move|p2a: Goodra|Body Press|p1a: Florges\n|-resisted|p1a: Florges\n|-damage|p1a: Florges|57\/100\n|\n|upkeep\n|turn|22\n|\n|t:|1700314783\n|move|p1a: Florges|Wish|p1a: Florges\n|move|p2a: Goodra|Body Press|p1a: Florges\n|-resisted|p1a: Florges\n|-damage|p1a: Florges|19\/100\n|\n|upkeep\n|turn|23\n|\n|t:|1700314786\n|move|p1a: Florges|Protect|p1a: Florges\n|-singleturn|p1a: Florges|Protect\n|move|p2a: Goodra|Body Press|p1a: Florges\n|-activate|p1a: Florges|move: Protect\n|\n|-heal|p1a: Florges|69\/100|[from] move: Wish|[wisher] Florges\n|upkeep\n|turn|24\n|\n|t:|1700314792\n|move|p1a: Florges|Moonblast|p2a: Goodra\n|-damage|p2a: Goodra|0 fnt\n|faint|p2a: Goodra\n|\n|upkeep\n|c| zLayton|Oifa jajajaja seguro que gana este 1v1?  Xdddd\n|c| zLayton|le dijeeeee\n|l|\u2606aryan3003\n|player|p1|\n|\n|t:|1700314917\n|switch|p2a: Iron Leaves|Iron Leaves|100\/100\n|-enditem|p2a: Iron Leaves|Booster Energy\n|-activate|p2a: Iron Leaves|ability: Quark Drive|[fromitem]\n|-start|p2a: Iron Leaves|quarkdrivespe\n|turn|25\n|j|\u2606aryan3003\n|player|p1|aryan3003|265\n|\n|t:|1700314960\n|move|p1a: Florges|Protect|p1a: Florges\n|-singleturn|p1a: Florges|Protect\n|move|p2a: Iron Leaves|Swords Dance|p2a: Iron Leaves\n|-boost|p2a: Iron Leaves|atk|2\n|\n|upkeep\n|turn|26\n|c|\u2606aryan3003|f\n|\n|t:|1700314974\n|-terastallize|p2a: Iron Leaves|Psychic\n|move|p2a: Iron Leaves|Psyblade|p1a: Florges\n|-damage|p1a: Florges|0 fnt\n|faint|p1a: Florges\n|\n|upkeep\n|\n|t:|1700314978\n|switch|p1a: Cinderace|Cinderace, F|67\/100\n|turn|27\n|\n|t:|1700314986\n|move|p1a: Cinderace|U-turn|p2a: Iron Leaves\n|-start|p1a: Cinderace|typechange|Bug|[from] ability: Libero\n|-supereffective|p2a: Iron Leaves\n|-damage|p2a: Iron Leaves|34\/100\n|c| zLayton|Que puto genio\n|\n|t:|1700314992\n|switch|p1a: Indeedee|Indeedee-F, F|9\/100|[from] U-turn\n|-fieldstart|move: Psychic Terrain|[from] ability: Psychic Surge|[of] p1a: Indeedee\n|move|p2a: Iron Leaves|Psyblade|p1a: Indeedee\n|-resisted|p1a: Indeedee\n|-damage|p1a: Indeedee|0 fnt\n|faint|p1a: Indeedee\n|\n|upkeep\n|c| zLayton|y es scarf el hptica jajajaja\n|\n|t:|1700315000\n|switch|p1a: Roaring Moon|Roaring Moon|100\/100\n|-enditem|p1a: Roaring Moon|Booster Energy\n|-activate|p1a: Roaring Moon|ability: Protosynthesis|[fromitem]\n|-start|p1a: Roaring Moon|protosynthesisatk\n|turn|28\n|c| zLayton|Mi padre\n|c|\u2606aryan3003|i didn't adjust evss\n|c|\u2606aryan3003|no\n|\n|t:|1700315025\n|-end|p1a: Roaring Moon|Protosynthesis|[silent]\n|switch|p1a: Corviknight|Corviknight, M|58\/100 par\n|move|p2a: Iron Leaves|Close Combat|p1a: Corviknight\n|-damage|p1a: Corviknight|0 fnt\n|-unboost|p2a: Iron Leaves|def|1\n|-unboost|p2a: Iron Leaves|spd|1\n|faint|p1a: Corviknight\n|\n|upkeep\n|\n|t:|1700315031\n|switch|p1a: Cinderace|Cinderace, F|67\/100\n|turn|29\n|c| zLayton|F\n|\n|t:|1700315054\n|move|p1a: Cinderace|U-turn|p2a: Iron Leaves\n|-start|p1a: Cinderace|typechange|Bug|[from] ability: Libero\n|-supereffective|p2a: Iron Leaves\n|-damage|p2a: Iron Leaves|0 fnt\n|faint|p2a: Iron Leaves\n|-end|p2a: Iron Leaves|Quark Drive|[silent]\n|l|\u2606aryan3003\n|player|p1|\n|j|\u2606aryan3003\n|player|p1|aryan3003|265\n|\n|t:|1700315100\n|switch|p1a: Toxtricity|Toxtricity, M|58\/100|[from] U-turn\n|\n|upkeep\n|\n|t:|1700315179\n|switch|p2a: Iron Moth|Iron Moth|100\/100\n|turn|30\n|j| Quackborg\n|\n|t:|1700315271\n|-terastallize|p1a: Toxtricity|Normal\n|move|p2a: Iron Moth|Overheat|p1a: Toxtricity\n|-damage|p1a: Toxtricity|0 fnt\n|-unboost|p2a: Iron Moth|spa|2\n|faint|p1a: Toxtricity\n|\n|upkeep\n|\n|t:|1700315299\n|switch|p1a: Roaring Moon|Roaring Moon|100\/100\n|turn|31\n|\n|t:|1700315384\n|-end|p2a: Iron Moth|Quark Drive|[silent]\n|switch|p2a: Sandaconda(B)|Sandaconda, M|80\/100\n|move|p1a: Roaring Moon|Dragon Dance|p1a: Roaring Moon\n|-boost|p1a: Roaring Moon|atk|1\n|-boost|p1a: Roaring Moon|spe|1\n|\n|-heal|p2a: Sandaconda(B)|86\/100|[from] item: Leftovers\n|-fieldend|move: Psychic Terrain\n|upkeep\n|turn|32\n|\n|t:|1700315412\n|move|p1a: Roaring Moon|Knock Off|p2a: Sandaconda(B)\n|-damage|p2a: Sandaconda(B)|17\/100\n|-enditem|p2a: Sandaconda(B)|Leftovers|[from] move: Knock Off|[of] p1a: Roaring Moon\n|move|p2a: Sandaconda(B)|Glare|p1a: Roaring Moon\n|-status|p1a: Roaring Moon|par\n|\n|upkeep\n|turn|33\n|c|\u2606aryan3003|glare is scary\n|\n|t:|1700315474\n|move|p1a: Roaring Moon|Dragon Dance|p1a: Roaring Moon\n|-boost|p1a: Roaring Moon|atk|1\n|-boost|p1a: Roaring Moon|spe|1\n|move|p2a: Sandaconda(B)|Earthquake|p1a: Roaring Moon\n|-damage|p1a: Roaring Moon|35\/100 par\n|\n|upkeep\n|turn|34\n|\n|t:|1700315482\n|move|p1a: Roaring Moon|Acrobatics|p2a: Sandaconda(B)\n|-damage|p2a: Sandaconda(B)|0 fnt\n|faint|p2a: Sandaconda(B)\n|\n|upkeep\n|c| zLayton|jover\n|\n|t:|1700315524\n|switch|p2a: Iron Moth|Iron Moth|100\/100\n|turn|35\n|c|\u2606aryan3003|gg\n|\n|t:|1700315527\n|move|p2a: Iron Moth|Sludge Wave|p1a: Roaring Moon\n|-damage|p1a: Roaring Moon|0 fnt\n|faint|p1a: Roaring Moon\n|-end|p1a: Roaring Moon|Protosynthesis|[silent]\n|\n|upkeep\n|\n|t:|1700315529\n|switch|p1a: Cinderace|Cinderace, F|67\/100\n|turn|36\n|c| zLayton|or not?\n|c|\u2606Pelaiini|scary\n|\n|t:|1700315541\n|move|p1a: Cinderace|Gunk Shot|p2a: Iron Moth\n|-start|p1a: Cinderace|typechange|Poison|[from] ability: Libero\n|-resisted|p2a: Iron Moth\n|-damage|p2a: Iron Moth|50\/100\n|move|p2a: Iron Moth|Sludge Wave|p1a: Cinderace\n|-resisted|p1a: Cinderace\n|-crit|p1a: Cinderace\n|-damage|p1a: Cinderace|3\/100\n|\n|upkeep\n|turn|37\n|\n|t:|1700315549\n|move|p1a: Cinderace|Gunk Shot|p2a: Iron Moth\n|-resisted|p2a: Iron Moth\n|-damage|p2a: Iron Moth|0 fnt\n|faint|p2a: Iron Moth\n|-end|p2a: Iron Moth|Quark Drive|[silent]\n|\n|upkeep\n|\n|t:|1700315551\n|switch|p2a: Iron Valiant|Iron Valiant, shiny|100\/100\n|-enditem|p2a: Iron Valiant|Booster Energy\n|-activate|p2a: Iron Valiant|ability: Quark Drive|[fromitem]\n|-start|p2a: Iron Valiant|quarkdrivespe\n|turn|38\n|\n|t:|1700315554\n|move|p2a: Iron Valiant|Vacuum Wave|p1a: Cinderace\n|-resisted|p1a: Cinderace\n|-damage|p1a: Cinderace|0 fnt\n|faint|p1a: Cinderace\n|\n|win|Pelaiini\n|c|\u2606Pelaiini|gg\n|c|\u2606aryan3003|ooff gg\n|l|\u2606Pelaiini\n|j|\u2606Pelaiini\n|player|p2|Pelaiini|veteran\n","uploadtime":1700315587,"views":24,"p1id":"aryan3003","p2id":"pelaiini","formatid":"gen9ubers","rating":0,"private":0,"password":""}