{"id":"gen9ubers-1968021091","p1":"kakosaru","p2":"yomiuri334","format":"[Gen 9] Ubers","log":"|j|\u2606kakosaru\n|j|\u2606yomiuri334\n|inactive|Battle timer is ON: inactive players will automatically lose when time's up.\n|t:|1697375224\n|gametype|singles\n|player|p1|kakosaru|elesa|\n|player|p2|yomiuri334|thorton|\n|teamsize|p1|6\n|teamsize|p2|6\n|gen|9\n|tier|[Gen 9] Ubers\n|rated|Tournament battle\n|rule|Sleep Clause Mod: Limit one foe put to sleep\n|rule|Species Clause: Limit one of each Pok\u00e9mon\n|rule|OHKO Clause: OHKO moves are banned\n|rule|Evasion Items Clause: Evasion items are banned\n|rule|Evasion Moves Clause: Evasion moves are banned\n|rule|Endless Battle Clause: Forcing endless battles is banned\n|rule|HP Percentage Mod: HP is shown in percentages\n|clearpoke\n|poke|p1|Arceus|\n|poke|p1|Koraidon|\n|poke|p1|Zacian-*|\n|poke|p1|Kyogre|\n|poke|p1|Miraidon|\n|poke|p1|Landorus-Therian, M|\n|poke|p2|Eternatus|\n|poke|p2|Landorus, M|\n|poke|p2|Arceus-Fairy|\n|poke|p2|Zacian-*|\n|poke|p2|Great Tusk|\n|poke|p2|Ogerpon-Hearthflame, F|\n|teampreview\n|inactive|kakosaru also wants the timer to be on.\n|\n|t:|1697375248\n|start\n|switch|p1a: Kyogre|Kyogre|100\/100\n|switch|p2a: Eternatus|Eternatus|100\/100\n|-weather|RainDance|[from] ability: Drizzle|[of] p1a: Kyogre\n|-ability|p2a: Eternatus|Pressure\n|turn|1\n|\n|t:|1697375258\n|switch|p1a: Landorus|Landorus-Therian, M|100\/100\n|-ability|p1a: Landorus|Intimidate|boost\n|-unboost|p2a: Eternatus|atk|1\n|move|p2a: Eternatus|Flamethrower|p1a: Landorus\n|-damage|p1a: Landorus|90\/100\n|\n|-weather|RainDance|[upkeep]\n|upkeep\n|turn|2\n|\n|t:|1697375268\n|switch|p2a: Landorus|Landorus, M|100\/100\n|move|p1a: Landorus|Earthquake|p2a: Landorus\n|-immune|p2a: Landorus\n|\n|-weather|RainDance|[upkeep]\n|upkeep\n|turn|3\n|\n|t:|1697375277\n|move|p2a: Landorus|Focus Blast|p1a: Landorus\n|-resisted|p1a: Landorus\n|-damage|p1a: Landorus|66\/100\n|move|p1a: Landorus|U-turn|p2a: Landorus\n|-resisted|p2a: Landorus\n|-damage|p2a: Landorus|83\/100\n|\n|t:|1697375284\n|switch|p1a: Kyogre|Kyogre|100\/100|[from] U-turn\n|\n|-weather|RainDance|[upkeep]\n|upkeep\n|turn|4\n|\n|t:|1697375290\n|move|p1a: Kyogre|Water Spout|p2a: Landorus\n|-supereffective|p2a: Landorus\n|-damage|p2a: Landorus|0 fnt\n|faint|p2a: Landorus\n|\n|-weather|RainDance|[upkeep]\n|upkeep\n|\n|t:|1697375294\n|switch|p2a: Eternatus|Eternatus|100\/100\n|-ability|p2a: Eternatus|Pressure\n|turn|5\n|\n|t:|1697375301\n|move|p1a: Kyogre|Water Spout|p2a: Eternatus\n|-resisted|p2a: Eternatus\n|-damage|p2a: Eternatus|58\/100\n|move|p2a: Eternatus|Toxic|p1a: Kyogre\n|-status|p1a: Kyogre|tox\n|\n|-weather|none\n|-damage|p1a: Kyogre|94\/100 tox|[from] psn\n|upkeep\n|turn|6\n|\n|t:|1697375312\n|switch|p1a: Landorus|Landorus-Therian, M|66\/100\n|-ability|p1a: Landorus|Intimidate|boost\n|-unboost|p2a: Eternatus|atk|1\n|move|p2a: Eternatus|Dynamax Cannon|p1a: Landorus\n|-damage|p1a: Landorus|34\/100\n|\n|upkeep\n|turn|7\n|\n|t:|1697375321\n|switch|p2a: Great Tusk|Great Tusk|100\/100\n|move|p1a: Landorus|Earthquake|p2a: Great Tusk\n|-damage|p2a: Great Tusk|71\/100\n|\n|-heal|p2a: Great Tusk|78\/100|[from] item: Leftovers\n|upkeep\n|turn|8\n|\n|t:|1697375331\n|switch|p1a: Kyogre|Kyogre|94\/100 tox\n|-weather|RainDance|[from] ability: Drizzle|[of] p1a: Kyogre\n|move|p2a: Great Tusk|Stealth Rock|p1a: Kyogre\n|-sidestart|p1: kakosaru|move: Stealth Rock\n|\n|-weather|RainDance|[upkeep]\n|-heal|p2a: Great Tusk|84\/100|[from] item: Leftovers\n|-damage|p1a: Kyogre|88\/100 tox|[from] psn\n|upkeep\n|turn|9\n|\n|t:|1697375341\n|move|p1a: Kyogre|Water Spout|p2a: Great Tusk\n|-supereffective|p2a: Great Tusk\n|-damage|p2a: Great Tusk|0 fnt\n|faint|p2a: Great Tusk\n|-end|p2a: Great Tusk|Protosynthesis|[silent]\n|\n|-weather|RainDance|[upkeep]\n|-damage|p1a: Kyogre|76\/100 tox|[from] psn\n|upkeep\n|\n|t:|1697375344\n|switch|p2a: Eternatus|Eternatus|58\/100\n|-ability|p2a: Eternatus|Pressure\n|turn|10\n|\n|t:|1697375353\n|move|p1a: Kyogre|Water Spout|p2a: Eternatus\n|-resisted|p2a: Eternatus\n|-damage|p2a: Eternatus|26\/100\n|move|p2a: Eternatus|Recover|p2a: Eternatus\n|-heal|p2a: Eternatus|76\/100\n|\n|-weather|RainDance|[upkeep]\n|-damage|p1a: Kyogre|58\/100 tox|[from] psn\n|upkeep\n|turn|11\n|\n|t:|1697375367\n|switch|p1a: Miraidon|Miraidon|100\/100\n|-damage|p1a: Miraidon|88\/100|[from] Stealth Rock\n|-fieldstart|move: Electric Terrain|[from] ability: Hadron Engine|[of] p1a: Miraidon\n|move|p2a: Eternatus|Dynamax Cannon|p1a: Miraidon\n|-supereffective|p1a: Miraidon\n|-damage|p1a: Miraidon|31\/100\n|\n|-weather|RainDance|[upkeep]\n|upkeep\n|turn|12\n|\n|t:|1697375382\n|switch|p2a: Zacian|Zacian-Crowned|100\/100\n|-ability|p2a: Zacian|Intrepid Sword|boost\n|-boost|p2a: Zacian|atk|1\n|move|p1a: Miraidon|Volt Switch|p2a: Zacian\n|-damage|p2a: Zacian|40\/100\n|\n|t:|1697375392\n|switch|p1a: Landorus|Landorus-Therian, M|34\/100|[from] Volt Switch\n|-damage|p1a: Landorus|22\/100|[from] Stealth Rock\n|-ability|p1a: Landorus|Intimidate|boost\n|-unboost|p2a: Zacian|atk|1\n|\n|-weather|none\n|upkeep\n|turn|13\n|\n|t:|1697375400\n|move|p2a: Zacian|Play Rough|p1a: Landorus\n|-damage|p1a: Landorus|0 fnt\n|faint|p1a: Landorus\n|\n|upkeep\n|inactive|kakosaru has 120 seconds left.\n|\n|t:|1697375428\n|switch|p1a: Arceus|Arceus|100\/100\n|-damage|p1a: Arceus|88\/100|[from] Stealth Rock\n|turn|14\n|\n|t:|1697375434\n|move|p2a: Zacian|Behemoth Blade|p1a: Arceus\n|-damage|p1a: Arceus|52\/100\n|move|p1a: Arceus|Earthquake|p2a: Zacian\n|-supereffective|p2a: Zacian\n|-damage|p2a: Zacian|0 fnt\n|faint|p2a: Zacian\n|\n|-heal|p1a: Arceus|58\/100|[from] item: Leftovers\n|upkeep\n|\n|t:|1697375439\n|switch|p2a: Arceus|Arceus-Fairy|100\/100\n|turn|15\n|\n|t:|1697375447\n|move|p2a: Arceus|Calm Mind|p2a: Arceus\n|-boost|p2a: Arceus|spa|1\n|-boost|p2a: Arceus|spd|1\n|move|p1a: Arceus|Swords Dance|p1a: Arceus\n|-boost|p1a: Arceus|atk|2\n|\n|-heal|p1a: Arceus|64\/100|[from] item: Leftovers\n|-fieldend|move: Electric Terrain\n|upkeep\n|turn|16\n|\n|t:|1697375457\n|move|p1a: Arceus|Extreme Speed|p2a: Arceus\n|-damage|p2a: Arceus|46\/100\n|move|p2a: Arceus|Judgment|p1a: Arceus\n|-damage|p1a: Arceus|12\/100\n|\n|-heal|p1a: Arceus|18\/100|[from] item: Leftovers\n|upkeep\n|turn|17\n|\n|t:|1697375480\n|move|p2a: Arceus|Judgment|p1a: Arceus\n|-damage|p1a: Arceus|0 fnt\n|faint|p1a: Arceus\n|\n|upkeep\n|c|\u2606kakosaru|\u30df\u30b9\u3063\u305f()\n|\n|t:|1697375503\n|switch|p1a: Zacian|Zacian-Crowned|100\/100\n|-damage|p1a: Zacian|94\/100|[from] Stealth Rock\n|-ability|p1a: Zacian|Intrepid Sword|boost\n|-boost|p1a: Zacian|atk|1\n|turn|18\n|\n|t:|1697375511\n|-terastallize|p2a: Arceus|Poison\n|move|p1a: Zacian|Play Rough|p2a: Arceus\n|-resisted|p2a: Arceus\n|-damage|p2a: Arceus|25\/100\n|move|p2a: Arceus|Recover|p2a: Arceus\n|-heal|p2a: Arceus|75\/100\n|\n|upkeep\n|turn|19\n|j| ThePlumber7\n|\n|t:|1697375520\n|move|p1a: Zacian|Behemoth Blade|p2a: Arceus\n|-damage|p2a: Arceus|22\/100\n|move|p2a: Arceus|Earth Power|p1a: Zacian\n|-supereffective|p1a: Zacian\n|-damage|p1a: Zacian|23\/100\n|\n|upkeep\n|turn|20\n|\n|t:|1697375530\n|move|p1a: Zacian|Behemoth Blade|p2a: Arceus\n|-damage|p2a: Arceus|0 fnt\n|faint|p2a: Arceus\n|\n|upkeep\n|\n|t:|1697375532\n|switch|p2a: Ogerpon|Ogerpon-Hearthflame, F|100\/100\n|-ability|p2a: Ogerpon|Mold Breaker\n|turn|21\n|\n|t:|1697375543\n|move|p1a: Zacian|Close Combat|p2a: Ogerpon\n|-damage|p2a: Ogerpon|7\/100\n|-unboost|p1a: Zacian|def|1\n|-unboost|p1a: Zacian|spd|1\n|move|p2a: Ogerpon|Ivy Cudgel|p1a: Zacian\n|-supereffective|p1a: Zacian\n|-damage|p1a: Zacian|0 fnt\n|faint|p1a: Zacian\n|\n|upkeep\n|\n|t:|1697375555\n|switch|p1a: Kyogre|Kyogre|58\/100 tox\n|-damage|p1a: Kyogre|45\/100 tox|[from] Stealth Rock\n|-weather|RainDance|[from] ability: Drizzle|[of] p1a: Kyogre\n|turn|22\n|\n|t:|1697375562\n|switch|p2a: Eternatus|Eternatus|76\/100\n|-ability|p2a: Eternatus|Pressure\n|move|p1a: Kyogre|Ice Beam|p2a: Eternatus\n|-supereffective|p2a: Eternatus\n|-damage|p2a: Eternatus|30\/100\n|\n|-weather|RainDance|[upkeep]\n|-damage|p1a: Kyogre|39\/100 tox|[from] psn\n|upkeep\n|turn|23\n|\n|t:|1697375572\n|move|p1a: Kyogre|Ice Beam|p2a: Eternatus\n|-supereffective|p2a: Eternatus\n|-damage|p2a: Eternatus|0 fnt\n|faint|p2a: Eternatus\n|\n|-weather|RainDance|[upkeep]\n|-damage|p1a: Kyogre|27\/100 tox|[from] psn\n|upkeep\n|\n|t:|1697375573\n|switch|p2a: Ogerpon|Ogerpon-Hearthflame, F|7\/100\n|-ability|p2a: Ogerpon|Mold Breaker\n|turn|24\n|\n|t:|1697375582\n|move|p2a: Ogerpon|Quick Attack|p1a: Kyogre\n|-damage|p1a: Kyogre|10\/100 tox\n|move|p1a: Kyogre|Ice Beam|p2a: Ogerpon\n|-damage|p2a: Ogerpon|0 fnt\n|faint|p2a: Ogerpon\n|\n|win|kakosaru\n|n|\u2606kakosaru|kakosaru\n|n|\u2606yomiuri334|yomiuri334\n|n| ThePlumber7|theplumber7\n","uploadtime":1697375583,"views":12,"p1id":"kakosaru","p2id":"yomiuri334","formatid":"gen9ubers","rating":0,"private":0,"password":""}