{"id":"gen9ubers-1985549190","p1":"Kawaii Senchou-San","p2":"Dvfbhmi","format":"[Gen 9] Ubers","log":"|j|\u2606Kawaii Senchou-San\n|j|\u203dDvfbhmi\n|t:|1699383753\n|gametype|singles\n|player|p1|Kawaii Senchou-San|acerola-masters|1222\n|player|p2|Dvfbhmi|169|1000\n|teamsize|p1|6\n|teamsize|p2|6\n|gen|9\n|tier|[Gen 9] Ubers\n|rated|\n|rule|Sleep Clause Mod: Limit one foe put to sleep\n|rule|Species Clause: Limit one of each Pok\u00e9mon\n|rule|OHKO Clause: OHKO moves are banned\n|rule|Evasion Items Clause: Evasion items are banned\n|rule|Evasion Moves Clause: Evasion moves are banned\n|rule|Endless Battle Clause: Forcing endless battles is banned\n|rule|HP Percentage Mod: HP is shown in percentages\n|clearpoke\n|poke|p1|Annihilape, M|\n|poke|p1|Arceus-Fairy|\n|poke|p1|Dialga|\n|poke|p1|Koraidon|\n|poke|p1|Flutter Mane|\n|poke|p1|Ogerpon-Hearthflame, F|\n|poke|p2|Ninetales-Alola, F|\n|poke|p2|Okidogi, M|\n|poke|p2|Miraidon|\n|poke|p2|Ogerpon-Wellspring, F|\n|poke|p2|Skeledirge, F|\n|poke|p2|Glimmora, M|\n|teampreview\n|\n|t:|1699383762\n|start\n|switch|p1a: Annihilape|Annihilape, M, shiny|100\/100\n|switch|p2a: Okidogi|Okidogi, M|100\/100\n|turn|1\n|c|\u2606Kawaii Senchou-San|how does okidogi work in ubers\n|\n|t:|1699383774\n|switch|p2a: Glimmora|Glimmora, M|100\/100\n|-item|p2a: Glimmora|Air Balloon\n|move|p1a: Annihilape|Bulk Up|p1a: Annihilape\n|-boost|p1a: Annihilape|atk|1\n|-boost|p1a: Annihilape|def|1\n|\n|upkeep\n|turn|2\n|inactive|Battle timer is ON: inactive players will automatically lose when time's up. (requested by Kawaii Senchou-San)\n|\n|t:|1699383781\n|move|p2a: Glimmora|Mortal Spin|p1a: Annihilape\n|-resisted|p1a: Annihilape\n|-damage|p1a: Annihilape|98\/100\n|-status|p1a: Annihilape|psn\n|move|p1a: Annihilape|Rage Fist|p2a: Glimmora\n|-damage|p2a: Glimmora|36\/100\n|-activate|p2a: Glimmora|ability: Toxic Debris\n|-sidestart|p1: Kawaii Senchou-San|move: Toxic Spikes\n|-enditem|p2a: Glimmora|Air Balloon\n|\n|-heal|p1a: Annihilape|100\/100 psn|[from] item: Leftovers\n|-damage|p1a: Annihilape|88\/100 psn|[from] psn\n|upkeep\n|turn|3\n|\n|t:|1699383796\n|move|p2a: Glimmora|Earth Power|p1a: Annihilape\n|-damage|p1a: Annihilape|67\/100 psn\n|move|p1a: Annihilape|Rest|p1a: Annihilape\n|-status|p1a: Annihilape|slp|[from] move: Rest\n|-heal|p1a: Annihilape|100\/100 slp|[silent]\n|\n|upkeep\n|turn|4\n|\n|t:|1699383801\n|switch|p2a: Skeledirge|Skeledirge, F|100\/100\n|cant|p1a: Annihilape|slp\n|move|p1a: Annihilape|Sleep Talk|p1a: Annihilape\n|move|p1a: Annihilape|Rest||[from]move: Sleep Talk|[still]\n|-fail|p1a: Annihilape\n|\n|upkeep\n|turn|5\n|\n|t:|1699383807\n|cant|p1a: Annihilape|slp\n|move|p1a: Annihilape|Sleep Talk|p1a: Annihilape\n|move|p1a: Annihilape|Bulk Up|p1a: Annihilape|[from]move: Sleep Talk\n|-boost|p1a: Annihilape|atk|1\n|-boost|p1a: Annihilape|def|1\n|move|p2a: Skeledirge|Hex|p1a: Annihilape\n|-supereffective|p1a: Annihilape\n|-damage|p1a: Annihilape|35\/100 slp\n|\n|-heal|p1a: Annihilape|41\/100 slp|[from] item: Leftovers\n|upkeep\n|turn|6\n|\n|t:|1699383818\n|-terastallize|p2a: Skeledirge|Fairy\n|-curestatus|p1a: Annihilape|slp|[msg]\n|move|p1a: Annihilape|Rage Fist|p2a: Skeledirge\n|-damage|p2a: Skeledirge|57\/100\n|move|p2a: Skeledirge|Hex|p1a: Annihilape\n|-supereffective|p1a: Annihilape\n|-damage|p1a: Annihilape|11\/100\n|\n|-heal|p1a: Annihilape|17\/100|[from] item: Leftovers\n|upkeep\n|turn|7\n|\n|t:|1699383825\n|switch|p2a: Glimmora|Glimmora, M|36\/100\n|-terastallize|p1a: Annihilape|Water\n|move|p1a: Annihilape|Rage Fist|p2a: Glimmora\n|-damage|p2a: Glimmora|0 fnt\n|-activate|p2a: Glimmora|ability: Toxic Debris\n|-sidestart|p1: Kawaii Senchou-San|move: Toxic Spikes\n|faint|p2a: Glimmora\n|\n|-heal|p1a: Annihilape|23\/100|[from] item: Leftovers\n|upkeep\n|\n|t:|1699383832\n|switch|p2a: Ogerpon|Ogerpon-Wellspring, F|100\/100\n|turn|8\n|\n|t:|1699383835\n|move|p2a: Ogerpon|Horn Leech|p1a: Annihilape\n|-supereffective|p1a: Annihilape\n|-damage|p1a: Annihilape|0 fnt\n|faint|p1a: Annihilape\n|\n|upkeep\n|\n|t:|1699383840\n|switch|p1a: Dialga|Dialga|100\/100\n|-ability|p1a: Dialga|Pressure\n|turn|9\n|\n|t:|1699383851\n|switch|p2a: Ninetales|Ninetales-Alola, F|100\/100\n|-weather|Snow|[from] ability: Snow Warning|[of] p2a: Ninetales\n|move|p1a: Dialga|Stealth Rock|p2a: Ninetales\n|-sidestart|p2: Dvfbhmi|move: Stealth Rock\n|\n|-weather|Snow|[upkeep]\n|upkeep\n|turn|10\n|\n|t:|1699383880\n|move|p2a: Ninetales|Hypnosis|p1a: Dialga\n|-status|p1a: Dialga|slp|[from] move: Hypnosis\n|cant|p1a: Dialga|slp\n|\n|-weather|Snow|[upkeep]\n|upkeep\n|turn|11\n|\n|t:|1699383885\n|move|p2a: Ninetales|Aurora Veil|p2a: Ninetales\n|-sidestart|p2: Dvfbhmi|move: Aurora Veil\n|-curestatus|p1a: Dialga|slp|[msg]\n|move|p1a: Dialga|Flash Cannon|p2a: Ninetales\n|-supereffective|p2a: Ninetales\n|-damage|p2a: Ninetales|4\/100\n|\n|-weather|Snow|[upkeep]\n|upkeep\n|turn|12\n|\n|t:|1699383891\n|move|p2a: Ninetales|Moonblast|p1a: Dialga\n|-damage|p1a: Dialga|70\/100\n|move|p1a: Dialga|Flash Cannon|p2a: Ninetales\n|-supereffective|p2a: Ninetales\n|-crit|p2a: Ninetales\n|-damage|p2a: Ninetales|0 fnt\n|faint|p2a: Ninetales\n|\n|-weather|Snow|[upkeep]\n|-heal|p1a: Dialga|76\/100|[from] item: Leftovers\n|upkeep\n|\n|t:|1699383894\n|switch|p2a: Okidogi|Okidogi, M|100\/100\n|-damage|p2a: Okidogi|94\/100|[from] Stealth Rock\n|turn|13\n|\n|t:|1699383898\n|move|p1a: Dialga|Thunder Wave|p2a: Okidogi\n|-status|p2a: Okidogi|par\n|move|p2a: Okidogi|Bulk Up|p2a: Okidogi\n|-boost|p2a: Okidogi|atk|1\n|-boost|p2a: Okidogi|def|1\n|\n|-weather|none\n|-heal|p1a: Dialga|82\/100|[from] item: Leftovers\n|-heal|p2a: Okidogi|100\/100 par|[from] item: Leftovers\n|upkeep\n|turn|14\n|\n|t:|1699383906\n|switch|p1a: Ogerpon|Ogerpon-Hearthflame, F|100\/100\n|-status|p1a: Ogerpon|tox\n|-ability|p1a: Ogerpon|Mold Breaker\n|move|p2a: Okidogi|Bulk Up|p2a: Okidogi\n|-boost|p2a: Okidogi|atk|1\n|-boost|p2a: Okidogi|def|1\n|\n|-damage|p1a: Ogerpon|95\/100 tox|[from] psn\n|upkeep\n|turn|15\n|\n|t:|1699383911\n|move|p1a: Ogerpon|Knock Off|p2a: Okidogi\n|-resisted|p2a: Okidogi\n|-damage|p2a: Okidogi|96\/100 par\n|-enditem|p2a: Okidogi|Leftovers|[from] move: Knock Off|[of] p1a: Ogerpon\n|move|p2a: Okidogi|Poison Jab|p1a: Ogerpon\n|-supereffective|p1a: Ogerpon\n|-damage|p1a: Ogerpon|0 fnt\n|faint|p1a: Ogerpon\n|\n|upkeep\n|\n|t:|1699383915\n|switch|p1a: Arceus|Arceus-Fairy|100\/100\n|-status|p1a: Arceus|tox\n|turn|16\n|\n|t:|1699383918\n|move|p1a: Arceus|Judgment|p2a: Okidogi\n|-damage|p2a: Okidogi|79\/100 par\n|move|p2a: Okidogi|Poison Jab|p1a: Arceus\n|-supereffective|p1a: Arceus\n|-damage|p1a: Arceus|8\/100 tox\n|\n|-damage|p1a: Arceus|1\/100 tox|[from] psn\n|upkeep\n|turn|17\n|\n|t:|1699383921\n|move|p1a: Arceus|Judgment|p2a: Okidogi\n|-damage|p2a: Okidogi|62\/100 par\n|move|p2a: Okidogi|Bulk Up|p2a: Okidogi\n|-boost|p2a: Okidogi|atk|1\n|-boost|p2a: Okidogi|def|1\n|\n|-damage|p1a: Arceus|0 fnt|[from] psn\n|faint|p1a: Arceus\n|upkeep\n|\n|t:|1699383924\n|switch|p1a: Koraidon|Koraidon|100\/100\n|-status|p1a: Koraidon|tox\n|-weather|SunnyDay|[from] ability: Orichalcum Pulse|[of] p1a: Koraidon\n|-activate|p1a: Koraidon|Orichalcum Pulse|[source]\n|turn|18\n|\n|t:|1699383928\n|move|p1a: Koraidon|U-turn|p2a: Okidogi\n|-resisted|p2a: Okidogi\n|-crit|p2a: Okidogi\n|-damage|p2a: Okidogi|52\/100 par\n|\n|t:|1699383930\n|switch|p1a: Dialga|Dialga|82\/100|[from] U-turn\n|-ability|p1a: Dialga|Pressure\n|move|p2a: Okidogi|Drain Punch|p1a: Dialga\n|-supereffective|p1a: Dialga\n|-damage|p1a: Dialga|0 fnt\n|-heal|p2a: Okidogi|93\/100 par|[from] drain|[of] p1a: Dialga\n|faint|p1a: Dialga\n|\n|-weather|SunnyDay|[upkeep]\n|-sideend|p2: Dvfbhmi|move: Aurora Veil\n|upkeep\n|\n|t:|1699383933\n|switch|p1a: Flutter Mane|Flutter Mane|100\/100\n|-status|p1a: Flutter Mane|tox\n|-activate|p1a: Flutter Mane|ability: Protosynthesis\n|-start|p1a: Flutter Mane|protosynthesisspe\n|turn|19\n|\n|t:|1699383940\n|move|p1a: Flutter Mane|Moonblast|p2a: Okidogi\n|-damage|p2a: Okidogi|43\/100 par\n|-unboost|p2a: Okidogi|spa|1\n|move|p2a: Okidogi|Poison Jab|p1a: Flutter Mane\n|-damage|p1a: Flutter Mane|0 fnt\n|faint|p1a: Flutter Mane\n|-end|p1a: Flutter Mane|Protosynthesis|[silent]\n|\n|-weather|SunnyDay|[upkeep]\n|upkeep\n|c|\u2606Kawaii Senchou-San|ok i got my answer\n|-message|Kawaii Senchou-San forfeited.\n|\n|win|Dvfbhmi\n|raw|Kawaii Senchou-San's rating: 1222 &rarr; <strong>1183<\/strong><br \/>(-39 for losing)\n|raw|Dvfbhmi's rating: 1000 &rarr; <strong>1063<\/strong><br \/>(+63 for winning)\n|l|\u2606Kawaii Senchou-San\n","uploadtime":1699383965,"views":6,"p1id":"kawaiisenchousan","p2id":"dvfbhmi","formatid":"gen9ubers","rating":1063,"private":0,"password":""}