{"id":"gen9ubers-1992507333","p1":"KeshBa45","p2":"Enfyre","format":"[Gen 9] Ubers","log":"|j|\u2606KeshBa45\n|j|\u2606Enfyre\n|t:|1700196671\n|gametype|singles\n|player|p1|KeshBa45|red|\n|player|p2|Enfyre|liza-masters|\n|teamsize|p1|6\n|teamsize|p2|6\n|gen|9\n|tier|[Gen 9] Ubers\n|rated|Tournament battle\n|rule|Sleep Clause Mod: Limit one foe put to sleep\n|rule|Species Clause: Limit one of each Pok\u00e9mon\n|rule|OHKO Clause: OHKO moves are banned\n|rule|Evasion Items Clause: Evasion items are banned\n|rule|Evasion Moves Clause: Evasion moves are banned\n|rule|Endless Battle Clause: Forcing endless battles is banned\n|rule|HP Percentage Mod: HP is shown in percentages\n|clearpoke\n|poke|p1|Ribombee, F|\n|poke|p1|Mewtwo|\n|poke|p1|Miraidon|\n|poke|p1|Eternatus|\n|poke|p1|Zacian-*|\n|poke|p1|Arceus|\n|poke|p2|Arceus|\n|poke|p2|Gliscor, F|\n|poke|p2|Kyogre|\n|poke|p2|Iron Treads|\n|poke|p2|Zacian-*|\n|poke|p2|Skeledirge, M|\n|teampreview\n|c|\u2606KeshBa45|glgl\n|\n|t:|1700196688\n|start\n|switch|p1a: Arceus|Arceus|100\/100\n|switch|p2a: Iron Treads|Iron Treads|100\/100\n|turn|1\n|c|\u2606KeshBa45|verymon looking ass intp treads\n|c|\u2606KeshBa45|goat mon\n|\n|t:|1700196733\n|move|p2a: Iron Treads|Stealth Rock|p1a: Arceus\n|-sidestart|p1: KeshBa45|move: Stealth Rock\n|move|p1a: Arceus|Taunt|p2a: Iron Treads\n|-start|p2a: Iron Treads|move: Taunt\n|\n|upkeep\n|turn|2\n|c|\u2606KeshBa45|wasted asf\n|\n|t:|1700196753\n|-end|p2a: Iron Treads|Quark Drive|[silent]\n|switch|p2a: Skeledirge|Skeledirge, M|100\/100\n|move|p1a: Arceus|Swords Dance|p1a: Arceus\n|-boost|p1a: Arceus|atk|2\n|\n|upkeep\n|turn|3\n|\n|t:|1700196759\n|move|p1a: Arceus|Shadow Claw|p2a: Skeledirge\n|-supereffective|p2a: Skeledirge\n|-damage|p2a: Skeledirge|72\/100\n|move|p2a: Skeledirge|Torch Song|p1a: Arceus\n|-damage|p1a: Arceus|78\/100\n|-boost|p2a: Skeledirge|spa|1\n|\n|upkeep\n|turn|4\n|\n|t:|1700196765\n|move|p1a: Arceus|Taunt|p2a: Skeledirge\n|-start|p2a: Skeledirge|move: Taunt\n|move|p2a: Skeledirge|Torch Song|p1a: Arceus\n|-damage|p1a: Arceus|44\/100\n|-boost|p2a: Skeledirge|spa|1\n|\n|upkeep\n|turn|5\n|\n|t:|1700196770\n|move|p1a: Arceus|Shadow Claw|p2a: Skeledirge\n|-supereffective|p2a: Skeledirge\n|-crit|p2a: Skeledirge\n|-damage|p2a: Skeledirge|27\/100\n|move|p2a: Skeledirge|Torch Song|p1a: Arceus\n|-damage|p1a: Arceus|0 fnt\n|-boost|p2a: Skeledirge|spa|1\n|faint|p1a: Arceus\n|\n|upkeep\n|\n|t:|1700196787\n|switch|p1a: Eternatus|Eternatus|100\/100\n|-damage|p1a: Eternatus|88\/100|[from] Stealth Rock\n|-ability|p1a: Eternatus|Pressure\n|turn|6\n|\n|t:|1700196795\n|-terastallize|p2a: Skeledirge|Fairy\n|move|p1a: Eternatus|Dynamax Cannon|p2a: Skeledirge\n|-immune|p2a: Skeledirge\n|move|p2a: Skeledirge|Earth Power|p1a: Eternatus\n|-supereffective|p1a: Eternatus\n|-damage|p1a: Eternatus|6\/100\n|\n|-heal|p1a: Eternatus|12\/100|[from] item: Leftovers\n|-end|p2a: Skeledirge|move: Taunt\n|upkeep\n|turn|7\n|\n|t:|1700196803\n|switch|p2a: Iron Treads|Iron Treads|100\/100\n|move|p1a: Eternatus|Sludge Bomb|p2a: Iron Treads\n|-immune|p2a: Iron Treads\n|\n|-heal|p1a: Eternatus|18\/100|[from] item: Leftovers\n|upkeep\n|turn|8\n|\n|t:|1700196811\n|move|p2a: Iron Treads|Iron Head|p1a: Eternatus\n|-damage|p1a: Eternatus|0 fnt\n|faint|p1a: Eternatus\n|\n|upkeep\n|j| skimmythegod\n|\n|t:|1700196819\n|switch|p1a: Zacian|Zacian-Crowned, shiny|100\/100\n|-damage|p1a: Zacian|94\/100|[from] Stealth Rock\n|-ability|p1a: Zacian|Intrepid Sword|boost\n|-boost|p1a: Zacian|atk|1\n|turn|9\n|c|\u2606KeshBa45|oops now i see i dont have cc\n|\n|t:|1700196858\n|switch|p1a: Ribombee|Ribombee, F, shiny|100\/100\n|-damage|p1a: Ribombee|76\/100|[from] Stealth Rock\n|-end|p2a: Iron Treads|Quark Drive|[silent]\n|switch|p2a: Gliscor|Gliscor, F|100\/100\n|\n|-status|p2a: Gliscor|tox|[from] item: Toxic Orb\n|upkeep\n|turn|10\n|c|\u2606KeshBa45|wtf bro i told u i dont have it :0\n|\n|t:|1700196874\n|move|p1a: Ribombee|Sticky Web|p2a: Gliscor\n|-sidestart|p2: Enfyre|move: Sticky Web\n|move|p2a: Gliscor|Spikes|p1a: Ribombee\n|-sidestart|p1: KeshBa45|Spikes\n|\n|upkeep\n|turn|11\n|\n|t:|1700196878\n|move|p1a: Ribombee|Moonblast|p2a: Gliscor\n|-damage|p2a: Gliscor|67\/100 tox\n|-unboost|p2a: Gliscor|spa|1\n|move|p2a: Gliscor|Earthquake|p1a: Ribombee\n|-resisted|p1a: Ribombee\n|-damage|p1a: Ribombee|41\/100\n|\n|-heal|p2a: Gliscor|79\/100 tox|[from] ability: Poison Heal\n|upkeep\n|turn|12\n|\n|t:|1700196882\n|move|p2a: Gliscor|Protect|p2a: Gliscor\n|-singleturn|p2a: Gliscor|Protect\n|move|p1a: Ribombee|Moonblast|p2a: Gliscor\n|-activate|p2a: Gliscor|move: Protect\n|\n|-heal|p2a: Gliscor|91\/100 tox|[from] ability: Poison Heal\n|upkeep\n|turn|13\n|\n|t:|1700196888\n|move|p1a: Ribombee|Moonblast|p2a: Gliscor\n|-damage|p2a: Gliscor|57\/100 tox\n|move|p2a: Gliscor|Spikes|p1a: Ribombee\n|-sidestart|p1: KeshBa45|Spikes\n|\n|-heal|p2a: Gliscor|69\/100 tox|[from] ability: Poison Heal\n|upkeep\n|turn|14\n|\n|t:|1700196891\n|switch|p1a: Mewtwo|Mewtwo, shiny|100\/100\n|-damage|p1a: Mewtwo|88\/100|[from] Stealth Rock\n|-damage|p1a: Mewtwo|72\/100|[from] Spikes\n|-ability|p1a: Mewtwo|Pressure\n|move|p2a: Gliscor|Protect||[still]\n|-fail|p2a: Gliscor\n|\n|-heal|p2a: Gliscor|82\/100 tox|[from] ability: Poison Heal\n|upkeep\n|turn|15\n|l| skimmythegod\n|\n|t:|1700196898\n|move|p1a: Mewtwo|Nasty Plot|p1a: Mewtwo\n|-boost|p1a: Mewtwo|spa|2\n|move|p2a: Gliscor|Toxic|p1a: Mewtwo\n|-status|p1a: Mewtwo|tox\n|\n|-damage|p1a: Mewtwo|65\/100 tox|[from] psn\n|-heal|p2a: Gliscor|94\/100 tox|[from] ability: Poison Heal\n|upkeep\n|turn|16\n|\n|t:|1700196902\n|move|p2a: Gliscor|Protect|p2a: Gliscor\n|-singleturn|p2a: Gliscor|Protect\n|move|p1a: Mewtwo|Psystrike|p2a: Gliscor\n|-activate|p2a: Gliscor|move: Protect\n|\n|-damage|p1a: Mewtwo|53\/100 tox|[from] psn\n|-heal|p2a: Gliscor|100\/100 tox|[from] ability: Poison Heal\n|upkeep\n|turn|17\n|\n|t:|1700196909\n|switch|p2a: Skeledirge|Skeledirge, M, tera:Fairy|27\/100\n|move|p1a: Mewtwo|Psystrike|p2a: Skeledirge\n|-damage|p2a: Skeledirge|0 fnt\n|faint|p2a: Skeledirge\n|-damage|p1a: Mewtwo|43\/100 tox|[from] item: Life Orb\n|\n|-damage|p1a: Mewtwo|24\/100 tox|[from] psn\n|upkeep\n|\n|t:|1700196912\n|switch|p2a: Arceus|Arceus|100\/100\n|-activate|p2a: Arceus|move: Sticky Web\n|-unboost|p2a: Arceus|spe|1\n|turn|18\n|\n|t:|1700196915\n|move|p2a: Arceus|Extreme Speed|p1a: Mewtwo\n|-damage|p1a: Mewtwo|0 fnt\n|faint|p1a: Mewtwo\n|\n|upkeep\n|\n|t:|1700196918\n|switch|p1a: Zacian|Zacian-Crowned, shiny|94\/100\n|-damage|p1a: Zacian|88\/100|[from] Stealth Rock\n|-damage|p1a: Zacian|72\/100|[from] Spikes\n|turn|19\n|\n|t:|1700196920\n|move|p1a: Zacian|Swords Dance|p1a: Zacian\n|-boost|p1a: Zacian|atk|2\n|move|p2a: Arceus|Shadow Claw|p1a: Zacian\n|-damage|p1a: Zacian|46\/100\n|\n|upkeep\n|turn|20\n|j|%Taka\n|\n|t:|1700196935\n|move|p1a: Zacian|Behemoth Blade|p2a: Arceus\n|-damage|p2a: Arceus|25\/100\n|move|p2a: Arceus|Shadow Claw|p1a: Zacian\n|-damage|p1a: Zacian|22\/100\n|\n|upkeep\n|turn|21\n|\n|t:|1700196940\n|move|p2a: Arceus|Extreme Speed|p1a: Zacian\n|-resisted|p1a: Zacian\n|-damage|p1a: Zacian|0 fnt\n|faint|p1a: Zacian\n|\n|upkeep\n|\n|t:|1700196971\n|switch|p1a: Miraidon|Miraidon|100\/100\n|-damage|p1a: Miraidon|88\/100|[from] Stealth Rock\n|-damage|p1a: Miraidon|72\/100|[from] Spikes\n|-fieldstart|move: Electric Terrain|[from] ability: Hadron Engine|[of] p1a: Miraidon\n|turn|22\n|\n|t:|1700196979\n|move|p2a: Arceus|Extreme Speed|p1a: Miraidon\n|-damage|p1a: Miraidon|22\/100\n|move|p1a: Miraidon|Parabolic Charge|p2a: Arceus\n|-damage|p2a: Arceus|0 fnt\n|-heal|p1a: Miraidon|37\/100|[from] drain|[of] p2a: Arceus\n|faint|p2a: Arceus\n|-damage|p1a: Miraidon|27\/100|[from] item: Life Orb\n|\n|upkeep\n|\n|t:|1700196982\n|switch|p2a: Iron Treads|Iron Treads|100\/100\n|-activate|p2a: Iron Treads|move: Sticky Web\n|-unboost|p2a: Iron Treads|spe|1\n|-activate|p2a: Iron Treads|ability: Quark Drive\n|-start|p2a: Iron Treads|quarkdriveatk\n|turn|23\n|\n|t:|1700196987\n|-terastallize|p1a: Miraidon|Dragon\n|move|p1a: Miraidon|Draco Meteor|p2a: Iron Treads\n|-resisted|p2a: Iron Treads\n|-damage|p2a: Iron Treads|0 fnt\n|-unboost|p1a: Miraidon|spa|2\n|faint|p2a: Iron Treads\n|-end|p2a: Iron Treads|Quark Drive|[silent]\n|-damage|p1a: Miraidon|17\/100|[from] item: Life Orb\n|\n|upkeep\n|c|\u2606KeshBa45|wtf\n|\n|t:|1700196994\n|switch|p2a: Zacian|Zacian-Crowned|100\/100\n|-activate|p2a: Zacian|move: Sticky Web\n|-unboost|p2a: Zacian|spe|1\n|-ability|p2a: Zacian|Intrepid Sword|boost\n|-boost|p2a: Zacian|atk|1\n|turn|24\n|c|%Taka|that had no bulk\n|c|%Taka|damn\n|c|\u2606KeshBa45|coulda started sding and won earlier lol\n|c|\u2606KeshBa45|with tera\n|\n|t:|1700197020\n|switch|p2a: Gliscor|Gliscor, F|100\/100 tox\n|move|p1a: Miraidon|Parabolic Charge|p2a: Gliscor\n|-immune|p2a: Gliscor\n|\n|upkeep\n|turn|25\n|\n|t:|1700197032\n|switch|p2a: Kyogre|Kyogre|100\/100\n|-activate|p2a: Kyogre|move: Sticky Web\n|-unboost|p2a: Kyogre|spe|1\n|-weather|RainDance|[from] ability: Drizzle|[of] p2a: Kyogre\n|move|p1a: Miraidon|Draco Meteor|p2a: Kyogre\n|-damage|p2a: Kyogre|45\/100\n|-unboost|p1a: Miraidon|spa|2\n|-damage|p1a: Miraidon|7\/100|[from] item: Life Orb\n|\n|-weather|RainDance|[upkeep]\n|upkeep\n|turn|26\n|\n|t:|1700197035\n|switch|p2a: Gliscor|Gliscor, F|100\/100 tox\n|move|p1a: Miraidon|Parabolic Charge|p2a: Gliscor\n|-immune|p2a: Gliscor\n|\n|-weather|RainDance|[upkeep]\n|-fieldend|move: Electric Terrain\n|upkeep\n|turn|27\n|\n|t:|1700197045\n|move|p1a: Miraidon|Calm Mind|p1a: Miraidon\n|-boost|p1a: Miraidon|spa|1\n|-boost|p1a: Miraidon|spd|1\n|move|p2a: Gliscor|Earthquake|p1a: Miraidon\n|-damage|p1a: Miraidon|0 fnt\n|faint|p1a: Miraidon\n|\n|-weather|RainDance|[upkeep]\n|upkeep\n|\n|t:|1700197048\n|switch|p1a: Ribombee|Ribombee, F, shiny|41\/100\n|-damage|p1a: Ribombee|16\/100|[from] Stealth Rock\n|-damage|p1a: Ribombee|0 fnt|[from] Spikes\n|faint|p1a: Ribombee\n|\n|win|Enfyre\n|n|\u2606KeshBa45|keshba45\n|n|\u2606Enfyre|enfyre\n|n| Taka|taka\n","uploadtime":1700197049,"views":5,"p1id":"keshba45","p2id":"enfyre","formatid":"gen9ubers","rating":0,"private":0,"password":""}