{"id":"gen9ubers-1982064261","p1":"gotysss","p2":"85792195wwww","format":"[Gen 9] Ubers","log":"|j|\u2606gotysss\n|j|\u203d85792195wwww\n|t:|1698964275\n|gametype|singles\n|player|p1|gotysss|parasollady|1192\n|player|p2|85792195wwww|102|1397\n|teamsize|p1|6\n|teamsize|p2|6\n|gen|9\n|tier|[Gen 9] Ubers\n|rated|\n|rule|Sleep Clause Mod: Limit one foe put to sleep\n|rule|Species Clause: Limit one of each Pok\u00e9mon\n|rule|OHKO Clause: OHKO moves are banned\n|rule|Evasion Items Clause: Evasion items are banned\n|rule|Evasion Moves Clause: Evasion moves are banned\n|rule|Endless Battle Clause: Forcing endless battles is banned\n|rule|HP Percentage Mod: HP is shown in percentages\n|clearpoke\n|poke|p1|Magearna|\n|poke|p1|Koraidon|\n|poke|p1|Zacian-*|\n|poke|p1|Landorus-Therian, M|\n|poke|p1|Ting-Lu|\n|poke|p1|Miraidon|\n|poke|p2|Kyogre|\n|poke|p2|Zacian-*|\n|poke|p2|Arceus|\n|poke|p2|Landorus, M|\n|poke|p2|Koraidon|\n|poke|p2|Ursaluna, M|\n|teampreview\n|\n|t:|1698964290\n|start\n|switch|p1a: Landorus|Landorus-Therian, M|100\/100\n|switch|p2a: Landorus|Landorus, M|100\/100\n|-ability|p1a: Landorus|Intimidate|boost\n|-unboost|p2a: Landorus|atk|1\n|turn|1\n|\n|t:|1698964298\n|move|p2a: Landorus|Stealth Rock|p1a: Landorus\n|-sidestart|p1: gotysss|move: Stealth Rock\n|move|p1a: Landorus|Stealth Rock|p2a: Landorus\n|-sidestart|p2: 85792195wwww|move: Stealth Rock\n|\n|upkeep\n|turn|2\n|\n|t:|1698964303\n|move|p2a: Landorus|Psychic|p1a: Landorus\n|-damage|p1a: Landorus|52\/100\n|move|p1a: Landorus|U-turn|p2a: Landorus\n|-resisted|p2a: Landorus\n|-damage|p2a: Landorus|84\/100\n|\n|t:|1698964313\n|switch|p1a: Ting-Lu|Ting-Lu|100\/100|[from] U-turn\n|-damage|p1a: Ting-Lu|94\/100|[from] Stealth Rock\n|-ability|p1a: Ting-Lu|Vessel of Ruin\n|\n|-heal|p1a: Ting-Lu|100\/100|[from] item: Leftovers\n|upkeep\n|turn|3\n|\n|t:|1698964322\n|move|p2a: Landorus|Taunt|p1a: Ting-Lu\n|-start|p1a: Ting-Lu|move: Taunt\n|cant|p1a: Ting-Lu|move: Taunt|Spikes\n|\n|upkeep\n|turn|4\n|\n|t:|1698964331\n|move|p2a: Landorus|Earth Power|p1a: Ting-Lu\n|-damage|p1a: Ting-Lu|68\/100\n|move|p1a: Ting-Lu|Ruination|p2a: Landorus\n|-damage|p2a: Landorus|42\/100\n|\n|-heal|p1a: Ting-Lu|74\/100|[from] item: Leftovers\n|upkeep\n|turn|5\n|\n|t:|1698964343\n|switch|p1a: Landorus|Landorus-Therian, M|52\/100\n|-damage|p1a: Landorus|39\/100|[from] Stealth Rock\n|-ability|p1a: Landorus|Intimidate|boost\n|-unboost|p2a: Landorus|atk|1\n|move|p2a: Landorus|Earth Power|p1a: Landorus\n|-immune|p1a: Landorus\n|\n|-heal|p1a: Landorus|45\/100|[from] item: Leftovers\n|upkeep\n|turn|6\n|\n|t:|1698964355\n|switch|p1a: Ting-Lu|Ting-Lu|74\/100\n|-damage|p1a: Ting-Lu|68\/100|[from] Stealth Rock\n|-ability|p1a: Ting-Lu|Vessel of Ruin\n|move|p2a: Landorus|Psychic|p1a: Ting-Lu\n|-immune|p1a: Ting-Lu\n|\n|-heal|p1a: Ting-Lu|74\/100|[from] item: Leftovers\n|upkeep\n|turn|7\n|\n|t:|1698964381\n|switch|p1a: Landorus|Landorus-Therian, M|45\/100\n|-damage|p1a: Landorus|33\/100|[from] Stealth Rock\n|-ability|p1a: Landorus|Intimidate|boost\n|-unboost|p2a: Landorus|atk|1\n|move|p2a: Landorus|Taunt|p1a: Landorus\n|-start|p1a: Landorus|move: Taunt\n|\n|-heal|p1a: Landorus|39\/100|[from] item: Leftovers\n|upkeep\n|turn|8\n|\n|t:|1698964412\n|switch|p1a: Zacian|Zacian-Crowned|100\/100\n|-damage|p1a: Zacian|94\/100|[from] Stealth Rock\n|-ability|p1a: Zacian|Intrepid Sword|boost\n|-boost|p1a: Zacian|atk|1\n|move|p2a: Landorus|Psychic|p1a: Zacian\n|-resisted|p1a: Zacian\n|-damage|p1a: Zacian|77\/100\n|\n|upkeep\n|turn|9\n|\n|t:|1698964426\n|move|p1a: Zacian|Behemoth Blade|p2a: Landorus\n|-damage|p2a: Landorus|0 fnt\n|faint|p2a: Landorus\n|\n|upkeep\n|\n|t:|1698964433\n|switch|p2a: Kyogre|Kyogre|100\/100\n|-damage|p2a: Kyogre|88\/100|[from] Stealth Rock\n|-weather|RainDance|[from] ability: Drizzle|[of] p2a: Kyogre\n|turn|10\n|\n|t:|1698964448\n|-terastallize|p1a: Zacian|Fighting\n|move|p2a: Kyogre|Water Spout|p1a: Zacian\n|-damage|p1a: Zacian|0 fnt\n|faint|p1a: Zacian\n|\n|-weather|RainDance|[upkeep]\n|upkeep\n|\n|t:|1698964458\n|switch|p1a: Koraidon|Koraidon|100\/100\n|-damage|p1a: Koraidon|94\/100|[from] Stealth Rock\n|-weather|SunnyDay|[from] ability: Orichalcum Pulse|[of] p1a: Koraidon\n|-activate|p1a: Koraidon|Orichalcum Pulse|[source]\n|turn|11\n|\n|t:|1698964477\n|switch|p2a: Zacian|Zacian-Crowned|100\/100\n|-damage|p2a: Zacian|94\/100|[from] Stealth Rock\n|-ability|p2a: Zacian|Intrepid Sword|boost\n|-boost|p2a: Zacian|atk|1\n|move|p1a: Koraidon|Collision Course|p2a: Zacian\n|-damage|p2a: Zacian|23\/100\n|\n|-weather|SunnyDay|[upkeep]\n|upkeep\n|turn|12\n|\n|t:|1698964490\n|move|p1a: Koraidon|Collision Course|p2a: Zacian\n|-damage|p2a: Zacian|0 fnt\n|faint|p2a: Zacian\n|\n|-weather|SunnyDay|[upkeep]\n|upkeep\n|\n|t:|1698964500\n|switch|p2a: Kyogre|Kyogre|88\/100\n|-damage|p2a: Kyogre|76\/100|[from] Stealth Rock\n|-weather|RainDance|[from] ability: Drizzle|[of] p2a: Kyogre\n|turn|13\n|\n|t:|1698964508\n|move|p1a: Koraidon|Collision Course|p2a: Kyogre\n|-damage|p2a: Kyogre|10\/100\n|move|p2a: Kyogre|Origin Pulse|p1a: Koraidon|[miss]\n|-miss|p2a: Kyogre|p1a: Koraidon\n|\n|-weather|RainDance|[upkeep]\n|upkeep\n|turn|14\n|\n|t:|1698964518\n|move|p1a: Koraidon|Collision Course|p2a: Kyogre\n|-damage|p2a: Kyogre|0 fnt\n|faint|p2a: Kyogre\n|\n|-weather|RainDance|[upkeep]\n|upkeep\n|\n|t:|1698964532\n|switch|p2a: Koraidon|Koraidon|100\/100\n|-damage|p2a: Koraidon|94\/100|[from] Stealth Rock\n|-weather|SunnyDay|[from] ability: Orichalcum Pulse|[of] p2a: Koraidon\n|-activate|p2a: Koraidon|Orichalcum Pulse|[source]\n|turn|15\n|\n|t:|1698964548\n|switch|p1a: Magearna|Magearna|100\/100\n|-damage|p1a: Magearna|94\/100|[from] Stealth Rock\n|move|p2a: Koraidon|Swords Dance|p2a: Koraidon\n|-boost|p2a: Koraidon|atk|2\n|\n|-weather|SunnyDay|[upkeep]\n|upkeep\n|turn|16\n|\n|t:|1698964560\n|move|p2a: Koraidon|Close Combat|p1a: Magearna\n|-damage|p1a: Magearna|0 fnt\n|-unboost|p2a: Koraidon|def|1\n|-unboost|p2a: Koraidon|spd|1\n|faint|p1a: Magearna\n|-damage|p2a: Koraidon|84\/100|[from] item: Life Orb\n|\n|-weather|SunnyDay|[upkeep]\n|upkeep\n|\n|t:|1698964575\n|switch|p1a: Koraidon|Koraidon|94\/100\n|-damage|p1a: Koraidon|88\/100|[from] Stealth Rock\n|-activate|p1a: Koraidon|ability: Orichalcum Pulse\n|turn|17\n|\n|t:|1698964583\n|switch|p2a: Ursaluna|Ursaluna, M|100\/100\n|-damage|p2a: Ursaluna|94\/100|[from] Stealth Rock\n|move|p1a: Koraidon|Outrage|p2a: Ursaluna\n|-damage|p2a: Ursaluna|28\/100\n|\n|-weather|SunnyDay|[upkeep]\n|-status|p2a: Ursaluna|brn|[from] item: Flame Orb\n|upkeep\n|turn|18\n|\n|t:|1698964597\n|move|p1a: Koraidon|Outrage|p2a: Ursaluna|[from]lockedmove\n|-damage|p2a: Ursaluna|0 fnt\n|faint|p2a: Ursaluna\n|\n|-weather|SunnyDay|[upkeep]\n|upkeep\n|\n|t:|1698964611\n|switch|p2a: Koraidon|Koraidon|84\/100\n|-damage|p2a: Koraidon|78\/100|[from] Stealth Rock\n|-activate|p2a: Koraidon|ability: Orichalcum Pulse\n|turn|19\n|\n|t:|1698964617\n|move|p1a: Koraidon|Outrage|p2a: Koraidon|[from]lockedmove\n|-supereffective|p2a: Koraidon\n|-damage|p2a: Koraidon|0 fnt\n|faint|p2a: Koraidon\n|-start|p1a: Koraidon|confusion|[fatigue]\n|\n|-weather|none\n|upkeep\n|\n|t:|1698964625\n|switch|p2a: Arceus|Arceus|100\/100\n|-damage|p2a: Arceus|88\/100|[from] Stealth Rock\n|turn|20\n|\n|t:|1698964634\n|switch|p1a: Miraidon|Miraidon|100\/100\n|-damage|p1a: Miraidon|88\/100|[from] Stealth Rock\n|-fieldstart|move: Electric Terrain|[from] ability: Hadron Engine|[of] p1a: Miraidon\n|move|p2a: Arceus|Swords Dance|p2a: Arceus\n|-boost|p2a: Arceus|atk|2\n|\n|upkeep\n|turn|21\n|\n|t:|1698964655\n|-terastallize|p2a: Arceus|Normal\n|move|p2a: Arceus|Extreme Speed|p1a: Miraidon\n|-damage|p1a: Miraidon|0 fnt\n|faint|p1a: Miraidon\n|-damage|p2a: Arceus|78\/100|[from] item: Life Orb\n|\n|upkeep\n|\n|t:|1698964672\n|switch|p1a: Koraidon|Koraidon|88\/100\n|-damage|p1a: Koraidon|82\/100|[from] Stealth Rock\n|-weather|SunnyDay|[from] ability: Orichalcum Pulse|[of] p1a: Koraidon\n|-activate|p1a: Koraidon|Orichalcum Pulse|[source]\n|turn|22\n|\n|t:|1698964680\n|move|p2a: Arceus|Extreme Speed|p1a: Koraidon\n|-damage|p1a: Koraidon|0 fnt\n|faint|p1a: Koraidon\n|-damage|p2a: Arceus|68\/100|[from] item: Life Orb\n|\n|-weather|SunnyDay|[upkeep]\n|upkeep\n|-message|gotysss forfeited.\n|\n|win|85792195wwww\n|raw|gotysss's rating: 1192 &rarr; <strong>1180<\/strong><br \/>(-12 for losing)\n|raw|85792195wwww's rating: 1397 &rarr; <strong>1406<\/strong><br \/>(+9 for winning)\n|l|\u2606gotysss\n","uploadtime":1698964757,"views":6,"p1id":"gotysss","p2id":"85792195wwww","formatid":"gen9ubers","rating":1180,"private":0,"password":""}