{"id":"gen9ubers-1978568095","p1":"TheLandoMaestroEX","p2":"Deriverse","format":"[Gen 9] Ubers","log":"|j|\u2606TheLandoMaestroEX\n|j|\u2606Deriverse\n|t:|1698557482\n|gametype|singles\n|player|p1|TheLandoMaestroEX|atticus|1258\n|player|p2|Deriverse|roxanne|1231\n|teamsize|p1|6\n|teamsize|p2|6\n|gen|9\n|tier|[Gen 9] Ubers\n|rated|\n|rule|Sleep Clause Mod: Limit one foe put to sleep\n|rule|Species Clause: Limit one of each Pok\u00e9mon\n|rule|OHKO Clause: OHKO moves are banned\n|rule|Evasion Items Clause: Evasion items are banned\n|rule|Evasion Moves Clause: Evasion moves are banned\n|rule|Endless Battle Clause: Forcing endless battles is banned\n|rule|HP Percentage Mod: HP is shown in percentages\n|clearpoke\n|poke|p1|Groudon|\n|poke|p1|Miraidon|\n|poke|p1|Cyclizar, M|\n|poke|p1|Koraidon|\n|poke|p1|Arceus-Fairy|\n|poke|p1|Regieleki|\n|poke|p2|Shaymin-Sky|\n|poke|p2|Flutter Mane|\n|poke|p2|Groudon|\n|poke|p2|Giratina|\n|poke|p2|Ribombee, M|\n|poke|p2|Cyclizar, F|\n|teampreview\n|inactive|Battle timer is ON: inactive players will automatically lose when time's up. (requested by Deriverse)\n|\n|t:|1698557491\n|start\n|switch|p1a: Cyclizar|Cyclizar, M|100\/100\n|switch|p2a: Ribombee|Ribombee, M|100\/100\n|turn|1\n|\n|t:|1698557502\n|move|p1a: Cyclizar|Taunt|p2a: Ribombee\n|-start|p2a: Ribombee|move: Taunt\n|cant|p2a: Ribombee|move: Taunt|Quiver Dance\n|\n|upkeep\n|turn|2\n|\n|t:|1698557505\n|move|p1a: Cyclizar|Shed Tail|p1a: Cyclizar\n|-start|p1a: Cyclizar|Substitute|[from] move: Shed Tail\n|-damage|p1a: Cyclizar|50\/100\n|-enditem|p1a: Cyclizar|Sitrus Berry|[eat]\n|-heal|p1a: Cyclizar|75\/100|[from] item: Sitrus Berry\n|\n|t:|1698557518\n|switch|p1a: Arceus|Arceus-Fairy|100\/100|[from] Shed Tail\n|move|p2a: Ribombee|Moonblast|p1a: Arceus\n|-end|p1a: Arceus|Substitute\n|\n|upkeep\n|turn|3\n|\n|t:|1698557530\n|switch|p2a: Groudon|Groudon|100\/100\n|-weather|SunnyDay|[from] ability: Drought|[of] p2a: Groudon\n|move|p1a: Arceus|Calm Mind|p1a: Arceus\n|-boost|p1a: Arceus|spa|1\n|-boost|p1a: Arceus|spd|1\n|\n|-weather|SunnyDay|[upkeep]\n|upkeep\n|turn|4\n|\n|t:|1698557550\n|move|p1a: Arceus|Judgment|p2a: Groudon\n|-damage|p2a: Groudon|33\/100\n|move|p2a: Groudon|Swords Dance|p2a: Groudon\n|-boost|p2a: Groudon|atk|2\n|\n|-weather|SunnyDay|[upkeep]\n|-heal|p2a: Groudon|40\/100|[from] item: Leftovers\n|upkeep\n|turn|5\n|\n|t:|1698557554\n|-terastallize|p2a: Groudon|Fire\n|move|p1a: Arceus|Judgment|p2a: Groudon\n|-resisted|p2a: Groudon\n|-damage|p2a: Groudon|9\/100\n|move|p2a: Groudon|Precipice Blades|p1a: Arceus\n|-damage|p1a: Arceus|13\/100\n|\n|-weather|SunnyDay|[upkeep]\n|-heal|p2a: Groudon|15\/100|[from] item: Leftovers\n|upkeep\n|turn|6\n|\n|t:|1698557562\n|move|p1a: Arceus|Earth Power|p2a: Groudon\n|-supereffective|p2a: Groudon\n|-damage|p2a: Groudon|0 fnt\n|faint|p2a: Groudon\n|\n|-weather|SunnyDay|[upkeep]\n|upkeep\n|\n|t:|1698557564\n|switch|p2a: Flutter Mane|Flutter Mane|100\/100\n|-activate|p2a: Flutter Mane|ability: Protosynthesis\n|-start|p2a: Flutter Mane|protosynthesisspe\n|turn|7\n|\n|t:|1698557569\n|move|p2a: Flutter Mane|Moonblast|p1a: Arceus\n|-damage|p1a: Arceus|0 fnt\n|faint|p1a: Arceus\n|\n|-weather|none\n|-end|p2a: Flutter Mane|Protosynthesis\n|upkeep\n|\n|t:|1698557576\n|switch|p1a: Regieleki|Regieleki|100\/100\n|turn|8\n|\n|t:|1698557579\n|move|p1a: Regieleki|Thunder Cage|p2a: Flutter Mane\n|-damage|p2a: Flutter Mane|35\/100\n|-activate|p2a: Flutter Mane|move: Thunder Cage|[of] p1a: Regieleki\n|-damage|p1a: Regieleki|91\/100|[from] item: Life Orb\n|move|p2a: Flutter Mane|Moonblast|p1a: Regieleki\n|-damage|p1a: Regieleki|0 fnt\n|faint|p1a: Regieleki\n|\n|-heal|p2a: Flutter Mane|41\/100|[from] item: Leftovers\n|-end|p2a: Flutter Mane|Thunder Cage|[partiallytrapped]|[silent]\n|upkeep\n|\n|t:|1698557589\n|switch|p1a: Miraidon|Miraidon|100\/100\n|-fieldstart|move: Electric Terrain|[from] ability: Hadron Engine|[of] p1a: Miraidon\n|-enditem|p1a: Miraidon|Electric Seed\n|-boost|p1a: Miraidon|def|1|[from] item: Electric Seed\n|turn|9\n|\n|t:|1698557596\n|-end|p2a: Flutter Mane|Protosynthesis|[silent]\n|switch|p2a: Cyclizar|Cyclizar, F|100\/100\n|-terastallize|p1a: Miraidon|Fire\n|move|p1a: Miraidon|Calm Mind|p1a: Miraidon\n|-boost|p1a: Miraidon|spa|1\n|-boost|p1a: Miraidon|spd|1\n|\n|upkeep\n|turn|10\n|\n|t:|1698557604\n|move|p1a: Miraidon|Draco Meteor|p2a: Cyclizar\n|-supereffective|p2a: Cyclizar\n|-damage|p2a: Cyclizar|0 fnt\n|-unboost|p1a: Miraidon|spa|2\n|faint|p2a: Cyclizar\n|\n|upkeep\n|\n|t:|1698557611\n|switch|p2a: Ribombee|Ribombee, M|100\/100\n|turn|11\n|\n|t:|1698557613\n|move|p1a: Miraidon|Calm Mind|p1a: Miraidon\n|-boost|p1a: Miraidon|spa|1\n|-boost|p1a: Miraidon|spd|1\n|move|p2a: Ribombee|Stun Spore|p1a: Miraidon\n|-status|p1a: Miraidon|par\n|\n|upkeep\n|turn|12\n|\n|t:|1698557621\n|move|p2a: Ribombee|Sticky Web|p1a: Miraidon\n|-sidestart|p1: TheLandoMaestroEX|move: Sticky Web\n|move|p1a: Miraidon|Parabolic Charge|p2a: Ribombee\n|-enditem|p2a: Ribombee|Focus Sash\n|-damage|p2a: Ribombee|1\/100\n|\n|upkeep\n|turn|13\n|\n|t:|1698557627\n|move|p2a: Ribombee|Moonblast|p1a: Miraidon\n|-resisted|p1a: Miraidon\n|-damage|p1a: Miraidon|91\/100 par\n|move|p1a: Miraidon|Parabolic Charge|p2a: Ribombee\n|-damage|p2a: Ribombee|0 fnt\n|-heal|p1a: Miraidon|91\/100 par|[from] drain|[of] p2a: Ribombee\n|faint|p2a: Ribombee\n|\n|-fieldend|move: Electric Terrain\n|upkeep\n|\n|t:|1698557638\n|switch|p2a: Flutter Mane|Flutter Mane|41\/100\n|turn|14\n|\n|t:|1698557643\n|move|p2a: Flutter Mane|Calm Mind|p2a: Flutter Mane\n|-boost|p2a: Flutter Mane|spa|1\n|-boost|p2a: Flutter Mane|spd|1\n|move|p1a: Miraidon|Parabolic Charge|p2a: Flutter Mane\n|-damage|p2a: Flutter Mane|18\/100\n|-heal|p1a: Miraidon|99\/100 par|[from] drain|[of] p2a: Flutter Mane\n|\n|-heal|p2a: Flutter Mane|24\/100|[from] item: Leftovers\n|upkeep\n|turn|15\n|\n|t:|1698557651\n|move|p2a: Flutter Mane|Psyshock|p1a: Miraidon\n|-damage|p1a: Miraidon|70\/100 par\n|cant|p1a: Miraidon|par\n|\n|-heal|p2a: Flutter Mane|30\/100|[from] item: Leftovers\n|upkeep\n|turn|16\n|\n|t:|1698557663\n|move|p2a: Flutter Mane|Shadow Ball|p1a: Miraidon\n|-damage|p1a: Miraidon|43\/100 par\n|cant|p1a: Miraidon|par\n|\n|-heal|p2a: Flutter Mane|36\/100|[from] item: Leftovers\n|upkeep\n|turn|17\n|\n|t:|1698557674\n|move|p2a: Flutter Mane|Psyshock|p1a: Miraidon\n|-damage|p1a: Miraidon|13\/100 par\n|move|p1a: Miraidon|Parabolic Charge|p2a: Flutter Mane\n|-damage|p2a: Flutter Mane|13\/100\n|-heal|p1a: Miraidon|22\/100 par|[from] drain|[of] p2a: Flutter Mane\n|\n|-heal|p2a: Flutter Mane|19\/100|[from] item: Leftovers\n|upkeep\n|turn|18\n|\n|t:|1698557681\n|move|p2a: Flutter Mane|Psyshock|p1a: Miraidon\n|-damage|p1a: Miraidon|0 fnt\n|faint|p1a: Miraidon\n|\n|-heal|p2a: Flutter Mane|25\/100|[from] item: Leftovers\n|upkeep\n|\n|t:|1698557688\n|switch|p1a: Groudon|Groudon|100\/100\n|-activate|p1a: Groudon|move: Sticky Web\n|-unboost|p1a: Groudon|spe|1\n|-weather|SunnyDay|[from] ability: Drought|[of] p1a: Groudon\n|-activate|p2a: Flutter Mane|ability: Protosynthesis\n|-start|p2a: Flutter Mane|protosynthesisspa\n|turn|19\n|\n|t:|1698557698\n|move|p2a: Flutter Mane|Moonblast|p1a: Groudon\n|-damage|p1a: Groudon|7\/100\n|move|p1a: Groudon|Heat Crash|p2a: Flutter Mane\n|-damage|p2a: Flutter Mane|0 fnt\n|faint|p2a: Flutter Mane\n|-end|p2a: Flutter Mane|Protosynthesis|[silent]\n|\n|-weather|SunnyDay|[upkeep]\n|upkeep\n|\n|t:|1698557705\n|switch|p2a: Giratina|Giratina|100\/100\n|-ability|p2a: Giratina|Pressure\n|turn|20\n|\n|t:|1698557709\n|move|p2a: Giratina|Hex|p1a: Groudon\n|-damage|p1a: Groudon|0 fnt\n|faint|p1a: Groudon\n|\n|-weather|SunnyDay|[upkeep]\n|upkeep\n|\n|t:|1698557713\n|switch|p1a: Koraidon|Koraidon|100\/100\n|-activate|p1a: Koraidon|move: Sticky Web\n|-unboost|p1a: Koraidon|spe|1\n|-activate|p1a: Koraidon|ability: Orichalcum Pulse\n|turn|21\n|\n|t:|1698557718\n|move|p1a: Koraidon|Scale Shot|p2a: Giratina\n|-supereffective|p2a: Giratina\n|-damage|p2a: Giratina|83\/100\n|-supereffective|p2a: Giratina\n|-damage|p2a: Giratina|67\/100\n|-supereffective|p2a: Giratina\n|-damage|p2a: Giratina|49\/100\n|-supereffective|p2a: Giratina\n|-damage|p2a: Giratina|33\/100\n|-hitcount|p2a: Giratina|4\n|-unboost|p1a: Koraidon|def|1\n|-boost|p1a: Koraidon|spe|1\n|move|p2a: Giratina|Thunder Wave|p1a: Koraidon\n|-status|p1a: Koraidon|par\n|\n|-weather|SunnyDay|[upkeep]\n|-heal|p2a: Giratina|39\/100|[from] item: Leftovers\n|upkeep\n|turn|22\n|\n|t:|1698557727\n|move|p2a: Giratina|Hex|p1a: Koraidon\n|-crit|p1a: Koraidon\n|-damage|p1a: Koraidon|31\/100 par\n|move|p1a: Koraidon|Scale Shot|p2a: Giratina\n|-supereffective|p2a: Giratina\n|-damage|p2a: Giratina|23\/100\n|-supereffective|p2a: Giratina\n|-damage|p2a: Giratina|4\/100\n|-supereffective|p2a: Giratina\n|-damage|p2a: Giratina|0 fnt\n|faint|p2a: Giratina\n|-hitcount|p2: Giratina|3\n|-unboost|p1a: Koraidon|def|1\n|-boost|p1a: Koraidon|spe|1\n|\n|-weather|SunnyDay|[upkeep]\n|upkeep\n|\n|t:|1698557732\n|switch|p2a: Shaymin|Shaymin-Sky|100\/100\n|turn|23\n|\n|t:|1698557735\n|move|p2a: Shaymin|Air Slash|p1a: Koraidon\n|-supereffective|p1a: Koraidon\n|-damage|p1a: Koraidon|0 fnt\n|faint|p1a: Koraidon\n|\n|-weather|none\n|upkeep\n|\n|t:|1698557741\n|switch|p1a: Cyclizar|Cyclizar, M|100\/100\n|-activate|p1a: Cyclizar|move: Sticky Web\n|-unboost|p1a: Cyclizar|spe|1\n|turn|24\n|\n|t:|1698557743\n|move|p2a: Shaymin|Air Slash|p1a: Cyclizar\n|-damage|p1a: Cyclizar|42\/100\n|move|p1a: Cyclizar|Rapid Spin|p2a: Shaymin\n|-damage|p2a: Shaymin|80\/100\n|-boost|p1a: Cyclizar|spe|1\n|-sideend|p1: TheLandoMaestroEX|Sticky Web|[from] move: Rapid Spin|[of] p1a: Cyclizar\n|\n|upkeep\n|turn|25\n|\n|t:|1698557750\n|move|p2a: Shaymin|Air Slash|p1a: Cyclizar\n|-damage|p1a: Cyclizar|0 fnt\n|faint|p1a: Cyclizar\n|\n|win|Deriverse\n|raw|TheLandoMaestroEX's rating: 1258 &rarr; <strong>1231<\/strong><br \/>(-27 for losing)\n|raw|Deriverse's rating: 1231 &rarr; <strong>1258<\/strong><br \/>(+27 for winning)\n","uploadtime":1698557932,"views":10,"p1id":"thelandomaestroex","p2id":"deriverse","formatid":"gen9ubers","rating":1231,"private":0,"password":""}