{"id":"gen9ubers-1970050516","p1":"Yardrok","p2":"NotADragonTrainer","format":"[Gen 9] Ubers","log":"|j|\u2606Yardrok\n|j|\u2606NotADragonTrainer\n|t:|1697589040\n|gametype|singles\n|player|p1|Yardrok|doctor|\n|player|p2|NotADragonTrainer|lance|\n|teamsize|p1|6\n|teamsize|p2|6\n|gen|9\n|tier|[Gen 9] Ubers\n|rule|Sleep Clause Mod: Limit one foe put to sleep\n|rule|Species Clause: Limit one of each Pok\u00e9mon\n|rule|OHKO Clause: OHKO moves are banned\n|rule|Evasion Items Clause: Evasion items are banned\n|rule|Evasion Moves Clause: Evasion moves are banned\n|rule|Endless Battle Clause: Forcing endless battles is banned\n|rule|HP Percentage Mod: HP is shown in percentages\n|clearpoke\n|poke|p1|Jirachi|\n|poke|p1|Annihilape, F|\n|poke|p1|Crocalor, M|\n|poke|p1|Samurott-Hisui, F|\n|poke|p1|Electrode-Hisui|\n|poke|p1|Ditto|\n|poke|p2|Chi-Yu|\n|poke|p2|Clodsire, M|\n|poke|p2|Meowscarada, F|\n|poke|p2|Ogerpon-Wellspring, F|\n|poke|p2|Mismagius, F|\n|poke|p2|Goodra-Hisui, F|\n|teampreview\n|inactive|Battle timer is ON: inactive players will automatically lose when time's up. (requested by Yardrok)\n|inactiveoff|Battle timer is now OFF.\n|j| twinbear\n|j| Money is on June\n|c|\u2606NotADragonTrainer|hiii\n|c|\u2606Yardrok|Moneyisonmoneyisonjune\n|c|\u2606NotADragonTrainer|whoever you are\n|c|\u2606NotADragonTrainer|i respect you\n|n| Money is on June|moneyisonjune\n|c| Money is on June|Lose Jake\n|c| Money is on June|You pleb\n|c|\u2606NotADragonTrainer|MATT IS THAT YEW\n|c| Money is on June|it is Matt\n|c|\u2606NotADragonTrainer|hiiiii matt\n|c| Money is on June|or Issac\n|c|\u2606NotADragonTrainer|omg\n|c| Money is on June|fuck\n|c|\u2606NotADragonTrainer|isak :)\n|j| ChiefBlueScreen\n|c| twinbear|Thats not how you spell isak\n|c| twinbear|hmm\n|c| Money is on June|No hes not\n|c| Money is on June|hes not in call\n|j| giratinaluvr\n|\n|t:|1697589931\n|start\n|switch|p1a: Electrode|Electrode-Hisui|100\/100\n|switch|p2a: Unohana|Ogerpon-Wellspring, F|100\/100\n|turn|1\n|\n|t:|1697589943\n|move|p1a: Electrode|Thunder Wave|p2a: Unohana\n|-status|p2a: Unohana|par\n|move|p2a: Unohana|U-turn|p1a: Electrode\n|-supereffective|p1a: Electrode\n|-damage|p1a: Electrode|22\/100\n|\n|t:|1697589952\n|switch|p2a: Yuta|Clodsire, M|100\/100|[from] U-turn\n|\n|-heal|p1a: Electrode|28\/100|[from] item: Leftovers\n|upkeep\n|turn|2\n|c| ChiefBlueScreen|so much information\n|\n|t:|1697589961\n|move|p1a: Electrode|Substitute|p1a: Electrode\n|-start|p1a: Electrode|Substitute\n|-damage|p1a: Electrode|3\/100\n|move|p2a: Yuta|Toxic||[still]\n|-fail|p2a: Yuta\n|\n|-heal|p1a: Electrode|9\/100|[from] item: Leftovers\n|upkeep\n|turn|3\n|\n|t:|1697589977\n|move|p1a: Electrode|Leech Seed|p2a: Yuta\n|-start|p2a: Yuta|move: Leech Seed\n|move|p2a: Yuta|Spikes|p1a: Electrode\n|-sidestart|p1: Yardrok|Spikes\n|\n|-heal|p1a: Electrode|16\/100|[from] item: Leftovers\n|-damage|p2a: Yuta|88\/100|[from] Leech Seed|[of] p1a: Electrode\n|-heal|p1a: Electrode|34\/100|[silent]\n|upkeep\n|turn|4\n|\n|t:|1697590013\n|switch|p2a: Annie|Mismagius, F, shiny|100\/100\n|move|p1a: Electrode|Taunt|p2a: Annie\n|-start|p2a: Annie|move: Taunt\n|\n|-heal|p1a: Electrode|40\/100|[from] item: Leftovers\n|upkeep\n|turn|5\n|j| Keyloada\n|\n|t:|1697590023\n|move|p1a: Electrode|Thunder Wave|p2a: Annie\n|-status|p2a: Annie|par\n|move|p2a: Annie|Mystical Fire|p1a: Electrode\n|-supereffective|p1a: Electrode\n|-end|p1a: Electrode|Substitute\n|\n|-heal|p1a: Electrode|46\/100|[from] item: Leftovers\n|upkeep\n|turn|6\n|\n|t:|1697590033\n|-terastallize|p1a: Electrode|Fairy\n|move|p1a: Electrode|Leech Seed|p2a: Annie\n|-start|p2a: Annie|move: Leech Seed\n|move|p2a: Annie|Mystical Fire|p1a: Electrode\n|-damage|p1a: Electrode|19\/100\n|-unboost|p1a: Electrode|spa|1\n|\n|-heal|p1a: Electrode|25\/100|[from] item: Leftovers\n|-damage|p2a: Annie|88\/100 par|[from] Leech Seed|[of] p1a: Electrode\n|-heal|p1a: Electrode|35\/100|[silent]\n|-end|p2a: Annie|move: Taunt\n|upkeep\n|turn|7\n|\n|t:|1697590086\n|move|p1a: Electrode|Substitute|p1a: Electrode\n|-start|p1a: Electrode|Substitute\n|-damage|p1a: Electrode|10\/100\n|move|p2a: Annie|Shadow Ball|p1a: Electrode\n|-end|p1a: Electrode|Substitute\n|\n|-heal|p1a: Electrode|17\/100|[from] item: Leftovers\n|-heal|p2a: Annie|94\/100 par|[from] item: Leftovers\n|-damage|p2a: Annie|82\/100 par|[from] Leech Seed|[of] p1a: Electrode\n|-heal|p1a: Electrode|27\/100|[silent]\n|upkeep\n|turn|8\n|\n|t:|1697590108\n|switch|p2a: Yuta|Clodsire, M|88\/100\n|move|p1a: Electrode|Substitute|p1a: Electrode\n|-start|p1a: Electrode|Substitute\n|-damage|p1a: Electrode|2\/100\n|\n|-heal|p1a: Electrode|8\/100|[from] item: Leftovers\n|-heal|p2a: Yuta|94\/100|[from] item: Leftovers\n|upkeep\n|turn|9\n|\n|t:|1697590123\n|move|p1a: Electrode|Taunt|p2a: Yuta\n|-start|p2a: Yuta|move: Taunt\n|cant|p2a: Yuta|move: Taunt|Toxic\n|\n|-heal|p1a: Electrode|14\/100|[from] item: Leftovers\n|-heal|p2a: Yuta|100\/100|[from] item: Leftovers\n|upkeep\n|turn|10\n|\n|t:|1697590138\n|move|p1a: Electrode|Leech Seed|p2a: Yuta\n|-start|p2a: Yuta|move: Leech Seed\n|move|p2a: Yuta|Earthquake|p1a: Electrode\n|-end|p1a: Electrode|Substitute\n|\n|-heal|p1a: Electrode|20\/100|[from] item: Leftovers\n|-damage|p2a: Yuta|88\/100|[from] Leech Seed|[of] p1a: Electrode\n|-heal|p1a: Electrode|38\/100|[silent]\n|upkeep\n|turn|11\n|\n|t:|1697590150\n|switch|p1a: Annihilape|Annihilape, F|100\/100\n|-damage|p1a: Annihilape|88\/100|[from] Spikes\n|move|p2a: Yuta|Earthquake|p1a: Annihilape\n|-damage|p1a: Annihilape|63\/100\n|\n|-heal|p2a: Yuta|94\/100|[from] item: Leftovers\n|-damage|p2a: Yuta|82\/100|[from] Leech Seed|[of] p1a: Annihilape\n|-heal|p1a: Annihilape|77\/100|[silent]\n|-end|p2a: Yuta|move: Taunt\n|upkeep\n|turn|12\n|\n|t:|1697590171\n|switch|p2a: Annie|Mismagius, F, shiny|82\/100 par\n|move|p1a: Annihilape|U-turn|p2a: Annie\n|-resisted|p2a: Annie\n|-damage|p2a: Annie|60\/100 par\n|\n|t:|1697590177\n|switch|p1a: Samurott|Samurott-Hisui, F|100\/100|[from] U-turn\n|-damage|p1a: Samurott|88\/100|[from] Spikes\n|\n|-heal|p2a: Annie|66\/100 par|[from] item: Leftovers\n|upkeep\n|turn|13\n|\n|t:|1697590205\n|switch|p2a: Rukia|Meowscarada, F|100\/100\n|move|p1a: Samurott|Ceaseless Edge|p2a: Rukia\n|-resisted|p2a: Rukia\n|-damage|p2a: Rukia|64\/100\n|-sidestart|p2: NotADragonTrainer|Spikes\n|\n|upkeep\n|turn|14\n|\n|t:|1697590227\n|switch|p1a: Crocalor|Crocalor, M|100\/100\n|-damage|p1a: Crocalor|88\/100|[from] Spikes\n|move|p2a: Rukia|Flower Trick|p1a: Crocalor\n|-start|p2a: Rukia|typechange|Grass|[from] ability: Protean\n|-resisted|p1a: Crocalor\n|-crit|p1a: Crocalor\n|-damage|p1a: Crocalor|74\/100\n|\n|upkeep\n|turn|15\n|\n|t:|1697590248\n|move|p2a: Rukia|U-turn|p1a: Crocalor\n|-resisted|p1a: Crocalor\n|-damage|p1a: Crocalor|68\/100\n|\n|t:|1697590253\n|switch|p2a: Yuta|Clodsire, M|82\/100|[from] U-turn\n|-damage|p2a: Yuta|69\/100|[from] Spikes\n|move|p1a: Crocalor|Slack Off|p1a: Crocalor\n|-heal|p1a: Crocalor|100\/100\n|\n|-heal|p2a: Yuta|75\/100|[from] item: Leftovers\n|upkeep\n|turn|16\n|\n|t:|1697590274\n|move|p1a: Crocalor|Will-O-Wisp|p2a: Yuta|[miss]\n|-miss|p1a: Crocalor|p2a: Yuta\n|move|p2a: Yuta|Earthquake|p1a: Crocalor\n|-supereffective|p1a: Crocalor\n|-damage|p1a: Crocalor|69\/100\n|\n|-heal|p2a: Yuta|82\/100|[from] item: Leftovers\n|upkeep\n|turn|17\n|\n|t:|1697590288\n|switch|p1a: Samurott|Samurott-Hisui, F|88\/100\n|-damage|p1a: Samurott|76\/100|[from] Spikes\n|move|p2a: Yuta|Toxic|p1a: Samurott\n|-status|p1a: Samurott|tox\n|\n|-heal|p2a: Yuta|88\/100|[from] item: Leftovers\n|-damage|p1a: Samurott|70\/100 tox|[from] psn\n|upkeep\n|turn|18\n|\n|t:|1697590326\n|switch|p2a: Gooey|Goodra-Hisui, F, shiny|100\/100\n|-damage|p2a: Gooey|88\/100|[from] Spikes\n|move|p1a: Samurott|Ceaseless Edge|p2a: Gooey|[miss]\n|-miss|p1a: Samurott|p2a: Gooey\n|\n|-damage|p1a: Samurott|58\/100 tox|[from] psn\n|upkeep\n|turn|19\n|\n|t:|1697590348\n|move|p1a: Samurott|Flip Turn|p2a: Gooey\n|-resisted|p2a: Gooey\n|-damage|p2a: Gooey|74\/100\n|\n|t:|1697590354\n|switch|p1a: Electrode|Electrode-Hisui, tera:Fairy|38\/100|[from] Flip Turn\n|-damage|p1a: Electrode|26\/100|[from] Spikes\n|move|p2a: Gooey|Thunderbolt|p1a: Electrode\n|-damage|p1a: Electrode|0 fnt\n|faint|p1a: Electrode\n|\n|upkeep\n|\n|t:|1697590366\n|switch|p1a: Annihilape|Annihilape, F|77\/100\n|-damage|p1a: Annihilape|65\/100|[from] Spikes\n|turn|20\n|\n|t:|1697590423\n|switch|p2a: Annie|Mismagius, F, shiny|66\/100 par\n|move|p1a: Annihilape|Close Combat|p2a: Annie\n|-immune|p2a: Annie\n|\n|-heal|p2a: Annie|72\/100 par|[from] item: Leftovers\n|upkeep\n|turn|21\n|\n|t:|1697590439\n|switch|p1a: Samurott|Samurott-Hisui, F|58\/100 tox\n|-damage|p1a: Samurott|46\/100 tox|[from] Spikes\n|move|p2a: Annie|Mystical Fire|p1a: Samurott\n|-resisted|p1a: Samurott\n|-damage|p1a: Samurott|36\/100 tox\n|-unboost|p1a: Samurott|spa|1\n|\n|-heal|p2a: Annie|78\/100 par|[from] item: Leftovers\n|-damage|p1a: Samurott|30\/100 tox|[from] psn\n|upkeep\n|turn|22\n|c|\u2606Yardrok|!dt samurott-Hisui\n|raw|<div class=\"message\"><ul class=\"utilichart\"><li class=\"result\"><span class=\"col numcol\">OU<\/span> <span class=\"col iconcol\"><psicon pokemon=\"samurotthisui\"\/><\/span> <span class=\"col pokemonnamecol\" style=\"white-space:nowrap\"><a href=\"https:\/\/dex.pokemonshowdown.com\/pokemon\/samurotthisui\" target=\"_blank\">Samurott-Hisui<\/a><\/span> <span class=\"col typecol\"><img src=\"https:\/\/play.pokemonshowdown.com\/sprites\/types\/Water.png\" alt=\"Water\" height=\"14\" width=\"32\"><img src=\"https:\/\/play.pokemonshowdown.com\/sprites\/types\/Dark.png\" alt=\"Dark\" height=\"14\" width=\"32\"><\/span> <span style=\"float:left;min-height:26px\"><span class=\"col abilitycol\">Torrent<\/span><span class=\"col abilitycol\"><em>Sharpness<\/em><\/span><\/span><span style=\"float:left;min-height:26px\"><span class=\"col statcol\"><em>HP<\/em><br \/>90<\/span> <span class=\"col statcol\"><em>Atk<\/em><br \/>108<\/span> <span class=\"col statcol\"><em>Def<\/em><br \/>80<\/span> <span class=\"col statcol\"><em>SpA<\/em><br \/>100<\/span> <span class=\"col statcol\"><em>SpD<\/em><br \/>65<\/span> <span class=\"col statcol\"><em>Spe<\/em><br \/>85<\/span> <span class=\"col bstcol\"><em>BST<br \/>528<\/em><\/span> <\/span><\/li><li style=\"clear:both\"><\/li><\/ul><\/div>\n|raw|<font size=\"1\"><font color=\"#686868\">Dex#:<\/font> 503&nbsp;|&ThickSpace;<font color=\"#686868\">Gen:<\/font> 8&nbsp;|&ThickSpace;<font color=\"#686868\">Height:<\/font> 1.5 m&nbsp;|&ThickSpace;<font color=\"#686868\">Weight:<\/font> 58.2 kg <em>(80 BP)<\/em>&nbsp;|&ThickSpace;<font color=\"#686868\">Dex Colour:<\/font> Blue&nbsp;|&ThickSpace;<font color=\"#686868\">Egg Group(s):<\/font> Field&nbsp;|&ThickSpace;<font color=\"#686868\">Does Not Evolve<\/font><\/font>\n\n|\n|t:|1697590474\n|switch|p2a: Unohana|Ogerpon-Wellspring, F|100\/100 par\n|-damage|p2a: Unohana|88\/100 par|[from] Spikes\n|move|p1a: Samurott|Ceaseless Edge|p2a: Unohana\n|-damage|p2a: Unohana|33\/100 par\n|-sidestart|p2: NotADragonTrainer|Spikes\n|\n|-damage|p1a: Samurott|18\/100 tox|[from] psn\n|upkeep\n|turn|23\n|\n|t:|1697590491\n|move|p1a: Samurott|Ceaseless Edge|p2a: Unohana\n|-damage|p2a: Unohana|0 fnt\n|-sidestart|p2: NotADragonTrainer|Spikes\n|faint|p2a: Unohana\n|\n|-damage|p1a: Samurott|0 fnt|[from] psn\n|faint|p1a: Samurott\n|upkeep\n|\n|t:|1697590502\n|switch|p2a: Annie|Mismagius, F, shiny|78\/100 par\n|switch|p1a: Ditto|Ditto|100\/100\n|-damage|p1a: Ditto|88\/100|[from] Spikes\n|-transform|p1a: Ditto|p2a: Annie|[from] ability: Imposter\n|turn|24\n|\n|t:|1697590515\n|switch|p1a: Crocalor|Crocalor, M|69\/100\n|-damage|p1a: Crocalor|57\/100|[from] Spikes\n|-terastallize|p2a: Annie|Psychic\n|cant|p2a: Annie|par\n|\n|-heal|p2a: Annie|84\/100 par|[from] item: Leftovers\n|upkeep\n|turn|25\n|\n|t:|1697590565\n|move|p2a: Annie|Psyshock|p1a: Crocalor\n|-damage|p1a: Crocalor|39\/100\n|move|p1a: Crocalor|Slack Off|p1a: Crocalor\n|-heal|p1a: Crocalor|90\/100\n|\n|-heal|p2a: Annie|91\/100 par|[from] item: Leftovers\n|upkeep\n|turn|26\n|\n|t:|1697590578\n|switch|p2a: Gooey|Goodra-Hisui, F, shiny|74\/100\n|-damage|p2a: Gooey|49\/100|[from] Spikes\n|move|p1a: Crocalor|Flamethrower|p2a: Gooey\n|-damage|p2a: Gooey|28\/100\n|-status|p2a: Gooey|brn\n|\n|-damage|p2a: Gooey|22\/100 brn|[from] brn\n|upkeep\n|turn|27\n|\n|t:|1697590598\n|switch|p1a: Ditto|Ditto|88\/100\n|-damage|p1a: Ditto|76\/100|[from] Spikes\n|-transform|p1a: Ditto|p2a: Gooey|[from] ability: Imposter\n|move|p2a: Gooey|Surf|p1a: Ditto\n|-resisted|p1a: Ditto\n|-damage|p1a: Ditto|58\/100\n|\n|-damage|p2a: Gooey|16\/100 brn|[from] brn\n|upkeep\n|turn|28\n|\n|t:|1697590613\n|move|p1a: Ditto|Draco Meteor|p2a: Gooey\n|-damage|p2a: Gooey|0 fnt\n|-unboost|p1a: Ditto|spa|2\n|faint|p2a: Gooey\n|\n|upkeep\n|\n|t:|1697590620\n|switch|p2a: Annie|Mismagius, F, shiny, tera:Psychic|91\/100 par\n|turn|29\n|\n|t:|1697590639\n|switch|p1a: Crocalor|Crocalor, M|90\/100\n|-damage|p1a: Crocalor|77\/100|[from] Spikes\n|move|p2a: Annie|Psyshock|p1a: Crocalor\n|-damage|p1a: Crocalor|57\/100\n|\n|-heal|p2a: Annie|97\/100 par|[from] item: Leftovers\n|upkeep\n|turn|30\n|\n|t:|1697590663\n|cant|p2a: Annie|par\n|move|p1a: Crocalor|Roar|p2a: Annie\n|drag|p2a: Rukia|Meowscarada, F|64\/100\n|\n|upkeep\n|turn|31\n|c| Money is on June|do a flip\n|\n|t:|1697590682\n|move|p2a: Rukia|U-turn|p1a: Crocalor\n|-start|p2a: Rukia|typechange|Bug|[from] ability: Protean\n|-resisted|p1a: Crocalor\n|-damage|p1a: Crocalor|49\/100\n|c| Money is on June|BACKFLIP\n|\n|t:|1697590689\n|switch|p2a: Rika|Chi-Yu|100\/100|[from] U-turn\n|-damage|p2a: Rika|76\/100|[from] Spikes\n|-ability|p2a: Rika|Beads of Ruin\n|move|p1a: Crocalor|Will-O-Wisp|p2a: Rika\n|-immune|p2a: Rika\n|\n|upkeep\n|turn|32\n|\n|t:|1697590711\n|move|p2a: Rika|Dark Pulse|p1a: Crocalor\n|-damage|p1a: Crocalor|0 fnt\n|faint|p1a: Crocalor\n|\n|upkeep\n|\n|t:|1697590719\n|switch|p1a: Annihilape|Annihilape, F|65\/100\n|-damage|p1a: Annihilape|52\/100|[from] Spikes\n|turn|33\n|\n|t:|1697590735\n|switch|p2a: Annie|Mismagius, F, shiny, tera:Psychic|97\/100 par\n|move|p1a: Annihilape|U-turn|p2a: Annie\n|-supereffective|p2a: Annie\n|-damage|p2a: Annie|2\/100 par\n|\n|t:|1697590744\n|switch|p1a: Jirachi|Jirachi|100\/100|[from] U-turn\n|-damage|p1a: Jirachi|88\/100|[from] Spikes\n|\n|-heal|p2a: Annie|8\/100 par|[from] item: Leftovers\n|upkeep\n|turn|34\n|\n|t:|1697590751\n|move|p1a: Jirachi|Wish|p1a: Jirachi\n|cant|p2a: Annie|par\n|\n|-heal|p2a: Annie|14\/100 par|[from] item: Leftovers\n|upkeep\n|turn|35\n|\n|t:|1697590780\n|move|p1a: Jirachi|U-turn|p2a: Annie\n|-supereffective|p2a: Annie\n|-damage|p2a: Annie|0 fnt\n|faint|p2a: Annie\n|\n|t:|1697590783\n|switch|p1a: Annihilape|Annihilape, F|52\/100|[from] U-turn\n|-damage|p1a: Annihilape|40\/100|[from] Spikes\n|\n|-heal|p1a: Annihilape|90\/100|[from] move: Wish|[wisher] Jirachi\n|upkeep\n|\n|t:|1697590830\n|switch|p2a: Yuta|Clodsire, M|88\/100\n|-damage|p2a: Yuta|63\/100|[from] Spikes\n|turn|36\n|\n|t:|1697590837\n|move|p1a: Annihilape|U-turn|p2a: Yuta\n|-resisted|p2a: Yuta\n|-crit|p2a: Yuta\n|-damage|p2a: Yuta|42\/100\n|\n|t:|1697590841\n|switch|p1a: Jirachi|Jirachi|88\/100|[from] U-turn\n|-damage|p1a: Jirachi|76\/100|[from] Spikes\n|move|p2a: Yuta|Recover|p2a: Yuta\n|-heal|p2a: Yuta|92\/100\n|\n|-heal|p2a: Yuta|99\/100|[from] item: Leftovers\n|upkeep\n|turn|37\n|\n|t:|1697590878\n|switch|p2a: Rika|Chi-Yu|76\/100\n|-damage|p2a: Rika|51\/100|[from] Spikes\n|-ability|p2a: Rika|Beads of Ruin\n|move|p1a: Jirachi|Iron Head|p2a: Rika\n|-resisted|p2a: Rika\n|-damage|p2a: Rika|22\/100\n|\n|upkeep\n|turn|38\n|\n|t:|1697590890\n|move|p1a: Jirachi|Protect|p1a: Jirachi\n|-singleturn|p1a: Jirachi|Protect\n|move|p2a: Rika|Flamethrower|p1a: Jirachi\n|-activate|p1a: Jirachi|move: Protect\n|\n|upkeep\n|turn|39\n|\n|t:|1697590896\n|switch|p1a: Ditto|Ditto|58\/100\n|-damage|p1a: Ditto|45\/100|[from] Spikes\n|-transform|p1a: Ditto|p2a: Rika|[from] ability: Imposter\n|-ability|p1a: Ditto|Beads of Ruin\n|move|p2a: Rika|Flamethrower|p1a: Ditto\n|-resisted|p1a: Ditto\n|-damage|p1a: Ditto|17\/100\n|\n|upkeep\n|turn|40\n|\n|t:|1697590908\n|move|p1a: Ditto|Flamethrower|p2a: Rika\n|-resisted|p2a: Rika\n|-damage|p2a: Rika|0 fnt\n|faint|p2a: Rika\n|\n|upkeep\n|\n|t:|1697590913\n|switch|p2a: Yuta|Clodsire, M|99\/100\n|-damage|p2a: Yuta|74\/100|[from] Spikes\n|turn|41\n|\n|t:|1697590924\n|move|p1a: Ditto|Flamethrower|p2a: Yuta\n|-damage|p2a: Yuta|33\/100\n|move|p2a: Yuta|Earthquake|p1a: Ditto\n|-supereffective|p1a: Ditto\n|-crit|p1a: Ditto\n|-damage|p1a: Ditto|0 fnt\n|faint|p1a: Ditto\n|\n|-heal|p2a: Yuta|39\/100|[from] item: Leftovers\n|upkeep\n|\n|t:|1697590933\n|switch|p1a: Jirachi|Jirachi|76\/100\n|-damage|p1a: Jirachi|63\/100|[from] Spikes\n|turn|42\n|\n|t:|1697590958\n|move|p1a: Jirachi|Iron Head|p2a: Yuta\n|-damage|p2a: Yuta|0 fnt\n|faint|p2a: Yuta\n|\n|upkeep\n|\n|t:|1697590962\n|switch|p2a: Rukia|Meowscarada, F|64\/100\n|turn|43\n|\n|t:|1697590971\n|move|p2a: Rukia|Knock Off|p1a: Jirachi\n|-start|p2a: Rukia|typechange|Dark|[from] ability: Protean\n|-supereffective|p1a: Jirachi\n|-enditem|p1a: Jirachi|Colbur Berry|[eat]\n|-enditem|p1a: Jirachi|Colbur Berry|[weaken]\n|-damage|p1a: Jirachi|28\/100\n|move|p1a: Jirachi|U-turn|p2a: Rukia\n|-supereffective|p2a: Rukia\n|-damage|p2a: Rukia|0 fnt\n|faint|p2a: Rukia\n|\n|win|Yardrok\n","uploadtime":1697590988,"views":22,"p1id":"yardrok","p2id":"notadragontrainer","formatid":"gen9ubers","rating":0,"private":0,"password":""}