{"id":"gen9ubers-1987333053","p1":"warlordxxxxzzzz","p2":"xegrizzy","format":"[Gen 9] Ubers","log":"|j|\u2606warlordxxxxzzzz\n|j|\u2606xegrizzy\n|t:|1699578583\n|gametype|singles\n|player|p1|warlordxxxxzzzz|2|\n|player|p2|xegrizzy|266|\n|teamsize|p1|6\n|teamsize|p2|6\n|gen|9\n|tier|[Gen 9] Ubers\n|rule|Sleep Clause Mod: Limit one foe put to sleep\n|rule|Species Clause: Limit one of each Pok\u00e9mon\n|rule|OHKO Clause: OHKO moves are banned\n|rule|Evasion Items Clause: Evasion items are banned\n|rule|Evasion Moves Clause: Evasion moves are banned\n|rule|Endless Battle Clause: Forcing endless battles is banned\n|rule|HP Percentage Mod: HP is shown in percentages\n|clearpoke\n|poke|p1|Dragonite, M|\n|poke|p1|Meowscarada, F|\n|poke|p1|Quaquaval, M|\n|poke|p1|Thundurus, M|\n|poke|p1|Lucario, F|\n|poke|p1|Azelf|\n|poke|p2|Clefable, F|\n|poke|p2|Roaring Moon|\n|poke|p2|Great Tusk|\n|poke|p2|Torkoal, M|\n|poke|p2|Charizard, M|\n|poke|p2|Iron Moth|\n|teampreview\n|c|\u2606warlordxxxxzzzz|arent we supposed to link the room?\n|c|\u2606warlordxxxxzzzz|gl gamer\n|c|\u2606xegrizzy|yeah just did it\n|c|\u2606xegrizzy|glhf\n|j| ThatGuyAltro\n|j| DivogoJota\n|\n|t:|1699578643\n|start\n|switch|p1a: Azelf|Azelf|100\/100\n|switch|p2a: Torkoal|Torkoal, M|100\/100\n|-weather|SunnyDay|[from] ability: Drought|[of] p2a: Torkoal\n|turn|1\n|\n|t:|1699578668\n|move|p1a: Azelf|Taunt|p2a: Torkoal\n|-start|p2a: Torkoal|move: Taunt\n|cant|p2a: Torkoal|move: Taunt|Stealth Rock\n|\n|-weather|SunnyDay|[upkeep]\n|upkeep\n|turn|2\n|j| KaoVT\n|\n|t:|1699578678\n|move|p1a: Azelf|Stealth Rock|p2a: Torkoal\n|-sidestart|p2: xegrizzy|move: Stealth Rock\n|move|p2a: Torkoal|Lava Plume|p1a: Azelf\n|-damage|p1a: Azelf|48\/100\n|\n|-weather|SunnyDay|[upkeep]\n|upkeep\n|turn|3\n|\n|t:|1699578685\n|move|p1a: Azelf|Explosion|p2a: Torkoal\n|-enditem|p1a: Azelf|Normal Gem|[from] gem\n|-damage|p2a: Torkoal|35\/100\n|faint|p1a: Azelf\n|move|p2a: Torkoal|Lava Plume|p1: Azelf|[notarget]\n|-fail|p2a: Torkoal\n|\n|-weather|SunnyDay|[upkeep]\n|-end|p2a: Torkoal|move: Taunt\n|upkeep\n|j| SunShinyReys\n|\n|t:|1699578700\n|switch|p1a: Quaquaval|Quaquaval, M|100\/100\n|turn|4\n|c| SunShinyReys|I missed the Azelf KA-BOOM, darn.\n|\n|t:|1699578742\n|switch|p2a: Clefable|Clefable, F|100\/100\n|-damage|p2a: Clefable|88\/100|[from] Stealth Rock\n|move|p1a: Quaquaval|Aqua Step|p2a: Clefable\n|-damage|p2a: Clefable|73\/100\n|-boost|p1a: Quaquaval|spe|1\n|\n|-weather|SunnyDay|[upkeep]\n|upkeep\n|turn|5\n|c|\u2606warlordxxxxzzzz|oof\n|\n|t:|1699578764\n|switch|p1a: Lucario|Lucario, F|100\/100\n|move|p2a: Clefable|Reflect|p2a: Clefable\n|-sidestart|p2: xegrizzy|Reflect\n|\n|-weather|SunnyDay|[upkeep]\n|upkeep\n|turn|6\n|\n|t:|1699578773\n|switch|p2a: Great Tusk|Great Tusk|100\/100\n|-damage|p2a: Great Tusk|98\/100|[from] Stealth Rock\n|-activate|p2a: Great Tusk|ability: Protosynthesis\n|-start|p2a: Great Tusk|protosynthesisatk\n|move|p1a: Lucario|Flash Cannon|p2a: Great Tusk\n|-damage|p2a: Great Tusk|48\/100\n|\n|-weather|SunnyDay|[upkeep]\n|upkeep\n|turn|7\n|\n|t:|1699578812\n|-end|p2a: Great Tusk|Protosynthesis|[silent]\n|switch|p2a: Torkoal|Torkoal, M|35\/100\n|-damage|p2a: Torkoal|10\/100|[from] Stealth Rock\n|move|p1a: Lucario|Flash Cannon|p2a: Torkoal\n|-resisted|p2a: Torkoal\n|-damage|p2a: Torkoal|0 fnt\n|faint|p2a: Torkoal\n|\n|-weather|SunnyDay|[upkeep]\n|upkeep\n|\n|t:|1699578823\n|switch|p2a: Iron Moth|Iron Moth|100\/100\n|-damage|p2a: Iron Moth|76\/100|[from] Stealth Rock\n|-enditem|p2a: Iron Moth|Booster Energy\n|-activate|p2a: Iron Moth|ability: Quark Drive|[fromitem]\n|-start|p2a: Iron Moth|quarkdrivespe\n|turn|8\n|j| Scottowo\n|\n|t:|1699578880\n|switch|p1a: Quaquaval|Quaquaval, M|100\/100\n|move|p2a: Iron Moth|Substitute|p2a: Iron Moth\n|-start|p2a: Iron Moth|Substitute\n|-damage|p2a: Iron Moth|51\/100\n|\n|-weather|none\n|upkeep\n|turn|9\n|\n|t:|1699578890\n|move|p2a: Iron Moth|Psychic|p1a: Quaquaval\n|-supereffective|p1a: Quaquaval\n|-damage|p1a: Quaquaval|48\/100\n|-unboost|p1a: Quaquaval|spd|1\n|move|p1a: Quaquaval|Aqua Step|p2a: Iron Moth\n|-supereffective|p2a: Iron Moth\n|-end|p2a: Iron Moth|Substitute\n|-boost|p1a: Quaquaval|spe|1\n|\n|upkeep\n|turn|10\n|\n|t:|1699578924\n|move|p1a: Quaquaval|Aqua Jet|p2a: Iron Moth\n|-supereffective|p2a: Iron Moth\n|-damage|p2a: Iron Moth|19\/100\n|move|p2a: Iron Moth|Psychic|p1a: Quaquaval\n|-supereffective|p1a: Quaquaval\n|-damage|p1a: Quaquaval|0 fnt\n|faint|p1a: Quaquaval\n|\n|upkeep\n|\n|t:|1699578939\n|switch|p1a: Dragonite|Dragonite, M|100\/100\n|turn|11\n|\n|t:|1699578950\n|move|p1a: Dragonite|Extreme Speed|p2a: Iron Moth\n|-damage|p2a: Iron Moth|0 fnt\n|faint|p2a: Iron Moth\n|-end|p2a: Iron Moth|Quark Drive|[silent]\n|\n|upkeep\n|c| DivogoJota|The titan falls\n|\n|t:|1699578965\n|switch|p2a: Great Tusk|Great Tusk|48\/100\n|-damage|p2a: Great Tusk|45\/100|[from] Stealth Rock\n|turn|12\n|\n|t:|1699578994\n|move|p2a: Great Tusk|Rapid Spin|p1a: Dragonite\n|-damage|p1a: Dragonite|94\/100\n|-boost|p2a: Great Tusk|spe|1\n|-sideend|p2: xegrizzy|Stealth Rock|[from] move: Rapid Spin|[of] p2a: Great Tusk\n|move|p1a: Dragonite|Waterfall|p2a: Great Tusk\n|-supereffective|p2a: Great Tusk\n|-damage|p2a: Great Tusk|25\/100\n|\n|-heal|p1a: Dragonite|99\/100|[from] item: Leftovers\n|-sideend|p2: xegrizzy|Reflect\n|upkeep\n|turn|13\n|\n|t:|1699579007\n|move|p2a: Great Tusk|Rock Slide|p1a: Dragonite\n|-supereffective|p1a: Dragonite\n|-damage|p1a: Dragonite|62\/100\n|cant|p1a: Dragonite|flinch\n|\n|-heal|p1a: Dragonite|68\/100|[from] item: Leftovers\n|upkeep\n|turn|14\n|j| Lass Starling\n|\n|t:|1699579031\n|move|p2a: Great Tusk|Knock Off|p1a: Dragonite\n|-damage|p1a: Dragonite|42\/100\n|-enditem|p1a: Dragonite|Leftovers|[from] move: Knock Off|[of] p2a: Great Tusk\n|move|p1a: Dragonite|Waterfall|p2a: Great Tusk\n|-supereffective|p2a: Great Tusk\n|-damage|p2a: Great Tusk|0 fnt\n|faint|p2a: Great Tusk\n|-end|p2a: Great Tusk|Protosynthesis|[silent]\n|\n|upkeep\n|\n|t:|1699579039\n|switch|p2a: Clefable|Clefable, F|73\/100\n|turn|15\n|l| Lass Starling\n|j| Lass Starling\n|\n|t:|1699579090\n|switch|p1a: Lucario|Lucario, F|100\/100\n|move|p2a: Clefable|Reflect|p2a: Clefable\n|-sidestart|p2: xegrizzy|Reflect\n|\n|upkeep\n|turn|16\n|l| KaoVT\n|\n|t:|1699579127\n|switch|p2a: Charizard|Charizard, M|100\/100\n|move|p1a: Lucario|Psychic|p2a: Charizard\n|-damage|p2a: Charizard|48\/100\n|\n|upkeep\n|turn|17\n|\n|t:|1699579175\n|-terastallize|p2a: Charizard|Fire\n|move|p2a: Charizard|Flamethrower|p1a: Lucario\n|-supereffective|p1a: Lucario\n|-damage|p1a: Lucario|0 fnt\n|faint|p1a: Lucario\n|\n|upkeep\n|\n|t:|1699579215\n|switch|p1a: Thundurus|Thundurus, M|100\/100\n|turn|18\n|\n|t:|1699579226\n|switch|p2a: Roaring Moon|Roaring Moon|100\/100\n|move|p1a: Thundurus|Thunderbolt|p2a: Roaring Moon\n|-resisted|p2a: Roaring Moon\n|-damage|p2a: Roaring Moon|80\/100\n|\n|upkeep\n|turn|19\n|l| DivogoJota\n|j| DivogoJota\n|l| DivogoJota\n|c|\u2606warlordxxxxzzzz|sorry\n|j| DivogoJota\n|c|\u2606xegrizzy|u ok? just calcing?\n|l| DivogoJota\n|\n|t:|1699579439\n|move|p1a: Thundurus|Focus Blast|p2a: Roaring Moon\n|-supereffective|p2a: Roaring Moon\n|-damage|p2a: Roaring Moon|0 fnt\n|faint|p2a: Roaring Moon\n|-end|p2a: Roaring Moon|Protosynthesis|[silent]\n|\n|upkeep\n|j| DivogoJota\n|c|\u2606warlordxxxxzzzz|uhh yes but also in the middle of a dnd session xd\n|\n|t:|1699579449\n|switch|p2a: Clefable|Clefable, F|73\/100\n|turn|20\n|c| DivogoJota|Roll to hit Focus Blast\n|c| Lass Starling|smh my head\n|c| SunShinyReys|He's rolling the dice while rolling the dice on this match.\n|c|\u2606warlordxxxxzzzz|true\n|\n|t:|1699579502\n|move|p1a: Thundurus|Thunderbolt|p2a: Clefable\n|-damage|p2a: Clefable|31\/100\n|move|p2a: Clefable|Light Screen|p2a: Clefable\n|-sidestart|p2: xegrizzy|move: Light Screen\n|\n|upkeep\n|turn|21\n|c|\u2606warlordxxxxzzzz|it was also not 100% a kill\n|\n|t:|1699579508\n|move|p1a: Thundurus|Thunderbolt|p2a: Clefable\n|-damage|p2a: Clefable|9\/100\n|-status|p2a: Clefable|par\n|move|p2a: Clefable|Wish|p2a: Clefable\n|\n|upkeep\n|turn|22\n|\n|t:|1699579515\n|move|p1a: Thundurus|Thunderbolt|p2a: Clefable\n|-damage|p2a: Clefable|0 fnt\n|faint|p2a: Clefable\n|\n|-sideend|p2: xegrizzy|Reflect\n|upkeep\n|\n|t:|1699579519\n|switch|p2a: Charizard|Charizard, M, tera:Fire|48\/100\n|turn|23\n|\n|t:|1699579529\n|move|p1a: Thundurus|Thunderbolt|p2a: Charizard\n|-damage|p2a: Charizard|18\/100\n|move|p2a: Charizard|Flamethrower|p1a: Thundurus\n|-damage|p1a: Thundurus|0 fnt\n|faint|p1a: Thundurus\n|\n|upkeep\n|\n|t:|1699579536\n|switch|p1a: Meowscarada|Meowscarada, F|100\/100\n|turn|24\n|\n|t:|1699579539\n|move|p1a: Meowscarada|Knock Off|p2a: Charizard\n|-start|p1a: Meowscarada|typechange|Dark|[from] ability: Protean\n|-damage|p2a: Charizard|0 fnt\n|-enditem|p2a: Charizard|Choice Specs|[from] move: Knock Off|[of] p1a: Meowscarada\n|faint|p2a: Charizard\n|\n|win|warlordxxxxzzzz\n|c|\u2606xegrizzy|gg\n|c| DivogoJota|gg\n|c|\u2606warlordxxxxzzzz|gg wp\n|l| Scottowo\n|c| SunShinyReys|wp\n|l| Lass Starling\n|l| DivogoJota\n","uploadtime":1699579557,"views":58,"p1id":"warlordxxxxzzzz","p2id":"xegrizzy","formatid":"gen9ubers","rating":0,"private":0,"password":""}