{"id":"gen9ubers-1970002302","p1":"The_Black_Dog","p2":"meekmillee","format":"[Gen 9] Ubers","log":"|j|\u2606The_Black_Dog\n|j|\u2606meekmillee\n|t:|1697583969\n|gametype|singles\n|player|p1|The_Black_Dog|ghetsis|\n|player|p2|meekmillee|infielder|\n|teamsize|p1|6\n|teamsize|p2|6\n|gen|9\n|tier|[Gen 9] Ubers\n|rule|Sleep Clause Mod: Limit one foe put to sleep\n|rule|Species Clause: Limit one of each Pok\u00e9mon\n|rule|OHKO Clause: OHKO moves are banned\n|rule|Evasion Items Clause: Evasion items are banned\n|rule|Evasion Moves Clause: Evasion moves are banned\n|rule|Endless Battle Clause: Forcing endless battles is banned\n|rule|HP Percentage Mod: HP is shown in percentages\n|clearpoke\n|poke|p1|Dragapult, M|\n|poke|p1|Cyclizar, F|\n|poke|p1|Breloom, M|\n|poke|p1|Zapdos|\n|poke|p1|Krookodile, M|\n|poke|p1|Heatran, F|\n|poke|p2|Cinderace, F|\n|poke|p2|Samurott-Hisui, F|\n|poke|p2|Mewtwo|\n|poke|p2|Goodra-Hisui, M|\n|poke|p2|Rillaboom, M|\n|poke|p2|Chansey, F|\n|teampreview\n|c|\u2606The_Black_Dog|GLHF\n|c|\u2606meekmillee|glgl!\n|\n|t:|1697584051\n|start\n|switch|p1a: Zapdos|Zapdos, shiny|100\/100\n|switch|p2a: Chansey|Chansey, F|100\/100\n|turn|1\n|\n|t:|1697584059\n|move|p1a: Zapdos|Volt Switch|p2a: Chansey\n|-damage|p2a: Chansey|88\/100\n|\n|t:|1697584066\n|switch|p1a: GeatGrant|Heatran, F, shiny|100\/100|[from] Volt Switch\n|-item|p1a: GeatGrant|Air Balloon\n|move|p2a: Chansey|Seismic Toss|p1a: GeatGrant\n|-damage|p1a: GeatGrant|75\/100\n|-enditem|p1a: GeatGrant|Air Balloon\n|\n|upkeep\n|turn|2\n|\n|t:|1697584084\n|move|p1a: GeatGrant|Stealth Rock|p2a: Chansey\n|-sidestart|p2: meekmillee|move: Stealth Rock\n|move|p2a: Chansey|Thunder Wave|p1a: GeatGrant|[miss]\n|-miss|p2a: Chansey|p1a: GeatGrant\n|\n|upkeep\n|turn|3\n|\n|t:|1697584110\n|switch|p1a: Krookodile|Krookodile, M, shiny|100\/100\n|move|p2a: Chansey|Brick Break|p1a: Krookodile\n|-supereffective|p1a: Krookodile\n|-damage|p1a: Krookodile|94\/100\n|\n|upkeep\n|turn|4\n|\n|t:|1697584135\n|switch|p2a: Rillaboom|Rillaboom, M|100\/100\n|-damage|p2a: Rillaboom|88\/100|[from] Stealth Rock\n|-fieldstart|move: Grassy Terrain|[from] ability: Grassy Surge|[of] p2a: Rillaboom\n|-enditem|p2a: Rillaboom|Grassy Seed\n|-boost|p2a: Rillaboom|def|1|[from] item: Grassy Seed\n|move|p1a: Krookodile|Knock Off|p2a: Rillaboom\n|-damage|p2a: Rillaboom|67\/100\n|\n|-heal|p2a: Rillaboom|73\/100|[from] Grassy Terrain\n|-heal|p1a: Krookodile|100\/100|[from] Grassy Terrain\n|upkeep\n|turn|5\n|\n|t:|1697584152\n|switch|p1a: Zapdos|Zapdos, shiny|100\/100\n|move|p2a: Rillaboom|Drum Beating|p1a: Zapdos\n|-resisted|p1a: Zapdos\n|-damage|p1a: Zapdos|69\/100\n|-unboost|p1a: Zapdos|spe|1\n|\n|-heal|p2a: Rillaboom|79\/100|[from] Grassy Terrain\n|upkeep\n|turn|6\n|\n|t:|1697584163\n|move|p2a: Rillaboom|U-turn|p1a: Zapdos\n|-resisted|p1a: Zapdos\n|-damage|p1a: Zapdos|54\/100\n|-damage|p2a: Rillaboom|63\/100|[from] item: Rocky Helmet|[of] p1a: Zapdos\n|\n|t:|1697584168\n|switch|p2a: Samurott|Samurott-Hisui, F, shiny|100\/100|[from] U-turn\n|-damage|p2a: Samurott|88\/100|[from] Stealth Rock\n|move|p1a: Zapdos|Hurricane|p2a: Samurott\n|-damage|p2a: Samurott|0 fnt\n|faint|p2a: Samurott\n|\n|upkeep\n|\n|t:|1697584189\n|switch|p2a: Mewtwo|Mewtwo, shiny|100\/100\n|-ability|p2a: Mewtwo|Unnerve\n|-damage|p2a: Mewtwo|88\/100|[from] Stealth Rock\n|turn|7\n|\n|t:|1697584207\n|move|p2a: Mewtwo|Psystrike|p1a: Zapdos\n|-damage|p1a: Zapdos|0 fnt\n|faint|p1a: Zapdos\n|\n|-heal|p2a: Mewtwo|94\/100|[from] Grassy Terrain\n|upkeep\n|\n|t:|1697584226\n|switch|p1a: Dragapult|Dragapult, M, shiny|100\/100\n|turn|8\n|\n|t:|1697584240\n|switch|p2a: Chansey|Chansey, F|88\/100\n|-damage|p2a: Chansey|75\/100|[from] Stealth Rock\n|move|p1a: Dragapult|Dragon Dance|p1a: Dragapult\n|-boost|p1a: Dragapult|atk|1\n|-boost|p1a: Dragapult|spe|1\n|\n|-heal|p2a: Chansey|81\/100|[from] Grassy Terrain\n|-fieldend|move: Grassy Terrain\n|upkeep\n|turn|9\n|\n|t:|1697584250\n|move|p1a: Dragapult|Dragon Darts|p2a: Chansey\n|-damage|p2a: Chansey|46\/100\n|-anim|p1a: Dragapult|Dragon Darts|p2a: Chansey\n|-crit|p2a: Chansey\n|-damage|p2a: Chansey|0 fnt\n|faint|p2a: Chansey\n|-damage|p1a: Dragapult|91\/100|[from] item: Life Orb\n|\n|upkeep\n|c|\u2606The_Black_Dog|wow crit\n|\n|t:|1697584264\n|switch|p2a: Goodra|Goodra-Hisui, M, shiny|100\/100\n|-damage|p2a: Goodra|94\/100|[from] Stealth Rock\n|turn|10\n|\n|t:|1697584272\n|move|p1a: Dragapult|Dragon Darts|p2a: Goodra\n|-damage|p2a: Goodra|45\/100\n|-anim|p1a: Dragapult|Dragon Darts|p2a: Goodra\n|-damage|p2a: Goodra|0 fnt\n|faint|p2a: Goodra\n|-damage|p1a: Dragapult|81\/100|[from] item: Life Orb\n|\n|upkeep\n|\n|t:|1697584277\n|switch|p2a: Rillaboom|Rillaboom, M|63\/100\n|-damage|p2a: Rillaboom|51\/100|[from] Stealth Rock\n|-fieldstart|move: Grassy Terrain|[from] ability: Grassy Surge|[of] p2a: Rillaboom\n|turn|11\n|\n|t:|1697584284\n|move|p1a: Dragapult|Dragon Darts|p2a: Rillaboom\n|-crit|p2a: Rillaboom\n|-damage|p2a: Rillaboom|0 fnt\n|faint|p2a: Rillaboom\n|-damage|p1a: Dragapult|71\/100|[from] item: Life Orb\n|\n|-heal|p1a: Dragapult|77\/100|[from] Grassy Terrain\n|upkeep\n|\n|t:|1697584287\n|switch|p2a: Mewtwo|Mewtwo, shiny|94\/100\n|-ability|p2a: Mewtwo|Unnerve\n|-damage|p2a: Mewtwo|82\/100|[from] Stealth Rock\n|turn|12\n|c|\u2606meekmillee|damn it was as simple as attack the drag turn 1\n|c|\u2606meekmillee|gg wp\n|\n|t:|1697584343\n|-terastallize|p1a: Dragapult|Ghost\n|move|p1a: Dragapult|Tera Blast|p2a: Mewtwo|[anim] Tera Blast Ghost\n|-supereffective|p2a: Mewtwo\n|-damage|p2a: Mewtwo|0 fnt\n|faint|p2a: Mewtwo\n|-damage|p1a: Dragapult|67\/100|[from] item: Life Orb\n|\n|-heal|p1a: Dragapult|73\/100|[from] Grassy Terrain\n|upkeep\n|\n|t:|1697584349\n|switch|p2a: Cinderace|Cinderace, F, shiny|100\/100\n|-damage|p2a: Cinderace|76\/100|[from] Stealth Rock\n|turn|13\n|c|\u2606meekmillee|calcing a novel\n|c|\u2606meekmillee|for an o-ko on any move\n|c|\u2606meekmillee|XD\n|c|\u2606The_Black_Dog|lolll\n|\n|t:|1697584374\n|-terastallize|p2a: Cinderace|Fire\n|move|p1a: Dragapult|Dragon Darts|p2a: Cinderace\n|-damage|p2a: Cinderace|0 fnt\n|faint|p2a: Cinderace\n|-damage|p1a: Dragapult|64\/100|[from] item: Life Orb\n|\n|win|The_Black_Dog\n|c|\u2606The_Black_Dog|gg gg\n|c|\u2606meekmillee|shoulda never switched my sam in\n|c|\u2606meekmillee|that was my speed insurance lol\n|c|\u2606meekmillee|ggs\n|c|\u2606The_Black_Dog|oh word\n|c|\u2606meekmillee|built my team a BIT around typloshion\n|c|\u2606The_Black_Dog|yeah i didnt think hurricane would ko\n|c|\u2606The_Black_Dog|and thats got plenty of chance to miss too. you had some bad rolls\n|c|\u2606meekmillee|anti fire dmg on my mewtwo item\n|c|\u2606meekmillee|lol\n|c|\u2606meekmillee|ggs tho!\n","uploadtime":1697584459,"views":21,"p1id":"theblackdog","p2id":"meekmillee","formatid":"gen9ubers","rating":0,"private":0,"password":""}