{"id":"gen9ubers-1971102227","p1":"apa aja sih2","p2":"Ligne de Code","format":"[Gen 9] Ubers","log":"|j|\u2606apa aja sih2\n|j|\u2606Ligne de Code\n|t:|1697706522\n|gametype|singles\n|player|p1|apa aja sih2|266|1252\n|player|p2|Ligne de Code|colress|1281\n|teamsize|p1|6\n|teamsize|p2|6\n|gen|9\n|tier|[Gen 9] Ubers\n|rated|\n|rule|Sleep Clause Mod: Limit one foe put to sleep\n|rule|Species Clause: Limit one of each Pok\u00e9mon\n|rule|OHKO Clause: OHKO moves are banned\n|rule|Evasion Items Clause: Evasion items are banned\n|rule|Evasion Moves Clause: Evasion moves are banned\n|rule|Endless Battle Clause: Forcing endless battles is banned\n|rule|HP Percentage Mod: HP is shown in percentages\n|clearpoke\n|poke|p1|Ogerpon-Hearthflame, F|\n|poke|p1|Ursaluna-Bloodmoon, M|\n|poke|p1|Flutter Mane|\n|poke|p1|Koraidon|\n|poke|p1|Chi-Yu|\n|poke|p1|Gholdengo|\n|poke|p2|Annihilape, F|\n|poke|p2|Flutter Mane|\n|poke|p2|Cyclizar, M|\n|poke|p2|Palafin, F|\n|poke|p2|Regieleki|\n|poke|p2|Ogerpon-Hearthflame, F|\n|teampreview\n|inactive|Battle timer is ON: inactive players will automatically lose when time's up. (requested by apa aja sih2)\n|\n|t:|1697706529\n|start\n|switch|p1a: Koraidon|Koraidon|100\/100\n|switch|p2a: Annihilape|Annihilape, F|100\/100\n|-weather|SunnyDay|[from] ability: Orichalcum Pulse|[of] p1a: Koraidon\n|-activate|p1a: Koraidon|Orichalcum Pulse|[source]\n|turn|1\n|\n|t:|1697706537\n|move|p1a: Koraidon|U-turn|p2a: Annihilape\n|-resisted|p2a: Annihilape\n|-damage|p2a: Annihilape|92\/100\n|\n|t:|1697706539\n|switch|p1a: Cocaine bear|Ursaluna-Bloodmoon, M|100\/100|[from] U-turn\n|move|p2a: Annihilape|Final Gambit|p1a: Cocaine bear\n|-damage|p1a: Cocaine bear|7\/100\n|faint|p2a: Annihilape\n|\n|-weather|SunnyDay|[upkeep]\n|upkeep\n|\n|t:|1697706549\n|switch|p2a: Ogerpon|Ogerpon-Hearthflame, F|100\/100\n|-ability|p2a: Ogerpon|Mold Breaker\n|turn|2\n|\n|t:|1697706557\n|-terastallize|p2a: Ogerpon|Fire\n|detailschange|p2a: Ogerpon|Ogerpon-Hearthflame-Tera, F, tera:Fire\n|-ability|p2a: Ogerpon|Embody Aspect (Hearthflame)|boost\n|-boost|p2a: Ogerpon|atk|1\n|move|p2a: Ogerpon|Trailblaze|p1a: Cocaine bear\n|-supereffective|p1a: Cocaine bear\n|-damage|p1a: Cocaine bear|0 fnt\n|-boost|p2a: Ogerpon|spe|1\n|faint|p1a: Cocaine bear\n|\n|-weather|SunnyDay|[upkeep]\n|upkeep\n|\n|t:|1697706563\n|switch|p1a: Flutter Mane|Flutter Mane|100\/100\n|-activate|p1a: Flutter Mane|ability: Protosynthesis\n|-start|p1a: Flutter Mane|protosynthesisspe\n|turn|3\n|\n|t:|1697706575\n|-terastallize|p1a: Flutter Mane|Ghost\n|move|p1a: Flutter Mane|Shadow Ball|p2a: Ogerpon\n|-damage|p2a: Ogerpon|7\/100\n|-damage|p1a: Flutter Mane|91\/100|[from] item: Life Orb\n|move|p2a: Ogerpon|Ivy Cudgel|p1a: Flutter Mane\n|-damage|p1a: Flutter Mane|0 fnt\n|faint|p1a: Flutter Mane\n|-end|p1a: Flutter Mane|Protosynthesis|[silent]\n|\n|-weather|SunnyDay|[upkeep]\n|upkeep\n|\n|t:|1697706578\n|switch|p1a: Koraidon|Koraidon|100\/100\n|-activate|p1a: Koraidon|ability: Orichalcum Pulse\n|turn|4\n|\n|t:|1697706591\n|move|p2a: Ogerpon|Play Rough|p1a: Koraidon\n|-supereffective|p1a: Koraidon\n|-damage|p1a: Koraidon|0 fnt\n|faint|p1a: Koraidon\n|\n|-weather|SunnyDay|[upkeep]\n|upkeep\n|\n|t:|1697706596\n|switch|p1a: Chi-Yu|Chi-Yu|100\/100\n|-ability|p1a: Chi-Yu|Beads of Ruin\n|turn|5\n|\n|t:|1697706605\n|move|p2a: Ogerpon|Brick Break|p1a: Chi-Yu\n|-supereffective|p1a: Chi-Yu\n|-damage|p1a: Chi-Yu|0 fnt\n|faint|p1a: Chi-Yu\n|\n|-weather|SunnyDay|[upkeep]\n|upkeep\n|\n|t:|1697706607\n|switch|p1a: Ogerpon|Ogerpon-Hearthflame, F|100\/100\n|-ability|p1a: Ogerpon|Mold Breaker\n|turn|6\n|\n|t:|1697706615\n|move|p2a: Ogerpon|Ivy Cudgel|p1a: Ogerpon\n|-damage|p1a: Ogerpon|0 fnt\n|faint|p1a: Ogerpon\n|\n|-weather|SunnyDay|[upkeep]\n|upkeep\n|\n|t:|1697706620\n|switch|p1a: Gholdengo|Gholdengo, shiny|100\/100\n|turn|7\n|\n|t:|1697706622\n|move|p2a: Ogerpon|Ivy Cudgel|p1a: Gholdengo\n|-supereffective|p1a: Gholdengo\n|-damage|p1a: Gholdengo|0 fnt\n|faint|p1a: Gholdengo\n|\n|win|Ligne de Code\n|raw|apa aja sih2's rating: 1237 &rarr; <strong>1215<\/strong><br \/>(-22 for losing)\n|raw|Ligne de Code's rating: 1281 &rarr; <strong>1303<\/strong><br \/>(+22 for winning)\n|l|\u2606apa aja sih2\n","uploadtime":1697706653,"views":11,"p1id":"apaajasih2","p2id":"lignedecode","formatid":"gen9ubers","rating":1215,"private":0,"password":""}