{"id":"gen9ubers-1997811518","p1":"had sweep","p2":"thunderbug","format":"[Gen 9] Ubers","log":"|j|\u203dhad sweep\n|j|\u2606thunderbug\n|t:|1700855273\n|gametype|singles\n|player|p1|had sweep|swimmer-gen4|1389\n|player|p2|thunderbug|bugsy-gen2|1662\n|teamsize|p1|6\n|teamsize|p2|6\n|gen|9\n|tier|[Gen 9] Ubers\n|rated|\n|rule|Sleep Clause Mod: Limit one foe put to sleep\n|rule|Species Clause: Limit one of each Pok\u00e9mon\n|rule|OHKO Clause: OHKO moves are banned\n|rule|Evasion Items Clause: Evasion items are banned\n|rule|Evasion Moves Clause: Evasion moves are banned\n|rule|Endless Battle Clause: Forcing endless battles is banned\n|rule|HP Percentage Mod: HP is shown in percentages\n|clearpoke\n|poke|p1|Gliscor, F|\n|poke|p1|Dondozo, F|\n|poke|p1|Clodsire, M|\n|poke|p1|Eternatus|\n|poke|p1|Zacian-*|\n|poke|p1|Giratina-Origin|\n|poke|p2|Calyrex-Ice|\n|poke|p2|Miraidon|\n|poke|p2|Koraidon|\n|poke|p2|Ting-Lu|\n|poke|p2|Zacian-*|\n|poke|p2|Kyogre|\n|teampreview\n|inactive|Battle timer is ON: inactive players will automatically lose when time's up. (requested by had sweep)\n|inactive|thunderbug has 120 seconds left.\n|\n|t:|1700855324\n|start\n|switch|p1a: Gliscor|Gliscor, F|100\/100\n|switch|p2a: Miraidon|Miraidon|100\/100\n|-fieldstart|move: Electric Terrain|[from] ability: Hadron Engine|[of] p2a: Miraidon\n|turn|1\n|\n|t:|1700855328\n|move|p1a: Gliscor|Protect|p1a: Gliscor\n|-singleturn|p1a: Gliscor|Protect\n|move|p2a: Miraidon|Draco Meteor|p1a: Gliscor\n|-activate|p1a: Gliscor|move: Protect\n|\n|-status|p1a: Gliscor|tox|[from] item: Toxic Orb\n|upkeep\n|turn|2\n|\n|t:|1700855335\n|switch|p1a: Zacian|Zacian|100\/100\n|-ability|p1a: Zacian|Intrepid Sword|boost\n|-boost|p1a: Zacian|atk|1\n|move|p2a: Miraidon|Draco Meteor|p1a: Zacian\n|-immune|p1a: Zacian\n|\n|upkeep\n|turn|3\n|\n|t:|1700855343\n|switch|p2a: Zacian|Zacian-Crowned|100\/100\n|-ability|p2a: Zacian|Intrepid Sword|boost\n|-boost|p2a: Zacian|atk|1\n|move|p1a: Zacian|Play Rough|p2a: Zacian\n|-resisted|p2a: Zacian\n|-damage|p2a: Zacian|69\/100\n|\n|upkeep\n|turn|4\n|\n|t:|1700855353\n|switch|p1a: Dondozo|Dondozo, F|100\/100\n|move|p2a: Zacian|Wild Charge|p1a: Dondozo\n|-supereffective|p1a: Dondozo\n|-damage|p1a: Dondozo|58\/100\n|-damage|p2a: Zacian|52\/100|[from] Recoil\n|\n|-heal|p1a: Dondozo|64\/100|[from] item: Leftovers\n|upkeep\n|turn|5\n|\n|t:|1700855370\n|move|p2a: Zacian|Wild Charge|p1a: Dondozo\n|-supereffective|p1a: Dondozo\n|-damage|p1a: Dondozo|27\/100\n|-damage|p2a: Zacian|38\/100|[from] Recoil\n|move|p1a: Dondozo|Rest||[still]\n|-activate|p1a: Dondozo|move: Electric Terrain\n|-fail|p1a: Dondozo\n|\n|-heal|p1a: Dondozo|33\/100|[from] item: Leftovers\n|-fieldend|move: Electric Terrain\n|upkeep\n|turn|6\n|\n|t:|1700855381\n|switch|p2a: Miraidon|Miraidon|100\/100\n|-fieldstart|move: Electric Terrain|[from] ability: Hadron Engine|[of] p2a: Miraidon\n|switch|p1a: Clodsire|Clodsire, M|100\/100\n|\n|upkeep\n|turn|7\n|\n|t:|1700855394\n|switch|p2a: Ting-Lu|Ting-Lu|100\/100\n|-ability|p2a: Ting-Lu|Vessel of Ruin\n|move|p1a: Clodsire|Toxic Spikes|p2a: Ting-Lu\n|-sidestart|p2: thunderbug|move: Toxic Spikes\n|\n|upkeep\n|turn|8\n|\n|t:|1700855402\n|move|p2a: Ting-Lu|Spikes|p1a: Clodsire\n|-sidestart|p1: had sweep|Spikes\n|move|p1a: Clodsire|Toxic Spikes|p2a: Ting-Lu\n|-sidestart|p2: thunderbug|move: Toxic Spikes\n|\n|upkeep\n|turn|9\n|\n|t:|1700855409\n|switch|p1a: Gliscor|Gliscor, F|100\/100 tox\n|move|p2a: Ting-Lu|Spikes|p1a: Gliscor\n|-sidestart|p1: had sweep|Spikes\n|\n|upkeep\n|turn|10\n|\n|t:|1700855413\n|move|p2a: Ting-Lu|Protect|p2a: Ting-Lu\n|-singleturn|p2a: Ting-Lu|Protect\n|move|p1a: Gliscor|Toxic|p2a: Ting-Lu\n|-activate|p2a: Ting-Lu|move: Protect\n|\n|-fieldend|move: Electric Terrain\n|upkeep\n|turn|11\n|\n|t:|1700855425\n|switch|p2a: Zacian|Zacian-Crowned|38\/100\n|move|p1a: Gliscor|Substitute|p1a: Gliscor\n|-start|p1a: Gliscor|Substitute\n|-damage|p1a: Gliscor|75\/100 tox\n|\n|-heal|p1a: Gliscor|88\/100 tox|[from] ability: Poison Heal\n|upkeep\n|turn|12\n|\n|t:|1700855430\n|move|p2a: Zacian|Behemoth Blade|p1a: Gliscor\n|-end|p1a: Gliscor|Substitute\n|move|p1a: Gliscor|Earthquake|p2a: Zacian\n|-supereffective|p2a: Zacian\n|-crit|p2a: Zacian\n|-damage|p2a: Zacian|0 fnt\n|faint|p2a: Zacian\n|\n|-heal|p1a: Gliscor|100\/100 tox|[from] ability: Poison Heal\n|upkeep\n|\n|t:|1700855441\n|switch|p2a: Calyrex|Calyrex-Ice|100\/100\n|-ability|p2a: Calyrex|As One\n|-ability|p2a: Calyrex|Unnerve\n|turn|13\n|\n|t:|1700855451\n|-terastallize|p1a: Gliscor|Fairy\n|move|p1a: Gliscor|Toxic|p2a: Calyrex\n|-status|p2a: Calyrex|tox\n|move|p2a: Calyrex|Glacial Lance|p1a: Gliscor\n|-damage|p1a: Gliscor|51\/100 tox\n|\n|-heal|p1a: Gliscor|64\/100 tox|[from] ability: Poison Heal\n|-damage|p2a: Calyrex|94\/100 tox|[from] psn\n|upkeep\n|turn|14\n|\n|t:|1700855465\n|move|p1a: Gliscor|Protect|p1a: Gliscor\n|-singleturn|p1a: Gliscor|Protect\n|move|p2a: Calyrex|Glacial Lance|p1a: Gliscor\n|-activate|p1a: Gliscor|move: Protect\n|\n|-heal|p1a: Gliscor|76\/100 tox|[from] ability: Poison Heal\n|-damage|p2a: Calyrex|82\/100 tox|[from] psn\n|upkeep\n|turn|15\n|\n|t:|1700855472\n|move|p1a: Gliscor|Substitute|p1a: Gliscor\n|-start|p1a: Gliscor|Substitute\n|-damage|p1a: Gliscor|51\/100 tox\n|move|p2a: Calyrex|Glacial Lance|p1a: Gliscor\n|-end|p1a: Gliscor|Substitute\n|\n|-heal|p1a: Gliscor|64\/100 tox|[from] ability: Poison Heal\n|-damage|p2a: Calyrex|63\/100 tox|[from] psn\n|upkeep\n|turn|16\n|\n|t:|1700855479\n|move|p1a: Gliscor|Protect|p1a: Gliscor\n|-singleturn|p1a: Gliscor|Protect\n|move|p2a: Calyrex|Glacial Lance|p1a: Gliscor\n|-activate|p1a: Gliscor|move: Protect\n|\n|-heal|p1a: Gliscor|76\/100 tox|[from] ability: Poison Heal\n|-damage|p2a: Calyrex|39\/100 tox|[from] psn\n|upkeep\n|turn|17\n|\n|t:|1700855484\n|switch|p2a: Kyogre|Kyogre|100\/100\n|-status|p2a: Kyogre|tox\n|-weather|RainDance|[from] ability: Drizzle|[of] p2a: Kyogre\n|move|p1a: Gliscor|Substitute|p1a: Gliscor\n|-start|p1a: Gliscor|Substitute\n|-damage|p1a: Gliscor|51\/100 tox\n|\n|-weather|RainDance|[upkeep]\n|-heal|p1a: Gliscor|64\/100 tox|[from] ability: Poison Heal\n|-damage|p2a: Kyogre|94\/100 tox|[from] psn\n|upkeep\n|turn|18\n|\n|t:|1700855495\n|-terastallize|p2a: Kyogre|Poison\n|move|p1a: Gliscor|Protect|p1a: Gliscor\n|-singleturn|p1a: Gliscor|Protect\n|move|p2a: Kyogre|Calm Mind|p2a: Kyogre\n|-boost|p2a: Kyogre|spa|1\n|-boost|p2a: Kyogre|spd|1\n|\n|-weather|RainDance|[upkeep]\n|-heal|p2a: Kyogre|100\/100 tox|[from] item: Leftovers\n|-heal|p1a: Gliscor|76\/100 tox|[from] ability: Poison Heal\n|-damage|p2a: Kyogre|88\/100 tox|[from] psn\n|upkeep\n|turn|19\n|\n|t:|1700855503\n|switch|p2a: Calyrex|Calyrex-Ice|39\/100 tox\n|-ability|p2a: Calyrex|As One\n|-ability|p2a: Calyrex|Unnerve\n|move|p1a: Gliscor|Earthquake|p2a: Calyrex\n|-damage|p2a: Calyrex|18\/100 tox\n|\n|-weather|RainDance|[upkeep]\n|-heal|p1a: Gliscor|89\/100 tox|[from] ability: Poison Heal\n|-damage|p2a: Calyrex|12\/100 tox|[from] psn\n|upkeep\n|turn|20\n|\n|t:|1700855508\n|switch|p2a: Kyogre|Kyogre, tera:Poison|88\/100 tox\n|-sideend|p2: thunderbug|move: Toxic Spikes|[of] p2a: Kyogre\n|move|p1a: Gliscor|Earthquake|p2a: Kyogre\n|-supereffective|p2a: Kyogre\n|-damage|p2a: Kyogre|48\/100 tox\n|\n|-weather|RainDance|[upkeep]\n|-heal|p2a: Kyogre|54\/100 tox|[from] item: Leftovers\n|-heal|p1a: Gliscor|100\/100 tox|[from] ability: Poison Heal\n|-damage|p2a: Kyogre|48\/100 tox|[from] psn\n|upkeep\n|turn|21\n|\n|t:|1700855511\n|move|p1a: Gliscor|Earthquake|p2a: Kyogre\n|-supereffective|p2a: Kyogre\n|-damage|p2a: Kyogre|1\/100 tox\n|move|p2a: Kyogre|Surf|p1a: Gliscor\n|-end|p1a: Gliscor|Substitute\n|\n|-weather|none\n|-heal|p2a: Kyogre|8\/100 tox|[from] item: Leftovers\n|-damage|p2a: Kyogre|0 fnt|[from] psn\n|faint|p2a: Kyogre\n|upkeep\n|\n|t:|1700855517\n|switch|p2a: Koraidon|Koraidon|100\/100\n|-weather|SunnyDay|[from] ability: Orichalcum Pulse|[of] p2a: Koraidon\n|-activate|p2a: Koraidon|Orichalcum Pulse|[source]\n|turn|22\n|\n|t:|1700855521\n|move|p2a: Koraidon|Swords Dance|p2a: Koraidon\n|-boost|p2a: Koraidon|atk|2\n|move|p1a: Gliscor|Toxic|p2a: Koraidon|[miss]\n|-miss|p1a: Gliscor|p2a: Koraidon\n|\n|-weather|SunnyDay|[upkeep]\n|upkeep\n|turn|23\n|\n|t:|1700855525\n|move|p2a: Koraidon|Flare Blitz|p1a: Gliscor\n|-damage|p1a: Gliscor|3\/100 tox\n|-damage|p2a: Koraidon|67\/100|[from] Recoil\n|move|p1a: Gliscor|Toxic|p2a: Koraidon\n|-status|p2a: Koraidon|tox\n|\n|-weather|SunnyDay|[upkeep]\n|-damage|p2a: Koraidon|61\/100 tox|[from] psn\n|-heal|p1a: Gliscor|16\/100 tox|[from] ability: Poison Heal\n|upkeep\n|turn|24\n|\n|t:|1700855532\n|move|p2a: Koraidon|Swords Dance|p2a: Koraidon\n|-boost|p2a: Koraidon|atk|2\n|move|p1a: Gliscor|Earthquake|p2a: Koraidon\n|-damage|p2a: Koraidon|34\/100 tox\n|\n|-weather|SunnyDay|[upkeep]\n|-damage|p2a: Koraidon|22\/100 tox|[from] psn\n|-heal|p1a: Gliscor|28\/100 tox|[from] ability: Poison Heal\n|upkeep\n|turn|25\n|\n|t:|1700855539\n|move|p1a: Gliscor|Protect|p1a: Gliscor\n|-singleturn|p1a: Gliscor|Protect\n|move|p2a: Koraidon|Scale Shot|p1a: Gliscor\n|-activate|p1a: Gliscor|move: Protect\n|\n|-weather|SunnyDay|[upkeep]\n|-damage|p2a: Koraidon|3\/100 tox|[from] psn\n|-heal|p1a: Gliscor|41\/100 tox|[from] ability: Poison Heal\n|upkeep\n|turn|26\n|\n|t:|1700855544\n|move|p1a: Gliscor|Protect||[still]\n|-fail|p1a: Gliscor\n|move|p2a: Koraidon|Flare Blitz|p1a: Gliscor\n|-damage|p1a: Gliscor|0 fnt\n|faint|p1a: Gliscor\n|-damage|p2a: Koraidon|0 fnt|[from] Recoil\n|faint|p2a: Koraidon\n|\n|-weather|none\n|upkeep\n|\n|t:|1700855553\n|switch|p2a: Miraidon|Miraidon|100\/100\n|switch|p1a: Zacian|Zacian|100\/100\n|-damage|p1a: Zacian|84\/100|[from] Spikes\n|-fieldstart|move: Electric Terrain|[from] ability: Hadron Engine|[of] p2a: Miraidon\n|turn|27\n|\n|t:|1700855558\n|move|p1a: Zacian|Play Rough|p2a: Miraidon\n|-supereffective|p2a: Miraidon\n|-damage|p2a: Miraidon|4\/100\n|move|p2a: Miraidon|Electro Drift|p1a: Zacian\n|-damage|p1a: Zacian|0 fnt\n|faint|p1a: Zacian\n|\n|upkeep\n|\n|t:|1700855568\n|switch|p1a: Clodsire|Clodsire, M|100\/100\n|-damage|p1a: Clodsire|84\/100|[from] Spikes\n|turn|28\n|\n|t:|1700855573\n|switch|p2a: Ting-Lu|Ting-Lu|100\/100\n|-ability|p2a: Ting-Lu|Vessel of Ruin\n|move|p1a: Clodsire|Earthquake|p2a: Ting-Lu\n|-damage|p2a: Ting-Lu|86\/100\n|\n|-heal|p2a: Ting-Lu|93\/100|[from] item: Leftovers\n|-heal|p1a: Clodsire|90\/100|[from] item: Leftovers\n|upkeep\n|turn|29\n|\n|t:|1700855579\n|move|p2a: Ting-Lu|Earthquake|p1a: Clodsire\n|-supereffective|p1a: Clodsire\n|-damage|p1a: Clodsire|8\/100\n|move|p1a: Clodsire|Toxic Spikes|p2a: Ting-Lu\n|-sidestart|p2: thunderbug|move: Toxic Spikes\n|\n|-heal|p2a: Ting-Lu|99\/100|[from] item: Leftovers\n|-heal|p1a: Clodsire|15\/100|[from] item: Leftovers\n|upkeep\n|turn|30\n|\n|t:|1700855588\n|move|p2a: Ting-Lu|Earthquake|p1a: Clodsire\n|-supereffective|p1a: Clodsire\n|-damage|p1a: Clodsire|0 fnt\n|faint|p1a: Clodsire\n|\n|-heal|p2a: Ting-Lu|100\/100|[from] item: Leftovers\n|upkeep\n|\n|t:|1700855593\n|switch|p1a: Giratina|Giratina-Origin|100\/100\n|turn|31\n|\n|t:|1700855599\n|switch|p2a: Calyrex|Calyrex-Ice|12\/100 tox\n|-ability|p2a: Calyrex|As One\n|-ability|p2a: Calyrex|Unnerve\n|move|p1a: Giratina|Will-O-Wisp|p2a: Calyrex|[miss]\n|-miss|p1a: Giratina|p2a: Calyrex\n|\n|-damage|p2a: Calyrex|6\/100 tox|[from] psn\n|-fieldend|move: Electric Terrain\n|upkeep\n|turn|32\n|\n|t:|1700855607\n|switch|p1a: Dondozo|Dondozo, F|33\/100\n|-damage|p1a: Dondozo|17\/100|[from] Spikes\n|move|p2a: Calyrex|Glacial Lance|p1a: Dondozo\n|-resisted|p1a: Dondozo\n|-damage|p1a: Dondozo|0 fnt\n|faint|p1a: Dondozo\n|-ability|p2a: Calyrex|Chilling Neigh|boost\n|-boost|p2a: Calyrex|atk|1\n|\n|-damage|p2a: Calyrex|0 fnt|[from] psn\n|faint|p2a: Calyrex\n|upkeep\n|\n|t:|1700855614\n|switch|p2a: Miraidon|Miraidon|4\/100\n|switch|p1a: Eternatus|Eternatus|100\/100\n|-status|p2a: Miraidon|psn\n|-fieldstart|move: Electric Terrain|[from] ability: Hadron Engine|[of] p2a: Miraidon\n|-ability|p1a: Eternatus|Pressure\n|turn|33\n|\n|t:|1700855630\n|move|p2a: Miraidon|Dragon Pulse|p1a: Eternatus\n|-supereffective|p1a: Eternatus\n|-damage|p1a: Eternatus|17\/100\n|move|p1a: Eternatus|Dynamax Cannon|p2a: Miraidon\n|-supereffective|p2a: Miraidon\n|-damage|p2a: Miraidon|0 fnt\n|faint|p2a: Miraidon\n|\n|upkeep\n|-message|thunderbug forfeited.\n|\n|win|had sweep\n|raw|had sweep's rating: 1389 &rarr; <strong>1422<\/strong><br \/>(+33 for winning)\n|raw|thunderbug's rating: 1662 &rarr; <strong>1629<\/strong><br \/>(-33 for losing)\n|l|\u2606thunderbug\n","uploadtime":1700855640,"views":3,"p1id":"hadsweep","p2id":"thunderbug","formatid":"gen9ubers","rating":1422,"private":0,"password":""}