{"id":"gen9ubers-1977780006","p1":"fungoos469","p2":"Nerdiestyt","format":"[Gen 9] Ubers","log":"|j|\u2606fungoos469\n|j|\u2606Nerdiestyt\n|t:|1698448684\n|gametype|singles\n|player|p1|fungoos469|hero2-conquest|\n|player|p2|Nerdiestyt|101|\n|teamsize|p1|6\n|teamsize|p2|6\n|gen|9\n|tier|[Gen 9] Ubers\n|rule|Sleep Clause Mod: Limit one foe put to sleep\n|rule|Species Clause: Limit one of each Pok\u00e9mon\n|rule|OHKO Clause: OHKO moves are banned\n|rule|Evasion Items Clause: Evasion items are banned\n|rule|Evasion Moves Clause: Evasion moves are banned\n|rule|Endless Battle Clause: Forcing endless battles is banned\n|rule|HP Percentage Mod: HP is shown in percentages\n|clearpoke\n|poke|p1|Magearna|\n|poke|p1|Zamazenta-*|\n|poke|p1|Zacian-*|\n|poke|p1|Dialga|\n|poke|p1|Palkia-Origin|\n|poke|p1|Arceus-Fighting|\n|poke|p2|Shaymin-Sky|\n|poke|p2|Chi-Yu|\n|poke|p2|Ursaluna-Bloodmoon, M|\n|poke|p2|Blissey, F|\n|poke|p2|Palafin, M|\n|poke|p2|Zacian-*|\n|teampreview\n|\n|t:|1698448703\n|start\n|switch|p1a: Palkia|Palkia-Origin, shiny|100\/100\n|switch|p2a: Palafin|Palafin, M|100\/100\n|-ability|p1a: Palkia|Pressure\n|turn|1\n|\n|t:|1698448718\n|detailschange|p2a: Palafin|Palafin-Hero, M\n|switch|p2a: Blissey|Blissey, F|100\/100\n|move|p1a: Palkia|Thunderbolt|p2a: Blissey\n|-damage|p2a: Blissey|90\/100\n|\n|-heal|p2a: Blissey|97\/100|[from] item: Leftovers\n|upkeep\n|turn|2\n|\n|t:|1698448727\n|switch|p1a: Dialga|Dialga|100\/100\n|-ability|p1a: Dialga|Pressure\n|move|p2a: Blissey|Thunder Wave|p1a: Dialga\n|-status|p1a: Dialga|par\n|\n|-heal|p2a: Blissey|100\/100|[from] item: Leftovers\n|upkeep\n|turn|3\n|\n|t:|1698448746\n|switch|p1a: Zamazenta|Zamazenta-Crowned, shiny|100\/100\n|-ability|p1a: Zamazenta|Dauntless Shield|boost\n|-boost|p1a: Zamazenta|def|1\n|move|p2a: Blissey|Seismic Toss|p1a: Zamazenta\n|-damage|p1a: Zamazenta|70\/100\n|\n|upkeep\n|turn|4\n|\n|t:|1698448760\n|switch|p2a: Shaymin|Shaymin-Sky|100\/100\n|move|p1a: Zamazenta|Body Press|p2a: Shaymin\n|-resisted|p2a: Shaymin\n|-damage|p2a: Shaymin|68\/100\n|\n|upkeep\n|turn|5\n|\n|t:|1698448768\n|move|p1a: Zamazenta|Ice Fang|p2a: Shaymin\n|-supereffective|p2a: Shaymin\n|-damage|p2a: Shaymin|0 fnt\n|faint|p2a: Shaymin\n|\n|upkeep\n|\n|t:|1698448781\n|switch|p2a: Chi-Yu|Chi-Yu|100\/100\n|-ability|p2a: Chi-Yu|Beads of Ruin\n|turn|6\n|\n|t:|1698448794\n|switch|p1a: Zacian|Zacian, shiny|100\/100\n|-ability|p1a: Zacian|Intrepid Sword|boost\n|-boost|p1a: Zacian|atk|1\n|move|p2a: Chi-Yu|Overheat|p1a: Zacian\n|-damage|p1a: Zacian|11\/100\n|-unboost|p2a: Chi-Yu|spa|2\n|\n|upkeep\n|turn|7\n|\n|t:|1698448802\n|move|p2a: Chi-Yu|Overheat|p1a: Zacian\n|-damage|p1a: Zacian|0 fnt\n|-unboost|p2a: Chi-Yu|spa|2\n|faint|p1a: Zacian\n|\n|upkeep\n|\n|t:|1698448812\n|switch|p1a: Arceus|Arceus-Fighting|100\/100\n|turn|8\n|\n|t:|1698448820\n|switch|p2a: Zacian|Zacian|100\/100\n|-ability|p2a: Zacian|Intrepid Sword|boost\n|-boost|p2a: Zacian|atk|1\n|move|p1a: Arceus|Calm Mind|p1a: Arceus\n|-boost|p1a: Arceus|spa|1\n|-boost|p1a: Arceus|spd|1\n|\n|upkeep\n|turn|9\n|\n|t:|1698448830\n|move|p2a: Zacian|Close Combat|p1a: Arceus\n|-damage|p1a: Arceus|46\/100\n|-unboost|p2a: Zacian|def|1\n|-unboost|p2a: Zacian|spd|1\n|move|p1a: Arceus|Judgment|p2a: Zacian\n|-resisted|p2a: Zacian\n|-damage|p2a: Zacian|52\/100\n|\n|upkeep\n|turn|10\n|\n|t:|1698448841\n|move|p2a: Zacian|Close Combat|p1a: Arceus\n|-damage|p1a: Arceus|0 fnt\n|-unboost|p2a: Zacian|def|1\n|-unboost|p2a: Zacian|spd|1\n|faint|p1a: Arceus\n|\n|upkeep\n|\n|t:|1698448858\n|switch|p1a: Zamazenta|Zamazenta-Crowned, shiny|70\/100\n|turn|11\n|\n|t:|1698448870\n|-terastallize|p1a: Zamazenta|Fighting\n|move|p2a: Zacian|Close Combat|p1a: Zamazenta\n|-damage|p1a: Zamazenta|6\/100\n|-unboost|p2a: Zacian|def|1\n|-unboost|p2a: Zacian|spd|1\n|move|p1a: Zamazenta|Behemoth Bash|p2a: Zacian\n|-supereffective|p2a: Zacian\n|-damage|p2a: Zacian|0 fnt\n|faint|p2a: Zacian\n|\n|upkeep\n|\n|t:|1698448878\n|switch|p2a: Palafin|Palafin-Hero, M|100\/100\n|-activate|p2a: Palafin|ability: Zero to Hero\n|turn|12\n|\n|t:|1698448900\n|move|p2a: Palafin|Jet Punch|p1a: Zamazenta\n|-damage|p1a: Zamazenta|0 fnt\n|faint|p1a: Zamazenta\n|\n|upkeep\n|\n|t:|1698448909\n|switch|p1a: Magearna|Magearna|100\/100\n|turn|13\n|\n|t:|1698448916\n|move|p2a: Palafin|Wave Crash|p1a: Magearna\n|-damage|p1a: Magearna|32\/100\n|-damage|p2a: Palafin|79\/100|[from] Recoil\n|move|p1a: Magearna|Shift Gear|p1a: Magearna\n|-boost|p1a: Magearna|spe|2\n|-boost|p1a: Magearna|atk|1\n|\n|-heal|p1a: Magearna|39\/100|[from] item: Leftovers\n|-heal|p2a: Palafin|85\/100|[from] item: Leftovers\n|upkeep\n|turn|14\n|\n|t:|1698448931\n|move|p2a: Palafin|Jet Punch|p1a: Magearna\n|-damage|p1a: Magearna|8\/100\n|move|p1a: Magearna|Stored Power|p2a: Palafin\n|-damage|p2a: Palafin|60\/100\n|\n|-heal|p1a: Magearna|14\/100|[from] item: Leftovers\n|-heal|p2a: Palafin|66\/100|[from] item: Leftovers\n|upkeep\n|turn|15\n|\n|t:|1698448944\n|move|p2a: Palafin|Jet Punch|p1a: Magearna\n|-damage|p1a: Magearna|0 fnt\n|faint|p1a: Magearna\n|\n|-heal|p2a: Palafin|72\/100|[from] item: Leftovers\n|upkeep\n|\n|t:|1698448953\n|switch|p1a: Palkia|Palkia-Origin, shiny|100\/100\n|-ability|p1a: Palkia|Pressure\n|turn|16\n|\n|t:|1698448959\n|move|p1a: Palkia|Thunderbolt|p2a: Palafin\n|-supereffective|p2a: Palafin\n|-damage|p2a: Palafin|15\/100\n|move|p2a: Palafin|Close Combat|p1a: Palkia\n|-damage|p1a: Palkia|55\/100\n|-unboost|p2a: Palafin|def|1\n|-unboost|p2a: Palafin|spd|1\n|\n|-heal|p2a: Palafin|22\/100|[from] item: Leftovers\n|upkeep\n|turn|17\n|\n|t:|1698448967\n|switch|p2a: Blissey|Blissey, F|100\/100\n|move|p1a: Palkia|Thunderbolt|p2a: Blissey\n|-damage|p2a: Blissey|91\/100\n|\n|-heal|p2a: Blissey|97\/100|[from] item: Leftovers\n|upkeep\n|turn|18\n|\n|t:|1698448975\n|switch|p1a: Dialga|Dialga|100\/100 par\n|-ability|p1a: Dialga|Pressure\n|move|p2a: Blissey|Seismic Toss|p1a: Dialga\n|-damage|p1a: Dialga|72\/100 par\n|\n|-heal|p2a: Blissey|100\/100|[from] item: Leftovers\n|upkeep\n|turn|19\n|\n|t:|1698448990\n|switch|p2a: Ursaluna|Ursaluna-Bloodmoon, M|100\/100\n|move|p1a: Dialga|Steel Beam|p2a: Ursaluna\n|-damage|p2a: Ursaluna|29\/100\n|-damage|p1a: Dialga|21\/100 par|[from] steelbeam\n|\n|-heal|p2a: Ursaluna|35\/100|[from] item: Leftovers\n|upkeep\n|turn|20\n|\n|t:|1698448999\n|cant|p1a: Dialga|par\n|move|p2a: Ursaluna|Earth Power|p1a: Dialga\n|-supereffective|p1a: Dialga\n|-damage|p1a: Dialga|0 fnt\n|faint|p1a: Dialga\n|\n|-heal|p2a: Ursaluna|41\/100|[from] item: Leftovers\n|upkeep\n|\n|t:|1698449007\n|switch|p1a: Palkia|Palkia-Origin, shiny|55\/100\n|-ability|p1a: Palkia|Pressure\n|turn|21\n|\n|t:|1698449013\n|move|p1a: Palkia|Surf|p2a: Ursaluna\n|-supereffective|p2a: Ursaluna\n|-damage|p2a: Ursaluna|0 fnt\n|faint|p2a: Ursaluna\n|\n|upkeep\n|\n|t:|1698449018\n|switch|p2a: Chi-Yu|Chi-Yu|100\/100\n|-ability|p2a: Chi-Yu|Beads of Ruin\n|turn|22\n|\n|t:|1698449023\n|-terastallize|p2a: Chi-Yu|Fairy\n|move|p2a: Chi-Yu|Dark Pulse|p1a: Palkia\n|-damage|p1a: Palkia|0 fnt\n|faint|p1a: Palkia\n|\n|win|Nerdiestyt\n|c|\u2606fungoos469|gg\n|c|\u2606Nerdiestyt|Gg\n|l|\u2606Nerdiestyt\n|c|\u2606fungoos469|you gotta post the replays\n|l|\u2606fungoos469\n|j|\u2606Nerdiestyt\n|player|p2|Nerdiestyt|101\n|c|\u2606Nerdiestyt|Both of them?\n","uploadtime":1698449029,"views":29,"p1id":"fungoos469","p2id":"nerdiestyt","formatid":"gen9ubers","rating":0,"private":0,"password":""}