{"id":"gen9ubers-1970264640","p1":"IspamObjection","p2":"LuukTheGamer","format":"[Gen 9] Ubers","log":"|j|\u2606IspamObjection\n|j|\u2606LuukTheGamer\n|t:|1697619338\n|gametype|singles\n|player|p1|IspamObjection|lance-gen2|\n|player|p2|LuukTheGamer|mira|\n|teamsize|p1|6\n|teamsize|p2|6\n|gen|9\n|tier|[Gen 9] Ubers\n|rule|Sleep Clause Mod: Limit one foe put to sleep\n|rule|Species Clause: Limit one of each Pok\u00e9mon\n|rule|OHKO Clause: OHKO moves are banned\n|rule|Evasion Items Clause: Evasion items are banned\n|rule|Evasion Moves Clause: Evasion moves are banned\n|rule|Endless Battle Clause: Forcing endless battles is banned\n|rule|HP Percentage Mod: HP is shown in percentages\n|clearpoke\n|poke|p1|Giratina|\n|poke|p1|Garchomp, F|\n|poke|p1|Espathra, F|\n|poke|p1|Cyclizar, F|\n|poke|p1|Urshifu-*, M|\n|poke|p1|Chi-Yu|\n|poke|p2|Hippowdon, F|\n|poke|p2|Arceus-Rock|\n|poke|p2|Houndstone, M|\n|poke|p2|Palafin, M|\n|poke|p2|Gliscor, F|\n|poke|p2|Cyclizar, M|\n|teampreview\n|inactive|Battle timer is ON: inactive players will automatically lose when time's up. (requested by LuukTheGamer)\n|\n|t:|1697619365\n|start\n|switch|p1a: Garchover|Garchomp, F|100\/100\n|switch|p2a: Hippowdon|Hippowdon, F|100\/100\n|-weather|Sandstorm|[from] ability: Sand Stream|[of] p2a: Hippowdon\n|turn|1\n|\n|t:|1697619377\n|move|p1a: Garchover|Stealth Rock|p2a: Hippowdon\n|-sidestart|p2: LuukTheGamer|move: Stealth Rock\n|move|p2a: Hippowdon|Stealth Rock|p1a: Garchover\n|-sidestart|p1: IspamObjection|move: Stealth Rock\n|\n|-weather|Sandstorm|[upkeep]\n|upkeep\n|turn|2\n|\n|t:|1697619384\n|move|p1a: Garchover|Spikes|p2a: Hippowdon\n|-sidestart|p2: LuukTheGamer|Spikes\n|move|p2a: Hippowdon|Roar|p1a: Garchover\n|drag|p1a: Espathra|Espathra, F|100\/100\n|-damage|p1a: Espathra|88\/100|[from] Stealth Rock\n|\n|-weather|Sandstorm|[upkeep]\n|-damage|p1a: Espathra|82\/100|[from] Sandstorm\n|-heal|p1a: Espathra|88\/100|[from] item: Leftovers\n|upkeep\n|turn|3\n|\n|t:|1697619404\n|switch|p2a: Arceus|Arceus-Rock|100\/100\n|-damage|p2a: Arceus|88\/100|[from] Stealth Rock\n|-damage|p2a: Arceus|76\/100|[from] Spikes\n|move|p1a: Espathra|Dazzling Gleam|p2a: Arceus\n|-damage|p2a: Arceus|68\/100\n|\n|-weather|Sandstorm|[upkeep]\n|-damage|p1a: Espathra|82\/100|[from] Sandstorm\n|-heal|p1a: Espathra|88\/100|[from] item: Leftovers\n|-ability|p1a: Espathra|Speed Boost|boost\n|-boost|p1a: Espathra|spe|1\n|upkeep\n|turn|4\n|\n|t:|1697619420\n|switch|p1a: Garchover|Garchomp, F|100\/100\n|-damage|p1a: Garchover|94\/100|[from] Stealth Rock\n|move|p2a: Arceus|Calm Mind|p2a: Arceus\n|-boost|p2a: Arceus|spa|1\n|-boost|p2a: Arceus|spd|1\n|\n|-weather|Sandstorm|[upkeep]\n|upkeep\n|turn|5\n|\n|t:|1697619441\n|move|p2a: Arceus|Grass Knot|p1a: Garchover\n|-damage|p1a: Garchover|61\/100\n|-damage|p2a: Arceus|56\/100|[from] ability: Rough Skin|[of] p1a: Garchover\n|move|p1a: Garchover|Earthquake|p2a: Arceus\n|-supereffective|p2a: Arceus\n|-damage|p2a: Arceus|0 fnt\n|faint|p2a: Arceus\n|\n|-weather|Sandstorm|[upkeep]\n|upkeep\n|inactive|LuukTheGamer has 270 seconds left.\n|\n|t:|1697619458\n|switch|p2a: Gliscor|Gliscor, F|100\/100\n|-damage|p2a: Gliscor|88\/100|[from] Stealth Rock\n|turn|6\n|\n|t:|1697619466\n|move|p1a: Garchover|Spikes|p2a: Gliscor\n|-sidestart|p2: LuukTheGamer|Spikes\n|move|p2a: Gliscor|Toxic|p1a: Garchover|[miss]\n|-miss|p2a: Gliscor|p1a: Garchover\n|\n|-weather|Sandstorm|[upkeep]\n|-status|p2a: Gliscor|tox|[from] item: Toxic Orb\n|upkeep\n|turn|7\n|\n|t:|1697619473\n|move|p1a: Garchover|Spikes|p2a: Gliscor\n|-sidestart|p2: LuukTheGamer|Spikes\n|move|p2a: Gliscor|Toxic|p1a: Garchover|[miss]\n|-miss|p2a: Gliscor|p1a: Garchover\n|\n|-weather|Sandstorm|[upkeep]\n|-heal|p2a: Gliscor|100\/100 tox|[from] ability: Poison Heal\n|upkeep\n|turn|8\n|\n|t:|1697619478\n|move|p1a: Garchover|Outrage|p2a: Gliscor\n|-damage|p2a: Gliscor|61\/100 tox\n|move|p2a: Gliscor|Toxic|p1a: Garchover\n|-status|p1a: Garchover|tox\n|\n|-weather|none\n|-damage|p1a: Garchover|55\/100 tox|[from] psn\n|-heal|p2a: Gliscor|74\/100 tox|[from] ability: Poison Heal\n|upkeep\n|turn|9\n|\n|t:|1697619487\n|move|p2a: Gliscor|Protect|p2a: Gliscor\n|-singleturn|p2a: Gliscor|Protect\n|move|p1a: Garchover|Outrage|p2a: Gliscor|[from]lockedmove\n|-activate|p2a: Gliscor|move: Protect\n|-start|p1a: Garchover|confusion|[fatigue]\n|\n|-damage|p1a: Garchover|43\/100 tox|[from] psn\n|-heal|p2a: Gliscor|86\/100 tox|[from] ability: Poison Heal\n|upkeep\n|turn|10\n|\n|t:|1697619495\n|-activate|p1a: Garchover|confusion\n|move|p1a: Garchover|Outrage|p2a: Gliscor\n|-damage|p2a: Gliscor|48\/100 tox\n|move|p2a: Gliscor|Knock Off|p1a: Garchover\n|-damage|p1a: Garchover|20\/100 tox\n|-damage|p2a: Gliscor|36\/100 tox|[from] ability: Rough Skin|[of] p1a: Garchover\n|-enditem|p1a: Garchover|Focus Sash|[from] move: Knock Off|[of] p2a: Gliscor\n|\n|-damage|p1a: Garchover|2\/100 tox|[from] psn\n|-heal|p2a: Gliscor|48\/100 tox|[from] ability: Poison Heal\n|upkeep\n|turn|11\n|\n|t:|1697619501\n|move|p2a: Gliscor|Protect|p2a: Gliscor\n|-singleturn|p2a: Gliscor|Protect\n|-end|p1a: Garchover|confusion\n|move|p1a: Garchover|Outrage|p2a: Gliscor|[from]lockedmove\n|-activate|p2a: Gliscor|move: Protect\n|\n|-damage|p1a: Garchover|0 fnt|[from] psn\n|faint|p1a: Garchover\n|-heal|p2a: Gliscor|60\/100 tox|[from] ability: Poison Heal\n|upkeep\n|\n|t:|1697619509\n|switch|p1a: Giratina|Giratina|100\/100\n|-damage|p1a: Giratina|88\/100|[from] Stealth Rock\n|-ability|p1a: Giratina|Pressure\n|turn|12\n|\n|t:|1697619516\n|-terastallize|p1a: Giratina|Normal\n|move|p2a: Gliscor|Toxic|p1a: Giratina\n|-status|p1a: Giratina|tox\n|move|p1a: Giratina|Roar|p2a: Gliscor\n|drag|p2a: Cyclizar|Cyclizar, M|100\/100\n|-damage|p2a: Cyclizar|88\/100|[from] Stealth Rock\n|-damage|p2a: Cyclizar|63\/100|[from] Spikes\n|\n|-heal|p1a: Giratina|94\/100 tox|[from] item: Leftovers\n|-damage|p1a: Giratina|88\/100 tox|[from] psn\n|upkeep\n|turn|13\n|\n|t:|1697619538\n|move|p2a: Cyclizar|Rapid Spin|p1a: Giratina\n|-damage|p1a: Giratina|82\/100 tox\n|-boost|p2a: Cyclizar|spe|1\n|-sideend|p2: LuukTheGamer|Spikes|[from] move: Rapid Spin|[of] p2a: Cyclizar\n|-sideend|p2: LuukTheGamer|Stealth Rock|[from] move: Rapid Spin|[of] p2a: Cyclizar\n|move|p1a: Giratina|Roar|p2a: Cyclizar\n|drag|p2a: Houndstone|Houndstone, M|100\/100\n|\n|-heal|p1a: Giratina|88\/100 tox|[from] item: Leftovers\n|-damage|p1a: Giratina|76\/100 tox|[from] psn\n|upkeep\n|turn|14\n|\n|t:|1697619550\n|move|p2a: Houndstone|Trick|p1a: Giratina\n|-activate|p2a: Houndstone|move: Trick|[of] p1a: Giratina\n|-item|p1a: Giratina|Choice Scarf|[from] move: Trick\n|-item|p2a: Houndstone|Leftovers|[from] move: Trick\n|move|p1a: Giratina|Will-O-Wisp|p2a: Houndstone\n|-status|p2a: Houndstone|brn\n|\n|-damage|p1a: Giratina|57\/100 tox|[from] psn\n|-damage|p2a: Houndstone|95\/100 brn|[from] brn\n|upkeep\n|turn|15\n|inactive|IspamObjection has 270 seconds left.\n|\n|t:|1697619583\n|switch|p1a: Cyclizar|Cyclizar, F|100\/100\n|-damage|p1a: Cyclizar|88\/100|[from] Stealth Rock\n|switch|p2a: Gliscor|Gliscor, F|60\/100 tox\n|\n|-heal|p2a: Gliscor|73\/100 tox|[from] ability: Poison Heal\n|upkeep\n|turn|16\n|\n|t:|1697619591\n|move|p1a: Cyclizar|Shed Tail|p1a: Cyclizar\n|-start|p1a: Cyclizar|Substitute|[from] move: Shed Tail\n|-damage|p1a: Cyclizar|38\/100\n|inactive|IspamObjection has 270 seconds left.\n|\n|t:|1697619622\n|switch|p1a: Chi-Yu|Chi-Yu|100\/100|[from] Shed Tail\n|-damage|p1a: Chi-Yu|76\/100|[from] Stealth Rock\n|-ability|p1a: Chi-Yu|Beads of Ruin\n|move|p2a: Gliscor|Knock Off|p1a: Chi-Yu\n|-resisted|p1a: Chi-Yu\n|-activate|p1a: Chi-Yu|move: Substitute|[damage]\n|\n|-heal|p2a: Gliscor|85\/100 tox|[from] ability: Poison Heal\n|upkeep\n|turn|17\n|\n|t:|1697619638\n|move|p2a: Gliscor|Protect|p2a: Gliscor\n|-singleturn|p2a: Gliscor|Protect\n|move|p1a: Chi-Yu|Dark Pulse|p2a: Gliscor\n|-activate|p2a: Gliscor|move: Protect\n|\n|-heal|p2a: Gliscor|98\/100 tox|[from] ability: Poison Heal\n|upkeep\n|turn|18\n|inactive|LuukTheGamer has 270 seconds left.\n|\n|t:|1697619680\n|move|p2a: Gliscor|Protect||[still]\n|-fail|p2a: Gliscor\n|move|p1a: Chi-Yu|Dark Pulse|p2a: Gliscor\n|-damage|p2a: Gliscor|19\/100 tox\n|\n|-heal|p2a: Gliscor|32\/100 tox|[from] ability: Poison Heal\n|upkeep\n|turn|19\n|inactive|IspamObjection has 270 seconds left.\n|\n|t:|1697619687\n|move|p2a: Gliscor|Protect|p2a: Gliscor\n|-singleturn|p2a: Gliscor|Protect\n|move|p1a: Chi-Yu|Dark Pulse|p2a: Gliscor\n|-activate|p2a: Gliscor|move: Protect\n|\n|-heal|p2a: Gliscor|44\/100 tox|[from] ability: Poison Heal\n|upkeep\n|turn|20\n|\n|t:|1697619694\n|move|p1a: Chi-Yu|Dark Pulse|p2a: Gliscor\n|-damage|p2a: Gliscor|0 fnt\n|faint|p2a: Gliscor\n|\n|upkeep\n|\n|t:|1697619699\n|switch|p2a: Cyclizar|Cyclizar, M|97\/100\n|turn|21\n|\n|t:|1697619704\n|move|p1a: Chi-Yu|Dark Pulse|p2a: Cyclizar\n|-damage|p2a: Cyclizar|5\/100\n|-enditem|p2a: Cyclizar|Sitrus Berry|[eat]\n|-heal|p2a: Cyclizar|30\/100|[from] item: Sitrus Berry\n|cant|p2a: Cyclizar|flinch\n|\n|upkeep\n|turn|22\n|inactive|LuukTheGamer has 270 seconds left.\n|\n|t:|1697619724\n|move|p1a: Chi-Yu|Dark Pulse|p2a: Cyclizar\n|-damage|p2a: Cyclizar|0 fnt\n|faint|p2a: Cyclizar\n|\n|upkeep\n|\n|t:|1697619726\n|switch|p2a: Palafin|Palafin, M|100\/100\n|turn|23\n|\n|t:|1697619735\n|detailschange|p2a: Palafin|Palafin-Hero, M\n|switch|p2a: Hippowdon|Hippowdon, F|100\/100\n|-weather|Sandstorm|[from] ability: Sand Stream|[of] p2a: Hippowdon\n|move|p1a: Chi-Yu|Dark Pulse|p2a: Hippowdon\n|-damage|p2a: Hippowdon|35\/100\n|\n|-weather|Sandstorm|[upkeep]\n|-damage|p1a: Chi-Yu|70\/100|[from] Sandstorm\n|upkeep\n|turn|24\n|\n|t:|1697619745\n|move|p1a: Chi-Yu|Dark Pulse|p2a: Hippowdon\n|-damage|p2a: Hippowdon|0 fnt\n|faint|p2a: Hippowdon\n|\n|-weather|Sandstorm|[upkeep]\n|-damage|p1a: Chi-Yu|64\/100|[from] Sandstorm\n|upkeep\n|\n|t:|1697619748\n|switch|p2a: Palafin|Palafin-Hero, M|100\/100\n|-activate|p2a: Palafin|ability: Zero to Hero\n|turn|25\n|\n|t:|1697619751\n|move|p2a: Palafin|Jet Punch|p1a: Chi-Yu\n|-supereffective|p1a: Chi-Yu\n|-end|p1a: Chi-Yu|Substitute\n|move|p1a: Chi-Yu|Dark Pulse|p2a: Palafin\n|-damage|p2a: Palafin|38\/100\n|\n|-weather|Sandstorm|[upkeep]\n|-damage|p1a: Chi-Yu|58\/100|[from] Sandstorm\n|-damage|p2a: Palafin|32\/100|[from] Sandstorm\n|-heal|p2a: Palafin|38\/100|[from] item: Leftovers\n|upkeep\n|turn|26\n|\n|t:|1697619761\n|move|p2a: Palafin|Jet Punch|p1a: Chi-Yu\n|-supereffective|p1a: Chi-Yu\n|-damage|p1a: Chi-Yu|0 fnt\n|faint|p1a: Chi-Yu\n|\n|-weather|Sandstorm|[upkeep]\n|-damage|p2a: Palafin|32\/100|[from] Sandstorm\n|-heal|p2a: Palafin|38\/100|[from] item: Leftovers\n|upkeep\n|\n|t:|1697619775\n|switch|p1a: Giratina|Giratina, tera:Normal|57\/100 tox\n|-damage|p1a: Giratina|45\/100 tox|[from] Stealth Rock\n|-ability|p1a: Giratina|Pressure\n|turn|27\n|\n|t:|1697619781\n|move|p1a: Giratina|Will-O-Wisp|p2a: Palafin|[miss]\n|-miss|p1a: Giratina|p2a: Palafin\n|move|p2a: Palafin|Drain Punch|p1a: Giratina\n|-supereffective|p1a: Giratina\n|-damage|p1a: Giratina|17\/100 tox\n|-heal|p2a: Palafin|55\/100|[from] drain|[of] p1a: Giratina\n|\n|-weather|Sandstorm|[upkeep]\n|-damage|p1a: Giratina|11\/100 tox|[from] Sandstorm\n|-damage|p2a: Palafin|49\/100|[from] Sandstorm\n|-heal|p2a: Palafin|55\/100|[from] item: Leftovers\n|-damage|p1a: Giratina|5\/100 tox|[from] psn\n|upkeep\n|turn|28\n|\n|t:|1697619787\n|move|p2a: Palafin|Jet Punch|p1a: Giratina\n|-damage|p1a: Giratina|0 fnt\n|faint|p1a: Giratina\n|\n|-weather|Sandstorm|[upkeep]\n|-damage|p2a: Palafin|49\/100|[from] Sandstorm\n|-heal|p2a: Palafin|55\/100|[from] item: Leftovers\n|upkeep\n|inactive|IspamObjection has 270 seconds left.\n|\n|t:|1697619826\n|switch|p1a: Urshifu|Urshifu-Rapid-Strike, M|100\/100\n|-damage|p1a: Urshifu|94\/100|[from] Stealth Rock\n|turn|29\n|inactive|IspamObjection has 270 seconds left.\n|\n|t:|1697619850\n|switch|p2a: Houndstone|Houndstone, M|95\/100 brn\n|move|p1a: Urshifu|Close Combat|p2a: Houndstone\n|-immune|p2a: Houndstone\n|\n|-weather|Sandstorm|[upkeep]\n|-damage|p1a: Urshifu|88\/100|[from] Sandstorm\n|-heal|p2a: Houndstone|100\/100 brn|[from] item: Leftovers\n|-damage|p2a: Houndstone|95\/100 brn|[from] brn\n|upkeep\n|turn|30\n|inactive|LuukTheGamer has 270 seconds left.\n|\n|t:|1697619880\n|switch|p1a: Cyclizar|Cyclizar, F|71\/100\n|-damage|p1a: Cyclizar|59\/100|[from] Stealth Rock\n|move|p2a: Houndstone|Will-O-Wisp|p1a: Cyclizar\n|-status|p1a: Cyclizar|brn\n|\n|-weather|none\n|-heal|p2a: Houndstone|100\/100 brn|[from] item: Leftovers\n|-damage|p1a: Cyclizar|53\/100 brn|[from] brn\n|-damage|p2a: Houndstone|95\/100 brn|[from] brn\n|upkeep\n|turn|31\n|inactive|LuukTheGamer has 270 seconds left.\n|\n|t:|1697619895\n|move|p1a: Cyclizar|Shed Tail|p1a: Cyclizar\n|-start|p1a: Cyclizar|Substitute|[from] move: Shed Tail\n|-damage|p1a: Cyclizar|3\/100 brn\n|inactive|IspamObjection has 270 seconds left.\n|\n|t:|1697619938\n|switch|p1a: Urshifu|Urshifu-Rapid-Strike, M|88\/100|[from] Shed Tail\n|-damage|p1a: Urshifu|82\/100|[from] Stealth Rock\n|move|p2a: Houndstone|Last Respects|p1a: Urshifu\n|-end|p1a: Urshifu|Substitute\n|\n|-heal|p2a: Houndstone|100\/100 brn|[from] item: Leftovers\n|-damage|p2a: Houndstone|95\/100 brn|[from] brn\n|upkeep\n|turn|32\n|inactive|LuukTheGamer has 270 seconds left.\n|inactive|IspamObjection has 240 seconds left.\n|\n|t:|1697619964\n|move|p1a: Urshifu|Surging Strikes|p2a: Houndstone\n|-crit|p2a: Houndstone\n|-damage|p2a: Houndstone|68\/100 brn\n|-crit|p2a: Houndstone\n|-damage|p2a: Houndstone|42\/100 brn\n|-crit|p2a: Houndstone\n|-damage|p2a: Houndstone|18\/100 brn\n|-hitcount|p2a: Houndstone|3\n|move|p2a: Houndstone|Will-O-Wisp|p1a: Urshifu\n|-status|p1a: Urshifu|brn\n|\n|-heal|p2a: Houndstone|24\/100 brn|[from] item: Leftovers\n|-damage|p1a: Urshifu|76\/100 brn|[from] brn\n|-damage|p2a: Houndstone|18\/100 brn|[from] brn\n|upkeep\n|turn|33\n|inactive|IspamObjection has 240 seconds left.\n|\n|t:|1697619978\n|move|p1a: Urshifu|Surging Strikes|p2a: Houndstone\n|-crit|p2a: Houndstone\n|-damage|p2a: Houndstone|5\/100 brn\n|-crit|p2a: Houndstone\n|-damage|p2a: Houndstone|0 fnt\n|faint|p2a: Houndstone\n|-hitcount|p2: Houndstone|2\n|\n|-damage|p1a: Urshifu|70\/100 brn|[from] brn\n|upkeep\n|\n|t:|1697619982\n|switch|p2a: Palafin|Palafin-Hero, M|55\/100\n|turn|34\n|\n|t:|1697619993\n|move|p1a: Urshifu|Surging Strikes|p2a: Palafin\n|-resisted|p2a: Palafin\n|-crit|p2a: Palafin\n|-damage|p2a: Palafin|51\/100\n|-resisted|p2a: Palafin\n|-crit|p2a: Palafin\n|-damage|p2a: Palafin|46\/100\n|-resisted|p2a: Palafin\n|-crit|p2a: Palafin\n|-damage|p2a: Palafin|42\/100\n|-hitcount|p2a: Palafin|3\n|move|p2a: Palafin|Drain Punch|p1a: Urshifu\n|-damage|p1a: Urshifu|38\/100 brn\n|-heal|p2a: Palafin|55\/100|[from] drain|[of] p1a: Urshifu\n|\n|-heal|p2a: Palafin|61\/100|[from] item: Leftovers\n|-damage|p1a: Urshifu|32\/100 brn|[from] brn\n|upkeep\n|turn|35\n|inactive|IspamObjection has 240 seconds left.\n|\n|t:|1697620012\n|move|p1a: Urshifu|Surging Strikes|p2a: Palafin\n|-resisted|p2a: Palafin\n|-crit|p2a: Palafin\n|-damage|p2a: Palafin|57\/100\n|-resisted|p2a: Palafin\n|-crit|p2a: Palafin\n|-damage|p2a: Palafin|53\/100\n|-resisted|p2a: Palafin\n|-crit|p2a: Palafin\n|-damage|p2a: Palafin|49\/100\n|-hitcount|p2a: Palafin|3\n|move|p2a: Palafin|Bulk Up|p2a: Palafin\n|-boost|p2a: Palafin|atk|1\n|-boost|p2a: Palafin|def|1\n|\n|-heal|p2a: Palafin|55\/100|[from] item: Leftovers\n|-damage|p1a: Urshifu|25\/100 brn|[from] brn\n|upkeep\n|turn|36\n|inactive|IspamObjection has 240 seconds left.\n|inactive|LuukTheGamer has 240 seconds left.\n|\n|t:|1697620051\n|switch|p1a: Cyclizar|Cyclizar, F|36\/100 brn\n|-damage|p1a: Cyclizar|23\/100 brn|[from] Stealth Rock\n|move|p2a: Palafin|Bulk Up|p2a: Palafin\n|-boost|p2a: Palafin|atk|1\n|-boost|p2a: Palafin|def|1\n|\n|-heal|p2a: Palafin|61\/100|[from] item: Leftovers\n|-damage|p1a: Cyclizar|17\/100 brn|[from] brn\n|upkeep\n|turn|37\n|\n|t:|1697620057\n|-terastallize|p2a: Palafin|Water\n|move|p2a: Palafin|Jet Punch|p1a: Cyclizar\n|-resisted|p1a: Cyclizar\n|-damage|p1a: Cyclizar|0 fnt\n|faint|p1a: Cyclizar\n|\n|-heal|p2a: Palafin|67\/100|[from] item: Leftovers\n|upkeep\n|\n|t:|1697620073\n|switch|p1a: Espathra|Espathra, F|88\/100\n|-damage|p1a: Espathra|76\/100|[from] Stealth Rock\n|turn|38\n|\n|t:|1697620087\n|move|p2a: Palafin|Jet Punch|p1a: Espathra\n|-damage|p1a: Espathra|0 fnt\n|faint|p1a: Espathra\n|\n|-heal|p2a: Palafin|74\/100|[from] item: Leftovers\n|upkeep\n|\n|t:|1697620089\n|switch|p1a: Urshifu|Urshifu-Rapid-Strike, M|25\/100 brn\n|-damage|p1a: Urshifu|19\/100 brn|[from] Stealth Rock\n|turn|39\n|\n|t:|1697620091\n|move|p2a: Palafin|Jet Punch|p1a: Urshifu\n|-resisted|p1a: Urshifu\n|-damage|p1a: Urshifu|0 fnt\n|faint|p1a: Urshifu\n|\n|win|LuukTheGamer\n|c|\u2606LuukTheGamer|gg\n","uploadtime":1697620096,"views":28,"p1id":"ispamobjection","p2id":"luukthegamer","formatid":"gen9ubers","rating":0,"private":0,"password":""}