{"id":"gen9ubers-1992340263","p1":"flambojambo","p2":"shuckleshellshock","format":"[Gen 9] Ubers","log":"|j|\u2606flambojambo\n|j|\u2606shuckleshellshock\n|t:|1700176434\n|gametype|singles\n|player|p1|flambojambo|skyla|\n|player|p2|shuckleshellshock|nate|\n|teamsize|p1|6\n|teamsize|p2|6\n|gen|9\n|tier|[Gen 9] Ubers\n|rule|Sleep Clause Mod: Limit one foe put to sleep\n|rule|Species Clause: Limit one of each Pok\u00e9mon\n|rule|OHKO Clause: OHKO moves are banned\n|rule|Evasion Items Clause: Evasion items are banned\n|rule|Evasion Moves Clause: Evasion moves are banned\n|rule|Endless Battle Clause: Forcing endless battles is banned\n|rule|HP Percentage Mod: HP is shown in percentages\n|clearpoke\n|poke|p1|Zamazenta-*|\n|poke|p1|Skeledirge, F|\n|poke|p1|Cinderace, F|\n|poke|p1|Enamorus, F|\n|poke|p1|Manaphy|\n|poke|p1|Morpeko, M|\n|poke|p2|Pincurchin, F|\n|poke|p2|Iron Leaves|\n|poke|p2|Azumarill, M|\n|poke|p2|Goodra-Hisui, F|\n|poke|p2|Urshifu-*, M|\n|poke|p2|Volcarona, M|\n|teampreview\n|\n|t:|1700176439\n|start\n|switch|p1a: Marvinpeko|Morpeko, M, shiny|100\/100\n|switch|p2a: rock lee|Urshifu-Rapid-Strike, M|100\/100\n|turn|1\n|\n|t:|1700176446\n|move|p1a: Marvinpeko|Aura Wheel|p2a: rock lee\n|-supereffective|p2a: rock lee\n|-damage|p2a: rock lee|9\/100\n|-boost|p1a: Marvinpeko|spe|1\n|move|p2a: rock lee|U-turn|p1a: Marvinpeko\n|-supereffective|p1a: Marvinpeko\n|-damage|p1a: Marvinpeko|6\/100\n|\n|t:|1700176453\n|switch|p2a: palafin at home|Azumarill, M|100\/100|[from] U-turn\n|\n|-formechange|p1a: Marvinpeko|Morpeko-Hangry||[from] ability: Hunger Switch\n|upkeep\n|turn|2\n|\n|t:|1700176462\n|move|p2a: palafin at home|Aqua Jet|p1a: Marvinpeko\n|-damage|p1a: Marvinpeko|0 fnt\n|faint|p1a: Marvinpeko\n|\n|upkeep\n|\n|t:|1700176467\n|switch|p1a: Zendaya - Crowned|Zamazenta-Crowned, shiny|100\/100\n|-ability|p1a: Zendaya - Crowned|Dauntless Shield|boost\n|-boost|p1a: Zendaya - Crowned|def|1\n|turn|3\n|j| RektCactus\n|\n|t:|1700176502\n|move|p1a: Zendaya - Crowned|Iron Defense|p1a: Zendaya - Crowned\n|-boost|p1a: Zendaya - Crowned|def|2\n|move|p2a: palafin at home|Belly Drum|p2a: palafin at home\n|-damage|p2a: palafin at home|50\/100\n|-setboost|p2a: palafin at home|atk|6|[from] move: Belly Drum\n|-enditem|p2a: palafin at home|Sitrus Berry|[eat]\n|-heal|p2a: palafin at home|75\/100|[from] item: Sitrus Berry\n|\n|upkeep\n|turn|4\n|\n|t:|1700176512\n|move|p1a: Zendaya - Crowned|Body Press|p2a: palafin at home\n|-resisted|p2a: palafin at home\n|-damage|p2a: palafin at home|27\/100\n|move|p2a: palafin at home|Liquidation|p1a: Zendaya - Crowned\n|-damage|p1a: Zendaya - Crowned|29\/100\n|\n|upkeep\n|turn|5\n|\n|t:|1700176520\n|move|p2a: palafin at home|Aqua Jet|p1a: Zendaya - Crowned\n|-damage|p1a: Zendaya - Crowned|0 fnt\n|faint|p1a: Zendaya - Crowned\n|\n|upkeep\n|\n|t:|1700176544\n|switch|p1a: Sarahdirge|Skeledirge, F, shiny|100\/100\n|turn|6\n|\n|t:|1700176561\n|-terastallize|p1a: Sarahdirge|Ghost\n|move|p2a: palafin at home|Aqua Jet|p1a: Sarahdirge\n|-damage|p1a: Sarahdirge|82\/100\n|move|p1a: Sarahdirge|Shadow Ball|p2a: palafin at home\n|-damage|p2a: palafin at home|0 fnt\n|faint|p2a: palafin at home\n|\n|upkeep\n|\n|t:|1700176575\n|switch|p2a: rock lee|Urshifu-Rapid-Strike, M|9\/100\n|turn|7\n|\n|t:|1700176582\n|move|p2a: rock lee|Surging Strikes|p1a: Sarahdirge\n|-crit|p1a: Sarahdirge\n|-damage|p1a: Sarahdirge|65\/100\n|-crit|p1a: Sarahdirge\n|-damage|p1a: Sarahdirge|45\/100\n|-crit|p1a: Sarahdirge\n|-damage|p1a: Sarahdirge|29\/100\n|-hitcount|p1a: Sarahdirge|3\n|move|p1a: Sarahdirge|Shadow Ball|p2a: rock lee\n|-damage|p2a: rock lee|0 fnt\n|faint|p2a: rock lee\n|\n|upkeep\n|\n|t:|1700176592\n|switch|p2a: immortal snail|Goodra-Hisui, F|100\/100\n|turn|8\n|\n|t:|1700176601\n|move|p1a: Sarahdirge|Earth Power|p2a: immortal snail\n|-supereffective|p2a: immortal snail\n|-damage|p2a: immortal snail|83\/100\n|move|p2a: immortal snail|Thunderbolt|p1a: Sarahdirge\n|-damage|p1a: Sarahdirge|15\/100\n|-status|p1a: Sarahdirge|par\n|\n|upkeep\n|turn|9\n|\n|t:|1700176611\n|move|p2a: immortal snail|Thunderbolt|p1a: Sarahdirge\n|-damage|p1a: Sarahdirge|0 fnt\n|faint|p1a: Sarahdirge\n|\n|upkeep\n|\n|t:|1700176620\n|switch|p1a: Cindy-ace|Cinderace, F, shiny|100\/100\n|turn|10\n|\n|t:|1700176629\n|move|p1a: Cindy-ace|High Jump Kick|p2a: immortal snail\n|-start|p1a: Cindy-ace|typechange|Fighting|[from] ability: Libero\n|-supereffective|p2a: immortal snail\n|-damage|p2a: immortal snail|0 fnt\n|-ability|p2a: immortal snail|Gooey\n|-unboost|p1a: Cindy-ace|spe|1\n|faint|p2a: immortal snail\n|\n|upkeep\n|\n|t:|1700176641\n|switch|p2a: Verizon wireless|Iron Leaves|100\/100\n|turn|11\n|\n|t:|1700176661\n|switch|p1a: Annamorus|Enamorus, F, shiny|100\/100\n|-terastallize|p2a: Verizon wireless|Psychic\n|move|p2a: Verizon wireless|Psyblade|p1a: Annamorus\n|-damage|p1a: Annamorus|11\/100\n|\n|upkeep\n|turn|12\n|\n|t:|1700176681\n|-end|p2a: Verizon wireless|Quark Drive|[silent]\n|switch|p2a: papa roach|Volcarona, M|100\/100\n|move|p1a: Annamorus|Moonblast|p2a: papa roach\n|-resisted|p2a: papa roach\n|-damage|p2a: papa roach|62\/100\n|-unboost|p2a: papa roach|spa|1\n|\n|upkeep\n|turn|13\n|\n|t:|1700176695\n|switch|p1a: Maddiphy|Manaphy, shiny|100\/100\n|move|p2a: papa roach|Fiery Dance|p1a: Maddiphy\n|-resisted|p1a: Maddiphy\n|-damage|p1a: Maddiphy|90\/100\n|-boost|p2a: papa roach|spa|1\n|\n|-heal|p1a: Maddiphy|96\/100|[from] item: Leftovers\n|upkeep\n|turn|14\n|\n|t:|1700176716\n|switch|p2a: cannon fodder|Pincurchin, F|100\/100\n|-fieldstart|move: Electric Terrain|[from] ability: Electric Surge|[of] p2a: cannon fodder\n|move|p1a: Maddiphy|Tail Glow|p1a: Maddiphy\n|-boost|p1a: Maddiphy|spa|3\n|\n|-heal|p1a: Maddiphy|100\/100|[from] item: Leftovers\n|upkeep\n|turn|15\n|\n|t:|1700176734\n|move|p1a: Maddiphy|Surf|p2a: cannon fodder\n|-damage|p2a: cannon fodder|0 fnt\n|faint|p2a: cannon fodder\n|\n|upkeep\n|\n|t:|1700176743\n|switch|p2a: Verizon wireless|Iron Leaves, tera:Psychic|100\/100\n|-activate|p2a: Verizon wireless|ability: Quark Drive\n|-start|p2a: Verizon wireless|quarkdriveatk\n|turn|16\n|\n|t:|1700176751\n|move|p2a: Verizon wireless|Psyblade|p1a: Maddiphy\n|-damage|p1a: Maddiphy|0 fnt\n|faint|p1a: Maddiphy\n|\n|upkeep\n|\n|t:|1700176758\n|switch|p1a: Annamorus|Enamorus, F, shiny|11\/100\n|turn|17\n|\n|t:|1700176779\n|move|p2a: Verizon wireless|Psyblade|p1a: Annamorus\n|-damage|p1a: Annamorus|0 fnt\n|faint|p1a: Annamorus\n|\n|upkeep\n|\n|t:|1700176783\n|switch|p1a: Cindy-ace|Cinderace, F, shiny|100\/100\n|turn|18\n|\n|t:|1700176790\n|move|p2a: Verizon wireless|Psyblade|p1a: Cindy-ace\n|-damage|p1a: Cindy-ace|0 fnt\n|faint|p1a: Cindy-ace\n|\n|win|shuckleshellshock\n|l|\u2606flambojambo\n","uploadtime":1700176799,"views":25,"p1id":"flambojambo","p2id":"shuckleshellshock","formatid":"gen9ubers","rating":0,"private":0,"password":""}