{"id":"gen9ubers-1971636990","p1":"IspamObjection","p2":"ooga booga awooga","format":"[Gen 9] Ubers","log":"|j|\u2606IspamObjection\n|j|\u2606ooga booga awooga\n|t:|1697755822\n|gametype|singles\n|player|p1|IspamObjection|lance-gen2|\n|player|p2|ooga booga awooga|saguaro|\n|teamsize|p1|6\n|teamsize|p2|6\n|gen|9\n|tier|[Gen 9] Ubers\n|rule|Sleep Clause Mod: Limit one foe put to sleep\n|rule|Species Clause: Limit one of each Pok\u00e9mon\n|rule|OHKO Clause: OHKO moves are banned\n|rule|Evasion Items Clause: Evasion items are banned\n|rule|Evasion Moves Clause: Evasion moves are banned\n|rule|Endless Battle Clause: Forcing endless battles is banned\n|rule|HP Percentage Mod: HP is shown in percentages\n|clearpoke\n|poke|p1|Masquerain, M|\n|poke|p1|Zacian-*|\n|poke|p1|Shaymin-Sky|\n|poke|p1|Blissey, F|\n|poke|p1|Giratina|\n|poke|p1|Palafin, M|\n|poke|p2|Chi-Yu|\n|poke|p2|Landorus, M|\n|poke|p2|Masquerain, M|\n|poke|p2|Cyclizar, F|\n|poke|p2|Zacian-*|\n|poke|p2|Dragapult, F|\n|teampreview\n|inactive|Battle timer is ON: inactive players will automatically lose when time's up. (requested by ooga booga awooga)\n|\n|t:|1697755847\n|start\n|switch|p1a: Masquerain|Masquerain, M|100\/100\n|switch|p2a: Cyclizar|Cyclizar, F|100\/100\n|-ability|p1a: Masquerain|Intimidate|boost\n|-unboost|p2a: Cyclizar|atk|1\n|turn|1\n|\n|t:|1697755867\n|move|p2a: Cyclizar|Shed Tail|p2a: Cyclizar\n|-start|p2a: Cyclizar|Substitute|[from] move: Shed Tail\n|-damage|p2a: Cyclizar|50\/100\n|inactive|ooga booga awooga has 270 seconds left.\n|\n|t:|1697755887\n|switch|p2a: Landorus|Landorus, M|100\/100|[from] Shed Tail\n|move|p1a: Masquerain|Quiver Dance|p1a: Masquerain\n|-boost|p1a: Masquerain|spa|1\n|-boost|p1a: Masquerain|spd|1\n|-boost|p1a: Masquerain|spe|1\n|\n|upkeep\n|turn|2\n|inactive|ooga booga awooga has 270 seconds left.\n|\n|t:|1697755897\n|move|p1a: Masquerain|Bug Buzz|p2a: Landorus\n|-resisted|p2a: Landorus\n|-damage|p2a: Landorus|65\/100\n|move|p2a: Landorus|Nasty Plot|p2a: Landorus\n|-boost|p2a: Landorus|spa|2\n|\n|upkeep\n|turn|3\n|inactive|ooga booga awooga has 270 seconds left.\n|\n|t:|1697755908\n|-terastallize|p2a: Landorus|Fairy\n|move|p1a: Masquerain|Bug Buzz|p2a: Landorus\n|-resisted|p2a: Landorus\n|-damage|p2a: Landorus|25\/100\n|move|p2a: Landorus|Tera Blast|p1a: Masquerain|[anim] Tera Blast Fairy\n|-damage|p1a: Masquerain|10\/100\n|-damage|p2a: Landorus|15\/100|[from] item: Life Orb\n|\n|upkeep\n|turn|4\n|inactive|ooga booga awooga has 270 seconds left.\n|\n|t:|1697755921\n|move|p1a: Masquerain|Bug Buzz|p2a: Landorus\n|-resisted|p2a: Landorus\n|-damage|p2a: Landorus|0 fnt\n|faint|p2a: Landorus\n|\n|upkeep\n|inactive|ooga booga awooga has 270 seconds left.\n|\n|t:|1697755930\n|switch|p2a: Dragapult|Dragapult, F|100\/100\n|turn|5\n|\n|t:|1697755936\n|move|p1a: Masquerain|Sticky Web|p2a: Dragapult\n|-sidestart|p2: ooga booga awooga|move: Sticky Web\n|move|p2a: Dragapult|Dragon Darts|p1a: Masquerain\n|-crit|p1a: Masquerain\n|-damage|p1a: Masquerain|0 fnt\n|faint|p1a: Masquerain\n|\n|upkeep\n|inactive|IspamObjection has 270 seconds left.\n|inactive|IspamObjection has 240 seconds left.\n|\n|t:|1697756010\n|switch|p1a: Giratina|Giratina, shiny|100\/100\n|-ability|p1a: Giratina|Pressure\n|turn|6\n|\n|t:|1697756023\n|-terastallize|p1a: Giratina|Normal\n|move|p2a: Dragapult|Dragon Darts|p1a: Giratina\n|-damage|p1a: Giratina|91\/100\n|-anim|p2a: Dragapult|Dragon Darts|p1a: Giratina\n|-damage|p1a: Giratina|83\/100\n|move|p1a: Giratina|Will-O-Wisp|p2a: Dragapult\n|-status|p2a: Dragapult|brn\n|\n|-heal|p1a: Giratina|89\/100|[from] item: Leftovers\n|-damage|p2a: Dragapult|95\/100 brn|[from] brn\n|upkeep\n|turn|7\n|inactive|IspamObjection has 240 seconds left.\n|\n|t:|1697756048\n|switch|p1a: Blissey|Blissey, F|100\/100\n|move|p2a: Dragapult|U-turn|p1a: Blissey\n|-damage|p1a: Blissey|84\/100\n|\n|t:|1697756057\n|switch|p2a: Cyclizar|Cyclizar, F|83\/100|[from] U-turn\n|-activate|p2a: Cyclizar|move: Sticky Web\n|-unboost|p2a: Cyclizar|spe|1\n|\n|upkeep\n|turn|8\n|\n|t:|1697756067\n|move|p2a: Cyclizar|Rapid Spin|p1a: Blissey\n|-damage|p1a: Blissey|42\/100\n|-boost|p2a: Cyclizar|spe|1\n|-sideend|p2: ooga booga awooga|Sticky Web|[from] move: Rapid Spin|[of] p2a: Cyclizar\n|move|p1a: Blissey|Stealth Rock|p2a: Cyclizar\n|-sidestart|p2: ooga booga awooga|move: Stealth Rock\n|\n|upkeep\n|turn|9\n|\n|t:|1697756085\n|switch|p2a: Zacian|Zacian|100\/100\n|-ability|p2a: Zacian|Intrepid Sword|boost\n|-boost|p2a: Zacian|atk|1\n|switch|p1a: Giratina|Giratina, shiny, tera:Normal|89\/100\n|-ability|p1a: Giratina|Pressure\n|\n|-heal|p1a: Giratina|95\/100|[from] item: Leftovers\n|upkeep\n|turn|10\n|\n|t:|1697756094\n|move|p2a: Zacian|Play Rough|p1a: Giratina\n|-crit|p1a: Giratina\n|-damage|p1a: Giratina|51\/100\n|move|p1a: Giratina|Will-O-Wisp|p2a: Zacian\n|-status|p2a: Zacian|brn\n|\n|-heal|p1a: Giratina|57\/100|[from] item: Leftovers\n|-damage|p2a: Zacian|94\/100 brn|[from] brn\n|upkeep\n|turn|11\n|\n|t:|1697756113\n|move|p2a: Zacian|Close Combat|p1a: Giratina\n|-supereffective|p1a: Giratina\n|-damage|p1a: Giratina|30\/100\n|-unboost|p2a: Zacian|def|1\n|-unboost|p2a: Zacian|spd|1\n|move|p1a: Giratina|Roar|p2a: Zacian\n|drag|p2a: Chi-Yu|Chi-Yu|100\/100\n|-damage|p2a: Chi-Yu|76\/100|[from] Stealth Rock\n|-ability|p2a: Chi-Yu|Beads of Ruin\n|\n|-heal|p1a: Giratina|37\/100|[from] item: Leftovers\n|upkeep\n|turn|12\n|inactive|IspamObjection has 210 seconds left.\n|\n|t:|1697756141\n|switch|p1a: Blissey|Blissey, F|42\/100\n|move|p2a: Chi-Yu|Overheat|p1a: Blissey\n|-damage|p1a: Blissey|15\/100\n|-unboost|p2a: Chi-Yu|spa|2\n|\n|upkeep\n|turn|13\n|inactive|IspamObjection has 210 seconds left.\n|\n|t:|1697756157\n|switch|p1a: Palafin|Palafin, M|100\/100\n|move|p2a: Chi-Yu|Overheat|p1a: Palafin\n|-resisted|p1a: Palafin\n|-damage|p1a: Palafin|83\/100\n|-unboost|p2a: Chi-Yu|spa|2\n|\n|-heal|p1a: Palafin|89\/100|[from] item: Leftovers\n|upkeep\n|turn|14\n|inactive|IspamObjection has 210 seconds left.\n|\n|t:|1697756168\n|switch|p2a: Cyclizar|Cyclizar, F|100\/100\n|-damage|p2a: Cyclizar|88\/100|[from] Stealth Rock\n|detailschange|p1a: Palafin|Palafin-Hero, M\n|switch|p1a: Blissey|Blissey, F|15\/100\n|\n|upkeep\n|turn|15\n|\n|t:|1697756176\n|move|p2a: Cyclizar|Knock Off|p1a: Blissey\n|-damage|p1a: Blissey|0 fnt\n|-enditem|p1a: Blissey|Heavy-Duty Boots|[from] move: Knock Off|[of] p2a: Cyclizar\n|faint|p1a: Blissey\n|\n|upkeep\n|\n|t:|1697756185\n|switch|p1a: Giratina|Giratina, shiny, tera:Normal|37\/100\n|-ability|p1a: Giratina|Pressure\n|turn|16\n|inactive|ooga booga awooga has 270 seconds left.\n|\n|t:|1697756234\n|move|p2a: Cyclizar|Knock Off|p1a: Giratina\n|-crit|p1a: Giratina\n|-damage|p1a: Giratina|18\/100\n|-enditem|p1a: Giratina|Leftovers|[from] move: Knock Off|[of] p2a: Cyclizar\n|move|p1a: Giratina|Rest|p1a: Giratina\n|-status|p1a: Giratina|slp|[from] move: Rest\n|-heal|p1a: Giratina|100\/100 slp|[silent]\n|\n|upkeep\n|turn|17\n|\n|t:|1697756243\n|switch|p2a: Masquerain|Masquerain, M|100\/100\n|-damage|p2a: Masquerain|51\/100|[from] Stealth Rock\n|-ability|p2a: Masquerain|Intimidate|boost\n|-unboost|p1a: Giratina|atk|1\n|cant|p1a: Giratina|slp\n|move|p1a: Giratina|Sleep Talk|p1a: Giratina\n|move|p1a: Giratina|Rest||[from]move: Sleep Talk|[still]\n|-fail|p1a: Giratina\n|\n|upkeep\n|turn|18\n|\n|t:|1697756252\n|move|p2a: Masquerain|Sticky Web|p1a: Giratina\n|-sidestart|p1: IspamObjection|move: Sticky Web\n|cant|p1a: Giratina|slp\n|move|p1a: Giratina|Sleep Talk|p1a: Giratina\n|move|p1a: Giratina|Roar|p2a: Masquerain|[from]move: Sleep Talk\n|drag|p2a: Chi-Yu|Chi-Yu|76\/100\n|-damage|p2a: Chi-Yu|51\/100|[from] Stealth Rock\n|-ability|p2a: Chi-Yu|Beads of Ruin\n|\n|upkeep\n|turn|19\n|inactive|IspamObjection has 240 seconds left.\n|inactive|ooga booga awooga has 270 seconds left.\n|\n|t:|1697756263\n|move|p2a: Chi-Yu|Fire Blast|p1a: Giratina\n|-damage|p1a: Giratina|60\/100 slp\n|-curestatus|p1a: Giratina|slp|[msg]\n|move|p1a: Giratina|Roar|p2a: Chi-Yu\n|drag|p2a: Cyclizar|Cyclizar, F|100\/100\n|-damage|p2a: Cyclizar|88\/100|[from] Stealth Rock\n|\n|upkeep\n|turn|20\n|inactive|ooga booga awooga has 270 seconds left.\n|inactive|IspamObjection has 240 seconds left.\n|\n|t:|1697756276\n|move|p2a: Cyclizar|Rapid Spin|p1a: Giratina\n|-damage|p1a: Giratina|50\/100\n|-boost|p2a: Cyclizar|spe|1\n|-sideend|p2: ooga booga awooga|Stealth Rock|[from] move: Rapid Spin|[of] p2a: Cyclizar\n|move|p1a: Giratina|Roar|p2a: Cyclizar\n|drag|p2a: Dragapult|Dragapult, F|95\/100 brn\n|\n|-damage|p2a: Dragapult|89\/100 brn|[from] brn\n|upkeep\n|turn|21\n|inactive|IspamObjection has 240 seconds left.\n|inactive|ooga booga awooga has 270 seconds left.\n|\n|t:|1697756291\n|move|p2a: Dragapult|Dragon Darts|p1a: Giratina\n|-damage|p1a: Giratina|46\/100\n|-anim|p2a: Dragapult|Dragon Darts|p1a: Giratina\n|-damage|p1a: Giratina|42\/100\n|move|p1a: Giratina|Rest|p1a: Giratina\n|-status|p1a: Giratina|slp|[from] move: Rest\n|-heal|p1a: Giratina|100\/100 slp|[silent]\n|\n|-damage|p2a: Dragapult|83\/100 brn|[from] brn\n|upkeep\n|turn|22\n|inactive|IspamObjection has 240 seconds left.\n|inactive|ooga booga awooga has 270 seconds left.\n|inactive|IspamObjection has 210 seconds left.\n|inactive|ooga booga awooga has 240 seconds left.\n|inactive|IspamObjection has 180 seconds left.\n|\n|t:|1697756381\n|switch|p2a: Zacian|Zacian|94\/100 brn\n|cant|p1a: Giratina|slp\n|move|p1a: Giratina|Sleep Talk|p1a: Giratina\n|move|p1a: Giratina|Roar|p2a: Zacian|[from]move: Sleep Talk\n|drag|p2a: Dragapult|Dragapult, F|83\/100 brn\n|\n|-damage|p2a: Dragapult|77\/100 brn|[from] brn\n|upkeep\n|turn|23\n|inactive|ooga booga awooga has 240 seconds left.\n|\n|t:|1697756404\n|move|p2a: Dragapult|U-turn|p1a: Giratina\n|-damage|p1a: Giratina|96\/100 slp\n|\n|t:|1697756413\n|switch|p2a: Chi-Yu|Chi-Yu|51\/100|[from] U-turn\n|-ability|p2a: Chi-Yu|Beads of Ruin\n|cant|p1a: Giratina|slp\n|move|p1a: Giratina|Sleep Talk|p1a: Giratina\n|move|p1a: Giratina|Will-O-Wisp|p2a: Chi-Yu|[from]move: Sleep Talk\n|-immune|p2a: Chi-Yu\n|\n|upkeep\n|turn|24\n|\n|t:|1697756430\n|move|p2a: Chi-Yu|Overheat|p1a: Giratina\n|-damage|p1a: Giratina|49\/100 slp\n|-unboost|p2a: Chi-Yu|spa|2\n|-curestatus|p1a: Giratina|slp|[msg]\n|move|p1a: Giratina|Roar|p2a: Chi-Yu\n|drag|p2a: Masquerain|Masquerain, M|51\/100\n|-ability|p2a: Masquerain|Intimidate|boost\n|-unboost|p1a: Giratina|atk|1\n|\n|upkeep\n|turn|25\n|inactive|ooga booga awooga has 240 seconds left.\n|\n|t:|1697756452\n|move|p2a: Masquerain|Leech Life|p1a: Giratina\n|-damage|p1a: Giratina|41\/100\n|-heal|p2a: Masquerain|57\/100|[from] drain|[of] p1a: Giratina\n|move|p1a: Giratina|Will-O-Wisp|p2a: Masquerain\n|-status|p2a: Masquerain|brn\n|\n|-damage|p2a: Masquerain|51\/100 brn|[from] brn\n|upkeep\n|turn|26\n|\n|t:|1697756464\n|switch|p1a: Palafin|Palafin-Hero, M|89\/100\n|-activate|p1a: Palafin|move: Sticky Web\n|-unboost|p1a: Palafin|spe|1\n|-activate|p1a: Palafin|ability: Zero to Hero\n|move|p2a: Masquerain|Stun Spore|p1a: Palafin\n|-status|p1a: Palafin|par\n|\n|-heal|p1a: Palafin|95\/100 par|[from] item: Leftovers\n|-damage|p2a: Masquerain|45\/100 brn|[from] brn\n|upkeep\n|turn|27\n|\n|t:|1697756476\n|switch|p2a: Cyclizar|Cyclizar, F|100\/100\n|move|p1a: Palafin|Bulk Up|p1a: Palafin\n|-boost|p1a: Palafin|atk|1\n|-boost|p1a: Palafin|def|1\n|\n|-heal|p1a: Palafin|100\/100 par|[from] item: Leftovers\n|upkeep\n|turn|28\n|inactive|IspamObjection has 180 seconds left.\n|\n|t:|1697756487\n|move|p2a: Cyclizar|Shed Tail|p2a: Cyclizar\n|-start|p2a: Cyclizar|Substitute|[from] move: Shed Tail\n|-damage|p2a: Cyclizar|50\/100\n|\n|t:|1697756494\n|switch|p2a: Chi-Yu|Chi-Yu|51\/100|[from] Shed Tail\n|-ability|p2a: Chi-Yu|Beads of Ruin\n|cant|p1a: Palafin|par\n|\n|upkeep\n|turn|29\n|\n|t:|1697756503\n|move|p1a: Palafin|Jet Punch|p2a: Chi-Yu\n|-supereffective|p2a: Chi-Yu\n|-end|p2a: Chi-Yu|Substitute\n|move|p2a: Chi-Yu|Dark Pulse|p1a: Palafin\n|-damage|p1a: Palafin|64\/100 par\n|\n|-heal|p1a: Palafin|70\/100 par|[from] item: Leftovers\n|upkeep\n|turn|30\n|\n|t:|1697756514\n|switch|p2a: Dragapult|Dragapult, F|77\/100 brn\n|move|p1a: Palafin|Jet Punch|p2a: Dragapult\n|-resisted|p2a: Dragapult\n|-damage|p2a: Dragapult|39\/100 brn\n|\n|-heal|p1a: Palafin|76\/100 par|[from] item: Leftovers\n|-damage|p2a: Dragapult|33\/100 brn|[from] brn\n|upkeep\n|turn|31\n|\n|t:|1697756523\n|move|p1a: Palafin|Jet Punch|p2a: Dragapult\n|-resisted|p2a: Dragapult\n|-damage|p2a: Dragapult|0 fnt\n|faint|p2a: Dragapult\n|\n|-heal|p1a: Palafin|82\/100 par|[from] item: Leftovers\n|upkeep\n|inactive|ooga booga awooga has 240 seconds left.\n|\n|t:|1697756529\n|switch|p2a: Zacian|Zacian|94\/100 brn\n|turn|32\n|\n|t:|1697756537\n|move|p2a: Zacian|Swords Dance|p2a: Zacian\n|-boost|p2a: Zacian|atk|2\n|cant|p1a: Palafin|par\n|\n|-heal|p1a: Palafin|89\/100 par|[from] item: Leftovers\n|-damage|p2a: Zacian|88\/100 brn|[from] brn\n|upkeep\n|turn|33\n|inactive|ooga booga awooga has 240 seconds left.\n|\n|t:|1697756562\n|cant|p1a: Palafin|par\n|move|p2a: Zacian|Play Rough|p1a: Palafin\n|-damage|p1a: Palafin|64\/100 par\n|-unboost|p1a: Palafin|atk|1\n|\n|-heal|p1a: Palafin|70\/100 par|[from] item: Leftovers\n|-damage|p2a: Zacian|82\/100 brn|[from] brn\n|upkeep\n|turn|34\n|inactive|ooga booga awooga has 240 seconds left.\n|c|\u2606ooga booga awooga|i give up\n|-message|ooga booga awooga forfeited.\n|\n|win|IspamObjection\n|l|\u2606ooga booga awooga\n","uploadtime":1697756580,"views":18,"p1id":"ispamobjection","p2id":"oogaboogaawooga","formatid":"gen9ubers","rating":0,"private":0,"password":""}