{"id":"gen9ubers-1982814237","p1":"Theviking52","p2":"a bit moody","format":"[Gen 9] Ubers","log":"|j|\u2606Theviking52\n|j|\u2606a bit moody\n|t:|1699047484\n|gametype|singles\n|player|p1|Theviking52|linebacker|\n|player|p2|a bit moody|265|\n|teamsize|p1|6\n|teamsize|p2|6\n|gen|9\n|tier|[Gen 9] Ubers\n|rule|Sleep Clause Mod: Limit one foe put to sleep\n|rule|Species Clause: Limit one of each Pok\u00e9mon\n|rule|OHKO Clause: OHKO moves are banned\n|rule|Evasion Items Clause: Evasion items are banned\n|rule|Evasion Moves Clause: Evasion moves are banned\n|rule|Endless Battle Clause: Forcing endless battles is banned\n|rule|HP Percentage Mod: HP is shown in percentages\n|clearpoke\n|poke|p1|Cyclizar, M|\n|poke|p1|Espathra, M|\n|poke|p1|Urshifu-*, M|\n|poke|p1|Shaymin-Sky|\n|poke|p1|Magearna|\n|poke|p1|Garchomp, F|\n|poke|p2|Clefable, M|\n|poke|p2|Alomomola, F|\n|poke|p2|Moltres|\n|poke|p2|Blissey, F|\n|poke|p2|Overqwil, F|\n|poke|p2|Spectrier|\n|teampreview\n|c|\u2606Theviking52|stall?\n|\n|t:|1699047504\n|start\n|switch|p1a: Urshifu|Urshifu, M|100\/100\n|switch|p2a: Spectrier|Spectrier|100\/100\n|turn|1\n|\n|t:|1699047517\n|switch|p2a: Clefable|Clefable, M|100\/100\n|move|p1a: Urshifu|Wicked Blow|p2a: Clefable\n|-resisted|p2a: Clefable\n|-crit|p2a: Clefable\n|-damage|p2a: Clefable|63\/100\n|\n|upkeep\n|turn|2\n|\n|t:|1699047526\n|switch|p1a: Magearna|Magearna|100\/100\n|move|p2a: Clefable|Stealth Rock|p1a: Magearna\n|-sidestart|p1: Theviking52|move: Stealth Rock\n|\n|upkeep\n|turn|3\n|\n|t:|1699047532\n|switch|p2a: Moltres|Moltres|100\/100\n|move|p1a: Magearna|Calm Mind|p1a: Magearna\n|-boost|p1a: Magearna|spa|1\n|-boost|p1a: Magearna|spd|1\n|\n|upkeep\n|turn|4\n|\n|t:|1699047541\n|move|p1a: Magearna|Shift Gear|p1a: Magearna\n|-boost|p1a: Magearna|spe|2\n|-boost|p1a: Magearna|atk|1\n|move|p2a: Moltres|Roar|p1a: Magearna\n|drag|p1a: sky bitch|Shaymin-Sky|100\/100\n|-damage|p1a: sky bitch|76\/100|[from] Stealth Rock\n|\n|upkeep\n|turn|5\n|\n|t:|1699047559\n|switch|p1a: Chomp X|Garchomp, F|100\/100\n|-damage|p1a: Chomp X|94\/100|[from] Stealth Rock\n|move|p2a: Moltres|Flamethrower|p1a: Chomp X\n|-resisted|p1a: Chomp X\n|-damage|p1a: Chomp X|72\/100\n|\n|-heal|p1a: Chomp X|79\/100|[from] item: Leftovers\n|upkeep\n|turn|6\n|\n|t:|1699047574\n|switch|p2a: Alomomola|Alomomola, F|100\/100\n|-terastallize|p1a: Chomp X|Dragon\n|move|p1a: Chomp X|Swords Dance|p1a: Chomp X\n|-boost|p1a: Chomp X|atk|2\n|\n|-heal|p1a: Chomp X|85\/100|[from] item: Leftovers\n|upkeep\n|turn|7\n|\n|t:|1699047582\n|move|p1a: Chomp X|Scale Shot|p2a: Alomomola|[miss]\n|-miss|p1a: Chomp X|p2a: Alomomola\n|move|p2a: Alomomola|Scald|p1a: Chomp X\n|-resisted|p1a: Chomp X\n|-damage|p1a: Chomp X|78\/100\n|\n|-heal|p1a: Chomp X|84\/100|[from] item: Leftovers\n|upkeep\n|turn|8\n|\n|t:|1699047591\n|-terastallize|p2a: Alomomola|Fairy\n|move|p1a: Chomp X|Scale Shot|p2a: Alomomola\n|-immune|p2a: Alomomola\n|move|p2a: Alomomola|Scald|p1a: Chomp X\n|-resisted|p1a: Chomp X\n|-crit|p1a: Chomp X\n|-damage|p1a: Chomp X|72\/100\n|\n|-heal|p1a: Chomp X|78\/100|[from] item: Leftovers\n|upkeep\n|turn|9\n|\n|t:|1699047604\n|move|p1a: Chomp X|Earthquake|p2a: Alomomola\n|-damage|p2a: Alomomola|47\/100\n|move|p2a: Alomomola|Scald|p1a: Chomp X\n|-resisted|p1a: Chomp X\n|-damage|p1a: Chomp X|71\/100\n|\n|-heal|p1a: Chomp X|77\/100|[from] item: Leftovers\n|upkeep\n|turn|10\n|\n|t:|1699047612\n|switch|p2a: Moltres|Moltres|100\/100\n|move|p1a: Chomp X|Earthquake|p2a: Moltres\n|-immune|p2a: Moltres\n|\n|-heal|p1a: Chomp X|83\/100|[from] item: Leftovers\n|upkeep\n|turn|11\n|\n|t:|1699047620\n|move|p1a: Chomp X|Scale Shot|p2a: Moltres\n|-damage|p2a: Moltres|76\/100\n|-damage|p2a: Moltres|50\/100\n|-damage|p2a: Moltres|27\/100\n|-hitcount|p2a: Moltres|3\n|-unboost|p1a: Chomp X|def|1\n|-boost|p1a: Chomp X|spe|1\n|move|p2a: Moltres|Will-O-Wisp|p1a: Chomp X|[miss]\n|-miss|p2a: Moltres|p1a: Chomp X\n|\n|-heal|p1a: Chomp X|90\/100|[from] item: Leftovers\n|upkeep\n|turn|12\n|\n|t:|1699047643\n|switch|p2a: Clefable|Clefable, M|63\/100\n|move|p1a: Chomp X|Scale Shot|p2a: Clefable\n|-immune|p2a: Clefable\n|\n|-heal|p1a: Chomp X|96\/100|[from] item: Leftovers\n|upkeep\n|turn|13\n|\n|t:|1699047650\n|move|p1a: Chomp X|Iron Head|p2a: Clefable\n|-supereffective|p2a: Clefable\n|-damage|p2a: Clefable|5\/100\n|cant|p2a: Clefable|flinch\n|\n|-heal|p1a: Chomp X|100\/100|[from] item: Leftovers\n|upkeep\n|turn|14\n|\n|t:|1699047657\n|switch|p2a: Alomomola|Alomomola, F, tera:Fairy|80\/100\n|move|p1a: Chomp X|Iron Head|p2a: Alomomola\n|-supereffective|p2a: Alomomola\n|-damage|p2a: Alomomola|21\/100\n|\n|upkeep\n|turn|15\n|\n|t:|1699047663\n|switch|p2a: Moltres|Moltres|27\/100\n|move|p1a: Chomp X|Iron Head|p2a: Moltres\n|-resisted|p2a: Moltres\n|-damage|p2a: Moltres|10\/100\n|\n|upkeep\n|turn|16\n|\n|t:|1699047674\n|switch|p2a: Overqwil|Overqwil, F|100\/100\n|-ability|p2a: Overqwil|Intimidate|boost\n|-unboost|p1a: Chomp X|atk|1\n|move|p1a: Chomp X|Iron Head|p2a: Overqwil\n|-damage|p2a: Overqwil|74\/100\n|\n|upkeep\n|turn|17\n|\n|t:|1699047692\n|switch|p2a: Moltres|Moltres|10\/100\n|move|p1a: Chomp X|Scale Shot|p2a: Moltres|[miss]\n|-miss|p1a: Chomp X|p2a: Moltres\n|\n|upkeep\n|turn|18\n|\n|t:|1699047698\n|switch|p2a: Overqwil|Overqwil, F|74\/100\n|-ability|p2a: Overqwil|Intimidate|boost\n|-unboost|p1a: Chomp X|atk|1\n|move|p1a: Chomp X|Scale Shot|p2a: Overqwil\n|-damage|p2a: Overqwil|63\/100\n|-damage|p2a: Overqwil|51\/100\n|-hitcount|p2a: Overqwil|2\n|-unboost|p1a: Chomp X|def|1\n|-boost|p1a: Chomp X|spe|1\n|\n|upkeep\n|turn|19\n|\n|t:|1699047708\n|move|p1a: Chomp X|Earthquake|p2a: Overqwil\n|-supereffective|p2a: Overqwil\n|-damage|p2a: Overqwil|0 fnt\n|faint|p2a: Overqwil\n|\n|upkeep\n|\n|t:|1699047717\n|switch|p2a: Alomomola|Alomomola, F, tera:Fairy|54\/100\n|turn|20\n|\n|t:|1699047719\n|move|p1a: Chomp X|Iron Head|p2a: Alomomola\n|-supereffective|p2a: Alomomola\n|-damage|p2a: Alomomola|26\/100\n|move|p2a: Alomomola|Wish|p2a: Alomomola\n|\n|upkeep\n|turn|21\n|\n|t:|1699047727\n|move|p1a: Chomp X|Swords Dance|p1a: Chomp X\n|-boost|p1a: Chomp X|atk|2\n|move|p2a: Alomomola|Flip Turn|p1a: Chomp X\n|-resisted|p1a: Chomp X\n|-damage|p1a: Chomp X|86\/100\n|-damage|p2a: Alomomola|14\/100|[from] ability: Rough Skin|[of] p1a: Chomp X\n|\n|t:|1699047735\n|switch|p2a: Moltres|Moltres|10\/100|[from] Flip Turn\n|\n|-heal|p2a: Moltres|80\/100|[from] move: Wish|[wisher] Alomomola\n|-heal|p1a: Chomp X|93\/100|[from] item: Leftovers\n|upkeep\n|turn|22\n|\n|t:|1699047745\n|move|p1a: Chomp X|Scale Shot|p2a: Moltres|[miss]\n|-miss|p1a: Chomp X|p2a: Moltres\n|move|p2a: Moltres|Roar|p1a: Chomp X\n|drag|p1a: Magearna|Magearna|100\/100\n|-damage|p1a: Magearna|94\/100|[from] Stealth Rock\n|\n|-heal|p1a: Magearna|100\/100|[from] item: Leftovers\n|upkeep\n|turn|23\n|\n|t:|1699047756\n|switch|p1a: Bike Prime|Cyclizar, M|100\/100\n|move|p2a: Moltres|Flamethrower|p1a: Bike Prime\n|-resisted|p1a: Bike Prime\n|-damage|p1a: Bike Prime|74\/100\n|\n|upkeep\n|turn|24\n|\n|t:|1699047765\n|move|p1a: Bike Prime|Rapid Spin|p2a: Moltres\n|-damage|p2a: Moltres|68\/100\n|-boost|p1a: Bike Prime|spe|1\n|-status|p1a: Bike Prime|brn|[from] ability: Flame Body|[of] p2a: Moltres\n|-sideend|p1: Theviking52|Stealth Rock|[from] move: Rapid Spin|[of] p1a: Bike Prime\n|move|p2a: Moltres|Roar|p1a: Bike Prime\n|drag|p1a: Chomp X|Garchomp, F, tera:Dragon|93\/100\n|\n|-heal|p1a: Chomp X|99\/100|[from] item: Leftovers\n|upkeep\n|turn|25\n|\n|t:|1699047775\n|move|p1a: Chomp X|Scale Shot|p2a: Moltres\n|-damage|p2a: Moltres|55\/100\n|-damage|p2a: Moltres|42\/100\n|-hitcount|p2a: Moltres|2\n|-unboost|p1a: Chomp X|def|1\n|-boost|p1a: Chomp X|spe|1\n|move|p2a: Moltres|Will-O-Wisp|p1a: Chomp X\n|-status|p1a: Chomp X|brn\n|\n|-heal|p1a: Chomp X|100\/100 brn|[from] item: Leftovers\n|-damage|p1a: Chomp X|94\/100 brn|[from] brn\n|upkeep\n|turn|26\n|\n|t:|1699047790\n|move|p1a: Chomp X|Scale Shot|p2a: Moltres|[miss]\n|-miss|p1a: Chomp X|p2a: Moltres\n|move|p2a: Moltres|Roost|p2a: Moltres\n|-heal|p2a: Moltres|92\/100\n|-singleturn|p2a: Moltres|move: Roost\n|\n|-heal|p1a: Chomp X|100\/100 brn|[from] item: Leftovers\n|-damage|p1a: Chomp X|94\/100 brn|[from] brn\n|upkeep\n|turn|27\n|\n|t:|1699047799\n|switch|p2a: Alomomola|Alomomola, F, tera:Fairy|47\/100\n|move|p1a: Chomp X|Scale Shot|p2a: Alomomola\n|-immune|p2a: Alomomola\n|\n|-heal|p1a: Chomp X|100\/100 brn|[from] item: Leftovers\n|-damage|p1a: Chomp X|94\/100 brn|[from] brn\n|upkeep\n|turn|28\n|\n|t:|1699047808\n|move|p1a: Chomp X|Iron Head|p2a: Alomomola\n|-supereffective|p2a: Alomomola\n|-damage|p2a: Alomomola|32\/100\n|move|p2a: Alomomola|Wish|p2a: Alomomola\n|\n|-heal|p1a: Chomp X|100\/100 brn|[from] item: Leftovers\n|-damage|p1a: Chomp X|94\/100 brn|[from] brn\n|upkeep\n|turn|29\n|\n|t:|1699047816\n|move|p2a: Alomomola|Protect|p2a: Alomomola\n|-singleturn|p2a: Alomomola|Protect\n|move|p1a: Chomp X|Iron Head|p2a: Alomomola\n|-activate|p2a: Alomomola|move: Protect\n|\n|-heal|p2a: Alomomola|82\/100|[from] move: Wish|[wisher] Alomomola\n|-heal|p1a: Chomp X|100\/100 brn|[from] item: Leftovers\n|-damage|p1a: Chomp X|94\/100 brn|[from] brn\n|upkeep\n|turn|30\n|\n|t:|1699047828\n|move|p1a: Chomp X|Iron Head|p2a: Alomomola\n|-supereffective|p2a: Alomomola\n|-damage|p2a: Alomomola|66\/100\n|move|p2a: Alomomola|Wish|p2a: Alomomola\n|\n|-heal|p1a: Chomp X|100\/100 brn|[from] item: Leftovers\n|-damage|p1a: Chomp X|94\/100 brn|[from] brn\n|upkeep\n|turn|31\n|\n|t:|1699047843\n|switch|p1a: sky bitch|Shaymin-Sky|76\/100\n|move|p2a: Alomomola|Flip Turn|p1a: sky bitch\n|-resisted|p1a: sky bitch\n|-damage|p1a: sky bitch|66\/100\n|\n|t:|1699047853\n|switch|p2a: Clefable|Clefable, M|5\/100|[from] Flip Turn\n|\n|-heal|p2a: Clefable|73\/100|[from] move: Wish|[wisher] Alomomola\n|upkeep\n|turn|32\n|\n|t:|1699047869\n|move|p1a: sky bitch|Seed Flare|p2a: Clefable\n|-damage|p2a: Clefable|32\/100\n|-unboost|p2a: Clefable|spd|2\n|move|p2a: Clefable|Calm Mind|p2a: Clefable\n|-boost|p2a: Clefable|spa|1\n|-boost|p2a: Clefable|spd|1\n|\n|upkeep\n|turn|33\n|\n|t:|1699047878\n|switch|p2a: Moltres|Moltres|92\/100\n|move|p1a: sky bitch|Seed Flare|p2a: Moltres\n|-resisted|p2a: Moltres\n|-damage|p2a: Moltres|78\/100\n|\n|upkeep\n|turn|34\n|\n|t:|1699047889\n|switch|p1a: Bike Prime|Cyclizar, M|100\/100 brn\n|move|p2a: Moltres|Flamethrower|p1a: Bike Prime\n|-resisted|p1a: Bike Prime\n|-damage|p1a: Bike Prime|72\/100 brn\n|\n|-damage|p1a: Bike Prime|66\/100 brn|[from] brn\n|upkeep\n|turn|35\n|\n|t:|1699047901\n|move|p1a: Bike Prime|Shed Tail|p1a: Bike Prime\n|-start|p1a: Bike Prime|Substitute|[from] move: Shed Tail\n|-damage|p1a: Bike Prime|15\/100 brn\n|\n|t:|1699047911\n|switch|p1a: Chomp X|Garchomp, F, tera:Dragon|94\/100 brn|[from] Shed Tail\n|move|p2a: Moltres|Roar|p1a: Chomp X\n|drag|p1a: Bike Prime|Cyclizar, M|49\/100 brn\n|\n|-damage|p1a: Bike Prime|42\/100 brn|[from] brn\n|upkeep\n|turn|36\n|\n|t:|1699047923\n|switch|p1a: Magearna|Magearna|100\/100\n|move|p2a: Moltres|Flamethrower|p1a: Magearna\n|-supereffective|p1a: Magearna\n|-damage|p1a: Magearna|36\/100\n|\n|-heal|p1a: Magearna|42\/100|[from] item: Leftovers\n|upkeep\n|turn|37\n|\n|t:|1699047934\n|switch|p1a: Urshifu|Urshifu, M|100\/100\n|move|p2a: Moltres|Flamethrower|p1a: Urshifu\n|-damage|p1a: Urshifu|57\/100\n|\n|-heal|p1a: Urshifu|63\/100|[from] item: Leftovers\n|upkeep\n|turn|38\n|\n|t:|1699047943\n|move|p1a: Urshifu|Wicked Blow|p2a: Moltres\n|-crit|p2a: Moltres\n|-damage|p2a: Moltres|34\/100\n|move|p2a: Moltres|Roost|p2a: Moltres\n|-heal|p2a: Moltres|84\/100\n|-singleturn|p2a: Moltres|move: Roost\n|\n|-heal|p1a: Urshifu|69\/100|[from] item: Leftovers\n|upkeep\n|turn|39\n|\n|t:|1699047951\n|move|p1a: Urshifu|Bulk Up|p1a: Urshifu\n|-boost|p1a: Urshifu|atk|1\n|-boost|p1a: Urshifu|def|1\n|move|p2a: Moltres|Roost|p2a: Moltres\n|-heal|p2a: Moltres|100\/100\n|-singleturn|p2a: Moltres|move: Roost\n|\n|-heal|p1a: Urshifu|75\/100|[from] item: Leftovers\n|upkeep\n|turn|40\n|\n|t:|1699047981\n|move|p1a: Urshifu|Wicked Blow|p2a: Moltres\n|-crit|p2a: Moltres\n|-damage|p2a: Moltres|38\/100\n|move|p2a: Moltres|Will-O-Wisp|p1a: Urshifu|[miss]\n|-miss|p2a: Moltres|p1a: Urshifu\n|\n|-heal|p1a: Urshifu|81\/100|[from] item: Leftovers\n|upkeep\n|turn|41\n|\n|t:|1699047989\n|switch|p2a: Alomomola|Alomomola, F, tera:Fairy|99\/100\n|move|p1a: Urshifu|Wicked Blow|p2a: Alomomola\n|-resisted|p2a: Alomomola\n|-crit|p2a: Alomomola\n|-damage|p2a: Alomomola|75\/100\n|\n|-heal|p1a: Urshifu|88\/100|[from] item: Leftovers\n|upkeep\n|turn|42\n|\n|t:|1699047999\n|switch|p1a: Demon EMU|Espathra, M|100\/100\n|move|p2a: Alomomola|Wish|p2a: Alomomola\n|\n|upkeep\n|turn|43\n|\n|t:|1699048006\n|move|p1a: Demon EMU|Calm Mind|p1a: Demon EMU\n|-boost|p1a: Demon EMU|spa|1\n|-boost|p1a: Demon EMU|spd|1\n|move|p2a: Alomomola|Flip Turn|p1a: Demon EMU\n|-damage|p1a: Demon EMU|88\/100\n|\n|t:|1699048012\n|switch|p2a: Clefable|Clefable, M|32\/100|[from] Flip Turn\n|\n|-heal|p2a: Clefable|99\/100|[from] move: Wish|[wisher] Alomomola\n|-heal|p1a: Demon EMU|94\/100|[from] item: Leftovers\n|-ability|p1a: Demon EMU|Speed Boost|boost\n|-boost|p1a: Demon EMU|spe|1\n|upkeep\n|turn|44\n|\n|t:|1699048020\n|move|p1a: Demon EMU|Calm Mind|p1a: Demon EMU\n|-boost|p1a: Demon EMU|spa|1\n|-boost|p1a: Demon EMU|spd|1\n|move|p2a: Clefable|Calm Mind|p2a: Clefable\n|-boost|p2a: Clefable|spa|1\n|-boost|p2a: Clefable|spd|1\n|\n|-heal|p1a: Demon EMU|99\/100|[from] item: Leftovers\n|-ability|p1a: Demon EMU|Speed Boost|boost\n|-boost|p1a: Demon EMU|spe|1\n|upkeep\n|turn|45\n|\n|t:|1699048029\n|move|p1a: Demon EMU|Calm Mind|p1a: Demon EMU\n|-boost|p1a: Demon EMU|spa|1\n|-boost|p1a: Demon EMU|spd|1\n|move|p2a: Clefable|Calm Mind|p2a: Clefable\n|-boost|p2a: Clefable|spa|1\n|-boost|p2a: Clefable|spd|1\n|\n|-heal|p1a: Demon EMU|100\/100|[from] item: Leftovers\n|-ability|p1a: Demon EMU|Speed Boost|boost\n|-boost|p1a: Demon EMU|spe|1\n|upkeep\n|turn|46\n|\n|t:|1699048040\n|move|p1a: Demon EMU|Calm Mind|p1a: Demon EMU\n|-boost|p1a: Demon EMU|spa|1\n|-boost|p1a: Demon EMU|spd|1\n|move|p2a: Clefable|Calm Mind|p2a: Clefable\n|-boost|p2a: Clefable|spa|1\n|-boost|p2a: Clefable|spd|1\n|\n|-ability|p1a: Demon EMU|Speed Boost|boost\n|-boost|p1a: Demon EMU|spe|1\n|upkeep\n|turn|47\n|\n|t:|1699048049\n|move|p1a: Demon EMU|Stored Power|p2a: Clefable\n|-damage|p2a: Clefable|74\/100\n|move|p2a: Clefable|Moonblast|p1a: Demon EMU\n|-damage|p1a: Demon EMU|0 fnt\n|faint|p1a: Demon EMU\n|\n|upkeep\n|l|\u2606a bit moody\n|player|p2|\n|j|\u2606a bit moody\n|player|p2|a bit moody|265\n|\n|t:|1699048067\n|switch|p1a: sky bitch|Shaymin-Sky|66\/100\n|turn|48\n|\n|t:|1699048071\n|move|p1a: sky bitch|Healing Wish|p1a: sky bitch\n|faint|p1a: sky bitch\n|move|p2a: Clefable|Moonblast|p1: sky bitch|[notarget]\n|-fail|p2a: Clefable\n|\n|upkeep\n|\n|t:|1699048075\n|switch|p1a: Chomp X|Garchomp, F, tera:Dragon|94\/100 brn\n|-heal|p1a: Chomp X|100\/100|[from] move: Healing Wish\n|turn|49\n|\n|t:|1699048082\n|move|p1a: Chomp X|Iron Head|p2a: Clefable\n|-supereffective|p2a: Clefable\n|-damage|p2a: Clefable|10\/100\n|move|p2a: Clefable|Moonblast|p1a: Chomp X\n|-supereffective|p1a: Chomp X\n|-damage|p1a: Chomp X|0 fnt\n|faint|p1a: Chomp X\n|\n|upkeep\n|\n|t:|1699048092\n|switch|p1a: Bike Prime|Cyclizar, M|76\/100 brn\n|turn|50\n|\n|t:|1699048103\n|switch|p2a: Alomomola|Alomomola, F, tera:Fairy|100\/100\n|move|p1a: Bike Prime|Rapid Spin|p2a: Alomomola\n|-damage|p2a: Alomomola|96\/100\n|-boost|p1a: Bike Prime|spe|1\n|\n|-damage|p1a: Bike Prime|70\/100 brn|[from] brn\n|upkeep\n|turn|51\n|\n|t:|1699048111\n|move|p1a: Bike Prime|Knock Off|p2a: Alomomola\n|-resisted|p2a: Alomomola\n|-damage|p2a: Alomomola|93\/100\n|-enditem|p2a: Alomomola|Heavy-Duty Boots|[from] move: Knock Off|[of] p1a: Bike Prime\n|move|p2a: Alomomola|Wish|p2a: Alomomola\n|\n|-damage|p1a: Bike Prime|63\/100 brn|[from] brn\n|upkeep\n|turn|52\n|\n|t:|1699048121\n|move|p1a: Bike Prime|Shed Tail|p1a: Bike Prime\n|-start|p1a: Bike Prime|Substitute|[from] move: Shed Tail\n|-damage|p1a: Bike Prime|13\/100 brn\n|\n|t:|1699048126\n|switch|p1a: Magearna|Magearna|42\/100|[from] Shed Tail\n|move|p2a: Alomomola|Flip Turn|p1a: Magearna\n|-activate|p1a: Magearna|move: Substitute|[damage]\n|\n|t:|1699048140\n|switch|p2a: Clefable|Clefable, M|10\/100|[from] Flip Turn\n|\n|-heal|p2a: Clefable|77\/100|[from] move: Wish|[wisher] Alomomola\n|-heal|p1a: Magearna|48\/100|[from] item: Leftovers\n|upkeep\n|turn|53\n|\n|t:|1699048151\n|switch|p2a: Blissey|Blissey, F|100\/100\n|move|p1a: Magearna|Calm Mind|p1a: Magearna\n|-boost|p1a: Magearna|spa|1\n|-boost|p1a: Magearna|spd|1\n|\n|-heal|p1a: Magearna|54\/100|[from] item: Leftovers\n|upkeep\n|turn|54\n|\n|t:|1699048157\n|move|p1a: Magearna|Shift Gear|p1a: Magearna\n|-boost|p1a: Magearna|spe|2\n|-boost|p1a: Magearna|atk|1\n|move|p2a: Blissey|Seismic Toss|p1a: Magearna\n|-end|p1a: Magearna|Substitute\n|\n|-heal|p1a: Magearna|60\/100|[from] item: Leftovers\n|upkeep\n|turn|55\n|\n|t:|1699048169\n|move|p1a: Magearna|Calm Mind|p1a: Magearna\n|-boost|p1a: Magearna|spa|1\n|-boost|p1a: Magearna|spd|1\n|move|p2a: Blissey|Thunder Wave|p1a: Magearna\n|-status|p1a: Magearna|par\n|\n|-heal|p1a: Magearna|66\/100 par|[from] item: Leftovers\n|upkeep\n|turn|56\n|\n|t:|1699048176\n|cant|p1a: Magearna|par\n|move|p2a: Blissey|Seismic Toss|p1a: Magearna\n|-damage|p1a: Magearna|38\/100 par\n|\n|-heal|p1a: Magearna|44\/100 par|[from] item: Leftovers\n|upkeep\n|turn|57\n|\n|t:|1699048183\n|move|p1a: Magearna|Shift Gear|p1a: Magearna\n|-boost|p1a: Magearna|spe|2\n|-boost|p1a: Magearna|atk|1\n|move|p2a: Blissey|Seismic Toss|p1a: Magearna\n|-damage|p1a: Magearna|17\/100 par\n|\n|-heal|p1a: Magearna|23\/100 par|[from] item: Leftovers\n|upkeep\n|turn|58\n|\n|t:|1699048193\n|move|p1a: Magearna|Fleur Cannon|p2a: Blissey\n|-damage|p2a: Blissey|46\/100\n|-unboost|p1a: Magearna|spa|2\n|move|p2a: Blissey|Seismic Toss|p1a: Magearna\n|-damage|p1a: Magearna|0 fnt\n|faint|p1a: Magearna\n|\n|upkeep\n|\n|t:|1699048200\n|switch|p1a: Bike Prime|Cyclizar, M|47\/100 brn\n|turn|59\n|\n|t:|1699048207\n|move|p1a: Bike Prime|Shed Tail|p1a: Bike Prime\n|-fail|p1a: Bike Prime|move: Shed Tail|[weak]\n|move|p2a: Blissey|Seismic Toss|p1a: Bike Prime\n|-damage|p1a: Bike Prime|17\/100 brn\n|\n|-damage|p1a: Bike Prime|11\/100 brn|[from] brn\n|upkeep\n|turn|60\n|\n|t:|1699048214\n|switch|p1a: Urshifu|Urshifu, M|88\/100\n|move|p2a: Blissey|Seismic Toss|p1a: Urshifu\n|-damage|p1a: Urshifu|63\/100\n|\n|-heal|p1a: Urshifu|69\/100|[from] item: Leftovers\n|upkeep\n|turn|61\n|\n|t:|1699048228\n|move|p1a: Urshifu|Drain Punch|p2a: Blissey\n|-supereffective|p2a: Blissey\n|-damage|p2a: Blissey|0 fnt\n|-heal|p1a: Urshifu|100\/100|[from] drain|[of] p2a: Blissey\n|faint|p2a: Blissey\n|\n|upkeep\n|\n|t:|1699048234\n|switch|p2a: Alomomola|Alomomola, F, tera:Fairy|100\/100\n|turn|62\n|\n|t:|1699048239\n|move|p1a: Urshifu|Wicked Blow|p2a: Alomomola\n|-resisted|p2a: Alomomola\n|-crit|p2a: Alomomola\n|-damage|p2a: Alomomola|83\/100\n|move|p2a: Alomomola|Scald|p1a: Urshifu\n|-damage|p1a: Urshifu|85\/100\n|\n|-heal|p1a: Urshifu|91\/100|[from] item: Leftovers\n|upkeep\n|turn|63\n|\n|t:|1699048248\n|move|p1a: Urshifu|Close Combat|p2a: Alomomola\n|-resisted|p2a: Alomomola\n|-damage|p2a: Alomomola|64\/100\n|-unboost|p1a: Urshifu|def|1\n|-unboost|p1a: Urshifu|spd|1\n|move|p2a: Alomomola|Scald|p1a: Urshifu\n|-damage|p1a: Urshifu|67\/100\n|\n|-heal|p1a: Urshifu|73\/100|[from] item: Leftovers\n|upkeep\n|turn|64\n|\n|t:|1699048258\n|move|p1a: Urshifu|Wicked Blow|p2a: Alomomola\n|-resisted|p2a: Alomomola\n|-crit|p2a: Alomomola\n|-damage|p2a: Alomomola|48\/100\n|move|p2a: Alomomola|Wish|p2a: Alomomola\n|\n|-heal|p1a: Urshifu|79\/100|[from] item: Leftovers\n|upkeep\n|turn|65\n|\n|t:|1699048268\n|move|p1a: Urshifu|Wicked Blow|p2a: Alomomola\n|-resisted|p2a: Alomomola\n|-crit|p2a: Alomomola\n|-damage|p2a: Alomomola|32\/100\n|move|p2a: Alomomola|Scald|p1a: Urshifu\n|-damage|p1a: Urshifu|53\/100\n|\n|-heal|p2a: Alomomola|82\/100|[from] move: Wish|[wisher] Alomomola\n|-heal|p1a: Urshifu|59\/100|[from] item: Leftovers\n|upkeep\n|turn|66\n|c|\u2606Theviking52|gg\n|\n|t:|1699048286\n|move|p1a: Urshifu|Bulk Up|p1a: Urshifu\n|-boost|p1a: Urshifu|atk|1\n|-boost|p1a: Urshifu|def|1\n|move|p2a: Alomomola|Scald|p1a: Urshifu\n|-damage|p1a: Urshifu|35\/100\n|\n|-heal|p1a: Urshifu|42\/100|[from] item: Leftovers\n|upkeep\n|turn|67\n|\n|t:|1699048295\n|move|p1a: Urshifu|Bulk Up|p1a: Urshifu\n|-boost|p1a: Urshifu|atk|1\n|-boost|p1a: Urshifu|def|1\n|move|p2a: Alomomola|Scald|p1a: Urshifu\n|-damage|p1a: Urshifu|15\/100\n|\n|-heal|p1a: Urshifu|21\/100|[from] item: Leftovers\n|upkeep\n|turn|68\n|\n|t:|1699048308\n|move|p1a: Urshifu|Wicked Blow|p2a: Alomomola\n|-resisted|p2a: Alomomola\n|-crit|p2a: Alomomola\n|-damage|p2a: Alomomola|48\/100\n|move|p2a: Alomomola|Scald|p1a: Urshifu\n|-damage|p1a: Urshifu|0 fnt\n|faint|p1a: Urshifu\n|\n|upkeep\n|\n|t:|1699048316\n|switch|p1a: Bike Prime|Cyclizar, M|45\/100 brn\n|turn|69\n|\n|t:|1699048319\n|move|p1a: Bike Prime|Knock Off|p2a: Alomomola\n|-resisted|p2a: Alomomola\n|-damage|p2a: Alomomola|46\/100\n|move|p2a: Alomomola|Wish|p2a: Alomomola\n|\n|-damage|p1a: Bike Prime|38\/100 brn|[from] brn\n|upkeep\n|turn|70\n|\n|t:|1699048326\n|move|p1a: Bike Prime|Rapid Spin|p2a: Alomomola\n|-damage|p2a: Alomomola|42\/100\n|-boost|p1a: Bike Prime|spe|1\n|move|p2a: Alomomola|Scald|p1a: Bike Prime\n|-resisted|p1a: Bike Prime\n|-damage|p1a: Bike Prime|29\/100 brn\n|\n|-heal|p2a: Alomomola|92\/100|[from] move: Wish|[wisher] Alomomola\n|-damage|p1a: Bike Prime|23\/100 brn|[from] brn\n|upkeep\n|turn|71\n|\n|t:|1699048336\n|move|p1a: Bike Prime|Rapid Spin|p2a: Alomomola\n|-damage|p2a: Alomomola|87\/100\n|-boost|p1a: Bike Prime|spe|1\n|move|p2a: Alomomola|Flip Turn|p1a: Bike Prime\n|-resisted|p1a: Bike Prime\n|-damage|p1a: Bike Prime|12\/100 brn\n|\n|t:|1699048339\n|switch|p2a: Moltres|Moltres|38\/100|[from] Flip Turn\n|\n|-damage|p1a: Bike Prime|6\/100 brn|[from] brn\n|upkeep\n|turn|72\n|\n|t:|1699048346\n|move|p1a: Bike Prime|Rapid Spin|p2a: Moltres\n|-damage|p2a: Moltres|31\/100\n|-boost|p1a: Bike Prime|spe|1\n|move|p2a: Moltres|Flamethrower|p1a: Bike Prime\n|-resisted|p1a: Bike Prime\n|-damage|p1a: Bike Prime|0 fnt\n|faint|p1a: Bike Prime\n|\n|win|a bit moody\n|l|\u2606Theviking52\n","uploadtime":1699048357,"views":17,"p1id":"theviking52","p2id":"abitmoody","formatid":"gen9ubers","rating":0,"private":0,"password":""}