{"id":"gen9ubers-1975520948","p1":"SephieBL","p2":"Nitro524","format":"[Gen 9] Ubers","log":"|j|\u2606SephieBL\n|j|\u2606Nitro524\n|t:|1698200293\n|gametype|singles\n|player|p1|SephieBL|iris-masters|\n|player|p2|Nitro524|hilbert|\n|teamsize|p1|6\n|teamsize|p2|6\n|gen|9\n|tier|[Gen 9] Ubers\n|rule|Sleep Clause Mod: Limit one foe put to sleep\n|rule|Species Clause: Limit one of each Pok\u00e9mon\n|rule|OHKO Clause: OHKO moves are banned\n|rule|Evasion Items Clause: Evasion items are banned\n|rule|Evasion Moves Clause: Evasion moves are banned\n|rule|Endless Battle Clause: Forcing endless battles is banned\n|rule|HP Percentage Mod: HP is shown in percentages\n|clearpoke\n|poke|p1|Basculegion-F, F|\n|poke|p1|Magearna|\n|poke|p1|Arceus-Fire|\n|poke|p1|Zacian-*|\n|poke|p1|Dondozo, M|\n|poke|p1|Shaymin-Sky|\n|poke|p2|Pelipper, M|\n|poke|p2|Arceus-Poison|\n|poke|p2|Zacian-*|\n|poke|p2|Palkia-Origin|\n|poke|p2|Basculegion-F, F|\n|poke|p2|Shaymin-Sky|\n|teampreview\n|inactive|Battle timer is ON: inactive players will automatically lose when time's up. (requested by SephieBL)\n|\n|t:|1698200305\n|start\n|switch|p1a: Zacian|Zacian|100\/100\n|switch|p2a: Pelipper|Pelipper, M|100\/100\n|-ability|p1a: Zacian|Intrepid Sword|boost\n|-boost|p1a: Zacian|atk|1\n|-weather|RainDance|[from] ability: Drizzle|[of] p2a: Pelipper\n|turn|1\n|inactive|Nitro524 has 270 seconds left.\n|\n|t:|1698200339\n|move|p1a: Zacian|Swords Dance|p1a: Zacian\n|-boost|p1a: Zacian|atk|2\n|move|p2a: Pelipper|Hurricane|p1a: Zacian\n|-damage|p1a: Zacian|64\/100\n|\n|-weather|RainDance|[upkeep]\n|upkeep\n|turn|2\n|\n|t:|1698200344\n|move|p1a: Zacian|Play Rough|p2a: Pelipper|[miss]\n|-miss|p1a: Zacian|p2a: Pelipper\n|move|p2a: Pelipper|Hurricane|p1a: Zacian\n|-damage|p1a: Zacian|30\/100\n|\n|-weather|RainDance|[upkeep]\n|upkeep\n|turn|3\n|\n|t:|1698200350\n|move|p1a: Zacian|Play Rough|p2a: Pelipper|[miss]\n|-miss|p1a: Zacian|p2a: Pelipper\n|move|p2a: Pelipper|Hurricane|p1a: Zacian\n|-damage|p1a: Zacian|0 fnt\n|faint|p1a: Zacian\n|\n|-weather|RainDance|[upkeep]\n|upkeep\n|\n|t:|1698200371\n|switch|p1a: 60-40 Simulator|Shaymin-Sky|100\/100\n|turn|4\n|\n|t:|1698200387\n|move|p1a: 60-40 Simulator|Air Slash|p2a: Pelipper\n|-damage|p2a: Pelipper|63\/100\n|move|p2a: Pelipper|Hurricane|p1a: 60-40 Simulator\n|-supereffective|p1a: 60-40 Simulator\n|-crit|p1a: 60-40 Simulator\n|-damage|p1a: 60-40 Simulator|0 fnt\n|faint|p1a: 60-40 Simulator\n|\n|-weather|RainDance|[upkeep]\n|upkeep\n|\n|t:|1698200398\n|switch|p1a: Magearna|Magearna|100\/100\n|turn|5\n|inactive|Nitro524 has 270 seconds left.\n|\n|t:|1698200437\n|switch|p2a: Arceus|Arceus-Poison|100\/100\n|move|p1a: Magearna|Calm Mind|p1a: Magearna\n|-boost|p1a: Magearna|spa|1\n|-boost|p1a: Magearna|spd|1\n|\n|-weather|RainDance|[upkeep]\n|upkeep\n|turn|6\n|\n|t:|1698200444\n|move|p2a: Arceus|Calm Mind|p2a: Arceus\n|-boost|p2a: Arceus|spa|1\n|-boost|p2a: Arceus|spd|1\n|move|p1a: Magearna|Iron Defense|p1a: Magearna\n|-boost|p1a: Magearna|def|2\n|\n|-weather|RainDance|[upkeep]\n|upkeep\n|turn|7\n|inactive|Nitro524 has 270 seconds left.\n|\n|t:|1698200449\n|move|p2a: Arceus|Earth Power|p1a: Magearna\n|-supereffective|p1a: Magearna\n|-damage|p1a: Magearna|60\/100\n|move|p1a: Magearna|Stored Power|p2a: Arceus\n|-supereffective|p2a: Arceus\n|-damage|p2a: Arceus|61\/100\n|\n|-weather|RainDance|[upkeep]\n|-heal|p1a: Magearna|66\/100|[from] item: Leftovers\n|upkeep\n|turn|8\n|inactive|Nitro524 has 270 seconds left.\n|\n|t:|1698200464\n|move|p2a: Arceus|Calm Mind|p2a: Arceus\n|-boost|p2a: Arceus|spa|1\n|-boost|p2a: Arceus|spd|1\n|move|p1a: Magearna|Calm Mind|p1a: Magearna\n|-boost|p1a: Magearna|spa|1\n|-boost|p1a: Magearna|spd|1\n|\n|-weather|none\n|-heal|p1a: Magearna|72\/100|[from] item: Leftovers\n|upkeep\n|turn|9\n|inactive|Nitro524 has 270 seconds left.\n|\n|t:|1698200474\n|-terastallize|p2a: Arceus|Dark\n|move|p2a: Arceus|Earth Power|p1a: Magearna\n|-supereffective|p1a: Magearna\n|-damage|p1a: Magearna|30\/100\n|move|p1a: Magearna|Stored Power|p2a: Arceus\n|-immune|p2a: Arceus\n|\n|-heal|p1a: Magearna|36\/100|[from] item: Leftovers\n|upkeep\n|turn|10\n|\n|t:|1698200479\n|move|p2a: Arceus|Earth Power|p1a: Magearna\n|-supereffective|p1a: Magearna\n|-damage|p1a: Magearna|0 fnt\n|faint|p1a: Magearna\n|\n|upkeep\n|\n|t:|1698200483\n|switch|p1a: Arceus \u2013 Fighting|Arceus-Fire|100\/100\n|turn|11\n|\n|t:|1698200498\n|-terastallize|p1a: Arceus \u2013 Fighting|Normal\n|move|p2a: Arceus|Judgment|p1a: Arceus \u2013 Fighting\n|-damage|p1a: Arceus \u2013 Fighting|32\/100\n|move|p1a: Arceus \u2013 Fighting|Dragon Dance|p1a: Arceus \u2013 Fighting\n|-boost|p1a: Arceus \u2013 Fighting|atk|1\n|-boost|p1a: Arceus \u2013 Fighting|spe|1\n|\n|upkeep\n|turn|12\n|inactive|Nitro524 has 270 seconds left.\n|\n|t:|1698200524\n|switch|p2a: Pelipper|Pelipper, M|63\/100\n|-weather|RainDance|[from] ability: Drizzle|[of] p2a: Pelipper\n|move|p1a: Arceus \u2013 Fighting|Extreme Speed|p2a: Pelipper\n|-damage|p2a: Pelipper|0 fnt\n|faint|p2a: Pelipper\n|\n|-weather|RainDance|[upkeep]\n|upkeep\n|\n|t:|1698200531\n|switch|p2a: Basculegion|Basculegion-F, F|100\/100\n|turn|13\n|inactive|Nitro524 has 270 seconds left.\n|\n|t:|1698200538\n|move|p2a: Basculegion|Flip Turn|p1a: Arceus \u2013 Fighting\n|-damage|p1a: Arceus \u2013 Fighting|0 fnt\n|faint|p1a: Arceus \u2013 Fighting\n|inactive|Nitro524 has 270 seconds left.\n|\n|t:|1698200544\n|switch|p2a: Palkia|Palkia-Origin|100\/100|[from] Flip Turn\n|-ability|p2a: Palkia|Pressure\n|\n|-weather|RainDance|[upkeep]\n|upkeep\n|\n|t:|1698200547\n|switch|p1a: THE WINCON WOO|Basculegion-F, F|100\/100\n|turn|14\n|\n|t:|1698200555\n|switch|p2a: Arceus|Arceus-Poison, tera:Dark|61\/100\n|move|p1a: THE WINCON WOO|Last Respects|p2a: Arceus\n|-resisted|p2a: Arceus\n|-damage|p2a: Arceus|16\/100\n|\n|-weather|RainDance|[upkeep]\n|upkeep\n|turn|15\n|\n|t:|1698200570\n|move|p1a: THE WINCON WOO|Last Respects|p2a: Arceus\n|-resisted|p2a: Arceus\n|-damage|p2a: Arceus|0 fnt\n|faint|p2a: Arceus\n|\n|-weather|RainDance|[upkeep]\n|upkeep\n|inactive|Nitro524 has 270 seconds left.\n|\n|t:|1698200585\n|switch|p2a: Zacian|Zacian|100\/100\n|-ability|p2a: Zacian|Intrepid Sword|boost\n|-boost|p2a: Zacian|atk|1\n|turn|16\n|inactive|Nitro524 has 270 seconds left.\n|\n|t:|1698200604\n|move|p1a: THE WINCON WOO|Last Respects|p2a: Zacian\n|-damage|p2a: Zacian|0 fnt\n|faint|p2a: Zacian\n|\n|-weather|RainDance|[upkeep]\n|upkeep\n|\n|t:|1698200626\n|switch|p2a: Palkia|Palkia-Origin|100\/100\n|-ability|p2a: Palkia|Pressure\n|turn|17\n|\n|t:|1698200643\n|move|p1a: THE WINCON WOO|Last Respects|p2a: Palkia\n|-damage|p2a: Palkia|0 fnt\n|faint|p2a: Palkia\n|\n|-weather|RainDance|[upkeep]\n|upkeep\n|\n|t:|1698200651\n|switch|p2a: Basculegion|Basculegion-F, F|100\/100\n|turn|18\n|\n|t:|1698200659\n|switch|p1a: Dondozo|Dondozo, M|100\/100\n|move|p2a: Basculegion|Last Respects|p1a: Dondozo\n|-damage|p1a: Dondozo|16\/100\n|\n|-weather|RainDance|[upkeep]\n|-heal|p1a: Dondozo|22\/100|[from] item: Leftovers\n|upkeep\n|turn|19\n|\n|t:|1698200663\n|move|p2a: Basculegion|Last Respects|p1a: Dondozo\n|-damage|p1a: Dondozo|0 fnt\n|faint|p1a: Dondozo\n|\n|-weather|none\n|upkeep\n|\n|t:|1698200667\n|switch|p1a: THE WINCON WOO|Basculegion-F, F|100\/100\n|turn|20\n|inactive|Nitro524 has 270 seconds left.\n|inactive|Nitro524 has 240 seconds left.\n|\n|t:|1698200732\n|switch|p2a: Shaymin|Shaymin-Sky|100\/100\n|move|p1a: THE WINCON WOO|Last Respects|p2a: Shaymin\n|-damage|p2a: Shaymin|0 fnt\n|faint|p2a: Shaymin\n|\n|upkeep\n|\n|t:|1698200734\n|switch|p2a: Basculegion|Basculegion-F, F|100\/100\n|turn|21\n|inactive|Nitro524 has 210 seconds left.\n|\n|t:|1698200761\n|move|p1a: THE WINCON WOO|Last Respects|p2a: Basculegion\n|-supereffective|p2a: Basculegion\n|-damage|p2a: Basculegion|0 fnt\n|faint|p2a: Basculegion\n|\n|win|SephieBL\n|c|\u2606SephieBL|GGs\n|c|\u2606Nitro524|ggs!\n|c|\u2606SephieBL|Genuinely thought i was out there tbh\n","uploadtime":1698200777,"views":11,"p1id":"sephiebl","p2id":"nitro524","formatid":"gen9ubers","rating":0,"private":0,"password":""}