{"id":"gen9ubers-1975428690","p1":"InfernoFlare","p2":"7aco","format":"[Gen 9] Ubers","log":"|j|\u2606InfernoFlare\n|j|\u26067aco\n|t:|1698190287\n|gametype|singles\n|player|p1|InfernoFlare|lance|\n|player|p2|7aco|mela|\n|teamsize|p1|6\n|teamsize|p2|6\n|gen|9\n|tier|[Gen 9] Ubers\n|rule|Sleep Clause Mod: Limit one foe put to sleep\n|rule|Species Clause: Limit one of each Pok\u00e9mon\n|rule|OHKO Clause: OHKO moves are banned\n|rule|Evasion Items Clause: Evasion items are banned\n|rule|Evasion Moves Clause: Evasion moves are banned\n|rule|Endless Battle Clause: Forcing endless battles is banned\n|rule|HP Percentage Mod: HP is shown in percentages\n|clearpoke\n|poke|p1|Regieleki|\n|poke|p1|Dragapult, F|\n|poke|p1|Weezing-Galar, F|\n|poke|p1|Zapdos-Galar|\n|poke|p1|Copperajah, M|\n|poke|p1|Iron Moth|\n|poke|p2|Donphan, F|\n|poke|p2|Zoroark-Hisui, M|\n|poke|p2|Moltres|\n|poke|p2|Rotom-Mow|\n|poke|p2|Ninetales-Alola, F|\n|poke|p2|Slowbro-Galar, F|\n|teampreview\n|j| JumboSauce\n|\n|t:|1698190374\n|start\n|switch|p1a: Zapdos|Zapdos-Galar|100\/100\n|switch|p2a: Slowbro|Slowbro-Galar, F|100\/100\n|turn|1\n|\n|t:|1698190449\n|move|p2a: Slowbro|U-turn|p1a: Zapdos\n|-resisted|p1a: Zapdos\n|-damage|p1a: Zapdos|97\/100\n|\n|t:|1698190457\n|switch|p2a: Moltres|Moltres|100\/100|[from] U-turn\n|move|p1a: Zapdos|U-turn|p2a: Moltres\n|-resisted|p2a: Moltres\n|-damage|p2a: Moltres|95\/100\n|\n|t:|1698190467\n|switch|p1a: Regieleki|Regieleki|100\/100|[from] U-turn\n|\n|upkeep\n|turn|2\n|\n|t:|1698190475\n|switch|p2a: Donphan|Donphan, F|100\/100\n|move|p1a: Regieleki|Light Screen|p1a: Regieleki\n|-sidestart|p1: InfernoFlare|move: Light Screen\n|\n|upkeep\n|turn|3\n|\n|t:|1698190543\n|switch|p1a: Weezing|Weezing-Galar, F|100\/100\n|move|p2a: Donphan|Knock Off|p1a: Weezing\n|-resisted|p1a: Weezing\n|-damage|p1a: Weezing|92\/100\n|-enditem|p1a: Weezing|Leftovers|[from] move: Knock Off|[of] p2a: Donphan\n|\n|upkeep\n|turn|4\n|\n|t:|1698190560\n|switch|p2a: Slowbro|Slowbro-Galar, F|100\/100\n|move|p1a: Weezing|Strange Steam|p2a: Slowbro\n|-resisted|p2a: Slowbro\n|-damage|p2a: Slowbro|86\/100\n|\n|upkeep\n|turn|5\n|\n|t:|1698190633\n|switch|p1a: Big Mac|Copperajah, M|100\/100\n|move|p2a: Slowbro|Psyshock|p1a: Big Mac\n|-resisted|p1a: Big Mac\n|-damage|p1a: Big Mac|92\/100\n|\n|upkeep\n|turn|6\n|\n|t:|1698190641\n|switch|p2a: Rotom|Rotom-Mow|100\/100\n|move|p1a: Big Mac|Stone Edge|p2a: Rotom|[miss]\n|-miss|p1a: Big Mac|p2a: Rotom\n|\n|upkeep\n|turn|7\n|\n|t:|1698190664\n|switch|p1a: Iron Moth|Iron Moth|100\/100\n|move|p2a: Rotom|Will-O-Wisp|p1a: Iron Moth\n|-immune|p1a: Iron Moth\n|\n|upkeep\n|turn|8\n|\n|t:|1698190725\n|switch|p2a: Slowbro|Slowbro-Galar, F|86\/100\n|move|p1a: Iron Moth|Fiery Dance|p2a: Slowbro\n|-damage|p2a: Slowbro|37\/100\n|\n|upkeep\n|turn|9\n|-activate|p2a: Slowbro|item: Quick Claw\n|\n|t:|1698190734\n|move|p2a: Slowbro|Psyshock|p1a: Iron Moth\n|-supereffective|p1a: Iron Moth\n|-damage|p1a: Iron Moth|40\/100\n|move|p1a: Iron Moth|Fiery Dance|p2a: Slowbro\n|-damage|p2a: Slowbro|0 fnt\n|-boost|p1a: Iron Moth|spa|1\n|faint|p2a: Slowbro\n|\n|-heal|p1a: Iron Moth|46\/100|[from] item: Leftovers\n|-sideend|p1: InfernoFlare|move: Light Screen\n|upkeep\n|\n|t:|1698190776\n|switch|p2a: Donphan|Donphan, F|100\/100\n|turn|10\n|\n|t:|1698190785\n|-end|p1a: Iron Moth|Quark Drive|[silent]\n|switch|p1a: Weezing|Weezing-Galar, F|92\/100\n|move|p2a: Donphan|Psychic|p1a: Weezing\n|-supereffective|p1a: Weezing\n|-damage|p1a: Weezing|15\/100\n|\n|upkeep\n|turn|11\n|\n|t:|1698190801\n|move|p2a: Donphan|Psychic|p1a: Weezing\n|-supereffective|p1a: Weezing\n|-damage|p1a: Weezing|0 fnt\n|faint|p1a: Weezing\n|\n|upkeep\n|\n|t:|1698190812\n|switch|p1a: Big Mac|Copperajah, M|92\/100\n|turn|12\n|\n|t:|1698190851\n|switch|p2a: Rotom|Rotom-Mow|100\/100\n|move|p1a: Big Mac|Heat Crash|p2a: Rotom\n|-supereffective|p2a: Rotom\n|-damage|p2a: Rotom|5\/100\n|\n|-heal|p2a: Rotom|11\/100|[from] item: Leftovers\n|upkeep\n|turn|13\n|\n|t:|1698190878\n|switch|p1a: Iron Moth|Iron Moth|46\/100\n|move|p2a: Rotom|Thunderbolt|p1a: Iron Moth\n|-damage|p1a: Iron Moth|19\/100\n|\n|-heal|p1a: Iron Moth|25\/100|[from] item: Leftovers\n|-heal|p2a: Rotom|18\/100|[from] item: Leftovers\n|upkeep\n|turn|14\n|\n|t:|1698190895\n|move|p1a: Iron Moth|Morning Sun|p1a: Iron Moth\n|-heal|p1a: Iron Moth|75\/100\n|move|p2a: Rotom|Volt Switch|p1a: Iron Moth\n|-damage|p1a: Iron Moth|52\/100\n|\n|t:|1698190900\n|switch|p2a: Donphan|Donphan, F|100\/100|[from] Volt Switch\n|\n|-heal|p1a: Iron Moth|58\/100|[from] item: Leftovers\n|upkeep\n|turn|15\n|\n|t:|1698190962\n|-end|p1a: Iron Moth|Quark Drive|[silent]\n|switch|p1a: Dragapult|Dragapult, F|100\/100\n|move|p2a: Donphan|Psychic|p1a: Dragapult\n|-damage|p1a: Dragapult|56\/100\n|\n|-heal|p1a: Dragapult|62\/100|[from] item: Leftovers\n|upkeep\n|turn|16\n|\n|t:|1698191038\n|move|p2a: Donphan|Psychic|p1a: Dragapult\n|-damage|p1a: Dragapult|19\/100\n|move|p1a: Dragapult|Substitute|p1a: Dragapult\n|-fail|p1a: Dragapult|move: Substitute|[weak]\n|\n|-heal|p1a: Dragapult|25\/100|[from] item: Leftovers\n|upkeep\n|turn|17\n|\n|t:|1698191057\n|move|p2a: Donphan|Psychic|p1a: Dragapult\n|-damage|p1a: Dragapult|0 fnt\n|faint|p1a: Dragapult\n|\n|upkeep\n|\n|t:|1698191061\n|switch|p1a: Regieleki|Regieleki|100\/100\n|turn|18\n|\n|t:|1698191065\n|switch|p2a: Donphan|Donphan, F|100\/100\n|move|p1a: Regieleki|Light Screen|p1a: Regieleki\n|-sidestart|p1: InfernoFlare|move: Light Screen\n|\n|upkeep\n|turn|19\n|\n|t:|1698191083\n|switch|p1a: Zapdos|Zapdos-Galar|97\/100\n|move|p2a: Donphan|Knock Off|p1a: Zapdos\n|-resisted|p1a: Zapdos\n|-damage|p1a: Zapdos|81\/100\n|-enditem|p1a: Zapdos|Choice Band|[from] move: Knock Off|[of] p2a: Donphan\n|\n|upkeep\n|turn|20\n|\n|t:|1698191103\n|switch|p2a: Moltres|Moltres|95\/100\n|move|p1a: Zapdos|Brave Bird|p2a: Moltres\n|-damage|p2a: Moltres|56\/100\n|-status|p1a: Zapdos|brn|[from] ability: Flame Body|[of] p2a: Moltres\n|-damage|p1a: Zapdos|66\/100 brn|[from] Recoil\n|\n|-damage|p1a: Zapdos|59\/100 brn|[from] brn\n|upkeep\n|turn|21\n|\n|t:|1698191136\n|switch|p1a: Regieleki|Regieleki|100\/100\n|move|p2a: Moltres|Roost|p2a: Moltres\n|-heal|p2a: Moltres|100\/100\n|-singleturn|p2a: Moltres|move: Roost\n|\n|upkeep\n|turn|22\n|\n|t:|1698191151\n|switch|p1a: Big Mac|Copperajah, M|92\/100\n|switch|p2a: Donphan|Donphan, F|100\/100\n|\n|upkeep\n|turn|23\n|\n|t:|1698191195\n|-terastallize|p1a: Big Mac|Steel\n|move|p2a: Donphan|Earthquake|p1a: Big Mac\n|-supereffective|p1a: Big Mac\n|-damage|p1a: Big Mac|10\/100\n|move|p1a: Big Mac|Heavy Slam|p2a: Donphan\n|-damage|p2a: Donphan|36\/100\n|\n|-heal|p2a: Donphan|42\/100|[from] item: Leftovers\n|upkeep\n|turn|24\n|\n|t:|1698191210\n|switch|p1a: Zapdos|Zapdos-Galar|59\/100 brn\n|move|p2a: Donphan|Knock Off|p1a: Zapdos\n|-resisted|p1a: Zapdos\n|-damage|p1a: Zapdos|49\/100 brn\n|\n|-heal|p2a: Donphan|48\/100|[from] item: Leftovers\n|-damage|p1a: Zapdos|43\/100 brn|[from] brn\n|upkeep\n|turn|25\n|\n|t:|1698191219\n|switch|p2a: Moltres|Moltres|100\/100\n|move|p1a: Zapdos|U-turn|p2a: Moltres\n|-resisted|p2a: Moltres\n|-damage|p2a: Moltres|98\/100\n|\n|t:|1698191226\n|switch|p1a: Regieleki|Regieleki|100\/100|[from] U-turn\n|\n|-sideend|p1: InfernoFlare|move: Light Screen\n|upkeep\n|turn|26\n|\n|t:|1698191240\n|switch|p2a: Donphan|Donphan, F|48\/100\n|move|p1a: Regieleki|Reflect|p1a: Regieleki\n|-sidestart|p1: InfernoFlare|Reflect\n|\n|-heal|p2a: Donphan|54\/100|[from] item: Leftovers\n|upkeep\n|turn|27\n|\n|t:|1698191252\n|switch|p1a: Zapdos|Zapdos-Galar|43\/100 brn\n|move|p2a: Donphan|Knock Off|p1a: Zapdos\n|-resisted|p1a: Zapdos\n|-damage|p1a: Zapdos|38\/100 brn\n|\n|-heal|p2a: Donphan|60\/100|[from] item: Leftovers\n|-damage|p1a: Zapdos|32\/100 brn|[from] brn\n|upkeep\n|turn|28\n|\n|t:|1698191289\n|switch|p1a: Iron Moth|Iron Moth|58\/100\n|switch|p2a: Moltres|Moltres|98\/100\n|\n|-heal|p1a: Iron Moth|64\/100|[from] item: Leftovers\n|upkeep\n|turn|29\n|\n|t:|1698191301\n|switch|p2a: Rotom|Rotom-Mow|18\/100\n|move|p1a: Iron Moth|Energy Ball|p2a: Rotom\n|-resisted|p2a: Rotom\n|-damage|p2a: Rotom|5\/100\n|\n|-heal|p1a: Iron Moth|70\/100|[from] item: Leftovers\n|-heal|p2a: Rotom|11\/100|[from] item: Leftovers\n|upkeep\n|turn|30\n|\n|t:|1698191314\n|move|p1a: Iron Moth|Fiery Dance|p2a: Rotom\n|-supereffective|p2a: Rotom\n|-damage|p2a: Rotom|0 fnt\n|faint|p2a: Rotom\n|\n|-heal|p1a: Iron Moth|76\/100|[from] item: Leftovers\n|upkeep\n|\n|t:|1698191348\n|switch|p2a: Ninetales|Ninetales-Alola, F|100\/100\n|turn|31\n|\n|t:|1698191378\n|move|p2a: Ninetales|Psychic|p1a: Iron Moth\n|-supereffective|p1a: Iron Moth\n|-damage|p1a: Iron Moth|26\/100\n|move|p1a: Iron Moth|Fiery Dance|p2a: Ninetales\n|-damage|p2a: Ninetales|8\/100\n|replace|p2a: Zoroark|Zoroark-Hisui, M\n|-end|p2a: Zoroark|Illusion\n|\n|-heal|p1a: Iron Moth|32\/100|[from] item: Leftovers\n|upkeep\n|turn|32\n|\n|t:|1698191478\n|-end|p1a: Iron Moth|Quark Drive|[silent]\n|switch|p1a: Regieleki|Regieleki|100\/100\n|move|p2a: Zoroark|Psychic|p1a: Regieleki\n|-damage|p1a: Regieleki|54\/100\n|\n|upkeep\n|turn|33\n|\n|t:|1698191485\n|switch|p2a: Donphan|Donphan, F|60\/100\n|move|p1a: Regieleki|Light Screen|p1a: Regieleki\n|-sidestart|p1: InfernoFlare|move: Light Screen\n|\n|-heal|p2a: Donphan|66\/100|[from] item: Leftovers\n|-sideend|p1: InfernoFlare|Reflect\n|upkeep\n|turn|34\n|\n|t:|1698191494\n|switch|p1a: Zapdos|Zapdos-Galar|32\/100 brn\n|move|p2a: Donphan|Stealth Rock|p1a: Zapdos\n|-sidestart|p1: InfernoFlare|move: Stealth Rock\n|\n|-heal|p2a: Donphan|72\/100|[from] item: Leftovers\n|-damage|p1a: Zapdos|25\/100 brn|[from] brn\n|upkeep\n|turn|35\n|\n|t:|1698191509\n|switch|p2a: Moltres|Moltres|98\/100\n|move|p1a: Zapdos|U-turn|p2a: Moltres\n|-resisted|p2a: Moltres\n|-damage|p2a: Moltres|96\/100\n|\n|t:|1698191514\n|switch|p1a: Regieleki|Regieleki|54\/100|[from] U-turn\n|-damage|p1a: Regieleki|42\/100|[from] Stealth Rock\n|\n|upkeep\n|turn|36\n|\n|t:|1698191519\n|switch|p2a: Donphan|Donphan, F|72\/100\n|move|p1a: Regieleki|Rapid Spin|p2a: Donphan\n|-damage|p2a: Donphan|65\/100\n|-boost|p1a: Regieleki|spe|1\n|-sideend|p1: InfernoFlare|Stealth Rock|[from] move: Rapid Spin|[of] p1a: Regieleki\n|\n|-heal|p2a: Donphan|71\/100|[from] item: Leftovers\n|upkeep\n|turn|37\n|\n|t:|1698191530\n|switch|p1a: Iron Moth|Iron Moth|32\/100\n|move|p2a: Donphan|Knock Off|p1a: Iron Moth\n|-damage|p1a: Iron Moth|0 fnt\n|-enditem|p1a: Iron Moth|Leftovers|[from] move: Knock Off|[of] p2a: Donphan\n|faint|p1a: Iron Moth\n|-end|p1a: Iron Moth|Quark Drive|[silent]\n|\n|-heal|p2a: Donphan|77\/100|[from] item: Leftovers\n|upkeep\n|\n|t:|1698191541\n|switch|p1a: Zapdos|Zapdos-Galar|25\/100 brn\n|turn|38\n|\n|t:|1698191544\n|switch|p2a: Moltres|Moltres|96\/100\n|move|p1a: Zapdos|Brave Bird|p2a: Moltres\n|-damage|p2a: Moltres|76\/100\n|-damage|p1a: Zapdos|17\/100 brn|[from] Recoil\n|\n|-damage|p1a: Zapdos|11\/100 brn|[from] brn\n|upkeep\n|turn|39\n|\n|t:|1698191553\n|move|p1a: Zapdos|U-turn|p2a: Moltres\n|-resisted|p2a: Moltres\n|-damage|p2a: Moltres|74\/100\n|\n|t:|1698191563\n|switch|p1a: Regieleki|Regieleki|42\/100|[from] U-turn\n|move|p2a: Moltres|Flamethrower|p1a: Regieleki\n|-crit|p1a: Regieleki\n|-damage|p1a: Regieleki|0 fnt\n|faint|p1a: Regieleki\n|\n|upkeep\n|\n|t:|1698191569\n|switch|p1a: Big Mac|Copperajah, M, tera:Steel|10\/100\n|turn|40\n|\n|t:|1698191573\n|move|p2a: Moltres|Flamethrower|p1a: Big Mac\n|-supereffective|p1a: Big Mac\n|-damage|p1a: Big Mac|0 fnt\n|faint|p1a: Big Mac\n|\n|-sideend|p1: InfernoFlare|move: Light Screen\n|upkeep\n|c|\u2606InfernoFlare|gg\n|\n|t:|1698191578\n|switch|p1a: Zapdos|Zapdos-Galar|11\/100 brn\n|turn|41\n|c|\u26067aco|ggs\n|\n|t:|1698191581\n|move|p1a: Zapdos|Brave Bird|p2a: Moltres\n|-damage|p2a: Moltres|53\/100\n|-damage|p1a: Zapdos|3\/100 brn|[from] Recoil\n|move|p2a: Moltres|Flamethrower|p1a: Zapdos\n|-damage|p1a: Zapdos|0 fnt\n|faint|p1a: Zapdos\n|\n|win|7aco\n|l|\u2606InfernoFlare\n","uploadtime":1698191598,"views":26,"p1id":"infernoflare","p2id":"7aco","formatid":"gen9ubers","rating":0,"private":0,"password":""}