{"id":"gen9ubers-1996810654","p1":"Pickedman","p2":"Rei_darkness","format":"[Gen 9] Ubers","log":"|j|\u2606Pickedman\n|j|\u2606Rei_darkness\n|t:|1700729084\n|gametype|singles\n|player|p1|Pickedman|zinnia|\n|player|p2|Rei_darkness|drayden|\n|teamsize|p1|6\n|teamsize|p2|6\n|gen|9\n|tier|[Gen 9] Ubers\n|rule|Sleep Clause Mod: Limit one foe put to sleep\n|rule|Species Clause: Limit one of each Pok\u00e9mon\n|rule|OHKO Clause: OHKO moves are banned\n|rule|Evasion Items Clause: Evasion items are banned\n|rule|Evasion Moves Clause: Evasion moves are banned\n|rule|Endless Battle Clause: Forcing endless battles is banned\n|rule|HP Percentage Mod: HP is shown in percentages\n|clearpoke\n|poke|p1|Koraidon|\n|poke|p1|Calyrex-Ice|\n|poke|p1|Gliscor, M|\n|poke|p1|Alomomola, M|\n|poke|p1|Lucario, F|\n|poke|p1|Slowking-Galar, F|\n|poke|p2|Slowbro-Galar, F|\n|poke|p2|Weezing-Galar, F|\n|poke|p2|Calyrex-Ice|\n|poke|p2|Victreebel, F|\n|poke|p2|Scovillain, F|\n|poke|p2|Koraidon|\n|teampreview\n|\n|t:|1700729108\n|start\n|switch|p1a: WNE|Calyrex-Ice|100\/100\n|switch|p2a: actualboxleg|Koraidon|100\/100\n|-ability|p1a: WNE|As One\n|-ability|p1a: WNE|Unnerve\n|-weather|SunnyDay|[from] ability: Orichalcum Pulse|[of] p2a: actualboxleg\n|-activate|p2a: actualboxleg|Orichalcum Pulse|[source]\n|turn|1\n|\n|t:|1700729112\n|move|p2a: actualboxleg|Fire Spin|p1a: WNE\n|-supereffective|p1a: WNE\n|-damage|p1a: WNE|80\/100\n|-activate|p1a: WNE|move: Fire Spin|[of] p2a: actualboxleg\n|move|p1a: WNE|Draining Kiss|p2a: actualboxleg\n|-supereffective|p2a: actualboxleg\n|-damage|p2a: actualboxleg|41\/100\n|-heal|p1a: WNE|100\/100|[from] drain|[of] p2a: actualboxleg\n|\n|-weather|SunnyDay|[upkeep]\n|-damage|p1a: WNE|88\/100|[from] move: Fire Spin|[partiallytrapped]\n|upkeep\n|turn|2\n|\n|t:|1700729120\n|-terastallize|p2a: actualboxleg|Fire\n|move|p2a: actualboxleg|Taunt|p1a: WNE\n|-start|p1a: WNE|move: Taunt\n|cant|p1a: WNE|move: Taunt|Calm Mind\n|\n|-weather|SunnyDay|[upkeep]\n|-damage|p1a: WNE|76\/100|[from] move: Fire Spin|[partiallytrapped]\n|upkeep\n|turn|3\n|\n|t:|1700729130\n|move|p2a: actualboxleg|Fire Spin|p1a: WNE\n|-supereffective|p1a: WNE\n|-damage|p1a: WNE|31\/100\n|move|p1a: WNE|Psyshock|p2a: actualboxleg\n|-damage|p2a: actualboxleg|9\/100\n|\n|-weather|SunnyDay|[upkeep]\n|-damage|p1a: WNE|19\/100|[from] move: Fire Spin|[partiallytrapped]\n|upkeep\n|turn|4\n|\n|t:|1700729136\n|move|p2a: actualboxleg|Fire Spin|p1a: WNE\n|-supereffective|p1a: WNE\n|-damage|p1a: WNE|0 fnt\n|faint|p1a: WNE\n|\n|-weather|SunnyDay|[upkeep]\n|upkeep\n|\n|t:|1700729143\n|switch|p1a: BlueRoom(KZVer)|Gliscor, M|100\/100\n|turn|5\n|\n|t:|1700729159\n|switch|p2a: gen1shitmon|Victreebel, F|100\/100\n|move|p1a: BlueRoom(KZVer)|Spikes|p2a: gen1shitmon\n|-sidestart|p2: Rei_darkness|Spikes\n|\n|-weather|SunnyDay|[upkeep]\n|-status|p1a: BlueRoom(KZVer)|tox|[from] item: Toxic Orb\n|upkeep\n|turn|6\n|\n|t:|1700729164\n|move|p2a: gen1shitmon|Growth|p2a: gen1shitmon\n|-boost|p2a: gen1shitmon|atk|2\n|-boost|p2a: gen1shitmon|spa|2\n|move|p1a: BlueRoom(KZVer)|Taunt|p2a: gen1shitmon\n|-start|p2a: gen1shitmon|move: Taunt\n|\n|-weather|SunnyDay|[upkeep]\n|upkeep\n|turn|7\n|\n|t:|1700729170\n|move|p2a: gen1shitmon|Solar Beam||[still]\n|-prepare|p2a: gen1shitmon|Solar Beam\n|-anim|p2a: gen1shitmon|Solar Beam|p1a: BlueRoom(KZVer)\n|-damage|p1a: BlueRoom(KZVer)|0 fnt\n|faint|p1a: BlueRoom(KZVer)\n|\n|-weather|SunnyDay|[upkeep]\n|upkeep\n|\n|t:|1700729175\n|switch|p1a: Snow|Slowking-Galar, F|100\/100\n|turn|8\n|\n|t:|1700729187\n|move|p2a: gen1shitmon|Weather Ball|p1a: Snow\n|-damage|p1a: Snow|43\/100\n|move|p1a: Snow|Chilly Reception|p1a: Snow\n|-weather|Snow\n|\n|t:|1700729195\n|switch|p1a: Full Confession|Lucario, F|100\/100|[from] Chilly Reception\n|\n|-weather|Snow|[upkeep]\n|upkeep\n|turn|9\n|\n|t:|1700729205\n|switch|p2a: Cowgurl|Slowbro-Galar, F|100\/100\n|-damage|p2a: Cowgurl|88\/100|[from] Spikes\n|move|p1a: Full Confession|Swords Dance|p1a: Full Confession\n|-boost|p1a: Full Confession|atk|2\n|\n|-weather|Snow|[upkeep]\n|upkeep\n|turn|10\n|-activate|p2a: Cowgurl|item: Quick Claw\n|\n|t:|1700729214\n|move|p2a: Cowgurl|Fire Blast|p1a: Full Confession\n|-supereffective|p1a: Full Confession\n|-damage|p1a: Full Confession|0 fnt\n|faint|p1a: Full Confession\n|\n|-weather|Snow|[upkeep]\n|upkeep\n|\n|t:|1700729220\n|switch|p1a: BreathOfASerpent|Koraidon|100\/100\n|-weather|SunnyDay|[from] ability: Orichalcum Pulse|[of] p1a: BreathOfASerpent\n|-activate|p1a: BreathOfASerpent|Orichalcum Pulse|[source]\n|turn|11\n|c|\u2606Rei_darkness|draw claw :fire:\n|\n|t:|1700729226\n|move|p1a: BreathOfASerpent|Substitute|p1a: BreathOfASerpent\n|-start|p1a: BreathOfASerpent|Substitute\n|-damage|p1a: BreathOfASerpent|75\/100\n|move|p2a: Cowgurl|Psyshock|p1a: BreathOfASerpent\n|-supereffective|p1a: BreathOfASerpent\n|-end|p1a: BreathOfASerpent|Substitute\n|\n|-weather|SunnyDay|[upkeep]\n|upkeep\n|turn|12\n|\n|t:|1700729232\n|move|p1a: BreathOfASerpent|Substitute|p1a: BreathOfASerpent\n|-start|p1a: BreathOfASerpent|Substitute\n|-damage|p1a: BreathOfASerpent|50\/100\n|move|p2a: Cowgurl|Psyshock|p1a: BreathOfASerpent\n|-supereffective|p1a: BreathOfASerpent\n|-end|p1a: BreathOfASerpent|Substitute\n|\n|-weather|SunnyDay|[upkeep]\n|upkeep\n|turn|13\n|c|\u2606Rei_darkness|berry?\n|-activate|p2a: Cowgurl|ability: Quick Draw\n|\n|t:|1700729246\n|move|p2a: Cowgurl|Psyshock|p1a: BreathOfASerpent\n|-supereffective|p1a: BreathOfASerpent\n|-damage|p1a: BreathOfASerpent|0 fnt\n|faint|p1a: BreathOfASerpent\n|\n|-weather|SunnyDay|[upkeep]\n|upkeep\n|-message|Pickedman forfeited.\n|\n|win|Rei_darkness\n|l|\u2606Pickedman\n","uploadtime":1700729255,"views":15,"p1id":"pickedman","p2id":"reidarkness","formatid":"gen9ubers","rating":0,"private":0,"password":""}