{"id":"gen9ubers-1971064361","p1":"flackitaki","p2":"neotank","format":"[Gen 9] Ubers","log":"|j|\u2606flackitaki\n|j|\u2606neotank\n|t:|1697700831\n|gametype|singles\n|player|p1|flackitaki|169|1321\n|player|p2|neotank|101|1401\n|teamsize|p1|6\n|teamsize|p2|6\n|gen|9\n|tier|[Gen 9] Ubers\n|rated|\n|rule|Sleep Clause Mod: Limit one foe put to sleep\n|rule|Species Clause: Limit one of each Pok\u00e9mon\n|rule|OHKO Clause: OHKO moves are banned\n|rule|Evasion Items Clause: Evasion items are banned\n|rule|Evasion Moves Clause: Evasion moves are banned\n|rule|Endless Battle Clause: Forcing endless battles is banned\n|rule|HP Percentage Mod: HP is shown in percentages\n|clearpoke\n|poke|p1|Ursaluna-Bloodmoon, M|\n|poke|p1|Great Tusk|\n|poke|p1|Miraidon|\n|poke|p1|Zacian-*|\n|poke|p1|Flutter Mane|\n|poke|p1|Arceus|\n|poke|p2|Gholdengo|\n|poke|p2|Ditto|\n|poke|p2|Shaymin-Sky|\n|poke|p2|Flutter Mane|\n|poke|p2|Eternatus|\n|poke|p2|Arceus|\n|teampreview\n|\n|t:|1697700837\n|start\n|switch|p1a: Cocaine-Bear|Ursaluna-Bloodmoon, M|100\/100\n|switch|p2a: Eternatus|Eternatus|100\/100\n|-ability|p2a: Eternatus|Pressure\n|-item|p2a: Eternatus|Air Balloon\n|turn|1\n|\n|t:|1697700844\n|move|p2a: Eternatus|Toxic Spikes|p1a: Cocaine-Bear\n|-sidestart|p1: flackitaki|move: Toxic Spikes\n|move|p1a: Cocaine-Bear|Earth Power|p2a: Eternatus\n|-immune|p2a: Eternatus\n|\n|upkeep\n|turn|2\n|\n|t:|1697700852\n|move|p2a: Eternatus|Toxic Spikes|p1a: Cocaine-Bear\n|-sidestart|p1: flackitaki|move: Toxic Spikes\n|move|p1a: Cocaine-Bear|Blood Moon|p2a: Eternatus\n|-damage|p2a: Eternatus|28\/100\n|-enditem|p2a: Eternatus|Air Balloon\n|\n|upkeep\n|turn|3\n|\n|t:|1697700862\n|-terastallize|p1a: Cocaine-Bear|Fairy\n|move|p2a: Eternatus|Toxic|p1a: Cocaine-Bear\n|-status|p1a: Cocaine-Bear|tox\n|move|p1a: Cocaine-Bear|Moonblast|p2a: Eternatus\n|-damage|p2a: Eternatus|0 fnt\n|faint|p2a: Eternatus\n|\n|-damage|p1a: Cocaine-Bear|94\/100 tox|[from] psn\n|upkeep\n|\n|t:|1697700877\n|switch|p2a: Arceus|Arceus|100\/100\n|turn|4\n|\n|t:|1697700889\n|move|p2a: Arceus|Extreme Speed|p1a: Cocaine-Bear\n|-damage|p1a: Cocaine-Bear|58\/100 tox\n|move|p1a: Cocaine-Bear|Blood Moon|p2a: Arceus\n|-damage|p2a: Arceus|49\/100\n|\n|-heal|p1a: Cocaine-Bear|64\/100 tox|[from] item: Leftovers\n|-damage|p1a: Cocaine-Bear|52\/100 tox|[from] psn\n|upkeep\n|turn|5\n|\n|t:|1697700894\n|move|p2a: Arceus|Extreme Speed|p1a: Cocaine-Bear\n|-damage|p1a: Cocaine-Bear|19\/100 tox\n|move|p1a: Cocaine-Bear|Moonblast|p2a: Arceus\n|-damage|p2a: Arceus|10\/100\n|-unboost|p2a: Arceus|spa|1\n|\n|-heal|p1a: Cocaine-Bear|25\/100 tox|[from] item: Leftovers\n|-damage|p1a: Cocaine-Bear|7\/100 tox|[from] psn\n|upkeep\n|turn|6\n|\n|t:|1697700900\n|move|p2a: Arceus|Extreme Speed|p1a: Cocaine-Bear\n|-damage|p1a: Cocaine-Bear|0 fnt\n|faint|p1a: Cocaine-Bear\n|\n|upkeep\n|\n|t:|1697700928\n|switch|p1a: Gutta|Zacian-Crowned, shiny|100\/100\n|-ability|p1a: Gutta|Intrepid Sword|boost\n|-boost|p1a: Gutta|atk|1\n|turn|7\n|\n|t:|1697700947\n|switch|p2a: Gholdengo|Gholdengo|100\/100\n|move|p1a: Gutta|Swords Dance|p1a: Gutta\n|-boost|p1a: Gutta|atk|2\n|\n|upkeep\n|turn|8\n|\n|t:|1697700955\n|move|p1a: Gutta|Behemoth Blade|p2a: Gholdengo\n|-resisted|p2a: Gholdengo\n|-damage|p2a: Gholdengo|31\/100\n|move|p2a: Gholdengo|Shadow Ball|p1a: Gutta\n|-damage|p1a: Gutta|58\/100\n|\n|-heal|p2a: Gholdengo|37\/100|[from] item: Leftovers\n|upkeep\n|turn|9\n|\n|t:|1697700960\n|move|p1a: Gutta|Behemoth Blade|p2a: Gholdengo\n|-resisted|p2a: Gholdengo\n|-damage|p2a: Gholdengo|0 fnt\n|faint|p2a: Gholdengo\n|\n|upkeep\n|\n|t:|1697700962\n|switch|p2a: Ditto|Ditto|100\/100\n|-transform|p2a: Ditto|p1a: Gutta|[from] ability: Imposter\n|-ability|p2a: Ditto|Intrepid Sword|boost\n|-boost|p2a: Ditto|atk|1\n|turn|10\n|\n|t:|1697700991\n|move|p2a: Ditto|Behemoth Blade|p1a: Gutta\n|-damage|p1a: Gutta|0 fnt\n|faint|p1a: Gutta\n|\n|upkeep\n|\n|t:|1697701016\n|switch|p1a: da don|Miraidon|100\/100\n|-status|p1a: da don|tox\n|-fieldstart|move: Electric Terrain|[from] ability: Hadron Engine|[of] p1a: da don\n|turn|11\n|\n|t:|1697701019\n|-terastallize|p2a: Ditto|Steel\n|move|p2a: Ditto|Behemoth Blade|p1a: da don\n|-resisted|p1a: da don\n|-damage|p1a: da don|0 fnt\n|faint|p1a: da don\n|\n|upkeep\n|\n|t:|1697701024\n|switch|p1a: Butter Mane|Flutter Mane|100\/100\n|-status|p1a: Butter Mane|tox\n|-enditem|p1a: Butter Mane|Booster Energy\n|-activate|p1a: Butter Mane|ability: Protosynthesis|[fromitem]\n|-start|p1a: Butter Mane|protosynthesisspe\n|turn|12\n|\n|t:|1697701027\n|move|p2a: Ditto|Behemoth Blade|p1a: Butter Mane\n|-supereffective|p1a: Butter Mane\n|-damage|p1a: Butter Mane|0 fnt\n|faint|p1a: Butter Mane\n|-end|p1a: Butter Mane|Protosynthesis|[silent]\n|\n|upkeep\n|inactive|Battle timer is ON: inactive players will automatically lose when time's up. (requested by neotank)\n|inactive|flackitaki has 120 seconds left.\n|inactive|flackitaki has 90 seconds left.\n|inactive|flackitaki has 60 seconds left.\n|inactive|flackitaki has 30 seconds left.\n|inactive|flackitaki has 20 seconds left.\n|inactive|flackitaki has 15 seconds left.\n|inactive|flackitaki has 10 seconds left.\n|inactive|flackitaki has 5 seconds left.\n|-message|flackitaki lost due to inactivity.\n|\n|win|neotank\n|raw|flackitaki's rating: 1321 &rarr; <strong>1306<\/strong><br \/>(-15 for losing)\n|raw|neotank's rating: 1401 &rarr; <strong>1416<\/strong><br \/>(+15 for winning)\n|l|\u2606flackitaki\n|l|\u2606neotank\n|j|\u2606neotank\n|player|p2|neotank|101\n","uploadtime":1697701719,"views":13,"p1id":"flackitaki","p2id":"neotank","formatid":"gen9ubers","rating":1306,"private":0,"password":""}