{"id":"gen9ubers-1977833524","p1":"Homefried","p2":"ScarletAri","format":"[Gen 9] Ubers","log":"|j|\u2606Homefried\n|j|\u2606ScarletAri\n|t:|1698455242\n|gametype|singles\n|player|p1|Homefried|anthea|\n|player|p2|ScarletAri|cynthia-masters3|\n|teamsize|p1|6\n|teamsize|p2|6\n|gen|9\n|tier|[Gen 9] Ubers\n|rule|Sleep Clause Mod: Limit one foe put to sleep\n|rule|Species Clause: Limit one of each Pok\u00e9mon\n|rule|OHKO Clause: OHKO moves are banned\n|rule|Evasion Items Clause: Evasion items are banned\n|rule|Evasion Moves Clause: Evasion moves are banned\n|rule|Endless Battle Clause: Forcing endless battles is banned\n|rule|HP Percentage Mod: HP is shown in percentages\n|clearpoke\n|poke|p1|Manaphy|\n|poke|p1|Politoed, M|\n|poke|p1|Shaymin-Sky|\n|poke|p1|Magearna|\n|poke|p1|Spectrier|\n|poke|p1|Typhlosion, M|\n|poke|p2|Magearna|\n|poke|p2|Chi-Yu|\n|poke|p2|Gliscor, F|\n|poke|p2|Arceus-Dark|\n|poke|p2|Dipplin, F|\n|poke|p2|Zacian-*|\n|teampreview\n|\n|t:|1698455254\n|start\n|switch|p1a: littlest pet shop|Politoed, M|100\/100\n|switch|p2a: SCORE SCORE!|Gliscor, F, shiny|100\/100\n|-weather|RainDance|[from] ability: Drizzle|[of] p1a: littlest pet shop\n|turn|1\n|\n|t:|1698455268\n|-terastallize|p2a: SCORE SCORE!|Water\n|move|p2a: SCORE SCORE!|Spikes|p1a: littlest pet shop\n|-sidestart|p1: Homefried|Spikes\n|move|p1a: littlest pet shop|Weather Ball|p2a: SCORE SCORE!\n|-resisted|p2a: SCORE SCORE!\n|-damage|p2a: SCORE SCORE!|72\/100\n|\n|-weather|RainDance|[upkeep]\n|-status|p2a: SCORE SCORE!|tox|[from] item: Toxic Orb\n|upkeep\n|turn|2\n|\n|t:|1698455279\n|move|p2a: SCORE SCORE!|Stealth Rock|p1a: littlest pet shop\n|-sidestart|p1: Homefried|move: Stealth Rock\n|move|p1a: littlest pet shop|Perish Song|p1a: littlest pet shop\n|-start|p1a: littlest pet shop|perish3|[silent]\n|-start|p2a: SCORE SCORE!|perish3|[silent]\n|-fieldactivate|move: Perish Song\n|\n|-weather|RainDance|[upkeep]\n|-heal|p2a: SCORE SCORE!|84\/100 tox|[from] ability: Poison Heal\n|-start|p2a: SCORE SCORE!|perish3\n|-start|p1a: littlest pet shop|perish3\n|upkeep\n|turn|3\n|\n|t:|1698455290\n|switch|p1a: spike|Shaymin-Sky|100\/100\n|-damage|p1a: spike|76\/100|[from] Stealth Rock\n|move|p2a: SCORE SCORE!|Spikes|p1a: spike\n|-sidestart|p1: Homefried|Spikes\n|\n|-weather|RainDance|[upkeep]\n|-heal|p1a: spike|82\/100|[from] item: Leftovers\n|-heal|p2a: SCORE SCORE!|97\/100 tox|[from] ability: Poison Heal\n|-start|p2a: SCORE SCORE!|perish2\n|upkeep\n|turn|4\n|\n|t:|1698455307\n|switch|p2a: Funny!|Magearna|100\/100\n|move|p1a: spike|Leech Seed|p2a: Funny!\n|-start|p2a: Funny!|move: Leech Seed\n|\n|-weather|RainDance|[upkeep]\n|-heal|p1a: spike|88\/100|[from] item: Leftovers\n|-damage|p2a: Funny!|88\/100|[from] Leech Seed|[of] p1a: spike\n|-heal|p1a: spike|100\/100|[silent]\n|upkeep\n|turn|5\n|\n|t:|1698455318\n|move|p1a: spike|Substitute|p1a: spike\n|-start|p1a: spike|Substitute\n|-damage|p1a: spike|76\/100\n|move|p2a: Funny!|Calm Mind|p2a: Funny!\n|-boost|p2a: Funny!|spa|1\n|-boost|p2a: Funny!|spd|1\n|\n|-weather|none\n|-heal|p1a: spike|82\/100|[from] item: Leftovers\n|-heal|p2a: Funny!|94\/100|[from] item: Leftovers\n|-damage|p2a: Funny!|82\/100|[from] Leech Seed|[of] p1a: spike\n|-heal|p1a: spike|95\/100|[silent]\n|upkeep\n|turn|6\n|\n|t:|1698455329\n|move|p1a: spike|Seed Flare|p2a: Funny!\n|-resisted|p2a: Funny!\n|-damage|p2a: Funny!|64\/100\n|move|p2a: Funny!|Calm Mind|p2a: Funny!\n|-boost|p2a: Funny!|spa|1\n|-boost|p2a: Funny!|spd|1\n|\n|-heal|p1a: spike|100\/100|[from] item: Leftovers\n|-heal|p2a: Funny!|70\/100|[from] item: Leftovers\n|-damage|p2a: Funny!|58\/100|[from] Leech Seed|[of] p1a: spike\n|upkeep\n|turn|7\n|\n|t:|1698455344\n|move|p1a: spike|Seed Flare|p2a: Funny!\n|-resisted|p2a: Funny!\n|-damage|p2a: Funny!|46\/100\n|-unboost|p2a: Funny!|spd|2\n|move|p2a: Funny!|Draining Kiss|p1a: spike\n|-end|p1a: spike|Substitute\n|-heal|p2a: Funny!|64\/100|[from] drain|[of] p1a: spike\n|\n|-heal|p2a: Funny!|70\/100|[from] item: Leftovers\n|-damage|p2a: Funny!|57\/100|[from] Leech Seed|[of] p1a: spike\n|upkeep\n|turn|8\n|\n|t:|1698455355\n|switch|p2a: Fishy!|Chi-Yu|100\/100\n|-ability|p2a: Fishy!|Beads of Ruin\n|move|p1a: spike|Seed Flare|p2a: Fishy!\n|-resisted|p2a: Fishy!\n|-damage|p2a: Fishy!|68\/100\n|-unboost|p2a: Fishy!|spd|2\n|\n|upkeep\n|turn|9\n|\n|t:|1698455381\n|switch|p1a: :)|Manaphy|100\/100\n|-damage|p1a: :)|84\/100|[from] Spikes\n|-damage|p1a: :)|72\/100|[from] Stealth Rock\n|switch|p2a: Funny!|Magearna|57\/100\n|\n|-heal|p2a: Funny!|63\/100|[from] item: Leftovers\n|upkeep\n|turn|10\n|\n|t:|1698455412\n|switch|p2a: Get Dipped!|Dipplin, F, shiny|100\/100\n|move|p1a: :)|Tail Glow|p1a: :)\n|-boost|p1a: :)|spa|3\n|\n|upkeep\n|turn|11\n|\n|t:|1698455422\n|move|p1a: :)|Ice Beam|p2a: Get Dipped!\n|-supereffective|p2a: Get Dipped!\n|-damage|p2a: Get Dipped!|0 fnt\n|faint|p2a: Get Dipped!\n|-heal|p1a: :)|85\/100|[from] item: Shell Bell|[of] p2: Get Dipped!\n|\n|upkeep\n|\n|t:|1698455435\n|switch|p2a: Wut the Dog Doin?|Zacian, shiny|100\/100\n|-ability|p2a: Wut the Dog Doin?|Intrepid Sword|boost\n|-boost|p2a: Wut the Dog Doin?|atk|1\n|turn|12\n|\n|t:|1698455441\n|-terastallize|p1a: :)|Water\n|move|p2a: Wut the Dog Doin?|Play Rough|p1a: :)\n|-damage|p1a: :)|0 fnt\n|faint|p1a: :)\n|\n|upkeep\n|\n|t:|1698455455\n|switch|p1a: princess ;una|Spectrier|100\/100\n|-damage|p1a: princess ;una|84\/100|[from] Spikes\n|-damage|p1a: princess ;una|72\/100|[from] Stealth Rock\n|turn|13\n|\n|t:|1698455462\n|switch|p2a: Fishy!|Chi-Yu|68\/100\n|-ability|p2a: Fishy!|Beads of Ruin\n|move|p1a: princess ;una|Will-O-Wisp|p2a: Fishy!\n|-immune|p2a: Fishy!\n|\n|upkeep\n|turn|14\n|\n|t:|1698455472\n|switch|p1a: littlest pet shop|Politoed, M|100\/100\n|-damage|p1a: littlest pet shop|84\/100|[from] Spikes\n|-damage|p1a: littlest pet shop|71\/100|[from] Stealth Rock\n|-weather|RainDance|[from] ability: Drizzle|[of] p1a: littlest pet shop\n|move|p2a: Fishy!|Flame Charge|p1a: littlest pet shop\n|-resisted|p1a: littlest pet shop\n|-damage|p1a: littlest pet shop|68\/100\n|-boost|p2a: Fishy!|spe|1\n|\n|-weather|RainDance|[upkeep]\n|-heal|p1a: littlest pet shop|74\/100|[from] item: Leftovers\n|upkeep\n|turn|15\n|\n|t:|1698455486\n|switch|p2a: Hi Fellas!|Arceus-Dark, shiny|100\/100\n|move|p1a: littlest pet shop|Earth Power|p2a: Hi Fellas!\n|-damage|p2a: Hi Fellas!|90\/100\n|\n|-weather|RainDance|[upkeep]\n|-heal|p1a: littlest pet shop|80\/100|[from] item: Leftovers\n|upkeep\n|turn|16\n|\n|t:|1698455495\n|move|p2a: Hi Fellas!|Judgment|p1a: littlest pet shop\n|-damage|p1a: littlest pet shop|47\/100\n|move|p1a: littlest pet shop|Perish Song|p1a: littlest pet shop\n|-start|p1a: littlest pet shop|perish3|[silent]\n|-start|p2a: Hi Fellas!|perish3|[silent]\n|-fieldactivate|move: Perish Song\n|\n|-weather|RainDance|[upkeep]\n|-heal|p1a: littlest pet shop|54\/100|[from] item: Leftovers\n|-start|p2a: Hi Fellas!|perish3\n|-start|p1a: littlest pet shop|perish3\n|upkeep\n|turn|17\n|\n|t:|1698455507\n|switch|p1a: tesla coil|Magearna|100\/100\n|-damage|p1a: tesla coil|84\/100|[from] Spikes\n|-damage|p1a: tesla coil|78\/100|[from] Stealth Rock\n|move|p2a: Hi Fellas!|Roar|p1a: tesla coil\n|drag|p1a: Odysseus|Typhlosion, M|100\/100\n|-damage|p1a: Odysseus|84\/100|[from] Spikes\n|-damage|p1a: Odysseus|59\/100|[from] Stealth Rock\n|\n|-weather|RainDance|[upkeep]\n|-start|p2a: Hi Fellas!|perish2\n|upkeep\n|turn|18\n|\n|t:|1698455520\n|move|p1a: Odysseus|Focus Blast|p2a: Hi Fellas!\n|-supereffective|p2a: Hi Fellas!\n|-damage|p2a: Hi Fellas!|54\/100\n|move|p2a: Hi Fellas!|Roar|p1a: Odysseus\n|drag|p1a: tesla coil|Magearna|78\/100\n|-damage|p1a: tesla coil|61\/100|[from] Spikes\n|-damage|p1a: tesla coil|55\/100|[from] Stealth Rock\n|\n|-weather|none\n|-start|p2a: Hi Fellas!|perish1\n|upkeep\n|turn|19\n|\n|t:|1698455533\n|switch|p2a: SCORE SCORE!|Gliscor, F, shiny, tera:Water|97\/100 tox\n|move|p1a: tesla coil|Fleur Cannon|p2a: SCORE SCORE!\n|-damage|p2a: SCORE SCORE!|24\/100 tox\n|-unboost|p1a: tesla coil|spa|2\n|\n|-heal|p2a: SCORE SCORE!|37\/100 tox|[from] ability: Poison Heal\n|upkeep\n|turn|20\n|\n|t:|1698455541\n|move|p2a: SCORE SCORE!|Protect|p2a: SCORE SCORE!\n|-singleturn|p2a: SCORE SCORE!|Protect\n|move|p1a: tesla coil|Fleur Cannon|p2a: SCORE SCORE!\n|-activate|p2a: SCORE SCORE!|move: Protect\n|\n|-heal|p2a: SCORE SCORE!|49\/100 tox|[from] ability: Poison Heal\n|upkeep\n|turn|21\n|\n|t:|1698455548\n|move|p1a: tesla coil|Fleur Cannon|p2a: SCORE SCORE!\n|-damage|p2a: SCORE SCORE!|8\/100 tox\n|-unboost|p1a: tesla coil|spa|2\n|move|p2a: SCORE SCORE!|Earthquake|p1a: tesla coil\n|-supereffective|p1a: tesla coil\n|-damage|p1a: tesla coil|0 fnt\n|faint|p1a: tesla coil\n|\n|-heal|p2a: SCORE SCORE!|21\/100 tox|[from] ability: Poison Heal\n|upkeep\n|\n|t:|1698455557\n|switch|p1a: spike|Shaymin-Sky|100\/100\n|-damage|p1a: spike|76\/100|[from] Stealth Rock\n|turn|22\n|\n|t:|1698455569\n|switch|p2a: Wut the Dog Doin?|Zacian, shiny|100\/100\n|move|p1a: spike|Leech Seed|p2a: Wut the Dog Doin?\n|-start|p2a: Wut the Dog Doin?|move: Leech Seed\n|\n|-heal|p1a: spike|82\/100|[from] item: Leftovers\n|-damage|p2a: Wut the Dog Doin?|88\/100|[from] Leech Seed|[of] p1a: spike\n|-heal|p1a: spike|93\/100|[silent]\n|upkeep\n|turn|23\n|\n|t:|1698455594\n|move|p2a: Wut the Dog Doin?|Play Rough|p1a: spike\n|-damage|p1a: spike|4\/100\n|move|p1a: spike|Seed Flare|p2a: Wut the Dog Doin?\n|-damage|p2a: Wut the Dog Doin?|37\/100\n|-unboost|p2a: Wut the Dog Doin?|spd|2\n|\n|-heal|p1a: spike|10\/100|[from] item: Leftovers\n|-damage|p2a: Wut the Dog Doin?|25\/100|[from] Leech Seed|[of] p1a: spike\n|-heal|p1a: spike|22\/100|[silent]\n|upkeep\n|turn|24\n|\n|t:|1698455604\n|move|p2a: Wut the Dog Doin?|Play Rough|p1a: spike\n|-damage|p1a: spike|0 fnt\n|faint|p1a: spike\n|\n|upkeep\n|\n|t:|1698455609\n|switch|p1a: princess ;una|Spectrier|72\/100\n|-damage|p1a: princess ;una|55\/100|[from] Spikes\n|-damage|p1a: princess ;una|43\/100|[from] Stealth Rock\n|turn|25\n|\n|t:|1698455619\n|switch|p2a: Fishy!|Chi-Yu|68\/100\n|-ability|p2a: Fishy!|Beads of Ruin\n|move|p1a: princess ;una|Shadow Ball|p2a: Fishy!\n|-resisted|p2a: Fishy!\n|-damage|p2a: Fishy!|41\/100\n|\n|upkeep\n|turn|26\n|\n|t:|1698455630\n|switch|p1a: littlest pet shop|Politoed, M|54\/100\n|-damage|p1a: littlest pet shop|37\/100|[from] Spikes\n|-damage|p1a: littlest pet shop|24\/100|[from] Stealth Rock\n|-weather|RainDance|[from] ability: Drizzle|[of] p1a: littlest pet shop\n|move|p2a: Fishy!|Dark Pulse|p1a: littlest pet shop\n|-damage|p1a: littlest pet shop|0 fnt\n|faint|p1a: littlest pet shop\n|\n|-weather|RainDance|[upkeep]\n|upkeep\n|\n|t:|1698455640\n|switch|p1a: princess ;una|Spectrier|43\/100\n|-damage|p1a: princess ;una|27\/100|[from] Spikes\n|-damage|p1a: princess ;una|14\/100|[from] Stealth Rock\n|turn|27\n|\n|t:|1698455671\n|move|p1a: princess ;una|Disable|p2a: Fishy!\n|-start|p2a: Fishy!|Disable|Dark Pulse\n|move|p2a: Fishy!|Flame Charge|p1a: princess ;una\n|-damage|p1a: princess ;una|5\/100\n|-boost|p2a: Fishy!|spe|1\n|\n|-weather|RainDance|[upkeep]\n|upkeep\n|turn|28\n|\n|t:|1698455680\n|move|p1a: princess ;una|Disable||[still]\n|-fail|p1a: princess ;una\n|move|p2a: Fishy!|Flame Charge|p1a: princess ;una\n|-damage|p1a: princess ;una|0 fnt\n|-boost|p2a: Fishy!|spe|1\n|faint|p1a: princess ;una\n|\n|-weather|RainDance|[upkeep]\n|upkeep\n|\n|t:|1698455688\n|switch|p1a: Odysseus|Typhlosion, M|59\/100\n|-damage|p1a: Odysseus|43\/100|[from] Spikes\n|-damage|p1a: Odysseus|18\/100|[from] Stealth Rock\n|turn|29\n|\n|t:|1698455694\n|move|p2a: Fishy!|Overheat|p1a: Odysseus\n|-resisted|p1a: Odysseus\n|-damage|p1a: Odysseus|0 fnt\n|-unboost|p2a: Fishy!|spa|2\n|faint|p1a: Odysseus\n|\n|win|ScarletAri\n|l|\u2606Homefried\n","uploadtime":1698455709,"views":10,"p1id":"homefried","p2id":"scarletari","formatid":"gen9ubers","rating":0,"private":0,"password":""}