{"id":"gen9ubers-1974635132","p1":"LadyMaria-Blue","p2":"ttkilla","format":"[Gen 9] Ubers","log":"|j|\u2606LadyMaria-Blue\n|j|\u2606ttkilla\n|t:|1698104952\n|gametype|singles\n|player|p1|LadyMaria-Blue|cynthia|\n|player|p2|ttkilla|cameraman|\n|teamsize|p1|6\n|teamsize|p2|6\n|gen|9\n|tier|[Gen 9] Ubers\n|rule|Sleep Clause Mod: Limit one foe put to sleep\n|rule|Species Clause: Limit one of each Pok\u00e9mon\n|rule|OHKO Clause: OHKO moves are banned\n|rule|Evasion Items Clause: Evasion items are banned\n|rule|Evasion Moves Clause: Evasion moves are banned\n|rule|Endless Battle Clause: Forcing endless battles is banned\n|rule|HP Percentage Mod: HP is shown in percentages\n|clearpoke\n|poke|p1|Dialga|\n|poke|p1|Garchomp, F|\n|poke|p1|Gholdengo|\n|poke|p1|Espathra, F|\n|poke|p1|Chi-Yu|\n|poke|p1|Cyclizar, F|\n|poke|p2|Quaquaval, F|\n|poke|p2|Chi-Yu|\n|poke|p2|Dialga|\n|poke|p2|Thundurus, M|\n|poke|p2|Arceus-Psychic|\n|poke|p2|Ninetales-Alola, F|\n|teampreview\n|c|\u2606ttkilla|glhf\n|c|\u2606LadyMaria-Blue|u2\n|\n|t:|1698104969\n|start\n|switch|p1a: Dialga|Dialga, shiny|100\/100\n|switch|p2a: Dialga|Dialga|100\/100\n|-ability|p2a: Dialga|Pressure\n|-ability|p1a: Dialga|Pressure\n|turn|1\n|\n|t:|1698104993\n|move|p2a: Dialga|Earth Power|p1a: Dialga\n|-supereffective|p1a: Dialga\n|-damage|p1a: Dialga|41\/100\n|move|p1a: Dialga|Stealth Rock|p2a: Dialga\n|-sidestart|p2: ttkilla|move: Stealth Rock\n|\n|-heal|p1a: Dialga|47\/100|[from] item: Leftovers\n|upkeep\n|turn|2\n|\n|t:|1698105003\n|switch|p1a: Cyclizar|Cyclizar, F|100\/100\n|move|p2a: Dialga|Earth Power|p1a: Cyclizar\n|-damage|p1a: Cyclizar|50\/100\n|\n|upkeep\n|turn|3\n|inactive|Battle timer is ON: inactive players will automatically lose when time's up. (requested by ttkilla)\n|\n|t:|1698105058\n|switch|p1a: Dialga|Dialga, shiny|47\/100\n|-ability|p1a: Dialga|Pressure\n|move|p2a: Dialga|Earth Power|p1a: Dialga\n|-supereffective|p1a: Dialga\n|-damage|p1a: Dialga|0 fnt\n|faint|p1a: Dialga\n|\n|upkeep\n|\n|t:|1698105063\n|switch|p1a: Garchomp|Garchomp, F, shiny|100\/100\n|turn|4\n|\n|t:|1698105067\n|switch|p2a: Thundurus|Thundurus, M|100\/100\n|move|p1a: Garchomp|Swords Dance|p1a: Garchomp\n|-boost|p1a: Garchomp|atk|2\n|\n|upkeep\n|turn|5\n|\n|t:|1698105075\n|move|p2a: Thundurus|Taunt|p1a: Garchomp\n|-start|p1a: Garchomp|move: Taunt\n|move|p1a: Garchomp|Scale Shot|p2a: Thundurus\n|-damage|p2a: Thundurus|55\/100\n|-damage|p2a: Thundurus|14\/100\n|-damage|p2a: Thundurus|0 fnt\n|faint|p2a: Thundurus\n|-hitcount|p2: Thundurus|3\n|-unboost|p1a: Garchomp|def|1\n|-boost|p1a: Garchomp|spe|1\n|\n|upkeep\n|\n|t:|1698105087\n|switch|p2a: Arceus|Arceus-Psychic|100\/100\n|-damage|p2a: Arceus|88\/100|[from] Stealth Rock\n|turn|6\n|\n|t:|1698105096\n|-terastallize|p2a: Arceus|Ground\n|move|p1a: Garchomp|Earthquake|p2a: Arceus\n|-damage|p2a: Arceus|16\/100\n|move|p2a: Arceus|Earthquake|p1a: Garchomp\n|-damage|p1a: Garchomp|39\/100\n|\n|upkeep\n|turn|7\n|\n|t:|1698105102\n|move|p1a: Garchomp|Earthquake|p2a: Arceus\n|-damage|p2a: Arceus|0 fnt\n|faint|p2a: Arceus\n|\n|-end|p1a: Garchomp|move: Taunt\n|upkeep\n|\n|t:|1698105106\n|switch|p2a: Dialga|Dialga|100\/100\n|-damage|p2a: Dialga|94\/100|[from] Stealth Rock\n|-ability|p2a: Dialga|Pressure\n|turn|8\n|\n|t:|1698105110\n|move|p2a: Dialga|Earth Power|p1a: Garchomp\n|-damage|p1a: Garchomp|4\/100\n|move|p1a: Garchomp|Earthquake|p2a: Dialga\n|-supereffective|p2a: Dialga\n|-damage|p2a: Dialga|0 fnt\n|faint|p2a: Dialga\n|\n|upkeep\n|\n|t:|1698105115\n|switch|p2a: Quaquaval|Quaquaval, F|100\/100\n|turn|9\n|\n|t:|1698105118\n|move|p1a: Garchomp|Scale Shot|p2a: Quaquaval|[miss]\n|-miss|p1a: Garchomp|p2a: Quaquaval\n|move|p2a: Quaquaval|Rapid Spin|p1a: Garchomp\n|-damage|p1a: Garchomp|0 fnt\n|-boost|p2a: Quaquaval|spe|1\n|-damage|p2a: Quaquaval|88\/100|[from] ability: Rough Skin|[of] p1a: Garchomp\n|-sideend|p2: ttkilla|Stealth Rock|[from] move: Rapid Spin|[of] p2a: Quaquaval\n|faint|p1a: Garchomp\n|-ability|p2a: Quaquaval|Moxie|boost\n|-boost|p2a: Quaquaval|atk|1\n|\n|upkeep\n|\n|t:|1698105124\n|switch|p1a: Cyclizar|Cyclizar, F|84\/100\n|turn|10\n|\n|t:|1698105128\n|move|p2a: Quaquaval|Close Combat|p1a: Cyclizar\n|-supereffective|p1a: Cyclizar\n|-damage|p1a: Cyclizar|0 fnt\n|-unboost|p2a: Quaquaval|def|1\n|-unboost|p2a: Quaquaval|spd|1\n|faint|p1a: Cyclizar\n|-ability|p2a: Quaquaval|Moxie|boost\n|-boost|p2a: Quaquaval|atk|1\n|\n|upkeep\n|\n|t:|1698105136\n|switch|p1a: Gholdengo|Gholdengo|100\/100\n|turn|11\n|\n|t:|1698105138\n|move|p2a: Quaquaval|Aqua Step|p1a: Gholdengo\n|-damage|p1a: Gholdengo|36\/100\n|-boost|p2a: Quaquaval|spe|1\n|move|p1a: Gholdengo|Thunder Wave|p2a: Quaquaval|[miss]\n|-miss|p1a: Gholdengo|p2a: Quaquaval\n|\n|-heal|p1a: Gholdengo|42\/100|[from] item: Leftovers\n|upkeep\n|turn|12\n|\n|t:|1698105142\n|move|p2a: Quaquaval|Aqua Step|p1a: Gholdengo\n|-damage|p1a: Gholdengo|0 fnt\n|-boost|p2a: Quaquaval|spe|1\n|faint|p1a: Gholdengo\n|-ability|p2a: Quaquaval|Moxie|boost\n|-boost|p2a: Quaquaval|atk|1\n|\n|upkeep\n|\n|t:|1698105144\n|switch|p1a: Espathra|Espathra, F|100\/100\n|turn|13\n|c|\u2606ttkilla|rip sorry for the rng man'\n|\n|t:|1698105151\n|move|p1a: Espathra|Protect|p1a: Espathra\n|-singleturn|p1a: Espathra|Protect\n|move|p2a: Quaquaval|Aqua Step|p1a: Espathra\n|-activate|p1a: Espathra|move: Protect\n|\n|-ability|p1a: Espathra|Speed Boost|boost\n|-boost|p1a: Espathra|spe|1\n|upkeep\n|turn|14\n|\n|t:|1698105158\n|move|p2a: Quaquaval|Aqua Step|p1a: Espathra\n|-damage|p1a: Espathra|0 fnt\n|-boost|p2a: Quaquaval|spe|1\n|faint|p1a: Espathra\n|-ability|p2a: Quaquaval|Moxie|boost\n|-boost|p2a: Quaquaval|atk|1\n|\n|upkeep\n|\n|t:|1698105161\n|switch|p1a: Chi-Yu|Chi-Yu|100\/100\n|-ability|p1a: Chi-Yu|Beads of Ruin\n|turn|15\n|\n|t:|1698105163\n|move|p2a: Quaquaval|Aqua Step|p1a: Chi-Yu\n|-supereffective|p1a: Chi-Yu\n|-damage|p1a: Chi-Yu|0 fnt\n|-boost|p2a: Quaquaval|spe|1\n|faint|p1a: Chi-Yu\n|\n|win|ttkilla\n|c|\u2606ttkilla|gg\n|c|\u2606LadyMaria-Blue|gg\n","uploadtime":1698105169,"views":25,"p1id":"ladymariablue","p2id":"ttkilla","formatid":"gen9ubers","rating":0,"private":0,"password":""}