{"id":"gen9ubers-1982579739","p1":"dabidoodaa","p2":"RamsnNa","format":"[Gen 9] Ubers","log":"|j|\u2606dabidoodaa\n|j|\u2606RamsnNa\n|t:|1699027166\n|gametype|singles\n|player|p1|dabidoodaa|clay|\n|player|p2|RamsnNa|101|\n|teamsize|p1|6\n|teamsize|p2|6\n|gen|9\n|tier|[Gen 9] Ubers\n|rule|Sleep Clause Mod: Limit one foe put to sleep\n|rule|Species Clause: Limit one of each Pok\u00e9mon\n|rule|OHKO Clause: OHKO moves are banned\n|rule|Evasion Items Clause: Evasion items are banned\n|rule|Evasion Moves Clause: Evasion moves are banned\n|rule|Endless Battle Clause: Forcing endless battles is banned\n|rule|HP Percentage Mod: HP is shown in percentages\n|clearpoke\n|poke|p1|Mandibuzz, F|\n|poke|p1|Glimmora, M|\n|poke|p1|Goodra, M|\n|poke|p1|Pyroar, M|\n|poke|p1|Enamorus-Therian, F|\n|poke|p1|Ninetales-Alola, M|\n|poke|p2|Gyarados, F|\n|poke|p2|Salamence, F|\n|poke|p2|Gholdengo|\n|poke|p2|Krookodile, M|\n|poke|p2|Gengar, M|\n|poke|p2|Typhlosion, F|\n|teampreview\n|c|\u2606RamsnNa|Hi!\n|c|\u2606dabidoodaa|slay\n|c|\u2606dabidoodaa|hi\n|c|\u2606RamsnNa|No iron bundle? Interesting\n|c|\u2606dabidoodaa|lol\n|j| mark smogon\n|c|\u2606dabidoodaa|sometimes you gotta try new things\n|c|\u2606RamsnNa|Fair enough, that\u2019s why Typhlosion is here today too lol\n|l| mark smogon\n|\n|t:|1699027279\n|start\n|switch|p1a: go birds|Mandibuzz, F, shiny|100\/100\n|switch|p2a: King K. Rool|Krookodile, M|100\/100\n|turn|1\n|\n|t:|1699027290\n|move|p2a: King K. Rool|Knock Off|p1a: go birds\n|-resisted|p1a: go birds\n|-damage|p1a: go birds|82\/100\n|-enditem|p1a: go birds|Heavy-Duty Boots|[from] move: Knock Off|[of] p2a: King K. Rool\n|-damage|p2a: King K. Rool|91\/100|[from] item: Life Orb\n|move|p1a: go birds|Knock Off|p2a: King K. Rool\n|-resisted|p2a: King K. Rool\n|-damage|p2a: King K. Rool|76\/100\n|-enditem|p2a: King K. Rool|Life Orb|[from] move: Knock Off|[of] p1a: go birds\n|\n|upkeep\n|turn|2\n|c|\u2606dabidoodaa|LMAO\n|j| Jrawr\n|c|\u2606RamsnNa|Double knock offs lmao\n|c|\u2606RamsnNa|love it\n|\n|t:|1699027330\n|switch|p1a: Ninetales|Ninetales-Alola, M|100\/100\n|-weather|Snow|[from] ability: Snow Warning|[of] p1a: Ninetales\n|move|p2a: King K. Rool|Bulk Up|p2a: King K. Rool\n|-boost|p2a: King K. Rool|atk|1\n|-boost|p2a: King K. Rool|def|1\n|\n|-weather|Snow|[upkeep]\n|upkeep\n|turn|3\n|\n|t:|1699027361\n|switch|p2a: Young Money|Gholdengo|100\/100\n|move|p1a: Ninetales|Aurora Veil|p1a: Ninetales\n|-sidestart|p1: dabidoodaa|move: Aurora Veil\n|\n|-weather|Snow|[upkeep]\n|upkeep\n|turn|4\n|l| Jrawr\n|l|\u2606RamsnNa\n|player|p2|\n|j|\u2606RamsnNa\n|player|p2|RamsnNa|101\n|\n|t:|1699027426\n|switch|p1a: Pyroar|Pyroar, M|100\/100\n|-ability|p1a: Pyroar|Unnerve\n|move|p2a: Young Money|Make It Rain|p1a: Pyroar\n|-resisted|p1a: Pyroar\n|-damage|p1a: Pyroar|75\/100\n|-unboost|p2a: Young Money|spa|1\n|\n|-weather|Snow|[upkeep]\n|upkeep\n|turn|5\n|\n|t:|1699027449\n|switch|p2a: Happy Halloween|Gengar, M|100\/100\n|move|p1a: Pyroar|Flamethrower|p2a: Happy Halloween\n|-damage|p2a: Happy Halloween|46\/100\n|-start|p1a: Pyroar|Disable|Flamethrower|[from] ability: Cursed Body|[of] p2a: Happy Halloween\n|\n|-weather|Snow|[upkeep]\n|upkeep\n|turn|6\n|j| Jrawr\n|\n|t:|1699027473\n|move|p2a: Happy Halloween|Thunder Wave|p1a: Pyroar\n|-status|p1a: Pyroar|par\n|cant|p1a: Pyroar|par\n|\n|-weather|none\n|upkeep\n|turn|7\n|\n|t:|1699027483\n|switch|p2a: Magickarp|Gyarados, F|100\/100\n|move|p1a: Pyroar|Dark Pulse|p2a: Magickarp\n|-damage|p2a: Magickarp|75\/100\n|\n|upkeep\n|turn|8\n|\n|t:|1699027507\n|switch|p1a: big mama|Goodra, M|100\/100\n|move|p2a: Magickarp|Dragon Dance|p2a: Magickarp\n|-boost|p2a: Magickarp|atk|1\n|-boost|p2a: Magickarp|spe|1\n|\n|upkeep\n|turn|9\n|\n|t:|1699027525\n|switch|p2a: King K. Rool|Krookodile, M|76\/100\n|move|p1a: big mama|Thunderbolt|p2a: King K. Rool\n|-immune|p2a: King K. Rool\n|\n|upkeep\n|turn|10\n|\n|t:|1699027533\n|switch|p1a: Ninetales|Ninetales-Alola, M|100\/100\n|-weather|Snow|[from] ability: Snow Warning|[of] p1a: Ninetales\n|move|p2a: King K. Rool|Double-Edge|p1a: Ninetales\n|-damage|p1a: Ninetales|81\/100\n|-damage|p2a: King K. Rool|71\/100|[from] Recoil\n|\n|-weather|Snow|[upkeep]\n|-sideend|p1: dabidoodaa|move: Aurora Veil\n|upkeep\n|turn|11\n|l| Jrawr\n|\n|t:|1699027550\n|move|p1a: Ninetales|Aurora Veil|p1a: Ninetales\n|-sidestart|p1: dabidoodaa|move: Aurora Veil\n|move|p2a: King K. Rool|Knock Off|p1a: Ninetales\n|-resisted|p1a: Ninetales\n|-damage|p1a: Ninetales|69\/100\n|-enditem|p1a: Ninetales|Light Clay|[from] move: Knock Off|[of] p2a: King K. Rool\n|\n|-weather|Snow|[upkeep]\n|upkeep\n|turn|12\n|\n|t:|1699027568\n|move|p1a: Ninetales|Blizzard|p2a: King K. Rool\n|-supereffective|p2a: King K. Rool\n|-damage|p2a: King K. Rool|0 fnt\n|faint|p2a: King K. Rool\n|\n|-weather|Snow|[upkeep]\n|upkeep\n|\n|t:|1699027582\n|switch|p2a: Happy Halloween|Gengar, M|46\/100\n|turn|13\n|\n|t:|1699027614\n|move|p2a: Happy Halloween|Gunk Shot|p1a: Ninetales\n|-supereffective|p1a: Ninetales\n|-damage|p1a: Ninetales|45\/100\n|move|p1a: Ninetales|Psyshock|p2a: Happy Halloween\n|-supereffective|p2a: Happy Halloween\n|-damage|p2a: Happy Halloween|0 fnt\n|faint|p2a: Happy Halloween\n|\n|-weather|Snow|[upkeep]\n|upkeep\n|\n|t:|1699027630\n|switch|p2a: Young Money|Gholdengo|100\/100\n|turn|14\n|j| Jrawr\n|\n|t:|1699027665\n|switch|p1a: Pyroar|Pyroar, M|75\/100 par\n|-ability|p1a: Pyroar|Unnerve\n|move|p2a: Young Money|Trick|p1a: Pyroar\n|-activate|p2a: Young Money|move: Trick|[of] p1a: Pyroar\n|-item|p1a: Pyroar|Choice Scarf|[from] move: Trick\n|-item|p2a: Young Money|Heavy-Duty Boots|[from] move: Trick\n|\n|-weather|none\n|upkeep\n|turn|15\n|l| Jrawr\n|\n|t:|1699027693\n|switch|p2a: Flameo Hot-Man!|Typhlosion, F|100\/100\n|cant|p1a: Pyroar|par\n|\n|upkeep\n|turn|16\n|j| Jrawr\n|l| Jrawr\n|j| mark smogon\n|\n|t:|1699027758\n|switch|p1a: Enamorus|Enamorus-Therian, F|100\/100\n|move|p2a: Flameo Hot-Man!|Eruption|p1a: Enamorus\n|-damage|p1a: Enamorus|67\/100\n|\n|-heal|p1a: Enamorus|73\/100|[from] item: Leftovers\n|upkeep\n|turn|17\n|l| mark smogon\n|\n|t:|1699027779\n|move|p2a: Flameo Hot-Man!|Eruption|p1a: Enamorus\n|-damage|p1a: Enamorus|38\/100\n|move|p1a: Enamorus|Earth Power|p2a: Flameo Hot-Man!\n|-supereffective|p2a: Flameo Hot-Man!\n|-damage|p2a: Flameo Hot-Man!|8\/100\n|\n|-heal|p1a: Enamorus|44\/100|[from] item: Leftovers\n|upkeep\n|turn|18\n|j| mark smogon\n|\n|t:|1699027793\n|switch|p2a: Magickarp|Gyarados, F|75\/100\n|move|p1a: Enamorus|Earth Power|p2a: Magickarp\n|-immune|p2a: Magickarp\n|\n|-heal|p1a: Enamorus|50\/100|[from] item: Leftovers\n|-sideend|p1: dabidoodaa|move: Aurora Veil\n|upkeep\n|turn|19\n|j| Jrawr\n|l| mark smogon\n|\n|t:|1699027829\n|switch|p2a: Flameo Hot-Man!|Typhlosion, F|8\/100\n|switch|p1a: big mama|Goodra, M|100\/100\n|\n|upkeep\n|turn|20\n|l| Jrawr\n|j| mark smogon\n|\n|t:|1699027859\n|move|p2a: Flameo Hot-Man!|Blast Burn|p1a: big mama\n|-resisted|p1a: big mama\n|-damage|p1a: big mama|61\/100\n|-mustrecharge|p2a: Flameo Hot-Man!\n|move|p1a: big mama|Scald|p2a: Flameo Hot-Man!\n|-supereffective|p2a: Flameo Hot-Man!\n|-damage|p2a: Flameo Hot-Man!|0 fnt\n|faint|p2a: Flameo Hot-Man!\n|\n|upkeep\n|j| Jrawr\n|\n|t:|1699027880\n|switch|p2a: Salvatore|Salamence, F|100\/100\n|turn|21\n|l| Jrawr\n|\n|t:|1699027912\n|switch|p1a: galmora|Glimmora, M|100\/100\n|move|p2a: Salvatore|Dragon Dance|p2a: Salvatore\n|-boost|p2a: Salvatore|atk|1\n|-boost|p2a: Salvatore|spe|1\n|\n|upkeep\n|turn|22\n|\n|t:|1699027919\n|move|p2a: Salvatore|Earthquake|p1a: galmora\n|-supereffective|p1a: galmora\n|-enditem|p1a: galmora|Focus Sash\n|-damage|p1a: galmora|1\/100\n|-activate|p1a: galmora|ability: Toxic Debris\n|-sidestart|p2: RamsnNa|move: Toxic Spikes\n|-damage|p2a: Salvatore|91\/100|[from] item: Life Orb\n|move|p1a: galmora|Power Gem|p2a: Salvatore\n|-supereffective|p2a: Salvatore\n|-damage|p2a: Salvatore|0 fnt\n|faint|p2a: Salvatore\n|\n|upkeep\n|\n|t:|1699027950\n|switch|p2a: Young Money|Gholdengo|100\/100\n|turn|23\n|\n|t:|1699027973\n|move|p1a: galmora|Earth Power|p2a: Young Money\n|-supereffective|p2a: Young Money\n|-damage|p2a: Young Money|33\/100\n|move|p2a: Young Money|Shadow Ball|p1a: galmora\n|-damage|p1a: galmora|0 fnt\n|faint|p1a: galmora\n|\n|upkeep\n|c|\u2606RamsnNa|We got a kill!!\n|\n|t:|1699027994\n|switch|p1a: Ninetales|Ninetales-Alola, M|45\/100\n|-weather|Snow|[from] ability: Snow Warning|[of] p1a: Ninetales\n|turn|24\n|\n|t:|1699028002\n|move|p1a: Ninetales|Blizzard|p2a: Young Money\n|-resisted|p2a: Young Money\n|-damage|p2a: Young Money|6\/100\n|move|p2a: Young Money|Make It Rain|p1a: Ninetales\n|-supereffective|p1a: Ninetales\n|-damage|p1a: Ninetales|0 fnt\n|-unboost|p2a: Young Money|spa|1\n|faint|p1a: Ninetales\n|\n|-weather|Snow|[upkeep]\n|upkeep\n|\n|t:|1699028016\n|switch|p1a: Pyroar|Pyroar, M|75\/100 par\n|-ability|p1a: Pyroar|Unnerve\n|turn|25\n|\n|t:|1699028035\n|move|p2a: Young Money|Shadow Ball|p1a: Pyroar\n|-immune|p1a: Pyroar\n|move|p1a: Pyroar|Flamethrower|p2a: Young Money\n|-supereffective|p2a: Young Money\n|-damage|p2a: Young Money|0 fnt\n|faint|p2a: Young Money\n|\n|-weather|Snow|[upkeep]\n|upkeep\n|\n|t:|1699028040\n|switch|p2a: Magickarp|Gyarados, F|75\/100\n|turn|26\n|j| Jrawr\n|\n|t:|1699028091\n|switch|p1a: go birds|Mandibuzz, F, shiny|82\/100\n|move|p2a: Magickarp|Dragon Dance|p2a: Magickarp\n|-boost|p2a: Magickarp|atk|1\n|-boost|p2a: Magickarp|spe|1\n|\n|-weather|Snow|[upkeep]\n|upkeep\n|turn|27\n|\n|t:|1699028102\n|move|p2a: Magickarp|Stone Edge|p1a: go birds\n|-supereffective|p1a: go birds\n|-crit|p1a: go birds\n|-damage|p1a: go birds|0 fnt\n|faint|p1a: go birds\n|-ability|p2a: Magickarp|Moxie|boost\n|-boost|p2a: Magickarp|atk|1\n|-damage|p2a: Magickarp|65\/100|[from] item: Life Orb\n|\n|-weather|Snow|[upkeep]\n|upkeep\n|\n|t:|1699028110\n|switch|p1a: Enamorus|Enamorus-Therian, F|50\/100\n|turn|28\n|\n|t:|1699028116\n|move|p2a: Magickarp|Waterfall|p1a: Enamorus\n|-damage|p1a: Enamorus|0 fnt\n|faint|p1a: Enamorus\n|-ability|p2a: Magickarp|Moxie|boost\n|-boost|p2a: Magickarp|atk|1\n|-damage|p2a: Magickarp|55\/100|[from] item: Life Orb\n|\n|-weather|none\n|upkeep\n|\n|t:|1699028123\n|switch|p1a: Pyroar|Pyroar, M|75\/100 par\n|-ability|p1a: Pyroar|Unnerve\n|turn|29\n|\n|t:|1699028128\n|-terastallize|p1a: Pyroar|Grass\n|move|p2a: Magickarp|Waterfall|p1a: Pyroar\n|-resisted|p1a: Pyroar\n|-damage|p1a: Pyroar|0 fnt\n|faint|p1a: Pyroar\n|-ability|p2a: Magickarp|Moxie|boost\n|-boost|p2a: Magickarp|atk|1\n|-damage|p2a: Magickarp|45\/100|[from] item: Life Orb\n|\n|upkeep\n|\n|t:|1699028136\n|switch|p1a: big mama|Goodra, M|61\/100\n|turn|30\n|\n|t:|1699028140\n|move|p1a: big mama|Thunderbolt|p2a: Magickarp\n|-supereffective|p2a: Magickarp\n|-damage|p2a: Magickarp|0 fnt\n|faint|p2a: Magickarp\n|\n|win|dabidoodaa\n|c|\u2606dabidoodaa|OOF\n|c|\u2606dabidoodaa|gg\n|c|\u2606RamsnNa|OOF\n|c|\u2606RamsnNa|i really thought for a sec\n","uploadtime":1699028158,"views":26,"p1id":"dabidoodaa","p2id":"ramsnna","formatid":"gen9ubers","rating":0,"private":0,"password":""}