{"id":"gen9ubers-1990843811","p1":"Azie Zar'nia","p2":"SKnot_","format":"[Gen 9] Ubers","log":"|j|\u2606Azie Zar'nia\n|j|\u2606SKnot_\n|t:|1700006716\n|gametype|singles\n|player|p1|Azie Zar'nia|cynthia|1040\n|player|p2|SKnot_|steven|1092\n|teamsize|p1|6\n|teamsize|p2|6\n|gen|9\n|tier|[Gen 9] Ubers\n|rated|\n|rule|Sleep Clause Mod: Limit one foe put to sleep\n|rule|Species Clause: Limit one of each Pok\u00e9mon\n|rule|OHKO Clause: OHKO moves are banned\n|rule|Evasion Items Clause: Evasion items are banned\n|rule|Evasion Moves Clause: Evasion moves are banned\n|rule|Endless Battle Clause: Forcing endless battles is banned\n|rule|HP Percentage Mod: HP is shown in percentages\n|clearpoke\n|poke|p1|Miraidon|\n|poke|p1|Iron Valiant|\n|poke|p1|Iron Leaves|\n|poke|p1|Iron Hands|\n|poke|p1|Iron Bundle|\n|poke|p1|Iron Moth|\n|poke|p2|Gliscor, M|\n|poke|p2|Volcarona, F|\n|poke|p2|Garganacl, F|\n|poke|p2|Mewtwo|\n|poke|p2|Heatran, F|\n|poke|p2|Clefable, M|\n|teampreview\n|inactive|Battle timer is ON: inactive players will automatically lose when time's up. (requested by SKnot_)\n|\n|t:|1700006724\n|start\n|switch|p1a: Miraidon|Miraidon|100\/100\n|switch|p2a: Clefable|Clefable, M|100\/100\n|-fieldstart|move: Electric Terrain|[from] ability: Hadron Engine|[of] p1a: Miraidon\n|turn|1\n|\n|t:|1700006732\n|move|p1a: Miraidon|Flash Cannon|p2a: Clefable\n|-supereffective|p2a: Clefable\n|-damage|p2a: Clefable|39\/100\n|-unboost|p2a: Clefable|spd|1\n|move|p2a: Clefable|Calm Mind|p2a: Clefable\n|-boost|p2a: Clefable|spa|1\n|-boost|p2a: Clefable|spd|1\n|\n|-heal|p2a: Clefable|45\/100|[from] item: Leftovers\n|upkeep\n|turn|2\n|\n|t:|1700006747\n|switch|p2a: Heatran|Heatran, F|100\/100\n|-item|p2a: Heatran|Air Balloon\n|move|p1a: Miraidon|Flash Cannon|p2a: Heatran\n|-resisted|p2a: Heatran\n|-damage|p2a: Heatran|94\/100\n|-enditem|p2a: Heatran|Air Balloon\n|\n|upkeep\n|turn|3\n|\n|t:|1700006759\n|move|p1a: Miraidon|Thunder Wave|p2a: Heatran\n|-status|p2a: Heatran|par\n|cant|p2a: Heatran|par\n|\n|upkeep\n|turn|4\n|\n|t:|1700006767\n|-terastallize|p1a: Miraidon|Electric\n|move|p1a: Miraidon|Electro Drift|p2a: Heatran\n|-damage|p2a: Heatran|0 fnt\n|faint|p2a: Heatran\n|\n|upkeep\n|\n|t:|1700006777\n|switch|p2a: Gliscor|Gliscor, M, shiny|100\/100\n|turn|5\n|\n|t:|1700006803\n|switch|p1a: Iron Moth|Iron Moth|100\/100\n|-activate|p1a: Iron Moth|ability: Quark Drive\n|-start|p1a: Iron Moth|quarkdrivespa\n|move|p2a: Gliscor|Toxic|p1a: Iron Moth\n|-immune|p1a: Iron Moth\n|\n|-fieldend|move: Electric Terrain\n|-end|p1a: Iron Moth|Quark Drive\n|-status|p2a: Gliscor|tox|[from] item: Toxic Orb\n|upkeep\n|turn|6\n|\n|t:|1700006814\n|move|p1a: Iron Moth|Heat Wave|p2a: Gliscor\n|-damage|p2a: Gliscor|33\/100 tox\n|move|p2a: Gliscor|Earthquake|p1a: Iron Moth\n|-supereffective|p1a: Iron Moth\n|-damage|p1a: Iron Moth|0 fnt\n|faint|p1a: Iron Moth\n|-end|p1a: Iron Moth|Quark Drive|[silent]\n|\n|-heal|p2a: Gliscor|45\/100 tox|[from] ability: Poison Heal\n|upkeep\n|inactive|Azie Zar'nia has 120 seconds left.\n|\n|t:|1700006826\n|switch|p1a: Miraidon|Miraidon, tera:Electric|100\/100\n|-fieldstart|move: Electric Terrain|[from] ability: Hadron Engine|[of] p1a: Miraidon\n|turn|7\n|\n|t:|1700006831\n|move|p2a: Gliscor|Protect|p2a: Gliscor\n|-singleturn|p2a: Gliscor|Protect\n|move|p1a: Miraidon|Flash Cannon|p2a: Gliscor\n|-activate|p2a: Gliscor|move: Protect\n|\n|-heal|p2a: Gliscor|58\/100 tox|[from] ability: Poison Heal\n|upkeep\n|turn|8\n|\n|t:|1700006841\n|move|p1a: Miraidon|Flash Cannon|p2a: Gliscor\n|-damage|p2a: Gliscor|24\/100 tox\n|move|p2a: Gliscor|Earthquake|p1a: Miraidon\n|-supereffective|p1a: Miraidon\n|-damage|p1a: Miraidon|40\/100\n|\n|-heal|p2a: Gliscor|36\/100 tox|[from] ability: Poison Heal\n|upkeep\n|turn|9\n|\n|t:|1700006849\n|move|p2a: Gliscor|Protect|p2a: Gliscor\n|-singleturn|p2a: Gliscor|Protect\n|move|p1a: Miraidon|Flash Cannon|p2a: Gliscor\n|-activate|p2a: Gliscor|move: Protect\n|\n|-heal|p2a: Gliscor|49\/100 tox|[from] ability: Poison Heal\n|upkeep\n|turn|10\n|\n|t:|1700006870\n|move|p2a: Gliscor|Protect||[still]\n|-fail|p2a: Gliscor\n|move|p1a: Miraidon|Flash Cannon|p2a: Gliscor\n|-crit|p2a: Gliscor\n|-damage|p2a: Gliscor|0 fnt\n|faint|p2a: Gliscor\n|\n|upkeep\n|\n|t:|1700006880\n|switch|p2a: Mewtwo|Mewtwo|100\/100\n|-ability|p2a: Mewtwo|Pressure\n|turn|11\n|\n|t:|1700006892\n|move|p1a: Miraidon|Electro Drift|p2a: Mewtwo\n|-damage|p2a: Mewtwo|0 fnt\n|faint|p2a: Mewtwo\n|\n|-fieldend|move: Electric Terrain\n|upkeep\n|\n|t:|1700006903\n|switch|p2a: Volcarona|Volcarona, F|100\/100\n|turn|12\n|\n|t:|1700006912\n|switch|p1a: Iron Hands|Iron Hands|100\/100\n|move|p2a: Volcarona|Bug Buzz|p1a: Iron Hands\n|-resisted|p1a: Iron Hands\n|-damage|p1a: Iron Hands|83\/100\n|\n|upkeep\n|turn|13\n|\n|t:|1700006922\n|move|p1a: Iron Hands|Fake Out|p2a: Volcarona\n|-damage|p2a: Volcarona|84\/100\n|cant|p2a: Volcarona|flinch\n|\n|upkeep\n|turn|14\n|\n|t:|1700006927\n|switch|p2a: Clefable|Clefable, M|45\/100\n|move|p1a: Iron Hands|Thunder Punch|p2a: Clefable\n|-damage|p2a: Clefable|0 fnt\n|faint|p2a: Clefable\n|\n|upkeep\n|\n|t:|1700006935\n|switch|p2a: Garganacl|Garganacl, F|100\/100\n|turn|15\n|\n|t:|1700006940\n|move|p1a: Iron Hands|Earthquake|p2a: Garganacl\n|-supereffective|p2a: Garganacl\n|-damage|p2a: Garganacl|57\/100\n|move|p2a: Garganacl|Curse|p2a: Garganacl\n|-unboost|p2a: Garganacl|spe|1\n|-boost|p2a: Garganacl|atk|1\n|-boost|p2a: Garganacl|def|1\n|\n|-heal|p2a: Garganacl|63\/100|[from] item: Leftovers\n|upkeep\n|turn|16\n|\n|t:|1700006950\n|move|p1a: Iron Hands|Close Combat|p2a: Garganacl\n|-supereffective|p2a: Garganacl\n|-damage|p2a: Garganacl|14\/100\n|-unboost|p1a: Iron Hands|def|1\n|-unboost|p1a: Iron Hands|spd|1\n|move|p2a: Garganacl|Recover|p2a: Garganacl\n|-heal|p2a: Garganacl|64\/100\n|\n|-heal|p2a: Garganacl|70\/100|[from] item: Leftovers\n|upkeep\n|turn|17\n|\n|t:|1700006968\n|move|p1a: Iron Hands|Close Combat|p2a: Garganacl\n|-supereffective|p2a: Garganacl\n|-damage|p2a: Garganacl|20\/100\n|-unboost|p1a: Iron Hands|def|1\n|-unboost|p1a: Iron Hands|spd|1\n|move|p2a: Garganacl|Salt Cure|p1a: Iron Hands\n|-resisted|p1a: Iron Hands\n|-damage|p1a: Iron Hands|70\/100\n|-start|p1a: Iron Hands|Salt Cure\n|\n|-heal|p2a: Garganacl|26\/100|[from] item: Leftovers\n|-damage|p1a: Iron Hands|58\/100|[from] Salt Cure\n|upkeep\n|turn|18\n|inactive|SKnot_ has 120 seconds left.\n|\n|t:|1700007001\n|move|p1a: Iron Hands|Close Combat|p2a: Garganacl\n|-supereffective|p2a: Garganacl\n|-damage|p2a: Garganacl|0 fnt\n|-unboost|p1a: Iron Hands|def|1\n|-unboost|p1a: Iron Hands|spd|1\n|faint|p2a: Garganacl\n|\n|-damage|p1a: Iron Hands|45\/100|[from] Salt Cure\n|upkeep\n|inactive|SKnot_ has 90 seconds left.\n|\n|t:|1700007040\n|switch|p2a: Volcarona|Volcarona, F|84\/100\n|turn|19\n|\n|t:|1700007045\n|move|p2a: Volcarona|Flamethrower|p1a: Iron Hands\n|-damage|p1a: Iron Hands|0 fnt\n|faint|p1a: Iron Hands\n|-end|p1a: Iron Hands|Quark Drive|[silent]\n|\n|upkeep\n|\n|t:|1700007055\n|switch|p1a: Miraidon|Miraidon, tera:Electric|40\/100\n|-fieldstart|move: Electric Terrain|[from] ability: Hadron Engine|[of] p1a: Miraidon\n|turn|20\n|inactive|SKnot_ has 90 seconds left.\n|inactive|SKnot_ has 60 seconds left.\n|inactive|SKnot_ has 30 seconds left.\n|inactive|SKnot_ has 20 seconds left.\n|inactive|SKnot_ has 15 seconds left.\n|\n|t:|1700007151\n|move|p1a: Miraidon|Electro Drift|p2a: Volcarona\n|-damage|p2a: Volcarona|0 fnt\n|faint|p2a: Volcarona\n|\n|win|Azie Zar'nia\n|inactive|SKnot_ has 20 seconds left this turn.\n|raw|Azie Zar&apos;nia's rating: 1040 &rarr; <strong>1079<\/strong><br \/>(+39 for winning)\n|raw|SKnot_'s rating: 1092 &rarr; <strong>1065<\/strong><br \/>(-27 for losing)\n|l|\u2606SKnot_\n","uploadtime":1700007168,"views":7,"p1id":"aziezarnia","p2id":"sknot","formatid":"gen9ubers","rating":1065,"private":0,"password":""}