{"id":"gen9ubers-1994503122","p1":"mewtwoYIloveyou","p2":"PepinilloGuy","format":"[Gen 9] Ubers","log":"|j|\u2606mewtwoYIloveyou\n|j|\u2606PepinilloGuy\n|t:|1700451618\n|gametype|singles\n|player|p1|mewtwoYIloveyou|red|1154\n|player|p2|PepinilloGuy|red|1090\n|teamsize|p1|6\n|teamsize|p2|6\n|gen|9\n|tier|[Gen 9] Ubers\n|rated|\n|rule|Sleep Clause Mod: Limit one foe put to sleep\n|rule|Species Clause: Limit one of each Pok\u00e9mon\n|rule|OHKO Clause: OHKO moves are banned\n|rule|Evasion Items Clause: Evasion items are banned\n|rule|Evasion Moves Clause: Evasion moves are banned\n|rule|Endless Battle Clause: Forcing endless battles is banned\n|rule|HP Percentage Mod: HP is shown in percentages\n|clearpoke\n|poke|p1|Chi-Yu|\n|poke|p1|Koraidon|\n|poke|p1|Arceus-Ground|\n|poke|p1|Flutter Mane|\n|poke|p1|Palafin, M|\n|poke|p1|Mewtwo|\n|poke|p2|Palafin, M|\n|poke|p2|Cyclizar, F|\n|poke|p2|Magearna|\n|poke|p2|Chi-Yu|\n|poke|p2|Espathra, M|\n|poke|p2|Sneasler, F|\n|teampreview\n|inactive|Battle timer is ON: inactive players will automatically lose when time's up. (requested by mewtwoYIloveyou)\n|c|\u2606mewtwoYIloveyou|isn't shed tail banned\n|c|\u2606PepinilloGuy|from ou\n|\n|t:|1700451647\n|start\n|switch|p1a: Koraidon|Koraidon|100\/100\n|switch|p2a: Palafin|Palafin, M|100\/100\n|-weather|SunnyDay|[from] ability: Orichalcum Pulse|[of] p1a: Koraidon\n|-activate|p1a: Koraidon|Orichalcum Pulse|[source]\n|turn|1\n|\n|t:|1700451654\n|move|p1a: Koraidon|Collision Course|p2a: Palafin\n|-damage|p2a: Palafin|0 fnt\n|faint|p2a: Palafin\n|\n|-weather|SunnyDay|[upkeep]\n|upkeep\n|\n|t:|1700451661\n|switch|p2a: Magearna|Magearna|100\/100\n|turn|2\n|\n|t:|1700451668\n|-terastallize|p2a: Magearna|Water\n|move|p1a: Koraidon|Collision Course|p2a: Magearna\n|-damage|p2a: Magearna|29\/100\n|move|p2a: Magearna|Shift Gear|p2a: Magearna\n|-boost|p2a: Magearna|spe|2\n|-boost|p2a: Magearna|atk|1\n|\n|-weather|SunnyDay|[upkeep]\n|-heal|p2a: Magearna|35\/100|[from] item: Leftovers\n|upkeep\n|turn|3\n|\n|t:|1700451683\n|move|p1a: Koraidon|Collision Course|p2a: Magearna\n|-damage|p2a: Magearna|0 fnt\n|faint|p2a: Magearna\n|\n|-weather|SunnyDay|[upkeep]\n|upkeep\n|\n|t:|1700451688\n|switch|p2a: Espathra|Espathra, M|100\/100\n|turn|4\n|\n|t:|1700451692\n|switch|p1a: Chi-Yu|Chi-Yu|100\/100\n|-ability|p1a: Chi-Yu|Beads of Ruin\n|move|p2a: Espathra|Protect||[still]\n|-fail|p2a: Espathra\n|\n|-weather|SunnyDay|[upkeep]\n|-ability|p2a: Espathra|Speed Boost|boost\n|-boost|p2a: Espathra|spe|1\n|upkeep\n|turn|5\n|\n|t:|1700451697\n|move|p1a: Chi-Yu|Dark Pulse|p2a: Espathra\n|-supereffective|p2a: Espathra\n|-damage|p2a: Espathra|0 fnt\n|faint|p2a: Espathra\n|\n|-weather|none\n|upkeep\n|\n|t:|1700451702\n|switch|p2a: Sneasler|Sneasler, F|100\/100\n|turn|6\n|\n|t:|1700451704\n|switch|p1a: Flutter Mane|Flutter Mane|100\/100\n|move|p2a: Sneasler|Fake Out|p1a: Flutter Mane\n|-immune|p1a: Flutter Mane\n|\n|upkeep\n|turn|7\n|\n|t:|1700451711\n|switch|p2a: Cyclizar|Cyclizar, F|100\/100\n|move|p1a: Flutter Mane|Psyshock|p2a: Cyclizar\n|-damage|p2a: Cyclizar|42\/100\n|\n|upkeep\n|turn|8\n|\n|t:|1700451716\n|move|p1a: Flutter Mane|Psyshock|p2a: Cyclizar\n|-damage|p2a: Cyclizar|0 fnt\n|faint|p2a: Cyclizar\n|\n|upkeep\n|\n|t:|1700451722\n|switch|p2a: Chi-Yu|Chi-Yu|100\/100\n|-ability|p2a: Chi-Yu|Beads of Ruin\n|turn|9\n|\n|t:|1700451726\n|-end|p1a: Flutter Mane|Protosynthesis|[silent]\n|switch|p1a: Arceus|Arceus-Ground|100\/100\n|move|p2a: Chi-Yu|Dark Pulse|p1a: Arceus\n|-damage|p1a: Arceus|56\/100\n|\n|upkeep\n|turn|10\n|\n|t:|1700451732\n|move|p2a: Chi-Yu|Dark Pulse|p1a: Arceus\n|-damage|p1a: Arceus|5\/100\n|move|p1a: Arceus|Earthquake|p2a: Chi-Yu\n|-supereffective|p2a: Chi-Yu\n|-damage|p2a: Chi-Yu|0 fnt\n|faint|p2a: Chi-Yu\n|\n|upkeep\n|\n|t:|1700451736\n|switch|p2a: Sneasler|Sneasler, F|100\/100\n|turn|11\n|\n|t:|1700451740\n|switch|p1a: Mewtwo|Mewtwo|100\/100\n|-ability|p1a: Mewtwo|Pressure\n|move|p2a: Sneasler|Fake Out|p1a: Mewtwo\n|-enditem|p2a: Sneasler|Normal Gem|[from] gem\n|-damage|p1a: Mewtwo|81\/100\n|\n|upkeep\n|turn|12\n|\n|t:|1700451746\n|move|p2a: Sneasler|Dire Claw|p1a: Mewtwo\n|-damage|p1a: Mewtwo|29\/100\n|move|p1a: Mewtwo|Psystrike|p2a: Sneasler\n|-supereffective|p2a: Sneasler\n|-damage|p2a: Sneasler|0 fnt\n|faint|p2a: Sneasler\n|-damage|p1a: Mewtwo|19\/100|[from] item: Life Orb\n|\n|win|mewtwoYIloveyou\n|raw|mewtwoYIloveyou's rating: 1154 &rarr; <strong>1174<\/strong><br \/>(+20 for winning)\n|raw|PepinilloGuy's rating: 1090 &rarr; <strong>1071<\/strong><br \/>(-19 for losing)\n|c|\u2606PepinilloGuy|wpgg\n|c|\u2606mewtwoYIloveyou|gg\n|c|\u2606mewtwoYIloveyou|u cooked\n|c|\u2606PepinilloGuy|I got cooked lmao\n|l|\u2606PepinilloGuy\n","uploadtime":1700451765,"views":14,"p1id":"mewtwoyiloveyou","p2id":"pepinilloguy","formatid":"gen9ubers","rating":1071,"private":0,"password":""}