{"id":"gen9ubers-1982046658","p1":"mmputclo","p2":"Jumilapipe RPPLF","format":"[Gen 9] Ubers","log":"|j|\u2606mmputclo\n|j|\u2606Jumilapipe RPPLF\n|t:|1698962597\n|gametype|singles\n|player|p1|mmputclo|marshal|1099\n|player|p2|Jumilapipe RPPLF|backers|1155\n|teamsize|p1|6\n|teamsize|p2|6\n|gen|9\n|tier|[Gen 9] Ubers\n|rated|\n|rule|Sleep Clause Mod: Limit one foe put to sleep\n|rule|Species Clause: Limit one of each Pok\u00e9mon\n|rule|OHKO Clause: OHKO moves are banned\n|rule|Evasion Items Clause: Evasion items are banned\n|rule|Evasion Moves Clause: Evasion moves are banned\n|rule|Endless Battle Clause: Forcing endless battles is banned\n|rule|HP Percentage Mod: HP is shown in percentages\n|clearpoke\n|poke|p1|Groudon|\n|poke|p1|Mandibuzz, F|\n|poke|p1|Toxapex, F|\n|poke|p1|Kyogre|\n|poke|p1|Goodra-Hisui, F|\n|poke|p1|Florges-White, F|\n|poke|p2|Ampharos, F|\n|poke|p2|Toxicroak, M|\n|poke|p2|Bruxish, F|\n|poke|p2|Chimecho, F|\n|poke|p2|Articuno|\n|poke|p2|Tauros-Paldea-Combat, M|\n|teampreview\n|\n|t:|1698962636\n|start\n|switch|p1a: Groudon|Groudon|100\/100\n|switch|p2a: Topalavachette|Tauros-Paldea-Combat, M|100\/100\n|-ability|p2a: Topalavachette|Intimidate|boost\n|-unboost|p1a: Groudon|atk|1\n|-weather|SunnyDay|[from] ability: Drought|[of] p1a: Groudon\n|turn|1\n|inactive|Battle timer is ON: inactive players will automatically lose when time's up. (requested by Jumilapipe RPPLF)\n|\n|t:|1698962686\n|move|p2a: Topalavachette|Bulk Up|p2a: Topalavachette\n|-boost|p2a: Topalavachette|atk|1\n|-boost|p2a: Topalavachette|def|1\n|move|p1a: Groudon|Body Press|p2a: Topalavachette\n|-damage|p2a: Topalavachette|81\/100\n|\n|-weather|SunnyDay|[upkeep]\n|upkeep\n|turn|2\n|\n|t:|1698962694\n|switch|p1a: Toxapex|Toxapex, F|100\/100\n|move|p2a: Topalavachette|Bulk Up|p2a: Topalavachette\n|-boost|p2a: Topalavachette|atk|1\n|-boost|p2a: Topalavachette|def|1\n|\n|-weather|SunnyDay|[upkeep]\n|upkeep\n|turn|3\n|\n|t:|1698962700\n|move|p2a: Topalavachette|High Horsepower|p1a: Toxapex\n|-supereffective|p1a: Toxapex\n|-damage|p1a: Toxapex|35\/100\n|move|p1a: Toxapex|Toxic|p2a: Topalavachette\n|-status|p2a: Topalavachette|tox\n|\n|-weather|SunnyDay|[upkeep]\n|-heal|p1a: Toxapex|42\/100|[from] item: Black Sludge\n|-damage|p2a: Topalavachette|75\/100 tox|[from] psn\n|upkeep\n|turn|4\n|\n|t:|1698962716\n|move|p1a: Toxapex|Baneful Bunker|p1a: Toxapex\n|-singleturn|p1a: Toxapex|move: Protect\n|move|p2a: Topalavachette|Bulk Up|p2a: Topalavachette\n|-boost|p2a: Topalavachette|atk|1\n|-boost|p2a: Topalavachette|def|1\n|\n|-weather|SunnyDay|[upkeep]\n|-heal|p1a: Toxapex|48\/100|[from] item: Black Sludge\n|-damage|p2a: Topalavachette|62\/100 tox|[from] psn\n|upkeep\n|turn|5\n|\n|t:|1698962732\n|switch|p1a: Mandibuzz|Mandibuzz, F|100\/100\n|move|p2a: Topalavachette|Bulk Up|p2a: Topalavachette\n|-boost|p2a: Topalavachette|atk|1\n|-boost|p2a: Topalavachette|def|1\n|\n|-weather|none\n|-damage|p2a: Topalavachette|43\/100 tox|[from] psn\n|upkeep\n|turn|6\n|\n|t:|1698962748\n|move|p2a: Topalavachette|Rest|p2a: Topalavachette\n|-status|p2a: Topalavachette|slp|[from] move: Rest\n|-heal|p2a: Topalavachette|100\/100 slp|[silent]\n|-enditem|p2a: Topalavachette|Chesto Berry|[eat]\n|-curestatus|p2a: Topalavachette|slp|[msg]\n|move|p1a: Mandibuzz|Foul Play|p2a: Topalavachette\n|-resisted|p2a: Topalavachette\n|-damage|p2a: Topalavachette|84\/100\n|\n|upkeep\n|turn|7\n|\n|t:|1698962759\n|move|p2a: Topalavachette|Raging Bull|p1a: Mandibuzz\n|-damage|p1a: Mandibuzz|36\/100\n|move|p1a: Mandibuzz|Toxic|p2a: Topalavachette\n|-status|p2a: Topalavachette|tox\n|\n|-heal|p1a: Mandibuzz|42\/100|[from] item: Leftovers\n|-damage|p2a: Topalavachette|78\/100 tox|[from] psn\n|upkeep\n|turn|8\n|\n|t:|1698962769\n|switch|p1a: Groudon|Groudon|100\/100\n|-weather|SunnyDay|[from] ability: Drought|[of] p1a: Groudon\n|move|p2a: Topalavachette|Raging Bull|p1a: Groudon\n|-damage|p1a: Groudon|51\/100\n|\n|-weather|SunnyDay|[upkeep]\n|-heal|p1a: Groudon|57\/100|[from] item: Leftovers\n|-damage|p2a: Topalavachette|66\/100 tox|[from] psn\n|upkeep\n|turn|9\n|\n|t:|1698962787\n|move|p2a: Topalavachette|Raging Bull|p1a: Groudon\n|-damage|p1a: Groudon|1\/100\n|move|p1a: Groudon|Heat Crash|p2a: Topalavachette\n|-damage|p2a: Topalavachette|46\/100 tox\n|\n|-weather|SunnyDay|[upkeep]\n|-heal|p1a: Groudon|7\/100|[from] item: Leftovers\n|-damage|p2a: Topalavachette|28\/100 tox|[from] psn\n|upkeep\n|turn|10\n|\n|t:|1698962796\n|switch|p1a: Toxapex|Toxapex, F|81\/100\n|move|p2a: Topalavachette|Rest|p2a: Topalavachette\n|-status|p2a: Topalavachette|slp|[from] move: Rest\n|-heal|p2a: Topalavachette|100\/100 slp|[silent]\n|\n|-weather|SunnyDay|[upkeep]\n|-heal|p1a: Toxapex|87\/100|[from] item: Black Sludge\n|upkeep\n|turn|11\n|\n|t:|1698962804\n|cant|p2a: Topalavachette|slp\n|move|p1a: Toxapex|Infestation|p2a: Topalavachette\n|-resisted|p2a: Topalavachette\n|-damage|p2a: Topalavachette|99\/100 slp\n|-activate|p2a: Topalavachette|move: Infestation|[of] p1a: Toxapex\n|\n|-weather|SunnyDay|[upkeep]\n|-heal|p1a: Toxapex|94\/100|[from] item: Black Sludge\n|-damage|p2a: Topalavachette|86\/100 slp|[from] move: Infestation|[partiallytrapped]\n|upkeep\n|turn|12\n|\n|t:|1698962815\n|cant|p2a: Topalavachette|slp\n|move|p1a: Toxapex|Infestation|p2a: Topalavachette\n|-resisted|p2a: Topalavachette\n|-damage|p2a: Topalavachette|85\/100 slp\n|\n|-weather|none\n|-heal|p1a: Toxapex|99\/100|[from] item: Black Sludge\n|-damage|p2a: Topalavachette|72\/100 slp|[from] move: Infestation|[partiallytrapped]\n|upkeep\n|turn|13\n|\n|t:|1698962828\n|move|p1a: Toxapex|Baneful Bunker|p1a: Toxapex\n|-singleturn|p1a: Toxapex|move: Protect\n|-curestatus|p2a: Topalavachette|slp|[msg]\n|move|p2a: Topalavachette|High Horsepower|p1a: Toxapex\n|-activate|p1a: Toxapex|move: Protect\n|-status|p2a: Topalavachette|psn\n|\n|-heal|p1a: Toxapex|100\/100|[from] item: Black Sludge\n|-damage|p2a: Topalavachette|60\/100 psn|[from] psn\n|-damage|p2a: Topalavachette|47\/100 psn|[from] move: Infestation|[partiallytrapped]\n|upkeep\n|turn|14\n|\n|t:|1698962840\n|switch|p1a: Groudon|Groudon|7\/100\n|-weather|SunnyDay|[from] ability: Drought|[of] p1a: Groudon\n|move|p2a: Topalavachette|Rest|p2a: Topalavachette\n|-status|p2a: Topalavachette|slp|[from] move: Rest\n|-heal|p2a: Topalavachette|100\/100 slp|[silent]\n|\n|-weather|SunnyDay|[upkeep]\n|-heal|p1a: Groudon|13\/100|[from] item: Leftovers\n|-end|p2a: Topalavachette|Infestation|[partiallytrapped]|[silent]\n|upkeep\n|turn|15\n|\n|t:|1698962852\n|cant|p2a: Topalavachette|slp\n|move|p1a: Groudon|Earthquake|p2a: Topalavachette\n|-damage|p2a: Topalavachette|84\/100 slp\n|\n|-weather|SunnyDay|[upkeep]\n|-heal|p1a: Groudon|20\/100|[from] item: Leftovers\n|upkeep\n|turn|16\n|\n|t:|1698962867\n|switch|p1a: Florges|Florges-White, F, shiny|100\/100\n|cant|p2a: Topalavachette|slp\n|\n|-weather|SunnyDay|[upkeep]\n|upkeep\n|turn|17\n|\n|t:|1698962874\n|-curestatus|p2a: Topalavachette|slp|[msg]\n|move|p2a: Topalavachette|High Horsepower|p1a: Florges\n|-damage|p1a: Florges|0 fnt\n|faint|p1a: Florges\n|\n|-weather|SunnyDay|[upkeep]\n|upkeep\n|-message|mmputclo forfeited.\n|\n|win|Jumilapipe RPPLF\n|raw|mmputclo's rating: 1099 &rarr; <strong>1078<\/strong><br \/>(-21 for losing)\n|raw|Jumilapipe RPPLF's rating: 1155 &rarr; <strong>1176<\/strong><br \/>(+21 for winning)\n|l|\u2606mmputclo\n","uploadtime":1698962891,"views":6,"p1id":"mmputclo","p2id":"jumilapiperpplf","formatid":"gen9ubers","rating":1078,"private":0,"password":""}