{"id":"gen9ubers-1993790236","p1":"SeraphZ\u2605","p2":"EG Jhonx","format":"[Gen 9] Ubers","log":"|j|\u2606SeraphZ\u2605\n|j|\u2606EG Jhonx\n|t:|1700357580\n|gametype|singles\n|player|p1|SeraphZ\u2605|#ptplivdazzlingdiancies|\n|player|p2|EG Jhonx|265|\n|teamsize|p1|6\n|teamsize|p2|6\n|gen|9\n|tier|[Gen 9] Ubers\n|rated|Tournament battle\n|rule|Sleep Clause Mod: Limit one foe put to sleep\n|rule|Species Clause: Limit one of each Pok\u00e9mon\n|rule|OHKO Clause: OHKO moves are banned\n|rule|Evasion Items Clause: Evasion items are banned\n|rule|Evasion Moves Clause: Evasion moves are banned\n|rule|Endless Battle Clause: Forcing endless battles is banned\n|rule|HP Percentage Mod: HP is shown in percentages\n|clearpoke\n|poke|p1|Miraidon|\n|poke|p1|Zacian-*|\n|poke|p1|Iron Bundle|\n|poke|p1|Landorus-Therian, M|\n|poke|p1|Giratina-Origin|\n|poke|p1|Koraidon|\n|poke|p2|Hatterene, F|\n|poke|p2|Corviknight, F|\n|poke|p2|Toxapex, M|\n|poke|p2|Ting-Lu|\n|poke|p2|Koraidon|\n|poke|p2|Chi-Yu|\n|teampreview\n|c|\u2606SeraphZ\u2605|hf\n|inactive|Battle timer is ON: inactive players will automatically lose when time's up. (requested by SeraphZ\u2605)\n|inactive|EG Jhonx has 120 seconds left.\n|inactive|EG Jhonx has 90 seconds left.\n|\n|t:|1700357694\n|start\n|switch|p1a: Miraidon|Miraidon|100\/100\n|switch|p2a: Koraidon|Koraidon|100\/100\n|-weather|SunnyDay|[from] ability: Orichalcum Pulse|[of] p2a: Koraidon\n|-activate|p2a: Koraidon|Orichalcum Pulse|[source]\n|-fieldstart|move: Electric Terrain|[from] ability: Hadron Engine|[of] p1a: Miraidon\n|turn|1\n|\n|t:|1700357702\n|switch|p2a: Hatterene|Hatterene, F|100\/100\n|switch|p1a: Landorus|Landorus-Therian, M|100\/100\n|-ability|p1a: Landorus|Intimidate|boost\n|-unboost|p2a: Hatterene|atk|1\n|\n|-weather|SunnyDay|[upkeep]\n|upkeep\n|turn|2\n|inactive|EG Jhonx has 120 seconds left.\n|inactive|EG Jhonx has 90 seconds left.\n|\n|t:|1700357768\n|move|p1a: Landorus|Earthquake|p2a: Hatterene\n|-damage|p2a: Hatterene|59\/100\n|move|p2a: Hatterene|Calm Mind|p2a: Hatterene\n|-boost|p2a: Hatterene|spa|1\n|-boost|p2a: Hatterene|spd|1\n|\n|-weather|SunnyDay|[upkeep]\n|-heal|p2a: Hatterene|65\/100|[from] item: Leftovers\n|upkeep\n|turn|3\n|\n|t:|1700357775\n|move|p1a: Landorus|U-turn|p2a: Hatterene\n|-damage|p2a: Hatterene|49\/100\n|\n|t:|1700357778\n|switch|p1a: Zacian|Zacian-Crowned|100\/100|[from] U-turn\n|-ability|p1a: Zacian|Intrepid Sword|boost\n|-boost|p1a: Zacian|atk|1\n|move|p2a: Hatterene|Draining Kiss|p1a: Zacian\n|-resisted|p1a: Zacian\n|-damage|p1a: Zacian|84\/100\n|-heal|p2a: Hatterene|62\/100|[from] drain|[of] p1a: Zacian\n|\n|-weather|SunnyDay|[upkeep]\n|-heal|p2a: Hatterene|68\/100|[from] item: Leftovers\n|upkeep\n|turn|4\n|inactive|EG Jhonx has 90 seconds left.\n|\n|t:|1700357793\n|move|p1a: Zacian|Substitute|p1a: Zacian\n|-start|p1a: Zacian|Substitute\n|-damage|p1a: Zacian|59\/100\n|move|p2a: Hatterene|Mystical Fire|p1a: Zacian\n|-supereffective|p1a: Zacian\n|-end|p1a: Zacian|Substitute\n|\n|-weather|SunnyDay|[upkeep]\n|-heal|p2a: Hatterene|74\/100|[from] item: Leftovers\n|upkeep\n|turn|5\n|inactive|EG Jhonx has 90 seconds left.\n|\n|t:|1700357799\n|switch|p2a: Toxapex|Toxapex, M|100\/100\n|move|p1a: Zacian|Behemoth Blade|p2a: Toxapex\n|-resisted|p2a: Toxapex\n|-damage|p2a: Toxapex|72\/100\n|-enditem|p2a: Toxapex|Eject Button\n|\n|t:|1700357803\n|switch|p2a: Koraidon|Koraidon|100\/100\n|-activate|p2a: Koraidon|ability: Orichalcum Pulse\n|\n|-weather|none\n|-fieldend|move: Electric Terrain\n|upkeep\n|turn|6\n|\n|t:|1700357807\n|switch|p1a: Landorus|Landorus-Therian, M|100\/100\n|-ability|p1a: Landorus|Intimidate|boost\n|-unboost|p2a: Koraidon|atk|1\n|move|p2a: Koraidon|U-turn|p1a: Landorus\n|-resisted|p1a: Landorus\n|-damage|p1a: Landorus|95\/100\n|-damage|p2a: Koraidon|84\/100|[from] item: Rocky Helmet|[of] p1a: Landorus\n|inactive|EG Jhonx has 90 seconds left.\n|\n|t:|1700357829\n|switch|p2a: Corviknight|Corviknight, F|100\/100|[from] U-turn\n|\n|upkeep\n|turn|7\n|\n|t:|1700357845\n|switch|p2a: Hatterene|Hatterene, F|74\/100\n|move|p1a: Landorus|Stealth Rock|p2a: Hatterene\n|move|p2a: Hatterene|Stealth Rock|p1a: Landorus|[from]ability: Magic Bounce\n|-sidestart|p1: SeraphZ\u2605|move: Stealth Rock\n|\n|-heal|p2a: Hatterene|80\/100|[from] item: Leftovers\n|upkeep\n|turn|8\n|inactive|EG Jhonx has 90 seconds left.\n|\n|t:|1700357884\n|move|p1a: Landorus|U-turn|p2a: Hatterene\n|-damage|p2a: Hatterene|62\/100\n|\n|t:|1700357893\n|switch|p1a: Zacian|Zacian-Crowned|59\/100|[from] U-turn\n|-damage|p1a: Zacian|53\/100|[from] Stealth Rock\n|move|p2a: Hatterene|Mystical Fire|p1a: Zacian\n|-supereffective|p1a: Zacian\n|-damage|p1a: Zacian|11\/100\n|-unboost|p1a: Zacian|spa|1\n|\n|-heal|p2a: Hatterene|68\/100|[from] item: Leftovers\n|upkeep\n|turn|9\n|\n|t:|1700357904\n|switch|p1a: Giratina|Giratina-Origin|100\/100\n|-damage|p1a: Giratina|88\/100|[from] Stealth Rock\n|switch|p2a: Toxapex|Toxapex, M|100\/100\n|\n|upkeep\n|turn|10\n|\n|t:|1700357910\n|move|p1a: Giratina|Defog|p2a: Toxapex\n|-unboost|p2a: Toxapex|evasion|1\n|-sideend|p1: SeraphZ\u2605|Stealth Rock|[from] move: Defog|[of] p1a: Giratina\n|move|p2a: Toxapex|Infestation|p1a: Giratina\n|-resisted|p1a: Giratina\n|-damage|p1a: Giratina|87\/100\n|-activate|p1a: Giratina|move: Infestation|[of] p2a: Toxapex\n|\n|-damage|p1a: Giratina|75\/100|[from] move: Infestation|[partiallytrapped]\n|upkeep\n|turn|11\n|\n|t:|1700357919\n|move|p1a: Giratina|Will-O-Wisp|p2a: Toxapex\n|-status|p2a: Toxapex|brn\n|move|p2a: Toxapex|Toxic Spikes|p1a: Giratina\n|-sidestart|p1: SeraphZ\u2605|move: Toxic Spikes\n|\n|-damage|p2a: Toxapex|95\/100 brn|[from] brn\n|-damage|p1a: Giratina|63\/100|[from] move: Infestation|[partiallytrapped]\n|upkeep\n|turn|12\n|\n|t:|1700357925\n|switch|p2a: Ting-Lu|Ting-Lu|100\/100\n|-ability|p2a: Ting-Lu|Vessel of Ruin\n|move|p1a: Giratina|Hex|p2a: Ting-Lu\n|-resisted|p2a: Ting-Lu\n|-damage|p2a: Ting-Lu|92\/100\n|\n|-heal|p2a: Ting-Lu|99\/100|[from] item: Leftovers\n|-end|p1a: Giratina|Infestation|[partiallytrapped]|[silent]\n|upkeep\n|turn|13\n|\n|t:|1700357931\n|switch|p2a: Chi-Yu|Chi-Yu|100\/100\n|-ability|p2a: Chi-Yu|Beads of Ruin\n|move|p1a: Giratina|Will-O-Wisp|p2a: Chi-Yu\n|-immune|p2a: Chi-Yu\n|\n|upkeep\n|turn|14\n|\n|t:|1700357941\n|-terastallize|p1a: Giratina|Fairy\n|move|p2a: Chi-Yu|Dark Pulse|p1a: Giratina\n|-resisted|p1a: Giratina\n|-damage|p1a: Giratina|35\/100\n|move|p1a: Giratina|Defog|p2a: Chi-Yu\n|-unboost|p2a: Chi-Yu|evasion|1\n|-sideend|p1: SeraphZ\u2605|Toxic Spikes|[from] move: Defog|[of] p1a: Giratina\n|\n|upkeep\n|turn|15\n|\n|t:|1700357948\n|switch|p2a: Corviknight|Corviknight, F|100\/100\n|move|p1a: Giratina|Draco Meteor|p2a: Corviknight\n|-resisted|p2a: Corviknight\n|-damage|p2a: Corviknight|74\/100\n|-unboost|p1a: Giratina|spa|2\n|\n|-heal|p2a: Corviknight|80\/100|[from] item: Leftovers\n|upkeep\n|turn|16\n|\n|t:|1700357953\n|switch|p1a: Landorus|Landorus-Therian, M|95\/100\n|-ability|p1a: Landorus|Intimidate|boost\n|-ability|p2a: Corviknight|Mirror Armor\n|-unboost|p1a: Landorus|atk|1\n|switch|p2a: Hatterene|Hatterene, F|68\/100\n|\n|-heal|p2a: Hatterene|74\/100|[from] item: Leftovers\n|upkeep\n|turn|17\n|\n|t:|1700357957\n|move|p1a: Landorus|Earthquake|p2a: Hatterene\n|-damage|p2a: Hatterene|47\/100\n|move|p2a: Hatterene|Draining Kiss|p1a: Landorus\n|-damage|p1a: Landorus|71\/100\n|-heal|p2a: Hatterene|68\/100|[from] drain|[of] p1a: Landorus\n|-damage|p2a: Hatterene|52\/100|[from] item: Rocky Helmet|[of] p1a: Landorus\n|\n|-heal|p2a: Hatterene|58\/100|[from] item: Leftovers\n|upkeep\n|turn|18\n|\n|t:|1700357963\n|move|p1a: Landorus|Earthquake|p2a: Hatterene\n|-damage|p2a: Hatterene|33\/100\n|move|p2a: Hatterene|Calm Mind|p2a: Hatterene\n|-boost|p2a: Hatterene|spa|1\n|-boost|p2a: Hatterene|spd|1\n|\n|-heal|p2a: Hatterene|39\/100|[from] item: Leftovers\n|upkeep\n|turn|19\n|\n|t:|1700357971\n|move|p1a: Landorus|U-turn|p2a: Hatterene\n|-damage|p2a: Hatterene|27\/100\n|\n|t:|1700357973\n|switch|p1a: Zacian|Zacian-Crowned|11\/100|[from] U-turn\n|move|p2a: Hatterene|Draining Kiss|p1a: Zacian\n|-resisted|p1a: Zacian\n|-damage|p1a: Zacian|0 fnt\n|-heal|p2a: Hatterene|35\/100|[from] drain|[of] p1a: Zacian\n|faint|p1a: Zacian\n|\n|-heal|p2a: Hatterene|41\/100|[from] item: Leftovers\n|upkeep\n|\n|t:|1700357975\n|switch|p1a: Koraidon|Koraidon|100\/100\n|-weather|SunnyDay|[from] ability: Orichalcum Pulse|[of] p1a: Koraidon\n|-activate|p1a: Koraidon|Orichalcum Pulse|[source]\n|turn|20\n|\n|t:|1700357981\n|move|p1a: Koraidon|U-turn|p2a: Hatterene\n|-damage|p2a: Hatterene|16\/100\n|\n|t:|1700357985\n|switch|p1a: Giratina|Giratina-Origin, tera:Fairy|35\/100|[from] U-turn\n|move|p2a: Hatterene|Draining Kiss|p1a: Giratina\n|-damage|p1a: Giratina|14\/100\n|-heal|p2a: Hatterene|41\/100|[from] drain|[of] p1a: Giratina\n|\n|-weather|SunnyDay|[upkeep]\n|-heal|p2a: Hatterene|47\/100|[from] item: Leftovers\n|upkeep\n|turn|21\n|c|\u2606EG Jhonx|lol\n|\n|t:|1700357993\n|move|p1a: Giratina|Hex|p2a: Hatterene\n|-supereffective|p2a: Hatterene\n|-damage|p2a: Hatterene|0 fnt\n|faint|p2a: Hatterene\n|\n|-weather|SunnyDay|[upkeep]\n|upkeep\n|\n|t:|1700357998\n|switch|p2a: Chi-Yu|Chi-Yu|100\/100\n|-ability|p2a: Chi-Yu|Beads of Ruin\n|turn|22\n|\n|t:|1700358006\n|move|p2a: Chi-Yu|Flamethrower|p1a: Giratina\n|-damage|p1a: Giratina|0 fnt\n|faint|p1a: Giratina\n|\n|-weather|SunnyDay|[upkeep]\n|upkeep\n|\n|t:|1700358008\n|switch|p1a: Koraidon|Koraidon|100\/100\n|-activate|p1a: Koraidon|ability: Orichalcum Pulse\n|turn|23\n|\n|t:|1700358013\n|switch|p2a: Koraidon|Koraidon|84\/100\n|-activate|p2a: Koraidon|ability: Orichalcum Pulse\n|move|p1a: Koraidon|Low Kick|p2a: Koraidon\n|-damage|p2a: Koraidon|8\/100\n|\n|-weather|SunnyDay|[upkeep]\n|upkeep\n|turn|24\n|\n|t:|1700358021\n|switch|p2a: Chi-Yu|Chi-Yu|100\/100\n|-ability|p2a: Chi-Yu|Beads of Ruin\n|switch|p1a: Landorus|Landorus-Therian, M|71\/100\n|-ability|p1a: Landorus|Intimidate|boost\n|-unboost|p2a: Chi-Yu|atk|1\n|\n|-weather|none\n|upkeep\n|turn|25\n|\n|t:|1700358029\n|switch|p1a: Koraidon|Koraidon|100\/100\n|-weather|SunnyDay|[from] ability: Orichalcum Pulse|[of] p1a: Koraidon\n|-activate|p1a: Koraidon|Orichalcum Pulse|[source]\n|move|p2a: Chi-Yu|Overheat|p1a: Koraidon\n|-resisted|p1a: Koraidon\n|-damage|p1a: Koraidon|0 fnt\n|-unboost|p2a: Chi-Yu|spa|2\n|faint|p1a: Koraidon\n|\n|-weather|SunnyDay|[upkeep]\n|upkeep\n|\n|t:|1700358033\n|switch|p1a: Miraidon|Miraidon|100\/100\n|-fieldstart|move: Electric Terrain|[from] ability: Hadron Engine|[of] p1a: Miraidon\n|turn|26\n|\n|t:|1700358038\n|switch|p2a: Ting-Lu|Ting-Lu|99\/100\n|-ability|p2a: Ting-Lu|Vessel of Ruin\n|move|p1a: Miraidon|Draco Meteor|p2a: Ting-Lu|[miss]\n|-miss|p1a: Miraidon|p2a: Ting-Lu\n|\n|-weather|SunnyDay|[upkeep]\n|-heal|p2a: Ting-Lu|100\/100|[from] item: Leftovers\n|upkeep\n|turn|27\n|j| Gimb1l\n|\n|t:|1700358052\n|switch|p1a: Landorus|Landorus-Therian, M|71\/100\n|-ability|p1a: Landorus|Intimidate|boost\n|-unboost|p2a: Ting-Lu|atk|1\n|switch|p2a: Corviknight|Corviknight, F|80\/100\n|\n|-weather|SunnyDay|[upkeep]\n|-heal|p2a: Corviknight|86\/100|[from] item: Leftovers\n|upkeep\n|turn|28\n|\n|t:|1700358058\n|move|p1a: Landorus|Stealth Rock|p2a: Corviknight\n|-sidestart|p2: EG Jhonx|move: Stealth Rock\n|move|p2a: Corviknight|U-turn|p1a: Landorus\n|-resisted|p1a: Landorus\n|-damage|p1a: Landorus|66\/100\n|-damage|p2a: Corviknight|69\/100|[from] item: Rocky Helmet|[of] p1a: Landorus\n|\n|t:|1700358060\n|switch|p2a: Chi-Yu|Chi-Yu|100\/100|[from] U-turn\n|-damage|p2a: Chi-Yu|76\/100|[from] Stealth Rock\n|-ability|p2a: Chi-Yu|Beads of Ruin\n|\n|-weather|SunnyDay|[upkeep]\n|upkeep\n|turn|29\n|\n|t:|1700358065\n|-terastallize|p2a: Chi-Yu|Fire\n|move|p2a: Chi-Yu|Flamethrower|p1a: Landorus\n|-damage|p1a: Landorus|0 fnt\n|faint|p1a: Landorus\n|\n|-weather|none\n|upkeep\n|\n|t:|1700358069\n|switch|p1a: Iron Bundle|Iron Bundle|100\/100\n|-activate|p1a: Iron Bundle|ability: Quark Drive\n|-start|p1a: Iron Bundle|quarkdrivespe\n|turn|30\n|\n|t:|1700358079\n|switch|p2a: Toxapex|Toxapex, M|100\/100 brn\n|-damage|p2a: Toxapex|88\/100 brn|[from] Stealth Rock\n|move|p1a: Iron Bundle|Hydro Pump|p2a: Toxapex\n|-resisted|p2a: Toxapex\n|-damage|p2a: Toxapex|65\/100 brn\n|\n|-damage|p2a: Toxapex|59\/100 brn|[from] brn\n|-fieldend|move: Electric Terrain\n|-end|p1a: Iron Bundle|Quark Drive\n|upkeep\n|turn|31\n|\n|t:|1700358083\n|move|p1a: Iron Bundle|Freeze-Dry|p2a: Toxapex\n|-supereffective|p2a: Toxapex\n|-damage|p2a: Toxapex|0 fnt\n|faint|p2a: Toxapex\n|\n|upkeep\n|\n|t:|1700358091\n|switch|p2a: Corviknight|Corviknight, F|69\/100\n|-damage|p2a: Corviknight|57\/100|[from] Stealth Rock\n|turn|32\n|\n|t:|1700358095\n|move|p1a: Iron Bundle|Hydro Pump|p2a: Corviknight\n|-damage|p2a: Corviknight|16\/100\n|move|p2a: Corviknight|Defog|p1a: Iron Bundle\n|-unboost|p1a: Iron Bundle|evasion|1\n|-sideend|p2: EG Jhonx|Stealth Rock|[from] move: Defog|[of] p2a: Corviknight\n|\n|-heal|p2a: Corviknight|22\/100|[from] item: Leftovers\n|upkeep\n|turn|33\n|\n|t:|1700358100\n|move|p1a: Iron Bundle|Ice Beam|p2a: Corviknight\n|-damage|p2a: Corviknight|0 fnt\n|faint|p2a: Corviknight\n|\n|upkeep\n|\n|t:|1700358103\n|switch|p2a: Koraidon|Koraidon|8\/100\n|-weather|SunnyDay|[from] ability: Orichalcum Pulse|[of] p2a: Koraidon\n|-activate|p2a: Koraidon|Orichalcum Pulse|[source]\n|turn|34\n|\n|t:|1700358108\n|-end|p1a: Iron Bundle|Quark Drive|[silent]\n|switch|p1a: Miraidon|Miraidon|100\/100\n|-fieldstart|move: Electric Terrain|[from] ability: Hadron Engine|[of] p1a: Miraidon\n|move|p2a: Koraidon|Close Combat|p1a: Miraidon\n|-damage|p1a: Miraidon|10\/100\n|-unboost|p2a: Koraidon|def|1\n|-unboost|p2a: Koraidon|spd|1\n|\n|-weather|SunnyDay|[upkeep]\n|upkeep\n|turn|35\n|c|\u2606EG Jhonx|gg\n|\n|t:|1700358118\n|switch|p2a: Ting-Lu|Ting-Lu|100\/100\n|-ability|p2a: Ting-Lu|Vessel of Ruin\n|move|p1a: Miraidon|U-turn|p2a: Ting-Lu\n|-supereffective|p2a: Ting-Lu\n|-damage|p2a: Ting-Lu|86\/100\n|\n|t:|1700358120\n|switch|p1a: Iron Bundle|Iron Bundle|100\/100|[from] U-turn\n|-activate|p1a: Iron Bundle|ability: Quark Drive\n|-start|p1a: Iron Bundle|quarkdrivespe\n|\n|-weather|SunnyDay|[upkeep]\n|-heal|p2a: Ting-Lu|92\/100|[from] item: Leftovers\n|upkeep\n|turn|36\n|\n|t:|1700358124\n|switch|p2a: Chi-Yu|Chi-Yu, tera:Fire|76\/100\n|-ability|p2a: Chi-Yu|Beads of Ruin\n|move|p1a: Iron Bundle|Ice Beam|p2a: Chi-Yu\n|-resisted|p2a: Chi-Yu\n|-damage|p2a: Chi-Yu|47\/100\n|\n|-weather|SunnyDay|[upkeep]\n|upkeep\n|turn|37\n|\n|t:|1700358132\n|move|p1a: Iron Bundle|Hydro Pump|p2a: Chi-Yu\n|-supereffective|p2a: Chi-Yu\n|-damage|p2a: Chi-Yu|0 fnt\n|faint|p2a: Chi-Yu\n|\n|-weather|SunnyDay|[upkeep]\n|upkeep\n|\n|t:|1700358137\n|switch|p2a: Ting-Lu|Ting-Lu|92\/100\n|-ability|p2a: Ting-Lu|Vessel of Ruin\n|turn|38\n|\n|t:|1700358140\n|move|p1a: Iron Bundle|Ice Beam|p2a: Ting-Lu\n|-supereffective|p2a: Ting-Lu\n|-damage|p2a: Ting-Lu|56\/100\n|move|p2a: Ting-Lu|Stealth Rock|p1a: Iron Bundle\n|-sidestart|p1: SeraphZ\u2605|move: Stealth Rock\n|\n|-weather|none\n|-heal|p2a: Ting-Lu|62\/100|[from] item: Leftovers\n|-fieldend|move: Electric Terrain\n|-end|p1a: Iron Bundle|Quark Drive\n|upkeep\n|turn|39\n|\n|t:|1700358145\n|move|p1a: Iron Bundle|Ice Beam|p2a: Ting-Lu\n|-supereffective|p2a: Ting-Lu\n|-damage|p2a: Ting-Lu|27\/100\n|-status|p2a: Ting-Lu|frz\n|cant|p2a: Ting-Lu|frz\n|\n|-heal|p2a: Ting-Lu|33\/100 frz|[from] item: Leftovers\n|upkeep\n|turn|40\n|\n|t:|1700358148\n|move|p1a: Iron Bundle|Ice Beam|p2a: Ting-Lu\n|-supereffective|p2a: Ting-Lu\n|-damage|p2a: Ting-Lu|0 fnt\n|faint|p2a: Ting-Lu\n|\n|upkeep\n|\n|t:|1700358150\n|switch|p2a: Koraidon|Koraidon|8\/100\n|-weather|SunnyDay|[from] ability: Orichalcum Pulse|[of] p2a: Koraidon\n|-activate|p2a: Koraidon|Orichalcum Pulse|[source]\n|turn|41\n|\n|t:|1700358154\n|move|p2a: Koraidon|Close Combat|p1a: Iron Bundle\n|-supereffective|p1a: Iron Bundle\n|-damage|p1a: Iron Bundle|0 fnt\n|-unboost|p2a: Koraidon|def|1\n|-unboost|p2a: Koraidon|spd|1\n|faint|p1a: Iron Bundle\n|-end|p1a: Iron Bundle|Quark Drive|[silent]\n|\n|-weather|SunnyDay|[upkeep]\n|upkeep\n|\n|t:|1700358156\n|switch|p1a: Miraidon|Miraidon|10\/100\n|-damage|p1a: Miraidon|0 fnt|[from] Stealth Rock\n|faint|p1a: Miraidon\n|\n|win|EG Jhonx\n|n|\u2606SeraphZ\u2605|seraphz\n|n|\u2606EG Jhonx|egjhonx\n|n| Gimb1l|gimb1l\n","uploadtime":1700358157,"views":7,"p1id":"seraphz","p2id":"egjhonx","formatid":"gen9ubers","rating":0,"private":0,"password":""}