{"id":"gen9ubers-1997598376","p1":"ErnadShadow","p2":"bruc3wi11is","format":"[Gen 9] Ubers","log":"|j|\u2606ErnadShadow\n|j|\u2606bruc3wi11is\n|t:|1700831062\n|gametype|singles\n|player|p1|ErnadShadow|juggler|1185\n|player|p2|bruc3wi11is|red|1239\n|teamsize|p1|6\n|teamsize|p2|6\n|gen|9\n|tier|[Gen 9] Ubers\n|rated|\n|rule|Sleep Clause Mod: Limit one foe put to sleep\n|rule|Species Clause: Limit one of each Pok\u00e9mon\n|rule|OHKO Clause: OHKO moves are banned\n|rule|Evasion Items Clause: Evasion items are banned\n|rule|Evasion Moves Clause: Evasion moves are banned\n|rule|Endless Battle Clause: Forcing endless battles is banned\n|rule|HP Percentage Mod: HP is shown in percentages\n|clearpoke\n|poke|p1|Corviknight, M|\n|poke|p1|Ariados, F|\n|poke|p1|Heatran, F|\n|poke|p1|Rotom-Wash|\n|poke|p1|Scizor, M|\n|poke|p1|Walking Wake|\n|poke|p2|Annihilape, F|\n|poke|p2|Amoonguss, F|\n|poke|p2|Zacian-*|\n|poke|p2|Mewtwo|\n|poke|p2|Rayquaza|\n|poke|p2|Kyogre|\n|teampreview\n|inactive|Battle timer is ON: inactive players will automatically lose when time's up. (requested by bruc3wi11is)\n|\n|t:|1700831089\n|start\n|switch|p1a: Heatran|Heatran, F, shiny|100\/100\n|switch|p2a: Rayquaza|Rayquaza|100\/100\n|-ability|p2a: Rayquaza|Air Lock\n|turn|1\n|\n|t:|1700831093\n|-terastallize|p1a: Heatran|Flying\n|move|p2a: Rayquaza|Earthquake|p1a: Heatran\n|-immune|p1a: Heatran\n|move|p1a: Heatran|Will-O-Wisp|p2a: Rayquaza\n|-status|p2a: Rayquaza|brn\n|\n|-damage|p2a: Rayquaza|95\/100 brn|[from] brn\n|upkeep\n|turn|2\n|\n|t:|1700831099\n|switch|p2a: Kyogre|Kyogre|100\/100\n|-weather|RainDance|[from] ability: Drizzle|[of] p2a: Kyogre\n|move|p1a: Heatran|Stealth Rock|p2a: Kyogre\n|-sidestart|p2: bruc3wi11is|move: Stealth Rock\n|\n|-weather|RainDance|[upkeep]\n|upkeep\n|turn|3\n|\n|t:|1700831109\n|switch|p1a: Scizor|Scizor, M, shiny|100\/100\n|move|p2a: Kyogre|Water Spout|p1a: Scizor\n|-damage|p1a: Scizor|0 fnt\n|faint|p1a: Scizor\n|\n|-weather|RainDance|[upkeep]\n|upkeep\n|\n|t:|1700831111\n|switch|p1a: Rotom|Rotom-Wash|100\/100\n|turn|4\n|\n|t:|1700831114\n|move|p2a: Kyogre|Water Spout|p1a: Rotom\n|-resisted|p1a: Rotom\n|-damage|p1a: Rotom|21\/100\n|move|p1a: Rotom|Thunder Wave|p2a: Kyogre\n|-status|p2a: Kyogre|par\n|\n|-weather|RainDance|[upkeep]\n|upkeep\n|turn|5\n|\n|t:|1700831117\n|move|p1a: Rotom|Thunder Wave|p2a: Kyogre|[miss]\n|-miss|p1a: Rotom|p2a: Kyogre\n|cant|p2a: Kyogre|par\n|\n|-weather|RainDance|[upkeep]\n|upkeep\n|turn|6\n|\n|t:|1700831124\n|move|p1a: Rotom|Thunder Wave|p2a: Kyogre\n|-fail|p2a: Kyogre|par\n|move|p2a: Kyogre|Water Spout|p1a: Rotom\n|-resisted|p1a: Rotom\n|-damage|p1a: Rotom|0 fnt\n|faint|p1a: Rotom\n|\n|-weather|none\n|upkeep\n|\n|t:|1700831125\n|switch|p1a: Ariados|Ariados, F, shiny|100\/100\n|turn|7\n|\n|t:|1700831128\n|cant|p2a: Kyogre|par\n|move|p1a: Ariados|Cross Poison|p2a: Kyogre\n|-damage|p2a: Kyogre|71\/100 par\n|\n|upkeep\n|turn|8\n|\n|t:|1700831132\n|switch|p2a: Amoonguss|Amoonguss, F|100\/100\n|-damage|p2a: Amoonguss|88\/100|[from] Stealth Rock\n|move|p1a: Ariados|Cross Poison|p2a: Amoonguss\n|-damage|p2a: Amoonguss|66\/100\n|-damage|p1a: Ariados|84\/100|[from] item: Rocky Helmet|[of] p2a: Amoonguss\n|\n|upkeep\n|turn|9\n|\n|t:|1700831138\n|move|p1a: Ariados|Sticky Web|p2a: Amoonguss\n|-sidestart|p2: bruc3wi11is|move: Sticky Web\n|move|p2a: Amoonguss|Spore|p1a: Ariados\n|-status|p1a: Ariados|slp|[from] move: Spore\n|\n|upkeep\n|turn|10\n|\n|t:|1700831144\n|switch|p2a: Mewtwo|Mewtwo|100\/100\n|-ability|p2a: Mewtwo|Pressure\n|cant|p1a: Ariados|slp\n|\n|upkeep\n|turn|11\n|\n|t:|1700831146\n|move|p2a: Mewtwo|Nasty Plot|p2a: Mewtwo\n|-boost|p2a: Mewtwo|spa|2\n|cant|p1a: Ariados|slp\n|\n|upkeep\n|turn|12\n|\n|t:|1700831148\n|move|p2a: Mewtwo|Psystrike|p1a: Ariados\n|-supereffective|p1a: Ariados\n|-damage|p1a: Ariados|0 fnt\n|faint|p1a: Ariados\n|\n|upkeep\n|\n|t:|1700831154\n|switch|p1a: Heatran|Heatran, F, shiny, tera:Flying|100\/100\n|turn|13\n|\n|t:|1700831156\n|move|p2a: Mewtwo|Psystrike|p1a: Heatran\n|-damage|p1a: Heatran|0 fnt\n|faint|p1a: Heatran\n|\n|upkeep\n|\n|t:|1700831159\n|switch|p1a: Walking Wake|Walking Wake|100\/100\n|-enditem|p1a: Walking Wake|Booster Energy\n|-activate|p1a: Walking Wake|ability: Protosynthesis|[fromitem]\n|-start|p1a: Walking Wake|protosynthesisspe\n|turn|14\n|\n|t:|1700831162\n|move|p1a: Walking Wake|Knock Off|p2a: Mewtwo\n|-supereffective|p2a: Mewtwo\n|-damage|p2a: Mewtwo|57\/100\n|-enditem|p2a: Mewtwo|Heavy-Duty Boots|[from] move: Knock Off|[of] p1a: Walking Wake\n|move|p2a: Mewtwo|Psystrike|p1a: Walking Wake\n|-damage|p1a: Walking Wake|0 fnt\n|faint|p1a: Walking Wake\n|-end|p1a: Walking Wake|Protosynthesis|[silent]\n|\n|upkeep\n|\n|t:|1700831164\n|switch|p1a: Corviknight|Corviknight, M, shiny|100\/100\n|turn|15\n|\n|t:|1700831166\n|move|p2a: Mewtwo|Flamethrower|p1a: Corviknight\n|-supereffective|p1a: Corviknight\n|-damage|p1a: Corviknight|0 fnt\n|faint|p1a: Corviknight\n|\n|win|bruc3wi11is\n|raw|ErnadShadow's rating: 1185 &rarr; <strong>1164<\/strong><br \/>(-21 for losing)\n|raw|bruc3wi11is's rating: 1239 &rarr; <strong>1260<\/strong><br \/>(+21 for winning)\n|l|\u2606ErnadShadow\n","uploadtime":1700831176,"views":7,"p1id":"ernadshadow","p2id":"bruc3wi11is","formatid":"gen9ubers","rating":1164,"private":0,"password":""}