{"id":"gen9ubers-1994420724","p1":"Undead_Redhead","p2":"silastf","format":"[Gen 9] Ubers","log":"|j|\u2606Undead_Redhead\n|j|\u2606silastf\n|t:|1700441980\n|gametype|singles\n|player|p1|Undead_Redhead|flannery|\n|player|p2|silastf|169|\n|teamsize|p1|6\n|teamsize|p2|6\n|gen|9\n|tier|[Gen 9] Ubers\n|rule|Sleep Clause Mod: Limit one foe put to sleep\n|rule|Species Clause: Limit one of each Pok\u00e9mon\n|rule|OHKO Clause: OHKO moves are banned\n|rule|Evasion Items Clause: Evasion items are banned\n|rule|Evasion Moves Clause: Evasion moves are banned\n|rule|Endless Battle Clause: Forcing endless battles is banned\n|rule|HP Percentage Mod: HP is shown in percentages\n|clearpoke\n|poke|p1|Landorus-Therian, M|\n|poke|p1|Volcanion|\n|poke|p1|Zapdos|\n|poke|p1|Meowscarada, M|\n|poke|p1|Trevenant, M|\n|poke|p1|Clefable, F|\n|poke|p2|Greninja-*, F|\n|poke|p2|Infernape, M|\n|poke|p2|Tinkaton, F|\n|poke|p2|Spiritomb, F|\n|poke|p2|Weezing-Galar, M|\n|poke|p2|Garchomp, M|\n|teampreview\n|j| justinrockin\n|c|\u2606Undead_Redhead|Gl hf :3\n|c|\u2606silastf|you too!\n|j| hatev2\n|\n|t:|1700442077\n|start\n|switch|p1a: Landorus|Landorus-Therian, M|100\/100\n|switch|p2a: Garchomp|Garchomp, M|100\/100\n|-ability|p1a: Landorus|Intimidate|boost\n|-unboost|p2a: Garchomp|atk|1\n|turn|1\n|\n|t:|1700442103\n|move|p1a: Landorus|Stealth Rock|p2a: Garchomp\n|-sidestart|p2: silastf|move: Stealth Rock\n|move|p2a: Garchomp|Stone Edge|p1a: Landorus\n|-damage|p1a: Landorus|77\/100\n|\n|upkeep\n|turn|2\n|\n|t:|1700442117\n|move|p1a: Landorus|U-turn|p2a: Garchomp\n|-damage|p2a: Garchomp|81\/100\n|-damage|p1a: Landorus|65\/100|[from] ability: Rough Skin|[of] p2a: Garchomp\n|\n|t:|1700442120\n|switch|p1a: Clefable|Clefable, F|100\/100|[from] U-turn\n|move|p2a: Garchomp|Iron Head|p1a: Clefable\n|-supereffective|p1a: Clefable\n|-damage|p1a: Clefable|64\/100\n|\n|-heal|p2a: Garchomp|87\/100|[from] item: Leftovers\n|upkeep\n|turn|3\n|\n|t:|1700442132\n|switch|p2a: Tinkaton|Tinkaton, F|100\/100\n|-damage|p2a: Tinkaton|94\/100|[from] Stealth Rock\n|-ability|p2a: Tinkaton|Mold Breaker\n|move|p1a: Clefable|Moonblast|p2a: Tinkaton\n|-resisted|p2a: Tinkaton\n|-damage|p2a: Tinkaton|72\/100\n|\n|-heal|p2a: Tinkaton|78\/100|[from] item: Leftovers\n|upkeep\n|turn|4\n|\n|t:|1700442152\n|switch|p1a: Landorus|Landorus-Therian, M|65\/100\n|-ability|p1a: Landorus|Intimidate|boost\n|-unboost|p2a: Tinkaton|atk|1\n|move|p2a: Tinkaton|Rock Slide|p1a: Landorus\n|-damage|p1a: Landorus|51\/100\n|\n|-heal|p2a: Tinkaton|84\/100|[from] item: Leftovers\n|upkeep\n|turn|5\n|\n|t:|1700442168\n|switch|p2a: Weezing|Weezing-Galar, M|100\/100\n|-damage|p2a: Weezing|88\/100|[from] Stealth Rock\n|move|p1a: Landorus|Earthquake|p2a: Weezing\n|-immune|p2a: Weezing|[from] ability: Levitate\n|\n|-heal|p2a: Weezing|94\/100|[from] item: Leftovers\n|upkeep\n|turn|6\n|\n|t:|1700442185\n|move|p1a: Landorus|U-turn|p2a: Weezing\n|-resisted|p2a: Weezing\n|-crit|p2a: Weezing\n|-damage|p2a: Weezing|86\/100\n|\n|t:|1700442190\n|switch|p1a: Zapdos|Zapdos|100\/100|[from] U-turn\n|move|p2a: Weezing|Strange Steam|p1a: Zapdos\n|-damage|p1a: Zapdos|60\/100\n|\n|-heal|p2a: Weezing|92\/100|[from] item: Leftovers\n|upkeep\n|turn|7\n|\n|t:|1700442204\n|move|p1a: Zapdos|Thunder Wave|p2a: Weezing\n|-status|p2a: Weezing|par\n|move|p2a: Weezing|Strange Steam|p1a: Zapdos\n|-damage|p1a: Zapdos|23\/100\n|\n|-heal|p2a: Weezing|98\/100 par|[from] item: Leftovers\n|upkeep\n|turn|8\n|\n|t:|1700442214\n|move|p1a: Zapdos|Roost|p1a: Zapdos\n|-heal|p1a: Zapdos|73\/100\n|-singleturn|p1a: Zapdos|move: Roost\n|move|p2a: Weezing|Sludge Bomb|p1a: Zapdos\n|-damage|p1a: Zapdos|35\/100\n|\n|-heal|p2a: Weezing|100\/100 par|[from] item: Leftovers\n|upkeep\n|turn|9\n|\n|t:|1700442227\n|move|p1a: Zapdos|Volt Switch|p2a: Weezing\n|-damage|p2a: Weezing|62\/100 par\n|\n|t:|1700442233\n|switch|p1a: Clefable|Clefable, F|64\/100|[from] Volt Switch\n|move|p2a: Weezing|Strange Steam|p1a: Clefable\n|-damage|p1a: Clefable|38\/100\n|\n|-heal|p2a: Weezing|68\/100 par|[from] item: Leftovers\n|upkeep\n|turn|10\n|\n|t:|1700442244\n|move|p1a: Clefable|Wish|p1a: Clefable\n|cant|p2a: Weezing|par\n|\n|-heal|p2a: Weezing|74\/100 par|[from] item: Leftovers\n|upkeep\n|turn|11\n|\n|t:|1700442250\n|move|p1a: Clefable|Knock Off|p2a: Weezing\n|-resisted|p2a: Weezing\n|-damage|p2a: Weezing|66\/100 par\n|-enditem|p2a: Weezing|Leftovers|[from] move: Knock Off|[of] p1a: Clefable\n|move|p2a: Weezing|Sludge Bomb|p1a: Clefable\n|-supereffective|p1a: Clefable\n|-damage|p1a: Clefable|0 fnt\n|faint|p1a: Clefable\n|\n|upkeep\n|\n|t:|1700442261\n|switch|p1a: Zapdos|Zapdos|35\/100\n|turn|12\n|\n|t:|1700442270\n|move|p1a: Zapdos|Roost|p1a: Zapdos\n|-heal|p1a: Zapdos|85\/100\n|-singleturn|p1a: Zapdos|move: Roost\n|cant|p2a: Weezing|par\n|\n|upkeep\n|turn|13\n|\n|t:|1700442279\n|move|p1a: Zapdos|Hurricane|p2a: Weezing\n|-damage|p2a: Weezing|7\/100 par\n|-start|p2a: Weezing|confusion\n|-activate|p2a: Weezing|confusion\n|move|p2a: Weezing|Strange Steam|p1a: Zapdos\n|-damage|p1a: Zapdos|50\/100\n|\n|upkeep\n|turn|14\n|\n|t:|1700442288\n|move|p1a: Zapdos|Roost|p1a: Zapdos\n|-heal|p1a: Zapdos|100\/100\n|-singleturn|p1a: Zapdos|move: Roost\n|-activate|p2a: Weezing|confusion\n|move|p2a: Weezing|Strange Steam|p1a: Zapdos\n|-damage|p1a: Zapdos|63\/100\n|\n|upkeep\n|turn|15\n|\n|t:|1700442296\n|move|p1a: Zapdos|Volt Switch|p2a: Weezing\n|-damage|p2a: Weezing|0 fnt\n|faint|p2a: Weezing\n|\n|t:|1700442310\n|switch|p1a: Volcanion|Volcanion|100\/100|[from] Volt Switch\n|\n|upkeep\n|\n|t:|1700442334\n|switch|p2a: Spiritomb|Spiritomb, F|100\/100\n|-damage|p2a: Spiritomb|88\/100|[from] Stealth Rock\n|turn|16\n|\n|t:|1700442340\n|move|p1a: Volcanion|Steam Eruption|p2a: Spiritomb\n|-damage|p2a: Spiritomb|21\/100\n|move|p2a: Spiritomb|Hypnosis|p1a: Volcanion\n|-status|p1a: Volcanion|slp|[from] move: Hypnosis\n|\n|-heal|p2a: Spiritomb|27\/100|[from] item: Leftovers\n|upkeep\n|turn|17\n|\n|t:|1700442351\n|cant|p1a: Volcanion|slp\n|move|p2a: Spiritomb|Dark Pulse|p1a: Volcanion\n|-damage|p1a: Volcanion|78\/100 slp\n|\n|-heal|p2a: Spiritomb|33\/100|[from] item: Leftovers\n|upkeep\n|turn|18\n|\n|t:|1700442364\n|cant|p1a: Volcanion|slp\n|move|p2a: Spiritomb|Dark Pulse|p1a: Volcanion\n|-damage|p1a: Volcanion|53\/100 slp\n|\n|-heal|p2a: Spiritomb|39\/100|[from] item: Leftovers\n|upkeep\n|turn|19\n|\n|t:|1700442372\n|switch|p2a: Tinkaton|Tinkaton, F|84\/100\n|-damage|p2a: Tinkaton|78\/100|[from] Stealth Rock\n|-ability|p2a: Tinkaton|Mold Breaker\n|cant|p1a: Volcanion|slp\n|\n|-heal|p2a: Tinkaton|84\/100|[from] item: Leftovers\n|upkeep\n|turn|20\n|\n|t:|1700442386\n|move|p2a: Tinkaton|Rock Slide|p1a: Volcanion\n|-supereffective|p1a: Volcanion\n|-damage|p1a: Volcanion|22\/100 slp\n|-curestatus|p1a: Volcanion|slp|[msg]\n|move|p1a: Volcanion|Flamethrower|p2a: Tinkaton\n|-supereffective|p2a: Tinkaton\n|-damage|p2a: Tinkaton|0 fnt\n|faint|p2a: Tinkaton\n|\n|upkeep\n|\n|t:|1700442397\n|switch|p2a: Garchomp|Garchomp, M|87\/100\n|-damage|p2a: Garchomp|81\/100|[from] Stealth Rock\n|turn|21\n|\n|t:|1700442411\n|move|p2a: Garchomp|Stone Edge|p1a: Volcanion\n|-supereffective|p1a: Volcanion\n|-damage|p1a: Volcanion|0 fnt\n|faint|p1a: Volcanion\n|\n|-heal|p2a: Garchomp|87\/100|[from] item: Leftovers\n|upkeep\n|\n|t:|1700442418\n|switch|p1a: Trevenant|Trevenant, M|100\/100\n|turn|22\n|\n|t:|1700442426\n|switch|p2a: Spiritomb|Spiritomb, F|39\/100\n|-damage|p2a: Spiritomb|27\/100|[from] Stealth Rock\n|move|p1a: Trevenant|Leech Seed|p2a: Spiritomb\n|-start|p2a: Spiritomb|move: Leech Seed\n|\n|-heal|p2a: Spiritomb|33\/100|[from] item: Leftovers\n|-damage|p2a: Spiritomb|21\/100|[from] Leech Seed|[of] p1a: Trevenant\n|upkeep\n|turn|23\n|\n|t:|1700442445\n|move|p1a: Trevenant|Protect|p1a: Trevenant\n|-singleturn|p1a: Trevenant|Protect\n|move|p2a: Spiritomb|Dark Pulse|p1a: Trevenant\n|-activate|p1a: Trevenant|move: Protect\n|\n|-heal|p2a: Spiritomb|27\/100|[from] item: Leftovers\n|-damage|p2a: Spiritomb|14\/100|[from] Leech Seed|[of] p1a: Trevenant\n|upkeep\n|turn|24\n|\n|t:|1700442462\n|switch|p1a: Meowscarada|Meowscarada, M|100\/100\n|move|p2a: Spiritomb|Dark Pulse|p1a: Meowscarada\n|-resisted|p1a: Meowscarada\n|-damage|p1a: Meowscarada|70\/100\n|\n|-heal|p2a: Spiritomb|21\/100|[from] item: Leftovers\n|-damage|p2a: Spiritomb|8\/100|[from] Leech Seed|[of] p1a: Meowscarada\n|-heal|p1a: Meowscarada|83\/100|[silent]\n|upkeep\n|turn|25\n|\n|t:|1700442476\n|move|p1a: Meowscarada|Play Rough|p2a: Spiritomb\n|-start|p1a: Meowscarada|typechange|Fairy|[from] ability: Protean\n|-supereffective|p2a: Spiritomb\n|-crit|p2a: Spiritomb\n|-damage|p2a: Spiritomb|0 fnt\n|faint|p2a: Spiritomb\n|\n|upkeep\n|\n|t:|1700442479\n|switch|p2a: Infernape|Infernape, M|100\/100\n|-damage|p2a: Infernape|88\/100|[from] Stealth Rock\n|turn|26\n|\n|t:|1700442501\n|move|p2a: Infernape|Fake Out|p1a: Meowscarada\n|-damage|p1a: Meowscarada|60\/100\n|-damage|p2a: Infernape|78\/100|[from] item: Life Orb\n|cant|p1a: Meowscarada|flinch\n|\n|upkeep\n|turn|27\n|\n|t:|1700442508\n|move|p1a: Meowscarada|Play Rough|p2a: Infernape\n|-damage|p2a: Infernape|11\/100\n|move|p2a: Infernape|Fire Punch|p1a: Meowscarada\n|-damage|p1a: Meowscarada|0 fnt\n|faint|p1a: Meowscarada\n|-damage|p2a: Infernape|2\/100|[from] item: Life Orb\n|\n|upkeep\n|\n|t:|1700442519\n|switch|p1a: Landorus|Landorus-Therian, M|51\/100\n|-ability|p1a: Landorus|Intimidate|boost\n|-unboost|p2a: Infernape|atk|1\n|turn|28\n|\n|t:|1700442526\n|move|p2a: Infernape|Fire Punch|p1a: Landorus\n|-damage|p1a: Landorus|10\/100\n|-damage|p2a: Infernape|0 fnt|[from] item: Rocky Helmet|[of] p1a: Landorus\n|faint|p2a: Infernape\n|move|p1a: Landorus|U-turn|p2: Infernape|[notarget]\n|-fail|p1a: Landorus\n|\n|upkeep\n|\n|t:|1700442530\n|switch|p2a: Greninja|Greninja, F|100\/100\n|-damage|p2a: Greninja|88\/100|[from] Stealth Rock\n|turn|29\n|\n|t:|1700442541\n|move|p1a: Landorus|Protect|p1a: Landorus\n|-singleturn|p1a: Landorus|Protect\n|move|p2a: Greninja|Rock Slide|p1a: Landorus\n|-start|p2a: Greninja|typechange|Rock|[from] ability: Protean\n|-activate|p1a: Landorus|move: Protect\n|\n|upkeep\n|turn|30\n|\n|t:|1700442553\n|switch|p1a: Zapdos|Zapdos|63\/100\n|move|p2a: Greninja|Gunk Shot|p1a: Zapdos\n|-damage|p1a: Zapdos|20\/100\n|-damage|p2a: Greninja|78\/100|[from] item: Life Orb\n|\n|upkeep\n|turn|31\n|\n|t:|1700442565\n|move|p2a: Greninja|Rock Slide|p1a: Zapdos\n|-supereffective|p1a: Zapdos\n|-damage|p1a: Zapdos|0 fnt\n|faint|p1a: Zapdos\n|-damage|p2a: Greninja|69\/100|[from] item: Life Orb\n|\n|upkeep\n|\n|t:|1700442572\n|switch|p1a: Landorus|Landorus-Therian, M|10\/100\n|-ability|p1a: Landorus|Intimidate|boost\n|-unboost|p2a: Greninja|atk|1\n|turn|32\n|\n|t:|1700442577\n|move|p2a: Greninja|Gunk Shot|p1a: Landorus\n|-resisted|p1a: Landorus\n|-damage|p1a: Landorus|0 fnt\n|faint|p1a: Landorus\n|-damage|p2a: Greninja|59\/100|[from] item: Life Orb\n|\n|upkeep\n|\n|t:|1700442583\n|switch|p1a: Trevenant|Trevenant, M|100\/100\n|turn|33\n|\n|t:|1700442595\n|switch|p2a: Garchomp|Garchomp, M|87\/100\n|-damage|p2a: Garchomp|81\/100|[from] Stealth Rock\n|-terastallize|p1a: Trevenant|Water\n|move|p1a: Trevenant|Leech Seed|p2a: Garchomp\n|-start|p2a: Garchomp|move: Leech Seed\n|\n|-heal|p2a: Garchomp|87\/100|[from] item: Leftovers\n|-damage|p2a: Garchomp|75\/100|[from] Leech Seed|[of] p1a: Trevenant\n|upkeep\n|turn|34\n|\n|t:|1700442606\n|move|p2a: Garchomp|Outrage|p1a: Trevenant\n|-damage|p1a: Trevenant|46\/100\n|-enditem|p1a: Trevenant|Sitrus Berry|[eat]\n|-heal|p1a: Trevenant|71\/100|[from] item: Sitrus Berry\n|move|p1a: Trevenant|Substitute|p1a: Trevenant\n|-start|p1a: Trevenant|Substitute\n|-damage|p1a: Trevenant|46\/100\n|\n|-heal|p2a: Garchomp|81\/100|[from] item: Leftovers\n|-damage|p2a: Garchomp|69\/100|[from] Leech Seed|[of] p1a: Trevenant\n|-heal|p1a: Trevenant|60\/100|[silent]\n|upkeep\n|turn|35\n|\n|t:|1700442619\n|move|p1a: Trevenant|Protect|p1a: Trevenant\n|-singleturn|p1a: Trevenant|Protect\n|move|p2a: Garchomp|Outrage|p1a: Trevenant|[from]lockedmove\n|-activate|p1a: Trevenant|move: Protect\n|-start|p2a: Garchomp|confusion|[fatigue]\n|\n|-heal|p2a: Garchomp|75\/100|[from] item: Leftovers\n|-damage|p2a: Garchomp|62\/100|[from] Leech Seed|[of] p1a: Trevenant\n|-heal|p1a: Trevenant|74\/100|[silent]\n|upkeep\n|turn|36\n|\n|t:|1700442632\n|-activate|p2a: Garchomp|confusion\n|move|p2a: Garchomp|Outrage|p1a: Trevenant\n|-end|p1a: Trevenant|Substitute\n|move|p1a: Trevenant|Horn Leech|p2a: Garchomp\n|-damage|p2a: Garchomp|41\/100\n|-heal|p1a: Trevenant|85\/100|[from] drain|[of] p2a: Garchomp\n|-damage|p1a: Trevenant|73\/100|[from] ability: Rough Skin|[of] p2a: Garchomp\n|\n|-heal|p2a: Garchomp|48\/100|[from] item: Leftovers\n|-damage|p2a: Garchomp|35\/100|[from] Leech Seed|[of] p1a: Trevenant\n|-heal|p1a: Trevenant|87\/100|[silent]\n|-item|p1a: Trevenant|Sitrus Berry|[from] ability: Harvest\n|upkeep\n|turn|37\n|\n|t:|1700442647\n|move|p1a: Trevenant|Protect|p1a: Trevenant\n|-singleturn|p1a: Trevenant|Protect\n|-activate|p2a: Garchomp|confusion\n|move|p2a: Garchomp|Outrage|p1a: Trevenant|[from]lockedmove\n|-activate|p1a: Trevenant|move: Protect\n|\n|-heal|p2a: Garchomp|41\/100|[from] item: Leftovers\n|-damage|p2a: Garchomp|29\/100|[from] Leech Seed|[of] p1a: Trevenant\n|-heal|p1a: Trevenant|100\/100|[silent]\n|upkeep\n|turn|38\n|\n|t:|1700442658\n|switch|p2a: Greninja|Greninja, F|59\/100\n|-damage|p2a: Greninja|46\/100|[from] Stealth Rock\n|move|p1a: Trevenant|Substitute|p1a: Trevenant\n|-start|p1a: Trevenant|Substitute\n|-damage|p1a: Trevenant|75\/100\n|\n|upkeep\n|turn|39\n|\n|t:|1700442673\n|move|p2a: Greninja|Rock Slide|p1a: Trevenant\n|-start|p2a: Greninja|typechange|Rock|[from] ability: Protean\n|-crit|p1a: Trevenant\n|-end|p1a: Trevenant|Substitute\n|-damage|p2a: Greninja|37\/100|[from] item: Life Orb\n|move|p1a: Trevenant|Horn Leech|p2a: Greninja\n|-supereffective|p2a: Greninja\n|-damage|p2a: Greninja|0 fnt\n|-heal|p1a: Trevenant|89\/100|[from] drain|[of] p2a: Greninja\n|faint|p2a: Greninja\n|\n|upkeep\n|\n|t:|1700442678\n|switch|p2a: Garchomp|Garchomp, M|29\/100\n|-damage|p2a: Garchomp|23\/100|[from] Stealth Rock\n|turn|40\n|c|\u2606silastf|GG\n|c|\u2606silastf|Well played\n|\n|t:|1700442689\n|move|p2a: Garchomp|Outrage|p1a: Trevenant\n|-damage|p1a: Trevenant|34\/100\n|-enditem|p1a: Trevenant|Sitrus Berry|[eat]\n|-heal|p1a: Trevenant|59\/100|[from] item: Sitrus Berry\n|move|p1a: Trevenant|Leech Seed|p2a: Garchomp\n|-start|p2a: Garchomp|move: Leech Seed\n|\n|-heal|p2a: Garchomp|29\/100|[from] item: Leftovers\n|-damage|p2a: Garchomp|17\/100|[from] Leech Seed|[of] p1a: Trevenant\n|-heal|p1a: Trevenant|73\/100|[silent]\n|upkeep\n|turn|41\n|\n|t:|1700442700\n|move|p1a: Trevenant|Protect|p1a: Trevenant\n|-singleturn|p1a: Trevenant|Protect\n|move|p2a: Garchomp|Outrage|p1a: Trevenant|[from]lockedmove\n|-activate|p1a: Trevenant|move: Protect\n|-start|p2a: Garchomp|confusion|[fatigue]\n|\n|-heal|p2a: Garchomp|23\/100|[from] item: Leftovers\n|-damage|p2a: Garchomp|10\/100|[from] Leech Seed|[of] p1a: Trevenant\n|-heal|p1a: Trevenant|87\/100|[silent]\n|-item|p1a: Trevenant|Sitrus Berry|[from] ability: Harvest\n|upkeep\n|turn|42\n|c|\u2606Undead_Redhead|GG :3\n|c|\u2606silastf|unless I crit I think you got it!\n|\n|t:|1700442713\n|-activate|p2a: Garchomp|confusion\n|move|p2a: Garchomp|Outrage|p1a: Trevenant\n|-damage|p1a: Trevenant|26\/100\n|-enditem|p1a: Trevenant|Sitrus Berry|[eat]\n|-heal|p1a: Trevenant|51\/100|[from] item: Sitrus Berry\n|move|p1a: Trevenant|Horn Leech|p2a: Garchomp\n|-damage|p2a: Garchomp|0 fnt\n|-heal|p1a: Trevenant|57\/100|[from] drain|[of] p2a: Garchomp\n|-damage|p1a: Trevenant|44\/100|[from] ability: Rough Skin|[of] p2a: Garchomp\n|faint|p2a: Garchomp\n|\n|win|Undead_Redhead\n|c|\u2606silastf|Wp!\n|c|\u2606Undead_Redhead|Wp ^.^\n|c| hatev2|the tree strikes again\n","uploadtime":1700442732,"views":19,"p1id":"undeadredhead","p2id":"silastf","formatid":"gen9ubers","rating":0,"private":0,"password":""}