{"id":"gen9ubers-1998456713","p1":"Tofuonxgames","p2":"doubletrouble84","format":"[Gen 9] Ubers","log":"|j|\u2606Tofuonxgames\n|j|\u2606doubletrouble84\n|t:|1700944387\n|gametype|singles\n|player|p1|Tofuonxgames|cyclist-gen4|1111\n|player|p2|doubletrouble84|steven|1119\n|teamsize|p1|6\n|teamsize|p2|6\n|gen|9\n|tier|[Gen 9] Ubers\n|rated|\n|rule|Sleep Clause Mod: Limit one foe put to sleep\n|rule|Species Clause: Limit one of each Pok\u00e9mon\n|rule|OHKO Clause: OHKO moves are banned\n|rule|Evasion Items Clause: Evasion items are banned\n|rule|Evasion Moves Clause: Evasion moves are banned\n|rule|Endless Battle Clause: Forcing endless battles is banned\n|rule|HP Percentage Mod: HP is shown in percentages\n|clearpoke\n|poke|p1|Meowscarada, M|\n|poke|p1|Eternatus|\n|poke|p1|Koraidon|\n|poke|p1|Zacian-*|\n|poke|p1|Greninja-*, M|\n|poke|p1|Arceus-Ice|\n|poke|p2|Koraidon|\n|poke|p2|Dialga|\n|poke|p2|Sneasler, F|\n|poke|p2|Miraidon|\n|poke|p2|Zacian-*|\n|poke|p2|Arceus-Ground|\n|teampreview\n|inactive|Battle timer is ON: inactive players will automatically lose when time's up. (requested by doubletrouble84)\n|\n|t:|1700944395\n|start\n|switch|p1a: Arceus|Arceus-Ice, shiny|100\/100\n|switch|p2a: Dialga|Dialga|100\/100\n|-ability|p2a: Dialga|Pressure\n|-item|p2a: Dialga|Air Balloon\n|turn|1\n|\n|t:|1700944419\n|switch|p1a: Koraidon|Koraidon|100\/100\n|-weather|SunnyDay|[from] ability: Orichalcum Pulse|[of] p1a: Koraidon\n|-activate|p1a: Koraidon|Orichalcum Pulse|[source]\n|move|p2a: Dialga|Steel Beam|p1a: Koraidon\n|-damage|p1a: Koraidon|21\/100\n|-damage|p2a: Dialga|50\/100|[from] steelbeam\n|\n|-weather|SunnyDay|[upkeep]\n|upkeep\n|turn|2\n|\n|t:|1700944430\n|-terastallize|p1a: Koraidon|Fighting\n|move|p1a: Koraidon|Collision Course|p2a: Dialga\n|-supereffective|p2a: Dialga\n|-damage|p2a: Dialga|0 fnt\n|-enditem|p2a: Dialga|Air Balloon\n|faint|p2a: Dialga\n|\n|-weather|SunnyDay|[upkeep]\n|upkeep\n|\n|t:|1700944441\n|switch|p2a: Arceus|Arceus-Ground|100\/100\n|turn|3\n|\n|t:|1700944455\n|switch|p1a: Meowscarada|Meowscarada, M, shiny|100\/100\n|move|p2a: Arceus|Dragon Dance|p2a: Arceus\n|-boost|p2a: Arceus|atk|1\n|-boost|p2a: Arceus|spe|1\n|\n|-weather|SunnyDay|[upkeep]\n|upkeep\n|turn|4\n|\n|t:|1700944463\n|move|p1a: Meowscarada|Flower Trick|p2a: Arceus\n|-supereffective|p2a: Arceus\n|-crit|p2a: Arceus\n|-damage|p2a: Arceus|31\/100\n|move|p2a: Arceus|Dragon Claw|p1a: Meowscarada\n|-damage|p1a: Meowscarada|37\/100\n|\n|-weather|SunnyDay|[upkeep]\n|upkeep\n|turn|5\n|\n|t:|1700944476\n|move|p1a: Meowscarada|Flower Trick|p2a: Arceus\n|-supereffective|p2a: Arceus\n|-crit|p2a: Arceus\n|-damage|p2a: Arceus|0 fnt\n|faint|p2a: Arceus\n|\n|-weather|none\n|upkeep\n|\n|t:|1700944485\n|switch|p2a: Miraidon|Miraidon|100\/100\n|-fieldstart|move: Electric Terrain|[from] ability: Hadron Engine|[of] p2a: Miraidon\n|turn|6\n|\n|t:|1700944508\n|move|p1a: Meowscarada|Flower Trick|p2a: Miraidon\n|-resisted|p2a: Miraidon\n|-crit|p2a: Miraidon\n|-damage|p2a: Miraidon|79\/100\n|move|p2a: Miraidon|Agility|p2a: Miraidon\n|-boost|p2a: Miraidon|spe|2\n|\n|-heal|p2a: Miraidon|85\/100|[from] item: Leftovers\n|upkeep\n|turn|7\n|inactive|Tofuonxgames has 120 seconds left.\n|inactive|Tofuonxgames has 90 seconds left.\n|\n|t:|1700944562\n|switch|p1a: Arceus|Arceus-Ice, shiny|100\/100\n|move|p2a: Miraidon|Agility|p2a: Miraidon\n|-boost|p2a: Miraidon|spe|2\n|\n|-heal|p2a: Miraidon|91\/100|[from] item: Leftovers\n|upkeep\n|turn|8\n|\n|t:|1700944571\n|move|p2a: Miraidon|Parabolic Charge|p1a: Arceus\n|-damage|p1a: Arceus|59\/100\n|-heal|p2a: Miraidon|100\/100|[from] drain|[of] p1a: Arceus\n|move|p1a: Arceus|Blizzard|p2a: Miraidon\n|-supereffective|p2a: Miraidon\n|-damage|p2a: Miraidon|18\/100\n|\n|-heal|p2a: Miraidon|24\/100|[from] item: Leftovers\n|upkeep\n|turn|9\n|\n|t:|1700944593\n|move|p2a: Miraidon|Dragon Pulse|p1a: Arceus\n|-damage|p1a: Arceus|14\/100\n|move|p1a: Arceus|Recover|p1a: Arceus\n|-heal|p1a: Arceus|64\/100\n|\n|-heal|p2a: Miraidon|30\/100|[from] item: Leftovers\n|upkeep\n|turn|10\n|\n|t:|1700944604\n|move|p2a: Miraidon|Parabolic Charge|p1a: Arceus\n|-damage|p1a: Arceus|15\/100\n|-heal|p2a: Miraidon|56\/100|[from] drain|[of] p1a: Arceus\n|move|p1a: Arceus|Avalanche|p2a: Miraidon\n|-supereffective|p2a: Miraidon\n|-damage|p2a: Miraidon|0 fnt\n|faint|p2a: Miraidon\n|\n|-fieldend|move: Electric Terrain\n|upkeep\n|\n|t:|1700944613\n|switch|p2a: Koraidon|Koraidon|100\/100\n|-weather|SunnyDay|[from] ability: Orichalcum Pulse|[of] p2a: Koraidon\n|-activate|p2a: Koraidon|Orichalcum Pulse|[source]\n|turn|11\n|\n|t:|1700944620\n|switch|p1a: Zacian|Zacian-Crowned|100\/100\n|-ability|p1a: Zacian|Intrepid Sword|boost\n|-boost|p1a: Zacian|atk|1\n|move|p2a: Koraidon|Flame Charge|p1a: Zacian\n|-supereffective|p1a: Zacian\n|-damage|p1a: Zacian|37\/100\n|-boost|p2a: Koraidon|spe|1\n|\n|-weather|SunnyDay|[upkeep]\n|upkeep\n|turn|12\n|\n|t:|1700944632\n|move|p2a: Koraidon|Flame Charge|p1a: Zacian\n|-supereffective|p1a: Zacian\n|-damage|p1a: Zacian|0 fnt\n|-boost|p2a: Koraidon|spe|1\n|faint|p1a: Zacian\n|\n|-weather|SunnyDay|[upkeep]\n|upkeep\n|\n|t:|1700944642\n|switch|p1a: Greninja|Greninja, M|100\/100\n|turn|13\n|\n|t:|1700944647\n|move|p1a: Greninja|Water Shuriken|p2a: Koraidon\n|-resisted|p2a: Koraidon\n|-damage|p2a: Koraidon|98\/100\n|-resisted|p2a: Koraidon\n|-damage|p2a: Koraidon|96\/100\n|-resisted|p2a: Koraidon\n|-damage|p2a: Koraidon|93\/100\n|-hitcount|p2a: Koraidon|3\n|move|p2a: Koraidon|Dragon Claw|p1a: Greninja\n|-damage|p1a: Greninja|5\/100\n|\n|-weather|SunnyDay|[upkeep]\n|upkeep\n|turn|14\n|\n|t:|1700944660\n|switch|p1a: Eternatus|Eternatus|100\/100\n|-ability|p1a: Eternatus|Pressure\n|move|p2a: Koraidon|Flame Charge|p1a: Eternatus\n|-resisted|p1a: Eternatus\n|-crit|p1a: Eternatus\n|-damage|p1a: Eternatus|81\/100\n|-boost|p2a: Koraidon|spe|1\n|\n|-weather|SunnyDay|[upkeep]\n|upkeep\n|turn|15\n|\n|t:|1700944679\n|move|p2a: Koraidon|Dragon Claw|p1a: Eternatus\n|-supereffective|p1a: Eternatus\n|-damage|p1a: Eternatus|0 fnt\n|faint|p1a: Eternatus\n|\n|-weather|none\n|upkeep\n|\n|t:|1700944692\n|switch|p1a: Arceus|Arceus-Ice, shiny|15\/100\n|turn|16\n|\n|t:|1700944702\n|move|p2a: Koraidon|Flame Charge|p1a: Arceus\n|-supereffective|p1a: Arceus\n|-damage|p1a: Arceus|0 fnt\n|-boost|p2a: Koraidon|spe|1\n|faint|p1a: Arceus\n|\n|upkeep\n|\n|t:|1700944711\n|switch|p1a: Greninja|Greninja, M|5\/100\n|turn|17\n|\n|t:|1700944721\n|move|p1a: Greninja|Water Shuriken|p2a: Koraidon\n|-resisted|p2a: Koraidon\n|-damage|p2a: Koraidon|88\/100\n|-resisted|p2a: Koraidon\n|-damage|p2a: Koraidon|83\/100\n|-resisted|p2a: Koraidon\n|-damage|p2a: Koraidon|78\/100\n|-resisted|p2a: Koraidon\n|-damage|p2a: Koraidon|73\/100\n|-resisted|p2a: Koraidon\n|-damage|p2a: Koraidon|68\/100\n|-hitcount|p2a: Koraidon|5\n|move|p2a: Koraidon|Flame Charge|p1a: Greninja\n|-resisted|p1a: Greninja\n|-damage|p1a: Greninja|0 fnt\n|-boost|p2a: Koraidon|spe|1\n|faint|p1a: Greninja\n|\n|upkeep\n|\n|t:|1700944737\n|switch|p1a: Koraidon|Koraidon, tera:Fighting|21\/100\n|-weather|SunnyDay|[from] ability: Orichalcum Pulse|[of] p1a: Koraidon\n|-activate|p1a: Koraidon|Orichalcum Pulse|[source]\n|turn|18\n|\n|t:|1700944746\n|-terastallize|p2a: Koraidon|Fire\n|move|p2a: Koraidon|Dragon Claw|p1a: Koraidon\n|-damage|p1a: Koraidon|0 fnt\n|faint|p1a: Koraidon\n|\n|-weather|SunnyDay|[upkeep]\n|upkeep\n|\n|t:|1700944752\n|switch|p1a: Meowscarada|Meowscarada, M, shiny|37\/100\n|turn|19\n|\n|t:|1700944756\n|move|p2a: Koraidon|Flame Charge|p1a: Meowscarada\n|-supereffective|p1a: Meowscarada\n|-damage|p1a: Meowscarada|0 fnt\n|-boost|p2a: Koraidon|spe|1\n|faint|p1a: Meowscarada\n|\n|win|doubletrouble84\n|raw|Tofuonxgames's rating: 1111 &rarr; <strong>1087<\/strong><br \/>(-24 for losing)\n|raw|doubletrouble84's rating: 1119 &rarr; <strong>1143<\/strong><br \/>(+24 for winning)\n","uploadtime":1700944764,"views":14,"p1id":"tofuonxgames","p2id":"doubletrouble84","formatid":"gen9ubers","rating":1087,"private":0,"password":""}