{"id":"gen9ubers-1978348508","p1":"godiamsosorry","p2":"Rei_darkness","format":"[Gen 9] Ubers","log":"|j|\u2606godiamsosorry\n|j|\u2606Rei_darkness\n|t:|1698527934\n|gametype|singles\n|player|p1|godiamsosorry|caitlin|\n|player|p2|Rei_darkness|drayden|\n|teamsize|p1|6\n|teamsize|p2|6\n|gen|9\n|tier|[Gen 9] Ubers\n|rule|Sleep Clause Mod: Limit one foe put to sleep\n|rule|Species Clause: Limit one of each Pok\u00e9mon\n|rule|OHKO Clause: OHKO moves are banned\n|rule|Evasion Items Clause: Evasion items are banned\n|rule|Evasion Moves Clause: Evasion moves are banned\n|rule|Endless Battle Clause: Forcing endless battles is banned\n|rule|HP Percentage Mod: HP is shown in percentages\n|clearpoke\n|poke|p1|Medicham, M|\n|poke|p1|Zoroark-Hisui, F|\n|poke|p1|Palafin, M|\n|poke|p1|Enamorus, F|\n|poke|p1|Toedscruel, M|\n|poke|p1|Slowking-Galar, F|\n|poke|p2|Slowbro-Galar, F|\n|poke|p2|Klefki, F|\n|poke|p2|Arcanine, F|\n|poke|p2|Victreebel, F|\n|poke|p2|Scovillain, F|\n|poke|p2|Koraidon|\n|teampreview\n|\n|t:|1698527952\n|start\n|switch|p1a: Enamorus|Enamorus, F|100\/100\n|switch|p2a: I die now|Klefki, F|100\/100\n|turn|1\n|\n|t:|1698527960\n|switch|p1a: Toedscruel|Toedscruel, M|100\/100\n|move|p2a: I die now|Steel Beam|p1a: Toedscruel\n|-damage|p1a: Toedscruel|67\/100\n|-damage|p2a: I die now|50\/100|[from] steelbeam\n|\n|upkeep\n|turn|2\n|\n|t:|1698527973\n|move|p2a: I die now|Reflect|p2a: I die now\n|-sidestart|p2: Rei_darkness|Reflect\n|move|p1a: Toedscruel|Spore|p2a: I die now\n|-status|p2a: I die now|slp|[from] move: Spore\n|\n|upkeep\n|turn|3\n|\n|t:|1698527981\n|switch|p1a: Enamorus|Enamorus, F|100\/100\n|switch|p2a: actualboxleg|Koraidon|100\/100\n|-weather|SunnyDay|[from] ability: Orichalcum Pulse|[of] p2a: actualboxleg\n|-activate|p2a: actualboxleg|Orichalcum Pulse|[source]\n|\n|-weather|SunnyDay|[upkeep]\n|upkeep\n|turn|4\n|\n|t:|1698527989\n|switch|p2a: gen1shitmon|Victreebel, F|100\/100\n|move|p1a: Enamorus|Substitute|p1a: Enamorus\n|-start|p1a: Enamorus|Substitute\n|-damage|p1a: Enamorus|76\/100\n|\n|-weather|SunnyDay|[upkeep]\n|-heal|p1a: Enamorus|82\/100|[from] item: Leftovers\n|upkeep\n|turn|5\n|\n|t:|1698527994\n|move|p2a: gen1shitmon|Sludge Bomb|p1a: Enamorus\n|-supereffective|p1a: Enamorus\n|-end|p1a: Enamorus|Substitute\n|move|p1a: Enamorus|Superpower|p2a: gen1shitmon\n|-resisted|p2a: gen1shitmon\n|-crit|p2a: gen1shitmon\n|-damage|p2a: gen1shitmon|54\/100\n|-boost|p1a: Enamorus|atk|1\n|-boost|p1a: Enamorus|def|1\n|\n|-weather|SunnyDay|[upkeep]\n|-heal|p1a: Enamorus|88\/100|[from] item: Leftovers\n|upkeep\n|turn|6\n|\n|t:|1698528003\n|-terastallize|p1a: Enamorus|Steel\n|move|p2a: gen1shitmon|Sludge Bomb|p1a: Enamorus\n|-immune|p1a: Enamorus\n|move|p1a: Enamorus|Substitute|p1a: Enamorus\n|-start|p1a: Enamorus|Substitute\n|-damage|p1a: Enamorus|63\/100\n|\n|-weather|SunnyDay|[upkeep]\n|-heal|p1a: Enamorus|69\/100|[from] item: Leftovers\n|upkeep\n|turn|7\n|\n|t:|1698528006\n|move|p2a: gen1shitmon|Weather Ball|p1a: Enamorus\n|-supereffective|p1a: Enamorus\n|-end|p1a: Enamorus|Substitute\n|move|p1a: Enamorus|Superpower|p2a: gen1shitmon\n|-resisted|p2a: gen1shitmon\n|-damage|p2a: gen1shitmon|31\/100\n|-boost|p1a: Enamorus|atk|1\n|-boost|p1a: Enamorus|def|1\n|\n|-weather|SunnyDay|[upkeep]\n|-heal|p1a: Enamorus|76\/100|[from] item: Leftovers\n|upkeep\n|turn|8\n|c|\u2606godiamsosorry|No specs?\n|\n|t:|1698528019\n|switch|p1a: Slowking|Slowking-Galar, F|100\/100\n|move|p2a: gen1shitmon|Weather Ball|p1a: Slowking\n|-damage|p1a: Slowking|61\/100\n|\n|-weather|SunnyDay|[upkeep]\n|upkeep\n|turn|9\n|c|\u2606Rei_darkness|Nope\n|c|\u2606godiamsosorry|What item?\n|c|\u2606Rei_darkness|I guess you'll find out soon enough\n|\n|t:|1698528048\n|-terastallize|p2a: gen1shitmon|Grass\n|move|p2a: gen1shitmon|Solar Beam||[still]\n|-prepare|p2a: gen1shitmon|Solar Beam\n|-anim|p2a: gen1shitmon|Solar Beam|p1a: Slowking\n|-resisted|p1a: Slowking\n|-damage|p1a: Slowking|32\/100\n|move|p1a: Slowking|Chilly Reception|p1a: Slowking\n|-weather|Snow\n|\n|t:|1698528056\n|switch|p1a: Enamorus|Enamorus, F, tera:Steel|76\/100|[from] Chilly Reception\n|\n|-weather|Snow|[upkeep]\n|-heal|p1a: Enamorus|82\/100|[from] item: Leftovers\n|-sideend|p2: Rei_darkness|Reflect\n|upkeep\n|turn|10\n|c|\u2606Rei_darkness|my dumb ass forgetting about the type chart\n|\n|t:|1698528066\n|switch|p2a: actualboxleg|Koraidon|100\/100\n|-weather|SunnyDay|[from] ability: Orichalcum Pulse|[of] p2a: actualboxleg\n|-activate|p2a: actualboxleg|Orichalcum Pulse|[source]\n|move|p1a: Enamorus|Substitute|p1a: Enamorus\n|-start|p1a: Enamorus|Substitute\n|-damage|p1a: Enamorus|57\/100\n|\n|-weather|SunnyDay|[upkeep]\n|-heal|p1a: Enamorus|63\/100|[from] item: Leftovers\n|upkeep\n|turn|11\n|\n|t:|1698528069\n|move|p2a: actualboxleg|Fire Spin|p1a: Enamorus\n|-supereffective|p1a: Enamorus\n|-end|p1a: Enamorus|Substitute\n|move|p1a: Enamorus|Play Rough|p2a: actualboxleg\n|-supereffective|p2a: actualboxleg\n|-damage|p2a: actualboxleg|0 fnt\n|faint|p2a: actualboxleg\n|\n|-weather|SunnyDay|[upkeep]\n|-heal|p1a: Enamorus|69\/100|[from] item: Leftovers\n|upkeep\n|\n|t:|1698528080\n|switch|p2a: gen1shitmon|Victreebel, F, tera:Grass|31\/100\n|turn|12\n|\n|t:|1698528087\n|switch|p1a: Toedscruel|Toedscruel, M|67\/100\n|move|p2a: gen1shitmon|Weather Ball|p1a: Toedscruel\n|-supereffective|p1a: Toedscruel\n|-damage|p1a: Toedscruel|8\/100\n|\n|-weather|SunnyDay|[upkeep]\n|upkeep\n|turn|13\n|\n|t:|1698528090\n|move|p2a: gen1shitmon|Weather Ball|p1a: Toedscruel\n|-supereffective|p1a: Toedscruel\n|-damage|p1a: Toedscruel|0 fnt\n|faint|p1a: Toedscruel\n|\n|-weather|SunnyDay|[upkeep]\n|upkeep\n|\n|t:|1698528096\n|switch|p1a: Slowking|Slowking-Galar, F|100\/100\n|turn|14\n|\n|t:|1698528104\n|switch|p2a: gen9shitmon|Scovillain, F|100\/100\n|move|p1a: Slowking|Shadow Sneak|p2a: gen9shitmon\n|-damage|p2a: gen9shitmon|67\/100\n|\n|-weather|SunnyDay|[upkeep]\n|upkeep\n|turn|15\n|\n|t:|1698528114\n|switch|p1a: Slowking|Slowking-Galar, F|66\/100\n|move|p2a: gen9shitmon|Lash Out|p1a: Slowking\n|-supereffective|p1a: Slowking\n|-damage|p1a: Slowking|30\/100\n|\n|-weather|SunnyDay|[upkeep]\n|upkeep\n|turn|16\n|\n|t:|1698528120\n|switch|p1a: Palafin|Palafin, M|100\/100\n|move|p2a: gen9shitmon|Seed Bomb|p1a: Palafin\n|-supereffective|p1a: Palafin\n|-damage|p1a: Palafin|1\/100\n|\n|-weather|SunnyDay|[upkeep]\n|upkeep\n|turn|17\n|\n|t:|1698528126\n|detailschange|p1a: Palafin|Palafin-Hero, M\n|switch|p1a: Slowking|Slowking-Galar, F|63\/100\n|move|p2a: gen9shitmon|Fire Fang|p1a: Slowking\n|-damage|p1a: Slowking|31\/100\n|\n|-weather|none\n|upkeep\n|turn|18\n|\n|t:|1698528133\n|switch|p1a: Slowking|Slowking-Galar, F|100\/100\n|move|p2a: gen9shitmon|Lash Out|p1a: Slowking\n|-supereffective|p1a: Slowking\n|-damage|p1a: Slowking|0 fnt\n|replace|p1a: Zoroark|Zoroark-Hisui, F\n|-end|p1a: Zoroark|Illusion\n|faint|p1a: Zoroark\n|\n|upkeep\n|\n|t:|1698528136\n|switch|p1a: Enamorus|Enamorus, F, tera:Steel|69\/100\n|turn|19\n|\n|t:|1698528139\n|move|p1a: Enamorus|Superpower|p2a: gen9shitmon\n|-damage|p2a: gen9shitmon|0 fnt\n|-boost|p1a: Enamorus|atk|1\n|-boost|p1a: Enamorus|def|1\n|faint|p2a: gen9shitmon\n|\n|-heal|p1a: Enamorus|76\/100|[from] item: Leftovers\n|upkeep\n|\n|t:|1698528154\n|switch|p2a: Cowgurl|Slowbro-Galar, F|100\/100\n|turn|20\n|-activate|p2a: Cowgurl|ability: Quick Draw\n|\n|t:|1698528158\n|move|p2a: Cowgurl|Fire Blast|p1a: Enamorus\n|-supereffective|p1a: Enamorus\n|-damage|p1a: Enamorus|0 fnt\n|faint|p1a: Enamorus\n|\n|upkeep\n|\n|t:|1698528165\n|switch|p1a: Palafin|Palafin-Hero, M|1\/100\n|-activate|p1a: Palafin|ability: Zero to Hero\n|turn|21\n|\n|t:|1698528175\n|move|p1a: Palafin|Boomburst|p2a: Cowgurl\n|-damage|p2a: Cowgurl|28\/100\n|move|p2a: Cowgurl|Psyshock|p1a: Palafin\n|-damage|p1a: Palafin|0 fnt\n|faint|p1a: Palafin\n|\n|upkeep\n|\n|t:|1698528179\n|switch|p1a: Medicham|Medicham, M|100\/100\n|turn|22\n|-activate|p2a: Cowgurl|item: Quick Claw\n|\n|t:|1698528185\n|move|p2a: Cowgurl|Sludge Bomb|p1a: Medicham\n|-crit|p1a: Medicham\n|-damage|p1a: Medicham|3\/100\n|-status|p1a: Medicham|psn\n|move|p1a: Medicham|Psycho Cut|p2a: Cowgurl\n|-damage|p2a: Cowgurl|0 fnt\n|faint|p2a: Cowgurl\n|\n|-damage|p1a: Medicham|0 fnt|[from] psn\n|faint|p1a: Medicham\n|upkeep\n|c|\u2606godiamsosorry|Damnnnn,,,\n|c|\u2606godiamsosorry|Gg.\n|\n|t:|1698528197\n|switch|p1a: Slowking|Slowking-Galar, F|64\/100\n|switch|p2a: gen1shitmon|Victreebel, F, tera:Grass|31\/100\n|turn|23\n|\n|t:|1698528205\n|move|p2a: gen1shitmon|Sludge Bomb|p1a: Slowking\n|-resisted|p1a: Slowking\n|-damage|p1a: Slowking|46\/100\n|move|p1a: Slowking|Foul Play|p2a: gen1shitmon\n|-damage|p2a: gen1shitmon|4\/100\n|\n|upkeep\n|turn|24\n|\n|t:|1698528214\n|switch|p2a: Arcanine|Arcanine, F|100\/100\n|move|p1a: Slowking|Slack Off|p1a: Slowking\n|-heal|p1a: Slowking|96\/100\n|\n|upkeep\n|turn|25\n|c|\u2606Rei_darkness|honestly i'm not sure\n|c|\u2606Rei_darkness|i don't have any phys attackers anymore\n|\n|t:|1698528243\n|move|p2a: Arcanine|Substitute|p2a: Arcanine\n|-start|p2a: Arcanine|Substitute\n|-damage|p2a: Arcanine|76\/100\n|move|p1a: Slowking|Toxic||[still]\n|-fail|p1a: Slowking\n|\n|upkeep\n|turn|26\n|\n|t:|1698528246\n|move|p2a: Arcanine|Fire Blast|p1a: Slowking|[miss]\n|-miss|p2a: Arcanine|p1a: Slowking\n|move|p1a: Slowking|Foul Play|p2a: Arcanine\n|-activate|p2a: Arcanine|move: Substitute|[damage]\n|\n|upkeep\n|turn|27\n|\n|t:|1698528248\n|move|p2a: Arcanine|Fire Blast|p1a: Slowking\n|-damage|p1a: Slowking|66\/100\n|move|p1a: Slowking|Foul Play|p2a: Arcanine\n|-end|p2a: Arcanine|Substitute\n|\n|upkeep\n|turn|28\n|\n|t:|1698528252\n|move|p2a: Arcanine|Substitute|p2a: Arcanine\n|-start|p2a: Arcanine|Substitute\n|-damage|p2a: Arcanine|51\/100\n|move|p1a: Slowking|Foul Play|p2a: Arcanine\n|-activate|p2a: Arcanine|move: Substitute|[damage]\n|\n|upkeep\n|turn|29\n|\n|t:|1698528254\n|move|p2a: Arcanine|Fire Blast|p1a: Slowking|[miss]\n|-miss|p2a: Arcanine|p1a: Slowking\n|move|p1a: Slowking|Foul Play|p2a: Arcanine\n|-end|p2a: Arcanine|Substitute\n|\n|upkeep\n|turn|30\n|\n|t:|1698528256\n|move|p2a: Arcanine|Substitute|p2a: Arcanine\n|-start|p2a: Arcanine|Substitute\n|-damage|p2a: Arcanine|26\/100\n|-enditem|p2a: Arcanine|Sitrus Berry|[eat]\n|-heal|p2a: Arcanine|51\/100|[from] item: Sitrus Berry\n|move|p1a: Slowking|Foul Play|p2a: Arcanine\n|-crit|p2a: Arcanine\n|-end|p2a: Arcanine|Substitute\n|\n|upkeep\n|turn|31\n|\n|t:|1698528259\n|move|p2a: Arcanine|Substitute|p2a: Arcanine\n|-start|p2a: Arcanine|Substitute\n|-damage|p2a: Arcanine|26\/100\n|move|p1a: Slowking|Foul Play|p2a: Arcanine\n|-activate|p2a: Arcanine|move: Substitute|[damage]\n|\n|upkeep\n|turn|32\n|\n|t:|1698528261\n|move|p2a: Arcanine|Morning Sun|p2a: Arcanine\n|-heal|p2a: Arcanine|76\/100\n|move|p1a: Slowking|Foul Play|p2a: Arcanine\n|-end|p2a: Arcanine|Substitute\n|\n|upkeep\n|turn|33\n|\n|t:|1698528264\n|move|p2a: Arcanine|Substitute|p2a: Arcanine\n|-start|p2a: Arcanine|Substitute\n|-damage|p2a: Arcanine|51\/100\n|move|p1a: Slowking|Foul Play|p2a: Arcanine\n|-activate|p2a: Arcanine|move: Substitute|[damage]\n|\n|upkeep\n|turn|34\n|\n|t:|1698528266\n|move|p2a: Arcanine|Fire Blast|p1a: Slowking\n|-damage|p1a: Slowking|38\/100\n|move|p1a: Slowking|Foul Play|p2a: Arcanine\n|-end|p2a: Arcanine|Substitute\n|\n|upkeep\n|turn|35\n|\n|t:|1698528270\n|move|p2a: Arcanine|Substitute|p2a: Arcanine\n|-start|p2a: Arcanine|Substitute\n|-damage|p2a: Arcanine|26\/100\n|move|p1a: Slowking|Slack Off|p1a: Slowking\n|-heal|p1a: Slowking|88\/100\n|\n|upkeep\n|turn|36\n|\n|t:|1698528274\n|move|p2a: Arcanine|Morning Sun|p2a: Arcanine\n|-heal|p2a: Arcanine|76\/100\n|move|p1a: Slowking|Chilly Reception|p1a: Slowking\n|-weather|Snow\n|\n|-weather|Snow|[upkeep]\n|upkeep\n|turn|37\n|\n|t:|1698528276\n|move|p2a: Arcanine|Fire Blast|p1a: Slowking\n|-damage|p1a: Slowking|56\/100\n|move|p1a: Slowking|Foul Play|p2a: Arcanine\n|-activate|p2a: Arcanine|move: Substitute|[damage]\n|\n|-weather|Snow|[upkeep]\n|upkeep\n|turn|38\n|\n|t:|1698528280\n|move|p2a: Arcanine|Fire Blast|p1a: Slowking|[miss]\n|-miss|p2a: Arcanine|p1a: Slowking\n|move|p1a: Slowking|Foul Play|p2a: Arcanine\n|-end|p2a: Arcanine|Substitute\n|\n|-weather|Snow|[upkeep]\n|upkeep\n|turn|39\n|c|\u2606Rei_darkness|this fire blast luck is\n|c|\u2606Rei_darkness|so shit\n|\n|t:|1698528291\n|move|p2a: Arcanine|Substitute|p2a: Arcanine\n|-start|p2a: Arcanine|Substitute\n|-damage|p2a: Arcanine|51\/100\n|move|p1a: Slowking|Foul Play|p2a: Arcanine\n|-activate|p2a: Arcanine|move: Substitute|[damage]\n|\n|-weather|Snow|[upkeep]\n|upkeep\n|turn|40\n|\n|t:|1698528294\n|move|p2a: Arcanine|Fire Blast|p1a: Slowking\n|-damage|p1a: Slowking|25\/100\n|move|p1a: Slowking|Slack Off|p1a: Slowking\n|-heal|p1a: Slowking|75\/100\n|\n|-weather|none\n|upkeep\n|turn|41\n|\n|t:|1698528298\n|move|p2a: Arcanine|Fire Blast|p1a: Slowking|[miss]\n|-miss|p2a: Arcanine|p1a: Slowking\n|move|p1a: Slowking|Foul Play|p2a: Arcanine\n|-end|p2a: Arcanine|Substitute\n|\n|upkeep\n|turn|42\n|\n|t:|1698528302\n|move|p2a: Arcanine|Morning Sun|p2a: Arcanine\n|-heal|p2a: Arcanine|100\/100\n|move|p1a: Slowking|Toxic|p2a: Arcanine\n|-status|p2a: Arcanine|tox\n|\n|-damage|p2a: Arcanine|94\/100 tox|[from] psn\n|upkeep\n|turn|43\n|\n|t:|1698528310\n|switch|p2a: I die now|Klefki, F|50\/100 slp\n|move|p1a: Slowking|Chilly Reception|p1a: Slowking\n|-weather|Snow\n|\n|-weather|Snow|[upkeep]\n|upkeep\n|turn|44\n|\n|t:|1698528318\n|cant|p2a: I die now|slp\n|move|p1a: Slowking|Foul Play|p2a: I die now\n|-resisted|p2a: I die now\n|-damage|p2a: I die now|43\/100 slp\n|\n|-weather|Snow|[upkeep]\n|upkeep\n|turn|45\n|\n|t:|1698528325\n|-curestatus|p2a: I die now|slp|[msg]\n|move|p2a: I die now|Sunny Day|p2a: I die now\n|-weather|SunnyDay\n|move|p1a: Slowking|Foul Play|p2a: I die now\n|-resisted|p2a: I die now\n|-damage|p2a: I die now|34\/100\n|\n|-weather|SunnyDay|[upkeep]\n|upkeep\n|turn|46\n|\n|t:|1698528332\n|move|p2a: I die now|Steel Beam|p1a: Slowking\n|-damage|p1a: Slowking|25\/100\n|-damage|p2a: I die now|0 fnt|[from] steelbeam\n|faint|p2a: I die now\n|move|p1a: Slowking|Chilly Reception|p1a: Slowking\n|-weather|Snow\n|\n|-weather|Snow|[upkeep]\n|upkeep\n|\n|t:|1698528343\n|switch|p2a: gen1shitmon|Victreebel, F, tera:Grass|4\/100\n|turn|47\n|\n|t:|1698528353\n|move|p2a: gen1shitmon|Weather Ball|p1a: Slowking\n|-damage|p1a: Slowking|1\/100\n|move|p1a: Slowking|Slack Off|p1a: Slowking\n|-heal|p1a: Slowking|51\/100\n|\n|-weather|Snow|[upkeep]\n|upkeep\n|turn|48\n|c|\u2606Rei_darkness|ARGH\n|c|\u2606Rei_darkness|cmon\n|c|\u2606Rei_darkness|:(\n|\n|t:|1698528370\n|move|p2a: gen1shitmon|Weather Ball|p1a: Slowking\n|-damage|p1a: Slowking|26\/100\n|move|p1a: Slowking|Slack Off|p1a: Slowking\n|-heal|p1a: Slowking|76\/100\n|\n|-weather|Snow|[upkeep]\n|upkeep\n|turn|49\n|\n|t:|1698528382\n|move|p2a: gen1shitmon|Weather Ball|p1a: Slowking\n|-damage|p1a: Slowking|50\/100\n|move|p1a: Slowking|Foul Play|p2a: gen1shitmon\n|-damage|p2a: gen1shitmon|0 fnt\n|faint|p2a: gen1shitmon\n|\n|-weather|Snow|[upkeep]\n|upkeep\n|\n|t:|1698528384\n|switch|p2a: Arcanine|Arcanine, F|94\/100 tox\n|turn|50\n|-message|Rei_darkness forfeited.\n|\n|win|godiamsosorry\n|l|\u2606Rei_darkness\n|c|\u2606godiamsosorry|Gg,,,\n","uploadtime":1698528393,"views":14,"p1id":"godiamsosorry","p2id":"reidarkness","formatid":"gen9ubers","rating":0,"private":0,"password":""}