{"id":"gen9ubers-1992147800","p1":"GL Samson","p2":"Shroomfruit","format":"[Gen 9] Ubers","log":"|j|\u2606GL Samson\n|j|\u2606Shroomfruit\n|t:|1700158987\n|gametype|singles\n|player|p1|GL Samson|riley|\n|player|p2|Shroomfruit|ingo|\n|teamsize|p1|6\n|teamsize|p2|6\n|gen|9\n|tier|[Gen 9] Ubers\n|rule|Sleep Clause Mod: Limit one foe put to sleep\n|rule|Species Clause: Limit one of each Pok\u00e9mon\n|rule|OHKO Clause: OHKO moves are banned\n|rule|Evasion Items Clause: Evasion items are banned\n|rule|Evasion Moves Clause: Evasion moves are banned\n|rule|Endless Battle Clause: Forcing endless battles is banned\n|rule|HP Percentage Mod: HP is shown in percentages\n|clearpoke\n|poke|p1|Iron Moth|\n|poke|p1|Kingambit, M|\n|poke|p1|Flutter Mane|\n|poke|p1|Great Tusk|\n|poke|p1|Ursaluna-Bloodmoon, M|\n|poke|p1|Dragonite, M|\n|poke|p2|Dragonite, M|\n|poke|p2|Kingambit, M|\n|poke|p2|Sandy Shocks|\n|poke|p2|Iron Moth|\n|poke|p2|Iron Valiant|\n|poke|p2|Iron Bundle|\n|teampreview\n|\n|t:|1700159002\n|start\n|switch|p1a: Deimos|Ursaluna-Bloodmoon, M|100\/100\n|switch|p2a: Sandy Sandwich|Sandy Shocks, shiny|100\/100\n|-enditem|p2a: Sandy Sandwich|Booster Energy\n|-activate|p2a: Sandy Sandwich|ability: Protosynthesis|[fromitem]\n|-start|p2a: Sandy Sandwich|protosynthesisspe\n|turn|1\n|\n|t:|1700159013\n|move|p2a: Sandy Sandwich|Stealth Rock|p1a: Deimos\n|-sidestart|p1: GL Samson|move: Stealth Rock\n|move|p1a: Deimos|Calm Mind|p1a: Deimos\n|-boost|p1a: Deimos|spa|1\n|-boost|p1a: Deimos|spd|1\n|\n|upkeep\n|turn|2\n|\n|t:|1700159029\n|move|p2a: Sandy Sandwich|Earth Power|p1a: Deimos\n|-damage|p1a: Deimos|70\/100\n|move|p1a: Deimos|Earth Power|p2a: Sandy Sandwich\n|-supereffective|p2a: Sandy Sandwich\n|-damage|p2a: Sandy Sandwich|0 fnt\n|faint|p2a: Sandy Sandwich\n|-end|p2a: Sandy Sandwich|Protosynthesis|[silent]\n|\n|-heal|p1a: Deimos|76\/100|[from] item: Leftovers\n|upkeep\n|\n|t:|1700159057\n|switch|p2a: Throwbobo|Dragonite, M|100\/100\n|turn|3\n|inactive|Battle timer is ON: inactive players will automatically lose when time's up. (requested by GL Samson)\n|\n|t:|1700159063\n|move|p2a: Throwbobo|Dragon Dance|p2a: Throwbobo\n|-boost|p2a: Throwbobo|atk|1\n|-boost|p2a: Throwbobo|spe|1\n|move|p1a: Deimos|Earth Power|p2a: Throwbobo\n|-immune|p2a: Throwbobo\n|\n|-heal|p1a: Deimos|82\/100|[from] item: Leftovers\n|upkeep\n|turn|4\n|\n|t:|1700159085\n|move|p2a: Throwbobo|Extreme Speed|p1a: Deimos\n|-damage|p1a: Deimos|55\/100\n|move|p1a: Deimos|Vacuum Wave|p2a: Throwbobo\n|-resisted|p2a: Throwbobo\n|-damage|p2a: Throwbobo|94\/100\n|\n|-heal|p1a: Deimos|61\/100|[from] item: Leftovers\n|upkeep\n|turn|5\n|inactive|Shroomfruit has 270 seconds left.\n|\n|t:|1700159109\n|move|p2a: Throwbobo|Extreme Speed|p1a: Deimos\n|-damage|p1a: Deimos|32\/100\n|move|p1a: Deimos|Blood Moon|p2a: Throwbobo\n|-damage|p2a: Throwbobo|0 fnt\n|faint|p2a: Throwbobo\n|\n|-heal|p1a: Deimos|39\/100|[from] item: Leftovers\n|upkeep\n|inactive|Shroomfruit has 270 seconds left.\n|inactive|Shroomfruit has 240 seconds left.\n|inactive|Shroomfruit has 210 seconds left.\n|\n|t:|1700159179\n|switch|p2a: Santa|Iron Bundle|100\/100\n|-enditem|p2a: Santa|Booster Energy\n|-activate|p2a: Santa|ability: Quark Drive|[fromitem]\n|-start|p2a: Santa|quarkdrivespe\n|turn|6\n|inactive|Shroomfruit has 210 seconds left.\n|inactive|GL Samson has 270 seconds left.\n|\n|t:|1700159222\n|-terastallize|p1a: Deimos|Fighting\n|move|p1a: Deimos|Vacuum Wave|p2a: Santa\n|-supereffective|p2a: Santa\n|-damage|p2a: Santa|0 fnt\n|faint|p2a: Santa\n|-end|p2a: Santa|Quark Drive|[silent]\n|\n|-heal|p1a: Deimos|45\/100|[from] item: Leftovers\n|upkeep\n|\n|t:|1700159241\n|switch|p2a: Fanta|Iron Moth, shiny|100\/100\n|-enditem|p2a: Fanta|Booster Energy\n|-activate|p2a: Fanta|ability: Quark Drive|[fromitem]\n|-start|p2a: Fanta|quarkdrivespe\n|turn|7\n|inactive|GL Samson has 270 seconds left.\n|inactive|Shroomfruit has 180 seconds left.\n|\n|t:|1700159269\n|-terastallize|p2a: Fanta|Fairy\n|move|p2a: Fanta|Dazzling Gleam|p1a: Deimos\n|-supereffective|p1a: Deimos\n|-damage|p1a: Deimos|0 fnt\n|faint|p1a: Deimos\n|\n|upkeep\n|\n|t:|1700159283\n|switch|p1a: Slifer|Iron Moth|100\/100\n|-damage|p1a: Slifer|76\/100|[from] Stealth Rock\n|-enditem|p1a: Slifer|Booster Energy\n|-activate|p1a: Slifer|ability: Quark Drive|[fromitem]\n|-start|p1a: Slifer|quarkdrivespe\n|turn|8\n|inactive|Shroomfruit has 180 seconds left.\n|\n|t:|1700159305\n|move|p1a: Slifer|Sludge Wave|p2a: Fanta\n|-supereffective|p2a: Fanta\n|-damage|p2a: Fanta|9\/100\n|move|p2a: Fanta|Discharge|p1a: Slifer\n|-damage|p1a: Slifer|45\/100\n|\n|upkeep\n|turn|9\n|inactive|GL Samson has 240 seconds left.\n|\n|t:|1700159332\n|move|p2a: Fanta|Dazzling Gleam|p1a: Slifer\n|-resisted|p1a: Slifer\n|-damage|p1a: Slifer|34\/100\n|move|p1a: Slifer|Sludge Wave|p2a: Fanta\n|-supereffective|p2a: Fanta\n|-damage|p2a: Fanta|0 fnt\n|faint|p2a: Fanta\n|-end|p2a: Fanta|Quark Drive|[silent]\n|\n|upkeep\n|\n|t:|1700159349\n|switch|p2a: Iron Valiant|Iron Valiant|100\/100\n|-enditem|p2a: Iron Valiant|Booster Energy\n|-activate|p2a: Iron Valiant|ability: Quark Drive|[fromitem]\n|-start|p2a: Iron Valiant|quarkdrivespe\n|turn|10\n|\n|t:|1700159358\n|move|p2a: Iron Valiant|Moonblast|p1a: Slifer\n|-resisted|p1a: Slifer\n|-damage|p1a: Slifer|22\/100\n|move|p1a: Slifer|Sludge Wave|p2a: Iron Valiant\n|-supereffective|p2a: Iron Valiant\n|-damage|p2a: Iron Valiant|0 fnt\n|faint|p2a: Iron Valiant\n|-end|p2a: Iron Valiant|Quark Drive|[silent]\n|\n|upkeep\n|\n|t:|1700159367\n|switch|p2a: Root Beer|Kingambit, M, shiny|100\/100\n|-activate|p2a: Root Beer|ability: Supreme Overlord\n|-start|p2a: Root Beer|fallen5|[silent]\n|turn|11\n|\n|t:|1700159376\n|-end|p1a: Slifer|Quark Drive|[silent]\n|switch|p1a: Netherite|Great Tusk|100\/100\n|-damage|p1a: Netherite|98\/100|[from] Stealth Rock\n|-enditem|p1a: Netherite|Booster Energy\n|-activate|p1a: Netherite|ability: Protosynthesis|[fromitem]\n|-start|p1a: Netherite|protosynthesisspe\n|move|p2a: Root Beer|Sucker Punch||[still]\n|-fail|p2a: Root Beer\n|\n|upkeep\n|turn|12\n|\n|t:|1700159395\n|move|p1a: Netherite|Bulk Up|p1a: Netherite\n|-boost|p1a: Netherite|atk|1\n|-boost|p1a: Netherite|def|1\n|move|p2a: Root Beer|Iron Head|p1a: Netherite\n|-damage|p1a: Netherite|69\/100\n|\n|upkeep\n|turn|13\n|\n|t:|1700159410\n|move|p1a: Netherite|Bulk Up|p1a: Netherite\n|-boost|p1a: Netherite|atk|1\n|-boost|p1a: Netherite|def|1\n|move|p2a: Root Beer|Iron Head|p1a: Netherite\n|-damage|p1a: Netherite|45\/100\n|\n|upkeep\n|turn|14\n|\n|t:|1700159420\n|move|p1a: Netherite|Close Combat|p2a: Root Beer\n|-supereffective|p2a: Root Beer\n|-enditem|p2a: Root Beer|Chople Berry|[eat]\n|-enditem|p2a: Root Beer|Chople Berry|[weaken]\n|-damage|p2a: Root Beer|0 fnt\n|-unboost|p1a: Netherite|def|1\n|-unboost|p1a: Netherite|spd|1\n|faint|p2a: Root Beer\n|-end|p2a: Root Beer|fallen5|[silent]\n|\n|win|GL Samson\n|l|\u2606Shroomfruit\n|l|\u2606GL Samson\n|j|\u2606GL Samson\n|player|p1|GL Samson|riley\n","uploadtime":1700160215,"views":17,"p1id":"glsamson","p2id":"shroomfruit","formatid":"gen9ubers","rating":0,"private":0,"password":""}