{"id":"gen9ubers-1970008510","p1":"NathanNat66","p2":"Mattattac","format":"[Gen 9] Ubers","log":"|j|\u2606NathanNat66\n|j|\u2606Mattattac\n|t:|1697584616\n|gametype|singles\n|player|p1|NathanNat66|mira|1138\n|player|p2|Mattattac|nate|1157\n|teamsize|p1|6\n|teamsize|p2|6\n|gen|9\n|tier|[Gen 9] Ubers\n|rated|\n|rule|Sleep Clause Mod: Limit one foe put to sleep\n|rule|Species Clause: Limit one of each Pok\u00e9mon\n|rule|OHKO Clause: OHKO moves are banned\n|rule|Evasion Items Clause: Evasion items are banned\n|rule|Evasion Moves Clause: Evasion moves are banned\n|rule|Endless Battle Clause: Forcing endless battles is banned\n|rule|HP Percentage Mod: HP is shown in percentages\n|clearpoke\n|poke|p1|Kyogre|\n|poke|p1|Miraidon|\n|poke|p1|Iron Treads|\n|poke|p1|Iron Bundle|\n|poke|p1|Arceus-Fairy|\n|poke|p1|Giratina-Origin|\n|poke|p2|Flutter Mane|\n|poke|p2|Ursaluna-Bloodmoon, M|\n|poke|p2|Chien-Pao|\n|poke|p2|Iron Bundle|\n|poke|p2|Annihilape, M|\n|poke|p2|Kyogre|\n|teampreview\n|inactive|Battle timer is ON: inactive players will automatically lose when time's up. (requested by NathanNat66)\n|\n|t:|1697584634\n|start\n|switch|p1a: Miraidon|Miraidon|100\/100\n|switch|p2a: Kyogre|Kyogre|100\/100\n|-weather|RainDance|[from] ability: Drizzle|[of] p2a: Kyogre\n|-fieldstart|move: Electric Terrain|[from] ability: Hadron Engine|[of] p1a: Miraidon\n|turn|1\n|\n|t:|1697584642\n|move|p2a: Kyogre|Ice Beam|p1a: Miraidon\n|-supereffective|p1a: Miraidon\n|-damage|p1a: Miraidon|38\/100\n|-enditem|p1a: Miraidon|Sitrus Berry|[eat]\n|-heal|p1a: Miraidon|63\/100|[from] item: Sitrus Berry\n|move|p1a: Miraidon|Volt Switch|p2a: Kyogre\n|-supereffective|p2a: Kyogre\n|-damage|p2a: Kyogre|11\/100\n|\n|t:|1697584652\n|switch|p1a: Giratina|Giratina-Origin|100\/100|[from] Volt Switch\n|\n|-weather|RainDance|[upkeep]\n|upkeep\n|turn|2\n|\n|t:|1697584656\n|move|p1a: Giratina|Shadow Sneak|p2a: Kyogre\n|-damage|p2a: Kyogre|0 fnt\n|faint|p2a: Kyogre\n|\n|-weather|RainDance|[upkeep]\n|upkeep\n|\n|t:|1697584662\n|switch|p2a: Chien-Pao|Chien-Pao|100\/100\n|-ability|p2a: Chien-Pao|Sword of Ruin\n|turn|3\n|inactive|NathanNat66 has 120 seconds left.\n|\n|t:|1697584712\n|switch|p1a: Arceus|Arceus-Fairy|100\/100\n|move|p2a: Chien-Pao|Swords Dance|p2a: Chien-Pao\n|-boost|p2a: Chien-Pao|atk|2\n|\n|-weather|RainDance|[upkeep]\n|upkeep\n|turn|4\n|\n|t:|1697584718\n|move|p2a: Chien-Pao|Ice Spinner|p1a: Arceus\n|-damage|p1a: Arceus|29\/100\n|-fieldend|move: Electric Terrain\n|move|p1a: Arceus|Judgment|p2a: Chien-Pao\n|-supereffective|p2a: Chien-Pao\n|-damage|p2a: Chien-Pao|0 fnt\n|faint|p2a: Chien-Pao\n|\n|-weather|RainDance|[upkeep]\n|upkeep\n|\n|t:|1697584727\n|switch|p2a: Iron Bundle|Iron Bundle, shiny|100\/100\n|turn|5\n|\n|t:|1697584731\n|move|p2a: Iron Bundle|Ice Beam|p1a: Arceus\n|-crit|p1a: Arceus\n|-damage|p1a: Arceus|0 fnt\n|faint|p1a: Arceus\n|\n|-weather|none\n|upkeep\n|inactive|NathanNat66 has 120 seconds left.\n|\n|t:|1697584746\n|switch|p1a: Iron Bundle|Iron Bundle|100\/100\n|turn|6\n|\n|t:|1697584750\n|move|p1a: Iron Bundle|Freeze-Dry|p2a: Iron Bundle\n|-damage|p2a: Iron Bundle|0 fnt\n|faint|p2a: Iron Bundle\n|-end|p2a: Iron Bundle|Quark Drive|[silent]\n|\n|upkeep\n|\n|t:|1697584761\n|switch|p2a: Ursaluna|Ursaluna-Bloodmoon, M|100\/100\n|turn|7\n|\n|t:|1697584767\n|-end|p1a: Iron Bundle|Quark Drive|[silent]\n|switch|p1a: Giratina|Giratina-Origin|100\/100\n|-terastallize|p2a: Ursaluna|Fighting\n|move|p2a: Ursaluna|Vacuum Wave|p1a: Giratina\n|-damage|p1a: Giratina|83\/100\n|\n|upkeep\n|turn|8\n|\n|t:|1697584776\n|switch|p2a: Annihilape|Annihilape, M, shiny|100\/100\n|move|p1a: Giratina|Shadow Force||[still]\n|-prepare|p1a: Giratina|Shadow Force\n|\n|upkeep\n|turn|9\n|\n|t:|1697584782\n|move|p2a: Annihilape|Bulk Up|p2a: Annihilape\n|-boost|p2a: Annihilape|atk|1\n|-boost|p2a: Annihilape|def|1\n|move|p1a: Giratina|Shadow Force|p2a: Annihilape|[from]lockedmove\n|-supereffective|p2a: Annihilape\n|-damage|p2a: Annihilape|6\/100\n|\n|-heal|p2a: Annihilape|12\/100|[from] item: Leftovers\n|upkeep\n|turn|10\n|\n|t:|1697584789\n|move|p1a: Giratina|Shadow Sneak|p2a: Annihilape\n|-supereffective|p2a: Annihilape\n|-damage|p2a: Annihilape|0 fnt\n|faint|p2a: Annihilape\n|\n|upkeep\n|\n|t:|1697584792\n|switch|p2a: Flutter Mane|Flutter Mane, shiny|100\/100\n|turn|11\n|\n|t:|1697584812\n|-terastallize|p1a: Giratina|Bug\n|move|p1a: Giratina|Shadow Sneak|p2a: Flutter Mane\n|-supereffective|p2a: Flutter Mane\n|-damage|p2a: Flutter Mane|0 fnt\n|faint|p2a: Flutter Mane\n|-end|p2a: Flutter Mane|Protosynthesis|[silent]\n|\n|upkeep\n|\n|t:|1697584816\n|switch|p2a: Ursaluna|Ursaluna-Bloodmoon, M, tera:Fighting|100\/100\n|turn|12\n|\n|t:|1697584819\n|move|p1a: Giratina|Shadow Force||[still]\n|-prepare|p1a: Giratina|Shadow Force\n|move|p2a: Ursaluna|Blood Moon|p1a: Giratina|[miss]\n|-miss|p2a: Ursaluna|p1a: Giratina\n|\n|upkeep\n|turn|13\n|\n|t:|1697584825\n|move|p2a: Ursaluna|Vacuum Wave|p1a: Giratina|[miss]\n|-miss|p2a: Ursaluna|p1a: Giratina\n|move|p1a: Giratina|Shadow Force|p2a: Ursaluna|[from]lockedmove\n|-crit|p2a: Ursaluna\n|-damage|p2a: Ursaluna|16\/100\n|\n|upkeep\n|turn|14\n|\n|t:|1697584831\n|move|p1a: Giratina|Shadow Force||[still]\n|-prepare|p1a: Giratina|Shadow Force\n|move|p2a: Ursaluna|Blood Moon|p1a: Giratina|[miss]\n|-miss|p2a: Ursaluna|p1a: Giratina\n|\n|upkeep\n|turn|15\n|c|\u2606Mattattac|gg\n|\n|t:|1697584835\n|move|p2a: Ursaluna|Vacuum Wave|p1a: Giratina|[miss]\n|-miss|p2a: Ursaluna|p1a: Giratina\n|move|p1a: Giratina|Shadow Force|p2a: Ursaluna|[from]lockedmove\n|-damage|p2a: Ursaluna|0 fnt\n|faint|p2a: Ursaluna\n|\n|win|NathanNat66\n|raw|NathanNat66's rating: 1138 &rarr; <strong>1164<\/strong><br \/>(+26 for winning)\n|raw|Mattattac's rating: 1157 &rarr; <strong>1131<\/strong><br \/>(-26 for losing)\n","uploadtime":1697584837,"views":10,"p1id":"nathannat66","p2id":"mattattac","formatid":"gen9ubers","rating":1131,"private":0,"password":""}