{"id":"gen9ubers-1968686809","p1":"pearlman","p2":"8enfn","format":"[Gen 9] Ubers","log":"|j|\u2606pearlman\n|j|\u26068enfn\n|t:|1697453520\n|gametype|singles\n|player|p1|pearlman|2|1044\n|player|p2|8enfn|red|1000\n|teamsize|p1|6\n|teamsize|p2|6\n|gen|9\n|tier|[Gen 9] Ubers\n|rated|\n|rule|Sleep Clause Mod: Limit one foe put to sleep\n|rule|Species Clause: Limit one of each Pok\u00e9mon\n|rule|OHKO Clause: OHKO moves are banned\n|rule|Evasion Items Clause: Evasion items are banned\n|rule|Evasion Moves Clause: Evasion moves are banned\n|rule|Endless Battle Clause: Forcing endless battles is banned\n|rule|HP Percentage Mod: HP is shown in percentages\n|clearpoke\n|poke|p1|Donphan, L6, M|\n|poke|p1|Skeledirge, M|\n|poke|p1|Cacturne, M|\n|poke|p1|Toedscruel, M|\n|poke|p1|Weezing-Galar, F|\n|poke|p1|Snorlax, M|\n|poke|p2|Corviknight, F|\n|poke|p2|Ting-Lu|\n|poke|p2|Dachsbun, M|\n|poke|p2|Iron Treads|\n|poke|p2|Miraidon|\n|poke|p2|Palafin, F|\n|teampreview\n|inactive|Battle timer is ON: inactive players will automatically lose when time's up. (requested by pearlman)\n|\n|t:|1697453527\n|start\n|switch|p1a: Skeledirge|Skeledirge, M|100\/100\n|switch|p2a: TIM ALLEN|Palafin, F|100\/100\n|turn|1\n|c|\u2606pearlman|Gl hf\n|\n|t:|1697453536\n|switch|p1a: Cacturne|Cacturne, M|100\/100\n|move|p2a: TIM ALLEN|Liquidation|p1a: Cacturne\n|-immune|p1a: Cacturne|[from] ability: Water Absorb\n|\n|upkeep\n|turn|2\n|\n|t:|1697453550\n|detailschange|p2a: TIM ALLEN|Palafin-Hero, F\n|switch|p2a: Iron Treads|Iron Treads|100\/100\n|move|p1a: Cacturne|Leech Seed|p2a: Iron Treads\n|-start|p2a: Iron Treads|move: Leech Seed\n|\n|-damage|p2a: Iron Treads|88\/100|[from] Leech Seed|[of] p1a: Cacturne\n|upkeep\n|turn|3\n|\n|t:|1697453563\n|move|p2a: Iron Treads|Rapid Spin|p1a: Cacturne\n|-damage|p1a: Cacturne|81\/100\n|-boost|p2a: Iron Treads|spe|1\n|-end|p2a: Iron Treads|Leech Seed|[from] move: Rapid Spin|[of] p2a: Iron Treads\n|move|p1a: Cacturne|Toxic Spikes|p2a: Iron Treads\n|-sidestart|p2: 8enfn|move: Toxic Spikes\n|\n|-heal|p2a: Iron Treads|94\/100|[from] item: Leftovers\n|upkeep\n|turn|4\n|\n|t:|1697453576\n|move|p1a: Cacturne|Spiky Shield|p1a: Cacturne\n|-singleturn|p1a: Cacturne|move: Protect\n|move|p2a: Iron Treads|Earthquake|p1a: Cacturne\n|-activate|p1a: Cacturne|move: Protect\n|\n|-heal|p2a: Iron Treads|100\/100|[from] item: Leftovers\n|upkeep\n|turn|5\n|\n|t:|1697453585\n|move|p2a: Iron Treads|Earthquake|p1a: Cacturne\n|-resisted|p1a: Cacturne\n|-damage|p1a: Cacturne|54\/100\n|move|p1a: Cacturne|Leech Seed|p2a: Iron Treads\n|-start|p2a: Iron Treads|move: Leech Seed\n|\n|-damage|p2a: Iron Treads|88\/100|[from] Leech Seed|[of] p1a: Cacturne\n|-heal|p1a: Cacturne|68\/100|[silent]\n|upkeep\n|turn|6\n|\n|t:|1697453594\n|move|p1a: Cacturne|Spiky Shield|p1a: Cacturne\n|-singleturn|p1a: Cacturne|move: Protect\n|move|p2a: Iron Treads|Knock Off|p1a: Cacturne\n|-activate|p1a: Cacturne|move: Protect\n|-damage|p2a: Iron Treads|75\/100|[from] Spiky Shield|[of] p1a: Cacturne\n|\n|-heal|p2a: Iron Treads|82\/100|[from] item: Leftovers\n|-damage|p2a: Iron Treads|69\/100|[from] Leech Seed|[of] p1a: Cacturne\n|-heal|p1a: Cacturne|82\/100|[silent]\n|upkeep\n|turn|7\n|\n|t:|1697453609\n|move|p2a: Iron Treads|Knock Off|p1a: Cacturne\n|-resisted|p1a: Cacturne\n|-damage|p1a: Cacturne|64\/100\n|-enditem|p1a: Cacturne|Focus Sash|[from] move: Knock Off|[of] p2a: Iron Treads\n|move|p1a: Cacturne|Toxic Spikes|p2a: Iron Treads\n|-sidestart|p2: 8enfn|move: Toxic Spikes\n|\n|-heal|p2a: Iron Treads|75\/100|[from] item: Leftovers\n|-damage|p2a: Iron Treads|63\/100|[from] Leech Seed|[of] p1a: Cacturne\n|-heal|p1a: Cacturne|78\/100|[silent]\n|upkeep\n|turn|8\n|\n|t:|1697453619\n|move|p1a: Cacturne|Spiky Shield|p1a: Cacturne\n|-singleturn|p1a: Cacturne|move: Protect\n|move|p2a: Iron Treads|Rapid Spin|p1a: Cacturne\n|-activate|p1a: Cacturne|move: Protect\n|-damage|p2a: Iron Treads|50\/100|[from] Spiky Shield|[of] p1a: Cacturne\n|\n|-heal|p2a: Iron Treads|57\/100|[from] item: Leftovers\n|-damage|p2a: Iron Treads|44\/100|[from] Leech Seed|[of] p1a: Cacturne\n|-heal|p1a: Cacturne|92\/100|[silent]\n|upkeep\n|turn|9\n|c|\u26068enfn|your one of the boring c u n t s\n|\n|t:|1697453637\n|-end|p2a: Iron Treads|Quark Drive|[silent]\n|switch|p2a: Dachsbun|Dachsbun, M|100\/100\n|-status|p2a: Dachsbun|tox\n|-terastallize|p1a: Cacturne|Ghost\n|move|p1a: Cacturne|Sucker Punch||[still]\n|-fail|p1a: Cacturne\n|\n|-damage|p2a: Dachsbun|95\/100 tox|[from] psn\n|upkeep\n|turn|10\n|\n|t:|1697453653\n|move|p2a: Dachsbun|Wish|p2a: Dachsbun\n|move|p1a: Cacturne|Leech Seed|p2a: Dachsbun\n|-start|p2a: Dachsbun|move: Leech Seed\n|\n|-heal|p2a: Dachsbun|100\/100 tox|[from] item: Leftovers\n|-damage|p2a: Dachsbun|88\/100 tox|[from] Leech Seed|[of] p1a: Cacturne\n|-heal|p1a: Cacturne|100\/100|[silent]\n|-damage|p2a: Dachsbun|76\/100 tox|[from] psn\n|upkeep\n|turn|11\n|\n|t:|1697453668\n|switch|p1a: Skeledirge|Skeledirge, M|100\/100\n|move|p2a: Dachsbun|Play Rough|p1a: Skeledirge\n|-resisted|p1a: Skeledirge\n|-damage|p1a: Skeledirge|90\/100\n|\n|-heal|p2a: Dachsbun|100\/100 tox|[from] move: Wish|[wisher] Dachsbun\n|-heal|p1a: Skeledirge|96\/100|[from] item: Leftovers\n|-damage|p2a: Dachsbun|88\/100 tox|[from] Leech Seed|[of] p1a: Skeledirge\n|-heal|p1a: Skeledirge|100\/100|[silent]\n|-damage|p2a: Dachsbun|70\/100 tox|[from] psn\n|upkeep\n|turn|12\n|\n|t:|1697453684\n|switch|p2a: TIM ALLEN|Palafin-Hero, F|100\/100\n|-status|p2a: TIM ALLEN|tox\n|-activate|p2a: TIM ALLEN|ability: Zero to Hero\n|move|p1a: Skeledirge|Curse|p2a: TIM ALLEN\n|-start|p2a: TIM ALLEN|Curse|[of] p1a: Skeledirge\n|-damage|p1a: Skeledirge|50\/100\n|\n|-heal|p1a: Skeledirge|57\/100|[from] item: Leftovers\n|-damage|p2a: TIM ALLEN|94\/100 tox|[from] psn\n|-damage|p2a: TIM ALLEN|69\/100 tox|[from] Curse\n|upkeep\n|turn|13\n|\n|t:|1697453698\n|move|p1a: Skeledirge|Protect|p1a: Skeledirge\n|-singleturn|p1a: Skeledirge|Protect\n|move|p2a: TIM ALLEN|Zen Headbutt|p1a: Skeledirge\n|-activate|p1a: Skeledirge|move: Protect\n|\n|-heal|p1a: Skeledirge|63\/100|[from] item: Leftovers\n|-damage|p2a: TIM ALLEN|57\/100 tox|[from] psn\n|-damage|p2a: TIM ALLEN|32\/100 tox|[from] Curse\n|upkeep\n|turn|14\n|\n|t:|1697453711\n|switch|p1a: Cacturne|Cacturne, M, tera:Ghost|100\/100\n|move|p2a: TIM ALLEN|Zen Headbutt|p1a: Cacturne\n|-damage|p1a: Cacturne|24\/100\n|\n|-damage|p2a: TIM ALLEN|14\/100 tox|[from] psn\n|-damage|p2a: TIM ALLEN|0 fnt|[from] Curse\n|faint|p2a: TIM ALLEN\n|upkeep\n|\n|t:|1697453719\n|switch|p2a: Miraidon|Miraidon|100\/100\n|-status|p2a: Miraidon|tox\n|-fieldstart|move: Electric Terrain|[from] ability: Hadron Engine|[of] p2a: Miraidon\n|turn|15\n|\n|t:|1697453731\n|switch|p1a: Donphan|Donphan, L6, M|100\/100\n|move|p2a: Miraidon|Overheat|p1a: Donphan|[miss]\n|-miss|p2a: Miraidon|p1a: Donphan\n|\n|-damage|p2a: Miraidon|94\/100 tox|[from] psn\n|upkeep\n|turn|16\n|\n|t:|1697453740\n|move|p2a: Miraidon|Overheat|p1a: Donphan\n|-ability|p1a: Donphan|Sturdy\n|-damage|p1a: Donphan|4\/100\n|-unboost|p2a: Miraidon|spa|2\n|move|p1a: Donphan|Endeavor|p2a: Miraidon\n|-damage|p2a: Miraidon|1\/100 tox\n|-heal|p1a: Donphan|100\/100|[from] item: Shell Bell|[of] p2a: Miraidon\n|\n|-damage|p2a: Miraidon|0 fnt|[from] psn\n|faint|p2a: Miraidon\n|upkeep\n|\n|t:|1697453746\n|switch|p2a: Ting-Lu|Ting-Lu|100\/100\n|-status|p2a: Ting-Lu|tox\n|-ability|p2a: Ting-Lu|Vessel of Ruin\n|turn|17\n|\n|t:|1697453757\n|move|p2a: Ting-Lu|Ruination|p1a: Donphan|[miss]\n|-miss|p2a: Ting-Lu|p1a: Donphan\n|move|p1a: Donphan|Endeavor|p2a: Ting-Lu\n|-damage|p2a: Ting-Lu|6\/100 tox\n|\n|-heal|p2a: Ting-Lu|12\/100 tox|[from] item: Leftovers\n|-damage|p2a: Ting-Lu|6\/100 tox|[from] psn\n|upkeep\n|turn|18\n|c|\u26068enfn|kaywhys\n|inactive|8enfn has 120 seconds left.\n|\n|t:|1697453790\n|move|p1a: Donphan|Protect|p1a: Donphan\n|-singleturn|p1a: Donphan|Protect\n|move|p2a: Ting-Lu|Earthquake|p1a: Donphan\n|-activate|p1a: Donphan|move: Protect\n|\n|-heal|p2a: Ting-Lu|12\/100 tox|[from] item: Leftovers\n|-damage|p2a: Ting-Lu|0 fnt|[from] psn\n|faint|p2a: Ting-Lu\n|upkeep\n|inactive|8enfn has 120 seconds left.\n|c|\u26068enfn|your so cringe\n|c|\u26068enfn|v1rgin\n|\n|t:|1697453808\n|switch|p2a: Corviknight|Corviknight, F|100\/100\n|turn|19\n|\n|t:|1697453813\n|move|p2a: Corviknight|Drill Peck|p1a: Donphan\n|-ability|p1a: Donphan|Sturdy\n|-damage|p1a: Donphan|4\/100\n|move|p1a: Donphan|Endeavor|p2a: Corviknight\n|-damage|p2a: Corviknight|1\/100\n|-heal|p1a: Donphan|100\/100|[from] item: Shell Bell|[of] p2a: Corviknight\n|\n|-heal|p2a: Corviknight|7\/100|[from] item: Leftovers\n|-fieldend|move: Electric Terrain\n|upkeep\n|turn|20\n|inactive|8enfn has 120 seconds left.\n|\n|t:|1697453829\n|switch|p1a: Skeledirge|Skeledirge, M|63\/100\n|move|p2a: Corviknight|Drill Peck|p1a: Skeledirge\n|-damage|p1a: Skeledirge|41\/100\n|\n|-heal|p2a: Corviknight|13\/100|[from] item: Leftovers\n|-heal|p1a: Skeledirge|47\/100|[from] item: Leftovers\n|upkeep\n|turn|21\n|\n|t:|1697453838\n|move|p2a: Corviknight|Drill Peck|p1a: Skeledirge\n|-damage|p1a: Skeledirge|25\/100\n|move|p1a: Skeledirge|Will-O-Wisp|p2a: Corviknight\n|-status|p2a: Corviknight|brn\n|\n|-heal|p2a: Corviknight|19\/100 brn|[from] item: Leftovers\n|-heal|p1a: Skeledirge|32\/100|[from] item: Leftovers\n|-damage|p2a: Corviknight|13\/100 brn|[from] brn\n|upkeep\n|turn|22\n|\n|t:|1697453849\n|move|p2a: Corviknight|Drill Peck|p1a: Skeledirge\n|-damage|p1a: Skeledirge|21\/100\n|move|p1a: Skeledirge|Slack Off|p1a: Skeledirge\n|-heal|p1a: Skeledirge|71\/100\n|\n|-heal|p2a: Corviknight|19\/100 brn|[from] item: Leftovers\n|-heal|p1a: Skeledirge|77\/100|[from] item: Leftovers\n|-damage|p2a: Corviknight|13\/100 brn|[from] brn\n|upkeep\n|turn|23\n|\n|t:|1697453861\n|move|p2a: Corviknight|Roost|p2a: Corviknight\n|-heal|p2a: Corviknight|63\/100 brn\n|-singleturn|p2a: Corviknight|move: Roost\n|move|p1a: Skeledirge|Curse|p2a: Corviknight\n|-start|p2a: Corviknight|Curse|[of] p1a: Skeledirge\n|-damage|p1a: Skeledirge|27\/100\n|\n|-heal|p2a: Corviknight|69\/100 brn|[from] item: Leftovers\n|-heal|p1a: Skeledirge|34\/100|[from] item: Leftovers\n|-damage|p2a: Corviknight|63\/100 brn|[from] brn\n|-damage|p2a: Corviknight|38\/100 brn|[from] Curse\n|upkeep\n|turn|24\n|\n|t:|1697453875\n|move|p2a: Corviknight|Drill Peck|p1a: Skeledirge\n|-damage|p1a: Skeledirge|23\/100\n|move|p1a: Skeledirge|Slack Off|p1a: Skeledirge\n|-heal|p1a: Skeledirge|73\/100\n|\n|-heal|p2a: Corviknight|44\/100 brn|[from] item: Leftovers\n|-heal|p1a: Skeledirge|79\/100|[from] item: Leftovers\n|-damage|p2a: Corviknight|38\/100 brn|[from] brn\n|-damage|p2a: Corviknight|13\/100 brn|[from] Curse\n|upkeep\n|turn|25\n|\n|t:|1697453893\n|move|p2a: Corviknight|Drill Peck|p1a: Skeledirge\n|-crit|p1a: Skeledirge\n|-damage|p1a: Skeledirge|65\/100\n|move|p1a: Skeledirge|Will-O-Wisp|p2a: Corviknight\n|-fail|p2a: Corviknight|brn\n|\n|-heal|p2a: Corviknight|19\/100 brn|[from] item: Leftovers\n|-heal|p1a: Skeledirge|71\/100|[from] item: Leftovers\n|-damage|p2a: Corviknight|13\/100 brn|[from] brn\n|-damage|p2a: Corviknight|0 fnt|[from] Curse\n|faint|p2a: Corviknight\n|upkeep\n|\n|t:|1697453897\n|switch|p2a: Iron Treads|Iron Treads|44\/100\n|turn|26\n|\n|t:|1697453909\n|move|p2a: Iron Treads|Knock Off|p1a: Skeledirge\n|-supereffective|p1a: Skeledirge\n|-damage|p1a: Skeledirge|33\/100\n|-enditem|p1a: Skeledirge|Leftovers|[from] move: Knock Off|[of] p2a: Iron Treads\n|move|p1a: Skeledirge|Will-O-Wisp|p2a: Iron Treads\n|-status|p2a: Iron Treads|brn\n|\n|-heal|p2a: Iron Treads|50\/100 brn|[from] item: Leftovers\n|-damage|p2a: Iron Treads|44\/100 brn|[from] brn\n|upkeep\n|turn|27\n|\n|t:|1697453920\n|move|p2a: Iron Treads|Knock Off|p1a: Skeledirge\n|-supereffective|p1a: Skeledirge\n|-damage|p1a: Skeledirge|18\/100\n|move|p1a: Skeledirge|Slack Off|p1a: Skeledirge\n|-heal|p1a: Skeledirge|68\/100\n|\n|-heal|p2a: Iron Treads|50\/100 brn|[from] item: Leftovers\n|-damage|p2a: Iron Treads|44\/100 brn|[from] brn\n|upkeep\n|turn|28\n|\n|t:|1697453930\n|move|p2a: Iron Treads|Rapid Spin|p1a: Skeledirge\n|-immune|p1a: Skeledirge\n|move|p1a: Skeledirge|Slack Off|p1a: Skeledirge\n|-heal|p1a: Skeledirge|100\/100\n|\n|-heal|p2a: Iron Treads|50\/100 brn|[from] item: Leftovers\n|-damage|p2a: Iron Treads|44\/100 brn|[from] brn\n|upkeep\n|turn|29\n|\n|t:|1697453939\n|-terastallize|p2a: Iron Treads|Normal\n|move|p2a: Iron Treads|Knock Off|p1a: Skeledirge\n|-supereffective|p1a: Skeledirge\n|-damage|p1a: Skeledirge|87\/100\n|move|p1a: Skeledirge|Curse|p2a: Iron Treads\n|-start|p2a: Iron Treads|Curse|[of] p1a: Skeledirge\n|-damage|p1a: Skeledirge|37\/100\n|\n|-heal|p2a: Iron Treads|50\/100 brn|[from] item: Leftovers\n|-damage|p2a: Iron Treads|44\/100 brn|[from] brn\n|-damage|p2a: Iron Treads|19\/100 brn|[from] Curse\n|upkeep\n|turn|30\n|\n|t:|1697453952\n|move|p2a: Iron Treads|Knock Off|p1a: Skeledirge\n|-supereffective|p1a: Skeledirge\n|-damage|p1a: Skeledirge|24\/100\n|move|p1a: Skeledirge|Slack Off|p1a: Skeledirge\n|-heal|p1a: Skeledirge|74\/100\n|\n|-heal|p2a: Iron Treads|25\/100 brn|[from] item: Leftovers\n|-damage|p2a: Iron Treads|19\/100 brn|[from] brn\n|-damage|p2a: Iron Treads|0 fnt|[from] Curse\n|faint|p2a: Iron Treads\n|-end|p2a: Iron Treads|Quark Drive|[silent]\n|upkeep\n|\n|t:|1697453962\n|switch|p2a: Dachsbun|Dachsbun, M|70\/100 tox\n|turn|31\n|c|\u26068enfn|you are cringe\n|c|\u2606pearlman|Gg\n|c|\u2606pearlman|Ty\n|c|\u26068enfn|like get a life you fat neek\n|n|\u203d8enfn|8enfn\n|c|\u2606pearlman|More salt plz\n|inactive|8enfn has 120 seconds left.\n|\n|t:|1697453994\n|move|p2a: Dachsbun|Play Rough|p1a: Skeledirge\n|-resisted|p1a: Skeledirge\n|-damage|p1a: Skeledirge|62\/100\n|move|p1a: Skeledirge|Curse|p2a: Dachsbun\n|-start|p2a: Dachsbun|Curse|[of] p1a: Skeledirge\n|-damage|p1a: Skeledirge|12\/100\n|\n|-heal|p2a: Dachsbun|76\/100 tox|[from] item: Leftovers\n|-damage|p2a: Dachsbun|70\/100 tox|[from] psn\n|-damage|p2a: Dachsbun|45\/100 tox|[from] Curse\n|upkeep\n|turn|32\n|c|\u2606pearlman|With inflation, it gets expensive\n|inactive|8enfn has 120 seconds left.\n|\n|t:|1697454007\n|move|p1a: Skeledirge|Protect|p1a: Skeledirge\n|-singleturn|p1a: Skeledirge|Protect\n|move|p2a: Dachsbun|Wish|p2a: Dachsbun\n|\n|-heal|p2a: Dachsbun|51\/100 tox|[from] item: Leftovers\n|-damage|p2a: Dachsbun|39\/100 tox|[from] psn\n|-damage|p2a: Dachsbun|15\/100 tox|[from] Curse\n|upkeep\n|turn|33\n|\n|t:|1697454020\n|switch|p1a: Snorlax|Snorlax, M|100\/100\n|move|p2a: Dachsbun|Play Rough|p1a: Snorlax\n|-damage|p1a: Snorlax|76\/100\n|\n|-heal|p2a: Dachsbun|65\/100 tox|[from] move: Wish|[wisher] Dachsbun\n|-heal|p2a: Dachsbun|71\/100 tox|[from] item: Leftovers\n|-heal|p1a: Snorlax|82\/100|[from] item: Leftovers\n|-damage|p2a: Dachsbun|53\/100 tox|[from] psn\n|-damage|p2a: Dachsbun|28\/100 tox|[from] Curse\n|upkeep\n|turn|34\n|\n|t:|1697454034\n|move|p2a: Dachsbun|Body Press|p1a: Snorlax\n|-supereffective|p1a: Snorlax\n|-damage|p1a: Snorlax|33\/100\n|move|p1a: Snorlax|Curse|p1a: Snorlax\n|-unboost|p1a: Snorlax|spe|1\n|-boost|p1a: Snorlax|atk|1\n|-boost|p1a: Snorlax|def|1\n|\n|-heal|p2a: Dachsbun|34\/100 tox|[from] item: Leftovers\n|-heal|p1a: Snorlax|39\/100|[from] item: Leftovers\n|-damage|p2a: Dachsbun|10\/100 tox|[from] psn\n|-damage|p2a: Dachsbun|0 fnt|[from] Curse\n|faint|p2a: Dachsbun\n|\n|win|pearlman\n|upkeep\n|raw|pearlman's rating: 1044 &rarr; <strong>1073<\/strong><br \/>(+29 for winning)\n|raw|8enfn's rating: 1000 &rarr; <strong>1000<\/strong><br \/>(+0 for losing)\n","uploadtime":1697453986,"views":12,"p1id":"pearlman","p2id":"8enfn","formatid":"gen9ubers","rating":1000,"private":0,"password":""}