{"id":"gen9ubers-1999223511","p1":"hmontano77","p2":"Schuuz","format":"[Gen 9] Ubers","log":"|j|\u2606hmontano77\n|j|\u2606Schuuz\n|t:|1701047471\n|gametype|singles\n|player|p1|hmontano77|170|\n|player|p2|Schuuz|170|\n|teamsize|p1|6\n|teamsize|p2|6\n|gen|9\n|tier|[Gen 9] Ubers\n|rule|Sleep Clause Mod: Limit one foe put to sleep\n|rule|Species Clause: Limit one of each Pok\u00e9mon\n|rule|OHKO Clause: OHKO moves are banned\n|rule|Evasion Items Clause: Evasion items are banned\n|rule|Evasion Moves Clause: Evasion moves are banned\n|rule|Endless Battle Clause: Forcing endless battles is banned\n|rule|HP Percentage Mod: HP is shown in percentages\n|clearpoke\n|poke|p1|Donphan, F|\n|poke|p1|Heatran, F|\n|poke|p1|Munkidori, M|\n|poke|p1|Rotom-Heat|\n|poke|p1|Meowscarada, M|\n|poke|p1|Clefairy, F|\n|poke|p2|Chansey, F|\n|poke|p2|Garchomp, M|\n|poke|p2|Quaquaval, M|\n|poke|p2|Jirachi|\n|poke|p2|Rotom-Mow|\n|poke|p2|Glastrier|\n|teampreview\n|j| stonehandsmagee\n|j| jacob--boomer\n|j| BrotherBob252\n|j| bigru55\n|c| jacob--boomer|We're in\n|\n|t:|1701047513\n|start\n|switch|p1a: HUNKidori|Munkidori, M|100\/100\n|switch|p2a: Garchomp|Garchomp, M|100\/100\n|turn|1\n|\n|t:|1701047524\n|move|p1a: HUNKidori|Fake Out|p2a: Garchomp\n|-damage|p2a: Garchomp|95\/100\n|-damage|p1a: HUNKidori|88\/100|[from] ability: Rough Skin|[of] p2a: Garchomp\n|-status|p2a: Garchomp|tox|[from] ability: Toxic Chain|[of] p1a: HUNKidori\n|cant|p2a: Garchomp|flinch\n|\n|-heal|p2a: Garchomp|100\/100 tox|[from] item: Leftovers\n|-damage|p2a: Garchomp|94\/100 tox|[from] psn\n|upkeep\n|turn|2\n|\n|t:|1701047593\n|switch|p1a: Starfire|Clefairy, F, shiny|100\/100\n|move|p2a: Garchomp|Dragon Claw|p1a: Starfire\n|-immune|p1a: Starfire\n|\n|-heal|p2a: Garchomp|100\/100 tox|[from] item: Leftovers\n|-damage|p2a: Garchomp|88\/100 tox|[from] psn\n|upkeep\n|turn|3\n|\n|t:|1701047639\n|switch|p2a: Jirachi|Jirachi|100\/100\n|move|p1a: Starfire|Reflect|p1a: Starfire\n|-sidestart|p1: hmontano77|Reflect\n|\n|upkeep\n|turn|4\n|\n|t:|1701047676\n|switch|p1a: Akainu|Heatran, F, shiny|100\/100\n|-item|p1a: Akainu|Air Balloon\n|move|p2a: Jirachi|Iron Head|p1a: Akainu\n|-resisted|p1a: Akainu\n|-damage|p1a: Akainu|98\/100\n|-enditem|p1a: Akainu|Air Balloon\n|\n|upkeep\n|turn|5\n|\n|t:|1701047743\n|switch|p2a: Garchomp|Garchomp, M|88\/100 tox\n|move|p1a: Akainu|Will-O-Wisp||[still]\n|-fail|p1a: Akainu\n|\n|-heal|p2a: Garchomp|94\/100 tox|[from] item: Leftovers\n|-damage|p2a: Garchomp|88\/100 tox|[from] psn\n|upkeep\n|turn|6\n|\n|t:|1701047774\n|switch|p1a: Trunks|Donphan, F, shiny|100\/100\n|move|p2a: Garchomp|Earthquake|p1a: Trunks\n|-damage|p1a: Trunks|76\/100\n|\n|-heal|p2a: Garchomp|94\/100 tox|[from] item: Leftovers\n|-damage|p2a: Garchomp|82\/100 tox|[from] psn\n|upkeep\n|turn|7\n|\n|t:|1701047792\n|switch|p2a: Glastrier|Glastrier|100\/100\n|move|p1a: Trunks|Ice Shard|p2a: Glastrier\n|-resisted|p2a: Glastrier\n|-damage|p2a: Glastrier|96\/100\n|\n|-heal|p2a: Glastrier|100\/100|[from] item: Leftovers\n|-sideend|p1: hmontano77|Reflect\n|upkeep\n|turn|8\n|\n|t:|1701047836\n|switch|p1a: EasyBakedOven|Rotom-Heat, shiny|100\/100\n|move|p2a: Glastrier|Close Combat|p1a: EasyBakedOven\n|-damage|p1a: EasyBakedOven|50\/100\n|-unboost|p2a: Glastrier|def|1\n|-unboost|p2a: Glastrier|spd|1\n|\n|upkeep\n|turn|9\n|\n|t:|1701047873\n|switch|p2a: Garchomp|Garchomp, M|82\/100 tox\n|move|p1a: EasyBakedOven|Overheat|p2a: Garchomp\n|-resisted|p2a: Garchomp\n|-damage|p2a: Garchomp|36\/100 tox\n|-unboost|p1a: EasyBakedOven|spa|2\n|\n|-heal|p2a: Garchomp|42\/100 tox|[from] item: Leftovers\n|-damage|p2a: Garchomp|36\/100 tox|[from] psn\n|upkeep\n|turn|10\n|\n|t:|1701047889\n|switch|p1a: Starfire|Clefairy, F, shiny|100\/100\n|move|p2a: Garchomp|Liquidation|p1a: Starfire\n|-damage|p1a: Starfire|76\/100\n|\n|-heal|p2a: Garchomp|42\/100 tox|[from] item: Leftovers\n|-damage|p2a: Garchomp|30\/100 tox|[from] psn\n|upkeep\n|turn|11\n|\n|t:|1701047899\n|switch|p2a: Jirachi|Jirachi|100\/100\n|move|p1a: Starfire|Wish|p1a: Starfire\n|\n|upkeep\n|turn|12\n|\n|t:|1701047914\n|switch|p1a: EasyBakedOven|Rotom-Heat, shiny|50\/100\n|move|p2a: Jirachi|Wish|p2a: Jirachi\n|\n|-heal|p1a: EasyBakedOven|100\/100|[from] move: Wish|[wisher] Starfire\n|upkeep\n|turn|13\n|\n|t:|1701047935\n|switch|p1a: Trunks|Donphan, F, shiny|76\/100\n|switch|p2a: Garchomp|Garchomp, M|30\/100 tox\n|\n|-heal|p2a: Garchomp|83\/100 tox|[from] move: Wish|[wisher] Jirachi\n|-heal|p2a: Garchomp|89\/100 tox|[from] item: Leftovers\n|-damage|p2a: Garchomp|83\/100 tox|[from] psn\n|upkeep\n|turn|14\n|\n|t:|1701047950\n|move|p2a: Garchomp|Liquidation|p1a: Trunks\n|-supereffective|p1a: Trunks\n|-damage|p1a: Trunks|20\/100\n|move|p1a: Trunks|Knock Off|p2a: Garchomp\n|-damage|p2a: Garchomp|58\/100 tox\n|-damage|p1a: Trunks|8\/100|[from] ability: Rough Skin|[of] p2a: Garchomp\n|-enditem|p2a: Garchomp|Leftovers|[from] move: Knock Off|[of] p1a: Trunks\n|\n|-damage|p2a: Garchomp|45\/100 tox|[from] psn\n|upkeep\n|turn|15\n|\n|t:|1701047961\n|move|p1a: Trunks|Ice Shard|p2a: Garchomp\n|-supereffective|p2a: Garchomp\n|-damage|p2a: Garchomp|5\/100 tox\n|move|p2a: Garchomp|Liquidation|p1a: Trunks\n|-supereffective|p1a: Trunks\n|-damage|p1a: Trunks|0 fnt\n|faint|p1a: Trunks\n|\n|-damage|p2a: Garchomp|0 fnt|[from] psn\n|faint|p2a: Garchomp\n|upkeep\n|\n|t:|1701047984\n|switch|p2a: Jirachi|Jirachi|100\/100\n|switch|p1a: Hamilton|Meowscarada, M, shiny|100\/100\n|turn|16\n|\n|t:|1701048007\n|move|p1a: Hamilton|Knock Off|p2a: Jirachi\n|-start|p1a: Hamilton|typechange|Dark|[from] ability: Protean\n|-supereffective|p2a: Jirachi\n|-damage|p2a: Jirachi|0 fnt\n|-enditem|p2a: Jirachi|Leftovers|[from] move: Knock Off|[of] p1a: Hamilton\n|faint|p2a: Jirachi\n|\n|upkeep\n|\n|t:|1701048039\n|switch|p2a: Glastrier|Glastrier|100\/100\n|turn|17\n|\n|t:|1701048068\n|move|p1a: Hamilton|Knock Off|p2a: Glastrier\n|-damage|p2a: Glastrier|54\/100\n|-enditem|p2a: Glastrier|Leftovers|[from] move: Knock Off|[of] p1a: Hamilton\n|move|p2a: Glastrier|Close Combat|p1a: Hamilton\n|-supereffective|p1a: Hamilton\n|-damage|p1a: Hamilton|0 fnt\n|-unboost|p2a: Glastrier|def|1\n|-unboost|p2a: Glastrier|spd|1\n|faint|p1a: Hamilton\n|-ability|p2a: Glastrier|Chilling Neigh|boost\n|-boost|p2a: Glastrier|atk|1\n|\n|upkeep\n|\n|t:|1701048084\n|switch|p1a: Akainu|Heatran, F, shiny|98\/100\n|turn|18\n|\n|t:|1701048100\n|move|p1a: Akainu|Will-O-Wisp|p2a: Glastrier\n|-status|p2a: Glastrier|brn\n|move|p2a: Glastrier|Close Combat|p1a: Akainu\n|-supereffective|p1a: Akainu\n|-damage|p1a: Akainu|45\/100\n|-unboost|p2a: Glastrier|def|1\n|-unboost|p2a: Glastrier|spd|1\n|\n|-damage|p2a: Glastrier|48\/100 brn|[from] brn\n|upkeep\n|turn|19\n|\n|t:|1701048117\n|switch|p2a: Quaquaval|Quaquaval, M|100\/100\n|move|p1a: Akainu|Magma Storm|p2a: Quaquaval\n|-resisted|p2a: Quaquaval\n|-damage|p2a: Quaquaval|75\/100\n|-activate|p2a: Quaquaval|move: Magma Storm|[of] p1a: Akainu\n|\n|-damage|p2a: Quaquaval|62\/100|[from] move: Magma Storm|[partiallytrapped]\n|upkeep\n|turn|20\n|\n|t:|1701048166\n|switch|p1a: Starfire|Clefairy, F, shiny|76\/100\n|move|p2a: Quaquaval|Aqua Step|p1a: Starfire\n|-damage|p1a: Starfire|53\/100\n|-boost|p2a: Quaquaval|spe|1\n|\n|-end|p2a: Quaquaval|Magma Storm|[partiallytrapped]|[silent]\n|upkeep\n|turn|21\n|\n|t:|1701048183\n|switch|p2a: Glastrier|Glastrier|48\/100 brn\n|move|p1a: Starfire|Draining Kiss|p2a: Glastrier\n|-damage|p2a: Glastrier|39\/100 brn\n|-heal|p1a: Starfire|60\/100|[from] drain|[of] p2a: Glastrier\n|\n|-damage|p2a: Glastrier|33\/100 brn|[from] brn\n|upkeep\n|turn|22\n|\n|t:|1701048216\n|move|p1a: Starfire|Protect|p1a: Starfire\n|-singleturn|p1a: Starfire|Protect\n|move|p2a: Glastrier|Swords Dance|p2a: Glastrier\n|-boost|p2a: Glastrier|atk|2\n|\n|-damage|p2a: Glastrier|27\/100 brn|[from] brn\n|upkeep\n|turn|23\n|\n|t:|1701048234\n|move|p2a: Glastrier|Icicle Crash|p1a: Starfire\n|-damage|p1a: Starfire|32\/100\n|cant|p1a: Starfire|flinch\n|\n|-damage|p2a: Glastrier|21\/100 brn|[from] brn\n|upkeep\n|turn|24\n|\n|t:|1701048247\n|-terastallize|p1a: Starfire|Fairy\n|move|p2a: Glastrier|Icicle Crash|p1a: Starfire|[miss]\n|-miss|p2a: Glastrier|p1a: Starfire\n|move|p1a: Starfire|Reflect|p1a: Starfire\n|-sidestart|p1: hmontano77|Reflect\n|\n|-damage|p2a: Glastrier|15\/100 brn|[from] brn\n|upkeep\n|turn|25\n|\n|t:|1701048270\n|switch|p2a: Quaquaval|Quaquaval, M|62\/100\n|move|p1a: Starfire|Wish|p1a: Starfire\n|\n|upkeep\n|turn|26\n|\n|t:|1701048291\n|switch|p2a: Chansey|Chansey, F|100\/100\n|move|p1a: Starfire|Draining Kiss|p2a: Chansey\n|-damage|p2a: Chansey|95\/100\n|-heal|p1a: Starfire|39\/100|[from] drain|[of] p2a: Chansey\n|\n|-heal|p1a: Starfire|89\/100|[from] move: Wish|[wisher] Starfire\n|upkeep\n|turn|27\n|\n|t:|1701048333\n|switch|p1a: EasyBakedOven|Rotom-Heat, shiny|100\/100\n|move|p2a: Chansey|Flamethrower|p1a: EasyBakedOven\n|-resisted|p1a: EasyBakedOven\n|-damage|p1a: EasyBakedOven|91\/100\n|\n|upkeep\n|turn|28\n|\n|t:|1701048362\n|move|p1a: EasyBakedOven|Volt Switch|p2a: Chansey\n|-damage|p2a: Chansey|83\/100\n|\n|t:|1701048371\n|switch|p1a: Akainu|Heatran, F, shiny|45\/100|[from] Volt Switch\n|move|p2a: Chansey|Shadow Ball|p1a: Akainu\n|-damage|p1a: Akainu|35\/100\n|\n|-sideend|p1: hmontano77|Reflect\n|upkeep\n|turn|29\n|\n|t:|1701048421\n|switch|p2a: Quaquaval|Quaquaval, M|62\/100\n|move|p1a: Akainu|Magma Storm|p2a: Quaquaval\n|-resisted|p2a: Quaquaval\n|-damage|p2a: Quaquaval|38\/100\n|-activate|p2a: Quaquaval|move: Magma Storm|[of] p1a: Akainu\n|\n|-damage|p2a: Quaquaval|25\/100|[from] move: Magma Storm|[partiallytrapped]\n|upkeep\n|turn|30\n|\n|t:|1701048453\n|switch|p1a: Starfire|Clefairy, F, shiny, tera:Fairy|89\/100\n|move|p2a: Quaquaval|Close Combat|p1a: Starfire\n|-resisted|p1a: Starfire\n|-damage|p1a: Starfire|71\/100\n|-unboost|p2a: Quaquaval|def|1\n|-unboost|p2a: Quaquaval|spd|1\n|\n|-end|p2a: Quaquaval|Magma Storm|[partiallytrapped]|[silent]\n|upkeep\n|turn|31\n|\n|t:|1701048515\n|switch|p2a: Chansey|Chansey, F|83\/100\n|move|p1a: Starfire|Draining Kiss|p2a: Chansey\n|-damage|p2a: Chansey|77\/100\n|-heal|p1a: Starfire|78\/100|[from] drain|[of] p2a: Chansey\n|\n|upkeep\n|turn|32\n|\n|t:|1701048540\n|move|p2a: Chansey|Shadow Ball|p1a: Starfire\n|-damage|p1a: Starfire|66\/100\n|-unboost|p1a: Starfire|spd|1\n|move|p1a: Starfire|Wish|p1a: Starfire\n|\n|upkeep\n|turn|33\n|\n|t:|1701048551\n|switch|p1a: Akainu|Heatran, F, shiny|35\/100\n|move|p2a: Chansey|Flamethrower|p1a: Akainu\n|-start|p1a: Akainu|ability: Flash Fire\n|\n|-heal|p1a: Akainu|81\/100|[from] move: Wish|[wisher] Starfire\n|upkeep\n|turn|34\n|\n|t:|1701048581\n|switch|p2a: Quaquaval|Quaquaval, M|25\/100\n|move|p1a: Akainu|Magma Storm|p2a: Quaquaval\n|-resisted|p2a: Quaquaval\n|-damage|p2a: Quaquaval|0 fnt\n|faint|p2a: Quaquaval\n|\n|upkeep\n|\n|t:|1701048588\n|switch|p2a: Rotom|Rotom-Mow|100\/100\n|turn|35\n|\n|t:|1701048662\n|switch|p2a: Glastrier|Glastrier|15\/100 brn\n|move|p1a: Akainu|Magma Storm|p2a: Glastrier|[miss]\n|-miss|p1a: Akainu|p2a: Glastrier\n|\n|-damage|p2a: Glastrier|8\/100 brn|[from] brn\n|upkeep\n|turn|36\n|\n|t:|1701048680\n|move|p1a: Akainu|Earth Power|p2a: Glastrier\n|-damage|p2a: Glastrier|0 fnt\n|faint|p2a: Glastrier\n|\n|upkeep\n|\n|t:|1701048691\n|switch|p2a: Chansey|Chansey, F|77\/100\n|turn|37\n|\n|t:|1701048708\n|move|p1a: Akainu|Taunt|p2a: Chansey\n|-start|p2a: Chansey|move: Taunt\n|move|p2a: Chansey|Shadow Ball|p1a: Akainu\n|-damage|p1a: Akainu|72\/100\n|-unboost|p1a: Akainu|spd|1\n|\n|upkeep\n|turn|38\n|\n|t:|1701048736\n|move|p1a: Akainu|Magma Storm|p2a: Chansey\n|-damage|p2a: Chansey|59\/100\n|-activate|p2a: Chansey|move: Magma Storm|[of] p1a: Akainu\n|move|p2a: Chansey|Shadow Ball|p1a: Akainu\n|-damage|p1a: Akainu|56\/100\n|-unboost|p1a: Akainu|spd|1\n|\n|-damage|p2a: Chansey|46\/100|[from] move: Magma Storm|[partiallytrapped]\n|upkeep\n|turn|39\n|\n|t:|1701048756\n|move|p1a: Akainu|Magma Storm|p2a: Chansey\n|-damage|p2a: Chansey|27\/100\n|move|p2a: Chansey|Shadow Ball|p1a: Akainu\n|-damage|p1a: Akainu|36\/100\n|\n|-damage|p2a: Chansey|15\/100|[from] move: Magma Storm|[partiallytrapped]\n|-end|p2a: Chansey|move: Taunt\n|upkeep\n|turn|40\n|\n|t:|1701048774\n|-end|p1a: Akainu|ability: Flash Fire|[silent]\n|switch|p1a: EasyBakedOven|Rotom-Heat, shiny|91\/100\n|move|p2a: Chansey|Shadow Ball|p1a: EasyBakedOven\n|-damage|p1a: EasyBakedOven|70\/100\n|\n|-end|p2a: Chansey|Magma Storm|[partiallytrapped]|[silent]\n|upkeep\n|turn|41\n|\n|t:|1701048800\n|move|p1a: EasyBakedOven|Overheat|p2a: Chansey\n|-damage|p2a: Chansey|0 fnt\n|-unboost|p1a: EasyBakedOven|spa|2\n|faint|p2a: Chansey\n|\n|upkeep\n|\n|t:|1701048811\n|switch|p2a: Rotom|Rotom-Mow|100\/100\n|turn|42\n|\n|t:|1701048845\n|move|p1a: EasyBakedOven|Overheat|p2a: Rotom\n|-supereffective|p2a: Rotom\n|-damage|p2a: Rotom|0 fnt\n|-unboost|p1a: EasyBakedOven|spa|2\n|faint|p2a: Rotom\n|\n|win|hmontano77\n","uploadtime":1701048860,"views":15,"p1id":"hmontano77","p2id":"schuuz","formatid":"gen9ubers","rating":0,"private":0,"password":""}