{"id":"gen9ubers-1969970971","p1":"parroti77","p2":"pi.4","format":"[Gen 9] Ubers","log":"|j|\u2606parroti77\n|j|\u2606pi.4\n|t:|1697580776\n|gametype|singles\n|player|p1|parroti77|bertha|1000\n|player|p2|pi.4|wattson|1091\n|teamsize|p1|6\n|teamsize|p2|6\n|gen|9\n|tier|[Gen 9] Ubers\n|rated|\n|rule|Sleep Clause Mod: Limit one foe put to sleep\n|rule|Species Clause: Limit one of each Pok\u00e9mon\n|rule|OHKO Clause: OHKO moves are banned\n|rule|Evasion Items Clause: Evasion items are banned\n|rule|Evasion Moves Clause: Evasion moves are banned\n|rule|Endless Battle Clause: Forcing endless battles is banned\n|rule|HP Percentage Mod: HP is shown in percentages\n|clearpoke\n|poke|p1|Dragonite, M|\n|poke|p1|Flutter Mane|\n|poke|p1|Arcanine, F|\n|poke|p1|Gyarados, M|\n|poke|p1|Dialga|\n|poke|p1|Eelektross, F|\n|poke|p2|Arceus-Poison|\n|poke|p2|Magearna|\n|poke|p2|Espathra, M|\n|poke|p2|Urshifu-*, F|\n|poke|p2|Shaymin-Sky|\n|poke|p2|Leavanny, F|\n|teampreview\n|c|\u2606pi.4|hiiiya\n|c|\u2606pi.4|how you doin?\n|\n|t:|1697580804\n|start\n|switch|p1a: Eelektross|Eelektross, F|100\/100\n|switch|p2a: Leavanny|Leavanny, F|100\/100\n|turn|1\n|\n|t:|1697580818\n|move|p2a: Leavanny|Sticky Web|p1a: Eelektross\n|-sidestart|p1: parroti77|move: Sticky Web\n|move|p1a: Eelektross|Flamethrower|p2a: Leavanny\n|-supereffective|p2a: Leavanny\n|-enditem|p2a: Leavanny|Focus Sash\n|-damage|p2a: Leavanny|1\/100\n|-status|p2a: Leavanny|brn\n|-damage|p1a: Eelektross|91\/100|[from] item: Life Orb\n|\n|-damage|p2a: Leavanny|0 fnt|[from] brn\n|faint|p2a: Leavanny\n|upkeep\n|c|\u2606pi.4|oof the burn\n|\n|t:|1697580851\n|switch|p2a: Magearna|Magearna|100\/100\n|turn|2\n|\n|t:|1697580856\n|move|p2a: Magearna|Shift Gear|p2a: Magearna\n|-boost|p2a: Magearna|spe|2\n|-boost|p2a: Magearna|atk|1\n|move|p1a: Eelektross|Discharge|p2a: Magearna\n|-crit|p2a: Magearna\n|-damage|p2a: Magearna|51\/100\n|-damage|p1a: Eelektross|81\/100|[from] item: Life Orb\n|\n|upkeep\n|turn|3\n|\n|t:|1697580867\n|move|p2a: Magearna|Calm Mind|p2a: Magearna\n|-boost|p2a: Magearna|spa|1\n|-boost|p2a: Magearna|spd|1\n|move|p1a: Eelektross|Flamethrower|p2a: Magearna\n|-supereffective|p2a: Magearna\n|-damage|p2a: Magearna|19\/100\n|-enditem|p2a: Magearna|Weakness Policy\n|-boost|p2a: Magearna|atk|2|[from] item: Weakness Policy\n|-boost|p2a: Magearna|spa|2|[from] item: Weakness Policy\n|-damage|p1a: Eelektross|71\/100|[from] item: Life Orb\n|\n|upkeep\n|turn|4\n|\n|t:|1697580879\n|move|p2a: Magearna|Draining Kiss|p1a: Eelektross\n|-damage|p1a: Eelektross|0 fnt\n|-heal|p2a: Magearna|72\/100|[from] drain|[of] p1a: Eelektross\n|faint|p1a: Eelektross\n|-ability|p2a: Magearna|Soul-Heart|boost\n|-boost|p2a: Magearna|spa|1\n|\n|upkeep\n|\n|t:|1697580886\n|switch|p1a: Arcanine|Arcanine, F|100\/100\n|-ability|p1a: Arcanine|Intimidate|boost\n|-unboost|p2a: Magearna|atk|1\n|-item|p1a: Arcanine|Air Balloon\n|turn|5\n|\n|t:|1697580901\n|move|p2a: Magearna|Stored Power|p1a: Arcanine\n|-damage|p1a: Arcanine|0 fnt\n|-enditem|p1a: Arcanine|Air Balloon\n|faint|p1a: Arcanine\n|-ability|p2a: Magearna|Soul-Heart|boost\n|-boost|p2a: Magearna|spa|1\n|\n|upkeep\n|\n|t:|1697580917\n|switch|p1a: Gyarados|Gyarados, M|100\/100\n|-ability|p1a: Gyarados|Intimidate|boost\n|-unboost|p2a: Magearna|atk|1\n|turn|6\n|c|\u2606pi.4|the funi boi is here\n|\n|t:|1697580926\n|move|p2a: Magearna|Stored Power|p1a: Gyarados\n|-damage|p1a: Gyarados|0 fnt\n|faint|p1a: Gyarados\n|-ability|p2a: Magearna|Soul-Heart|boost\n|-boost|p2a: Magearna|spa|1\n|\n|upkeep\n|\n|t:|1697580932\n|switch|p1a: Flutter Mane|Flutter Mane|100\/100\n|turn|7\n|\n|t:|1697580940\n|move|p2a: Magearna|Draining Kiss|p1a: Flutter Mane\n|-damage|p1a: Flutter Mane|0 fnt\n|-heal|p2a: Magearna|100\/100|[from] drain|[of] p1a: Flutter Mane\n|faint|p1a: Flutter Mane\n|-end|p1a: Flutter Mane|Protosynthesis|[silent]\n|\n|upkeep\n|\n|t:|1697580945\n|switch|p1a: Dialga|Dialga|100\/100\n|-activate|p1a: Dialga|move: Sticky Web\n|-unboost|p1a: Dialga|spe|1\n|-ability|p1a: Dialga|Pressure\n|turn|8\n|\n|t:|1697580951\n|-terastallize|p1a: Dialga|Fire\n|move|p2a: Magearna|Draining Kiss|p1a: Dialga\n|-resisted|p1a: Dialga\n|-damage|p1a: Dialga|50\/100\n|move|p1a: Dialga|Earthquake|p2a: Magearna\n|-supereffective|p2a: Magearna\n|-damage|p2a: Magearna|49\/100\n|\n|-heal|p1a: Dialga|57\/100|[from] item: Leftovers\n|upkeep\n|turn|9\n|\n|t:|1697580960\n|move|p2a: Magearna|Stored Power|p1a: Dialga\n|-damage|p1a: Dialga|0 fnt\n|faint|p1a: Dialga\n|\n|upkeep\n|c|\u2606pi.4|nice\n|\n|t:|1697580965\n|switch|p1a: Dragonite|Dragonite, M|100\/100\n|turn|10\n|\n|t:|1697580971\n|move|p2a: Magearna|Draining Kiss|p1a: Dragonite\n|-supereffective|p1a: Dragonite\n|-damage|p1a: Dragonite|0 fnt\n|-heal|p2a: Magearna|100\/100|[from] drain|[of] p1a: Dragonite\n|faint|p1a: Dragonite\n|\n|win|pi.4\n|raw|parroti77's rating: 1000 &rarr; <strong>1000<\/strong><br \/>(+0 for losing)\n|raw|pi.4's rating: 1091 &rarr; <strong>1111<\/strong><br \/>(+20 for winning)\n|c|\u2606pi.4|ggs\n","uploadtime":1697580979,"views":12,"p1id":"parroti77","p2id":"pi4","formatid":"gen9ubers","rating":1000,"private":0,"password":""}