{"id":"gen9ubers-1981749805","p1":"Leon11111","p2":"ExplodingKirb","format":"[Gen 9] Ubers","log":"|j|\u2606Leon11111\n|j|\u2606ExplodingKirb\n|t:|1698938761\n|gametype|singles\n|player|p1|Leon11111|101|\n|player|p2|ExplodingKirb|riley|\n|teamsize|p1|6\n|teamsize|p2|6\n|gen|9\n|tier|[Gen 9] Ubers\n|rule|Sleep Clause Mod: Limit one foe put to sleep\n|rule|Species Clause: Limit one of each Pok\u00e9mon\n|rule|OHKO Clause: OHKO moves are banned\n|rule|Evasion Items Clause: Evasion items are banned\n|rule|Evasion Moves Clause: Evasion moves are banned\n|rule|Endless Battle Clause: Forcing endless battles is banned\n|rule|HP Percentage Mod: HP is shown in percentages\n|clearpoke\n|poke|p1|Dusclops, M|\n|poke|p1|Kommo-o, M|\n|poke|p1|Ogerpon-Hearthflame, F|\n|poke|p1|Sinistcha-Masterpiece|\n|poke|p1|Snorlax, F|\n|poke|p1|Gliscor, M|\n|poke|p2|Ogerpon-Hearthflame, F|\n|poke|p2|Staraptor, F|\n|poke|p2|Kommo-o, F|\n|poke|p2|Clefable, M|\n|poke|p2|Kingambit, M|\n|poke|p2|Mamoswine, F|\n|teampreview\n|\n|t:|1698938775\n|start\n|switch|p1a: Snorlax|Snorlax, F|100\/100\n|switch|p2a: Mamoswine|Mamoswine, F|100\/100\n|turn|1\n|\n|t:|1698938783\n|move|p2a: Mamoswine|Rock Slide|p1a: Snorlax\n|-damage|p1a: Snorlax|73\/100\n|cant|p1a: Snorlax|flinch\n|\n|upkeep\n|turn|2\n|\n|t:|1698938788\n|move|p2a: Mamoswine|Earthquake|p1a: Snorlax\n|-damage|p1a: Snorlax|23\/100\n|-enditem|p1a: Snorlax|Sitrus Berry|[eat]\n|-heal|p1a: Snorlax|48\/100|[from] item: Sitrus Berry\n|move|p1a: Snorlax|Belly Drum||[still]\n|-fail|p1a: Snorlax\n|\n|upkeep\n|turn|3\n|\n|t:|1698938794\n|move|p2a: Mamoswine|Trailblaze|p1a: Snorlax\n|-damage|p1a: Snorlax|31\/100\n|-boost|p2a: Mamoswine|spe|1\n|move|p1a: Snorlax|Iron Head|p2a: Mamoswine\n|-supereffective|p2a: Mamoswine\n|-damage|p2a: Mamoswine|42\/100\n|\n|upkeep\n|turn|4\n|\n|t:|1698938806\n|move|p2a: Mamoswine|Earthquake|p1a: Snorlax\n|-damage|p1a: Snorlax|0 fnt\n|faint|p1a: Snorlax\n|\n|upkeep\n|\n|t:|1698938817\n|switch|p1a: Gliscor|Gliscor, M|100\/100\n|turn|5\n|\n|t:|1698938823\n|move|p1a: Gliscor|Protect|p1a: Gliscor\n|-singleturn|p1a: Gliscor|Protect\n|move|p2a: Mamoswine|Ice Shard|p1a: Gliscor\n|-activate|p1a: Gliscor|move: Protect\n|\n|-status|p1a: Gliscor|tox|[from] item: Toxic Orb\n|upkeep\n|turn|6\n|\n|t:|1698938832\n|-terastallize|p1a: Gliscor|Fairy\n|move|p2a: Mamoswine|Ice Shard|p1a: Gliscor\n|-damage|p1a: Gliscor|78\/100 tox\n|move|p1a: Gliscor|Fling|p2a: Mamoswine\n|-damage|p2a: Mamoswine|34\/100\n|-status|p2a: Mamoswine|tox\n|-enditem|p1a: Gliscor|Toxic Orb|[from] move: Fling\n|\n|-damage|p2a: Mamoswine|28\/100 tox|[from] psn\n|-heal|p1a: Gliscor|90\/100 tox|[from] ability: Poison Heal\n|upkeep\n|turn|7\n|\n|t:|1698938843\n|move|p2a: Mamoswine|Rock Slide|p1a: Gliscor\n|-damage|p1a: Gliscor|62\/100 tox\n|cant|p1a: Gliscor|flinch\n|\n|-damage|p2a: Mamoswine|16\/100 tox|[from] psn\n|-heal|p1a: Gliscor|75\/100 tox|[from] ability: Poison Heal\n|upkeep\n|turn|8\n|\n|t:|1698938848\n|move|p2a: Mamoswine|Rock Slide|p1a: Gliscor\n|-damage|p1a: Gliscor|46\/100 tox\n|move|p1a: Gliscor|Acrobatics|p2a: Mamoswine\n|-damage|p2a: Mamoswine|0 fnt\n|faint|p2a: Mamoswine\n|\n|-heal|p1a: Gliscor|58\/100 tox|[from] ability: Poison Heal\n|upkeep\n|\n|t:|1698938868\n|switch|p2a: Kingambit|Kingambit, M|100\/100\n|-activate|p2a: Kingambit|ability: Supreme Overlord\n|-start|p2a: Kingambit|fallen1|[silent]\n|turn|9\n|j| Kazekage217\n|\n|t:|1698938877\n|-terastallize|p2a: Kingambit|Flying\n|move|p1a: Gliscor|Earthquake|p2a: Kingambit\n|-immune|p2a: Kingambit\n|move|p2a: Kingambit|Swords Dance|p2a: Kingambit\n|-boost|p2a: Kingambit|atk|2\n|\n|-heal|p1a: Gliscor|70\/100 tox|[from] ability: Poison Heal\n|upkeep\n|turn|10\n|\n|t:|1698938886\n|move|p1a: Gliscor|Acrobatics|p2a: Kingambit\n|-damage|p2a: Kingambit|68\/100\n|move|p2a: Kingambit|Iron Head|p1a: Gliscor\n|-supereffective|p1a: Gliscor\n|-damage|p1a: Gliscor|0 fnt\n|faint|p1a: Gliscor\n|\n|upkeep\n|\n|t:|1698938893\n|switch|p1a: Kommo-o|Kommo-o, M|100\/100\n|turn|11\n|\n|t:|1698938899\n|move|p1a: Kommo-o|Clangorous Soul|p1a: Kommo-o\n|-boost|p1a: Kommo-o|atk|1\n|-boost|p1a: Kommo-o|def|1\n|-boost|p1a: Kommo-o|spa|1\n|-boost|p1a: Kommo-o|spd|1\n|-boost|p1a: Kommo-o|spe|1\n|-damage|p1a: Kommo-o|68\/100\n|-enditem|p1a: Kommo-o|Throat Spray\n|-boost|p1a: Kommo-o|spa|1|[from] item: Throat Spray\n|move|p2a: Kingambit|Swords Dance|p2a: Kingambit\n|-boost|p2a: Kingambit|atk|2\n|\n|upkeep\n|turn|12\n|\n|t:|1698938910\n|move|p2a: Kingambit|Sucker Punch|p1a: Kommo-o\n|-resisted|p1a: Kommo-o\n|-crit|p1a: Kommo-o\n|-damage|p1a: Kommo-o|0 fnt\n|faint|p1a: Kommo-o\n|\n|upkeep\n|\n|t:|1698938916\n|switch|p1a: Ogerpon|Ogerpon-Hearthflame, F|100\/100\n|-ability|p1a: Ogerpon|Mold Breaker\n|turn|13\n|\n|t:|1698938920\n|move|p2a: Kingambit|Sucker Punch||[still]\n|-fail|p2a: Kingambit\n|move|p1a: Ogerpon|Swords Dance|p1a: Ogerpon\n|-boost|p1a: Ogerpon|atk|2\n|\n|upkeep\n|turn|14\n|c| Kazekage217|Gambit on the loose\n|\n|t:|1698938930\n|move|p2a: Kingambit|Sucker Punch||[still]\n|-fail|p2a: Kingambit\n|move|p1a: Ogerpon|Swords Dance|p1a: Ogerpon\n|-boost|p1a: Ogerpon|atk|2\n|\n|upkeep\n|turn|15\n|c|\u2606ExplodingKirb|Yep\n|\n|t:|1698938939\n|move|p1a: Ogerpon|Swords Dance|p1a: Ogerpon\n|-boost|p1a: Ogerpon|atk|2\n|move|p2a: Kingambit|Swords Dance|p2a: Kingambit\n|-boost|p2a: Kingambit|atk|2\n|\n|upkeep\n|turn|16\n|\n|t:|1698938946\n|move|p2a: Kingambit|Sucker Punch||[still]\n|-fail|p2a: Kingambit\n|move|p1a: Ogerpon|Swords Dance|p1a: Ogerpon\n|-boost|p1a: Ogerpon|atk|0\n|\n|upkeep\n|turn|17\n|c| Kazekage217|Ugh oh?\n|\n|t:|1698938955\n|move|p2a: Kingambit|Sucker Punch|p1a: Ogerpon\n|-damage|p1a: Ogerpon|0 fnt\n|faint|p1a: Ogerpon\n|\n|upkeep\n|\n|t:|1698938959\n|switch|p1a: Dusclops|Dusclops, M, shiny|100\/100\n|-ability|p1a: Dusclops|Pressure\n|turn|18\n|\n|t:|1698938964\n|move|p2a: Kingambit|Kowtow Cleave|p1a: Dusclops\n|-supereffective|p1a: Dusclops\n|-damage|p1a: Dusclops|0 fnt\n|faint|p1a: Dusclops\n|\n|upkeep\n|c|\u2606Leon11111|Gg\n|\n|t:|1698938971\n|switch|p1a: Sinistcha|Sinistcha-Masterpiece|100\/100\n|turn|19\n|c|\u2606ExplodingKirb|Balanced\n|\n|t:|1698938976\n|move|p2a: Kingambit|Sucker Punch||[still]\n|-fail|p2a: Kingambit\n|move|p1a: Sinistcha|Nasty Plot|p1a: Sinistcha\n|-boost|p1a: Sinistcha|spa|2\n|\n|upkeep\n|turn|20\n|c| Kazekage217|Nani?!\n|\n|t:|1698938983\n|move|p1a: Sinistcha|Strength Sap|p2a: Kingambit\n|-unboost|p2a: Kingambit|atk|1\n|move|p2a: Kingambit|Kowtow Cleave|p1a: Sinistcha\n|-supereffective|p1a: Sinistcha\n|-damage|p1a: Sinistcha|0 fnt\n|faint|p1a: Sinistcha\n|\n|win|ExplodingKirb\n","uploadtime":1698939005,"views":6,"p1id":"leon11111","p2id":"explodingkirb","formatid":"gen9ubers","rating":0,"private":0,"password":""}