{"id":"gen9ubers-1992948575","p1":"1P1o1s1h1e1","p2":"portobellomushroom","format":"[Gen 9] Ubers","log":"|j|\u26061P1o1s1h1e1\n|j|\u2606portobellomushroom\n|t:|1700249430\n|gametype|singles\n|player|p1|1P1o1s1h1e1|102|\n|player|p2|portobellomushroom|cynthia|\n|teamsize|p1|6\n|teamsize|p2|6\n|gen|9\n|tier|[Gen 9] Ubers\n|rule|Sleep Clause Mod: Limit one foe put to sleep\n|rule|Species Clause: Limit one of each Pok\u00e9mon\n|rule|OHKO Clause: OHKO moves are banned\n|rule|Evasion Items Clause: Evasion items are banned\n|rule|Evasion Moves Clause: Evasion moves are banned\n|rule|Endless Battle Clause: Forcing endless battles is banned\n|rule|HP Percentage Mod: HP is shown in percentages\n|clearpoke\n|poke|p1|Arceus-Rock|\n|poke|p1|Hippowdon, F|\n|poke|p1|Garchomp, F|\n|poke|p1|Magearna|\n|poke|p1|Houndstone, F|\n|poke|p1|Cyclizar, M|\n|poke|p2|Blissey, F|\n|poke|p2|Clefable, F|\n|poke|p2|Amoonguss, F|\n|poke|p2|Quagsire, M|\n|poke|p2|Magearna|\n|poke|p2|Gholdengo|\n|teampreview\n|\n|t:|1700249460\n|start\n|switch|p1a: Cyclizar|Cyclizar, M|100\/100\n|switch|p2a: portobello|Amoonguss, F|100\/100\n|turn|1\n|j| Incredibleking\n|\n|t:|1700249472\n|move|p1a: Cyclizar|Shed Tail|p1a: Cyclizar\n|-start|p1a: Cyclizar|Substitute|[from] move: Shed Tail\n|-damage|p1a: Cyclizar|50\/100\n|\n|t:|1700249475\n|switch|p1a: Magearna|Magearna|100\/100|[from] Shed Tail\n|move|p2a: portobello|Giga Drain|p1a: Magearna\n|-resisted|p1a: Magearna\n|-activate|p1a: Magearna|move: Substitute|[damage]\n|\n|upkeep\n|turn|2\n|\n|t:|1700249481\n|switch|p2a: best water type|Magearna|100\/100\n|move|p1a: Magearna|Spikes|p2a: best water type\n|-sidestart|p2: portobellomushroom|Spikes\n|\n|upkeep\n|turn|3\n|\n|t:|1700249486\n|move|p2a: best water type|Spikes|p1a: Magearna\n|-sidestart|p1: 1P1o1s1h1e1|Spikes\n|move|p1a: Magearna|Thunder Wave|p2a: best water type\n|-status|p2a: best water type|par\n|\n|upkeep\n|turn|4\n|\n|t:|1700249490\n|move|p1a: Magearna|Spikes|p2a: best water type\n|-sidestart|p2: portobellomushroom|Spikes\n|move|p2a: best water type|Spikes|p1a: Magearna\n|-sidestart|p1: 1P1o1s1h1e1|Spikes\n|\n|upkeep\n|turn|5\n|\n|t:|1700249495\n|move|p1a: Magearna|Spikes|p2a: best water type\n|-sidestart|p2: portobellomushroom|Spikes\n|move|p2a: best water type|Spikes|p1a: Magearna\n|-sidestart|p1: 1P1o1s1h1e1|Spikes\n|\n|upkeep\n|turn|6\n|\n|t:|1700249500\n|move|p1a: Magearna|Draining Kiss|p2a: best water type\n|-resisted|p2a: best water type\n|-damage|p2a: best water type|93\/100 par\n|move|p2a: best water type|Encore|p1a: Magearna\n|-start|p1a: Magearna|Encore\n|\n|-heal|p2a: best water type|99\/100 par|[from] item: Leftovers\n|upkeep\n|turn|7\n|\n|t:|1700249505\n|move|p1a: Magearna|Draining Kiss|p2a: best water type\n|-resisted|p2a: best water type\n|-damage|p2a: best water type|92\/100 par\n|move|p2a: best water type|Thunder Wave||[still]\n|-fail|p2a: best water type\n|\n|-heal|p2a: best water type|98\/100 par|[from] item: Leftovers\n|upkeep\n|turn|8\n|\n|t:|1700249512\n|move|p1a: Magearna|Draining Kiss|p2a: best water type\n|-resisted|p2a: best water type\n|-damage|p2a: best water type|91\/100 par\n|cant|p2a: best water type|par\n|\n|-heal|p2a: best water type|97\/100 par|[from] item: Leftovers\n|upkeep\n|turn|9\n|\n|t:|1700249539\n|move|p1a: Magearna|Draining Kiss|p2a: best water type\n|-resisted|p2a: best water type\n|-damage|p2a: best water type|91\/100 par\n|move|p2a: best water type|Draining Kiss|p1a: Magearna\n|-resisted|p1a: Magearna\n|-activate|p1a: Magearna|move: Substitute|[damage]\n|-heal|p2a: best water type|96\/100 par|[from] drain|[of] p1a: Magearna\n|\n|-heal|p2a: best water type|100\/100 par|[from] item: Leftovers\n|-end|p1a: Magearna|Encore\n|upkeep\n|turn|10\n|\n|t:|1700249547\n|move|p1a: Magearna|Volt Switch|p2a: best water type\n|-damage|p2a: best water type|88\/100 par\n|\n|t:|1700249552\n|switch|p1a: Cyclizar|Cyclizar, M|84\/100|[from] Volt Switch\n|cant|p2a: best water type|par\n|\n|-heal|p2a: best water type|94\/100 par|[from] item: Leftovers\n|upkeep\n|turn|11\n|\n|t:|1700249561\n|switch|p2a: golden joseph|Gholdengo|100\/100\n|-damage|p2a: golden joseph|76\/100|[from] Spikes\n|-terastallize|p1a: Cyclizar|Steel\n|move|p1a: Cyclizar|Rapid Spin|p2a: golden joseph\n|-immune|p2a: golden joseph\n|\n|-heal|p2a: golden joseph|82\/100|[from] item: Leftovers\n|upkeep\n|turn|12\n|\n|t:|1700249570\n|move|p1a: Cyclizar|Knock Off|p2a: golden joseph\n|-supereffective|p2a: golden joseph\n|-damage|p2a: golden joseph|50\/100\n|-enditem|p2a: golden joseph|Leftovers|[from] move: Knock Off|[of] p1a: Cyclizar\n|move|p2a: golden joseph|Recover|p2a: golden joseph\n|-heal|p2a: golden joseph|100\/100\n|\n|upkeep\n|turn|13\n|\n|t:|1700249581\n|move|p1a: Cyclizar|Shed Tail|p1a: Cyclizar\n|-start|p1a: Cyclizar|Substitute|[from] move: Shed Tail\n|-damage|p1a: Cyclizar|33\/100\n|\n|t:|1700249586\n|switch|p1a: Hippowdon|Hippowdon, F|100\/100|[from] Shed Tail\n|-damage|p1a: Hippowdon|75\/100|[from] Spikes\n|-weather|Sandstorm|[from] ability: Sand Stream|[of] p1a: Hippowdon\n|move|p2a: golden joseph|Make It Rain|p1a: Hippowdon\n|-end|p1a: Hippowdon|Substitute\n|-unboost|p2a: golden joseph|spa|1\n|\n|-weather|Sandstorm|[upkeep]\n|upkeep\n|turn|14\n|\n|t:|1700249614\n|switch|p2a: Agrostophobe|Quagsire, M|100\/100\n|move|p1a: Hippowdon|Stealth Rock|p2a: Agrostophobe\n|-sidestart|p2: portobellomushroom|move: Stealth Rock\n|\n|-weather|Sandstorm|[upkeep]\n|upkeep\n|turn|15\n|\n|t:|1700249635\n|switch|p1a: Cyclizar|Cyclizar, M, tera:Steel|67\/100\n|move|p2a: Agrostophobe|Toxic|p1a: Cyclizar\n|-immune|p1a: Cyclizar\n|\n|-weather|Sandstorm|[upkeep]\n|upkeep\n|turn|16\n|\n|t:|1700249642\n|switch|p2a: golden joseph|Gholdengo|100\/100\n|-damage|p2a: golden joseph|76\/100|[from] Spikes\n|-damage|p2a: golden joseph|69\/100|[from] Stealth Rock\n|move|p1a: Cyclizar|Shed Tail|p1a: Cyclizar\n|-start|p1a: Cyclizar|Substitute|[from] move: Shed Tail\n|-damage|p1a: Cyclizar|17\/100\n|\n|t:|1700249647\n|switch|p1a: Arceus|Arceus-Rock|100\/100|[from] Shed Tail\n|-damage|p1a: Arceus|75\/100|[from] Spikes\n|\n|-weather|Sandstorm|[upkeep]\n|upkeep\n|turn|17\n|\n|t:|1700249653\n|switch|p2a: THE blob|Blissey, F|100\/100\n|move|p1a: Arceus|Calm Mind|p1a: Arceus\n|-boost|p1a: Arceus|spa|1\n|-boost|p1a: Arceus|spd|1\n|\n|-weather|Sandstorm|[upkeep]\n|-damage|p2a: THE blob|94\/100|[from] Sandstorm\n|upkeep\n|turn|18\n|\n|t:|1700249658\n|move|p1a: Arceus|Calm Mind|p1a: Arceus\n|-boost|p1a: Arceus|spa|1\n|-boost|p1a: Arceus|spd|1\n|move|p2a: THE blob|Calm Mind|p2a: THE blob\n|-boost|p2a: THE blob|spa|1\n|-boost|p2a: THE blob|spd|1\n|\n|-weather|Sandstorm|[upkeep]\n|-damage|p2a: THE blob|88\/100|[from] Sandstorm\n|upkeep\n|turn|19\n|\n|t:|1700249666\n|move|p1a: Arceus|Calm Mind|p1a: Arceus\n|-boost|p1a: Arceus|spa|1\n|-boost|p1a: Arceus|spd|1\n|move|p2a: THE blob|Calm Mind|p2a: THE blob\n|-boost|p2a: THE blob|spa|1\n|-boost|p2a: THE blob|spd|1\n|\n|-weather|Sandstorm|[upkeep]\n|-damage|p2a: THE blob|82\/100|[from] Sandstorm\n|upkeep\n|turn|20\n|\n|t:|1700249673\n|move|p1a: Arceus|Focus Blast|p2a: THE blob\n|-supereffective|p2a: THE blob\n|-damage|p2a: THE blob|55\/100\n|move|p2a: THE blob|Calm Mind|p2a: THE blob\n|-boost|p2a: THE blob|spa|1\n|-boost|p2a: THE blob|spd|1\n|\n|-weather|none\n|upkeep\n|turn|21\n|\n|t:|1700249679\n|move|p1a: Arceus|Calm Mind|p1a: Arceus\n|-boost|p1a: Arceus|spa|1\n|-boost|p1a: Arceus|spd|1\n|move|p2a: THE blob|Soft-Boiled|p2a: THE blob\n|-heal|p2a: THE blob|100\/100\n|\n|upkeep\n|turn|22\n|\n|t:|1700249698\n|move|p1a: Arceus|Focus Blast|p2a: THE blob|[miss]\n|-miss|p1a: Arceus|p2a: THE blob\n|move|p2a: THE blob|Calm Mind|p2a: THE blob\n|-boost|p2a: THE blob|spa|1\n|-boost|p2a: THE blob|spd|1\n|\n|upkeep\n|turn|23\n|j| Leo Justice\n|\n|t:|1700249721\n|move|p1a: Arceus|Focus Blast|p2a: THE blob\n|-supereffective|p2a: THE blob\n|-damage|p2a: THE blob|76\/100\n|-unboost|p2a: THE blob|spd|1\n|move|p2a: THE blob|Ice Beam|p1a: Arceus\n|-activate|p1a: Arceus|move: Substitute|[damage]\n|\n|upkeep\n|turn|24\n|\n|t:|1700249735\n|move|p1a: Arceus|Judgment|p2a: THE blob\n|-damage|p2a: THE blob|54\/100\n|move|p2a: THE blob|Calm Mind|p2a: THE blob\n|-boost|p2a: THE blob|spa|1\n|-boost|p2a: THE blob|spd|1\n|\n|upkeep\n|turn|25\n|\n|t:|1700249741\n|move|p1a: Arceus|Focus Blast|p2a: THE blob\n|-supereffective|p2a: THE blob\n|-damage|p2a: THE blob|32\/100\n|move|p2a: THE blob|Soft-Boiled|p2a: THE blob\n|-heal|p2a: THE blob|82\/100\n|\n|upkeep\n|turn|26\n|\n|t:|1700249750\n|move|p1a: Arceus|Calm Mind|p1a: Arceus\n|-boost|p1a: Arceus|spa|1\n|-boost|p1a: Arceus|spd|1\n|move|p2a: THE blob|Ice Beam|p1a: Arceus\n|-end|p1a: Arceus|Substitute\n|\n|upkeep\n|turn|27\n|\n|t:|1700249760\n|move|p1a: Arceus|Focus Blast|p2a: THE blob\n|-supereffective|p2a: THE blob\n|-damage|p2a: THE blob|55\/100\n|move|p2a: THE blob|Ice Beam|p1a: Arceus\n|-damage|p1a: Arceus|62\/100\n|\n|upkeep\n|turn|28\n|\n|t:|1700249775\n|move|p1a: Arceus|Judgment|p2a: THE blob\n|-damage|p2a: THE blob|33\/100\n|move|p2a: THE blob|Soft-Boiled|p2a: THE blob\n|-heal|p2a: THE blob|83\/100\n|\n|upkeep\n|turn|29\n|\n|t:|1700249780\n|move|p1a: Arceus|Calm Mind|p1a: Arceus\n|-boost|p1a: Arceus|spa|1\n|-boost|p1a: Arceus|spd|1\n|move|p2a: THE blob|Calm Mind|p2a: THE blob\n|-boost|p2a: THE blob|spa|1\n|-boost|p2a: THE blob|spd|1\n|\n|upkeep\n|turn|30\n|\n|t:|1700249783\n|move|p1a: Arceus|Judgment|p2a: THE blob\n|-damage|p2a: THE blob|63\/100\n|move|p2a: THE blob|Calm Mind|p2a: THE blob\n|-boost|p2a: THE blob|spa|0\n|-boost|p2a: THE blob|spd|1\n|\n|upkeep\n|turn|31\n|c| Leo Justice|Im sorry Poshi but big Stall TM\n|\n|t:|1700249789\n|move|p1a: Arceus|Focus Blast|p2a: THE blob|[miss]\n|-miss|p1a: Arceus|p2a: THE blob\n|move|p2a: THE blob|Soft-Boiled|p2a: THE blob\n|-heal|p2a: THE blob|100\/100\n|\n|upkeep\n|turn|32\n|\n|t:|1700249794\n|move|p1a: Arceus|Focus Blast|p2a: THE blob\n|-supereffective|p2a: THE blob\n|-damage|p2a: THE blob|77\/100\n|move|p2a: THE blob|Ice Beam|p1a: Arceus\n|-crit|p1a: Arceus\n|-damage|p1a: Arceus|0 fnt\n|faint|p1a: Arceus\n|\n|upkeep\n|\n|t:|1700249817\n|switch|p1a: Garchomp|Garchomp, F|100\/100\n|-damage|p1a: Garchomp|76\/100|[from] Spikes\n|turn|33\n|\n|t:|1700249833\n|switch|p2a: Agrostophobe|Quagsire, M|100\/100\n|move|p1a: Garchomp|Iron Head|p2a: Agrostophobe\n|-resisted|p2a: Agrostophobe\n|-damage|p2a: Agrostophobe|91\/100\n|\n|upkeep\n|turn|34\n|\n|t:|1700249864\n|move|p1a: Garchomp|Earthquake|p2a: Agrostophobe\n|-damage|p2a: Agrostophobe|52\/100\n|move|p2a: Agrostophobe|Toxic|p1a: Garchomp\n|-status|p1a: Garchomp|tox\n|\n|-damage|p1a: Garchomp|69\/100 tox|[from] psn\n|upkeep\n|turn|35\n|\n|t:|1700249876\n|switch|p1a: Cyclizar|Cyclizar, M, tera:Steel|50\/100\n|move|p2a: Agrostophobe|Recover|p2a: Agrostophobe\n|-heal|p2a: Agrostophobe|100\/100\n|\n|upkeep\n|turn|36\n|\n|t:|1700249884\n|switch|p2a: golden joseph|Gholdengo|69\/100\n|-damage|p2a: golden joseph|45\/100|[from] Spikes\n|-damage|p2a: golden joseph|38\/100|[from] Stealth Rock\n|move|p1a: Cyclizar|Rapid Spin|p2a: golden joseph\n|-immune|p2a: golden joseph\n|\n|upkeep\n|turn|37\n|\n|t:|1700249897\n|switch|p1a: Magearna|Magearna|100\/100\n|-damage|p1a: Magearna|75\/100|[from] Spikes\n|move|p2a: golden joseph|Recover|p2a: golden joseph\n|-heal|p2a: golden joseph|89\/100\n|\n|-heal|p1a: Magearna|82\/100|[from] item: Leftovers\n|upkeep\n|turn|38\n|\n|t:|1700249909\n|move|p2a: golden joseph|Nasty Plot|p2a: golden joseph\n|-boost|p2a: golden joseph|spa|2\n|move|p1a: Magearna|Volt Switch|p2a: golden joseph\n|-damage|p2a: golden joseph|70\/100\n|\n|t:|1700249916\n|switch|p1a: Hippowdon|Hippowdon, F|75\/100|[from] Volt Switch\n|-damage|p1a: Hippowdon|50\/100|[from] Spikes\n|-weather|Sandstorm|[from] ability: Sand Stream|[of] p1a: Hippowdon\n|\n|-weather|Sandstorm|[upkeep]\n|upkeep\n|turn|39\n|\n|t:|1700249921\n|move|p2a: golden joseph|Make It Rain|p1a: Hippowdon\n|-damage|p1a: Hippowdon|0 fnt\n|-unboost|p2a: golden joseph|spa|1\n|faint|p1a: Hippowdon\n|\n|-weather|Sandstorm|[upkeep]\n|upkeep\n|\n|t:|1700249924\n|switch|p1a: Houndstone|Houndstone, F|100\/100\n|-damage|p1a: Houndstone|76\/100|[from] Spikes\n|turn|40\n|\n|t:|1700249929\n|switch|p2a: portobello|Amoonguss, F|100\/100\n|-damage|p2a: portobello|76\/100|[from] Spikes\n|-damage|p2a: portobello|63\/100|[from] Stealth Rock\n|move|p1a: Houndstone|Body Press|p2a: portobello\n|-resisted|p2a: portobello\n|-damage|p2a: portobello|54\/100\n|-damage|p1a: Houndstone|59\/100|[from] item: Rocky Helmet|[of] p2a: portobello\n|\n|-weather|Sandstorm|[upkeep]\n|-damage|p2a: portobello|48\/100|[from] Sandstorm\n|upkeep\n|turn|41\n|\n|t:|1700249946\n|switch|p1a: Cyclizar|Cyclizar, M, tera:Steel|83\/100\n|move|p2a: portobello|Spore|p1a: Cyclizar\n|-status|p1a: Cyclizar|slp|[from] move: Spore\n|\n|-weather|Sandstorm|[upkeep]\n|-damage|p2a: portobello|42\/100|[from] Sandstorm\n|upkeep\n|turn|42\n|\n|t:|1700249960\n|switch|p1a: Garchomp|Garchomp, F|69\/100 tox\n|-damage|p1a: Garchomp|44\/100 tox|[from] Spikes\n|move|p2a: portobello|Synthesis|p2a: portobello\n|-heal|p2a: portobello|67\/100\n|\n|-weather|Sandstorm|[upkeep]\n|-damage|p2a: portobello|61\/100|[from] Sandstorm\n|-damage|p1a: Garchomp|38\/100 tox|[from] psn\n|upkeep\n|turn|43\n|\n|t:|1700249968\n|switch|p2a: Agrostophobe|Quagsire, M|100\/100\n|move|p1a: Garchomp|Earthquake|p2a: Agrostophobe\n|-damage|p2a: Agrostophobe|62\/100\n|\n|-weather|Sandstorm|[upkeep]\n|-damage|p1a: Garchomp|26\/100 tox|[from] psn\n|upkeep\n|turn|44\n|\n|t:|1700249975\n|move|p1a: Garchomp|Earthquake|p2a: Agrostophobe\n|-damage|p2a: Agrostophobe|28\/100\n|move|p2a: Agrostophobe|Recover|p2a: Agrostophobe\n|-heal|p2a: Agrostophobe|78\/100\n|\n|-weather|Sandstorm|[upkeep]\n|-damage|p1a: Garchomp|8\/100 tox|[from] psn\n|upkeep\n|turn|45\n|\n|t:|1700249979\n|move|p1a: Garchomp|Scale Shot|p2a: Agrostophobe\n|-damage|p2a: Agrostophobe|68\/100\n|-damage|p2a: Agrostophobe|59\/100\n|-damage|p2a: Agrostophobe|49\/100\n|-damage|p2a: Agrostophobe|39\/100\n|-damage|p2a: Agrostophobe|30\/100\n|-hitcount|p2a: Agrostophobe|5\n|-unboost|p1a: Garchomp|def|1\n|-boost|p1a: Garchomp|spe|1\n|move|p2a: Agrostophobe|Recover|p2a: Agrostophobe\n|-heal|p2a: Agrostophobe|80\/100\n|\n|-weather|none\n|-damage|p1a: Garchomp|0 fnt|[from] psn\n|faint|p1a: Garchomp\n|upkeep\n|\n|t:|1700249992\n|switch|p1a: Houndstone|Houndstone, F|59\/100\n|-damage|p1a: Houndstone|34\/100|[from] Spikes\n|turn|46\n|\n|t:|1700250002\n|switch|p2a: best water type|Magearna|94\/100 par\n|-damage|p2a: best water type|69\/100 par|[from] Spikes\n|-damage|p2a: best water type|63\/100 par|[from] Stealth Rock\n|move|p1a: Houndstone|Last Respects|p2a: best water type\n|-damage|p2a: best water type|0 fnt\n|faint|p2a: best water type\n|\n|upkeep\n|\n|t:|1700250006\n|switch|p2a: THE blob|Blissey, F|77\/100\n|turn|47\n|\n|t:|1700250013\n|switch|p1a: Magearna|Magearna|82\/100\n|-damage|p1a: Magearna|57\/100|[from] Spikes\n|switch|p2a: portobello|Amoonguss, F|94\/100\n|-damage|p2a: portobello|70\/100|[from] Spikes\n|-damage|p2a: portobello|57\/100|[from] Stealth Rock\n|\n|-heal|p1a: Magearna|63\/100|[from] item: Leftovers\n|upkeep\n|turn|48\n|\n|t:|1700250021\n|move|p1a: Magearna|Volt Switch|p2a: portobello\n|-resisted|p2a: portobello\n|-damage|p2a: portobello|48\/100\n|\n|t:|1700250023\n|switch|p1a: Cyclizar|Cyclizar, M, tera:Steel|100\/100 slp|[from] Volt Switch\n|move|p2a: portobello|Giga Drain|p1a: Cyclizar\n|-resisted|p1a: Cyclizar\n|-damage|p1a: Cyclizar|86\/100 slp\n|-heal|p2a: portobello|54\/100|[from] drain|[of] p1a: Cyclizar\n|\n|upkeep\n|turn|49\n|\n|t:|1700250032\n|switch|p2a: golden joseph|Gholdengo|70\/100\n|-damage|p2a: golden joseph|45\/100|[from] Spikes\n|-damage|p2a: golden joseph|39\/100|[from] Stealth Rock\n|cant|p1a: Cyclizar|slp\n|\n|upkeep\n|turn|50\n|\n|t:|1700250039\n|-curestatus|p1a: Cyclizar|slp|[msg]\n|move|p1a: Cyclizar|Knock Off|p2a: golden joseph\n|-supereffective|p2a: golden joseph\n|-damage|p2a: golden joseph|19\/100\n|move|p2a: golden joseph|Recover|p2a: golden joseph\n|-heal|p2a: golden joseph|69\/100\n|\n|upkeep\n|turn|51\n|\n|t:|1700250054\n|move|p1a: Cyclizar|Knock Off|p2a: golden joseph\n|-supereffective|p2a: golden joseph\n|-damage|p2a: golden joseph|47\/100\n|move|p2a: golden joseph|Hex|p1a: Cyclizar\n|-damage|p1a: Cyclizar|43\/100\n|\n|upkeep\n|turn|52\n|\n|t:|1700250064\n|move|p1a: Cyclizar|Knock Off|p2a: golden joseph\n|-supereffective|p2a: golden joseph\n|-damage|p2a: golden joseph|27\/100\n|move|p2a: golden joseph|Recover|p2a: golden joseph\n|-heal|p2a: golden joseph|77\/100\n|\n|upkeep\n|turn|53\n|\n|t:|1700250079\n|move|p1a: Cyclizar|Knock Off|p2a: golden joseph\n|-supereffective|p2a: golden joseph\n|-damage|p2a: golden joseph|57\/100\n|move|p2a: golden joseph|Recover|p2a: golden joseph\n|-heal|p2a: golden joseph|100\/100\n|\n|upkeep\n|turn|54\n|\n|t:|1700250103\n|move|p1a: Cyclizar|Knock Off|p2a: golden joseph\n|-supereffective|p2a: golden joseph\n|-damage|p2a: golden joseph|82\/100\n|move|p2a: golden joseph|Nasty Plot|p2a: golden joseph\n|-boost|p2a: golden joseph|spa|2\n|\n|upkeep\n|turn|55\n|\n|t:|1700250111\n|move|p1a: Cyclizar|Knock Off|p2a: golden joseph\n|-supereffective|p2a: golden joseph\n|-damage|p2a: golden joseph|62\/100\n|move|p2a: golden joseph|Recover|p2a: golden joseph\n|-heal|p2a: golden joseph|100\/100\n|\n|upkeep\n|turn|56\n|\n|t:|1700250144\n|switch|p1a: Magearna|Magearna|63\/100\n|-damage|p1a: Magearna|38\/100|[from] Spikes\n|move|p2a: golden joseph|Hex|p1a: Magearna\n|-crit|p1a: Magearna\n|-damage|p1a: Magearna|0 fnt\n|faint|p1a: Magearna\n|\n|upkeep\n|\n|t:|1700250155\n|switch|p1a: Houndstone|Houndstone, F|34\/100\n|-damage|p1a: Houndstone|10\/100|[from] Spikes\n|turn|57\n|c| Leo Justice|Is last respects contact?\n|c|\u26061P1o1s1h1e1|no\n|c|\u2606portobellomushroom|nah\n|\n|t:|1700250189\n|switch|p2a: Agrostophobe|Quagsire, M|80\/100\n|move|p1a: Houndstone|Last Respects|p2a: Agrostophobe\n|-damage|p2a: Agrostophobe|0 fnt\n|faint|p2a: Agrostophobe\n|\n|upkeep\n|\n|t:|1700250192\n|switch|p2a: THE blob|Blissey, F|77\/100\n|turn|58\n|\n|t:|1700250198\n|move|p1a: Houndstone|Last Respects|p2a: THE blob\n|-immune|p2a: THE blob\n|move|p2a: THE blob|Thunderbolt|p1a: Houndstone\n|-damage|p1a: Houndstone|0 fnt\n|faint|p1a: Houndstone\n|\n|upkeep\n|\n|t:|1700250200\n|switch|p1a: Cyclizar|Cyclizar, M, tera:Steel|77\/100\n|turn|59\n|c|\u26061P1o1s1h1e1|gg\n|c|\u2606portobellomushroom|gg\n|-message|1P1o1s1h1e1 forfeited.\n|\n|win|portobellomushroom\n|l|\u26061P1o1s1h1e1\n","uploadtime":1700250214,"views":65,"p1id":"1p1o1s1h1e1","p2id":"portobellomushroom","formatid":"gen9ubers","rating":0,"private":0,"password":""}