{"id":"gen9ubers-1972457426","p1":"curtisthecacnea","p2":"xegrizzy","format":"[Gen 9] Ubers","log":"|j|\u2606curtisthecacnea\n|j|\u2606xegrizzy\n|t:|1697845004\n|gametype|singles\n|player|p1|curtisthecacnea|unknown|\n|player|p2|xegrizzy|266|\n|teamsize|p1|6\n|teamsize|p2|6\n|gen|9\n|tier|[Gen 9] Ubers\n|rule|Sleep Clause Mod: Limit one foe put to sleep\n|rule|Species Clause: Limit one of each Pok\u00e9mon\n|rule|OHKO Clause: OHKO moves are banned\n|rule|Evasion Items Clause: Evasion items are banned\n|rule|Evasion Moves Clause: Evasion moves are banned\n|rule|Endless Battle Clause: Forcing endless battles is banned\n|rule|HP Percentage Mod: HP is shown in percentages\n|clearpoke\n|poke|p1|Cinderace, F|\n|poke|p1|Noivern, F|\n|poke|p1|Iron Leaves|\n|poke|p1|Krookodile, F|\n|poke|p1|Gholdengo|\n|poke|p1|Dudunsparce-*, M|\n|poke|p2|Great Tusk|\n|poke|p2|Roaring Moon|\n|poke|p2|Rotom-Wash|\n|poke|p2|Charizard, F|\n|poke|p2|Iron Moth|\n|poke|p2|Clefable, M|\n|teampreview\n|j| KaoVT\n|c|\u2606xegrizzy|glhf\n|\n|t:|1697845042\n|start\n|switch|p1a: Double Tap|Noivern, F|100\/100\n|switch|p2a: Great Tusk|Great Tusk|100\/100\n|-item|p2a: Great Tusk|Booster Energy|[from] ability: Frisk|[of] p1a: Double Tap|[identify]\n|-enditem|p2a: Great Tusk|Booster Energy\n|-activate|p2a: Great Tusk|ability: Protosynthesis|[fromitem]\n|-start|p2a: Great Tusk|protosynthesisatk\n|turn|1\n|j| Lass Starling\n|j| hatev2\n|j| The ShaqtusLOL\n|c| hatev2|go grizz! (curtis was hating on me)\n|j| justinrockin\n|c| KaoVT|the battle for canada rages on\n|c| hatev2|go canada!\n|\n|t:|1697845097\n|-end|p2a: Great Tusk|Protosynthesis|[silent]\n|switch|p2a: Rotom|Rotom-Wash|100\/100\n|move|p1a: Double Tap|Air Slash|p2a: Rotom\n|-resisted|p2a: Rotom\n|-damage|p2a: Rotom|81\/100\n|\n|-heal|p2a: Rotom|87\/100|[from] item: Leftovers\n|upkeep\n|turn|2\n|c|\u2606xegrizzy|canada!\n|c| hatev2|OHHHH CANADA WE STAND ON GUARD FOR THEEEE\n|\n|t:|1697845134\n|move|p1a: Double Tap|U-turn|p2a: Rotom\n|-damage|p2a: Rotom|78\/100\n|\n|t:|1697845136\n|switch|p1a: Speed Cola|Iron Leaves|100\/100|[from] U-turn\n|move|p2a: Rotom|Will-O-Wisp|p1a: Speed Cola|[miss]\n|-miss|p2a: Rotom|p1a: Speed Cola\n|\n|-heal|p2a: Rotom|85\/100|[from] item: Leftovers\n|upkeep\n|turn|3\n|l| The ShaqtusLOL\n|\n|t:|1697845160\n|switch|p2a: Clefable|Clefable, M|100\/100\n|move|p1a: Speed Cola|Leaf Blade|p2a: Clefable\n|-damage|p2a: Clefable|61\/100\n|\n|-heal|p2a: Clefable|67\/100|[from] item: Leftovers\n|upkeep\n|turn|4\n|\n|t:|1697845178\n|-end|p1a: Speed Cola|Quark Drive|[silent]\n|switch|p1a: Stamin-UP|Gholdengo|100\/100\n|move|p2a: Clefable|Moonlight|p2a: Clefable\n|-heal|p2a: Clefable|100\/100\n|\n|upkeep\n|turn|5\n|\n|t:|1697845189\n|switch|p2a: Rotom|Rotom-Wash|85\/100\n|move|p1a: Stamin-UP|Make It Rain|p2a: Rotom\n|-resisted|p2a: Rotom\n|-damage|p2a: Rotom|65\/100\n|-unboost|p1a: Stamin-UP|spa|1\n|-enditem|p1a: Stamin-UP|Eject Pack\n|\n|t:|1697845198\n|switch|p1a: Speed Cola|Iron Leaves|100\/100\n|\n|-heal|p2a: Rotom|71\/100|[from] item: Leftovers\n|upkeep\n|turn|6\n|\n|t:|1697845212\n|switch|p2a: Clefable|Clefable, M|100\/100\n|move|p1a: Speed Cola|Smart Strike|p2a: Clefable\n|-supereffective|p2a: Clefable\n|-damage|p2a: Clefable|56\/100\n|\n|-heal|p2a: Clefable|62\/100|[from] item: Leftovers\n|upkeep\n|turn|7\n|\n|t:|1697845240\n|-end|p1a: Speed Cola|Quark Drive|[silent]\n|switch|p1a: Stamin-UP|Gholdengo|100\/100\n|switch|p2a: Rotom|Rotom-Wash|71\/100\n|\n|-heal|p2a: Rotom|77\/100|[from] item: Leftovers\n|upkeep\n|turn|8\n|\n|t:|1697845285\n|switch|p1a: Double Tap|Noivern, F|100\/100\n|-item|p2a: Rotom|Leftovers|[from] ability: Frisk|[of] p1a: Double Tap|[identify]\n|move|p2a: Rotom|Volt Switch|p1a: Double Tap\n|-damage|p1a: Double Tap|68\/100\n|\n|t:|1697845323\n|switch|p2a: Roaring Moon|Roaring Moon|100\/100|[from] Volt Switch\n|-enditem|p2a: Roaring Moon|Booster Energy\n|-activate|p2a: Roaring Moon|ability: Protosynthesis|[fromitem]\n|-start|p2a: Roaring Moon|protosynthesisspe\n|\n|upkeep\n|turn|9\n|j| The ShaqtusLOL\n|\n|t:|1697845377\n|switch|p1a: Who's Who|Krookodile, F, shiny|100\/100\n|move|p2a: Roaring Moon|Knock Off|p1a: Who's Who\n|-resisted|p1a: Who's Who\n|-damage|p1a: Who's Who|70\/100\n|-enditem|p1a: Who's Who|Choice Scarf|[from] move: Knock Off|[of] p2a: Roaring Moon\n|\n|upkeep\n|turn|10\n|l| The ShaqtusLOL\n|c| KaoVT|curtis why are all ur nicknames CoD Zombies perks xd\n|c| hatev2|you know its fire\n|c| KaoVT|true\n|\n|t:|1697845454\n|-end|p2a: Roaring Moon|Protosynthesis|[silent]\n|switch|p2a: Clefable|Clefable, M|62\/100\n|move|p1a: Who's Who|Close Combat|p2a: Clefable\n|-resisted|p2a: Clefable\n|-damage|p2a: Clefable|46\/100\n|-unboost|p1a: Who's Who|def|1\n|-unboost|p1a: Who's Who|spd|1\n|\n|-heal|p2a: Clefable|52\/100|[from] item: Leftovers\n|upkeep\n|turn|11\n|\n|t:|1697845512\n|move|p1a: Who's Who|Gunk Shot|p2a: Clefable\n|-supereffective|p2a: Clefable\n|-damage|p2a: Clefable|0 fnt\n|faint|p2a: Clefable\n|-ability|p1a: Who's Who|Moxie|boost\n|-boost|p1a: Who's Who|atk|1\n|\n|upkeep\n|\n|t:|1697845544\n|switch|p2a: Iron Moth|Iron Moth|100\/100\n|-enditem|p2a: Iron Moth|Booster Energy\n|-activate|p2a: Iron Moth|ability: Quark Drive|[fromitem]\n|-start|p2a: Iron Moth|quarkdrivespe\n|turn|12\n|\n|t:|1697845557\n|switch|p1a: PhD Flopper|Dudunsparce, M|100\/100\n|move|p2a: Iron Moth|Substitute|p2a: Iron Moth\n|-start|p2a: Iron Moth|Substitute\n|-damage|p2a: Iron Moth|76\/100\n|\n|upkeep\n|turn|13\n|\n|t:|1697845626\n|move|p2a: Iron Moth|Fiery Dance|p1a: PhD Flopper\n|-damage|p1a: PhD Flopper|74\/100\n|-enditem|p1a: PhD Flopper|Maranga Berry|[eat]\n|-boost|p1a: PhD Flopper|spd|1|[from] item: Maranga Berry\n|move|p1a: PhD Flopper|Earthquake|p2a: Iron Moth\n|-supereffective|p2a: Iron Moth\n|-end|p2a: Iron Moth|Substitute\n|\n|upkeep\n|turn|14\n|\n|t:|1697845641\n|-end|p2a: Iron Moth|Quark Drive|[silent]\n|switch|p2a: Great Tusk|Great Tusk|100\/100\n|move|p1a: PhD Flopper|Body Slam|p2a: Great Tusk\n|-damage|p2a: Great Tusk|82\/100\n|\n|upkeep\n|turn|15\n|j| iceberg149\n|\n|t:|1697845715\n|switch|p1a: Speed Cola|Iron Leaves|100\/100\n|move|p2a: Great Tusk|Rapid Spin|p1a: Speed Cola\n|-damage|p1a: Speed Cola|78\/100\n|-boost|p2a: Great Tusk|spe|1\n|\n|upkeep\n|turn|16\n|\n|t:|1697845765\n|move|p2a: Great Tusk|Knock Off|p1a: Speed Cola\n|-supereffective|p1a: Speed Cola\n|-enditem|p1a: Speed Cola|Colbur Berry|[eat]\n|-enditem|p1a: Speed Cola|Colbur Berry|[weaken]\n|-damage|p1a: Speed Cola|37\/100\n|move|p1a: Speed Cola|Leaf Blade|p2a: Great Tusk\n|-supereffective|p2a: Great Tusk\n|-damage|p2a: Great Tusk|23\/100\n|\n|upkeep\n|turn|17\n|\n|t:|1697845800\n|move|p2a: Great Tusk|Knock Off|p1a: Speed Cola\n|-supereffective|p1a: Speed Cola\n|-damage|p1a: Speed Cola|0 fnt\n|faint|p1a: Speed Cola\n|-end|p1a: Speed Cola|Quark Drive|[silent]\n|\n|upkeep\n|\n|t:|1697845801\n|switch|p1a: Juggernog|Cinderace, F|100\/100\n|turn|18\n|\n|t:|1697845817\n|move|p1a: Juggernog|Zen Headbutt|p2a: Great Tusk\n|-start|p1a: Juggernog|typechange|Psychic|[from] ability: Libero\n|-supereffective|p2a: Great Tusk\n|-damage|p2a: Great Tusk|0 fnt\n|faint|p2a: Great Tusk\n|-end|p2a: Great Tusk|Protosynthesis|[silent]\n|\n|upkeep\n|\n|t:|1697845828\n|switch|p2a: Roaring Moon|Roaring Moon|100\/100\n|turn|19\n|\n|t:|1697845840\n|switch|p1a: Who's Who|Krookodile, F, shiny|70\/100\n|move|p2a: Roaring Moon|Knock Off|p1a: Who's Who\n|-resisted|p1a: Who's Who\n|-damage|p1a: Who's Who|49\/100\n|\n|upkeep\n|turn|20\n|\n|t:|1697845850\n|move|p2a: Roaring Moon|Acrobatics|p1a: Who's Who\n|-damage|p1a: Who's Who|0 fnt\n|faint|p1a: Who's Who\n|\n|upkeep\n|\n|t:|1697845853\n|switch|p1a: Juggernog|Cinderace, F|100\/100\n|turn|21\n|\n|t:|1697845865\n|-end|p2a: Roaring Moon|Protosynthesis|[silent]\n|switch|p2a: Rotom|Rotom-Wash|77\/100\n|move|p1a: Juggernog|High Jump Kick|p2a: Rotom\n|-start|p1a: Juggernog|typechange|Fighting|[from] ability: Libero\n|-damage|p2a: Rotom|25\/100\n|\n|-heal|p2a: Rotom|32\/100|[from] item: Leftovers\n|upkeep\n|turn|22\n|\n|t:|1697845877\n|move|p1a: Juggernog|High Jump Kick|p2a: Rotom\n|-damage|p2a: Rotom|0 fnt\n|faint|p2a: Rotom\n|\n|upkeep\n|\n|t:|1697845891\n|switch|p2a: Roaring Moon|Roaring Moon|100\/100\n|turn|23\n|\n|t:|1697845898\n|move|p1a: Juggernog|High Jump Kick|p2a: Roaring Moon\n|-supereffective|p2a: Roaring Moon\n|-damage|p2a: Roaring Moon|0 fnt\n|faint|p2a: Roaring Moon\n|-end|p2a: Roaring Moon|Protosynthesis|[silent]\n|\n|upkeep\n|\n|t:|1697845903\n|switch|p2a: Iron Moth|Iron Moth|76\/100\n|turn|24\n|c|\u2606xegrizzy|everything that could go wrong did\n|c|\u2606xegrizzy|love pokemon\n|\n|t:|1697845918\n|switch|p1a: PhD Flopper|Dudunsparce, M|74\/100\n|move|p2a: Iron Moth|Fiery Dance|p1a: PhD Flopper\n|-damage|p1a: PhD Flopper|47\/100\n|-boost|p2a: Iron Moth|spa|1\n|\n|upkeep\n|turn|25\n|\n|t:|1697845929\n|move|p2a: Iron Moth|Fiery Dance|p1a: PhD Flopper\n|-crit|p1a: PhD Flopper\n|-damage|p1a: PhD Flopper|0 fnt\n|faint|p1a: PhD Flopper\n|\n|upkeep\n|\n|t:|1697845952\n|switch|p1a: Juggernog|Cinderace, F|100\/100\n|turn|26\n|\n|t:|1697845977\n|move|p1a: Juggernog|Zen Headbutt|p2a: Iron Moth\n|-start|p1a: Juggernog|typechange|Psychic|[from] ability: Libero\n|-supereffective|p2a: Iron Moth\n|-damage|p2a: Iron Moth|0 fnt\n|faint|p2a: Iron Moth\n|-end|p2a: Iron Moth|Quark Drive|[silent]\n|\n|upkeep\n|\n|t:|1697845983\n|switch|p2a: Charizard|Charizard, F|100\/100\n|turn|27\n|\n|t:|1697846001\n|move|p1a: Juggernog|Zen Headbutt|p2a: Charizard\n|-damage|p2a: Charizard|53\/100\n|move|p2a: Charizard|Flamethrower|p1a: Juggernog\n|-damage|p1a: Juggernog|39\/100\n|-status|p1a: Juggernog|brn\n|\n|-damage|p1a: Juggernog|33\/100 brn|[from] brn\n|upkeep\n|turn|28\n|\n|t:|1697846017\n|move|p1a: Juggernog|Zen Headbutt|p2a: Charizard\n|-damage|p2a: Charizard|28\/100\n|move|p2a: Charizard|Flamethrower|p1a: Juggernog\n|-damage|p1a: Juggernog|0 fnt\n|faint|p1a: Juggernog\n|\n|upkeep\n|\n|t:|1697846036\n|switch|p1a: Double Tap|Noivern, F|68\/100\n|-item|p2a: Charizard|Heavy-Duty Boots|[from] ability: Frisk|[of] p1a: Double Tap|[identify]\n|turn|29\n|c|\u2606xegrizzy|scarf ace?\n|\n|t:|1697846045\n|move|p2a: Charizard|Air Slash|p1a: Double Tap\n|-damage|p1a: Double Tap|22\/100\n|cant|p1a: Double Tap|flinch\n|\n|upkeep\n|turn|30\n|\n|t:|1697846051\n|switch|p1a: Stamin-UP|Gholdengo|100\/100\n|move|p2a: Charizard|Air Slash|p1a: Stamin-UP\n|-resisted|p1a: Stamin-UP\n|-damage|p1a: Stamin-UP|82\/100\n|\n|upkeep\n|turn|31\n|\n|t:|1697846057\n|move|p2a: Charizard|Flamethrower|p1a: Stamin-UP\n|-supereffective|p1a: Stamin-UP\n|-damage|p1a: Stamin-UP|0 fnt\n|faint|p1a: Stamin-UP\n|\n|upkeep\n|\n|t:|1697846059\n|switch|p1a: Double Tap|Noivern, F|22\/100\n|-item|p2a: Charizard|Heavy-Duty Boots|[from] ability: Frisk|[of] p1a: Double Tap|[identify]\n|turn|32\n|\n|t:|1697846066\n|move|p2a: Charizard|Air Slash|p1a: Double Tap\n|-damage|p1a: Double Tap|0 fnt\n|faint|p1a: Double Tap\n|\n|win|xegrizzy\n|c|\u2606xegrizzy|omg\n|c|\u2606xegrizzy|i did not see that coming\n|c|\u2606xegrizzy|im osrry\n|c|\u2606xegrizzy|karma ig\n|c| KaoVT|ITS THE GRIZZLY BEAR FOR THE DUB\n|c| hatev2|that was... well.... lucky LOL\n|c| hatev2|GG's\n|l| KaoVT\n|c| iceberg149|nice clutch up\n|c|\u2606curtisthecacnea|sick\n|l|\u2606curtisthecacnea\n|c|\u2606xegrizzy|were u scarfed on ace?\n|c| hatev2|yea he was\n|c| hatev2|555 speed LOL\n|c|\u2606xegrizzy|okok\n|c|\u2606xegrizzy|i thought i lost the speed tie\n|c|\u2606xegrizzy|i should have lost\n","uploadtime":1697846172,"views":41,"p1id":"curtisthecacnea","p2id":"xegrizzy","formatid":"gen9ubers","rating":0,"private":0,"password":""}