{"id":"gen9ubers-1974567099","p1":"Alexandre195","p2":"ratstarz","format":"[Gen 9] Ubers","log":"|j|\u2606Alexandre195\n|j|\u2606ratstarz\n|t:|1698098033\n|gametype|singles\n|player|p1|Alexandre195|nate|1166\n|player|p2|ratstarz|hoopster|1071\n|teamsize|p1|6\n|teamsize|p2|6\n|gen|9\n|tier|[Gen 9] Ubers\n|rated|\n|rule|Sleep Clause Mod: Limit one foe put to sleep\n|rule|Species Clause: Limit one of each Pok\u00e9mon\n|rule|OHKO Clause: OHKO moves are banned\n|rule|Evasion Items Clause: Evasion items are banned\n|rule|Evasion Moves Clause: Evasion moves are banned\n|rule|Endless Battle Clause: Forcing endless battles is banned\n|rule|HP Percentage Mod: HP is shown in percentages\n|clearpoke\n|poke|p1|Ribombee, F|\n|poke|p1|Haxorus, M|\n|poke|p1|Chi-Yu|\n|poke|p1|Mamoswine, M|\n|poke|p1|Torterra, F|\n|poke|p1|Flutter Mane|\n|poke|p2|Palafin, M|\n|poke|p2|Tinkaton, F|\n|poke|p2|Ting-Lu|\n|poke|p2|Miraidon|\n|poke|p2|Flutter Mane|\n|poke|p2|Skeledirge, M|\n|teampreview\n|inactive|Battle timer is ON: inactive players will automatically lose when time's up. (requested by Alexandre195)\n|\n|t:|1698098038\n|start\n|switch|p1a: Ribombee|Ribombee, F|100\/100\n|switch|p2a: Kanye West|Palafin, M|100\/100\n|turn|1\n|\n|t:|1698098048\n|detailschange|p2a: Kanye West|Palafin-Hero, M\n|switch|p2a: Dr. Dre|Miraidon|100\/100\n|-fieldstart|move: Electric Terrain|[from] ability: Hadron Engine|[of] p2a: Dr. Dre\n|move|p1a: Ribombee|Sticky Web|p2a: Dr. Dre\n|-sidestart|p2: ratstarz|move: Sticky Web\n|\n|upkeep\n|turn|2\n|\n|t:|1698098056\n|move|p2a: Dr. Dre|Electro Drift|p1a: Ribombee\n|-enditem|p1a: Ribombee|Focus Sash\n|-damage|p1a: Ribombee|1\/100\n|move|p1a: Ribombee|Quiver Dance|p1a: Ribombee\n|-boost|p1a: Ribombee|spa|1\n|-boost|p1a: Ribombee|spd|1\n|-boost|p1a: Ribombee|spe|1\n|\n|upkeep\n|turn|3\n|\n|t:|1698098064\n|move|p1a: Ribombee|Moonblast|p2a: Dr. Dre\n|-supereffective|p2a: Dr. Dre\n|-damage|p2a: Dr. Dre|4\/100\n|-unboost|p2a: Dr. Dre|spa|1\n|move|p2a: Dr. Dre|U-turn|p1a: Ribombee\n|-resisted|p1a: Ribombee\n|-damage|p1a: Ribombee|0 fnt\n|faint|p1a: Ribombee\n|\n|t:|1698098073\n|switch|p2a: Kendrick Lamar|Ting-Lu|100\/100|[from] U-turn\n|-activate|p2a: Kendrick Lamar|move: Sticky Web\n|-unboost|p2a: Kendrick Lamar|spe|1\n|-ability|p2a: Kendrick Lamar|Vessel of Ruin\n|\n|upkeep\n|\n|t:|1698098081\n|switch|p1a: Torterra|Torterra, F|100\/100\n|turn|4\n|\n|t:|1698098089\n|move|p1a: Torterra|Bullet Seed|p2a: Kendrick Lamar\n|-supereffective|p2a: Kendrick Lamar\n|-damage|p2a: Kendrick Lamar|86\/100\n|-supereffective|p2a: Kendrick Lamar\n|-damage|p2a: Kendrick Lamar|72\/100\n|-supereffective|p2a: Kendrick Lamar\n|-damage|p2a: Kendrick Lamar|59\/100\n|-supereffective|p2a: Kendrick Lamar\n|-damage|p2a: Kendrick Lamar|47\/100\n|-hitcount|p2a: Kendrick Lamar|4\n|-enditem|p2a: Kendrick Lamar|Red Card|[of] p1a: Torterra\n|drag|p1a: Haxorus|Haxorus, M|100\/100\n|-ability|p1a: Haxorus|Mold Breaker\n|move|p2a: Kendrick Lamar|Spikes|p1a: Haxorus\n|-sidestart|p1: Alexandre195|Spikes\n|\n|upkeep\n|turn|5\n|\n|t:|1698098102\n|move|p1a: Haxorus|Dragon Dance|p1a: Haxorus\n|-boost|p1a: Haxorus|atk|1\n|-boost|p1a: Haxorus|spe|1\n|move|p2a: Kendrick Lamar|Spikes|p1a: Haxorus\n|-sidestart|p1: Alexandre195|Spikes\n|\n|-fieldend|move: Electric Terrain\n|upkeep\n|turn|6\n|\n|t:|1698098108\n|move|p1a: Haxorus|Dragon Claw|p2a: Kendrick Lamar\n|-damage|p2a: Kendrick Lamar|13\/100\n|move|p2a: Kendrick Lamar|Spikes|p1a: Haxorus\n|-sidestart|p1: Alexandre195|Spikes\n|\n|upkeep\n|turn|7\n|\n|t:|1698098114\n|move|p1a: Haxorus|Dragon Dance|p1a: Haxorus\n|-boost|p1a: Haxorus|atk|1\n|-boost|p1a: Haxorus|spe|1\n|move|p2a: Kendrick Lamar|Ruination|p1a: Haxorus\n|-damage|p1a: Haxorus|50\/100\n|\n|upkeep\n|turn|8\n|\n|t:|1698098122\n|move|p1a: Haxorus|Dragon Claw|p2a: Kendrick Lamar\n|-damage|p2a: Kendrick Lamar|0 fnt\n|faint|p2a: Kendrick Lamar\n|\n|upkeep\n|\n|t:|1698098129\n|switch|p2a: Ice Cube|Tinkaton, F|100\/100\n|-ability|p2a: Ice Cube|Mold Breaker\n|-item|p2a: Ice Cube|Air Balloon\n|turn|9\n|\n|t:|1698098139\n|move|p1a: Haxorus|Iron Head|p2a: Ice Cube\n|-damage|p2a: Ice Cube|45\/100\n|-enditem|p2a: Ice Cube|Air Balloon\n|move|p2a: Ice Cube|Stealth Rock|p1a: Haxorus\n|-sidestart|p1: Alexandre195|move: Stealth Rock\n|\n|upkeep\n|turn|10\n|\n|t:|1698098145\n|move|p1a: Haxorus|Iron Head|p2a: Ice Cube\n|-damage|p2a: Ice Cube|0 fnt\n|faint|p2a: Ice Cube\n|\n|upkeep\n|\n|t:|1698098158\n|switch|p2a: Snoop Dogg|Skeledirge, M|100\/100\n|turn|11\n|\n|t:|1698098160\n|move|p1a: Haxorus|Earthquake|p2a: Snoop Dogg\n|-supereffective|p2a: Snoop Dogg\n|-damage|p2a: Snoop Dogg|14\/100\n|move|p2a: Snoop Dogg|Will-O-Wisp|p1a: Haxorus\n|-status|p1a: Haxorus|brn\n|\n|-damage|p1a: Haxorus|44\/100 brn|[from] brn\n|upkeep\n|turn|12\n|\n|t:|1698098170\n|move|p1a: Haxorus|Earthquake|p2a: Snoop Dogg\n|-supereffective|p2a: Snoop Dogg\n|-damage|p2a: Snoop Dogg|0 fnt\n|faint|p2a: Snoop Dogg\n|\n|-damage|p1a: Haxorus|38\/100 brn|[from] brn\n|upkeep\n|\n|t:|1698098177\n|switch|p2a: Kanye West|Palafin-Hero, M|100\/100\n|-activate|p2a: Kanye West|move: Sticky Web\n|-unboost|p2a: Kanye West|spe|1\n|-activate|p2a: Kanye West|ability: Zero to Hero\n|turn|13\n|\n|t:|1698098185\n|move|p1a: Haxorus|Dragon Claw|p2a: Kanye West\n|-damage|p2a: Kanye West|64\/100\n|move|p2a: Kanye West|Bulk Up|p2a: Kanye West\n|-boost|p2a: Kanye West|atk|1\n|-boost|p2a: Kanye West|def|1\n|\n|-heal|p2a: Kanye West|70\/100|[from] item: Leftovers\n|-damage|p1a: Haxorus|32\/100 brn|[from] brn\n|upkeep\n|turn|14\n|\n|t:|1698098193\n|switch|p1a: Chi-Yu|Chi-Yu|100\/100\n|-damage|p1a: Chi-Yu|76\/100|[from] Spikes\n|-damage|p1a: Chi-Yu|51\/100|[from] Stealth Rock\n|-ability|p1a: Chi-Yu|Beads of Ruin\n|move|p2a: Kanye West|Bulk Up|p2a: Kanye West\n|-boost|p2a: Kanye West|atk|1\n|-boost|p2a: Kanye West|def|1\n|\n|-heal|p2a: Kanye West|77\/100|[from] item: Leftovers\n|upkeep\n|turn|15\n|\n|t:|1698098205\n|move|p2a: Kanye West|Jet Punch|p1a: Chi-Yu\n|-supereffective|p1a: Chi-Yu\n|-damage|p1a: Chi-Yu|0 fnt\n|faint|p1a: Chi-Yu\n|\n|-heal|p2a: Kanye West|83\/100|[from] item: Leftovers\n|upkeep\n|\n|t:|1698098209\n|switch|p1a: Torterra|Torterra, F|100\/100\n|-damage|p1a: Torterra|75\/100|[from] Spikes\n|-damage|p1a: Torterra|69\/100|[from] Stealth Rock\n|turn|16\n|\n|t:|1698098215\n|-terastallize|p1a: Torterra|Grass\n|move|p1a: Torterra|Bullet Seed|p2a: Kanye West\n|-supereffective|p2a: Kanye West\n|-damage|p2a: Kanye West|70\/100\n|-supereffective|p2a: Kanye West\n|-damage|p2a: Kanye West|58\/100\n|-supereffective|p2a: Kanye West\n|-damage|p2a: Kanye West|44\/100\n|-supereffective|p2a: Kanye West\n|-damage|p2a: Kanye West|31\/100\n|-supereffective|p2a: Kanye West\n|-damage|p2a: Kanye West|19\/100\n|-hitcount|p2a: Kanye West|5\n|move|p2a: Kanye West|Drain Punch|p1a: Torterra\n|-damage|p1a: Torterra|21\/100\n|-heal|p2a: Kanye West|39\/100|[from] drain|[of] p1a: Torterra\n|\n|-heal|p2a: Kanye West|46\/100|[from] item: Leftovers\n|upkeep\n|turn|17\n|\n|t:|1698098232\n|move|p1a: Torterra|Bullet Seed|p2a: Kanye West\n|-supereffective|p2a: Kanye West\n|-damage|p2a: Kanye West|33\/100\n|-supereffective|p2a: Kanye West\n|-damage|p2a: Kanye West|20\/100\n|-supereffective|p2a: Kanye West\n|-damage|p2a: Kanye West|7\/100\n|-supereffective|p2a: Kanye West\n|-damage|p2a: Kanye West|0 fnt\n|faint|p2a: Kanye West\n|-hitcount|p2: Kanye West|4\n|\n|upkeep\n|\n|t:|1698098242\n|switch|p2a: Dr. Dre|Miraidon|4\/100\n|-fieldstart|move: Electric Terrain|[from] ability: Hadron Engine|[of] p2a: Dr. Dre\n|turn|18\n|\n|t:|1698098248\n|move|p2a: Dr. Dre|U-turn|p1a: Torterra\n|-supereffective|p1a: Torterra\n|-damage|p1a: Torterra|0 fnt\n|faint|p1a: Torterra\n|\n|t:|1698098252\n|switch|p2a: 2Pac|Flutter Mane|100\/100|[from] U-turn\n|-activate|p2a: 2Pac|move: Sticky Web\n|-unboost|p2a: 2Pac|spe|1\n|\n|upkeep\n|\n|t:|1698098254\n|switch|p1a: Haxorus|Haxorus, M|32\/100 brn\n|-damage|p1a: Haxorus|8\/100 brn|[from] Spikes\n|-damage|p1a: Haxorus|0 fnt|[from] Stealth Rock\n|faint|p1a: Haxorus\n|\n|t:|1698098258\n|switch|p1a: Mamoswine|Mamoswine, M|100\/100\n|-damage|p1a: Mamoswine|76\/100|[from] Spikes\n|-damage|p1a: Mamoswine|63\/100|[from] Stealth Rock\n|turn|19\n|\n|t:|1698098270\n|move|p2a: 2Pac|Taunt|p1a: Mamoswine\n|-start|p1a: Mamoswine|move: Taunt\n|move|p1a: Mamoswine|Knock Off|p2a: 2Pac\n|-damage|p2a: 2Pac|30\/100\n|-enditem|p2a: 2Pac|Life Orb|[from] move: Knock Off|[of] p1a: Mamoswine\n|\n|upkeep\n|turn|20\n|\n|t:|1698098279\n|move|p1a: Mamoswine|Ice Shard|p2a: 2Pac\n|-damage|p2a: 2Pac|0 fnt\n|faint|p2a: 2Pac\n|-end|p2a: 2Pac|Protosynthesis|[silent]\n|\n|upkeep\n|\n|t:|1698098282\n|switch|p2a: Dr. Dre|Miraidon|4\/100\n|-activate|p2a: Dr. Dre|ability: Hadron Engine\n|turn|21\n|c|\u2606Alexandre195|gg\n|\n|t:|1698098286\n|move|p1a: Mamoswine|Ice Shard|p2a: Dr. Dre\n|-supereffective|p2a: Dr. Dre\n|-damage|p2a: Dr. Dre|0 fnt\n|faint|p2a: Dr. Dre\n|\n|win|Alexandre195\n|raw|Alexandre195's rating: 1166 &rarr; <strong>1184<\/strong><br \/>(+18 for winning)\n|raw|ratstarz's rating: 1071 &rarr; <strong>1056<\/strong><br \/>(-15 for losing)\n|c|\u2606ratstarz|ggs\n","uploadtime":1698098293,"views":13,"p1id":"alexandre195","p2id":"ratstarz","formatid":"gen9ubers","rating":1056,"private":0,"password":""}