{"id":"gen9ubers-1979821771","p1":"isduddui","p2":"Valtreyak","format":"[Gen 9] Ubers","log":"|j|\u2606isduddui\n|j|\u2606Valtreyak\n|t:|1698716795\n|gametype|singles\n|player|p1|isduddui|265|1000\n|player|p2|Valtreyak|hilbert|1054\n|teamsize|p1|6\n|teamsize|p2|6\n|gen|9\n|tier|[Gen 9] Ubers\n|rated|\n|rule|Sleep Clause Mod: Limit one foe put to sleep\n|rule|Species Clause: Limit one of each Pok\u00e9mon\n|rule|OHKO Clause: OHKO moves are banned\n|rule|Evasion Items Clause: Evasion items are banned\n|rule|Evasion Moves Clause: Evasion moves are banned\n|rule|Endless Battle Clause: Forcing endless battles is banned\n|rule|HP Percentage Mod: HP is shown in percentages\n|clearpoke\n|poke|p1|Garchomp, F|\n|poke|p1|Meowscarada, F|\n|poke|p1|Quaquaval, F|\n|poke|p1|Skeledirge, M|\n|poke|p1|Annihilape, M|\n|poke|p1|Pawmot, M|\n|poke|p2|Noivern, M|\n|poke|p2|Luxray, M|\n|poke|p2|Annihilape, M|\n|poke|p2|Vikavolt, M|\n|poke|p2|Staraptor, M|\n|poke|p2|Gliscor, M|\n|teampreview\n|\n|t:|1698716833\n|start\n|switch|p1a: Quaquaval|Quaquaval, F|100\/100\n|switch|p2a: Bat|Noivern, M|100\/100\n|turn|1\n|inactive|Battle timer is ON: inactive players will automatically lose when time's up. (requested by isduddui)\n|\n|t:|1698716846\n|move|p1a: Quaquaval|Ice Spinner|p2a: Bat\n|-supereffective|p2a: Bat\n|-damage|p2a: Bat|0 fnt\n|faint|p2a: Bat\n|-ability|p1a: Quaquaval|Moxie|boost\n|-boost|p1a: Quaquaval|atk|1\n|-damage|p1a: Quaquaval|91\/100|[from] item: Life Orb\n|\n|upkeep\n|\n|t:|1698716856\n|switch|p2a: Buzz|Vikavolt, M, shiny|100\/100\n|turn|2\n|\n|t:|1698716868\n|switch|p1a: Garchomp|Garchomp, F|100\/100\n|move|p2a: Buzz|Discharge|p1a: Garchomp\n|-immune|p1a: Garchomp\n|\n|upkeep\n|turn|3\n|\n|t:|1698716876\n|move|p1a: Garchomp|Stealth Rock|p2a: Buzz\n|-sidestart|p2: Valtreyak|move: Stealth Rock\n|move|p2a: Buzz|Energy Ball|p1a: Garchomp\n|-damage|p1a: Garchomp|61\/100\n|\n|upkeep\n|turn|4\n|\n|t:|1698716887\n|switch|p1a: Skeledirge|Skeledirge, M|100\/100\n|move|p2a: Buzz|Energy Ball|p1a: Skeledirge\n|-resisted|p1a: Skeledirge\n|-damage|p1a: Skeledirge|77\/100\n|\n|upkeep\n|turn|5\n|\n|t:|1698716897\n|switch|p2a: Scorp|Gliscor, M, shiny|100\/100\n|-damage|p2a: Scorp|88\/100|[from] Stealth Rock\n|move|p1a: Skeledirge|Torch Song|p2a: Scorp\n|-damage|p2a: Scorp|34\/100\n|-boost|p1a: Skeledirge|spa|1\n|\n|-status|p2a: Scorp|tox|[from] item: Toxic Orb\n|upkeep\n|turn|6\n|\n|t:|1698716913\n|switch|p1a: Garchomp|Garchomp, F|61\/100\n|move|p2a: Scorp|Earthquake|p1a: Garchomp\n|-damage|p1a: Garchomp|17\/100\n|\n|-heal|p2a: Scorp|47\/100 tox|[from] ability: Poison Heal\n|upkeep\n|turn|7\n|\n|t:|1698716923\n|move|p1a: Garchomp|Outrage|p2a: Scorp\n|-damage|p2a: Scorp|0 fnt\n|faint|p2a: Scorp\n|\n|upkeep\n|\n|t:|1698716931\n|switch|p2a: Buzz|Vikavolt, M, shiny|100\/100\n|-damage|p2a: Buzz|76\/100|[from] Stealth Rock\n|turn|8\n|\n|t:|1698716936\n|move|p1a: Garchomp|Outrage|p2a: Buzz|[from]lockedmove\n|-damage|p2a: Buzz|0 fnt\n|faint|p2a: Buzz\n|\n|upkeep\n|\n|t:|1698716942\n|switch|p2a: Birb|Staraptor, M, shiny|100\/100\n|-damage|p2a: Birb|76\/100|[from] Stealth Rock\n|-ability|p2a: Birb|Intimidate|boost\n|-unboost|p1a: Garchomp|atk|1\n|turn|9\n|\n|t:|1698716952\n|move|p1a: Garchomp|Outrage|p2a: Birb|[from]lockedmove\n|-damage|p2a: Birb|22\/100\n|-enditem|p2a: Birb|Figy Berry|[eat]\n|-heal|p2a: Birb|55\/100|[from] item: Figy Berry\n|-start|p1a: Garchomp|confusion|[fatigue]\n|move|p2a: Birb|U-turn|p1a: Garchomp\n|-damage|p1a: Garchomp|0 fnt\n|-damage|p2a: Birb|42\/100|[from] ability: Rough Skin|[of] p1a: Garchomp\n|-damage|p2a: Birb|26\/100|[from] item: Rocky Helmet|[of] p1a: Garchomp\n|faint|p1a: Garchomp\n|\n|t:|1698716966\n|switch|p2a: Monke|Annihilape, M|100\/100|[from] U-turn\n|-damage|p2a: Monke|94\/100|[from] Stealth Rock\n|\n|upkeep\n|\n|t:|1698716984\n|switch|p1a: Skeledirge|Skeledirge, M|77\/100\n|turn|10\n|\n|t:|1698716990\n|move|p1a: Skeledirge|Shadow Ball|p2a: Monke\n|-supereffective|p2a: Monke\n|-damage|p2a: Monke|25\/100\n|-unboost|p2a: Monke|spd|1\n|-ability|p2a: Monke|Defiant|boost\n|-boost|p2a: Monke|atk|2\n|-enditem|p2a: Monke|Aguav Berry|[eat]\n|-heal|p2a: Monke|58\/100|[from] item: Aguav Berry\n|move|p2a: Monke|Rage Fist|p1a: Skeledirge\n|-supereffective|p1a: Skeledirge\n|-damage|p1a: Skeledirge|0 fnt\n|faint|p1a: Skeledirge\n|\n|upkeep\n|\n|t:|1698717014\n|switch|p1a: Meowscarada|Meowscarada, F|100\/100\n|turn|11\n|\n|t:|1698717020\n|move|p1a: Meowscarada|Play Rough|p2a: Monke|[miss]\n|-start|p1a: Meowscarada|typechange|Fairy|[from] ability: Protean\n|-miss|p1a: Meowscarada|p2a: Monke\n|move|p2a: Monke|Drain Punch|p1a: Meowscarada\n|-resisted|p1a: Meowscarada\n|-crit|p1a: Meowscarada\n|-damage|p1a: Meowscarada|6\/100\n|-heal|p2a: Monke|91\/100|[from] drain|[of] p1a: Meowscarada\n|\n|upkeep\n|turn|12\n|\n|t:|1698717032\n|move|p1a: Meowscarada|Play Rough|p2a: Monke\n|-supereffective|p2a: Monke\n|-damage|p2a: Monke|0 fnt\n|faint|p2a: Monke\n|\n|upkeep\n|\n|t:|1698717037\n|switch|p2a: Leonidas|Luxray, M|100\/100\n|-damage|p2a: Leonidas|88\/100|[from] Stealth Rock\n|-ability|p2a: Leonidas|Intimidate|boost\n|-unboost|p1a: Meowscarada|atk|1\n|turn|13\n|\n|t:|1698717046\n|move|p1a: Meowscarada|Flower Trick|p2a: Leonidas\n|-crit|p2a: Leonidas\n|-damage|p2a: Leonidas|42\/100\n|move|p2a: Leonidas|Psychic Fangs|p1a: Meowscarada\n|-damage|p1a: Meowscarada|0 fnt\n|faint|p1a: Meowscarada\n|\n|upkeep\n|\n|t:|1698717064\n|switch|p1a: Annihilape|Annihilape, M|100\/100\n|turn|14\n|\n|t:|1698717073\n|move|p1a: Annihilape|Brick Break|p2a: Leonidas\n|-damage|p2a: Leonidas|0 fnt\n|faint|p2a: Leonidas\n|\n|upkeep\n|\n|t:|1698717078\n|switch|p2a: Birb|Staraptor, M, shiny|26\/100\n|-damage|p2a: Birb|1\/100|[from] Stealth Rock\n|-ability|p2a: Birb|Intimidate|boost\n|-unboost|p1a: Annihilape|atk|1\n|-ability|p1a: Annihilape|Defiant|boost\n|-boost|p1a: Annihilape|atk|2\n|turn|15\n|\n|t:|1698717087\n|move|p2a: Birb|Close Combat|p1a: Annihilape\n|-immune|p1a: Annihilape\n|move|p1a: Annihilape|Ice Punch|p2a: Birb\n|-supereffective|p2a: Birb\n|-damage|p2a: Birb|0 fnt\n|faint|p2a: Birb\n|\n|win|isduddui\n|raw|isduddui's rating: 1000 &rarr; <strong>1046<\/strong><br \/>(+46 for winning)\n|raw|Valtreyak's rating: 1054 &rarr; <strong>1033<\/strong><br \/>(-21 for losing)\n|l|\u2606Valtreyak\n","uploadtime":1698717098,"views":21,"p1id":"isduddui","p2id":"valtreyak","formatid":"gen9ubers","rating":1033,"private":0,"password":""}