{"id":"gen9ubers-1973653699","p1":"fmfnr","p2":"Deriverse","format":"[Gen 9] Ubers","log":"|j|\u2606fmfnr\n|j|\u2606Deriverse\n|t:|1698000148\n|gametype|singles\n|player|p1|fmfnr|hilbert|1310\n|player|p2|Deriverse|roxanne|1242\n|teamsize|p1|6\n|teamsize|p2|6\n|gen|9\n|tier|[Gen 9] Ubers\n|rated|\n|rule|Sleep Clause Mod: Limit one foe put to sleep\n|rule|Species Clause: Limit one of each Pok\u00e9mon\n|rule|OHKO Clause: OHKO moves are banned\n|rule|Evasion Items Clause: Evasion items are banned\n|rule|Evasion Moves Clause: Evasion moves are banned\n|rule|Endless Battle Clause: Forcing endless battles is banned\n|rule|HP Percentage Mod: HP is shown in percentages\n|clearpoke\n|poke|p1|Chien-Pao|\n|poke|p1|Koraidon|\n|poke|p1|Flutter Mane|\n|poke|p1|Skeledirge, F|\n|poke|p1|Toxapex, F|\n|poke|p1|Goodra-Hisui, M|\n|poke|p2|Shaymin-Sky|\n|poke|p2|Flutter Mane|\n|poke|p2|Groudon|\n|poke|p2|Palafin, M|\n|poke|p2|Ribombee, M|\n|poke|p2|Great Tusk|\n|teampreview\n|\n|t:|1698000202\n|start\n|switch|p1a: Koraidon|Koraidon|100\/100\n|switch|p2a: Ribombee|Ribombee, M|100\/100\n|-weather|SunnyDay|[from] ability: Orichalcum Pulse|[of] p1a: Koraidon\n|-activate|p1a: Koraidon|Orichalcum Pulse|[source]\n|turn|1\n|inactive|Battle timer is ON: inactive players will automatically lose when time's up. (requested by Deriverse)\n|\n|t:|1698000224\n|move|p1a: Koraidon|U-turn|p2a: Ribombee\n|-resisted|p2a: Ribombee\n|-damage|p2a: Ribombee|55\/100\n|\n|t:|1698000233\n|switch|p1a: Skeledirge|Skeledirge, F|100\/100|[from] U-turn\n|move|p2a: Ribombee|Stun Spore|p1a: Skeledirge\n|-status|p1a: Skeledirge|par\n|\n|-weather|SunnyDay|[upkeep]\n|upkeep\n|turn|2\n|\n|t:|1698000237\n|move|p2a: Ribombee|Sticky Web|p1a: Skeledirge\n|-sidestart|p1: fmfnr|move: Sticky Web\n|move|p1a: Skeledirge|Torch Song|p2a: Ribombee\n|-supereffective|p2a: Ribombee\n|-damage|p2a: Ribombee|0 fnt\n|-boost|p1a: Skeledirge|spa|1\n|faint|p2a: Ribombee\n|-enditem|p1a: Skeledirge|Throat Spray\n|-boost|p1a: Skeledirge|spa|1|[from] item: Throat Spray\n|\n|-weather|SunnyDay|[upkeep]\n|upkeep\n|\n|t:|1698000250\n|switch|p2a: Groudon|Groudon|100\/100\n|turn|3\n|\n|t:|1698000266\n|-terastallize|p1a: Skeledirge|Normal\n|move|p2a: Groudon|Precipice Blades|p1a: Skeledirge\n|-crit|p1a: Skeledirge\n|-damage|p1a: Skeledirge|6\/100 par\n|move|p1a: Skeledirge|Torch Song|p2a: Groudon\n|-damage|p2a: Groudon|0 fnt\n|-boost|p1a: Skeledirge|spa|1\n|faint|p2a: Groudon\n|\n|-weather|SunnyDay|[upkeep]\n|upkeep\n|\n|t:|1698000279\n|switch|p2a: Flutter Mane|Flutter Mane|100\/100\n|-activate|p2a: Flutter Mane|ability: Protosynthesis\n|-start|p2a: Flutter Mane|protosynthesisspe\n|turn|4\n|\n|t:|1698000282\n|move|p2a: Flutter Mane|Moonblast|p1a: Skeledirge\n|-damage|p1a: Skeledirge|0 fnt\n|faint|p1a: Skeledirge\n|\n|-weather|SunnyDay|[upkeep]\n|upkeep\n|\n|t:|1698000288\n|switch|p1a: Goodra|Goodra-Hisui, M|100\/100\n|-activate|p1a: Goodra|move: Sticky Web\n|-unboost|p1a: Goodra|spe|1\n|turn|5\n|\n|t:|1698000310\n|-end|p2a: Flutter Mane|Protosynthesis|[silent]\n|switch|p2a: Palafin|Palafin, M|100\/100\n|move|p1a: Goodra|Gyro Ball|p2a: Palafin\n|-resisted|p2a: Palafin\n|-damage|p2a: Palafin|74\/100\n|\n|-weather|none\n|upkeep\n|turn|6\n|\n|t:|1698000318\n|move|p2a: Palafin|Flip Turn|p1a: Goodra\n|-resisted|p1a: Goodra\n|-damage|p1a: Goodra|87\/100\n|-ability|p1a: Goodra|Gooey\n|-unboost|p2a: Palafin|spe|1\n|\n|t:|1698000325\n|detailschange|p2a: Palafin|Palafin-Hero, M\n|switch|p2a: Great Tusk|Great Tusk|100\/100|[from] Flip Turn\n|move|p1a: Goodra|Dragon Tail|p2a: Great Tusk\n|-damage|p2a: Great Tusk|86\/100\n|-end|p2a: Great Tusk|Protosynthesis|[silent]\n|drag|p2a: Flutter Mane|Flutter Mane|100\/100\n|\n|upkeep\n|turn|7\n|\n|t:|1698000343\n|-end|p2a: Flutter Mane|Protosynthesis|[silent]\n|switch|p2a: Great Tusk|Great Tusk|86\/100\n|move|p1a: Goodra|Knock Off|p2a: Great Tusk\n|-resisted|p2a: Great Tusk\n|-damage|p2a: Great Tusk|78\/100\n|-enditem|p2a: Great Tusk|Heavy-Duty Boots|[from] move: Knock Off|[of] p1a: Goodra\n|\n|upkeep\n|turn|8\n|inactive|fmfnr has 120 seconds left.\n|\n|t:|1698000402\n|move|p2a: Great Tusk|Stealth Rock|p1a: Goodra\n|-sidestart|p1: fmfnr|move: Stealth Rock\n|move|p1a: Goodra|Dragon Tail|p2a: Great Tusk\n|-damage|p2a: Great Tusk|64\/100\n|-end|p2a: Great Tusk|Protosynthesis|[silent]\n|drag|p2a: Flutter Mane|Flutter Mane|100\/100\n|\n|upkeep\n|turn|9\n|\n|t:|1698000416\n|-end|p2a: Flutter Mane|Protosynthesis|[silent]\n|switch|p2a: Great Tusk|Great Tusk|64\/100\n|move|p1a: Goodra|Earthquake|p2a: Great Tusk\n|-damage|p2a: Great Tusk|49\/100\n|\n|upkeep\n|turn|10\n|inactive|fmfnr has 90 seconds left.\n|\n|t:|1698000443\n|move|p2a: Great Tusk|Headlong Rush|p1a: Goodra\n|-supereffective|p1a: Goodra\n|-damage|p1a: Goodra|0 fnt\n|-unboost|p2a: Great Tusk|def|1\n|-unboost|p2a: Great Tusk|spd|1\n|-ability|p1a: Goodra|Gooey\n|-unboost|p2a: Great Tusk|spe|1\n|faint|p1a: Goodra\n|\n|upkeep\n|\n|t:|1698000455\n|switch|p1a: Koraidon|Koraidon|100\/100\n|-activate|p1a: Koraidon|move: Sticky Web\n|-unboost|p1a: Koraidon|spe|1\n|-damage|p1a: Koraidon|94\/100|[from] Stealth Rock\n|-weather|SunnyDay|[from] ability: Orichalcum Pulse|[of] p1a: Koraidon\n|-activate|p2a: Great Tusk|ability: Protosynthesis\n|-start|p2a: Great Tusk|protosynthesisatk\n|-activate|p1a: Koraidon|Orichalcum Pulse|[source]\n|turn|11\n|\n|t:|1698000463\n|move|p1a: Koraidon|Flare Blitz|p2a: Great Tusk\n|-damage|p2a: Great Tusk|0 fnt\n|faint|p2a: Great Tusk\n|-end|p2a: Great Tusk|Protosynthesis|[silent]\n|-damage|p1a: Koraidon|74\/100|[from] Recoil\n|\n|-weather|SunnyDay|[upkeep]\n|upkeep\n|\n|t:|1698000468\n|switch|p2a: Flutter Mane|Flutter Mane|100\/100\n|-activate|p2a: Flutter Mane|ability: Protosynthesis\n|-start|p2a: Flutter Mane|protosynthesisspe\n|turn|12\n|inactive|fmfnr has 90 seconds left.\n|\n|t:|1698000483\n|switch|p1a: Toxapex|Toxapex, F|100\/100\n|-activate|p1a: Toxapex|move: Sticky Web\n|-unboost|p1a: Toxapex|spe|1\n|-damage|p1a: Toxapex|88\/100|[from] Stealth Rock\n|move|p2a: Flutter Mane|Moonblast|p1a: Toxapex\n|-resisted|p1a: Toxapex\n|-damage|p1a: Toxapex|66\/100\n|-unboost|p1a: Toxapex|spa|1\n|\n|-weather|SunnyDay|[upkeep]\n|upkeep\n|turn|13\n|\n|t:|1698000500\n|move|p2a: Flutter Mane|Substitute|p2a: Flutter Mane\n|-start|p2a: Flutter Mane|Substitute\n|-damage|p2a: Flutter Mane|76\/100\n|move|p1a: Toxapex|Infestation|p2a: Flutter Mane\n|-resisted|p2a: Flutter Mane\n|-activate|p2a: Flutter Mane|move: Substitute|[damage]\n|\n|-weather|SunnyDay|[upkeep]\n|-heal|p2a: Flutter Mane|82\/100|[from] item: Leftovers\n|upkeep\n|turn|14\n|inactive|fmfnr has 90 seconds left.\n|inactive|fmfnr has 60 seconds left.\n|\n|t:|1698000556\n|move|p2a: Flutter Mane|Calm Mind|p2a: Flutter Mane\n|-boost|p2a: Flutter Mane|spa|1\n|-boost|p2a: Flutter Mane|spd|1\n|move|p1a: Toxapex|Infestation|p2a: Flutter Mane\n|-resisted|p2a: Flutter Mane\n|-activate|p2a: Flutter Mane|move: Substitute|[damage]\n|\n|-weather|SunnyDay|[upkeep]\n|-heal|p2a: Flutter Mane|88\/100|[from] item: Leftovers\n|upkeep\n|turn|15\n|\n|t:|1698000568\n|move|p2a: Flutter Mane|Calm Mind|p2a: Flutter Mane\n|-boost|p2a: Flutter Mane|spa|1\n|-boost|p2a: Flutter Mane|spd|1\n|move|p1a: Toxapex|Haze|p1a: Toxapex\n|-clearallboost\n|\n|-weather|none\n|-end|p2a: Flutter Mane|Protosynthesis\n|-heal|p2a: Flutter Mane|94\/100|[from] item: Leftovers\n|upkeep\n|turn|16\n|inactive|fmfnr has 60 seconds left.\n|\n|t:|1698000600\n|switch|p1a: Chien-Pao|Chien-Pao|100\/100\n|-activate|p1a: Chien-Pao|move: Sticky Web\n|-unboost|p1a: Chien-Pao|spe|1\n|-damage|p1a: Chien-Pao|76\/100|[from] Stealth Rock\n|-ability|p1a: Chien-Pao|Sword of Ruin\n|move|p2a: Flutter Mane|Calm Mind|p2a: Flutter Mane\n|-boost|p2a: Flutter Mane|spa|1\n|-boost|p2a: Flutter Mane|spd|1\n|\n|-heal|p2a: Flutter Mane|99\/100|[from] item: Leftovers\n|upkeep\n|turn|17\n|\n|t:|1698000610\n|move|p2a: Flutter Mane|Moonblast|p1a: Chien-Pao\n|-supereffective|p1a: Chien-Pao\n|-damage|p1a: Chien-Pao|0 fnt\n|faint|p1a: Chien-Pao\n|\n|-heal|p2a: Flutter Mane|100\/100|[from] item: Leftovers\n|upkeep\n|\n|t:|1698000620\n|switch|p1a: Flutter Mane|Flutter Mane|100\/100\n|-activate|p1a: Flutter Mane|move: Sticky Web\n|-unboost|p1a: Flutter Mane|spe|1\n|-damage|p1a: Flutter Mane|88\/100|[from] Stealth Rock\n|turn|18\n|\n|t:|1698000626\n|move|p2a: Flutter Mane|Shadow Ball|p1a: Flutter Mane\n|-supereffective|p1a: Flutter Mane\n|-damage|p1a: Flutter Mane|0 fnt\n|faint|p1a: Flutter Mane\n|-end|p1a: Flutter Mane|Protosynthesis|[silent]\n|\n|upkeep\n|\n|t:|1698000628\n|switch|p1a: Koraidon|Koraidon|74\/100\n|-activate|p1a: Koraidon|move: Sticky Web\n|-unboost|p1a: Koraidon|spe|1\n|-damage|p1a: Koraidon|68\/100|[from] Stealth Rock\n|-weather|SunnyDay|[from] ability: Orichalcum Pulse|[of] p1a: Koraidon\n|-activate|p2a: Flutter Mane|ability: Protosynthesis\n|-start|p2a: Flutter Mane|protosynthesisspa\n|-activate|p1a: Koraidon|Orichalcum Pulse|[source]\n|turn|19\n|\n|t:|1698000631\n|move|p2a: Flutter Mane|Moonblast|p1a: Koraidon\n|-supereffective|p1a: Koraidon\n|-damage|p1a: Koraidon|0 fnt\n|faint|p1a: Koraidon\n|\n|-weather|SunnyDay|[upkeep]\n|upkeep\n|\n|t:|1698000634\n|switch|p1a: Toxapex|Toxapex, F|99\/100\n|-activate|p1a: Toxapex|move: Sticky Web\n|-unboost|p1a: Toxapex|spe|1\n|-damage|p1a: Toxapex|87\/100|[from] Stealth Rock\n|turn|20\n|\n|t:|1698000640\n|-terastallize|p2a: Flutter Mane|Ghost\n|move|p2a: Flutter Mane|Shadow Ball|p1a: Toxapex\n|-damage|p1a: Toxapex|6\/100\n|move|p1a: Toxapex|Infestation|p2a: Flutter Mane\n|-resisted|p2a: Flutter Mane\n|-activate|p2a: Flutter Mane|move: Substitute|[damage]\n|\n|-weather|SunnyDay|[upkeep]\n|upkeep\n|turn|21\n|\n|t:|1698000650\n|move|p2a: Flutter Mane|Shadow Ball|p1a: Toxapex\n|-crit|p1a: Toxapex\n|-damage|p1a: Toxapex|0 fnt\n|faint|p1a: Toxapex\n|\n|win|Deriverse\n|raw|fmfnr's rating: 1310 &rarr; <strong>1286<\/strong><br \/>(-24 for losing)\n|raw|Deriverse's rating: 1242 &rarr; <strong>1272<\/strong><br \/>(+30 for winning)\n|l|\u2606fmfnr\n","uploadtime":1698000696,"views":10,"p1id":"fmfnr","p2id":"deriverse","formatid":"gen9ubers","rating":1272,"private":0,"password":""}