{"id":"gen9ubers-1999440145","p1":"RobinUrElo","p2":"Uninyx","format":"[Gen 9] Ubers","log":"|j|\u2606RobinUrElo\n|j|\u2606Uninyx\n|t:|1701080841\n|gametype|singles\n|player|p1|RobinUrElo|lillie|1429\n|player|p2|Uninyx|1|1285\n|teamsize|p1|6\n|teamsize|p2|6\n|gen|9\n|tier|[Gen 9] Ubers\n|rated|\n|rule|Sleep Clause Mod: Limit one foe put to sleep\n|rule|Species Clause: Limit one of each Pok\u00e9mon\n|rule|OHKO Clause: OHKO moves are banned\n|rule|Evasion Items Clause: Evasion items are banned\n|rule|Evasion Moves Clause: Evasion moves are banned\n|rule|Endless Battle Clause: Forcing endless battles is banned\n|rule|HP Percentage Mod: HP is shown in percentages\n|clearpoke\n|poke|p1|Calyrex-Ice|\n|poke|p1|Grimmsnarl, M|\n|poke|p1|Great Tusk|\n|poke|p1|Koraidon|\n|poke|p1|Flutter Mane|\n|poke|p1|Zacian-*|\n|poke|p2|Rayquaza|\n|poke|p2|Skeledirge, M|\n|poke|p2|Great Tusk|\n|poke|p2|Miraidon|\n|poke|p2|Blissey, F|\n|poke|p2|Zacian-*|\n|teampreview\n|\n|t:|1701080886\n|start\n|switch|p1a: Grimmsnarl|Grimmsnarl, M|100\/100\n|switch|p2a: Miraidon|Miraidon|100\/100\n|-fieldstart|move: Electric Terrain|[from] ability: Hadron Engine|[of] p2a: Miraidon\n|turn|1\n|\n|t:|1701080889\n|move|p1a: Grimmsnarl|Light Screen|p1a: Grimmsnarl\n|-sidestart|p1: RobinUrElo|move: Light Screen\n|move|p2a: Miraidon|Electro Drift|p1a: Grimmsnarl\n|-damage|p1a: Grimmsnarl|51\/100\n|\n|upkeep\n|turn|2\n|\n|t:|1701080892\n|switch|p2a: Great Tusk|Great Tusk|100\/100\n|move|p1a: Grimmsnarl|Reflect|p1a: Grimmsnarl\n|-sidestart|p1: RobinUrElo|Reflect\n|\n|upkeep\n|turn|3\n|\n|t:|1701080957\n|move|p2a: Great Tusk|Play Rough|p1a: Grimmsnarl\n|-supereffective|p1a: Grimmsnarl\n|-damage|p1a: Grimmsnarl|19\/100\n|move|p1a: Grimmsnarl|Spirit Break|p2a: Great Tusk\n|-supereffective|p2a: Great Tusk\n|-damage|p2a: Great Tusk|72\/100\n|-unboost|p2a: Great Tusk|spa|1\n|\n|-heal|p2a: Great Tusk|79\/100|[from] item: Leftovers\n|upkeep\n|turn|4\n|\n|t:|1701080962\n|move|p1a: Grimmsnarl|Taunt|p2a: Great Tusk\n|-start|p2a: Great Tusk|move: Taunt\n|move|p2a: Great Tusk|Play Rough|p1a: Grimmsnarl\n|-supereffective|p1a: Grimmsnarl\n|-damage|p1a: Grimmsnarl|0 fnt\n|faint|p1a: Grimmsnarl\n|\n|-heal|p2a: Great Tusk|85\/100|[from] item: Leftovers\n|upkeep\n|\n|t:|1701080980\n|switch|p1a: Calyrex|Calyrex-Ice|100\/100\n|-ability|p1a: Calyrex|As One\n|-ability|p1a: Calyrex|Unnerve\n|turn|5\n|\n|t:|1701080982\n|-end|p2a: Great Tusk|Protosynthesis|[silent]\n|switch|p2a: Skeledirge|Skeledirge, M|100\/100\n|move|p1a: Calyrex|Agility|p1a: Calyrex\n|-boost|p1a: Calyrex|spe|2\n|\n|-fieldend|move: Electric Terrain\n|upkeep\n|turn|6\n|\n|t:|1701080985\n|switch|p1a: Flutter Mane|Flutter Mane|100\/100\n|move|p2a: Skeledirge|Will-O-Wisp|p1a: Flutter Mane\n|-status|p1a: Flutter Mane|brn\n|\n|-damage|p1a: Flutter Mane|95\/100 brn|[from] brn\n|upkeep\n|turn|7\n|\n|t:|1701080988\n|switch|p2a: Blissey|Blissey, F|100\/100\n|move|p1a: Flutter Mane|Psyshock|p2a: Blissey\n|-damage|p2a: Blissey|59\/100\n|\n|-damage|p1a: Flutter Mane|89\/100 brn|[from] brn\n|upkeep\n|turn|8\n|\n|t:|1701080995\n|-end|p1a: Flutter Mane|Protosynthesis|[silent]\n|switch|p1a: Koraidon|Koraidon|100\/100\n|-weather|SunnyDay|[from] ability: Orichalcum Pulse|[of] p1a: Koraidon\n|-activate|p1a: Koraidon|Orichalcum Pulse|[source]\n|move|p2a: Blissey|Soft-Boiled|p2a: Blissey\n|-heal|p2a: Blissey|100\/100\n|\n|-weather|SunnyDay|[upkeep]\n|-sideend|p1: RobinUrElo|move: Light Screen\n|upkeep\n|turn|9\n|\n|t:|1701081003\n|switch|p2a: Great Tusk|Great Tusk|85\/100\n|-activate|p2a: Great Tusk|ability: Protosynthesis\n|-start|p2a: Great Tusk|protosynthesisdef\n|move|p1a: Koraidon|Scale Shot|p2a: Great Tusk\n|-damage|p2a: Great Tusk|78\/100\n|-damage|p2a: Great Tusk|71\/100\n|-damage|p2a: Great Tusk|64\/100\n|-damage|p2a: Great Tusk|57\/100\n|-damage|p2a: Great Tusk|51\/100\n|-hitcount|p2a: Great Tusk|5\n|-unboost|p1a: Koraidon|def|1\n|-boost|p1a: Koraidon|spe|1\n|\n|-weather|SunnyDay|[upkeep]\n|-heal|p2a: Great Tusk|57\/100|[from] item: Leftovers\n|-sideend|p1: RobinUrElo|Reflect\n|upkeep\n|turn|10\n|\n|t:|1701081007\n|switch|p1a: Flutter Mane|Flutter Mane|89\/100 brn\n|-activate|p1a: Flutter Mane|ability: Protosynthesis\n|-start|p1a: Flutter Mane|protosynthesisspe\n|move|p2a: Great Tusk|Play Rough|p1a: Flutter Mane\n|-damage|p1a: Flutter Mane|32\/100 brn\n|\n|-weather|SunnyDay|[upkeep]\n|-heal|p2a: Great Tusk|63\/100|[from] item: Leftovers\n|-damage|p1a: Flutter Mane|26\/100 brn|[from] brn\n|upkeep\n|turn|11\n|\n|t:|1701081010\n|-end|p2a: Great Tusk|Protosynthesis|[silent]\n|switch|p2a: Blissey|Blissey, F|100\/100\n|move|p1a: Flutter Mane|Moonblast|p2a: Blissey\n|-damage|p2a: Blissey|76\/100\n|\n|-weather|SunnyDay|[upkeep]\n|-damage|p1a: Flutter Mane|20\/100 brn|[from] brn\n|upkeep\n|turn|12\n|\n|t:|1701081016\n|-end|p1a: Flutter Mane|Protosynthesis|[silent]\n|switch|p1a: Koraidon|Koraidon|100\/100\n|-activate|p1a: Koraidon|ability: Orichalcum Pulse\n|move|p2a: Blissey|Thunder Wave|p1a: Koraidon\n|-status|p1a: Koraidon|par\n|\n|-weather|none\n|upkeep\n|turn|13\n|inactive|Battle timer is ON: inactive players will automatically lose when time's up. (requested by Uninyx)\n|\n|t:|1701081090\n|switch|p2a: Great Tusk|Great Tusk|63\/100\n|cant|p1a: Koraidon|par\n|\n|-heal|p2a: Great Tusk|69\/100|[from] item: Leftovers\n|upkeep\n|turn|14\n|\n|t:|1701081093\n|move|p2a: Great Tusk|Play Rough|p1a: Koraidon\n|-supereffective|p1a: Koraidon\n|-damage|p1a: Koraidon|3\/100 par\n|move|p1a: Koraidon|Swords Dance|p1a: Koraidon\n|-boost|p1a: Koraidon|atk|2\n|\n|-heal|p2a: Great Tusk|76\/100|[from] item: Leftovers\n|upkeep\n|turn|15\n|\n|t:|1701081098\n|move|p2a: Great Tusk|Rapid Spin|p1a: Koraidon\n|-damage|p1a: Koraidon|0 fnt\n|-boost|p2a: Great Tusk|spe|1\n|faint|p1a: Koraidon\n|\n|-heal|p2a: Great Tusk|82\/100|[from] item: Leftovers\n|upkeep\n|inactive|RobinUrElo has 120 seconds left.\n|inactive|RobinUrElo has 90 seconds left.\n|inactive|RobinUrElo has 60 seconds left.\n|inactive|RobinUrElo has 30 seconds left.\n|c|\u2606Uninyx|?\n|c|\u2606Uninyx|play\n|inactive|RobinUrElo has 20 seconds left.\n|inactive|RobinUrElo has 15 seconds left.\n|inactive|RobinUrElo has 10 seconds left.\n|inactive|RobinUrElo has 5 seconds left.\n|-message|RobinUrElo lost due to inactivity.\n|\n|win|Uninyx\n|raw|RobinUrElo's rating: 1429 &rarr; <strong>1401<\/strong><br \/>(-28 for losing)\n|raw|Uninyx's rating: 1285 &rarr; <strong>1320<\/strong><br \/>(+35 for winning)\n|c|\u2606Uninyx|accurate mentality of screens player\n","uploadtime":1701081272,"views":4,"p1id":"robinurelo","p2id":"uninyx","formatid":"gen9ubers","rating":1320,"private":0,"password":""}