{"id":"gen9ubers-1976997969","p1":"0308006b","p2":"Anne Frankkkk","format":"[Gen 9] Ubers","log":"|j|\u26060308006b\n|j|\u2606Anne Frankkkk\n|t:|1698360177\n|gametype|singles\n|player|p1|0308006b|fisherman-gen4|1138\n|player|p2|Anne Frankkkk|hilbert|1146\n|teamsize|p1|6\n|teamsize|p2|6\n|gen|9\n|tier|[Gen 9] Ubers\n|rated|\n|rule|Sleep Clause Mod: Limit one foe put to sleep\n|rule|Species Clause: Limit one of each Pok\u00e9mon\n|rule|OHKO Clause: OHKO moves are banned\n|rule|Evasion Items Clause: Evasion items are banned\n|rule|Evasion Moves Clause: Evasion moves are banned\n|rule|Endless Battle Clause: Forcing endless battles is banned\n|rule|HP Percentage Mod: HP is shown in percentages\n|clearpoke\n|poke|p1|Annihilape, F|\n|poke|p1|Koraidon|\n|poke|p1|Miraidon|\n|poke|p1|Chi-Yu|\n|poke|p1|Regieleki|\n|poke|p1|Zacian-*|\n|poke|p2|Iron Hands|\n|poke|p2|Kyogre|\n|poke|p2|Chien-Pao|\n|poke|p2|Ribombee, M|\n|poke|p2|Miraidon|\n|poke|p2|Flutter Mane|\n|teampreview\n|\n|t:|1698360184\n|start\n|switch|p1a: Regieleki|Regieleki|100\/100\n|switch|p2a: Moonblast|Ribombee, M, shiny|100\/100\n|turn|1\n|inactive|Battle timer is ON: inactive players will automatically lose when time's up. (requested by Anne Frankkkk)\n|\n|t:|1698360187\n|move|p1a: Regieleki|Light Screen|p1a: Regieleki\n|-sidestart|p1: 0308006b|move: Light Screen\n|move|p2a: Moonblast|Sticky Web|p1a: Regieleki\n|-sidestart|p1: 0308006b|move: Sticky Web\n|\n|upkeep\n|turn|2\n|\n|t:|1698360192\n|switch|p2a: Misdreavius|Flutter Mane, shiny|100\/100\n|-enditem|p2a: Misdreavius|Booster Energy\n|-activate|p2a: Misdreavius|ability: Protosynthesis|[fromitem]\n|-start|p2a: Misdreavius|protosynthesisspe\n|move|p1a: Regieleki|Reflect|p1a: Regieleki\n|-sidestart|p1: 0308006b|Reflect\n|\n|upkeep\n|turn|3\n|\n|t:|1698360199\n|move|p2a: Misdreavius|Calm Mind|p2a: Misdreavius\n|-boost|p2a: Misdreavius|spa|1\n|-boost|p2a: Misdreavius|spd|1\n|move|p1a: Regieleki|Volt Switch|p2a: Misdreavius\n|-damage|p2a: Misdreavius|71\/100\n|\n|t:|1698360203\n|switch|p1a: Annihilape|Annihilape, F|100\/100|[from] Volt Switch\n|-activate|p1a: Annihilape|move: Sticky Web\n|-unboost|p1a: Annihilape|spe|1\n|-ability|p1a: Annihilape|Defiant|boost\n|-boost|p1a: Annihilape|atk|2\n|\n|upkeep\n|turn|4\n|\n|t:|1698360207\n|-terastallize|p1a: Annihilape|Water\n|move|p2a: Misdreavius|Moonblast|p1a: Annihilape\n|-damage|p1a: Annihilape|75\/100\n|move|p1a: Annihilape|Taunt|p2a: Misdreavius\n|-start|p2a: Misdreavius|move: Taunt\n|\n|-heal|p1a: Annihilape|82\/100|[from] item: Leftovers\n|upkeep\n|turn|5\n|\n|t:|1698360218\n|move|p2a: Misdreavius|Moonblast|p1a: Annihilape\n|-damage|p1a: Annihilape|59\/100\n|move|p1a: Annihilape|Bulk Up|p1a: Annihilape\n|-boost|p1a: Annihilape|atk|1\n|-boost|p1a: Annihilape|def|1\n|\n|-heal|p1a: Annihilape|65\/100|[from] item: Leftovers\n|upkeep\n|turn|6\n|\n|t:|1698360224\n|move|p2a: Misdreavius|Moonblast|p1a: Annihilape\n|-damage|p1a: Annihilape|43\/100\n|move|p1a: Annihilape|Rage Fist|p2a: Misdreavius\n|-supereffective|p2a: Misdreavius\n|-damage|p2a: Misdreavius|0 fnt\n|faint|p2a: Misdreavius\n|-end|p2a: Misdreavius|Protosynthesis|[silent]\n|\n|-heal|p1a: Annihilape|49\/100|[from] item: Leftovers\n|upkeep\n|\n|t:|1698360232\n|switch|p2a: Big Boy|Iron Hands, shiny|100\/100\n|turn|7\n|\n|t:|1698360237\n|move|p2a: Big Boy|Fake Out|p1a: Annihilape\n|-damage|p1a: Annihilape|44\/100\n|cant|p1a: Annihilape|flinch\n|\n|-heal|p1a: Annihilape|50\/100|[from] item: Leftovers\n|upkeep\n|turn|8\n|\n|t:|1698360239\n|move|p1a: Annihilape|Drain Punch|p2a: Big Boy\n|-damage|p2a: Big Boy|53\/100\n|-heal|p1a: Annihilape|79\/100|[from] drain|[of] p2a: Big Boy\n|move|p2a: Big Boy|Wild Charge|p1a: Annihilape\n|-supereffective|p1a: Annihilape\n|-damage|p1a: Annihilape|43\/100\n|-damage|p2a: Big Boy|46\/100|[from] Recoil\n|\n|-heal|p1a: Annihilape|49\/100|[from] item: Leftovers\n|-sideend|p1: 0308006b|move: Light Screen\n|upkeep\n|turn|9\n|\n|t:|1698360251\n|move|p1a: Annihilape|Drain Punch|p2a: Big Boy\n|-damage|p2a: Big Boy|0 fnt\n|-heal|p1a: Annihilape|77\/100|[from] drain|[of] p2a: Big Boy\n|faint|p2a: Big Boy\n|-end|p2a: Big Boy|Quark Drive|[silent]\n|\n|-heal|p1a: Annihilape|83\/100|[from] item: Leftovers\n|-sideend|p1: 0308006b|Reflect\n|upkeep\n|\n|t:|1698360255\n|switch|p2a: Cyber Lizard|Miraidon|100\/100\n|-fieldstart|move: Electric Terrain|[from] ability: Hadron Engine|[of] p2a: Cyber Lizard\n|-item|p2a: Cyber Lizard|Air Balloon\n|turn|10\n|\n|t:|1698360259\n|move|p2a: Cyber Lizard|Electro Drift|p1a: Annihilape\n|-supereffective|p1a: Annihilape\n|-damage|p1a: Annihilape|0 fnt\n|faint|p1a: Annihilape\n|\n|upkeep\n|\n|t:|1698360267\n|switch|p1a: Regieleki|Regieleki|100\/100\n|-activate|p1a: Regieleki|move: Sticky Web\n|-unboost|p1a: Regieleki|spe|1\n|turn|11\n|\n|t:|1698360272\n|move|p2a: Cyber Lizard|Dragon Pulse|p1a: Regieleki\n|-damage|p1a: Regieleki|0 fnt\n|faint|p1a: Regieleki\n|\n|upkeep\n|\n|t:|1698360281\n|switch|p1a: Zacian|Zacian-Crowned|100\/100\n|-activate|p1a: Zacian|move: Sticky Web\n|-unboost|p1a: Zacian|spe|1\n|-ability|p1a: Zacian|Intrepid Sword|boost\n|-boost|p1a: Zacian|atk|1\n|turn|12\n|\n|t:|1698360285\n|move|p2a: Cyber Lizard|Electro Drift|p1a: Zacian\n|-damage|p1a: Zacian|24\/100\n|move|p1a: Zacian|Play Rough|p2a: Cyber Lizard\n|-supereffective|p2a: Cyber Lizard\n|-damage|p2a: Cyber Lizard|0 fnt\n|-enditem|p2a: Cyber Lizard|Air Balloon\n|faint|p2a: Cyber Lizard\n|\n|upkeep\n|\n|t:|1698360291\n|switch|p2a: Moonblast|Ribombee, M, shiny|100\/100\n|turn|13\n|\n|t:|1698360294\n|move|p2a: Moonblast|Moonblast|p1a: Zacian\n|-resisted|p1a: Zacian\n|-damage|p1a: Zacian|4\/100\n|move|p1a: Zacian|Behemoth Blade|p2a: Moonblast\n|-supereffective|p2a: Moonblast\n|-enditem|p2a: Moonblast|Focus Sash\n|-damage|p2a: Moonblast|1\/100\n|\n|upkeep\n|turn|14\n|\n|t:|1698360301\n|move|p2a: Moonblast|Moonblast|p1a: Zacian\n|-resisted|p1a: Zacian\n|-damage|p1a: Zacian|0 fnt\n|faint|p1a: Zacian\n|\n|-fieldend|move: Electric Terrain\n|upkeep\n|\n|t:|1698360309\n|switch|p1a: Koraidon|Koraidon|100\/100\n|-activate|p1a: Koraidon|move: Sticky Web\n|-unboost|p1a: Koraidon|spe|1\n|-weather|SunnyDay|[from] ability: Orichalcum Pulse|[of] p1a: Koraidon\n|-activate|p1a: Koraidon|Orichalcum Pulse|[source]\n|turn|15\n|\n|t:|1698360312\n|move|p2a: Moonblast|Moonblast|p1a: Koraidon\n|-supereffective|p1a: Koraidon\n|-damage|p1a: Koraidon|0 fnt\n|faint|p1a: Koraidon\n|\n|-weather|SunnyDay|[upkeep]\n|upkeep\n|\n|t:|1698360325\n|switch|p1a: Chi-Yu|Chi-Yu|100\/100\n|-activate|p1a: Chi-Yu|move: Sticky Web\n|-unboost|p1a: Chi-Yu|spe|1\n|-ability|p1a: Chi-Yu|Beads of Ruin\n|turn|16\n|\n|t:|1698360332\n|move|p2a: Moonblast|Moonblast|p1a: Chi-Yu\n|-damage|p1a: Chi-Yu|56\/100\n|-unboost|p1a: Chi-Yu|spa|1\n|move|p1a: Chi-Yu|Flamethrower|p2a: Moonblast\n|-supereffective|p2a: Moonblast\n|-damage|p2a: Moonblast|0 fnt\n|faint|p2a: Moonblast\n|\n|-weather|SunnyDay|[upkeep]\n|upkeep\n|\n|t:|1698360337\n|switch|p2a: OHKO|Kyogre|100\/100\n|-weather|RainDance|[from] ability: Drizzle|[of] p2a: OHKO\n|turn|17\n|\n|t:|1698360340\n|move|p2a: OHKO|Water Spout|p1a: Chi-Yu\n|-supereffective|p1a: Chi-Yu\n|-damage|p1a: Chi-Yu|0 fnt\n|faint|p1a: Chi-Yu\n|\n|-weather|RainDance|[upkeep]\n|upkeep\n|\n|t:|1698360342\n|switch|p1a: Miraidon|Miraidon|100\/100\n|-activate|p1a: Miraidon|move: Sticky Web\n|-unboost|p1a: Miraidon|spe|1\n|-fieldstart|move: Electric Terrain|[from] ability: Hadron Engine|[of] p1a: Miraidon\n|turn|18\n|\n|t:|1698360346\n|-terastallize|p2a: OHKO|Water\n|move|p2a: OHKO|Water Spout|p1a: Miraidon\n|-resisted|p1a: Miraidon\n|-damage|p1a: Miraidon|0 fnt\n|faint|p1a: Miraidon\n|\n|win|Anne Frankkkk\n|raw|0308006b's rating: 1138 &rarr; <strong>1114<\/strong><br \/>(-24 for losing)\n|raw|Anne Frankkkk's rating: 1146 &rarr; <strong>1170<\/strong><br \/>(+24 for winning)\n|l|\u26060308006b\n","uploadtime":1698360355,"views":13,"p1id":"0308006b","p2id":"annefrankkkk","formatid":"gen9ubers","rating":1114,"private":0,"password":""}