{"id":"gen9ubers-1980340505","p1":"meal-man-321","p2":"fabxorusVGC","format":"[Gen 9] Ubers","log":"|j|\u2606meal-man-321\n|j|\u2606fabxorusVGC\n|t:|1698776673\n|gametype|singles\n|player|p1|meal-man-321|169|1041\n|player|p2|fabxorusVGC|hilbert|1178\n|teamsize|p1|6\n|teamsize|p2|6\n|gen|9\n|tier|[Gen 9] Ubers\n|rated|\n|rule|Sleep Clause Mod: Limit one foe put to sleep\n|rule|Species Clause: Limit one of each Pok\u00e9mon\n|rule|OHKO Clause: OHKO moves are banned\n|rule|Evasion Items Clause: Evasion items are banned\n|rule|Evasion Moves Clause: Evasion moves are banned\n|rule|Endless Battle Clause: Forcing endless battles is banned\n|rule|HP Percentage Mod: HP is shown in percentages\n|clearpoke\n|poke|p1|Komala, F|\n|poke|p1|Goodra-Hisui, F|\n|poke|p1|Dusclops, F|\n|poke|p1|Barraskewda, F|\n|poke|p1|Quaquaval, M|\n|poke|p1|Mabosstiff, M|\n|poke|p2|Arcanine, M|\n|poke|p2|Corviknight, F|\n|poke|p2|Pikachu, M|\n|poke|p2|Iron Bundle|\n|poke|p2|Roaring Moon|\n|poke|p2|Iron Leaves|\n|teampreview\n|inactive|Battle timer is ON: inactive players will automatically lose when time's up. (requested by fabxorusVGC)\n|inactive|meal-man-321 also wants the timer to be on.\n|\n|t:|1698776687\n|start\n|switch|p1a: Goodra|Goodra-Hisui, F|100\/100\n|switch|p2a: Pikachu|Pikachu, M|100\/100\n|turn|1\n|\n|t:|1698776695\n|-terastallize|p1a: Goodra|Poison\n|move|p2a: Pikachu|Fake Out|p1a: Goodra\n|-damage|p1a: Goodra|85\/100\n|cant|p1a: Goodra|flinch\n|\n|-heal|p1a: Goodra|91\/100|[from] item: Black Sludge\n|upkeep\n|turn|2\n|\n|t:|1698776706\n|move|p2a: Pikachu|Volt Tackle|p1a: Goodra\n|-damage|p1a: Goodra|23\/100\n|-damage|p2a: Pikachu|62\/100|[from] Recoil\n|move|p1a: Goodra|Curse|p1a: Goodra\n|-unboost|p1a: Goodra|spe|1\n|-boost|p1a: Goodra|atk|1\n|-boost|p1a: Goodra|def|1\n|\n|-heal|p1a: Goodra|29\/100|[from] item: Black Sludge\n|upkeep\n|turn|3\n|\n|t:|1698776717\n|move|p2a: Pikachu|Volt Tackle|p1a: Goodra\n|-damage|p1a: Goodra|0 fnt\n|faint|p1a: Goodra\n|-damage|p2a: Pikachu|45\/100|[from] Recoil\n|\n|upkeep\n|\n|t:|1698776726\n|switch|p1a: Komala|Komala, F|100\/100\n|-ability|p1a: Komala|Comatose\n|turn|4\n|\n|t:|1698776732\n|move|p2a: Pikachu|Knock Off|p1a: Komala\n|-crit|p1a: Komala\n|-damage|p1a: Komala|14\/100\n|-enditem|p1a: Komala|Leftovers|[from] move: Knock Off|[of] p2a: Pikachu\n|move|p1a: Komala|Stockpile|p1a: Komala\n|-start|p1a: Komala|stockpile1\n|-boost|p1a: Komala|def|1\n|-boost|p1a: Komala|spd|1\n|\n|upkeep\n|turn|5\n|\n|t:|1698776743\n|move|p1a: Komala|Sucker Punch|p2a: Pikachu\n|-damage|p2a: Pikachu|0 fnt\n|faint|p2a: Pikachu\n|\n|upkeep\n|\n|t:|1698776751\n|switch|p2a: Iron Leaves|Iron Leaves|100\/100\n|turn|6\n|\n|t:|1698776761\n|-terastallize|p2a: Iron Leaves|Fire\n|move|p1a: Komala|Sucker Punch|p2a: Iron Leaves\n|-damage|p2a: Iron Leaves|83\/100\n|move|p2a: Iron Leaves|Leaf Blade|p1a: Komala\n|-damage|p1a: Komala|0 fnt\n|faint|p1a: Komala\n|\n|upkeep\n|\n|t:|1698776782\n|switch|p1a: Quaquaval|Quaquaval, M|100\/100\n|turn|7\n|\n|t:|1698776792\n|-end|p2a: Iron Leaves|Quark Drive|[silent]\n|switch|p2a: Corviknight|Corviknight, F, shiny|100\/100\n|move|p1a: Quaquaval|Aqua Step|p2a: Corviknight\n|-damage|p2a: Corviknight|66\/100\n|-boost|p1a: Quaquaval|spe|1\n|\n|upkeep\n|turn|8\n|\n|t:|1698776801\n|move|p1a: Quaquaval|Aqua Step|p2a: Corviknight\n|-damage|p2a: Corviknight|36\/100\n|-boost|p1a: Quaquaval|spe|1\n|move|p2a: Corviknight|Brave Bird|p1a: Quaquaval\n|-supereffective|p1a: Quaquaval\n|-damage|p1a: Quaquaval|0 fnt\n|faint|p1a: Quaquaval\n|-damage|p2a: Corviknight|10\/100|[from] Recoil\n|-enditem|p2a: Corviknight|Figy Berry|[eat]\n|-heal|p2a: Corviknight|43\/100|[from] item: Figy Berry\n|\n|upkeep\n|\n|t:|1698776812\n|switch|p1a: Dusclops|Dusclops, F|100\/100\n|-ability|p1a: Dusclops|Pressure\n|turn|9\n|\n|t:|1698776826\n|move|p2a: Corviknight|Roost|p2a: Corviknight\n|-heal|p2a: Corviknight|93\/100\n|-singleturn|p2a: Corviknight|move: Roost\n|move|p1a: Dusclops|Calm Mind|p1a: Dusclops\n|-boost|p1a: Dusclops|spa|1\n|-boost|p1a: Dusclops|spd|1\n|\n|upkeep\n|turn|10\n|\n|t:|1698776835\n|move|p2a: Corviknight|Bulk Up|p2a: Corviknight\n|-boost|p2a: Corviknight|atk|1\n|-boost|p2a: Corviknight|def|1\n|move|p1a: Dusclops|Calm Mind|p1a: Dusclops\n|-boost|p1a: Dusclops|spa|1\n|-boost|p1a: Dusclops|spd|1\n|\n|upkeep\n|turn|11\n|\n|t:|1698776843\n|move|p2a: Corviknight|Brave Bird|p1a: Dusclops\n|-damage|p1a: Dusclops|61\/100\n|-damage|p2a: Corviknight|84\/100|[from] Recoil\n|move|p1a: Dusclops|Dark Pulse|p2a: Corviknight\n|-damage|p2a: Corviknight|60\/100\n|\n|upkeep\n|turn|12\n|\n|t:|1698776851\n|move|p2a: Corviknight|Brave Bird|p1a: Dusclops\n|-damage|p1a: Dusclops|23\/100\n|-damage|p2a: Corviknight|51\/100|[from] Recoil\n|move|p1a: Dusclops|Dark Pulse|p2a: Corviknight\n|-damage|p2a: Corviknight|28\/100\n|\n|upkeep\n|turn|13\n|\n|t:|1698776860\n|move|p2a: Corviknight|Brave Bird|p1a: Dusclops\n|-damage|p1a: Dusclops|0 fnt\n|faint|p1a: Dusclops\n|-damage|p2a: Corviknight|23\/100|[from] Recoil\n|\n|upkeep\n|\n|t:|1698776867\n|switch|p1a: Barraskewda|Barraskewda, F|100\/100\n|turn|14\n|\n|t:|1698776874\n|move|p1a: Barraskewda|Double-Edge|p2a: Corviknight\n|-resisted|p2a: Corviknight\n|-damage|p2a: Corviknight|4\/100\n|-damage|p1a: Barraskewda|91\/100|[from] Recoil\n|move|p2a: Corviknight|Brave Bird|p1a: Barraskewda\n|-damage|p1a: Barraskewda|0 fnt\n|faint|p1a: Barraskewda\n|-damage|p2a: Corviknight|0 fnt|[from] Recoil\n|faint|p2a: Corviknight\n|\n|upkeep\n|-message|meal-man-321 forfeited.\n|\n|win|fabxorusVGC\n|raw|meal-man-321's rating: 1041 &rarr; <strong>1031<\/strong><br \/>(-10 for losing)\n|raw|fabxorusVGC's rating: 1178 &rarr; <strong>1194<\/strong><br \/>(+16 for winning)\n|l|\u2606meal-man-321\n","uploadtime":1698776889,"views":14,"p1id":"mealman321","p2id":"fabxorusvgc","formatid":"gen9ubers","rating":1031,"private":0,"password":""}