{"id":"gen9ubers-1994382100","p1":"Mr-Mongol","p2":"Angelolll","format":"[Gen 9] Ubers","log":"|j|\u2606Mr-Mongol\n|j|\u2606Angelolll\n|t:|1700437506\n|gametype|singles\n|player|p1|Mr-Mongol|dragontamer|\n|player|p2|Angelolll|emmet|\n|teamsize|p1|6\n|teamsize|p2|6\n|gen|9\n|tier|[Gen 9] Ubers\n|rule|Sleep Clause Mod: Limit one foe put to sleep\n|rule|Species Clause: Limit one of each Pok\u00e9mon\n|rule|OHKO Clause: OHKO moves are banned\n|rule|Evasion Items Clause: Evasion items are banned\n|rule|Evasion Moves Clause: Evasion moves are banned\n|rule|Endless Battle Clause: Forcing endless battles is banned\n|rule|HP Percentage Mod: HP is shown in percentages\n|clearpoke\n|poke|p1|Kingambit, M|\n|poke|p1|Magnezone|\n|poke|p1|Zacian-*|\n|poke|p1|Dialga|\n|poke|p1|Zamazenta-*|\n|poke|p1|Ribombee, F|\n|poke|p2|Kyogre|\n|poke|p2|Floatzel, F|\n|poke|p2|Quaquaval, M|\n|poke|p2|Hatterene, F|\n|poke|p2|Urshifu-*, F|\n|poke|p2|Palafin, M|\n|teampreview\n|\n|t:|1700437517\n|start\n|switch|p1a: Magnezone|Magnezone|100\/100\n|switch|p2a: Quaquaval|Quaquaval, M|100\/100\n|turn|1\n|c|\u2606Angelolll|No c te olvidea ahora\n|\n|t:|1700437530\n|move|p1a: Magnezone|Volt Switch|p2a: Quaquaval\n|-supereffective|p2a: Quaquaval\n|-enditem|p2a: Quaquaval|Focus Sash\n|-damage|p2a: Quaquaval|1\/100\n|\n|t:|1700437532\n|switch|p1a: Ribombee|Ribombee, F|100\/100|[from] Volt Switch\n|move|p2a: Quaquaval|Aqua Step|p1a: Ribombee\n|-damage|p1a: Ribombee|23\/100\n|-boost|p2a: Quaquaval|spe|1\n|\n|upkeep\n|turn|2\n|c|\u2606Angelolll|Pero bueno mongol gracias por la sinceridad de decir que era botas\n|\n|t:|1700437560\n|switch|p1a: Zamazenta|Zamazenta-Crowned|100\/100\n|-ability|p1a: Zamazenta|Dauntless Shield|boost\n|-boost|p1a: Zamazenta|def|1\n|move|p2a: Quaquaval|Aqua Step|p1a: Zamazenta\n|-damage|p1a: Zamazenta|84\/100\n|-boost|p2a: Quaquaval|spe|1\n|\n|upkeep\n|turn|3\n|\n|t:|1700437574\n|move|p2a: Quaquaval|Close Combat|p1a: Zamazenta\n|-supereffective|p1a: Zamazenta\n|-damage|p1a: Zamazenta|30\/100\n|-unboost|p2a: Quaquaval|def|1\n|-unboost|p2a: Quaquaval|spd|1\n|move|p1a: Zamazenta|Body Press|p2a: Quaquaval\n|-damage|p2a: Quaquaval|0 fnt\n|faint|p2a: Quaquaval\n|\n|upkeep\n|\n|t:|1700437581\n|switch|p2a: Palafin|Palafin, M|100\/100\n|turn|4\n|\n|t:|1700437591\n|detailschange|p2a: Palafin|Palafin-Hero, M\n|switch|p2a: Kyogre|Kyogre|100\/100\n|-weather|RainDance|[from] ability: Drizzle|[of] p2a: Kyogre\n|move|p1a: Zamazenta|Iron Defense|p1a: Zamazenta\n|-boost|p1a: Zamazenta|def|2\n|\n|-weather|RainDance|[upkeep]\n|upkeep\n|turn|5\n|\n|t:|1700437619\n|switch|p1a: Dialga|Dialga|100\/100\n|-ability|p1a: Dialga|Pressure\n|switch|p2a: Hatterene|Hatterene, F|100\/100\n|\n|-weather|RainDance|[upkeep]\n|upkeep\n|turn|6\n|c|\u2606Mr-Mongol|Tera si se queda\n|\n|t:|1700437628\n|-terastallize|p2a: Hatterene|Water\n|move|p1a: Dialga|Thunder|p2a: Hatterene\n|-supereffective|p2a: Hatterene\n|-damage|p2a: Hatterene|0 fnt\n|faint|p2a: Hatterene\n|\n|-weather|RainDance|[upkeep]\n|upkeep\n|\n|t:|1700437634\n|switch|p2a: Urshifu|Urshifu-Rapid-Strike, F|100\/100\n|turn|7\n|\n|t:|1700437641\n|switch|p1a: Zamazenta|Zamazenta-Crowned|30\/100\n|move|p2a: Urshifu|Close Combat|p1a: Zamazenta\n|-supereffective|p1a: Zamazenta\n|-damage|p1a: Zamazenta|0 fnt\n|-unboost|p2a: Urshifu|def|1\n|-unboost|p2a: Urshifu|spd|1\n|faint|p1a: Zamazenta\n|\n|-weather|RainDance|[upkeep]\n|upkeep\n|\n|t:|1700437654\n|switch|p1a: Zacian|Zacian-Crowned|100\/100\n|-ability|p1a: Zacian|Intrepid Sword|boost\n|-boost|p1a: Zacian|atk|1\n|turn|8\n|\n|t:|1700437666\n|switch|p2a: Kyogre|Kyogre|100\/100\n|move|p1a: Zacian|Trailblaze|p2a: Kyogre\n|-supereffective|p2a: Kyogre\n|-damage|p2a: Kyogre|61\/100\n|-boost|p1a: Zacian|spe|1\n|\n|-weather|RainDance|[upkeep]\n|upkeep\n|turn|9\n|\n|t:|1700437674\n|move|p1a: Zacian|Wild Charge|p2a: Kyogre\n|-supereffective|p2a: Kyogre\n|-damage|p2a: Kyogre|0 fnt\n|faint|p2a: Kyogre\n|-damage|p1a: Zacian|82\/100|[from] Recoil\n|\n|-weather|RainDance|[upkeep]\n|upkeep\n|\n|t:|1700437688\n|switch|p2a: Floatzel|Floatzel, F|100\/100\n|turn|10\n|\n|t:|1700437696\n|switch|p1a: Magnezone|Magnezone|100\/100\n|move|p2a: Floatzel|Liquidation|p1a: Magnezone\n|-ability|p1a: Magnezone|Sturdy\n|-damage|p1a: Magnezone|1\/100\n|\n|-weather|RainDance|[upkeep]\n|upkeep\n|turn|11\n|\n|t:|1700437697\n|move|p2a: Floatzel|Liquidation|p1a: Magnezone\n|-damage|p1a: Magnezone|0 fnt\n|faint|p1a: Magnezone\n|\n|-weather|none\n|upkeep\n|\n|t:|1700437702\n|switch|p1a: Ribombee|Ribombee, F|23\/100\n|turn|12\n|\n|t:|1700437708\n|-terastallize|p1a: Ribombee|Steel\n|move|p1a: Ribombee|Sticky Web|p2a: Floatzel\n|-sidestart|p2: Angelolll|move: Sticky Web\n|move|p2a: Floatzel|Liquidation|p1a: Ribombee\n|-damage|p1a: Ribombee|0 fnt\n|faint|p1a: Ribombee\n|\n|upkeep\n|\n|t:|1700437720\n|switch|p1a: Dialga|Dialga|100\/100\n|-ability|p1a: Dialga|Pressure\n|turn|13\n|\n|t:|1700437731\n|move|p2a: Floatzel|Liquidation|p1a: Dialga\n|-resisted|p1a: Dialga\n|-damage|p1a: Dialga|74\/100\n|move|p1a: Dialga|Thunderbolt|p2a: Floatzel\n|-supereffective|p2a: Floatzel\n|-damage|p2a: Floatzel|0 fnt\n|faint|p2a: Floatzel\n|\n|upkeep\n|\n|t:|1700437732\n|switch|p2a: Urshifu|Urshifu-Rapid-Strike, F|100\/100\n|-activate|p2a: Urshifu|move: Sticky Web\n|-unboost|p2a: Urshifu|spe|1\n|turn|14\n|\n|t:|1700437746\n|move|p2a: Urshifu|Close Combat|p1a: Dialga\n|-supereffective|p1a: Dialga\n|-damage|p1a: Dialga|0 fnt\n|-unboost|p2a: Urshifu|def|1\n|-unboost|p2a: Urshifu|spd|1\n|faint|p1a: Dialga\n|\n|upkeep\n|\n|t:|1700437749\n|switch|p1a: Zacian|Zacian-Crowned|82\/100\n|turn|15\n|\n|t:|1700437753\n|move|p1a: Zacian|Wild Charge|p2a: Urshifu\n|-supereffective|p2a: Urshifu\n|-damage|p2a: Urshifu|2\/100\n|-damage|p1a: Zacian|56\/100|[from] Recoil\n|move|p2a: Urshifu|Close Combat|p1a: Zacian\n|-damage|p1a: Zacian|0 fnt\n|-unboost|p2a: Urshifu|def|1\n|-unboost|p2a: Urshifu|spd|1\n|faint|p1a: Zacian\n|\n|upkeep\n|\n|t:|1700437755\n|switch|p1a: Kingambit|Kingambit, M|100\/100\n|-activate|p1a: Kingambit|ability: Supreme Overlord\n|-start|p1a: Kingambit|fallen5|[silent]\n|turn|16\n|\n|t:|1700437760\n|move|p1a: Kingambit|Sucker Punch|p2a: Urshifu\n|-resisted|p2a: Urshifu\n|-damage|p2a: Urshifu|0 fnt\n|faint|p2a: Urshifu\n|\n|upkeep\n|\n|t:|1700437762\n|switch|p2a: Palafin|Palafin-Hero, M|100\/100\n|-activate|p2a: Palafin|move: Sticky Web\n|-unboost|p2a: Palafin|spe|1\n|-activate|p2a: Palafin|ability: Zero to Hero\n|turn|17\n|\n|t:|1700437765\n|move|p1a: Kingambit|Sucker Punch||[still]\n|-fail|p1a: Kingambit\n|move|p2a: Palafin|Bulk Up|p2a: Palafin\n|-boost|p2a: Palafin|atk|1\n|-boost|p2a: Palafin|def|1\n|\n|upkeep\n|turn|18\n|\n|t:|1700437769\n|move|p2a: Palafin|Bulk Up|p2a: Palafin\n|-boost|p2a: Palafin|atk|1\n|-boost|p2a: Palafin|def|1\n|move|p1a: Kingambit|Swords Dance|p1a: Kingambit\n|-boost|p1a: Kingambit|atk|2\n|\n|upkeep\n|turn|19\n|\n|t:|1700437771\n|move|p2a: Palafin|Drain Punch|p1a: Kingambit\n|-supereffective|p1a: Kingambit\n|-damage|p1a: Kingambit|0 fnt\n|faint|p1a: Kingambit\n|-end|p1a: Kingambit|fallen5|[silent]\n|\n|win|Angelolll\n|c|\u2606Angelolll|Gg\n|c|\u2606Mr-Mongol|GGs\n|l|\u2606Mr-Mongol\n","uploadtime":1700437782,"views":16,"p1id":"mrmongol","p2id":"angelolll","formatid":"gen9ubers","rating":0,"private":0,"password":""}