{"id":"gen9ubers-1975312021","p1":"Clavicula Nox","p2":"Bernie776","format":"[Gen 9] Ubers","log":"|j|\u2606Clavicula Nox\n|j|\u2606Bernie776\n|t:|1698178788\n|gametype|singles\n|player|p1|Clavicula Nox|266|1070\n|player|p2|Bernie776|rood|1199\n|teamsize|p1|6\n|teamsize|p2|6\n|gen|9\n|tier|[Gen 9] Ubers\n|rated|\n|rule|Sleep Clause Mod: Limit one foe put to sleep\n|rule|Species Clause: Limit one of each Pok\u00e9mon\n|rule|OHKO Clause: OHKO moves are banned\n|rule|Evasion Items Clause: Evasion items are banned\n|rule|Evasion Moves Clause: Evasion moves are banned\n|rule|Endless Battle Clause: Forcing endless battles is banned\n|rule|HP Percentage Mod: HP is shown in percentages\n|clearpoke\n|poke|p1|Grimmsnarl, M|\n|poke|p1|Miraidon|\n|poke|p1|Magearna-Original|\n|poke|p1|Zacian-*|\n|poke|p1|Koraidon|\n|poke|p1|Volcarona, F|\n|poke|p2|Skeledirge, M|\n|poke|p2|Clodsire, F|\n|poke|p2|Iron Bundle|\n|poke|p2|Kingambit, F|\n|poke|p2|Landorus-Therian, M|\n|poke|p2|Annihilape, F|\n|teampreview\n|\n|t:|1698178805\n|start\n|switch|p1a: Grimmsnarl|Grimmsnarl, M|100\/100\n|switch|p2a: FunkyMonke|Annihilape, F|100\/100\n|turn|1\n|\n|t:|1698178849\n|move|p1a: Grimmsnarl|Taunt|p2a: FunkyMonke\n|-start|p2a: FunkyMonke|move: Taunt\n|cant|p2a: FunkyMonke|move: Taunt|Taunt\n|\n|upkeep\n|turn|2\n|\n|t:|1698178855\n|switch|p2a: Landorus Thicc|Landorus-Therian, M|100\/100\n|-ability|p2a: Landorus Thicc|Intimidate|boost\n|-unboost|p1a: Grimmsnarl|atk|1\n|move|p1a: Grimmsnarl|Reflect|p1a: Grimmsnarl\n|-sidestart|p1: Clavicula Nox|Reflect\n|\n|upkeep\n|turn|3\n|\n|t:|1698178860\n|move|p1a: Grimmsnarl|Taunt|p2a: Landorus Thicc\n|-start|p2a: Landorus Thicc|move: Taunt\n|move|p2a: Landorus Thicc|Brick Break|p1a: Grimmsnarl\n|-sideend|p1: Clavicula Nox|Reflect\n|-damage|p1a: Grimmsnarl|64\/100\n|\n|upkeep\n|turn|4\n|\n|t:|1698178866\n|move|p1a: Grimmsnarl|Parting Shot|p2a: Landorus Thicc\n|-unboost|p2a: Landorus Thicc|atk|1\n|-unboost|p2a: Landorus Thicc|spa|1\n|\n|t:|1698178870\n|switch|p1a: Volcarona|Volcarona, F|100\/100|[from] Parting Shot\n|move|p2a: Landorus Thicc|Brick Break|p1a: Volcarona\n|-resisted|p1a: Volcarona\n|-damage|p1a: Volcarona|91\/100\n|\n|upkeep\n|turn|5\n|\n|t:|1698178879\n|switch|p2a: Mr.Croc|Skeledirge, M|100\/100\n|move|p1a: Volcarona|Will-O-Wisp|p2a: Mr.Croc|[miss]\n|-miss|p1a: Volcarona|p2a: Mr.Croc\n|\n|upkeep\n|turn|6\n|\n|t:|1698178884\n|switch|p1a: Grimmsnarl|Grimmsnarl, M|64\/100\n|move|p2a: Mr.Croc|Torch Song|p1a: Grimmsnarl\n|-damage|p1a: Grimmsnarl|42\/100\n|-boost|p2a: Mr.Croc|spa|1\n|\n|upkeep\n|turn|7\n|\n|t:|1698178892\n|move|p1a: Grimmsnarl|Light Screen|p1a: Grimmsnarl\n|-sidestart|p1: Clavicula Nox|move: Light Screen\n|move|p2a: Mr.Croc|Torch Song|p1a: Grimmsnarl\n|-damage|p1a: Grimmsnarl|25\/100\n|-boost|p2a: Mr.Croc|spa|1\n|\n|upkeep\n|turn|8\n|\n|t:|1698178898\n|switch|p2a: Landorus Thicc|Landorus-Therian, M|100\/100\n|-ability|p2a: Landorus Thicc|Intimidate|boost\n|-unboost|p1a: Grimmsnarl|atk|1\n|move|p1a: Grimmsnarl|Reflect|p1a: Grimmsnarl\n|-sidestart|p1: Clavicula Nox|Reflect\n|\n|upkeep\n|turn|9\n|\n|t:|1698178905\n|move|p1a: Grimmsnarl|Parting Shot|p2a: Landorus Thicc\n|-unboost|p2a: Landorus Thicc|atk|1\n|-unboost|p2a: Landorus Thicc|spa|1\n|\n|t:|1698178908\n|switch|p1a: Volcarona|Volcarona, F|91\/100|[from] Parting Shot\n|move|p2a: Landorus Thicc|Brick Break|p1a: Volcarona\n|-sideend|p1: Clavicula Nox|Reflect\n|-sideend|p1: Clavicula Nox|move: Light Screen\n|-resisted|p1a: Volcarona\n|-damage|p1a: Volcarona|82\/100\n|\n|upkeep\n|turn|10\n|\n|t:|1698178917\n|switch|p2a: Mr.Croc|Skeledirge, M|100\/100\n|switch|p1a: Grimmsnarl|Grimmsnarl, M|25\/100\n|\n|upkeep\n|turn|11\n|\n|t:|1698178923\n|move|p1a: Grimmsnarl|Light Screen|p1a: Grimmsnarl\n|-sidestart|p1: Clavicula Nox|move: Light Screen\n|move|p2a: Mr.Croc|Torch Song|p1a: Grimmsnarl\n|-damage|p1a: Grimmsnarl|14\/100\n|-boost|p2a: Mr.Croc|spa|1\n|\n|upkeep\n|turn|12\n|\n|t:|1698178928\n|move|p1a: Grimmsnarl|Reflect|p1a: Grimmsnarl\n|-sidestart|p1: Clavicula Nox|Reflect\n|move|p2a: Mr.Croc|Torch Song|p1a: Grimmsnarl\n|-crit|p1a: Grimmsnarl\n|-damage|p1a: Grimmsnarl|0 fnt\n|-boost|p2a: Mr.Croc|spa|1\n|faint|p1a: Grimmsnarl\n|\n|upkeep\n|\n|t:|1698178942\n|switch|p1a: Miraidon|Miraidon|100\/100\n|-fieldstart|move: Electric Terrain|[from] ability: Hadron Engine|[of] p1a: Miraidon\n|turn|13\n|\n|t:|1698178948\n|switch|p2a: Durp|Clodsire, F|100\/100\n|move|p1a: Miraidon|Draco Meteor|p2a: Durp\n|-damage|p2a: Durp|53\/100\n|-unboost|p1a: Miraidon|spa|2\n|\n|-heal|p2a: Durp|60\/100|[from] item: Black Sludge\n|upkeep\n|turn|14\n|\n|t:|1698178956\n|move|p1a: Miraidon|Taunt|p2a: Durp\n|-start|p2a: Durp|move: Taunt\n|cant|p2a: Durp|move: Taunt|Toxic\n|\n|-heal|p2a: Durp|66\/100|[from] item: Black Sludge\n|upkeep\n|turn|15\n|\n|t:|1698178962\n|switch|p2a: Landorus Thicc|Landorus-Therian, M|100\/100\n|-ability|p2a: Landorus Thicc|Intimidate|boost\n|-unboost|p1a: Miraidon|atk|1\n|move|p1a: Miraidon|Draco Meteor|p2a: Landorus Thicc\n|-damage|p2a: Landorus Thicc|44\/100\n|-unboost|p1a: Miraidon|spa|2\n|\n|upkeep\n|turn|16\n|\n|t:|1698178975\n|switch|p1a: Magearna|Magearna-Original|100\/100\n|move|p2a: Landorus Thicc|Brick Break|p1a: Magearna\n|-sideend|p1: Clavicula Nox|Reflect\n|-sideend|p1: Clavicula Nox|move: Light Screen\n|-damage|p1a: Magearna|78\/100\n|\n|upkeep\n|turn|17\n|\n|t:|1698178983\n|switch|p2a: Durp|Clodsire, F|66\/100\n|-terastallize|p1a: Magearna|Flying\n|move|p1a: Magearna|Shift Gear|p1a: Magearna\n|-boost|p1a: Magearna|spe|2\n|-boost|p1a: Magearna|atk|1\n|\n|-heal|p2a: Durp|72\/100|[from] item: Black Sludge\n|-fieldend|move: Electric Terrain\n|upkeep\n|turn|18\n|\n|t:|1698178991\n|move|p1a: Magearna|Shift Gear|p1a: Magearna\n|-boost|p1a: Magearna|spe|2\n|-boost|p1a: Magearna|atk|1\n|move|p2a: Durp|Toxic|p1a: Magearna\n|-status|p1a: Magearna|tox\n|\n|-heal|p2a: Durp|78\/100|[from] item: Black Sludge\n|-damage|p1a: Magearna|72\/100 tox|[from] psn\n|upkeep\n|turn|19\n|\n|t:|1698179000\n|switch|p2a: Mr.Croc|Skeledirge, M|100\/100\n|move|p1a: Magearna|Stored Power|p2a: Mr.Croc\n|-damage|p2a: Mr.Croc|55\/100\n|\n|-damage|p1a: Magearna|59\/100 tox|[from] psn\n|upkeep\n|turn|20\n|\n|t:|1698179007\n|move|p1a: Magearna|Stored Power|p2a: Mr.Croc\n|-damage|p2a: Mr.Croc|9\/100\n|move|p2a: Mr.Croc|Slack Off|p2a: Mr.Croc\n|-heal|p2a: Mr.Croc|59\/100\n|\n|-damage|p1a: Magearna|41\/100 tox|[from] psn\n|upkeep\n|turn|21\n|-message|Clavicula Nox forfeited.\n|\n|win|Bernie776\n|raw|Clavicula Nox's rating: 1070 &rarr; <strong>1057<\/strong><br \/>(-13 for losing)\n|raw|Bernie776's rating: 1199 &rarr; <strong>1215<\/strong><br \/>(+16 for winning)\n|l|\u2606Clavicula Nox\n","uploadtime":1698179038,"views":13,"p1id":"claviculanox","p2id":"bernie776","formatid":"gen9ubers","rating":1057,"private":0,"password":""}