{"id":"gen9ubers-1991129731","p1":"ult4cp staller","p2":"AllIvens","format":"[Gen 9] Ubers","log":"|j|\u2606ult4cp staller\n|j|\u2606AllIvens\n|t:|1700047456\n|gametype|singles\n|player|p1|ult4cp staller|169|\n|player|p2|AllIvens|palmer|\n|teamsize|p1|6\n|teamsize|p2|6\n|gen|9\n|tier|[Gen 9] Ubers\n|rated|Tournament battle\n|rule|Sleep Clause Mod: Limit one foe put to sleep\n|rule|Species Clause: Limit one of each Pok\u00e9mon\n|rule|OHKO Clause: OHKO moves are banned\n|rule|Evasion Items Clause: Evasion items are banned\n|rule|Evasion Moves Clause: Evasion moves are banned\n|rule|Endless Battle Clause: Forcing endless battles is banned\n|rule|HP Percentage Mod: HP is shown in percentages\n|clearpoke\n|poke|p1|Ribombee, F|\n|poke|p1|Mewtwo|\n|poke|p1|Miraidon|\n|poke|p1|Eternatus|\n|poke|p1|Zacian-*|\n|poke|p1|Basculegion, M|\n|poke|p2|Arceus|\n|poke|p2|Miraidon|\n|poke|p2|Palkia-Origin|\n|poke|p2|Ditto|\n|poke|p2|Zacian-*|\n|poke|p2|Giratina|\n|teampreview\n|c|\u2606ult4cp staller|glgl\n|inactive|Battle timer is ON: inactive players will automatically lose when time's up. (requested by AllIvens)\n|\n|t:|1700047470\n|start\n|switch|p1a: Ribombee|Ribombee, F, shiny|100\/100\n|switch|p2a: Miraidon|Miraidon|100\/100\n|-fieldstart|move: Electric Terrain|[from] ability: Hadron Engine|[of] p2a: Miraidon\n|turn|1\n|\n|t:|1700047481\n|move|p2a: Miraidon|Electro Drift|p1a: Ribombee\n|-enditem|p1a: Ribombee|Focus Sash\n|-damage|p1a: Ribombee|1\/100\n|move|p1a: Ribombee|Moonblast|p2a: Miraidon\n|-supereffective|p2a: Miraidon\n|-damage|p2a: Miraidon|31\/100\n|\n|upkeep\n|turn|2\n|\n|t:|1700047489\n|switch|p1a: Eternatus|Eternatus|100\/100\n|-ability|p1a: Eternatus|Pressure\n|move|p2a: Miraidon|Electro Drift|p1a: Eternatus\n|-resisted|p1a: Eternatus\n|-damage|p1a: Eternatus|45\/100\n|\n|-heal|p1a: Eternatus|51\/100|[from] item: Leftovers\n|upkeep\n|turn|3\n|\n|t:|1700047495\n|switch|p1a: Miraidon|Miraidon|100\/100\n|-activate|p1a: Miraidon|ability: Hadron Engine\n|-enditem|p1a: Miraidon|Electric Seed\n|-boost|p1a: Miraidon|def|1|[from] item: Electric Seed\n|move|p2a: Miraidon|Electro Drift|p1a: Miraidon\n|-resisted|p1a: Miraidon\n|-damage|p1a: Miraidon|72\/100\n|\n|upkeep\n|turn|4\n|c|\u2606ult4cp staller|ok\n|\n|t:|1700047515\n|move|p2a: Miraidon|Electro Drift|p1a: Miraidon\n|-resisted|p1a: Miraidon\n|-damage|p1a: Miraidon|45\/100\n|move|p1a: Miraidon|Parabolic Charge|p2a: Miraidon\n|-resisted|p2a: Miraidon\n|-damage|p2a: Miraidon|17\/100\n|-heal|p1a: Miraidon|51\/100|[from] drain|[of] p2a: Miraidon\n|\n|upkeep\n|turn|5\n|j| bluebim\n|\n|t:|1700047526\n|switch|p2a: Ditto|Ditto|100\/100\n|-transform|p2a: Ditto|p1a: Miraidon|[from] ability: Imposter\n|-activate|p2a: Ditto|ability: Hadron Engine\n|move|p1a: Miraidon|Agility|p1a: Miraidon\n|-boost|p1a: Miraidon|spe|2\n|\n|-fieldend|move: Electric Terrain\n|upkeep\n|turn|6\n|\n|t:|1700047537\n|switch|p2a: Miraidon|Miraidon|17\/100\n|-fieldstart|move: Electric Terrain|[from] ability: Hadron Engine|[of] p2a: Miraidon\n|move|p1a: Miraidon|Dazzling Gleam|p2a: Miraidon\n|-supereffective|p2a: Miraidon\n|-damage|p2a: Miraidon|0 fnt\n|faint|p2a: Miraidon\n|\n|upkeep\n|\n|t:|1700047542\n|switch|p2a: Ditto|Ditto|100\/100\n|-transform|p2a: Ditto|p1a: Miraidon|[from] ability: Imposter\n|-activate|p2a: Ditto|ability: Hadron Engine\n|turn|7\n|\n|t:|1700047562\n|move|p2a: Ditto|Dazzling Gleam|p1a: Miraidon\n|-supereffective|p1a: Miraidon\n|-damage|p1a: Miraidon|0 fnt\n|faint|p1a: Miraidon\n|\n|upkeep\n|\n|t:|1700047567\n|switch|p1a: Zacian|Zacian-Crowned, shiny|100\/100\n|-ability|p1a: Zacian|Intrepid Sword|boost\n|-boost|p1a: Zacian|atk|1\n|turn|8\n|\n|t:|1700047576\n|switch|p2a: Zacian|Zacian-Crowned|100\/100\n|-ability|p2a: Zacian|Intrepid Sword|boost\n|-boost|p2a: Zacian|atk|1\n|move|p1a: Zacian|Play Rough|p2a: Zacian\n|-resisted|p2a: Zacian\n|-damage|p2a: Zacian|63\/100\n|\n|upkeep\n|turn|9\n|c|\u2606ult4cp staller|ditto is too good into webs\n|c|\u2606ult4cp staller|lool\n|c|\u2606ult4cp staller|i kill this u win\n|c|\u2606ult4cp staller|i dont u still win\n|inactive|ult4cp staller has 120 seconds left.\n|j| d00m5\n|\n|t:|1700047614\n|move|p2a: Zacian|Behemoth Blade|p1a: Zacian\n|-damage|p1a: Zacian|18\/100\n|move|p1a: Zacian|Behemoth Blade|p2a: Zacian\n|-damage|p2a: Zacian|0 fnt\n|faint|p2a: Zacian\n|\n|upkeep\n|\n|t:|1700047619\n|switch|p2a: Ditto|Ditto|100\/100\n|-transform|p2a: Ditto|p1a: Zacian|[from] ability: Imposter\n|-ability|p2a: Ditto|Intrepid Sword|boost\n|-boost|p2a: Ditto|atk|1\n|turn|10\n|c|\u2606ult4cp staller|ofc u getting lucky doesnt help\n|c|\u2606ult4cp staller|i stil won with tera there\n|inactive|ult4cp staller has 120 seconds left.\n|\n|t:|1700047633\n|move|p2a: Ditto|Behemoth Blade|p1a: Zacian\n|-damage|p1a: Zacian|0 fnt\n|faint|p1a: Zacian\n|\n|-fieldend|move: Electric Terrain\n|upkeep\n|inactive|ult4cp staller has 120 seconds left.\n|\n|t:|1700047646\n|switch|p1a: Basculegion|Basculegion, M, shiny|100\/100\n|turn|11\n|\n|t:|1700047651\n|switch|p2a: Arceus|Arceus|100\/100\n|move|p1a: Basculegion|Last Respects|p2a: Arceus\n|-immune|p2a: Arceus\n|\n|upkeep\n|turn|12\n|\n|t:|1700047660\n|move|p2a: Arceus|Shadow Claw|p1a: Basculegion\n|-supereffective|p1a: Basculegion\n|-damage|p1a: Basculegion|42\/100\n|move|p1a: Basculegion|Wave Crash|p2a: Arceus\n|-damage|p2a: Arceus|35\/100\n|-damage|p1a: Basculegion|17\/100|[from] Recoil\n|\n|upkeep\n|turn|13\n|\n|t:|1700047667\n|move|p1a: Basculegion|Aqua Jet|p2a: Arceus\n|-damage|p2a: Arceus|13\/100\n|move|p2a: Arceus|Shadow Claw|p1a: Basculegion\n|-supereffective|p1a: Basculegion\n|-damage|p1a: Basculegion|0 fnt\n|faint|p1a: Basculegion\n|\n|upkeep\n|\n|t:|1700047672\n|switch|p1a: Eternatus|Eternatus|51\/100\n|-ability|p1a: Eternatus|Pressure\n|turn|14\n|\n|t:|1700047675\n|move|p2a: Arceus|Extreme Speed|p1a: Eternatus\n|-damage|p1a: Eternatus|12\/100\n|move|p1a: Eternatus|Dynamax Cannon|p2a: Arceus\n|-damage|p2a: Arceus|0 fnt\n|faint|p2a: Arceus\n|\n|-heal|p1a: Eternatus|18\/100|[from] item: Leftovers\n|upkeep\n|\n|t:|1700047690\n|switch|p2a: Ditto|Ditto|100\/100\n|-transform|p2a: Ditto|p1a: Eternatus|[from] ability: Imposter\n|-ability|p2a: Ditto|Pressure\n|turn|15\n|\n|t:|1700047696\n|move|p2a: Ditto|Dynamax Cannon|p1a: Eternatus\n|-supereffective|p1a: Eternatus\n|-damage|p1a: Eternatus|0 fnt\n|faint|p1a: Eternatus\n|\n|upkeep\n|\n|t:|1700047699\n|switch|p1a: Ribombee|Ribombee, F, shiny|1\/100\n|turn|16\n|\n|t:|1700047706\n|move|p2a: Ditto|Dynamax Cannon|p1a: Ribombee\n|-immune|p1a: Ribombee\n|move|p1a: Ribombee|Stun Spore|p2a: Ditto\n|-status|p2a: Ditto|par\n|\n|upkeep\n|turn|17\n|\n|t:|1700047712\n|switch|p2a: Giratina|Giratina|100\/100\n|-ability|p2a: Giratina|Pressure\n|move|p1a: Ribombee|Sticky Web|p2a: Giratina\n|-sidestart|p2: AllIvens|move: Sticky Web\n|\n|upkeep\n|turn|18\n|c|\u2606AllIvens|)))\n|\n|t:|1700047723\n|move|p1a: Ribombee|Stun Spore|p2a: Giratina\n|-status|p2a: Giratina|par\n|move|p2a: Giratina|Will-O-Wisp|p1a: Ribombee|[miss]\n|-miss|p2a: Giratina|p1a: Ribombee\n|\n|upkeep\n|turn|19\n|\n|t:|1700047728\n|move|p1a: Ribombee|Moonblast|p2a: Giratina\n|-supereffective|p2a: Giratina\n|-damage|p2a: Giratina|56\/100 par\n|move|p2a: Giratina|Will-O-Wisp|p1a: Ribombee\n|-status|p1a: Ribombee|brn\n|\n|-heal|p2a: Giratina|62\/100 par|[from] item: Leftovers\n|-damage|p1a: Ribombee|0 fnt|[from] brn\n|faint|p1a: Ribombee\n|upkeep\n|\n|t:|1700047734\n|switch|p1a: Mewtwo|Mewtwo, shiny|100\/100\n|-ability|p1a: Mewtwo|Pressure\n|turn|20\n|c|\u2606ult4cp staller|such an act of kindness\n|\n|t:|1700047743\n|-terastallize|p1a: Mewtwo|Steel\n|move|p1a: Mewtwo|Nasty Plot|p1a: Mewtwo\n|-boost|p1a: Mewtwo|spa|2\n|move|p2a: Giratina|Defog|p1a: Mewtwo\n|-unboost|p1a: Mewtwo|evasion|1\n|-sideend|p2: AllIvens|Sticky Web|[from] move: Defog|[of] p2a: Giratina\n|\n|-heal|p2a: Giratina|68\/100 par|[from] item: Leftovers\n|upkeep\n|turn|21\n|\n|t:|1700047751\n|move|p1a: Mewtwo|Nasty Plot|p1a: Mewtwo\n|-boost|p1a: Mewtwo|spa|2\n|cant|p2a: Giratina|par\n|\n|-heal|p2a: Giratina|75\/100 par|[from] item: Leftovers\n|upkeep\n|turn|22\n|\n|t:|1700047760\n|move|p1a: Mewtwo|Psystrike|p2a: Giratina\n|-damage|p2a: Giratina|0 fnt\n|faint|p2a: Giratina\n|-damage|p1a: Mewtwo|91\/100|[from] item: Life Orb\n|\n|upkeep\n|\n|t:|1700047768\n|switch|p2a: Palkia|Palkia-Origin|100\/100\n|-ability|p2a: Palkia|Pressure\n|turn|23\n|\n|t:|1700047775\n|-terastallize|p2a: Palkia|Fairy\n|move|p2a: Palkia|Draco Meteor|p1a: Mewtwo\n|-resisted|p1a: Mewtwo\n|-damage|p1a: Mewtwo|46\/100\n|-unboost|p2a: Palkia|spa|2\n|move|p1a: Mewtwo|Psystrike|p2a: Palkia\n|-damage|p2a: Palkia|0 fnt\n|faint|p2a: Palkia\n|-damage|p1a: Mewtwo|36\/100|[from] item: Life Orb\n|\n|upkeep\n|\n|t:|1700047777\n|switch|p2a: Ditto|Ditto|100\/100 par\n|-transform|p2a: Ditto|p1a: Mewtwo|[from] ability: Imposter\n|-ability|p2a: Ditto|Pressure\n|-start|p2a: Ditto|typechange|Psychic|[silent]\n|turn|24\n|\n|t:|1700047789\n|move|p1a: Mewtwo|Grass Knot|p2a: Ditto\n|-damage|p2a: Ditto|0 fnt\n|faint|p2a: Ditto\n|-damage|p1a: Mewtwo|26\/100|[from] item: Life Orb\n|\n|win|ult4cp staller\n|n|\u2606ult4cp staller|ult4cpstaller\n|n|\u2606AllIvens|allivens\n|n| bluebim|bluebim\n|n| d00m5|d00m5\n","uploadtime":1700047791,"views":14,"p1id":"ult4cpstaller","p2id":"allivens","formatid":"gen9ubers","rating":0,"private":0,"password":""}