{"id":"gen9ubers-1993904817","p1":"Junky Dummy","p2":"IG_isofreezy_","format":"[Gen 9] Ubers","log":"|j|\u2606Junky Dummy\n|j|\u2606IG_isofreezy_\n|t:|1700373019\n|gametype|singles\n|player|p1|Junky Dummy|169|1220\n|player|p2|IG_isofreezy_|169|1152\n|teamsize|p1|6\n|teamsize|p2|6\n|gen|9\n|tier|[Gen 9] Ubers\n|rated|\n|rule|Sleep Clause Mod: Limit one foe put to sleep\n|rule|Species Clause: Limit one of each Pok\u00e9mon\n|rule|OHKO Clause: OHKO moves are banned\n|rule|Evasion Items Clause: Evasion items are banned\n|rule|Evasion Moves Clause: Evasion moves are banned\n|rule|Endless Battle Clause: Forcing endless battles is banned\n|rule|HP Percentage Mod: HP is shown in percentages\n|clearpoke\n|poke|p1|Gliscor, M|\n|poke|p1|Skeledirge, M|\n|poke|p1|Giratina-Origin|\n|poke|p1|Kyogre|\n|poke|p1|Zacian-*|\n|poke|p1|Miraidon|\n|poke|p2|Hatterene, F|\n|poke|p2|Miraidon|\n|poke|p2|Calyrex-Ice|\n|poke|p2|Gyarados, F|\n|poke|p2|Baxcalibur, M|\n|poke|p2|Ursaluna-Bloodmoon, M|\n|teampreview\n|inactive|Battle timer is ON: inactive players will automatically lose when time's up. (requested by IG_isofreezy_)\n|\n|t:|1700373028\n|start\n|switch|p1a: Gliscor|Gliscor, M, shiny|100\/100\n|switch|p2a: Ursaluna|Ursaluna-Bloodmoon, M|100\/100\n|turn|1\n|\n|t:|1700373038\n|move|p1a: Gliscor|Toxic|p2a: Ursaluna\n|-status|p2a: Ursaluna|tox\n|move|p2a: Ursaluna|Blood Moon|p1a: Gliscor\n|-damage|p1a: Gliscor|41\/100\n|\n|-damage|p2a: Ursaluna|94\/100 tox|[from] psn\n|-status|p1a: Gliscor|tox|[from] item: Toxic Orb\n|upkeep\n|turn|2\n|\n|t:|1700373050\n|move|p1a: Gliscor|Protect|p1a: Gliscor\n|-singleturn|p1a: Gliscor|Protect\n|move|p2a: Ursaluna|Moonblast|p1a: Gliscor\n|-activate|p1a: Gliscor|move: Protect\n|\n|-heal|p1a: Gliscor|54\/100 tox|[from] ability: Poison Heal\n|-damage|p2a: Ursaluna|82\/100 tox|[from] psn\n|upkeep\n|turn|3\n|inactive|Junky Dummy has 120 seconds left.\n|\n|t:|1700373083\n|switch|p1a: Giratina|Giratina-Origin, shiny|100\/100\n|move|p2a: Ursaluna|Blood Moon|p1a: Giratina\n|-damage|p1a: Giratina|62\/100\n|\n|-damage|p2a: Ursaluna|64\/100 tox|[from] psn\n|upkeep\n|turn|4\n|\n|t:|1700373092\n|move|p1a: Giratina|Draco Meteor|p2a: Ursaluna|[miss]\n|-miss|p1a: Giratina|p2a: Ursaluna\n|move|p2a: Ursaluna|Moonblast|p1a: Giratina\n|-supereffective|p1a: Giratina\n|-damage|p1a: Giratina|26\/100\n|\n|-damage|p2a: Ursaluna|40\/100 tox|[from] psn\n|upkeep\n|turn|5\n|\n|t:|1700373102\n|move|p1a: Giratina|Draco Meteor|p2a: Ursaluna\n|-damage|p2a: Ursaluna|4\/100 tox\n|-unboost|p1a: Giratina|spa|2\n|move|p2a: Ursaluna|Moonblast|p1a: Giratina\n|-supereffective|p1a: Giratina\n|-damage|p1a: Giratina|0 fnt\n|faint|p1a: Giratina\n|\n|-damage|p2a: Ursaluna|0 fnt|[from] psn\n|faint|p2a: Ursaluna\n|upkeep\n|\n|t:|1700373111\n|switch|p1a: Gliscor|Gliscor, M, shiny|54\/100 tox\n|switch|p2a: Gyarados|Gyarados, F|100\/100\n|turn|6\n|\n|t:|1700373128\n|move|p2a: Gyarados|Dragon Dance|p2a: Gyarados\n|-boost|p2a: Gyarados|atk|1\n|-boost|p2a: Gyarados|spe|1\n|move|p1a: Gliscor|Toxic|p2a: Gyarados\n|-status|p2a: Gyarados|tox\n|\n|-damage|p2a: Gyarados|94\/100 tox|[from] psn\n|-heal|p1a: Gliscor|66\/100 tox|[from] ability: Poison Heal\n|upkeep\n|turn|7\n|\n|t:|1700373133\n|move|p1a: Gliscor|Protect|p1a: Gliscor\n|-singleturn|p1a: Gliscor|Protect\n|move|p2a: Gyarados|Dragon Dance|p2a: Gyarados\n|-boost|p2a: Gyarados|atk|1\n|-boost|p2a: Gyarados|spe|1\n|\n|-damage|p2a: Gyarados|82\/100 tox|[from] psn\n|-heal|p1a: Gliscor|79\/100 tox|[from] ability: Poison Heal\n|upkeep\n|turn|8\n|\n|t:|1700373144\n|switch|p1a: Skeledirge|Skeledirge, M, shiny|100\/100\n|move|p2a: Gyarados|Waterfall|p1a: Skeledirge\n|-supereffective|p1a: Skeledirge\n|-damage|p1a: Skeledirge|42\/100\n|\n|-damage|p2a: Gyarados|64\/100 tox|[from] psn\n|upkeep\n|turn|9\n|\n|t:|1700373153\n|-terastallize|p1a: Skeledirge|Fairy\n|move|p2a: Gyarados|Waterfall|p1a: Skeledirge\n|-crit|p1a: Skeledirge\n|-damage|p1a: Skeledirge|9\/100\n|move|p1a: Skeledirge|Slack Off|p1a: Skeledirge\n|-heal|p1a: Skeledirge|59\/100\n|\n|-damage|p2a: Gyarados|40\/100 tox|[from] psn\n|upkeep\n|turn|10\n|\n|t:|1700373160\n|move|p2a: Gyarados|Waterfall|p1a: Skeledirge\n|-damage|p1a: Skeledirge|35\/100\n|move|p1a: Skeledirge|Slack Off|p1a: Skeledirge\n|-heal|p1a: Skeledirge|85\/100\n|\n|-damage|p2a: Gyarados|10\/100 tox|[from] psn\n|upkeep\n|turn|11\n|\n|t:|1700373165\n|move|p2a: Gyarados|Ice Fang|p1a: Skeledirge\n|-damage|p1a: Skeledirge|71\/100\n|-status|p1a: Skeledirge|frz\n|cant|p1a: Skeledirge|frz\n|\n|-damage|p2a: Gyarados|0 fnt|[from] psn\n|faint|p2a: Gyarados\n|upkeep\n|\n|t:|1700373178\n|switch|p2a: Miraidon|Miraidon|100\/100\n|-fieldstart|move: Electric Terrain|[from] ability: Hadron Engine|[of] p2a: Miraidon\n|turn|12\n|\n|t:|1700373197\n|switch|p1a: Gliscor|Gliscor, M, shiny|79\/100 tox\n|-terastallize|p2a: Miraidon|Steel\n|move|p2a: Miraidon|Tera Blast|p1a: Gliscor|[anim] Tera Blast Steel\n|-damage|p1a: Gliscor|12\/100 tox\n|-damage|p2a: Miraidon|91\/100|[from] item: Life Orb\n|\n|-heal|p1a: Gliscor|25\/100 tox|[from] ability: Poison Heal\n|upkeep\n|turn|13\n|\n|t:|1700373211\n|move|p1a: Gliscor|Protect|p1a: Gliscor\n|-singleturn|p1a: Gliscor|Protect\n|move|p2a: Miraidon|Tera Blast|p1a: Gliscor|[anim] Tera Blast Steel\n|-activate|p1a: Gliscor|move: Protect\n|\n|-heal|p1a: Gliscor|37\/100 tox|[from] ability: Poison Heal\n|upkeep\n|turn|14\n|inactive|Junky Dummy has 120 seconds left.\n|\n|t:|1700373246\n|switch|p1a: Zacian|Zacian-Crowned, shiny|100\/100\n|-ability|p1a: Zacian|Intrepid Sword|boost\n|-boost|p1a: Zacian|atk|1\n|move|p2a: Miraidon|Tera Blast|p1a: Zacian|[anim] Tera Blast Steel\n|-damage|p1a: Zacian|29\/100\n|-damage|p2a: Miraidon|81\/100|[from] item: Life Orb\n|\n|upkeep\n|turn|15\n|inactive|Junky Dummy has 120 seconds left.\n|\n|t:|1700373257\n|move|p1a: Zacian|Behemoth Blade|p2a: Miraidon\n|-resisted|p2a: Miraidon\n|-damage|p2a: Miraidon|34\/100\n|move|p2a: Miraidon|Tera Blast|p1a: Zacian|[anim] Tera Blast Steel\n|-damage|p1a: Zacian|0 fnt\n|faint|p1a: Zacian\n|-damage|p2a: Miraidon|24\/100|[from] item: Life Orb\n|\n|upkeep\n|inactive|Junky Dummy has 120 seconds left.\n|\n|t:|1700373270\n|switch|p1a: Miraidon|Miraidon|100\/100\n|-activate|p1a: Miraidon|ability: Hadron Engine\n|turn|16\n|inactive|Junky Dummy has 120 seconds left.\n|\n|t:|1700373278\n|move|p1a: Miraidon|Electro Drift|p2a: Miraidon\n|-damage|p2a: Miraidon|0 fnt\n|faint|p2a: Miraidon\n|\n|-fieldend|move: Electric Terrain\n|upkeep\n|\n|t:|1700373283\n|switch|p2a: Calyrex|Calyrex-Ice|100\/100\n|-ability|p2a: Calyrex|As One\n|-ability|p2a: Calyrex|Unnerve\n|turn|17\n|\n|t:|1700373292\n|move|p1a: Miraidon|Electro Drift|p2a: Calyrex\n|-damage|p2a: Calyrex|59\/100\n|-damage|p1a: Miraidon|84\/100|[from] item: Rocky Helmet|[of] p2a: Calyrex\n|move|p2a: Calyrex|Leech Seed|p1a: Miraidon\n|-start|p1a: Miraidon|move: Leech Seed\n|\n|-damage|p1a: Miraidon|72\/100|[from] Leech Seed|[of] p2a: Calyrex\n|-heal|p2a: Calyrex|69\/100|[silent]\n|upkeep\n|turn|18\n|\n|t:|1700373306\n|switch|p1a: Kyogre|Kyogre, shiny|100\/100\n|-weather|RainDance|[from] ability: Drizzle|[of] p1a: Kyogre\n|move|p2a: Calyrex|Iron Defense|p2a: Calyrex\n|-boost|p2a: Calyrex|def|2\n|\n|-weather|RainDance|[upkeep]\n|upkeep\n|turn|19\n|\n|t:|1700373321\n|move|p1a: Kyogre|Origin Pulse|p2a: Calyrex\n|-damage|p2a: Calyrex|14\/100\n|move|p2a: Calyrex|Leech Seed|p1a: Kyogre\n|-start|p1a: Kyogre|move: Leech Seed\n|\n|-weather|RainDance|[upkeep]\n|-damage|p1a: Kyogre|88\/100|[from] Leech Seed|[of] p2a: Calyrex\n|-heal|p2a: Calyrex|26\/100|[silent]\n|upkeep\n|turn|20\n|\n|t:|1700373326\n|switch|p2a: Hatterene|Hatterene, F|100\/100\n|move|p1a: Kyogre|Origin Pulse|p2a: Hatterene\n|-crit|p2a: Hatterene\n|-damage|p2a: Hatterene|0 fnt\n|faint|p2a: Hatterene\n|\n|-weather|RainDance|[upkeep]\n|-heal|p1a: Kyogre|94\/100|[from] item: Leftovers\n|upkeep\n|\n|t:|1700373330\n|switch|p2a: Baxcalibur|Baxcalibur, M|100\/100\n|turn|21\n|\n|t:|1700373333\n|move|p1a: Kyogre|Origin Pulse|p2a: Baxcalibur\n|-resisted|p2a: Baxcalibur\n|-damage|p2a: Baxcalibur|51\/100\n|move|p2a: Baxcalibur|Dragon Dance|p2a: Baxcalibur\n|-boost|p2a: Baxcalibur|atk|1\n|-boost|p2a: Baxcalibur|spe|1\n|\n|-weather|RainDance|[upkeep]\n|-heal|p1a: Kyogre|100\/100|[from] item: Leftovers\n|-damage|p1a: Kyogre|88\/100|[from] Leech Seed|[of] p2a: Baxcalibur\n|-heal|p2a: Baxcalibur|63\/100|[silent]\n|upkeep\n|turn|22\n|\n|t:|1700373340\n|move|p2a: Baxcalibur|Dragon Dance|p2a: Baxcalibur\n|-boost|p2a: Baxcalibur|atk|1\n|-boost|p2a: Baxcalibur|spe|1\n|move|p1a: Kyogre|Origin Pulse|p2a: Baxcalibur\n|-resisted|p2a: Baxcalibur\n|-damage|p2a: Baxcalibur|19\/100\n|\n|-weather|none\n|-heal|p1a: Kyogre|94\/100|[from] item: Leftovers\n|-damage|p1a: Kyogre|82\/100|[from] Leech Seed|[of] p2a: Baxcalibur\n|-heal|p2a: Baxcalibur|30\/100|[silent]\n|upkeep\n|turn|23\n|\n|t:|1700373365\n|switch|p1a: Skeledirge|Skeledirge, M, shiny, tera:Fairy|71\/100 frz\n|move|p2a: Baxcalibur|Dragon Claw|p1a: Skeledirge\n|-immune|p1a: Skeledirge\n|\n|upkeep\n|turn|24\n|\n|t:|1700373373\n|move|p2a: Baxcalibur|Earthquake|p1a: Skeledirge\n|-damage|p1a: Skeledirge|48\/100 frz\n|-curestatus|p1a: Skeledirge|frz|[msg]\n|move|p1a: Skeledirge|Torch Song|p2a: Baxcalibur\n|-damage|p2a: Baxcalibur|1\/100\n|-boost|p1a: Skeledirge|spa|1\n|\n|upkeep\n|turn|25\n|\n|t:|1700373381\n|move|p2a: Baxcalibur|Earthquake|p1a: Skeledirge\n|-damage|p1a: Skeledirge|25\/100\n|move|p1a: Skeledirge|Slack Off|p1a: Skeledirge\n|-heal|p1a: Skeledirge|75\/100\n|\n|upkeep\n|turn|26\n|\n|t:|1700373389\n|move|p2a: Baxcalibur|Earthquake|p1a: Skeledirge\n|-damage|p1a: Skeledirge|50\/100\n|move|p1a: Skeledirge|Torch Song|p2a: Baxcalibur\n|-damage|p2a: Baxcalibur|0 fnt\n|-boost|p1a: Skeledirge|spa|1\n|faint|p2a: Baxcalibur\n|\n|upkeep\n|\n|t:|1700373394\n|switch|p2a: Calyrex|Calyrex-Ice|26\/100\n|-ability|p2a: Calyrex|As One\n|-ability|p2a: Calyrex|Unnerve\n|turn|27\n|\n|t:|1700373397\n|move|p1a: Skeledirge|Torch Song|p2a: Calyrex\n|-supereffective|p2a: Calyrex\n|-damage|p2a: Calyrex|0 fnt\n|-boost|p1a: Skeledirge|spa|1\n|faint|p2a: Calyrex\n|\n|win|Junky Dummy\n|raw|Junky Dummy's rating: 1220 &rarr; <strong>1240<\/strong><br \/>(+20 for winning)\n|raw|IG_isofreezy_'s rating: 1152 &rarr; <strong>1132<\/strong><br \/>(-20 for losing)\n|l|\u2606IG_isofreezy_\n","uploadtime":1700373401,"views":6,"p1id":"junkydummy","p2id":"igisofreezy","formatid":"gen9ubers","rating":1132,"private":0,"password":""}