{"id":"gen9ubers-1983097870","p1":"kljnklnjkjlnb","p2":"ThanatosWBU","format":"[Gen 9] Ubers","log":"|j|\u2606kljnklnjkjlnb\n|j|\u2606ThanatosWBU\n|t:|1699085446\n|gametype|singles\n|player|p1|kljnklnjkjlnb|preschoolerf|1000\n|player|p2|ThanatosWBU|cynthia-gen4|1019\n|teamsize|p1|6\n|teamsize|p2|6\n|gen|9\n|tier|[Gen 9] Ubers\n|rated|\n|rule|Sleep Clause Mod: Limit one foe put to sleep\n|rule|Species Clause: Limit one of each Pok\u00e9mon\n|rule|OHKO Clause: OHKO moves are banned\n|rule|Evasion Items Clause: Evasion items are banned\n|rule|Evasion Moves Clause: Evasion moves are banned\n|rule|Endless Battle Clause: Forcing endless battles is banned\n|rule|HP Percentage Mod: HP is shown in percentages\n|clearpoke\n|poke|p1|Flutter Mane|\n|poke|p1|Koraidon|\n|poke|p1|Houndstone, M|\n|poke|p1|Ting-Lu|\n|poke|p1|Glimmora, F|\n|poke|p1|Armarouge, M|\n|poke|p2|Miraidon|\n|poke|p2|Iron Valiant|\n|poke|p2|Ursaluna-Bloodmoon, M|\n|poke|p2|Ting-Lu|\n|poke|p2|Arceus-Ghost|\n|poke|p2|Annihilape, F|\n|teampreview\n|\n|t:|1699085456\n|start\n|switch|p1a: Ting-Lu|Ting-Lu|100\/100\n|switch|p2a: Ting-Lu|Ting-Lu|100\/100\n|-ability|p2a: Ting-Lu|Vessel of Ruin\n|-ability|p1a: Ting-Lu|Vessel of Ruin\n|turn|1\n|\n|t:|1699085463\n|switch|p1a: Glimmora|Glimmora, F|100\/100\n|move|p2a: Ting-Lu|Spikes|p1a: Glimmora\n|-sidestart|p1: kljnklnjkjlnb|Spikes\n|\n|upkeep\n|turn|2\n|\n|t:|1699085469\n|move|p1a: Glimmora|Mortal Spin|p2a: Ting-Lu\n|-resisted|p2a: Ting-Lu\n|-damage|p2a: Ting-Lu|99\/100\n|-status|p2a: Ting-Lu|psn\n|-sideend|p1: kljnklnjkjlnb|Spikes|[from] move: Mortal Spin|[of] p1a: Glimmora\n|move|p2a: Ting-Lu|Stealth Rock|p1a: Glimmora\n|-sidestart|p1: kljnklnjkjlnb|move: Stealth Rock\n|\n|-heal|p2a: Ting-Lu|100\/100 psn|[from] item: Leftovers\n|-damage|p2a: Ting-Lu|88\/100 psn|[from] psn\n|upkeep\n|turn|3\n|\n|t:|1699085481\n|move|p1a: Glimmora|Stealth Rock|p2a: Ting-Lu\n|-sidestart|p2: ThanatosWBU|move: Stealth Rock\n|move|p2a: Ting-Lu|Whirlwind|p1a: Glimmora\n|drag|p1a: Ting-Lu|Ting-Lu|100\/100\n|-damage|p1a: Ting-Lu|94\/100|[from] Stealth Rock\n|-ability|p1a: Ting-Lu|Vessel of Ruin\n|\n|-heal|p2a: Ting-Lu|94\/100 psn|[from] item: Leftovers\n|-damage|p2a: Ting-Lu|82\/100 psn|[from] psn\n|upkeep\n|turn|4\n|\n|t:|1699085490\n|switch|p1a: Glimmora|Glimmora, F|100\/100\n|-damage|p1a: Glimmora|88\/100|[from] Stealth Rock\n|move|p2a: Ting-Lu|Spikes|p1a: Glimmora\n|-sidestart|p1: kljnklnjkjlnb|Spikes\n|\n|-heal|p2a: Ting-Lu|88\/100 psn|[from] item: Leftovers\n|-damage|p2a: Ting-Lu|76\/100 psn|[from] psn\n|upkeep\n|turn|5\n|\n|t:|1699085499\n|move|p1a: Glimmora|Mortal Spin|p2a: Ting-Lu\n|-resisted|p2a: Ting-Lu\n|-damage|p2a: Ting-Lu|74\/100 psn\n|-sideend|p1: kljnklnjkjlnb|Spikes|[from] move: Mortal Spin|[of] p1a: Glimmora\n|-sideend|p1: kljnklnjkjlnb|Stealth Rock|[from] move: Mortal Spin|[of] p1a: Glimmora\n|move|p2a: Ting-Lu|Whirlwind|p1a: Glimmora\n|drag|p1a: Houndstone|Houndstone, M|100\/100\n|\n|-heal|p2a: Ting-Lu|80\/100 psn|[from] item: Leftovers\n|-damage|p2a: Ting-Lu|68\/100 psn|[from] psn\n|upkeep\n|turn|6\n|\n|t:|1699085511\n|switch|p1a: Ting-Lu|Ting-Lu|94\/100\n|-ability|p1a: Ting-Lu|Vessel of Ruin\n|move|p2a: Ting-Lu|Spikes|p1a: Ting-Lu\n|-sidestart|p1: kljnklnjkjlnb|Spikes\n|\n|-heal|p2a: Ting-Lu|74\/100 psn|[from] item: Leftovers\n|-damage|p2a: Ting-Lu|62\/100 psn|[from] psn\n|upkeep\n|turn|7\n|\n|t:|1699085523\n|switch|p1a: Glimmora|Glimmora, F|88\/100\n|-damage|p1a: Glimmora|76\/100|[from] Spikes\n|move|p2a: Ting-Lu|Earthquake|p1a: Glimmora\n|-supereffective|p1a: Glimmora\n|-damage|p1a: Glimmora|0 fnt\n|-activate|p1a: Glimmora|ability: Toxic Debris\n|-sidestart|p2: ThanatosWBU|move: Toxic Spikes\n|faint|p1a: Glimmora\n|\n|-heal|p2a: Ting-Lu|68\/100 psn|[from] item: Leftovers\n|-damage|p2a: Ting-Lu|55\/100 psn|[from] psn\n|upkeep\n|\n|t:|1699085527\n|switch|p1a: Koraidon|Koraidon|100\/100\n|-damage|p1a: Koraidon|88\/100|[from] Spikes\n|-weather|SunnyDay|[from] ability: Orichalcum Pulse|[of] p1a: Koraidon\n|-activate|p1a: Koraidon|Orichalcum Pulse|[source]\n|turn|8\n|\n|t:|1699085542\n|move|p1a: Koraidon|Collision Course|p2a: Ting-Lu\n|-supereffective|p2a: Ting-Lu\n|-damage|p2a: Ting-Lu|0 fnt\n|faint|p2a: Ting-Lu\n|-damage|p1a: Koraidon|78\/100|[from] item: Life Orb\n|\n|-weather|SunnyDay|[upkeep]\n|upkeep\n|j| VINCEZ_KF\n|\n|t:|1699085553\n|switch|p2a: Annihilape|Annihilape, F|100\/100\n|-damage|p2a: Annihilape|94\/100|[from] Stealth Rock\n|-status|p2a: Annihilape|psn\n|turn|9\n|\n|t:|1699085561\n|move|p1a: Koraidon|Flare Blitz|p2a: Annihilape\n|-damage|p2a: Annihilape|0 fnt\n|faint|p2a: Annihilape\n|-damage|p1a: Koraidon|40\/100|[from] Recoil\n|-damage|p1a: Koraidon|30\/100|[from] item: Life Orb\n|\n|-weather|SunnyDay|[upkeep]\n|upkeep\n|\n|t:|1699085568\n|switch|p2a: Arceus|Arceus-Ghost|100\/100\n|-damage|p2a: Arceus|88\/100|[from] Stealth Rock\n|-status|p2a: Arceus|psn\n|turn|10\n|\n|t:|1699085582\n|move|p2a: Arceus|Extreme Speed|p1a: Koraidon\n|-damage|p1a: Koraidon|7\/100\n|move|p1a: Koraidon|Outrage|p2a: Arceus\n|-damage|p2a: Arceus|8\/100 psn\n|-damage|p1a: Koraidon|0 fnt|[from] item: Life Orb\n|faint|p1a: Koraidon\n|\n|-weather|SunnyDay|[upkeep]\n|-damage|p2a: Arceus|0 fnt|[from] psn\n|faint|p2a: Arceus\n|upkeep\n|\n|t:|1699085597\n|switch|p1a: Armarouge|Armarouge, M|100\/100\n|switch|p2a: Miraidon|Miraidon|100\/100\n|-damage|p2a: Miraidon|88\/100|[from] Stealth Rock\n|-status|p2a: Miraidon|psn\n|-fieldstart|move: Electric Terrain|[from] ability: Hadron Engine|[of] p2a: Miraidon\n|turn|11\n|\n|t:|1699085612\n|move|p2a: Miraidon|Electro Drift|p1a: Armarouge\n|-damage|p1a: Armarouge|0 fnt\n|faint|p1a: Armarouge\n|\n|-weather|SunnyDay|[upkeep]\n|-damage|p2a: Miraidon|76\/100 psn|[from] psn\n|upkeep\n|\n|t:|1699085620\n|switch|p1a: Ting-Lu|Ting-Lu|94\/100\n|-damage|p1a: Ting-Lu|82\/100|[from] Spikes\n|-ability|p1a: Ting-Lu|Vessel of Ruin\n|turn|12\n|\n|t:|1699085629\n|switch|p2a: Ursaluna|Ursaluna-Bloodmoon, M|100\/100\n|-damage|p2a: Ursaluna|94\/100|[from] Stealth Rock\n|-status|p2a: Ursaluna|psn\n|move|p1a: Ting-Lu|Earthquake|p2a: Ursaluna\n|-damage|p2a: Ursaluna|61\/100 psn\n|\n|-weather|none\n|-heal|p2a: Ursaluna|67\/100 psn|[from] item: Leftovers\n|-damage|p2a: Ursaluna|55\/100 psn|[from] psn\n|upkeep\n|turn|13\n|\n|t:|1699085644\n|move|p2a: Ursaluna|Calm Mind|p2a: Ursaluna\n|-boost|p2a: Ursaluna|spa|1\n|-boost|p2a: Ursaluna|spd|1\n|move|p1a: Ting-Lu|Earthquake|p2a: Ursaluna\n|-damage|p2a: Ursaluna|21\/100 psn\n|\n|-heal|p2a: Ursaluna|27\/100 psn|[from] item: Leftovers\n|-damage|p2a: Ursaluna|15\/100 psn|[from] psn\n|upkeep\n|turn|14\n|l| VINCEZ_KF\n|\n|t:|1699085653\n|move|p2a: Ursaluna|Blood Moon|p1a: Ting-Lu\n|-damage|p1a: Ting-Lu|37\/100\n|move|p1a: Ting-Lu|Earthquake|p2a: Ursaluna\n|-damage|p2a: Ursaluna|0 fnt\n|faint|p2a: Ursaluna\n|\n|upkeep\n|j| VINCEZ_KF\n|\n|t:|1699085660\n|switch|p2a: Iron Valiant|Iron Valiant|100\/100\n|-damage|p2a: Iron Valiant|94\/100|[from] Stealth Rock\n|-status|p2a: Iron Valiant|psn\n|-activate|p2a: Iron Valiant|ability: Quark Drive\n|-start|p2a: Iron Valiant|quarkdrivespe\n|turn|15\n|\n|t:|1699085670\n|switch|p1a: Houndstone|Houndstone, M|100\/100\n|-damage|p1a: Houndstone|88\/100|[from] Spikes\n|move|p2a: Iron Valiant|Close Combat|p1a: Houndstone\n|-immune|p1a: Houndstone\n|\n|-heal|p1a: Houndstone|94\/100|[from] item: Leftovers\n|-damage|p2a: Iron Valiant|82\/100 psn|[from] psn\n|-fieldend|move: Electric Terrain\n|-end|p2a: Iron Valiant|Quark Drive\n|upkeep\n|-enditem|p2a: Iron Valiant|Booster Energy\n|-activate|p2a: Iron Valiant|ability: Quark Drive|[fromitem]\n|-start|p2a: Iron Valiant|quarkdrivespe\n|turn|16\n|\n|t:|1699085686\n|-terastallize|p2a: Iron Valiant|Fairy\n|move|p2a: Iron Valiant|Knock Off|p1a: Houndstone\n|-supereffective|p1a: Houndstone\n|-damage|p1a: Houndstone|68\/100\n|-enditem|p1a: Houndstone|Leftovers|[from] move: Knock Off|[of] p2a: Iron Valiant\n|move|p1a: Houndstone|Substitute|p1a: Houndstone\n|-start|p1a: Houndstone|Substitute\n|-damage|p1a: Houndstone|43\/100\n|\n|-damage|p2a: Iron Valiant|69\/100 psn|[from] psn\n|upkeep\n|turn|17\n|\n|t:|1699085696\n|move|p2a: Iron Valiant|Knock Off|p1a: Houndstone\n|-supereffective|p1a: Houndstone\n|-activate|p1a: Houndstone|move: Substitute|[damage]\n|move|p1a: Houndstone|Last Respects|p2a: Iron Valiant\n|-damage|p2a: Iron Valiant|0 fnt\n|faint|p2a: Iron Valiant\n|-end|p2a: Iron Valiant|Quark Drive|[silent]\n|\n|upkeep\n|\n|t:|1699085703\n|switch|p2a: Miraidon|Miraidon|76\/100 psn\n|-damage|p2a: Miraidon|64\/100 psn|[from] Stealth Rock\n|-fieldstart|move: Electric Terrain|[from] ability: Hadron Engine|[of] p2a: Miraidon\n|turn|18\n|l|\u2606ThanatosWBU\n|player|p2|\n|inactive|Battle timer is ON: inactive players will automatically lose when time's up. (requested by kljnklnjkjlnb)\n|l| VINCEZ_KF\n|inactive|ThanatosWBU has 30 seconds to reconnect!\n|inactive|ThanatosWBU has 20 seconds to reconnect!\n|inactive|ThanatosWBU has 15 seconds to reconnect!\n|inactive|ThanatosWBU has 10 seconds to reconnect!\n|inactive|ThanatosWBU has 5 seconds to reconnect!\n|-message|ThanatosWBU lost due to inactivity.\n|\n|win|kljnklnjkjlnb\n|raw|kljnklnjkjlnb's rating: 1000 &rarr; <strong>1042<\/strong><br \/>(+42 for winning)\n|raw|ThanatosWBU's rating: 1019 &rarr; <strong>1005<\/strong><br \/>(-14 for losing)\n","uploadtime":1699085781,"views":8,"p1id":"kljnklnjkjlnb","p2id":"thanatoswbu","formatid":"gen9ubers","rating":1005,"private":0,"password":""}