{"id":"gen9ubers-1987368265","p1":"IDAHAN","p2":"harmony6","format":"[Gen 9] Ubers","log":"|j|\u2606IDAHAN\n|j|\u2606harmony6\n|t:|1699582596\n|gametype|singles\n|player|p1|IDAHAN|ethan|\n|player|p2|harmony6|lass-gen4dp|\n|teamsize|p1|6\n|teamsize|p2|6\n|gen|9\n|tier|[Gen 9] Ubers\n|rule|Sleep Clause Mod: Limit one foe put to sleep\n|rule|Species Clause: Limit one of each Pok\u00e9mon\n|rule|OHKO Clause: OHKO moves are banned\n|rule|Evasion Items Clause: Evasion items are banned\n|rule|Evasion Moves Clause: Evasion moves are banned\n|rule|Endless Battle Clause: Forcing endless battles is banned\n|rule|HP Percentage Mod: HP is shown in percentages\n|clearpoke\n|poke|p1|Basculin-White-Striped, F|\n|poke|p1|Zacian-*|\n|poke|p1|Arceus-Ghost|\n|poke|p1|Magearna|\n|poke|p1|Chi-Yu|\n|poke|p1|Palkia-Origin|\n|poke|p2|Magearna|\n|poke|p2|Ursaluna, F|\n|poke|p2|Arceus-Ghost|\n|poke|p2|Zacian-*|\n|poke|p2|Palkia-Origin|\n|poke|p2|Cyclizar, M|\n|teampreview\n|inactive|Battle timer is ON: inactive players will automatically lose when time's up. (requested by IDAHAN)\n|c|\u2606IDAHAN|oh shit\n|c|\u2606IDAHAN|imma turn timer off\n|c|\u2606harmony6|Ah hell yeah\n|c|\u2606harmony6|basculin\n|c|\u2606IDAHAN|since my wifi kinda sucks\n|c|\u2606IDAHAN|and i dont wanna lose to disconnect\n|c|\u2606harmony6|Same tbh\n|c|\u2606IDAHAN|is that ok?\n|c|\u2606harmony6|kk\n|c|\u2606harmony6|yes\n|inactiveoff|Battle timer is now OFF.\n|\n|t:|1699582639\n|start\n|switch|p1a: Chi-Yu|Chi-Yu|100\/100\n|switch|p2a: Cyclizar|Cyclizar, M|100\/100\n|-ability|p1a: Chi-Yu|Beads of Ruin\n|turn|1\n|\n|t:|1699582659\n|move|p2a: Cyclizar|Shed Tail|p2a: Cyclizar\n|-start|p2a: Cyclizar|Substitute|[from] move: Shed Tail\n|-damage|p2a: Cyclizar|50\/100\n|\n|t:|1699582666\n|switch|p2a: Palkia|Palkia-Origin|100\/100|[from] Shed Tail\n|-ability|p2a: Palkia|Pressure\n|move|p1a: Chi-Yu|Dark Pulse|p2a: Palkia\n|-end|p2a: Palkia|Substitute\n|\n|upkeep\n|turn|2\n|\n|t:|1699582683\n|switch|p1a: Magearna|Magearna|100\/100\n|move|p2a: Palkia|Substitute|p2a: Palkia\n|-start|p2a: Palkia|Substitute\n|-damage|p2a: Palkia|76\/100\n|\n|upkeep\n|turn|3\n|\n|t:|1699582693\n|move|p2a: Palkia|Earth Power|p1a: Magearna\n|-supereffective|p1a: Magearna\n|-damage|p1a: Magearna|54\/100\n|move|p1a: Magearna|Encore|p2a: Palkia\n|-start|p2a: Palkia|Encore\n|\n|-heal|p1a: Magearna|60\/100|[from] item: Leftovers\n|upkeep\n|turn|4\n|\n|t:|1699582704\n|move|p2a: Palkia|Earth Power|p1a: Magearna\n|-supereffective|p1a: Magearna\n|-damage|p1a: Magearna|20\/100\n|move|p1a: Magearna|Draining Kiss|p2a: Palkia\n|-supereffective|p2a: Palkia\n|-end|p2a: Palkia|Substitute\n|-heal|p1a: Magearna|36\/100|[from] drain|[of] p2a: Palkia\n|\n|-heal|p1a: Magearna|42\/100|[from] item: Leftovers\n|upkeep\n|turn|5\n|\n|t:|1699582707\n|switch|p1a: Palkia|Palkia-Origin|100\/100\n|-ability|p1a: Palkia|Pressure\n|move|p2a: Palkia|Earth Power|p1a: Palkia\n|-damage|p1a: Palkia|71\/100\n|\n|upkeep\n|turn|6\n|\n|t:|1699582714\n|switch|p2a: Zacian|Zacian|100\/100\n|-ability|p2a: Zacian|Intrepid Sword|boost\n|-boost|p2a: Zacian|atk|1\n|move|p1a: Palkia|Draco Meteor|p2a: Zacian\n|-immune|p2a: Zacian\n|\n|upkeep\n|turn|7\n|j| Sebascaf\n|l|\u2606harmony6\n|player|p2|\n|\n|t:|1699582727\n|switch|p1a: Magearna|Magearna|42\/100\n|move|p2a: Zacian|Play Rough|p1a: Magearna\n|-resisted|p1a: Magearna\n|-crit|p1a: Magearna\n|-damage|p1a: Magearna|0 fnt\n|faint|p1a: Magearna\n|\n|upkeep\n|\n|t:|1699582734\n|switch|p1a: Arceus|Arceus-Ghost|100\/100\n|turn|8\n|j|\u2606harmony6\n|player|p2|harmony6|lass-gen4dp\n|\n|t:|1699582739\n|move|p2a: Zacian|Crunch|p1a: Arceus\n|-supereffective|p1a: Arceus\n|-damage|p1a: Arceus|50\/100\n|move|p1a: Arceus|Will-O-Wisp|p2a: Zacian\n|-status|p2a: Zacian|brn\n|\n|-damage|p2a: Zacian|94\/100 brn|[from] brn\n|upkeep\n|turn|9\n|\n|t:|1699582750\n|move|p2a: Zacian|Swords Dance|p2a: Zacian\n|-boost|p2a: Zacian|atk|2\n|move|p1a: Arceus|Recover|p1a: Arceus\n|-heal|p1a: Arceus|99\/100\n|\n|-damage|p2a: Zacian|88\/100 brn|[from] brn\n|upkeep\n|turn|10\n|\n|t:|1699582752\n|move|p2a: Zacian|Swords Dance|p2a: Zacian\n|-boost|p2a: Zacian|atk|2\n|move|p1a: Arceus|Judgment|p2a: Zacian\n|-damage|p2a: Zacian|42\/100 brn\n|\n|-damage|p2a: Zacian|36\/100 brn|[from] brn\n|upkeep\n|turn|11\n|\n|t:|1699582757\n|move|p2a: Zacian|Crunch|p1a: Arceus\n|-supereffective|p1a: Arceus\n|-damage|p1a: Arceus|48\/100\n|move|p1a: Arceus|Judgment|p2a: Zacian\n|-damage|p2a: Zacian|0 fnt\n|faint|p2a: Zacian\n|\n|upkeep\n|\n|t:|1699582772\n|switch|p2a: Cyclizar|Cyclizar, M|84\/100\n|turn|12\n|\n|t:|1699582782\n|move|p2a: Cyclizar|Shed Tail|p2a: Cyclizar\n|-start|p2a: Cyclizar|Substitute|[from] move: Shed Tail\n|-damage|p2a: Cyclizar|33\/100\n|\n|t:|1699582784\n|switch|p2a: Arceus|Arceus-Ghost|100\/100|[from] Shed Tail\n|move|p1a: Arceus|Judgment|p2a: Arceus\n|-supereffective|p2a: Arceus\n|-end|p2a: Arceus|Substitute\n|\n|upkeep\n|turn|13\n|\n|t:|1699582793\n|switch|p1a: Chi-Yu|Chi-Yu|100\/100\n|-ability|p1a: Chi-Yu|Beads of Ruin\n|move|p2a: Arceus|Shadow Claw|p1a: Chi-Yu\n|-resisted|p1a: Chi-Yu\n|-damage|p1a: Chi-Yu|63\/100\n|\n|upkeep\n|turn|14\n|\n|t:|1699582802\n|switch|p2a: Magearna|Magearna|100\/100\n|move|p1a: Chi-Yu|Dark Pulse|p2a: Magearna\n|-resisted|p2a: Magearna\n|-damage|p2a: Magearna|66\/100\n|\n|-heal|p2a: Magearna|72\/100|[from] item: Leftovers\n|upkeep\n|turn|15\n|\n|t:|1699582810\n|switch|p1a: Arceus|Arceus-Ghost|48\/100\n|switch|p2a: Palkia|Palkia-Origin|76\/100\n|-ability|p2a: Palkia|Pressure\n|\n|upkeep\n|turn|16\n|\n|t:|1699582814\n|move|p2a: Palkia|Spacial Rend|p1a: Arceus\n|-damage|p1a: Arceus|3\/100\n|move|p1a: Arceus|Recover|p1a: Arceus\n|-heal|p1a: Arceus|53\/100\n|\n|upkeep\n|turn|17\n|\n|t:|1699582819\n|switch|p1a: Zacian|Zacian|100\/100\n|-ability|p1a: Zacian|Intrepid Sword|boost\n|-boost|p1a: Zacian|atk|1\n|move|p2a: Palkia|Spacial Rend|p1a: Zacian\n|-immune|p1a: Zacian\n|\n|upkeep\n|turn|18\n|\n|t:|1699582826\n|move|p1a: Zacian|Play Rough|p2a: Palkia\n|-supereffective|p2a: Palkia\n|-crit|p2a: Palkia\n|-damage|p2a: Palkia|0 fnt\n|faint|p2a: Palkia\n|\n|upkeep\n|\n|t:|1699582833\n|switch|p2a: Magearna|Magearna|72\/100\n|turn|19\n|\n|t:|1699582835\n|move|p1a: Zacian|Play Rough|p2a: Magearna\n|-resisted|p2a: Magearna\n|-damage|p2a: Magearna|40\/100\n|move|p2a: Magearna|Trick Room|p2a: Magearna\n|-fieldstart|move: Trick Room|[of] p2a: Magearna\n|\n|-heal|p2a: Magearna|46\/100|[from] item: Leftovers\n|upkeep\n|turn|20\n|\n|t:|1699582845\n|switch|p2a: Ursaluna|Ursaluna, F|100\/100\n|move|p1a: Zacian|Play Rough|p2a: Ursaluna\n|-damage|p2a: Ursaluna|28\/100\n|\n|-status|p2a: Ursaluna|brn|[from] item: Flame Orb\n|upkeep\n|turn|21\n|\n|t:|1699582850\n|move|p2a: Ursaluna|Facade|p1a: Zacian\n|-damage|p1a: Zacian|0 fnt\n|faint|p1a: Zacian\n|\n|-damage|p2a: Ursaluna|22\/100 brn|[from] brn\n|upkeep\n|l| Sebascaf\n|\n|t:|1699582853\n|switch|p1a: Basculin|Basculin-White-Striped, F|100\/100\n|turn|22\n|\n|t:|1699582855\n|-terastallize|p2a: Ursaluna|Normal\n|move|p1a: Basculin|Aqua Jet|p2a: Ursaluna\n|-damage|p2a: Ursaluna|4\/100 brn\n|move|p2a: Ursaluna|Facade|p1a: Basculin\n|-damage|p1a: Basculin|0 fnt\n|faint|p1a: Basculin\n|\n|-damage|p2a: Ursaluna|0 fnt|[from] brn\n|faint|p2a: Ursaluna\n|upkeep\n|\n|t:|1699582864\n|switch|p2a: Magearna|Magearna|46\/100\n|switch|p1a: Arceus|Arceus-Ghost|53\/100\n|turn|23\n|\n|t:|1699582868\n|move|p2a: Magearna|Volt Switch|p1a: Arceus\n|-crit|p1a: Arceus\n|-damage|p1a: Arceus|31\/100\n|\n|t:|1699582869\n|switch|p2a: Cyclizar|Cyclizar, M|67\/100|[from] Volt Switch\n|move|p1a: Arceus|Taunt|p2a: Cyclizar\n|-start|p2a: Cyclizar|move: Taunt\n|\n|-fieldend|move: Trick Room\n|upkeep\n|turn|24\n|\n|t:|1699582872\n|move|p2a: Cyclizar|Dragon Claw|p1a: Arceus\n|-damage|p1a: Arceus|17\/100\n|move|p1a: Arceus|Recover|p1a: Arceus\n|-heal|p1a: Arceus|67\/100\n|\n|upkeep\n|turn|25\n|\n|t:|1699582876\n|move|p2a: Cyclizar|Dragon Claw|p1a: Arceus\n|-damage|p1a: Arceus|54\/100\n|move|p1a: Arceus|Will-O-Wisp|p2a: Cyclizar\n|-status|p2a: Cyclizar|brn\n|\n|-damage|p2a: Cyclizar|61\/100 brn|[from] brn\n|-end|p2a: Cyclizar|move: Taunt\n|upkeep\n|turn|26\n|\n|t:|1699582879\n|switch|p1a: Chi-Yu|Chi-Yu|63\/100\n|-ability|p1a: Chi-Yu|Beads of Ruin\n|move|p2a: Cyclizar|Taunt|p1a: Chi-Yu\n|-start|p1a: Chi-Yu|move: Taunt\n|\n|-damage|p2a: Cyclizar|54\/100 brn|[from] brn\n|upkeep\n|turn|27\n|\n|t:|1699582892\n|switch|p2a: Magearna|Magearna|46\/100\n|move|p1a: Chi-Yu|Flamethrower|p2a: Magearna\n|-supereffective|p2a: Magearna\n|-damage|p2a: Magearna|0 fnt\n|faint|p2a: Magearna\n|\n|upkeep\n|\n|t:|1699582899\n|switch|p2a: Arceus|Arceus-Ghost|100\/100\n|turn|28\n|\n|t:|1699582909\n|move|p1a: Chi-Yu|Flamethrower|p2a: Arceus\n|-damage|p2a: Arceus|33\/100\n|move|p2a: Arceus|Swords Dance|p2a: Arceus\n|-boost|p2a: Arceus|atk|2\n|\n|-end|p1a: Chi-Yu|move: Taunt\n|upkeep\n|turn|29\n|\n|t:|1699582915\n|switch|p1a: Arceus|Arceus-Ghost|54\/100\n|move|p2a: Arceus|Extreme Speed|p1a: Arceus\n|-immune|p1a: Arceus\n|\n|upkeep\n|turn|30\n|\n|t:|1699582918\n|move|p1a: Arceus|Judgment|p2a: Arceus\n|-supereffective|p2a: Arceus\n|-damage|p2a: Arceus|0 fnt\n|faint|p2a: Arceus\n|\n|upkeep\n|\n|t:|1699582921\n|switch|p2a: Cyclizar|Cyclizar, M|88\/100 brn\n|turn|31\n|c|\u2606harmony6|Ggs\n|-message|harmony6 forfeited.\n|\n|win|IDAHAN\n|l|\u2606harmony6\n|c|\u2606IDAHAN|gg\n","uploadtime":1699582930,"views":61,"p1id":"idahan","p2id":"harmony6","formatid":"gen9ubers","rating":0,"private":0,"password":""}