{"id":"gen9ubers-1976890292","p1":"Bellatrix2022","p2":"Titanium guy","format":"[Gen 9] Ubers","log":"|j|\u2606Bellatrix2022\n|j|\u2606Titanium guy\n|t:|1698349824\n|gametype|singles\n|player|p1|Bellatrix2022|170|1035\n|player|p2|Titanium guy|265|1000\n|teamsize|p1|6\n|teamsize|p2|6\n|gen|9\n|tier|[Gen 9] Ubers\n|rated|\n|rule|Sleep Clause Mod: Limit one foe put to sleep\n|rule|Species Clause: Limit one of each Pok\u00e9mon\n|rule|OHKO Clause: OHKO moves are banned\n|rule|Evasion Items Clause: Evasion items are banned\n|rule|Evasion Moves Clause: Evasion moves are banned\n|rule|Endless Battle Clause: Forcing endless battles is banned\n|rule|HP Percentage Mod: HP is shown in percentages\n|clearpoke\n|poke|p1|Ogerpon-Cornerstone, F|\n|poke|p1|Kleavor, F|\n|poke|p1|Tyranitar, M|\n|poke|p1|Glimmora, M|\n|poke|p1|Garganacl, F|\n|poke|p1|Arcanine-Hisui, F|\n|poke|p2|Gengar, F|\n|poke|p2|Lucario, F|\n|poke|p2|Greninja-*, M|\n|poke|p2|Froslass, F|\n|poke|p2|Garchomp, F|\n|poke|p2|Dialga|\n|teampreview\n|\n|t:|1698349832\n|start\n|switch|p1a: Glimmora|Glimmora, M|100\/100\n|switch|p2a: Gengar|Gengar, F|100\/100\n|turn|1\n|\n|t:|1698349847\n|move|p1a: Glimmora|Spikes|p2a: Gengar\n|-sidestart|p2: Titanium guy|Spikes\n|move|p2a: Gengar|Destiny Bond|p2a: Gengar\n|-singlemove|p2a: Gengar|Destiny Bond\n|\n|upkeep\n|turn|2\n|\n|t:|1698349854\n|move|p1a: Glimmora|Spikes|p2a: Gengar\n|-sidestart|p2: Titanium guy|Spikes\n|move|p2a: Gengar|Fire Punch|p1a: Glimmora\n|-resisted|p1a: Glimmora\n|-damage|p1a: Glimmora|93\/100\n|-activate|p1a: Glimmora|ability: Toxic Debris\n|-sidestart|p2: Titanium guy|move: Toxic Spikes\n|\n|upkeep\n|turn|3\n|\n|t:|1698349863\n|move|p1a: Glimmora|Earth Power|p2a: Gengar\n|-supereffective|p2a: Gengar\n|-damage|p2a: Gengar|15\/100\n|move|p2a: Gengar|Disable|p1a: Glimmora\n|-start|p1a: Glimmora|Disable|Earth Power\n|\n|upkeep\n|turn|4\n|\n|t:|1698349874\n|move|p1a: Glimmora|Power Gem|p2a: Gengar\n|-damage|p2a: Gengar|0 fnt\n|faint|p2a: Gengar\n|\n|upkeep\n|\n|t:|1698349884\n|switch|p2a: Garchomp|Garchomp, F|100\/100\n|-damage|p2a: Garchomp|84\/100|[from] Spikes\n|-status|p2a: Garchomp|psn\n|turn|5\n|\n|t:|1698349897\n|move|p1a: Glimmora|Dazzling Gleam|p2a: Garchomp\n|-supereffective|p2a: Garchomp\n|-damage|p2a: Garchomp|29\/100 psn\n|move|p2a: Garchomp|Dragon Tail|p1a: Glimmora\n|-damage|p1a: Glimmora|59\/100\n|-activate|p1a: Glimmora|ability: Toxic Debris\n|-sidestart|p2: Titanium guy|move: Toxic Spikes\n|-damage|p2a: Garchomp|19\/100 psn|[from] item: Life Orb\n|drag|p1a: Arcanine|Arcanine-Hisui, F, shiny|100\/100\n|\n|-damage|p2a: Garchomp|7\/100 psn|[from] psn\n|upkeep\n|turn|6\n|\n|t:|1698349916\n|move|p1a: Arcanine|Flare Blitz|p2a: Garchomp\n|-resisted|p2a: Garchomp\n|-damage|p2a: Garchomp|0 fnt\n|-damage|p1a: Arcanine|88\/100|[from] ability: Rough Skin|[of] p2a: Garchomp\n|faint|p2a: Garchomp\n|\n|upkeep\n|\n|t:|1698349923\n|switch|p2a: Dialga|Dialga|100\/100\n|-damage|p2a: Dialga|84\/100|[from] Spikes\n|-ability|p2a: Dialga|Pressure\n|turn|7\n|\n|t:|1698349931\n|move|p1a: Arcanine|Flare Blitz|p2a: Dialga\n|-damage|p2a: Dialga|44\/100\n|move|p2a: Dialga|Substitute|p2a: Dialga\n|-start|p2a: Dialga|Substitute\n|-damage|p2a: Dialga|19\/100\n|\n|upkeep\n|turn|8\n|\n|t:|1698349939\n|move|p1a: Arcanine|Flare Blitz|p2a: Dialga\n|-end|p2a: Dialga|Substitute\n|move|p2a: Dialga|Bulk Up|p2a: Dialga\n|-boost|p2a: Dialga|atk|1\n|-boost|p2a: Dialga|def|1\n|\n|upkeep\n|turn|9\n|\n|t:|1698349945\n|move|p1a: Arcanine|Flare Blitz|p2a: Dialga\n|-damage|p2a: Dialga|0 fnt\n|faint|p2a: Dialga\n|\n|upkeep\n|\n|t:|1698349951\n|switch|p2a: Froslass|Froslass, F|100\/100\n|-damage|p2a: Froslass|84\/100|[from] Spikes\n|-status|p2a: Froslass|tox\n|turn|10\n|\n|t:|1698349956\n|move|p1a: Arcanine|Flare Blitz|p2a: Froslass\n|-supereffective|p2a: Froslass\n|-crit|p2a: Froslass\n|-damage|p2a: Froslass|0 fnt\n|faint|p2a: Froslass\n|\n|upkeep\n|\n|t:|1698349962\n|switch|p2a: Greninja|Greninja, M|100\/100\n|-damage|p2a: Greninja|84\/100|[from] Spikes\n|-status|p2a: Greninja|tox\n|turn|11\n|\n|t:|1698349971\n|move|p1a: Arcanine|Flare Blitz|p2a: Greninja\n|-resisted|p2a: Greninja\n|-damage|p2a: Greninja|38\/100 tox\n|move|p2a: Greninja|Counter|p1a: Arcanine\n|-start|p2a: Greninja|typechange|Fighting|[from] ability: Protean\n|-damage|p1a: Arcanine|8\/100\n|\n|-heal|p2a: Greninja|44\/100 tox|[from] item: Leftovers\n|-damage|p2a: Greninja|38\/100 tox|[from] psn\n|upkeep\n|turn|12\n|\n|t:|1698349982\n|move|p2a: Greninja|Water Shuriken|p1a: Arcanine\n|-supereffective|p1a: Arcanine\n|-damage|p1a: Arcanine|0 fnt\n|faint|p1a: Arcanine\n|-hitcount|p1: Arcanine|1\n|\n|-heal|p2a: Greninja|44\/100 tox|[from] item: Leftovers\n|-damage|p2a: Greninja|32\/100 tox|[from] psn\n|upkeep\n|\n|t:|1698349999\n|switch|p1a: Glimmora|Glimmora, M|59\/100\n|turn|13\n|\n|t:|1698350003\n|move|p2a: Greninja|Water Shuriken|p1a: Glimmora\n|-supereffective|p1a: Glimmora\n|-damage|p1a: Glimmora|48\/100\n|-supereffective|p1a: Glimmora\n|-damage|p1a: Glimmora|37\/100\n|-hitcount|p1a: Glimmora|2\n|move|p1a: Glimmora|Dazzling Gleam|p2a: Greninja\n|-supereffective|p2a: Greninja\n|-crit|p2a: Greninja\n|-damage|p2a: Greninja|0 fnt\n|faint|p2a: Greninja\n|\n|upkeep\n|\n|t:|1698350013\n|switch|p2a: Lucario|Lucario, F|100\/100\n|-damage|p2a: Lucario|84\/100|[from] Spikes\n|turn|14\n|\n|t:|1698350024\n|move|p1a: Glimmora|Earth Power|p2a: Lucario\n|-supereffective|p2a: Lucario\n|-damage|p2a: Lucario|26\/100\n|move|p2a: Lucario|Drain Punch|p1a: Glimmora\n|-damage|p1a: Glimmora|11\/100\n|-heal|p2a: Lucario|40\/100|[from] drain|[of] p1a: Glimmora\n|\n|upkeep\n|turn|15\n|\n|t:|1698350032\n|move|p1a: Glimmora|Earth Power|p2a: Lucario\n|-supereffective|p2a: Lucario\n|-crit|p2a: Lucario\n|-damage|p2a: Lucario|0 fnt\n|faint|p2a: Lucario\n|\n|win|Bellatrix2022\n|raw|Bellatrix2022's rating: 1035 &rarr; <strong>1066<\/strong><br \/>(+31 for winning)\n|raw|Titanium guy's rating: 1000 &rarr; <strong>1000<\/strong><br \/>(+0 for losing)\n|l|\u2606Titanium guy\n","uploadtime":1698350041,"views":12,"p1id":"bellatrix2022","p2id":"titaniumguy","formatid":"gen9ubers","rating":1000,"private":0,"password":""}