{"id":"gen9ubers-1971112849","p1":"heheimthestupstf","p2":"williesilly123","format":"[Gen 9] Ubers","log":"|j|\u2606heheimthestupstf\n|j|\u2606williesilly123\n|t:|1697708051\n|gametype|singles\n|player|p1|heheimthestupstf|hilbert-wonderlauncher|1000\n|player|p2|williesilly123|steven|1000\n|teamsize|p1|6\n|teamsize|p2|6\n|gen|9\n|tier|[Gen 9] Ubers\n|rated|\n|rule|Sleep Clause Mod: Limit one foe put to sleep\n|rule|Species Clause: Limit one of each Pok\u00e9mon\n|rule|OHKO Clause: OHKO moves are banned\n|rule|Evasion Items Clause: Evasion items are banned\n|rule|Evasion Moves Clause: Evasion moves are banned\n|rule|Endless Battle Clause: Forcing endless battles is banned\n|rule|HP Percentage Mod: HP is shown in percentages\n|clearpoke\n|poke|p1|Palafin, M|\n|poke|p1|Sinistcha-Masterpiece|\n|poke|p1|Ogerpon-Hearthflame, F|\n|poke|p1|Garchomp, F|\n|poke|p1|Regieleki|\n|poke|p1|Gholdengo|\n|poke|p2|Ursaluna-Bloodmoon, M|\n|poke|p2|Zacian-*|\n|poke|p2|Urshifu-*, F|\n|poke|p2|Chien-Pao|\n|poke|p2|Miraidon|\n|poke|p2|Kyogre|\n|teampreview\n|\n|t:|1697708065\n|start\n|switch|p1a: youhasbeenwarned|Palafin, M|100\/100\n|switch|p2a: Urshifu|Urshifu-Rapid-Strike, F|100\/100\n|turn|1\n|\n|t:|1697708076\n|move|p2a: Urshifu|U-turn|p1a: youhasbeenwarned\n|-damage|p1a: youhasbeenwarned|54\/100\n|\n|t:|1697708083\n|switch|p2a: Miraidon|Miraidon|100\/100|[from] U-turn\n|-fieldstart|move: Electric Terrain|[from] ability: Hadron Engine|[of] p2a: Miraidon\n|move|p1a: youhasbeenwarned|Flip Turn|p2a: Miraidon\n|-resisted|p2a: Miraidon\n|-damage|p2a: Miraidon|89\/100\n|\n|t:|1697708093\n|detailschange|p1a: youhasbeenwarned|Palafin-Hero, M\n|switch|p1a: i hate ice|Garchomp, F|100\/100|[from] Flip Turn\n|\n|upkeep\n|turn|2\n|\n|t:|1697708099\n|move|p2a: Miraidon|Dragon Pulse|p1a: i hate ice\n|-supereffective|p1a: i hate ice\n|-damage|p1a: i hate ice|0 fnt\n|faint|p1a: i hate ice\n|\n|upkeep\n|\n|t:|1697708106\n|switch|p1a: skate board gold|Gholdengo|100\/100\n|turn|3\n|\n|t:|1697708117\n|switch|p2a: Ursaluna|Ursaluna-Bloodmoon, M|100\/100\n|move|p1a: skate board gold|Iron Head|p2a: Ursaluna\n|-damage|p2a: Ursaluna|89\/100\n|\n|upkeep\n|turn|4\n|\n|t:|1697708135\n|move|p1a: skate board gold|Low Kick|p2a: Ursaluna\n|-supereffective|p2a: Ursaluna\n|-crit|p2a: Ursaluna\n|-damage|p2a: Ursaluna|58\/100\n|move|p2a: Ursaluna|Earth Power|p1a: skate board gold\n|-supereffective|p1a: skate board gold\n|-damage|p1a: skate board gold|0 fnt\n|faint|p1a: skate board gold\n|-damage|p2a: Ursaluna|48\/100|[from] item: Life Orb\n|\n|upkeep\n|\n|t:|1697708143\n|switch|p1a: youhasbeenwarned|Palafin-Hero, M|54\/100\n|-activate|p1a: youhasbeenwarned|ability: Zero to Hero\n|turn|5\n|\n|t:|1697708155\n|switch|p2a: Kyogre|Kyogre|100\/100\n|-weather|RainDance|[from] ability: Drizzle|[of] p2a: Kyogre\n|-terastallize|p1a: youhasbeenwarned|Water\n|move|p1a: youhasbeenwarned|Waterfall|p2a: Kyogre\n|-resisted|p2a: Kyogre\n|-damage|p2a: Kyogre|45\/100\n|\n|-weather|RainDance|[upkeep]\n|-heal|p2a: Kyogre|52\/100|[from] item: Leftovers\n|-fieldend|move: Electric Terrain\n|upkeep\n|turn|6\n|\n|t:|1697708173\n|move|p1a: youhasbeenwarned|Waterfall|p2a: Kyogre\n|-resisted|p2a: Kyogre\n|-damage|p2a: Kyogre|0 fnt\n|faint|p2a: Kyogre\n|\n|-weather|RainDance|[upkeep]\n|upkeep\n|\n|t:|1697708182\n|switch|p2a: Miraidon|Miraidon|89\/100\n|-fieldstart|move: Electric Terrain|[from] ability: Hadron Engine|[of] p2a: Miraidon\n|turn|7\n|\n|t:|1697708189\n|move|p2a: Miraidon|Volt Switch|p1a: youhasbeenwarned\n|-supereffective|p1a: youhasbeenwarned\n|-damage|p1a: youhasbeenwarned|0 fnt\n|faint|p1a: youhasbeenwarned\n|\n|t:|1697708192\n|switch|p2a: Ursaluna|Ursaluna-Bloodmoon, M|48\/100|[from] Volt Switch\n|\n|-weather|RainDance|[upkeep]\n|upkeep\n|\n|t:|1697708199\n|switch|p1a: pls dont attack me|Regieleki|100\/100\n|turn|8\n|\n|t:|1697708203\n|move|p1a: pls dont attack me|Substitute|p1a: pls dont attack me\n|-start|p1a: pls dont attack me|Substitute\n|-damage|p1a: pls dont attack me|76\/100\n|move|p2a: Ursaluna|Blood Moon|p1a: pls dont attack me\n|-end|p1a: pls dont attack me|Substitute\n|-damage|p2a: Ursaluna|38\/100|[from] item: Life Orb\n|\n|-weather|RainDance|[upkeep]\n|upkeep\n|turn|9\n|\n|t:|1697708220\n|move|p1a: pls dont attack me|Thunder Cage|p2a: Ursaluna\n|-immune|p2a: Ursaluna\n|move|p2a: Ursaluna|Earth Power|p1a: pls dont attack me\n|-supereffective|p1a: pls dont attack me\n|-damage|p1a: pls dont attack me|0 fnt\n|faint|p1a: pls dont attack me\n|-damage|p2a: Ursaluna|28\/100|[from] item: Life Orb\n|\n|-weather|none\n|upkeep\n|\n|t:|1697708231\n|switch|p1a: healing guy|Sinistcha-Masterpiece|100\/100\n|turn|10\n|\n|t:|1697708237\n|move|p1a: healing guy|Matcha Gotcha|p2a: Ursaluna\n|-supereffective|p2a: Ursaluna\n|-damage|p2a: Ursaluna|0 fnt\n|faint|p2a: Ursaluna\n|\n|upkeep\n|\n|t:|1697708249\n|switch|p2a: Chien-Pao|Chien-Pao|100\/100\n|-ability|p2a: Chien-Pao|Sword of Ruin\n|turn|11\n|\n|t:|1697708255\n|-terastallize|p2a: Chien-Pao|Ice\n|move|p2a: Chien-Pao|Ice Spinner|p1a: healing guy\n|-supereffective|p1a: healing guy\n|-damage|p1a: healing guy|0 fnt\n|-fieldend|move: Electric Terrain\n|faint|p1a: healing guy\n|\n|upkeep\n|\n|t:|1697708262\n|switch|p1a: flamey grassy guy|Ogerpon-Hearthflame, F|100\/100\n|-ability|p1a: flamey grassy guy|Mold Breaker\n|turn|12\n|\n|t:|1697708267\n|move|p2a: Chien-Pao|Ice Spinner|p1a: flamey grassy guy\n|-damage|p1a: flamey grassy guy|9\/100\n|move|p1a: flamey grassy guy|Ivy Cudgel|p2a: Chien-Pao\n|-supereffective|p2a: Chien-Pao\n|-enditem|p2a: Chien-Pao|Focus Sash\n|-damage|p2a: Chien-Pao|1\/100\n|\n|upkeep\n|turn|13\n|-message|heheimthestupstf forfeited.\n|\n|win|williesilly123\n|raw|heheimthestupstf's rating: 1000 &rarr; <strong>1000<\/strong><br \/>(+0 for losing)\n|raw|williesilly123's rating: 1000 &rarr; <strong>1040<\/strong><br \/>(+40 for winning)\n|l|\u2606heheimthestupstf\n","uploadtime":1697708281,"views":11,"p1id":"heheimthestupstf","p2id":"williesilly123","formatid":"gen9ubers","rating":1000,"private":0,"password":""}