{"id":"gen9ubers-1995034993","p1":"Anne Frankkkk","p2":"AbejorroTravieso","format":"[Gen 9] Ubers","log":"|j|\u2606Anne Frankkkk\n|j|\u2606AbejorroTravieso\n|t:|1700515594\n|gametype|singles\n|player|p1|Anne Frankkkk|hilbert|1225\n|player|p2|AbejorroTravieso|li|1101\n|teamsize|p1|6\n|teamsize|p2|6\n|gen|9\n|tier|[Gen 9] Ubers\n|rated|\n|rule|Sleep Clause Mod: Limit one foe put to sleep\n|rule|Species Clause: Limit one of each Pok\u00e9mon\n|rule|OHKO Clause: OHKO moves are banned\n|rule|Evasion Items Clause: Evasion items are banned\n|rule|Evasion Moves Clause: Evasion moves are banned\n|rule|Endless Battle Clause: Forcing endless battles is banned\n|rule|HP Percentage Mod: HP is shown in percentages\n|clearpoke\n|poke|p1|Regieleki|\n|poke|p1|Kyogre|\n|poke|p1|Chien-Pao|\n|poke|p1|Ribombee, M|\n|poke|p1|Miraidon|\n|poke|p1|Flutter Mane|\n|poke|p2|Urshifu-*, F|\n|poke|p2|Gengar, F|\n|poke|p2|Dragonite, F|\n|poke|p2|Snorlax, F|\n|poke|p2|Tyranitar, M|\n|poke|p2|Mewtwo|\n|teampreview\n|\n|t:|1700515612\n|start\n|switch|p1a: Moonblast|Ribombee, M, shiny|100\/100\n|switch|p2a: Gengar|Gengar, F|100\/100\n|turn|1\n|inactive|Battle timer is ON: inactive players will automatically lose when time's up. (requested by AbejorroTravieso)\n|\n|t:|1700515619\n|move|p1a: Moonblast|Sticky Web|p2a: Gengar\n|-sidestart|p2: AbejorroTravieso|move: Sticky Web\n|move|p2a: Gengar|Taunt|p1a: Moonblast\n|-start|p1a: Moonblast|move: Taunt\n|\n|upkeep\n|turn|2\n|\n|t:|1700515627\n|move|p1a: Moonblast|Moonblast|p2a: Gengar\n|-resisted|p2a: Gengar\n|-damage|p2a: Gengar|67\/100\n|move|p2a: Gengar|Venoshock|p1a: Moonblast\n|-supereffective|p1a: Moonblast\n|-enditem|p1a: Moonblast|Focus Sash\n|-damage|p1a: Moonblast|1\/100\n|\n|upkeep\n|turn|3\n|\n|t:|1700515635\n|move|p1a: Moonblast|Moonblast|p2a: Gengar\n|-resisted|p2a: Gengar\n|-damage|p2a: Gengar|35\/100\n|-unboost|p2a: Gengar|spa|1\n|-start|p1a: Moonblast|Disable|Moonblast|[from] ability: Cursed Body|[of] p2a: Gengar\n|move|p2a: Gengar|Venoshock|p1a: Moonblast\n|-supereffective|p1a: Moonblast\n|-damage|p1a: Moonblast|0 fnt\n|faint|p1a: Moonblast\n|\n|upkeep\n|\n|t:|1700515641\n|switch|p1a: Bzzzzt|Regieleki, shiny|100\/100\n|turn|4\n|\n|t:|1700515655\n|move|p1a: Bzzzzt|Volt Switch|p2a: Gengar\n|-damage|p2a: Gengar|0 fnt\n|faint|p2a: Gengar\n|\n|t:|1700515659\n|switch|p1a: OHKO|Kyogre|100\/100|[from] Volt Switch\n|-weather|RainDance|[from] ability: Drizzle|[of] p1a: OHKO\n|\n|-weather|RainDance|[upkeep]\n|upkeep\n|\n|t:|1700515672\n|switch|p2a: Snorlax|Snorlax, F|100\/100\n|-activate|p2a: Snorlax|move: Sticky Web\n|-unboost|p2a: Snorlax|spe|1\n|turn|5\n|\n|t:|1700515682\n|-terastallize|p1a: OHKO|Water\n|move|p1a: OHKO|Water Spout|p2a: Snorlax\n|-damage|p2a: Snorlax|0 fnt\n|faint|p2a: Snorlax\n|\n|-weather|RainDance|[upkeep]\n|upkeep\n|\n|t:|1700515694\n|switch|p2a: Urshifu|Urshifu-Rapid-Strike, F|100\/100\n|-activate|p2a: Urshifu|move: Sticky Web\n|-unboost|p2a: Urshifu|spe|1\n|turn|6\n|\n|t:|1700515702\n|switch|p1a: Bzzzzt|Regieleki, shiny|100\/100\n|move|p2a: Urshifu|Bulk Up|p2a: Urshifu\n|-boost|p2a: Urshifu|atk|1\n|-boost|p2a: Urshifu|def|1\n|\n|-weather|RainDance|[upkeep]\n|upkeep\n|turn|7\n|\n|t:|1700515713\n|switch|p2a: Tyranitar|Tyranitar, M|100\/100\n|-activate|p2a: Tyranitar|move: Sticky Web\n|-unboost|p2a: Tyranitar|spe|1\n|-weather|Sandstorm|[from] ability: Sand Stream|[of] p2a: Tyranitar\n|move|p1a: Bzzzzt|Volt Switch|p2a: Tyranitar\n|-damage|p2a: Tyranitar|67\/100\n|\n|t:|1700515717\n|switch|p1a: OHKO|Kyogre, tera:Water|100\/100|[from] Volt Switch\n|-weather|RainDance|[from] ability: Drizzle|[of] p1a: OHKO\n|\n|-weather|RainDance|[upkeep]\n|-heal|p2a: Tyranitar|73\/100|[from] item: Leftovers\n|upkeep\n|turn|8\n|\n|t:|1700515729\n|move|p1a: OHKO|Water Spout|p2a: Tyranitar\n|-supereffective|p2a: Tyranitar\n|-damage|p2a: Tyranitar|0 fnt\n|faint|p2a: Tyranitar\n|\n|-weather|RainDance|[upkeep]\n|upkeep\n|\n|t:|1700515741\n|switch|p2a: Urshifu|Urshifu-Rapid-Strike, F|100\/100\n|-activate|p2a: Urshifu|move: Sticky Web\n|-unboost|p2a: Urshifu|spe|1\n|turn|9\n|\n|t:|1700515745\n|move|p1a: OHKO|Water Spout|p2a: Urshifu\n|-resisted|p2a: Urshifu\n|-damage|p2a: Urshifu|0 fnt\n|faint|p2a: Urshifu\n|\n|-weather|RainDance|[upkeep]\n|upkeep\n|\n|t:|1700515752\n|switch|p2a: Mewtwo|Mewtwo|100\/100\n|-ability|p2a: Mewtwo|Unnerve\n|-activate|p2a: Mewtwo|move: Sticky Web\n|-unboost|p2a: Mewtwo|spe|1\n|turn|10\n|\n|t:|1700515761\n|move|p1a: OHKO|Water Spout|p2a: Mewtwo\n|-damage|p2a: Mewtwo|0 fnt\n|faint|p2a: Mewtwo\n|\n|-weather|RainDance|[upkeep]\n|upkeep\n|\n|t:|1700515766\n|switch|p2a: Dragonite|Dragonite, F|100\/100\n|turn|11\n|\n|t:|1700515773\n|move|p1a: OHKO|Water Spout|p2a: Dragonite\n|-resisted|p2a: Dragonite\n|-damage|p2a: Dragonite|30\/100\n|move|p2a: Dragonite|Dragon Dance|p2a: Dragonite\n|-boost|p2a: Dragonite|atk|1\n|-boost|p2a: Dragonite|spe|1\n|\n|-weather|none\n|upkeep\n|turn|12\n|\n|t:|1700515786\n|move|p2a: Dragonite|Dragon Claw|p1a: OHKO\n|-damage|p1a: OHKO|27\/100\n|move|p1a: OHKO|Water Spout|p2a: Dragonite\n|-resisted|p2a: Dragonite\n|-damage|p2a: Dragonite|5\/100\n|\n|upkeep\n|turn|13\n|\n|t:|1700515795\n|move|p2a: Dragonite|Dragon Claw|p1a: OHKO\n|-damage|p1a: OHKO|0 fnt\n|faint|p1a: OHKO\n|\n|upkeep\n|\n|t:|1700515798\n|switch|p1a: Ice Cat|Chien-Pao|100\/100\n|-ability|p1a: Ice Cat|Sword of Ruin\n|turn|14\n|\n|t:|1700515808\n|move|p2a: Dragonite|Earthquake|p1a: Ice Cat\n|-damage|p1a: Ice Cat|27\/100\n|move|p1a: Ice Cat|Ice Spinner|p2a: Dragonite\n|-supereffective|p2a: Dragonite\n|-damage|p2a: Dragonite|0 fnt\n|faint|p2a: Dragonite\n|\n|win|Anne Frankkkk\n|raw|Anne Frankkkk's rating: 1225 &rarr; <strong>1241<\/strong><br \/>(+16 for winning)\n|raw|AbejorroTravieso's rating: 1101 &rarr; <strong>1085<\/strong><br \/>(-16 for losing)\n|l|\u2606AbejorroTravieso\n","uploadtime":1700515824,"views":1,"p1id":"annefrankkkk","p2id":"abejorrotravieso","formatid":"gen9ubers","rating":1085,"private":0,"password":""}