{"id":"gen9ubers-1982030311","p1":"Raokan","p2":"85792195wwww","format":"[Gen 9] Ubers","log":"|j|\u2606Raokan\n|j|\u203d85792195wwww\n|t:|1698961123\n|gametype|singles\n|player|p1|Raokan|ethan|1319\n|player|p2|85792195wwww|102|1411\n|teamsize|p1|6\n|teamsize|p2|6\n|gen|9\n|tier|[Gen 9] Ubers\n|rated|\n|rule|Sleep Clause Mod: Limit one foe put to sleep\n|rule|Species Clause: Limit one of each Pok\u00e9mon\n|rule|OHKO Clause: OHKO moves are banned\n|rule|Evasion Items Clause: Evasion items are banned\n|rule|Evasion Moves Clause: Evasion moves are banned\n|rule|Endless Battle Clause: Forcing endless battles is banned\n|rule|HP Percentage Mod: HP is shown in percentages\n|clearpoke\n|poke|p1|Baxcalibur, F|\n|poke|p1|Great Tusk|\n|poke|p1|Ceruledge, M|\n|poke|p1|Iron Bundle|\n|poke|p1|Basculegion, M|\n|poke|p1|Chien-Pao|\n|poke|p2|Kyogre|\n|poke|p2|Zacian-*|\n|poke|p2|Arceus|\n|poke|p2|Landorus, M|\n|poke|p2|Koraidon|\n|poke|p2|Ursaluna, M|\n|teampreview\n|\n|t:|1698961160\n|start\n|switch|p1a: Iron Bundle|Iron Bundle|100\/100\n|switch|p2a: Landorus|Landorus, M|100\/100\n|turn|1\n|\n|t:|1698961168\n|move|p1a: Iron Bundle|Ice Beam|p2a: Landorus\n|-supereffective|p2a: Landorus\n|-enditem|p2a: Landorus|Focus Sash\n|-damage|p2a: Landorus|1\/100\n|move|p2a: Landorus|Stealth Rock|p1a: Iron Bundle\n|-sidestart|p1: Raokan|move: Stealth Rock\n|\n|upkeep\n|turn|2\n|\n|t:|1698961217\n|move|p1a: Iron Bundle|Ice Beam|p2a: Landorus\n|-supereffective|p2a: Landorus\n|-damage|p2a: Landorus|0 fnt\n|faint|p2a: Landorus\n|\n|upkeep\n|\n|t:|1698961223\n|switch|p2a: Kyogre|Kyogre|100\/100\n|-weather|RainDance|[from] ability: Drizzle|[of] p2a: Kyogre\n|turn|3\n|\n|t:|1698961240\n|move|p2a: Kyogre|Water Spout|p1a: Iron Bundle\n|-resisted|p1a: Iron Bundle\n|-enditem|p1a: Iron Bundle|Focus Sash\n|-damage|p1a: Iron Bundle|1\/100\n|move|p1a: Iron Bundle|Freeze-Dry|p2a: Kyogre\n|-supereffective|p2a: Kyogre\n|-damage|p2a: Kyogre|49\/100\n|-status|p2a: Kyogre|frz\n|\n|-weather|RainDance|[upkeep]\n|upkeep\n|turn|4\n|\n|t:|1698961252\n|cant|p2a: Kyogre|frz\n|move|p1a: Iron Bundle|Freeze-Dry|p2a: Kyogre\n|-supereffective|p2a: Kyogre\n|-damage|p2a: Kyogre|0 fnt\n|faint|p2a: Kyogre\n|\n|-weather|RainDance|[upkeep]\n|upkeep\n|\n|t:|1698961272\n|switch|p2a: Zacian|Zacian-Crowned|100\/100\n|-ability|p2a: Zacian|Intrepid Sword|boost\n|-boost|p2a: Zacian|atk|1\n|turn|5\n|\n|t:|1698961280\n|move|p2a: Zacian|Behemoth Blade|p1a: Iron Bundle\n|-damage|p1a: Iron Bundle|0 fnt\n|faint|p1a: Iron Bundle\n|-end|p1a: Iron Bundle|Quark Drive|[silent]\n|\n|-weather|RainDance|[upkeep]\n|upkeep\n|\n|t:|1698961289\n|switch|p1a: Great Tusk|Great Tusk|100\/100\n|-damage|p1a: Great Tusk|98\/100|[from] Stealth Rock\n|turn|6\n|\n|t:|1698961304\n|move|p1a: Great Tusk|Headlong Rush|p2a: Zacian\n|-supereffective|p2a: Zacian\n|-damage|p2a: Zacian|0 fnt\n|-unboost|p1a: Great Tusk|def|1\n|-unboost|p1a: Great Tusk|spd|1\n|faint|p2a: Zacian\n|\n|-weather|RainDance|[upkeep]\n|upkeep\n|\n|t:|1698961321\n|switch|p2a: Koraidon|Koraidon|100\/100\n|-weather|SunnyDay|[from] ability: Orichalcum Pulse|[of] p2a: Koraidon\n|-activate|p1a: Great Tusk|ability: Protosynthesis\n|-start|p1a: Great Tusk|protosynthesisatk\n|-activate|p2a: Koraidon|Orichalcum Pulse|[source]\n|turn|7\n|\n|t:|1698961338\n|move|p1a: Great Tusk|Headlong Rush|p2a: Koraidon\n|-damage|p2a: Koraidon|33\/100\n|-unboost|p1a: Great Tusk|def|1\n|-unboost|p1a: Great Tusk|spd|1\n|move|p2a: Koraidon|Dual Wingbeat|p1a: Great Tusk\n|-supereffective|p1a: Great Tusk\n|-damage|p1a: Great Tusk|19\/100\n|-supereffective|p1a: Great Tusk\n|-damage|p1a: Great Tusk|0 fnt\n|faint|p1a: Great Tusk\n|-end|p1a: Great Tusk|Protosynthesis|[silent]\n|-hitcount|p1: Great Tusk|2\n|-damage|p2a: Koraidon|23\/100|[from] item: Life Orb\n|\n|-weather|SunnyDay|[upkeep]\n|upkeep\n|\n|t:|1698961349\n|switch|p1a: Ceruledge|Ceruledge, M|100\/100\n|-damage|p1a: Ceruledge|75\/100|[from] Stealth Rock\n|turn|8\n|\n|t:|1698961356\n|move|p1a: Ceruledge|Shadow Sneak|p2a: Koraidon\n|-damage|p2a: Koraidon|5\/100\n|move|p2a: Koraidon|Scale Shot|p1a: Ceruledge\n|-damage|p1a: Ceruledge|43\/100\n|-damage|p1a: Ceruledge|9\/100\n|-damage|p1a: Ceruledge|0 fnt\n|faint|p1a: Ceruledge\n|-hitcount|p1: Ceruledge|3\n|-unboost|p2a: Koraidon|def|1\n|-boost|p2a: Koraidon|spe|1\n|-damage|p2a: Koraidon|0 fnt|[from] item: Life Orb\n|faint|p2a: Koraidon\n|\n|-weather|SunnyDay|[upkeep]\n|upkeep\n|\n|t:|1698961372\n|switch|p2a: Ursaluna|Ursaluna, M|100\/100\n|switch|p1a: Chien-Pao|Chien-Pao|100\/100\n|-damage|p1a: Chien-Pao|76\/100|[from] Stealth Rock\n|-ability|p1a: Chien-Pao|Sword of Ruin\n|turn|9\n|\n|t:|1698961398\n|-terastallize|p2a: Ursaluna|Normal\n|move|p1a: Chien-Pao|Icicle Crash|p2a: Ursaluna\n|-damage|p2a: Ursaluna|61\/100\n|move|p2a: Ursaluna|Headlong Rush|p1a: Chien-Pao\n|-damage|p1a: Chien-Pao|0 fnt\n|-unboost|p2a: Ursaluna|def|1\n|-unboost|p2a: Ursaluna|spd|1\n|faint|p1a: Chien-Pao\n|\n|-weather|SunnyDay|[upkeep]\n|-status|p2a: Ursaluna|brn|[from] item: Flame Orb\n|upkeep\n|\n|t:|1698961410\n|switch|p1a: Baxcalibur|Baxcalibur, F|100\/100\n|-damage|p1a: Baxcalibur|75\/100|[from] Stealth Rock\n|turn|10\n|\n|t:|1698961415\n|-terastallize|p1a: Baxcalibur|Ground\n|move|p1a: Baxcalibur|Dragon Dance|p1a: Baxcalibur\n|-boost|p1a: Baxcalibur|atk|1\n|-boost|p1a: Baxcalibur|spe|1\n|move|p2a: Ursaluna|Facade|p1a: Baxcalibur\n|-damage|p1a: Baxcalibur|0 fnt\n|faint|p1a: Baxcalibur\n|\n|-weather|SunnyDay|[upkeep]\n|-damage|p2a: Ursaluna|55\/100 brn|[from] brn\n|upkeep\n|\n|t:|1698961425\n|switch|p1a: Basculegion|Basculegion, M|100\/100\n|-damage|p1a: Basculegion|88\/100|[from] Stealth Rock\n|turn|11\n|\n|t:|1698961431\n|move|p1a: Basculegion|Wave Crash|p2a: Ursaluna\n|-damage|p2a: Ursaluna|13\/100 brn\n|-damage|p1a: Basculegion|72\/100|[from] Recoil\n|move|p2a: Ursaluna|Headlong Rush|p1a: Basculegion\n|-damage|p1a: Basculegion|0 fnt\n|-unboost|p2a: Ursaluna|def|1\n|-unboost|p2a: Ursaluna|spd|1\n|faint|p1a: Basculegion\n|\n|win|85792195wwww\n|raw|Raokan's rating: 1319 &rarr; <strong>1304<\/strong><br \/>(-15 for losing)\n|raw|85792195wwww's rating: 1411 &rarr; <strong>1426<\/strong><br \/>(+15 for winning)\n|l|\u203d85792195wwww\n|l|\u2606Raokan\n|j|\u203d85792195wwww\n|player|p2|85792195wwww|102\n|n|\u203d85792195wwww|85792195wwww\n","uploadtime":1698961465,"views":11,"p1id":"raokan","p2id":"85792195wwww","formatid":"gen9ubers","rating":1304,"private":0,"password":""}