{"id":"gen9ubers-1983038552","p1":"rooster45","p2":"Jobotodd","format":"[Gen 9] Ubers","log":"|j|\u2606rooster45\n|j|\u2606Jobotodd\n|t:|1699073685\n|gametype|singles\n|player|p1|rooster45|burglar|1106\n|player|p2|Jobotodd|266|1122\n|teamsize|p1|6\n|teamsize|p2|6\n|gen|9\n|tier|[Gen 9] Ubers\n|rated|\n|rule|Sleep Clause Mod: Limit one foe put to sleep\n|rule|Species Clause: Limit one of each Pok\u00e9mon\n|rule|OHKO Clause: OHKO moves are banned\n|rule|Evasion Items Clause: Evasion items are banned\n|rule|Evasion Moves Clause: Evasion moves are banned\n|rule|Endless Battle Clause: Forcing endless battles is banned\n|rule|HP Percentage Mod: HP is shown in percentages\n|clearpoke\n|poke|p1|Toxapex, F|\n|poke|p1|Magearna|\n|poke|p1|Dragapult, M|\n|poke|p1|Jirachi|\n|poke|p1|Iron Moth|\n|poke|p1|Vivillon-Garden, M|\n|poke|p2|Koraidon|\n|poke|p2|Chi-Yu|\n|poke|p2|Iron Bundle|\n|poke|p2|Shaymin-Sky|\n|poke|p2|Calyrex-Ice|\n|poke|p2|Zacian-*|\n|teampreview\n|\n|t:|1699073694\n|start\n|switch|p1a: Iron Moth|Iron Moth|100\/100\n|switch|p2a: Samwidge|Koraidon|100\/100\n|-weather|SunnyDay|[from] ability: Orichalcum Pulse|[of] p2a: Samwidge\n|-activate|p2a: Samwidge|Orichalcum Pulse|[source]\n|-enditem|p1a: Iron Moth|Booster Energy\n|-activate|p1a: Iron Moth|ability: Quark Drive|[fromitem]\n|-start|p1a: Iron Moth|quarkdrivespa\n|turn|1\n|inactive|Battle timer is ON: inactive players will automatically lose when time's up. (requested by rooster45)\n|\n|t:|1699073711\n|switch|p2a: Bundle of joy|Iron Bundle|100\/100\n|move|p1a: Iron Moth|Dazzling Gleam|p2a: Bundle of joy\n|-damage|p2a: Bundle of joy|16\/100\n|\n|-weather|SunnyDay|[upkeep]\n|upkeep\n|turn|2\n|\n|t:|1699073722\n|move|p2a: Bundle of joy|Flip Turn|p1a: Iron Moth\n|-supereffective|p1a: Iron Moth\n|-damage|p1a: Iron Moth|76\/100\n|\n|t:|1699073727\n|-end|p2a: Bundle of joy|Quark Drive|[silent]\n|switch|p2a: Arf|Zacian-Crowned|100\/100|[from] Flip Turn\n|-ability|p2a: Arf|Intrepid Sword|boost\n|-boost|p2a: Arf|atk|1\n|move|p1a: Iron Moth|Dazzling Gleam|p2a: Arf\n|-resisted|p2a: Arf\n|-damage|p2a: Arf|83\/100\n|\n|-weather|SunnyDay|[upkeep]\n|upkeep\n|turn|3\n|\n|t:|1699073738\n|move|p2a: Arf|Behemoth Blade|p1a: Iron Moth\n|-resisted|p1a: Iron Moth\n|-damage|p1a: Iron Moth|8\/100\n|move|p1a: Iron Moth|Fiery Dance|p2a: Arf\n|-supereffective|p2a: Arf\n|-damage|p2a: Arf|0 fnt\n|faint|p2a: Arf\n|\n|-weather|SunnyDay|[upkeep]\n|upkeep\n|l|\u2606Jobotodd\n|inactive|Jobotodd disconnected and has a minute to reconnect!\n|player|p2|\n|j|\u2606Jobotodd\n|inactive|Jobotodd reconnected and has 145 seconds left.\n|player|p2|Jobotodd|266\n|\n|t:|1699073754\n|switch|p2a: Samwidge|Koraidon|100\/100\n|-activate|p2a: Samwidge|ability: Orichalcum Pulse\n|turn|4\n|\n|t:|1699073760\n|move|p2a: Samwidge|Low Kick|p1a: Iron Moth\n|-resisted|p1a: Iron Moth\n|-damage|p1a: Iron Moth|0 fnt\n|faint|p1a: Iron Moth\n|-end|p1a: Iron Moth|Quark Drive|[silent]\n|\n|-weather|SunnyDay|[upkeep]\n|upkeep\n|\n|t:|1699073770\n|switch|p1a: Dragapult|Dragapult, M|100\/100\n|turn|5\n|\n|t:|1699073775\n|-terastallize|p1a: Dragapult|Steel\n|move|p1a: Dragapult|Dragon Darts|p2a: Samwidge\n|-supereffective|p2a: Samwidge\n|-damage|p2a: Samwidge|54\/100\n|-anim|p1a: Dragapult|Dragon Darts|p2a: Samwidge\n|-supereffective|p2a: Samwidge\n|-damage|p2a: Samwidge|13\/100\n|move|p2a: Samwidge|Scale Shot|p1a: Dragapult\n|-resisted|p1a: Dragapult\n|-damage|p1a: Dragapult|87\/100\n|-resisted|p1a: Dragapult\n|-damage|p1a: Dragapult|74\/100\n|-resisted|p1a: Dragapult\n|-damage|p1a: Dragapult|63\/100\n|-resisted|p1a: Dragapult\n|-damage|p1a: Dragapult|52\/100\n|-resisted|p1a: Dragapult\n|-damage|p1a: Dragapult|39\/100\n|-hitcount|p1a: Dragapult|5\n|-unboost|p2a: Samwidge|def|1\n|-boost|p2a: Samwidge|spe|1\n|\n|-weather|none\n|upkeep\n|turn|6\n|\n|t:|1699073795\n|move|p1a: Dragapult|Sucker Punch|p2a: Samwidge\n|-resisted|p2a: Samwidge\n|-damage|p2a: Samwidge|0 fnt\n|faint|p2a: Samwidge\n|\n|upkeep\n|\n|t:|1699073800\n|switch|p2a: 1 fish|Chi-Yu|100\/100\n|-ability|p2a: 1 fish|Beads of Ruin\n|turn|7\n|\n|t:|1699073808\n|move|p1a: Dragapult|U-turn|p2a: 1 fish\n|-crit|p2a: 1 fish\n|-damage|p2a: 1 fish|42\/100\n|\n|t:|1699073814\n|switch|p1a: Magearna|Magearna|100\/100|[from] U-turn\n|move|p2a: 1 fish|Overheat|p1a: Magearna\n|-supereffective|p1a: Magearna\n|-damage|p1a: Magearna|0 fnt\n|-unboost|p2a: 1 fish|spa|2\n|faint|p1a: Magearna\n|\n|upkeep\n|\n|t:|1699073825\n|switch|p1a: Toxapex|Toxapex, F|100\/100\n|turn|8\n|\n|t:|1699073841\n|switch|p2a: Horse head man|Calyrex-Ice|100\/100\n|-ability|p2a: Horse head man|As One\n|-ability|p2a: Horse head man|Unnerve\n|move|p1a: Toxapex|Toxic|p2a: Horse head man\n|-status|p2a: Horse head man|tox\n|\n|-damage|p2a: Horse head man|94\/100 tox|[from] psn\n|upkeep\n|turn|9\n|\n|t:|1699073852\n|move|p1a: Toxapex|Protect|p1a: Toxapex\n|-singleturn|p1a: Toxapex|Protect\n|move|p2a: Horse head man|High Horsepower|p1a: Toxapex\n|-activate|p1a: Toxapex|move: Protect\n|\n|-damage|p2a: Horse head man|82\/100 tox|[from] psn\n|upkeep\n|turn|10\n|\n|t:|1699073860\n|move|p1a: Toxapex|Protect|p1a: Toxapex\n|-singleturn|p1a: Toxapex|Protect\n|move|p2a: Horse head man|High Horsepower|p1a: Toxapex\n|-activate|p1a: Toxapex|move: Protect\n|\n|-damage|p2a: Horse head man|64\/100 tox|[from] psn\n|upkeep\n|turn|11\n|\n|t:|1699073869\n|move|p1a: Toxapex|Protect|p1a: Toxapex\n|-singleturn|p1a: Toxapex|Protect\n|move|p2a: Horse head man|High Horsepower|p1a: Toxapex\n|-activate|p1a: Toxapex|move: Protect\n|\n|-damage|p2a: Horse head man|39\/100 tox|[from] psn\n|upkeep\n|turn|12\n|-message|Jobotodd forfeited.\n|\n|win|rooster45\n|raw|rooster45's rating: 1106 &rarr; <strong>1132<\/strong><br \/>(+26 for winning)\n|raw|Jobotodd's rating: 1122 &rarr; <strong>1096<\/strong><br \/>(-26 for losing)\n|l|\u2606Jobotodd\n|l|\u2606rooster45\n|j|\u2606rooster45\n|player|p1|rooster45|burglar\n","uploadtime":1699073894,"views":12,"p1id":"rooster45","p2id":"jobotodd","formatid":"gen9ubers","rating":1096,"private":0,"password":""}