{"id":"gen9ubers-1997936357","p1":"iceberg149","p2":"Lass Starling","format":"[Gen 9] Ubers","log":"|j|\u2606iceberg149\n|j|\u2606Lass Starling\n|t:|1700869474\n|gametype|singles\n|player|p1|iceberg149|ethan|\n|player|p2|Lass Starling|lass-gen4dp|\n|teamsize|p1|6\n|teamsize|p2|6\n|gen|9\n|tier|[Gen 9] Ubers\n|rule|Sleep Clause Mod: Limit one foe put to sleep\n|rule|Species Clause: Limit one of each Pok\u00e9mon\n|rule|OHKO Clause: OHKO moves are banned\n|rule|Evasion Items Clause: Evasion items are banned\n|rule|Evasion Moves Clause: Evasion moves are banned\n|rule|Endless Battle Clause: Forcing endless battles is banned\n|rule|HP Percentage Mod: HP is shown in percentages\n|clearpoke\n|poke|p1|Mew|\n|poke|p1|Ogerpon-Cornerstone, F|\n|poke|p1|Ursaluna-Bloodmoon, M|\n|poke|p1|Sneasler, F|\n|poke|p1|Gastrodon-East, F|\n|poke|p1|Muk-Alola, F|\n|poke|p2|Bruxish, F|\n|poke|p2|Ogerpon-Hearthflame, F|\n|poke|p2|Iron Valiant|\n|poke|p2|Electrode-Hisui|\n|poke|p2|Zoroark-Hisui, M|\n|poke|p2|Ditto|\n|teampreview\n|j| Ghantist\n|c|\u2606iceberg149|hfhf\n|c|\u2606Lass Starling|u2u2\n|\n|t:|1700869638\n|start\n|switch|p1a: me|Muk-Alola, F, shiny|100\/100\n|switch|p2a: Ogerpon|Ogerpon-Hearthflame, F|100\/100\n|turn|1\n|\n|t:|1700869693\n|move|p2a: Ogerpon|U-turn|p1a: me\n|-damage|p1a: me|88\/100\n|\n|t:|1700869697\n|switch|p2a: Ditto|Ditto|100\/100|[from] U-turn\n|-transform|p2a: Ditto|p1a: me|[from] ability: Imposter\n|move|p1a: me|Poison Jab|p2a: Ditto\n|-resisted|p2a: Ditto\n|-damage|p2a: Ditto|77\/100\n|\n|upkeep\n|turn|2\n|j| DivogoJota\n|j| The ShaqtusLOL\n|\n|t:|1700869738\n|move|p2a: Ditto|Knock Off|p1a: me\n|-resisted|p1a: me\n|-damage|p1a: me|69\/100\n|-enditem|p1a: me|Assault Vest|[from] move: Knock Off|[of] p2a: Ditto\n|move|p1a: me|Knock Off|p2a: Ditto\n|-resisted|p2a: Ditto\n|-damage|p2a: Ditto|45\/100\n|-enditem|p2a: Ditto|Choice Scarf|[from] move: Knock Off|[of] p1a: me\n|\n|upkeep\n|turn|3\n|c| The ShaqtusLOL|TWO MUK\n|c| The ShaqtusLOL|BEST MATCH\n|c| The ShaqtusLOL|I LOVE MUK!\n|c| DivogoJota|Spotty wifi so I will be in and out\n|l| DivogoJota\n|\n|t:|1700869885\n|switch|p1a: Swiper|Sneasler, F|100\/100\n|-item|p1a: Swiper|Air Balloon\n|move|p2a: Ditto|Stone Edge|p1a: Swiper\n|-resisted|p1a: Swiper\n|-damage|p1a: Swiper|76\/100\n|-enditem|p1a: Swiper|Air Balloon\n|\n|upkeep\n|turn|4\n|\n|t:|1700869928\n|move|p1a: Swiper|Close Combat|p2a: Ditto\n|-damage|p2a: Ditto|0 fnt\n|-unboost|p1a: Swiper|def|1\n|-unboost|p1a: Swiper|spd|1\n|faint|p2a: Ditto\n|\n|upkeep\n|\n|t:|1700869976\n|switch|p2a: Ogerpon|Ogerpon-Hearthflame, F|100\/100\n|turn|5\n|j| Yveltql\n|j| DivogoJota\n|\n|t:|1700870067\n|move|p1a: Swiper|Dire Claw|p2a: Ogerpon\n|-resisted|p2a: Ogerpon\n|-damage|p2a: Ogerpon|59\/100\n|replace|p2a: Zoroark|Zoroark-Hisui, M\n|-end|p2a: Zoroark|Illusion\n|move|p2a: Zoroark|Extrasensory|p1a: Swiper\n|-supereffective|p1a: Swiper\n|-damage|p1a: Swiper|0 fnt\n|faint|p1a: Swiper\n|\n|upkeep\n|c| DivogoJota|Now that\n|c| DivogoJota|that was fantastic\n|c| DivogoJota|I literally said to myself \u201cwow, does star not know Dire Claw will just delete Ogerpon\u2019s hp?\u201d\n|c| DivogoJota|I got Twoser\u2019d\n|l| DivogoJota\n|\n|t:|1700870184\n|switch|p1a: me|Muk-Alola, F, shiny|69\/100\n|turn|6\n|\n|t:|1700870237\n|move|p2a: Zoroark|Extrasensory|p1a: me\n|-immune|p1a: me\n|move|p1a: me|Knock Off|p2a: Zoroark\n|-supereffective|p2a: Zoroark\n|-damage|p2a: Zoroark|0 fnt\n|-enditem|p2a: Zoroark|Choice Specs|[from] move: Knock Off|[of] p1a: me\n|faint|p2a: Zoroark\n|\n|upkeep\n|\n|t:|1700870262\n|switch|p2a: Ogerpon|Ogerpon-Hearthflame, F|100\/100\n|-ability|p2a: Ogerpon|Mold Breaker\n|turn|7\n|j| DivogoJota\n|\n|t:|1700870376\n|move|p2a: Ogerpon|U-turn|p1a: me\n|-damage|p1a: me|46\/100\n|\n|t:|1700870387\n|switch|p2a: Bruxish|Bruxish, F, shiny|100\/100|[from] U-turn\n|move|p1a: me|Poison Jab|p2a: Bruxish\n|-damage|p2a: Bruxish|45\/100\n|-status|p2a: Bruxish|psn|[from] ability: Poison Touch|[of] p1a: me\n|\n|-damage|p2a: Bruxish|33\/100 psn|[from] psn\n|upkeep\n|turn|8\n|\n|t:|1700870429\n|switch|p1a: A Slug -David 2023|Gastrodon-East, F|100\/100\n|move|p2a: Bruxish|Ice Fang|p1a: A Slug -David 2023\n|-damage|p1a: A Slug -David 2023|74\/100\n|\n|-damage|p2a: Bruxish|21\/100 psn|[from] psn\n|upkeep\n|turn|9\n|\n|t:|1700870492\n|move|p2a: Bruxish|Psychic Fangs|p1a: A Slug -David 2023\n|-damage|p1a: A Slug -David 2023|19\/100\n|move|p1a: A Slug -David 2023|Spikes|p2a: Bruxish\n|-sidestart|p2: Lass Starling|Spikes\n|\n|-damage|p2a: Bruxish|9\/100 psn|[from] psn\n|upkeep\n|turn|10\n|\n|t:|1700870507\n|switch|p1a: me|Muk-Alola, F, shiny|46\/100\n|move|p2a: Bruxish|Crunch|p1a: me\n|-resisted|p1a: me\n|-damage|p1a: me|29\/100\n|\n|-damage|p2a: Bruxish|0 fnt|[from] psn\n|faint|p2a: Bruxish\n|upkeep\n|\n|t:|1700870572\n|switch|p2a: Ogerpon|Ogerpon-Hearthflame, F|100\/100\n|-damage|p2a: Ogerpon|88\/100|[from] Spikes\n|-ability|p2a: Ogerpon|Mold Breaker\n|turn|11\n|\n|t:|1700870660\n|move|p2a: Ogerpon|Play Rough|p1a: me\n|-damage|p1a: me|0 fnt\n|faint|p1a: me\n|\n|upkeep\n|l| DivogoJota\n|j| DivogoJota\n|\n|t:|1700870770\n|switch|p1a: Geologist|Ogerpon-Cornerstone, F|100\/100\n|turn|12\n|\n|t:|1700870845\n|switch|p2a: Electrode|Electrode-Hisui, shiny|100\/100\n|-damage|p2a: Electrode|88\/100|[from] Spikes\n|move|p1a: Geologist|Ivy Cudgel|p2a: Electrode|[anim] Ivy Cudgel Rock\n|-damage|p2a: Electrode|0 fnt\n|faint|p2a: Electrode\n|\n|upkeep\n|\n|t:|1700870853\n|switch|p2a: Iron Valiant|Iron Valiant|100\/100\n|-damage|p2a: Iron Valiant|88\/100|[from] Spikes\n|turn|13\n|\n|t:|1700870882\n|move|p1a: Geologist|Spiky Shield|p1a: Geologist\n|-singleturn|p1a: Geologist|move: Protect\n|move|p2a: Iron Valiant|X-Scissor|p1a: Geologist\n|-activate|p1a: Geologist|move: Protect\n|-damage|p2a: Iron Valiant|76\/100|[from] Spiky Shield|[of] p1a: Geologist\n|\n|upkeep\n|turn|14\n|\n|t:|1700870969\n|move|p2a: Iron Valiant|X-Scissor|p1a: Geologist\n|-supereffective|p1a: Geologist\n|-damage|p1a: Geologist|15\/100\n|move|p1a: Geologist|Wood Hammer|p2a: Iron Valiant\n|-damage|p2a: Iron Valiant|0 fnt\n|faint|p2a: Iron Valiant\n|-end|p2a: Iron Valiant|Quark Drive|[silent]\n|-damage|p1a: Geologist|0 fnt|[from] Recoil\n|faint|p1a: Geologist\n|\n|upkeep\n|c| DivogoJota|I\u2019m still living off the high of the Twoser turn\n|\n|t:|1700871047\n|switch|p2a: Ogerpon|Ogerpon-Hearthflame, F|88\/100\n|switch|p1a: Bingus|Mew, shiny|100\/100\n|-damage|p2a: Ogerpon|76\/100|[from] Spikes\n|-ability|p2a: Ogerpon|Mold Breaker\n|turn|15\n|c|\u2606Lass Starling|unless I'm missing something\n|c|\u2606Lass Starling|it's now in the hands of RNG\n|c|\u2606Lass Starling|and I only win like 26% of the time\n|c| DivogoJota|\\o\/\n|\n|t:|1700871085\n|move|p2a: Ogerpon|Power Whip|p1a: Bingus|[miss]\n|-miss|p2a: Ogerpon|p1a: Bingus\n|move|p1a: Bingus|Psychic|p2a: Ogerpon\n|-damage|p2a: Ogerpon|31\/100\n|\n|upkeep\n|turn|16\n|c| DivogoJota|Well\n|\n|t:|1700871091\n|move|p2a: Ogerpon|Power Whip|p1a: Bingus|[miss]\n|-miss|p2a: Ogerpon|p1a: Bingus\n|move|p1a: Bingus|Psychic|p2a: Ogerpon\n|-damage|p2a: Ogerpon|0 fnt\n|faint|p2a: Ogerpon\n|\n|win|iceberg149\n|c|\u2606iceberg149|ggs\n|c| DivogoJota|well\n|c|\u2606Lass Starling|ggs\n|c| DivogoJota|ggs\n|l|\u2606Lass Starling\n|l| The ShaqtusLOL\n","uploadtime":1700871104,"views":11,"p1id":"iceberg149","p2id":"lassstarling","formatid":"gen9ubers","rating":0,"private":0,"password":""}