{"id":"gen9ubers-1976313631","p1":"MessiMeli","p2":"silastf","format":"[Gen 9] Ubers","log":"|j|\u2606MessiMeli\n|j|\u2606silastf\n|t:|1698285460\n|gametype|singles\n|player|p1|MessiMeli|rocketgrunt|\n|player|p2|silastf|2|\n|teamsize|p1|6\n|teamsize|p2|6\n|gen|9\n|tier|[Gen 9] Ubers\n|rule|Sleep Clause Mod: Limit one foe put to sleep\n|rule|Species Clause: Limit one of each Pok\u00e9mon\n|rule|OHKO Clause: OHKO moves are banned\n|rule|Evasion Items Clause: Evasion items are banned\n|rule|Evasion Moves Clause: Evasion moves are banned\n|rule|Endless Battle Clause: Forcing endless battles is banned\n|rule|HP Percentage Mod: HP is shown in percentages\n|clearpoke\n|poke|p1|Jolteon, F|\n|poke|p1|Cresselia, F|\n|poke|p1|Ribombee, M|\n|poke|p1|Goodra-Hisui, M|\n|poke|p1|Ogerpon-Wellspring, F|\n|poke|p1|Lucario, M|\n|poke|p2|Garchomp, M|\n|poke|p2|Hatterene, F|\n|poke|p2|Infernape, M|\n|poke|p2|Greninja-*, M|\n|poke|p2|Rotom-Wash|\n|poke|p2|Tinkaton, F|\n|teampreview\n|j| DivogoJota\n|j| justinrockin\n|j| iceberg149\n|\n|t:|1698285507\n|start\n|switch|p1a: Gohan if Trained|Lucario, M, shiny|100\/100\n|switch|p2a: Infernape|Infernape, M|100\/100\n|turn|1\n|\n|t:|1698285534\n|switch|p1a: Swoop Thing|Cresselia, F|100\/100\n|move|p2a: Infernape|Fire Punch|p1a: Swoop Thing\n|-damage|p1a: Swoop Thing|78\/100\n|\n|upkeep\n|turn|2\n|j| curtisthecacnea\n|\n|t:|1698285566\n|switch|p2a: Hatterene|Hatterene, F|100\/100\n|move|p1a: Swoop Thing|Moonlight|p1a: Swoop Thing\n|-heal|p1a: Swoop Thing|100\/100\n|\n|upkeep\n|turn|3\n|l| curtisthecacnea\n|\n|t:|1698285592\n|switch|p1a: Thikky G|Goodra-Hisui, M|100\/100\n|move|p2a: Hatterene|Nuzzle|p1a: Thikky G\n|-resisted|p1a: Thikky G\n|-damage|p1a: Thikky G|99\/100\n|-status|p1a: Thikky G|par\n|\n|upkeep\n|turn|4\n|\n|t:|1698285622\n|switch|p2a: Tinkaton|Tinkaton, F|100\/100\n|-ability|p2a: Tinkaton|Mold Breaker\n|move|p1a: Thikky G|Knock Off|p2a: Tinkaton\n|-resisted|p2a: Tinkaton\n|-damage|p2a: Tinkaton|85\/100\n|-enditem|p2a: Tinkaton|Life Orb|[from] move: Knock Off|[of] p1a: Thikky G\n|\n|upkeep\n|turn|5\n|\n|t:|1698285640\n|move|p2a: Tinkaton|Fake Out|p1a: Thikky G\n|-resisted|p1a: Thikky G\n|-crit|p1a: Thikky G\n|-damage|p1a: Thikky G|91\/100 par\n|cant|p1a: Thikky G|flinch\n|\n|upkeep\n|turn|6\n|\n|t:|1698285696\n|switch|p2a: Infernape|Infernape, M|100\/100\n|move|p1a: Thikky G|Earthquake|p2a: Infernape\n|-supereffective|p2a: Infernape\n|-damage|p2a: Infernape|0 fnt\n|faint|p2a: Infernape\n|\n|upkeep\n|j| KaoVT\n|\n|t:|1698285712\n|switch|p2a: Garchomp|Garchomp, M|100\/100\n|turn|7\n|\n|t:|1698285730\n|switch|p1a: Swoop Thing|Cresselia, F|100\/100\n|move|p2a: Garchomp|Earthquake|p1a: Swoop Thing\n|-immune|p1a: Swoop Thing|[from] ability: Levitate\n|\n|upkeep\n|turn|8\n|l| KaoVT\n|\n|t:|1698285755\n|switch|p1a: Thikky G|Goodra-Hisui, M|91\/100 par\n|move|p2a: Garchomp|Stealth Rock|p1a: Thikky G\n|-sidestart|p1: MessiMeli|move: Stealth Rock\n|\n|upkeep\n|turn|9\n|\n|t:|1698285767\n|switch|p1a: Swoop Thing|Cresselia, F|100\/100\n|-damage|p1a: Swoop Thing|88\/100|[from] Stealth Rock\n|move|p2a: Garchomp|Dragon Tail|p1a: Swoop Thing|[miss]\n|-miss|p2a: Garchomp|p1a: Swoop Thing\n|\n|upkeep\n|turn|10\n|j| KaoVT\n|\n|t:|1698285776\n|move|p1a: Swoop Thing|Moonblast|p2a: Garchomp\n|-supereffective|p2a: Garchomp\n|-damage|p2a: Garchomp|74\/100\n|-unboost|p2a: Garchomp|spa|1\n|move|p2a: Garchomp|Dragon Tail|p1a: Swoop Thing\n|-damage|p1a: Swoop Thing|74\/100\n|drag|p1a: Lightbulb|Jolteon, F, shiny|100\/100\n|\n|upkeep\n|turn|11\n|\n|t:|1698285787\n|-terastallize|p1a: Lightbulb|Ice\n|move|p1a: Lightbulb|Tera Blast|p2a: Garchomp|[anim] Tera Blast Ice\n|-supereffective|p2a: Garchomp\n|-damage|p2a: Garchomp|0 fnt\n|faint|p2a: Garchomp\n|\n|upkeep\n|\n|t:|1698285794\n|switch|p2a: Tinkaton|Tinkaton, F|85\/100\n|-ability|p2a: Tinkaton|Mold Breaker\n|turn|12\n|\n|t:|1698285803\n|move|p1a: Lightbulb|Volt Switch|p2a: Tinkaton\n|-damage|p2a: Tinkaton|52\/100\n|\n|t:|1698285820\n|switch|p1a: Thikky G|Goodra-Hisui, M|91\/100 par|[from] Volt Switch\n|-damage|p1a: Thikky G|85\/100 par|[from] Stealth Rock\n|move|p2a: Tinkaton|Gigaton Hammer|p1a: Thikky G\n|-resisted|p1a: Thikky G\n|-damage|p1a: Thikky G|56\/100 par\n|\n|upkeep\n|turn|13\n|\n|t:|1698285841\n|move|p2a: Tinkaton|Play Rough|p1a: Thikky G\n|-crit|p1a: Thikky G\n|-damage|p1a: Thikky G|7\/100 par\n|move|p1a: Thikky G|Knock Off|p2a: Tinkaton\n|-resisted|p2a: Tinkaton\n|-damage|p2a: Tinkaton|42\/100\n|\n|upkeep\n|turn|14\n|\n|t:|1698285858\n|move|p2a: Tinkaton|Gigaton Hammer|p1a: Thikky G\n|-resisted|p1a: Thikky G\n|-damage|p1a: Thikky G|0 fnt\n|faint|p1a: Thikky G\n|\n|upkeep\n|\n|t:|1698285877\n|switch|p1a: Gohan if Trained|Lucario, M, shiny|100\/100\n|-damage|p1a: Gohan if Trained|98\/100|[from] Stealth Rock\n|turn|15\n|\n|t:|1698285890\n|switch|p2a: Rotom|Rotom-Wash|100\/100\n|move|p1a: Gohan if Trained|Close Combat|p2a: Rotom\n|-damage|p2a: Rotom|38\/100\n|-unboost|p1a: Gohan if Trained|def|1\n|-unboost|p1a: Gohan if Trained|spd|1\n|\n|-heal|p2a: Rotom|45\/100|[from] item: Leftovers\n|upkeep\n|turn|16\n|\n|t:|1698285898\n|move|p1a: Gohan if Trained|Close Combat|p2a: Rotom\n|-damage|p2a: Rotom|0 fnt\n|-unboost|p1a: Gohan if Trained|def|1\n|-unboost|p1a: Gohan if Trained|spd|1\n|faint|p2a: Rotom\n|\n|upkeep\n|\n|t:|1698285902\n|switch|p2a: Greninja|Greninja, M|100\/100\n|turn|17\n|\n|t:|1698285909\n|switch|p1a: All Oger Now|Ogerpon-Wellspring, F|100\/100\n|-damage|p1a: All Oger Now|88\/100|[from] Stealth Rock\n|move|p2a: Greninja|Hydro Pump|p1a: All Oger Now\n|-heal|p1a: All Oger Now|100\/100|[from] ability: Water Absorb|[of] p2a: Greninja\n|\n|upkeep\n|turn|18\n|\n|t:|1698285923\n|move|p2a: Greninja|Ice Beam|p1a: All Oger Now\n|-damage|p1a: All Oger Now|60\/100\n|-status|p1a: All Oger Now|frz\n|-damage|p2a: Greninja|91\/100|[from] item: Life Orb\n|-curestatus|p1a: All Oger Now|frz|[msg]\n|move|p1a: All Oger Now|Horn Leech|p2a: Greninja\n|-supereffective|p2a: Greninja\n|-damage|p2a: Greninja|0 fnt\n|-heal|p1a: All Oger Now|100\/100|[from] drain|[of] p2a: Greninja\n|faint|p2a: Greninja\n|\n|upkeep\n|c|\u2606MessiMeli|ope\n|c| KaoVT|WHAT\n|\n|t:|1698285936\n|switch|p2a: Tinkaton|Tinkaton, F|42\/100\n|-ability|p2a: Tinkaton|Mold Breaker\n|turn|19\n|\n|t:|1698285945\n|move|p2a: Tinkaton|Fake Out|p1a: All Oger Now\n|-damage|p1a: All Oger Now|86\/100\n|cant|p1a: All Oger Now|flinch\n|\n|upkeep\n|turn|20\n|\n|t:|1698285951\n|move|p1a: All Oger Now|Horn Leech|p2a: Tinkaton\n|-resisted|p2a: Tinkaton\n|-damage|p2a: Tinkaton|19\/100\n|-heal|p1a: All Oger Now|98\/100|[from] drain|[of] p2a: Tinkaton\n|move|p2a: Tinkaton|Ice Hammer|p1a: All Oger Now\n|-damage|p1a: All Oger Now|64\/100\n|-unboost|p2a: Tinkaton|spe|1\n|\n|upkeep\n|turn|21\n|c| DivogoJota|Eventful turn\n|\n|t:|1698285958\n|move|p1a: All Oger Now|Horn Leech|p2a: Tinkaton\n|-resisted|p2a: Tinkaton\n|-damage|p2a: Tinkaton|0 fnt\n|-heal|p1a: All Oger Now|74\/100|[from] drain|[of] p2a: Tinkaton\n|faint|p2a: Tinkaton\n|\n|upkeep\n|\n|t:|1698285960\n|switch|p2a: Hatterene|Hatterene, F|100\/100\n|turn|22\n|\n|t:|1698285966\n|move|p1a: All Oger Now|U-turn|p2a: Hatterene\n|-damage|p2a: Hatterene|68\/100\n|\n|t:|1698285972\n|switch|p1a: Lightbulb|Jolteon, F, shiny, tera:Ice|100\/100|[from] U-turn\n|move|p2a: Hatterene|Nuzzle|p1a: Lightbulb\n|-immune|p1a: Lightbulb|[from] ability: Volt Absorb\n|\n|-heal|p2a: Hatterene|75\/100|[from] item: Leftovers\n|upkeep\n|turn|23\n|c|\u2606silastf|GG!'\n|\n|t:|1698285984\n|move|p1a: Lightbulb|Thunderbolt|p2a: Hatterene\n|-damage|p2a: Hatterene|20\/100\n|move|p2a: Hatterene|Psychic|p1a: Lightbulb\n|-damage|p1a: Lightbulb|34\/100\n|\n|-heal|p2a: Hatterene|27\/100|[from] item: Leftovers\n|upkeep\n|turn|24\n|\n|t:|1698285989\n|move|p1a: Lightbulb|Thunderbolt|p2a: Hatterene\n|-damage|p2a: Hatterene|0 fnt\n|faint|p2a: Hatterene\n|\n|win|MessiMeli\n|c|\u2606MessiMeli|gg!\n|c| DivogoJota|gg\n|l| iceberg149\n|l|\u2606silastf\n|l| KaoVT\n|c| DivogoJota|Didn\u2019t realize you had two absorb mons\n|c| DivogoJota|Kinda cool\n","uploadtime":1698286002,"views":34,"p1id":"messimeli","p2id":"silastf","formatid":"gen9ubers","rating":0,"private":0,"password":""}