{"id":"gen9ubers-1997183679","p1":"PennyPoffen","p2":"poifunlol99","format":"[Gen 9] Ubers","log":"|j|\u2606PennyPoffen\n|j|\u2606poifunlol99\n|t:|1700773108\n|gametype|singles\n|player|p1|PennyPoffen|dawn-gen4pt|1215\n|player|p2|poifunlol99|iono|1303\n|teamsize|p1|6\n|teamsize|p2|6\n|gen|9\n|tier|[Gen 9] Ubers\n|rated|\n|rule|Sleep Clause Mod: Limit one foe put to sleep\n|rule|Species Clause: Limit one of each Pok\u00e9mon\n|rule|OHKO Clause: OHKO moves are banned\n|rule|Evasion Items Clause: Evasion items are banned\n|rule|Evasion Moves Clause: Evasion moves are banned\n|rule|Endless Battle Clause: Forcing endless battles is banned\n|rule|HP Percentage Mod: HP is shown in percentages\n|clearpoke\n|poke|p1|Electrode-Hisui|\n|poke|p1|Orthworm, F|\n|poke|p1|Arceus|\n|poke|p1|Cyclizar, M|\n|poke|p1|Dragonite, M|\n|poke|p1|Shaymin-Sky|\n|poke|p2|Eternatus|\n|poke|p2|Skeledirge, M|\n|poke|p2|Espathra, M|\n|poke|p2|Cyclizar, F|\n|poke|p2|Zacian-*|\n|poke|p2|Landorus-Therian, M|\n|teampreview\n|\n|t:|1700773115\n|start\n|switch|p1a: Cyclizar|Cyclizar, M|100\/100\n|switch|p2a: Landorus|Landorus-Therian, M|100\/100\n|-ability|p2a: Landorus|Intimidate|boost\n|-unboost|p1a: Cyclizar|atk|1\n|turn|1\n|\n|t:|1700773126\n|move|p1a: Cyclizar|Shed Tail|p1a: Cyclizar\n|-start|p1a: Cyclizar|Substitute|[from] move: Shed Tail\n|-damage|p1a: Cyclizar|50\/100\n|\n|t:|1700773130\n|switch|p1a: Dragonite|Dragonite, M|100\/100|[from] Shed Tail\n|move|p2a: Landorus|Crunch|p1a: Dragonite\n|-activate|p1a: Dragonite|move: Substitute|[damage]\n|\n|upkeep\n|turn|2\n|\n|t:|1700773135\n|move|p2a: Landorus|U-turn|p1a: Dragonite\n|-resisted|p1a: Dragonite\n|-end|p1a: Dragonite|Substitute\n|\n|t:|1700773143\n|switch|p2a: Eternatus|Eternatus|100\/100|[from] U-turn\n|-ability|p2a: Eternatus|Pressure\n|move|p1a: Dragonite|Dragon Dance|p1a: Dragonite\n|-boost|p1a: Dragonite|atk|1\n|-boost|p1a: Dragonite|spe|1\n|\n|upkeep\n|turn|3\n|\n|t:|1700773154\n|-terastallize|p1a: Dragonite|Normal\n|move|p1a: Dragonite|Dragon Dance|p1a: Dragonite\n|-boost|p1a: Dragonite|atk|1\n|-boost|p1a: Dragonite|spe|1\n|move|p2a: Eternatus|Toxic|p1a: Dragonite\n|-status|p1a: Dragonite|tox\n|\n|-damage|p1a: Dragonite|94\/100 tox|[from] psn\n|upkeep\n|turn|4\n|\n|t:|1700773163\n|switch|p2a: Landorus|Landorus-Therian, M|100\/100\n|-ability|p2a: Landorus|Intimidate|boost\n|-unboost|p1a: Dragonite|atk|1\n|move|p1a: Dragonite|Dragon Claw|p2a: Landorus\n|-damage|p2a: Landorus|36\/100\n|\n|-damage|p1a: Dragonite|82\/100 tox|[from] psn\n|upkeep\n|turn|5\n|\n|t:|1700773174\n|move|p1a: Dragonite|Dragon Claw|p2a: Landorus\n|-damage|p2a: Landorus|0 fnt\n|faint|p2a: Landorus\n|\n|-damage|p1a: Dragonite|64\/100 tox|[from] psn\n|upkeep\n|\n|t:|1700773176\n|switch|p2a: Skeledirge|Skeledirge, M|100\/100\n|turn|6\n|\n|t:|1700773180\n|move|p1a: Dragonite|Earthquake|p2a: Skeledirge\n|-supereffective|p2a: Skeledirge\n|-damage|p2a: Skeledirge|33\/100\n|move|p2a: Skeledirge|Torch Song|p1a: Dragonite\n|-damage|p1a: Dragonite|34\/100 tox\n|-boost|p2a: Skeledirge|spa|1\n|\n|-damage|p1a: Dragonite|9\/100 tox|[from] psn\n|upkeep\n|turn|7\n|\n|t:|1700773191\n|move|p1a: Dragonite|Earthquake|p2a: Skeledirge\n|-supereffective|p2a: Skeledirge\n|-damage|p2a: Skeledirge|0 fnt\n|faint|p2a: Skeledirge\n|\n|-damage|p1a: Dragonite|0 fnt|[from] psn\n|faint|p1a: Dragonite\n|upkeep\n|\n|t:|1700773196\n|switch|p1a: Cyclizar|Cyclizar, M|83\/100\n|switch|p2a: Cyclizar|Cyclizar, F|100\/100\n|turn|8\n|\n|t:|1700773200\n|move|p2a: Cyclizar|Shed Tail|p2a: Cyclizar\n|-start|p2a: Cyclizar|Substitute|[from] move: Shed Tail\n|-damage|p2a: Cyclizar|50\/100\n|\n|t:|1700773203\n|switch|p2a: Espathra|Espathra, M|100\/100|[from] Shed Tail\n|move|p1a: Cyclizar|Draco Meteor|p2a: Espathra\n|-end|p2a: Espathra|Substitute\n|-unboost|p1a: Cyclizar|spa|2\n|\n|upkeep\n|turn|9\n|\n|t:|1700773215\n|switch|p1a: Shaymin|Shaymin-Sky|100\/100\n|move|p2a: Espathra|Calm Mind|p2a: Espathra\n|-boost|p2a: Espathra|spa|1\n|-boost|p2a: Espathra|spd|1\n|\n|-ability|p2a: Espathra|Speed Boost|boost\n|-boost|p2a: Espathra|spe|1\n|upkeep\n|turn|10\n|\n|t:|1700773222\n|move|p2a: Espathra|Substitute|p2a: Espathra\n|-start|p2a: Espathra|Substitute\n|-damage|p2a: Espathra|76\/100\n|move|p1a: Shaymin|Seed Flare|p2a: Espathra\n|-end|p2a: Espathra|Substitute\n|\n|-heal|p2a: Espathra|82\/100|[from] item: Leftovers\n|-ability|p2a: Espathra|Speed Boost|boost\n|-boost|p2a: Espathra|spe|1\n|upkeep\n|turn|11\n|\n|t:|1700773230\n|move|p2a: Espathra|Substitute|p2a: Espathra\n|-start|p2a: Espathra|Substitute\n|-damage|p2a: Espathra|57\/100\n|move|p1a: Shaymin|Seed Flare|p2a: Espathra\n|-end|p2a: Espathra|Substitute\n|\n|-heal|p2a: Espathra|63\/100|[from] item: Leftovers\n|-ability|p2a: Espathra|Speed Boost|boost\n|-boost|p2a: Espathra|spe|1\n|upkeep\n|turn|12\n|\n|t:|1700773240\n|move|p2a: Espathra|Calm Mind|p2a: Espathra\n|-boost|p2a: Espathra|spa|1\n|-boost|p2a: Espathra|spd|1\n|move|p1a: Shaymin|Air Slash|p2a: Espathra|[miss]\n|-miss|p1a: Shaymin|p2a: Espathra\n|\n|-heal|p2a: Espathra|69\/100|[from] item: Leftovers\n|-ability|p2a: Espathra|Speed Boost|boost\n|-boost|p2a: Espathra|spe|1\n|upkeep\n|turn|13\n|\n|t:|1700773245\n|move|p2a: Espathra|Substitute|p2a: Espathra\n|-start|p2a: Espathra|Substitute\n|-damage|p2a: Espathra|44\/100\n|move|p1a: Shaymin|Seed Flare|p2a: Espathra\n|-end|p2a: Espathra|Substitute\n|\n|-heal|p2a: Espathra|50\/100|[from] item: Leftovers\n|-ability|p2a: Espathra|Speed Boost|boost\n|-boost|p2a: Espathra|spe|1\n|upkeep\n|turn|14\n|\n|t:|1700773249\n|move|p2a: Espathra|Stored Power|p1a: Shaymin\n|-damage|p1a: Shaymin|0 fnt\n|faint|p1a: Shaymin\n|\n|-heal|p2a: Espathra|56\/100|[from] item: Leftovers\n|-ability|p2a: Espathra|Speed Boost|boost\n|-boost|p2a: Espathra|spe|1\n|upkeep\n|\n|t:|1700773252\n|switch|p1a: Orthworm|Orthworm, F|100\/100\n|turn|15\n|\n|t:|1700773264\n|move|p2a: Espathra|Substitute|p2a: Espathra\n|-start|p2a: Espathra|Substitute\n|-damage|p2a: Espathra|32\/100\n|move|p1a: Orthworm|Iron Tail|p2a: Espathra\n|-end|p2a: Espathra|Substitute\n|\n|-heal|p2a: Espathra|38\/100|[from] item: Leftovers\n|upkeep\n|turn|16\n|\n|t:|1700773269\n|move|p2a: Espathra|Substitute|p2a: Espathra\n|-start|p2a: Espathra|Substitute\n|-damage|p2a: Espathra|13\/100\n|move|p1a: Orthworm|Iron Tail|p2a: Espathra\n|-end|p2a: Espathra|Substitute\n|\n|-heal|p2a: Espathra|19\/100|[from] item: Leftovers\n|upkeep\n|turn|17\n|\n|t:|1700773276\n|-terastallize|p2a: Espathra|Fire\n|move|p2a: Espathra|Tera Blast|p1a: Orthworm|[anim] Tera Blast Fire\n|-supereffective|p1a: Orthworm\n|-damage|p1a: Orthworm|0 fnt\n|faint|p1a: Orthworm\n|\n|-heal|p2a: Espathra|25\/100|[from] item: Leftovers\n|upkeep\n|\n|t:|1700773283\n|switch|p1a: Arceus|Arceus|100\/100\n|turn|18\n|\n|t:|1700773289\n|move|p1a: Arceus|Extreme Speed|p2a: Espathra\n|-damage|p2a: Espathra|0 fnt\n|faint|p2a: Espathra\n|-damage|p1a: Arceus|91\/100|[from] item: Life Orb\n|\n|upkeep\n|\n|t:|1700773290\n|switch|p2a: Eternatus|Eternatus|100\/100\n|-ability|p2a: Eternatus|Pressure\n|turn|19\n|\n|t:|1700773297\n|move|p2a: Eternatus|Cosmic Power|p2a: Eternatus\n|-boost|p2a: Eternatus|def|1\n|-boost|p2a: Eternatus|spd|1\n|move|p1a: Arceus|Swords Dance|p1a: Arceus\n|-boost|p1a: Arceus|atk|2\n|\n|upkeep\n|turn|20\n|\n|t:|1700773305\n|move|p2a: Eternatus|Cosmic Power|p2a: Eternatus\n|-boost|p2a: Eternatus|def|1\n|-boost|p2a: Eternatus|spd|1\n|move|p1a: Arceus|Earthquake|p2a: Eternatus\n|-supereffective|p2a: Eternatus\n|-crit|p2a: Eternatus\n|-damage|p2a: Eternatus|0 fnt\n|faint|p2a: Eternatus\n|-damage|p1a: Arceus|81\/100|[from] item: Life Orb\n|\n|upkeep\n|c|\u2606poifunlol99|Bruh\n|\n|t:|1700773319\n|switch|p2a: Cyclizar|Cyclizar, F|83\/100\n|turn|21\n|\n|t:|1700773334\n|move|p1a: Arceus|Extreme Speed|p2a: Cyclizar\n|-damage|p2a: Cyclizar|0 fnt\n|faint|p2a: Cyclizar\n|-damage|p1a: Arceus|71\/100|[from] item: Life Orb\n|\n|upkeep\n|\n|t:|1700773337\n|switch|p2a: Zacian|Zacian-Crowned|100\/100\n|-ability|p2a: Zacian|Intrepid Sword|boost\n|-boost|p2a: Zacian|atk|1\n|turn|22\n|\n|t:|1700773344\n|move|p2a: Zacian|Play Rough|p1a: Arceus\n|-damage|p1a: Arceus|17\/100\n|move|p1a: Arceus|Earthquake|p2a: Zacian\n|-supereffective|p2a: Zacian\n|-damage|p2a: Zacian|0 fnt\n|faint|p2a: Zacian\n|-damage|p1a: Arceus|7\/100|[from] item: Life Orb\n|\n|win|PennyPoffen\n|raw|PennyPoffen's rating: 1215 &rarr; <strong>1246<\/strong><br \/>(+31 for winning)\n|raw|poifunlol99's rating: 1303 &rarr; <strong>1278<\/strong><br \/>(-25 for losing)\n|l|\u2606poifunlol99\n","uploadtime":1700773359,"views":5,"p1id":"pennypoffen","p2id":"poifunlol99","formatid":"gen9ubers","rating":1246,"private":0,"password":""}