{"id":"gen9ubers-1968515167","p1":"dumpy lump","p2":"XpokVEVO","format":"[Gen 9] Ubers","log":"|j|\u2606dumpy lump\n|j|\u2606XpokVEVO\n|t:|1697427148\n|gametype|singles\n|player|p1|dumpy lump|volo|\n|player|p2|XpokVEVO|marshal|\n|teamsize|p1|6\n|teamsize|p2|6\n|gen|9\n|tier|[Gen 9] Ubers\n|rule|Sleep Clause Mod: Limit one foe put to sleep\n|rule|Species Clause: Limit one of each Pok\u00e9mon\n|rule|OHKO Clause: OHKO moves are banned\n|rule|Evasion Items Clause: Evasion items are banned\n|rule|Evasion Moves Clause: Evasion moves are banned\n|rule|Endless Battle Clause: Forcing endless battles is banned\n|rule|HP Percentage Mod: HP is shown in percentages\n|clearpoke\n|poke|p1|Dialga-Origin|\n|poke|p1|Chi-Yu|\n|poke|p1|Magearna|\n|poke|p1|Ursaluna, F|\n|poke|p1|Cresselia, F|\n|poke|p1|Azumarill, F|\n|poke|p2|Arceus-Fire|\n|poke|p2|Shaymin-Sky|\n|poke|p2|Cyclizar, M|\n|poke|p2|Espathra, M|\n|poke|p2|Magearna|\n|poke|p2|Urshifu-*, F|\n|teampreview\n|j| MYDADDOSNTLOVEME\n|\n|t:|1697427184\n|start\n|switch|p1a: Magearna|Magearna|100\/100\n|switch|p2a: Cyclizar|Cyclizar, M|100\/100\n|turn|1\n|c|\u2606dumpy lump|no idea how this is gonna go\n|\n|t:|1697427192\n|move|p2a: Cyclizar|Shed Tail|p2a: Cyclizar\n|-start|p2a: Cyclizar|Substitute|[from] move: Shed Tail\n|-damage|p2a: Cyclizar|50\/100\n|\n|t:|1697427200\n|switch|p2a: Arceus-Fight\u0131ng|Arceus-Fire, shiny|100\/100|[from] Shed Tail\n|move|p1a: Magearna|Trick Room|p1a: Magearna\n|-fieldstart|move: Trick Room|[of] p1a: Magearna\n|\n|upkeep\n|turn|2\n|c| MYDADDOSNTLOVEME|the 2 guys who have beaten my Hyper O team lets watch\n|c|\u2606dumpy lump|arceus fighting moment\n|\n|t:|1697427218\n|move|p1a: Magearna|Volt Switch|p2a: Arceus-Fight\u0131ng\n|-activate|p2a: Arceus-Fight\u0131ng|move: Substitute|[damage]\n|\n|t:|1697427228\n|switch|p1a: Ursaluna|Ursaluna, F|100\/100|[from] Volt Switch\n|move|p2a: Arceus-Fight\u0131ng|Flare Blitz|p1a: Ursaluna\n|-damage|p1a: Ursaluna|47\/100\n|-damage|p2a: Arceus-Fight\u0131ng|79\/100|[from] Recoil\n|\n|-status|p1a: Ursaluna|brn|[from] item: Flame Orb\n|upkeep\n|turn|3\n|c|\u2606dumpy lump|welp\n|c|\u2606XpokVEVO|Guys I dont think its arceus fire\n|c|\u2606XpokVEVO|I mean\n|c|\u2606XpokVEVO|Fighting\n|c|\u2606dumpy lump|real\n|\n|t:|1697427252\n|move|p1a: Ursaluna|Facade|p2a: Arceus-Fight\u0131ng\n|-end|p2a: Arceus-Fight\u0131ng|Substitute\n|move|p2a: Arceus-Fight\u0131ng|Flare Blitz|p1a: Ursaluna\n|-damage|p1a: Ursaluna|0 fnt\n|faint|p1a: Ursaluna\n|-damage|p2a: Arceus-Fight\u0131ng|60\/100|[from] Recoil\n|\n|upkeep\n|\n|t:|1697427256\n|switch|p1a: Azumarill|Azumarill, F, shiny|100\/100\n|turn|4\n|\n|t:|1697427265\n|switch|p2a: Cyclizar|Cyclizar, M|84\/100\n|move|p1a: Azumarill|Belly Drum|p1a: Azumarill\n|-damage|p1a: Azumarill|50\/100\n|-setboost|p1a: Azumarill|atk|6|[from] move: Belly Drum\n|-enditem|p1a: Azumarill|Sitrus Berry|[eat]\n|-heal|p1a: Azumarill|75\/100|[from] item: Sitrus Berry\n|\n|upkeep\n|turn|5\n|\n|t:|1697427272\n|move|p1a: Azumarill|Play Rough|p2a: Cyclizar|[miss]\n|-miss|p1a: Azumarill|p2a: Cyclizar\n|move|p2a: Cyclizar|Shed Tail|p2a: Cyclizar\n|-start|p2a: Cyclizar|Substitute|[from] move: Shed Tail\n|-damage|p2a: Cyclizar|34\/100\n|c|\u2606dumpy lump|MAN\n|c|\u2606XpokVEVO|HAHAHAHAHAHA\n|\n|t:|1697427281\n|switch|p2a: Espathra|Espathra, M|100\/100|[from] Shed Tail\n|\n|-fieldend|move: Trick Room\n|upkeep\n|turn|6\n|c|\u2606dumpy lump|COME ON\n|\n|t:|1697427291\n|move|p2a: Espathra|Protect|p2a: Espathra\n|-singleturn|p2a: Espathra|Protect\n|move|p1a: Azumarill|Liquidation|p2a: Espathra\n|-activate|p2a: Espathra|move: Protect\n|\n|-ability|p2a: Espathra|Speed Boost|boost\n|-boost|p2a: Espathra|spe|1\n|upkeep\n|turn|7\n|\n|t:|1697427301\n|move|p2a: Espathra|Calm Mind|p2a: Espathra\n|-boost|p2a: Espathra|spa|1\n|-boost|p2a: Espathra|spd|1\n|move|p1a: Azumarill|Liquidation|p2a: Espathra\n|-end|p2a: Espathra|Substitute\n|\n|-ability|p2a: Espathra|Speed Boost|boost\n|-boost|p2a: Espathra|spe|1\n|upkeep\n|turn|8\n|\n|t:|1697427304\n|move|p1a: Azumarill|Aqua Jet|p2a: Espathra\n|-enditem|p2a: Espathra|Focus Sash\n|-damage|p2a: Espathra|1\/100\n|move|p2a: Espathra|Stored Power|p1a: Azumarill\n|-damage|p1a: Azumarill|2\/100\n|\n|-ability|p2a: Espathra|Speed Boost|boost\n|-boost|p2a: Espathra|spe|1\n|upkeep\n|turn|9\n|c| MYDADDOSNTLOVEME|90% acc moment\n|\n|t:|1697427309\n|move|p2a: Espathra|Protect|p2a: Espathra\n|-singleturn|p2a: Espathra|Protect\n|move|p1a: Azumarill|Aqua Jet|p2a: Espathra\n|-activate|p2a: Espathra|move: Protect\n|\n|-ability|p2a: Espathra|Speed Boost|boost\n|-boost|p2a: Espathra|spe|1\n|upkeep\n|turn|10\n|\n|t:|1697427311\n|move|p1a: Azumarill|Aqua Jet|p2a: Espathra\n|-damage|p2a: Espathra|0 fnt\n|faint|p2a: Espathra\n|\n|upkeep\n|c|\u2606XpokVEVO|Shouldve protected\n|c|\u2606XpokVEVO|This may be an awful mistake\n|\n|t:|1697427330\n|switch|p2a: Cyclizar|Cyclizar, M|67\/100\n|turn|11\n|\n|t:|1697427333\n|move|p1a: Azumarill|Aqua Jet|p2a: Cyclizar\n|-resisted|p2a: Cyclizar\n|-damage|p2a: Cyclizar|0 fnt\n|faint|p2a: Cyclizar\n|\n|upkeep\n|\n|t:|1697427339\n|switch|p2a: Magearna|Magearna|100\/100\n|turn|12\n|\n|t:|1697427351\n|-terastallize|p2a: Magearna|Water\n|move|p1a: Azumarill|Aqua Jet|p2a: Magearna\n|-resisted|p2a: Magearna\n|-crit|p2a: Magearna\n|-damage|p2a: Magearna|23\/100\n|move|p2a: Magearna|Shift Gear|p2a: Magearna\n|-boost|p2a: Magearna|spe|2\n|-boost|p2a: Magearna|atk|1\n|\n|upkeep\n|turn|13\n|\n|t:|1697427359\n|move|p1a: Azumarill|Aqua Jet|p2a: Magearna\n|-resisted|p2a: Magearna\n|-damage|p2a: Magearna|0 fnt\n|faint|p2a: Magearna\n|\n|upkeep\n|c| MYDADDOSNTLOVEME|nah\n|c|\u2606XpokVEVO|HAAAX\n|c|\u2606dumpy lump|sir\n|c|\u2606XpokVEVO|haaax\n|c|\u2606dumpy lump|what was that\n|c| MYDADDOSNTLOVEME|why setup\n|\n|t:|1697427369\n|switch|p2a: Shaymin|Shaymin-Sky, shiny|100\/100\n|turn|14\n|c| MYDADDOSNTLOVEME|das crazy\n|\n|t:|1697427377\n|move|p1a: Azumarill|Aqua Jet|p2a: Shaymin\n|-resisted|p2a: Shaymin\n|-damage|p2a: Shaymin|37\/100\n|move|p2a: Shaymin|Healing Wish|p2a: Shaymin\n|faint|p2a: Shaymin\n|\n|upkeep\n|\n|t:|1697427381\n|switch|p2a: Arceus-Fight\u0131ng|Arceus-Fire, shiny|60\/100\n|-heal|p2a: Arceus-Fight\u0131ng|100\/100|[from] move: Healing Wish\n|turn|15\n|\n|t:|1697427384\n|move|p1a: Azumarill|Aqua Jet|p2a: Arceus-Fight\u0131ng\n|-supereffective|p2a: Arceus-Fight\u0131ng\n|-damage|p2a: Arceus-Fight\u0131ng|0 fnt\n|faint|p2a: Arceus-Fight\u0131ng\n|\n|upkeep\n|c|\u2606dumpy lump|LMAO\n|c|\u2606XpokVEVO|Idk why i did that\n|c|\u2606XpokVEVO|My mind told me to throw\n|c|\u2606dumpy lump|i feel bad bro\n|\n|t:|1697427395\n|switch|p2a: Urshifu|Urshifu, F|100\/100\n|turn|16\n|c|\u2606XpokVEVO|Re inmediately de\n|c|\u2606XpokVEVO|Dw\n|\n|t:|1697427404\n|move|p1a: Azumarill|Aqua Jet|p2a: Urshifu\n|-damage|p2a: Urshifu|6\/100\n|move|p2a: Urshifu|Trailblaze|p1a: Azumarill\n|-supereffective|p1a: Azumarill\n|-damage|p1a: Azumarill|0 fnt\n|-boost|p2a: Urshifu|spe|1\n|faint|p1a: Azumarill\n|-damage|p2a: Urshifu|0 fnt|[from] item: Life Orb\n|faint|p2a: Urshifu\n|\n|win|dumpy lump\n|l|\u2606XpokVEVO\n|c|\u2606dumpy lump|gg\n|c| MYDADDOSNTLOVEME|ITS NOT OVER\n|l| MYDADDOSNTLOVEME\n","uploadtime":1697427421,"views":28,"p1id":"dumpylump","p2id":"xpokvevo","formatid":"gen9ubers","rating":0,"private":0,"password":""}