{"id":"gen9ubers-1994488579","p1":"EpicMegaMan","p2":"Anne Frankkkk","format":"[Gen 9] Ubers","log":"|j|\u2606EpicMegaMan\n|j|\u2606Anne Frankkkk\n|t:|1700449817\n|gametype|singles\n|player|p1|EpicMegaMan|170|1134\n|player|p2|Anne Frankkkk|hilbert|1201\n|teamsize|p1|6\n|teamsize|p2|6\n|gen|9\n|tier|[Gen 9] Ubers\n|rated|\n|rule|Sleep Clause Mod: Limit one foe put to sleep\n|rule|Species Clause: Limit one of each Pok\u00e9mon\n|rule|OHKO Clause: OHKO moves are banned\n|rule|Evasion Items Clause: Evasion items are banned\n|rule|Evasion Moves Clause: Evasion moves are banned\n|rule|Endless Battle Clause: Forcing endless battles is banned\n|rule|HP Percentage Mod: HP is shown in percentages\n|clearpoke\n|poke|p1|Calyrex-Ice|\n|poke|p1|Palafin, F|\n|poke|p1|Hoopa-Unbound|\n|poke|p1|Slaking, F|\n|poke|p1|Groudon|\n|poke|p1|Rayquaza|\n|poke|p2|Regieleki|\n|poke|p2|Kyogre|\n|poke|p2|Chien-Pao|\n|poke|p2|Ribombee, M|\n|poke|p2|Miraidon|\n|poke|p2|Flutter Mane|\n|teampreview\n|inactive|Battle timer is ON: inactive players will automatically lose when time's up. (requested by Anne Frankkkk)\n|\n|t:|1700449827\n|start\n|switch|p1a: Calyrex|Calyrex-Ice|100\/100\n|switch|p2a: Moonblast|Ribombee, M, shiny|100\/100\n|-ability|p1a: Calyrex|As One\n|-ability|p1a: Calyrex|Unnerve\n|turn|1\n|\n|t:|1700449837\n|move|p2a: Moonblast|Sticky Web|p1a: Calyrex\n|-sidestart|p1: EpicMegaMan|move: Sticky Web\n|move|p1a: Calyrex|Glacial Lance|p2a: Moonblast\n|-enditem|p2a: Moonblast|Focus Sash\n|-damage|p2a: Moonblast|1\/100\n|\n|upkeep\n|turn|2\n|\n|t:|1700449847\n|move|p2a: Moonblast|Bug Buzz|p1a: Calyrex\n|-supereffective|p1a: Calyrex\n|-damage|p1a: Calyrex|35\/100\n|move|p1a: Calyrex|Glacial Lance|p2a: Moonblast\n|-damage|p2a: Moonblast|0 fnt\n|faint|p2a: Moonblast\n|-ability|p1a: Calyrex|Chilling Neigh|boost\n|-boost|p1a: Calyrex|atk|1\n|\n|-heal|p1a: Calyrex|41\/100|[from] item: Leftovers\n|upkeep\n|\n|t:|1700449852\n|switch|p2a: Bzzzzt|Regieleki, shiny|100\/100\n|turn|3\n|\n|t:|1700449859\n|move|p2a: Bzzzzt|Thunderbolt|p1a: Calyrex\n|-damage|p1a: Calyrex|0 fnt\n|faint|p1a: Calyrex\n|\n|upkeep\n|\n|t:|1700449863\n|switch|p1a: Palafin|Palafin, F|100\/100\n|-activate|p1a: Palafin|move: Sticky Web\n|-unboost|p1a: Palafin|spe|1\n|turn|4\n|\n|t:|1700449868\n|detailschange|p1a: Palafin|Palafin-Hero, F\n|switch|p1a: Groudon|Groudon|100\/100\n|-activate|p1a: Groudon|move: Sticky Web\n|-unboost|p1a: Groudon|spe|1\n|-weather|SunnyDay|[from] ability: Drought|[of] p1a: Groudon\n|move|p2a: Bzzzzt|Thunderbolt|p1a: Groudon\n|-immune|p1a: Groudon\n|\n|-weather|SunnyDay|[upkeep]\n|upkeep\n|turn|5\n|\n|t:|1700449877\n|switch|p2a: Misdreavius|Flutter Mane, shiny|100\/100\n|-activate|p2a: Misdreavius|ability: Protosynthesis\n|-start|p2a: Misdreavius|protosynthesisspe\n|move|p1a: Groudon|Precipice Blades|p2a: Misdreavius\n|-damage|p2a: Misdreavius|0 fnt\n|faint|p2a: Misdreavius\n|-end|p2a: Misdreavius|Protosynthesis|[silent]\n|\n|-weather|SunnyDay|[upkeep]\n|upkeep\n|\n|t:|1700449899\n|switch|p2a: Cyber Lizard|Miraidon|100\/100\n|-fieldstart|move: Electric Terrain|[from] ability: Hadron Engine|[of] p2a: Cyber Lizard\n|-item|p2a: Cyber Lizard|Air Balloon\n|turn|6\n|\n|t:|1700449904\n|move|p2a: Cyber Lizard|Calm Mind|p2a: Cyber Lizard\n|-boost|p2a: Cyber Lizard|spa|1\n|-boost|p2a: Cyber Lizard|spd|1\n|move|p1a: Groudon|Precipice Blades|p2a: Cyber Lizard\n|-immune|p2a: Cyber Lizard\n|\n|-weather|SunnyDay|[upkeep]\n|upkeep\n|turn|7\n|\n|t:|1700449911\n|move|p2a: Cyber Lizard|Calm Mind|p2a: Cyber Lizard\n|-boost|p2a: Cyber Lizard|spa|1\n|-boost|p2a: Cyber Lizard|spd|1\n|move|p1a: Groudon|Stone Edge|p2a: Cyber Lizard\n|-damage|p2a: Cyber Lizard|56\/100\n|-enditem|p2a: Cyber Lizard|Air Balloon\n|\n|-weather|SunnyDay|[upkeep]\n|upkeep\n|turn|8\n|\n|t:|1700449919\n|move|p2a: Cyber Lizard|Dragon Pulse|p1a: Groudon\n|-damage|p1a: Groudon|0 fnt\n|faint|p1a: Groudon\n|\n|-weather|none\n|upkeep\n|\n|t:|1700449926\n|switch|p1a: Slaking|Slaking, F|100\/100\n|-activate|p1a: Slaking|move: Sticky Web\n|-unboost|p1a: Slaking|spe|1\n|turn|9\n|\n|t:|1700449930\n|move|p2a: Cyber Lizard|Electro Drift|p1a: Slaking\n|-damage|p1a: Slaking|0 fnt\n|faint|p1a: Slaking\n|\n|upkeep\n|\n|t:|1700449937\n|switch|p1a: Hoopa|Hoopa-Unbound|100\/100\n|-activate|p1a: Hoopa|move: Sticky Web\n|-unboost|p1a: Hoopa|spe|1\n|turn|10\n|\n|t:|1700449945\n|move|p2a: Cyber Lizard|Electro Drift|p1a: Hoopa\n|-damage|p1a: Hoopa|0 fnt\n|faint|p1a: Hoopa\n|\n|-fieldend|move: Electric Terrain\n|upkeep\n|\n|t:|1700449951\n|switch|p1a: Palafin|Palafin-Hero, F|100\/100\n|-activate|p1a: Palafin|move: Sticky Web\n|-unboost|p1a: Palafin|spe|1\n|-activate|p1a: Palafin|ability: Zero to Hero\n|turn|11\n|\n|t:|1700449956\n|move|p2a: Cyber Lizard|Electro Drift|p1a: Palafin\n|-supereffective|p1a: Palafin\n|-damage|p1a: Palafin|0 fnt\n|faint|p1a: Palafin\n|\n|upkeep\n|\n|t:|1700449961\n|switch|p1a: Rayquaza|Rayquaza|100\/100\n|-ability|p1a: Rayquaza|Air Lock\n|turn|12\n|\n|t:|1700449968\n|move|p2a: Cyber Lizard|Dragon Pulse|p1a: Rayquaza\n|-supereffective|p1a: Rayquaza\n|-damage|p1a: Rayquaza|0 fnt\n|faint|p1a: Rayquaza\n|\n|win|Anne Frankkkk\n|raw|EpicMegaMan's rating: 1134 &rarr; <strong>1114<\/strong><br \/>(-20 for losing)\n|raw|Anne Frankkkk's rating: 1201 &rarr; <strong>1221<\/strong><br \/>(+20 for winning)\n|l|\u2606EpicMegaMan\n","uploadtime":1700449978,"views":3,"p1id":"epicmegaman","p2id":"annefrankkkk","formatid":"gen9ubers","rating":1114,"private":0,"password":""}