{"id":"gen9ubers-1979087632","p1":"RomaingDia","p2":"Sol CPU","format":"[Gen 9] Ubers","log":"|j|\u2606RomaingDia\n|j|\u2606Sol CPU\n|t:|1698630563\n|gametype|singles\n|player|p1|RomaingDia|pokemaniac|\n|player|p2|Sol CPU|ethan|\n|teamsize|p1|6\n|teamsize|p2|6\n|gen|9\n|tier|[Gen 9] Ubers\n|rule|Sleep Clause Mod: Limit one foe put to sleep\n|rule|Species Clause: Limit one of each Pok\u00e9mon\n|rule|OHKO Clause: OHKO moves are banned\n|rule|Evasion Items Clause: Evasion items are banned\n|rule|Evasion Moves Clause: Evasion moves are banned\n|rule|Endless Battle Clause: Forcing endless battles is banned\n|rule|HP Percentage Mod: HP is shown in percentages\n|clearpoke\n|poke|p1|Sneasler, M|\n|poke|p1|Roaring Moon|\n|poke|p1|Walking Wake|\n|poke|p1|Lilligant-Hisui, F|\n|poke|p1|Torkoal, F|\n|poke|p1|Heatran, M|\n|poke|p2|Great Tusk|\n|poke|p2|Thundurus, M|\n|poke|p2|Sylveon, F|\n|poke|p2|Dragalge, M|\n|poke|p2|Meloetta|\n|poke|p2|Lycanroc-Dusk, M|\n|teampreview\n|j| Squirshawott\n|j| slugmaaa\n|j| Astyr.Pygos\n|j| pkpowers310\n|l| pkpowers310\n|\n|t:|1698630621\n|start\n|switch|p1a: Gazoontite|Sneasler, M|100\/100\n|switch|p2a: Time for Ice Cream|Lycanroc-Dusk, M|100\/100\n|turn|1\n|\n|t:|1698630634\n|move|p1a: Gazoontite|Fake Out|p2a: Time for Ice Cream\n|-resisted|p2a: Time for Ice Cream\n|-damage|p2a: Time for Ice Cream|88\/100\n|-status|p2a: Time for Ice Cream|psn|[from] ability: Poison Touch|[of] p1a: Gazoontite\n|cant|p2a: Time for Ice Cream|flinch\n|\n|-damage|p2a: Time for Ice Cream|76\/100 psn|[from] psn\n|upkeep\n|turn|2\n|j| pkpowers310\n|\n|t:|1698630652\n|move|p1a: Gazoontite|U-turn|p2a: Time for Ice Cream\n|-damage|p2a: Time for Ice Cream|39\/100 psn\n|\n|t:|1698630659\n|switch|p1a: Noriaki Kakyoin|Roaring Moon, shiny|100\/100|[from] U-turn\n|-enditem|p1a: Noriaki Kakyoin|Booster Energy\n|-activate|p1a: Noriaki Kakyoin|ability: Protosynthesis|[fromitem]\n|-start|p1a: Noriaki Kakyoin|protosynthesisatk\n|move|p2a: Time for Ice Cream|Psychic Fangs|p1a: Noriaki Kakyoin\n|-immune|p1a: Noriaki Kakyoin\n|\n|-damage|p2a: Time for Ice Cream|26\/100 psn|[from] psn\n|upkeep\n|turn|3\n|\n|t:|1698630672\n|move|p2a: Time for Ice Cream|Accelerock|p1a: Noriaki Kakyoin\n|-damage|p1a: Noriaki Kakyoin|65\/100\n|move|p1a: Noriaki Kakyoin|Knock Off|p2a: Time for Ice Cream\n|-damage|p2a: Time for Ice Cream|0 fnt\n|-enditem|p2a: Time for Ice Cream|Focus Sash|[from] move: Knock Off|[of] p1a: Noriaki Kakyoin\n|faint|p2a: Time for Ice Cream\n|\n|upkeep\n|\n|t:|1698630679\n|switch|p2a: Ribbons Galore|Sylveon, F|100\/100\n|turn|4\n|\n|t:|1698630685\n|move|p1a: Noriaki Kakyoin|Knock Off|p2a: Ribbons Galore\n|-resisted|p2a: Ribbons Galore\n|-damage|p2a: Ribbons Galore|71\/100\n|-enditem|p2a: Ribbons Galore|Leftovers|[from] move: Knock Off|[of] p1a: Noriaki Kakyoin\n|move|p2a: Ribbons Galore|Hyper Voice|p1a: Noriaki Kakyoin\n|-supereffective|p1a: Noriaki Kakyoin\n|-damage|p1a: Noriaki Kakyoin|0 fnt\n|faint|p1a: Noriaki Kakyoin\n|-end|p1a: Noriaki Kakyoin|Protosynthesis|[silent]\n|\n|upkeep\n|\n|t:|1698630695\n|switch|p1a: Bently|Torkoal, F|100\/100\n|-weather|SunnyDay|[from] ability: Drought|[of] p1a: Bently\n|turn|5\n|\n|t:|1698630717\n|switch|p2a: GET 'EM BOYS|Great Tusk|100\/100\n|-activate|p2a: GET 'EM BOYS|ability: Protosynthesis\n|-start|p2a: GET 'EM BOYS|protosynthesisatk\n|move|p1a: Bently|Will-O-Wisp|p2a: GET 'EM BOYS\n|-status|p2a: GET 'EM BOYS|brn\n|\n|-weather|SunnyDay|[upkeep]\n|-damage|p2a: GET 'EM BOYS|94\/100 brn|[from] brn\n|upkeep\n|turn|6\n|\n|t:|1698630730\n|move|p2a: GET 'EM BOYS|Earthquake|p1a: Bently\n|-supereffective|p1a: Bently\n|-damage|p1a: Bently|48\/100\n|move|p1a: Bently|Lava Plume|p2a: GET 'EM BOYS\n|-crit|p2a: GET 'EM BOYS\n|-damage|p2a: GET 'EM BOYS|10\/100 brn\n|\n|-weather|SunnyDay|[upkeep]\n|-damage|p2a: GET 'EM BOYS|4\/100 brn|[from] brn\n|upkeep\n|turn|7\n|\n|t:|1698630745\n|move|p2a: GET 'EM BOYS|Earthquake|p1a: Bently\n|-supereffective|p1a: Bently\n|-damage|p1a: Bently|0 fnt\n|faint|p1a: Bently\n|\n|-weather|SunnyDay|[upkeep]\n|-damage|p2a: GET 'EM BOYS|0 fnt|[from] brn\n|faint|p2a: GET 'EM BOYS\n|-end|p2a: GET 'EM BOYS|Protosynthesis|[silent]\n|upkeep\n|\n|t:|1698630756\n|switch|p2a: Mr. Genie Man|Thundurus, M, shiny|100\/100\n|switch|p1a: Okuyasu Nijimura|Walking Wake|100\/100\n|-activate|p1a: Okuyasu Nijimura|ability: Protosynthesis\n|-start|p1a: Okuyasu Nijimura|protosynthesisspe\n|turn|8\n|\n|t:|1698630789\n|move|p1a: Okuyasu Nijimura|Hydro Steam|p2a: Mr. Genie Man\n|-damage|p2a: Mr. Genie Man|0 fnt\n|faint|p2a: Mr. Genie Man\n|\n|-weather|SunnyDay|[upkeep]\n|upkeep\n|\n|t:|1698630796\n|switch|p2a: Ribbons Galore|Sylveon, F|71\/100\n|turn|9\n|\n|t:|1698630800\n|move|p1a: Okuyasu Nijimura|Hydro Steam|p2a: Ribbons Galore\n|-damage|p2a: Ribbons Galore|2\/100\n|move|p2a: Ribbons Galore|Hyper Voice|p1a: Okuyasu Nijimura\n|-supereffective|p1a: Okuyasu Nijimura\n|-damage|p1a: Okuyasu Nijimura|0 fnt\n|faint|p1a: Okuyasu Nijimura\n|-end|p1a: Okuyasu Nijimura|Protosynthesis|[silent]\n|\n|-weather|SunnyDay|[upkeep]\n|upkeep\n|\n|t:|1698630813\n|switch|p1a: Pea Shooter|Lilligant-Hisui, F, shiny|100\/100\n|turn|10\n|\n|t:|1698630822\n|move|p1a: Pea Shooter|Solar Blade||[still]\n|-prepare|p1a: Pea Shooter|Solar Blade\n|-anim|p1a: Pea Shooter|Solar Blade|p2a: Ribbons Galore\n|-damage|p2a: Ribbons Galore|0 fnt\n|faint|p2a: Ribbons Galore\n|-damage|p1a: Pea Shooter|91\/100|[from] item: Life Orb\n|\n|-weather|SunnyDay|[upkeep]\n|upkeep\n|\n|t:|1698630829\n|switch|p2a: Not Kingdra|Dragalge, M|100\/100\n|turn|11\n|\n|t:|1698630841\n|switch|p1a: Cooked Croak|Heatran, M|100\/100\n|move|p2a: Not Kingdra|Sludge Bomb|p1a: Cooked Croak\n|-immune|p1a: Cooked Croak\n|\n|-weather|SunnyDay|[upkeep]\n|upkeep\n|turn|12\n|\n|t:|1698630847\n|move|p1a: Cooked Croak|Magma Storm|p2a: Not Kingdra\n|-resisted|p2a: Not Kingdra\n|-damage|p2a: Not Kingdra|63\/100\n|-activate|p2a: Not Kingdra|move: Magma Storm|[of] p1a: Cooked Croak\n|move|p2a: Not Kingdra|Surf|p1a: Cooked Croak\n|-supereffective|p1a: Cooked Croak\n|-damage|p1a: Cooked Croak|79\/100\n|\n|-weather|none\n|-heal|p1a: Cooked Croak|85\/100|[from] item: Leftovers\n|-heal|p2a: Not Kingdra|69\/100|[from] item: Black Sludge\n|-damage|p2a: Not Kingdra|56\/100|[from] move: Magma Storm|[partiallytrapped]\n|upkeep\n|turn|13\n|\n|t:|1698630862\n|move|p1a: Cooked Croak|Earth Power|p2a: Not Kingdra\n|-supereffective|p2a: Not Kingdra\n|-damage|p2a: Not Kingdra|0 fnt\n|faint|p2a: Not Kingdra\n|\n|-heal|p1a: Cooked Croak|91\/100|[from] item: Leftovers\n|upkeep\n|\n|t:|1698630868\n|switch|p2a: Sing Queen|Meloetta|100\/100\n|turn|14\n|\n|t:|1698630877\n|move|p2a: Sing Queen|Shadow Ball|p1a: Cooked Croak\n|-damage|p1a: Cooked Croak|61\/100\n|move|p1a: Cooked Croak|Flash Cannon|p2a: Sing Queen\n|-damage|p2a: Sing Queen|69\/100\n|\n|-heal|p1a: Cooked Croak|68\/100|[from] item: Leftovers\n|upkeep\n|turn|15\n|\n|t:|1698630884\n|move|p2a: Sing Queen|Shadow Ball|p1a: Cooked Croak\n|-damage|p1a: Cooked Croak|38\/100\n|move|p1a: Cooked Croak|Flash Cannon|p2a: Sing Queen\n|-damage|p2a: Sing Queen|38\/100\n|\n|-heal|p1a: Cooked Croak|44\/100|[from] item: Leftovers\n|upkeep\n|turn|16\n|\n|t:|1698630891\n|move|p2a: Sing Queen|Shadow Ball|p1a: Cooked Croak\n|-damage|p1a: Cooked Croak|15\/100\n|move|p1a: Cooked Croak|Flash Cannon|p2a: Sing Queen\n|-damage|p2a: Sing Queen|6\/100\n|\n|-heal|p1a: Cooked Croak|21\/100|[from] item: Leftovers\n|upkeep\n|turn|17\n|\n|t:|1698630899\n|move|p2a: Sing Queen|Shadow Ball|p1a: Cooked Croak\n|-damage|p1a: Cooked Croak|0 fnt\n|faint|p1a: Cooked Croak\n|\n|upkeep\n|\n|t:|1698630903\n|switch|p1a: Gazoontite|Sneasler, M|100\/100\n|turn|18\n|\n|t:|1698630907\n|move|p1a: Gazoontite|Fake Out|p2a: Sing Queen\n|-damage|p2a: Sing Queen|0 fnt\n|faint|p2a: Sing Queen\n|\n|win|RomaingDia\n|l|\u2606Sol CPU\n|l| slugmaaa\n","uploadtime":1698630916,"views":11,"p1id":"romaingdia","p2id":"solcpu","formatid":"gen9ubers","rating":0,"private":0,"password":""}