{"id":"gen9ubers-1975799448","p1":"BarbantBear","p2":"ReaperOrbit","format":"[Gen 9] Ubers","log":"|j|\u2606BarbantBear\n|j|\u2606ReaperOrbit\n|t:|1698239199\n|gametype|singles\n|player|p1|BarbantBear|170|1090\n|player|p2|ReaperOrbit|ghetsis|1103\n|teamsize|p1|6\n|teamsize|p2|6\n|gen|9\n|tier|[Gen 9] Ubers\n|rated|\n|rule|Sleep Clause Mod: Limit one foe put to sleep\n|rule|Species Clause: Limit one of each Pok\u00e9mon\n|rule|OHKO Clause: OHKO moves are banned\n|rule|Evasion Items Clause: Evasion items are banned\n|rule|Evasion Moves Clause: Evasion moves are banned\n|rule|Endless Battle Clause: Forcing endless battles is banned\n|rule|HP Percentage Mod: HP is shown in percentages\n|clearpoke\n|poke|p1|Koraidon|\n|poke|p1|Zacian-*|\n|poke|p1|Chien-Pao|\n|poke|p1|Ogerpon-Hearthflame, F|\n|poke|p1|Palafin, M|\n|poke|p1|Rillaboom, M|\n|poke|p2|Ninetales-Alola, F|\n|poke|p2|Darkrai|\n|poke|p2|Infernape, M|\n|poke|p2|Volcanion|\n|poke|p2|Ogerpon-Hearthflame, F|\n|poke|p2|Giratina-Origin|\n|teampreview\n|\n|t:|1698239202\n|start\n|switch|p1a: Palafin|Palafin, M|100\/100\n|switch|p2a: Albino Kitsune|Ninetales-Alola, F|100\/100\n|-weather|Snow|[from] ability: Snow Warning|[of] p2a: Albino Kitsune\n|turn|1\n|\n|t:|1698239211\n|move|p2a: Albino Kitsune|Aurora Veil|p2a: Albino Kitsune\n|-sidestart|p2: ReaperOrbit|move: Aurora Veil\n|move|p1a: Palafin|Flip Turn|p2a: Albino Kitsune\n|-damage|p2a: Albino Kitsune|92\/100\n|-enditem|p2a: Albino Kitsune|Eject Button\n|\n|t:|1698239217\n|switch|p2a: Shadow Lord|Darkrai|100\/100\n|\n|-weather|Snow|[upkeep]\n|upkeep\n|turn|2\n|-activate|p1a: Palafin|item: Quick Claw\n|\n|t:|1698239224\n|move|p1a: Palafin|Flip Turn|p2a: Shadow Lord\n|-damage|p2a: Shadow Lord|91\/100\n|-enditem|p2a: Shadow Lord|Kee Berry|[eat]\n|-boost|p2a: Shadow Lord|def|1|[from] item: Kee Berry\n|\n|t:|1698239233\n|detailschange|p1a: Palafin|Palafin-Hero, M\n|switch|p1a: Koraidon|Koraidon|100\/100|[from] Flip Turn\n|-weather|SunnyDay|[from] ability: Orichalcum Pulse|[of] p1a: Koraidon\n|-activate|p1a: Koraidon|Orichalcum Pulse|[source]\n|move|p2a: Shadow Lord|Hypnosis|p1a: Koraidon|[miss]\n|-miss|p2a: Shadow Lord|p1a: Koraidon\n|\n|-weather|SunnyDay|[upkeep]\n|upkeep\n|turn|3\n|\n|t:|1698239243\n|move|p2a: Shadow Lord|Hypnosis|p1a: Koraidon|[miss]\n|-miss|p2a: Shadow Lord|p1a: Koraidon\n|move|p1a: Koraidon|Collision Course|p2a: Shadow Lord\n|-supereffective|p2a: Shadow Lord\n|-damage|p2a: Shadow Lord|16\/100\n|\n|-weather|SunnyDay|[upkeep]\n|upkeep\n|turn|4\n|\n|t:|1698239251\n|move|p2a: Shadow Lord|Hypnosis|p1a: Koraidon|[miss]\n|-miss|p2a: Shadow Lord|p1a: Koraidon\n|move|p1a: Koraidon|Collision Course|p2a: Shadow Lord\n|-supereffective|p2a: Shadow Lord\n|-damage|p2a: Shadow Lord|0 fnt\n|faint|p2a: Shadow Lord\n|\n|-weather|SunnyDay|[upkeep]\n|upkeep\n|\n|t:|1698239256\n|switch|p2a: Albino Kitsune|Ninetales-Alola, F|92\/100\n|-weather|Snow|[from] ability: Snow Warning|[of] p2a: Albino Kitsune\n|turn|5\n|\n|t:|1698239262\n|move|p1a: Koraidon|Collision Course|p2a: Albino Kitsune\n|-damage|p2a: Albino Kitsune|69\/100\n|move|p2a: Albino Kitsune|Draining Kiss|p1a: Koraidon\n|-supereffective|p1a: Koraidon\n|-damage|p1a: Koraidon|27\/100\n|-heal|p2a: Albino Kitsune|100\/100|[from] drain|[of] p1a: Koraidon\n|\n|-weather|Snow|[upkeep]\n|-sideend|p2: ReaperOrbit|move: Aurora Veil\n|upkeep\n|turn|6\n|c|\u2606ReaperOrbit|Ofc I couldn't hit my moves\n|\n|t:|1698239274\n|switch|p1a: Zacian|Zacian-Crowned|100\/100\n|-ability|p1a: Zacian|Intrepid Sword|boost\n|-boost|p1a: Zacian|atk|1\n|move|p2a: Albino Kitsune|Draining Kiss|p1a: Zacian\n|-resisted|p1a: Zacian\n|-damage|p1a: Zacian|94\/100\n|\n|-weather|Snow|[upkeep]\n|upkeep\n|turn|7\n|\n|t:|1698239281\n|move|p2a: Albino Kitsune|Aurora Veil|p2a: Albino Kitsune\n|-sidestart|p2: ReaperOrbit|move: Aurora Veil\n|move|p1a: Zacian|Behemoth Blade|p2a: Albino Kitsune\n|-supereffective|p2a: Albino Kitsune\n|-damage|p2a: Albino Kitsune|0 fnt\n|faint|p2a: Albino Kitsune\n|\n|-weather|Snow|[upkeep]\n|upkeep\n|\n|t:|1698239287\n|switch|p2a: Inferno|Infernape, M|100\/100\n|turn|8\n|\n|t:|1698239291\n|-terastallize|p1a: Zacian|Fairy\n|move|p2a: Inferno|Raging Fury|p1a: Zacian\n|-damage|p1a: Zacian|57\/100\n|move|p1a: Zacian|Play Rough|p2a: Inferno|[miss]\n|-miss|p1a: Zacian|p2a: Inferno\n|\n|-weather|Snow|[upkeep]\n|upkeep\n|turn|9\n|\n|t:|1698239300\n|move|p2a: Inferno|Raging Fury|p1a: Zacian|[from]lockedmove\n|-damage|p1a: Zacian|19\/100\n|-start|p2a: Inferno|confusion|[fatigue]\n|move|p1a: Zacian|Play Rough|p2a: Inferno\n|-damage|p2a: Inferno|29\/100\n|\n|-weather|none\n|upkeep\n|turn|10\n|\n|t:|1698239308\n|-activate|p2a: Inferno|confusion\n|move|p2a: Inferno|Fake Out||[still]\n|-hint|Fake Out only works on your first turn out.\n|-fail|p2a: Inferno\n|move|p1a: Zacian|Play Rough|p2a: Inferno\n|-damage|p2a: Inferno|0 fnt\n|faint|p2a: Inferno\n|\n|upkeep\n|\n|t:|1698239315\n|switch|p2a: Ogerpon|Ogerpon-Hearthflame, F|100\/100\n|-ability|p2a: Ogerpon|Mold Breaker\n|turn|11\n|\n|t:|1698239326\n|switch|p1a: Palafin|Palafin-Hero, M|100\/100\n|-activate|p1a: Palafin|ability: Zero to Hero\n|move|p2a: Ogerpon|Quick Attack|p1a: Palafin\n|-damage|p1a: Palafin|88\/100\n|\n|-sideend|p2: ReaperOrbit|move: Aurora Veil\n|upkeep\n|turn|12\n|\n|t:|1698239335\n|switch|p2a: Destroyer|Volcanion|100\/100\n|move|p1a: Palafin|Jet Punch|p2a: Destroyer\n|-immune|p2a: Destroyer|[from] ability: Water Absorb\n|\n|upkeep\n|turn|13\n|\n|t:|1698239342\n|switch|p1a: Rillaboom|Rillaboom, M|100\/100\n|move|p2a: Destroyer|Earthquake|p1a: Rillaboom\n|-resisted|p1a: Rillaboom\n|-damage|p1a: Rillaboom|86\/100\n|\n|upkeep\n|turn|14\n|\n|t:|1698239351\n|move|p1a: Rillaboom|Drum Beating|p2a: Destroyer\n|-damage|p2a: Destroyer|64\/100\n|-unboost|p2a: Destroyer|spe|1\n|move|p2a: Destroyer|Flame Charge|p1a: Rillaboom\n|-supereffective|p1a: Rillaboom\n|-damage|p1a: Rillaboom|37\/100\n|-boost|p2a: Destroyer|spe|1\n|\n|upkeep\n|turn|15\n|\n|t:|1698239370\n|switch|p1a: Chien-Pao|Chien-Pao|100\/100\n|-ability|p1a: Chien-Pao|Sword of Ruin\n|switch|p2a: Ogerpon|Ogerpon-Hearthflame, F|100\/100\n|-ability|p2a: Ogerpon|Mold Breaker\n|\n|upkeep\n|turn|16\n|\n|t:|1698239380\n|move|p1a: Chien-Pao|Sacred Sword|p2a: Ogerpon\n|-damage|p2a: Ogerpon|57\/100\n|move|p2a: Ogerpon|Counter|p1a: Chien-Pao\n|-damage|p1a: Chien-Pao|13\/100\n|\n|-heal|p1a: Chien-Pao|19\/100|[from] item: Leftovers\n|upkeep\n|turn|17\n|\n|t:|1698239388\n|move|p2a: Ogerpon|Quick Attack|p1a: Chien-Pao\n|-damage|p1a: Chien-Pao|2\/100\n|move|p1a: Chien-Pao|Ice Spinner|p2a: Ogerpon\n|-damage|p2a: Ogerpon|0 fnt\n|faint|p2a: Ogerpon\n|\n|-heal|p1a: Chien-Pao|8\/100|[from] item: Leftovers\n|upkeep\n|\n|t:|1698239394\n|switch|p2a: Destroyer|Volcanion|64\/100\n|turn|18\n|\n|t:|1698239402\n|move|p1a: Chien-Pao|Ice Spinner|p2a: Destroyer\n|-resisted|p2a: Destroyer\n|-damage|p2a: Destroyer|55\/100\n|move|p2a: Destroyer|Flame Charge|p1a: Chien-Pao\n|-supereffective|p1a: Chien-Pao\n|-damage|p1a: Chien-Pao|0 fnt\n|-boost|p2a: Destroyer|spe|1\n|faint|p1a: Chien-Pao\n|\n|upkeep\n|l|\u2606BarbantBear\n|player|p1|\n|j|\u2606BarbantBear\n|player|p1|BarbantBear|170\n|inactive|Battle timer is ON: inactive players will automatically lose when time's up. (requested by BarbantBear)\n|\n|t:|1698239437\n|switch|p1a: Ogerpon|Ogerpon-Hearthflame, F|100\/100\n|-ability|p1a: Ogerpon|Mold Breaker\n|turn|19\n|\n|t:|1698239443\n|move|p1a: Ogerpon|Spiky Shield|p1a: Ogerpon\n|-singleturn|p1a: Ogerpon|move: Protect\n|move|p2a: Destroyer|Earthquake|p1a: Ogerpon\n|-activate|p1a: Ogerpon|move: Protect\n|\n|upkeep\n|turn|20\n|l|\u2606BarbantBear\n|inactive|BarbantBear disconnected and has a minute to reconnect!\n|player|p1|\n|j|\u2606BarbantBear\n|inactive|BarbantBear reconnected and has 135 seconds left.\n|player|p1|BarbantBear|170\n|\n|t:|1698239462\n|move|p2a: Destroyer|Earthquake|p1a: Ogerpon\n|-damage|p1a: Ogerpon|62\/100\n|move|p1a: Ogerpon|Wood Hammer|p2a: Destroyer\n|-damage|p2a: Destroyer|0 fnt\n|faint|p2a: Destroyer\n|-damage|p1a: Ogerpon|44\/100|[from] Recoil\n|\n|upkeep\n|\n|t:|1698239467\n|switch|p2a: Giratina|Giratina-Origin|100\/100\n|turn|21\n|\n|t:|1698239483\n|-terastallize|p2a: Giratina|Fighting\n|move|p1a: Ogerpon|Ivy Cudgel|p2a: Giratina\n|-damage|p2a: Giratina|61\/100\n|move|p2a: Giratina|Poltergeist|p1a: Ogerpon\n|-activate|p1a: Ogerpon|move: Poltergeist|Hearthflame Mask\n|-damage|p1a: Ogerpon|0 fnt\n|faint|p1a: Ogerpon\n|\n|upkeep\n|\n|t:|1698239499\n|switch|p1a: Palafin|Palafin-Hero, M|88\/100\n|turn|22\n|\n|t:|1698239506\n|move|p1a: Palafin|Jet Punch|p2a: Giratina\n|-damage|p2a: Giratina|41\/100\n|move|p2a: Giratina|Poltergeist|p1a: Palafin\n|-activate|p1a: Palafin|move: Poltergeist|Quick Claw\n|-damage|p1a: Palafin|48\/100\n|\n|upkeep\n|turn|23\n|\n|t:|1698239522\n|move|p1a: Palafin|Jet Punch|p2a: Giratina\n|-crit|p2a: Giratina\n|-damage|p2a: Giratina|12\/100\n|move|p2a: Giratina|Poltergeist|p1a: Palafin\n|-activate|p1a: Palafin|move: Poltergeist|Quick Claw\n|-damage|p1a: Palafin|5\/100\n|\n|upkeep\n|turn|24\n|\n|t:|1698239530\n|move|p1a: Palafin|Jet Punch|p2a: Giratina\n|-damage|p2a: Giratina|0 fnt\n|faint|p2a: Giratina\n|\n|win|BarbantBear\n|raw|BarbantBear's rating: 1090 &rarr; <strong>1117<\/strong><br \/>(+27 for winning)\n|raw|ReaperOrbit's rating: 1103 &rarr; <strong>1077<\/strong><br \/>(-26 for losing)\n|l|\u2606ReaperOrbit\n","uploadtime":1698239536,"views":11,"p1id":"barbantbear","p2id":"reaperorbit","formatid":"gen9ubers","rating":1077,"private":0,"password":""}