{"id":"gen9ubers-1977179240","p1":"Iuoez","p2":"Lalithesh2","format":"[Gen 9] Ubers","log":"|j|\u2606Iuoez\n|j|\u2606Lalithesh2\n|t:|1698381806\n|gametype|singles\n|player|p1|Iuoez|n|1000\n|player|p2|Lalithesh2|1|1149\n|teamsize|p1|6\n|teamsize|p2|6\n|gen|9\n|tier|[Gen 9] Ubers\n|rated|\n|rule|Sleep Clause Mod: Limit one foe put to sleep\n|rule|Species Clause: Limit one of each Pok\u00e9mon\n|rule|OHKO Clause: OHKO moves are banned\n|rule|Evasion Items Clause: Evasion items are banned\n|rule|Evasion Moves Clause: Evasion moves are banned\n|rule|Endless Battle Clause: Forcing endless battles is banned\n|rule|HP Percentage Mod: HP is shown in percentages\n|clearpoke\n|poke|p1|Sinistcha-Masterpiece|\n|poke|p1|Chandelure, F|\n|poke|p1|Torterra, M|\n|poke|p1|Great Tusk|\n|poke|p1|Ogerpon-Hearthflame, F|\n|poke|p1|Grimmsnarl, M|\n|poke|p2|Koraidon|\n|poke|p2|Flutter Mane|\n|poke|p2|Zacian-*|\n|poke|p2|Meowscarada, M|\n|poke|p2|Miraidon|\n|poke|p2|Kyogre|\n|teampreview\n|inactive|Battle timer is ON: inactive players will automatically lose when time's up. (requested by Lalithesh2)\n|\n|t:|1698381821\n|start\n|switch|p1a: Grimmsnarl|Grimmsnarl, M|100\/100\n|switch|p2a: Zacian|Zacian-Crowned, shiny|100\/100\n|-ability|p2a: Zacian|Intrepid Sword|boost\n|-boost|p2a: Zacian|atk|1\n|turn|1\n|\n|t:|1698381831\n|move|p1a: Grimmsnarl|Reflect|p1a: Grimmsnarl\n|-sidestart|p1: Iuoez|Reflect\n|move|p2a: Zacian|Swords Dance|p2a: Zacian\n|-boost|p2a: Zacian|atk|2\n|\n|upkeep\n|turn|2\n|\n|t:|1698381839\n|move|p1a: Grimmsnarl|Parting Shot|p2a: Zacian\n|-unboost|p2a: Zacian|atk|1\n|-unboost|p2a: Zacian|spa|1\n|c|\u2606Lalithesh2|hello\n|\n|t:|1698381857\n|switch|p1a: Sinistcha|Sinistcha-Masterpiece|100\/100|[from] Parting Shot\n|move|p2a: Zacian|Behemoth Blade|p1a: Sinistcha\n|-damage|p1a: Sinistcha|45\/100\n|\n|upkeep\n|turn|3\n|\n|t:|1698381870\n|move|p2a: Zacian|Behemoth Blade|p1a: Sinistcha\n|-damage|p1a: Sinistcha|0 fnt\n|faint|p1a: Sinistcha\n|\n|upkeep\n|\n|t:|1698381876\n|switch|p1a: Grimmsnarl|Grimmsnarl, M|100\/100\n|turn|4\n|\n|t:|1698381886\n|move|p1a: Grimmsnarl|Light Screen|p1a: Grimmsnarl\n|-sidestart|p1: Iuoez|move: Light Screen\n|move|p2a: Zacian|Behemoth Blade|p1a: Grimmsnarl\n|-supereffective|p1a: Grimmsnarl\n|-damage|p1a: Grimmsnarl|0 fnt\n|faint|p1a: Grimmsnarl\n|\n|upkeep\n|\n|t:|1698381894\n|switch|p1a: Chandelure|Chandelure, F|100\/100\n|turn|5\n|\n|t:|1698381908\n|move|p2a: Zacian|Behemoth Blade|p1a: Chandelure\n|-resisted|p1a: Chandelure\n|-damage|p1a: Chandelure|60\/100\n|move|p1a: Chandelure|Flamethrower|p2a: Zacian\n|-supereffective|p2a: Zacian\n|-damage|p2a: Zacian|8\/100\n|\n|upkeep\n|turn|6\n|\n|t:|1698381929\n|switch|p2a: Kyogre|Kyogre|100\/100\n|-weather|RainDance|[from] ability: Drizzle|[of] p2a: Kyogre\n|switch|p1a: Ogerpon|Ogerpon-Hearthflame, F|100\/100\n|-ability|p1a: Ogerpon|Mold Breaker\n|\n|-weather|RainDance|[upkeep]\n|upkeep\n|turn|7\n|inactive|Lalithesh2 has 120 seconds left.\n|\n|t:|1698381952\n|move|p2a: Kyogre|Origin Pulse|p1a: Ogerpon\n|-damage|p1a: Ogerpon|49\/100\n|move|p1a: Ogerpon|Trailblaze|p2a: Kyogre\n|-supereffective|p2a: Kyogre\n|-damage|p2a: Kyogre|38\/100\n|-boost|p1a: Ogerpon|spe|1\n|\n|-weather|RainDance|[upkeep]\n|upkeep\n|turn|8\n|\n|t:|1698381961\n|move|p1a: Ogerpon|Trailblaze|p2a: Kyogre\n|-supereffective|p2a: Kyogre\n|-damage|p2a: Kyogre|0 fnt\n|-boost|p1a: Ogerpon|spe|1\n|faint|p2a: Kyogre\n|\n|-weather|RainDance|[upkeep]\n|-sideend|p1: Iuoez|Reflect\n|upkeep\n|inactive|Lalithesh2 has 120 seconds left.\n|\n|t:|1698381976\n|switch|p2a: Flutter Mane|Flutter Mane, shiny|100\/100\n|-enditem|p2a: Flutter Mane|Booster Energy\n|-activate|p2a: Flutter Mane|ability: Protosynthesis|[fromitem]\n|-start|p2a: Flutter Mane|protosynthesisspe\n|turn|9\n|inactive|Lalithesh2 has 120 seconds left.\n|\n|t:|1698381989\n|-terastallize|p1a: Ogerpon|Fire\n|detailschange|p1a: Ogerpon|Ogerpon-Hearthflame-Tera, F, tera:Fire\n|-ability|p1a: Ogerpon|Embody Aspect (Hearthflame)|boost\n|-boost|p1a: Ogerpon|atk|1\n|move|p1a: Ogerpon|Knock Off|p2a: Flutter Mane\n|-damage|p2a: Flutter Mane|20\/100\n|move|p2a: Flutter Mane|Mystical Fire|p1a: Ogerpon\n|-resisted|p1a: Ogerpon\n|-damage|p1a: Ogerpon|45\/100\n|-unboost|p1a: Ogerpon|spa|1\n|\n|-weather|RainDance|[upkeep]\n|upkeep\n|turn|10\n|inactive|Lalithesh2 has 120 seconds left.\n|\n|t:|1698382002\n|move|p1a: Ogerpon|Ivy Cudgel|p2a: Flutter Mane\n|-damage|p2a: Flutter Mane|0 fnt\n|faint|p2a: Flutter Mane\n|-end|p2a: Flutter Mane|Protosynthesis|[silent]\n|\n|-weather|none\n|upkeep\n|inactive|Lalithesh2 has 120 seconds left.\n|\n|t:|1698382010\n|switch|p2a: Koraidon|Koraidon|100\/100\n|-weather|SunnyDay|[from] ability: Orichalcum Pulse|[of] p2a: Koraidon\n|-activate|p2a: Koraidon|Orichalcum Pulse|[source]\n|turn|11\n|\n|t:|1698382020\n|-terastallize|p2a: Koraidon|Fighting\n|move|p1a: Ogerpon|Ivy Cudgel|p2a: Koraidon\n|-damage|p2a: Koraidon|0 fnt\n|faint|p2a: Koraidon\n|\n|-weather|SunnyDay|[upkeep]\n|-sideend|p1: Iuoez|move: Light Screen\n|upkeep\n|\n|t:|1698382028\n|switch|p2a: Miraidon|Miraidon|100\/100\n|-fieldstart|move: Electric Terrain|[from] ability: Hadron Engine|[of] p2a: Miraidon\n|turn|12\n|\n|t:|1698382036\n|move|p1a: Ogerpon|Ivy Cudgel|p2a: Miraidon\n|-resisted|p2a: Miraidon\n|-crit|p2a: Miraidon\n|-damage|p2a: Miraidon|0 fnt\n|faint|p2a: Miraidon\n|\n|-weather|SunnyDay|[upkeep]\n|upkeep\n|\n|t:|1698382043\n|switch|p2a: Meowscarada|Meowscarada, M, shiny|100\/100\n|turn|13\n|\n|t:|1698382051\n|move|p1a: Ogerpon|Ivy Cudgel|p2a: Meowscarada\n|-supereffective|p2a: Meowscarada\n|-damage|p2a: Meowscarada|0 fnt\n|faint|p2a: Meowscarada\n|\n|-weather|SunnyDay|[upkeep]\n|upkeep\n|\n|t:|1698382058\n|switch|p2a: Zacian|Zacian-Crowned, shiny|8\/100\n|turn|14\n|\n|t:|1698382065\n|move|p1a: Ogerpon|Ivy Cudgel|p2a: Zacian\n|-supereffective|p2a: Zacian\n|-damage|p2a: Zacian|0 fnt\n|faint|p2a: Zacian\n|\n|win|Iuoez\n|raw|Iuoez's rating: 1000 &rarr; <strong>1056<\/strong><br \/>(+56 for winning)\n|raw|Lalithesh2's rating: 1149 &rarr; <strong>1114<\/strong><br \/>(-35 for losing)\n|c|\u2606Lalithesh2|gg\n|c|\u2606Iuoez|gg\n","uploadtime":1698382077,"views":9,"p1id":"iuoez","p2id":"lalithesh2","formatid":"gen9ubers","rating":1056,"private":0,"password":""}