{"id":"gen9ubers-1995228122","p1":"YoungEsq","p2":"Jd5657","format":"[Gen 9] Ubers","log":"|j|\u2606YoungEsq\n|j|\u2606Jd5657\n|t:|1700537180\n|gametype|singles\n|player|p1|YoungEsq|102|1147\n|player|p2|Jd5657|169|1028\n|teamsize|p1|6\n|teamsize|p2|6\n|gen|9\n|tier|[Gen 9] Ubers\n|rated|\n|rule|Sleep Clause Mod: Limit one foe put to sleep\n|rule|Species Clause: Limit one of each Pok\u00e9mon\n|rule|OHKO Clause: OHKO moves are banned\n|rule|Evasion Items Clause: Evasion items are banned\n|rule|Evasion Moves Clause: Evasion moves are banned\n|rule|Endless Battle Clause: Forcing endless battles is banned\n|rule|HP Percentage Mod: HP is shown in percentages\n|clearpoke\n|poke|p1|Ting-Lu|\n|poke|p1|Gholdengo|\n|poke|p1|Roaring Moon|\n|poke|p1|Chi-Yu|\n|poke|p1|Samurott-Hisui, F|\n|poke|p1|Mandibuzz, F|\n|poke|p2|Volcarona, M|\n|poke|p2|Torterra, F|\n|poke|p2|Vikavolt, F|\n|poke|p2|Hatterene, F|\n|poke|p2|Annihilape, F|\n|poke|p2|Dragonite, F|\n|teampreview\n|inactive|Battle timer is ON: inactive players will automatically lose when time's up. (requested by YoungEsq)\n|\n|t:|1700537196\n|start\n|switch|p1a: Ting-Lu|Ting-Lu|100\/100\n|switch|p2a: Hatterene|Hatterene, F, shiny|100\/100\n|-ability|p1a: Ting-Lu|Vessel of Ruin\n|turn|1\n|\n|t:|1700537202\n|move|p1a: Ting-Lu|Earthquake|p2a: Hatterene\n|-damage|p2a: Hatterene|45\/100\n|move|p2a: Hatterene|Reflect|p2a: Hatterene\n|-sidestart|p2: Jd5657|Reflect\n|\n|upkeep\n|turn|2\n|\n|t:|1700537208\n|move|p1a: Ting-Lu|Earthquake|p2a: Hatterene\n|-damage|p2a: Hatterene|18\/100\n|move|p2a: Hatterene|Light Screen|p2a: Hatterene\n|-sidestart|p2: Jd5657|move: Light Screen\n|\n|upkeep\n|turn|3\n|\n|t:|1700537213\n|move|p1a: Ting-Lu|Earthquake|p2a: Hatterene\n|-damage|p2a: Hatterene|0 fnt\n|faint|p2a: Hatterene\n|\n|upkeep\n|\n|t:|1700537217\n|switch|p2a: Torterra|Torterra, F|100\/100\n|turn|4\n|\n|t:|1700537220\n|move|p2a: Torterra|Shell Smash|p2a: Torterra\n|-unboost|p2a: Torterra|def|1\n|-unboost|p2a: Torterra|spd|1\n|-boost|p2a: Torterra|atk|2\n|-boost|p2a: Torterra|spa|2\n|-boost|p2a: Torterra|spe|2\n|move|p1a: Ting-Lu|Whirlwind|p2a: Torterra\n|drag|p2a: Volcarona|Volcarona, M, shiny|100\/100\n|\n|upkeep\n|turn|5\n|\n|t:|1700537227\n|move|p2a: Volcarona|Bug Buzz|p1a: Ting-Lu\n|-supereffective|p1a: Ting-Lu\n|-damage|p1a: Ting-Lu|57\/100\n|move|p1a: Ting-Lu|Stealth Rock|p2a: Volcarona\n|-sidestart|p2: Jd5657|move: Stealth Rock\n|\n|-heal|p1a: Ting-Lu|64\/100|[from] item: Leftovers\n|upkeep\n|turn|6\n|\n|t:|1700537230\n|move|p2a: Volcarona|Quiver Dance|p2a: Volcarona\n|-boost|p2a: Volcarona|spa|1\n|-boost|p2a: Volcarona|spd|1\n|-boost|p2a: Volcarona|spe|1\n|move|p1a: Ting-Lu|Whirlwind|p2a: Volcarona\n|drag|p2a: Torterra|Torterra, F|100\/100\n|-damage|p2a: Torterra|94\/100|[from] Stealth Rock\n|\n|-heal|p1a: Ting-Lu|70\/100|[from] item: Leftovers\n|upkeep\n|turn|7\n|\n|t:|1700537236\n|move|p2a: Torterra|Bullet Seed|p1a: Ting-Lu\n|-supereffective|p1a: Ting-Lu\n|-crit|p1a: Ting-Lu\n|-damage|p1a: Ting-Lu|53\/100\n|-supereffective|p1a: Ting-Lu\n|-damage|p1a: Ting-Lu|43\/100\n|-supereffective|p1a: Ting-Lu\n|-damage|p1a: Ting-Lu|31\/100\n|-supereffective|p1a: Ting-Lu\n|-damage|p1a: Ting-Lu|20\/100\n|-supereffective|p1a: Ting-Lu\n|-damage|p1a: Ting-Lu|8\/100\n|-hitcount|p1a: Ting-Lu|5\n|move|p1a: Ting-Lu|Ruination|p2a: Torterra\n|-damage|p2a: Torterra|47\/100\n|\n|-heal|p1a: Ting-Lu|14\/100|[from] item: Leftovers\n|upkeep\n|turn|8\n|\n|t:|1700537240\n|move|p2a: Torterra|Bullet Seed|p1a: Ting-Lu\n|-supereffective|p1a: Ting-Lu\n|-damage|p1a: Ting-Lu|2\/100\n|-supereffective|p1a: Ting-Lu\n|-damage|p1a: Ting-Lu|0 fnt\n|faint|p1a: Ting-Lu\n|-hitcount|p1: Ting-Lu|2\n|\n|-sideend|p2: Jd5657|Reflect\n|upkeep\n|\n|t:|1700537250\n|switch|p1a: Samurott|Samurott-Hisui, F|100\/100\n|turn|9\n|\n|t:|1700537253\n|-terastallize|p1a: Samurott|Dark\n|move|p1a: Samurott|Ceaseless Edge|p2a: Torterra\n|-damage|p2a: Torterra|3\/100\n|-sidestart|p2: Jd5657|Spikes\n|move|p2a: Torterra|Bullet Seed|p1a: Samurott\n|-damage|p1a: Samurott|89\/100\n|-damage|p1a: Samurott|77\/100\n|-damage|p1a: Samurott|63\/100\n|-damage|p1a: Samurott|52\/100\n|-damage|p1a: Samurott|38\/100\n|-hitcount|p1a: Samurott|5\n|\n|-sideend|p2: Jd5657|move: Light Screen\n|upkeep\n|turn|10\n|\n|t:|1700537260\n|move|p1a: Samurott|Ceaseless Edge|p2a: Torterra\n|-damage|p2a: Torterra|0 fnt\n|-sidestart|p2: Jd5657|Spikes\n|faint|p2a: Torterra\n|\n|upkeep\n|\n|t:|1700537261\n|switch|p2a: Volcarona|Volcarona, M, shiny|100\/100\n|turn|11\n|\n|t:|1700537264\n|-terastallize|p2a: Volcarona|Steel\n|move|p2a: Volcarona|Quiver Dance|p2a: Volcarona\n|-boost|p2a: Volcarona|spa|1\n|-boost|p2a: Volcarona|spd|1\n|-boost|p2a: Volcarona|spe|1\n|move|p1a: Samurott|Razor Shell|p2a: Volcarona\n|-damage|p2a: Volcarona|22\/100\n|-unboost|p2a: Volcarona|def|1\n|-status|p1a: Samurott|brn|[from] ability: Flame Body|[of] p2a: Volcarona\n|\n|-damage|p1a: Samurott|32\/100 brn|[from] brn\n|upkeep\n|turn|12\n|\n|t:|1700537269\n|move|p2a: Volcarona|Giga Drain|p1a: Samurott\n|-damage|p1a: Samurott|0 fnt\n|-heal|p2a: Volcarona|40\/100|[from] drain|[of] p1a: Samurott\n|faint|p1a: Samurott\n|\n|upkeep\n|\n|t:|1700537275\n|switch|p1a: Chi-Yu|Chi-Yu|100\/100\n|-ability|p1a: Chi-Yu|Beads of Ruin\n|turn|13\n|\n|t:|1700537278\n|move|p1a: Chi-Yu|Flamethrower|p2a: Volcarona\n|-supereffective|p2a: Volcarona\n|-damage|p2a: Volcarona|0 fnt\n|faint|p2a: Volcarona\n|\n|upkeep\n|\n|t:|1700537281\n|switch|p2a: Dragonite|Dragonite, F, shiny|100\/100\n|-damage|p2a: Dragonite|76\/100|[from] Stealth Rock\n|turn|14\n|\n|t:|1700537289\n|switch|p1a: Gholdengo|Gholdengo|100\/100\n|-item|p1a: Gholdengo|Air Balloon\n|move|p2a: Dragonite|Dragon Dance|p2a: Dragonite\n|-boost|p2a: Dragonite|atk|1\n|-boost|p2a: Dragonite|spe|1\n|\n|upkeep\n|turn|15\n|\n|t:|1700537296\n|move|p2a: Dragonite|Aqua Tail|p1a: Gholdengo\n|-damage|p1a: Gholdengo|40\/100\n|-enditem|p1a: Gholdengo|Air Balloon\n|move|p1a: Gholdengo|Make It Rain|p2a: Dragonite\n|-damage|p2a: Dragonite|8\/100\n|-unboost|p1a: Gholdengo|spa|1\n|\n|upkeep\n|turn|16\n|\n|t:|1700537300\n|move|p2a: Dragonite|Earthquake|p1a: Gholdengo\n|-supereffective|p1a: Gholdengo\n|-damage|p1a: Gholdengo|0 fnt\n|faint|p1a: Gholdengo\n|\n|upkeep\n|\n|t:|1700537308\n|switch|p1a: Chi-Yu|Chi-Yu|100\/100\n|-ability|p1a: Chi-Yu|Beads of Ruin\n|turn|17\n|\n|t:|1700537314\n|move|p1a: Chi-Yu|Flamethrower|p2a: Dragonite\n|-resisted|p2a: Dragonite\n|-damage|p2a: Dragonite|0 fnt\n|faint|p2a: Dragonite\n|\n|upkeep\n|\n|t:|1700537316\n|switch|p2a: Annihilape|Annihilape, F, shiny|100\/100\n|-damage|p2a: Annihilape|94\/100|[from] Stealth Rock\n|-damage|p2a: Annihilape|78\/100|[from] Spikes\n|turn|18\n|\n|t:|1700537323\n|switch|p1a: Mandibuzz|Mandibuzz, F|100\/100\n|move|p2a: Annihilape|Drain Punch|p1a: Mandibuzz\n|-damage|p1a: Mandibuzz|72\/100\n|-heal|p2a: Annihilape|94\/100|[from] drain|[of] p1a: Mandibuzz\n|\n|-heal|p2a: Annihilape|100\/100|[from] item: Leftovers\n|upkeep\n|turn|19\n|\n|t:|1700537328\n|move|p2a: Annihilape|Bulk Up|p2a: Annihilape\n|-boost|p2a: Annihilape|atk|1\n|-boost|p2a: Annihilape|def|1\n|move|p1a: Mandibuzz|Toxic|p2a: Annihilape\n|-status|p2a: Annihilape|tox\n|\n|-damage|p2a: Annihilape|94\/100 tox|[from] psn\n|upkeep\n|turn|20\n|\n|t:|1700537333\n|move|p2a: Annihilape|Drain Punch|p1a: Mandibuzz\n|-damage|p1a: Mandibuzz|28\/100\n|-heal|p2a: Annihilape|100\/100 tox|[from] drain|[of] p1a: Mandibuzz\n|move|p1a: Mandibuzz|Foul Play|p2a: Annihilape\n|-damage|p2a: Annihilape|49\/100 tox\n|\n|-heal|p2a: Annihilape|55\/100 tox|[from] item: Leftovers\n|-damage|p2a: Annihilape|43\/100 tox|[from] psn\n|upkeep\n|turn|21\n|\n|t:|1700537336\n|move|p2a: Annihilape|Drain Punch|p1a: Mandibuzz\n|-damage|p1a: Mandibuzz|0 fnt\n|-heal|p2a: Annihilape|59\/100 tox|[from] drain|[of] p1a: Mandibuzz\n|faint|p1a: Mandibuzz\n|\n|-heal|p2a: Annihilape|65\/100 tox|[from] item: Leftovers\n|-damage|p2a: Annihilape|47\/100 tox|[from] psn\n|upkeep\n|\n|t:|1700537348\n|switch|p1a: Chi-Yu|Chi-Yu|100\/100\n|-ability|p1a: Chi-Yu|Beads of Ruin\n|turn|22\n|\n|t:|1700537350\n|move|p1a: Chi-Yu|Flamethrower|p2a: Annihilape\n|-damage|p2a: Annihilape|0 fnt\n|faint|p2a: Annihilape\n|\n|upkeep\n|\n|t:|1700537353\n|switch|p2a: Vikavolt|Vikavolt, F, shiny|100\/100\n|-damage|p2a: Vikavolt|76\/100|[from] Stealth Rock\n|turn|23\n|\n|t:|1700537355\n|move|p1a: Chi-Yu|Flamethrower|p2a: Vikavolt\n|-supereffective|p2a: Vikavolt\n|-damage|p2a: Vikavolt|0 fnt\n|faint|p2a: Vikavolt\n|\n|win|YoungEsq\n|raw|YoungEsq's rating: 1147 &rarr; <strong>1164<\/strong><br \/>(+17 for winning)\n|raw|Jd5657's rating: 1028 &rarr; <strong>1018<\/strong><br \/>(-10 for losing)\n|l|\u2606Jd5657\n","uploadtime":1700537370,"views":1,"p1id":"youngesq","p2id":"jd5657","formatid":"gen9ubers","rating":1018,"private":0,"password":""}