{"id":"gen9ubers-1986674252","p1":"TheWiseWolf1","p2":"Quantumquagsires","format":"[Gen 9] Ubers","log":"|j|\u2606TheWiseWolf1\n|j|\u2606Quantumquagsires\n|t:|1699505815\n|gametype|singles\n|player|p1|TheWiseWolf1|wallace|\n|player|p2|Quantumquagsires|265|\n|teamsize|p1|6\n|teamsize|p2|6\n|gen|9\n|tier|[Gen 9] Ubers\n|rule|Sleep Clause Mod: Limit one foe put to sleep\n|rule|Species Clause: Limit one of each Pok\u00e9mon\n|rule|OHKO Clause: OHKO moves are banned\n|rule|Evasion Items Clause: Evasion items are banned\n|rule|Evasion Moves Clause: Evasion moves are banned\n|rule|Endless Battle Clause: Forcing endless battles is banned\n|rule|HP Percentage Mod: HP is shown in percentages\n|clearpoke\n|poke|p1|Iron Bundle|\n|poke|p1|Abomasnow, M|\n|poke|p1|Glimmora, M|\n|poke|p1|Breloom, M|\n|poke|p1|Magnezone|\n|poke|p1|Landorus-Therian, M|\n|poke|p2|Greninja-*, M|\n|poke|p2|Baxcalibur, M|\n|poke|p2|Ursaluna-Bloodmoon, M|\n|poke|p2|Corviknight, F|\n|poke|p2|Decidueye, M|\n|poke|p2|Armarouge, M|\n|teampreview\n|\n|t:|1699505825\n|start\n|switch|p1a: Omas Radio|Magnezone|100\/100\n|switch|p2a: Baxitarrius A*|Baxcalibur, M|100\/100\n|turn|1\n|\n|t:|1699505841\n|move|p2a: Baxitarrius A*|Dragon Dance|p2a: Baxitarrius A*\n|-boost|p2a: Baxitarrius A*|atk|1\n|-boost|p2a: Baxitarrius A*|spe|1\n|move|p1a: Omas Radio|Electroweb|p2a: Baxitarrius A*\n|-resisted|p2a: Baxitarrius A*\n|-damage|p2a: Baxitarrius A*|84\/100\n|-unboost|p2a: Baxitarrius A*|spe|1\n|\n|upkeep\n|turn|2\n|\n|t:|1699505856\n|move|p2a: Baxitarrius A*|Earthquake|p1a: Omas Radio\n|-supereffective|p1a: Omas Radio\n|-ability|p1a: Omas Radio|Sturdy\n|-damage|p1a: Omas Radio|1\/100\n|-enditem|p1a: Omas Radio|Sitrus Berry|[eat]\n|-heal|p1a: Omas Radio|26\/100|[from] item: Sitrus Berry\n|move|p1a: Omas Radio|Flash Cannon|p2a: Baxitarrius A*\n|-supereffective|p2a: Baxitarrius A*\n|-damage|p2a: Baxitarrius A*|0 fnt\n|faint|p2a: Baxitarrius A*\n|\n|upkeep\n|\n|t:|1699505890\n|switch|p2a: Issac Rougeton|Armarouge, M|100\/100\n|turn|3\n|\n|t:|1699505910\n|move|p2a: Issac Rougeton|Armor Cannon|p1a: Omas Radio\n|-supereffective|p1a: Omas Radio\n|-damage|p1a: Omas Radio|0 fnt\n|-unboost|p2a: Issac Rougeton|def|1\n|-unboost|p2a: Issac Rougeton|spd|1\n|faint|p1a: Omas Radio\n|\n|upkeep\n|\n|t:|1699505936\n|switch|p1a: Kleine Schlange|Glimmora, M|100\/100\n|turn|4\n|\n|t:|1699505974\n|switch|p2a: Corvinetic Energy|Corviknight, F|100\/100\n|-ability|p2a: Corvinetic Energy|Pressure\n|move|p1a: Kleine Schlange|Stealth Rock|p2a: Corvinetic Energy\n|-sidestart|p2: Quantumquagsires|move: Stealth Rock\n|\n|upkeep\n|turn|5\n|\n|t:|1699506006\n|move|p1a: Kleine Schlange|Earth Power|p2a: Corvinetic Energy\n|-immune|p2a: Corvinetic Energy\n|move|p2a: Corvinetic Energy|Body Press|p1a: Kleine Schlange\n|-damage|p1a: Kleine Schlange|67\/100\n|-activate|p1a: Kleine Schlange|ability: Toxic Debris\n|-sidestart|p2: Quantumquagsires|move: Toxic Spikes\n|\n|upkeep\n|turn|6\n|c|\u2606TheWiseWolf1|missclick :\/\n|\n|t:|1699506031\n|move|p1a: Kleine Schlange|Mortal Spin|p2a: Corvinetic Energy\n|-immune|p2a: Corvinetic Energy\n|move|p2a: Corvinetic Energy|U-turn|p1a: Kleine Schlange\n|-resisted|p1a: Kleine Schlange\n|-damage|p1a: Kleine Schlange|59\/100\n|-activate|p1a: Kleine Schlange|ability: Toxic Debris\n|-sidestart|p2: Quantumquagsires|move: Toxic Spikes\n|\n|t:|1699506047\n|switch|p2a: The Constellation|Ursaluna-Bloodmoon, M|100\/100|[from] U-turn\n|-damage|p2a: The Constellation|94\/100|[from] Stealth Rock\n|-status|p2a: The Constellation|tox\n|\n|-damage|p2a: The Constellation|88\/100 tox|[from] psn\n|upkeep\n|turn|7\n|\n|t:|1699506070\n|switch|p1a: Hundeding|Landorus-Therian, M|100\/100\n|-ability|p1a: Hundeding|Intimidate|boost\n|-unboost|p2a: The Constellation|atk|1\n|move|p2a: The Constellation|Earth Power|p1a: Hundeding\n|-immune|p1a: Hundeding\n|\n|-damage|p2a: The Constellation|76\/100 tox|[from] psn\n|upkeep\n|turn|8\n|\n|t:|1699506097\n|move|p1a: Hundeding|U-turn|p2a: The Constellation\n|-damage|p2a: The Constellation|57\/100 tox\n|\n|t:|1699506107\n|switch|p1a: Weiskrampus|Abomasnow, M|100\/100|[from] U-turn\n|-weather|Snow|[from] ability: Snow Warning|[of] p1a: Weiskrampus\n|move|p2a: The Constellation|Blood Moon|p1a: Weiskrampus\n|-crit|p1a: Weiskrampus\n|-enditem|p1a: Weiskrampus|Focus Sash\n|-damage|p1a: Weiskrampus|1\/100\n|\n|-weather|Snow|[upkeep]\n|-damage|p2a: The Constellation|39\/100 tox|[from] psn\n|upkeep\n|turn|9\n|\n|t:|1699506134\n|-terastallize|p1a: Weiskrampus|Water\n|move|p1a: Weiskrampus|Protect|p1a: Weiskrampus\n|-singleturn|p1a: Weiskrampus|Protect\n|move|p2a: The Constellation|Vacuum Wave|p1a: Weiskrampus\n|-activate|p1a: Weiskrampus|move: Protect\n|\n|-weather|Snow|[upkeep]\n|-damage|p2a: The Constellation|15\/100 tox|[from] psn\n|upkeep\n|turn|10\n|\n|t:|1699506164\n|move|p2a: The Constellation|Vacuum Wave|p1a: Weiskrampus\n|-damage|p1a: Weiskrampus|0 fnt\n|faint|p1a: Weiskrampus\n|\n|-weather|Snow|[upkeep]\n|-damage|p2a: The Constellation|0 fnt|[from] psn\n|faint|p2a: The Constellation\n|upkeep\n|\n|t:|1699506181\n|switch|p1a: Hundeding|Landorus-Therian, M|100\/100\n|switch|p2a: Issac Rougeton|Armarouge, M|100\/100\n|-ability|p1a: Hundeding|Intimidate|boost\n|-unboost|p2a: Issac Rougeton|atk|1\n|turn|11\n|\n|t:|1699506198\n|move|p1a: Hundeding|Earthquake|p2a: Issac Rougeton\n|-supereffective|p2a: Issac Rougeton\n|-damage|p2a: Issac Rougeton|0 fnt\n|faint|p2a: Issac Rougeton\n|\n|-weather|Snow|[upkeep]\n|upkeep\n|\n|t:|1699506218\n|switch|p2a: Desplacement|Decidueye, M, shiny|100\/100\n|-damage|p2a: Desplacement|88\/100|[from] Stealth Rock\n|-status|p2a: Desplacement|tox\n|turn|12\n|\n|t:|1699506233\n|switch|p1a: Kleine Schlange|Glimmora, M|59\/100\n|-terastallize|p2a: Desplacement|Grass\n|move|p2a: Desplacement|Leaf Blade|p1a: Kleine Schlange\n|-damage|p1a: Kleine Schlange|6\/100\n|\n|-weather|none\n|-heal|p2a: Desplacement|94\/100 tox|[from] item: Leftovers\n|-damage|p2a: Desplacement|88\/100 tox|[from] psn\n|upkeep\n|turn|13\n|\n|t:|1699506257\n|move|p1a: Kleine Schlange|Earth Power|p2a: Desplacement\n|-resisted|p2a: Desplacement\n|-damage|p2a: Desplacement|77\/100 tox\n|move|p2a: Desplacement|Leaf Blade|p1a: Kleine Schlange\n|-damage|p1a: Kleine Schlange|0 fnt\n|faint|p1a: Kleine Schlange\n|\n|-heal|p2a: Desplacement|83\/100 tox|[from] item: Leftovers\n|-damage|p2a: Desplacement|71\/100 tox|[from] psn\n|upkeep\n|\n|t:|1699506276\n|switch|p1a: Hundeding|Landorus-Therian, M|100\/100\n|-ability|p1a: Hundeding|Intimidate|boost\n|-unboost|p2a: Desplacement|atk|1\n|turn|14\n|\n|t:|1699506283\n|move|p1a: Hundeding|U-turn|p2a: Desplacement\n|-supereffective|p2a: Desplacement\n|-crit|p2a: Desplacement\n|-damage|p2a: Desplacement|0 fnt\n|faint|p2a: Desplacement\n|\n|t:|1699506290\n|switch|p1a: Sporenmann|Breloom, M|100\/100|[from] U-turn\n|\n|upkeep\n|\n|t:|1699506302\n|switch|p2a: Corvinetic Energy|Corviknight, F|100\/100\n|-damage|p2a: Corvinetic Energy|88\/100|[from] Stealth Rock\n|-ability|p2a: Corvinetic Energy|Pressure\n|turn|15\n|\n|t:|1699506314\n|move|p1a: Sporenmann|Spore|p2a: Corvinetic Energy\n|-status|p2a: Corvinetic Energy|slp|[from] move: Spore\n|cant|p2a: Corvinetic Energy|slp\n|\n|upkeep\n|turn|16\n|\n|t:|1699506323\n|move|p1a: Sporenmann|Mach Punch|p2a: Corvinetic Energy\n|-damage|p2a: Corvinetic Energy|69\/100 slp\n|-damage|p1a: Sporenmann|84\/100|[from] item: Rocky Helmet|[of] p2a: Corvinetic Energy\n|cant|p2a: Corvinetic Energy|slp\n|\n|upkeep\n|turn|17\n|\n|t:|1699506338\n|switch|p1a: Hundeding|Landorus-Therian, M|100\/100\n|-ability|p1a: Hundeding|Intimidate|boost\n|-unboost|p2a: Corvinetic Energy|atk|1\n|cant|p2a: Corvinetic Energy|slp\n|\n|upkeep\n|turn|18\n|\n|t:|1699506349\n|move|p1a: Hundeding|Stone Edge|p2a: Corvinetic Energy\n|-damage|p2a: Corvinetic Energy|46\/100 slp\n|-curestatus|p2a: Corvinetic Energy|slp|[msg]\n|move|p2a: Corvinetic Energy|Brave Bird|p1a: Hundeding\n|-damage|p1a: Hundeding|69\/100\n|-damage|p2a: Corvinetic Energy|38\/100|[from] Recoil\n|\n|upkeep\n|turn|19\n|\n|t:|1699506367\n|move|p1a: Hundeding|Stone Edge|p2a: Corvinetic Energy\n|-damage|p2a: Corvinetic Energy|17\/100\n|move|p2a: Corvinetic Energy|Roost|p2a: Corvinetic Energy\n|-heal|p2a: Corvinetic Energy|67\/100\n|-singleturn|p2a: Corvinetic Energy|move: Roost\n|\n|upkeep\n|turn|20\n|\n|t:|1699506379\n|switch|p1a: Sporenmann|Breloom, M|84\/100\n|move|p2a: Corvinetic Energy|U-turn|p1a: Sporenmann\n|-damage|p1a: Sporenmann|69\/100\n|\n|t:|1699506385\n|switch|p2a: Greninjrl Relatvty|Greninja, M|100\/100|[from] U-turn\n|-damage|p2a: Greninjrl Relatvty|88\/100|[from] Stealth Rock\n|-status|p2a: Greninjrl Relatvty|tox\n|\n|-damage|p2a: Greninjrl Relatvty|82\/100 tox|[from] psn\n|upkeep\n|turn|21\n|\n|t:|1699506399\n|switch|p1a: Hundeding|Landorus-Therian, M|69\/100\n|-ability|p1a: Hundeding|Intimidate|boost\n|-unboost|p2a: Greninjrl Relatvty|atk|1\n|move|p2a: Greninjrl Relatvty|Ice Beam|p1a: Hundeding\n|-supereffective|p1a: Hundeding\n|-damage|p1a: Hundeding|0 fnt\n|faint|p1a: Hundeding\n|-ability|p2a: Greninjrl Relatvty|Battle Bond|boost\n|-boost|p2a: Greninjrl Relatvty|atk|1\n|-boost|p2a: Greninjrl Relatvty|spa|1\n|-boost|p2a: Greninjrl Relatvty|spe|1\n|-activate|p2a: Greninjrl Relatvty|ability: Battle Bond\n|-damage|p2a: Greninjrl Relatvty|72\/100 tox|[from] item: Life Orb\n|\n|-damage|p2a: Greninjrl Relatvty|60\/100 tox|[from] psn\n|upkeep\n|\n|t:|1699506412\n|switch|p1a: Sporenmann|Breloom, M|69\/100\n|turn|22\n|\n|t:|1699506417\n|move|p2a: Greninjrl Relatvty|Ice Beam|p1a: Sporenmann\n|-supereffective|p1a: Sporenmann\n|-damage|p1a: Sporenmann|0 fnt\n|faint|p1a: Sporenmann\n|-damage|p2a: Greninjrl Relatvty|51\/100 tox|[from] item: Life Orb\n|\n|-damage|p2a: Greninjrl Relatvty|33\/100 tox|[from] psn\n|upkeep\n|\n|t:|1699506423\n|switch|p1a: Eisenb\u00fcndel|Iron Bundle, shiny|100\/100\n|-enditem|p1a: Eisenb\u00fcndel|Booster Energy\n|-activate|p1a: Eisenb\u00fcndel|ability: Quark Drive|[fromitem]\n|-start|p1a: Eisenb\u00fcndel|quarkdrivespe\n|turn|23\n|\n|t:|1699506431\n|move|p1a: Eisenb\u00fcndel|Freeze-Dry|p2a: Greninjrl Relatvty\n|-supereffective|p2a: Greninjrl Relatvty\n|-damage|p2a: Greninjrl Relatvty|0 fnt\n|faint|p2a: Greninjrl Relatvty\n|\n|upkeep\n|\n|t:|1699506437\n|switch|p2a: Corvinetic Energy|Corviknight, F|67\/100\n|-damage|p2a: Corvinetic Energy|54\/100|[from] Stealth Rock\n|-ability|p2a: Corvinetic Energy|Pressure\n|turn|24\n|\n|t:|1699506464\n|move|p1a: Eisenb\u00fcndel|Freeze-Dry|p2a: Corvinetic Energy\n|-damage|p2a: Corvinetic Energy|18\/100\n|move|p2a: Corvinetic Energy|Roost|p2a: Corvinetic Energy\n|-heal|p2a: Corvinetic Energy|68\/100\n|-singleturn|p2a: Corvinetic Energy|move: Roost\n|\n|upkeep\n|turn|25\n|\n|t:|1699506474\n|move|p1a: Eisenb\u00fcndel|Encore|p2a: Corvinetic Energy\n|-start|p2a: Corvinetic Energy|Encore\n|move|p2a: Corvinetic Energy|Roost|p2a: Corvinetic Energy\n|-heal|p2a: Corvinetic Energy|100\/100\n|-singleturn|p2a: Corvinetic Energy|move: Roost\n|\n|upkeep\n|turn|26\n|\n|t:|1699506484\n|move|p1a: Eisenb\u00fcndel|Blizzard|p2a: Corvinetic Energy\n|-damage|p2a: Corvinetic Energy|42\/100\n|move|p2a: Corvinetic Energy|Roost|p2a: Corvinetic Energy\n|-heal|p2a: Corvinetic Energy|92\/100\n|-singleturn|p2a: Corvinetic Energy|move: Roost\n|\n|upkeep\n|turn|27\n|\n|t:|1699506493\n|move|p1a: Eisenb\u00fcndel|Blizzard|p2a: Corvinetic Energy\n|-damage|p2a: Corvinetic Energy|40\/100\n|move|p2a: Corvinetic Energy|Roost|p2a: Corvinetic Energy\n|-heal|p2a: Corvinetic Energy|90\/100\n|-singleturn|p2a: Corvinetic Energy|move: Roost\n|\n|-end|p2a: Corvinetic Energy|Encore\n|upkeep\n|turn|28\n|\n|t:|1699506503\n|move|p1a: Eisenb\u00fcndel|Encore|p2a: Corvinetic Energy\n|-start|p2a: Corvinetic Energy|Encore\n|move|p2a: Corvinetic Energy|Roost|p2a: Corvinetic Energy\n|-heal|p2a: Corvinetic Energy|100\/100\n|-singleturn|p2a: Corvinetic Energy|move: Roost\n|\n|upkeep\n|turn|29\n|\n|t:|1699506511\n|move|p1a: Eisenb\u00fcndel|Freeze-Dry|p2a: Corvinetic Energy\n|-damage|p2a: Corvinetic Energy|66\/100\n|-status|p2a: Corvinetic Energy|frz\n|cant|p2a: Corvinetic Energy|frz\n|\n|upkeep\n|turn|30\n|\n|t:|1699506518\n|move|p1a: Eisenb\u00fcndel|Blizzard|p2a: Corvinetic Energy\n|-damage|p2a: Corvinetic Energy|14\/100 frz\n|cant|p2a: Corvinetic Energy|frz\n|\n|-end|p2a: Corvinetic Energy|Encore\n|upkeep\n|turn|31\n|\n|t:|1699506528\n|move|p1a: Eisenb\u00fcndel|Freeze-Dry|p2a: Corvinetic Energy\n|-damage|p2a: Corvinetic Energy|0 fnt\n|faint|p2a: Corvinetic Energy\n|\n|win|TheWiseWolf1\n","uploadtime":1699506541,"views":29,"p1id":"thewisewolf1","p2id":"quantumquagsires","formatid":"gen9ubers","rating":0,"private":0,"password":""}