{"id":"gen9ubers-1977915564","p1":"Kabunger","p2":"FrostyRandom02","format":"[Gen 9] Ubers","log":"|j|\u2606Kabunger\n|j|\u2606FrostyRandom02\n|t:|1698465887\n|gametype|singles\n|player|p1|Kabunger|hilda-wonderlauncher|\n|player|p2|FrostyRandom02|riley|\n|teamsize|p1|6\n|teamsize|p2|6\n|gen|9\n|tier|[Gen 9] Ubers\n|rule|Sleep Clause Mod: Limit one foe put to sleep\n|rule|Species Clause: Limit one of each Pok\u00e9mon\n|rule|OHKO Clause: OHKO moves are banned\n|rule|Evasion Items Clause: Evasion items are banned\n|rule|Evasion Moves Clause: Evasion moves are banned\n|rule|Endless Battle Clause: Forcing endless battles is banned\n|rule|HP Percentage Mod: HP is shown in percentages\n|clearpoke\n|poke|p1|Grafaiai, F|\n|poke|p1|Zacian-*|\n|poke|p1|Magearna|\n|poke|p1|Palafin, F|\n|poke|p1|Dusclops, F|\n|poke|p1|Arceus-Grass|\n|poke|p2|Bisharp, M|\n|poke|p2|Masquerain, F|\n|poke|p2|Gliscor, M|\n|poke|p2|Gholdengo|\n|poke|p2|Palkia-Origin|\n|poke|p2|Sneasler, F|\n|teampreview\n|inactive|Battle timer is ON: inactive players will automatically lose when time's up. (requested by Kabunger)\n|\n|t:|1698465902\n|start\n|switch|p1a: AIYAH GG'S|Grafaiai, F|100\/100\n|switch|p2a: Gliscor|Gliscor, M|100\/100\n|turn|1\n|\n|t:|1698465910\n|switch|p1a: Palafin|Palafin, F|100\/100\n|move|p2a: Gliscor|Protect||[still]\n|-fail|p2a: Gliscor\n|\n|-status|p2a: Gliscor|tox|[from] item: Toxic Orb\n|upkeep\n|turn|2\n|\n|t:|1698465920\n|switch|p2a: Masquerain|Masquerain, F|100\/100\n|-ability|p2a: Masquerain|Intimidate|boost\n|-unboost|p1a: Palafin|atk|1\n|move|p1a: Palafin|Flip Turn|p2a: Masquerain\n|-damage|p2a: Masquerain|65\/100\n|\n|t:|1698465923\n|detailschange|p1a: Palafin|Palafin-Hero, F\n|switch|p1a: AIYAH GG'S|Grafaiai, F|100\/100|[from] Flip Turn\n|\n|upkeep\n|turn|3\n|\n|t:|1698465929\n|move|p1a: AIYAH GG'S|Switcheroo|p2a: Masquerain\n|-activate|p1a: AIYAH GG'S|move: Trick|[of] p2a: Masquerain\n|-item|p2a: Masquerain|Choice Band|[from] move: Switcheroo\n|-item|p1a: AIYAH GG'S|Focus Sash|[from] move: Switcheroo\n|move|p2a: Masquerain|Stun Spore|p1a: AIYAH GG'S\n|-status|p1a: AIYAH GG'S|par\n|\n|upkeep\n|turn|4\n|\n|t:|1698465954\n|switch|p2a: Gliscor|Gliscor, M|100\/100 tox\n|move|p1a: AIYAH GG'S|Copycat|p1a: AIYAH GG'S\n|move|p1a: AIYAH GG'S|Stun Spore||[from]move: Copycat|[still]\n|-fail|p1a: AIYAH GG'S\n|\n|upkeep\n|turn|5\n|\n|t:|1698465963\n|switch|p1a: Magearna|Magearna|100\/100\n|move|p2a: Gliscor|Earthquake|p1a: Magearna\n|-supereffective|p1a: Magearna\n|-damage|p1a: Magearna|46\/100\n|\n|upkeep\n|turn|6\n|\n|t:|1698465975\n|switch|p1a: Palafin|Palafin-Hero, F|100\/100\n|-activate|p1a: Palafin|ability: Zero to Hero\n|move|p2a: Gliscor|Stealth Rock|p1a: Palafin\n|-sidestart|p1: Kabunger|move: Stealth Rock\n|\n|upkeep\n|turn|7\n|\n|t:|1698465983\n|switch|p2a: Masquerain|Masquerain, F|65\/100\n|-ability|p2a: Masquerain|Intimidate|boost\n|-unboost|p1a: Palafin|atk|1\n|move|p1a: Palafin|Flip Turn|p2a: Masquerain\n|-damage|p2a: Masquerain|4\/100\n|\n|t:|1698465988\n|switch|p1a: Arceus|Arceus-Grass|100\/100|[from] Flip Turn\n|-damage|p1a: Arceus|88\/100|[from] Stealth Rock\n|\n|upkeep\n|turn|8\n|\n|t:|1698465993\n|move|p1a: Arceus|Judgment|p2a: Masquerain\n|-resisted|p2a: Masquerain\n|-damage|p2a: Masquerain|0 fnt\n|faint|p2a: Masquerain\n|\n|upkeep\n|\n|t:|1698466001\n|switch|p2a: Sneasler|Sneasler, F|100\/100\n|turn|9\n|\n|t:|1698466004\n|switch|p1a: Magearna|Magearna|46\/100\n|-damage|p1a: Magearna|40\/100|[from] Stealth Rock\n|move|p2a: Sneasler|Dire Claw|p1a: Magearna\n|-immune|p1a: Magearna\n|\n|upkeep\n|turn|10\n|j| incredibleking\n|\n|t:|1698466017\n|switch|p2a: Gliscor|Gliscor, M|100\/100 tox\n|switch|p1a: Dusclops|Dusclops, F|100\/100\n|-damage|p1a: Dusclops|88\/100|[from] Stealth Rock\n|-ability|p1a: Dusclops|Pressure\n|\n|upkeep\n|turn|11\n|\n|t:|1698466025\n|switch|p2a: Router Cutter|Bisharp, M|100\/100\n|switch|p1a: Magearna|Magearna|40\/100\n|-damage|p1a: Magearna|34\/100|[from] Stealth Rock\n|\n|upkeep\n|turn|12\n|\n|t:|1698466031\n|move|p2a: Router Cutter|Swords Dance|p2a: Router Cutter\n|-boost|p2a: Router Cutter|atk|2\n|move|p1a: Magearna|Volt Switch|p2a: Router Cutter\n|-damage|p2a: Router Cutter|85\/100\n|\n|t:|1698466035\n|switch|p1a: Palafin|Palafin-Hero, F|100\/100|[from] Volt Switch\n|-damage|p1a: Palafin|88\/100|[from] Stealth Rock\n|\n|upkeep\n|turn|13\n|\n|t:|1698466055\n|-terastallize|p1a: Palafin|Water\n|move|p2a: Router Cutter|Sucker Punch|p1a: Palafin\n|-damage|p1a: Palafin|32\/100\n|move|p1a: Palafin|Wave Crash|p2a: Router Cutter\n|-damage|p2a: Router Cutter|0 fnt\n|faint|p2a: Router Cutter\n|-damage|p1a: Palafin|7\/100|[from] Recoil\n|\n|upkeep\n|\n|t:|1698466063\n|switch|p2a: Sneasler|Sneasler, F|100\/100\n|turn|14\n|\n|t:|1698466072\n|switch|p1a: Dusclops|Dusclops, F|88\/100\n|-damage|p1a: Dusclops|76\/100|[from] Stealth Rock\n|-ability|p1a: Dusclops|Pressure\n|move|p2a: Sneasler|U-turn|p1a: Dusclops\n|-resisted|p1a: Dusclops\n|-damage|p1a: Dusclops|67\/100\n|\n|t:|1698466079\n|switch|p2a: Gholdengo|Gholdengo|100\/100|[from] U-turn\n|\n|upkeep\n|turn|15\n|\n|t:|1698466086\n|move|p2a: Gholdengo|Trick|p1a: Dusclops\n|-activate|p2a: Gholdengo|move: Trick|[of] p1a: Dusclops\n|-item|p1a: Dusclops|Choice Scarf|[from] move: Trick\n|-item|p2a: Gholdengo|Eviolite|[from] move: Trick\n|move|p1a: Dusclops|Night Shade|p2a: Gholdengo\n|-damage|p2a: Gholdengo|70\/100\n|\n|upkeep\n|turn|16\n|\n|t:|1698466092\n|move|p2a: Gholdengo|Shadow Ball|p1a: Dusclops\n|-supereffective|p1a: Dusclops\n|-damage|p1a: Dusclops|0 fnt\n|faint|p1a: Dusclops\n|\n|upkeep\n|\n|t:|1698466097\n|switch|p1a: AIYAH GG'S|Grafaiai, F|100\/100 par\n|-damage|p1a: AIYAH GG'S|88\/100 par|[from] Stealth Rock\n|turn|17\n|\n|t:|1698466112\n|move|p2a: Gholdengo|Make It Rain|p1a: AIYAH GG'S\n|-damage|p1a: AIYAH GG'S|0 fnt\n|-unboost|p2a: Gholdengo|spa|1\n|faint|p1a: AIYAH GG'S\n|\n|upkeep\n|\n|t:|1698466127\n|switch|p1a: Arceus|Arceus-Grass|88\/100\n|-damage|p1a: Arceus|76\/100|[from] Stealth Rock\n|turn|18\n|\n|t:|1698466137\n|switch|p2a: Sneasler|Sneasler, F|100\/100\n|move|p1a: Arceus|Stealth Rock|p2a: Sneasler\n|-sidestart|p2: FrostyRandom02|move: Stealth Rock\n|\n|upkeep\n|turn|19\n|\n|t:|1698466151\n|switch|p1a: Magearna|Magearna|34\/100\n|-damage|p1a: Magearna|28\/100|[from] Stealth Rock\n|move|p2a: Sneasler|U-turn|p1a: Magearna\n|-resisted|p1a: Magearna\n|-damage|p1a: Magearna|22\/100\n|\n|t:|1698466158\n|switch|p2a: Palkia|Palkia-Origin|100\/100|[from] U-turn\n|-damage|p2a: Palkia|88\/100|[from] Stealth Rock\n|-ability|p2a: Palkia|Pressure\n|\n|upkeep\n|turn|20\n|\n|t:|1698466172\n|move|p2a: Palkia|Hydro Pump|p1a: Magearna\n|-damage|p1a: Magearna|0 fnt\n|faint|p1a: Magearna\n|\n|upkeep\n|\n|t:|1698466175\n|switch|p1a: Zacian|Zacian|100\/100\n|-ability|p1a: Zacian|Intrepid Sword|boost\n|-boost|p1a: Zacian|atk|1\n|turn|21\n|\n|t:|1698466182\n|switch|p2a: Sneasler|Sneasler, F|100\/100\n|-damage|p2a: Sneasler|95\/100|[from] Stealth Rock\n|move|p1a: Zacian|Play Rough|p2a: Sneasler\n|-damage|p2a: Sneasler|0 fnt\n|faint|p2a: Sneasler\n|\n|upkeep\n|\n|t:|1698466186\n|switch|p2a: Gholdengo|Gholdengo|70\/100\n|-damage|p2a: Gholdengo|64\/100|[from] Stealth Rock\n|turn|22\n|\n|t:|1698466200\n|-terastallize|p2a: Gholdengo|Fairy\n|move|p1a: Zacian|Substitute|p1a: Zacian\n|-start|p1a: Zacian|Substitute\n|-damage|p1a: Zacian|76\/100\n|move|p2a: Gholdengo|Make It Rain|p1a: Zacian\n|-supereffective|p1a: Zacian\n|-end|p1a: Zacian|Substitute\n|-unboost|p2a: Gholdengo|spa|1\n|\n|upkeep\n|turn|23\n|\n|t:|1698466209\n|switch|p2a: Gliscor|Gliscor, M|100\/100 tox\n|-damage|p2a: Gliscor|88\/100 tox|[from] Stealth Rock\n|move|p1a: Zacian|Play Rough|p2a: Gliscor\n|-damage|p2a: Gliscor|44\/100 tox\n|-unboost|p2a: Gliscor|atk|1\n|\n|-heal|p2a: Gliscor|56\/100 tox|[from] ability: Poison Heal\n|upkeep\n|turn|24\n|\n|t:|1698466215\n|move|p2a: Gliscor|Protect|p2a: Gliscor\n|-singleturn|p2a: Gliscor|Protect\n|move|p1a: Zacian|Substitute|p1a: Zacian\n|-start|p1a: Zacian|Substitute\n|-damage|p1a: Zacian|51\/100\n|\n|-heal|p2a: Gliscor|69\/100 tox|[from] ability: Poison Heal\n|upkeep\n|turn|25\n|\n|t:|1698466219\n|move|p1a: Zacian|Swords Dance|p1a: Zacian\n|-boost|p1a: Zacian|atk|2\n|move|p2a: Gliscor|Earthquake|p1a: Zacian\n|-activate|p1a: Zacian|move: Substitute|[damage]\n|\n|-heal|p2a: Gliscor|81\/100 tox|[from] ability: Poison Heal\n|upkeep\n|turn|26\n|\n|t:|1698466222\n|move|p1a: Zacian|Play Rough|p2a: Gliscor\n|-damage|p2a: Gliscor|4\/100 tox\n|move|p2a: Gliscor|Earthquake|p1a: Zacian\n|-end|p1a: Zacian|Substitute\n|\n|-heal|p2a: Gliscor|16\/100 tox|[from] ability: Poison Heal\n|upkeep\n|turn|27\n|\n|t:|1698466228\n|move|p1a: Zacian|Play Rough|p2a: Gliscor\n|-damage|p2a: Gliscor|0 fnt\n|faint|p2a: Gliscor\n|\n|upkeep\n|\n|t:|1698466232\n|switch|p2a: Gholdengo|Gholdengo, tera:Fairy|64\/100\n|-damage|p2a: Gholdengo|52\/100|[from] Stealth Rock\n|turn|28\n|\n|t:|1698466238\n|move|p1a: Zacian|Play Rough|p2a: Gholdengo\n|-damage|p2a: Gholdengo|0 fnt\n|faint|p2a: Gholdengo\n|\n|upkeep\n|\n|t:|1698466241\n|switch|p2a: Palkia|Palkia-Origin|88\/100\n|-damage|p2a: Palkia|76\/100|[from] Stealth Rock\n|-ability|p2a: Palkia|Pressure\n|turn|29\n|\n|t:|1698466248\n|move|p1a: Zacian|Play Rough|p2a: Palkia|[miss]\n|-miss|p1a: Zacian|p2a: Palkia\n|move|p2a: Palkia|Hydro Pump|p1a: Zacian\n|-damage|p1a: Zacian|0 fnt\n|faint|p1a: Zacian\n|\n|upkeep\n|\n|t:|1698466253\n|switch|p1a: Arceus|Arceus-Grass|76\/100\n|-damage|p1a: Arceus|63\/100|[from] Stealth Rock\n|turn|30\n|\n|t:|1698466260\n|move|p1a: Arceus|Thunder Wave|p2a: Palkia\n|-status|p2a: Palkia|par\n|move|p2a: Palkia|Spacial Rend|p1a: Arceus\n|-crit|p1a: Arceus\n|-damage|p1a: Arceus|0 fnt\n|faint|p1a: Arceus\n|\n|upkeep\n|\n|t:|1698466266\n|switch|p1a: Palafin|Palafin-Hero, F, tera:Water|7\/100\n|-damage|p1a: Palafin|0 fnt|[from] Stealth Rock\n|faint|p1a: Palafin\n|\n|win|FrostyRandom02\n|l| incredibleking\n|l|\u2606Kabunger\n","uploadtime":1698466278,"views":20,"p1id":"kabunger","p2id":"frostyrandom02","formatid":"gen9ubers","rating":0,"private":0,"password":""}