{"id":"gen9ubers-1977181903","p1":"Undead_Redhead","p2":"Scottowo","format":"[Gen 9] Ubers","log":"|j|\u2606Undead_Redhead\n|j|\u2606Scottowo\n|t:|1698382234\n|gametype|singles\n|player|p1|Undead_Redhead|flannery|\n|player|p2|Scottowo|elesa-gen5bw2|\n|teamsize|p1|6\n|teamsize|p2|6\n|gen|9\n|tier|[Gen 9] Ubers\n|rule|Sleep Clause Mod: Limit one foe put to sleep\n|rule|Species Clause: Limit one of each Pok\u00e9mon\n|rule|OHKO Clause: OHKO moves are banned\n|rule|Evasion Items Clause: Evasion items are banned\n|rule|Evasion Moves Clause: Evasion moves are banned\n|rule|Endless Battle Clause: Forcing endless battles is banned\n|rule|HP Percentage Mod: HP is shown in percentages\n|clearpoke\n|poke|p1|Landorus-Therian, M|\n|poke|p1|Volcanion|\n|poke|p1|Zapdos|\n|poke|p1|Meowscarada, M|\n|poke|p1|Trevenant, M|\n|poke|p1|Clefable, F|\n|poke|p2|Qwilfish-Hisui, F|\n|poke|p2|Mandibuzz, F|\n|poke|p2|Iron Treads|\n|poke|p2|Quaquaval, M|\n|poke|p2|Appletun, F|\n|poke|p2|Dragapult, M|\n|teampreview\n|\n|t:|1698382289\n|start\n|switch|p1a: Landorus|Landorus-Therian, M|100\/100\n|switch|p2a: Sanemi Shinazugawa|Iron Treads|100\/100\n|-item|p2a: Sanemi Shinazugawa|Air Balloon\n|-ability|p1a: Landorus|Intimidate|boost\n|-unboost|p2a: Sanemi Shinazugawa|atk|1\n|turn|1\n|j| SunShinyReys\n|n| SunShinyReys|sunshinyreys\n|c| SunShinyReys|glhf!\n|\n|t:|1698382304\n|move|p2a: Sanemi Shinazugawa|Stealth Rock|p1a: Landorus\n|-sidestart|p1: Undead_Redhead|move: Stealth Rock\n|move|p1a: Landorus|Stealth Rock|p2a: Sanemi Shinazugawa\n|-sidestart|p2: Scottowo|move: Stealth Rock\n|\n|upkeep\n|turn|2\n|\n|t:|1698382316\n|move|p2a: Sanemi Shinazugawa|Rapid Spin|p1a: Landorus\n|-damage|p1a: Landorus|87\/100\n|-boost|p2a: Sanemi Shinazugawa|spe|1\n|-damage|p2a: Sanemi Shinazugawa|84\/100|[from] item: Rocky Helmet|[of] p1a: Landorus\n|-sideend|p2: Scottowo|Stealth Rock|[from] move: Rapid Spin|[of] p2a: Sanemi Shinazugawa\n|move|p1a: Landorus|U-turn|p2a: Sanemi Shinazugawa\n|-resisted|p2a: Sanemi Shinazugawa\n|-damage|p2a: Sanemi Shinazugawa|72\/100\n|-enditem|p2a: Sanemi Shinazugawa|Air Balloon\n|\n|t:|1698382344\n|switch|p1a: Meowscarada|Meowscarada, M|100\/100|[from] U-turn\n|-damage|p1a: Meowscarada|88\/100|[from] Stealth Rock\n|\n|upkeep\n|turn|3\n|\n|t:|1698382425\n|-end|p2a: Sanemi Shinazugawa|Quark Drive|[silent]\n|switch|p2a: Mitsuri Kanroji|Mandibuzz, F|100\/100\n|move|p1a: Meowscarada|Flower Trick|p2a: Mitsuri Kanroji\n|-start|p1a: Meowscarada|typechange|Grass|[from] ability: Protean\n|-resisted|p2a: Mitsuri Kanroji\n|-crit|p2a: Mitsuri Kanroji\n|-damage|p2a: Mitsuri Kanroji|82\/100\n|\n|upkeep\n|turn|4\n|\n|t:|1698382457\n|switch|p1a: Clefable|Clefable, F|100\/100\n|move|p2a: Mitsuri Kanroji|U-turn|p1a: Clefable\n|-resisted|p1a: Clefable\n|-damage|p1a: Clefable|94\/100\n|\n|t:|1698382474\n|switch|p2a: Sanemi Shinazugawa|Iron Treads|72\/100|[from] U-turn\n|\n|upkeep\n|turn|5\n|\n|t:|1698382493\n|switch|p1a: Landorus|Landorus-Therian, M|87\/100\n|-damage|p1a: Landorus|75\/100|[from] Stealth Rock\n|-ability|p1a: Landorus|Intimidate|boost\n|-unboost|p2a: Sanemi Shinazugawa|atk|1\n|move|p2a: Sanemi Shinazugawa|Heavy Slam|p1a: Landorus\n|-damage|p1a: Landorus|43\/100\n|-damage|p2a: Sanemi Shinazugawa|56\/100|[from] item: Rocky Helmet|[of] p1a: Landorus\n|\n|upkeep\n|turn|6\n|j| Lass Starling\n|\n|t:|1698382536\n|-end|p2a: Sanemi Shinazugawa|Quark Drive|[silent]\n|switch|p2a: Gyomei Himejima|Appletun, F|100\/100\n|move|p1a: Landorus|Stealth Rock|p2a: Gyomei Himejima\n|-sidestart|p2: Scottowo|move: Stealth Rock\n|\n|upkeep\n|turn|7\n|\n|t:|1698382544\n|move|p1a: Landorus|U-turn|p2a: Gyomei Himejima\n|-supereffective|p2a: Gyomei Himejima\n|-damage|p2a: Gyomei Himejima|63\/100\n|\n|t:|1698382553\n|switch|p1a: Clefable|Clefable, F|94\/100|[from] U-turn\n|move|p2a: Gyomei Himejima|Leech Seed|p1a: Clefable\n|-start|p1a: Clefable|move: Leech Seed\n|\n|-heal|p2a: Gyomei Himejima|69\/100|[from] item: Leftovers\n|upkeep\n|turn|8\n|\n|t:|1698382564\n|move|p2a: Gyomei Himejima|Protect|p2a: Gyomei Himejima\n|-singleturn|p2a: Gyomei Himejima|Protect\n|move|p1a: Clefable|Moonblast|p2a: Gyomei Himejima\n|-activate|p2a: Gyomei Himejima|move: Protect\n|\n|-heal|p2a: Gyomei Himejima|75\/100|[from] item: Leftovers\n|upkeep\n|turn|9\n|\n|t:|1698382602\n|switch|p2a: Sanemi Shinazugawa|Iron Treads|56\/100\n|-damage|p2a: Sanemi Shinazugawa|53\/100|[from] Stealth Rock\n|move|p1a: Clefable|Moonblast|p2a: Sanemi Shinazugawa\n|-resisted|p2a: Sanemi Shinazugawa\n|-damage|p2a: Sanemi Shinazugawa|23\/100\n|\n|upkeep\n|turn|10\n|\n|t:|1698382621\n|move|p2a: Sanemi Shinazugawa|Ice Spinner|p1a: Clefable\n|-damage|p1a: Clefable|66\/100\n|move|p1a: Clefable|Moonblast|p2a: Sanemi Shinazugawa\n|-resisted|p2a: Sanemi Shinazugawa\n|-damage|p2a: Sanemi Shinazugawa|0 fnt\n|faint|p2a: Sanemi Shinazugawa\n|-end|p2a: Sanemi Shinazugawa|Quark Drive|[silent]\n|\n|upkeep\n|\n|t:|1698382628\n|switch|p2a: Obanai Iguro|Qwilfish-Hisui, F|100\/100\n|-damage|p2a: Obanai Iguro|88\/100|[from] Stealth Rock\n|-ability|p2a: Obanai Iguro|Intimidate|boost\n|-unboost|p1a: Clefable|atk|1\n|turn|11\n|\n|t:|1698382642\n|move|p2a: Obanai Iguro|Toxic Spikes|p1a: Clefable\n|-sidestart|p1: Undead_Redhead|move: Toxic Spikes\n|move|p1a: Clefable|Knock Off|p2a: Obanai Iguro\n|-resisted|p2a: Obanai Iguro\n|-damage|p2a: Obanai Iguro|83\/100\n|-enditem|p2a: Obanai Iguro|Eviolite|[from] move: Knock Off|[of] p1a: Clefable\n|\n|upkeep\n|turn|12\n|\n|t:|1698382649\n|move|p2a: Obanai Iguro|Barb Barrage|p1a: Clefable\n|-supereffective|p1a: Clefable\n|-damage|p1a: Clefable|25\/100\n|move|p1a: Clefable|Wish|p1a: Clefable\n|\n|upkeep\n|turn|13\n|\n|t:|1698382655\n|move|p1a: Clefable|Protect|p1a: Clefable\n|-singleturn|p1a: Clefable|Protect\n|move|p2a: Obanai Iguro|Toxic Spikes|p1a: Clefable\n|-sidestart|p1: Undead_Redhead|move: Toxic Spikes\n|\n|-heal|p1a: Clefable|75\/100|[from] move: Wish|[wisher] Clefable\n|upkeep\n|turn|14\n|\n|t:|1698382663\n|move|p2a: Obanai Iguro|Ice Beam|p1a: Clefable\n|-crit|p1a: Clefable\n|-damage|p1a: Clefable|61\/100\n|move|p1a: Clefable|Moonblast|p2a: Obanai Iguro\n|-damage|p2a: Obanai Iguro|40\/100\n|-unboost|p2a: Obanai Iguro|spa|1\n|\n|upkeep\n|turn|15\n|\n|t:|1698382672\n|move|p2a: Obanai Iguro|Barb Barrage|p1a: Clefable\n|-supereffective|p1a: Clefable\n|-damage|p1a: Clefable|18\/100\n|move|p1a: Clefable|Moonblast|p2a: Obanai Iguro\n|-damage|p2a: Obanai Iguro|0 fnt\n|faint|p2a: Obanai Iguro\n|\n|upkeep\n|\n|t:|1698382692\n|switch|p2a: Giyu Tomioka|Quaquaval, M|100\/100\n|-damage|p2a: Giyu Tomioka|94\/100|[from] Stealth Rock\n|turn|16\n|\n|t:|1698382716\n|move|p2a: Giyu Tomioka|Close Combat|p1a: Clefable\n|-resisted|p1a: Clefable\n|-damage|p1a: Clefable|0 fnt\n|-unboost|p2a: Giyu Tomioka|def|1\n|-unboost|p2a: Giyu Tomioka|spd|1\n|faint|p1a: Clefable\n|-ability|p2a: Giyu Tomioka|Moxie|boost\n|-boost|p2a: Giyu Tomioka|atk|1\n|\n|upkeep\n|\n|t:|1698382737\n|switch|p1a: Landorus|Landorus-Therian, M|43\/100\n|-damage|p1a: Landorus|31\/100|[from] Stealth Rock\n|-ability|p1a: Landorus|Intimidate|boost\n|-unboost|p2a: Giyu Tomioka|atk|1\n|turn|17\n|\n|t:|1698382748\n|switch|p2a: Mitsuri Kanroji|Mandibuzz, F|82\/100\n|move|p1a: Landorus|Earthquake|p2a: Mitsuri Kanroji\n|-immune|p2a: Mitsuri Kanroji\n|\n|upkeep\n|turn|18\n|\n|t:|1698382757\n|move|p1a: Landorus|U-turn|p2a: Mitsuri Kanroji\n|-damage|p2a: Mitsuri Kanroji|60\/100\n|\n|t:|1698382771\n|switch|p1a: Volcanion|Volcanion|100\/100|[from] U-turn\n|-damage|p1a: Volcanion|76\/100|[from] Stealth Rock\n|-status|p1a: Volcanion|tox\n|move|p2a: Mitsuri Kanroji|Foul Play|p1a: Volcanion\n|-damage|p1a: Volcanion|51\/100 tox\n|\n|-damage|p1a: Volcanion|45\/100 tox|[from] psn\n|upkeep\n|turn|19\n|\n|t:|1698382791\n|move|p2a: Mitsuri Kanroji|Roost|p2a: Mitsuri Kanroji\n|-heal|p2a: Mitsuri Kanroji|100\/100\n|-singleturn|p2a: Mitsuri Kanroji|move: Roost\n|move|p1a: Volcanion|Steam Eruption|p2a: Mitsuri Kanroji\n|-damage|p2a: Mitsuri Kanroji|66\/100\n|\n|-damage|p1a: Volcanion|33\/100 tox|[from] psn\n|upkeep\n|turn|20\n|\n|t:|1698382800\n|move|p2a: Mitsuri Kanroji|Roost|p2a: Mitsuri Kanroji\n|-heal|p2a: Mitsuri Kanroji|100\/100\n|-singleturn|p2a: Mitsuri Kanroji|move: Roost\n|move|p1a: Volcanion|Steam Eruption|p2a: Mitsuri Kanroji\n|-damage|p2a: Mitsuri Kanroji|63\/100\n|-status|p2a: Mitsuri Kanroji|brn\n|\n|-damage|p1a: Volcanion|15\/100 tox|[from] psn\n|-damage|p2a: Mitsuri Kanroji|57\/100 brn|[from] brn\n|upkeep\n|turn|21\n|\n|t:|1698382812\n|move|p2a: Mitsuri Kanroji|Roost|p2a: Mitsuri Kanroji\n|-heal|p2a: Mitsuri Kanroji|100\/100 brn\n|-singleturn|p2a: Mitsuri Kanroji|move: Roost\n|move|p1a: Volcanion|Steam Eruption|p2a: Mitsuri Kanroji|[miss]\n|-miss|p1a: Volcanion|p2a: Mitsuri Kanroji\n|\n|-damage|p1a: Volcanion|0 fnt|[from] psn\n|faint|p1a: Volcanion\n|-damage|p2a: Mitsuri Kanroji|94\/100 brn|[from] brn\n|upkeep\n|\n|t:|1698382823\n|switch|p1a: Zapdos|Zapdos|100\/100\n|-damage|p1a: Zapdos|75\/100|[from] Stealth Rock\n|turn|22\n|\n|t:|1698382833\n|move|p1a: Zapdos|Volt Switch|p2a: Mitsuri Kanroji\n|-supereffective|p2a: Mitsuri Kanroji\n|-damage|p2a: Mitsuri Kanroji|59\/100 brn\n|\n|t:|1698382839\n|switch|p1a: Landorus|Landorus-Therian, M|31\/100|[from] Volt Switch\n|-damage|p1a: Landorus|19\/100|[from] Stealth Rock\n|-ability|p1a: Landorus|Intimidate|boost\n|-unboost|p2a: Mitsuri Kanroji|atk|1\n|move|p2a: Mitsuri Kanroji|U-turn|p1a: Landorus\n|-resisted|p1a: Landorus\n|-damage|p1a: Landorus|16\/100\n|-damage|p2a: Mitsuri Kanroji|42\/100 brn|[from] item: Rocky Helmet|[of] p1a: Landorus\n|\n|t:|1698382883\n|switch|p2a: Tengen Uzui|Dragapult, M|100\/100|[from] U-turn\n|-damage|p2a: Tengen Uzui|88\/100|[from] Stealth Rock\n|\n|upkeep\n|turn|23\n|\n|t:|1698382895\n|move|p2a: Tengen Uzui|Hex|p1a: Landorus\n|-damage|p1a: Landorus|0 fnt\n|faint|p1a: Landorus\n|\n|upkeep\n|\n|t:|1698382909\n|switch|p1a: Meowscarada|Meowscarada, M|88\/100\n|-damage|p1a: Meowscarada|76\/100|[from] Stealth Rock\n|-status|p1a: Meowscarada|tox\n|turn|24\n|\n|t:|1698382936\n|switch|p2a: Giyu Tomioka|Quaquaval, M|94\/100\n|-damage|p2a: Giyu Tomioka|88\/100|[from] Stealth Rock\n|move|p1a: Meowscarada|Knock Off|p2a: Giyu Tomioka\n|-start|p1a: Meowscarada|typechange|Dark|[from] ability: Protean\n|-resisted|p2a: Giyu Tomioka\n|-damage|p2a: Giyu Tomioka|61\/100\n|-enditem|p2a: Giyu Tomioka|Expert Belt|[from] move: Knock Off|[of] p1a: Meowscarada\n|\n|-damage|p1a: Meowscarada|70\/100 tox|[from] psn\n|upkeep\n|turn|25\n|\n|t:|1698382956\n|switch|p1a: Trevenant|Trevenant, M|100\/100\n|-damage|p1a: Trevenant|88\/100|[from] Stealth Rock\n|-status|p1a: Trevenant|tox\n|move|p2a: Giyu Tomioka|Ice Spinner|p1a: Trevenant\n|-supereffective|p1a: Trevenant\n|-damage|p1a: Trevenant|17\/100 tox\n|-enditem|p1a: Trevenant|Sitrus Berry|[eat]\n|-heal|p1a: Trevenant|42\/100 tox|[from] item: Sitrus Berry\n|\n|-damage|p1a: Trevenant|36\/100 tox|[from] psn\n|-item|p1a: Trevenant|Sitrus Berry|[from] ability: Harvest\n|upkeep\n|-enditem|p1a: Trevenant|Sitrus Berry|[eat]\n|-heal|p1a: Trevenant|61\/100 tox|[from] item: Sitrus Berry\n|turn|26\n|\n|t:|1698382976\n|-terastallize|p1a: Trevenant|Water\n|move|p2a: Giyu Tomioka|Ice Spinner|p1a: Trevenant\n|-resisted|p1a: Trevenant\n|-damage|p1a: Trevenant|43\/100 tox\n|move|p1a: Trevenant|Leech Seed|p2a: Giyu Tomioka\n|-start|p2a: Giyu Tomioka|move: Leech Seed\n|\n|-damage|p2a: Giyu Tomioka|48\/100|[from] Leech Seed|[of] p1a: Trevenant\n|-heal|p1a: Trevenant|53\/100 tox|[silent]\n|-damage|p1a: Trevenant|41\/100 tox|[from] psn\n|-item|p1a: Trevenant|Sitrus Berry|[from] ability: Harvest\n|upkeep\n|-enditem|p1a: Trevenant|Sitrus Berry|[eat]\n|-heal|p1a: Trevenant|66\/100 tox|[from] item: Sitrus Berry\n|turn|27\n|\n|t:|1698382990\n|move|p1a: Trevenant|Protect|p1a: Trevenant\n|-singleturn|p1a: Trevenant|Protect\n|move|p2a: Giyu Tomioka|Close Combat|p1a: Trevenant\n|-activate|p1a: Trevenant|move: Protect\n|\n|-damage|p2a: Giyu Tomioka|36\/100|[from] Leech Seed|[of] p1a: Trevenant\n|-heal|p1a: Trevenant|77\/100 tox|[silent]\n|-damage|p1a: Trevenant|58\/100 tox|[from] psn\n|-item|p1a: Trevenant|Sitrus Berry|[from] ability: Harvest\n|upkeep\n|turn|28\n|\n|t:|1698383018\n|move|p2a: Giyu Tomioka|Close Combat|p1a: Trevenant\n|-damage|p1a: Trevenant|0 fnt\n|-unboost|p2a: Giyu Tomioka|def|1\n|-unboost|p2a: Giyu Tomioka|spd|1\n|faint|p1a: Trevenant\n|-ability|p2a: Giyu Tomioka|Moxie|boost\n|-boost|p2a: Giyu Tomioka|atk|1\n|\n|upkeep\n|\n|t:|1698383030\n|switch|p1a: Zapdos|Zapdos|75\/100\n|-damage|p1a: Zapdos|50\/100|[from] Stealth Rock\n|turn|29\n|\n|t:|1698383045\n|move|p1a: Zapdos|Volt Switch|p2a: Giyu Tomioka\n|-supereffective|p2a: Giyu Tomioka\n|-damage|p2a: Giyu Tomioka|0 fnt\n|faint|p2a: Giyu Tomioka\n|\n|t:|1698383050\n|switch|p1a: Meowscarada|Meowscarada, M|70\/100 tox|[from] Volt Switch\n|-damage|p1a: Meowscarada|57\/100 tox|[from] Stealth Rock\n|\n|-damage|p1a: Meowscarada|51\/100 tox|[from] psn\n|upkeep\n|\n|t:|1698383054\n|switch|p2a: Gyomei Himejima|Appletun, F|75\/100\n|-damage|p2a: Gyomei Himejima|63\/100|[from] Stealth Rock\n|turn|30\n|\n|t:|1698383061\n|move|p2a: Gyomei Himejima|Protect|p2a: Gyomei Himejima\n|-singleturn|p2a: Gyomei Himejima|Protect\n|move|p1a: Meowscarada|Play Rough|p2a: Gyomei Himejima\n|-start|p1a: Meowscarada|typechange|Fairy|[from] ability: Protean\n|-activate|p2a: Gyomei Himejima|move: Protect\n|\n|-heal|p2a: Gyomei Himejima|69\/100|[from] item: Leftovers\n|-damage|p1a: Meowscarada|39\/100 tox|[from] psn\n|upkeep\n|turn|31\n|\n|t:|1698383072\n|-terastallize|p2a: Gyomei Himejima|Water\n|move|p1a: Meowscarada|Play Rough|p2a: Gyomei Himejima\n|-damage|p2a: Gyomei Himejima|40\/100\n|move|p2a: Gyomei Himejima|Apple Acid|p1a: Meowscarada\n|-damage|p1a: Meowscarada|0 fnt\n|faint|p1a: Meowscarada\n|\n|-heal|p2a: Gyomei Himejima|46\/100|[from] item: Leftovers\n|upkeep\n|\n|t:|1698383084\n|switch|p1a: Zapdos|Zapdos|50\/100\n|-damage|p1a: Zapdos|25\/100|[from] Stealth Rock\n|turn|32\n|\n|t:|1698383094\n|move|p2a: Gyomei Himejima|Protect|p2a: Gyomei Himejima\n|-singleturn|p2a: Gyomei Himejima|Protect\n|move|p1a: Zapdos|Volt Switch|p2a: Gyomei Himejima\n|-activate|p2a: Gyomei Himejima|move: Protect\n|\n|-heal|p2a: Gyomei Himejima|53\/100|[from] item: Leftovers\n|upkeep\n|turn|33\n|\n|t:|1698383116\n|move|p1a: Zapdos|Roost|p1a: Zapdos\n|-heal|p1a: Zapdos|75\/100\n|-singleturn|p1a: Zapdos|move: Roost\n|move|p2a: Gyomei Himejima|Tera Blast|p1a: Zapdos|[anim] Tera Blast Water\n|-damage|p1a: Zapdos|50\/100\n|\n|-heal|p2a: Gyomei Himejima|59\/100|[from] item: Leftovers\n|upkeep\n|turn|34\n|\n|t:|1698383127\n|move|p1a: Zapdos|Volt Switch|p2a: Gyomei Himejima\n|-supereffective|p2a: Gyomei Himejima\n|-damage|p2a: Gyomei Himejima|0 fnt\n|faint|p2a: Gyomei Himejima\n|\n|upkeep\n|\n|t:|1698383149\n|switch|p2a: Tengen Uzui|Dragapult, M|88\/100\n|-damage|p2a: Tengen Uzui|76\/100|[from] Stealth Rock\n|turn|35\n|\n|t:|1698383157\n|move|p2a: Tengen Uzui|Light Screen|p2a: Tengen Uzui\n|-sidestart|p2: Scottowo|move: Light Screen\n|move|p1a: Zapdos|Thunder Wave|p2a: Tengen Uzui\n|-status|p2a: Tengen Uzui|par\n|\n|upkeep\n|turn|36\n|\n|t:|1698383162\n|move|p1a: Zapdos|Roost|p1a: Zapdos\n|-heal|p1a: Zapdos|99\/100\n|-singleturn|p1a: Zapdos|move: Roost\n|move|p2a: Tengen Uzui|Curse|p1a: Zapdos\n|-start|p1a: Zapdos|Curse|[of] p2a: Tengen Uzui\n|-damage|p2a: Tengen Uzui|26\/100 par\n|\n|-damage|p1a: Zapdos|75\/100|[from] Curse\n|upkeep\n|turn|37\n|\n|t:|1698383186\n|move|p1a: Zapdos|Hurricane|p2a: Tengen Uzui\n|-damage|p2a: Tengen Uzui|0 fnt\n|faint|p2a: Tengen Uzui\n|\n|-damage|p1a: Zapdos|50\/100|[from] Curse\n|upkeep\n|\n|t:|1698383188\n|switch|p2a: Mitsuri Kanroji|Mandibuzz, F|42\/100 brn\n|turn|38\n|\n|t:|1698383203\n|move|p1a: Zapdos|Volt Switch|p2a: Mitsuri Kanroji\n|-supereffective|p2a: Mitsuri Kanroji\n|-damage|p2a: Mitsuri Kanroji|25\/100 brn\n|move|p2a: Mitsuri Kanroji|Roost|p2a: Mitsuri Kanroji\n|-heal|p2a: Mitsuri Kanroji|75\/100 brn\n|-singleturn|p2a: Mitsuri Kanroji|move: Roost\n|\n|-damage|p2a: Mitsuri Kanroji|69\/100 brn|[from] brn\n|-damage|p1a: Zapdos|25\/100|[from] Curse\n|upkeep\n|turn|39\n|\n|t:|1698383217\n|move|p1a: Zapdos|Roost|p1a: Zapdos\n|-heal|p1a: Zapdos|75\/100\n|-singleturn|p1a: Zapdos|move: Roost\n|move|p2a: Mitsuri Kanroji|Foul Play|p1a: Zapdos\n|-crit|p1a: Zapdos\n|-damage|p1a: Zapdos|60\/100\n|\n|-damage|p2a: Mitsuri Kanroji|63\/100 brn|[from] brn\n|-damage|p1a: Zapdos|35\/100|[from] Curse\n|upkeep\n|turn|40\n|\n|t:|1698383228\n|move|p1a: Zapdos|Roost|p1a: Zapdos\n|-heal|p1a: Zapdos|85\/100\n|-singleturn|p1a: Zapdos|move: Roost\n|move|p2a: Mitsuri Kanroji|Roost|p2a: Mitsuri Kanroji\n|-heal|p2a: Mitsuri Kanroji|100\/100 brn\n|-singleturn|p2a: Mitsuri Kanroji|move: Roost\n|\n|-damage|p2a: Mitsuri Kanroji|94\/100 brn|[from] brn\n|-damage|p1a: Zapdos|60\/100|[from] Curse\n|upkeep\n|turn|41\n|\n|t:|1698383239\n|move|p1a: Zapdos|Hurricane|p2a: Mitsuri Kanroji\n|-damage|p2a: Mitsuri Kanroji|80\/100 brn\n|-start|p2a: Mitsuri Kanroji|confusion\n|-activate|p2a: Mitsuri Kanroji|confusion\n|move|p2a: Mitsuri Kanroji|Foul Play|p1a: Zapdos\n|-damage|p1a: Zapdos|49\/100\n|\n|-damage|p2a: Mitsuri Kanroji|74\/100 brn|[from] brn\n|-damage|p1a: Zapdos|24\/100|[from] Curse\n|upkeep\n|turn|42\n|\n|t:|1698383250\n|move|p1a: Zapdos|Roost|p1a: Zapdos\n|-heal|p1a: Zapdos|74\/100\n|-singleturn|p1a: Zapdos|move: Roost\n|-activate|p2a: Mitsuri Kanroji|confusion\n|move|p2a: Mitsuri Kanroji|Foul Play|p1a: Zapdos\n|-damage|p1a: Zapdos|64\/100\n|\n|-damage|p2a: Mitsuri Kanroji|67\/100 brn|[from] brn\n|-damage|p1a: Zapdos|39\/100|[from] Curse\n|-sideend|p2: Scottowo|move: Light Screen\n|upkeep\n|turn|43\n|\n|t:|1698383264\n|move|p1a: Zapdos|Volt Switch|p2a: Mitsuri Kanroji\n|-supereffective|p2a: Mitsuri Kanroji\n|-damage|p2a: Mitsuri Kanroji|30\/100 brn\n|-activate|p2a: Mitsuri Kanroji|confusion\n|-damage|p2a: Mitsuri Kanroji|25\/100 brn|[from] confusion\n|\n|-damage|p2a: Mitsuri Kanroji|19\/100 brn|[from] brn\n|-damage|p1a: Zapdos|14\/100|[from] Curse\n|upkeep\n|turn|44\n|c|\u2606Scottowo|pain\n|\n|t:|1698383276\n|move|p1a: Zapdos|Volt Switch|p2a: Mitsuri Kanroji\n|-supereffective|p2a: Mitsuri Kanroji\n|-damage|p2a: Mitsuri Kanroji|0 fnt\n|faint|p2a: Mitsuri Kanroji\n|\n|win|Undead_Redhead\n|c|\u2606Scottowo|gg\n|c|\u2606Scottowo|i played so ass\n","uploadtime":1698383283,"views":43,"p1id":"undeadredhead","p2id":"scottowo","formatid":"gen9ubers","rating":0,"private":0,"password":""}