{"id":"gen9ubers-1995731484","p1":"JimCF","p2":"Raico","format":"[Gen 9] Ubers","log":"|j|\u2606JimCF\n|j|\u2606Raico\n|t:|1700597922\n|gametype|singles\n|player|p1|JimCF|biker-gen4|\n|player|p2|Raico|red|\n|teamsize|p1|6\n|teamsize|p2|6\n|gen|9\n|tier|[Gen 9] Ubers\n|rule|Sleep Clause Mod: Limit one foe put to sleep\n|rule|Species Clause: Limit one of each Pok\u00e9mon\n|rule|OHKO Clause: OHKO moves are banned\n|rule|Evasion Items Clause: Evasion items are banned\n|rule|Evasion Moves Clause: Evasion moves are banned\n|rule|Endless Battle Clause: Forcing endless battles is banned\n|rule|HP Percentage Mod: HP is shown in percentages\n|clearpoke\n|poke|p1|Ceruledge, M|\n|poke|p1|Dragapult, M|\n|poke|p1|Zapdos|\n|poke|p1|Samurott-Hisui, M|\n|poke|p1|Sneasler, M|\n|poke|p1|Sinistcha-Masterpiece|\n|poke|p2|Ogerpon-Wellspring, F|\n|poke|p2|Iron Moth|\n|poke|p2|Hatterene, F|\n|poke|p2|Mandibuzz, F|\n|poke|p2|Kingambit, M|\n|poke|p2|Dragapult, M|\n|teampreview\n|\n|t:|1700597963\n|start\n|switch|p1a: Elec-trique|Zapdos|100\/100\n|switch|p2a: eau sucr\u00e9|Ogerpon-Wellspring, F|100\/100\n|turn|1\n|\n|t:|1700597978\n|move|p2a: eau sucr\u00e9|Ivy Cudgel|p1a: Elec-trique|[anim] Ivy Cudgel Water\n|-damage|p1a: Elec-trique|43\/100\n|move|p1a: Elec-trique|Volt Switch|p2a: eau sucr\u00e9\n|-damage|p2a: eau sucr\u00e9|53\/100\n|\n|t:|1700597986\n|switch|p1a: F\u00e9e pachi\u00e9|Dragapult, M|100\/100|[from] Volt Switch\n|\n|upkeep\n|turn|2\n|\n|t:|1700597999\n|switch|p2a: f\u00e9e volantes|Iron Moth|100\/100\n|move|p1a: F\u00e9e pachi\u00e9|U-turn|p2a: f\u00e9e volantes\n|-resisted|p2a: f\u00e9e volantes\n|-damage|p2a: f\u00e9e volantes|93\/100\n|\n|t:|1700598009\n|switch|p1a: Fly|Sneasler, M|100\/100|[from] U-turn\n|\n|upkeep\n|turn|3\n|\n|t:|1700598024\n|-end|p2a: f\u00e9e volantes|Quark Drive|[silent]\n|switch|p2a: acier tremp\u00e9|Mandibuzz, F|100\/100\n|move|p1a: Fly|Acrobatics|p2a: acier tremp\u00e9\n|-damage|p2a: acier tremp\u00e9|90\/100\n|\n|upkeep\n|turn|4\n|\n|t:|1700598037\n|switch|p1a: Elec-trique|Zapdos|43\/100\n|move|p2a: acier tremp\u00e9|U-turn|p1a: Elec-trique\n|-resisted|p1a: Elec-trique\n|-damage|p1a: Elec-trique|36\/100\n|\n|t:|1700598042\n|switch|p2a: feu froid|Dragapult, M|100\/100|[from] U-turn\n|\n|upkeep\n|turn|5\n|\n|t:|1700598058\n|move|p2a: feu froid|Shadow Ball|p1a: Elec-trique\n|-damage|p1a: Elec-trique|0 fnt\n|faint|p1a: Elec-trique\n|\n|upkeep\n|\n|t:|1700598070\n|switch|p1a: Eau de vie|Samurott-Hisui, M|100\/100\n|turn|6\n|\n|t:|1700598074\n|switch|p2a: acier tremp\u00e9|Mandibuzz, F|90\/100\n|move|p1a: Eau de vie|Ceaseless Edge|p2a: acier tremp\u00e9\n|-resisted|p2a: acier tremp\u00e9\n|-damage|p2a: acier tremp\u00e9|78\/100\n|-sidestart|p2: Raico|Spikes\n|\n|upkeep\n|turn|7\n|\n|t:|1700598091\n|switch|p1a: F\u00e9e pachi\u00e9|Dragapult, M|100\/100\n|move|p2a: acier tremp\u00e9|Defog|p1a: F\u00e9e pachi\u00e9\n|-unboost|p1a: F\u00e9e pachi\u00e9|evasion|1\n|-sideend|p2: Raico|Spikes|[from] move: Defog|[of] p2a: acier tremp\u00e9\n|\n|upkeep\n|turn|8\n|\n|t:|1700598103\n|move|p1a: F\u00e9e pachi\u00e9|Thunderbolt|p2a: acier tremp\u00e9\n|-supereffective|p2a: acier tremp\u00e9\n|-damage|p2a: acier tremp\u00e9|13\/100\n|move|p2a: acier tremp\u00e9|Foul Play|p1a: F\u00e9e pachi\u00e9\n|-supereffective|p1a: F\u00e9e pachi\u00e9\n|-damage|p1a: F\u00e9e pachi\u00e9|9\/100\n|\n|upkeep\n|turn|9\n|\n|t:|1700598112\n|switch|p2a: psy o patte|Hatterene, F|100\/100\n|move|p1a: F\u00e9e pachi\u00e9|Thunderbolt|p2a: psy o patte\n|-damage|p2a: psy o patte|70\/100\n|\n|-heal|p2a: psy o patte|76\/100|[from] item: Leftovers\n|upkeep\n|turn|10\n|\n|t:|1700598125\n|switch|p1a: Fly|Sneasler, M|100\/100\n|move|p2a: psy o patte|Draining Kiss|p1a: Fly\n|-damage|p1a: Fly|70\/100\n|-heal|p2a: psy o patte|98\/100|[from] drain|[of] p1a: Fly\n|\n|-heal|p2a: psy o patte|100\/100|[from] item: Leftovers\n|upkeep\n|turn|11\n|\n|t:|1700598135\n|move|p1a: Fly|Poison Jab|p2a: psy o patte\n|-supereffective|p2a: psy o patte\n|-damage|p2a: psy o patte|2\/100\n|-status|p2a: psy o patte|psn\n|move|p2a: psy o patte|Stored Power|p1a: Fly\n|-supereffective|p1a: Fly\n|-damage|p1a: Fly|22\/100\n|\n|-heal|p2a: psy o patte|8\/100 psn|[from] item: Leftovers\n|-damage|p2a: psy o patte|0 fnt|[from] psn\n|faint|p2a: psy o patte\n|upkeep\n|\n|t:|1700598149\n|switch|p2a: feu froid|Dragapult, M|100\/100\n|turn|12\n|\n|t:|1700598160\n|switch|p1a: F\u00e9e|Sinistcha-Masterpiece|100\/100\n|move|p2a: feu froid|Shadow Ball|p1a: F\u00e9e\n|-supereffective|p1a: F\u00e9e\n|-damage|p1a: F\u00e9e|0 fnt\n|faint|p1a: F\u00e9e\n|\n|upkeep\n|\n|t:|1700598171\n|switch|p1a: Eau de vie|Samurott-Hisui, M|100\/100\n|turn|13\n|\n|t:|1700598190\n|switch|p1a: Ghost|Ceruledge, M, shiny|100\/100\n|switch|p2a: acier tremp\u00e9|Mandibuzz, F|13\/100\n|\n|upkeep\n|turn|14\n|\n|t:|1700598201\n|move|p1a: Ghost|Bitter Blade|p2a: acier tremp\u00e9\n|-damage|p2a: acier tremp\u00e9|0 fnt\n|faint|p2a: acier tremp\u00e9\n|\n|upkeep\n|\n|t:|1700598208\n|switch|p2a: eau sucr\u00e9|Ogerpon-Wellspring, F|53\/100\n|turn|15\n|\n|t:|1700598212\n|move|p1a: Ghost|Endure|p1a: Ghost\n|-singleturn|p1a: Ghost|move: Endure\n|move|p2a: eau sucr\u00e9|Ivy Cudgel|p1a: Ghost|[anim] Ivy Cudgel Water\n|-supereffective|p1a: Ghost\n|-activate|p1a: Ghost|move: Endure\n|-damage|p1a: Ghost|1\/100\n|-ability|p1a: Ghost|Weak Armor|boost\n|-unboost|p1a: Ghost|def|1\n|-boost|p1a: Ghost|spe|2\n|-enditem|p1a: Ghost|Weakness Policy\n|-boost|p1a: Ghost|atk|2|[from] item: Weakness Policy\n|-boost|p1a: Ghost|spa|2|[from] item: Weakness Policy\n|\n|upkeep\n|turn|16\n|\n|t:|1700598224\n|move|p1a: Ghost|Bitter Blade|p2a: eau sucr\u00e9\n|-damage|p2a: eau sucr\u00e9|0 fnt\n|-heal|p1a: Ghost|28\/100|[from] drain|[of] p2a: eau sucr\u00e9\n|faint|p2a: eau sucr\u00e9\n|\n|upkeep\n|\n|t:|1700598226\n|switch|p2a: f\u00e9e mal\u00e9fique|Kingambit, M|100\/100\n|-activate|p2a: f\u00e9e mal\u00e9fique|ability: Supreme Overlord\n|-start|p2a: f\u00e9e mal\u00e9fique|fallen3|[silent]\n|turn|17\n|\n|t:|1700598235\n|move|p1a: Ghost|Shadow Sneak|p2a: f\u00e9e mal\u00e9fique\n|-resisted|p2a: f\u00e9e mal\u00e9fique\n|-damage|p2a: f\u00e9e mal\u00e9fique|86\/100\n|move|p2a: f\u00e9e mal\u00e9fique|Sucker Punch||[still]\n|-fail|p2a: f\u00e9e mal\u00e9fique\n|\n|-heal|p2a: f\u00e9e mal\u00e9fique|92\/100|[from] item: Leftovers\n|upkeep\n|turn|18\n|\n|t:|1700598243\n|move|p2a: f\u00e9e mal\u00e9fique|Sucker Punch|p1a: Ghost\n|-supereffective|p1a: Ghost\n|-damage|p1a: Ghost|0 fnt\n|faint|p1a: Ghost\n|\n|-heal|p2a: f\u00e9e mal\u00e9fique|98\/100|[from] item: Leftovers\n|upkeep\n|\n|t:|1700598255\n|switch|p1a: Fly|Sneasler, M|22\/100\n|turn|19\n|\n|t:|1700598260\n|move|p1a: Fly|Fake Out|p2a: f\u00e9e mal\u00e9fique\n|-enditem|p1a: Fly|Normal Gem|[from] gem\n|-resisted|p2a: f\u00e9e mal\u00e9fique\n|-damage|p2a: f\u00e9e mal\u00e9fique|91\/100\n|cant|p2a: f\u00e9e mal\u00e9fique|flinch\n|\n|-heal|p2a: f\u00e9e mal\u00e9fique|98\/100|[from] item: Leftovers\n|upkeep\n|turn|20\n|\n|t:|1700598273\n|switch|p1a: Eau de vie|Samurott-Hisui, M|100\/100\n|move|p2a: f\u00e9e mal\u00e9fique|Sucker Punch||[still]\n|-fail|p2a: f\u00e9e mal\u00e9fique\n|\n|-heal|p2a: f\u00e9e mal\u00e9fique|100\/100|[from] item: Leftovers\n|upkeep\n|turn|21\n|\n|t:|1700598292\n|-end|p2a: f\u00e9e mal\u00e9fique|fallen3|[silent]\n|switch|p2a: f\u00e9e volantes|Iron Moth|93\/100\n|move|p1a: Eau de vie|X-Scissor|p2a: f\u00e9e volantes\n|-resisted|p2a: f\u00e9e volantes\n|-damage|p2a: f\u00e9e volantes|77\/100\n|\n|upkeep\n|turn|22\n|\n|t:|1700598303\n|switch|p1a: Fly|Sneasler, M|22\/100\n|move|p2a: f\u00e9e volantes|Dazzling Gleam|p1a: Fly\n|-damage|p1a: Fly|0 fnt\n|faint|p1a: Fly\n|\n|upkeep\n|\n|t:|1700598313\n|switch|p1a: F\u00e9e pachi\u00e9|Dragapult, M|9\/100\n|turn|23\n|\n|t:|1700598325\n|-end|p2a: f\u00e9e volantes|Quark Drive|[silent]\n|switch|p2a: feu froid|Dragapult, M|100\/100\n|move|p1a: F\u00e9e pachi\u00e9|U-turn|p2a: feu froid\n|-resisted|p2a: feu froid\n|-damage|p2a: feu froid|89\/100\n|\n|t:|1700598330\n|switch|p1a: Eau de vie|Samurott-Hisui, M|100\/100|[from] U-turn\n|\n|upkeep\n|turn|24\n|\n|t:|1700598352\n|-terastallize|p1a: Eau de vie|Water\n|move|p1a: Eau de vie|Aqua Cutter|p2a: feu froid\n|-resisted|p2a: feu froid\n|-damage|p2a: feu froid|46\/100\n|move|p2a: feu froid|Draco Meteor|p1a: Eau de vie\n|-damage|p1a: Eau de vie|0 fnt\n|-unboost|p2a: feu froid|spa|2\n|faint|p1a: Eau de vie\n|\n|upkeep\n|-message|JimCF forfeited.\n|\n|win|Raico\n|l|\u2606JimCF\n|l|\u2606Raico\n|j|\u2606Raico\n|player|p2|Raico|red\n|l|\u2606Raico\n|player|p2|\n|j|\u2606Raico\n|player|p2|Raico|red\n|l|\u2606Raico\n|player|p2|\n|j|\u2606Raico\n|player|p2|Raico|red\n","uploadtime":1700598766,"views":0,"p1id":"jimcf","p2id":"raico","formatid":"gen9ubers","rating":0,"private":0,"password":""}