{"id":"gen9ubers-1969851011","p1":"MeteorAsh15","p2":"pearlman","format":"[Gen 9] Ubers","log":"|j|\u2606MeteorAsh15\n|j|\u2606pearlman\n|t:|1697570279\n|gametype|singles\n|player|p1|MeteorAsh15|nate|1065\n|player|p2|pearlman|102|1122\n|teamsize|p1|6\n|teamsize|p2|6\n|gen|9\n|tier|[Gen 9] Ubers\n|rated|\n|rule|Sleep Clause Mod: Limit one foe put to sleep\n|rule|Species Clause: Limit one of each Pok\u00e9mon\n|rule|OHKO Clause: OHKO moves are banned\n|rule|Evasion Items Clause: Evasion items are banned\n|rule|Evasion Moves Clause: Evasion moves are banned\n|rule|Endless Battle Clause: Forcing endless battles is banned\n|rule|HP Percentage Mod: HP is shown in percentages\n|clearpoke\n|poke|p1|Mew|\n|poke|p1|Zacian-*|\n|poke|p1|Espathra, F|\n|poke|p1|Eternatus|\n|poke|p1|Ninetales-Alola, F|\n|poke|p1|Baxcalibur, F|\n|poke|p2|Donphan, L6, F|\n|poke|p2|Skeledirge, F|\n|poke|p2|Cacturne, F|\n|poke|p2|Toedscruel, F|\n|poke|p2|Weezing-Galar, F|\n|poke|p2|Wigglytuff, F|\n|teampreview\n|inactive|Battle timer is ON: inactive players will automatically lose when time's up. (requested by MeteorAsh15)\n|\n|t:|1697570295\n|start\n|switch|p1a: Mew|Mew, shiny|100\/100\n|switch|p2a: Wigglytuff|Wigglytuff, F|100\/100\n|-item|p1a: Mew|Red Card|[from] ability: Frisk|[of] p2a: Wigglytuff|[identify]\n|turn|1\n|c|\u2606pearlman|Gl hf\n|\n|t:|1697570309\n|move|p1a: Mew|Stealth Rock|p2a: Wigglytuff\n|-sidestart|p2: pearlman|move: Stealth Rock\n|move|p2a: Wigglytuff|Knock Off|p1a: Mew\n|-supereffective|p1a: Mew\n|-damage|p1a: Mew|67\/100\n|-enditem|p1a: Mew|Red Card|[from] move: Knock Off|[of] p2a: Wigglytuff\n|\n|upkeep\n|turn|2\n|\n|t:|1697570318\n|move|p1a: Mew|Toxic Spikes|p2a: Wigglytuff\n|-sidestart|p2: pearlman|move: Toxic Spikes\n|move|p2a: Wigglytuff|Stealth Rock|p1a: Mew\n|-sidestart|p1: MeteorAsh15|move: Stealth Rock\n|\n|upkeep\n|turn|3\n|\n|t:|1697570326\n|move|p1a: Mew|Taunt|p2a: Wigglytuff\n|-start|p2a: Wigglytuff|move: Taunt\n|cant|p2a: Wigglytuff|move: Taunt|Wish\n|\n|upkeep\n|turn|4\n|\n|t:|1697570332\n|switch|p2a: Weezing|Weezing-Galar, F|100\/100\n|-ability|p2a: Weezing|Neutralizing Gas\n|-damage|p2a: Weezing|88\/100|[from] Stealth Rock\n|-sideend|p2: pearlman|move: Toxic Spikes|[of] p2a: Weezing\n|move|p1a: Mew|Misty Explosion|p2a: Weezing\n|-resisted|p2a: Weezing\n|-damage|p2a: Weezing|76\/100\n|faint|p1a: Mew\n|\n|-heal|p2a: Weezing|82\/100|[from] item: Black Sludge\n|upkeep\n|\n|t:|1697570345\n|switch|p1a: Espathra|Espathra, F, shiny|100\/100\n|-damage|p1a: Espathra|88\/100|[from] Stealth Rock\n|turn|5\n|\n|t:|1697570352\n|move|p1a: Espathra|Protect|p1a: Espathra\n|-singleturn|p1a: Espathra|Protect\n|move|p2a: Weezing|Defog|p1a: Espathra\n|-activate|p1a: Espathra|move: Protect\n|\n|-heal|p1a: Espathra|94\/100|[from] item: Leftovers\n|-heal|p2a: Weezing|88\/100|[from] item: Black Sludge\n|upkeep\n|turn|6\n|\n|t:|1697570362\n|move|p1a: Espathra|Calm Mind|p1a: Espathra\n|-boost|p1a: Espathra|spa|1\n|-boost|p1a: Espathra|spd|1\n|move|p2a: Weezing|Defog|p1a: Espathra\n|-unboost|p1a: Espathra|evasion|1\n|-sideend|p1: MeteorAsh15|Stealth Rock|[from] move: Defog|[of] p2a: Weezing\n|-sideend|p2: pearlman|Stealth Rock|[from] move: Defog|[of] p2a: Weezing\n|\n|-heal|p1a: Espathra|99\/100|[from] item: Leftovers\n|-heal|p2a: Weezing|94\/100|[from] item: Black Sludge\n|upkeep\n|turn|7\n|\n|t:|1697570374\n|move|p1a: Espathra|Calm Mind|p1a: Espathra\n|-boost|p1a: Espathra|spa|1\n|-boost|p1a: Espathra|spd|1\n|move|p2a: Weezing|Will-O-Wisp|p1a: Espathra\n|-status|p1a: Espathra|brn\n|\n|-heal|p1a: Espathra|100\/100 brn|[from] item: Leftovers\n|-heal|p2a: Weezing|99\/100|[from] item: Black Sludge\n|-damage|p1a: Espathra|94\/100 brn|[from] brn\n|upkeep\n|turn|8\n|\n|t:|1697570386\n|-end|p2a: Weezing|ability: Neutralizing Gas\n|switch|p2a: Cacturne|Cacturne, F|100\/100\n|move|p1a: Espathra|Stored Power|p2a: Cacturne\n|-immune|p2a: Cacturne\n|\n|-heal|p1a: Espathra|100\/100 brn|[from] item: Leftovers\n|-damage|p1a: Espathra|94\/100 brn|[from] brn\n|-ability|p1a: Espathra|Speed Boost|boost\n|-boost|p1a: Espathra|spe|1\n|upkeep\n|turn|9\n|\n|t:|1697570401\n|move|p1a: Espathra|Dazzling Gleam|p2a: Cacturne\n|-supereffective|p2a: Cacturne\n|-damage|p2a: Cacturne|1\/100\n|move|p2a: Cacturne|Leech Seed|p1a: Espathra\n|-start|p1a: Espathra|move: Leech Seed\n|\n|-heal|p1a: Espathra|100\/100 brn|[from] item: Leftovers\n|-damage|p1a: Espathra|88\/100 brn|[from] Leech Seed|[of] p2a: Cacturne\n|-heal|p2a: Cacturne|13\/100|[silent]\n|-damage|p1a: Espathra|82\/100 brn|[from] brn\n|-ability|p1a: Espathra|Speed Boost|boost\n|-boost|p1a: Espathra|spe|1\n|upkeep\n|turn|10\n|\n|t:|1697570413\n|switch|p2a: Skeledirge|Skeledirge, F|100\/100\n|move|p1a: Espathra|Dazzling Gleam|p2a: Skeledirge\n|-resisted|p2a: Skeledirge\n|-damage|p2a: Skeledirge|92\/100\n|\n|-heal|p1a: Espathra|88\/100 brn|[from] item: Leftovers\n|-heal|p2a: Skeledirge|98\/100|[from] item: Leftovers\n|-damage|p1a: Espathra|76\/100 brn|[from] Leech Seed|[of] p2a: Skeledirge\n|-heal|p2a: Skeledirge|100\/100|[silent]\n|-damage|p1a: Espathra|70\/100 brn|[from] brn\n|-ability|p1a: Espathra|Speed Boost|boost\n|-boost|p1a: Espathra|spe|1\n|upkeep\n|turn|11\n|\n|t:|1697570428\n|move|p2a: Skeledirge|Protect|p2a: Skeledirge\n|-singleturn|p2a: Skeledirge|Protect\n|move|p1a: Espathra|Stored Power|p2a: Skeledirge\n|-activate|p2a: Skeledirge|move: Protect\n|\n|-heal|p1a: Espathra|76\/100 brn|[from] item: Leftovers\n|-damage|p1a: Espathra|63\/100 brn|[from] Leech Seed|[of] p2a: Skeledirge\n|-damage|p1a: Espathra|57\/100 brn|[from] brn\n|-ability|p1a: Espathra|Speed Boost|boost\n|-boost|p1a: Espathra|spe|1\n|upkeep\n|turn|12\n|\n|t:|1697570440\n|switch|p2a: Cacturne|Cacturne, F|13\/100\n|move|p1a: Espathra|Stored Power|p2a: Cacturne\n|-immune|p2a: Cacturne\n|\n|-heal|p1a: Espathra|63\/100 brn|[from] item: Leftovers\n|-damage|p1a: Espathra|51\/100 brn|[from] Leech Seed|[of] p2a: Cacturne\n|-heal|p2a: Cacturne|25\/100|[silent]\n|-damage|p1a: Espathra|45\/100 brn|[from] brn\n|-ability|p1a: Espathra|Speed Boost|boost\n|-boost|p1a: Espathra|spe|1\n|upkeep\n|turn|13\n|\n|t:|1697570453\n|move|p2a: Cacturne|Spiky Shield|p2a: Cacturne\n|-singleturn|p2a: Cacturne|move: Protect\n|move|p1a: Espathra|Dazzling Gleam|p2a: Cacturne\n|-activate|p2a: Cacturne|move: Protect\n|\n|-heal|p1a: Espathra|51\/100 brn|[from] item: Leftovers\n|-damage|p1a: Espathra|39\/100 brn|[from] Leech Seed|[of] p2a: Cacturne\n|-heal|p2a: Cacturne|37\/100|[silent]\n|-damage|p1a: Espathra|33\/100 brn|[from] brn\n|-ability|p1a: Espathra|Speed Boost|boost\n|-boost|p1a: Espathra|spe|1\n|upkeep\n|turn|14\n|\n|t:|1697570465\n|move|p2a: Cacturne|Sucker Punch|p1a: Espathra\n|-supereffective|p1a: Espathra\n|-crit|p1a: Espathra\n|-damage|p1a: Espathra|0 fnt\n|faint|p1a: Espathra\n|\n|upkeep\n|\n|t:|1697570472\n|switch|p1a: Eternatus|Eternatus|100\/100\n|-ability|p1a: Eternatus|Pressure\n|turn|15\n|\n|t:|1697570483\n|move|p2a: Cacturne|Spiky Shield|p2a: Cacturne\n|-singleturn|p2a: Cacturne|move: Protect\n|move|p1a: Eternatus|Sludge Bomb|p2a: Cacturne\n|-activate|p2a: Cacturne|move: Protect\n|\n|upkeep\n|turn|16\n|\n|t:|1697570492\n|switch|p2a: Skeledirge|Skeledirge, F|100\/100\n|move|p1a: Eternatus|Sludge Bomb|p2a: Skeledirge\n|-resisted|p2a: Skeledirge\n|-damage|p2a: Skeledirge|83\/100\n|\n|-heal|p2a: Skeledirge|89\/100|[from] item: Leftovers\n|upkeep\n|turn|17\n|\n|t:|1697570502\n|move|p1a: Eternatus|Dynamax Cannon|p2a: Skeledirge\n|-damage|p2a: Skeledirge|45\/100\n|move|p2a: Skeledirge|Curse|p1a: Eternatus\n|-start|p1a: Eternatus|Curse|[of] p2a: Skeledirge\n|-damage|p2a: Skeledirge|0 fnt\n|faint|p2a: Skeledirge\n|\n|-damage|p1a: Eternatus|76\/100|[from] Curse\n|upkeep\n|\n|t:|1697570516\n|switch|p2a: Donphan|Donphan, L6, F|100\/100\n|turn|18\n|\n|t:|1697570526\n|move|p1a: Eternatus|Dynamax Cannon|p2a: Donphan\n|-ability|p2a: Donphan|Sturdy\n|-damage|p2a: Donphan|4\/100\n|move|p2a: Donphan|Endeavor|p1a: Eternatus\n|-damage|p1a: Eternatus|1\/100\n|-heal|p2a: Donphan|100\/100|[from] item: Shell Bell|[of] p1a: Eternatus\n|\n|-damage|p1a: Eternatus|0 fnt|[from] Curse\n|faint|p1a: Eternatus\n|upkeep\n|c|\u2606pearlman|Gg\n|\n|t:|1697570538\n|switch|p1a: Ninetales|Ninetales-Alola, F|100\/100\n|-weather|Snow|[from] ability: Snow Warning|[of] p1a: Ninetales\n|turn|19\n|\n|t:|1697570545\n|move|p1a: Ninetales|Freeze-Dry|p2a: Donphan\n|-supereffective|p2a: Donphan\n|-ability|p2a: Donphan|Sturdy\n|-damage|p2a: Donphan|4\/100\n|move|p2a: Donphan|Endeavor|p1a: Ninetales\n|-damage|p1a: Ninetales|1\/100\n|-heal|p2a: Donphan|100\/100|[from] item: Shell Bell|[of] p1a: Ninetales\n|\n|-weather|Snow|[upkeep]\n|upkeep\n|turn|20\n|\n|t:|1697570556\n|move|p2a: Donphan|Ice Shard|p1a: Ninetales\n|-resisted|p1a: Ninetales\n|-damage|p1a: Ninetales|0 fnt\n|faint|p1a: Ninetales\n|\n|-weather|Snow|[upkeep]\n|upkeep\n|\n|t:|1697570563\n|switch|p1a: Baxcalibur|Baxcalibur, F, shiny|100\/100\n|turn|21\n|\n|t:|1697570574\n|move|p2a: Donphan|Protect|p2a: Donphan\n|-singleturn|p2a: Donphan|Protect\n|move|p1a: Baxcalibur|Icicle Spear|p2a: Donphan\n|-activate|p2a: Donphan|move: Protect\n|\n|-weather|Snow|[upkeep]\n|upkeep\n|turn|22\n|\n|t:|1697570586\n|switch|p2a: Weezing|Weezing-Galar, F|99\/100\n|-ability|p2a: Weezing|Neutralizing Gas\n|move|p1a: Baxcalibur|Icicle Spear|p2a: Weezing\n|-damage|p2a: Weezing|87\/100\n|-damage|p2a: Weezing|76\/100\n|-damage|p2a: Weezing|63\/100\n|-damage|p2a: Weezing|51\/100\n|-hitcount|p2a: Weezing|4\n|\n|-weather|Snow|[upkeep]\n|-heal|p2a: Weezing|57\/100|[from] item: Black Sludge\n|upkeep\n|turn|23\n|\n|t:|1697570600\n|move|p1a: Baxcalibur|Swords Dance|p1a: Baxcalibur\n|-boost|p1a: Baxcalibur|atk|2\n|move|p2a: Weezing|Pain Split|p1a: Baxcalibur\n|-sethp|p1a: Baxcalibur|76\/100|[from] move: Pain Split|[silent]\n|-sethp|p2a: Weezing|84\/100|[from] move: Pain Split\n|\n|-weather|none\n|-heal|p2a: Weezing|90\/100|[from] item: Black Sludge\n|upkeep\n|turn|24\n|\n|t:|1697570610\n|move|p1a: Baxcalibur|Icicle Spear|p2a: Weezing\n|-damage|p2a: Weezing|66\/100\n|-damage|p2a: Weezing|43\/100\n|-damage|p2a: Weezing|20\/100\n|-damage|p2a: Weezing|0 fnt\n|faint|p2a: Weezing\n|-end|p2a: Weezing|ability: Neutralizing Gas\n|-hitcount|p2: Weezing|4\n|\n|upkeep\n|\n|t:|1697570619\n|switch|p2a: Wigglytuff|Wigglytuff, F|100\/100\n|-item|p1a: Baxcalibur|Loaded Dice|[from] ability: Frisk|[of] p2a: Wigglytuff|[identify]\n|turn|25\n|\n|t:|1697570624\n|move|p1a: Baxcalibur|Icicle Spear|p2a: Wigglytuff\n|-damage|p2a: Wigglytuff|66\/100\n|-damage|p2a: Wigglytuff|31\/100\n|-damage|p2a: Wigglytuff|0 fnt\n|faint|p2a: Wigglytuff\n|-hitcount|p2: Wigglytuff|3\n|\n|upkeep\n|\n|t:|1697570633\n|switch|p2a: Cacturne|Cacturne, F|37\/100\n|turn|26\n|\n|t:|1697570640\n|-terastallize|p2a: Cacturne|Ghost\n|move|p1a: Baxcalibur|Scale Shot|p2a: Cacturne\n|-damage|p2a: Cacturne|0 fnt\n|faint|p2a: Cacturne\n|-hitcount|p2: Cacturne|1\n|-unboost|p1a: Baxcalibur|def|1\n|-boost|p1a: Baxcalibur|spe|1\n|\n|upkeep\n|-message|pearlman forfeited.\n|\n|win|MeteorAsh15\n|raw|MeteorAsh15's rating: 1065 &rarr; <strong>1100<\/strong><br \/>(+35 for winning)\n|raw|pearlman's rating: 1122 &rarr; <strong>1093<\/strong><br \/>(-29 for losing)\n|l|\u2606pearlman\n","uploadtime":1697570660,"views":6,"p1id":"meteorash15","p2id":"pearlman","formatid":"gen9ubers","rating":1093,"private":0,"password":""}