{"id":"gen9ubers-1980367951","p1":"A bit moody","p2":"mann_treads","format":"[Gen 9] Ubers","log":"|j|\u2606A bit moody\n|j|\u2606mann_treads\n|t:|1698778864\n|gametype|singles\n|player|p1|A bit moody|266|\n|player|p2|mann_treads|ariana|\n|teamsize|p1|6\n|teamsize|p2|6\n|gen|9\n|tier|[Gen 9] Ubers\n|rule|Sleep Clause Mod: Limit one foe put to sleep\n|rule|Species Clause: Limit one of each Pok\u00e9mon\n|rule|OHKO Clause: OHKO moves are banned\n|rule|Evasion Items Clause: Evasion items are banned\n|rule|Evasion Moves Clause: Evasion moves are banned\n|rule|Endless Battle Clause: Forcing endless battles is banned\n|rule|HP Percentage Mod: HP is shown in percentages\n|clearpoke\n|poke|p1|Arceus-Poison|\n|poke|p1|Blissey, F|\n|poke|p1|Dondozo, F|\n|poke|p1|Gliscor, M|\n|poke|p1|Giratina|\n|poke|p1|Dialga|\n|poke|p2|Pelipper, M|\n|poke|p2|Basculegion-F, F|\n|poke|p2|Walking Wake|\n|poke|p2|Zapdos|\n|poke|p2|Arceus-Grass|\n|poke|p2|Zacian-*|\n|teampreview\n|\n|t:|1698778872\n|start\n|switch|p1a: Gliscor|Gliscor, M|100\/100\n|switch|p2a: Pelipper|Pelipper, M|100\/100\n|-weather|RainDance|[from] ability: Drizzle|[of] p2a: Pelipper\n|turn|1\n|\n|t:|1698778879\n|move|p1a: Gliscor|Spikes|p2a: Pelipper\n|-sidestart|p2: mann_treads|Spikes\n|move|p2a: Pelipper|Weather Ball|p1a: Gliscor\n|-supereffective|p1a: Gliscor\n|-damage|p1a: Gliscor|0 fnt\n|faint|p1a: Gliscor\n|\n|-weather|RainDance|[upkeep]\n|upkeep\n|\n|t:|1698778897\n|switch|p1a: Arceus|Arceus-Poison|100\/100\n|turn|2\n|\n|t:|1698778901\n|move|p1a: Arceus|Cosmic Power|p1a: Arceus\n|-boost|p1a: Arceus|def|1\n|-boost|p1a: Arceus|spd|1\n|move|p2a: Pelipper|U-turn|p1a: Arceus\n|-resisted|p1a: Arceus\n|-damage|p1a: Arceus|98\/100\n|\n|t:|1698778907\n|switch|p2a: Walking Wake|Walking Wake|100\/100|[from] U-turn\n|-damage|p2a: Walking Wake|88\/100|[from] Spikes\n|-enditem|p2a: Walking Wake|Booster Energy\n|-activate|p2a: Walking Wake|ability: Protosynthesis|[fromitem]\n|-start|p2a: Walking Wake|protosynthesisspe\n|\n|-weather|RainDance|[upkeep]\n|upkeep\n|turn|3\n|\n|t:|1698778913\n|move|p1a: Arceus|Cosmic Power|p1a: Arceus\n|-boost|p1a: Arceus|def|1\n|-boost|p1a: Arceus|spd|1\n|move|p2a: Walking Wake|Roar|p1a: Arceus\n|drag|p1a: Dondozo|Dondozo, F|100\/100\n|\n|-weather|RainDance|[upkeep]\n|upkeep\n|turn|4\n|\n|t:|1698778922\n|move|p2a: Walking Wake|Draco Meteor|p1a: Dondozo\n|-damage|p1a: Dondozo|34\/100\n|-unboost|p2a: Walking Wake|spa|2\n|move|p1a: Dondozo|Liquidation|p2a: Walking Wake\n|-resisted|p2a: Walking Wake\n|-damage|p2a: Walking Wake|75\/100\n|\n|-weather|RainDance|[upkeep]\n|upkeep\n|turn|5\n|\n|t:|1698778929\n|switch|p1a: Arceus|Arceus-Poison|98\/100\n|move|p2a: Walking Wake|Draco Meteor|p1a: Arceus\n|-crit|p1a: Arceus\n|-damage|p1a: Arceus|28\/100\n|-unboost|p2a: Walking Wake|spa|2\n|\n|-weather|RainDance|[upkeep]\n|upkeep\n|turn|6\n|\n|t:|1698778938\n|move|p2a: Walking Wake|Flamethrower|p1a: Arceus\n|-damage|p1a: Arceus|25\/100\n|move|p1a: Arceus|Recover|p1a: Arceus\n|-heal|p1a: Arceus|75\/100\n|\n|-weather|RainDance|[upkeep]\n|upkeep\n|turn|7\n|\n|t:|1698778949\n|-end|p2a: Walking Wake|Protosynthesis|[silent]\n|switch|p2a: Zapdos|Zapdos|100\/100\n|move|p1a: Arceus|Cosmic Power|p1a: Arceus\n|-boost|p1a: Arceus|def|1\n|-boost|p1a: Arceus|spd|1\n|\n|-weather|RainDance|[upkeep]\n|upkeep\n|turn|8\n|\n|t:|1698778957\n|move|p1a: Arceus|Cosmic Power|p1a: Arceus\n|-boost|p1a: Arceus|def|1\n|-boost|p1a: Arceus|spd|1\n|move|p2a: Zapdos|Thunder Wave|p1a: Arceus\n|-status|p1a: Arceus|par\n|\n|-weather|none\n|upkeep\n|turn|9\n|\n|t:|1698778966\n|switch|p2a: Walking Wake|Walking Wake|75\/100\n|-damage|p2a: Walking Wake|63\/100|[from] Spikes\n|move|p1a: Arceus|Cosmic Power|p1a: Arceus\n|-boost|p1a: Arceus|def|1\n|-boost|p1a: Arceus|spd|1\n|\n|upkeep\n|turn|10\n|\n|t:|1698778972\n|move|p1a: Arceus|Stored Power|p2a: Walking Wake\n|-damage|p2a: Walking Wake|21\/100\n|move|p2a: Walking Wake|Roar|p1a: Arceus\n|drag|p1a: Blissey|Blissey, F|100\/100\n|\n|upkeep\n|turn|11\n|\n|t:|1698778982\n|-end|p2a: Walking Wake|Protosynthesis|[silent]\n|switch|p2a: Pelipper|Pelipper, M|100\/100\n|-weather|RainDance|[from] ability: Drizzle|[of] p2a: Pelipper\n|move|p1a: Blissey|Thunder Wave|p2a: Pelipper|[miss]\n|-miss|p1a: Blissey|p2a: Pelipper\n|\n|-weather|RainDance|[upkeep]\n|upkeep\n|turn|12\n|\n|t:|1698778989\n|switch|p1a: Dialga|Dialga|100\/100\n|-ability|p1a: Dialga|Pressure\n|move|p2a: Pelipper|U-turn|p1a: Dialga\n|-resisted|p1a: Dialga\n|-damage|p1a: Dialga|98\/100\n|\n|t:|1698778999\n|switch|p2a: Zacian|Zacian|100\/100|[from] U-turn\n|-damage|p2a: Zacian|88\/100|[from] Spikes\n|-ability|p2a: Zacian|Intrepid Sword|boost\n|-boost|p2a: Zacian|atk|1\n|\n|-weather|RainDance|[upkeep]\n|-heal|p1a: Dialga|100\/100|[from] item: Leftovers\n|upkeep\n|turn|13\n|\n|t:|1698779008\n|move|p2a: Zacian|Swords Dance|p2a: Zacian\n|-boost|p2a: Zacian|atk|2\n|move|p1a: Dialga|Thunder Wave|p2a: Zacian\n|-status|p2a: Zacian|par\n|\n|-weather|RainDance|[upkeep]\n|upkeep\n|turn|14\n|\n|t:|1698779030\n|-terastallize|p1a: Dialga|Bug\n|move|p2a: Zacian|Swords Dance|p2a: Zacian\n|-boost|p2a: Zacian|atk|2\n|move|p1a: Dialga|Roar|p2a: Zacian\n|drag|p2a: Pelipper|Pelipper, M|100\/100\n|\n|-weather|RainDance|[upkeep]\n|upkeep\n|turn|15\n|\n|t:|1698779038\n|move|p1a: Dialga|Thunder Wave|p2a: Pelipper\n|-status|p2a: Pelipper|par\n|cant|p2a: Pelipper|par\n|\n|-weather|RainDance|[upkeep]\n|upkeep\n|turn|16\n|\n|t:|1698779045\n|switch|p1a: Arceus|Arceus-Poison|75\/100 par\n|move|p2a: Pelipper|Hurricane|p1a: Arceus\n|-damage|p1a: Arceus|49\/100 par\n|-start|p1a: Arceus|confusion\n|\n|-weather|RainDance|[upkeep]\n|upkeep\n|turn|17\n|\n|t:|1698779052\n|-activate|p1a: Arceus|confusion\n|cant|p1a: Arceus|par\n|move|p2a: Pelipper|Weather Ball|p1a: Arceus\n|-damage|p1a: Arceus|16\/100 par\n|\n|-weather|RainDance|[upkeep]\n|upkeep\n|turn|18\n|\n|t:|1698779058\n|-activate|p1a: Arceus|confusion\n|move|p1a: Arceus|Recover|p1a: Arceus\n|-heal|p1a: Arceus|66\/100 par\n|move|p2a: Pelipper|Weather Ball|p1a: Arceus\n|-damage|p1a: Arceus|34\/100 par\n|\n|-weather|none\n|upkeep\n|turn|19\n|\n|t:|1698779065\n|-end|p1a: Arceus|confusion\n|move|p1a: Arceus|Recover|p1a: Arceus\n|-heal|p1a: Arceus|84\/100 par\n|move|p2a: Pelipper|Weather Ball|p1a: Arceus\n|-damage|p1a: Arceus|77\/100 par\n|\n|upkeep\n|turn|20\n|\n|t:|1698779072\n|move|p1a: Arceus|Cosmic Power|p1a: Arceus\n|-boost|p1a: Arceus|def|1\n|-boost|p1a: Arceus|spd|1\n|move|p2a: Pelipper|U-turn|p1a: Arceus\n|-resisted|p1a: Arceus\n|-damage|p1a: Arceus|75\/100 par\n|\n|t:|1698779087\n|switch|p2a: Walking Wake|Walking Wake|21\/100|[from] U-turn\n|-damage|p2a: Walking Wake|8\/100|[from] Spikes\n|\n|upkeep\n|turn|21\n|\n|t:|1698779092\n|-end|p2a: Walking Wake|Protosynthesis|[silent]\n|switch|p2a: Zapdos|Zapdos|100\/100\n|move|p1a: Arceus|Stored Power|p2a: Zapdos\n|-damage|p2a: Zapdos|82\/100\n|\n|upkeep\n|turn|22\n|\n|t:|1698779098\n|move|p2a: Zapdos|Thunder Wave|p1a: Arceus\n|-fail|p1a: Arceus|par\n|cant|p1a: Arceus|par\n|\n|upkeep\n|turn|23\n|\n|t:|1698779102\n|move|p2a: Zapdos|Volt Switch|p1a: Arceus\n|-damage|p1a: Arceus|59\/100 par\n|\n|t:|1698779105\n|switch|p2a: Pelipper|Pelipper, M|100\/100 par|[from] Volt Switch\n|-weather|RainDance|[from] ability: Drizzle|[of] p2a: Pelipper\n|move|p1a: Arceus|Cosmic Power|p1a: Arceus\n|-boost|p1a: Arceus|def|1\n|-boost|p1a: Arceus|spd|1\n|\n|-weather|RainDance|[upkeep]\n|upkeep\n|turn|24\n|c|\u2606mann_treads|me when i misclick\n|\n|t:|1698779116\n|move|p1a: Arceus|Recover|p1a: Arceus\n|-heal|p1a: Arceus|100\/100 par\n|move|p2a: Pelipper|Weather Ball|p1a: Arceus\n|-damage|p1a: Arceus|85\/100 par\n|\n|-weather|RainDance|[upkeep]\n|upkeep\n|turn|25\n|\n|t:|1698779122\n|move|p1a: Arceus|Cosmic Power|p1a: Arceus\n|-boost|p1a: Arceus|def|1\n|-boost|p1a: Arceus|spd|1\n|move|p2a: Pelipper|Hurricane|p1a: Arceus\n|-damage|p1a: Arceus|75\/100 par\n|\n|-weather|RainDance|[upkeep]\n|upkeep\n|turn|26\n|\n|t:|1698779128\n|cant|p1a: Arceus|par\n|move|p2a: Pelipper|Hurricane|p1a: Arceus\n|-damage|p1a: Arceus|66\/100 par\n|-start|p1a: Arceus|confusion\n|\n|-weather|RainDance|[upkeep]\n|upkeep\n|turn|27\n|\n|t:|1698779134\n|-activate|p1a: Arceus|confusion\n|move|p1a: Arceus|Cosmic Power|p1a: Arceus\n|-boost|p1a: Arceus|def|1\n|-boost|p1a: Arceus|spd|1\n|cant|p2a: Pelipper|par\n|\n|-weather|RainDance|[upkeep]\n|upkeep\n|turn|28\n|\n|t:|1698779140\n|-activate|p1a: Arceus|confusion\n|move|p1a: Arceus|Cosmic Power|p1a: Arceus\n|-boost|p1a: Arceus|def|1\n|-boost|p1a: Arceus|spd|1\n|move|p2a: Pelipper|Weather Ball|p1a: Arceus\n|-damage|p1a: Arceus|56\/100 par\n|\n|-weather|RainDance|[upkeep]\n|upkeep\n|turn|29\n|\n|t:|1698779148\n|-end|p1a: Arceus|confusion\n|move|p1a: Arceus|Recover|p1a: Arceus\n|-heal|p1a: Arceus|100\/100 par\n|move|p2a: Pelipper|Weather Ball|p1a: Arceus\n|-damage|p1a: Arceus|90\/100 par\n|\n|-weather|RainDance|[upkeep]\n|upkeep\n|turn|30\n|\n|t:|1698779157\n|cant|p1a: Arceus|par\n|move|p2a: Pelipper|U-turn|p1a: Arceus\n|-resisted|p1a: Arceus\n|-damage|p1a: Arceus|89\/100 par\n|\n|t:|1698779164\n|switch|p2a: Basculegion|Basculegion-F, F|100\/100|[from] U-turn\n|\n|-weather|none\n|upkeep\n|turn|31\n|\n|t:|1698779182\n|switch|p2a: Walking Wake|Walking Wake|8\/100\n|-damage|p2a: Walking Wake|0 fnt|[from] Spikes\n|faint|p2a: Walking Wake\n|-end|p2a: Walking Wake|Protosynthesis|[silent]\n|move|p1a: Arceus|Stored Power|p2: Walking Wake|[notarget]\n|-fail|p1a: Arceus\n|\n|upkeep\n|\n|t:|1698779188\n|switch|p2a: Arceus|Arceus-Grass|100\/100\n|-damage|p2a: Arceus|88\/100|[from] Spikes\n|turn|32\n|\n|t:|1698779192\n|move|p2a: Arceus|Calm Mind|p2a: Arceus\n|-boost|p2a: Arceus|spa|1\n|-boost|p2a: Arceus|spd|1\n|move|p1a: Arceus|Stored Power|p2a: Arceus\n|-damage|p2a: Arceus|64\/100\n|\n|upkeep\n|turn|33\n|\n|t:|1698779201\n|move|p2a: Arceus|Calm Mind|p2a: Arceus\n|-boost|p2a: Arceus|spa|1\n|-boost|p2a: Arceus|spd|1\n|move|p1a: Arceus|Cosmic Power|p1a: Arceus\n|-boost|p1a: Arceus|def|1\n|-boost|p1a: Arceus|spd|1\n|\n|upkeep\n|turn|34\n|\n|t:|1698779207\n|move|p2a: Arceus|Calm Mind|p2a: Arceus\n|-boost|p2a: Arceus|spa|1\n|-boost|p2a: Arceus|spd|1\n|cant|p1a: Arceus|par\n|\n|upkeep\n|turn|35\n|\n|t:|1698779211\n|move|p2a: Arceus|Calm Mind|p2a: Arceus\n|-boost|p2a: Arceus|spa|1\n|-boost|p2a: Arceus|spd|1\n|move|p1a: Arceus|Body Press|p2a: Arceus\n|-damage|p2a: Arceus|4\/100\n|\n|upkeep\n|turn|36\n|\n|t:|1698779217\n|move|p2a: Arceus|Recover|p2a: Arceus\n|-heal|p2a: Arceus|54\/100\n|move|p1a: Arceus|Body Press|p2a: Arceus\n|-damage|p2a: Arceus|1\/100\n|\n|upkeep\n|turn|37\n|\n|t:|1698779222\n|move|p2a: Arceus|Recover|p2a: Arceus\n|-heal|p2a: Arceus|51\/100\n|cant|p1a: Arceus|par\n|\n|upkeep\n|turn|38\n|\n|t:|1698779227\n|move|p2a: Arceus|Recover|p2a: Arceus\n|-heal|p2a: Arceus|100\/100\n|move|p1a: Arceus|Body Press|p2a: Arceus\n|-crit|p2a: Arceus\n|-damage|p2a: Arceus|21\/100\n|\n|upkeep\n|turn|39\n|\n|t:|1698779232\n|move|p2a: Arceus|Recover|p2a: Arceus\n|-heal|p2a: Arceus|71\/100\n|move|p1a: Arceus|Body Press|p2a: Arceus\n|-damage|p2a: Arceus|17\/100\n|\n|upkeep\n|turn|40\n|\n|t:|1698779239\n|move|p2a: Arceus|Recover|p2a: Arceus\n|-heal|p2a: Arceus|67\/100\n|move|p1a: Arceus|Body Press|p2a: Arceus\n|-damage|p2a: Arceus|16\/100\n|\n|upkeep\n|turn|41\n|\n|t:|1698779244\n|move|p2a: Arceus|Recover|p2a: Arceus\n|-heal|p2a: Arceus|66\/100\n|move|p1a: Arceus|Body Press|p2a: Arceus\n|-damage|p2a: Arceus|5\/100\n|\n|upkeep\n|turn|42\n|\n|t:|1698779252\n|move|p2a: Arceus|Recover|p2a: Arceus\n|-heal|p2a: Arceus|55\/100\n|cant|p1a: Arceus|par\n|\n|upkeep\n|turn|43\n|\n|t:|1698779257\n|move|p2a: Arceus|Recover|p2a: Arceus\n|-heal|p2a: Arceus|100\/100\n|move|p1a: Arceus|Body Press|p2a: Arceus\n|-damage|p2a: Arceus|44\/100\n|\n|upkeep\n|turn|44\n|\n|t:|1698779264\n|move|p2a: Arceus|Earth Power|p1a: Arceus\n|-supereffective|p1a: Arceus\n|-damage|p1a: Arceus|66\/100 par\n|move|p1a: Arceus|Body Press|p2a: Arceus\n|-damage|p2a: Arceus|0 fnt\n|faint|p2a: Arceus\n|\n|upkeep\n|\n|t:|1698779270\n|switch|p2a: Zacian|Zacian|88\/100 par\n|-damage|p2a: Zacian|76\/100 par|[from] Spikes\n|turn|45\n|\n|t:|1698779275\n|move|p2a: Zacian|Play Rough|p1a: Arceus\n|-resisted|p1a: Arceus\n|-damage|p1a: Arceus|63\/100 par\n|move|p1a: Arceus|Recover|p1a: Arceus\n|-heal|p1a: Arceus|100\/100 par\n|\n|upkeep\n|turn|46\n|c|\u2606mann_treads|whatever man\n|-message|mann_treads forfeited.\n|\n|win|A bit moody\n|l|\u2606mann_treads\n|l|\u2606A bit moody\n|j|\u2606mann_treads\n|player|p2|mann_treads|ariana\n|l|\u2606mann_treads\n|player|p2|\n|j|\u2606A bit moody\n|player|p1|A bit moody|266\n","uploadtime":1698779536,"views":15,"p1id":"abitmoody","p2id":"manntreads","formatid":"gen9ubers","rating":0,"private":0,"password":""}