{"id":"gen9ubers-1980583733","p1":"Pokrunk","p2":"g0rd0n","format":"[Gen 9] Ubers","log":"|j|\u2606Pokrunk\n|j|\u2606g0rd0n\n|t:|1698800016\n|gametype|singles\n|player|p1|Pokrunk|red-gen1rb|1374\n|player|p2|g0rd0n|flannery|1347\n|teamsize|p1|6\n|teamsize|p2|6\n|gen|9\n|tier|[Gen 9] Ubers\n|rated|\n|rule|Sleep Clause Mod: Limit one foe put to sleep\n|rule|Species Clause: Limit one of each Pok\u00e9mon\n|rule|OHKO Clause: OHKO moves are banned\n|rule|Evasion Items Clause: Evasion items are banned\n|rule|Evasion Moves Clause: Evasion moves are banned\n|rule|Endless Battle Clause: Forcing endless battles is banned\n|rule|HP Percentage Mod: HP is shown in percentages\n|clearpoke\n|poke|p1|Kleavor, F|\n|poke|p1|Kingambit, F|\n|poke|p1|Arceus-Ground|\n|poke|p1|Alomomola, F|\n|poke|p1|Miraidon|\n|poke|p1|Mewtwo|\n|poke|p2|Gholdengo|\n|poke|p2|Groudon|\n|poke|p2|Miraidon|\n|poke|p2|Iron Bundle|\n|poke|p2|Clodsire, M|\n|poke|p2|Zacian-*|\n|teampreview\n|inactive|Battle timer is ON: inactive players will automatically lose when time's up. (requested by g0rd0n)\n|\n|t:|1698800024\n|start\n|switch|p1a: Kleavor|Kleavor, F|100\/100\n|switch|p2a: Groudon|Groudon|100\/100\n|-weather|SunnyDay|[from] ability: Drought|[of] p2a: Groudon\n|turn|1\n|\n|t:|1698800026\n|move|p1a: Kleavor|Stone Axe|p2a: Groudon\n|-resisted|p2a: Groudon\n|-damage|p2a: Groudon|88\/100\n|-damage|p1a: Kleavor|84\/100|[from] item: Rocky Helmet|[of] p2a: Groudon\n|-sidestart|p2: g0rd0n|move: Stealth Rock\n|move|p2a: Groudon|Spikes|p1a: Kleavor\n|-sidestart|p1: Pokrunk|Spikes\n|\n|-weather|SunnyDay|[upkeep]\n|upkeep\n|turn|2\n|\n|t:|1698800030\n|move|p1a: Kleavor|U-turn|p2a: Groudon\n|-damage|p2a: Groudon|69\/100\n|-damage|p1a: Kleavor|68\/100|[from] item: Rocky Helmet|[of] p2a: Groudon\n|\n|t:|1698800033\n|switch|p1a: Miraidon|Miraidon|100\/100|[from] U-turn\n|-fieldstart|move: Electric Terrain|[from] ability: Hadron Engine|[of] p1a: Miraidon\n|move|p2a: Groudon|Lava Plume|p1a: Miraidon\n|-resisted|p1a: Miraidon\n|-damage|p1a: Miraidon|89\/100\n|\n|-weather|SunnyDay|[upkeep]\n|upkeep\n|turn|3\n|\n|t:|1698800037\n|switch|p2a: Clodsire|Clodsire, M|100\/100\n|-damage|p2a: Clodsire|94\/100|[from] Stealth Rock\n|move|p1a: Miraidon|Solar Beam||[still]\n|-prepare|p1a: Miraidon|Solar Beam\n|-anim|p1a: Miraidon|Solar Beam|p2a: Clodsire\n|-damage|p2a: Clodsire|64\/100\n|\n|-weather|SunnyDay|[upkeep]\n|-heal|p2a: Clodsire|70\/100|[from] item: Leftovers\n|upkeep\n|turn|4\n|\n|t:|1698800045\n|-terastallize|p1a: Miraidon|Dragon\n|move|p1a: Miraidon|Draco Meteor|p2a: Clodsire\n|-damage|p2a: Clodsire|0 fnt\n|-unboost|p1a: Miraidon|spa|2\n|faint|p2a: Clodsire\n|\n|-weather|SunnyDay|[upkeep]\n|upkeep\n|\n|t:|1698800048\n|switch|p2a: Iron Bundle|Iron Bundle|100\/100\n|-activate|p2a: Iron Bundle|ability: Quark Drive\n|-start|p2a: Iron Bundle|quarkdrivespe\n|turn|5\n|\n|t:|1698800064\n|switch|p1a: Kleavor|Kleavor, F|68\/100\n|-damage|p1a: Kleavor|55\/100|[from] Spikes\n|move|p2a: Iron Bundle|Ice Beam|p1a: Kleavor\n|-damage|p1a: Kleavor|0 fnt\n|faint|p1a: Kleavor\n|\n|-weather|none\n|upkeep\n|\n|t:|1698800070\n|switch|p1a: Kingambit|Kingambit, F|100\/100\n|-damage|p1a: Kingambit|88\/100|[from] Spikes\n|turn|6\n|\n|t:|1698800072\n|-end|p2a: Iron Bundle|Quark Drive|[silent]\n|switch|p2a: Groudon|Groudon|69\/100\n|-damage|p2a: Groudon|63\/100|[from] Stealth Rock\n|-weather|SunnyDay|[from] ability: Drought|[of] p2a: Groudon\n|move|p1a: Kingambit|Swords Dance|p1a: Kingambit\n|-boost|p1a: Kingambit|atk|2\n|\n|-weather|SunnyDay|[upkeep]\n|-fieldend|move: Electric Terrain\n|upkeep\n|turn|7\n|\n|t:|1698800078\n|move|p2a: Groudon|Lava Plume|p1a: Kingambit\n|-supereffective|p1a: Kingambit\n|-crit|p1a: Kingambit\n|-damage|p1a: Kingambit|3\/100\n|-status|p1a: Kingambit|brn\n|-enditem|p1a: Kingambit|Lum Berry|[eat]\n|-curestatus|p1a: Kingambit|brn|[msg]\n|move|p1a: Kingambit|Kowtow Cleave|p2a: Groudon\n|-damage|p2a: Groudon|14\/100\n|-damage|p1a: Kingambit|0 fnt|[from] item: Rocky Helmet|[of] p2a: Groudon\n|faint|p1a: Kingambit\n|\n|-weather|SunnyDay|[upkeep]\n|upkeep\n|\n|t:|1698800087\n|switch|p1a: Arceus|Arceus-Ground|100\/100\n|-damage|p1a: Arceus|88\/100|[from] Spikes\n|turn|8\n|\n|t:|1698800091\n|move|p1a: Arceus|Earthquake|p2a: Groudon\n|-damage|p2a: Groudon|0 fnt\n|faint|p2a: Groudon\n|\n|-weather|SunnyDay|[upkeep]\n|upkeep\n|\n|t:|1698800101\n|switch|p2a: Gholdengo|Gholdengo|100\/100\n|-damage|p2a: Gholdengo|94\/100|[from] Stealth Rock\n|-item|p2a: Gholdengo|Air Balloon\n|turn|9\n|\n|t:|1698800107\n|move|p1a: Arceus|Dragon Dance|p1a: Arceus\n|-boost|p1a: Arceus|atk|1\n|-boost|p1a: Arceus|spe|1\n|move|p2a: Gholdengo|Shadow Ball|p1a: Arceus\n|-damage|p1a: Arceus|54\/100\n|\n|-weather|SunnyDay|[upkeep]\n|upkeep\n|turn|10\n|\n|t:|1698800111\n|move|p1a: Arceus|Recover|p1a: Arceus\n|-heal|p1a: Arceus|100\/100\n|move|p2a: Gholdengo|Make It Rain|p1a: Arceus\n|-damage|p1a: Arceus|51\/100\n|-unboost|p2a: Gholdengo|spa|1\n|\n|-weather|none\n|upkeep\n|turn|11\n|\n|t:|1698800113\n|move|p1a: Arceus|Recover|p1a: Arceus\n|-heal|p1a: Arceus|100\/100\n|move|p2a: Gholdengo|Nasty Plot|p2a: Gholdengo\n|-boost|p2a: Gholdengo|spa|2\n|\n|upkeep\n|turn|12\n|\n|t:|1698800116\n|move|p1a: Arceus|Stone Edge|p2a: Gholdengo\n|-resisted|p2a: Gholdengo\n|-damage|p2a: Gholdengo|67\/100\n|-enditem|p2a: Gholdengo|Air Balloon\n|move|p2a: Gholdengo|Shadow Ball|p1a: Arceus\n|-damage|p1a: Arceus|52\/100\n|\n|upkeep\n|turn|13\n|\n|t:|1698800120\n|switch|p2a: Miraidon|Miraidon|100\/100\n|-fieldstart|move: Electric Terrain|[from] ability: Hadron Engine|[of] p2a: Miraidon\n|move|p1a: Arceus|Earthquake|p2a: Miraidon\n|-supereffective|p2a: Miraidon\n|-damage|p2a: Miraidon|0 fnt\n|faint|p2a: Miraidon\n|\n|upkeep\n|\n|t:|1698800122\n|switch|p2a: Iron Bundle|Iron Bundle|100\/100\n|-activate|p2a: Iron Bundle|ability: Quark Drive\n|-start|p2a: Iron Bundle|quarkdrivespe\n|turn|14\n|\n|t:|1698800130\n|switch|p1a: Alomomola|Alomomola, F|100\/100\n|-damage|p1a: Alomomola|88\/100|[from] Spikes\n|move|p2a: Iron Bundle|Ice Beam|p1a: Alomomola\n|-resisted|p1a: Alomomola\n|-damage|p1a: Alomomola|68\/100\n|\n|upkeep\n|turn|15\n|\n|t:|1698800136\n|move|p2a: Iron Bundle|Freeze-Dry|p1a: Alomomola\n|-supereffective|p1a: Alomomola\n|-damage|p1a: Alomomola|0 fnt\n|faint|p1a: Alomomola\n|\n|upkeep\n|\n|t:|1698800139\n|switch|p1a: Mewtwo|Mewtwo|100\/100\n|-damage|p1a: Mewtwo|88\/100|[from] Spikes\n|-ability|p1a: Mewtwo|Pressure\n|turn|16\n|\n|t:|1698800143\n|move|p2a: Iron Bundle|Flip Turn|p1a: Mewtwo\n|-damage|p1a: Mewtwo|70\/100\n|\n|t:|1698800146\n|-end|p2a: Iron Bundle|Quark Drive|[silent]\n|switch|p2a: Zacian|Zacian-Crowned|100\/100|[from] Flip Turn\n|-damage|p2a: Zacian|94\/100|[from] Stealth Rock\n|-ability|p2a: Zacian|Intrepid Sword|boost\n|-boost|p2a: Zacian|atk|1\n|move|p1a: Mewtwo|Fire Blast|p2a: Zacian\n|-supereffective|p2a: Zacian\n|-damage|p2a: Zacian|10\/100\n|\n|upkeep\n|turn|17\n|\n|t:|1698800149\n|move|p1a: Mewtwo|Fire Blast|p2a: Zacian\n|-supereffective|p2a: Zacian\n|-damage|p2a: Zacian|0 fnt\n|faint|p2a: Zacian\n|\n|-fieldend|move: Electric Terrain\n|upkeep\n|\n|t:|1698800154\n|switch|p2a: Gholdengo|Gholdengo|67\/100\n|-damage|p2a: Gholdengo|61\/100|[from] Stealth Rock\n|turn|18\n|\n|t:|1698800159\n|move|p1a: Mewtwo|Fire Blast|p2a: Gholdengo\n|-supereffective|p2a: Gholdengo\n|-damage|p2a: Gholdengo|0 fnt\n|faint|p2a: Gholdengo\n|\n|upkeep\n|\n|t:|1698800161\n|switch|p2a: Iron Bundle|Iron Bundle|100\/100\n|turn|19\n|\n|t:|1698800164\n|move|p1a: Mewtwo|Fire Blast|p2a: Iron Bundle\n|-damage|p2a: Iron Bundle|5\/100\n|-status|p2a: Iron Bundle|brn\n|move|p2a: Iron Bundle|Hydro Pump|p1a: Mewtwo\n|-damage|p1a: Mewtwo|8\/100\n|\n|-damage|p2a: Iron Bundle|0 fnt|[from] brn\n|faint|p2a: Iron Bundle\n|-end|p2a: Iron Bundle|Quark Drive|[silent]\n|\n|win|Pokrunk\n|upkeep\n|raw|Pokrunk's rating: 1374 &rarr; <strong>1392<\/strong><br \/>(+18 for winning)\n|raw|g0rd0n's rating: 1347 &rarr; <strong>1329<\/strong><br \/>(-18 for losing)\n|l|\u2606g0rd0n\n|c|\u2606Pokrunk|Gg\n|l|\u2606Pokrunk\n","uploadtime":1698800450,"views":11,"p1id":"pokrunk","p2id":"g0rd0n","formatid":"gen9ubers","rating":1329,"private":0,"password":""}