{"id":"gen9ubers-1998981431","p1":"isacku","p2":"SanjaDreams","format":"[Gen 9] Ubers","log":"|j|\u2606isacku\n|j|\u2606SanjaDreams\n|t:|1701020412\n|gametype|singles\n|player|p1|isacku|170|1076\n|player|p2|SanjaDreams|marnie|1000\n|teamsize|p1|6\n|teamsize|p2|6\n|gen|9\n|tier|[Gen 9] Ubers\n|rated|\n|rule|Sleep Clause Mod: Limit one foe put to sleep\n|rule|Species Clause: Limit one of each Pok\u00e9mon\n|rule|OHKO Clause: OHKO moves are banned\n|rule|Evasion Items Clause: Evasion items are banned\n|rule|Evasion Moves Clause: Evasion moves are banned\n|rule|Endless Battle Clause: Forcing endless battles is banned\n|rule|HP Percentage Mod: HP is shown in percentages\n|clearpoke\n|poke|p1|Amoonguss, F|\n|poke|p1|Gallade, M|\n|poke|p1|Avalugg-Hisui, F|\n|poke|p1|Gliscor, F|\n|poke|p1|Corviknight, M|\n|poke|p1|Magearna|\n|poke|p2|Cyclizar, M|\n|poke|p2|Grimmsnarl, M|\n|poke|p2|Miraidon|\n|poke|p2|Koraidon|\n|poke|p2|Espathra, F|\n|poke|p2|Flutter Mane|\n|teampreview\n|\n|t:|1701020431\n|start\n|switch|p1a: Corviknight|Corviknight, M|100\/100\n|switch|p2a: Cyclizar|Cyclizar, M|100\/100\n|turn|1\n|\n|t:|1701020439\n|move|p2a: Cyclizar|Shed Tail|p2a: Cyclizar\n|-start|p2a: Cyclizar|Substitute|[from] move: Shed Tail\n|-damage|p2a: Cyclizar|50\/100\n|\n|t:|1701020442\n|switch|p2a: Espathra|Espathra, F|100\/100|[from] Shed Tail\n|move|p1a: Corviknight|Tailwind|p1a: Corviknight\n|-sidestart|p1: isacku|move: Tailwind\n|\n|upkeep\n|turn|2\n|\n|t:|1701020449\n|move|p1a: Corviknight|Light Screen|p1a: Corviknight\n|-sidestart|p1: isacku|move: Light Screen\n|move|p2a: Espathra|Calm Mind|p2a: Espathra\n|-boost|p2a: Espathra|spa|1\n|-boost|p2a: Espathra|spd|1\n|\n|-ability|p2a: Espathra|Speed Boost|boost\n|-boost|p2a: Espathra|spe|1\n|upkeep\n|turn|3\n|\n|t:|1701020457\n|move|p2a: Espathra|Calm Mind|p2a: Espathra\n|-boost|p2a: Espathra|spa|1\n|-boost|p2a: Espathra|spd|1\n|move|p1a: Corviknight|Reflect|p1a: Corviknight\n|-sidestart|p1: isacku|Reflect\n|\n|-ability|p2a: Espathra|Speed Boost|boost\n|-boost|p2a: Espathra|spe|1\n|upkeep\n|turn|4\n|\n|t:|1701020468\n|switch|p1a: Magearna|Magearna|100\/100\n|move|p2a: Espathra|Calm Mind|p2a: Espathra\n|-boost|p2a: Espathra|spa|1\n|-boost|p2a: Espathra|spd|1\n|\n|-sideend|p1: isacku|move: Tailwind\n|-ability|p2a: Espathra|Speed Boost|boost\n|-boost|p2a: Espathra|spe|1\n|upkeep\n|turn|5\n|\n|t:|1701020478\n|move|p2a: Espathra|Calm Mind|p2a: Espathra\n|-boost|p2a: Espathra|spa|1\n|-boost|p2a: Espathra|spd|1\n|move|p1a: Magearna|Flash Cannon|p2a: Espathra\n|-activate|p2a: Espathra|move: Substitute|[damage]\n|\n|-ability|p2a: Espathra|Speed Boost|boost\n|-boost|p2a: Espathra|spe|1\n|upkeep\n|turn|6\n|\n|t:|1701020488\n|move|p2a: Espathra|Calm Mind|p2a: Espathra\n|-boost|p2a: Espathra|spa|1\n|-boost|p2a: Espathra|spd|1\n|move|p1a: Magearna|Thunderbolt|p2a: Espathra\n|-end|p2a: Espathra|Substitute\n|\n|-ability|p2a: Espathra|Speed Boost|boost\n|-boost|p2a: Espathra|spe|1\n|upkeep\n|turn|7\n|\n|t:|1701020498\n|move|p2a: Espathra|Stored Power|p1a: Magearna\n|-resisted|p1a: Magearna\n|-damage|p1a: Magearna|45\/100\n|move|p1a: Magearna|Fleur Cannon|p2a: Espathra\n|-damage|p2a: Espathra|75\/100\n|-unboost|p1a: Magearna|spa|2\n|\n|-heal|p2a: Espathra|81\/100|[from] item: Leftovers\n|-ability|p2a: Espathra|Speed Boost|boost\n|-boost|p2a: Espathra|spe|1\n|upkeep\n|turn|8\n|\n|t:|1701020508\n|move|p2a: Espathra|Calm Mind|p2a: Espathra\n|-boost|p2a: Espathra|spa|1\n|-boost|p2a: Espathra|spd|1\n|move|p1a: Magearna|Flash Cannon|p2a: Espathra\n|-damage|p2a: Espathra|72\/100\n|\n|-heal|p2a: Espathra|78\/100|[from] item: Leftovers\n|upkeep\n|turn|9\n|\n|t:|1701020517\n|move|p2a: Espathra|Dazzling Gleam|p1a: Magearna\n|-resisted|p1a: Magearna\n|-crit|p1a: Magearna\n|-damage|p1a: Magearna|17\/100\n|move|p1a: Magearna|Flash Cannon|p2a: Espathra\n|-damage|p2a: Espathra|71\/100\n|\n|-heal|p2a: Espathra|77\/100|[from] item: Leftovers\n|-sideend|p1: isacku|move: Light Screen\n|upkeep\n|turn|10\n|\n|t:|1701020527\n|move|p2a: Espathra|Stored Power|p1a: Magearna\n|-resisted|p1a: Magearna\n|-damage|p1a: Magearna|0 fnt\n|faint|p1a: Magearna\n|\n|-heal|p2a: Espathra|83\/100|[from] item: Leftovers\n|-sideend|p1: isacku|Reflect\n|upkeep\n|\n|t:|1701020536\n|switch|p1a: Avalugg|Avalugg-Hisui, F|100\/100\n|turn|11\n|\n|t:|1701020542\n|move|p2a: Espathra|Stored Power|p1a: Avalugg\n|-ability|p1a: Avalugg|Sturdy\n|-damage|p1a: Avalugg|1\/100\n|move|p1a: Avalugg|Rock Slide|p2a: Espathra\n|-damage|p2a: Espathra|43\/100\n|\n|-heal|p2a: Espathra|49\/100|[from] item: Leftovers\n|upkeep\n|turn|12\n|\n|t:|1701020556\n|move|p2a: Espathra|Protect|p2a: Espathra\n|-singleturn|p2a: Espathra|Protect\n|move|p1a: Avalugg|Ice Spinner|p2a: Espathra\n|-activate|p2a: Espathra|move: Protect\n|\n|-heal|p2a: Espathra|55\/100|[from] item: Leftovers\n|upkeep\n|turn|13\n|-message|isacku forfeited.\n|\n|win|SanjaDreams\n|raw|isacku's rating: 1076 &rarr; <strong>1050<\/strong><br \/>(-26 for losing)\n|raw|SanjaDreams's rating: 1000 &rarr; <strong>1049<\/strong><br \/>(+49 for winning)\n|l|\u2606isacku\n","uploadtime":1701020575,"views":2,"p1id":"isacku","p2id":"sanjadreams","formatid":"gen9ubers","rating":1049,"private":0,"password":""}