{"id":"gen9ubers-1978417890","p1":"wamkou","p2":"Oomaester1234","format":"[Gen 9] Ubers","log":"|j|\u2606wamkou\n|j|\u2606Oomaester1234\n|t:|1698536360\n|gametype|singles\n|player|p1|wamkou|elesa-masters2|\n|player|p2|Oomaester1234|teamrocket|\n|teamsize|p1|6\n|teamsize|p2|6\n|gen|9\n|tier|[Gen 9] Ubers\n|rule|Sleep Clause Mod: Limit one foe put to sleep\n|rule|Species Clause: Limit one of each Pok\u00e9mon\n|rule|OHKO Clause: OHKO moves are banned\n|rule|Evasion Items Clause: Evasion items are banned\n|rule|Evasion Moves Clause: Evasion moves are banned\n|rule|Endless Battle Clause: Forcing endless battles is banned\n|rule|HP Percentage Mod: HP is shown in percentages\n|clearpoke\n|poke|p1|Magearna|\n|poke|p1|Hatterene, F|\n|poke|p1|Ursaluna, F|\n|poke|p1|Dialga|\n|poke|p1|Arceus-Poison|\n|poke|p1|Enamorus-Therian, F|\n|poke|p2|Spectrier|\n|poke|p2|Dialga|\n|poke|p2|Iron Valiant|\n|poke|p2|Moltres|\n|poke|p2|Palafin, M|\n|poke|p2|Cyclizar, F|\n|teampreview\n|\n|t:|1698536380\n|start\n|switch|p1a: Magearna|Magearna|100\/100\n|switch|p2a: Palafin|Palafin, M|100\/100\n|turn|1\n|\n|t:|1698536386\n|move|p2a: Palafin|Flip Turn|p1a: Magearna\n|-damage|p1a: Magearna|81\/100\n|\n|t:|1698536388\n|detailschange|p2a: Palafin|Palafin-Hero, M\n|switch|p2a: ho oh|Moltres, shiny|100\/100|[from] Flip Turn\n|move|p1a: Magearna|Trick Room|p1a: Magearna\n|-fieldstart|move: Trick Room|[of] p1a: Magearna\n|\n|upkeep\n|turn|2\n|\n|t:|1698536393\n|move|p1a: Magearna|Volt Switch|p2a: ho oh\n|-supereffective|p2a: ho oh\n|-damage|p2a: ho oh|50\/100\n|\n|t:|1698536401\n|switch|p1a: Arceus|Arceus-Poison|100\/100|[from] Volt Switch\n|move|p2a: ho oh|Flamethrower|p1a: Arceus\n|-damage|p1a: Arceus|76\/100\n|\n|upkeep\n|turn|3\n|\n|t:|1698536409\n|move|p2a: ho oh|Roost|p2a: ho oh\n|-heal|p2a: ho oh|99\/100\n|-singleturn|p2a: ho oh|move: Roost\n|move|p1a: Arceus|Swords Dance|p1a: Arceus\n|-boost|p1a: Arceus|atk|2\n|\n|upkeep\n|turn|4\n|\n|t:|1698536421\n|move|p2a: ho oh|U-turn|p1a: Arceus\n|-resisted|p1a: Arceus\n|-damage|p1a: Arceus|71\/100\n|\n|t:|1698536423\n|switch|p2a: Dialga|Dialga|100\/100|[from] U-turn\n|-ability|p2a: Dialga|Pressure\n|move|p1a: Arceus|Gunk Shot|p2a: Dialga\n|-immune|p2a: Dialga\n|\n|upkeep\n|turn|5\n|\n|t:|1698536433\n|switch|p1a: Dialga|Dialga|100\/100\n|-ability|p1a: Dialga|Pressure\n|move|p2a: Dialga|Draco Meteor|p1a: Dialga\n|-damage|p1a: Dialga|39\/100\n|-unboost|p2a: Dialga|spa|2\n|\n|-heal|p1a: Dialga|45\/100|[from] item: Leftovers\n|-fieldend|move: Trick Room\n|upkeep\n|turn|6\n|\n|t:|1698536442\n|switch|p1a: Magearna|Magearna|81\/100\n|move|p2a: Dialga|Stealth Rock|p1a: Magearna\n|-sidestart|p1: wamkou|move: Stealth Rock\n|\n|upkeep\n|turn|7\n|\n|t:|1698536454\n|move|p2a: Dialga|Fire Blast|p1a: Magearna\n|-supereffective|p1a: Magearna\n|-damage|p1a: Magearna|48\/100\n|move|p1a: Magearna|Trick Room|p1a: Magearna\n|-fieldstart|move: Trick Room|[of] p1a: Magearna\n|\n|upkeep\n|turn|8\n|\n|t:|1698536462\n|move|p1a: Magearna|Fleur Cannon|p2a: Dialga\n|-damage|p2a: Dialga|53\/100\n|-unboost|p1a: Magearna|spa|2\n|-enditem|p1a: Magearna|Eject Pack\n|\n|t:|1698536479\n|switch|p1a: Ursaluna|Ursaluna, F|100\/100\n|-damage|p1a: Ursaluna|94\/100|[from] Stealth Rock\n|move|p2a: Dialga|Roar|p1a: Ursaluna\n|drag|p1a: Arceus|Arceus-Poison|71\/100\n|-damage|p1a: Arceus|59\/100|[from] Stealth Rock\n|\n|-heal|p2a: Dialga|59\/100|[from] item: Leftovers\n|upkeep\n|turn|9\n|\n|t:|1698536491\n|switch|p2a: ho oh|Moltres, shiny|99\/100\n|switch|p1a: Enamorus|Enamorus-Therian, F|100\/100\n|-damage|p1a: Enamorus|76\/100|[from] Stealth Rock\n|\n|upkeep\n|turn|10\n|\n|t:|1698536500\n|move|p1a: Enamorus|Sludge Bomb|p2a: ho oh\n|-damage|p2a: ho oh|56\/100\n|-status|p2a: ho oh|psn\n|move|p2a: ho oh|Hurricane|p1a: Enamorus\n|-damage|p1a: Enamorus|31\/100\n|\n|-damage|p2a: ho oh|44\/100 psn|[from] psn\n|upkeep\n|turn|11\n|\n|t:|1698536513\n|switch|p2a: Dialga|Dialga|59\/100\n|-ability|p2a: Dialga|Pressure\n|move|p1a: Enamorus|Sludge Bomb|p2a: Dialga\n|-immune|p2a: Dialga\n|\n|-heal|p2a: Dialga|65\/100|[from] item: Leftovers\n|-fieldend|move: Trick Room\n|upkeep\n|turn|12\n|\n|t:|1698536522\n|switch|p1a: Arceus|Arceus-Poison|59\/100\n|-damage|p1a: Arceus|46\/100|[from] Stealth Rock\n|move|p2a: Dialga|Fire Blast|p1a: Arceus\n|-damage|p1a: Arceus|17\/100\n|\n|-heal|p2a: Dialga|71\/100|[from] item: Leftovers\n|upkeep\n|turn|13\n|\n|t:|1698536535\n|switch|p2a: ho oh|Moltres, shiny|44\/100 psn\n|move|p1a: Arceus|Recover|p1a: Arceus\n|-heal|p1a: Arceus|67\/100\n|\n|-damage|p2a: ho oh|32\/100 psn|[from] psn\n|upkeep\n|turn|14\n|\n|t:|1698536538\n|move|p1a: Arceus|Extreme Speed|p2a: ho oh\n|-damage|p2a: ho oh|10\/100 psn\n|move|p2a: ho oh|Hurricane|p1a: Arceus\n|-damage|p1a: Arceus|36\/100\n|\n|-damage|p2a: ho oh|0 fnt|[from] psn\n|faint|p2a: ho oh\n|upkeep\n|player|p2|\n|l|oomaester1234\n|j|\u2606Oomaester1234\n|c|\u2606Oomaester1234|wawit what ahppened\n|c|\u2606Oomaester1234|it wont let me battle rn\n|l|\u2606Oomaester1234\n|j|\u2606Oomaester1234\n|player|p2|Oomaester1234|teamrocket\n|c|\u2606Oomaester1234|there we go\n|c|\u2606wamkou|idk try refreching\n|c|\u2606Oomaester1234|yeh i got it to wwork\n|\n|t:|1698536620\n|switch|p2a: Dialga|Dialga|71\/100\n|-ability|p2a: Dialga|Pressure\n|turn|15\n|\n|t:|1698536649\n|switch|p1a: Enamorus|Enamorus-Therian, F|31\/100\n|-damage|p1a: Enamorus|6\/100|[from] Stealth Rock\n|move|p2a: Dialga|Fire Blast|p1a: Enamorus\n|-damage|p1a: Enamorus|0 fnt\n|faint|p1a: Enamorus\n|\n|-heal|p2a: Dialga|77\/100|[from] item: Leftovers\n|upkeep\n|j| MrWillBeta\n|\n|t:|1698536667\n|switch|p1a: Ursaluna|Ursaluna, F|94\/100\n|-damage|p1a: Ursaluna|88\/100|[from] Stealth Rock\n|turn|16\n|\n|t:|1698536675\n|move|p2a: Dialga|Draco Meteor|p1a: Ursaluna\n|-damage|p1a: Ursaluna|21\/100\n|-unboost|p2a: Dialga|spa|2\n|move|p1a: Ursaluna|Headlong Rush|p2a: Dialga\n|-supereffective|p2a: Dialga\n|-damage|p2a: Dialga|0 fnt\n|-unboost|p1a: Ursaluna|def|1\n|-unboost|p1a: Ursaluna|spd|1\n|faint|p2a: Dialga\n|\n|-status|p1a: Ursaluna|brn|[from] item: Flame Orb\n|upkeep\n|\n|t:|1698536685\n|switch|p2a: Spectrier|Spectrier|100\/100\n|turn|17\n|\n|t:|1698536706\n|move|p2a: Spectrier|Draining Kiss|p1a: Ursaluna\n|-damage|p1a: Ursaluna|0 fnt\n|faint|p1a: Ursaluna\n|-ability|p2a: Spectrier|Grim Neigh|boost\n|-boost|p2a: Spectrier|spa|1\n|\n|upkeep\n|\n|t:|1698536712\n|switch|p1a: Magearna|Magearna|48\/100\n|-damage|p1a: Magearna|42\/100|[from] Stealth Rock\n|turn|18\n|\n|t:|1698536714\n|move|p2a: Spectrier|Shadow Ball|p1a: Magearna\n|-damage|p1a: Magearna|0 fnt\n|faint|p1a: Magearna\n|-ability|p2a: Spectrier|Grim Neigh|boost\n|-boost|p2a: Spectrier|spa|1\n|\n|upkeep\n|\n|t:|1698536719\n|switch|p1a: Arceus|Arceus-Poison|36\/100\n|-damage|p1a: Arceus|24\/100|[from] Stealth Rock\n|turn|19\n|\n|t:|1698536725\n|-terastallize|p1a: Arceus|Normal\n|move|p2a: Spectrier|Shadow Ball|p1a: Arceus\n|-immune|p1a: Arceus\n|move|p1a: Arceus|Recover|p1a: Arceus\n|-heal|p1a: Arceus|74\/100\n|\n|upkeep\n|turn|20\n|\n|t:|1698536734\n|move|p2a: Spectrier|Draining Kiss|p1a: Arceus\n|-damage|p1a: Arceus|48\/100\n|move|p1a: Arceus|Gunk Shot|p2a: Spectrier|[miss]\n|-miss|p1a: Arceus|p2a: Spectrier\n|\n|upkeep\n|turn|21\n|j| Aipom Hoshino\n|\n|t:|1698536758\n|move|p2a: Spectrier|Calm Mind|p2a: Spectrier\n|-boost|p2a: Spectrier|spa|1\n|-boost|p2a: Spectrier|spd|1\n|move|p1a: Arceus|Gunk Shot|p2a: Spectrier\n|-resisted|p2a: Spectrier\n|-damage|p2a: Spectrier|40\/100\n|-status|p2a: Spectrier|psn\n|\n|-heal|p2a: Spectrier|46\/100 psn|[from] item: Leftovers\n|-damage|p2a: Spectrier|34\/100 psn|[from] psn\n|upkeep\n|turn|22\n|\n|t:|1698536773\n|move|p2a: Spectrier|Draining Kiss|p1a: Arceus\n|-crit|p1a: Arceus\n|-damage|p1a: Arceus|1\/100\n|-heal|p2a: Spectrier|80\/100 psn|[from] drain|[of] p1a: Arceus\n|move|p1a: Arceus|Recover|p1a: Arceus\n|-heal|p1a: Arceus|51\/100\n|\n|-heal|p2a: Spectrier|86\/100 psn|[from] item: Leftovers\n|-damage|p2a: Spectrier|74\/100 psn|[from] psn\n|upkeep\n|turn|23\n|\n|t:|1698536791\n|move|p2a: Spectrier|Draining Kiss|p1a: Arceus\n|-damage|p1a: Arceus|20\/100\n|-heal|p2a: Spectrier|100\/100 psn|[from] drain|[of] p1a: Arceus\n|move|p1a: Arceus|Gunk Shot|p2a: Spectrier|[miss]\n|-miss|p1a: Arceus|p2a: Spectrier\n|\n|-damage|p2a: Spectrier|88\/100 psn|[from] psn\n|upkeep\n|turn|24\n|\n|t:|1698536798\n|switch|p1a: Dialga|Dialga|45\/100\n|-damage|p1a: Dialga|39\/100|[from] Stealth Rock\n|-ability|p1a: Dialga|Pressure\n|move|p2a: Spectrier|Draining Kiss|p1a: Dialga\n|-damage|p1a: Dialga|3\/100\n|-heal|p2a: Spectrier|100\/100 psn|[from] drain|[of] p1a: Dialga\n|\n|-heal|p1a: Dialga|9\/100|[from] item: Leftovers\n|-damage|p2a: Spectrier|88\/100 psn|[from] psn\n|upkeep\n|turn|25\n|\n|t:|1698536803\n|move|p2a: Spectrier|Shadow Ball|p1a: Dialga\n|-damage|p1a: Dialga|0 fnt\n|faint|p1a: Dialga\n|-ability|p2a: Spectrier|Grim Neigh|boost\n|-boost|p2a: Spectrier|spa|1\n|\n|-heal|p2a: Spectrier|94\/100 psn|[from] item: Leftovers\n|-damage|p2a: Spectrier|82\/100 psn|[from] psn\n|upkeep\n|\n|t:|1698536806\n|switch|p1a: Hatterene|Hatterene, F|100\/100\n|-damage|p1a: Hatterene|88\/100|[from] Stealth Rock\n|turn|26\n|\n|t:|1698536813\n|move|p2a: Spectrier|Shadow Ball|p1a: Hatterene\n|-supereffective|p1a: Hatterene\n|-damage|p1a: Hatterene|0 fnt\n|faint|p1a: Hatterene\n|-ability|p2a: Spectrier|Grim Neigh|boost\n|-boost|p2a: Spectrier|spa|1\n|\n|-heal|p2a: Spectrier|88\/100 psn|[from] item: Leftovers\n|-damage|p2a: Spectrier|76\/100 psn|[from] psn\n|upkeep\n|-message|wamkou forfeited.\n|\n|win|Oomaester1234\n|l|\u2606wamkou\n|c|\u2606Oomaester1234|ggs\n|c| Aipom Hoshino|gg\n|l| Aipom Hoshino\n|l|\u2606Oomaester1234\n|l| MrWillBeta\n|j|\u2606Oomaester1234\n|player|p2|Oomaester1234|teamrocket\n|j|\u2606wamkou\n|player|p1|wamkou|elesa-masters2\n","uploadtime":1698536910,"views":10,"p1id":"wamkou","p2id":"oomaester1234","formatid":"gen9ubers","rating":0,"private":0,"password":""}