{"id":"gen9ubers-1983567409","p1":"AubreyOmori1","p2":"Datfunkycoldmedina","format":"[Gen 9] Ubers","log":"|j|\u2606AubreyOmori1\n|j|\u2606Datfunkycoldmedina\n|t:|1699144255\n|gametype|singles\n|player|p1|AubreyOmori1|roxie|1383\n|player|p2|Datfunkycoldmedina|170|1319\n|teamsize|p1|6\n|teamsize|p2|6\n|gen|9\n|tier|[Gen 9] Ubers\n|rated|\n|rule|Sleep Clause Mod: Limit one foe put to sleep\n|rule|Species Clause: Limit one of each Pok\u00e9mon\n|rule|OHKO Clause: OHKO moves are banned\n|rule|Evasion Items Clause: Evasion items are banned\n|rule|Evasion Moves Clause: Evasion moves are banned\n|rule|Endless Battle Clause: Forcing endless battles is banned\n|rule|HP Percentage Mod: HP is shown in percentages\n|clearpoke\n|poke|p1|Ribombee, F|\n|poke|p1|Arceus|\n|poke|p1|Miraidon|\n|poke|p1|Zacian-*|\n|poke|p1|Koraidon|\n|poke|p1|Flutter Mane|\n|poke|p2|Garchomp, F|\n|poke|p2|Gardevoir, F|\n|poke|p2|Palafin, F|\n|poke|p2|Garganacl, F|\n|poke|p2|Iron Treads|\n|poke|p2|Quagsire, F|\n|teampreview\n|\n|t:|1699144260\n|start\n|switch|p1a: Needle|Ribombee, F, shiny|100\/100\n|switch|p2a: Palafin|Palafin, F|100\/100\n|turn|1\n|\n|t:|1699144280\n|detailschange|p2a: Palafin|Palafin-Hero, F\n|switch|p2a: Iron Treads|Iron Treads|100\/100\n|-enditem|p2a: Iron Treads|Booster Energy\n|-activate|p2a: Iron Treads|ability: Quark Drive|[fromitem]\n|-start|p2a: Iron Treads|quarkdrivespe\n|move|p1a: Needle|Sticky Web|p2a: Iron Treads\n|-sidestart|p2: Datfunkycoldmedina|move: Sticky Web\n|\n|upkeep\n|turn|2\n|\n|t:|1699144289\n|move|p2a: Iron Treads|Iron Head|p1a: Needle\n|-supereffective|p1a: Needle\n|-enditem|p1a: Needle|Focus Sash\n|-damage|p1a: Needle|1\/100\n|move|p1a: Needle|Stun Spore|p2a: Iron Treads|[miss]\n|-miss|p1a: Needle|p2a: Iron Treads\n|\n|upkeep\n|turn|3\n|\n|t:|1699144295\n|move|p2a: Iron Treads|Rapid Spin|p1a: Needle\n|-damage|p1a: Needle|0 fnt\n|-boost|p2a: Iron Treads|spe|1\n|-sideend|p2: Datfunkycoldmedina|Sticky Web|[from] move: Rapid Spin|[of] p2a: Iron Treads\n|faint|p1a: Needle\n|\n|upkeep\n|\n|t:|1699144304\n|switch|p1a: Yoshi|Koraidon|100\/100\n|-weather|SunnyDay|[from] ability: Orichalcum Pulse|[of] p1a: Yoshi\n|-activate|p1a: Yoshi|Orichalcum Pulse|[source]\n|turn|4\n|\n|t:|1699144327\n|-end|p2a: Iron Treads|Quark Drive|[silent]\n|switch|p2a: Gardevoir|Gardevoir, F|100\/100\n|-activate|p2a: Gardevoir|ability: Orichalcum Pulse\n|-ability|p2a: Gardevoir|Orichalcum Pulse|[from] ability: Trace|[of] p1a: Yoshi\n|move|p1a: Yoshi|Low Kick|p2a: Gardevoir\n|-resisted|p2a: Gardevoir\n|-damage|p2a: Gardevoir|81\/100\n|\n|-weather|SunnyDay|[upkeep]\n|-heal|p2a: Gardevoir|87\/100|[from] item: Leftovers\n|upkeep\n|turn|5\n|\n|t:|1699144335\n|-terastallize|p1a: Yoshi|Ghost\n|move|p1a: Yoshi|Swords Dance|p1a: Yoshi\n|-boost|p1a: Yoshi|atk|2\n|move|p2a: Gardevoir|Moonblast|p1a: Yoshi\n|-damage|p1a: Yoshi|54\/100\n|\n|-weather|SunnyDay|[upkeep]\n|-heal|p2a: Gardevoir|93\/100|[from] item: Leftovers\n|upkeep\n|turn|6\n|\n|t:|1699144342\n|move|p1a: Yoshi|Flare Blitz|p2a: Gardevoir\n|-damage|p2a: Gardevoir|0 fnt\n|faint|p2a: Gardevoir\n|-damage|p1a: Yoshi|30\/100|[from] Recoil\n|\n|-weather|SunnyDay|[upkeep]\n|upkeep\n|\n|t:|1699144373\n|switch|p2a: Garchomp|Garchomp, F|100\/100\n|turn|7\n|\n|t:|1699144380\n|move|p1a: Yoshi|Scale Shot|p2a: Garchomp\n|-supereffective|p2a: Garchomp\n|-damage|p2a: Garchomp|23\/100\n|-supereffective|p2a: Garchomp\n|-damage|p2a: Garchomp|0 fnt\n|faint|p2a: Garchomp\n|-hitcount|p2: Garchomp|2\n|-unboost|p1a: Yoshi|def|1\n|-boost|p1a: Yoshi|spe|1\n|\n|-weather|SunnyDay|[upkeep]\n|upkeep\n|\n|t:|1699144387\n|switch|p2a: Quagsire|Quagsire, F|100\/100\n|turn|8\n|\n|t:|1699144390\n|move|p1a: Yoshi|Scale Shot|p2a: Quagsire\n|-damage|p2a: Quagsire|74\/100\n|-damage|p2a: Quagsire|47\/100\n|-damage|p2a: Quagsire|20\/100\n|-damage|p2a: Quagsire|0 fnt\n|faint|p2a: Quagsire\n|-hitcount|p2: Quagsire|4\n|-unboost|p1a: Yoshi|def|1\n|-boost|p1a: Yoshi|spe|1\n|\n|-weather|none\n|upkeep\n|\n|t:|1699144393\n|switch|p2a: Palafin|Palafin-Hero, F|100\/100\n|-activate|p2a: Palafin|ability: Zero to Hero\n|turn|9\n|\n|t:|1699144397\n|move|p2a: Palafin|Jet Punch|p1a: Yoshi\n|-damage|p1a: Yoshi|0 fnt\n|faint|p1a: Yoshi\n|\n|upkeep\n|\n|t:|1699144401\n|switch|p1a: Robot Flower|Miraidon|100\/100\n|-fieldstart|move: Electric Terrain|[from] ability: Hadron Engine|[of] p1a: Robot Flower\n|turn|10\n|\n|t:|1699144405\n|switch|p2a: Iron Treads|Iron Treads|100\/100\n|-activate|p2a: Iron Treads|ability: Quark Drive\n|-start|p2a: Iron Treads|quarkdrivespe\n|move|p1a: Robot Flower|Calm Mind|p1a: Robot Flower\n|-boost|p1a: Robot Flower|spa|1\n|-boost|p1a: Robot Flower|spd|1\n|\n|upkeep\n|turn|11\n|\n|t:|1699144411\n|move|p2a: Iron Treads|Earthquake|p1a: Robot Flower\n|-supereffective|p1a: Robot Flower\n|-damage|p1a: Robot Flower|3\/100\n|move|p1a: Robot Flower|Draco Meteor|p2a: Iron Treads\n|-resisted|p2a: Iron Treads\n|-damage|p2a: Iron Treads|0 fnt\n|-unboost|p1a: Robot Flower|spa|2\n|faint|p2a: Iron Treads\n|-end|p2a: Iron Treads|Quark Drive|[silent]\n|-damage|p1a: Robot Flower|0 fnt|[from] item: Life Orb\n|faint|p1a: Robot Flower\n|\n|upkeep\n|\n|t:|1699144418\n|switch|p1a: Hero|Zacian-Crowned, shiny|100\/100\n|switch|p2a: Palafin|Palafin-Hero, F|100\/100\n|-ability|p1a: Hero|Intrepid Sword|boost\n|-boost|p1a: Hero|atk|1\n|turn|12\n|\n|t:|1699144422\n|-terastallize|p2a: Palafin|Water\n|move|p2a: Palafin|Wave Crash|p1a: Hero\n|-damage|p1a: Hero|0 fnt\n|faint|p1a: Hero\n|-damage|p2a: Palafin|69\/100|[from] Recoil\n|\n|upkeep\n|\n|t:|1699144426\n|switch|p1a: Shaggy|Arceus|100\/100\n|turn|13\n|\n|t:|1699144431\n|move|p1a: Shaggy|Extreme Speed|p2a: Palafin\n|-damage|p2a: Palafin|17\/100\n|move|p2a: Palafin|Wave Crash|p1a: Shaggy\n|-damage|p1a: Shaggy|25\/100\n|-damage|p2a: Palafin|0 fnt|[from] Recoil\n|faint|p2a: Palafin\n|\n|upkeep\n|\n|t:|1699144437\n|switch|p2a: Garganacl|Garganacl, F|100\/100\n|turn|14\n|\n|t:|1699144441\n|move|p1a: Shaggy|Taunt|p2a: Garganacl\n|-start|p2a: Garganacl|move: Taunt\n|cant|p2a: Garganacl|move: Taunt|Iron Defense\n|\n|-fieldend|move: Electric Terrain\n|upkeep\n|turn|15\n|j| ZowwyCafe\u2764\n|\n|t:|1699144446\n|move|p1a: Shaggy|Swords Dance|p1a: Shaggy\n|-boost|p1a: Shaggy|atk|2\n|move|p2a: Garganacl|Salt Cure|p1a: Shaggy\n|-damage|p1a: Shaggy|14\/100\n|-start|p1a: Shaggy|Salt Cure\n|\n|-damage|p1a: Shaggy|2\/100|[from] Salt Cure\n|upkeep\n|turn|16\n|\n|t:|1699144451\n|move|p1a: Shaggy|Shadow Claw|p2a: Garganacl\n|-damage|p2a: Garganacl|83\/100\n|move|p2a: Garganacl|Salt Cure|p1a: Shaggy\n|-damage|p1a: Shaggy|0 fnt\n|faint|p1a: Shaggy\n|\n|-end|p2a: Garganacl|move: Taunt\n|upkeep\n|\n|t:|1699144455\n|switch|p1a: Amelia|Flutter Mane|100\/100\n|turn|17\n|\n|t:|1699144459\n|move|p1a: Amelia|Calm Mind|p1a: Amelia\n|-boost|p1a: Amelia|spa|1\n|-boost|p1a: Amelia|spd|1\n|move|p2a: Garganacl|Salt Cure|p1a: Amelia\n|-damage|p1a: Amelia|72\/100\n|-start|p1a: Amelia|Salt Cure\n|\n|-damage|p1a: Amelia|59\/100|[from] Salt Cure\n|upkeep\n|turn|18\n|\n|t:|1699144466\n|move|p1a: Amelia|Moonblast|p2a: Garganacl\n|-damage|p2a: Garganacl|14\/100\n|-enditem|p2a: Garganacl|Sitrus Berry|[eat]\n|-heal|p2a: Garganacl|39\/100|[from] item: Sitrus Berry\n|-damage|p1a: Amelia|50\/100|[from] item: Life Orb\n|move|p2a: Garganacl|Recover|p2a: Garganacl\n|-heal|p2a: Garganacl|89\/100\n|\n|-damage|p1a: Amelia|37\/100|[from] Salt Cure\n|upkeep\n|turn|19\n|\n|t:|1699144487\n|move|p1a: Amelia|Moonblast|p2a: Garganacl\n|-crit|p2a: Garganacl\n|-damage|p2a: Garganacl|0 fnt\n|faint|p2a: Garganacl\n|-damage|p1a: Amelia|27\/100|[from] item: Life Orb\n|\n|win|AubreyOmori1\n|raw|AubreyOmori1's rating: 1383 &rarr; <strong>1399<\/strong><br \/>(+16 for winning)\n|raw|Datfunkycoldmedina's rating: 1319 &rarr; <strong>1303<\/strong><br \/>(-16 for losing)\n","uploadtime":1699144492,"views":6,"p1id":"aubreyomori1","p2id":"datfunkycoldmedina","formatid":"gen9ubers","rating":1303,"private":0,"password":""}