{"id":"gen9ubers-1995214997","p1":"Aeziolu","p2":"Rusty sss8","format":"[Gen 9] Ubers","log":"|j|\u2606Aeziolu\n|j|\u2606Rusty sss8\n|t:|1700535566\n|gametype|singles\n|player|p1|Aeziolu|wally|1180\n|player|p2|Rusty sss8|swimmerf-gen4dp|1196\n|teamsize|p1|6\n|teamsize|p2|6\n|gen|9\n|tier|[Gen 9] Ubers\n|rated|\n|rule|Sleep Clause Mod: Limit one foe put to sleep\n|rule|Species Clause: Limit one of each Pok\u00e9mon\n|rule|OHKO Clause: OHKO moves are banned\n|rule|Evasion Items Clause: Evasion items are banned\n|rule|Evasion Moves Clause: Evasion moves are banned\n|rule|Endless Battle Clause: Forcing endless battles is banned\n|rule|HP Percentage Mod: HP is shown in percentages\n|clearpoke\n|poke|p1|Miraidon|\n|poke|p1|Sneasler, F|\n|poke|p1|Espathra, F|\n|poke|p1|Zacian-*|\n|poke|p1|Giratina-Origin|\n|poke|p1|Arceus-Ground|\n|poke|p2|Magneton|\n|poke|p2|Yanmega, M|\n|poke|p2|Hawlucha, M|\n|poke|p2|Morgrem, M|\n|poke|p2|Weavile, M|\n|poke|p2|Dusclops, M|\n|teampreview\n|inactive|Battle timer is ON: inactive players will automatically lose when time's up. (requested by Rusty sss8)\n|\n|t:|1700535584\n|start\n|switch|p1a: Miraidon|Miraidon|100\/100\n|switch|p2a: Vundabar|Hawlucha, M|100\/100\n|-fieldstart|move: Electric Terrain|[from] ability: Hadron Engine|[of] p1a: Miraidon\n|turn|1\n|\n|t:|1700535597\n|switch|p2a: Saint motel|Dusclops, M|100\/100\n|-item|p1a: Miraidon|Choice Scarf|[from] ability: Frisk|[of] p2a: Saint motel|[identify]\n|move|p1a: Miraidon|Electro Drift|p2a: Saint motel\n|-damage|p2a: Saint motel|41\/100\n|\n|upkeep\n|turn|2\n|c|\u2606Rusty sss8|missclick\n|\n|t:|1700535605\n|move|p1a: Miraidon|Electro Drift|p2a: Saint motel\n|-damage|p2a: Saint motel|0 fnt\n|faint|p2a: Saint motel\n|\n|upkeep\n|\n|t:|1700535608\n|switch|p2a: MGMT|Yanmega, M|100\/100\n|turn|3\n|c|\u2606Aeziolu|unfort\n|\n|t:|1700535618\n|switch|p1a: Giratina|Giratina-Origin|100\/100\n|move|p2a: MGMT|Protect||[still]\n|-fail|p2a: MGMT\n|\n|-ability|p2a: MGMT|Speed Boost|boost\n|-boost|p2a: MGMT|spe|1\n|upkeep\n|turn|4\n|\n|t:|1700535623\n|move|p2a: MGMT|Air Slash|p1a: Giratina\n|-damage|p1a: Giratina|65\/100\n|-damage|p2a: MGMT|91\/100|[from] item: Life Orb\n|move|p1a: Giratina|Draco Meteor|p2a: MGMT\n|-damage|p2a: MGMT|0 fnt\n|-unboost|p1a: Giratina|spa|2\n|faint|p2a: MGMT\n|\n|upkeep\n|\n|t:|1700535628\n|switch|p2a: The Strokes|Weavile, M|100\/100\n|-ability|p2a: The Strokes|Pressure\n|turn|5\n|inactive|Aeziolu has 120 seconds left.\n|\n|t:|1700535669\n|move|p2a: The Strokes|Knock Off|p1a: Giratina\n|-supereffective|p1a: Giratina\n|-damage|p1a: Giratina|15\/100\n|-damage|p2a: The Strokes|91\/100|[from] item: Life Orb\n|move|p1a: Giratina|Will-O-Wisp|p2a: The Strokes\n|-status|p2a: The Strokes|brn\n|\n|-damage|p2a: The Strokes|84\/100 brn|[from] brn\n|-fieldend|move: Electric Terrain\n|upkeep\n|turn|6\n|\n|t:|1700535679\n|switch|p1a: Sneasler|Sneasler, F|100\/100\n|move|p2a: The Strokes|Ice Shard|p1a: Sneasler\n|-damage|p1a: Sneasler|78\/100\n|-damage|p2a: The Strokes|75\/100 brn|[from] item: Life Orb\n|\n|-damage|p2a: The Strokes|68\/100 brn|[from] brn\n|upkeep\n|turn|7\n|inactive|Aeziolu has 120 seconds left.\n|\n|t:|1700535686\n|move|p2a: The Strokes|Icicle Crash|p1a: Sneasler\n|-damage|p1a: Sneasler|32\/100\n|-damage|p2a: The Strokes|59\/100 brn|[from] item: Life Orb\n|cant|p1a: Sneasler|flinch\n|\n|-damage|p2a: The Strokes|52\/100 brn|[from] brn\n|upkeep\n|turn|8\n|\n|t:|1700535693\n|switch|p1a: Zacian|Zacian-Crowned|100\/100\n|-ability|p1a: Zacian|Intrepid Sword|boost\n|-boost|p1a: Zacian|atk|1\n|move|p2a: The Strokes|Icicle Crash|p1a: Zacian\n|-resisted|p1a: Zacian\n|-damage|p1a: Zacian|88\/100\n|-damage|p2a: The Strokes|42\/100 brn|[from] item: Life Orb\n|\n|-damage|p2a: The Strokes|36\/100 brn|[from] brn\n|upkeep\n|turn|9\n|\n|t:|1700535697\n|move|p1a: Zacian|Play Rough|p2a: The Strokes\n|-supereffective|p2a: The Strokes\n|-damage|p2a: The Strokes|0 fnt\n|faint|p2a: The Strokes\n|\n|upkeep\n|\n|t:|1700535707\n|switch|p2a: Glass Animals|Morgrem, M|100\/100\n|turn|10\n|\n|t:|1700535710\n|move|p2a: Glass Animals|Thunder Wave|p1a: Zacian\n|-status|p1a: Zacian|par\n|move|p1a: Zacian|Behemoth Blade|p2a: Glass Animals\n|-supereffective|p2a: Glass Animals\n|-damage|p2a: Glass Animals|0 fnt\n|faint|p2a: Glass Animals\n|\n|upkeep\n|\n|t:|1700535714\n|switch|p2a: The Happy Fits|Magneton|100\/100\n|turn|11\n|\n|t:|1700535735\n|-terastallize|p1a: Zacian|Ground\n|cant|p1a: Zacian|par\n|move|p2a: The Happy Fits|Thunderbolt|p1a: Zacian\n|-immune|p1a: Zacian\n|\n|upkeep\n|turn|12\n|\n|t:|1700535739\n|cant|p1a: Zacian|par\n|move|p2a: The Happy Fits|Flash Cannon|p1a: Zacian\n|-damage|p1a: Zacian|48\/100 par\n|\n|upkeep\n|turn|13\n|\n|t:|1700535742\n|move|p1a: Zacian|Tera Blast|p2a: The Happy Fits|[anim] Tera Blast Ground\n|-supereffective|p2a: The Happy Fits\n|-damage|p2a: The Happy Fits|0 fnt\n|faint|p2a: The Happy Fits\n|\n|upkeep\n|c|\u2606Rusty sss8|you're good!\n|\n|t:|1700535752\n|switch|p2a: Vundabar|Hawlucha, M|100\/100\n|turn|14\n|\n|t:|1700535765\n|switch|p1a: Miraidon|Miraidon|100\/100\n|-fieldstart|move: Electric Terrain|[from] ability: Hadron Engine|[of] p1a: Miraidon\n|move|p2a: Vundabar|Endure||[still]\n|-fail|p2a: Vundabar\n|\n|upkeep\n|turn|15\n|c|\u2606Aeziolu|oh nah not that set\n|\n|t:|1700535774\n|move|p2a: Vundabar|Endure|p2a: Vundabar\n|-singleturn|p2a: Vundabar|move: Endure\n|move|p1a: Miraidon|U-turn|p2a: Vundabar\n|-resisted|p2a: Vundabar\n|-damage|p2a: Vundabar|96\/100\n|\n|t:|1700535785\n|switch|p1a: Arceus|Arceus-Ground|100\/100|[from] U-turn\n|\n|upkeep\n|turn|16\n|\n|t:|1700535791\n|move|p2a: Vundabar|Endure||[still]\n|-fail|p2a: Vundabar\n|move|p1a: Arceus|Taunt|p2a: Vundabar\n|-start|p2a: Vundabar|move: Taunt\n|\n|upkeep\n|turn|17\n|\n|t:|1700535799\n|switch|p1a: Miraidon|Miraidon|100\/100\n|-activate|p1a: Miraidon|ability: Hadron Engine\n|-terastallize|p2a: Vundabar|Ghost\n|move|p2a: Vundabar|Acrobatics|p1a: Miraidon\n|-resisted|p1a: Miraidon\n|-damage|p1a: Miraidon|88\/100\n|\n|upkeep\n|turn|18\n|\n|t:|1700535805\n|move|p1a: Miraidon|Electro Drift|p2a: Vundabar\n|-damage|p2a: Vundabar|0 fnt\n|faint|p2a: Vundabar\n|\n|win|Aeziolu\n|raw|Aeziolu's rating: 1180 &rarr; <strong>1206<\/strong><br \/>(+26 for winning)\n|raw|Rusty sss8's rating: 1196 &rarr; <strong>1170<\/strong><br \/>(-26 for losing)\n|l|\u2606Rusty sss8\n","uploadtime":1700535814,"views":8,"p1id":"aeziolu","p2id":"rustysss8","formatid":"gen9ubers","rating":1170,"private":0,"password":""}