{"id":"gen9ubers-1982968971","p1":"pkpowers310","p2":"BLACK METAL 3","format":"[Gen 9] Ubers","log":"|j|\u2606pkpowers310\n|j|\u2606BLACK METAL 3\n|t:|1699064452\n|gametype|singles\n|player|p1|pkpowers310|crasherwake|\n|player|p2|BLACK METAL 3|1|\n|teamsize|p1|6\n|teamsize|p2|6\n|gen|9\n|tier|[Gen 9] Ubers\n|rule|Sleep Clause Mod: Limit one foe put to sleep\n|rule|Species Clause: Limit one of each Pok\u00e9mon\n|rule|OHKO Clause: OHKO moves are banned\n|rule|Evasion Items Clause: Evasion items are banned\n|rule|Evasion Moves Clause: Evasion moves are banned\n|rule|Endless Battle Clause: Forcing endless battles is banned\n|rule|HP Percentage Mod: HP is shown in percentages\n|clearpoke\n|poke|p1|Ting-Lu|\n|poke|p1|Ursaluna, M|\n|poke|p1|Chi-Yu|\n|poke|p1|Glimmora, F|\n|poke|p1|Amoonguss, F|\n|poke|p1|Alomomola, M|\n|poke|p2|Maushold|\n|poke|p2|Azumarill, M|\n|poke|p2|Espathra, M|\n|poke|p2|Garganacl, M|\n|poke|p2|Salazzle, F|\n|poke|p2|Kingambit, M|\n|teampreview\n|j| Squirshawott\n|c|\u2606pkpowers310|good luck\n|c|\u2606BLACK METAL 3|glhf!\n|\n|t:|1699064538\n|start\n|switch|p1a: Mr. Blubby|Chi-Yu|100\/100\n|switch|p2a: Stonehenge|Garganacl, M|100\/100\n|-ability|p1a: Mr. Blubby|Beads of Ruin\n|turn|1\n|\n|t:|1699064559\n|move|p1a: Mr. Blubby|Dark Pulse|p2a: Stonehenge\n|-damage|p2a: Stonehenge|43\/100\n|move|p2a: Stonehenge|Salt Cure|p1a: Mr. Blubby\n|-supereffective|p1a: Mr. Blubby\n|-damage|p1a: Mr. Blubby|57\/100\n|-start|p1a: Mr. Blubby|Salt Cure\n|\n|-damage|p1a: Mr. Blubby|45\/100|[from] Salt Cure\n|upkeep\n|turn|2\n|\n|t:|1699064579\n|move|p2a: Stonehenge|Protect|p2a: Stonehenge\n|-singleturn|p2a: Stonehenge|Protect\n|move|p1a: Mr. Blubby|Dark Pulse|p2a: Stonehenge\n|-activate|p2a: Stonehenge|move: Protect\n|\n|-damage|p1a: Mr. Blubby|32\/100|[from] Salt Cure\n|upkeep\n|turn|3\n|\n|t:|1699064620\n|switch|p1a: Freddy|Ursaluna, M|100\/100\n|switch|p2a: Eggdog|Azumarill, M|100\/100\n|\n|-status|p1a: Freddy|brn|[from] item: Flame Orb\n|upkeep\n|turn|4\n|j| KickinAsh\n|\n|t:|1699064638\n|switch|p1a: Amoonguss|Amoonguss, F|100\/100\n|move|p2a: Eggdog|Liquidation|p1a: Amoonguss\n|-resisted|p1a: Amoonguss\n|-damage|p1a: Amoonguss|80\/100\n|-unboost|p1a: Amoonguss|def|1\n|\n|upkeep\n|turn|5\n|\n|t:|1699064665\n|move|p2a: Eggdog|Ice Spinner|p1a: Amoonguss\n|-supereffective|p1a: Amoonguss\n|-damage|p1a: Amoonguss|10\/100\n|move|p1a: Amoonguss|Spore|p2a: Eggdog\n|-status|p2a: Eggdog|slp|[from] move: Spore\n|\n|upkeep\n|turn|6\n|\n|t:|1699064676\n|switch|p2a: Reaper|Salazzle, F|100\/100\n|switch|p1a: Mrs. Blubby|Alomomola, M|100\/100\n|\n|upkeep\n|turn|7\n|\n|t:|1699064694\n|move|p1a: Mrs. Blubby|Protect|p1a: Mrs. Blubby\n|-singleturn|p1a: Mrs. Blubby|Protect\n|move|p2a: Reaper|Toxic|p1a: Mrs. Blubby\n|-activate|p1a: Mrs. Blubby|move: Protect\n|\n|upkeep\n|turn|8\n|\n|t:|1699064711\n|move|p2a: Reaper|Knock Off|p1a: Mrs. Blubby\n|-damage|p1a: Mrs. Blubby|93\/100\n|-enditem|p1a: Mrs. Blubby|Leftovers|[from] move: Knock Off|[of] p2a: Reaper\n|move|p1a: Mrs. Blubby|Scald|p2a: Reaper\n|-supereffective|p2a: Reaper\n|-damage|p2a: Reaper|55\/100\n|\n|-heal|p2a: Reaper|61\/100|[from] item: Black Sludge\n|upkeep\n|turn|9\n|\n|t:|1699064737\n|move|p2a: Reaper|Toxic|p1a: Mrs. Blubby\n|-status|p1a: Mrs. Blubby|tox\n|move|p1a: Mrs. Blubby|Wish|p1a: Mrs. Blubby\n|\n|-heal|p2a: Reaper|67\/100|[from] item: Black Sludge\n|-damage|p1a: Mrs. Blubby|87\/100 tox|[from] psn\n|upkeep\n|turn|10\n|\n|t:|1699064754\n|switch|p2a: The Gang|Maushold|100\/100\n|move|p1a: Mrs. Blubby|Scald|p2a: The Gang\n|-damage|p2a: The Gang|83\/100\n|\n|-heal|p1a: Mrs. Blubby|100\/100 tox|[from] move: Wish|[wisher] Mrs. Blubby\n|-damage|p1a: Mrs. Blubby|88\/100 tox|[from] psn\n|upkeep\n|turn|11\n|\n|t:|1699064768\n|switch|p1a: Glimmora|Glimmora, F|100\/100\n|move|p2a: The Gang|Super Fang|p1a: Glimmora\n|-damage|p1a: Glimmora|51\/100\n|-damage|p2a: The Gang|66\/100|[from] item: Rocky Helmet|[of] p1a: Glimmora\n|-activate|p1a: Glimmora|ability: Toxic Debris\n|-sidestart|p2: BLACK METAL 3|move: Toxic Spikes\n|\n|upkeep\n|turn|12\n|\n|t:|1699064783\n|move|p2a: The Gang|Super Fang|p1a: Glimmora\n|-damage|p1a: Glimmora|26\/100\n|-damage|p2a: The Gang|50\/100|[from] item: Rocky Helmet|[of] p1a: Glimmora\n|-activate|p1a: Glimmora|ability: Toxic Debris\n|-sidestart|p2: BLACK METAL 3|move: Toxic Spikes\n|move|p1a: Glimmora|Stealth Rock|p2a: The Gang\n|-sidestart|p2: BLACK METAL 3|move: Stealth Rock\n|\n|upkeep\n|turn|13\n|\n|t:|1699064794\n|move|p1a: Glimmora|Spiky Shield|p1a: Glimmora\n|-singleturn|p1a: Glimmora|move: Protect\n|move|p2a: The Gang|Tidy Up|p2a: The Gang\n|-sideend|p2: BLACK METAL 3|Toxic Spikes\n|-sideend|p2: BLACK METAL 3|Stealth Rock\n|-activate|p2a: The Gang|move: Tidy Up\n|-boost|p2a: The Gang|atk|1\n|-boost|p2a: The Gang|spe|1\n|\n|upkeep\n|turn|14\n|\n|t:|1699064808\n|-terastallize|p2a: The Gang|Normal\n|move|p2a: The Gang|Population Bomb|p1a: Glimmora\n|-resisted|p1a: Glimmora\n|-damage|p1a: Glimmora|18\/100\n|-damage|p2a: The Gang|33\/100|[from] item: Rocky Helmet|[of] p1a: Glimmora\n|-activate|p1a: Glimmora|ability: Toxic Debris\n|-sidestart|p2: BLACK METAL 3|move: Toxic Spikes\n|-resisted|p1a: Glimmora\n|-damage|p1a: Glimmora|9\/100\n|-damage|p2a: The Gang|16\/100|[from] item: Rocky Helmet|[of] p1a: Glimmora\n|-activate|p1a: Glimmora|ability: Toxic Debris\n|-sidestart|p2: BLACK METAL 3|move: Toxic Spikes\n|-resisted|p1a: Glimmora\n|-damage|p1a: Glimmora|2\/100\n|-damage|p2a: The Gang|0 fnt|[from] item: Rocky Helmet|[of] p1a: Glimmora\n|faint|p2a: The Gang\n|-hitcount|p1a: Glimmora|3\n|move|p1a: Glimmora|Earth Power|p2: The Gang|[notarget]\n|-fail|p1a: Glimmora\n|\n|upkeep\n|\n|t:|1699064825\n|switch|p2a: Reaper|Salazzle, F|67\/100\n|-sideend|p2: BLACK METAL 3|move: Toxic Spikes|[of] p2a: Reaper\n|turn|15\n|\n|t:|1699064833\n|move|p1a: Glimmora|Spiky Shield|p1a: Glimmora\n|-singleturn|p1a: Glimmora|move: Protect\n|move|p2a: Reaper|Knock Off|p1a: Glimmora\n|-activate|p1a: Glimmora|move: Protect\n|-damage|p2a: Reaper|55\/100|[from] Spiky Shield|[of] p1a: Glimmora\n|\n|-heal|p2a: Reaper|61\/100|[from] item: Black Sludge\n|upkeep\n|turn|16\n|\n|t:|1699064840\n|move|p2a: Reaper|Knock Off|p1a: Glimmora\n|-damage|p1a: Glimmora|0 fnt\n|-damage|p2a: Reaper|44\/100|[from] item: Rocky Helmet|[of] p1a: Glimmora\n|-activate|p1a: Glimmora|ability: Toxic Debris\n|-sidestart|p2: BLACK METAL 3|move: Toxic Spikes\n|-enditem|p1a: Glimmora|Rocky Helmet|[from] move: Knock Off|[of] p2a: Reaper\n|faint|p1a: Glimmora\n|\n|-heal|p2a: Reaper|50\/100|[from] item: Black Sludge\n|upkeep\n|\n|t:|1699064858\n|switch|p1a: Freddy|Ursaluna, M|100\/100 brn\n|turn|17\n|\n|t:|1699064878\n|move|p2a: Reaper|Protect|p2a: Reaper\n|-singleturn|p2a: Reaper|Protect\n|move|p1a: Freddy|Facade|p2a: Reaper\n|-activate|p2a: Reaper|move: Protect\n|\n|-heal|p2a: Reaper|57\/100|[from] item: Black Sludge\n|-damage|p1a: Freddy|94\/100 brn|[from] brn\n|upkeep\n|turn|18\n|\n|t:|1699064911\n|switch|p2a: Eggdog|Azumarill, M|100\/100 slp\n|move|p1a: Freddy|Facade|p2a: Eggdog\n|-damage|p2a: Eggdog|0 fnt\n|faint|p2a: Eggdog\n|\n|-damage|p1a: Freddy|88\/100 brn|[from] brn\n|upkeep\n|\n|t:|1699064916\n|switch|p2a: Reaper|Salazzle, F|57\/100\n|-sideend|p2: BLACK METAL 3|move: Toxic Spikes|[of] p2a: Reaper\n|turn|19\n|\n|t:|1699064923\n|move|p2a: Reaper|Protect|p2a: Reaper\n|-singleturn|p2a: Reaper|Protect\n|move|p1a: Freddy|Facade|p2a: Reaper\n|-activate|p2a: Reaper|move: Protect\n|\n|-heal|p2a: Reaper|63\/100|[from] item: Black Sludge\n|-damage|p1a: Freddy|82\/100 brn|[from] brn\n|upkeep\n|turn|20\n|\n|t:|1699064937\n|move|p2a: Reaper|Knock Off|p1a: Freddy\n|-damage|p1a: Freddy|73\/100 brn\n|-enditem|p1a: Freddy|Flame Orb|[from] move: Knock Off|[of] p2a: Reaper\n|move|p1a: Freddy|Facade|p2a: Reaper\n|-damage|p2a: Reaper|0 fnt\n|faint|p2a: Reaper\n|\n|-damage|p1a: Freddy|66\/100 brn|[from] brn\n|upkeep\n|j| RoamingDia\n|\n|t:|1699064950\n|switch|p2a: Stonehenge|Garganacl, M|43\/100\n|turn|21\n|\n|t:|1699064959\n|move|p2a: Stonehenge|Protect|p2a: Stonehenge\n|-singleturn|p2a: Stonehenge|Protect\n|move|p1a: Freddy|Headlong Rush|p2a: Stonehenge\n|-activate|p2a: Stonehenge|move: Protect\n|\n|-damage|p1a: Freddy|60\/100 brn|[from] brn\n|upkeep\n|turn|22\n|\n|t:|1699064967\n|move|p1a: Freddy|Headlong Rush|p2a: Stonehenge\n|-supereffective|p2a: Stonehenge\n|-damage|p2a: Stonehenge|0 fnt\n|-unboost|p1a: Freddy|def|1\n|-unboost|p1a: Freddy|spd|1\n|faint|p2a: Stonehenge\n|\n|-damage|p1a: Freddy|54\/100 brn|[from] brn\n|upkeep\n|\n|t:|1699065000\n|switch|p2a: Bird Up!|Espathra, M|100\/100\n|turn|23\n|\n|t:|1699065009\n|move|p2a: Bird Up!|Protect|p2a: Bird Up!\n|-singleturn|p2a: Bird Up!|Protect\n|move|p1a: Freddy|Facade|p2a: Bird Up!\n|-activate|p2a: Bird Up!|move: Protect\n|\n|-damage|p1a: Freddy|48\/100 brn|[from] brn\n|-ability|p2a: Bird Up!|Speed Boost|boost\n|-boost|p2a: Bird Up!|spe|1\n|upkeep\n|turn|24\n|\n|t:|1699065036\n|move|p2a: Bird Up!|Dazzling Gleam|p1a: Freddy\n|-damage|p1a: Freddy|24\/100 brn\n|move|p1a: Freddy|Facade|p2a: Bird Up!\n|-damage|p2a: Bird Up!|0 fnt\n|faint|p2a: Bird Up!\n|\n|-damage|p1a: Freddy|18\/100 brn|[from] brn\n|upkeep\n|\n|t:|1699065043\n|switch|p2a: HAOHMARU|Kingambit, M|100\/100\n|-activate|p2a: HAOHMARU|ability: Supreme Overlord\n|-start|p2a: HAOHMARU|fallen5|[silent]\n|turn|25\n|\n|t:|1699065053\n|move|p2a: HAOHMARU|Sucker Punch|p1a: Freddy\n|-damage|p1a: Freddy|0 fnt\n|faint|p1a: Freddy\n|-damage|p2a: HAOHMARU|91\/100|[from] item: Life Orb\n|\n|upkeep\n|\n|t:|1699065064\n|switch|p1a: Mrs. Blubby|Alomomola, M|100\/100 tox\n|turn|26\n|\n|t:|1699065067\n|move|p2a: HAOHMARU|Swords Dance|p2a: HAOHMARU\n|-boost|p2a: HAOHMARU|atk|2\n|move|p1a: Mrs. Blubby|Wish|p1a: Mrs. Blubby\n|\n|-damage|p1a: Mrs. Blubby|94\/100 tox|[from] psn\n|upkeep\n|turn|27\n|\n|t:|1699065074\n|move|p2a: HAOHMARU|Swords Dance|p2a: HAOHMARU\n|-boost|p2a: HAOHMARU|atk|2\n|move|p1a: Mrs. Blubby|Scald|p2a: HAOHMARU\n|-damage|p2a: HAOHMARU|75\/100\n|\n|-heal|p1a: Mrs. Blubby|100\/100 tox|[from] move: Wish|[wisher] Mrs. Blubby\n|-damage|p1a: Mrs. Blubby|88\/100 tox|[from] psn\n|upkeep\n|turn|28\n|\n|t:|1699065084\n|move|p2a: HAOHMARU|Kowtow Cleave|p1a: Mrs. Blubby\n|-damage|p1a: Mrs. Blubby|0 fnt\n|faint|p1a: Mrs. Blubby\n|-damage|p2a: HAOHMARU|65\/100|[from] item: Life Orb\n|\n|upkeep\n|\n|t:|1699065090\n|switch|p1a: Amoonguss|Amoonguss, F|43\/100\n|turn|29\n|\n|t:|1699065096\n|switch|p1a: LearnChineseBuddy|Ting-Lu|100\/100\n|-ability|p1a: LearnChineseBuddy|Vessel of Ruin\n|move|p2a: HAOHMARU|Kowtow Cleave|p1a: LearnChineseBuddy\n|-resisted|p1a: LearnChineseBuddy\n|-damage|p1a: LearnChineseBuddy|19\/100\n|-damage|p2a: HAOHMARU|55\/100|[from] item: Life Orb\n|\n|upkeep\n|turn|30\n|\n|t:|1699065111\n|move|p2a: HAOHMARU|Sucker Punch|p1a: LearnChineseBuddy\n|-resisted|p1a: LearnChineseBuddy\n|-crit|p1a: LearnChineseBuddy\n|-damage|p1a: LearnChineseBuddy|0 fnt\n|faint|p1a: LearnChineseBuddy\n|-damage|p2a: HAOHMARU|45\/100|[from] item: Life Orb\n|\n|upkeep\n|\n|t:|1699065116\n|switch|p1a: Amoonguss|Amoonguss, F|76\/100\n|turn|31\n|\n|t:|1699065123\n|move|p2a: HAOHMARU|Kowtow Cleave|p1a: Amoonguss\n|-damage|p1a: Amoonguss|0 fnt\n|faint|p1a: Amoonguss\n|-damage|p2a: HAOHMARU|35\/100|[from] item: Life Orb\n|\n|upkeep\n|\n|t:|1699065128\n|switch|p1a: Mr. Blubby|Chi-Yu|32\/100\n|-ability|p1a: Mr. Blubby|Beads of Ruin\n|turn|32\n|\n|t:|1699065133\n|move|p1a: Mr. Blubby|Flamethrower|p2a: HAOHMARU\n|-supereffective|p2a: HAOHMARU\n|-damage|p2a: HAOHMARU|0 fnt\n|faint|p2a: HAOHMARU\n|-end|p2a: HAOHMARU|fallen5|[silent]\n|\n|win|pkpowers310\n|c|\u2606BLACK METAL 3|omfg\n|c|\u2606BLACK METAL 3|i misclicked\n|c|\u2606pkpowers310|Thats rough\n","uploadtime":1699065156,"views":17,"p1id":"pkpowers310","p2id":"blackmetal3","formatid":"gen9ubers","rating":0,"private":0,"password":""}