{"id":"gen9ubers-1970809478","p1":"NuAedion","p2":"WashedKatana","format":"[Gen 9] Ubers","log":"|j|\u2606NuAedion\n|j|\u2606WashedKatana\n|t:|1697669338\n|gametype|singles\n|player|p1|NuAedion|cilan|1341\n|player|p2|WashedKatana|unknown|1389\n|teamsize|p1|6\n|teamsize|p2|6\n|gen|9\n|tier|[Gen 9] Ubers\n|rated|\n|rule|Sleep Clause Mod: Limit one foe put to sleep\n|rule|Species Clause: Limit one of each Pok\u00e9mon\n|rule|OHKO Clause: OHKO moves are banned\n|rule|Evasion Items Clause: Evasion items are banned\n|rule|Evasion Moves Clause: Evasion moves are banned\n|rule|Endless Battle Clause: Forcing endless battles is banned\n|rule|HP Percentage Mod: HP is shown in percentages\n|clearpoke\n|poke|p1|Zacian-*|\n|poke|p1|Miraidon|\n|poke|p1|Blissey, F|\n|poke|p1|Great Tusk|\n|poke|p1|Arceus-Ground|\n|poke|p1|Calyrex-Ice|\n|poke|p2|Ribombee, M|\n|poke|p2|Koraidon|\n|poke|p2|Arceus|\n|poke|p2|Miraidon|\n|poke|p2|Zacian-*|\n|poke|p2|Iron Treads|\n|teampreview\n|\n|t:|1697669364\n|start\n|switch|p1a: Miraidon|Miraidon|100\/100\n|switch|p2a: Ribombee|Ribombee, M|100\/100\n|-fieldstart|move: Electric Terrain|[from] ability: Hadron Engine|[of] p1a: Miraidon\n|turn|1\n|\n|t:|1697669371\n|move|p1a: Miraidon|Volt Switch|p2a: Ribombee\n|-enditem|p2a: Ribombee|Focus Sash\n|-damage|p2a: Ribombee|1\/100\n|\n|t:|1697669376\n|switch|p1a: Great Tusk|Great Tusk|100\/100|[from] Volt Switch\n|-enditem|p1a: Great Tusk|Booster Energy\n|-activate|p1a: Great Tusk|ability: Protosynthesis|[fromitem]\n|-start|p1a: Great Tusk|protosynthesisspe\n|move|p2a: Ribombee|Sticky Web|p1a: Great Tusk\n|-sidestart|p1: NuAedion|move: Sticky Web\n|\n|upkeep\n|turn|2\n|\n|t:|1697669393\n|-terastallize|p2a: Ribombee|Ghost\n|move|p1a: Great Tusk|Rapid Spin|p2a: Ribombee\n|-immune|p2a: Ribombee\n|move|p2a: Ribombee|Moonblast|p1a: Great Tusk\n|-supereffective|p1a: Great Tusk\n|-damage|p1a: Great Tusk|0 fnt\n|faint|p1a: Great Tusk\n|-end|p1a: Great Tusk|Protosynthesis|[silent]\n|\n|upkeep\n|\n|t:|1697669409\n|switch|p1a: Blissey|Blissey, F, shiny|100\/100\n|turn|3\n|\n|t:|1697669417\n|move|p2a: Ribombee|U-turn|p1a: Blissey\n|-damage|p1a: Blissey|74\/100\n|\n|t:|1697669424\n|switch|p2a: Iron Treads|Iron Treads|100\/100|[from] U-turn\n|-activate|p2a: Iron Treads|ability: Quark Drive\n|-start|p2a: Iron Treads|quarkdrivespd\n|move|p1a: Blissey|Ice Beam|p2a: Iron Treads\n|-damage|p2a: Iron Treads|89\/100\n|\n|-heal|p2a: Iron Treads|96\/100|[from] item: Leftovers\n|upkeep\n|turn|4\n|\n|t:|1697669438\n|switch|p1a: Calyrex|Calyrex-Ice|100\/100\n|-ability|p1a: Calyrex|As One\n|-ability|p1a: Calyrex|Unnerve\n|-activate|p1a: Calyrex|move: Sticky Web\n|-unboost|p1a: Calyrex|spe|1\n|move|p2a: Iron Treads|Stealth Rock|p1a: Calyrex\n|-sidestart|p1: NuAedion|move: Stealth Rock\n|\n|-heal|p2a: Iron Treads|100\/100|[from] item: Leftovers\n|upkeep\n|turn|5\n|\n|t:|1697669471\n|-end|p2a: Iron Treads|Quark Drive|[silent]\n|switch|p2a: Ribombee|Ribombee, M, tera:Ghost|1\/100\n|move|p1a: Calyrex|Close Combat|p2a: Ribombee\n|-immune|p2a: Ribombee\n|\n|-fieldend|move: Electric Terrain\n|upkeep\n|turn|6\n|-message|NuAedion forfeited.\n|\n|win|WashedKatana\n|raw|NuAedion's rating: 1341 &rarr; <strong>1324<\/strong><br \/>(-17 for losing)\n|raw|WashedKatana's rating: 1389 &rarr; <strong>1406<\/strong><br \/>(+17 for winning)\n|l|\u2606NuAedion\n","uploadtime":1697669481,"views":14,"p1id":"nuaedion","p2id":"washedkatana","formatid":"gen9ubers","rating":1324,"private":0,"password":""}