{"id":"gen9ubers-1980333983","p1":"ieatbreadstix","p2":"Hedgehog415","format":"[Gen 9] Ubers","log":"|j|\u2606ieatbreadstix\n|j|\u2606Hedgehog415\n|t:|1698776154\n|gametype|singles\n|player|p1|ieatbreadstix|workerice|\n|player|p2|Hedgehog415|hilbert|\n|teamsize|p1|6\n|teamsize|p2|6\n|gen|9\n|tier|[Gen 9] Ubers\n|rule|Sleep Clause Mod: Limit one foe put to sleep\n|rule|Species Clause: Limit one of each Pok\u00e9mon\n|rule|OHKO Clause: OHKO moves are banned\n|rule|Evasion Items Clause: Evasion items are banned\n|rule|Evasion Moves Clause: Evasion moves are banned\n|rule|Endless Battle Clause: Forcing endless battles is banned\n|rule|HP Percentage Mod: HP is shown in percentages\n|clearpoke\n|poke|p1|Klefki, M|\n|poke|p1|Gliscor, M|\n|poke|p1|Magnezone|\n|poke|p1|Glimmora, F|\n|poke|p1|Enamorus-Therian, F|\n|poke|p1|Tyranitar, M|\n|poke|p2|Great Tusk|\n|poke|p2|Arcanine-Hisui, M|\n|poke|p2|Samurott-Hisui, M|\n|poke|p2|Meowscarada, F|\n|poke|p2|Lucario, M|\n|poke|p2|Torkoal, M|\n|teampreview\n|j| kosmicBAD\n|\n|t:|1698776219\n|start\n|switch|p1a: Batman|Gliscor, M|100\/100\n|switch|p2a: :3|Arcanine-Hisui, M|100\/100\n|turn|1\n|\n|t:|1698776251\n|-terastallize|p2a: :3|Fighting\n|move|p1a: Batman|Earthquake|p2a: :3\n|-damage|p2a: :3|48\/100\n|move|p2a: :3|Head Smash|p1a: Batman\n|-damage|p1a: Batman|8\/100\n|-damage|p2a: :3|38\/100|[from] item: Life Orb\n|\n|-status|p1a: Batman|tox|[from] item: Toxic Orb\n|upkeep\n|turn|2\n|\n|t:|1698776263\n|move|p1a: Batman|Protect|p1a: Batman\n|-singleturn|p1a: Batman|Protect\n|move|p2a: :3|Extreme Speed|p1a: Batman\n|-activate|p1a: Batman|move: Protect\n|\n|-heal|p1a: Batman|20\/100 tox|[from] ability: Poison Heal\n|upkeep\n|turn|3\n|\n|t:|1698776281\n|switch|p1a: LowTierGlimmora|Glimmora, F|100\/100\n|move|p2a: :3|Extreme Speed|p1a: LowTierGlimmora\n|-resisted|p1a: LowTierGlimmora\n|-damage|p1a: LowTierGlimmora|83\/100\n|-damage|p2a: :3|21\/100|[from] item: Rocky Helmet|[of] p1a: LowTierGlimmora\n|-activate|p1a: LowTierGlimmora|ability: Toxic Debris\n|-sidestart|p2: Hedgehog415|move: Toxic Spikes\n|-damage|p2a: :3|11\/100|[from] item: Life Orb\n|\n|upkeep\n|turn|4\n|\n|t:|1698776293\n|move|p1a: LowTierGlimmora|Spiky Shield|p1a: LowTierGlimmora\n|-singleturn|p1a: LowTierGlimmora|move: Protect\n|move|p2a: :3|Close Combat|p1a: LowTierGlimmora\n|-activate|p1a: LowTierGlimmora|move: Protect\n|-damage|p2a: :3|0 fnt|[from] Spiky Shield|[of] p1a: LowTierGlimmora\n|faint|p2a: :3\n|\n|upkeep\n|\n|t:|1698776308\n|switch|p2a: Goku|Lucario, M, shiny|100\/100\n|turn|5\n|\n|t:|1698776322\n|-terastallize|p1a: LowTierGlimmora|Ghost\n|move|p2a: Goku|Earthquake|p1a: LowTierGlimmora\n|-damage|p1a: LowTierGlimmora|41\/100\n|-activate|p1a: LowTierGlimmora|ability: Toxic Debris\n|-sidestart|p2: Hedgehog415|move: Toxic Spikes\n|-damage|p2a: Goku|91\/100|[from] item: Life Orb\n|move|p1a: LowTierGlimmora|Stealth Rock|p2a: Goku\n|-sidestart|p2: Hedgehog415|move: Stealth Rock\n|\n|upkeep\n|turn|6\n|\n|t:|1698776336\n|move|p1a: LowTierGlimmora|Spiky Shield|p1a: LowTierGlimmora\n|-singleturn|p1a: LowTierGlimmora|move: Protect\n|move|p2a: Goku|Meteor Mash|p1a: LowTierGlimmora\n|-activate|p1a: LowTierGlimmora|move: Protect\n|-damage|p2a: Goku|78\/100|[from] Spiky Shield|[of] p1a: LowTierGlimmora\n|\n|upkeep\n|turn|7\n|\n|t:|1698776351\n|move|p2a: Goku|Meteor Mash|p1a: LowTierGlimmora\n|-damage|p1a: LowTierGlimmora|0 fnt\n|-damage|p2a: Goku|62\/100|[from] item: Rocky Helmet|[of] p1a: LowTierGlimmora\n|faint|p1a: LowTierGlimmora\n|-damage|p2a: Goku|52\/100|[from] item: Life Orb\n|\n|upkeep\n|\n|t:|1698776358\n|switch|p1a: February 14th 2024|Enamorus-Therian, F|100\/100\n|turn|8\n|\n|t:|1698776373\n|move|p2a: Goku|Meteor Mash|p1a: February 14th 2024\n|-supereffective|p1a: February 14th 2024\n|-damage|p1a: February 14th 2024|0 fnt\n|faint|p1a: February 14th 2024\n|-damage|p2a: Goku|42\/100|[from] item: Life Orb\n|\n|upkeep\n|\n|t:|1698776384\n|switch|p1a: Batman|Gliscor, M|20\/100 tox\n|turn|9\n|\n|t:|1698776391\n|move|p2a: Goku|Bullet Punch|p1a: Batman\n|-damage|p1a: Batman|0 fnt\n|faint|p1a: Batman\n|-damage|p2a: Goku|32\/100|[from] item: Life Orb\n|\n|upkeep\n|\n|t:|1698776408\n|switch|p1a: Klefkock|Klefki, M|100\/100\n|turn|10\n|\n|t:|1698776420\n|move|p1a: Klefkock|Thunder Wave|p2a: Goku\n|-status|p2a: Goku|par\n|move|p2a: Goku|Earthquake|p1a: Klefkock\n|-supereffective|p1a: Klefkock\n|-damage|p1a: Klefkock|35\/100\n|-enditem|p1a: Klefkock|Eject Button\n|-damage|p2a: Goku|22\/100 par|[from] item: Life Orb\n|\n|t:|1698776437\n|switch|p1a: Autozone|Magnezone|100\/100\n|\n|upkeep\n|turn|11\n|\n|t:|1698776465\n|move|p2a: Goku|Earthquake|p1a: Autozone\n|-supereffective|p1a: Autozone\n|-damage|p1a: Autozone|0 fnt\n|faint|p1a: Autozone\n|-damage|p2a: Goku|12\/100 par|[from] item: Life Orb\n|\n|upkeep\n|\n|t:|1698776471\n|switch|p1a: Klefkock|Klefki, M|35\/100\n|turn|12\n|\n|t:|1698776476\n|move|p2a: Goku|Earthquake|p1a: Klefkock\n|-supereffective|p1a: Klefkock\n|-damage|p1a: Klefkock|0 fnt\n|faint|p1a: Klefkock\n|-damage|p2a: Goku|2\/100 par|[from] item: Life Orb\n|\n|upkeep\n|\n|t:|1698776481\n|switch|p1a: Tyranitard|Tyranitar, M|100\/100\n|-weather|Sandstorm|[from] ability: Sand Stream|[of] p1a: Tyranitard\n|turn|13\n|\n|t:|1698776489\n|move|p1a: Tyranitard|Stealth Rock||[still]\n|-fail|p1a: Tyranitard\n|move|p2a: Goku|Close Combat|p1a: Tyranitard\n|-supereffective|p1a: Tyranitard\n|-damage|p1a: Tyranitard|0 fnt\n|-unboost|p2a: Goku|def|1\n|-unboost|p2a: Goku|spd|1\n|faint|p1a: Tyranitard\n|-damage|p2a: Goku|0 fnt|[from] item: Life Orb\n|faint|p2a: Goku\n|\n|win|Hedgehog415\n","uploadtime":1698776505,"views":29,"p1id":"ieatbreadstix","p2id":"hedgehog415","formatid":"gen9ubers","rating":0,"private":0,"password":""}