{"id":"gen9ubers-1970612259","p1":"Snorlaxchef","p2":"GratedsShtickface","format":"[Gen 9] Ubers","log":"|j|\u2606Snorlaxchef\n|j|\u2606GratedsShtickface\n|t:|1697652380\n|gametype|singles\n|player|p1|Snorlaxchef|sailor|1482\n|player|p2|GratedsShtickface|hiker-gen4|1426\n|teamsize|p1|6\n|teamsize|p2|6\n|gen|9\n|tier|[Gen 9] Ubers\n|rated|\n|rule|Sleep Clause Mod: Limit one foe put to sleep\n|rule|Species Clause: Limit one of each Pok\u00e9mon\n|rule|OHKO Clause: OHKO moves are banned\n|rule|Evasion Items Clause: Evasion items are banned\n|rule|Evasion Moves Clause: Evasion moves are banned\n|rule|Endless Battle Clause: Forcing endless battles is banned\n|rule|HP Percentage Mod: HP is shown in percentages\n|clearpoke\n|poke|p1|Corviknight, M|\n|poke|p1|Blissey, F|\n|poke|p1|Clodsire, M|\n|poke|p1|Toxapex, F|\n|poke|p1|Arceus-Fairy|\n|poke|p1|Dondozo, F|\n|poke|p2|Meowscarada, M|\n|poke|p2|Koraidon|\n|poke|p2|Zacian-*|\n|poke|p2|Arceus|\n|poke|p2|Miraidon|\n|poke|p2|Flutter Mane|\n|teampreview\n|inactive|Battle timer is ON: inactive players will automatically lose when time's up. (requested by GratedsShtickface)\n|inactive|Snorlaxchef also wants the timer to be on.\n|inactive|Snorlaxchef has 120 seconds left.\n|\n|t:|1697652439\n|start\n|switch|p1a: Arceus|Arceus-Fairy|100\/100\n|switch|p2a: Meowscarada|Meowscarada, M|100\/100\n|turn|1\n|\n|t:|1697652444\n|move|p2a: Meowscarada|Taunt|p1a: Arceus\n|-start|p1a: Arceus|move: Taunt\n|move|p1a: Arceus|Judgment|p2a: Meowscarada\n|-supereffective|p2a: Meowscarada\n|-enditem|p2a: Meowscarada|Focus Sash\n|-damage|p2a: Meowscarada|1\/100\n|\n|upkeep\n|turn|2\n|\n|t:|1697652449\n|move|p2a: Meowscarada|Spikes|p1a: Arceus\n|-sidestart|p1: Snorlaxchef|Spikes\n|move|p1a: Arceus|Judgment|p2a: Meowscarada\n|-supereffective|p2a: Meowscarada\n|-damage|p2a: Meowscarada|0 fnt\n|faint|p2a: Meowscarada\n|\n|upkeep\n|\n|t:|1697652459\n|switch|p2a: Zacian|Zacian-Crowned|100\/100\n|-ability|p2a: Zacian|Intrepid Sword|boost\n|-boost|p2a: Zacian|atk|1\n|turn|3\n|\n|t:|1697652472\n|switch|p2a: Miraidon|Miraidon|100\/100\n|-fieldstart|move: Electric Terrain|[from] ability: Hadron Engine|[of] p2a: Miraidon\n|switch|p1a: Dondozo|Dondozo, F|100\/100\n|\n|upkeep\n|turn|4\n|\n|t:|1697652482\n|switch|p1a: Blissey|Blissey, F|100\/100\n|move|p2a: Miraidon|Parabolic Charge|p1a: Blissey\n|-damage|p1a: Blissey|85\/100\n|\n|upkeep\n|turn|5\n|\n|t:|1697652496\n|switch|p2a: Arceus|Arceus|100\/100\n|move|p1a: Blissey|Stealth Rock|p2a: Arceus\n|-sidestart|p2: GratedsShtickface|move: Stealth Rock\n|\n|upkeep\n|turn|6\n|\n|t:|1697652506\n|switch|p2a: Koraidon|Koraidon|100\/100\n|-damage|p2a: Koraidon|94\/100|[from] Stealth Rock\n|-weather|SunnyDay|[from] ability: Orichalcum Pulse|[of] p2a: Koraidon\n|-activate|p2a: Koraidon|Orichalcum Pulse|[source]\n|switch|p1a: Dondozo|Dondozo, F|100\/100\n|\n|-weather|SunnyDay|[upkeep]\n|upkeep\n|turn|7\n|\n|t:|1697652516\n|move|p2a: Koraidon|Low Kick|p1a: Dondozo\n|-damage|p1a: Dondozo|59\/100\n|move|p1a: Dondozo|Curse|p1a: Dondozo\n|-unboost|p1a: Dondozo|spe|1\n|-boost|p1a: Dondozo|atk|1\n|-boost|p1a: Dondozo|def|1\n|\n|-weather|SunnyDay|[upkeep]\n|-fieldend|move: Electric Terrain\n|upkeep\n|turn|8\n|\n|t:|1697652524\n|move|p2a: Koraidon|Low Kick|p1a: Dondozo\n|-damage|p1a: Dondozo|34\/100\n|move|p1a: Dondozo|Rest|p1a: Dondozo\n|-status|p1a: Dondozo|slp|[from] move: Rest\n|-heal|p1a: Dondozo|100\/100 slp|[silent]\n|\n|-weather|SunnyDay|[upkeep]\n|upkeep\n|turn|9\n|\n|t:|1697652530\n|switch|p2a: Flutter Mane|Flutter Mane, shiny|100\/100\n|-damage|p2a: Flutter Mane|88\/100|[from] Stealth Rock\n|-activate|p2a: Flutter Mane|ability: Protosynthesis\n|-start|p2a: Flutter Mane|protosynthesisspe\n|cant|p1a: Dondozo|slp\n|move|p1a: Dondozo|Sleep Talk|p1a: Dondozo\n|move|p1a: Dondozo|Liquidation|p2a: Flutter Mane|[from]move: Sleep Talk\n|-damage|p2a: Flutter Mane|39\/100\n|\n|-weather|SunnyDay|[upkeep]\n|upkeep\n|turn|10\n|\n|t:|1697652548\n|switch|p1a: Arceus|Arceus-Fairy|100\/100\n|-damage|p1a: Arceus|88\/100|[from] Spikes\n|move|p2a: Flutter Mane|Taunt|p1a: Arceus\n|-start|p1a: Arceus|move: Taunt\n|\n|-weather|none\n|-end|p2a: Flutter Mane|Protosynthesis\n|upkeep\n|turn|11\n|\n|t:|1697652552\n|move|p2a: Flutter Mane|Moonblast|p1a: Arceus\n|-damage|p1a: Arceus|47\/100\n|-unboost|p1a: Arceus|spa|1\n|-damage|p2a: Flutter Mane|29\/100|[from] item: Life Orb\n|move|p1a: Arceus|Judgment|p2a: Flutter Mane\n|-damage|p2a: Flutter Mane|0 fnt\n|faint|p2a: Flutter Mane\n|-end|p2a: Flutter Mane|Protosynthesis|[silent]\n|\n|upkeep\n|\n|t:|1697652561\n|switch|p2a: Arceus|Arceus|100\/100\n|-damage|p2a: Arceus|88\/100|[from] Stealth Rock\n|turn|12\n|\n|t:|1697652584\n|switch|p1a: Toxapex|Toxapex, F|100\/100\n|-damage|p1a: Toxapex|88\/100|[from] Spikes\n|move|p2a: Arceus|Dragon Dance|p2a: Arceus\n|-boost|p2a: Arceus|atk|1\n|-boost|p2a: Arceus|spe|1\n|\n|upkeep\n|turn|13\n|\n|t:|1697652589\n|move|p2a: Arceus|Earthquake|p1a: Toxapex\n|-supereffective|p1a: Toxapex\n|-damage|p1a: Toxapex|27\/100\n|move|p1a: Toxapex|Toxic|p2a: Arceus\n|-status|p2a: Arceus|tox\n|-enditem|p2a: Arceus|Lum Berry|[eat]\n|-curestatus|p2a: Arceus|tox|[msg]\n|\n|upkeep\n|turn|14\n|\n|t:|1697652597\n|move|p1a: Toxapex|Baneful Bunker|p1a: Toxapex\n|-singleturn|p1a: Toxapex|move: Protect\n|move|p2a: Arceus|Extreme Speed|p1a: Toxapex\n|-activate|p1a: Toxapex|move: Protect\n|-status|p2a: Arceus|psn\n|\n|-damage|p2a: Arceus|76\/100 psn|[from] psn\n|upkeep\n|turn|15\n|\n|t:|1697652609\n|switch|p1a: Corviknight|Corviknight, M|100\/100\n|-ability|p1a: Corviknight|Pressure\n|move|p2a: Arceus|Extreme Speed|p1a: Corviknight\n|-resisted|p1a: Corviknight\n|-damage|p1a: Corviknight|80\/100\n|\n|-heal|p1a: Corviknight|86\/100|[from] item: Leftovers\n|-damage|p2a: Arceus|63\/100 psn|[from] psn\n|upkeep\n|turn|16\n|\n|t:|1697652620\n|switch|p2a: Koraidon|Koraidon|94\/100\n|-damage|p2a: Koraidon|88\/100|[from] Stealth Rock\n|-weather|SunnyDay|[from] ability: Orichalcum Pulse|[of] p2a: Koraidon\n|-activate|p2a: Koraidon|Orichalcum Pulse|[source]\n|move|p1a: Corviknight|Steel Wing|p2a: Koraidon\n|-damage|p2a: Koraidon|68\/100\n|\n|-weather|SunnyDay|[upkeep]\n|-heal|p1a: Corviknight|93\/100|[from] item: Leftovers\n|upkeep\n|turn|17\n|\n|t:|1697652638\n|switch|p1a: Toxapex|Toxapex, F|60\/100\n|-damage|p1a: Toxapex|48\/100|[from] Spikes\n|move|p2a: Koraidon|Low Kick|p1a: Toxapex\n|-resisted|p1a: Toxapex\n|-damage|p1a: Toxapex|40\/100\n|-damage|p2a: Koraidon|52\/100|[from] item: Rocky Helmet|[of] p1a: Toxapex\n|\n|-weather|SunnyDay|[upkeep]\n|upkeep\n|turn|18\n|\n|t:|1697652643\n|move|p1a: Toxapex|Baneful Bunker|p1a: Toxapex\n|-singleturn|p1a: Toxapex|move: Protect\n|move|p2a: Koraidon|Scale Shot|p1a: Toxapex\n|-activate|p1a: Toxapex|move: Protect\n|\n|-weather|SunnyDay|[upkeep]\n|upkeep\n|turn|19\n|\n|t:|1697652651\n|switch|p1a: Arceus|Arceus-Fairy|47\/100\n|-damage|p1a: Arceus|35\/100|[from] Spikes\n|move|p2a: Koraidon|Scale Shot|p1a: Arceus\n|-immune|p1a: Arceus\n|\n|-weather|SunnyDay|[upkeep]\n|upkeep\n|turn|20\n|\n|t:|1697652655\n|move|p2a: Koraidon|Flare Blitz|p1a: Arceus\n|-damage|p1a: Arceus|0 fnt\n|faint|p1a: Arceus\n|-damage|p2a: Koraidon|37\/100|[from] Recoil\n|\n|-weather|none\n|upkeep\n|\n|t:|1697652665\n|switch|p1a: Toxapex|Toxapex, F|73\/100\n|-damage|p1a: Toxapex|60\/100|[from] Spikes\n|turn|21\n|\n|t:|1697652676\n|move|p2a: Koraidon|Swords Dance|p2a: Koraidon\n|-boost|p2a: Koraidon|atk|2\n|move|p1a: Toxapex|Infestation|p2a: Koraidon\n|-resisted|p2a: Koraidon\n|-damage|p2a: Koraidon|36\/100\n|-activate|p2a: Koraidon|move: Infestation|[of] p1a: Toxapex\n|\n|-damage|p2a: Koraidon|23\/100|[from] move: Infestation|[partiallytrapped]\n|upkeep\n|turn|22\n|\n|t:|1697652681\n|move|p1a: Toxapex|Baneful Bunker|p1a: Toxapex\n|-singleturn|p1a: Toxapex|move: Protect\n|move|p2a: Koraidon|Scale Shot|p1a: Toxapex\n|-activate|p1a: Toxapex|move: Protect\n|\n|-damage|p2a: Koraidon|11\/100|[from] move: Infestation|[partiallytrapped]\n|upkeep\n|turn|23\n|\n|t:|1697652689\n|move|p2a: Koraidon|Scale Shot|p1a: Toxapex\n|-damage|p1a: Toxapex|45\/100\n|-damage|p1a: Toxapex|28\/100\n|-crit|p1a: Toxapex\n|-damage|p1a: Toxapex|6\/100\n|-crit|p1a: Toxapex\n|-damage|p1a: Toxapex|0 fnt\n|faint|p1a: Toxapex\n|-hitcount|p1: Toxapex|4\n|-unboost|p2a: Koraidon|def|1\n|-boost|p2a: Koraidon|spe|1\n|\n|-end|p2a: Koraidon|Infestation|[partiallytrapped]|[silent]\n|upkeep\n|\n|t:|1697652702\n|switch|p1a: Corviknight|Corviknight, M|93\/100\n|-ability|p1a: Corviknight|Pressure\n|turn|24\n|\n|t:|1697652707\n|move|p2a: Koraidon|Flare Blitz|p1a: Corviknight\n|-supereffective|p1a: Corviknight\n|-damage|p1a: Corviknight|0 fnt\n|faint|p1a: Corviknight\n|-damage|p2a: Koraidon|0 fnt|[from] Recoil\n|faint|p2a: Koraidon\n|\n|upkeep\n|\n|t:|1697652723\n|switch|p2a: Arceus|Arceus|63\/100 psn\n|switch|p1a: Clodsire|Clodsire, M|100\/100\n|-damage|p2a: Arceus|51\/100 psn|[from] Stealth Rock\n|-damage|p1a: Clodsire|88\/100|[from] Spikes\n|turn|25\n|\n|t:|1697652729\n|move|p2a: Arceus|Earthquake|p1a: Clodsire\n|-supereffective|p1a: Clodsire\n|-damage|p1a: Clodsire|13\/100\n|move|p1a: Clodsire|Earthquake|p2a: Arceus\n|-damage|p2a: Arceus|31\/100 psn\n|\n|-heal|p1a: Clodsire|19\/100|[from] item: Leftovers\n|-damage|p2a: Arceus|18\/100 psn|[from] psn\n|upkeep\n|turn|26\n|\n|t:|1697652740\n|move|p2a: Arceus|Extreme Speed|p1a: Clodsire\n|-damage|p1a: Clodsire|0 fnt\n|faint|p1a: Clodsire\n|\n|-damage|p2a: Arceus|6\/100 psn|[from] psn\n|upkeep\n|\n|t:|1697652744\n|switch|p1a: Dondozo|Dondozo, F|100\/100 slp\n|turn|27\n|\n|t:|1697652754\n|move|p2a: Arceus|Extreme Speed|p1a: Dondozo\n|-damage|p1a: Dondozo|80\/100 slp\n|cant|p1a: Dondozo|slp\n|move|p1a: Dondozo|Sleep Talk|p1a: Dondozo\n|move|p1a: Dondozo|Rest||[from]move: Sleep Talk|[still]\n|-fail|p1a: Dondozo\n|\n|-damage|p2a: Arceus|0 fnt|[from] psn\n|faint|p2a: Arceus\n|upkeep\n|\n|t:|1697652761\n|switch|p2a: Miraidon|Miraidon|100\/100\n|-damage|p2a: Miraidon|88\/100|[from] Stealth Rock\n|-fieldstart|move: Electric Terrain|[from] ability: Hadron Engine|[of] p2a: Miraidon\n|turn|28\n|\n|t:|1697652772\n|switch|p1a: Blissey|Blissey, F|85\/100\n|move|p2a: Miraidon|Draco Meteor|p1a: Blissey\n|-damage|p1a: Blissey|60\/100\n|-unboost|p2a: Miraidon|spa|2\n|\n|upkeep\n|turn|29\n|\n|t:|1697652779\n|switch|p2a: Zacian|Zacian-Crowned|100\/100\n|-damage|p2a: Zacian|94\/100|[from] Stealth Rock\n|move|p1a: Blissey|Soft-Boiled|p1a: Blissey\n|-heal|p1a: Blissey|100\/100\n|\n|upkeep\n|turn|30\n|\n|t:|1697652787\n|switch|p1a: Dondozo|Dondozo, F|80\/100 slp\n|-terastallize|p2a: Zacian|Water\n|move|p2a: Zacian|Play Rough|p1a: Dondozo\n|-damage|p1a: Dondozo|59\/100 slp\n|\n|upkeep\n|turn|31\n|inactive|GratedsShtickface has 120 seconds left.\n|\n|t:|1697652825\n|move|p2a: Zacian|Play Rough|p1a: Dondozo\n|-damage|p1a: Dondozo|34\/100 slp\n|-curestatus|p1a: Dondozo|slp|[msg]\n|move|p1a: Dondozo|Curse|p1a: Dondozo\n|-unboost|p1a: Dondozo|spe|1\n|-boost|p1a: Dondozo|atk|1\n|-boost|p1a: Dondozo|def|1\n|\n|upkeep\n|turn|32\n|inactive|GratedsShtickface has 120 seconds left.\n|\n|t:|1697652832\n|move|p2a: Zacian|Play Rough|p1a: Dondozo\n|-damage|p1a: Dondozo|17\/100\n|move|p1a: Dondozo|Curse|p1a: Dondozo\n|-unboost|p1a: Dondozo|spe|1\n|-boost|p1a: Dondozo|atk|1\n|-boost|p1a: Dondozo|def|1\n|\n|-fieldend|move: Electric Terrain\n|upkeep\n|turn|33\n|\n|t:|1697652836\n|move|p2a: Zacian|Play Rough|p1a: Dondozo\n|-crit|p1a: Dondozo\n|-damage|p1a: Dondozo|0 fnt\n|faint|p1a: Dondozo\n|\n|upkeep\n|c|\u2606Snorlaxchef|Jajajajajajajajajajajaja\n|c|\u2606GratedsShtickface|lol\n|-message|Snorlaxchef forfeited.\n|\n|win|GratedsShtickface\n|raw|Snorlaxchef's rating: 1482 &rarr; <strong>1459<\/strong><br \/>(-23 for losing)\n|raw|GratedsShtickface's rating: 1426 &rarr; <strong>1449<\/strong><br \/>(+23 for winning)\n|l|\u2606Snorlaxchef\n","uploadtime":1697652857,"views":18,"p1id":"snorlaxchef","p2id":"gratedsshtickface","formatid":"gen9ubers","rating":1449,"private":0,"password":""}