{"id":"gen9ubers-1984220409","p1":"GratedsShtickface","p2":"JohnLongGone","format":"[Gen 9] Ubers","log":"|j|\u2606GratedsShtickface\n|j|\u2606JohnLongGone\n|t:|1699231686\n|gametype|singles\n|player|p1|GratedsShtickface|hiker-gen4|\n|player|p2|JohnLongGone|caitlin|\n|teamsize|p1|6\n|teamsize|p2|6\n|gen|9\n|tier|[Gen 9] Ubers\n|rule|Sleep Clause Mod: Limit one foe put to sleep\n|rule|Species Clause: Limit one of each Pok\u00e9mon\n|rule|OHKO Clause: OHKO moves are banned\n|rule|Evasion Items Clause: Evasion items are banned\n|rule|Evasion Moves Clause: Evasion moves are banned\n|rule|Endless Battle Clause: Forcing endless battles is banned\n|rule|HP Percentage Mod: HP is shown in percentages\n|clearpoke\n|poke|p1|Rillaboom, M|\n|poke|p1|Sneasler, M|\n|poke|p1|Espathra, M|\n|poke|p1|Magearna|\n|poke|p1|Arceus-Fire|\n|poke|p1|Palafin, M|\n|poke|p2|Garchomp, F|\n|poke|p2|Houndstone, F|\n|poke|p2|Hippowdon, M|\n|poke|p2|Magearna|\n|poke|p2|Landorus, M|\n|poke|p2|Arceus-Ghost|\n|teampreview\n|inactive|Battle timer is ON: inactive players will automatically lose when time's up. (requested by GratedsShtickface)\n|\n|t:|1699231695\n|start\n|switch|p1a: Random Finizen|Palafin, M|100\/100\n|switch|p2a: Hippowdon|Hippowdon, M|100\/100\n|-weather|Sandstorm|[from] ability: Sand Stream|[of] p2a: Hippowdon\n|turn|1\n|\n|t:|1699231706\n|detailschange|p1a: Random Finizen|Palafin-Hero, M\n|switch|p1a: Harambe|Rillaboom, M|100\/100\n|-fieldstart|move: Grassy Terrain|[from] ability: Grassy Surge|[of] p1a: Harambe\n|move|p2a: Hippowdon|Whirlwind|p1a: Harambe\n|drag|p1a: Random Finizen|Palafin-Hero, M|100\/100\n|-activate|p1a: Random Finizen|ability: Zero to Hero\n|\n|-weather|Sandstorm|[upkeep]\n|-damage|p1a: Random Finizen|94\/100|[from] Sandstorm\n|-heal|p1a: Random Finizen|100\/100|[from] Grassy Terrain\n|upkeep\n|turn|2\n|\n|t:|1699231721\n|switch|p2a: Arceus|Arceus-Ghost|100\/100\n|move|p1a: Random Finizen|Wave Crash|p2a: Arceus\n|-damage|p2a: Arceus|51\/100\n|-damage|p1a: Random Finizen|79\/100|[from] Recoil\n|\n|-weather|Sandstorm|[upkeep]\n|-damage|p1a: Random Finizen|73\/100|[from] Sandstorm\n|-damage|p2a: Arceus|45\/100|[from] Sandstorm\n|-heal|p1a: Random Finizen|79\/100|[from] Grassy Terrain\n|-heal|p2a: Arceus|51\/100|[from] Grassy Terrain\n|upkeep\n|turn|3\n|\n|t:|1699231733\n|switch|p1a: Magearna|Magearna|100\/100\n|move|p2a: Arceus|Recover|p2a: Arceus\n|-heal|p2a: Arceus|100\/100\n|\n|-weather|Sandstorm|[upkeep]\n|-damage|p2a: Arceus|94\/100|[from] Sandstorm\n|-heal|p2a: Arceus|100\/100|[from] Grassy Terrain\n|upkeep\n|turn|4\n|\n|t:|1699231743\n|switch|p2a: Landorus|Landorus, M|100\/100\n|move|p1a: Magearna|Spikes|p2a: Landorus\n|-sidestart|p2: JohnLongGone|Spikes\n|\n|-weather|Sandstorm|[upkeep]\n|upkeep\n|turn|5\n|\n|t:|1699231756\n|switch|p1a: Harambe|Rillaboom, M|100\/100\n|move|p2a: Landorus|Earthquake|p1a: Harambe\n|-resisted|p1a: Harambe\n|-damage|p1a: Harambe|82\/100\n|\n|-weather|Sandstorm|[upkeep]\n|-damage|p1a: Harambe|76\/100|[from] Sandstorm\n|-heal|p1a: Harambe|82\/100|[from] Grassy Terrain\n|-fieldend|move: Grassy Terrain\n|upkeep\n|turn|6\n|\n|t:|1699231768\n|switch|p2a: Magearna|Magearna|100\/100\n|-damage|p2a: Magearna|88\/100|[from] Spikes\n|switch|p1a: Magearna|Magearna|100\/100\n|\n|-weather|Sandstorm|[upkeep]\n|-heal|p2a: Magearna|94\/100|[from] item: Leftovers\n|upkeep\n|turn|7\n|\n|t:|1699231775\n|move|p1a: Magearna|Thunder Wave|p2a: Magearna\n|-status|p2a: Magearna|par\n|move|p2a: Magearna|Spikes|p1a: Magearna\n|-sidestart|p1: GratedsShtickface|Spikes\n|\n|-weather|Sandstorm|[upkeep]\n|-heal|p2a: Magearna|99\/100 par|[from] item: Leftovers\n|upkeep\n|turn|8\n|\n|t:|1699231779\n|move|p1a: Magearna|Volt Switch|p2a: Magearna\n|-damage|p2a: Magearna|88\/100 par\n|\n|t:|1699231787\n|switch|p1a: Ar\u0441eus-Fighting|Arceus-Fire|100\/100|[from] Volt Switch\n|-damage|p1a: Ar\u0441eus-Fighting|88\/100|[from] Spikes\n|cant|p2a: Magearna|par\n|\n|-weather|none\n|-heal|p2a: Magearna|94\/100 par|[from] item: Leftovers\n|upkeep\n|turn|9\n|\n|t:|1699231802\n|switch|p2a: Hippowdon|Hippowdon, M|100\/100\n|-damage|p2a: Hippowdon|88\/100|[from] Spikes\n|-weather|Sandstorm|[from] ability: Sand Stream|[of] p2a: Hippowdon\n|move|p1a: Ar\u0441eus-Fighting|Flare Blitz|p2a: Hippowdon\n|-damage|p2a: Hippowdon|45\/100\n|-damage|p1a: Ar\u0441eus-Fighting|75\/100|[from] Recoil\n|\n|-weather|Sandstorm|[upkeep]\n|-damage|p1a: Ar\u0441eus-Fighting|68\/100|[from] Sandstorm\n|upkeep\n|turn|10\n|\n|t:|1699231826\n|switch|p1a: Harambe|Rillaboom, M|82\/100\n|-damage|p1a: Harambe|69\/100|[from] Spikes\n|-fieldstart|move: Grassy Terrain|[from] ability: Grassy Surge|[of] p1a: Harambe\n|move|p2a: Hippowdon|Whirlwind|p1a: Harambe\n|drag|p1a: Random Finizen|Palafin-Hero, M|79\/100\n|-damage|p1a: Random Finizen|67\/100|[from] Spikes\n|\n|-weather|Sandstorm|[upkeep]\n|-damage|p1a: Random Finizen|61\/100|[from] Sandstorm\n|-heal|p1a: Random Finizen|67\/100|[from] Grassy Terrain\n|-heal|p2a: Hippowdon|51\/100|[from] Grassy Terrain\n|upkeep\n|turn|11\n|\n|t:|1699231844\n|switch|p2a: Arceus|Arceus-Ghost|100\/100\n|-damage|p2a: Arceus|88\/100|[from] Spikes\n|move|p1a: Random Finizen|Jet Punch|p2a: Arceus\n|-damage|p2a: Arceus|62\/100\n|\n|-weather|Sandstorm|[upkeep]\n|-damage|p1a: Random Finizen|61\/100|[from] Sandstorm\n|-damage|p2a: Arceus|56\/100|[from] Sandstorm\n|-heal|p1a: Random Finizen|67\/100|[from] Grassy Terrain\n|-heal|p2a: Arceus|62\/100|[from] Grassy Terrain\n|upkeep\n|turn|12\n|\n|t:|1699231858\n|switch|p1a: Magearna|Magearna|100\/100\n|-damage|p1a: Magearna|88\/100|[from] Spikes\n|move|p2a: Arceus|Recover|p2a: Arceus\n|-heal|p2a: Arceus|100\/100\n|\n|-weather|Sandstorm|[upkeep]\n|-damage|p2a: Arceus|94\/100|[from] Sandstorm\n|-heal|p2a: Arceus|100\/100|[from] Grassy Terrain\n|-heal|p1a: Magearna|94\/100|[from] Grassy Terrain\n|-heal|p1a: Magearna|99\/100|[from] item: Leftovers\n|upkeep\n|turn|13\n|inactive|JohnLongGone has 270 seconds left.\n|\n|t:|1699231890\n|move|p2a: Arceus|Calm Mind|p2a: Arceus\n|-boost|p2a: Arceus|spa|1\n|-boost|p2a: Arceus|spd|1\n|move|p1a: Magearna|Spikes|p2a: Arceus\n|-sidestart|p2: JohnLongGone|Spikes\n|\n|-weather|Sandstorm|[upkeep]\n|-damage|p2a: Arceus|94\/100|[from] Sandstorm\n|-heal|p2a: Arceus|100\/100|[from] Grassy Terrain\n|-heal|p1a: Magearna|100\/100|[from] Grassy Terrain\n|upkeep\n|turn|14\n|\n|t:|1699231896\n|move|p2a: Arceus|Judgment|p1a: Magearna\n|-damage|p1a: Magearna|45\/100\n|move|p1a: Magearna|Thunder Wave|p2a: Arceus\n|-status|p2a: Arceus|par\n|\n|-weather|Sandstorm|[upkeep]\n|-damage|p2a: Arceus|94\/100 par|[from] Sandstorm\n|-heal|p1a: Magearna|51\/100|[from] Grassy Terrain\n|-heal|p1a: Magearna|57\/100|[from] item: Leftovers\n|-heal|p2a: Arceus|100\/100 par|[from] Grassy Terrain\n|-fieldend|move: Grassy Terrain\n|upkeep\n|turn|15\n|inactive|JohnLongGone has 270 seconds left.\n|\n|t:|1699231917\n|move|p1a: Magearna|Spikes|p2a: Arceus\n|-sidestart|p2: JohnLongGone|Spikes\n|move|p2a: Arceus|Calm Mind|p2a: Arceus\n|-boost|p2a: Arceus|spa|1\n|-boost|p2a: Arceus|spd|1\n|\n|-weather|Sandstorm|[upkeep]\n|-damage|p2a: Arceus|94\/100 par|[from] Sandstorm\n|-heal|p1a: Magearna|63\/100|[from] item: Leftovers\n|upkeep\n|turn|16\n|\n|t:|1699231925\n|switch|p1a: Harambe|Rillaboom, M|69\/100\n|-damage|p1a: Harambe|57\/100|[from] Spikes\n|-fieldstart|move: Grassy Terrain|[from] ability: Grassy Surge|[of] p1a: Harambe\n|move|p2a: Arceus|Judgment|p1a: Harambe\n|-damage|p1a: Harambe|0 fnt\n|faint|p1a: Harambe\n|\n|-weather|none\n|-heal|p2a: Arceus|100\/100 par|[from] Grassy Terrain\n|upkeep\n|\n|t:|1699231938\n|switch|p1a: Random Finizen|Palafin-Hero, M|67\/100\n|-damage|p1a: Random Finizen|55\/100|[from] Spikes\n|turn|17\n|\n|t:|1699231944\n|move|p1a: Random Finizen|Wave Crash|p2a: Arceus\n|-damage|p2a: Arceus|46\/100 par\n|-damage|p1a: Random Finizen|31\/100|[from] Recoil\n|cant|p2a: Arceus|par\n|\n|-heal|p1a: Random Finizen|37\/100|[from] Grassy Terrain\n|-heal|p2a: Arceus|52\/100 par|[from] Grassy Terrain\n|upkeep\n|turn|18\n|\n|t:|1699231952\n|move|p1a: Random Finizen|Wave Crash|p2a: Arceus\n|-damage|p2a: Arceus|0 fnt\n|faint|p2a: Arceus\n|-damage|p1a: Random Finizen|15\/100|[from] Recoil\n|\n|-heal|p1a: Random Finizen|21\/100|[from] Grassy Terrain\n|upkeep\n|\n|t:|1699231956\n|switch|p2a: Landorus|Landorus, M|100\/100\n|turn|19\n|\n|t:|1699231961\n|switch|p1a: Magearna|Magearna|63\/100\n|-damage|p1a: Magearna|51\/100|[from] Spikes\n|move|p2a: Landorus|U-turn|p1a: Magearna\n|-resisted|p1a: Magearna\n|-damage|p1a: Magearna|47\/100\n|\n|t:|1699231989\n|switch|p2a: Garchomp|Garchomp, F|100\/100|[from] U-turn\n|-damage|p2a: Garchomp|76\/100|[from] Spikes\n|\n|-heal|p2a: Garchomp|82\/100|[from] Grassy Terrain\n|-heal|p1a: Magearna|53\/100|[from] Grassy Terrain\n|-heal|p1a: Magearna|59\/100|[from] item: Leftovers\n|upkeep\n|turn|20\n|inactive|JohnLongGone has 270 seconds left.\n|\n|t:|1699232006\n|move|p2a: Garchomp|Earthquake|p1a: Magearna\n|-supereffective|p1a: Magearna\n|-damage|p1a: Magearna|24\/100\n|move|p1a: Magearna|Fleur Cannon|p2a: Garchomp\n|-supereffective|p2a: Garchomp\n|-damage|p2a: Garchomp|0 fnt\n|-unboost|p1a: Magearna|spa|2\n|faint|p2a: Garchomp\n|-ability|p1a: Magearna|Soul-Heart|boost\n|-boost|p1a: Magearna|spa|1\n|\n|-heal|p1a: Magearna|30\/100|[from] Grassy Terrain\n|-heal|p1a: Magearna|36\/100|[from] item: Leftovers\n|-fieldend|move: Grassy Terrain\n|upkeep\n|\n|t:|1699232010\n|switch|p2a: Landorus|Landorus, M|100\/100\n|turn|21\n|\n|t:|1699232026\n|-terastallize|p2a: Landorus|Ground\n|move|p2a: Landorus|Earthquake|p1a: Magearna\n|-supereffective|p1a: Magearna\n|-damage|p1a: Magearna|0 fnt\n|faint|p1a: Magearna\n|\n|upkeep\n|\n|t:|1699232035\n|switch|p1a: Random Finizen|Palafin-Hero, M|21\/100\n|-damage|p1a: Random Finizen|9\/100|[from] Spikes\n|turn|22\n|inactive|JohnLongGone has 270 seconds left.\n|\n|t:|1699232070\n|move|p1a: Random Finizen|Jet Punch|p2a: Landorus\n|-supereffective|p2a: Landorus\n|-damage|p2a: Landorus|0 fnt\n|faint|p2a: Landorus\n|\n|upkeep\n|\n|t:|1699232073\n|switch|p2a: Hippowdon|Hippowdon, M|51\/100\n|-damage|p2a: Hippowdon|26\/100|[from] Spikes\n|-weather|Sandstorm|[from] ability: Sand Stream|[of] p2a: Hippowdon\n|turn|23\n|\n|t:|1699232082\n|switch|p2a: Magearna|Magearna|94\/100 par\n|-damage|p2a: Magearna|69\/100 par|[from] Spikes\n|move|p1a: Random Finizen|Jet Punch|p2a: Magearna\n|-damage|p2a: Magearna|24\/100 par\n|\n|-weather|Sandstorm|[upkeep]\n|-damage|p1a: Random Finizen|3\/100|[from] Sandstorm\n|-heal|p2a: Magearna|30\/100 par|[from] item: Leftovers\n|upkeep\n|turn|24\n|inactive|JohnLongGone has 270 seconds left.\n|\n|t:|1699232116\n|move|p1a: Random Finizen|Jet Punch|p2a: Magearna\n|-damage|p2a: Magearna|0 fnt\n|faint|p2a: Magearna\n|\n|-weather|Sandstorm|[upkeep]\n|-damage|p1a: Random Finizen|0 fnt|[from] Sandstorm\n|faint|p1a: Random Finizen\n|upkeep\n|\n|t:|1699232135\n|switch|p1a: Haha Long Boi|Sneasler, M, shiny|100\/100\n|switch|p2a: Houndstone|Houndstone, F|100\/100\n|-damage|p2a: Houndstone|76\/100|[from] Spikes\n|-damage|p1a: Haha Long Boi|88\/100|[from] Spikes\n|turn|25\n|inactive|JohnLongGone has 270 seconds left.\n|inactive|JohnLongGone has 240 seconds left.\n|inactive|JohnLongGone has 210 seconds left.\n|inactive|JohnLongGone has 180 seconds left.\n|inactive|JohnLongGone has 150 seconds left.\n|inactive|JohnLongGone has 120 seconds left.\n|inactive|JohnLongGone has 90 seconds left.\n|\n|t:|1699232336\n|move|p2a: Houndstone|Last Respects|p1a: Haha Long Boi\n|-damage|p1a: Haha Long Boi|0 fnt\n|faint|p1a: Haha Long Boi\n|\n|-weather|Sandstorm|[upkeep]\n|upkeep\n|\n|t:|1699232342\n|switch|p1a: The Ostrich|Espathra, M, shiny|100\/100\n|-damage|p1a: The Ostrich|88\/100|[from] Spikes\n|turn|26\n|inactive|JohnLongGone has 90 seconds left.\n|\n|t:|1699232375\n|move|p1a: The Ostrich|Protect|p1a: The Ostrich\n|-singleturn|p1a: The Ostrich|Protect\n|move|p2a: Houndstone|Last Respects|p1a: The Ostrich\n|-activate|p1a: The Ostrich|move: Protect\n|\n|-weather|Sandstorm|[upkeep]\n|-damage|p1a: The Ostrich|82\/100|[from] Sandstorm\n|-ability|p1a: The Ostrich|Speed Boost|boost\n|-boost|p1a: The Ostrich|spe|1\n|upkeep\n|turn|27\n|inactive|GratedsShtickface has 270 seconds left.\n|\n|t:|1699232411\n|move|p2a: Houndstone|Last Respects|p1a: The Ostrich\n|-supereffective|p1a: The Ostrich\n|-damage|p1a: The Ostrich|0 fnt\n|faint|p1a: The Ostrich\n|\n|-weather|Sandstorm|[upkeep]\n|upkeep\n|\n|t:|1699232414\n|switch|p1a: Ar\u0441eus-Fighting|Arceus-Fire|68\/100\n|-damage|p1a: Ar\u0441eus-Fighting|56\/100|[from] Spikes\n|turn|28\n|\n|t:|1699232420\n|-terastallize|p1a: Ar\u0441eus-Fighting|Ground\n|move|p2a: Houndstone|Last Respects|p1a: Ar\u0441eus-Fighting\n|-damage|p1a: Ar\u0441eus-Fighting|0 fnt\n|faint|p1a: Ar\u0441eus-Fighting\n|\n|win|JohnLongGone\n|c|\u2606GratedsShtickface|gg\n","uploadtime":1699232428,"views":11,"p1id":"gratedsshtickface","p2id":"johnlonggone","formatid":"gen9ubers","rating":0,"private":0,"password":""}