{"id":"gen9ubers-1968033496","p1":"sixounce","p2":"BemusedOstrich","format":"[Gen 9] Ubers","log":"|j|\u2606sixounce\n|j|\u2606BemusedOstrich\n|t:|1697376846\n|gametype|singles\n|player|p1|sixounce|1|\n|player|p2|BemusedOstrich|pokemonbreederf-gen4|\n|teamsize|p1|6\n|teamsize|p2|6\n|gen|9\n|tier|[Gen 9] Ubers\n|rule|Sleep Clause Mod: Limit one foe put to sleep\n|rule|Species Clause: Limit one of each Pok\u00e9mon\n|rule|OHKO Clause: OHKO moves are banned\n|rule|Evasion Items Clause: Evasion items are banned\n|rule|Evasion Moves Clause: Evasion moves are banned\n|rule|Endless Battle Clause: Forcing endless battles is banned\n|rule|HP Percentage Mod: HP is shown in percentages\n|clearpoke\n|poke|p1|Walking Wake|\n|poke|p1|Cinderace, M|\n|poke|p1|Ting-Lu|\n|poke|p1|Hatterene, F|\n|poke|p1|Ninetales, M|\n|poke|p1|Brute Bonnet|\n|poke|p2|Kingambit, F|\n|poke|p2|Tinkaton, F|\n|poke|p2|Klefki, M|\n|poke|p2|Ursaluna, M|\n|poke|p2|Landorus-Therian, M|\n|poke|p2|Glimmora, M|\n|teampreview\n|\n|t:|1697377032\n|start\n|switch|p1a: Ninetales|Ninetales, M|100\/100\n|switch|p2a: Landorus|Landorus-Therian, M|100\/100\n|-weather|SunnyDay|[from] ability: Drought|[of] p1a: Ninetales\n|-ability|p2a: Landorus|Intimidate|boost\n|-unboost|p1a: Ninetales|atk|1\n|turn|1\n|\n|t:|1697377066\n|switch|p1a: Hatterene|Hatterene, F|100\/100\n|move|p2a: Landorus|Earthquake|p1a: Hatterene\n|-damage|p1a: Hatterene|60\/100\n|\n|-weather|SunnyDay|[upkeep]\n|upkeep\n|turn|2\n|\n|t:|1697377085\n|move|p2a: Landorus|Taunt|p1a: Hatterene\n|move|p1a: Hatterene|Taunt|p2a: Landorus|[from]ability: Magic Bounce\n|-start|p2a: Landorus|move: Taunt\n|move|p1a: Hatterene|Draining Kiss|p2a: Landorus\n|-damage|p2a: Landorus|82\/100\n|-heal|p1a: Hatterene|76\/100|[from] drain|[of] p2a: Landorus\n|\n|-weather|SunnyDay|[upkeep]\n|-heal|p2a: Landorus|88\/100|[from] item: Leftovers\n|upkeep\n|turn|3\n|\n|t:|1697377102\n|move|p2a: Landorus|U-turn|p1a: Hatterene\n|-damage|p1a: Hatterene|58\/100\n|\n|t:|1697377115\n|switch|p2a: Glimmora|Glimmora, M|100\/100|[from] U-turn\n|move|p1a: Hatterene|Draining Kiss|p2a: Glimmora\n|-resisted|p2a: Glimmora\n|-damage|p2a: Glimmora|86\/100\n|-heal|p1a: Hatterene|69\/100|[from] drain|[of] p2a: Glimmora\n|\n|-weather|SunnyDay|[upkeep]\n|upkeep\n|turn|4\n|\n|t:|1697377150\n|switch|p1a: Ting-Lu|Ting-Lu|100\/100\n|-ability|p1a: Ting-Lu|Vessel of Ruin\n|move|p2a: Glimmora|Sludge Wave|p1a: Ting-Lu\n|-resisted|p1a: Ting-Lu\n|-damage|p1a: Ting-Lu|83\/100\n|\n|-weather|SunnyDay|[upkeep]\n|-heal|p1a: Ting-Lu|89\/100|[from] item: Leftovers\n|upkeep\n|turn|5\n|\n|t:|1697377165\n|switch|p2a: Landorus|Landorus-Therian, M|88\/100\n|-ability|p2a: Landorus|Intimidate|boost\n|-unboost|p1a: Ting-Lu|atk|1\n|move|p1a: Ting-Lu|Spikes|p2a: Landorus\n|-sidestart|p2: BemusedOstrich|Spikes\n|\n|-weather|SunnyDay|[upkeep]\n|-heal|p2a: Landorus|94\/100|[from] item: Leftovers\n|-heal|p1a: Ting-Lu|95\/100|[from] item: Leftovers\n|upkeep\n|turn|6\n|\n|t:|1697377181\n|move|p2a: Landorus|Taunt|p1a: Ting-Lu\n|-start|p1a: Ting-Lu|move: Taunt\n|cant|p1a: Ting-Lu|move: Taunt|Stealth Rock\n|\n|-weather|SunnyDay|[upkeep]\n|-heal|p2a: Landorus|100\/100|[from] item: Leftovers\n|-heal|p1a: Ting-Lu|100\/100|[from] item: Leftovers\n|upkeep\n|turn|7\n|\n|t:|1697377201\n|switch|p1a: Walking Wake|Walking Wake|100\/100\n|-activate|p1a: Walking Wake|ability: Protosynthesis\n|-start|p1a: Walking Wake|protosynthesisspe\n|move|p2a: Landorus|Swords Dance|p2a: Landorus\n|-boost|p2a: Landorus|atk|2\n|\n|-weather|SunnyDay|[upkeep]\n|upkeep\n|turn|8\n|\n|t:|1697377333\n|move|p1a: Walking Wake|Hydro Steam|p2a: Landorus\n|-supereffective|p2a: Landorus\n|-damage|p2a: Landorus|0 fnt\n|faint|p2a: Landorus\n|\n|-weather|none\n|-end|p1a: Walking Wake|Protosynthesis\n|upkeep\n|\n|t:|1697377428\n|switch|p2a: Klefki|Klefki, M|100\/100\n|-damage|p2a: Klefki|88\/100|[from] Spikes\n|turn|9\n|\n|t:|1697377439\n|-end|p1a: Walking Wake|Protosynthesis|[silent]\n|switch|p1a: Ting-Lu|Ting-Lu|100\/100\n|-ability|p1a: Ting-Lu|Vessel of Ruin\n|move|p2a: Klefki|Light Screen|p2a: Klefki\n|-sidestart|p2: BemusedOstrich|move: Light Screen\n|\n|upkeep\n|turn|10\n|\n|t:|1697377447\n|move|p2a: Klefki|Reflect|p2a: Klefki\n|-sidestart|p2: BemusedOstrich|Reflect\n|move|p1a: Ting-Lu|Stealth Rock|p2a: Klefki\n|-sidestart|p2: BemusedOstrich|move: Stealth Rock\n|\n|upkeep\n|turn|11\n|\n|t:|1697377480\n|move|p2a: Klefki|Spikes|p1a: Ting-Lu\n|-sidestart|p1: sixounce|Spikes\n|move|p1a: Ting-Lu|Earthquake|p2a: Klefki\n|-supereffective|p2a: Klefki\n|-damage|p2a: Klefki|60\/100\n|\n|upkeep\n|turn|12\n|\n|t:|1697377505\n|move|p2a: Klefki|Spikes|p1a: Ting-Lu\n|-sidestart|p1: sixounce|Spikes\n|move|p1a: Ting-Lu|Earthquake|p2a: Klefki\n|-supereffective|p2a: Klefki\n|-damage|p2a: Klefki|28\/100\n|\n|upkeep\n|turn|13\n|\n|t:|1697377546\n|move|p1a: Ting-Lu|Earthquake|p2a: Klefki\n|-supereffective|p2a: Klefki\n|-damage|p2a: Klefki|0 fnt\n|faint|p2a: Klefki\n|\n|upkeep\n|\n|t:|1697377550\n|switch|p2a: Glimmora|Glimmora, M|86\/100\n|-damage|p2a: Glimmora|73\/100|[from] Spikes\n|-damage|p2a: Glimmora|61\/100|[from] Stealth Rock\n|turn|14\n|\n|t:|1697377560\n|move|p2a: Glimmora|Mortal Spin|p1a: Ting-Lu\n|-resisted|p1a: Ting-Lu\n|-damage|p1a: Ting-Lu|99\/100\n|-status|p1a: Ting-Lu|psn\n|-sideend|p2: BemusedOstrich|Spikes|[from] move: Mortal Spin|[of] p2a: Glimmora\n|-sideend|p2: BemusedOstrich|Stealth Rock|[from] move: Mortal Spin|[of] p2a: Glimmora\n|move|p1a: Ting-Lu|Earthquake|p2a: Glimmora\n|-supereffective|p2a: Glimmora\n|-damage|p2a: Glimmora|0 fnt\n|-activate|p2a: Glimmora|ability: Toxic Debris\n|-sidestart|p1: sixounce|move: Toxic Spikes\n|faint|p2a: Glimmora\n|\n|-heal|p1a: Ting-Lu|100\/100 psn|[from] item: Leftovers\n|-damage|p1a: Ting-Lu|88\/100 psn|[from] psn\n|upkeep\n|\n|t:|1697377602\n|switch|p2a: Ursaluna|Ursaluna, M|100\/100\n|turn|15\n|\n|t:|1697377605\n|move|p2a: Ursaluna|Swords Dance|p2a: Ursaluna\n|-boost|p2a: Ursaluna|atk|2\n|move|p1a: Ting-Lu|Stealth Rock|p2a: Ursaluna\n|-sidestart|p2: BemusedOstrich|move: Stealth Rock\n|\n|-heal|p1a: Ting-Lu|94\/100 psn|[from] item: Leftovers\n|-damage|p1a: Ting-Lu|82\/100 psn|[from] psn\n|-status|p2a: Ursaluna|brn|[from] item: Flame Orb\n|upkeep\n|turn|16\n|\n|t:|1697377632\n|move|p2a: Ursaluna|Facade|p1a: Ting-Lu\n|-damage|p1a: Ting-Lu|0 fnt\n|faint|p1a: Ting-Lu\n|\n|-damage|p2a: Ursaluna|94\/100 brn|[from] brn\n|-sideend|p2: BemusedOstrich|move: Light Screen\n|upkeep\n|\n|t:|1697377651\n|switch|p1a: Walking Wake|Walking Wake|100\/100\n|-damage|p1a: Walking Wake|84\/100|[from] Spikes\n|-status|p1a: Walking Wake|psn\n|turn|17\n|\n|t:|1697377659\n|move|p1a: Walking Wake|Hydro Steam|p2a: Ursaluna\n|-supereffective|p2a: Ursaluna\n|-damage|p2a: Ursaluna|0 fnt\n|faint|p2a: Ursaluna\n|\n|-damage|p1a: Walking Wake|72\/100 psn|[from] psn\n|-sideend|p2: BemusedOstrich|Reflect\n|upkeep\n|\n|t:|1697377682\n|switch|p2a: Tinkaton|Tinkaton, F, shiny|100\/100\n|-damage|p2a: Tinkaton|94\/100|[from] Stealth Rock\n|-ability|p2a: Tinkaton|Mold Breaker\n|turn|18\n|\n|t:|1697377702\n|-end|p1a: Walking Wake|Protosynthesis|[silent]\n|switch|p1a: Ninetales|Ninetales, M|100\/100\n|-damage|p1a: Ninetales|84\/100|[from] Spikes\n|-status|p1a: Ninetales|psn\n|-weather|SunnyDay|[from] ability: Drought|[of] p1a: Ninetales\n|-terastallize|p2a: Tinkaton|Fairy\n|move|p2a: Tinkaton|Play Rough|p1a: Ninetales\n|-resisted|p1a: Ninetales\n|-damage|p1a: Ninetales|51\/100 psn\n|\n|-weather|SunnyDay|[upkeep]\n|-heal|p2a: Tinkaton|100\/100|[from] item: Leftovers\n|-damage|p1a: Ninetales|39\/100 psn|[from] psn\n|upkeep\n|turn|19\n|\n|t:|1697377768\n|move|p1a: Ninetales|Weather Ball|p2a: Tinkaton\n|-damage|p2a: Tinkaton|47\/100\n|move|p2a: Tinkaton|Swords Dance|p2a: Tinkaton\n|-boost|p2a: Tinkaton|atk|2\n|\n|-weather|SunnyDay|[upkeep]\n|-heal|p2a: Tinkaton|53\/100|[from] item: Leftovers\n|-damage|p1a: Ninetales|27\/100 psn|[from] psn\n|upkeep\n|turn|20\n|\n|t:|1697377783\n|move|p1a: Ninetales|Weather Ball|p2a: Tinkaton\n|-damage|p2a: Tinkaton|0 fnt\n|faint|p2a: Tinkaton\n|\n|-weather|SunnyDay|[upkeep]\n|-damage|p1a: Ninetales|14\/100 psn|[from] psn\n|upkeep\n|\n|t:|1697377789\n|switch|p2a: Kingambit|Kingambit, F|100\/100\n|-damage|p2a: Kingambit|94\/100|[from] Stealth Rock\n|-activate|p2a: Kingambit|ability: Supreme Overlord\n|-start|p2a: Kingambit|fallen5|[silent]\n|turn|21\n|\n|t:|1697377799\n|move|p2a: Kingambit|Sucker Punch|p1a: Ninetales\n|-damage|p1a: Ninetales|0 fnt\n|faint|p1a: Ninetales\n|\n|-weather|SunnyDay|[upkeep]\n|upkeep\n|\n|t:|1697377824\n|switch|p1a: Walking Wake|Walking Wake|72\/100 psn\n|-damage|p1a: Walking Wake|55\/100 psn|[from] Spikes\n|-activate|p1a: Walking Wake|ability: Protosynthesis\n|-start|p1a: Walking Wake|protosynthesisspe\n|turn|22\n|\n|t:|1697377829\n|move|p2a: Kingambit|Sucker Punch|p1a: Walking Wake\n|-damage|p1a: Walking Wake|0 fnt\n|faint|p1a: Walking Wake\n|-end|p1a: Walking Wake|Protosynthesis|[silent]\n|\n|-weather|SunnyDay|[upkeep]\n|upkeep\n|\n|t:|1697377849\n|switch|p1a: Cinderace|Cinderace, M|100\/100\n|turn|23\n|\n|t:|1697377860\n|move|p2a: Kingambit|Sucker Punch|p1a: Cinderace\n|-damage|p1a: Cinderace|5\/100\n|move|p1a: Cinderace|Pyro Ball|p2a: Kingambit\n|-supereffective|p2a: Kingambit\n|-damage|p2a: Kingambit|0 fnt\n|faint|p2a: Kingambit\n|-end|p2a: Kingambit|fallen5|[silent]\n|\n|win|sixounce\n|c|\u2606BemusedOstrich|gg\n|c|\u2606sixounce|gg\n","uploadtime":1697377876,"views":23,"p1id":"sixounce","p2id":"bemusedostrich","formatid":"gen9ubers","rating":0,"private":0,"password":""}