{"id":"gen9ubers-1988210133","p1":"Dragon Master Rosa","p2":"Pickedman","format":"[Gen 9] Ubers","log":"|j|\u2606Dragon Master Rosa\n|j|\u2606Pickedman\n|t:|1699685882\n|gametype|singles\n|player|p1|Dragon Master Rosa|dragontamer-gen9|\n|player|p2|Pickedman|zinnia|\n|teamsize|p1|6\n|teamsize|p2|6\n|gen|9\n|tier|[Gen 9] Ubers\n|rule|Sleep Clause Mod: Limit one foe put to sleep\n|rule|Species Clause: Limit one of each Pok\u00e9mon\n|rule|OHKO Clause: OHKO moves are banned\n|rule|Evasion Items Clause: Evasion items are banned\n|rule|Evasion Moves Clause: Evasion moves are banned\n|rule|Endless Battle Clause: Forcing endless battles is banned\n|rule|HP Percentage Mod: HP is shown in percentages\n|clearpoke\n|poke|p1|Palafin, M|\n|poke|p1|Slowking-Galar, M|\n|poke|p1|Greninja-*, M|\n|poke|p1|Moltres|\n|poke|p1|Weezing-Galar, F|\n|poke|p1|Zoroark-Hisui, F|\n|poke|p2|Koraidon|\n|poke|p2|Calyrex-Ice|\n|poke|p2|Gliscor, F|\n|poke|p2|Alomomola, M|\n|poke|p2|Lucario, M|\n|poke|p2|Slowking-Galar, M|\n|teampreview\n|c|\u2606Pickedman|glhf\n|c|\u2606Dragon Master Rosa|glhf\n|\n|t:|1699685945\n|start\n|switch|p1a: Palafin|Palafin, M|100\/100\n|switch|p2a: BlueRoom(KZVer)|Gliscor, F|100\/100\n|turn|1\n|\n|t:|1699685954\n|move|p1a: Palafin|Ice Beam|p2a: BlueRoom(KZVer)\n|-supereffective|p2a: BlueRoom(KZVer)\n|-damage|p2a: BlueRoom(KZVer)|0 fnt\n|faint|p2a: BlueRoom(KZVer)\n|\n|upkeep\n|\n|t:|1699685963\n|switch|p2a: WNE|Calyrex-Ice|100\/100\n|-ability|p2a: WNE|As One\n|-ability|p2a: WNE|Unnerve\n|turn|2\n|\n|t:|1699685980\n|detailschange|p1a: Palafin|Palafin-Hero, M\n|switch|p1a: Slowking|Slowking-Galar, M|100\/100\n|move|p2a: WNE|Calm Mind|p2a: WNE\n|-boost|p2a: WNE|spa|1\n|-boost|p2a: WNE|spd|1\n|\n|upkeep\n|turn|3\n|\n|t:|1699685993\n|move|p2a: WNE|Calm Mind|p2a: WNE\n|-boost|p2a: WNE|spa|1\n|-boost|p2a: WNE|spd|1\n|move|p1a: Slowking|Toxic|p2a: WNE\n|-status|p2a: WNE|tox\n|\n|-damage|p2a: WNE|94\/100 tox|[from] psn\n|upkeep\n|turn|4\n|\n|t:|1699685998\n|move|p2a: WNE|Psyshock|p1a: Slowking\n|-damage|p1a: Slowking|32\/100\n|move|p1a: Slowking|Foul Play|p2a: WNE\n|-supereffective|p2a: WNE\n|-damage|p2a: WNE|64\/100 tox\n|\n|-heal|p1a: Slowking|38\/100|[from] item: Leftovers\n|-damage|p2a: WNE|51\/100 tox|[from] psn\n|upkeep\n|turn|5\n|\n|t:|1699686009\n|switch|p1a: Greninja|Greninja, M|100\/100\n|move|p2a: WNE|Draining Kiss|p1a: Greninja\n|-supereffective|p1a: Greninja\n|-damage|p1a: Greninja|4\/100\n|-heal|p2a: WNE|100\/100 tox|[from] drain|[of] p1a: Greninja\n|\n|-damage|p2a: WNE|82\/100 tox|[from] psn\n|upkeep\n|turn|6\n|\n|t:|1699686016\n|move|p1a: Greninja|U-turn|p2a: WNE\n|-start|p1a: Greninja|typechange|Bug|[from] ability: Protean\n|-supereffective|p2a: WNE\n|-damage|p2a: WNE|34\/100 tox\n|\n|t:|1699686024\n|switch|p1a: Slowking|Slowking-Galar, M|71\/100|[from] U-turn\n|move|p2a: WNE|Draining Kiss|p1a: Slowking\n|-resisted|p1a: Slowking\n|-crit|p1a: Slowking\n|-damage|p1a: Slowking|59\/100\n|-heal|p2a: WNE|43\/100 tox|[from] drain|[of] p1a: Slowking\n|\n|-heal|p1a: Slowking|65\/100|[from] item: Leftovers\n|-damage|p2a: WNE|18\/100 tox|[from] psn\n|upkeep\n|turn|7\n|\n|t:|1699686034\n|switch|p1a: Greninja|Greninja, M|4\/100\n|move|p2a: WNE|Ice Beam|p1a: Greninja\n|-resisted|p1a: Greninja\n|-damage|p1a: Greninja|0 fnt\n|faint|p1a: Greninja\n|-ability|p2a: WNE|Chilling Neigh|boost\n|-boost|p2a: WNE|atk|1\n|\n|-damage|p2a: WNE|0 fnt|[from] psn\n|faint|p2a: WNE\n|upkeep\n|\n|t:|1699686045\n|switch|p1a: Palafin|Palafin-Hero, M|100\/100\n|switch|p2a: Full Confession|Lucario, M|100\/100\n|-activate|p1a: Palafin|ability: Zero to Hero\n|turn|8\n|\n|t:|1699686076\n|switch|p2a: Snow|Slowking-Galar, M|100\/100\n|move|p1a: Palafin|Surf|p2a: Snow\n|-damage|p2a: Snow|65\/100\n|\n|upkeep\n|turn|9\n|\n|t:|1699686133\n|switch|p1a: Slowking|Slowking-Galar, M|98\/100\n|move|p2a: Snow|Thunder Wave|p1a: Slowking\n|-status|p1a: Slowking|par\n|\n|-heal|p1a: Slowking|100\/100 par|[from] item: Leftovers\n|upkeep\n|turn|10\n|\n|t:|1699686142\n|move|p2a: Snow|Foul Play|p1a: Slowking\n|-supereffective|p1a: Slowking\n|-damage|p1a: Slowking|74\/100 par\n|move|p1a: Slowking|Chilly Reception|p1a: Slowking\n|-weather|Snow\n|\n|t:|1699686149\n|switch|p1a: Palafin|Palafin-Hero, M|100\/100|[from] Chilly Reception\n|\n|-weather|Snow|[upkeep]\n|upkeep\n|turn|11\n|\n|t:|1699686157\n|move|p1a: Palafin|Poltergeist|p2a: Snow|[miss]\n|-miss|p1a: Palafin|p2a: Snow\n|move|p2a: Snow|Thunder Wave|p1a: Palafin\n|-status|p1a: Palafin|par\n|\n|-weather|Snow|[upkeep]\n|upkeep\n|turn|12\n|c|\u2606Pickedman|sry\n|\n|t:|1699686164\n|switch|p2a: BreathOfASerpent|Koraidon|100\/100\n|-weather|SunnyDay|[from] ability: Orichalcum Pulse|[of] p2a: BreathOfASerpent\n|-activate|p2a: BreathOfASerpent|Orichalcum Pulse|[source]\n|move|p1a: Palafin|Poltergeist|p2a: BreathOfASerpent\n|-activate|p2a: BreathOfASerpent|move: Poltergeist|Petaya Berry\n|-crit|p2a: BreathOfASerpent\n|-damage|p2a: BreathOfASerpent|48\/100\n|\n|-weather|SunnyDay|[upkeep]\n|upkeep\n|turn|13\n|c|\u2606Dragon Master Rosa|don't apologize dawg that's just mons\n|\n|t:|1699686268\n|move|p2a: BreathOfASerpent|Ancient Power|p1a: Palafin\n|-damage|p1a: Palafin|66\/100 par\n|-boost|p2a: BreathOfASerpent|atk|1\n|-boost|p2a: BreathOfASerpent|def|1\n|-boost|p2a: BreathOfASerpent|spa|1\n|-boost|p2a: BreathOfASerpent|spd|1\n|-boost|p2a: BreathOfASerpent|spe|1\n|replace|p1a: Zoroark|Zoroark-Hisui, F\n|-end|p1a: Zoroark|Illusion\n|move|p1a: Zoroark|Poltergeist|p2a: BreathOfASerpent|[miss]\n|-miss|p1a: Zoroark|p2a: BreathOfASerpent\n|\n|-weather|SunnyDay|[upkeep]\n|upkeep\n|turn|14\n|c|\u2606Pickedman|skill\n|c|\u2606Dragon Master Rosa|fr\n|\n|t:|1699686305\n|switch|p1a: Slowking|Slowking-Galar, M|100\/100 par\n|move|p2a: BreathOfASerpent|Flamethrower|p1a: Slowking\n|-crit|p1a: Slowking\n|-damage|p1a: Slowking|47\/100 par\n|\n|-weather|SunnyDay|[upkeep]\n|-heal|p1a: Slowking|53\/100 par|[from] item: Leftovers\n|upkeep\n|turn|15\n|c|\u2606Dragon Master Rosa|ok dawg now you can apologize\n|\n|t:|1699686318\n|move|p2a: BreathOfASerpent|Substitute|p2a: BreathOfASerpent\n|-start|p2a: BreathOfASerpent|Substitute\n|-damage|p2a: BreathOfASerpent|23\/100\n|-enditem|p2a: BreathOfASerpent|Petaya Berry|[eat]\n|-boost|p2a: BreathOfASerpent|spa|1|[from] item: Petaya Berry\n|move|p1a: Slowking|Chilly Reception|p1a: Slowking\n|-weather|Snow\n|c|\u2606Pickedman|sorry\n|\n|t:|1699686321\n|switch|p1a: Palafin|Palafin-Hero, M|100\/100|[from] Chilly Reception\n|\n|-weather|Snow|[upkeep]\n|upkeep\n|turn|16\n|\n|t:|1699686328\n|switch|p1a: Slowking|Slowking-Galar, M|66\/100 par\n|move|p2a: BreathOfASerpent|Draco Meteor|p1a: Slowking\n|-damage|p1a: Slowking|0 fnt\n|-unboost|p2a: BreathOfASerpent|spa|2\n|replace|p1a: Zoroark|Zoroark-Hisui, F\n|-end|p1a: Zoroark|Illusion\n|faint|p1a: Zoroark\n|\n|-weather|Snow|[upkeep]\n|upkeep\n|\n|t:|1699686333\n|switch|p1a: Palafin|Palafin-Hero, M|100\/100\n|turn|17\n|\n|t:|1699686339\n|move|p2a: BreathOfASerpent|Draco Meteor|p1a: Palafin\n|-damage|p1a: Palafin|42\/100\n|-unboost|p2a: BreathOfASerpent|spa|2\n|move|p1a: Palafin|Boomburst|p2a: BreathOfASerpent\n|-damage|p2a: BreathOfASerpent|0 fnt\n|faint|p2a: BreathOfASerpent\n|\n|-weather|Snow|[upkeep]\n|upkeep\n|\n|t:|1699686346\n|switch|p2a: Full Confession|Lucario, M|100\/100\n|turn|18\n|\n|t:|1699686355\n|switch|p1a: Moltres|Moltres|100\/100\n|move|p2a: Full Confession|Swords Dance|p2a: Full Confession\n|-boost|p2a: Full Confession|atk|2\n|\n|-weather|Snow|[upkeep]\n|upkeep\n|turn|19\n|\n|t:|1699686359\n|move|p2a: Full Confession|Stone Edge|p1a: Moltres\n|-supereffective|p1a: Moltres\n|-damage|p1a: Moltres|0 fnt\n|faint|p1a: Moltres\n|-damage|p2a: Full Confession|91\/100|[from] item: Life Orb\n|\n|-weather|none\n|upkeep\n|\n|t:|1699686361\n|switch|p1a: Weezing|Weezing-Galar, F|100\/100\n|turn|20\n|\n|t:|1699686372\n|move|p2a: Full Confession|Meteor Mash|p1a: Weezing\n|-supereffective|p1a: Weezing\n|-damage|p1a: Weezing|0 fnt\n|-boost|p2a: Full Confession|atk|1\n|faint|p1a: Weezing\n|-damage|p2a: Full Confession|81\/100|[from] item: Life Orb\n|\n|upkeep\n|c|\u2606Dragon Master Rosa|skull emoji\n|c|\u2606Pickedman|ggwp\n|\n|t:|1699686382\n|switch|p1a: Slowking|Slowking-Galar, M|86\/100 par\n|turn|21\n|-message|Dragon Master Rosa forfeited.\n|\n|win|Pickedman\n|c|\u2606Pickedman|entirely luck based video game\n","uploadtime":1699686393,"views":10,"p1id":"dragonmasterrosa","p2id":"pickedman","formatid":"gen9ubers","rating":0,"private":0,"password":""}