{"id":"gen9ubers-1995001029","p1":"Blitz2656","p2":"HarmoniChaos","format":"[Gen 9] Ubers","log":"|j|\u2606Blitz2656\n|j|\u2606HarmoniChaos\n|t:|1700512164\n|gametype|singles\n|player|p1|Blitz2656|mustard-master|\n|player|p2|HarmoniChaos|cheren|\n|teamsize|p1|6\n|teamsize|p2|6\n|gen|9\n|tier|[Gen 9] Ubers\n|rule|Sleep Clause Mod: Limit one foe put to sleep\n|rule|Species Clause: Limit one of each Pok\u00e9mon\n|rule|OHKO Clause: OHKO moves are banned\n|rule|Evasion Items Clause: Evasion items are banned\n|rule|Evasion Moves Clause: Evasion moves are banned\n|rule|Endless Battle Clause: Forcing endless battles is banned\n|rule|HP Percentage Mod: HP is shown in percentages\n|clearpoke\n|poke|p1|Palafin, F|\n|poke|p1|Medicham, F|\n|poke|p1|Tornadus-Therian, M|\n|poke|p1|Landorus-Therian, M|\n|poke|p1|Slowking-Galar, F|\n|poke|p1|Yanma, F|\n|poke|p2|Swalot, M|\n|poke|p2|Samurott, M|\n|poke|p2|Decidueye, F|\n|poke|p2|Arcanine, M|\n|poke|p2|Goodra-Hisui, F|\n|poke|p2|Articuno|\n|teampreview\n|inactive|Battle timer is ON: inactive players will automatically lose when time's up. (requested by Blitz2656)\n|c|\u2606HarmoniChaos|is it best of 3 i forgot\n|c|\u2606Blitz2656|yes\n|\n|t:|1700512179\n|start\n|switch|p1a: Landorus|Landorus-Therian, M|100\/100\n|switch|p2a: Swalot|Swalot, M|100\/100\n|-ability|p1a: Landorus|Intimidate|boost\n|-unboost|p2a: Swalot|atk|1\n|turn|1\n|c|\u2606HarmoniChaos|also did you get a replay\n|\n|t:|1700512191\n|switch|p2a: Articuno|Articuno|100\/100\n|-ability|p2a: Articuno|Pressure\n|move|p1a: Landorus|Taunt|p2a: Articuno\n|-start|p2a: Articuno|move: Taunt\n|\n|upkeep\n|turn|2\n|c|\u2606Blitz2656|oh oops\n|c|\u2606HarmoniChaos|shoot\n|c|\u2606HarmoniChaos|do we have to not count that?\n|c|\u2606Blitz2656|no we do\n|c|\u2606Blitz2656|theres a way to find them\n|inactive|HarmoniChaos has 270 seconds left.\n|c|\u2606HarmoniChaos|oh thank goodness\n|\n|t:|1700512227\n|switch|p1a: Slowking|Slowking-Galar, F|100\/100\n|move|p2a: Articuno|U-turn|p1a: Slowking\n|-damage|p1a: Slowking|79\/100\n|inactive|HarmoniChaos has 270 seconds left.\n|c|\u2606HarmoniChaos|i was thinking I'd have to just FF if you got a second win\n|\n|t:|1700512240\n|switch|p2a: Swalot|Swalot, M|100\/100|[from] U-turn\n|\n|upkeep\n|turn|3\n|\n|t:|1700512268\n|switch|p1a: Landorus|Landorus-Therian, M|100\/100\n|-ability|p1a: Landorus|Intimidate|boost\n|-unboost|p2a: Swalot|atk|1\n|move|p2a: Swalot|Knock Off|p1a: Landorus\n|-damage|p1a: Landorus|90\/100\n|-enditem|p1a: Landorus|Leftovers|[from] move: Knock Off|[of] p2a: Swalot\n|\n|upkeep\n|turn|4\n|inactive|HarmoniChaos has 270 seconds left.\n|\n|t:|1700512294\n|switch|p2a: Articuno|Articuno|100\/100\n|-ability|p2a: Articuno|Pressure\n|move|p1a: Landorus|Taunt|p2a: Articuno\n|-start|p2a: Articuno|move: Taunt\n|\n|upkeep\n|turn|5\n|\n|t:|1700512304\n|move|p1a: Landorus|Stealth Rock|p2a: Articuno\n|-sidestart|p2: HarmoniChaos|move: Stealth Rock\n|move|p2a: Articuno|Ice Spinner|p1a: Landorus\n|-supereffective|p1a: Landorus\n|-damage|p1a: Landorus|0 fnt\n|faint|p1a: Landorus\n|\n|upkeep\n|c|\u2606Blitz2656|good read\n|c|\u2606HarmoniChaos|ty\n|\n|t:|1700512316\n|switch|p1a: Palafin|Palafin, F|100\/100\n|turn|6\n|inactive|HarmoniChaos has 270 seconds left.\n|\n|t:|1700512323\n|detailschange|p1a: Palafin|Palafin-Hero, F\n|switch|p1a: Slowking|Slowking-Galar, F|100\/100\n|move|p2a: Articuno|U-turn|p1a: Slowking\n|-damage|p1a: Slowking|78\/100\n|inactive|HarmoniChaos has 270 seconds left.\n|\n|t:|1700512333\n|switch|p2a: Decidueye|Decidueye, F|100\/100|[from] U-turn\n|-damage|p2a: Decidueye|88\/100|[from] Stealth Rock\n|\n|upkeep\n|turn|7\n|\n|t:|1700512343\n|move|p2a: Decidueye|Shadow Ball|p1a: Slowking\n|-supereffective|p1a: Slowking\n|-damage|p1a: Slowking|23\/100\n|-damage|p2a: Decidueye|78\/100|[from] item: Life Orb\n|move|p1a: Slowking|Toxic|p2a: Decidueye\n|-status|p2a: Decidueye|tox\n|\n|-damage|p2a: Decidueye|72\/100 tox|[from] psn\n|upkeep\n|turn|8\n|inactive|HarmoniChaos has 270 seconds left.\n|\n|t:|1700512362\n|switch|p1a: Yanma|Yanma, F|100\/100\n|move|p2a: Decidueye|Nasty Plot|p2a: Decidueye\n|-boost|p2a: Decidueye|spa|2\n|\n|-damage|p2a: Decidueye|60\/100 tox|[from] psn\n|upkeep\n|turn|9\n|\n|t:|1700512373\n|move|p2a: Decidueye|Shadow Ball|p1a: Yanma\n|-damage|p1a: Yanma|7\/100\n|-damage|p2a: Decidueye|50\/100 tox|[from] item: Life Orb\n|move|p1a: Yanma|Swords Dance|p1a: Yanma\n|-boost|p1a: Yanma|atk|2\n|\n|-damage|p2a: Decidueye|32\/100 tox|[from] psn\n|-ability|p1a: Yanma|Speed Boost|boost\n|-boost|p1a: Yanma|spe|1\n|upkeep\n|turn|10\n|c|\u2606HarmoniChaos|why not yanmega for this?\n|inactive|HarmoniChaos has 270 seconds left.\n|\n|t:|1700512391\n|move|p1a: Yanma|Aerial Ace|p2a: Decidueye\n|-supereffective|p2a: Decidueye\n|-damage|p2a: Decidueye|0 fnt\n|faint|p2a: Decidueye\n|\n|-ability|p1a: Yanma|Speed Boost|boost\n|-boost|p1a: Yanma|spe|1\n|upkeep\n|c|\u2606Blitz2656|bc yanma is funnier\n|inactive|HarmoniChaos has 270 seconds left.\n|c|\u2606HarmoniChaos|i see\n|\n|t:|1700512409\n|switch|p2a: Arcanine|Arcanine, M|100\/100\n|-damage|p2a: Arcanine|76\/100|[from] Stealth Rock\n|-ability|p2a: Arcanine|Intimidate|boost\n|-unboost|p1a: Yanma|atk|1\n|turn|11\n|c|\u2606HarmoniChaos|well who am I to argue with that\n|\n|t:|1700512420\n|switch|p2a: Goodra|Goodra-Hisui, F|100\/100\n|-damage|p2a: Goodra|95\/100|[from] Stealth Rock\n|move|p1a: Yanma|Hypnosis|p2a: Goodra|[miss]\n|-miss|p1a: Yanma|p2a: Goodra\n|\n|-ability|p1a: Yanma|Speed Boost|boost\n|-boost|p1a: Yanma|spe|1\n|upkeep\n|turn|12\n|\n|t:|1700512437\n|switch|p2a: Arcanine|Arcanine, M|76\/100\n|-damage|p2a: Arcanine|51\/100|[from] Stealth Rock\n|-ability|p2a: Arcanine|Intimidate|boost\n|-unboost|p1a: Yanma|atk|1\n|move|p1a: Yanma|Hypnosis|p2a: Arcanine\n|-status|p2a: Arcanine|slp|[from] move: Hypnosis\n|\n|-ability|p1a: Yanma|Speed Boost|boost\n|-boost|p1a: Yanma|spe|1\n|upkeep\n|turn|13\n|inactive|HarmoniChaos has 270 seconds left.\n|\n|t:|1700512452\n|move|p1a: Yanma|Swords Dance|p1a: Yanma\n|-boost|p1a: Yanma|atk|2\n|cant|p2a: Arcanine|slp\n|\n|-ability|p1a: Yanma|Speed Boost|boost\n|-boost|p1a: Yanma|spe|1\n|upkeep\n|turn|14\n|\n|t:|1700512455\n|move|p1a: Yanma|Leech Life|p2a: Arcanine\n|-resisted|p2a: Arcanine\n|-damage|p2a: Arcanine|27\/100 slp\n|-heal|p1a: Yanma|19\/100|[from] drain|[of] p2a: Arcanine\n|-curestatus|p2a: Arcanine|slp|[msg]\n|move|p2a: Arcanine|Hyper Voice|p1a: Yanma\n|-damage|p1a: Yanma|0 fnt\n|faint|p1a: Yanma\n|-enditem|p2a: Arcanine|Throat Spray\n|-boost|p2a: Arcanine|spa|1|[from] item: Throat Spray\n|\n|upkeep\n|\n|t:|1700512473\n|switch|p1a: Tornadus|Tornadus-Therian, M|100\/100\n|turn|15\n|\n|t:|1700512488\n|move|p1a: Tornadus|Knock Off|p2a: Arcanine\n|-damage|p2a: Arcanine|6\/100\n|move|p2a: Arcanine|Flamethrower|p1a: Tornadus\n|-damage|p1a: Tornadus|36\/100\n|-enditem|p1a: Tornadus|Red Card|[of] p2a: Arcanine\n|drag|p2a: Swalot|Swalot, M|100\/100\n|-damage|p2a: Swalot|88\/100|[from] Stealth Rock\n|\n|-heal|p2a: Swalot|94\/100|[from] item: Black Sludge\n|upkeep\n|turn|16\n|c|\u2606HarmoniChaos|wow\n|\n|t:|1700512499\n|move|p1a: Tornadus|U-turn|p2a: Swalot\n|-resisted|p2a: Swalot\n|-damage|p2a: Swalot|87\/100\n|\n|t:|1700512506\n|switch|p1a: Slowking|Slowking-Galar, F|56\/100|[from] U-turn\n|move|p2a: Swalot|Toxic Spikes|p1a: Slowking\n|-sidestart|p1: Blitz2656|move: Toxic Spikes\n|\n|-heal|p2a: Swalot|93\/100|[from] item: Black Sludge\n|upkeep\n|turn|17\n|\n|t:|1700512512\n|move|p2a: Swalot|Knock Off|p1a: Slowking\n|-supereffective|p1a: Slowking\n|-damage|p1a: Slowking|23\/100\n|-enditem|p1a: Slowking|Heavy-Duty Boots|[from] move: Knock Off|[of] p2a: Swalot\n|move|p1a: Slowking|Slack Off|p1a: Slowking\n|-heal|p1a: Slowking|73\/100\n|\n|-heal|p2a: Swalot|99\/100|[from] item: Black Sludge\n|upkeep\n|turn|18\n|\n|t:|1700512530\n|switch|p2a: Samurott|Samurott, M|100\/100\n|-damage|p2a: Samurott|88\/100|[from] Stealth Rock\n|move|p1a: Slowking|Foul Play|p2a: Samurott\n|-damage|p2a: Samurott|59\/100\n|\n|upkeep\n|turn|19\n|\n|t:|1700512552\n|move|p2a: Samurott|Drill Run|p1a: Slowking\n|-supereffective|p1a: Slowking\n|-damage|p1a: Slowking|0 fnt\n|faint|p1a: Slowking\n|\n|upkeep\n|\n|t:|1700512562\n|switch|p1a: Palafin|Palafin-Hero, F|100\/100\n|-status|p1a: Palafin|psn\n|-activate|p1a: Palafin|ability: Zero to Hero\n|turn|20\n|\n|t:|1700512570\n|-terastallize|p1a: Palafin|Normal\n|move|p1a: Palafin|Boomburst|p2a: Samurott\n|-damage|p2a: Samurott|0 fnt\n|faint|p2a: Samurott\n|\n|-damage|p1a: Palafin|88\/100 psn|[from] psn\n|upkeep\n|\n|t:|1700512590\n|switch|p2a: Arcanine|Arcanine, M|6\/100\n|-damage|p2a: Arcanine|0 fnt|[from] Stealth Rock\n|faint|p2a: Arcanine\n|\n|t:|1700512598\n|switch|p2a: Swalot|Swalot, M|99\/100\n|-damage|p2a: Swalot|87\/100|[from] Stealth Rock\n|turn|21\n|\n|t:|1700512608\n|move|p1a: Palafin|Boomburst|p2a: Swalot\n|-damage|p2a: Swalot|45\/100\n|move|p2a: Swalot|Knock Off|p1a: Palafin\n|-damage|p1a: Palafin|73\/100 psn\n|-enditem|p1a: Palafin|Eject Button|[from] move: Knock Off|[of] p2a: Swalot\n|\n|-heal|p2a: Swalot|51\/100|[from] item: Black Sludge\n|-damage|p1a: Palafin|61\/100 psn|[from] psn\n|upkeep\n|turn|22\n|\n|t:|1700512623\n|move|p1a: Palafin|Boomburst|p2a: Swalot\n|-damage|p2a: Swalot|6\/100\n|move|p2a: Swalot|Toxic Spikes|p1a: Palafin\n|-sidestart|p1: Blitz2656|move: Toxic Spikes\n|\n|-heal|p2a: Swalot|12\/100|[from] item: Black Sludge\n|-damage|p1a: Palafin|48\/100 psn|[from] psn\n|upkeep\n|turn|23\n|\n|t:|1700512637\n|move|p1a: Palafin|Boomburst|p2a: Swalot\n|-damage|p2a: Swalot|0 fnt\n|faint|p2a: Swalot\n|\n|-damage|p1a: Palafin|36\/100 psn|[from] psn\n|upkeep\n|\n|t:|1700512650\n|switch|p2a: Goodra|Goodra-Hisui, F|95\/100\n|-damage|p2a: Goodra|89\/100|[from] Stealth Rock\n|turn|24\n|\n|t:|1700512659\n|move|p1a: Palafin|Aura Sphere|p2a: Goodra\n|-supereffective|p2a: Goodra\n|-damage|p2a: Goodra|55\/100\n|move|p2a: Goodra|Iron Head|p1a: Palafin\n|-damage|p1a: Palafin|0 fnt\n|faint|p1a: Palafin\n|\n|upkeep\n|\n|t:|1700512663\n|switch|p1a: Medicham|Medicham, F|100\/100\n|-status|p1a: Medicham|tox\n|turn|25\n|\n|t:|1700512674\n|-terastallize|p2a: Goodra|Ground\n|move|p1a: Medicham|Close Combat|p2a: Goodra\n|-damage|p2a: Goodra|0 fnt\n|-unboost|p1a: Medicham|def|1\n|-unboost|p1a: Medicham|spd|1\n|-ability|p2a: Goodra|Gooey\n|-unboost|p1a: Medicham|spe|1\n|faint|p2a: Goodra\n|\n|-damage|p1a: Medicham|94\/100 tox|[from] psn\n|upkeep\n|\n|t:|1700512687\n|switch|p2a: Articuno|Articuno|100\/100\n|-ability|p2a: Articuno|Pressure\n|turn|26\n|\n|t:|1700512698\n|move|p1a: Medicham|Close Combat|p2a: Articuno\n|-damage|p2a: Articuno|28\/100\n|-unboost|p1a: Medicham|def|1\n|-unboost|p1a: Medicham|spd|1\n|move|p2a: Articuno|Dual Wingbeat|p1a: Medicham\n|-supereffective|p1a: Medicham\n|-damage|p1a: Medicham|0 fnt\n|faint|p1a: Medicham\n|-hitcount|p1: Medicham|1\n|\n|upkeep\n|\n|t:|1700512701\n|switch|p1a: Tornadus|Tornadus-Therian, M|70\/100\n|turn|27\n|\n|t:|1700512712\n|move|p1a: Tornadus|Acrobatics|p2a: Articuno\n|-damage|p2a: Articuno|0 fnt\n|faint|p2a: Articuno\n|\n|win|Blitz2656\n|c|\u2606HarmoniChaos|uuuugh\n|c|\u2606HarmoniChaos|alright\n|c|\u2606Blitz2656|ggs\n|c|\u2606HarmoniChaos|ggs\n|c|\u2606HarmoniChaos|wp\n|c|\u2606HarmoniChaos|better luck next time for me\n|c|\u2606Blitz2656|wp\n|c|\u2606HarmoniChaos|you 2\n","uploadtime":1700512722,"views":25,"p1id":"blitz2656","p2id":"harmonichaos","formatid":"gen9ubers","rating":0,"private":0,"password":""}