{"id":"gen9ubers-1993628737","p1":"Skotchaud","p2":"Quentinteug","format":"[Gen 9] Ubers","log":"|j|\u2606Skotchaud\n|j|\u2606Quentinteug\n|t:|1700339213\n|gametype|singles\n|player|p1|Skotchaud|noland|\n|player|p2|Quentinteug|ghetsis|\n|teamsize|p1|6\n|teamsize|p2|6\n|gen|9\n|tier|[Gen 9] Ubers\n|rule|Sleep Clause Mod: Limit one foe put to sleep\n|rule|Species Clause: Limit one of each Pok\u00e9mon\n|rule|OHKO Clause: OHKO moves are banned\n|rule|Evasion Items Clause: Evasion items are banned\n|rule|Evasion Moves Clause: Evasion moves are banned\n|rule|Endless Battle Clause: Forcing endless battles is banned\n|rule|HP Percentage Mod: HP is shown in percentages\n|clearpoke\n|poke|p1|Cresselia, F|\n|poke|p1|Hatterene, F|\n|poke|p1|Ursaluna, M|\n|poke|p1|Kingambit, M|\n|poke|p1|Enamorus-Therian, F|\n|poke|p1|Toedscruel, M|\n|poke|p2|Ninetales-Alola, M|\n|poke|p2|Milotic, F|\n|poke|p2|Iron Valiant|\n|poke|p2|Baxcalibur, M|\n|poke|p2|Toxapex, M|\n|poke|p2|Landorus-Therian, M|\n|teampreview\n|\n|t:|1700339234\n|start\n|switch|p1a: El jefe|Kingambit, M, shiny|100\/100\n|switch|p2a: Ninetales|Ninetales-Alola, M, shiny|100\/100\n|-weather|Snow|[from] ability: Snow Warning|[of] p2a: Ninetales\n|turn|1\n|\n|t:|1700339246\n|-end|p1a: El jefe|fallenundefined|[silent]\n|switch|p1a: La tepu|Hatterene, F|100\/100\n|move|p2a: Ninetales|Aurora Veil|p2a: Ninetales\n|-sidestart|p2: Quentinteug|move: Aurora Veil\n|\n|-weather|Snow|[upkeep]\n|upkeep\n|turn|2\n|\n|t:|1700339253\n|move|p2a: Ninetales|Hypnosis|p1a: La tepu\n|move|p1a: La tepu|Hypnosis|p2a: Ninetales|[from]ability: Magic Bounce\n|-status|p2a: Ninetales|slp|[from] move: Hypnosis\n|move|p1a: La tepu|Trick Room|p1a: La tepu\n|-fieldstart|move: Trick Room|[of] p1a: La tepu\n|\n|-weather|Snow|[upkeep]\n|upkeep\n|turn|3\n|\n|t:|1700339265\n|switch|p1a: El buen oso|Ursaluna, M, shiny|100\/100\n|cant|p2a: Ninetales|slp\n|\n|-weather|Snow|[upkeep]\n|-status|p1a: El buen oso|brn|[from] item: Flame Orb\n|upkeep\n|turn|4\n|\n|t:|1700339280\n|-terastallize|p1a: El buen oso|Normal\n|move|p1a: El buen oso|Facade|p2a: Ninetales\n|-damage|p2a: Ninetales|27\/100 slp\n|-curestatus|p2a: Ninetales|slp|[msg]\n|move|p2a: Ninetales|Freeze-Dry|p1a: El buen oso\n|-damage|p1a: El buen oso|84\/100 brn\n|\n|-weather|Snow|[upkeep]\n|-damage|p1a: El buen oso|78\/100 brn|[from] brn\n|upkeep\n|turn|5\n|\n|t:|1700339295\n|switch|p2a: Landorus|Landorus-Therian, M|100\/100\n|-ability|p2a: Landorus|Intimidate|boost\n|-unboost|p1a: El buen oso|atk|1\n|move|p1a: El buen oso|Facade|p2a: Landorus\n|-damage|p2a: Landorus|38\/100\n|\n|-weather|none\n|-damage|p1a: El buen oso|72\/100 brn|[from] brn\n|upkeep\n|turn|6\n|\n|t:|1700339322\n|switch|p2a: Iron Valiant|Iron Valiant|100\/100\n|-enditem|p2a: Iron Valiant|Booster Energy\n|-activate|p2a: Iron Valiant|ability: Quark Drive|[fromitem]\n|-start|p2a: Iron Valiant|quarkdrivespe\n|move|p1a: El buen oso|Facade|p2a: Iron Valiant\n|-damage|p2a: Iron Valiant|24\/100\n|\n|-damage|p1a: El buen oso|66\/100 brn|[from] brn\n|-fieldend|move: Trick Room\n|upkeep\n|turn|7\n|\n|t:|1700339333\n|switch|p1a: J\u2019aiUnSoutif|Cresselia, F|100\/100\n|move|p2a: Iron Valiant|Aura Sphere|p1a: J\u2019aiUnSoutif\n|-resisted|p1a: J\u2019aiUnSoutif\n|-damage|p1a: J\u2019aiUnSoutif|87\/100\n|\n|-heal|p1a: J\u2019aiUnSoutif|94\/100|[from] item: Leftovers\n|upkeep\n|turn|8\n|\n|t:|1700339343\n|move|p2a: Iron Valiant|Shadow Ball|p1a: J\u2019aiUnSoutif\n|-supereffective|p1a: J\u2019aiUnSoutif\n|-damage|p1a: J\u2019aiUnSoutif|60\/100\n|move|p1a: J\u2019aiUnSoutif|Trick Room|p1a: J\u2019aiUnSoutif\n|-fieldstart|move: Trick Room|[of] p1a: J\u2019aiUnSoutif\n|\n|-heal|p1a: J\u2019aiUnSoutif|66\/100|[from] item: Leftovers\n|-sideend|p2: Quentinteug|move: Aurora Veil\n|upkeep\n|turn|9\n|\n|t:|1700339368\n|switch|p1a: La beaut\u00e9|Enamorus-Therian, F|100\/100\n|move|p2a: Iron Valiant|Aura Sphere|p1a: La beaut\u00e9\n|-resisted|p1a: La beaut\u00e9\n|-damage|p1a: La beaut\u00e9|93\/100\n|\n|upkeep\n|turn|10\n|\n|t:|1700339376\n|-end|p2a: Iron Valiant|Quark Drive|[silent]\n|switch|p2a: Toxapex|Toxapex, M, shiny|100\/100\n|move|p1a: La beaut\u00e9|Iron Defense|p1a: La beaut\u00e9\n|-boost|p1a: La beaut\u00e9|def|2\n|\n|upkeep\n|turn|11\n|\n|t:|1700339384\n|switch|p1a: El buen oso|Ursaluna, M, shiny, tera:Normal|66\/100 brn\n|move|p2a: Toxapex|Toxic||[still]\n|-fail|p2a: Toxapex\n|\n|-damage|p1a: El buen oso|59\/100 brn|[from] brn\n|upkeep\n|turn|12\n|\n|t:|1700339402\n|move|p2a: Toxapex|Recover||[still]\n|-fail|p2a: Toxapex|heal\n|move|p1a: El buen oso|Facade|p2a: Toxapex\n|-damage|p2a: Toxapex|0 fnt\n|faint|p2a: Toxapex\n|\n|-damage|p1a: El buen oso|53\/100 brn|[from] brn\n|-fieldend|move: Trick Room\n|upkeep\n|\n|t:|1700339421\n|switch|p2a: Iron Valiant|Iron Valiant|24\/100\n|turn|13\n|\n|t:|1700339427\n|switch|p1a: J\u2019aiUnSoutif|Cresselia, F|66\/100\n|move|p2a: Iron Valiant|Aura Sphere|p1a: J\u2019aiUnSoutif\n|-resisted|p1a: J\u2019aiUnSoutif\n|-damage|p1a: J\u2019aiUnSoutif|53\/100\n|\n|-heal|p1a: J\u2019aiUnSoutif|59\/100|[from] item: Leftovers\n|upkeep\n|turn|14\n|\n|t:|1700339436\n|move|p2a: Iron Valiant|Shadow Ball|p1a: J\u2019aiUnSoutif\n|-supereffective|p1a: J\u2019aiUnSoutif\n|-damage|p1a: J\u2019aiUnSoutif|22\/100\n|move|p1a: J\u2019aiUnSoutif|Trick Room|p1a: J\u2019aiUnSoutif\n|-fieldstart|move: Trick Room|[of] p1a: J\u2019aiUnSoutif\n|\n|-heal|p1a: J\u2019aiUnSoutif|28\/100|[from] item: Leftovers\n|upkeep\n|turn|15\n|\n|t:|1700339445\n|switch|p1a: La beaut\u00e9|Enamorus-Therian, F|93\/100\n|move|p2a: Iron Valiant|Shadow Ball|p1a: La beaut\u00e9\n|-damage|p1a: La beaut\u00e9|74\/100\n|\n|upkeep\n|turn|16\n|\n|t:|1700339457\n|-end|p2a: Iron Valiant|Quark Drive|[silent]\n|switch|p2a: Ninetales|Ninetales-Alola, M, shiny|27\/100\n|-weather|Snow|[from] ability: Snow Warning|[of] p2a: Ninetales\n|move|p1a: La beaut\u00e9|Iron Defense|p1a: La beaut\u00e9\n|-boost|p1a: La beaut\u00e9|def|2\n|\n|-weather|Snow|[upkeep]\n|upkeep\n|turn|17\n|\n|t:|1700339469\n|move|p1a: La beaut\u00e9|Draining Kiss|p2a: Ninetales\n|-damage|p2a: Ninetales|11\/100\n|-heal|p1a: La beaut\u00e9|86\/100|[from] drain|[of] p2a: Ninetales\n|move|p2a: Ninetales|Hypnosis|p1a: La beaut\u00e9\n|-status|p1a: La beaut\u00e9|slp|[from] move: Hypnosis\n|\n|-weather|Snow|[upkeep]\n|upkeep\n|turn|18\n|\n|t:|1700339485\n|switch|p1a: La tepu|Hatterene, F|100\/100\n|move|p2a: Ninetales|Aurora Veil|p2a: Ninetales\n|-sidestart|p2: Quentinteug|move: Aurora Veil\n|\n|-weather|Snow|[upkeep]\n|-fieldend|move: Trick Room\n|upkeep\n|turn|19\n|\n|t:|1700339495\n|switch|p2a: Iron Valiant|Iron Valiant|24\/100\n|move|p1a: La tepu|Trick Room|p1a: La tepu\n|-fieldstart|move: Trick Room|[of] p1a: La tepu\n|\n|-weather|Snow|[upkeep]\n|upkeep\n|turn|20\n|\n|t:|1700339510\n|move|p1a: La tepu|Calm Mind|p1a: La tepu\n|-boost|p1a: La tepu|spa|1\n|-boost|p1a: La tepu|spd|1\n|move|p2a: Iron Valiant|Aura Sphere|p1a: La tepu\n|-resisted|p1a: La tepu\n|-damage|p1a: La tepu|93\/100\n|\n|-weather|none\n|upkeep\n|turn|21\n|\n|t:|1700339529\n|move|p1a: La tepu|Calm Mind|p1a: La tepu\n|-boost|p1a: La tepu|spa|1\n|-boost|p1a: La tepu|spd|1\n|move|p2a: Iron Valiant|Shadow Ball|p1a: La tepu\n|-supereffective|p1a: La tepu\n|-damage|p1a: La tepu|64\/100\n|\n|upkeep\n|turn|22\n|\n|t:|1700339540\n|move|p1a: La tepu|Calm Mind|p1a: La tepu\n|-boost|p1a: La tepu|spa|1\n|-boost|p1a: La tepu|spd|1\n|move|p2a: Iron Valiant|Shadow Ball|p1a: La tepu\n|-supereffective|p1a: La tepu\n|-damage|p1a: La tepu|42\/100\n|\n|upkeep\n|turn|23\n|\n|t:|1700339551\n|-end|p2a: Iron Valiant|Quark Drive|[silent]\n|switch|p2a: Milotic|Milotic, F, shiny|100\/100\n|move|p1a: La tepu|Draining Kiss|p2a: Milotic\n|-damage|p2a: Milotic|79\/100\n|-heal|p1a: La tepu|62\/100|[from] drain|[of] p2a: Milotic\n|\n|-fieldend|move: Trick Room\n|-status|p2a: Milotic|brn|[from] item: Flame Orb\n|upkeep\n|turn|24\n|\n|t:|1700339564\n|move|p2a: Milotic|Scald|p1a: La tepu\n|-crit|p1a: La tepu\n|-damage|p1a: La tepu|4\/100\n|move|p1a: La tepu|Trick Room|p1a: La tepu\n|-fieldstart|move: Trick Room|[of] p1a: La tepu\n|\n|-damage|p2a: Milotic|73\/100 brn|[from] brn\n|upkeep\n|turn|25\n|\n|t:|1700339575\n|move|p1a: La tepu|Draining Kiss|p2a: Milotic\n|-damage|p2a: Milotic|50\/100 brn\n|-heal|p1a: La tepu|25\/100|[from] drain|[of] p2a: Milotic\n|move|p2a: Milotic|Draining Kiss|p1a: La tepu\n|-damage|p1a: La tepu|18\/100\n|-heal|p2a: Milotic|55\/100 brn|[from] drain|[of] p1a: La tepu\n|\n|-damage|p2a: Milotic|49\/100 brn|[from] brn\n|-sideend|p2: Quentinteug|move: Aurora Veil\n|upkeep\n|turn|26\n|\n|t:|1700339586\n|move|p1a: La tepu|Draining Kiss|p2a: Milotic\n|-damage|p2a: Milotic|5\/100 brn\n|-heal|p1a: La tepu|58\/100|[from] drain|[of] p2a: Milotic\n|move|p2a: Milotic|Recover|p2a: Milotic\n|-heal|p2a: Milotic|55\/100 brn\n|\n|-damage|p2a: Milotic|49\/100 brn|[from] brn\n|upkeep\n|turn|27\n|\n|t:|1700339599\n|move|p1a: La tepu|Draining Kiss|p2a: Milotic\n|-damage|p2a: Milotic|7\/100 brn\n|-heal|p1a: La tepu|97\/100|[from] drain|[of] p2a: Milotic\n|move|p2a: Milotic|Recover|p2a: Milotic\n|-heal|p2a: Milotic|57\/100 brn\n|\n|-damage|p2a: Milotic|51\/100 brn|[from] brn\n|upkeep\n|turn|28\n|\n|t:|1700339611\n|move|p1a: La tepu|Calm Mind|p1a: La tepu\n|-boost|p1a: La tepu|spa|1\n|-boost|p1a: La tepu|spd|1\n|move|p2a: Milotic|Recover|p2a: Milotic\n|-heal|p2a: Milotic|100\/100 brn\n|\n|-damage|p2a: Milotic|94\/100 brn|[from] brn\n|-fieldend|move: Trick Room\n|upkeep\n|turn|29\n|\n|t:|1700339621\n|move|p2a: Milotic|Scald|p1a: La tepu\n|-damage|p1a: La tepu|83\/100\n|move|p1a: La tepu|Trick Room|p1a: La tepu\n|-fieldstart|move: Trick Room|[of] p1a: La tepu\n|\n|-damage|p2a: Milotic|88\/100 brn|[from] brn\n|upkeep\n|turn|30\n|\n|t:|1700339630\n|move|p1a: La tepu|Calm Mind|p1a: La tepu\n|-boost|p1a: La tepu|spa|1\n|-boost|p1a: La tepu|spd|1\n|move|p2a: Milotic|Scald|p1a: La tepu\n|-damage|p1a: La tepu|71\/100\n|\n|-damage|p2a: Milotic|82\/100 brn|[from] brn\n|upkeep\n|turn|31\n|\n|t:|1700339642\n|move|p1a: La tepu|Calm Mind|p1a: La tepu\n|-boost|p1a: La tepu|spa|1\n|-boost|p1a: La tepu|spd|1\n|move|p2a: Milotic|Recover|p2a: Milotic\n|-heal|p2a: Milotic|100\/100 brn\n|\n|-damage|p2a: Milotic|94\/100 brn|[from] brn\n|upkeep\n|turn|32\n|\n|t:|1700339650\n|move|p1a: La tepu|Draining Kiss|p2a: Milotic\n|-damage|p2a: Milotic|28\/100 brn\n|-heal|p1a: La tepu|100\/100|[from] drain|[of] p2a: Milotic\n|move|p2a: Milotic|Scald|p1a: La tepu\n|-damage|p1a: La tepu|90\/100\n|\n|-damage|p2a: Milotic|22\/100 brn|[from] brn\n|upkeep\n|turn|33\n|\n|t:|1700339664\n|move|p1a: La tepu|Calm Mind|p1a: La tepu\n|-boost|p1a: La tepu|spa|0\n|-boost|p1a: La tepu|spd|0\n|move|p2a: Milotic|Scald|p1a: La tepu\n|-damage|p1a: La tepu|80\/100\n|\n|-damage|p2a: Milotic|16\/100 brn|[from] brn\n|-fieldend|move: Trick Room\n|upkeep\n|turn|34\n|\n|t:|1700339678\n|move|p2a: Milotic|Scald|p1a: La tepu\n|-damage|p1a: La tepu|69\/100\n|move|p1a: La tepu|Trick Room|p1a: La tepu\n|-fieldstart|move: Trick Room|[of] p1a: La tepu\n|\n|-damage|p2a: Milotic|10\/100 brn|[from] brn\n|upkeep\n|turn|35\n|\n|t:|1700339685\n|move|p1a: La tepu|Draining Kiss|p2a: Milotic\n|-damage|p2a: Milotic|0 fnt\n|-heal|p1a: La tepu|77\/100|[from] drain|[of] p2a: Milotic\n|faint|p2a: Milotic\n|\n|upkeep\n|\n|t:|1700339697\n|switch|p2a: Baxcalibur|Baxcalibur, M|100\/100\n|turn|36\n|\n|t:|1700339703\n|-terastallize|p2a: Baxcalibur|Dragon\n|move|p1a: La tepu|Draining Kiss|p2a: Baxcalibur\n|-supereffective|p2a: Baxcalibur\n|-damage|p2a: Baxcalibur|0 fnt\n|-heal|p1a: La tepu|100\/100|[from] drain|[of] p2a: Baxcalibur\n|faint|p2a: Baxcalibur\n|\n|upkeep\n|-message|Quentinteug forfeited.\n|\n|win|Skotchaud\n|l|\u2606Quentinteug\n","uploadtime":1700339720,"views":4,"p1id":"skotchaud","p2id":"quentinteug","formatid":"gen9ubers","rating":0,"private":0,"password":""}