{"id":"gen9ubers-1970110615","p1":"Laprasrules12","p2":"TubeKnight","format":"[Gen 9] Ubers","log":"|j|\u2606Laprasrules12\n|j|\u2606TubeKnight\n|t:|1697595307\n|gametype|singles\n|player|p1|Laprasrules12|lusamine-nihilego|\n|player|p2|TubeKnight|265|\n|teamsize|p1|6\n|teamsize|p2|6\n|gen|9\n|tier|[Gen 9] Ubers\n|rule|Sleep Clause Mod: Limit one foe put to sleep\n|rule|Species Clause: Limit one of each Pok\u00e9mon\n|rule|OHKO Clause: OHKO moves are banned\n|rule|Evasion Items Clause: Evasion items are banned\n|rule|Evasion Moves Clause: Evasion moves are banned\n|rule|Endless Battle Clause: Forcing endless battles is banned\n|rule|HP Percentage Mod: HP is shown in percentages\n|clearpoke\n|poke|p1|Grimmsnarl, M|\n|poke|p1|Arceus-Poison|\n|poke|p1|Zacian-*|\n|poke|p1|Espathra, M|\n|poke|p1|Volcarona, M|\n|poke|p1|Giratina|\n|poke|p2|Torterra, F|\n|poke|p2|Cyclizar, F|\n|poke|p2|Shaymin-Sky|\n|poke|p2|Dondozo, M|\n|poke|p2|Arceus-Poison|\n|poke|p2|Gholdengo|\n|teampreview\n|inactive|Battle timer is ON: inactive players will automatically lose when time's up. (requested by Laprasrules12)\n|\n|t:|1697595328\n|start\n|switch|p1a: Hellion|Grimmsnarl, M, shiny|100\/100\n|switch|p2a: Dondozo|Dondozo, M, shiny|100\/100\n|turn|1\n|\n|t:|1697595338\n|move|p1a: Hellion|Reflect|p1a: Hellion\n|-sidestart|p1: Laprasrules12|Reflect\n|move|p2a: Dondozo|Heavy Slam|p1a: Hellion\n|-supereffective|p1a: Hellion\n|-damage|p1a: Hellion|76\/100\n|\n|upkeep\n|turn|2\n|\n|t:|1697595342\n|move|p1a: Hellion|Parting Shot|p2a: Dondozo\n|-unboost|p2a: Dondozo|atk|1\n|-unboost|p2a: Dondozo|spa|1\n|\n|t:|1697595347\n|switch|p1a: Cleopatra|Espathra, M, shiny|100\/100|[from] Parting Shot\n|move|p2a: Dondozo|Yawn|p1a: Cleopatra\n|-start|p1a: Cleopatra|move: Yawn|[of] p2a: Dondozo\n|\n|upkeep\n|turn|3\n|\n|t:|1697595361\n|switch|p1a: Chernabog|Giratina, shiny|100\/100\n|-ability|p1a: Chernabog|Pressure\n|switch|p2a: Gholdengo|Gholdengo|100\/100\n|\n|upkeep\n|turn|4\n|\n|t:|1697595364\n|move|p2a: Gholdengo|Trick|p1a: Chernabog\n|-activate|p2a: Gholdengo|move: Trick|[of] p1a: Chernabog\n|-item|p1a: Chernabog|Choice Scarf|[from] move: Trick\n|-item|p2a: Gholdengo|Leftovers|[from] move: Trick\n|move|p1a: Chernabog|Dragon Tail|p2a: Gholdengo\n|-resisted|p2a: Gholdengo\n|-damage|p2a: Gholdengo|89\/100\n|drag|p2a: Arceus|Arceus-Poison, shiny|100\/100\n|\n|upkeep\n|turn|5\n|\n|t:|1697595370\n|move|p2a: Arceus|Judgment|p1a: Chernabog\n|-resisted|p1a: Chernabog\n|-damage|p1a: Chernabog|87\/100\n|move|p1a: Chernabog|Dragon Tail|p2a: Arceus\n|-damage|p2a: Arceus|86\/100\n|drag|p2a: Dondozo|Dondozo, M, shiny|100\/100\n|\n|upkeep\n|turn|6\n|\n|t:|1697595379\n|move|p2a: Dondozo|Yawn|p1a: Chernabog\n|-start|p1a: Chernabog|move: Yawn|[of] p2a: Dondozo\n|move|p1a: Chernabog|Dragon Tail|p2a: Dondozo\n|-damage|p2a: Dondozo|92\/100\n|drag|p2a: Shaymin|Shaymin-Sky, shiny|100\/100\n|\n|upkeep\n|turn|7\n|\n|t:|1697595385\n|switch|p1a: Hellion|Grimmsnarl, M, shiny|76\/100\n|move|p2a: Shaymin|Seed Flare|p1a: Hellion\n|-damage|p1a: Hellion|6\/100\n|-unboost|p1a: Hellion|spd|2\n|\n|upkeep\n|turn|8\n|\n|t:|1697595391\n|move|p1a: Hellion|Light Screen|p1a: Hellion\n|-sidestart|p1: Laprasrules12|move: Light Screen\n|move|p2a: Shaymin|Air Slash|p1a: Hellion\n|-damage|p1a: Hellion|0 fnt\n|faint|p1a: Hellion\n|\n|-sideend|p1: Laprasrules12|Reflect\n|upkeep\n|\n|t:|1697595396\n|switch|p1a: Cleopatra|Espathra, M, shiny|100\/100\n|turn|9\n|\n|t:|1697595406\n|move|p1a: Cleopatra|Protect|p1a: Cleopatra\n|-singleturn|p1a: Cleopatra|Protect\n|move|p2a: Shaymin|Seed Flare|p1a: Cleopatra\n|-activate|p1a: Cleopatra|move: Protect\n|\n|-ability|p1a: Cleopatra|Speed Boost|boost\n|-boost|p1a: Cleopatra|spe|1\n|upkeep\n|turn|10\n|\n|t:|1697595408\n|move|p1a: Cleopatra|Calm Mind|p1a: Cleopatra\n|-boost|p1a: Cleopatra|spa|1\n|-boost|p1a: Cleopatra|spd|1\n|move|p2a: Shaymin|Seed Flare|p1a: Cleopatra\n|-damage|p1a: Cleopatra|71\/100\n|-unboost|p1a: Cleopatra|spd|2\n|\n|-heal|p1a: Cleopatra|77\/100|[from] item: Leftovers\n|-ability|p1a: Cleopatra|Speed Boost|boost\n|-boost|p1a: Cleopatra|spe|1\n|upkeep\n|turn|11\n|\n|t:|1697595414\n|move|p1a: Cleopatra|Protect|p1a: Cleopatra\n|-singleturn|p1a: Cleopatra|Protect\n|move|p2a: Shaymin|Air Slash|p1a: Cleopatra\n|-activate|p1a: Cleopatra|move: Protect\n|\n|-heal|p1a: Cleopatra|83\/100|[from] item: Leftovers\n|-ability|p1a: Cleopatra|Speed Boost|boost\n|-boost|p1a: Cleopatra|spe|1\n|upkeep\n|turn|12\n|\n|t:|1697595416\n|move|p1a: Cleopatra|Calm Mind|p1a: Cleopatra\n|-boost|p1a: Cleopatra|spa|1\n|-boost|p1a: Cleopatra|spd|1\n|move|p2a: Shaymin|Air Slash|p1a: Cleopatra\n|-damage|p1a: Cleopatra|56\/100\n|\n|-heal|p1a: Cleopatra|62\/100|[from] item: Leftovers\n|-ability|p1a: Cleopatra|Speed Boost|boost\n|-boost|p1a: Cleopatra|spe|1\n|upkeep\n|turn|13\n|\n|t:|1697595422\n|move|p1a: Cleopatra|Calm Mind|p1a: Cleopatra\n|-boost|p1a: Cleopatra|spa|1\n|-boost|p1a: Cleopatra|spd|1\n|move|p2a: Shaymin|Seed Flare|p1a: Cleopatra\n|-damage|p1a: Cleopatra|35\/100\n|-unboost|p1a: Cleopatra|spd|2\n|\n|-heal|p1a: Cleopatra|41\/100|[from] item: Leftovers\n|-ability|p1a: Cleopatra|Speed Boost|boost\n|-boost|p1a: Cleopatra|spe|1\n|upkeep\n|turn|14\n|\n|t:|1697595427\n|move|p1a: Cleopatra|Protect|p1a: Cleopatra\n|-singleturn|p1a: Cleopatra|Protect\n|move|p2a: Shaymin|Seed Flare|p1a: Cleopatra\n|-activate|p1a: Cleopatra|move: Protect\n|\n|-heal|p1a: Cleopatra|47\/100|[from] item: Leftovers\n|-ability|p1a: Cleopatra|Speed Boost|boost\n|-boost|p1a: Cleopatra|spe|1\n|upkeep\n|turn|15\n|\n|t:|1697595429\n|move|p1a: Cleopatra|Stored Power|p2a: Shaymin\n|-damage|p2a: Shaymin|0 fnt\n|faint|p2a: Shaymin\n|\n|-heal|p1a: Cleopatra|54\/100|[from] item: Leftovers\n|-sideend|p1: Laprasrules12|move: Light Screen\n|upkeep\n|\n|t:|1697595443\n|switch|p2a: Gholdengo|Gholdengo|89\/100\n|turn|16\n|\n|t:|1697595447\n|move|p1a: Cleopatra|Protect|p1a: Cleopatra\n|-singleturn|p1a: Cleopatra|Protect\n|move|p2a: Gholdengo|Shadow Ball|p1a: Cleopatra\n|-activate|p1a: Cleopatra|move: Protect\n|\n|-heal|p1a: Cleopatra|60\/100|[from] item: Leftovers\n|-heal|p2a: Gholdengo|95\/100|[from] item: Leftovers\n|upkeep\n|turn|17\n|\n|t:|1697595452\n|-terastallize|p1a: Cleopatra|Fighting\n|move|p1a: Cleopatra|Calm Mind|p1a: Cleopatra\n|-boost|p1a: Cleopatra|spa|1\n|-boost|p1a: Cleopatra|spd|1\n|move|p2a: Gholdengo|Make It Rain|p1a: Cleopatra\n|-damage|p1a: Cleopatra|0 fnt\n|-unboost|p2a: Gholdengo|spa|1\n|faint|p1a: Cleopatra\n|\n|-heal|p2a: Gholdengo|100\/100|[from] item: Leftovers\n|upkeep\n|c|\u2606Laprasrules12|Brug\n|\n|t:|1697595461\n|switch|p1a: Mothra|Volcarona, M, shiny|100\/100\n|turn|18\n|c|\u2606TubeKnight|yay\n|\n|t:|1697595469\n|switch|p2a: Dondozo|Dondozo, M, shiny|92\/100\n|move|p1a: Mothra|Quiver Dance|p1a: Mothra\n|-boost|p1a: Mothra|spa|1\n|-boost|p1a: Mothra|spd|1\n|-boost|p1a: Mothra|spe|1\n|\n|-heal|p2a: Dondozo|98\/100|[from] item: Leftovers\n|upkeep\n|turn|19\n|\n|t:|1697595473\n|move|p2a: Dondozo|Yawn|p1a: Mothra\n|-start|p1a: Mothra|move: Yawn|[of] p2a: Dondozo\n|move|p1a: Mothra|Whirlwind|p2a: Dondozo\n|drag|p2a: Arceus|Arceus-Poison, shiny|86\/100\n|\n|upkeep\n|turn|20\n|\n|t:|1697595480\n|move|p1a: Mothra|Fiery Dance|p2a: Arceus\n|-damage|p2a: Arceus|44\/100\n|move|p2a: Arceus|Judgment|p1a: Mothra\n|-damage|p1a: Mothra|56\/100\n|\n|-end|p1a: Mothra|move: Yawn|[silent]\n|-status|p1a: Mothra|slp\n|upkeep\n|turn|21\n|\n|t:|1697595483\n|cant|p1a: Mothra|slp\n|move|p2a: Arceus|Recover|p2a: Arceus\n|-heal|p2a: Arceus|94\/100\n|\n|upkeep\n|turn|22\n|\n|t:|1697595489\n|cant|p1a: Mothra|slp\n|move|p2a: Arceus|Judgment|p1a: Mothra\n|-damage|p1a: Mothra|15\/100 slp\n|\n|upkeep\n|turn|23\n|\n|t:|1697595491\n|cant|p1a: Mothra|slp\n|move|p2a: Arceus|Judgment|p1a: Mothra\n|-damage|p1a: Mothra|0 fnt\n|faint|p1a: Mothra\n|\n|upkeep\n|\n|t:|1697595499\n|switch|p1a: Sif|Zacian, shiny|100\/100\n|-ability|p1a: Sif|Intrepid Sword|boost\n|-boost|p1a: Sif|atk|1\n|turn|24\n|\n|t:|1697595506\n|switch|p2a: Gholdengo|Gholdengo|100\/100\n|move|p1a: Sif|Play Rough|p2a: Gholdengo\n|-resisted|p2a: Gholdengo\n|-damage|p2a: Gholdengo|61\/100\n|-unboost|p2a: Gholdengo|atk|1\n|\n|-heal|p2a: Gholdengo|67\/100|[from] item: Leftovers\n|upkeep\n|turn|25\n|\n|t:|1697595512\n|move|p1a: Sif|Fire Fang|p2a: Gholdengo\n|-supereffective|p2a: Gholdengo\n|-damage|p2a: Gholdengo|0 fnt\n|faint|p2a: Gholdengo\n|\n|upkeep\n|\n|t:|1697595527\n|switch|p2a: Dondozo|Dondozo, M, shiny|98\/100\n|turn|26\n|c|\u2606Laprasrules12|Alright ima face ya with my regular team aftee this\n|\n|t:|1697595532\n|move|p1a: Sif|Fire Fang|p2a: Dondozo\n|-resisted|p2a: Dondozo\n|-damage|p2a: Dondozo|93\/100\n|move|p2a: Dondozo|Yawn|p1a: Sif\n|-start|p1a: Sif|move: Yawn|[of] p2a: Dondozo\n|\n|-heal|p2a: Dondozo|99\/100|[from] item: Leftovers\n|upkeep\n|turn|27\n|c|\u2606TubeKnight|sure\n|\n|t:|1697595538\n|switch|p1a: Chernabog|Giratina, shiny|87\/100\n|-ability|p1a: Chernabog|Pressure\n|switch|p2a: Torterra|Torterra, F, shiny|100\/100\n|\n|upkeep\n|turn|28\n|\n|t:|1697595544\n|move|p2a: Torterra|Headlong Rush|p1a: Chernabog\n|-damage|p1a: Chernabog|55\/100\n|-unboost|p2a: Torterra|def|1\n|-unboost|p2a: Torterra|spd|1\n|move|p1a: Chernabog|Dragon Tail|p2a: Torterra\n|-damage|p2a: Torterra|68\/100\n|drag|p2a: Arceus|Arceus-Poison, shiny|94\/100\n|\n|upkeep\n|turn|29\n|\n|t:|1697595549\n|move|p2a: Arceus|Judgment|p1a: Chernabog\n|-resisted|p1a: Chernabog\n|-damage|p1a: Chernabog|42\/100\n|move|p1a: Chernabog|Dragon Tail|p2a: Arceus\n|-damage|p2a: Arceus|80\/100\n|drag|p2a: Dondozo|Dondozo, M, shiny|99\/100\n|\n|-heal|p2a: Dondozo|100\/100|[from] item: Leftovers\n|upkeep\n|turn|30\n|\n|t:|1697595552\n|move|p2a: Dondozo|Yawn|p1a: Chernabog\n|-start|p1a: Chernabog|move: Yawn|[of] p2a: Dondozo\n|move|p1a: Chernabog|Dragon Tail|p2a: Dondozo\n|-damage|p2a: Dondozo|91\/100\n|drag|p2a: Cyclizar|Cyclizar, F, shiny|100\/100\n|\n|upkeep\n|turn|31\n|\n|t:|1697595555\n|move|p2a: Cyclizar|Knock Off|p1a: Chernabog\n|-supereffective|p1a: Chernabog\n|-damage|p1a: Chernabog|18\/100\n|-enditem|p1a: Chernabog|Choice Scarf|[from] move: Knock Off|[of] p2a: Cyclizar\n|move|p1a: Chernabog|Dragon Tail|p2a: Cyclizar\n|-supereffective|p2a: Cyclizar\n|-damage|p2a: Cyclizar|37\/100\n|drag|p2a: Dondozo|Dondozo, M, shiny|91\/100\n|\n|-heal|p2a: Dondozo|98\/100|[from] item: Leftovers\n|-end|p1a: Chernabog|move: Yawn|[silent]\n|-status|p1a: Chernabog|slp\n|upkeep\n|turn|32\n|\n|t:|1697595561\n|switch|p2a: Cyclizar|Cyclizar, F, shiny|70\/100\n|cant|p1a: Chernabog|slp\n|\n|upkeep\n|turn|33\n|\n|t:|1697595563\n|move|p2a: Cyclizar|Shed Tail|p2a: Cyclizar\n|-start|p2a: Cyclizar|Substitute|[from] move: Shed Tail\n|-damage|p2a: Cyclizar|20\/100\n|\n|t:|1697595566\n|switch|p2a: Torterra|Torterra, F, shiny|68\/100|[from] Shed Tail\n|cant|p1a: Chernabog|slp\n|\n|upkeep\n|turn|34\n|\n|t:|1697595568\n|move|p2a: Torterra|Shell Smash|p2a: Torterra\n|-unboost|p2a: Torterra|def|1\n|-unboost|p2a: Torterra|spd|1\n|-boost|p2a: Torterra|atk|2\n|-boost|p2a: Torterra|spa|2\n|-boost|p2a: Torterra|spe|2\n|-curestatus|p1a: Chernabog|slp|[msg]\n|move|p1a: Chernabog|Roar|p2a: Torterra\n|drag|p2a: Dondozo|Dondozo, M, shiny|98\/100\n|\n|-heal|p2a: Dondozo|100\/100|[from] item: Leftovers\n|upkeep\n|turn|35\n|\n|t:|1697595579\n|move|p1a: Chernabog|Will-O-Wisp|p2a: Dondozo\n|-status|p2a: Dondozo|brn\n|move|p2a: Dondozo|Heavy Slam|p1a: Chernabog\n|-damage|p1a: Chernabog|16\/100\n|\n|-damage|p2a: Dondozo|94\/100 brn|[from] brn\n|upkeep\n|turn|36\n|\n|t:|1697595585\n|switch|p1a: Achlys|Arceus-Poison, shiny|100\/100\n|move|p2a: Dondozo|Yawn|p1a: Achlys\n|-start|p1a: Achlys|move: Yawn|[of] p2a: Dondozo\n|\n|-heal|p2a: Dondozo|100\/100 brn|[from] item: Leftovers\n|-damage|p2a: Dondozo|94\/100 brn|[from] brn\n|upkeep\n|turn|37\n|\n|t:|1697595592\n|switch|p1a: Chernabog|Giratina, shiny|16\/100\n|-ability|p1a: Chernabog|Pressure\n|switch|p2a: Cyclizar|Cyclizar, F, shiny|53\/100\n|\n|upkeep\n|turn|38\n|\n|t:|1697595597\n|move|p2a: Cyclizar|Knock Off|p1a: Chernabog\n|-supereffective|p1a: Chernabog\n|-damage|p1a: Chernabog|0 fnt\n|faint|p1a: Chernabog\n|\n|upkeep\n|\n|t:|1697595601\n|switch|p1a: Achlys|Arceus-Poison, shiny|100\/100\n|turn|39\n|\n|t:|1697595614\n|move|p2a: Cyclizar|Shed Tail|p2a: Cyclizar\n|-start|p2a: Cyclizar|Substitute|[from] move: Shed Tail\n|-damage|p2a: Cyclizar|3\/100\n|\n|t:|1697595621\n|switch|p2a: Torterra|Torterra, F, shiny|68\/100|[from] Shed Tail\n|move|p1a: Achlys|Poison Jab|p2a: Torterra\n|-end|p2a: Torterra|Substitute\n|\n|upkeep\n|turn|40\n|\n|t:|1697595631\n|-terastallize|p2a: Torterra|Rock\n|move|p1a: Achlys|Will-O-Wisp|p2a: Torterra\n|-status|p2a: Torterra|brn\n|move|p2a: Torterra|Shell Smash|p2a: Torterra\n|-unboost|p2a: Torterra|def|1\n|-unboost|p2a: Torterra|spd|1\n|-boost|p2a: Torterra|atk|2\n|-boost|p2a: Torterra|spa|2\n|-boost|p2a: Torterra|spe|2\n|\n|-damage|p2a: Torterra|62\/100 brn|[from] brn\n|upkeep\n|turn|41\n|\n|t:|1697595638\n|move|p2a: Torterra|Headlong Rush|p1a: Achlys\n|-supereffective|p1a: Achlys\n|-damage|p1a: Achlys|44\/100\n|-unboost|p2a: Torterra|def|1\n|-unboost|p2a: Torterra|spd|1\n|move|p1a: Achlys|Poison Jab|p2a: Torterra\n|-resisted|p2a: Torterra\n|-damage|p2a: Torterra|24\/100 brn\n|\n|-damage|p2a: Torterra|18\/100 brn|[from] brn\n|upkeep\n|turn|42\n|\n|t:|1697595641\n|move|p2a: Torterra|Headlong Rush|p1a: Achlys\n|-supereffective|p1a: Achlys\n|-damage|p1a: Achlys|0 fnt\n|-unboost|p2a: Torterra|def|1\n|-unboost|p2a: Torterra|spd|1\n|faint|p1a: Achlys\n|\n|-damage|p2a: Torterra|12\/100 brn|[from] brn\n|upkeep\n|\n|t:|1697595643\n|switch|p1a: Sif|Zacian, shiny|100\/100\n|turn|43\n|\n|t:|1697595648\n|move|p2a: Torterra|Headlong Rush|p1a: Sif\n|-damage|p1a: Sif|45\/100\n|-unboost|p2a: Torterra|def|1\n|-unboost|p2a: Torterra|spd|1\n|move|p1a: Sif|Play Rough|p2a: Torterra\n|-damage|p2a: Torterra|0 fnt\n|faint|p2a: Torterra\n|\n|upkeep\n|\n|t:|1697595652\n|switch|p2a: Arceus|Arceus-Poison, shiny|80\/100\n|turn|44\n|\n|t:|1697595655\n|move|p1a: Sif|Fire Fang|p2a: Arceus\n|-damage|p2a: Arceus|63\/100\n|move|p2a: Arceus|Judgment|p1a: Sif\n|-supereffective|p1a: Sif\n|-damage|p1a: Sif|0 fnt\n|faint|p1a: Sif\n|\n|win|TubeKnight\n|l|\u2606Laprasrules12\n|c|\u2606TubeKnight|ggs\n","uploadtime":1697595664,"views":26,"p1id":"laprasrules12","p2id":"tubeknight","formatid":"gen9ubers","rating":0,"private":0,"password":""}