{"id":"gen9ubers-1993175258","p1":"MythicSword","p2":"gerrychu29","format":"[Gen 9] Ubers","log":"|j|\u2606MythicSword\n|j|\u2606gerrychu29\n|t:|1700273980\n|gametype|singles\n|player|p1|MythicSword|1|\n|player|p2|gerrychu29|red|\n|teamsize|p1|6\n|teamsize|p2|6\n|gen|9\n|tier|[Gen 9] Ubers\n|rule|Sleep Clause Mod: Limit one foe put to sleep\n|rule|Species Clause: Limit one of each Pok\u00e9mon\n|rule|OHKO Clause: OHKO moves are banned\n|rule|Evasion Items Clause: Evasion items are banned\n|rule|Evasion Moves Clause: Evasion moves are banned\n|rule|Endless Battle Clause: Forcing endless battles is banned\n|rule|HP Percentage Mod: HP is shown in percentages\n|clearpoke\n|poke|p1|Torkoal, M|\n|poke|p1|Walking Wake|\n|poke|p1|Chi-Yu|\n|poke|p1|Arceus-Grass|\n|poke|p1|Zacian-*|\n|poke|p1|Magearna-Original|\n|poke|p2|Palafin, M|\n|poke|p2|Spectrier|\n|poke|p2|Zacian-*|\n|poke|p2|Arceus-Fire|\n|poke|p2|Blissey, F|\n|poke|p2|Alomomola, F|\n|teampreview\n|\n|t:|1700273998\n|start\n|switch|p1a: Torkoal|Torkoal, M|100\/100\n|switch|p2a: Palafin|Palafin, M|100\/100\n|-weather|SunnyDay|[from] ability: Drought|[of] p1a: Torkoal\n|turn|1\n|\n|t:|1700274009\n|move|p2a: Palafin|Flip Turn|p1a: Torkoal\n|-supereffective|p1a: Torkoal\n|-damage|p1a: Torkoal|82\/100\n|\n|t:|1700274027\n|detailschange|p2a: Palafin|Palafin-Hero, M\n|switch|p2a: Arceus|Arceus-Fire|100\/100|[from] Flip Turn\n|move|p1a: Torkoal|Will-O-Wisp|p2a: Arceus\n|-immune|p2a: Arceus\n|\n|-weather|SunnyDay|[upkeep]\n|upkeep\n|turn|2\n|\n|t:|1700274036\n|move|p2a: Arceus|Calm Mind|p2a: Arceus\n|-boost|p2a: Arceus|spa|1\n|-boost|p2a: Arceus|spd|1\n|move|p1a: Torkoal|Stealth Rock|p2a: Arceus\n|-sidestart|p2: gerrychu29|move: Stealth Rock\n|\n|-weather|SunnyDay|[upkeep]\n|upkeep\n|turn|3\n|\n|t:|1700274093\n|switch|p1a: Zacian|Zacian|100\/100\n|-ability|p1a: Zacian|Intrepid Sword|boost\n|-boost|p1a: Zacian|atk|1\n|move|p2a: Arceus|Judgment|p1a: Zacian\n|-damage|p1a: Zacian|0 fnt\n|faint|p1a: Zacian\n|\n|-weather|SunnyDay|[upkeep]\n|upkeep\n|\n|t:|1700274097\n|switch|p1a: Walking Wake|Walking Wake|100\/100\n|-activate|p1a: Walking Wake|ability: Protosynthesis\n|-start|p1a: Walking Wake|protosynthesisspe\n|turn|4\n|\n|t:|1700274151\n|-terastallize|p2a: Arceus|Grass\n|move|p1a: Walking Wake|Hydro Steam|p2a: Arceus\n|-resisted|p2a: Arceus\n|-damage|p2a: Arceus|81\/100\n|move|p2a: Arceus|Thunderbolt|p1a: Walking Wake\n|-damage|p1a: Walking Wake|57\/100\n|-status|p1a: Walking Wake|par\n|\n|-weather|SunnyDay|[upkeep]\n|upkeep\n|turn|5\n|inactive|Battle timer is ON: inactive players will automatically lose when time's up. (requested by MythicSword)\n|\n|t:|1700274175\n|move|p2a: Arceus|Thunderbolt|p1a: Walking Wake\n|-damage|p1a: Walking Wake|11\/100 par\n|cant|p1a: Walking Wake|par\n|\n|-weather|SunnyDay|[upkeep]\n|upkeep\n|turn|6\n|\n|t:|1700274182\n|move|p2a: Arceus|Thunderbolt|p1a: Walking Wake\n|-damage|p1a: Walking Wake|0 fnt\n|faint|p1a: Walking Wake\n|-end|p1a: Walking Wake|Protosynthesis|[silent]\n|\n|-weather|SunnyDay|[upkeep]\n|upkeep\n|c|\u2606MythicSword|that was a very unlucky para\n|\n|t:|1700274197\n|switch|p1a: Chi-Yu|Chi-Yu|100\/100\n|-ability|p1a: Chi-Yu|Beads of Ruin\n|turn|7\n|inactive|gerrychu29 has 270 seconds left.\n|\n|t:|1700274231\n|switch|p2a: Alomomola|Alomomola, F|100\/100\n|-damage|p2a: Alomomola|88\/100|[from] Stealth Rock\n|move|p1a: Chi-Yu|Flamethrower|p2a: Alomomola\n|-resisted|p2a: Alomomola\n|-damage|p2a: Alomomola|25\/100\n|\n|-weather|SunnyDay|[upkeep]\n|upkeep\n|turn|8\n|inactive|gerrychu29 has 270 seconds left.\n|\n|t:|1700274242\n|move|p2a: Alomomola|Protect|p2a: Alomomola\n|-singleturn|p2a: Alomomola|Protect\n|move|p1a: Chi-Yu|Flamethrower|p2a: Alomomola\n|-activate|p2a: Alomomola|move: Protect\n|\n|-weather|none\n|upkeep\n|turn|9\n|inactive|gerrychu29 has 270 seconds left.\n|\n|t:|1700274257\n|move|p1a: Chi-Yu|Flamethrower|p2a: Alomomola\n|-resisted|p2a: Alomomola\n|-damage|p2a: Alomomola|0 fnt\n|faint|p2a: Alomomola\n|\n|upkeep\n|inactive|gerrychu29 has 270 seconds left.\n|\n|t:|1700274266\n|switch|p2a: Palafin|Palafin-Hero, M|100\/100\n|-damage|p2a: Palafin|88\/100|[from] Stealth Rock\n|-activate|p2a: Palafin|ability: Zero to Hero\n|turn|10\n|\n|t:|1700274273\n|switch|p1a: Arceus|Arceus-Grass|100\/100\n|move|p2a: Palafin|Flip Turn|p1a: Arceus\n|-resisted|p1a: Arceus\n|-damage|p1a: Arceus|82\/100\n|inactive|gerrychu29 has 270 seconds left.\n|\n|t:|1700274285\n|switch|p2a: Arceus|Arceus-Fire, tera:Grass|81\/100|[from] Flip Turn\n|-damage|p2a: Arceus|69\/100|[from] Stealth Rock\n|\n|upkeep\n|turn|11\n|\n|t:|1700274294\n|move|p1a: Arceus|Taunt|p2a: Arceus\n|-start|p2a: Arceus|move: Taunt\n|move|p2a: Arceus|Judgment|p1a: Arceus\n|-supereffective|p1a: Arceus\n|-damage|p1a: Arceus|19\/100\n|\n|upkeep\n|turn|12\n|\n|t:|1700274305\n|switch|p1a: Chi-Yu|Chi-Yu|100\/100\n|-ability|p1a: Chi-Yu|Beads of Ruin\n|move|p2a: Arceus|Judgment|p1a: Chi-Yu\n|-resisted|p1a: Chi-Yu\n|-damage|p1a: Chi-Yu|73\/100\n|\n|upkeep\n|turn|13\n|\n|t:|1700274315\n|switch|p2a: Blissey|Blissey, F|100\/100\n|move|p1a: Chi-Yu|Flamethrower|p2a: Blissey\n|-damage|p2a: Blissey|78\/100\n|\n|upkeep\n|turn|14\n|\n|t:|1700274327\n|switch|p1a: Magearna|Magearna-Original|100\/100\n|move|p2a: Blissey|Thunder Wave|p1a: Magearna\n|-status|p1a: Magearna|par\n|\n|upkeep\n|turn|15\n|\n|t:|1700274338\n|move|p2a: Blissey|Stealth Rock|p1a: Magearna\n|-sidestart|p1: MythicSword|move: Stealth Rock\n|move|p1a: Magearna|Thunder Wave|p2a: Blissey\n|-status|p2a: Blissey|par\n|\n|upkeep\n|turn|16\n|\n|t:|1700274351\n|-curestatus|p2a: Blissey|par|[from] ability: Natural Cure\n|switch|p2a: Spectrier|Spectrier|100\/100\n|cant|p1a: Magearna|par\n|\n|upkeep\n|turn|17\n|\n|t:|1700274362\n|move|p2a: Spectrier|Nasty Plot|p2a: Spectrier\n|-boost|p2a: Spectrier|spa|2\n|move|p1a: Magearna|Thunder Wave|p2a: Spectrier\n|-status|p2a: Spectrier|par\n|\n|upkeep\n|turn|18\n|\n|t:|1700274376\n|cant|p2a: Spectrier|par\n|move|p1a: Magearna|Spikes|p2a: Spectrier\n|-sidestart|p2: gerrychu29|Spikes\n|\n|upkeep\n|turn|19\n|\n|t:|1700274382\n|move|p2a: Spectrier|Hex|p1a: Magearna\n|-crit|p1a: Magearna\n|-damage|p1a: Magearna|0 fnt\n|faint|p1a: Magearna\n|-ability|p2a: Spectrier|Grim Neigh|boost\n|-boost|p2a: Spectrier|spa|1\n|\n|upkeep\n|\n|t:|1700274387\n|switch|p1a: Chi-Yu|Chi-Yu|73\/100\n|-damage|p1a: Chi-Yu|49\/100|[from] Stealth Rock\n|-ability|p1a: Chi-Yu|Beads of Ruin\n|turn|20\n|\n|t:|1700274404\n|switch|p2a: Blissey|Blissey, F|78\/100\n|move|p1a: Chi-Yu|Dark Pulse|p2a: Blissey\n|-damage|p2a: Blissey|60\/100\n|\n|upkeep\n|turn|21\n|\n|t:|1700274416\n|switch|p1a: Torkoal|Torkoal, M|82\/100\n|-damage|p1a: Torkoal|57\/100|[from] Stealth Rock\n|-weather|SunnyDay|[from] ability: Drought|[of] p1a: Torkoal\n|move|p2a: Blissey|Soft-Boiled|p2a: Blissey\n|-heal|p2a: Blissey|100\/100\n|\n|-weather|SunnyDay|[upkeep]\n|upkeep\n|turn|22\n|\n|t:|1700274446\n|move|p2a: Blissey|Thunder Wave|p1a: Torkoal\n|-status|p1a: Torkoal|par\n|move|p1a: Torkoal|Rapid Spin|p2a: Blissey\n|-damage|p2a: Blissey|91\/100\n|-boost|p1a: Torkoal|spe|1\n|-sideend|p1: MythicSword|Stealth Rock|[from] move: Rapid Spin|[of] p1a: Torkoal\n|\n|-weather|SunnyDay|[upkeep]\n|upkeep\n|turn|23\n|\n|t:|1700274458\n|move|p2a: Blissey|Seismic Toss|p1a: Torkoal\n|-damage|p1a: Torkoal|28\/100 par\n|move|p1a: Torkoal|Will-O-Wisp|p2a: Blissey|[miss]\n|-miss|p1a: Torkoal|p2a: Blissey\n|\n|-weather|SunnyDay|[upkeep]\n|upkeep\n|turn|24\n|\n|t:|1700274467\n|switch|p1a: Arceus|Arceus-Grass|19\/100\n|move|p2a: Blissey|Stealth Rock|p1a: Arceus\n|-sidestart|p1: MythicSword|move: Stealth Rock\n|\n|-weather|SunnyDay|[upkeep]\n|upkeep\n|turn|25\n|\n|t:|1700274481\n|move|p1a: Arceus|Recover|p1a: Arceus\n|-heal|p1a: Arceus|69\/100\n|move|p2a: Blissey|Thunder Wave|p1a: Arceus\n|-status|p1a: Arceus|par\n|\n|-weather|SunnyDay|[upkeep]\n|upkeep\n|turn|26\n|\n|t:|1700274499\n|switch|p2a: Arceus|Arceus-Fire, tera:Grass|69\/100\n|-damage|p2a: Arceus|56\/100|[from] Stealth Rock\n|-damage|p2a: Arceus|44\/100|[from] Spikes\n|move|p1a: Arceus|Calm Mind|p1a: Arceus\n|-boost|p1a: Arceus|spa|1\n|-boost|p1a: Arceus|spd|1\n|\n|-weather|SunnyDay|[upkeep]\n|upkeep\n|turn|27\n|inactive|gerrychu29 has 270 seconds left.\n|\n|t:|1700274520\n|-terastallize|p1a: Arceus|Poison\n|move|p2a: Arceus|Judgment|p1a: Arceus\n|-damage|p1a: Arceus|39\/100 par\n|move|p1a: Arceus|Judgment|p2a: Arceus\n|-resisted|p2a: Arceus\n|-damage|p2a: Arceus|22\/100\n|\n|-weather|SunnyDay|[upkeep]\n|upkeep\n|turn|28\n|inactive|gerrychu29 has 270 seconds left.\n|inactive|gerrychu29 has 240 seconds left.\n|\n|t:|1700274555\n|move|p2a: Arceus|Judgment|p1a: Arceus\n|-damage|p1a: Arceus|6\/100 par\n|move|p1a: Arceus|Recover|p1a: Arceus\n|-heal|p1a: Arceus|56\/100 par\n|\n|-weather|none\n|upkeep\n|turn|29\n|inactive|gerrychu29 has 240 seconds left.\n|\n|t:|1700274570\n|move|p2a: Arceus|Calm Mind|p2a: Arceus\n|-boost|p2a: Arceus|spa|1\n|-boost|p2a: Arceus|spd|1\n|move|p1a: Arceus|Judgment|p2a: Arceus\n|-resisted|p2a: Arceus\n|-damage|p2a: Arceus|6\/100\n|\n|upkeep\n|turn|30\n|inactive|gerrychu29 has 240 seconds left.\n|\n|t:|1700274582\n|move|p2a: Arceus|Recover|p2a: Arceus\n|-heal|p2a: Arceus|56\/100\n|cant|p1a: Arceus|par\n|\n|upkeep\n|turn|31\n|\n|t:|1700274591\n|move|p2a: Arceus|Calm Mind|p2a: Arceus\n|-boost|p2a: Arceus|spa|1\n|-boost|p2a: Arceus|spd|1\n|move|p1a: Arceus|Recover|p1a: Arceus\n|-heal|p1a: Arceus|100\/100 par\n|\n|upkeep\n|turn|32\n|\n|t:|1700274602\n|move|p2a: Arceus|Judgment|p1a: Arceus\n|-damage|p1a: Arceus|55\/100 par\n|move|p1a: Arceus|Calm Mind|p1a: Arceus\n|-boost|p1a: Arceus|spa|1\n|-boost|p1a: Arceus|spd|1\n|\n|upkeep\n|turn|33\n|\n|t:|1700274612\n|move|p2a: Arceus|Judgment|p1a: Arceus\n|-damage|p1a: Arceus|22\/100 par\n|move|p1a: Arceus|Recover|p1a: Arceus\n|-heal|p1a: Arceus|73\/100 par\n|\n|upkeep\n|turn|34\n|inactive|gerrychu29 has 240 seconds left.\n|\n|t:|1700274627\n|move|p2a: Arceus|Calm Mind|p2a: Arceus\n|-boost|p2a: Arceus|spa|1\n|-boost|p2a: Arceus|spd|1\n|cant|p1a: Arceus|par\n|\n|upkeep\n|turn|35\n|inactive|gerrychu29 has 240 seconds left.\n|\n|t:|1700274637\n|move|p2a: Arceus|Judgment|p1a: Arceus\n|-damage|p1a: Arceus|32\/100 par\n|move|p1a: Arceus|Calm Mind|p1a: Arceus\n|-boost|p1a: Arceus|spa|1\n|-boost|p1a: Arceus|spd|1\n|\n|upkeep\n|turn|36\n|c|\u2606MythicSword|this para is brutal\n|inactive|gerrychu29 has 240 seconds left.\n|\n|t:|1700274650\n|move|p2a: Arceus|Judgment|p1a: Arceus\n|-damage|p1a: Arceus|0 fnt\n|faint|p1a: Arceus\n|\n|upkeep\n|-message|MythicSword forfeited.\n|\n|win|gerrychu29\n","uploadtime":1700274668,"views":28,"p1id":"mythicsword","p2id":"gerrychu29","formatid":"gen9ubers","rating":0,"private":0,"password":""}