{"id":"gen9ubers-1982526536","p1":"4b4y","p2":"Inciniratr","format":"[Gen 9] Ubers","log":"|j|\u26064b4y\n|j|\u2606Inciniratr\n|t:|1699022866\n|gametype|singles\n|player|p1|4b4y|norman|1091\n|player|p2|Inciniratr|veteran|1228\n|teamsize|p1|6\n|teamsize|p2|6\n|gen|9\n|tier|[Gen 9] Ubers\n|rated|\n|rule|Sleep Clause Mod: Limit one foe put to sleep\n|rule|Species Clause: Limit one of each Pok\u00e9mon\n|rule|OHKO Clause: OHKO moves are banned\n|rule|Evasion Items Clause: Evasion items are banned\n|rule|Evasion Moves Clause: Evasion moves are banned\n|rule|Endless Battle Clause: Forcing endless battles is banned\n|rule|HP Percentage Mod: HP is shown in percentages\n|clearpoke\n|poke|p1|Kingambit, F|\n|poke|p1|Zoroark-Hisui, M|\n|poke|p1|Houndstone, M|\n|poke|p1|Basculegion, M|\n|poke|p1|Scream Tail|\n|poke|p1|Politoed, M|\n|poke|p2|Annihilape, M|\n|poke|p2|Lucario, M|\n|poke|p2|Staraptor, F|\n|poke|p2|Primeape, M|\n|poke|p2|Dugtrio-Alola, M|\n|poke|p2|Rayquaza|\n|teampreview\n|inactive|Battle timer is ON: inactive players will automatically lose when time's up. (requested by 4b4y)\n|\n|t:|1699022878\n|start\n|switch|p1a: Houndstone|Houndstone, M|100\/100\n|switch|p2a: Annihilape|Annihilape, M|100\/100\n|turn|1\n|\n|t:|1699022887\n|move|p2a: Annihilape|Final Gambit|p1a: Houndstone\n|-immune|p1a: Houndstone\n|move|p1a: Houndstone|Play Rough|p2a: Annihilape|[miss]\n|-miss|p1a: Houndstone|p2a: Annihilape\n|\n|upkeep\n|turn|2\n|\n|t:|1699022895\n|switch|p2a: Staraptor|Staraptor, F|100\/100\n|move|p1a: Houndstone|Poltergeist|p2a: Staraptor\n|-immune|p2a: Staraptor\n|\n|upkeep\n|turn|3\n|\n|t:|1699022901\n|move|p2a: Staraptor|Brave Bird|p1a: Houndstone\n|-damage|p1a: Houndstone|67\/100\n|-damage|p2a: Staraptor|88\/100|[from] Recoil\n|move|p1a: Houndstone|Play Rough|p2a: Staraptor\n|-damage|p2a: Staraptor|46\/100\n|-unboost|p2a: Staraptor|atk|1\n|\n|upkeep\n|turn|4\n|\n|t:|1699022909\n|move|p2a: Staraptor|Brave Bird|p1a: Houndstone\n|-damage|p1a: Houndstone|43\/100\n|-damage|p2a: Staraptor|37\/100|[from] Recoil\n|move|p1a: Houndstone|Play Rough|p2a: Staraptor\n|-damage|p2a: Staraptor|0 fnt\n|faint|p2a: Staraptor\n|\n|upkeep\n|\n|t:|1699022915\n|switch|p2a: Dugtrio|Dugtrio-Alola, M|100\/100\n|turn|5\n|\n|t:|1699022929\n|move|p2a: Dugtrio|Earthquake|p1a: Houndstone\n|-damage|p1a: Houndstone|0 fnt\n|faint|p1a: Houndstone\n|\n|upkeep\n|\n|t:|1699022941\n|switch|p1a: Kingambit|Kingambit, F|100\/100\n|-activate|p1a: Kingambit|ability: Supreme Overlord\n|-start|p1a: Kingambit|fallen1|[silent]\n|turn|6\n|\n|t:|1699022945\n|move|p2a: Dugtrio|Earthquake|p1a: Kingambit\n|-supereffective|p1a: Kingambit\n|-damage|p1a: Kingambit|41\/100\n|move|p1a: Kingambit|Kowtow Cleave|p2a: Dugtrio\n|-damage|p2a: Dugtrio|0 fnt\n|-ability|p2a: Dugtrio|Tangling Hair\n|-unboost|p1a: Kingambit|spe|1\n|faint|p2a: Dugtrio\n|\n|upkeep\n|\n|t:|1699022961\n|switch|p2a: Annihilape|Annihilape, M|100\/100\n|turn|7\n|\n|t:|1699022968\n|move|p2a: Annihilape|U-turn|p1a: Kingambit\n|-damage|p1a: Kingambit|24\/100\n|-damage|p2a: Annihilape|84\/100|[from] item: Rocky Helmet|[of] p1a: Kingambit\n|\n|t:|1699022971\n|switch|p2a: Lucario|Lucario, M|100\/100|[from] U-turn\n|move|p1a: Kingambit|Kowtow Cleave|p2a: Lucario\n|-resisted|p2a: Lucario\n|-damage|p2a: Lucario|55\/100\n|\n|upkeep\n|turn|8\n|\n|t:|1699022978\n|move|p2a: Lucario|Aura Sphere|p1a: Kingambit\n|-supereffective|p1a: Kingambit\n|-damage|p1a: Kingambit|0 fnt\n|faint|p1a: Kingambit\n|-end|p1a: Kingambit|fallen1|[silent]\n|\n|upkeep\n|\n|t:|1699022984\n|switch|p1a: Scream Tail|Scream Tail|100\/100\n|turn|9\n|\n|t:|1699022993\n|switch|p2a: Annihilape|Annihilape, M|84\/100\n|move|p1a: Scream Tail|Nasty Plot|p1a: Scream Tail\n|-boost|p1a: Scream Tail|spa|2\n|\n|upkeep\n|turn|10\n|\n|t:|1699022999\n|move|p2a: Annihilape|Final Gambit|p1a: Scream Tail\n|-immune|p1a: Scream Tail\n|move|p1a: Scream Tail|Bitter Malice|p2a: Annihilape\n|-supereffective|p2a: Annihilape\n|-damage|p2a: Annihilape|0 fnt\n|faint|p2a: Annihilape\n|\n|upkeep\n|\n|t:|1699023004\n|switch|p2a: Primeape|Primeape, M|100\/100\n|turn|11\n|\n|t:|1699023011\n|move|p2a: Primeape|Night Slash|p1a: Scream Tail\n|-supereffective|p1a: Scream Tail\n|-damage|p1a: Scream Tail|10\/100\n|replace|p1a: Zoroark|Zoroark-Hisui, M\n|-end|p1a: Zoroark|Illusion\n|move|p1a: Zoroark|Nasty Plot|p1a: Zoroark\n|-boost|p1a: Zoroark|spa|2\n|\n|upkeep\n|turn|12\n|\n|t:|1699023017\n|move|p2a: Primeape|Night Slash|p1a: Zoroark\n|-supereffective|p1a: Zoroark\n|-damage|p1a: Zoroark|0 fnt\n|faint|p1a: Zoroark\n|\n|upkeep\n|\n|t:|1699023020\n|switch|p1a: Scream Tail|Scream Tail|100\/100\n|-enditem|p1a: Scream Tail|Booster Energy\n|-activate|p1a: Scream Tail|ability: Protosynthesis|[fromitem]\n|-start|p1a: Scream Tail|protosynthesisspe\n|turn|13\n|inactive|Inciniratr has 120 seconds left.\n|\n|t:|1699023057\n|move|p1a: Scream Tail|Psychic|p2a: Primeape\n|-supereffective|p2a: Primeape\n|-damage|p2a: Primeape|0 fnt\n|faint|p2a: Primeape\n|\n|upkeep\n|\n|t:|1699023060\n|switch|p2a: Lucario|Lucario, M|55\/100\n|turn|14\n|\n|t:|1699023062\n|move|p1a: Scream Tail|Misty Terrain|p1a: Scream Tail\n|-fieldstart|move: Misty Terrain\n|move|p2a: Lucario|Final Gambit|p1a: Scream Tail\n|-damage|p1a: Scream Tail|60\/100\n|faint|p2a: Lucario\n|\n|upkeep\n|\n|t:|1699023066\n|switch|p2a: Rayquaza|Rayquaza|100\/100\n|-ability|p2a: Rayquaza|Air Lock\n|turn|15\n|\n|t:|1699023073\n|move|p1a: Scream Tail|Misty Explosion|p2a: Rayquaza\n|-supereffective|p2a: Rayquaza\n|-enditem|p2a: Rayquaza|Focus Sash\n|-damage|p2a: Rayquaza|1\/100\n|faint|p1a: Scream Tail\n|-end|p1a: Scream Tail|Protosynthesis|[silent]\n|move|p2a: Rayquaza|Dragon Ascent|p1: Scream Tail|[notarget]\n|-fail|p2a: Rayquaza\n|\n|upkeep\n|\n|t:|1699023076\n|switch|p1a: Toady BOI|Politoed, M|100\/100\n|-weather|RainDance|[from] ability: Drizzle|[of] p1a: Toady BOI\n|turn|16\n|\n|t:|1699023080\n|move|p2a: Rayquaza|Dragon Ascent|p1a: Toady BOI\n|-damage|p1a: Toady BOI|24\/100\n|-unboost|p2a: Rayquaza|def|1\n|-unboost|p2a: Rayquaza|spd|1\n|move|p1a: Toady BOI|Encore|p2a: Rayquaza\n|-start|p2a: Rayquaza|Encore\n|\n|-weather|RainDance|[upkeep]\n|upkeep\n|turn|17\n|\n|t:|1699023091\n|move|p1a: Toady BOI|Protect|p1a: Toady BOI\n|-singleturn|p1a: Toady BOI|Protect\n|move|p2a: Rayquaza|Dragon Ascent|p1a: Toady BOI\n|-activate|p1a: Toady BOI|move: Protect\n|\n|-weather|RainDance|[upkeep]\n|upkeep\n|turn|18\n|\n|t:|1699023101\n|move|p2a: Rayquaza|Dragon Ascent|p1a: Toady BOI\n|-damage|p1a: Toady BOI|0 fnt\n|-unboost|p2a: Rayquaza|def|1\n|-unboost|p2a: Rayquaza|spd|1\n|faint|p1a: Toady BOI\n|\n|-weather|RainDance|[upkeep]\n|-fieldend|Misty Terrain\n|upkeep\n|\n|t:|1699023104\n|switch|p1a: Basculegion|Basculegion, M|100\/100\n|turn|19\n|\n|t:|1699023106\n|-terastallize|p1a: Basculegion|Ghost\n|move|p1a: Basculegion|Last Respects|p2a: Rayquaza\n|-damage|p2a: Rayquaza|0 fnt\n|faint|p2a: Rayquaza\n|\n|win|4b4y\n|raw|4b4y's rating: 1091 &rarr; <strong>1127<\/strong><br \/>(+36 for winning)\n|raw|Inciniratr's rating: 1228 &rarr; <strong>1194<\/strong><br \/>(-34 for losing)\n|l|\u2606Inciniratr\n","uploadtime":1699023114,"views":7,"p1id":"4b4y","p2id":"inciniratr","formatid":"gen9ubers","rating":1127,"private":0,"password":""}