{"id":"gen9ubers-1988748541","p1":"FrostyRandom02","p2":"shinyjupiter37","format":"[Gen 9] Ubers","log":"|j|\u2606FrostyRandom02\n|j|\u2606shinyjupiter37\n|t:|1699758130\n|gametype|singles\n|player|p1|FrostyRandom02|riley|\n|player|p2|shinyjupiter37|wallace|\n|teamsize|p1|6\n|teamsize|p2|6\n|gen|9\n|tier|[Gen 9] Ubers\n|rule|Sleep Clause Mod: Limit one foe put to sleep\n|rule|Species Clause: Limit one of each Pok\u00e9mon\n|rule|OHKO Clause: OHKO moves are banned\n|rule|Evasion Items Clause: Evasion items are banned\n|rule|Evasion Moves Clause: Evasion moves are banned\n|rule|Endless Battle Clause: Forcing endless battles is banned\n|rule|HP Percentage Mod: HP is shown in percentages\n|clearpoke\n|poke|p1|Zacian-*|\n|poke|p1|Sneasler, M|\n|poke|p1|Azelf|\n|poke|p1|Greninja-*, M|\n|poke|p1|Iron Jugulis|\n|poke|p1|Walking Wake|\n|poke|p2|Clefable, F|\n|poke|p2|Orthworm, M|\n|poke|p2|Morgrem, M|\n|poke|p2|Tatsugiri, M|\n|poke|p2|Flamigo, M|\n|poke|p2|Alomomola, M|\n|teampreview\n|inactive|Battle timer is ON: inactive players will automatically lose when time's up. (requested by shinyjupiter37)\n|c|\u2606shinyjupiter37|glhf\n|c|\u2606FrostyRandom02|glhf\n|inactive|FrostyRandom02 has 270 seconds left.\n|inactive|shinyjupiter37 has 270 seconds left.\n|j| Kinesquared\n|j| sword over shield\n|\n|t:|1699758179\n|start\n|switch|p1a: Azelf|Azelf|100\/100\n|switch|p2a: Morgrem|Morgrem, M|100\/100\n|turn|1\n|\n|t:|1699758193\n|move|p2a: Morgrem|Thunder Wave|p1a: Azelf|[miss]\n|-miss|p2a: Morgrem|p1a: Azelf\n|move|p1a: Azelf|Knock Off|p2a: Morgrem\n|-resisted|p2a: Morgrem\n|-damage|p2a: Morgrem|93\/100\n|-enditem|p2a: Morgrem|Eviolite|[from] move: Knock Off|[of] p1a: Azelf\n|\n|upkeep\n|turn|2\n|\n|t:|1699758206\n|move|p2a: Morgrem|Parting Shot|p1a: Azelf\n|-unboost|p1a: Azelf|atk|1\n|-unboost|p1a: Azelf|spa|1\n|\n|t:|1699758217\n|switch|p2a: Orthworm|Orthworm, M|100\/100|[from] Parting Shot\n|move|p1a: Azelf|Taunt|p2a: Orthworm\n|-start|p2a: Orthworm|move: Taunt\n|\n|upkeep\n|turn|3\n|\n|t:|1699758237\n|switch|p2a: Morgrem|Morgrem, M|93\/100\n|move|p1a: Azelf|Knock Off|p2a: Morgrem\n|-resisted|p2a: Morgrem\n|-damage|p2a: Morgrem|88\/100\n|\n|upkeep\n|turn|4\n|\n|t:|1699758243\n|move|p2a: Morgrem|Thunder Wave|p1a: Azelf\n|-status|p1a: Azelf|par\n|move|p1a: Azelf|Taunt|p2a: Morgrem\n|-start|p2a: Morgrem|move: Taunt\n|\n|upkeep\n|turn|5\n|j| Pajoomas!\n|\n|t:|1699758250\n|move|p1a: Azelf|Stealth Rock|p2a: Morgrem\n|-sidestart|p2: shinyjupiter37|move: Stealth Rock\n|move|p2a: Morgrem|Draining Kiss|p1a: Azelf\n|-damage|p1a: Azelf|80\/100 par\n|-heal|p2a: Morgrem|100\/100|[from] drain|[of] p1a: Azelf\n|\n|upkeep\n|turn|6\n|j| GratedsShtickface\n|\n|t:|1699758262\n|move|p1a: Azelf|Explosion|p2a: Morgrem\n|-damage|p2a: Morgrem|15\/100\n|faint|p1a: Azelf\n|move|p2a: Morgrem|Draining Kiss|p1: Azelf|[notarget]\n|-fail|p2a: Morgrem\n|\n|upkeep\n|c| GratedsShtickface|pink v blue?\n|l| Kinesquared\n|\n|t:|1699758275\n|switch|p1a: Greninja|Greninja, M|100\/100\n|turn|7\n|\n|t:|1699758285\n|switch|p2a: Tatsugiri|Tatsugiri, M|100\/100\n|-damage|p2a: Tatsugiri|88\/100|[from] Stealth Rock\n|move|p1a: Greninja|Water Shuriken|p2a: Tatsugiri\n|-ability|p2a: Tatsugiri|Storm Drain|boost\n|-boost|p2a: Tatsugiri|spa|1\n|\n|upkeep\n|turn|8\n|\n|t:|1699758295\n|switch|p1a: Zacian|Zacian|100\/100\n|-ability|p1a: Zacian|Intrepid Sword|boost\n|-boost|p1a: Zacian|atk|1\n|move|p2a: Tatsugiri|Dragon Pulse|p1a: Zacian\n|-immune|p1a: Zacian\n|\n|upkeep\n|turn|9\n|\n|t:|1699758315\n|-terastallize|p2a: Tatsugiri|Fire\n|move|p1a: Zacian|Play Rough|p2a: Tatsugiri\n|-resisted|p2a: Tatsugiri\n|-damage|p2a: Tatsugiri|24\/100\n|move|p2a: Tatsugiri|Tera Blast|p1a: Zacian|[anim] Tera Blast Fire\n|-damage|p1a: Zacian|21\/100\n|-damage|p2a: Tatsugiri|14\/100|[from] item: Life Orb\n|\n|upkeep\n|turn|10\n|\n|t:|1699758331\n|move|p1a: Zacian|Tera Blast|p2a: Tatsugiri\n|-damage|p2a: Tatsugiri|0 fnt\n|faint|p2a: Tatsugiri\n|\n|upkeep\n|\n|t:|1699758333\n|switch|p2a: Clefable|Clefable, F|100\/100\n|-damage|p2a: Clefable|88\/100|[from] Stealth Rock\n|turn|11\n|inactive|FrostyRandom02 has 270 seconds left.\n|\n|t:|1699758366\n|switch|p1a: Sneasler|Sneasler, M|100\/100\n|move|p2a: Clefable|Cosmic Power|p2a: Clefable\n|-boost|p2a: Clefable|def|1\n|-boost|p2a: Clefable|spd|1\n|\n|upkeep\n|turn|12\n|\n|t:|1699758385\n|move|p2a: Clefable|Protect|p2a: Clefable\n|-singleturn|p2a: Clefable|Protect\n|move|p1a: Sneasler|Fling|p2a: Clefable\n|-activate|p2a: Clefable|move: Protect\n|-enditem|p1a: Sneasler|Toxic Orb|[from] move: Fling\n|\n|upkeep\n|turn|13\n|\n|t:|1699758396\n|move|p1a: Sneasler|Dire Claw|p2a: Clefable\n|-supereffective|p2a: Clefable\n|-damage|p2a: Clefable|26\/100\n|-damage|p1a: Sneasler|84\/100|[from] item: Rocky Helmet|[of] p2a: Clefable\n|move|p2a: Clefable|Stored Power|p1a: Sneasler\n|-supereffective|p1a: Sneasler\n|-damage|p1a: Sneasler|0 fnt\n|faint|p1a: Sneasler\n|\n|upkeep\n|inactive|FrostyRandom02 has 270 seconds left.\n|\n|t:|1699758412\n|switch|p1a: Walking Wake|Walking Wake|100\/100\n|turn|14\n|inactive|FrostyRandom02 has 270 seconds left.\n|\n|t:|1699758421\n|move|p2a: Clefable|Protect|p2a: Clefable\n|-singleturn|p2a: Clefable|Protect\n|move|p1a: Walking Wake|Flamethrower|p2a: Clefable\n|-activate|p2a: Clefable|move: Protect\n|\n|upkeep\n|turn|15\n|\n|t:|1699758428\n|switch|p2a: Alomomola|Alomomola, M|100\/100\n|-damage|p2a: Alomomola|88\/100|[from] Stealth Rock\n|move|p1a: Walking Wake|Flamethrower|p2a: Alomomola\n|-resisted|p2a: Alomomola\n|-damage|p2a: Alomomola|71\/100\n|\n|-heal|p2a: Alomomola|77\/100|[from] item: Leftovers\n|upkeep\n|turn|16\n|\n|t:|1699758441\n|-end|p1a: Walking Wake|Protosynthesis|[silent]\n|switch|p1a: Greninja|Greninja, M|100\/100\n|move|p2a: Alomomola|Wish|p2a: Alomomola\n|\n|-heal|p2a: Alomomola|83\/100|[from] item: Leftovers\n|upkeep\n|turn|17\n|\n|t:|1699758450\n|switch|p2a: Morgrem|Morgrem, M|15\/100\n|-damage|p2a: Morgrem|3\/100|[from] Stealth Rock\n|move|p1a: Greninja|Trailblaze|p2a: Morgrem\n|-damage|p2a: Morgrem|0 fnt\n|-boost|p1a: Greninja|spe|1\n|faint|p2a: Morgrem\n|-ability|p1a: Greninja|Battle Bond|boost\n|-boost|p1a: Greninja|atk|1\n|-boost|p1a: Greninja|spa|1\n|-boost|p1a: Greninja|spe|1\n|-activate|p1a: Greninja|ability: Battle Bond\n|\n|upkeep\n|\n|t:|1699758463\n|switch|p2a: Orthworm|Orthworm, M|100\/100\n|turn|18\n|\n|t:|1699758488\n|-terastallize|p1a: Greninja|Dragon\n|move|p1a: Greninja|Dark Pulse|p2a: Orthworm\n|-damage|p2a: Orthworm|0 fnt\n|faint|p2a: Orthworm\n|\n|upkeep\n|\n|t:|1699758502\n|switch|p2a: Clefable|Clefable, F|26\/100\n|-damage|p2a: Clefable|14\/100|[from] Stealth Rock\n|turn|19\n|\n|t:|1699758512\n|move|p1a: Greninja|Ice Beam|p2a: Clefable\n|-damage|p2a: Clefable|0 fnt\n|faint|p2a: Clefable\n|\n|upkeep\n|\n|t:|1699758516\n|switch|p2a: Flamigo|Flamigo, M|100\/100\n|-damage|p2a: Flamigo|88\/100|[from] Stealth Rock\n|turn|20\n|\n|t:|1699758531\n|move|p1a: Greninja|Ice Beam|p2a: Flamigo\n|-supereffective|p2a: Flamigo\n|-damage|p2a: Flamigo|0 fnt\n|faint|p2a: Flamigo\n|\n|upkeep\n|\n|t:|1699758536\n|switch|p2a: Alomomola|Alomomola, M|100\/100\n|-damage|p2a: Alomomola|88\/100|[from] Stealth Rock\n|turn|21\n|\n|t:|1699758541\n|move|p1a: Greninja|Dark Pulse|p2a: Alomomola\n|-damage|p2a: Alomomola|48\/100\n|move|p2a: Alomomola|Scald|p1a: Greninja\n|-resisted|p1a: Greninja\n|-damage|p1a: Greninja|89\/100\n|\n|-heal|p2a: Alomomola|54\/100|[from] item: Leftovers\n|upkeep\n|turn|22\n|\n|t:|1699758551\n|move|p2a: Alomomola|Protect|p2a: Alomomola\n|-singleturn|p2a: Alomomola|Protect\n|move|p1a: Greninja|Dark Pulse|p2a: Alomomola\n|-activate|p2a: Alomomola|move: Protect\n|\n|-heal|p2a: Alomomola|61\/100|[from] item: Leftovers\n|upkeep\n|turn|23\n|\n|t:|1699758556\n|move|p1a: Greninja|Dark Pulse|p2a: Alomomola\n|-damage|p2a: Alomomola|14\/100\n|cant|p2a: Alomomola|flinch\n|\n|-heal|p2a: Alomomola|20\/100|[from] item: Leftovers\n|upkeep\n|turn|24\n|\n|t:|1699758561\n|move|p1a: Greninja|Dark Pulse|p2a: Alomomola\n|-damage|p2a: Alomomola|0 fnt\n|faint|p2a: Alomomola\n|\n|win|FrostyRandom02\n|c|\u2606FrostyRandom02|gg\n|c|\u2606shinyjupiter37|gg\n","uploadtime":1699758567,"views":12,"p1id":"frostyrandom02","p2id":"shinyjupiter37","formatid":"gen9ubers","rating":0,"private":0,"password":""}