{"id":"gen9ubers-1978290025","p1":"IspamObjection","p2":"shortie1118","format":"[Gen 9] Ubers","log":"|j|\u2606IspamObjection\n|j|\u2606shortie1118\n|t:|1698521420\n|gametype|singles\n|player|p1|IspamObjection|lance-gen2|\n|player|p2|shortie1118|marnie-masters2|\n|teamsize|p1|6\n|teamsize|p2|6\n|gen|9\n|tier|[Gen 9] Ubers\n|rule|Sleep Clause Mod: Limit one foe put to sleep\n|rule|Species Clause: Limit one of each Pok\u00e9mon\n|rule|OHKO Clause: OHKO moves are banned\n|rule|Evasion Items Clause: Evasion items are banned\n|rule|Evasion Moves Clause: Evasion moves are banned\n|rule|Endless Battle Clause: Forcing endless battles is banned\n|rule|HP Percentage Mod: HP is shown in percentages\n|clearpoke\n|poke|p1|Masquerain, M|\n|poke|p1|Zacian-*|\n|poke|p1|Shaymin-Sky|\n|poke|p1|Blissey, F|\n|poke|p1|Giratina|\n|poke|p1|Magearna|\n|poke|p2|Arceus-Fire|\n|poke|p2|Gliscor, F|\n|poke|p2|Magearna|\n|poke|p2|Ursaluna, M|\n|poke|p2|Hatterene, F|\n|poke|p2|Dialga-Origin|\n|teampreview\n|c|\u2606shortie1118|Glhf\n|\n|t:|1698521475\n|start\n|switch|p1a: Shaymin|Shaymin-Sky, shiny|100\/100\n|switch|p2a: Gliscor|Gliscor, F|100\/100\n|turn|1\n|\n|t:|1698521493\n|move|p1a: Shaymin|Air Slash|p2a: Gliscor\n|-damage|p2a: Gliscor|57\/100\n|move|p2a: Gliscor|Toxic|p1a: Shaymin|[miss]\n|-miss|p2a: Gliscor|p1a: Shaymin\n|\n|-status|p2a: Gliscor|tox|[from] item: Toxic Orb\n|upkeep\n|turn|2\n|\n|t:|1698521506\n|switch|p2a: Dialga|Dialga-Origin|100\/100\n|-ability|p2a: Dialga|Pressure\n|move|p1a: Shaymin|Seed Flare|p2a: Dialga\n|-resisted|p2a: Dialga\n|-damage|p2a: Dialga|90\/100\n|\n|upkeep\n|turn|3\n|\n|t:|1698521528\n|switch|p1a: Blissey|Blissey, F|100\/100\n|move|p2a: Dialga|Fire Blast|p1a: Blissey|[miss]\n|-miss|p2a: Dialga|p1a: Blissey\n|\n|upkeep\n|turn|4\n|\n|t:|1698521540\n|switch|p2a: Ursaluna|Ursaluna, M|100\/100\n|move|p1a: Blissey|Seismic Toss|p2a: Ursaluna\n|-damage|p2a: Ursaluna|79\/100\n|\n|-status|p2a: Ursaluna|brn|[from] item: Flame Orb\n|upkeep\n|turn|5\n|\n|t:|1698521563\n|switch|p1a: Masquerain|Masquerain, M|100\/100\n|-ability|p1a: Masquerain|Intimidate|boost\n|-unboost|p2a: Ursaluna|atk|1\n|move|p2a: Ursaluna|Trailblaze|p1a: Masquerain\n|-resisted|p1a: Masquerain\n|-damage|p1a: Masquerain|92\/100\n|-boost|p2a: Ursaluna|spe|1\n|\n|-damage|p2a: Ursaluna|72\/100 brn|[from] brn\n|upkeep\n|turn|6\n|\n|t:|1698521576\n|move|p1a: Masquerain|Sticky Web|p2a: Ursaluna\n|-sidestart|p2: shortie1118|move: Sticky Web\n|move|p2a: Ursaluna|Stone Edge|p1a: Masquerain\n|-supereffective|p1a: Masquerain\n|-damage|p1a: Masquerain|0 fnt\n|faint|p1a: Masquerain\n|\n|-damage|p2a: Ursaluna|66\/100 brn|[from] brn\n|upkeep\n|\n|t:|1698521603\n|switch|p1a: Shaymin|Shaymin-Sky, shiny|100\/100\n|turn|7\n|\n|t:|1698521609\n|-terastallize|p2a: Ursaluna|Ghost\n|move|p1a: Shaymin|Seed Flare|p2a: Ursaluna\n|-damage|p2a: Ursaluna|17\/100 brn\n|-unboost|p2a: Ursaluna|spd|2\n|move|p2a: Ursaluna|Stone Edge|p1a: Shaymin\n|-supereffective|p1a: Shaymin\n|-damage|p1a: Shaymin|5\/100\n|\n|-damage|p2a: Ursaluna|10\/100 brn|[from] brn\n|upkeep\n|turn|8\n|\n|t:|1698521620\n|move|p1a: Shaymin|Earth Power|p2a: Ursaluna\n|-damage|p2a: Ursaluna|0 fnt\n|faint|p2a: Ursaluna\n|\n|upkeep\n|\n|t:|1698521638\n|switch|p2a: Dialga|Dialga-Origin|90\/100\n|-activate|p2a: Dialga|move: Sticky Web\n|-unboost|p2a: Dialga|spe|1\n|-ability|p2a: Dialga|Pressure\n|turn|9\n|\n|t:|1698521647\n|move|p1a: Shaymin|Air Slash|p2a: Dialga\n|-resisted|p2a: Dialga\n|-damage|p2a: Dialga|77\/100\n|cant|p2a: Dialga|flinch\n|\n|upkeep\n|turn|10\n|\n|t:|1698521652\n|move|p1a: Shaymin|Air Slash|p2a: Dialga\n|-resisted|p2a: Dialga\n|-damage|p2a: Dialga|63\/100\n|move|p2a: Dialga|Trick Room|p2a: Dialga\n|-fieldstart|move: Trick Room|[of] p2a: Dialga\n|\n|upkeep\n|turn|11\n|\n|t:|1698521661\n|move|p2a: Dialga|Flash Cannon|p1a: Shaymin\n|-damage|p1a: Shaymin|0 fnt\n|faint|p1a: Shaymin\n|\n|upkeep\n|\n|t:|1698521674\n|switch|p1a: Blissey|Blissey, F|100\/100\n|turn|12\n|\n|t:|1698521679\n|switch|p2a: Arceus|Arceus-Fire|100\/100\n|-activate|p2a: Arceus|move: Sticky Web\n|-unboost|p2a: Arceus|spe|1\n|move|p1a: Blissey|Stealth Rock|p2a: Arceus\n|-sidestart|p2: shortie1118|move: Stealth Rock\n|\n|upkeep\n|turn|13\n|\n|t:|1698521695\n|move|p1a: Blissey|Thunder Wave|p2a: Arceus|[miss]\n|-miss|p1a: Blissey|p2a: Arceus\n|move|p2a: Arceus|Dragon Dance|p2a: Arceus\n|-boost|p2a: Arceus|atk|1\n|-boost|p2a: Arceus|spe|1\n|\n|upkeep\n|turn|14\n|\n|t:|1698521701\n|move|p1a: Blissey|Thunder Wave|p2a: Arceus\n|-status|p2a: Arceus|par\n|move|p2a: Arceus|Taunt|p1a: Blissey\n|-start|p1a: Blissey|move: Taunt\n|\n|-fieldend|move: Trick Room\n|upkeep\n|turn|15\n|\n|t:|1698521705\n|move|p2a: Arceus|Dragon Dance|p2a: Arceus\n|-boost|p2a: Arceus|atk|1\n|-boost|p2a: Arceus|spe|1\n|move|p1a: Blissey|Seismic Toss|p2a: Arceus\n|-damage|p2a: Arceus|76\/100 par\n|\n|upkeep\n|turn|16\n|\n|t:|1698521715\n|switch|p1a: Giratina|Giratina, shiny|100\/100\n|-ability|p1a: Giratina|Pressure\n|move|p2a: Arceus|Dragon Dance|p2a: Arceus\n|-boost|p2a: Arceus|atk|1\n|-boost|p2a: Arceus|spe|1\n|\n|upkeep\n|turn|17\n|\n|t:|1698521723\n|cant|p2a: Arceus|par\n|move|p1a: Giratina|Roar|p2a: Arceus\n|drag|p2a: Gliscor|Gliscor, F|57\/100 tox\n|-damage|p2a: Gliscor|45\/100 tox|[from] Stealth Rock\n|\n|-heal|p2a: Gliscor|57\/100 tox|[from] ability: Poison Heal\n|upkeep\n|turn|18\n|\n|t:|1698521732\n|move|p2a: Gliscor|Toxic|p1a: Giratina\n|-status|p1a: Giratina|tox\n|move|p1a: Giratina|Roar|p2a: Gliscor\n|drag|p2a: Magearna|Magearna|100\/100\n|-activate|p2a: Magearna|move: Sticky Web\n|-unboost|p2a: Magearna|spe|1\n|-damage|p2a: Magearna|94\/100|[from] Stealth Rock\n|\n|-heal|p2a: Magearna|100\/100|[from] item: Leftovers\n|-damage|p1a: Giratina|94\/100 tox|[from] psn\n|upkeep\n|turn|19\n|\n|t:|1698521758\n|move|p1a: Giratina|Rest|p1a: Giratina\n|-status|p1a: Giratina|slp|[from] move: Rest\n|-heal|p1a: Giratina|100\/100 slp|[silent]\n|move|p2a: Magearna|Spikes|p1a: Giratina\n|-sidestart|p1: IspamObjection|Spikes\n|\n|upkeep\n|turn|20\n|\n|t:|1698521767\n|switch|p1a: Blissey|Blissey, F|100\/100\n|move|p2a: Magearna|Fleur Cannon|p1a: Blissey\n|-damage|p1a: Blissey|84\/100\n|-unboost|p2a: Magearna|spa|2\n|\n|upkeep\n|turn|21\n|\n|t:|1698521775\n|move|p1a: Blissey|Thunder Wave|p2a: Magearna\n|-status|p2a: Magearna|par\n|move|p2a: Magearna|Volt Switch|p1a: Blissey\n|-damage|p1a: Blissey|81\/100\n|\n|t:|1698521780\n|switch|p2a: Arceus|Arceus-Fire|76\/100 par|[from] Volt Switch\n|-activate|p2a: Arceus|move: Sticky Web\n|-unboost|p2a: Arceus|spe|1\n|-damage|p2a: Arceus|51\/100 par|[from] Stealth Rock\n|\n|upkeep\n|turn|22\n|\n|t:|1698521789\n|switch|p1a: Giratina|Giratina, shiny|100\/100 slp\n|-damage|p1a: Giratina|88\/100 slp|[from] Spikes\n|-ability|p1a: Giratina|Pressure\n|move|p2a: Arceus|Flare Blitz|p1a: Giratina\n|-resisted|p1a: Giratina\n|-damage|p1a: Giratina|72\/100 slp\n|-damage|p2a: Arceus|45\/100 par|[from] Recoil\n|\n|-heal|p1a: Giratina|78\/100 slp|[from] item: Leftovers\n|upkeep\n|turn|23\n|\n|t:|1698521796\n|cant|p1a: Giratina|slp\n|move|p1a: Giratina|Sleep Talk|p1a: Giratina\n|move|p1a: Giratina|Will-O-Wisp||[from]move: Sleep Talk|[still]\n|-fail|p1a: Giratina\n|cant|p2a: Arceus|par\n|\n|-heal|p1a: Giratina|84\/100 slp|[from] item: Leftovers\n|upkeep\n|turn|24\n|\n|t:|1698521803\n|cant|p1a: Giratina|slp\n|move|p1a: Giratina|Sleep Talk|p1a: Giratina\n|move|p1a: Giratina|Will-O-Wisp||[from]move: Sleep Talk|[still]\n|-fail|p1a: Giratina\n|cant|p2a: Arceus|par\n|\n|-heal|p1a: Giratina|90\/100 slp|[from] item: Leftovers\n|upkeep\n|turn|25\n|\n|t:|1698521810\n|move|p2a: Arceus|Taunt|p1a: Giratina\n|-start|p1a: Giratina|move: Taunt\n|-curestatus|p1a: Giratina|slp|[msg]\n|cant|p1a: Giratina|move: Taunt|Roar\n|\n|-heal|p1a: Giratina|96\/100|[from] item: Leftovers\n|upkeep\n|turn|26\n|\n|t:|1698521841\n|switch|p1a: Magearna|Magearna|100\/100\n|-damage|p1a: Magearna|88\/100|[from] Spikes\n|move|p2a: Arceus|Flare Blitz|p1a: Magearna\n|-supereffective|p1a: Magearna\n|-damage|p1a: Magearna|0 fnt\n|faint|p1a: Magearna\n|-damage|p2a: Arceus|19\/100 par|[from] Recoil\n|\n|upkeep\n|\n|t:|1698521851\n|switch|p1a: Blissey|Blissey, F|81\/100\n|turn|27\n|\n|t:|1698521863\n|switch|p2a: Gliscor|Gliscor, F|57\/100 tox\n|-damage|p2a: Gliscor|45\/100 tox|[from] Stealth Rock\n|move|p1a: Blissey|Seismic Toss|p2a: Gliscor\n|-damage|p2a: Gliscor|17\/100 tox\n|\n|-heal|p2a: Gliscor|29\/100 tox|[from] ability: Poison Heal\n|upkeep\n|turn|28\n|\n|t:|1698521873\n|move|p2a: Gliscor|Protect|p2a: Gliscor\n|-singleturn|p2a: Gliscor|Protect\n|move|p1a: Blissey|Seismic Toss|p2a: Gliscor\n|-activate|p2a: Gliscor|move: Protect\n|\n|-heal|p2a: Gliscor|41\/100 tox|[from] ability: Poison Heal\n|upkeep\n|turn|29\n|\n|t:|1698521880\n|move|p2a: Gliscor|Toxic|p1a: Blissey\n|-status|p1a: Blissey|tox\n|move|p1a: Blissey|Seismic Toss|p2a: Gliscor\n|-damage|p2a: Gliscor|13\/100 tox\n|\n|-heal|p2a: Gliscor|26\/100 tox|[from] ability: Poison Heal\n|-damage|p1a: Blissey|75\/100 tox|[from] psn\n|upkeep\n|turn|30\n|\n|t:|1698521888\n|-curestatus|p1a: Blissey|tox|[from] ability: Natural Cure\n|switch|p1a: Zacian|Zacian, shiny|100\/100\n|-damage|p1a: Zacian|88\/100|[from] Spikes\n|-ability|p1a: Zacian|Intrepid Sword|boost\n|-boost|p1a: Zacian|atk|1\n|move|p2a: Gliscor|Protect||[still]\n|-fail|p2a: Gliscor\n|\n|-heal|p2a: Gliscor|38\/100 tox|[from] ability: Poison Heal\n|upkeep\n|turn|31\n|\n|t:|1698521908\n|move|p2a: Gliscor|Protect|p2a: Gliscor\n|-singleturn|p2a: Gliscor|Protect\n|move|p1a: Zacian|Play Rough|p2a: Gliscor\n|-activate|p2a: Gliscor|move: Protect\n|\n|-heal|p2a: Gliscor|50\/100 tox|[from] ability: Poison Heal\n|upkeep\n|turn|32\n|\n|t:|1698521916\n|move|p1a: Zacian|Play Rough|p2a: Gliscor\n|-damage|p2a: Gliscor|0 fnt\n|faint|p2a: Gliscor\n|\n|upkeep\n|\n|t:|1698521922\n|switch|p2a: Dialga|Dialga-Origin|63\/100\n|-activate|p2a: Dialga|move: Sticky Web\n|-unboost|p2a: Dialga|spe|1\n|-damage|p2a: Dialga|57\/100|[from] Stealth Rock\n|-ability|p2a: Dialga|Pressure\n|turn|33\n|\n|t:|1698521927\n|move|p1a: Zacian|Play Rough|p2a: Dialga\n|-damage|p2a: Dialga|0 fnt\n|faint|p2a: Dialga\n|\n|upkeep\n|\n|t:|1698521931\n|switch|p2a: Arceus|Arceus-Fire|19\/100 par\n|-activate|p2a: Arceus|move: Sticky Web\n|-unboost|p2a: Arceus|spe|1\n|-damage|p2a: Arceus|0 fnt|[from] Stealth Rock\n|faint|p2a: Arceus\n|\n|t:|1698521932\n|switch|p2a: Magearna|Magearna|100\/100 par\n|-activate|p2a: Magearna|move: Sticky Web\n|-unboost|p2a: Magearna|spe|1\n|-damage|p2a: Magearna|94\/100 par|[from] Stealth Rock\n|turn|34\n|\n|t:|1698521965\n|switch|p1a: Giratina|Giratina, shiny|96\/100\n|-damage|p1a: Giratina|84\/100|[from] Spikes\n|-ability|p1a: Giratina|Pressure\n|move|p2a: Magearna|Fleur Cannon|p1a: Giratina\n|-supereffective|p1a: Giratina\n|-damage|p1a: Giratina|26\/100\n|-unboost|p2a: Magearna|spa|2\n|\n|-heal|p1a: Giratina|33\/100|[from] item: Leftovers\n|-heal|p2a: Magearna|100\/100 par|[from] item: Leftovers\n|upkeep\n|turn|35\n|\n|t:|1698521976\n|move|p1a: Giratina|Rest|p1a: Giratina\n|-status|p1a: Giratina|slp|[from] move: Rest\n|-heal|p1a: Giratina|100\/100 slp|[silent]\n|cant|p2a: Magearna|par\n|\n|upkeep\n|turn|36\n|\n|t:|1698521979\n|cant|p1a: Giratina|slp\n|move|p1a: Giratina|Sleep Talk|p1a: Giratina\n|move|p1a: Giratina|Rest||[from]move: Sleep Talk|[still]\n|-fail|p1a: Giratina\n|move|p2a: Magearna|Volt Switch|p1a: Giratina\n|-resisted|p1a: Giratina\n|-damage|p1a: Giratina|98\/100 slp\n|\n|t:|1698521980\n|switch|p2a: Hatterene|Hatterene, F|100\/100|[from] Volt Switch\n|-activate|p2a: Hatterene|move: Sticky Web\n|-unboost|p2a: Hatterene|spe|1\n|-damage|p2a: Hatterene|88\/100|[from] Stealth Rock\n|\n|-heal|p1a: Giratina|100\/100 slp|[from] item: Leftovers\n|upkeep\n|turn|37\n|\n|t:|1698521992\n|cant|p1a: Giratina|slp\n|move|p1a: Giratina|Sleep Talk|p1a: Giratina\n|move|p1a: Giratina|Rest||[from]move: Sleep Talk|[still]\n|-fail|p1a: Giratina\n|move|p2a: Hatterene|Dazzling Gleam|p1a: Giratina\n|-supereffective|p1a: Giratina\n|-damage|p1a: Giratina|61\/100 slp\n|\n|-heal|p1a: Giratina|67\/100 slp|[from] item: Leftovers\n|upkeep\n|turn|38\n|\n|t:|1698522001\n|move|p2a: Hatterene|Dazzling Gleam|p1a: Giratina\n|-supereffective|p1a: Giratina\n|-damage|p1a: Giratina|30\/100 slp\n|-curestatus|p1a: Giratina|slp|[msg]\n|move|p1a: Giratina|Roar|p2a: Hatterene\n|move|p2a: Hatterene|Roar|p1a: Giratina|[from]ability: Magic Bounce\n|drag|p1a: Zacian|Zacian, shiny|88\/100\n|-damage|p1a: Zacian|76\/100|[from] Spikes\n|\n|upkeep\n|turn|39\n|\n|t:|1698522027\n|-terastallize|p1a: Zacian|Fire\n|move|p1a: Zacian|Tera Blast|p2a: Hatterene|[anim] Tera Blast Fire\n|-damage|p2a: Hatterene|36\/100\n|-enditem|p2a: Hatterene|Eject Button\n|\n|t:|1698522031\n|switch|p2a: Magearna|Magearna|100\/100 par\n|-activate|p2a: Magearna|move: Sticky Web\n|-unboost|p2a: Magearna|spe|1\n|-damage|p2a: Magearna|94\/100 par|[from] Stealth Rock\n|\n|-heal|p2a: Magearna|100\/100 par|[from] item: Leftovers\n|upkeep\n|turn|40\n|\n|t:|1698522042\n|move|p1a: Zacian|Tera Blast|p2a: Magearna|[anim] Tera Blast Fire\n|-supereffective|p2a: Magearna\n|-damage|p2a: Magearna|33\/100 par\n|cant|p2a: Magearna|par\n|\n|-heal|p2a: Magearna|39\/100 par|[from] item: Leftovers\n|upkeep\n|turn|41\n|-message|shortie1118 forfeited.\n|\n|win|IspamObjection\n|c|\u2606shortie1118|Gg\n|c|\u2606IspamObjection|gg\n","uploadtime":1698522055,"views":15,"p1id":"ispamobjection","p2id":"shortie1118","formatid":"gen9ubers","rating":0,"private":0,"password":""}