{"id":"gen9ubers-1975044656","p1":"IC Oshawott","p2":"SunWaffle","format":"[Gen 9] Ubers","log":"|j|\u203dIC Oshawott\n|j|\u2606SunWaffle\n|t:|1698157533\n|gametype|singles\n|player|p1|IC Oshawott|colress|1149\n|player|p2|SunWaffle|rood|1070\n|teamsize|p1|6\n|teamsize|p2|6\n|gen|9\n|tier|[Gen 9] Ubers\n|rated|\n|rule|Sleep Clause Mod: Limit one foe put to sleep\n|rule|Species Clause: Limit one of each Pok\u00e9mon\n|rule|OHKO Clause: OHKO moves are banned\n|rule|Evasion Items Clause: Evasion items are banned\n|rule|Evasion Moves Clause: Evasion moves are banned\n|rule|Endless Battle Clause: Forcing endless battles is banned\n|rule|HP Percentage Mod: HP is shown in percentages\n|clearpoke\n|poke|p1|Groudon|\n|poke|p1|Ribombee, M|\n|poke|p1|Gholdengo|\n|poke|p1|Zacian-*|\n|poke|p1|Lilligant-Hisui, F|\n|poke|p1|Great Tusk|\n|poke|p2|Great Tusk|\n|poke|p2|Ditto|\n|poke|p2|Ogerpon-Cornerstone, F|\n|poke|p2|Ribombee, F|\n|poke|p2|Thundurus-Therian, M|\n|poke|p2|Iron Bundle|\n|teampreview\n|inactive|Battle timer is ON: inactive players will automatically lose when time's up. (requested by IC Oshawott)\n|\n|t:|1698157546\n|start\n|switch|p1a: Gholdengo|Gholdengo|100\/100\n|switch|p2a: Ribombee|Ribombee, F|100\/100\n|turn|1\n|\n|t:|1698157552\n|move|p1a: Gholdengo|Trick|p2a: Ribombee\n|-activate|p1a: Gholdengo|move: Trick|[of] p2a: Ribombee\n|-item|p2a: Ribombee|Choice Scarf|[from] move: Trick\n|-item|p1a: Gholdengo|Light Clay|[from] move: Trick\n|move|p2a: Ribombee|Light Screen|p2a: Ribombee\n|-sidestart|p2: SunWaffle|move: Light Screen\n|\n|upkeep\n|turn|2\n|inactive|IC Oshawott has 120 seconds left.\n|\n|t:|1698157586\n|switch|p2a: Great Tusk|Great Tusk|100\/100\n|move|p1a: Gholdengo|Thunder Wave|p2a: Great Tusk\n|-immune|p2a: Great Tusk\n|\n|upkeep\n|turn|3\n|\n|t:|1698157593\n|switch|p1a: Great Tusk|Great Tusk|100\/100\n|move|p2a: Great Tusk|Headlong Rush|p1a: Great Tusk\n|-damage|p1a: Great Tusk|68\/100\n|-unboost|p2a: Great Tusk|def|1\n|-unboost|p2a: Great Tusk|spd|1\n|\n|-heal|p1a: Great Tusk|74\/100|[from] item: Leftovers\n|upkeep\n|turn|4\n|\n|t:|1698157604\n|move|p2a: Great Tusk|Close Combat|p1a: Great Tusk\n|-damage|p1a: Great Tusk|42\/100\n|-unboost|p2a: Great Tusk|def|1\n|-unboost|p2a: Great Tusk|spd|1\n|move|p1a: Great Tusk|Headlong Rush|p2a: Great Tusk\n|-damage|p2a: Great Tusk|13\/100\n|-unboost|p1a: Great Tusk|def|1\n|-unboost|p1a: Great Tusk|spd|1\n|\n|-heal|p2a: Great Tusk|19\/100|[from] item: Leftovers\n|-heal|p1a: Great Tusk|48\/100|[from] item: Leftovers\n|upkeep\n|turn|5\n|\n|t:|1698157616\n|-end|p1a: Great Tusk|Protosynthesis|[silent]\n|switch|p1a: Gholdengo|Gholdengo|100\/100\n|move|p2a: Great Tusk|Close Combat|p1a: Gholdengo\n|-immune|p1a: Gholdengo\n|\n|-heal|p2a: Great Tusk|26\/100|[from] item: Leftovers\n|-sideend|p2: SunWaffle|move: Light Screen\n|upkeep\n|turn|6\n|\n|t:|1698157620\n|switch|p1a: Ribombee|Ribombee, M|100\/100\n|move|p2a: Great Tusk|Headlong Rush|p1a: Ribombee\n|-resisted|p1a: Ribombee\n|-damage|p1a: Ribombee|42\/100\n|-unboost|p2a: Great Tusk|def|1\n|-unboost|p2a: Great Tusk|spd|1\n|\n|-heal|p2a: Great Tusk|32\/100|[from] item: Leftovers\n|upkeep\n|turn|7\n|\n|t:|1698157625\n|move|p1a: Ribombee|Sticky Web|p2a: Great Tusk\n|-sidestart|p2: SunWaffle|move: Sticky Web\n|move|p2a: Great Tusk|Stealth Rock|p1a: Ribombee\n|-sidestart|p1: IC Oshawott|move: Stealth Rock\n|\n|-heal|p2a: Great Tusk|38\/100|[from] item: Leftovers\n|upkeep\n|turn|8\n|\n|t:|1698157631\n|move|p1a: Ribombee|Moonblast|p2a: Great Tusk\n|-supereffective|p2a: Great Tusk\n|-damage|p2a: Great Tusk|0 fnt\n|faint|p2a: Great Tusk\n|-end|p2a: Great Tusk|Protosynthesis|[silent]\n|\n|upkeep\n|\n|t:|1698157642\n|switch|p2a: Ribombee|Ribombee, F|100\/100\n|-activate|p2a: Ribombee|move: Sticky Web\n|-unboost|p2a: Ribombee|spe|1\n|turn|9\n|\n|t:|1698157656\n|move|p2a: Ribombee|Draining Kiss|p1a: Ribombee\n|-crit|p1a: Ribombee\n|-damage|p1a: Ribombee|0 fnt\n|faint|p1a: Ribombee\n|\n|upkeep\n|\n|t:|1698157659\n|switch|p1a: Gholdengo|Gholdengo|100\/100\n|-damage|p1a: Gholdengo|94\/100|[from] Stealth Rock\n|turn|10\n|\n|t:|1698157667\n|switch|p2a: Ogerpon|Ogerpon-Cornerstone, F|100\/100\n|-activate|p2a: Ogerpon|move: Sticky Web\n|-unboost|p2a: Ogerpon|spe|1\n|move|p1a: Gholdengo|Thunder Wave|p2a: Ogerpon\n|-status|p2a: Ogerpon|par\n|\n|upkeep\n|turn|11\n|\n|t:|1698157676\n|move|p1a: Gholdengo|Shadow Ball|p2a: Ogerpon\n|-damage|p2a: Ogerpon|54\/100 par\n|cant|p2a: Ogerpon|par\n|\n|upkeep\n|turn|12\n|\n|t:|1698157693\n|move|p1a: Gholdengo|Make It Rain|p2a: Ogerpon\n|-supereffective|p2a: Ogerpon\n|-damage|p2a: Ogerpon|0 fnt\n|-unboost|p1a: Gholdengo|spa|1\n|faint|p2a: Ogerpon\n|\n|upkeep\n|\n|t:|1698157709\n|switch|p2a: Ditto|Ditto|100\/100\n|-activate|p2a: Ditto|move: Sticky Web\n|-unboost|p2a: Ditto|spe|1\n|-transform|p2a: Ditto|p1a: Gholdengo|[from] ability: Imposter\n|turn|13\n|\n|t:|1698157716\n|move|p2a: Ditto|Thunder Wave|p1a: Gholdengo\n|-immune|p1a: Gholdengo|[from] ability: Good as Gold\n|move|p1a: Gholdengo|Shadow Ball|p2a: Ditto\n|-supereffective|p2a: Ditto\n|-damage|p2a: Ditto|32\/100\n|\n|upkeep\n|turn|14\n|\n|t:|1698157722\n|switch|p2a: Thundurus|Thundurus-Therian, M|100\/100\n|move|p1a: Gholdengo|Shadow Ball|p2a: Thundurus\n|-damage|p2a: Thundurus|64\/100\n|\n|upkeep\n|turn|15\n|\n|t:|1698157728\n|move|p2a: Thundurus|Nasty Plot|p2a: Thundurus\n|-boost|p2a: Thundurus|spa|2\n|move|p1a: Gholdengo|Trick|p2a: Thundurus\n|-activate|p1a: Gholdengo|move: Trick|[of] p2a: Thundurus\n|-item|p2a: Thundurus|Light Clay|[from] move: Trick\n|-item|p1a: Gholdengo|Life Orb|[from] move: Trick\n|\n|upkeep\n|turn|16\n|\n|t:|1698157737\n|switch|p1a: Great Tusk|Great Tusk|48\/100\n|-damage|p1a: Great Tusk|45\/100|[from] Stealth Rock\n|move|p2a: Thundurus|Thunderbolt|p1a: Great Tusk\n|-immune|p1a: Great Tusk\n|\n|-heal|p1a: Great Tusk|52\/100|[from] item: Leftovers\n|upkeep\n|turn|17\n|\n|t:|1698157748\n|-end|p1a: Great Tusk|Protosynthesis|[silent]\n|switch|p1a: Groudon|Groudon|100\/100\n|-damage|p1a: Groudon|94\/100|[from] Stealth Rock\n|-weather|SunnyDay|[from] ability: Drought|[of] p1a: Groudon\n|move|p2a: Thundurus|Focus Blast|p1a: Groudon\n|-crit|p1a: Groudon\n|-damage|p1a: Groudon|0 fnt\n|faint|p1a: Groudon\n|\n|-weather|SunnyDay|[upkeep]\n|upkeep\n|\n|t:|1698157751\n|switch|p1a: Lilligant|Lilligant-Hisui, F|100\/100\n|-damage|p1a: Lilligant|94\/100|[from] Stealth Rock\n|turn|18\n|\n|t:|1698157761\n|move|p1a: Lilligant|Sleep Powder|p2a: Thundurus\n|-status|p2a: Thundurus|slp|[from] move: Sleep Powder\n|cant|p2a: Thundurus|slp\n|\n|-weather|SunnyDay|[upkeep]\n|upkeep\n|turn|19\n|\n|t:|1698157768\n|switch|p2a: Ditto|Ditto|32\/100\n|-activate|p2a: Ditto|move: Sticky Web\n|-unboost|p2a: Ditto|spe|1\n|-transform|p2a: Ditto|p1a: Lilligant|[from] ability: Imposter\n|move|p1a: Lilligant|Close Combat|p2a: Ditto\n|-damage|p2a: Ditto|0 fnt\n|-unboost|p1a: Lilligant|def|1\n|-unboost|p1a: Lilligant|spd|1\n|faint|p2a: Ditto\n|\n|-weather|SunnyDay|[upkeep]\n|upkeep\n|\n|t:|1698157779\n|switch|p2a: Ribombee|Ribombee, F|100\/100\n|-activate|p2a: Ribombee|move: Sticky Web\n|-unboost|p2a: Ribombee|spe|1\n|turn|20\n|\n|t:|1698157785\n|switch|p1a: Gholdengo|Gholdengo|94\/100\n|-damage|p1a: Gholdengo|88\/100|[from] Stealth Rock\n|move|p2a: Ribombee|Draining Kiss|p1a: Gholdengo\n|-resisted|p1a: Gholdengo\n|-damage|p1a: Gholdengo|75\/100\n|\n|-weather|SunnyDay|[upkeep]\n|upkeep\n|turn|21\n|\n|t:|1698157794\n|switch|p2a: Iron Bundle|Iron Bundle|100\/100\n|-activate|p2a: Iron Bundle|move: Sticky Web\n|-unboost|p2a: Iron Bundle|spe|1\n|-enditem|p2a: Iron Bundle|Booster Energy\n|-activate|p2a: Iron Bundle|ability: Quark Drive|[fromitem]\n|-start|p2a: Iron Bundle|quarkdrivespa\n|move|p1a: Gholdengo|Shadow Ball|p2a: Iron Bundle\n|-damage|p2a: Iron Bundle|0 fnt\n|faint|p2a: Iron Bundle\n|-end|p2a: Iron Bundle|Quark Drive|[silent]\n|-damage|p1a: Gholdengo|65\/100|[from] item: Life Orb\n|\n|-weather|none\n|upkeep\n|\n|t:|1698157797\n|switch|p2a: Ribombee|Ribombee, F|100\/100\n|-activate|p2a: Ribombee|move: Sticky Web\n|-unboost|p2a: Ribombee|spe|1\n|turn|22\n|\n|t:|1698157810\n|-terastallize|p2a: Ribombee|Bug\n|move|p2a: Ribombee|Bug Buzz|p1a: Gholdengo\n|-resisted|p1a: Gholdengo\n|-damage|p1a: Gholdengo|50\/100\n|move|p1a: Gholdengo|Trick|p2a: Ribombee\n|-activate|p1a: Gholdengo|move: Trick|[of] p2a: Ribombee\n|-item|p2a: Ribombee|Life Orb|[from] move: Trick\n|-item|p1a: Gholdengo|Choice Scarf|[from] move: Trick\n|\n|upkeep\n|turn|23\n|\n|t:|1698157822\n|move|p1a: Gholdengo|Shadow Ball|p2a: Ribombee\n|-damage|p2a: Ribombee|26\/100\n|move|p2a: Ribombee|Bug Buzz|p1a: Gholdengo\n|-resisted|p1a: Gholdengo\n|-damage|p1a: Gholdengo|32\/100\n|-damage|p2a: Ribombee|16\/100|[from] item: Life Orb\n|\n|upkeep\n|turn|24\n|\n|t:|1698157837\n|move|p1a: Gholdengo|Shadow Ball|p2a: Ribombee\n|-damage|p2a: Ribombee|0 fnt\n|faint|p2a: Ribombee\n|\n|upkeep\n|\n|t:|1698157840\n|switch|p2a: Thundurus|Thundurus-Therian, M|64\/100 slp\n|turn|25\n|\n|t:|1698157844\n|move|p1a: Gholdengo|Shadow Ball|p2a: Thundurus\n|-damage|p2a: Thundurus|11\/100 slp\n|-unboost|p2a: Thundurus|spd|1\n|cant|p2a: Thundurus|slp\n|\n|upkeep\n|turn|26\n|\n|t:|1698157848\n|move|p1a: Gholdengo|Shadow Ball|p2a: Thundurus\n|-damage|p2a: Thundurus|0 fnt\n|faint|p2a: Thundurus\n|\n|win|IC Oshawott\n|raw|IC Oshawott's rating: 1134 &rarr; <strong>1154<\/strong><br \/>(+20 for winning)\n|raw|SunWaffle's rating: 1070 &rarr; <strong>1053<\/strong><br \/>(-17 for losing)\n|l|\u2606SunWaffle\n","uploadtime":1698157854,"views":6,"p1id":"icoshawott","p2id":"sunwaffle","formatid":"gen9ubers","rating":1053,"private":0,"password":""}