{"id":"gen9ubers-1978067532","p1":"Kevko92","p2":"Dave1200","format":"[Gen 9] Ubers","log":"|j|\u2606Kevko92\n|j|\u2606Dave1200\n|t:|1698494360\n|gametype|singles\n|player|p1|Kevko92|benga|\n|player|p2|Dave1200|cyrus|\n|teamsize|p1|6\n|teamsize|p2|6\n|gen|9\n|tier|[Gen 9] Ubers\n|rule|Sleep Clause Mod: Limit one foe put to sleep\n|rule|Species Clause: Limit one of each Pok\u00e9mon\n|rule|OHKO Clause: OHKO moves are banned\n|rule|Evasion Items Clause: Evasion items are banned\n|rule|Evasion Moves Clause: Evasion moves are banned\n|rule|Endless Battle Clause: Forcing endless battles is banned\n|rule|HP Percentage Mod: HP is shown in percentages\n|clearpoke\n|poke|p1|Mewtwo|\n|poke|p1|Bronzong|\n|poke|p1|Quaquaval, M|\n|poke|p1|Noivern, F|\n|poke|p1|Vikavolt, F|\n|poke|p1|Tauros, M|\n|poke|p2|Landorus, M|\n|poke|p2|Tyranitar, F|\n|poke|p2|Cyclizar, M|\n|poke|p2|Jirachi|\n|poke|p2|Breloom, M|\n|poke|p2|Muk-Alola, F|\n|teampreview\n|c|\u2606Kevko92|Gl hf\n|c|\u2606Dave1200|hf\n|\n|t:|1698494405\n|start\n|switch|p1a: Noivern|Noivern, F|100\/100\n|switch|p2a: Cyclizar|Cyclizar, M, shiny|100\/100\n|-item|p2a: Cyclizar|Expert Belt|[from] ability: Frisk|[of] p1a: Noivern|[identify]\n|turn|1\n|\n|t:|1698494418\n|move|p1a: Noivern|Draco Meteor|p2a: Cyclizar\n|-supereffective|p2a: Cyclizar\n|-damage|p2a: Cyclizar|0 fnt\n|-unboost|p1a: Noivern|spa|2\n|faint|p2a: Cyclizar\n|\n|upkeep\n|\n|t:|1698494424\n|switch|p2a: Jirachi|Jirachi|100\/100\n|turn|2\n|\n|t:|1698494431\n|switch|p1a: Tauros|Tauros, M|100\/100\n|-ability|p1a: Tauros|Intimidate|boost\n|-unboost|p2a: Jirachi|atk|1\n|-terastallize|p2a: Jirachi|Fairy\n|move|p2a: Jirachi|Cosmic Power|p2a: Jirachi\n|-boost|p2a: Jirachi|def|1\n|-boost|p2a: Jirachi|spd|1\n|\n|upkeep\n|turn|3\n|\n|t:|1698494441\n|move|p1a: Tauros|Iron Head|p2a: Jirachi\n|-supereffective|p2a: Jirachi\n|-crit|p2a: Jirachi\n|-damage|p2a: Jirachi|37\/100\n|cant|p2a: Jirachi|flinch\n|\n|-heal|p2a: Jirachi|43\/100|[from] item: Leftovers\n|upkeep\n|turn|4\n|\n|t:|1698494470\n|switch|p2a: Breloom|Breloom, M, shiny|100\/100\n|move|p1a: Tauros|Iron Head|p2a: Breloom\n|-damage|p2a: Breloom|77\/100\n|\n|-status|p2a: Breloom|tox|[from] item: Toxic Orb\n|upkeep\n|turn|5\n|\n|t:|1698494478\n|switch|p1a: Bronzong|Bronzong|100\/100\n|move|p2a: Breloom|Leech Seed|p1a: Bronzong\n|-start|p1a: Bronzong|move: Leech Seed\n|\n|-damage|p1a: Bronzong|88\/100|[from] Leech Seed|[of] p2a: Breloom\n|-heal|p2a: Breloom|90\/100 tox|[silent]\n|-heal|p2a: Breloom|100\/100 tox|[from] ability: Poison Heal\n|upkeep\n|turn|6\n|\n|t:|1698494493\n|switch|p2a: Muk|Muk-Alola, F, shiny|100\/100\n|move|p1a: Bronzong|Sleep Talk||[still]\n|-fail|p1a: Bronzong\n|\n|-heal|p1a: Bronzong|94\/100|[from] item: Leftovers\n|-damage|p1a: Bronzong|82\/100|[from] Leech Seed|[of] p2a: Muk\n|upkeep\n|turn|7\n|\n|t:|1698494506\n|switch|p1a: Tauros|Tauros, M|100\/100\n|-ability|p1a: Tauros|Intimidate|boost\n|-unboost|p2a: Muk|atk|1\n|move|p2a: Muk|Curse|p2a: Muk\n|-unboost|p2a: Muk|spe|1\n|-boost|p2a: Muk|atk|1\n|-boost|p2a: Muk|def|1\n|\n|upkeep\n|turn|8\n|\n|t:|1698494523\n|move|p1a: Tauros|Earthquake|p2a: Muk\n|-supereffective|p2a: Muk\n|-damage|p2a: Muk|64\/100\n|move|p2a: Muk|Curse|p2a: Muk\n|-unboost|p2a: Muk|spe|1\n|-boost|p2a: Muk|atk|1\n|-boost|p2a: Muk|def|1\n|\n|-heal|p2a: Muk|70\/100|[from] item: Black Sludge\n|upkeep\n|turn|9\n|\n|t:|1698494535\n|move|p1a: Tauros|Earthquake|p2a: Muk\n|-supereffective|p2a: Muk\n|-damage|p2a: Muk|44\/100\n|move|p2a: Muk|Drain Punch|p1a: Tauros\n|-supereffective|p1a: Tauros\n|-damage|p1a: Tauros|32\/100\n|-heal|p2a: Muk|68\/100|[from] drain|[of] p1a: Tauros\n|\n|-heal|p2a: Muk|74\/100|[from] item: Black Sludge\n|upkeep\n|turn|10\n|\n|t:|1698494551\n|switch|p1a: Noivern|Noivern, F|100\/100\n|-item|p2a: Muk|Black Sludge|[from] ability: Frisk|[of] p1a: Noivern|[identify]\n|move|p2a: Muk|Knock Off|p1a: Noivern\n|-damage|p1a: Noivern|27\/100\n|-enditem|p1a: Noivern|Throat Spray|[from] move: Knock Off|[of] p2a: Muk\n|\n|-heal|p2a: Muk|80\/100|[from] item: Black Sludge\n|upkeep\n|turn|11\n|\n|t:|1698494567\n|move|p1a: Noivern|Draco Meteor|p2a: Muk|[miss]\n|-miss|p1a: Noivern|p2a: Muk\n|move|p2a: Muk|Poison Jab|p1a: Noivern\n|-damage|p1a: Noivern|0 fnt\n|faint|p1a: Noivern\n|\n|-heal|p2a: Muk|86\/100|[from] item: Black Sludge\n|upkeep\n|\n|t:|1698494571\n|switch|p1a: Vikavolt|Vikavolt, F|100\/100\n|turn|12\n|\n|t:|1698494578\n|move|p1a: Vikavolt|Thunderbolt|p2a: Muk\n|-crit|p2a: Muk\n|-damage|p2a: Muk|0 fnt\n|faint|p2a: Muk\n|\n|upkeep\n|\n|t:|1698494583\n|switch|p2a: Landorus|Landorus, M, shiny|100\/100\n|turn|13\n|\n|t:|1698494588\n|switch|p1a: Tauros|Tauros, M|32\/100\n|-ability|p1a: Tauros|Intimidate|boost\n|-unboost|p2a: Landorus|atk|1\n|move|p2a: Landorus|Calm Mind|p2a: Landorus\n|-boost|p2a: Landorus|spa|1\n|-boost|p2a: Landorus|spd|1\n|\n|upkeep\n|turn|14\n|\n|t:|1698494599\n|move|p1a: Tauros|Double-Edge|p2a: Landorus\n|-damage|p2a: Landorus|32\/100\n|-damage|p1a: Tauros|7\/100|[from] Recoil\n|move|p2a: Landorus|Earth Power|p1a: Tauros\n|-damage|p1a: Tauros|0 fnt\n|faint|p1a: Tauros\n|\n|upkeep\n|\n|t:|1698494607\n|switch|p1a: Mewtwo|Mewtwo|100\/100\n|-ability|p1a: Mewtwo|Pressure\n|turn|15\n|\n|t:|1698494618\n|switch|p2a: Tyranitar|Tyranitar, F, shiny|100\/100\n|-weather|Sandstorm|[from] ability: Sand Stream|[of] p2a: Tyranitar\n|move|p1a: Mewtwo|Shadow Ball|p2a: Tyranitar\n|-resisted|p2a: Tyranitar\n|-damage|p2a: Tyranitar|92\/100\n|\n|-weather|Sandstorm|[upkeep]\n|-damage|p1a: Mewtwo|94\/100|[from] Sandstorm\n|upkeep\n|turn|16\n|\n|t:|1698494636\n|switch|p1a: Bronzong|Bronzong|82\/100\n|move|p2a: Tyranitar|Dragon Dance|p2a: Tyranitar\n|-boost|p2a: Tyranitar|atk|1\n|-boost|p2a: Tyranitar|spe|1\n|\n|-weather|Sandstorm|[upkeep]\n|-heal|p1a: Bronzong|88\/100|[from] item: Leftovers\n|upkeep\n|turn|17\n|\n|t:|1698494645\n|move|p2a: Tyranitar|Knock Off|p1a: Bronzong\n|-supereffective|p1a: Bronzong\n|-damage|p1a: Bronzong|0 fnt\n|-enditem|p1a: Bronzong|Leftovers|[from] move: Knock Off|[of] p2a: Tyranitar\n|faint|p1a: Bronzong\n|\n|-weather|Sandstorm|[upkeep]\n|upkeep\n|\n|t:|1698494647\n|switch|p1a: Vikavolt|Vikavolt, F|100\/100\n|turn|18\n|\n|t:|1698494656\n|move|p2a: Tyranitar|Knock Off|p1a: Vikavolt\n|-damage|p1a: Vikavolt|5\/100\n|-enditem|p1a: Vikavolt|Choice Specs|[from] move: Knock Off|[of] p2a: Tyranitar\n|move|p1a: Vikavolt|Bug Buzz|p2a: Tyranitar\n|-supereffective|p2a: Tyranitar\n|-damage|p2a: Tyranitar|29\/100\n|\n|-weather|Sandstorm|[upkeep]\n|-damage|p1a: Vikavolt|0 fnt|[from] Sandstorm\n|faint|p1a: Vikavolt\n|upkeep\n|\n|t:|1698494660\n|switch|p1a: Quaquaval|Quaquaval, M|100\/100\n|turn|19\n|\n|t:|1698494670\n|move|p1a: Quaquaval|Aqua Step|p2a: Tyranitar\n|-supereffective|p2a: Tyranitar\n|-damage|p2a: Tyranitar|0 fnt\n|-boost|p1a: Quaquaval|spe|1\n|faint|p2a: Tyranitar\n|-ability|p1a: Quaquaval|Moxie|boost\n|-boost|p1a: Quaquaval|atk|1\n|\n|-weather|none\n|upkeep\n|\n|t:|1698494677\n|switch|p2a: Breloom|Breloom, M, shiny|100\/100 tox\n|turn|20\n|\n|t:|1698494697\n|move|p1a: Quaquaval|Close Combat|p2a: Breloom\n|-damage|p2a: Breloom|23\/100 tox\n|-unboost|p1a: Quaquaval|def|1\n|-unboost|p1a: Quaquaval|spd|1\n|move|p2a: Breloom|Leech Seed|p1a: Quaquaval\n|-start|p1a: Quaquaval|move: Leech Seed\n|\n|-damage|p1a: Quaquaval|88\/100|[from] Leech Seed|[of] p2a: Breloom\n|-heal|p2a: Breloom|35\/100 tox|[silent]\n|-heal|p2a: Breloom|47\/100 tox|[from] ability: Poison Heal\n|upkeep\n|turn|21\n|\n|t:|1698494714\n|switch|p2a: Jirachi|Jirachi, tera:Fairy|43\/100\n|move|p1a: Quaquaval|Close Combat|p2a: Jirachi\n|-resisted|p2a: Jirachi\n|-crit|p2a: Jirachi\n|-damage|p2a: Jirachi|0 fnt\n|-unboost|p1a: Quaquaval|def|1\n|-unboost|p1a: Quaquaval|spd|1\n|faint|p2a: Jirachi\n|-ability|p1a: Quaquaval|Moxie|boost\n|-boost|p1a: Quaquaval|atk|1\n|\n|upkeep\n|\n|t:|1698494725\n|switch|p2a: Breloom|Breloom, M, shiny|47\/100 tox\n|turn|22\n|\n|t:|1698494730\n|move|p1a: Quaquaval|Close Combat|p2a: Breloom\n|-damage|p2a: Breloom|0 fnt\n|-unboost|p1a: Quaquaval|def|1\n|-unboost|p1a: Quaquaval|spd|1\n|faint|p2a: Breloom\n|-ability|p1a: Quaquaval|Moxie|boost\n|-boost|p1a: Quaquaval|atk|1\n|\n|upkeep\n|\n|t:|1698494737\n|switch|p2a: Landorus|Landorus, M, shiny|32\/100\n|turn|23\n|\n|t:|1698494741\n|move|p1a: Quaquaval|Aqua Step|p2a: Landorus\n|-supereffective|p2a: Landorus\n|-damage|p2a: Landorus|0 fnt\n|-boost|p1a: Quaquaval|spe|1\n|faint|p2a: Landorus\n|\n|win|Kevko92\n|c|\u2606Kevko92|Gg\n","uploadtime":1698494747,"views":22,"p1id":"kevko92","p2id":"dave1200","formatid":"gen9ubers","rating":0,"private":0,"password":""}