{"id":"gen9ubers-1990054465","p1":"SDK04","p2":"DreepySlaver","format":"[Gen 9] Ubers","log":"|j|\u2606SDK04\n|j|\u2606DreepySlaver\n|t:|1699919620\n|gametype|singles\n|player|p1|SDK04|unknown|1240\n|player|p2|DreepySlaver|pryce|1200\n|teamsize|p1|6\n|teamsize|p2|6\n|gen|9\n|tier|[Gen 9] Ubers\n|rated|\n|rule|Sleep Clause Mod: Limit one foe put to sleep\n|rule|Species Clause: Limit one of each Pok\u00e9mon\n|rule|OHKO Clause: OHKO moves are banned\n|rule|Evasion Items Clause: Evasion items are banned\n|rule|Evasion Moves Clause: Evasion moves are banned\n|rule|Endless Battle Clause: Forcing endless battles is banned\n|rule|HP Percentage Mod: HP is shown in percentages\n|clearpoke\n|poke|p1|Grimmsnarl, M|\n|poke|p1|Miraidon|\n|poke|p1|Koraidon|\n|poke|p1|Zacian-*|\n|poke|p1|Iron Treads|\n|poke|p1|Gliscor, F|\n|poke|p2|Kyogre|\n|poke|p2|Koraidon|\n|poke|p2|Zacian-*|\n|poke|p2|Mewtwo|\n|poke|p2|Regieleki|\n|poke|p2|Flutter Mane|\n|teampreview\n|inactive|Battle timer is ON: inactive players will automatically lose when time's up. (requested by SDK04)\n|\n|t:|1699919627\n|start\n|switch|p1a: Scary Monsters|Grimmsnarl, M|100\/100\n|switch|p2a: Regieleki|Regieleki|100\/100\n|turn|1\n|\n|t:|1699919632\n|move|p1a: Scary Monsters|Light Screen|p1a: Scary Monsters\n|-sidestart|p1: SDK04|move: Light Screen\n|move|p2a: Regieleki|Light Screen|p2a: Regieleki\n|-sidestart|p2: DreepySlaver|move: Light Screen\n|\n|upkeep\n|turn|2\n|\n|t:|1699919635\n|move|p1a: Scary Monsters|Reflect|p1a: Scary Monsters\n|-sidestart|p1: SDK04|Reflect\n|move|p2a: Regieleki|Reflect|p2a: Regieleki\n|-sidestart|p2: DreepySlaver|Reflect\n|\n|upkeep\n|turn|3\n|\n|t:|1699919642\n|switch|p2a: Kyogre|Kyogre|100\/100\n|-weather|RainDance|[from] ability: Drizzle|[of] p2a: Kyogre\n|move|p1a: Scary Monsters|Parting Shot|p2a: Kyogre\n|-unboost|p2a: Kyogre|atk|1\n|-unboost|p2a: Kyogre|spa|1\n|\n|t:|1699919648\n|switch|p1a: Nice Sprites|Miraidon|100\/100|[from] Parting Shot\n|-fieldstart|move: Electric Terrain|[from] ability: Hadron Engine|[of] p1a: Nice Sprites\n|\n|-weather|RainDance|[upkeep]\n|upkeep\n|turn|4\n|\n|t:|1699919656\n|switch|p2a: Mewtwo|Mewtwo|100\/100\n|-ability|p2a: Mewtwo|Pressure\n|move|p1a: Nice Sprites|Agility|p1a: Nice Sprites\n|-boost|p1a: Nice Sprites|spe|2\n|\n|-weather|RainDance|[upkeep]\n|upkeep\n|turn|5\n|\n|t:|1699919665\n|move|p1a: Nice Sprites|Calm Mind|p1a: Nice Sprites\n|-boost|p1a: Nice Sprites|spa|1\n|-boost|p1a: Nice Sprites|spd|1\n|move|p2a: Mewtwo|Taunt|p1a: Nice Sprites\n|-start|p1a: Nice Sprites|move: Taunt\n|\n|-weather|RainDance|[upkeep]\n|upkeep\n|turn|6\n|\n|t:|1699919674\n|move|p1a: Nice Sprites|Parabolic Charge|p2a: Mewtwo\n|-damage|p2a: Mewtwo|59\/100\n|move|p2a: Mewtwo|Psystrike|p1a: Nice Sprites\n|-damage|p1a: Nice Sprites|80\/100\n|\n|-weather|RainDance|[upkeep]\n|-heal|p1a: Nice Sprites|86\/100|[from] item: Leftovers\n|-heal|p2a: Mewtwo|66\/100|[from] item: Leftovers\n|upkeep\n|turn|7\n|\n|t:|1699919683\n|move|p1a: Nice Sprites|Parabolic Charge|p2a: Mewtwo\n|-damage|p2a: Mewtwo|20\/100\n|-heal|p1a: Nice Sprites|100\/100|[from] drain|[of] p2a: Mewtwo\n|move|p2a: Mewtwo|Will-O-Wisp|p1a: Nice Sprites|[miss]\n|-miss|p2a: Mewtwo|p1a: Nice Sprites\n|\n|-weather|none\n|-heal|p2a: Mewtwo|26\/100|[from] item: Leftovers\n|-fieldend|move: Electric Terrain\n|upkeep\n|turn|8\n|\n|t:|1699919692\n|move|p1a: Nice Sprites|Parabolic Charge|p2a: Mewtwo\n|-damage|p2a: Mewtwo|1\/100\n|move|p2a: Mewtwo|Psystrike|p1a: Nice Sprites\n|-damage|p1a: Nice Sprites|80\/100\n|\n|-heal|p1a: Nice Sprites|87\/100|[from] item: Leftovers\n|-heal|p2a: Mewtwo|7\/100|[from] item: Leftovers\n|-end|p1a: Nice Sprites|move: Taunt\n|-sideend|p1: SDK04|move: Light Screen\n|-sideend|p2: DreepySlaver|move: Light Screen\n|upkeep\n|turn|9\n|\n|t:|1699919702\n|move|p1a: Nice Sprites|Calm Mind|p1a: Nice Sprites\n|-boost|p1a: Nice Sprites|spa|1\n|-boost|p1a: Nice Sprites|spd|1\n|move|p2a: Mewtwo|Taunt|p1a: Nice Sprites\n|-start|p1a: Nice Sprites|move: Taunt\n|\n|-heal|p1a: Nice Sprites|93\/100|[from] item: Leftovers\n|-heal|p2a: Mewtwo|13\/100|[from] item: Leftovers\n|-sideend|p1: SDK04|Reflect\n|-sideend|p2: DreepySlaver|Reflect\n|upkeep\n|turn|10\n|\n|t:|1699919712\n|move|p1a: Nice Sprites|Parabolic Charge|p2a: Mewtwo\n|-damage|p2a: Mewtwo|0 fnt\n|-heal|p1a: Nice Sprites|99\/100|[from] drain|[of] p2a: Mewtwo\n|faint|p2a: Mewtwo\n|\n|-heal|p1a: Nice Sprites|100\/100|[from] item: Leftovers\n|upkeep\n|\n|t:|1699919721\n|switch|p2a: Zacian|Zacian-Crowned|100\/100\n|-ability|p2a: Zacian|Intrepid Sword|boost\n|-boost|p2a: Zacian|atk|1\n|turn|11\n|\n|t:|1699919727\n|-terastallize|p1a: Nice Sprites|Fairy\n|move|p1a: Nice Sprites|Parabolic Charge|p2a: Zacian\n|-damage|p2a: Zacian|24\/100\n|move|p2a: Zacian|Play Rough|p1a: Nice Sprites\n|-damage|p1a: Nice Sprites|37\/100\n|\n|-heal|p1a: Nice Sprites|43\/100|[from] item: Leftovers\n|upkeep\n|turn|12\n|\n|t:|1699919737\n|move|p1a: Nice Sprites|Parabolic Charge|p2a: Zacian\n|-damage|p2a: Zacian|0 fnt\n|-heal|p1a: Nice Sprites|53\/100|[from] drain|[of] p2a: Zacian\n|faint|p2a: Zacian\n|\n|-heal|p1a: Nice Sprites|59\/100|[from] item: Leftovers\n|-end|p1a: Nice Sprites|move: Taunt\n|upkeep\n|\n|t:|1699919745\n|switch|p2a: Koraidon|Koraidon|100\/100\n|-weather|SunnyDay|[from] ability: Orichalcum Pulse|[of] p2a: Koraidon\n|-activate|p2a: Koraidon|Orichalcum Pulse|[source]\n|turn|13\n|\n|t:|1699919752\n|-terastallize|p2a: Koraidon|Fire\n|move|p1a: Nice Sprites|Dragon Pulse|p2a: Koraidon\n|-damage|p2a: Koraidon|0 fnt\n|faint|p2a: Koraidon\n|\n|-weather|SunnyDay|[upkeep]\n|-heal|p1a: Nice Sprites|65\/100|[from] item: Leftovers\n|upkeep\n|-message|DreepySlaver forfeited.\n|\n|win|SDK04\n|raw|SDK04's rating: 1240 &rarr; <strong>1262<\/strong><br \/>(+22 for winning)\n|raw|DreepySlaver's rating: 1200 &rarr; <strong>1178<\/strong><br \/>(-22 for losing)\n|l|\u2606DreepySlaver\n","uploadtime":1699919762,"views":8,"p1id":"sdk04","p2id":"dreepyslaver","formatid":"gen9ubers","rating":1178,"private":0,"password":""}