{"id":"gen9ubers-1968784365","p1":"RoyalReloaded","p2":"Cyril Tbh","format":"[Gen 9] Ubers","log":"|j|\u2606RoyalReloaded\n|j|\u2606Cyril Tbh\n|inactive|Battle timer is ON: inactive players will automatically lose when time's up.\n|t:|1697464448\n|gametype|singles\n|player|p1|RoyalReloaded|#mplixhonchkrows|\n|player|p2|Cyril Tbh|alec-anime|\n|teamsize|p1|6\n|teamsize|p2|6\n|gen|9\n|tier|[Gen 9] Ubers\n|rated|Tournament battle\n|rule|Sleep Clause Mod: Limit one foe put to sleep\n|rule|Species Clause: Limit one of each Pok\u00e9mon\n|rule|OHKO Clause: OHKO moves are banned\n|rule|Evasion Items Clause: Evasion items are banned\n|rule|Evasion Moves Clause: Evasion moves are banned\n|rule|Endless Battle Clause: Forcing endless battles is banned\n|rule|HP Percentage Mod: HP is shown in percentages\n|clearpoke\n|poke|p1|Ribombee, F|\n|poke|p1|Arceus|\n|poke|p1|Zacian-*|\n|poke|p1|Eternatus|\n|poke|p1|Miraidon|\n|poke|p1|Koraidon|\n|poke|p2|Grimmsnarl, M|\n|poke|p2|Arceus|\n|poke|p2|Calyrex-Ice|\n|poke|p2|Eternatus|\n|poke|p2|Koraidon|\n|poke|p2|Miraidon|\n|teampreview\n|j|*Lady Monita \u263d\n|c|\u2606RoyalReloaded|have fun\n|c|\u2606Cyril Tbh|webs...\n|c|\u2606Cyril Tbh|glhf\n|j|@BlackKnight_Gawain@!\n|\n|t:|1697464461\n|start\n|switch|p1a: Arceus|Arceus|100\/100\n|switch|p2a: strange brew|Eternatus|100\/100\n|-ability|p2a: strange brew|Pressure\n|turn|1\n|\n|t:|1697464466\n|move|p2a: strange brew|Draco Meteor|p1a: Arceus\n|-damage|p1a: Arceus|38\/100\n|-unboost|p2a: strange brew|spa|2\n|-enditem|p2a: strange brew|Eject Pack\n|j| Qilbyy\n|\n|t:|1697464473\n|switch|p2a: penguin|Koraidon|100\/100\n|-weather|SunnyDay|[from] ability: Orichalcum Pulse|[of] p2a: penguin\n|-activate|p2a: penguin|Orichalcum Pulse|[source]\n|move|p1a: Arceus|Swords Dance|p1a: Arceus\n|-boost|p1a: Arceus|atk|2\n|\n|-weather|SunnyDay|[upkeep]\n|upkeep\n|turn|2\n|\n|t:|1697464479\n|move|p1a: Arceus|Extreme Speed|p2a: penguin\n|-damage|p2a: penguin|9\/100\n|move|p2a: penguin|Scale Shot|p1a: Arceus\n|-damage|p1a: Arceus|24\/100\n|-damage|p1a: Arceus|11\/100\n|-damage|p1a: Arceus|0 fnt\n|faint|p1a: Arceus\n|-hitcount|p1: Arceus|3\n|-unboost|p2a: penguin|def|1\n|-boost|p2a: penguin|spe|1\n|\n|-weather|SunnyDay|[upkeep]\n|upkeep\n|\n|t:|1697464498\n|switch|p1a: Ribombee|Ribombee, F|100\/100\n|turn|3\n|\n|t:|1697464501\n|move|p2a: penguin|Flare Blitz|p1a: Ribombee\n|-supereffective|p1a: Ribombee\n|-enditem|p1a: Ribombee|Focus Sash\n|-damage|p1a: Ribombee|1\/100\n|-damage|p2a: penguin|0 fnt|[from] Recoil\n|faint|p2a: penguin\n|move|p1a: Ribombee|Moonblast|p2: penguin|[notarget]\n|-fail|p1a: Ribombee\n|\n|-weather|SunnyDay|[upkeep]\n|upkeep\n|\n|t:|1697464511\n|switch|p2a: hex omega|Arceus|100\/100\n|turn|4\n|c|\u2606Cyril Tbh|I love this cook\n|c|\u2606Cyril Tbh|I think its a seroo original\n|\n|t:|1697464540\n|switch|p1a: Koraidon|Koraidon|100\/100\n|-activate|p1a: Koraidon|ability: Orichalcum Pulse\n|move|p2a: hex omega|Swords Dance|p2a: hex omega\n|-boost|p2a: hex omega|atk|2\n|\n|-weather|SunnyDay|[upkeep]\n|upkeep\n|turn|5\n|\n|t:|1697464555\n|-terastallize|p2a: hex omega|Ghost\n|move|p1a: Koraidon|Scale Shot|p2a: hex omega\n|-damage|p2a: hex omega|89\/100\n|-damage|p2a: hex omega|77\/100\n|-damage|p2a: hex omega|65\/100\n|-damage|p2a: hex omega|52\/100\n|-hitcount|p2a: hex omega|4\n|-unboost|p1a: Koraidon|def|1\n|-boost|p1a: Koraidon|spe|1\n|move|p2a: hex omega|Swords Dance|p2a: hex omega\n|-boost|p2a: hex omega|atk|2\n|\n|-weather|none\n|upkeep\n|turn|6\n|\n|t:|1697464577\n|move|p2a: hex omega|Extreme Speed|p1a: Koraidon\n|-damage|p1a: Koraidon|0 fnt\n|faint|p1a: Koraidon\n|\n|upkeep\n|\n|t:|1697464578\n|switch|p1a: Zacian|Zacian-Crowned|100\/100\n|-ability|p1a: Zacian|Intrepid Sword|boost\n|-boost|p1a: Zacian|atk|1\n|turn|7\n|\n|t:|1697464592\n|move|p1a: Zacian|Behemoth Blade|p2a: hex omega\n|-damage|p2a: hex omega|0 fnt\n|faint|p2a: hex omega\n|\n|upkeep\n|c|\u2606Cyril Tbh|If I lived I was clicking flare blitz lmaoo\n|\n|t:|1697464612\n|switch|p2a: faith in others|Grimmsnarl, M|100\/100\n|turn|8\n|\n|t:|1697464630\n|move|p2a: faith in others|Reflect|p2a: faith in others\n|-sidestart|p2: Cyril Tbh|Reflect\n|move|p1a: Zacian|Substitute|p1a: Zacian\n|-start|p1a: Zacian|Substitute\n|-damage|p1a: Zacian|76\/100\n|\n|upkeep\n|turn|9\n|l| Qilbyy\n|\n|t:|1697464638\n|move|p2a: faith in others|Parting Shot|p1a: Zacian\n|-unboost|p1a: Zacian|atk|1\n|-unboost|p1a: Zacian|spa|1\n|j|%seroo\n|\n|t:|1697464646\n|switch|p2a: strange brew|Eternatus|100\/100|[from] Parting Shot\n|-ability|p2a: strange brew|Pressure\n|move|p1a: Zacian|Swords Dance|p1a: Zacian\n|-boost|p1a: Zacian|atk|2\n|\n|upkeep\n|turn|10\n|c|\u2606Cyril Tbh|uh oh\n|\n|t:|1697464657\n|move|p1a: Zacian|Substitute|p1a: Zacian\n|-fail|p1a: Zacian|move: Substitute\n|move|p2a: strange brew|Fire Blast|p1a: Zacian\n|-supereffective|p1a: Zacian\n|-end|p1a: Zacian|Substitute\n|\n|upkeep\n|turn|11\n|c|\u2606Cyril Tbh|I think I fucked up\n|c|\u2606RoyalReloaded|oops\\\n|\n|t:|1697464669\n|move|p1a: Zacian|Play Rough|p2a: strange brew\n|-damage|p2a: strange brew|56\/100\n|-unboost|p2a: strange brew|atk|1\n|move|p2a: strange brew|Fire Blast|p1a: Zacian\n|-supereffective|p1a: Zacian\n|-damage|p1a: Zacian|0 fnt\n|faint|p1a: Zacian\n|\n|upkeep\n|c|\u2606Cyril Tbh|mb...\n|\n|t:|1697464690\n|switch|p1a: Miraidon|Miraidon|100\/100\n|-fieldstart|move: Electric Terrain|[from] ability: Hadron Engine|[of] p1a: Miraidon\n|turn|12\n|\n|t:|1697464698\n|move|p1a: Miraidon|Draco Meteor|p2a: strange brew\n|-supereffective|p2a: strange brew\n|-damage|p2a: strange brew|0 fnt\n|-unboost|p1a: Miraidon|spa|2\n|faint|p2a: strange brew\n|-damage|p1a: Miraidon|91\/100|[from] item: Life Orb\n|\n|upkeep\n|\n|t:|1697464704\n|switch|p2a: the riddler|Calyrex-Ice|100\/100\n|-ability|p2a: the riddler|As One\n|-ability|p2a: the riddler|Unnerve\n|turn|13\n|\n|t:|1697464714\n|switch|p1a: Ribombee|Ribombee, F|1\/100\n|move|p2a: the riddler|Glacial Lance|p1a: Ribombee\n|-damage|p1a: Ribombee|0 fnt\n|faint|p1a: Ribombee\n|-ability|p2a: the riddler|Chilling Neigh|boost\n|-boost|p2a: the riddler|atk|1\n|\n|upkeep\n|\n|t:|1697464716\n|switch|p1a: Eternatus|Eternatus, shiny|100\/100\n|-ability|p1a: Eternatus|Pressure\n|turn|14\n|\n|t:|1697464722\n|move|p1a: Eternatus|Fire Blast|p2a: the riddler\n|-supereffective|p2a: the riddler\n|-damage|p2a: the riddler|23\/100\n|-damage|p1a: Eternatus|91\/100|[from] item: Life Orb\n|move|p2a: the riddler|Glacial Lance|p1a: Eternatus\n|-supereffective|p1a: Eternatus\n|-damage|p1a: Eternatus|0 fnt\n|faint|p1a: Eternatus\n|-ability|p2a: the riddler|Chilling Neigh|boost\n|-boost|p2a: the riddler|atk|1\n|\n|upkeep\n|\n|t:|1697464725\n|switch|p1a: Miraidon|Miraidon|91\/100\n|-activate|p1a: Miraidon|ability: Hadron Engine\n|turn|15\n|\n|t:|1697464729\n|move|p1a: Miraidon|Electro Drift|p2a: the riddler\n|-damage|p2a: the riddler|0 fnt\n|faint|p2a: the riddler\n|-damage|p1a: Miraidon|81\/100|[from] item: Life Orb\n|\n|-sideend|p2: Cyril Tbh|Reflect\n|upkeep\n|\n|t:|1697464731\n|switch|p2a: faith in others|Grimmsnarl, M|100\/100\n|turn|16\n|\n|t:|1697464733\n|move|p2a: faith in others|Light Screen|p2a: faith in others\n|-sidestart|p2: Cyril Tbh|move: Light Screen\n|move|p1a: Miraidon|Calm Mind|p1a: Miraidon\n|-boost|p1a: Miraidon|spa|1\n|-boost|p1a: Miraidon|spd|1\n|\n|-fieldend|move: Electric Terrain\n|upkeep\n|turn|17\n|\n|t:|1697464739\n|move|p1a: Miraidon|Electro Drift|p2a: faith in others\n|-damage|p2a: faith in others|61\/100\n|-damage|p1a: Miraidon|71\/100|[from] item: Life Orb\n|move|p2a: faith in others|Spirit Break|p1a: Miraidon\n|-supereffective|p1a: Miraidon\n|-damage|p1a: Miraidon|12\/100\n|-unboost|p1a: Miraidon|spa|1\n|\n|upkeep\n|turn|18\n|\n|t:|1697464743\n|move|p1a: Miraidon|Electro Drift|p2a: faith in others\n|-damage|p2a: faith in others|36\/100\n|-damage|p1a: Miraidon|2\/100|[from] item: Life Orb\n|move|p2a: faith in others|Spirit Break|p1a: Miraidon\n|-supereffective|p1a: Miraidon\n|-damage|p1a: Miraidon|0 fnt\n|faint|p1a: Miraidon\n|\n|win|Cyril Tbh\n|n|\u2606RoyalReloaded|royalreloaded\n|n|\u2606Cyril Tbh|cyriltbh\n|n|*Lady Monita \u263d|ladymonita\n|n| BlackKnight_Gawain@!|blackknightgawain\n|n| seroo|seroo\n|l|*Lady Monita \u263d\n|c|\u2606RoyalReloaded|gg\n|c|\u2606Cyril Tbh|gg\n|l|\u2606RoyalReloaded\n|l|\u2606Cyril Tbh\n|l| seroo\n|l| BlackKnight_Gawain\n|j| BlackKnight_Gawain@!\n","uploadtime":1697464831,"views":8,"p1id":"royalreloaded","p2id":"cyriltbh","formatid":"gen9ubers","rating":0,"private":0,"password":""}