{"id":"gen9ubers-1970522664","p1":"eavo","p2":"SKron","format":"[Gen 9] Ubers","log":"|j|\u2606eavo\n|j|\u2606SKron\n|t:|1697645532\n|gametype|singles\n|player|p1|eavo|erika-gen2|1419\n|player|p2|SKron|102|1447\n|teamsize|p1|6\n|teamsize|p2|6\n|gen|9\n|tier|[Gen 9] Ubers\n|rated|\n|rule|Sleep Clause Mod: Limit one foe put to sleep\n|rule|Species Clause: Limit one of each Pok\u00e9mon\n|rule|OHKO Clause: OHKO moves are banned\n|rule|Evasion Items Clause: Evasion items are banned\n|rule|Evasion Moves Clause: Evasion moves are banned\n|rule|Endless Battle Clause: Forcing endless battles is banned\n|rule|HP Percentage Mod: HP is shown in percentages\n|clearpoke\n|poke|p1|Zacian-*|\n|poke|p1|Ribombee, M|\n|poke|p1|Miraidon|\n|poke|p1|Koraidon|\n|poke|p1|Flutter Mane|\n|poke|p1|Arceus-Ground|\n|poke|p2|Iron Bundle|\n|poke|p2|Flutter Mane|\n|poke|p2|Koraidon|\n|poke|p2|Iron Treads|\n|poke|p2|Groudon|\n|poke|p2|Giratina-Origin|\n|teampreview\n|inactive|Battle timer is ON: inactive players will automatically lose when time's up. (requested by eavo)\n|\n|t:|1697645535\n|start\n|switch|p1a: Ribombee|Ribombee, M|100\/100\n|switch|p2a: Iron Treads|Iron Treads|100\/100\n|turn|1\n|\n|t:|1697645539\n|move|p1a: Ribombee|Stun Spore|p2a: Iron Treads\n|-status|p2a: Iron Treads|par\n|move|p2a: Iron Treads|Rapid Spin|p1a: Ribombee\n|-damage|p1a: Ribombee|77\/100\n|-boost|p2a: Iron Treads|spe|1\n|\n|upkeep\n|turn|2\n|\n|t:|1697645546\n|switch|p1a: Arceus|Arceus-Ground|100\/100\n|move|p2a: Iron Treads|Rapid Spin|p1a: Arceus\n|-damage|p1a: Arceus|92\/100\n|-boost|p2a: Iron Treads|spe|1\n|\n|upkeep\n|turn|3\n|\n|t:|1697645558\n|-end|p2a: Iron Treads|Quark Drive|[silent]\n|switch|p2a: Giratina|Giratina-Origin|100\/100\n|move|p1a: Arceus|Swords Dance|p1a: Arceus\n|-boost|p1a: Arceus|atk|2\n|\n|upkeep\n|turn|4\n|\n|t:|1697645565\n|move|p1a: Arceus|Taunt|p2a: Giratina\n|-start|p2a: Giratina|move: Taunt\n|move|p2a: Giratina|Poltergeist|p1a: Arceus\n|-activate|p1a: Arceus|move: Poltergeist|Earth Plate\n|-damage|p1a: Arceus|46\/100\n|\n|upkeep\n|turn|5\n|\n|t:|1697645577\n|-terastallize|p2a: Giratina|Steel\n|move|p1a: Arceus|Shadow Claw|p2a: Giratina\n|-damage|p2a: Giratina|65\/100\n|move|p2a: Giratina|Poltergeist|p1a: Arceus\n|-activate|p1a: Arceus|move: Poltergeist|Earth Plate\n|-damage|p1a: Arceus|0 fnt\n|faint|p1a: Arceus\n|\n|upkeep\n|\n|t:|1697645583\n|switch|p1a: Ribombee|Ribombee, M|77\/100\n|turn|6\n|\n|t:|1697645589\n|move|p1a: Ribombee|Sticky Web|p2a: Giratina\n|-sidestart|p2: SKron|move: Sticky Web\n|move|p2a: Giratina|Poltergeist|p1a: Ribombee|[miss]\n|-miss|p2a: Giratina|p1a: Ribombee\n|\n|-end|p2a: Giratina|move: Taunt\n|upkeep\n|turn|7\n|\n|t:|1697645594\n|switch|p2a: Iron Treads|Iron Treads|100\/100 par\n|-activate|p2a: Iron Treads|move: Sticky Web\n|-unboost|p2a: Iron Treads|spe|1\n|move|p1a: Ribombee|Stun Spore|p2a: Iron Treads\n|-fail|p2a: Iron Treads|par\n|\n|upkeep\n|turn|8\n|\n|t:|1697645597\n|switch|p1a: Flutter Mane|Flutter Mane|100\/100\n|cant|p2a: Iron Treads|par\n|\n|upkeep\n|turn|9\n|\n|t:|1697645600\n|move|p1a: Flutter Mane|Substitute|p1a: Flutter Mane\n|-start|p1a: Flutter Mane|Substitute\n|-damage|p1a: Flutter Mane|76\/100\n|cant|p2a: Iron Treads|par\n|\n|upkeep\n|turn|10\n|\n|t:|1697645605\n|move|p1a: Flutter Mane|Shadow Ball|p2a: Iron Treads\n|-damage|p2a: Iron Treads|70\/100 par\n|-damage|p1a: Flutter Mane|66\/100|[from] item: Life Orb\n|move|p2a: Iron Treads|Earthquake|p1a: Flutter Mane\n|-end|p1a: Flutter Mane|Substitute\n|\n|upkeep\n|turn|11\n|c|\u2606SKron|Broooo\n|\n|t:|1697645609\n|move|p1a: Flutter Mane|Substitute|p1a: Flutter Mane\n|-start|p1a: Flutter Mane|Substitute\n|-damage|p1a: Flutter Mane|41\/100\n|move|p2a: Iron Treads|Earthquake|p1a: Flutter Mane\n|-end|p1a: Flutter Mane|Substitute\n|\n|upkeep\n|turn|12\n|j| ZowwyCafe\u2764\n|\n|t:|1697645613\n|move|p1a: Flutter Mane|Substitute|p1a: Flutter Mane\n|-start|p1a: Flutter Mane|Substitute\n|-damage|p1a: Flutter Mane|16\/100\n|move|p2a: Iron Treads|Earthquake|p1a: Flutter Mane\n|-end|p1a: Flutter Mane|Substitute\n|\n|upkeep\n|turn|13\n|\n|t:|1697645618\n|move|p1a: Flutter Mane|Pain Split|p2a: Iron Treads\n|-sethp|p2a: Iron Treads|40\/100 par|[from] move: Pain Split|[silent]\n|-sethp|p1a: Flutter Mane|61\/100|[from] move: Pain Split\n|move|p2a: Iron Treads|Earthquake|p1a: Flutter Mane\n|-damage|p1a: Flutter Mane|0 fnt\n|faint|p1a: Flutter Mane\n|-end|p1a: Flutter Mane|Protosynthesis|[silent]\n|\n|upkeep\n|\n|t:|1697645628\n|switch|p1a: Koraidon|Koraidon|100\/100\n|-weather|SunnyDay|[from] ability: Orichalcum Pulse|[of] p1a: Koraidon\n|-activate|p1a: Koraidon|Orichalcum Pulse|[source]\n|turn|14\n|\n|t:|1697645634\n|-end|p2a: Iron Treads|Quark Drive|[silent]\n|switch|p2a: Groudon|Groudon|100\/100\n|-activate|p2a: Groudon|move: Sticky Web\n|-unboost|p2a: Groudon|spe|1\n|-terastallize|p1a: Koraidon|Ghost\n|move|p1a: Koraidon|Swords Dance|p1a: Koraidon\n|-boost|p1a: Koraidon|atk|2\n|\n|-weather|SunnyDay|[upkeep]\n|upkeep\n|turn|15\n|\n|t:|1697645639\n|move|p1a: Koraidon|Scale Shot|p2a: Groudon|[miss]\n|-miss|p1a: Koraidon|p2a: Groudon\n|move|p2a: Groudon|Will-O-Wisp|p1a: Koraidon\n|-status|p1a: Koraidon|brn\n|\n|-weather|SunnyDay|[upkeep]\n|-damage|p1a: Koraidon|94\/100 brn|[from] brn\n|upkeep\n|turn|16\n|n|!eavo|eavo\n|\n|t:|1697645647\n|move|p1a: Koraidon|Swords Dance|p1a: Koraidon\n|-boost|p1a: Koraidon|atk|2\n|move|p2a: Groudon|Heat Crash|p1a: Koraidon\n|-damage|p1a: Koraidon|60\/100 brn\n|\n|-weather|SunnyDay|[upkeep]\n|-damage|p1a: Koraidon|54\/100 brn|[from] brn\n|upkeep\n|turn|17\n|\n|t:|1697645655\n|move|p1a: Koraidon|Scale Shot|p2a: Groudon\n|-damage|p2a: Groudon|86\/100\n|-damage|p2a: Groudon|73\/100\n|-damage|p2a: Groudon|58\/100\n|-damage|p2a: Groudon|43\/100\n|-damage|p2a: Groudon|29\/100\n|-hitcount|p2a: Groudon|5\n|-unboost|p1a: Koraidon|def|1\n|-boost|p1a: Koraidon|spe|1\n|move|p2a: Groudon|Earthquake|p1a: Koraidon\n|-damage|p1a: Koraidon|0 fnt\n|faint|p1a: Koraidon\n|\n|-weather|SunnyDay|[upkeep]\n|upkeep\n|\n|t:|1697645661\n|switch|p1a: Zacian|Zacian-Crowned|100\/100\n|-ability|p1a: Zacian|Intrepid Sword|boost\n|-boost|p1a: Zacian|atk|1\n|turn|18\n|\n|t:|1697645666\n|move|p1a: Zacian|Behemoth Blade|p2a: Groudon\n|-damage|p2a: Groudon|0 fnt\n|-damage|p1a: Zacian|84\/100|[from] item: Rocky Helmet|[of] p2a: Groudon\n|faint|p2a: Groudon\n|\n|-weather|none\n|upkeep\n|\n|t:|1697645684\n|switch|p2a: Iron Bundle|Iron Bundle|100\/100\n|-activate|p2a: Iron Bundle|move: Sticky Web\n|-unboost|p2a: Iron Bundle|spe|1\n|turn|19\n|\n|t:|1697645695\n|move|p2a: Iron Bundle|Hydro Pump|p1a: Zacian\n|-damage|p1a: Zacian|37\/100\n|move|p1a: Zacian|Swords Dance|p1a: Zacian\n|-boost|p1a: Zacian|atk|2\n|\n|upkeep\n|turn|20\n|\n|t:|1697645698\n|move|p2a: Iron Bundle|Hydro Pump|p1a: Zacian|[miss]\n|-miss|p2a: Iron Bundle|p1a: Zacian\n|move|p1a: Zacian|Behemoth Blade|p2a: Iron Bundle\n|-damage|p2a: Iron Bundle|0 fnt\n|faint|p2a: Iron Bundle\n|-end|p2a: Iron Bundle|Quark Drive|[silent]\n|\n|upkeep\n|\n|t:|1697645703\n|switch|p2a: Koraidon|Koraidon|100\/100\n|-activate|p2a: Koraidon|move: Sticky Web\n|-unboost|p2a: Koraidon|spe|1\n|-weather|SunnyDay|[from] ability: Orichalcum Pulse|[of] p2a: Koraidon\n|-activate|p2a: Koraidon|Orichalcum Pulse|[source]\n|turn|21\n|\n|t:|1697645711\n|move|p2a: Koraidon|Close Combat|p1a: Zacian\n|-damage|p1a: Zacian|0 fnt\n|-unboost|p2a: Koraidon|def|1\n|-unboost|p2a: Koraidon|spd|1\n|faint|p1a: Zacian\n|\n|-weather|SunnyDay|[upkeep]\n|upkeep\n|\n|t:|1697645713\n|switch|p1a: Ribombee|Ribombee, M|77\/100\n|turn|22\n|\n|t:|1697645720\n|move|p2a: Koraidon|Close Combat|p1a: Ribombee\n|-resisted|p1a: Ribombee\n|-damage|p1a: Ribombee|36\/100\n|-unboost|p2a: Koraidon|def|1\n|-unboost|p2a: Koraidon|spd|1\n|move|p1a: Ribombee|Moonblast|p2a: Koraidon\n|-supereffective|p2a: Koraidon\n|-damage|p2a: Koraidon|0 fnt\n|faint|p2a: Koraidon\n|\n|-weather|SunnyDay|[upkeep]\n|upkeep\n|\n|t:|1697645724\n|switch|p2a: Iron Treads|Iron Treads|40\/100 par\n|-activate|p2a: Iron Treads|move: Sticky Web\n|-unboost|p2a: Iron Treads|spe|1\n|turn|23\n|\n|t:|1697645727\n|move|p1a: Ribombee|Tailwind|p1a: Ribombee\n|-sidestart|p1: eavo|move: Tailwind\n|move|p2a: Iron Treads|Rapid Spin|p1a: Ribombee\n|-damage|p1a: Ribombee|10\/100\n|-boost|p2a: Iron Treads|spe|1\n|-sideend|p2: SKron|Sticky Web|[from] move: Rapid Spin|[of] p2a: Iron Treads\n|\n|-weather|SunnyDay|[upkeep]\n|upkeep\n|turn|24\n|\n|t:|1697645732\n|move|p1a: Ribombee|Moonblast|p2a: Iron Treads\n|-resisted|p2a: Iron Treads\n|-crit|p2a: Iron Treads\n|-damage|p2a: Iron Treads|24\/100 par\n|move|p2a: Iron Treads|Rapid Spin|p1a: Ribombee\n|-damage|p1a: Ribombee|0 fnt\n|-boost|p2a: Iron Treads|spe|1\n|faint|p1a: Ribombee\n|\n|-weather|SunnyDay|[upkeep]\n|upkeep\n|\n|t:|1697645734\n|switch|p1a: Miraidon|Miraidon|100\/100\n|-fieldstart|move: Electric Terrain|[from] ability: Hadron Engine|[of] p1a: Miraidon\n|-activate|p2a: Iron Treads|ability: Quark Drive\n|-start|p2a: Iron Treads|quarkdrivespe\n|turn|25\n|\n|t:|1697645740\n|move|p1a: Miraidon|Calm Mind|p1a: Miraidon\n|-boost|p1a: Miraidon|spa|1\n|-boost|p1a: Miraidon|spd|1\n|cant|p2a: Iron Treads|par\n|\n|-weather|none\n|upkeep\n|turn|26\n|\n|t:|1697645747\n|move|p1a: Miraidon|Dragon Pulse|p2a: Iron Treads\n|-resisted|p2a: Iron Treads\n|-damage|p2a: Iron Treads|0 fnt\n|faint|p2a: Iron Treads\n|-end|p2a: Iron Treads|Quark Drive|[silent]\n|-damage|p1a: Miraidon|91\/100|[from] item: Life Orb\n|\n|-sideend|p1: eavo|move: Tailwind\n|upkeep\n|c|\u2606SKron|Bruv\n|inactive|SKron has 120 seconds left.\n|c|\u2606SKron|Most valuable para ever\n|\n|t:|1697645780\n|switch|p2a: Flutter Mane|Flutter Mane|100\/100\n|turn|27\n|\n|t:|1697645785\n|move|p2a: Flutter Mane|Moonblast|p1a: Miraidon\n|-supereffective|p1a: Miraidon\n|-damage|p1a: Miraidon|9\/100\n|move|p1a: Miraidon|Electro Drift|p2a: Flutter Mane\n|-damage|p2a: Flutter Mane|0 fnt\n|faint|p2a: Flutter Mane\n|-end|p2a: Flutter Mane|Protosynthesis|[silent]\n|-damage|p1a: Miraidon|0 fnt|[from] item: Life Orb\n|faint|p1a: Miraidon\n|\n|win|SKron\n|raw|eavo's rating: 1419 &rarr; <strong>1401<\/strong><br \/>(-18 for losing)\n|raw|SKron's rating: 1447 &rarr; <strong>1465<\/strong><br \/>(+18 for winning)\n","uploadtime":1697645646,"views":13,"p1id":"eavo","p2id":"skron","formatid":"gen9ubers","rating":1401,"private":0,"password":""}