{"id":"gen9ubers-1989418377","p1":"Ravidx619","p2":"nachito317","format":"[Gen 9] Ubers","log":"|j|\u2606Ravidx619\n|j|\u2606nachito317\n|t:|1699847713\n|gametype|singles\n|player|p1|Ravidx619|170|1142\n|player|p2|nachito317|102|1062\n|teamsize|p1|6\n|teamsize|p2|6\n|gen|9\n|tier|[Gen 9] Ubers\n|rated|\n|rule|Sleep Clause Mod: Limit one foe put to sleep\n|rule|Species Clause: Limit one of each Pok\u00e9mon\n|rule|OHKO Clause: OHKO moves are banned\n|rule|Evasion Items Clause: Evasion items are banned\n|rule|Evasion Moves Clause: Evasion moves are banned\n|rule|Endless Battle Clause: Forcing endless battles is banned\n|rule|HP Percentage Mod: HP is shown in percentages\n|clearpoke\n|poke|p1|Palafin, M|\n|poke|p1|Urshifu-*, M|\n|poke|p1|Toxapex, F|\n|poke|p1|Gholdengo|\n|poke|p1|Great Tusk|\n|poke|p1|Flutter Mane|\n|poke|p2|Magearna-Original|\n|poke|p2|Annihilape, F|\n|poke|p2|Darkrai|\n|poke|p2|Mew|\n|poke|p2|Grimmsnarl, M|\n|poke|p2|Brambleghast, F|\n|teampreview\n|inactive|Battle timer is ON: inactive players will automatically lose when time's up. (requested by Ravidx619)\n|\n|t:|1699847716\n|start\n|switch|p1a: Jotaro|Palafin, M, shiny|100\/100\n|switch|p2a: Not my proudest|Magearna-Original|100\/100\n|turn|1\n|\n|t:|1699847745\n|detailschange|p1a: Jotaro|Palafin-Hero, M, shiny\n|switch|p1a: Golden Wind|Gholdengo|100\/100\n|move|p2a: Not my proudest|Shift Gear|p2a: Not my proudest\n|-boost|p2a: Not my proudest|spe|2\n|-boost|p2a: Not my proudest|atk|1\n|\n|upkeep\n|turn|2\n|\n|t:|1699847757\n|switch|p2a: Grimmsnarl|Grimmsnarl, M|100\/100\n|move|p1a: Golden Wind|Make It Rain|p2a: Grimmsnarl\n|-supereffective|p2a: Grimmsnarl\n|-damage|p2a: Grimmsnarl|0 fnt\n|-unboost|p1a: Golden Wind|spa|1\n|faint|p2a: Grimmsnarl\n|\n|upkeep\n|\n|t:|1699847764\n|switch|p2a: Fkable|Mew|100\/100\n|turn|3\n|\n|t:|1699847768\n|switch|p1a: Purple Haze|Toxapex, F|100\/100\n|move|p2a: Fkable|Trick|p1a: Purple Haze\n|-activate|p2a: Fkable|move: Trick|[of] p1a: Purple Haze\n|-item|p1a: Purple Haze|Choice Scarf|[from] move: Trick\n|-item|p2a: Fkable|Black Sludge|[from] move: Trick\n|\n|-damage|p2a: Fkable|88\/100|[from] item: Black Sludge\n|upkeep\n|turn|4\n|\n|t:|1699847774\n|move|p2a: Fkable|Stealth Rock|p1a: Purple Haze\n|-sidestart|p1: Ravidx619|move: Stealth Rock\n|move|p1a: Purple Haze|Toxic Spikes|p2a: Fkable\n|-sidestart|p2: nachito317|move: Toxic Spikes\n|\n|-damage|p2a: Fkable|76\/100|[from] item: Black Sludge\n|upkeep\n|turn|5\n|\n|t:|1699847782\n|move|p2a: Fkable|Thunder Wave|p1a: Purple Haze\n|-status|p1a: Purple Haze|par\n|move|p1a: Purple Haze|Toxic Spikes|p2a: Fkable\n|-sidestart|p2: nachito317|move: Toxic Spikes\n|\n|-damage|p2a: Fkable|63\/100|[from] item: Black Sludge\n|upkeep\n|turn|6\n|\n|t:|1699847786\n|move|p2a: Fkable|Toxic Spikes|p1a: Purple Haze\n|-sidestart|p1: Ravidx619|move: Toxic Spikes\n|move|p1a: Purple Haze|Toxic Spikes||[still]\n|-fail|p1a: Purple Haze\n|\n|-damage|p2a: Fkable|51\/100|[from] item: Black Sludge\n|upkeep\n|turn|7\n|\n|t:|1699847791\n|switch|p1a: Golden Wind|Gholdengo|100\/100\n|-damage|p1a: Golden Wind|94\/100|[from] Stealth Rock\n|move|p2a: Fkable|Toxic Spikes|p1a: Golden Wind\n|-sidestart|p1: Ravidx619|move: Toxic Spikes\n|\n|-damage|p2a: Fkable|39\/100|[from] item: Black Sludge\n|upkeep\n|turn|8\n|\n|t:|1699847795\n|switch|p1a: Purple Haze|Toxapex, F|100\/100 par\n|-damage|p1a: Purple Haze|88\/100 par|[from] Stealth Rock\n|-sideend|p1: Ravidx619|move: Toxic Spikes|[of] p1a: Purple Haze\n|move|p2a: Fkable|Trick|p1a: Purple Haze\n|-activate|p2a: Fkable|move: Trick|[of] p1a: Purple Haze\n|-item|p1a: Purple Haze|Black Sludge|[from] move: Trick\n|-item|p2a: Fkable|Choice Scarf|[from] move: Trick\n|\n|-heal|p1a: Purple Haze|94\/100 par|[from] item: Black Sludge\n|upkeep\n|turn|9\n|\n|t:|1699847799\n|switch|p1a: Golden Wind|Gholdengo|94\/100\n|-damage|p1a: Golden Wind|88\/100|[from] Stealth Rock\n|move|p2a: Fkable|Trick|p1a: Golden Wind\n|-immune|p1a: Golden Wind|[from] ability: Good as Gold\n|\n|upkeep\n|turn|10\n|\n|t:|1699847812\n|switch|p2a: Sxdoll|Darkrai|100\/100\n|-status|p2a: Sxdoll|tox\n|move|p1a: Golden Wind|Shadow Ball|p2a: Sxdoll\n|-resisted|p2a: Sxdoll\n|-damage|p2a: Sxdoll|59\/100 tox\n|\n|-damage|p2a: Sxdoll|53\/100 tox|[from] psn\n|upkeep\n|turn|11\n|\n|t:|1699847821\n|switch|p1a: Purple Haze|Toxapex, F|100\/100 par\n|-damage|p1a: Purple Haze|88\/100 par|[from] Stealth Rock\n|move|p2a: Sxdoll|Charge Beam|p1a: Purple Haze\n|-supereffective|p1a: Purple Haze\n|-damage|p1a: Purple Haze|63\/100 par\n|-boost|p2a: Sxdoll|spa|1\n|\n|-heal|p1a: Purple Haze|69\/100 par|[from] item: Black Sludge\n|-damage|p2a: Sxdoll|41\/100 tox|[from] psn\n|upkeep\n|turn|12\n|\n|t:|1699847824\n|move|p1a: Purple Haze|Baneful Bunker|p1a: Purple Haze\n|-singleturn|p1a: Purple Haze|move: Protect\n|move|p2a: Sxdoll|Charge Beam|p1a: Purple Haze\n|-activate|p1a: Purple Haze|move: Protect\n|\n|-heal|p1a: Purple Haze|75\/100 par|[from] item: Black Sludge\n|-damage|p2a: Sxdoll|23\/100 tox|[from] psn\n|upkeep\n|turn|13\n|\n|t:|1699847826\n|move|p2a: Sxdoll|Charge Beam|p1a: Purple Haze\n|-supereffective|p1a: Purple Haze\n|-damage|p1a: Purple Haze|41\/100 par\n|-boost|p2a: Sxdoll|spa|1\n|cant|p1a: Purple Haze|par\n|\n|-heal|p1a: Purple Haze|47\/100 par|[from] item: Black Sludge\n|-damage|p2a: Sxdoll|0 fnt|[from] psn\n|faint|p2a: Sxdoll\n|upkeep\n|\n|t:|1699847830\n|switch|p2a: Fkable|Mew|39\/100\n|-status|p2a: Fkable|tox\n|turn|14\n|\n|t:|1699847835\n|move|p1a: Purple Haze|Baneful Bunker|p1a: Purple Haze\n|-singleturn|p1a: Purple Haze|move: Protect\n|move|p2a: Fkable|Toxic Spikes|p1a: Purple Haze\n|-sidestart|p1: Ravidx619|move: Toxic Spikes\n|\n|-heal|p1a: Purple Haze|53\/100 par|[from] item: Black Sludge\n|-damage|p2a: Fkable|33\/100 tox|[from] psn\n|upkeep\n|turn|15\n|\n|t:|1699847841\n|switch|p1a: Golden Wind|Gholdengo|88\/100\n|-damage|p1a: Golden Wind|82\/100|[from] Stealth Rock\n|move|p2a: Fkable|Toxic Spikes|p1a: Golden Wind\n|-sidestart|p1: Ravidx619|move: Toxic Spikes\n|\n|-damage|p2a: Fkable|21\/100 tox|[from] psn\n|upkeep\n|turn|16\n|\n|t:|1699847846\n|switch|p1a: Purple Haze|Toxapex, F|86\/100 par\n|-damage|p1a: Purple Haze|74\/100 par|[from] Stealth Rock\n|-sideend|p1: Ravidx619|move: Toxic Spikes|[of] p1a: Purple Haze\n|move|p2a: Fkable|Toxic Spikes|p1a: Purple Haze\n|-sidestart|p1: Ravidx619|move: Toxic Spikes\n|\n|-heal|p1a: Purple Haze|80\/100 par|[from] item: Black Sludge\n|-damage|p2a: Fkable|3\/100 tox|[from] psn\n|upkeep\n|turn|17\n|\n|t:|1699847849\n|switch|p1a: Many manito|Great Tusk|100\/100\n|-damage|p1a: Many manito|98\/100|[from] Stealth Rock\n|-status|p1a: Many manito|psn\n|move|p2a: Fkable|Toxic Spikes|p1a: Many manito\n|-sidestart|p1: Ravidx619|move: Toxic Spikes\n|\n|-damage|p2a: Fkable|0 fnt|[from] psn\n|faint|p2a: Fkable\n|-damage|p1a: Many manito|85\/100 psn|[from] psn\n|upkeep\n|\n|t:|1699847856\n|switch|p2a: Not my proudest|Magearna-Original|100\/100\n|turn|18\n|\n|t:|1699847860\n|-terastallize|p2a: Not my proudest|Dragon\n|move|p1a: Many manito|Rapid Spin|p2a: Not my proudest\n|-damage|p2a: Not my proudest|87\/100\n|-boost|p1a: Many manito|spe|1\n|-sideend|p1: Ravidx619|Toxic Spikes|[from] move: Rapid Spin|[of] p1a: Many manito\n|-sideend|p1: Ravidx619|Stealth Rock|[from] move: Rapid Spin|[of] p1a: Many manito\n|move|p2a: Not my proudest|Shift Gear|p2a: Not my proudest\n|-boost|p2a: Not my proudest|spe|2\n|-boost|p2a: Not my proudest|atk|1\n|\n|-heal|p2a: Not my proudest|93\/100|[from] item: Leftovers\n|-damage|p1a: Many manito|73\/100 psn|[from] psn\n|upkeep\n|turn|19\n|\n|t:|1699847868\n|-end|p1a: Many manito|Protosynthesis|[silent]\n|switch|p1a: Purple Haze|Toxapex, F|100\/100 par\n|move|p2a: Not my proudest|Shift Gear|p2a: Not my proudest\n|-boost|p2a: Not my proudest|spe|2\n|-boost|p2a: Not my proudest|atk|1\n|\n|-heal|p2a: Not my proudest|99\/100|[from] item: Leftovers\n|upkeep\n|turn|20\n|\n|t:|1699847875\n|move|p2a: Not my proudest|Play Rough|p1a: Purple Haze\n|-resisted|p1a: Purple Haze\n|-damage|p1a: Purple Haze|73\/100 par\n|move|p1a: Purple Haze|Toxic|p2a: Not my proudest\n|-status|p2a: Not my proudest|tox\n|\n|-heal|p2a: Not my proudest|100\/100 tox|[from] item: Leftovers\n|-heal|p1a: Purple Haze|79\/100 par|[from] item: Black Sludge\n|-damage|p2a: Not my proudest|94\/100 tox|[from] psn\n|upkeep\n|turn|21\n|\n|t:|1699847883\n|move|p2a: Not my proudest|Shift Gear|p2a: Not my proudest\n|-boost|p2a: Not my proudest|spe|2\n|-boost|p2a: Not my proudest|atk|1\n|move|p1a: Purple Haze|Recover|p1a: Purple Haze\n|-heal|p1a: Purple Haze|100\/100 par\n|\n|-heal|p2a: Not my proudest|100\/100 tox|[from] item: Leftovers\n|-damage|p2a: Not my proudest|88\/100 tox|[from] psn\n|upkeep\n|turn|22\n|c|\u2606Ravidx619|GG\n|\n|t:|1699847888\n|move|p1a: Purple Haze|Baneful Bunker|p1a: Purple Haze\n|-singleturn|p1a: Purple Haze|move: Protect\n|move|p2a: Not my proudest|Play Rough|p1a: Purple Haze\n|-activate|p1a: Purple Haze|move: Protect\n|\n|-heal|p2a: Not my proudest|94\/100 tox|[from] item: Leftovers\n|-damage|p2a: Not my proudest|76\/100 tox|[from] psn\n|upkeep\n|turn|23\n|\n|t:|1699847893\n|move|p2a: Not my proudest|Draining Kiss|p1a: Purple Haze\n|-resisted|p1a: Purple Haze\n|-damage|p1a: Purple Haze|94\/100 par\n|-heal|p2a: Not my proudest|81\/100 tox|[from] drain|[of] p1a: Purple Haze\n|cant|p1a: Purple Haze|par\n|\n|-heal|p2a: Not my proudest|87\/100 tox|[from] item: Leftovers\n|-heal|p1a: Purple Haze|99\/100 par|[from] item: Black Sludge\n|-damage|p2a: Not my proudest|63\/100 tox|[from] psn\n|upkeep\n|turn|24\n|\n|t:|1699847896\n|move|p1a: Purple Haze|Baneful Bunker|p1a: Purple Haze\n|-singleturn|p1a: Purple Haze|move: Protect\n|move|p2a: Not my proudest|Brick Break|p1a: Purple Haze\n|-activate|p1a: Purple Haze|move: Protect\n|\n|-heal|p2a: Not my proudest|69\/100 tox|[from] item: Leftovers\n|-heal|p1a: Purple Haze|100\/100 par|[from] item: Black Sludge\n|-damage|p2a: Not my proudest|38\/100 tox|[from] psn\n|upkeep\n|turn|25\n|\n|t:|1699847900\n|move|p2a: Not my proudest|Play Rough|p1a: Purple Haze\n|-resisted|p1a: Purple Haze\n|-damage|p1a: Purple Haze|63\/100 par\n|move|p1a: Purple Haze|Recover|p1a: Purple Haze\n|-heal|p1a: Purple Haze|100\/100 par\n|\n|-heal|p2a: Not my proudest|44\/100 tox|[from] item: Leftovers\n|-damage|p2a: Not my proudest|8\/100 tox|[from] psn\n|upkeep\n|turn|26\n|-message|nachito317 forfeited.\n|\n|win|Ravidx619\n|raw|Ravidx619's rating: 1142 &rarr; <strong>1161<\/strong><br \/>(+19 for winning)\n|raw|nachito317's rating: 1062 &rarr; <strong>1047<\/strong><br \/>(-15 for losing)\n|l|\u2606nachito317\n","uploadtime":1699847927,"views":23,"p1id":"ravidx619","p2id":"nachito317","formatid":"gen9ubers","rating":1047,"private":0,"password":""}