{"id":"gen9ubers-1975111683","p1":"cyn.seven","p2":"ratstarz","format":"[Gen 9] Ubers","log":"|j|\u2606cyn.seven\n|j|\u2606ratstarz\n|t:|1698162785\n|gametype|singles\n|player|p1|cyn.seven|red|1070\n|player|p2|ratstarz|hoopster|1008\n|teamsize|p1|6\n|teamsize|p2|6\n|gen|9\n|tier|[Gen 9] Ubers\n|rated|\n|rule|Sleep Clause Mod: Limit one foe put to sleep\n|rule|Species Clause: Limit one of each Pok\u00e9mon\n|rule|OHKO Clause: OHKO moves are banned\n|rule|Evasion Items Clause: Evasion items are banned\n|rule|Evasion Moves Clause: Evasion moves are banned\n|rule|Endless Battle Clause: Forcing endless battles is banned\n|rule|HP Percentage Mod: HP is shown in percentages\n|clearpoke\n|poke|p1|Annihilape, M|\n|poke|p1|Miraidon|\n|poke|p1|Ursaluna-Bloodmoon, M|\n|poke|p1|Calyrex-Ice|\n|poke|p1|Urshifu-*, M|\n|poke|p1|Iron Bundle|\n|poke|p2|Palafin, M|\n|poke|p2|Tinkaton, F|\n|poke|p2|Ting-Lu|\n|poke|p2|Miraidon|\n|poke|p2|Flutter Mane|\n|poke|p2|Skeledirge, M|\n|teampreview\n|\n|t:|1698162791\n|start\n|switch|p1a: Sea Bear|Ursaluna-Bloodmoon, M|100\/100\n|switch|p2a: Kanye West|Palafin, M|100\/100\n|turn|1\n|\n|t:|1698162802\n|detailschange|p2a: Kanye West|Palafin-Hero, M\n|switch|p2a: Kendrick Lamar|Ting-Lu|100\/100\n|-ability|p2a: Kendrick Lamar|Vessel of Ruin\n|switch|p1a: hiii :3|Miraidon|100\/100\n|-fieldstart|move: Electric Terrain|[from] ability: Hadron Engine|[of] p1a: hiii :3\n|\n|upkeep\n|turn|2\n|c|\u2606cyn.seven|fucking kendrick lamar and kanye\n|c|\u2606cyn.seven|i love you already\n|c|\u2606ratstarz|wait for it\n|\n|t:|1698162841\n|switch|p1a: Horsie :3|Calyrex-Ice|100\/100\n|-ability|p1a: Horsie :3|As One\n|-ability|p1a: Horsie :3|Unnerve\n|move|p2a: Kendrick Lamar|Spikes|p1a: Horsie :3\n|-sidestart|p1: cyn.seven|Spikes\n|\n|upkeep\n|turn|3\n|c|\u2606cyn.seven|do you have chief keef\n|c|\u2606cyn.seven|i foresee chief keef\n|\n|t:|1698162854\n|move|p2a: Kendrick Lamar|Spikes|p1a: Horsie :3\n|-sidestart|p1: cyn.seven|Spikes\n|move|p1a: Horsie :3|Glacial Lance|p2a: Kendrick Lamar\n|-supereffective|p2a: Kendrick Lamar\n|-damage|p2a: Kendrick Lamar|4\/100\n|-enditem|p2a: Kendrick Lamar|Red Card|[of] p1a: Horsie :3\n|drag|p1a: hiii :3|Miraidon|100\/100\n|-damage|p1a: hiii :3|84\/100|[from] Spikes\n|-activate|p1a: hiii :3|ability: Hadron Engine\n|\n|upkeep\n|turn|4\n|c|\u2606ratstarz|OMG YOURE RIGHT\n|c|\u2606ratstarz|I FORGOT\n|\n|t:|1698162864\n|move|p1a: hiii :3|U-turn|p2a: Kendrick Lamar\n|-supereffective|p2a: Kendrick Lamar\n|-damage|p2a: Kendrick Lamar|0 fnt\n|faint|p2a: Kendrick Lamar\n|\n|t:|1698162870\n|switch|p1a: Horsie :3|Calyrex-Ice|100\/100|[from] U-turn\n|-ability|p1a: Horsie :3|As One\n|-ability|p1a: Horsie :3|Unnerve\n|\n|upkeep\n|\n|t:|1698162882\n|switch|p2a: Snoop Dogg|Skeledirge, M|100\/100\n|turn|5\n|c|\u2606cyn.seven|mm snoop dogg is a good one\n|\n|t:|1698162893\n|switch|p1a: Punchy Fists|Urshifu-Rapid-Strike, M|100\/100\n|-damage|p1a: Punchy Fists|84\/100|[from] Spikes\n|move|p2a: Snoop Dogg|Will-O-Wisp|p1a: Punchy Fists\n|-status|p1a: Punchy Fists|brn\n|\n|-damage|p1a: Punchy Fists|78\/100 brn|[from] brn\n|-fieldend|move: Electric Terrain\n|upkeep\n|turn|6\n|\n|t:|1698162904\n|-terastallize|p2a: Snoop Dogg|Water\n|move|p1a: Punchy Fists|Poison Jab|p2a: Snoop Dogg\n|-damage|p2a: Snoop Dogg|86\/100\n|-status|p2a: Snoop Dogg|psn\n|move|p2a: Snoop Dogg|Hex|p1a: Punchy Fists\n|-damage|p1a: Punchy Fists|5\/100 brn\n|\n|-damage|p2a: Snoop Dogg|74\/100 psn|[from] psn\n|-damage|p1a: Punchy Fists|0 fnt|[from] brn\n|faint|p1a: Punchy Fists\n|upkeep\n|\n|t:|1698162909\n|switch|p1a: hiii :3|Miraidon|84\/100\n|-damage|p1a: hiii :3|68\/100|[from] Spikes\n|-fieldstart|move: Electric Terrain|[from] ability: Hadron Engine|[of] p1a: hiii :3\n|turn|7\n|\n|t:|1698162921\n|move|p1a: hiii :3|Electro Drift|p2a: Snoop Dogg\n|-supereffective|p2a: Snoop Dogg\n|-damage|p2a: Snoop Dogg|0 fnt\n|faint|p2a: Snoop Dogg\n|\n|upkeep\n|\n|t:|1698162929\n|switch|p2a: Ice Cube|Tinkaton, F|100\/100\n|-ability|p2a: Ice Cube|Mold Breaker\n|-item|p2a: Ice Cube|Air Balloon\n|turn|8\n|c|\u2606cyn.seven|ice cube would work better for maybe like iron bundle but im liking it\n|\n|t:|1698162954\n|switch|p1a: POWAAA!!!|Annihilape, M, shiny|100\/100\n|-damage|p1a: POWAAA!!!|84\/100|[from] Spikes\n|move|p2a: Ice Cube|Encore||[still]\n|-fail|p2a: Ice Cube\n|\n|-heal|p1a: POWAAA!!!|90\/100|[from] item: Leftovers\n|upkeep\n|turn|9\n|\n|t:|1698162962\n|move|p2a: Ice Cube|Stealth Rock|p1a: POWAAA!!!\n|-sidestart|p1: cyn.seven|move: Stealth Rock\n|move|p1a: POWAAA!!!|Bulk Up|p1a: POWAAA!!!\n|-boost|p1a: POWAAA!!!|atk|1\n|-boost|p1a: POWAAA!!!|def|1\n|\n|-heal|p1a: POWAAA!!!|96\/100|[from] item: Leftovers\n|upkeep\n|turn|10\n|\n|t:|1698162973\n|move|p2a: Ice Cube|Knock Off|p1a: POWAAA!!!\n|-damage|p1a: POWAAA!!!|84\/100\n|-enditem|p1a: POWAAA!!!|Leftovers|[from] move: Knock Off|[of] p2a: Ice Cube\n|move|p1a: POWAAA!!!|Bulk Up|p1a: POWAAA!!!\n|-boost|p1a: POWAAA!!!|atk|1\n|-boost|p1a: POWAAA!!!|def|1\n|\n|upkeep\n|turn|11\n|\n|t:|1698162981\n|move|p2a: Ice Cube|Gigaton Hammer|p1a: POWAAA!!!\n|-damage|p1a: POWAAA!!!|65\/100\n|move|p1a: POWAAA!!!|Bulk Up|p1a: POWAAA!!!\n|-boost|p1a: POWAAA!!!|atk|1\n|-boost|p1a: POWAAA!!!|def|1\n|\n|-fieldend|move: Electric Terrain\n|upkeep\n|turn|12\n|\n|t:|1698162990\n|move|p2a: Ice Cube|Encore|p1a: POWAAA!!!\n|-start|p1a: POWAAA!!!|Encore\n|move|p1a: POWAAA!!!|Bulk Up|p1a: POWAAA!!!\n|-boost|p1a: POWAAA!!!|atk|1\n|-boost|p1a: POWAAA!!!|def|1\n|\n|upkeep\n|turn|13\n|\n|t:|1698162997\n|move|p2a: Ice Cube|Gigaton Hammer|p1a: POWAAA!!!\n|-damage|p1a: POWAAA!!!|51\/100\n|move|p1a: POWAAA!!!|Bulk Up|p1a: POWAAA!!!\n|-boost|p1a: POWAAA!!!|atk|1\n|-boost|p1a: POWAAA!!!|def|1\n|\n|upkeep\n|turn|14\n|\n|t:|1698163004\n|move|p2a: Ice Cube|Knock Off|p1a: POWAAA!!!\n|-damage|p1a: POWAAA!!!|47\/100\n|move|p1a: POWAAA!!!|Bulk Up|p1a: POWAAA!!!\n|-boost|p1a: POWAAA!!!|atk|1\n|-boost|p1a: POWAAA!!!|def|1\n|\n|-end|p1a: POWAAA!!!|Encore\n|upkeep\n|turn|15\n|\n|t:|1698163017\n|move|p2a: Ice Cube|Encore|p1a: POWAAA!!!\n|-start|p1a: POWAAA!!!|Encore\n|move|p1a: POWAAA!!!|Bulk Up|p1a: POWAAA!!!\n|-boost|p1a: POWAAA!!!|atk|0\n|-boost|p1a: POWAAA!!!|def|0\n|\n|upkeep\n|turn|16\n|\n|t:|1698163023\n|move|p2a: Ice Cube|Gigaton Hammer|p1a: POWAAA!!!\n|-damage|p1a: POWAAA!!!|36\/100\n|move|p1a: POWAAA!!!|Bulk Up|p1a: POWAAA!!!\n|-boost|p1a: POWAAA!!!|atk|0\n|-boost|p1a: POWAAA!!!|def|0\n|\n|upkeep\n|turn|17\n|\n|t:|1698163031\n|move|p2a: Ice Cube|Knock Off|p1a: POWAAA!!!\n|-damage|p1a: POWAAA!!!|33\/100\n|move|p1a: POWAAA!!!|Bulk Up|p1a: POWAAA!!!\n|-boost|p1a: POWAAA!!!|atk|0\n|-boost|p1a: POWAAA!!!|def|0\n|\n|-end|p1a: POWAAA!!!|Encore\n|upkeep\n|turn|18\n|c|\u2606cyn.seven|please dont encore me anymore papa\n|\n|t:|1698163042\n|move|p2a: Ice Cube|Encore|p1a: POWAAA!!!\n|-start|p1a: POWAAA!!!|Encore\n|move|p1a: POWAAA!!!|Bulk Up|p1a: POWAAA!!!\n|-boost|p1a: POWAAA!!!|atk|0\n|-boost|p1a: POWAAA!!!|def|0\n|\n|upkeep\n|turn|19\n|c|\u2606ratstarz|:)\n|n|!cyn.seven|cynseven\n|c|\u2606ratstarz|btw the name of this team is \"west side\"\n|\n|t:|1698163065\n|switch|p1a: Sea Bear|Ursaluna-Bloodmoon, M|100\/100\n|-damage|p1a: Sea Bear|84\/100|[from] Spikes\n|-damage|p1a: Sea Bear|78\/100|[from] Stealth Rock\n|move|p2a: Ice Cube|Knock Off|p1a: Sea Bear\n|-damage|p1a: Sea Bear|65\/100\n|-enditem|p1a: Sea Bear|Leftovers|[from] move: Knock Off|[of] p2a: Ice Cube\n|\n|upkeep\n|turn|20\n|\n|t:|1698163075\n|move|p2a: Ice Cube|Gigaton Hammer|p1a: Sea Bear\n|-damage|p1a: Sea Bear|30\/100\n|move|p1a: Sea Bear|Earth Power|p2a: Ice Cube\n|-immune|p2a: Ice Cube\n|\n|upkeep\n|turn|21\n|\n|t:|1698163086\n|move|p2a: Ice Cube|Knock Off|p1a: Sea Bear\n|-damage|p1a: Sea Bear|21\/100\n|move|p1a: Sea Bear|Blood Moon|p2a: Ice Cube\n|-resisted|p2a: Ice Cube\n|-damage|p2a: Ice Cube|69\/100\n|-enditem|p2a: Ice Cube|Air Balloon\n|\n|upkeep\n|turn|22\n|\n|t:|1698163093\n|move|p2a: Ice Cube|Gigaton Hammer|p1a: Sea Bear\n|-damage|p1a: Sea Bear|0 fnt\n|faint|p1a: Sea Bear\n|\n|upkeep\n|\n|t:|1698163099\n|switch|p1a: hiii :3|Miraidon|68\/100\n|-damage|p1a: hiii :3|51\/100|[from] Spikes\n|-damage|p1a: hiii :3|39\/100|[from] Stealth Rock\n|-fieldstart|move: Electric Terrain|[from] ability: Hadron Engine|[of] p1a: hiii :3\n|turn|23\n|\n|t:|1698163107\n|move|p1a: hiii :3|Overheat|p2a: Ice Cube\n|-supereffective|p2a: Ice Cube\n|-damage|p2a: Ice Cube|0 fnt\n|-unboost|p1a: hiii :3|spa|2\n|faint|p2a: Ice Cube\n|\n|upkeep\n|\n|t:|1698163115\n|switch|p2a: 2Pac|Flutter Mane|100\/100\n|turn|24\n|\n|t:|1698163122\n|move|p2a: 2Pac|Moonblast|p1a: hiii :3\n|-supereffective|p1a: hiii :3\n|-damage|p1a: hiii :3|0 fnt\n|faint|p1a: hiii :3\n|-damage|p2a: 2Pac|91\/100|[from] item: Life Orb\n|\n|upkeep\n|\n|t:|1698163131\n|switch|p1a: POWAAA!!!|Annihilape, M, shiny|33\/100\n|-damage|p1a: POWAAA!!!|16\/100|[from] Spikes\n|-damage|p1a: POWAAA!!!|10\/100|[from] Stealth Rock\n|turn|25\n|\n|t:|1698163144\n|move|p2a: 2Pac|Psyshock|p1a: POWAAA!!!\n|-supereffective|p1a: POWAAA!!!\n|-damage|p1a: POWAAA!!!|0 fnt\n|faint|p1a: POWAAA!!!\n|-damage|p2a: 2Pac|81\/100|[from] item: Life Orb\n|\n|upkeep\n|\n|t:|1698163150\n|switch|p1a: Santa :3|Iron Bundle, shiny|100\/100\n|-activate|p1a: Santa :3|ability: Quark Drive\n|-start|p1a: Santa :3|quarkdrivespe\n|turn|26\n|c|\u2606ratstarz|AYO ITS SANTA FUCKIN CLAUS\n|\n|t:|1698163168\n|move|p1a: Santa :3|Ice Beam|p2a: 2Pac\n|-damage|p2a: 2Pac|36\/100\n|-status|p2a: 2Pac|frz\n|-curestatus|p2a: 2Pac|frz|[msg]\n|move|p2a: 2Pac|Moonblast|p1a: Santa :3\n|-damage|p1a: Santa :3|0 fnt\n|faint|p1a: Santa :3\n|-end|p1a: Santa :3|Quark Drive|[silent]\n|-damage|p2a: 2Pac|26\/100|[from] item: Life Orb\n|\n|upkeep\n|\n|t:|1698163174\n|switch|p1a: Horsie :3|Calyrex-Ice|100\/100\n|-ability|p1a: Horsie :3|As One\n|-ability|p1a: Horsie :3|Unnerve\n|turn|27\n|\n|t:|1698163181\n|move|p2a: 2Pac|Shadow Ball|p1a: Horsie :3\n|-supereffective|p1a: Horsie :3\n|-damage|p1a: Horsie :3|23\/100\n|-damage|p2a: 2Pac|16\/100|[from] item: Life Orb\n|move|p1a: Horsie :3|Trick Room|p1a: Horsie :3\n|-fieldstart|move: Trick Room|[of] p1a: Horsie :3\n|\n|-fieldend|move: Electric Terrain\n|upkeep\n|turn|28\n|\n|t:|1698163189\n|move|p1a: Horsie :3|Glacial Lance|p2a: 2Pac\n|-damage|p2a: 2Pac|0 fnt\n|faint|p2a: 2Pac\n|-end|p2a: 2Pac|Protosynthesis|[silent]\n|-ability|p1a: Horsie :3|Chilling Neigh|boost\n|-boost|p1a: Horsie :3|atk|1\n|\n|upkeep\n|\n|t:|1698163195\n|switch|p2a: Dr. Dre|Miraidon|100\/100\n|-fieldstart|move: Electric Terrain|[from] ability: Hadron Engine|[of] p2a: Dr. Dre\n|turn|29\n|\n|t:|1698163201\n|move|p1a: Horsie :3|Glacial Lance|p2a: Dr. Dre\n|-supereffective|p2a: Dr. Dre\n|-damage|p2a: Dr. Dre|0 fnt\n|faint|p2a: Dr. Dre\n|-ability|p1a: Horsie :3|Chilling Neigh|boost\n|-boost|p1a: Horsie :3|atk|1\n|\n|upkeep\n|\n|t:|1698163206\n|switch|p2a: Kanye West|Palafin-Hero, M|100\/100\n|-activate|p2a: Kanye West|ability: Zero to Hero\n|turn|30\n|\n|t:|1698163210\n|move|p2a: Kanye West|Jet Punch|p1a: Horsie :3\n|-damage|p1a: Horsie :3|4\/100\n|move|p1a: Horsie :3|Glacial Lance|p2a: Kanye West\n|-resisted|p2a: Kanye West\n|-damage|p2a: Kanye West|41\/100\n|\n|-heal|p2a: Kanye West|47\/100|[from] item: Leftovers\n|upkeep\n|turn|31\n|c|\u2606ratstarz|YOOOO\n|\n|t:|1698163220\n|move|p2a: Kanye West|Jet Punch|p1a: Horsie :3\n|-damage|p1a: Horsie :3|0 fnt\n|faint|p1a: Horsie :3\n|\n|win|ratstarz\n|raw|cyn.seven's rating: 1070 &rarr; <strong>1046<\/strong><br \/>(-24 for losing)\n|raw|ratstarz's rating: 1008 &rarr; <strong>1054<\/strong><br \/>(+46 for winning)\n","uploadtime":1698162816,"views":4,"p1id":"cynseven","p2id":"ratstarz","formatid":"gen9ubers","rating":1046,"private":0,"password":""}