{"id":"gen9ubers-1995218849","p1":"Rusty sss8","p2":"124F43L","format":"[Gen 9] Ubers","log":"|j|\u2606Rusty sss8\n|j|\u2606124F43L\n|t:|1700536029\n|gametype|singles\n|player|p1|Rusty sss8|waiter-gen4dp|1190\n|player|p2|124F43L|265|1130\n|teamsize|p1|6\n|teamsize|p2|6\n|gen|9\n|tier|[Gen 9] Ubers\n|rated|\n|rule|Sleep Clause Mod: Limit one foe put to sleep\n|rule|Species Clause: Limit one of each Pok\u00e9mon\n|rule|OHKO Clause: OHKO moves are banned\n|rule|Evasion Items Clause: Evasion items are banned\n|rule|Evasion Moves Clause: Evasion moves are banned\n|rule|Endless Battle Clause: Forcing endless battles is banned\n|rule|HP Percentage Mod: HP is shown in percentages\n|clearpoke\n|poke|p1|Magneton|\n|poke|p1|Yanmega, F|\n|poke|p1|Hawlucha, F|\n|poke|p1|Morgrem, M|\n|poke|p1|Weavile, M|\n|poke|p1|Dusclops, F|\n|poke|p2|Volcarona, F|\n|poke|p2|Gliscor, M|\n|poke|p2|Kyogre|\n|poke|p2|Mewtwo|\n|poke|p2|Roaring Moon|\n|poke|p2|Urshifu-*, M|\n|teampreview\n|inactive|Battle timer is ON: inactive players will automatically lose when time's up. (requested by Rusty sss8)\n|\n|t:|1700536044\n|start\n|switch|p1a: The Strokes|Weavile, M|100\/100\n|switch|p2a: Volcarona|Volcarona, F|100\/100\n|-ability|p1a: The Strokes|Pressure\n|turn|1\n|\n|t:|1700536052\n|move|p1a: The Strokes|Knock Off|p2a: Volcarona\n|-damage|p2a: Volcarona|21\/100\n|-enditem|p2a: Volcarona|Leftovers|[from] move: Knock Off|[of] p1a: The Strokes\n|-damage|p1a: The Strokes|91\/100|[from] item: Life Orb\n|move|p2a: Volcarona|Fiery Dance|p1a: The Strokes\n|-supereffective|p1a: The Strokes\n|-damage|p1a: The Strokes|0 fnt\n|-boost|p2a: Volcarona|spa|1\n|faint|p1a: The Strokes\n|\n|upkeep\n|\n|t:|1700536066\n|switch|p1a: Vundabar|Hawlucha, F|100\/100\n|turn|2\n|\n|t:|1700536074\n|move|p1a: Vundabar|Acrobatics|p2a: Volcarona\n|-supereffective|p2a: Volcarona\n|-damage|p2a: Volcarona|0 fnt\n|faint|p2a: Volcarona\n|\n|upkeep\n|\n|t:|1700536078\n|switch|p2a: Kyogre|Kyogre|100\/100\n|-weather|RainDance|[from] ability: Drizzle|[of] p2a: Kyogre\n|turn|3\n|\n|t:|1700536081\n|move|p1a: Vundabar|Endure|p1a: Vundabar\n|-singleturn|p1a: Vundabar|move: Endure\n|move|p2a: Kyogre|Thunder|p1a: Vundabar\n|-supereffective|p1a: Vundabar\n|-activate|p1a: Vundabar|move: Endure\n|-damage|p1a: Vundabar|1\/100\n|-enditem|p1a: Vundabar|Liechi Berry|[eat]\n|-boost|p1a: Vundabar|atk|1|[from] item: Liechi Berry\n|\n|-weather|RainDance|[upkeep]\n|upkeep\n|turn|4\n|\n|t:|1700536106\n|switch|p2a: Gliscor|Gliscor, M|100\/100\n|move|p1a: Vundabar|Reversal|p2a: Gliscor\n|-resisted|p2a: Gliscor\n|-damage|p2a: Gliscor|51\/100\n|\n|-weather|RainDance|[upkeep]\n|-status|p2a: Gliscor|tox|[from] item: Toxic Orb\n|upkeep\n|turn|5\n|\n|t:|1700536123\n|move|p1a: Vundabar|Acrobatics|p2a: Gliscor\n|-damage|p2a: Gliscor|0 fnt\n|faint|p2a: Gliscor\n|\n|-weather|RainDance|[upkeep]\n|upkeep\n|inactive|124F43L has 120 seconds left.\n|\n|t:|1700536137\n|switch|p2a: Mewtwo|Mewtwo, shiny|100\/100\n|-ability|p2a: Mewtwo|Pressure\n|turn|6\n|\n|t:|1700536143\n|move|p1a: Vundabar|Acrobatics|p2a: Mewtwo\n|-damage|p2a: Mewtwo|25\/100\n|move|p2a: Mewtwo|Psystrike|p1a: Vundabar\n|-supereffective|p1a: Vundabar\n|-damage|p1a: Vundabar|0 fnt\n|faint|p1a: Vundabar\n|-damage|p2a: Mewtwo|15\/100|[from] item: Life Orb\n|\n|-weather|RainDance|[upkeep]\n|upkeep\n|\n|t:|1700536146\n|switch|p1a: Saint motel|Dusclops, F|100\/100\n|-item|p2a: Mewtwo|Life Orb|[from] ability: Frisk|[of] p1a: Saint motel|[identify]\n|turn|7\n|\n|t:|1700536151\n|move|p1a: Saint motel|Shadow Sneak|p2a: Mewtwo\n|-supereffective|p2a: Mewtwo\n|-damage|p2a: Mewtwo|0 fnt\n|faint|p2a: Mewtwo\n|\n|-weather|none\n|upkeep\n|\n|t:|1700536156\n|switch|p2a: Roaring Moon|Roaring Moon|100\/100\n|turn|8\n|\n|t:|1700536159\n|move|p2a: Roaring Moon|Dragon Dance|p2a: Roaring Moon\n|-boost|p2a: Roaring Moon|atk|1\n|-boost|p2a: Roaring Moon|spe|1\n|move|p1a: Saint motel|Will-O-Wisp|p2a: Roaring Moon\n|-status|p2a: Roaring Moon|brn\n|-enditem|p2a: Roaring Moon|Lum Berry|[eat]\n|-curestatus|p2a: Roaring Moon|brn|[msg]\n|\n|upkeep\n|turn|9\n|\n|t:|1700536162\n|move|p2a: Roaring Moon|Crunch|p1a: Saint motel\n|-supereffective|p1a: Saint motel\n|-damage|p1a: Saint motel|7\/100\n|move|p1a: Saint motel|Will-O-Wisp|p2a: Roaring Moon\n|-status|p2a: Roaring Moon|brn\n|\n|-damage|p2a: Roaring Moon|95\/100 brn|[from] brn\n|upkeep\n|turn|10\n|\n|t:|1700536169\n|move|p2a: Roaring Moon|Crunch|p1a: Saint motel\n|-supereffective|p1a: Saint motel\n|-damage|p1a: Saint motel|0 fnt\n|faint|p1a: Saint motel\n|\n|-damage|p2a: Roaring Moon|89\/100 brn|[from] brn\n|upkeep\n|\n|t:|1700536177\n|switch|p1a: The Happy Fits|Magneton|100\/100\n|turn|11\n|\n|t:|1700536183\n|move|p2a: Roaring Moon|Dragon Dance|p2a: Roaring Moon\n|-boost|p2a: Roaring Moon|atk|1\n|-boost|p2a: Roaring Moon|spe|1\n|move|p1a: The Happy Fits|Flash Cannon|p2a: Roaring Moon\n|-damage|p2a: Roaring Moon|42\/100 brn\n|\n|-damage|p2a: Roaring Moon|36\/100 brn|[from] brn\n|upkeep\n|turn|12\n|\n|t:|1700536189\n|move|p2a: Roaring Moon|Outrage|p1a: The Happy Fits\n|-resisted|p1a: The Happy Fits\n|-damage|p1a: The Happy Fits|70\/100\n|move|p1a: The Happy Fits|Flash Cannon|p2a: Roaring Moon\n|-damage|p2a: Roaring Moon|0 fnt\n|faint|p2a: Roaring Moon\n|-end|p2a: Roaring Moon|Protosynthesis|[silent]\n|\n|upkeep\n|\n|t:|1700536199\n|switch|p2a: Urshifu|Urshifu-Rapid-Strike, M|100\/100\n|turn|13\n|\n|t:|1700536203\n|move|p2a: Urshifu|Bulk Up|p2a: Urshifu\n|-boost|p2a: Urshifu|atk|1\n|-boost|p2a: Urshifu|def|1\n|move|p1a: The Happy Fits|Thunderbolt|p2a: Urshifu\n|-supereffective|p2a: Urshifu\n|-damage|p2a: Urshifu|0 fnt\n|faint|p2a: Urshifu\n|\n|upkeep\n|-message|124F43L forfeited.\n|\n|win|Rusty sss8\n|raw|Rusty sss8's rating: 1190 &rarr; <strong>1211<\/strong><br \/>(+21 for winning)\n|raw|124F43L's rating: 1130 &rarr; <strong>1109<\/strong><br \/>(-21 for losing)\n|l|\u2606124F43L\n","uploadtime":1700536211,"views":1,"p1id":"rustysss8","p2id":"124f43l","formatid":"gen9ubers","rating":1109,"private":0,"password":""}