{"id":"gen9ubers-1995236533","p1":"superiax","p2":"F1nnn","format":"[Gen 9] Ubers","log":"|j|\u2606superiax\n|j|\u2606F1nnn\n|t:|1700538264\n|gametype|singles\n|player|p1|superiax|whitney|1159\n|player|p2|F1nnn|265|1086\n|teamsize|p1|6\n|teamsize|p2|6\n|gen|9\n|tier|[Gen 9] Ubers\n|rated|\n|rule|Sleep Clause Mod: Limit one foe put to sleep\n|rule|Species Clause: Limit one of each Pok\u00e9mon\n|rule|OHKO Clause: OHKO moves are banned\n|rule|Evasion Items Clause: Evasion items are banned\n|rule|Evasion Moves Clause: Evasion moves are banned\n|rule|Endless Battle Clause: Forcing endless battles is banned\n|rule|HP Percentage Mod: HP is shown in percentages\n|clearpoke\n|poke|p1|Chi-Yu|\n|poke|p1|Koraidon|\n|poke|p1|Zacian-*|\n|poke|p1|Groudon|\n|poke|p1|Arceus-Fairy|\n|poke|p1|Gliscor, M|\n|poke|p2|Koraidon|\n|poke|p2|Flutter Mane|\n|poke|p2|Roaring Moon|\n|poke|p2|Ting-Lu|\n|poke|p2|Gholdengo|\n|poke|p2|Ceruledge, M|\n|teampreview\n|inactive|Battle timer is ON: inactive players will automatically lose when time's up. (requested by superiax)\n|\n|t:|1700538277\n|start\n|switch|p1a: Groudon|Groudon|100\/100\n|switch|p2a: Ting-Lu|Ting-Lu|100\/100\n|-weather|SunnyDay|[from] ability: Drought|[of] p1a: Groudon\n|-ability|p2a: Ting-Lu|Vessel of Ruin\n|turn|1\n|\n|t:|1700538287\n|move|p1a: Groudon|Will-O-Wisp|p2a: Ting-Lu\n|-status|p2a: Ting-Lu|brn\n|move|p2a: Ting-Lu|Stealth Rock|p1a: Groudon\n|-sidestart|p1: superiax|move: Stealth Rock\n|\n|-weather|SunnyDay|[upkeep]\n|-damage|p2a: Ting-Lu|94\/100 brn|[from] brn\n|upkeep\n|turn|2\n|\n|t:|1700538296\n|move|p1a: Groudon|Spikes|p2a: Ting-Lu\n|-sidestart|p2: F1nnn|Spikes\n|move|p2a: Ting-Lu|Spikes|p1a: Groudon\n|-sidestart|p1: superiax|Spikes\n|\n|-weather|SunnyDay|[upkeep]\n|-heal|p2a: Ting-Lu|100\/100 brn|[from] item: Leftovers\n|-damage|p2a: Ting-Lu|94\/100 brn|[from] brn\n|upkeep\n|turn|3\n|\n|t:|1700538303\n|move|p1a: Groudon|Spikes|p2a: Ting-Lu\n|-sidestart|p2: F1nnn|Spikes\n|move|p2a: Ting-Lu|Spikes|p1a: Groudon\n|-sidestart|p1: superiax|Spikes\n|\n|-weather|SunnyDay|[upkeep]\n|-heal|p2a: Ting-Lu|100\/100 brn|[from] item: Leftovers\n|-damage|p2a: Ting-Lu|94\/100 brn|[from] brn\n|upkeep\n|turn|4\n|\n|t:|1700538309\n|move|p1a: Groudon|Spikes|p2a: Ting-Lu\n|-sidestart|p2: F1nnn|Spikes\n|move|p2a: Ting-Lu|Spikes|p1a: Groudon\n|-sidestart|p1: superiax|Spikes\n|\n|-weather|SunnyDay|[upkeep]\n|-heal|p2a: Ting-Lu|100\/100 brn|[from] item: Leftovers\n|-damage|p2a: Ting-Lu|94\/100 brn|[from] brn\n|upkeep\n|turn|5\n|\n|t:|1700538317\n|move|p1a: Groudon|Precipice Blades|p2a: Ting-Lu\n|-damage|p2a: Ting-Lu|63\/100 brn\n|move|p2a: Ting-Lu|Whirlwind|p1a: Groudon\n|drag|p1a: Chi-Yu|Chi-Yu|100\/100\n|-damage|p1a: Chi-Yu|76\/100|[from] Stealth Rock\n|-damage|p1a: Chi-Yu|51\/100|[from] Spikes\n|-ability|p1a: Chi-Yu|Beads of Ruin\n|\n|-weather|none\n|-heal|p2a: Ting-Lu|69\/100 brn|[from] item: Leftovers\n|-damage|p2a: Ting-Lu|63\/100 brn|[from] brn\n|upkeep\n|turn|6\n|\n|t:|1700538335\n|move|p1a: Chi-Yu|Overheat|p2a: Ting-Lu\n|-damage|p2a: Ting-Lu|0 fnt\n|-unboost|p1a: Chi-Yu|spa|2\n|faint|p2a: Ting-Lu\n|\n|upkeep\n|\n|t:|1700538351\n|switch|p2a: Koraidon|Koraidon|100\/100\n|-damage|p2a: Koraidon|76\/100|[from] Spikes\n|-weather|SunnyDay|[from] ability: Orichalcum Pulse|[of] p2a: Koraidon\n|-activate|p2a: Koraidon|Orichalcum Pulse|[source]\n|turn|7\n|\n|t:|1700538358\n|move|p2a: Koraidon|Collision Course|p1a: Chi-Yu\n|-supereffective|p1a: Chi-Yu\n|-damage|p1a: Chi-Yu|0 fnt\n|faint|p1a: Chi-Yu\n|\n|-weather|SunnyDay|[upkeep]\n|upkeep\n|\n|t:|1700538364\n|switch|p1a: Gliscor|Gliscor, M, shiny|100\/100\n|-damage|p1a: Gliscor|88\/100|[from] Stealth Rock\n|turn|8\n|inactive|F1nnn has 120 seconds left.\n|\n|t:|1700538395\n|move|p2a: Koraidon|Collision Course|p1a: Gliscor\n|-resisted|p1a: Gliscor\n|-damage|p1a: Gliscor|68\/100\n|move|p1a: Gliscor|Stealth Rock|p2a: Koraidon\n|-sidestart|p2: F1nnn|move: Stealth Rock\n|\n|-weather|SunnyDay|[upkeep]\n|-status|p1a: Gliscor|tox|[from] item: Toxic Orb\n|upkeep\n|turn|9\n|inactive|F1nnn has 120 seconds left.\n|\n|t:|1700538422\n|move|p2a: Koraidon|Bulk Up|p2a: Koraidon\n|-boost|p2a: Koraidon|atk|1\n|-boost|p2a: Koraidon|def|1\n|move|p1a: Gliscor|Toxic|p2a: Koraidon\n|-status|p2a: Koraidon|tox\n|\n|-weather|SunnyDay|[upkeep]\n|-damage|p2a: Koraidon|69\/100 tox|[from] psn\n|-heal|p1a: Gliscor|80\/100 tox|[from] ability: Poison Heal\n|upkeep\n|turn|10\n|inactive|F1nnn has 120 seconds left.\n|\n|t:|1700538450\n|move|p1a: Gliscor|Protect|p1a: Gliscor\n|-singleturn|p1a: Gliscor|Protect\n|move|p2a: Koraidon|Bulk Up|p2a: Koraidon\n|-boost|p2a: Koraidon|atk|1\n|-boost|p2a: Koraidon|def|1\n|\n|-weather|SunnyDay|[upkeep]\n|-damage|p2a: Koraidon|57\/100 tox|[from] psn\n|-heal|p1a: Gliscor|93\/100 tox|[from] ability: Poison Heal\n|upkeep\n|turn|11\n|\n|t:|1700538468\n|move|p1a: Gliscor|Protect||[still]\n|-fail|p1a: Gliscor\n|move|p2a: Koraidon|Dragon Claw|p1a: Gliscor\n|-damage|p1a: Gliscor|29\/100 tox\n|\n|-weather|SunnyDay|[upkeep]\n|-damage|p2a: Koraidon|39\/100 tox|[from] psn\n|-heal|p1a: Gliscor|41\/100 tox|[from] ability: Poison Heal\n|upkeep\n|turn|12\n|\n|t:|1700538478\n|move|p1a: Gliscor|Protect|p1a: Gliscor\n|-singleturn|p1a: Gliscor|Protect\n|move|p2a: Koraidon|Bulk Up|p2a: Koraidon\n|-boost|p2a: Koraidon|atk|1\n|-boost|p2a: Koraidon|def|1\n|\n|-weather|SunnyDay|[upkeep]\n|-damage|p2a: Koraidon|14\/100 tox|[from] psn\n|-heal|p1a: Gliscor|54\/100 tox|[from] ability: Poison Heal\n|upkeep\n|turn|13\n|\n|t:|1700538491\n|switch|p1a: Arceus|Arceus-Fairy|100\/100\n|-damage|p1a: Arceus|88\/100|[from] Stealth Rock\n|-damage|p1a: Arceus|63\/100|[from] Spikes\n|move|p2a: Koraidon|Dragon Claw|p1a: Arceus\n|-immune|p1a: Arceus\n|\n|-weather|SunnyDay|[upkeep]\n|-damage|p2a: Koraidon|0 fnt|[from] psn\n|faint|p2a: Koraidon\n|upkeep\n|\n|t:|1700538506\n|switch|p2a: Gholdengo|Gholdengo, shiny|100\/100\n|-damage|p2a: Gholdengo|76\/100|[from] Spikes\n|-damage|p2a: Gholdengo|70\/100|[from] Stealth Rock\n|turn|14\n|\n|t:|1700538526\n|switch|p1a: Gliscor|Gliscor, M, shiny|54\/100 tox\n|-damage|p1a: Gliscor|41\/100 tox|[from] Stealth Rock\n|move|p2a: Gholdengo|Trick|p1a: Gliscor\n|-activate|p2a: Gholdengo|move: Trick|[of] p1a: Gliscor\n|-item|p1a: Gliscor|Choice Scarf|[from] move: Trick\n|-item|p2a: Gholdengo|Toxic Orb|[from] move: Trick\n|\n|-weather|none\n|-heal|p1a: Gliscor|54\/100 tox|[from] ability: Poison Heal\n|upkeep\n|turn|15\n|inactive|F1nnn has 90 seconds left.\n|\n|t:|1700538548\n|move|p1a: Gliscor|Earthquake|p2a: Gholdengo\n|-supereffective|p2a: Gholdengo\n|-damage|p2a: Gholdengo|0 fnt\n|faint|p2a: Gholdengo\n|\n|-heal|p1a: Gliscor|66\/100 tox|[from] ability: Poison Heal\n|upkeep\n|inactive|F1nnn has 90 seconds left.\n|\n|t:|1700538559\n|switch|p2a: Roaring Moon|Roaring Moon|100\/100\n|-damage|p2a: Roaring Moon|76\/100|[from] Spikes\n|-damage|p2a: Roaring Moon|63\/100|[from] Stealth Rock\n|turn|16\n|\n|t:|1700538565\n|move|p2a: Roaring Moon|Dragon Claw|p1a: Gliscor\n|-damage|p1a: Gliscor|39\/100 tox\n|move|p1a: Gliscor|Earthquake|p2a: Roaring Moon\n|-damage|p2a: Roaring Moon|12\/100\n|\n|-heal|p1a: Gliscor|51\/100 tox|[from] ability: Poison Heal\n|upkeep\n|turn|17\n|\n|t:|1700538572\n|move|p2a: Roaring Moon|Dragon Claw|p1a: Gliscor\n|-damage|p1a: Gliscor|26\/100 tox\n|move|p1a: Gliscor|Earthquake|p2a: Roaring Moon\n|-damage|p2a: Roaring Moon|0 fnt\n|faint|p2a: Roaring Moon\n|-end|p2a: Roaring Moon|Protosynthesis|[silent]\n|\n|-heal|p1a: Gliscor|39\/100 tox|[from] ability: Poison Heal\n|upkeep\n|-message|F1nnn forfeited.\n|\n|win|superiax\n|raw|superiax's rating: 1159 &rarr; <strong>1179<\/strong><br \/>(+20 for winning)\n|raw|F1nnn's rating: 1086 &rarr; <strong>1068<\/strong><br \/>(-18 for losing)\n|l|\u2606F1nnn\n","uploadtime":1700538583,"views":1,"p1id":"superiax","p2id":"f1nnn","formatid":"gen9ubers","rating":1068,"private":0,"password":""}