{"id":"gen9ubers-1973695537","p1":"Camikami","p2":"cartoon cat 4455","format":"[Gen 9] Ubers","log":"|j|\u2606Camikami\n|j|\u2606cartoon cat 4455\n|t:|1698004233\n|gametype|singles\n|player|p1|Camikami|lillie-masters2|1000\n|player|p2|cartoon cat 4455|red|1046\n|teamsize|p1|6\n|teamsize|p2|6\n|gen|9\n|tier|[Gen 9] Ubers\n|rated|\n|rule|Sleep Clause Mod: Limit one foe put to sleep\n|rule|Species Clause: Limit one of each Pok\u00e9mon\n|rule|OHKO Clause: OHKO moves are banned\n|rule|Evasion Items Clause: Evasion items are banned\n|rule|Evasion Moves Clause: Evasion moves are banned\n|rule|Endless Battle Clause: Forcing endless battles is banned\n|rule|HP Percentage Mod: HP is shown in percentages\n|clearpoke\n|poke|p1|Iron Moth|\n|poke|p1|Koraidon|\n|poke|p1|Glimmora, F|\n|poke|p1|Ribombee, F|\n|poke|p1|Blissey, F|\n|poke|p1|Landorus-Therian, M|\n|poke|p2|Arcanine, F|\n|poke|p2|Arctibax, F|\n|poke|p2|Palkia|\n|poke|p2|Torkoal, M|\n|poke|p2|Armarouge, M|\n|poke|p2|Arceus|\n|teampreview\n|inactive|Battle timer is ON: inactive players will automatically lose when time's up. (requested by cartoon cat 4455)\n|\n|t:|1698004241\n|start\n|switch|p1a: what are hazards|Glimmora, F|100\/100\n|switch|p2a: Arctibax|Arctibax, F, shiny|100\/100\n|turn|1\n|\n|t:|1698004246\n|move|p1a: what are hazards|Toxic|p2a: Arctibax\n|-status|p2a: Arctibax|tox\n|move|p2a: Arctibax|Draco Meteor|p1a: what are hazards\n|-damage|p1a: what are hazards|69\/100\n|-unboost|p2a: Arctibax|spa|2\n|\n|-heal|p1a: what are hazards|75\/100|[from] item: Leftovers\n|-damage|p2a: Arctibax|94\/100 tox|[from] psn\n|upkeep\n|turn|2\n|\n|t:|1698004254\n|move|p1a: what are hazards|Earth Power|p2a: Arctibax\n|-damage|p2a: Arctibax|64\/100 tox\n|move|p2a: Arctibax|Draco Meteor|p1a: what are hazards\n|-damage|p1a: what are hazards|61\/100\n|-unboost|p2a: Arctibax|spa|2\n|\n|-heal|p1a: what are hazards|67\/100|[from] item: Leftovers\n|-damage|p2a: Arctibax|51\/100 tox|[from] psn\n|upkeep\n|turn|3\n|\n|t:|1698004257\n|move|p1a: what are hazards|Spiky Shield|p1a: what are hazards\n|-singleturn|p1a: what are hazards|move: Protect\n|move|p2a: Arctibax|Brick Break|p1a: what are hazards\n|-activate|p1a: what are hazards|move: Protect\n|-damage|p2a: Arctibax|39\/100 tox|[from] Spiky Shield|[of] p1a: what are hazards\n|\n|-heal|p1a: what are hazards|73\/100|[from] item: Leftovers\n|-damage|p2a: Arctibax|20\/100 tox|[from] psn\n|upkeep\n|turn|4\n|\n|t:|1698004264\n|switch|p1a: lmao|Iron Moth|100\/100\n|move|p2a: Arctibax|Avalanche|p1a: lmao\n|-resisted|p1a: lmao\n|-damage|p1a: lmao|84\/100\n|\n|-damage|p2a: Arctibax|0 fnt|[from] psn\n|faint|p2a: Arctibax\n|upkeep\n|\n|t:|1698004270\n|switch|p2a: Palkia|Palkia|100\/100\n|-ability|p2a: Palkia|Pressure\n|turn|5\n|\n|t:|1698004276\n|move|p1a: lmao|U-turn|p2a: Palkia\n|-damage|p2a: Palkia|80\/100\n|\n|t:|1698004278\n|-end|p1a: lmao|Quark Drive|[silent]\n|switch|p1a: waiting|Blissey, F, shiny|100\/100|[from] U-turn\n|move|p2a: Palkia|Chilling Water|p1a: waiting\n|-damage|p1a: waiting|89\/100\n|-unboost|p1a: waiting|atk|1\n|\n|upkeep\n|turn|6\n|\n|t:|1698004291\n|move|p2a: Palkia|Draco Meteor|p1a: waiting\n|-damage|p1a: waiting|58\/100\n|-unboost|p2a: Palkia|spa|2\n|move|p1a: waiting|Psychic|p2a: Palkia\n|-damage|p2a: Palkia|58\/100\n|-damage|p1a: waiting|48\/100|[from] item: Life Orb\n|\n|upkeep\n|turn|7\n|\n|t:|1698004296\n|-terastallize|p2a: Palkia|Water\n|move|p2a: Palkia|Draco Meteor|p1a: waiting\n|-damage|p1a: waiting|32\/100\n|-unboost|p2a: Palkia|spa|2\n|move|p1a: waiting|Shadow Ball|p2a: Palkia\n|-damage|p2a: Palkia|36\/100\n|-damage|p1a: waiting|22\/100|[from] item: Life Orb\n|\n|upkeep\n|turn|8\n|\n|t:|1698004301\n|move|p2a: Palkia|Draco Meteor|p1a: waiting\n|-damage|p1a: waiting|12\/100\n|-unboost|p2a: Palkia|spa|2\n|move|p1a: waiting|Psychic|p2a: Palkia\n|-damage|p2a: Palkia|14\/100\n|-damage|p1a: waiting|2\/100|[from] item: Life Orb\n|\n|upkeep\n|turn|9\n|\n|t:|1698004318\n|move|p2a: Palkia|Aqua Tail|p1a: waiting\n|-damage|p1a: waiting|0 fnt\n|faint|p1a: waiting\n|\n|upkeep\n|\n|t:|1698004320\n|switch|p1a: lmao|Iron Moth|84\/100\n|turn|10\n|\n|t:|1698004329\n|move|p1a: lmao|U-turn|p2a: Palkia\n|-damage|p2a: Palkia|0 fnt\n|faint|p2a: Palkia\n|\n|t:|1698004331\n|-end|p1a: lmao|Quark Drive|[silent]\n|switch|p1a: what are hazards|Glimmora, F|73\/100|[from] U-turn\n|\n|-heal|p1a: what are hazards|79\/100|[from] item: Leftovers\n|upkeep\n|\n|t:|1698004335\n|switch|p2a: Torkoal|Torkoal, M|100\/100\n|turn|11\n|\n|t:|1698004341\n|move|p1a: what are hazards|Spiky Shield|p1a: what are hazards\n|-singleturn|p1a: what are hazards|move: Protect\n|move|p2a: Torkoal|Flame Charge|p1a: what are hazards\n|-activate|p1a: what are hazards|move: Protect\n|-damage|p2a: Torkoal|88\/100|[from] Spiky Shield|[of] p1a: what are hazards\n|\n|-heal|p1a: what are hazards|86\/100|[from] item: Leftovers\n|upkeep\n|turn|12\n|\n|t:|1698004345\n|move|p1a: what are hazards|Toxic|p2a: Torkoal\n|-status|p2a: Torkoal|tox\n|move|p2a: Torkoal|Overheat|p1a: what are hazards\n|-resisted|p1a: what are hazards\n|-damage|p1a: what are hazards|60\/100\n|-unboost|p2a: Torkoal|spa|2\n|\n|-heal|p1a: what are hazards|67\/100|[from] item: Leftovers\n|-damage|p2a: Torkoal|82\/100 tox|[from] psn\n|upkeep\n|turn|13\n|\n|t:|1698004348\n|move|p1a: what are hazards|Earth Power|p2a: Torkoal\n|-supereffective|p2a: Torkoal\n|-damage|p2a: Torkoal|33\/100 tox\n|move|p2a: Torkoal|Heat Wave|p1a: what are hazards\n|-resisted|p1a: what are hazards\n|-damage|p1a: what are hazards|58\/100\n|\n|-heal|p1a: what are hazards|64\/100|[from] item: Leftovers\n|-damage|p2a: Torkoal|21\/100 tox|[from] psn\n|upkeep\n|turn|14\n|\n|t:|1698004351\n|move|p1a: what are hazards|Earth Power|p2a: Torkoal\n|-supereffective|p2a: Torkoal\n|-damage|p2a: Torkoal|0 fnt\n|faint|p2a: Torkoal\n|\n|-heal|p1a: what are hazards|70\/100|[from] item: Leftovers\n|upkeep\n|\n|t:|1698004354\n|switch|p2a: Arcanine|Arcanine, F, shiny|100\/100\n|turn|15\n|\n|t:|1698004359\n|move|p1a: what are hazards|Toxic|p2a: Arcanine\n|-status|p2a: Arcanine|tox\n|move|p2a: Arcanine|Facade|p1a: what are hazards\n|-resisted|p1a: what are hazards\n|-damage|p1a: what are hazards|50\/100\n|\n|-heal|p1a: what are hazards|57\/100|[from] item: Leftovers\n|-damage|p2a: Arcanine|94\/100 tox|[from] psn\n|upkeep\n|turn|16\n|\n|t:|1698004363\n|move|p1a: what are hazards|Earth Power|p2a: Arcanine\n|-supereffective|p2a: Arcanine\n|-damage|p2a: Arcanine|35\/100 tox\n|move|p2a: Arcanine|Heat Crash|p1a: what are hazards\n|-resisted|p1a: what are hazards\n|-damage|p1a: what are hazards|42\/100\n|\n|-heal|p1a: what are hazards|48\/100|[from] item: Leftovers\n|-damage|p2a: Arcanine|23\/100 tox|[from] psn\n|upkeep\n|-enditem|p2a: Arcanine|Wiki Berry|[eat]\n|-heal|p2a: Arcanine|56\/100 tox|[from] item: Wiki Berry\n|turn|17\n|\n|t:|1698004367\n|move|p1a: what are hazards|Spiky Shield|p1a: what are hazards\n|-singleturn|p1a: what are hazards|move: Protect\n|move|p2a: Arcanine|Extreme Speed|p1a: what are hazards\n|-activate|p1a: what are hazards|move: Protect\n|-damage|p2a: Arcanine|44\/100 tox|[from] Spiky Shield|[of] p1a: what are hazards\n|\n|-heal|p1a: what are hazards|55\/100|[from] item: Leftovers\n|-damage|p2a: Arcanine|25\/100 tox|[from] psn\n|upkeep\n|turn|18\n|\n|t:|1698004373\n|switch|p1a: thats crazy but|Landorus-Therian, M, shiny|100\/100\n|-ability|p1a: thats crazy but|Intimidate|boost\n|-unboost|p2a: Arcanine|atk|1\n|move|p2a: Arcanine|Flame Charge|p1a: thats crazy but\n|-damage|p1a: thats crazy but|85\/100\n|-boost|p2a: Arcanine|spe|1\n|\n|-damage|p2a: Arcanine|1\/100 tox|[from] psn\n|upkeep\n|turn|19\n|\n|t:|1698004381\n|move|p2a: Arcanine|Heat Crash|p1a: thats crazy but\n|-damage|p1a: thats crazy but|66\/100\n|move|p1a: thats crazy but|Nasty Plot|p1a: thats crazy but\n|-boost|p1a: thats crazy but|spa|2\n|\n|-damage|p2a: Arcanine|0 fnt|[from] psn\n|faint|p2a: Arcanine\n|upkeep\n|\n|t:|1698004384\n|switch|p2a: Armarouge|Armarouge, M|100\/100\n|turn|20\n|\n|t:|1698004388\n|move|p1a: thats crazy but|Earth Power|p2a: Armarouge\n|-supereffective|p2a: Armarouge\n|-damage|p2a: Armarouge|0 fnt\n|faint|p2a: Armarouge\n|-damage|p1a: thats crazy but|56\/100|[from] item: Life Orb\n|\n|upkeep\n|\n|t:|1698004392\n|switch|p2a: Arceus|Arceus|100\/100\n|turn|21\n|\n|t:|1698004396\n|move|p1a: thats crazy but|Earth Power|p2a: Arceus\n|-damage|p2a: Arceus|35\/100\n|-damage|p1a: thats crazy but|46\/100|[from] item: Life Orb\n|move|p2a: Arceus|Judgment|p1a: thats crazy but\n|-damage|p1a: thats crazy but|0 fnt\n|faint|p1a: thats crazy but\n|\n|upkeep\n|\n|t:|1698004399\n|switch|p1a: lmao|Iron Moth|84\/100\n|turn|22\n|\n|t:|1698004404\n|-terastallize|p1a: lmao|Bug\n|move|p1a: lmao|Lunge|p2a: Arceus\n|-damage|p2a: Arceus|7\/100\n|-unboost|p2a: Arceus|atk|1\n|move|p2a: Arceus|Judgment|p1a: lmao\n|-damage|p1a: lmao|34\/100\n|\n|upkeep\n|turn|23\n|\n|t:|1698004408\n|move|p1a: lmao|Lunge|p2a: Arceus\n|-damage|p2a: Arceus|0 fnt\n|faint|p2a: Arceus\n|\n|win|Camikami\n|raw|Camikami's rating: 1000 &rarr; <strong>1045<\/strong><br \/>(+45 for winning)\n|raw|cartoon cat 4455's rating: 1046 &rarr; <strong>1027<\/strong><br \/>(-19 for losing)\n|l|\u2606cartoon cat 4455\n","uploadtime":1698004412,"views":15,"p1id":"camikami","p2id":"cartooncat4455","formatid":"gen9ubers","rating":1027,"private":0,"password":""}