{"id":"gen9ubers-1978509302","p1":"FrostyRandom02","p2":"sword over shield","format":"[Gen 9] Ubers","log":"|j|\u2606FrostyRandom02\n|j|\u2606sword over shield\n|t:|1698548324\n|gametype|singles\n|player|p1|FrostyRandom02|riley|\n|player|p2|sword over shield|2|\n|teamsize|p1|6\n|teamsize|p2|6\n|gen|9\n|tier|[Gen 9] Ubers\n|rule|Sleep Clause Mod: Limit one foe put to sleep\n|rule|Species Clause: Limit one of each Pok\u00e9mon\n|rule|OHKO Clause: OHKO moves are banned\n|rule|Evasion Items Clause: Evasion items are banned\n|rule|Evasion Moves Clause: Evasion moves are banned\n|rule|Endless Battle Clause: Forcing endless battles is banned\n|rule|HP Percentage Mod: HP is shown in percentages\n|clearpoke\n|poke|p1|Okidogi, M|\n|poke|p1|Cyclizar, M|\n|poke|p1|Chi-Yu|\n|poke|p1|Espathra, M|\n|poke|p1|Rillaboom, F|\n|poke|p1|Zacian-*|\n|poke|p2|Palafin, M|\n|poke|p2|Pelipper, M|\n|poke|p2|Palkia-Origin|\n|poke|p2|Basculegion-F, F|\n|poke|p2|Dialga|\n|poke|p2|Scizor, M|\n|teampreview\n|\n|t:|1698548350\n|start\n|switch|p1a: Cyclizar|Cyclizar, M|100\/100\n|switch|p2a: Pelipper|Pelipper, M|100\/100\n|-weather|RainDance|[from] ability: Drizzle|[of] p2a: Pelipper\n|turn|1\n|\n|t:|1698548355\n|move|p1a: Cyclizar|Shed Tail|p1a: Cyclizar\n|-start|p1a: Cyclizar|Substitute|[from] move: Shed Tail\n|-damage|p1a: Cyclizar|50\/100\n|\n|t:|1698548368\n|switch|p1a: Okidogi|Okidogi, M|100\/100|[from] Shed Tail\n|move|p2a: Pelipper|U-turn|p1a: Okidogi\n|-resisted|p1a: Okidogi\n|-activate|p1a: Okidogi|move: Substitute|[damage]\n|\n|t:|1698548378\n|switch|p2a: Palafin|Palafin, M|100\/100|[from] U-turn\n|\n|-weather|RainDance|[upkeep]\n|upkeep\n|turn|2\n|\n|t:|1698548390\n|move|p2a: Palafin|Flip Turn|p1a: Okidogi\n|-end|p1a: Okidogi|Substitute\n|\n|t:|1698548393\n|detailschange|p2a: Palafin|Palafin-Hero, M\n|switch|p2a: Dialga|Dialga|100\/100|[from] Flip Turn\n|-ability|p2a: Dialga|Pressure\n|move|p1a: Okidogi|Bulk Up|p1a: Okidogi\n|-boost|p1a: Okidogi|atk|1\n|-boost|p1a: Okidogi|def|1\n|\n|-weather|RainDance|[upkeep]\n|upkeep\n|turn|3\n|\n|t:|1698548404\n|move|p2a: Dialga|Earth Power|p1a: Okidogi\n|-supereffective|p1a: Okidogi\n|-damage|p1a: Okidogi|47\/100\n|move|p1a: Okidogi|Drain Punch|p2a: Dialga\n|-supereffective|p2a: Dialga\n|-damage|p2a: Dialga|30\/100\n|-heal|p1a: Okidogi|84\/100|[from] drain|[of] p2a: Dialga\n|\n|-weather|RainDance|[upkeep]\n|-heal|p2a: Dialga|36\/100|[from] item: Leftovers\n|-heal|p1a: Okidogi|90\/100|[from] item: Leftovers\n|upkeep\n|turn|4\n|\n|t:|1698548417\n|switch|p2a: Pelipper|Pelipper, M|100\/100\n|move|p1a: Okidogi|Drain Punch|p2a: Pelipper\n|-resisted|p2a: Pelipper\n|-damage|p2a: Pelipper|83\/100\n|-heal|p1a: Okidogi|98\/100|[from] drain|[of] p2a: Pelipper\n|\n|-weather|RainDance|[upkeep]\n|-heal|p1a: Okidogi|100\/100|[from] item: Leftovers\n|upkeep\n|turn|5\n|\n|t:|1698548427\n|move|p1a: Okidogi|Knock Off|p2a: Pelipper\n|-damage|p2a: Pelipper|53\/100\n|-enditem|p2a: Pelipper|Damp Rock|[from] move: Knock Off|[of] p1a: Okidogi\n|move|p2a: Pelipper|Hurricane|p1a: Okidogi\n|-supereffective|p1a: Okidogi\n|-crit|p1a: Okidogi\n|-damage|p1a: Okidogi|28\/100\n|\n|-weather|RainDance|[upkeep]\n|-heal|p1a: Okidogi|34\/100|[from] item: Leftovers\n|upkeep\n|turn|6\n|\n|t:|1698548438\n|move|p1a: Okidogi|Poison Jab|p2a: Pelipper\n|-damage|p2a: Pelipper|17\/100\n|-status|p2a: Pelipper|psn\n|move|p2a: Pelipper|Hurricane|p1a: Okidogi\n|-supereffective|p1a: Okidogi\n|-damage|p1a: Okidogi|0 fnt\n|faint|p1a: Okidogi\n|\n|-weather|RainDance|[upkeep]\n|-damage|p2a: Pelipper|4\/100 psn|[from] psn\n|upkeep\n|\n|t:|1698548444\n|switch|p1a: Rillaboom|Rillaboom, F|100\/100\n|-fieldstart|move: Grassy Terrain|[from] ability: Grassy Surge|[of] p1a: Rillaboom\n|turn|7\n|\n|t:|1698548452\n|switch|p2a: Scizor|Scizor, M|100\/100\n|move|p1a: Rillaboom|Grassy Glide|p2a: Scizor\n|-resisted|p2a: Scizor\n|-damage|p2a: Scizor|87\/100\n|\n|-weather|RainDance|[upkeep]\n|-heal|p2a: Scizor|93\/100|[from] Grassy Terrain\n|-heal|p2a: Scizor|99\/100|[from] item: Leftovers\n|upkeep\n|turn|8\n|\n|t:|1698548462\n|switch|p1a: Cyclizar|Cyclizar, M|84\/100\n|move|p2a: Scizor|U-turn|p1a: Cyclizar\n|-damage|p1a: Cyclizar|32\/100\n|\n|t:|1698548473\n|switch|p2a: Palafin|Palafin-Hero, M|100\/100|[from] U-turn\n|-activate|p2a: Palafin|ability: Zero to Hero\n|\n|-weather|none\n|-heal|p1a: Cyclizar|38\/100|[from] Grassy Terrain\n|upkeep\n|turn|9\n|\n|t:|1698548488\n|move|p1a: Cyclizar|U-turn|p2a: Palafin\n|-damage|p2a: Palafin|84\/100\n|\n|t:|1698548492\n|switch|p1a: Rillaboom|Rillaboom, F|100\/100|[from] U-turn\n|move|p2a: Palafin|Flip Turn|p1a: Rillaboom\n|-resisted|p1a: Rillaboom\n|-damage|p1a: Rillaboom|74\/100\n|\n|t:|1698548498\n|switch|p2a: Scizor|Scizor, M|99\/100|[from] Flip Turn\n|\n|-heal|p1a: Rillaboom|80\/100|[from] Grassy Terrain\n|-heal|p2a: Scizor|100\/100|[from] Grassy Terrain\n|upkeep\n|turn|10\n|\n|t:|1698548508\n|switch|p1a: Chi-Yu|Chi-Yu|100\/100\n|-ability|p1a: Chi-Yu|Beads of Ruin\n|move|p2a: Scizor|U-turn|p1a: Chi-Yu\n|-damage|p1a: Chi-Yu|31\/100\n|\n|t:|1698548515\n|switch|p2a: Palafin|Palafin-Hero, M|84\/100|[from] U-turn\n|\n|-heal|p1a: Chi-Yu|37\/100|[from] Grassy Terrain\n|-heal|p2a: Palafin|91\/100|[from] Grassy Terrain\n|upkeep\n|turn|11\n|\n|t:|1698548523\n|switch|p1a: Cyclizar|Cyclizar, M|71\/100\n|move|p2a: Palafin|Jet Punch|p1a: Cyclizar\n|-resisted|p1a: Cyclizar\n|-damage|p1a: Cyclizar|32\/100\n|\n|-heal|p1a: Cyclizar|38\/100|[from] Grassy Terrain\n|-heal|p2a: Palafin|97\/100|[from] Grassy Terrain\n|-fieldend|move: Grassy Terrain\n|upkeep\n|turn|12\n|\n|t:|1698548531\n|move|p2a: Palafin|Jet Punch|p1a: Cyclizar\n|-resisted|p1a: Cyclizar\n|-damage|p1a: Cyclizar|0 fnt\n|faint|p1a: Cyclizar\n|\n|upkeep\n|\n|t:|1698548540\n|switch|p1a: Rillaboom|Rillaboom, F|80\/100\n|-fieldstart|move: Grassy Terrain|[from] ability: Grassy Surge|[of] p1a: Rillaboom\n|turn|13\n|\n|t:|1698548546\n|switch|p2a: Pelipper|Pelipper, M|4\/100 psn\n|-weather|RainDance|[from] ability: Drizzle|[of] p2a: Pelipper\n|switch|p1a: Espathra|Espathra, M|100\/100\n|-enditem|p1a: Espathra|Grassy Seed\n|-boost|p1a: Espathra|def|1|[from] item: Grassy Seed\n|\n|-weather|RainDance|[upkeep]\n|-damage|p2a: Pelipper|0 fnt|[from] psn\n|faint|p2a: Pelipper\n|upkeep\n|\n|t:|1698548557\n|switch|p2a: Basculegion|Basculegion-F, F|100\/100\n|turn|14\n|\n|t:|1698548564\n|move|p2a: Basculegion|Last Respects|p1a: Espathra\n|-supereffective|p1a: Espathra\n|-damage|p1a: Espathra|12\/100\n|move|p1a: Espathra|Calm Mind|p1a: Espathra\n|-boost|p1a: Espathra|spa|1\n|-boost|p1a: Espathra|spd|1\n|\n|-weather|RainDance|[upkeep]\n|-heal|p1a: Espathra|18\/100|[from] Grassy Terrain\n|-ability|p1a: Espathra|Speed Boost|boost\n|-boost|p1a: Espathra|spe|1\n|upkeep\n|turn|15\n|\n|t:|1698548573\n|move|p1a: Espathra|Protect|p1a: Espathra\n|-singleturn|p1a: Espathra|Protect\n|move|p2a: Basculegion|Last Respects|p1a: Espathra\n|-activate|p1a: Espathra|move: Protect\n|\n|-weather|RainDance|[upkeep]\n|-heal|p1a: Espathra|24\/100|[from] Grassy Terrain\n|-ability|p1a: Espathra|Speed Boost|boost\n|-boost|p1a: Espathra|spe|1\n|upkeep\n|turn|16\n|\n|t:|1698548582\n|move|p1a: Espathra|Stored Power|p2a: Basculegion\n|-damage|p2a: Basculegion|30\/100\n|move|p2a: Basculegion|Last Respects|p1a: Espathra\n|-supereffective|p1a: Espathra\n|-damage|p1a: Espathra|0 fnt\n|faint|p1a: Espathra\n|\n|-weather|RainDance|[upkeep]\n|-heal|p2a: Basculegion|36\/100|[from] Grassy Terrain\n|upkeep\n|\n|t:|1698548584\n|switch|p1a: Rillaboom|Rillaboom, F|80\/100\n|turn|17\n|\n|t:|1698548586\n|move|p1a: Rillaboom|Grassy Glide|p2a: Basculegion\n|-supereffective|p2a: Basculegion\n|-damage|p2a: Basculegion|0 fnt\n|faint|p2a: Basculegion\n|\n|-weather|none\n|-heal|p1a: Rillaboom|86\/100|[from] Grassy Terrain\n|-fieldend|move: Grassy Terrain\n|upkeep\n|\n|t:|1698548594\n|switch|p2a: Scizor|Scizor, M|100\/100\n|turn|18\n|\n|t:|1698548599\n|switch|p1a: Zacian|Zacian|100\/100\n|-ability|p1a: Zacian|Intrepid Sword|boost\n|-boost|p1a: Zacian|atk|1\n|move|p2a: Scizor|U-turn|p1a: Zacian\n|-resisted|p1a: Zacian\n|-damage|p1a: Zacian|82\/100\n|\n|t:|1698548607\n|switch|p2a: Dialga|Dialga|36\/100|[from] U-turn\n|-ability|p2a: Dialga|Pressure\n|\n|-heal|p2a: Dialga|43\/100|[from] item: Leftovers\n|upkeep\n|turn|19\n|\n|t:|1698548610\n|move|p1a: Zacian|Play Rough|p2a: Dialga\n|-damage|p2a: Dialga|0 fnt\n|faint|p2a: Dialga\n|\n|upkeep\n|\n|t:|1698548622\n|switch|p2a: Scizor|Scizor, M|100\/100\n|turn|20\n|\n|t:|1698548648\n|-terastallize|p2a: Scizor|Steel\n|move|p1a: Zacian|Tera Blast|p2a: Scizor\n|-resisted|p2a: Scizor\n|-damage|p2a: Scizor|92\/100\n|move|p2a: Scizor|Swords Dance|p2a: Scizor\n|-boost|p2a: Scizor|atk|2\n|\n|-heal|p2a: Scizor|98\/100|[from] item: Leftovers\n|upkeep\n|turn|21\n|\n|t:|1698548656\n|-terastallize|p1a: Zacian|Fire\n|move|p2a: Scizor|Bullet Punch|p1a: Zacian\n|-resisted|p1a: Zacian\n|-damage|p1a: Zacian|42\/100\n|move|p1a: Zacian|Tera Blast|p2a: Scizor|[anim] Tera Blast Fire\n|-supereffective|p2a: Scizor\n|-damage|p2a: Scizor|0 fnt\n|faint|p2a: Scizor\n|\n|upkeep\n|c|\u2606FrostyRandom02|Showdown\n|\n|t:|1698548667\n|switch|p2a: Palafin|Palafin-Hero, M|97\/100\n|turn|22\n|\n|t:|1698548670\n|switch|p1a: Rillaboom|Rillaboom, F|86\/100\n|-fieldstart|move: Grassy Terrain|[from] ability: Grassy Surge|[of] p1a: Rillaboom\n|move|p2a: Palafin|Jet Punch|p1a: Rillaboom\n|-resisted|p1a: Rillaboom\n|-damage|p1a: Rillaboom|60\/100\n|\n|-heal|p2a: Palafin|100\/100|[from] Grassy Terrain\n|-heal|p1a: Rillaboom|66\/100|[from] Grassy Terrain\n|upkeep\n|turn|23\n|\n|t:|1698548683\n|switch|p2a: Palkia|Palkia-Origin|100\/100\n|-ability|p2a: Palkia|Pressure\n|move|p1a: Rillaboom|Grassy Glide|p2a: Palkia\n|-damage|p2a: Palkia|38\/100\n|\n|-heal|p2a: Palkia|44\/100|[from] Grassy Terrain\n|-heal|p1a: Rillaboom|73\/100|[from] Grassy Terrain\n|upkeep\n|turn|24\n|\n|t:|1698548686\n|move|p1a: Rillaboom|Grassy Glide|p2a: Palkia\n|-crit|p2a: Palkia\n|-damage|p2a: Palkia|0 fnt\n|faint|p2a: Palkia\n|\n|-heal|p1a: Rillaboom|79\/100|[from] Grassy Terrain\n|upkeep\n|\n|t:|1698548692\n|switch|p2a: Palafin|Palafin-Hero, M|100\/100\n|turn|25\n|\n|t:|1698548696\n|move|p2a: Palafin|Jet Punch|p1a: Rillaboom\n|-resisted|p1a: Rillaboom\n|-damage|p1a: Rillaboom|53\/100\n|move|p1a: Rillaboom|Grassy Glide|p2a: Palafin\n|-supereffective|p2a: Palafin\n|-damage|p2a: Palafin|0 fnt\n|faint|p2a: Palafin\n|\n|win|FrostyRandom02\n|c|\u2606sword over shield|gg\n|c|\u2606FrostyRandom02|gg\n","uploadtime":1698548702,"views":14,"p1id":"frostyrandom02","p2id":"swordovershield","formatid":"gen9ubers","rating":0,"private":0,"password":""}