{"id":"gen9ubers-1974546089","p1":"Layzrrs","p2":"PoopMan3210","format":"[Gen 9] Ubers","log":"|j|\u2606Layzrrs\n|j|\u2606PoopMan3210\n|t:|1698096081\n|gametype|singles\n|player|p1|Layzrrs|265|\n|player|p2|PoopMan3210|101|\n|teamsize|p1|6\n|teamsize|p2|6\n|gen|9\n|tier|[Gen 9] Ubers\n|rule|Sleep Clause Mod: Limit one foe put to sleep\n|rule|Species Clause: Limit one of each Pok\u00e9mon\n|rule|OHKO Clause: OHKO moves are banned\n|rule|Evasion Items Clause: Evasion items are banned\n|rule|Evasion Moves Clause: Evasion moves are banned\n|rule|Endless Battle Clause: Forcing endless battles is banned\n|rule|HP Percentage Mod: HP is shown in percentages\n|clearpoke\n|poke|p1|Kleavor, F|\n|poke|p1|Roaring Moon|\n|poke|p1|Gholdengo|\n|poke|p1|Infernape, M|\n|poke|p1|Azumarill, F|\n|poke|p1|Jolteon, M|\n|poke|p2|Clefable, M|\n|poke|p2|Iron Bundle|\n|poke|p2|Magnezone|\n|poke|p2|Maushold-Four|\n|poke|p2|Clodsire, M|\n|poke|p2|Dragonite, M|\n|teampreview\n|\n|t:|1698096111\n|start\n|switch|p1a: Kleavor|Kleavor, F|100\/100\n|switch|p2a: Magnezone|Magnezone|100\/100\n|turn|1\n|\n|t:|1698096132\n|switch|p2a: Clodsire|Clodsire, M|100\/100\n|move|p1a: Kleavor|U-turn|p2a: Clodsire\n|-resisted|p2a: Clodsire\n|-damage|p2a: Clodsire|80\/100\n|\n|t:|1698096147\n|switch|p1a: Roaring Moon|Roaring Moon|100\/100|[from] U-turn\n|-enditem|p1a: Roaring Moon|Booster Energy\n|-activate|p1a: Roaring Moon|ability: Protosynthesis|[fromitem]\n|-start|p1a: Roaring Moon|protosynthesisatk\n|\n|-heal|p2a: Clodsire|87\/100|[from] item: Leftovers\n|upkeep\n|turn|2\n|\n|t:|1698096162\n|move|p1a: Roaring Moon|Dragon Dance|p1a: Roaring Moon\n|-boost|p1a: Roaring Moon|atk|1\n|-boost|p1a: Roaring Moon|spe|1\n|move|p2a: Clodsire|Toxic|p1a: Roaring Moon\n|-status|p1a: Roaring Moon|tox\n|\n|-heal|p2a: Clodsire|93\/100|[from] item: Leftovers\n|-damage|p1a: Roaring Moon|95\/100 tox|[from] psn\n|upkeep\n|turn|3\n|\n|t:|1698096170\n|move|p1a: Roaring Moon|Earthquake|p2a: Clodsire\n|-supereffective|p2a: Clodsire\n|-damage|p2a: Clodsire|0 fnt\n|faint|p2a: Clodsire\n|\n|-damage|p1a: Roaring Moon|83\/100 tox|[from] psn\n|upkeep\n|\n|t:|1698096178\n|switch|p2a: Clefable|Clefable, M|100\/100\n|turn|4\n|\n|t:|1698096191\n|move|p1a: Roaring Moon|Iron Head|p2a: Clefable\n|-supereffective|p2a: Clefable\n|-damage|p2a: Clefable|40\/100\n|move|p2a: Clefable|Moonblast|p1a: Roaring Moon\n|-supereffective|p1a: Roaring Moon\n|-damage|p1a: Roaring Moon|0 fnt\n|faint|p1a: Roaring Moon\n|-end|p1a: Roaring Moon|Protosynthesis|[silent]\n|\n|upkeep\n|\n|t:|1698096198\n|switch|p1a: Gholdengo|Gholdengo|100\/100\n|-item|p1a: Gholdengo|Air Balloon\n|turn|5\n|\n|t:|1698096222\n|switch|p2a: Magnezone|Magnezone|100\/100\n|move|p1a: Gholdengo|Make It Rain|p2a: Magnezone\n|-resisted|p2a: Magnezone\n|-damage|p2a: Magnezone|89\/100\n|-unboost|p1a: Gholdengo|spa|1\n|\n|upkeep\n|turn|6\n|c|\u2606PoopMan3210|hehe\n|\n|t:|1698096256\n|switch|p1a: Jolteon|Jolteon, M|100\/100\n|move|p2a: Magnezone|Thunderbolt|p1a: Jolteon\n|-immune|p1a: Jolteon|[from] ability: Volt Absorb\n|\n|upkeep\n|turn|7\n|c|\u2606PoopMan3210|wait i forgot good as gold rip\n|c|\u2606Layzrrs|yeaaa\n|\n|t:|1698096273\n|move|p1a: Jolteon|Shadow Ball|p2a: Magnezone\n|-damage|p2a: Magnezone|70\/100\n|move|p2a: Magnezone|Body Press|p1a: Jolteon\n|-damage|p1a: Jolteon|64\/100\n|\n|upkeep\n|turn|8\n|\n|t:|1698096287\n|move|p1a: Jolteon|Shadow Ball|p2a: Magnezone\n|-damage|p2a: Magnezone|49\/100\n|move|p2a: Magnezone|Body Press|p1a: Jolteon\n|-crit|p1a: Jolteon\n|-damage|p1a: Jolteon|5\/100\n|\n|upkeep\n|turn|9\n|\n|t:|1698096294\n|move|p1a: Jolteon|Shadow Ball|p2a: Magnezone\n|-damage|p2a: Magnezone|29\/100\n|move|p2a: Magnezone|Flash Cannon|p1a: Jolteon\n|-resisted|p1a: Jolteon\n|-damage|p1a: Jolteon|0 fnt\n|faint|p1a: Jolteon\n|\n|upkeep\n|\n|t:|1698096303\n|switch|p1a: Infernape|Infernape, M|100\/100\n|turn|10\n|\n|t:|1698096314\n|move|p1a: Infernape|Close Combat|p2a: Magnezone\n|-supereffective|p2a: Magnezone\n|-damage|p2a: Magnezone|0 fnt\n|-unboost|p1a: Infernape|def|1\n|-unboost|p1a: Infernape|spd|1\n|faint|p2a: Magnezone\n|\n|upkeep\n|\n|t:|1698096331\n|switch|p2a: Iron Bundle|Iron Bundle|100\/100\n|turn|11\n|\n|t:|1698096366\n|switch|p1a: Azumarill|Azumarill, F|100\/100\n|move|p2a: Iron Bundle|Hydro Pump|p1a: Azumarill\n|-resisted|p1a: Azumarill\n|-damage|p1a: Azumarill|73\/100\n|\n|upkeep\n|turn|12\n|\n|t:|1698096373\n|move|p2a: Iron Bundle|Hydro Pump|p1a: Azumarill|[miss]\n|-miss|p2a: Iron Bundle|p1a: Azumarill\n|move|p1a: Azumarill|Ice Spinner|p2a: Iron Bundle\n|-resisted|p2a: Iron Bundle\n|-damage|p2a: Iron Bundle|85\/100\n|\n|upkeep\n|turn|13\n|c|\u2606Layzrrs|I MISS CLICKED\n|c|\u2606Layzrrs|LMFAO\n|\n|t:|1698096400\n|move|p2a: Iron Bundle|Hydro Pump|p1a: Azumarill\n|-resisted|p1a: Azumarill\n|-damage|p1a: Azumarill|44\/100\n|move|p1a: Azumarill|Ice Spinner|p2a: Iron Bundle\n|-resisted|p2a: Iron Bundle\n|-damage|p2a: Iron Bundle|70\/100\n|\n|upkeep\n|turn|14\n|\n|t:|1698096405\n|move|p2a: Iron Bundle|Hydro Pump|p1a: Azumarill\n|-resisted|p1a: Azumarill\n|-damage|p1a: Azumarill|15\/100\n|move|p1a: Azumarill|Ice Spinner|p2a: Iron Bundle\n|-resisted|p2a: Iron Bundle\n|-damage|p2a: Iron Bundle|54\/100\n|\n|upkeep\n|turn|15\n|c|\u2606PoopMan3210|RIP\n|\n|t:|1698096412\n|move|p2a: Iron Bundle|Hydro Pump|p1a: Azumarill\n|-resisted|p1a: Azumarill\n|-damage|p1a: Azumarill|0 fnt\n|faint|p1a: Azumarill\n|\n|upkeep\n|\n|t:|1698096416\n|switch|p1a: Infernape|Infernape, M|100\/100\n|turn|16\n|\n|t:|1698096422\n|-end|p2a: Iron Bundle|Quark Drive|[silent]\n|switch|p2a: Dragonite|Dragonite, M|100\/100\n|move|p1a: Infernape|Mach Punch|p2a: Dragonite\n|-resisted|p2a: Dragonite\n|-damage|p2a: Dragonite|92\/100\n|\n|upkeep\n|turn|17\n|\n|t:|1698096430\n|switch|p1a: Kleavor|Kleavor, F|100\/100\n|move|p2a: Dragonite|Earthquake|p1a: Kleavor\n|-damage|p1a: Kleavor|57\/100\n|\n|upkeep\n|turn|18\n|\n|t:|1698096432\n|move|p1a: Kleavor|Stone Axe|p2a: Dragonite\n|-supereffective|p2a: Dragonite\n|-damage|p2a: Dragonite|0 fnt\n|-sidestart|p2: PoopMan3210|move: Stealth Rock\n|faint|p2a: Dragonite\n|\n|upkeep\n|\n|t:|1698096475\n|switch|p2a: Iron Bundle|Iron Bundle|54\/100\n|-damage|p2a: Iron Bundle|29\/100|[from] Stealth Rock\n|turn|19\n|\n|t:|1698096479\n|move|p2a: Iron Bundle|Hydro Pump|p1a: Kleavor\n|-supereffective|p1a: Kleavor\n|-damage|p1a: Kleavor|0 fnt\n|faint|p1a: Kleavor\n|\n|upkeep\n|\n|t:|1698096491\n|switch|p1a: Gholdengo|Gholdengo|100\/100\n|-item|p1a: Gholdengo|Air Balloon\n|turn|20\n|\n|t:|1698096498\n|move|p2a: Iron Bundle|Hydro Pump|p1a: Gholdengo\n|-damage|p1a: Gholdengo|41\/100\n|-enditem|p1a: Gholdengo|Air Balloon\n|move|p1a: Gholdengo|Shadow Ball|p2a: Iron Bundle\n|-damage|p2a: Iron Bundle|0 fnt\n|faint|p2a: Iron Bundle\n|-end|p2a: Iron Bundle|Quark Drive|[silent]\n|\n|upkeep\n|\n|t:|1698096502\n|switch|p2a: Maushold|Maushold-Four|100\/100\n|-damage|p2a: Maushold|88\/100|[from] Stealth Rock\n|turn|21\n|\n|t:|1698096522\n|move|p2a: Maushold|Bite|p1a: Gholdengo\n|-supereffective|p1a: Gholdengo\n|-damage|p1a: Gholdengo|0 fnt\n|faint|p1a: Gholdengo\n|\n|upkeep\n|\n|t:|1698096526\n|switch|p1a: Infernape|Infernape, M|100\/100\n|turn|22\n|\n|t:|1698096541\n|-terastallize|p2a: Maushold|Normal\n|move|p2a: Maushold|Population Bomb|p1a: Infernape\n|-crit|p1a: Infernape\n|-damage|p1a: Infernape|64\/100\n|-damage|p1a: Infernape|40\/100\n|-damage|p1a: Infernape|18\/100\n|-damage|p1a: Infernape|0 fnt\n|faint|p1a: Infernape\n|-hitcount|p1: Infernape|4\n|\n|win|PoopMan3210\n|c|\u2606PoopMan3210|ggwp\n|c|\u2606Layzrrs|gg\n|c|\u2606Layzrrs|im so upset i miss clicked\n|c|\u2606PoopMan3210|what did you mean to click\n|c|\u2606Layzrrs|actually lost me the game\n|c|\u2606Layzrrs|Play Rough\n|c|\u2606Layzrrs|would have killed\n|c|\u2606PoopMan3210|i see\n|c|\u2606PoopMan3210|yeahhhh\n|c|\u2606Layzrrs|u got replay?\n|j| Siffs\n","uploadtime":1698096553,"views":25,"p1id":"layzrrs","p2id":"poopman3210","formatid":"gen9ubers","rating":0,"private":0,"password":""}