{"id":"gen9ubers-1975523008","p1":"WarpNacelle","p2":"Rubyboi711","format":"[Gen 9] Ubers","log":"|j|\u2606WarpNacelle\n|j|\u2606Rubyboi711\n|t:|1698200527\n|gametype|singles\n|player|p1|WarpNacelle|ghetsis-gen5bw|1362\n|player|p2|Rubyboi711|volkner|1238\n|teamsize|p1|6\n|teamsize|p2|6\n|gen|9\n|tier|[Gen 9] Ubers\n|rated|\n|rule|Sleep Clause Mod: Limit one foe put to sleep\n|rule|Species Clause: Limit one of each Pok\u00e9mon\n|rule|OHKO Clause: OHKO moves are banned\n|rule|Evasion Items Clause: Evasion items are banned\n|rule|Evasion Moves Clause: Evasion moves are banned\n|rule|Endless Battle Clause: Forcing endless battles is banned\n|rule|HP Percentage Mod: HP is shown in percentages\n|clearpoke\n|poke|p1|Miraidon|\n|poke|p1|Urshifu-*, M|\n|poke|p1|Arceus|\n|poke|p1|Flutter Mane|\n|poke|p1|Koraidon|\n|poke|p1|Zacian-*|\n|poke|p2|Regieleki|\n|poke|p2|Baxcalibur, M|\n|poke|p2|Florges, F|\n|poke|p2|Koraidon|\n|poke|p2|Miraidon|\n|poke|p2|Arceus-Water|\n|teampreview\n|inactive|Battle timer is ON: inactive players will automatically lose when time's up. (requested by WarpNacelle)\n|\n|t:|1698200534\n|start\n|switch|p1a: Miraidon|Miraidon|100\/100\n|switch|p2a: Baxcalibur|Baxcalibur, M|100\/100\n|-fieldstart|move: Electric Terrain|[from] ability: Hadron Engine|[of] p1a: Miraidon\n|turn|1\n|\n|t:|1698200544\n|-terastallize|p2a: Baxcalibur|Fairy\n|move|p1a: Miraidon|Dragon Pulse|p2a: Baxcalibur\n|-immune|p2a: Baxcalibur\n|move|p2a: Baxcalibur|Scale Shot|p1a: Miraidon\n|-supereffective|p1a: Miraidon\n|-damage|p1a: Miraidon|78\/100\n|-supereffective|p1a: Miraidon\n|-damage|p1a: Miraidon|52\/100\n|-supereffective|p1a: Miraidon\n|-damage|p1a: Miraidon|27\/100\n|-supereffective|p1a: Miraidon\n|-damage|p1a: Miraidon|0 fnt\n|faint|p1a: Miraidon\n|-hitcount|p1: Miraidon|4\n|-unboost|p2a: Baxcalibur|def|1\n|-boost|p2a: Baxcalibur|spe|1\n|\n|upkeep\n|\n|t:|1698200559\n|switch|p1a: Zacian|Zacian-Crowned|100\/100\n|-ability|p1a: Zacian|Intrepid Sword|boost\n|-boost|p1a: Zacian|atk|1\n|turn|2\n|\n|t:|1698200567\n|move|p2a: Baxcalibur|Earthquake|p1a: Zacian\n|-supereffective|p1a: Zacian\n|-damage|p1a: Zacian|35\/100\n|move|p1a: Zacian|Behemoth Blade|p2a: Baxcalibur\n|-supereffective|p2a: Baxcalibur\n|-damage|p2a: Baxcalibur|0 fnt\n|faint|p2a: Baxcalibur\n|\n|upkeep\n|\n|t:|1698200574\n|switch|p2a: Regieleki|Regieleki, shiny|100\/100\n|turn|3\n|\n|t:|1698200581\n|move|p2a: Regieleki|Thunderbolt|p1a: Zacian\n|-damage|p1a: Zacian|0 fnt\n|faint|p1a: Zacian\n|\n|upkeep\n|\n|t:|1698200586\n|switch|p1a: Arceus|Arceus|100\/100\n|turn|4\n|\n|t:|1698200596\n|-terastallize|p1a: Arceus|Normal\n|move|p1a: Arceus|Extreme Speed|p2a: Regieleki\n|-damage|p2a: Regieleki|0 fnt\n|faint|p2a: Regieleki\n|\n|upkeep\n|\n|t:|1698200603\n|switch|p2a: Koraidon|Koraidon|100\/100\n|-weather|SunnyDay|[from] ability: Orichalcum Pulse|[of] p2a: Koraidon\n|-activate|p2a: Koraidon|Orichalcum Pulse|[source]\n|turn|5\n|\n|t:|1698200614\n|switch|p1a: Flutter Mane|Flutter Mane|100\/100\n|-activate|p1a: Flutter Mane|ability: Protosynthesis\n|-start|p1a: Flutter Mane|protosynthesisspe\n|move|p2a: Koraidon|Collision Course|p1a: Flutter Mane\n|-immune|p1a: Flutter Mane\n|\n|-weather|SunnyDay|[upkeep]\n|-fieldend|move: Electric Terrain\n|upkeep\n|turn|6\n|\n|t:|1698200628\n|switch|p2a: Florges|Florges, F|100\/100\n|move|p1a: Flutter Mane|Moonblast|p2a: Florges\n|-damage|p2a: Florges|77\/100\n|-damage|p1a: Flutter Mane|91\/100|[from] item: Life Orb\n|\n|-weather|SunnyDay|[upkeep]\n|upkeep\n|turn|7\n|\n|t:|1698200637\n|move|p1a: Flutter Mane|Calm Mind|p1a: Flutter Mane\n|-boost|p1a: Flutter Mane|spa|1\n|-boost|p1a: Flutter Mane|spd|1\n|move|p2a: Florges|Draining Kiss|p1a: Flutter Mane\n|-damage|p1a: Flutter Mane|78\/100\n|-heal|p2a: Florges|84\/100|[from] drain|[of] p1a: Flutter Mane\n|\n|-weather|SunnyDay|[upkeep]\n|upkeep\n|turn|8\n|\n|t:|1698200644\n|move|p1a: Flutter Mane|Calm Mind|p1a: Flutter Mane\n|-boost|p1a: Flutter Mane|spa|1\n|-boost|p1a: Flutter Mane|spd|1\n|move|p2a: Florges|Draining Kiss|p1a: Flutter Mane\n|-damage|p1a: Flutter Mane|67\/100\n|-heal|p2a: Florges|89\/100|[from] drain|[of] p1a: Flutter Mane\n|\n|-weather|SunnyDay|[upkeep]\n|upkeep\n|turn|9\n|\n|t:|1698200664\n|move|p1a: Flutter Mane|Moonblast|p2a: Florges\n|-damage|p2a: Florges|37\/100\n|-damage|p1a: Flutter Mane|57\/100|[from] item: Life Orb\n|move|p2a: Florges|Draining Kiss|p1a: Flutter Mane\n|-damage|p1a: Flutter Mane|48\/100\n|-heal|p2a: Florges|42\/100|[from] drain|[of] p1a: Flutter Mane\n|\n|-weather|none\n|-end|p1a: Flutter Mane|Protosynthesis\n|upkeep\n|turn|10\n|\n|t:|1698200673\n|move|p1a: Flutter Mane|Moonblast|p2a: Florges\n|-damage|p2a: Florges|0 fnt\n|faint|p2a: Florges\n|-damage|p1a: Flutter Mane|38\/100|[from] item: Life Orb\n|\n|upkeep\n|\n|t:|1698200677\n|switch|p2a: Arceus|Arceus-Water|100\/100\n|turn|11\n|\n|t:|1698200683\n|move|p1a: Flutter Mane|Thunderbolt|p2a: Arceus\n|-supereffective|p2a: Arceus\n|-damage|p2a: Arceus|0 fnt\n|faint|p2a: Arceus\n|-damage|p1a: Flutter Mane|28\/100|[from] item: Life Orb\n|\n|upkeep\n|\n|t:|1698200686\n|switch|p2a: Miraidon|Miraidon|100\/100\n|-fieldstart|move: Electric Terrain|[from] ability: Hadron Engine|[of] p2a: Miraidon\n|turn|12\n|\n|t:|1698200693\n|move|p2a: Miraidon|Electro Drift|p1a: Flutter Mane\n|-damage|p1a: Flutter Mane|0 fnt\n|faint|p1a: Flutter Mane\n|-end|p1a: Flutter Mane|Protosynthesis|[silent]\n|\n|upkeep\n|\n|t:|1698200702\n|switch|p1a: Koraidon|Koraidon|100\/100\n|-weather|SunnyDay|[from] ability: Orichalcum Pulse|[of] p1a: Koraidon\n|-activate|p1a: Koraidon|Orichalcum Pulse|[source]\n|turn|13\n|\n|t:|1698200707\n|move|p2a: Miraidon|Dazzling Gleam|p1a: Koraidon\n|-supereffective|p1a: Koraidon\n|-damage|p1a: Koraidon|0 fnt\n|faint|p1a: Koraidon\n|\n|-weather|SunnyDay|[upkeep]\n|upkeep\n|\n|t:|1698200713\n|switch|p1a: Urshifu|Urshifu-Rapid-Strike, M|100\/100\n|turn|14\n|\n|t:|1698200720\n|move|p1a: Urshifu|Ice Spinner|p2a: Miraidon\n|-supereffective|p2a: Miraidon\n|-damage|p2a: Miraidon|41\/100\n|-fieldend|move: Electric Terrain\n|move|p2a: Miraidon|Electro Drift|p1a: Urshifu\n|-supereffective|p1a: Urshifu\n|-damage|p1a: Urshifu|0 fnt\n|faint|p1a: Urshifu\n|\n|-weather|SunnyDay|[upkeep]\n|upkeep\n|\n|t:|1698200728\n|switch|p1a: Arceus|Arceus, tera:Normal|100\/100\n|turn|15\n|\n|t:|1698200737\n|move|p1a: Arceus|Extreme Speed|p2a: Miraidon\n|-damage|p2a: Miraidon|0 fnt\n|faint|p2a: Miraidon\n|\n|-weather|SunnyDay|[upkeep]\n|upkeep\n|\n|t:|1698200740\n|switch|p2a: Koraidon|Koraidon|100\/100\n|-activate|p2a: Koraidon|ability: Orichalcum Pulse\n|turn|16\n|\n|t:|1698200748\n|move|p1a: Arceus|Extreme Speed|p2a: Koraidon\n|-damage|p2a: Koraidon|43\/100\n|move|p2a: Koraidon|Collision Course|p1a: Arceus\n|-supereffective|p1a: Arceus\n|-damage|p1a: Arceus|0 fnt\n|faint|p1a: Arceus\n|\n|win|Rubyboi711\n|raw|WarpNacelle's rating: 1362 &rarr; <strong>1335<\/strong><br \/>(-27 for losing)\n|raw|Rubyboi711's rating: 1238 &rarr; <strong>1272<\/strong><br \/>(+34 for winning)\n","uploadtime":1698200751,"views":6,"p1id":"warpnacelle","p2id":"rubyboi711","formatid":"gen9ubers","rating":1272,"private":0,"password":""}