{"id":"gen9ubers-1989232953","p1":"1P1o1s1h1e1","p2":"Bestmaindragonite","format":"[Gen 9] Ubers","log":"|j|\u26061P1o1s1h1e1\n|j|\u2606Bestmaindragonite\n|t:|1699826157\n|gametype|singles\n|player|p1|1P1o1s1h1e1|2|\n|player|p2|Bestmaindragonite|lillie|\n|teamsize|p1|6\n|teamsize|p2|6\n|gen|9\n|tier|[Gen 9] Ubers\n|rule|Sleep Clause Mod: Limit one foe put to sleep\n|rule|Species Clause: Limit one of each Pok\u00e9mon\n|rule|OHKO Clause: OHKO moves are banned\n|rule|Evasion Items Clause: Evasion items are banned\n|rule|Evasion Moves Clause: Evasion moves are banned\n|rule|Endless Battle Clause: Forcing endless battles is banned\n|rule|HP Percentage Mod: HP is shown in percentages\n|clearpoke\n|poke|p1|Rillaboom, M|\n|poke|p1|Sneasler, M|\n|poke|p1|Cyclizar, M|\n|poke|p1|Arceus-Fire|\n|poke|p1|Dialga-Origin|\n|poke|p1|Zacian-*|\n|poke|p2|Rillaboom, M|\n|poke|p2|Sneasler, F|\n|poke|p2|Arceus-Rock|\n|poke|p2|Donphan, F|\n|poke|p2|Magearna|\n|poke|p2|Dialga-Origin|\n|teampreview\n|c|\u26061P1o1s1h1e1|real\n|\n|t:|1699826178\n|start\n|switch|p1a: Cyclizar|Cyclizar, M|100\/100\n|switch|p2a: Big ogerpon|Arceus-Rock|100\/100\n|turn|1\n|\n|t:|1699826188\n|move|p1a: Cyclizar|Shed Tail|p1a: Cyclizar\n|-start|p1a: Cyclizar|Substitute|[from] move: Shed Tail\n|-damage|p1a: Cyclizar|50\/100\n|\n|t:|1699826192\n|switch|p1a: Dialga|Dialga-Origin|100\/100|[from] Shed Tail\n|-ability|p1a: Dialga|Pressure\n|move|p2a: Big ogerpon|Judgment|p1a: Dialga\n|-resisted|p1a: Dialga\n|-activate|p1a: Dialga|move: Substitute|[damage]\n|\n|upkeep\n|turn|2\n|\n|t:|1699826207\n|move|p2a: Big ogerpon|Earth Power|p1a: Dialga\n|-supereffective|p1a: Dialga\n|-end|p1a: Dialga|Substitute\n|move|p1a: Dialga|Steel Beam|p2a: Big ogerpon\n|-supereffective|p2a: Big ogerpon\n|-damage|p2a: Big ogerpon|0 fnt\n|-damage|p1a: Dialga|50\/100|[from] steelbeam\n|faint|p2a: Big ogerpon\n|\n|upkeep\n|\n|t:|1699826217\n|switch|p2a: Dialga|Dialga-Origin|100\/100\n|-ability|p2a: Dialga|Pressure\n|turn|3\n|\n|t:|1699826224\n|move|p2a: Dialga|Earth Power|p1a: Dialga\n|-supereffective|p1a: Dialga\n|-damage|p1a: Dialga|16\/100\n|-unboost|p1a: Dialga|spd|1\n|move|p1a: Dialga|Thunder Wave|p2a: Dialga\n|-status|p2a: Dialga|par\n|\n|upkeep\n|turn|4\n|\n|t:|1699826233\n|move|p1a: Dialga|Draco Meteor|p2a: Dialga\n|-damage|p2a: Dialga|35\/100 par\n|-unboost|p1a: Dialga|spa|2\n|move|p2a: Dialga|Flash Cannon|p1a: Dialga\n|-resisted|p1a: Dialga\n|-damage|p1a: Dialga|0 fnt\n|faint|p1a: Dialga\n|\n|upkeep\n|\n|t:|1699826243\n|switch|p1a: Zacian|Zacian|100\/100\n|-ability|p1a: Zacian|Intrepid Sword|boost\n|-boost|p1a: Zacian|atk|1\n|turn|5\n|\n|t:|1699826248\n|move|p1a: Zacian|Play Rough|p2a: Dialga\n|-damage|p2a: Dialga|0 fnt\n|faint|p2a: Dialga\n|\n|upkeep\n|\n|t:|1699826253\n|switch|p2a: Bloons td 7|Rillaboom, M|100\/100\n|-fieldstart|move: Grassy Terrain|[from] ability: Grassy Surge|[of] p2a: Bloons td 7\n|turn|6\n|\n|t:|1699826266\n|move|p1a: Zacian|Play Rough|p2a: Bloons td 7|[miss]\n|-miss|p1a: Zacian|p2a: Bloons td 7\n|move|p2a: Bloons td 7|U-turn|p1a: Zacian\n|-resisted|p1a: Zacian\n|-damage|p1a: Zacian|80\/100\n|\n|t:|1699826277\n|switch|p2a: Butch femboy|Sneasler, F|100\/100|[from] U-turn\n|-enditem|p2a: Butch femboy|Grassy Seed\n|-boost|p2a: Butch femboy|def|1|[from] item: Grassy Seed\n|\n|-heal|p1a: Zacian|86\/100|[from] Grassy Terrain\n|upkeep\n|turn|7\n|\n|t:|1699826280\n|-terastallize|p1a: Zacian|Ground\n|move|p2a: Butch femboy|Swords Dance|p2a: Butch femboy\n|-boost|p2a: Butch femboy|atk|2\n|move|p1a: Zacian|Tera Blast|p2a: Butch femboy|[anim] Tera Blast Ground\n|-supereffective|p2a: Butch femboy\n|-damage|p2a: Butch femboy|0 fnt\n|faint|p2a: Butch femboy\n|\n|-heal|p1a: Zacian|92\/100|[from] Grassy Terrain\n|upkeep\n|\n|t:|1699826289\n|switch|p2a: Bloons td 7|Rillaboom, M|100\/100\n|turn|8\n|\n|t:|1699826292\n|switch|p1a: Arceus|Arceus-Fire|100\/100\n|-terastallize|p2a: Bloons td 7|Grass\n|move|p2a: Bloons td 7|Grassy Glide|p1a: Arceus\n|-resisted|p1a: Arceus\n|-damage|p1a: Arceus|74\/100\n|\n|-heal|p1a: Arceus|80\/100|[from] Grassy Terrain\n|upkeep\n|turn|9\n|\n|t:|1699826299\n|switch|p2a: The classic set|Magearna|100\/100\n|move|p1a: Arceus|Judgment|p2a: The classic set\n|-supereffective|p2a: The classic set\n|-damage|p2a: The classic set|46\/100\n|\n|-heal|p1a: Arceus|86\/100|[from] Grassy Terrain\n|-heal|p2a: The classic set|52\/100|[from] Grassy Terrain\n|upkeep\n|turn|10\n|\n|t:|1699826306\n|move|p1a: Arceus|Judgment|p2a: The classic set\n|-supereffective|p2a: The classic set\n|-damage|p2a: The classic set|0 fnt\n|faint|p2a: The classic set\n|\n|-heal|p1a: Arceus|92\/100|[from] Grassy Terrain\n|-fieldend|move: Grassy Terrain\n|upkeep\n|\n|t:|1699826310\n|switch|p2a: Cute tusk|Donphan, F|100\/100\n|turn|11\n|\n|t:|1699826316\n|move|p1a: Arceus|Judgment|p2a: Cute tusk\n|-damage|p2a: Cute tusk|41\/100\n|move|p2a: Cute tusk|Earthquake|p1a: Arceus\n|-supereffective|p1a: Arceus\n|-damage|p1a: Arceus|20\/100\n|\n|upkeep\n|turn|12\n|\n|t:|1699826324\n|move|p1a: Arceus|Judgment|p2a: Cute tusk\n|-damage|p2a: Cute tusk|0 fnt\n|faint|p2a: Cute tusk\n|\n|upkeep\n|\n|t:|1699826326\n|switch|p2a: Bloons td 7|Rillaboom, M, tera:Grass|100\/100\n|-fieldstart|move: Grassy Terrain|[from] ability: Grassy Surge|[of] p2a: Bloons td 7\n|turn|13\n|\n|t:|1699826332\n|move|p2a: Bloons td 7|Grassy Glide|p1a: Arceus\n|-resisted|p1a: Arceus\n|-damage|p1a: Arceus|0 fnt\n|faint|p1a: Arceus\n|\n|upkeep\n|\n|t:|1699826336\n|switch|p1a: Sneasler|Sneasler, M, shiny|100\/100\n|-enditem|p1a: Sneasler|Grassy Seed\n|-boost|p1a: Sneasler|def|1|[from] item: Grassy Seed\n|turn|14\n|\n|t:|1699826340\n|move|p2a: Bloons td 7|Grassy Glide|p1a: Sneasler\n|-resisted|p1a: Sneasler\n|-damage|p1a: Sneasler|58\/100\n|move|p1a: Sneasler|Acrobatics|p2a: Bloons td 7\n|-supereffective|p2a: Bloons td 7\n|-damage|p2a: Bloons td 7|9\/100\n|\n|-heal|p1a: Sneasler|64\/100|[from] Grassy Terrain\n|-heal|p2a: Bloons td 7|15\/100|[from] Grassy Terrain\n|upkeep\n|turn|15\n|c|\u26061P1o1s1h1e1|gg\n|\n|t:|1699826344\n|move|p2a: Bloons td 7|Grassy Glide|p1a: Sneasler\n|-resisted|p1a: Sneasler\n|-damage|p1a: Sneasler|20\/100\n|move|p1a: Sneasler|Dire Claw|p2a: Bloons td 7\n|-supereffective|p2a: Bloons td 7\n|-damage|p2a: Bloons td 7|0 fnt\n|faint|p2a: Bloons td 7\n|\n|win|1P1o1s1h1e1\n|c|\u2606Bestmaindragonite|gg\n","uploadtime":1699826354,"views":43,"p1id":"1p1o1s1h1e1","p2id":"bestmaindragonite","formatid":"gen9ubers","rating":0,"private":0,"password":""}