{"id":"gen9ubers-1975551706","p1":"papirosas","p2":"idiotpokemoner","format":"[Gen 9] Ubers","log":"|j|\u2606papirosas\n|j|\u2606idiotpokemoner\n|t:|1698203886\n|gametype|singles\n|player|p1|papirosas|170|1000\n|player|p2|idiotpokemoner|266|1072\n|teamsize|p1|6\n|teamsize|p2|6\n|gen|9\n|tier|[Gen 9] Ubers\n|rated|\n|rule|Sleep Clause Mod: Limit one foe put to sleep\n|rule|Species Clause: Limit one of each Pok\u00e9mon\n|rule|OHKO Clause: OHKO moves are banned\n|rule|Evasion Items Clause: Evasion items are banned\n|rule|Evasion Moves Clause: Evasion moves are banned\n|rule|Endless Battle Clause: Forcing endless battles is banned\n|rule|HP Percentage Mod: HP is shown in percentages\n|clearpoke\n|poke|p1|Blissey, F|\n|poke|p1|Greninja-*, M|\n|poke|p1|Roaring Moon|\n|poke|p1|Dragonite, F|\n|poke|p1|Zapdos|\n|poke|p1|Lucario, M|\n|poke|p2|Hatterene, F|\n|poke|p2|Ogerpon-Hearthflame, F|\n|poke|p2|Zacian-*|\n|poke|p2|Palafin, F|\n|poke|p2|Miraidon|\n|poke|p2|Regieleki|\n|teampreview\n|inactive|Battle timer is ON: inactive players will automatically lose when time's up. (requested by idiotpokemoner)\n|\n|t:|1698203899\n|start\n|switch|p1a: Blissey|Blissey, F, shiny|100\/100\n|switch|p2a: Regieleki|Regieleki|100\/100\n|turn|1\n|\n|t:|1698203922\n|move|p2a: Regieleki|Explosion|p1a: Blissey\n|-damage|p1a: Blissey|26\/100\n|faint|p2a: Regieleki\n|move|p1a: Blissey|Earthquake|p2: Regieleki|[notarget]\n|-fail|p1a: Blissey\n|\n|upkeep\n|\n|t:|1698203927\n|switch|p2a: Ogerpon|Ogerpon-Hearthflame, F|100\/100\n|-ability|p2a: Ogerpon|Mold Breaker\n|turn|2\n|\n|t:|1698203936\n|-terastallize|p2a: Ogerpon|Fire\n|detailschange|p2a: Ogerpon|Ogerpon-Hearthflame-Tera, F, tera:Fire\n|-ability|p2a: Ogerpon|Embody Aspect (Hearthflame)|boost\n|-boost|p2a: Ogerpon|atk|1\n|move|p2a: Ogerpon|Ivy Cudgel|p1a: Blissey\n|-damage|p1a: Blissey|0 fnt\n|faint|p1a: Blissey\n|\n|upkeep\n|\n|t:|1698203944\n|switch|p1a: Greninja|Greninja, M|100\/100\n|turn|3\n|\n|t:|1698203954\n|switch|p2a: Palafin|Palafin, F|100\/100\n|move|p1a: Greninja|Surf|p2a: Palafin\n|-resisted|p2a: Palafin\n|-damage|p2a: Palafin|76\/100\n|\n|upkeep\n|turn|4\n|\n|t:|1698203981\n|detailschange|p2a: Palafin|Palafin-Hero, F\n|switch|p2a: Miraidon|Miraidon|100\/100\n|-fieldstart|move: Electric Terrain|[from] ability: Hadron Engine|[of] p2a: Miraidon\n|move|p1a: Greninja|Dark Pulse|p2a: Miraidon\n|-damage|p2a: Miraidon|74\/100\n|\n|upkeep\n|turn|5\n|\n|t:|1698203991\n|switch|p1a: Dragonite|Dragonite, F, shiny|100\/100\n|move|p2a: Miraidon|Volt Switch|p1a: Dragonite\n|-damage|p1a: Dragonite|28\/100\n|-damage|p2a: Miraidon|64\/100|[from] item: Life Orb\n|\n|t:|1698204000\n|switch|p2a: Palafin|Palafin-Hero, F|76\/100|[from] Volt Switch\n|-activate|p2a: Palafin|ability: Zero to Hero\n|\n|upkeep\n|turn|6\n|inactive|papirosas has 120 seconds left.\n|\n|t:|1698204029\n|move|p2a: Palafin|Jet Punch|p1a: Dragonite\n|-resisted|p1a: Dragonite\n|-damage|p1a: Dragonite|9\/100\n|move|p1a: Dragonite|Blizzard|p2a: Palafin|[miss]\n|-miss|p1a: Dragonite|p2a: Palafin\n|\n|upkeep\n|turn|7\n|inactive|papirosas has 120 seconds left.\n|\n|t:|1698204037\n|switch|p1a: Lucario|Lucario, M, shiny|100\/100\n|move|p2a: Palafin|Jet Punch|p1a: Lucario\n|-damage|p1a: Lucario|45\/100\n|\n|upkeep\n|turn|8\n|inactive|papirosas has 120 seconds left.\n|\n|t:|1698204047\n|move|p2a: Palafin|Jet Punch|p1a: Lucario\n|-damage|p1a: Lucario|0 fnt\n|faint|p1a: Lucario\n|\n|-fieldend|move: Electric Terrain\n|upkeep\n|inactive|papirosas has 120 seconds left.\n|\n|t:|1698204057\n|switch|p1a: Roaring Moon|Roaring Moon, shiny|100\/100\n|turn|9\n|\n|t:|1698204065\n|move|p2a: Palafin|Close Combat|p1a: Roaring Moon\n|-supereffective|p1a: Roaring Moon\n|-damage|p1a: Roaring Moon|3\/100\n|-unboost|p2a: Palafin|def|1\n|-unboost|p2a: Palafin|spd|1\n|move|p1a: Roaring Moon|Outrage|p2a: Palafin\n|-damage|p2a: Palafin|0 fnt\n|faint|p2a: Palafin\n|\n|upkeep\n|\n|t:|1698204075\n|switch|p2a: Miraidon|Miraidon|64\/100\n|-fieldstart|move: Electric Terrain|[from] ability: Hadron Engine|[of] p2a: Miraidon\n|turn|10\n|\n|t:|1698204079\n|move|p2a: Miraidon|Volt Switch|p1a: Roaring Moon\n|-resisted|p1a: Roaring Moon\n|-damage|p1a: Roaring Moon|0 fnt\n|faint|p1a: Roaring Moon\n|-end|p1a: Roaring Moon|Protosynthesis|[silent]\n|-damage|p2a: Miraidon|54\/100|[from] item: Life Orb\n|l|\u2606idiotpokemoner\n|inactive|idiotpokemoner disconnected and has a minute to reconnect!\n|player|p2|\n|inactive|idiotpokemoner has 30 seconds to reconnect!\n|j|\u2606idiotpokemoner\n|inactive|idiotpokemoner reconnected and has 110 seconds left.\n|player|p2|idiotpokemoner|266\n|\n|t:|1698204126\n|switch|p2a: Ogerpon|Ogerpon-Hearthflame-Tera, F, tera:Fire|100\/100|[from] Volt Switch\n|-ability|p2a: Ogerpon|Embody Aspect (Hearthflame)|boost\n|-boost|p2a: Ogerpon|atk|1\n|\n|upkeep\n|\n|t:|1698204131\n|switch|p1a: Greninja|Greninja, M|100\/100\n|turn|11\n|\n|t:|1698204137\n|switch|p2a: Miraidon|Miraidon|54\/100\n|-activate|p2a: Miraidon|ability: Hadron Engine\n|move|p1a: Greninja|Surf|p2a: Miraidon\n|-resisted|p2a: Miraidon\n|-damage|p2a: Miraidon|38\/100\n|\n|upkeep\n|turn|12\n|\n|t:|1698204150\n|switch|p1a: Zapdos|Zapdos, shiny|100\/100\n|-ability|p1a: Zapdos|Pressure\n|move|p2a: Miraidon|Electro Drift|p1a: Zapdos\n|-damage|p1a: Zapdos|6\/100\n|-damage|p2a: Miraidon|28\/100|[from] item: Life Orb\n|\n|upkeep\n|turn|13\n|\n|t:|1698204163\n|move|p2a: Miraidon|Volt Switch|p1a: Zapdos\n|-damage|p1a: Zapdos|0 fnt\n|faint|p1a: Zapdos\n|-damage|p2a: Miraidon|18\/100|[from] item: Life Orb\n|\n|t:|1698204168\n|switch|p2a: Hatterene|Hatterene, F|100\/100|[from] Volt Switch\n|\n|upkeep\n|\n|t:|1698204175\n|switch|p1a: Greninja|Greninja, M|100\/100\n|turn|14\n|-message|papirosas forfeited.\n|\n|win|idiotpokemoner\n|raw|papirosas's rating: 1000 &rarr; <strong>1000<\/strong><br \/>(+0 for losing)\n|raw|idiotpokemoner's rating: 1072 &rarr; <strong>1095<\/strong><br \/>(+23 for winning)\n|l|\u2606papirosas\n","uploadtime":1698204184,"views":10,"p1id":"papirosas","p2id":"idiotpokemoner","formatid":"gen9ubers","rating":1000,"private":0,"password":""}