{"id":"gen9ubers-1989193926","p1":"Kizaco","p2":"Nitro524","format":"[Gen 9] Ubers","log":"|j|\u2606Kizaco\n|j|\u2606Nitro524\n|t:|1699822067\n|gametype|singles\n|player|p1|Kizaco|169|\n|player|p2|Nitro524|hilbert|\n|teamsize|p1|6\n|teamsize|p2|6\n|gen|9\n|tier|[Gen 9] Ubers\n|rule|Sleep Clause Mod: Limit one foe put to sleep\n|rule|Species Clause: Limit one of each Pok\u00e9mon\n|rule|OHKO Clause: OHKO moves are banned\n|rule|Evasion Items Clause: Evasion items are banned\n|rule|Evasion Moves Clause: Evasion moves are banned\n|rule|Endless Battle Clause: Forcing endless battles is banned\n|rule|HP Percentage Mod: HP is shown in percentages\n|clearpoke\n|poke|p1|Palafin, F|\n|poke|p1|Landorus, M|\n|poke|p1|Baxcalibur, F|\n|poke|p1|Chi-Yu|\n|poke|p1|Zacian-*|\n|poke|p1|Palkia-Origin|\n|poke|p2|Torkoal, M|\n|poke|p2|Chi-Yu|\n|poke|p2|Lilligant-Hisui, F|\n|poke|p2|Arceus-Fire|\n|poke|p2|Roaring Moon|\n|poke|p2|Walking Wake|\n|teampreview\n|inactive|Battle timer is ON: inactive players will automatically lose when time's up. (requested by Nitro524)\n|c|\u2606Nitro524|glhf\n|\n|t:|1699822080\n|start\n|switch|p1a: Chi-Yu|Chi-Yu|100\/100\n|switch|p2a: Bring The Sun|Torkoal, M|100\/100\n|-ability|p1a: Chi-Yu|Beads of Ruin\n|-weather|SunnyDay|[from] ability: Drought|[of] p2a: Bring The Sun\n|turn|1\n|c|\u2606Kizaco|u2\n|\n|t:|1699822089\n|switch|p2a: Sitting Sleep|Walking Wake|100\/100\n|-activate|p2a: Sitting Sleep|ability: Protosynthesis\n|-start|p2a: Sitting Sleep|protosynthesisspe\n|move|p1a: Chi-Yu|Nasty Plot|p1a: Chi-Yu\n|-boost|p1a: Chi-Yu|spa|2\n|\n|-weather|SunnyDay|[upkeep]\n|upkeep\n|turn|2\n|c|\u2606Nitro524|oh poop\n|\n|t:|1699822103\n|switch|p1a: Palkia|Palkia-Origin|100\/100\n|-ability|p1a: Palkia|Pressure\n|move|p2a: Sitting Sleep|Hydro Steam|p1a: Palkia\n|-resisted|p1a: Palkia\n|-damage|p1a: Palkia|81\/100\n|\n|-weather|SunnyDay|[upkeep]\n|upkeep\n|turn|3\n|\n|t:|1699822130\n|-end|p2a: Sitting Sleep|Protosynthesis|[silent]\n|switch|p2a: Arceus|Arceus-Fire|100\/100\n|switch|p1a: Palafin|Palafin, F|100\/100\n|\n|-weather|SunnyDay|[upkeep]\n|upkeep\n|turn|4\n|\n|t:|1699822151\n|move|p2a: Arceus|Dragon Dance|p2a: Arceus\n|-boost|p2a: Arceus|atk|1\n|-boost|p2a: Arceus|spe|1\n|move|p1a: Palafin|Flip Turn|p2a: Arceus\n|-supereffective|p2a: Arceus\n|-damage|p2a: Arceus|80\/100\n|inactive|Kizaco has 270 seconds left.\n|\n|t:|1699822189\n|detailschange|p1a: Palafin|Palafin-Hero, F\n|switch|p1a: Baxcalibur|Baxcalibur, F|100\/100|[from] Flip Turn\n|\n|-weather|SunnyDay|[upkeep]\n|upkeep\n|turn|5\n|inactive|Nitro524 has 270 seconds left.\n|\n|t:|1699822212\n|switch|p1a: Palkia|Palkia-Origin|81\/100\n|-ability|p1a: Palkia|Pressure\n|move|p2a: Arceus|Flare Blitz|p1a: Palkia\n|-resisted|p1a: Palkia\n|-damage|p1a: Palkia|32\/100\n|-damage|p2a: Arceus|67\/100|[from] Recoil\n|\n|-weather|SunnyDay|[upkeep]\n|upkeep\n|turn|6\n|c|\u2606Nitro524|if you live this you win\n|c|\u2606Nitro524|ah\n|\n|t:|1699822222\n|move|p2a: Arceus|Earthquake|p1a: Palkia\n|-damage|p1a: Palkia|0 fnt\n|faint|p1a: Palkia\n|\n|-weather|SunnyDay|[upkeep]\n|upkeep\n|inactive|Kizaco has 240 seconds left.\n|c|\u2606Nitro524|good switch\n|\n|t:|1699822253\n|switch|p1a: Palafin|Palafin-Hero, F|100\/100\n|-activate|p1a: Palafin|ability: Zero to Hero\n|turn|7\n|inactive|Nitro524 has 270 seconds left.\n|inactive|Kizaco has 210 seconds left.\n|inactive|Nitro524 has 240 seconds left.\n|\n|t:|1699822306\n|move|p1a: Palafin|Jet Punch|p2a: Arceus\n|-supereffective|p2a: Arceus\n|-damage|p2a: Arceus|30\/100\n|move|p2a: Arceus|Recover|p2a: Arceus\n|-heal|p2a: Arceus|81\/100\n|\n|-weather|SunnyDay|[upkeep]\n|upkeep\n|turn|8\n|inactive|Kizaco has 210 seconds left.\n|\n|t:|1699822323\n|move|p1a: Palafin|Jet Punch|p2a: Arceus\n|-supereffective|p2a: Arceus\n|-damage|p2a: Arceus|38\/100\n|move|p2a: Arceus|Recover|p2a: Arceus\n|-heal|p2a: Arceus|88\/100\n|\n|-weather|none\n|upkeep\n|turn|9\n|inactive|Kizaco has 210 seconds left.\n|inactive|Nitro524 has 240 seconds left.\n|\n|t:|1699822343\n|switch|p2a: Bring The Sun|Torkoal, M|100\/100\n|-weather|SunnyDay|[from] ability: Drought|[of] p2a: Bring The Sun\n|move|p1a: Palafin|Jet Punch|p2a: Bring The Sun\n|-supereffective|p2a: Bring The Sun\n|-damage|p2a: Bring The Sun|68\/100\n|\n|-weather|SunnyDay|[upkeep]\n|upkeep\n|turn|10\n|inactive|Kizaco has 210 seconds left.\n|inactive|Nitro524 has 240 seconds left.\n|\n|t:|1699822350\n|switch|p1a: Chi-Yu|Chi-Yu|100\/100\n|-ability|p1a: Chi-Yu|Beads of Ruin\n|move|p2a: Bring The Sun|Yawn|p1a: Chi-Yu\n|-start|p1a: Chi-Yu|move: Yawn|[of] p2a: Bring The Sun\n|\n|-weather|SunnyDay|[upkeep]\n|upkeep\n|turn|11\n|\n|t:|1699822354\n|switch|p1a: Baxcalibur|Baxcalibur, F|100\/100\n|move|p2a: Bring The Sun|Stealth Rock|p1a: Baxcalibur\n|-sidestart|p1: Kizaco|move: Stealth Rock\n|\n|-weather|SunnyDay|[upkeep]\n|upkeep\n|turn|12\n|inactive|Nitro524 has 240 seconds left.\n|\n|t:|1699822382\n|move|p1a: Baxcalibur|Scale Shot|p2a: Bring The Sun|[miss]\n|-miss|p1a: Baxcalibur|p2a: Bring The Sun\n|move|p2a: Bring The Sun|Yawn|p1a: Baxcalibur\n|-start|p1a: Baxcalibur|move: Yawn|[of] p2a: Bring The Sun\n|\n|-weather|SunnyDay|[upkeep]\n|upkeep\n|turn|13\n|inactive|Nitro524 has 240 seconds left.\n|\n|t:|1699822398\n|switch|p1a: Landorus|Landorus, M|100\/100\n|-damage|p1a: Landorus|88\/100|[from] Stealth Rock\n|switch|p2a: Sitting Sleep|Walking Wake|100\/100\n|-activate|p2a: Sitting Sleep|ability: Protosynthesis\n|-start|p2a: Sitting Sleep|protosynthesisspe\n|\n|-weather|SunnyDay|[upkeep]\n|upkeep\n|turn|14\n|\n|t:|1699822414\n|switch|p1a: Palafin|Palafin-Hero, F|100\/100\n|-damage|p1a: Palafin|88\/100|[from] Stealth Rock\n|move|p2a: Sitting Sleep|Hydro Steam|p1a: Palafin\n|-resisted|p1a: Palafin\n|-damage|p1a: Palafin|35\/100\n|\n|-weather|SunnyDay|[upkeep]\n|upkeep\n|turn|15\n|\n|t:|1699822424\n|move|p2a: Sitting Sleep|Hydro Steam|p1a: Palafin\n|-resisted|p1a: Palafin\n|-damage|p1a: Palafin|0 fnt\n|faint|p1a: Palafin\n|\n|-weather|SunnyDay|[upkeep]\n|upkeep\n|inactive|Kizaco has 210 seconds left.\n|\n|t:|1699822446\n|switch|p1a: Zacian|Zacian|100\/100\n|-ability|p1a: Zacian|Intrepid Sword|boost\n|-boost|p1a: Zacian|atk|1\n|turn|16\n|inactive|Nitro524 has 240 seconds left.\n|inactive|Nitro524 has 210 seconds left.\n|\n|t:|1699822517\n|move|p2a: Sitting Sleep|Hydro Steam|p1a: Zacian\n|-damage|p1a: Zacian|10\/100\n|move|p1a: Zacian|Play Rough|p2a: Sitting Sleep\n|-supereffective|p2a: Sitting Sleep\n|-damage|p2a: Sitting Sleep|0 fnt\n|faint|p2a: Sitting Sleep\n|-end|p2a: Sitting Sleep|Protosynthesis|[silent]\n|\n|-weather|none\n|upkeep\n|inactive|Nitro524 has 180 seconds left.\n|inactive|Nitro524 has 150 seconds left.\n|\n|t:|1699822564\n|switch|p2a: Bring The Sun|Torkoal, M|68\/100\n|-weather|SunnyDay|[from] ability: Drought|[of] p2a: Bring The Sun\n|turn|17\n|inactive|Nitro524 has 150 seconds left.\n|inactive|Kizaco has 210 seconds left.\n|\n|t:|1699822600\n|move|p1a: Zacian|Close Combat|p2a: Bring The Sun\n|-damage|p2a: Bring The Sun|35\/100\n|-unboost|p1a: Zacian|def|1\n|-unboost|p1a: Zacian|spd|1\n|move|p2a: Bring The Sun|Lava Plume|p1a: Zacian\n|-damage|p1a: Zacian|0 fnt\n|faint|p1a: Zacian\n|\n|-weather|SunnyDay|[upkeep]\n|upkeep\n|\n|t:|1699822609\n|switch|p1a: Baxcalibur|Baxcalibur, F|100\/100\n|-damage|p1a: Baxcalibur|76\/100|[from] Stealth Rock\n|turn|18\n|inactive|Nitro524 has 150 seconds left.\n|inactive|Nitro524 has 120 seconds left.\n|\n|t:|1699822654\n|-terastallize|p2a: Bring The Sun|Fairy\n|move|p1a: Baxcalibur|Scale Shot|p2a: Bring The Sun\n|-immune|p2a: Bring The Sun\n|move|p2a: Bring The Sun|Yawn|p1a: Baxcalibur\n|-start|p1a: Baxcalibur|move: Yawn|[of] p2a: Bring The Sun\n|\n|-weather|SunnyDay|[upkeep]\n|upkeep\n|turn|19\n|\n|t:|1699822666\n|switch|p1a: Chi-Yu|Chi-Yu|100\/100\n|-ability|p1a: Chi-Yu|Beads of Ruin\n|switch|p2a: Hector Salamanca|Roaring Moon|100\/100\n|-activate|p2a: Hector Salamanca|ability: Protosynthesis\n|-start|p2a: Hector Salamanca|protosynthesisspe\n|\n|-weather|SunnyDay|[upkeep]\n|upkeep\n|turn|20\n|inactive|Kizaco has 210 seconds left.\n|inactive|Kizaco has 180 seconds left.\n|\n|t:|1699822708\n|switch|p1a: Landorus|Landorus, M|88\/100\n|-damage|p1a: Landorus|76\/100|[from] Stealth Rock\n|move|p2a: Hector Salamanca|Earthquake|p1a: Landorus\n|-immune|p1a: Landorus\n|\n|-weather|SunnyDay|[upkeep]\n|upkeep\n|turn|21\n|inactive|Kizaco has 180 seconds left.\n|inactive|Nitro524 has 90 seconds left.\n|j| god of joe\n|\n|t:|1699822762\n|move|p2a: Hector Salamanca|Knock Off|p1a: Landorus\n|-damage|p1a: Landorus|20\/100\n|-enditem|p1a: Landorus|Life Orb|[from] move: Knock Off|[of] p2a: Hector Salamanca\n|move|p1a: Landorus|Focus Blast|p2a: Hector Salamanca\n|-supereffective|p2a: Hector Salamanca\n|-damage|p2a: Hector Salamanca|2\/100\n|\n|-weather|SunnyDay|[upkeep]\n|upkeep\n|turn|22\n|c|\u2606Nitro524|nice\n|l| god of joe\n|inactive|Kizaco has 180 seconds left.\n|\n|t:|1699822772\n|move|p2a: Hector Salamanca|Knock Off|p1a: Landorus\n|-damage|p1a: Landorus|0 fnt\n|faint|p1a: Landorus\n|\n|-weather|SunnyDay|[upkeep]\n|upkeep\n|inactive|Kizaco has 180 seconds left.\n|\n|t:|1699822779\n|switch|p1a: Chi-Yu|Chi-Yu|100\/100\n|-ability|p1a: Chi-Yu|Beads of Ruin\n|turn|23\n|\n|t:|1699822786\n|-terastallize|p1a: Chi-Yu|Dark\n|move|p2a: Hector Salamanca|Earthquake|p1a: Chi-Yu\n|-damage|p1a: Chi-Yu|30\/100\n|move|p1a: Chi-Yu|Flame Charge|p2a: Hector Salamanca\n|-resisted|p2a: Hector Salamanca\n|-damage|p2a: Hector Salamanca|0 fnt\n|-boost|p1a: Chi-Yu|spe|1\n|faint|p2a: Hector Salamanca\n|-end|p2a: Hector Salamanca|Protosynthesis|[silent]\n|\n|-weather|SunnyDay|[upkeep]\n|upkeep\n|\n|t:|1699822797\n|switch|p2a: Lilligant|Lilligant-Hisui, F|100\/100\n|turn|24\n|\n|t:|1699822808\n|move|p2a: Lilligant|Solar Blade||[still]\n|-prepare|p2a: Lilligant|Solar Blade\n|-anim|p2a: Lilligant|Solar Blade|p1a: Chi-Yu\n|-damage|p1a: Chi-Yu|0 fnt\n|faint|p1a: Chi-Yu\n|\n|-weather|none\n|upkeep\n|\n|t:|1699822812\n|switch|p1a: Baxcalibur|Baxcalibur, F|76\/100\n|-damage|p1a: Baxcalibur|51\/100|[from] Stealth Rock\n|turn|25\n|inactive|Kizaco has 210 seconds left.\n|inactive|Nitro524 has 90 seconds left.\n|\n|t:|1699822830\n|move|p2a: Lilligant|Close Combat|p1a: Baxcalibur\n|-supereffective|p1a: Baxcalibur\n|-damage|p1a: Baxcalibur|0 fnt\n|-unboost|p2a: Lilligant|def|1\n|-unboost|p2a: Lilligant|spd|1\n|faint|p1a: Baxcalibur\n|\n|win|Nitro524\n|c|\u2606Nitro524|gg\n|c|\u2606Kizaco|ggs\n|l|\u2606Kizaco\n","uploadtime":1699822835,"views":15,"p1id":"kizaco","p2id":"nitro524","formatid":"gen9ubers","rating":0,"private":0,"password":""}