{"id":"gen9ubers-1969245208","p1":"EvilMsSmash","p2":"encryptus","format":"[Gen 9] Ubers","log":"|j|\u2606EvilMsSmash\n|j|\u2606encryptus\n|t:|1697505495\n|gametype|singles\n|player|p1|EvilMsSmash|nobunaga-conquest|1106\n|player|p2|encryptus|roxie|1158\n|teamsize|p1|6\n|teamsize|p2|6\n|gen|9\n|tier|[Gen 9] Ubers\n|rated|\n|rule|Sleep Clause Mod: Limit one foe put to sleep\n|rule|Species Clause: Limit one of each Pok\u00e9mon\n|rule|OHKO Clause: OHKO moves are banned\n|rule|Evasion Items Clause: Evasion items are banned\n|rule|Evasion Moves Clause: Evasion moves are banned\n|rule|Endless Battle Clause: Forcing endless battles is banned\n|rule|HP Percentage Mod: HP is shown in percentages\n|clearpoke\n|poke|p1|Kyogre|\n|poke|p1|Koraidon|\n|poke|p1|Iron Treads|\n|poke|p1|Eternatus|\n|poke|p1|Arceus-Fairy|\n|poke|p1|Kingambit, M|\n|poke|p2|Sneasler, F|\n|poke|p2|Kingambit, M|\n|poke|p2|Mewtwo|\n|poke|p2|Ursaluna-Bloodmoon, M|\n|poke|p2|Skeledirge, M|\n|poke|p2|Miraidon|\n|teampreview\n|\n|t:|1697505506\n|start\n|switch|p1a: Kyogre|Kyogre|100\/100\n|switch|p2a: Miraidon|Miraidon|100\/100\n|-fieldstart|move: Electric Terrain|[from] ability: Hadron Engine|[of] p2a: Miraidon\n|-weather|RainDance|[from] ability: Drizzle|[of] p1a: Kyogre\n|turn|1\n|\n|t:|1697505517\n|switch|p1a: Eternatus|Eternatus|100\/100\n|-ability|p1a: Eternatus|Pressure\n|move|p2a: Miraidon|Draco Meteor|p1a: Eternatus\n|-supereffective|p1a: Eternatus\n|-damage|p1a: Eternatus|0 fnt\n|-unboost|p2a: Miraidon|spa|2\n|faint|p1a: Eternatus\n|\n|-weather|RainDance|[upkeep]\n|upkeep\n|\n|t:|1697505522\n|switch|p1a: Arceus|Arceus-Fairy|100\/100\n|turn|2\n|\n|t:|1697505534\n|switch|p2a: Sneasler|Sneasler, F, shiny|100\/100\n|-enditem|p2a: Sneasler|Electric Seed\n|-boost|p2a: Sneasler|def|1|[from] item: Electric Seed\n|move|p1a: Arceus|Calm Mind|p1a: Arceus\n|-boost|p1a: Arceus|spa|1\n|-boost|p1a: Arceus|spd|1\n|\n|-weather|RainDance|[upkeep]\n|upkeep\n|turn|3\n|\n|t:|1697505544\n|-terastallize|p1a: Arceus|Poison\n|move|p2a: Sneasler|Dire Claw|p1a: Arceus\n|-resisted|p1a: Arceus\n|-damage|p1a: Arceus|89\/100\n|-status|p1a: Arceus|par\n|move|p1a: Arceus|Judgment|p2a: Sneasler\n|-damage|p2a: Sneasler|6\/100\n|\n|-weather|RainDance|[upkeep]\n|upkeep\n|turn|4\n|\n|t:|1697505557\n|move|p2a: Sneasler|Acrobatics|p1a: Arceus\n|-damage|p1a: Arceus|68\/100 par\n|move|p1a: Arceus|Earth Power|p2a: Sneasler\n|-supereffective|p2a: Sneasler\n|-damage|p2a: Sneasler|0 fnt\n|faint|p2a: Sneasler\n|\n|-weather|RainDance|[upkeep]\n|upkeep\n|\n|t:|1697505578\n|switch|p2a: Mewtwo|Mewtwo|100\/100\n|-ability|p2a: Mewtwo|Pressure\n|turn|5\n|\n|t:|1697505586\n|switch|p1a: Kingambit|Kingambit, M|100\/100\n|-activate|p1a: Kingambit|ability: Supreme Overlord\n|-start|p1a: Kingambit|fallen1|[silent]\n|move|p2a: Mewtwo|Psystrike|p1a: Kingambit\n|-immune|p1a: Kingambit\n|\n|-weather|none\n|-fieldend|move: Electric Terrain\n|upkeep\n|turn|6\n|\n|t:|1697505596\n|switch|p2a: Ursaluna|Ursaluna-Bloodmoon, M|100\/100\n|-end|p1a: Kingambit|fallen1|[silent]\n|switch|p1a: Iron Treads|Iron Treads|100\/100\n|\n|upkeep\n|turn|7\n|\n|t:|1697505607\n|move|p1a: Iron Treads|Stealth Rock|p2a: Ursaluna\n|-sidestart|p2: encryptus|move: Stealth Rock\n|move|p2a: Ursaluna|Calm Mind|p2a: Ursaluna\n|-boost|p2a: Ursaluna|spa|1\n|-boost|p2a: Ursaluna|spd|1\n|\n|upkeep\n|turn|8\n|\n|t:|1697505616\n|move|p1a: Iron Treads|Knock Off|p2a: Ursaluna\n|-damage|p2a: Ursaluna|87\/100\n|-enditem|p2a: Ursaluna|Leftovers|[from] move: Knock Off|[of] p1a: Iron Treads\n|move|p2a: Ursaluna|Calm Mind|p2a: Ursaluna\n|-boost|p2a: Ursaluna|spa|1\n|-boost|p2a: Ursaluna|spd|1\n|\n|upkeep\n|turn|9\n|\n|t:|1697505630\n|-end|p1a: Iron Treads|Quark Drive|[silent]\n|switch|p1a: Koraidon|Koraidon|100\/100\n|-weather|SunnyDay|[from] ability: Orichalcum Pulse|[of] p1a: Koraidon\n|-activate|p1a: Koraidon|Orichalcum Pulse|[source]\n|move|p2a: Ursaluna|Earth Power|p1a: Koraidon\n|-damage|p1a: Koraidon|25\/100\n|\n|-weather|SunnyDay|[upkeep]\n|upkeep\n|turn|10\n|\n|t:|1697505643\n|-terastallize|p2a: Ursaluna|Ghost\n|move|p1a: Koraidon|Close Combat|p2a: Ursaluna\n|-immune|p2a: Ursaluna\n|move|p2a: Ursaluna|Blood Moon|p1a: Koraidon\n|-crit|p1a: Koraidon\n|-damage|p1a: Koraidon|0 fnt\n|faint|p1a: Koraidon\n|\n|-weather|SunnyDay|[upkeep]\n|upkeep\n|\n|t:|1697505647\n|switch|p1a: Kyogre|Kyogre|100\/100\n|-weather|RainDance|[from] ability: Drizzle|[of] p1a: Kyogre\n|turn|11\n|\n|t:|1697505666\n|move|p1a: Kyogre|Water Spout|p2a: Ursaluna\n|-damage|p2a: Ursaluna|13\/100\n|move|p2a: Ursaluna|Earth Power|p1a: Kyogre\n|-damage|p1a: Kyogre|45\/100\n|\n|-weather|RainDance|[upkeep]\n|upkeep\n|turn|12\n|\n|t:|1697505677\n|move|p1a: Kyogre|Water Spout|p2a: Ursaluna\n|-damage|p2a: Ursaluna|0 fnt\n|faint|p2a: Ursaluna\n|\n|-weather|RainDance|[upkeep]\n|upkeep\n|\n|t:|1697505692\n|switch|p2a: Mewtwo|Mewtwo|100\/100\n|-damage|p2a: Mewtwo|88\/100|[from] Stealth Rock\n|-ability|p2a: Mewtwo|Pressure\n|turn|13\n|\n|t:|1697505710\n|switch|p1a: Iron Treads|Iron Treads|100\/100\n|move|p2a: Mewtwo|Aura Sphere|p1a: Iron Treads\n|-supereffective|p1a: Iron Treads\n|-damage|p1a: Iron Treads|30\/100\n|\n|-weather|RainDance|[upkeep]\n|-heal|p1a: Iron Treads|36\/100|[from] item: Leftovers\n|upkeep\n|turn|14\n|\n|t:|1697505722\n|move|p2a: Mewtwo|Aura Sphere|p1a: Iron Treads\n|-supereffective|p1a: Iron Treads\n|-damage|p1a: Iron Treads|0 fnt\n|faint|p1a: Iron Treads\n|-end|p1a: Iron Treads|Quark Drive|[silent]\n|\n|-weather|RainDance|[upkeep]\n|upkeep\n|\n|t:|1697505725\n|switch|p1a: Kingambit|Kingambit, M|100\/100\n|-activate|p1a: Kingambit|ability: Supreme Overlord\n|-start|p1a: Kingambit|fallen3|[silent]\n|turn|15\n|\n|t:|1697505741\n|switch|p2a: Miraidon|Miraidon|100\/100\n|-damage|p2a: Miraidon|88\/100|[from] Stealth Rock\n|-fieldstart|move: Electric Terrain|[from] ability: Hadron Engine|[of] p2a: Miraidon\n|move|p1a: Kingambit|Sucker Punch||[still]\n|-fail|p1a: Kingambit\n|\n|-weather|none\n|upkeep\n|turn|16\n|\n|t:|1697505768\n|-end|p1a: Kingambit|fallen3|[silent]\n|switch|p1a: Arceus|Arceus-Fairy, tera:Poison|68\/100 par\n|move|p2a: Miraidon|Electro Drift|p1a: Arceus\n|-damage|p1a: Arceus|4\/100 par\n|\n|upkeep\n|turn|17\n|\n|t:|1697505776\n|move|p2a: Miraidon|Electro Drift|p1a: Arceus\n|-damage|p1a: Arceus|0 fnt\n|faint|p1a: Arceus\n|\n|upkeep\n|\n|t:|1697505779\n|switch|p1a: Kingambit|Kingambit, M|100\/100\n|-activate|p1a: Kingambit|ability: Supreme Overlord\n|-start|p1a: Kingambit|fallen4|[silent]\n|turn|18\n|\n|t:|1697505791\n|move|p2a: Miraidon|Electro Drift|p1a: Kingambit\n|-damage|p1a: Kingambit|5\/100\n|move|p1a: Kingambit|Swords Dance|p1a: Kingambit\n|-boost|p1a: Kingambit|atk|2\n|\n|-heal|p1a: Kingambit|11\/100|[from] item: Leftovers\n|upkeep\n|turn|19\n|\n|t:|1697505800\n|move|p1a: Kingambit|Sucker Punch|p2a: Miraidon\n|-damage|p2a: Miraidon|0 fnt\n|faint|p2a: Miraidon\n|\n|-heal|p1a: Kingambit|17\/100|[from] item: Leftovers\n|-fieldend|move: Electric Terrain\n|upkeep\n|\n|t:|1697505816\n|switch|p2a: Skeledirge|Skeledirge, M|100\/100\n|turn|20\n|\n|t:|1697505822\n|-end|p1a: Kingambit|fallen4|[silent]\n|switch|p1a: Kyogre|Kyogre|45\/100\n|-weather|RainDance|[from] ability: Drizzle|[of] p1a: Kyogre\n|move|p2a: Skeledirge|Will-O-Wisp|p1a: Kyogre\n|-status|p1a: Kyogre|brn\n|\n|-weather|RainDance|[upkeep]\n|-damage|p1a: Kyogre|39\/100 brn|[from] brn\n|upkeep\n|turn|21\n|\n|t:|1697505836\n|switch|p2a: Mewtwo|Mewtwo|88\/100\n|-damage|p2a: Mewtwo|76\/100|[from] Stealth Rock\n|-ability|p2a: Mewtwo|Pressure\n|move|p1a: Kyogre|Surf|p2a: Mewtwo\n|-damage|p2a: Mewtwo|0 fnt\n|faint|p2a: Mewtwo\n|\n|-weather|RainDance|[upkeep]\n|-damage|p1a: Kyogre|32\/100 brn|[from] brn\n|upkeep\n|\n|t:|1697505856\n|switch|p2a: Kingambit|Kingambit, M, shiny|100\/100\n|-damage|p2a: Kingambit|94\/100|[from] Stealth Rock\n|-activate|p2a: Kingambit|ability: Supreme Overlord\n|-start|p2a: Kingambit|fallen4|[silent]\n|turn|22\n|\n|t:|1697505870\n|move|p2a: Kingambit|Sucker Punch|p1a: Kyogre\n|-damage|p1a: Kyogre|0 fnt\n|faint|p1a: Kyogre\n|\n|-weather|RainDance|[upkeep]\n|upkeep\n|\n|t:|1697505872\n|switch|p1a: Kingambit|Kingambit, M|17\/100\n|-activate|p1a: Kingambit|ability: Supreme Overlord\n|-start|p1a: Kingambit|fallen5|[silent]\n|turn|23\n|\n|t:|1697505880\n|move|p2a: Kingambit|Sucker Punch|p1a: Kingambit\n|-resisted|p1a: Kingambit\n|-damage|p1a: Kingambit|0 fnt\n|faint|p1a: Kingambit\n|-end|p1a: Kingambit|fallen5|[silent]\n|\n|win|encryptus\n|raw|EvilMsSmash's rating: 1106 &rarr; <strong>1085<\/strong><br \/>(-21 for losing)\n|raw|encryptus's rating: 1158 &rarr; <strong>1179<\/strong><br \/>(+21 for winning)\n|l|\u2606EvilMsSmash\n","uploadtime":1697505886,"views":13,"p1id":"evilmssmash","p2id":"encryptus","formatid":"gen9ubers","rating":1085,"private":0,"password":""}