{"id":"gen9ubers-1991555824","p1":"Rilaxee","p2":"soriano2003","format":"[Gen 9] Ubers","log":"|j|\u2606Rilaxee\n|j|\u2606soriano2003\n|t:|1700087977\n|gametype|singles\n|player|p1|Rilaxee|palmer|1051\n|player|p2|soriano2003|depotagent|1040\n|teamsize|p1|6\n|teamsize|p2|6\n|gen|9\n|tier|[Gen 9] Ubers\n|rated|\n|rule|Sleep Clause Mod: Limit one foe put to sleep\n|rule|Species Clause: Limit one of each Pok\u00e9mon\n|rule|OHKO Clause: OHKO moves are banned\n|rule|Evasion Items Clause: Evasion items are banned\n|rule|Evasion Moves Clause: Evasion moves are banned\n|rule|Endless Battle Clause: Forcing endless battles is banned\n|rule|HP Percentage Mod: HP is shown in percentages\n|clearpoke\n|poke|p1|Glimmora, M|\n|poke|p1|Tyranitar, M|\n|poke|p1|Houndstone, M|\n|poke|p1|Spidops, F|\n|poke|p1|Cyclizar, M|\n|poke|p1|Murkrow, F|\n|poke|p2|Baxcalibur, M|\n|poke|p2|Ceruledge, F|\n|poke|p2|Greninja-*, M|\n|poke|p2|Regieleki|\n|poke|p2|Landorus, M|\n|poke|p2|Heracross, F|\n|teampreview\n|\n|t:|1700087988\n|start\n|switch|p1a: Spidops|Spidops, F|100\/100\n|switch|p2a: Regieleki|Regieleki|100\/100\n|turn|1\n|\n|t:|1700087998\n|move|p2a: Regieleki|Reflect|p2a: Regieleki\n|-sidestart|p2: soriano2003|Reflect\n|move|p1a: Spidops|Sticky Web|p2a: Regieleki\n|-sidestart|p2: soriano2003|move: Sticky Web\n|\n|upkeep\n|turn|2\n|\n|t:|1700088004\n|move|p2a: Regieleki|Light Screen|p2a: Regieleki\n|-sidestart|p2: soriano2003|move: Light Screen\n|move|p1a: Spidops|Spikes|p2a: Regieleki\n|-sidestart|p2: soriano2003|Spikes\n|\n|upkeep\n|turn|3\n|\n|t:|1700088009\n|move|p2a: Regieleki|Volt Switch|p1a: Spidops\n|-damage|p1a: Spidops|55\/100\n|\n|t:|1700088014\n|switch|p2a: Landorus|Landorus, M|100\/100|[from] Volt Switch\n|move|p1a: Spidops|Spikes|p2a: Landorus\n|-sidestart|p2: soriano2003|Spikes\n|\n|upkeep\n|turn|4\n|\n|t:|1700088028\n|switch|p1a: Cyclizar|Cyclizar, M|100\/100\n|move|p2a: Landorus|Sunny Day|p2a: Landorus\n|-weather|SunnyDay\n|\n|-weather|SunnyDay|[upkeep]\n|upkeep\n|turn|5\n|\n|t:|1700088037\n|move|p1a: Cyclizar|Knock Off|p2a: Landorus\n|-crit|p2a: Landorus\n|-damage|p2a: Landorus|53\/100\n|-enditem|p2a: Landorus|Life Orb|[from] move: Knock Off|[of] p1a: Cyclizar\n|move|p2a: Landorus|Earth Power|p1a: Cyclizar\n|-damage|p1a: Cyclizar|20\/100\n|\n|-weather|SunnyDay|[upkeep]\n|upkeep\n|turn|6\n|\n|t:|1700088050\n|move|p1a: Cyclizar|Dragon Claw|p2a: Landorus\n|-damage|p2a: Landorus|34\/100\n|move|p2a: Landorus|Earth Power|p1a: Cyclizar\n|-damage|p1a: Cyclizar|0 fnt\n|faint|p1a: Cyclizar\n|\n|-weather|SunnyDay|[upkeep]\n|upkeep\n|\n|t:|1700088060\n|switch|p1a: Murkrow|Murkrow, F|100\/100\n|turn|7\n|\n|t:|1700088077\n|move|p1a: Murkrow|Tailwind|p1a: Murkrow\n|-sidestart|p1: Rilaxee|move: Tailwind\n|move|p2a: Landorus|Weather Ball|p1a: Murkrow\n|-damage|p1a: Murkrow|64\/100\n|\n|-weather|SunnyDay|[upkeep]\n|upkeep\n|turn|8\n|\n|t:|1700088084\n|move|p1a: Murkrow|Perish Song|p1a: Murkrow\n|-start|p1a: Murkrow|perish3|[silent]\n|-start|p2a: Landorus|perish3|[silent]\n|-fieldactivate|move: Perish Song\n|move|p2a: Landorus|Rock Slide|p1a: Murkrow\n|-supereffective|p1a: Murkrow\n|-damage|p1a: Murkrow|5\/100\n|\n|-weather|none\n|-start|p1a: Murkrow|perish3\n|-start|p2a: Landorus|perish3\n|-sideend|p2: soriano2003|Reflect\n|upkeep\n|turn|9\n|\n|t:|1700088095\n|move|p1a: Murkrow|Protect|p1a: Murkrow\n|-singleturn|p1a: Murkrow|Protect\n|move|p2a: Landorus|Rock Slide|p1a: Murkrow\n|-activate|p1a: Murkrow|move: Protect\n|\n|-start|p1a: Murkrow|perish2\n|-start|p2a: Landorus|perish2\n|-sideend|p2: soriano2003|move: Light Screen\n|upkeep\n|turn|10\n|\n|t:|1700088106\n|move|p1a: Murkrow|Protect|p1a: Murkrow\n|-singleturn|p1a: Murkrow|Protect\n|move|p2a: Landorus|Rock Slide|p1a: Murkrow\n|-activate|p1a: Murkrow|move: Protect\n|\n|-start|p1a: Murkrow|perish1\n|-start|p2a: Landorus|perish1\n|-sideend|p1: Rilaxee|move: Tailwind\n|upkeep\n|turn|11\n|\n|t:|1700088116\n|move|p1a: Murkrow|Tailwind|p1a: Murkrow\n|-sidestart|p1: Rilaxee|move: Tailwind\n|move|p2a: Landorus|Rock Slide|p1a: Murkrow\n|-supereffective|p1a: Murkrow\n|-damage|p1a: Murkrow|0 fnt\n|faint|p1a: Murkrow\n|\n|-start|p2a: Landorus|perish0\n|faint|p2a: Landorus\n|upkeep\n|\n|t:|1700088129\n|switch|p2a: Regieleki|Regieleki|100\/100\n|switch|p1a: Glimmora|Glimmora, M|100\/100\n|-activate|p2a: Regieleki|move: Sticky Web\n|-unboost|p2a: Regieleki|spe|1\n|-damage|p2a: Regieleki|84\/100|[from] Spikes\n|turn|12\n|\n|t:|1700088143\n|move|p1a: Glimmora|Toxic|p2a: Regieleki\n|-status|p2a: Regieleki|tox\n|move|p2a: Regieleki|Reflect|p2a: Regieleki\n|-sidestart|p2: soriano2003|Reflect\n|\n|-damage|p2a: Regieleki|78\/100 tox|[from] psn\n|upkeep\n|turn|13\n|\n|t:|1700088150\n|move|p1a: Glimmora|Earth Power|p2a: Regieleki\n|-supereffective|p2a: Regieleki\n|-damage|p2a: Regieleki|0 fnt\n|faint|p2a: Regieleki\n|\n|upkeep\n|\n|t:|1700088159\n|switch|p2a: Baxcalibur|Baxcalibur, M|100\/100\n|-activate|p2a: Baxcalibur|move: Sticky Web\n|-unboost|p2a: Baxcalibur|spe|1\n|-damage|p2a: Baxcalibur|84\/100|[from] Spikes\n|turn|14\n|\n|t:|1700088171\n|move|p1a: Glimmora|Reflect|p1a: Glimmora\n|-sidestart|p1: Rilaxee|Reflect\n|move|p2a: Baxcalibur|Dragon Dance|p2a: Baxcalibur\n|-boost|p2a: Baxcalibur|atk|1\n|-boost|p2a: Baxcalibur|spe|1\n|\n|-sideend|p1: Rilaxee|move: Tailwind\n|upkeep\n|turn|15\n|\n|t:|1700088177\n|move|p2a: Baxcalibur|Dragon Dance|p2a: Baxcalibur\n|-boost|p2a: Baxcalibur|atk|1\n|-boost|p2a: Baxcalibur|spe|1\n|move|p1a: Glimmora|Toxic|p2a: Baxcalibur\n|-status|p2a: Baxcalibur|tox\n|\n|-damage|p2a: Baxcalibur|78\/100 tox|[from] psn\n|upkeep\n|turn|16\n|\n|t:|1700088186\n|move|p2a: Baxcalibur|Earthquake|p1a: Glimmora\n|-supereffective|p1a: Glimmora\n|-damage|p1a: Glimmora|0 fnt\n|-activate|p1a: Glimmora|ability: Toxic Debris\n|-sidestart|p2: soriano2003|move: Toxic Spikes\n|faint|p1a: Glimmora\n|\n|-damage|p2a: Baxcalibur|65\/100 tox|[from] psn\n|upkeep\n|\n|t:|1700088195\n|switch|p1a: Spidops|Spidops, F|55\/100\n|turn|17\n|\n|t:|1700088200\n|move|p2a: Baxcalibur|Glaive Rush|p1a: Spidops\n|-damage|p1a: Spidops|0 fnt\n|-singlemove|p2a: Baxcalibur|Glaive Rush|[silent]\n|faint|p1a: Spidops\n|\n|-damage|p2a: Baxcalibur|47\/100 tox|[from] psn\n|upkeep\n|\n|t:|1700088207\n|switch|p1a: Tyranitar|Tyranitar, M|100\/100\n|-weather|Sandstorm|[from] ability: Sand Stream|[of] p1a: Tyranitar\n|turn|18\n|\n|t:|1700088220\n|move|p2a: Baxcalibur|Earthquake|p1a: Tyranitar\n|-supereffective|p1a: Tyranitar\n|-damage|p1a: Tyranitar|23\/100\n|move|p1a: Tyranitar|Earthquake|p2a: Baxcalibur\n|-damage|p2a: Baxcalibur|28\/100 tox\n|\n|-weather|Sandstorm|[upkeep]\n|-damage|p2a: Baxcalibur|22\/100 tox|[from] Sandstorm\n|-damage|p2a: Baxcalibur|0 fnt|[from] psn\n|faint|p2a: Baxcalibur\n|-sideend|p1: Rilaxee|Reflect\n|upkeep\n|\n|t:|1700088236\n|switch|p2a: Heracross|Heracross, F|100\/100\n|-activate|p2a: Heracross|move: Sticky Web\n|-unboost|p2a: Heracross|spe|1\n|-damage|p2a: Heracross|84\/100|[from] Spikes\n|-status|p2a: Heracross|psn\n|turn|19\n|\n|t:|1700088252\n|-terastallize|p2a: Heracross|Fighting\n|move|p1a: Tyranitar|Taunt|p2a: Heracross\n|-start|p2a: Heracross|move: Taunt\n|move|p2a: Heracross|Megahorn|p1a: Tyranitar\n|-supereffective|p1a: Tyranitar\n|-damage|p1a: Tyranitar|0 fnt\n|faint|p1a: Tyranitar\n|\n|-weather|Sandstorm|[upkeep]\n|-damage|p2a: Heracross|78\/100 psn|[from] Sandstorm\n|-damage|p2a: Heracross|66\/100 psn|[from] psn\n|-sideend|p2: soriano2003|Reflect\n|upkeep\n|\n|t:|1700088263\n|switch|p1a: wof|Houndstone, M, shiny|100\/100\n|turn|20\n|\n|t:|1700088274\n|move|p1a: wof|Tera Blast|p2a: Heracross\n|-damage|p2a: Heracross|54\/100 psn\n|move|p2a: Heracross|Megahorn|p1a: wof\n|-resisted|p1a: wof\n|-damage|p1a: wof|34\/100\n|\n|-weather|Sandstorm|[upkeep]\n|-damage|p2a: Heracross|48\/100 psn|[from] Sandstorm\n|-damage|p2a: Heracross|35\/100 psn|[from] psn\n|upkeep\n|turn|21\n|\n|t:|1700088285\n|move|p1a: wof|Protect|p1a: wof\n|-singleturn|p1a: wof|Protect\n|move|p2a: Heracross|Megahorn|p1a: wof\n|-activate|p1a: wof|move: Protect\n|\n|-weather|Sandstorm|[upkeep]\n|-damage|p2a: Heracross|29\/100 psn|[from] Sandstorm\n|-damage|p2a: Heracross|17\/100 psn|[from] psn\n|-end|p2a: Heracross|move: Taunt\n|upkeep\n|turn|22\n|\n|t:|1700088297\n|-terastallize|p1a: wof|Fighting\n|move|p1a: wof|Tera Blast|p2a: Heracross|[anim] Tera Blast Fighting\n|-damage|p2a: Heracross|0 fnt\n|faint|p2a: Heracross\n|\n|-weather|Sandstorm|[upkeep]\n|upkeep\n|\n|t:|1700088306\n|switch|p2a: Ceruledge|Ceruledge, F|100\/100\n|turn|23\n|\n|t:|1700088313\n|move|p1a: wof|Last Respects|p2a: Ceruledge\n|-supereffective|p2a: Ceruledge\n|-damage|p2a: Ceruledge|0 fnt\n|faint|p2a: Ceruledge\n|\n|-weather|Sandstorm|[upkeep]\n|upkeep\n|\n|t:|1700088320\n|switch|p2a: Greninja|Greninja, M|100\/100\n|-activate|p2a: Greninja|move: Sticky Web\n|-unboost|p2a: Greninja|spe|1\n|-damage|p2a: Greninja|84\/100|[from] Spikes\n|-status|p2a: Greninja|psn\n|turn|24\n|\n|t:|1700088332\n|move|p2a: Greninja|Water Shuriken|p1a: wof\n|-damage|p1a: wof|26\/100\n|-damage|p1a: wof|17\/100\n|-enditem|p1a: wof|Salac Berry|[eat]\n|-boost|p1a: wof|spe|1|[from] item: Salac Berry\n|-damage|p1a: wof|10\/100\n|-damage|p1a: wof|1\/100\n|-hitcount|p1a: wof|4\n|move|p1a: wof|Tera Blast|p2a: Greninja|[anim] Tera Blast Fighting\n|-supereffective|p2a: Greninja\n|-damage|p2a: Greninja|0 fnt\n|faint|p2a: Greninja\n|\n|win|Rilaxee\n|raw|Rilaxee's rating: 1051 &rarr; <strong>1082<\/strong><br \/>(+31 for winning)\n|raw|soriano2003's rating: 1040 &rarr; <strong>1025<\/strong><br \/>(-15 for losing)\n|c|\u2606Rilaxee|gg\n","uploadtime":1700088355,"views":6,"p1id":"rilaxee","p2id":"soriano2003","formatid":"gen9ubers","rating":1025,"private":0,"password":""}