{"id":"gen9ubers-1971433975","p1":"TheuSun","p2":"quetzalxxx","format":"[Gen 9] Ubers","log":"|j|\u2606TheuSun\n|j|\u2606quetzalxxx\n|t:|1697738163\n|gametype|singles\n|player|p1|TheuSun|cynthia|\n|player|p2|quetzalxxx|giovanni|\n|teamsize|p1|6\n|teamsize|p2|6\n|gen|9\n|tier|[Gen 9] Ubers\n|rule|Sleep Clause Mod: Limit one foe put to sleep\n|rule|Species Clause: Limit one of each Pok\u00e9mon\n|rule|OHKO Clause: OHKO moves are banned\n|rule|Evasion Items Clause: Evasion items are banned\n|rule|Evasion Moves Clause: Evasion moves are banned\n|rule|Endless Battle Clause: Forcing endless battles is banned\n|rule|HP Percentage Mod: HP is shown in percentages\n|clearpoke\n|poke|p1|Flutter Mane|\n|poke|p1|Lilligant, F|\n|poke|p1|Eelektross, F|\n|poke|p1|Garchomp, M|\n|poke|p1|Volcanion|\n|poke|p1|Gastrodon, F|\n|poke|p2|Charizard, M|\n|poke|p2|Raichu-Alola, F|\n|poke|p2|Primeape, M|\n|poke|p2|Golem, M|\n|poke|p2|Muk-Alola, F|\n|poke|p2|Scizor, M|\n|teampreview\n|\n|t:|1697738184\n|start\n|switch|p1a: Kary|Gastrodon, F|100\/100\n|switch|p2a: Charizard|Charizard, M|100\/100\n|turn|1\n|\n|t:|1697738193\n|switch|p2a: Raichu|Raichu-Alola, F|100\/100\n|move|p1a: Kary|Stealth Rock|p2a: Raichu\n|-sidestart|p2: quetzalxxx|move: Stealth Rock\n|\n|upkeep\n|turn|2\n|\n|t:|1697738201\n|move|p2a: Raichu|Psychic|p1a: Kary\n|-damage|p1a: Kary|76\/100\n|move|p1a: Kary|Earthquake|p2a: Raichu\n|-supereffective|p2a: Raichu\n|-damage|p2a: Raichu|0 fnt\n|faint|p2a: Raichu\n|\n|upkeep\n|\n|t:|1697738210\n|switch|p2a: Muk|Muk-Alola, F|100\/100\n|-damage|p2a: Muk|88\/100|[from] Stealth Rock\n|turn|3\n|\n|t:|1697738220\n|move|p2a: Muk|Giga Drain|p1a: Kary\n|-supereffective|p1a: Kary\n|-damage|p1a: Kary|40\/100\n|-heal|p2a: Muk|100\/100|[from] drain|[of] p1a: Kary\n|move|p1a: Kary|Earthquake|p2a: Muk\n|-supereffective|p2a: Muk\n|-damage|p2a: Muk|45\/100\n|-enditem|p2a: Muk|Weakness Policy\n|-boost|p2a: Muk|atk|2|[from] item: Weakness Policy\n|-boost|p2a: Muk|spa|2|[from] item: Weakness Policy\n|\n|upkeep\n|turn|4\n|\n|t:|1697738231\n|move|p2a: Muk|Giga Drain|p1a: Kary\n|-supereffective|p1a: Kary\n|-damage|p1a: Kary|0 fnt\n|-heal|p2a: Muk|66\/100|[from] drain|[of] p1a: Kary\n|faint|p1a: Kary\n|\n|upkeep\n|\n|t:|1697738239\n|switch|p1a: Garchomp|Garchomp, M|100\/100\n|turn|5\n|\n|t:|1697738261\n|move|p1a: Garchomp|Earthquake|p2a: Muk\n|-supereffective|p2a: Muk\n|-damage|p2a: Muk|0 fnt\n|faint|p2a: Muk\n|\n|upkeep\n|\n|t:|1697738266\n|switch|p2a: Primeape|Primeape, M|100\/100\n|-damage|p2a: Primeape|94\/100|[from] Stealth Rock\n|turn|6\n|\n|t:|1697738281\n|switch|p1a: Flutter Mane|Flutter Mane, shiny|100\/100\n|move|p2a: Primeape|Ice Punch|p1a: Flutter Mane\n|-damage|p1a: Flutter Mane|66\/100\n|\n|upkeep\n|turn|7\n|\n|t:|1697738291\n|move|p1a: Flutter Mane|Moonblast|p2a: Primeape\n|-supereffective|p2a: Primeape\n|-damage|p2a: Primeape|0 fnt\n|faint|p2a: Primeape\n|\n|upkeep\n|\n|t:|1697738319\n|switch|p2a: Scizor|Scizor, M|100\/100\n|-damage|p2a: Scizor|88\/100|[from] Stealth Rock\n|turn|8\n|\n|t:|1697738336\n|-end|p1a: Flutter Mane|Protosynthesis|[silent]\n|switch|p1a: Volcanion|Volcanion|100\/100\n|move|p2a: Scizor|Iron Head|p1a: Volcanion\n|-resisted|p1a: Volcanion\n|-damage|p1a: Volcanion|94\/100\n|\n|upkeep\n|turn|9\n|\n|t:|1697738345\n|move|p2a: Scizor|Close Combat|p1a: Volcanion\n|-damage|p1a: Volcanion|66\/100\n|-unboost|p2a: Scizor|def|1\n|-unboost|p2a: Scizor|spd|1\n|move|p1a: Volcanion|Fire Blast|p2a: Scizor\n|-supereffective|p2a: Scizor\n|-damage|p2a: Scizor|0 fnt\n|faint|p2a: Scizor\n|\n|upkeep\n|\n|t:|1697738358\n|switch|p2a: Golem|Golem, M|100\/100\n|-damage|p2a: Golem|94\/100|[from] Stealth Rock\n|turn|10\n|\n|t:|1697738368\n|move|p1a: Volcanion|Steam Eruption|p2a: Golem\n|-supereffective|p2a: Golem\n|-damage|p2a: Golem|0 fnt\n|faint|p2a: Golem\n|\n|upkeep\n|\n|t:|1697738374\n|switch|p2a: Charizard|Charizard, M|100\/100\n|-damage|p2a: Charizard|50\/100|[from] Stealth Rock\n|turn|11\n|\n|t:|1697738388\n|switch|p1a: Lilligant|Lilligant, F|100\/100\n|move|p2a: Charizard|Outrage|p1a: Lilligant\n|-damage|p1a: Lilligant|63\/100\n|\n|upkeep\n|turn|12\n|\n|t:|1697738397\n|move|p2a: Charizard|Outrage|p1a: Lilligant|[from]lockedmove\n|-damage|p1a: Lilligant|27\/100\n|-start|p2a: Charizard|confusion|[fatigue]\n|move|p1a: Lilligant|Sleep Powder|p2a: Charizard\n|-status|p2a: Charizard|slp|[from] move: Sleep Powder\n|\n|upkeep\n|turn|13\n|\n|t:|1697738409\n|-terastallize|p2a: Charizard|Water\n|-singleturn|p2a: Charizard|move: Focus Punch\n|move|p1a: Lilligant|Quiver Dance|p1a: Lilligant\n|-boost|p1a: Lilligant|spa|1\n|-boost|p1a: Lilligant|spd|1\n|-boost|p1a: Lilligant|spe|1\n|cant|p2a: Charizard|slp\n|\n|upkeep\n|turn|14\n|\n|t:|1697738424\n|move|p1a: Lilligant|Petal Dance|p2a: Charizard\n|-supereffective|p2a: Charizard\n|-damage|p2a: Charizard|0 fnt\n|faint|p2a: Charizard\n|\n|win|TheuSun\n","uploadtime":1697738467,"views":8,"p1id":"theusun","p2id":"quetzalxxx","formatid":"gen9ubers","rating":0,"private":0,"password":""}