{"id":"gen9ubers-1971281754","p1":"Asta_RPPLF","p2":"Aurorecristal","format":"[Gen 9] Ubers","log":"|j|\u2606Asta_RPPLF\n|j|\u2606Aurorecristal\n|t:|1697726256\n|gametype|singles\n|player|p1|Asta_RPPLF|#wcop2023belgium|\n|player|p2|Aurorecristal|lady|\n|teamsize|p1|6\n|teamsize|p2|6\n|gen|9\n|tier|[Gen 9] Ubers\n|rule|Sleep Clause Mod: Limit one foe put to sleep\n|rule|Species Clause: Limit one of each Pok\u00e9mon\n|rule|OHKO Clause: OHKO moves are banned\n|rule|Evasion Items Clause: Evasion items are banned\n|rule|Evasion Moves Clause: Evasion moves are banned\n|rule|Endless Battle Clause: Forcing endless battles is banned\n|rule|HP Percentage Mod: HP is shown in percentages\n|clearpoke\n|poke|p1|Heatran, M|\n|poke|p1|Houndoom, M|\n|poke|p1|Salamence, F|\n|poke|p1|Goodra, M|\n|poke|p1|Ambipom, F|\n|poke|p1|Dragapult, F|\n|poke|p2|Torterra, M|\n|poke|p2|Ceruledge, M|\n|poke|p2|Meowscarada, F|\n|poke|p2|Abomasnow, M|\n|poke|p2|Ogerpon-Cornerstone, F|\n|poke|p2|Skeledirge, F|\n|teampreview\n|c|\u2606Asta_RPPLF|hf\n|c|\u2606Aurorecristal|Hf too\n|\n|t:|1697726286\n|start\n|switch|p1a: Ambipom|Ambipom, F|100\/100\n|switch|p2a: Ceruledge|Ceruledge, M|100\/100\n|turn|1\n|\n|t:|1697726295\n|move|p1a: Ambipom|Beat Up|p2a: Ceruledge\n|-supereffective|p2a: Ceruledge\n|-damage|p2a: Ceruledge|84\/100\n|-ability|p2a: Ceruledge|Weak Armor|boost\n|-unboost|p2a: Ceruledge|def|1\n|-boost|p2a: Ceruledge|spe|2\n|-supereffective|p2a: Ceruledge\n|-damage|p2a: Ceruledge|59\/100\n|-ability|p2a: Ceruledge|Weak Armor|boost\n|-unboost|p2a: Ceruledge|def|1\n|-boost|p2a: Ceruledge|spe|2\n|-supereffective|p2a: Ceruledge\n|-damage|p2a: Ceruledge|17\/100\n|-ability|p2a: Ceruledge|Weak Armor|boost\n|-unboost|p2a: Ceruledge|def|1\n|-boost|p2a: Ceruledge|spe|2\n|-supereffective|p2a: Ceruledge\n|-damage|p2a: Ceruledge|0 fnt\n|faint|p2a: Ceruledge\n|-hitcount|p2: Ceruledge|4\n|\n|upkeep\n|\n|t:|1697726315\n|switch|p2a: Abomasnow|Abomasnow, M|100\/100\n|-weather|Snow|[from] ability: Snow Warning|[of] p2a: Abomasnow\n|turn|2\n|\n|t:|1697726354\n|move|p1a: Ambipom|Beat Up|p2a: Abomasnow\n|-damage|p2a: Abomasnow|96\/100\n|-damage|p2a: Abomasnow|91\/100\n|-damage|p2a: Abomasnow|85\/100\n|-damage|p2a: Abomasnow|79\/100\n|-damage|p2a: Abomasnow|75\/100\n|-damage|p2a: Abomasnow|68\/100\n|-hitcount|p2a: Abomasnow|6\n|move|p2a: Abomasnow|Aurora Veil|p2a: Abomasnow\n|-sidestart|p2: Aurorecristal|move: Aurora Veil\n|\n|-weather|Snow|[upkeep]\n|upkeep\n|turn|3\n|\n|t:|1697726368\n|move|p1a: Ambipom|U-turn|p2a: Abomasnow\n|-supereffective|p2a: Abomasnow\n|-damage|p2a: Abomasnow|54\/100\n|\n|t:|1697726396\n|switch|p1a: Heatran|Heatran, M|100\/100|[from] U-turn\n|move|p2a: Abomasnow|Blizzard|p1a: Heatran\n|-resisted|p1a: Heatran\n|-damage|p1a: Heatran|91\/100\n|-status|p1a: Heatran|frz\n|\n|-weather|Snow|[upkeep]\n|-heal|p1a: Heatran|97\/100 frz|[from] item: Leftovers\n|upkeep\n|turn|4\n|c|\u2606Aurorecristal|Sorry\n|\n|t:|1697726419\n|cant|p1a: Heatran|frz\n|move|p2a: Abomasnow|Blizzard|p1a: Heatran\n|-resisted|p1a: Heatran\n|-damage|p1a: Heatran|87\/100 frz\n|\n|-weather|Snow|[upkeep]\n|-heal|p1a: Heatran|94\/100 frz|[from] item: Leftovers\n|upkeep\n|turn|5\n|\n|t:|1697726428\n|switch|p2a: Torterra|Torterra, M|100\/100\n|cant|p1a: Heatran|frz\n|\n|-weather|Snow|[upkeep]\n|-heal|p1a: Heatran|99\/100 frz|[from] item: Leftovers\n|upkeep\n|turn|6\n|\n|t:|1697726448\n|move|p2a: Torterra|Shell Smash|p2a: Torterra\n|-unboost|p2a: Torterra|def|1\n|-unboost|p2a: Torterra|spd|1\n|-boost|p2a: Torterra|atk|2\n|-boost|p2a: Torterra|spa|2\n|-boost|p2a: Torterra|spe|2\n|cant|p1a: Heatran|frz\n|\n|-weather|none\n|-heal|p1a: Heatran|100\/100 frz|[from] item: Leftovers\n|upkeep\n|turn|7\n|\n|t:|1697726461\n|-terastallize|p2a: Torterra|Ground\n|move|p2a: Torterra|Shell Smash|p2a: Torterra\n|-unboost|p2a: Torterra|def|1\n|-unboost|p2a: Torterra|spd|1\n|-boost|p2a: Torterra|atk|2\n|-boost|p2a: Torterra|spa|2\n|-boost|p2a: Torterra|spe|2\n|cant|p1a: Heatran|frz\n|\n|upkeep\n|turn|8\n|c|\u2606Asta_RPPLF|g\u00e9nial\n|c|\u2606Aurorecristal|Vraiment d\u00e9sol\u00e9e\n|\n|t:|1697726506\n|move|p2a: Torterra|Headlong Rush|p1a: Heatran\n|-supereffective|p1a: Heatran\n|-damage|p1a: Heatran|0 fnt\n|-unboost|p2a: Torterra|def|1\n|-unboost|p2a: Torterra|spd|1\n|faint|p1a: Heatran\n|\n|upkeep\n|\n|t:|1697726518\n|switch|p1a: Goodra|Goodra, M|100\/100\n|turn|9\n|\n|t:|1697726538\n|move|p2a: Torterra|Headlong Rush|p1a: Goodra\n|-damage|p1a: Goodra|0 fnt\n|-unboost|p2a: Torterra|def|1\n|-unboost|p2a: Torterra|spd|1\n|faint|p1a: Goodra\n|\n|-sideend|p2: Aurorecristal|move: Aurora Veil\n|upkeep\n|\n|t:|1697726547\n|switch|p1a: Ambipom|Ambipom, F|100\/100\n|turn|10\n|\n|t:|1697726560\n|-terastallize|p1a: Ambipom|Normal\n|move|p1a: Ambipom|Fake Out|p2a: Torterra\n|-damage|p2a: Torterra|0 fnt\n|faint|p2a: Torterra\n|\n|upkeep\n|\n|t:|1697726569\n|switch|p2a: Abomasnow|Abomasnow, M|54\/100\n|-weather|Snow|[from] ability: Snow Warning|[of] p2a: Abomasnow\n|turn|11\n|\n|t:|1697726584\n|move|p1a: Ambipom|Double Hit|p2a: Abomasnow\n|-damage|p2a: Abomasnow|25\/100\n|-damage|p2a: Abomasnow|0 fnt\n|faint|p2a: Abomasnow\n|-hitcount|p2: Abomasnow|2\n|\n|-weather|Snow|[upkeep]\n|upkeep\n|\n|t:|1697726592\n|switch|p2a: Skeledirge|Skeledirge, F|100\/100\n|turn|12\n|\n|t:|1697726615\n|move|p1a: Ambipom|Beat Up|p2a: Skeledirge\n|-supereffective|p2a: Skeledirge\n|-damage|p2a: Skeledirge|90\/100\n|-supereffective|p2a: Skeledirge\n|-damage|p2a: Skeledirge|80\/100\n|-supereffective|p2a: Skeledirge\n|-damage|p2a: Skeledirge|66\/100\n|-supereffective|p2a: Skeledirge\n|-damage|p2a: Skeledirge|53\/100\n|-hitcount|p2a: Skeledirge|4\n|move|p2a: Skeledirge|Will-O-Wisp|p1a: Ambipom\n|-status|p1a: Ambipom|brn\n|\n|-weather|Snow|[upkeep]\n|-heal|p2a: Skeledirge|59\/100|[from] item: Leftovers\n|-damage|p1a: Ambipom|94\/100 brn|[from] brn\n|upkeep\n|turn|13\n|\n|t:|1697726631\n|switch|p1a: Houndoom|Houndoom, M|100\/100\n|move|p2a: Skeledirge|Slack Off|p2a: Skeledirge\n|-heal|p2a: Skeledirge|100\/100\n|\n|-weather|Snow|[upkeep]\n|upkeep\n|turn|14\n|\n|t:|1697726645\n|switch|p2a: Ogerpon|Ogerpon-Cornerstone, F|100\/100\n|move|p1a: Houndoom|Sludge Bomb|p2a: Ogerpon\n|-damage|p2a: Ogerpon|51\/100\n|\n|-weather|Snow|[upkeep]\n|upkeep\n|turn|15\n|\n|t:|1697726676\n|switch|p1a: Ambipom|Ambipom, F, tera:Normal|94\/100 brn\n|move|p2a: Ogerpon|Ivy Cudgel|p1a: Ambipom\n|-crit|p1a: Ambipom\n|-damage|p1a: Ambipom|0 fnt\n|faint|p1a: Ambipom\n|\n|-weather|none\n|upkeep\n|\n|t:|1697726685\n|switch|p1a: Dragapult|Dragapult, F|100\/100\n|turn|16\n|\n|t:|1697726704\n|move|p1a: Dragapult|Dragon Darts|p2a: Ogerpon\n|-damage|p2a: Ogerpon|16\/100\n|-anim|p1a: Dragapult|Dragon Darts|p2a: Ogerpon\n|-damage|p2a: Ogerpon|0 fnt\n|faint|p2a: Ogerpon\n|\n|upkeep\n|\n|t:|1697726708\n|switch|p2a: Meowscarada|Meowscarada, F|100\/100\n|turn|17\n|c|\u2606Aurorecristal|;-;\n|c|\u2606Aurorecristal|Gg\n|\n|t:|1697726728\n|move|p2a: Meowscarada|Endure|p2a: Meowscarada\n|-singleturn|p2a: Meowscarada|move: Endure\n|move|p1a: Dragapult|Dragon Darts|p2a: Meowscarada\n|-damage|p2a: Meowscarada|60\/100\n|-anim|p1a: Dragapult|Dragon Darts|p2a: Meowscarada\n|-damage|p2a: Meowscarada|19\/100\n|-enditem|p2a: Meowscarada|Salac Berry|[eat]\n|-boost|p2a: Meowscarada|spe|1|[from] item: Salac Berry\n|\n|upkeep\n|turn|18\n|\n|t:|1697726738\n|move|p1a: Dragapult|Dragon Darts|p2a: Meowscarada\n|-damage|p2a: Meowscarada|0 fnt\n|faint|p2a: Meowscarada\n|\n|upkeep\n|\n|t:|1697726741\n|switch|p2a: Skeledirge|Skeledirge, F|100\/100\n|turn|19\n|c|\u2606Asta_RPPLF|surprise ^^\n|c|\u2606Aurorecristal|Je m'en doutais\n|\n|t:|1697726760\n|move|p1a: Dragapult|Dragon Darts|p2a: Skeledirge\n|-damage|p2a: Skeledirge|76\/100\n|-anim|p1a: Dragapult|Dragon Darts|p2a: Skeledirge\n|-damage|p2a: Skeledirge|56\/100\n|move|p2a: Skeledirge|Will-O-Wisp|p1a: Dragapult|[miss]\n|-miss|p2a: Skeledirge|p1a: Dragapult\n|\n|-heal|p2a: Skeledirge|62\/100|[from] item: Leftovers\n|upkeep\n|turn|20\n|c|\u2606Aurorecristal|D'o\u00f9 le gg\n|\n|t:|1697726770\n|switch|p1a: Houndoom|Houndoom, M|100\/100\n|move|p2a: Skeledirge|Will-O-Wisp|p1a: Houndoom\n|-start|p1a: Houndoom|ability: Flash Fire\n|\n|-heal|p2a: Skeledirge|68\/100|[from] item: Leftovers\n|upkeep\n|turn|21\n|\n|t:|1697726783\n|move|p1a: Houndoom|Dark Pulse|p2a: Skeledirge\n|-supereffective|p2a: Skeledirge\n|-damage|p2a: Skeledirge|0 fnt\n|faint|p2a: Skeledirge\n|\n|win|Asta_RPPLF\n|c|\u2606Asta_RPPLF|merci ahah gg \u00e0 toi\n|c|\u2606Aurorecristal|J'aurais d\u00fb taper\n|c|\u2606Aurorecristal|Deux fois que je perd comme \u00e7a\n|c|\u2606Asta_RPPLF|j'avoue le coup du endure\n|c|\u2606Asta_RPPLF|je l'ai pas vu venir\n|c|\u2606Asta_RPPLF|j'\u00e9tais pret \u00e0 mourrir de s punch et aller sur mon chien\n|c|\u2606Aurorecristal|J'aurais pas d\u00fb sac ogerpon\n|player|p1|Asta_RPPLF|#wcop2023belgium\n","uploadtime":1697726794,"views":17,"p1id":"astarpplf","p2id":"aurorecristal","formatid":"gen9ubers","rating":0,"private":0,"password":""}