{"id":"gen9ubers-1986715181","p1":"Currys","p2":"mysticalcheese","format":"[Gen 9] Ubers","log":"|j|\u2606Currys\n|j|\u2606mysticalcheese\n|t:|1699512866\n|gametype|singles\n|player|p1|Currys|guitarist|\n|player|p2|mysticalcheese|2|\n|teamsize|p1|6\n|teamsize|p2|6\n|gen|9\n|tier|[Gen 9] Ubers\n|rule|Sleep Clause Mod: Limit one foe put to sleep\n|rule|Species Clause: Limit one of each Pok\u00e9mon\n|rule|OHKO Clause: OHKO moves are banned\n|rule|Evasion Items Clause: Evasion items are banned\n|rule|Evasion Moves Clause: Evasion moves are banned\n|rule|Endless Battle Clause: Forcing endless battles is banned\n|rule|HP Percentage Mod: HP is shown in percentages\n|clearpoke\n|poke|p1|Iron Bundle|\n|poke|p1|Great Tusk|\n|poke|p1|Jolteon, M|\n|poke|p1|Corviknight, M|\n|poke|p1|Hatterene, F|\n|poke|p1|Mismagius, F|\n|poke|p2|Torterra, M|\n|poke|p2|Weezing-Galar, F|\n|poke|p2|Amoonguss, F|\n|poke|p2|Chansey, F|\n|poke|p2|Iron Valiant|\n|poke|p2|Ditto|\n|teampreview\n|j| Rival Gary Oak\n|l| Rival Gary Oak\n|j| Rival Gary Oak\n|j| ShanmanT\n|l| Rival Gary Oak\n|j| Rival Gary Oak\n|\n|t:|1699512979\n|start\n|switch|p1a: Hatterene|Hatterene, F|100\/100\n|switch|p2a: Torterra|Torterra, M|100\/100\n|turn|1\n|\n|t:|1699513005\n|switch|p2a: Ditto|Ditto, shiny|100\/100\n|-transform|p2a: Ditto|p1a: Hatterene|[from] ability: Imposter\n|move|p1a: Hatterene|Trick|p2a: Ditto\n|-activate|p1a: Hatterene|move: Trick|[of] p2a: Ditto\n|-item|p2a: Ditto|Choice Scarf|[from] move: Trick\n|-item|p1a: Hatterene|Choice Scarf|[from] move: Trick\n|\n|upkeep\n|turn|2\n|\n|t:|1699513027\n|move|p1a: Hatterene|Light Screen|p1a: Hatterene\n|-sidestart|p1: Currys|move: Light Screen\n|move|p2a: Ditto|Light Screen|p2a: Ditto\n|-sidestart|p2: mysticalcheese|move: Light Screen\n|\n|upkeep\n|turn|3\n|l| Rival Gary Oak\n|\n|t:|1699513041\n|switch|p1a: Mismagius|Mismagius, F|100\/100\n|switch|p2a: Torterra|Torterra, M|100\/100\n|\n|upkeep\n|turn|4\n|j| Rival Gary Oak\n|\n|t:|1699513053\n|switch|p2a: Ditto|Ditto, shiny|100\/100\n|-transform|p2a: Ditto|p1a: Mismagius|[from] ability: Imposter\n|move|p1a: Mismagius|Taunt|p2a: Ditto\n|-start|p2a: Ditto|move: Taunt\n|\n|upkeep\n|turn|5\n|\n|t:|1699513109\n|switch|p1a: Corviknight|Corviknight, M|100\/100\n|move|p2a: Ditto|Shadow Ball|p1a: Corviknight\n|-damage|p1a: Corviknight|85\/100\n|\n|-heal|p1a: Corviknight|91\/100|[from] item: Leftovers\n|upkeep\n|turn|6\n|\n|t:|1699513128\n|switch|p2a: Weezing|Weezing-Galar, F|100\/100\n|move|p1a: Corviknight|Substitute|p1a: Corviknight\n|-start|p1a: Corviknight|Substitute\n|-damage|p1a: Corviknight|66\/100\n|\n|-heal|p1a: Corviknight|72\/100|[from] item: Leftovers\n|-sideend|p1: Currys|move: Light Screen\n|-sideend|p2: mysticalcheese|move: Light Screen\n|upkeep\n|turn|7\n|\n|t:|1699513143\n|move|p1a: Corviknight|Drill Peck|p2a: Weezing\n|-damage|p2a: Weezing|71\/100\n|move|p2a: Weezing|Flamethrower|p1a: Corviknight\n|-supereffective|p1a: Corviknight\n|-end|p1a: Corviknight|Substitute\n|\n|-heal|p1a: Corviknight|79\/100|[from] item: Leftovers\n|upkeep\n|turn|8\n|\n|t:|1699513159\n|switch|p1a: Mismagius|Mismagius, F|100\/100\n|move|p2a: Weezing|Thunder|p1a: Mismagius\n|-damage|p1a: Mismagius|82\/100\n|\n|-heal|p1a: Mismagius|88\/100|[from] item: Leftovers\n|upkeep\n|turn|9\n|\n|t:|1699513180\n|move|p1a: Mismagius|Psyshock|p2a: Weezing\n|-supereffective|p2a: Weezing\n|-damage|p2a: Weezing|38\/100\n|move|p2a: Weezing|Sludge Bomb|p1a: Mismagius\n|-resisted|p1a: Mismagius\n|-damage|p1a: Mismagius|77\/100\n|\n|-heal|p1a: Mismagius|83\/100|[from] item: Leftovers\n|upkeep\n|turn|10\n|c| Rival Gary Oak|wtf is this weezing\n|\n|t:|1699513213\n|switch|p2a: Ditto|Ditto, shiny|100\/100\n|-transform|p2a: Ditto|p1a: Mismagius|[from] ability: Imposter\n|move|p1a: Mismagius|Psyshock|p2a: Ditto\n|-damage|p2a: Ditto|66\/100\n|\n|-heal|p1a: Mismagius|89\/100|[from] item: Leftovers\n|upkeep\n|turn|11\n|\n|t:|1699513248\n|switch|p1a: Iron Bundle|Iron Bundle|100\/100\n|move|p2a: Ditto|Shadow Ball|p1a: Iron Bundle\n|-damage|p1a: Iron Bundle|63\/100\n|\n|upkeep\n|turn|12\n|\n|t:|1699513266\n|switch|p2a: Chansey|Chansey, F|100\/100\n|move|p1a: Iron Bundle|Hydro Pump|p2a: Chansey\n|-damage|p2a: Chansey|82\/100\n|\n|upkeep\n|turn|13\n|\n|t:|1699513279\n|move|p1a: Iron Bundle|Flip Turn|p2a: Chansey\n|-damage|p2a: Chansey|72\/100\n|\n|t:|1699513283\n|-end|p1a: Iron Bundle|Quark Drive|[silent]\n|switch|p1a: Mismagius|Mismagius, F|89\/100|[from] Flip Turn\n|move|p2a: Chansey|Seismic Toss|p1a: Mismagius\n|-immune|p1a: Mismagius\n|\n|-heal|p1a: Mismagius|95\/100|[from] item: Leftovers\n|upkeep\n|turn|14\n|\n|t:|1699513316\n|move|p1a: Mismagius|Shadow Ball|p2a: Chansey\n|-immune|p2a: Chansey\n|move|p2a: Chansey|Soft-Boiled|p2a: Chansey\n|-heal|p2a: Chansey|100\/100\n|\n|-heal|p1a: Mismagius|100\/100|[from] item: Leftovers\n|upkeep\n|turn|15\n|\n|t:|1699513323\n|move|p1a: Mismagius|Taunt|p2a: Chansey\n|-start|p2a: Chansey|move: Taunt\n|cant|p2a: Chansey|move: Taunt|Stealth Rock\n|\n|upkeep\n|turn|16\n|\n|t:|1699513350\n|move|p1a: Mismagius|Psyshock|p2a: Chansey\n|-damage|p2a: Chansey|89\/100\n|move|p2a: Chansey|Seismic Toss|p1a: Mismagius\n|-immune|p1a: Mismagius\n|\n|upkeep\n|turn|17\n|\n|t:|1699513363\n|switch|p2a: Ditto|Ditto, shiny|66\/100\n|-transform|p2a: Ditto|p1a: Mismagius|[from] ability: Imposter\n|move|p1a: Mismagius|Psyshock|p2a: Ditto\n|-damage|p2a: Ditto|30\/100\n|\n|upkeep\n|turn|18\n|\n|t:|1699513374\n|switch|p1a: Iron Bundle|Iron Bundle|63\/100\n|move|p2a: Ditto|Shadow Ball|p1a: Iron Bundle\n|-damage|p1a: Iron Bundle|29\/100\n|\n|upkeep\n|turn|19\n|\n|t:|1699513379\n|move|p1a: Iron Bundle|Ice Beam|p2a: Ditto\n|-damage|p2a: Ditto|0 fnt\n|faint|p2a: Ditto\n|\n|upkeep\n|\n|t:|1699513448\n|switch|p2a: Weezing|Weezing-Galar, F|38\/100\n|turn|20\n|\n|t:|1699513479\n|move|p1a: Iron Bundle|Flip Turn|p2a: Weezing\n|-damage|p2a: Weezing|23\/100\n|\n|t:|1699513497\n|-end|p1a: Iron Bundle|Quark Drive|[silent]\n|switch|p1a: Great Tusk|Great Tusk|100\/100|[from] Flip Turn\n|move|p2a: Weezing|Strange Steam|p1a: Great Tusk\n|-supereffective|p1a: Great Tusk\n|-damage|p1a: Great Tusk|5\/100\n|\n|upkeep\n|turn|21\n|\n|t:|1699513513\n|move|p1a: Great Tusk|Stealth Rock|p2a: Weezing\n|-sidestart|p2: mysticalcheese|move: Stealth Rock\n|move|p2a: Weezing|Flamethrower|p1a: Great Tusk\n|-damage|p1a: Great Tusk|0 fnt\n|faint|p1a: Great Tusk\n|-end|p1a: Great Tusk|Protosynthesis|[silent]\n|\n|upkeep\n|\n|t:|1699513522\n|switch|p1a: Mismagius|Mismagius, F|100\/100\n|turn|22\n|\n|t:|1699513535\n|move|p1a: Mismagius|Psyshock|p2a: Weezing\n|-supereffective|p2a: Weezing\n|-damage|p2a: Weezing|0 fnt\n|faint|p2a: Weezing\n|\n|upkeep\n|\n|t:|1699513555\n|switch|p2a: Iron Valiant|Iron Valiant|100\/100\n|-damage|p2a: Iron Valiant|94\/100|[from] Stealth Rock\n|-enditem|p2a: Iron Valiant|Booster Energy\n|-activate|p2a: Iron Valiant|ability: Quark Drive|[fromitem]\n|-start|p2a: Iron Valiant|quarkdrivespe\n|turn|23\n|\n|t:|1699513605\n|switch|p1a: Hatterene|Hatterene, F|100\/100\n|move|p2a: Iron Valiant|Spirit Break|p1a: Hatterene\n|-damage|p1a: Hatterene|63\/100\n|-unboost|p1a: Hatterene|spa|1\n|\n|upkeep\n|turn|24\n|\n|t:|1699513663\n|move|p2a: Iron Valiant|Spirit Break|p1a: Hatterene\n|-damage|p1a: Hatterene|20\/100\n|-unboost|p1a: Hatterene|spa|1\n|move|p1a: Hatterene|Trick|p2a: Iron Valiant\n|-activate|p1a: Hatterene|move: Trick|[of] p2a: Iron Valiant\n|-item|p2a: Iron Valiant|Choice Scarf|[from] move: Trick\n|-enditem|p1a: Hatterene|Choice Scarf|[silent]|[from] move: Trick\n|\n|upkeep\n|turn|25\n|\n|t:|1699513700\n|switch|p1a: Corviknight|Corviknight, M|79\/100\n|move|p2a: Iron Valiant|Thunder Punch|p1a: Corviknight\n|-supereffective|p1a: Corviknight\n|-damage|p1a: Corviknight|36\/100\n|\n|-heal|p1a: Corviknight|42\/100|[from] item: Leftovers\n|upkeep\n|turn|26\n|\n|t:|1699513707\n|switch|p1a: Jolteon|Jolteon, M|100\/100\n|move|p2a: Iron Valiant|Thunder Punch|p1a: Jolteon\n|-immune|p1a: Jolteon|[from] ability: Volt Absorb\n|\n|upkeep\n|turn|27\n|\n|t:|1699513715\n|-end|p2a: Iron Valiant|Quark Drive|[silent]\n|switch|p2a: Chansey|Chansey, F|89\/100\n|-damage|p2a: Chansey|76\/100|[from] Stealth Rock\n|move|p1a: Jolteon|Substitute|p1a: Jolteon\n|-start|p1a: Jolteon|Substitute\n|-damage|p1a: Jolteon|76\/100\n|\n|-heal|p1a: Jolteon|82\/100|[from] item: Leftovers\n|upkeep\n|turn|28\n|\n|t:|1699513727\n|switch|p1a: Hatterene|Hatterene, F|20\/100\n|move|p2a: Chansey|Stealth Rock|p1a: Hatterene\n|move|p1a: Hatterene|Stealth Rock||[from]ability: Magic Bounce|[still]\n|-fail|p1a: Hatterene\n|\n|upkeep\n|turn|29\n|\n|t:|1699513814\n|move|p2a: Chansey|Stealth Rock|p1a: Hatterene\n|move|p1a: Hatterene|Stealth Rock||[from]ability: Magic Bounce|[still]\n|-fail|p1a: Hatterene\n|move|p1a: Hatterene|Healing Wish|p1a: Hatterene\n|faint|p1a: Hatterene\n|\n|upkeep\n|\n|t:|1699513820\n|switch|p1a: Corviknight|Corviknight, M|42\/100\n|-heal|p1a: Corviknight|100\/100|[from] move: Healing Wish\n|turn|30\n|\n|t:|1699513832\n|move|p1a: Corviknight|Bulk Up|p1a: Corviknight\n|-boost|p1a: Corviknight|atk|1\n|-boost|p1a: Corviknight|def|1\n|move|p2a: Chansey|Seismic Toss|p1a: Corviknight\n|-damage|p1a: Corviknight|71\/100\n|\n|-heal|p1a: Corviknight|77\/100|[from] item: Leftovers\n|upkeep\n|turn|31\n|\n|t:|1699513843\n|move|p1a: Corviknight|Bulk Up|p1a: Corviknight\n|-boost|p1a: Corviknight|atk|1\n|-boost|p1a: Corviknight|def|1\n|move|p2a: Chansey|Seismic Toss|p1a: Corviknight\n|-damage|p1a: Corviknight|47\/100\n|\n|-heal|p1a: Corviknight|54\/100|[from] item: Leftovers\n|upkeep\n|turn|32\n|\n|t:|1699513862\n|move|p1a: Corviknight|Body Press|p2a: Chansey\n|-supereffective|p2a: Chansey\n|-damage|p2a: Chansey|24\/100\n|move|p2a: Chansey|Seismic Toss|p1a: Corviknight\n|-damage|p1a: Corviknight|24\/100\n|\n|-heal|p1a: Corviknight|30\/100|[from] item: Leftovers\n|upkeep\n|turn|33\n|\n|t:|1699513876\n|move|p1a: Corviknight|Body Press|p2a: Chansey\n|-supereffective|p2a: Chansey\n|-damage|p2a: Chansey|0 fnt\n|faint|p2a: Chansey\n|\n|-heal|p1a: Corviknight|36\/100|[from] item: Leftovers\n|upkeep\n|\n|t:|1699513903\n|switch|p2a: Amoonguss|Amoonguss, F|100\/100\n|-damage|p2a: Amoonguss|88\/100|[from] Stealth Rock\n|turn|34\n|\n|t:|1699513908\n|move|p1a: Corviknight|Substitute|p1a: Corviknight\n|-start|p1a: Corviknight|Substitute\n|-damage|p1a: Corviknight|11\/100\n|move|p2a: Amoonguss|Foul Play|p1a: Corviknight\n|-end|p1a: Corviknight|Substitute\n|\n|-heal|p1a: Corviknight|18\/100|[from] item: Leftovers\n|upkeep\n|turn|35\n|c| Rival Gary Oak|bruh\n|\n|t:|1699513932\n|move|p1a: Corviknight|Drill Peck|p2a: Amoonguss\n|-supereffective|p2a: Amoonguss\n|-damage|p2a: Amoonguss|0 fnt\n|faint|p2a: Amoonguss\n|\n|-heal|p1a: Corviknight|24\/100|[from] item: Leftovers\n|upkeep\n|\n|t:|1699513935\n|switch|p2a: Iron Valiant|Iron Valiant|94\/100\n|-damage|p2a: Iron Valiant|88\/100|[from] Stealth Rock\n|turn|36\n|\n|t:|1699513940\n|move|p2a: Iron Valiant|Thunder Punch|p1a: Corviknight\n|-supereffective|p1a: Corviknight\n|-damage|p1a: Corviknight|2\/100\n|move|p1a: Corviknight|Drill Peck|p2a: Iron Valiant\n|-supereffective|p2a: Iron Valiant\n|-damage|p2a: Iron Valiant|0 fnt\n|faint|p2a: Iron Valiant\n|-end|p2a: Iron Valiant|Quark Drive|[silent]\n|\n|-heal|p1a: Corviknight|8\/100|[from] item: Leftovers\n|upkeep\n|\n|t:|1699513946\n|switch|p2a: Torterra|Torterra, M|100\/100\n|-damage|p2a: Torterra|94\/100|[from] Stealth Rock\n|turn|37\n|\n|t:|1699513959\n|move|p1a: Corviknight|Drill Peck|p2a: Torterra\n|-supereffective|p2a: Torterra\n|-damage|p2a: Torterra|0 fnt\n|faint|p2a: Torterra\n|\n|win|Currys\n|l|\u2606mysticalcheese\n","uploadtime":1699513971,"views":5,"p1id":"currys","p2id":"mysticalcheese","formatid":"gen9ubers","rating":0,"private":0,"password":""}