{"id":"gen9ubers-1991314419","p1":"WRLD_Endu","p2":"Velocitar32","format":"[Gen 9] Ubers","log":"|j|\u2606WRLD_Endu\n|j|\u2606Velocitar32\n|t:|1700066787\n|gametype|singles\n|player|p1|WRLD_Endu|ghetsis|1294\n|player|p2|Velocitar32|silver-masters|1384\n|teamsize|p1|6\n|teamsize|p2|6\n|gen|9\n|tier|[Gen 9] Ubers\n|rated|\n|rule|Sleep Clause Mod: Limit one foe put to sleep\n|rule|Species Clause: Limit one of each Pok\u00e9mon\n|rule|OHKO Clause: OHKO moves are banned\n|rule|Evasion Items Clause: Evasion items are banned\n|rule|Evasion Moves Clause: Evasion moves are banned\n|rule|Endless Battle Clause: Forcing endless battles is banned\n|rule|HP Percentage Mod: HP is shown in percentages\n|clearpoke\n|poke|p1|Great Tusk|\n|poke|p1|Roaring Moon|\n|poke|p1|Giratina-Origin|\n|poke|p1|Flutter Mane|\n|poke|p1|Koraidon|\n|poke|p1|Groudon|\n|poke|p2|Arceus-Ground|\n|poke|p2|Annihilape, M|\n|poke|p2|Zacian-*|\n|poke|p2|Miraidon|\n|poke|p2|Koraidon|\n|poke|p2|Rayquaza|\n|teampreview\n|\n|t:|1700066793\n|start\n|switch|p1a: Better than kyogre|Groudon, shiny|100\/100\n|switch|p2a: Kong|Annihilape, M, shiny|100\/100\n|-weather|SunnyDay|[from] ability: Drought|[of] p1a: Better than kyogre\n|turn|1\n|inactive|Battle timer is ON: inactive players will automatically lose when time's up. (requested by WRLD_Endu)\n|c|\u2606WRLD_Endu|glhf\n|\n|t:|1700066800\n|move|p2a: Kong|Stealth Rock|p1a: Better than kyogre\n|-sidestart|p1: WRLD_Endu|move: Stealth Rock\n|move|p1a: Better than kyogre|Stealth Rock|p2a: Kong\n|-sidestart|p2: Velocitar32|move: Stealth Rock\n|\n|-weather|SunnyDay|[upkeep]\n|upkeep\n|turn|2\n|\n|t:|1700066808\n|move|p2a: Kong|Rage Fist|p1a: Better than kyogre\n|-damage|p1a: Better than kyogre|89\/100\n|move|p1a: Better than kyogre|Will-O-Wisp|p2a: Kong\n|-status|p2a: Kong|brn\n|\n|-weather|SunnyDay|[upkeep]\n|-damage|p2a: Kong|94\/100 brn|[from] brn\n|upkeep\n|turn|3\n|\n|t:|1700066816\n|move|p2a: Kong|Rage Fist|p1a: Better than kyogre\n|-damage|p1a: Better than kyogre|84\/100\n|move|p1a: Better than kyogre|Heat Crash|p2a: Kong\n|-damage|p2a: Kong|34\/100 brn\n|\n|-weather|SunnyDay|[upkeep]\n|-damage|p2a: Kong|28\/100 brn|[from] brn\n|upkeep\n|turn|4\n|\n|t:|1700066824\n|switch|p1a: Spooky scary|Giratina-Origin, shiny|100\/100\n|-damage|p1a: Spooky scary|88\/100|[from] Stealth Rock\n|move|p2a: Kong|Rage Fist|p1a: Spooky scary\n|-supereffective|p1a: Spooky scary\n|-damage|p1a: Spooky scary|62\/100\n|\n|-weather|SunnyDay|[upkeep]\n|-damage|p2a: Kong|22\/100 brn|[from] brn\n|upkeep\n|turn|5\n|\n|t:|1700066840\n|move|p2a: Kong|Rage Fist|p1a: Spooky scary\n|-supereffective|p1a: Spooky scary\n|-damage|p1a: Spooky scary|35\/100\n|move|p1a: Spooky scary|Defog|p2a: Kong\n|-unboost|p2a: Kong|evasion|1\n|-ability|p2a: Kong|Defiant|boost\n|-boost|p2a: Kong|atk|2\n|-sideend|p2: Velocitar32|Stealth Rock|[from] move: Defog|[of] p1a: Spooky scary\n|-sideend|p1: WRLD_Endu|Stealth Rock|[from] move: Defog|[of] p1a: Spooky scary\n|\n|-weather|SunnyDay|[upkeep]\n|-damage|p2a: Kong|16\/100 brn|[from] brn\n|upkeep\n|turn|6\n|\n|t:|1700066851\n|switch|p1a: Hypnos|Flutter Mane|100\/100\n|-activate|p1a: Hypnos|ability: Protosynthesis\n|-start|p1a: Hypnos|protosynthesisspe\n|move|p2a: Kong|Rage Fist|p1a: Hypnos\n|-supereffective|p1a: Hypnos\n|-damage|p1a: Hypnos|0 fnt\n|faint|p1a: Hypnos\n|-end|p1a: Hypnos|Protosynthesis|[silent]\n|\n|-weather|SunnyDay|[upkeep]\n|-damage|p2a: Kong|10\/100 brn|[from] brn\n|upkeep\n|c|\u2606WRLD_Endu|uhh\n|\n|t:|1700066860\n|switch|p1a: Not salamence?|Roaring Moon, shiny|100\/100\n|-activate|p1a: Not salamence?|ability: Protosynthesis\n|-start|p1a: Not salamence?|protosynthesisspe\n|turn|7\n|\n|t:|1700066866\n|move|p1a: Not salamence?|Iron Head|p2a: Kong\n|-damage|p2a: Kong|0 fnt\n|faint|p2a: Kong\n|\n|-weather|SunnyDay|[upkeep]\n|upkeep\n|\n|t:|1700066873\n|switch|p2a: Z-sword|Zacian-Crowned, shiny|100\/100\n|-ability|p2a: Z-sword|Intrepid Sword|boost\n|-boost|p2a: Z-sword|atk|1\n|turn|8\n|\n|t:|1700066877\n|-terastallize|p1a: Not salamence?|Poison\n|move|p1a: Not salamence?|Iron Head|p2a: Z-sword\n|-damage|p2a: Z-sword|61\/100\n|move|p2a: Z-sword|Play Rough|p1a: Not salamence?\n|-resisted|p1a: Not salamence?\n|-crit|p1a: Not salamence?\n|-damage|p1a: Not salamence?|28\/100\n|\n|-weather|none\n|-end|p1a: Not salamence?|Protosynthesis\n|upkeep\n|turn|9\n|\n|t:|1700066888\n|-end|p1a: Not salamence?|Protosynthesis|[silent]\n|switch|p1a: Better than kyogre|Groudon, shiny|84\/100\n|-weather|SunnyDay|[from] ability: Drought|[of] p1a: Better than kyogre\n|move|p2a: Z-sword|Play Rough|p1a: Better than kyogre\n|-damage|p1a: Better than kyogre|34\/100\n|\n|-weather|SunnyDay|[upkeep]\n|upkeep\n|turn|10\n|\n|t:|1700066897\n|move|p2a: Z-sword|Play Rough|p1a: Better than kyogre\n|-damage|p1a: Better than kyogre|0 fnt\n|faint|p1a: Better than kyogre\n|\n|-weather|SunnyDay|[upkeep]\n|upkeep\n|\n|t:|1700066901\n|switch|p1a: Koraidon|Koraidon|100\/100\n|-activate|p1a: Koraidon|ability: Orichalcum Pulse\n|turn|11\n|\n|t:|1700066907\n|move|p1a: Koraidon|Flare Blitz|p2a: Z-sword\n|-supereffective|p2a: Z-sword\n|-damage|p2a: Z-sword|0 fnt\n|faint|p2a: Z-sword\n|-damage|p1a: Koraidon|81\/100|[from] Recoil\n|\n|-weather|SunnyDay|[upkeep]\n|upkeep\n|\n|t:|1700066916\n|switch|p2a: Laxus|Miraidon|100\/100\n|-fieldstart|move: Electric Terrain|[from] ability: Hadron Engine|[of] p2a: Laxus\n|turn|12\n|\n|t:|1700066921\n|switch|p1a: Lemme live pls|Great Tusk, shiny|100\/100\n|-activate|p1a: Lemme live pls|ability: Protosynthesis\n|-start|p1a: Lemme live pls|protosynthesisdef\n|move|p2a: Laxus|Electro Drift|p1a: Lemme live pls\n|-immune|p1a: Lemme live pls\n|\n|-weather|SunnyDay|[upkeep]\n|upkeep\n|turn|13\n|\n|t:|1700066930\n|switch|p2a: Dieux|Arceus-Ground, shiny|100\/100\n|move|p1a: Lemme live pls|Knock Off|p2a: Dieux\n|-damage|p2a: Dieux|87\/100\n|\n|-weather|SunnyDay|[upkeep]\n|upkeep\n|turn|14\n|\n|t:|1700066939\n|move|p2a: Dieux|Dragon Dance|p2a: Dieux\n|-boost|p2a: Dieux|atk|1\n|-boost|p2a: Dieux|spe|1\n|move|p1a: Lemme live pls|Close Combat|p2a: Dieux\n|-damage|p2a: Dieux|47\/100\n|-unboost|p1a: Lemme live pls|def|1\n|-unboost|p1a: Lemme live pls|spd|1\n|\n|-weather|SunnyDay|[upkeep]\n|upkeep\n|turn|15\n|\n|t:|1700066950\n|move|p2a: Dieux|Earthquake|p1a: Lemme live pls\n|-damage|p1a: Lemme live pls|16\/100\n|move|p1a: Lemme live pls|Close Combat|p2a: Dieux\n|-damage|p2a: Dieux|9\/100\n|-unboost|p1a: Lemme live pls|def|1\n|-unboost|p1a: Lemme live pls|spd|1\n|\n|-weather|SunnyDay|[upkeep]\n|upkeep\n|turn|16\n|\n|t:|1700066958\n|-end|p1a: Lemme live pls|Protosynthesis|[silent]\n|switch|p1a: Spooky scary|Giratina-Origin, shiny|35\/100\n|move|p2a: Dieux|Earthquake|p1a: Spooky scary\n|-immune|p1a: Spooky scary|[from] ability: Levitate\n|\n|-weather|none\n|-fieldend|move: Electric Terrain\n|upkeep\n|turn|17\n|\n|t:|1700066965\n|move|p2a: Dieux|Shadow Claw|p1a: Spooky scary\n|-supereffective|p1a: Spooky scary\n|-damage|p1a: Spooky scary|0 fnt\n|faint|p1a: Spooky scary\n|\n|upkeep\n|\n|t:|1700066969\n|switch|p1a: Koraidon|Koraidon|81\/100\n|-weather|SunnyDay|[from] ability: Orichalcum Pulse|[of] p1a: Koraidon\n|-activate|p1a: Koraidon|Orichalcum Pulse|[source]\n|turn|18\n|\n|t:|1700066984\n|move|p1a: Koraidon|Dragon Claw|p2a: Dieux\n|-damage|p2a: Dieux|0 fnt\n|faint|p2a: Dieux\n|\n|-weather|SunnyDay|[upkeep]\n|upkeep\n|\n|t:|1700066993\n|switch|p2a: Salamander|Koraidon|100\/100\n|-activate|p2a: Salamander|ability: Orichalcum Pulse\n|turn|19\n|\n|t:|1700066998\n|-terastallize|p2a: Salamander|Fire\n|move|p1a: Koraidon|Dragon Claw|p2a: Salamander\n|-damage|p2a: Salamander|47\/100\n|move|p2a: Salamander|Dragon Claw|p1a: Koraidon\n|-supereffective|p1a: Koraidon\n|-damage|p1a: Koraidon|0 fnt\n|faint|p1a: Koraidon\n|\n|-weather|SunnyDay|[upkeep]\n|-heal|p2a: Salamander|53\/100|[from] item: Leftovers\n|upkeep\n|\n|t:|1700067002\n|switch|p1a: Not salamence?|Roaring Moon, shiny, tera:Poison|28\/100\n|-activate|p1a: Not salamence?|ability: Protosynthesis\n|-start|p1a: Not salamence?|protosynthesisspe\n|turn|20\n|\n|t:|1700067012\n|move|p1a: Not salamence?|Earthquake|p2a: Salamander\n|-supereffective|p2a: Salamander\n|-damage|p2a: Salamander|0 fnt\n|faint|p2a: Salamander\n|\n|-weather|SunnyDay|[upkeep]\n|upkeep\n|\n|t:|1700067024\n|switch|p2a: Laxus|Miraidon|100\/100\n|-fieldstart|move: Electric Terrain|[from] ability: Hadron Engine|[of] p2a: Laxus\n|turn|21\n|\n|t:|1700067029\n|move|p2a: Laxus|Dragon Pulse|p1a: Not salamence?\n|-damage|p1a: Not salamence?|0 fnt\n|faint|p1a: Not salamence?\n|-end|p1a: Not salamence?|Protosynthesis|[silent]\n|\n|-weather|SunnyDay|[upkeep]\n|upkeep\n|c|\u2606WRLD_Endu|gg\n|-message|WRLD_Endu forfeited.\n|\n|win|Velocitar32\n|raw|WRLD_Endu's rating: 1294 &rarr; <strong>1275<\/strong><br \/>(-19 for losing)\n|raw|Velocitar32's rating: 1384 &rarr; <strong>1399<\/strong><br \/>(+15 for winning)\n|l|\u2606WRLD_Endu\n","uploadtime":1700067040,"views":10,"p1id":"wrldendu","p2id":"velocitar32","formatid":"gen9ubers","rating":1275,"private":0,"password":""}