{"id":"gen9ubers-1994700051","p1":"Skyzards","p2":"KnuckleHead12","format":"[Gen 9] Ubers","log":"|j|\u2606Skyzards\n|j|\u2606KnuckleHead12\n|t:|1700482901\n|gametype|singles\n|player|p1|Skyzards|youngster-gen4dp|1141\n|player|p2|KnuckleHead12|mira|1040\n|teamsize|p1|6\n|teamsize|p2|6\n|gen|9\n|tier|[Gen 9] Ubers\n|rated|\n|rule|Sleep Clause Mod: Limit one foe put to sleep\n|rule|Species Clause: Limit one of each Pok\u00e9mon\n|rule|OHKO Clause: OHKO moves are banned\n|rule|Evasion Items Clause: Evasion items are banned\n|rule|Evasion Moves Clause: Evasion moves are banned\n|rule|Endless Battle Clause: Forcing endless battles is banned\n|rule|HP Percentage Mod: HP is shown in percentages\n|clearpoke\n|poke|p1|Baxcalibur, M|\n|poke|p1|Flutter Mane|\n|poke|p1|Ogerpon-Hearthflame, F|\n|poke|p1|Ursaluna-Bloodmoon, M|\n|poke|p1|Gliscor, M|\n|poke|p1|Espathra, M|\n|poke|p2|Iron Bundle|\n|poke|p2|Ogerpon-Hearthflame, F|\n|poke|p2|Slowking-Galar, M|\n|poke|p2|Urshifu-*, M|\n|poke|p2|Flutter Mane|\n|poke|p2|Gliscor, M|\n|teampreview\n|inactive|Battle timer is ON: inactive players will automatically lose when time's up. (requested by Skyzards)\n|l|\u2606Skyzards\n|inactive|Skyzards disconnected and has a minute to reconnect!\n|player|p1|\n|j|\u2606Skyzards\n|inactive|Skyzards reconnected.\n|player|p1|Skyzards|youngster-gen4dp\n|inactiveoff|Battle timer is now OFF.\n|\n|t:|1700482929\n|start\n|switch|p1a: Gliscor|Gliscor, M|100\/100\n|switch|p2a: Gliscor|Gliscor, M|100\/100\n|turn|1\n|\n|t:|1700482938\n|move|p2a: Gliscor|Toxic Spikes|p1a: Gliscor\n|-sidestart|p1: Skyzards|move: Toxic Spikes\n|move|p1a: Gliscor|Spikes|p2a: Gliscor\n|-sidestart|p2: KnuckleHead12|Spikes\n|\n|-status|p1a: Gliscor|tox|[from] item: Toxic Orb\n|-status|p2a: Gliscor|tox|[from] item: Toxic Orb\n|upkeep\n|turn|2\n|\n|t:|1700482951\n|move|p1a: Gliscor|Spikes|p2a: Gliscor\n|-sidestart|p2: KnuckleHead12|Spikes\n|move|p2a: Gliscor|Toxic Spikes|p1a: Gliscor\n|-sidestart|p1: Skyzards|move: Toxic Spikes\n|\n|upkeep\n|turn|3\n|\n|t:|1700482963\n|switch|p2a: Kr0nyus|Iron Bundle|100\/100\n|-damage|p2a: Kr0nyus|84\/100|[from] Spikes\n|move|p1a: Gliscor|Spikes|p2a: Kr0nyus\n|-sidestart|p2: KnuckleHead12|Spikes\n|\n|upkeep\n|turn|4\n|\n|t:|1700482975\n|move|p2a: Kr0nyus|Ice Beam|p1a: Gliscor\n|-supereffective|p1a: Gliscor\n|-damage|p1a: Gliscor|0 fnt\n|faint|p1a: Gliscor\n|\n|upkeep\n|\n|t:|1700482984\n|switch|p1a: Espathra|Espathra, M|100\/100\n|-status|p1a: Espathra|tox\n|turn|5\n|\n|t:|1700482993\n|move|p2a: Kr0nyus|Ice Beam|p1a: Espathra\n|-damage|p1a: Espathra|14\/100 tox\n|move|p1a: Espathra|Calm Mind|p1a: Espathra\n|-boost|p1a: Espathra|spa|1\n|-boost|p1a: Espathra|spd|1\n|\n|-heal|p1a: Espathra|20\/100 tox|[from] item: Leftovers\n|-damage|p1a: Espathra|14\/100 tox|[from] psn\n|-ability|p1a: Espathra|Speed Boost|boost\n|-boost|p1a: Espathra|spe|1\n|upkeep\n|turn|6\n|\n|t:|1700483004\n|move|p2a: Kr0nyus|Ice Beam|p1a: Espathra\n|-damage|p1a: Espathra|0 fnt\n|faint|p1a: Espathra\n|\n|upkeep\n|\n|t:|1700483013\n|switch|p1a: Baxcalibur|Baxcalibur, M|100\/100\n|-status|p1a: Baxcalibur|tox\n|turn|7\n|\n|t:|1700483018\n|move|p2a: Kr0nyus|Ice Beam|p1a: Baxcalibur\n|-damage|p1a: Baxcalibur|33\/100 tox\n|move|p1a: Baxcalibur|Dragon Dance|p1a: Baxcalibur\n|-boost|p1a: Baxcalibur|atk|1\n|-boost|p1a: Baxcalibur|spe|1\n|\n|-damage|p1a: Baxcalibur|27\/100 tox|[from] psn\n|upkeep\n|turn|8\n|inactive|Battle timer is ON: inactive players will automatically lose when time's up. (requested by Skyzards)\n|\n|t:|1700483028\n|move|p1a: Baxcalibur|Glaive Rush|p2a: Kr0nyus\n|-damage|p2a: Kr0nyus|0 fnt\n|-singlemove|p1a: Baxcalibur|Glaive Rush|[silent]\n|faint|p2a: Kr0nyus\n|-end|p2a: Kr0nyus|Quark Drive|[silent]\n|\n|-damage|p1a: Baxcalibur|15\/100 tox|[from] psn\n|upkeep\n|\n|t:|1700483040\n|switch|p2a: Urshifu|Urshifu-Rapid-Strike, M|100\/100\n|-damage|p2a: Urshifu|75\/100|[from] Spikes\n|turn|9\n|\n|t:|1700483049\n|move|p2a: Urshifu|Aqua Jet|p1a: Baxcalibur\n|-resisted|p1a: Baxcalibur\n|-damage|p1a: Baxcalibur|0 fnt\n|faint|p1a: Baxcalibur\n|\n|upkeep\n|\n|t:|1700483055\n|switch|p1a: Flutter Mane|Flutter Mane|100\/100\n|-status|p1a: Flutter Mane|tox\n|turn|10\n|\n|t:|1700483077\n|move|p1a: Flutter Mane|Shadow Ball|p2a: Urshifu\n|-damage|p2a: Urshifu|17\/100\n|move|p2a: Urshifu|Surging Strikes|p1a: Flutter Mane\n|-crit|p1a: Flutter Mane\n|-damage|p1a: Flutter Mane|53\/100 tox\n|-crit|p1a: Flutter Mane\n|-damage|p1a: Flutter Mane|7\/100 tox\n|-crit|p1a: Flutter Mane\n|-damage|p1a: Flutter Mane|0 fnt\n|faint|p1a: Flutter Mane\n|-end|p1a: Flutter Mane|Protosynthesis|[silent]\n|-hitcount|p1: Flutter Mane|3\n|\n|upkeep\n|inactive|Skyzards has 120 seconds left.\n|\n|t:|1700483094\n|switch|p1a: Ogre|Ogerpon-Hearthflame, F|100\/100\n|-status|p1a: Ogre|tox\n|-ability|p1a: Ogre|Mold Breaker\n|turn|11\n|\n|t:|1700483115\n|move|p1a: Ogre|Brick Break|p2a: Urshifu\n|-damage|p2a: Urshifu|0 fnt\n|faint|p2a: Urshifu\n|\n|-damage|p1a: Ogre|95\/100 tox|[from] psn\n|upkeep\n|\n|t:|1700483118\n|switch|p2a: Misandylus|Flutter Mane, shiny|100\/100\n|-damage|p2a: Misandylus|76\/100|[from] Spikes\n|turn|12\n|l|\u2606Skyzards\n|inactive|Skyzards disconnected and has a minute to reconnect!\n|player|p1|\n|inactive|Skyzards has 30 seconds to reconnect!\n|inactive|Skyzards has 20 seconds to reconnect!\n|inactive|Skyzards has 15 seconds to reconnect!\n|inactive|Skyzards has 10 seconds to reconnect!\n|inactive|Skyzards has 5 seconds to reconnect!\n|-message|Skyzards lost due to inactivity.\n|\n|win|KnuckleHead12\n|raw|Skyzards's rating: 1141 &rarr; <strong>1109<\/strong><br \/>(-32 for losing)\n|raw|KnuckleHead12's rating: 1040 &rarr; <strong>1084<\/strong><br \/>(+44 for winning)\n","uploadtime":1700483202,"views":3,"p1id":"skyzards","p2id":"knucklehead12","formatid":"gen9ubers","rating":1084,"private":0,"password":""}