{"id":"gen9ubers-1995200898","p1":"Shady Icy","p2":"PinkScourge","format":"[Gen 9] Ubers","log":"|j|\u2606Shady Icy\n|j|\u2606PinkScourge\n|t:|1700533921\n|gametype|singles\n|player|p1|Shady Icy|chili|\n|player|p2|PinkScourge|bede-leader|\n|teamsize|p1|6\n|teamsize|p2|6\n|gen|9\n|tier|[Gen 9] Ubers\n|rule|Sleep Clause Mod: Limit one foe put to sleep\n|rule|Species Clause: Limit one of each Pok\u00e9mon\n|rule|OHKO Clause: OHKO moves are banned\n|rule|Evasion Items Clause: Evasion items are banned\n|rule|Evasion Moves Clause: Evasion moves are banned\n|rule|Endless Battle Clause: Forcing endless battles is banned\n|rule|HP Percentage Mod: HP is shown in percentages\n|clearpoke\n|poke|p1|Palkia-Origin|\n|poke|p1|Magearna|\n|poke|p1|Cyclizar, M|\n|poke|p1|Dialga-Origin|\n|poke|p1|Cutiefly, F|\n|poke|p1|Landorus, M|\n|poke|p2|Indeedee, M|\n|poke|p2|Arceus-Fire|\n|poke|p2|Palkia|\n|poke|p2|Alomomola, F|\n|poke|p2|Mandibuzz, F|\n|poke|p2|Slowking-Galar, F|\n|teampreview\n|inactive|Battle timer is ON: inactive players will automatically lose when time's up. (requested by PinkScourge)\n|c|\u2606Shady Icy|gl\n|c|\u2606Shady Icy|oh no\n|c|\u2606PinkScourge|GL\n|\n|t:|1700533936\n|start\n|switch|p1a: Cutiefly|Cutiefly, F|100\/100\n|switch|p2a: Arceus|Arceus-Fire|100\/100\n|turn|1\n|\n|t:|1700533950\n|move|p1a: Cutiefly|Sticky Web|p2a: Arceus\n|-sidestart|p2: PinkScourge|move: Sticky Web\n|move|p2a: Arceus|Future Sight|p1a: Cutiefly\n|-start|p2a: Arceus|move: Future Sight\n|\n|upkeep\n|turn|2\n|\n|t:|1700533953\n|move|p1a: Cutiefly|Stun Spore|p2a: Arceus|[miss]\n|-miss|p1a: Cutiefly|p2a: Arceus\n|move|p2a: Arceus|Judgment|p1a: Cutiefly\n|-supereffective|p1a: Cutiefly\n|-crit|p1a: Cutiefly\n|-enditem|p1a: Cutiefly|Focus Sash\n|-damage|p1a: Cutiefly|1\/100\n|\n|upkeep\n|turn|3\n|\n|t:|1700533965\n|switch|p2a: Slowking|Slowking-Galar, F|100\/100\n|move|p1a: Cutiefly|Stun Spore|p2a: Slowking\n|-status|p2a: Slowking|par\n|\n|-end|p1a: Cutiefly|move: Future Sight\n|-damage|p1a: Cutiefly|0 fnt\n|faint|p1a: Cutiefly\n|upkeep\n|\n|t:|1700533983\n|switch|p1a: Landorus|Landorus, M|100\/100\n|turn|4\n|\n|t:|1700533992\n|switch|p2a: Mandibuzz|Mandibuzz, F|100\/100\n|move|p1a: Landorus|Earth Power|p2a: Mandibuzz\n|-immune|p2a: Mandibuzz\n|\n|upkeep\n|turn|5\n|\n|t:|1700534005\n|switch|p1a: Magearna|Magearna|100\/100\n|move|p2a: Mandibuzz|Foul Play|p1a: Magearna\n|-resisted|p1a: Magearna\n|-damage|p1a: Magearna|91\/100\n|\n|-heal|p1a: Magearna|97\/100|[from] item: Leftovers\n|upkeep\n|turn|6\n|\n|t:|1700534010\n|switch|p2a: Slowking|Slowking-Galar, F|100\/100 par\n|move|p1a: Magearna|Thunder Wave|p2a: Slowking\n|-fail|p2a: Slowking|par\n|\n|-heal|p1a: Magearna|100\/100|[from] item: Leftovers\n|upkeep\n|turn|7\n|\n|t:|1700534015\n|move|p1a: Magearna|Spikes|p2a: Slowking\n|-sidestart|p2: PinkScourge|Spikes\n|move|p2a: Slowking|Future Sight|p1a: Magearna\n|-start|p2a: Slowking|move: Future Sight\n|\n|upkeep\n|turn|8\n|\n|t:|1700534021\n|move|p1a: Magearna|Spikes|p2a: Slowking\n|-sidestart|p2: PinkScourge|Spikes\n|move|p2a: Slowking|Chilly Reception|p2a: Slowking\n|-weather|Snow\n|\n|t:|1700534026\n|switch|p2a: Arceus|Arceus-Fire|100\/100|[from] Chilly Reception\n|-activate|p2a: Arceus|move: Sticky Web\n|-unboost|p2a: Arceus|spe|1\n|-damage|p2a: Arceus|84\/100|[from] Spikes\n|\n|-weather|Snow|[upkeep]\n|upkeep\n|turn|9\n|\n|t:|1700534033\n|switch|p1a: Palkia|Palkia-Origin|100\/100\n|-ability|p1a: Palkia|Pressure\n|move|p2a: Arceus|Judgment|p1a: Palkia\n|-resisted|p1a: Palkia\n|-damage|p1a: Palkia|89\/100\n|\n|-weather|Snow|[upkeep]\n|-end|p1a: Palkia|move: Future Sight\n|-damage|p1a: Palkia|45\/100\n|upkeep\n|turn|10\n|\n|t:|1700534043\n|switch|p2a: Slowking|Slowking-Galar, F|100\/100 par\n|move|p1a: Palkia|Spacial Rend|p2a: Slowking\n|-damage|p2a: Slowking|58\/100 par\n|\n|-weather|Snow|[upkeep]\n|upkeep\n|turn|11\n|\n|t:|1700534050\n|move|p1a: Palkia|Spacial Rend|p2a: Slowking\n|-damage|p2a: Slowking|15\/100 par\n|cant|p2a: Slowking|par\n|\n|-weather|Snow|[upkeep]\n|upkeep\n|turn|12\n|\n|t:|1700534057\n|switch|p2a: Mandibuzz|Mandibuzz, F|100\/100\n|move|p1a: Palkia|Spacial Rend|p2a: Mandibuzz|[miss]\n|-miss|p1a: Palkia|p2a: Mandibuzz\n|\n|-weather|none\n|upkeep\n|turn|13\n|\n|t:|1700534064\n|switch|p1a: Magearna|Magearna|100\/100\n|move|p2a: Mandibuzz|Defog|p1a: Magearna\n|-unboost|p1a: Magearna|evasion|1\n|-sideend|p2: PinkScourge|Spikes|[from] move: Defog|[of] p2a: Mandibuzz\n|-sideend|p2: PinkScourge|Sticky Web|[from] move: Defog|[of] p2a: Mandibuzz\n|\n|upkeep\n|turn|14\n|\n|t:|1700534072\n|switch|p2a: Slowking|Slowking-Galar, F|48\/100 par\n|move|p1a: Magearna|Volt Switch|p2a: Slowking\n|-damage|p2a: Slowking|35\/100 par\n|\n|t:|1700534081\n|switch|p1a: Dialga|Dialga-Origin|100\/100|[from] Volt Switch\n|-ability|p1a: Dialga|Pressure\n|\n|upkeep\n|turn|15\n|\n|t:|1700534086\n|switch|p2a: Arceus|Arceus-Fire|84\/100\n|move|p1a: Dialga|Draco Meteor|p2a: Arceus\n|-damage|p2a: Arceus|47\/100\n|-unboost|p1a: Dialga|spa|2\n|\n|upkeep\n|turn|16\n|\n|t:|1700534091\n|move|p2a: Arceus|Recover|p2a: Arceus\n|-heal|p2a: Arceus|97\/100\n|move|p1a: Dialga|Stealth Rock|p2a: Arceus\n|-sidestart|p2: PinkScourge|move: Stealth Rock\n|\n|upkeep\n|turn|17\n|\n|t:|1700534099\n|switch|p1a: Landorus|Landorus, M|100\/100\n|move|p2a: Arceus|Future Sight|p1a: Landorus\n|-start|p2a: Arceus|move: Future Sight\n|\n|upkeep\n|turn|18\n|\n|t:|1700534105\n|-terastallize|p2a: Arceus|Grass\n|move|p1a: Landorus|Sludge Bomb|p2a: Arceus\n|-supereffective|p2a: Arceus\n|-damage|p2a: Arceus|53\/100\n|move|p2a: Arceus|Judgment|p1a: Landorus\n|-damage|p1a: Landorus|41\/100\n|\n|upkeep\n|turn|19\n|\n|t:|1700534114\n|move|p1a: Landorus|U-turn|p2a: Arceus\n|-supereffective|p2a: Arceus\n|-crit|p2a: Arceus\n|-damage|p2a: Arceus|7\/100\n|-damage|p1a: Landorus|31\/100|[from] item: Life Orb\n|\n|t:|1700534119\n|switch|p1a: Dialga|Dialga-Origin|100\/100|[from] U-turn\n|-ability|p1a: Dialga|Pressure\n|move|p2a: Arceus|Recover|p2a: Arceus\n|-heal|p2a: Arceus|57\/100\n|\n|-end|p1a: Dialga|move: Future Sight\n|-resisted|p1a: Dialga\n|-damage|p1a: Dialga|91\/100\n|upkeep\n|turn|20\n|\n|t:|1700534125\n|move|p2a: Arceus|Recover|p2a: Arceus\n|-heal|p2a: Arceus|100\/100\n|move|p1a: Dialga|Draco Meteor|p2a: Arceus\n|-damage|p2a: Arceus|63\/100\n|-unboost|p1a: Dialga|spa|2\n|\n|upkeep\n|turn|21\n|\n|t:|1700534131\n|switch|p1a: Magearna|Magearna|100\/100\n|move|p2a: Arceus|Future Sight|p1a: Magearna\n|-start|p2a: Arceus|move: Future Sight\n|\n|upkeep\n|turn|22\n|\n|t:|1700534137\n|move|p2a: Arceus|Judgment|p1a: Magearna\n|-supereffective|p1a: Magearna\n|-damage|p1a: Magearna|38\/100\n|move|p1a: Magearna|Thunder Wave|p2a: Arceus\n|-status|p2a: Arceus|par\n|\n|-heal|p1a: Magearna|44\/100|[from] item: Leftovers\n|upkeep\n|turn|23\n|\n|t:|1700534143\n|move|p1a: Magearna|Volt Switch|p2a: Arceus\n|-resisted|p2a: Arceus\n|-damage|p2a: Arceus|58\/100 par\n|\n|t:|1700534146\n|switch|p1a: Cyclizar|Cyclizar, M|100\/100|[from] Volt Switch\n|move|p2a: Arceus|Judgment|p1a: Cyclizar\n|-resisted|p1a: Cyclizar\n|-damage|p1a: Cyclizar|58\/100\n|\n|-end|p1a: Cyclizar|move: Future Sight\n|-damage|p1a: Cyclizar|3\/100\n|upkeep\n|turn|24\n|\n|t:|1700534154\n|move|p1a: Cyclizar|Overheat|p2a: Arceus\n|-supereffective|p2a: Arceus\n|-damage|p2a: Arceus|27\/100 par\n|-unboost|p1a: Cyclizar|spa|2\n|cant|p2a: Arceus|par\n|\n|upkeep\n|turn|25\n|\n|t:|1700534162\n|switch|p1a: Palkia|Palkia-Origin|45\/100\n|-ability|p1a: Palkia|Pressure\n|move|p2a: Arceus|Recover|p2a: Arceus\n|-heal|p2a: Arceus|77\/100 par\n|\n|upkeep\n|turn|26\n|\n|t:|1700534169\n|-terastallize|p1a: Palkia|Fire\n|move|p1a: Palkia|Fire Blast|p2a: Arceus\n|-supereffective|p2a: Arceus\n|-damage|p2a: Arceus|17\/100 par\n|move|p2a: Arceus|Future Sight|p1a: Palkia\n|-start|p2a: Arceus|move: Future Sight\n|\n|upkeep\n|turn|27\n|\n|t:|1700534176\n|switch|p2a: Slowking|Slowking-Galar, F|68\/100 par\n|move|p1a: Palkia|Spacial Rend|p2a: Slowking\n|-damage|p2a: Slowking|28\/100 par\n|\n|upkeep\n|turn|28\n|\n|t:|1700534183\n|switch|p1a: Magearna|Magearna|44\/100\n|switch|p2a: Mandibuzz|Mandibuzz, F|100\/100\n|\n|-end|p1a: Magearna|move: Future Sight\n|-resisted|p1a: Magearna\n|-damage|p1a: Magearna|35\/100\n|-heal|p1a: Magearna|41\/100|[from] item: Leftovers\n|upkeep\n|turn|29\n|\n|t:|1700534190\n|move|p1a: Magearna|Fleur Cannon|p2a: Mandibuzz\n|-supereffective|p2a: Mandibuzz\n|-damage|p2a: Mandibuzz|34\/100\n|-unboost|p1a: Magearna|spa|2\n|move|p2a: Mandibuzz|Defog|p1a: Magearna\n|-unboost|p1a: Magearna|evasion|1\n|-sideend|p2: PinkScourge|Stealth Rock|[from] move: Defog|[of] p2a: Mandibuzz\n|\n|-heal|p1a: Magearna|47\/100|[from] item: Leftovers\n|upkeep\n|turn|30\n|\n|t:|1700534198\n|switch|p2a: Slowking|Slowking-Galar, F|62\/100 par\n|move|p1a: Magearna|Volt Switch|p2a: Slowking\n|-damage|p2a: Slowking|56\/100 par\n|\n|t:|1700534215\n|switch|p1a: Landorus|Landorus, M|31\/100|[from] Volt Switch\n|\n|upkeep\n|turn|31\n|\n|t:|1700534223\n|switch|p2a: Mandibuzz|Mandibuzz, F|34\/100\n|move|p1a: Landorus|Earth Power|p2a: Mandibuzz\n|-immune|p2a: Mandibuzz\n|\n|upkeep\n|turn|32\n|\n|t:|1700534229\n|move|p1a: Landorus|Sludge Bomb|p2a: Mandibuzz\n|-damage|p2a: Mandibuzz|6\/100\n|move|p2a: Mandibuzz|Roost|p2a: Mandibuzz\n|-heal|p2a: Mandibuzz|56\/100\n|-singleturn|p2a: Mandibuzz|move: Roost\n|\n|upkeep\n|turn|33\n|\n|t:|1700534234\n|switch|p1a: Magearna|Magearna|47\/100\n|move|p2a: Mandibuzz|Foul Play|p1a: Magearna\n|-resisted|p1a: Magearna\n|-damage|p1a: Magearna|36\/100\n|\n|-heal|p1a: Magearna|42\/100|[from] item: Leftovers\n|upkeep\n|turn|34\n|\n|t:|1700534239\n|switch|p2a: Slowking|Slowking-Galar, F|89\/100 par\n|move|p1a: Magearna|Volt Switch|p2a: Slowking\n|-damage|p2a: Slowking|77\/100 par\n|\n|t:|1700534241\n|switch|p1a: Landorus|Landorus, M|31\/100|[from] Volt Switch\n|\n|upkeep\n|turn|35\n|\n|t:|1700534246\n|move|p1a: Landorus|Earth Power|p2a: Slowking\n|-supereffective|p2a: Slowking\n|-crit|p2a: Slowking\n|-damage|p2a: Slowking|0 fnt\n|faint|p2a: Slowking\n|\n|upkeep\n|\n|t:|1700534256\n|switch|p2a: Alomomola|Alomomola, F|100\/100\n|turn|36\n|\n|t:|1700534260\n|switch|p1a: Palkia|Palkia-Origin, tera:Fire|45\/100\n|-ability|p1a: Palkia|Pressure\n|move|p2a: Alomomola|Flip Turn|p1a: Palkia\n|-supereffective|p1a: Palkia\n|-damage|p1a: Palkia|13\/100\n|\n|t:|1700534269\n|switch|p2a: Mandibuzz|Mandibuzz, F|56\/100|[from] Flip Turn\n|\n|upkeep\n|turn|37\n|\n|t:|1700534275\n|move|p1a: Palkia|Hydro Pump|p2a: Mandibuzz\n|-damage|p2a: Mandibuzz|9\/100\n|move|p2a: Mandibuzz|Foul Play|p1a: Palkia\n|-damage|p1a: Palkia|0 fnt\n|faint|p1a: Palkia\n|\n|upkeep\n|\n|t:|1700534284\n|switch|p1a: Magearna|Magearna|42\/100\n|turn|38\n|\n|t:|1700534289\n|move|p1a: Magearna|Volt Switch|p2a: Mandibuzz\n|-supereffective|p2a: Mandibuzz\n|-damage|p2a: Mandibuzz|0 fnt\n|faint|p2a: Mandibuzz\n|-ability|p1a: Magearna|Soul-Heart|boost\n|-boost|p1a: Magearna|spa|1\n|\n|t:|1700534296\n|switch|p1a: Dialga|Dialga-Origin|91\/100|[from] Volt Switch\n|-ability|p1a: Dialga|Pressure\n|\n|upkeep\n|\n|t:|1700534303\n|switch|p2a: Alomomola|Alomomola, F|100\/100\n|turn|39\n|\n|t:|1700534306\n|move|p1a: Dialga|Stealth Rock|p2a: Alomomola\n|-sidestart|p2: PinkScourge|move: Stealth Rock\n|move|p2a: Alomomola|Wish|p2a: Alomomola\n|\n|upkeep\n|turn|40\n|\n|t:|1700534312\n|move|p1a: Dialga|Draco Meteor|p2a: Alomomola\n|-damage|p2a: Alomomola|27\/100\n|-unboost|p1a: Dialga|spa|2\n|move|p2a: Alomomola|Mirror Coat|p1a: Dialga\n|-damage|p1a: Dialga|0 fnt\n|faint|p1a: Dialga\n|\n|-heal|p2a: Alomomola|77\/100|[from] move: Wish|[wisher] Alomomola\n|upkeep\n|\n|t:|1700534320\n|switch|p1a: Magearna|Magearna|42\/100\n|turn|41\n|\n|t:|1700534323\n|move|p1a: Magearna|Fleur Cannon|p2a: Alomomola\n|-damage|p2a: Alomomola|27\/100\n|-unboost|p1a: Magearna|spa|2\n|move|p2a: Alomomola|Wish|p2a: Alomomola\n|\n|-heal|p1a: Magearna|48\/100|[from] item: Leftovers\n|upkeep\n|turn|42\n|\n|t:|1700534329\n|move|p2a: Alomomola|Protect|p2a: Alomomola\n|-singleturn|p2a: Alomomola|Protect\n|move|p1a: Magearna|Volt Switch|p2a: Alomomola\n|-activate|p2a: Alomomola|move: Protect\n|\n|-heal|p2a: Alomomola|77\/100|[from] move: Wish|[wisher] Alomomola\n|-heal|p1a: Magearna|54\/100|[from] item: Leftovers\n|upkeep\n|turn|43\n|\n|t:|1700534335\n|move|p1a: Magearna|Spikes|p2a: Alomomola\n|-sidestart|p2: PinkScourge|Spikes\n|move|p2a: Alomomola|Wish|p2a: Alomomola\n|\n|-heal|p1a: Magearna|60\/100|[from] item: Leftovers\n|upkeep\n|turn|44\n|\n|t:|1700534340\n|move|p1a: Magearna|Fleur Cannon|p2a: Alomomola\n|-damage|p2a: Alomomola|49\/100\n|-unboost|p1a: Magearna|spa|2\n|move|p2a: Alomomola|Flip Turn|p1a: Magearna\n|-damage|p1a: Magearna|45\/100\n|\n|t:|1700534358\n|switch|p2a: Indeedee|Indeedee, M|100\/100|[from] Flip Turn\n|-damage|p2a: Indeedee|88\/100|[from] Stealth Rock\n|-damage|p2a: Indeedee|76\/100|[from] Spikes\n|-fieldstart|move: Psychic Terrain|[from] ability: Psychic Surge|[of] p2a: Indeedee\n|\n|-heal|p2a: Indeedee|100\/100|[from] move: Wish|[wisher] Alomomola\n|-heal|p1a: Magearna|51\/100|[from] item: Leftovers\n|upkeep\n|turn|45\n|\n|t:|1700534368\n|switch|p1a: Cyclizar|Cyclizar, M|36\/100\n|move|p2a: Indeedee|Trick Room|p2a: Indeedee\n|-fieldstart|move: Trick Room|[of] p2a: Indeedee\n|\n|upkeep\n|turn|46\n|\n|t:|1700534377\n|move|p2a: Indeedee|Psyshock|p1a: Cyclizar\n|-damage|p1a: Cyclizar|0 fnt\n|faint|p1a: Cyclizar\n|\n|upkeep\n|\n|t:|1700534379\n|switch|p1a: Magearna|Magearna|51\/100\n|turn|47\n|\n|t:|1700534389\n|move|p1a: Magearna|Thunder Wave|p2a: Indeedee\n|-status|p2a: Indeedee|par\n|cant|p2a: Indeedee|par\n|\n|-heal|p1a: Magearna|57\/100|[from] item: Leftovers\n|upkeep\n|turn|48\n|\n|t:|1700534405\n|move|p2a: Indeedee|Psyshock|p1a: Magearna\n|-resisted|p1a: Magearna\n|-damage|p1a: Magearna|38\/100\n|move|p1a: Magearna|Spikes|p2a: Indeedee\n|-sidestart|p2: PinkScourge|Spikes\n|\n|-heal|p1a: Magearna|44\/100|[from] item: Leftovers\n|-fieldend|move: Psychic Terrain\n|upkeep\n|turn|49\n|\n|t:|1700534410\n|move|p2a: Indeedee|Psyshock|p1a: Magearna\n|-resisted|p1a: Magearna\n|-damage|p1a: Magearna|29\/100\n|move|p1a: Magearna|Fleur Cannon|p2a: Indeedee\n|-damage|p2a: Indeedee|36\/100 par\n|-unboost|p1a: Magearna|spa|2\n|\n|-heal|p1a: Magearna|35\/100|[from] item: Leftovers\n|-fieldend|move: Trick Room\n|upkeep\n|turn|50\n|\n|t:|1700534417\n|move|p1a: Magearna|Fleur Cannon|p2a: Indeedee\n|-crit|p2a: Indeedee\n|-damage|p2a: Indeedee|0 fnt\n|-unboost|p1a: Magearna|spa|2\n|faint|p2a: Indeedee\n|-ability|p1a: Magearna|Soul-Heart|boost\n|-boost|p1a: Magearna|spa|1\n|\n|-heal|p1a: Magearna|41\/100|[from] item: Leftovers\n|upkeep\n|\n|t:|1700534429\n|switch|p2a: Alomomola|Alomomola, F|82\/100\n|-damage|p2a: Alomomola|69\/100|[from] Stealth Rock\n|-damage|p2a: Alomomola|53\/100|[from] Spikes\n|turn|51\n|\n|t:|1700534434\n|move|p1a: Magearna|Thunder Wave|p2a: Alomomola\n|-status|p2a: Alomomola|par\n|move|p2a: Alomomola|Wish|p2a: Alomomola\n|\n|-heal|p1a: Magearna|47\/100|[from] item: Leftovers\n|upkeep\n|turn|52\n|\n|t:|1700534438\n|switch|p1a: Landorus|Landorus, M|31\/100\n|move|p2a: Alomomola|Mirror Coat||[still]\n|-fail|p2a: Alomomola\n|\n|-heal|p2a: Alomomola|100\/100 par|[from] move: Wish|[wisher] Alomomola\n|upkeep\n|turn|53\n|\n|t:|1700534441\n|move|p1a: Landorus|U-turn|p2a: Alomomola\n|-damage|p2a: Alomomola|87\/100 par\n|-damage|p1a: Landorus|15\/100|[from] item: Rocky Helmet|[of] p2a: Alomomola\n|-damage|p1a: Landorus|5\/100|[from] item: Life Orb\n|\n|t:|1700534445\n|switch|p1a: Magearna|Magearna|47\/100|[from] U-turn\n|cant|p2a: Alomomola|par\n|\n|-heal|p1a: Magearna|53\/100|[from] item: Leftovers\n|upkeep\n|turn|54\n|\n|t:|1700534453\n|move|p1a: Magearna|Spikes|p2a: Alomomola\n|-sidestart|p2: PinkScourge|Spikes\n|cant|p2a: Alomomola|par\n|\n|-heal|p1a: Magearna|59\/100|[from] item: Leftovers\n|upkeep\n|turn|55\n|\n|t:|1700534461\n|move|p1a: Magearna|Thunder Wave|p2a: Alomomola\n|-fail|p2a: Alomomola|par\n|move|p2a: Alomomola|Wish|p2a: Alomomola\n|\n|-heal|p1a: Magearna|65\/100|[from] item: Leftovers\n|upkeep\n|turn|56\n|\n|t:|1700534469\n|move|p1a: Magearna|Thunder Wave|p2a: Alomomola\n|-fail|p2a: Alomomola|par\n|cant|p2a: Alomomola|par\n|\n|-heal|p2a: Alomomola|100\/100 par|[from] move: Wish|[wisher] Alomomola\n|-heal|p1a: Magearna|71\/100|[from] item: Leftovers\n|upkeep\n|turn|57\n|\n|t:|1700534472\n|move|p1a: Magearna|Thunder Wave|p2a: Alomomola\n|-fail|p2a: Alomomola|par\n|move|p2a: Alomomola|Wish|p2a: Alomomola\n|\n|-heal|p1a: Magearna|77\/100|[from] item: Leftovers\n|upkeep\n|turn|58\n|\n|t:|1700534479\n|move|p1a: Magearna|Thunder Wave|p2a: Alomomola\n|-fail|p2a: Alomomola|par\n|move|p2a: Alomomola|Mirror Coat||[still]\n|-fail|p2a: Alomomola\n|\n|-heal|p1a: Magearna|83\/100|[from] item: Leftovers\n|upkeep\n|turn|59\n|\n|t:|1700534482\n|move|p1a: Magearna|Thunder Wave|p2a: Alomomola\n|-fail|p2a: Alomomola|par\n|cant|p2a: Alomomola|par\n|\n|-heal|p1a: Magearna|89\/100|[from] item: Leftovers\n|upkeep\n|turn|60\n|\n|t:|1700534485\n|switch|p1a: Landorus|Landorus, M|5\/100\n|move|p2a: Alomomola|Flip Turn|p1a: Landorus\n|-supereffective|p1a: Landorus\n|-damage|p1a: Landorus|0 fnt\n|faint|p1a: Landorus\n|\n|t:|1700534492\n|switch|p2a: Arceus|Arceus-Fire, tera:Grass|17\/100 par|[from] Flip Turn\n|-damage|p2a: Arceus|5\/100 par|[from] Stealth Rock\n|-damage|p2a: Arceus|0 fnt|[from] Spikes\n|faint|p2a: Arceus\n|\n|upkeep\n|\n|t:|1700534499\n|switch|p1a: Magearna|Magearna|89\/100\n|switch|p2a: Alomomola|Alomomola, F|100\/100 par\n|-damage|p2a: Alomomola|88\/100 par|[from] Stealth Rock\n|-damage|p2a: Alomomola|63\/100 par|[from] Spikes\n|turn|61\n|\n|t:|1700534504\n|move|p1a: Magearna|Volt Switch|p2a: Alomomola\n|-supereffective|p2a: Alomomola\n|-damage|p2a: Alomomola|24\/100 par\n|move|p2a: Alomomola|Wish|p2a: Alomomola\n|\n|-heal|p1a: Magearna|95\/100|[from] item: Leftovers\n|upkeep\n|turn|62\n|\n|t:|1700534515\n|move|p2a: Alomomola|Protect|p2a: Alomomola\n|-singleturn|p2a: Alomomola|Protect\n|move|p1a: Magearna|Volt Switch|p2a: Alomomola\n|-activate|p2a: Alomomola|move: Protect\n|\n|-heal|p2a: Alomomola|74\/100 par|[from] move: Wish|[wisher] Alomomola\n|-heal|p1a: Magearna|100\/100|[from] item: Leftovers\n|upkeep\n|turn|63\n|\n|t:|1700534521\n|move|p1a: Magearna|Volt Switch|p2a: Alomomola\n|-supereffective|p2a: Alomomola\n|-damage|p2a: Alomomola|33\/100 par\n|cant|p2a: Alomomola|par\n|\n|upkeep\n|turn|64\n|c|\u2606PinkScourge|Fuck off\n|c|\u2606PinkScourge|Para\n|c|\u2606Shady Icy|well\n|\n|t:|1700534536\n|switch|p2a: Palkia|Palkia|100\/100\n|-damage|p2a: Palkia|88\/100|[from] Stealth Rock\n|-damage|p2a: Palkia|63\/100|[from] Spikes\n|-ability|p2a: Palkia|Pressure\n|move|p1a: Magearna|Volt Switch|p2a: Palkia\n|-damage|p2a: Palkia|46\/100\n|\n|upkeep\n|turn|65\n|c|\u2606Shady Icy|only way to break stall\n|\n|t:|1700534551\n|move|p1a: Magearna|Thunder Wave|p2a: Palkia|[miss]\n|-miss|p1a: Magearna|p2a: Palkia\n|move|p2a: Palkia|Trick Room|p2a: Palkia\n|-fieldstart|move: Trick Room|[of] p2a: Palkia\n|\n|upkeep\n|turn|66\n|\n|t:|1700534558\n|move|p1a: Magearna|Thunder Wave|p2a: Palkia\n|-status|p2a: Palkia|par\n|cant|p2a: Palkia|par\n|\n|upkeep\n|turn|67\n|\n|t:|1700534562\n|move|p2a: Palkia|Hydro Pump|p1a: Magearna\n|-damage|p1a: Magearna|44\/100\n|move|p1a: Magearna|Volt Switch|p2a: Palkia\n|-damage|p2a: Palkia|30\/100 par\n|\n|-heal|p1a: Magearna|50\/100|[from] item: Leftovers\n|upkeep\n|turn|68\n|\n|t:|1700534567\n|move|p2a: Palkia|Hydro Pump|p1a: Magearna\n|-damage|p1a: Magearna|0 fnt\n|faint|p1a: Magearna\n|\n|win|PinkScourge\n|c|\u2606Shady Icy|gg\n|c|\u2606PinkScourge|GG\n|l|\u2606PinkScourge\n|l|\u2606Shady Icy\n|j|\u2606PinkScourge\n|player|p2|PinkScourge|bede-leader\n","uploadtime":1700534592,"views":14,"p1id":"shadyicy","p2id":"pinkscourge","formatid":"gen9ubers","rating":0,"private":0,"password":""}