{"id":"gen9ubers-1998423297","p1":"LadyMaria-Blue","p2":"PTKmoekyuun","format":"[Gen 9] Ubers","log":"|j|\u2606LadyMaria-Blue\n|j|\u2606PTKmoekyuun\n|t:|1700940668\n|gametype|singles\n|player|p1|LadyMaria-Blue|cynthia|\n|player|p2|PTKmoekyuun|102|\n|teamsize|p1|6\n|teamsize|p2|6\n|gen|9\n|tier|[Gen 9] Ubers\n|rule|Sleep Clause Mod: Limit one foe put to sleep\n|rule|Species Clause: Limit one of each Pok\u00e9mon\n|rule|OHKO Clause: OHKO moves are banned\n|rule|Evasion Items Clause: Evasion items are banned\n|rule|Evasion Moves Clause: Evasion moves are banned\n|rule|Endless Battle Clause: Forcing endless battles is banned\n|rule|HP Percentage Mod: HP is shown in percentages\n|clearpoke\n|poke|p1|Torkoal, F|\n|poke|p1|Roaring Moon|\n|poke|p1|Magearna|\n|poke|p1|Volcanion|\n|poke|p1|Chi-Yu|\n|poke|p1|Walking Wake|\n|poke|p2|Cyclizar, F|\n|poke|p2|Iron Thorns|\n|poke|p2|Slowking-Galar, F|\n|poke|p2|Magearna|\n|poke|p2|Arceus-Grass|\n|poke|p2|Zamazenta-*|\n|teampreview\n|\n|t:|1700940723\n|start\n|switch|p1a: Torkoal|Torkoal, F|100\/100\n|switch|p2a: Cyclizar|Cyclizar, F|100\/100\n|-weather|SunnyDay|[from] ability: Drought|[of] p1a: Torkoal\n|turn|1\n|\n|t:|1700940735\n|switch|p1a: Roaring Moon|Roaring Moon|100\/100\n|-activate|p1a: Roaring Moon|ability: Protosynthesis\n|-start|p1a: Roaring Moon|protosynthesisspe\n|move|p2a: Cyclizar|Shed Tail|p2a: Cyclizar\n|-start|p2a: Cyclizar|Substitute|[from] move: Shed Tail\n|-damage|p2a: Cyclizar|50\/100\n|\n|t:|1700940747\n|switch|p2a: Zamazenta|Zamazenta-Crowned|100\/100|[from] Shed Tail\n|-ability|p2a: Zamazenta|Dauntless Shield|boost\n|-boost|p2a: Zamazenta|def|1\n|\n|-weather|SunnyDay|[upkeep]\n|upkeep\n|turn|2\n|\n|t:|1700940751\n|move|p1a: Roaring Moon|Earthquake|p2a: Zamazenta\n|-supereffective|p2a: Zamazenta\n|-end|p2a: Zamazenta|Substitute\n|move|p2a: Zamazenta|Close Combat|p1a: Roaring Moon\n|-supereffective|p1a: Roaring Moon\n|-damage|p1a: Roaring Moon|0 fnt\n|-unboost|p2a: Zamazenta|def|1\n|-unboost|p2a: Zamazenta|spd|1\n|faint|p1a: Roaring Moon\n|-end|p1a: Roaring Moon|Protosynthesis|[silent]\n|\n|-weather|SunnyDay|[upkeep]\n|upkeep\n|\n|t:|1700940755\n|switch|p1a: Chi-Yu|Chi-Yu|100\/100\n|-ability|p1a: Chi-Yu|Beads of Ruin\n|turn|3\n|\n|t:|1700940774\n|-terastallize|p1a: Chi-Yu|Fire\n|move|p1a: Chi-Yu|Flamethrower|p2a: Zamazenta\n|-supereffective|p2a: Zamazenta\n|-damage|p2a: Zamazenta|0 fnt\n|faint|p2a: Zamazenta\n|\n|-weather|SunnyDay|[upkeep]\n|upkeep\n|\n|t:|1700940819\n|switch|p2a: Slowking|Slowking-Galar, F|100\/100\n|turn|4\n|\n|t:|1700940828\n|switch|p1a: Volcanion|Volcanion|100\/100\n|move|p2a: Slowking|Chilly Reception|p2a: Slowking\n|-weather|Snow\n|\n|t:|1700940840\n|switch|p2a: Cyclizar|Cyclizar, F|84\/100|[from] Chilly Reception\n|\n|-weather|Snow|[upkeep]\n|upkeep\n|turn|5\n|\n|t:|1700940843\n|move|p2a: Cyclizar|Shed Tail|p2a: Cyclizar\n|-start|p2a: Cyclizar|Substitute|[from] move: Shed Tail\n|-damage|p2a: Cyclizar|33\/100\n|\n|t:|1700940877\n|switch|p2a: Slowking|Slowking-Galar, F|100\/100|[from] Shed Tail\n|move|p1a: Volcanion|Substitute|p1a: Volcanion\n|-start|p1a: Volcanion|Substitute\n|-damage|p1a: Volcanion|75\/100\n|\n|-weather|Snow|[upkeep]\n|upkeep\n|turn|6\n|\n|t:|1700940882\n|move|p1a: Volcanion|Earth Power|p2a: Slowking\n|-supereffective|p2a: Slowking\n|-end|p2a: Slowking|Substitute\n|move|p2a: Slowking|Future Sight|p1a: Volcanion\n|-start|p2a: Slowking|move: Future Sight\n|\n|-weather|Snow|[upkeep]\n|upkeep\n|turn|7\n|\n|t:|1700940889\n|move|p1a: Volcanion|Earth Power|p2a: Slowking\n|-supereffective|p2a: Slowking\n|-damage|p2a: Slowking|68\/100\n|move|p2a: Slowking|Toxic Spikes|p1a: Volcanion\n|-sidestart|p1: LadyMaria-Blue|move: Toxic Spikes\n|\n|-weather|Snow|[upkeep]\n|upkeep\n|turn|8\n|\n|t:|1700940900\n|move|p1a: Volcanion|Steam Eruption|p2a: Slowking\n|-damage|p2a: Slowking|39\/100\n|move|p2a: Slowking|Chilly Reception|p2a: Slowking\n|\n|t:|1700940903\n|switch|p2a: Cyclizar|Cyclizar, F|67\/100|[from] Chilly Reception\n|\n|-weather|none\n|-end|p1a: Volcanion|move: Future Sight\n|-end|p1a: Volcanion|Substitute\n|upkeep\n|turn|9\n|\n|t:|1700940921\n|switch|p1a: Torkoal|Torkoal, F|100\/100\n|-status|p1a: Torkoal|psn\n|-weather|SunnyDay|[from] ability: Drought|[of] p1a: Torkoal\n|move|p2a: Cyclizar|Taunt|p1a: Torkoal\n|-start|p1a: Torkoal|move: Taunt\n|\n|-weather|SunnyDay|[upkeep]\n|-damage|p1a: Torkoal|88\/100 psn|[from] psn\n|upkeep\n|turn|10\n|\n|t:|1700940930\n|move|p2a: Cyclizar|Shed Tail|p2a: Cyclizar\n|-start|p2a: Cyclizar|Substitute|[from] move: Shed Tail\n|-damage|p2a: Cyclizar|17\/100\n|\n|t:|1700940938\n|switch|p2a: Iron Thorns|Iron Thorns|100\/100|[from] Shed Tail\n|-enditem|p2a: Iron Thorns|Booster Energy\n|-activate|p2a: Iron Thorns|ability: Quark Drive|[fromitem]\n|-start|p2a: Iron Thorns|quarkdriveatk\n|move|p1a: Torkoal|Rapid Spin|p2a: Iron Thorns\n|-resisted|p2a: Iron Thorns\n|-activate|p2a: Iron Thorns|move: Substitute|[damage]\n|-sideend|p1: LadyMaria-Blue|Toxic Spikes|[from] move: Rapid Spin|[of] p1a: Torkoal\n|-boost|p1a: Torkoal|spe|1\n|\n|-weather|SunnyDay|[upkeep]\n|-damage|p1a: Torkoal|76\/100 psn|[from] psn\n|upkeep\n|turn|11\n|\n|t:|1700940945\n|switch|p1a: Walking Wake|Walking Wake|100\/100\n|-activate|p1a: Walking Wake|ability: Protosynthesis\n|-start|p1a: Walking Wake|protosynthesisspe\n|move|p2a: Iron Thorns|Dragon Dance|p2a: Iron Thorns\n|-boost|p2a: Iron Thorns|atk|1\n|-boost|p2a: Iron Thorns|spe|1\n|\n|-weather|SunnyDay|[upkeep]\n|upkeep\n|turn|12\n|\n|t:|1700940955\n|move|p1a: Walking Wake|Hydro Steam|p2a: Iron Thorns\n|-supereffective|p2a: Iron Thorns\n|-end|p2a: Iron Thorns|Substitute\n|move|p2a: Iron Thorns|Dragon Dance|p2a: Iron Thorns\n|-boost|p2a: Iron Thorns|atk|1\n|-boost|p2a: Iron Thorns|spe|1\n|\n|-weather|SunnyDay|[upkeep]\n|upkeep\n|turn|13\n|\n|t:|1700941005\n|-terastallize|p2a: Iron Thorns|Grass\n|move|p1a: Walking Wake|Hydro Steam|p2a: Iron Thorns\n|-resisted|p2a: Iron Thorns\n|-damage|p2a: Iron Thorns|51\/100\n|move|p2a: Iron Thorns|Dragon Dance|p2a: Iron Thorns\n|-boost|p2a: Iron Thorns|atk|1\n|-boost|p2a: Iron Thorns|spe|1\n|\n|-weather|SunnyDay|[upkeep]\n|upkeep\n|turn|14\n|\n|t:|1700941051\n|move|p2a: Iron Thorns|Earthquake|p1a: Walking Wake\n|-damage|p1a: Walking Wake|0 fnt\n|faint|p1a: Walking Wake\n|-end|p1a: Walking Wake|Protosynthesis|[silent]\n|\n|-weather|SunnyDay|[upkeep]\n|upkeep\n|\n|t:|1700941070\n|switch|p1a: Torkoal|Torkoal, F|76\/100 psn\n|turn|15\n|\n|t:|1700941076\n|move|p2a: Iron Thorns|Stone Edge|p1a: Torkoal\n|-supereffective|p1a: Torkoal\n|-damage|p1a: Torkoal|0 fnt\n|faint|p1a: Torkoal\n|\n|-weather|SunnyDay|[upkeep]\n|upkeep\n|\n|t:|1700941081\n|switch|p1a: Chi-Yu|Chi-Yu, tera:Fire|100\/100\n|-ability|p1a: Chi-Yu|Beads of Ruin\n|turn|16\n|\n|t:|1700941085\n|move|p2a: Iron Thorns|Earthquake|p1a: Chi-Yu\n|-supereffective|p1a: Chi-Yu\n|-damage|p1a: Chi-Yu|0 fnt\n|faint|p1a: Chi-Yu\n|\n|-weather|none\n|upkeep\n|\n|t:|1700941087\n|switch|p1a: Magearna|Magearna|100\/100\n|turn|17\n|\n|t:|1700941090\n|move|p2a: Iron Thorns|Earthquake|p1a: Magearna\n|-supereffective|p1a: Magearna\n|-damage|p1a: Magearna|0 fnt\n|faint|p1a: Magearna\n|\n|upkeep\n|\n|t:|1700941093\n|switch|p1a: Volcanion|Volcanion|75\/100\n|turn|18\n|\n|t:|1700941095\n|move|p2a: Iron Thorns|Earthquake|p1a: Volcanion\n|-supereffective|p1a: Volcanion\n|-damage|p1a: Volcanion|0 fnt\n|faint|p1a: Volcanion\n|\n|win|PTKmoekyuun\n|c|\u2606PTKmoekyuun|gg\n|c|\u2606LadyMaria-Blue|ggs\n","uploadtime":1700941103,"views":22,"p1id":"ladymariablue","p2id":"ptkmoekyuun","formatid":"gen9ubers","rating":0,"private":0,"password":""}