{"id":"gen9ubers-1986092406","p1":"IspamObjection","p2":"wamkou","format":"[Gen 9] Ubers","log":"|j|\u2606IspamObjection\n|j|\u2606wamkou\n|t:|1699449232\n|gametype|singles\n|player|p1|IspamObjection|lance-gen2|\n|player|p2|wamkou|elesa-masters2|\n|teamsize|p1|6\n|teamsize|p2|6\n|gen|9\n|tier|[Gen 9] Ubers\n|rule|Sleep Clause Mod: Limit one foe put to sleep\n|rule|Species Clause: Limit one of each Pok\u00e9mon\n|rule|OHKO Clause: OHKO moves are banned\n|rule|Evasion Items Clause: Evasion items are banned\n|rule|Evasion Moves Clause: Evasion moves are banned\n|rule|Endless Battle Clause: Forcing endless battles is banned\n|rule|HP Percentage Mod: HP is shown in percentages\n|clearpoke\n|poke|p1|Ninetales-Alola, F|\n|poke|p1|Baxcalibur, F|\n|poke|p1|Garchomp, M|\n|poke|p1|Chi-Yu|\n|poke|p1|Walking Wake|\n|poke|p1|Torkoal, F|\n|poke|p2|Pelipper, M|\n|poke|p2|Barraskewda, F|\n|poke|p2|Zacian-*|\n|poke|p2|Palkia-Origin|\n|poke|p2|Arceus-Grass|\n|poke|p2|Palafin, F|\n|teampreview\n|\n|t:|1699449256\n|start\n|switch|p1a: Garchover|Garchomp, M|100\/100\n|switch|p2a: Palafin|Palafin, F|100\/100\n|turn|1\n|c|\u2606wamkou|3 weathers thisll be interesting\n|\n|t:|1699449278\n|move|p1a: Garchover|Stealth Rock|p2a: Palafin\n|-sidestart|p2: wamkou|move: Stealth Rock\n|move|p2a: Palafin|Flip Turn|p1a: Garchover\n|-damage|p1a: Garchover|66\/100\n|-damage|p2a: Palafin|88\/100|[from] ability: Rough Skin|[of] p1a: Garchover\n|\n|t:|1699449289\n|detailschange|p2a: Palafin|Palafin-Hero, F\n|switch|p2a: Palkia|Palkia-Origin|100\/100|[from] Flip Turn\n|-damage|p2a: Palkia|88\/100|[from] Stealth Rock\n|-ability|p2a: Palkia|Pressure\n|\n|upkeep\n|turn|2\n|\n|t:|1699449309\n|switch|p1a: Ninetales|Ninetales-Alola, F|100\/100\n|-weather|Snow|[from] ability: Snow Warning|[of] p1a: Ninetales\n|move|p2a: Palkia|Hydro Pump|p1a: Ninetales\n|-damage|p1a: Ninetales|31\/100\n|\n|-weather|Snow|[upkeep]\n|upkeep\n|turn|3\n|\n|t:|1699449331\n|switch|p1a: Torkoal|Torkoal, F|100\/100\n|-weather|SunnyDay|[from] ability: Drought|[of] p1a: Torkoal\n|move|p2a: Palkia|Hydro Pump|p1a: Torkoal\n|-supereffective|p1a: Torkoal\n|-damage|p1a: Torkoal|31\/100\n|\n|-weather|SunnyDay|[upkeep]\n|upkeep\n|turn|4\n|\n|t:|1699449343\n|move|p2a: Palkia|Earth Power|p1a: Torkoal\n|-supereffective|p1a: Torkoal\n|-damage|p1a: Torkoal|0 fnt\n|faint|p1a: Torkoal\n|\n|-weather|SunnyDay|[upkeep]\n|upkeep\n|\n|t:|1699449347\n|switch|p1a: Walking Wake|Walking Wake|100\/100\n|-activate|p1a: Walking Wake|ability: Protosynthesis\n|-start|p1a: Walking Wake|protosynthesisspa\n|turn|5\n|\n|t:|1699449363\n|switch|p2a: Zacian|Zacian|100\/100\n|-damage|p2a: Zacian|88\/100|[from] Stealth Rock\n|-ability|p2a: Zacian|Intrepid Sword|boost\n|-boost|p2a: Zacian|atk|1\n|move|p1a: Walking Wake|Dragon Pulse|p2a: Zacian\n|-immune|p2a: Zacian\n|\n|-weather|SunnyDay|[upkeep]\n|upkeep\n|turn|6\n|\n|t:|1699449375\n|-end|p1a: Walking Wake|Protosynthesis|[silent]\n|switch|p1a: Garchover|Garchomp, M|66\/100\n|move|p2a: Zacian|Play Rough|p1a: Garchover\n|-supereffective|p1a: Garchover\n|-damage|p1a: Garchover|0 fnt\n|-damage|p2a: Zacian|76\/100|[from] ability: Rough Skin|[of] p1a: Garchover\n|faint|p1a: Garchover\n|\n|-weather|SunnyDay|[upkeep]\n|upkeep\n|\n|t:|1699449395\n|switch|p1a: Chi-Yu|Chi-Yu|100\/100\n|-ability|p1a: Chi-Yu|Beads of Ruin\n|turn|7\n|\n|t:|1699449408\n|move|p1a: Chi-Yu|Flamethrower|p2a: Zacian\n|-damage|p2a: Zacian|0 fnt\n|faint|p2a: Zacian\n|\n|-weather|SunnyDay|[upkeep]\n|upkeep\n|\n|t:|1699449414\n|switch|p2a: Palkia|Palkia-Origin|88\/100\n|-damage|p2a: Palkia|76\/100|[from] Stealth Rock\n|-ability|p2a: Palkia|Pressure\n|turn|8\n|\n|t:|1699449424\n|switch|p1a: Walking Wake|Walking Wake|100\/100\n|-activate|p1a: Walking Wake|ability: Protosynthesis\n|-start|p1a: Walking Wake|protosynthesisspa\n|move|p2a: Palkia|Earth Power|p1a: Walking Wake\n|-damage|p1a: Walking Wake|63\/100\n|\n|-weather|SunnyDay|[upkeep]\n|upkeep\n|turn|9\n|\n|t:|1699449439\n|-terastallize|p2a: Palkia|Steel\n|move|p2a: Palkia|Spacial Rend|p1a: Walking Wake\n|-supereffective|p1a: Walking Wake\n|-damage|p1a: Walking Wake|0 fnt\n|faint|p1a: Walking Wake\n|-end|p1a: Walking Wake|Protosynthesis|[silent]\n|\n|-weather|SunnyDay|[upkeep]\n|upkeep\n|\n|t:|1699449449\n|switch|p1a: Chi-Yu|Chi-Yu|100\/100\n|-ability|p1a: Chi-Yu|Beads of Ruin\n|turn|10\n|\n|t:|1699449458\n|switch|p2a: Pelipper|Pelipper, M|100\/100\n|-damage|p2a: Pelipper|76\/100|[from] Stealth Rock\n|-weather|RainDance|[from] ability: Drizzle|[of] p2a: Pelipper\n|move|p1a: Chi-Yu|Fire Blast|p2a: Pelipper\n|-resisted|p2a: Pelipper\n|-damage|p2a: Pelipper|43\/100\n|\n|-weather|RainDance|[upkeep]\n|upkeep\n|turn|11\n|\n|t:|1699449468\n|switch|p1a: Ninetales|Ninetales-Alola, F|31\/100\n|-weather|Snow|[from] ability: Snow Warning|[of] p1a: Ninetales\n|move|p2a: Pelipper|Roost|p2a: Pelipper\n|-heal|p2a: Pelipper|93\/100\n|-singleturn|p2a: Pelipper|move: Roost\n|\n|-weather|Snow|[upkeep]\n|upkeep\n|turn|12\n|\n|t:|1699449480\n|move|p1a: Ninetales|Encore|p2a: Pelipper\n|-start|p2a: Pelipper|Encore\n|move|p2a: Pelipper|Roost|p2a: Pelipper\n|-heal|p2a: Pelipper|100\/100\n|-singleturn|p2a: Pelipper|move: Roost\n|\n|-weather|Snow|[upkeep]\n|upkeep\n|turn|13\n|\n|t:|1699449492\n|switch|p2a: Palkia|Palkia-Origin, tera:Steel|76\/100\n|-damage|p2a: Palkia|69\/100|[from] Stealth Rock\n|-ability|p2a: Palkia|Pressure\n|move|p1a: Ninetales|Aurora Veil|p1a: Ninetales\n|-sidestart|p1: IspamObjection|move: Aurora Veil\n|\n|-weather|Snow|[upkeep]\n|upkeep\n|turn|14\n|\n|t:|1699449504\n|move|p2a: Palkia|Substitute|p2a: Palkia\n|-start|p2a: Palkia|Substitute\n|-damage|p2a: Palkia|44\/100\n|move|p1a: Ninetales|Moonblast|p2a: Palkia\n|-resisted|p2a: Palkia\n|-activate|p2a: Palkia|move: Substitute|[damage]\n|\n|-weather|Snow|[upkeep]\n|upkeep\n|turn|15\n|\n|t:|1699449513\n|move|p2a: Palkia|Hydro Pump|p1a: Ninetales\n|-damage|p1a: Ninetales|0 fnt\n|faint|p1a: Ninetales\n|\n|-weather|none\n|upkeep\n|\n|t:|1699449528\n|switch|p1a: Baxcalibur|Baxcalibur, F|100\/100\n|turn|16\n|\n|t:|1699449541\n|-terastallize|p1a: Baxcalibur|Fairy\n|move|p2a: Palkia|Spacial Rend|p1a: Baxcalibur\n|-immune|p1a: Baxcalibur\n|move|p1a: Baxcalibur|Dragon Dance|p1a: Baxcalibur\n|-boost|p1a: Baxcalibur|atk|1\n|-boost|p1a: Baxcalibur|spe|1\n|\n|upkeep\n|turn|17\n|\n|t:|1699449549\n|move|p1a: Baxcalibur|Icicle Spear|p2a: Palkia\n|-resisted|p2a: Palkia\n|-activate|p2a: Palkia|move: Substitute|[damage]\n|-resisted|p2a: Palkia\n|-end|p2a: Palkia|Substitute\n|-resisted|p2a: Palkia\n|-damage|p2a: Palkia|33\/100\n|-resisted|p2a: Palkia\n|-damage|p2a: Palkia|22\/100\n|-resisted|p2a: Palkia\n|-damage|p2a: Palkia|11\/100\n|-hitcount|p2a: Palkia|5\n|move|p2a: Palkia|Hydro Pump|p1a: Baxcalibur\n|-damage|p1a: Baxcalibur|61\/100\n|\n|upkeep\n|turn|18\n|\n|t:|1699449565\n|move|p1a: Baxcalibur|Icicle Spear|p2a: Palkia\n|-resisted|p2a: Palkia\n|-damage|p2a: Palkia|0 fnt\n|faint|p2a: Palkia\n|-hitcount|p2: Palkia|1\n|\n|upkeep\n|\n|t:|1699449571\n|switch|p2a: Pelipper|Pelipper, M|100\/100\n|-damage|p2a: Pelipper|76\/100|[from] Stealth Rock\n|-weather|RainDance|[from] ability: Drizzle|[of] p2a: Pelipper\n|turn|19\n|\n|t:|1699449583\n|move|p1a: Baxcalibur|Dragon Dance|p1a: Baxcalibur\n|-boost|p1a: Baxcalibur|atk|1\n|-boost|p1a: Baxcalibur|spe|1\n|move|p2a: Pelipper|Hurricane|p1a: Baxcalibur\n|-damage|p1a: Baxcalibur|43\/100\n|\n|-weather|RainDance|[upkeep]\n|upkeep\n|turn|20\n|\n|t:|1699449601\n|move|p1a: Baxcalibur|Dragon Dance|p1a: Baxcalibur\n|-boost|p1a: Baxcalibur|atk|1\n|-boost|p1a: Baxcalibur|spe|1\n|move|p2a: Pelipper|Hurricane|p1a: Baxcalibur\n|-damage|p1a: Baxcalibur|25\/100\n|\n|-weather|RainDance|[upkeep]\n|-sideend|p1: IspamObjection|move: Aurora Veil\n|upkeep\n|turn|21\n|\n|t:|1699449610\n|move|p1a: Baxcalibur|Icicle Spear|p2a: Pelipper\n|-damage|p2a: Pelipper|48\/100\n|-damage|p2a: Pelipper|20\/100\n|-damage|p2a: Pelipper|0 fnt\n|faint|p2a: Pelipper\n|-hitcount|p2: Pelipper|3\n|\n|-weather|RainDance|[upkeep]\n|upkeep\n|\n|t:|1699449616\n|switch|p2a: Palafin|Palafin-Hero, F|88\/100\n|-damage|p2a: Palafin|76\/100|[from] Stealth Rock\n|-activate|p2a: Palafin|ability: Zero to Hero\n|turn|22\n|\n|t:|1699449625\n|move|p2a: Palafin|Jet Punch|p1a: Baxcalibur\n|-damage|p1a: Baxcalibur|0 fnt\n|faint|p1a: Baxcalibur\n|\n|-weather|RainDance|[upkeep]\n|upkeep\n|\n|t:|1699449628\n|switch|p1a: Chi-Yu|Chi-Yu|100\/100\n|-ability|p1a: Chi-Yu|Beads of Ruin\n|turn|23\n|\n|t:|1699449631\n|move|p2a: Palafin|Jet Punch|p1a: Chi-Yu\n|-supereffective|p1a: Chi-Yu\n|-damage|p1a: Chi-Yu|0 fnt\n|faint|p1a: Chi-Yu\n|\n|win|wamkou\n|c|\u2606wamkou|gg\n","uploadtime":1699449635,"views":11,"p1id":"ispamobjection","p2id":"wamkou","formatid":"gen9ubers","rating":0,"private":0,"password":""}