{"id":"gen9ubers-1981051467","p1":"lolgz","p2":"Leo Justice","format":"[Gen 9] Ubers","log":"|j|\u2606lolgz\n|j|\u2606Leo Justice\n|t:|1698859741\n|gametype|singles\n|player|p1|lolgz|101|\n|player|p2|Leo Justice|carmine|\n|teamsize|p1|6\n|teamsize|p2|6\n|gen|9\n|tier|[Gen 9] Ubers\n|rule|Sleep Clause Mod: Limit one foe put to sleep\n|rule|Species Clause: Limit one of each Pok\u00e9mon\n|rule|OHKO Clause: OHKO moves are banned\n|rule|Evasion Items Clause: Evasion items are banned\n|rule|Evasion Moves Clause: Evasion moves are banned\n|rule|Endless Battle Clause: Forcing endless battles is banned\n|rule|HP Percentage Mod: HP is shown in percentages\n|clearpoke\n|poke|p1|Magearna|\n|poke|p1|Zacian-*|\n|poke|p1|Cyclizar, F|\n|poke|p1|Palafin, M|\n|poke|p1|Arceus-Fire|\n|poke|p1|Garchomp, F|\n|poke|p2|Blissey, F|\n|poke|p2|Moltres|\n|poke|p2|Arceus-Poison|\n|poke|p2|Garganacl, F|\n|poke|p2|Magearna|\n|poke|p2|Cyclizar, M|\n|teampreview\n|inactive|Battle timer is ON: inactive players will automatically lose when time's up. (requested by lolgz)\n|inactive|lolgz has 270 seconds left.\n|\n|t:|1698859775\n|start\n|switch|p1a: Cyclizar|Cyclizar, F|100\/100\n|switch|p2a: Cyclizar|Cyclizar, M|100\/100\n|turn|1\n|\n|t:|1698859790\n|move|p1a: Cyclizar|Shed Tail|p1a: Cyclizar\n|-start|p1a: Cyclizar|Substitute|[from] move: Shed Tail\n|-damage|p1a: Cyclizar|50\/100\n|inactive|lolgz has 270 seconds left.\n|inactive|lolgz has 240 seconds left.\n|\n|t:|1698859863\n|switch|p1a: Magearna|Magearna|100\/100|[from] Shed Tail\n|move|p2a: Cyclizar|Taunt|p1a: Magearna\n|-start|p1a: Magearna|move: Taunt\n|\n|upkeep\n|turn|2\n|\n|t:|1698859874\n|move|p2a: Cyclizar|Shed Tail|p2a: Cyclizar\n|-start|p2a: Cyclizar|Substitute|[from] move: Shed Tail\n|-damage|p2a: Cyclizar|50\/100\n|\n|t:|1698859886\n|switch|p2a: Magearna|Magearna|100\/100|[from] Shed Tail\n|move|p1a: Magearna|Draining Kiss|p2a: Magearna\n|-resisted|p2a: Magearna\n|-crit|p2a: Magearna\n|-activate|p2a: Magearna|move: Substitute|[damage]\n|\n|upkeep\n|turn|3\n|inactive|lolgz has 240 seconds left.\n|\n|t:|1698859895\n|switch|p1a: Arceus|Arceus-Fire|100\/100\n|move|p2a: Magearna|Spikes|p1a: Arceus\n|-sidestart|p1: lolgz|Spikes\n|\n|upkeep\n|turn|4\n|\n|t:|1698859901\n|move|p1a: Arceus|Dragon Dance|p1a: Arceus\n|-boost|p1a: Arceus|atk|1\n|-boost|p1a: Arceus|spe|1\n|move|p2a: Magearna|Encore|p1a: Arceus\n|-start|p1a: Arceus|Encore\n|\n|upkeep\n|turn|5\n|\n|t:|1698859906\n|switch|p2a: Moltres|Moltres|100\/100\n|move|p1a: Arceus|Dragon Dance|p1a: Arceus\n|-boost|p1a: Arceus|atk|1\n|-boost|p1a: Arceus|spe|1\n|\n|upkeep\n|turn|6\n|\n|t:|1698859910\n|move|p1a: Arceus|Dragon Dance|p1a: Arceus\n|-boost|p1a: Arceus|atk|1\n|-boost|p1a: Arceus|spe|1\n|move|p2a: Moltres|Roar|p1a: Arceus\n|drag|p1a: Cyclizar|Cyclizar, F|84\/100\n|-damage|p1a: Cyclizar|71\/100|[from] Spikes\n|\n|upkeep\n|turn|7\n|\n|t:|1698859918\n|move|p1a: Cyclizar|Shed Tail|p1a: Cyclizar\n|-start|p1a: Cyclizar|Substitute|[from] move: Shed Tail\n|-damage|p1a: Cyclizar|21\/100\n|\n|t:|1698859926\n|switch|p1a: Garchomp|Garchomp, F|100\/100|[from] Shed Tail\n|-damage|p1a: Garchomp|88\/100|[from] Spikes\n|move|p2a: Moltres|Hurricane|p1a: Garchomp\n|-crit|p1a: Garchomp\n|-end|p1a: Garchomp|Substitute\n|\n|upkeep\n|turn|8\n|\n|t:|1698859933\n|move|p1a: Garchomp|Scale Shot|p2a: Moltres\n|-damage|p2a: Moltres|91\/100\n|-damage|p2a: Moltres|83\/100\n|-damage|p2a: Moltres|74\/100\n|-damage|p2a: Moltres|64\/100\n|-hitcount|p2a: Moltres|4\n|-unboost|p1a: Garchomp|def|1\n|-boost|p1a: Garchomp|spe|1\n|move|p2a: Moltres|Will-O-Wisp|p1a: Garchomp\n|-status|p1a: Garchomp|brn\n|\n|-damage|p1a: Garchomp|82\/100 brn|[from] brn\n|upkeep\n|turn|9\n|\n|t:|1698859954\n|switch|p1a: Arceus|Arceus-Fire|100\/100\n|-damage|p1a: Arceus|88\/100|[from] Spikes\n|move|p2a: Moltres|Roost|p2a: Moltres\n|-heal|p2a: Moltres|100\/100\n|-singleturn|p2a: Moltres|move: Roost\n|\n|upkeep\n|turn|10\n|\n|t:|1698859959\n|move|p1a: Arceus|Wild Charge|p2a: Moltres\n|-supereffective|p2a: Moltres\n|-damage|p2a: Moltres|58\/100\n|-damage|p1a: Arceus|78\/100|[from] Recoil\n|move|p2a: Moltres|Roar|p1a: Arceus\n|drag|p1a: Zacian|Zacian|100\/100\n|-damage|p1a: Zacian|88\/100|[from] Spikes\n|-ability|p1a: Zacian|Intrepid Sword|boost\n|-boost|p1a: Zacian|atk|1\n|\n|upkeep\n|turn|11\n|\n|t:|1698859967\n|move|p1a: Zacian|Wild Charge|p2a: Moltres\n|-supereffective|p2a: Moltres\n|-damage|p2a: Moltres|0 fnt\n|faint|p2a: Moltres\n|-damage|p1a: Zacian|71\/100|[from] Recoil\n|\n|upkeep\n|\n|t:|1698859972\n|switch|p2a: Garganacl|Garganacl, F|100\/100\n|turn|12\n|inactive|lolgz has 270 seconds left.\n|\n|t:|1698860011\n|switch|p1a: Palafin|Palafin, M|100\/100\n|-damage|p1a: Palafin|88\/100|[from] Spikes\n|move|p2a: Garganacl|Iron Defense|p2a: Garganacl\n|-boost|p2a: Garganacl|def|2\n|\n|upkeep\n|turn|13\n|inactive|lolgz has 270 seconds left.\n|\n|t:|1698860017\n|detailschange|p1a: Palafin|Palafin-Hero, M\n|switch|p1a: Cyclizar|Cyclizar, F|54\/100\n|-damage|p1a: Cyclizar|42\/100|[from] Spikes\n|move|p2a: Garganacl|Iron Defense|p2a: Garganacl\n|-boost|p2a: Garganacl|def|2\n|\n|upkeep\n|turn|14\n|\n|t:|1698860023\n|move|p1a: Cyclizar|Shed Tail|p1a: Cyclizar\n|-fail|p1a: Cyclizar|move: Shed Tail|[weak]\n|move|p2a: Garganacl|Iron Defense|p2a: Garganacl\n|-boost|p2a: Garganacl|def|2\n|\n|upkeep\n|turn|15\n|\n|t:|1698860027\n|switch|p1a: Magearna|Magearna|100\/100\n|-damage|p1a: Magearna|88\/100|[from] Spikes\n|move|p2a: Garganacl|Salt Cure|p1a: Magearna\n|-resisted|p1a: Magearna\n|-damage|p1a: Magearna|84\/100\n|-start|p1a: Magearna|Salt Cure\n|\n|-heal|p1a: Magearna|90\/100|[from] item: Leftovers\n|-damage|p1a: Magearna|65\/100|[from] Salt Cure\n|upkeep\n|turn|16\n|\n|t:|1698860034\n|move|p1a: Magearna|Calm Mind|p1a: Magearna\n|-boost|p1a: Magearna|spa|1\n|-boost|p1a: Magearna|spd|1\n|move|p2a: Garganacl|Body Press|p1a: Magearna\n|-damage|p1a: Magearna|0 fnt\n|faint|p1a: Magearna\n|\n|upkeep\n|\n|t:|1698860040\n|switch|p1a: Palafin|Palafin-Hero, M|88\/100\n|-damage|p1a: Palafin|76\/100|[from] Spikes\n|-activate|p1a: Palafin|ability: Zero to Hero\n|turn|17\n|c|\u2606Leo Justice|Its over\n|c|\u2606Leo Justice|gg\n|\n|t:|1698860049\n|move|p1a: Palafin|Haze|p1a: Palafin\n|-clearallboost\n|move|p2a: Garganacl|Salt Cure|p1a: Palafin\n|-damage|p1a: Palafin|64\/100\n|-start|p1a: Palafin|Salt Cure\n|\n|-damage|p1a: Palafin|39\/100|[from] Salt Cure\n|upkeep\n|turn|18\n|c|\u2606Leo Justice|Wh\n|\n|t:|1698860058\n|switch|p2a: Arceus|Arceus-Poison|100\/100\n|-terastallize|p1a: Palafin|Water\n|move|p1a: Palafin|Wave Crash|p2a: Arceus\n|-damage|p2a: Arceus|37\/100\n|-damage|p1a: Palafin|16\/100|[from] Recoil\n|\n|-damage|p1a: Palafin|0 fnt|[from] Salt Cure\n|faint|p1a: Palafin\n|upkeep\n|c|\u2606Leo Justice|Haze??\n|\n|t:|1698860075\n|switch|p1a: Arceus|Arceus-Fire|78\/100\n|-damage|p1a: Arceus|66\/100|[from] Spikes\n|turn|19\n|\n|t:|1698860081\n|move|p1a: Arceus|Dragon Dance|p1a: Arceus\n|-boost|p1a: Arceus|atk|1\n|-boost|p1a: Arceus|spe|1\n|move|p2a: Arceus|Recover|p2a: Arceus\n|-heal|p2a: Arceus|87\/100\n|\n|upkeep\n|turn|20\n|\n|t:|1698860083\n|move|p1a: Arceus|Dragon Dance|p1a: Arceus\n|-boost|p1a: Arceus|atk|1\n|-boost|p1a: Arceus|spe|1\n|move|p2a: Arceus|Roar|p1a: Arceus\n|drag|p1a: Garchomp|Garchomp, F|82\/100 brn\n|-damage|p1a: Garchomp|70\/100 brn|[from] Spikes\n|\n|-damage|p1a: Garchomp|64\/100 brn|[from] brn\n|upkeep\n|turn|21\n|inactive|lolgz has 270 seconds left.\n|\n|t:|1698860133\n|switch|p2a: Garganacl|Garganacl, F|100\/100\n|move|p1a: Garchomp|Swords Dance|p1a: Garchomp\n|-boost|p1a: Garchomp|atk|2\n|\n|-damage|p1a: Garchomp|57\/100 brn|[from] brn\n|upkeep\n|turn|22\n|\n|t:|1698860138\n|move|p1a: Garchomp|Earthquake|p2a: Garganacl\n|-supereffective|p2a: Garganacl\n|-damage|p2a: Garganacl|43\/100\n|move|p2a: Garganacl|Iron Defense|p2a: Garganacl\n|-boost|p2a: Garganacl|def|2\n|\n|-heal|p2a: Garganacl|49\/100|[from] item: Leftovers\n|-damage|p1a: Garchomp|51\/100 brn|[from] brn\n|upkeep\n|turn|23\n|inactive|lolgz has 270 seconds left.\n|\n|t:|1698860149\n|move|p1a: Garchomp|Earthquake|p2a: Garganacl\n|-supereffective|p2a: Garganacl\n|-damage|p2a: Garganacl|23\/100\n|move|p2a: Garganacl|Recover|p2a: Garganacl\n|-heal|p2a: Garganacl|73\/100\n|\n|-heal|p2a: Garganacl|79\/100|[from] item: Leftovers\n|-damage|p1a: Garchomp|45\/100 brn|[from] brn\n|upkeep\n|turn|24\n|\n|t:|1698860152\n|move|p1a: Garchomp|Earthquake|p2a: Garganacl\n|-supereffective|p2a: Garganacl\n|-damage|p2a: Garganacl|51\/100\n|move|p2a: Garganacl|Iron Defense|p2a: Garganacl\n|-boost|p2a: Garganacl|def|2\n|\n|-heal|p2a: Garganacl|57\/100|[from] item: Leftovers\n|-damage|p1a: Garchomp|39\/100 brn|[from] brn\n|upkeep\n|turn|25\n|inactive|lolgz has 270 seconds left.\n|\n|t:|1698860194\n|move|p1a: Garchomp|Earthquake|p2a: Garganacl\n|-supereffective|p2a: Garganacl\n|-damage|p2a: Garganacl|40\/100\n|move|p2a: Garganacl|Iron Defense|p2a: Garganacl\n|-boost|p2a: Garganacl|def|2\n|\n|-heal|p2a: Garganacl|47\/100|[from] item: Leftovers\n|-damage|p1a: Garchomp|33\/100 brn|[from] brn\n|upkeep\n|turn|26\n|\n|t:|1698860199\n|move|p1a: Garchomp|Swords Dance|p1a: Garchomp\n|-boost|p1a: Garchomp|atk|2\n|move|p2a: Garganacl|Recover|p2a: Garganacl\n|-heal|p2a: Garganacl|97\/100\n|\n|-heal|p2a: Garganacl|100\/100|[from] item: Leftovers\n|-damage|p1a: Garchomp|27\/100 brn|[from] brn\n|upkeep\n|turn|27\n|\n|t:|1698860209\n|move|p1a: Garchomp|Earthquake|p2a: Garganacl\n|-supereffective|p2a: Garganacl\n|-damage|p2a: Garganacl|81\/100\n|move|p2a: Garganacl|Salt Cure|p1a: Garchomp\n|-resisted|p1a: Garchomp\n|-damage|p1a: Garchomp|20\/100 brn\n|-start|p1a: Garchomp|Salt Cure\n|\n|-heal|p2a: Garganacl|87\/100|[from] item: Leftovers\n|-damage|p1a: Garchomp|14\/100 brn|[from] brn\n|-damage|p1a: Garchomp|2\/100 brn|[from] Salt Cure\n|upkeep\n|turn|28\n|\n|t:|1698860218\n|move|p1a: Garchomp|Earthquake|p2a: Garganacl\n|-supereffective|p2a: Garganacl\n|-damage|p2a: Garganacl|66\/100\n|move|p2a: Garganacl|Recover|p2a: Garganacl\n|-heal|p2a: Garganacl|100\/100\n|\n|-damage|p1a: Garchomp|0 fnt|[from] brn\n|faint|p1a: Garchomp\n|upkeep\n|inactive|lolgz has 240 seconds left.\n|\n|t:|1698860258\n|switch|p1a: Zacian|Zacian|71\/100\n|-damage|p1a: Zacian|59\/100|[from] Spikes\n|turn|29\n|\n|t:|1698860266\n|move|p1a: Zacian|Close Combat|p2a: Garganacl\n|-supereffective|p2a: Garganacl\n|-crit|p2a: Garganacl\n|-damage|p2a: Garganacl|7\/100\n|-unboost|p1a: Zacian|def|1\n|-unboost|p1a: Zacian|spd|1\n|move|p2a: Garganacl|Body Press|p1a: Zacian\n|-resisted|p1a: Zacian\n|-damage|p1a: Zacian|0 fnt\n|faint|p1a: Zacian\n|\n|-heal|p2a: Garganacl|14\/100|[from] item: Leftovers\n|upkeep\n|inactive|lolgz has 240 seconds left.\n|\n|t:|1698860302\n|switch|p1a: Arceus|Arceus-Fire|66\/100\n|-damage|p1a: Arceus|53\/100|[from] Spikes\n|turn|30\n|\n|t:|1698860305\n|move|p1a: Arceus|Flare Blitz|p2a: Garganacl\n|-resisted|p2a: Garganacl\n|-damage|p2a: Garganacl|8\/100\n|-damage|p1a: Arceus|52\/100|[from] Recoil\n|move|p2a: Garganacl|Recover|p2a: Garganacl\n|-heal|p2a: Garganacl|58\/100\n|\n|-heal|p2a: Garganacl|64\/100|[from] item: Leftovers\n|upkeep\n|turn|31\n|-message|lolgz forfeited.\n|\n|win|Leo Justice\n|l|\u2606lolgz\n","uploadtime":1698860313,"views":12,"p1id":"lolgz","p2id":"leojustice","formatid":"gen9ubers","rating":0,"private":0,"password":""}