{"id":"gen9ubers-1999583972","p1":"Classiccoo111","p2":"lcnmts","format":"[Gen 9] Ubers","log":"|j|\u2606Classiccoo111\n|j|\u2606lcnmts\n|t:|1701098510\n|gametype|singles\n|player|p1|Classiccoo111|169|1097\n|player|p2|lcnmts|101|1175\n|teamsize|p1|6\n|teamsize|p2|6\n|gen|9\n|tier|[Gen 9] Ubers\n|rated|\n|rule|Sleep Clause Mod: Limit one foe put to sleep\n|rule|Species Clause: Limit one of each Pok\u00e9mon\n|rule|OHKO Clause: OHKO moves are banned\n|rule|Evasion Items Clause: Evasion items are banned\n|rule|Evasion Moves Clause: Evasion moves are banned\n|rule|Endless Battle Clause: Forcing endless battles is banned\n|rule|HP Percentage Mod: HP is shown in percentages\n|clearpoke\n|poke|p1|Zoroark-Hisui, M|\n|poke|p1|Alomomola, F|\n|poke|p1|Arcanine, M|\n|poke|p1|Miraidon|\n|poke|p1|Dragonite, M|\n|poke|p1|Magearna|\n|poke|p2|Annihilape, F|\n|poke|p2|Enamorus, F|\n|poke|p2|Koraidon|\n|poke|p2|Magearna|\n|poke|p2|Clodsire, M|\n|poke|p2|Giratina|\n|teampreview\n|\n|t:|1701098521\n|start\n|switch|p1a: Dragonite|Dragonite, M|100\/100\n|switch|p2a: Clodsire|Clodsire, M|100\/100\n|turn|1\n|\n|t:|1701098526\n|move|p1a: Dragonite|Dragon Dance|p1a: Dragonite\n|-boost|p1a: Dragonite|atk|1\n|-boost|p1a: Dragonite|spe|1\n|move|p2a: Clodsire|Toxic|p1a: Dragonite\n|-status|p1a: Dragonite|tox\n|\n|-damage|p1a: Dragonite|94\/100 tox|[from] psn\n|upkeep\n|turn|2\n|\n|t:|1701098534\n|move|p1a: Dragonite|Earthquake|p2a: Clodsire\n|-supereffective|p2a: Clodsire\n|-damage|p2a: Clodsire|10\/100\n|move|p2a: Clodsire|Spikes|p1a: Dragonite\n|-sidestart|p1: Classiccoo111|Spikes\n|\n|-heal|p1a: Dragonite|100\/100 tox|[from] item: Leftovers\n|-heal|p2a: Clodsire|16\/100|[from] item: Black Sludge\n|-damage|p1a: Dragonite|88\/100 tox|[from] psn\n|upkeep\n|turn|3\n|\n|t:|1701098544\n|switch|p2a: Giratina|Giratina|100\/100\n|-ability|p2a: Giratina|Pressure\n|move|p1a: Dragonite|Earthquake|p2a: Giratina\n|-damage|p2a: Giratina|77\/100\n|\n|-heal|p1a: Dragonite|94\/100 tox|[from] item: Leftovers\n|-heal|p2a: Giratina|83\/100|[from] item: Leftovers\n|-damage|p1a: Dragonite|76\/100 tox|[from] psn\n|upkeep\n|turn|4\n|\n|t:|1701098554\n|switch|p2a: Enamorus|Enamorus, F|100\/100\n|move|p1a: Dragonite|Earthquake|p2a: Enamorus\n|-immune|p2a: Enamorus\n|\n|-heal|p1a: Dragonite|82\/100 tox|[from] item: Leftovers\n|-damage|p1a: Dragonite|57\/100 tox|[from] psn\n|upkeep\n|turn|5\n|\n|t:|1701098561\n|move|p1a: Dragonite|Extreme Speed|p2a: Enamorus\n|-damage|p2a: Enamorus|22\/100\n|-start|p1a: Dragonite|Attract|[from] ability: Cute Charm|[of] p2a: Enamorus\n|move|p2a: Enamorus|Substitute|p2a: Enamorus\n|-fail|p2a: Enamorus|move: Substitute|[weak]\n|\n|-heal|p1a: Dragonite|63\/100 tox|[from] item: Leftovers\n|-damage|p1a: Dragonite|32\/100 tox|[from] psn\n|upkeep\n|turn|6\n|\n|t:|1701098571\n|switch|p2a: Giratina|Giratina|83\/100\n|-end|p1a: Dragonite|Attract|[silent]\n|-ability|p2a: Giratina|Pressure\n|move|p1a: Dragonite|Extreme Speed|p2a: Giratina\n|-immune|p2a: Giratina\n|\n|-heal|p1a: Dragonite|38\/100 tox|[from] item: Leftovers\n|-heal|p2a: Giratina|89\/100|[from] item: Leftovers\n|-damage|p1a: Dragonite|1\/100 tox|[from] psn\n|upkeep\n|turn|7\n|\n|t:|1701098588\n|switch|p2a: Enamorus|Enamorus, F|22\/100\n|move|p1a: Dragonite|Earthquake|p2a: Enamorus\n|-immune|p2a: Enamorus\n|\n|-heal|p1a: Dragonite|7\/100 tox|[from] item: Leftovers\n|-damage|p1a: Dragonite|0 fnt|[from] psn\n|faint|p1a: Dragonite\n|upkeep\n|\n|t:|1701098595\n|switch|p1a: Arcanine|Arcanine, M, shiny|100\/100\n|-damage|p1a: Arcanine|88\/100|[from] Spikes\n|-ability|p1a: Arcanine|Intimidate|boost\n|-unboost|p2a: Enamorus|atk|1\n|turn|8\n|\n|t:|1701098604\n|move|p2a: Enamorus|Earth Power|p1a: Arcanine\n|-supereffective|p1a: Arcanine\n|-damage|p1a: Arcanine|24\/100\n|move|p1a: Arcanine|Play Rough|p2a: Enamorus\n|-damage|p2a: Enamorus|0 fnt\n|-start|p1a: Arcanine|Attract|[from] ability: Cute Charm|[of] p2a: Enamorus\n|faint|p2a: Enamorus\n|-end|p1a: Arcanine|Attract|[silent]\n|\n|upkeep\n|\n|t:|1701098611\n|switch|p2a: Clodsire|Clodsire, M|16\/100\n|turn|9\n|\n|t:|1701098617\n|move|p1a: Arcanine|Extreme Speed|p2a: Clodsire\n|-damage|p2a: Clodsire|0 fnt\n|faint|p2a: Clodsire\n|\n|upkeep\n|\n|t:|1701098621\n|switch|p2a: Annihilape|Annihilape, F|100\/100\n|turn|10\n|\n|t:|1701098626\n|switch|p2a: Magearna|Magearna|100\/100\n|move|p1a: Arcanine|Morning Sun|p1a: Arcanine\n|-heal|p1a: Arcanine|74\/100\n|\n|upkeep\n|turn|11\n|\n|t:|1701098636\n|switch|p2a: Giratina|Giratina|89\/100\n|-ability|p2a: Giratina|Pressure\n|move|p1a: Arcanine|Will-O-Wisp|p2a: Giratina|[miss]\n|-miss|p1a: Arcanine|p2a: Giratina\n|\n|-heal|p2a: Giratina|96\/100|[from] item: Leftovers\n|upkeep\n|turn|12\n|\n|t:|1701098644\n|move|p1a: Arcanine|Play Rough|p2a: Giratina\n|-supereffective|p2a: Giratina\n|-damage|p2a: Giratina|73\/100\n|move|p2a: Giratina|Dragon Tail|p1a: Arcanine|[miss]\n|-miss|p2a: Giratina|p1a: Arcanine\n|\n|-heal|p2a: Giratina|79\/100|[from] item: Leftovers\n|upkeep\n|turn|13\n|\n|t:|1701098653\n|move|p1a: Arcanine|Will-O-Wisp|p2a: Giratina\n|-status|p2a: Giratina|brn\n|move|p2a: Giratina|Dragon Tail|p1a: Arcanine|[miss]\n|-miss|p2a: Giratina|p1a: Arcanine\n|\n|-heal|p2a: Giratina|85\/100 brn|[from] item: Leftovers\n|-damage|p2a: Giratina|79\/100 brn|[from] brn\n|upkeep\n|turn|14\n|\n|t:|1701098662\n|move|p1a: Arcanine|Play Rough|p2a: Giratina\n|-supereffective|p2a: Giratina\n|-damage|p2a: Giratina|57\/100 brn\n|move|p2a: Giratina|Dragon Tail|p1a: Arcanine\n|-damage|p1a: Arcanine|62\/100\n|-damage|p2a: Giratina|40\/100 brn|[from] item: Rocky Helmet|[of] p1a: Arcanine\n|drag|p1a: Magearna|Magearna|100\/100\n|-damage|p1a: Magearna|88\/100|[from] Spikes\n|\n|-heal|p2a: Giratina|46\/100 brn|[from] item: Leftovers\n|-heal|p1a: Magearna|94\/100|[from] item: Leftovers\n|-damage|p2a: Giratina|40\/100 brn|[from] brn\n|upkeep\n|turn|15\n|\n|t:|1701098676\n|move|p2a: Giratina|Rest|p2a: Giratina\n|-status|p2a: Giratina|slp|[from] move: Rest\n|-heal|p2a: Giratina|100\/100 slp|[silent]\n|move|p1a: Magearna|Fleur Cannon|p2a: Giratina\n|-supereffective|p2a: Giratina\n|-damage|p2a: Giratina|16\/100 slp\n|-unboost|p1a: Magearna|spa|2\n|\n|-heal|p2a: Giratina|22\/100 slp|[from] item: Leftovers\n|-heal|p1a: Magearna|99\/100|[from] item: Leftovers\n|upkeep\n|turn|16\n|\n|t:|1701098684\n|switch|p2a: Magearna|Magearna|100\/100\n|move|p1a: Magearna|Fleur Cannon|p2a: Magearna\n|-resisted|p2a: Magearna\n|-damage|p2a: Magearna|94\/100\n|-unboost|p1a: Magearna|spa|2\n|\n|-heal|p1a: Magearna|100\/100|[from] item: Leftovers\n|upkeep\n|turn|17\n|\n|t:|1701098696\n|switch|p1a: Arcanine|Arcanine, M, shiny|62\/100\n|-damage|p1a: Arcanine|50\/100|[from] Spikes\n|-ability|p1a: Arcanine|Intimidate|boost\n|-unboost|p2a: Magearna|atk|1\n|move|p2a: Magearna|Volt Switch|p1a: Arcanine\n|-damage|p1a: Arcanine|26\/100\n|\n|t:|1701098702\n|switch|p2a: Koraidon|Koraidon|100\/100|[from] Volt Switch\n|-weather|SunnyDay|[from] ability: Orichalcum Pulse|[of] p2a: Koraidon\n|-activate|p2a: Koraidon|Orichalcum Pulse|[source]\n|\n|-weather|SunnyDay|[upkeep]\n|upkeep\n|turn|18\n|\n|t:|1701098712\n|move|p1a: Arcanine|Extreme Speed|p2a: Koraidon\n|-damage|p2a: Koraidon|76\/100\n|move|p2a: Koraidon|U-turn|p1a: Arcanine\n|-resisted|p1a: Arcanine\n|-crit|p1a: Arcanine\n|-damage|p1a: Arcanine|0 fnt\n|-damage|p2a: Koraidon|60\/100|[from] item: Rocky Helmet|[of] p1a: Arcanine\n|faint|p1a: Arcanine\n|\n|t:|1701098723\n|switch|p2a: Magearna|Magearna|94\/100|[from] U-turn\n|\n|-weather|SunnyDay|[upkeep]\n|upkeep\n|\n|t:|1701098731\n|switch|p1a: Magearna|Magearna|100\/100\n|-damage|p1a: Magearna|88\/100|[from] Spikes\n|turn|19\n|\n|t:|1701098741\n|move|p1a: Magearna|Flash Cannon|p2a: Magearna\n|-damage|p2a: Magearna|77\/100\n|move|p2a: Magearna|Fleur Cannon|p1a: Magearna\n|-resisted|p1a: Magearna\n|-damage|p1a: Magearna|63\/100\n|-unboost|p2a: Magearna|spa|2\n|\n|-weather|SunnyDay|[upkeep]\n|-heal|p1a: Magearna|69\/100|[from] item: Leftovers\n|upkeep\n|turn|20\n|\n|t:|1701098755\n|move|p2a: Magearna|Volt Switch|p1a: Magearna\n|-damage|p1a: Magearna|61\/100\n|\n|t:|1701098759\n|switch|p2a: Annihilape|Annihilape, F|100\/100|[from] Volt Switch\n|move|p1a: Magearna|Flash Cannon|p2a: Annihilape\n|-damage|p2a: Annihilape|73\/100\n|\n|-weather|SunnyDay|[upkeep]\n|-heal|p1a: Magearna|67\/100|[from] item: Leftovers\n|upkeep\n|turn|21\n|\n|t:|1701098766\n|switch|p2a: Magearna|Magearna|77\/100\n|move|p1a: Magearna|Fleur Cannon|p2a: Magearna\n|-resisted|p2a: Magearna\n|-damage|p2a: Magearna|64\/100\n|-unboost|p1a: Magearna|spa|2\n|\n|-weather|none\n|-heal|p1a: Magearna|73\/100|[from] item: Leftovers\n|upkeep\n|turn|22\n|\n|t:|1701098774\n|move|p1a: Magearna|Flash Cannon|p2a: Magearna\n|-damage|p2a: Magearna|56\/100\n|move|p2a: Magearna|Flash Cannon|p1a: Magearna\n|-damage|p1a: Magearna|43\/100\n|\n|-heal|p1a: Magearna|49\/100|[from] item: Leftovers\n|upkeep\n|turn|23\n|\n|t:|1701098783\n|switch|p1a: Miraidon|Miraidon|100\/100\n|-damage|p1a: Miraidon|88\/100|[from] Spikes\n|move|p2a: Magearna|Ice Beam|p1a: Miraidon\n|-damage|p1a: Miraidon|33\/100\n|replace|p1a: Zoroark|Zoroark-Hisui, M\n|-end|p1a: Zoroark|Illusion\n|\n|upkeep\n|turn|24\n|\n|t:|1701098793\n|move|p1a: Zoroark|Flamethrower|p2a: Magearna\n|-supereffective|p2a: Magearna\n|-damage|p2a: Magearna|29\/100\n|move|p2a: Magearna|Volt Switch|p1a: Zoroark\n|-damage|p1a: Zoroark|0 fnt\n|faint|p1a: Zoroark\n|-ability|p2a: Magearna|Soul-Heart|boost\n|-boost|p2a: Magearna|spa|1\n|\n|t:|1701098797\n|switch|p2a: Koraidon|Koraidon|60\/100|[from] Volt Switch\n|-weather|SunnyDay|[from] ability: Orichalcum Pulse|[of] p2a: Koraidon\n|-activate|p2a: Koraidon|Orichalcum Pulse|[source]\n|\n|-weather|SunnyDay|[upkeep]\n|upkeep\n|\n|t:|1701098807\n|switch|p1a: Alomomola|Alomomola, F, shiny|100\/100\n|-damage|p1a: Alomomola|88\/100|[from] Spikes\n|turn|25\n|\n|t:|1701098813\n|move|p2a: Koraidon|U-turn|p1a: Alomomola\n|-damage|p1a: Alomomola|48\/100\n|\n|t:|1701098818\n|switch|p2a: Annihilape|Annihilape, F|73\/100|[from] U-turn\n|move|p1a: Alomomola|Wish|p1a: Alomomola\n|\n|-weather|SunnyDay|[upkeep]\n|-heal|p1a: Alomomola|54\/100|[from] item: Leftovers\n|upkeep\n|turn|26\n|\n|t:|1701098825\n|move|p2a: Annihilape|Bulk Up|p2a: Annihilape\n|-boost|p2a: Annihilape|atk|1\n|-boost|p2a: Annihilape|def|1\n|move|p1a: Alomomola|Scald|p2a: Annihilape\n|-damage|p2a: Annihilape|69\/100\n|-status|p2a: Annihilape|brn\n|\n|-weather|SunnyDay|[upkeep]\n|-heal|p1a: Alomomola|100\/100|[from] move: Wish|[wisher] Alomomola\n|-damage|p2a: Annihilape|63\/100 brn|[from] brn\n|upkeep\n|turn|27\n|\n|t:|1701098836\n|move|p2a: Annihilape|Bulk Up|p2a: Annihilape\n|-boost|p2a: Annihilape|atk|1\n|-boost|p2a: Annihilape|def|1\n|move|p1a: Alomomola|Wish|p1a: Alomomola\n|\n|-weather|SunnyDay|[upkeep]\n|-damage|p2a: Annihilape|57\/100 brn|[from] brn\n|upkeep\n|turn|28\n|\n|t:|1701098841\n|move|p2a: Annihilape|Rest|p2a: Annihilape\n|-status|p2a: Annihilape|slp|[from] move: Rest\n|-heal|p2a: Annihilape|100\/100 slp|[silent]\n|-enditem|p2a: Annihilape|Chesto Berry|[eat]\n|-curestatus|p2a: Annihilape|slp|[msg]\n|move|p1a: Alomomola|Flip Turn|p2a: Annihilape\n|-damage|p2a: Annihilape|97\/100\n|\n|t:|1701098846\n|switch|p1a: Magearna|Magearna|49\/100|[from] Flip Turn\n|-damage|p1a: Magearna|37\/100|[from] Spikes\n|\n|-weather|none\n|-heal|p1a: Magearna|100\/100|[from] move: Wish|[wisher] Alomomola\n|upkeep\n|turn|29\n|\n|t:|1701098855\n|move|p2a: Annihilape|Rage Fist|p1a: Magearna\n|-damage|p1a: Magearna|0 fnt\n|faint|p1a: Magearna\n|\n|upkeep\n|-message|Classiccoo111 forfeited.\n|\n|win|lcnmts\n|raw|Classiccoo111's rating: 1097 &rarr; <strong>1078<\/strong><br \/>(-19 for losing)\n|raw|lcnmts's rating: 1175 &rarr; <strong>1194<\/strong><br \/>(+19 for winning)\n|l|\u2606Classiccoo111\n","uploadtime":1701098868,"views":23,"p1id":"classiccoo111","p2id":"lcnmts","formatid":"gen9ubers","rating":1078,"private":0,"password":""}