{"id":"gen9ubers-2000264490","p1":"gengiholy","p2":"Itzandyplayz","format":"[Gen 9] Ubers","log":"|j|\u2606gengiholy\n|j|\u2606Itzandyplayz\n|t:|1701179154\n|gametype|singles\n|player|p1|gengiholy|102|1018\n|player|p2|Itzandyplayz|lucas|1157\n|teamsize|p1|6\n|teamsize|p2|6\n|gen|9\n|tier|[Gen 9] Ubers\n|rated|\n|rule|Sleep Clause Mod: Limit one foe put to sleep\n|rule|Species Clause: Limit one of each Pok\u00e9mon\n|rule|OHKO Clause: OHKO moves are banned\n|rule|Evasion Items Clause: Evasion items are banned\n|rule|Evasion Moves Clause: Evasion moves are banned\n|rule|Endless Battle Clause: Forcing endless battles is banned\n|rule|HP Percentage Mod: HP is shown in percentages\n|clearpoke\n|poke|p1|Kingambit, F|\n|poke|p1|Altaria, M|\n|poke|p1|Rabsca, F|\n|poke|p1|Ribombee, F|\n|poke|p1|Regieleki|\n|poke|p1|Pincurchin, M|\n|poke|p2|Calyrex-Ice|\n|poke|p2|Ursaluna, F|\n|poke|p2|Dialga|\n|poke|p2|Magearna|\n|poke|p2|Hoopa-Unbound|\n|poke|p2|Cresselia, F|\n|teampreview\n|c|\u2606gengiholy|glhf:>\n|\n|t:|1701179180\n|start\n|switch|p1a: Ribombee|Ribombee, F, shiny|100\/100\n|switch|p2a: Dialga|Dialga|100\/100\n|-ability|p2a: Dialga|Pressure\n|turn|1\n|inactive|Battle timer is ON: inactive players will automatically lose when time's up. (requested by gengiholy)\n|c|\u2606gengiholy|that  calyrecx is very scary\n|l|\u2606Itzandyplayz\n|inactive|Itzandyplayz disconnected and has a minute to reconnect!\n|player|p2|\n|c|\u2606gengiholy|u may be fast\n|c|\u2606gengiholy|but im faster\n|c|\u2606gengiholy|:>\n|inactive|Itzandyplayz has 30 seconds to reconnect!\n|c|\u2606gengiholy|sticky weeeeeeeeeeeeeeeeeeeeeeeeeeeeeeeeeeeeeeeeeeeeeeeeeeeeeeeeb\n|j|\u2606Itzandyplayz\n|inactive|Itzandyplayz reconnected and has 115 seconds left.\n|player|p2|Itzandyplayz|lucas\n|inactive|Itzandyplayz also wants the timer to be on.\n|\n|t:|1701179223\n|move|p1a: Ribombee|Sticky Web|p2a: Dialga\n|-sidestart|p2: Itzandyplayz|move: Sticky Web\n|move|p2a: Dialga|Trick Room|p2a: Dialga\n|-fieldstart|move: Trick Room|[of] p2a: Dialga\n|\n|upkeep\n|turn|2\n|c|\u2606Itzandyplayz|Trying out this new team\n|inactive|Itzandyplayz has 120 seconds left.\n|c|\u2606Itzandyplayz|Also thanks for the sticky web\n|\n|t:|1701179264\n|move|p2a: Dialga|Flash Cannon|p1a: Ribombee\n|-supereffective|p1a: Ribombee\n|-damage|p1a: Ribombee|0 fnt\n|faint|p1a: Ribombee\n|\n|upkeep\n|c|\u2606gengiholy|lol\n|c|\u2606gengiholy|:>\n|\n|t:|1701179271\n|switch|p1a: Pincurchin|Pincurchin, M|100\/100\n|-fieldstart|move: Electric Terrain|[from] ability: Electric Surge|[of] p1a: Pincurchin\n|turn|3\n|c|\u2606gengiholy|no prob\n|\n|t:|1701179279\n|move|p1a: Pincurchin|Thunder Wave|p2a: Dialga\n|-status|p2a: Dialga|par\n|move|p2a: Dialga|Earth Power|p1a: Pincurchin\n|-supereffective|p1a: Pincurchin\n|-damage|p1a: Pincurchin|0 fnt\n|faint|p1a: Pincurchin\n|\n|upkeep\n|inactive|gengiholy has 120 seconds left.\n|c|\u2606gengiholy|this trick room is not fun\n|\n|t:|1701179316\n|switch|p1a: Kingambit|Kingambit, F|100\/100\n|-activate|p1a: Kingambit|ability: Supreme Overlord\n|-start|p1a: Kingambit|fallen2|[silent]\n|turn|4\n|inactive|gengiholy has 120 seconds left.\n|c|\u2606gengiholy|im fighting two ppl at the same time'\n|c|\u2606Itzandyplayz|\ud83d\ude07\ud83d\ude07\n|c|\u2606gengiholy|and its not fun'\n|\n|t:|1701179349\n|cant|p2a: Dialga|par\n|move|p1a: Kingambit|Kowtow Cleave|p2a: Dialga\n|-damage|p2a: Dialga|58\/100 par\n|\n|upkeep\n|turn|5\n|c|\u2606Itzandyplayz|Wow noice\n|inactive|gengiholy has 90 seconds left.\n|c|\u2606gengiholy|the other guy is spammng leg to\n|c|\u2606gengiholy|lol\n|c|\u2606gengiholy|but it is ubers\n|\n|t:|1701179377\n|move|p2a: Dialga|Earth Power|p1a: Kingambit\n|-supereffective|p1a: Kingambit\n|-damage|p1a: Kingambit|31\/100\n|move|p1a: Kingambit|Kowtow Cleave|p2a: Dialga\n|-damage|p2a: Dialga|14\/100 par\n|\n|-heal|p1a: Kingambit|37\/100|[from] item: Leftovers\n|-fieldend|move: Trick Room\n|upkeep\n|turn|6\n|c|\u2606Itzandyplayz|I'm Tryna not to spam legends but uh\n|inactive|Itzandyplayz has 120 seconds left.\n|c|\u2606gengiholy|lol\n|\n|t:|1701179408\n|move|p1a: Kingambit|Sucker Punch||[still]\n|-fail|p1a: Kingambit\n|cant|p2a: Dialga|par\n|\n|-heal|p1a: Kingambit|44\/100|[from] item: Leftovers\n|upkeep\n|turn|7\n|c|\u2606gengiholy|its fine\n|inactive|Itzandyplayz has 120 seconds left.\n|c|\u2606Itzandyplayz|Br\n|c|\u2606gengiholy|lol\n|\n|t:|1701179417\n|move|p1a: Kingambit|Sucker Punch||[still]\n|-fail|p1a: Kingambit\n|move|p2a: Dialga|Trick Room|p2a: Dialga\n|-fieldstart|move: Trick Room|[of] p2a: Dialga\n|\n|-heal|p1a: Kingambit|50\/100|[from] item: Leftovers\n|-fieldend|move: Electric Terrain\n|upkeep\n|turn|8\n|\n|t:|1701179426\n|move|p1a: Kingambit|Sucker Punch|p2a: Dialga\n|-damage|p2a: Dialga|0 fnt\n|faint|p2a: Dialga\n|\n|-heal|p1a: Kingambit|56\/100|[from] item: Leftovers\n|upkeep\n|\n|t:|1701179434\n|switch|p2a: Ursaluna|Ursaluna, F, shiny|100\/100\n|-activate|p2a: Ursaluna|move: Sticky Web\n|-unboost|p2a: Ursaluna|spe|1\n|turn|9\n|inactive|gengiholy has 90 seconds left.\n|c|\u2606gengiholy|the other guy is using thunderbolt on groudon\n|c|\u2606gengiholy|GROUDON\n|inactive|gengiholy has 60 seconds left.\n|\n|t:|1701179482\n|-end|p1a: Kingambit|fallen2|[silent]\n|switch|p1a: Altaria|Altaria, M|100\/100\n|-ability|p1a: Altaria|Cloud Nine\n|move|p2a: Ursaluna|Swords Dance|p2a: Ursaluna\n|-boost|p2a: Ursaluna|atk|2\n|\n|-status|p2a: Ursaluna|brn|[from] item: Flame Orb\n|upkeep\n|turn|10\n|c|\u2606Itzandyplayz|What\ud83d\udc80\n|\n|t:|1701179492\n|-terastallize|p2a: Ursaluna|Normal\n|move|p2a: Ursaluna|Facade|p1a: Altaria\n|-damage|p1a: Altaria|0 fnt\n|faint|p1a: Altaria\n|\n|-damage|p2a: Ursaluna|94\/100 brn|[from] brn\n|upkeep\n|c|\u2606gengiholy|lol\n|inactive|gengiholy has 60 seconds left.\n|c|\u2606Itzandyplayz|Anyways from here should be a gg\n|c|\u2606gengiholy|what im saying\n|c|\u2606Itzandyplayz|But who knows\n|c|\u2606gengiholy|my eleki\n|c|\u2606gengiholy|die cus of it\n|c|\u2606gengiholy|lol\n|\n|t:|1701179520\n|switch|p1a: Rabsca|Rabsca, F|100\/100\n|turn|11\n|c|\u2606Itzandyplayz|\ud83d\udc80\ud83d\udc80\n|c|\u2606gengiholy|na i got it\n|c|\u2606gengiholy|trust\n|\n|t:|1701179527\n|move|p2a: Ursaluna|Crunch|p1a: Rabsca\n|-supereffective|p1a: Rabsca\n|-enditem|p1a: Rabsca|Focus Sash\n|-damage|p1a: Rabsca|1\/100\n|move|p1a: Rabsca|Revival Blessing|p1a: Rabsca\n|\n|t:|1701179535\n|-heal|p1: Pincurchin|50\/100|[from] move: Revival Blessing\n|\n|-damage|p2a: Ursaluna|88\/100 brn|[from] brn\n|-fieldend|move: Trick Room\n|upkeep\n|turn|12\n|c|\u2606Itzandyplayz|Ah\n|c|\u2606gengiholy|te he he he\n|\n|t:|1701179545\n|move|p1a: Rabsca|Reflect|p1a: Rabsca\n|-sidestart|p1: gengiholy|Reflect\n|move|p2a: Ursaluna|Facade|p1a: Rabsca\n|-crit|p1a: Rabsca\n|-damage|p1a: Rabsca|0 fnt\n|faint|p1a: Rabsca\n|\n|-damage|p2a: Ursaluna|82\/100 brn|[from] brn\n|upkeep\n|\n|t:|1701179549\n|switch|p1a: Pincurchin|Pincurchin, M|50\/100\n|-fieldstart|move: Electric Terrain|[from] ability: Electric Surge|[of] p1a: Pincurchin\n|turn|13\n|c|\u2606Itzandyplayz|No\ud83d\ude2d\n|\n|t:|1701179560\n|move|p2a: Ursaluna|Headlong Rush|p1a: Pincurchin\n|-supereffective|p1a: Pincurchin\n|-crit|p1a: Pincurchin\n|-damage|p1a: Pincurchin|0 fnt\n|-unboost|p2a: Ursaluna|def|1\n|-unboost|p2a: Ursaluna|spd|1\n|faint|p1a: Pincurchin\n|\n|-damage|p2a: Ursaluna|76\/100 brn|[from] brn\n|upkeep\n|c|\u2606gengiholy|the power of\n|c|\u2606gengiholy|god\n|c|\u2606gengiholy|in my finger tips\n|\n|t:|1701179574\n|switch|p1a: Regieleki|Regieleki|100\/100\n|turn|14\n|c|\u2606Itzandyplayz|Ono\n|\n|t:|1701179585\n|move|p1a: Regieleki|Thunderbolt|p2a: Ursaluna\n|-damage|p2a: Ursaluna|0 fnt\n|faint|p2a: Ursaluna\n|\n|upkeep\n|\n|t:|1701179591\n|switch|p2a: Magearna|Magearna|100\/100\n|-activate|p2a: Magearna|move: Sticky Web\n|-unboost|p2a: Magearna|spe|1\n|turn|15\n|c|\u2606gengiholy|141\n|c|\u2606gengiholy|dmg\n|c|\u2606gengiholy|:>\n|\n|t:|1701179597\n|move|p1a: Regieleki|Thunderbolt|p2a: Magearna\n|-damage|p2a: Magearna|44\/100\n|move|p2a: Magearna|Trick Room|p2a: Magearna\n|-fieldstart|move: Trick Room|[of] p2a: Magearna\n|\n|-heal|p2a: Magearna|50\/100|[from] item: Leftovers\n|upkeep\n|turn|16\n|c|\u2606gengiholy|NNOOOOOOOOOOOooo\n|\n|t:|1701179606\n|move|p2a: Magearna|Encore|p1a: Regieleki\n|-start|p1a: Regieleki|Encore\n|move|p1a: Regieleki|Thunderbolt|p2a: Magearna\n|-damage|p2a: Magearna|0 fnt\n|faint|p2a: Magearna\n|\n|-sideend|p1: gengiholy|Reflect\n|upkeep\n|c|\u2606gengiholy|i olst\n|c|\u2606gengiholy|lost*\n|c|\u2606Itzandyplayz|\ud83d\ude07\ud83d\ude07\n|c|\u2606gengiholy|ggs\n|\n|t:|1701179621\n|switch|p2a: Calyrex|Calyrex-Ice|100\/100\n|-ability|p2a: Calyrex|As One\n|-ability|p2a: Calyrex|Unnerve\n|-activate|p2a: Calyrex|move: Sticky Web\n|-unboost|p2a: Calyrex|spe|1\n|turn|17\n|c|\u2606gengiholy|:>\n|c|\u2606gengiholy|mmmmmmmmmmmmmm\n|\n|t:|1701179630\n|move|p2a: Calyrex|Glacial Lance|p1a: Regieleki\n|-damage|p1a: Regieleki|0 fnt\n|faint|p1a: Regieleki\n|-ability|p2a: Calyrex|Chilling Neigh|boost\n|-boost|p2a: Calyrex|atk|1\n|\n|-fieldend|move: Electric Terrain\n|upkeep\n|c|\u2606gengiholy|dcalyrex\n|\n|t:|1701179636\n|switch|p1a: Kingambit|Kingambit, F|56\/100\n|-activate|p1a: Kingambit|ability: Supreme Overlord\n|-start|p1a: Kingambit|fallen5|[silent]\n|turn|18\n|c|\u2606Itzandyplayz|Now it's a gg\n|\n|t:|1701179642\n|move|p1a: Kingambit|Protect|p1a: Kingambit\n|-singleturn|p1a: Kingambit|Protect\n|move|p2a: Calyrex|Glacial Lance|p1a: Kingambit\n|-activate|p1a: Kingambit|move: Protect\n|\n|-heal|p1a: Kingambit|62\/100|[from] item: Leftovers\n|upkeep\n|turn|19\n|c|\u2606gengiholy|maybe\n|c|\u2606gengiholy|i can land the double\n|c|\u2606gengiholy|protect\n|c|\u2606gengiholy|who knows\n|c|\u2606Itzandyplayz|YOUR DELAYING THE INEVITABLE\ud83d\udde3\ufe0f\ud83d\udde3\ufe0f\n|c|\u2606gengiholy|my kingambit luck goes crazy\n|inactive|gengiholy has 90 seconds left.\n|c|\u2606gengiholy|i believe in the heart of the cards\n|c|\u2606gengiholy|!!\n|\n|t:|1701179678\n|move|p1a: Kingambit|Protect|p1a: Kingambit\n|-singleturn|p1a: Kingambit|Protect\n|move|p2a: Calyrex|Glacial Lance|p1a: Kingambit\n|-activate|p1a: Kingambit|move: Protect\n|\n|-heal|p1a: Kingambit|68\/100|[from] item: Leftovers\n|-fieldend|move: Trick Room\n|upkeep\n|turn|20\n|c|\u2606gengiholy|WWWWWWWWWWWWWW\n|c|\u2606Itzandyplayz|How\ud83d\udc80\ud83d\ude2d\n|\n|t:|1701179690\n|move|p1a: Kingambit|Kowtow Cleave|p2a: Calyrex\n|-supereffective|p2a: Calyrex\n|-damage|p2a: Calyrex|9\/100\n|move|p2a: Calyrex|Glacial Lance|p1a: Kingambit\n|-resisted|p1a: Kingambit\n|-damage|p1a: Kingambit|6\/100\n|\n|-heal|p1a: Kingambit|12\/100|[from] item: Leftovers\n|upkeep\n|turn|21\n|inactive|gengiholy has 90 seconds left.\n|c|\u2606Itzandyplayz|Bro what\n|\n|t:|1701179702\n|move|p1a: Kingambit|Kowtow Cleave|p2a: Calyrex\n|-supereffective|p2a: Calyrex\n|-damage|p2a: Calyrex|0 fnt\n|faint|p2a: Calyrex\n|\n|-heal|p1a: Kingambit|18\/100|[from] item: Leftovers\n|upkeep\n|c|\u2606gengiholy|kingambit lcuk\n|c|\u2606gengiholy|luck*\n|c|\u2606gengiholy|:>\n|\n|t:|1701179711\n|switch|p2a: Hoopa|Hoopa-Unbound|100\/100\n|-activate|p2a: Hoopa|move: Sticky Web\n|-unboost|p2a: Hoopa|spe|1\n|turn|22\n|\n|t:|1701179719\n|-terastallize|p1a: Kingambit|Fairy\n|move|p1a: Kingambit|Kowtow Cleave|p2a: Hoopa\n|-damage|p2a: Hoopa|0 fnt\n|faint|p2a: Hoopa\n|\n|-heal|p1a: Kingambit|25\/100|[from] item: Leftovers\n|upkeep\n|c|\u2606Itzandyplayz|Um\n|c|\u2606gengiholy|KINGAMBIT LUCK\n|c|\u2606Itzandyplayz|I might lose\n|\n|t:|1701179733\n|switch|p2a: Cresselia|Cresselia, F|100\/100\n|turn|23\n|c|\u2606gengiholy|THE HEART OF THE CRADS!!!!!\n|\n|t:|1701179744\n|move|p1a: Kingambit|Sucker Punch|p2a: Cresselia\n|-supereffective|p2a: Cresselia\n|-damage|p2a: Cresselia|32\/100\n|move|p2a: Cresselia|Moonblast|p1a: Kingambit\n|-damage|p1a: Kingambit|6\/100\n|-unboost|p1a: Kingambit|spa|1\n|\n|-heal|p2a: Cresselia|39\/100|[from] item: Leftovers\n|-heal|p1a: Kingambit|13\/100|[from] item: Leftovers\n|upkeep\n|turn|24\n|inactive|gengiholy has 120 seconds left.\n|c|\u2606gengiholy|YESSS\n|c|\u2606gengiholy|I WIN\n|c|\u2606Itzandyplayz|Ah sh\n|c|\u2606Itzandyplayz|Gg\n|c|\u2606gengiholy|ggs\n|\n|t:|1701179761\n|move|p1a: Kingambit|Sucker Punch||[still]\n|-fail|p1a: Kingambit\n|move|p2a: Cresselia|Moonlight|p2a: Cresselia\n|-heal|p2a: Cresselia|89\/100\n|\n|-heal|p2a: Cresselia|95\/100|[from] item: Leftovers\n|-heal|p1a: Kingambit|19\/100|[from] item: Leftovers\n|upkeep\n|turn|25\n|c|\u2606gengiholy|wait what\n|c|\u2606gengiholy|no NOOOOOOOOOooo\n|\n|t:|1701179770\n|move|p2a: Cresselia|Moonblast|p1a: Kingambit\n|-damage|p1a: Kingambit|2\/100\n|-unboost|p1a: Kingambit|spa|1\n|move|p1a: Kingambit|Kowtow Cleave|p2a: Cresselia\n|-supereffective|p2a: Cresselia\n|-damage|p2a: Cresselia|11\/100\n|\n|-heal|p2a: Cresselia|17\/100|[from] item: Leftovers\n|-heal|p1a: Kingambit|9\/100|[from] item: Leftovers\n|upkeep\n|turn|26\n|c|\u2606gengiholy|lol\n|c|\u2606Itzandyplayz|Bro\n|c|\u2606Itzandyplayz|Gg\n|inactive|gengiholy has 120 seconds left.\n|\n|t:|1701179791\n|move|p2a: Cresselia|Moonlight|p2a: Cresselia\n|-heal|p2a: Cresselia|67\/100\n|move|p1a: Kingambit|Kowtow Cleave|p2a: Cresselia\n|-supereffective|p2a: Cresselia\n|-damage|p2a: Cresselia|0 fnt\n|faint|p2a: Cresselia\n|\n|win|gengiholy\n|raw|gengiholy's rating: 1040 &rarr; <strong>1085<\/strong><br \/>(+45 for winning)\n|raw|Itzandyplayz's rating: 1157 &rarr; <strong>1124<\/strong><br \/>(-33 for losing)\n|c|\u2606gengiholy|i have no more pp for my kingambits punch\n|c|\u2606gengiholy|lol\n|c|\u2606gengiholy|u could have won\n|c|\u2606gengiholy|ggs\n|c|\u2606Itzandyplayz|The luck\ud83d\ude2d\n|c|\u2606gengiholy|lol\n|l|\u2606Itzandyplayz\n|c|\u2606gengiholy|kingambit goes crazy\n","uploadtime":1701179859,"views":9,"p1id":"gengiholy","p2id":"itzandyplayz","formatid":"gen9ubers","rating":1085,"private":0,"password":""}