{"id":"gen9ubers-1979000762","p1":"GrandestStar","p2":"V_Victreebel","format":"[Gen 9] Ubers","log":"|j|\u2606GrandestStar\n|j|\u2606V_Victreebel\n|t:|1698619584\n|gametype|singles\n|player|p1|GrandestStar|aromalady|\n|player|p2|V_Victreebel|rosa|\n|teamsize|p1|6\n|teamsize|p2|6\n|gen|9\n|tier|[Gen 9] Ubers\n|rule|Sleep Clause Mod: Limit one foe put to sleep\n|rule|Species Clause: Limit one of each Pok\u00e9mon\n|rule|OHKO Clause: OHKO moves are banned\n|rule|Evasion Items Clause: Evasion items are banned\n|rule|Evasion Moves Clause: Evasion moves are banned\n|rule|Endless Battle Clause: Forcing endless battles is banned\n|rule|HP Percentage Mod: HP is shown in percentages\n|clearpoke\n|poke|p1|Naclstack, F|\n|poke|p1|Roaring Moon|\n|poke|p1|Fezandipiti, M|\n|poke|p1|Slither Wing|\n|poke|p1|Dachsbun, F|\n|poke|p1|Oricorio-Pom-Pom, F|\n|poke|p2|Klefki, F|\n|poke|p2|Enamorus-Therian, F|\n|poke|p2|Crabominable, F|\n|poke|p2|Gyarados, F|\n|poke|p2|Delphox, M|\n|poke|p2|Dipplin, M|\n|teampreview\n|j| Anderew1\n|c|\u2606V_Victreebel|glhf\n|c|\u2606GrandestStar|good luck!\n|\n|t:|1698619612\n|start\n|switch|p1a: Ready Salted Crisp|Naclstack, F|100\/100\n|switch|p2a: KeyToVictory|Klefki, F|100\/100\n|turn|1\n|c| Anderew1|We gaming glhf both of yous\n|\n|t:|1698619628\n|move|p2a: KeyToVictory|Thunder Wave|p1a: Ready Salted Crisp\n|-immune|p1a: Ready Salted Crisp|[from] ability: Purifying Salt\n|move|p1a: Ready Salted Crisp|Salt Cure|p2a: KeyToVictory\n|-resisted|p2a: KeyToVictory\n|-damage|p2a: KeyToVictory|97\/100\n|-start|p2a: KeyToVictory|Salt Cure\n|\n|-damage|p2a: KeyToVictory|72\/100|[from] Salt Cure\n|upkeep\n|turn|2\n|\n|t:|1698619643\n|switch|p2a: AppleOfMyEye|Dipplin, M|100\/100\n|move|p1a: Ready Salted Crisp|Iron Defense|p1a: Ready Salted Crisp\n|-boost|p1a: Ready Salted Crisp|def|2\n|\n|upkeep\n|turn|3\n|\n|t:|1698619677\n|move|p1a: Ready Salted Crisp|Salt Cure|p2a: AppleOfMyEye\n|-damage|p2a: AppleOfMyEye|95\/100\n|-start|p2a: AppleOfMyEye|Salt Cure\n|move|p2a: AppleOfMyEye|Giga Drain|p1a: Ready Salted Crisp\n|-supereffective|p1a: Ready Salted Crisp\n|-crit|p1a: Ready Salted Crisp\n|-damage|p1a: Ready Salted Crisp|37\/100\n|-heal|p2a: AppleOfMyEye|100\/100|[from] drain|[of] p1a: Ready Salted Crisp\n|\n|-damage|p2a: AppleOfMyEye|88\/100|[from] Salt Cure\n|upkeep\n|turn|4\n|\n|t:|1698619692\n|move|p1a: Ready Salted Crisp|Recover|p1a: Ready Salted Crisp\n|-heal|p1a: Ready Salted Crisp|87\/100\n|move|p2a: AppleOfMyEye|Giga Drain|p1a: Ready Salted Crisp\n|-supereffective|p1a: Ready Salted Crisp\n|-damage|p1a: Ready Salted Crisp|48\/100\n|-heal|p2a: AppleOfMyEye|100\/100|[from] drain|[of] p1a: Ready Salted Crisp\n|\n|-damage|p2a: AppleOfMyEye|88\/100|[from] Salt Cure\n|upkeep\n|turn|5\n|\n|t:|1698619706\n|move|p1a: Ready Salted Crisp|Recover|p1a: Ready Salted Crisp\n|-heal|p1a: Ready Salted Crisp|98\/100\n|move|p2a: AppleOfMyEye|Giga Drain|p1a: Ready Salted Crisp\n|-supereffective|p1a: Ready Salted Crisp\n|-damage|p1a: Ready Salted Crisp|57\/100\n|-heal|p2a: AppleOfMyEye|100\/100|[from] drain|[of] p1a: Ready Salted Crisp\n|\n|-damage|p2a: AppleOfMyEye|88\/100|[from] Salt Cure\n|upkeep\n|turn|6\n|\n|t:|1698619717\n|move|p1a: Ready Salted Crisp|Body Press|p2a: AppleOfMyEye\n|-damage|p2a: AppleOfMyEye|69\/100\n|move|p2a: AppleOfMyEye|Giga Drain|p1a: Ready Salted Crisp\n|-supereffective|p1a: Ready Salted Crisp\n|-damage|p1a: Ready Salted Crisp|14\/100\n|-heal|p2a: AppleOfMyEye|92\/100|[from] drain|[of] p1a: Ready Salted Crisp\n|\n|-damage|p2a: AppleOfMyEye|80\/100|[from] Salt Cure\n|upkeep\n|turn|7\n|\n|t:|1698619729\n|switch|p1a: Pepsi|Fezandipiti, M|100\/100\n|move|p2a: AppleOfMyEye|Giga Drain|p1a: Pepsi\n|-resisted|p1a: Pepsi\n|-damage|p1a: Pepsi|88\/100\n|-heal|p2a: AppleOfMyEye|88\/100|[from] drain|[of] p1a: Pepsi\n|\n|-heal|p1a: Pepsi|94\/100|[from] item: Leftovers\n|-damage|p2a: AppleOfMyEye|76\/100|[from] Salt Cure\n|upkeep\n|turn|8\n|\n|t:|1698619747\n|-terastallize|p2a: AppleOfMyEye|Steel\n|move|p1a: Pepsi|Moonblast|p2a: AppleOfMyEye\n|-resisted|p2a: AppleOfMyEye\n|-damage|p2a: AppleOfMyEye|65\/100\n|move|p2a: AppleOfMyEye|Tera Blast|p1a: Pepsi|[anim] Tera Blast Steel\n|-supereffective|p1a: Pepsi\n|-damage|p1a: Pepsi|42\/100\n|\n|-heal|p1a: Pepsi|48\/100|[from] item: Leftovers\n|-damage|p2a: AppleOfMyEye|40\/100|[from] Salt Cure\n|upkeep\n|turn|9\n|\n|t:|1698619769\n|switch|p1a: Twix|Slither Wing|100\/100\n|move|p2a: AppleOfMyEye|Tera Blast|p1a: Twix|[anim] Tera Blast Steel\n|-damage|p1a: Twix|71\/100\n|\n|-damage|p2a: AppleOfMyEye|15\/100|[from] Salt Cure\n|upkeep\n|turn|10\n|\n|t:|1698619784\n|switch|p2a: Gyarados-Mega Lite|Gyarados, F|100\/100\n|-ability|p2a: Gyarados-Mega Lite|Intimidate|boost\n|-unboost|p1a: Twix|atk|1\n|move|p1a: Twix|U-turn|p2a: Gyarados-Mega Lite\n|-resisted|p2a: Gyarados-Mega Lite\n|-damage|p2a: Gyarados-Mega Lite|87\/100\n|\n|t:|1698619790\n|-end|p1a: Twix|Protosynthesis|[silent]\n|switch|p1a: Fruit Gummy|Oricorio-Pom-Pom, F|100\/100|[from] U-turn\n|\n|upkeep\n|turn|11\n|\n|t:|1698619805\n|switch|p2a: KeyToVictory|Klefki, F|72\/100\n|move|p1a: Fruit Gummy|Quiver Dance|p1a: Fruit Gummy\n|-boost|p1a: Fruit Gummy|spa|1\n|-boost|p1a: Fruit Gummy|spd|1\n|-boost|p1a: Fruit Gummy|spe|1\n|\n|upkeep\n|turn|12\n|\n|t:|1698619816\n|move|p2a: KeyToVictory|Spikes|p1a: Fruit Gummy\n|-sidestart|p1: GrandestStar|Spikes\n|move|p1a: Fruit Gummy|Revelation Dance|p2a: KeyToVictory\n|-damage|p2a: KeyToVictory|16\/100\n|\n|upkeep\n|turn|13\n|\n|t:|1698619824\n|move|p2a: KeyToVictory|Spikes|p1a: Fruit Gummy\n|-sidestart|p1: GrandestStar|Spikes\n|move|p1a: Fruit Gummy|Revelation Dance|p2a: KeyToVictory\n|-damage|p2a: KeyToVictory|0 fnt\n|faint|p2a: KeyToVictory\n|\n|upkeep\n|\n|t:|1698619843\n|switch|p2a: FoxyBingo|Delphox, M|100\/100\n|turn|14\n|\n|t:|1698619853\n|move|p1a: Fruit Gummy|Revelation Dance|p2a: FoxyBingo\n|-damage|p2a: FoxyBingo|51\/100\n|move|p2a: FoxyBingo|Psychic|p1a: Fruit Gummy\n|-damage|p1a: Fruit Gummy|64\/100\n|\n|upkeep\n|turn|15\n|\n|t:|1698619868\n|move|p1a: Fruit Gummy|Revelation Dance|p2a: FoxyBingo\n|-damage|p2a: FoxyBingo|4\/100\n|move|p2a: FoxyBingo|Psychic|p1a: Fruit Gummy\n|-damage|p1a: Fruit Gummy|30\/100\n|\n|upkeep\n|turn|16\n|\n|t:|1698619876\n|move|p1a: Fruit Gummy|Roost|p1a: Fruit Gummy\n|-heal|p1a: Fruit Gummy|80\/100\n|-singleturn|p1a: Fruit Gummy|move: Roost\n|move|p2a: FoxyBingo|Psychic|p1a: Fruit Gummy\n|-damage|p1a: Fruit Gummy|44\/100\n|\n|upkeep\n|turn|17\n|\n|t:|1698619888\n|move|p1a: Fruit Gummy|Revelation Dance|p2a: FoxyBingo\n|-damage|p2a: FoxyBingo|0 fnt\n|faint|p2a: FoxyBingo\n|\n|upkeep\n|\n|t:|1698619893\n|switch|p2a: IHateThisThing|Crabominable, F|100\/100\n|turn|18\n|\n|t:|1698619899\n|move|p1a: Fruit Gummy|Roost|p1a: Fruit Gummy\n|-heal|p1a: Fruit Gummy|94\/100\n|-singleturn|p1a: Fruit Gummy|move: Roost\n|move|p2a: IHateThisThing|Ice Punch|p1a: Fruit Gummy\n|-damage|p1a: Fruit Gummy|24\/100\n|\n|upkeep\n|turn|19\n|\n|t:|1698619906\n|move|p1a: Fruit Gummy|Air Slash|p2a: IHateThisThing\n|-supereffective|p2a: IHateThisThing\n|-damage|p2a: IHateThisThing|0 fnt\n|faint|p2a: IHateThisThing\n|\n|upkeep\n|\n|t:|1698619916\n|switch|p2a: IHateThisThingMore|Enamorus-Therian, F|100\/100\n|turn|20\n|c|\u2606V_Victreebel|its so joever\n|\n|t:|1698619929\n|move|p1a: Fruit Gummy|Roost|p1a: Fruit Gummy\n|-heal|p1a: Fruit Gummy|74\/100\n|-singleturn|p1a: Fruit Gummy|move: Roost\n|move|p2a: IHateThisThingMore|Mystical Fire|p1a: Fruit Gummy\n|-damage|p1a: Fruit Gummy|50\/100\n|-unboost|p1a: Fruit Gummy|spa|1\n|\n|upkeep\n|turn|21\n|c|\u2606GrandestStar|rip in pieces\n|\n|t:|1698619938\n|move|p1a: Fruit Gummy|Revelation Dance|p2a: IHateThisThingMore\n|-supereffective|p2a: IHateThisThingMore\n|-damage|p2a: IHateThisThingMore|47\/100\n|move|p2a: IHateThisThingMore|Mystical Fire|p1a: Fruit Gummy\n|-damage|p1a: Fruit Gummy|28\/100\n|-unboost|p1a: Fruit Gummy|spa|1\n|\n|-heal|p2a: IHateThisThingMore|53\/100|[from] item: Leftovers\n|upkeep\n|turn|22\n|\n|t:|1698619947\n|move|p1a: Fruit Gummy|Revelation Dance|p2a: IHateThisThingMore\n|-supereffective|p2a: IHateThisThingMore\n|-damage|p2a: IHateThisThingMore|17\/100\n|move|p2a: IHateThisThingMore|Mystical Fire|p1a: Fruit Gummy\n|-damage|p1a: Fruit Gummy|4\/100\n|-unboost|p1a: Fruit Gummy|spa|1\n|\n|-heal|p2a: IHateThisThingMore|24\/100|[from] item: Leftovers\n|upkeep\n|turn|23\n|\n|t:|1698619957\n|move|p1a: Fruit Gummy|Revelation Dance|p2a: IHateThisThingMore\n|-supereffective|p2a: IHateThisThingMore\n|-damage|p2a: IHateThisThingMore|0 fnt\n|faint|p2a: IHateThisThingMore\n|\n|upkeep\n|\n|t:|1698619963\n|switch|p2a: Gyarados-Mega Lite|Gyarados, F|87\/100\n|-ability|p2a: Gyarados-Mega Lite|Intimidate|boost\n|-unboost|p1a: Fruit Gummy|atk|1\n|turn|24\n|\n|t:|1698619972\n|move|p1a: Fruit Gummy|Revelation Dance|p2a: Gyarados-Mega Lite\n|-supereffective|p2a: Gyarados-Mega Lite\n|-damage|p2a: Gyarados-Mega Lite|27\/100\n|move|p2a: Gyarados-Mega Lite|Waterfall|p1a: Fruit Gummy\n|-crit|p1a: Fruit Gummy\n|-damage|p1a: Fruit Gummy|0 fnt\n|faint|p1a: Fruit Gummy\n|\n|upkeep\n|\n|t:|1698619980\n|switch|p1a: Pizza|Roaring Moon|100\/100\n|-damage|p1a: Pizza|84\/100|[from] Spikes\n|-enditem|p1a: Pizza|Booster Energy\n|-activate|p1a: Pizza|ability: Protosynthesis|[fromitem]\n|-start|p1a: Pizza|protosynthesisspe\n|turn|25\n|\n|t:|1698619997\n|move|p1a: Pizza|Acrobatics|p2a: Gyarados-Mega Lite\n|-damage|p2a: Gyarados-Mega Lite|0 fnt\n|faint|p2a: Gyarados-Mega Lite\n|\n|upkeep\n|\n|t:|1698620001\n|switch|p2a: AppleOfMyEye|Dipplin, M, tera:Steel|15\/100\n|turn|26\n|\n|t:|1698620006\n|move|p1a: Pizza|Acrobatics|p2a: AppleOfMyEye\n|-resisted|p2a: AppleOfMyEye\n|-damage|p2a: AppleOfMyEye|4\/100\n|move|p2a: AppleOfMyEye|Dragon Pulse|p1a: Pizza\n|-supereffective|p1a: Pizza\n|-crit|p1a: Pizza\n|-damage|p1a: Pizza|0 fnt\n|faint|p1a: Pizza\n|-end|p1a: Pizza|Protosynthesis|[silent]\n|\n|upkeep\n|\n|t:|1698620013\n|switch|p1a: Brioche|Dachsbun, F|100\/100\n|turn|27\n|\n|t:|1698620020\n|move|p1a: Brioche|Body Press|p2a: AppleOfMyEye\n|-supereffective|p2a: AppleOfMyEye\n|-damage|p2a: AppleOfMyEye|0 fnt\n|faint|p2a: AppleOfMyEye\n|\n|win|GrandestStar\n|c| Anderew1|Ggs!\n|c|\u2606V_Victreebel|gg\n|l| Anderew1\n|c|\u2606GrandestStar|gg!!\n|c|\u2606V_Victreebel|honestly, should have set up trick room instead of spikes with klefki, oricorio was a pain\n","uploadtime":1698620074,"views":17,"p1id":"grandeststar","p2id":"vvictreebel","formatid":"gen9ubers","rating":0,"private":0,"password":""}