{"id":"gen9ubers-1978527418","p1":"sword over shield","p2":"Nitro524","format":"[Gen 9] Ubers","log":"|j|\u2606sword over shield\n|j|\u2606Nitro524\n|t:|1698550857\n|gametype|singles\n|player|p1|sword over shield|2|\n|player|p2|Nitro524|hilbert-wonderlauncher|\n|teamsize|p1|6\n|teamsize|p2|6\n|gen|9\n|tier|[Gen 9] Ubers\n|rule|Sleep Clause Mod: Limit one foe put to sleep\n|rule|Species Clause: Limit one of each Pok\u00e9mon\n|rule|OHKO Clause: OHKO moves are banned\n|rule|Evasion Items Clause: Evasion items are banned\n|rule|Evasion Moves Clause: Evasion moves are banned\n|rule|Endless Battle Clause: Forcing endless battles is banned\n|rule|HP Percentage Mod: HP is shown in percentages\n|clearpoke\n|poke|p1|Arceus-Fire|\n|poke|p1|Torkoal, M|\n|poke|p1|Roaring Moon|\n|poke|p1|Walking Wake|\n|poke|p1|Gholdengo|\n|poke|p1|Magearna|\n|poke|p2|Meowscarada, F|\n|poke|p2|Grimmsnarl, M|\n|poke|p2|Zacian-*|\n|poke|p2|Arceus-Poison|\n|poke|p2|Magearna|\n|poke|p2|Basculegion-F, F|\n|teampreview\n|c|\u2606Nitro524|glhf\n|c|\u2606sword over shield|no rain basc?\n|\n|t:|1698550877\n|start\n|switch|p1a: Gholdengo|Gholdengo|100\/100\n|switch|p2a: Meowscarada|Meowscarada, F|100\/100\n|turn|1\n|\n|t:|1698550885\n|switch|p1a: Magearna|Magearna|100\/100\n|move|p2a: Meowscarada|Taunt|p1a: Magearna\n|-start|p2a: Meowscarada|typechange|Dark|[from] ability: Protean\n|-start|p1a: Magearna|move: Taunt\n|\n|upkeep\n|turn|2\n|\n|t:|1698550894\n|move|p2a: Meowscarada|U-turn|p1a: Magearna\n|-resisted|p1a: Magearna\n|-damage|p1a: Magearna|97\/100\n|\n|t:|1698550899\n|switch|p2a: Arceus|Arceus-Poison|100\/100|[from] U-turn\n|move|p1a: Magearna|Fleur Cannon|p2a: Arceus|[miss]\n|-miss|p1a: Magearna|p2a: Arceus\n|\n|-heal|p1a: Magearna|100\/100|[from] item: Leftovers\n|upkeep\n|turn|3\n|\n|t:|1698550907\n|move|p2a: Arceus|Calm Mind|p2a: Arceus\n|-boost|p2a: Arceus|spa|1\n|-boost|p2a: Arceus|spd|1\n|move|p1a: Magearna|Volt Switch|p2a: Arceus\n|-damage|p2a: Arceus|91\/100\n|\n|t:|1698550932\n|switch|p1a: Arceus|Arceus-Fire|100\/100|[from] Volt Switch\n|\n|upkeep\n|turn|4\n|\n|t:|1698550959\n|move|p2a: Arceus|Earth Power|p1a: Arceus\n|-supereffective|p1a: Arceus\n|-damage|p1a: Arceus|46\/100\n|move|p1a: Arceus|Dragon Dance|p1a: Arceus\n|-boost|p1a: Arceus|atk|1\n|-boost|p1a: Arceus|spe|1\n|\n|upkeep\n|turn|5\n|\n|t:|1698550969\n|-terastallize|p1a: Arceus|Ground\n|move|p1a: Arceus|Earthquake|p2a: Arceus\n|-supereffective|p2a: Arceus\n|-damage|p2a: Arceus|0 fnt\n|faint|p2a: Arceus\n|\n|upkeep\n|\n|t:|1698550995\n|switch|p2a: Grimmsnarl|Grimmsnarl, M|100\/100\n|turn|6\n|\n|t:|1698550999\n|move|p2a: Grimmsnarl|Parting Shot|p1a: Arceus\n|-unboost|p1a: Arceus|atk|1\n|-unboost|p1a: Arceus|spa|1\n|\n|t:|1698551013\n|switch|p2a: Meowscarada|Meowscarada, F|100\/100|[from] Parting Shot\n|move|p1a: Arceus|Recover|p1a: Arceus\n|-heal|p1a: Arceus|97\/100\n|\n|upkeep\n|turn|7\n|\n|t:|1698551038\n|switch|p1a: Magearna|Magearna|100\/100\n|move|p2a: Meowscarada|U-turn|p1a: Magearna\n|-start|p2a: Meowscarada|typechange|Bug|[from] ability: Protean\n|-resisted|p1a: Magearna\n|-damage|p1a: Magearna|96\/100\n|\n|t:|1698551047\n|switch|p2a: Zacian|Zacian|100\/100|[from] U-turn\n|-ability|p2a: Zacian|Intrepid Sword|boost\n|-boost|p2a: Zacian|atk|1\n|\n|-heal|p1a: Magearna|100\/100|[from] item: Leftovers\n|upkeep\n|turn|8\n|\n|t:|1698551059\n|-terastallize|p2a: Zacian|Fire\n|move|p2a: Zacian|Tera Blast|p1a: Magearna|[anim] Tera Blast Fire\n|-supereffective|p1a: Magearna\n|-damage|p1a: Magearna|34\/100\n|move|p1a: Magearna|Volt Switch|p2a: Zacian\n|-damage|p2a: Zacian|82\/100\n|\n|t:|1698551083\n|switch|p1a: Torkoal|Torkoal, M|100\/100|[from] Volt Switch\n|-weather|SunnyDay|[from] ability: Drought|[of] p1a: Torkoal\n|\n|-weather|SunnyDay|[upkeep]\n|upkeep\n|turn|9\n|\n|t:|1698551103\n|move|p2a: Zacian|Close Combat|p1a: Torkoal\n|-damage|p1a: Torkoal|53\/100\n|-unboost|p2a: Zacian|def|1\n|-unboost|p2a: Zacian|spd|1\n|move|p1a: Torkoal|Stealth Rock|p2a: Zacian\n|-sidestart|p2: Nitro524|move: Stealth Rock\n|\n|-weather|SunnyDay|[upkeep]\n|upkeep\n|turn|10\n|\n|t:|1698551119\n|switch|p1a: Magearna|Magearna|34\/100\n|move|p2a: Zacian|Swords Dance|p2a: Zacian\n|-boost|p2a: Zacian|atk|2\n|\n|-weather|SunnyDay|[upkeep]\n|-heal|p1a: Magearna|40\/100|[from] item: Leftovers\n|upkeep\n|turn|11\n|\n|t:|1698551127\n|move|p2a: Zacian|Tera Blast|p1a: Magearna|[anim] Tera Blast Fire\n|-supereffective|p1a: Magearna\n|-damage|p1a: Magearna|0 fnt\n|faint|p1a: Magearna\n|\n|-weather|SunnyDay|[upkeep]\n|upkeep\n|\n|t:|1698551139\n|switch|p1a: Roaring Moon|Roaring Moon|100\/100\n|-activate|p1a: Roaring Moon|ability: Protosynthesis\n|-start|p1a: Roaring Moon|protosynthesisspe\n|turn|12\n|\n|t:|1698551151\n|move|p1a: Roaring Moon|Earthquake|p2a: Zacian\n|-supereffective|p2a: Zacian\n|-damage|p2a: Zacian|0 fnt\n|faint|p2a: Zacian\n|\n|-weather|SunnyDay|[upkeep]\n|upkeep\n|\n|t:|1698551164\n|switch|p2a: Magearna|Magearna|100\/100\n|-damage|p2a: Magearna|94\/100|[from] Stealth Rock\n|turn|13\n|\n|t:|1698551171\n|-end|p1a: Roaring Moon|Protosynthesis|[silent]\n|switch|p1a: Torkoal|Torkoal, M|53\/100\n|move|p2a: Magearna|Draining Kiss|p1a: Torkoal\n|-resisted|p1a: Torkoal\n|-damage|p1a: Torkoal|44\/100\n|-heal|p2a: Magearna|100\/100|[from] drain|[of] p1a: Torkoal\n|\n|-weather|SunnyDay|[upkeep]\n|upkeep\n|turn|14\n|\n|t:|1698551180\n|switch|p2a: Grimmsnarl|Grimmsnarl, M|100\/100\n|-damage|p2a: Grimmsnarl|88\/100|[from] Stealth Rock\n|move|p1a: Torkoal|Lava Plume|p2a: Grimmsnarl\n|-damage|p2a: Grimmsnarl|60\/100\n|-status|p2a: Grimmsnarl|brn\n|\n|-weather|SunnyDay|[upkeep]\n|-damage|p2a: Grimmsnarl|54\/100 brn|[from] brn\n|upkeep\n|turn|15\n|\n|t:|1698551190\n|switch|p1a: Gholdengo|Gholdengo|100\/100\n|move|p2a: Grimmsnarl|Light Screen|p2a: Grimmsnarl\n|-sidestart|p2: Nitro524|move: Light Screen\n|\n|-weather|none\n|-damage|p2a: Grimmsnarl|48\/100 brn|[from] brn\n|upkeep\n|turn|16\n|\n|t:|1698551198\n|move|p2a: Grimmsnarl|Reflect|p2a: Grimmsnarl\n|-sidestart|p2: Nitro524|Reflect\n|move|p1a: Gholdengo|Trick|p2a: Grimmsnarl\n|-activate|p1a: Gholdengo|move: Trick|[of] p2a: Grimmsnarl\n|-item|p2a: Grimmsnarl|Choice Scarf|[from] move: Trick\n|-item|p1a: Gholdengo|Light Clay|[from] move: Trick\n|\n|-damage|p2a: Grimmsnarl|42\/100 brn|[from] brn\n|upkeep\n|turn|17\n|\n|t:|1698551208\n|move|p2a: Grimmsnarl|Parting Shot|p1a: Gholdengo\n|-immune|p1a: Gholdengo|[from] ability: Good as Gold\n|move|p1a: Gholdengo|Make It Rain|p2a: Grimmsnarl\n|-supereffective|p2a: Grimmsnarl\n|-damage|p2a: Grimmsnarl|0 fnt\n|-unboost|p1a: Gholdengo|spa|1\n|faint|p2a: Grimmsnarl\n|\n|upkeep\n|\n|t:|1698551233\n|switch|p2a: Basculegion|Basculegion-F, F|100\/100\n|-damage|p2a: Basculegion|88\/100|[from] Stealth Rock\n|turn|18\n|\n|t:|1698551241\n|move|p2a: Basculegion|Last Respects|p1a: Gholdengo\n|-supereffective|p1a: Gholdengo\n|-damage|p1a: Gholdengo|0 fnt\n|faint|p1a: Gholdengo\n|\n|upkeep\n|\n|t:|1698551258\n|switch|p1a: Arceus|Arceus-Fire, tera:Ground|97\/100\n|turn|19\n|\n|t:|1698551263\n|move|p2a: Basculegion|Last Respects|p1a: Arceus\n|-damage|p1a: Arceus|7\/100\n|move|p1a: Arceus|Earthquake|p2a: Basculegion\n|-damage|p2a: Basculegion|56\/100\n|\n|upkeep\n|turn|20\n|\n|t:|1698551270\n|move|p2a: Basculegion|Last Respects|p1a: Arceus\n|-damage|p1a: Arceus|0 fnt\n|faint|p1a: Arceus\n|\n|upkeep\n|\n|t:|1698551278\n|switch|p1a: Torkoal|Torkoal, M|44\/100\n|-weather|SunnyDay|[from] ability: Drought|[of] p1a: Torkoal\n|turn|21\n|\n|t:|1698551286\n|switch|p2a: Magearna|Magearna|100\/100\n|-damage|p2a: Magearna|94\/100|[from] Stealth Rock\n|move|p1a: Torkoal|Will-O-Wisp|p2a: Magearna\n|-status|p2a: Magearna|brn\n|\n|-weather|SunnyDay|[upkeep]\n|-heal|p2a: Magearna|100\/100 brn|[from] item: Leftovers\n|-damage|p2a: Magearna|94\/100 brn|[from] brn\n|upkeep\n|turn|22\n|\n|t:|1698551297\n|move|p2a: Magearna|Calm Mind|p2a: Magearna\n|-boost|p2a: Magearna|spa|1\n|-boost|p2a: Magearna|spd|1\n|move|p1a: Torkoal|Lava Plume|p2a: Magearna\n|-supereffective|p2a: Magearna\n|-damage|p2a: Magearna|75\/100 brn\n|\n|-weather|SunnyDay|[upkeep]\n|-heal|p2a: Magearna|81\/100 brn|[from] item: Leftovers\n|-damage|p2a: Magearna|75\/100 brn|[from] brn\n|-sideend|p2: Nitro524|move: Light Screen\n|upkeep\n|turn|23\n|\n|t:|1698551303\n|move|p2a: Magearna|Calm Mind|p2a: Magearna\n|-boost|p2a: Magearna|spa|1\n|-boost|p2a: Magearna|spd|1\n|move|p1a: Torkoal|Lava Plume|p2a: Magearna\n|-supereffective|p2a: Magearna\n|-damage|p2a: Magearna|43\/100 brn\n|\n|-weather|SunnyDay|[upkeep]\n|-heal|p2a: Magearna|49\/100 brn|[from] item: Leftovers\n|-damage|p2a: Magearna|43\/100 brn|[from] brn\n|-sideend|p2: Nitro524|Reflect\n|upkeep\n|turn|24\n|\n|t:|1698551318\n|move|p2a: Magearna|Stored Power|p1a: Torkoal\n|-damage|p1a: Torkoal|0 fnt\n|faint|p1a: Torkoal\n|-ability|p2a: Magearna|Soul-Heart|boost\n|-boost|p2a: Magearna|spa|1\n|\n|-weather|SunnyDay|[upkeep]\n|-heal|p2a: Magearna|49\/100 brn|[from] item: Leftovers\n|-damage|p2a: Magearna|43\/100 brn|[from] brn\n|upkeep\n|\n|t:|1698551324\n|switch|p1a: Roaring Moon|Roaring Moon|100\/100\n|-activate|p1a: Roaring Moon|ability: Protosynthesis\n|-start|p1a: Roaring Moon|protosynthesisspe\n|turn|25\n|\n|t:|1698551332\n|move|p1a: Roaring Moon|Earthquake|p2a: Magearna\n|-supereffective|p2a: Magearna\n|-damage|p2a: Magearna|0 fnt\n|faint|p2a: Magearna\n|\n|-weather|SunnyDay|[upkeep]\n|upkeep\n|\n|t:|1698551350\n|switch|p2a: Meowscarada|Meowscarada, F|100\/100\n|-damage|p2a: Meowscarada|88\/100|[from] Stealth Rock\n|turn|26\n|\n|t:|1698551355\n|-end|p1a: Roaring Moon|Protosynthesis|[silent]\n|switch|p1a: Walking Wake|Walking Wake|100\/100\n|-activate|p1a: Walking Wake|ability: Protosynthesis\n|-start|p1a: Walking Wake|protosynthesisspe\n|move|p2a: Meowscarada|U-turn|p1a: Walking Wake\n|-start|p2a: Meowscarada|typechange|Bug|[from] ability: Protean\n|-damage|p1a: Walking Wake|65\/100\n|\n|t:|1698551362\n|switch|p2a: Basculegion|Basculegion-F, F|56\/100|[from] U-turn\n|-damage|p2a: Basculegion|44\/100|[from] Stealth Rock\n|\n|-weather|SunnyDay|[upkeep]\n|upkeep\n|turn|27\n|c|\u2606Nitro524|gg\n|\n|t:|1698551370\n|move|p1a: Walking Wake|Draco Meteor|p2a: Basculegion|[miss]\n|-miss|p1a: Walking Wake|p2a: Basculegion\n|move|p2a: Basculegion|Last Respects|p1a: Walking Wake\n|-damage|p1a: Walking Wake|0 fnt\n|faint|p1a: Walking Wake\n|-end|p1a: Walking Wake|Protosynthesis|[silent]\n|\n|-weather|SunnyDay|[upkeep]\n|upkeep\n|\n|t:|1698551378\n|switch|p1a: Roaring Moon|Roaring Moon|100\/100\n|-activate|p1a: Roaring Moon|ability: Protosynthesis\n|-start|p1a: Roaring Moon|protosynthesisspe\n|turn|28\n|\n|t:|1698551397\n|switch|p2a: Meowscarada|Meowscarada, F|88\/100\n|-damage|p2a: Meowscarada|76\/100|[from] Stealth Rock\n|move|p1a: Roaring Moon|Knock Off|p2a: Meowscarada\n|-resisted|p2a: Meowscarada\n|-damage|p2a: Meowscarada|14\/100\n|-enditem|p2a: Meowscarada|Focus Sash|[from] move: Knock Off|[of] p1a: Roaring Moon\n|\n|-weather|none\n|-end|p1a: Roaring Moon|Protosynthesis\n|upkeep\n|turn|29\n|\n|t:|1698551406\n|move|p2a: Meowscarada|Knock Off|p1a: Roaring Moon\n|-start|p2a: Meowscarada|typechange|Dark|[from] ability: Protean\n|-resisted|p1a: Roaring Moon\n|-crit|p1a: Roaring Moon\n|-damage|p1a: Roaring Moon|59\/100\n|-enditem|p1a: Roaring Moon|Choice Band|[from] move: Knock Off|[of] p2a: Meowscarada\n|move|p1a: Roaring Moon|Knock Off|p2a: Meowscarada\n|-resisted|p2a: Meowscarada\n|-damage|p2a: Meowscarada|0 fnt\n|faint|p2a: Meowscarada\n|\n|upkeep\n|\n|t:|1698551410\n|switch|p2a: Basculegion|Basculegion-F, F|44\/100\n|-damage|p2a: Basculegion|31\/100|[from] Stealth Rock\n|turn|30\n|\n|t:|1698551419\n|move|p2a: Basculegion|Last Respects|p1a: Roaring Moon\n|-resisted|p1a: Roaring Moon\n|-damage|p1a: Roaring Moon|0 fnt\n|faint|p1a: Roaring Moon\n|-end|p1a: Roaring Moon|Protosynthesis|[silent]\n|\n|win|Nitro524\n|c|\u2606Nitro524|gg wp\n|c|\u2606sword over shield|damn that draco miss mattered\n|c|\u2606sword over shield|gg wp\n|c|\u2606Nitro524|absolutely\n|c|\u2606Nitro524|you too\n","uploadtime":1698551425,"views":18,"p1id":"swordovershield","p2id":"nitro524","formatid":"gen9ubers","rating":0,"private":0,"password":""}