{"id":"gen9ubers-1997132688","p1":"7aco","p2":"Rpeezy","format":"[Gen 9] Ubers","log":"|j|\u26067aco\n|j|\u2606Rpeezy\n|t:|1700767792\n|gametype|singles\n|player|p1|7aco|backersf|\n|player|p2|Rpeezy|lady|\n|teamsize|p1|6\n|teamsize|p2|6\n|gen|9\n|tier|[Gen 9] Ubers\n|rule|Sleep Clause Mod: Limit one foe put to sleep\n|rule|Species Clause: Limit one of each Pok\u00e9mon\n|rule|OHKO Clause: OHKO moves are banned\n|rule|Evasion Items Clause: Evasion items are banned\n|rule|Evasion Moves Clause: Evasion moves are banned\n|rule|Endless Battle Clause: Forcing endless battles is banned\n|rule|HP Percentage Mod: HP is shown in percentages\n|clearpoke\n|poke|p1|Slowbro-Galar, M|\n|poke|p1|Rotom-Mow|\n|poke|p1|Moltres|\n|poke|p1|Samurott-Hisui, F|\n|poke|p1|Donphan, F|\n|poke|p1|Zoroark-Hisui, F|\n|poke|p2|Meowscarada, F|\n|poke|p2|Sandy Shocks|\n|poke|p2|Sinistcha|\n|poke|p2|Sneasler, F|\n|poke|p2|Skeledirge, F|\n|poke|p2|Lurantis, F|\n|teampreview\n|inactive|Battle timer is ON: inactive players will automatically lose when time's up. (requested by Rpeezy)\n|c|\u26067aco|im lowkey speed running because i got fam over\n|inactiveoff|Battle timer is now OFF.\n|c|\u2606Rpeezy|kk\n|c|\u26067aco|i thought theyd be over for dinner but apparently not\n|j| Jaketr4\n|c|\u2606Rpeezy|unfort\n|\n|t:|1700767897\n|start\n|switch|p1a: dende perc|Rotom-Mow|100\/100\n|switch|p2a: White girl save me|Meowscarada, F|100\/100\n|turn|1\n|c|\u2606Rpeezy|save me white girl...\n|\n|t:|1700767916\n|switch|p2a: @RpeezySPL on twt|Sneasler, F|100\/100\n|switch|p1a: costco chicken|Moltres|100\/100\n|\n|upkeep\n|turn|2\n|c|\u26067aco|followed\n|\n|t:|1700767950\n|move|p2a: @RpeezySPL on twt|Rock Slide|p1a: costco chicken\n|-supereffective|p1a: costco chicken\n|-damage|p1a: costco chicken|0 fnt\n|faint|p1a: costco chicken\n|\n|upkeep\n|c|\u2606Rpeezy|omg i landed the high roll\n|c|\u2606Rpeezy|i mean uhhh i definitely didn't calc this\n|\n|t:|1700767975\n|switch|p1a: pikmin 2|Slowbro-Galar, M|100\/100\n|turn|3\n|c| Jaketr4|smh using a calc\n|-activate|p1a: pikmin 2|item: Quick Claw\n|\n|t:|1700767984\n|switch|p2a: Buzzgang|Skeledirge, F|100\/100\n|move|p1a: pikmin 2|Psyshock|p2a: Buzzgang\n|-damage|p2a: Buzzgang|66\/100\n|\n|-heal|p2a: Buzzgang|72\/100|[from] item: Leftovers\n|upkeep\n|turn|4\n|\n|t:|1700767994\n|switch|p1a: lord garmadon|Samurott-Hisui, F|100\/100\n|move|p2a: Buzzgang|Torch Song|p1a: lord garmadon\n|-resisted|p1a: lord garmadon\n|-damage|p1a: lord garmadon|78\/100\n|-boost|p2a: Buzzgang|spa|1\n|\n|-heal|p2a: Buzzgang|78\/100|[from] item: Leftovers\n|upkeep\n|turn|5\n|\n|t:|1700768007\n|switch|p2a: Enamorus (real)|Lurantis, F|100\/100\n|move|p1a: lord garmadon|Knock Off|p2a: Enamorus (real)\n|-damage|p2a: Enamorus (real)|66\/100\n|-enditem|p2a: Enamorus (real)|Leftovers|[from] move: Knock Off|[of] p1a: lord garmadon\n|\n|upkeep\n|turn|6\n|\n|t:|1700768016\n|switch|p1a: dende perc|Rotom-Mow|100\/100\n|move|p2a: Enamorus (real)|Leaf Storm|p1a: dende perc\n|-resisted|p1a: dende perc\n|-damage|p1a: dende perc|87\/100\n|-boost|p2a: Enamorus (real)|spa|2\n|\n|-heal|p1a: dende perc|94\/100|[from] item: Leftovers\n|upkeep\n|turn|7\n|\n|t:|1700768029\n|move|p1a: dende perc|Thunder Wave|p2a: Enamorus (real)\n|-status|p2a: Enamorus (real)|par\n|move|p2a: Enamorus (real)|Leaf Storm|p1a: dende perc|[miss]\n|-miss|p2a: Enamorus (real)|p1a: dende perc\n|\n|-heal|p1a: dende perc|99\/100|[from] item: Leftovers\n|upkeep\n|turn|8\n|\n|t:|1700768041\n|move|p1a: dende perc|Volt Switch|p2a: Enamorus (real)\n|-resisted|p2a: Enamorus (real)\n|-damage|p2a: Enamorus (real)|53\/100 par\n|\n|t:|1700768043\n|switch|p1a: pikmin 2|Slowbro-Galar, M|100\/100|[from] Volt Switch\n|cant|p2a: Enamorus (real)|par\n|\n|upkeep\n|turn|9\n|c|\u26067aco|calculated\n|c|\u2606Rpeezy|i got karma'd :sob:\n|\n|t:|1700768073\n|switch|p2a: Buzzgang|Skeledirge, F|78\/100\n|move|p1a: pikmin 2|Sludge Bomb|p2a: Buzzgang\n|-resisted|p2a: Buzzgang\n|-crit|p2a: Buzzgang\n|-damage|p2a: Buzzgang|55\/100\n|\n|-heal|p2a: Buzzgang|61\/100|[from] item: Leftovers\n|upkeep\n|turn|10\n|\n|t:|1700768088\n|move|p2a: Buzzgang|Yawn|p1a: pikmin 2\n|-start|p1a: pikmin 2|move: Yawn|[of] p2a: Buzzgang\n|move|p1a: pikmin 2|Nasty Plot|p1a: pikmin 2\n|-boost|p1a: pikmin 2|spa|2\n|\n|-heal|p2a: Buzzgang|67\/100|[from] item: Leftovers\n|upkeep\n|turn|11\n|\n|t:|1700768095\n|switch|p1a: lord garmadon|Samurott-Hisui, F|78\/100\n|move|p2a: Buzzgang|Slack Off|p2a: Buzzgang\n|-heal|p2a: Buzzgang|100\/100\n|\n|upkeep\n|turn|12\n|\n|t:|1700768105\n|switch|p2a: @RpeezySPL on twt|Sneasler, F|100\/100\n|move|p1a: lord garmadon|Ceaseless Edge|p2a: @RpeezySPL on twt\n|-resisted|p2a: @RpeezySPL on twt\n|-damage|p2a: @RpeezySPL on twt|58\/100\n|-sidestart|p2: Rpeezy|Spikes\n|\n|upkeep\n|turn|13\n|\n|t:|1700768114\n|switch|p1a: pikmin 2|Slowbro-Galar, M|100\/100\n|move|p2a: @RpeezySPL on twt|Switcheroo|p1a: pikmin 2\n|-activate|p2a: @RpeezySPL on twt|move: Trick|[of] p1a: pikmin 2\n|-item|p1a: pikmin 2|Choice Band|[from] move: Switcheroo\n|-item|p2a: @RpeezySPL on twt|Quick Claw|[from] move: Switcheroo\n|\n|upkeep\n|turn|14\n|\n|t:|1700768133\n|switch|p2a: quit yapping|Sinistcha|100\/100\n|-damage|p2a: quit yapping|88\/100|[from] Spikes\n|move|p1a: pikmin 2|Psyshock|p2a: quit yapping\n|-damage|p2a: quit yapping|54\/100\n|\n|-heal|p2a: quit yapping|60\/100|[from] item: Leftovers\n|upkeep\n|turn|15\n|\n|t:|1700768147\n|move|p2a: quit yapping|Strength Sap|p1a: pikmin 2\n|-unboost|p1a: pikmin 2|atk|1\n|-heal|p2a: quit yapping|100\/100\n|move|p1a: pikmin 2|Psyshock|p2a: quit yapping\n|-damage|p2a: quit yapping|68\/100\n|\n|-heal|p2a: quit yapping|74\/100|[from] item: Leftovers\n|upkeep\n|turn|16\n|\n|t:|1700768155\n|switch|p1a: lord garmadon|Samurott-Hisui, F|78\/100\n|move|p2a: quit yapping|Calm Mind|p2a: quit yapping\n|-boost|p2a: quit yapping|spa|1\n|-boost|p2a: quit yapping|spd|1\n|\n|-heal|p2a: quit yapping|80\/100|[from] item: Leftovers\n|upkeep\n|turn|17\n|\n|t:|1700768162\n|-terastallize|p2a: quit yapping|Fairy\n|move|p1a: lord garmadon|Knock Off|p2a: quit yapping\n|-resisted|p2a: quit yapping\n|-damage|p2a: quit yapping|60\/100\n|-enditem|p2a: quit yapping|Leftovers|[from] move: Knock Off|[of] p1a: lord garmadon\n|move|p2a: quit yapping|Matcha Gotcha|p1a: lord garmadon\n|-supereffective|p1a: lord garmadon\n|-damage|p1a: lord garmadon|0 fnt\n|-heal|p2a: quit yapping|100\/100|[from] drain|[of] p1a: lord garmadon\n|faint|p1a: lord garmadon\n|\n|upkeep\n|\n|t:|1700768172\n|switch|p1a: pikmin 2|Slowbro-Galar, M|100\/100\n|turn|18\n|-activate|p1a: pikmin 2|ability: Quick Draw\n|\n|t:|1700768179\n|move|p1a: pikmin 2|Sludge Bomb|p2a: quit yapping\n|-supereffective|p2a: quit yapping\n|-damage|p2a: quit yapping|28\/100\n|move|p2a: quit yapping|Shadow Ball|p1a: pikmin 2\n|-supereffective|p1a: pikmin 2\n|-damage|p1a: pikmin 2|0 fnt\n|faint|p1a: pikmin 2\n|\n|upkeep\n|\n|t:|1700768188\n|switch|p1a: dende perc|Rotom-Mow|100\/100\n|turn|19\n|\n|t:|1700768196\n|move|p1a: dende perc|Shadow Ball|p2a: quit yapping\n|-damage|p2a: quit yapping|0 fnt\n|faint|p2a: quit yapping\n|\n|upkeep\n|l| Jaketr4\n|\n|t:|1700768209\n|switch|p2a: White girl save me|Meowscarada, F|100\/100\n|-damage|p2a: White girl save me|88\/100|[from] Spikes\n|turn|20\n|\n|t:|1700768215\n|switch|p1a: dende perc|Rotom-Mow|99\/100\n|move|p2a: White girl save me|Nasty Plot|p2a: White girl save me\n|-start|p2a: White girl save me|typechange|Dark|[from] ability: Protean\n|-boost|p2a: White girl save me|spa|2\n|\n|-heal|p1a: dende perc|100\/100|[from] item: Leftovers\n|upkeep\n|turn|21\n|\n|t:|1700768223\n|move|p2a: White girl save me|Dark Pulse|p1a: dende perc\n|-damage|p1a: dende perc|51\/100\n|move|p1a: dende perc|Thunder Wave|p2a: White girl save me\n|-status|p2a: White girl save me|par\n|\n|-heal|p1a: dende perc|57\/100|[from] item: Leftovers\n|upkeep\n|turn|22\n|\n|t:|1700768231\n|move|p1a: dende perc|Leaf Storm|p2a: White girl save me\n|-damage|p2a: White girl save me|9\/100 par\n|-unboost|p1a: dende perc|spa|2\n|move|p2a: White girl save me|Dark Pulse|p1a: dende perc\n|-damage|p1a: dende perc|9\/100\n|\n|-heal|p1a: dende perc|15\/100|[from] item: Leftovers\n|upkeep\n|turn|23\n|\n|t:|1700768241\n|move|p1a: dende perc|Volt Switch|p2a: White girl save me\n|-damage|p2a: White girl save me|0 fnt\n|faint|p2a: White girl save me\n|\n|t:|1700768246\n|switch|p1a: my bitch wife|Donphan, F|100\/100|[from] Volt Switch\n|\n|upkeep\n|c|\u2606Rpeezy|white girl did not save me\n|c|\u26067aco|typically dont\n|\n|t:|1700768279\n|switch|p2a: Enamorus (real)|Lurantis, F|53\/100 par\n|-damage|p2a: Enamorus (real)|41\/100 par|[from] Spikes\n|turn|24\n|\n|t:|1700768293\n|move|p1a: my bitch wife|Stealth Rock|p2a: Enamorus (real)\n|-sidestart|p2: Rpeezy|move: Stealth Rock\n|move|p2a: Enamorus (real)|Leaf Storm|p1a: my bitch wife\n|-supereffective|p1a: my bitch wife\n|-ability|p1a: my bitch wife|Sturdy\n|-damage|p1a: my bitch wife|1\/100\n|-boost|p2a: Enamorus (real)|spa|2\n|\n|-heal|p1a: my bitch wife|7\/100|[from] item: Leftovers\n|upkeep\n|turn|25\n|\n|t:|1700768301\n|move|p1a: my bitch wife|Earthquake|p2a: Enamorus (real)\n|-resisted|p2a: Enamorus (real)\n|-damage|p2a: Enamorus (real)|21\/100 par\n|cant|p2a: Enamorus (real)|par\n|\n|-heal|p1a: my bitch wife|13\/100|[from] item: Leftovers\n|upkeep\n|turn|26\n|\n|t:|1700768306\n|move|p1a: my bitch wife|Earthquake|p2a: Enamorus (real)\n|-resisted|p2a: Enamorus (real)\n|-damage|p2a: Enamorus (real)|0 fnt\n|faint|p2a: Enamorus (real)\n|\n|-heal|p1a: my bitch wife|20\/100|[from] item: Leftovers\n|upkeep\n|\n|t:|1700768338\n|switch|p2a: @RpeezySPL on twt|Sneasler, F|58\/100\n|-damage|p2a: @RpeezySPL on twt|46\/100|[from] Spikes\n|-damage|p2a: @RpeezySPL on twt|40\/100|[from] Stealth Rock\n|turn|27\n|\n|t:|1700768345\n|move|p2a: @RpeezySPL on twt|Close Combat|p1a: my bitch wife\n|-damage|p1a: my bitch wife|0 fnt\n|-unboost|p2a: @RpeezySPL on twt|def|1\n|-unboost|p2a: @RpeezySPL on twt|spd|1\n|faint|p1a: my bitch wife\n|\n|upkeep\n|\n|t:|1700768350\n|switch|p1a: dende perc|Rotom-Mow|100\/100\n|turn|28\n|\n|t:|1700768360\n|switch|p2a: Volt switch|Sandy Shocks|100\/100\n|-damage|p2a: Volt switch|88\/100|[from] Spikes\n|-damage|p2a: Volt switch|82\/100|[from] Stealth Rock\n|-enditem|p2a: Volt switch|Booster Energy\n|-activate|p2a: Volt switch|ability: Protosynthesis|[fromitem]\n|-start|p2a: Volt switch|protosynthesisspe\n|move|p1a: dende perc|Shadow Ball|p2a: Volt switch\n|-damage|p2a: Volt switch|27\/100\n|\n|upkeep\n|turn|29\n|\n|t:|1700768372\n|move|p2a: Volt switch|Thunderbolt|p1a: dende perc\n|-damage|p1a: dende perc|24\/100\n|replace|p1a: wiener surprise|Zoroark-Hisui, F\n|-end|p1a: wiener surprise|Illusion\n|move|p1a: wiener surprise|Shadow Ball|p2a: Volt switch\n|-damage|p2a: Volt switch|0 fnt\n|faint|p2a: Volt switch\n|-end|p2a: Volt switch|Protosynthesis|[silent]\n|\n|upkeep\n|\n|t:|1700768388\n|switch|p2a: Buzzgang|Skeledirge, F|100\/100\n|-damage|p2a: Buzzgang|88\/100|[from] Spikes\n|-damage|p2a: Buzzgang|63\/100|[from] Stealth Rock\n|turn|30\n|\n|t:|1700768394\n|move|p1a: wiener surprise|Shadow Ball|p2a: Buzzgang\n|-supereffective|p2a: Buzzgang\n|-damage|p2a: Buzzgang|4\/100\n|move|p2a: Buzzgang|Torch Song|p1a: wiener surprise\n|-damage|p1a: wiener surprise|0 fnt\n|-boost|p2a: Buzzgang|spa|1\n|faint|p1a: wiener surprise\n|\n|-heal|p2a: Buzzgang|10\/100|[from] item: Leftovers\n|upkeep\n|c|\u26067aco|f\n|\n|t:|1700768402\n|switch|p1a: dende perc|Rotom-Mow|15\/100\n|turn|31\n|\n|t:|1700768411\n|move|p1a: dende perc|Volt Switch|p2a: Buzzgang\n|-damage|p2a: Buzzgang|0 fnt\n|faint|p2a: Buzzgang\n|\n|-heal|p1a: dende perc|21\/100|[from] item: Leftovers\n|upkeep\n|\n|t:|1700768414\n|switch|p2a: @RpeezySPL on twt|Sneasler, F|40\/100\n|-damage|p2a: @RpeezySPL on twt|27\/100|[from] Spikes\n|-damage|p2a: @RpeezySPL on twt|21\/100|[from] Stealth Rock\n|turn|32\n|\n|t:|1700768419\n|move|p2a: @RpeezySPL on twt|Dire Claw|p1a: dende perc\n|-supereffective|p1a: dende perc\n|-damage|p1a: dende perc|0 fnt\n|faint|p1a: dende perc\n|\n|win|Rpeezy\n|c|\u2606Rpeezy|ggs!!\n|c|\u26067aco|low roll life is tough\n|c|\u26067aco|ggs\n|c|\u2606Rpeezy|was an amazing battle\n","uploadtime":1700768433,"views":26,"p1id":"7aco","p2id":"rpeezy","formatid":"gen9ubers","rating":0,"private":0,"password":""}