{"id":"gen9ubers-1993504409","p1":"frozenly","p2":"bennymbs","format":"[Gen 9] Ubers","log":"|j|\u2606frozenly\n|j|\u2606bennymbs\n|t:|1700325711\n|gametype|singles\n|player|p1|frozenly|101|\n|player|p2|bennymbs|mina|\n|teamsize|p1|6\n|teamsize|p2|6\n|gen|9\n|tier|[Gen 9] Ubers\n|rule|Sleep Clause Mod: Limit one foe put to sleep\n|rule|Species Clause: Limit one of each Pok\u00e9mon\n|rule|OHKO Clause: OHKO moves are banned\n|rule|Evasion Items Clause: Evasion items are banned\n|rule|Evasion Moves Clause: Evasion moves are banned\n|rule|Endless Battle Clause: Forcing endless battles is banned\n|rule|HP Percentage Mod: HP is shown in percentages\n|clearpoke\n|poke|p1|Torkoal, F|\n|poke|p1|Walking Wake|\n|poke|p1|Chi-Yu|\n|poke|p1|Arceus-Grass|\n|poke|p1|Zacian-*|\n|poke|p1|Magearna-Original|\n|poke|p2|Arceus-Poison|\n|poke|p2|Clefable, F|\n|poke|p2|Orthworm, F|\n|poke|p2|Blissey, F|\n|poke|p2|Cyclizar, M|\n|poke|p2|Zacian-*|\n|teampreview\n|inactive|Battle timer is ON: inactive players will automatically lose when time's up. (requested by bennymbs)\n|c|\u2606bennymbs|. Interesting\n|inactive|bennymbs has 270 seconds left.\n|\n|t:|1700325744\n|start\n|switch|p1a: Torkoal|Torkoal, F|100\/100\n|switch|p2a: Cyclizar|Cyclizar, M|100\/100\n|-weather|SunnyDay|[from] ability: Drought|[of] p1a: Torkoal\n|turn|1\n|\n|t:|1700325759\n|move|p2a: Cyclizar|Knock Off|p1a: Torkoal\n|-damage|p1a: Torkoal|88\/100\n|-enditem|p1a: Torkoal|Heat Rock|[from] move: Knock Off|[of] p2a: Cyclizar\n|move|p1a: Torkoal|Lava Plume|p2a: Cyclizar\n|-resisted|p2a: Cyclizar\n|-damage|p2a: Cyclizar|74\/100\n|\n|-weather|SunnyDay|[upkeep]\n|upkeep\n|turn|2\n|\n|t:|1700325767\n|move|p2a: Cyclizar|Shed Tail|p2a: Cyclizar\n|-start|p2a: Cyclizar|Substitute|[from] move: Shed Tail\n|-damage|p2a: Cyclizar|24\/100\n|\n|t:|1700325779\n|switch|p2a: Blissey|Blissey, F, shiny|100\/100|[from] Shed Tail\n|move|p1a: Torkoal|Stealth Rock|p2a: Blissey\n|-sidestart|p2: bennymbs|move: Stealth Rock\n|\n|-weather|SunnyDay|[upkeep]\n|upkeep\n|turn|3\n|\n|t:|1700325795\n|switch|p1a: Magearna|Magearna-Original|100\/100\n|move|p2a: Blissey|Stealth Rock|p1a: Magearna\n|-sidestart|p1: frozenly|move: Stealth Rock\n|\n|-weather|SunnyDay|[upkeep]\n|upkeep\n|turn|4\n|inactive|bennymbs has 270 seconds left.\n|inactive|bennymbs has 240 seconds left.\n|\n|t:|1700325857\n|move|p1a: Magearna|Spikes|p2a: Blissey\n|-sidestart|p2: bennymbs|Spikes\n|move|p2a: Blissey|Seismic Toss|p1a: Magearna\n|-damage|p1a: Magearna|73\/100\n|\n|-weather|SunnyDay|[upkeep]\n|-heal|p1a: Magearna|79\/100|[from] item: Leftovers\n|upkeep\n|turn|5\n|\n|t:|1700325866\n|move|p1a: Magearna|Spikes|p2a: Blissey\n|-sidestart|p2: bennymbs|Spikes\n|move|p2a: Blissey|Seismic Toss|p1a: Magearna\n|-damage|p1a: Magearna|52\/100\n|\n|-weather|SunnyDay|[upkeep]\n|-heal|p1a: Magearna|58\/100|[from] item: Leftovers\n|upkeep\n|turn|6\n|\n|t:|1700325873\n|move|p1a: Magearna|Spikes|p2a: Blissey\n|-sidestart|p2: bennymbs|Spikes\n|move|p2a: Blissey|Seismic Toss|p1a: Magearna\n|-damage|p1a: Magearna|30\/100\n|\n|-weather|SunnyDay|[upkeep]\n|-heal|p1a: Magearna|36\/100|[from] item: Leftovers\n|upkeep\n|turn|7\n|inactive|bennymbs has 240 seconds left.\n|\n|t:|1700325915\n|move|p1a: Magearna|Volt Switch|p2a: Blissey\n|-activate|p2a: Blissey|move: Substitute|[damage]\n|\n|t:|1700325942\n|switch|p1a: Chi-Yu|Chi-Yu|100\/100|[from] Volt Switch\n|-damage|p1a: Chi-Yu|76\/100|[from] Stealth Rock\n|-ability|p1a: Chi-Yu|Beads of Ruin\n|move|p2a: Blissey|Seismic Toss|p1a: Chi-Yu\n|-damage|p1a: Chi-Yu|36\/100\n|\n|-weather|SunnyDay|[upkeep]\n|upkeep\n|turn|8\n|inactive|bennymbs has 240 seconds left.\n|\n|t:|1700325961\n|move|p1a: Chi-Yu|Flamethrower|p2a: Blissey\n|-end|p2a: Blissey|Substitute\n|move|p2a: Blissey|Seismic Toss|p1a: Chi-Yu\n|-damage|p1a: Chi-Yu|0 fnt\n|faint|p1a: Chi-Yu\n|\n|-weather|none\n|upkeep\n|\n|t:|1700325969\n|switch|p1a: Zacian|Zacian|100\/100\n|-ability|p1a: Zacian|Intrepid Sword|boost\n|-boost|p1a: Zacian|atk|1\n|turn|9\n|inactive|bennymbs has 240 seconds left.\n|\n|t:|1700325980\n|switch|p2a: Orthworm|Orthworm, F|100\/100\n|-damage|p2a: Orthworm|94\/100|[from] Stealth Rock\n|-damage|p2a: Orthworm|69\/100|[from] Spikes\n|move|p1a: Zacian|Close Combat|p2a: Orthworm\n|-supereffective|p2a: Orthworm\n|-damage|p2a: Orthworm|4\/100\n|-unboost|p1a: Zacian|def|1\n|-unboost|p1a: Zacian|spd|1\n|\n|-heal|p2a: Orthworm|10\/100|[from] item: Leftovers\n|upkeep\n|turn|10\n|inactive|bennymbs has 240 seconds left.\n|inactive|frozenly has 270 seconds left.\n|\n|t:|1700326012\n|move|p1a: Zacian|Tera Blast|p2a: Orthworm\n|-resisted|p2a: Orthworm\n|-damage|p2a: Orthworm|0 fnt\n|faint|p2a: Orthworm\n|\n|upkeep\n|inactive|bennymbs has 240 seconds left.\n|\n|t:|1700326029\n|switch|p2a: Clefable|Clefable, F|100\/100\n|-damage|p2a: Clefable|88\/100|[from] Stealth Rock\n|-damage|p2a: Clefable|63\/100|[from] Spikes\n|turn|11\n|inactive|frozenly has 240 seconds left.\n|\n|t:|1700326071\n|-terastallize|p1a: Zacian|Fire\n|move|p1a: Zacian|Tera Blast|p2a: Clefable|[anim] Tera Blast Fire\n|-damage|p2a: Clefable|33\/100\n|move|p2a: Clefable|Wish|p2a: Clefable\n|\n|-heal|p2a: Clefable|39\/100|[from] item: Leftovers\n|upkeep\n|turn|12\n|\n|t:|1700326083\n|move|p2a: Clefable|Protect|p2a: Clefable\n|-singleturn|p2a: Clefable|Protect\n|move|p1a: Zacian|Swords Dance|p1a: Zacian\n|-boost|p1a: Zacian|atk|2\n|\n|-heal|p2a: Clefable|89\/100|[from] move: Wish|[wisher] Clefable\n|-heal|p2a: Clefable|95\/100|[from] item: Leftovers\n|upkeep\n|turn|13\n|inactive|frozenly has 240 seconds left.\n|\n|t:|1700326096\n|move|p1a: Zacian|Play Rough|p2a: Clefable\n|-damage|p2a: Clefable|62\/100\n|-unboost|p2a: Clefable|atk|1\n|move|p2a: Clefable|Calm Mind|p2a: Clefable\n|-boost|p2a: Clefable|spa|1\n|-boost|p2a: Clefable|spd|1\n|\n|-heal|p2a: Clefable|68\/100|[from] item: Leftovers\n|upkeep\n|turn|14\n|inactive|frozenly has 240 seconds left.\n|\n|t:|1700326116\n|move|p1a: Zacian|Play Rough|p2a: Clefable\n|-damage|p2a: Clefable|35\/100\n|move|p2a: Clefable|Wish|p2a: Clefable\n|\n|-heal|p2a: Clefable|41\/100|[from] item: Leftovers\n|upkeep\n|turn|15\n|\n|t:|1700326122\n|move|p2a: Clefable|Protect|p2a: Clefable\n|-singleturn|p2a: Clefable|Protect\n|move|p1a: Zacian|Swords Dance|p1a: Zacian\n|-boost|p1a: Zacian|atk|2\n|\n|-heal|p2a: Clefable|91\/100|[from] move: Wish|[wisher] Clefable\n|-heal|p2a: Clefable|97\/100|[from] item: Leftovers\n|upkeep\n|turn|16\n|inactive|frozenly has 240 seconds left.\n|\n|t:|1700326132\n|move|p1a: Zacian|Play Rough|p2a: Clefable\n|-damage|p2a: Clefable|60\/100\n|move|p2a: Clefable|Calm Mind|p2a: Clefable\n|-boost|p2a: Clefable|spa|1\n|-boost|p2a: Clefable|spd|1\n|\n|-heal|p2a: Clefable|66\/100|[from] item: Leftovers\n|upkeep\n|turn|17\n|\n|t:|1700326145\n|move|p2a: Clefable|Protect|p2a: Clefable\n|-singleturn|p2a: Clefable|Protect\n|move|p1a: Zacian|Play Rough|p2a: Clefable\n|-activate|p2a: Clefable|move: Protect\n|\n|-heal|p2a: Clefable|72\/100|[from] item: Leftovers\n|upkeep\n|turn|18\n|\n|t:|1700326152\n|move|p1a: Zacian|Play Rough|p2a: Clefable\n|-damage|p2a: Clefable|36\/100\n|move|p2a: Clefable|Wish|p2a: Clefable\n|\n|-heal|p2a: Clefable|42\/100|[from] item: Leftovers\n|upkeep\n|turn|19\n|\n|t:|1700326158\n|move|p2a: Clefable|Protect|p2a: Clefable\n|-singleturn|p2a: Clefable|Protect\n|move|p1a: Zacian|Play Rough|p2a: Clefable\n|-activate|p2a: Clefable|move: Protect\n|\n|-heal|p2a: Clefable|92\/100|[from] move: Wish|[wisher] Clefable\n|-heal|p2a: Clefable|98\/100|[from] item: Leftovers\n|upkeep\n|turn|20\n|\n|t:|1700326168\n|move|p1a: Zacian|Play Rough|p2a: Clefable\n|-damage|p2a: Clefable|66\/100\n|move|p2a: Clefable|Calm Mind|p2a: Clefable\n|-boost|p2a: Clefable|spa|1\n|-boost|p2a: Clefable|spd|1\n|\n|-heal|p2a: Clefable|72\/100|[from] item: Leftovers\n|upkeep\n|turn|21\n|\n|t:|1700326176\n|move|p1a: Zacian|Tera Blast|p2a: Clefable|[anim] Tera Blast Fire\n|-damage|p2a: Clefable|43\/100\n|move|p2a: Clefable|Wish|p2a: Clefable\n|\n|-heal|p2a: Clefable|49\/100|[from] item: Leftovers\n|upkeep\n|turn|22\n|inactive|frozenly has 270 seconds left.\n|\n|t:|1700326183\n|move|p2a: Clefable|Protect|p2a: Clefable\n|-singleturn|p2a: Clefable|Protect\n|move|p1a: Zacian|Swords Dance|p1a: Zacian\n|-boost|p1a: Zacian|atk|1\n|\n|-heal|p2a: Clefable|99\/100|[from] move: Wish|[wisher] Clefable\n|-heal|p2a: Clefable|100\/100|[from] item: Leftovers\n|upkeep\n|turn|23\n|\n|t:|1700326191\n|move|p1a: Zacian|Play Rough|p2a: Clefable|[miss]\n|-miss|p1a: Zacian|p2a: Clefable\n|move|p2a: Clefable|Moonblast|p1a: Zacian\n|-resisted|p1a: Zacian\n|-damage|p1a: Zacian|66\/100\n|\n|upkeep\n|turn|24\n|inactive|frozenly has 270 seconds left.\n|\n|t:|1700326224\n|move|p1a: Zacian|Play Rough|p2a: Clefable\n|-damage|p2a: Clefable|64\/100\n|move|p2a: Clefable|Calm Mind|p2a: Clefable\n|-boost|p2a: Clefable|spa|1\n|-boost|p2a: Clefable|spd|1\n|\n|-heal|p2a: Clefable|71\/100|[from] item: Leftovers\n|upkeep\n|turn|25\n|\n|t:|1700326231\n|move|p2a: Clefable|Protect|p2a: Clefable\n|-singleturn|p2a: Clefable|Protect\n|move|p1a: Zacian|Play Rough|p2a: Clefable\n|-activate|p2a: Clefable|move: Protect\n|\n|-heal|p2a: Clefable|77\/100|[from] item: Leftovers\n|upkeep\n|turn|26\n|\n|t:|1700326239\n|move|p1a: Zacian|Play Rough|p2a: Clefable\n|-crit|p2a: Clefable\n|-damage|p2a: Clefable|30\/100\n|move|p2a: Clefable|Wish|p2a: Clefable\n|\n|-heal|p2a: Clefable|36\/100|[from] item: Leftovers\n|upkeep\n|turn|27\n|inactive|frozenly has 270 seconds left.\n|\n|t:|1700326246\n|move|p2a: Clefable|Protect|p2a: Clefable\n|-singleturn|p2a: Clefable|Protect\n|move|p1a: Zacian|Play Rough|p2a: Clefable\n|-activate|p2a: Clefable|move: Protect\n|\n|-heal|p2a: Clefable|86\/100|[from] move: Wish|[wisher] Clefable\n|-heal|p2a: Clefable|92\/100|[from] item: Leftovers\n|upkeep\n|turn|28\n|\n|t:|1700326255\n|move|p1a: Zacian|Play Rough|p2a: Clefable\n|-damage|p2a: Clefable|61\/100\n|move|p2a: Clefable|Wish|p2a: Clefable\n|\n|-heal|p2a: Clefable|67\/100|[from] item: Leftovers\n|upkeep\n|turn|29\n|inactive|frozenly has 270 seconds left.\n|\n|t:|1700326276\n|switch|p1a: Arceus|Arceus-Grass|100\/100\n|-damage|p1a: Arceus|88\/100|[from] Stealth Rock\n|move|p2a: Clefable|Calm Mind|p2a: Clefable\n|-boost|p2a: Clefable|spa|1\n|-boost|p2a: Clefable|spd|1\n|\n|-heal|p2a: Clefable|100\/100|[from] move: Wish|[wisher] Clefable\n|upkeep\n|turn|30\n|\n|t:|1700326285\n|move|p1a: Arceus|Taunt|p2a: Clefable\n|-start|p2a: Clefable|move: Taunt\n|move|p2a: Clefable|Moonblast|p1a: Arceus\n|-damage|p1a: Arceus|13\/100\n|\n|upkeep\n|turn|31\n|\n|t:|1700326292\n|move|p1a: Arceus|Judgment|p2a: Clefable\n|-damage|p2a: Clefable|88\/100\n|move|p2a: Clefable|Moonblast|p1a: Arceus\n|-damage|p1a: Arceus|0 fnt\n|faint|p1a: Arceus\n|\n|-heal|p2a: Clefable|94\/100|[from] item: Leftovers\n|upkeep\n|\n|t:|1700326300\n|switch|p1a: Zacian|Zacian, tera:Fire|66\/100\n|turn|32\n|\n|t:|1700326305\n|move|p1a: Zacian|Play Rough|p2a: Clefable\n|-damage|p2a: Clefable|57\/100\n|move|p2a: Clefable|Moonblast|p1a: Zacian\n|-resisted|p1a: Zacian\n|-damage|p1a: Zacian|17\/100\n|\n|-heal|p2a: Clefable|63\/100|[from] item: Leftovers\n|-end|p2a: Clefable|move: Taunt\n|upkeep\n|turn|33\n|\n|t:|1700326314\n|move|p1a: Zacian|Play Rough|p2a: Clefable\n|-damage|p2a: Clefable|31\/100\n|move|p2a: Clefable|Wish|p2a: Clefable\n|\n|-heal|p2a: Clefable|38\/100|[from] item: Leftovers\n|upkeep\n|turn|34\n|\n|t:|1700326324\n|switch|p1a: Magearna|Magearna-Original|36\/100\n|-damage|p1a: Magearna|30\/100|[from] Stealth Rock\n|move|p2a: Clefable|Protect||[still]\n|-fail|p2a: Clefable\n|\n|-heal|p2a: Clefable|88\/100|[from] move: Wish|[wisher] Clefable\n|-heal|p1a: Magearna|36\/100|[from] item: Leftovers\n|-heal|p2a: Clefable|94\/100|[from] item: Leftovers\n|upkeep\n|turn|35\n|\n|t:|1700326347\n|move|p1a: Magearna|Thunder Wave|p2a: Clefable\n|-status|p2a: Clefable|par\n|move|p2a: Clefable|Moonblast|p1a: Magearna\n|-resisted|p1a: Magearna\n|-damage|p1a: Magearna|2\/100\n|\n|-heal|p1a: Magearna|8\/100|[from] item: Leftovers\n|-heal|p2a: Clefable|99\/100 par|[from] item: Leftovers\n|upkeep\n|turn|36\n|\n|t:|1700326365\n|move|p1a: Magearna|Volt Switch|p2a: Clefable\n|-damage|p2a: Clefable|94\/100 par\n|\n|t:|1700326368\n|switch|p1a: Torkoal|Torkoal, F|88\/100|[from] Volt Switch\n|-damage|p1a: Torkoal|63\/100|[from] Stealth Rock\n|-weather|SunnyDay|[from] ability: Drought|[of] p1a: Torkoal\n|move|p2a: Clefable|Moonblast|p1a: Torkoal\n|-resisted|p1a: Torkoal\n|-damage|p1a: Torkoal|0 fnt\n|faint|p1a: Torkoal\n|\n|-weather|SunnyDay|[upkeep]\n|-heal|p2a: Clefable|100\/100 par|[from] item: Leftovers\n|upkeep\n|\n|t:|1700326380\n|switch|p1a: Zacian|Zacian, tera:Fire|17\/100\n|turn|37\n|\n|t:|1700326384\n|move|p1a: Zacian|Tera Blast|p2a: Clefable|[anim] Tera Blast Fire\n|-damage|p2a: Clefable|55\/100 par\n|move|p2a: Clefable|Moonblast|p1a: Zacian\n|-resisted|p1a: Zacian\n|-damage|p1a: Zacian|0 fnt\n|faint|p1a: Zacian\n|\n|-weather|SunnyDay|[upkeep]\n|-heal|p2a: Clefable|61\/100 par|[from] item: Leftovers\n|upkeep\n|\n|t:|1700326395\n|switch|p1a: Walking Wake|Walking Wake|100\/100\n|-damage|p1a: Walking Wake|88\/100|[from] Stealth Rock\n|-activate|p1a: Walking Wake|ability: Protosynthesis\n|-start|p1a: Walking Wake|protosynthesisspe\n|turn|38\n|\n|t:|1700326404\n|move|p1a: Walking Wake|Hydro Steam|p2a: Clefable\n|-damage|p2a: Clefable|36\/100 par\n|cant|p2a: Clefable|par\n|\n|-weather|SunnyDay|[upkeep]\n|-heal|p2a: Clefable|42\/100 par|[from] item: Leftovers\n|upkeep\n|turn|39\n|\n|t:|1700326413\n|move|p1a: Walking Wake|Hydro Steam|p2a: Clefable\n|-damage|p2a: Clefable|19\/100 par\n|cant|p2a: Clefable|par\n|\n|-weather|SunnyDay|[upkeep]\n|-heal|p2a: Clefable|25\/100 par|[from] item: Leftovers\n|upkeep\n|turn|40\n|c|\u2606bennymbs|Tf?\n|\n|t:|1700326422\n|move|p2a: Clefable|Protect|p2a: Clefable\n|-singleturn|p2a: Clefable|Protect\n|move|p1a: Walking Wake|Hydro Steam|p2a: Clefable\n|-activate|p2a: Clefable|move: Protect\n|\n|-weather|none\n|-end|p1a: Walking Wake|Protosynthesis\n|-heal|p2a: Clefable|31\/100 par|[from] item: Leftovers\n|upkeep\n|turn|41\n|\n|t:|1700326430\n|move|p1a: Walking Wake|Hydro Steam|p2a: Clefable\n|-damage|p2a: Clefable|13\/100 par\n|move|p2a: Clefable|Moonblast|p1a: Walking Wake\n|-supereffective|p1a: Walking Wake\n|-crit|p1a: Walking Wake\n|-damage|p1a: Walking Wake|0 fnt\n|faint|p1a: Walking Wake\n|-end|p1a: Walking Wake|Protosynthesis|[silent]\n|\n|-heal|p2a: Clefable|19\/100 par|[from] item: Leftovers\n|upkeep\n|\n|t:|1700326439\n|switch|p1a: Magearna|Magearna-Original|8\/100\n|-damage|p1a: Magearna|2\/100|[from] Stealth Rock\n|turn|42\n|c|\u2606bennymbs|Ggs\n|c|\u2606frozenly|gg\n|c|\u2606frozenly|if i kill that clefable, think i win that\n|\n|t:|1700326456\n|move|p1a: Magearna|Fleur Cannon|p2a: Clefable\n|-damage|p2a: Clefable|5\/100 par\n|-unboost|p1a: Magearna|spa|2\n|cant|p2a: Clefable|par\n|\n|-heal|p1a: Magearna|8\/100|[from] item: Leftovers\n|-heal|p2a: Clefable|11\/100 par|[from] item: Leftovers\n|upkeep\n|turn|43\n|c|\u2606frozenly|earlier anyways\n|\n|t:|1700326468\n|move|p2a: Clefable|Protect|p2a: Clefable\n|-singleturn|p2a: Clefable|Protect\n|move|p1a: Magearna|Fleur Cannon|p2a: Clefable\n|-activate|p2a: Clefable|move: Protect\n|\n|-heal|p1a: Magearna|14\/100|[from] item: Leftovers\n|-heal|p2a: Clefable|18\/100 par|[from] item: Leftovers\n|upkeep\n|turn|44\n|\n|t:|1700326476\n|move|p1a: Magearna|Fleur Cannon|p2a: Clefable\n|-damage|p2a: Clefable|1\/100 par\n|-unboost|p1a: Magearna|spa|2\n|move|p2a: Clefable|Moonblast|p1a: Magearna\n|-resisted|p1a: Magearna\n|-damage|p1a: Magearna|0 fnt\n|faint|p1a: Magearna\n|\n|win|bennymbs\n","uploadtime":1700326482,"views":31,"p1id":"frozenly","p2id":"bennymbs","formatid":"gen9ubers","rating":0,"private":0,"password":""}