{"id":"gen9ubers-1993416749","p1":"Nikkc","p2":"Raiozin","format":"[Gen 9] Ubers","log":"|j|\u2606Nikkc\n|j|\u2606Raiozin\n|t:|1700315052\n|gametype|singles\n|player|p1|Nikkc|102|1092\n|player|p2|Raiozin|gambler|1135\n|teamsize|p1|6\n|teamsize|p2|6\n|gen|9\n|tier|[Gen 9] Ubers\n|rated|\n|rule|Sleep Clause Mod: Limit one foe put to sleep\n|rule|Species Clause: Limit one of each Pok\u00e9mon\n|rule|OHKO Clause: OHKO moves are banned\n|rule|Evasion Items Clause: Evasion items are banned\n|rule|Evasion Moves Clause: Evasion moves are banned\n|rule|Endless Battle Clause: Forcing endless battles is banned\n|rule|HP Percentage Mod: HP is shown in percentages\n|clearpoke\n|poke|p1|Volcarona, F|\n|poke|p1|Kommo-o, M|\n|poke|p1|Roaring Moon|\n|poke|p1|Espathra, M|\n|poke|p1|Kingambit, M|\n|poke|p1|Gengar, F|\n|poke|p2|Kommo-o, M|\n|poke|p2|Chien-Pao|\n|poke|p2|Basculegion, M|\n|poke|p2|Espathra, F|\n|poke|p2|Lucario, M|\n|poke|p2|Kyogre|\n|teampreview\n|\n|t:|1700315063\n|start\n|switch|p1a: Espathra|Espathra, M|100\/100\n|switch|p2a: Chien-Pao|Chien-Pao|100\/100\n|-ability|p2a: Chien-Pao|Sword of Ruin\n|turn|1\n|\n|t:|1700315071\n|move|p2a: Chien-Pao|Crunch|p1a: Espathra\n|-supereffective|p1a: Espathra\n|-damage|p1a: Espathra|0 fnt\n|faint|p1a: Espathra\n|-damage|p2a: Chien-Pao|91\/100|[from] item: Life Orb\n|\n|upkeep\n|\n|t:|1700315081\n|switch|p1a: Kommo-o|Kommo-o, M|100\/100\n|turn|2\n|\n|t:|1700315087\n|-terastallize|p1a: Kommo-o|Normal\n|move|p2a: Chien-Pao|Icicle Crash|p1a: Kommo-o\n|-damage|p1a: Kommo-o|33\/100\n|-damage|p2a: Chien-Pao|81\/100|[from] item: Life Orb\n|move|p1a: Kommo-o|Drain Punch|p2a: Chien-Pao\n|-supereffective|p2a: Chien-Pao\n|-damage|p2a: Chien-Pao|0 fnt\n|-heal|p1a: Kommo-o|75\/100|[from] drain|[of] p2a: Chien-Pao\n|faint|p2a: Chien-Pao\n|\n|upkeep\n|\n|t:|1700315099\n|switch|p2a: Kommo-o|Kommo-o, M|100\/100\n|turn|3\n|\n|t:|1700315104\n|move|p2a: Kommo-o|Drain Punch|p1a: Kommo-o\n|-supereffective|p1a: Kommo-o\n|-damage|p1a: Kommo-o|7\/100\n|move|p1a: Kommo-o|Clangorous Soul||[still]\n|-fail|p1a: Kommo-o\n|\n|upkeep\n|turn|4\n|\n|t:|1700315114\n|move|p2a: Kommo-o|Thunder Punch|p1a: Kommo-o\n|-damage|p1a: Kommo-o|0 fnt\n|faint|p1a: Kommo-o\n|\n|upkeep\n|\n|t:|1700315121\n|switch|p1a: Gengar|Gengar, F|100\/100\n|turn|5\n|l|\u2606Nikkc\n|player|p1|\n|j|\u2606Nikkc\n|player|p1|Nikkc|102\n|\n|t:|1700315161\n|move|p1a: Gengar|Sludge Bomb|p2a: Kommo-o\n|-damage|p2a: Kommo-o|49\/100\n|move|p2a: Kommo-o|Substitute|p2a: Kommo-o\n|-start|p2a: Kommo-o|Substitute\n|-damage|p2a: Kommo-o|24\/100\n|-enditem|p2a: Kommo-o|Salac Berry|[eat]\n|-boost|p2a: Kommo-o|spe|1|[from] item: Salac Berry\n|\n|upkeep\n|turn|6\n|\n|t:|1700315170\n|move|p1a: Gengar|Sludge Bomb|p2a: Kommo-o\n|-end|p2a: Kommo-o|Substitute\n|move|p2a: Kommo-o|Thunder Punch|p1a: Gengar\n|-damage|p1a: Gengar|57\/100\n|-start|p2a: Kommo-o|Disable|Thunder Punch|[from] ability: Cursed Body|[of] p1a: Gengar\n|\n|upkeep\n|turn|7\n|\n|t:|1700315178\n|-terastallize|p2a: Kommo-o|Steel\n|move|p1a: Gengar|Sludge Bomb|p2a: Kommo-o\n|-immune|p2a: Kommo-o\n|move|p2a: Kommo-o|Drain Punch|p1a: Gengar\n|-immune|p1a: Gengar\n|\n|upkeep\n|turn|8\n|j| Weltwo\n|\n|t:|1700315191\n|switch|p1a: Kingambit|Kingambit, M|100\/100\n|-activate|p1a: Kingambit|ability: Supreme Overlord\n|-start|p1a: Kingambit|fallen2|[silent]\n|switch|p2a: Lucario|Lucario, M|100\/100\n|\n|upkeep\n|turn|9\n|c| Weltwo|puts\n|\n|t:|1700315210\n|-end|p1a: Kingambit|fallen2|[silent]\n|switch|p1a: Gengar|Gengar, F|57\/100\n|move|p2a: Lucario|Ice Punch|p1a: Gengar\n|-damage|p1a: Gengar|0 fnt\n|-start|p2a: Lucario|Disable|Ice Punch|[from] ability: Cursed Body|[of] p1a: Gengar\n|faint|p1a: Gengar\n|\n|upkeep\n|c| Weltwo|vacilo dos doiskkk\n|c|\u2606Raiozin|eu esperava o gengar\n|\n|t:|1700315231\n|switch|p1a: Roaring Moon|Roaring Moon|100\/100\n|turn|10\n|c|\u2606Raiozin|por isso fui de ice\n|c| Weltwo|boa\n|c|\u2606Raiozin|mas agora n posso usar nenhum attack\n|c|\u2606Raiozin|fdp\n|c|\u2606Raiozin|e agora?\n|\n|t:|1700315276\n|switch|p2a: Kyogre|Kyogre|100\/100\n|-weather|RainDance|[from] ability: Drizzle|[of] p2a: Kyogre\n|move|p1a: Roaring Moon|Earthquake|p2a: Kyogre\n|-damage|p2a: Kyogre|38\/100\n|\n|-weather|RainDance|[upkeep]\n|upkeep\n|turn|11\n|c| Weltwo|muda\n|l| Weltwo\n|\n|t:|1700315284\n|move|p2a: Kyogre|Ice Beam|p1a: Roaring Moon\n|-supereffective|p1a: Roaring Moon\n|-damage|p1a: Roaring Moon|33\/100\n|move|p1a: Roaring Moon|Earthquake|p2a: Kyogre\n|-damage|p2a: Kyogre|0 fnt\n|faint|p2a: Kyogre\n|\n|-weather|RainDance|[upkeep]\n|upkeep\n|j| Weltwo\n|c| Weltwo|bait spatra?\n|l| Weltwo\n|\n|t:|1700315354\n|switch|p2a: Espathra|Espathra, F|100\/100\n|turn|12\n|j| Weltwo\n|\n|t:|1700315371\n|switch|p2a: Lucario|Lucario, M|100\/100\n|move|p1a: Roaring Moon|Earthquake|p2a: Lucario\n|-supereffective|p2a: Lucario\n|-damage|p2a: Lucario|0 fnt\n|faint|p2a: Lucario\n|\n|-weather|RainDance|[upkeep]\n|upkeep\n|c|\u2606Raiozin|seu fdp KKKKKKKKK\n|\n|t:|1700315384\n|switch|p2a: Espathra|Espathra, F|100\/100\n|turn|13\n|l| Weltwo\n|\n|t:|1700315400\n|move|p2a: Espathra|Protect|p2a: Espathra\n|-singleturn|p2a: Espathra|Protect\n|move|p1a: Roaring Moon|Earthquake|p2a: Espathra\n|-activate|p2a: Espathra|move: Protect\n|\n|-weather|RainDance|[upkeep]\n|-ability|p2a: Espathra|Speed Boost|boost\n|-boost|p2a: Espathra|spe|1\n|upkeep\n|turn|14\n|j| Weltwo\n|\n|t:|1700315415\n|move|p2a: Espathra|Tera Blast|p1a: Roaring Moon\n|-damage|p1a: Roaring Moon|8\/100\n|move|p1a: Roaring Moon|Earthquake|p2a: Espathra\n|-damage|p2a: Espathra|17\/100\n|\n|-weather|none\n|-ability|p2a: Espathra|Speed Boost|boost\n|-boost|p2a: Espathra|spe|1\n|upkeep\n|turn|15\n|\n|t:|1700315426\n|move|p2a: Espathra|Tera Blast|p1a: Roaring Moon\n|-damage|p1a: Roaring Moon|0 fnt\n|faint|p1a: Roaring Moon\n|-end|p1a: Roaring Moon|Protosynthesis|[silent]\n|\n|-ability|p2a: Espathra|Speed Boost|boost\n|-boost|p2a: Espathra|spe|1\n|upkeep\n|\n|t:|1700315433\n|switch|p1a: Volcarona|Volcarona, F|100\/100\n|turn|16\n|\n|t:|1700315444\n|move|p2a: Espathra|Protect|p2a: Espathra\n|-singleturn|p2a: Espathra|Protect\n|move|p1a: Volcarona|Flamethrower|p2a: Espathra\n|-activate|p2a: Espathra|move: Protect\n|\n|-ability|p2a: Espathra|Speed Boost|boost\n|-boost|p2a: Espathra|spe|1\n|upkeep\n|turn|17\n|c|\u2606Raiozin|bug \u00e9 imune?\n|c| Weltwo|se dece quiver dance\n|c| Weltwo|n\u00e3o\n|c| Weltwo|nem resiste\n|c|\u2606Raiozin|mas s\u00f3 100 de power \u00e9 foda\n|\n|t:|1700315477\n|move|p2a: Espathra|Stored Power|p1a: Volcarona\n|-damage|p1a: Volcarona|54\/100\n|move|p1a: Volcarona|Flamethrower|p2a: Espathra\n|-damage|p2a: Espathra|0 fnt\n|faint|p2a: Espathra\n|\n|upkeep\n|c| Weltwo|melhor que nd\n|c|\u2606Raiozin|n tinha oq fazer\n|\n|t:|1700315497\n|switch|p2a: Kommo-o|Kommo-o, M, tera:Steel|24\/100\n|turn|18\n|c| Weltwo|wtf bro\n|\n|t:|1700315509\n|move|p1a: Volcarona|Flamethrower|p2a: Kommo-o\n|-supereffective|p2a: Kommo-o\n|-damage|p2a: Kommo-o|0 fnt\n|faint|p2a: Kommo-o\n|\n|upkeep\n|\n|t:|1700315514\n|switch|p2a: Basculegion|Basculegion, M|100\/100\n|turn|19\n|c|\u2606Raiozin|adivinha\n|\n|t:|1700315522\n|move|p2a: Basculegion|Wave Crash|p1a: Volcarona\n|-supereffective|p1a: Volcarona\n|-damage|p1a: Volcarona|0 fnt\n|faint|p1a: Volcarona\n|-damage|p2a: Basculegion|85\/100|[from] Recoil\n|\n|upkeep\n|c| Weltwo|oq\n|\n|t:|1700315528\n|switch|p1a: Kingambit|Kingambit, M|100\/100\n|-activate|p1a: Kingambit|ability: Supreme Overlord\n|-start|p1a: Kingambit|fallen5|[silent]\n|turn|20\n|\n|t:|1700315538\n|move|p1a: Kingambit|Sucker Punch|p2a: Basculegion\n|-supereffective|p2a: Basculegion\n|-crit|p2a: Basculegion\n|-damage|p2a: Basculegion|0 fnt\n|faint|p2a: Basculegion\n|\n|win|Nikkc\n|raw|Nikkc's rating: 1092 &rarr; <strong>1121<\/strong><br \/>(+29 for winning)\n|raw|Raiozin's rating: 1135 &rarr; <strong>1107<\/strong><br \/>(-28 for losing)\n","uploadtime":1700315380,"views":14,"p1id":"nikkc","p2id":"raiozin","formatid":"gen9ubers","rating":1107,"private":0,"password":""}