{"id":"gen9ubers-1968077041","p1":"Shikki30","p2":"mo'aneko","format":"[Gen 9] Ubers","log":"|j|\u2606Shikki30\n|j|\u2606mo'aneko\n|t:|1697381897\n|gametype|singles\n|player|p1|Shikki30|hugh|\n|player|p2|mo'aneko|red|\n|teamsize|p1|6\n|teamsize|p2|6\n|gen|9\n|tier|[Gen 9] Ubers\n|rule|Sleep Clause Mod: Limit one foe put to sleep\n|rule|Species Clause: Limit one of each Pok\u00e9mon\n|rule|OHKO Clause: OHKO moves are banned\n|rule|Evasion Items Clause: Evasion items are banned\n|rule|Evasion Moves Clause: Evasion moves are banned\n|rule|Endless Battle Clause: Forcing endless battles is banned\n|rule|HP Percentage Mod: HP is shown in percentages\n|clearpoke\n|poke|p1|Mimikyu, F|\n|poke|p1|Gastrodon, F|\n|poke|p1|Goodra-Hisui, M|\n|poke|p1|Torkoal, M|\n|poke|p1|Zapdos|\n|poke|p1|Iron Valiant|\n|poke|p2|Enamorus, F|\n|poke|p2|Ceruledge, M|\n|poke|p2|Kyogre|\n|poke|p2|Zacian-*|\n|poke|p2|Iron Valiant|\n|poke|p2|Miraidon|\n|teampreview\n|\n|t:|1697381911\n|start\n|switch|p1a: Iron Valiant|Iron Valiant|100\/100\n|switch|p2a: Iron Valiant|Iron Valiant|100\/100\n|-enditem|p1a: Iron Valiant|Booster Energy\n|-activate|p1a: Iron Valiant|ability: Quark Drive|[fromitem]\n|-start|p1a: Iron Valiant|quarkdrivespe\n|turn|1\n|\n|t:|1697381934\n|move|p1a: Iron Valiant|Swords Dance|p1a: Iron Valiant\n|-boost|p1a: Iron Valiant|atk|2\n|move|p2a: Iron Valiant|Calm Mind|p2a: Iron Valiant\n|-boost|p2a: Iron Valiant|spa|1\n|-boost|p2a: Iron Valiant|spd|1\n|\n|upkeep\n|turn|2\n|\n|t:|1697381951\n|move|p1a: Iron Valiant|Encore|p2a: Iron Valiant\n|-start|p2a: Iron Valiant|Encore\n|move|p2a: Iron Valiant|Calm Mind|p2a: Iron Valiant\n|-boost|p2a: Iron Valiant|spa|1\n|-boost|p2a: Iron Valiant|spd|1\n|\n|upkeep\n|turn|3\n|\n|t:|1697381965\n|move|p1a: Iron Valiant|Close Combat|p2a: Iron Valiant\n|-resisted|p2a: Iron Valiant\n|-damage|p2a: Iron Valiant|24\/100\n|-unboost|p1a: Iron Valiant|def|1\n|-unboost|p1a: Iron Valiant|spd|1\n|move|p2a: Iron Valiant|Calm Mind|p2a: Iron Valiant\n|-boost|p2a: Iron Valiant|spa|1\n|-boost|p2a: Iron Valiant|spd|1\n|\n|-heal|p2a: Iron Valiant|30\/100|[from] item: Leftovers\n|upkeep\n|turn|4\n|\n|t:|1697381979\n|-end|p2a: Iron Valiant|Quark Drive|[silent]\n|switch|p2a: Kyogre|Kyogre|100\/100\n|-weather|RainDance|[from] ability: Drizzle|[of] p2a: Kyogre\n|move|p1a: Iron Valiant|Close Combat|p2a: Kyogre\n|-damage|p2a: Kyogre|0 fnt\n|-unboost|p1a: Iron Valiant|def|1\n|-unboost|p1a: Iron Valiant|spd|1\n|faint|p2a: Kyogre\n|\n|-weather|RainDance|[upkeep]\n|upkeep\n|\n|t:|1697381989\n|switch|p2a: Iron Valiant|Iron Valiant|30\/100\n|turn|5\n|\n|t:|1697382000\n|-end|p2a: Iron Valiant|Quark Drive|[silent]\n|switch|p2a: Ceruledge|Ceruledge, M|100\/100\n|move|p1a: Iron Valiant|Knock Off|p2a: Ceruledge\n|-supereffective|p2a: Ceruledge\n|-damage|p2a: Ceruledge|0 fnt\n|-enditem|p2a: Ceruledge|Charcoal|[from] move: Knock Off|[of] p1a: Iron Valiant\n|faint|p2a: Ceruledge\n|\n|-weather|RainDance|[upkeep]\n|upkeep\n|\n|t:|1697382011\n|switch|p2a: Miraidon|Miraidon|100\/100\n|-fieldstart|move: Electric Terrain|[from] ability: Hadron Engine|[of] p2a: Miraidon\n|turn|6\n|\n|t:|1697382018\n|move|p1a: Iron Valiant|Close Combat|p2a: Miraidon\n|-damage|p2a: Miraidon|0 fnt\n|-unboost|p1a: Iron Valiant|def|1\n|-unboost|p1a: Iron Valiant|spd|1\n|faint|p2a: Miraidon\n|\n|-weather|RainDance|[upkeep]\n|upkeep\n|\n|t:|1697382028\n|switch|p2a: Zacian|Zacian-Crowned|100\/100\n|-ability|p2a: Zacian|Intrepid Sword|boost\n|-boost|p2a: Zacian|atk|1\n|turn|7\n|\n|t:|1697382034\n|move|p1a: Iron Valiant|Close Combat|p2a: Zacian\n|-damage|p2a: Zacian|0 fnt\n|-unboost|p1a: Iron Valiant|def|1\n|-unboost|p1a: Iron Valiant|spd|1\n|faint|p2a: Zacian\n|\n|-weather|RainDance|[upkeep]\n|upkeep\n|c|\u2606mo'aneko|wow ok gg u won\n|c|\u2606mo'aneko|see u\n|-message|mo'aneko forfeited.\n|\n|win|Shikki30\n|l|\u2606mo'aneko\n","uploadtime":1697382079,"views":16,"p1id":"shikki30","p2id":"moaneko","formatid":"gen9ubers","rating":0,"private":0,"password":""}