{"id":"gen9ubers-1999155979","p1":"MonkeyManStan","p2":"zLayton","format":"[Gen 9] Ubers","log":"|j|\u2606MonkeyManStan\n|j|\u2606zLayton\n|t:|1701039304\n|gametype|singles\n|player|p1|MonkeyManStan|chili|\n|player|p2|zLayton|juan|\n|teamsize|p1|6\n|teamsize|p2|6\n|gen|9\n|tier|[Gen 9] Ubers\n|rule|Sleep Clause Mod: Limit one foe put to sleep\n|rule|Species Clause: Limit one of each Pok\u00e9mon\n|rule|OHKO Clause: OHKO moves are banned\n|rule|Evasion Items Clause: Evasion items are banned\n|rule|Evasion Moves Clause: Evasion moves are banned\n|rule|Endless Battle Clause: Forcing endless battles is banned\n|rule|HP Percentage Mod: HP is shown in percentages\n|clearpoke\n|poke|p1|Manaphy|\n|poke|p1|Politoed, M|\n|poke|p1|Tornadus-Therian, M|\n|poke|p1|Sliggoo-Hisui, M|\n|poke|p1|Kilowattrel, M|\n|poke|p1|Overqwil, F|\n|poke|p2|Rillaboom, F|\n|poke|p2|Sneasler, F|\n|poke|p2|Drifblim, F|\n|poke|p2|Empoleon, F|\n|poke|p2|Mamoswine, M|\n|poke|p2|Tauros, M|\n|teampreview\n|j| Seior\n|j| Quackborg\n|c| Seior|MY HORSE\n|c|\u2606MonkeyManStan|glhf!\n|c| Seior|u2\n|\n|t:|1701039415\n|start\n|switch|p1a: Bear|Politoed, M, shiny|100\/100\n|switch|p2a: Mamoswine|Mamoswine, M|100\/100\n|-weather|RainDance|[from] ability: Drizzle|[of] p1a: Bear\n|turn|1\n|j| TheOtakuOutcast\n|c| TheOtakuOutcast|is that\n|c| TheOtakuOutcast|MY HORSE?!?!?!??\n|j| TheJuicyJake\n|\n|t:|1701039558\n|switch|p1a: Ursa|Overqwil, F|100\/100\n|move|p2a: Mamoswine|Trailblaze|p1a: Ursa\n|-resisted|p1a: Ursa\n|-damage|p1a: Ursa|91\/100\n|-boost|p2a: Mamoswine|spe|1\n|\n|-weather|RainDance|[upkeep]\n|upkeep\n|turn|2\n|j| nedgyman\n|j| Swagadile\n|\n|t:|1701039611\n|move|p1a: Ursa|Liquidation|p2a: Mamoswine\n|-supereffective|p2a: Mamoswine\n|-enditem|p2a: Mamoswine|Passho Berry|[eat]\n|-enditem|p2a: Mamoswine|Passho Berry|[weaken]\n|-damage|p2a: Mamoswine|30\/100\n|move|p2a: Mamoswine|High Horsepower|p1a: Ursa\n|-supereffective|p1a: Ursa\n|-damage|p1a: Ursa|0 fnt\n|faint|p1a: Ursa\n|\n|-weather|RainDance|[upkeep]\n|upkeep\n|j| Vandenta\n|\n|t:|1701039636\n|switch|p1a: Pop|Tornadus-Therian, M, shiny|100\/100\n|turn|3\n|c| nedgyman|Who invited my man sliggoo\n|c|\u2606MonkeyManStan|me\n|c| Vandenta|That berry may be the difference\n|\n|t:|1701039674\n|switch|p1a: Tutter|Manaphy, shiny|100\/100\n|move|p2a: Mamoswine|Icicle Crash|p1a: Tutter\n|-resisted|p1a: Tutter\n|-damage|p1a: Tutter|83\/100\n|\n|-weather|RainDance|[upkeep]\n|-heal|p1a: Tutter|89\/100|[from] item: Leftovers\n|upkeep\n|turn|4\n|c| Swagadile|Berry good play\n|c| Seior|stfu\n|c| Quackborg|berry bad pun\n|c| Vandenta|Nah\n|c| Seior|yes or i dq you van\n|l| Vandenta\n|c| Seior|so choose wisely\n|c| Seior|BRO LEFT\n|c| Swagadile|Lol\n|c| Swagadile|playing no games\n|l| Swagadile\n|\n|t:|1701039792\n|move|p2a: Mamoswine|High Horsepower|p1a: Tutter\n|-damage|p1a: Tutter|54\/100\n|move|p1a: Tutter|Acid Armor|p1a: Tutter\n|-boost|p1a: Tutter|def|2\n|\n|-weather|RainDance|[upkeep]\n|-heal|p1a: Tutter|60\/100|[from] item: Leftovers\n|upkeep\n|turn|5\n|\n|t:|1701039802\n|switch|p2a: Empoleon|Empoleon, F|100\/100\n|move|p1a: Tutter|Rest|p1a: Tutter\n|-status|p1a: Tutter|slp|[from] move: Rest\n|-heal|p1a: Tutter|100\/100 slp|[silent]\n|\n|-weather|RainDance|[upkeep]\n|-activate|p1a: Tutter|ability: Hydration\n|-curestatus|p1a: Tutter|slp|[msg]\n|upkeep\n|turn|6\n|j| Swagadile\n|l| nedgyman\n|l| Swagadile\n|\n|t:|1701039891\n|switch|p1a: Pip|Kilowattrel, M|100\/100\n|move|p2a: Empoleon|Haze|p2a: Empoleon\n|-clearallboost\n|\n|-weather|RainDance|[upkeep]\n|upkeep\n|turn|7\n|c| Seior|GOOD ASS READ SHRONK\n|j| Swagadile\n|j| Vandenta\n|c| Seior|wash bro\n|c| Vandenta|I\u2019m back lol\n|c| Vandenta|It\u2019s still a no Baku\n|c| Vandenta|And I was saying nah to the berry joke not u\n|\n|t:|1701040010\n|switch|p2a: Mamoswine|Mamoswine, M|30\/100\n|move|p1a: Pip|U-turn|p2a: Mamoswine\n|-damage|p2a: Mamoswine|18\/100\n|l| Vandenta\n|l| Quackborg\n|c| Seior|READ HIM AGAIN SHRONK LESSGO\n|c| TheJuicyJake|Shronk finally reading at a fourth grade level. It might be curtains for Layton.\n|c| Seior|let him cook jake\n|c|\u2606zLayton|It might be jover for me\n|c| Seior|we dont need negative neds here\n|\n|t:|1701040096\n|switch|p1a: Pop|Tornadus-Therian, M, shiny|100\/100|[from] U-turn\n|\n|-weather|RainDance|[upkeep]\n|upkeep\n|turn|8\n|j| Pelaiini\n|c| Pelaiini|Small tusk is pretty good\n|c|\u2606MonkeyManStan|Medium Tusk\n|\n|t:|1701040153\n|move|p1a: Pop|Weather Ball|p2a: Mamoswine\n|-supereffective|p2a: Mamoswine\n|-damage|p2a: Mamoswine|0 fnt\n|faint|p2a: Mamoswine\n|\n|-weather|none\n|upkeep\n|c| TheJuicyJake|Nah bro that's hairy tusk\n|c| Seior|cold tusk\n|c| Seior|rotund tusk\n|\n|t:|1701040219\n|switch|p2a: Tauros|Tauros, M|100\/100\n|turn|9\n|c| Pelaiini|what is the name of that creature in english?\n|l| TheJuicyJake\n|c|\u2606zLayton|???????\n|c| Seior|??????\n|c| Swagadile|Bull\n|c| Pelaiini|the one that looks like a cow\n|c| Pelaiini|thank you\n|c|\u2606zLayton|lol\n|c| Seior|Aint no way\n|j| TheJuicyJake\n|c|\u2606zLayton|I'm completely confused\n|c| Pelaiini|obviously I was asking for the bull\n|c| Pelaiini|The other one is a bird\n|c|\u2606MonkeyManStan|Tauros\n|c| Seior|the name is right there\n|c| Pelaiini|It says tauros\n|c| Pelaiini|Not bull\n|c| TheJuicyJake|Thats toro bro\n|c| Swagadile|Don\u2019t worry I get you bro\n|c| Seior|no you don't\n|c| Pelaiini|are you human?\n|\n|t:|1701040434\n|move|p2a: Tauros|Rock Slide|p1a: Pop\n|-supereffective|p1a: Pop\n|-damage|p1a: Pop|26\/100\n|move|p1a: Pop|Focus Blast|p2a: Tauros\n|-supereffective|p2a: Tauros\n|-damage|p2a: Tauros|0 fnt\n|faint|p2a: Tauros\n|\n|upkeep\n|c| Swagadile|I am\n|c| Seior|THAT'S MY HORSE\n|c| TheJuicyJake|No need for a negative ned Baku\n|c|\u2606zLayton|damn\n|\n|t:|1701040488\n|switch|p2a: Rillaboom|Rillaboom, F|100\/100\n|-fieldstart|move: Grassy Terrain|[from] ability: Grassy Surge|[of] p2a: Rillaboom\n|turn|10\n|\n|t:|1701040559\n|switch|p1a: Treelo|Sliggoo-Hisui, M, shiny|100\/100\n|move|p2a: Rillaboom|Grassy Glide|p1a: Treelo\n|-ability|p1a: Treelo|Sap Sipper|boost\n|-boost|p1a: Treelo|atk|1\n|\n|upkeep\n|turn|11\n|\n|t:|1701040579\n|switch|p2a: Drifblim|Drifblim, F|100\/100\n|-enditem|p2a: Drifblim|Grassy Seed\n|-boost|p2a: Drifblim|def|1|[from] item: Grassy Seed\n|move|p1a: Treelo|Protect||[still]\n|-fail|p1a: Treelo\n|\n|upkeep\n|turn|12\n|l| Swagadile\n|\n|t:|1701040686\n|switch|p1a: Bear|Politoed, M, shiny|100\/100\n|-weather|RainDance|[from] ability: Drizzle|[of] p1a: Bear\n|move|p2a: Drifblim|Calm Mind|p2a: Drifblim\n|-boost|p2a: Drifblim|spa|1\n|-boost|p2a: Drifblim|spd|1\n|\n|-weather|RainDance|[upkeep]\n|upkeep\n|turn|13\n|l| TheJuicyJake\n|\n|t:|1701040735\n|move|p2a: Drifblim|Air Slash|p1a: Bear\n|-damage|p1a: Bear|58\/100\n|cant|p1a: Bear|flinch\n|\n|-weather|RainDance|[upkeep]\n|-heal|p1a: Bear|64\/100|[from] Grassy Terrain\n|upkeep\n|turn|14\n|\n|t:|1701040786\n|-terastallize|p1a: Bear|Steel\n|move|p2a: Drifblim|Air Slash|p1a: Bear\n|-resisted|p1a: Bear\n|-damage|p1a: Bear|44\/100\n|move|p1a: Bear|Haze|p1a: Bear\n|-clearallboost\n|\n|-weather|RainDance|[upkeep]\n|-heal|p1a: Bear|50\/100|[from] Grassy Terrain\n|-fieldend|move: Grassy Terrain\n|upkeep\n|turn|15\n|j| Swagadile\n|j| TheJuicyJake\n|l| TheJuicyJake\n|\n|t:|1701040928\n|switch|p1a: Pip|Kilowattrel, M|100\/100\n|move|p2a: Drifblim|Shadow Ball|p1a: Pip\n|-damage|p1a: Pip|34\/100\n|-unboost|p1a: Pip|spd|1\n|\n|-weather|RainDance|[upkeep]\n|upkeep\n|turn|16\n|j| Quackborg\n|j| TheJuicyJake\n|\n|t:|1701041087\n|-terastallize|p2a: Drifblim|Ground\n|move|p2a: Drifblim|Shadow Ball|p1a: Pip\n|-damage|p1a: Pip|0 fnt\n|faint|p1a: Pip\n|\n|-weather|RainDance|[upkeep]\n|upkeep\n|j| Vandenta\n|c| Pelaiini|What is the purpose of Juicy in your name jake\n|c|\u2606MonkeyManStan|he is juicy\n|l| TheJuicyJake\n|c|\u2606MonkeyManStan|duh\n|l| Vandenta\n|\n|t:|1701041176\n|switch|p1a: Tutter|Manaphy, shiny|100\/100\n|turn|17\n|\n|t:|1701041244\n|switch|p2a: Empoleon|Empoleon, F|100\/100\n|switch|p1a: Treelo|Sliggoo-Hisui, M, shiny|100\/100\n|\n|-weather|RainDance|[upkeep]\n|upkeep\n|turn|18\n|\n|t:|1701041412\n|switch|p2a: Rillaboom|Rillaboom, F|100\/100\n|-fieldstart|move: Grassy Terrain|[from] ability: Grassy Surge|[of] p2a: Rillaboom\n|move|p1a: Treelo|Protect||[still]\n|-fail|p1a: Treelo\n|\n|-weather|RainDance|[upkeep]\n|upkeep\n|turn|19\n|l| Swagadile\n|j| Swagadile\n|\n|t:|1701041544\n|move|p1a: Treelo|Protect|p1a: Treelo\n|-singleturn|p1a: Treelo|Protect\n|move|p2a: Rillaboom|U-turn|p1a: Treelo\n|-activate|p1a: Treelo|move: Protect\n|\n|-weather|none\n|upkeep\n|turn|20\n|l| Swagadile\n|\n|t:|1701041648\n|move|p2a: Rillaboom|U-turn|p1a: Treelo\n|-resisted|p1a: Treelo\n|-damage|p1a: Treelo|90\/100\n|\n|t:|1701041652\n|switch|p2a: Drifblim|Drifblim, F, tera:Ground|100\/100|[from] U-turn\n|move|p1a: Treelo|Life Dew|p1a: Treelo\n|-heal|p1a: Treelo|100\/100\n|\n|upkeep\n|turn|21\n|\n|t:|1701041798\n|switch|p1a: Bear|Politoed, M, shiny, tera:Steel|50\/100\n|-weather|RainDance|[from] ability: Drizzle|[of] p1a: Bear\n|move|p2a: Drifblim|Calm Mind|p2a: Drifblim\n|-boost|p2a: Drifblim|spa|1\n|-boost|p2a: Drifblim|spd|1\n|\n|-weather|RainDance|[upkeep]\n|-heal|p1a: Bear|56\/100|[from] Grassy Terrain\n|upkeep\n|turn|22\n|\n|t:|1701041855\n|move|p2a: Drifblim|Air Slash|p1a: Bear\n|-resisted|p1a: Bear\n|-damage|p1a: Bear|35\/100\n|move|p1a: Bear|Encore|p2a: Drifblim\n|-start|p2a: Drifblim|Encore\n|\n|-weather|RainDance|[upkeep]\n|-heal|p1a: Bear|41\/100|[from] Grassy Terrain\n|-fieldend|move: Grassy Terrain\n|upkeep\n|turn|23\n|c|\u2606zLayton|encore + haze\n|c|\u2606zLayton|wild\n|j| TheJuicyJake\n|l| Quackborg\n|j| Swagadile\n|j| Quackborg\n|c| TheJuicyJake|That's like half of politoeds moveset tbh\n|c| Quackborg|And does more damage than any of its attacks\n|c|\u2606zLayton|fair\n|\n|t:|1701042008\n|switch|p1a: Pop|Tornadus-Therian, M, shiny|60\/100\n|move|p2a: Drifblim|Air Slash|p1a: Pop\n|-damage|p1a: Pop|10\/100\n|\n|-weather|RainDance|[upkeep]\n|upkeep\n|turn|24\n|\n|t:|1701042050\n|switch|p1a: Bear|Politoed, M, shiny, tera:Steel|41\/100\n|move|p2a: Drifblim|Air Slash|p1a: Bear\n|-resisted|p1a: Bear\n|-damage|p1a: Bear|20\/100\n|\n|-weather|RainDance|[upkeep]\n|upkeep\n|turn|25\n|l| Quackborg\n|\n|t:|1701042071\n|move|p2a: Drifblim|Air Slash|p1a: Bear\n|-resisted|p1a: Bear\n|-damage|p1a: Bear|0 fnt\n|faint|p1a: Bear\n|\n|-weather|RainDance|[upkeep]\n|-end|p2a: Drifblim|Encore\n|upkeep\n|c|\u2606MonkeyManStan|well\n|c|\u2606MonkeyManStan|ggs?\n|c| TheJuicyJake|No shronk don't give up.\n|c|\u2606zLayton|I agree with Jake\n|c|\u2606MonkeyManStan|I quite frankly don't see a wincon here for me\n|c|\u2606MonkeyManStan|it's alright\n|c| Swagadile|It\u2019s not unburdened rn\n|c|\u2606zLayton|maybe it is pressure or smthing\n|c|\u2606zLayton|;(\n|c| TheJuicyJake|Literally I see more than one right now\n|c|\u2606MonkeyManStan|it's most definitely Unburdened\n|c|\u2606MonkeyManStan|lmfao\n|c| TheOtakuOutcast|shronk...\n|c|\u2606MonkeyManStan|ik the boost isn't on now\n|c| TheOtakuOutcast|unburden goes away after switching out\n|c|\u2606MonkeyManStan|am aware\n|j| Quackborg\n|\n|t:|1701042304\n|switch|p1a: Tutter|Manaphy, shiny|100\/100\n|turn|26\n|\n|t:|1701042331\n|switch|p2a: Empoleon|Empoleon, F|100\/100\n|move|p1a: Tutter|Take Heart|p1a: Tutter\n|-boost|p1a: Tutter|spa|1\n|-boost|p1a: Tutter|spd|1\n|\n|-weather|RainDance|[upkeep]\n|upkeep\n|turn|27\n|\n|t:|1701042359\n|switch|p1a: Pop|Tornadus-Therian, M, shiny|43\/100\n|move|p2a: Empoleon|Haze|p2a: Empoleon\n|-clearallboost\n|\n|-weather|RainDance|[upkeep]\n|upkeep\n|turn|28\n|c| TheJuicyJake|Damn actually fire play\n|c|\u2606zLayton|ye\n|\n|t:|1701042450\n|switch|p2a: Drifblim|Drifblim, F, tera:Ground|100\/100\n|move|p1a: Pop|Focus Blast|p2a: Drifblim|[miss]\n|-miss|p1a: Pop|p2a: Drifblim\n|\n|-weather|none\n|upkeep\n|turn|29\n|c|\u2606MonkeyManStan|makes sense\n|c|\u2606zLayton|No good play goes unpunished\n|\n|t:|1701042512\n|move|p1a: Pop|Nasty Plot|p1a: Pop\n|-boost|p1a: Pop|spa|2\n|move|p2a: Drifblim|Air Slash|p1a: Pop\n|-damage|p1a: Pop|5\/100\n|\n|upkeep\n|turn|30\n|\n|t:|1701042517\n|move|p1a: Pop|Focus Blast|p2a: Drifblim\n|-damage|p2a: Drifblim|12\/100\n|move|p2a: Drifblim|Air Slash|p1a: Pop\n|-damage|p1a: Pop|0 fnt\n|faint|p1a: Pop\n|\n|upkeep\n|\n|t:|1701042525\n|switch|p1a: Tutter|Manaphy, shiny|100\/100\n|turn|31\n|c|\u2606MonkeyManStan|tuff\n|\n|t:|1701042538\n|switch|p2a: Empoleon|Empoleon, F|100\/100\n|move|p1a: Tutter|Scald|p2a: Empoleon\n|-resisted|p2a: Empoleon\n|-damage|p2a: Empoleon|87\/100\n|\n|-heal|p2a: Empoleon|93\/100|[from] item: Leftovers\n|upkeep\n|turn|32\n|c| TheOtakuOutcast|why not hurricane?\n|\n|t:|1701042576\n|move|p1a: Tutter|Acid Armor|p1a: Tutter\n|-boost|p1a: Tutter|def|2\n|move|p2a: Empoleon|Ice Beam|p1a: Tutter\n|-resisted|p1a: Tutter\n|-damage|p1a: Tutter|89\/100\n|-status|p1a: Tutter|frz\n|\n|-heal|p1a: Tutter|95\/100 frz|[from] item: Leftovers\n|-heal|p2a: Empoleon|99\/100|[from] item: Leftovers\n|upkeep\n|turn|33\n|\n|t:|1701042587\n|cant|p1a: Tutter|frz\n|move|p2a: Empoleon|Haze|p2a: Empoleon\n|-clearallboost\n|\n|-heal|p1a: Tutter|100\/100 frz|[from] item: Leftovers\n|-heal|p2a: Empoleon|100\/100|[from] item: Leftovers\n|upkeep\n|turn|34\n|\n|t:|1701042599\n|switch|p2a: Rillaboom|Rillaboom, F|100\/100\n|-fieldstart|move: Grassy Terrain|[from] ability: Grassy Surge|[of] p2a: Rillaboom\n|cant|p1a: Tutter|frz\n|\n|upkeep\n|turn|35\n|c| Swagadile|Yo scald thaws\n|l| TheJuicyJake\n|\n|t:|1701042655\n|move|p2a: Rillaboom|Knock Off|p1a: Tutter\n|-damage|p1a: Tutter|63\/100 frz\n|-enditem|p1a: Tutter|Leftovers|[from] move: Knock Off|[of] p2a: Rillaboom\n|-curestatus|p1a: Tutter|frz|[from] move: Scald\n|move|p1a: Tutter|Scald|p2a: Rillaboom\n|-resisted|p2a: Rillaboom\n|-damage|p2a: Rillaboom|81\/100\n|\n|-heal|p2a: Rillaboom|87\/100|[from] Grassy Terrain\n|-heal|p1a: Tutter|69\/100|[from] Grassy Terrain\n|upkeep\n|turn|36\n|\n|t:|1701042664\n|switch|p2a: Empoleon|Empoleon, F|100\/100\n|move|p1a: Tutter|Acid Armor|p1a: Tutter\n|-boost|p1a: Tutter|def|2\n|\n|-heal|p1a: Tutter|75\/100|[from] Grassy Terrain\n|upkeep\n|turn|37\n|\n|t:|1701042675\n|move|p1a: Tutter|Scald|p2a: Empoleon\n|-resisted|p2a: Empoleon\n|-damage|p2a: Empoleon|87\/100\n|move|p2a: Empoleon|Haze|p2a: Empoleon\n|-clearallboost\n|\n|-heal|p1a: Tutter|81\/100|[from] Grassy Terrain\n|-heal|p2a: Empoleon|93\/100|[from] Grassy Terrain\n|-heal|p2a: Empoleon|99\/100|[from] item: Leftovers\n|upkeep\n|turn|38\n|\n|t:|1701042685\n|move|p1a: Tutter|Take Heart|p1a: Tutter\n|-boost|p1a: Tutter|spa|1\n|-boost|p1a: Tutter|spd|1\n|move|p2a: Empoleon|Ice Beam|p1a: Tutter\n|-resisted|p1a: Tutter\n|-damage|p1a: Tutter|73\/100\n|\n|-heal|p1a: Tutter|79\/100|[from] Grassy Terrain\n|-heal|p2a: Empoleon|100\/100|[from] Grassy Terrain\n|-fieldend|move: Grassy Terrain\n|upkeep\n|turn|39\n|\n|t:|1701042691\n|move|p1a: Tutter|Scald|p2a: Empoleon\n|-resisted|p2a: Empoleon\n|-damage|p2a: Empoleon|81\/100\n|move|p2a: Empoleon|Haze|p2a: Empoleon\n|-clearallboost\n|\n|-heal|p2a: Empoleon|87\/100|[from] item: Leftovers\n|upkeep\n|turn|40\n|\n|t:|1701042698\n|move|p1a: Tutter|Take Heart|p1a: Tutter\n|-boost|p1a: Tutter|spa|1\n|-boost|p1a: Tutter|spd|1\n|move|p2a: Empoleon|Ice Beam|p1a: Tutter\n|-resisted|p1a: Tutter\n|-damage|p1a: Tutter|70\/100\n|\n|-heal|p2a: Empoleon|94\/100|[from] item: Leftovers\n|upkeep\n|turn|41\n|\n|t:|1701042700\n|move|p1a: Tutter|Scald|p2a: Empoleon\n|-resisted|p2a: Empoleon\n|-damage|p2a: Empoleon|72\/100\n|move|p2a: Empoleon|Haze|p2a: Empoleon\n|-clearallboost\n|\n|-heal|p2a: Empoleon|79\/100|[from] item: Leftovers\n|upkeep\n|turn|42\n|\n|t:|1701042709\n|move|p1a: Tutter|Take Heart|p1a: Tutter\n|-boost|p1a: Tutter|spa|1\n|-boost|p1a: Tutter|spd|1\n|move|p2a: Empoleon|Ice Beam|p1a: Tutter\n|-resisted|p1a: Tutter\n|-damage|p1a: Tutter|62\/100\n|\n|-heal|p2a: Empoleon|85\/100|[from] item: Leftovers\n|upkeep\n|turn|43\n|\n|t:|1701042710\n|move|p1a: Tutter|Scald|p2a: Empoleon\n|-resisted|p2a: Empoleon\n|-damage|p2a: Empoleon|65\/100\n|-status|p2a: Empoleon|brn\n|move|p2a: Empoleon|Haze|p2a: Empoleon\n|-clearallboost\n|\n|-heal|p2a: Empoleon|71\/100 brn|[from] item: Leftovers\n|-damage|p2a: Empoleon|65\/100 brn|[from] brn\n|upkeep\n|turn|44\n|c| Seior|get burnt already\n|\n|t:|1701042726\n|move|p1a: Tutter|Take Heart|p1a: Tutter\n|-boost|p1a: Tutter|spa|1\n|-boost|p1a: Tutter|spd|1\n|move|p2a: Empoleon|Ice Beam|p1a: Tutter\n|-resisted|p1a: Tutter\n|-damage|p1a: Tutter|54\/100\n|-status|p1a: Tutter|frz\n|\n|-heal|p2a: Empoleon|71\/100 brn|[from] item: Leftovers\n|-damage|p2a: Empoleon|65\/100 brn|[from] brn\n|upkeep\n|turn|45\n|\n|t:|1701042729\n|-curestatus|p1a: Tutter|frz|[from] move: Scald\n|move|p1a: Tutter|Scald|p2a: Empoleon\n|-resisted|p2a: Empoleon\n|-damage|p2a: Empoleon|45\/100 brn\n|move|p2a: Empoleon|Haze|p2a: Empoleon\n|-clearallboost\n|\n|-heal|p2a: Empoleon|51\/100 brn|[from] item: Leftovers\n|-damage|p2a: Empoleon|45\/100 brn|[from] brn\n|upkeep\n|turn|46\n|c| Seior|finally scald burns\n|\n|t:|1701042734\n|move|p1a: Tutter|Take Heart|p1a: Tutter\n|-boost|p1a: Tutter|spa|1\n|-boost|p1a: Tutter|spd|1\n|move|p2a: Empoleon|Roost|p2a: Empoleon\n|-heal|p2a: Empoleon|95\/100 brn\n|-singleturn|p2a: Empoleon|move: Roost\n|\n|-heal|p2a: Empoleon|100\/100 brn|[from] item: Leftovers\n|-damage|p2a: Empoleon|94\/100 brn|[from] brn\n|upkeep\n|turn|47\n|c|\u2606MonkeyManStan|LOL\n|\n|t:|1701042754\n|move|p1a: Tutter|Scald|p2a: Empoleon\n|-resisted|p2a: Empoleon\n|-damage|p2a: Empoleon|73\/100 brn\n|move|p2a: Empoleon|Haze|p2a: Empoleon\n|-clearallboost\n|\n|-heal|p2a: Empoleon|80\/100 brn|[from] item: Leftovers\n|-damage|p2a: Empoleon|73\/100 brn|[from] brn\n|upkeep\n|turn|48\n|\n|t:|1701042759\n|move|p1a: Tutter|Take Heart|p1a: Tutter\n|-boost|p1a: Tutter|spa|1\n|-boost|p1a: Tutter|spd|1\n|move|p2a: Empoleon|Ice Beam|p1a: Tutter\n|-resisted|p1a: Tutter\n|-damage|p1a: Tutter|46\/100\n|\n|-heal|p2a: Empoleon|80\/100 brn|[from] item: Leftovers\n|-damage|p2a: Empoleon|73\/100 brn|[from] brn\n|upkeep\n|turn|49\n|\n|t:|1701042761\n|move|p1a: Tutter|Scald|p2a: Empoleon\n|-resisted|p2a: Empoleon\n|-damage|p2a: Empoleon|52\/100 brn\n|move|p2a: Empoleon|Haze|p2a: Empoleon\n|-clearallboost\n|\n|-heal|p2a: Empoleon|59\/100 brn|[from] item: Leftovers\n|-damage|p2a: Empoleon|52\/100 brn|[from] brn\n|upkeep\n|turn|50\n|\n|t:|1701042764\n|move|p1a: Tutter|Take Heart|p1a: Tutter\n|-boost|p1a: Tutter|spa|1\n|-boost|p1a: Tutter|spd|1\n|move|p2a: Empoleon|Ice Beam|p1a: Tutter\n|-resisted|p1a: Tutter\n|-damage|p1a: Tutter|37\/100\n|\n|-heal|p2a: Empoleon|59\/100 brn|[from] item: Leftovers\n|-damage|p2a: Empoleon|52\/100 brn|[from] brn\n|upkeep\n|turn|51\n|\n|t:|1701042766\n|move|p1a: Tutter|Scald|p2a: Empoleon\n|-resisted|p2a: Empoleon\n|-damage|p2a: Empoleon|33\/100 brn\n|move|p2a: Empoleon|Haze|p2a: Empoleon\n|-clearallboost\n|\n|-heal|p2a: Empoleon|40\/100 brn|[from] item: Leftovers\n|-damage|p2a: Empoleon|33\/100 brn|[from] brn\n|upkeep\n|turn|52\n|\n|t:|1701042776\n|move|p1a: Tutter|Take Heart|p1a: Tutter\n|-boost|p1a: Tutter|spa|1\n|-boost|p1a: Tutter|spd|1\n|move|p2a: Empoleon|Roost|p2a: Empoleon\n|-heal|p2a: Empoleon|84\/100 brn\n|-singleturn|p2a: Empoleon|move: Roost\n|\n|-heal|p2a: Empoleon|90\/100 brn|[from] item: Leftovers\n|-damage|p2a: Empoleon|84\/100 brn|[from] brn\n|upkeep\n|turn|53\n|\n|t:|1701042781\n|move|p1a: Tutter|Scald|p2a: Empoleon\n|-resisted|p2a: Empoleon\n|-damage|p2a: Empoleon|64\/100 brn\n|move|p2a: Empoleon|Haze|p2a: Empoleon\n|-clearallboost\n|\n|-heal|p2a: Empoleon|70\/100 brn|[from] item: Leftovers\n|-damage|p2a: Empoleon|64\/100 brn|[from] brn\n|upkeep\n|turn|54\n|l| Swagadile\n|c|\u2606MonkeyManStan|just kill me off bro lmao\n|c| TheOtakuOutcast|...\n|\n|t:|1701042831\n|move|p1a: Tutter|Take Heart|p1a: Tutter\n|-boost|p1a: Tutter|spa|1\n|-boost|p1a: Tutter|spd|1\n|move|p2a: Empoleon|Ice Beam|p1a: Tutter\n|-resisted|p1a: Tutter\n|-damage|p1a: Tutter|29\/100\n|\n|-heal|p2a: Empoleon|70\/100 brn|[from] item: Leftovers\n|-damage|p2a: Empoleon|64\/100 brn|[from] brn\n|upkeep\n|turn|55\n|\n|t:|1701042836\n|move|p1a: Tutter|Scald|p2a: Empoleon\n|-resisted|p2a: Empoleon\n|-damage|p2a: Empoleon|44\/100 brn\n|move|p2a: Empoleon|Haze|p2a: Empoleon\n|-clearallboost\n|\n|-heal|p2a: Empoleon|50\/100 brn|[from] item: Leftovers\n|-damage|p2a: Empoleon|44\/100 brn|[from] brn\n|upkeep\n|turn|56\n|\n|t:|1701042852\n|switch|p2a: Rillaboom|Rillaboom, F|87\/100\n|-fieldstart|move: Grassy Terrain|[from] ability: Grassy Surge|[of] p2a: Rillaboom\n|move|p1a: Tutter|Rest|p1a: Tutter\n|-status|p1a: Tutter|slp|[from] move: Rest\n|-heal|p1a: Tutter|100\/100 slp|[silent]\n|\n|-heal|p2a: Rillaboom|93\/100|[from] Grassy Terrain\n|upkeep\n|turn|57\n|\n|t:|1701042888\n|move|p2a: Rillaboom|High Horsepower|p1a: Tutter\n|-damage|p1a: Tutter|66\/100 slp\n|cant|p1a: Tutter|slp\n|\n|-heal|p2a: Rillaboom|99\/100|[from] Grassy Terrain\n|-heal|p1a: Tutter|72\/100 slp|[from] Grassy Terrain\n|upkeep\n|turn|58\n|\n|t:|1701042896\n|move|p2a: Rillaboom|High Horsepower|p1a: Tutter\n|-damage|p1a: Tutter|37\/100 slp\n|cant|p1a: Tutter|slp\n|\n|-heal|p2a: Rillaboom|100\/100|[from] Grassy Terrain\n|-heal|p1a: Tutter|43\/100 slp|[from] Grassy Terrain\n|upkeep\n|turn|59\n|\n|t:|1701042901\n|move|p2a: Rillaboom|High Horsepower|p1a: Tutter\n|-damage|p1a: Tutter|8\/100 slp\n|-curestatus|p1a: Tutter|slp|[msg]\n|move|p1a: Tutter|Acid Armor|p1a: Tutter\n|-boost|p1a: Tutter|def|2\n|\n|-heal|p1a: Tutter|14\/100|[from] Grassy Terrain\n|upkeep\n|turn|60\n|\n|t:|1701042909\n|move|p2a: Rillaboom|High Horsepower|p1a: Tutter\n|-damage|p1a: Tutter|0 fnt\n|faint|p1a: Tutter\n|\n|-fieldend|move: Grassy Terrain\n|upkeep\n|\n|t:|1701042911\n|switch|p1a: Treelo|Sliggoo-Hisui, M, shiny|100\/100\n|turn|61\n|c|\u2606MonkeyManStan|ggs\n|c|\u2606zLayton|gg\n|\n|t:|1701042917\n|move|p2a: Rillaboom|High Horsepower|p1a: Treelo\n|-supereffective|p1a: Treelo\n|-damage|p1a: Treelo|35\/100\n|move|p1a: Treelo|Counter|p2a: Rillaboom\n|-damage|p2a: Rillaboom|0 fnt\n|faint|p2a: Rillaboom\n|\n|upkeep\n|l| Seior\n|\n|t:|1701042931\n|switch|p2a: Sneasler|Sneasler, F|100\/100\n|turn|62\n|\n|t:|1701042940\n|move|p2a: Sneasler|Close Combat|p1a: Treelo\n|-supereffective|p1a: Treelo\n|-damage|p1a: Treelo|0 fnt\n|-unboost|p2a: Sneasler|def|1\n|-unboost|p2a: Sneasler|spd|1\n|faint|p1a: Treelo\n|\n|win|zLayton\n|l| TheOtakuOutcast\n","uploadtime":1701042946,"views":20,"p1id":"monkeymanstan","p2id":"zlayton","formatid":"gen9ubers","rating":0,"private":0,"password":""}