{"id":"gen9ubers-1979928537","p1":"la viuda alegre","p2":"USuckULost","format":"[Gen 9] Ubers","log":"|j|\u2606la viuda alegre\n|j|\u2606USuckULost\n|t:|1698731100\n|gametype|singles\n|player|p1|la viuda alegre|teacher|1073\n|player|p2|USuckULost|alec-anime|1130\n|teamsize|p1|6\n|teamsize|p2|6\n|gen|9\n|tier|[Gen 9] Ubers\n|rated|\n|rule|Sleep Clause Mod: Limit one foe put to sleep\n|rule|Species Clause: Limit one of each Pok\u00e9mon\n|rule|OHKO Clause: OHKO moves are banned\n|rule|Evasion Items Clause: Evasion items are banned\n|rule|Evasion Moves Clause: Evasion moves are banned\n|rule|Endless Battle Clause: Forcing endless battles is banned\n|rule|HP Percentage Mod: HP is shown in percentages\n|clearpoke\n|poke|p1|Flutter Mane|\n|poke|p1|Grimmsnarl, M|\n|poke|p1|Arceus|\n|poke|p1|Miraidon|\n|poke|p1|Hatterene, F|\n|poke|p1|Quagsire, F|\n|poke|p2|Ursaluna-Bloodmoon, M|\n|poke|p2|Weavile, M|\n|poke|p2|Ribombee, M|\n|poke|p2|Gholdengo|\n|poke|p2|Dragonite, F|\n|poke|p2|Iron Valiant|\n|teampreview\n|inactive|Battle timer is ON: inactive players will automatically lose when time's up. (requested by la viuda alegre)\n|\n|t:|1698731104\n|start\n|switch|p1a: rebotitos|Hatterene, F, shiny|100\/100\n|switch|p2a: Ribombee|Ribombee, M, shiny|100\/100\n|turn|1\n|\n|t:|1698731128\n|switch|p2a: Gholdengo|Gholdengo, shiny|100\/100\n|move|p1a: rebotitos|Trick|p2a: Gholdengo\n|-immune|p2a: Gholdengo|[from] ability: Good as Gold\n|\n|upkeep\n|turn|2\n|\n|t:|1698731135\n|switch|p1a: molestio|Grimmsnarl, M|100\/100\n|move|p2a: Gholdengo|Shadow Ball|p1a: molestio\n|-resisted|p1a: molestio\n|-damage|p1a: molestio|78\/100\n|\n|upkeep\n|turn|3\n|\n|t:|1698731142\n|switch|p2a: Ribombee|Ribombee, M, shiny|100\/100\n|move|p1a: molestio|Light Screen|p1a: molestio\n|-sidestart|p1: la viuda alegre|move: Light Screen\n|\n|upkeep\n|turn|4\n|\n|t:|1698731148\n|move|p1a: molestio|Taunt|p2a: Ribombee\n|-start|p2a: Ribombee|move: Taunt\n|cant|p2a: Ribombee|move: Taunt|Sticky Web\n|\n|upkeep\n|turn|5\n|\n|t:|1698731153\n|move|p1a: molestio|Reflect|p1a: molestio\n|-sidestart|p1: la viuda alegre|Reflect\n|move|p2a: Ribombee|Moonblast|p1a: molestio\n|-supereffective|p1a: molestio\n|-damage|p1a: molestio|32\/100\n|\n|upkeep\n|turn|6\n|\n|t:|1698731159\n|move|p1a: molestio|Parting Shot|p2a: Ribombee\n|-unboost|p2a: Ribombee|atk|1\n|-unboost|p2a: Ribombee|spa|1\n|\n|t:|1698731162\n|switch|p1a: no lo dejes crecer|Arceus|100\/100|[from] Parting Shot\n|move|p2a: Ribombee|Moonblast|p1a: no lo dejes crecer\n|-crit|p1a: no lo dejes crecer\n|-damage|p1a: no lo dejes crecer|53\/100\n|\n|-end|p2a: Ribombee|move: Taunt\n|upkeep\n|turn|7\n|\n|t:|1698731172\n|move|p2a: Ribombee|Sticky Web|p1a: no lo dejes crecer\n|-sidestart|p1: la viuda alegre|move: Sticky Web\n|move|p1a: no lo dejes crecer|Cosmic Power|p1a: no lo dejes crecer\n|-boost|p1a: no lo dejes crecer|def|1\n|-boost|p1a: no lo dejes crecer|spd|1\n|\n|upkeep\n|turn|8\n|\n|t:|1698731178\n|move|p2a: Ribombee|Moonblast|p1a: no lo dejes crecer\n|-damage|p1a: no lo dejes crecer|46\/100\n|-unboost|p1a: no lo dejes crecer|spa|1\n|move|p1a: no lo dejes crecer|Recover|p1a: no lo dejes crecer\n|-heal|p1a: no lo dejes crecer|96\/100\n|\n|upkeep\n|turn|9\n|j| kkhgtinn\n|l| kkhgtinn\n|\n|t:|1698731189\n|move|p2a: Ribombee|Moonblast|p1a: no lo dejes crecer\n|-damage|p1a: no lo dejes crecer|89\/100\n|move|p1a: no lo dejes crecer|Cosmic Power|p1a: no lo dejes crecer\n|-boost|p1a: no lo dejes crecer|def|1\n|-boost|p1a: no lo dejes crecer|spd|1\n|\n|upkeep\n|turn|10\n|\n|t:|1698731196\n|move|p2a: Ribombee|Quiver Dance|p2a: Ribombee\n|-boost|p2a: Ribombee|spa|1\n|-boost|p2a: Ribombee|spd|1\n|-boost|p2a: Ribombee|spe|1\n|move|p1a: no lo dejes crecer|Cosmic Power|p1a: no lo dejes crecer\n|-boost|p1a: no lo dejes crecer|def|1\n|-boost|p1a: no lo dejes crecer|spd|1\n|\n|-sideend|p1: la viuda alegre|move: Light Screen\n|upkeep\n|turn|11\n|\n|t:|1698731205\n|move|p1a: no lo dejes crecer|Extreme Speed|p2a: Ribombee\n|-damage|p2a: Ribombee|19\/100\n|move|p2a: Ribombee|Quiver Dance|p2a: Ribombee\n|-boost|p2a: Ribombee|spa|1\n|-boost|p2a: Ribombee|spd|1\n|-boost|p2a: Ribombee|spe|1\n|\n|upkeep\n|turn|12\n|\n|t:|1698731216\n|-terastallize|p2a: Ribombee|Ghost\n|move|p2a: Ribombee|Moonblast|p1a: no lo dejes crecer\n|-damage|p1a: no lo dejes crecer|71\/100\n|move|p1a: no lo dejes crecer|Cosmic Power|p1a: no lo dejes crecer\n|-boost|p1a: no lo dejes crecer|def|1\n|-boost|p1a: no lo dejes crecer|spd|1\n|\n|-sideend|p1: la viuda alegre|Reflect\n|upkeep\n|turn|13\n|\n|t:|1698731226\n|move|p2a: Ribombee|Moonblast|p1a: no lo dejes crecer\n|-damage|p1a: no lo dejes crecer|57\/100\n|move|p1a: no lo dejes crecer|Recover|p1a: no lo dejes crecer\n|-heal|p1a: no lo dejes crecer|100\/100\n|\n|upkeep\n|turn|14\n|-message|USuckULost forfeited.\n|\n|win|la viuda alegre\n|raw|la viuda alegre's rating: 1073 &rarr; <strong>1107<\/strong><br \/>(+34 for winning)\n|raw|USuckULost's rating: 1130 &rarr; <strong>1101<\/strong><br \/>(-29 for losing)\n|l|\u2606USuckULost\n","uploadtime":1698731238,"views":10,"p1id":"laviudaalegre","p2id":"usuckulost","formatid":"gen9ubers","rating":1101,"private":0,"password":""}