{"id":"gen9ubers-1982258451","p1":"vespyyy","p2":"ShadowblazinAceP","format":"[Gen 9] Ubers","log":"|j|\u2606vespyyy\n|j|\u2606ShadowblazinAceP\n|t:|1698985648\n|gametype|singles\n|player|p1|vespyyy|juggler|\n|player|p2|ShadowblazinAceP|ghetsis|\n|teamsize|p1|6\n|teamsize|p2|6\n|gen|9\n|tier|[Gen 9] Ubers\n|rule|Sleep Clause Mod: Limit one foe put to sleep\n|rule|Species Clause: Limit one of each Pok\u00e9mon\n|rule|OHKO Clause: OHKO moves are banned\n|rule|Evasion Items Clause: Evasion items are banned\n|rule|Evasion Moves Clause: Evasion moves are banned\n|rule|Endless Battle Clause: Forcing endless battles is banned\n|rule|HP Percentage Mod: HP is shown in percentages\n|clearpoke\n|poke|p1|Arceus-Dark|\n|poke|p1|Dondozo, F|\n|poke|p1|Blissey, F|\n|poke|p1|Cresselia, F|\n|poke|p1|Giratina|\n|poke|p1|Magearna|\n|poke|p2|Cyclizar, M|\n|poke|p2|Espathra, F|\n|poke|p2|Zacian-*|\n|poke|p2|Arceus-Fighting|\n|poke|p2|Magearna|\n|poke|p2|Ogerpon-Wellspring, F|\n|teampreview\n|c|\u2606ShadowblazinAceP|gl hf\n|j| Laza_beam\n|c|\u2606vespyyy|I clicked the wrong team\n|c|\u2606vespyyy|Fuck\n|\n|t:|1698985693\n|start\n|switch|p1a: Magearna|Magearna|100\/100\n|switch|p2a: Cyclizar|Cyclizar, M|100\/100\n|turn|1\n|j| Patreese\n|\n|t:|1698985734\n|move|p2a: Cyclizar|Shed Tail|p2a: Cyclizar\n|-start|p2a: Cyclizar|Substitute|[from] move: Shed Tail\n|-damage|p2a: Cyclizar|50\/100\n|\n|t:|1698985748\n|switch|p2a: Espathra|Espathra, F|100\/100|[from] Shed Tail\n|move|p1a: Magearna|Spikes|p2a: Espathra\n|-sidestart|p2: ShadowblazinAceP|Spikes\n|\n|upkeep\n|turn|2\n|\n|t:|1698985753\n|switch|p1a: Giratina|Giratina|100\/100\n|-ability|p1a: Giratina|Pressure\n|move|p2a: Espathra|Calm Mind|p2a: Espathra\n|-boost|p2a: Espathra|spa|1\n|-boost|p2a: Espathra|spd|1\n|\n|-ability|p2a: Espathra|Speed Boost|boost\n|-boost|p2a: Espathra|spe|1\n|upkeep\n|turn|3\n|\n|t:|1698985783\n|move|p2a: Espathra|Dazzling Gleam|p1a: Giratina\n|-supereffective|p1a: Giratina\n|-damage|p1a: Giratina|71\/100\n|move|p1a: Giratina|Roar|p2a: Espathra\n|drag|p2a: Zacian|Zacian|100\/100\n|-damage|p2a: Zacian|88\/100|[from] Spikes\n|-ability|p2a: Zacian|Intrepid Sword|boost\n|-boost|p2a: Zacian|atk|1\n|\n|upkeep\n|turn|4\n|\n|t:|1698985819\n|switch|p2a: Ogerpon|Ogerpon-Wellspring, F|100\/100\n|-damage|p2a: Ogerpon|88\/100|[from] Spikes\n|switch|p1a: Dondozo|Dondozo, F|100\/100\n|\n|upkeep\n|turn|5\n|\n|t:|1698985825\n|switch|p1a: Giratina|Giratina|71\/100\n|-ability|p1a: Giratina|Pressure\n|move|p2a: Ogerpon|Horn Leech|p1a: Giratina\n|-resisted|p1a: Giratina\n|-damage|p1a: Giratina|61\/100\n|-heal|p2a: Ogerpon|97\/100|[from] drain|[of] p1a: Giratina\n|\n|upkeep\n|turn|6\n|\n|t:|1698985832\n|move|p2a: Ogerpon|Play Rough|p1a: Giratina\n|-supereffective|p1a: Giratina\n|-damage|p1a: Giratina|31\/100\n|-unboost|p1a: Giratina|atk|1\n|move|p1a: Giratina|Roar|p2a: Ogerpon\n|drag|p2a: Magearna|Magearna|100\/100\n|-damage|p2a: Magearna|88\/100|[from] Spikes\n|\n|upkeep\n|turn|7\n|\n|t:|1698985846\n|switch|p1a: Cresselia|Cresselia, F|100\/100\n|move|p2a: Magearna|Draining Kiss|p1a: Cresselia\n|-damage|p1a: Cresselia|87\/100\n|-heal|p2a: Magearna|99\/100|[from] drain|[of] p1a: Cresselia\n|\n|-heal|p1a: Cresselia|94\/100|[from] item: Leftovers\n|upkeep\n|turn|8\n|\n|t:|1698985860\n|switch|p2a: Ogerpon|Ogerpon-Wellspring, F|97\/100\n|-damage|p2a: Ogerpon|84\/100|[from] Spikes\n|move|p1a: Cresselia|Calm Mind|p1a: Cresselia\n|-boost|p1a: Cresselia|spa|1\n|-boost|p1a: Cresselia|spd|1\n|\n|-heal|p1a: Cresselia|99\/100|[from] item: Leftovers\n|upkeep\n|turn|9\n|\n|t:|1698985876\n|switch|p1a: Magearna|Magearna|100\/100\n|move|p2a: Ogerpon|Encore||[still]\n|-fail|p2a: Ogerpon\n|\n|upkeep\n|turn|10\n|\n|t:|1698985908\n|switch|p2a: Arceus|Arceus-Fighting|100\/100\n|-damage|p2a: Arceus|88\/100|[from] Spikes\n|move|p1a: Magearna|Thunder Wave|p2a: Arceus\n|-status|p2a: Arceus|par\n|\n|upkeep\n|turn|11\n|\n|t:|1698985914\n|cant|p2a: Arceus|par\n|move|p1a: Magearna|Fleur Cannon|p2a: Arceus\n|-supereffective|p2a: Arceus\n|-damage|p2a: Arceus|15\/100 par\n|-unboost|p1a: Magearna|spa|2\n|\n|upkeep\n|turn|12\n|\n|t:|1698985921\n|switch|p2a: Magearna|Magearna|99\/100\n|-damage|p2a: Magearna|88\/100|[from] Spikes\n|move|p1a: Magearna|Fleur Cannon|p2a: Magearna\n|-resisted|p2a: Magearna\n|-damage|p2a: Magearna|76\/100\n|-unboost|p1a: Magearna|spa|2\n|\n|upkeep\n|turn|13\n|\n|t:|1698985937\n|switch|p2a: Arceus|Arceus-Fighting|15\/100 par\n|-damage|p2a: Arceus|3\/100 par|[from] Spikes\n|switch|p1a: Cresselia|Cresselia, F|99\/100\n|\n|-heal|p1a: Cresselia|100\/100|[from] item: Leftovers\n|upkeep\n|turn|14\n|\n|t:|1698985944\n|move|p1a: Cresselia|Calm Mind|p1a: Cresselia\n|-boost|p1a: Cresselia|spa|1\n|-boost|p1a: Cresselia|spd|1\n|move|p2a: Arceus|Recover|p2a: Arceus\n|-heal|p2a: Arceus|53\/100 par\n|\n|upkeep\n|turn|15\n|\n|t:|1698985948\n|switch|p2a: Ogerpon|Ogerpon-Wellspring, F|84\/100\n|-damage|p2a: Ogerpon|72\/100|[from] Spikes\n|move|p1a: Cresselia|Calm Mind|p1a: Cresselia\n|-boost|p1a: Cresselia|spa|1\n|-boost|p1a: Cresselia|spd|1\n|\n|upkeep\n|turn|16\n|\n|t:|1698985956\n|switch|p1a: Magearna|Magearna|100\/100\n|move|p2a: Ogerpon|Ivy Cudgel|p1a: Magearna\n|-damage|p1a: Magearna|55\/100\n|\n|-heal|p1a: Magearna|61\/100|[from] item: Leftovers\n|upkeep\n|turn|17\n|\n|t:|1698985992\n|-terastallize|p2a: Ogerpon|Water\n|detailschange|p2a: Ogerpon|Ogerpon-Wellspring-Tera, F, tera:Water\n|-ability|p2a: Ogerpon|Embody Aspect (Wellspring)|boost\n|-boost|p2a: Ogerpon|spd|1\n|move|p2a: Ogerpon|Ivy Cudgel|p1a: Magearna\n|-crit|p1a: Magearna\n|-damage|p1a: Magearna|0 fnt\n|faint|p1a: Magearna\n|\n|upkeep\n|\n|t:|1698985997\n|switch|p1a: Arceus|Arceus-Dark|100\/100\n|turn|18\n|\n|t:|1698986003\n|move|p2a: Ogerpon|Ivy Cudgel|p1a: Arceus\n|-damage|p1a: Arceus|59\/100\n|move|p1a: Arceus|Will-O-Wisp|p2a: Ogerpon\n|-status|p2a: Ogerpon|brn\n|\n|-damage|p2a: Ogerpon|66\/100 brn|[from] brn\n|upkeep\n|turn|19\n|\n|t:|1698986013\n|move|p2a: Ogerpon|Ivy Cudgel|p1a: Arceus\n|-damage|p1a: Arceus|40\/100\n|move|p1a: Arceus|Recover|p1a: Arceus\n|-heal|p1a: Arceus|90\/100\n|\n|-damage|p2a: Ogerpon|60\/100 brn|[from] brn\n|upkeep\n|turn|20\n|\n|t:|1698986018\n|switch|p2a: Arceus|Arceus-Fighting|53\/100 par\n|-damage|p2a: Arceus|40\/100 par|[from] Spikes\n|move|p1a: Arceus|Foul Play|p2a: Arceus\n|-resisted|p2a: Arceus\n|-damage|p2a: Arceus|29\/100 par\n|\n|upkeep\n|turn|21\n|\n|t:|1698986022\n|switch|p1a: Cresselia|Cresselia, F|100\/100\n|cant|p2a: Arceus|par\n|\n|upkeep\n|turn|22\n|\n|t:|1698986026\n|move|p1a: Cresselia|Moonlight|p1a: Cresselia\n|-fail|p1a: Cresselia|heal\n|cant|p2a: Arceus|par\n|\n|upkeep\n|turn|23\n|\n|t:|1698986030\n|move|p1a: Cresselia|Moonblast|p2a: Arceus\n|-supereffective|p2a: Arceus\n|-damage|p2a: Arceus|6\/100 par\n|move|p2a: Arceus|Healing Wish|p2a: Arceus\n|faint|p2a: Arceus\n|\n|upkeep\n|\n|t:|1698986035\n|switch|p2a: Ogerpon|Ogerpon-Wellspring-Tera, F, tera:Water|60\/100 brn\n|-heal|p2a: Ogerpon|100\/100|[from] move: Healing Wish\n|-damage|p2a: Ogerpon|88\/100|[from] Spikes\n|-ability|p2a: Ogerpon|Embody Aspect (Wellspring)|boost\n|-boost|p2a: Ogerpon|spd|1\n|turn|24\n|\n|t:|1698986045\n|switch|p1a: Dondozo|Dondozo, F|100\/100\n|move|p2a: Ogerpon|Ivy Cudgel|p1a: Dondozo\n|-resisted|p1a: Dondozo\n|-damage|p1a: Dondozo|84\/100\n|\n|upkeep\n|turn|25\n|\n|t:|1698986052\n|move|p2a: Ogerpon|Horn Leech|p1a: Dondozo\n|-supereffective|p1a: Dondozo\n|-damage|p1a: Dondozo|45\/100\n|-heal|p2a: Ogerpon|100\/100|[from] drain|[of] p1a: Dondozo\n|move|p1a: Dondozo|Curse|p1a: Dondozo\n|-unboost|p1a: Dondozo|spe|1\n|-boost|p1a: Dondozo|atk|1\n|-boost|p1a: Dondozo|def|1\n|\n|upkeep\n|turn|26\n|\n|t:|1698986059\n|switch|p1a: Arceus|Arceus-Dark|90\/100\n|move|p2a: Ogerpon|Encore||[still]\n|-fail|p2a: Ogerpon\n|\n|upkeep\n|turn|27\n|\n|t:|1698986068\n|switch|p2a: Cyclizar|Cyclizar, M|84\/100\n|-damage|p2a: Cyclizar|71\/100|[from] Spikes\n|move|p1a: Arceus|Will-O-Wisp|p2a: Cyclizar\n|-status|p2a: Cyclizar|brn\n|\n|-damage|p2a: Cyclizar|65\/100 brn|[from] brn\n|upkeep\n|turn|28\n|\n|t:|1698986074\n|move|p2a: Cyclizar|Shed Tail|p2a: Cyclizar\n|-start|p2a: Cyclizar|Substitute|[from] move: Shed Tail\n|-damage|p2a: Cyclizar|15\/100 brn\n|\n|t:|1698986106\n|switch|p2a: Zacian|Zacian|88\/100|[from] Shed Tail\n|-damage|p2a: Zacian|76\/100|[from] Spikes\n|move|p1a: Arceus|Taunt|p2a: Zacian\n|-start|p2a: Zacian|move: Taunt\n|\n|upkeep\n|turn|29\n|\n|t:|1698986141\n|-terastallize|p1a: Arceus|Poison\n|move|p2a: Zacian|Play Rough|p1a: Arceus\n|-resisted|p1a: Arceus\n|-damage|p1a: Arceus|73\/100\n|move|p1a: Arceus|Foul Play|p2a: Zacian\n|-resisted|p2a: Zacian\n|-end|p2a: Zacian|Substitute\n|\n|upkeep\n|turn|30\n|\n|t:|1698986159\n|switch|p2a: Magearna|Magearna|76\/100\n|-damage|p2a: Magearna|63\/100|[from] Spikes\n|move|p1a: Arceus|Foul Play|p2a: Magearna\n|-resisted|p2a: Magearna\n|-damage|p2a: Magearna|53\/100\n|\n|upkeep\n|turn|31\n|\n|t:|1698986170\n|switch|p1a: Cresselia|Cresselia, F|100\/100\n|switch|p2a: Cyclizar|Cyclizar, M|48\/100 brn\n|-damage|p2a: Cyclizar|36\/100 brn|[from] Spikes\n|\n|-damage|p2a: Cyclizar|30\/100 brn|[from] brn\n|upkeep\n|turn|32\n|\n|t:|1698986181\n|switch|p1a: Giratina|Giratina|31\/100\n|-ability|p1a: Giratina|Pressure\n|move|p2a: Cyclizar|U-turn|p1a: Giratina\n|-resisted|p1a: Giratina\n|-damage|p1a: Giratina|29\/100\n|\n|t:|1698986205\n|switch|p2a: Zacian|Zacian|76\/100|[from] U-turn\n|-damage|p2a: Zacian|64\/100|[from] Spikes\n|\n|upkeep\n|turn|33\n|\n|t:|1698986242\n|switch|p1a: Dondozo|Dondozo, F|45\/100\n|move|p2a: Zacian|Psychic Fangs|p1a: Dondozo\n|-crit|p1a: Dondozo\n|-damage|p1a: Dondozo|18\/100\n|\n|upkeep\n|turn|34\n|\n|t:|1698986260\n|move|p2a: Zacian|Psychic Fangs|p1a: Dondozo\n|-damage|p1a: Dondozo|0 fnt\n|faint|p1a: Dondozo\n|\n|upkeep\n|\n|t:|1698986264\n|switch|p1a: Cresselia|Cresselia, F|100\/100\n|turn|35\n|\n|t:|1698986281\n|switch|p2a: Ogerpon|Ogerpon-Wellspring-Tera, F, tera:Water|100\/100\n|-damage|p2a: Ogerpon|88\/100|[from] Spikes\n|-ability|p2a: Ogerpon|Embody Aspect (Wellspring)|boost\n|-boost|p2a: Ogerpon|spd|1\n|move|p1a: Cresselia|Moonblast|p2a: Ogerpon\n|-damage|p2a: Ogerpon|75\/100\n|-unboost|p2a: Ogerpon|spa|1\n|\n|upkeep\n|turn|36\n|\n|t:|1698986291\n|switch|p1a: Arceus|Arceus-Dark, tera:Poison|73\/100\n|move|p2a: Ogerpon|Ivy Cudgel|p1a: Arceus\n|-damage|p1a: Arceus|37\/100\n|\n|upkeep\n|turn|37\n|\n|t:|1698986349\n|switch|p2a: Espathra|Espathra, F|100\/100\n|-damage|p2a: Espathra|88\/100|[from] Spikes\n|move|p1a: Arceus|Recover|p1a: Arceus\n|-heal|p1a: Arceus|87\/100\n|\n|-heal|p2a: Espathra|94\/100|[from] item: Leftovers\n|upkeep\n|turn|38\n|\n|t:|1698986357\n|switch|p1a: Giratina|Giratina|29\/100\n|-ability|p1a: Giratina|Pressure\n|move|p2a: Espathra|Calm Mind|p2a: Espathra\n|-boost|p2a: Espathra|spa|1\n|-boost|p2a: Espathra|spd|1\n|\n|-heal|p2a: Espathra|100\/100|[from] item: Leftovers\n|-ability|p2a: Espathra|Speed Boost|boost\n|-boost|p2a: Espathra|spe|1\n|upkeep\n|turn|39\n|\n|t:|1698986363\n|move|p2a: Espathra|Dazzling Gleam|p1a: Giratina\n|-supereffective|p1a: Giratina\n|-crit|p1a: Giratina\n|-damage|p1a: Giratina|0 fnt\n|faint|p1a: Giratina\n|\n|-ability|p2a: Espathra|Speed Boost|boost\n|-boost|p2a: Espathra|spe|1\n|upkeep\n|\n|t:|1698986367\n|switch|p1a: Cresselia|Cresselia, F|100\/100\n|turn|40\n|c|\u2606vespyyy|I cant believe i clicked the wrong team\n|c|\u2606vespyyy|Pmg\n|c|\u2606vespyyy|Rip\n|\n|t:|1698986394\n|switch|p2a: Ogerpon|Ogerpon-Wellspring-Tera, F, tera:Water|75\/100\n|-damage|p2a: Ogerpon|62\/100|[from] Spikes\n|-ability|p2a: Ogerpon|Embody Aspect (Wellspring)|boost\n|-boost|p2a: Ogerpon|spd|1\n|move|p1a: Cresselia|Calm Mind|p1a: Cresselia\n|-boost|p1a: Cresselia|spa|1\n|-boost|p1a: Cresselia|spd|1\n|\n|upkeep\n|turn|41\n|\n|t:|1698986400\n|switch|p1a: Arceus|Arceus-Dark, tera:Poison|87\/100\n|move|p2a: Ogerpon|Encore||[still]\n|-fail|p2a: Ogerpon\n|\n|upkeep\n|turn|42\n|\n|t:|1698986406\n|switch|p2a: Espathra|Espathra, F|100\/100\n|-damage|p2a: Espathra|88\/100|[from] Spikes\n|move|p1a: Arceus|Foul Play|p2a: Espathra\n|-supereffective|p2a: Espathra\n|-damage|p2a: Espathra|57\/100\n|\n|-heal|p2a: Espathra|63\/100|[from] item: Leftovers\n|upkeep\n|turn|43\n|\n|t:|1698986413\n|move|p1a: Arceus|Taunt|p2a: Espathra\n|-start|p2a: Espathra|move: Taunt\n|cant|p2a: Espathra|move: Taunt|Calm Mind\n|\n|-heal|p2a: Espathra|69\/100|[from] item: Leftovers\n|-ability|p2a: Espathra|Speed Boost|boost\n|-boost|p2a: Espathra|spe|1\n|upkeep\n|turn|44\n|\n|t:|1698986419\n|move|p2a: Espathra|Stored Power|p1a: Arceus\n|-supereffective|p1a: Arceus\n|-damage|p1a: Arceus|68\/100\n|move|p1a: Arceus|Foul Play|p2a: Espathra\n|-supereffective|p2a: Espathra\n|-damage|p2a: Espathra|37\/100\n|\n|-heal|p2a: Espathra|43\/100|[from] item: Leftovers\n|-ability|p2a: Espathra|Speed Boost|boost\n|-boost|p2a: Espathra|spe|1\n|upkeep\n|turn|45\n|\n|t:|1698986426\n|switch|p2a: Magearna|Magearna|53\/100\n|-damage|p2a: Magearna|40\/100|[from] Spikes\n|switch|p1a: Blissey|Blissey, F|100\/100\n|\n|upkeep\n|turn|46\n|\n|t:|1698986433\n|move|p2a: Magearna|Calm Mind|p2a: Magearna\n|-boost|p2a: Magearna|spa|1\n|-boost|p2a: Magearna|spd|1\n|move|p1a: Blissey|Seismic Toss|p2a: Magearna\n|-damage|p2a: Magearna|13\/100\n|\n|upkeep\n|turn|47\n|\n|t:|1698986441\n|move|p2a: Magearna|Draining Kiss|p1a: Blissey\n|-damage|p1a: Blissey|91\/100\n|-heal|p2a: Magearna|26\/100|[from] drain|[of] p1a: Blissey\n|move|p1a: Blissey|Seismic Toss|p2a: Magearna\n|-damage|p2a: Magearna|0 fnt\n|faint|p2a: Magearna\n|\n|upkeep\n|\n|t:|1698986447\n|switch|p2a: Cyclizar|Cyclizar, M|63\/100 brn\n|-damage|p2a: Cyclizar|50\/100 brn|[from] Spikes\n|turn|48\n|\n|t:|1698986456\n|move|p2a: Cyclizar|Rapid Spin|p1a: Blissey\n|-damage|p1a: Blissey|74\/100\n|-boost|p2a: Cyclizar|spe|1\n|-sideend|p2: ShadowblazinAceP|Spikes|[from] move: Rapid Spin|[of] p2a: Cyclizar\n|move|p1a: Blissey|Seismic Toss|p2a: Cyclizar\n|-damage|p2a: Cyclizar|21\/100 brn\n|\n|-damage|p2a: Cyclizar|15\/100 brn|[from] brn\n|upkeep\n|turn|49\n|\n|t:|1698986500\n|switch|p2a: Ogerpon|Ogerpon-Wellspring-Tera, F, tera:Water|62\/100\n|-ability|p2a: Ogerpon|Embody Aspect (Wellspring)|boost\n|-boost|p2a: Ogerpon|spd|1\n|move|p1a: Blissey|Seismic Toss|p2a: Ogerpon\n|-damage|p2a: Ogerpon|29\/100\n|\n|upkeep\n|turn|50\n|\n|t:|1698986518\n|switch|p1a: Cresselia|Cresselia, F|100\/100\n|move|p2a: Ogerpon|Horn Leech|p1a: Cresselia\n|-damage|p1a: Cresselia|77\/100\n|-heal|p2a: Ogerpon|46\/100|[from] drain|[of] p1a: Cresselia\n|\n|-heal|p1a: Cresselia|84\/100|[from] item: Leftovers\n|upkeep\n|turn|51\n|\n|t:|1698986529\n|move|p2a: Ogerpon|Horn Leech|p1a: Cresselia\n|-damage|p1a: Cresselia|58\/100\n|-heal|p2a: Ogerpon|65\/100|[from] drain|[of] p1a: Cresselia\n|move|p1a: Cresselia|Moonblast|p2a: Ogerpon\n|-damage|p2a: Ogerpon|50\/100\n|\n|-heal|p1a: Cresselia|64\/100|[from] item: Leftovers\n|upkeep\n|turn|52\n|\n|t:|1698986534\n|switch|p1a: Arceus|Arceus-Dark, tera:Poison|68\/100\n|move|p2a: Ogerpon|Horn Leech|p1a: Arceus\n|-resisted|p1a: Arceus\n|-damage|p1a: Arceus|58\/100\n|-heal|p2a: Ogerpon|58\/100|[from] drain|[of] p1a: Arceus\n|\n|upkeep\n|turn|53\n|\n|t:|1698986546\n|switch|p2a: Cyclizar|Cyclizar, M|48\/100 brn\n|move|p1a: Arceus|Will-O-Wisp|p2a: Cyclizar|[miss]\n|-miss|p1a: Arceus|p2a: Cyclizar\n|\n|-damage|p2a: Cyclizar|42\/100 brn|[from] brn\n|upkeep\n|turn|54\n|\n|t:|1698986552\n|move|p2a: Cyclizar|U-turn|p1a: Arceus\n|-resisted|p1a: Arceus\n|-damage|p1a: Arceus|56\/100\n|\n|t:|1698986554\n|switch|p2a: Espathra|Espathra, F|43\/100|[from] U-turn\n|move|p1a: Arceus|Recover|p1a: Arceus\n|-heal|p1a: Arceus|100\/100\n|\n|-heal|p2a: Espathra|49\/100|[from] item: Leftovers\n|upkeep\n|turn|55\n|\n|t:|1698986556\n|move|p2a: Espathra|Protect|p2a: Espathra\n|-singleturn|p2a: Espathra|Protect\n|move|p1a: Arceus|Foul Play|p2a: Espathra\n|-activate|p2a: Espathra|move: Protect\n|\n|-heal|p2a: Espathra|55\/100|[from] item: Leftovers\n|-ability|p2a: Espathra|Speed Boost|boost\n|-boost|p2a: Espathra|spe|1\n|upkeep\n|turn|56\n|\n|t:|1698986562\n|move|p2a: Espathra|Calm Mind|p2a: Espathra\n|-boost|p2a: Espathra|spa|1\n|-boost|p2a: Espathra|spd|1\n|move|p1a: Arceus|Taunt|p2a: Espathra\n|-start|p2a: Espathra|move: Taunt\n|\n|-heal|p2a: Espathra|61\/100|[from] item: Leftovers\n|-ability|p2a: Espathra|Speed Boost|boost\n|-boost|p2a: Espathra|spe|1\n|upkeep\n|turn|57\n|\n|t:|1698986568\n|switch|p1a: Blissey|Blissey, F|74\/100\n|move|p2a: Espathra|Stored Power|p1a: Blissey\n|-damage|p1a: Blissey|59\/100\n|\n|-heal|p2a: Espathra|68\/100|[from] item: Leftovers\n|-ability|p2a: Espathra|Speed Boost|boost\n|-boost|p2a: Espathra|spe|1\n|upkeep\n|turn|58\n|\n|t:|1698986582\n|move|p2a: Espathra|Stored Power|p1a: Blissey\n|-damage|p1a: Blissey|41\/100\n|move|p1a: Blissey|Seismic Toss|p2a: Espathra\n|-damage|p2a: Espathra|41\/100\n|\n|-heal|p2a: Espathra|47\/100|[from] item: Leftovers\n|-ability|p2a: Espathra|Speed Boost|boost\n|-boost|p2a: Espathra|spe|1\n|upkeep\n|turn|59\n|\n|t:|1698986588\n|move|p2a: Espathra|Stored Power|p1a: Blissey\n|-damage|p1a: Blissey|22\/100\n|move|p1a: Blissey|Seismic Toss|p2a: Espathra\n|-damage|p2a: Espathra|20\/100\n|\n|-heal|p2a: Espathra|26\/100|[from] item: Leftovers\n|-end|p2a: Espathra|move: Taunt\n|-ability|p2a: Espathra|Speed Boost|boost\n|-boost|p2a: Espathra|spe|1\n|upkeep\n|turn|60\n|\n|t:|1698986596\n|move|p2a: Espathra|Stored Power|p1a: Blissey\n|-damage|p1a: Blissey|1\/100\n|move|p1a: Blissey|Seismic Toss|p2a: Espathra\n|-damage|p2a: Espathra|0 fnt\n|faint|p2a: Espathra\n|\n|upkeep\n|\n|t:|1698986609\n|switch|p2a: Ogerpon|Ogerpon-Wellspring-Tera, F, tera:Water|58\/100\n|-ability|p2a: Ogerpon|Embody Aspect (Wellspring)|boost\n|-boost|p2a: Ogerpon|spd|1\n|turn|61\n|\n|t:|1698986613\n|move|p2a: Ogerpon|Ivy Cudgel|p1a: Blissey\n|-damage|p1a: Blissey|0 fnt\n|faint|p1a: Blissey\n|\n|upkeep\n|\n|t:|1698986615\n|switch|p1a: Arceus|Arceus-Dark, tera:Poison|100\/100\n|turn|62\n|\n|t:|1698986620\n|switch|p2a: Cyclizar|Cyclizar, M|75\/100 brn\n|move|p1a: Arceus|Will-O-Wisp|p2a: Cyclizar\n|-fail|p2a: Cyclizar|brn\n|\n|-damage|p2a: Cyclizar|69\/100 brn|[from] brn\n|upkeep\n|turn|63\n|\n|t:|1698986645\n|move|p2a: Cyclizar|Shed Tail|p2a: Cyclizar\n|-start|p2a: Cyclizar|Substitute|[from] move: Shed Tail\n|-damage|p2a: Cyclizar|19\/100 brn\n|\n|t:|1698986648\n|switch|p2a: Zacian|Zacian|64\/100|[from] Shed Tail\n|move|p1a: Arceus|Foul Play|p2a: Zacian\n|-resisted|p2a: Zacian\n|-activate|p2a: Zacian|move: Substitute|[damage]\n|\n|upkeep\n|turn|64\n|\n|t:|1698986665\n|move|p2a: Zacian|Crunch|p1a: Arceus\n|-damage|p1a: Arceus|81\/100\n|move|p1a: Arceus|Foul Play|p2a: Zacian\n|-resisted|p2a: Zacian\n|-crit|p2a: Zacian\n|-end|p2a: Zacian|Substitute\n|\n|upkeep\n|turn|65\n|\n|t:|1698986676\n|switch|p2a: Cyclizar|Cyclizar, M|52\/100 brn\n|move|p1a: Arceus|Will-O-Wisp|p2a: Cyclizar\n|-fail|p2a: Cyclizar|brn\n|\n|-damage|p2a: Cyclizar|46\/100 brn|[from] brn\n|upkeep\n|turn|66\n|\n|t:|1698986688\n|move|p2a: Cyclizar|U-turn|p1a: Arceus\n|-resisted|p1a: Arceus\n|-damage|p1a: Arceus|79\/100\n|\n|t:|1698986698\n|switch|p2a: Zacian|Zacian|64\/100|[from] U-turn\n|move|p1a: Arceus|Foul Play|p2a: Zacian\n|-resisted|p2a: Zacian\n|-damage|p2a: Zacian|36\/100\n|\n|upkeep\n|turn|67\n|\n|t:|1698986704\n|move|p2a: Zacian|Psychic Fangs|p1a: Arceus\n|-supereffective|p1a: Arceus\n|-damage|p1a: Arceus|34\/100\n|move|p1a: Arceus|Foul Play|p2a: Zacian\n|-resisted|p2a: Zacian\n|-damage|p2a: Zacian|11\/100\n|\n|upkeep\n|turn|68\n|\n|t:|1698986710\n|move|p2a: Zacian|Psychic Fangs|p1a: Arceus\n|-supereffective|p1a: Arceus\n|-damage|p1a: Arceus|0 fnt\n|faint|p1a: Arceus\n|\n|upkeep\n|\n|t:|1698986713\n|switch|p1a: Cresselia|Cresselia, F|64\/100\n|turn|69\n|\n|t:|1698986715\n|switch|p2a: Ogerpon|Ogerpon-Wellspring-Tera, F, tera:Water|58\/100\n|-ability|p2a: Ogerpon|Embody Aspect (Wellspring)|boost\n|-boost|p2a: Ogerpon|spd|1\n|move|p1a: Cresselia|Moonblast|p2a: Ogerpon\n|-damage|p2a: Ogerpon|45\/100\n|-unboost|p2a: Ogerpon|spa|1\n|\n|-heal|p1a: Cresselia|70\/100|[from] item: Leftovers\n|upkeep\n|turn|70\n|\n|t:|1698986718\n|move|p2a: Ogerpon|Horn Leech|p1a: Cresselia\n|-damage|p1a: Cresselia|44\/100\n|-heal|p2a: Ogerpon|64\/100|[from] drain|[of] p1a: Cresselia\n|move|p1a: Cresselia|Moonblast|p2a: Ogerpon\n|-damage|p2a: Ogerpon|51\/100\n|-unboost|p2a: Ogerpon|spa|1\n|\n|-heal|p1a: Cresselia|50\/100|[from] item: Leftovers\n|upkeep\n|turn|71\n|c|\u2606vespyyy|I threw lol\n|c|\u2606vespyyy|Vgs\n|c|\u2606ShadowblazinAceP|ggs\n|-message|vespyyy forfeited.\n|\n|win|ShadowblazinAceP\n|l| Laza_beam\n","uploadtime":1698986782,"views":38,"p1id":"vespyyy","p2id":"shadowblazinacep","formatid":"gen9ubers","rating":0,"private":0,"password":""}