{"id":"gen9ubers-1979550390","p1":"Pickedman","p2":"Rei_darkness","format":"[Gen 9] Ubers","log":"|j|\u2606Pickedman\n|j|\u2606Rei_darkness\n|t:|1698691537\n|gametype|singles\n|player|p1|Pickedman|zinnia|\n|player|p2|Rei_darkness|drayden|\n|teamsize|p1|6\n|teamsize|p2|6\n|gen|9\n|tier|[Gen 9] Ubers\n|rule|Sleep Clause Mod: Limit one foe put to sleep\n|rule|Species Clause: Limit one of each Pok\u00e9mon\n|rule|OHKO Clause: OHKO moves are banned\n|rule|Evasion Items Clause: Evasion items are banned\n|rule|Evasion Moves Clause: Evasion moves are banned\n|rule|Endless Battle Clause: Forcing endless battles is banned\n|rule|HP Percentage Mod: HP is shown in percentages\n|clearpoke\n|poke|p1|Inteleon, F|\n|poke|p1|Gallade, M|\n|poke|p1|Darkrai|\n|poke|p1|Blissey, F|\n|poke|p1|Walking Wake|\n|poke|p1|Grimmsnarl, M|\n|poke|p2|Calyrex-Ice|\n|poke|p2|Slowking-Galar, M|\n|poke|p2|Medicham, M|\n|poke|p2|Greninja-*, F|\n|poke|p2|Weezing-Galar, M|\n|poke|p2|Azelf|\n|teampreview\n|\n|t:|1698691548\n|start\n|switch|p1a: Blissey|Blissey, F|100\/100\n|switch|p2a: Azelf|Azelf|100\/100\n|turn|1\n|\n|t:|1698691560\n|move|p2a: Azelf|Knock Off|p1a: Blissey\n|-damage|p1a: Blissey|50\/100\n|-enditem|p1a: Blissey|Heavy-Duty Boots|[from] move: Knock Off|[of] p2a: Azelf\n|move|p1a: Blissey|Stealth Rock|p2a: Azelf\n|-sidestart|p2: Rei_darkness|move: Stealth Rock\n|\n|upkeep\n|turn|2\n|\n|t:|1698691574\n|-terastallize|p2a: Azelf|Dark\n|move|p2a: Azelf|Knock Off|p1a: Blissey\n|-crit|p1a: Blissey\n|-damage|p1a: Blissey|0 fnt\n|faint|p1a: Blissey\n|\n|upkeep\n|\n|t:|1698691591\n|switch|p1a: Darkrai|Darkrai|100\/100\n|turn|3\n|\n|t:|1698691599\n|switch|p2a: Slowking|Slowking-Galar, M|100\/100\n|move|p1a: Darkrai|Drain Punch|p2a: Slowking\n|-resisted|p2a: Slowking\n|-damage|p2a: Slowking|94\/100\n|-damage|p1a: Darkrai|91\/100|[from] item: Life Orb\n|\n|upkeep\n|turn|4\n|\n|t:|1698691604\n|switch|p1a: Grimmsnarl|Grimmsnarl, M|100\/100\n|move|p2a: Slowking|Trick Room|p2a: Slowking\n|-fieldstart|move: Trick Room|[of] p2a: Slowking\n|\n|upkeep\n|turn|5\n|\n|t:|1698691608\n|move|p1a: Grimmsnarl|Thunder Wave|p2a: Slowking\n|-status|p2a: Slowking|par\n|move|p2a: Slowking|Toxic|p1a: Grimmsnarl\n|-status|p1a: Grimmsnarl|tox\n|\n|-damage|p1a: Grimmsnarl|94\/100 tox|[from] psn\n|upkeep\n|turn|6\n|\n|t:|1698691611\n|move|p1a: Grimmsnarl|Light Screen|p1a: Grimmsnarl\n|-sidestart|p1: Pickedman|move: Light Screen\n|move|p2a: Slowking|Chilly Reception|p2a: Slowking\n|-weather|Snow\n|\n|t:|1698691620\n|switch|p2a: Weezing|Weezing-Galar, M|100\/100|[from] Chilly Reception\n|-damage|p2a: Weezing|88\/100|[from] Stealth Rock\n|\n|-weather|Snow|[upkeep]\n|-heal|p2a: Weezing|94\/100|[from] item: Leftovers\n|-damage|p1a: Grimmsnarl|82\/100 tox|[from] psn\n|upkeep\n|turn|7\n|\n|t:|1698691630\n|move|p1a: Grimmsnarl|Thunder Wave|p2a: Weezing\n|-status|p2a: Weezing|par\n|move|p2a: Weezing|Defog|p1a: Grimmsnarl\n|-unboost|p1a: Grimmsnarl|evasion|1\n|-sideend|p1: Pickedman|move: Light Screen\n|-sideend|p2: Rei_darkness|Stealth Rock|[from] move: Defog|[of] p2a: Weezing\n|\n|-weather|Snow|[upkeep]\n|-heal|p2a: Weezing|99\/100 par|[from] item: Leftovers\n|-damage|p1a: Grimmsnarl|64\/100 tox|[from] psn\n|upkeep\n|turn|8\n|\n|t:|1698691640\n|switch|p1a: Gallade|Gallade, M|100\/100\n|move|p2a: Weezing|Clear Smog|p1a: Gallade\n|-damage|p1a: Gallade|86\/100\n|-clearboost|p1a: Gallade\n|\n|-weather|Snow|[upkeep]\n|-heal|p2a: Weezing|100\/100 par|[from] item: Leftovers\n|-heal|p1a: Gallade|93\/100|[from] item: Leftovers\n|-fieldend|move: Trick Room\n|upkeep\n|turn|9\n|\n|t:|1698691648\n|switch|p1a: Walking Wake|Walking Wake|100\/100\n|switch|p2a: Azelf|Azelf, tera:Dark|100\/100\n|\n|-weather|Snow|[upkeep]\n|upkeep\n|turn|10\n|\n|t:|1698691655\n|move|p2a: Azelf|Zen Headbutt|p1a: Walking Wake\n|-damage|p1a: Walking Wake|44\/100\n|move|p1a: Walking Wake|Roar|p2a: Azelf\n|drag|p2a: Calyrex|Calyrex-Ice|100\/100\n|-ability|p2a: Calyrex|As One\n|-ability|p2a: Calyrex|Unnerve\n|\n|-weather|none\n|upkeep\n|turn|11\n|\n|t:|1698691660\n|move|p1a: Walking Wake|Knock Off|p2a: Calyrex\n|-supereffective|p2a: Calyrex\n|-damage|p2a: Calyrex|79\/100\n|-enditem|p2a: Calyrex|Leftovers|[from] move: Knock Off|[of] p1a: Walking Wake\n|move|p2a: Calyrex|Draining Kiss|p1a: Walking Wake\n|-supereffective|p1a: Walking Wake\n|-damage|p1a: Walking Wake|18\/100\n|-heal|p2a: Calyrex|99\/100|[from] drain|[of] p1a: Walking Wake\n|\n|upkeep\n|turn|12\n|\n|t:|1698691670\n|move|p1a: Walking Wake|Flip Turn|p2a: Calyrex\n|-damage|p2a: Calyrex|88\/100\n|\n|t:|1698691674\n|-end|p1a: Walking Wake|Protosynthesis|[silent]\n|switch|p1a: Grimmsnarl|Grimmsnarl, M|64\/100 tox|[from] Flip Turn\n|move|p2a: Calyrex|Draining Kiss|p1a: Grimmsnarl\n|-supereffective|p1a: Grimmsnarl\n|-damage|p1a: Grimmsnarl|41\/100 tox\n|-heal|p2a: Calyrex|100\/100|[from] drain|[of] p1a: Grimmsnarl\n|\n|-damage|p1a: Grimmsnarl|35\/100 tox|[from] psn\n|upkeep\n|turn|13\n|\n|t:|1698691679\n|switch|p2a: Weezing|Weezing-Galar, M|100\/100 par\n|move|p1a: Grimmsnarl|Thunder Wave|p2a: Weezing\n|-fail|p2a: Weezing|par\n|\n|-damage|p1a: Grimmsnarl|22\/100 tox|[from] psn\n|upkeep\n|turn|14\n|\n|t:|1698691683\n|switch|p2a: Slowking|Slowking-Galar, M|100\/100 par\n|move|p1a: Grimmsnarl|Light Screen|p1a: Grimmsnarl\n|-sidestart|p1: Pickedman|move: Light Screen\n|\n|-damage|p1a: Grimmsnarl|4\/100 tox|[from] psn\n|upkeep\n|turn|15\n|\n|t:|1698691702\n|move|p1a: Grimmsnarl|Reflect|p1a: Grimmsnarl\n|-sidestart|p1: Pickedman|Reflect\n|cant|p2a: Slowking|par\n|\n|-damage|p1a: Grimmsnarl|0 fnt|[from] psn\n|faint|p1a: Grimmsnarl\n|upkeep\n|\n|t:|1698691711\n|switch|p1a: Darkrai|Darkrai|91\/100\n|turn|16\n|\n|t:|1698691715\n|move|p1a: Darkrai|Swords Dance|p1a: Darkrai\n|-boost|p1a: Darkrai|atk|2\n|move|p2a: Slowking|Toxic|p1a: Darkrai\n|-status|p1a: Darkrai|tox\n|\n|-damage|p1a: Darkrai|84\/100 tox|[from] psn\n|upkeep\n|turn|17\n|\n|t:|1698691721\n|move|p1a: Darkrai|Knock Off|p2a: Slowking\n|-supereffective|p2a: Slowking\n|-damage|p2a: Slowking|0 fnt\n|-enditem|p2a: Slowking|Heavy-Duty Boots|[from] move: Knock Off|[of] p1a: Darkrai\n|faint|p2a: Slowking\n|-damage|p1a: Darkrai|75\/100 tox|[from] item: Life Orb\n|\n|-damage|p1a: Darkrai|62\/100 tox|[from] psn\n|upkeep\n|\n|t:|1698691727\n|switch|p2a: Weezing|Weezing-Galar, M|100\/100 par\n|turn|18\n|\n|t:|1698691739\n|move|p1a: Darkrai|Knock Off|p2a: Weezing\n|-resisted|p2a: Weezing\n|-damage|p2a: Weezing|69\/100 par\n|-enditem|p2a: Weezing|Leftovers|[from] move: Knock Off|[of] p1a: Darkrai\n|-damage|p1a: Darkrai|52\/100 tox|[from] item: Life Orb\n|move|p2a: Weezing|Defog|p1a: Darkrai\n|-unboost|p1a: Darkrai|evasion|1\n|-sideend|p1: Pickedman|Reflect\n|-sideend|p1: Pickedman|move: Light Screen\n|\n|-damage|p1a: Darkrai|34\/100 tox|[from] psn\n|upkeep\n|turn|19\n|\n|t:|1698691753\n|switch|p2a: Medicham|Medicham, M|100\/100\n|move|p1a: Darkrai|Poison Jab|p2a: Medicham\n|-damage|p2a: Medicham|22\/100\n|-status|p2a: Medicham|psn\n|-damage|p1a: Darkrai|24\/100 tox|[from] item: Life Orb\n|\n|-damage|p1a: Darkrai|0 fnt|[from] psn\n|faint|p1a: Darkrai\n|-damage|p2a: Medicham|9\/100 psn|[from] psn\n|upkeep\n|\n|t:|1698691758\n|switch|p1a: Inteleon|Inteleon, F|100\/100\n|turn|20\n|\n|t:|1698691776\n|switch|p2a: Calyrex|Calyrex-Ice|100\/100\n|-ability|p2a: Calyrex|As One\n|-ability|p2a: Calyrex|Unnerve\n|move|p1a: Inteleon|Fell Stinger|p2a: Calyrex\n|-supereffective|p2a: Calyrex\n|-damage|p2a: Calyrex|85\/100\n|\n|upkeep\n|turn|21\n|\n|t:|1698691784\n|switch|p1a: Gallade|Gallade, M|93\/100\n|move|p2a: Calyrex|Calm Mind|p2a: Calyrex\n|-boost|p2a: Calyrex|spa|1\n|-boost|p2a: Calyrex|spd|1\n|\n|-heal|p1a: Gallade|99\/100|[from] item: Leftovers\n|upkeep\n|turn|22\n|\n|t:|1698691789\n|move|p1a: Gallade|Calm Mind|p1a: Gallade\n|-boost|p1a: Gallade|spa|1\n|-boost|p1a: Gallade|spd|1\n|move|p2a: Calyrex|Calm Mind|p2a: Calyrex\n|-boost|p2a: Calyrex|spa|1\n|-boost|p2a: Calyrex|spd|1\n|\n|-heal|p1a: Gallade|100\/100|[from] item: Leftovers\n|upkeep\n|turn|23\n|\n|t:|1698691791\n|move|p1a: Gallade|Calm Mind|p1a: Gallade\n|-boost|p1a: Gallade|spa|1\n|-boost|p1a: Gallade|spd|1\n|move|p2a: Calyrex|Calm Mind|p2a: Calyrex\n|-boost|p2a: Calyrex|spa|1\n|-boost|p2a: Calyrex|spd|1\n|\n|upkeep\n|turn|24\n|\n|t:|1698691799\n|-terastallize|p1a: Gallade|Steel\n|move|p1a: Gallade|Calm Mind|p1a: Gallade\n|-boost|p1a: Gallade|spa|1\n|-boost|p1a: Gallade|spd|1\n|move|p2a: Calyrex|Stored Power|p1a: Gallade\n|-resisted|p1a: Gallade\n|-damage|p1a: Gallade|74\/100\n|\n|-heal|p1a: Gallade|80\/100|[from] item: Leftovers\n|upkeep\n|turn|25\n|\n|t:|1698691805\n|switch|p2a: Azelf|Azelf, tera:Dark|100\/100\n|move|p1a: Gallade|Calm Mind|p1a: Gallade\n|-boost|p1a: Gallade|spa|1\n|-boost|p1a: Gallade|spd|1\n|\n|-heal|p1a: Gallade|86\/100|[from] item: Leftovers\n|upkeep\n|turn|26\n|\n|t:|1698691822\n|move|p2a: Azelf|Knock Off|p1a: Gallade\n|-damage|p1a: Gallade|19\/100\n|-enditem|p1a: Gallade|Leftovers|[from] move: Knock Off|[of] p2a: Azelf\n|move|p1a: Gallade|Night Shade|p2a: Azelf\n|-damage|p2a: Azelf|66\/100\n|\n|upkeep\n|turn|27\n|\n|t:|1698691824\n|move|p2a: Azelf|Knock Off|p1a: Gallade\n|-damage|p1a: Gallade|0 fnt\n|faint|p1a: Gallade\n|\n|upkeep\n|\n|t:|1698691827\n|switch|p1a: Inteleon|Inteleon, F|100\/100\n|turn|28\n|\n|t:|1698691836\n|switch|p2a: Weezing|Weezing-Galar, M|69\/100 par\n|move|p1a: Inteleon|Fell Stinger|p2a: Weezing\n|-resisted|p2a: Weezing\n|-damage|p2a: Weezing|67\/100 par\n|\n|upkeep\n|turn|29\n|\n|t:|1698691839\n|move|p1a: Inteleon|Liquidation|p2a: Weezing\n|-damage|p2a: Weezing|42\/100 par\n|move|p2a: Weezing|Memento|p1a: Inteleon\n|-unboost|p1a: Inteleon|atk|2\n|-unboost|p1a: Inteleon|spa|2\n|faint|p2a: Weezing\n|\n|upkeep\n|\n|t:|1698691849\n|switch|p2a: Azelf|Azelf, tera:Dark|66\/100\n|turn|30\n|\n|t:|1698691852\n|switch|p1a: Walking Wake|Walking Wake|18\/100\n|move|p2a: Azelf|Explosion|p1a: Walking Wake\n|-damage|p1a: Walking Wake|0 fnt\n|faint|p2a: Azelf\n|faint|p1a: Walking Wake\n|-end|p1a: Walking Wake|Protosynthesis|[silent]\n|\n|upkeep\n|\n|t:|1698691861\n|switch|p2a: Greninja|Greninja, F|100\/100\n|switch|p1a: Inteleon|Inteleon, F|100\/100\n|turn|31\n|\n|t:|1698691868\n|move|p2a: Greninja|Night Slash|p1a: Inteleon\n|-start|p2a: Greninja|typechange|Dark|[from] ability: Protean\n|-damage|p1a: Inteleon|49\/100\n|move|p1a: Inteleon|Liquidation|p2a: Greninja\n|-damage|p2a: Greninja|35\/100\n|\n|upkeep\n|turn|32\n|c|\u2606Rei_darkness|GG\n|\n|t:|1698691877\n|move|p2a: Greninja|Night Slash|p1a: Inteleon\n|-damage|p1a: Inteleon|0 fnt\n|faint|p1a: Inteleon\n|\n|win|Rei_darkness\n|c|\u2606Pickedman|gg\n","uploadtime":1698691881,"views":10,"p1id":"pickedman","p2id":"reidarkness","formatid":"gen9ubers","rating":0,"private":0,"password":""}