{"id":"gen9ubers-1990962382","p1":"ZachMcD","p2":"MessiMeli","format":"[Gen 9] Ubers","log":"|j|\u2606ZachMcD\n|j|\u2606MessiMeli\n|t:|1700020332\n|gametype|singles\n|player|p1|ZachMcD|giovanni|\n|player|p2|MessiMeli|rocketgrunt|\n|teamsize|p1|6\n|teamsize|p2|6\n|gen|9\n|tier|[Gen 9] Ubers\n|rule|Sleep Clause Mod: Limit one foe put to sleep\n|rule|Species Clause: Limit one of each Pok\u00e9mon\n|rule|OHKO Clause: OHKO moves are banned\n|rule|Evasion Items Clause: Evasion items are banned\n|rule|Evasion Moves Clause: Evasion moves are banned\n|rule|Endless Battle Clause: Forcing endless battles is banned\n|rule|HP Percentage Mod: HP is shown in percentages\n|clearpoke\n|poke|p1|Ogerpon-Hearthflame, F|\n|poke|p1|Gholdengo|\n|poke|p1|Krookodile, M|\n|poke|p1|Glimmora, M|\n|poke|p1|Kilowattrel, F|\n|poke|p1|Brambleghast, M|\n|poke|p2|Ogerpon-Wellspring, F|\n|poke|p2|Ribombee, F|\n|poke|p2|Gliscor, F|\n|poke|p2|Goodra-Hisui, M|\n|poke|p2|Cresselia, F|\n|poke|p2|Jolteon, M|\n|teampreview\n|j| justinrockin\n|c|\u2606ZachMcD|glgl\n|j| Ghantist\n|c|\u2606MessiMeli|glgl\n|j| HateV2\n|\n|t:|1700020451\n|start\n|switch|p1a: Surfin' USA|Gholdengo|100\/100\n|switch|p2a: Shelly|Goodra-Hisui, M|100\/100\n|turn|1\n|j| Scottowo\n|j| iceberg149\n|\n|t:|1700020510\n|move|p1a: Surfin' USA|Shadow Ball|p2a: Shelly\n|-damage|p2a: Shelly|79\/100\n|move|p2a: Shelly|Ice Spinner|p1a: Surfin' USA\n|-resisted|p1a: Surfin' USA\n|-damage|p1a: Surfin' USA|92\/100\n|\n|-heal|p1a: Surfin' USA|98\/100|[from] item: Leftovers\n|upkeep\n|turn|2\n|l| HateV2\n|j| HateV2\n|\n|t:|1700020577\n|switch|p1a: Zapdos at Home|Kilowattrel, F|100\/100\n|move|p2a: Shelly|Earthquake|p1a: Zapdos at Home\n|-immune|p1a: Zapdos at Home\n|\n|upkeep\n|turn|3\n|\n|t:|1700020629\n|move|p1a: Zapdos at Home|Volt Switch|p2a: Shelly\n|-resisted|p2a: Shelly\n|-damage|p2a: Shelly|72\/100\n|\n|t:|1700020638\n|switch|p1a: Kero|Krookodile, M|100\/100|[from] Volt Switch\n|-ability|p1a: Kero|Intimidate|boost\n|-unboost|p2a: Shelly|atk|1\n|move|p2a: Shelly|Ice Spinner|p1a: Kero\n|-supereffective|p1a: Kero\n|-damage|p1a: Kero|70\/100\n|\n|upkeep\n|turn|4\n|\n|t:|1700020658\n|switch|p2a: Air Force 1|Gliscor, F|100\/100\n|move|p1a: Kero|Knock Off|p2a: Air Force 1\n|-damage|p2a: Air Force 1|70\/100\n|-enditem|p2a: Air Force 1|Toxic Orb|[from] move: Knock Off|[of] p1a: Kero\n|\n|upkeep\n|turn|5\n|j| curtisthecacnea\n|\n|t:|1700020675\n|switch|p1a: Zapdos at Home|Kilowattrel, F|100\/100\n|move|p2a: Air Force 1|Stealth Rock|p1a: Zapdos at Home\n|-sidestart|p1: ZachMcD|move: Stealth Rock\n|\n|upkeep\n|turn|6\n|\n|t:|1700020698\n|switch|p2a: Mommy Lune|Cresselia, F|100\/100\n|move|p1a: Zapdos at Home|Hurricane|p2a: Mommy Lune\n|-damage|p2a: Mommy Lune|68\/100\n|\n|-heal|p2a: Mommy Lune|74\/100|[from] item: Leftovers\n|upkeep\n|turn|7\n|\n|t:|1700020705\n|move|p1a: Zapdos at Home|Eerie Impulse|p2a: Mommy Lune\n|-unboost|p2a: Mommy Lune|spa|2\n|move|p2a: Mommy Lune|Calm Mind|p2a: Mommy Lune\n|-boost|p2a: Mommy Lune|spa|1\n|-boost|p2a: Mommy Lune|spd|1\n|\n|-heal|p2a: Mommy Lune|80\/100|[from] item: Leftovers\n|upkeep\n|turn|8\n|\n|t:|1700020734\n|move|p1a: Zapdos at Home|Hurricane|p2a: Mommy Lune|[miss]\n|-miss|p1a: Zapdos at Home|p2a: Mommy Lune\n|move|p2a: Mommy Lune|Calm Mind|p2a: Mommy Lune\n|-boost|p2a: Mommy Lune|spa|1\n|-boost|p2a: Mommy Lune|spd|1\n|\n|-heal|p2a: Mommy Lune|86\/100|[from] item: Leftovers\n|upkeep\n|turn|9\n|\n|t:|1700020751\n|move|p1a: Zapdos at Home|Eerie Impulse|p2a: Mommy Lune\n|-unboost|p2a: Mommy Lune|spa|2\n|move|p2a: Mommy Lune|Calm Mind|p2a: Mommy Lune\n|-boost|p2a: Mommy Lune|spa|1\n|-boost|p2a: Mommy Lune|spd|1\n|\n|-heal|p2a: Mommy Lune|92\/100|[from] item: Leftovers\n|upkeep\n|turn|10\n|\n|t:|1700020753\n|move|p1a: Zapdos at Home|Eerie Impulse|p2a: Mommy Lune\n|-unboost|p2a: Mommy Lune|spa|2\n|move|p2a: Mommy Lune|Calm Mind|p2a: Mommy Lune\n|-boost|p2a: Mommy Lune|spa|1\n|-boost|p2a: Mommy Lune|spd|1\n|\n|-heal|p2a: Mommy Lune|98\/100|[from] item: Leftovers\n|upkeep\n|turn|11\n|\n|t:|1700020760\n|move|p1a: Zapdos at Home|Eerie Impulse|p2a: Mommy Lune\n|-unboost|p2a: Mommy Lune|spa|2\n|move|p2a: Mommy Lune|Calm Mind|p2a: Mommy Lune\n|-boost|p2a: Mommy Lune|spa|1\n|-boost|p2a: Mommy Lune|spd|1\n|\n|-heal|p2a: Mommy Lune|100\/100|[from] item: Leftovers\n|upkeep\n|turn|12\n|\n|t:|1700020767\n|move|p1a: Zapdos at Home|Eerie Impulse|p2a: Mommy Lune\n|-unboost|p2a: Mommy Lune|spa|2\n|move|p2a: Mommy Lune|Calm Mind|p2a: Mommy Lune\n|-boost|p2a: Mommy Lune|spa|1\n|-boost|p2a: Mommy Lune|spd|1\n|\n|upkeep\n|turn|13\n|\n|t:|1700020772\n|move|p1a: Zapdos at Home|Eerie Impulse|p2a: Mommy Lune\n|-unboost|p2a: Mommy Lune|spa|2\n|move|p2a: Mommy Lune|Stored Power|p1a: Zapdos at Home\n|-damage|p1a: Zapdos at Home|82\/100\n|\n|upkeep\n|turn|14\n|c| HateV2|What the fuck is going on LMFAO\n|j| Iamverynogood\n|c|\u2606ZachMcD|The goobing\n|\n|t:|1700020796\n|switch|p1a: Kero|Krookodile, M|70\/100\n|-damage|p1a: Kero|64\/100|[from] Stealth Rock\n|-ability|p1a: Kero|Intimidate|boost\n|-unboost|p2a: Mommy Lune|atk|1\n|switch|p2a: Shelly|Goodra-Hisui, M|72\/100\n|\n|upkeep\n|turn|15\n|l| Iamverynogood\n|\n|t:|1700020811\n|move|p1a: Kero|Earthquake|p2a: Shelly\n|-supereffective|p2a: Shelly\n|-damage|p2a: Shelly|1\/100\n|move|p2a: Shelly|Ice Spinner|p1a: Kero\n|-supereffective|p1a: Kero\n|-damage|p1a: Kero|18\/100\n|\n|upkeep\n|turn|16\n|\n|t:|1700020821\n|switch|p2a: Air Force 1|Gliscor, F|70\/100\n|move|p1a: Kero|Earthquake|p2a: Air Force 1\n|-immune|p2a: Air Force 1\n|\n|upkeep\n|turn|17\n|\n|t:|1700020863\n|switch|p1a: Surfin' USA|Gholdengo|98\/100\n|-damage|p1a: Surfin' USA|92\/100|[from] Stealth Rock\n|move|p2a: Air Force 1|Spikes|p1a: Surfin' USA\n|-sidestart|p1: ZachMcD|Spikes\n|\n|-heal|p1a: Surfin' USA|98\/100|[from] item: Leftovers\n|upkeep\n|turn|18\n|\n|t:|1700020880\n|move|p2a: Air Force 1|Protect|p2a: Air Force 1\n|-singleturn|p2a: Air Force 1|Protect\n|move|p1a: Surfin' USA|Shadow Ball|p2a: Air Force 1\n|-activate|p2a: Air Force 1|move: Protect\n|\n|-heal|p1a: Surfin' USA|100\/100|[from] item: Leftovers\n|upkeep\n|turn|19\n|\n|t:|1700020894\n|move|p2a: Air Force 1|Earthquake|p1a: Surfin' USA\n|-supereffective|p1a: Surfin' USA\n|-damage|p1a: Surfin' USA|33\/100\n|move|p1a: Surfin' USA|Make It Rain|p2a: Air Force 1\n|-damage|p2a: Air Force 1|0 fnt\n|-unboost|p1a: Surfin' USA|spa|1\n|faint|p2a: Air Force 1\n|\n|-heal|p1a: Surfin' USA|39\/100|[from] item: Leftovers\n|upkeep\n|\n|t:|1700020913\n|switch|p2a: Little f-ing Rat|Jolteon, M|100\/100\n|turn|20\n|j| DivogoJota\n|\n|t:|1700020936\n|move|p2a: Little f-ing Rat|Calm Mind|p2a: Little f-ing Rat\n|-boost|p2a: Little f-ing Rat|spa|1\n|-boost|p2a: Little f-ing Rat|spd|1\n|move|p1a: Surfin' USA|Recover|p1a: Surfin' USA\n|-heal|p1a: Surfin' USA|89\/100\n|\n|-heal|p1a: Surfin' USA|95\/100|[from] item: Leftovers\n|upkeep\n|turn|21\n|\n|t:|1700020967\n|switch|p1a: Weird Guy.|Glimmora, M|100\/100\n|-damage|p1a: Weird Guy.|88\/100|[from] Stealth Rock\n|-damage|p1a: Weird Guy.|76\/100|[from] Spikes\n|move|p2a: Little f-ing Rat|Calm Mind|p2a: Little f-ing Rat\n|-boost|p2a: Little f-ing Rat|spa|1\n|-boost|p2a: Little f-ing Rat|spd|1\n|\n|upkeep\n|turn|22\n|\n|t:|1700020978\n|move|p2a: Little f-ing Rat|Thunderbolt|p1a: Weird Guy.\n|-damage|p1a: Weird Guy.|12\/100\n|move|p1a: Weird Guy.|Mortal Spin|p2a: Little f-ing Rat\n|-damage|p2a: Little f-ing Rat|89\/100\n|-status|p2a: Little f-ing Rat|psn\n|-sideend|p1: ZachMcD|Spikes|[from] move: Mortal Spin|[of] p1a: Weird Guy.\n|-sideend|p1: ZachMcD|Stealth Rock|[from] move: Mortal Spin|[of] p1a: Weird Guy.\n|\n|-damage|p2a: Little f-ing Rat|77\/100 psn|[from] psn\n|upkeep\n|turn|23\n|\n|t:|1700020997\n|-terastallize|p2a: Little f-ing Rat|Fairy\n|move|p2a: Little f-ing Rat|Tera Blast|p1a: Weird Guy.|[anim] Tera Blast Fairy\n|-resisted|p1a: Weird Guy.\n|-damage|p1a: Weird Guy.|0 fnt\n|faint|p1a: Weird Guy.\n|\n|-damage|p2a: Little f-ing Rat|65\/100 psn|[from] psn\n|upkeep\n|\n|t:|1700021014\n|switch|p1a: Kero|Krookodile, M|18\/100\n|-ability|p1a: Kero|Intimidate|boost\n|-unboost|p2a: Little f-ing Rat|atk|1\n|turn|24\n|\n|t:|1700021039\n|move|p1a: Kero|Knock Off|p2a: Little f-ing Rat\n|-resisted|p2a: Little f-ing Rat\n|-damage|p2a: Little f-ing Rat|20\/100 psn\n|-enditem|p2a: Little f-ing Rat|Magnet|[from] move: Knock Off|[of] p1a: Kero\n|move|p2a: Little f-ing Rat|Tera Blast|p1a: Kero|[anim] Tera Blast Fairy\n|-supereffective|p1a: Kero\n|-damage|p1a: Kero|0 fnt\n|faint|p1a: Kero\n|\n|-damage|p2a: Little f-ing Rat|8\/100 psn|[from] psn\n|upkeep\n|c| Scottowo|MAGNET?\n|\n|t:|1700021057\n|switch|p1a: Tumblr|Brambleghast, M|100\/100\n|turn|25\n|\n|t:|1700021063\n|move|p1a: Tumblr|Shadow Sneak|p2a: Little f-ing Rat\n|-damage|p2a: Little f-ing Rat|0 fnt\n|faint|p2a: Little f-ing Rat\n|-damage|p1a: Tumblr|91\/100|[from] item: Life Orb\n|\n|upkeep\n|\n|t:|1700021090\n|switch|p2a: Planting B|Ribombee, F|100\/100\n|turn|26\n|\n|t:|1700021123\n|-terastallize|p1a: Tumblr|Ghost\n|move|p2a: Planting B|Quiver Dance|p2a: Planting B\n|-boost|p2a: Planting B|spa|1\n|-boost|p2a: Planting B|spd|1\n|-boost|p2a: Planting B|spe|1\n|move|p1a: Tumblr|Poltergeist|p2a: Planting B\n|-activate|p2a: Planting B|move: Poltergeist|Focus Sash\n|-enditem|p2a: Planting B|Focus Sash\n|-damage|p2a: Planting B|1\/100\n|-damage|p1a: Tumblr|81\/100|[from] item: Life Orb\n|\n|upkeep\n|turn|27\n|\n|t:|1700021137\n|move|p1a: Tumblr|Shadow Sneak|p2a: Planting B\n|-damage|p2a: Planting B|0 fnt\n|faint|p2a: Planting B\n|-damage|p1a: Tumblr|71\/100|[from] item: Life Orb\n|\n|upkeep\n|\n|t:|1700021148\n|switch|p2a: Mommy Lune|Cresselia, F|100\/100\n|turn|28\n|\n|t:|1700021186\n|switch|p2a: Shelly|Goodra-Hisui, M|1\/100\n|move|p1a: Tumblr|Poltergeist|p2a: Shelly\n|-activate|p2a: Shelly|move: Poltergeist|Assault Vest\n|-damage|p2a: Shelly|0 fnt\n|faint|p2a: Shelly\n|-damage|p1a: Tumblr|61\/100|[from] item: Life Orb\n|\n|upkeep\n|\n|t:|1700021196\n|switch|p2a: All Oger Now|Ogerpon-Wellspring, F|100\/100\n|turn|29\n|\n|t:|1700021203\n|move|p2a: All Oger Now|Substitute|p2a: All Oger Now\n|-start|p2a: All Oger Now|Substitute\n|-damage|p2a: All Oger Now|76\/100\n|move|p1a: Tumblr|Rapid Spin|p2a: All Oger Now\n|-damage|p2a: All Oger Now|46\/100\n|-boost|p1a: Tumblr|spe|1\n|-damage|p1a: Tumblr|51\/100|[from] item: Life Orb\n|\n|upkeep\n|turn|30\n|\n|t:|1700021218\n|move|p1a: Tumblr|Poltergeist|p2a: All Oger Now\n|-activate|p2a: All Oger Now|move: Poltergeist|Wellspring Mask\n|-damage|p2a: All Oger Now|0 fnt\n|faint|p2a: All Oger Now\n|-damage|p1a: Tumblr|41\/100|[from] item: Life Orb\n|\n|upkeep\n|c| DivogoJota|Dastardly\n|\n|t:|1700021222\n|switch|p2a: Mommy Lune|Cresselia, F|100\/100\n|turn|31\n|\n|t:|1700021229\n|move|p1a: Tumblr|Poltergeist|p2a: Mommy Lune\n|-activate|p2a: Mommy Lune|move: Poltergeist|Leftovers\n|-supereffective|p2a: Mommy Lune\n|-damage|p2a: Mommy Lune|0 fnt\n|faint|p2a: Mommy Lune\n|-damage|p1a: Tumblr|31\/100|[from] item: Life Orb\n|\n|win|ZachMcD\n|c|\u2606MessiMeli|ggs\n|c| DivogoJota|gg\n|c|\u2606MessiMeli|goobed hard\n|c|\u2606ZachMcD|gg\n|c| Scottowo|eerie impulse\n|c| DivogoJota|Infiltrator goobing\n|c| Scottowo|i never thought i would see the day\n|c| DivogoJota|and eerie impulse\n|c|\u2606ZachMcD|Not the mon I thought was subbing\n|c|\u2606ZachMcD|But worked out\n|l| Ghantist\n|l|\u2606MessiMeli\n|l| Scottowo\n|c| DivogoJota|Michael Jordan flu game\n|c| HateV2|That eerie impulse went crazy\n|c| DivogoJota|but it\u2019s Zach in Pokemon\n|l| curtisthecacnea\n|l| iceberg149\n|l| HateV2\n|l| DivogoJota\n","uploadtime":1700021323,"views":62,"p1id":"zachmcd","p2id":"messimeli","formatid":"gen9ubers","rating":0,"private":0,"password":""}