{"id":"gen9ubers-1972122071","p1":"marcelotrololol","p2":"Owl In Daylight","format":"[Gen 9] Ubers","log":"|j|\u2606marcelotrololol\n|j|\u2606Owl In Daylight\n|t:|1697814653\n|gametype|singles\n|player|p1|marcelotrololol|lance|1410\n|player|p2|Owl In Daylight|102|1702\n|teamsize|p1|6\n|teamsize|p2|6\n|gen|9\n|tier|[Gen 9] Ubers\n|rated|\n|rule|Sleep Clause Mod: Limit one foe put to sleep\n|rule|Species Clause: Limit one of each Pok\u00e9mon\n|rule|OHKO Clause: OHKO moves are banned\n|rule|Evasion Items Clause: Evasion items are banned\n|rule|Evasion Moves Clause: Evasion moves are banned\n|rule|Endless Battle Clause: Forcing endless battles is banned\n|rule|HP Percentage Mod: HP is shown in percentages\n|clearpoke\n|poke|p1|Giratina|\n|poke|p1|Zacian-*|\n|poke|p1|Samurott-Hisui, M|\n|poke|p1|Miraidon|\n|poke|p1|Ting-Lu|\n|poke|p1|Flutter Mane|\n|poke|p2|Amoonguss, F|\n|poke|p2|Miraidon|\n|poke|p2|Kyogre|\n|poke|p2|Giratina-Origin|\n|poke|p2|Arceus-Fairy|\n|poke|p2|Landorus-Therian, M|\n|teampreview\n|j| fanthegioianime\n|l| fanthegioianime\n|inactive|Battle timer is ON: inactive players will automatically lose when time's up. (requested by Owl In Daylight)\n|inactive|marcelotrololol has 120 seconds left.\n|j| fanthegioianime\n|inactive|marcelotrololol has 90 seconds left.\n|l| fanthegioianime\n|\n|t:|1697814764\n|start\n|switch|p1a: Samurott|Samurott-Hisui, M|100\/100\n|switch|p2a: Arceus|Arceus-Fairy|100\/100\n|turn|1\n|\n|t:|1697814770\n|move|p2a: Arceus|Judgment|p1a: Samurott\n|-supereffective|p1a: Samurott\n|-enditem|p1a: Samurott|Focus Sash\n|-damage|p1a: Samurott|1\/100\n|move|p1a: Samurott|Ceaseless Edge|p2a: Arceus\n|-resisted|p2a: Arceus\n|-damage|p2a: Arceus|84\/100\n|-sidestart|p2: Owl In Daylight|Spikes\n|\n|upkeep\n|turn|2\n|j| Na2Zn(OH)4\n|\n|t:|1697814778\n|move|p1a: Samurott|Aqua Jet|p2a: Arceus\n|-damage|p2a: Arceus|69\/100\n|move|p2a: Arceus|Judgment|p1a: Samurott\n|-supereffective|p1a: Samurott\n|-damage|p1a: Samurott|0 fnt\n|faint|p1a: Samurott\n|\n|upkeep\n|\n|t:|1697814791\n|switch|p1a: Zacian|Zacian-Crowned|100\/100\n|-ability|p1a: Zacian|Intrepid Sword|boost\n|-boost|p1a: Zacian|atk|1\n|turn|3\n|\n|t:|1697814802\n|switch|p2a: Landorus|Landorus-Therian, M|100\/100\n|-ability|p2a: Landorus|Intimidate|boost\n|-unboost|p1a: Zacian|atk|1\n|move|p1a: Zacian|Behemoth Blade|p2a: Landorus\n|-damage|p2a: Landorus|64\/100\n|-damage|p1a: Zacian|84\/100|[from] item: Rocky Helmet|[of] p2a: Landorus\n|\n|upkeep\n|turn|4\n|\n|t:|1697814814\n|switch|p1a: Giratina|Giratina|100\/100\n|-ability|p1a: Giratina|Pressure\n|move|p2a: Landorus|Earthquake|p1a: Giratina\n|-damage|p1a: Giratina|76\/100\n|\n|-heal|p1a: Giratina|82\/100|[from] item: Leftovers\n|upkeep\n|turn|5\n|\n|t:|1697814823\n|switch|p2a: Arceus|Arceus-Fairy|69\/100\n|-damage|p2a: Arceus|57\/100|[from] Spikes\n|move|p1a: Giratina|Will-O-Wisp|p2a: Arceus\n|-status|p2a: Arceus|brn\n|\n|-heal|p1a: Giratina|88\/100|[from] item: Leftovers\n|-damage|p2a: Arceus|51\/100 brn|[from] brn\n|upkeep\n|turn|6\n|\n|t:|1697814833\n|switch|p1a: Zacian|Zacian-Crowned|84\/100\n|move|p2a: Arceus|Recover|p2a: Arceus\n|-heal|p2a: Arceus|100\/100 brn\n|\n|-damage|p2a: Arceus|94\/100 brn|[from] brn\n|upkeep\n|turn|7\n|\n|t:|1697814840\n|switch|p2a: Landorus|Landorus-Therian, M|64\/100\n|-ability|p2a: Landorus|Intimidate|boost\n|-unboost|p1a: Zacian|atk|1\n|move|p1a: Zacian|Behemoth Blade|p2a: Landorus\n|-damage|p2a: Landorus|34\/100\n|-damage|p1a: Zacian|67\/100|[from] item: Rocky Helmet|[of] p2a: Landorus\n|\n|upkeep\n|turn|8\n|\n|t:|1697814847\n|move|p1a: Zacian|Behemoth Blade|p2a: Landorus\n|-damage|p2a: Landorus|5\/100\n|-damage|p1a: Zacian|51\/100|[from] item: Rocky Helmet|[of] p2a: Landorus\n|move|p2a: Landorus|Stealth Rock|p1a: Zacian\n|-sidestart|p1: marcelotrololol|move: Stealth Rock\n|\n|upkeep\n|turn|9\n|\n|t:|1697814857\n|move|p1a: Zacian|Crunch|p2a: Landorus\n|-damage|p2a: Landorus|0 fnt\n|-damage|p1a: Zacian|34\/100|[from] item: Rocky Helmet|[of] p2a: Landorus\n|faint|p2a: Landorus\n|\n|upkeep\n|\n|t:|1697814859\n|switch|p2a: Kyogre|Kyogre|100\/100\n|-damage|p2a: Kyogre|88\/100|[from] Spikes\n|-weather|RainDance|[from] ability: Drizzle|[of] p2a: Kyogre\n|turn|10\n|\n|t:|1697814874\n|switch|p1a: Giratina|Giratina|88\/100\n|-damage|p1a: Giratina|76\/100|[from] Stealth Rock\n|-ability|p1a: Giratina|Pressure\n|move|p2a: Kyogre|Ice Beam|p1a: Giratina\n|-supereffective|p1a: Giratina\n|-damage|p1a: Giratina|18\/100\n|-status|p1a: Giratina|frz\n|\n|-weather|RainDance|[upkeep]\n|-heal|p1a: Giratina|24\/100 frz|[from] item: Leftovers\n|upkeep\n|turn|11\n|-message|marcelotrololol forfeited.\n|\n|win|Owl In Daylight\n|raw|marcelotrololol's rating: 1410 &rarr; <strong>1404<\/strong><br \/>(-6 for losing)\n|raw|Owl In Daylight's rating: 1702 &rarr; <strong>1708<\/strong><br \/>(+6 for winning)\n|l|\u2606marcelotrololol\n|l|\u2606Owl In Daylight\n","uploadtime":1697815006,"views":8,"p1id":"marcelotrololol","p2id":"owlindaylight","formatid":"gen9ubers","rating":1404,"private":0,"password":""}