{"id":"gen9ubers-1973811098","p1":"Yangsta","p2":"Leterte18","format":"[Gen 9] Ubers","log":"|j|\u2606Yangsta\n|j|\u2606Leterte18\n|t:|1698016014\n|gametype|singles\n|player|p1|Yangsta|waiter|\n|player|p2|Leterte18|101|\n|teamsize|p1|6\n|teamsize|p2|6\n|gen|9\n|tier|[Gen 9] Ubers\n|rule|Sleep Clause Mod: Limit one foe put to sleep\n|rule|Species Clause: Limit one of each Pok\u00e9mon\n|rule|OHKO Clause: OHKO moves are banned\n|rule|Evasion Items Clause: Evasion items are banned\n|rule|Evasion Moves Clause: Evasion moves are banned\n|rule|Endless Battle Clause: Forcing endless battles is banned\n|rule|HP Percentage Mod: HP is shown in percentages\n|clearpoke\n|poke|p1|Arceus|\n|poke|p1|Zacian-*|\n|poke|p1|Regieleki|\n|poke|p1|Koraidon|\n|poke|p1|Volcarona, F|\n|poke|p1|Flutter Mane|\n|poke|p2|Dialga-Origin|\n|poke|p2|Palkia-Origin|\n|poke|p2|Giratina-Origin|\n|poke|p2|Arceus|\n|poke|p2|Groudon|\n|poke|p2|Eternatus|\n|teampreview\n|c|\u2606Yangsta|gl hf bro!\n|j| Hand0fD00m\n|j| TooQuickGrim\n|c| TooQuickGrim|Gl gentlemen!!\n|c| Hand0fD00m|hell yeah gl guys!\n|\n|t:|1698016114\n|start\n|switch|p1a: Koraidon|Koraidon|100\/100\n|switch|p2a: Eternatus|Eternatus|100\/100\n|-ability|p2a: Eternatus|Pressure\n|-weather|SunnyDay|[from] ability: Orichalcum Pulse|[of] p1a: Koraidon\n|-activate|p1a: Koraidon|Orichalcum Pulse|[source]\n|turn|1\n|\n|t:|1698016132\n|move|p2a: Eternatus|Sludge Bomb|p1a: Koraidon\n|-damage|p1a: Koraidon|64\/100\n|-status|p1a: Koraidon|psn\n|move|p1a: Koraidon|U-turn|p2a: Eternatus\n|-resisted|p2a: Eternatus\n|-damage|p2a: Eternatus|86\/100\n|\n|t:|1698016138\n|switch|p1a: Flutter Mane|Flutter Mane|100\/100|[from] U-turn\n|-activate|p1a: Flutter Mane|ability: Protosynthesis\n|-start|p1a: Flutter Mane|protosynthesisspe\n|\n|-weather|SunnyDay|[upkeep]\n|upkeep\n|turn|2\n|c|\u2606Yangsta|what in the choice scarf lol\n|\n|t:|1698016158\n|move|p1a: Flutter Mane|Mystical Fire|p2a: Eternatus\n|-resisted|p2a: Eternatus\n|-damage|p2a: Eternatus|68\/100\n|-unboost|p2a: Eternatus|spa|1\n|move|p2a: Eternatus|Sludge Bomb|p1a: Flutter Mane\n|-damage|p1a: Flutter Mane|75\/100\n|\n|-weather|SunnyDay|[upkeep]\n|upkeep\n|turn|3\n|\n|t:|1698016183\n|switch|p2a: Groudon|Groudon|100\/100\n|move|p1a: Flutter Mane|Shadow Ball|p2a: Groudon\n|-damage|p2a: Groudon|71\/100\n|-unboost|p2a: Groudon|spd|1\n|\n|-weather|SunnyDay|[upkeep]\n|-heal|p2a: Groudon|77\/100|[from] item: Leftovers\n|upkeep\n|turn|4\n|\n|t:|1698016206\n|-terastallize|p1a: Flutter Mane|Fairy\n|move|p1a: Flutter Mane|Dazzling Gleam|p2a: Groudon\n|-damage|p2a: Groudon|20\/100\n|move|p2a: Groudon|Precipice Blades|p1a: Flutter Mane\n|-damage|p1a: Flutter Mane|0 fnt\n|faint|p1a: Flutter Mane\n|-end|p1a: Flutter Mane|Protosynthesis|[silent]\n|\n|-weather|SunnyDay|[upkeep]\n|-heal|p2a: Groudon|27\/100|[from] item: Leftovers\n|upkeep\n|c|\u2606Yangsta|nooooo\n|c|\u2606Yangsta|did not pay off\n|c| Hand0fD00m|ruthless\n|\n|t:|1698016221\n|switch|p1a: Volcarona|Volcarona, F|100\/100\n|turn|5\n|\n|t:|1698016276\n|move|p1a: Volcarona|Quiver Dance|p1a: Volcarona\n|-boost|p1a: Volcarona|spa|1\n|-boost|p1a: Volcarona|spd|1\n|-boost|p1a: Volcarona|spe|1\n|move|p2a: Groudon|Precipice Blades|p1a: Volcarona\n|-damage|p1a: Volcarona|7\/100\n|-enditem|p1a: Volcarona|Iapapa Berry|[eat]\n|-heal|p1a: Volcarona|40\/100|[from] item: Iapapa Berry\n|\n|-weather|none\n|-heal|p2a: Groudon|33\/100|[from] item: Leftovers\n|upkeep\n|turn|6\n|c|\u2606Yangsta|noice\n|c|\u2606Yangsta|thank God lol\n|\n|t:|1698016297\n|move|p1a: Volcarona|Giga Drain|p2a: Groudon\n|-supereffective|p2a: Groudon\n|-damage|p2a: Groudon|0 fnt\n|-heal|p1a: Volcarona|61\/100|[from] drain|[of] p2a: Groudon\n|faint|p2a: Groudon\n|\n|upkeep\n|\n|t:|1698016303\n|switch|p2a: Eternatus|Eternatus|68\/100\n|-ability|p2a: Eternatus|Pressure\n|turn|7\n|\n|t:|1698016324\n|move|p2a: Eternatus|Dynamax Cannon|p1a: Volcarona\n|-damage|p1a: Volcarona|15\/100\n|move|p1a: Volcarona|Fiery Dance|p2a: Eternatus\n|-resisted|p2a: Eternatus\n|-damage|p2a: Eternatus|37\/100\n|-boost|p1a: Volcarona|spa|1\n|\n|upkeep\n|turn|8\n|\n|t:|1698016342\n|move|p2a: Eternatus|Dynamax Cannon|p1a: Volcarona\n|-damage|p1a: Volcarona|0 fnt\n|faint|p1a: Volcarona\n|\n|upkeep\n|\n|t:|1698016353\n|switch|p1a: Zacian|Zacian-Crowned|100\/100\n|-ability|p1a: Zacian|Intrepid Sword|boost\n|-boost|p1a: Zacian|atk|1\n|turn|9\n|\n|t:|1698016377\n|switch|p2a: Dialga|Dialga-Origin|100\/100\n|-ability|p2a: Dialga|Pressure\n|move|p1a: Zacian|Play Rough|p2a: Dialga\n|-damage|p2a: Dialga|32\/100\n|-unboost|p2a: Dialga|atk|1\n|\n|upkeep\n|turn|10\n|l|\u2606Leterte18\n|player|p2|\n|j|\u2606Leterte18\n|player|p2|Leterte18|101\n|\n|t:|1698016403\n|-terastallize|p2a: Dialga|Fairy\n|move|p1a: Zacian|Play Rough|p2a: Dialga\n|-damage|p2a: Dialga|0 fnt\n|faint|p2a: Dialga\n|\n|upkeep\n|\n|t:|1698016414\n|switch|p2a: Eternatus|Eternatus|37\/100\n|-ability|p2a: Eternatus|Pressure\n|turn|11\n|\n|t:|1698016423\n|move|p2a: Eternatus|Fire Blast|p1a: Zacian\n|-supereffective|p1a: Zacian\n|-damage|p1a: Zacian|11\/100\n|move|p1a: Zacian|Trailblaze|p2a: Eternatus\n|-resisted|p2a: Eternatus\n|-damage|p2a: Eternatus|31\/100\n|-boost|p1a: Zacian|spe|1\n|\n|upkeep\n|turn|12\n|\n|t:|1698016432\n|move|p1a: Zacian|Play Rough|p2a: Eternatus\n|-damage|p2a: Eternatus|0 fnt\n|faint|p2a: Eternatus\n|\n|upkeep\n|\n|t:|1698016443\n|switch|p2a: Arceus|Arceus, shiny|100\/100\n|turn|13\n|\n|t:|1698016450\n|move|p2a: Arceus|Extreme Speed|p1a: Zacian\n|-resisted|p1a: Zacian\n|-damage|p1a: Zacian|0 fnt\n|faint|p1a: Zacian\n|\n|upkeep\n|\n|t:|1698016459\n|switch|p1a: Koraidon|Koraidon|64\/100 psn\n|-weather|SunnyDay|[from] ability: Orichalcum Pulse|[of] p1a: Koraidon\n|-activate|p1a: Koraidon|Orichalcum Pulse|[source]\n|turn|14\n|\n|t:|1698016473\n|switch|p2a: Giratina|Giratina-Origin, shiny|100\/100\n|move|p1a: Koraidon|Collision Course|p2a: Giratina\n|-immune|p2a: Giratina\n|\n|-weather|SunnyDay|[upkeep]\n|-damage|p1a: Koraidon|52\/100 psn|[from] psn\n|upkeep\n|turn|15\n|\n|t:|1698016486\n|move|p1a: Koraidon|U-turn|p2a: Giratina\n|-resisted|p2a: Giratina\n|-damage|p2a: Giratina|86\/100\n|\n|t:|1698016488\n|switch|p1a: Arceus|Arceus|100\/100|[from] U-turn\n|move|p2a: Giratina|Draco Meteor|p1a: Arceus\n|-damage|p1a: Arceus|57\/100\n|-unboost|p2a: Giratina|spa|2\n|\n|-weather|SunnyDay|[upkeep]\n|-heal|p1a: Arceus|63\/100|[from] item: Leftovers\n|upkeep\n|turn|16\n|\n|t:|1698016497\n|switch|p2a: Palkia|Palkia-Origin|100\/100\n|-ability|p2a: Palkia|Pressure\n|move|p1a: Arceus|Cosmic Power|p1a: Arceus\n|-boost|p1a: Arceus|def|1\n|-boost|p1a: Arceus|spd|1\n|\n|-weather|SunnyDay|[upkeep]\n|-heal|p1a: Arceus|69\/100|[from] item: Leftovers\n|upkeep\n|turn|17\n|\n|t:|1698016506\n|move|p1a: Arceus|Cosmic Power|p1a: Arceus\n|-boost|p1a: Arceus|def|1\n|-boost|p1a: Arceus|spd|1\n|move|p2a: Palkia|Thunder Wave|p1a: Arceus\n|-status|p1a: Arceus|par\n|\n|-weather|SunnyDay|[upkeep]\n|-heal|p1a: Arceus|75\/100 par|[from] item: Leftovers\n|upkeep\n|turn|18\n|\n|t:|1698016516\n|move|p2a: Palkia|Fire Blast|p1a: Arceus\n|-damage|p1a: Arceus|55\/100 par\n|cant|p1a: Arceus|par\n|\n|-weather|none\n|-heal|p1a: Arceus|61\/100 par|[from] item: Leftovers\n|upkeep\n|turn|19\n|\n|t:|1698016527\n|move|p2a: Palkia|Spacial Rend|p1a: Arceus\n|-damage|p1a: Arceus|37\/100 par\n|move|p1a: Arceus|Cosmic Power|p1a: Arceus\n|-boost|p1a: Arceus|def|1\n|-boost|p1a: Arceus|spd|1\n|\n|-heal|p1a: Arceus|43\/100 par|[from] item: Leftovers\n|upkeep\n|turn|20\n|\n|t:|1698016534\n|move|p2a: Palkia|Spacial Rend|p1a: Arceus\n|-damage|p1a: Arceus|26\/100 par\n|cant|p1a: Arceus|par\n|\n|-heal|p1a: Arceus|32\/100 par|[from] item: Leftovers\n|upkeep\n|turn|21\n|\n|t:|1698016541\n|move|p2a: Palkia|Spacial Rend|p1a: Arceus\n|-damage|p1a: Arceus|15\/100 par\n|move|p1a: Arceus|Recover|p1a: Arceus\n|-heal|p1a: Arceus|65\/100 par\n|\n|-heal|p1a: Arceus|71\/100 par|[from] item: Leftovers\n|upkeep\n|turn|22\n|\n|t:|1698016552\n|switch|p2a: Arceus|Arceus, shiny|100\/100\n|cant|p1a: Arceus|par\n|\n|-heal|p1a: Arceus|77\/100 par|[from] item: Leftovers\n|upkeep\n|turn|23\n|\n|t:|1698016558\n|move|p2a: Arceus|Swords Dance|p2a: Arceus\n|-boost|p2a: Arceus|atk|2\n|move|p1a: Arceus|Stored Power|p2a: Arceus\n|-damage|p2a: Arceus|73\/100\n|\n|-heal|p1a: Arceus|83\/100 par|[from] item: Leftovers\n|upkeep\n|turn|24\n|\n|t:|1698016565\n|move|p2a: Arceus|Swords Dance|p2a: Arceus\n|-boost|p2a: Arceus|atk|2\n|cant|p1a: Arceus|par\n|\n|-heal|p1a: Arceus|89\/100 par|[from] item: Leftovers\n|upkeep\n|turn|25\n|\n|t:|1698016575\n|move|p2a: Arceus|Swords Dance|p2a: Arceus\n|-boost|p2a: Arceus|atk|2\n|cant|p1a: Arceus|par\n|\n|-heal|p1a: Arceus|95\/100 par|[from] item: Leftovers\n|upkeep\n|turn|26\n|c|\u2606Yangsta|omg\n|\n|t:|1698016581\n|move|p2a: Arceus|Extreme Speed|p1a: Arceus\n|-damage|p1a: Arceus|43\/100 par\n|move|p1a: Arceus|Cosmic Power|p1a: Arceus\n|-boost|p1a: Arceus|def|1\n|-boost|p1a: Arceus|spd|1\n|\n|-heal|p1a: Arceus|49\/100 par|[from] item: Leftovers\n|upkeep\n|turn|27\n|\n|t:|1698016589\n|move|p2a: Arceus|Extreme Speed|p1a: Arceus\n|-damage|p1a: Arceus|1\/100 par\n|move|p1a: Arceus|Recover|p1a: Arceus\n|-heal|p1a: Arceus|51\/100 par\n|\n|-heal|p1a: Arceus|57\/100 par|[from] item: Leftovers\n|upkeep\n|turn|28\n|\n|t:|1698016596\n|move|p2a: Arceus|Extreme Speed|p1a: Arceus\n|-damage|p1a: Arceus|15\/100 par\n|move|p1a: Arceus|Recover|p1a: Arceus\n|-heal|p1a: Arceus|65\/100 par\n|\n|-heal|p1a: Arceus|71\/100 par|[from] item: Leftovers\n|upkeep\n|turn|29\n|\n|t:|1698016604\n|move|p2a: Arceus|Taunt|p1a: Arceus\n|-start|p1a: Arceus|move: Taunt\n|cant|p1a: Arceus|move: Taunt|Recover\n|\n|-heal|p1a: Arceus|77\/100 par|[from] item: Leftovers\n|upkeep\n|turn|30\n|\n|t:|1698016610\n|move|p2a: Arceus|Extreme Speed|p1a: Arceus\n|-damage|p1a: Arceus|33\/100 par\n|cant|p1a: Arceus|par\n|\n|-heal|p1a: Arceus|39\/100 par|[from] item: Leftovers\n|upkeep\n|turn|31\n|c|\u2606Yangsta|nice\n|\n|t:|1698016616\n|move|p2a: Arceus|Extreme Speed|p1a: Arceus\n|-damage|p1a: Arceus|0 fnt\n|faint|p1a: Arceus\n|\n|upkeep\n|\n|t:|1698016620\n|switch|p1a: Regieleki|Regieleki|100\/100\n|turn|32\n|\n|t:|1698016625\n|move|p2a: Arceus|Extreme Speed|p1a: Regieleki\n|-enditem|p1a: Regieleki|Focus Sash\n|-damage|p1a: Regieleki|1\/100\n|move|p1a: Regieleki|Thunder Cage|p2a: Arceus|[miss]\n|-miss|p1a: Regieleki|p2a: Arceus\n|\n|upkeep\n|turn|33\n|c|\u2606Yangsta|bruh\n|\n|t:|1698016633\n|move|p1a: Regieleki|Extreme Speed|p2a: Arceus\n|-damage|p2a: Arceus|60\/100\n|move|p2a: Arceus|Extreme Speed|p1a: Regieleki\n|-damage|p1a: Regieleki|0 fnt\n|faint|p1a: Regieleki\n|\n|upkeep\n|c| Hand0fD00m|omg bad miss\n|\n|t:|1698016640\n|switch|p1a: Koraidon|Koraidon|52\/100 psn\n|-weather|SunnyDay|[from] ability: Orichalcum Pulse|[of] p1a: Koraidon\n|-activate|p1a: Koraidon|Orichalcum Pulse|[source]\n|turn|34\n|c|\u2606Leterte18|Unlucky\n|c|\u2606Yangsta|gg\n|\n|t:|1698016648\n|move|p1a: Koraidon|Collision Course|p2a: Arceus\n|-supereffective|p2a: Arceus\n|-damage|p2a: Arceus|0 fnt\n|faint|p2a: Arceus\n|\n|-weather|SunnyDay|[upkeep]\n|-damage|p1a: Koraidon|40\/100 psn|[from] psn\n|upkeep\n|c| TooQuickGrim|That paralysis man\n|\n|t:|1698016660\n|switch|p2a: Giratina|Giratina-Origin, shiny|86\/100\n|turn|35\n|c|\u2606Yangsta|yeah like 5 times\n|\n|t:|1698016666\n|move|p1a: Koraidon|Dragon Claw|p2a: Giratina\n|-supereffective|p2a: Giratina\n|-crit|p2a: Giratina\n|-damage|p2a: Giratina|0 fnt\n|faint|p2a: Giratina\n|\n|-weather|SunnyDay|[upkeep]\n|-damage|p1a: Koraidon|27\/100 psn|[from] psn\n|upkeep\n|\n|t:|1698016674\n|switch|p2a: Palkia|Palkia-Origin|100\/100\n|-ability|p2a: Palkia|Pressure\n|turn|36\n|\n|t:|1698016681\n|move|p1a: Koraidon|Dragon Claw|p2a: Palkia\n|-supereffective|p2a: Palkia\n|-damage|p2a: Palkia|0 fnt\n|faint|p2a: Palkia\n|\n|win|Yangsta\n|c|\u2606Yangsta|gg\n|c|\u2606Yangsta|lol\n|c|\u2606Leterte18|Wow\n|c| Hand0fD00m|holy fuck lol\n|c|\u2606Yangsta|Koraidon is OP\n|c| TooQuickGrim|Wtf\n","uploadtime":1698016702,"views":13,"p1id":"yangsta","p2id":"leterte18","formatid":"gen9ubers","rating":0,"private":0,"password":""}