{"id":"gen9ubers-1994643103","p1":"Asta_RPPLF","p2":"Vincent RPPLF","format":"[Gen 9] Ubers","log":"|j|\u2606Asta_RPPLF\n|j|\u2606Vincent RPPLF\n|t:|1700474361\n|gametype|singles\n|player|p1|Asta_RPPLF|#wcop2023belgium|\n|player|p2|Vincent RPPLF|2|\n|teamsize|p1|6\n|teamsize|p2|6\n|gen|9\n|tier|[Gen 9] Ubers\n|rule|Sleep Clause Mod: Limit one foe put to sleep\n|rule|Species Clause: Limit one of each Pok\u00e9mon\n|rule|OHKO Clause: OHKO moves are banned\n|rule|Evasion Items Clause: Evasion items are banned\n|rule|Evasion Moves Clause: Evasion moves are banned\n|rule|Endless Battle Clause: Forcing endless battles is banned\n|rule|HP Percentage Mod: HP is shown in percentages\n|clearpoke\n|poke|p1|Ogerpon-Hearthflame, F|\n|poke|p1|Dragonite, M|\n|poke|p1|Iron Valiant|\n|poke|p1|Corviknight, F|\n|poke|p1|Ursaluna-Bloodmoon, M|\n|poke|p1|Slowking-Galar, M|\n|poke|p2|Garganacl, M|\n|poke|p2|Gliscor, F|\n|poke|p2|Ogerpon-Wellspring, F|\n|poke|p2|Regidrago|\n|poke|p2|Mandibuzz, F|\n|poke|p2|Okidogi, M|\n|teampreview\n|l|\u2606Vincent RPPLF\n|player|p2|\n|\n|t:|1700474413\n|start\n|switch|p1a: Iron Valiant|Iron Valiant|100\/100\n|switch|p2a: Okidogi|Okidogi, M|100\/100\n|turn|1\n|j|\u2606Vincent RPPLF\n|player|p2|Vincent RPPLF|2\n|j| Skotchaud\n|j| AyanYuli\n|\n|t:|1700474440\n|move|p1a: Iron Valiant|Psyshock|p2a: Okidogi\n|-supereffective|p2a: Okidogi\n|-damage|p2a: Okidogi|0 fnt\n|faint|p2a: Okidogi\n|\n|upkeep\n|c|\u2606Asta_RPPLF|all\u00e9 hop\n|c|\u2606Vincent RPPLF|Vous faites chier avec vos sets de merde\n|c|\u2606Vincent RPPLF|\u00c7a pue\n|j| ImhoPitit\n|\n|t:|1700474471\n|switch|p2a: Garganacl|Garganacl, M|100\/100\n|turn|2\n|\n|t:|1700474479\n|-end|p1a: Iron Valiant|Quark Drive|[silent]\n|switch|p1a: Slowking|Slowking-Galar, M|100\/100\n|move|p2a: Garganacl|Stealth Rock|p1a: Slowking\n|-sidestart|p1: Asta_RPPLF|move: Stealth Rock\n|\n|upkeep\n|turn|3\n|\n|t:|1700474496\n|move|p2a: Garganacl|Protect|p2a: Garganacl\n|-singleturn|p2a: Garganacl|Protect\n|move|p1a: Slowking|Chilly Reception|p1a: Slowking\n|-weather|Snow\n|\n|t:|1700474522\n|switch|p1a: Dragonite|Dragonite, M|100\/100|[from] Chilly Reception\n|\n|-weather|Snow|[upkeep]\n|upkeep\n|turn|4\n|\n|t:|1700474529\n|move|p1a: Dragonite|Dragon Dance|p1a: Dragonite\n|-boost|p1a: Dragonite|atk|1\n|-boost|p1a: Dragonite|spe|1\n|move|p2a: Garganacl|Salt Cure|p1a: Dragonite\n|-supereffective|p1a: Dragonite\n|-crit|p1a: Dragonite\n|-damage|p1a: Dragonite|80\/100\n|-start|p1a: Dragonite|Salt Cure\n|\n|-weather|Snow|[upkeep]\n|-damage|p1a: Dragonite|68\/100|[from] Salt Cure\n|upkeep\n|turn|5\n|\n|t:|1700474549\n|switch|p2a: Mandibuzz|Mandibuzz, F|100\/100\n|move|p1a: Dragonite|Earthquake|p2a: Mandibuzz\n|-immune|p2a: Mandibuzz\n|\n|-weather|Snow|[upkeep]\n|-damage|p1a: Dragonite|56\/100|[from] Salt Cure\n|upkeep\n|turn|6\n|\n|t:|1700474572\n|switch|p1a: Corviknight|Corviknight, F|100\/100\n|-damage|p1a: Corviknight|88\/100|[from] Stealth Rock\n|-ability|p1a: Corviknight|Pressure\n|move|p2a: Mandibuzz|U-turn|p1a: Corviknight\n|-resisted|p1a: Corviknight\n|-damage|p1a: Corviknight|86\/100\n|-damage|p2a: Mandibuzz|84\/100|[from] item: Rocky Helmet|[of] p1a: Corviknight\n|\n|t:|1700474586\n|switch|p2a: Ogerpon|Ogerpon-Wellspring, F|100\/100|[from] U-turn\n|\n|-weather|Snow|[upkeep]\n|upkeep\n|turn|7\n|\n|t:|1700474595\n|move|p2a: Ogerpon|Swords Dance|p2a: Ogerpon\n|-boost|p2a: Ogerpon|atk|2\n|move|p1a: Corviknight|U-turn|p2a: Ogerpon\n|-supereffective|p2a: Ogerpon\n|-damage|p2a: Ogerpon|62\/100\n|\n|t:|1700474608\n|switch|p1a: Iron Valiant|Iron Valiant|100\/100|[from] U-turn\n|-damage|p1a: Iron Valiant|94\/100|[from] Stealth Rock\n|\n|-weather|none\n|upkeep\n|turn|8\n|\n|t:|1700474628\n|-terastallize|p1a: Iron Valiant|Fairy\n|-terastallize|p2a: Ogerpon|Water\n|detailschange|p2a: Ogerpon|Ogerpon-Wellspring-Tera, F, tera:Water\n|-ability|p2a: Ogerpon|Embody Aspect (Wellspring)|boost\n|-boost|p2a: Ogerpon|spd|1\n|move|p1a: Iron Valiant|Moonblast|p2a: Ogerpon\n|-damage|p2a: Ogerpon|0 fnt\n|faint|p2a: Ogerpon\n|\n|upkeep\n|-message|Vincent RPPLF forfeited.\n|\n|win|Asta_RPPLF\n|c|\u2606Asta_RPPLF|obvious\n|l|\u2606Vincent RPPLF\n|l| AyanYuli\n|l| Skotchaud\n|l| ImhoPitit\n|j| AyanYuli\n","uploadtime":1700474729,"views":5,"p1id":"astarpplf","p2id":"vincentrpplf","formatid":"gen9ubers","rating":0,"private":0,"password":""}