{"id":"gen9ubers-1981243861","p1":"DragoFox3","p2":"Snorlaxchef","format":"[Gen 9] Ubers","log":"|j|\u2606DragoFox3\n|j|\u2606Snorlaxchef\n|t:|1698875772\n|gametype|singles\n|player|p1|DragoFox3|pokemonbreeder-gen4|1348\n|player|p2|Snorlaxchef|baker|1562\n|teamsize|p1|6\n|teamsize|p2|6\n|gen|9\n|tier|[Gen 9] Ubers\n|rated|\n|rule|Sleep Clause Mod: Limit one foe put to sleep\n|rule|Species Clause: Limit one of each Pok\u00e9mon\n|rule|OHKO Clause: OHKO moves are banned\n|rule|Evasion Items Clause: Evasion items are banned\n|rule|Evasion Moves Clause: Evasion moves are banned\n|rule|Endless Battle Clause: Forcing endless battles is banned\n|rule|HP Percentage Mod: HP is shown in percentages\n|clearpoke\n|poke|p1|Iron Bundle|\n|poke|p1|Iron Treads|\n|poke|p1|Iron Valiant|\n|poke|p1|Iron Moth|\n|poke|p1|Iron Leaves|\n|poke|p1|Miraidon|\n|poke|p2|Corviknight, F|\n|poke|p2|Blissey, F|\n|poke|p2|Clodsire, F|\n|poke|p2|Dondozo, F|\n|poke|p2|Skeledirge, F|\n|poke|p2|Gliscor, M|\n|teampreview\n|inactive|Battle timer is ON: inactive players will automatically lose when time's up. (requested by Snorlaxchef)\n|inactive|DragoFox3 also wants the timer to be on.\n|inactive|Snorlaxchef has 120 seconds left.\n|\n|t:|1698875831\n|start\n|switch|p1a: Delibundle|Iron Bundle, shiny|100\/100\n|switch|p2a: Blissey|Blissey, F, shiny|100\/100\n|turn|1\n|\n|t:|1698875839\n|move|p1a: Delibundle|Electric Terrain|p1a: Delibundle\n|-fieldstart|move: Electric Terrain\n|-activate|p1a: Delibundle|ability: Quark Drive\n|-start|p1a: Delibundle|quarkdrivespe\n|move|p2a: Blissey|Stealth Rock|p1a: Delibundle\n|-sidestart|p1: DragoFox3|move: Stealth Rock\n|\n|upkeep\n|turn|2\n|\n|t:|1698875849\n|move|p1a: Delibundle|Hydro Pump|p2a: Blissey\n|-damage|p2a: Blissey|86\/100\n|move|p2a: Blissey|Seismic Toss|p1a: Delibundle\n|-damage|p1a: Delibundle|61\/100\n|\n|upkeep\n|turn|3\n|\n|t:|1698875857\n|move|p1a: Delibundle|Freeze-Dry|p2a: Blissey\n|-damage|p2a: Blissey|77\/100\n|move|p2a: Blissey|Soft-Boiled|p2a: Blissey\n|-heal|p2a: Blissey|100\/100\n|\n|upkeep\n|turn|4\n|\n|t:|1698875863\n|move|p1a: Delibundle|Freeze-Dry|p2a: Blissey\n|-damage|p2a: Blissey|90\/100\n|-status|p2a: Blissey|frz\n|cant|p2a: Blissey|frz\n|\n|upkeep\n|turn|5\n|\n|t:|1698875873\n|-end|p1a: Delibundle|Quark Drive|[silent]\n|switch|p1a: Tusk Treads|Iron Treads, shiny|100\/100\n|-damage|p1a: Tusk Treads|97\/100|[from] Stealth Rock\n|-activate|p1a: Tusk Treads|ability: Quark Drive\n|-start|p1a: Tusk Treads|quarkdrivespe\n|-curestatus|p2a: Blissey|frz|[from] ability: Natural Cure\n|switch|p2a: Corviknight|Corviknight, F, shiny|100\/100\n|-ability|p2a: Corviknight|Pressure\n|\n|upkeep\n|turn|6\n|\n|t:|1698875879\n|move|p2a: Corviknight|Protect|p2a: Corviknight\n|-singleturn|p2a: Corviknight|Protect\n|move|p1a: Tusk Treads|Ice Spinner|p2a: Corviknight\n|-activate|p2a: Corviknight|move: Protect\n|\n|upkeep\n|turn|7\n|\n|t:|1698875890\n|switch|p2a: Dondozo|Dondozo, F|100\/100\n|move|p1a: Tusk Treads|Rapid Spin|p2a: Dondozo\n|-damage|p2a: Dondozo|93\/100\n|-boost|p1a: Tusk Treads|spe|1\n|-sideend|p1: DragoFox3|Stealth Rock|[from] move: Rapid Spin|[of] p1a: Tusk Treads\n|\n|upkeep\n|turn|8\n|\n|t:|1698875906\n|move|p1a: Tusk Treads|Earthquake|p2a: Dondozo\n|-damage|p2a: Dondozo|73\/100\n|move|p2a: Dondozo|Liquidation|p1a: Tusk Treads\n|-supereffective|p1a: Tusk Treads\n|-damage|p1a: Tusk Treads|45\/100\n|-unboost|p1a: Tusk Treads|def|1\n|\n|-fieldend|move: Electric Terrain\n|-end|p1a: Tusk Treads|Quark Drive\n|upkeep\n|turn|9\n|\n|t:|1698875913\n|move|p1a: Tusk Treads|Earthquake|p2a: Dondozo\n|-damage|p2a: Dondozo|53\/100\n|move|p2a: Dondozo|Liquidation|p1a: Tusk Treads\n|-supereffective|p1a: Tusk Treads\n|-damage|p1a: Tusk Treads|0 fnt\n|faint|p1a: Tusk Treads\n|-end|p1a: Tusk Treads|Quark Drive|[silent]\n|\n|upkeep\n|\n|t:|1698875918\n|switch|p1a: Iron Serpent|Miraidon|100\/100\n|-fieldstart|move: Electric Terrain|[from] ability: Hadron Engine|[of] p1a: Iron Serpent\n|turn|10\n|\n|t:|1698875929\n|switch|p1a: Delibundle|Iron Bundle, shiny|61\/100\n|-activate|p1a: Delibundle|ability: Quark Drive\n|-start|p1a: Delibundle|quarkdrivespe\n|move|p2a: Dondozo|Liquidation|p1a: Delibundle\n|-resisted|p1a: Delibundle\n|-damage|p1a: Delibundle|43\/100\n|\n|upkeep\n|turn|11\n|\n|t:|1698875936\n|switch|p2a: Blissey|Blissey, F, shiny|90\/100\n|move|p1a: Delibundle|Freeze-Dry|p2a: Blissey\n|-damage|p2a: Blissey|80\/100\n|-status|p2a: Blissey|frz\n|\n|upkeep\n|turn|12\n|c|\u2606Snorlaxchef|How do you do it?\n|\n|t:|1698875951\n|-end|p1a: Delibundle|Quark Drive|[silent]\n|switch|p1a: Moth Wing|Iron Moth, shiny|100\/100\n|-activate|p1a: Moth Wing|ability: Quark Drive\n|-start|p1a: Moth Wing|quarkdrivespe\n|-curestatus|p2a: Blissey|frz|[from] ability: Natural Cure\n|switch|p2a: Corviknight|Corviknight, F, shiny|100\/100\n|-ability|p2a: Corviknight|Pressure\n|\n|upkeep\n|turn|13\n|c|\u2606Snorlaxchef|Lucky noob\n|\n|t:|1698875972\n|switch|p2a: Clodsire|Clodsire, F|100\/100\n|move|p1a: Moth Wing|Fiery Dance|p2a: Clodsire\n|-crit|p2a: Clodsire\n|-damage|p2a: Clodsire|66\/100\n|\n|upkeep\n|turn|14\n|\n|t:|1698875978\n|move|p1a: Moth Wing|Energy Ball|p2a: Clodsire\n|-damage|p2a: Clodsire|49\/100\n|move|p2a: Clodsire|Recover|p2a: Clodsire\n|-heal|p2a: Clodsire|99\/100\n|\n|upkeep\n|turn|15\n|\n|t:|1698875986\n|move|p1a: Moth Wing|Fiery Dance|p2a: Clodsire\n|-damage|p2a: Clodsire|78\/100\n|move|p2a: Clodsire|Spikes|p1a: Moth Wing\n|-sidestart|p1: DragoFox3|Spikes\n|\n|upkeep\n|turn|16\n|\n|t:|1698875992\n|move|p1a: Moth Wing|Fiery Dance|p2a: Clodsire\n|-damage|p2a: Clodsire|57\/100\n|-boost|p1a: Moth Wing|spa|1\n|move|p2a: Clodsire|Spikes|p1a: Moth Wing\n|-sidestart|p1: DragoFox3|Spikes\n|\n|upkeep\n|turn|17\n|\n|t:|1698875996\n|move|p1a: Moth Wing|Energy Ball|p2a: Clodsire\n|-damage|p2a: Clodsire|42\/100\n|move|p2a: Clodsire|Recover|p2a: Clodsire\n|-heal|p2a: Clodsire|92\/100\n|\n|-fieldend|move: Electric Terrain\n|-end|p1a: Moth Wing|Quark Drive\n|upkeep\n|turn|18\n|\n|t:|1698876002\n|move|p1a: Moth Wing|Fiery Dance|p2a: Clodsire\n|-damage|p2a: Clodsire|70\/100\n|move|p2a: Clodsire|Spikes|p1a: Moth Wing\n|-sidestart|p1: DragoFox3|Spikes\n|\n|upkeep\n|turn|19\n|\n|t:|1698876007\n|move|p1a: Moth Wing|Bug Buzz|p2a: Clodsire\n|-resisted|p2a: Clodsire\n|-damage|p2a: Clodsire|61\/100\n|-unboost|p2a: Clodsire|spd|1\n|move|p2a: Clodsire|Recover|p2a: Clodsire\n|-heal|p2a: Clodsire|100\/100\n|\n|upkeep\n|turn|20\n|\n|t:|1698876013\n|switch|p2a: Blissey|Blissey, F, shiny|80\/100\n|move|p1a: Moth Wing|Fiery Dance|p2a: Blissey\n|-damage|p2a: Blissey|62\/100\n|\n|upkeep\n|turn|21\n|\n|t:|1698876021\n|move|p1a: Moth Wing|Sludge Wave|p2a: Blissey\n|-crit|p2a: Blissey\n|-damage|p2a: Blissey|32\/100\n|move|p2a: Blissey|Soft-Boiled|p2a: Blissey\n|-heal|p2a: Blissey|82\/100\n|\n|upkeep\n|turn|22\n|\n|t:|1698876029\n|move|p1a: Moth Wing|Fiery Dance|p2a: Blissey\n|-damage|p2a: Blissey|65\/100\n|-boost|p1a: Moth Wing|spa|1\n|move|p2a: Blissey|Stealth Rock|p1a: Moth Wing\n|-sidestart|p1: DragoFox3|move: Stealth Rock\n|\n|upkeep\n|turn|23\n|\n|t:|1698876035\n|move|p1a: Moth Wing|Sludge Wave|p2a: Blissey\n|-damage|p2a: Blissey|37\/100\n|move|p2a: Blissey|Soft-Boiled|p2a: Blissey\n|-heal|p2a: Blissey|87\/100\n|\n|upkeep\n|turn|24\n|\n|t:|1698876039\n|switch|p2a: Clodsire|Clodsire, F|100\/100\n|move|p1a: Moth Wing|Fiery Dance|p2a: Clodsire\n|-damage|p2a: Clodsire|78\/100\n|-boost|p1a: Moth Wing|spa|1\n|\n|upkeep\n|turn|25\n|\n|t:|1698876048\n|move|p1a: Moth Wing|Fiery Dance|p2a: Clodsire\n|-damage|p2a: Clodsire|55\/100\n|move|p2a: Clodsire|Earthquake|p1a: Moth Wing\n|-supereffective|p1a: Moth Wing\n|-enditem|p1a: Moth Wing|Shuca Berry|[eat]\n|-enditem|p1a: Moth Wing|Shuca Berry|[weaken]\n|-damage|p1a: Moth Wing|15\/100\n|\n|upkeep\n|turn|26\n|\n|t:|1698876055\n|move|p1a: Moth Wing|Bug Buzz|p2a: Clodsire\n|-resisted|p2a: Clodsire\n|-damage|p2a: Clodsire|47\/100\n|move|p2a: Clodsire|Recover|p2a: Clodsire\n|-heal|p2a: Clodsire|97\/100\n|\n|upkeep\n|turn|27\n|\n|t:|1698876060\n|move|p1a: Moth Wing|Fiery Dance|p2a: Clodsire\n|-damage|p2a: Clodsire|77\/100\n|move|p2a: Clodsire|Earthquake|p1a: Moth Wing\n|-supereffective|p1a: Moth Wing\n|-damage|p1a: Moth Wing|0 fnt\n|faint|p1a: Moth Wing\n|-end|p1a: Moth Wing|Quark Drive|[silent]\n|\n|upkeep\n|\n|t:|1698876067\n|switch|p1a: Delibundle|Iron Bundle, shiny|43\/100\n|-damage|p1a: Delibundle|18\/100|[from] Spikes\n|-damage|p1a: Delibundle|0 fnt|[from] Stealth Rock\n|faint|p1a: Delibundle\n|-end|p1a: Delibundle|Quark Drive|[silent]\n|\n|t:|1698876069\n|switch|p1a: Iron Serpent|Miraidon|100\/100\n|-damage|p1a: Iron Serpent|76\/100|[from] Spikes\n|-damage|p1a: Iron Serpent|63\/100|[from] Stealth Rock\n|-fieldstart|move: Electric Terrain|[from] ability: Hadron Engine|[of] p1a: Iron Serpent\n|turn|28\n|\n|t:|1698876076\n|move|p1a: Iron Serpent|Flash Cannon|p2a: Clodsire\n|-damage|p2a: Clodsire|56\/100\n|move|p2a: Clodsire|Toxic|p1a: Iron Serpent\n|-status|p1a: Iron Serpent|tox\n|\n|-damage|p1a: Iron Serpent|57\/100 tox|[from] psn\n|upkeep\n|turn|29\n|\n|t:|1698876080\n|move|p1a: Iron Serpent|Dragon Pulse|p2a: Clodsire\n|-damage|p2a: Clodsire|24\/100\n|move|p2a: Clodsire|Recover|p2a: Clodsire\n|-heal|p2a: Clodsire|74\/100\n|\n|-damage|p1a: Iron Serpent|45\/100 tox|[from] psn\n|upkeep\n|turn|30\n|\n|t:|1698876083\n|move|p1a: Iron Serpent|Dragon Pulse|p2a: Clodsire\n|-damage|p2a: Clodsire|41\/100\n|move|p2a: Clodsire|Recover|p2a: Clodsire\n|-heal|p2a: Clodsire|91\/100\n|\n|-damage|p1a: Iron Serpent|26\/100 tox|[from] psn\n|upkeep\n|turn|31\n|\n|t:|1698876087\n|switch|p2a: Blissey|Blissey, F, shiny|87\/100\n|move|p1a: Iron Serpent|Dragon Pulse|p2a: Blissey\n|-damage|p2a: Blissey|71\/100\n|\n|-damage|p1a: Iron Serpent|2\/100 tox|[from] psn\n|upkeep\n|turn|32\n|\n|t:|1698876091\n|move|p1a: Iron Serpent|Electro Drift|p2a: Blissey\n|-damage|p2a: Blissey|46\/100\n|move|p2a: Blissey|Soft-Boiled|p2a: Blissey\n|-heal|p2a: Blissey|96\/100\n|\n|-damage|p1a: Iron Serpent|0 fnt|[from] psn\n|faint|p1a: Iron Serpent\n|upkeep\n|\n|t:|1698876096\n|switch|p1a: Iron Leaves|Iron Leaves|100\/100\n|-damage|p1a: Iron Leaves|76\/100|[from] Spikes\n|-damage|p1a: Iron Leaves|63\/100|[from] Stealth Rock\n|-activate|p1a: Iron Leaves|ability: Quark Drive\n|-start|p1a: Iron Leaves|quarkdrivespe\n|turn|33\n|\n|t:|1698876108\n|switch|p2a: Corviknight|Corviknight, F, shiny|100\/100\n|-ability|p2a: Corviknight|Pressure\n|move|p1a: Iron Leaves|Psyblade|p2a: Corviknight\n|-resisted|p2a: Corviknight\n|-damage|p2a: Corviknight|82\/100\n|\n|-heal|p2a: Corviknight|89\/100|[from] item: Leftovers\n|upkeep\n|turn|34\n|\n|t:|1698876116\n|move|p2a: Corviknight|Protect|p2a: Corviknight\n|-singleturn|p2a: Corviknight|Protect\n|move|p1a: Iron Leaves|Psyblade|p2a: Corviknight\n|-activate|p2a: Corviknight|move: Protect\n|\n|-heal|p2a: Corviknight|95\/100|[from] item: Leftovers\n|upkeep\n|turn|35\n|\n|t:|1698876120\n|move|p1a: Iron Leaves|Psyblade|p2a: Corviknight\n|-resisted|p2a: Corviknight\n|-damage|p2a: Corviknight|77\/100\n|move|p2a: Corviknight|Steel Wing|p1a: Iron Leaves\n|-damage|p1a: Iron Leaves|40\/100\n|\n|-heal|p2a: Corviknight|84\/100|[from] item: Leftovers\n|-fieldend|move: Electric Terrain\n|-end|p1a: Iron Leaves|Quark Drive\n|upkeep\n|turn|36\n|\n|t:|1698876126\n|move|p2a: Corviknight|Protect|p2a: Corviknight\n|-singleturn|p2a: Corviknight|Protect\n|move|p1a: Iron Leaves|Megahorn|p2a: Corviknight\n|-activate|p2a: Corviknight|move: Protect\n|\n|-heal|p2a: Corviknight|90\/100|[from] item: Leftovers\n|upkeep\n|turn|37\n|\n|t:|1698876129\n|move|p1a: Iron Leaves|Megahorn|p2a: Corviknight\n|-resisted|p2a: Corviknight\n|-damage|p2a: Corviknight|84\/100\n|move|p2a: Corviknight|Steel Wing|p1a: Iron Leaves\n|-damage|p1a: Iron Leaves|18\/100\n|-boost|p2a: Corviknight|def|1\n|\n|-heal|p2a: Corviknight|91\/100|[from] item: Leftovers\n|upkeep\n|turn|38\n|\n|t:|1698876134\n|move|p1a: Iron Leaves|Psyblade|p2a: Corviknight\n|-resisted|p2a: Corviknight\n|-damage|p2a: Corviknight|83\/100\n|move|p2a: Corviknight|Steel Wing|p1a: Iron Leaves\n|-damage|p1a: Iron Leaves|0 fnt\n|faint|p1a: Iron Leaves\n|-end|p1a: Iron Leaves|Quark Drive|[silent]\n|\n|-heal|p2a: Corviknight|90\/100|[from] item: Leftovers\n|upkeep\n|\n|t:|1698876137\n|switch|p1a: Galvaliant|Iron Valiant, shiny|100\/100\n|-damage|p1a: Galvaliant|76\/100|[from] Spikes\n|-damage|p1a: Galvaliant|69\/100|[from] Stealth Rock\n|turn|39\n|\n|t:|1698876141\n|move|p2a: Corviknight|Protect|p2a: Corviknight\n|-singleturn|p2a: Corviknight|Protect\n|move|p1a: Galvaliant|Spirit Break|p2a: Corviknight\n|-activate|p2a: Corviknight|move: Protect\n|\n|-heal|p2a: Corviknight|96\/100|[from] item: Leftovers\n|upkeep\n|turn|40\n|\n|t:|1698876146\n|move|p1a: Galvaliant|Drain Punch|p2a: Corviknight\n|-damage|p2a: Corviknight|79\/100\n|-heal|p1a: Galvaliant|81\/100|[from] drain|[of] p2a: Corviknight\n|move|p2a: Corviknight|Steel Wing|p1a: Galvaliant\n|-supereffective|p1a: Galvaliant\n|-damage|p1a: Galvaliant|28\/100\n|\n|-heal|p2a: Corviknight|86\/100|[from] item: Leftovers\n|upkeep\n|turn|41\n|\n|t:|1698876156\n|-terastallize|p1a: Galvaliant|Psychic\n|move|p1a: Galvaliant|Drain Punch|p2a: Corviknight\n|-damage|p2a: Corviknight|70\/100\n|-heal|p1a: Galvaliant|39\/100|[from] drain|[of] p2a: Corviknight\n|move|p2a: Corviknight|Steel Wing|p1a: Galvaliant\n|-damage|p1a: Galvaliant|10\/100\n|-boost|p2a: Corviknight|def|1\n|\n|-heal|p2a: Corviknight|76\/100|[from] item: Leftovers\n|upkeep\n|turn|42\n|\n|t:|1698876165\n|move|p1a: Galvaliant|Drain Punch|p2a: Corviknight\n|-damage|p2a: Corviknight|63\/100\n|-heal|p1a: Galvaliant|19\/100|[from] drain|[of] p2a: Corviknight\n|move|p2a: Corviknight|Roost|p2a: Corviknight\n|-heal|p2a: Corviknight|100\/100\n|-singleturn|p2a: Corviknight|move: Roost\n|\n|upkeep\n|turn|43\n|\n|t:|1698876172\n|move|p2a: Corviknight|Protect|p2a: Corviknight\n|-singleturn|p2a: Corviknight|Protect\n|move|p1a: Galvaliant|Drain Punch|p2a: Corviknight\n|-activate|p2a: Corviknight|move: Protect\n|\n|upkeep\n|turn|44\n|\n|t:|1698876178\n|move|p1a: Galvaliant|Drain Punch|p2a: Corviknight\n|-damage|p2a: Corviknight|90\/100\n|-heal|p1a: Galvaliant|27\/100|[from] drain|[of] p2a: Corviknight\n|move|p2a: Corviknight|Defog|p1a: Galvaliant\n|-unboost|p1a: Galvaliant|evasion|1\n|-sideend|p1: DragoFox3|Spikes|[from] move: Defog|[of] p2a: Corviknight\n|-sideend|p1: DragoFox3|Stealth Rock|[from] move: Defog|[of] p2a: Corviknight\n|\n|-heal|p2a: Corviknight|96\/100|[from] item: Leftovers\n|upkeep\n|turn|45\n|\n|t:|1698876184\n|move|p2a: Corviknight|Protect|p2a: Corviknight\n|-singleturn|p2a: Corviknight|Protect\n|move|p1a: Galvaliant|Drain Punch|p2a: Corviknight\n|-activate|p2a: Corviknight|move: Protect\n|\n|-heal|p2a: Corviknight|100\/100|[from] item: Leftovers\n|upkeep\n|turn|46\n|\n|t:|1698876189\n|move|p1a: Galvaliant|Drain Punch|p2a: Corviknight\n|-damage|p2a: Corviknight|89\/100\n|-heal|p1a: Galvaliant|35\/100|[from] drain|[of] p2a: Corviknight\n|move|p2a: Corviknight|Roost|p2a: Corviknight\n|-heal|p2a: Corviknight|100\/100\n|-singleturn|p2a: Corviknight|move: Roost\n|\n|upkeep\n|turn|47\n|\n|t:|1698876205\n|move|p1a: Galvaliant|Drain Punch|p2a: Corviknight\n|-damage|p2a: Corviknight|89\/100\n|-heal|p1a: Galvaliant|43\/100|[from] drain|[of] p2a: Corviknight\n|move|p2a: Corviknight|Steel Wing|p1a: Galvaliant\n|-damage|p1a: Galvaliant|15\/100\n|\n|-heal|p2a: Corviknight|95\/100|[from] item: Leftovers\n|upkeep\n|turn|48\n|\n|t:|1698876227\n|move|p1a: Galvaliant|Psycho Cut|p2a: Corviknight\n|-resisted|p2a: Corviknight\n|-damage|p2a: Corviknight|89\/100\n|move|p2a: Corviknight|Roost|p2a: Corviknight\n|-heal|p2a: Corviknight|100\/100\n|-singleturn|p2a: Corviknight|move: Roost\n|\n|upkeep\n|turn|49\n|c|\u2606DragoFox3|Wait how am i a noob?\n|inactive|DragoFox3 has 120 seconds left.\n|c|\u2606DragoFox3|Just cause im using a theme team?\n|\n|t:|1698876263\n|move|p2a: Corviknight|Protect|p2a: Corviknight\n|-singleturn|p2a: Corviknight|Protect\n|move|p1a: Galvaliant|Psycho Cut|p2a: Corviknight\n|-activate|p2a: Corviknight|move: Protect\n|\n|upkeep\n|turn|50\n|c|\u2606Snorlaxchef|Look at ur elo\n|inactive|DragoFox3 has 120 seconds left.\n|c|\u2606Snorlaxchef|and playstyle\n|c|\u2606Snorlaxchef|lmao\n|c|\u2606Snorlaxchef|not bad\n|c|\u2606Snorlaxchef|for a 5 year old\n|\n|t:|1698876290\n|move|p1a: Galvaliant|Psycho Cut|p2a: Corviknight\n|-resisted|p2a: Corviknight\n|-damage|p2a: Corviknight|95\/100\n|move|p2a: Corviknight|Roost|p2a: Corviknight\n|-heal|p2a: Corviknight|100\/100\n|-singleturn|p2a: Corviknight|move: Roost\n|\n|upkeep\n|turn|51\n|c|\u2606DragoFox3|My play style is to have fun so thanks lol\n|inactive|DragoFox3 has 120 seconds left.\n|c|\u2606Snorlaxchef|Ur a happy noob\n|c|\u2606Snorlaxchef|perfect\n|c|\u2606Snorlaxchef|If ur happy I\u2019m happy\n|c|\u2606DragoFox3|Lmao youre the 5 year old with the insults for no reason but its ok little bro gg\n|inactive|DragoFox3 has 90 seconds left.\n|\n|t:|1698876333\n|move|p2a: Corviknight|Protect|p2a: Corviknight\n|-singleturn|p2a: Corviknight|Protect\n|move|p1a: Galvaliant|Psycho Cut|p2a: Corviknight\n|-activate|p2a: Corviknight|move: Protect\n|\n|upkeep\n|turn|52\n|\n|t:|1698876347\n|move|p1a: Galvaliant|Psycho Cut|p2a: Corviknight\n|-resisted|p2a: Corviknight\n|-damage|p2a: Corviknight|95\/100\n|move|p2a: Corviknight|Defog|p1a: Galvaliant\n|-unboost|p1a: Galvaliant|evasion|1\n|\n|-heal|p2a: Corviknight|100\/100|[from] item: Leftovers\n|upkeep\n|turn|53\n|\n|t:|1698876360\n|move|p1a: Galvaliant|Psycho Cut|p2a: Corviknight\n|-resisted|p2a: Corviknight\n|-damage|p2a: Corviknight|95\/100\n|move|p2a: Corviknight|Defog|p1a: Galvaliant\n|-unboost|p1a: Galvaliant|evasion|1\n|\n|-heal|p2a: Corviknight|100\/100|[from] item: Leftovers\n|upkeep\n|turn|54\n|\n|t:|1698876364\n|move|p1a: Galvaliant|Spirit Break|p2a: Corviknight\n|-resisted|p2a: Corviknight\n|-damage|p2a: Corviknight|94\/100\n|-unboost|p2a: Corviknight|spa|1\n|move|p2a: Corviknight|Defog|p1a: Galvaliant\n|-unboost|p1a: Galvaliant|evasion|1\n|\n|-heal|p2a: Corviknight|100\/100|[from] item: Leftovers\n|upkeep\n|turn|55\n|\n|t:|1698876371\n|move|p1a: Galvaliant|Spirit Break|p2a: Corviknight\n|-resisted|p2a: Corviknight\n|-damage|p2a: Corviknight|94\/100\n|-unboost|p2a: Corviknight|spa|1\n|move|p2a: Corviknight|Defog|p1a: Galvaliant\n|-unboost|p1a: Galvaliant|evasion|1\n|\n|-heal|p2a: Corviknight|100\/100|[from] item: Leftovers\n|upkeep\n|turn|56\n|\n|t:|1698876396\n|move|p1a: Galvaliant|Spirit Break|p2a: Corviknight\n|-resisted|p2a: Corviknight\n|-damage|p2a: Corviknight|94\/100\n|-unboost|p2a: Corviknight|spa|1\n|move|p2a: Corviknight|Defog|p1a: Galvaliant\n|-unboost|p1a: Galvaliant|evasion|1\n|\n|-heal|p2a: Corviknight|100\/100|[from] item: Leftovers\n|upkeep\n|turn|57\n|inactive|DragoFox3 has 120 seconds left.\n|\n|t:|1698876414\n|move|p1a: Galvaliant|Psycho Cut|p2a: Corviknight\n|-resisted|p2a: Corviknight\n|-damage|p2a: Corviknight|95\/100\n|move|p2a: Corviknight|Defog||[still]\n|-unboost|p1a: Galvaliant|evasion|0\n|-fail|p2a: Corviknight\n|\n|-heal|p2a: Corviknight|100\/100|[from] item: Leftovers\n|upkeep\n|turn|58\n|\n|t:|1698876432\n|switch|p2a: Gliscor|Gliscor, M|100\/100\n|move|p1a: Galvaliant|Spirit Break|p2a: Gliscor\n|-damage|p2a: Gliscor|77\/100\n|-unboost|p2a: Gliscor|spa|1\n|\n|-status|p2a: Gliscor|tox|[from] item: Toxic Orb\n|upkeep\n|turn|59\n|\n|t:|1698876440\n|move|p1a: Galvaliant|Spirit Break|p2a: Gliscor\n|-damage|p2a: Gliscor|55\/100 tox\n|-unboost|p2a: Gliscor|spa|1\n|move|p2a: Gliscor|Spikes|p1a: Galvaliant\n|-sidestart|p1: DragoFox3|Spikes\n|\n|-heal|p2a: Gliscor|68\/100 tox|[from] ability: Poison Heal\n|upkeep\n|turn|60\n|\n|t:|1698876445\n|move|p2a: Gliscor|Protect|p2a: Gliscor\n|-singleturn|p2a: Gliscor|Protect\n|move|p1a: Galvaliant|Spirit Break|p2a: Gliscor\n|-activate|p2a: Gliscor|move: Protect\n|\n|-heal|p2a: Gliscor|80\/100 tox|[from] ability: Poison Heal\n|upkeep\n|turn|61\n|\n|t:|1698876448\n|move|p1a: Galvaliant|Psycho Cut|p2a: Gliscor\n|-damage|p2a: Gliscor|58\/100 tox\n|move|p2a: Gliscor|Spikes|p1a: Galvaliant\n|-sidestart|p1: DragoFox3|Spikes\n|\n|-heal|p2a: Gliscor|71\/100 tox|[from] ability: Poison Heal\n|upkeep\n|turn|62\n|\n|t:|1698876450\n|move|p2a: Gliscor|Protect|p2a: Gliscor\n|-singleturn|p2a: Gliscor|Protect\n|move|p1a: Galvaliant|Spirit Break|p2a: Gliscor\n|-activate|p2a: Gliscor|move: Protect\n|\n|-heal|p2a: Gliscor|83\/100 tox|[from] ability: Poison Heal\n|upkeep\n|turn|63\n|\n|t:|1698876453\n|switch|p2a: Corviknight|Corviknight, F, shiny|100\/100\n|-ability|p2a: Corviknight|Pressure\n|move|p1a: Galvaliant|Spirit Break|p2a: Corviknight\n|-resisted|p2a: Corviknight\n|-damage|p2a: Corviknight|89\/100\n|-unboost|p2a: Corviknight|spa|1\n|\n|-heal|p2a: Corviknight|95\/100|[from] item: Leftovers\n|upkeep\n|turn|64\n|\n|t:|1698876464\n|move|p1a: Galvaliant|Spirit Break|p2a: Corviknight\n|-resisted|p2a: Corviknight\n|-damage|p2a: Corviknight|83\/100\n|-unboost|p2a: Corviknight|spa|1\n|move|p2a: Corviknight|Defog|p1a: Galvaliant\n|-unboost|p1a: Galvaliant|evasion|0\n|-sideend|p1: DragoFox3|Spikes|[from] move: Defog|[of] p2a: Corviknight\n|\n|-heal|p2a: Corviknight|89\/100|[from] item: Leftovers\n|upkeep\n|turn|65\n|c|\u2606Snorlaxchef|I love easy games\n|\n|t:|1698876475\n|move|p1a: Galvaliant|Poison Jab|p2a: Corviknight\n|-immune|p2a: Corviknight\n|move|p2a: Corviknight|Defog||[still]\n|-unboost|p1a: Galvaliant|evasion|0\n|-fail|p2a: Corviknight\n|\n|-heal|p2a: Corviknight|96\/100|[from] item: Leftovers\n|upkeep\n|turn|66\n|\n|t:|1698876479\n|move|p1a: Galvaliant|Spirit Break|p2a: Corviknight\n|-resisted|p2a: Corviknight\n|-damage|p2a: Corviknight|84\/100\n|-unboost|p2a: Corviknight|spa|1\n|move|p2a: Corviknight|Steel Wing|p1a: Galvaliant\n|-damage|p1a: Galvaliant|0 fnt\n|-boost|p2a: Corviknight|def|1\n|faint|p1a: Galvaliant\n|-end|p1a: Galvaliant|Quark Drive|[silent]\n|\n|win|Snorlaxchef\n|raw|DragoFox3's rating: 1348 &rarr; <strong>1339<\/strong><br \/>(-9 for losing)\n|raw|Snorlaxchef's rating: 1562 &rarr; <strong>1571<\/strong><br \/>(+9 for winning)\n","uploadtime":1698876406,"views":9,"p1id":"dragofox3","p2id":"snorlaxchef","formatid":"gen9ubers","rating":1339,"private":0,"password":""}