{"id":"gen9ubers-1979033638","p1":"leonissenbaum","p2":"ttkilla","format":"[Gen 9] Ubers","log":"|j|\u2606leonissenbaum\n|j|\u2606ttkilla\n|t:|1698623702\n|gametype|singles\n|player|p1|leonissenbaum|leon|\n|player|p2|ttkilla|cameraman|\n|teamsize|p1|6\n|teamsize|p2|6\n|gen|9\n|tier|[Gen 9] Ubers\n|rule|Sleep Clause Mod: Limit one foe put to sleep\n|rule|Species Clause: Limit one of each Pok\u00e9mon\n|rule|OHKO Clause: OHKO moves are banned\n|rule|Evasion Items Clause: Evasion items are banned\n|rule|Evasion Moves Clause: Evasion moves are banned\n|rule|Endless Battle Clause: Forcing endless battles is banned\n|rule|HP Percentage Mod: HP is shown in percentages\n|clearpoke\n|poke|p1|Giratina|\n|poke|p1|Gliscor, F|\n|poke|p1|Blissey, F|\n|poke|p1|Dondozo, M|\n|poke|p1|Clefable, F|\n|poke|p1|Espeon, M|\n|poke|p2|Mamoswine, M|\n|poke|p2|Dragapult, M|\n|poke|p2|Hoopa-Unbound|\n|poke|p2|Thundurus, M|\n|poke|p2|Chi-Yu|\n|poke|p2|Blissey, F|\n|teampreview\n|c|\u2606ttkilla|glhf\n|c|\u2606leonissenbaum|u2!\n|c|\u2606leonissenbaum|very odd team\n|\n|t:|1698623732\n|start\n|switch|p1a: Gliscor|Gliscor, F|100\/100\n|switch|p2a: Goldfish|Chi-Yu|100\/100\n|-ability|p2a: Goldfish|Beads of Ruin\n|turn|1\n|\n|t:|1698623746\n|move|p1a: Gliscor|Protect|p1a: Gliscor\n|-singleturn|p1a: Gliscor|Protect\n|move|p2a: Goldfish|Dark Pulse|p1a: Gliscor\n|-activate|p1a: Gliscor|move: Protect\n|\n|-status|p1a: Gliscor|tox|[from] item: Toxic Orb\n|upkeep\n|turn|2\n|\n|t:|1698623758\n|move|p2a: Goldfish|Dark Pulse|p1a: Gliscor\n|-damage|p1a: Gliscor|53\/100 tox\n|move|p1a: Gliscor|Toxic Spikes|p2a: Goldfish\n|-sidestart|p2: ttkilla|move: Toxic Spikes\n|\n|-heal|p1a: Gliscor|65\/100 tox|[from] ability: Poison Heal\n|upkeep\n|turn|3\n|\n|t:|1698623764\n|move|p1a: Gliscor|Protect|p1a: Gliscor\n|-singleturn|p1a: Gliscor|Protect\n|move|p2a: Goldfish|Nasty Plot|p2a: Goldfish\n|-boost|p2a: Goldfish|spa|2\n|\n|-heal|p1a: Gliscor|78\/100 tox|[from] ability: Poison Heal\n|upkeep\n|turn|4\n|\n|t:|1698623786\n|switch|p1a: Clefable|Clefable, F|100\/100\n|move|p2a: Goldfish|Flamethrower|p1a: Clefable\n|-damage|p1a: Clefable|61\/100\n|\n|-heal|p1a: Clefable|67\/100|[from] item: Leftovers\n|upkeep\n|turn|5\n|j| the tr4sh man\n|c| the tr4sh man|did somebody say odd\n|c|\u2606leonissenbaum|o no\n|c|\u2606ttkilla|its him 0-0\n|\n|t:|1698623821\n|switch|p2a: Pretend Zeus|Thundurus, M|100\/100\n|move|p1a: Clefable|Protect||[still]\n|-fail|p1a: Clefable\n|\n|-heal|p1a: Clefable|73\/100|[from] item: Leftovers\n|upkeep\n|turn|6\n|\n|t:|1698623832\n|switch|p1a: Espeon|Espeon, M|100\/100\n|move|p2a: Pretend Zeus|Taunt|p1a: Espeon\n|move|p1a: Espeon|Taunt|p2a: Pretend Zeus|[from]ability: Magic Bounce\n|-start|p2a: Pretend Zeus|move: Taunt\n|\n|upkeep\n|turn|7\n|\n|t:|1698623845\n|move|p1a: Espeon|Light Screen|p1a: Espeon\n|-sidestart|p1: leonissenbaum|move: Light Screen\n|move|p2a: Pretend Zeus|Volt Switch|p1a: Espeon\n|-crit|p1a: Espeon\n|-damage|p1a: Espeon|59\/100\n|\n|t:|1698623849\n|switch|p2a: Noodle Plane|Dragapult, M|100\/100|[from] Volt Switch\n|-status|p2a: Noodle Plane|psn\n|\n|-damage|p2a: Noodle Plane|88\/100 psn|[from] psn\n|upkeep\n|turn|8\n|\n|t:|1698623859\n|switch|p1a: Gliscor|Gliscor, F|78\/100 tox\n|move|p2a: Noodle Plane|U-turn|p1a: Gliscor\n|-resisted|p1a: Gliscor\n|-damage|p1a: Gliscor|69\/100 tox\n|\n|t:|1698623864\n|switch|p2a: Chunky|Mamoswine, M|100\/100|[from] U-turn\n|\n|-heal|p1a: Gliscor|82\/100 tox|[from] ability: Poison Heal\n|upkeep\n|turn|9\n|\n|t:|1698623874\n|move|p1a: Gliscor|Protect|p1a: Gliscor\n|-singleturn|p1a: Gliscor|Protect\n|move|p2a: Chunky|Knock Off|p1a: Gliscor\n|-activate|p1a: Gliscor|move: Protect\n|\n|-heal|p1a: Gliscor|94\/100 tox|[from] ability: Poison Heal\n|upkeep\n|turn|10\n|\n|t:|1698623893\n|switch|p1a: Dondozo|Dondozo, M|100\/100\n|move|p2a: Chunky|Knock Off|p1a: Dondozo\n|-damage|p1a: Dondozo|83\/100\n|-damage|p2a: Chunky|84\/100|[from] item: Rocky Helmet|[of] p1a: Dondozo\n|-enditem|p1a: Dondozo|Rocky Helmet|[from] move: Knock Off|[of] p2a: Chunky\n|\n|upkeep\n|turn|11\n|\n|t:|1698623903\n|switch|p2a: Pink Blob|Blissey, F|100\/100\n|move|p1a: Dondozo|Body Press|p2a: Pink Blob\n|-supereffective|p2a: Pink Blob\n|-damage|p2a: Pink Blob|47\/100\n|\n|-sideend|p1: leonissenbaum|move: Light Screen\n|upkeep\n|turn|12\n|\n|t:|1698623912\n|move|p2a: Pink Blob|Stealth Rock|p1a: Dondozo\n|-sidestart|p1: leonissenbaum|move: Stealth Rock\n|move|p1a: Dondozo|Body Press|p2a: Pink Blob\n|-supereffective|p2a: Pink Blob\n|-damage|p2a: Pink Blob|0 fnt\n|faint|p2a: Pink Blob\n|\n|upkeep\n|\n|t:|1698623916\n|switch|p2a: Pretend Zeus|Thundurus, M|100\/100\n|turn|13\n|\n|t:|1698623928\n|switch|p2a: Chunky|Mamoswine, M|84\/100\n|switch|p1a: Espeon|Espeon, M|59\/100\n|-damage|p1a: Espeon|47\/100|[from] Stealth Rock\n|\n|upkeep\n|turn|14\n|j| Kinesquared\n|\n|t:|1698623934\n|switch|p1a: Dondozo|Dondozo, M|83\/100\n|-damage|p1a: Dondozo|71\/100|[from] Stealth Rock\n|move|p2a: Chunky|Knock Off|p1a: Dondozo\n|-damage|p1a: Dondozo|60\/100\n|\n|upkeep\n|turn|15\n|\n|t:|1698623939\n|-terastallize|p2a: Chunky|Grass\n|move|p2a: Chunky|Earthquake|p1a: Dondozo\n|-damage|p1a: Dondozo|32\/100\n|move|p1a: Dondozo|Rest|p1a: Dondozo\n|-status|p1a: Dondozo|slp|[from] move: Rest\n|-heal|p1a: Dondozo|100\/100 slp|[silent]\n|\n|upkeep\n|turn|16\n|\n|t:|1698623946\n|move|p2a: Chunky|Earthquake|p1a: Dondozo\n|-damage|p1a: Dondozo|74\/100 slp\n|cant|p1a: Dondozo|slp\n|move|p1a: Dondozo|Sleep Talk|p1a: Dondozo\n|move|p1a: Dondozo|Body Press|p2a: Chunky|[from]move: Sleep Talk\n|-damage|p2a: Chunky|55\/100\n|\n|upkeep\n|turn|17\n|\n|t:|1698623953\n|switch|p2a: Goldfish|Chi-Yu|100\/100\n|-ability|p2a: Goldfish|Beads of Ruin\n|cant|p1a: Dondozo|slp\n|move|p1a: Dondozo|Sleep Talk|p1a: Dondozo\n|move|p1a: Dondozo|Waterfall|p2a: Goldfish|[from]move: Sleep Talk\n|-supereffective|p2a: Goldfish\n|-damage|p2a: Goldfish|5\/100\n|\n|upkeep\n|turn|18\n|\n|t:|1698623972\n|switch|p1a: Blissey|Blissey, F|100\/100\n|-damage|p1a: Blissey|88\/100|[from] Stealth Rock\n|move|p2a: Goldfish|Dark Pulse|p1a: Blissey\n|-damage|p1a: Blissey|70\/100\n|\n|-heal|p1a: Blissey|76\/100|[from] item: Leftovers\n|upkeep\n|turn|19\n|\n|t:|1698623978\n|switch|p2a: Genie Magic|Hoopa-Unbound|100\/100\n|-status|p2a: Genie Magic|psn\n|move|p1a: Blissey|Stealth Rock|p2a: Genie Magic\n|-sidestart|p2: ttkilla|move: Stealth Rock\n|\n|-heal|p1a: Blissey|82\/100|[from] item: Leftovers\n|-damage|p2a: Genie Magic|88\/100 psn|[from] psn\n|upkeep\n|turn|20\n|\n|t:|1698624001\n|move|p2a: Genie Magic|Substitute|p2a: Genie Magic\n|-start|p2a: Genie Magic|Substitute\n|-damage|p2a: Genie Magic|63\/100 psn\n|move|p1a: Blissey|Soft-Boiled|p1a: Blissey\n|-heal|p1a: Blissey|100\/100\n|\n|-heal|p2a: Genie Magic|69\/100 psn|[from] item: Leftovers\n|-damage|p2a: Genie Magic|57\/100 psn|[from] psn\n|upkeep\n|turn|21\n|\n|t:|1698624007\n|move|p2a: Genie Magic|Dark Pulse|p1a: Blissey\n|-damage|p1a: Blissey|86\/100\n|cant|p1a: Blissey|flinch\n|\n|-heal|p2a: Genie Magic|63\/100 psn|[from] item: Leftovers\n|-heal|p1a: Blissey|92\/100|[from] item: Leftovers\n|-damage|p2a: Genie Magic|51\/100 psn|[from] psn\n|upkeep\n|turn|22\n|\n|t:|1698624012\n|move|p2a: Genie Magic|Psychic|p1a: Blissey\n|-damage|p1a: Blissey|73\/100\n|move|p1a: Blissey|Seismic Toss|p2a: Genie Magic\n|-end|p2a: Genie Magic|Substitute\n|\n|-heal|p2a: Genie Magic|57\/100 psn|[from] item: Leftovers\n|-heal|p1a: Blissey|79\/100|[from] item: Leftovers\n|-damage|p2a: Genie Magic|44\/100 psn|[from] psn\n|upkeep\n|turn|23\n|c|\u2606ttkilla|yea I need to fix some stuff sorry for the bad game\n|-message|ttkilla forfeited.\n|\n|win|leonissenbaum\n|c|\u2606leonissenbaum|rip, gg\n|c|\u2606ttkilla|wp\n","uploadtime":1698624039,"views":17,"p1id":"leonissenbaum","p2id":"ttkilla","formatid":"gen9ubers","rating":0,"private":0,"password":""}