{"id":"gen9ubers-1981403214","p1":"J 2442","p2":"m2fya","format":"[Gen 9] Ubers","log":"|j|\u2606J 2442\n|j|\u2606m2fya\n|t:|1698891934\n|gametype|singles\n|player|p1|J 2442|winona|1308\n|player|p2|m2fya|265|1228\n|teamsize|p1|6\n|teamsize|p2|6\n|gen|9\n|tier|[Gen 9] Ubers\n|rated|\n|rule|Sleep Clause Mod: Limit one foe put to sleep\n|rule|Species Clause: Limit one of each Pok\u00e9mon\n|rule|OHKO Clause: OHKO moves are banned\n|rule|Evasion Items Clause: Evasion items are banned\n|rule|Evasion Moves Clause: Evasion moves are banned\n|rule|Endless Battle Clause: Forcing endless battles is banned\n|rule|HP Percentage Mod: HP is shown in percentages\n|clearpoke\n|poke|p1|Rayquaza|\n|poke|p1|Urshifu-*, M|\n|poke|p1|Giratina-Origin|\n|poke|p1|Dialga|\n|poke|p1|Chien-Pao|\n|poke|p1|Arceus-Ground|\n|poke|p2|Kyogre|\n|poke|p2|Forretress, F|\n|poke|p2|Dragonite, M|\n|poke|p2|Magearna|\n|poke|p2|Gengar, F|\n|poke|p2|Umbreon, M|\n|teampreview\n|\n|t:|1698891955\n|start\n|switch|p1a: Urshifu|Urshifu, M|100\/100\n|switch|p2a: Forretress|Forretress, F|100\/100\n|turn|1\n|\n|t:|1698891962\n|move|p1a: Urshifu|Fire Punch|p2a: Forretress\n|-supereffective|p2a: Forretress\n|-damage|p2a: Forretress|42\/100\n|-damage|p1a: Urshifu|84\/100|[from] item: Rocky Helmet|[of] p2a: Forretress\n|move|p2a: Forretress|Stealth Rock|p1a: Urshifu\n|-sidestart|p1: J 2442|move: Stealth Rock\n|\n|upkeep\n|turn|2\n|\n|t:|1698891970\n|switch|p2a: Kyogre|Kyogre|100\/100\n|-weather|RainDance|[from] ability: Drizzle|[of] p2a: Kyogre\n|move|p1a: Urshifu|Fire Punch|p2a: Kyogre\n|-resisted|p2a: Kyogre\n|-damage|p2a: Kyogre|93\/100\n|\n|-weather|RainDance|[upkeep]\n|upkeep\n|turn|3\n|\n|t:|1698891986\n|switch|p1a: Dialga|Dialga|100\/100\n|-damage|p1a: Dialga|94\/100|[from] Stealth Rock\n|-ability|p1a: Dialga|Pressure\n|move|p2a: Kyogre|Water Spout|p1a: Dialga\n|-resisted|p1a: Dialga\n|-crit|p1a: Dialga\n|-damage|p1a: Dialga|42\/100\n|\n|-weather|RainDance|[upkeep]\n|upkeep\n|turn|4\n|\n|t:|1698891997\n|move|p2a: Kyogre|Water Spout|p1a: Dialga\n|-resisted|p1a: Dialga\n|-damage|p1a: Dialga|2\/100\n|move|p1a: Dialga|Draco Meteor|p2a: Kyogre\n|-damage|p2a: Kyogre|36\/100\n|-unboost|p1a: Dialga|spa|2\n|\n|-weather|RainDance|[upkeep]\n|upkeep\n|turn|5\n|\n|t:|1698892006\n|move|p2a: Kyogre|Water Spout|p1a: Dialga\n|-resisted|p1a: Dialga\n|-damage|p1a: Dialga|0 fnt\n|faint|p1a: Dialga\n|\n|-weather|RainDance|[upkeep]\n|upkeep\n|\n|t:|1698892014\n|switch|p1a: Rayquaza|Rayquaza|100\/100\n|-damage|p1a: Rayquaza|76\/100|[from] Stealth Rock\n|-ability|p1a: Rayquaza|Air Lock\n|turn|6\n|\n|t:|1698892020\n|switch|p2a: Umbreon|Umbreon, M|100\/100\n|move|p1a: Rayquaza|Dragon Dance|p1a: Rayquaza\n|-boost|p1a: Rayquaza|atk|1\n|-boost|p1a: Rayquaza|spe|1\n|\n|-weather|none\n|upkeep\n|turn|7\n|\n|t:|1698892050\n|move|p1a: Rayquaza|Dragon Ascent|p2a: Umbreon\n|-damage|p2a: Umbreon|23\/100\n|-unboost|p1a: Rayquaza|def|1\n|-unboost|p1a: Rayquaza|spd|1\n|move|p2a: Umbreon|Toxic|p1a: Rayquaza\n|-status|p1a: Rayquaza|tox\n|\n|-heal|p2a: Umbreon|29\/100|[from] item: Leftovers\n|-damage|p1a: Rayquaza|70\/100 tox|[from] psn\n|upkeep\n|turn|8\n|\n|t:|1698892063\n|move|p2a: Umbreon|Protect|p2a: Umbreon\n|-singleturn|p2a: Umbreon|Protect\n|move|p1a: Rayquaza|Dragon Dance|p1a: Rayquaza\n|-boost|p1a: Rayquaza|atk|1\n|-boost|p1a: Rayquaza|spe|1\n|\n|-heal|p2a: Umbreon|35\/100|[from] item: Leftovers\n|-damage|p1a: Rayquaza|58\/100 tox|[from] psn\n|upkeep\n|turn|9\n|\n|t:|1698892073\n|switch|p2a: Forretress|Forretress, F|42\/100\n|move|p1a: Rayquaza|Dragon Ascent|p2a: Forretress\n|-damage|p2a: Forretress|0 fnt\n|-unboost|p1a: Rayquaza|def|1\n|-unboost|p1a: Rayquaza|spd|1\n|-damage|p1a: Rayquaza|41\/100 tox|[from] item: Rocky Helmet|[of] p2a: Forretress\n|faint|p2a: Forretress\n|\n|-damage|p1a: Rayquaza|23\/100 tox|[from] psn\n|upkeep\n|\n|t:|1698892085\n|switch|p2a: Umbreon|Umbreon, M|35\/100\n|turn|10\n|\n|t:|1698892096\n|switch|p1a: Urshifu|Urshifu, M|84\/100\n|-damage|p1a: Urshifu|78\/100|[from] Stealth Rock\n|move|p2a: Umbreon|Protect||[still]\n|-fail|p2a: Umbreon\n|\n|-heal|p2a: Umbreon|41\/100|[from] item: Leftovers\n|upkeep\n|turn|11\n|\n|t:|1698892108\n|move|p2a: Umbreon|Protect|p2a: Umbreon\n|-singleturn|p2a: Umbreon|Protect\n|move|p1a: Urshifu|Wicked Blow|p2a: Umbreon\n|-resisted|p2a: Umbreon\n|-crit|p2a: Umbreon\n|-damage|p2a: Umbreon|16\/100\n|\n|-heal|p2a: Umbreon|23\/100|[from] item: Leftovers\n|upkeep\n|turn|12\n|\n|t:|1698892144\n|switch|p2a: Gengar|Gengar, F|100\/100\n|move|p1a: Urshifu|Wicked Blow|p2a: Gengar\n|-supereffective|p2a: Gengar\n|-crit|p2a: Gengar\n|-enditem|p2a: Gengar|Focus Sash\n|-damage|p2a: Gengar|1\/100\n|\n|upkeep\n|turn|13\n|\n|t:|1698892153\n|move|p1a: Urshifu|Wicked Blow|p2a: Gengar\n|-supereffective|p2a: Gengar\n|-crit|p2a: Gengar\n|-damage|p2a: Gengar|0 fnt\n|-start|p1a: Urshifu|Disable|Wicked Blow|[from] ability: Cursed Body|[of] p2a: Gengar\n|faint|p2a: Gengar\n|\n|upkeep\n|\n|t:|1698892163\n|switch|p2a: Kyogre|Kyogre|36\/100\n|-weather|RainDance|[from] ability: Drizzle|[of] p2a: Kyogre\n|turn|14\n|\n|t:|1698892172\n|switch|p1a: Rayquaza|Rayquaza|23\/100 tox\n|-damage|p1a: Rayquaza|0 fnt|[from] Stealth Rock\n|faint|p1a: Rayquaza\n|move|p2a: Kyogre|Origin Pulse|p1: Rayquaza|[notarget]\n|-fail|p2a: Kyogre\n|\n|-weather|RainDance|[upkeep]\n|upkeep\n|\n|t:|1698892180\n|switch|p1a: Giratina|Giratina-Origin|100\/100\n|-damage|p1a: Giratina|88\/100|[from] Stealth Rock\n|turn|15\n|\n|t:|1698892189\n|switch|p2a: Umbreon|Umbreon, M|23\/100\n|move|p1a: Giratina|Will-O-Wisp|p2a: Umbreon\n|-status|p2a: Umbreon|brn\n|-activate|p2a: Umbreon|ability: Synchronize\n|-status|p1a: Giratina|brn\n|\n|-weather|RainDance|[upkeep]\n|-heal|p2a: Umbreon|29\/100 brn|[from] item: Leftovers\n|-damage|p1a: Giratina|82\/100 brn|[from] brn\n|-damage|p2a: Umbreon|23\/100 brn|[from] brn\n|upkeep\n|turn|16\n|\n|t:|1698892203\n|move|p1a: Giratina|Hex|p2a: Umbreon\n|-resisted|p2a: Umbreon\n|-damage|p2a: Umbreon|6\/100 brn\n|move|p2a: Umbreon|Wish|p2a: Umbreon\n|\n|-weather|RainDance|[upkeep]\n|-heal|p2a: Umbreon|12\/100 brn|[from] item: Leftovers\n|-damage|p1a: Giratina|76\/100 brn|[from] brn\n|-damage|p2a: Umbreon|6\/100 brn|[from] brn\n|upkeep\n|turn|17\n|\n|t:|1698892213\n|switch|p1a: Urshifu|Urshifu, M|78\/100\n|-damage|p1a: Urshifu|72\/100|[from] Stealth Rock\n|move|p2a: Umbreon|Protect||[still]\n|-fail|p2a: Umbreon\n|\n|-weather|RainDance|[upkeep]\n|-heal|p2a: Umbreon|56\/100 brn|[from] move: Wish|[wisher] Umbreon\n|-heal|p2a: Umbreon|62\/100 brn|[from] item: Leftovers\n|-damage|p2a: Umbreon|56\/100 brn|[from] brn\n|upkeep\n|turn|18\n|\n|t:|1698892229\n|move|p1a: Urshifu|Close Combat|p2a: Umbreon\n|-supereffective|p2a: Umbreon\n|-damage|p2a: Umbreon|0 fnt\n|-unboost|p1a: Urshifu|def|1\n|-unboost|p1a: Urshifu|spd|1\n|faint|p2a: Umbreon\n|\n|-weather|none\n|upkeep\n|\n|t:|1698892239\n|switch|p2a: Kyogre|Kyogre|36\/100\n|-weather|RainDance|[from] ability: Drizzle|[of] p2a: Kyogre\n|turn|19\n|\n|t:|1698892247\n|switch|p1a: Giratina|Giratina-Origin|76\/100 brn\n|-damage|p1a: Giratina|63\/100 brn|[from] Stealth Rock\n|move|p2a: Kyogre|Origin Pulse|p1a: Giratina|[miss]\n|-miss|p2a: Kyogre|p1a: Giratina\n|\n|-weather|RainDance|[upkeep]\n|-damage|p1a: Giratina|57\/100 brn|[from] brn\n|upkeep\n|turn|20\n|\n|t:|1698892258\n|move|p2a: Kyogre|Origin Pulse|p1a: Giratina\n|-resisted|p1a: Giratina\n|-damage|p1a: Giratina|34\/100 brn\n|move|p1a: Giratina|Thunder Wave|p2a: Kyogre\n|-status|p2a: Kyogre|par\n|\n|-weather|RainDance|[upkeep]\n|-damage|p1a: Giratina|27\/100 brn|[from] brn\n|upkeep\n|turn|21\n|\n|t:|1698892267\n|move|p1a: Giratina|Hex|p2a: Kyogre\n|-crit|p2a: Kyogre\n|-damage|p2a: Kyogre|0 fnt\n|faint|p2a: Kyogre\n|\n|-weather|RainDance|[upkeep]\n|-damage|p1a: Giratina|21\/100 brn|[from] brn\n|upkeep\n|\n|t:|1698892275\n|switch|p2a: Magearna|Magearna|100\/100\n|turn|22\n|\n|t:|1698892287\n|move|p1a: Giratina|Thunder Wave|p2a: Magearna\n|-status|p2a: Magearna|par\n|move|p2a: Magearna|Ice Beam|p1a: Giratina\n|-supereffective|p1a: Giratina\n|-damage|p1a: Giratina|0 fnt\n|faint|p1a: Giratina\n|-ability|p2a: Magearna|Soul-Heart|boost\n|-boost|p2a: Magearna|spa|1\n|\n|-weather|RainDance|[upkeep]\n|upkeep\n|\n|t:|1698892298\n|switch|p1a: Arceus|Arceus-Ground|100\/100\n|-damage|p1a: Arceus|94\/100|[from] Stealth Rock\n|turn|23\n|\n|t:|1698892305\n|-terastallize|p1a: Arceus|Fairy\n|move|p1a: Arceus|Calm Mind|p1a: Arceus\n|-boost|p1a: Arceus|spa|1\n|-boost|p1a: Arceus|spd|1\n|move|p2a: Magearna|Flash Cannon|p1a: Arceus\n|-supereffective|p1a: Arceus\n|-damage|p1a: Arceus|22\/100\n|\n|-weather|none\n|upkeep\n|turn|24\n|\n|t:|1698892315\n|move|p1a: Arceus|Judgment|p2a: Magearna\n|-supereffective|p2a: Magearna\n|-damage|p2a: Magearna|6\/100 par\n|move|p2a: Magearna|Flash Cannon|p1a: Arceus\n|-supereffective|p1a: Arceus\n|-damage|p1a: Arceus|0 fnt\n|faint|p1a: Arceus\n|-ability|p2a: Magearna|Soul-Heart|boost\n|-boost|p2a: Magearna|spa|1\n|\n|upkeep\n|\n|t:|1698892330\n|switch|p1a: Chien-Pao|Chien-Pao|100\/100\n|-damage|p1a: Chien-Pao|76\/100|[from] Stealth Rock\n|-ability|p1a: Chien-Pao|Sword of Ruin\n|turn|25\n|\n|t:|1698892336\n|move|p1a: Chien-Pao|Crunch|p2a: Magearna\n|-resisted|p2a: Magearna\n|-damage|p2a: Magearna|0 fnt\n|faint|p2a: Magearna\n|\n|upkeep\n|\n|t:|1698892342\n|switch|p2a: Dragonite|Dragonite, M|100\/100\n|turn|26\n|\n|t:|1698892345\n|move|p2a: Dragonite|Extreme Speed|p1a: Chien-Pao\n|-damage|p1a: Chien-Pao|32\/100\n|move|p1a: Chien-Pao|Crunch|p2a: Dragonite\n|-damage|p2a: Dragonite|58\/100\n|\n|upkeep\n|turn|27\n|\n|t:|1698892356\n|move|p2a: Dragonite|Extreme Speed|p1a: Chien-Pao\n|-damage|p1a: Chien-Pao|0 fnt\n|faint|p1a: Chien-Pao\n|\n|upkeep\n|\n|t:|1698892358\n|switch|p1a: Urshifu|Urshifu, M|72\/100\n|-damage|p1a: Urshifu|66\/100|[from] Stealth Rock\n|turn|28\n|\n|t:|1698892376\n|move|p1a: Urshifu|Wicked Blow|p2a: Dragonite\n|-crit|p2a: Dragonite\n|-damage|p2a: Dragonite|0 fnt\n|faint|p2a: Dragonite\n|\n|win|J 2442\n|raw|J 2442's rating: 1308 &rarr; <strong>1323<\/strong><br \/>(+15 for winning)\n|raw|m2fya's rating: 1228 &rarr; <strong>1209<\/strong><br \/>(-19 for losing)\n","uploadtime":1698892380,"views":9,"p1id":"j2442","p2id":"m2fya","formatid":"gen9ubers","rating":1209,"private":0,"password":""}