{"id":"gen9ubers-1975227661","p1":"MarkusOp","p2":"Yuri_Is_Sweet","format":"[Gen 9] Ubers","log":"|j|\u2606MarkusOp\n|j|\u2606Yuri_Is_Sweet\n|t:|1698171831\n|gametype|singles\n|player|p1|MarkusOp|psychic|1000\n|player|p2|Yuri_Is_Sweet|elesa|1079\n|teamsize|p1|2\n|teamsize|p2|6\n|gen|9\n|tier|[Gen 9] Ubers\n|rated|\n|rule|Sleep Clause Mod: Limit one foe put to sleep\n|rule|Species Clause: Limit one of each Pok\u00e9mon\n|rule|OHKO Clause: OHKO moves are banned\n|rule|Evasion Items Clause: Evasion items are banned\n|rule|Evasion Moves Clause: Evasion moves are banned\n|rule|Endless Battle Clause: Forcing endless battles is banned\n|rule|HP Percentage Mod: HP is shown in percentages\n|clearpoke\n|poke|p1|Annihilape, M|\n|poke|p1|Ribombee, M|\n|poke|p2|Kyogre|\n|poke|p2|Basculegion, M|\n|poke|p2|Samurott-Hisui, F|\n|poke|p2|Miraidon|\n|poke|p2|Iron Hands|\n|poke|p2|Thundurus-Therian, M|\n|teampreview\n|inactive|Battle timer is ON: inactive players will automatically lose when time's up. (requested by Yuri_Is_Sweet)\n|c|\u2606Yuri_Is_Sweet|Uh. You have 2 pokemon\n|c|\u2606MarkusOp|ik\n|\n|t:|1698171851\n|start\n|switch|p1a: Ribombee|Ribombee, M|100\/100\n|switch|p2a: Sailor Neptune|Kyogre, shiny|100\/100\n|-weather|RainDance|[from] ability: Drizzle|[of] p2a: Sailor Neptune\n|turn|1\n|\n|t:|1698171862\n|move|p2a: Sailor Neptune|Thunder|p1a: Ribombee\n|-damage|p1a: Ribombee|42\/100\n|-status|p1a: Ribombee|par\n|move|p1a: Ribombee|Light Screen|p1a: Ribombee\n|-sidestart|p1: MarkusOp|move: Light Screen\n|\n|-weather|RainDance|[upkeep]\n|-heal|p1a: Ribombee|48\/100 par|[from] item: Leftovers\n|upkeep\n|turn|2\n|\n|t:|1698171871\n|switch|p2a: Sailor Palla|Basculegion, M, shiny|100\/100\n|cant|p1a: Ribombee|par\n|\n|-weather|RainDance|[upkeep]\n|-heal|p1a: Ribombee|54\/100 par|[from] item: Leftovers\n|upkeep\n|turn|3\n|\n|t:|1698171876\n|move|p2a: Sailor Palla|Liquidation|p1a: Ribombee\n|-damage|p1a: Ribombee|0 fnt\n|faint|p1a: Ribombee\n|\n|-weather|RainDance|[upkeep]\n|upkeep\n|\n|t:|1698171880\n|switch|p1a: All For One|Annihilape, M|100\/100\n|turn|4\n|\n|t:|1698171885\n|switch|p2a: Sailor Uranus|Thundurus-Therian, M, shiny|100\/100\n|move|p1a: All For One|Bulk Up|p1a: All For One\n|-boost|p1a: All For One|atk|1\n|-boost|p1a: All For One|def|1\n|\n|-weather|RainDance|[upkeep]\n|upkeep\n|turn|5\n|\n|t:|1698171892\n|-terastallize|p2a: Sailor Uranus|Flying\n|move|p2a: Sailor Uranus|Tera Blast|p1a: All For One|[anim] Tera Blast Flying\n|-supereffective|p1a: All For One\n|-damage|p1a: All For One|45\/100\n|move|p1a: All For One|Bulk Up|p1a: All For One\n|-boost|p1a: All For One|atk|1\n|-boost|p1a: All For One|def|1\n|\n|-weather|none\n|-heal|p1a: All For One|51\/100|[from] item: Leftovers\n|-sideend|p1: MarkusOp|move: Light Screen\n|upkeep\n|turn|6\n|\n|t:|1698171900\n|-terastallize|p1a: All For One|Fighting\n|move|p2a: Sailor Uranus|Tera Blast|p1a: All For One|[anim] Tera Blast Flying\n|-supereffective|p1a: All For One\n|-damage|p1a: All For One|0 fnt\n|faint|p1a: All For One\n|\n|win|Yuri_Is_Sweet\n|raw|MarkusOp's rating: 1000 &rarr; <strong>1000<\/strong><br \/>(+0 for losing)\n|raw|Yuri_Is_Sweet's rating: 1079 &rarr; <strong>1101<\/strong><br \/>(+22 for winning)\n|l|\u2606MarkusOp\n","uploadtime":1698171909,"views":10,"p1id":"markusop","p2id":"yuriissweet","formatid":"gen9ubers","rating":1000,"private":0,"password":""}