{"id":"gen9ubers-1983258198","p1":"adpg.alt","p2":"Kinesquared","format":"[Gen 9] Ubers","log":"|j|\u2606adpg.alt\n|j|\u2606Kinesquared\n|t:|1699111304\n|gametype|singles\n|player|p1|adpg.alt|hilbert-wonderlauncher|\n|player|p2|Kinesquared|scientist-gen4dp|\n|teamsize|p1|6\n|teamsize|p2|6\n|gen|9\n|tier|[Gen 9] Ubers\n|rule|Sleep Clause Mod: Limit one foe put to sleep\n|rule|Species Clause: Limit one of each Pok\u00e9mon\n|rule|OHKO Clause: OHKO moves are banned\n|rule|Evasion Items Clause: Evasion items are banned\n|rule|Evasion Moves Clause: Evasion moves are banned\n|rule|Endless Battle Clause: Forcing endless battles is banned\n|rule|HP Percentage Mod: HP is shown in percentages\n|clearpoke\n|poke|p1|Ninetales-Alola, F|\n|poke|p1|Baxcalibur, M|\n|poke|p1|Arceus-Ghost|\n|poke|p1|Zacian-*|\n|poke|p1|Espathra, M|\n|poke|p1|Urshifu-*, M|\n|poke|p2|Magearna|\n|poke|p2|Ursaluna, M|\n|poke|p2|Dialga|\n|poke|p2|Hoopa-Unbound|\n|poke|p2|Cinderace, F|\n|poke|p2|Cresselia, F|\n|teampreview\n|\n|t:|1699111328\n|start\n|switch|p1a: Anales|Ninetales-Alola, F, shiny|100\/100\n|switch|p2a: Magearna|Magearna|100\/100\n|-weather|Snow|[from] ability: Snow Warning|[of] p1a: Anales\n|turn|1\n|\n|t:|1699111335\n|move|p1a: Anales|Aurora Veil|p1a: Anales\n|-sidestart|p1: adpg.alt|move: Aurora Veil\n|move|p2a: Magearna|Encore|p1a: Anales\n|-start|p1a: Anales|Encore\n|\n|-weather|Snow|[upkeep]\n|upkeep\n|turn|2\n|\n|t:|1699111344\n|switch|p1a: Zacian-Hero|Zacian|100\/100\n|-ability|p1a: Zacian-Hero|Intrepid Sword|boost\n|-boost|p1a: Zacian-Hero|atk|1\n|move|p2a: Magearna|Trick Room|p2a: Magearna\n|-fieldstart|move: Trick Room|[of] p2a: Magearna\n|\n|-weather|Snow|[upkeep]\n|upkeep\n|turn|3\n|\n|t:|1699111358\n|move|p2a: Magearna|Fleur Cannon|p1a: Zacian-Hero\n|-damage|p1a: Zacian-Hero|75\/100\n|-unboost|p2a: Magearna|spa|2\n|move|p1a: Zacian-Hero|Close Combat|p2a: Magearna\n|-damage|p2a: Magearna|67\/100\n|-unboost|p1a: Zacian-Hero|def|1\n|-unboost|p1a: Zacian-Hero|spd|1\n|\n|-weather|Snow|[upkeep]\n|-heal|p2a: Magearna|73\/100|[from] item: Leftovers\n|upkeep\n|turn|4\n|j| ttkilla\n|\n|t:|1699111371\n|move|p2a: Magearna|Volt Switch|p1a: Zacian-Hero\n|-damage|p1a: Zacian-Hero|68\/100\n|l| ttkilla\n|\n|t:|1699111377\n|switch|p2a: Cresselia|Cresselia, F|100\/100|[from] Volt Switch\n|move|p1a: Zacian-Hero|Close Combat|p2a: Cresselia\n|-resisted|p2a: Cresselia\n|-damage|p2a: Cresselia|85\/100\n|-unboost|p1a: Zacian-Hero|def|1\n|-unboost|p1a: Zacian-Hero|spd|1\n|\n|-weather|Snow|[upkeep]\n|-heal|p2a: Cresselia|91\/100|[from] item: Leftovers\n|upkeep\n|turn|5\n|j| Leo Justice\n|\n|t:|1699111386\n|move|p2a: Cresselia|Calm Mind|p2a: Cresselia\n|-boost|p2a: Cresselia|spa|1\n|-boost|p2a: Cresselia|spd|1\n|move|p1a: Zacian-Hero|Swords Dance|p1a: Zacian-Hero\n|-boost|p1a: Zacian-Hero|atk|2\n|\n|-weather|none\n|-heal|p2a: Cresselia|97\/100|[from] item: Leftovers\n|upkeep\n|turn|6\n|j| OceanicGamer3\n|c| OceanicGamer3|hello :)\n|\n|t:|1699111409\n|-terastallize|p2a: Cresselia|Poison\n|move|p2a: Cresselia|Moonblast|p1a: Zacian-Hero\n|-damage|p1a: Zacian-Hero|42\/100\n|move|p1a: Zacian-Hero|Crunch|p2a: Cresselia\n|-damage|p2a: Cresselia|65\/100\n|-unboost|p2a: Cresselia|def|1\n|\n|-heal|p2a: Cresselia|71\/100|[from] item: Leftovers\n|-fieldend|move: Trick Room\n|upkeep\n|turn|7\n|\n|t:|1699111427\n|move|p1a: Zacian-Hero|Crunch|p2a: Cresselia\n|-damage|p2a: Cresselia|16\/100\n|move|p2a: Cresselia|Moonblast|p1a: Zacian-Hero\n|-damage|p1a: Zacian-Hero|17\/100\n|\n|-heal|p2a: Cresselia|22\/100|[from] item: Leftovers\n|upkeep\n|turn|8\n|\n|t:|1699111448\n|move|p1a: Zacian-Hero|Crunch|p2a: Cresselia\n|-damage|p2a: Cresselia|0 fnt\n|faint|p2a: Cresselia\n|\n|-sideend|p1: adpg.alt|move: Aurora Veil\n|upkeep\n|\n|t:|1699111453\n|switch|p2a: Magearna|Magearna|73\/100\n|turn|9\n|\n|t:|1699111460\n|move|p1a: Zacian-Hero|Close Combat|p2a: Magearna\n|-damage|p2a: Magearna|16\/100\n|-unboost|p1a: Zacian-Hero|def|1\n|-unboost|p1a: Zacian-Hero|spd|1\n|move|p2a: Magearna|Trick Room|p2a: Magearna\n|-fieldstart|move: Trick Room|[of] p2a: Magearna\n|\n|-heal|p2a: Magearna|22\/100|[from] item: Leftovers\n|upkeep\n|turn|10\n|\n|t:|1699111469\n|move|p2a: Magearna|Volt Switch|p1a: Zacian-Hero\n|-damage|p1a: Zacian-Hero|0 fnt\n|faint|p1a: Zacian-Hero\n|-ability|p2a: Magearna|Soul-Heart|boost\n|-boost|p2a: Magearna|spa|1\n|\n|t:|1699111475\n|switch|p2a: Ursaluna|Ursaluna, M|100\/100|[from] Volt Switch\n|\n|-status|p2a: Ursaluna|brn|[from] item: Flame Orb\n|upkeep\n|\n|t:|1699111482\n|switch|p1a: Anales|Ninetales-Alola, F, shiny|100\/100\n|-weather|Snow|[from] ability: Snow Warning|[of] p1a: Anales\n|turn|11\n|\n|t:|1699111505\n|-terastallize|p1a: Anales|Ghost\n|move|p2a: Ursaluna|Facade|p1a: Anales\n|-immune|p1a: Anales\n|move|p1a: Anales|Aurora Veil|p1a: Anales\n|-sidestart|p1: adpg.alt|move: Aurora Veil\n|\n|-weather|Snow|[upkeep]\n|-damage|p2a: Ursaluna|94\/100 brn|[from] brn\n|upkeep\n|turn|12\n|\n|t:|1699111519\n|move|p2a: Ursaluna|Crunch|p1a: Anales\n|-supereffective|p1a: Anales\n|-damage|p1a: Anales|42\/100\n|move|p1a: Anales|Blizzard|p2a: Ursaluna\n|-supereffective|p2a: Ursaluna\n|-damage|p2a: Ursaluna|41\/100 brn\n|\n|-weather|Snow|[upkeep]\n|-damage|p2a: Ursaluna|35\/100 brn|[from] brn\n|upkeep\n|turn|13\n|\n|t:|1699111532\n|move|p2a: Ursaluna|Headlong Rush|p1a: Anales\n|-damage|p1a: Anales|0 fnt\n|-unboost|p2a: Ursaluna|def|1\n|-unboost|p2a: Ursaluna|spd|1\n|faint|p1a: Anales\n|\n|-weather|Snow|[upkeep]\n|-damage|p2a: Ursaluna|29\/100 brn|[from] brn\n|-fieldend|move: Trick Room\n|upkeep\n|\n|t:|1699111541\n|switch|p1a: Excalibur|Baxcalibur, M|100\/100\n|turn|14\n|\n|t:|1699111562\n|move|p1a: Excalibur|Scale Shot|p2a: Ursaluna\n|-damage|p2a: Ursaluna|15\/100 brn\n|-damage|p2a: Ursaluna|0 fnt\n|faint|p2a: Ursaluna\n|-hitcount|p2: Ursaluna|2\n|-unboost|p1a: Excalibur|def|1\n|-boost|p1a: Excalibur|spe|1\n|\n|-weather|Snow|[upkeep]\n|upkeep\n|\n|t:|1699111570\n|switch|p2a: Dialga|Dialga|100\/100\n|-ability|p2a: Dialga|Pressure\n|turn|15\n|\n|t:|1699111576\n|move|p1a: Excalibur|Earthquake|p2a: Dialga\n|-supereffective|p2a: Dialga\n|-damage|p2a: Dialga|46\/100\n|move|p2a: Dialga|Trick Room|p2a: Dialga\n|-fieldstart|move: Trick Room|[of] p2a: Dialga\n|\n|-weather|none\n|upkeep\n|turn|16\n|\n|t:|1699111586\n|move|p2a: Dialga|Flash Cannon|p1a: Excalibur\n|-supereffective|p1a: Excalibur\n|-damage|p1a: Excalibur|44\/100\n|move|p1a: Excalibur|Earthquake|p2a: Dialga\n|-supereffective|p2a: Dialga\n|-damage|p2a: Dialga|0 fnt\n|faint|p2a: Dialga\n|\n|upkeep\n|\n|t:|1699111593\n|switch|p2a: Hoopa|Hoopa-Unbound|100\/100\n|turn|17\n|\n|t:|1699111603\n|move|p2a: Hoopa|Hyperspace Fury|p1a: Excalibur\n|-damage|p1a: Excalibur|0 fnt\n|-unboost|p2a: Hoopa|def|1\n|faint|p1a: Excalibur\n|\n|upkeep\n|\n|t:|1699111610\n|switch|p1a: Shifu|Urshifu, M|100\/100\n|turn|18\n|\n|t:|1699111623\n|switch|p2a: Magearna|Magearna|22\/100\n|move|p1a: Shifu|Wicked Blow|p2a: Magearna\n|-resisted|p2a: Magearna\n|-crit|p2a: Magearna\n|-damage|p2a: Magearna|1\/100\n|\n|-heal|p2a: Magearna|7\/100|[from] item: Leftovers\n|-sideend|p1: adpg.alt|move: Aurora Veil\n|upkeep\n|turn|19\n|\n|t:|1699111632\n|move|p1a: Shifu|Sucker Punch|p2a: Magearna\n|-resisted|p2a: Magearna\n|-damage|p2a: Magearna|0 fnt\n|faint|p2a: Magearna\n|\n|-fieldend|move: Trick Room\n|upkeep\n|\n|t:|1699111637\n|switch|p2a: Cinderace|Cinderace, F|100\/100\n|turn|20\n|\n|t:|1699111650\n|switch|p1a: Arceus|Arceus-Ghost|100\/100\n|move|p2a: Cinderace|Pyro Ball|p1a: Arceus\n|-crit|p1a: Arceus\n|-damage|p1a: Arceus|35\/100\n|\n|upkeep\n|turn|21\n|\n|t:|1699111659\n|move|p2a: Cinderace|Sucker Punch|p1a: Arceus\n|-start|p2a: Cinderace|typechange|Dark|[from] ability: Libero\n|-supereffective|p1a: Arceus\n|-damage|p1a: Arceus|0 fnt\n|faint|p1a: Arceus\n|\n|upkeep\n|\n|t:|1699111666\n|switch|p1a: Shifu|Urshifu, M|100\/100\n|turn|22\n|\n|t:|1699111669\n|move|p2a: Cinderace|U-turn|p1a: Shifu\n|-damage|p1a: Shifu|74\/100\n|\n|t:|1699111672\n|switch|p2a: Hoopa|Hoopa-Unbound|100\/100|[from] U-turn\n|move|p1a: Shifu|Close Combat|p2a: Hoopa\n|-damage|p2a: Hoopa|0 fnt\n|-unboost|p1a: Shifu|def|1\n|-unboost|p1a: Shifu|spd|1\n|faint|p2a: Hoopa\n|\n|upkeep\n|\n|t:|1699111680\n|switch|p2a: Cinderace|Cinderace, F|100\/100\n|turn|23\n|\n|t:|1699111683\n|move|p1a: Shifu|Sucker Punch|p2a: Cinderace\n|-damage|p2a: Cinderace|32\/100\n|move|p2a: Cinderace|Pyro Ball|p1a: Shifu\n|-damage|p1a: Shifu|0 fnt\n|faint|p1a: Shifu\n|\n|upkeep\n|\n|t:|1699111691\n|switch|p1a: True Soldier|Espathra, M|100\/100\n|turn|24\n|\n|t:|1699111697\n|move|p1a: True Soldier|Protect|p1a: True Soldier\n|-singleturn|p1a: True Soldier|Protect\n|move|p2a: Cinderace|Pyro Ball|p1a: True Soldier\n|-activate|p1a: True Soldier|move: Protect\n|\n|-ability|p1a: True Soldier|Speed Boost|boost\n|-boost|p1a: True Soldier|spe|1\n|upkeep\n|turn|25\n|\n|t:|1699111707\n|move|p2a: Cinderace|Sucker Punch|p1a: True Soldier\n|-start|p2a: Cinderace|typechange|Dark|[from] ability: Libero\n|-supereffective|p1a: True Soldier\n|-damage|p1a: True Soldier|5\/100\n|move|p1a: True Soldier|Stored Power|p2a: Cinderace\n|-immune|p2a: Cinderace\n|\n|-heal|p1a: True Soldier|11\/100|[from] item: Leftovers\n|-ability|p1a: True Soldier|Speed Boost|boost\n|-boost|p1a: True Soldier|spe|1\n|upkeep\n|turn|26\n|\n|t:|1699111716\n|move|p1a: True Soldier|Protect|p1a: True Soldier\n|-singleturn|p1a: True Soldier|Protect\n|move|p2a: Cinderace|Sucker Punch||[still]\n|-fail|p2a: Cinderace\n|\n|-heal|p1a: True Soldier|17\/100|[from] item: Leftovers\n|-ability|p1a: True Soldier|Speed Boost|boost\n|-boost|p1a: True Soldier|spe|1\n|upkeep\n|turn|27\n|\n|t:|1699111724\n|move|p1a: True Soldier|Protect||[still]\n|-fail|p1a: True Soldier\n|move|p2a: Cinderace|Sucker Punch||[still]\n|-fail|p2a: Cinderace\n|\n|-heal|p1a: True Soldier|23\/100|[from] item: Leftovers\n|-ability|p1a: True Soldier|Speed Boost|boost\n|-boost|p1a: True Soldier|spe|1\n|upkeep\n|turn|28\n|\n|t:|1699111734\n|move|p1a: True Soldier|Dazzling Gleam|p2a: Cinderace\n|-supereffective|p2a: Cinderace\n|-damage|p2a: Cinderace|0 fnt\n|faint|p2a: Cinderace\n|\n|win|adpg.alt\n|c|\u2606Kinesquared|darn\n|c|\u2606Kinesquared|ggs\n|c|\u2606adpg.alt|GG\n|c|\u2606adpg.alt|That was close\n|l| OceanicGamer3\n","uploadtime":1699111743,"views":18,"p1id":"adpgalt","p2id":"kinesquared","formatid":"gen9ubers","rating":0,"private":0,"password":""}