{"id":"gen9ubers-1990406788","p1":"Forfeit if noob","p2":"wGum","format":"[Gen 9] Ubers","log":"|j|\u2606Forfeit if noob\n|j|\u2606wGum\n|t:|1699967734\n|gametype|singles\n|player|p1|Forfeit if noob|unknown|1217\n|player|p2|wGum|266|1205\n|teamsize|p1|6\n|teamsize|p2|6\n|gen|9\n|tier|[Gen 9] Ubers\n|rated|\n|rule|Sleep Clause Mod: Limit one foe put to sleep\n|rule|Species Clause: Limit one of each Pok\u00e9mon\n|rule|OHKO Clause: OHKO moves are banned\n|rule|Evasion Items Clause: Evasion items are banned\n|rule|Evasion Moves Clause: Evasion moves are banned\n|rule|Endless Battle Clause: Forcing endless battles is banned\n|rule|HP Percentage Mod: HP is shown in percentages\n|clearpoke\n|poke|p1|Miraidon|\n|poke|p1|Iron Bundle|\n|poke|p1|Masquerain, F|\n|poke|p1|Great Tusk|\n|poke|p1|Rotom-Frost|\n|poke|p1|Scizor, F|\n|poke|p2|Miraidon|\n|poke|p2|Ting-Lu|\n|poke|p2|Dondozo, M|\n|poke|p2|Arceus-Ghost|\n|poke|p2|Zacian-*|\n|poke|p2|Hatterene, F|\n|teampreview\n|inactive|Battle timer is ON: inactive players will automatically lose when time's up. (requested by Forfeit if noob)\n|\n|t:|1699967746\n|start\n|switch|p1a: Masquerain|Masquerain, F|100\/100\n|switch|p2a: Arceus|Arceus-Ghost|100\/100\n|-ability|p1a: Masquerain|Intimidate|boost\n|-unboost|p2a: Arceus|atk|1\n|turn|1\n|\n|t:|1699967752\n|move|p2a: Arceus|Stealth Rock|p1a: Masquerain\n|-sidestart|p1: Forfeit if noob|move: Stealth Rock\n|move|p1a: Masquerain|Sticky Web|p2a: Arceus\n|-sidestart|p2: wGum|move: Sticky Web\n|\n|upkeep\n|turn|2\n|\n|t:|1699967754\n|move|p2a: Arceus|Judgment|p1a: Masquerain\n|-damage|p1a: Masquerain|32\/100\n|move|p1a: Masquerain|Stun Spore|p2a: Arceus\n|-status|p2a: Arceus|par\n|\n|upkeep\n|turn|3\n|\n|t:|1699967758\n|move|p1a: Masquerain|Air Slash|p2a: Arceus\n|-damage|p2a: Arceus|79\/100 par\n|move|p2a: Arceus|Judgment|p1a: Masquerain\n|-damage|p1a: Masquerain|0 fnt\n|faint|p1a: Masquerain\n|\n|upkeep\n|\n|t:|1699967770\n|switch|p1a: Miraidon|Miraidon|100\/100\n|-damage|p1a: Miraidon|88\/100|[from] Stealth Rock\n|-fieldstart|move: Electric Terrain|[from] ability: Hadron Engine|[of] p1a: Miraidon\n|turn|4\n|\n|t:|1699967780\n|move|p1a: Miraidon|Volt Switch|p2a: Arceus\n|-damage|p2a: Arceus|0 fnt\n|faint|p2a: Arceus\n|\n|t:|1699967783\n|switch|p1a: Great Tusk|Great Tusk|100\/100|[from] Volt Switch\n|-damage|p1a: Great Tusk|98\/100|[from] Stealth Rock\n|-enditem|p1a: Great Tusk|Booster Energy\n|-activate|p1a: Great Tusk|ability: Protosynthesis|[fromitem]\n|-start|p1a: Great Tusk|protosynthesisatk\n|\n|upkeep\n|\n|t:|1699967788\n|switch|p2a: Dondozo|Dondozo, M|100\/100\n|-activate|p2a: Dondozo|move: Sticky Web\n|-unboost|p2a: Dondozo|spe|1\n|turn|5\n|\n|t:|1699967794\n|move|p1a: Great Tusk|Rapid Spin|p2a: Dondozo\n|-damage|p2a: Dondozo|89\/100\n|-boost|p1a: Great Tusk|spe|1\n|-sideend|p1: Forfeit if noob|Stealth Rock|[from] move: Rapid Spin|[of] p1a: Great Tusk\n|move|p2a: Dondozo|Yawn|p1a: Great Tusk\n|-activate|p1a: Great Tusk|move: Electric Terrain\n|\n|upkeep\n|turn|6\n|\n|t:|1699967798\n|move|p1a: Great Tusk|Knock Off|p2a: Dondozo\n|-damage|p2a: Dondozo|69\/100\n|-enditem|p2a: Dondozo|Chesto Berry|[from] move: Knock Off|[of] p1a: Great Tusk\n|move|p2a: Dondozo|Wave Crash|p1a: Great Tusk\n|-supereffective|p1a: Great Tusk\n|-damage|p1a: Great Tusk|32\/100\n|-damage|p2a: Dondozo|54\/100|[from] Recoil\n|\n|upkeep\n|turn|7\n|\n|t:|1699967812\n|-end|p1a: Great Tusk|Protosynthesis|[silent]\n|switch|p1a: Iron Bundle|Iron Bundle|100\/100\n|-activate|p1a: Iron Bundle|ability: Quark Drive\n|-start|p1a: Iron Bundle|quarkdrivespe\n|move|p2a: Dondozo|Wave Crash|p1a: Iron Bundle\n|-resisted|p1a: Iron Bundle\n|-damage|p1a: Iron Bundle|76\/100\n|-damage|p2a: Dondozo|50\/100|[from] Recoil\n|\n|upkeep\n|turn|8\n|\n|t:|1699967818\n|switch|p2a: Ting-Lu|Ting-Lu|100\/100\n|-activate|p2a: Ting-Lu|move: Sticky Web\n|-unboost|p2a: Ting-Lu|spe|1\n|-ability|p2a: Ting-Lu|Vessel of Ruin\n|move|p1a: Iron Bundle|Freeze-Dry|p2a: Ting-Lu\n|-supereffective|p2a: Ting-Lu\n|-damage|p2a: Ting-Lu|71\/100\n|\n|-heal|p2a: Ting-Lu|77\/100|[from] item: Leftovers\n|-fieldend|move: Electric Terrain\n|-end|p1a: Iron Bundle|Quark Drive\n|upkeep\n|turn|9\n|\n|t:|1699967829\n|move|p1a: Iron Bundle|Flip Turn|p2a: Ting-Lu\n|-supereffective|p2a: Ting-Lu\n|-damage|p2a: Ting-Lu|61\/100\n|\n|t:|1699967840\n|-end|p1a: Iron Bundle|Quark Drive|[silent]\n|switch|p1a: Rotom|Rotom-Frost|100\/100|[from] Flip Turn\n|move|p2a: Ting-Lu|Spikes|p1a: Rotom\n|-sidestart|p1: Forfeit if noob|Spikes\n|\n|-heal|p2a: Ting-Lu|67\/100|[from] item: Leftovers\n|upkeep\n|turn|10\n|inactive|wGum has 120 seconds left.\n|\n|t:|1699967879\n|switch|p2a: Hatterene|Hatterene, F|100\/100\n|-activate|p2a: Hatterene|move: Sticky Web\n|-unboost|p2a: Hatterene|spe|1\n|move|p1a: Rotom|Trick|p2a: Hatterene\n|-activate|p1a: Rotom|move: Trick|[of] p2a: Hatterene\n|-item|p2a: Hatterene|Choice Scarf|[from] move: Trick\n|-item|p1a: Rotom|Assault Vest|[from] move: Trick\n|\n|upkeep\n|turn|11\n|inactive|wGum has 120 seconds left.\n|\n|t:|1699967899\n|move|p1a: Rotom|Volt Switch|p2a: Hatterene\n|-damage|p2a: Hatterene|70\/100\n|\n|t:|1699967906\n|switch|p1a: Scizor|Scizor, F|100\/100|[from] Volt Switch\n|-damage|p1a: Scizor|88\/100|[from] Spikes\n|move|p2a: Hatterene|Dazzling Gleam|p1a: Scizor\n|-resisted|p1a: Scizor\n|-damage|p1a: Scizor|60\/100\n|\n|upkeep\n|turn|12\n|\n|t:|1699967917\n|switch|p2a: Dondozo|Dondozo, M|50\/100\n|-activate|p2a: Dondozo|move: Sticky Web\n|-unboost|p2a: Dondozo|spe|1\n|move|p1a: Scizor|Swords Dance|p1a: Scizor\n|-boost|p1a: Scizor|atk|2\n|\n|upkeep\n|turn|13\n|inactive|wGum has 120 seconds left.\n|\n|t:|1699967923\n|move|p1a: Scizor|Close Combat|p2a: Dondozo\n|-damage|p2a: Dondozo|28\/100\n|-unboost|p1a: Scizor|def|1\n|-unboost|p1a: Scizor|spd|1\n|move|p2a: Dondozo|Rest|p2a: Dondozo\n|-status|p2a: Dondozo|slp|[from] move: Rest\n|-heal|p2a: Dondozo|100\/100 slp|[silent]\n|\n|upkeep\n|turn|14\n|\n|t:|1699967933\n|switch|p1a: Miraidon|Miraidon|88\/100\n|-damage|p1a: Miraidon|76\/100|[from] Spikes\n|-fieldstart|move: Electric Terrain|[from] ability: Hadron Engine|[of] p1a: Miraidon\n|cant|p2a: Dondozo|slp\n|\n|upkeep\n|turn|15\n|\n|t:|1699967938\n|move|p1a: Miraidon|Electro Drift|p2a: Dondozo\n|-supereffective|p2a: Dondozo\n|-damage|p2a: Dondozo|0 fnt\n|faint|p2a: Dondozo\n|\n|upkeep\n|inactive|wGum has 120 seconds left.\n|\n|t:|1699967958\n|switch|p2a: Ting-Lu|Ting-Lu|67\/100\n|-activate|p2a: Ting-Lu|move: Sticky Web\n|-unboost|p2a: Ting-Lu|spe|1\n|-ability|p2a: Ting-Lu|Vessel of Ruin\n|turn|16\n|\n|t:|1699967968\n|switch|p1a: Scizor|Scizor, F|60\/100\n|-damage|p1a: Scizor|48\/100|[from] Spikes\n|move|p2a: Ting-Lu|Earthquake|p1a: Scizor\n|-damage|p1a: Scizor|10\/100\n|\n|-heal|p2a: Ting-Lu|73\/100|[from] item: Leftovers\n|upkeep\n|turn|17\n|\n|t:|1699967970\n|move|p1a: Scizor|Close Combat|p2a: Ting-Lu\n|-supereffective|p2a: Ting-Lu\n|-damage|p2a: Ting-Lu|21\/100\n|-unboost|p1a: Scizor|def|1\n|-unboost|p1a: Scizor|spd|1\n|move|p2a: Ting-Lu|Earthquake|p1a: Scizor\n|-damage|p1a: Scizor|0 fnt\n|faint|p1a: Scizor\n|\n|-heal|p2a: Ting-Lu|27\/100|[from] item: Leftovers\n|upkeep\n|\n|t:|1699967978\n|switch|p1a: Rotom|Rotom-Frost|100\/100\n|turn|18\n|\n|t:|1699967994\n|switch|p2a: Hatterene|Hatterene, F|70\/100\n|-activate|p2a: Hatterene|move: Sticky Web\n|-unboost|p2a: Hatterene|spe|1\n|move|p1a: Rotom|Blizzard|p2a: Hatterene\n|-damage|p2a: Hatterene|23\/100\n|-status|p2a: Hatterene|frz\n|\n|-fieldend|move: Electric Terrain\n|upkeep\n|turn|19\n|\n|t:|1699968003\n|move|p1a: Rotom|Blizzard|p2a: Hatterene\n|-damage|p2a: Hatterene|0 fnt\n|faint|p2a: Hatterene\n|\n|upkeep\n|\n|t:|1699968008\n|switch|p2a: Zacian|Zacian-Crowned|100\/100\n|-activate|p2a: Zacian|move: Sticky Web\n|-unboost|p2a: Zacian|spe|1\n|-ability|p2a: Zacian|Intrepid Sword|boost\n|-boost|p2a: Zacian|atk|1\n|turn|20\n|\n|t:|1699968013\n|move|p1a: Rotom|Volt Switch|p2a: Zacian\n|-damage|p2a: Zacian|72\/100\n|\n|t:|1699968017\n|switch|p1a: Great Tusk|Great Tusk|32\/100|[from] Volt Switch\n|-damage|p1a: Great Tusk|20\/100|[from] Spikes\n|move|p2a: Zacian|Trailblaze|p1a: Great Tusk\n|-supereffective|p1a: Great Tusk\n|-damage|p1a: Great Tusk|0 fnt\n|-boost|p2a: Zacian|spe|1\n|faint|p1a: Great Tusk\n|-end|p1a: Great Tusk|Protosynthesis|[silent]\n|\n|upkeep\n|\n|t:|1699968023\n|switch|p1a: Miraidon|Miraidon|76\/100\n|-damage|p1a: Miraidon|64\/100|[from] Spikes\n|-fieldstart|move: Electric Terrain|[from] ability: Hadron Engine|[of] p1a: Miraidon\n|turn|21\n|\n|t:|1699968029\n|move|p2a: Zacian|Play Rough|p1a: Miraidon\n|-supereffective|p1a: Miraidon\n|-crit|p1a: Miraidon\n|-damage|p1a: Miraidon|0 fnt\n|faint|p1a: Miraidon\n|\n|upkeep\n|\n|t:|1699968032\n|switch|p1a: Iron Bundle|Iron Bundle|76\/100\n|-activate|p1a: Iron Bundle|ability: Quark Drive\n|-start|p1a: Iron Bundle|quarkdrivespe\n|turn|22\n|\n|t:|1699968041\n|switch|p2a: Ting-Lu|Ting-Lu|27\/100\n|-activate|p2a: Ting-Lu|move: Sticky Web\n|-unboost|p2a: Ting-Lu|spe|1\n|-ability|p2a: Ting-Lu|Vessel of Ruin\n|move|p1a: Iron Bundle|Hydro Pump|p2a: Ting-Lu\n|-supereffective|p2a: Ting-Lu\n|-damage|p2a: Ting-Lu|0 fnt\n|faint|p2a: Ting-Lu\n|\n|upkeep\n|\n|t:|1699968051\n|switch|p2a: Miraidon|Miraidon|100\/100\n|-activate|p2a: Miraidon|move: Sticky Web\n|-unboost|p2a: Miraidon|spe|1\n|-activate|p2a: Miraidon|ability: Hadron Engine\n|turn|23\n|\n|t:|1699968059\n|move|p1a: Iron Bundle|Ice Beam|p2a: Miraidon\n|-supereffective|p2a: Miraidon\n|-damage|p2a: Miraidon|19\/100\n|-status|p2a: Miraidon|frz\n|-curestatus|p2a: Miraidon|frz|[msg]\n|move|p2a: Miraidon|Parabolic Charge|p1a: Iron Bundle\n|-supereffective|p1a: Iron Bundle\n|-damage|p1a: Iron Bundle|0 fnt\n|-heal|p2a: Miraidon|47\/100|[from] drain|[of] p1a: Iron Bundle\n|faint|p1a: Iron Bundle\n|-end|p1a: Iron Bundle|Quark Drive|[silent]\n|-damage|p2a: Miraidon|37\/100|[from] item: Life Orb\n|\n|upkeep\n|\n|t:|1699968062\n|switch|p1a: Rotom|Rotom-Frost|100\/100\n|turn|24\n|\n|t:|1699968074\n|move|p1a: Rotom|Blizzard|p2a: Miraidon\n|-supereffective|p2a: Miraidon\n|-damage|p2a: Miraidon|0 fnt\n|faint|p2a: Miraidon\n|\n|upkeep\n|\n|t:|1699968080\n|switch|p2a: Zacian|Zacian-Crowned|72\/100\n|-activate|p2a: Zacian|move: Sticky Web\n|-unboost|p2a: Zacian|spe|1\n|turn|25\n|\n|t:|1699968086\n|-terastallize|p1a: Rotom|Electric\n|move|p1a: Rotom|Volt Switch|p2a: Zacian\n|-damage|p2a: Zacian|32\/100\n|move|p2a: Zacian|Close Combat|p1a: Rotom\n|-damage|p1a: Rotom|44\/100\n|-unboost|p2a: Zacian|def|1\n|-unboost|p2a: Zacian|spd|1\n|\n|-fieldend|move: Electric Terrain\n|upkeep\n|turn|26\n|\n|t:|1699968099\n|move|p1a: Rotom|Volt Switch|p2a: Zacian\n|-damage|p2a: Zacian|0 fnt\n|faint|p2a: Zacian\n|\n|win|Forfeit if noob\n|raw|Forfeit if noob's rating: 1217 &rarr; <strong>1241<\/strong><br \/>(+24 for winning)\n|raw|wGum's rating: 1205 &rarr; <strong>1181<\/strong><br \/>(-24 for losing)\n|l|\u2606wGum\n|c|\u2606Forfeit if noob|Awesome sauce\n","uploadtime":1699968113,"views":9,"p1id":"forfeitifnoob","p2id":"wgum","formatid":"gen9ubers","rating":1181,"private":0,"password":""}