{"id":"gen9ubers-1994311440","p1":"Anne Frankkkk","p2":"elizabeth80085","format":"[Gen 9] Ubers","log":"|j|\u2606Anne Frankkkk\n|j|\u2606elizabeth80085\n|t:|1700429809\n|gametype|singles\n|player|p1|Anne Frankkkk|hilbert|1206\n|player|p2|elizabeth80085|169|1213\n|teamsize|p1|6\n|teamsize|p2|6\n|gen|9\n|tier|[Gen 9] Ubers\n|rated|\n|rule|Sleep Clause Mod: Limit one foe put to sleep\n|rule|Species Clause: Limit one of each Pok\u00e9mon\n|rule|OHKO Clause: OHKO moves are banned\n|rule|Evasion Items Clause: Evasion items are banned\n|rule|Evasion Moves Clause: Evasion moves are banned\n|rule|Endless Battle Clause: Forcing endless battles is banned\n|rule|HP Percentage Mod: HP is shown in percentages\n|clearpoke\n|poke|p1|Regieleki|\n|poke|p1|Kyogre|\n|poke|p1|Chien-Pao|\n|poke|p1|Ribombee, F|\n|poke|p1|Miraidon|\n|poke|p1|Flutter Mane|\n|poke|p2|Muk-Alola, F|\n|poke|p2|Zacian-*|\n|poke|p2|Great Tusk|\n|poke|p2|Arcanine-Hisui, F|\n|poke|p2|Corviknight, F|\n|poke|p2|Zapdos|\n|teampreview\n|\n|t:|1700429818\n|start\n|switch|p1a: Moonblast|Ribombee, F, shiny|100\/100\n|switch|p2a: Muk|Muk-Alola, F, shiny|100\/100\n|turn|1\n|\n|t:|1700429824\n|move|p1a: Moonblast|Sticky Web|p2a: Muk\n|-sidestart|p2: elizabeth80085|move: Sticky Web\n|move|p2a: Muk|Gunk Shot|p1a: Moonblast\n|-supereffective|p1a: Moonblast\n|-enditem|p1a: Moonblast|Focus Sash\n|-damage|p1a: Moonblast|1\/100\n|\n|upkeep\n|turn|2\n|inactive|Battle timer is ON: inactive players will automatically lose when time's up. (requested by Anne Frankkkk)\n|\n|t:|1700429831\n|move|p1a: Moonblast|Stun Spore|p2a: Muk\n|-status|p2a: Muk|par\n|move|p2a: Muk|Knock Off|p1a: Moonblast\n|-resisted|p1a: Moonblast\n|-damage|p1a: Moonblast|0 fnt\n|faint|p1a: Moonblast\n|\n|upkeep\n|\n|t:|1700429841\n|switch|p1a: Cyber Lizard|Miraidon|100\/100\n|-fieldstart|move: Electric Terrain|[from] ability: Hadron Engine|[of] p1a: Cyber Lizard\n|-item|p1a: Cyber Lizard|Air Balloon\n|turn|3\n|\n|t:|1700429844\n|move|p1a: Cyber Lizard|Calm Mind|p1a: Cyber Lizard\n|-boost|p1a: Cyber Lizard|spa|1\n|-boost|p1a: Cyber Lizard|spd|1\n|move|p2a: Muk|Gunk Shot|p1a: Cyber Lizard\n|-damage|p1a: Cyber Lizard|44\/100\n|-status|p1a: Cyber Lizard|psn\n|-enditem|p1a: Cyber Lizard|Air Balloon\n|\n|-damage|p1a: Cyber Lizard|32\/100 psn|[from] psn\n|upkeep\n|turn|4\n|\n|t:|1700429850\n|move|p1a: Cyber Lizard|Electro Drift|p2a: Muk\n|-damage|p2a: Muk|30\/100 par\n|move|p2a: Muk|Knock Off|p1a: Cyber Lizard\n|-damage|p1a: Cyber Lizard|2\/100 psn\n|\n|-damage|p1a: Cyber Lizard|0 fnt|[from] psn\n|faint|p1a: Cyber Lizard\n|upkeep\n|\n|t:|1700429853\n|switch|p1a: Bzzzzt|Regieleki, shiny|100\/100\n|turn|5\n|\n|t:|1700429859\n|move|p1a: Bzzzzt|Thunderbolt|p2a: Muk\n|-damage|p2a: Muk|0 fnt\n|faint|p2a: Muk\n|\n|upkeep\n|\n|t:|1700429861\n|switch|p2a: Great Tusk|Great Tusk|100\/100\n|-activate|p2a: Great Tusk|move: Sticky Web\n|-unboost|p2a: Great Tusk|spe|1\n|turn|6\n|\n|t:|1700429864\n|switch|p1a: Misdreavius|Flutter Mane, shiny|100\/100\n|-enditem|p1a: Misdreavius|Booster Energy\n|-activate|p1a: Misdreavius|ability: Protosynthesis|[fromitem]\n|-start|p1a: Misdreavius|protosynthesisspe\n|move|p2a: Great Tusk|Rapid Spin|p1a: Misdreavius\n|-immune|p1a: Misdreavius\n|\n|upkeep\n|turn|7\n|\n|t:|1700429871\n|move|p1a: Misdreavius|Moonblast|p2a: Great Tusk\n|-supereffective|p2a: Great Tusk\n|-damage|p2a: Great Tusk|0 fnt\n|faint|p2a: Great Tusk\n|-end|p2a: Great Tusk|Protosynthesis|[silent]\n|\n|-fieldend|move: Electric Terrain\n|upkeep\n|\n|t:|1700429875\n|switch|p2a: Corviknight|Corviknight, F|100\/100\n|turn|8\n|\n|t:|1700429880\n|move|p1a: Misdreavius|Calm Mind|p1a: Misdreavius\n|-boost|p1a: Misdreavius|spa|1\n|-boost|p1a: Misdreavius|spd|1\n|move|p2a: Corviknight|Flash Cannon|p1a: Misdreavius\n|-supereffective|p1a: Misdreavius\n|-damage|p1a: Misdreavius|65\/100\n|\n|upkeep\n|turn|9\n|\n|t:|1700429883\n|move|p1a: Misdreavius|Calm Mind|p1a: Misdreavius\n|-boost|p1a: Misdreavius|spa|1\n|-boost|p1a: Misdreavius|spd|1\n|move|p2a: Corviknight|Flash Cannon|p1a: Misdreavius\n|-supereffective|p1a: Misdreavius\n|-damage|p1a: Misdreavius|38\/100\n|\n|upkeep\n|turn|10\n|\n|t:|1700429885\n|move|p1a: Misdreavius|Power Gem|p2a: Corviknight\n|-damage|p2a: Corviknight|34\/100\n|move|p2a: Corviknight|Flash Cannon|p1a: Misdreavius\n|-supereffective|p1a: Misdreavius\n|-damage|p1a: Misdreavius|9\/100\n|\n|upkeep\n|turn|11\n|\n|t:|1700429889\n|move|p1a: Misdreavius|Power Gem|p2a: Corviknight\n|-damage|p2a: Corviknight|0 fnt\n|faint|p2a: Corviknight\n|\n|upkeep\n|\n|t:|1700429893\n|switch|p2a: Zacian|Zacian-Crowned|100\/100\n|-activate|p2a: Zacian|move: Sticky Web\n|-unboost|p2a: Zacian|spe|1\n|-ability|p2a: Zacian|Intrepid Sword|boost\n|-boost|p2a: Zacian|atk|1\n|turn|12\n|\n|t:|1700429900\n|-terastallize|p1a: Misdreavius|Ghost\n|move|p1a: Misdreavius|Shadow Ball|p2a: Zacian\n|-damage|p2a: Zacian|0 fnt\n|faint|p2a: Zacian\n|\n|upkeep\n|\n|t:|1700429902\n|switch|p2a: Arcanine|Arcanine-Hisui, F|100\/100\n|-activate|p2a: Arcanine|move: Sticky Web\n|-unboost|p2a: Arcanine|spe|1\n|turn|13\n|\n|t:|1700429906\n|-terastallize|p2a: Arcanine|Flying\n|move|p1a: Misdreavius|Shadow Ball|p2a: Arcanine\n|-damage|p2a: Arcanine|0 fnt\n|faint|p2a: Arcanine\n|\n|upkeep\n|-message|elizabeth80085 forfeited.\n|\n|win|Anne Frankkkk\n|raw|Anne Frankkkk's rating: 1206 &rarr; <strong>1232<\/strong><br \/>(+26 for winning)\n|raw|elizabeth80085's rating: 1213 &rarr; <strong>1187<\/strong><br \/>(-26 for losing)\n|l|\u2606elizabeth80085\n","uploadtime":1700429915,"views":3,"p1id":"annefrankkkk","p2id":"elizabeth80085","formatid":"gen9ubers","rating":1187,"private":0,"password":""}