{"id":"gen9ubers-1994316063","p1":"pppppp5","p2":"Baton Pass is Fine","format":"[Gen 9] Ubers","log":"|j|\u2606pppppp5\n|j|\u2606Baton Pass is Fine\n|t:|1700430305\n|gametype|singles\n|player|p1|pppppp5|lucas|1482\n|player|p2|Baton Pass is Fine|supernerd|1419\n|teamsize|p1|6\n|teamsize|p2|6\n|gen|9\n|tier|[Gen 9] Ubers\n|rated|\n|rule|Sleep Clause Mod: Limit one foe put to sleep\n|rule|Species Clause: Limit one of each Pok\u00e9mon\n|rule|OHKO Clause: OHKO moves are banned\n|rule|Evasion Items Clause: Evasion items are banned\n|rule|Evasion Moves Clause: Evasion moves are banned\n|rule|Endless Battle Clause: Forcing endless battles is banned\n|rule|HP Percentage Mod: HP is shown in percentages\n|clearpoke\n|poke|p1|Basculegion, M|\n|poke|p1|Miraidon|\n|poke|p1|Ursaluna-Bloodmoon, M|\n|poke|p1|Koraidon|\n|poke|p1|Hawlucha, M|\n|poke|p1|Hatterene, F|\n|poke|p2|Miraidon|\n|poke|p2|Iron Valiant|\n|poke|p2|Iron Bundle|\n|poke|p2|Gholdengo|\n|poke|p2|Glimmora, M|\n|poke|p2|Skeledirge, M|\n|teampreview\n|inactive|Battle timer is ON: inactive players will automatically lose when time's up. (requested by Baton Pass is Fine)\n|\n|t:|1700430320\n|start\n|switch|p1a: Koraidon|Koraidon|100\/100\n|switch|p2a: Miraidon|Miraidon|100\/100\n|-weather|SunnyDay|[from] ability: Orichalcum Pulse|[of] p1a: Koraidon\n|-activate|p1a: Koraidon|Orichalcum Pulse|[source]\n|-fieldstart|move: Electric Terrain|[from] ability: Hadron Engine|[of] p2a: Miraidon\n|turn|1\n|\n|t:|1700430330\n|switch|p2a: Skeledirge|Skeledirge, M|100\/100\n|move|p1a: Koraidon|Scale Shot|p2a: Skeledirge\n|-damage|p2a: Skeledirge|90\/100\n|-damage|p2a: Skeledirge|79\/100\n|-damage|p2a: Skeledirge|69\/100\n|-damage|p2a: Skeledirge|57\/100\n|-hitcount|p2a: Skeledirge|4\n|-unboost|p1a: Koraidon|def|1\n|-boost|p1a: Koraidon|spe|1\n|\n|-weather|SunnyDay|[upkeep]\n|-heal|p2a: Skeledirge|63\/100|[from] item: Leftovers\n|upkeep\n|turn|2\n|\n|t:|1700430345\n|-terastallize|p2a: Skeledirge|Fairy\n|move|p1a: Koraidon|Wild Charge|p2a: Skeledirge\n|-damage|p2a: Skeledirge|31\/100\n|-damage|p1a: Koraidon|91\/100|[from] Recoil\n|move|p2a: Skeledirge|Will-O-Wisp|p1a: Koraidon|[miss]\n|-miss|p2a: Skeledirge|p1a: Koraidon\n|\n|-weather|SunnyDay|[upkeep]\n|-heal|p2a: Skeledirge|37\/100|[from] item: Leftovers\n|upkeep\n|turn|3\n|c|\u2606Baton Pass is Fine|FUCK\n|c|\u2606Baton Pass is Fine|MY\n|c|\u2606Baton Pass is Fine|LIFE\n|inactive|pppppp5 has 120 seconds left.\n|\n|t:|1700430394\n|switch|p2a: Glimmora|Glimmora, M|100\/100\n|move|p1a: Koraidon|Flare Blitz|p2a: Glimmora\n|-resisted|p2a: Glimmora\n|-damage|p2a: Glimmora|50\/100\n|-activate|p2a: Glimmora|ability: Toxic Debris\n|-sidestart|p1: pppppp5|move: Toxic Spikes\n|-damage|p1a: Koraidon|76\/100|[from] Recoil\n|\n|-weather|SunnyDay|[upkeep]\n|upkeep\n|turn|4\n|\n|t:|1700430413\n|move|p1a: Koraidon|Scale Shot|p2a: Glimmora\n|-damage|p2a: Glimmora|29\/100\n|-activate|p2a: Glimmora|ability: Toxic Debris\n|-sidestart|p1: pppppp5|move: Toxic Spikes\n|-damage|p2a: Glimmora|6\/100\n|-damage|p2a: Glimmora|0 fnt\n|faint|p2a: Glimmora\n|-hitcount|p2: Glimmora|3\n|-unboost|p1a: Koraidon|def|1\n|-boost|p1a: Koraidon|spe|1\n|\n|-weather|SunnyDay|[upkeep]\n|upkeep\n|\n|t:|1700430430\n|switch|p2a: Iron Valiant|Iron Valiant|100\/100\n|-activate|p2a: Iron Valiant|ability: Quark Drive\n|-start|p2a: Iron Valiant|quarkdrivespe\n|turn|5\n|\n|t:|1700430437\n|move|p1a: Koraidon|Flare Blitz|p2a: Iron Valiant\n|-damage|p2a: Iron Valiant|0 fnt\n|faint|p2a: Iron Valiant\n|-end|p2a: Iron Valiant|Quark Drive|[silent]\n|-damage|p1a: Koraidon|48\/100|[from] Recoil\n|\n|-weather|none\n|-fieldend|move: Electric Terrain\n|upkeep\n|\n|t:|1700430442\n|switch|p2a: Skeledirge|Skeledirge, M, tera:Fairy|37\/100\n|turn|6\n|inactive|pppppp5 has 120 seconds left.\n|\n|t:|1700430460\n|switch|p1a: Ursaluna|Ursaluna-Bloodmoon, M|100\/100\n|-status|p1a: Ursaluna|tox\n|move|p2a: Skeledirge|Slack Off|p2a: Skeledirge\n|-heal|p2a: Skeledirge|87\/100\n|\n|-heal|p2a: Skeledirge|93\/100|[from] item: Leftovers\n|-damage|p1a: Ursaluna|94\/100 tox|[from] psn\n|upkeep\n|turn|7\n|inactive|pppppp5 has 120 seconds left.\n|\n|t:|1700430473\n|switch|p2a: Gholdengo|Gholdengo|100\/100\n|-item|p2a: Gholdengo|Air Balloon\n|move|p1a: Ursaluna|Blood Moon|p2a: Gholdengo\n|-resisted|p2a: Gholdengo\n|-damage|p2a: Gholdengo|72\/100\n|-enditem|p2a: Gholdengo|Air Balloon\n|\n|-damage|p1a: Ursaluna|82\/100 tox|[from] psn\n|upkeep\n|turn|8\n|inactive|pppppp5 has 120 seconds left.\n|\n|t:|1700430485\n|move|p2a: Gholdengo|Make It Rain|p1a: Ursaluna\n|-damage|p1a: Ursaluna|39\/100 tox\n|-unboost|p2a: Gholdengo|spa|1\n|move|p1a: Ursaluna|Earth Power|p2a: Gholdengo\n|-supereffective|p2a: Gholdengo\n|-damage|p2a: Gholdengo|0 fnt\n|faint|p2a: Gholdengo\n|\n|-damage|p1a: Ursaluna|20\/100 tox|[from] psn\n|upkeep\n|\n|t:|1700430498\n|switch|p2a: Iron Bundle|Iron Bundle|100\/100\n|turn|9\n|inactive|pppppp5 has 120 seconds left.\n|\n|t:|1700430517\n|move|p2a: Iron Bundle|Ice Beam|p1a: Ursaluna\n|-supereffective|p1a: Ursaluna\n|-damage|p1a: Ursaluna|0 fnt\n|faint|p1a: Ursaluna\n|-damage|p2a: Iron Bundle|91\/100|[from] item: Life Orb\n|\n|upkeep\n|\n|t:|1700430533\n|switch|p1a: Hawlucha|Hawlucha, M|100\/100\n|turn|10\n|\n|t:|1700430544\n|move|p1a: Hawlucha|Endure|p1a: Hawlucha\n|-singleturn|p1a: Hawlucha|move: Endure\n|move|p2a: Iron Bundle|Ice Beam|p1a: Hawlucha\n|-supereffective|p1a: Hawlucha\n|-activate|p1a: Hawlucha|move: Endure\n|-damage|p1a: Hawlucha|1\/100\n|-enditem|p1a: Hawlucha|Liechi Berry|[eat]\n|-boost|p1a: Hawlucha|atk|1|[from] item: Liechi Berry\n|-damage|p2a: Iron Bundle|81\/100|[from] item: Life Orb\n|\n|upkeep\n|turn|11\n|inactive|pppppp5 has 120 seconds left.\n|\n|t:|1700430556\n|-end|p2a: Iron Bundle|Quark Drive|[silent]\n|switch|p2a: Skeledirge|Skeledirge, M, tera:Fairy|93\/100\n|move|p1a: Hawlucha|Acrobatics|p2a: Skeledirge\n|-damage|p2a: Skeledirge|63\/100\n|\n|-heal|p2a: Skeledirge|69\/100|[from] item: Leftovers\n|upkeep\n|turn|12\n|inactive|pppppp5 has 120 seconds left.\n|\n|t:|1700430564\n|move|p1a: Hawlucha|Defog|p2a: Skeledirge\n|-unboost|p2a: Skeledirge|evasion|1\n|-sideend|p1: pppppp5|Toxic Spikes|[from] move: Defog|[of] p1a: Hawlucha\n|move|p2a: Skeledirge|Slack Off|p2a: Skeledirge\n|-heal|p2a: Skeledirge|100\/100\n|\n|upkeep\n|turn|13\n|inactive|pppppp5 has 120 seconds left.\n|\n|t:|1700430576\n|move|p1a: Hawlucha|Acrobatics|p2a: Skeledirge\n|-crit|p2a: Skeledirge\n|-damage|p2a: Skeledirge|59\/100\n|move|p2a: Skeledirge|Torch Song|p1a: Hawlucha\n|-damage|p1a: Hawlucha|0 fnt\n|-boost|p2a: Skeledirge|spa|1\n|faint|p1a: Hawlucha\n|\n|-heal|p2a: Skeledirge|65\/100|[from] item: Leftovers\n|upkeep\n|inactive|pppppp5 has 120 seconds left.\n|c|\u2606Baton Pass is Fine|of course bro\n|c|\u2606Baton Pass is Fine|gonna lose 3 in a row to pure hax\n|\n|t:|1700430598\n|switch|p1a: Miraidon|Miraidon|100\/100\n|-fieldstart|move: Electric Terrain|[from] ability: Hadron Engine|[of] p1a: Miraidon\n|-enditem|p1a: Miraidon|Electric Seed\n|-boost|p1a: Miraidon|def|1|[from] item: Electric Seed\n|turn|14\n|\n|t:|1700430605\n|move|p1a: Miraidon|Calm Mind|p1a: Miraidon\n|-boost|p1a: Miraidon|spa|1\n|-boost|p1a: Miraidon|spd|1\n|move|p2a: Skeledirge|Hex|p1a: Miraidon\n|-damage|p1a: Miraidon|75\/100\n|\n|-heal|p2a: Skeledirge|71\/100|[from] item: Leftovers\n|upkeep\n|turn|15\n|\n|t:|1700430617\n|switch|p2a: Iron Bundle|Iron Bundle|81\/100\n|-activate|p2a: Iron Bundle|ability: Quark Drive\n|-start|p2a: Iron Bundle|quarkdrivespe\n|move|p1a: Miraidon|Parabolic Charge|p2a: Iron Bundle\n|-supereffective|p2a: Iron Bundle\n|-damage|p2a: Iron Bundle|0 fnt\n|-heal|p1a: Miraidon|100\/100|[from] drain|[of] p2a: Iron Bundle\n|faint|p2a: Iron Bundle\n|-end|p2a: Iron Bundle|Quark Drive|[silent]\n|\n|upkeep\n|c|\u2606Baton Pass is Fine|holy shit\n|\n|t:|1700430636\n|switch|p2a: Miraidon|Miraidon|100\/100\n|-activate|p2a: Miraidon|ability: Hadron Engine\n|turn|16\n|inactive|pppppp5 has 120 seconds left.\n|\n|t:|1700430643\n|move|p2a: Miraidon|Draco Meteor|p1a: Miraidon\n|-supereffective|p1a: Miraidon\n|-damage|p1a: Miraidon|0 fnt\n|-unboost|p2a: Miraidon|spa|2\n|faint|p1a: Miraidon\n|\n|upkeep\n|inactive|pppppp5 has 120 seconds left.\n|\n|t:|1700430650\n|switch|p1a: Hatterene|Hatterene, F|100\/100\n|turn|17\n|\n|t:|1700430653\n|switch|p2a: Skeledirge|Skeledirge, M, tera:Fairy|71\/100\n|move|p1a: Hatterene|Trick Room|p1a: Hatterene\n|-fieldstart|move: Trick Room|[of] p1a: Hatterene\n|\n|-heal|p2a: Skeledirge|77\/100|[from] item: Leftovers\n|upkeep\n|turn|18\n|\n|t:|1700430661\n|move|p1a: Hatterene|Healing Wish|p1a: Hatterene\n|faint|p1a: Hatterene\n|move|p2a: Skeledirge|Torch Song|p1: Hatterene|[notarget]\n|-fail|p2a: Skeledirge\n|\n|-heal|p2a: Skeledirge|83\/100|[from] item: Leftovers\n|-fieldend|move: Electric Terrain\n|upkeep\n|\n|t:|1700430669\n|switch|p1a: Basculegion|Basculegion, M, shiny|100\/100\n|turn|19\n|\n|t:|1700430674\n|move|p1a: Basculegion|Last Respects|p2a: Skeledirge\n|-damage|p2a: Skeledirge|0 fnt\n|faint|p2a: Skeledirge\n|-damage|p1a: Basculegion|91\/100|[from] item: Life Orb\n|\n|upkeep\n|\n|t:|1700430679\n|switch|p2a: Miraidon|Miraidon|100\/100\n|-fieldstart|move: Electric Terrain|[from] ability: Hadron Engine|[of] p2a: Miraidon\n|turn|20\n|c|\u2606Baton Pass is Fine|you gotta be the most ass man to ever win a game\n|n|!Baton Pass is Fine|batonpassisfine\n|-message|Baton Pass is Fine forfeited.\n|\n|win|pppppp5\n|raw|pppppp5's rating: 1482 &rarr; <strong>1498<\/strong><br \/>(+16 for winning)\n|raw|Baton Pass is Fine's rating: 1419 &rarr; <strong>1403<\/strong><br \/>(-16 for losing)\n","uploadtime":1700430692,"views":3,"p1id":"pppppp5","p2id":"batonpassisfine","formatid":"gen9ubers","rating":1403,"private":0,"password":""}