{"id":"gen9ubers-1978639482","p1":"Skotchaud","p2":"Aaron MA","format":"[Gen 9] Ubers","log":"|j|\u2606Skotchaud\n|j|\u2606Aaron MA\n|t:|1698572570\n|gametype|singles\n|player|p1|Skotchaud|noland|\n|player|p2|Aaron MA|266|\n|teamsize|p1|6\n|teamsize|p2|6\n|gen|9\n|tier|[Gen 9] Ubers\n|rule|Sleep Clause Mod: Limit one foe put to sleep\n|rule|Species Clause: Limit one of each Pok\u00e9mon\n|rule|OHKO Clause: OHKO moves are banned\n|rule|Evasion Items Clause: Evasion items are banned\n|rule|Evasion Moves Clause: Evasion moves are banned\n|rule|Endless Battle Clause: Forcing endless battles is banned\n|rule|HP Percentage Mod: HP is shown in percentages\n|clearpoke\n|poke|p1|Breloom, M|\n|poke|p1|Garchomp, M|\n|poke|p1|Ogerpon-Hearthflame, F|\n|poke|p1|Forretress, M|\n|poke|p1|Toxapex, F|\n|poke|p1|Iron Valiant|\n|poke|p2|Gholdengo|\n|poke|p2|Dragonite, M|\n|poke|p2|Roaring Moon|\n|poke|p2|Gliscor, M|\n|poke|p2|Toxapex, F|\n|poke|p2|Iron Valiant|\n|teampreview\n|\n|t:|1698572614\n|start\n|switch|p1a: Le Roux 1|Garchomp, M|100\/100\n|switch|p2a: Iron Valiant|Iron Valiant|100\/100\n|turn|1\n|\n|t:|1698572623\n|switch|p1a: Chiant-Man|Toxapex, F|100\/100\n|move|p2a: Iron Valiant|Moonblast|p1a: Chiant-Man\n|-resisted|p1a: Chiant-Man\n|-damage|p1a: Chiant-Man|78\/100\n|-enditem|p1a: Chiant-Man|Eject Button\n|\n|t:|1698572630\n|switch|p1a: Beyblade|Forretress, M|100\/100\n|\n|upkeep\n|turn|2\n|\n|t:|1698572635\n|move|p2a: Iron Valiant|Moonblast|p1a: Beyblade\n|-resisted|p1a: Beyblade\n|-damage|p1a: Beyblade|51\/100\n|move|p1a: Beyblade|Spikes|p2a: Iron Valiant\n|-sidestart|p2: Aaron MA|Spikes\n|\n|-heal|p1a: Beyblade|57\/100|[from] item: Leftovers\n|upkeep\n|turn|3\n|\n|t:|1698572646\n|-end|p2a: Iron Valiant|Quark Drive|[silent]\n|switch|p2a: Gliscor|Gliscor, M|100\/100\n|switch|p1a: Chiant-Man|Toxapex, F|100\/100\n|\n|-status|p2a: Gliscor|tox|[from] item: Toxic Orb\n|upkeep\n|turn|4\n|\n|t:|1698572657\n|switch|p1a: Le Roux 1|Garchomp, M|100\/100\n|move|p2a: Gliscor|Stealth Rock|p1a: Le Roux 1\n|-sidestart|p1: Skotchaud|move: Stealth Rock\n|\n|upkeep\n|turn|5\n|\n|t:|1698572664\n|switch|p2a: Iron Valiant|Iron Valiant|100\/100\n|-damage|p2a: Iron Valiant|88\/100|[from] Spikes\n|move|p1a: Le Roux 1|Stealth Rock|p2a: Iron Valiant\n|-sidestart|p2: Aaron MA|move: Stealth Rock\n|\n|upkeep\n|turn|6\n|\n|t:|1698572679\n|move|p2a: Iron Valiant|Moonblast|p1a: Le Roux 1\n|-supereffective|p1a: Le Roux 1\n|-damage|p1a: Le Roux 1|0 fnt\n|faint|p1a: Le Roux 1\n|\n|upkeep\n|\n|t:|1698572683\n|switch|p1a: Beyblade|Forretress, M|57\/100\n|-damage|p1a: Beyblade|45\/100|[from] Stealth Rock\n|turn|7\n|\n|t:|1698572688\n|move|p2a: Iron Valiant|Moonblast|p1a: Beyblade\n|-resisted|p1a: Beyblade\n|-damage|p1a: Beyblade|0 fnt\n|faint|p1a: Beyblade\n|\n|upkeep\n|\n|t:|1698572692\n|switch|p1a: Rouge comme Ayan|Ogerpon-Hearthflame, F|100\/100\n|-damage|p1a: Rouge comme Ayan|76\/100|[from] Stealth Rock\n|-ability|p1a: Rouge comme Ayan|Mold Breaker\n|turn|8\n|\n|t:|1698572704\n|move|p2a: Iron Valiant|Moonblast|p1a: Rouge comme Ayan\n|-resisted|p1a: Rouge comme Ayan\n|-damage|p1a: Rouge comme Ayan|37\/100\n|-unboost|p1a: Rouge comme Ayan|spa|1\n|move|p1a: Rouge comme Ayan|Trailblaze|p2a: Iron Valiant\n|-damage|p2a: Iron Valiant|46\/100\n|-boost|p1a: Rouge comme Ayan|spe|1\n|\n|upkeep\n|turn|9\n|\n|t:|1698572716\n|move|p1a: Rouge comme Ayan|Ivy Cudgel|p2a: Iron Valiant\n|-damage|p2a: Iron Valiant|0 fnt\n|faint|p2a: Iron Valiant\n|-end|p2a: Iron Valiant|Quark Drive|[silent]\n|\n|upkeep\n|\n|t:|1698572721\n|switch|p2a: Dragonite|Dragonite, M|100\/100\n|turn|10\n|\n|t:|1698572733\n|move|p1a: Rouge comme Ayan|Ivy Cudgel|p2a: Dragonite\n|-resisted|p2a: Dragonite\n|-damage|p2a: Dragonite|70\/100\n|move|p2a: Dragonite|Dragon Dance|p2a: Dragonite\n|-boost|p2a: Dragonite|atk|1\n|-boost|p2a: Dragonite|spe|1\n|\n|upkeep\n|turn|11\n|\n|t:|1698572743\n|move|p2a: Dragonite|Extreme Speed|p1a: Rouge comme Ayan\n|-damage|p1a: Rouge comme Ayan|0 fnt\n|faint|p1a: Rouge comme Ayan\n|\n|upkeep\n|\n|t:|1698572748\n|switch|p1a: Le 106|Iron Valiant|100\/100\n|-damage|p1a: Le 106|94\/100|[from] Stealth Rock\n|turn|12\n|\n|t:|1698572765\n|-terastallize|p1a: Le 106|Ghost\n|move|p2a: Dragonite|Extreme Speed|p1a: Le 106\n|-immune|p1a: Le 106\n|move|p1a: Le 106|Moonblast|p2a: Dragonite\n|-supereffective|p2a: Dragonite\n|-damage|p2a: Dragonite|0 fnt\n|faint|p2a: Dragonite\n|\n|upkeep\n|\n|t:|1698572781\n|switch|p2a: Gholdengo|Gholdengo|100\/100\n|-damage|p2a: Gholdengo|94\/100|[from] Stealth Rock\n|-item|p2a: Gholdengo|Air Balloon\n|turn|13\n|\n|t:|1698572801\n|-end|p1a: Le 106|Quark Drive|[silent]\n|switch|p1a: Chiant-Man|Toxapex, F|100\/100\n|-damage|p1a: Chiant-Man|88\/100|[from] Stealth Rock\n|move|p2a: Gholdengo|Shadow Ball|p1a: Chiant-Man\n|-damage|p1a: Chiant-Man|61\/100\n|\n|upkeep\n|turn|14\n|\n|t:|1698572810\n|move|p2a: Gholdengo|Nasty Plot|p2a: Gholdengo\n|-boost|p2a: Gholdengo|spa|2\n|move|p1a: Chiant-Man|Chilling Water|p2a: Gholdengo\n|-damage|p2a: Gholdengo|82\/100\n|-unboost|p2a: Gholdengo|atk|1\n|-enditem|p2a: Gholdengo|Air Balloon\n|\n|upkeep\n|turn|15\n|\n|t:|1698572824\n|move|p2a: Gholdengo|Nasty Plot|p2a: Gholdengo\n|-boost|p2a: Gholdengo|spa|2\n|move|p1a: Chiant-Man|Haze|p1a: Chiant-Man\n|-clearallboost\n|\n|upkeep\n|turn|16\n|\n|t:|1698572831\n|move|p2a: Gholdengo|Shadow Ball|p1a: Chiant-Man\n|-damage|p1a: Chiant-Man|32\/100\n|move|p1a: Chiant-Man|Haze|p1a: Chiant-Man\n|-clearallboost\n|\n|upkeep\n|turn|17\n|\n|t:|1698572840\n|move|p2a: Gholdengo|Nasty Plot|p2a: Gholdengo\n|-boost|p2a: Gholdengo|spa|2\n|move|p1a: Chiant-Man|Haze|p1a: Chiant-Man\n|-clearallboost\n|\n|upkeep\n|turn|18\n|\n|t:|1698572849\n|move|p2a: Gholdengo|Recover|p2a: Gholdengo\n|-heal|p2a: Gholdengo|100\/100\n|move|p1a: Chiant-Man|Haze|p1a: Chiant-Man\n|-clearallboost\n|\n|upkeep\n|turn|19\n|\n|t:|1698572856\n|move|p2a: Gholdengo|Shadow Ball|p1a: Chiant-Man\n|-damage|p1a: Chiant-Man|6\/100\n|move|p1a: Chiant-Man|Haze|p1a: Chiant-Man\n|-clearallboost\n|\n|upkeep\n|turn|20\n|\n|t:|1698572864\n|move|p2a: Gholdengo|Shadow Ball|p1a: Chiant-Man\n|-damage|p1a: Chiant-Man|0 fnt\n|faint|p1a: Chiant-Man\n|\n|upkeep\n|\n|t:|1698572866\n|switch|p1a: Le 106|Iron Valiant, tera:Ghost|94\/100\n|-damage|p1a: Le 106|82\/100|[from] Stealth Rock\n|turn|21\n|\n|t:|1698572873\n|move|p1a: Le 106|Knock Off|p2a: Gholdengo\n|-supereffective|p2a: Gholdengo\n|-damage|p2a: Gholdengo|61\/100\n|move|p2a: Gholdengo|Shadow Ball|p1a: Le 106\n|-supereffective|p1a: Le 106\n|-damage|p1a: Le 106|0 fnt\n|faint|p1a: Le 106\n|-end|p1a: Le 106|Quark Drive|[silent]\n|\n|upkeep\n|\n|t:|1698572879\n|switch|p1a: L\u2019agriculteur|Breloom, M|100\/100\n|-damage|p1a: L\u2019agriculteur|94\/100|[from] Stealth Rock\n|turn|22\n|\n|t:|1698572890\n|move|p2a: Gholdengo|Nasty Plot|p2a: Gholdengo\n|-boost|p2a: Gholdengo|spa|2\n|move|p1a: L\u2019agriculteur|Bullet Seed|p2a: Gholdengo\n|-resisted|p2a: Gholdengo\n|-damage|p2a: Gholdengo|50\/100\n|-resisted|p2a: Gholdengo\n|-damage|p2a: Gholdengo|39\/100\n|-hitcount|p2a: Gholdengo|2\n|\n|upkeep\n|turn|23\n|\n|t:|1698572899\n|move|p2a: Gholdengo|Shadow Ball|p1a: L\u2019agriculteur\n|-damage|p1a: L\u2019agriculteur|0 fnt\n|faint|p1a: L\u2019agriculteur\n|\n|win|Aaron MA\n|l|\u2606Aaron MA\n|l|\u2606Skotchaud\n|j|\u2606Aaron MA\n|player|p2|Aaron MA|266\n","uploadtime":1698572987,"views":18,"p1id":"skotchaud","p2id":"aaronma","formatid":"gen9ubers","rating":0,"private":0,"password":""}