{"id":"gen9ubers-1983464955","p1":"the tr4sh man","p2":"HinaKagiyama1","format":"[Gen 9] Ubers","log":"|j|\u2606the tr4sh man\n|j|\u2606HinaKagiyama1\n|t:|1699132976\n|gametype|singles\n|player|p1|the tr4sh man|xerosic|\n|player|p2|HinaKagiyama1|2|\n|teamsize|p1|6\n|teamsize|p2|6\n|gen|9\n|tier|[Gen 9] Ubers\n|rule|Sleep Clause Mod: Limit one foe put to sleep\n|rule|Species Clause: Limit one of each Pok\u00e9mon\n|rule|OHKO Clause: OHKO moves are banned\n|rule|Evasion Items Clause: Evasion items are banned\n|rule|Evasion Moves Clause: Evasion moves are banned\n|rule|Endless Battle Clause: Forcing endless battles is banned\n|rule|HP Percentage Mod: HP is shown in percentages\n|clearpoke\n|poke|p1|Lycanroc-Dusk, F|\n|poke|p1|Houndstone, F|\n|poke|p1|Zamazenta-*|\n|poke|p1|Zacian-*|\n|poke|p1|Dachsbun, M|\n|poke|p1|Mabosstiff, M|\n|poke|p2|Tyranitar, F|\n|poke|p2|Arceus-Rock|\n|poke|p2|Garchomp, M|\n|poke|p2|Donphan, F|\n|poke|p2|Magearna|\n|poke|p2|Houndstone, M|\n|teampreview\n|c|\u2606HinaKagiyama1|Holy bork\n|c|\u2606the tr4sh man|so true!\n|\n|t:|1699132997\n|start\n|switch|p1a: Lycanroc|Lycanroc-Dusk, F|100\/100\n|switch|p2a: Uwu orb|Magearna|100\/100\n|turn|1\n|\n|t:|1699133008\n|move|p1a: Lycanroc|Stealth Rock|p2a: Uwu orb\n|-sidestart|p2: HinaKagiyama1|move: Stealth Rock\n|move|p2a: Uwu orb|Volt Switch|p1a: Lycanroc\n|-damage|p1a: Lycanroc|53\/100\n|\n|t:|1699133010\n|switch|p2a: Donphozo|Donphan, F|100\/100|[from] Volt Switch\n|\n|upkeep\n|turn|2\n|\n|t:|1699133019\n|move|p1a: Lycanroc|Taunt|p2a: Donphozo\n|-start|p2a: Donphozo|move: Taunt\n|move|p2a: Donphozo|Rapid Spin|p1a: Lycanroc\n|-resisted|p1a: Lycanroc\n|-damage|p1a: Lycanroc|37\/100\n|-boost|p2a: Donphozo|spe|1\n|-sideend|p2: HinaKagiyama1|Stealth Rock|[from] move: Rapid Spin|[of] p2a: Donphozo\n|\n|upkeep\n|turn|3\n|\n|t:|1699133028\n|move|p1a: Lycanroc|Endeavor|p2a: Donphozo\n|-damage|p2a: Donphozo|28\/100\n|move|p2a: Donphozo|Earthquake|p1a: Lycanroc\n|-supereffective|p1a: Lycanroc\n|-damage|p1a: Lycanroc|0 fnt\n|faint|p1a: Lycanroc\n|\n|upkeep\n|\n|t:|1699133042\n|switch|p1a: Zacian|Zacian|100\/100\n|-ability|p1a: Zacian|Intrepid Sword|boost\n|-boost|p1a: Zacian|atk|1\n|turn|4\n|l|\u2606HinaKagiyama1\n|player|p2|\n|c|\u2606the tr4sh man|oop\n|j|\u2606HinaKagiyama1\n|player|p2|HinaKagiyama1|2\n|c|\u2606HinaKagiyama1|Ack\n|\n|t:|1699133109\n|move|p2a: Donphozo|Ice Shard|p1a: Zacian\n|-crit|p1a: Zacian\n|-damage|p1a: Zacian|78\/100\n|move|p1a: Zacian|Swords Dance|p1a: Zacian\n|-boost|p1a: Zacian|atk|2\n|\n|-end|p2a: Donphozo|move: Taunt\n|upkeep\n|turn|5\n|\n|t:|1699133118\n|move|p2a: Donphozo|Ice Shard|p1a: Zacian\n|-damage|p1a: Zacian|62\/100\n|move|p1a: Zacian|Play Rough|p2a: Donphozo\n|-damage|p2a: Donphozo|0 fnt\n|faint|p2a: Donphozo\n|\n|upkeep\n|c|\u2606the tr4sh man|internet issues come to everybody all the same\n|\n|t:|1699133135\n|switch|p2a: Uwu orb|Magearna|100\/100\n|turn|6\n|\n|t:|1699133138\n|-terastallize|p1a: Zacian|Ground\n|move|p1a: Zacian|Tera Blast|p2a: Uwu orb|[anim] Tera Blast Ground\n|-supereffective|p2a: Uwu orb\n|-damage|p2a: Uwu orb|0 fnt\n|faint|p2a: Uwu orb\n|\n|upkeep\n|c|\u2606HinaKagiyama1|Hm\n|c|\u2606HinaKagiyama1|Idea\n|\n|t:|1699133162\n|switch|p2a: DREAM ON|Tyranitar, F|100\/100\n|-weather|Sandstorm|[from] ability: Sand Stream|[of] p2a: DREAM ON\n|turn|7\n|\n|t:|1699133170\n|switch|p2a: Arc the rock eus|Arceus-Rock|100\/100\n|move|p1a: Zacian|Play Rough|p2a: Arc the rock eus\n|-damage|p2a: Arc the rock eus|31\/100\n|\n|-weather|Sandstorm|[upkeep]\n|upkeep\n|turn|8\n|\n|t:|1699133202\n|move|p1a: Zacian|Swords Dance|p1a: Zacian\n|-boost|p1a: Zacian|atk|2\n|move|p2a: Arc the rock eus|Recover|p2a: Arc the rock eus\n|-heal|p2a: Arc the rock eus|81\/100\n|\n|-weather|Sandstorm|[upkeep]\n|upkeep\n|turn|9\n|\n|t:|1699133209\n|move|p1a: Zacian|Tera Blast|p2a: Arc the rock eus|[anim] Tera Blast Ground\n|-supereffective|p2a: Arc the rock eus\n|-damage|p2a: Arc the rock eus|0 fnt\n|faint|p2a: Arc the rock eus\n|\n|-weather|Sandstorm|[upkeep]\n|upkeep\n|\n|t:|1699133212\n|switch|p2a: Cynthia DREAM ON|Garchomp, M|100\/100\n|turn|10\n|\n|t:|1699133215\n|move|p1a: Zacian|Tera Blast|p2a: Cynthia DREAM ON|[anim] Tera Blast Ground\n|-damage|p2a: Cynthia DREAM ON|0 fnt\n|faint|p2a: Cynthia DREAM ON\n|\n|-weather|Sandstorm|[upkeep]\n|upkeep\n|\n|t:|1699133229\n|switch|p2a: Rockless|Houndstone, M|100\/100\n|turn|11\n|\n|t:|1699133240\n|switch|p1a: Dachsbun|Dachsbun, M|100\/100\n|move|p2a: Rockless|Last Respects|p1a: Dachsbun\n|-damage|p1a: Dachsbun|0 fnt\n|faint|p1a: Dachsbun\n|\n|-weather|Sandstorm|[upkeep]\n|upkeep\n|\n|t:|1699133244\n|switch|p1a: Houndstone|Houndstone, F|100\/100\n|turn|12\n|\n|t:|1699133250\n|move|p2a: Rockless|Last Respects|p1a: Houndstone\n|-supereffective|p1a: Houndstone\n|-damage|p1a: Houndstone|0 fnt\n|faint|p1a: Houndstone\n|\n|-weather|Sandstorm|[upkeep]\n|upkeep\n|\n|t:|1699133253\n|switch|p1a: Zamazenta|Zamazenta|100\/100\n|-ability|p1a: Zamazenta|Dauntless Shield|boost\n|-boost|p1a: Zamazenta|def|1\n|turn|13\n|\n|t:|1699133272\n|-terastallize|p2a: Rockless|Ghost\n|move|p1a: Zamazenta|Protect|p1a: Zamazenta\n|-singleturn|p1a: Zamazenta|Protect\n|move|p2a: Rockless|Last Respects|p1a: Zamazenta\n|-activate|p1a: Zamazenta|move: Protect\n|\n|-weather|Sandstorm|[upkeep]\n|-damage|p1a: Zamazenta|94\/100|[from] Sandstorm\n|-heal|p1a: Zamazenta|100\/100|[from] item: Leftovers\n|upkeep\n|turn|14\n|\n|t:|1699133280\n|switch|p1a: Mabosstiff|Mabosstiff, M|100\/100\n|move|p2a: Rockless|Last Respects|p1a: Mabosstiff\n|-resisted|p1a: Mabosstiff\n|-damage|p1a: Mabosstiff|0 fnt\n|faint|p1a: Mabosstiff\n|\n|-weather|none\n|upkeep\n|\n|t:|1699133288\n|switch|p1a: Zamazenta|Zamazenta|100\/100\n|turn|15\n|\n|t:|1699133294\n|move|p1a: Zamazenta|Substitute|p1a: Zamazenta\n|-start|p1a: Zamazenta|Substitute\n|-damage|p1a: Zamazenta|76\/100\n|move|p2a: Rockless|Last Respects|p1a: Zamazenta\n|-end|p1a: Zamazenta|Substitute\n|\n|-heal|p1a: Zamazenta|82\/100|[from] item: Leftovers\n|upkeep\n|turn|16\n|\n|t:|1699133314\n|switch|p2a: DREAM ON|Tyranitar, F|100\/100\n|-weather|Sandstorm|[from] ability: Sand Stream|[of] p2a: DREAM ON\n|move|p1a: Zamazenta|Protect||[still]\n|-fail|p1a: Zamazenta\n|\n|-weather|Sandstorm|[upkeep]\n|-damage|p1a: Zamazenta|76\/100|[from] Sandstorm\n|-heal|p1a: Zamazenta|82\/100|[from] item: Leftovers\n|upkeep\n|turn|17\n|\n|t:|1699133320\n|move|p1a: Zamazenta|Substitute|p1a: Zamazenta\n|-start|p1a: Zamazenta|Substitute\n|-damage|p1a: Zamazenta|57\/100\n|move|p2a: DREAM ON|Stone Edge|p1a: Zamazenta\n|-resisted|p1a: Zamazenta\n|-activate|p1a: Zamazenta|move: Substitute|[damage]\n|\n|-weather|Sandstorm|[upkeep]\n|-damage|p1a: Zamazenta|51\/100|[from] Sandstorm\n|-heal|p1a: Zamazenta|57\/100|[from] item: Leftovers\n|upkeep\n|turn|18\n|\n|t:|1699133325\n|move|p1a: Zamazenta|Iron Defense|p1a: Zamazenta\n|-boost|p1a: Zamazenta|def|2\n|move|p2a: DREAM ON|Knock Off|p1a: Zamazenta\n|-resisted|p1a: Zamazenta\n|-end|p1a: Zamazenta|Substitute\n|\n|-weather|Sandstorm|[upkeep]\n|-damage|p1a: Zamazenta|51\/100|[from] Sandstorm\n|-heal|p1a: Zamazenta|57\/100|[from] item: Leftovers\n|upkeep\n|turn|19\n|\n|t:|1699133334\n|move|p1a: Zamazenta|Substitute|p1a: Zamazenta\n|-start|p1a: Zamazenta|Substitute\n|-damage|p1a: Zamazenta|32\/100\n|move|p2a: DREAM ON|Thunder Wave||[still]\n|-fail|p2a: DREAM ON\n|\n|-weather|Sandstorm|[upkeep]\n|-damage|p1a: Zamazenta|26\/100|[from] Sandstorm\n|-heal|p1a: Zamazenta|32\/100|[from] item: Leftovers\n|upkeep\n|turn|20\n|\n|t:|1699133341\n|switch|p2a: Rockless|Houndstone, M, tera:Ghost|100\/100\n|move|p1a: Zamazenta|Body Press|p2a: Rockless\n|-immune|p2a: Rockless\n|\n|-weather|Sandstorm|[upkeep]\n|-damage|p1a: Zamazenta|26\/100|[from] Sandstorm\n|-heal|p1a: Zamazenta|32\/100|[from] item: Leftovers\n|upkeep\n|turn|21\n|c|\u2606HinaKagiyama1|Oh\n|\n|t:|1699133350\n|move|p1a: Zamazenta|Protect|p1a: Zamazenta\n|-singleturn|p1a: Zamazenta|Protect\n|move|p2a: Rockless|Last Respects|p1a: Zamazenta\n|-activate|p1a: Zamazenta|move: Protect\n|\n|-weather|Sandstorm|[upkeep]\n|-damage|p1a: Zamazenta|26\/100|[from] Sandstorm\n|-heal|p1a: Zamazenta|32\/100|[from] item: Leftovers\n|upkeep\n|turn|22\n|\n|t:|1699133354\n|move|p2a: Rockless|Last Respects|p1a: Zamazenta\n|-end|p1a: Zamazenta|Substitute\n|move|p1a: Zamazenta|Substitute|p1a: Zamazenta\n|-start|p1a: Zamazenta|Substitute\n|-damage|p1a: Zamazenta|7\/100\n|\n|-weather|Sandstorm|[upkeep]\n|-damage|p1a: Zamazenta|1\/100|[from] Sandstorm\n|-heal|p1a: Zamazenta|7\/100|[from] item: Leftovers\n|upkeep\n|turn|23\n|\n|t:|1699133371\n|move|p1a: Zamazenta|Protect|p1a: Zamazenta\n|-singleturn|p1a: Zamazenta|Protect\n|move|p2a: Rockless|Last Respects|p1a: Zamazenta\n|-activate|p1a: Zamazenta|move: Protect\n|\n|-weather|none\n|-heal|p1a: Zamazenta|13\/100|[from] item: Leftovers\n|upkeep\n|turn|24\n|c|\u2606the tr4sh man|this dog has quite the size of fight in it\n|\n|t:|1699133381\n|switch|p2a: DREAM ON|Tyranitar, F|100\/100\n|-weather|Sandstorm|[from] ability: Sand Stream|[of] p2a: DREAM ON\n|move|p1a: Zamazenta|Iron Defense|p1a: Zamazenta\n|-boost|p1a: Zamazenta|def|2\n|\n|-weather|Sandstorm|[upkeep]\n|-damage|p1a: Zamazenta|7\/100|[from] Sandstorm\n|-heal|p1a: Zamazenta|13\/100|[from] item: Leftovers\n|upkeep\n|turn|25\n|\n|t:|1699133417\n|move|p1a: Zamazenta|Body Press|p2a: DREAM ON\n|-supereffective|p2a: DREAM ON\n|-damage|p2a: DREAM ON|0 fnt\n|faint|p2a: DREAM ON\n|\n|-weather|Sandstorm|[upkeep]\n|-damage|p1a: Zamazenta|7\/100|[from] Sandstorm\n|-heal|p1a: Zamazenta|13\/100|[from] item: Leftovers\n|upkeep\n|\n|t:|1699133420\n|switch|p2a: Rockless|Houndstone, M, tera:Ghost|100\/100\n|turn|26\n|\n|t:|1699133425\n|move|p1a: Zamazenta|Protect|p1a: Zamazenta\n|-singleturn|p1a: Zamazenta|Protect\n|move|p2a: Rockless|Last Respects|p1a: Zamazenta\n|-activate|p1a: Zamazenta|move: Protect\n|\n|-weather|Sandstorm|[upkeep]\n|-damage|p1a: Zamazenta|7\/100|[from] Sandstorm\n|-heal|p1a: Zamazenta|13\/100|[from] item: Leftovers\n|upkeep\n|turn|27\n|\n|t:|1699133439\n|move|p2a: Rockless|Shadow Sneak|p1a: Zamazenta\n|-activate|p1a: Zamazenta|move: Substitute|[damage]\n|move|p1a: Zamazenta|Iron Defense|p1a: Zamazenta\n|-boost|p1a: Zamazenta|def|2\n|\n|-weather|Sandstorm|[upkeep]\n|-damage|p1a: Zamazenta|7\/100|[from] Sandstorm\n|-heal|p1a: Zamazenta|13\/100|[from] item: Leftovers\n|upkeep\n|turn|28\n|\n|t:|1699133443\n|move|p1a: Zamazenta|Protect|p1a: Zamazenta\n|-singleturn|p1a: Zamazenta|Protect\n|move|p2a: Rockless|Play Rough|p1a: Zamazenta\n|-activate|p1a: Zamazenta|move: Protect\n|\n|-weather|Sandstorm|[upkeep]\n|-damage|p1a: Zamazenta|7\/100|[from] Sandstorm\n|-heal|p1a: Zamazenta|13\/100|[from] item: Leftovers\n|upkeep\n|turn|29\n|c|\u2606HinaKagiyama1|Jesus christ\n|\n|t:|1699133449\n|move|p1a: Zamazenta|Protect|p1a: Zamazenta\n|-singleturn|p1a: Zamazenta|Protect\n|move|p2a: Rockless|Play Rough|p1a: Zamazenta\n|-activate|p1a: Zamazenta|move: Protect\n|\n|-weather|Sandstorm|[upkeep]\n|-damage|p1a: Zamazenta|7\/100|[from] Sandstorm\n|-heal|p1a: Zamazenta|13\/100|[from] item: Leftovers\n|upkeep\n|turn|30\n|\n|t:|1699133458\n|move|p2a: Rockless|Play Rough|p1a: Zamazenta|[miss]\n|-miss|p2a: Rockless|p1a: Zamazenta\n|move|p1a: Zamazenta|Substitute|p1a: Zamazenta\n|-fail|p1a: Zamazenta|move: Substitute\n|\n|-weather|Sandstorm|[upkeep]\n|-damage|p1a: Zamazenta|7\/100|[from] Sandstorm\n|-heal|p1a: Zamazenta|13\/100|[from] item: Leftovers\n|upkeep\n|turn|31\n|\n|t:|1699133460\n|move|p1a: Zamazenta|Protect|p1a: Zamazenta\n|-singleturn|p1a: Zamazenta|Protect\n|move|p2a: Rockless|Play Rough|p1a: Zamazenta\n|-activate|p1a: Zamazenta|move: Protect\n|\n|-weather|none\n|-heal|p1a: Zamazenta|19\/100|[from] item: Leftovers\n|upkeep\n|turn|32\n|\n|t:|1699133464\n|move|p1a: Zamazenta|Iron Defense|p1a: Zamazenta\n|-boost|p1a: Zamazenta|def|0\n|move|p2a: Rockless|Play Rough|p1a: Zamazenta\n|-supereffective|p1a: Zamazenta\n|-activate|p1a: Zamazenta|move: Substitute|[damage]\n|\n|-heal|p1a: Zamazenta|25\/100|[from] item: Leftovers\n|upkeep\n|turn|33\n|\n|t:|1699133467\n|move|p1a: Zamazenta|Iron Defense|p1a: Zamazenta\n|-boost|p1a: Zamazenta|def|0\n|move|p2a: Rockless|Play Rough|p1a: Zamazenta\n|-supereffective|p1a: Zamazenta\n|-end|p1a: Zamazenta|Substitute\n|\n|-heal|p1a: Zamazenta|32\/100|[from] item: Leftovers\n|upkeep\n|turn|34\n|\n|t:|1699133470\n|move|p1a: Zamazenta|Protect|p1a: Zamazenta\n|-singleturn|p1a: Zamazenta|Protect\n|move|p2a: Rockless|Play Rough|p1a: Zamazenta\n|-activate|p1a: Zamazenta|move: Protect\n|\n|-heal|p1a: Zamazenta|38\/100|[from] item: Leftovers\n|upkeep\n|turn|35\n|\n|t:|1699133471\n|move|p1a: Zamazenta|Substitute|p1a: Zamazenta\n|-start|p1a: Zamazenta|Substitute\n|-damage|p1a: Zamazenta|13\/100\n|move|p2a: Rockless|Play Rough|p1a: Zamazenta\n|-supereffective|p1a: Zamazenta\n|-activate|p1a: Zamazenta|move: Substitute|[damage]\n|\n|-heal|p1a: Zamazenta|19\/100|[from] item: Leftovers\n|upkeep\n|turn|36\n|\n|t:|1699133475\n|move|p1a: Zamazenta|Iron Defense|p1a: Zamazenta\n|-boost|p1a: Zamazenta|def|0\n|move|p2a: Rockless|Play Rough|p1a: Zamazenta\n|-supereffective|p1a: Zamazenta\n|-activate|p1a: Zamazenta|move: Substitute|[damage]\n|\n|-heal|p1a: Zamazenta|25\/100|[from] item: Leftovers\n|upkeep\n|turn|37\n|c|\u2606the tr4sh man|i just don't want to be respected\n|\n|t:|1699133505\n|move|p1a: Zamazenta|Iron Defense|p1a: Zamazenta\n|-boost|p1a: Zamazenta|def|0\n|move|p2a: Rockless|Play Rough|p1a: Zamazenta\n|-supereffective|p1a: Zamazenta\n|-crit|p1a: Zamazenta\n|-end|p1a: Zamazenta|Substitute\n|\n|-heal|p1a: Zamazenta|31\/100|[from] item: Leftovers\n|upkeep\n|turn|38\n|c|\u2606the tr4sh man|:(\n|\n|t:|1699133514\n|move|p1a: Zamazenta|Substitute|p1a: Zamazenta\n|-start|p1a: Zamazenta|Substitute\n|-damage|p1a: Zamazenta|6\/100\n|move|p2a: Rockless|Play Rough|p1a: Zamazenta\n|-supereffective|p1a: Zamazenta\n|-activate|p1a: Zamazenta|move: Substitute|[damage]\n|\n|-heal|p1a: Zamazenta|12\/100|[from] item: Leftovers\n|upkeep\n|turn|39\n|c|\u2606HinaKagiyama1|OH MY GOD\n|\n|t:|1699133520\n|move|p1a: Zamazenta|Protect|p1a: Zamazenta\n|-singleturn|p1a: Zamazenta|Protect\n|move|p2a: Rockless|Play Rough|p1a: Zamazenta\n|-activate|p1a: Zamazenta|move: Protect\n|\n|-heal|p1a: Zamazenta|19\/100|[from] item: Leftovers\n|upkeep\n|turn|40\n|\n|t:|1699133554\n|move|p1a: Zamazenta|Iron Defense|p1a: Zamazenta\n|-boost|p1a: Zamazenta|def|0\n|move|p2a: Rockless|Play Rough|p1a: Zamazenta\n|-supereffective|p1a: Zamazenta\n|-crit|p1a: Zamazenta\n|-end|p1a: Zamazenta|Substitute\n|\n|-heal|p1a: Zamazenta|25\/100|[from] item: Leftovers\n|upkeep\n|turn|41\n|\n|t:|1699133567\n|move|p1a: Zamazenta|Protect|p1a: Zamazenta\n|-singleturn|p1a: Zamazenta|Protect\n|move|p2a: Rockless|Play Rough|p1a: Zamazenta\n|-activate|p1a: Zamazenta|move: Protect\n|\n|-heal|p1a: Zamazenta|31\/100|[from] item: Leftovers\n|upkeep\n|turn|42\n|\n|t:|1699133571\n|move|p1a: Zamazenta|Substitute|p1a: Zamazenta\n|-start|p1a: Zamazenta|Substitute\n|-damage|p1a: Zamazenta|6\/100\n|move|p2a: Rockless|Play Rough|p1a: Zamazenta\n|-supereffective|p1a: Zamazenta\n|-activate|p1a: Zamazenta|move: Substitute|[damage]\n|\n|-heal|p1a: Zamazenta|12\/100|[from] item: Leftovers\n|upkeep\n|turn|43\n|c|\u2606HinaKagiyama1|WHY WONT YOU DIE\n|\n|t:|1699133576\n|move|p1a: Zamazenta|Protect|p1a: Zamazenta\n|-singleturn|p1a: Zamazenta|Protect\n|move|p2a: Rockless|Play Rough|p1a: Zamazenta\n|-activate|p1a: Zamazenta|move: Protect\n|\n|-heal|p1a: Zamazenta|18\/100|[from] item: Leftovers\n|upkeep\n|turn|44\n|c|\u2606the tr4sh man|because i refuse to :]\n|\n|t:|1699133621\n|move|p2a: Rockless|Shadow Sneak|p1a: Zamazenta\n|-activate|p1a: Zamazenta|move: Substitute|[damage]\n|move|p1a: Zamazenta|Iron Defense|p1a: Zamazenta\n|-boost|p1a: Zamazenta|def|0\n|\n|-heal|p1a: Zamazenta|24\/100|[from] item: Leftovers\n|upkeep\n|turn|45\n|\n|t:|1699133625\n|move|p2a: Rockless|Shadow Sneak|p1a: Zamazenta\n|-crit|p1a: Zamazenta\n|-end|p1a: Zamazenta|Substitute\n|move|p1a: Zamazenta|Iron Defense|p1a: Zamazenta\n|-boost|p1a: Zamazenta|def|0\n|\n|-heal|p1a: Zamazenta|31\/100|[from] item: Leftovers\n|upkeep\n|turn|46\n|\n|t:|1699133633\n|move|p2a: Rockless|Shadow Sneak|p1a: Zamazenta\n|-damage|p1a: Zamazenta|24\/100\n|move|p1a: Zamazenta|Substitute|p1a: Zamazenta\n|-fail|p1a: Zamazenta|move: Substitute|[weak]\n|\n|-heal|p1a: Zamazenta|30\/100|[from] item: Leftovers\n|upkeep\n|turn|47\n|\n|t:|1699133637\n|move|p2a: Rockless|Shadow Sneak|p1a: Zamazenta\n|-damage|p1a: Zamazenta|24\/100\n|move|p1a: Zamazenta|Substitute|p1a: Zamazenta\n|-fail|p1a: Zamazenta|move: Substitute|[weak]\n|\n|-heal|p1a: Zamazenta|30\/100|[from] item: Leftovers\n|upkeep\n|turn|48\n|\n|t:|1699133658\n|move|p2a: Rockless|Shadow Sneak|p1a: Zamazenta\n|-damage|p1a: Zamazenta|23\/100\n|move|p1a: Zamazenta|Substitute|p1a: Zamazenta\n|-fail|p1a: Zamazenta|move: Substitute|[weak]\n|\n|-heal|p1a: Zamazenta|29\/100|[from] item: Leftovers\n|upkeep\n|turn|49\n|\n|t:|1699133666\n|move|p1a: Zamazenta|Protect|p1a: Zamazenta\n|-singleturn|p1a: Zamazenta|Protect\n|move|p2a: Rockless|Shadow Sneak|p1a: Zamazenta\n|-activate|p1a: Zamazenta|move: Protect\n|\n|-heal|p1a: Zamazenta|36\/100|[from] item: Leftovers\n|upkeep\n|turn|50\n|\n|t:|1699133672\n|move|p2a: Rockless|Shadow Sneak|p1a: Zamazenta\n|-damage|p1a: Zamazenta|29\/100\n|move|p1a: Zamazenta|Substitute|p1a: Zamazenta\n|-start|p1a: Zamazenta|Substitute\n|-damage|p1a: Zamazenta|4\/100\n|\n|-heal|p1a: Zamazenta|11\/100|[from] item: Leftovers\n|upkeep\n|turn|51\n|c|\u2606HinaKagiyama1|Jesus christ\n|\n|t:|1699133677\n|move|p1a: Zamazenta|Iron Defense|p1a: Zamazenta\n|-boost|p1a: Zamazenta|def|0\n|move|p2a: Rockless|Last Respects|p1a: Zamazenta\n|-end|p1a: Zamazenta|Substitute\n|\n|-heal|p1a: Zamazenta|17\/100|[from] item: Leftovers\n|upkeep\n|turn|52\n|\n|t:|1699133681\n|move|p1a: Zamazenta|Protect|p1a: Zamazenta\n|-singleturn|p1a: Zamazenta|Protect\n|move|p2a: Rockless|Shadow Sneak|p1a: Zamazenta\n|-activate|p1a: Zamazenta|move: Protect\n|\n|-heal|p1a: Zamazenta|23\/100|[from] item: Leftovers\n|upkeep\n|turn|53\n|\n|t:|1699133685\n|move|p1a: Zamazenta|Protect|p1a: Zamazenta\n|-singleturn|p1a: Zamazenta|Protect\n|move|p2a: Rockless|Last Respects|p1a: Zamazenta\n|-activate|p1a: Zamazenta|move: Protect\n|\n|-heal|p1a: Zamazenta|29\/100|[from] item: Leftovers\n|upkeep\n|turn|54\n|c|\u2606HinaKagiyama1|WHY\n|\n|t:|1699133691\n|move|p2a: Rockless|Shadow Sneak|p1a: Zamazenta\n|-damage|p1a: Zamazenta|22\/100\n|move|p1a: Zamazenta|Substitute|p1a: Zamazenta\n|-fail|p1a: Zamazenta|move: Substitute|[weak]\n|\n|-heal|p1a: Zamazenta|29\/100|[from] item: Leftovers\n|upkeep\n|turn|55\n|\n|t:|1699133698\n|move|p2a: Rockless|Shadow Sneak|p1a: Zamazenta\n|-damage|p1a: Zamazenta|22\/100\n|move|p1a: Zamazenta|Iron Defense|p1a: Zamazenta\n|-boost|p1a: Zamazenta|def|0\n|\n|-heal|p1a: Zamazenta|29\/100|[from] item: Leftovers\n|upkeep\n|turn|56\n|\n|t:|1699133709\n|move|p2a: Rockless|Shadow Sneak|p1a: Zamazenta\n|-damage|p1a: Zamazenta|22\/100\n|move|p1a: Zamazenta|Substitute|p1a: Zamazenta\n|-fail|p1a: Zamazenta|move: Substitute|[weak]\n|\n|-heal|p1a: Zamazenta|28\/100|[from] item: Leftovers\n|upkeep\n|turn|57\n|\n|t:|1699133713\n|move|p2a: Rockless|Shadow Sneak|p1a: Zamazenta\n|-damage|p1a: Zamazenta|22\/100\n|move|p1a: Zamazenta|Iron Defense|p1a: Zamazenta\n|-boost|p1a: Zamazenta|def|0\n|\n|-heal|p1a: Zamazenta|28\/100|[from] item: Leftovers\n|upkeep\n|turn|58\n|\n|t:|1699133773\n|move|p2a: Rockless|Shadow Sneak|p1a: Zamazenta\n|-damage|p1a: Zamazenta|20\/100\n|move|p1a: Zamazenta|Substitute|p1a: Zamazenta\n|-fail|p1a: Zamazenta|move: Substitute|[weak]\n|\n|-heal|p1a: Zamazenta|27\/100|[from] item: Leftovers\n|upkeep\n|turn|59\n|\n|t:|1699133780\n|move|p2a: Rockless|Shadow Sneak|p1a: Zamazenta\n|-damage|p1a: Zamazenta|20\/100\n|move|p1a: Zamazenta|Iron Defense|p1a: Zamazenta\n|-boost|p1a: Zamazenta|def|0\n|\n|-heal|p1a: Zamazenta|27\/100|[from] item: Leftovers\n|upkeep\n|turn|60\n|\n|t:|1699133795\n|move|p2a: Rockless|Shadow Sneak|p1a: Zamazenta\n|-damage|p1a: Zamazenta|20\/100\n|move|p1a: Zamazenta|Iron Defense|p1a: Zamazenta\n|-boost|p1a: Zamazenta|def|0\n|\n|-heal|p1a: Zamazenta|26\/100|[from] item: Leftovers\n|upkeep\n|turn|61\n|c|\u2606HinaKagiyama1|One day\n|\n|t:|1699133803\n|move|p2a: Rockless|Shadow Sneak|p1a: Zamazenta\n|-damage|p1a: Zamazenta|19\/100\n|move|p1a: Zamazenta|Substitute|p1a: Zamazenta\n|-fail|p1a: Zamazenta|move: Substitute|[weak]\n|\n|-heal|p1a: Zamazenta|25\/100|[from] item: Leftovers\n|upkeep\n|turn|62\n|c|\u2606the tr4sh man|should be today i think\n|\n|t:|1699133824\n|move|p1a: Zamazenta|Protect|p1a: Zamazenta\n|-singleturn|p1a: Zamazenta|Protect\n|move|p2a: Rockless|Last Respects|p1a: Zamazenta\n|-activate|p1a: Zamazenta|move: Protect\n|\n|-heal|p1a: Zamazenta|32\/100|[from] item: Leftovers\n|upkeep\n|turn|63\n|\n|t:|1699133828\n|move|p1a: Zamazenta|Iron Defense|p1a: Zamazenta\n|-boost|p1a: Zamazenta|def|0\n|move|p2a: Rockless|Last Respects|p1a: Zamazenta\n|-damage|p1a: Zamazenta|0 fnt\n|faint|p1a: Zamazenta\n|\n|upkeep\n|\n|t:|1699133830\n|switch|p1a: Zacian|Zacian, tera:Ground|62\/100\n|turn|64\n|c|\u2606HinaKagiyama1|JESUS CHRIST\n|c|\u2606the tr4sh man|gg, i doubt this ohkos\n|c|\u2606HinaKagiyama1|THAT TOOK FOREVER\n|\n|t:|1699133837\n|move|p1a: Zacian|Play Rough|p2a: Rockless\n|-damage|p2a: Rockless|47\/100\n|move|p2a: Rockless|Last Respects|p1a: Zacian\n|-damage|p1a: Zacian|0 fnt\n|faint|p1a: Zacian\n|\n|win|HinaKagiyama1\n|c|\u2606HinaKagiyama1|Gg\n","uploadtime":1699133847,"views":5,"p1id":"thetr4shman","p2id":"hinakagiyama1","formatid":"gen9ubers","rating":0,"private":0,"password":""}