{"id":"gen9ubers-1982650338","p1":"Leo Justice","p2":"IDAHAN","format":"[Gen 9] Ubers","log":"|j|\u2606Leo Justice\n|j|\u2606IDAHAN\n|t:|1699032814\n|gametype|singles\n|player|p1|Leo Justice|carmine|\n|player|p2|IDAHAN|ethan|\n|teamsize|p1|6\n|teamsize|p2|6\n|gen|9\n|tier|[Gen 9] Ubers\n|rule|Sleep Clause Mod: Limit one foe put to sleep\n|rule|Species Clause: Limit one of each Pok\u00e9mon\n|rule|OHKO Clause: OHKO moves are banned\n|rule|Evasion Items Clause: Evasion items are banned\n|rule|Evasion Moves Clause: Evasion moves are banned\n|rule|Endless Battle Clause: Forcing endless battles is banned\n|rule|HP Percentage Mod: HP is shown in percentages\n|clearpoke\n|poke|p1|Arceus-Fire|\n|poke|p1|Espathra, F|\n|poke|p1|Cyclizar, M|\n|poke|p1|Gholdengo|\n|poke|p1|Rillaboom, F|\n|poke|p1|Sneasler, M|\n|poke|p2|Houndstone, F|\n|poke|p2|Magearna|\n|poke|p2|Chi-Yu|\n|poke|p2|Shaymin-Sky|\n|poke|p2|Zacian-*|\n|poke|p2|Arceus-Poison|\n|teampreview\n|\n|t:|1699032823\n|start\n|switch|p1a: Cyclizar|Cyclizar, M|100\/100\n|switch|p2a: Magearna|Magearna|100\/100\n|turn|1\n|\n|t:|1699032837\n|move|p1a: Cyclizar|Shed Tail|p1a: Cyclizar\n|-start|p1a: Cyclizar|Substitute|[from] move: Shed Tail\n|-damage|p1a: Cyclizar|50\/100\n|\n|t:|1699032839\n|switch|p1a: Arceus|Arceus-Fire|100\/100|[from] Shed Tail\n|move|p2a: Magearna|Volt Switch|p1a: Arceus\n|-activate|p1a: Arceus|move: Substitute|[damage]\n|\n|t:|1699032848\n|switch|p2a: Arceus|Arceus-Poison|100\/100|[from] Volt Switch\n|\n|upkeep\n|turn|2\n|\n|t:|1699032853\n|move|p2a: Arceus|Earthquake|p1a: Arceus\n|-supereffective|p1a: Arceus\n|-end|p1a: Arceus|Substitute\n|move|p1a: Arceus|Dragon Dance|p1a: Arceus\n|-boost|p1a: Arceus|atk|1\n|-boost|p1a: Arceus|spe|1\n|\n|upkeep\n|turn|3\n|\n|t:|1699032882\n|-terastallize|p2a: Arceus|Flying\n|move|p1a: Arceus|Earthquake|p2a: Arceus\n|-immune|p2a: Arceus\n|move|p2a: Arceus|Swords Dance|p2a: Arceus\n|-boost|p2a: Arceus|atk|2\n|\n|upkeep\n|turn|4\n|\n|t:|1699032886\n|move|p1a: Arceus|Flare Blitz|p2a: Arceus\n|-damage|p2a: Arceus|11\/100\n|-damage|p1a: Arceus|71\/100|[from] Recoil\n|move|p2a: Arceus|Earthquake|p1a: Arceus\n|-supereffective|p1a: Arceus\n|-damage|p1a: Arceus|0 fnt\n|faint|p1a: Arceus\n|\n|upkeep\n|\n|t:|1699032899\n|switch|p1a: Rillaboom|Rillaboom, F|100\/100\n|-fieldstart|move: Grassy Terrain|[from] ability: Grassy Surge|[of] p1a: Rillaboom\n|turn|5\n|\n|t:|1699032901\n|move|p1a: Rillaboom|Grassy Glide|p2a: Arceus\n|-resisted|p2a: Arceus\n|-damage|p2a: Arceus|0 fnt\n|faint|p2a: Arceus\n|\n|upkeep\n|\n|t:|1699032905\n|switch|p2a: Chi-Yu|Chi-Yu|100\/100\n|-ability|p2a: Chi-Yu|Beads of Ruin\n|turn|6\n|\n|t:|1699032911\n|switch|p1a: Cyclizar|Cyclizar, M|84\/100\n|move|p2a: Chi-Yu|Overheat|p1a: Cyclizar\n|-resisted|p1a: Cyclizar\n|-damage|p1a: Cyclizar|0 fnt\n|-unboost|p2a: Chi-Yu|spa|2\n|faint|p1a: Cyclizar\n|\n|upkeep\n|\n|t:|1699032924\n|switch|p1a: Sneasler|Sneasler, M|100\/100\n|-enditem|p1a: Sneasler|Grassy Seed\n|-boost|p1a: Sneasler|def|1|[from] item: Grassy Seed\n|turn|7\n|\n|t:|1699032928\n|switch|p2a: Houndstone|Houndstone, F|100\/100\n|move|p1a: Sneasler|Close Combat|p2a: Houndstone\n|-immune|p2a: Houndstone\n|\n|upkeep\n|turn|8\n|\n|t:|1699032937\n|move|p1a: Sneasler|Swords Dance|p1a: Sneasler\n|-boost|p1a: Sneasler|atk|2\n|move|p2a: Houndstone|Will-O-Wisp|p1a: Sneasler\n|-status|p1a: Sneasler|brn\n|\n|-damage|p1a: Sneasler|95\/100 brn|[from] brn\n|upkeep\n|turn|9\n|\n|t:|1699032942\n|move|p1a: Sneasler|Swords Dance|p1a: Sneasler\n|-boost|p1a: Sneasler|atk|2\n|move|p2a: Houndstone|Last Respects|p1a: Sneasler\n|-damage|p1a: Sneasler|54\/100 brn\n|\n|-heal|p1a: Sneasler|60\/100 brn|[from] Grassy Terrain\n|-damage|p1a: Sneasler|54\/100 brn|[from] brn\n|-fieldend|move: Grassy Terrain\n|upkeep\n|turn|10\n|\n|t:|1699032951\n|move|p1a: Sneasler|Acrobatics|p2a: Houndstone\n|-damage|p2a: Houndstone|78\/100\n|move|p2a: Houndstone|Last Respects|p1a: Sneasler\n|-damage|p1a: Sneasler|13\/100 brn\n|\n|-heal|p2a: Houndstone|84\/100|[from] item: Leftovers\n|-damage|p1a: Sneasler|7\/100 brn|[from] brn\n|upkeep\n|turn|11\n|\n|t:|1699032964\n|move|p1a: Sneasler|Gunk Shot|p2a: Houndstone|[miss]\n|-miss|p1a: Sneasler|p2a: Houndstone\n|move|p2a: Houndstone|Last Respects|p1a: Sneasler\n|-damage|p1a: Sneasler|0 fnt\n|faint|p1a: Sneasler\n|\n|-heal|p2a: Houndstone|90\/100|[from] item: Leftovers\n|upkeep\n|\n|t:|1699032969\n|switch|p1a: Gholdengo|Gholdengo|100\/100\n|turn|12\n|\n|t:|1699032994\n|switch|p2a: Chi-Yu|Chi-Yu|100\/100\n|-ability|p2a: Chi-Yu|Beads of Ruin\n|move|p1a: Gholdengo|Shadow Ball|p2a: Chi-Yu\n|-resisted|p2a: Chi-Yu\n|-damage|p2a: Chi-Yu|77\/100\n|\n|upkeep\n|turn|13\n|\n|t:|1699033003\n|switch|p1a: Rillaboom|Rillaboom, F|100\/100\n|-fieldstart|move: Grassy Terrain|[from] ability: Grassy Surge|[of] p1a: Rillaboom\n|move|p2a: Chi-Yu|Overheat|p1a: Rillaboom\n|-supereffective|p1a: Rillaboom\n|-damage|p1a: Rillaboom|0 fnt\n|-unboost|p2a: Chi-Yu|spa|2\n|faint|p1a: Rillaboom\n|\n|-heal|p2a: Chi-Yu|83\/100|[from] Grassy Terrain\n|upkeep\n|\n|t:|1699033011\n|switch|p1a: Espathra|Espathra, F|100\/100\n|-enditem|p1a: Espathra|Grassy Seed\n|-boost|p1a: Espathra|def|1|[from] item: Grassy Seed\n|turn|14\n|\n|t:|1699033036\n|switch|p2a: Zacian|Zacian|100\/100\n|-ability|p2a: Zacian|Intrepid Sword|boost\n|-boost|p2a: Zacian|atk|1\n|move|p1a: Espathra|Calm Mind|p1a: Espathra\n|-boost|p1a: Espathra|spa|1\n|-boost|p1a: Espathra|spd|1\n|\n|-ability|p1a: Espathra|Speed Boost|boost\n|-boost|p1a: Espathra|spe|1\n|upkeep\n|turn|15\n|\n|t:|1699033047\n|move|p1a: Espathra|Protect|p1a: Espathra\n|-singleturn|p1a: Espathra|Protect\n|move|p2a: Zacian|Crunch|p1a: Espathra\n|-activate|p1a: Espathra|move: Protect\n|\n|-ability|p1a: Espathra|Speed Boost|boost\n|-boost|p1a: Espathra|spe|1\n|upkeep\n|turn|16\n|\n|t:|1699033063\n|-terastallize|p1a: Espathra|Fairy\n|move|p1a: Espathra|Calm Mind|p1a: Espathra\n|-boost|p1a: Espathra|spa|1\n|-boost|p1a: Espathra|spd|1\n|move|p2a: Zacian|Crunch|p1a: Espathra\n|-resisted|p1a: Espathra\n|-damage|p1a: Espathra|71\/100\n|-unboost|p1a: Espathra|def|1\n|\n|-heal|p1a: Espathra|77\/100|[from] Grassy Terrain\n|-ability|p1a: Espathra|Speed Boost|boost\n|-boost|p1a: Espathra|spe|1\n|upkeep\n|turn|17\n|\n|t:|1699033075\n|switch|p2a: Shaymin|Shaymin-Sky|100\/100\n|move|p1a: Espathra|Stored Power|p2a: Shaymin\n|-damage|p2a: Shaymin|0 fnt\n|faint|p2a: Shaymin\n|\n|-heal|p1a: Espathra|83\/100|[from] Grassy Terrain\n|-fieldend|move: Grassy Terrain\n|-ability|p1a: Espathra|Speed Boost|boost\n|-boost|p1a: Espathra|spe|1\n|upkeep\n|\n|t:|1699033091\n|switch|p2a: Magearna|Magearna|100\/100\n|turn|18\n|\n|t:|1699033100\n|move|p1a: Espathra|Protect|p1a: Espathra\n|-singleturn|p1a: Espathra|Protect\n|move|p2a: Magearna|Thunder Wave|p1a: Espathra\n|-activate|p1a: Espathra|move: Protect\n|\n|-ability|p1a: Espathra|Speed Boost|boost\n|-boost|p1a: Espathra|spe|1\n|upkeep\n|turn|19\n|\n|t:|1699033108\n|move|p1a: Espathra|Calm Mind|p1a: Espathra\n|-boost|p1a: Espathra|spa|1\n|-boost|p1a: Espathra|spd|1\n|move|p2a: Magearna|Thunder Wave|p1a: Espathra\n|-status|p1a: Espathra|par\n|\n|-ability|p1a: Espathra|Speed Boost|boost\n|-boost|p1a: Espathra|spe|1\n|upkeep\n|turn|20\n|\n|t:|1699033115\n|move|p1a: Espathra|Stored Power|p2a: Magearna\n|-resisted|p2a: Magearna\n|-damage|p2a: Magearna|0 fnt\n|faint|p2a: Magearna\n|\n|upkeep\n|\n|t:|1699033128\n|switch|p2a: Houndstone|Houndstone, F|90\/100\n|turn|21\n|\n|t:|1699033131\n|cant|p1a: Espathra|par\n|move|p2a: Houndstone|Last Respects|p1a: Espathra\n|-damage|p1a: Espathra|0 fnt\n|faint|p1a: Espathra\n|\n|-heal|p2a: Houndstone|96\/100|[from] item: Leftovers\n|upkeep\n|\n|t:|1699033136\n|switch|p1a: Gholdengo|Gholdengo|100\/100\n|turn|22\n|\n|t:|1699033138\n|move|p1a: Gholdengo|Shadow Ball|p2a: Houndstone\n|-supereffective|p2a: Houndstone\n|-damage|p2a: Houndstone|14\/100\n|move|p2a: Houndstone|Last Respects|p1a: Gholdengo\n|-supereffective|p1a: Gholdengo\n|-damage|p1a: Gholdengo|0 fnt\n|faint|p1a: Gholdengo\n|\n|win|IDAHAN\n|c|\u2606Leo Justice|gg\n|c|\u2606IDAHAN|gg\n|c|\u2606IDAHAN|well played\n|player|p1|Leo Justice|carmine\n","uploadtime":1699033150,"views":12,"p1id":"leojustice","p2id":"idahan","formatid":"gen9ubers","rating":0,"private":0,"password":""}