{"id":"gen9ubers-1976832190","p1":"tripPillohgee","p2":"masterash","format":"[Gen 9] Ubers","log":"|j|\u2606tripPillohgee\n|j|\u2606masterash\n|t:|1698344927\n|gametype|singles\n|player|p1|tripPillohgee|dancer|1070\n|player|p2|masterash|hilbert|1189\n|teamsize|p1|6\n|teamsize|p2|6\n|gen|9\n|tier|[Gen 9] Ubers\n|rated|\n|rule|Sleep Clause Mod: Limit one foe put to sleep\n|rule|Species Clause: Limit one of each Pok\u00e9mon\n|rule|OHKO Clause: OHKO moves are banned\n|rule|Evasion Items Clause: Evasion items are banned\n|rule|Evasion Moves Clause: Evasion moves are banned\n|rule|Endless Battle Clause: Forcing endless battles is banned\n|rule|HP Percentage Mod: HP is shown in percentages\n|clearpoke\n|poke|p1|Zoroark-Hisui, F|\n|poke|p1|Palafin, M|\n|poke|p1|Maushold-Four|\n|poke|p1|Baxcalibur, F|\n|poke|p1|Iron Moth|\n|poke|p1|Espathra, M|\n|poke|p2|Meowscarada, M|\n|poke|p2|Tinkaton, F|\n|poke|p2|Annihilape, M|\n|poke|p2|Scream Tail|\n|poke|p2|Iron Moth|\n|poke|p2|Palafin, F|\n|teampreview\n|\n|t:|1698344932\n|start\n|switch|p1a: Palafin|Palafin, M|100\/100\n|switch|p2a: Marvel|Palafin, F|100\/100\n|turn|1\n|\n|t:|1698344937\n|move|p1a: Palafin|Grass Knot|p2a: Marvel\n|-supereffective|p2a: Marvel\n|-damage|p2a: Marvel|3\/100\n|move|p2a: Marvel|Flip Turn|p1a: Palafin\n|-damage|p1a: Palafin|42\/100\n|replace|p1a: Zoroark|Zoroark-Hisui, F, shiny\n|-end|p1a: Zoroark|Illusion\n|\n|t:|1698344951\n|detailschange|p2a: Marvel|Palafin-Hero, F\n|switch|p2a: Screamo|Scream Tail|100\/100|[from] Flip Turn\n|\n|upkeep\n|turn|2\n|\n|t:|1698344957\n|move|p1a: Zoroark|Bitter Malice|p2a: Screamo\n|-supereffective|p2a: Screamo\n|-damage|p2a: Screamo|39\/100\n|-unboost|p2a: Screamo|atk|1\n|move|p2a: Screamo|Stealth Rock|p1a: Zoroark\n|-sidestart|p1: tripPillohgee|move: Stealth Rock\n|\n|upkeep\n|turn|3\n|\n|t:|1698344967\n|move|p2a: Screamo|Protect|p2a: Screamo\n|-singleturn|p2a: Screamo|Protect\n|move|p1a: Zoroark|Flamethrower|p2a: Screamo\n|-activate|p2a: Screamo|move: Protect\n|\n|upkeep\n|turn|4\n|\n|t:|1698344975\n|move|p1a: Zoroark|Bitter Malice|p2a: Screamo\n|-supereffective|p2a: Screamo\n|-damage|p2a: Screamo|0 fnt\n|faint|p2a: Screamo\n|-end|p2a: Screamo|Protosynthesis|[silent]\n|\n|upkeep\n|\n|t:|1698344992\n|switch|p2a: Rocky|Annihilape, M|100\/100\n|turn|5\n|\n|t:|1698344998\n|-terastallize|p2a: Rocky|Fairy\n|move|p1a: Zoroark|Bitter Malice|p2a: Rocky\n|-damage|p2a: Rocky|78\/100\n|-unboost|p2a: Rocky|atk|1\n|-ability|p2a: Rocky|Defiant|boost\n|-boost|p2a: Rocky|atk|2\n|move|p2a: Rocky|Bulk Up|p2a: Rocky\n|-boost|p2a: Rocky|atk|1\n|-boost|p2a: Rocky|def|1\n|\n|-heal|p2a: Rocky|84\/100|[from] item: Leftovers\n|upkeep\n|turn|6\n|\n|t:|1698345018\n|switch|p1a: Espathra|Espathra, M|100\/100\n|-damage|p1a: Espathra|88\/100|[from] Stealth Rock\n|move|p2a: Rocky|Rage Fist|p1a: Espathra\n|-supereffective|p1a: Espathra\n|-crit|p1a: Espathra\n|-damage|p1a: Espathra|0 fnt\n|faint|p1a: Espathra\n|\n|-heal|p2a: Rocky|90\/100|[from] item: Leftovers\n|upkeep\n|-message|tripPillohgee forfeited.\n|\n|win|masterash\n|raw|tripPillohgee's rating: 1070 &rarr; <strong>1056<\/strong><br \/>(-14 for losing)\n|raw|masterash's rating: 1189 &rarr; <strong>1206<\/strong><br \/>(+17 for winning)\n|l|\u2606tripPillohgee\n","uploadtime":1698345035,"views":8,"p1id":"trippillohgee","p2id":"masterash","formatid":"gen9ubers","rating":1056,"private":0,"password":""}