{"id":"gen9ubers-1972676138","p1":"SHAHzeb","p2":"Future king of ou","format":"[Gen 9] Ubers","log":"|j|\u2606SHAHzeb\n|j|\u2606Future king of ou\n|inactive|Battle timer is ON: inactive players will automatically lose when time's up.\n|t:|1697875593\n|gametype|singles\n|player|p1|SHAHzeb|wattson|\n|player|p2|Future king of ou|idol|\n|teamsize|p1|6\n|teamsize|p2|6\n|gen|9\n|tier|[Gen 9] Ubers\n|rated|Tournament battle\n|rule|Sleep Clause Mod: Limit one foe put to sleep\n|rule|Species Clause: Limit one of each Pok\u00e9mon\n|rule|OHKO Clause: OHKO moves are banned\n|rule|Evasion Items Clause: Evasion items are banned\n|rule|Evasion Moves Clause: Evasion moves are banned\n|rule|Endless Battle Clause: Forcing endless battles is banned\n|rule|HP Percentage Mod: HP is shown in percentages\n|clearpoke\n|poke|p1|Chi-Yu|\n|poke|p1|Koraidon|\n|poke|p1|Ting-Lu|\n|poke|p1|Toxapex, F|\n|poke|p1|Flutter Mane|\n|poke|p1|Great Tusk|\n|poke|p2|Kyogre|\n|poke|p2|Arceus|\n|poke|p2|Koraidon|\n|poke|p2|Zacian-*|\n|poke|p2|Skeledirge, M|\n|poke|p2|Clodsire, M|\n|teampreview\n|j|*Lady Monita \u263d\n|j| BB-8-NU\n|inactive|SHAHzeb also wants the timer to be on.\n|j| ZowwyCafe\u2764\n|j| vkhss\n|c|\u2606Future king of ou|Hf\n|j| DarkChariz66\n|j| PokeArt2004\u2764\n|j| Taka\n|inactive|SHAHzeb has 120 seconds left.\n|c|\u2606SHAHzeb|gl\n|\n|t:|1697875629\n|start\n|switch|p1a: Koraidon|Koraidon|100\/100\n|switch|p2a: Kyogre|Kyogre|100\/100\n|-weather|SunnyDay|[from] ability: Orichalcum Pulse|[of] p1a: Koraidon\n|-activate|p1a: Koraidon|Orichalcum Pulse|[source]\n|-weather|RainDance|[from] ability: Drizzle|[of] p2a: Kyogre\n|turn|1\n|j| Primordiallite\n|\n|t:|1697875641\n|switch|p1a: Toxapex|Toxapex, F|100\/100\n|move|p2a: Kyogre|Ice Beam|p1a: Toxapex\n|-resisted|p1a: Toxapex\n|-crit|p1a: Toxapex\n|-damage|p1a: Toxapex|66\/100\n|-enditem|p1a: Toxapex|Eject Button\n|l| vkhss\n|\n|t:|1697875647\n|switch|p1a: Koraidon|Koraidon|100\/100\n|-weather|SunnyDay|[from] ability: Orichalcum Pulse|[of] p1a: Koraidon\n|-activate|p1a: Koraidon|Orichalcum Pulse|[source]\n|\n|-weather|SunnyDay|[upkeep]\n|upkeep\n|turn|2\n|\n|t:|1697875650\n|switch|p2a: Skeledirge|Skeledirge, M|100\/100\n|move|p1a: Koraidon|U-turn|p2a: Skeledirge\n|-resisted|p2a: Skeledirge\n|-damage|p2a: Skeledirge|95\/100\n|\n|t:|1697875655\n|switch|p1a: Chi-Yu|Chi-Yu|100\/100|[from] U-turn\n|-ability|p1a: Chi-Yu|Beads of Ruin\n|\n|-weather|SunnyDay|[upkeep]\n|upkeep\n|turn|3\n|j| KunVirgo\n|\n|t:|1697875660\n|switch|p2a: Kyogre|Kyogre|100\/100\n|-weather|RainDance|[from] ability: Drizzle|[of] p2a: Kyogre\n|move|p1a: Chi-Yu|Overheat|p2a: Kyogre\n|-resisted|p2a: Kyogre\n|-damage|p2a: Kyogre|76\/100\n|-unboost|p1a: Chi-Yu|spa|2\n|\n|-weather|RainDance|[upkeep]\n|upkeep\n|turn|4\n|\n|t:|1697875665\n|switch|p1a: Toxapex|Toxapex, F|99\/100\n|move|p2a: Kyogre|Thunder|p1a: Toxapex\n|-supereffective|p1a: Toxapex\n|-damage|p1a: Toxapex|0 fnt\n|faint|p1a: Toxapex\n|\n|-weather|RainDance|[upkeep]\n|upkeep\n|j| Goomy Guy12345\n|\n|t:|1697875682\n|switch|p1a: Koraidon|Koraidon|100\/100\n|-weather|SunnyDay|[from] ability: Orichalcum Pulse|[of] p1a: Koraidon\n|-activate|p1a: Koraidon|Orichalcum Pulse|[source]\n|turn|5\n|c|\u2606Future king of ou|dude I just stubbed my toe\n|c| Primordiallite|..\n|inactive|Future king of ou has 120 seconds left.\n|\n|t:|1697875727\n|switch|p2a: Skeledirge|Skeledirge, M|95\/100\n|move|p1a: Koraidon|Dragon Claw|p2a: Skeledirge\n|-damage|p2a: Skeledirge|59\/100\n|\n|-weather|SunnyDay|[upkeep]\n|upkeep\n|turn|6\n|l| KunVirgo\n|j| Nocebo\n|\n|t:|1697875738\n|switch|p1a: Chi-Yu|Chi-Yu|100\/100\n|-ability|p1a: Chi-Yu|Beads of Ruin\n|switch|p2a: Kyogre|Kyogre|76\/100\n|-weather|RainDance|[from] ability: Drizzle|[of] p2a: Kyogre\n|\n|-weather|RainDance|[upkeep]\n|upkeep\n|turn|7\n|j| GeniusFromHoenn\n|\n|t:|1697875748\n|switch|p1a: Koraidon|Koraidon|100\/100\n|-weather|SunnyDay|[from] ability: Orichalcum Pulse|[of] p1a: Koraidon\n|-activate|p1a: Koraidon|Orichalcum Pulse|[source]\n|move|p2a: Kyogre|Thunder|p1a: Koraidon|[miss]\n|-miss|p2a: Kyogre|p1a: Koraidon\n|\n|-weather|SunnyDay|[upkeep]\n|upkeep\n|turn|8\n|inactive|Future king of ou has 120 seconds left.\n|\n|t:|1697875773\n|switch|p2a: Skeledirge|Skeledirge, M|59\/100\n|move|p1a: Koraidon|U-turn|p2a: Skeledirge\n|-resisted|p2a: Skeledirge\n|-damage|p2a: Skeledirge|55\/100\n|l| GeniusFromHoenn\n|\n|t:|1697875785\n|switch|p1a: Chi-Yu|Chi-Yu|100\/100|[from] U-turn\n|-ability|p1a: Chi-Yu|Beads of Ruin\n|\n|-weather|SunnyDay|[upkeep]\n|upkeep\n|turn|9\n|\n|t:|1697875789\n|switch|p2a: Clodsire|Clodsire, M|100\/100\n|move|p1a: Chi-Yu|Dark Pulse|p2a: Clodsire\n|-damage|p2a: Clodsire|51\/100\n|\n|-weather|SunnyDay|[upkeep]\n|-heal|p2a: Clodsire|57\/100|[from] item: Leftovers\n|upkeep\n|turn|10\n|\n|t:|1697875797\n|move|p1a: Chi-Yu|Dark Pulse|p2a: Clodsire\n|-damage|p2a: Clodsire|6\/100\n|move|p2a: Clodsire|Spikes|p1a: Chi-Yu\n|-sidestart|p1: SHAHzeb|Spikes\n|\n|-weather|SunnyDay|[upkeep]\n|-heal|p2a: Clodsire|13\/100|[from] item: Leftovers\n|upkeep\n|turn|11\n|j| GeniusFromHoenn\n|\n|t:|1697875801\n|move|p1a: Chi-Yu|Dark Pulse|p2a: Clodsire\n|-damage|p2a: Clodsire|0 fnt\n|faint|p2a: Clodsire\n|\n|-weather|none\n|upkeep\n|\n|t:|1697875802\n|switch|p2a: Koraidon|Koraidon|100\/100\n|-weather|SunnyDay|[from] ability: Orichalcum Pulse|[of] p2a: Koraidon\n|-activate|p2a: Koraidon|Orichalcum Pulse|[source]\n|turn|12\n|\n|t:|1697875807\n|switch|p1a: Great Tusk|Great Tusk|100\/100\n|-damage|p1a: Great Tusk|88\/100|[from] Spikes\n|-activate|p1a: Great Tusk|ability: Protosynthesis\n|-start|p1a: Great Tusk|protosynthesisdef\n|move|p2a: Koraidon|U-turn|p1a: Great Tusk\n|-resisted|p1a: Great Tusk\n|-damage|p1a: Great Tusk|82\/100\n|-damage|p2a: Koraidon|84\/100|[from] item: Rocky Helmet|[of] p1a: Great Tusk\n|\n|t:|1697875811\n|switch|p2a: Kyogre|Kyogre|76\/100|[from] U-turn\n|-weather|RainDance|[from] ability: Drizzle|[of] p2a: Kyogre\n|-end|p1a: Great Tusk|Protosynthesis\n|\n|-weather|RainDance|[upkeep]\n|upkeep\n|turn|13\n|\n|t:|1697875830\n|-end|p1a: Great Tusk|Protosynthesis|[silent]\n|switch|p1a: Ting-Lu|Ting-Lu|100\/100\n|-damage|p1a: Ting-Lu|88\/100|[from] Spikes\n|-ability|p1a: Ting-Lu|Vessel of Ruin\n|move|p2a: Kyogre|Ice Beam|p1a: Ting-Lu\n|-supereffective|p1a: Ting-Lu\n|-damage|p1a: Ting-Lu|44\/100\n|\n|-weather|RainDance|[upkeep]\n|-heal|p1a: Ting-Lu|50\/100|[from] item: Leftovers\n|upkeep\n|turn|14\n|\n|t:|1697875840\n|move|p1a: Ting-Lu|Protect|p1a: Ting-Lu\n|-singleturn|p1a: Ting-Lu|Protect\n|move|p2a: Kyogre|Ice Beam|p1a: Ting-Lu\n|-activate|p1a: Ting-Lu|move: Protect\n|\n|-weather|RainDance|[upkeep]\n|-heal|p1a: Ting-Lu|56\/100|[from] item: Leftovers\n|upkeep\n|turn|15\n|\n|t:|1697875845\n|move|p2a: Kyogre|Ice Beam|p1a: Ting-Lu\n|-supereffective|p1a: Ting-Lu\n|-damage|p1a: Ting-Lu|9\/100\n|move|p1a: Ting-Lu|Earthquake|p2a: Kyogre\n|-damage|p2a: Kyogre|44\/100\n|\n|-weather|RainDance|[upkeep]\n|-heal|p1a: Ting-Lu|15\/100|[from] item: Leftovers\n|upkeep\n|turn|16\n|\n|t:|1697875851\n|move|p1a: Ting-Lu|Protect|p1a: Ting-Lu\n|-singleturn|p1a: Ting-Lu|Protect\n|move|p2a: Kyogre|Ice Beam|p1a: Ting-Lu\n|-activate|p1a: Ting-Lu|move: Protect\n|\n|-weather|none\n|-heal|p1a: Ting-Lu|22\/100|[from] item: Leftovers\n|upkeep\n|turn|17\n|\n|t:|1697875860\n|switch|p1a: Chi-Yu|Chi-Yu|100\/100\n|-damage|p1a: Chi-Yu|88\/100|[from] Spikes\n|-ability|p1a: Chi-Yu|Beads of Ruin\n|move|p2a: Kyogre|Ice Beam|p1a: Chi-Yu\n|-resisted|p1a: Chi-Yu\n|-damage|p1a: Chi-Yu|57\/100\n|-status|p1a: Chi-Yu|frz\n|\n|upkeep\n|turn|18\n|\n|t:|1697875868\n|cant|p1a: Chi-Yu|frz\n|move|p2a: Kyogre|Ice Beam|p1a: Chi-Yu\n|-resisted|p1a: Chi-Yu\n|-damage|p1a: Chi-Yu|21\/100 frz\n|\n|upkeep\n|turn|19\n|\n|t:|1697875871\n|-curestatus|p1a: Chi-Yu|frz|[msg]\n|move|p1a: Chi-Yu|Overheat|p2a: Kyogre\n|-resisted|p2a: Kyogre\n|-damage|p2a: Kyogre|0 fnt\n|-unboost|p1a: Chi-Yu|spa|2\n|faint|p2a: Kyogre\n|\n|upkeep\n|\n|t:|1697875881\n|switch|p2a: Arceus|Arceus|100\/100\n|turn|20\n|j| retereereeeree\n|\n|t:|1697875890\n|switch|p1a: Koraidon|Koraidon|100\/100\n|-damage|p1a: Koraidon|88\/100|[from] Spikes\n|-weather|SunnyDay|[from] ability: Orichalcum Pulse|[of] p1a: Koraidon\n|-activate|p1a: Koraidon|Orichalcum Pulse|[source]\n|move|p2a: Arceus|Swords Dance|p2a: Arceus\n|-boost|p2a: Arceus|atk|2\n|\n|-weather|SunnyDay|[upkeep]\n|upkeep\n|turn|21\n|\n|t:|1697875895\n|-terastallize|p2a: Arceus|Normal\n|move|p2a: Arceus|Extreme Speed|p1a: Koraidon\n|-damage|p1a: Koraidon|0 fnt\n|faint|p1a: Koraidon\n|\n|-weather|SunnyDay|[upkeep]\n|upkeep\n|l| Taka\n|\n|t:|1697875903\n|switch|p1a: Great Tusk|Great Tusk|82\/100\n|-damage|p1a: Great Tusk|69\/100|[from] Spikes\n|-activate|p1a: Great Tusk|ability: Protosynthesis\n|-start|p1a: Great Tusk|protosynthesisdef\n|turn|22\n|\n|t:|1697875906\n|move|p2a: Arceus|Extreme Speed|p1a: Great Tusk\n|-damage|p1a: Great Tusk|19\/100\n|-damage|p2a: Arceus|84\/100|[from] item: Rocky Helmet|[of] p1a: Great Tusk\n|move|p1a: Great Tusk|Rapid Spin|p2a: Arceus\n|-damage|p2a: Arceus|75\/100\n|-boost|p1a: Great Tusk|spe|1\n|-sideend|p1: SHAHzeb|Spikes|[from] move: Rapid Spin|[of] p1a: Great Tusk\n|\n|-weather|SunnyDay|[upkeep]\n|upkeep\n|turn|23\n|\n|t:|1697875910\n|move|p2a: Arceus|Extreme Speed|p1a: Great Tusk\n|-damage|p1a: Great Tusk|0 fnt\n|-damage|p2a: Arceus|58\/100|[from] item: Rocky Helmet|[of] p1a: Great Tusk\n|faint|p1a: Great Tusk\n|-end|p1a: Great Tusk|Protosynthesis|[silent]\n|\n|-weather|SunnyDay|[upkeep]\n|upkeep\n|\n|t:|1697875913\n|switch|p1a: Flutter Mane|Flutter Mane|100\/100\n|-activate|p1a: Flutter Mane|ability: Protosynthesis\n|-start|p1a: Flutter Mane|protosynthesisspe\n|turn|24\n|\n|t:|1697875918\n|move|p1a: Flutter Mane|Moonblast|p2a: Arceus\n|-damage|p2a: Arceus|14\/100\n|-damage|p1a: Flutter Mane|91\/100|[from] item: Life Orb\n|move|p2a: Arceus|Shadow Claw|p1a: Flutter Mane\n|-supereffective|p1a: Flutter Mane\n|-damage|p1a: Flutter Mane|0 fnt\n|faint|p1a: Flutter Mane\n|-end|p1a: Flutter Mane|Protosynthesis|[silent]\n|\n|-weather|none\n|upkeep\n|c|\u2606SHAHzeb|gg\n|-message|SHAHzeb forfeited.\n|\n|win|Future king of ou\n|n|\u2606SHAHzeb|shahzeb\n|n|\u2606Future king of ou|futurekingofou\n|n|*Lady Monita \u263d|ladymonita\n|n| BB-8-NU|bb8nu\n|n| ZowwyCafe\u2764|zowwycafe\n|n| DarkChariz66|darkchariz66\n|n| PokeArt2004\u2764|pokeart2004\n|n| Primordiallite|primordiallite\n|n| Goomy Guy12345|goomyguy12345\n|n| Nocebo|nocebo\n|n| GeniusFromHoenn|geniusfromhoenn\n|n| retereereeeree|retereereeeree\n|l|*Lady Monita \u263d\n|c|\u2606Future king of ou|Ggs\n|l| BB-8-NU\n|l|\u2606SHAHzeb\n|l| Primordiallite\n|l|\u2606Future king of ou\n|j| GRRRBAW\n|l| ZowwyCafe\u2764\n|l| retereereeeree\n|l| DarkChariz66\n|l| GeniusFromHoenn\n|j| DarkChariz66\n|l| Nocebo\n|l| DarkChariz66\n|l| Goomy Guy12345\n|j| ElliottTJX\n|l| ElliottTJX\n|j|\u2606Future king of ou\n|player|p2|Future king of ou|idol\n","uploadtime":1697876112,"views":24,"p1id":"shahzeb","p2id":"futurekingofou","formatid":"gen9ubers","rating":0,"private":0,"password":""}