{"id":"gen9ubers-1988586545","p1":"NEK 66666","p2":"OUFC Test1","format":"[Gen 9] Ubers","log":"|j|\u2606NEK 66666\n|j|\u2606OUFC Test1\n|t:|1699739042\n|gametype|singles\n|player|p1|NEK 66666|2|1187\n|player|p2|OUFC Test1|iono|1241\n|teamsize|p1|6\n|teamsize|p2|6\n|gen|9\n|tier|[Gen 9] Ubers\n|rated|\n|rule|Sleep Clause Mod: Limit one foe put to sleep\n|rule|Species Clause: Limit one of each Pok\u00e9mon\n|rule|OHKO Clause: OHKO moves are banned\n|rule|Evasion Items Clause: Evasion items are banned\n|rule|Evasion Moves Clause: Evasion moves are banned\n|rule|Endless Battle Clause: Forcing endless battles is banned\n|rule|HP Percentage Mod: HP is shown in percentages\n|clearpoke\n|poke|p1|Amoonguss, M|\n|poke|p1|Garganacl, F|\n|poke|p1|Ogerpon-Hearthflame, F|\n|poke|p1|Ting-Lu|\n|poke|p1|Azumarill, M|\n|poke|p1|Kingambit, F|\n|poke|p2|Koraidon|\n|poke|p2|Flutter Mane|\n|poke|p2|Arceus-Steel|\n|poke|p2|Clodsire, M|\n|poke|p2|Gliscor, F|\n|poke|p2|Rayquaza|\n|teampreview\n|\n|t:|1699739052\n|start\n|switch|p1a: Ting-Lu|Ting-Lu|100\/100\n|switch|p2a: Gliscor|Gliscor, F|100\/100\n|-ability|p1a: Ting-Lu|Vessel of Ruin\n|turn|1\n|\n|t:|1699739062\n|move|p2a: Gliscor|Taunt|p1a: Ting-Lu\n|-start|p1a: Ting-Lu|move: Taunt\n|cant|p1a: Ting-Lu|move: Taunt|Stealth Rock\n|\n|-status|p2a: Gliscor|tox|[from] item: Toxic Orb\n|upkeep\n|turn|2\n|\n|t:|1699739067\n|switch|p1a: ESP4THRA|Amoonguss, M, shiny|100\/100\n|move|p2a: Gliscor|Toxic|p1a: ESP4THRA\n|-immune|p1a: ESP4THRA\n|\n|upkeep\n|turn|3\n|\n|t:|1699739073\n|move|p2a: Gliscor|Taunt|p1a: ESP4THRA\n|-start|p1a: ESP4THRA|move: Taunt\n|cant|p1a: ESP4THRA|move: Taunt|Spore\n|\n|upkeep\n|turn|4\n|\n|t:|1699739078\n|switch|p2a: Clodsire|Clodsire, M|100\/100\n|move|p1a: ESP4THRA|Giga Drain|p2a: Clodsire\n|-damage|p2a: Clodsire|89\/100\n|\n|upkeep\n|turn|5\n|\n|t:|1699739088\n|switch|p1a: Ting-Lu|Ting-Lu|100\/100\n|-ability|p1a: Ting-Lu|Vessel of Ruin\n|move|p2a: Clodsire|Spikes|p1a: Ting-Lu\n|-sidestart|p1: NEK 66666|Spikes\n|\n|upkeep\n|turn|6\n|\n|t:|1699739094\n|move|p1a: Ting-Lu|Stealth Rock|p2a: Clodsire\n|-sidestart|p2: OUFC Test1|move: Stealth Rock\n|move|p2a: Clodsire|Toxic|p1a: Ting-Lu\n|-status|p1a: Ting-Lu|tox\n|\n|-damage|p1a: Ting-Lu|94\/100 tox|[from] psn\n|upkeep\n|turn|7\n|\n|t:|1699739099\n|switch|p2a: Gliscor|Gliscor, F|100\/100 tox\n|-damage|p2a: Gliscor|88\/100 tox|[from] Stealth Rock\n|move|p1a: Ting-Lu|Earthquake|p2a: Gliscor\n|-immune|p2a: Gliscor\n|\n|-heal|p1a: Ting-Lu|100\/100 tox|[from] item: Leftovers\n|-heal|p2a: Gliscor|100\/100 tox|[from] ability: Poison Heal\n|-damage|p1a: Ting-Lu|88\/100 tox|[from] psn\n|upkeep\n|turn|8\n|\n|t:|1699739107\n|move|p2a: Gliscor|Taunt|p1a: Ting-Lu\n|-start|p1a: Ting-Lu|move: Taunt\n|cant|p1a: Ting-Lu|move: Taunt|Whirlwind\n|\n|-heal|p1a: Ting-Lu|94\/100 tox|[from] item: Leftovers\n|-damage|p1a: Ting-Lu|76\/100 tox|[from] psn\n|upkeep\n|turn|9\n|\n|t:|1699739110\n|move|p2a: Gliscor|Toxic|p1a: Ting-Lu|[miss]\n|-miss|p2a: Gliscor|p1a: Ting-Lu\n|move|p1a: Ting-Lu|Stone Edge|p2a: Gliscor\n|-crit|p2a: Gliscor\n|-damage|p2a: Gliscor|76\/100 tox\n|\n|-heal|p1a: Ting-Lu|82\/100 tox|[from] item: Leftovers\n|-heal|p2a: Gliscor|88\/100 tox|[from] ability: Poison Heal\n|-damage|p1a: Ting-Lu|57\/100 tox|[from] psn\n|upkeep\n|turn|10\n|\n|t:|1699739115\n|move|p2a: Gliscor|Earthquake|p1a: Ting-Lu\n|-damage|p1a: Ting-Lu|41\/100 tox\n|move|p1a: Ting-Lu|Earthquake|p2a: Gliscor\n|-immune|p2a: Gliscor\n|\n|-heal|p1a: Ting-Lu|47\/100 tox|[from] item: Leftovers\n|-heal|p2a: Gliscor|99\/100 tox|[from] ability: Poison Heal\n|-damage|p1a: Ting-Lu|16\/100 tox|[from] psn\n|-end|p1a: Ting-Lu|move: Taunt\n|upkeep\n|turn|11\n|\n|t:|1699739119\n|move|p2a: Gliscor|Earthquake|p1a: Ting-Lu\n|-damage|p1a: Ting-Lu|0 fnt\n|faint|p1a: Ting-Lu\n|\n|-heal|p2a: Gliscor|100\/100 tox|[from] ability: Poison Heal\n|upkeep\n|\n|t:|1699739126\n|switch|p1a: Azumarill|Azumarill, M|100\/100\n|-damage|p1a: Azumarill|88\/100|[from] Spikes\n|turn|12\n|\n|t:|1699739137\n|move|p2a: Gliscor|Taunt|p1a: Azumarill\n|-start|p1a: Azumarill|move: Taunt\n|cant|p1a: Azumarill|move: Taunt|Belly Drum\n|\n|upkeep\n|turn|13\n|\n|t:|1699739141\n|move|p2a: Gliscor|Toxic|p1a: Azumarill\n|-status|p1a: Azumarill|tox\n|move|p1a: Azumarill|Ice Spinner|p2a: Gliscor\n|-supereffective|p2a: Gliscor\n|-damage|p2a: Gliscor|23\/100 tox\n|\n|-heal|p2a: Gliscor|35\/100 tox|[from] ability: Poison Heal\n|-damage|p1a: Azumarill|82\/100 tox|[from] psn\n|upkeep\n|turn|14\n|\n|t:|1699739151\n|move|p2a: Gliscor|Protect|p2a: Gliscor\n|-singleturn|p2a: Gliscor|Protect\n|move|p1a: Azumarill|Aqua Jet|p2a: Gliscor\n|-activate|p2a: Gliscor|move: Protect\n|\n|-heal|p2a: Gliscor|47\/100 tox|[from] ability: Poison Heal\n|-damage|p1a: Azumarill|70\/100 tox|[from] psn\n|-end|p1a: Azumarill|move: Taunt\n|upkeep\n|turn|15\n|\n|t:|1699739157\n|switch|p2a: Clodsire|Clodsire, M|89\/100\n|move|p1a: Azumarill|Aqua Jet|p2a: Clodsire\n|-heal|p2a: Clodsire|100\/100|[from] ability: Water Absorb|[of] p1a: Azumarill\n|\n|-damage|p1a: Azumarill|52\/100 tox|[from] psn\n|upkeep\n|turn|16\n|\n|t:|1699739164\n|move|p1a: Azumarill|Belly Drum|p1a: Azumarill\n|-damage|p1a: Azumarill|2\/100 tox\n|-setboost|p1a: Azumarill|atk|6|[from] move: Belly Drum\n|-enditem|p1a: Azumarill|Sitrus Berry|[eat]\n|-heal|p1a: Azumarill|27\/100 tox|[from] item: Sitrus Berry\n|move|p2a: Clodsire|Spikes|p1a: Azumarill\n|-sidestart|p1: NEK 66666|Spikes\n|\n|-damage|p1a: Azumarill|3\/100 tox|[from] psn\n|upkeep\n|turn|17\n|\n|t:|1699739180\n|switch|p2a: Arceus|Arceus-Steel|100\/100\n|-damage|p2a: Arceus|94\/100|[from] Stealth Rock\n|move|p1a: Azumarill|Ice Spinner|p2a: Arceus\n|-resisted|p2a: Arceus\n|-damage|p2a: Arceus|57\/100\n|\n|-damage|p1a: Azumarill|0 fnt|[from] psn\n|faint|p1a: Azumarill\n|upkeep\n|\n|t:|1699739188\n|switch|p1a: Ogerpon|Ogerpon-Hearthflame, F|100\/100\n|-damage|p1a: Ogerpon|84\/100|[from] Spikes\n|-ability|p1a: Ogerpon|Mold Breaker\n|turn|18\n|\n|t:|1699739196\n|switch|p2a: Koraidon|Koraidon|100\/100\n|-weather|SunnyDay|[from] ability: Orichalcum Pulse|[of] p2a: Koraidon\n|-activate|p2a: Koraidon|Orichalcum Pulse|[source]\n|move|p1a: Ogerpon|Swords Dance|p1a: Ogerpon\n|-boost|p1a: Ogerpon|atk|2\n|\n|-weather|SunnyDay|[upkeep]\n|upkeep\n|turn|19\n|\n|t:|1699739206\n|move|p2a: Koraidon|U-turn|p1a: Ogerpon\n|-damage|p1a: Ogerpon|46\/100\n|\n|t:|1699739211\n|switch|p2a: Rayquaza|Rayquaza, shiny|100\/100|[from] U-turn\n|-damage|p2a: Rayquaza|76\/100|[from] Stealth Rock\n|-ability|p2a: Rayquaza|Air Lock\n|move|p1a: Ogerpon|Play Rough|p2a: Rayquaza\n|-supereffective|p2a: Rayquaza\n|-damage|p2a: Rayquaza|0 fnt\n|faint|p2a: Rayquaza\n|\n|-weather|SunnyDay|[upkeep]\n|upkeep\n|\n|t:|1699739214\n|switch|p2a: Koraidon|Koraidon|100\/100\n|-activate|p2a: Koraidon|ability: Orichalcum Pulse\n|turn|20\n|\n|t:|1699739239\n|move|p2a: Koraidon|Dragon Claw|p1a: Ogerpon\n|-damage|p1a: Ogerpon|0 fnt\n|faint|p1a: Ogerpon\n|\n|-weather|SunnyDay|[upkeep]\n|upkeep\n|\n|t:|1699739244\n|switch|p1a: ESP4THRA|Amoonguss, M, shiny|100\/100\n|-damage|p1a: ESP4THRA|84\/100|[from] Spikes\n|turn|21\n|\n|t:|1699739249\n|move|p2a: Koraidon|Flare Blitz|p1a: ESP4THRA\n|-supereffective|p1a: ESP4THRA\n|-damage|p1a: ESP4THRA|0 fnt\n|faint|p1a: ESP4THRA\n|-damage|p2a: Koraidon|68\/100|[from] Recoil\n|\n|-weather|SunnyDay|[upkeep]\n|upkeep\n|\n|t:|1699739294\n|switch|p1a: Garganacl|Garganacl, F|100\/100\n|-damage|p1a: Garganacl|84\/100|[from] Spikes\n|turn|22\n|\n|t:|1699739301\n|-terastallize|p1a: Garganacl|Ghost\n|move|p2a: Koraidon|Low Kick|p1a: Garganacl\n|-immune|p1a: Garganacl\n|move|p1a: Garganacl|Salt Cure|p2a: Koraidon\n|-resisted|p2a: Koraidon\n|-damage|p2a: Koraidon|62\/100\n|-start|p2a: Koraidon|Salt Cure\n|\n|-weather|none\n|-heal|p1a: Garganacl|90\/100|[from] item: Leftovers\n|-damage|p2a: Koraidon|49\/100|[from] Salt Cure\n|upkeep\n|turn|23\n|\n|t:|1699739311\n|move|p2a: Koraidon|U-turn|p1a: Garganacl\n|-resisted|p1a: Garganacl\n|-damage|p1a: Garganacl|81\/100\n|\n|t:|1699739344\n|switch|p2a: Clodsire|Clodsire, M|100\/100|[from] U-turn\n|move|p1a: Garganacl|Iron Defense|p1a: Garganacl\n|-boost|p1a: Garganacl|def|2\n|\n|-heal|p1a: Garganacl|87\/100|[from] item: Leftovers\n|upkeep\n|turn|24\n|\n|t:|1699739396\n|move|p1a: Garganacl|Body Press|p2a: Clodsire\n|-resisted|p2a: Clodsire\n|-damage|p2a: Clodsire|74\/100\n|move|p2a: Clodsire|Spikes|p1a: Garganacl\n|-sidestart|p1: NEK 66666|Spikes\n|\n|-heal|p1a: Garganacl|94\/100|[from] item: Leftovers\n|upkeep\n|turn|25\n|\n|t:|1699739426\n|switch|p2a: Gliscor|Gliscor, F|47\/100 tox\n|-damage|p2a: Gliscor|35\/100 tox|[from] Stealth Rock\n|move|p1a: Garganacl|Salt Cure|p2a: Gliscor\n|-damage|p2a: Gliscor|26\/100 tox\n|-start|p2a: Gliscor|Salt Cure\n|\n|-heal|p1a: Garganacl|99\/100|[from] item: Leftovers\n|-heal|p2a: Gliscor|39\/100 tox|[from] ability: Poison Heal\n|-damage|p2a: Gliscor|26\/100 tox|[from] Salt Cure\n|upkeep\n|turn|26\n|\n|t:|1699739452\n|move|p2a: Gliscor|Taunt|p1a: Garganacl\n|-start|p1a: Garganacl|move: Taunt\n|cant|p1a: Garganacl|move: Taunt|Iron Defense\n|\n|-heal|p1a: Garganacl|100\/100|[from] item: Leftovers\n|-heal|p2a: Gliscor|39\/100 tox|[from] ability: Poison Heal\n|-damage|p2a: Gliscor|26\/100 tox|[from] Salt Cure\n|upkeep\n|turn|27\n|\n|t:|1699739457\n|move|p2a: Gliscor|Earthquake|p1a: Garganacl\n|-damage|p1a: Garganacl|89\/100\n|move|p1a: Garganacl|Body Press|p2a: Gliscor\n|-resisted|p2a: Gliscor\n|-damage|p2a: Gliscor|13\/100 tox\n|\n|-heal|p1a: Garganacl|95\/100|[from] item: Leftovers\n|-heal|p2a: Gliscor|25\/100 tox|[from] ability: Poison Heal\n|-damage|p2a: Gliscor|13\/100 tox|[from] Salt Cure\n|upkeep\n|turn|28\n|\n|t:|1699739467\n|move|p2a: Gliscor|Earthquake|p1a: Garganacl\n|-damage|p1a: Garganacl|84\/100\n|move|p1a: Garganacl|Body Press|p2a: Gliscor\n|-resisted|p2a: Gliscor\n|-damage|p2a: Gliscor|0 fnt\n|faint|p2a: Gliscor\n|\n|-heal|p1a: Garganacl|91\/100|[from] item: Leftovers\n|-end|p1a: Garganacl|move: Taunt\n|upkeep\n|\n|t:|1699739469\n|switch|p2a: Flutter Mane|Flutter Mane|100\/100\n|-damage|p2a: Flutter Mane|88\/100|[from] Stealth Rock\n|turn|29\n|\n|t:|1699739481\n|move|p2a: Flutter Mane|Moonblast|p1a: Garganacl\n|-damage|p1a: Garganacl|56\/100\n|move|p1a: Garganacl|Salt Cure|p2a: Flutter Mane\n|-damage|p2a: Flutter Mane|59\/100\n|-start|p2a: Flutter Mane|Salt Cure\n|\n|-heal|p1a: Garganacl|63\/100|[from] item: Leftovers\n|-damage|p2a: Flutter Mane|47\/100|[from] Salt Cure\n|upkeep\n|turn|30\n|\n|t:|1699739490\n|move|p2a: Flutter Mane|Moonblast|p1a: Garganacl\n|-damage|p1a: Garganacl|24\/100\n|-unboost|p1a: Garganacl|spa|1\n|move|p1a: Garganacl|Recover|p1a: Garganacl\n|-heal|p1a: Garganacl|74\/100\n|\n|-heal|p1a: Garganacl|80\/100|[from] item: Leftovers\n|-damage|p2a: Flutter Mane|35\/100|[from] Salt Cure\n|upkeep\n|turn|31\n|\n|t:|1699739498\n|move|p2a: Flutter Mane|Moonblast|p1a: Garganacl\n|-damage|p1a: Garganacl|46\/100\n|move|p1a: Garganacl|Salt Cure|p2a: Flutter Mane\n|-damage|p2a: Flutter Mane|5\/100\n|\n|-heal|p1a: Garganacl|52\/100|[from] item: Leftovers\n|-damage|p2a: Flutter Mane|0 fnt|[from] Salt Cure\n|faint|p2a: Flutter Mane\n|-end|p2a: Flutter Mane|Protosynthesis|[silent]\n|upkeep\n|\n|t:|1699739502\n|switch|p2a: Arceus|Arceus-Steel|57\/100\n|-damage|p2a: Arceus|51\/100|[from] Stealth Rock\n|turn|32\n|\n|t:|1699739510\n|move|p2a: Arceus|Judgment|p1a: Garganacl\n|-damage|p1a: Garganacl|18\/100\n|move|p1a: Garganacl|Body Press|p2a: Arceus\n|-supereffective|p2a: Arceus\n|-damage|p2a: Arceus|0 fnt\n|faint|p2a: Arceus\n|\n|-heal|p1a: Garganacl|24\/100|[from] item: Leftovers\n|upkeep\n|\n|t:|1699739515\n|switch|p2a: Koraidon|Koraidon|49\/100\n|-weather|SunnyDay|[from] ability: Orichalcum Pulse|[of] p2a: Koraidon\n|-activate|p2a: Koraidon|Orichalcum Pulse|[source]\n|turn|33\n|\n|t:|1699739526\n|move|p2a: Koraidon|Flare Blitz|p1a: Garganacl\n|-damage|p1a: Garganacl|0 fnt\n|faint|p1a: Garganacl\n|-damage|p2a: Koraidon|40\/100|[from] Recoil\n|\n|-weather|SunnyDay|[upkeep]\n|upkeep\n|\n|t:|1699739529\n|switch|p1a: Kingambit|Kingambit, F|100\/100\n|-damage|p1a: Kingambit|76\/100|[from] Spikes\n|-activate|p1a: Kingambit|ability: Supreme Overlord\n|-start|p1a: Kingambit|fallen5|[silent]\n|turn|34\n|\n|t:|1699739537\n|move|p1a: Kingambit|Sucker Punch|p2a: Koraidon\n|-resisted|p2a: Koraidon\n|-damage|p2a: Koraidon|7\/100\n|-damage|p1a: Kingambit|66\/100|[from] item: Life Orb\n|move|p2a: Koraidon|Low Kick|p1a: Kingambit\n|-supereffective|p1a: Kingambit\n|-damage|p1a: Kingambit|0 fnt\n|faint|p1a: Kingambit\n|-end|p1a: Kingambit|fallen5|[silent]\n|\n|win|OUFC Test1\n|raw|NEK 66666's rating: 1187 &rarr; <strong>1166<\/strong><br \/>(-21 for losing)\n|raw|OUFC Test1's rating: 1241 &rarr; <strong>1262<\/strong><br \/>(+21 for winning)\n|c|\u2606OUFC Test1|gg\n|l|\u2606NEK 66666\n|c|\u2606OUFC Test1|ban garganacl\n","uploadtime":1699739551,"views":4,"p1id":"nek66666","p2id":"oufctest1","formatid":"gen9ubers","rating":1166,"private":0,"password":""}