{"id":"gen9ubers-1968885094","p1":"VikrThe","p2":"Laprasrules12","format":"[Gen 9] Ubers","log":"|j|\u2606VikrThe\n|j|\u2606Laprasrules12\n|t:|1697472755\n|gametype|singles\n|player|p1|VikrThe|2|\n|player|p2|Laprasrules12|lusamine-nihilego|\n|teamsize|p1|6\n|teamsize|p2|6\n|gen|9\n|tier|[Gen 9] Ubers\n|rule|Sleep Clause Mod: Limit one foe put to sleep\n|rule|Species Clause: Limit one of each Pok\u00e9mon\n|rule|OHKO Clause: OHKO moves are banned\n|rule|Evasion Items Clause: Evasion items are banned\n|rule|Evasion Moves Clause: Evasion moves are banned\n|rule|Endless Battle Clause: Forcing endless battles is banned\n|rule|HP Percentage Mod: HP is shown in percentages\n|clearpoke\n|poke|p1|Cyclizar, F|\n|poke|p1|Palkia-Origin|\n|poke|p1|Pincurchin, F|\n|poke|p1|Iron Valiant|\n|poke|p1|Magearna|\n|poke|p1|Sneasler, M|\n|poke|p2|Arceus-Fighting|\n|poke|p2|Espathra, M|\n|poke|p2|Zacian-*|\n|poke|p2|Palkia-Origin|\n|poke|p2|Cyclizar, M|\n|poke|p2|Magearna-Original|\n|teampreview\n|inactive|Battle timer is ON: inactive players will automatically lose when time's up. (requested by Laprasrules12)\n|\n|t:|1697472762\n|start\n|switch|p1a: Pincurchin|Pincurchin, F|100\/100\n|switch|p2a: Say Gex|Cyclizar, M, shiny|100\/100\n|-fieldstart|move: Electric Terrain|[from] ability: Electric Surge|[of] p1a: Pincurchin\n|turn|1\n|c|\u2606VikrThe|Really wish there was a better electric terrain setter lmao\n|\n|t:|1697472781\n|move|p2a: Say Gex|Shed Tail|p2a: Say Gex\n|-start|p2a: Say Gex|Substitute|[from] move: Shed Tail\n|-damage|p2a: Say Gex|50\/100\n|\n|t:|1697472786\n|switch|p2a: Cleopatra|Espathra, M, shiny|100\/100|[from] Shed Tail\n|move|p1a: Pincurchin|Toxic Spikes|p2a: Cleopatra\n|-sidestart|p2: Laprasrules12|move: Toxic Spikes\n|\n|upkeep\n|turn|2\n|c|\u2606Laprasrules12|Fair\n|\n|t:|1697472794\n|move|p2a: Cleopatra|Calm Mind|p2a: Cleopatra\n|-boost|p2a: Cleopatra|spa|1\n|-boost|p2a: Cleopatra|spd|1\n|move|p1a: Pincurchin|Memento||[still]\n|-fail|p1a: Pincurchin\n|\n|-ability|p2a: Cleopatra|Speed Boost|boost\n|-boost|p2a: Cleopatra|spe|1\n|upkeep\n|turn|3\n|c|\u2606Laprasrules12|Ruh roh\n|inactive|VikrThe has 270 seconds left.\n|c|\u2606VikrThe|Pincurchin doesn\u2019t get fucking volt switch\n|c|\u2606Laprasrules12|It doesnt?!\n|c|\u2606Laprasrules12|Ok thats kinda bs\n|\n|t:|1697472852\n|switch|p1a: Palkia|Palkia-Origin|100\/100\n|-ability|p1a: Palkia|Pressure\n|move|p2a: Cleopatra|Calm Mind|p2a: Cleopatra\n|-boost|p2a: Cleopatra|spa|1\n|-boost|p2a: Cleopatra|spd|1\n|\n|-ability|p2a: Cleopatra|Speed Boost|boost\n|-boost|p2a: Cleopatra|spe|1\n|upkeep\n|turn|4\n|\n|t:|1697472862\n|move|p2a: Cleopatra|Protect|p2a: Cleopatra\n|-singleturn|p2a: Cleopatra|Protect\n|move|p1a: Palkia|Fire Blast|p2a: Cleopatra\n|-activate|p2a: Cleopatra|move: Protect\n|\n|-ability|p2a: Cleopatra|Speed Boost|boost\n|-boost|p2a: Cleopatra|spe|1\n|upkeep\n|turn|5\n|\n|t:|1697472870\n|move|p2a: Cleopatra|Calm Mind|p2a: Cleopatra\n|-boost|p2a: Cleopatra|spa|1\n|-boost|p2a: Cleopatra|spd|1\n|move|p1a: Palkia|Spacial Rend|p2a: Cleopatra\n|-end|p2a: Cleopatra|Substitute\n|\n|-ability|p2a: Cleopatra|Speed Boost|boost\n|-boost|p2a: Cleopatra|spe|1\n|upkeep\n|turn|6\n|\n|t:|1697472875\n|move|p2a: Cleopatra|Protect|p2a: Cleopatra\n|-singleturn|p2a: Cleopatra|Protect\n|move|p1a: Palkia|Spacial Rend|p2a: Cleopatra\n|-activate|p2a: Cleopatra|move: Protect\n|\n|-ability|p2a: Cleopatra|Speed Boost|boost\n|-boost|p2a: Cleopatra|spe|1\n|upkeep\n|turn|7\n|inactive|VikrThe has 270 seconds left.\n|\n|t:|1697472880\n|move|p2a: Cleopatra|Stored Power|p1a: Palkia\n|-damage|p1a: Palkia|0 fnt\n|faint|p1a: Palkia\n|\n|-ability|p2a: Cleopatra|Speed Boost|boost\n|-boost|p2a: Cleopatra|spe|1\n|upkeep\n|inactive|VikrThe has 270 seconds left.\n|\n|t:|1697472907\n|switch|p1a: Cyclizar|Cyclizar, F|100\/100\n|turn|8\n|\n|t:|1697472916\n|move|p2a: Cleopatra|Stored Power|p1a: Cyclizar\n|-damage|p1a: Cyclizar|0 fnt\n|faint|p1a: Cyclizar\n|\n|-fieldend|move: Electric Terrain\n|upkeep\n|\n|t:|1697472922\n|switch|p1a: Magearna|Magearna|100\/100\n|turn|9\n|\n|t:|1697472924\n|move|p2a: Cleopatra|Protect|p2a: Cleopatra\n|-singleturn|p2a: Cleopatra|Protect\n|move|p1a: Magearna|Calm Mind|p1a: Magearna\n|-boost|p1a: Magearna|spa|1\n|-boost|p1a: Magearna|spd|1\n|\n|upkeep\n|turn|10\n|inactive|VikrThe has 270 seconds left.\n|c|\u2606VikrThe|Fucking knew I should\u2019ve used Tera dark\n|c|\u2606Laprasrules12|Yeah\n|\n|t:|1697472948\n|move|p2a: Cleopatra|Calm Mind|p2a: Cleopatra\n|-boost|p2a: Cleopatra|spa|1\n|-boost|p2a: Cleopatra|spd|1\n|move|p1a: Magearna|Flash Cannon|p2a: Cleopatra\n|-damage|p2a: Cleopatra|65\/100\n|\n|-heal|p2a: Cleopatra|71\/100|[from] item: Leftovers\n|upkeep\n|turn|11\n|\n|t:|1697472952\n|-terastallize|p2a: Cleopatra|Fighting\n|move|p2a: Cleopatra|Tera Blast|p1a: Magearna|[anim] Tera Blast Fighting\n|-damage|p1a: Magearna|34\/100\n|move|p1a: Magearna|Calm Mind|p1a: Magearna\n|-boost|p1a: Magearna|spa|1\n|-boost|p1a: Magearna|spd|1\n|\n|-heal|p2a: Cleopatra|77\/100|[from] item: Leftovers\n|-heal|p1a: Magearna|40\/100|[from] item: Leftovers\n|upkeep\n|turn|12\n|c|\u2606Laprasrules12|However\n|inactive|VikrThe has 270 seconds left.\n|\n|t:|1697472957\n|move|p2a: Cleopatra|Stored Power|p1a: Magearna\n|-resisted|p1a: Magearna\n|-damage|p1a: Magearna|0 fnt\n|faint|p1a: Magearna\n|\n|-heal|p2a: Cleopatra|83\/100|[from] item: Leftovers\n|upkeep\n|inactive|VikrThe has 270 seconds left.\n|c|\u2606VikrThe|Dang\n|\n|t:|1697472973\n|switch|p1a: Pincurchin|Pincurchin, F|100\/100\n|-fieldstart|move: Electric Terrain|[from] ability: Electric Surge|[of] p1a: Pincurchin\n|turn|13\n|\n|t:|1697472980\n|move|p2a: Cleopatra|Protect|p2a: Cleopatra\n|-singleturn|p2a: Cleopatra|Protect\n|move|p1a: Pincurchin|Sucker Punch||[still]\n|-fail|p1a: Pincurchin\n|\n|-heal|p2a: Cleopatra|89\/100|[from] item: Leftovers\n|upkeep\n|turn|14\n|inactive|VikrThe has 270 seconds left.\n|\n|t:|1697472986\n|move|p2a: Cleopatra|Calm Mind|p2a: Cleopatra\n|-boost|p2a: Cleopatra|spa|1\n|-boost|p2a: Cleopatra|spd|1\n|move|p1a: Pincurchin|Thunder Wave|p2a: Cleopatra\n|-status|p2a: Cleopatra|par\n|\n|-heal|p2a: Cleopatra|95\/100 par|[from] item: Leftovers\n|upkeep\n|turn|15\n|\n|t:|1697472991\n|move|p2a: Cleopatra|Protect|p2a: Cleopatra\n|-singleturn|p2a: Cleopatra|Protect\n|move|p1a: Pincurchin|Memento|p2a: Cleopatra\n|-activate|p2a: Cleopatra|move: Protect\n|\n|-heal|p2a: Cleopatra|100\/100 par|[from] item: Leftovers\n|upkeep\n|turn|16\n|\n|t:|1697473000\n|move|p2a: Cleopatra|Stored Power|p1a: Pincurchin\n|-damage|p1a: Pincurchin|0 fnt\n|faint|p1a: Pincurchin\n|\n|upkeep\n|\n|t:|1697473009\n|switch|p1a: Sneasler|Sneasler, M|100\/100\n|-enditem|p1a: Sneasler|Electric Seed\n|-boost|p1a: Sneasler|def|1|[from] item: Electric Seed\n|turn|17\n|\n|t:|1697473018\n|-terastallize|p1a: Sneasler|Flying\n|cant|p2a: Cleopatra|par\n|move|p1a: Sneasler|Acrobatics|p2a: Cleopatra\n|-supereffective|p2a: Cleopatra\n|-damage|p2a: Cleopatra|0 fnt\n|faint|p2a: Cleopatra\n|\n|upkeep\n|c|\u2606Laprasrules12|Damn\n|\n|t:|1697473025\n|switch|p2a: Pok\u00e9ball|Magearna-Original|100\/100\n|turn|18\n|c|\u2606VikrThe|The fact that it still outsped is kinda cringe\n|c|\u2606Laprasrules12|Yeah\n|\n|t:|1697473050\n|move|p1a: Sneasler|Swords Dance|p1a: Sneasler\n|-boost|p1a: Sneasler|atk|2\n|move|p2a: Pok\u00e9ball|Thunder Wave|p1a: Sneasler\n|-status|p1a: Sneasler|par\n|\n|upkeep\n|turn|19\n|c|\u2606Laprasrules12|No I paraed\n|\n|t:|1697473055\n|move|p1a: Sneasler|Close Combat|p2a: Pok\u00e9ball\n|-damage|p2a: Pok\u00e9ball|0 fnt\n|-unboost|p1a: Sneasler|def|1\n|-unboost|p1a: Sneasler|spd|1\n|faint|p2a: Pok\u00e9ball\n|\n|upkeep\n|\n|t:|1697473058\n|switch|p2a: The Horse|Palkia-Origin, shiny|100\/100\n|-status|p2a: The Horse|psn\n|-ability|p2a: The Horse|Pressure\n|turn|20\n|\n|t:|1697473080\n|move|p2a: The Horse|Substitute|p2a: The Horse\n|-start|p2a: The Horse|Substitute\n|-damage|p2a: The Horse|76\/100 psn\n|move|p1a: Sneasler|Close Combat|p2a: The Horse\n|-end|p2a: The Horse|Substitute\n|-unboost|p1a: Sneasler|def|1\n|-unboost|p1a: Sneasler|spd|1\n|\n|-damage|p2a: The Horse|63\/100 psn|[from] psn\n|-fieldend|move: Electric Terrain\n|upkeep\n|turn|21\n|\n|t:|1697473084\n|move|p2a: The Horse|Spacial Rend|p1a: Sneasler\n|-crit|p1a: Sneasler\n|-damage|p1a: Sneasler|0 fnt\n|faint|p1a: Sneasler\n|\n|-damage|p2a: The Horse|51\/100 psn|[from] psn\n|upkeep\n|\n|t:|1697473092\n|switch|p1a: Iron Valiant|Iron Valiant|100\/100\n|turn|22\n|\n|t:|1697473099\n|move|p2a: The Horse|Hydro Pump|p1a: Iron Valiant\n|-damage|p1a: Iron Valiant|0 fnt\n|faint|p1a: Iron Valiant\n|-end|p1a: Iron Valiant|Quark Drive|[silent]\n|\n|win|Laprasrules12\n|c|\u2606Laprasrules12|GG\n|c|\u2606VikrThe|Damn gg\n|c|\u2606Laprasrules12|Wanna rematch\n|c|\u2606VikrThe|Sure\n","uploadtime":1697473123,"views":26,"p1id":"vikrthe","p2id":"laprasrules12","formatid":"gen9ubers","rating":0,"private":0,"password":""}