{"id":"gen9ubers-1994561148","p1":"superiax","p2":"Fern415","format":"[Gen 9] Ubers","log":"|j|\u2606superiax\n|j|\u2606Fern415\n|t:|1700460103\n|gametype|singles\n|player|p1|superiax|whitney|1145\n|player|p2|Fern415|plasmagruntf-gen5bw|1110\n|teamsize|p1|6\n|teamsize|p2|6\n|gen|9\n|tier|[Gen 9] Ubers\n|rated|\n|rule|Sleep Clause Mod: Limit one foe put to sleep\n|rule|Species Clause: Limit one of each Pok\u00e9mon\n|rule|OHKO Clause: OHKO moves are banned\n|rule|Evasion Items Clause: Evasion items are banned\n|rule|Evasion Moves Clause: Evasion moves are banned\n|rule|Endless Battle Clause: Forcing endless battles is banned\n|rule|HP Percentage Mod: HP is shown in percentages\n|clearpoke\n|poke|p1|Chi-Yu|\n|poke|p1|Koraidon|\n|poke|p1|Zacian-*|\n|poke|p1|Groudon|\n|poke|p1|Arceus-Fairy|\n|poke|p1|Gliscor, M|\n|poke|p2|Iron Bundle|\n|poke|p2|Groudon|\n|poke|p2|Zacian-*|\n|poke|p2|Ninetales-Alola, M|\n|poke|p2|Chien-Pao|\n|poke|p2|Ogerpon-Hearthflame, F|\n|teampreview\n|inactive|Battle timer is ON: inactive players will automatically lose when time's up. (requested by superiax)\n|\n|t:|1700460112\n|start\n|switch|p1a: Groudon|Groudon|100\/100\n|switch|p2a: Fox|Ninetales-Alola, M|100\/100\n|-weather|Snow|[from] ability: Snow Warning|[of] p2a: Fox\n|-weather|SunnyDay|[from] ability: Drought|[of] p1a: Groudon\n|turn|1\n|\n|t:|1700460127\n|move|p2a: Fox|Blizzard|p1a: Groudon\n|-supereffective|p1a: Groudon\n|-damage|p1a: Groudon|26\/100\n|move|p1a: Groudon|Spikes|p2a: Fox\n|-sidestart|p2: Fern415|Spikes\n|\n|-weather|SunnyDay|[upkeep]\n|-heal|p1a: Groudon|32\/100|[from] item: Leftovers\n|upkeep\n|turn|2\n|\n|t:|1700460136\n|move|p1a: Groudon|Protect|p1a: Groudon\n|-singleturn|p1a: Groudon|Protect\n|move|p2a: Fox|Freeze-Dry|p1a: Groudon\n|-activate|p1a: Groudon|move: Protect\n|\n|-weather|SunnyDay|[upkeep]\n|-heal|p1a: Groudon|38\/100|[from] item: Leftovers\n|upkeep\n|turn|3\n|\n|t:|1700460146\n|switch|p1a: Zacian|Zacian-Crowned, shiny|100\/100\n|-ability|p1a: Zacian|Intrepid Sword|boost\n|-boost|p1a: Zacian|atk|1\n|move|p2a: Fox|Freeze-Dry|p1a: Zacian\n|-resisted|p1a: Zacian\n|-damage|p1a: Zacian|89\/100\n|\n|-weather|SunnyDay|[upkeep]\n|upkeep\n|turn|4\n|\n|t:|1700460156\n|switch|p2a: Ogre|Ogerpon-Hearthflame, F|100\/100\n|-damage|p2a: Ogre|88\/100|[from] Spikes\n|-ability|p2a: Ogre|Mold Breaker\n|move|p1a: Zacian|Swords Dance|p1a: Zacian\n|-boost|p1a: Zacian|atk|2\n|\n|-weather|SunnyDay|[upkeep]\n|upkeep\n|turn|5\n|\n|t:|1700460170\n|move|p1a: Zacian|Behemoth Blade|p2a: Ogre\n|-resisted|p2a: Ogre\n|-damage|p2a: Ogre|0 fnt\n|faint|p2a: Ogre\n|\n|-weather|none\n|upkeep\n|\n|t:|1700460176\n|switch|p2a: Fox|Ninetales-Alola, M|100\/100\n|-damage|p2a: Fox|88\/100|[from] Spikes\n|-weather|Snow|[from] ability: Snow Warning|[of] p2a: Fox\n|turn|6\n|\n|t:|1700460181\n|-terastallize|p2a: Fox|Water\n|move|p1a: Zacian|Behemoth Blade|p2a: Fox\n|-resisted|p2a: Fox\n|-damage|p2a: Fox|0 fnt\n|faint|p2a: Fox\n|\n|-weather|Snow|[upkeep]\n|upkeep\n|-message|Fern415 forfeited.\n|\n|win|superiax\n|raw|superiax's rating: 1145 &rarr; <strong>1167<\/strong><br \/>(+22 for winning)\n|raw|Fern415's rating: 1110 &rarr; <strong>1088<\/strong><br \/>(-22 for losing)\n|l|\u2606Fern415\n","uploadtime":1700460196,"views":4,"p1id":"superiax","p2id":"fern415","formatid":"gen9ubers","rating":1088,"private":0,"password":""}