{"id":"gen9ubers-1976981075","p1":"tinsnira","p2":"Pauvar","format":"[Gen 9] Ubers","log":"|j|\u2606tinsnira\n|j|\u2606Pauvar\n|t:|1698358413\n|gametype|singles\n|player|p1|tinsnira|parasollady-gen4|1076\n|player|p2|Pauvar|169|1101\n|teamsize|p1|6\n|teamsize|p2|6\n|gen|9\n|tier|[Gen 9] Ubers\n|rated|\n|rule|Sleep Clause Mod: Limit one foe put to sleep\n|rule|Species Clause: Limit one of each Pok\u00e9mon\n|rule|OHKO Clause: OHKO moves are banned\n|rule|Evasion Items Clause: Evasion items are banned\n|rule|Evasion Moves Clause: Evasion moves are banned\n|rule|Endless Battle Clause: Forcing endless battles is banned\n|rule|HP Percentage Mod: HP is shown in percentages\n|clearpoke\n|poke|p1|Giratina-Origin|\n|poke|p1|Miraidon|\n|poke|p1|Koraidon|\n|poke|p1|Ribombee, F|\n|poke|p1|Zacian-*|\n|poke|p1|Great Tusk|\n|poke|p2|Ogerpon-Hearthflame, F|\n|poke|p2|Annihilape, F|\n|poke|p2|Grimmsnarl, M|\n|poke|p2|Espathra, F|\n|poke|p2|Rillaboom, M|\n|poke|p2|Ribombee, M|\n|teampreview\n|\n|t:|1698358418\n|start\n|switch|p1a: Ribombee|Ribombee, F|100\/100\n|switch|p2a: Ribombee|Ribombee, M|100\/100\n|turn|1\n|\n|t:|1698358423\n|move|p2a: Ribombee|Sticky Web|p1a: Ribombee\n|-sidestart|p1: tinsnira|move: Sticky Web\n|move|p1a: Ribombee|Sticky Web|p2a: Ribombee\n|-sidestart|p2: Pauvar|move: Sticky Web\n|\n|upkeep\n|turn|2\n|\n|t:|1698358431\n|move|p2a: Ribombee|U-turn|p1a: Ribombee\n|-resisted|p1a: Ribombee\n|-damage|p1a: Ribombee|91\/100\n|\n|t:|1698358437\n|switch|p2a: Ogerpon|Ogerpon-Hearthflame, F|100\/100|[from] U-turn\n|-activate|p2a: Ogerpon|move: Sticky Web\n|-unboost|p2a: Ogerpon|spe|1\n|-ability|p2a: Ogerpon|Mold Breaker\n|move|p1a: Ribombee|Moonblast|p2a: Ogerpon\n|-resisted|p2a: Ogerpon\n|-damage|p2a: Ogerpon|84\/100\n|\n|upkeep\n|turn|3\n|\n|t:|1698358448\n|switch|p1a: Giratina|Giratina-Origin|100\/100\n|move|p2a: Ogerpon|Substitute|p2a: Ogerpon\n|-start|p2a: Ogerpon|Substitute\n|-damage|p2a: Ogerpon|59\/100\n|\n|upkeep\n|turn|4\n|\n|t:|1698358460\n|move|p1a: Giratina|Shadow Ball|p2a: Ogerpon\n|-end|p2a: Ogerpon|Substitute\n|move|p2a: Ogerpon|Trailblaze|p1a: Giratina\n|-resisted|p1a: Giratina\n|-damage|p1a: Giratina|90\/100\n|-boost|p2a: Ogerpon|spe|1\n|\n|upkeep\n|turn|5\n|\n|t:|1698358476\n|switch|p2a: Grimmsnarl|Grimmsnarl, M|100\/100\n|-activate|p2a: Grimmsnarl|move: Sticky Web\n|-unboost|p2a: Grimmsnarl|spe|1\n|move|p1a: Giratina|Shadow Ball|p2a: Grimmsnarl\n|-resisted|p2a: Grimmsnarl\n|-damage|p2a: Grimmsnarl|82\/100\n|-unboost|p2a: Grimmsnarl|spd|1\n|\n|upkeep\n|turn|6\n|\n|t:|1698358486\n|switch|p1a: Ribombee|Ribombee, F|91\/100\n|-activate|p1a: Ribombee|move: Sticky Web\n|-unboost|p1a: Ribombee|spe|1\n|move|p2a: Grimmsnarl|Light Screen|p2a: Grimmsnarl\n|-sidestart|p2: Pauvar|move: Light Screen\n|\n|upkeep\n|turn|7\n|\n|t:|1698358492\n|move|p2a: Grimmsnarl|Reflect|p2a: Grimmsnarl\n|-sidestart|p2: Pauvar|Reflect\n|move|p1a: Ribombee|Moonblast|p2a: Grimmsnarl\n|-supereffective|p2a: Grimmsnarl\n|-damage|p2a: Grimmsnarl|48\/100\n|\n|upkeep\n|turn|8\n|\n|t:|1698358499\n|move|p1a: Ribombee|Moonblast|p2a: Grimmsnarl\n|-supereffective|p2a: Grimmsnarl\n|-damage|p2a: Grimmsnarl|11\/100\n|move|p2a: Grimmsnarl|Play Rough|p1a: Ribombee\n|-damage|p1a: Ribombee|33\/100\n|\n|upkeep\n|turn|9\n|\n|t:|1698358510\n|switch|p2a: Ribombee|Ribombee, M|100\/100\n|-activate|p2a: Ribombee|move: Sticky Web\n|-unboost|p2a: Ribombee|spe|1\n|move|p1a: Ribombee|Moonblast|p2a: Ribombee\n|-damage|p2a: Ribombee|72\/100\n|\n|upkeep\n|turn|10\n|\n|t:|1698358519\n|move|p2a: Ribombee|Moonblast|p1a: Ribombee\n|-damage|p1a: Ribombee|0 fnt\n|faint|p1a: Ribombee\n|\n|upkeep\n|\n|t:|1698358528\n|switch|p1a: Zacian|Zacian-Crowned|100\/100\n|-activate|p1a: Zacian|move: Sticky Web\n|-unboost|p1a: Zacian|spe|1\n|-ability|p1a: Zacian|Intrepid Sword|boost\n|-boost|p1a: Zacian|atk|1\n|turn|11\n|\n|t:|1698358534\n|move|p1a: Zacian|Behemoth Blade|p2a: Ribombee\n|-supereffective|p2a: Ribombee\n|-damage|p2a: Ribombee|0 fnt\n|faint|p2a: Ribombee\n|\n|upkeep\n|\n|t:|1698358577\n|switch|p2a: Ogerpon|Ogerpon-Hearthflame, F|59\/100\n|-activate|p2a: Ogerpon|move: Sticky Web\n|-unboost|p2a: Ogerpon|spe|1\n|-ability|p2a: Ogerpon|Mold Breaker\n|turn|12\n|\n|t:|1698358598\n|switch|p1a: Giratina|Giratina-Origin|90\/100\n|move|p2a: Ogerpon|Ivy Cudgel|p1a: Giratina\n|-resisted|p1a: Giratina\n|-damage|p1a: Giratina|68\/100\n|\n|upkeep\n|turn|13\n|\n|t:|1698358617\n|switch|p2a: Annihilape|Annihilape, F|100\/100\n|-activate|p2a: Annihilape|move: Sticky Web\n|-unboost|p2a: Annihilape|spe|1\n|-ability|p2a: Annihilape|Defiant|boost\n|-boost|p2a: Annihilape|atk|2\n|move|p1a: Giratina|Shadow Ball|p2a: Annihilape\n|-supereffective|p2a: Annihilape\n|-damage|p2a: Annihilape|59\/100\n|\n|-heal|p2a: Annihilape|66\/100|[from] item: Leftovers\n|-sideend|p2: Pauvar|move: Light Screen\n|upkeep\n|turn|14\n|\n|t:|1698358632\n|move|p1a: Giratina|Shadow Ball|p2a: Annihilape\n|-supereffective|p2a: Annihilape\n|-damage|p2a: Annihilape|0 fnt\n|faint|p2a: Annihilape\n|\n|-sideend|p2: Pauvar|Reflect\n|upkeep\n|\n|t:|1698358639\n|switch|p2a: Rillaboom|Rillaboom, M, shiny|100\/100\n|-activate|p2a: Rillaboom|move: Sticky Web\n|-unboost|p2a: Rillaboom|spe|1\n|-fieldstart|move: Grassy Terrain|[from] ability: Grassy Surge|[of] p2a: Rillaboom\n|turn|15\n|\n|t:|1698358648\n|move|p1a: Giratina|Draco Meteor|p2a: Rillaboom\n|-damage|p2a: Rillaboom|0 fnt\n|-unboost|p1a: Giratina|spa|2\n|faint|p2a: Rillaboom\n|\n|upkeep\n|\n|t:|1698358658\n|switch|p2a: Espathra|Espathra, F|100\/100\n|-activate|p2a: Espathra|move: Sticky Web\n|-unboost|p2a: Espathra|spe|1\n|turn|16\n|\n|t:|1698358669\n|move|p2a: Espathra|Calm Mind|p2a: Espathra\n|-boost|p2a: Espathra|spa|1\n|-boost|p2a: Espathra|spd|1\n|move|p1a: Giratina|Dragon Tail|p2a: Espathra\n|-damage|p2a: Espathra|75\/100\n|drag|p2a: Ogerpon|Ogerpon-Hearthflame, F|59\/100\n|-activate|p2a: Ogerpon|move: Sticky Web\n|-unboost|p2a: Ogerpon|spe|1\n|-ability|p2a: Ogerpon|Mold Breaker\n|\n|-heal|p2a: Ogerpon|65\/100|[from] Grassy Terrain\n|upkeep\n|turn|17\n|\n|t:|1698358682\n|switch|p1a: Great Tusk|Great Tusk|100\/100\n|move|p2a: Ogerpon|Trailblaze|p1a: Great Tusk\n|-supereffective|p1a: Great Tusk\n|-damage|p1a: Great Tusk|51\/100\n|-boost|p2a: Ogerpon|spe|1\n|\n|-heal|p2a: Ogerpon|71\/100|[from] Grassy Terrain\n|-heal|p1a: Great Tusk|58\/100|[from] Grassy Terrain\n|upkeep\n|turn|18\n|\n|t:|1698358695\n|move|p2a: Ogerpon|Trailblaze|p1a: Great Tusk\n|-supereffective|p1a: Great Tusk\n|-damage|p1a: Great Tusk|9\/100\n|-boost|p2a: Ogerpon|spe|1\n|move|p1a: Great Tusk|Rapid Spin|p2a: Ogerpon\n|-damage|p2a: Ogerpon|52\/100\n|-boost|p1a: Great Tusk|spe|1\n|-sideend|p1: tinsnira|Sticky Web|[from] move: Rapid Spin|[of] p1a: Great Tusk\n|\n|-heal|p2a: Ogerpon|58\/100|[from] Grassy Terrain\n|-heal|p1a: Great Tusk|15\/100|[from] Grassy Terrain\n|upkeep\n|turn|19\n|\n|t:|1698358706\n|move|p2a: Ogerpon|Trailblaze|p1a: Great Tusk\n|-supereffective|p1a: Great Tusk\n|-damage|p1a: Great Tusk|0 fnt\n|-boost|p2a: Ogerpon|spe|1\n|faint|p1a: Great Tusk\n|-end|p1a: Great Tusk|Protosynthesis|[silent]\n|\n|-heal|p2a: Ogerpon|64\/100|[from] Grassy Terrain\n|upkeep\n|\n|t:|1698358709\n|switch|p1a: Giratina|Giratina-Origin|68\/100\n|turn|20\n|\n|t:|1698358724\n|move|p2a: Ogerpon|Swords Dance|p2a: Ogerpon\n|-boost|p2a: Ogerpon|atk|2\n|move|p1a: Giratina|Shadow Ball|p2a: Ogerpon\n|-damage|p2a: Ogerpon|5\/100\n|-unboost|p2a: Ogerpon|spd|1\n|\n|-heal|p2a: Ogerpon|11\/100|[from] Grassy Terrain\n|upkeep\n|turn|21\n|\n|t:|1698358735\n|move|p1a: Giratina|Shadow Sneak|p2a: Ogerpon\n|-damage|p2a: Ogerpon|0 fnt\n|faint|p2a: Ogerpon\n|\n|upkeep\n|\n|t:|1698358740\n|switch|p2a: Espathra|Espathra, F|75\/100\n|-activate|p2a: Espathra|move: Sticky Web\n|-unboost|p2a: Espathra|spe|1\n|turn|22\n|\n|t:|1698358744\n|move|p1a: Giratina|Shadow Ball|p2a: Espathra\n|-supereffective|p2a: Espathra\n|-damage|p2a: Espathra|0 fnt\n|faint|p2a: Espathra\n|\n|-fieldend|move: Grassy Terrain\n|upkeep\n|-message|Pauvar forfeited.\n|\n|win|tinsnira\n|raw|tinsnira's rating: 1076 &rarr; <strong>1107<\/strong><br \/>(+31 for winning)\n|raw|Pauvar's rating: 1101 &rarr; <strong>1074<\/strong><br \/>(-27 for losing)\n|l|\u2606Pauvar\n","uploadtime":1698358751,"views":10,"p1id":"tinsnira","p2id":"pauvar","formatid":"gen9ubers","rating":1074,"private":0,"password":""}