{"id":"gen9ubers-1978300203","p1":"Kirimissing","p2":"CrackLordGBLN","format":"[Gen 9] Ubers","log":"|j|\u2606Kirimissing\n|j|\u2606CrackLordGBLN\n|t:|1698522537\n|gametype|singles\n|player|p1|Kirimissing|caitlin|\n|player|p2|CrackLordGBLN|ghetsis|\n|teamsize|p1|6\n|teamsize|p2|6\n|gen|9\n|tier|[Gen 9] Ubers\n|rule|Sleep Clause Mod: Limit one foe put to sleep\n|rule|Species Clause: Limit one of each Pok\u00e9mon\n|rule|OHKO Clause: OHKO moves are banned\n|rule|Evasion Items Clause: Evasion items are banned\n|rule|Evasion Moves Clause: Evasion moves are banned\n|rule|Endless Battle Clause: Forcing endless battles is banned\n|rule|HP Percentage Mod: HP is shown in percentages\n|clearpoke\n|poke|p1|Scizor, M|\n|poke|p1|Haxorus, M|\n|poke|p1|Ninetales-Alola, M|\n|poke|p1|Espathra, M|\n|poke|p1|Volcarona, M|\n|poke|p1|Alomomola, M|\n|poke|p2|Torkoal, M|\n|poke|p2|Ninetales-Alola, M|\n|poke|p2|Ursaluna-Bloodmoon, M|\n|poke|p2|Chandelure, F|\n|poke|p2|Walking Wake|\n|poke|p2|Pawmot, F|\n|teampreview\n|\n|t:|1698522558\n|start\n|switch|p1a: Volcarona|Volcarona, M|100\/100\n|switch|p2a: Buried Alive|Ninetales-Alola, M|100\/100\n|-weather|Snow|[from] ability: Snow Warning|[of] p2a: Buried Alive\n|turn|1\n|\n|t:|1698522568\n|move|p2a: Buried Alive|Aurora Veil|p2a: Buried Alive\n|-sidestart|p2: CrackLordGBLN|move: Aurora Veil\n|move|p1a: Volcarona|Quiver Dance|p1a: Volcarona\n|-boost|p1a: Volcarona|spa|1\n|-boost|p1a: Volcarona|spd|1\n|-boost|p1a: Volcarona|spe|1\n|\n|-weather|Snow|[upkeep]\n|upkeep\n|turn|2\n|\n|t:|1698522585\n|switch|p2a: Headlights|Torkoal, M|100\/100\n|-weather|SunnyDay|[from] ability: Drought|[of] p2a: Headlights\n|move|p1a: Volcarona|Quiver Dance|p1a: Volcarona\n|-boost|p1a: Volcarona|spa|1\n|-boost|p1a: Volcarona|spd|1\n|-boost|p1a: Volcarona|spe|1\n|\n|-weather|SunnyDay|[upkeep]\n|upkeep\n|turn|3\n|\n|t:|1698522594\n|move|p1a: Volcarona|Quiver Dance|p1a: Volcarona\n|-boost|p1a: Volcarona|spa|1\n|-boost|p1a: Volcarona|spd|1\n|-boost|p1a: Volcarona|spe|1\n|move|p2a: Headlights|Clear Smog|p1a: Volcarona\n|-damage|p1a: Volcarona|94\/100\n|-clearboost|p1a: Volcarona\n|\n|-weather|SunnyDay|[upkeep]\n|upkeep\n|turn|4\n|\n|t:|1698522606\n|switch|p2a: King Kunta|Walking Wake|100\/100\n|-activate|p2a: King Kunta|ability: Protosynthesis\n|-start|p2a: King Kunta|protosynthesisspe\n|move|p1a: Volcarona|Quiver Dance|p1a: Volcarona\n|-boost|p1a: Volcarona|spa|1\n|-boost|p1a: Volcarona|spd|1\n|-boost|p1a: Volcarona|spe|1\n|\n|-weather|SunnyDay|[upkeep]\n|upkeep\n|turn|5\n|\n|t:|1698522623\n|-terastallize|p1a: Volcarona|Water\n|move|p2a: King Kunta|Hydro Steam|p1a: Volcarona\n|-resisted|p1a: Volcarona\n|-damage|p1a: Volcarona|65\/100\n|move|p1a: Volcarona|Quiver Dance|p1a: Volcarona\n|-boost|p1a: Volcarona|spa|1\n|-boost|p1a: Volcarona|spd|1\n|-boost|p1a: Volcarona|spe|1\n|\n|-weather|SunnyDay|[upkeep]\n|upkeep\n|turn|6\n|\n|t:|1698522654\n|-end|p2a: King Kunta|Protosynthesis|[silent]\n|switch|p2a: Really Doe|Chandelure, F|100\/100\n|move|p1a: Volcarona|Giga Drain|p2a: Really Doe\n|-resisted|p2a: Really Doe\n|-damage|p2a: Really Doe|84\/100\n|-heal|p1a: Volcarona|73\/100|[from] drain|[of] p2a: Really Doe\n|\n|-weather|SunnyDay|[upkeep]\n|upkeep\n|turn|7\n|\n|t:|1698522670\n|-terastallize|p2a: Really Doe|Flying\n|move|p1a: Volcarona|Tera Blast|p2a: Really Doe|[anim] Tera Blast Water\n|-damage|p2a: Really Doe|60\/100\n|move|p2a: Really Doe|Trick Room|p2a: Really Doe\n|-fieldstart|move: Trick Room|[of] p2a: Really Doe\n|\n|-weather|SunnyDay|[upkeep]\n|upkeep\n|turn|8\n|\n|t:|1698522683\n|switch|p1a: Ninetales|Ninetales-Alola, M|100\/100\n|-weather|Snow|[from] ability: Snow Warning|[of] p1a: Ninetales\n|move|p2a: Really Doe|Shadow Ball|p1a: Ninetales\n|-damage|p1a: Ninetales|56\/100\n|\n|-weather|Snow|[upkeep]\n|-sideend|p2: CrackLordGBLN|move: Aurora Veil\n|upkeep\n|turn|9\n|\n|t:|1698522698\n|switch|p2a: Headlights|Torkoal, M|100\/100\n|-weather|SunnyDay|[from] ability: Drought|[of] p2a: Headlights\n|switch|p1a: Alomomola|Alomomola, M|100\/100\n|\n|-weather|SunnyDay|[upkeep]\n|upkeep\n|turn|10\n|\n|t:|1698522734\n|move|p2a: Headlights|Eruption|p1a: Alomomola\n|-resisted|p1a: Alomomola\n|-damage|p1a: Alomomola|65\/100\n|move|p1a: Alomomola|Scald|p2a: Headlights\n|-supereffective|p2a: Headlights\n|-damage|p2a: Headlights|84\/100\n|\n|-weather|SunnyDay|[upkeep]\n|-heal|p1a: Alomomola|71\/100|[from] item: Leftovers\n|upkeep\n|turn|11\n|\n|t:|1698522750\n|switch|p2a: knots|Pawmot, F|100\/100\n|move|p1a: Alomomola|Wish|p1a: Alomomola\n|\n|-weather|SunnyDay|[upkeep]\n|-heal|p1a: Alomomola|77\/100|[from] item: Leftovers\n|-fieldend|move: Trick Room\n|upkeep\n|turn|12\n|\n|t:|1698522764\n|switch|p1a: Ninetales|Ninetales-Alola, M|56\/100\n|-weather|Snow|[from] ability: Snow Warning|[of] p1a: Ninetales\n|move|p2a: knots|Double Shock|p1a: Ninetales\n|-damage|p1a: Ninetales|8\/100\n|-start|p2a: knots|typechange|???\/Fighting|[from] move: Double Shock\n|\n|-weather|Snow|[upkeep]\n|-heal|p1a: Ninetales|84\/100|[from] move: Wish|[wisher] Alomomola\n|upkeep\n|turn|13\n|\n|t:|1698522780\n|switch|p1a: Alomomola|Alomomola, M|100\/100\n|switch|p2a: Headlights|Torkoal, M|84\/100\n|-weather|SunnyDay|[from] ability: Drought|[of] p2a: Headlights\n|\n|-weather|SunnyDay|[upkeep]\n|upkeep\n|turn|14\n|\n|t:|1698522794\n|switch|p2a: King Kunta|Walking Wake|100\/100\n|-activate|p2a: King Kunta|ability: Protosynthesis\n|-start|p2a: King Kunta|protosynthesisspe\n|move|p1a: Alomomola|Wish|p1a: Alomomola\n|\n|-weather|SunnyDay|[upkeep]\n|upkeep\n|turn|15\n|\n|t:|1698522803\n|switch|p1a: Ninetales|Ninetales-Alola, M|84\/100\n|-weather|Snow|[from] ability: Snow Warning|[of] p1a: Ninetales\n|-end|p2a: King Kunta|Protosynthesis\n|move|p2a: King Kunta|Draco Meteor|p1a: Ninetales\n|-immune|p1a: Ninetales\n|\n|-weather|Snow|[upkeep]\n|-heal|p1a: Ninetales|100\/100|[from] move: Wish|[wisher] Alomomola\n|upkeep\n|turn|16\n|\n|t:|1698522817\n|-end|p2a: King Kunta|Protosynthesis|[silent]\n|switch|p2a: knots|Pawmot, F|100\/100\n|move|p1a: Ninetales|Aurora Veil|p1a: Ninetales\n|-sidestart|p1: Kirimissing|move: Aurora Veil\n|\n|-weather|Snow|[upkeep]\n|upkeep\n|turn|17\n|\n|t:|1698522837\n|switch|p1a: Haxorus|Haxorus, M, shiny|100\/100\n|-ability|p1a: Haxorus|Mold Breaker\n|switch|p2a: Really Doe|Chandelure, F, tera:Flying|60\/100\n|\n|-weather|Snow|[upkeep]\n|upkeep\n|turn|18\n|\n|t:|1698522847\n|move|p1a: Haxorus|Swords Dance|p1a: Haxorus\n|-boost|p1a: Haxorus|atk|2\n|move|p2a: Really Doe|Will-O-Wisp|p1a: Haxorus\n|-status|p1a: Haxorus|brn\n|\n|-weather|Snow|[upkeep]\n|-damage|p1a: Haxorus|94\/100 brn|[from] brn\n|upkeep\n|turn|19\n|\n|t:|1698522856\n|move|p1a: Haxorus|Swords Dance|p1a: Haxorus\n|-boost|p1a: Haxorus|atk|2\n|move|p2a: Really Doe|Trick Room|p2a: Really Doe\n|-fieldstart|move: Trick Room|[of] p2a: Really Doe\n|\n|-weather|none\n|-damage|p1a: Haxorus|88\/100 brn|[from] brn\n|upkeep\n|turn|20\n|\n|t:|1698522867\n|switch|p2a: Alive (nightmare)|Ursaluna-Bloodmoon, M|100\/100\n|move|p1a: Haxorus|Swords Dance|p1a: Haxorus\n|-boost|p1a: Haxorus|atk|2\n|\n|-damage|p1a: Haxorus|82\/100 brn|[from] brn\n|upkeep\n|turn|21\n|\n|t:|1698522881\n|move|p2a: Alive (nightmare)|Calm Mind|p2a: Alive (nightmare)\n|-boost|p2a: Alive (nightmare)|spa|1\n|-boost|p2a: Alive (nightmare)|spd|1\n|move|p1a: Haxorus|Scale Shot|p2a: Alive (nightmare)\n|-damage|p2a: Alive (nightmare)|81\/100\n|-damage|p2a: Alive (nightmare)|61\/100\n|-damage|p2a: Alive (nightmare)|43\/100\n|-crit|p2a: Alive (nightmare)\n|-damage|p2a: Alive (nightmare)|16\/100\n|-hitcount|p2a: Alive (nightmare)|4\n|-unboost|p1a: Haxorus|def|1\n|-boost|p1a: Haxorus|spe|1\n|\n|-heal|p2a: Alive (nightmare)|22\/100|[from] item: Leftovers\n|-damage|p1a: Haxorus|76\/100 brn|[from] brn\n|upkeep\n|turn|22\n|\n|t:|1698522900\n|move|p2a: Alive (nightmare)|Blood Moon|p1a: Haxorus\n|-damage|p1a: Haxorus|0 fnt\n|faint|p1a: Haxorus\n|\n|-heal|p2a: Alive (nightmare)|28\/100|[from] item: Leftovers\n|upkeep\n|\n|t:|1698522907\n|switch|p1a: Alomomola|Alomomola, M|100\/100\n|turn|23\n|\n|t:|1698522911\n|move|p1a: Alomomola|Protect|p1a: Alomomola\n|-singleturn|p1a: Alomomola|Protect\n|move|p2a: Alive (nightmare)|Moonlight|p2a: Alive (nightmare)\n|-heal|p2a: Alive (nightmare)|78\/100\n|\n|-heal|p2a: Alive (nightmare)|84\/100|[from] item: Leftovers\n|-sideend|p1: Kirimissing|move: Aurora Veil\n|-fieldend|move: Trick Room\n|upkeep\n|turn|24\n|\n|t:|1698522924\n|move|p2a: Alive (nightmare)|Blood Moon|p1a: Alomomola\n|-damage|p1a: Alomomola|15\/100\n|move|p1a: Alomomola|Flip Turn|p2a: Alive (nightmare)\n|-supereffective|p2a: Alive (nightmare)\n|-damage|p2a: Alive (nightmare)|61\/100\n|\n|t:|1698522932\n|switch|p1a: Espathra|Espathra, M|100\/100|[from] Flip Turn\n|\n|-heal|p2a: Alive (nightmare)|67\/100|[from] item: Leftovers\n|upkeep\n|turn|25\n|\n|t:|1698522941\n|move|p1a: Espathra|Calm Mind|p1a: Espathra\n|-boost|p1a: Espathra|spa|1\n|-boost|p1a: Espathra|spd|1\n|move|p2a: Alive (nightmare)|Calm Mind|p2a: Alive (nightmare)\n|-boost|p2a: Alive (nightmare)|spa|1\n|-boost|p2a: Alive (nightmare)|spd|1\n|\n|-heal|p2a: Alive (nightmare)|74\/100|[from] item: Leftovers\n|-ability|p1a: Espathra|Speed Boost|boost\n|-boost|p1a: Espathra|spe|1\n|upkeep\n|turn|26\n|\n|t:|1698522951\n|move|p1a: Espathra|Calm Mind|p1a: Espathra\n|-boost|p1a: Espathra|spa|1\n|-boost|p1a: Espathra|spd|1\n|move|p2a: Alive (nightmare)|Blood Moon|p1a: Espathra\n|-damage|p1a: Espathra|0 fnt\n|faint|p1a: Espathra\n|\n|-heal|p2a: Alive (nightmare)|80\/100|[from] item: Leftovers\n|upkeep\n|c|\u2606Kirimissing|damnn gg\n|-message|Kirimissing forfeited.\n|\n|win|CrackLordGBLN\n|c|\u2606CrackLordGBLN|gg\n","uploadtime":1698522978,"views":16,"p1id":"kirimissing","p2id":"cracklordgbln","formatid":"gen9ubers","rating":0,"private":0,"password":""}