{"id":"gen9ubers-1997675329","p1":"Laprasrules12","p2":"SwordIsBored","format":"[Gen 9] Ubers","log":"|j|\u2606Laprasrules12\n|j|\u2606SwordIsBored\n|t:|1700840490\n|gametype|singles\n|player|p1|Laprasrules12|lusamine-nihilego|\n|player|p2|SwordIsBored|irida|\n|teamsize|p1|6\n|teamsize|p2|6\n|gen|9\n|tier|[Gen 9] Ubers\n|rule|Sleep Clause Mod: Limit one foe put to sleep\n|rule|Species Clause: Limit one of each Pok\u00e9mon\n|rule|OHKO Clause: OHKO moves are banned\n|rule|Evasion Items Clause: Evasion items are banned\n|rule|Evasion Moves Clause: Evasion moves are banned\n|rule|Endless Battle Clause: Forcing endless battles is banned\n|rule|HP Percentage Mod: HP is shown in percentages\n|clearpoke\n|poke|p1|Arceus-Fighting|\n|poke|p1|Espathra, F|\n|poke|p1|Zacian-*|\n|poke|p1|Palkia-Origin|\n|poke|p1|Cyclizar, F|\n|poke|p1|Magearna-Original|\n|poke|p2|Rillaboom, F|\n|poke|p2|Iron Moth|\n|poke|p2|Garganacl, F|\n|poke|p2|Sneasler, M|\n|poke|p2|Cyclizar, F|\n|poke|p2|Palkia-Origin|\n|teampreview\n|inactive|Battle timer is ON: inactive players will automatically lose when time's up. (requested by Laprasrules12)\n|c|\u2606SwordIsBored|glhf\n|c|\u2606Laprasrules12|Same\n|\n|t:|1700840507\n|start\n|switch|p1a: Say Gex|Cyclizar, F, shiny|100\/100\n|switch|p2a: Rillaboom|Rillaboom, F|100\/100\n|-fieldstart|move: Grassy Terrain|[from] ability: Grassy Surge|[of] p2a: Rillaboom\n|turn|1\n|\n|t:|1700840510\n|move|p1a: Say Gex|Shed Tail|p1a: Say Gex\n|-start|p1a: Say Gex|Substitute|[from] move: Shed Tail\n|-damage|p1a: Say Gex|50\/100\n|\n|t:|1700840512\n|switch|p1a: Kratos|Arceus-Fighting, shiny|100\/100|[from] Shed Tail\n|move|p2a: Rillaboom|U-turn|p1a: Kratos\n|-resisted|p1a: Kratos\n|-activate|p1a: Kratos|move: Substitute|[damage]\n|\n|t:|1700840530\n|switch|p2a: Garganacl|Garganacl, F|100\/100|[from] U-turn\n|\n|upkeep\n|turn|2\n|\n|t:|1700840534\n|-terastallize|p2a: Garganacl|Fairy\n|move|p1a: Kratos|Cosmic Power|p1a: Kratos\n|-boost|p1a: Kratos|def|1\n|-boost|p1a: Kratos|spd|1\n|move|p2a: Garganacl|Iron Defense|p2a: Garganacl\n|-boost|p2a: Garganacl|def|2\n|\n|upkeep\n|turn|3\n|\n|t:|1700840541\n|-terastallize|p1a: Kratos|Poison\n|move|p1a: Kratos|Cosmic Power|p1a: Kratos\n|-boost|p1a: Kratos|def|1\n|-boost|p1a: Kratos|spd|1\n|move|p2a: Garganacl|Iron Defense|p2a: Garganacl\n|-boost|p2a: Garganacl|def|2\n|\n|upkeep\n|turn|4\n|\n|t:|1700840545\n|move|p1a: Kratos|Cosmic Power|p1a: Kratos\n|-boost|p1a: Kratos|def|1\n|-boost|p1a: Kratos|spd|1\n|move|p2a: Garganacl|Iron Defense|p2a: Garganacl\n|-boost|p2a: Garganacl|def|2\n|\n|upkeep\n|turn|5\n|\n|t:|1700840547\n|move|p1a: Kratos|Stored Power|p2a: Garganacl\n|-damage|p2a: Garganacl|75\/100\n|move|p2a: Garganacl|Body Press|p1a: Kratos\n|-resisted|p1a: Kratos\n|-end|p1a: Kratos|Substitute\n|\n|-heal|p2a: Garganacl|81\/100|[from] Grassy Terrain\n|-heal|p2a: Garganacl|87\/100|[from] item: Leftovers\n|-fieldend|move: Grassy Terrain\n|upkeep\n|turn|6\n|\n|t:|1700840552\n|move|p1a: Kratos|Cosmic Power|p1a: Kratos\n|-boost|p1a: Kratos|def|1\n|-boost|p1a: Kratos|spd|1\n|move|p2a: Garganacl|Salt Cure|p1a: Kratos\n|-damage|p1a: Kratos|98\/100\n|-start|p1a: Kratos|Salt Cure\n|\n|-heal|p2a: Garganacl|94\/100|[from] item: Leftovers\n|-damage|p1a: Kratos|85\/100|[from] Salt Cure\n|upkeep\n|turn|7\n|\n|t:|1700840556\n|move|p1a: Kratos|Stored Power|p2a: Garganacl\n|-damage|p2a: Garganacl|61\/100\n|move|p2a: Garganacl|Body Press|p1a: Kratos\n|-resisted|p1a: Kratos\n|-damage|p1a: Kratos|78\/100\n|\n|-heal|p2a: Garganacl|67\/100|[from] item: Leftovers\n|-damage|p1a: Kratos|65\/100|[from] Salt Cure\n|upkeep\n|turn|8\n|\n|t:|1700840566\n|move|p1a: Kratos|Stored Power|p2a: Garganacl\n|-damage|p2a: Garganacl|33\/100\n|move|p2a: Garganacl|Body Press|p1a: Kratos\n|-resisted|p1a: Kratos\n|-damage|p1a: Kratos|57\/100\n|\n|-heal|p2a: Garganacl|40\/100|[from] item: Leftovers\n|-damage|p1a: Kratos|45\/100|[from] Salt Cure\n|upkeep\n|turn|9\n|c|\u2606Laprasrules12|That did less than i expected damn\n|\n|t:|1700840571\n|move|p1a: Kratos|Stored Power|p2a: Garganacl\n|-damage|p2a: Garganacl|9\/100\n|move|p2a: Garganacl|Recover|p2a: Garganacl\n|-heal|p2a: Garganacl|59\/100\n|\n|-heal|p2a: Garganacl|65\/100|[from] item: Leftovers\n|-damage|p1a: Kratos|32\/100|[from] Salt Cure\n|upkeep\n|turn|10\n|\n|t:|1700840575\n|move|p1a: Kratos|Recover|p1a: Kratos\n|-heal|p1a: Kratos|82\/100\n|move|p2a: Garganacl|Body Press|p1a: Kratos\n|-resisted|p1a: Kratos\n|-damage|p1a: Kratos|74\/100\n|\n|-heal|p2a: Garganacl|71\/100|[from] item: Leftovers\n|-damage|p1a: Kratos|62\/100|[from] Salt Cure\n|upkeep\n|turn|11\n|c|\u2606SwordIsBored|same\n|\n|t:|1700840582\n|move|p1a: Kratos|Cosmic Power|p1a: Kratos\n|-boost|p1a: Kratos|def|1\n|-boost|p1a: Kratos|spd|1\n|move|p2a: Garganacl|Recover|p2a: Garganacl\n|-heal|p2a: Garganacl|100\/100\n|\n|-damage|p1a: Kratos|50\/100|[from] Salt Cure\n|upkeep\n|turn|12\n|\n|t:|1700840592\n|move|p1a: Kratos|Recover|p1a: Kratos\n|-heal|p1a: Kratos|99\/100\n|move|p2a: Garganacl|Body Press|p1a: Kratos\n|-resisted|p1a: Kratos\n|-damage|p1a: Kratos|93\/100\n|\n|-damage|p1a: Kratos|80\/100|[from] Salt Cure\n|upkeep\n|turn|13\n|\n|t:|1700840599\n|move|p1a: Kratos|Cosmic Power|p1a: Kratos\n|-boost|p1a: Kratos|def|1\n|-boost|p1a: Kratos|spd|1\n|move|p2a: Garganacl|Body Press|p1a: Kratos\n|-resisted|p1a: Kratos\n|-damage|p1a: Kratos|74\/100\n|\n|-damage|p1a: Kratos|61\/100|[from] Salt Cure\n|upkeep\n|turn|14\n|\n|t:|1700840605\n|move|p1a: Kratos|Stored Power|p2a: Garganacl\n|-damage|p2a: Garganacl|56\/100\n|move|p2a: Garganacl|Body Press|p1a: Kratos\n|-resisted|p1a: Kratos\n|-damage|p1a: Kratos|55\/100\n|\n|-heal|p2a: Garganacl|62\/100|[from] item: Leftovers\n|-damage|p1a: Kratos|43\/100|[from] Salt Cure\n|upkeep\n|turn|15\n|\n|t:|1700840612\n|move|p1a: Kratos|Stored Power|p2a: Garganacl\n|-crit|p2a: Garganacl\n|-damage|p2a: Garganacl|0 fnt\n|faint|p2a: Garganacl\n|\n|-damage|p1a: Kratos|30\/100|[from] Salt Cure\n|upkeep\n|\n|t:|1700840626\n|switch|p2a: Rillaboom|Rillaboom, F|100\/100\n|-fieldstart|move: Grassy Terrain|[from] ability: Grassy Surge|[of] p2a: Rillaboom\n|turn|16\n|\n|t:|1700840633\n|move|p1a: Kratos|Recover|p1a: Kratos\n|-heal|p1a: Kratos|80\/100\n|move|p2a: Rillaboom|U-turn|p1a: Kratos\n|-resisted|p1a: Kratos\n|-damage|p1a: Kratos|78\/100\n|\n|t:|1700840639\n|switch|p2a: Palkia|Palkia-Origin|100\/100|[from] U-turn\n|-ability|p2a: Palkia|Pressure\n|\n|-heal|p1a: Kratos|84\/100|[from] Grassy Terrain\n|-damage|p1a: Kratos|71\/100|[from] Salt Cure\n|upkeep\n|turn|17\n|\n|t:|1700840642\n|move|p2a: Palkia|Draco Meteor|p1a: Kratos|[miss]\n|-miss|p2a: Palkia|p1a: Kratos\n|move|p1a: Kratos|Body Press|p2a: Palkia\n|-damage|p2a: Palkia|0 fnt\n|faint|p2a: Palkia\n|\n|-heal|p1a: Kratos|78\/100|[from] Grassy Terrain\n|-damage|p1a: Kratos|65\/100|[from] Salt Cure\n|upkeep\n|\n|t:|1700840645\n|switch|p2a: Sneasler|Sneasler, M|100\/100\n|-enditem|p2a: Sneasler|Grassy Seed\n|-boost|p2a: Sneasler|def|1|[from] item: Grassy Seed\n|turn|18\n|\n|t:|1700840651\n|move|p2a: Sneasler|Swords Dance|p2a: Sneasler\n|-boost|p2a: Sneasler|atk|2\n|move|p1a: Kratos|Stored Power|p2a: Sneasler\n|-supereffective|p2a: Sneasler\n|-damage|p2a: Sneasler|0 fnt\n|faint|p2a: Sneasler\n|\n|-heal|p1a: Kratos|71\/100|[from] Grassy Terrain\n|-damage|p1a: Kratos|59\/100|[from] Salt Cure\n|upkeep\n|\n|t:|1700840653\n|switch|p2a: Iron Moth|Iron Moth|100\/100\n|-enditem|p2a: Iron Moth|Booster Energy\n|-activate|p2a: Iron Moth|ability: Quark Drive|[fromitem]\n|-start|p2a: Iron Moth|quarkdrivespe\n|turn|19\n|\n|t:|1700840655\n|move|p2a: Iron Moth|Fiery Dance|p1a: Kratos\n|-damage|p1a: Kratos|52\/100\n|-boost|p2a: Iron Moth|spa|1\n|move|p1a: Kratos|Stored Power|p2a: Iron Moth\n|-supereffective|p2a: Iron Moth\n|-damage|p2a: Iron Moth|0 fnt\n|faint|p2a: Iron Moth\n|-end|p2a: Iron Moth|Quark Drive|[silent]\n|\n|-heal|p1a: Kratos|58\/100|[from] Grassy Terrain\n|-damage|p1a: Kratos|46\/100|[from] Salt Cure\n|upkeep\n|\n|t:|1700840661\n|switch|p2a: Rillaboom|Rillaboom, F|100\/100\n|turn|20\n|\n|t:|1700840663\n|move|p1a: Kratos|Body Press|p2a: Rillaboom\n|-damage|p2a: Rillaboom|0 fnt\n|faint|p2a: Rillaboom\n|\n|-heal|p1a: Kratos|52\/100|[from] Grassy Terrain\n|-damage|p1a: Kratos|39\/100|[from] Salt Cure\n|-fieldend|move: Grassy Terrain\n|upkeep\n|\n|t:|1700840665\n|switch|p2a: Cyclizar|Cyclizar, F|100\/100\n|turn|21\n|\n|t:|1700840667\n|move|p2a: Cyclizar|Draco Meteor|p1a: Kratos\n|-damage|p1a: Kratos|33\/100\n|-unboost|p2a: Cyclizar|spa|2\n|move|p1a: Kratos|Body Press|p2a: Cyclizar\n|-supereffective|p2a: Cyclizar\n|-damage|p2a: Cyclizar|0 fnt\n|faint|p2a: Cyclizar\n|\n|win|Laprasrules12\n|c|\u2606Laprasrules12|GG\n|c|\u2606SwordIsBored|gg1\n","uploadtime":1700840672,"views":23,"p1id":"laprasrules12","p2id":"swordisbored","formatid":"gen9ubers","rating":0,"private":0,"password":""}