{"id":"gen9ubers-1980916191","p1":"Hash_13","p2":"PredicateCape21","format":"[Gen 9] Ubers","log":"|j|\u2606Hash_13\n|j|\u2606PredicateCape21\n|t:|1698848709\n|gametype|singles\n|player|p1|Hash_13|lucas|\n|player|p2|PredicateCape21|266|\n|teamsize|p1|6\n|teamsize|p2|6\n|gen|9\n|tier|[Gen 9] Ubers\n|rule|Sleep Clause Mod: Limit one foe put to sleep\n|rule|Species Clause: Limit one of each Pok\u00e9mon\n|rule|OHKO Clause: OHKO moves are banned\n|rule|Evasion Items Clause: Evasion items are banned\n|rule|Evasion Moves Clause: Evasion moves are banned\n|rule|Endless Battle Clause: Forcing endless battles is banned\n|rule|HP Percentage Mod: HP is shown in percentages\n|clearpoke\n|poke|p1|Toxapex, M|\n|poke|p1|Sableye, F|\n|poke|p1|Kleavor, M|\n|poke|p1|Oricorio-Sensu, F|\n|poke|p1|Iron Leaves|\n|poke|p1|Cresselia, F|\n|poke|p2|Skeledirge, F|\n|poke|p2|Dusclops, F|\n|poke|p2|Morgrem, M|\n|poke|p2|Walking Wake|\n|poke|p2|Ninetales, M|\n|poke|p2|Yanmega, M|\n|teampreview\n|c|\u2606PredicateCape21|gl hf\n|j| sgrg32\n|c|\u2606Hash_13|gl gl\n|\n|t:|1698848739\n|start\n|switch|p1a: Kleavor|Kleavor, M|100\/100\n|switch|p2a: Morgrem|Morgrem, M|100\/100\n|turn|1\n|\n|t:|1698848765\n|move|p2a: Morgrem|Fake Out|p1a: Kleavor\n|-resisted|p1a: Kleavor\n|-damage|p1a: Kleavor|97\/100\n|cant|p1a: Kleavor|flinch\n|\n|upkeep\n|turn|2\n|\n|t:|1698848800\n|move|p2a: Morgrem|Reflect|p2a: Morgrem\n|-sidestart|p2: PredicateCape21|Reflect\n|move|p1a: Kleavor|Stone Axe|p2a: Morgrem\n|-damage|p2a: Morgrem|49\/100\n|-sidestart|p2: PredicateCape21|move: Stealth Rock\n|\n|upkeep\n|turn|3\n|\n|t:|1698848811\n|switch|p2a: Dusclops|Dusclops, F|100\/100\n|-damage|p2a: Dusclops|88\/100|[from] Stealth Rock\n|-ability|p2a: Dusclops|Pressure\n|move|p1a: Kleavor|Stone Axe|p2a: Dusclops\n|-damage|p2a: Dusclops|76\/100\n|\n|upkeep\n|turn|4\n|\n|t:|1698848831\n|move|p1a: Kleavor|Night Slash|p2a: Dusclops\n|-supereffective|p2a: Dusclops\n|-damage|p2a: Dusclops|57\/100\n|move|p2a: Dusclops|Calm Mind|p2a: Dusclops\n|-boost|p2a: Dusclops|spa|1\n|-boost|p2a: Dusclops|spd|1\n|\n|upkeep\n|turn|5\n|\n|t:|1698848852\n|move|p1a: Kleavor|Night Slash|p2a: Dusclops\n|-supereffective|p2a: Dusclops\n|-damage|p2a: Dusclops|37\/100\n|move|p2a: Dusclops|Pain Split|p1a: Kleavor\n|-sethp|p1a: Kleavor|67\/100|[from] move: Pain Split|[silent]\n|-sethp|p2a: Dusclops|66\/100|[from] move: Pain Split\n|\n|upkeep\n|turn|6\n|\n|t:|1698848863\n|move|p1a: Kleavor|Night Slash|p2a: Dusclops\n|-supereffective|p2a: Dusclops\n|-damage|p2a: Dusclops|49\/100\n|move|p2a: Dusclops|Night Shade|p1a: Kleavor\n|-damage|p1a: Kleavor|31\/100\n|\n|upkeep\n|turn|7\n|\n|t:|1698848877\n|-terastallize|p2a: Dusclops|Fairy\n|move|p1a: Kleavor|Night Slash|p2a: Dusclops\n|-resisted|p2a: Dusclops\n|-damage|p2a: Dusclops|45\/100\n|move|p2a: Dusclops|Night Shade|p1a: Kleavor\n|-damage|p1a: Kleavor|0 fnt\n|faint|p1a: Kleavor\n|\n|upkeep\n|\n|t:|1698848902\n|switch|p1a: Toxapex|Toxapex, M, shiny|100\/100\n|turn|8\n|\n|t:|1698848907\n|move|p1a: Toxapex|Toxic|p2a: Dusclops\n|-status|p2a: Dusclops|tox\n|move|p2a: Dusclops|Taunt|p1a: Toxapex\n|-start|p1a: Toxapex|move: Taunt\n|\n|-damage|p2a: Dusclops|39\/100 tox|[from] psn\n|upkeep\n|turn|9\n|\n|t:|1698848918\n|move|p1a: Toxapex|Surf|p2a: Dusclops\n|-damage|p2a: Dusclops|31\/100 tox\n|move|p2a: Dusclops|Pain Split|p1a: Toxapex\n|-sethp|p1a: Toxapex|65\/100|[from] move: Pain Split|[silent]\n|-sethp|p2a: Dusclops|69\/100 tox|[from] move: Pain Split\n|\n|-heal|p1a: Toxapex|71\/100|[from] item: Leftovers\n|-damage|p2a: Dusclops|57\/100 tox|[from] psn\n|-sideend|p2: PredicateCape21|Reflect\n|upkeep\n|turn|10\n|\n|t:|1698848938\n|switch|p1a: Oricorio|Oricorio-Sensu, F, shiny|100\/100\n|move|p2a: Dusclops|Night Shade|p1a: Oricorio\n|-damage|p1a: Oricorio|66\/100\n|\n|-damage|p2a: Dusclops|39\/100 tox|[from] psn\n|upkeep\n|turn|11\n|\n|t:|1698848949\n|move|p1a: Oricorio|Quiver Dance|p1a: Oricorio\n|-boost|p1a: Oricorio|spa|1\n|-boost|p1a: Oricorio|spd|1\n|-boost|p1a: Oricorio|spe|1\n|move|p2a: Dusclops|Pain Split|p1a: Oricorio\n|-sethp|p1a: Oricorio|52\/100|[from] move: Pain Split|[silent]\n|-sethp|p2a: Dusclops|54\/100 tox|[from] move: Pain Split\n|\n|-damage|p2a: Dusclops|30\/100 tox|[from] psn\n|upkeep\n|turn|12\n|\n|t:|1698848965\n|switch|p2a: Skeledirge|Skeledirge, F|100\/100\n|-damage|p2a: Skeledirge|76\/100|[from] Stealth Rock\n|move|p1a: Oricorio|Roost|p1a: Oricorio\n|-heal|p1a: Oricorio|100\/100\n|-singleturn|p1a: Oricorio|move: Roost\n|\n|upkeep\n|turn|13\n|\n|t:|1698849028\n|switch|p1a: Toxapex|Toxapex, M, shiny|100\/100\n|move|p2a: Skeledirge|Torch Song|p1a: Toxapex\n|-resisted|p1a: Toxapex\n|-damage|p1a: Toxapex|84\/100\n|-boost|p2a: Skeledirge|spa|1\n|\n|-heal|p1a: Toxapex|90\/100|[from] item: Leftovers\n|upkeep\n|turn|14\n|\n|t:|1698849036\n|move|p2a: Skeledirge|Torch Song|p1a: Toxapex\n|-resisted|p1a: Toxapex\n|-damage|p1a: Toxapex|64\/100\n|-boost|p2a: Skeledirge|spa|1\n|move|p1a: Toxapex|Toxic|p2a: Skeledirge\n|-status|p2a: Skeledirge|tox\n|\n|-heal|p1a: Toxapex|71\/100|[from] item: Leftovers\n|-damage|p2a: Skeledirge|70\/100 tox|[from] psn\n|upkeep\n|turn|15\n|\n|t:|1698849044\n|move|p1a: Toxapex|Baneful Bunker|p1a: Toxapex\n|-singleturn|p1a: Toxapex|move: Protect\n|move|p2a: Skeledirge|Earth Power|p1a: Toxapex\n|-activate|p1a: Toxapex|move: Protect\n|\n|-heal|p1a: Toxapex|77\/100|[from] item: Leftovers\n|-damage|p2a: Skeledirge|57\/100 tox|[from] psn\n|upkeep\n|turn|16\n|\n|t:|1698849053\n|move|p2a: Skeledirge|Torch Song|p1a: Toxapex\n|-resisted|p1a: Toxapex\n|-damage|p1a: Toxapex|44\/100\n|-boost|p2a: Skeledirge|spa|1\n|move|p1a: Toxapex|Recover|p1a: Toxapex\n|-heal|p1a: Toxapex|94\/100\n|\n|-heal|p1a: Toxapex|100\/100|[from] item: Leftovers\n|-damage|p2a: Skeledirge|39\/100 tox|[from] psn\n|upkeep\n|turn|17\n|\n|t:|1698849061\n|move|p1a: Toxapex|Baneful Bunker|p1a: Toxapex\n|-singleturn|p1a: Toxapex|move: Protect\n|move|p2a: Skeledirge|Torch Song|p1a: Toxapex\n|-activate|p1a: Toxapex|move: Protect\n|\n|-damage|p2a: Skeledirge|15\/100 tox|[from] psn\n|upkeep\n|turn|18\n|\n|t:|1698849070\n|move|p2a: Skeledirge|Earth Power|p1a: Toxapex\n|-supereffective|p1a: Toxapex\n|-damage|p1a: Toxapex|0 fnt\n|faint|p1a: Toxapex\n|\n|-damage|p2a: Skeledirge|0 fnt|[from] psn\n|faint|p2a: Skeledirge\n|upkeep\n|\n|t:|1698849078\n|switch|p2a: Ninetales|Ninetales, M|100\/100\n|switch|p1a: Oricorio|Oricorio-Sensu, F, shiny|100\/100\n|-damage|p2a: Ninetales|76\/100|[from] Stealth Rock\n|-weather|SunnyDay|[from] ability: Drought|[of] p2a: Ninetales\n|turn|19\n|\n|t:|1698849097\n|move|p2a: Ninetales|Shadow Ball|p1a: Oricorio\n|-supereffective|p1a: Oricorio\n|-damage|p1a: Oricorio|31\/100\n|move|p1a: Oricorio|Quiver Dance|p1a: Oricorio\n|-boost|p1a: Oricorio|spa|1\n|-boost|p1a: Oricorio|spd|1\n|-boost|p1a: Oricorio|spe|1\n|\n|-weather|SunnyDay|[upkeep]\n|upkeep\n|turn|20\n|\n|t:|1698849129\n|move|p1a: Oricorio|Revelation Dance|p2a: Ninetales\n|-damage|p2a: Ninetales|5\/100\n|move|p2a: Ninetales|Shadow Ball|p1a: Oricorio\n|-supereffective|p1a: Oricorio\n|-damage|p1a: Oricorio|0 fnt\n|faint|p1a: Oricorio\n|\n|-weather|SunnyDay|[upkeep]\n|upkeep\n|\n|t:|1698849153\n|switch|p1a: Iron Leaves|Iron Leaves|100\/100\n|-enditem|p1a: Iron Leaves|Booster Energy\n|-activate|p1a: Iron Leaves|ability: Quark Drive|[fromitem]\n|-start|p1a: Iron Leaves|quarkdrivespe\n|turn|21\n|\n|t:|1698849162\n|move|p1a: Iron Leaves|Night Slash|p2a: Ninetales\n|-damage|p2a: Ninetales|0 fnt\n|faint|p2a: Ninetales\n|\n|-weather|SunnyDay|[upkeep]\n|upkeep\n|\n|t:|1698849167\n|switch|p2a: Walking Wake|Walking Wake|100\/100\n|-damage|p2a: Walking Wake|88\/100|[from] Stealth Rock\n|-activate|p2a: Walking Wake|ability: Protosynthesis\n|-start|p2a: Walking Wake|protosynthesisspe\n|turn|22\n|\n|t:|1698849434\n|-end|p1a: Iron Leaves|Quark Drive|[silent]\n|switch|p1a: Cresselia|Cresselia, F|100\/100\n|move|p2a: Walking Wake|Draco Meteor|p1a: Cresselia\n|-damage|p1a: Cresselia|45\/100\n|-unboost|p2a: Walking Wake|spa|2\n|\n|-weather|SunnyDay|[upkeep]\n|-heal|p1a: Cresselia|51\/100|[from] item: Leftovers\n|upkeep\n|turn|23\n|\n|t:|1698849445\n|-end|p2a: Walking Wake|Protosynthesis|[silent]\n|switch|p2a: Morgrem|Morgrem, M|49\/100\n|-damage|p2a: Morgrem|37\/100|[from] Stealth Rock\n|move|p1a: Cresselia|Moonlight|p1a: Cresselia\n|-heal|p1a: Cresselia|100\/100\n|\n|-weather|SunnyDay|[upkeep]\n|upkeep\n|turn|24\n|\n|t:|1698849466\n|move|p2a: Morgrem|Fake Out|p1a: Cresselia\n|-damage|p1a: Cresselia|96\/100\n|cant|p1a: Cresselia|flinch\n|\n|-weather|SunnyDay|[upkeep]\n|-heal|p1a: Cresselia|100\/100|[from] item: Leftovers\n|upkeep\n|turn|25\n|\n|t:|1698849469\n|move|p2a: Morgrem|Taunt|p1a: Cresselia\n|-start|p1a: Cresselia|move: Taunt\n|move|p1a: Cresselia|Moonblast|p2a: Morgrem\n|-supereffective|p2a: Morgrem\n|-damage|p2a: Morgrem|0 fnt\n|faint|p2a: Morgrem\n|\n|-weather|SunnyDay|[upkeep]\n|upkeep\n|\n|t:|1698849487\n|switch|p2a: Yanmega|Yanmega, M|100\/100\n|-damage|p2a: Yanmega|51\/100|[from] Stealth Rock\n|turn|26\n|\n|t:|1698849496\n|move|p2a: Yanmega|Bug Buzz|p1a: Cresselia\n|-supereffective|p1a: Cresselia\n|-damage|p1a: Cresselia|53\/100\n|move|p1a: Cresselia|Psyshock|p2a: Yanmega\n|-damage|p2a: Yanmega|20\/100\n|\n|-weather|none\n|-heal|p1a: Cresselia|59\/100|[from] item: Leftovers\n|-ability|p2a: Yanmega|Speed Boost|boost\n|-boost|p2a: Yanmega|spe|1\n|upkeep\n|turn|27\n|\n|t:|1698849547\n|move|p2a: Yanmega|Tailwind|p2a: Yanmega\n|-sidestart|p2: PredicateCape21|move: Tailwind\n|move|p1a: Cresselia|Psyshock|p2a: Yanmega\n|-damage|p2a: Yanmega|0 fnt\n|faint|p2a: Yanmega\n|\n|-heal|p1a: Cresselia|65\/100|[from] item: Leftovers\n|-end|p1a: Cresselia|move: Taunt\n|upkeep\n|\n|t:|1698849555\n|switch|p2a: Dusclops|Dusclops, F, tera:Fairy|30\/100 tox\n|-damage|p2a: Dusclops|17\/100 tox|[from] Stealth Rock\n|-ability|p2a: Dusclops|Pressure\n|turn|28\n|\n|t:|1698849568\n|switch|p1a: Sableye|Sableye, F, shiny|100\/100\n|move|p2a: Dusclops|Pain Split|p1a: Sableye\n|-sethp|p1a: Sableye|58\/100|[from] move: Pain Split|[silent]\n|-sethp|p2a: Dusclops|62\/100 tox|[from] move: Pain Split\n|\n|-heal|p1a: Sableye|65\/100|[from] item: Leftovers\n|-damage|p2a: Dusclops|56\/100 tox|[from] psn\n|upkeep\n|turn|29\n|\n|t:|1698849591\n|move|p1a: Sableye|Taunt|p2a: Dusclops\n|-start|p2a: Dusclops|move: Taunt\n|cant|p2a: Dusclops|move: Taunt|Taunt\n|\n|-heal|p1a: Sableye|71\/100|[from] item: Leftovers\n|-damage|p2a: Dusclops|45\/100 tox|[from] psn\n|upkeep\n|turn|30\n|c|\u2606PredicateCape21|kek\n|\n|t:|1698849607\n|move|p1a: Sableye|Recover|p1a: Sableye\n|-heal|p1a: Sableye|100\/100\n|move|p2a: Dusclops|Night Shade|p1a: Sableye\n|-damage|p1a: Sableye|68\/100\n|\n|-heal|p1a: Sableye|74\/100|[from] item: Leftovers\n|-damage|p2a: Dusclops|27\/100 tox|[from] psn\n|-sideend|p2: PredicateCape21|move: Tailwind\n|upkeep\n|turn|31\n|c|\u2606PredicateCape21|and I think thats p much gg\n|\n|t:|1698849621\n|switch|p2a: Walking Wake|Walking Wake|88\/100\n|-damage|p2a: Walking Wake|76\/100|[from] Stealth Rock\n|move|p1a: Sableye|Knock Off|p2a: Walking Wake\n|-damage|p2a: Walking Wake|45\/100\n|-enditem|p2a: Walking Wake|Choice Specs|[from] move: Knock Off|[of] p1a: Sableye\n|\n|-heal|p1a: Sableye|80\/100|[from] item: Leftovers\n|upkeep\n|turn|32\n|\n|t:|1698849636\n|move|p1a: Sableye|Thunder Wave|p2a: Walking Wake\n|-status|p2a: Walking Wake|par\n|move|p2a: Walking Wake|Dragon Pulse|p1a: Sableye\n|-damage|p1a: Sableye|13\/100\n|\n|-heal|p1a: Sableye|19\/100|[from] item: Leftovers\n|upkeep\n|turn|33\n|\n|t:|1698849644\n|move|p1a: Sableye|Recover|p1a: Sableye\n|-heal|p1a: Sableye|69\/100\n|move|p2a: Walking Wake|Dragon Pulse|p1a: Sableye\n|-damage|p1a: Sableye|4\/100\n|\n|-heal|p1a: Sableye|10\/100|[from] item: Leftovers\n|upkeep\n|turn|34\n|\n|t:|1698849651\n|move|p1a: Sableye|Recover|p1a: Sableye\n|-heal|p1a: Sableye|60\/100\n|move|p2a: Walking Wake|Dragon Pulse|p1a: Sableye\n|-damage|p1a: Sableye|0 fnt\n|faint|p1a: Sableye\n|\n|upkeep\n|\n|t:|1698849668\n|switch|p1a: Cresselia|Cresselia, F|65\/100\n|turn|35\n|\n|t:|1698849697\n|move|p1a: Cresselia|Moonblast|p2a: Walking Wake\n|-supereffective|p2a: Walking Wake\n|-damage|p2a: Walking Wake|0 fnt\n|faint|p2a: Walking Wake\n|-end|p2a: Walking Wake|Protosynthesis|[silent]\n|\n|-heal|p1a: Cresselia|71\/100|[from] item: Leftovers\n|upkeep\n|\n|t:|1698849699\n|switch|p2a: Dusclops|Dusclops, F, tera:Fairy|27\/100 tox\n|-damage|p2a: Dusclops|14\/100 tox|[from] Stealth Rock\n|-ability|p2a: Dusclops|Pressure\n|turn|36\n|\n|t:|1698849711\n|move|p1a: Cresselia|Psyshock|p2a: Dusclops\n|-damage|p2a: Dusclops|3\/100 tox\n|move|p2a: Dusclops|Pain Split|p1a: Cresselia\n|-sethp|p1a: Cresselia|36\/100|[from] move: Pain Split|[silent]\n|-sethp|p2a: Dusclops|56\/100 tox|[from] move: Pain Split\n|\n|-heal|p1a: Cresselia|42\/100|[from] item: Leftovers\n|-damage|p2a: Dusclops|50\/100 tox|[from] psn\n|upkeep\n|turn|37\n|\n|t:|1698849719\n|move|p1a: Cresselia|Moonlight|p1a: Cresselia\n|-heal|p1a: Cresselia|92\/100\n|move|p2a: Dusclops|Night Shade|p1a: Cresselia\n|-damage|p1a: Cresselia|70\/100\n|\n|-heal|p1a: Cresselia|76\/100|[from] item: Leftovers\n|-damage|p2a: Dusclops|39\/100 tox|[from] psn\n|upkeep\n|turn|38\n|\n|t:|1698849722\n|move|p1a: Cresselia|Calm Mind|p1a: Cresselia\n|-boost|p1a: Cresselia|spa|1\n|-boost|p1a: Cresselia|spd|1\n|move|p2a: Dusclops|Pain Split|p1a: Cresselia\n|-sethp|p1a: Cresselia|50\/100|[from] move: Pain Split|[silent]\n|-sethp|p2a: Dusclops|78\/100 tox|[from] move: Pain Split\n|\n|-heal|p1a: Cresselia|56\/100|[from] item: Leftovers\n|-damage|p2a: Dusclops|60\/100 tox|[from] psn\n|upkeep\n|turn|39\n|c|\u2606PredicateCape21|ggwp\n|\n|t:|1698849733\n|move|p1a: Cresselia|Moonlight|p1a: Cresselia\n|-heal|p1a: Cresselia|100\/100\n|move|p2a: Dusclops|Taunt|p1a: Cresselia\n|-start|p1a: Cresselia|move: Taunt\n|\n|-damage|p2a: Dusclops|36\/100 tox|[from] psn\n|upkeep\n|turn|40\n|\n|t:|1698849737\n|move|p1a: Cresselia|Psyshock|p2a: Dusclops\n|-damage|p2a: Dusclops|17\/100 tox\n|move|p2a: Dusclops|Pain Split|p1a: Cresselia\n|-sethp|p1a: Cresselia|56\/100|[from] move: Pain Split|[silent]\n|-sethp|p2a: Dusclops|87\/100 tox|[from] move: Pain Split\n|\n|-heal|p1a: Cresselia|62\/100|[from] item: Leftovers\n|-damage|p2a: Dusclops|57\/100 tox|[from] psn\n|upkeep\n|turn|41\n|\n|t:|1698849747\n|move|p1a: Cresselia|Psyshock|p2a: Dusclops\n|-damage|p2a: Dusclops|38\/100 tox\n|move|p2a: Dusclops|Pain Split|p1a: Cresselia\n|-sethp|p1a: Cresselia|43\/100|[from] move: Pain Split|[silent]\n|-sethp|p2a: Dusclops|67\/100 tox|[from] move: Pain Split\n|\n|-heal|p1a: Cresselia|49\/100|[from] item: Leftovers\n|-damage|p2a: Dusclops|31\/100 tox|[from] psn\n|upkeep\n|turn|42\n|\n|t:|1698849756\n|move|p1a: Cresselia|Psyshock|p2a: Dusclops\n|-damage|p2a: Dusclops|12\/100 tox\n|move|p2a: Dusclops|Pain Split|p1a: Cresselia\n|-sethp|p1a: Cresselia|29\/100|[from] move: Pain Split|[silent]\n|-sethp|p2a: Dusclops|45\/100 tox|[from] move: Pain Split\n|\n|-heal|p1a: Cresselia|35\/100|[from] item: Leftovers\n|-damage|p2a: Dusclops|3\/100 tox|[from] psn\n|-end|p1a: Cresselia|move: Taunt\n|upkeep\n|turn|43\n|\n|t:|1698849766\n|move|p1a: Cresselia|Moonlight|p1a: Cresselia\n|-heal|p1a: Cresselia|85\/100\n|move|p2a: Dusclops|Pain Split|p1a: Cresselia\n|-sethp|p1a: Cresselia|43\/100|[from] move: Pain Split|[silent]\n|-sethp|p2a: Dusclops|67\/100 tox|[from] move: Pain Split\n|\n|-heal|p1a: Cresselia|49\/100|[from] item: Leftovers\n|-damage|p2a: Dusclops|20\/100 tox|[from] psn\n|upkeep\n|turn|44\n|\n|t:|1698849776\n|move|p1a: Cresselia|Moonlight|p1a: Cresselia\n|-heal|p1a: Cresselia|99\/100\n|move|p2a: Dusclops|Pain Split|p1a: Cresselia\n|-sethp|p1a: Cresselia|56\/100|[from] move: Pain Split|[silent]\n|-sethp|p2a: Dusclops|87\/100 tox|[from] move: Pain Split\n|\n|-heal|p1a: Cresselia|62\/100|[from] item: Leftovers\n|-damage|p2a: Dusclops|33\/100 tox|[from] psn\n|upkeep\n|turn|45\n|c|\u2606PredicateCape21|lol\n|\n|t:|1698849784\n|move|p1a: Cresselia|Moonlight|p1a: Cresselia\n|-heal|p1a: Cresselia|100\/100\n|move|p2a: Dusclops|Pain Split|p1a: Cresselia\n|-sethp|p1a: Cresselia|61\/100|[from] move: Pain Split|[silent]\n|-sethp|p2a: Dusclops|95\/100 tox|[from] move: Pain Split\n|\n|-heal|p1a: Cresselia|67\/100|[from] item: Leftovers\n|-damage|p2a: Dusclops|35\/100 tox|[from] psn\n|upkeep\n|turn|46\n|\n|t:|1698849794\n|move|p1a: Cresselia|Moonlight|p1a: Cresselia\n|-heal|p1a: Cresselia|100\/100\n|move|p2a: Dusclops|Pain Split|p1a: Cresselia\n|-sethp|p1a: Cresselia|62\/100|[from] move: Pain Split|[silent]\n|-sethp|p2a: Dusclops|96\/100 tox|[from] move: Pain Split\n|\n|-heal|p1a: Cresselia|68\/100|[from] item: Leftovers\n|-damage|p2a: Dusclops|30\/100 tox|[from] psn\n|upkeep\n|turn|47\n|c|\u2606Hash_13|LMAO\n|\n|t:|1698849804\n|move|p1a: Cresselia|Moonlight|p1a: Cresselia\n|-heal|p1a: Cresselia|100\/100\n|move|p2a: Dusclops|Pain Split|p1a: Cresselia\n|-sethp|p1a: Cresselia|60\/100|[from] move: Pain Split|[silent]\n|-sethp|p2a: Dusclops|93\/100 tox|[from] move: Pain Split\n|\n|-heal|p1a: Cresselia|66\/100|[from] item: Leftovers\n|-damage|p2a: Dusclops|22\/100 tox|[from] psn\n|upkeep\n|turn|48\n|c|\u2606PredicateCape21|wait toxic has a max?\n|\n|t:|1698849825\n|move|p1a: Cresselia|Psyshock|p2a: Dusclops\n|-damage|p2a: Dusclops|3\/100 tox\n|move|p2a: Dusclops|Pain Split|p1a: Cresselia\n|-sethp|p1a: Cresselia|34\/100|[from] move: Pain Split|[silent]\n|-sethp|p2a: Dusclops|53\/100 tox|[from] move: Pain Split\n|\n|-heal|p1a: Cresselia|40\/100|[from] item: Leftovers\n|-damage|p2a: Dusclops|0 fnt|[from] psn\n|faint|p2a: Dusclops\n|\n|win|Hash_13\n|upkeep\n|c|\u2606Hash_13|gg\n|c|\u2606PredicateCape21|gg\n|c|\u2606PredicateCape21|lol\n","uploadtime":1698849837,"views":36,"p1id":"hash13","p2id":"predicatecape21","formatid":"gen9ubers","rating":0,"private":0,"password":""}