{"id":"gen9ubers-1989861182","p1":"best dk","p2":"butter dk","format":"[Gen 9] Ubers","log":"|j|\u2606best dk\n|j|\u2606butter dk\n|t:|1699901847\n|gametype|singles\n|player|p1|best dk|266|\n|player|p2|butter dk|proton|\n|teamsize|p1|6\n|teamsize|p2|6\n|gen|9\n|tier|[Gen 9] Ubers\n|rule|Sleep Clause Mod: Limit one foe put to sleep\n|rule|Species Clause: Limit one of each Pok\u00e9mon\n|rule|OHKO Clause: OHKO moves are banned\n|rule|Evasion Items Clause: Evasion items are banned\n|rule|Evasion Moves Clause: Evasion moves are banned\n|rule|Endless Battle Clause: Forcing endless battles is banned\n|rule|HP Percentage Mod: HP is shown in percentages\n|clearpoke\n|poke|p1|Volcarona, F|\n|poke|p1|Rotom-Wash|\n|poke|p1|Clefable, M|\n|poke|p1|Hoopa-Unbound|\n|poke|p1|Mamoswine, M|\n|poke|p1|Forretress, F|\n|poke|p2|Urshifu-*, F|\n|poke|p2|Enamorus, F|\n|poke|p2|Dusclops, F|\n|poke|p2|Mew|\n|poke|p2|Ting-Lu|\n|poke|p2|Cloyster, M|\n|teampreview\n|\n|t:|1699901861\n|start\n|switch|p1a: Mamoswine|Mamoswine, M|100\/100\n|switch|p2a: Mew|Mew|100\/100\n|turn|1\n|\n|t:|1699901868\n|move|p2a: Mew|Taunt|p1a: Mamoswine\n|-immune|p1a: Mamoswine|[from] ability: Oblivious\n|move|p1a: Mamoswine|Stealth Rock|p2a: Mew\n|-sidestart|p2: butter dk|move: Stealth Rock\n|\n|upkeep\n|turn|2\n|c|\u2606best dk|hey that was the thing LOL\n|c|\u2606butter dk|oh was it oblivious blocks taunt lmao\n|\n|t:|1699901904\n|switch|p1a: Hoopa|Hoopa-Unbound|100\/100\n|move|p2a: Mew|Stealth Rock|p1a: Hoopa\n|-sidestart|p1: best dk|move: Stealth Rock\n|\n|upkeep\n|turn|3\n|\n|t:|1699901914\n|move|p2a: Mew|Knock Off|p1a: Hoopa\n|-damage|p1a: Hoopa|66\/100\n|-enditem|p1a: Hoopa|Assault Vest|[from] move: Knock Off|[of] p2a: Mew\n|move|p1a: Hoopa|Knock Off|p2a: Mew\n|-supereffective|p2a: Mew\n|-damage|p2a: Mew|22\/100\n|-enditem|p2a: Mew|Leftovers|[from] move: Knock Off|[of] p1a: Hoopa\n|\n|upkeep\n|turn|4\n|\n|t:|1699901929\n|move|p2a: Mew|Spikes|p1a: Hoopa\n|-sidestart|p1: best dk|Spikes\n|move|p1a: Hoopa|Knock Off|p2a: Mew\n|-supereffective|p2a: Mew\n|-damage|p2a: Mew|0 fnt\n|faint|p2a: Mew\n|\n|upkeep\n|\n|t:|1699901945\n|switch|p2a: Urshifu|Urshifu-Rapid-Strike, F|100\/100\n|-damage|p2a: Urshifu|94\/100|[from] Stealth Rock\n|turn|5\n|\n|t:|1699901979\n|move|p2a: Urshifu|Close Combat|p1a: Hoopa\n|-damage|p1a: Hoopa|0 fnt\n|-unboost|p2a: Urshifu|def|1\n|-unboost|p2a: Urshifu|spd|1\n|faint|p1a: Hoopa\n|\n|upkeep\n|\n|t:|1699902002\n|switch|p1a: Forretress|Forretress, F|100\/100\n|-damage|p1a: Forretress|88\/100|[from] Stealth Rock\n|-damage|p1a: Forretress|76\/100|[from] Spikes\n|turn|6\n|\n|t:|1699902015\n|switch|p2a: Dusclops|Dusclops, F|100\/100\n|-damage|p2a: Dusclops|88\/100|[from] Stealth Rock\n|-item|p1a: Forretress|Rocky Helmet|[from] ability: Frisk|[of] p2a: Dusclops|[identify]\n|move|p1a: Forretress|Spikes|p2a: Dusclops\n|-sidestart|p2: butter dk|Spikes\n|\n|upkeep\n|turn|7\n|\n|t:|1699902039\n|move|p1a: Forretress|Spikes|p2a: Dusclops\n|-sidestart|p2: butter dk|Spikes\n|move|p2a: Dusclops|Night Shade|p1a: Forretress\n|-damage|p1a: Forretress|47\/100\n|\n|upkeep\n|turn|8\n|\n|t:|1699902048\n|move|p1a: Forretress|Spikes|p2a: Dusclops\n|-sidestart|p2: butter dk|Spikes\n|move|p2a: Dusclops|Night Shade|p1a: Forretress\n|-damage|p1a: Forretress|19\/100\n|\n|upkeep\n|turn|9\n|\n|t:|1699902065\n|move|p1a: Forretress|Volt Switch|p2a: Dusclops\n|-damage|p2a: Dusclops|83\/100\n|\n|t:|1699902080\n|switch|p1a: Rotom|Rotom-Wash|100\/100|[from] Volt Switch\n|-damage|p1a: Rotom|88\/100|[from] Stealth Rock\n|move|p2a: Dusclops|Night Shade|p1a: Rotom\n|-damage|p1a: Rotom|52\/100\n|\n|upkeep\n|turn|10\n|\n|t:|1699902100\n|move|p1a: Rotom|Hydro Pump|p2a: Dusclops\n|-damage|p2a: Dusclops|55\/100\n|move|p2a: Dusclops|Night Shade|p1a: Rotom\n|-damage|p1a: Rotom|17\/100\n|\n|upkeep\n|turn|11\n|\n|t:|1699902122\n|switch|p1a: Forretress|Forretress, F|19\/100\n|-damage|p1a: Forretress|7\/100|[from] Stealth Rock\n|-damage|p1a: Forretress|0 fnt|[from] Spikes\n|faint|p1a: Forretress\n|move|p2a: Dusclops|Night Shade|p1: Forretress|[notarget]\n|-fail|p2a: Dusclops\n|\n|upkeep\n|\n|t:|1699902133\n|switch|p1a: Clefable|Clefable, M|100\/100\n|-damage|p1a: Clefable|88\/100|[from] Stealth Rock\n|-damage|p1a: Clefable|76\/100|[from] Spikes\n|turn|12\n|\n|t:|1699902142\n|move|p1a: Clefable|Calm Mind|p1a: Clefable\n|-boost|p1a: Clefable|spa|1\n|-boost|p1a: Clefable|spd|1\n|move|p2a: Dusclops|Pain Split|p1a: Clefable\n|-sethp|p1a: Clefable|58\/100|[from] move: Pain Split|[silent]\n|-sethp|p2a: Dusclops|80\/100|[from] move: Pain Split\n|\n|-heal|p1a: Clefable|64\/100|[from] item: Leftovers\n|upkeep\n|turn|13\n|\n|t:|1699902149\n|move|p1a: Clefable|Wish|p1a: Clefable\n|move|p2a: Dusclops|Curse|p1a: Clefable\n|-start|p1a: Clefable|Curse|[of] p2a: Dusclops\n|-damage|p2a: Dusclops|30\/100\n|\n|-heal|p1a: Clefable|70\/100|[from] item: Leftovers\n|-damage|p1a: Clefable|45\/100|[from] Curse\n|upkeep\n|turn|14\n|\n|t:|1699902160\n|move|p1a: Clefable|Moonblast|p2a: Dusclops\n|-damage|p2a: Dusclops|2\/100\n|-unboost|p2a: Dusclops|spa|1\n|move|p2a: Dusclops|Mean Look|p1a: Clefable\n|-activate|p1a: Clefable|trapped\n|\n|-heal|p1a: Clefable|95\/100|[from] move: Wish|[wisher] Clefable\n|-heal|p1a: Clefable|100\/100|[from] item: Leftovers\n|-damage|p1a: Clefable|76\/100|[from] Curse\n|upkeep\n|turn|15\n|\n|t:|1699902181\n|move|p1a: Clefable|Moonblast|p2a: Dusclops\n|-damage|p2a: Dusclops|0 fnt\n|faint|p2a: Dusclops\n|\n|-heal|p1a: Clefable|82\/100|[from] item: Leftovers\n|-damage|p1a: Clefable|57\/100|[from] Curse\n|upkeep\n|\n|t:|1699902218\n|switch|p2a: Cloyster|Cloyster, M|100\/100\n|-damage|p2a: Cloyster|76\/100|[from] Stealth Rock\n|-damage|p2a: Cloyster|51\/100|[from] Spikes\n|turn|16\n|\n|t:|1699902232\n|move|p2a: Cloyster|Icicle Spear|p1a: Clefable\n|-damage|p1a: Clefable|48\/100\n|-damage|p1a: Clefable|39\/100\n|-damage|p1a: Clefable|30\/100\n|-damage|p1a: Clefable|22\/100\n|-damage|p1a: Clefable|13\/100\n|-hitcount|p1a: Clefable|5\n|move|p1a: Clefable|Moonblast|p2a: Cloyster\n|-damage|p2a: Cloyster|0 fnt\n|faint|p2a: Cloyster\n|\n|-heal|p1a: Clefable|20\/100|[from] item: Leftovers\n|-damage|p1a: Clefable|0 fnt|[from] Curse\n|faint|p1a: Clefable\n|upkeep\n|\n|t:|1699902263\n|switch|p2a: Urshifu|Urshifu-Rapid-Strike, F|94\/100\n|switch|p1a: Volcarona|Volcarona, F, shiny|100\/100\n|-damage|p2a: Urshifu|88\/100|[from] Stealth Rock\n|-damage|p2a: Urshifu|63\/100|[from] Spikes\n|turn|17\n|\n|t:|1699902335\n|-terastallize|p2a: Urshifu|Electric\n|-terastallize|p1a: Volcarona|Water\n|move|p2a: Urshifu|Swords Dance|p2a: Urshifu\n|-boost|p2a: Urshifu|atk|2\n|move|p1a: Volcarona|Quiver Dance|p1a: Volcarona\n|-boost|p1a: Volcarona|spa|1\n|-boost|p1a: Volcarona|spd|1\n|-boost|p1a: Volcarona|spe|1\n|\n|upkeep\n|turn|18\n|\n|t:|1699902345\n|move|p1a: Volcarona|Tera Blast|p2a: Urshifu|[anim] Tera Blast Water\n|-damage|p2a: Urshifu|0 fnt\n|faint|p2a: Urshifu\n|\n|upkeep\n|\n|t:|1699902358\n|switch|p2a: Ting-Lu|Ting-Lu|100\/100\n|-damage|p2a: Ting-Lu|94\/100|[from] Stealth Rock\n|-damage|p2a: Ting-Lu|69\/100|[from] Spikes\n|-ability|p2a: Ting-Lu|Vessel of Ruin\n|turn|19\n|\n|t:|1699902374\n|move|p1a: Volcarona|Bug Buzz|p2a: Ting-Lu\n|-supereffective|p2a: Ting-Lu\n|-damage|p2a: Ting-Lu|33\/100\n|move|p2a: Ting-Lu|Earthquake|p1a: Volcarona\n|-damage|p1a: Volcarona|53\/100\n|\n|upkeep\n|turn|20\n|\n|t:|1699902381\n|move|p1a: Volcarona|Bug Buzz|p2a: Ting-Lu\n|-supereffective|p2a: Ting-Lu\n|-damage|p2a: Ting-Lu|0 fnt\n|faint|p2a: Ting-Lu\n|\n|upkeep\n|\n|t:|1699902386\n|switch|p2a: Enamorus|Enamorus, F|100\/100\n|-damage|p2a: Enamorus|76\/100|[from] Stealth Rock\n|turn|21\n|\n|t:|1699902398\n|move|p1a: Volcarona|Flamethrower|p2a: Enamorus\n|-damage|p2a: Enamorus|0 fnt\n|faint|p2a: Enamorus\n|\n|win|best dk\n|c|\u2606butter dk|dam was hoping u didnt have tera blast\n|c|\u2606best dk|gg i cheesed turn 1\n","uploadtime":1699902406,"views":23,"p1id":"bestdk","p2id":"butterdk","formatid":"gen9ubers","rating":0,"private":0,"password":""}