{"id":"gen9ubers-1993478099","p1":"eduardo.castanha","p2":"Kuzwa","format":"[Gen 9] Ubers","log":"|j|\u2606eduardo.castanha\n|j|\u2606Kuzwa\n|t:|1700322727\n|gametype|singles\n|player|p1|eduardo.castanha|101|1000\n|player|p2|Kuzwa|pokemonbreeder-gen4|1040\n|teamsize|p1|6\n|teamsize|p2|6\n|gen|9\n|tier|[Gen 9] Ubers\n|rated|\n|rule|Sleep Clause Mod: Limit one foe put to sleep\n|rule|Species Clause: Limit one of each Pok\u00e9mon\n|rule|OHKO Clause: OHKO moves are banned\n|rule|Evasion Items Clause: Evasion items are banned\n|rule|Evasion Moves Clause: Evasion moves are banned\n|rule|Endless Battle Clause: Forcing endless battles is banned\n|rule|HP Percentage Mod: HP is shown in percentages\n|clearpoke\n|poke|p1|Lucario, M|\n|poke|p1|Haxorus, M|\n|poke|p1|Gyarados, M|\n|poke|p1|Zarude|\n|poke|p1|Charizard, M|\n|poke|p1|Gengar, M|\n|poke|p2|Gallade, M|\n|poke|p2|Chien-Pao|\n|poke|p2|Rayquaza|\n|poke|p2|Glimmora, M|\n|poke|p2|Espeon, M|\n|poke|p2|Sinistcha-Masterpiece|\n|teampreview\n|\n|t:|1700322738\n|start\n|switch|p1a: Gengar|Gengar, M, shiny|100\/100\n|switch|p2a: Thinger|Glimmora, M|100\/100\n|-item|p2a: Thinger|Air Balloon\n|turn|1\n|\n|t:|1700322749\n|move|p2a: Thinger|Power Gem|p1a: Gengar\n|-damage|p1a: Gengar|62\/100\n|move|p1a: Gengar|Shadow Ball|p2a: Thinger\n|-damage|p2a: Thinger|54\/100\n|-enditem|p2a: Thinger|Air Balloon\n|\n|upkeep\n|turn|2\n|\n|t:|1700322758\n|move|p2a: Thinger|Earth Power|p1a: Gengar\n|-supereffective|p1a: Gengar\n|-damage|p1a: Gengar|0 fnt\n|-start|p2a: Thinger|Disable|Earth Power|[from] ability: Cursed Body|[of] p1a: Gengar\n|faint|p1a: Gengar\n|\n|upkeep\n|\n|t:|1700322766\n|switch|p1a: Gyarados|Gyarados, M, shiny|100\/100\n|-ability|p1a: Gyarados|Intimidate|boost\n|-unboost|p2a: Thinger|atk|1\n|turn|3\n|\n|t:|1700322770\n|move|p2a: Thinger|Power Gem|p1a: Gyarados\n|-supereffective|p1a: Gyarados\n|-damage|p1a: Gyarados|24\/100\n|-enditem|p1a: Gyarados|Aguav Berry|[eat]\n|-heal|p1a: Gyarados|57\/100|[from] item: Aguav Berry\n|move|p1a: Gyarados|Aqua Tail|p2a: Thinger\n|-supereffective|p2a: Thinger\n|-damage|p2a: Thinger|0 fnt\n|-activate|p2a: Thinger|ability: Toxic Debris\n|-sidestart|p1: eduardo.castanha|move: Toxic Spikes\n|faint|p2a: Thinger\n|\n|upkeep\n|\n|t:|1700322781\n|switch|p2a: Sigor|Espeon, M|100\/100\n|turn|4\n|\n|t:|1700322788\n|move|p2a: Sigor|Psychic|p1a: Gyarados\n|-damage|p1a: Gyarados|10\/100\n|move|p1a: Gyarados|Ice Beam|p2a: Sigor\n|-damage|p2a: Sigor|80\/100\n|\n|upkeep\n|turn|5\n|\n|t:|1700322796\n|move|p2a: Sigor|Dazzling Gleam|p1a: Gyarados\n|-damage|p1a: Gyarados|0 fnt\n|faint|p1a: Gyarados\n|\n|upkeep\n|\n|t:|1700322804\n|switch|p1a: Haxorus|Haxorus, M, shiny|100\/100\n|-status|p1a: Haxorus|psn\n|turn|6\n|\n|t:|1700322809\n|move|p2a: Sigor|Dazzling Gleam|p1a: Haxorus\n|-supereffective|p1a: Haxorus\n|-damage|p1a: Haxorus|47\/100 psn\n|move|p1a: Haxorus|Draco Meteor|p2a: Sigor\n|-damage|p2a: Sigor|26\/100\n|-unboost|p1a: Haxorus|spa|2\n|\n|-damage|p1a: Haxorus|35\/100 psn|[from] psn\n|upkeep\n|turn|7\n|\n|t:|1700322819\n|move|p2a: Sigor|Dazzling Gleam|p1a: Haxorus\n|-supereffective|p1a: Haxorus\n|-damage|p1a: Haxorus|0 fnt\n|faint|p1a: Haxorus\n|\n|upkeep\n|\n|t:|1700322829\n|switch|p1a: Zarude|Zarude|100\/100\n|-status|p1a: Zarude|psn\n|turn|8\n|\n|t:|1700322836\n|move|p2a: Sigor|Dazzling Gleam|p1a: Zarude\n|-supereffective|p1a: Zarude\n|-damage|p1a: Zarude|46\/100 psn\n|move|p1a: Zarude|Energy Ball|p2a: Sigor\n|-damage|p2a: Sigor|0 fnt\n|faint|p2a: Sigor\n|\n|-damage|p1a: Zarude|33\/100 psn|[from] psn\n|upkeep\n|\n|t:|1700322843\n|switch|p2a: Weasel|Chien-Pao|100\/100\n|-ability|p2a: Weasel|Sword of Ruin\n|turn|9\n|\n|t:|1700322851\n|move|p2a: Weasel|Ice Spinner|p1a: Zarude\n|-supereffective|p1a: Zarude\n|-damage|p1a: Zarude|0 fnt\n|faint|p1a: Zarude\n|\n|upkeep\n|\n|t:|1700322856\n|switch|p1a: Charizard|Charizard, M, shiny|100\/100\n|turn|10\n|\n|t:|1700322863\n|move|p2a: Weasel|Swords Dance|p2a: Weasel\n|-boost|p2a: Weasel|atk|2\n|move|p1a: Charizard|Overheat|p2a: Weasel\n|-supereffective|p2a: Weasel\n|-enditem|p2a: Weasel|Focus Sash\n|-damage|p2a: Weasel|1\/100\n|-unboost|p1a: Charizard|spa|2\n|\n|upkeep\n|turn|11\n|\n|t:|1700322877\n|move|p2a: Weasel|Ice Spinner|p1a: Charizard\n|-damage|p1a: Charizard|0 fnt\n|faint|p1a: Charizard\n|\n|upkeep\n|-message|eduardo.castanha forfeited.\n|\n|win|Kuzwa\n|raw|eduardo.castanha's rating: 1000 &rarr; <strong>1000<\/strong><br \/>(+0 for losing)\n|raw|Kuzwa's rating: 1040 &rarr; <strong>1070<\/strong><br \/>(+30 for winning)\n|l|\u2606eduardo.castanha\n","uploadtime":1700322889,"views":8,"p1id":"eduardocastanha","p2id":"kuzwa","formatid":"gen9ubers","rating":1000,"private":0,"password":""}