{"id":"gen9ubers-1970941234","p1":"babynogalXD","p2":"Kabunger","format":"[Gen 9] Ubers","log":"|j|\u2606babynogalXD\n|j|\u2606Kabunger\n|t:|1697683173\n|gametype|singles\n|player|p1|babynogalXD|hilbert|\n|player|p2|Kabunger|hilda-wonderlauncher|\n|teamsize|p1|6\n|teamsize|p2|6\n|gen|9\n|tier|[Gen 9] Ubers\n|rule|Sleep Clause Mod: Limit one foe put to sleep\n|rule|Species Clause: Limit one of each Pok\u00e9mon\n|rule|OHKO Clause: OHKO moves are banned\n|rule|Evasion Items Clause: Evasion items are banned\n|rule|Evasion Moves Clause: Evasion moves are banned\n|rule|Endless Battle Clause: Forcing endless battles is banned\n|rule|HP Percentage Mod: HP is shown in percentages\n|clearpoke\n|poke|p1|Dugtrio, F|\n|poke|p1|Magearna|\n|poke|p1|Zacian-*|\n|poke|p1|Spectrier|\n|poke|p1|Arceus-Ice|\n|poke|p1|Gliscor, F|\n|poke|p2|Palafin, M|\n|poke|p2|Scream Tail|\n|poke|p2|Cyclizar, M|\n|poke|p2|Dialga|\n|poke|p2|Moltres|\n|poke|p2|Magearna|\n|teampreview\n|c|\u2606Kabunger|glhf\n|c|\u2606babynogalXD|u2\n|\n|t:|1697683188\n|start\n|switch|p1a: Gliscor|Gliscor, F|100\/100\n|switch|p2a: Moltres|Moltres|100\/100\n|turn|1\n|\n|t:|1697683193\n|switch|p2a: Palafin|Palafin, M|100\/100\n|move|p1a: Gliscor|Protect||[still]\n|-fail|p1a: Gliscor\n|\n|-status|p1a: Gliscor|tox|[from] item: Toxic Orb\n|upkeep\n|turn|2\n|\n|t:|1697683206\n|move|p2a: Palafin|Wave Crash|p1a: Gliscor\n|-supereffective|p1a: Gliscor\n|-damage|p1a: Gliscor|26\/100 tox\n|-damage|p2a: Palafin|78\/100|[from] Recoil\n|move|p1a: Gliscor|Toxic Spikes|p2a: Palafin\n|-sidestart|p2: Kabunger|move: Toxic Spikes\n|\n|-heal|p1a: Gliscor|38\/100 tox|[from] ability: Poison Heal\n|upkeep\n|turn|3\n|\n|t:|1697683216\n|move|p1a: Gliscor|Protect|p1a: Gliscor\n|-singleturn|p1a: Gliscor|Protect\n|move|p2a: Palafin|Wave Crash|p1a: Gliscor\n|-activate|p1a: Gliscor|move: Protect\n|\n|-heal|p1a: Gliscor|51\/100 tox|[from] ability: Poison Heal\n|upkeep\n|turn|4\n|\n|t:|1697683219\n|switch|p1a: Arceus|Arceus-Ice|100\/100\n|move|p2a: Palafin|Wave Crash|p1a: Arceus\n|-damage|p1a: Arceus|51\/100\n|-damage|p2a: Palafin|62\/100|[from] Recoil\n|\n|upkeep\n|turn|5\n|\n|t:|1697683224\n|detailschange|p2a: Palafin|Palafin-Hero, M\n|switch|p2a: Moltres|Moltres|100\/100\n|move|p1a: Arceus|Recover|p1a: Arceus\n|-heal|p1a: Arceus|100\/100\n|\n|upkeep\n|turn|6\n|inactive|Battle timer is ON: inactive players will automatically lose when time's up. (requested by Kabunger)\n|\n|t:|1697683255\n|-terastallize|p1a: Arceus|Water\n|move|p1a: Arceus|Judgment|p2a: Moltres\n|-damage|p2a: Moltres|40\/100\n|move|p2a: Moltres|U-turn|p1a: Arceus\n|-damage|p1a: Arceus|88\/100\n|\n|t:|1697683276\n|switch|p2a: Scream Tail|Scream Tail|100\/100|[from] U-turn\n|-status|p2a: Scream Tail|psn\n|\n|-damage|p2a: Scream Tail|88\/100 psn|[from] psn\n|upkeep\n|turn|7\n|\n|t:|1697683296\n|switch|p1a: Gliscor|Gliscor, F|51\/100 tox\n|move|p2a: Scream Tail|Thunder Wave|p1a: Gliscor\n|-immune|p1a: Gliscor\n|\n|-heal|p2a: Scream Tail|94\/100 psn|[from] item: Leftovers\n|-damage|p2a: Scream Tail|82\/100 psn|[from] psn\n|-heal|p1a: Gliscor|63\/100 tox|[from] ability: Poison Heal\n|upkeep\n|turn|8\n|\n|t:|1697683301\n|move|p2a: Scream Tail|Wish|p2a: Scream Tail\n|move|p1a: Gliscor|U-turn|p2a: Scream Tail\n|-damage|p2a: Scream Tail|69\/100 psn\n|\n|t:|1697683318\n|switch|p1a: Dugtrio|Dugtrio, F|100\/100|[from] U-turn\n|\n|-heal|p2a: Scream Tail|76\/100 psn|[from] item: Leftovers\n|-damage|p2a: Scream Tail|63\/100 psn|[from] psn\n|upkeep\n|turn|9\n|\n|t:|1697683323\n|move|p1a: Dugtrio|Swords Dance|p1a: Dugtrio\n|-boost|p1a: Dugtrio|atk|2\n|move|p2a: Scream Tail|Dazzling Gleam|p1a: Dugtrio\n|-damage|p1a: Dugtrio|67\/100\n|\n|-heal|p2a: Scream Tail|100\/100 psn|[from] move: Wish|[wisher] Scream Tail\n|-damage|p2a: Scream Tail|88\/100 psn|[from] psn\n|upkeep\n|turn|10\n|\n|t:|1697683327\n|move|p1a: Dugtrio|Earthquake|p2a: Scream Tail\n|-damage|p2a: Scream Tail|31\/100 psn\n|move|p2a: Scream Tail|Dazzling Gleam|p1a: Dugtrio\n|-damage|p1a: Dugtrio|36\/100\n|\n|-heal|p2a: Scream Tail|37\/100 psn|[from] item: Leftovers\n|-damage|p2a: Scream Tail|25\/100 psn|[from] psn\n|upkeep\n|turn|11\n|\n|t:|1697683333\n|move|p1a: Dugtrio|Earthquake|p2a: Scream Tail\n|-damage|p2a: Scream Tail|0 fnt\n|faint|p2a: Scream Tail\n|-end|p2a: Scream Tail|Protosynthesis|[silent]\n|\n|upkeep\n|\n|t:|1697683338\n|switch|p2a: Cyclizar|Cyclizar, M|100\/100\n|turn|12\n|\n|t:|1697683342\n|move|p1a: Dugtrio|Endure|p1a: Dugtrio\n|-singleturn|p1a: Dugtrio|move: Endure\n|move|p2a: Cyclizar|Rapid Spin|p1a: Dugtrio\n|-activate|p1a: Dugtrio|move: Endure\n|-damage|p1a: Dugtrio|1\/100\n|-boost|p2a: Cyclizar|spe|1\n|-sideend|p2: Kabunger|Toxic Spikes|[from] move: Rapid Spin|[of] p2a: Cyclizar\n|\n|upkeep\n|turn|13\n|-enditem|p1a: Dugtrio|Custap Berry|[eat]\n|-activate|p1a: Dugtrio|item: Custap Berry|[consumed]\n|\n|t:|1697683346\n|move|p1a: Dugtrio|Reversal|p2a: Cyclizar\n|-supereffective|p2a: Cyclizar\n|-damage|p2a: Cyclizar|0 fnt\n|faint|p2a: Cyclizar\n|\n|upkeep\n|\n|t:|1697683357\n|switch|p2a: Palafin|Palafin-Hero, M|62\/100\n|-activate|p2a: Palafin|ability: Zero to Hero\n|turn|14\n|c|\u2606Kabunger|cool tech\n|\n|t:|1697683362\n|move|p2a: Palafin|Jet Punch|p1a: Dugtrio\n|-supereffective|p1a: Dugtrio\n|-damage|p1a: Dugtrio|0 fnt\n|faint|p1a: Dugtrio\n|\n|upkeep\n|c|\u2606babynogalXD|thx\n|\n|t:|1697683381\n|switch|p1a: Arceus|Arceus-Ice, tera:Water|88\/100\n|turn|15\n|\n|t:|1697683388\n|switch|p2a: Magearna|Magearna|100\/100\n|move|p1a: Arceus|Calm Mind|p1a: Arceus\n|-boost|p1a: Arceus|spa|1\n|-boost|p1a: Arceus|spd|1\n|\n|upkeep\n|turn|16\n|\n|t:|1697683393\n|move|p1a: Arceus|Thunderbolt|p2a: Magearna\n|-damage|p2a: Magearna|64\/100\n|move|p2a: Magearna|Calm Mind|p2a: Magearna\n|-boost|p2a: Magearna|spa|1\n|-boost|p2a: Magearna|spd|1\n|\n|-heal|p2a: Magearna|70\/100|[from] item: Leftovers\n|upkeep\n|turn|17\n|\n|t:|1697683397\n|move|p1a: Arceus|Thunderbolt|p2a: Magearna\n|-crit|p2a: Magearna\n|-damage|p2a: Magearna|8\/100\n|move|p2a: Magearna|Calm Mind|p2a: Magearna\n|-boost|p2a: Magearna|spa|1\n|-boost|p2a: Magearna|spd|1\n|\n|-heal|p2a: Magearna|14\/100|[from] item: Leftovers\n|upkeep\n|turn|18\n|c|\u2606babynogalXD|mb\n|\n|t:|1697683403\n|move|p1a: Arceus|Thunderbolt|p2a: Magearna\n|-damage|p2a: Magearna|0 fnt\n|faint|p2a: Magearna\n|\n|upkeep\n|\n|t:|1697683406\n|switch|p2a: Dialga|Dialga|100\/100\n|-ability|p2a: Dialga|Pressure\n|turn|19\n|c|\u2606Kabunger|pain\n|\n|t:|1697683413\n|switch|p1a: Magearna|Magearna|100\/100\n|move|p2a: Dialga|Roar|p1a: Magearna\n|drag|p1a: Arceus|Arceus-Ice, tera:Water|88\/100\n|\n|upkeep\n|turn|20\n|\n|t:|1697683419\n|switch|p1a: Gliscor|Gliscor, F|63\/100 tox\n|move|p2a: Dialga|Stealth Rock|p1a: Gliscor\n|-sidestart|p1: babynogalXD|move: Stealth Rock\n|\n|-heal|p1a: Gliscor|76\/100 tox|[from] ability: Poison Heal\n|upkeep\n|turn|21\n|\n|t:|1697683422\n|move|p2a: Dialga|Draco Meteor|p1a: Gliscor\n|-damage|p1a: Gliscor|0 fnt\n|-unboost|p2a: Dialga|spa|2\n|faint|p1a: Gliscor\n|\n|upkeep\n|\n|t:|1697683434\n|switch|p1a: Magearna|Magearna|100\/100\n|-damage|p1a: Magearna|94\/100|[from] Stealth Rock\n|turn|22\n|\n|t:|1697683439\n|switch|p2a: Moltres|Moltres|40\/100\n|move|p1a: Magearna|Thunder Wave|p2a: Moltres\n|-status|p2a: Moltres|par\n|\n|upkeep\n|turn|23\n|\n|t:|1697683445\n|move|p1a: Magearna|Spikes|p2a: Moltres\n|-sidestart|p2: Kabunger|Spikes\n|cant|p2a: Moltres|par\n|\n|upkeep\n|turn|24\n|\n|t:|1697683448\n|move|p1a: Magearna|Volt Switch|p2a: Moltres\n|-supereffective|p2a: Moltres\n|-damage|p2a: Moltres|0 fnt\n|faint|p2a: Moltres\n|-ability|p1a: Magearna|Soul-Heart|boost\n|-boost|p1a: Magearna|spa|1\n|c|\u2606Kabunger|not the para <\/3\n|\n|t:|1697683459\n|switch|p1a: Arceus|Arceus-Ice, tera:Water|88\/100|[from] Volt Switch\n|-damage|p1a: Arceus|76\/100|[from] Stealth Rock\n|\n|upkeep\n|\n|t:|1697683462\n|switch|p2a: Dialga|Dialga|100\/100\n|-damage|p2a: Dialga|88\/100|[from] Spikes\n|-ability|p2a: Dialga|Pressure\n|turn|25\n|\n|t:|1697683470\n|move|p1a: Arceus|Judgment|p2a: Dialga\n|-damage|p2a: Dialga|38\/100\n|move|p2a: Dialga|Draco Meteor|p1a: Arceus\n|-damage|p1a: Arceus|12\/100\n|-unboost|p2a: Dialga|spa|2\n|\n|upkeep\n|turn|26\n|\n|t:|1697683477\n|move|p1a: Arceus|Recover|p1a: Arceus\n|-heal|p1a: Arceus|62\/100\n|move|p2a: Dialga|Roar|p1a: Arceus\n|drag|p1a: Spectrier|Spectrier|100\/100\n|-damage|p1a: Spectrier|88\/100|[from] Stealth Rock\n|\n|-heal|p1a: Spectrier|94\/100|[from] item: Leftovers\n|upkeep\n|turn|27\n|\n|t:|1697683487\n|move|p1a: Spectrier|Hex|p2a: Dialga\n|-damage|p2a: Dialga|8\/100\n|move|p2a: Dialga|Draco Meteor|p1a: Spectrier\n|-damage|p1a: Spectrier|47\/100\n|-unboost|p2a: Dialga|spa|2\n|\n|-heal|p1a: Spectrier|54\/100|[from] item: Leftovers\n|upkeep\n|turn|28\n|\n|t:|1697683493\n|move|p1a: Spectrier|Hex|p2a: Dialga\n|-damage|p2a: Dialga|0 fnt\n|faint|p2a: Dialga\n|-ability|p1a: Spectrier|Grim Neigh|boost\n|-boost|p1a: Spectrier|spa|1\n|\n|-heal|p1a: Spectrier|60\/100|[from] item: Leftovers\n|upkeep\n|\n|t:|1697683495\n|switch|p2a: Palafin|Palafin-Hero, M|62\/100\n|-damage|p2a: Palafin|49\/100|[from] Spikes\n|turn|29\n|\n|t:|1697683498\n|-terastallize|p2a: Palafin|Water\n|move|p2a: Palafin|Jet Punch|p1a: Spectrier\n|-damage|p1a: Spectrier|0 fnt\n|faint|p1a: Spectrier\n|\n|upkeep\n|\n|t:|1697683501\n|switch|p1a: Zacian|Zacian|100\/100\n|-damage|p1a: Zacian|88\/100|[from] Stealth Rock\n|-ability|p1a: Zacian|Intrepid Sword|boost\n|-boost|p1a: Zacian|atk|1\n|turn|30\n|\n|t:|1697683504\n|move|p2a: Palafin|Jet Punch|p1a: Zacian\n|-damage|p1a: Zacian|17\/100\n|move|p1a: Zacian|Play Rough|p2a: Palafin\n|-crit|p2a: Palafin\n|-damage|p2a: Palafin|0 fnt\n|faint|p2a: Palafin\n|\n|win|babynogalXD\n|l|\u2606Kabunger\n|c|\u2606babynogalXD|gg\n","uploadtime":1697683512,"views":21,"p1id":"babynogalxd","p2id":"kabunger","formatid":"gen9ubers","rating":0,"private":0,"password":""}