{"id":"gen9ubers-1997189387","p1":"pllv51 staller","p2":"skimmythegod","format":"[Gen 9] Ubers","log":"|j|\u2606pllv51 staller\n|j|\u2606skimmythegod\n|t:|1700773699\n|gametype|singles\n|player|p1|pllv51 staller|red|\n|player|p2|skimmythegod|#uplximelmetal|\n|teamsize|p1|6\n|teamsize|p2|6\n|gen|9\n|tier|[Gen 9] Ubers\n|rated|Tournament battle\n|rule|Sleep Clause Mod: Limit one foe put to sleep\n|rule|Species Clause: Limit one of each Pok\u00e9mon\n|rule|OHKO Clause: OHKO moves are banned\n|rule|Evasion Items Clause: Evasion items are banned\n|rule|Evasion Moves Clause: Evasion moves are banned\n|rule|Endless Battle Clause: Forcing endless battles is banned\n|rule|HP Percentage Mod: HP is shown in percentages\n|clearpoke\n|poke|p1|Blissey, F|\n|poke|p1|Toxapex, M|\n|poke|p1|Clodsire, F|\n|poke|p1|Koraidon|\n|poke|p1|Giratina-Origin|\n|poke|p1|Dondozo, M|\n|poke|p2|Ribombee, F|\n|poke|p2|Koraidon|\n|poke|p2|Arceus-Ground|\n|poke|p2|Zacian-*|\n|poke|p2|Miraidon|\n|poke|p2|Basculegion, M|\n|teampreview\n|inactive|Battle timer is ON: inactive players will automatically lose when time's up. (requested by skimmythegod)\n|c|\u2606pllv51 staller|Glgl\n|\n|t:|1700773715\n|start\n|switch|p1a: bleb|Clodsire, F|100\/100\n|switch|p2a: Ribombee|Ribombee, F|100\/100\n|turn|1\n|inactive|skimmythegod has 120 seconds left.\n|\n|t:|1700773760\n|move|p2a: Ribombee|Sticky Web|p1a: bleb\n|-sidestart|p1: pllv51 staller|move: Sticky Web\n|move|p1a: bleb|Stealth Rock|p2a: Ribombee\n|-sidestart|p2: skimmythegod|move: Stealth Rock\n|\n|upkeep\n|turn|2\n|inactive|pllv51 staller has 120 seconds left.\n|\n|t:|1700773819\n|switch|p2a: Arceus|Arceus-Ground|100\/100\n|-damage|p2a: Arceus|94\/100|[from] Stealth Rock\n|switch|p1a: poxatex|Toxapex, M|100\/100\n|\n|upkeep\n|turn|3\n|inactive|pllv51 staller has 90 seconds left.\n|inactive|skimmythegod has 90 seconds left.\n|\n|t:|1700773845\n|move|p2a: Arceus|Taunt|p1a: poxatex\n|-start|p1a: poxatex|move: Taunt\n|cant|p1a: poxatex|move: Taunt|Toxic Spikes\n|\n|upkeep\n|turn|4\n|\n|t:|1700773852\n|switch|p1a: boraimon|Koraidon|100\/100\n|-activate|p1a: boraimon|move: Sticky Web\n|-unboost|p1a: boraimon|spe|1\n|-weather|SunnyDay|[from] ability: Orichalcum Pulse|[of] p1a: boraimon\n|-activate|p1a: boraimon|Orichalcum Pulse|[source]\n|move|p2a: Arceus|Dragon Dance|p2a: Arceus\n|-boost|p2a: Arceus|atk|1\n|-boost|p2a: Arceus|spe|1\n|\n|-weather|SunnyDay|[upkeep]\n|upkeep\n|turn|5\n|\n|t:|1700773861\n|move|p2a: Arceus|Earthquake|p1a: boraimon\n|-damage|p1a: boraimon|22\/100\n|move|p1a: boraimon|Low Kick|p2a: Arceus\n|-damage|p2a: Arceus|0 fnt\n|faint|p2a: Arceus\n|\n|-weather|SunnyDay|[upkeep]\n|upkeep\n|c|\u2606pllv51 staller|Damm\n|\n|t:|1700773872\n|switch|p2a: Zacian|Zacian-Crowned|100\/100\n|-damage|p2a: Zacian|94\/100|[from] Stealth Rock\n|-ability|p2a: Zacian|Intrepid Sword|boost\n|-boost|p2a: Zacian|atk|1\n|turn|6\n|\n|t:|1700773893\n|switch|p1a: poxatex|Toxapex, M|100\/100\n|move|p2a: Zacian|Swords Dance|p2a: Zacian\n|-boost|p2a: Zacian|atk|2\n|\n|-weather|SunnyDay|[upkeep]\n|upkeep\n|turn|7\n|c|\u2606pllv51 staller|Do i die\n|\n|t:|1700773908\n|move|p2a: Zacian|Wild Charge|p1a: poxatex\n|-supereffective|p1a: poxatex\n|-damage|p1a: poxatex|0 fnt\n|faint|p1a: poxatex\n|-damage|p2a: Zacian|71\/100|[from] Recoil\n|\n|-weather|SunnyDay|[upkeep]\n|upkeep\n|c|\u2606pllv51 staller|Huh\n|c|\u2606pllv51 staller|Mola lives\n|\n|t:|1700773920\n|switch|p1a: bonchozo|Dondozo, M|100\/100\n|turn|8\n|inactive|skimmythegod has 120 seconds left.\n|\n|t:|1700773933\n|-terastallize|p2a: Zacian|Electric\n|move|p2a: Zacian|Wild Charge|p1a: bonchozo\n|-supereffective|p1a: bonchozo\n|-damage|p1a: bonchozo|55\/100\n|-damage|p2a: Zacian|53\/100|[from] Recoil\n|move|p1a: bonchozo|Body Press|p2a: Zacian\n|-damage|p2a: Zacian|28\/100\n|\n|-weather|none\n|upkeep\n|turn|9\n|inactive|skimmythegod has 120 seconds left.\n|\n|t:|1700773953\n|switch|p2a: Miraidon|Miraidon|100\/100\n|-damage|p2a: Miraidon|88\/100|[from] Stealth Rock\n|-fieldstart|move: Electric Terrain|[from] ability: Hadron Engine|[of] p2a: Miraidon\n|switch|p1a: bleb|Clodsire, F|100\/100\n|-activate|p1a: bleb|move: Sticky Web\n|-unboost|p1a: bleb|spe|1\n|\n|upkeep\n|turn|10\n|\n|t:|1700773963\n|switch|p2a: Koraidon|Koraidon|100\/100\n|-damage|p2a: Koraidon|94\/100|[from] Stealth Rock\n|-weather|SunnyDay|[from] ability: Orichalcum Pulse|[of] p2a: Koraidon\n|-activate|p2a: Koraidon|Orichalcum Pulse|[source]\n|move|p1a: bleb|Poison Jab|p2a: Koraidon\n|-damage|p2a: Koraidon|76\/100\n|-status|p2a: Koraidon|psn\n|-enditem|p2a: Koraidon|Lum Berry|[eat]\n|-curestatus|p2a: Koraidon|psn|[msg]\n|\n|-weather|SunnyDay|[upkeep]\n|upkeep\n|turn|11\n|j| Too Many Caps\n|\n|t:|1700773976\n|switch|p1a: boraimon|Koraidon|22\/100\n|-activate|p1a: boraimon|move: Sticky Web\n|-unboost|p1a: boraimon|spe|1\n|-activate|p1a: boraimon|ability: Orichalcum Pulse\n|move|p2a: Koraidon|Dragon Claw|p1a: boraimon\n|-supereffective|p1a: boraimon\n|-damage|p1a: boraimon|0 fnt\n|faint|p1a: boraimon\n|\n|-weather|SunnyDay|[upkeep]\n|upkeep\n|inactive|pllv51 staller has 90 seconds left.\n|\n|t:|1700773988\n|switch|p1a: bonchozo|Dondozo, M|55\/100\n|turn|12\n|\n|t:|1700774010\n|move|p2a: Koraidon|Low Kick|p1a: bonchozo\n|-damage|p1a: bonchozo|20\/100\n|move|p1a: bonchozo|Avalanche|p2a: Koraidon\n|-supereffective|p2a: Koraidon\n|-damage|p2a: Koraidon|27\/100\n|\n|-weather|SunnyDay|[upkeep]\n|upkeep\n|turn|13\n|\n|t:|1700774021\n|move|p2a: Koraidon|Dragon Claw|p1a: bonchozo\n|-damage|p1a: bonchozo|0 fnt\n|faint|p1a: bonchozo\n|\n|-weather|SunnyDay|[upkeep]\n|-fieldend|move: Electric Terrain\n|upkeep\n|\n|t:|1700774024\n|switch|p1a: pleb|Giratina-Origin|100\/100\n|turn|14\n|\n|t:|1700774038\n|move|p2a: Koraidon|Dragon Claw|p1a: pleb\n|-supereffective|p1a: pleb\n|-damage|p1a: pleb|48\/100\n|move|p1a: pleb|Hex|p2a: Koraidon\n|-damage|p2a: Koraidon|0 fnt\n|faint|p2a: Koraidon\n|\n|-weather|none\n|upkeep\n|\n|t:|1700774043\n|switch|p2a: Miraidon|Miraidon|88\/100\n|-damage|p2a: Miraidon|76\/100|[from] Stealth Rock\n|-fieldstart|move: Electric Terrain|[from] ability: Hadron Engine|[of] p2a: Miraidon\n|turn|15\n|inactive|pllv51 staller has 120 seconds left.\n|\n|t:|1700774051\n|switch|p1a: Anda|Blissey, F|100\/100\n|move|p2a: Miraidon|Calm Mind|p2a: Miraidon\n|-boost|p2a: Miraidon|spa|1\n|-boost|p2a: Miraidon|spd|1\n|\n|upkeep\n|turn|16\n|\n|t:|1700774054\n|move|p2a: Miraidon|Taunt|p1a: Anda\n|-start|p1a: Anda|move: Taunt\n|move|p1a: Anda|Seismic Toss|p2a: Miraidon\n|-damage|p2a: Miraidon|47\/100\n|\n|upkeep\n|turn|17\n|\n|t:|1700774062\n|switch|p1a: bleb|Clodsire, F|100\/100\n|-activate|p1a: bleb|move: Sticky Web\n|-unboost|p1a: bleb|spe|1\n|move|p2a: Miraidon|Electro Drift|p1a: bleb\n|-immune|p1a: bleb\n|\n|upkeep\n|turn|18\n|\n|t:|1700774080\n|move|p2a: Miraidon|Dragon Pulse|p1a: bleb\n|-damage|p1a: bleb|61\/100\n|-damage|p2a: Miraidon|37\/100|[from] item: Life Orb\n|move|p1a: bleb|Poison Jab|p2a: Miraidon\n|-damage|p2a: Miraidon|13\/100\n|\n|-heal|p1a: bleb|67\/100|[from] item: Leftovers\n|upkeep\n|turn|19\n|\n|t:|1700774096\n|move|p2a: Miraidon|Dragon Pulse|p1a: bleb\n|-damage|p1a: bleb|22\/100\n|-damage|p2a: Miraidon|3\/100|[from] item: Life Orb\n|move|p1a: bleb|Spikes|p2a: Miraidon\n|-sidestart|p2: skimmythegod|Spikes\n|\n|-heal|p1a: bleb|29\/100|[from] item: Leftovers\n|-fieldend|move: Electric Terrain\n|upkeep\n|turn|20\n|\n|t:|1700774112\n|move|p2a: Miraidon|Dragon Pulse|p1a: bleb\n|-damage|p1a: bleb|0 fnt\n|faint|p1a: bleb\n|-damage|p2a: Miraidon|0 fnt|[from] item: Life Orb\n|faint|p2a: Miraidon\n|\n|upkeep\n|\n|t:|1700774119\n|switch|p2a: Basculegion|Basculegion, M|100\/100\n|switch|p1a: pleb|Giratina-Origin|48\/100\n|-damage|p2a: Basculegion|88\/100|[from] Stealth Rock\n|-damage|p2a: Basculegion|76\/100|[from] Spikes\n|turn|21\n|\n|t:|1700774128\n|switch|p1a: Anda|Blissey, F|100\/100\n|move|p2a: Basculegion|Last Respects|p1a: Anda\n|-immune|p1a: Anda\n|\n|-heal|p2a: Basculegion|82\/100|[from] item: Leftovers\n|upkeep\n|turn|22\n|c|\u2606pllv51 staller|Lefties\n|\n|t:|1700774157\n|move|p2a: Basculegion|Wave Crash|p1a: Anda\n|-damage|p1a: Anda|19\/100\n|-damage|p2a: Basculegion|36\/100|[from] Recoil\n|move|p1a: Anda|Seismic Toss|p2a: Basculegion\n|-immune|p2a: Basculegion\n|\n|-heal|p2a: Basculegion|42\/100|[from] item: Leftovers\n|upkeep\n|turn|23\n|c|\u2606pllv51 staller|Wtf man thata  lot\n|c|\u2606pllv51 staller|Gg\n|-message|pllv51 staller forfeited.\n|\n|win|skimmythegod\n|n|\u2606pllv51 staller|pllv51staller\n|n|\u2606skimmythegod|skimmythegod\n|n| Too Many Caps|toomanycaps\n","uploadtime":1700774172,"views":11,"p1id":"pllv51staller","p2id":"skimmythegod","formatid":"gen9ubers","rating":0,"private":0,"password":""}