{"id":"gen9ubers-1990917622","p1":"Chumpanzee","p2":"coomploud","format":"[Gen 9] Ubers","log":"|j|\u2606Chumpanzee\n|j|\u2606coomploud\n|t:|1700014946\n|gametype|singles\n|player|p1|Chumpanzee|harlequin|1036\n|player|p2|coomploud|brycen|1086\n|teamsize|p1|6\n|teamsize|p2|6\n|gen|9\n|tier|[Gen 9] Ubers\n|rated|\n|rule|Sleep Clause Mod: Limit one foe put to sleep\n|rule|Species Clause: Limit one of each Pok\u00e9mon\n|rule|OHKO Clause: OHKO moves are banned\n|rule|Evasion Items Clause: Evasion items are banned\n|rule|Evasion Moves Clause: Evasion moves are banned\n|rule|Endless Battle Clause: Forcing endless battles is banned\n|rule|HP Percentage Mod: HP is shown in percentages\n|clearpoke\n|poke|p1|Roaring Moon|\n|poke|p1|Kyogre|\n|poke|p1|Landorus-Therian, M|\n|poke|p1|Basculegion, M|\n|poke|p1|Calyrex-Ice|\n|poke|p1|Arceus|\n|poke|p2|Ogerpon-Wellspring, F|\n|poke|p2|Sudowoodo, F|\n|poke|p2|Great Tusk|\n|poke|p2|Polteageist|\n|poke|p2|Snorlax, F|\n|poke|p2|Cyclizar, F|\n|teampreview\n|inactive|Battle timer is ON: inactive players will automatically lose when time's up. (requested by Chumpanzee)\n|\n|t:|1700014955\n|start\n|switch|p1a: Landorus|Landorus-Therian, M|100\/100\n|switch|p2a: Cyclizar|Cyclizar, F|100\/100\n|-ability|p1a: Landorus|Intimidate|boost\n|-unboost|p2a: Cyclizar|atk|1\n|turn|1\n|\n|t:|1700014964\n|move|p2a: Cyclizar|Shed Tail|p2a: Cyclizar\n|-start|p2a: Cyclizar|Substitute|[from] move: Shed Tail\n|-damage|p2a: Cyclizar|50\/100\n|\n|t:|1700014970\n|switch|p2a: Polteageist|Polteageist|100\/100|[from] Shed Tail\n|move|p1a: Landorus|Brick Break|p2a: Polteageist\n|-immune|p2a: Polteageist\n|\n|upkeep\n|turn|2\n|\n|t:|1700014982\n|move|p1a: Landorus|U-turn|p2a: Polteageist\n|-resisted|p2a: Polteageist\n|-activate|p2a: Polteageist|move: Substitute|[damage]\n|\n|t:|1700014991\n|switch|p1a: Roaring Moon|Roaring Moon|100\/100|[from] U-turn\n|move|p2a: Polteageist|Shell Smash|p2a: Polteageist\n|-unboost|p2a: Polteageist|def|1\n|-unboost|p2a: Polteageist|spd|1\n|-boost|p2a: Polteageist|atk|2\n|-boost|p2a: Polteageist|spa|2\n|-boost|p2a: Polteageist|spe|2\n|\n|upkeep\n|turn|3\n|\n|t:|1700015003\n|move|p2a: Polteageist|Shadow Ball|p1a: Roaring Moon\n|-resisted|p1a: Roaring Moon\n|-damage|p1a: Roaring Moon|62\/100\n|move|p1a: Roaring Moon|Knock Off|p2a: Polteageist\n|-supereffective|p2a: Polteageist\n|-end|p2a: Polteageist|Substitute\n|\n|upkeep\n|turn|4\n|\n|t:|1700015016\n|-terastallize|p2a: Polteageist|Normal\n|move|p2a: Polteageist|Shadow Ball|p1a: Roaring Moon\n|-resisted|p1a: Roaring Moon\n|-damage|p1a: Roaring Moon|24\/100\n|move|p1a: Roaring Moon|Knock Off|p2a: Polteageist\n|-enditem|p2a: Polteageist|Focus Sash\n|-damage|p2a: Polteageist|1\/100\n|-start|p1a: Roaring Moon|Disable|Knock Off|[from] ability: Cursed Body|[of] p2a: Polteageist\n|\n|upkeep\n|turn|5\n|\n|t:|1700015037\n|-end|p1a: Roaring Moon|Protosynthesis|[silent]\n|switch|p1a: Basculegion|Basculegion, M|100\/100\n|move|p2a: Polteageist|Shadow Ball|p1a: Basculegion\n|-supereffective|p1a: Basculegion\n|-damage|p1a: Basculegion|0 fnt\n|faint|p1a: Basculegion\n|\n|upkeep\n|\n|t:|1700015045\n|switch|p1a: Arceus|Arceus|100\/100\n|turn|6\n|\n|t:|1700015059\n|switch|p2a: Great Tusk|Great Tusk|100\/100\n|-enditem|p2a: Great Tusk|Booster Energy\n|-activate|p2a: Great Tusk|ability: Protosynthesis|[fromitem]\n|-start|p2a: Great Tusk|protosynthesisspe\n|move|p1a: Arceus|Extreme Speed|p2a: Great Tusk\n|-damage|p2a: Great Tusk|80\/100\n|\n|upkeep\n|turn|7\n|\n|t:|1700015072\n|switch|p1a: Landorus|Landorus-Therian, M|100\/100\n|-ability|p1a: Landorus|Intimidate|boost\n|-unboost|p2a: Great Tusk|atk|1\n|move|p2a: Great Tusk|Bulk Up|p2a: Great Tusk\n|-boost|p2a: Great Tusk|atk|1\n|-boost|p2a: Great Tusk|def|1\n|\n|upkeep\n|turn|8\n|\n|t:|1700015086\n|move|p2a: Great Tusk|Ice Spinner|p1a: Landorus\n|-supereffective|p1a: Landorus\n|-damage|p1a: Landorus|22\/100\n|move|p1a: Landorus|Stealth Rock|p2a: Great Tusk\n|-sidestart|p2: coomploud|move: Stealth Rock\n|\n|upkeep\n|turn|9\n|\n|t:|1700015099\n|switch|p1a: Calyrex|Calyrex-Ice|100\/100\n|-ability|p1a: Calyrex|As One\n|-ability|p1a: Calyrex|Unnerve\n|move|p2a: Great Tusk|Ice Spinner|p1a: Calyrex\n|-resisted|p1a: Calyrex\n|-damage|p1a: Calyrex|94\/100\n|\n|-heal|p1a: Calyrex|99\/100|[from] item: Leftovers\n|upkeep\n|turn|10\n|\n|t:|1700015113\n|move|p2a: Great Tusk|Close Combat|p1a: Calyrex\n|-damage|p1a: Calyrex|70\/100\n|-unboost|p2a: Great Tusk|def|1\n|-unboost|p2a: Great Tusk|spd|1\n|move|p1a: Calyrex|Zen Headbutt|p2a: Great Tusk\n|-supereffective|p2a: Great Tusk\n|-damage|p2a: Great Tusk|20\/100\n|\n|-heal|p1a: Calyrex|76\/100|[from] item: Leftovers\n|upkeep\n|turn|11\n|\n|t:|1700015128\n|-end|p2a: Great Tusk|Protosynthesis|[silent]\n|switch|p2a: Snorlax|Snorlax, F, shiny|100\/100\n|-damage|p2a: Snorlax|88\/100|[from] Stealth Rock\n|move|p1a: Calyrex|Zen Headbutt|p2a: Snorlax\n|-damage|p2a: Snorlax|61\/100\n|\n|-heal|p1a: Calyrex|82\/100|[from] item: Leftovers\n|upkeep\n|turn|12\n|\n|t:|1700015143\n|move|p1a: Calyrex|Leech Seed|p2a: Snorlax\n|-start|p2a: Snorlax|move: Leech Seed\n|move|p2a: Snorlax|Earthquake|p1a: Calyrex\n|-damage|p1a: Calyrex|68\/100\n|\n|-heal|p1a: Calyrex|75\/100|[from] item: Leftovers\n|-damage|p2a: Snorlax|48\/100|[from] Leech Seed|[of] p1a: Calyrex\n|-heal|p1a: Calyrex|92\/100|[silent]\n|upkeep\n|turn|13\n|\n|t:|1700015156\n|switch|p2a: Ogerpon|Ogerpon-Wellspring, F|100\/100\n|-damage|p2a: Ogerpon|88\/100|[from] Stealth Rock\n|move|p1a: Calyrex|Stomping Tantrum|p2a: Ogerpon\n|-resisted|p2a: Ogerpon\n|-damage|p2a: Ogerpon|71\/100\n|\n|-heal|p1a: Calyrex|98\/100|[from] item: Leftovers\n|upkeep\n|turn|14\n|inactive|Chumpanzee has 120 seconds left.\n|\n|t:|1700015193\n|switch|p1a: Roaring Moon|Roaring Moon|24\/100\n|move|p2a: Ogerpon|Swords Dance|p2a: Ogerpon\n|-boost|p2a: Ogerpon|atk|2\n|\n|upkeep\n|turn|15\n|inactive|Chumpanzee has 120 seconds left.\n|\n|t:|1700015208\n|move|p1a: Roaring Moon|U-turn|p2a: Ogerpon\n|-supereffective|p2a: Ogerpon\n|-damage|p2a: Ogerpon|13\/100\n|\n|t:|1700015212\n|-end|p1a: Roaring Moon|Protosynthesis|[silent]\n|switch|p1a: Kyogre|Kyogre|100\/100|[from] U-turn\n|-weather|RainDance|[from] ability: Drizzle|[of] p1a: Kyogre\n|move|p2a: Ogerpon|Ivy Cudgel|p1a: Kyogre|[anim] Ivy Cudgel Water\n|-resisted|p1a: Kyogre\n|-damage|p1a: Kyogre|1\/100\n|\n|-weather|RainDance|[upkeep]\n|-heal|p1a: Kyogre|7\/100|[from] item: Leftovers\n|upkeep\n|turn|16\n|inactive|Chumpanzee has 120 seconds left.\n|\n|t:|1700015238\n|switch|p1a: Landorus|Landorus-Therian, M|22\/100\n|-ability|p1a: Landorus|Intimidate|boost\n|-unboost|p2a: Ogerpon|atk|1\n|move|p2a: Ogerpon|Ivy Cudgel|p1a: Landorus|[anim] Ivy Cudgel Water\n|-supereffective|p1a: Landorus\n|-damage|p1a: Landorus|0 fnt\n|faint|p1a: Landorus\n|\n|-weather|RainDance|[upkeep]\n|upkeep\n|\n|t:|1700015245\n|switch|p1a: Arceus|Arceus|100\/100\n|turn|17\n|\n|t:|1700015257\n|move|p1a: Arceus|Extreme Speed|p2a: Ogerpon\n|-damage|p2a: Ogerpon|0 fnt\n|faint|p2a: Ogerpon\n|\n|-weather|RainDance|[upkeep]\n|upkeep\n|\n|t:|1700015263\n|switch|p2a: Cyclizar|Cyclizar, F|83\/100\n|-damage|p2a: Cyclizar|71\/100|[from] Stealth Rock\n|turn|18\n|\n|t:|1700015277\n|move|p2a: Cyclizar|Rapid Spin|p1a: Arceus\n|-damage|p1a: Arceus|92\/100\n|-boost|p2a: Cyclizar|spe|1\n|-sideend|p2: coomploud|Stealth Rock|[from] move: Rapid Spin|[of] p2a: Cyclizar\n|move|p1a: Arceus|Earthquake|p2a: Cyclizar\n|-damage|p2a: Cyclizar|26\/100\n|\n|-weather|RainDance|[upkeep]\n|-heal|p1a: Arceus|98\/100|[from] item: Leftovers\n|upkeep\n|turn|19\n|\n|t:|1700015288\n|switch|p2a: Great Tusk|Great Tusk|20\/100\n|move|p1a: Arceus|Extreme Speed|p2a: Great Tusk\n|-damage|p2a: Great Tusk|0 fnt\n|faint|p2a: Great Tusk\n|-end|p2a: Great Tusk|Protosynthesis|[silent]\n|\n|-weather|none\n|-heal|p1a: Arceus|100\/100|[from] item: Leftovers\n|upkeep\n|\n|t:|1700015295\n|switch|p2a: Sudowoodo|Sudowoodo, F|100\/100\n|turn|20\n|\n|t:|1700015304\n|move|p1a: Arceus|Earthquake|p2a: Sudowoodo\n|-supereffective|p2a: Sudowoodo\n|-damage|p2a: Sudowoodo|49\/100\n|-enditem|p2a: Sudowoodo|Weakness Policy\n|-boost|p2a: Sudowoodo|atk|2|[from] item: Weakness Policy\n|-boost|p2a: Sudowoodo|spa|2|[from] item: Weakness Policy\n|move|p2a: Sudowoodo|Head Smash|p1a: Arceus\n|-damage|p1a: Arceus|16\/100\n|-damage|p2a: Sudowoodo|0 fnt|[from] Recoil\n|faint|p2a: Sudowoodo\n|\n|-heal|p1a: Arceus|22\/100|[from] item: Leftovers\n|upkeep\n|\n|t:|1700015322\n|switch|p2a: Cyclizar|Cyclizar, F|59\/100\n|turn|21\n|\n|t:|1700015331\n|switch|p2a: Snorlax|Snorlax, F, shiny|48\/100\n|move|p1a: Arceus|Recover|p1a: Arceus\n|-heal|p1a: Arceus|72\/100\n|\n|-heal|p1a: Arceus|78\/100|[from] item: Leftovers\n|upkeep\n|turn|22\n|\n|t:|1700015340\n|move|p1a: Arceus|Poison Jab|p2a: Snorlax\n|-damage|p2a: Snorlax|36\/100\n|move|p2a: Snorlax|Rest|p2a: Snorlax\n|-status|p2a: Snorlax|slp|[from] move: Rest\n|-heal|p2a: Snorlax|100\/100 slp|[silent]\n|-enditem|p2a: Snorlax|Chesto Berry|[eat]\n|-curestatus|p2a: Snorlax|slp|[msg]\n|\n|-heal|p1a: Arceus|84\/100|[from] item: Leftovers\n|upkeep\n|turn|23\n|\n|t:|1700015354\n|move|p1a: Arceus|Poison Jab|p2a: Snorlax\n|-damage|p2a: Snorlax|88\/100\n|move|p2a: Snorlax|Belly Drum|p2a: Snorlax\n|-damage|p2a: Snorlax|38\/100\n|-setboost|p2a: Snorlax|atk|6|[from] move: Belly Drum\n|\n|-heal|p1a: Arceus|90\/100|[from] item: Leftovers\n|upkeep\n|turn|24\n|\n|t:|1700015365\n|switch|p1a: Kyogre|Kyogre|7\/100\n|-weather|RainDance|[from] ability: Drizzle|[of] p1a: Kyogre\n|move|p2a: Snorlax|Earthquake|p1a: Kyogre\n|-damage|p1a: Kyogre|0 fnt\n|faint|p1a: Kyogre\n|\n|-weather|RainDance|[upkeep]\n|upkeep\n|\n|t:|1700015381\n|switch|p1a: Roaring Moon|Roaring Moon|24\/100\n|turn|25\n|\n|t:|1700015385\n|move|p2a: Snorlax|Last Resort|p1a: Roaring Moon\n|-damage|p1a: Roaring Moon|0 fnt\n|-damage|p2a: Snorlax|21\/100|[from] item: Rocky Helmet|[of] p1a: Roaring Moon\n|faint|p1a: Roaring Moon\n|-end|p1a: Roaring Moon|Protosynthesis|[silent]\n|\n|-weather|RainDance|[upkeep]\n|upkeep\n|\n|t:|1700015397\n|switch|p1a: Arceus|Arceus|90\/100\n|turn|26\n|\n|t:|1700015417\n|move|p1a: Arceus|Extreme Speed|p2a: Snorlax\n|-damage|p2a: Snorlax|1\/100\n|move|p2a: Snorlax|Last Resort|p1a: Arceus\n|-damage|p1a: Arceus|0 fnt\n|faint|p1a: Arceus\n|\n|-weather|RainDance|[upkeep]\n|upkeep\n|\n|t:|1700015425\n|switch|p1a: Calyrex|Calyrex-Ice|98\/100\n|-ability|p1a: Calyrex|As One\n|-ability|p1a: Calyrex|Unnerve\n|turn|27\n|\n|t:|1700015433\n|move|p1a: Calyrex|Stomping Tantrum|p2a: Snorlax\n|-damage|p2a: Snorlax|0 fnt\n|faint|p2a: Snorlax\n|-ability|p1a: Calyrex|Chilling Neigh|boost\n|-boost|p1a: Calyrex|atk|1\n|\n|-weather|RainDance|[upkeep]\n|-heal|p1a: Calyrex|100\/100|[from] item: Leftovers\n|upkeep\n|\n|t:|1700015455\n|switch|p2a: Cyclizar|Cyclizar, F|92\/100\n|turn|28\n|\n|t:|1700015465\n|move|p2a: Cyclizar|Shed Tail|p2a: Cyclizar\n|-start|p2a: Cyclizar|Substitute|[from] move: Shed Tail\n|-damage|p2a: Cyclizar|42\/100\n|\n|t:|1700015466\n|switch|p2a: Polteageist|Polteageist, tera:Normal|1\/100|[from] Shed Tail\n|move|p1a: Calyrex|Leech Seed||[still]\n|-fail|p1a: Calyrex\n|\n|-weather|none\n|upkeep\n|turn|29\n|c|\u2606coomploud|calyrex-ice\n|inactive|coomploud has 120 seconds left.\n|\n|t:|1700015511\n|move|p2a: Polteageist|Shadow Ball|p1a: Calyrex\n|-supereffective|p1a: Calyrex\n|-damage|p1a: Calyrex|44\/100\n|-unboost|p1a: Calyrex|spd|1\n|move|p1a: Calyrex|Stomping Tantrum|p2a: Polteageist\n|-end|p2a: Polteageist|Substitute\n|\n|-heal|p1a: Calyrex|50\/100|[from] item: Leftovers\n|upkeep\n|turn|30\n|\n|t:|1700015524\n|move|p2a: Polteageist|Shadow Ball|p1a: Calyrex\n|-supereffective|p1a: Calyrex\n|-crit|p1a: Calyrex\n|-damage|p1a: Calyrex|0 fnt\n|faint|p1a: Calyrex\n|\n|win|coomploud\n|raw|Chumpanzee's rating: 1036 &rarr; <strong>1023<\/strong><br \/>(-13 for losing)\n|raw|coomploud's rating: 1086 &rarr; <strong>1109<\/strong><br \/>(+23 for winning)\n|l|\u2606Chumpanzee\n","uploadtime":1700015532,"views":6,"p1id":"chumpanzee","p2id":"coomploud","formatid":"gen9ubers","rating":1023,"private":0,"password":""}