{"id":"gen9ubers-1989335186","p1":"EhrenApfel6.9","p2":"ItsmeBlankKnight","format":"[Gen 9] Ubers","log":"|j|\u2606EhrenApfel6.9\n|j|\u2606ItsmeBlankKnight\n|t:|1699837693\n|gametype|singles\n|player|p1|EhrenApfel6.9|cyrus|\n|player|p2|ItsmeBlankKnight|larry|\n|teamsize|p1|6\n|teamsize|p2|6\n|gen|9\n|tier|[Gen 9] Ubers\n|rule|Sleep Clause Mod: Limit one foe put to sleep\n|rule|Species Clause: Limit one of each Pok\u00e9mon\n|rule|OHKO Clause: OHKO moves are banned\n|rule|Evasion Items Clause: Evasion items are banned\n|rule|Evasion Moves Clause: Evasion moves are banned\n|rule|Endless Battle Clause: Forcing endless battles is banned\n|rule|HP Percentage Mod: HP is shown in percentages\n|clearpoke\n|poke|p1|Palafin, M|\n|poke|p1|Palkia-Origin|\n|poke|p1|Arceus-Dragon|\n|poke|p1|Magearna|\n|poke|p1|Gholdengo|\n|poke|p1|Chi-Yu|\n|poke|p2|Chi-Yu|\n|poke|p2|Cyclizar, M|\n|poke|p2|Houndstone, F|\n|poke|p2|Torkoal, M|\n|poke|p2|Espathra, M|\n|poke|p2|Regidrago|\n|teampreview\n|inactive|Battle timer is ON: inactive players will automatically lose when time's up. (requested by ItsmeBlankKnight)\n|\n|t:|1699837699\n|start\n|switch|p1a: Palkia|Palkia-Origin|100\/100\n|switch|p2a: Cyclizar|Cyclizar, M|100\/100\n|-ability|p1a: Palkia|Pressure\n|turn|1\n|\n|t:|1699837702\n|move|p2a: Cyclizar|Shed Tail|p2a: Cyclizar\n|-start|p2a: Cyclizar|Substitute|[from] move: Shed Tail\n|-damage|p2a: Cyclizar|50\/100\n|\n|t:|1699837710\n|switch|p2a: Espathra|Espathra, M|100\/100|[from] Shed Tail\n|move|p1a: Palkia|Flamethrower|p2a: Espathra\n|-end|p2a: Espathra|Substitute\n|\n|upkeep\n|turn|2\n|\n|t:|1699837720\n|move|p1a: Palkia|Surf|p2a: Espathra\n|-damage|p2a: Espathra|0 fnt\n|faint|p2a: Espathra\n|\n|upkeep\n|c|\u2606ItsmeBlankKnight|i forget\n|c|\u2606ItsmeBlankKnight|how fast this guy is\n|\n|t:|1699837732\n|switch|p2a: Regidrago|Regidrago|100\/100\n|turn|3\n|c|\u2606EhrenApfel6.9|hors\n|\n|t:|1699837740\n|move|p2a: Regidrago|Dragon Energy|p1a: Palkia\n|-supereffective|p1a: Palkia\n|-crit|p1a: Palkia\n|-damage|p1a: Palkia|0 fnt\n|faint|p1a: Palkia\n|\n|upkeep\n|\n|t:|1699837749\n|switch|p1a: Magearna|Magearna|100\/100\n|turn|4\n|c|\u2606ItsmeBlankKnight|i almost predicted\n|\n|t:|1699837756\n|switch|p2a: Chi-Yu|Chi-Yu|100\/100\n|-ability|p2a: Chi-Yu|Beads of Ruin\n|move|p1a: Magearna|Thunder Wave|p2a: Chi-Yu|[miss]\n|-miss|p1a: Magearna|p2a: Chi-Yu\n|\n|upkeep\n|turn|5\n|\n|t:|1699837760\n|move|p2a: Chi-Yu|Flamethrower|p1a: Magearna\n|-supereffective|p1a: Magearna\n|-damage|p1a: Magearna|0 fnt\n|faint|p1a: Magearna\n|\n|upkeep\n|c|\u2606ItsmeBlankKnight|lol\n|\n|t:|1699837763\n|switch|p1a: Chi-Yu|Chi-Yu|100\/100\n|-ability|p1a: Chi-Yu|Beads of Ruin\n|turn|6\n|\n|t:|1699837770\n|move|p2a: Chi-Yu|Flamethrower|p1a: Chi-Yu\n|-resisted|p1a: Chi-Yu\n|-damage|p1a: Chi-Yu|59\/100\n|move|p1a: Chi-Yu|Overheat|p2a: Chi-Yu|[miss]\n|-miss|p1a: Chi-Yu|p2a: Chi-Yu\n|\n|upkeep\n|turn|7\n|c|\u2606ItsmeBlankKnight|LOL\n|\n|t:|1699837778\n|-terastallize|p2a: Chi-Yu|Fire\n|move|p2a: Chi-Yu|Flamethrower|p1a: Chi-Yu\n|-resisted|p1a: Chi-Yu\n|-damage|p1a: Chi-Yu|3\/100\n|move|p1a: Chi-Yu|Overheat|p2a: Chi-Yu\n|-resisted|p2a: Chi-Yu\n|-damage|p2a: Chi-Yu|32\/100\n|-unboost|p1a: Chi-Yu|spa|2\n|\n|upkeep\n|turn|8\n|\n|t:|1699837788\n|move|p2a: Chi-Yu|Flamethrower|p1a: Chi-Yu\n|-resisted|p1a: Chi-Yu\n|-damage|p1a: Chi-Yu|0 fnt\n|faint|p1a: Chi-Yu\n|\n|upkeep\n|\n|t:|1699837791\n|switch|p1a: Palafin|Palafin, M|100\/100\n|turn|9\n|c|\u2606ItsmeBlankKnight|unlucky\n|\n|t:|1699837796\n|switch|p2a: Houndstone|Houndstone, F|100\/100\n|move|p1a: Palafin|Jet Punch|p2a: Houndstone\n|-damage|p2a: Houndstone|86\/100\n|\n|upkeep\n|turn|10\n|\n|t:|1699837801\n|detailschange|p1a: Palafin|Palafin-Hero, M\n|switch|p1a: Arceus|Arceus-Dragon|100\/100\n|move|p2a: Houndstone|Last Respects|p1a: Arceus\n|-damage|p1a: Arceus|50\/100\n|\n|upkeep\n|turn|11\n|\n|t:|1699837806\n|switch|p2a: Torkoal|Torkoal, M|100\/100\n|-weather|SunnyDay|[from] ability: Drought|[of] p2a: Torkoal\n|move|p1a: Arceus|Dragon Claw|p2a: Torkoal\n|-damage|p2a: Torkoal|59\/100\n|\n|-weather|SunnyDay|[upkeep]\n|upkeep\n|turn|12\n|\n|t:|1699837815\n|move|p1a: Arceus|Dragon Claw|p2a: Torkoal\n|-damage|p2a: Torkoal|21\/100\n|move|p2a: Torkoal|Lava Plume|p1a: Arceus\n|-resisted|p1a: Arceus\n|-damage|p1a: Arceus|33\/100\n|\n|-weather|SunnyDay|[upkeep]\n|upkeep\n|turn|13\n|inactive|ItsmeBlankKnight has 270 seconds left.\n|\n|t:|1699837847\n|move|p1a: Arceus|Dragon Dance|p1a: Arceus\n|-boost|p1a: Arceus|atk|1\n|-boost|p1a: Arceus|spe|1\n|move|p2a: Torkoal|Lava Plume|p1a: Arceus\n|-resisted|p1a: Arceus\n|-damage|p1a: Arceus|15\/100\n|-status|p1a: Arceus|brn\n|\n|-weather|SunnyDay|[upkeep]\n|-damage|p1a: Arceus|9\/100 brn|[from] brn\n|upkeep\n|turn|14\n|\n|t:|1699837850\n|move|p1a: Arceus|Dragon Claw|p2a: Torkoal\n|-damage|p2a: Torkoal|0 fnt\n|faint|p2a: Torkoal\n|\n|-weather|SunnyDay|[upkeep]\n|-damage|p1a: Arceus|3\/100 brn|[from] brn\n|upkeep\n|\n|t:|1699837853\n|switch|p2a: Houndstone|Houndstone, F|86\/100\n|turn|15\n|\n|t:|1699837856\n|move|p2a: Houndstone|Shadow Sneak|p1a: Arceus\n|-damage|p1a: Arceus|0 fnt\n|faint|p1a: Arceus\n|\n|-weather|SunnyDay|[upkeep]\n|upkeep\n|\n|t:|1699837858\n|switch|p1a: Palafin|Palafin-Hero, M|100\/100\n|-activate|p1a: Palafin|ability: Zero to Hero\n|turn|16\n|\n|t:|1699837881\n|switch|p2a: Regidrago|Regidrago|100\/100\n|-terastallize|p1a: Palafin|Water\n|move|p1a: Palafin|Flip Turn|p2a: Regidrago\n|-resisted|p2a: Regidrago\n|-damage|p2a: Regidrago|81\/100\n|\n|t:|1699837886\n|switch|p1a: Gholdengo|Gholdengo|100\/100|[from] Flip Turn\n|\n|-weather|SunnyDay|[upkeep]\n|upkeep\n|turn|17\n|inactive|ItsmeBlankKnight has 270 seconds left.\n|\n|t:|1699837925\n|move|p1a: Gholdengo|Make It Rain|p2a: Regidrago\n|-damage|p2a: Regidrago|11\/100\n|-unboost|p1a: Gholdengo|spa|1\n|move|p2a: Regidrago|Earth Power|p1a: Gholdengo\n|-supereffective|p1a: Gholdengo\n|-damage|p1a: Gholdengo|34\/100\n|\n|-weather|SunnyDay|[upkeep]\n|upkeep\n|turn|18\n|\n|t:|1699837930\n|move|p1a: Gholdengo|Make It Rain|p2a: Regidrago\n|-damage|p2a: Regidrago|0 fnt\n|-unboost|p1a: Gholdengo|spa|1\n|faint|p2a: Regidrago\n|\n|-weather|none\n|upkeep\n|\n|t:|1699837933\n|switch|p2a: Chi-Yu|Chi-Yu, tera:Fire|32\/100\n|-ability|p2a: Chi-Yu|Beads of Ruin\n|turn|19\n|\n|t:|1699837936\n|move|p1a: Gholdengo|Make It Rain|p2a: Chi-Yu\n|-resisted|p2a: Chi-Yu\n|-damage|p2a: Chi-Yu|14\/100\n|-unboost|p1a: Gholdengo|spa|1\n|move|p2a: Chi-Yu|Dark Pulse|p1a: Gholdengo\n|-supereffective|p1a: Gholdengo\n|-damage|p1a: Gholdengo|0 fnt\n|faint|p1a: Gholdengo\n|\n|upkeep\n|\n|t:|1699837940\n|switch|p1a: Palafin|Palafin-Hero, M, tera:Water|100\/100\n|turn|20\n|\n|t:|1699837965\n|move|p1a: Palafin|Jet Punch|p2a: Chi-Yu\n|-supereffective|p2a: Chi-Yu\n|-damage|p2a: Chi-Yu|0 fnt\n|faint|p2a: Chi-Yu\n|\n|upkeep\n|\n|t:|1699837982\n|switch|p2a: Cyclizar|Cyclizar, M|83\/100\n|turn|21\n|\n|t:|1699837986\n|move|p1a: Palafin|Jet Punch|p2a: Cyclizar\n|-resisted|p2a: Cyclizar\n|-damage|p2a: Cyclizar|16\/100\n|move|p2a: Cyclizar|Draco Meteor|p1a: Palafin\n|-damage|p1a: Palafin|44\/100\n|-unboost|p2a: Cyclizar|spa|2\n|\n|upkeep\n|turn|22\n|\n|t:|1699837991\n|move|p1a: Palafin|Jet Punch|p2a: Cyclizar\n|-resisted|p2a: Cyclizar\n|-damage|p2a: Cyclizar|0 fnt\n|faint|p2a: Cyclizar\n|\n|upkeep\n|\n|t:|1699837993\n|switch|p2a: Houndstone|Houndstone, F|86\/100\n|turn|23\n|\n|t:|1699837997\n|move|p1a: Palafin|Jet Punch|p2a: Houndstone\n|-damage|p2a: Houndstone|50\/100\n|move|p2a: Houndstone|Last Respects|p1a: Palafin\n|-damage|p1a: Palafin|0 fnt\n|faint|p1a: Palafin\n|\n|win|ItsmeBlankKnight\n|c|\u2606ItsmeBlankKnight|fluffy houndstone is pretty good\n|c|\u2606EhrenApfel6.9|gg\n|c|\u2606EhrenApfel6.9|i noticed\n|c|\u2606ItsmeBlankKnight|gg\n","uploadtime":1699838014,"views":16,"p1id":"ehrenapfel69","p2id":"itsmeblankknight","formatid":"gen9ubers","rating":0,"private":0,"password":""}