{"id":"gen9ubers-1986447318","p1":"Elscorchie","p2":"RyRy01","format":"[Gen 9] Ubers","log":"|j|\u2606Elscorchie\n|j|\u2606RyRy01\n|t:|1699480062\n|gametype|singles\n|player|p1|Elscorchie|lucas|1089\n|player|p2|RyRy01|roxie|1194\n|teamsize|p1|6\n|teamsize|p2|6\n|gen|9\n|tier|[Gen 9] Ubers\n|rated|\n|rule|Sleep Clause Mod: Limit one foe put to sleep\n|rule|Species Clause: Limit one of each Pok\u00e9mon\n|rule|OHKO Clause: OHKO moves are banned\n|rule|Evasion Items Clause: Evasion items are banned\n|rule|Evasion Moves Clause: Evasion moves are banned\n|rule|Endless Battle Clause: Forcing endless battles is banned\n|rule|HP Percentage Mod: HP is shown in percentages\n|clearpoke\n|poke|p1|Samurott-Hisui, F|\n|poke|p1|Roaring Moon|\n|poke|p1|Greninja-*, M|\n|poke|p1|Chien-Pao|\n|poke|p1|Shiftry, M|\n|poke|p1|Krookodile, M|\n|poke|p2|Koraidon|\n|poke|p2|Arceus|\n|poke|p2|Flutter Mane|\n|poke|p2|Calyrex-Ice|\n|poke|p2|Zacian-*|\n|poke|p2|Ribombee, F|\n|teampreview\n|inactive|Battle timer is ON: inactive players will automatically lose when time's up. (requested by Elscorchie)\n|\n|t:|1699480066\n|start\n|switch|p1a: Samurott|Samurott-Hisui, F|100\/100\n|switch|p2a: Ribombee|Ribombee, F|100\/100\n|turn|1\n|\n|t:|1699480076\n|move|p2a: Ribombee|Tailwind|p2a: Ribombee\n|-sidestart|p2: RyRy01|move: Tailwind\n|move|p1a: Samurott|Ceaseless Edge|p2a: Ribombee\n|-resisted|p2a: Ribombee\n|-damage|p2a: Ribombee|56\/100\n|-sidestart|p2: RyRy01|Spikes\n|\n|upkeep\n|turn|2\n|\n|t:|1699480083\n|move|p2a: Ribombee|Sticky Web|p1a: Samurott\n|-sidestart|p1: Elscorchie|move: Sticky Web\n|move|p1a: Samurott|Ceaseless Edge|p2a: Ribombee\n|-resisted|p2a: Ribombee\n|-damage|p2a: Ribombee|14\/100\n|-sidestart|p2: RyRy01|Spikes\n|\n|upkeep\n|turn|3\n|\n|t:|1699480092\n|switch|p2a: Calyrex|Calyrex-Ice|100\/100\n|-ability|p2a: Calyrex|As One\n|-ability|p2a: Calyrex|Unnerve\n|-damage|p2a: Calyrex|84\/100|[from] Spikes\n|move|p1a: Samurott|Ceaseless Edge|p2a: Calyrex\n|-supereffective|p2a: Calyrex\n|-crit|p2a: Calyrex\n|-damage|p2a: Calyrex|0 fnt\n|-sidestart|p2: RyRy01|Spikes\n|faint|p2a: Calyrex\n|\n|upkeep\n|\n|t:|1699480110\n|switch|p2a: Arceus|Arceus, shiny|100\/100\n|-damage|p2a: Arceus|76\/100|[from] Spikes\n|turn|4\n|\n|t:|1699480114\n|move|p2a: Arceus|Swords Dance|p2a: Arceus\n|-boost|p2a: Arceus|atk|2\n|move|p1a: Samurott|Sacred Sword|p2a: Arceus\n|-supereffective|p2a: Arceus\n|-enditem|p2a: Arceus|Chople Berry|[eat]\n|-enditem|p2a: Arceus|Chople Berry|[weaken]\n|-damage|p2a: Arceus|47\/100\n|\n|-sideend|p2: RyRy01|move: Tailwind\n|upkeep\n|turn|5\n|\n|t:|1699480126\n|-terastallize|p2a: Arceus|Normal\n|move|p2a: Arceus|Extreme Speed|p1a: Samurott\n|-damage|p1a: Samurott|0 fnt\n|faint|p1a: Samurott\n|\n|upkeep\n|\n|t:|1699480138\n|switch|p1a: Shiftry|Shiftry, M|100\/100\n|turn|6\n|\n|t:|1699480142\n|move|p2a: Arceus|Extreme Speed|p1a: Shiftry\n|-damage|p1a: Shiftry|0 fnt\n|faint|p1a: Shiftry\n|\n|upkeep\n|\n|t:|1699480150\n|switch|p1a: Chien-Pao|Chien-Pao|100\/100\n|-activate|p1a: Chien-Pao|move: Sticky Web\n|-unboost|p1a: Chien-Pao|spe|1\n|-ability|p1a: Chien-Pao|Sword of Ruin\n|turn|7\n|\n|t:|1699480153\n|move|p2a: Arceus|Extreme Speed|p1a: Chien-Pao\n|-damage|p1a: Chien-Pao|0 fnt\n|faint|p1a: Chien-Pao\n|\n|upkeep\n|\n|t:|1699480156\n|switch|p1a: Greninja|Greninja, M|100\/100\n|-activate|p1a: Greninja|move: Sticky Web\n|-unboost|p1a: Greninja|spe|1\n|turn|8\n|\n|t:|1699480158\n|move|p2a: Arceus|Extreme Speed|p1a: Greninja\n|-damage|p1a: Greninja|0 fnt\n|faint|p1a: Greninja\n|\n|upkeep\n|\n|t:|1699480159\n|switch|p1a: Krookodile|Krookodile, M|100\/100\n|-activate|p1a: Krookodile|move: Sticky Web\n|-unboost|p1a: Krookodile|spe|1\n|turn|9\n|\n|t:|1699480162\n|move|p2a: Arceus|Extreme Speed|p1a: Krookodile\n|-damage|p1a: Krookodile|0 fnt\n|faint|p1a: Krookodile\n|\n|upkeep\n|\n|t:|1699480165\n|switch|p1a: Roaring Moon|Roaring Moon|100\/100\n|-activate|p1a: Roaring Moon|move: Sticky Web\n|-unboost|p1a: Roaring Moon|spe|1\n|-enditem|p1a: Roaring Moon|Booster Energy\n|-activate|p1a: Roaring Moon|ability: Protosynthesis|[fromitem]\n|-start|p1a: Roaring Moon|protosynthesisatk\n|turn|10\n|\n|t:|1699480169\n|-terastallize|p1a: Roaring Moon|Flying\n|move|p2a: Arceus|Extreme Speed|p1a: Roaring Moon\n|-damage|p1a: Roaring Moon|0 fnt\n|faint|p1a: Roaring Moon\n|-end|p1a: Roaring Moon|Protosynthesis|[silent]\n|\n|win|RyRy01\n|raw|Elscorchie's rating: 1089 &rarr; <strong>1072<\/strong><br \/>(-17 for losing)\n|raw|RyRy01's rating: 1194 &rarr; <strong>1212<\/strong><br \/>(+18 for winning)\n|l|\u2606Elscorchie\n","uploadtime":1699480178,"views":20,"p1id":"elscorchie","p2id":"ryry01","formatid":"gen9ubers","rating":1072,"private":0,"password":""}