{"id":"gen9ubers-1978330319","p1":"Uber45","p2":"iambored123","format":"[Gen 9] Ubers","log":"|j|\u2606Uber45\n|j|\u2606iambored123\n|t:|1698525882\n|gametype|singles\n|player|p1|Uber45|unknown|\n|player|p2|iambored123|2|\n|teamsize|p1|6\n|teamsize|p2|6\n|gen|9\n|tier|[Gen 9] Ubers\n|rated|Tournament battle\n|rule|Sleep Clause Mod: Limit one foe put to sleep\n|rule|Species Clause: Limit one of each Pok\u00e9mon\n|rule|OHKO Clause: OHKO moves are banned\n|rule|Evasion Items Clause: Evasion items are banned\n|rule|Evasion Moves Clause: Evasion moves are banned\n|rule|Endless Battle Clause: Forcing endless battles is banned\n|rule|HP Percentage Mod: HP is shown in percentages\n|clearpoke\n|poke|p1|Koraidon|\n|poke|p1|Clodsire, M|\n|poke|p1|Skeledirge, F|\n|poke|p1|Arceus-Fairy|\n|poke|p1|Giratina-Origin|\n|poke|p1|Kyogre|\n|poke|p2|Hatterene, F|\n|poke|p2|Calyrex-Ice|\n|poke|p2|Ursaluna-Bloodmoon, M|\n|poke|p2|Miraidon|\n|poke|p2|Landorus-Therian, M|\n|poke|p2|Magearna|\n|teampreview\n|inactive|Battle timer is ON: inactive players will automatically lose when time's up. (requested by iambored123)\n|c|\u2606Uber45|Hf\n|j| FireWolf89\n|c|\u2606iambored123|u2\n|\n|t:|1698525904\n|start\n|switch|p1a: Kyogre|Kyogre|100\/100\n|switch|p2a: Hatterene|Hatterene, F|100\/100\n|-weather|RainDance|[from] ability: Drizzle|[of] p1a: Kyogre\n|turn|1\n|l| FireWolf89\n|\n|t:|1698525933\n|move|p1a: Kyogre|Water Spout|p2a: Hatterene\n|-enditem|p2a: Hatterene|Focus Sash\n|-damage|p2a: Hatterene|1\/100\n|move|p2a: Hatterene|Trick Room|p2a: Hatterene\n|-fieldstart|move: Trick Room|[of] p2a: Hatterene\n|\n|-weather|RainDance|[upkeep]\n|upkeep\n|turn|2\n|\n|t:|1698525952\n|switch|p1a: Skeledirge|Skeledirge, F|100\/100\n|move|p2a: Hatterene|Psychic|p1a: Skeledirge\n|-damage|p1a: Skeledirge|41\/100\n|-unboost|p1a: Skeledirge|spd|1\n|\n|-weather|RainDance|[upkeep]\n|upkeep\n|turn|3\n|\n|t:|1698525964\n|switch|p1a: Arceus|Arceus-Fairy|100\/100\n|move|p2a: Hatterene|Psychic|p1a: Arceus\n|-damage|p1a: Arceus|70\/100\n|\n|-weather|RainDance|[upkeep]\n|upkeep\n|turn|4\n|\n|t:|1698525976\n|switch|p2a: Magearna|Magearna|100\/100\n|move|p1a: Arceus|Recover|p1a: Arceus\n|-heal|p1a: Arceus|100\/100\n|\n|-weather|RainDance|[upkeep]\n|upkeep\n|turn|5\n|inactive|Uber45 has 120 seconds left.\n|\n|t:|1698526018\n|switch|p1a: Clodsire|Clodsire, M|100\/100\n|move|p2a: Magearna|Shift Gear|p2a: Magearna\n|-boost|p2a: Magearna|spe|2\n|-boost|p2a: Magearna|atk|1\n|\n|-weather|none\n|-fieldend|move: Trick Room\n|upkeep\n|turn|6\n|\n|t:|1698526025\n|move|p2a: Magearna|Shift Gear|p2a: Magearna\n|-boost|p2a: Magearna|spe|2\n|-boost|p2a: Magearna|atk|1\n|move|p1a: Clodsire|Earthquake|p2a: Magearna\n|-supereffective|p2a: Magearna\n|-damage|p2a: Magearna|58\/100\n|\n|-heal|p2a: Magearna|64\/100|[from] item: Leftovers\n|upkeep\n|turn|7\n|inactive|Uber45 has 120 seconds left.\n|\n|t:|1698526035\n|move|p2a: Magearna|Stored Power|p1a: Clodsire\n|-supereffective|p1a: Clodsire\n|-damage|p1a: Clodsire|44\/100\n|move|p1a: Clodsire|Earthquake|p2a: Magearna\n|-supereffective|p2a: Magearna\n|-damage|p2a: Magearna|21\/100\n|\n|-heal|p2a: Magearna|27\/100|[from] item: Leftovers\n|-heal|p1a: Clodsire|51\/100|[from] item: Leftovers\n|upkeep\n|turn|8\n|j|+corvere\u2665\n|inactive|Uber45 has 120 seconds left.\n|\n|t:|1698526059\n|switch|p1a: Arceus|Arceus-Fairy|100\/100\n|move|p2a: Magearna|Stored Power|p1a: Arceus\n|-damage|p1a: Arceus|71\/100\n|\n|-heal|p2a: Magearna|33\/100|[from] item: Leftovers\n|upkeep\n|turn|9\n|inactive|Uber45 has 120 seconds left.\n|\n|t:|1698526067\n|move|p2a: Magearna|Iron Head|p1a: Arceus\n|-supereffective|p1a: Arceus\n|-damage|p1a: Arceus|6\/100\n|cant|p1a: Arceus|flinch\n|\n|-heal|p2a: Magearna|39\/100|[from] item: Leftovers\n|upkeep\n|turn|10\n|\n|t:|1698526071\n|move|p2a: Magearna|Iron Head|p1a: Arceus\n|-supereffective|p1a: Arceus\n|-damage|p1a: Arceus|0 fnt\n|faint|p1a: Arceus\n|-ability|p2a: Magearna|Soul-Heart|boost\n|-boost|p2a: Magearna|spa|1\n|\n|-heal|p2a: Magearna|45\/100|[from] item: Leftovers\n|upkeep\n|\n|t:|1698526080\n|switch|p1a: Kyogre|Kyogre|100\/100\n|-weather|RainDance|[from] ability: Drizzle|[of] p1a: Kyogre\n|turn|11\n|\n|t:|1698526089\n|-terastallize|p2a: Magearna|Psychic\n|move|p1a: Kyogre|Origin Pulse|p2a: Magearna\n|-damage|p2a: Magearna|0 fnt\n|faint|p2a: Magearna\n|\n|-weather|RainDance|[upkeep]\n|upkeep\n|\n|t:|1698526091\n|switch|p2a: Miraidon|Miraidon|100\/100\n|-fieldstart|move: Electric Terrain|[from] ability: Hadron Engine|[of] p2a: Miraidon\n|turn|12\n|l|+corvere\u2665\n|\n|t:|1698526114\n|switch|p1a: Giratina|Giratina-Origin|100\/100\n|move|p2a: Miraidon|Draco Meteor|p1a: Giratina\n|-supereffective|p1a: Giratina\n|-crit|p1a: Giratina\n|-damage|p1a: Giratina|0 fnt\n|-unboost|p2a: Miraidon|spa|2\n|faint|p1a: Giratina\n|\n|-weather|RainDance|[upkeep]\n|upkeep\n|\n|t:|1698526121\n|switch|p1a: Koraidon|Koraidon|100\/100\n|-weather|SunnyDay|[from] ability: Orichalcum Pulse|[of] p1a: Koraidon\n|-activate|p1a: Koraidon|Orichalcum Pulse|[source]\n|turn|13\n|\n|t:|1698526132\n|switch|p2a: Hatterene|Hatterene, F|1\/100\n|-terastallize|p1a: Koraidon|Fire\n|move|p1a: Koraidon|Swords Dance|p1a: Koraidon\n|-boost|p1a: Koraidon|atk|2\n|\n|-weather|SunnyDay|[upkeep]\n|upkeep\n|turn|14\n|inactive|iambored123 has 120 seconds left.\n|\n|t:|1698526165\n|move|p1a: Koraidon|Low Kick|p2a: Hatterene\n|-resisted|p2a: Hatterene\n|-damage|p2a: Hatterene|0 fnt\n|faint|p2a: Hatterene\n|-damage|p1a: Koraidon|91\/100|[from] item: Life Orb\n|\n|-weather|SunnyDay|[upkeep]\n|upkeep\n|\n|t:|1698526168\n|switch|p2a: Landorus|Landorus-Therian, M|100\/100\n|-ability|p2a: Landorus|Intimidate|boost\n|-unboost|p1a: Koraidon|atk|1\n|turn|15\n|\n|t:|1698526184\n|move|p2a: Landorus|Earthquake|p1a: Koraidon\n|-supereffective|p1a: Koraidon\n|-damage|p1a: Koraidon|0 fnt\n|faint|p1a: Koraidon\n|\n|-weather|SunnyDay|[upkeep]\n|upkeep\n|inactive|Uber45 has 120 seconds left.\n|inactive|Uber45 has 90 seconds left.\n|\n|t:|1698526260\n|switch|p1a: Kyogre|Kyogre|100\/100\n|-weather|RainDance|[from] ability: Drizzle|[of] p1a: Kyogre\n|turn|16\n|\n|t:|1698526277\n|move|p2a: Landorus|Earthquake|p1a: Kyogre\n|-damage|p1a: Kyogre|40\/100\n|move|p1a: Kyogre|Water Spout|p2a: Landorus\n|-supereffective|p2a: Landorus\n|-damage|p2a: Landorus|0 fnt\n|faint|p2a: Landorus\n|\n|-weather|RainDance|[upkeep]\n|-fieldend|move: Electric Terrain\n|upkeep\n|\n|t:|1698526279\n|switch|p2a: Miraidon|Miraidon|100\/100\n|-fieldstart|move: Electric Terrain|[from] ability: Hadron Engine|[of] p2a: Miraidon\n|turn|17\n|inactive|Uber45 has 60 seconds left.\n|\n|t:|1698526317\n|switch|p1a: Skeledirge|Skeledirge, F|41\/100\n|move|p2a: Miraidon|Draco Meteor|p1a: Skeledirge\n|-damage|p1a: Skeledirge|0 fnt\n|-unboost|p2a: Miraidon|spa|2\n|faint|p1a: Skeledirge\n|\n|-weather|RainDance|[upkeep]\n|upkeep\n|\n|t:|1698526319\n|switch|p1a: Clodsire|Clodsire, M|51\/100\n|turn|18\n|\n|t:|1698526322\n|switch|p1a: Kyogre|Kyogre|40\/100\n|move|p2a: Miraidon|Draco Meteor|p1a: Kyogre\n|-damage|p1a: Kyogre|0 fnt\n|-unboost|p2a: Miraidon|spa|2\n|faint|p1a: Kyogre\n|\n|-weather|RainDance|[upkeep]\n|upkeep\n|inactive|Uber45 has 60 seconds left.\n|\n|t:|1698526327\n|switch|p1a: Clodsire|Clodsire, M|51\/100\n|turn|19\n|-message|Uber45 forfeited.\n|\n|win|iambored123\n|n|\u2606Uber45|uber45\n|n|\u2606iambored123|iambored123\n","uploadtime":1698526333,"views":16,"p1id":"uber45","p2id":"iambored123","formatid":"gen9ubers","rating":0,"private":0,"password":""}