{"id":"gen9ubers-1980676137","p1":"Lunestanala","p2":"Blake-Mamba","format":"[Gen 9] Ubers","log":"|j|\u2606Lunestanala\n|j|\u2606Blake-Mamba\n|t:|1698811362\n|gametype|singles\n|player|p1|Lunestanala|unknown|1255\n|player|p2|Blake-Mamba|juan|1348\n|teamsize|p1|6\n|teamsize|p2|6\n|gen|9\n|tier|[Gen 9] Ubers\n|rated|\n|rule|Sleep Clause Mod: Limit one foe put to sleep\n|rule|Species Clause: Limit one of each Pok\u00e9mon\n|rule|OHKO Clause: OHKO moves are banned\n|rule|Evasion Items Clause: Evasion items are banned\n|rule|Evasion Moves Clause: Evasion moves are banned\n|rule|Endless Battle Clause: Forcing endless battles is banned\n|rule|HP Percentage Mod: HP is shown in percentages\n|clearpoke\n|poke|p1|Masquerain, F|\n|poke|p1|Miraidon|\n|poke|p1|Iron Bundle|\n|poke|p1|Iron Treads|\n|poke|p1|Annihilape, F|\n|poke|p1|Koraidon|\n|poke|p2|Ogerpon-Hearthflame, F|\n|poke|p2|Vikavolt, M|\n|poke|p2|Kommo-o, F|\n|poke|p2|Ursaluna-Bloodmoon, M|\n|poke|p2|Yanmega, F|\n|poke|p2|Chandelure, M|\n|teampreview\n|\n|t:|1698811368\n|start\n|switch|p1a: Masquerain|Masquerain, F, shiny|100\/100\n|switch|p2a: Vikavolt|Vikavolt, M|100\/100\n|-ability|p1a: Masquerain|Intimidate|boost\n|-unboost|p2a: Vikavolt|atk|1\n|turn|1\n|c|\u2606Blake-Mamba|Happy Halloween \ud83c\udf83\n|\n|t:|1698811383\n|move|p1a: Masquerain|Sticky Web|p2a: Vikavolt\n|-sidestart|p2: Blake-Mamba|move: Sticky Web\n|move|p2a: Vikavolt|Thunder|p1a: Masquerain|[miss]\n|-miss|p2a: Vikavolt|p1a: Masquerain\n|\n|upkeep\n|turn|2\n|\n|t:|1698811389\n|move|p1a: Masquerain|Air Slash|p2a: Vikavolt\n|-damage|p2a: Vikavolt|68\/100\n|move|p2a: Vikavolt|Sticky Web|p1a: Masquerain\n|-sidestart|p1: Lunestanala|move: Sticky Web\n|\n|upkeep\n|turn|3\n|\n|t:|1698811396\n|move|p1a: Masquerain|Air Slash|p2a: Vikavolt\n|-damage|p2a: Vikavolt|35\/100\n|move|p2a: Vikavolt|Energy Ball|p1a: Masquerain\n|-resisted|p1a: Masquerain\n|-damage|p1a: Masquerain|89\/100\n|\n|upkeep\n|turn|4\n|\n|t:|1698811403\n|move|p1a: Masquerain|Air Slash|p2a: Vikavolt\n|-damage|p2a: Vikavolt|1\/100\n|cant|p2a: Vikavolt|flinch\n|\n|upkeep\n|turn|5\n|\n|t:|1698811408\n|move|p1a: Masquerain|Air Slash|p2a: Vikavolt\n|-damage|p2a: Vikavolt|0 fnt\n|faint|p2a: Vikavolt\n|\n|upkeep\n|\n|t:|1698811414\n|switch|p2a: Yanmega|Yanmega, F, shiny|100\/100\n|turn|6\n|\n|t:|1698811417\n|move|p2a: Yanmega|Protect|p2a: Yanmega\n|-singleturn|p2a: Yanmega|Protect\n|move|p1a: Masquerain|Stun Spore|p2a: Yanmega\n|-activate|p2a: Yanmega|move: Protect\n|\n|-ability|p2a: Yanmega|Speed Boost|boost\n|-boost|p2a: Yanmega|spe|1\n|upkeep\n|turn|7\n|\n|t:|1698811427\n|move|p2a: Yanmega|Air Slash|p1a: Masquerain\n|-supereffective|p1a: Masquerain\n|-damage|p1a: Masquerain|2\/100\n|cant|p1a: Masquerain|flinch\n|\n|-ability|p2a: Yanmega|Speed Boost|boost\n|-boost|p2a: Yanmega|spe|1\n|upkeep\n|turn|8\n|\n|t:|1698811435\n|move|p2a: Yanmega|Bug Buzz|p1a: Masquerain\n|-resisted|p1a: Masquerain\n|-damage|p1a: Masquerain|0 fnt\n|faint|p1a: Masquerain\n|-enditem|p2a: Yanmega|Throat Spray\n|-boost|p2a: Yanmega|spa|1|[from] item: Throat Spray\n|\n|-ability|p2a: Yanmega|Speed Boost|boost\n|-boost|p2a: Yanmega|spe|1\n|upkeep\n|\n|t:|1698811441\n|switch|p1a: Iron Treads|Iron Treads|100\/100\n|turn|9\n|\n|t:|1698811447\n|-terastallize|p2a: Yanmega|Ground\n|move|p2a: Yanmega|Tera Blast|p1a: Iron Treads|[anim] Tera Blast Ground\n|-supereffective|p1a: Iron Treads\n|-damage|p1a: Iron Treads|0 fnt\n|faint|p1a: Iron Treads\n|-end|p1a: Iron Treads|Quark Drive|[silent]\n|\n|-ability|p2a: Yanmega|Speed Boost|boost\n|-boost|p2a: Yanmega|spe|1\n|upkeep\n|\n|t:|1698811465\n|switch|p1a: Koraidon|Koraidon|100\/100\n|-activate|p1a: Koraidon|move: Sticky Web\n|-unboost|p1a: Koraidon|spe|1\n|-weather|SunnyDay|[from] ability: Orichalcum Pulse|[of] p1a: Koraidon\n|-activate|p1a: Koraidon|Orichalcum Pulse|[source]\n|turn|10\n|\n|t:|1698811471\n|-terastallize|p1a: Koraidon|Fire\n|move|p2a: Yanmega|Protect|p2a: Yanmega\n|-singleturn|p2a: Yanmega|Protect\n|move|p1a: Koraidon|Flare Blitz|p2a: Yanmega\n|-activate|p2a: Yanmega|move: Protect\n|\n|-weather|SunnyDay|[upkeep]\n|-ability|p2a: Yanmega|Speed Boost|boost\n|-boost|p2a: Yanmega|spe|1\n|upkeep\n|turn|11\n|\n|t:|1698811481\n|move|p2a: Yanmega|Tera Blast|p1a: Koraidon|[anim] Tera Blast Ground\n|-supereffective|p1a: Koraidon\n|-damage|p1a: Koraidon|0 fnt\n|faint|p1a: Koraidon\n|\n|-weather|SunnyDay|[upkeep]\n|-ability|p2a: Yanmega|Speed Boost|boost\n|-boost|p2a: Yanmega|spe|1\n|upkeep\n|\n|t:|1698811492\n|switch|p1a: Iron Bundle|Iron Bundle|100\/100\n|-activate|p1a: Iron Bundle|move: Sticky Web\n|-unboost|p1a: Iron Bundle|spe|1\n|turn|12\n|\n|t:|1698811496\n|move|p2a: Yanmega|Bug Buzz|p1a: Iron Bundle\n|-damage|p1a: Iron Bundle|0 fnt\n|faint|p1a: Iron Bundle\n|-end|p1a: Iron Bundle|Quark Drive|[silent]\n|\n|-weather|SunnyDay|[upkeep]\n|upkeep\n|\n|t:|1698811500\n|switch|p1a: Annihilape|Annihilape, F, shiny|100\/100\n|-activate|p1a: Annihilape|move: Sticky Web\n|-unboost|p1a: Annihilape|spe|1\n|-ability|p1a: Annihilape|Defiant|boost\n|-boost|p1a: Annihilape|atk|2\n|turn|13\n|\n|t:|1698811507\n|move|p2a: Yanmega|Air Slash|p1a: Annihilape\n|-supereffective|p1a: Annihilape\n|-damage|p1a: Annihilape|0 fnt\n|faint|p1a: Annihilape\n|\n|-weather|SunnyDay|[upkeep]\n|upkeep\n|\n|t:|1698811509\n|switch|p1a: Miraidon|Miraidon|100\/100\n|-activate|p1a: Miraidon|move: Sticky Web\n|-unboost|p1a: Miraidon|spe|1\n|-fieldstart|move: Electric Terrain|[from] ability: Hadron Engine|[of] p1a: Miraidon\n|turn|14\n|c|\u2606Blake-Mamba|Gg\n|-message|Lunestanala forfeited.\n|\n|win|Blake-Mamba\n|raw|Lunestanala's rating: 1255 &rarr; <strong>1237<\/strong><br \/>(-18 for losing)\n|raw|Blake-Mamba's rating: 1348 &rarr; <strong>1363<\/strong><br \/>(+15 for winning)\n|l|\u2606Lunestanala\n","uploadtime":1698811527,"views":12,"p1id":"lunestanala","p2id":"blakemamba","formatid":"gen9ubers","rating":1237,"private":0,"password":""}