{"id":"gen9ubers-1977846268","p1":"LiquidPlazmid77","p2":"ChiefBlueScreen","format":"[Gen 9] Ubers","log":"|j|\u2606LiquidPlazmid77\n|j|\u2606ChiefBlueScreen\n|t:|1698456816\n|gametype|singles\n|player|p1|LiquidPlazmid77|nate|\n|player|p2|ChiefBlueScreen|scientist-gen4dp|\n|teamsize|p1|6\n|teamsize|p2|6\n|gen|9\n|tier|[Gen 9] Ubers\n|rule|Sleep Clause Mod: Limit one foe put to sleep\n|rule|Species Clause: Limit one of each Pok\u00e9mon\n|rule|OHKO Clause: OHKO moves are banned\n|rule|Evasion Items Clause: Evasion items are banned\n|rule|Evasion Moves Clause: Evasion moves are banned\n|rule|Endless Battle Clause: Forcing endless battles is banned\n|rule|HP Percentage Mod: HP is shown in percentages\n|clearpoke\n|poke|p1|Iron Bundle|\n|poke|p1|Ogerpon-Hearthflame, F|\n|poke|p1|Vikavolt, M|\n|poke|p1|Walking Wake|\n|poke|p1|Sandy Shocks|\n|poke|p1|Donphan, M|\n|poke|p2|Roaring Moon|\n|poke|p2|Shiftry, M|\n|poke|p2|Heatran, M|\n|poke|p2|Torkoal, F|\n|poke|p2|Great Tusk|\n|poke|p2|Azumarill, F|\n|teampreview\n|\n|t:|1698456940\n|start\n|switch|p1a: Civil War|Sandy Shocks, shiny|100\/100\n|switch|p2a: Mantis|Azumarill, F|100\/100\n|turn|1\n|\n|t:|1698456971\n|switch|p2a: Hulk|Great Tusk|100\/100\n|move|p1a: Civil War|Volt Switch|p2a: Hulk\n|-immune|p2a: Hulk\n|\n|upkeep\n|turn|2\n|\n|t:|1698456987\n|-end|p1a: Civil War|Protosynthesis|[silent]\n|switch|p1a: Wired|Vikavolt, M|100\/100\n|move|p2a: Hulk|Ice Spinner|p1a: Wired\n|-damage|p1a: Wired|55\/100\n|-damage|p2a: Hulk|91\/100|[from] item: Life Orb\n|\n|upkeep\n|turn|3\n|\n|t:|1698457001\n|move|p2a: Hulk|Rock Slide|p1a: Wired\n|-supereffective|p1a: Wired\n|-damage|p1a: Wired|0 fnt\n|faint|p1a: Wired\n|-damage|p2a: Hulk|81\/100|[from] item: Life Orb\n|\n|upkeep\n|\n|t:|1698457026\n|switch|p1a: Hey Ya!|Iron Bundle, shiny|100\/100\n|turn|4\n|\n|t:|1698457042\n|-end|p2a: Hulk|Protosynthesis|[silent]\n|switch|p2a: Mantis|Azumarill, F|100\/100\n|move|p1a: Hey Ya!|Ice Beam|p2a: Mantis\n|-resisted|p2a: Mantis\n|-damage|p2a: Mantis|74\/100\n|\n|-heal|p2a: Mantis|80\/100|[from] item: Leftovers\n|upkeep\n|turn|5\n|\n|t:|1698457053\n|move|p1a: Hey Ya!|Freeze-Dry|p2a: Mantis\n|-supereffective|p2a: Mantis\n|-damage|p2a: Mantis|0 fnt\n|faint|p2a: Mantis\n|\n|upkeep\n|\n|t:|1698457064\n|switch|p2a: Groot|Shiftry, M|100\/100\n|turn|6\n|\n|t:|1698457076\n|move|p1a: Hey Ya!|Ice Beam|p2a: Groot\n|-supereffective|p2a: Groot\n|-damage|p2a: Groot|0 fnt\n|faint|p2a: Groot\n|\n|upkeep\n|\n|t:|1698457080\n|switch|p2a: Rocket|Torkoal, F|100\/100\n|-weather|SunnyDay|[from] ability: Drought|[of] p2a: Rocket\n|turn|7\n|\n|t:|1698457092\n|move|p1a: Hey Ya!|Hydro Pump|p2a: Rocket\n|-supereffective|p2a: Rocket\n|-damage|p2a: Rocket|0 fnt\n|faint|p2a: Rocket\n|\n|-weather|SunnyDay|[upkeep]\n|upkeep\n|\n|t:|1698457098\n|switch|p2a: Hulk|Great Tusk|81\/100\n|-activate|p2a: Hulk|ability: Protosynthesis\n|-start|p2a: Hulk|protosynthesisatk\n|turn|8\n|\n|t:|1698457103\n|move|p1a: Hey Ya!|Ice Beam|p2a: Hulk\n|-supereffective|p2a: Hulk\n|-damage|p2a: Hulk|0 fnt\n|faint|p2a: Hulk\n|-end|p2a: Hulk|Protosynthesis|[silent]\n|\n|-weather|SunnyDay|[upkeep]\n|upkeep\n|\n|t:|1698457108\n|switch|p2a: MoonKnight|Roaring Moon|100\/100\n|-activate|p2a: MoonKnight|ability: Protosynthesis\n|-start|p2a: MoonKnight|protosynthesisatk\n|turn|9\n|\n|t:|1698457117\n|move|p1a: Hey Ya!|Ice Beam|p2a: MoonKnight\n|-supereffective|p2a: MoonKnight\n|-damage|p2a: MoonKnight|0 fnt\n|faint|p2a: MoonKnight\n|-end|p2a: MoonKnight|Protosynthesis|[silent]\n|\n|-weather|SunnyDay|[upkeep]\n|upkeep\n|\n|t:|1698457122\n|switch|p2a: IronMan|Heatran, M|100\/100\n|-item|p2a: IronMan|Air Balloon\n|turn|10\n|\n|t:|1698457127\n|move|p1a: Hey Ya!|Hydro Pump|p2a: IronMan\n|-supereffective|p2a: IronMan\n|-damage|p2a: IronMan|37\/100\n|-enditem|p2a: IronMan|Air Balloon\n|move|p2a: IronMan|Earth Power|p1a: Hey Ya!\n|-damage|p1a: Hey Ya!|37\/100\n|\n|-weather|SunnyDay|[upkeep]\n|upkeep\n|turn|11\n|\n|t:|1698457141\n|-end|p1a: Hey Ya!|Quark Drive|[silent]\n|switch|p1a: Scary Monsters|Walking Wake|100\/100\n|-activate|p1a: Scary Monsters|ability: Protosynthesis\n|-start|p1a: Scary Monsters|protosynthesisspe\n|move|p2a: IronMan|Earth Power|p1a: Scary Monsters\n|-damage|p1a: Scary Monsters|65\/100\n|\n|-weather|none\n|-end|p1a: Scary Monsters|Protosynthesis\n|upkeep\n|-enditem|p1a: Scary Monsters|Booster Energy\n|-activate|p1a: Scary Monsters|ability: Protosynthesis|[fromitem]\n|-start|p1a: Scary Monsters|protosynthesisspe\n|turn|12\n|\n|t:|1698457154\n|move|p1a: Scary Monsters|Hydro Steam|p2a: IronMan\n|-supereffective|p2a: IronMan\n|-crit|p2a: IronMan\n|-damage|p2a: IronMan|0 fnt\n|faint|p2a: IronMan\n|\n|win|LiquidPlazmid77\n|l|\u2606ChiefBlueScreen\n|player|p1|LiquidPlazmid77|nate\n|j| Map217\n|j| Twinbear\n|l| Map217\n","uploadtime":1698457162,"views":13,"p1id":"liquidplazmid77","p2id":"chiefbluescreen","formatid":"gen9ubers","rating":0,"private":0,"password":""}