{"id":"gen9ubers-1979090917","p1":"Omar_ZX","p2":"royalejh","format":"[Gen 9] Ubers","log":"|j|\u2606Omar_ZX\n|j|\u2606royalejh\n|t:|1698630976\n|gametype|singles\n|player|p1|Omar_ZX|swimmerf-gen4|1118\n|player|p2|royalejh|ghetsis|1244\n|teamsize|p1|6\n|teamsize|p2|6\n|gen|9\n|tier|[Gen 9] Ubers\n|rated|\n|rule|Sleep Clause Mod: Limit one foe put to sleep\n|rule|Species Clause: Limit one of each Pok\u00e9mon\n|rule|OHKO Clause: OHKO moves are banned\n|rule|Evasion Items Clause: Evasion items are banned\n|rule|Evasion Moves Clause: Evasion moves are banned\n|rule|Endless Battle Clause: Forcing endless battles is banned\n|rule|HP Percentage Mod: HP is shown in percentages\n|clearpoke\n|poke|p1|Arceus|\n|poke|p1|Kyogre|\n|poke|p1|Rayquaza|\n|poke|p1|Clodsire, M|\n|poke|p1|Miraidon|\n|poke|p1|Mewtwo|\n|poke|p2|Kyogre|\n|poke|p2|Toxapex, M|\n|poke|p2|Zapdos|\n|poke|p2|Rillaboom, M|\n|poke|p2|Landorus-Therian, M|\n|poke|p2|Dragapult, F|\n|teampreview\n|inactive|Battle timer is ON: inactive players will automatically lose when time's up. (requested by royalejh)\n|\n|t:|1698630993\n|start\n|switch|p1a: Clodsire|Clodsire, M|100\/100\n|switch|p2a: \uace0\ub9b4\ud0c0|Rillaboom, M|100\/100\n|-fieldstart|move: Grassy Terrain|[from] ability: Grassy Surge|[of] p2a: \uace0\ub9b4\ud0c0\n|turn|1\n|\n|t:|1698631002\n|move|p2a: \uace0\ub9b4\ud0c0|High Horsepower|p1a: Clodsire\n|-supereffective|p1a: Clodsire\n|-damage|p1a: Clodsire|0 fnt\n|faint|p1a: Clodsire\n|\n|upkeep\n|\n|t:|1698631021\n|switch|p1a: Rayquaza|Rayquaza, shiny|100\/100\n|-ability|p1a: Rayquaza|Air Lock\n|turn|2\n|inactive|Omar_ZX has 120 seconds left.\n|\n|t:|1698631048\n|switch|p2a: \ub79c\ub4dc\ub85c\uc2a4|Landorus-Therian, M|100\/100\n|-ability|p2a: \ub79c\ub4dc\ub85c\uc2a4|Intimidate|boost\n|-unboost|p1a: Rayquaza|atk|1\n|-terastallize|p1a: Rayquaza|Fairy\n|move|p1a: Rayquaza|Dragon Dance|p1a: Rayquaza\n|-boost|p1a: Rayquaza|atk|1\n|-boost|p1a: Rayquaza|spe|1\n|\n|upkeep\n|turn|3\n|\n|t:|1698631075\n|move|p1a: Rayquaza|Dragon Dance|p1a: Rayquaza\n|-boost|p1a: Rayquaza|atk|1\n|-boost|p1a: Rayquaza|spe|1\n|move|p2a: \ub79c\ub4dc\ub85c\uc2a4|Rock Tomb|p1a: Rayquaza\n|-damage|p1a: Rayquaza|75\/100\n|-unboost|p1a: Rayquaza|spe|1\n|\n|-heal|p1a: Rayquaza|81\/100|[from] Grassy Terrain\n|upkeep\n|turn|4\n|\n|t:|1698631084\n|move|p1a: Rayquaza|Dragon Dance|p1a: Rayquaza\n|-boost|p1a: Rayquaza|atk|1\n|-boost|p1a: Rayquaza|spe|1\n|move|p2a: \ub79c\ub4dc\ub85c\uc2a4|Fly||[still]\n|-prepare|p2a: \ub79c\ub4dc\ub85c\uc2a4|Fly\n|\n|-heal|p1a: Rayquaza|87\/100|[from] Grassy Terrain\n|upkeep\n|turn|5\n|\n|t:|1698631089\n|move|p1a: Rayquaza|Dragon Dance|p1a: Rayquaza\n|-boost|p1a: Rayquaza|atk|1\n|-boost|p1a: Rayquaza|spe|1\n|move|p2a: \ub79c\ub4dc\ub85c\uc2a4|Fly|p1a: Rayquaza|[from]lockedmove\n|-damage|p1a: Rayquaza|37\/100\n|\n|-heal|p1a: Rayquaza|43\/100|[from] Grassy Terrain\n|-fieldend|move: Grassy Terrain\n|upkeep\n|turn|6\n|\n|t:|1698631102\n|move|p1a: Rayquaza|Dragon Ascent|p2a: \ub79c\ub4dc\ub85c\uc2a4\n|-damage|p2a: \ub79c\ub4dc\ub85c\uc2a4|0 fnt\n|-unboost|p1a: Rayquaza|def|1\n|-unboost|p1a: Rayquaza|spd|1\n|faint|p2a: \ub79c\ub4dc\ub85c\uc2a4\n|\n|upkeep\n|\n|t:|1698631109\n|switch|p2a: \uc36c\ub354|Zapdos|100\/100\n|turn|7\n|\n|t:|1698631116\n|move|p1a: Rayquaza|Dragon Ascent|p2a: \uc36c\ub354\n|-resisted|p2a: \uc36c\ub354\n|-damage|p2a: \uc36c\ub354|0 fnt\n|-unboost|p1a: Rayquaza|def|1\n|-unboost|p1a: Rayquaza|spd|1\n|-damage|p1a: Rayquaza|26\/100|[from] item: Rocky Helmet|[of] p2a: \uc36c\ub354\n|faint|p2a: \uc36c\ub354\n|\n|upkeep\n|\n|t:|1698631126\n|switch|p2a: \ub354\uc2dc\ub9c8\uc0ac\ub9ac|Toxapex, M|100\/100\n|turn|8\n|\n|t:|1698631134\n|move|p2a: \ub354\uc2dc\ub9c8\uc0ac\ub9ac|Baneful Bunker|p2a: \ub354\uc2dc\ub9c8\uc0ac\ub9ac\n|-singleturn|p2a: \ub354\uc2dc\ub9c8\uc0ac\ub9ac|move: Protect\n|move|p1a: Rayquaza|Earthquake|p2a: \ub354\uc2dc\ub9c8\uc0ac\ub9ac\n|-activate|p2a: \ub354\uc2dc\ub9c8\uc0ac\ub9ac|move: Protect\n|\n|upkeep\n|turn|9\n|\n|t:|1698631142\n|move|p1a: Rayquaza|Earthquake|p2a: \ub354\uc2dc\ub9c8\uc0ac\ub9ac\n|-supereffective|p2a: \ub354\uc2dc\ub9c8\uc0ac\ub9ac\n|-damage|p2a: \ub354\uc2dc\ub9c8\uc0ac\ub9ac|0 fnt\n|faint|p2a: \ub354\uc2dc\ub9c8\uc0ac\ub9ac\n|\n|upkeep\n|\n|t:|1698631148\n|switch|p2a: \uace0\ub9b4\ud0c0|Rillaboom, M|100\/100\n|-fieldstart|move: Grassy Terrain|[from] ability: Grassy Surge|[of] p2a: \uace0\ub9b4\ud0c0\n|turn|10\n|\n|t:|1698631152\n|move|p2a: \uace0\ub9b4\ud0c0|Grassy Glide|p1a: Rayquaza\n|-damage|p1a: Rayquaza|0 fnt\n|faint|p1a: Rayquaza\n|\n|upkeep\n|\n|t:|1698631163\n|switch|p1a: Kyogre|Kyogre|100\/100\n|-weather|RainDance|[from] ability: Drizzle|[of] p1a: Kyogre\n|turn|11\n|\n|t:|1698631166\n|move|p2a: \uace0\ub9b4\ud0c0|Grassy Glide|p1a: Kyogre\n|-supereffective|p1a: Kyogre\n|-damage|p1a: Kyogre|0 fnt\n|faint|p1a: Kyogre\n|\n|-weather|RainDance|[upkeep]\n|upkeep\n|\n|t:|1698631176\n|switch|p1a: Mewtwo|Mewtwo|100\/100\n|-ability|p1a: Mewtwo|Pressure\n|turn|12\n|\n|t:|1698631184\n|move|p2a: \uace0\ub9b4\ud0c0|Grassy Glide|p1a: Mewtwo\n|-damage|p1a: Mewtwo|52\/100\n|move|p1a: Mewtwo|Ice Beam|p2a: \uace0\ub9b4\ud0c0\n|-supereffective|p2a: \uace0\ub9b4\ud0c0\n|-damage|p2a: \uace0\ub9b4\ud0c0|0 fnt\n|faint|p2a: \uace0\ub9b4\ud0c0\n|\n|-weather|RainDance|[upkeep]\n|-heal|p1a: Mewtwo|58\/100|[from] Grassy Terrain\n|-heal|p1a: Mewtwo|64\/100|[from] item: Leftovers\n|upkeep\n|\n|t:|1698631194\n|switch|p2a: \uac00\uc774\uc624\uac00|Kyogre|100\/100\n|turn|13\n|\n|t:|1698631208\n|move|p2a: \uac00\uc774\uc624\uac00|Water Spout|p1a: Mewtwo\n|-damage|p1a: Mewtwo|0 fnt\n|faint|p1a: Mewtwo\n|\n|-weather|RainDance|[upkeep]\n|upkeep\n|\n|t:|1698631215\n|switch|p1a: Miraidon|Miraidon|100\/100\n|-fieldstart|move: Electric Terrain|[from] ability: Hadron Engine|[of] p1a: Miraidon\n|turn|14\n|\n|t:|1698631220\n|switch|p2a: \ub4dc\ub798\ud384\ud2b8|Dragapult, F|100\/100\n|move|p1a: Miraidon|Electro Drift|p2a: \ub4dc\ub798\ud384\ud2b8\n|-resisted|p2a: \ub4dc\ub798\ud384\ud2b8\n|-damage|p2a: \ub4dc\ub798\ud384\ud2b8|37\/100\n|\n|-weather|RainDance|[upkeep]\n|upkeep\n|turn|15\n|\n|t:|1698631229\n|move|p1a: Miraidon|Electro Drift|p2a: \ub4dc\ub798\ud384\ud2b8\n|-resisted|p2a: \ub4dc\ub798\ud384\ud2b8\n|-damage|p2a: \ub4dc\ub798\ud384\ud2b8|0 fnt\n|faint|p2a: \ub4dc\ub798\ud384\ud2b8\n|\n|-weather|none\n|upkeep\n|\n|t:|1698631235\n|switch|p2a: \uac00\uc774\uc624\uac00|Kyogre|100\/100\n|-weather|RainDance|[from] ability: Drizzle|[of] p2a: \uac00\uc774\uc624\uac00\n|turn|16\n|\n|t:|1698631240\n|move|p2a: \uac00\uc774\uc624\uac00|Ice Beam|p1a: Miraidon\n|-supereffective|p1a: Miraidon\n|-damage|p1a: Miraidon|36\/100\n|move|p1a: Miraidon|Electro Drift|p2a: \uac00\uc774\uc624\uac00\n|-supereffective|p2a: \uac00\uc774\uc624\uac00\n|-damage|p2a: \uac00\uc774\uc624\uac00|0 fnt\n|faint|p2a: \uac00\uc774\uc624\uac00\n|\n|win|Omar_ZX\n|raw|Omar_ZX's rating: 1118 &rarr; <strong>1152<\/strong><br \/>(+34 for winning)\n|raw|royalejh's rating: 1244 &rarr; <strong>1210<\/strong><br \/>(-34 for losing)\n|l|\u2606royalejh\n|c|\u2606Omar_ZX|gg\n","uploadtime":1698631251,"views":16,"p1id":"omarzx","p2id":"royalejh","formatid":"gen9ubers","rating":1152,"private":0,"password":""}