{"id":"gen9ubers-1989278790","p1":"prof beef","p2":"Trossly","format":"[Gen 9] Ubers","log":"|j|\u2606prof beef\n|j|\u2606Trossly\n|t:|1699831154\n|gametype|singles\n|player|p1|prof beef|cynthia-gen4|\n|player|p2|Trossly|swimmerf|\n|teamsize|p1|6\n|teamsize|p2|6\n|gen|9\n|tier|[Gen 9] Ubers\n|rule|Sleep Clause Mod: Limit one foe put to sleep\n|rule|Species Clause: Limit one of each Pok\u00e9mon\n|rule|OHKO Clause: OHKO moves are banned\n|rule|Evasion Items Clause: Evasion items are banned\n|rule|Evasion Moves Clause: Evasion moves are banned\n|rule|Endless Battle Clause: Forcing endless battles is banned\n|rule|HP Percentage Mod: HP is shown in percentages\n|clearpoke\n|poke|p1|Kommo-o, F|\n|poke|p1|Slowking-Galar, F|\n|poke|p1|Heatran, F|\n|poke|p1|Crawdaunt, F|\n|poke|p1|Zangoose, M|\n|poke|p1|Ribombee, M|\n|poke|p2|Dragonite, M|\n|poke|p2|Chi-Yu|\n|poke|p2|Rillaboom, M|\n|poke|p2|Hippowdon, F|\n|poke|p2|Milotic, M|\n|poke|p2|Ting-Lu|\n|teampreview\n|j| KoziolKombat\n|\n|t:|1699831195\n|start\n|switch|p1a: Crawdaunt|Crawdaunt, F|100\/100\n|switch|p2a: Dragonite|Dragonite, M, shiny|100\/100\n|turn|1\n|inactive|Battle timer is ON: inactive players will automatically lose when time's up. (requested by Trossly)\n|\n|t:|1699831201\n|switch|p1a: Kommo-o|Kommo-o, F|100\/100\n|-terastallize|p2a: Dragonite|Normal\n|move|p2a: Dragonite|Dragon Dance|p2a: Dragonite\n|-boost|p2a: Dragonite|atk|1\n|-boost|p2a: Dragonite|spe|1\n|\n|upkeep\n|turn|2\n|\n|t:|1699831223\n|switch|p1a: Zangoose|Zangoose, M, shiny|100\/100\n|move|p2a: Dragonite|Dragon Dance|p2a: Dragonite\n|-boost|p2a: Dragonite|atk|1\n|-boost|p2a: Dragonite|spe|1\n|\n|-status|p1a: Zangoose|tox|[from] item: Toxic Orb\n|upkeep\n|turn|3\n|\n|t:|1699831239\n|move|p2a: Dragonite|Extreme Speed|p1a: Zangoose\n|-damage|p1a: Zangoose|0 fnt\n|faint|p1a: Zangoose\n|\n|upkeep\n|inactive|prof beef has 270 seconds left.\n|\n|t:|1699831264\n|switch|p1a: Ribombee|Ribombee, M, shiny|100\/100\n|turn|4\n|\n|t:|1699831268\n|move|p2a: Dragonite|Extreme Speed|p1a: Ribombee\n|-enditem|p1a: Ribombee|Focus Sash\n|-damage|p1a: Ribombee|1\/100\n|move|p1a: Ribombee|Sticky Web|p2a: Dragonite\n|-sidestart|p2: Trossly|move: Sticky Web\n|\n|upkeep\n|turn|5\n|inactive|prof beef has 270 seconds left.\n|\n|t:|1699831279\n|move|p2a: Dragonite|Extreme Speed|p1a: Ribombee\n|-damage|p1a: Ribombee|0 fnt\n|faint|p1a: Ribombee\n|\n|upkeep\n|inactive|prof beef has 270 seconds left.\n|inactive|prof beef has 240 seconds left.\n|\n|t:|1699831326\n|switch|p1a: Slowking|Slowking-Galar, F|100\/100\n|turn|6\n|\n|t:|1699831333\n|move|p2a: Dragonite|Extreme Speed|p1a: Slowking\n|-damage|p1a: Slowking|13\/100\n|move|p1a: Slowking|Sludge Bomb|p2a: Dragonite\n|-damage|p2a: Dragonite|82\/100\n|\n|upkeep\n|turn|7\n|inactive|prof beef has 240 seconds left.\n|\n|t:|1699831341\n|move|p2a: Dragonite|Extreme Speed|p1a: Slowking\n|-damage|p1a: Slowking|0 fnt\n|faint|p1a: Slowking\n|\n|upkeep\n|inactive|prof beef has 240 seconds left.\n|\n|t:|1699831355\n|switch|p1a: Crawdaunt|Crawdaunt, F|100\/100\n|turn|8\n|inactive|prof beef has 240 seconds left.\n|\n|t:|1699831363\n|move|p2a: Dragonite|Extreme Speed|p1a: Crawdaunt\n|-damage|p1a: Crawdaunt|0 fnt\n|faint|p1a: Crawdaunt\n|\n|upkeep\n|inactive|prof beef has 240 seconds left.\n|\n|t:|1699831373\n|switch|p1a: Heatran|Heatran, F, shiny|100\/100\n|-item|p1a: Heatran|Air Balloon\n|turn|9\n|\n|t:|1699831378\n|move|p2a: Dragonite|Extreme Speed|p1a: Heatran\n|-resisted|p1a: Heatran\n|-damage|p1a: Heatran|62\/100\n|-enditem|p1a: Heatran|Air Balloon\n|move|p1a: Heatran|Magma Storm|p2a: Dragonite\n|-crit|p2a: Dragonite\n|-damage|p2a: Dragonite|14\/100\n|-activate|p2a: Dragonite|move: Magma Storm|[of] p1a: Heatran\n|\n|-damage|p2a: Dragonite|1\/100|[from] move: Magma Storm|[partiallytrapped]\n|upkeep\n|turn|10\n|\n|t:|1699831388\n|move|p2a: Dragonite|Extreme Speed|p1a: Heatran\n|-resisted|p1a: Heatran\n|-damage|p1a: Heatran|26\/100\n|move|p1a: Heatran|Magma Storm|p2a: Dragonite\n|-damage|p2a: Dragonite|0 fnt\n|faint|p2a: Dragonite\n|\n|upkeep\n|\n|t:|1699831397\n|switch|p2a: Milotic|Milotic, M, shiny|100\/100\n|turn|11\n|\n|t:|1699831410\n|move|p2a: Milotic|Scald|p1a: Heatran\n|-supereffective|p1a: Heatran\n|-damage|p1a: Heatran|0 fnt\n|faint|p1a: Heatran\n|\n|upkeep\n|\n|t:|1699831417\n|switch|p1a: Kommo-o|Kommo-o, F|100\/100\n|turn|12\n|\n|t:|1699831421\n|move|p1a: Kommo-o|Clangorous Soul|p1a: Kommo-o\n|-boost|p1a: Kommo-o|atk|1\n|-boost|p1a: Kommo-o|def|1\n|-boost|p1a: Kommo-o|spa|1\n|-boost|p1a: Kommo-o|spd|1\n|-boost|p1a: Kommo-o|spe|1\n|-damage|p1a: Kommo-o|68\/100\n|-enditem|p1a: Kommo-o|Throat Spray\n|-boost|p1a: Kommo-o|spa|1|[from] item: Throat Spray\n|move|p2a: Milotic|Mirror Coat||[still]\n|-fail|p2a: Milotic\n|\n|upkeep\n|turn|13\n|inactive|prof beef has 270 seconds left.\n|\n|t:|1699831435\n|move|p1a: Kommo-o|Clanging Scales|p2a: Milotic\n|-damage|p2a: Milotic|47\/100\n|-unboost|p1a: Kommo-o|def|1\n|move|p2a: Milotic|Haze|p2a: Milotic\n|-clearallboost\n|\n|upkeep\n|turn|14\n|inactive|prof beef has 270 seconds left.\n|\n|t:|1699831445\n|move|p1a: Kommo-o|Clanging Scales|p2a: Milotic\n|-damage|p2a: Milotic|20\/100\n|-unboost|p1a: Kommo-o|def|1\n|move|p2a: Milotic|Recover|p2a: Milotic\n|-heal|p2a: Milotic|70\/100\n|\n|upkeep\n|turn|15\n|\n|t:|1699831453\n|move|p1a: Kommo-o|Clanging Scales|p2a: Milotic\n|-damage|p2a: Milotic|42\/100\n|-unboost|p1a: Kommo-o|def|1\n|move|p2a: Milotic|Mirror Coat|p1a: Kommo-o\n|-damage|p1a: Kommo-o|0 fnt\n|faint|p1a: Kommo-o\n|\n|win|Trossly\n","uploadtime":1699831462,"views":19,"p1id":"profbeef","p2id":"trossly","formatid":"gen9ubers","rating":0,"private":0,"password":""}