{"id":"gen9ubers-1972676533","p1":"tupokeabuela","p2":"trialteam98","format":"[Gen 9] Ubers","log":"|j|\u2606tupokeabuela\n|j|\u2606trialteam98\n|t:|1697875673\n|gametype|singles\n|player|p1|tupokeabuela|pokemaniac|1110\n|player|p2|trialteam98|lady-gen4|1173\n|teamsize|p1|6\n|teamsize|p2|6\n|gen|9\n|tier|[Gen 9] Ubers\n|rated|\n|rule|Sleep Clause Mod: Limit one foe put to sleep\n|rule|Species Clause: Limit one of each Pok\u00e9mon\n|rule|OHKO Clause: OHKO moves are banned\n|rule|Evasion Items Clause: Evasion items are banned\n|rule|Evasion Moves Clause: Evasion moves are banned\n|rule|Endless Battle Clause: Forcing endless battles is banned\n|rule|HP Percentage Mod: HP is shown in percentages\n|clearpoke\n|poke|p1|Cyclizar, M|\n|poke|p1|Miraidon|\n|poke|p1|Grimmsnarl, M|\n|poke|p1|Chien-Pao|\n|poke|p1|Flutter Mane|\n|poke|p1|Koraidon|\n|poke|p2|Koraidon|\n|poke|p2|Miraidon|\n|poke|p2|Walking Wake|\n|poke|p2|Zoroark-Hisui, M|\n|poke|p2|Flutter Mane|\n|poke|p2|Annihilape, F|\n|teampreview\n|\n|t:|1697875681\n|start\n|switch|p1a: Flutter Mane|Flutter Mane|100\/100\n|switch|p2a: Annihilape|Annihilape, F|100\/100\n|-enditem|p1a: Flutter Mane|Booster Energy\n|-activate|p1a: Flutter Mane|ability: Protosynthesis|[fromitem]\n|-start|p1a: Flutter Mane|protosynthesisspe\n|turn|1\n|\n|t:|1697875689\n|-terastallize|p1a: Flutter Mane|Fire\n|move|p1a: Flutter Mane|Moonblast|p2a: Annihilape\n|-enditem|p2a: Annihilape|Focus Sash\n|-damage|p2a: Annihilape|1\/100\n|replace|p2a: Zoroark|Zoroark-Hisui, M\n|-end|p2a: Zoroark|Illusion\n|move|p2a: Zoroark|Bitter Malice|p1a: Flutter Mane\n|-damage|p1a: Flutter Mane|59\/100\n|-unboost|p1a: Flutter Mane|atk|1\n|\n|upkeep\n|turn|2\n|\n|t:|1697875701\n|move|p1a: Flutter Mane|Tera Blast|p2a: Zoroark|[anim] Tera Blast Fire\n|-damage|p2a: Zoroark|0 fnt\n|faint|p2a: Zoroark\n|\n|upkeep\n|inactive|Battle timer is ON: inactive players will automatically lose when time's up. (requested by tupokeabuela)\n|\n|t:|1697875730\n|switch|p2a: Koraidon|Koraidon|100\/100\n|-weather|SunnyDay|[from] ability: Orichalcum Pulse|[of] p2a: Koraidon\n|-activate|p2a: Koraidon|Orichalcum Pulse|[source]\n|turn|3\n|\n|t:|1697875752\n|-terastallize|p2a: Koraidon|Steel\n|move|p1a: Flutter Mane|Moonblast|p2a: Koraidon\n|-resisted|p2a: Koraidon\n|-damage|p2a: Koraidon|77\/100\n|move|p2a: Koraidon|Collision Course|p1a: Flutter Mane\n|-damage|p1a: Flutter Mane|0 fnt\n|faint|p1a: Flutter Mane\n|-end|p1a: Flutter Mane|Protosynthesis|[silent]\n|-damage|p2a: Koraidon|67\/100|[from] item: Life Orb\n|\n|-weather|SunnyDay|[upkeep]\n|upkeep\n|\n|t:|1697875762\n|switch|p1a: Koraidon|Koraidon|100\/100\n|-activate|p1a: Koraidon|ability: Orichalcum Pulse\n|turn|4\n|\n|t:|1697875770\n|move|p2a: Koraidon|Collision Course|p1a: Koraidon\n|-damage|p1a: Koraidon|14\/100\n|-damage|p2a: Koraidon|57\/100|[from] item: Life Orb\n|move|p1a: Koraidon|Flame Charge|p2a: Koraidon\n|-supereffective|p2a: Koraidon\n|-damage|p2a: Koraidon|0 fnt\n|-boost|p1a: Koraidon|spe|1\n|faint|p2a: Koraidon\n|\n|-weather|SunnyDay|[upkeep]\n|-heal|p1a: Koraidon|20\/100|[from] item: Leftovers\n|upkeep\n|\n|t:|1697875781\n|switch|p2a: Flutter Mane|Flutter Mane|100\/100\n|-activate|p2a: Flutter Mane|ability: Protosynthesis\n|-start|p2a: Flutter Mane|protosynthesisspe\n|turn|5\n|\n|t:|1697875789\n|move|p1a: Koraidon|Flame Charge|p2a: Flutter Mane\n|-damage|p2a: Flutter Mane|23\/100\n|-boost|p1a: Koraidon|spe|1\n|move|p2a: Flutter Mane|Moonblast|p1a: Koraidon\n|-supereffective|p1a: Koraidon\n|-damage|p1a: Koraidon|0 fnt\n|faint|p1a: Koraidon\n|\n|-weather|SunnyDay|[upkeep]\n|upkeep\n|inactive|tupokeabuela has 120 seconds left.\n|\n|t:|1697875816\n|switch|p1a: Cyclizar|Cyclizar, M|100\/100\n|turn|6\n|\n|t:|1697875821\n|move|p2a: Flutter Mane|Moonblast|p1a: Cyclizar\n|-supereffective|p1a: Cyclizar\n|-damage|p1a: Cyclizar|0 fnt\n|faint|p1a: Cyclizar\n|\n|-weather|SunnyDay|[upkeep]\n|upkeep\n|\n|t:|1697875826\n|switch|p1a: Chien-Pao|Chien-Pao|100\/100\n|-ability|p1a: Chien-Pao|Sword of Ruin\n|turn|7\n|\n|t:|1697875830\n|move|p2a: Flutter Mane|Moonblast|p1a: Chien-Pao\n|-supereffective|p1a: Chien-Pao\n|-damage|p1a: Chien-Pao|0 fnt\n|faint|p1a: Chien-Pao\n|\n|-weather|none\n|-end|p2a: Flutter Mane|Protosynthesis\n|upkeep\n|\n|t:|1697875833\n|switch|p1a: Miraidon|Miraidon|100\/100\n|-fieldstart|move: Electric Terrain|[from] ability: Hadron Engine|[of] p1a: Miraidon\n|turn|8\n|\n|t:|1697875836\n|move|p2a: Flutter Mane|Moonblast|p1a: Miraidon\n|-supereffective|p1a: Miraidon\n|-damage|p1a: Miraidon|0 fnt\n|faint|p1a: Miraidon\n|\n|upkeep\n|\n|t:|1697875839\n|switch|p1a: Grimmsnarl|Grimmsnarl, M|100\/100\n|turn|9\n|-message|tupokeabuela forfeited.\n|\n|win|trialteam98\n|raw|tupokeabuela's rating: 1110 &rarr; <strong>1089<\/strong><br \/>(-21 for losing)\n|raw|trialteam98's rating: 1173 &rarr; <strong>1194<\/strong><br \/>(+21 for winning)\n|l|\u2606tupokeabuela\n","uploadtime":1697875846,"views":14,"p1id":"tupokeabuela","p2id":"trialteam98","formatid":"gen9ubers","rating":1089,"private":0,"password":""}