{"id":"gen9ubers-1985486555","p1":"BippytheChippy","p2":"Sloopynoodles","format":"[Gen 9] Ubers","log":"|j|\u2606BippytheChippy\n|j|\u2606Sloopynoodles\n|t:|1699378652\n|gametype|singles\n|player|p1|BippytheChippy|n|1156\n|player|p2|Sloopynoodles|265|1095\n|teamsize|p1|6\n|teamsize|p2|6\n|gen|9\n|tier|[Gen 9] Ubers\n|rated|\n|rule|Sleep Clause Mod: Limit one foe put to sleep\n|rule|Species Clause: Limit one of each Pok\u00e9mon\n|rule|OHKO Clause: OHKO moves are banned\n|rule|Evasion Items Clause: Evasion items are banned\n|rule|Evasion Moves Clause: Evasion moves are banned\n|rule|Endless Battle Clause: Forcing endless battles is banned\n|rule|HP Percentage Mod: HP is shown in percentages\n|clearpoke\n|poke|p1|Groudon|\n|poke|p1|Koraidon|\n|poke|p1|Flutter Mane|\n|poke|p1|Chi-Yu|\n|poke|p1|Great Tusk|\n|poke|p1|Skeledirge, M|\n|poke|p2|Lurantis, M|\n|poke|p2|Iron Treads|\n|poke|p2|Torterra, F|\n|poke|p2|Ogerpon-Hearthflame, F|\n|poke|p2|Kleavor, M|\n|poke|p2|Ursaluna, M|\n|teampreview\n|c|\u2606BippytheChippy|glhf\n|\n|t:|1699378664\n|start\n|switch|p1a: Granola|Groudon|100\/100\n|switch|p2a: Lurantis|Lurantis, M, shiny|100\/100\n|-weather|SunnyDay|[from] ability: Drought|[of] p1a: Granola\n|turn|1\n|c|\u2606Sloopynoodles|k\n|\n|t:|1699378673\n|move|p1a: Granola|Will-O-Wisp|p2a: Lurantis\n|-status|p2a: Lurantis|brn\n|move|p2a: Lurantis|Leaf Storm|p1a: Granola\n|-supereffective|p1a: Granola\n|-damage|p1a: Granola|54\/100\n|-boost|p2a: Lurantis|spa|2\n|\n|-weather|SunnyDay|[upkeep]\n|-damage|p2a: Lurantis|94\/100 brn|[from] brn\n|upkeep\n|turn|2\n|\n|t:|1699378681\n|move|p1a: Granola|Stealth Rock|p2a: Lurantis\n|-sidestart|p2: Sloopynoodles|move: Stealth Rock\n|move|p2a: Lurantis|Leaf Storm|p1a: Granola\n|-supereffective|p1a: Granola\n|-damage|p1a: Granola|0 fnt\n|-boost|p2a: Lurantis|spa|2\n|faint|p1a: Granola\n|\n|-weather|SunnyDay|[upkeep]\n|-damage|p2a: Lurantis|88\/100 brn|[from] brn\n|upkeep\n|\n|t:|1699378684\n|switch|p1a: Crock-Pot|Skeledirge, M|100\/100\n|turn|3\n|\n|t:|1699378694\n|move|p1a: Crock-Pot|Night Shade|p2a: Lurantis\n|-damage|p2a: Lurantis|59\/100 brn\n|move|p2a: Lurantis|Leaf Storm|p1a: Crock-Pot\n|-resisted|p1a: Crock-Pot\n|-damage|p1a: Crock-Pot|87\/100\n|-boost|p2a: Lurantis|spa|2\n|\n|-weather|SunnyDay|[upkeep]\n|-heal|p1a: Crock-Pot|93\/100|[from] item: Leftovers\n|-damage|p2a: Lurantis|53\/100 brn|[from] brn\n|upkeep\n|turn|4\n|\n|t:|1699378698\n|move|p1a: Crock-Pot|Night Shade|p2a: Lurantis\n|-damage|p2a: Lurantis|24\/100 brn\n|move|p2a: Lurantis|Leaf Storm|p1a: Crock-Pot\n|-resisted|p1a: Crock-Pot\n|-damage|p1a: Crock-Pot|79\/100\n|\n|-weather|SunnyDay|[upkeep]\n|-heal|p1a: Crock-Pot|85\/100|[from] item: Leftovers\n|-damage|p2a: Lurantis|18\/100 brn|[from] brn\n|upkeep\n|turn|5\n|\n|t:|1699378705\n|move|p1a: Crock-Pot|Night Shade|p2a: Lurantis\n|-damage|p2a: Lurantis|0 fnt\n|faint|p2a: Lurantis\n|\n|-weather|SunnyDay|[upkeep]\n|-heal|p1a: Crock-Pot|91\/100|[from] item: Leftovers\n|upkeep\n|\n|t:|1699378707\n|switch|p2a: Iron Treads|Iron Treads|100\/100\n|-damage|p2a: Iron Treads|98\/100|[from] Stealth Rock\n|-enditem|p2a: Iron Treads|Booster Energy\n|-activate|p2a: Iron Treads|ability: Quark Drive|[fromitem]\n|-start|p2a: Iron Treads|quarkdrivespe\n|turn|6\n|\n|t:|1699378714\n|move|p2a: Iron Treads|Rapid Spin|p1a: Crock-Pot\n|-immune|p1a: Crock-Pot\n|move|p1a: Crock-Pot|Will-O-Wisp|p2a: Iron Treads|[miss]\n|-miss|p1a: Crock-Pot|p2a: Iron Treads\n|\n|-weather|SunnyDay|[upkeep]\n|-heal|p1a: Crock-Pot|97\/100|[from] item: Leftovers\n|upkeep\n|turn|7\n|\n|t:|1699378732\n|move|p2a: Iron Treads|Iron Defense|p2a: Iron Treads\n|-boost|p2a: Iron Treads|def|2\n|move|p1a: Crock-Pot|Will-O-Wisp|p2a: Iron Treads|[miss]\n|-miss|p1a: Crock-Pot|p2a: Iron Treads\n|\n|-weather|SunnyDay|[upkeep]\n|-heal|p1a: Crock-Pot|100\/100|[from] item: Leftovers\n|upkeep\n|turn|8\n|\n|t:|1699378734\n|move|p2a: Iron Treads|Iron Defense|p2a: Iron Treads\n|-boost|p2a: Iron Treads|def|2\n|move|p1a: Crock-Pot|Will-O-Wisp|p2a: Iron Treads\n|-status|p2a: Iron Treads|brn\n|\n|-weather|none\n|-damage|p2a: Iron Treads|92\/100 brn|[from] brn\n|upkeep\n|turn|9\n|\n|t:|1699378737\n|move|p2a: Iron Treads|Iron Defense|p2a: Iron Treads\n|-boost|p2a: Iron Treads|def|2\n|move|p1a: Crock-Pot|Encore|p2a: Iron Treads\n|-start|p2a: Iron Treads|Encore\n|\n|-damage|p2a: Iron Treads|86\/100 brn|[from] brn\n|upkeep\n|turn|10\n|\n|t:|1699378742\n|move|p2a: Iron Treads|Iron Defense|p2a: Iron Treads\n|-boost|p2a: Iron Treads|def|0\n|move|p1a: Crock-Pot|Night Shade|p2a: Iron Treads\n|-damage|p2a: Iron Treads|60\/100 brn\n|\n|-damage|p2a: Iron Treads|54\/100 brn|[from] brn\n|upkeep\n|turn|11\n|\n|t:|1699378744\n|move|p2a: Iron Treads|Iron Defense|p2a: Iron Treads\n|-boost|p2a: Iron Treads|def|0\n|move|p1a: Crock-Pot|Night Shade|p2a: Iron Treads\n|-damage|p2a: Iron Treads|27\/100 brn\n|\n|-damage|p2a: Iron Treads|21\/100 brn|[from] brn\n|upkeep\n|turn|12\n|\n|t:|1699378745\n|move|p2a: Iron Treads|Iron Defense|p2a: Iron Treads\n|-boost|p2a: Iron Treads|def|0\n|move|p1a: Crock-Pot|Night Shade|p2a: Iron Treads\n|-damage|p2a: Iron Treads|0 fnt\n|faint|p2a: Iron Treads\n|-end|p2a: Iron Treads|Quark Drive|[silent]\n|\n|upkeep\n|\n|t:|1699378751\n|switch|p2a: Kleavor|Kleavor, M|100\/100\n|-damage|p2a: Kleavor|76\/100|[from] Stealth Rock\n|turn|13\n|\n|t:|1699378755\n|move|p2a: Kleavor|Stone Axe|p1a: Crock-Pot\n|-supereffective|p1a: Crock-Pot\n|-damage|p1a: Crock-Pot|17\/100\n|-sidestart|p1: BippytheChippy|move: Stealth Rock\n|move|p1a: Crock-Pot|Will-O-Wisp|p2a: Kleavor\n|-status|p2a: Kleavor|brn\n|\n|-heal|p1a: Crock-Pot|23\/100|[from] item: Leftovers\n|-damage|p2a: Kleavor|70\/100 brn|[from] brn\n|upkeep\n|turn|14\n|\n|t:|1699378765\n|move|p2a: Kleavor|Stone Axe|p1a: Crock-Pot|[miss]\n|-miss|p2a: Kleavor|p1a: Crock-Pot\n|move|p1a: Crock-Pot|Slack Off|p1a: Crock-Pot\n|-heal|p1a: Crock-Pot|73\/100\n|\n|-heal|p1a: Crock-Pot|79\/100|[from] item: Leftovers\n|-damage|p2a: Kleavor|63\/100 brn|[from] brn\n|upkeep\n|turn|15\n|\n|t:|1699378769\n|move|p2a: Kleavor|Stone Axe|p1a: Crock-Pot\n|-supereffective|p1a: Crock-Pot\n|-damage|p1a: Crock-Pot|39\/100\n|move|p1a: Crock-Pot|Night Shade|p2a: Kleavor\n|-damage|p2a: Kleavor|28\/100 brn\n|\n|-heal|p1a: Crock-Pot|45\/100|[from] item: Leftovers\n|-damage|p2a: Kleavor|22\/100 brn|[from] brn\n|upkeep\n|turn|16\n|\n|t:|1699378774\n|-terastallize|p1a: Crock-Pot|Steel\n|move|p2a: Kleavor|Stone Axe|p1a: Crock-Pot\n|-resisted|p1a: Crock-Pot\n|-damage|p1a: Crock-Pot|34\/100\n|move|p1a: Crock-Pot|Slack Off|p1a: Crock-Pot\n|-heal|p1a: Crock-Pot|84\/100\n|\n|-heal|p1a: Crock-Pot|90\/100|[from] item: Leftovers\n|-damage|p2a: Kleavor|16\/100 brn|[from] brn\n|upkeep\n|turn|17\n|\n|t:|1699378785\n|move|p2a: Kleavor|X-Scissor|p1a: Crock-Pot\n|-resisted|p1a: Crock-Pot\n|-damage|p1a: Crock-Pot|77\/100\n|move|p1a: Crock-Pot|Night Shade|p2a: Kleavor\n|-damage|p2a: Kleavor|0 fnt\n|faint|p2a: Kleavor\n|\n|-heal|p1a: Crock-Pot|83\/100|[from] item: Leftovers\n|upkeep\n|\n|t:|1699378788\n|switch|p2a: Torterra|Torterra, F|100\/100\n|-damage|p2a: Torterra|94\/100|[from] Stealth Rock\n|turn|18\n|\n|t:|1699378793\n|move|p2a: Torterra|Shell Smash|p2a: Torterra\n|-unboost|p2a: Torterra|def|1\n|-unboost|p2a: Torterra|spd|1\n|-boost|p2a: Torterra|atk|2\n|-boost|p2a: Torterra|spa|2\n|-boost|p2a: Torterra|spe|2\n|-enditem|p2a: Torterra|White Herb\n|-clearnegativeboost|p2a: Torterra|[silent]\n|move|p1a: Crock-Pot|Will-O-Wisp|p2a: Torterra\n|-status|p2a: Torterra|brn\n|\n|-heal|p1a: Crock-Pot|89\/100|[from] item: Leftovers\n|-damage|p2a: Torterra|88\/100 brn|[from] brn\n|upkeep\n|turn|19\n|\n|t:|1699378798\n|move|p2a: Torterra|Headlong Rush|p1a: Crock-Pot\n|-supereffective|p1a: Crock-Pot\n|-damage|p1a: Crock-Pot|41\/100\n|-unboost|p2a: Torterra|def|1\n|-unboost|p2a: Torterra|spd|1\n|move|p1a: Crock-Pot|Night Shade|p2a: Torterra\n|-damage|p2a: Torterra|58\/100 brn\n|\n|-heal|p1a: Crock-Pot|47\/100|[from] item: Leftovers\n|-damage|p2a: Torterra|52\/100 brn|[from] brn\n|upkeep\n|turn|20\n|\n|t:|1699378808\n|move|p2a: Torterra|Iron Defense|p2a: Torterra\n|-boost|p2a: Torterra|def|2\n|move|p1a: Crock-Pot|Slack Off|p1a: Crock-Pot\n|-heal|p1a: Crock-Pot|97\/100\n|\n|-heal|p1a: Crock-Pot|100\/100|[from] item: Leftovers\n|-damage|p2a: Torterra|46\/100 brn|[from] brn\n|upkeep\n|turn|21\n|\n|t:|1699378811\n|move|p2a: Torterra|Iron Defense|p2a: Torterra\n|-boost|p2a: Torterra|def|2\n|move|p1a: Crock-Pot|Encore|p2a: Torterra\n|-start|p2a: Torterra|Encore\n|\n|-damage|p2a: Torterra|40\/100 brn|[from] brn\n|upkeep\n|turn|22\n|\n|t:|1699378821\n|move|p2a: Torterra|Iron Defense|p2a: Torterra\n|-boost|p2a: Torterra|def|2\n|move|p1a: Crock-Pot|Night Shade|p2a: Torterra\n|-damage|p2a: Torterra|10\/100 brn\n|\n|-damage|p2a: Torterra|4\/100 brn|[from] brn\n|upkeep\n|turn|23\n|\n|t:|1699378827\n|move|p2a: Torterra|Iron Defense|p2a: Torterra\n|-boost|p2a: Torterra|def|1\n|move|p1a: Crock-Pot|Night Shade|p2a: Torterra\n|-damage|p2a: Torterra|0 fnt\n|faint|p2a: Torterra\n|\n|upkeep\n|\n|t:|1699378829\n|switch|p2a: Ogerpon|Ogerpon-Hearthflame, F|100\/100\n|-damage|p2a: Ogerpon|76\/100|[from] Stealth Rock\n|-ability|p2a: Ogerpon|Mold Breaker\n|turn|24\n|\n|t:|1699378836\n|-terastallize|p2a: Ogerpon|Fire\n|detailschange|p2a: Ogerpon|Ogerpon-Hearthflame-Tera, F, tera:Fire\n|-ability|p2a: Ogerpon|Embody Aspect (Hearthflame)|boost\n|-boost|p2a: Ogerpon|atk|1\n|move|p2a: Ogerpon|Swords Dance|p2a: Ogerpon\n|-boost|p2a: Ogerpon|atk|2\n|move|p1a: Crock-Pot|Encore|p2a: Ogerpon\n|-start|p2a: Ogerpon|Encore\n|\n|upkeep\n|turn|25\n|\n|t:|1699378847\n|move|p2a: Ogerpon|Swords Dance|p2a: Ogerpon\n|-boost|p2a: Ogerpon|atk|2\n|move|p1a: Crock-Pot|Night Shade|p2a: Ogerpon\n|-damage|p2a: Ogerpon|42\/100\n|\n|upkeep\n|turn|26\n|\n|t:|1699378851\n|move|p2a: Ogerpon|Swords Dance|p2a: Ogerpon\n|-boost|p2a: Ogerpon|atk|1\n|move|p1a: Crock-Pot|Night Shade|p2a: Ogerpon\n|-damage|p2a: Ogerpon|9\/100\n|\n|upkeep\n|turn|27\n|\n|t:|1699378854\n|move|p2a: Ogerpon|Swords Dance|p2a: Ogerpon\n|-boost|p2a: Ogerpon|atk|0\n|move|p1a: Crock-Pot|Night Shade|p2a: Ogerpon\n|-damage|p2a: Ogerpon|0 fnt\n|faint|p2a: Ogerpon\n|\n|upkeep\n|\n|t:|1699378856\n|switch|p2a: Ursaluna|Ursaluna, M|100\/100\n|-damage|p2a: Ursaluna|94\/100|[from] Stealth Rock\n|turn|28\n|\n|t:|1699378860\n|move|p1a: Crock-Pot|Will-O-Wisp|p2a: Ursaluna\n|-status|p2a: Ursaluna|brn\n|move|p2a: Ursaluna|Avalanche|p1a: Crock-Pot\n|-resisted|p1a: Crock-Pot\n|-damage|p1a: Crock-Pot|86\/100\n|\n|-heal|p1a: Crock-Pot|92\/100|[from] item: Leftovers\n|-damage|p2a: Ursaluna|88\/100 brn|[from] brn\n|upkeep\n|turn|29\n|\n|t:|1699378867\n|move|p1a: Crock-Pot|Encore|p2a: Ursaluna\n|-start|p2a: Ursaluna|Encore\n|move|p2a: Ursaluna|Avalanche|p1a: Crock-Pot\n|-resisted|p1a: Crock-Pot\n|-damage|p1a: Crock-Pot|77\/100\n|\n|-heal|p1a: Crock-Pot|83\/100|[from] item: Leftovers\n|-damage|p2a: Ursaluna|82\/100 brn|[from] brn\n|upkeep\n|turn|30\n|\n|t:|1699378881\n|move|p1a: Crock-Pot|Night Shade|p2a: Ursaluna\n|-immune|p2a: Ursaluna\n|move|p2a: Ursaluna|Avalanche|p1a: Crock-Pot\n|-resisted|p1a: Crock-Pot\n|-damage|p1a: Crock-Pot|68\/100\n|\n|-heal|p1a: Crock-Pot|74\/100|[from] item: Leftovers\n|-damage|p2a: Ursaluna|76\/100 brn|[from] brn\n|upkeep\n|turn|31\n|\n|t:|1699378884\n|move|p1a: Crock-Pot|Night Shade|p2a: Ursaluna\n|-immune|p2a: Ursaluna\n|move|p2a: Ursaluna|Avalanche|p1a: Crock-Pot\n|-resisted|p1a: Crock-Pot\n|-damage|p1a: Crock-Pot|60\/100\n|\n|-heal|p1a: Crock-Pot|66\/100|[from] item: Leftovers\n|-damage|p2a: Ursaluna|70\/100 brn|[from] brn\n|-end|p2a: Ursaluna|Encore\n|upkeep\n|turn|32\n|\n|t:|1699378892\n|move|p1a: Crock-Pot|Slack Off|p1a: Crock-Pot\n|-heal|p1a: Crock-Pot|100\/100\n|move|p2a: Ursaluna|Earthquake|p1a: Crock-Pot\n|-supereffective|p1a: Crock-Pot\n|-damage|p1a: Crock-Pot|0 fnt\n|faint|p1a: Crock-Pot\n|\n|-damage|p2a: Ursaluna|64\/100 brn|[from] brn\n|upkeep\n|\n|t:|1699378900\n|switch|p1a: Phanty|Great Tusk|100\/100\n|turn|33\n|\n|t:|1699378915\n|move|p1a: Phanty|Close Combat|p2a: Ursaluna\n|-supereffective|p2a: Ursaluna\n|-damage|p2a: Ursaluna|0 fnt\n|-unboost|p1a: Phanty|def|1\n|-unboost|p1a: Phanty|spd|1\n|faint|p2a: Ursaluna\n|\n|win|BippytheChippy\n|raw|BippytheChippy's rating: 1156 &rarr; <strong>1177<\/strong><br \/>(+21 for winning)\n|raw|Sloopynoodles's rating: 1095 &rarr; <strong>1075<\/strong><br \/>(-20 for losing)\n|c|\u2606BippytheChippy|gg\n|l|\u2606Sloopynoodles\n","uploadtime":1699378926,"views":4,"p1id":"bippythechippy","p2id":"sloopynoodles","formatid":"gen9ubers","rating":1075,"private":0,"password":""}