{"id":"gen9ubers-1976970405","p1":"FLA SaFe Donnel","p2":"joulpa","format":"[Gen 9] Ubers","log":"|j|\u2606FLA SaFe Donnel\n|j|\u2606joulpa\n|t:|1698357327\n|gametype|singles\n|player|p1|FLA SaFe Donnel|170|\n|player|p2|joulpa|2|\n|teamsize|p1|6\n|teamsize|p2|6\n|gen|9\n|tier|[Gen 9] Ubers\n|rule|Sleep Clause Mod: Limit one foe put to sleep\n|rule|Species Clause: Limit one of each Pok\u00e9mon\n|rule|OHKO Clause: OHKO moves are banned\n|rule|Evasion Items Clause: Evasion items are banned\n|rule|Evasion Moves Clause: Evasion moves are banned\n|rule|Endless Battle Clause: Forcing endless battles is banned\n|rule|HP Percentage Mod: HP is shown in percentages\n|clearpoke\n|poke|p1|Dragapult, M|\n|poke|p1|Kleavor, F|\n|poke|p1|Samurott-Hisui, M|\n|poke|p1|Sneasel-Hisui, M|\n|poke|p1|Appletun, M|\n|poke|p1|Donphan, M|\n|poke|p2|Torkoal, M|\n|poke|p2|Charizard, M|\n|poke|p2|Hatterene, F|\n|poke|p2|Brute Bonnet|\n|poke|p2|Roaring Moon|\n|poke|p2|Tornadus-Therian, M|\n|teampreview\n|j| Matias Evangelista\n|j| Seedotics\n|j| BRAVOS ESPORTS\n|c| BRAVOS ESPORTS|Vamo l\u00e1\n|c| BRAVOS ESPORTS|Torn e Samurott lead\n|\n|t:|1698357439\n|start\n|switch|p1a: brTT|Samurott-Hisui, M|100\/100\n|switch|p2a: Tornadus|Tornadus-Therian, M|100\/100\n|turn|1\n|j| chronocruz\n|c| Seedotics|torn uturn\n|\n|t:|1698357454\n|move|p2a: Tornadus|U-turn|p1a: brTT\n|-supereffective|p1a: brTT\n|-damage|p1a: brTT|62\/100\n|c| Seedotics|entra brute bonnet\n|\n|t:|1698357462\n|switch|p2a: Brute Bonnet|Brute Bonnet, shiny|100\/100|[from] U-turn\n|move|p1a: brTT|Ceaseless Edge|p2a: Brute Bonnet\n|-resisted|p2a: Brute Bonnet\n|-damage|p2a: Brute Bonnet|76\/100\n|-sidestart|p2: joulpa|Spikes\n|\n|upkeep\n|turn|2\n|c| Seedotics|brute bonnet dah spore no kleavor\n|\n|t:|1698357487\n|move|p1a: brTT|Flip Turn|p2a: Brute Bonnet\n|-resisted|p2a: Brute Bonnet\n|-damage|p2a: Brute Bonnet|62\/100\n|\n|t:|1698357497\n|switch|p1a: Ranger|Kleavor, F|100\/100|[from] Flip Turn\n|move|p2a: Brute Bonnet|Spore|p1a: Ranger\n|-status|p1a: Ranger|slp|[from] move: Spore\n|\n|upkeep\n|turn|3\n|c| Seedotics|bullet seed no samurot\n|\n|t:|1698357517\n|switch|p1a: brTT|Samurott-Hisui, M|62\/100\n|move|p2a: Brute Bonnet|Bullet Seed|p1a: brTT\n|-supereffective|p1a: brTT\n|-damage|p1a: brTT|24\/100\n|-supereffective|p1a: brTT\n|-damage|p1a: brTT|0 fnt\n|faint|p1a: brTT\n|-hitcount|p1: brTT|2\n|\n|upkeep\n|c| Seedotics|entra sneasel\n|\n|t:|1698357534\n|switch|p1a: Netuno|Sneasel-Hisui, M|100\/100\n|turn|4\n|c| Seedotics|sneasel bate gunk shot\n|c| Seedotics|jopato entra torkoal\n|\n|t:|1698357544\n|-end|p2a: Brute Bonnet|Protosynthesis|[silent]\n|switch|p2a: Torkoal|Torkoal, M|100\/100\n|-damage|p2a: Torkoal|88\/100|[from] Spikes\n|-weather|SunnyDay|[from] ability: Drought|[of] p2a: Torkoal\n|move|p1a: Netuno|Gunk Shot|p2a: Torkoal|[miss]\n|-miss|p1a: Netuno|p2a: Torkoal\n|\n|-weather|SunnyDay|[upkeep]\n|upkeep\n|turn|5\n|c| Seedotics|PUTS\n|c| chronocruz|Refaz\n|c| Seedotics|E agr \u00e9 com o lavos\n|c| BRAVOS ESPORTS|T\u00e1 tudo bem\n|c| Seedotics|o torkoal deu yawn\n|c| Seedotics|no donphan\n|c| BRAVOS ESPORTS|Da yawn\n|c| BRAVOS ESPORTS|Pera\n|c| BRAVOS ESPORTS|Pera\n|c| chronocruz|PERA\n|c| Seedotics|NAO PODE DAR YAWN DNV\n|c| Seedotics|HDAUDHSAKDAS\n|c| BRAVOS ESPORTS|A gente tem q refazer o dano do gunk primeiro\n|c| Seedotics|OU PODE\n|c| Seedotics|D\u00e1 Yawn\n|c| BRAVOS ESPORTS|N\u00e9 n\u00e3o?\n|c| chronocruz|YAWN FUNCIONA\n|c| Seedotics|No Donphan\n|c| chronocruz|S\u00d3 N BOTA PRA DORMIR\n|c|\u2606FLA SaFe Donnel|Gunk Yawn entro com Donphan Yawn\n|c| Seedotics|Donphan volta\n|c|\u2606FLA SaFe Donnel|E dou EQ\n|c| Seedotics|Yawn dnv\n|c| BRAVOS ESPORTS|N\u00e9 n\u00e3o?\n|l| BRAVOS ESPORTS\n|j| BRAVOS ESPORTS\n|c| Seedotics|Spam de yawn\n|c| Seedotics|com gunk\n|c| Seedotics|\u00e9\n|c| Seedotics|ta certo\n|c| Seedotics|\u00e9 isso\n|c| BRAVOS ESPORTS|Isso\n|c|\u2606joulpa|da yawn?\n|c| BRAVOS ESPORTS|Da gunk e reza pra n\u00e3o dar Poison\n|c|\u2606FLA SaFe Donnel|Ss\n|c| BRAVOS ESPORTS|E o Jopato da yawn\n|\n|t:|1698357665\n|move|p1a: Netuno|Gunk Shot|p2a: Torkoal\n|-damage|p2a: Torkoal|62\/100\n|move|p2a: Torkoal|Yawn|p1a: Netuno\n|-start|p1a: Netuno|move: Yawn|[of] p2a: Torkoal\n|\n|-weather|SunnyDay|[upkeep]\n|upkeep\n|turn|6\n|c| Matias Evangelista|nice\n|c| Seedotics|agr \u00e9 game\n|c| Seedotics|ces t\u00e3o livres\n|c| Matias Evangelista|falta yawn no efalante\n|c| Matias Evangelista|n?\n|c|\u2606FLA SaFe Donnel|Ainda tem o Donphan tomando Yawn\n|c| Matias Evangelista|ou a partir de agr que ta livre\n|c| Matias Evangelista|????\n|c| Seedotics|mas a partir de agr n muda mais\n|c| chronocruz|Yawn agr no donphan\n|c| Seedotics|tipo\n|c|\u2606joulpa|eu nao posso dar mais po\n|c| Seedotics|precisa?\n|c|\u2606FLA SaFe Donnel|Precisa, eu matei o Torkoal\n|c|\u2606joulpa|se nao o donphan vai dormir\n|c| Matias Evangelista|n vai\n|c| Seedotics|o donphan n dorme mais\n|c| Matias Evangelista|pq ta em ubers\n|c| Seedotics|ent\u00e3o \u00e9\n|c| Seedotics|d\u00e1 yawn dnv\n|c|\u2606FLA SaFe Donnel|N\u00e3o vai, em Ubers tem sleep clause\n|c| Seedotics|e entra o elefante\n|\n|t:|1698357728\n|switch|p1a: Parang|Donphan, M|100\/100\n|move|p2a: Torkoal|Yawn|p1a: Parang\n|-start|p1a: Parang|move: Yawn|[of] p2a: Torkoal\n|\n|-weather|SunnyDay|[upkeep]\n|upkeep\n|turn|7\n|c| Matias Evangelista|agr eh EQ\n|c| Matias Evangelista|e partiu jogo\n|c| Matias Evangelista|normal\n|c| BRAVOS ESPORTS|Sim\n|c|\u2606joulpa|isso fodeu meu sol\n|c| Matias Evangelista|caralho seis me fodem dmais\n|c|\u2606joulpa|mas to errado ne\n|c| Matias Evangelista|fode fode\n|c| Matias Evangelista|fode pra dar sorte\n|\n|t:|1698357766\n|move|p1a: Parang|Earthquake|p2a: Torkoal\n|-supereffective|p2a: Torkoal\n|-damage|p2a: Torkoal|0 fnt\n|faint|p2a: Torkoal\n|\n|-weather|SunnyDay|[upkeep]\n|-end|p1a: Parang|move: Yawn|[silent]\n|-message|Sleep Clause Mod activated.\n|-hint|Sleep Clause Mod prevents players from putting more than one of their opponent's Pok\u00e9mon to sleep at a time\n|upkeep\n|c| Seedotics|\u00e9 o pre\u00e7o do missplay\n|c| Seedotics|mas ainda d\u00e1\n|l| chronocruz\n|c| Seedotics|charizard ganha o jogo\n|j| SaFe OldAmber\n|l| Matias Evangelista\n|\n|t:|1698357809\n|switch|p2a: Brute Bonnet|Brute Bonnet, shiny|62\/100\n|-damage|p2a: Brute Bonnet|50\/100|[from] Spikes\n|-activate|p2a: Brute Bonnet|ability: Protosynthesis\n|-start|p2a: Brute Bonnet|protosynthesisatk\n|turn|8\n|c| SaFe OldAmber|Putz\n|c|\u2606joulpa|putz oq?\n|c| SaFe OldAmber|Vc\n|c|\u2606joulpa|posso jogar normal aqui?\n|c| SaFe OldAmber|Mamando sleep clause\n|c|\u2606joulpa|\u00e9 so reaction?\n|c| Seedotics|pode\n|c| Seedotics|ganha a\u00ed\n|c| BRAVOS ESPORTS|Pode sim\n|c| SaFe OldAmber|Mete bronca\n|\n|t:|1698357863\n|switch|p1a: Redbert|Appletun, M|100\/100\n|move|p2a: Brute Bonnet|Bullet Seed|p1a: Redbert\n|-resisted|p1a: Redbert\n|-damage|p1a: Redbert|96\/100\n|-resisted|p1a: Redbert\n|-damage|p1a: Redbert|92\/100\n|-resisted|p1a: Redbert\n|-damage|p1a: Redbert|88\/100\n|-resisted|p1a: Redbert\n|-damage|p1a: Redbert|84\/100\n|-resisted|p1a: Redbert\n|-damage|p1a: Redbert|80\/100\n|-hitcount|p1a: Redbert|5\n|\n|-weather|SunnyDay|[upkeep]\n|upkeep\n|turn|9\n|j| K.Graves\n|\n|t:|1698357884\n|-end|p2a: Brute Bonnet|Protosynthesis|[silent]\n|switch|p2a: Tornadus|Tornadus-Therian, M|100\/100\n|-terastallize|p1a: Redbert|Fairy\n|move|p1a: Redbert|Recover|p1a: Redbert\n|-heal|p1a: Redbert|100\/100\n|\n|-weather|SunnyDay|[upkeep]\n|upkeep\n|turn|10\n|\n|t:|1698357900\n|move|p2a: Tornadus|Weather Ball|p1a: Redbert\n|-damage|p1a: Redbert|92\/100\n|move|p1a: Redbert|Apple Acid|p2a: Tornadus\n|-resisted|p2a: Tornadus\n|-damage|p2a: Tornadus|93\/100\n|-unboost|p2a: Tornadus|spd|1\n|\n|-weather|SunnyDay|[upkeep]\n|upkeep\n|turn|11\n|c| Seedotics|REDBERT KKKKKKKKKKKKKKKKKKKKKKKKKKKKKKKKKKKKKKKKKKKKKKKKKKKKKKKKKKKKKKKKKKKKKKKKKKKKKKKKKKKKKKKKKKKKKKKKKKKKKKKKKKKKKKKKKKKKKKKKKKKKKKKKKKKKKKKKKKKKKKKKKKKKKKKKKKKKKKKKKKKKKKKKKKKKKKKKKKKKKKKKKKKKKKKKKKK\n|l| BRAVOS ESPORTS\n|\n|t:|1698357920\n|move|p2a: Tornadus|Knock Off|p1a: Redbert\n|-resisted|p1a: Redbert\n|-damage|p1a: Redbert|82\/100\n|-enditem|p1a: Redbert|Utility Umbrella|[from] move: Knock Off|[of] p2a: Tornadus\n|move|p1a: Redbert|Apple Acid|p2a: Tornadus\n|-resisted|p2a: Tornadus\n|-damage|p2a: Tornadus|80\/100\n|-unboost|p2a: Tornadus|spd|1\n|\n|-weather|none\n|upkeep\n|turn|12\n|c|\u2606joulpa|caralho, bixo gordo da porra\n|c| Seedotics|UTILITY UMBRELLA\n|c| Seedotics|QUE PORRA\n|c| Seedotics|EH ESSA?\n|\n|t:|1698357938\n|move|p2a: Tornadus|U-turn|p1a: Redbert\n|-resisted|p1a: Redbert\n|-damage|p1a: Redbert|75\/100\n|j| chronocruz\n|\n|t:|1698357957\n|switch|p2a: Hatterene|Hatterene, F|100\/100|[from] U-turn\n|-damage|p2a: Hatterene|88\/100|[from] Spikes\n|move|p1a: Redbert|Tera Blast|p2a: Hatterene|[anim] Tera Blast Fairy\n|-damage|p2a: Hatterene|59\/100\n|\n|-heal|p2a: Hatterene|65\/100|[from] item: Leftovers\n|upkeep\n|turn|13\n|c| K.Graves|Appletun era meu pick ainda no Draft, imoral\n|j| BRAVOS ESPORTS\n|c| SaFe OldAmber|Utility Umbrella nega efeito de weather\n|c| SaFe OldAmber|Faz Hurricane n dropar acc no sol\n|c| Seedotics|mt bom\n|\n|t:|1698358047\n|move|p2a: Hatterene|Calm Mind|p2a: Hatterene\n|-boost|p2a: Hatterene|spa|1\n|-boost|p2a: Hatterene|spd|1\n|move|p1a: Redbert|Apple Acid|p2a: Hatterene\n|-damage|p2a: Hatterene|46\/100\n|-unboost|p2a: Hatterene|spd|1\n|\n|-heal|p2a: Hatterene|52\/100|[from] item: Leftovers\n|upkeep\n|turn|14\n|c| Seedotics|itenza\u00e7o\n|l| chronocruz\n|c| SaFe OldAmber|E faz Weather Ball ser normal Type, at\u00e9 onde sei\n|\n|t:|1698358059\n|move|p2a: Hatterene|Draining Kiss|p1a: Redbert\n|-damage|p1a: Redbert|52\/100\n|-heal|p2a: Hatterene|75\/100|[from] drain|[of] p1a: Redbert\n|move|p1a: Redbert|Apple Acid|p2a: Hatterene\n|-damage|p2a: Hatterene|45\/100\n|-unboost|p2a: Hatterene|spd|1\n|\n|-heal|p2a: Hatterene|50\/100|[from] item: Leftovers\n|upkeep\n|turn|15\n|c| Seedotics|do nada o velha gema sabendo jogar o jogo\n|\n|t:|1698358078\n|move|p2a: Hatterene|Draining Kiss|p1a: Redbert\n|-damage|p1a: Redbert|30\/100\n|-heal|p2a: Hatterene|73\/100|[from] drain|[of] p1a: Redbert\n|move|p1a: Redbert|Apple Acid|p2a: Hatterene\n|-damage|p2a: Hatterene|32\/100\n|-unboost|p2a: Hatterene|spd|1\n|\n|-heal|p2a: Hatterene|38\/100|[from] item: Leftovers\n|upkeep\n|turn|16\n|\n|t:|1698358090\n|move|p2a: Hatterene|Draining Kiss|p1a: Redbert\n|-damage|p1a: Redbert|5\/100\n|-heal|p2a: Hatterene|63\/100|[from] drain|[of] p1a: Redbert\n|move|p1a: Redbert|Recover|p1a: Redbert\n|-heal|p1a: Redbert|55\/100\n|\n|-heal|p2a: Hatterene|69\/100|[from] item: Leftovers\n|upkeep\n|turn|17\n|l| BRAVOS ESPORTS\n|c| Seedotics|QUE BICHO ESCROTO DA PORRA\n|c| K.Graves|Foi estudar pra n\u00e3o mamar\n|j| BRAVOS ESPORTS\n|c|\u2606joulpa|demais\n|\n|t:|1698358105\n|move|p2a: Hatterene|Draining Kiss|p1a: Redbert\n|-damage|p1a: Redbert|31\/100\n|-heal|p2a: Hatterene|93\/100|[from] drain|[of] p1a: Redbert\n|move|p1a: Redbert|Apple Acid|p2a: Hatterene\n|-damage|p2a: Hatterene|39\/100\n|-unboost|p2a: Hatterene|spd|1\n|\n|-heal|p2a: Hatterene|45\/100|[from] item: Leftovers\n|upkeep\n|turn|18\n|\n|t:|1698358171\n|move|p2a: Hatterene|Stored Power|p1a: Redbert\n|-damage|p1a: Redbert|10\/100\n|move|p1a: Redbert|Recover|p1a: Redbert\n|-heal|p1a: Redbert|61\/100\n|\n|-heal|p2a: Hatterene|51\/100|[from] item: Leftovers\n|upkeep\n|turn|19\n|c| SaFe OldAmber|Entendi n\n|\n|t:|1698358194\n|switch|p2a: Charizard|Charizard, M|100\/100\n|move|p1a: Redbert|Apple Acid|p2a: Charizard\n|-resisted|p2a: Charizard\n|-damage|p2a: Charizard|92\/100\n|-unboost|p2a: Charizard|spd|1\n|\n|upkeep\n|turn|20\n|c| SaFe OldAmber|C\u00eas t\u00e3o querendo me aloprar pq msm?\n|\n|t:|1698358210\n|move|p2a: Charizard|Dragon Dance|p2a: Charizard\n|-boost|p2a: Charizard|atk|1\n|-boost|p2a: Charizard|spe|1\n|move|p1a: Redbert|Leech Seed|p2a: Charizard\n|-start|p2a: Charizard|move: Leech Seed\n|\n|-damage|p2a: Charizard|80\/100|[from] Leech Seed|[of] p1a: Redbert\n|-heal|p1a: Redbert|69\/100|[silent]\n|upkeep\n|turn|21\n|\n|t:|1698358228\n|-terastallize|p2a: Charizard|Fire\n|move|p2a: Charizard|Tera Blast|p1a: Redbert|[anim] Tera Blast Fire\n|-damage|p1a: Redbert|51\/100\n|move|p1a: Redbert|Apple Acid|p2a: Charizard\n|-resisted|p2a: Charizard\n|-damage|p2a: Charizard|50\/100\n|-unboost|p2a: Charizard|spd|1\n|\n|-damage|p2a: Charizard|38\/100|[from] Leech Seed|[of] p1a: Redbert\n|-heal|p1a: Redbert|60\/100|[silent]\n|upkeep\n|turn|22\n|l| BRAVOS ESPORTS\n|c|\u2606joulpa|esse \u00e9 meu time errado\n|l| SaFe OldAmber\n|c|\u2606joulpa|vou mamar essa porra ai\n|\n|t:|1698358260\n|move|p2a: Charizard|Flamethrower|p1a: Redbert\n|-damage|p1a: Redbert|41\/100\n|move|p1a: Redbert|Recover|p1a: Redbert\n|-heal|p1a: Redbert|91\/100\n|\n|-damage|p2a: Charizard|25\/100|[from] Leech Seed|[of] p1a: Redbert\n|-heal|p1a: Redbert|99\/100|[silent]\n|upkeep\n|turn|23\n|c| K.Graves|Com 4 dormindo era o time certo\n|\n|t:|1698358276\n|move|p2a: Charizard|Flamethrower|p1a: Redbert\n|-damage|p1a: Redbert|81\/100\n|move|p1a: Redbert|Tera Blast|p2a: Charizard|[anim] Tera Blast Fairy\n|-resisted|p2a: Charizard\n|-damage|p2a: Charizard|0 fnt\n|faint|p2a: Charizard\n|\n|upkeep\n|c| Seedotics|bom saber que esse bicho tanka tanto\n|j| BRAVOS ESPORTS\n|c| Seedotics|vou me preparar pra ele\n|\n|t:|1698358303\n|switch|p2a: Tornadus|Tornadus-Therian, M|100\/100\n|turn|24\n|j| SaFe OldAmber\n|c| K.Graves|Eu ia Pickar ele no Draft por essa play escrota ai, lembra?\n|c| BRAVOS ESPORTS|S\u00e9rios q vcs n\u00e3o davam cr\u00e9dito pro appletun\n|\n|t:|1698358320\n|move|p2a: Tornadus|Hurricane|p1a: Redbert\n|-damage|p1a: Redbert|50\/100\n|move|p1a: Redbert|Tera Blast|p2a: Tornadus|[anim] Tera Blast Fairy\n|-damage|p2a: Tornadus|84\/100\n|\n|upkeep\n|turn|25\n|c| Seedotics|s\u00e9rio\n|\n|t:|1698358327\n|move|p2a: Tornadus|Hurricane|p1a: Redbert\n|-damage|p1a: Redbert|21\/100\n|move|p1a: Redbert|Recover|p1a: Redbert\n|-heal|p1a: Redbert|71\/100\n|\n|upkeep\n|turn|26\n|\n|t:|1698358336\n|move|p2a: Tornadus|Hurricane|p1a: Redbert\n|-damage|p1a: Redbert|44\/100\n|move|p1a: Redbert|Leech Seed|p2a: Tornadus\n|-start|p2a: Tornadus|move: Leech Seed\n|\n|-damage|p2a: Tornadus|72\/100|[from] Leech Seed|[of] p1a: Redbert\n|-heal|p1a: Redbert|54\/100|[silent]\n|upkeep\n|turn|27\n|c| BRAVOS ESPORTS|Isso tem 110\/80\/80 de bulk\n|\n|t:|1698358352\n|move|p2a: Tornadus|Hurricane|p1a: Redbert\n|-damage|p1a: Redbert|27\/100\n|move|p1a: Redbert|Apple Acid|p2a: Tornadus\n|-resisted|p2a: Tornadus\n|-damage|p2a: Tornadus|64\/100\n|-unboost|p2a: Tornadus|spd|1\n|\n|-damage|p2a: Tornadus|52\/100|[from] Leech Seed|[of] p1a: Redbert\n|-heal|p1a: Redbert|37\/100|[silent]\n|upkeep\n|turn|28\n|c| Seedotics|e mama taunt hahahahahah\n|\n|t:|1698358364\n|move|p2a: Tornadus|Hurricane|p1a: Redbert\n|-damage|p1a: Redbert|7\/100\n|move|p1a: Redbert|Recover|p1a: Redbert\n|-heal|p1a: Redbert|57\/100\n|\n|-damage|p2a: Tornadus|40\/100|[from] Leech Seed|[of] p1a: Redbert\n|-heal|p1a: Redbert|67\/100|[silent]\n|upkeep\n|turn|29\n|c| BRAVOS ESPORTS|Com um move q da mais dano a cada turno\n|c| SaFe OldAmber|Jopato t\u00e1 sugando forte pra ma\u00e7\u00e3 gorda, irm\u00e3o\n|c|\u2606FLA SaFe Donnel|Jopato inimigo do erro\n|c| K.Graves|Que jogo SaFe\n|c| Seedotics|eu n imaginava\n|\n|t:|1698358391\n|move|p2a: Tornadus|U-turn|p1a: Redbert\n|-resisted|p1a: Redbert\n|-damage|p1a: Redbert|60\/100\n|c| Seedotics|q esse bicho era forte assim\n|c|\u2606joulpa|time errado mano\n|c|\u2606joulpa|que bucete\n|c| BRAVOS ESPORTS|Assim\n|c|\u2606joulpa|de que adianta treina\n|c| BRAVOS ESPORTS|Vamos ser sinceros\n|c|\u2606joulpa|e pegar time errado\n|c| Seedotics|xerequinhe neutre\n|\n|t:|1698358411\n|switch|p2a: Hatterene|Hatterene, F|51\/100|[from] U-turn\n|-damage|p2a: Hatterene|39\/100|[from] Spikes\n|move|p1a: Redbert|Tera Blast|p2a: Hatterene|[anim] Tera Blast Fairy\n|-damage|p2a: Hatterene|12\/100\n|\n|-heal|p2a: Hatterene|18\/100|[from] item: Leftovers\n|upkeep\n|turn|30\n|c| BRAVOS ESPORTS|Isso aq n\u00e3o \u00e9 m\u00e9rito do appletun exatamente\n|c| BRAVOS ESPORTS|\u00c9 m\u00e9rito de tera\n|c| BRAVOS ESPORTS|Kdkskkskskskksksksk\n|\n|t:|1698358427\n|move|p2a: Hatterene|Draining Kiss|p1a: Redbert\n|-damage|p1a: Redbert|45\/100\n|-heal|p2a: Hatterene|33\/100|[from] drain|[of] p1a: Redbert\n|move|p1a: Redbert|Tera Blast|p2a: Hatterene|[anim] Tera Blast Fairy\n|-damage|p2a: Hatterene|3\/100\n|\n|-heal|p2a: Hatterene|9\/100|[from] item: Leftovers\n|upkeep\n|turn|31\n|c| Seedotics|meu articuno vai explodir ele\n|c| Seedotics|com tera poison\n|\n|t:|1698358442\n|move|p2a: Hatterene|Calm Mind|p2a: Hatterene\n|-boost|p2a: Hatterene|spa|1\n|-boost|p2a: Hatterene|spd|1\n|move|p1a: Redbert|Apple Acid|p2a: Hatterene\n|-damage|p2a: Hatterene|0 fnt\n|faint|p2a: Hatterene\n|\n|upkeep\n|\n|t:|1698358450\n|switch|p2a: Tornadus|Tornadus-Therian, M|73\/100\n|turn|32\n|c| Seedotics|mas a\u00ed\n|\n|t:|1698358454\n|move|p2a: Tornadus|Hurricane|p1a: Redbert\n|-damage|p1a: Redbert|15\/100\n|-start|p1a: Redbert|confusion\n|-activate|p1a: Redbert|confusion\n|move|p1a: Redbert|Recover|p1a: Redbert\n|-heal|p1a: Redbert|65\/100\n|\n|upkeep\n|turn|33\n|c| Seedotics|agr q a hatterena morreu eu vou falar\n|c| Seedotics|q dava pro joulpa ganhar\n|c| Seedotics|acertando predict no recover\n|c| Seedotics|dando calm mind\n|\n|t:|1698358474\n|move|p2a: Tornadus|Hurricane|p1a: Redbert|[miss]\n|-miss|p2a: Tornadus|p1a: Redbert\n|-activate|p1a: Redbert|confusion\n|-damage|p1a: Redbert|60\/100|[from] confusion\n|\n|upkeep\n|turn|34\n|c| Seedotics|pra sugar drain kiss mais forte\n|c| BRAVOS ESPORTS|Eu pensei nisso tbm\n|\n|t:|1698358480\n|move|p2a: Tornadus|Hurricane|p1a: Redbert\n|-damage|p1a: Redbert|31\/100\n|-activate|p1a: Redbert|confusion\n|move|p1a: Redbert|Leech Seed|p2a: Tornadus\n|-start|p2a: Tornadus|move: Leech Seed\n|\n|-damage|p2a: Tornadus|61\/100|[from] Leech Seed|[of] p1a: Redbert\n|-heal|p1a: Redbert|42\/100|[silent]\n|upkeep\n|turn|35\n|c| BRAVOS ESPORTS|Era pra ter dado CM sempre q ele estava low\n|\n|t:|1698358498\n|move|p2a: Tornadus|Hurricane|p1a: Redbert\n|-damage|p1a: Redbert|13\/100\n|-end|p1a: Redbert|confusion\n|move|p1a: Redbert|Recover|p1a: Redbert\n|-heal|p1a: Redbert|63\/100\n|\n|-damage|p2a: Tornadus|48\/100|[from] Leech Seed|[of] p1a: Redbert\n|-heal|p1a: Redbert|73\/100|[silent]\n|upkeep\n|turn|36\n|c| Seedotics|sim\n|c| Seedotics|nao era um predict t\u00e3o dificil assim\n|\n|t:|1698358507\n|move|p2a: Tornadus|Hurricane|p1a: Redbert\n|-damage|p1a: Redbert|46\/100\n|move|p1a: Redbert|Tera Blast|p2a: Tornadus|[anim] Tera Blast Fairy\n|-damage|p2a: Tornadus|31\/100\n|\n|-damage|p2a: Tornadus|19\/100|[from] Leech Seed|[of] p1a: Redbert\n|-heal|p1a: Redbert|56\/100|[silent]\n|upkeep\n|turn|37\n|c| SaFe OldAmber|Ow mano\n|\n|t:|1698358514\n|move|p2a: Tornadus|U-turn|p1a: Redbert\n|-resisted|p1a: Redbert\n|-damage|p1a: Redbert|49\/100\n|c| SaFe OldAmber|Pelo amor de Deus\n|c| Seedotics|hurricane n\u00e3o deixa mais confuso??????\n|c| K.Graves|Era a Play, n\u00e3o ia ter SPD, mas ia tar potente no SPA\n|\n|t:|1698358518\n|switch|p2a: Roaring Moon|Roaring Moon|100\/100|[from] U-turn\n|-damage|p2a: Roaring Moon|88\/100|[from] Spikes\n|move|p1a: Redbert|Tera Blast|p2a: Roaring Moon|[anim] Tera Blast Fairy\n|-supereffective|p2a: Roaring Moon\n|-damage|p2a: Roaring Moon|0 fnt\n|faint|p2a: Roaring Moon\n|-end|p2a: Roaring Moon|Protosynthesis|[silent]\n|\n|upkeep\n|c| Seedotics|AI\n|\n|t:|1698358530\n|switch|p2a: Brute Bonnet|Brute Bonnet, shiny|50\/100\n|-damage|p2a: Brute Bonnet|37\/100|[from] Spikes\n|turn|38\n|c| Seedotics|> tome\n|\n|t:|1698358537\n|move|p2a: Brute Bonnet|Close Combat|p1a: Redbert\n|-resisted|p1a: Redbert\n|-damage|p1a: Redbert|28\/100\n|-unboost|p2a: Brute Bonnet|def|1\n|-unboost|p2a: Brute Bonnet|spd|1\n|move|p1a: Redbert|Tera Blast|p2a: Brute Bonnet|[anim] Tera Blast Fairy\n|-supereffective|p2a: Brute Bonnet\n|-damage|p2a: Brute Bonnet|0 fnt\n|faint|p2a: Brute Bonnet\n|-end|p2a: Brute Bonnet|Protosynthesis|[silent]\n|\n|upkeep\n|l| BRAVOS ESPORTS\n|\n|t:|1698358546\n|switch|p2a: Tornadus|Tornadus-Therian, M|52\/100\n|turn|39\n|c| Seedotics|appletun 5-0\n|\n|t:|1698358551\n|move|p2a: Tornadus|Hurricane|p1a: Redbert\n|-damage|p1a: Redbert|0 fnt\n|faint|p1a: Redbert\n|\n|upkeep\n|c| Seedotics|ZIKEI\n|c| SaFe OldAmber|Largou a toalha\n|c| Seedotics|DJSUKHDFAKSFDHAFHDFHSKFGGKGHFKGHKB\n|c| Seedotics|4-1\n|c| SaFe OldAmber|Pior parte \u00e9 q Haterenne ia dar um trabalho da porra pro Donnel\n|c|\u2606joulpa|time aqui ta errado porr\n|c|\u2606joulpa|ta todo tordo\n|c|\u2606joulpa|era pouca ideia pra mim\n|\n|t:|1698358610\n|switch|p1a: Goku|Dragapult, M|100\/100\n|turn|40\n|c|\u2606joulpa|devia por mais gente pra dormir\n|\n|t:|1698358620\n|move|p1a: Goku|Dragon Darts|p2a: Tornadus\n|-damage|p2a: Tornadus|25\/100\n|-anim|p1a: Goku|Dragon Darts|p2a: Tornadus\n|-damage|p2a: Tornadus|0 fnt\n|faint|p2a: Tornadus\n|\n|win|FLA SaFe Donnel\n","uploadtime":1698358627,"views":23,"p1id":"flasafedonnel","p2id":"joulpa","formatid":"gen9ubers","rating":0,"private":0,"password":""}