{"id":"gen9ubers-1982608896","p1":"wyvernl0rd","p2":"XpokVEVO","format":"[Gen 9] Ubers","log":"|j|\u2606wyvernl0rd\n|j|\u2606XpokVEVO\n|t:|1699029486\n|gametype|singles\n|player|p1|wyvernl0rd|winona|\n|player|p2|XpokVEVO|rika|\n|teamsize|p1|6\n|teamsize|p2|6\n|gen|9\n|tier|[Gen 9] Ubers\n|rule|Sleep Clause Mod: Limit one foe put to sleep\n|rule|Species Clause: Limit one of each Pok\u00e9mon\n|rule|OHKO Clause: OHKO moves are banned\n|rule|Evasion Items Clause: Evasion items are banned\n|rule|Evasion Moves Clause: Evasion moves are banned\n|rule|Endless Battle Clause: Forcing endless battles is banned\n|rule|HP Percentage Mod: HP is shown in percentages\n|clearpoke\n|poke|p1|Toedscruel, F|\n|poke|p1|Landorus, M|\n|poke|p1|Gholdengo|\n|poke|p1|Zacian-*|\n|poke|p1|Arceus-Poison|\n|poke|p1|Rillaboom, M|\n|poke|p2|Gholdengo|\n|poke|p2|Masquerain, F|\n|poke|p2|Pelipper, M|\n|poke|p2|Espeon, F|\n|poke|p2|Cyclizar, F|\n|poke|p2|Glastrier|\n|teampreview\n|c|\u2606wyvernl0rd|glhf\n|\n|t:|1699029492\n|start\n|switch|p1a: Toedscruel|Toedscruel, F|100\/100\n|switch|p2a: Masquerain|Masquerain, F|100\/100\n|-ability|p2a: Masquerain|Intimidate|boost\n|-unboost|p1a: Toedscruel|atk|1\n|turn|1\n|\n|t:|1699029497\n|move|p2a: Masquerain|Sticky Web|p1a: Toedscruel\n|-sidestart|p1: wyvernl0rd|move: Sticky Web\n|move|p1a: Toedscruel|Spore|p2a: Masquerain\n|-status|p2a: Masquerain|slp|[from] move: Spore\n|\n|upkeep\n|turn|2\n|\n|t:|1699029505\n|switch|p2a: Gholdengo|Gholdengo|100\/100\n|move|p1a: Toedscruel|Spikes|p2a: Gholdengo\n|-sidestart|p2: XpokVEVO|Spikes\n|\n|upkeep\n|turn|3\n|\n|t:|1699029512\n|switch|p1a: Rillaboom|Rillaboom, M|100\/100\n|-activate|p1a: Rillaboom|move: Sticky Web\n|-unboost|p1a: Rillaboom|spe|1\n|-fieldstart|move: Grassy Terrain|[from] ability: Grassy Surge|[of] p1a: Rillaboom\n|move|p2a: Gholdengo|Substitute|p2a: Gholdengo\n|-start|p2a: Gholdengo|Substitute\n|-damage|p2a: Gholdengo|76\/100\n|\n|-heal|p2a: Gholdengo|82\/100|[from] Grassy Terrain\n|upkeep\n|turn|4\n|inactive|Battle timer is ON: inactive players will automatically lose when time's up. (requested by wyvernl0rd)\n|\n|t:|1699029571\n|move|p2a: Gholdengo|Thunder Wave|p1a: Rillaboom\n|-status|p1a: Rillaboom|par\n|cant|p1a: Rillaboom|par\n|\n|-heal|p2a: Gholdengo|88\/100|[from] Grassy Terrain\n|upkeep\n|turn|5\n|\n|t:|1699029576\n|move|p2a: Gholdengo|Nasty Plot|p2a: Gholdengo\n|-boost|p2a: Gholdengo|spa|2\n|cant|p1a: Rillaboom|par\n|\n|-heal|p2a: Gholdengo|94\/100|[from] Grassy Terrain\n|upkeep\n|turn|6\n|\n|t:|1699029589\n|move|p2a: Gholdengo|Nasty Plot|p2a: Gholdengo\n|-boost|p2a: Gholdengo|spa|2\n|move|p1a: Rillaboom|Knock Off|p2a: Gholdengo\n|-supereffective|p2a: Gholdengo\n|-end|p2a: Gholdengo|Substitute\n|\n|-heal|p2a: Gholdengo|99\/100|[from] Grassy Terrain\n|upkeep\n|turn|7\n|\n|t:|1699029595\n|move|p2a: Gholdengo|Substitute|p2a: Gholdengo\n|-start|p2a: Gholdengo|Substitute\n|-damage|p2a: Gholdengo|75\/100\n|cant|p1a: Rillaboom|par\n|\n|-heal|p2a: Gholdengo|81\/100|[from] Grassy Terrain\n|-fieldend|move: Grassy Terrain\n|upkeep\n|turn|8\n|\n|t:|1699029598\n|move|p2a: Gholdengo|Nasty Plot|p2a: Gholdengo\n|-boost|p2a: Gholdengo|spa|2\n|cant|p1a: Rillaboom|par\n|\n|upkeep\n|turn|9\n|\n|t:|1699029600\n|move|p2a: Gholdengo|Make It Rain|p1a: Rillaboom\n|-damage|p1a: Rillaboom|0 fnt\n|-unboost|p2a: Gholdengo|spa|1\n|faint|p1a: Rillaboom\n|\n|upkeep\n|\n|t:|1699029611\n|switch|p1a: Landorus|Landorus, M|100\/100\n|turn|10\n|\n|t:|1699029619\n|-terastallize|p2a: Gholdengo|Fighting\n|move|p1a: Landorus|Earth Power|p2a: Gholdengo\n|-end|p2a: Gholdengo|Substitute\n|move|p2a: Gholdengo|Make It Rain|p1a: Landorus\n|-damage|p1a: Landorus|0 fnt\n|-unboost|p2a: Gholdengo|spa|1\n|faint|p1a: Landorus\n|\n|upkeep\n|\n|t:|1699029629\n|switch|p1a: Toedscruel|Toedscruel, F|100\/100\n|-activate|p1a: Toedscruel|move: Sticky Web\n|-unboost|p1a: Toedscruel|spe|1\n|turn|11\n|\n|t:|1699029656\n|move|p1a: Toedscruel|Rapid Spin|p2a: Gholdengo\n|-damage|p2a: Gholdengo|74\/100\n|-boost|p1a: Toedscruel|spe|1\n|-sideend|p1: wyvernl0rd|Sticky Web|[from] move: Rapid Spin|[of] p1a: Toedscruel\n|move|p2a: Gholdengo|Substitute|p2a: Gholdengo\n|-start|p2a: Gholdengo|Substitute\n|-damage|p2a: Gholdengo|49\/100\n|\n|upkeep\n|turn|12\n|\n|t:|1699029663\n|move|p1a: Toedscruel|Leaf Storm|p2a: Gholdengo\n|-end|p2a: Gholdengo|Substitute\n|-unboost|p1a: Toedscruel|spa|2\n|move|p2a: Gholdengo|Make It Rain|p1a: Toedscruel\n|-enditem|p1a: Toedscruel|Focus Sash\n|-damage|p1a: Toedscruel|1\/100\n|-unboost|p2a: Gholdengo|spa|1\n|\n|upkeep\n|turn|13\n|\n|t:|1699029680\n|move|p2a: Gholdengo|Substitute|p2a: Gholdengo\n|-start|p2a: Gholdengo|Substitute\n|-damage|p2a: Gholdengo|25\/100\n|move|p1a: Toedscruel|Spikes|p2a: Gholdengo\n|-sidestart|p2: XpokVEVO|Spikes\n|\n|upkeep\n|turn|14\n|\n|t:|1699029689\n|move|p1a: Toedscruel|Leaf Storm|p2a: Gholdengo\n|-activate|p2a: Gholdengo|move: Substitute|[damage]\n|-unboost|p1a: Toedscruel|spa|2\n|move|p2a: Gholdengo|Nasty Plot|p2a: Gholdengo\n|-boost|p2a: Gholdengo|spa|2\n|\n|upkeep\n|turn|15\n|\n|t:|1699029694\n|move|p1a: Toedscruel|Leaf Storm|p2a: Gholdengo\n|-end|p2a: Gholdengo|Substitute\n|-unboost|p1a: Toedscruel|spa|2\n|move|p2a: Gholdengo|Make It Rain|p1a: Toedscruel\n|-damage|p1a: Toedscruel|0 fnt\n|-unboost|p2a: Gholdengo|spa|1\n|faint|p1a: Toedscruel\n|\n|upkeep\n|\n|t:|1699029718\n|switch|p1a: Zacian|Zacian|100\/100\n|-ability|p1a: Zacian|Intrepid Sword|boost\n|-boost|p1a: Zacian|atk|1\n|turn|16\n|\n|t:|1699029743\n|switch|p2a: Espeon|Espeon, F|100\/100\n|-damage|p2a: Espeon|84\/100|[from] Spikes\n|move|p1a: Zacian|Play Rough|p2a: Espeon\n|-damage|p2a: Espeon|0 fnt\n|faint|p2a: Espeon\n|\n|upkeep\n|c|\u2606XpokVEVO|Msiinput\n|c|\u2606XpokVEVO|Gg\n|c|\u2606XpokVEVO|You win\n|inactive|XpokVEVO has 270 seconds left.\n|\n|t:|1699029762\n|switch|p2a: Pelipper|Pelipper, M|100\/100\n|-weather|RainDance|[from] ability: Drizzle|[of] p2a: Pelipper\n|turn|17\n|\n|t:|1699029766\n|-terastallize|p1a: Zacian|Fairy\n|move|p1a: Zacian|Play Rough|p2a: Pelipper\n|-damage|p2a: Pelipper|0 fnt\n|faint|p2a: Pelipper\n|\n|-weather|RainDance|[upkeep]\n|upkeep\n|\n|t:|1699029769\n|switch|p2a: Gholdengo|Gholdengo, tera:Fighting|25\/100\n|-damage|p2a: Gholdengo|8\/100|[from] Spikes\n|turn|18\n|\n|t:|1699029770\n|move|p1a: Zacian|Play Rough|p2a: Gholdengo\n|-supereffective|p2a: Gholdengo\n|-crit|p2a: Gholdengo\n|-damage|p2a: Gholdengo|0 fnt\n|faint|p2a: Gholdengo\n|\n|-weather|RainDance|[upkeep]\n|upkeep\n|\n|t:|1699029772\n|switch|p2a: Masquerain|Masquerain, F|100\/100 slp\n|-ability|p2a: Masquerain|Intimidate|boost\n|-unboost|p1a: Zacian|atk|1\n|turn|19\n|\n|t:|1699029773\n|move|p1a: Zacian|Play Rough|p2a: Masquerain\n|-enditem|p2a: Masquerain|Focus Sash\n|-damage|p2a: Masquerain|1\/100 slp\n|cant|p2a: Masquerain|slp\n|\n|-weather|RainDance|[upkeep]\n|upkeep\n|turn|20\n|\n|t:|1699029775\n|move|p1a: Zacian|Play Rough|p2a: Masquerain\n|-damage|p2a: Masquerain|0 fnt\n|faint|p2a: Masquerain\n|\n|-weather|RainDance|[upkeep]\n|upkeep\n|\n|t:|1699029777\n|switch|p2a: Cyclizar|Cyclizar, F|100\/100\n|turn|21\n|\n|t:|1699029780\n|move|p1a: Zacian|Play Rough|p2a: Cyclizar|[miss]\n|-miss|p1a: Zacian|p2a: Cyclizar\n|move|p2a: Cyclizar|Rapid Spin|p1a: Zacian\n|-damage|p1a: Zacian|86\/100\n|-boost|p2a: Cyclizar|spe|1\n|-sideend|p2: XpokVEVO|Spikes|[from] move: Rapid Spin|[of] p2a: Cyclizar\n|\n|-weather|RainDance|[upkeep]\n|upkeep\n|turn|22\n|-message|XpokVEVO forfeited.\n|\n|win|wyvernl0rd\n|l|\u2606XpokVEVO\n|c|\u2606wyvernl0rd|ggs\n","uploadtime":1699029793,"views":5,"p1id":"wyvernl0rd","p2id":"xpokvevo","formatid":"gen9ubers","rating":0,"private":0,"password":""}