{"id":"gen9ubers-1971705215","p1":"chiefpancake","p2":"ShwyGuy","format":"[Gen 9] Ubers","log":"|j|\u2606chiefpancake\n|j|\u2606ShwyGuy\n|t:|1697763098\n|gametype|singles\n|player|p1|chiefpancake|hiker-gen4|\n|player|p2|ShwyGuy|riley|\n|teamsize|p1|6\n|teamsize|p2|6\n|gen|9\n|tier|[Gen 9] Ubers\n|rule|Sleep Clause Mod: Limit one foe put to sleep\n|rule|Species Clause: Limit one of each Pok\u00e9mon\n|rule|OHKO Clause: OHKO moves are banned\n|rule|Evasion Items Clause: Evasion items are banned\n|rule|Evasion Moves Clause: Evasion moves are banned\n|rule|Endless Battle Clause: Forcing endless battles is banned\n|rule|HP Percentage Mod: HP is shown in percentages\n|clearpoke\n|poke|p1|Cinderace, F|\n|poke|p1|Great Tusk|\n|poke|p1|Grimmsnarl, M|\n|poke|p1|Orthworm, M|\n|poke|p1|Golduck, M|\n|poke|p1|Salamence, M|\n|poke|p2|Torkoal, F|\n|poke|p2|Walking Wake|\n|poke|p2|Scream Tail|\n|poke|p2|Ceruledge, F|\n|poke|p2|Slither Wing|\n|poke|p2|Lilligant-Hisui, F|\n|teampreview\n|c|\u2606ShwyGuy|Good luck have fun!\n|c|\u2606chiefpancake|you too! :)\n|c|\u2606ShwyGuy|The fucking golduck\n|c|\u2606chiefpancake|quack\n|c|\u2606ShwyGuy|nobody wants me to have any fun\n|\n|t:|1697763151\n|start\n|switch|p1a: Blue Skies|Golduck, M|100\/100\n|switch|p2a: Slither Wing|Slither Wing|100\/100\n|-ability|p1a: Blue Skies|Cloud Nine\n|turn|1\n|c|\u2606chiefpancake|darn, I wanted Torkoal first lol\n|\n|t:|1697763222\n|switch|p1a: Dr. Worm|Orthworm, M|100\/100\n|move|p2a: Slither Wing|U-turn|p1a: Dr. Worm\n|-resisted|p1a: Dr. Worm\n|-damage|p1a: Dr. Worm|88\/100\n|\n|t:|1697763317\n|-end|p2a: Slither Wing|Protosynthesis|[silent]\n|switch|p2a: Lilligant|Lilligant-Hisui, F|100\/100|[from] U-turn\n|\n|upkeep\n|turn|2\n|\n|t:|1697763338\n|move|p2a: Lilligant|Close Combat|p1a: Dr. Worm\n|-supereffective|p1a: Dr. Worm\n|-damage|p1a: Dr. Worm|0 fnt\n|-unboost|p2a: Lilligant|def|1\n|-unboost|p2a: Lilligant|spd|1\n|faint|p1a: Dr. Worm\n|-damage|p2a: Lilligant|91\/100|[from] item: Life Orb\n|\n|upkeep\n|\n|t:|1697763345\n|switch|p1a: Time for Me to Fly|Salamence, M|100\/100\n|turn|3\n|c|\u2606chiefpancake|dang\n|\n|t:|1697763380\n|move|p2a: Lilligant|Ice Spinner|p1a: Time for Me to Fly\n|-supereffective|p1a: Time for Me to Fly\n|-damage|p1a: Time for Me to Fly|0 fnt\n|faint|p1a: Time for Me to Fly\n|-damage|p2a: Lilligant|81\/100|[from] item: Life Orb\n|\n|upkeep\n|\n|t:|1697763386\n|switch|p1a: Blue Skies|Golduck, M|100\/100\n|-ability|p1a: Blue Skies|Cloud Nine\n|turn|4\n|\n|t:|1697763432\n|switch|p2a: Scream Tail|Scream Tail|100\/100\n|-terastallize|p1a: Blue Skies|Electric\n|move|p1a: Blue Skies|Hypnosis|p2a: Scream Tail|[miss]\n|-miss|p1a: Blue Skies|p2a: Scream Tail\n|\n|upkeep\n|turn|5\n|\n|t:|1697763561\n|move|p1a: Blue Skies|Hypnosis|p2a: Scream Tail|[miss]\n|-miss|p1a: Blue Skies|p2a: Scream Tail\n|move|p2a: Scream Tail|Dazzling Gleam|p1a: Blue Skies\n|-damage|p1a: Blue Skies|76\/100\n|\n|upkeep\n|turn|6\n|c|\u2606ShwyGuy|Youll hit me eventually\n|\n|t:|1697763577\n|move|p2a: Scream Tail|Protect|p2a: Scream Tail\n|-singleturn|p2a: Scream Tail|Protect\n|move|p1a: Blue Skies|Hypnosis|p2a: Scream Tail\n|-activate|p2a: Scream Tail|move: Protect\n|\n|upkeep\n|turn|7\n|c|\u2606chiefpancake|maybe\n|\n|t:|1697763584\n|move|p1a: Blue Skies|Hypnosis|p2a: Scream Tail\n|-status|p2a: Scream Tail|slp|[from] move: Hypnosis\n|cant|p2a: Scream Tail|slp\n|\n|upkeep\n|turn|8\n|\n|t:|1697763606\n|switch|p1a: WelcomeToTheJungle|Grimmsnarl, M|100\/100\n|cant|p2a: Scream Tail|slp\n|\n|upkeep\n|turn|9\n|\n|t:|1697763627\n|move|p1a: WelcomeToTheJungle|Reflect|p1a: WelcomeToTheJungle\n|-sidestart|p1: chiefpancake|Reflect\n|-curestatus|p2a: Scream Tail|slp|[msg]\n|move|p2a: Scream Tail|Dazzling Gleam|p1a: WelcomeToTheJungle\n|-supereffective|p1a: WelcomeToTheJungle\n|-damage|p1a: WelcomeToTheJungle|64\/100\n|\n|upkeep\n|turn|10\n|c|\u2606chiefpancake|too soon\n|\n|t:|1697763641\n|move|p1a: WelcomeToTheJungle|Light Screen|p1a: WelcomeToTheJungle\n|-sidestart|p1: chiefpancake|move: Light Screen\n|move|p2a: Scream Tail|Dazzling Gleam|p1a: WelcomeToTheJungle\n|-supereffective|p1a: WelcomeToTheJungle\n|-crit|p1a: WelcomeToTheJungle\n|-damage|p1a: WelcomeToTheJungle|12\/100\n|\n|upkeep\n|turn|11\n|\n|t:|1697763656\n|move|p1a: WelcomeToTheJungle|Parting Shot|p2a: Scream Tail\n|-unboost|p2a: Scream Tail|atk|1\n|-unboost|p2a: Scream Tail|spa|1\n|\n|t:|1697763663\n|switch|p1a: RollWithTheChanges|Cinderace, F|100\/100|[from] Parting Shot\n|move|p2a: Scream Tail|Dazzling Gleam|p1a: RollWithTheChanges\n|-resisted|p1a: RollWithTheChanges\n|-damage|p1a: RollWithTheChanges|96\/100\n|\n|upkeep\n|turn|12\n|\n|t:|1697763765\n|-end|p2a: Scream Tail|Protosynthesis|[silent]\n|switch|p2a: Torkoal|Torkoal, F|100\/100\n|-weather|SunnyDay|[from] ability: Drought|[of] p2a: Torkoal\n|move|p1a: RollWithTheChanges|U-turn|p2a: Torkoal\n|-start|p1a: RollWithTheChanges|typechange|Bug|[from] ability: Libero\n|-resisted|p2a: Torkoal\n|-damage|p2a: Torkoal|91\/100\n|\n|t:|1697763772\n|switch|p1a: Blue Skies|Golduck, M, tera:Electric|76\/100|[from] U-turn\n|-ability|p1a: Blue Skies|Cloud Nine\n|\n|-weather|SunnyDay|[upkeep]\n|upkeep\n|turn|13\n|c|\u2606ShwyGuy|We allowed Libero???\n|c|\u2606ShwyGuy|OP\n|c|\u2606chiefpancake|yup\n|\n|t:|1697763799\n|move|p1a: Blue Skies|Blizzard|p2a: Torkoal\n|-resisted|p2a: Torkoal\n|-damage|p2a: Torkoal|66\/100\n|move|p2a: Torkoal|Stealth Rock|p1a: Blue Skies\n|-sidestart|p1: chiefpancake|move: Stealth Rock\n|\n|-weather|SunnyDay|[upkeep]\n|upkeep\n|turn|14\n|\n|t:|1697763819\n|move|p1a: Blue Skies|Blizzard|p2a: Torkoal|[miss]\n|-miss|p1a: Blue Skies|p2a: Torkoal\n|move|p2a: Torkoal|Yawn|p1a: Blue Skies\n|-start|p1a: Blue Skies|move: Yawn|[of] p2a: Torkoal\n|\n|-weather|SunnyDay|[upkeep]\n|upkeep\n|turn|15\n|\n|t:|1697763856\n|move|p1a: Blue Skies|Blizzard|p2a: Torkoal\n|-resisted|p2a: Torkoal\n|-damage|p2a: Torkoal|44\/100\n|move|p2a: Torkoal|Yawn||[still]\n|-fail|p2a: Torkoal\n|\n|-weather|SunnyDay|[upkeep]\n|-end|p1a: Blue Skies|move: Yawn|[silent]\n|-status|p1a: Blue Skies|slp\n|upkeep\n|turn|16\n|\n|t:|1697763864\n|cant|p1a: Blue Skies|slp\n|move|p2a: Torkoal|Lava Plume|p1a: Blue Skies\n|-damage|p1a: Blue Skies|61\/100 slp\n|\n|-weather|SunnyDay|[upkeep]\n|-sideend|p1: chiefpancake|Reflect\n|upkeep\n|turn|17\n|\n|t:|1697763873\n|-curestatus|p1a: Blue Skies|slp|[msg]\n|move|p1a: Blue Skies|Blizzard|p2a: Torkoal\n|-resisted|p2a: Torkoal\n|-crit|p2a: Torkoal\n|-damage|p2a: Torkoal|12\/100\n|move|p2a: Torkoal|Lava Plume|p1a: Blue Skies\n|-damage|p1a: Blue Skies|44\/100\n|\n|-weather|SunnyDay|[upkeep]\n|-sideend|p1: chiefpancake|move: Light Screen\n|upkeep\n|turn|18\n|\n|t:|1697763890\n|switch|p2a: Scream Tail|Scream Tail|100\/100\n|move|p1a: Blue Skies|Blizzard|p2a: Scream Tail|[miss]\n|-miss|p1a: Blue Skies|p2a: Scream Tail\n|\n|-weather|SunnyDay|[upkeep]\n|upkeep\n|turn|19\n|\n|t:|1697763916\n|switch|p1a: RollWithTheChanges|Cinderace, F|96\/100\n|move|p2a: Scream Tail|Dazzling Gleam|p1a: RollWithTheChanges\n|-resisted|p1a: RollWithTheChanges\n|-damage|p1a: RollWithTheChanges|82\/100\n|\n|-weather|none\n|upkeep\n|turn|20\n|\n|t:|1697763928\n|-end|p2a: Scream Tail|Protosynthesis|[silent]\n|switch|p2a: Torkoal|Torkoal, F|12\/100\n|-weather|SunnyDay|[from] ability: Drought|[of] p2a: Torkoal\n|move|p1a: RollWithTheChanges|Court Change|p1a: RollWithTheChanges\n|-start|p1a: RollWithTheChanges|typechange|Normal|[from] ability: Libero\n|-swapsideconditions\n|-activate|p1a: RollWithTheChanges|move: Court Change\n|\n|-weather|SunnyDay|[upkeep]\n|upkeep\n|turn|21\n|\n|t:|1697763945\n|move|p1a: RollWithTheChanges|Pyro Ball|p2a: Torkoal\n|-resisted|p2a: Torkoal\n|-damage|p2a: Torkoal|0 fnt\n|faint|p2a: Torkoal\n|\n|-weather|SunnyDay|[upkeep]\n|upkeep\n|\n|t:|1697763954\n|switch|p2a: Walking Wake|Walking Wake|100\/100\n|-damage|p2a: Walking Wake|88\/100|[from] Stealth Rock\n|-activate|p2a: Walking Wake|ability: Protosynthesis\n|-start|p2a: Walking Wake|protosynthesisspe\n|turn|22\n|\n|t:|1697763961\n|move|p2a: Walking Wake|Hydro Steam|p1a: RollWithTheChanges\n|-damage|p1a: RollWithTheChanges|0 fnt\n|faint|p1a: RollWithTheChanges\n|\n|-weather|SunnyDay|[upkeep]\n|upkeep\n|\n|t:|1697763967\n|switch|p1a: Blue Skies|Golduck, M, tera:Electric|44\/100\n|-ability|p1a: Blue Skies|Cloud Nine\n|-end|p2a: Walking Wake|Protosynthesis\n|turn|23\n|\n|t:|1697763975\n|move|p1a: Blue Skies|Hypnosis|p2a: Walking Wake|[miss]\n|-miss|p1a: Blue Skies|p2a: Walking Wake\n|move|p2a: Walking Wake|Hydro Steam|p1a: Blue Skies\n|-damage|p1a: Blue Skies|0 fnt\n|faint|p1a: Blue Skies\n|\n|-weather|SunnyDay|[upkeep]\n|upkeep\n|c|\u2606ShwyGuy|rough\n|\n|t:|1697763980\n|switch|p1a: WelcomeToTheJungle|Grimmsnarl, M|12\/100\n|turn|24\n|c|\u2606chiefpancake|yup\n|\n|t:|1697763989\n|move|p1a: WelcomeToTheJungle|Thunder Wave|p2a: Walking Wake\n|-status|p2a: Walking Wake|par\n|move|p2a: Walking Wake|Hydro Steam|p1a: WelcomeToTheJungle\n|-damage|p1a: WelcomeToTheJungle|0 fnt\n|faint|p1a: WelcomeToTheJungle\n|\n|-weather|SunnyDay|[upkeep]\n|upkeep\n|\n|t:|1697763998\n|switch|p1a: Ends of the Earth|Great Tusk|100\/100\n|-activate|p1a: Ends of the Earth|ability: Protosynthesis\n|-start|p1a: Ends of the Earth|protosynthesisspe\n|turn|25\n|\n|t:|1697764012\n|move|p1a: Ends of the Earth|Bulk Up|p1a: Ends of the Earth\n|-boost|p1a: Ends of the Earth|atk|1\n|-boost|p1a: Ends of the Earth|def|1\n|move|p2a: Walking Wake|Hydro Steam|p1a: Ends of the Earth\n|-supereffective|p1a: Ends of the Earth\n|-damage|p1a: Ends of the Earth|0 fnt\n|faint|p1a: Ends of the Earth\n|-end|p1a: Ends of the Earth|Protosynthesis|[silent]\n|\n|win|ShwyGuy\n|c|\u2606chiefpancake|gg\n|l|\u2606chiefpancake\n|c|\u2606ShwyGuy|good idea tho\n|c|\u2606ShwyGuy|gg\n","uploadtime":1697764027,"views":21,"p1id":"chiefpancake","p2id":"shwyguy","formatid":"gen9ubers","rating":0,"private":0,"password":""}