{"id":"gen9ubers-1981879703","p1":"RichardMillePlain","p2":"OreoSpeedruns","format":"[Gen 9] Ubers","log":"|j|\u2606RichardMillePlain\n|j|\u2606OreoSpeedruns\n|t:|1698948589\n|gametype|singles\n|player|p1|RichardMillePlain|lucas|\n|player|p2|OreoSpeedruns|hilbert-masters|\n|teamsize|p1|6\n|teamsize|p2|6\n|gen|9\n|tier|[Gen 9] Ubers\n|rated|Tournament battle\n|rule|Sleep Clause Mod: Limit one foe put to sleep\n|rule|Species Clause: Limit one of each Pok\u00e9mon\n|rule|OHKO Clause: OHKO moves are banned\n|rule|Evasion Items Clause: Evasion items are banned\n|rule|Evasion Moves Clause: Evasion moves are banned\n|rule|Endless Battle Clause: Forcing endless battles is banned\n|rule|HP Percentage Mod: HP is shown in percentages\n|clearpoke\n|poke|p1|Sneasler, M|\n|poke|p1|Koraidon|\n|poke|p1|Zacian-*|\n|poke|p1|Arceus|\n|poke|p1|Miraidon|\n|poke|p1|Kleavor, F|\n|poke|p2|Koraidon|\n|poke|p2|Flutter Mane|\n|poke|p2|Giratina-Origin|\n|poke|p2|Arceus-Steel|\n|poke|p2|Alomomola, F|\n|poke|p2|Ting-Lu|\n|teampreview\n|j| makers manhattan\n|c| makers manhattan|based richard team\n|j| Nicometeor\n|c|\u2606RichardMillePlain|hf\n|\n|t:|1698948620\n|start\n|switch|p1a: Kleavor|Kleavor, F|100\/100\n|switch|p2a: Koraidon|Koraidon|100\/100\n|-weather|SunnyDay|[from] ability: Orichalcum Pulse|[of] p2a: Koraidon\n|-activate|p2a: Koraidon|Orichalcum Pulse|[source]\n|turn|1\n|\n|t:|1698948625\n|move|p2a: Koraidon|U-turn|p1a: Kleavor\n|-damage|p1a: Kleavor|60\/100\n|\n|t:|1698948633\n|switch|p2a: Giratina|Giratina-Origin, shiny|100\/100|[from] U-turn\n|move|p1a: Kleavor|Stone Axe|p2a: Giratina\n|-damage|p2a: Giratina|71\/100\n|-sidestart|p2: OreoSpeedruns|move: Stealth Rock\n|\n|-weather|SunnyDay|[upkeep]\n|upkeep\n|turn|2\n|\n|t:|1698948638\n|move|p1a: Kleavor|Stone Axe|p2a: Giratina\n|-damage|p2a: Giratina|40\/100\n|move|p2a: Giratina|Poltergeist|p1a: Kleavor\n|-activate|p1a: Kleavor|move: Poltergeist|Focus Sash\n|-damage|p1a: Kleavor|0 fnt\n|faint|p1a: Kleavor\n|\n|-weather|SunnyDay|[upkeep]\n|upkeep\n|\n|t:|1698948647\n|switch|p1a: Zacian|Zacian-Crowned|100\/100\n|-ability|p1a: Zacian|Intrepid Sword|boost\n|-boost|p1a: Zacian|atk|1\n|turn|3\n|\n|t:|1698948651\n|switch|p2a: Arceus|Arceus-Steel|100\/100\n|-damage|p2a: Arceus|94\/100|[from] Stealth Rock\n|move|p1a: Zacian|Play Rough|p2a: Arceus|[miss]\n|-miss|p1a: Zacian|p2a: Arceus\n|\n|-weather|SunnyDay|[upkeep]\n|upkeep\n|turn|4\n|\n|t:|1698948655\n|move|p1a: Zacian|Swords Dance|p1a: Zacian\n|-boost|p1a: Zacian|atk|2\n|move|p2a: Arceus|Will-O-Wisp|p1a: Zacian\n|-status|p1a: Zacian|brn\n|\n|-weather|SunnyDay|[upkeep]\n|-damage|p1a: Zacian|94\/100 brn|[from] brn\n|upkeep\n|turn|5\n|\n|t:|1698948658\n|move|p1a: Zacian|Swords Dance|p1a: Zacian\n|-boost|p1a: Zacian|atk|2\n|move|p2a: Arceus|Stealth Rock|p1a: Zacian\n|-sidestart|p1: RichardMillePlain|move: Stealth Rock\n|\n|-weather|none\n|-damage|p1a: Zacian|88\/100 brn|[from] brn\n|upkeep\n|turn|6\n|\n|t:|1698948660\n|move|p1a: Zacian|Wild Charge|p2a: Arceus\n|-damage|p2a: Arceus|64\/100\n|-damage|p1a: Zacian|78\/100 brn|[from] Recoil\n|move|p2a: Arceus|Judgment|p1a: Zacian\n|-damage|p1a: Zacian|35\/100 brn\n|\n|-damage|p1a: Zacian|29\/100 brn|[from] brn\n|upkeep\n|turn|7\n|\n|t:|1698948663\n|move|p1a: Zacian|Swords Dance|p1a: Zacian\n|-boost|p1a: Zacian|atk|1\n|move|p2a: Arceus|Recover|p2a: Arceus\n|-heal|p2a: Arceus|100\/100\n|\n|-damage|p1a: Zacian|22\/100 brn|[from] brn\n|upkeep\n|turn|8\n|c|\u2606OreoSpeedruns|ez eat\n|c|\u2606OreoSpeedruns|steelceus too good\n|\n|t:|1698948672\n|move|p1a: Zacian|Behemoth Blade|p2a: Arceus\n|-resisted|p2a: Arceus\n|-damage|p2a: Arceus|68\/100\n|move|p2a: Arceus|Judgment|p1a: Zacian\n|-damage|p1a: Zacian|0 fnt\n|faint|p1a: Zacian\n|\n|upkeep\n|\n|t:|1698948675\n|switch|p1a: Koraidon|Koraidon|100\/100\n|-damage|p1a: Koraidon|94\/100|[from] Stealth Rock\n|-weather|SunnyDay|[from] ability: Orichalcum Pulse|[of] p1a: Koraidon\n|-activate|p1a: Koraidon|Orichalcum Pulse|[source]\n|turn|9\n|\n|t:|1698948679\n|switch|p2a: Flutter Mane|Flutter Mane|100\/100\n|-damage|p2a: Flutter Mane|88\/100|[from] Stealth Rock\n|-activate|p2a: Flutter Mane|ability: Protosynthesis\n|-start|p2a: Flutter Mane|protosynthesisspe\n|move|p1a: Koraidon|Swords Dance|p1a: Koraidon\n|-boost|p1a: Koraidon|atk|2\n|\n|-weather|SunnyDay|[upkeep]\n|upkeep\n|turn|10\n|\n|t:|1698948688\n|-terastallize|p1a: Koraidon|Fairy\n|move|p2a: Flutter Mane|Moonblast|p1a: Koraidon\n|-damage|p1a: Koraidon|27\/100\n|-unboost|p1a: Koraidon|spa|1\n|-damage|p2a: Flutter Mane|78\/100|[from] item: Life Orb\n|move|p1a: Koraidon|Flame Charge|p2a: Flutter Mane\n|-damage|p2a: Flutter Mane|0 fnt\n|-boost|p1a: Koraidon|spe|1\n|faint|p2a: Flutter Mane\n|-end|p2a: Flutter Mane|Protosynthesis|[silent]\n|\n|-weather|SunnyDay|[upkeep]\n|upkeep\n|\n|t:|1698948701\n|switch|p2a: Alomomola|Alomomola, F|100\/100\n|-damage|p2a: Alomomola|88\/100|[from] Stealth Rock\n|turn|11\n|\n|t:|1698948720\n|move|p1a: Koraidon|Low Kick|p2a: Alomomola\n|-damage|p2a: Alomomola|42\/100\n|-damage|p1a: Koraidon|10\/100|[from] item: Rocky Helmet|[of] p2a: Alomomola\n|move|p2a: Alomomola|Play Rough|p1a: Koraidon\n|-damage|p1a: Koraidon|0 fnt\n|faint|p1a: Koraidon\n|\n|-weather|SunnyDay|[upkeep]\n|upkeep\n|\n|t:|1698948723\n|switch|p1a: Arceus|Arceus|100\/100\n|-damage|p1a: Arceus|88\/100|[from] Stealth Rock\n|turn|12\n|\n|t:|1698948726\n|move|p1a: Arceus|Swords Dance|p1a: Arceus\n|-boost|p1a: Arceus|atk|2\n|move|p2a: Alomomola|Wish|p2a: Alomomola\n|\n|-weather|SunnyDay|[upkeep]\n|upkeep\n|turn|13\n|\n|t:|1698948732\n|switch|p2a: Giratina|Giratina-Origin, shiny|40\/100\n|-damage|p2a: Giratina|27\/100|[from] Stealth Rock\n|move|p1a: Arceus|Swords Dance|p1a: Arceus\n|-boost|p1a: Arceus|atk|2\n|\n|-weather|none\n|-heal|p2a: Giratina|80\/100|[from] move: Wish|[wisher] Alomomola\n|upkeep\n|turn|14\n|\n|t:|1698948738\n|-terastallize|p2a: Giratina|Steel\n|move|p1a: Arceus|Shadow Claw|p2a: Giratina\n|-crit|p2a: Giratina\n|-damage|p2a: Giratina|18\/100\n|move|p2a: Giratina|Dragon Tail|p1a: Arceus\n|-damage|p1a: Arceus|65\/100\n|drag|p1a: Sneasler|Sneasler, M|100\/100\n|-damage|p1a: Sneasler|94\/100|[from] Stealth Rock\n|\n|upkeep\n|turn|15\n|\n|t:|1698948744\n|switch|p1a: Arceus|Arceus|65\/100\n|-damage|p1a: Arceus|53\/100|[from] Stealth Rock\n|switch|p2a: Alomomola|Alomomola, F|75\/100\n|-damage|p2a: Alomomola|63\/100|[from] Stealth Rock\n|\n|upkeep\n|turn|16\n|j| LennyFielding\n|\n|t:|1698948748\n|move|p1a: Arceus|Swords Dance|p1a: Arceus\n|-boost|p1a: Arceus|atk|2\n|move|p2a: Alomomola|Flip Turn|p1a: Arceus\n|-damage|p1a: Arceus|42\/100\n|\n|t:|1698948750\n|switch|p2a: Arceus|Arceus-Steel|68\/100|[from] Flip Turn\n|-damage|p2a: Arceus|62\/100|[from] Stealth Rock\n|\n|upkeep\n|turn|17\n|\n|t:|1698948752\n|move|p2a: Arceus|Will-O-Wisp|p1a: Arceus\n|-status|p1a: Arceus|brn\n|move|p1a: Arceus|Taunt|p2a: Arceus\n|-start|p2a: Arceus|move: Taunt\n|\n|-damage|p1a: Arceus|36\/100 brn|[from] brn\n|upkeep\n|turn|18\n|\n|t:|1698948756\n|move|p1a: Arceus|Extreme Speed|p2a: Arceus\n|-resisted|p2a: Arceus\n|-damage|p2a: Arceus|49\/100\n|move|p2a: Arceus|Judgment|p1a: Arceus\n|-damage|p1a: Arceus|5\/100 brn\n|\n|-damage|p1a: Arceus|0 fnt|[from] brn\n|faint|p1a: Arceus\n|upkeep\n|\n|t:|1698948758\n|switch|p1a: Miraidon|Miraidon|100\/100\n|-damage|p1a: Miraidon|88\/100|[from] Stealth Rock\n|-fieldstart|move: Electric Terrain|[from] ability: Hadron Engine|[of] p1a: Miraidon\n|turn|19\n|\n|t:|1698948761\n|move|p1a: Miraidon|Calm Mind|p1a: Miraidon\n|-boost|p1a: Miraidon|spa|1\n|-boost|p1a: Miraidon|spd|1\n|move|p2a: Arceus|Judgment|p1a: Miraidon\n|-resisted|p1a: Miraidon\n|-damage|p1a: Miraidon|75\/100\n|\n|upkeep\n|turn|20\n|\n|t:|1698948765\n|switch|p2a: Giratina|Giratina-Origin, shiny, tera:Steel|18\/100\n|-damage|p2a: Giratina|12\/100|[from] Stealth Rock\n|move|p1a: Miraidon|Calm Mind|p1a: Miraidon\n|-boost|p1a: Miraidon|spa|1\n|-boost|p1a: Miraidon|spd|1\n|\n|upkeep\n|turn|21\n|\n|t:|1698948767\n|move|p2a: Giratina|Shadow Sneak|p1a: Miraidon\n|-damage|p1a: Miraidon|53\/100\n|move|p1a: Miraidon|Electro Drift|p2a: Giratina\n|-damage|p2a: Giratina|0 fnt\n|faint|p2a: Giratina\n|\n|upkeep\n|\n|t:|1698948780\n|switch|p2a: Koraidon|Koraidon|100\/100\n|-damage|p2a: Koraidon|94\/100|[from] Stealth Rock\n|-weather|SunnyDay|[from] ability: Orichalcum Pulse|[of] p2a: Koraidon\n|-activate|p2a: Koraidon|Orichalcum Pulse|[source]\n|turn|22\n|\n|t:|1698948783\n|move|p2a: Koraidon|Dragon Claw|p1a: Miraidon\n|-supereffective|p1a: Miraidon\n|-damage|p1a: Miraidon|0 fnt\n|faint|p1a: Miraidon\n|\n|-weather|SunnyDay|[upkeep]\n|upkeep\n|\n|t:|1698948785\n|switch|p1a: Sneasler|Sneasler, M|94\/100\n|-damage|p1a: Sneasler|88\/100|[from] Stealth Rock\n|-enditem|p1a: Sneasler|Electric Seed\n|-boost|p1a: Sneasler|def|1|[from] item: Electric Seed\n|turn|23\n|\n|t:|1698948787\n|move|p1a: Sneasler|Swords Dance|p1a: Sneasler\n|-boost|p1a: Sneasler|atk|2\n|move|p2a: Koraidon|Dragon Claw|p1a: Sneasler\n|-damage|p1a: Sneasler|23\/100\n|\n|-weather|SunnyDay|[upkeep]\n|-fieldend|move: Electric Terrain\n|upkeep\n|turn|24\n|\n|t:|1698948794\n|move|p1a: Sneasler|Gunk Shot|p2a: Koraidon\n|-damage|p2a: Koraidon|0 fnt\n|faint|p2a: Koraidon\n|\n|-weather|SunnyDay|[upkeep]\n|upkeep\n|\n|t:|1698948795\n|switch|p2a: Alomomola|Alomomola, F|96\/100\n|-damage|p2a: Alomomola|84\/100|[from] Stealth Rock\n|turn|25\n|\n|t:|1698948797\n|move|p1a: Sneasler|Gunk Shot|p2a: Alomomola|[miss]\n|-miss|p1a: Sneasler|p2a: Alomomola\n|move|p2a: Alomomola|Play Rough|p1a: Sneasler\n|-damage|p1a: Sneasler|5\/100\n|\n|-weather|SunnyDay|[upkeep]\n|upkeep\n|turn|26\n|\n|t:|1698948804\n|move|p2a: Alomomola|Protect|p2a: Alomomola\n|-singleturn|p2a: Alomomola|Protect\n|move|p1a: Sneasler|Gunk Shot|p2a: Alomomola\n|-activate|p2a: Alomomola|move: Protect\n|\n|-weather|none\n|upkeep\n|turn|27\n|\n|t:|1698948808\n|switch|p2a: Arceus|Arceus-Steel|49\/100\n|-damage|p2a: Arceus|43\/100|[from] Stealth Rock\n|move|p1a: Sneasler|Gunk Shot|p2a: Arceus\n|-immune|p2a: Arceus\n|\n|upkeep\n|turn|28\n|\n|t:|1698948812\n|switch|p2a: Alomomola|Alomomola, F|100\/100\n|-damage|p2a: Alomomola|88\/100|[from] Stealth Rock\n|move|p1a: Sneasler|Gunk Shot|p2a: Alomomola\n|-damage|p2a: Alomomola|21\/100\n|\n|upkeep\n|turn|29\n|\n|t:|1698948819\n|move|p1a: Sneasler|Close Combat|p2a: Alomomola\n|-damage|p2a: Alomomola|0 fnt\n|-unboost|p1a: Sneasler|def|1\n|-unboost|p1a: Sneasler|spd|1\n|-damage|p1a: Sneasler|0 fnt|[from] item: Rocky Helmet|[of] p2a: Alomomola\n|faint|p2a: Alomomola\n|faint|p1a: Sneasler\n|\n|win|OreoSpeedruns\n|n|\u2606RichardMillePlain|richardmilleplain\n|n|\u2606OreoSpeedruns|oreospeedruns\n|n| makers manhattan|makersmanhattan\n|n| Nicometeor|nicometeor\n|n| LennyFielding|lennyfielding\n|c|\u2606RichardMillePlain|g\n|c|\u2606RichardMillePlain|g\n|l|\u2606RichardMillePlain\n|c|\u2606OreoSpeedruns|gg wp\n|l| makers manhattan\n","uploadtime":1698948842,"views":8,"p1id":"richardmilleplain","p2id":"oreospeedruns","formatid":"gen9ubers","rating":0,"private":0,"password":""}