{"id":"gen9ubers-1994509186","p1":"Little_Otaku","p2":"jacothaptrllr","format":"[Gen 9] Ubers","log":"|j|\u2606Little_Otaku\n|j|\u2606jacothaptrllr\n|t:|1700452397\n|gametype|singles\n|player|p1|Little_Otaku|clair|1173\n|player|p2|jacothaptrllr|chuck|1121\n|teamsize|p1|6\n|teamsize|p2|6\n|gen|9\n|tier|[Gen 9] Ubers\n|rated|\n|rule|Sleep Clause Mod: Limit one foe put to sleep\n|rule|Species Clause: Limit one of each Pok\u00e9mon\n|rule|OHKO Clause: OHKO moves are banned\n|rule|Evasion Items Clause: Evasion items are banned\n|rule|Evasion Moves Clause: Evasion moves are banned\n|rule|Endless Battle Clause: Forcing endless battles is banned\n|rule|HP Percentage Mod: HP is shown in percentages\n|clearpoke\n|poke|p1|Darkrai|\n|poke|p1|Groudon|\n|poke|p1|Zamazenta-*|\n|poke|p1|Volcarona, M|\n|poke|p1|Gliscor, F|\n|poke|p1|Giratina|\n|poke|p2|Flutter Mane|\n|poke|p2|Miraidon|\n|poke|p2|Kyogre|\n|poke|p2|Urshifu-*, F|\n|poke|p2|Giratina-Origin|\n|poke|p2|Iron Valiant|\n|teampreview\n|inactive|Battle timer is ON: inactive players will automatically lose when time's up. (requested by jacothaptrllr)\n|inactive|Little_Otaku has 120 seconds left.\n|inactive|Little_Otaku has 90 seconds left.\n|inactive|Little_Otaku has 60 seconds left.\n|\n|t:|1700452507\n|start\n|switch|p1a: Giratina|Giratina|100\/100\n|switch|p2a: chifuyu|Miraidon|100\/100\n|-fieldstart|move: Electric Terrain|[from] ability: Hadron Engine|[of] p2a: chifuyu\n|-ability|p1a: Giratina|Pressure\n|turn|1\n|\n|t:|1700452521\n|move|p1a: Giratina|Protect|p1a: Giratina\n|-singleturn|p1a: Giratina|Protect\n|move|p2a: chifuyu|Draco Meteor|p1a: Giratina\n|-activate|p1a: Giratina|move: Protect\n|\n|upkeep\n|turn|2\n|\n|t:|1700452535\n|move|p2a: chifuyu|Draco Meteor|p1a: Giratina\n|-supereffective|p1a: Giratina\n|-damage|p1a: Giratina|0 fnt\n|-unboost|p2a: chifuyu|spa|2\n|faint|p1a: Giratina\n|-damage|p2a: chifuyu|91\/100|[from] item: Life Orb\n|\n|upkeep\n|\n|t:|1700452542\n|switch|p1a: Volcarona|Volcarona, M|100\/100\n|turn|3\n|\n|t:|1700452548\n|move|p2a: chifuyu|Volt Switch|p1a: Volcarona\n|-damage|p1a: Volcarona|59\/100\n|-damage|p2a: chifuyu|81\/100|[from] item: Life Orb\n|\n|t:|1700452554\n|switch|p2a: mikey|Kyogre|100\/100|[from] Volt Switch\n|-weather|RainDance|[from] ability: Drizzle|[of] p2a: mikey\n|move|p1a: Volcarona|Quiver Dance|p1a: Volcarona\n|-boost|p1a: Volcarona|spa|1\n|-boost|p1a: Volcarona|spd|1\n|-boost|p1a: Volcarona|spe|1\n|\n|-weather|RainDance|[upkeep]\n|upkeep\n|turn|4\n|inactive|jacothaptrllr has 120 seconds left.\n|\n|t:|1700452584\n|-terastallize|p1a: Volcarona|Grass\n|move|p1a: Volcarona|Quiver Dance|p1a: Volcarona\n|-boost|p1a: Volcarona|spa|1\n|-boost|p1a: Volcarona|spd|1\n|-boost|p1a: Volcarona|spe|1\n|move|p2a: mikey|Thunder|p1a: Volcarona\n|-resisted|p1a: Volcarona\n|-damage|p1a: Volcarona|48\/100\n|-status|p1a: Volcarona|par\n|\n|-weather|RainDance|[upkeep]\n|upkeep\n|turn|5\n|\n|t:|1700452594\n|move|p2a: mikey|Ice Beam|p1a: Volcarona\n|-supereffective|p1a: Volcarona\n|-damage|p1a: Volcarona|17\/100 par\n|cant|p1a: Volcarona|par\n|\n|-weather|RainDance|[upkeep]\n|-fieldend|move: Electric Terrain\n|upkeep\n|turn|6\n|\n|t:|1700452600\n|move|p2a: mikey|Ice Beam|p1a: Volcarona\n|-supereffective|p1a: Volcarona\n|-damage|p1a: Volcarona|0 fnt\n|faint|p1a: Volcarona\n|\n|-weather|RainDance|[upkeep]\n|upkeep\n|c|\u2606Little_Otaku|thats 10% para right?\n|\n|t:|1700452624\n|switch|p1a: Darkrai|Darkrai|100\/100\n|turn|7\n|c|\u2606jacothaptrllr|30%\n|\n|t:|1700452650\n|move|p1a: Darkrai|Hypnosis|p2a: mikey|[miss]\n|-miss|p1a: Darkrai|p2a: mikey\n|move|p2a: mikey|Water Spout|p1a: Darkrai\n|-damage|p1a: Darkrai|0 fnt\n|faint|p1a: Darkrai\n|\n|-weather|none\n|upkeep\n|-message|Little_Otaku forfeited.\n|\n|win|jacothaptrllr\n|raw|Little_Otaku's rating: 1173 &rarr; <strong>1144<\/strong><br \/>(-29 for losing)\n|raw|jacothaptrllr's rating: 1121 &rarr; <strong>1150<\/strong><br \/>(+29 for winning)\n|l|\u2606Little_Otaku\n","uploadtime":1700452665,"views":5,"p1id":"littleotaku","p2id":"jacothaptrllr","formatid":"gen9ubers","rating":1144,"private":0,"password":""}