{"id":"gen9ubers-1987729734","p1":"ox04","p2":"MatchaXpresso","format":"[Gen 9] Ubers","log":"|j|\u2606ox04\n|j|\u2606MatchaXpresso\n|t:|1699631641\n|gametype|singles\n|player|p1|ox04|hugh|\n|player|p2|MatchaXpresso|101|\n|teamsize|p1|6\n|teamsize|p2|6\n|gen|9\n|tier|[Gen 9] Ubers\n|rated|Tournament battle\n|rule|Sleep Clause Mod: Limit one foe put to sleep\n|rule|Species Clause: Limit one of each Pok\u00e9mon\n|rule|OHKO Clause: OHKO moves are banned\n|rule|Evasion Items Clause: Evasion items are banned\n|rule|Evasion Moves Clause: Evasion moves are banned\n|rule|Endless Battle Clause: Forcing endless battles is banned\n|rule|HP Percentage Mod: HP is shown in percentages\n|clearpoke\n|poke|p1|Miraidon|\n|poke|p1|Zacian-*|\n|poke|p1|Arceus-Ghost|\n|poke|p1|Gliscor, F|\n|poke|p1|Clodsire, M|\n|poke|p1|Groudon|\n|poke|p2|Calyrex-Ice|\n|poke|p2|Dialga|\n|poke|p2|Ursaluna-Bloodmoon, M|\n|poke|p2|Cresselia, F|\n|poke|p2|Ditto|\n|poke|p2|Haxorus, F|\n|teampreview\n|j| Primordiallite\n|c|\u2606ox04|glhf\n|j| 8142e\n|\n|t:|1699631649\n|start\n|switch|p1a: Arceus|Arceus-Ghost|100\/100\n|switch|p2a: Dialga|Dialga|100\/100\n|-ability|p2a: Dialga|Pressure\n|turn|1\n|\n|t:|1699631653\n|move|p1a: Arceus|Taunt|p2a: Dialga\n|-start|p2a: Dialga|move: Taunt\n|-enditem|p2a: Dialga|Mental Herb\n|-end|p2a: Dialga|move: Taunt\n|move|p2a: Dialga|Trick Room|p2a: Dialga\n|-fieldstart|move: Trick Room|[of] p2a: Dialga\n|\n|upkeep\n|turn|2\n|\n|t:|1699631656\n|move|p2a: Dialga|Stealth Rock|p1a: Arceus\n|-sidestart|p1: ox04|move: Stealth Rock\n|move|p1a: Arceus|Stealth Rock|p2a: Dialga\n|-sidestart|p2: MatchaXpresso|move: Stealth Rock\n|\n|upkeep\n|turn|3\n|c| 8142e|haxorus\n|\n|t:|1699631660\n|move|p2a: Dialga|Steel Beam|p1a: Arceus\n|-damage|p1a: Arceus|56\/100\n|-damage|p2a: Dialga|50\/100|[from] steelbeam\n|move|p1a: Arceus|Recover|p1a: Arceus\n|-heal|p1a: Arceus|100\/100\n|\n|upkeep\n|turn|4\n|\n|t:|1699631663\n|move|p1a: Arceus|Recover||[still]\n|-fail|p1a: Arceus|heal\n|move|p2a: Dialga|Roar|p1a: Arceus\n|drag|p1a: Clodsire|Clodsire, M|100\/100\n|-damage|p1a: Clodsire|94\/100|[from] Stealth Rock\n|\n|upkeep\n|turn|5\n|\n|t:|1699631666\n|move|p1a: Clodsire|Spikes|p2a: Dialga\n|-sidestart|p2: MatchaXpresso|Spikes\n|move|p2a: Dialga|Steel Beam|p1a: Clodsire\n|-damage|p1a: Clodsire|56\/100\n|-damage|p2a: Dialga|0 fnt|[from] steelbeam\n|faint|p2a: Dialga\n|\n|-fieldend|move: Trick Room\n|upkeep\n|c| 8142e|banned from the syndicate\n|\n|t:|1699631673\n|switch|p2a: Haxorus|Haxorus, F|100\/100\n|-damage|p2a: Haxorus|88\/100|[from] Stealth Rock\n|-damage|p2a: Haxorus|76\/100|[from] Spikes\n|-ability|p2a: Haxorus|Mold Breaker\n|turn|6\n|\n|t:|1699631683\n|switch|p1a: Groudon|Groudon|100\/100\n|-damage|p1a: Groudon|94\/100|[from] Stealth Rock\n|-weather|SunnyDay|[from] ability: Drought|[of] p1a: Groudon\n|move|p2a: Haxorus|Substitute|p2a: Haxorus\n|-start|p2a: Haxorus|Substitute\n|-damage|p2a: Haxorus|51\/100\n|\n|-weather|SunnyDay|[upkeep]\n|-heal|p2a: Haxorus|57\/100|[from] item: Leftovers\n|-heal|p1a: Groudon|100\/100|[from] item: Leftovers\n|upkeep\n|turn|7\n|\n|t:|1699631687\n|move|p2a: Haxorus|Swords Dance|p2a: Haxorus\n|-boost|p2a: Haxorus|atk|2\n|move|p1a: Groudon|Roar|p2a: Haxorus\n|drag|p2a: Ditto|Ditto|100\/100\n|-damage|p2a: Ditto|88\/100|[from] Stealth Rock\n|-damage|p2a: Ditto|76\/100|[from] Spikes\n|-transform|p2a: Ditto|p1a: Groudon|[from] ability: Imposter\n|\n|-weather|SunnyDay|[upkeep]\n|upkeep\n|turn|8\n|\n|t:|1699631704\n|move|p1a: Groudon|Precipice Blades|p2a: Ditto|[miss]\n|-miss|p1a: Groudon|p2a: Ditto\n|move|p2a: Ditto|Roar|p1a: Groudon\n|drag|p1a: Clodsire|Clodsire, M|56\/100\n|-damage|p1a: Clodsire|50\/100|[from] Stealth Rock\n|\n|-weather|SunnyDay|[upkeep]\n|upkeep\n|turn|9\n|c|\u2606ox04|evil set eh?\n|\n|t:|1699631709\n|switch|p2a: Haxorus|Haxorus, F|57\/100\n|-damage|p2a: Haxorus|45\/100|[from] Stealth Rock\n|-damage|p2a: Haxorus|33\/100|[from] Spikes\n|-ability|p2a: Haxorus|Mold Breaker\n|move|p1a: Clodsire|Recover|p1a: Clodsire\n|-heal|p1a: Clodsire|99\/100\n|\n|-weather|SunnyDay|[upkeep]\n|-heal|p2a: Haxorus|39\/100|[from] item: Leftovers\n|upkeep\n|turn|10\n|\n|t:|1699631713\n|switch|p1a: Groudon|Groudon|100\/100\n|-damage|p1a: Groudon|94\/100|[from] Stealth Rock\n|move|p2a: Haxorus|Scale Shot|p1a: Groudon\n|-damage|p1a: Groudon|87\/100\n|-damage|p1a: Groudon|80\/100\n|-damage|p1a: Groudon|72\/100\n|-damage|p1a: Groudon|64\/100\n|-hitcount|p1a: Groudon|4\n|-unboost|p2a: Haxorus|def|1\n|-boost|p2a: Haxorus|spe|1\n|\n|-weather|none\n|-heal|p2a: Haxorus|45\/100|[from] item: Leftovers\n|-heal|p1a: Groudon|70\/100|[from] item: Leftovers\n|upkeep\n|turn|11\n|\n|t:|1699631719\n|move|p2a: Haxorus|Earthquake|p1a: Groudon\n|-damage|p1a: Groudon|51\/100\n|move|p1a: Groudon|Precipice Blades|p2a: Haxorus\n|-crit|p2a: Haxorus\n|-damage|p2a: Haxorus|0 fnt\n|faint|p2a: Haxorus\n|\n|-heal|p1a: Groudon|57\/100|[from] item: Leftovers\n|upkeep\n|\n|t:|1699631728\n|switch|p2a: Cresselia|Cresselia, F|100\/100\n|-damage|p2a: Cresselia|88\/100|[from] Stealth Rock\n|turn|12\n|\n|t:|1699631731\n|move|p1a: Groudon|Roar|p2a: Cresselia\n|drag|p2a: Ursaluna|Ursaluna-Bloodmoon, M|100\/100\n|\n|-heal|p1a: Groudon|63\/100|[from] item: Leftovers\n|upkeep\n|turn|13\n|\n|t:|1699631736\n|move|p1a: Groudon|Protect|p1a: Groudon\n|-singleturn|p1a: Groudon|Protect\n|move|p2a: Ursaluna|Blood Moon|p1a: Groudon\n|-activate|p1a: Groudon|move: Protect\n|\n|-heal|p1a: Groudon|69\/100|[from] item: Leftovers\n|upkeep\n|turn|14\n|\n|t:|1699631742\n|move|p1a: Groudon|Precipice Blades|p2a: Ursaluna\n|-damage|p2a: Ursaluna|61\/100\n|move|p2a: Ursaluna|Earth Power|p1a: Groudon\n|-damage|p1a: Groudon|21\/100\n|\n|-heal|p1a: Groudon|27\/100|[from] item: Leftovers\n|upkeep\n|turn|15\n|\n|t:|1699631748\n|move|p1a: Groudon|Precipice Blades|p2a: Ursaluna\n|-damage|p2a: Ursaluna|21\/100\n|move|p2a: Ursaluna|Tera Blast|p1a: Groudon\n|-damage|p1a: Groudon|0 fnt\n|faint|p1a: Groudon\n|\n|upkeep\n|\n|t:|1699631756\n|switch|p1a: Miraidon|Miraidon|100\/100\n|-fieldstart|move: Electric Terrain|[from] ability: Hadron Engine|[of] p1a: Miraidon\n|turn|16\n|\n|t:|1699631765\n|move|p2a: Ursaluna|Vacuum Wave|p1a: Miraidon\n|-damage|p1a: Miraidon|87\/100\n|move|p1a: Miraidon|Draco Meteor|p2a: Ursaluna\n|-damage|p2a: Ursaluna|0 fnt\n|-unboost|p1a: Miraidon|spa|2\n|faint|p2a: Ursaluna\n|\n|upkeep\n|\n|t:|1699631770\n|switch|p2a: Calyrex|Calyrex-Ice|100\/100\n|-ability|p2a: Calyrex|As One\n|-ability|p2a: Calyrex|Unnerve\n|turn|17\n|\n|t:|1699631774\n|move|p1a: Miraidon|U-turn|p2a: Calyrex\n|-supereffective|p2a: Calyrex\n|-damage|p2a: Calyrex|85\/100\n|\n|t:|1699631777\n|switch|p1a: Arceus|Arceus-Ghost|100\/100|[from] U-turn\n|-damage|p1a: Arceus|88\/100|[from] Stealth Rock\n|move|p2a: Calyrex|Trick Room|p2a: Calyrex\n|-fieldstart|move: Trick Room|[of] p2a: Calyrex\n|\n|upkeep\n|turn|18\n|\n|t:|1699631783\n|move|p2a: Calyrex|Glacial Lance|p1a: Arceus\n|-damage|p1a: Arceus|29\/100\n|move|p1a: Arceus|Recover|p1a: Arceus\n|-heal|p1a: Arceus|79\/100\n|\n|upkeep\n|turn|19\n|\n|t:|1699631791\n|move|p2a: Calyrex|Glacial Lance|p1a: Arceus\n|-damage|p1a: Arceus|20\/100\n|move|p1a: Arceus|Judgment|p2a: Calyrex\n|-supereffective|p2a: Calyrex\n|-damage|p2a: Calyrex|14\/100\n|\n|upkeep\n|turn|20\n|\n|t:|1699631795\n|move|p2a: Calyrex|Glacial Lance|p1a: Arceus\n|-damage|p1a: Arceus|0 fnt\n|faint|p1a: Arceus\n|-ability|p2a: Calyrex|Chilling Neigh|boost\n|-boost|p2a: Calyrex|atk|1\n|\n|-fieldend|move: Electric Terrain\n|upkeep\n|\n|t:|1699631798\n|switch|p1a: Gliscor|Gliscor, F|100\/100\n|-damage|p1a: Gliscor|88\/100|[from] Stealth Rock\n|turn|21\n|c| 8142e|ox\n|c|\u2606ox04|yes?\n|\n|t:|1699631802\n|switch|p2a: Cresselia|Cresselia, F|88\/100\n|-damage|p2a: Cresselia|76\/100|[from] Stealth Rock\n|move|p1a: Gliscor|Protect||[still]\n|-fail|p1a: Gliscor\n|\n|-fieldend|move: Trick Room\n|-status|p1a: Gliscor|tox|[from] item: Toxic Orb\n|upkeep\n|turn|22\n|c| 8142e|share team\n|\n|t:|1699631806\n|move|p1a: Gliscor|Taunt|p2a: Cresselia\n|-start|p2a: Cresselia|move: Taunt\n|-enditem|p2a: Cresselia|Mental Herb\n|-end|p2a: Cresselia|move: Taunt\n|move|p2a: Cresselia|Trick Room|p2a: Cresselia\n|-fieldstart|move: Trick Room|[of] p2a: Cresselia\n|\n|-heal|p1a: Gliscor|100\/100 tox|[from] ability: Poison Heal\n|upkeep\n|turn|23\n|c|\u2606ox04|lol\n|c|\u2606ox04|okay\n|l| Primordiallite\n|\n|t:|1699631823\n|move|p2a: Cresselia|Lunar Dance|p2a: Cresselia\n|faint|p2a: Cresselia\n|move|p1a: Gliscor|Taunt|p2: Cresselia|[notarget]\n|-fail|p1a: Gliscor\n|\n|upkeep\n|\n|t:|1699631827\n|switch|p2a: Calyrex|Calyrex-Ice|14\/100\n|-ability|p2a: Calyrex|As One\n|-ability|p2a: Calyrex|Unnerve\n|-heal|p2a: Calyrex|100\/100|[from] move: Lunar Dance\n|turn|24\n|j| Primordiallite\n|\n|t:|1699631840\n|-terastallize|p1a: Gliscor|Water\n|move|p2a: Calyrex|Glacial Lance|p1a: Gliscor\n|-resisted|p1a: Gliscor\n|-damage|p1a: Gliscor|69\/100 tox\n|move|p1a: Gliscor|Toxic|p2a: Calyrex\n|-status|p2a: Calyrex|tox\n|\n|-damage|p2a: Calyrex|94\/100 tox|[from] psn\n|-heal|p1a: Gliscor|81\/100 tox|[from] ability: Poison Heal\n|upkeep\n|turn|25\n|c|\u2606MatchaXpresso|Lol okay\n|\n|t:|1699631864\n|move|p2a: Calyrex|Glacial Lance|p1a: Gliscor\n|-resisted|p1a: Gliscor\n|-damage|p1a: Gliscor|49\/100 tox\n|move|p1a: Gliscor|Taunt|p2a: Calyrex\n|-start|p2a: Calyrex|move: Taunt\n|\n|-damage|p2a: Calyrex|82\/100 tox|[from] psn\n|-heal|p1a: Gliscor|62\/100 tox|[from] ability: Poison Heal\n|upkeep\n|turn|26\n|\n|t:|1699631869\n|move|p1a: Gliscor|Protect|p1a: Gliscor\n|-singleturn|p1a: Gliscor|Protect\n|move|p2a: Calyrex|Seed Bomb|p1a: Gliscor\n|-activate|p1a: Gliscor|move: Protect\n|\n|-damage|p2a: Calyrex|63\/100 tox|[from] psn\n|-heal|p1a: Gliscor|74\/100 tox|[from] ability: Poison Heal\n|-fieldend|move: Trick Room\n|upkeep\n|turn|27\n|c|\u2606MatchaXpresso|Gg\n|c|\u2606ox04|gg\n|\n|t:|1699631880\n|move|p1a: Gliscor|Earthquake|p2a: Calyrex\n|-damage|p2a: Calyrex|45\/100 tox\n|move|p2a: Calyrex|Seed Bomb|p1a: Gliscor\n|-supereffective|p1a: Gliscor\n|-damage|p1a: Gliscor|21\/100 tox\n|\n|-heal|p1a: Gliscor|33\/100 tox|[from] ability: Poison Heal\n|-damage|p2a: Calyrex|21\/100 tox|[from] psn\n|upkeep\n|turn|28\n|\n|t:|1699631887\n|move|p1a: Gliscor|Protect|p1a: Gliscor\n|-singleturn|p1a: Gliscor|Protect\n|move|p2a: Calyrex|Seed Bomb|p1a: Gliscor\n|-activate|p1a: Gliscor|move: Protect\n|\n|-heal|p1a: Gliscor|45\/100 tox|[from] ability: Poison Heal\n|-damage|p2a: Calyrex|0 fnt|[from] psn\n|faint|p2a: Calyrex\n|upkeep\n|\n|t:|1699631889\n|switch|p2a: Ditto|Ditto|76\/100\n|-damage|p2a: Ditto|63\/100|[from] Stealth Rock\n|-damage|p2a: Ditto|51\/100|[from] Spikes\n|-transform|p2a: Ditto|p1a: Gliscor|[from] ability: Imposter\n|-start|p2a: Ditto|typechange|Ground\/Flying|[silent]\n|turn|29\n|\n|t:|1699631894\n|move|p2a: Ditto|Earthquake|p1a: Gliscor\n|-damage|p1a: Gliscor|19\/100 tox\n|move|p1a: Gliscor|Taunt|p2a: Ditto\n|-start|p2a: Ditto|move: Taunt\n|\n|-heal|p1a: Gliscor|31\/100 tox|[from] ability: Poison Heal\n|upkeep\n|turn|30\n|\n|t:|1699631897\n|move|p1a: Gliscor|Protect|p1a: Gliscor\n|-singleturn|p1a: Gliscor|Protect\n|move|p2a: Ditto|Earthquake|p1a: Gliscor\n|-activate|p1a: Gliscor|move: Protect\n|\n|-heal|p1a: Gliscor|44\/100 tox|[from] ability: Poison Heal\n|upkeep\n|turn|31\n|\n|t:|1699631900\n|move|p2a: Ditto|Earthquake|p1a: Gliscor\n|-damage|p1a: Gliscor|20\/100 tox\n|move|p1a: Gliscor|Earthquake|p2a: Ditto\n|-immune|p2a: Ditto\n|\n|-heal|p1a: Gliscor|32\/100 tox|[from] ability: Poison Heal\n|upkeep\n|turn|32\n|\n|t:|1699631903\n|move|p1a: Gliscor|Protect|p1a: Gliscor\n|-singleturn|p1a: Gliscor|Protect\n|move|p2a: Ditto|Earthquake|p1a: Gliscor\n|-activate|p1a: Gliscor|move: Protect\n|\n|-heal|p1a: Gliscor|45\/100 tox|[from] ability: Poison Heal\n|-end|p2a: Ditto|move: Taunt\n|upkeep\n|turn|33\n|\n|t:|1699631906\n|move|p1a: Gliscor|Protect|p1a: Gliscor\n|-singleturn|p1a: Gliscor|Protect\n|move|p2a: Ditto|Earthquake|p1a: Gliscor\n|-activate|p1a: Gliscor|move: Protect\n|\n|-heal|p1a: Gliscor|57\/100 tox|[from] ability: Poison Heal\n|upkeep\n|turn|34\n|\n|t:|1699631909\n|-activate|p2a: Ditto|move: Struggle\n|move|p2a: Ditto|Struggle|p1a: Gliscor\n|-damage|p1a: Gliscor|48\/100 tox\n|-damage|p2a: Ditto|26\/100|[from] recoil\n|move|p1a: Gliscor|Taunt|p2a: Ditto\n|-start|p2a: Ditto|move: Taunt\n|\n|-heal|p1a: Gliscor|60\/100 tox|[from] ability: Poison Heal\n|upkeep\n|turn|35\n|\n|t:|1699631912\n|-activate|p2a: Ditto|move: Struggle\n|move|p2a: Ditto|Struggle|p1a: Gliscor\n|-damage|p1a: Gliscor|52\/100 tox\n|-damage|p2a: Ditto|1\/100|[from] recoil\n|move|p1a: Gliscor|Earthquake|p2a: Ditto\n|-immune|p2a: Ditto\n|\n|-heal|p1a: Gliscor|64\/100 tox|[from] ability: Poison Heal\n|upkeep\n|turn|36\n|\n|t:|1699631913\n|-activate|p2a: Ditto|move: Struggle\n|move|p2a: Ditto|Struggle|p1a: Gliscor\n|-damage|p1a: Gliscor|55\/100 tox\n|-damage|p2a: Ditto|0 fnt|[from] recoil\n|faint|p2a: Ditto\n|\n|win|ox04\n|n|\u2606ox04|ox04\n|n|\u2606MatchaXpresso|matchaxpresso\n|n| 8142e|8142e\n|n| Primordiallite|primordiallite\n","uploadtime":1699631920,"views":11,"p1id":"ox04","p2id":"matchaxpresso","formatid":"gen9ubers","rating":0,"private":0,"password":""}