{"id":"gen9ubers-1978213396","p1":"Nicky_Grey","p2":"MB1Rulez","format":"[Gen 9] Ubers","log":"|j|\u2606Nicky_Grey\n|j|\u2606MB1Rulez\n|t:|1698513228\n|gametype|singles\n|player|p1|Nicky_Grey|striker|\n|player|p2|MB1Rulez|nate|\n|teamsize|p1|6\n|teamsize|p2|6\n|gen|9\n|tier|[Gen 9] Ubers\n|rule|Sleep Clause Mod: Limit one foe put to sleep\n|rule|Species Clause: Limit one of each Pok\u00e9mon\n|rule|OHKO Clause: OHKO moves are banned\n|rule|Evasion Items Clause: Evasion items are banned\n|rule|Evasion Moves Clause: Evasion moves are banned\n|rule|Endless Battle Clause: Forcing endless battles is banned\n|rule|HP Percentage Mod: HP is shown in percentages\n|clearpoke\n|poke|p1|Grafaiai, F|\n|poke|p1|Meowscarada, M|\n|poke|p1|Mew|\n|poke|p1|Moltres|\n|poke|p1|Tatsugiri, M|\n|poke|p1|Hoopa-Unbound|\n|poke|p2|Kleavor, F|\n|poke|p2|Greninja-*, M|\n|poke|p2|Iron Treads|\n|poke|p2|Dragonite, M|\n|poke|p2|Slowbro-Galar, F|\n|poke|p2|Enamorus-Therian, F|\n|teampreview\n|\n|t:|1698513265\n|start\n|switch|p1a: Meowscarada|Meowscarada, M|100\/100\n|switch|p2a: Kleavor|Kleavor, F|100\/100\n|turn|1\n|\n|t:|1698513292\n|move|p1a: Meowscarada|U-turn|p2a: Kleavor\n|-start|p1a: Meowscarada|typechange|Bug|[from] ability: Protean\n|-damage|p2a: Kleavor|60\/100\n|\n|t:|1698513344\n|switch|p1a: Grafaiai|Grafaiai, F|100\/100|[from] U-turn\n|-item|p1a: Grafaiai|Air Balloon\n|move|p2a: Kleavor|Trailblaze|p1a: Grafaiai\n|-resisted|p1a: Grafaiai\n|-damage|p1a: Grafaiai|84\/100\n|-boost|p2a: Kleavor|spe|1\n|-enditem|p1a: Grafaiai|Air Balloon\n|\n|upkeep\n|turn|2\n|\n|t:|1698513356\n|move|p1a: Grafaiai|Swords Dance|p1a: Grafaiai\n|-boost|p1a: Grafaiai|atk|2\n|move|p2a: Kleavor|Stone Axe|p1a: Grafaiai\n|-damage|p1a: Grafaiai|0 fnt\n|-sidestart|p1: Nicky_Grey|move: Stealth Rock\n|faint|p1a: Grafaiai\n|\n|upkeep\n|\n|t:|1698513375\n|switch|p1a: Mew|Mew|100\/100\n|-damage|p1a: Mew|88\/100|[from] Stealth Rock\n|turn|3\n|\n|t:|1698513389\n|-terastallize|p1a: Mew|Steel\n|move|p2a: Kleavor|U-turn|p1a: Mew\n|-resisted|p1a: Mew\n|-damage|p1a: Mew|72\/100\n|\n|t:|1698513422\n|switch|p2a: Iron Treads|Iron Treads|100\/100|[from] U-turn\n|move|p1a: Mew|Flash Cannon|p2a: Iron Treads\n|-resisted|p2a: Iron Treads\n|-damage|p2a: Iron Treads|88\/100\n|\n|-heal|p1a: Mew|78\/100|[from] item: Leftovers\n|upkeep\n|turn|4\n|\n|t:|1698513439\n|switch|p1a: Moltres|Moltres|100\/100\n|move|p2a: Iron Treads|Knock Off|p1a: Moltres\n|-damage|p1a: Moltres|81\/100\n|-enditem|p1a: Moltres|Heavy-Duty Boots|[from] move: Knock Off|[of] p2a: Iron Treads\n|\n|upkeep\n|turn|5\n|\n|t:|1698513471\n|-end|p2a: Iron Treads|Quark Drive|[silent]\n|switch|p2a: Greninja|Greninja, M|100\/100\n|move|p1a: Moltres|Flamethrower|p2a: Greninja\n|-resisted|p2a: Greninja\n|-damage|p2a: Greninja|72\/100\n|\n|upkeep\n|turn|6\n|\n|t:|1698513483\n|switch|p1a: Tatsugiri|Tatsugiri, M|100\/100\n|-damage|p1a: Tatsugiri|88\/100|[from] Stealth Rock\n|move|p2a: Greninja|Surf|p1a: Tatsugiri\n|-start|p2a: Greninja|typechange|Water|[from] ability: Protean\n|-ability|p1a: Tatsugiri|Storm Drain|boost\n|-boost|p1a: Tatsugiri|spa|1\n|\n|upkeep\n|turn|7\n|\n|t:|1698513525\n|move|p2a: Greninja|Dark Pulse|p1a: Tatsugiri\n|-damage|p1a: Tatsugiri|51\/100\n|-damage|p2a: Greninja|62\/100|[from] item: Life Orb\n|move|p1a: Tatsugiri|Tera Blast|p2a: Greninja\n|-damage|p2a: Greninja|0 fnt\n|faint|p2a: Greninja\n|-damage|p1a: Tatsugiri|41\/100|[from] item: Life Orb\n|\n|upkeep\n|\n|t:|1698513564\n|switch|p2a: Slowbro|Slowbro-Galar, F|100\/100\n|turn|8\n|\n|t:|1698513569\n|-terastallize|p2a: Slowbro|Fairy\n|move|p1a: Tatsugiri|Rapid Spin|p2a: Slowbro\n|-damage|p2a: Slowbro|95\/100\n|-boost|p1a: Tatsugiri|spe|1\n|-sideend|p1: Nicky_Grey|Stealth Rock|[from] move: Rapid Spin|[of] p1a: Tatsugiri\n|-damage|p1a: Tatsugiri|31\/100|[from] item: Life Orb\n|move|p2a: Slowbro|Trick Room|p2a: Slowbro\n|-fieldstart|move: Trick Room|[of] p2a: Slowbro\n|\n|-heal|p2a: Slowbro|100\/100|[from] item: Leftovers\n|upkeep\n|turn|9\n|\n|t:|1698513595\n|switch|p1a: Mew|Mew, tera:Steel|78\/100\n|move|p2a: Slowbro|Tera Blast|p1a: Mew|[anim] Tera Blast Fairy\n|-resisted|p1a: Mew\n|-damage|p1a: Mew|67\/100\n|\n|-heal|p1a: Mew|74\/100|[from] item: Leftovers\n|upkeep\n|turn|10\n|\n|t:|1698513622\n|switch|p1a: Moltres|Moltres|81\/100\n|move|p2a: Slowbro|Flamethrower|p1a: Moltres\n|-resisted|p1a: Moltres\n|-damage|p1a: Moltres|69\/100\n|\n|upkeep\n|turn|11\n|\n|t:|1698513630\n|move|p2a: Slowbro|Sludge Bomb|p1a: Moltres\n|-damage|p1a: Moltres|32\/100\n|move|p1a: Moltres|Roost|p1a: Moltres\n|-heal|p1a: Moltres|82\/100\n|-singleturn|p1a: Moltres|move: Roost\n|\n|upkeep\n|turn|12\n|\n|t:|1698513647\n|switch|p1a: Mew|Mew, tera:Steel|74\/100\n|move|p2a: Slowbro|Sludge Bomb|p1a: Mew\n|-immune|p1a: Mew\n|\n|-heal|p1a: Mew|80\/100|[from] item: Leftovers\n|-fieldend|move: Trick Room\n|upkeep\n|turn|13\n|\n|t:|1698513653\n|switch|p2a: Iron Treads|Iron Treads|88\/100\n|move|p1a: Mew|Flash Cannon|p2a: Iron Treads\n|-resisted|p2a: Iron Treads\n|-damage|p2a: Iron Treads|75\/100\n|-unboost|p2a: Iron Treads|spd|1\n|\n|-heal|p1a: Mew|86\/100|[from] item: Leftovers\n|upkeep\n|turn|14\n|\n|t:|1698513672\n|move|p2a: Iron Treads|Earthquake|p1a: Mew\n|-supereffective|p1a: Mew\n|-damage|p1a: Mew|13\/100\n|move|p1a: Mew|Earth Power|p2a: Iron Treads\n|-supereffective|p2a: Iron Treads\n|-damage|p2a: Iron Treads|10\/100\n|\n|-heal|p1a: Mew|19\/100|[from] item: Leftovers\n|upkeep\n|turn|15\n|\n|t:|1698513693\n|switch|p1a: Moltres|Moltres|82\/100\n|move|p2a: Iron Treads|Earthquake|p1a: Moltres\n|-immune|p1a: Moltres\n|\n|upkeep\n|turn|16\n|\n|t:|1698513722\n|-end|p2a: Iron Treads|Quark Drive|[silent]\n|switch|p2a: Slowbro|Slowbro-Galar, F, tera:Fairy|100\/100\n|move|p1a: Moltres|Flamethrower|p2a: Slowbro\n|-damage|p2a: Slowbro|58\/100\n|\n|-heal|p2a: Slowbro|64\/100|[from] item: Leftovers\n|upkeep\n|turn|17\n|\n|t:|1698513745\n|move|p1a: Moltres|Flamethrower|p2a: Slowbro\n|-crit|p2a: Slowbro\n|-damage|p2a: Slowbro|0 fnt\n|faint|p2a: Slowbro\n|\n|upkeep\n|\n|t:|1698513752\n|switch|p2a: Kleavor|Kleavor, F|60\/100\n|turn|18\n|\n|t:|1698513770\n|switch|p1a: Meowscarada|Meowscarada, M|100\/100\n|move|p2a: Kleavor|Trailblaze|p1a: Meowscarada\n|-resisted|p1a: Meowscarada\n|-damage|p1a: Meowscarada|87\/100\n|-boost|p2a: Kleavor|spe|1\n|\n|upkeep\n|turn|19\n|\n|t:|1698513794\n|move|p2a: Kleavor|Close Combat|p1a: Meowscarada\n|-supereffective|p1a: Meowscarada\n|-damage|p1a: Meowscarada|0 fnt\n|-unboost|p2a: Kleavor|def|1\n|-unboost|p2a: Kleavor|spd|1\n|faint|p1a: Meowscarada\n|\n|upkeep\n|\n|t:|1698513800\n|switch|p1a: Moltres|Moltres|82\/100\n|turn|20\n|\n|t:|1698513809\n|move|p2a: Kleavor|Stone Axe|p1a: Moltres\n|-supereffective|p1a: Moltres\n|-damage|p1a: Moltres|0 fnt\n|-sidestart|p1: Nicky_Grey|move: Stealth Rock\n|faint|p1a: Moltres\n|\n|upkeep\n|\n|t:|1698513816\n|switch|p1a: Tatsugiri|Tatsugiri, M|31\/100\n|-damage|p1a: Tatsugiri|19\/100|[from] Stealth Rock\n|turn|21\n|\n|t:|1698513833\n|move|p2a: Kleavor|Trailblaze|p1a: Tatsugiri\n|-damage|p1a: Tatsugiri|0 fnt\n|-boost|p2a: Kleavor|spe|1\n|faint|p1a: Tatsugiri\n|\n|upkeep\n|\n|t:|1698513840\n|switch|p1a: Mew|Mew, tera:Steel|19\/100\n|-damage|p1a: Mew|13\/100|[from] Stealth Rock\n|turn|22\n|\n|t:|1698513843\n|move|p2a: Kleavor|Close Combat|p1a: Mew\n|-supereffective|p1a: Mew\n|-damage|p1a: Mew|0 fnt\n|-unboost|p2a: Kleavor|def|1\n|-unboost|p2a: Kleavor|spd|1\n|faint|p1a: Mew\n|\n|upkeep\n|\n|t:|1698513848\n|switch|p1a: Hoopa|Hoopa-Unbound|100\/100\n|-damage|p1a: Hoopa|88\/100|[from] Stealth Rock\n|turn|23\n|\n|t:|1698513858\n|move|p2a: Kleavor|U-turn|p1a: Hoopa\n|-supereffective|p1a: Hoopa\n|-damage|p1a: Hoopa|0 fnt\n|faint|p1a: Hoopa\n|\n|win|MB1Rulez\n|l|\u2606Nicky_Grey\n|c|\u2606MB1Rulez|gg\n","uploadtime":1698513873,"views":37,"p1id":"nickygrey","p2id":"mb1rulez","formatid":"gen9ubers","rating":0,"private":0,"password":""}