{"id":"gen9ubers-1982083033","p1":"LuukTheGamer","p2":"FrostyRandom02","format":"[Gen 9] Ubers","log":"|j|\u2606LuukTheGamer\n|j|\u2606FrostyRandom02\n|t:|1698966113\n|gametype|singles\n|player|p1|LuukTheGamer|mira|\n|player|p2|FrostyRandom02|riley|\n|teamsize|p1|6\n|teamsize|p2|6\n|gen|9\n|tier|[Gen 9] Ubers\n|rule|Sleep Clause Mod: Limit one foe put to sleep\n|rule|Species Clause: Limit one of each Pok\u00e9mon\n|rule|OHKO Clause: OHKO moves are banned\n|rule|Evasion Items Clause: Evasion items are banned\n|rule|Evasion Moves Clause: Evasion moves are banned\n|rule|Endless Battle Clause: Forcing endless battles is banned\n|rule|HP Percentage Mod: HP is shown in percentages\n|clearpoke\n|poke|p1|Dialga-Origin|\n|poke|p1|Rillaboom, M|\n|poke|p1|Arceus-Fire|\n|poke|p1|Espathra, M|\n|poke|p1|Donphan, L6, M|\n|poke|p1|Sneasler, M|\n|poke|p2|Torkoal, M|\n|poke|p2|Lilligant-Hisui, F|\n|poke|p2|Walking Wake|\n|poke|p2|Roaring Moon|\n|poke|p2|Zacian-*|\n|poke|p2|Chi-Yu|\n|teampreview\n|inactive|Battle timer is ON: inactive players will automatically lose when time's up. (requested by LuukTheGamer)\n|\n|t:|1698966128\n|start\n|switch|p1a: Rock 5ever|Donphan, L6, M|100\/100\n|switch|p2a: Ninetails|Torkoal, M|100\/100\n|-weather|SunnyDay|[from] ability: Drought|[of] p2a: Ninetails\n|turn|1\n|\n|t:|1698966135\n|move|p2a: Ninetails|Stealth Rock|p1a: Rock 5ever\n|-sidestart|p1: LuukTheGamer|move: Stealth Rock\n|move|p1a: Rock 5ever|Stealth Rock|p2a: Ninetails\n|-sidestart|p2: FrostyRandom02|move: Stealth Rock\n|\n|-weather|SunnyDay|[upkeep]\n|upkeep\n|turn|2\n|\n|t:|1698966151\n|move|p2a: Ninetails|Lava Plume|p1a: Rock 5ever\n|-ability|p1a: Rock 5ever|Sturdy\n|-damage|p1a: Rock 5ever|4\/100\n|move|p1a: Rock 5ever|Stealth Rock||[still]\n|-fail|p1a: Rock 5ever\n|\n|-weather|SunnyDay|[upkeep]\n|upkeep\n|turn|3\n|-enditem|p1a: Rock 5ever|Custap Berry|[eat]\n|-activate|p1a: Rock 5ever|item: Custap Berry|[consumed]\n|\n|t:|1698966165\n|move|p1a: Rock 5ever|Endeavor|p2a: Ninetails\n|-damage|p2a: Ninetails|1\/100\n|move|p2a: Ninetails|Clear Smog|p1a: Rock 5ever\n|-resisted|p1a: Rock 5ever\n|-damage|p1a: Rock 5ever|0 fnt\n|-clearboost|p1a: Rock 5ever\n|faint|p1a: Rock 5ever\n|\n|-weather|SunnyDay|[upkeep]\n|upkeep\n|inactive|LuukTheGamer has 270 seconds left.\n|j| GratedsShtickface\n|\n|t:|1698966213\n|switch|p1a: Rillaboom|Rillaboom, M|100\/100\n|-damage|p1a: Rillaboom|88\/100|[from] Stealth Rock\n|-fieldstart|move: Grassy Terrain|[from] ability: Grassy Surge|[of] p1a: Rillaboom\n|turn|4\n|j| Leo Justice\n|\n|t:|1698966229\n|switch|p2a: 252+ Overheat|Chi-Yu|100\/100\n|-damage|p2a: 252+ Overheat|76\/100|[from] Stealth Rock\n|-ability|p2a: 252+ Overheat|Beads of Ruin\n|move|p1a: Rillaboom|U-turn|p2a: 252+ Overheat\n|-crit|p2a: 252+ Overheat\n|-damage|p2a: 252+ Overheat|0 fnt\n|faint|p2a: 252+ Overheat\n|\n|t:|1698966244\n|switch|p1a: Espathra|Espathra, M|100\/100|[from] U-turn\n|-damage|p1a: Espathra|88\/100|[from] Stealth Rock\n|-enditem|p1a: Espathra|Grassy Seed\n|-boost|p1a: Espathra|def|1|[from] item: Grassy Seed\n|\n|-weather|SunnyDay|[upkeep]\n|-heal|p1a: Espathra|94\/100|[from] Grassy Terrain\n|upkeep\n|\n|t:|1698966252\n|switch|p2a: Roaring Mid|Roaring Moon|100\/100\n|-damage|p2a: Roaring Mid|88\/100|[from] Stealth Rock\n|-activate|p2a: Roaring Mid|ability: Protosynthesis\n|-start|p2a: Roaring Mid|protosynthesisspe\n|turn|5\n|inactive|LuukTheGamer has 270 seconds left.\n|\n|t:|1698966263\n|move|p1a: Espathra|Protect|p1a: Espathra\n|-singleturn|p1a: Espathra|Protect\n|move|p2a: Roaring Mid|Knock Off|p1a: Espathra\n|-activate|p1a: Espathra|move: Protect\n|\n|-weather|none\n|-end|p2a: Roaring Mid|Protosynthesis\n|-heal|p2a: Roaring Mid|94\/100|[from] Grassy Terrain\n|-heal|p1a: Espathra|100\/100|[from] Grassy Terrain\n|-ability|p1a: Espathra|Speed Boost|boost\n|-boost|p1a: Espathra|spe|1\n|upkeep\n|turn|6\n|inactive|LuukTheGamer has 270 seconds left.\n|\n|t:|1698966286\n|move|p1a: Espathra|Calm Mind|p1a: Espathra\n|-boost|p1a: Espathra|spa|1\n|-boost|p1a: Espathra|spd|1\n|move|p2a: Roaring Mid|Knock Off|p1a: Espathra\n|-supereffective|p1a: Espathra\n|-damage|p1a: Espathra|37\/100\n|\n|-heal|p1a: Espathra|43\/100|[from] Grassy Terrain\n|-heal|p2a: Roaring Mid|99\/100|[from] Grassy Terrain\n|-ability|p1a: Espathra|Speed Boost|boost\n|-boost|p1a: Espathra|spe|1\n|upkeep\n|turn|7\n|\n|t:|1698966300\n|-terastallize|p2a: Roaring Mid|Steel\n|move|p1a: Espathra|Dazzling Gleam|p2a: Roaring Mid\n|-resisted|p2a: Roaring Mid\n|-damage|p2a: Roaring Mid|88\/100\n|move|p2a: Roaring Mid|Knock Off|p1a: Espathra\n|-supereffective|p1a: Espathra\n|-damage|p1a: Espathra|0 fnt\n|faint|p1a: Espathra\n|\n|-heal|p2a: Roaring Mid|94\/100|[from] Grassy Terrain\n|upkeep\n|l| GratedsShtickface\n|inactive|LuukTheGamer has 240 seconds left.\n|\n|t:|1698966334\n|switch|p1a: Arceus|Arceus-Fire|100\/100\n|-damage|p1a: Arceus|76\/100|[from] Stealth Rock\n|turn|8\n|\n|t:|1698966355\n|-end|p2a: Roaring Mid|Protosynthesis|[silent]\n|switch|p2a: Ninetails|Torkoal, M|1\/100\n|-weather|SunnyDay|[from] ability: Drought|[of] p2a: Ninetails\n|move|p1a: Arceus|Flare Blitz|p2a: Ninetails\n|-resisted|p2a: Ninetails\n|-damage|p2a: Ninetails|0 fnt\n|faint|p2a: Ninetails\n|-damage|p1a: Arceus|75\/100|[from] Recoil\n|\n|-weather|SunnyDay|[upkeep]\n|-heal|p1a: Arceus|81\/100|[from] Grassy Terrain\n|-fieldend|move: Grassy Terrain\n|upkeep\n|\n|t:|1698966362\n|switch|p2a: Triple Type|Walking Wake|100\/100\n|-damage|p2a: Triple Type|88\/100|[from] Stealth Rock\n|-activate|p2a: Triple Type|ability: Protosynthesis\n|-start|p2a: Triple Type|protosynthesisspe\n|turn|9\n|inactive|LuukTheGamer has 210 seconds left.\n|\n|t:|1698966403\n|-terastallize|p1a: Arceus|Normal\n|move|p1a: Arceus|Extreme Speed|p2a: Triple Type\n|-damage|p2a: Triple Type|37\/100\n|move|p2a: Triple Type|Hydro Steam|p1a: Arceus\n|-damage|p1a: Arceus|14\/100\n|\n|-weather|SunnyDay|[upkeep]\n|upkeep\n|turn|10\n|\n|t:|1698966416\n|-end|p2a: Triple Type|Protosynthesis|[silent]\n|switch|p2a: Roaring Mid|Roaring Moon, tera:Steel|94\/100\n|-damage|p2a: Roaring Mid|88\/100|[from] Stealth Rock\n|-activate|p2a: Roaring Mid|ability: Protosynthesis\n|-start|p2a: Roaring Mid|protosynthesisspe\n|move|p1a: Arceus|Extreme Speed|p2a: Roaring Mid\n|-resisted|p2a: Roaring Mid\n|-damage|p2a: Roaring Mid|59\/100\n|\n|-weather|SunnyDay|[upkeep]\n|upkeep\n|turn|11\n|\n|t:|1698966426\n|move|p1a: Arceus|Extreme Speed|p2a: Roaring Mid\n|-resisted|p2a: Roaring Mid\n|-damage|p2a: Roaring Mid|34\/100\n|move|p2a: Roaring Mid|Outrage|p1a: Arceus\n|-damage|p1a: Arceus|0 fnt\n|faint|p1a: Arceus\n|\n|-weather|SunnyDay|[upkeep]\n|upkeep\n|inactive|LuukTheGamer has 180 seconds left.\n|\n|t:|1698966452\n|switch|p1a: Dialga|Dialga-Origin|100\/100\n|-damage|p1a: Dialga|94\/100|[from] Stealth Rock\n|-ability|p1a: Dialga|Pressure\n|turn|12\n|inactive|LuukTheGamer has 180 seconds left.\n|\n|t:|1698966464\n|move|p2a: Roaring Mid|Outrage|p1a: Dialga|[from]lockedmove\n|-damage|p1a: Dialga|29\/100\n|-start|p2a: Roaring Mid|confusion|[fatigue]\n|move|p1a: Dialga|Earth Power|p2a: Roaring Mid\n|-supereffective|p2a: Roaring Mid\n|-damage|p2a: Roaring Mid|0 fnt\n|faint|p2a: Roaring Mid\n|-end|p2a: Roaring Mid|Protosynthesis|[silent]\n|\n|-weather|none\n|upkeep\n|\n|t:|1698966476\n|switch|p2a: Hear me out|Lilligant-Hisui, F, shiny|100\/100\n|-damage|p2a: Hear me out|94\/100|[from] Stealth Rock\n|turn|13\n|\n|t:|1698966486\n|move|p2a: Hear me out|Close Combat|p1a: Dialga\n|-supereffective|p1a: Dialga\n|-damage|p1a: Dialga|0 fnt\n|-unboost|p2a: Hear me out|def|1\n|-unboost|p2a: Hear me out|spd|1\n|faint|p1a: Dialga\n|\n|upkeep\n|\n|t:|1698966489\n|switch|p1a: Rillaboom|Rillaboom, M|88\/100\n|-damage|p1a: Rillaboom|76\/100|[from] Stealth Rock\n|-fieldstart|move: Grassy Terrain|[from] ability: Grassy Surge|[of] p1a: Rillaboom\n|turn|14\n|\n|t:|1698966501\n|move|p2a: Hear me out|Victory Dance|p2a: Hear me out\n|-boost|p2a: Hear me out|atk|1\n|-boost|p2a: Hear me out|def|1\n|-boost|p2a: Hear me out|spe|1\n|move|p1a: Rillaboom|U-turn|p2a: Hear me out\n|-crit|p2a: Hear me out\n|-damage|p2a: Hear me out|11\/100\n|\n|t:|1698966509\n|switch|p1a: Sneasler|Sneasler, M, shiny|100\/100|[from] U-turn\n|-damage|p1a: Sneasler|95\/100|[from] Stealth Rock\n|-enditem|p1a: Sneasler|Grassy Seed\n|-boost|p1a: Sneasler|def|1|[from] item: Grassy Seed\n|\n|-heal|p1a: Sneasler|100\/100|[from] Grassy Terrain\n|-heal|p2a: Hear me out|17\/100|[from] Grassy Terrain\n|upkeep\n|turn|15\n|\n|t:|1698966529\n|move|p1a: Sneasler|Acrobatics|p2a: Hear me out\n|-supereffective|p2a: Hear me out\n|-damage|p2a: Hear me out|0 fnt\n|faint|p2a: Hear me out\n|\n|upkeep\n|\n|t:|1698966535\n|switch|p2a: Bozo beware|Zacian|100\/100\n|-ability|p2a: Bozo beware|Intrepid Sword|boost\n|-boost|p2a: Bozo beware|atk|1\n|turn|16\n|inactive|LuukTheGamer has 180 seconds left.\n|\n|t:|1698966561\n|move|p1a: Sneasler|Dire Claw|p2a: Bozo beware\n|-supereffective|p2a: Bozo beware\n|-damage|p2a: Bozo beware|15\/100\n|move|p2a: Bozo beware|Play Rough|p1a: Sneasler\n|-damage|p1a: Sneasler|29\/100\n|\n|-heal|p1a: Sneasler|35\/100|[from] Grassy Terrain\n|-heal|p2a: Bozo beware|21\/100|[from] Grassy Terrain\n|upkeep\n|turn|17\n|inactive|LuukTheGamer has 180 seconds left.\n|c| Leo Justice|It's over\n|\n|t:|1698966577\n|move|p1a: Sneasler|Acrobatics|p2a: Bozo beware\n|-damage|p2a: Bozo beware|0 fnt\n|faint|p2a: Bozo beware\n|\n|-heal|p1a: Sneasler|41\/100|[from] Grassy Terrain\n|upkeep\n|c| Leo Justice|gg\n|c|\u2606LuukTheGamer|gg\n|\n|t:|1698966592\n|switch|p2a: Triple Type|Walking Wake|37\/100\n|-damage|p2a: Triple Type|25\/100|[from] Stealth Rock\n|turn|18\n|inactive|LuukTheGamer has 180 seconds left.\n|\n|t:|1698966597\n|move|p1a: Sneasler|Acrobatics|p2a: Triple Type\n|-damage|p2a: Triple Type|0 fnt\n|faint|p2a: Triple Type\n|-end|p2a: Triple Type|Protosynthesis|[silent]\n|\n|win|LuukTheGamer\n|l| Leo Justice\n|c|\u2606FrostyRandom02|Dude\n|c|\u2606FrostyRandom02|Being completely honest with you\n|c|\u2606LuukTheGamer|yeah?\n|c|\u2606FrostyRandom02|fear is a bull way to win and does not show skill\n|c|\u2606FrostyRandom02|You played well to outmaneuver my sun, will compliment that\n|c|\u2606FrostyRandom02|But fear itself as a strat is just bull\n|c|\u2606LuukTheGamer|you also played well\n|c|\u2606LuukTheGamer|and yeah about fear\n|c|\u2606LuukTheGamer|it works so i use it\n|c|\u2606LuukTheGamer|ill upload the games rn\n|c|\u2606FrostyRandom02|That shows you don't have the skill to win in other ways even tho i saw otherwise in your firsts set\n|l|\u2606FrostyRandom02\n|player|p1|LuukTheGamer|mira\n","uploadtime":1698966651,"views":44,"p1id":"luukthegamer","p2id":"frostyrandom02","formatid":"gen9ubers","rating":0,"private":0,"password":""}