{"id":"gen9ubers-2000540772","p1":"LuukTheGamer","p2":"yuramas","format":"[Gen 9] Ubers","log":"|j|\u2606LuukTheGamer\n|j|\u2606yuramas\n|t:|1701203624\n|gametype|singles\n|player|p1|LuukTheGamer|anabel|\n|player|p2|yuramas|169|\n|teamsize|p1|6\n|teamsize|p2|6\n|gen|9\n|tier|[Gen 9] Ubers\n|rule|Sleep Clause Mod: Limit one foe put to sleep\n|rule|Species Clause: Limit one of each Pok\u00e9mon\n|rule|OHKO Clause: OHKO moves are banned\n|rule|Evasion Items Clause: Evasion items are banned\n|rule|Evasion Moves Clause: Evasion moves are banned\n|rule|Endless Battle Clause: Forcing endless battles is banned\n|rule|HP Percentage Mod: HP is shown in percentages\n|clearpoke\n|poke|p1|Dialga-Origin|\n|poke|p1|Rillaboom, F|\n|poke|p1|Arceus-Fire|\n|poke|p1|Espathra, M|\n|poke|p1|Donphan, L6, F|\n|poke|p1|Sneasler, M|\n|poke|p2|Chi-Yu|\n|poke|p2|Houndstone, F|\n|poke|p2|Masquerain, F|\n|poke|p2|Palafin, M|\n|poke|p2|Zamazenta-*|\n|poke|p2|Landorus, M|\n|teampreview\n|inactive|Battle timer is ON: inactive players will automatically lose when time's up. (requested by LuukTheGamer)\n|inactive|yuramas has 270 seconds left.\n|inactive|yuramas has 240 seconds left.\n|\n|t:|1701203690\n|start\n|switch|p1a: Donphan|Donphan, L6, F|100\/100\n|switch|p2a: Masquerain|Masquerain, F|100\/100\n|-ability|p2a: Masquerain|Intimidate|boost\n|-unboost|p1a: Donphan|atk|1\n|turn|1\n|\n|t:|1701203712\n|move|p2a: Masquerain|Sticky Web|p1a: Donphan\n|-sidestart|p1: LuukTheGamer|move: Sticky Web\n|move|p1a: Donphan|Stealth Rock|p2a: Masquerain\n|-sidestart|p2: yuramas|move: Stealth Rock\n|\n|upkeep\n|turn|2\n|\n|t:|1701203725\n|switch|p2a: Houndstone|Houndstone, F|100\/100\n|-damage|p2a: Houndstone|88\/100|[from] Stealth Rock\n|move|p1a: Donphan|Endeavor|p2a: Houndstone\n|-immune|p2a: Houndstone\n|\n|-heal|p2a: Houndstone|94\/100|[from] item: Leftovers\n|upkeep\n|turn|3\n|\n|t:|1701203744\n|move|p2a: Houndstone|Will-O-Wisp|p1a: Donphan\n|-status|p1a: Donphan|brn\n|move|p1a: Donphan|Knock Off|p2a: Houndstone\n|-supereffective|p2a: Houndstone\n|-damage|p2a: Houndstone|94\/100\n|-enditem|p2a: Houndstone|Leftovers|[from] move: Knock Off|[of] p1a: Donphan\n|\n|-damage|p1a: Donphan|97\/100 brn|[from] brn\n|upkeep\n|turn|4\n|\n|t:|1701203756\n|move|p2a: Houndstone|Poltergeist|p1a: Donphan\n|-activate|p1a: Donphan|move: Poltergeist|Custap Berry\n|-damage|p1a: Donphan|0 fnt\n|faint|p1a: Donphan\n|\n|upkeep\n|\n|t:|1701203770\n|switch|p1a: Rillaboom|Rillaboom, F|100\/100\n|-activate|p1a: Rillaboom|move: Sticky Web\n|-unboost|p1a: Rillaboom|spe|1\n|-fieldstart|move: Grassy Terrain|[from] ability: Grassy Surge|[of] p1a: Rillaboom\n|turn|5\n|inactive|yuramas has 270 seconds left.\n|inactive|LuukTheGamer has 270 seconds left.\n|\n|t:|1701203810\n|switch|p1a: Arceus|Arceus-Fire|100\/100\n|-activate|p1a: Arceus|move: Sticky Web\n|-unboost|p1a: Arceus|spe|1\n|move|p2a: Houndstone|Will-O-Wisp|p1a: Arceus\n|-immune|p1a: Arceus\n|\n|-heal|p2a: Houndstone|99\/100|[from] Grassy Terrain\n|upkeep\n|turn|6\n|inactive|LuukTheGamer has 270 seconds left.\n|\n|t:|1701203828\n|move|p1a: Arceus|Dragon Dance|p1a: Arceus\n|-boost|p1a: Arceus|atk|1\n|-boost|p1a: Arceus|spe|1\n|move|p2a: Houndstone|Roar|p1a: Arceus\n|drag|p1a: Rillaboom|Rillaboom, F|100\/100\n|-activate|p1a: Rillaboom|move: Sticky Web\n|-unboost|p1a: Rillaboom|spe|1\n|\n|-heal|p2a: Houndstone|100\/100|[from] Grassy Terrain\n|upkeep\n|turn|7\n|\n|t:|1701203843\n|move|p1a: Rillaboom|Wood Hammer|p2a: Houndstone\n|-damage|p2a: Houndstone|53\/100\n|-damage|p1a: Rillaboom|84\/100|[from] Recoil\n|move|p2a: Houndstone|Poltergeist|p1a: Rillaboom|[miss]\n|-miss|p2a: Houndstone|p1a: Rillaboom\n|\n|-heal|p1a: Rillaboom|91\/100|[from] Grassy Terrain\n|-heal|p2a: Houndstone|59\/100|[from] Grassy Terrain\n|upkeep\n|turn|8\n|\n|t:|1701203861\n|switch|p2a: Zamazenta|Zamazenta-Crowned|100\/100\n|-damage|p2a: Zamazenta|97\/100|[from] Stealth Rock\n|-ability|p2a: Zamazenta|Dauntless Shield|boost\n|-boost|p2a: Zamazenta|def|1\n|move|p1a: Rillaboom|Wood Hammer|p2a: Zamazenta\n|-resisted|p2a: Zamazenta\n|-damage|p2a: Zamazenta|72\/100\n|-damage|p1a: Rillaboom|82\/100|[from] Recoil\n|\n|-heal|p2a: Zamazenta|78\/100|[from] Grassy Terrain\n|-heal|p1a: Rillaboom|88\/100|[from] Grassy Terrain\n|upkeep\n|turn|9\n|\n|t:|1701203879\n|switch|p1a: Arceus|Arceus-Fire|100\/100\n|-activate|p1a: Arceus|move: Sticky Web\n|-unboost|p1a: Arceus|spe|1\n|move|p2a: Zamazenta|Iron Defense|p2a: Zamazenta\n|-boost|p2a: Zamazenta|def|2\n|\n|-heal|p2a: Zamazenta|84\/100|[from] Grassy Terrain\n|-fieldend|move: Grassy Terrain\n|upkeep\n|turn|10\n|inactive|LuukTheGamer has 240 seconds left.\n|inactive|yuramas has 240 seconds left.\n|\n|t:|1701203912\n|move|p2a: Zamazenta|Iron Defense|p2a: Zamazenta\n|-boost|p2a: Zamazenta|def|2\n|move|p1a: Arceus|Taunt|p2a: Zamazenta\n|-start|p2a: Zamazenta|move: Taunt\n|\n|upkeep\n|turn|11\n|\n|t:|1701203919\n|move|p2a: Zamazenta|Body Press|p1a: Arceus\n|-damage|p1a: Arceus|0 fnt\n|faint|p1a: Arceus\n|\n|upkeep\n|inactive|LuukTheGamer has 240 seconds left.\n|\n|t:|1701203956\n|switch|p1a: Dialga|Dialga-Origin|100\/100\n|-activate|p1a: Dialga|move: Sticky Web\n|-unboost|p1a: Dialga|spe|1\n|-ability|p1a: Dialga|Pressure\n|turn|12\n|inactive|yuramas has 240 seconds left.\n|\n|t:|1701203996\n|-terastallize|p1a: Dialga|Ground\n|move|p2a: Zamazenta|Crunch|p1a: Dialga\n|-damage|p1a: Dialga|85\/100\n|-unboost|p1a: Dialga|def|1\n|move|p1a: Dialga|Earth Power|p2a: Zamazenta\n|-supereffective|p2a: Zamazenta\n|-damage|p2a: Zamazenta|0 fnt\n|faint|p2a: Zamazenta\n|\n|upkeep\n|\n|t:|1701204010\n|switch|p2a: Landorus|Landorus, M|100\/100\n|-damage|p2a: Landorus|88\/100|[from] Stealth Rock\n|turn|13\n|\n|t:|1701204021\n|move|p2a: Landorus|Earth Power|p1a: Dialga\n|-damage|p1a: Dialga|26\/100\n|move|p1a: Dialga|Draco Meteor|p2a: Landorus\n|-damage|p2a: Landorus|0 fnt\n|-unboost|p1a: Dialga|spa|2\n|faint|p2a: Landorus\n|\n|upkeep\n|\n|t:|1701204027\n|switch|p2a: Chi-Yu|Chi-Yu|100\/100\n|-damage|p2a: Chi-Yu|75\/100|[from] Stealth Rock\n|-ability|p2a: Chi-Yu|Beads of Ruin\n|turn|14\n|\n|t:|1701204041\n|move|p2a: Chi-Yu|Flamethrower|p1a: Dialga\n|-damage|p1a: Dialga|0 fnt\n|faint|p1a: Dialga\n|\n|upkeep\n|\n|t:|1701204056\n|switch|p1a: Rillaboom|Rillaboom, F|88\/100\n|-activate|p1a: Rillaboom|move: Sticky Web\n|-unboost|p1a: Rillaboom|spe|1\n|-fieldstart|move: Grassy Terrain|[from] ability: Grassy Surge|[of] p1a: Rillaboom\n|turn|15\n|inactive|yuramas has 240 seconds left.\n|\n|t:|1701204062\n|move|p1a: Rillaboom|Grassy Glide|p2a: Chi-Yu\n|-resisted|p2a: Chi-Yu\n|-damage|p2a: Chi-Yu|35\/100\n|move|p2a: Chi-Yu|Flamethrower|p1a: Rillaboom\n|-supereffective|p1a: Rillaboom\n|-damage|p1a: Rillaboom|0 fnt\n|faint|p1a: Rillaboom\n|\n|-heal|p2a: Chi-Yu|41\/100|[from] Grassy Terrain\n|upkeep\n|\n|t:|1701204069\n|switch|p1a: Sneasler|Sneasler, M, shiny|100\/100\n|-activate|p1a: Sneasler|move: Sticky Web\n|-unboost|p1a: Sneasler|spe|1\n|-enditem|p1a: Sneasler|Grassy Seed\n|-boost|p1a: Sneasler|def|1|[from] item: Grassy Seed\n|turn|16\n|inactive|yuramas has 240 seconds left.\n|\n|t:|1701204092\n|switch|p2a: Masquerain|Masquerain, F|100\/100\n|-damage|p2a: Masquerain|50\/100|[from] Stealth Rock\n|-ability|p2a: Masquerain|Intimidate|boost\n|-unboost|p1a: Sneasler|atk|1\n|move|p1a: Sneasler|Acrobatics|p2a: Masquerain\n|-supereffective|p2a: Masquerain\n|-damage|p2a: Masquerain|0 fnt\n|faint|p2a: Masquerain\n|\n|upkeep\n|\n|t:|1701204107\n|switch|p2a: Houndstone|Houndstone, F|59\/100\n|-damage|p2a: Houndstone|46\/100|[from] Stealth Rock\n|turn|17\n|inactive|LuukTheGamer has 210 seconds left.\n|inactive|yuramas has 210 seconds left.\n|\n|t:|1701204159\n|move|p1a: Sneasler|Dire Claw|p2a: Houndstone\n|-resisted|p2a: Houndstone\n|-damage|p2a: Houndstone|40\/100\n|-status|p2a: Houndstone|slp\n|cant|p2a: Houndstone|slp\n|\n|-heal|p2a: Houndstone|46\/100 slp|[from] Grassy Terrain\n|upkeep\n|turn|18\n|c|\u2606yuramas|bruh\n|c|\u2606LuukTheGamer|OMG\n|c|\u2606LuukTheGamer|im sorry\n|\n|t:|1701204175\n|move|p1a: Sneasler|Swords Dance|p1a: Sneasler\n|-boost|p1a: Sneasler|atk|2\n|cant|p2a: Houndstone|slp\n|\n|-heal|p2a: Houndstone|52\/100 slp|[from] Grassy Terrain\n|upkeep\n|turn|19\n|\n|t:|1701204184\n|move|p1a: Sneasler|Acrobatics|p2a: Houndstone\n|-crit|p2a: Houndstone\n|-damage|p2a: Houndstone|9\/100 slp\n|-curestatus|p2a: Houndstone|slp|[msg]\n|move|p2a: Houndstone|Roar|p1a: Sneasler\n|drag|p1a: Espathra|Espathra, M|100\/100\n|-activate|p1a: Espathra|move: Sticky Web\n|-unboost|p1a: Espathra|spe|1\n|-enditem|p1a: Espathra|Grassy Seed\n|-boost|p1a: Espathra|def|1|[from] item: Grassy Seed\n|\n|-heal|p2a: Houndstone|15\/100|[from] Grassy Terrain\n|-fieldend|move: Grassy Terrain\n|upkeep\n|turn|20\n|\n|t:|1701204199\n|move|p1a: Espathra|Protect|p1a: Espathra\n|-singleturn|p1a: Espathra|Protect\n|move|p2a: Houndstone|Roar|p1a: Espathra\n|drag|p1a: Sneasler|Sneasler, M, shiny|100\/100\n|-activate|p1a: Sneasler|move: Sticky Web\n|-unboost|p1a: Sneasler|spe|1\n|\n|upkeep\n|turn|21\n|\n|t:|1701204214\n|move|p1a: Sneasler|Acrobatics|p2a: Houndstone\n|-damage|p2a: Houndstone|0 fnt\n|faint|p2a: Houndstone\n|\n|upkeep\n|\n|t:|1701204223\n|switch|p2a: Chi-Yu|Chi-Yu|41\/100\n|-damage|p2a: Chi-Yu|16\/100|[from] Stealth Rock\n|-ability|p2a: Chi-Yu|Beads of Ruin\n|turn|22\n|\n|t:|1701204238\n|move|p2a: Chi-Yu|Flamethrower|p1a: Sneasler\n|-damage|p1a: Sneasler|0 fnt\n|faint|p1a: Sneasler\n|\n|upkeep\n|\n|t:|1701204241\n|switch|p1a: Espathra|Espathra, M|100\/100\n|-activate|p1a: Espathra|move: Sticky Web\n|-unboost|p1a: Espathra|spe|1\n|turn|23\n|inactive|LuukTheGamer has 210 seconds left.\n|\n|t:|1701204247\n|switch|p2a: Palafin|Palafin, M|100\/100\n|-damage|p2a: Palafin|88\/100|[from] Stealth Rock\n|move|p1a: Espathra|Protect||[still]\n|-fail|p1a: Espathra\n|\n|-heal|p2a: Palafin|94\/100|[from] item: Leftovers\n|-ability|p1a: Espathra|Speed Boost|boost\n|-boost|p1a: Espathra|spe|1\n|upkeep\n|turn|24\n|\n|t:|1701204260\n|move|p2a: Palafin|Encore|p1a: Espathra\n|-start|p1a: Espathra|Encore\n|move|p1a: Espathra|Protect||[still]\n|-fail|p1a: Espathra\n|\n|-heal|p2a: Palafin|100\/100|[from] item: Leftovers\n|-ability|p1a: Espathra|Speed Boost|boost\n|-boost|p1a: Espathra|spe|1\n|upkeep\n|turn|25\n|\n|t:|1701204265\n|detailschange|p2a: Palafin|Palafin-Hero, M\n|switch|p2a: Chi-Yu|Chi-Yu|16\/100\n|-damage|p2a: Chi-Yu|0 fnt|[from] Stealth Rock\n|faint|p2a: Chi-Yu\n|move|p1a: Espathra|Protect||[still]\n|-fail|p1a: Espathra\n|\n|-ability|p1a: Espathra|Speed Boost|boost\n|-boost|p1a: Espathra|spe|1\n|upkeep\n|\n|t:|1701204267\n|switch|p2a: Palafin|Palafin-Hero, M|100\/100\n|-damage|p2a: Palafin|88\/100|[from] Stealth Rock\n|-activate|p2a: Palafin|ability: Zero to Hero\n|turn|26\n|\n|t:|1701204273\n|-terastallize|p2a: Palafin|Water\n|move|p1a: Espathra|Protect|p1a: Espathra\n|-singleturn|p1a: Espathra|Protect\n|move|p2a: Palafin|Jet Punch|p1a: Espathra\n|-activate|p1a: Espathra|move: Protect\n|\n|-heal|p2a: Palafin|94\/100|[from] item: Leftovers\n|-end|p1a: Espathra|Encore\n|-ability|p1a: Espathra|Speed Boost|boost\n|-boost|p1a: Espathra|spe|1\n|upkeep\n|turn|27\n|inactive|LuukTheGamer has 240 seconds left.\n|\n|t:|1701204287\n|move|p2a: Palafin|Jet Punch|p1a: Espathra\n|-damage|p1a: Espathra|48\/100\n|move|p1a: Espathra|Stored Power|p2a: Palafin\n|-damage|p2a: Palafin|64\/100\n|\n|-heal|p2a: Palafin|70\/100|[from] item: Leftovers\n|-ability|p1a: Espathra|Speed Boost|boost\n|-boost|p1a: Espathra|spe|1\n|upkeep\n|turn|28\n|inactive|LuukTheGamer has 240 seconds left.\n|\n|t:|1701204309\n|move|p1a: Espathra|Protect|p1a: Espathra\n|-singleturn|p1a: Espathra|Protect\n|move|p2a: Palafin|Jet Punch|p1a: Espathra\n|-activate|p1a: Espathra|move: Protect\n|\n|-heal|p2a: Palafin|76\/100|[from] item: Leftovers\n|-ability|p1a: Espathra|Speed Boost|boost\n|-boost|p1a: Espathra|spe|1\n|upkeep\n|turn|29\n|\n|t:|1701204315\n|move|p2a: Palafin|Jet Punch|p1a: Espathra\n|-damage|p1a: Espathra|0 fnt\n|faint|p1a: Espathra\n|\n|win|yuramas\n|c|\u2606LuukTheGamer|ggg\n|c|\u2606yuramas|gg\n","uploadtime":1701204323,"views":14,"p1id":"luukthegamer","p2id":"yuramas","formatid":"gen9ubers","rating":0,"private":0,"password":""}