{"id":"gen9ubers-1983403469","p1":"56789ya","p2":"blue211087","format":"[Gen 9] Ubers","log":"|j|\u260656789ya\n|j|\u2606blue211087\n|t:|1699126465\n|gametype|singles\n|player|p1|56789ya|boarder|1305\n|player|p2|blue211087|red|1220\n|teamsize|p1|6\n|teamsize|p2|6\n|gen|9\n|tier|[Gen 9] Ubers\n|rated|\n|rule|Sleep Clause Mod: Limit one foe put to sleep\n|rule|Species Clause: Limit one of each Pok\u00e9mon\n|rule|OHKO Clause: OHKO moves are banned\n|rule|Evasion Items Clause: Evasion items are banned\n|rule|Evasion Moves Clause: Evasion moves are banned\n|rule|Endless Battle Clause: Forcing endless battles is banned\n|rule|HP Percentage Mod: HP is shown in percentages\n|clearpoke\n|poke|p1|Ting-Lu|\n|poke|p1|Miraidon|\n|poke|p1|Calyrex-Ice|\n|poke|p1|Kyogre|\n|poke|p1|Skeledirge, M|\n|poke|p1|Arceus-Grass|\n|poke|p2|Eternatus|\n|poke|p2|Groudon|\n|poke|p2|Koraidon|\n|poke|p2|Miraidon|\n|poke|p2|Orthworm, F|\n|poke|p2|Calyrex-Ice|\n|teampreview\n|inactive|Battle timer is ON: inactive players will automatically lose when time's up. (requested by blue211087)\n|\n|t:|1699126482\n|start\n|switch|p1a: Kyogre|Kyogre|100\/100\n|switch|p2a: Orthworm|Orthworm, F|100\/100\n|-weather|RainDance|[from] ability: Drizzle|[of] p1a: Kyogre\n|turn|1\n|\n|t:|1699126492\n|move|p1a: Kyogre|Water Spout|p2a: Orthworm\n|-damage|p2a: Orthworm|0 fnt\n|faint|p2a: Orthworm\n|\n|-weather|RainDance|[upkeep]\n|upkeep\n|\n|t:|1699126498\n|switch|p2a: Miraidon|Miraidon|100\/100\n|-fieldstart|move: Electric Terrain|[from] ability: Hadron Engine|[of] p2a: Miraidon\n|turn|2\n|\n|t:|1699126503\n|switch|p1a: Ting-Lu|Ting-Lu|100\/100\n|-ability|p1a: Ting-Lu|Vessel of Ruin\n|move|p2a: Miraidon|Electro Drift|p1a: Ting-Lu\n|-immune|p1a: Ting-Lu\n|\n|-weather|RainDance|[upkeep]\n|upkeep\n|turn|3\n|\n|t:|1699126517\n|move|p2a: Miraidon|Dazzling Gleam|p1a: Ting-Lu\n|-supereffective|p1a: Ting-Lu\n|-damage|p1a: Ting-Lu|70\/100\n|move|p1a: Ting-Lu|Earthquake|p2a: Miraidon\n|-supereffective|p2a: Miraidon\n|-damage|p2a: Miraidon|24\/100\n|\n|-weather|RainDance|[upkeep]\n|-heal|p1a: Ting-Lu|76\/100|[from] item: Leftovers\n|upkeep\n|turn|4\n|\n|t:|1699126524\n|move|p2a: Miraidon|Draco Meteor|p1a: Ting-Lu\n|-damage|p1a: Ting-Lu|37\/100\n|-unboost|p2a: Miraidon|spa|2\n|move|p1a: Ting-Lu|Earthquake|p2a: Miraidon\n|-supereffective|p2a: Miraidon\n|-damage|p2a: Miraidon|0 fnt\n|faint|p2a: Miraidon\n|\n|-weather|RainDance|[upkeep]\n|-heal|p1a: Ting-Lu|43\/100|[from] item: Leftovers\n|upkeep\n|\n|t:|1699126528\n|switch|p2a: Calyrex|Calyrex-Ice|100\/100\n|-ability|p2a: Calyrex|As One\n|-ability|p2a: Calyrex|Unnerve\n|turn|5\n|\n|t:|1699126541\n|move|p2a: Calyrex|Glacial Lance|p1a: Ting-Lu\n|-supereffective|p1a: Ting-Lu\n|-damage|p1a: Ting-Lu|0 fnt\n|faint|p1a: Ting-Lu\n|-ability|p2a: Calyrex|Chilling Neigh|boost\n|-boost|p2a: Calyrex|atk|1\n|\n|-weather|none\n|upkeep\n|\n|t:|1699126558\n|switch|p1a: Miraidon|Miraidon|100\/100\n|-activate|p1a: Miraidon|ability: Hadron Engine\n|turn|6\n|\n|t:|1699126567\n|move|p1a: Miraidon|Electro Drift|p2a: Calyrex\n|-damage|p2a: Calyrex|42\/100\n|move|p2a: Calyrex|Trick Room|p2a: Calyrex\n|-fieldstart|move: Trick Room|[of] p2a: Calyrex\n|\n|-fieldend|move: Electric Terrain\n|upkeep\n|turn|7\n|\n|t:|1699126574\n|switch|p1a: Skeledirge|Skeledirge, M|100\/100\n|move|p2a: Calyrex|Glacial Lance|p1a: Skeledirge\n|-resisted|p1a: Skeledirge\n|-damage|p1a: Skeledirge|63\/100\n|\n|upkeep\n|turn|8\n|\n|t:|1699126586\n|move|p2a: Calyrex|High Horsepower|p1a: Skeledirge\n|-supereffective|p1a: Skeledirge\n|-damage|p1a: Skeledirge|0 fnt\n|faint|p1a: Skeledirge\n|-ability|p2a: Calyrex|Chilling Neigh|boost\n|-boost|p2a: Calyrex|atk|1\n|\n|upkeep\n|\n|t:|1699126600\n|switch|p1a: Kyogre|Kyogre|100\/100\n|-weather|RainDance|[from] ability: Drizzle|[of] p1a: Kyogre\n|turn|9\n|-activate|p1a: Kyogre|item: Quick Claw\n|\n|t:|1699126606\n|move|p1a: Kyogre|Origin Pulse|p2a: Calyrex\n|-damage|p2a: Calyrex|0 fnt\n|faint|p2a: Calyrex\n|\n|-weather|RainDance|[upkeep]\n|upkeep\n|\n|t:|1699126615\n|switch|p2a: Groudon|Groudon|100\/100\n|-weather|SunnyDay|[from] ability: Drought|[of] p2a: Groudon\n|turn|10\n|\n|t:|1699126621\n|move|p2a: Groudon|Thunder Wave|p1a: Kyogre\n|-status|p1a: Kyogre|par\n|move|p1a: Kyogre|Ice Beam|p2a: Groudon\n|-supereffective|p2a: Groudon\n|-damage|p2a: Groudon|31\/100\n|\n|-weather|SunnyDay|[upkeep]\n|-heal|p2a: Groudon|37\/100|[from] item: Leftovers\n|-fieldend|move: Trick Room\n|upkeep\n|turn|11\n|\n|t:|1699126629\n|move|p2a: Groudon|Earthquake|p1a: Kyogre\n|-damage|p1a: Kyogre|50\/100 par\n|move|p1a: Kyogre|Ice Beam|p2a: Groudon\n|-supereffective|p2a: Groudon\n|-damage|p2a: Groudon|0 fnt\n|faint|p2a: Groudon\n|\n|-weather|SunnyDay|[upkeep]\n|upkeep\n|\n|t:|1699126633\n|switch|p2a: Koraidon|Koraidon|100\/100\n|-activate|p2a: Koraidon|ability: Orichalcum Pulse\n|turn|12\n|\n|t:|1699126639\n|move|p2a: Koraidon|Scale Shot|p1a: Kyogre\n|-damage|p1a: Kyogre|26\/100 par\n|-damage|p1a: Kyogre|0 fnt\n|faint|p1a: Kyogre\n|-hitcount|p1: Kyogre|2\n|-unboost|p2a: Koraidon|def|1\n|-boost|p2a: Koraidon|spe|1\n|-damage|p2a: Koraidon|91\/100|[from] item: Life Orb\n|\n|-weather|SunnyDay|[upkeep]\n|upkeep\n|\n|t:|1699126653\n|switch|p1a: Miraidon|Miraidon|100\/100\n|-fieldstart|move: Electric Terrain|[from] ability: Hadron Engine|[of] p1a: Miraidon\n|turn|13\n|\n|t:|1699126659\n|-terastallize|p1a: Miraidon|Steel\n|move|p2a: Koraidon|Flare Blitz|p1a: Miraidon\n|-supereffective|p1a: Miraidon\n|-damage|p1a: Miraidon|0 fnt\n|faint|p1a: Miraidon\n|-damage|p2a: Koraidon|57\/100|[from] Recoil\n|-damage|p2a: Koraidon|47\/100|[from] item: Life Orb\n|\n|-weather|SunnyDay|[upkeep]\n|upkeep\n|\n|t:|1699126675\n|switch|p1a: Arceus|Arceus-Grass, shiny|100\/100\n|turn|14\n|\n|t:|1699126684\n|-terastallize|p2a: Koraidon|Fire\n|move|p2a: Koraidon|Swords Dance|p2a: Koraidon\n|-boost|p2a: Koraidon|atk|2\n|move|p1a: Arceus|Flamethrower|p2a: Koraidon\n|-resisted|p2a: Koraidon\n|-damage|p2a: Koraidon|29\/100\n|\n|-weather|none\n|upkeep\n|turn|15\n|\n|t:|1699126694\n|move|p2a: Koraidon|Scale Shot|p1a: Arceus\n|-damage|p1a: Arceus|76\/100\n|-damage|p1a: Arceus|54\/100\n|-hitcount|p1a: Arceus|2\n|-unboost|p2a: Koraidon|def|1\n|-boost|p2a: Koraidon|spe|1\n|-damage|p2a: Koraidon|19\/100|[from] item: Life Orb\n|move|p1a: Arceus|Flamethrower|p2a: Koraidon\n|-resisted|p2a: Koraidon\n|-damage|p2a: Koraidon|7\/100\n|\n|upkeep\n|turn|16\n|\n|t:|1699126706\n|move|p2a: Koraidon|Iron Head|p1a: Arceus\n|-damage|p1a: Arceus|1\/100\n|-damage|p2a: Koraidon|0 fnt|[from] item: Life Orb\n|faint|p2a: Koraidon\n|cant|p1a: Arceus|flinch\n|\n|upkeep\n|\n|t:|1699126710\n|switch|p2a: Eternatus|Eternatus|100\/100\n|-ability|p2a: Eternatus|Pressure\n|turn|17\n|\n|t:|1699126716\n|move|p1a: Arceus|Flamethrower|p2a: Eternatus\n|-resisted|p2a: Eternatus\n|-damage|p2a: Eternatus|93\/100\n|move|p2a: Eternatus|Toxic Spikes|p1a: Arceus\n|-sidestart|p1: 56789ya|move: Toxic Spikes\n|\n|-heal|p2a: Eternatus|99\/100|[from] item: Black Sludge\n|-fieldend|move: Electric Terrain\n|upkeep\n|turn|18\n|\n|t:|1699126725\n|move|p1a: Arceus|Recover|p1a: Arceus\n|-heal|p1a: Arceus|51\/100\n|move|p2a: Eternatus|Sludge Bomb|p1a: Arceus\n|-supereffective|p1a: Arceus\n|-damage|p1a: Arceus|0 fnt\n|faint|p1a: Arceus\n|\n|-heal|p2a: Eternatus|100\/100|[from] item: Black Sludge\n|upkeep\n|\n|t:|1699126732\n|switch|p1a: Calyrex|Calyrex-Ice|100\/100\n|-ability|p1a: Calyrex|As One\n|-ability|p1a: Calyrex|Unnerve\n|turn|19\n|\n|t:|1699126741\n|move|p2a: Eternatus|Sludge Bomb|p1a: Calyrex\n|-damage|p1a: Calyrex|73\/100\n|move|p1a: Calyrex|Trick Room|p1a: Calyrex\n|-fieldstart|move: Trick Room|[of] p1a: Calyrex\n|\n|upkeep\n|turn|20\n|\n|t:|1699126746\n|move|p1a: Calyrex|Glacial Lance|p2a: Eternatus\n|-supereffective|p2a: Eternatus\n|-damage|p2a: Eternatus|0 fnt\n|faint|p2a: Eternatus\n|\n|win|56789ya\n|raw|56789ya's rating: 1305 &rarr; <strong>1320<\/strong><br \/>(+15 for winning)\n|raw|blue211087's rating: 1220 &rarr; <strong>1201<\/strong><br \/>(-19 for losing)\n|l|\u2606blue211087\n","uploadtime":1699126754,"views":4,"p1id":"56789ya","p2id":"blue211087","formatid":"gen9ubers","rating":1201,"private":0,"password":""}