{"id":"gen9ubers-1972352147","p1":"chooseursename","p2":"topfloorgabriel","format":"[Gen 9] Ubers","log":"|j|\u2606chooseursename\n|j|\u2606topfloorgabriel\n|t:|1697834004\n|gametype|singles\n|player|p1|chooseursename|byron|\n|player|p2|topfloorgabriel|265|\n|teamsize|p1|6\n|teamsize|p2|6\n|gen|9\n|tier|[Gen 9] Ubers\n|rule|Sleep Clause Mod: Limit one foe put to sleep\n|rule|Species Clause: Limit one of each Pok\u00e9mon\n|rule|OHKO Clause: OHKO moves are banned\n|rule|Evasion Items Clause: Evasion items are banned\n|rule|Evasion Moves Clause: Evasion moves are banned\n|rule|Endless Battle Clause: Forcing endless battles is banned\n|rule|HP Percentage Mod: HP is shown in percentages\n|clearpoke\n|poke|p1|Miraidon|\n|poke|p1|Baxcalibur, F|\n|poke|p1|Koraidon|\n|poke|p1|Palafin, F|\n|poke|p1|Okidogi, M|\n|poke|p1|Muk-Alola, M|\n|poke|p2|Chi-Yu|\n|poke|p2|Koraidon|\n|poke|p2|Flutter Mane|\n|poke|p2|Zacian-*|\n|poke|p2|Ogerpon-Hearthflame, F|\n|poke|p2|Iron Bundle|\n|teampreview\n|\n|t:|1697834015\n|start\n|switch|p1a: Baxcalibur|Baxcalibur, F|100\/100\n|switch|p2a: Zacian|Zacian-Crowned|100\/100\n|-ability|p2a: Zacian|Intrepid Sword|boost\n|-boost|p2a: Zacian|atk|1\n|turn|1\n|\n|t:|1697834024\n|move|p2a: Zacian|Play Rough|p1a: Baxcalibur\n|-supereffective|p1a: Baxcalibur\n|-damage|p1a: Baxcalibur|0 fnt\n|faint|p1a: Baxcalibur\n|\n|upkeep\n|\n|t:|1697834031\n|switch|p1a: Okidogi|Okidogi, M|100\/100\n|turn|2\n|\n|t:|1697834046\n|switch|p2a: Flutter Mane|Flutter Mane|100\/100\n|move|p1a: Okidogi|Gunk Shot|p2a: Flutter Mane\n|-damage|p2a: Flutter Mane|0 fnt\n|faint|p2a: Flutter Mane\n|-end|p2a: Flutter Mane|Protosynthesis|[silent]\n|\n|upkeep\n|c|\u2606chooseursename|GGS\n|c|\u2606chooseursename|of the rip ggfs\n|c|\u2606chooseursename|its so over for me\n|\n|t:|1697834058\n|switch|p2a: Zacian|Zacian-Crowned|100\/100\n|turn|3\n|\n|t:|1697834065\n|move|p2a: Zacian|Swords Dance|p2a: Zacian\n|-boost|p2a: Zacian|atk|2\n|move|p1a: Okidogi|Gunk Shot|p2a: Zacian\n|-immune|p2a: Zacian\n|\n|upkeep\n|turn|4\n|c|\u2606topfloorgabriel|LOL\n|\n|t:|1697834082\n|switch|p1a: Koraidon|Koraidon|100\/100\n|-weather|SunnyDay|[from] ability: Orichalcum Pulse|[of] p1a: Koraidon\n|-activate|p1a: Koraidon|Orichalcum Pulse|[source]\n|move|p2a: Zacian|Play Rough|p1a: Koraidon\n|-supereffective|p1a: Koraidon\n|-damage|p1a: Koraidon|0 fnt\n|faint|p1a: Koraidon\n|\n|-weather|SunnyDay|[upkeep]\n|upkeep\n|c|\u2606chooseursename|FUCK\n|\n|t:|1697834095\n|switch|p1a: Okidogi|Okidogi, M|100\/100\n|turn|5\n|\n|t:|1697834099\n|move|p2a: Zacian|Play Rough|p1a: Okidogi|[miss]\n|-miss|p2a: Zacian|p1a: Okidogi\n|move|p1a: Okidogi|Brick Break|p2a: Zacian\n|-crit|p2a: Zacian\n|-damage|p2a: Zacian|52\/100\n|\n|-weather|SunnyDay|[upkeep]\n|upkeep\n|turn|6\n|\n|t:|1697834108\n|move|p2a: Zacian|Play Rough|p1a: Okidogi\n|-damage|p1a: Okidogi|4\/100\n|move|p1a: Okidogi|Brick Break|p2a: Zacian\n|-damage|p2a: Zacian|20\/100\n|\n|-weather|SunnyDay|[upkeep]\n|upkeep\n|turn|7\n|\n|t:|1697834118\n|switch|p1a: Palafin|Palafin, F|100\/100\n|move|p2a: Zacian|Behemoth Blade|p1a: Palafin\n|-resisted|p1a: Palafin\n|-damage|p1a: Palafin|40\/100\n|\n|-weather|SunnyDay|[upkeep]\n|upkeep\n|turn|8\n|\n|t:|1697834128\n|switch|p2a: Iron Bundle|Iron Bundle|100\/100\n|move|p1a: Palafin|Drain Punch|p2a: Iron Bundle\n|-supereffective|p2a: Iron Bundle\n|-damage|p2a: Iron Bundle|45\/100\n|-heal|p1a: Palafin|60\/100|[from] drain|[of] p2a: Iron Bundle\n|\n|-weather|none\n|upkeep\n|turn|9\n|\n|t:|1697834147\n|move|p2a: Iron Bundle|Freeze-Dry|p1a: Palafin\n|-supereffective|p1a: Palafin\n|-damage|p1a: Palafin|0 fnt\n|faint|p1a: Palafin\n|\n|upkeep\n|\n|t:|1697834154\n|switch|p1a: Miraidon|Miraidon|100\/100\n|-fieldstart|move: Electric Terrain|[from] ability: Hadron Engine|[of] p1a: Miraidon\n|-activate|p2a: Iron Bundle|ability: Quark Drive\n|-start|p2a: Iron Bundle|quarkdrivespe\n|turn|10\n|\n|t:|1697834165\n|move|p2a: Iron Bundle|Ice Beam|p1a: Miraidon\n|-supereffective|p1a: Miraidon\n|-crit|p1a: Miraidon\n|-damage|p1a: Miraidon|0 fnt\n|faint|p1a: Miraidon\n|\n|upkeep\n|c|\u2606chooseursename|FUCK\n|\n|t:|1697834172\n|switch|p1a: Muk|Muk-Alola, M|100\/100\n|turn|11\n|c|\u2606topfloorgabriel|penguin\n|\n|t:|1697834179\n|move|p2a: Iron Bundle|Hydro Pump|p1a: Muk\n|-damage|p1a: Muk|56\/100\n|move|p1a: Muk|Crunch|p2a: Iron Bundle\n|-damage|p2a: Iron Bundle|10\/100\n|\n|upkeep\n|turn|12\n|\n|t:|1697834189\n|move|p2a: Iron Bundle|Flip Turn|p1a: Muk\n|-damage|p1a: Muk|41\/100\n|\n|t:|1697834194\n|-end|p2a: Iron Bundle|Quark Drive|[silent]\n|switch|p2a: Chi-Yu|Chi-Yu|100\/100|[from] Flip Turn\n|-ability|p2a: Chi-Yu|Beads of Ruin\n|move|p1a: Muk|Clear Smog|p2a: Chi-Yu\n|-damage|p2a: Chi-Yu|83\/100\n|-clearboost|p2a: Chi-Yu\n|\n|upkeep\n|turn|13\n|\n|t:|1697834208\n|move|p2a: Chi-Yu|Overheat|p1a: Muk\n|-damage|p1a: Muk|0 fnt\n|-unboost|p2a: Chi-Yu|spa|2\n|faint|p1a: Muk\n|\n|upkeep\n|c|\u2606chooseursename|WE TRIED\n|c|\u2606chooseursename|GOT ONE DOWN\n|\n|t:|1697834225\n|switch|p1a: Okidogi|Okidogi, M|4\/100\n|turn|14\n|c|\u2606topfloorgabriel|hmm\n|\n|t:|1697834232\n|move|p2a: Chi-Yu|Overheat|p1a: Okidogi\n|-damage|p1a: Okidogi|0 fnt\n|-unboost|p2a: Chi-Yu|spa|2\n|faint|p1a: Okidogi\n|\n|win|topfloorgabriel\n|c|\u2606topfloorgabriel|lol moment\n|l|\u2606chooseursename\n","uploadtime":1697834255,"views":10,"p1id":"chooseursename","p2id":"topfloorgabriel","formatid":"gen9ubers","rating":0,"private":0,"password":""}