{"id":"gen9ubers-1973825292","p1":"Anne Frankkkk","p2":"MaceFaceGAMING","format":"[Gen 9] Ubers","log":"|j|\u2606Anne Frankkkk\n|j|\u2606MaceFaceGAMING\n|t:|1698017612\n|gametype|singles\n|player|p1|Anne Frankkkk|hilbert|1175\n|player|p2|MaceFaceGAMING|veteran|1122\n|teamsize|p1|6\n|teamsize|p2|6\n|gen|9\n|tier|[Gen 9] Ubers\n|rated|\n|rule|Sleep Clause Mod: Limit one foe put to sleep\n|rule|Species Clause: Limit one of each Pok\u00e9mon\n|rule|OHKO Clause: OHKO moves are banned\n|rule|Evasion Items Clause: Evasion items are banned\n|rule|Evasion Moves Clause: Evasion moves are banned\n|rule|Endless Battle Clause: Forcing endless battles is banned\n|rule|HP Percentage Mod: HP is shown in percentages\n|clearpoke\n|poke|p1|Iron Hands|\n|poke|p1|Kyogre|\n|poke|p1|Chien-Pao|\n|poke|p1|Ribombee, M|\n|poke|p1|Miraidon|\n|poke|p1|Flutter Mane|\n|poke|p2|Ceruledge, F|\n|poke|p2|Cyclizar, M|\n|poke|p2|Ribombee, M|\n|poke|p2|Sinistcha|\n|poke|p2|Groudon|\n|poke|p2|Empoleon, F|\n|teampreview\n|inactive|Battle timer is ON: inactive players will automatically lose when time's up. (requested by Anne Frankkkk)\n|c|\u2606MaceFaceGAMING|goodluck\n|inactive|Anne Frankkkk has 120 seconds left.\n|\n|t:|1698017648\n|start\n|switch|p1a: Chien-Pao|Chien-Pao|100\/100\n|switch|p2a: Ouch! My tail!|Cyclizar, M|100\/100\n|-ability|p1a: Chien-Pao|Sword of Ruin\n|turn|1\n|\n|t:|1698017659\n|move|p1a: Chien-Pao|Icicle Crash|p2a: Ouch! My tail!\n|-supereffective|p2a: Ouch! My tail!\n|-damage|p2a: Ouch! My tail!|0 fnt\n|faint|p2a: Ouch! My tail!\n|-damage|p1a: Chien-Pao|91\/100|[from] item: Life Orb\n|\n|upkeep\n|\n|t:|1698017666\n|switch|p2a: \ud83d\ude08|Ceruledge, F|100\/100\n|turn|2\n|\n|t:|1698017673\n|move|p1a: Chien-Pao|Sucker Punch|p2a: \ud83d\ude08\n|-supereffective|p2a: \ud83d\ude08\n|-enditem|p2a: \ud83d\ude08|Focus Sash\n|-damage|p2a: \ud83d\ude08|1\/100\n|-ability|p2a: \ud83d\ude08|Weak Armor|boost\n|-unboost|p2a: \ud83d\ude08|def|1\n|-boost|p2a: \ud83d\ude08|spe|2\n|-damage|p1a: Chien-Pao|81\/100|[from] item: Life Orb\n|move|p2a: \ud83d\ude08|Bitter Blade|p1a: Chien-Pao\n|-supereffective|p1a: Chien-Pao\n|-damage|p1a: Chien-Pao|0 fnt\n|-heal|p2a: \ud83d\ude08|42\/100|[from] drain|[of] p1a: Chien-Pao\n|faint|p1a: Chien-Pao\n|\n|upkeep\n|\n|t:|1698017686\n|switch|p1a: Ribombee|Ribombee, M, shiny|100\/100\n|turn|3\n|\n|t:|1698017692\n|move|p2a: \ud83d\ude08|Bitter Blade|p1a: Ribombee\n|-supereffective|p1a: Ribombee\n|-enditem|p1a: Ribombee|Focus Sash\n|-damage|p1a: Ribombee|1\/100\n|-heal|p2a: \ud83d\ude08|87\/100|[from] drain|[of] p1a: Ribombee\n|move|p1a: Ribombee|Sticky Web|p2a: \ud83d\ude08\n|-sidestart|p2: MaceFaceGAMING|move: Sticky Web\n|\n|upkeep\n|turn|4\n|\n|t:|1698017701\n|move|p2a: \ud83d\ude08|Bitter Blade|p1a: Ribombee\n|-supereffective|p1a: Ribombee\n|-damage|p1a: Ribombee|0 fnt\n|-heal|p2a: \ud83d\ude08|87\/100|[from] drain|[of] p1a: Ribombee\n|faint|p1a: Ribombee\n|\n|upkeep\n|\n|t:|1698017709\n|switch|p1a: Iron Hands|Iron Hands, shiny|100\/100\n|turn|5\n|\n|t:|1698017720\n|move|p2a: \ud83d\ude08|Bitter Blade|p1a: Iron Hands\n|-damage|p1a: Iron Hands|70\/100\n|-heal|p2a: \ud83d\ude08|100\/100|[from] drain|[of] p1a: Iron Hands\n|move|p1a: Iron Hands|Wild Charge|p2a: \ud83d\ude08\n|-damage|p2a: \ud83d\ude08|0 fnt\n|faint|p2a: \ud83d\ude08\n|-damage|p1a: Iron Hands|56\/100|[from] Recoil\n|\n|upkeep\n|\n|t:|1698017732\n|switch|p2a: Rawr|Groudon|100\/100\n|-activate|p2a: Rawr|move: Sticky Web\n|-unboost|p2a: Rawr|spe|1\n|-weather|SunnyDay|[from] ability: Drought|[of] p2a: Rawr\n|turn|6\n|\n|t:|1698017743\n|move|p2a: Rawr|Earthquake|p1a: Iron Hands\n|-supereffective|p1a: Iron Hands\n|-damage|p1a: Iron Hands|0 fnt\n|faint|p1a: Iron Hands\n|-end|p1a: Iron Hands|Quark Drive|[silent]\n|\n|-weather|SunnyDay|[upkeep]\n|upkeep\n|\n|t:|1698017751\n|switch|p1a: Kyogre|Kyogre|100\/100\n|-weather|RainDance|[from] ability: Drizzle|[of] p1a: Kyogre\n|turn|7\n|\n|t:|1698017758\n|move|p1a: Kyogre|Water Spout|p2a: Rawr\n|-supereffective|p2a: Rawr\n|-damage|p2a: Rawr|0 fnt\n|faint|p2a: Rawr\n|\n|-weather|RainDance|[upkeep]\n|upkeep\n|\n|t:|1698017763\n|switch|p2a: Tea Time!|Sinistcha|100\/100\n|-activate|p2a: Tea Time!|move: Sticky Web\n|-unboost|p2a: Tea Time!|spe|1\n|turn|8\n|\n|t:|1698017769\n|move|p1a: Kyogre|Water Spout|p2a: Tea Time!\n|-resisted|p2a: Tea Time!\n|-damage|p2a: Tea Time!|0 fnt\n|faint|p2a: Tea Time!\n|\n|-weather|RainDance|[upkeep]\n|upkeep\n|\n|t:|1698017775\n|switch|p2a: Oomy Zoomy|Ribombee, M|100\/100\n|-activate|p2a: Oomy Zoomy|move: Sticky Web\n|-unboost|p2a: Oomy Zoomy|spe|1\n|turn|9\n|\n|t:|1698017785\n|move|p1a: Kyogre|Water Spout|p2a: Oomy Zoomy\n|-damage|p2a: Oomy Zoomy|0 fnt\n|faint|p2a: Oomy Zoomy\n|\n|-weather|RainDance|[upkeep]\n|upkeep\n|\n|t:|1698017791\n|switch|p2a: AquaFighter919|Empoleon, F|100\/100\n|-activate|p2a: AquaFighter919|move: Sticky Web\n|-unboost|p2a: AquaFighter919|spe|1\n|-ability|p2a: AquaFighter919|Competitive|boost\n|-boost|p2a: AquaFighter919|spa|2\n|turn|10\n|\n|t:|1698017806\n|-terastallize|p1a: Kyogre|Water\n|move|p2a: AquaFighter919|Aqua Jet|p1a: Kyogre\n|-resisted|p1a: Kyogre\n|-damage|p1a: Kyogre|83\/100\n|move|p1a: Kyogre|Water Spout|p2a: AquaFighter919\n|-resisted|p2a: AquaFighter919\n|-damage|p2a: AquaFighter919|0 fnt\n|faint|p2a: AquaFighter919\n|\n|win|Anne Frankkkk\n|raw|Anne Frankkkk's rating: 1175 &rarr; <strong>1196<\/strong><br \/>(+21 for winning)\n|raw|MaceFaceGAMING's rating: 1122 &rarr; <strong>1101<\/strong><br \/>(-21 for losing)\n|l|\u2606MaceFaceGAMING\n","uploadtime":1698017817,"views":9,"p1id":"annefrankkkk","p2id":"macefacegaming","formatid":"gen9ubers","rating":1101,"private":0,"password":""}