{"id":"gen9ubers-1982037271","p1":"LadyMaria-Blue","p2":"RubenPaCe","format":"[Gen 9] Ubers","log":"|j|\u2606LadyMaria-Blue\n|j|\u2606RubenPaCe\n|t:|1698961742\n|gametype|singles\n|player|p1|LadyMaria-Blue|cynthia|\n|player|p2|RubenPaCe|camper|\n|teamsize|p1|6\n|teamsize|p2|6\n|gen|9\n|tier|[Gen 9] Ubers\n|rule|Sleep Clause Mod: Limit one foe put to sleep\n|rule|Species Clause: Limit one of each Pok\u00e9mon\n|rule|OHKO Clause: OHKO moves are banned\n|rule|Evasion Items Clause: Evasion items are banned\n|rule|Evasion Moves Clause: Evasion moves are banned\n|rule|Endless Battle Clause: Forcing endless battles is banned\n|rule|HP Percentage Mod: HP is shown in percentages\n|clearpoke\n|poke|p1|Baxcalibur, F|\n|poke|p1|Milotic, F|\n|poke|p1|Arcanine-Hisui, F|\n|poke|p1|Mandibuzz, F|\n|poke|p1|Arceus-Poison|\n|poke|p1|Magearna|\n|poke|p2|Meowscarada, F|\n|poke|p2|Gholdengo|\n|poke|p2|Dialga|\n|poke|p2|Zacian-*|\n|poke|p2|Magearna|\n|poke|p2|Cyclizar, F|\n|teampreview\n|c|\u2606RubenPaCe|most of the time teams don't work, not because the team is inherently flawed, but because they are designed without a plan\n|c|\u2606RubenPaCe|does yours have a plan?\n|c|\u2606LadyMaria-Blue|yeah\n|c|\u2606RubenPaCe|then let's see if it's a good plan\n|c|\u2606RubenPaCe|hf!\n|\n|t:|1698961814\n|start\n|switch|p1a: Magearna|Magearna|100\/100\n|switch|p2a: Meowscarada|Meowscarada, F|100\/100\n|turn|1\n|\n|t:|1698961818\n|move|p2a: Meowscarada|Spikes|p1a: Magearna\n|-sidestart|p1: LadyMaria-Blue|Spikes\n|move|p1a: Magearna|Thunder Wave|p2a: Meowscarada\n|-status|p2a: Meowscarada|par\n|\n|upkeep\n|turn|2\n|c|\u2606RubenPaCe|bad moment to not be protean\n|\n|t:|1698961829\n|move|p2a: Meowscarada|Knock Off|p1a: Magearna\n|-resisted|p1a: Magearna\n|-damage|p1a: Magearna|80\/100\n|-enditem|p1a: Magearna|Leftovers|[from] move: Knock Off|[of] p2a: Meowscarada\n|move|p1a: Magearna|Spikes|p2a: Meowscarada\n|-sidestart|p2: RubenPaCe|Spikes\n|\n|upkeep\n|turn|3\n|\n|t:|1698961832\n|move|p2a: Meowscarada|Spikes|p1a: Magearna\n|-sidestart|p1: LadyMaria-Blue|Spikes\n|move|p1a: Magearna|Volt Switch|p2a: Meowscarada\n|-resisted|p2a: Meowscarada\n|-damage|p2a: Meowscarada|85\/100 par\n|\n|t:|1698961835\n|switch|p1a: Mandibuzz|Mandibuzz, F, shiny|100\/100|[from] Volt Switch\n|\n|upkeep\n|turn|4\n|\n|t:|1698961839\n|move|p1a: Mandibuzz|Defog|p2a: Meowscarada\n|-unboost|p2a: Meowscarada|evasion|1\n|-sideend|p2: RubenPaCe|Spikes|[from] move: Defog|[of] p1a: Mandibuzz\n|-sideend|p1: LadyMaria-Blue|Spikes|[from] move: Defog|[of] p1a: Mandibuzz\n|cant|p2a: Meowscarada|par\n|\n|upkeep\n|turn|5\n|\n|t:|1698961841\n|move|p1a: Mandibuzz|U-turn|p2a: Meowscarada\n|-supereffective|p2a: Meowscarada\n|-crit|p2a: Meowscarada\n|-damage|p2a: Meowscarada|0 fnt\n|faint|p2a: Meowscarada\n|\n|t:|1698961845\n|switch|p1a: Magearna|Magearna|80\/100|[from] U-turn\n|\n|upkeep\n|\n|t:|1698961850\n|switch|p2a: Cyclizar|Cyclizar, F|100\/100\n|turn|6\n|\n|t:|1698961889\n|move|p2a: Cyclizar|Shed Tail|p2a: Cyclizar\n|-start|p2a: Cyclizar|Substitute|[from] move: Shed Tail\n|-damage|p2a: Cyclizar|50\/100\n|\n|t:|1698961891\n|switch|p2a: Gholdengo|Gholdengo|100\/100|[from] Shed Tail\n|-item|p2a: Gholdengo|Air Balloon\n|move|p1a: Magearna|Volt Switch|p2a: Gholdengo\n|-activate|p2a: Gholdengo|move: Substitute|[damage]\n|-enditem|p2a: Gholdengo|Air Balloon\n|\n|t:|1698961901\n|switch|p1a: Mandibuzz|Mandibuzz, F, shiny|100\/100|[from] Volt Switch\n|\n|upkeep\n|turn|7\n|\n|t:|1698961904\n|move|p2a: Gholdengo|Nasty Plot|p2a: Gholdengo\n|-boost|p2a: Gholdengo|spa|2\n|move|p1a: Mandibuzz|Foul Play|p2a: Gholdengo\n|-supereffective|p2a: Gholdengo\n|-end|p2a: Gholdengo|Substitute\n|\n|upkeep\n|turn|8\n|\n|t:|1698961908\n|move|p2a: Gholdengo|Make It Rain|p1a: Mandibuzz\n|-damage|p1a: Mandibuzz|16\/100\n|-unboost|p2a: Gholdengo|spa|1\n|move|p1a: Mandibuzz|Foul Play|p2a: Gholdengo\n|-supereffective|p2a: Gholdengo\n|-damage|p2a: Gholdengo|73\/100\n|\n|upkeep\n|turn|9\n|\n|t:|1698961922\n|switch|p1a: Milotic|Milotic, F, shiny|100\/100\n|move|p2a: Gholdengo|Make It Rain|p1a: Milotic\n|-resisted|p1a: Milotic\n|-damage|p1a: Milotic|78\/100\n|-unboost|p2a: Gholdengo|spa|1\n|\n|-heal|p1a: Milotic|84\/100|[from] item: Leftovers\n|upkeep\n|turn|10\n|\n|t:|1698961925\n|move|p2a: Gholdengo|Nasty Plot|p2a: Gholdengo\n|-boost|p2a: Gholdengo|spa|2\n|move|p1a: Milotic|Scald|p2a: Gholdengo\n|-damage|p2a: Gholdengo|54\/100\n|-status|p2a: Gholdengo|brn\n|\n|-heal|p1a: Milotic|90\/100|[from] item: Leftovers\n|-damage|p2a: Gholdengo|48\/100 brn|[from] brn\n|upkeep\n|turn|11\n|\n|t:|1698961927\n|move|p2a: Gholdengo|Recover|p2a: Gholdengo\n|-heal|p2a: Gholdengo|98\/100 brn\n|move|p1a: Milotic|Haze|p1a: Milotic\n|-clearallboost\n|\n|-heal|p1a: Milotic|96\/100|[from] item: Leftovers\n|-damage|p2a: Gholdengo|92\/100 brn|[from] brn\n|upkeep\n|turn|12\n|\n|t:|1698961931\n|move|p2a: Gholdengo|Nasty Plot|p2a: Gholdengo\n|-boost|p2a: Gholdengo|spa|2\n|move|p1a: Milotic|Scald|p2a: Gholdengo\n|-damage|p2a: Gholdengo|72\/100 brn\n|\n|-heal|p1a: Milotic|100\/100|[from] item: Leftovers\n|-damage|p2a: Gholdengo|66\/100 brn|[from] brn\n|upkeep\n|turn|13\n|\n|t:|1698961935\n|move|p2a: Gholdengo|Shadow Ball|p1a: Milotic\n|-damage|p1a: Milotic|53\/100\n|move|p1a: Milotic|Haze|p1a: Milotic\n|-clearallboost\n|\n|-heal|p1a: Milotic|59\/100|[from] item: Leftovers\n|-damage|p2a: Gholdengo|59\/100 brn|[from] brn\n|upkeep\n|turn|14\n|\n|t:|1698961940\n|switch|p2a: Dialga|Dialga|100\/100\n|-ability|p2a: Dialga|Pressure\n|move|p1a: Milotic|Recover|p1a: Milotic\n|-heal|p1a: Milotic|100\/100\n|\n|upkeep\n|turn|15\n|\n|t:|1698961943\n|move|p2a: Dialga|Stealth Rock|p1a: Milotic\n|-sidestart|p1: LadyMaria-Blue|move: Stealth Rock\n|move|p1a: Milotic|Flip Turn|p2a: Dialga\n|-resisted|p2a: Dialga\n|-damage|p2a: Dialga|97\/100\n|\n|t:|1698961945\n|switch|p1a: Mandibuzz|Mandibuzz, F, shiny|16\/100|[from] Flip Turn\n|\n|-heal|p2a: Dialga|100\/100|[from] item: Leftovers\n|upkeep\n|turn|16\n|\n|t:|1698961948\n|move|p2a: Dialga|Flash Cannon|p1a: Mandibuzz\n|-damage|p1a: Mandibuzz|0 fnt\n|faint|p1a: Mandibuzz\n|\n|upkeep\n|\n|t:|1698961953\n|switch|p1a: Arceus|Arceus-Poison|100\/100\n|-damage|p1a: Arceus|88\/100|[from] Stealth Rock\n|turn|17\n|\n|t:|1698961957\n|move|p1a: Arceus|Calm Mind|p1a: Arceus\n|-boost|p1a: Arceus|spa|1\n|-boost|p1a: Arceus|spd|1\n|move|p2a: Dialga|Dragon Tail|p1a: Arceus\n|-damage|p1a: Arceus|74\/100\n|drag|p1a: Milotic|Milotic, F, shiny|100\/100\n|-damage|p1a: Milotic|88\/100|[from] Stealth Rock\n|\n|-heal|p1a: Milotic|94\/100|[from] item: Leftovers\n|upkeep\n|turn|18\n|\n|t:|1698961961\n|move|p1a: Milotic|Scald|p2a: Dialga\n|-resisted|p2a: Dialga\n|-damage|p2a: Dialga|92\/100\n|move|p2a: Dialga|Dragon Tail|p1a: Milotic\n|-damage|p1a: Milotic|74\/100\n|drag|p1a: Arcanine|Arcanine-Hisui, F, shiny|100\/100\n|-damage|p1a: Arcanine|76\/100|[from] Stealth Rock\n|\n|-heal|p2a: Dialga|98\/100|[from] item: Leftovers\n|upkeep\n|turn|19\n|\n|t:|1698961966\n|move|p1a: Arcanine|Flare Blitz|p2a: Dialga\n|-damage|p2a: Dialga|60\/100\n|move|p2a: Dialga|Flash Cannon|p1a: Arcanine\n|-damage|p1a: Arcanine|25\/100\n|\n|-heal|p2a: Dialga|67\/100|[from] item: Leftovers\n|upkeep\n|turn|20\n|\n|t:|1698961971\n|switch|p1a: Milotic|Milotic, F, shiny|74\/100\n|-damage|p1a: Milotic|62\/100|[from] Stealth Rock\n|move|p2a: Dialga|Flash Cannon|p1a: Milotic\n|-resisted|p1a: Milotic\n|-damage|p1a: Milotic|51\/100\n|\n|-heal|p2a: Dialga|73\/100|[from] item: Leftovers\n|-heal|p1a: Milotic|57\/100|[from] item: Leftovers\n|upkeep\n|turn|21\n|\n|t:|1698961974\n|switch|p2a: Cyclizar|Cyclizar, F|84\/100\n|move|p1a: Milotic|Recover|p1a: Milotic\n|-heal|p1a: Milotic|100\/100\n|\n|upkeep\n|turn|22\n|\n|t:|1698961995\n|move|p2a: Cyclizar|Knock Off|p1a: Milotic\n|-damage|p1a: Milotic|80\/100\n|-enditem|p1a: Milotic|Leftovers|[from] move: Knock Off|[of] p2a: Cyclizar\n|move|p1a: Milotic|Scald|p2a: Cyclizar\n|-resisted|p2a: Cyclizar\n|-damage|p2a: Cyclizar|63\/100\n|-status|p2a: Cyclizar|brn\n|\n|-damage|p2a: Cyclizar|57\/100 brn|[from] brn\n|upkeep\n|turn|23\n|\n|t:|1698962002\n|move|p2a: Cyclizar|Shed Tail|p2a: Cyclizar\n|-start|p2a: Cyclizar|Substitute|[from] move: Shed Tail\n|-damage|p2a: Cyclizar|7\/100 brn\n|\n|t:|1698962005\n|switch|p2a: Magearna|Magearna|100\/100|[from] Shed Tail\n|move|p1a: Milotic|Flip Turn|p2a: Magearna\n|-activate|p2a: Magearna|move: Substitute|[damage]\n|\n|t:|1698962008\n|switch|p1a: Arcanine|Arcanine-Hisui, F, shiny|25\/100|[from] Flip Turn\n|-damage|p1a: Arcanine|0 fnt|[from] Stealth Rock\n|faint|p1a: Arcanine\n|-ability|p2a: Magearna|Soul-Heart|boost\n|-boost|p2a: Magearna|spa|1\n|\n|upkeep\n|\n|t:|1698962021\n|switch|p1a: Arceus|Arceus-Poison|74\/100\n|-damage|p1a: Arceus|62\/100|[from] Stealth Rock\n|turn|24\n|\n|t:|1698962026\n|move|p1a: Arceus|Calm Mind|p1a: Arceus\n|-boost|p1a: Arceus|spa|1\n|-boost|p1a: Arceus|spd|1\n|move|p2a: Magearna|Flash Cannon|p1a: Arceus\n|-damage|p1a: Arceus|39\/100\n|\n|upkeep\n|turn|25\n|\n|t:|1698962029\n|move|p1a: Arceus|Recover|p1a: Arceus\n|-heal|p1a: Arceus|90\/100\n|move|p2a: Magearna|Volt Switch|p1a: Arceus\n|-damage|p1a: Arceus|75\/100\n|\n|t:|1698962032\n|switch|p2a: Dialga|Dialga|73\/100|[from] Volt Switch\n|-ability|p2a: Dialga|Pressure\n|\n|-heal|p2a: Dialga|79\/100|[from] item: Leftovers\n|upkeep\n|turn|26\n|\n|t:|1698962038\n|move|p1a: Arceus|Earth Power|p2a: Dialga\n|-supereffective|p2a: Dialga\n|-damage|p2a: Dialga|22\/100\n|move|p2a: Dialga|Dragon Tail|p1a: Arceus\n|-damage|p1a: Arceus|60\/100\n|drag|p1a: Magearna|Magearna|80\/100\n|-damage|p1a: Magearna|74\/100|[from] Stealth Rock\n|\n|-heal|p2a: Dialga|28\/100|[from] item: Leftovers\n|upkeep\n|turn|27\n|\n|t:|1698962045\n|move|p2a: Dialga|Flash Cannon|p1a: Magearna\n|-damage|p1a: Magearna|50\/100\n|move|p1a: Magearna|Thunder Wave|p2a: Dialga|[miss]\n|-miss|p1a: Magearna|p2a: Dialga\n|\n|-heal|p2a: Dialga|34\/100|[from] item: Leftovers\n|upkeep\n|turn|28\n|\n|t:|1698962051\n|switch|p2a: Cyclizar|Cyclizar, F|40\/100 brn\n|move|p1a: Magearna|Thunder Wave||[still]\n|-fail|p1a: Magearna\n|\n|-damage|p2a: Cyclizar|34\/100 brn|[from] brn\n|upkeep\n|turn|29\n|\n|t:|1698962058\n|switch|p2a: Gholdengo|Gholdengo|59\/100 brn\n|move|p1a: Magearna|Spikes|p2a: Gholdengo\n|-sidestart|p2: RubenPaCe|Spikes\n|\n|-damage|p2a: Gholdengo|53\/100 brn|[from] brn\n|upkeep\n|turn|30\n|\n|t:|1698962065\n|move|p2a: Gholdengo|Nasty Plot|p2a: Gholdengo\n|-boost|p2a: Gholdengo|spa|2\n|move|p1a: Magearna|Fleur Cannon|p2a: Gholdengo\n|-resisted|p2a: Gholdengo\n|-damage|p2a: Gholdengo|34\/100 brn\n|-unboost|p1a: Magearna|spa|2\n|\n|-damage|p2a: Gholdengo|28\/100 brn|[from] brn\n|upkeep\n|turn|31\n|\n|t:|1698962068\n|move|p2a: Gholdengo|Recover|p2a: Gholdengo\n|-heal|p2a: Gholdengo|78\/100 brn\n|move|p1a: Magearna|Spikes|p2a: Gholdengo\n|-sidestart|p2: RubenPaCe|Spikes\n|\n|-damage|p2a: Gholdengo|72\/100 brn|[from] brn\n|upkeep\n|turn|32\n|\n|t:|1698962071\n|move|p2a: Gholdengo|Shadow Ball|p1a: Magearna\n|-damage|p1a: Magearna|4\/100\n|move|p1a: Magearna|Spikes|p2a: Gholdengo\n|-sidestart|p2: RubenPaCe|Spikes\n|\n|-damage|p2a: Gholdengo|66\/100 brn|[from] brn\n|upkeep\n|turn|33\n|\n|t:|1698962076\n|move|p2a: Gholdengo|Nasty Plot|p2a: Gholdengo\n|-boost|p2a: Gholdengo|spa|2\n|move|p1a: Magearna|Fleur Cannon|p2a: Gholdengo\n|-resisted|p2a: Gholdengo\n|-damage|p2a: Gholdengo|56\/100 brn\n|-unboost|p1a: Magearna|spa|2\n|\n|-damage|p2a: Gholdengo|50\/100 brn|[from] brn\n|upkeep\n|turn|34\n|\n|t:|1698962081\n|move|p2a: Gholdengo|Recover|p2a: Gholdengo\n|-heal|p2a: Gholdengo|99\/100 brn\n|move|p1a: Magearna|Volt Switch|p2a: Gholdengo\n|-damage|p2a: Gholdengo|95\/100 brn\n|\n|t:|1698962084\n|switch|p1a: Milotic|Milotic, F, shiny|80\/100|[from] Volt Switch\n|-damage|p1a: Milotic|67\/100|[from] Stealth Rock\n|\n|-damage|p2a: Gholdengo|89\/100 brn|[from] brn\n|upkeep\n|turn|35\n|\n|t:|1698962086\n|move|p2a: Gholdengo|Shadow Ball|p1a: Milotic\n|-damage|p1a: Milotic|2\/100\n|move|p1a: Milotic|Haze|p1a: Milotic\n|-clearallboost\n|\n|-damage|p2a: Gholdengo|83\/100 brn|[from] brn\n|upkeep\n|turn|36\n|\n|t:|1698962094\n|switch|p1a: Magearna|Magearna|4\/100\n|-damage|p1a: Magearna|0 fnt|[from] Stealth Rock\n|faint|p1a: Magearna\n|move|p2a: Gholdengo|Shadow Ball|p1: Magearna|[notarget]\n|-fail|p2a: Gholdengo\n|\n|-damage|p2a: Gholdengo|76\/100 brn|[from] brn\n|upkeep\n|\n|t:|1698962097\n|switch|p1a: Arceus|Arceus-Poison|60\/100\n|-damage|p1a: Arceus|48\/100|[from] Stealth Rock\n|turn|37\n|\n|t:|1698962103\n|switch|p2a: Cyclizar|Cyclizar, F|67\/100 brn\n|move|p1a: Arceus|Recover|p1a: Arceus\n|-heal|p1a: Arceus|98\/100\n|\n|-damage|p2a: Cyclizar|61\/100 brn|[from] brn\n|upkeep\n|turn|38\n|\n|t:|1698962109\n|move|p2a: Cyclizar|Rapid Spin|p1a: Arceus\n|-damage|p1a: Arceus|93\/100\n|-boost|p2a: Cyclizar|spe|1\n|-sideend|p2: RubenPaCe|Spikes|[from] move: Rapid Spin|[of] p2a: Cyclizar\n|move|p1a: Arceus|Calm Mind|p1a: Arceus\n|-boost|p1a: Arceus|spa|1\n|-boost|p1a: Arceus|spd|1\n|\n|-damage|p2a: Cyclizar|55\/100 brn|[from] brn\n|upkeep\n|turn|39\n|\n|t:|1698962116\n|move|p2a: Cyclizar|Taunt|p1a: Arceus\n|-start|p1a: Arceus|move: Taunt\n|cant|p1a: Arceus|move: Taunt|Calm Mind\n|\n|-damage|p2a: Cyclizar|49\/100 brn|[from] brn\n|upkeep\n|turn|40\n|\n|t:|1698962122\n|switch|p2a: Gholdengo|Gholdengo|76\/100 brn\n|move|p1a: Arceus|Judgment|p2a: Gholdengo\n|-immune|p2a: Gholdengo\n|\n|-damage|p2a: Gholdengo|70\/100 brn|[from] brn\n|upkeep\n|turn|41\n|\n|t:|1698962130\n|move|p1a: Arceus|Earth Power|p2a: Gholdengo\n|-supereffective|p2a: Gholdengo\n|-crit|p2a: Gholdengo\n|-damage|p2a: Gholdengo|0 fnt\n|faint|p2a: Gholdengo\n|\n|-end|p1a: Arceus|move: Taunt\n|upkeep\n|\n|t:|1698962134\n|switch|p2a: Cyclizar|Cyclizar, F|82\/100 brn\n|turn|42\n|\n|t:|1698962140\n|move|p2a: Cyclizar|Shed Tail|p2a: Cyclizar\n|-start|p2a: Cyclizar|Substitute|[from] move: Shed Tail\n|-damage|p2a: Cyclizar|32\/100 brn\n|\n|t:|1698962142\n|switch|p2a: Dialga|Dialga|34\/100|[from] Shed Tail\n|-ability|p2a: Dialga|Pressure\n|move|p1a: Arceus|Calm Mind|p1a: Arceus\n|-boost|p1a: Arceus|spa|1\n|-boost|p1a: Arceus|spd|1\n|\n|-heal|p2a: Dialga|41\/100|[from] item: Leftovers\n|upkeep\n|turn|43\n|\n|t:|1698962148\n|move|p1a: Arceus|Earth Power|p2a: Dialga\n|-supereffective|p2a: Dialga\n|-end|p2a: Dialga|Substitute\n|move|p2a: Dialga|Dragon Tail|p1a: Arceus\n|-damage|p1a: Arceus|78\/100\n|drag|p1a: Baxcalibur|Baxcalibur, F|100\/100\n|\n|-heal|p2a: Dialga|47\/100|[from] item: Leftovers\n|upkeep\n|turn|44\n|\n|t:|1698962157\n|move|p1a: Baxcalibur|Earthquake|p2a: Dialga\n|-supereffective|p2a: Dialga\n|-damage|p2a: Dialga|0 fnt\n|faint|p2a: Dialga\n|\n|upkeep\n|\n|t:|1698962161\n|switch|p2a: Zacian|Zacian|100\/100\n|-ability|p2a: Zacian|Intrepid Sword|boost\n|-boost|p2a: Zacian|atk|1\n|turn|45\n|j| azhduha\n|\n|t:|1698962178\n|switch|p1a: Milotic|Milotic, F, shiny|2\/100\n|-damage|p1a: Milotic|0 fnt|[from] Stealth Rock\n|faint|p1a: Milotic\n|move|p2a: Zacian|Play Rough|p1: Milotic|[notarget]\n|-fail|p2a: Zacian\n|\n|upkeep\n|\n|t:|1698962180\n|switch|p1a: Arceus|Arceus-Poison|78\/100\n|-damage|p1a: Arceus|65\/100|[from] Stealth Rock\n|turn|46\n|\n|t:|1698962185\n|-terastallize|p2a: Zacian|Fire\n|move|p2a: Zacian|Swords Dance|p2a: Zacian\n|-boost|p2a: Zacian|atk|2\n|move|p1a: Arceus|Recover|p1a: Arceus\n|-heal|p1a: Arceus|100\/100\n|\n|upkeep\n|turn|47\n|\n|t:|1698962191\n|move|p2a: Zacian|Tera Blast|p1a: Arceus|[anim] Tera Blast Fire\n|-damage|p1a: Arceus|41\/100\n|move|p1a: Arceus|Earth Power|p2a: Zacian\n|-supereffective|p2a: Zacian\n|-damage|p2a: Zacian|60\/100\n|\n|upkeep\n|turn|48\n|\n|t:|1698962198\n|move|p2a: Zacian|Tera Blast|p1a: Arceus|[anim] Tera Blast Fire\n|-damage|p1a: Arceus|0 fnt\n|faint|p1a: Arceus\n|\n|upkeep\n|\n|t:|1698962199\n|switch|p1a: Baxcalibur|Baxcalibur, F|100\/100\n|turn|49\n|l| azhduha\n|\n|t:|1698962228\n|-terastallize|p1a: Baxcalibur|Water\n|move|p2a: Zacian|Play Rough|p1a: Baxcalibur\n|-damage|p1a: Baxcalibur|0 fnt\n|faint|p1a: Baxcalibur\n|\n|win|RubenPaCe\n|c|\u2606LadyMaria-Blue|gg\n|c|\u2606RubenPaCe|gg\n|c|\u2606RubenPaCe|ight we've seen what works and what doesn't\n|c|\u2606RubenPaCe|you clearly have a lot of room for pivoting, that's good\n|c|\u2606RubenPaCe|but you lack mons that can abuse it\n|c|\u2606RubenPaCe|arc hisui isn't that strong nor bulky for UUbers standards\n|c|\u2606RubenPaCe|so you might want to start from there\n|c|\u2606LadyMaria-Blue|great\n|c|\u2606RubenPaCe|also some real speed control would be appreciated\n|c|\u2606RubenPaCe|because the moment your scarfer is gone then it's jover since your arceus isn't max speed iirc\n|c|\u2606RubenPaCe|also please make the arceus evs right, 40% from EP is just sad\n|c|\u2606LadyMaria-Blue|so do i do speed or hp with special attack\n|c|\u2606RubenPaCe|I like max HP and max speed since you are boosting with CM\n|c|\u2606RubenPaCe|and it's also a way to deal with zacian\n|c|\u2606LadyMaria-Blue|modest or jolly\n|c|\u2606RubenPaCe|huh?\n|c|\u2606RubenPaCe|timid\n|c|\u2606LadyMaria-Blue|excuse me, timid yeah\n|c|\u2606RubenPaCe|you want timid for sure\n|c|\u2606RubenPaCe|speed is really important\n|c|\u2606RubenPaCe|the team looks pretty balanced as is rn\n|c|\u2606RubenPaCe|you just need to accustom yourself to it and learn how to play it to the fullest\n|c|\u2606RubenPaCe|you got me on some pretty tight spots, if you'd been more agresive with the last cyclizar switch I don't know if I could've brought this back\n|c|\u2606RubenPaCe|now the question is, who could you switch arcanine for\n|c|\u2606LadyMaria-Blue|no idea other than fish\n|c|\u2606RubenPaCe|honestly\n|c|\u2606RubenPaCe|no wait yeah it's not that great since you want to be more phisically threatening\n|c|\u2606RubenPaCe|one of the most problematic mons for you this game has been dialga\n|c|\u2606RubenPaCe|because it can take CM arceus and magearna\n|c|\u2606LadyMaria-Blue|so a ground type scarfer?\n|c|\u2606RubenPaCe|why do you want a scarfer on the first place?\n|c|\u2606RubenPaCe|legit question\n|c|\u2606LadyMaria-Blue|revenge killing and being able to immediately bust holes into the enemy team without set up or support\n|c|\u2606RubenPaCe|uh\n|c|\u2606LadyMaria-Blue|so that im able to allocate more support for my win conditions\n|c|\u2606RubenPaCe|those are two different roles I'm afraid\n|c|\u2606RubenPaCe|scarf mons are notably weaker than most\n|c|\u2606RubenPaCe|you either revenge kill or wall break\n|c|\u2606RubenPaCe|can't do both unless you are something stupid OP like miraidon\n|c|\u2606LadyMaria-Blue|dont have to be. that's why i grabbed hisuian arc cause flare blitz with no downside is real strong\n|c|\u2606RubenPaCe|the problem is that in this tier it isn't that strong\n|c|\u2606RubenPaCe|!dt arcanine-hisui\n|raw|<div class=\"message\"><ul class=\"utilichart\"><li class=\"result\"><span class=\"col numcol\">UU<\/span> <span class=\"col iconcol\"><psicon pokemon=\"arcaninehisui\"\/><\/span> <span class=\"col pokemonnamecol\" style=\"white-space:nowrap\"><a href=\"https:\/\/dex.pokemonshowdown.com\/pokemon\/arcaninehisui\" target=\"_blank\">Arcanine-Hisui<\/a><\/span> <span class=\"col typecol\"><img src=\"https:\/\/play.pokemonshowdown.com\/sprites\/types\/Fire.png\" alt=\"Fire\" height=\"14\" width=\"32\"><img src=\"https:\/\/play.pokemonshowdown.com\/sprites\/types\/Rock.png\" alt=\"Rock\" height=\"14\" width=\"32\"><\/span> <span style=\"float:left;min-height:26px\"><span class=\"col twoabilitycol\">Intimidate<br \/>Flash Fire<\/span><span class=\"col abilitycol\"><em>Rock Head<\/em><\/span><\/span><span style=\"float:left;min-height:26px\"><span class=\"col statcol\"><em>HP<\/em><br \/>95<\/span> <span class=\"col statcol\"><em>Atk<\/em><br \/>115<\/span> <span class=\"col statcol\"><em>Def<\/em><br \/>80<\/span> <span class=\"col statcol\"><em>SpA<\/em><br \/>95<\/span> <span class=\"col statcol\"><em>SpD<\/em><br \/>80<\/span> <span class=\"col statcol\"><em>Spe<\/em><br \/>90<\/span> <span class=\"col bstcol\"><em>BST<br \/>555<\/em><\/span> <\/span><\/li><li style=\"clear:both\"><\/li><\/ul><\/div>\n|raw|<font size=\"1\"><font color=\"#686868\">Dex#:<\/font> 59&nbsp;|&ThickSpace;<font color=\"#686868\">Gen:<\/font> 8&nbsp;|&ThickSpace;<font color=\"#686868\">Height:<\/font> 2 m&nbsp;|&ThickSpace;<font color=\"#686868\">Weight:<\/font> 168 kg <em>(100 BP)<\/em>&nbsp;|&ThickSpace;<font color=\"#686868\">Dex Colour:<\/font> Brown&nbsp;|&ThickSpace;<font color=\"#686868\">Egg Group(s):<\/font> Field&nbsp;|&ThickSpace;<font color=\"#686868\">Pre-Evolution:<\/font> Growlithe-Hisui&nbsp;|&ThickSpace;<font color=\"#686868\">Does Not Evolve<\/font><\/font>\n\n|c|\u2606RubenPaCe|115 atack is good don't get me wrong\n|c|\u2606RubenPaCe|but most mons here can take a hit and just OHKO it back\n|c|\u2606RubenPaCe|if you want to play the hazzard game\n|c|\u2606RubenPaCe|which you can totally do\n|c|\u2606RubenPaCe|then fish might be a good option\n|c|\u2606RubenPaCe|but then hazzard control is a must\n|c|\u2606RubenPaCe|if not then... when in doubt, Zacian\n|c|\u2606RubenPaCe|slap tera ground on it and go wild\n|c|\u2606LadyMaria-Blue|would scarf sneasler be any good?\n|c|\u2606RubenPaCe|nah\n|c|\u2606RubenPaCe|you have to think about one thing\n|c|\u2606RubenPaCe|what are you really trying to outspeed here?\n|c|\u2606RubenPaCe|because choice scarf isn't a common item at all\n|c|\u2606LadyMaria-Blue|faster threats\n|c|\u2606RubenPaCe|like what\n|c|\u2606LadyMaria-Blue|dog\n|c|\u2606LadyMaria-Blue|412 speed is massive\n|c|\u2606RubenPaCe|anything that outspeeds dog isn't strong enough to kill it back\n|c|\u2606RubenPaCe|and scarf mons have the risk of being set up fodder\n|c|\u2606LadyMaria-Blue|scarf meteor mash lucario can with rocks or some spikes up lol\n|c|\u2606RubenPaCe|you already can deal with dog\n|c|\u2606RubenPaCe|not only do you have magearna with t-wave to cripple it\n|c|\u2606RubenPaCe|but poison arceus which is one of the best checks\/counters deppending on the tera and how you play\n|c|\u2606RubenPaCe|dealing with a mon like Zacian isn't a single mon's task\n|c|\u2606RubenPaCe|just look how I was using multiple mons to deal with threats to my team such as Arceus\n|c|\u2606RubenPaCe|I used cyclizar to taunt it, dialga to phase it out and soften it with rocks and Zacian to deliver the final blow\n|c|\u2606RubenPaCe|well, I don't know what else to say\n|c|\u2606RubenPaCe|you defenitely are going in the right direction with this\n|l|\u2606RubenPaCe\n","uploadtime":1698962237,"views":18,"p1id":"ladymariablue","p2id":"rubenpace","formatid":"gen9ubers","rating":0,"private":0,"password":""}