{"id":"gen9ubers-1995097018","p1":"ArbysDealer23","p2":"CrushMeGoodra","format":"[Gen 9] Ubers","log":"|j|\u2606ArbysDealer23\n|j|\u2606CrushMeGoodra\n|t:|1700522190\n|gametype|singles\n|player|p1|ArbysDealer23|swimmerf|\n|player|p2|CrushMeGoodra|cynthia|\n|teamsize|p1|6\n|teamsize|p2|6\n|gen|9\n|tier|[Gen 9] Ubers\n|rule|Sleep Clause Mod: Limit one foe put to sleep\n|rule|Species Clause: Limit one of each Pok\u00e9mon\n|rule|OHKO Clause: OHKO moves are banned\n|rule|Evasion Items Clause: Evasion items are banned\n|rule|Evasion Moves Clause: Evasion moves are banned\n|rule|Endless Battle Clause: Forcing endless battles is banned\n|rule|HP Percentage Mod: HP is shown in percentages\n|clearpoke\n|poke|p1|Greninja-*, M|\n|poke|p1|Cresselia, F|\n|poke|p1|Sneasler, M|\n|poke|p1|Tsareena, F|\n|poke|p1|Mudsdale, F|\n|poke|p1|Tinkaton, F|\n|poke|p2|Clefable, M|\n|poke|p2|Slowking, M|\n|poke|p2|Cetitan, M|\n|poke|p2|Ogerpon-Hearthflame, F|\n|poke|p2|Ursaluna, F|\n|poke|p2|Qwilfish-Hisui, M|\n|teampreview\n|inactive|Battle timer is ON: inactive players will automatically lose when time's up. (requested by ArbysDealer23)\n|\n|t:|1700522212\n|start\n|switch|p1a: GETONTOPOFMENOW|Sneasler, M|100\/100\n|switch|p2a: Mr.NoThots|Slowking, M, shiny|100\/100\n|turn|1\n|\n|t:|1700522223\n|move|p1a: GETONTOPOFMENOW|U-turn|p2a: Mr.NoThots\n|-supereffective|p2a: Mr.NoThots\n|-damage|p2a: Mr.NoThots|40\/100\n|\n|t:|1700522233\n|switch|p1a: The Observatory|Cresselia, F|100\/100|[from] U-turn\n|move|p2a: Mr.NoThots|Chilly Reception|p2a: Mr.NoThots\n|-weather|Snow\n|\n|t:|1700522254\n|switch|p2a: Clefable|Clefable, M|100\/100|[from] Chilly Reception\n|\n|-weather|Snow|[upkeep]\n|upkeep\n|turn|2\n|\n|t:|1700522261\n|move|p1a: The Observatory|Calm Mind|p1a: The Observatory\n|-boost|p1a: The Observatory|spa|1\n|-boost|p1a: The Observatory|spd|1\n|move|p2a: Clefable|Calm Mind|p2a: Clefable\n|-boost|p2a: Clefable|spa|1\n|-boost|p2a: Clefable|spd|1\n|\n|-weather|Snow|[upkeep]\n|upkeep\n|turn|3\n|\n|t:|1700522276\n|move|p1a: The Observatory|Moonblast|p2a: Clefable\n|-damage|p2a: Clefable|85\/100\n|move|p2a: Clefable|Calm Mind|p2a: Clefable\n|-boost|p2a: Clefable|spa|1\n|-boost|p2a: Clefable|spd|1\n|\n|-weather|Snow|[upkeep]\n|-heal|p2a: Clefable|91\/100|[from] item: Leftovers\n|upkeep\n|turn|4\n|\n|t:|1700522290\n|switch|p1a: Jack Twinkatussy|Tinkaton, F|100\/100\n|-ability|p1a: Jack Twinkatussy|Mold Breaker\n|move|p2a: Clefable|Wish|p2a: Clefable\n|\n|-weather|Snow|[upkeep]\n|-heal|p2a: Clefable|97\/100|[from] item: Leftovers\n|upkeep\n|turn|5\n|inactive|CrushMeGoodra has 270 seconds left.\n|\n|t:|1700522350\n|switch|p2a: Ogerpon|Ogerpon-Hearthflame, F|100\/100\n|-ability|p2a: Ogerpon|Mold Breaker\n|move|p1a: Jack Twinkatussy|Stealth Rock|p2a: Ogerpon\n|-sidestart|p2: CrushMeGoodra|move: Stealth Rock\n|\n|-weather|none\n|upkeep\n|turn|6\n|inactive|CrushMeGoodra has 240 seconds left.\n|\n|t:|1700522391\n|switch|p1a: NEVERBACKDOWNNEVER|Mudsdale, F|100\/100\n|move|p2a: Ogerpon|Ivy Cudgel|p1a: NEVERBACKDOWNNEVER|[anim] Ivy Cudgel Fire\n|-damage|p1a: NEVERBACKDOWNNEVER|49\/100\n|-ability|p1a: NEVERBACKDOWNNEVER|Stamina|boost\n|-boost|p1a: NEVERBACKDOWNNEVER|def|1\n|\n|-heal|p1a: NEVERBACKDOWNNEVER|55\/100|[from] item: Leftovers\n|upkeep\n|turn|7\n|inactive|CrushMeGoodra has 210 seconds left.\n|inactive|ArbysDealer23 has 270 seconds left.\n|\n|t:|1700522433\n|switch|p2a: Mr.NoThots|Slowking, M, shiny|73\/100\n|move|p1a: NEVERBACKDOWNNEVER|Earthquake|p2a: Mr.NoThots\n|-damage|p2a: Mr.NoThots|41\/100\n|\n|-heal|p1a: NEVERBACKDOWNNEVER|62\/100|[from] item: Leftovers\n|upkeep\n|turn|8\n|inactive|CrushMeGoodra has 180 seconds left.\n|\n|t:|1700522459\n|move|p1a: NEVERBACKDOWNNEVER|Body Press|p2a: Mr.NoThots\n|-resisted|p2a: Mr.NoThots\n|-damage|p2a: Mr.NoThots|30\/100\n|move|p2a: Mr.NoThots|Scald|p1a: NEVERBACKDOWNNEVER\n|-supereffective|p1a: NEVERBACKDOWNNEVER\n|-damage|p1a: NEVERBACKDOWNNEVER|26\/100\n|-status|p1a: NEVERBACKDOWNNEVER|brn\n|-ability|p1a: NEVERBACKDOWNNEVER|Stamina|boost\n|-boost|p1a: NEVERBACKDOWNNEVER|def|1\n|\n|-heal|p1a: NEVERBACKDOWNNEVER|32\/100 brn|[from] item: Leftovers\n|-damage|p1a: NEVERBACKDOWNNEVER|26\/100 brn|[from] brn\n|upkeep\n|turn|9\n|inactive|CrushMeGoodra has 180 seconds left.\n|\n|t:|1700522476\n|switch|p2a: Qwilfish|Qwilfish-Hisui, M|100\/100\n|-damage|p2a: Qwilfish|88\/100|[from] Stealth Rock\n|-ability|p2a: Qwilfish|Intimidate|boost\n|-unboost|p1a: NEVERBACKDOWNNEVER|atk|1\n|move|p1a: NEVERBACKDOWNNEVER|Earthquake|p2a: Qwilfish\n|-supereffective|p2a: Qwilfish\n|-damage|p2a: Qwilfish|70\/100\n|\n|-heal|p1a: NEVERBACKDOWNNEVER|32\/100 brn|[from] item: Leftovers\n|-damage|p1a: NEVERBACKDOWNNEVER|26\/100 brn|[from] brn\n|upkeep\n|turn|10\n|inactive|CrushMeGoodra has 180 seconds left.\n|inactive|ArbysDealer23 has 240 seconds left.\n|\n|t:|1700522497\n|switch|p2a: Mr.NoThots|Slowking, M, shiny|63\/100\n|move|p1a: NEVERBACKDOWNNEVER|Iron Defense|p1a: NEVERBACKDOWNNEVER\n|-boost|p1a: NEVERBACKDOWNNEVER|def|2\n|\n|-heal|p1a: NEVERBACKDOWNNEVER|32\/100 brn|[from] item: Leftovers\n|-damage|p1a: NEVERBACKDOWNNEVER|26\/100 brn|[from] brn\n|upkeep\n|turn|11\n|inactive|ArbysDealer23 has 240 seconds left.\n|inactive|CrushMeGoodra has 150 seconds left.\n|\n|t:|1700522538\n|move|p1a: NEVERBACKDOWNNEVER|Body Press|p2a: Mr.NoThots\n|-resisted|p2a: Mr.NoThots\n|-damage|p2a: Mr.NoThots|52\/100\n|move|p2a: Mr.NoThots|Trick Room|p2a: Mr.NoThots\n|-fieldstart|move: Trick Room|[of] p2a: Mr.NoThots\n|\n|-heal|p1a: NEVERBACKDOWNNEVER|32\/100 brn|[from] item: Leftovers\n|-damage|p1a: NEVERBACKDOWNNEVER|26\/100 brn|[from] brn\n|upkeep\n|turn|12\n|\n|t:|1700522547\n|move|p2a: Mr.NoThots|Scald|p1a: NEVERBACKDOWNNEVER\n|-supereffective|p1a: NEVERBACKDOWNNEVER\n|-damage|p1a: NEVERBACKDOWNNEVER|0 fnt\n|faint|p1a: NEVERBACKDOWNNEVER\n|\n|upkeep\n|inactive|ArbysDealer23 has 240 seconds left.\n|\n|t:|1700522567\n|switch|p1a: GaGa OohLaLa|Tsareena, F, shiny|100\/100\n|turn|13\n|inactive|ArbysDealer23 has 240 seconds left.\n|\n|t:|1700522584\n|move|p2a: Mr.NoThots|Chilly Reception|p2a: Mr.NoThots\n|-weather|Snow\n|\n|t:|1700522585\n|switch|p2a: Qwilfish|Qwilfish-Hisui, M|70\/100|[from] Chilly Reception\n|-damage|p2a: Qwilfish|58\/100|[from] Stealth Rock\n|-ability|p2a: Qwilfish|Intimidate|boost\n|-unboost|p1a: GaGa OohLaLa|atk|1\n|move|p1a: GaGa OohLaLa|Knock Off|p2a: Qwilfish\n|-resisted|p2a: Qwilfish\n|-damage|p2a: Qwilfish|51\/100\n|-enditem|p2a: Qwilfish|Eviolite|[from] move: Knock Off|[of] p1a: GaGa OohLaLa\n|\n|-weather|Snow|[upkeep]\n|upkeep\n|turn|14\n|inactive|ArbysDealer23 has 240 seconds left.\n|\n|t:|1700522607\n|move|p1a: GaGa OohLaLa|Play Rough|p2a: Qwilfish\n|-damage|p2a: Qwilfish|31\/100\n|move|p2a: Qwilfish|Toxic|p1a: GaGa OohLaLa\n|-status|p1a: GaGa OohLaLa|tox\n|\n|-weather|Snow|[upkeep]\n|-damage|p1a: GaGa OohLaLa|94\/100 tox|[from] psn\n|upkeep\n|turn|15\n|inactive|ArbysDealer23 has 240 seconds left.\n|\n|t:|1700522626\n|move|p1a: GaGa OohLaLa|Play Rough|p2a: Qwilfish|[miss]\n|-miss|p1a: GaGa OohLaLa|p2a: Qwilfish\n|move|p2a: Qwilfish|Chilling Water|p1a: GaGa OohLaLa\n|-resisted|p1a: GaGa OohLaLa\n|-damage|p1a: GaGa OohLaLa|91\/100 tox\n|-unboost|p1a: GaGa OohLaLa|atk|1\n|\n|-weather|Snow|[upkeep]\n|-damage|p1a: GaGa OohLaLa|79\/100 tox|[from] psn\n|-fieldend|move: Trick Room\n|upkeep\n|turn|16\n|\n|t:|1700522653\n|switch|p1a: Jack Twinkatussy|Tinkaton, F|100\/100\n|-ability|p1a: Jack Twinkatussy|Mold Breaker\n|move|p2a: Qwilfish|Spikes|p1a: Jack Twinkatussy\n|-sidestart|p1: ArbysDealer23|Spikes\n|\n|-weather|Snow|[upkeep]\n|upkeep\n|turn|17\n|inactive|ArbysDealer23 has 210 seconds left.\n|\n|t:|1700522669\n|move|p1a: Jack Twinkatussy|Stone Edge|p2a: Qwilfish\n|-damage|p2a: Qwilfish|5\/100\n|move|p2a: Qwilfish|Chilling Water|p1a: Jack Twinkatussy\n|-damage|p1a: Jack Twinkatussy|92\/100\n|-unboost|p1a: Jack Twinkatussy|atk|1\n|\n|-weather|none\n|-heal|p1a: Jack Twinkatussy|98\/100|[from] item: Leftovers\n|upkeep\n|turn|18\n|inactive|ArbysDealer23 has 210 seconds left.\n|inactive|CrushMeGoodra has 150 seconds left.\n|\n|t:|1700522698\n|switch|p2a: Mr.NoThots|Slowking, M, shiny|85\/100\n|move|p1a: Jack Twinkatussy|Knock Off|p2a: Mr.NoThots\n|-supereffective|p2a: Mr.NoThots\n|-damage|p2a: Mr.NoThots|59\/100\n|-enditem|p2a: Mr.NoThots|Heavy-Duty Boots|[from] move: Knock Off|[of] p1a: Jack Twinkatussy\n|\n|-heal|p1a: Jack Twinkatussy|100\/100|[from] item: Leftovers\n|upkeep\n|turn|19\n|inactive|CrushMeGoodra has 150 seconds left.\n|inactive|ArbysDealer23 has 210 seconds left.\n|\n|t:|1700522732\n|move|p1a: Jack Twinkatussy|Stone Edge|p2a: Mr.NoThots\n|-damage|p2a: Mr.NoThots|45\/100\n|move|p2a: Mr.NoThots|Chilly Reception|p2a: Mr.NoThots\n|-weather|Snow\n|\n|t:|1700522737\n|switch|p2a: Ogerpon|Ogerpon-Hearthflame, F|100\/100|[from] Chilly Reception\n|-damage|p2a: Ogerpon|76\/100|[from] Stealth Rock\n|-ability|p2a: Ogerpon|Mold Breaker\n|\n|-weather|Snow|[upkeep]\n|upkeep\n|turn|20\n|\n|t:|1700522754\n|-terastallize|p1a: Jack Twinkatussy|Water\n|move|p2a: Ogerpon|Ivy Cudgel|p1a: Jack Twinkatussy|[anim] Ivy Cudgel Fire\n|-resisted|p1a: Jack Twinkatussy\n|-crit|p1a: Jack Twinkatussy\n|-damage|p1a: Jack Twinkatussy|44\/100\n|move|p1a: Jack Twinkatussy|Knock Off|p2a: Ogerpon\n|-damage|p2a: Ogerpon|61\/100\n|\n|-weather|Snow|[upkeep]\n|-heal|p1a: Jack Twinkatussy|50\/100|[from] item: Leftovers\n|upkeep\n|turn|21\n|inactive|ArbysDealer23 has 210 seconds left.\n|\n|t:|1700522778\n|switch|p1a: GETONTOPOFMENOW|Sneasler, M|100\/100\n|-damage|p1a: GETONTOPOFMENOW|88\/100|[from] Spikes\n|move|p2a: Ogerpon|Horn Leech|p1a: GETONTOPOFMENOW\n|-resisted|p1a: GETONTOPOFMENOW\n|-damage|p1a: GETONTOPOFMENOW|50\/100\n|-heal|p2a: Ogerpon|80\/100|[from] drain|[of] p1a: GETONTOPOFMENOW\n|\n|-weather|Snow|[upkeep]\n|upkeep\n|turn|22\n|inactive|ArbysDealer23 has 210 seconds left.\n|\n|t:|1700522788\n|switch|p2a: Qwilfish|Qwilfish-Hisui, M|5\/100\n|-damage|p2a: Qwilfish|0 fnt|[from] Stealth Rock\n|faint|p2a: Qwilfish\n|move|p1a: GETONTOPOFMENOW|Dire Claw|p2: Qwilfish|[notarget]\n|-fail|p1a: GETONTOPOFMENOW\n|\n|-weather|Snow|[upkeep]\n|upkeep\n|\n|t:|1700522808\n|switch|p2a: Cetitan|Cetitan, M, shiny|100\/100\n|-damage|p2a: Cetitan|76\/100|[from] Stealth Rock\n|turn|23\n|inactive|ArbysDealer23 has 210 seconds left.\n|inactive|CrushMeGoodra has 120 seconds left.\n|\n|t:|1700522824\n|switch|p1a: GaGa OohLaLa|Tsareena, F, shiny|79\/100 tox\n|move|p2a: Cetitan|Earthquake|p1a: GaGa OohLaLa\n|-resisted|p1a: GaGa OohLaLa\n|-damage|p1a: GaGa OohLaLa|62\/100 tox\n|\n|-weather|none\n|-heal|p2a: Cetitan|82\/100|[from] item: Leftovers\n|-damage|p1a: GaGa OohLaLa|56\/100 tox|[from] psn\n|upkeep\n|turn|24\n|inactive|ArbysDealer23 has 210 seconds left.\n|inactive|CrushMeGoodra has 120 seconds left.\n|\n|t:|1700522865\n|move|p2a: Cetitan|Icicle Crash|p1a: GaGa OohLaLa\n|-supereffective|p1a: GaGa OohLaLa\n|-damage|p1a: GaGa OohLaLa|0 fnt\n|faint|p1a: GaGa OohLaLa\n|\n|-heal|p2a: Cetitan|88\/100|[from] item: Leftovers\n|upkeep\n|\n|t:|1700522879\n|switch|p1a: Jack Twinkatussy|Tinkaton, F, tera:Water|50\/100\n|-damage|p1a: Jack Twinkatussy|37\/100|[from] Spikes\n|-ability|p1a: Jack Twinkatussy|Mold Breaker\n|turn|25\n|inactive|CrushMeGoodra has 90 seconds left.\n|l|\u2606CrushMeGoodra\n|inactive|CrushMeGoodra disconnected and has 300 seconds to reconnect!\n|player|p2|\n|inactive|CrushMeGoodra has 270 seconds to reconnect!\n|j|\u2606CrushMeGoodra\n|inactive|CrushMeGoodra reconnected and has 70 seconds left.\n|player|p2|CrushMeGoodra|cynthia\n|inactive|CrushMeGoodra also wants the timer to be on.\n|inactive|CrushMeGoodra has 60 seconds left.\n|\n|t:|1700522999\n|switch|p2a: Ursaluna|Ursaluna, F|100\/100\n|-damage|p2a: Ursaluna|94\/100|[from] Stealth Rock\n|move|p1a: Jack Twinkatussy|Stone Edge|p2a: Ursaluna\n|-resisted|p2a: Ursaluna\n|-crit|p2a: Ursaluna\n|-damage|p2a: Ursaluna|81\/100\n|\n|-heal|p1a: Jack Twinkatussy|44\/100|[from] item: Leftovers\n|-status|p2a: Ursaluna|brn|[from] item: Flame Orb\n|upkeep\n|turn|26\n|\n|t:|1700523013\n|move|p1a: Jack Twinkatussy|Gigaton Hammer|p2a: Ursaluna\n|-damage|p2a: Ursaluna|39\/100 brn\n|move|p2a: Ursaluna|Facade|p1a: Jack Twinkatussy\n|-damage|p1a: Jack Twinkatussy|0 fnt\n|faint|p1a: Jack Twinkatussy\n|\n|-damage|p2a: Ursaluna|32\/100 brn|[from] brn\n|upkeep\n|\n|t:|1700523021\n|switch|p1a: Ol' Blacky|Greninja, M, shiny|100\/100\n|-damage|p1a: Ol' Blacky|88\/100|[from] Spikes\n|turn|27\n|inactive|CrushMeGoodra has 60 seconds left.\n|\n|t:|1700523035\n|move|p1a: Ol' Blacky|Dark Pulse|p2a: Ursaluna\n|-damage|p2a: Ursaluna|0 fnt\n|faint|p2a: Ursaluna\n|\n|upkeep\n|inactive|CrushMeGoodra has 60 seconds left.\n|\n|t:|1700523042\n|switch|p2a: Clefable|Clefable, M|97\/100\n|-damage|p2a: Clefable|85\/100|[from] Stealth Rock\n|turn|28\n|\n|t:|1700523051\n|switch|p1a: The Observatory|Cresselia, F|100\/100\n|move|p2a: Clefable|Moonblast|p1a: The Observatory\n|-damage|p1a: The Observatory|80\/100\n|\n|-heal|p1a: The Observatory|86\/100|[from] item: Leftovers\n|-heal|p2a: Clefable|91\/100|[from] item: Leftovers\n|upkeep\n|turn|29\n|\n|t:|1700523061\n|move|p1a: The Observatory|Calm Mind|p1a: The Observatory\n|-boost|p1a: The Observatory|spa|1\n|-boost|p1a: The Observatory|spd|1\n|move|p2a: Clefable|Calm Mind|p2a: Clefable\n|-boost|p2a: Clefable|spa|1\n|-boost|p2a: Clefable|spd|1\n|\n|-heal|p1a: The Observatory|92\/100|[from] item: Leftovers\n|-heal|p2a: Clefable|97\/100|[from] item: Leftovers\n|upkeep\n|turn|30\n|inactive|ArbysDealer23 has 210 seconds left.\n|\n|t:|1700523069\n|move|p1a: The Observatory|Calm Mind|p1a: The Observatory\n|-boost|p1a: The Observatory|spa|1\n|-boost|p1a: The Observatory|spd|1\n|move|p2a: Clefable|Calm Mind|p2a: Clefable\n|-boost|p2a: Clefable|spa|1\n|-boost|p2a: Clefable|spd|1\n|\n|-heal|p1a: The Observatory|98\/100|[from] item: Leftovers\n|-heal|p2a: Clefable|100\/100|[from] item: Leftovers\n|upkeep\n|turn|31\n|inactive|ArbysDealer23 has 210 seconds left.\n|inactive|CrushMeGoodra has 90 seconds left.\n|\n|t:|1700523096\n|move|p1a: The Observatory|Stored Power|p2a: Clefable\n|-damage|p2a: Clefable|84\/100\n|move|p2a: Clefable|Calm Mind|p2a: Clefable\n|-boost|p2a: Clefable|spa|1\n|-boost|p2a: Clefable|spd|1\n|\n|-heal|p1a: The Observatory|100\/100|[from] item: Leftovers\n|-heal|p2a: Clefable|90\/100|[from] item: Leftovers\n|upkeep\n|turn|32\n|inactive|ArbysDealer23 has 210 seconds left.\n|\n|t:|1700523106\n|switch|p1a: GETONTOPOFMENOW|Sneasler, M|50\/100\n|-damage|p1a: GETONTOPOFMENOW|38\/100|[from] Spikes\n|move|p2a: Clefable|Wish|p2a: Clefable\n|\n|-heal|p2a: Clefable|96\/100|[from] item: Leftovers\n|upkeep\n|turn|33\n|\n|t:|1700523119\n|-terastallize|p2a: Clefable|Ghost\n|move|p1a: GETONTOPOFMENOW|Dire Claw|p2a: Clefable\n|-resisted|p2a: Clefable\n|-damage|p2a: Clefable|72\/100\n|-status|p2a: Clefable|psn\n|move|p2a: Clefable|Moonblast|p1a: GETONTOPOFMENOW\n|-damage|p1a: GETONTOPOFMENOW|0 fnt\n|faint|p1a: GETONTOPOFMENOW\n|\n|-heal|p2a: Clefable|100\/100 psn|[from] move: Wish|[wisher] Clefable\n|-damage|p2a: Clefable|88\/100 psn|[from] psn\n|upkeep\n|inactive|ArbysDealer23 has 210 seconds left.\n|\n|t:|1700523133\n|switch|p1a: Ol' Blacky|Greninja, M, shiny|88\/100\n|-damage|p1a: Ol' Blacky|76\/100|[from] Spikes\n|turn|34\n|inactive|CrushMeGoodra has 90 seconds left.\n|\n|t:|1700523140\n|move|p1a: Ol' Blacky|Dark Pulse|p2a: Clefable\n|-supereffective|p2a: Clefable\n|-damage|p2a: Clefable|48\/100 psn\n|move|p2a: Clefable|Moonblast|p1a: Ol' Blacky\n|-supereffective|p1a: Ol' Blacky\n|-damage|p1a: Ol' Blacky|0 fnt\n|faint|p1a: Ol' Blacky\n|\n|-heal|p2a: Clefable|54\/100 psn|[from] item: Leftovers\n|-damage|p2a: Clefable|41\/100 psn|[from] psn\n|upkeep\n|\n|t:|1700523150\n|switch|p1a: The Observatory|Cresselia, F|100\/100\n|turn|35\n|\n|t:|1700523153\n|move|p1a: The Observatory|Calm Mind|p1a: The Observatory\n|-boost|p1a: The Observatory|spa|1\n|-boost|p1a: The Observatory|spd|1\n|move|p2a: Clefable|Wish|p2a: Clefable\n|\n|-heal|p2a: Clefable|48\/100 psn|[from] item: Leftovers\n|-damage|p2a: Clefable|35\/100 psn|[from] psn\n|upkeep\n|turn|36\n|\n|t:|1700523162\n|move|p1a: The Observatory|Calm Mind|p1a: The Observatory\n|-boost|p1a: The Observatory|spa|1\n|-boost|p1a: The Observatory|spd|1\n|move|p2a: Clefable|Moonblast|p1a: The Observatory\n|-damage|p1a: The Observatory|50\/100\n|\n|-heal|p2a: Clefable|85\/100 psn|[from] move: Wish|[wisher] Clefable\n|-heal|p1a: The Observatory|57\/100|[from] item: Leftovers\n|-heal|p2a: Clefable|91\/100 psn|[from] item: Leftovers\n|-damage|p2a: Clefable|79\/100 psn|[from] psn\n|upkeep\n|turn|37\n|\n|t:|1700523180\n|move|p1a: The Observatory|Moonblast|p2a: Clefable\n|-damage|p2a: Clefable|70\/100 psn\n|move|p2a: Clefable|Wish|p2a: Clefable\n|\n|-heal|p1a: The Observatory|63\/100|[from] item: Leftovers\n|-heal|p2a: Clefable|76\/100 psn|[from] item: Leftovers\n|-damage|p2a: Clefable|64\/100 psn|[from] psn\n|upkeep\n|turn|38\n|\n|t:|1700523188\n|move|p1a: The Observatory|Calm Mind|p1a: The Observatory\n|-boost|p1a: The Observatory|spa|1\n|-boost|p1a: The Observatory|spd|1\n|move|p2a: Clefable|Calm Mind|p2a: Clefable\n|-boost|p2a: Clefable|spa|1\n|-boost|p2a: Clefable|spd|1\n|\n|-heal|p2a: Clefable|100\/100 psn|[from] move: Wish|[wisher] Clefable\n|-heal|p1a: The Observatory|69\/100|[from] item: Leftovers\n|-damage|p2a: Clefable|88\/100 psn|[from] psn\n|upkeep\n|turn|39\n|\n|t:|1700523197\n|move|p1a: The Observatory|Calm Mind|p1a: The Observatory\n|-boost|p1a: The Observatory|spa|1\n|-boost|p1a: The Observatory|spd|1\n|move|p2a: Clefable|Calm Mind|p2a: Clefable\n|-boost|p2a: Clefable|spa|1\n|-boost|p2a: Clefable|spd|1\n|\n|-heal|p1a: The Observatory|75\/100|[from] item: Leftovers\n|-heal|p2a: Clefable|94\/100 psn|[from] item: Leftovers\n|-damage|p2a: Clefable|82\/100 psn|[from] psn\n|upkeep\n|turn|40\n|inactive|ArbysDealer23 has 240 seconds left.\n|\n|t:|1700523220\n|move|p1a: The Observatory|Stored Power|p2a: Clefable\n|-damage|p2a: Clefable|63\/100 psn\n|move|p2a: Clefable|Moonblast|p1a: The Observatory\n|-damage|p1a: The Observatory|0 fnt\n|faint|p1a: The Observatory\n|\n|win|CrushMeGoodra\n|c|\u2606CrushMeGoodra|Gg\n|l|\u2606ArbysDealer23\n","uploadtime":1700523231,"views":12,"p1id":"arbysdealer23","p2id":"crushmegoodra","formatid":"gen9ubers","rating":0,"private":0,"password":""}