{"id":"gen9ubers-1977305743","p1":"Sourbum","p2":"Wuytsfxuystsyi","format":"[Gen 9] Ubers","log":"|j|\u2606Sourbum\n|j|\u2606Wuytsfxuystsyi\n|t:|1698402533\n|gametype|singles\n|player|p1|Sourbum|266|1058\n|player|p2|Wuytsfxuystsyi|169|1040\n|teamsize|p1|6\n|teamsize|p2|6\n|gen|9\n|tier|[Gen 9] Ubers\n|rated|\n|rule|Sleep Clause Mod: Limit one foe put to sleep\n|rule|Species Clause: Limit one of each Pok\u00e9mon\n|rule|OHKO Clause: OHKO moves are banned\n|rule|Evasion Items Clause: Evasion items are banned\n|rule|Evasion Moves Clause: Evasion moves are banned\n|rule|Endless Battle Clause: Forcing endless battles is banned\n|rule|HP Percentage Mod: HP is shown in percentages\n|clearpoke\n|poke|p1|Okidogi, M|\n|poke|p1|Magearna|\n|poke|p1|Spectrier|\n|poke|p1|Volcarona, M|\n|poke|p1|Milotic, M|\n|poke|p1|Meowscarada, F|\n|poke|p2|Meowscarada, F|\n|poke|p2|Arboliva, M|\n|poke|p2|Glimmora, M|\n|poke|p2|Gholdengo|\n|poke|p2|Kingambit, F|\n|poke|p2|Iron Bundle|\n|teampreview\n|\n|t:|1698402546\n|start\n|switch|p1a: Meowscarada|Meowscarada, F, shiny|100\/100\n|switch|p2a: Arboliva|Arboliva, M|100\/100\n|turn|1\n|\n|t:|1698402553\n|move|p1a: Meowscarada|Trick|p2a: Arboliva\n|-start|p1a: Meowscarada|typechange|Psychic|[from] ability: Protean\n|-activate|p1a: Meowscarada|move: Trick|[of] p2a: Arboliva\n|-item|p2a: Arboliva|Choice Scarf|[from] move: Trick\n|-item|p1a: Meowscarada|Leftovers|[from] move: Trick\n|move|p2a: Arboliva|Dazzling Gleam|p1a: Meowscarada\n|-damage|p1a: Meowscarada|70\/100\n|\n|-heal|p1a: Meowscarada|76\/100|[from] item: Leftovers\n|upkeep\n|turn|2\n|\n|t:|1698402565\n|move|p1a: Meowscarada|U-turn|p2a: Arboliva\n|-supereffective|p2a: Arboliva\n|-damage|p2a: Arboliva|68\/100\n|-fieldstart|move: Grassy Terrain|[from] ability: Seed Sower|[of] p2a: Arboliva\n|\n|t:|1698402581\n|switch|p1a: Volcarona|Volcarona, M, shiny|100\/100|[from] U-turn\n|move|p2a: Arboliva|Dazzling Gleam|p1a: Volcarona\n|-resisted|p1a: Volcarona\n|-damage|p1a: Volcarona|89\/100\n|\n|-heal|p1a: Volcarona|95\/100|[from] Grassy Terrain\n|-heal|p2a: Arboliva|74\/100|[from] Grassy Terrain\n|upkeep\n|turn|3\n|\n|t:|1698402591\n|switch|p2a: Iron Bundle|Iron Bundle|100\/100\n|move|p1a: Volcarona|Quiver Dance|p1a: Volcarona\n|-boost|p1a: Volcarona|spa|1\n|-boost|p1a: Volcarona|spd|1\n|-boost|p1a: Volcarona|spe|1\n|\n|-heal|p1a: Volcarona|100\/100|[from] Grassy Terrain\n|upkeep\n|turn|4\n|\n|t:|1698402604\n|move|p1a: Volcarona|Quiver Dance|p1a: Volcarona\n|-boost|p1a: Volcarona|spa|1\n|-boost|p1a: Volcarona|spd|1\n|-boost|p1a: Volcarona|spe|1\n|move|p2a: Iron Bundle|U-turn|p1a: Volcarona\n|-resisted|p1a: Volcarona\n|-damage|p1a: Volcarona|93\/100\n|-status|p2a: Iron Bundle|brn|[from] ability: Flame Body|[of] p1a: Volcarona\n|\n|t:|1698402615\n|-end|p2a: Iron Bundle|Quark Drive|[silent]\n|switch|p2a: Glimmora|Glimmora, M|100\/100|[from] U-turn\n|\n|-heal|p1a: Volcarona|99\/100|[from] Grassy Terrain\n|upkeep\n|turn|5\n|\n|t:|1698402624\n|-terastallize|p1a: Volcarona|Water\n|move|p1a: Volcarona|Giga Drain|p2a: Glimmora\n|-damage|p2a: Glimmora|45\/100\n|-heal|p1a: Volcarona|100\/100|[from] drain|[of] p2a: Glimmora\n|move|p2a: Glimmora|Earth Power|p1a: Volcarona\n|-damage|p1a: Volcarona|88\/100\n|\n|-heal|p1a: Volcarona|94\/100|[from] Grassy Terrain\n|-heal|p2a: Glimmora|52\/100|[from] Grassy Terrain\n|-heal|p2a: Glimmora|58\/100|[from] item: Leftovers\n|upkeep\n|turn|6\n|\n|t:|1698402636\n|switch|p2a: Arboliva|Arboliva, M|74\/100\n|move|p1a: Volcarona|Giga Drain|p2a: Arboliva\n|-resisted|p2a: Arboliva\n|-damage|p2a: Arboliva|44\/100\n|-heal|p1a: Volcarona|100\/100|[from] drain|[of] p2a: Arboliva\n|\n|-heal|p2a: Arboliva|50\/100|[from] Grassy Terrain\n|-fieldend|move: Grassy Terrain\n|upkeep\n|turn|7\n|\n|t:|1698402646\n|move|p1a: Volcarona|Flamethrower|p2a: Arboliva\n|-supereffective|p2a: Arboliva\n|-damage|p2a: Arboliva|0 fnt\n|-fieldstart|move: Grassy Terrain|[from] ability: Seed Sower|[of] p2a: Arboliva\n|faint|p2a: Arboliva\n|\n|upkeep\n|\n|t:|1698402653\n|switch|p2a: Meowscarada|Meowscarada, F|100\/100\n|turn|8\n|\n|t:|1698402658\n|-terastallize|p2a: Meowscarada|Grass\n|move|p1a: Volcarona|Flamethrower|p2a: Meowscarada\n|-supereffective|p2a: Meowscarada\n|-damage|p2a: Meowscarada|0 fnt\n|faint|p2a: Meowscarada\n|\n|upkeep\n|\n|t:|1698402665\n|switch|p2a: Glimmora|Glimmora, M|58\/100\n|turn|9\n|\n|t:|1698402678\n|move|p1a: Volcarona|Giga Drain|p2a: Glimmora\n|-damage|p2a: Glimmora|0 fnt\n|faint|p2a: Glimmora\n|\n|upkeep\n|\n|t:|1698402686\n|switch|p2a: Iron Bundle|Iron Bundle|100\/100 brn\n|turn|10\n|\n|t:|1698402697\n|move|p1a: Volcarona|Giga Drain|p2a: Iron Bundle\n|-supereffective|p2a: Iron Bundle\n|-damage|p2a: Iron Bundle|0 fnt\n|faint|p2a: Iron Bundle\n|-end|p2a: Iron Bundle|Quark Drive|[silent]\n|\n|upkeep\n|\n|t:|1698402701\n|switch|p2a: Gholdengo|Gholdengo|100\/100\n|turn|11\n|\n|t:|1698402707\n|move|p1a: Volcarona|Quiver Dance|p1a: Volcarona\n|-boost|p1a: Volcarona|spa|1\n|-boost|p1a: Volcarona|spd|1\n|-boost|p1a: Volcarona|spe|1\n|move|p2a: Gholdengo|Night Shade|p1a: Volcarona\n|-damage|p1a: Volcarona|70\/100\n|\n|-heal|p1a: Volcarona|76\/100|[from] Grassy Terrain\n|-fieldend|move: Grassy Terrain\n|upkeep\n|turn|12\n|\n|t:|1698402718\n|move|p1a: Volcarona|Flamethrower|p2a: Gholdengo\n|-supereffective|p2a: Gholdengo\n|-damage|p2a: Gholdengo|0 fnt\n|faint|p2a: Gholdengo\n|\n|upkeep\n|\n|t:|1698402722\n|switch|p2a: Kingambit|Kingambit, F|100\/100\n|-activate|p2a: Kingambit|ability: Supreme Overlord\n|-start|p2a: Kingambit|fallen5|[silent]\n|turn|13\n|\n|t:|1698402733\n|move|p2a: Kingambit|Sucker Punch|p1a: Volcarona\n|-damage|p1a: Volcarona|31\/100\n|move|p1a: Volcarona|Flamethrower|p2a: Kingambit\n|-supereffective|p2a: Kingambit\n|-damage|p2a: Kingambit|0 fnt\n|faint|p2a: Kingambit\n|-end|p2a: Kingambit|fallen5|[silent]\n|\n|win|Sourbum\n|raw|Sourbum's rating: 1058 &rarr; <strong>1088<\/strong><br \/>(+30 for winning)\n|raw|Wuytsfxuystsyi's rating: 1040 &rarr; <strong>1025<\/strong><br \/>(-15 for losing)\n|l|\u2606Wuytsfxuystsyi\n","uploadtime":1698402744,"views":12,"p1id":"sourbum","p2id":"wuytsfxuystsyi","formatid":"gen9ubers","rating":1025,"private":0,"password":""}