{"id":"gen9ubers-1974291766","p1":"Laprasrules12","p2":"qewt","format":"[Gen 9] Ubers","log":"|j|\u2606Laprasrules12\n|j|\u2606qewt\n|t:|1698075316\n|gametype|singles\n|player|p1|Laprasrules12|lusamine-nihilego|\n|player|p2|qewt|furisodegirl-black|\n|teamsize|p1|6\n|teamsize|p2|6\n|gen|9\n|tier|[Gen 9] Ubers\n|rule|Sleep Clause Mod: Limit one foe put to sleep\n|rule|Species Clause: Limit one of each Pok\u00e9mon\n|rule|OHKO Clause: OHKO moves are banned\n|rule|Evasion Items Clause: Evasion items are banned\n|rule|Evasion Moves Clause: Evasion moves are banned\n|rule|Endless Battle Clause: Forcing endless battles is banned\n|rule|HP Percentage Mod: HP is shown in percentages\n|clearpoke\n|poke|p1|Arceus-Fighting|\n|poke|p1|Espathra, F|\n|poke|p1|Zacian-*|\n|poke|p1|Palkia-Origin|\n|poke|p1|Cyclizar, F|\n|poke|p1|Magearna-Original|\n|poke|p2|Zacian-*|\n|poke|p2|Arceus-Poison|\n|poke|p2|Dialga|\n|poke|p2|Palkia-Origin|\n|poke|p2|Gliscor, M|\n|poke|p2|Cyclizar, M|\n|teampreview\n|inactive|Battle timer is ON: inactive players will automatically lose when time's up. (requested by Laprasrules12)\n|\n|t:|1698075325\n|start\n|switch|p1a: Say Gex|Cyclizar, F, shiny|100\/100\n|switch|p2a: Cyclizar|Cyclizar, M|100\/100\n|turn|1\n|\n|t:|1698075330\n|move|p1a: Say Gex|Shed Tail|p1a: Say Gex\n|-start|p1a: Say Gex|Substitute|[from] move: Shed Tail\n|-damage|p1a: Say Gex|50\/100\n|\n|t:|1698075333\n|switch|p1a: Cleopatra|Espathra, F, shiny|100\/100|[from] Shed Tail\n|move|p2a: Cyclizar|Shed Tail|p2a: Cyclizar\n|-start|p2a: Cyclizar|Substitute|[from] move: Shed Tail\n|-damage|p2a: Cyclizar|50\/100\n|\n|t:|1698075357\n|switch|p2a: Palkia|Palkia-Origin|100\/100|[from] Shed Tail\n|-ability|p2a: Palkia|Pressure\n|\n|upkeep\n|turn|2\n|\n|t:|1698075367\n|move|p1a: Cleopatra|Protect|p1a: Cleopatra\n|-singleturn|p1a: Cleopatra|Protect\n|move|p2a: Palkia|Hydro Pump|p1a: Cleopatra\n|-activate|p1a: Cleopatra|move: Protect\n|\n|-ability|p1a: Cleopatra|Speed Boost|boost\n|-boost|p1a: Cleopatra|spe|1\n|upkeep\n|turn|3\n|c|\u2606qewt|oops i missclicked\n|\n|t:|1698075370\n|move|p1a: Cleopatra|Calm Mind|p1a: Cleopatra\n|-boost|p1a: Cleopatra|spa|1\n|-boost|p1a: Cleopatra|spd|1\n|move|p2a: Palkia|Hydro Pump|p1a: Cleopatra\n|-end|p1a: Cleopatra|Substitute\n|\n|-ability|p1a: Cleopatra|Speed Boost|boost\n|-boost|p1a: Cleopatra|spe|1\n|upkeep\n|turn|4\n|c|\u2606Laprasrules12|Rip\n|\n|t:|1698075376\n|move|p1a: Cleopatra|Protect|p1a: Cleopatra\n|-singleturn|p1a: Cleopatra|Protect\n|move|p2a: Palkia|Hydro Pump|p1a: Cleopatra\n|-activate|p1a: Cleopatra|move: Protect\n|\n|-ability|p1a: Cleopatra|Speed Boost|boost\n|-boost|p1a: Cleopatra|spe|1\n|upkeep\n|turn|5\n|\n|t:|1698075379\n|move|p1a: Cleopatra|Calm Mind|p1a: Cleopatra\n|-boost|p1a: Cleopatra|spa|1\n|-boost|p1a: Cleopatra|spd|1\n|move|p2a: Palkia|Draco Meteor|p1a: Cleopatra\n|-damage|p1a: Cleopatra|41\/100\n|-unboost|p2a: Palkia|spa|2\n|\n|-heal|p1a: Cleopatra|47\/100|[from] item: Leftovers\n|-ability|p1a: Cleopatra|Speed Boost|boost\n|-boost|p1a: Cleopatra|spe|1\n|upkeep\n|turn|6\n|\n|t:|1698075385\n|switch|p2a: Dialga|Dialga|100\/100\n|-ability|p2a: Dialga|Pressure\n|move|p1a: Cleopatra|Protect||[still]\n|-fail|p1a: Cleopatra\n|\n|-heal|p1a: Cleopatra|53\/100|[from] item: Leftovers\n|-ability|p1a: Cleopatra|Speed Boost|boost\n|-boost|p1a: Cleopatra|spe|1\n|upkeep\n|turn|7\n|\n|t:|1698075388\n|-terastallize|p1a: Cleopatra|Fighting\n|move|p1a: Cleopatra|Tera Blast|p2a: Dialga|[anim] Tera Blast Fighting\n|-supereffective|p2a: Dialga\n|-damage|p2a: Dialga|0 fnt\n|faint|p2a: Dialga\n|\n|-heal|p1a: Cleopatra|59\/100|[from] item: Leftovers\n|-ability|p1a: Cleopatra|Speed Boost|boost\n|-boost|p1a: Cleopatra|spe|1\n|upkeep\n|c|\u2606qewt|gg\n|c|\u2606Laprasrules12|GG\n|inactive|qewt has 270 seconds left.\n|c|\u2606qewt|lemme redo my team\n|-message|qewt forfeited.\n|\n|win|Laprasrules12\n|l|\u2606qewt\n|c|\u2606Laprasrules12|Rip\n","uploadtime":1698075429,"views":19,"p1id":"laprasrules12","p2id":"qewt","formatid":"gen9ubers","rating":0,"private":0,"password":""}