{"id":"gen9ubers-1984615452","p1":"perol","p2":"Roman3404","format":"[Gen 9] Ubers","log":"|j|\u2606perol\n|j|\u2606Roman3404\n|t:|1699284846\n|gametype|singles\n|player|p1|perol|riley|\n|player|p2|Roman3404|benga|\n|teamsize|p1|6\n|teamsize|p2|6\n|gen|9\n|tier|[Gen 9] Ubers\n|rule|Sleep Clause Mod: Limit one foe put to sleep\n|rule|Species Clause: Limit one of each Pok\u00e9mon\n|rule|OHKO Clause: OHKO moves are banned\n|rule|Evasion Items Clause: Evasion items are banned\n|rule|Evasion Moves Clause: Evasion moves are banned\n|rule|Endless Battle Clause: Forcing endless battles is banned\n|rule|HP Percentage Mod: HP is shown in percentages\n|clearpoke\n|poke|p1|Spectrier|\n|poke|p1|Azumarill, M|\n|poke|p1|Snorlax, F|\n|poke|p1|Glimmet, F|\n|poke|p1|Trevenant, M|\n|poke|p1|Manaphy|\n|poke|p2|Great Tusk|\n|poke|p2|Iron Hands|\n|poke|p2|Haxorus, F|\n|poke|p2|Gardevoir, F|\n|poke|p2|Maushold|\n|poke|p2|Infernape, M|\n|teampreview\n|\n|t:|1699284873\n|start\n|switch|p1a: Glimmet|Glimmet, F|100\/100\n|switch|p2a: Infernape|Infernape, M|100\/100\n|turn|1\n|\n|t:|1699284883\n|move|p2a: Infernape|Stealth Rock|p1a: Glimmet\n|-sidestart|p1: perol|move: Stealth Rock\n|move|p1a: Glimmet|Stealth Rock|p2a: Infernape\n|-sidestart|p2: Roman3404|move: Stealth Rock\n|\n|upkeep\n|turn|2\n|\n|t:|1699284894\n|switch|p2a: Gardevoir|Gardevoir, F|100\/100\n|-damage|p2a: Gardevoir|88\/100|[from] Stealth Rock\n|-ability|p2a: Gardevoir|Toxic Debris|[from] ability: Trace|[of] p1a: Glimmet\n|move|p1a: Glimmet|Mud Shot|p2a: Gardevoir\n|-damage|p2a: Gardevoir|68\/100\n|-unboost|p2a: Gardevoir|spe|1\n|\n|upkeep\n|turn|3\n|\n|t:|1699284908\n|move|p2a: Gardevoir|Psychic|p1a: Glimmet\n|-supereffective|p1a: Glimmet\n|-enditem|p1a: Glimmet|Focus Sash\n|-damage|p1a: Glimmet|1\/100\n|move|p1a: Glimmet|Sludge Wave|p2a: Gardevoir\n|-supereffective|p2a: Gardevoir\n|-damage|p2a: Gardevoir|0 fnt\n|faint|p2a: Gardevoir\n|\n|upkeep\n|\n|t:|1699284918\n|switch|p2a: Infernape|Infernape, M|100\/100\n|turn|4\n|\n|t:|1699284923\n|move|p2a: Infernape|Earthquake|p1a: Glimmet\n|-supereffective|p1a: Glimmet\n|-damage|p1a: Glimmet|0 fnt\n|-activate|p1a: Glimmet|ability: Toxic Debris\n|-sidestart|p2: Roman3404|move: Toxic Spikes\n|faint|p1a: Glimmet\n|\n|upkeep\n|\n|t:|1699284963\n|switch|p1a: Azumarill|Azumarill, M, shiny|100\/100\n|-damage|p1a: Azumarill|88\/100|[from] Stealth Rock\n|turn|5\n|\n|t:|1699284971\n|switch|p2a: Iron Hands|Iron Hands|100\/100\n|-damage|p2a: Iron Hands|94\/100|[from] Stealth Rock\n|-status|p2a: Iron Hands|psn\n|move|p1a: Azumarill|Play Rough|p2a: Iron Hands|[miss]\n|-miss|p1a: Azumarill|p2a: Iron Hands\n|\n|-damage|p2a: Iron Hands|82\/100 psn|[from] psn\n|upkeep\n|turn|6\n|\n|t:|1699284986\n|switch|p1a: Trevenant|Trevenant, M|100\/100\n|-damage|p1a: Trevenant|88\/100|[from] Stealth Rock\n|move|p2a: Iron Hands|Thunder Punch|p1a: Trevenant\n|-resisted|p1a: Trevenant\n|-damage|p1a: Trevenant|72\/100\n|\n|-damage|p2a: Iron Hands|70\/100 psn|[from] psn\n|upkeep\n|turn|7\n|\n|t:|1699284998\n|-end|p2a: Iron Hands|Quark Drive|[silent]\n|switch|p2a: Infernape|Infernape, M|100\/100\n|move|p1a: Trevenant|Leech Seed|p2a: Infernape\n|-start|p2a: Infernape|move: Leech Seed\n|\n|-damage|p2a: Infernape|88\/100|[from] Leech Seed|[of] p1a: Trevenant\n|-heal|p1a: Trevenant|82\/100|[silent]\n|upkeep\n|turn|8\n|\n|t:|1699285016\n|switch|p1a: Snorlax|Snorlax, F, shiny|100\/100\n|-damage|p1a: Snorlax|88\/100|[from] Stealth Rock\n|move|p2a: Infernape|Flare Blitz|p1a: Snorlax\n|-crit|p1a: Snorlax\n|-damage|p1a: Snorlax|61\/100\n|-status|p1a: Snorlax|brn\n|-damage|p2a: Infernape|74\/100|[from] Recoil\n|\n|-damage|p2a: Infernape|61\/100|[from] Leech Seed|[of] p1a: Snorlax\n|-heal|p1a: Snorlax|68\/100 brn|[silent]\n|-damage|p1a: Snorlax|62\/100 brn|[from] brn\n|upkeep\n|turn|9\n|\n|t:|1699285034\n|switch|p2a: Great Tusk|Great Tusk|100\/100\n|switch|p1a: Trevenant|Trevenant, M|82\/100\n|-damage|p1a: Trevenant|69\/100|[from] Stealth Rock\n|\n|upkeep\n|turn|10\n|\n|t:|1699285042\n|-end|p2a: Great Tusk|Protosynthesis|[silent]\n|switch|p2a: Infernape|Infernape, M|61\/100\n|move|p1a: Trevenant|Will-O-Wisp|p2a: Infernape|[miss]\n|-miss|p1a: Trevenant|p2a: Infernape\n|\n|upkeep\n|turn|11\n|\n|t:|1699285049\n|move|p2a: Infernape|Flare Blitz|p1a: Trevenant\n|-supereffective|p1a: Trevenant\n|-damage|p1a: Trevenant|0 fnt\n|faint|p1a: Trevenant\n|-damage|p2a: Infernape|33\/100|[from] Recoil\n|\n|upkeep\n|\n|t:|1699285056\n|switch|p1a: Spectrier|Spectrier|100\/100\n|-damage|p1a: Spectrier|88\/100|[from] Stealth Rock\n|turn|12\n|\n|t:|1699285069\n|move|p1a: Spectrier|Shadow Ball|p2a: Infernape\n|-damage|p2a: Infernape|0 fnt\n|faint|p2a: Infernape\n|-ability|p1a: Spectrier|Grim Neigh|boost\n|-boost|p1a: Spectrier|spa|1\n|\n|-heal|p1a: Spectrier|94\/100|[from] item: Leftovers\n|upkeep\n|\n|t:|1699285092\n|switch|p2a: Haxorus|Haxorus, F|100\/100\n|-damage|p2a: Haxorus|88\/100|[from] Stealth Rock\n|-status|p2a: Haxorus|psn\n|-ability|p2a: Haxorus|Mold Breaker\n|turn|13\n|\n|t:|1699285109\n|move|p1a: Spectrier|Shadow Ball|p2a: Haxorus\n|-damage|p2a: Haxorus|0 fnt\n|faint|p2a: Haxorus\n|-ability|p1a: Spectrier|Grim Neigh|boost\n|-boost|p1a: Spectrier|spa|1\n|\n|-heal|p1a: Spectrier|99\/100|[from] item: Leftovers\n|upkeep\n|\n|t:|1699285118\n|switch|p2a: Iron Hands|Iron Hands|70\/100 psn\n|-damage|p2a: Iron Hands|64\/100 psn|[from] Stealth Rock\n|turn|14\n|inactive|Battle timer is ON: inactive players will automatically lose when time's up. (requested by Roman3404)\n|\n|t:|1699285161\n|-terastallize|p2a: Iron Hands|Fighting\n|move|p1a: Spectrier|Draining Kiss|p2a: Iron Hands\n|-supereffective|p2a: Iron Hands\n|-damage|p2a: Iron Hands|25\/100 psn\n|-heal|p1a: Spectrier|100\/100|[from] drain|[of] p2a: Iron Hands\n|move|p2a: Iron Hands|Thunder Punch|p1a: Spectrier\n|-damage|p1a: Spectrier|40\/100\n|\n|-heal|p1a: Spectrier|47\/100|[from] item: Leftovers\n|-damage|p2a: Iron Hands|12\/100 psn|[from] psn\n|upkeep\n|turn|15\n|\n|t:|1699285176\n|move|p1a: Spectrier|Draining Kiss|p2a: Iron Hands\n|-supereffective|p2a: Iron Hands\n|-damage|p2a: Iron Hands|0 fnt\n|-heal|p1a: Spectrier|60\/100|[from] drain|[of] p2a: Iron Hands\n|faint|p2a: Iron Hands\n|-end|p2a: Iron Hands|Quark Drive|[silent]\n|-ability|p1a: Spectrier|Grim Neigh|boost\n|-boost|p1a: Spectrier|spa|1\n|\n|-heal|p1a: Spectrier|66\/100|[from] item: Leftovers\n|upkeep\n|\n|t:|1699285179\n|switch|p2a: Maushold|Maushold|100\/100\n|turn|16\n|\n|t:|1699285190\n|move|p1a: Spectrier|Draining Kiss|p2a: Maushold\n|-crit|p2a: Maushold\n|-damage|p2a: Maushold|5\/100\n|-heal|p1a: Spectrier|100\/100|[from] drain|[of] p2a: Maushold\n|move|p2a: Maushold|Bite|p1a: Spectrier\n|-supereffective|p1a: Spectrier\n|-damage|p1a: Spectrier|41\/100\n|\n|-heal|p1a: Spectrier|47\/100|[from] item: Leftovers\n|upkeep\n|turn|17\n|\n|t:|1699285200\n|move|p1a: Spectrier|Draining Kiss|p2a: Maushold\n|-damage|p2a: Maushold|0 fnt\n|-heal|p1a: Spectrier|50\/100|[from] drain|[of] p2a: Maushold\n|faint|p2a: Maushold\n|-ability|p1a: Spectrier|Grim Neigh|boost\n|-boost|p1a: Spectrier|spa|1\n|\n|-heal|p1a: Spectrier|56\/100|[from] item: Leftovers\n|upkeep\n|\n|t:|1699285202\n|switch|p2a: Great Tusk|Great Tusk|100\/100\n|turn|18\n|\n|t:|1699285211\n|move|p1a: Spectrier|Shadow Ball|p2a: Great Tusk\n|-damage|p2a: Great Tusk|0 fnt\n|faint|p2a: Great Tusk\n|-end|p2a: Great Tusk|Protosynthesis|[silent]\n|\n|win|perol\n|l|\u2606Roman3404\n","uploadtime":1699285233,"views":17,"p1id":"perol","p2id":"roman3404","formatid":"gen9ubers","rating":0,"private":0,"password":""}