{"id":"gen9ubers-1973813024","p1":"Rei_darkness","p2":"Dragon Master Rosa","format":"[Gen 9] Ubers","log":"|j|\u2606Rei_darkness\n|j|\u2606Dragon Master Rosa\n|t:|1698016232\n|gametype|singles\n|player|p1|Rei_darkness|drayden|\n|player|p2|Dragon Master Rosa|rosa|\n|teamsize|p1|6\n|teamsize|p2|6\n|gen|9\n|tier|[Gen 9] Ubers\n|rule|Sleep Clause Mod: Limit one foe put to sleep\n|rule|Species Clause: Limit one of each Pok\u00e9mon\n|rule|OHKO Clause: OHKO moves are banned\n|rule|Evasion Items Clause: Evasion items are banned\n|rule|Evasion Moves Clause: Evasion moves are banned\n|rule|Endless Battle Clause: Forcing endless battles is banned\n|rule|HP Percentage Mod: HP is shown in percentages\n|clearpoke\n|poke|p1|Slowbro-Galar, F|\n|poke|p1|Espathra, M|\n|poke|p1|Greninja-*, F|\n|poke|p1|Medicham, M|\n|poke|p1|Landorus-Therian, M|\n|poke|p1|Infernape, F|\n|poke|p2|Toxtricity, M|\n|poke|p2|Weezing-Galar, F|\n|poke|p2|Greninja-*, F|\n|poke|p2|Zoroark-Hisui, M|\n|poke|p2|Landorus-Therian, M|\n|poke|p2|Blissey, F|\n|teampreview\n|j| godiamsosorry\n|c| godiamsosorry|Real...\n|l|\u2606Dragon Master Rosa\n|player|p2|\n|j|\u2606Dragon Master Rosa\n|player|p2|Dragon Master Rosa|rosa\n|\n|t:|1698016271\n|start\n|switch|p1a: Greninja|Greninja, F|100\/100\n|switch|p2a: Toxtricity|Toxtricity, M|100\/100\n|turn|1\n|\n|t:|1698016285\n|move|p1a: Greninja|Spikes|p2a: Toxtricity\n|-sidestart|p2: Dragon Master Rosa|Spikes\n|move|p2a: Toxtricity|Shift Gear|p2a: Toxtricity\n|-boost|p2a: Toxtricity|spe|2\n|-boost|p2a: Toxtricity|atk|1\n|\n|upkeep\n|turn|2\n|\n|t:|1698016288\n|move|p2a: Toxtricity|Encore|p1a: Greninja\n|-start|p1a: Greninja|Encore\n|move|p1a: Greninja|Spikes|p2a: Toxtricity\n|-sidestart|p2: Dragon Master Rosa|Spikes\n|\n|upkeep\n|turn|3\n|\n|t:|1698016290\n|move|p2a: Toxtricity|Shift Gear|p2a: Toxtricity\n|-boost|p2a: Toxtricity|spe|2\n|-boost|p2a: Toxtricity|atk|1\n|move|p1a: Greninja|Spikes|p2a: Toxtricity\n|-sidestart|p2: Dragon Master Rosa|Spikes\n|\n|upkeep\n|turn|4\n|c| godiamsosorry|Torrent greninja \ud83d\udd25\n|\n|t:|1698016295\n|switch|p1a: Espathra|Espathra, M|100\/100\n|move|p2a: Toxtricity|Shift Gear|p2a: Toxtricity\n|-boost|p2a: Toxtricity|spe|2\n|-boost|p2a: Toxtricity|atk|1\n|\n|upkeep\n|turn|5\n|c| godiamsosorry|Makes sense TBF...\n|\n|t:|1698016302\n|move|p2a: Toxtricity|Shift Gear|p2a: Toxtricity\n|-boost|p2a: Toxtricity|spe|0\n|-boost|p2a: Toxtricity|atk|1\n|move|p1a: Espathra|Reflect|p1a: Espathra\n|-sidestart|p1: Rei_darkness|Reflect\n|\n|-ability|p1a: Espathra|Speed Boost|boost\n|-boost|p1a: Espathra|spe|1\n|upkeep\n|turn|6\n|\n|t:|1698016307\n|move|p2a: Toxtricity|Shift Gear|p2a: Toxtricity\n|-boost|p2a: Toxtricity|spe|0\n|-boost|p2a: Toxtricity|atk|1\n|move|p1a: Espathra|U-turn|p2a: Toxtricity\n|-resisted|p2a: Toxtricity\n|-damage|p2a: Toxtricity|93\/100\n|j| N-Zoroark stan\n|\n|t:|1698016341\n|switch|p1a: Landorus|Landorus-Therian, M|100\/100|[from] U-turn\n|-ability|p1a: Landorus|Intimidate|boost\n|-unboost|p2a: Toxtricity|atk|1\n|\n|upkeep\n|turn|7\n|j| oufc veti\n|c| N-Zoroark stan|How did we get here...\n|\n|t:|1698016366\n|switch|p2a: Weezing|Weezing-Galar, F|100\/100\n|-terastallize|p1a: Landorus|Flying\n|move|p1a: Landorus|Tera Blast|p2a: Weezing|[anim] Tera Blast Flying\n|-damage|p2a: Weezing|0 fnt\n|faint|p2a: Weezing\n|\n|upkeep\n|c| godiamsosorry|WHAT\n|c| N-Zoroark stan|Agency agency\n|c| oufc veti|lamdorus\n|\n|t:|1698016386\n|switch|p2a: Blissey|Blissey, F|100\/100\n|turn|8\n|l| oufc veti\n|\n|t:|1698016399\n|switch|p1a: Infernape|Infernape, F|100\/100\n|move|p2a: Blissey|Stealth Rock|p1a: Infernape\n|-sidestart|p1: Rei_darkness|move: Stealth Rock\n|\n|upkeep\n|turn|9\n|j| oufc veti\n|\n|t:|1698016404\n|switch|p2a: Landorus|Landorus-Therian, M|100\/100\n|-ability|p2a: Landorus|Intimidate|boost\n|-unboost|p1a: Infernape|atk|1\n|move|p1a: Infernape|Flare Blitz|p2a: Landorus\n|-damage|p2a: Landorus|48\/100\n|-damage|p1a: Infernape|81\/100|[from] Recoil\n|-damage|p1a: Infernape|71\/100|[from] item: Life Orb\n|\n|-heal|p2a: Landorus|53\/100|[from] item: Leftovers\n|upkeep\n|turn|10\n|\n|t:|1698016416\n|-terastallize|p2a: Landorus|Water\n|move|p1a: Infernape|Flare Blitz|p2a: Landorus\n|-resisted|p2a: Landorus\n|-damage|p2a: Landorus|25\/100\n|-status|p2a: Landorus|brn\n|-damage|p1a: Infernape|61\/100|[from] Recoil\n|-damage|p1a: Infernape|51\/100|[from] item: Life Orb\n|move|p2a: Landorus|Tera Blast|p1a: Infernape|[anim] Tera Blast Water\n|-supereffective|p1a: Infernape\n|-damage|p1a: Infernape|0 fnt\n|faint|p1a: Infernape\n|\n|-heal|p2a: Landorus|31\/100 brn|[from] item: Leftovers\n|-damage|p2a: Landorus|25\/100 brn|[from] brn\n|upkeep\n|\n|t:|1698016423\n|switch|p1a: Espathra|Espathra, M|100\/100\n|-damage|p1a: Espathra|88\/100|[from] Stealth Rock\n|turn|11\n|c| oufc veti|If u lose to espathra\n|c| oufc veti|I will be disappointed\n|\n|t:|1698016428\n|move|p1a: Espathra|Light Screen|p1a: Espathra\n|-sidestart|p1: Rei_darkness|move: Light Screen\n|move|p2a: Landorus|Earth Power|p1a: Espathra\n|-damage|p1a: Espathra|64\/100\n|-unboost|p1a: Espathra|spd|1\n|\n|-heal|p2a: Landorus|31\/100 brn|[from] item: Leftovers\n|-damage|p2a: Landorus|25\/100 brn|[from] brn\n|-ability|p1a: Espathra|Speed Boost|boost\n|-boost|p1a: Espathra|spe|1\n|upkeep\n|turn|12\n|\n|t:|1698016439\n|switch|p2a: Blissey|Blissey, F|100\/100\n|move|p1a: Espathra|U-turn|p2a: Blissey\n|-damage|p2a: Blissey|91\/100\n|l| godiamsosorry\n|j| godiamsosorry\n|\n|t:|1698016457\n|switch|p1a: Slowbro|Slowbro-Galar, F|100\/100|[from] U-turn\n|-damage|p1a: Slowbro|88\/100|[from] Stealth Rock\n|\n|-sideend|p1: Rei_darkness|Reflect\n|upkeep\n|turn|13\n|\n|t:|1698016463\n|move|p2a: Blissey|Thunder Wave|p1a: Slowbro\n|-status|p1a: Slowbro|par\n|move|p1a: Slowbro|Nasty Plot|p1a: Slowbro\n|-boost|p1a: Slowbro|spa|2\n|\n|upkeep\n|turn|14\n|\n|t:|1698016476\n|switch|p2a: Greninja|Greninja, F|100\/100\n|move|p1a: Slowbro|Psyshock|p2a: Greninja\n|-damage|p2a: Greninja|0 fnt\n|replace|p2a: Zoroark|Zoroark-Hisui, M\n|-end|p2a: Zoroark|Illusion\n|faint|p2a: Zoroark\n|\n|upkeep\n|\n|t:|1698016484\n|switch|p2a: Toxtricity|Toxtricity, M|93\/100\n|-damage|p2a: Toxtricity|68\/100|[from] Spikes\n|turn|15\n|-activate|p1a: Slowbro|ability: Quick Draw\n|\n|t:|1698016487\n|move|p1a: Slowbro|Sludge Bomb|p2a: Toxtricity\n|-resisted|p2a: Toxtricity\n|-damage|p2a: Toxtricity|0 fnt\n|faint|p2a: Toxtricity\n|\n|upkeep\n|\n|t:|1698016493\n|switch|p2a: Greninja|Greninja, F|100\/100\n|-damage|p2a: Greninja|76\/100|[from] Spikes\n|turn|16\n|\n|t:|1698016497\n|move|p2a: Greninja|Night Slash|p1a: Slowbro\n|-supereffective|p1a: Slowbro\n|-crit|p1a: Slowbro\n|-damage|p1a: Slowbro|0 fnt\n|faint|p1a: Slowbro\n|\n|upkeep\n|\n|t:|1698016501\n|switch|p1a: Espathra|Espathra, M|64\/100\n|-damage|p1a: Espathra|52\/100|[from] Stealth Rock\n|turn|17\n|\n|t:|1698016503\n|move|p1a: Espathra|Protect|p1a: Espathra\n|-singleturn|p1a: Espathra|Protect\n|move|p2a: Greninja|Night Slash|p1a: Espathra\n|-activate|p1a: Espathra|move: Protect\n|\n|-ability|p1a: Espathra|Speed Boost|boost\n|-boost|p1a: Espathra|spe|1\n|upkeep\n|turn|18\n|\n|t:|1698016507\n|move|p1a: Espathra|Reflect|p1a: Espathra\n|-sidestart|p1: Rei_darkness|Reflect\n|move|p2a: Greninja|Night Slash|p1a: Espathra\n|-supereffective|p1a: Espathra\n|-crit|p1a: Espathra\n|-damage|p1a: Espathra|0 fnt\n|faint|p1a: Espathra\n|\n|-sideend|p1: Rei_darkness|move: Light Screen\n|upkeep\n|c|\u2606Rei_darkness|:(\n|\n|t:|1698016538\n|switch|p1a: Medicham|Medicham, M|100\/100\n|-damage|p1a: Medicham|94\/100|[from] Stealth Rock\n|turn|19\n|n| ogerused|oufcveti\n|\n|t:|1698016562\n|switch|p2a: Landorus|Landorus-Therian, M, tera:Water|25\/100 brn\n|-damage|p2a: Landorus|0 fnt|[from] Spikes\n|faint|p2a: Landorus\n|move|p1a: Medicham|Close Combat|p2: Landorus|[notarget]\n|-fail|p1a: Medicham\n|\n|upkeep\n|\n|t:|1698016574\n|switch|p2a: Greninja|Greninja, F|76\/100\n|-damage|p2a: Greninja|51\/100|[from] Spikes\n|turn|20\n|c|\u2606Rei_darkness|am I actually goated or\n|\n|t:|1698016584\n|move|p2a: Greninja|Shadow Sneak|p1a: Medicham\n|-supereffective|p1a: Medicham\n|-damage|p1a: Medicham|71\/100\n|move|p1a: Medicham|Close Combat|p2a: Greninja\n|-supereffective|p2a: Greninja\n|-damage|p2a: Greninja|0 fnt\n|-unboost|p1a: Medicham|def|1\n|-unboost|p1a: Medicham|spd|1\n|faint|p2a: Greninja\n|\n|upkeep\n|c|\u2606Rei_darkness|espathra stays winning\n|c| N-Zoroark stan|Agency agency\n|c|\u2606Dragon Master Rosa|Nah i think im just stupid\n|c|\u2606Rei_darkness|for a dragon master you have a serious lack of dragons on your team\n|c|\u2606Dragon Master Rosa|Sneak protean gren would go hard tho\n|c|\u2606Dragon Master Rosa|Yeah bc all the ones we have are ass\n|\n|t:|1698016624\n|switch|p2a: Blissey|Blissey, F|91\/100\n|turn|21\n|c| godiamsosorry|LOL\n|l| godiamsosorry\n|c| ogerused|walking hartwell wake\n|c|\u2606Rei_darkness|espathra goes hard\n|c| ogerused|he gets knock\n|c| ogerused|and flip\n|c| ogerused|:3\n|c|\u2606Dragon Master Rosa|He is the one who knocks\n|\n|t:|1698016653\n|move|p1a: Medicham|Close Combat|p2a: Blissey\n|-supereffective|p2a: Blissey\n|-damage|p2a: Blissey|0 fnt\n|-unboost|p1a: Medicham|def|1\n|-unboost|p1a: Medicham|spd|1\n|faint|p2a: Blissey\n|\n|win|Rei_darkness\n|c|\u2606Rei_darkness|gg\n|c|\u2606Dragon Master Rosa|gg\n|c|\u2606Dragon Master Rosa|Now i gotta figure out why my car wont start\n|l| ogerused\n","uploadtime":1698016686,"views":15,"p1id":"reidarkness","p2id":"dragonmasterrosa","formatid":"gen9ubers","rating":0,"private":0,"password":""}