{"id":"gen9ubers-1974494710","p1":"silastf","p2":"Scottowo","format":"[Gen 9] Ubers","log":"|j|\u2606silastf\n|j|\u2606Scottowo\n|t:|1698091676\n|gametype|singles\n|player|p1|silastf|169|\n|player|p2|Scottowo|elesa-gen5bw2|\n|teamsize|p1|6\n|teamsize|p2|6\n|gen|9\n|tier|[Gen 9] Ubers\n|rule|Sleep Clause Mod: Limit one foe put to sleep\n|rule|Species Clause: Limit one of each Pok\u00e9mon\n|rule|OHKO Clause: OHKO moves are banned\n|rule|Evasion Items Clause: Evasion items are banned\n|rule|Evasion Moves Clause: Evasion moves are banned\n|rule|Endless Battle Clause: Forcing endless battles is banned\n|rule|HP Percentage Mod: HP is shown in percentages\n|clearpoke\n|poke|p1|Greninja-*, M|\n|poke|p1|Infernape, M|\n|poke|p1|Rotom-Wash|\n|poke|p1|Weezing-Galar, F|\n|poke|p1|Spiritomb, F|\n|poke|p1|Leavanny, M|\n|poke|p2|Scream Tail|\n|poke|p2|Iron Treads|\n|poke|p2|Brute Bonnet|\n|poke|p2|Rotom-Heat|\n|poke|p2|Appletun, M|\n|poke|p2|Dragapult, F|\n|teampreview\n|j| justinrockin\n|j| Yveltql\n|\n|t:|1698091742\n|start\n|switch|p1a: Infernape|Infernape, M|100\/100\n|switch|p2a: Lust|Scream Tail|100\/100\n|turn|1\n|j| SunShinyReys\n|\n|t:|1698091769\n|switch|p1a: Leavanny|Leavanny, M|100\/100\n|move|p2a: Lust|Reflect|p2a: Lust\n|-sidestart|p2: Scottowo|Reflect\n|\n|upkeep\n|turn|2\n|\n|t:|1698091789\n|-end|p2a: Lust|Protosynthesis|[silent]\n|switch|p2a: Greed|Rotom-Heat, shiny|100\/100\n|move|p1a: Leavanny|Sticky Web|p2a: Greed\n|-sidestart|p2: Scottowo|move: Sticky Web\n|\n|upkeep\n|turn|3\n|\n|t:|1698091834\n|switch|p1a: Spiritomb|Spiritomb, F|100\/100\n|move|p2a: Greed|Volt Switch|p1a: Spiritomb\n|-damage|p1a: Spiritomb|82\/100\n|\n|t:|1698091874\n|switch|p2a: Gluttony|Appletun, M|100\/100|[from] Volt Switch\n|-activate|p2a: Gluttony|move: Sticky Web\n|-unboost|p2a: Gluttony|spe|1\n|\n|-heal|p1a: Spiritomb|88\/100|[from] item: Leftovers\n|upkeep\n|turn|4\n|j| DivogoJota\n|\n|t:|1698091916\n|move|p2a: Gluttony|Leech Seed|p1a: Spiritomb\n|-start|p1a: Spiritomb|move: Leech Seed\n|move|p1a: Spiritomb|Trick Room|p1a: Spiritomb\n|-fieldstart|move: Trick Room|[of] p1a: Spiritomb\n|\n|-heal|p1a: Spiritomb|94\/100|[from] item: Leftovers\n|-damage|p1a: Spiritomb|82\/100|[from] Leech Seed|[of] p2a: Gluttony\n|upkeep\n|turn|5\n|\n|t:|1698091942\n|switch|p1a: Infernape|Infernape, M|100\/100\n|move|p2a: Gluttony|Apple Acid|p1a: Infernape\n|-resisted|p1a: Infernape\n|-damage|p1a: Infernape|83\/100\n|-unboost|p1a: Infernape|spd|1\n|\n|upkeep\n|turn|6\n|\n|t:|1698091958\n|move|p2a: Gluttony|Protect|p2a: Gluttony\n|-singleturn|p2a: Gluttony|Protect\n|move|p1a: Infernape|Fire Punch|p2a: Gluttony\n|-activate|p2a: Gluttony|move: Protect\n|\n|upkeep\n|turn|7\n|\n|t:|1698091977\n|move|p2a: Gluttony|Leech Seed|p1a: Infernape\n|-start|p1a: Infernape|move: Leech Seed\n|move|p1a: Infernape|Fire Punch|p2a: Gluttony\n|-damage|p2a: Gluttony|91\/100\n|-damage|p1a: Infernape|73\/100|[from] item: Life Orb\n|\n|-heal|p2a: Gluttony|97\/100|[from] item: Leftovers\n|-damage|p1a: Infernape|60\/100|[from] Leech Seed|[of] p2a: Gluttony\n|-heal|p2a: Gluttony|100\/100|[silent]\n|upkeep\n|turn|8\n|\n|t:|1698091992\n|switch|p1a: Weezing|Weezing-Galar, F|100\/100\n|move|p2a: Gluttony|Apple Acid|p1a: Weezing\n|-resisted|p1a: Weezing\n|-damage|p1a: Weezing|88\/100\n|-unboost|p1a: Weezing|spd|1\n|\n|-heal|p1a: Weezing|94\/100|[from] item: Leftovers\n|-sideend|p2: Scottowo|Reflect\n|-fieldend|move: Trick Room\n|upkeep\n|turn|9\n|\n|t:|1698092010\n|-terastallize|p2a: Gluttony|Fairy\n|move|p1a: Weezing|Will-O-Wisp|p2a: Gluttony|[miss]\n|-miss|p1a: Weezing|p2a: Gluttony\n|move|p2a: Gluttony|Leech Seed|p1a: Weezing\n|-start|p1a: Weezing|move: Leech Seed\n|\n|-heal|p1a: Weezing|99\/100|[from] item: Leftovers\n|-damage|p1a: Weezing|88\/100|[from] Leech Seed|[of] p2a: Gluttony\n|upkeep\n|turn|10\n|\n|t:|1698092021\n|move|p2a: Gluttony|Protect|p2a: Gluttony\n|-singleturn|p2a: Gluttony|Protect\n|move|p1a: Weezing|Gunk Shot|p2a: Gluttony\n|-activate|p2a: Gluttony|move: Protect\n|\n|-heal|p1a: Weezing|94\/100|[from] item: Leftovers\n|-damage|p1a: Weezing|81\/100|[from] Leech Seed|[of] p2a: Gluttony\n|upkeep\n|turn|11\n|j| 319phoenix\n|\n|t:|1698092053\n|switch|p2a: Iron Treads|Iron Treads|100\/100\n|-activate|p2a: Iron Treads|move: Sticky Web\n|-unboost|p2a: Iron Treads|spe|1\n|move|p1a: Weezing|Will-O-Wisp|p2a: Iron Treads\n|-status|p2a: Iron Treads|brn\n|\n|-heal|p1a: Weezing|87\/100|[from] item: Leftovers\n|-damage|p1a: Weezing|75\/100|[from] Leech Seed|[of] p2a: Iron Treads\n|-damage|p2a: Iron Treads|94\/100 brn|[from] brn\n|upkeep\n|turn|12\n|\n|t:|1698092073\n|switch|p1a: Rotom|Rotom-Wash|100\/100\n|move|p2a: Iron Treads|Knock Off|p1a: Rotom\n|-damage|p1a: Rotom|87\/100\n|-enditem|p1a: Rotom|Leftovers|[from] move: Knock Off|[of] p2a: Iron Treads\n|\n|-damage|p2a: Iron Treads|88\/100 brn|[from] brn\n|upkeep\n|turn|13\n|\n|t:|1698092102\n|move|p1a: Rotom|Hydro Pump|p2a: Iron Treads|[miss]\n|-miss|p1a: Rotom|p2a: Iron Treads\n|move|p2a: Iron Treads|Rapid Spin|p1a: Rotom\n|-damage|p1a: Rotom|79\/100\n|-boost|p2a: Iron Treads|spe|1\n|-sideend|p2: Scottowo|Sticky Web|[from] move: Rapid Spin|[of] p2a: Iron Treads\n|\n|-damage|p2a: Iron Treads|82\/100 brn|[from] brn\n|upkeep\n|turn|14\n|\n|t:|1698092112\n|switch|p1a: Leavanny|Leavanny, M|100\/100\n|move|p2a: Iron Treads|Volt Switch|p1a: Leavanny\n|-resisted|p1a: Leavanny\n|-damage|p1a: Leavanny|93\/100\n|\n|t:|1698092130\n|-end|p2a: Iron Treads|Quark Drive|[silent]\n|switch|p2a: Greed|Rotom-Heat, shiny|100\/100|[from] Volt Switch\n|\n|upkeep\n|turn|15\n|\n|t:|1698092154\n|switch|p1a: Weezing|Weezing-Galar, F|75\/100\n|move|p2a: Greed|Overheat|p1a: Weezing\n|-damage|p1a: Weezing|33\/100\n|-unboost|p2a: Greed|spa|2\n|\n|-heal|p1a: Weezing|39\/100|[from] item: Leftovers\n|upkeep\n|turn|16\n|\n|t:|1698092162\n|switch|p2a: Iron Treads|Iron Treads|82\/100 brn\n|move|p1a: Weezing|Pain Split|p2a: Iron Treads\n|-sethp|p2a: Iron Treads|61\/100 brn|[from] move: Pain Split|[silent]\n|-sethp|p1a: Weezing|59\/100|[from] move: Pain Split\n|\n|-heal|p1a: Weezing|65\/100|[from] item: Leftovers\n|-damage|p2a: Iron Treads|55\/100 brn|[from] brn\n|upkeep\n|turn|17\n|\n|t:|1698092174\n|switch|p1a: Rotom|Rotom-Wash|79\/100\n|move|p2a: Iron Treads|Iron Head|p1a: Rotom\n|-resisted|p1a: Rotom\n|-damage|p1a: Rotom|75\/100\n|\n|-damage|p2a: Iron Treads|49\/100 brn|[from] brn\n|upkeep\n|turn|18\n|\n|t:|1698092181\n|move|p2a: Iron Treads|Volt Switch|p1a: Rotom\n|-damage|p1a: Rotom|63\/100\n|\n|t:|1698092185\n|-end|p2a: Iron Treads|Quark Drive|[silent]\n|switch|p2a: Wrath|Brute Bonnet|100\/100|[from] Volt Switch\n|-enditem|p2a: Wrath|Booster Energy\n|-activate|p2a: Wrath|ability: Protosynthesis|[fromitem]\n|-start|p2a: Wrath|protosynthesisatk\n|move|p1a: Rotom|Hydro Pump|p2a: Wrath\n|-resisted|p2a: Wrath\n|-damage|p2a: Wrath|74\/100\n|\n|upkeep\n|turn|19\n|\n|t:|1698092231\n|move|p1a: Rotom|Protect|p1a: Rotom\n|-singleturn|p1a: Rotom|Protect\n|move|p2a: Wrath|Spore|p1a: Rotom\n|-activate|p1a: Rotom|move: Protect\n|\n|upkeep\n|turn|20\n|\n|t:|1698092244\n|-end|p2a: Wrath|Protosynthesis|[silent]\n|switch|p2a: Greed|Rotom-Heat, shiny|100\/100\n|switch|p1a: Leavanny|Leavanny, M|93\/100\n|\n|upkeep\n|turn|21\n|\n|t:|1698092262\n|switch|p1a: Rotom|Rotom-Wash|63\/100\n|move|p2a: Greed|Volt Switch|p1a: Rotom\n|-damage|p1a: Rotom|32\/100\n|\n|t:|1698092267\n|switch|p2a: Wrath|Brute Bonnet|74\/100|[from] Volt Switch\n|\n|upkeep\n|turn|22\n|\n|t:|1698092283\n|switch|p1a: Spiritomb|Spiritomb, F|82\/100\n|move|p2a: Wrath|Trailblaze|p1a: Spiritomb\n|-damage|p1a: Spiritomb|53\/100\n|-boost|p2a: Wrath|spe|1\n|\n|-heal|p1a: Spiritomb|59\/100|[from] item: Leftovers\n|upkeep\n|turn|23\n|\n|t:|1698092306\n|-end|p2a: Wrath|Protosynthesis|[silent]\n|switch|p2a: Greed|Rotom-Heat, shiny|100\/100\n|move|p1a: Spiritomb|Will-O-Wisp|p2a: Greed\n|-immune|p2a: Greed\n|\n|-heal|p1a: Spiritomb|65\/100|[from] item: Leftovers\n|upkeep\n|turn|24\n|\n|t:|1698092319\n|move|p2a: Greed|Trick|p1a: Spiritomb\n|-activate|p2a: Greed|move: Trick|[of] p1a: Spiritomb\n|-item|p1a: Spiritomb|Choice Scarf|[from] move: Trick\n|-item|p2a: Greed|Leftovers|[from] move: Trick\n|move|p1a: Spiritomb|Dark Pulse|p2a: Greed\n|-damage|p2a: Greed|73\/100\n|\n|-heal|p2a: Greed|79\/100|[from] item: Leftovers\n|upkeep\n|turn|25\n|\n|t:|1698092335\n|move|p2a: Greed|Will-O-Wisp|p1a: Spiritomb\n|-status|p1a: Spiritomb|brn\n|move|p1a: Spiritomb|Dark Pulse|p2a: Greed\n|-damage|p2a: Greed|53\/100\n|\n|-heal|p2a: Greed|59\/100|[from] item: Leftovers\n|-damage|p1a: Spiritomb|59\/100 brn|[from] brn\n|upkeep\n|turn|26\n|\n|t:|1698092351\n|switch|p1a: Weezing|Weezing-Galar, F|65\/100\n|move|p2a: Greed|Volt Switch|p1a: Weezing\n|-damage|p1a: Weezing|42\/100\n|\n|t:|1698092363\n|switch|p2a: Iron Treads|Iron Treads|49\/100 brn|[from] Volt Switch\n|\n|-heal|p1a: Weezing|48\/100|[from] item: Leftovers\n|-damage|p2a: Iron Treads|43\/100 brn|[from] brn\n|upkeep\n|turn|27\n|\n|t:|1698092371\n|switch|p1a: Spiritomb|Spiritomb, F|59\/100 brn\n|move|p2a: Iron Treads|Iron Head|p1a: Spiritomb\n|-damage|p1a: Spiritomb|42\/100 brn\n|\n|-damage|p2a: Iron Treads|37\/100 brn|[from] brn\n|-damage|p1a: Spiritomb|36\/100 brn|[from] brn\n|upkeep\n|turn|28\n|\n|t:|1698092380\n|move|p2a: Iron Treads|Volt Switch|p1a: Spiritomb\n|-damage|p1a: Spiritomb|28\/100 brn\n|\n|t:|1698092395\n|-end|p2a: Iron Treads|Quark Drive|[silent]\n|switch|p2a: Greed|Rotom-Heat, shiny|59\/100|[from] Volt Switch\n|move|p1a: Spiritomb|Shadow Ball|p2a: Greed\n|-damage|p2a: Greed|32\/100\n|\n|-heal|p2a: Greed|39\/100|[from] item: Leftovers\n|-damage|p1a: Spiritomb|22\/100 brn|[from] brn\n|upkeep\n|turn|29\n|\n|t:|1698092409\n|move|p2a: Greed|Volt Switch|p1a: Spiritomb\n|-damage|p1a: Spiritomb|1\/100 brn\n|\n|t:|1698092416\n|switch|p2a: Wrath|Brute Bonnet|74\/100|[from] Volt Switch\n|move|p1a: Spiritomb|Shadow Ball|p2a: Wrath\n|-resisted|p2a: Wrath\n|-damage|p2a: Wrath|61\/100\n|\n|-damage|p1a: Spiritomb|0 fnt|[from] brn\n|faint|p1a: Spiritomb\n|upkeep\n|\n|t:|1698092424\n|switch|p1a: Greninja|Greninja, M|100\/100\n|turn|30\n|\n|t:|1698092470\n|-end|p2a: Wrath|Protosynthesis|[silent]\n|switch|p2a: Lust|Scream Tail|100\/100\n|move|p1a: Greninja|Ice Beam|p2a: Lust\n|-start|p1a: Greninja|typechange|Ice|[from] ability: Protean\n|-crit|p2a: Lust\n|-damage|p2a: Lust|56\/100\n|\n|upkeep\n|turn|31\n|\n|t:|1698092481\n|move|p1a: Greninja|Ice Beam|p2a: Lust\n|-damage|p2a: Lust|29\/100\n|move|p2a: Lust|Light Screen|p2a: Lust\n|-sidestart|p2: Scottowo|move: Light Screen\n|\n|upkeep\n|turn|32\n|\n|t:|1698092487\n|move|p1a: Greninja|Ice Beam|p2a: Lust\n|-damage|p2a: Lust|14\/100\n|move|p2a: Lust|Wish|p2a: Lust\n|\n|upkeep\n|turn|33\n|\n|t:|1698092500\n|switch|p1a: Infernape|Infernape, M|60\/100\n|-end|p2a: Lust|Protosynthesis|[silent]\n|switch|p2a: Greed|Rotom-Heat, shiny|39\/100\n|\n|-heal|p2a: Greed|100\/100|[from] move: Wish|[wisher] Lust\n|upkeep\n|turn|34\n|\n|t:|1698092516\n|move|p2a: Greed|Volt Switch|p1a: Infernape\n|-damage|p1a: Infernape|27\/100\n|j| curtisthecacnea\n|\n|t:|1698092593\n|switch|p2a: Gluttony|Appletun, M, tera:Fairy|100\/100|[from] Volt Switch\n|move|p1a: Infernape|U-turn|p2a: Gluttony\n|-resisted|p2a: Gluttony\n|-damage|p2a: Gluttony|90\/100\n|-damage|p1a: Infernape|17\/100|[from] item: Life Orb\n|\n|t:|1698092600\n|switch|p1a: Weezing|Weezing-Galar, F|48\/100|[from] U-turn\n|\n|-heal|p1a: Weezing|54\/100|[from] item: Leftovers\n|-heal|p2a: Gluttony|96\/100|[from] item: Leftovers\n|upkeep\n|turn|35\n|\n|t:|1698092662\n|move|p1a: Weezing|Gunk Shot|p2a: Gluttony\n|-supereffective|p2a: Gluttony\n|-damage|p2a: Gluttony|48\/100\n|move|p2a: Gluttony|Leech Seed|p1a: Weezing\n|-start|p1a: Weezing|move: Leech Seed\n|\n|-heal|p1a: Weezing|60\/100|[from] item: Leftovers\n|-heal|p2a: Gluttony|55\/100|[from] item: Leftovers\n|-damage|p1a: Weezing|48\/100|[from] Leech Seed|[of] p2a: Gluttony\n|-heal|p2a: Gluttony|64\/100|[silent]\n|upkeep\n|turn|36\n|\n|t:|1698092669\n|move|p2a: Gluttony|Protect|p2a: Gluttony\n|-singleturn|p2a: Gluttony|Protect\n|move|p1a: Weezing|Play Rough|p2a: Gluttony\n|-activate|p2a: Gluttony|move: Protect\n|\n|-heal|p1a: Weezing|54\/100|[from] item: Leftovers\n|-heal|p2a: Gluttony|70\/100|[from] item: Leftovers\n|-damage|p1a: Weezing|42\/100|[from] Leech Seed|[of] p2a: Gluttony\n|-heal|p2a: Gluttony|80\/100|[silent]\n|upkeep\n|turn|37\n|\n|t:|1698092677\n|switch|p2a: Iron Treads|Iron Treads|37\/100 brn\n|move|p1a: Weezing|Pain Split|p2a: Iron Treads\n|-sethp|p2a: Iron Treads|40\/100 brn|[from] move: Pain Split|[silent]\n|-sethp|p1a: Weezing|39\/100|[from] move: Pain Split\n|\n|-heal|p1a: Weezing|45\/100|[from] item: Leftovers\n|-damage|p1a: Weezing|32\/100|[from] Leech Seed|[of] p2a: Iron Treads\n|-heal|p2a: Iron Treads|53\/100 brn|[silent]\n|-damage|p2a: Iron Treads|46\/100 brn|[from] brn\n|upkeep\n|turn|38\n|\n|t:|1698092713\n|switch|p1a: Leavanny|Leavanny, M|93\/100\n|move|p2a: Iron Treads|Knock Off|p1a: Leavanny\n|-damage|p1a: Leavanny|77\/100\n|-enditem|p1a: Leavanny|Life Orb|[from] move: Knock Off|[of] p2a: Iron Treads\n|\n|-damage|p2a: Iron Treads|40\/100 brn|[from] brn\n|-sideend|p2: Scottowo|move: Light Screen\n|upkeep\n|turn|39\n|\n|t:|1698092729\n|move|p2a: Iron Treads|Iron Head|p1a: Leavanny\n|-damage|p1a: Leavanny|56\/100\n|cant|p1a: Leavanny|flinch\n|\n|-damage|p2a: Iron Treads|34\/100 brn|[from] brn\n|upkeep\n|turn|40\n|\n|t:|1698092735\n|move|p2a: Iron Treads|Iron Head|p1a: Leavanny\n|-damage|p1a: Leavanny|34\/100\n|move|p1a: Leavanny|Leaf Blade|p2a: Iron Treads\n|-damage|p2a: Iron Treads|0 fnt\n|faint|p2a: Iron Treads\n|-end|p2a: Iron Treads|Quark Drive|[silent]\n|\n|upkeep\n|\n|t:|1698092741\n|switch|p2a: Greed|Rotom-Heat, shiny|100\/100\n|turn|41\n|\n|t:|1698092760\n|switch|p1a: Greninja|Greninja, M|100\/100\n|move|p2a: Greed|Overheat|p1a: Greninja\n|-resisted|p1a: Greninja\n|-damage|p1a: Greninja|62\/100\n|-unboost|p2a: Greed|spa|2\n|\n|upkeep\n|turn|42\n|\n|t:|1698092782\n|switch|p2a: Wrath|Brute Bonnet|61\/100\n|move|p1a: Greninja|Hydro Pump|p2a: Wrath\n|-start|p1a: Greninja|typechange|Water|[from] ability: Protean\n|-resisted|p2a: Wrath\n|-damage|p2a: Wrath|39\/100\n|\n|upkeep\n|turn|43\n|\n|t:|1698092804\n|move|p1a: Greninja|Hydro Pump|p2a: Wrath\n|-resisted|p2a: Wrath\n|-damage|p2a: Wrath|16\/100\n|move|p2a: Wrath|Spore|p1a: Greninja\n|-status|p1a: Greninja|slp|[from] move: Spore\n|\n|upkeep\n|turn|44\n|\n|t:|1698092825\n|-end|p2a: Wrath|Protosynthesis|[silent]\n|switch|p2a: Lust|Scream Tail|14\/100\n|cant|p1a: Greninja|slp\n|\n|upkeep\n|turn|45\n|\n|t:|1698092829\n|cant|p1a: Greninja|slp\n|move|p2a: Lust|Wish|p2a: Lust\n|\n|upkeep\n|turn|46\n|\n|t:|1698092832\n|-curestatus|p1a: Greninja|slp|[msg]\n|move|p1a: Greninja|Hydro Pump|p2a: Lust|[miss]\n|-miss|p1a: Greninja|p2a: Lust\n|move|p2a: Lust|Light Screen|p2a: Lust\n|-sidestart|p2: Scottowo|move: Light Screen\n|\n|-heal|p2a: Lust|64\/100|[from] move: Wish|[wisher] Lust\n|upkeep\n|turn|47\n|\n|t:|1698092843\n|switch|p1a: Leavanny|Leavanny, M|34\/100\n|move|p2a: Lust|Wish|p2a: Lust\n|\n|upkeep\n|turn|48\n|c| DivogoJota|Lucky ducky Scott\n|c|\u2606Scottowo|:)\n|c| SunShinyReys|I totally forgot about the sins Iron Treads and Dragapult.\n|c|\u2606Scottowo|I DONT KNOW WHY TREADS ISNT NAMED\n|c|\u2606Scottowo|IM SO MAD\n|c|\u2606Scottowo|IT WAS SUPPOSED TO BE SLOTH\n|c| Yveltql|basically inting\n|c|\u2606Scottowo|FR\n|\n|t:|1698092913\n|move|p1a: Leavanny|Sticky Web|p2a: Lust\n|-sidestart|p2: Scottowo|move: Sticky Web\n|move|p2a: Lust|Reflect|p2a: Lust\n|-sidestart|p2: Scottowo|Reflect\n|\n|-heal|p2a: Lust|100\/100|[from] move: Wish|[wisher] Lust\n|upkeep\n|turn|49\n|\n|t:|1698092933\n|switch|p1a: Weezing|Weezing-Galar, F|32\/100\n|move|p2a: Lust|Misty Explosion|p1a: Weezing\n|-resisted|p1a: Weezing\n|-damage|p1a: Weezing|21\/100\n|faint|p2a: Lust\n|-end|p2a: Lust|Protosynthesis|[silent]\n|\n|-heal|p1a: Weezing|27\/100|[from] item: Leftovers\n|upkeep\n|\n|t:|1698092963\n|switch|p2a: Envy|Dragapult, F|100\/100\n|turn|50\n|c|\u2606silastf|boots too\n|c|\u2606silastf|Im so sad\n|\n|t:|1698092986\n|move|p2a: Envy|Dragon Dance|p2a: Envy\n|-boost|p2a: Envy|atk|1\n|-boost|p2a: Envy|spe|1\n|move|p1a: Weezing|Pain Split|p2a: Envy\n|-sethp|p2a: Envy|64\/100|[from] move: Pain Split|[silent]\n|-sethp|p1a: Weezing|62\/100|[from] move: Pain Split\n|\n|-heal|p1a: Weezing|68\/100|[from] item: Leftovers\n|upkeep\n|turn|51\n|\n|t:|1698093002\n|move|p2a: Envy|Dragon Dance|p2a: Envy\n|-boost|p2a: Envy|atk|1\n|-boost|p2a: Envy|spe|1\n|move|p1a: Weezing|Play Rough|p2a: Envy\n|-supereffective|p2a: Envy\n|-damage|p2a: Envy|29\/100\n|\n|-heal|p1a: Weezing|74\/100|[from] item: Leftovers\n|upkeep\n|turn|52\n|\n|t:|1698093009\n|move|p2a: Envy|Phantom Force||[still]\n|-prepare|p2a: Envy|Phantom Force\n|move|p1a: Weezing|Play Rough|p2a: Envy|[miss]\n|-miss|p1a: Weezing|p2a: Envy\n|\n|-heal|p1a: Weezing|80\/100|[from] item: Leftovers\n|upkeep\n|turn|53\n|\n|t:|1698093014\n|move|p2a: Envy|Phantom Force|p1a: Weezing|[from]lockedmove\n|-damage|p1a: Weezing|0 fnt\n|faint|p1a: Weezing\n|\n|-sideend|p2: Scottowo|move: Light Screen\n|upkeep\n|\n|t:|1698093022\n|switch|p1a: Greninja|Greninja, M|62\/100\n|turn|54\n|\n|t:|1698093024\n|move|p2a: Envy|Dragon Darts|p1a: Greninja\n|-damage|p1a: Greninja|0 fnt\n|faint|p1a: Greninja\n|\n|upkeep\n|\n|t:|1698093027\n|switch|p1a: Leavanny|Leavanny, M|34\/100\n|turn|55\n|\n|t:|1698093030\n|move|p2a: Envy|Dragon Darts|p1a: Leavanny\n|-damage|p1a: Leavanny|0 fnt\n|faint|p1a: Leavanny\n|\n|-sideend|p2: Scottowo|Reflect\n|upkeep\n|\n|t:|1698093031\n|switch|p1a: Rotom|Rotom-Wash|32\/100\n|turn|56\n|\n|t:|1698093033\n|move|p2a: Envy|Dragon Darts|p1a: Rotom\n|-damage|p1a: Rotom|0 fnt\n|faint|p1a: Rotom\n|\n|upkeep\n|\n|t:|1698093034\n|switch|p1a: Infernape|Infernape, M|17\/100\n|turn|57\n|\n|t:|1698093036\n|move|p2a: Envy|Dragon Darts|p1a: Infernape\n|-damage|p1a: Infernape|0 fnt\n|faint|p1a: Infernape\n|\n|win|Scottowo\n|c|\u2606silastf|GG\n|c|\u2606Scottowo|gg\n|c| DivogoJota|gg\n|l|\u2606silastf\n|c| DivogoJota|also Scott\n|c|\u2606Scottowo|hey\n|c| DivogoJota|you don\u2019t need to run boots\n|c| SunShinyReys|Dragon Darts OP\n|c| DivogoJota|it gets Clear Body\n|c|\u2606Scottowo|it was for tspikes\n|c|\u2606Scottowo|:P\n|c| DivogoJota|ah I see\n|c| SunShinyReys|Yeah, but it gets clear body\n|c| DivogoJota|Surprised didnt go for Burn\n|c| DivogoJota|clicked play rough while you were behind screens\n","uploadtime":1698093043,"views":27,"p1id":"silastf","p2id":"scottowo","formatid":"gen9ubers","rating":0,"private":0,"password":""}