{"id":"gen9ubers-1971479118","p1":"lukejn555","p2":"Snorlaxchef","format":"[Gen 9] Ubers","log":"|j|\u2606lukejn555\n|j|\u2606Snorlaxchef\n|t:|1697741713\n|gametype|singles\n|player|p1|lukejn555|ghetsis-gen5bw|1283\n|player|p2|Snorlaxchef|baker|1555\n|teamsize|p1|6\n|teamsize|p2|6\n|gen|9\n|tier|[Gen 9] Ubers\n|rated|\n|rule|Sleep Clause Mod: Limit one foe put to sleep\n|rule|Species Clause: Limit one of each Pok\u00e9mon\n|rule|OHKO Clause: OHKO moves are banned\n|rule|Evasion Items Clause: Evasion items are banned\n|rule|Evasion Moves Clause: Evasion moves are banned\n|rule|Endless Battle Clause: Forcing endless battles is banned\n|rule|HP Percentage Mod: HP is shown in percentages\n|clearpoke\n|poke|p1|Arceus-Ghost|\n|poke|p1|Giratina|\n|poke|p1|Gliscor, F|\n|poke|p1|Eternatus|\n|poke|p1|Great Tusk|\n|poke|p1|Glimmora, M|\n|poke|p2|Corviknight, F|\n|poke|p2|Blissey, F|\n|poke|p2|Clodsire, F|\n|poke|p2|Toxapex, M|\n|poke|p2|Skeledirge, M|\n|poke|p2|Ditto|\n|teampreview\n|inactive|Battle timer is ON: inactive players will automatically lose when time's up. (requested by Snorlaxchef)\n|inactive|Snorlaxchef has 120 seconds left.\n|inactive|Snorlaxchef has 90 seconds left.\n|\n|t:|1697741789\n|start\n|switch|p1a: Glimmora|Glimmora, M|100\/100\n|switch|p2a: Clodsire|Clodsire, F|100\/100\n|turn|1\n|\n|t:|1697741792\n|move|p1a: Glimmora|Stealth Rock|p2a: Clodsire\n|-sidestart|p2: Snorlaxchef|move: Stealth Rock\n|move|p2a: Clodsire|Earthquake|p1a: Glimmora\n|-supereffective|p1a: Glimmora\n|-enditem|p1a: Glimmora|Focus Sash\n|-damage|p1a: Glimmora|1\/100\n|-activate|p1a: Glimmora|ability: Toxic Debris\n|-sidestart|p2: Snorlaxchef|move: Toxic Spikes\n|\n|upkeep\n|turn|2\n|\n|t:|1697741803\n|move|p1a: Glimmora|Spikes|p2a: Clodsire\n|-sidestart|p2: Snorlaxchef|Spikes\n|move|p2a: Clodsire|Earthquake|p1a: Glimmora\n|-supereffective|p1a: Glimmora\n|-damage|p1a: Glimmora|0 fnt\n|-activate|p1a: Glimmora|ability: Toxic Debris\n|-sidestart|p2: Snorlaxchef|move: Toxic Spikes\n|faint|p1a: Glimmora\n|\n|upkeep\n|\n|t:|1697741819\n|switch|p1a: Great Tusk|Great Tusk, shiny|100\/100\n|-enditem|p1a: Great Tusk|Booster Energy\n|-activate|p1a: Great Tusk|ability: Protosynthesis|[fromitem]\n|-start|p1a: Great Tusk|protosynthesisatk\n|turn|3\n|\n|t:|1697741826\n|switch|p2a: Corviknight|Corviknight, F, shiny|100\/100\n|-damage|p2a: Corviknight|88\/100|[from] Stealth Rock\n|-ability|p2a: Corviknight|Pressure\n|move|p1a: Great Tusk|Headlong Rush|p2a: Corviknight\n|-immune|p2a: Corviknight\n|\n|-heal|p2a: Corviknight|94\/100|[from] item: Leftovers\n|upkeep\n|turn|4\n|\n|t:|1697741831\n|-end|p1a: Great Tusk|Protosynthesis|[silent]\n|switch|p1a: Giratina|Giratina|100\/100\n|-ability|p1a: Giratina|Pressure\n|move|p2a: Corviknight|Defog|p1a: Giratina\n|-unboost|p1a: Giratina|evasion|1\n|-sideend|p2: Snorlaxchef|Spikes|[from] move: Defog|[of] p2a: Corviknight\n|-sideend|p2: Snorlaxchef|Toxic Spikes|[from] move: Defog|[of] p2a: Corviknight\n|-sideend|p2: Snorlaxchef|Stealth Rock|[from] move: Defog|[of] p2a: Corviknight\n|\n|-heal|p2a: Corviknight|100\/100|[from] item: Leftovers\n|upkeep\n|turn|5\n|c|\u2606Snorlaxchef|I love glimmora\n|c|\u2606Snorlaxchef|it\u2019s a 6v5\n|\n|t:|1697741846\n|move|p2a: Corviknight|Protect|p2a: Corviknight\n|-singleturn|p2a: Corviknight|Protect\n|move|p1a: Giratina|Will-O-Wisp|p2a: Corviknight\n|-activate|p2a: Corviknight|move: Protect\n|\n|upkeep\n|turn|6\n|\n|t:|1697741854\n|switch|p2a: Blissey|Blissey, F, shiny|100\/100\n|move|p1a: Giratina|Dragon Tail|p2a: Blissey\n|-crit|p2a: Blissey\n|-damage|p2a: Blissey|36\/100\n|drag|p2a: Ditto|Ditto|100\/100\n|-transform|p2a: Ditto|p1a: Giratina|[from] ability: Imposter\n|-ability|p2a: Ditto|Pressure\n|\n|upkeep\n|turn|7\n|\n|t:|1697741872\n|move|p2a: Ditto|Will-O-Wisp|p1a: Giratina\n|-status|p1a: Giratina|brn\n|move|p1a: Giratina|Will-O-Wisp|p2a: Ditto\n|-status|p2a: Ditto|brn\n|\n|-damage|p2a: Ditto|94\/100 brn|[from] brn\n|-damage|p1a: Giratina|94\/100 brn|[from] brn\n|upkeep\n|turn|8\n|\n|t:|1697741882\n|switch|p2a: Toxapex|Toxapex, M|100\/100\n|move|p1a: Giratina|Dragon Tail|p2a: Toxapex\n|-damage|p2a: Toxapex|94\/100\n|-damage|p1a: Giratina|78\/100 brn|[from] item: Rocky Helmet|[of] p2a: Toxapex\n|drag|p2a: Ditto|Ditto|94\/100 brn\n|-transform|p2a: Ditto|p1a: Giratina|[from] ability: Imposter\n|-ability|p2a: Ditto|Pressure\n|\n|-damage|p2a: Ditto|88\/100 brn|[from] brn\n|-damage|p1a: Giratina|72\/100 brn|[from] brn\n|upkeep\n|turn|9\n|\n|t:|1697741886\n|switch|p2a: Toxapex|Toxapex, M|100\/100\n|move|p1a: Giratina|Dragon Tail|p2a: Toxapex\n|-damage|p2a: Toxapex|95\/100\n|-damage|p1a: Giratina|55\/100 brn|[from] item: Rocky Helmet|[of] p2a: Toxapex\n|drag|p2a: Clodsire|Clodsire, F|100\/100\n|\n|-damage|p1a: Giratina|49\/100 brn|[from] brn\n|upkeep\n|turn|10\n|\n|t:|1697741896\n|switch|p2a: Toxapex|Toxapex, M|100\/100\n|move|p1a: Giratina|Will-O-Wisp|p2a: Toxapex\n|-status|p2a: Toxapex|brn\n|\n|-damage|p1a: Giratina|43\/100 brn|[from] brn\n|-damage|p2a: Toxapex|94\/100 brn|[from] brn\n|upkeep\n|turn|11\n|\n|t:|1697741898\n|move|p1a: Giratina|Rest|p1a: Giratina\n|-status|p1a: Giratina|slp|[from] move: Rest\n|-heal|p1a: Giratina|100\/100 slp|[silent]\n|-enditem|p1a: Giratina|Chesto Berry|[eat]\n|-curestatus|p1a: Giratina|slp|[msg]\n|move|p2a: Toxapex|Infestation|p1a: Giratina\n|-resisted|p1a: Giratina\n|-damage|p1a: Giratina|99\/100\n|-activate|p1a: Giratina|move: Infestation|[of] p2a: Toxapex\n|\n|-damage|p2a: Toxapex|88\/100 brn|[from] brn\n|-damage|p1a: Giratina|88\/100|[from] move: Infestation|[partiallytrapped]\n|upkeep\n|turn|12\n|\n|t:|1697741907\n|switch|p1a: Gliscor|Gliscor, F, shiny|100\/100\n|move|p2a: Toxapex|Baneful Bunker||[still]\n|-fail|p2a: Toxapex\n|\n|-damage|p2a: Toxapex|82\/100 brn|[from] brn\n|-status|p1a: Gliscor|tox|[from] item: Toxic Orb\n|upkeep\n|turn|13\n|\n|t:|1697741911\n|switch|p2a: Ditto|Ditto|88\/100 brn\n|-transform|p2a: Ditto|p1a: Gliscor|[from] ability: Imposter\n|move|p1a: Gliscor|Toxic Spikes|p2a: Ditto\n|-sidestart|p2: Snorlaxchef|move: Toxic Spikes\n|\n|-damage|p2a: Ditto|82\/100 brn|[from] brn\n|upkeep\n|turn|14\n|\n|t:|1697741923\n|switch|p2a: Corviknight|Corviknight, F, shiny|100\/100\n|-ability|p2a: Corviknight|Pressure\n|switch|p1a: Eternatus|Eternatus|100\/100\n|-ability|p1a: Eternatus|Pressure\n|\n|upkeep\n|turn|15\n|\n|t:|1697741926\n|move|p2a: Corviknight|Protect|p2a: Corviknight\n|-singleturn|p2a: Corviknight|Protect\n|move|p1a: Eternatus|Flamethrower|p2a: Corviknight\n|-activate|p2a: Corviknight|move: Protect\n|\n|upkeep\n|turn|16\n|\n|t:|1697741932\n|switch|p2a: Clodsire|Clodsire, F|100\/100\n|-sideend|p2: Snorlaxchef|move: Toxic Spikes|[of] p2a: Clodsire\n|move|p1a: Eternatus|Flamethrower|p2a: Clodsire\n|-damage|p2a: Clodsire|76\/100\n|-damage|p1a: Eternatus|91\/100|[from] item: Life Orb\n|\n|upkeep\n|turn|17\n|\n|t:|1697741937\n|switch|p1a: Gliscor|Gliscor, F, shiny|100\/100 tox\n|move|p2a: Clodsire|Spikes|p1a: Gliscor\n|-sidestart|p1: lukejn555|Spikes\n|\n|upkeep\n|turn|18\n|\n|t:|1697741944\n|switch|p2a: Corviknight|Corviknight, F, shiny|100\/100\n|-ability|p2a: Corviknight|Pressure\n|move|p1a: Gliscor|Toxic Spikes|p2a: Corviknight\n|-sidestart|p2: Snorlaxchef|move: Toxic Spikes\n|\n|upkeep\n|turn|19\n|\n|t:|1697741951\n|move|p1a: Gliscor|Knock Off|p2a: Corviknight\n|-damage|p2a: Corviknight|88\/100\n|-enditem|p2a: Corviknight|Leftovers|[from] move: Knock Off|[of] p1a: Gliscor\n|move|p2a: Corviknight|Steel Wing|p1a: Gliscor\n|-damage|p1a: Gliscor|88\/100 tox\n|\n|-heal|p1a: Gliscor|100\/100 tox|[from] ability: Poison Heal\n|upkeep\n|turn|20\n|\n|t:|1697741961\n|move|p1a: Gliscor|Spikes|p2a: Corviknight\n|-sidestart|p2: Snorlaxchef|Spikes\n|move|p2a: Corviknight|Steel Wing|p1a: Gliscor\n|-crit|p1a: Gliscor\n|-damage|p1a: Gliscor|80\/100 tox\n|-boost|p2a: Corviknight|def|1\n|\n|-heal|p1a: Gliscor|92\/100 tox|[from] ability: Poison Heal\n|upkeep\n|turn|21\n|\n|t:|1697741968\n|switch|p1a: Eternatus|Eternatus|91\/100\n|-damage|p1a: Eternatus|78\/100|[from] Spikes\n|-ability|p1a: Eternatus|Pressure\n|move|p2a: Corviknight|Defog|p1a: Eternatus\n|-unboost|p1a: Eternatus|evasion|1\n|-sideend|p1: lukejn555|Spikes|[from] move: Defog|[of] p2a: Corviknight\n|-sideend|p2: Snorlaxchef|Spikes|[from] move: Defog|[of] p2a: Corviknight\n|-sideend|p2: Snorlaxchef|Toxic Spikes|[from] move: Defog|[of] p2a: Corviknight\n|\n|upkeep\n|turn|22\n|\n|t:|1697741971\n|move|p2a: Corviknight|Protect|p2a: Corviknight\n|-singleturn|p2a: Corviknight|Protect\n|move|p1a: Eternatus|Flamethrower|p2a: Corviknight\n|-activate|p2a: Corviknight|move: Protect\n|\n|upkeep\n|turn|23\n|\n|t:|1697741977\n|switch|p2a: Blissey|Blissey, F, shiny|36\/100\n|move|p1a: Eternatus|Flamethrower|p2a: Blissey\n|-damage|p2a: Blissey|21\/100\n|-damage|p1a: Eternatus|68\/100|[from] item: Life Orb\n|\n|upkeep\n|turn|24\n|\n|t:|1697741983\n|move|p1a: Eternatus|Dynamax Cannon|p2a: Blissey\n|-damage|p2a: Blissey|0 fnt\n|faint|p2a: Blissey\n|-damage|p1a: Eternatus|58\/100|[from] item: Life Orb\n|\n|upkeep\n|\n|t:|1697741987\n|switch|p2a: Clodsire|Clodsire, F|76\/100\n|turn|25\n|\n|t:|1697741991\n|switch|p1a: Great Tusk|Great Tusk, shiny|100\/100\n|move|p2a: Clodsire|Recover|p2a: Clodsire\n|-heal|p2a: Clodsire|100\/100\n|\n|upkeep\n|turn|26\n|\n|t:|1697742004\n|switch|p2a: Corviknight|Corviknight, F, shiny|88\/100\n|-ability|p2a: Corviknight|Pressure\n|move|p1a: Great Tusk|Stealth Rock|p2a: Corviknight\n|-sidestart|p2: Snorlaxchef|move: Stealth Rock\n|\n|upkeep\n|turn|27\n|\n|t:|1697742009\n|-end|p1a: Great Tusk|Protosynthesis|[silent]\n|switch|p1a: Giratina|Giratina|88\/100\n|-ability|p1a: Giratina|Pressure\n|move|p2a: Corviknight|Protect||[still]\n|-fail|p2a: Corviknight\n|\n|upkeep\n|turn|28\n|\n|t:|1697742016\n|switch|p2a: Toxapex|Toxapex, M|100\/100 brn\n|-damage|p2a: Toxapex|88\/100 brn|[from] Stealth Rock\n|move|p1a: Giratina|Dragon Tail|p2a: Toxapex\n|-damage|p2a: Toxapex|75\/100 brn\n|-damage|p1a: Giratina|71\/100|[from] item: Rocky Helmet|[of] p2a: Toxapex\n|drag|p2a: Corviknight|Corviknight, F, shiny|88\/100\n|-damage|p2a: Corviknight|76\/100|[from] Stealth Rock\n|-ability|p2a: Corviknight|Pressure\n|\n|upkeep\n|turn|29\n|\n|t:|1697742020\n|switch|p2a: Toxapex|Toxapex, M|100\/100 brn\n|-damage|p2a: Toxapex|88\/100 brn|[from] Stealth Rock\n|move|p1a: Giratina|Dragon Tail|p2a: Toxapex\n|-damage|p2a: Toxapex|75\/100 brn\n|-damage|p1a: Giratina|55\/100|[from] item: Rocky Helmet|[of] p2a: Toxapex\n|drag|p2a: Skeledirge|Skeledirge, M|100\/100\n|\n|upkeep\n|turn|30\n|\n|t:|1697742024\n|move|p2a: Skeledirge|Will-O-Wisp|p1a: Giratina\n|-status|p1a: Giratina|brn\n|move|p1a: Giratina|Dragon Tail|p2a: Skeledirge|[miss]\n|-miss|p1a: Giratina|p2a: Skeledirge\n|\n|-damage|p1a: Giratina|48\/100 brn|[from] brn\n|upkeep\n|turn|31\n|\n|t:|1697742029\n|move|p2a: Skeledirge|Hex|p1a: Giratina\n|-supereffective|p1a: Giratina\n|-damage|p1a: Giratina|7\/100 brn\n|move|p1a: Giratina|Dragon Tail|p2a: Skeledirge\n|-damage|p2a: Skeledirge|94\/100\n|drag|p2a: Toxapex|Toxapex, M|100\/100 brn\n|-damage|p2a: Toxapex|88\/100 brn|[from] Stealth Rock\n|\n|-damage|p1a: Giratina|0 fnt|[from] brn\n|faint|p1a: Giratina\n|-damage|p2a: Toxapex|82\/100 brn|[from] brn\n|upkeep\n|\n|t:|1697742033\n|switch|p1a: Great Tusk|Great Tusk, shiny|100\/100\n|turn|32\n|\n|t:|1697742036\n|move|p1a: Great Tusk|Headlong Rush|p2a: Toxapex\n|-supereffective|p2a: Toxapex\n|-damage|p2a: Toxapex|5\/100 brn\n|-unboost|p1a: Great Tusk|def|1\n|-unboost|p1a: Great Tusk|spd|1\n|-damage|p1a: Great Tusk|84\/100|[from] item: Rocky Helmet|[of] p2a: Toxapex\n|move|p2a: Toxapex|Toxic|p1a: Great Tusk\n|-status|p1a: Great Tusk|tox\n|\n|-damage|p1a: Great Tusk|78\/100 tox|[from] psn\n|-damage|p2a: Toxapex|0 fnt|[from] brn\n|faint|p2a: Toxapex\n|upkeep\n|\n|t:|1697742054\n|switch|p2a: Corviknight|Corviknight, F, shiny|76\/100\n|-damage|p2a: Corviknight|63\/100|[from] Stealth Rock\n|-ability|p2a: Corviknight|Pressure\n|turn|33\n|\n|t:|1697742076\n|-end|p1a: Great Tusk|Protosynthesis|[silent]\n|switch|p1a: Gliscor|Gliscor, F, shiny|92\/100 tox\n|move|p2a: Corviknight|Roost|p2a: Corviknight\n|-heal|p2a: Corviknight|100\/100\n|-singleturn|p2a: Corviknight|move: Roost\n|\n|-heal|p1a: Gliscor|100\/100 tox|[from] ability: Poison Heal\n|upkeep\n|turn|34\n|\n|t:|1697742089\n|move|p1a: Gliscor|Spikes|p2a: Corviknight\n|-sidestart|p2: Snorlaxchef|Spikes\n|move|p2a: Corviknight|Steel Wing|p1a: Gliscor\n|-crit|p1a: Gliscor\n|-damage|p1a: Gliscor|80\/100 tox\n|\n|-heal|p1a: Gliscor|93\/100 tox|[from] ability: Poison Heal\n|upkeep\n|turn|35\n|\n|t:|1697742094\n|switch|p1a: Eternatus|Eternatus|58\/100\n|-ability|p1a: Eternatus|Pressure\n|move|p2a: Corviknight|Defog|p1a: Eternatus\n|-unboost|p1a: Eternatus|evasion|1\n|-sideend|p2: Snorlaxchef|Spikes|[from] move: Defog|[of] p2a: Corviknight\n|-sideend|p2: Snorlaxchef|Stealth Rock|[from] move: Defog|[of] p2a: Corviknight\n|\n|upkeep\n|turn|36\n|\n|t:|1697742106\n|switch|p2a: Clodsire|Clodsire, F|100\/100\n|move|p1a: Eternatus|Recover|p1a: Eternatus\n|-heal|p1a: Eternatus|100\/100\n|\n|upkeep\n|turn|37\n|\n|t:|1697742111\n|switch|p1a: Great Tusk|Great Tusk, shiny|78\/100 tox\n|move|p2a: Clodsire|Spikes|p1a: Great Tusk\n|-sidestart|p1: lukejn555|Spikes\n|\n|-damage|p1a: Great Tusk|72\/100 tox|[from] psn\n|upkeep\n|turn|38\n|\n|t:|1697742121\n|switch|p2a: Corviknight|Corviknight, F, shiny|100\/100\n|-ability|p2a: Corviknight|Pressure\n|move|p1a: Great Tusk|Stealth Rock|p2a: Corviknight\n|-sidestart|p2: Snorlaxchef|move: Stealth Rock\n|\n|-damage|p1a: Great Tusk|59\/100 tox|[from] psn\n|upkeep\n|turn|39\n|\n|t:|1697742127\n|-end|p1a: Great Tusk|Protosynthesis|[silent]\n|switch|p1a: Eternatus|Eternatus|100\/100\n|-damage|p1a: Eternatus|88\/100|[from] Spikes\n|-ability|p1a: Eternatus|Pressure\n|switch|p2a: Clodsire|Clodsire, F|100\/100\n|-damage|p2a: Clodsire|94\/100|[from] Stealth Rock\n|\n|upkeep\n|turn|40\n|\n|t:|1697742131\n|switch|p1a: Great Tusk|Great Tusk, shiny|59\/100 tox\n|-damage|p1a: Great Tusk|47\/100 tox|[from] Spikes\n|move|p2a: Clodsire|Spikes|p1a: Great Tusk\n|-sidestart|p1: lukejn555|Spikes\n|\n|-damage|p1a: Great Tusk|41\/100 tox|[from] psn\n|upkeep\n|turn|41\n|\n|t:|1697742143\n|switch|p2a: Corviknight|Corviknight, F, shiny|100\/100\n|-damage|p2a: Corviknight|88\/100|[from] Stealth Rock\n|-ability|p2a: Corviknight|Pressure\n|move|p1a: Great Tusk|Rapid Spin|p2a: Corviknight\n|-resisted|p2a: Corviknight\n|-damage|p2a: Corviknight|83\/100\n|-boost|p1a: Great Tusk|spe|1\n|-sideend|p1: lukejn555|Spikes|[from] move: Rapid Spin|[of] p1a: Great Tusk\n|\n|-damage|p1a: Great Tusk|28\/100 tox|[from] psn\n|upkeep\n|turn|42\n|\n|t:|1697742148\n|move|p1a: Great Tusk|Close Combat|p2a: Corviknight\n|-damage|p2a: Corviknight|44\/100\n|-unboost|p1a: Great Tusk|def|1\n|-unboost|p1a: Great Tusk|spd|1\n|move|p2a: Corviknight|Defog|p1a: Great Tusk\n|-unboost|p1a: Great Tusk|evasion|1\n|-sideend|p2: Snorlaxchef|Stealth Rock|[from] move: Defog|[of] p2a: Corviknight\n|\n|-damage|p1a: Great Tusk|10\/100 tox|[from] psn\n|upkeep\n|turn|43\n|\n|t:|1697742152\n|move|p1a: Great Tusk|Close Combat|p2a: Corviknight\n|-damage|p2a: Corviknight|9\/100\n|-unboost|p1a: Great Tusk|def|1\n|-unboost|p1a: Great Tusk|spd|1\n|move|p2a: Corviknight|Roost|p2a: Corviknight\n|-heal|p2a: Corviknight|59\/100\n|-singleturn|p2a: Corviknight|move: Roost\n|\n|-damage|p1a: Great Tusk|0 fnt|[from] psn\n|faint|p1a: Great Tusk\n|-end|p1a: Great Tusk|Protosynthesis|[silent]\n|upkeep\n|\n|t:|1697742158\n|switch|p1a: Eternatus|Eternatus|88\/100\n|-ability|p1a: Eternatus|Pressure\n|turn|44\n|\n|t:|1697742169\n|move|p2a: Corviknight|Protect|p2a: Corviknight\n|-singleturn|p2a: Corviknight|Protect\n|move|p1a: Eternatus|Flamethrower|p2a: Corviknight\n|-activate|p2a: Corviknight|move: Protect\n|\n|upkeep\n|turn|45\n|\n|t:|1697742180\n|switch|p2a: Clodsire|Clodsire, F|94\/100\n|move|p1a: Eternatus|Dynamax Cannon|p2a: Clodsire\n|-damage|p2a: Clodsire|48\/100\n|-damage|p1a: Eternatus|78\/100|[from] item: Life Orb\n|\n|upkeep\n|turn|46\n|\n|t:|1697742187\n|move|p1a: Eternatus|Dynamax Cannon|p2a: Clodsire\n|-damage|p2a: Clodsire|4\/100\n|-damage|p1a: Eternatus|68\/100|[from] item: Life Orb\n|move|p2a: Clodsire|Recover|p2a: Clodsire\n|-heal|p2a: Clodsire|54\/100\n|\n|upkeep\n|turn|47\n|\n|t:|1697742194\n|switch|p1a: Gliscor|Gliscor, F, shiny|93\/100 tox\n|move|p2a: Clodsire|Recover|p2a: Clodsire\n|-heal|p2a: Clodsire|100\/100\n|\n|-heal|p1a: Gliscor|100\/100 tox|[from] ability: Poison Heal\n|upkeep\n|turn|48\n|\n|t:|1697742207\n|switch|p2a: Corviknight|Corviknight, F, shiny|59\/100\n|-ability|p2a: Corviknight|Pressure\n|move|p1a: Gliscor|Spikes|p2a: Corviknight\n|-sidestart|p2: Snorlaxchef|Spikes\n|\n|upkeep\n|turn|49\n|\n|t:|1697742215\n|switch|p1a: Eternatus|Eternatus|68\/100\n|-ability|p1a: Eternatus|Pressure\n|move|p2a: Corviknight|Roost|p2a: Corviknight\n|-heal|p2a: Corviknight|100\/100\n|-singleturn|p2a: Corviknight|move: Roost\n|\n|upkeep\n|turn|50\n|\n|t:|1697742220\n|switch|p2a: Clodsire|Clodsire, F|100\/100\n|-damage|p2a: Clodsire|88\/100|[from] Spikes\n|move|p1a: Eternatus|Flamethrower|p2a: Clodsire\n|-damage|p2a: Clodsire|63\/100\n|-damage|p1a: Eternatus|58\/100|[from] item: Life Orb\n|\n|upkeep\n|turn|51\n|\n|t:|1697742228\n|move|p1a: Eternatus|Recover|p1a: Eternatus\n|-heal|p1a: Eternatus|100\/100\n|move|p2a: Clodsire|Recover|p2a: Clodsire\n|-heal|p2a: Clodsire|100\/100\n|\n|upkeep\n|turn|52\n|\n|t:|1697742235\n|switch|p1a: Gliscor|Gliscor, F, shiny|100\/100 tox\n|move|p2a: Clodsire|Earthquake|p1a: Gliscor\n|-immune|p1a: Gliscor\n|\n|upkeep\n|turn|53\n|\n|t:|1697742238\n|switch|p2a: Corviknight|Corviknight, F, shiny|100\/100\n|-ability|p2a: Corviknight|Pressure\n|move|p1a: Gliscor|Earthquake|p2a: Corviknight\n|-immune|p2a: Corviknight\n|\n|upkeep\n|turn|54\n|\n|t:|1697742242\n|move|p1a: Gliscor|Toxic Spikes|p2a: Corviknight\n|-sidestart|p2: Snorlaxchef|move: Toxic Spikes\n|move|p2a: Corviknight|Defog|p1a: Gliscor\n|-unboost|p1a: Gliscor|evasion|1\n|-sideend|p2: Snorlaxchef|Spikes|[from] move: Defog|[of] p2a: Corviknight\n|-sideend|p2: Snorlaxchef|Toxic Spikes|[from] move: Defog|[of] p2a: Corviknight\n|\n|upkeep\n|turn|55\n|\n|t:|1697742246\n|move|p1a: Gliscor|Spikes|p2a: Corviknight\n|-sidestart|p2: Snorlaxchef|Spikes\n|move|p2a: Corviknight|Steel Wing|p1a: Gliscor\n|-damage|p1a: Gliscor|86\/100 tox\n|\n|-heal|p1a: Gliscor|99\/100 tox|[from] ability: Poison Heal\n|upkeep\n|turn|56\n|\n|t:|1697742252\n|move|p1a: Gliscor|Toxic Spikes|p2a: Corviknight\n|-sidestart|p2: Snorlaxchef|move: Toxic Spikes\n|move|p2a: Corviknight|Defog|p1a: Gliscor\n|-unboost|p1a: Gliscor|evasion|1\n|-sideend|p2: Snorlaxchef|Spikes|[from] move: Defog|[of] p2a: Corviknight\n|-sideend|p2: Snorlaxchef|Toxic Spikes|[from] move: Defog|[of] p2a: Corviknight\n|\n|-heal|p1a: Gliscor|100\/100 tox|[from] ability: Poison Heal\n|upkeep\n|turn|57\n|\n|t:|1697742262\n|move|p1a: Gliscor|Toxic Spikes|p2a: Corviknight\n|-sidestart|p2: Snorlaxchef|move: Toxic Spikes\n|move|p2a: Corviknight|Steel Wing|p1a: Gliscor\n|-damage|p1a: Gliscor|87\/100 tox\n|\n|-heal|p1a: Gliscor|99\/100 tox|[from] ability: Poison Heal\n|upkeep\n|turn|58\n|c|\u2606lukejn555|how is stall fun to play\n|c|\u2606lukejn555|like at all\n|\n|t:|1697742274\n|move|p1a: Gliscor|Spikes|p2a: Corviknight\n|-sidestart|p2: Snorlaxchef|Spikes\n|move|p2a: Corviknight|Steel Wing|p1a: Gliscor\n|-damage|p1a: Gliscor|86\/100 tox\n|\n|-heal|p1a: Gliscor|99\/100 tox|[from] ability: Poison Heal\n|upkeep\n|turn|59\n|c|\u2606Snorlaxchef|U have gliscor, recover natus and res giratina\n|c|\u2606Snorlaxchef|ur stall too lol\n|inactive|Snorlaxchef has 120 seconds left.\n|\n|t:|1697742308\n|switch|p1a: Eternatus|Eternatus|100\/100\n|-ability|p1a: Eternatus|Pressure\n|move|p2a: Corviknight|Defog|p1a: Eternatus\n|-unboost|p1a: Eternatus|evasion|1\n|-sideend|p2: Snorlaxchef|Spikes|[from] move: Defog|[of] p2a: Corviknight\n|-sideend|p2: Snorlaxchef|Toxic Spikes|[from] move: Defog|[of] p2a: Corviknight\n|\n|upkeep\n|turn|60\n|c|\u2606lukejn555|nah its hazard stack balance\n|c|\u2606Snorlaxchef|Jjajajja\n|inactive|Snorlaxchef has 120 seconds left.\n|c|\u2606lukejn555|eternatus acres and tusk are all offensive\n|c|\u2606Snorlaxchef|strangest name of stall I\u2019ve ever heard\n|inactive|lukejn555 has 120 seconds left.\n|c|\u2606Snorlaxchef|No recover arceus?\n|inactive|Snorlaxchef has 90 seconds left.\n|c|\u2606lukejn555|I have 3 total recovery moves and no regen\n|c|\u2606Snorlaxchef|no recover eternity?\n|c|\u2606Snorlaxchef|I\u2019m stall\n|inactive|lukejn555 has 90 seconds left.\n|c|\u2606Snorlaxchef|i admit it\n|c|\u2606Snorlaxchef|but you too bro\n|c|\u2606lukejn555|bruh I have life orb on eternatus\n|c|\u2606Snorlaxchef|not as heavy as me\n|inactive|Snorlaxchef has 60 seconds left.\n|\n|t:|1697742389\n|move|p2a: Corviknight|Protect|p2a: Corviknight\n|-singleturn|p2a: Corviknight|Protect\n|move|p1a: Eternatus|Flamethrower|p2a: Corviknight\n|-activate|p2a: Corviknight|move: Protect\n|\n|upkeep\n|turn|61\n|c|\u2606lukejn555|this is not stall at all\n|c|\u2606lukejn555|its hazard stack\n|c|\u2606Snorlaxchef|Jajajaja\n|c|\u2606Snorlaxchef|ok bro\n|\n|t:|1697742405\n|switch|p1a: Gliscor|Gliscor, F, shiny|99\/100 tox\n|move|p2a: Corviknight|Roost||[still]\n|-fail|p2a: Corviknight|heal\n|\n|-heal|p1a: Gliscor|100\/100 tox|[from] ability: Poison Heal\n|upkeep\n|turn|62\n|\n|t:|1697742410\n|move|p1a: Gliscor|Toxic Spikes|p2a: Corviknight\n|-sidestart|p2: Snorlaxchef|move: Toxic Spikes\n|move|p2a: Corviknight|Steel Wing|p1a: Gliscor\n|-damage|p1a: Gliscor|88\/100 tox\n|\n|-heal|p1a: Gliscor|99\/100 tox|[from] ability: Poison Heal\n|upkeep\n|turn|63\n|\n|t:|1697742415\n|move|p1a: Gliscor|Toxic Spikes|p2a: Corviknight\n|-sidestart|p2: Snorlaxchef|move: Toxic Spikes\n|move|p2a: Corviknight|Steel Wing|p1a: Gliscor\n|-damage|p1a: Gliscor|86\/100 tox\n|\n|-heal|p1a: Gliscor|98\/100 tox|[from] ability: Poison Heal\n|upkeep\n|turn|64\n|c|\u2606lukejn555|I just don't get how having zero offense is fun to play\n|inactive|lukejn555 has 90 seconds left.\n|\n|t:|1697742430\n|switch|p1a: Eternatus|Eternatus|100\/100\n|-ability|p1a: Eternatus|Pressure\n|move|p2a: Corviknight|Steel Wing|p1a: Eternatus|[miss]\n|-miss|p2a: Corviknight|p1a: Eternatus\n|\n|upkeep\n|turn|65\n|c|\u2606Snorlaxchef|I have oofense\n|inactive|Snorlaxchef has 90 seconds left.\n|c|\u2606lukejn555|like what\n|\n|t:|1697742443\n|switch|p1a: Gliscor|Gliscor, F, shiny|98\/100 tox\n|switch|p2a: Clodsire|Clodsire, F|100\/100\n|-sideend|p2: Snorlaxchef|move: Toxic Spikes|[of] p2a: Clodsire\n|\n|-heal|p1a: Gliscor|100\/100 tox|[from] ability: Poison Heal\n|upkeep\n|turn|66\n|\n|t:|1697742452\n|switch|p2a: Corviknight|Corviknight, F, shiny|100\/100\n|-ability|p2a: Corviknight|Pressure\n|move|p1a: Gliscor|Spikes|p2a: Corviknight\n|-sidestart|p2: Snorlaxchef|Spikes\n|\n|upkeep\n|turn|67\n|\n|t:|1697742459\n|move|p1a: Gliscor|Spikes|p2a: Corviknight\n|-sidestart|p2: Snorlaxchef|Spikes\n|move|p2a: Corviknight|Steel Wing|p1a: Gliscor\n|-damage|p1a: Gliscor|87\/100 tox\n|\n|-heal|p1a: Gliscor|99\/100 tox|[from] ability: Poison Heal\n|upkeep\n|turn|68\n|inactive|lukejn555 has 120 seconds left.\n|\n|t:|1697742464\n|move|p1a: Gliscor|Toxic Spikes|p2a: Corviknight\n|-sidestart|p2: Snorlaxchef|move: Toxic Spikes\n|move|p2a: Corviknight|Defog|p1a: Gliscor\n|-unboost|p1a: Gliscor|evasion|1\n|-sideend|p2: Snorlaxchef|Spikes|[from] move: Defog|[of] p2a: Corviknight\n|-sideend|p2: Snorlaxchef|Toxic Spikes|[from] move: Defog|[of] p2a: Corviknight\n|\n|-heal|p1a: Gliscor|100\/100 tox|[from] ability: Poison Heal\n|upkeep\n|turn|69\n|inactive|Snorlaxchef has 90 seconds left.\n|\n|t:|1697742496\n|move|p1a: Gliscor|Toxic Spikes|p2a: Corviknight\n|-sidestart|p2: Snorlaxchef|move: Toxic Spikes\n|move|p2a: Corviknight|Steel Wing|p1a: Gliscor\n|-damage|p1a: Gliscor|87\/100 tox\n|\n|-heal|p1a: Gliscor|99\/100 tox|[from] ability: Poison Heal\n|upkeep\n|turn|70\n|\n|t:|1697742503\n|move|p1a: Gliscor|Toxic Spikes|p2a: Corviknight\n|-sidestart|p2: Snorlaxchef|move: Toxic Spikes\n|move|p2a: Corviknight|Steel Wing|p1a: Gliscor\n|-damage|p1a: Gliscor|84\/100 tox\n|\n|-heal|p1a: Gliscor|97\/100 tox|[from] ability: Poison Heal\n|upkeep\n|turn|71\n|inactive|Snorlaxchef has 90 seconds left.\n|\n|t:|1697742525\n|move|p1a: Gliscor|Spikes|p2a: Corviknight\n|-sidestart|p2: Snorlaxchef|Spikes\n|move|p2a: Corviknight|Steel Wing|p1a: Gliscor\n|-damage|p1a: Gliscor|82\/100 tox\n|\n|-heal|p1a: Gliscor|95\/100 tox|[from] ability: Poison Heal\n|upkeep\n|turn|72\n|\n|t:|1697742535\n|move|p1a: Gliscor|Spikes|p2a: Corviknight\n|-sidestart|p2: Snorlaxchef|Spikes\n|move|p2a: Corviknight|Defog|p1a: Gliscor\n|-unboost|p1a: Gliscor|evasion|1\n|-sideend|p2: Snorlaxchef|Spikes|[from] move: Defog|[of] p2a: Corviknight\n|-sideend|p2: Snorlaxchef|Toxic Spikes|[from] move: Defog|[of] p2a: Corviknight\n|\n|-heal|p1a: Gliscor|100\/100 tox|[from] ability: Poison Heal\n|upkeep\n|turn|73\n|\n|t:|1697742545\n|switch|p2a: Ditto|Ditto|82\/100 brn\n|-transform|p2a: Ditto|p1a: Gliscor|[from] ability: Imposter\n|move|p1a: Gliscor|Spikes|p2a: Ditto\n|-sidestart|p2: Snorlaxchef|Spikes\n|\n|-damage|p2a: Ditto|76\/100 brn|[from] brn\n|upkeep\n|turn|74\n|\n|t:|1697742560\n|switch|p2a: Corviknight|Corviknight, F, shiny|100\/100\n|-ability|p2a: Corviknight|Pressure\n|move|p1a: Gliscor|Knock Off|p2a: Corviknight\n|-damage|p2a: Corviknight|92\/100\n|\n|upkeep\n|turn|75\n|\n|t:|1697742566\n|move|p1a: Gliscor|Toxic Spikes|p2a: Corviknight\n|-sidestart|p2: Snorlaxchef|move: Toxic Spikes\n|move|p2a: Corviknight|Steel Wing|p1a: Gliscor\n|-damage|p1a: Gliscor|87\/100 tox\n|\n|-heal|p1a: Gliscor|99\/100 tox|[from] ability: Poison Heal\n|upkeep\n|turn|76\n|inactive|lukejn555 has 120 seconds left.\n|\n|t:|1697742594\n|move|p1a: Gliscor|Spikes|p2a: Corviknight\n|-sidestart|p2: Snorlaxchef|Spikes\n|move|p2a: Corviknight|Steel Wing|p1a: Gliscor\n|-damage|p1a: Gliscor|87\/100 tox\n|\n|-heal|p1a: Gliscor|99\/100 tox|[from] ability: Poison Heal\n|upkeep\n|turn|77\n|\n|t:|1697742599\n|move|p1a: Gliscor|Spikes|p2a: Corviknight\n|-sidestart|p2: Snorlaxchef|Spikes\n|move|p2a: Corviknight|Defog|p1a: Gliscor\n|-unboost|p1a: Gliscor|evasion|1\n|-sideend|p2: Snorlaxchef|Spikes|[from] move: Defog|[of] p2a: Corviknight\n|-sideend|p2: Snorlaxchef|Toxic Spikes|[from] move: Defog|[of] p2a: Corviknight\n|\n|-heal|p1a: Gliscor|100\/100 tox|[from] ability: Poison Heal\n|upkeep\n|turn|78\n|\n|t:|1697742605\n|move|p1a: Gliscor|Spikes|p2a: Corviknight\n|-sidestart|p2: Snorlaxchef|Spikes\n|move|p2a: Corviknight|Steel Wing|p1a: Gliscor\n|-damage|p1a: Gliscor|86\/100 tox\n|\n|-heal|p1a: Gliscor|99\/100 tox|[from] ability: Poison Heal\n|upkeep\n|turn|79\n|inactive|Snorlaxchef has 120 seconds left.\n|\n|t:|1697742646\n|move|p1a: Gliscor|Toxic Spikes|p2a: Corviknight\n|-sidestart|p2: Snorlaxchef|move: Toxic Spikes\n|move|p2a: Corviknight|Steel Wing|p1a: Gliscor\n|-damage|p1a: Gliscor|84\/100 tox\n|\n|-heal|p1a: Gliscor|96\/100 tox|[from] ability: Poison Heal\n|upkeep\n|turn|80\n|\n|t:|1697742659\n|move|p1a: Gliscor|Toxic Spikes|p2a: Corviknight\n|-sidestart|p2: Snorlaxchef|move: Toxic Spikes\n|move|p2a: Corviknight|Defog|p1a: Gliscor\n|-unboost|p1a: Gliscor|evasion|1\n|-sideend|p2: Snorlaxchef|Spikes|[from] move: Defog|[of] p2a: Corviknight\n|-sideend|p2: Snorlaxchef|Toxic Spikes|[from] move: Defog|[of] p2a: Corviknight\n|\n|-heal|p1a: Gliscor|100\/100 tox|[from] ability: Poison Heal\n|upkeep\n|turn|81\n|inactive|Snorlaxchef has 90 seconds left.\n|\n|t:|1697742717\n|move|p1a: Gliscor|Toxic Spikes|p2a: Corviknight\n|-sidestart|p2: Snorlaxchef|move: Toxic Spikes\n|move|p2a: Corviknight|Steel Wing|p1a: Gliscor\n|-damage|p1a: Gliscor|88\/100 tox\n|\n|-heal|p1a: Gliscor|99\/100 tox|[from] ability: Poison Heal\n|upkeep\n|turn|82\n|\n|t:|1697742728\n|move|p1a: Gliscor|Toxic Spikes|p2a: Corviknight\n|-sidestart|p2: Snorlaxchef|move: Toxic Spikes\n|move|p2a: Corviknight|Steel Wing|p1a: Gliscor\n|-damage|p1a: Gliscor|87\/100 tox\n|\n|-heal|p1a: Gliscor|99\/100 tox|[from] ability: Poison Heal\n|upkeep\n|turn|83\n|\n|t:|1697742736\n|move|p1a: Gliscor|Spikes|p2a: Corviknight\n|-sidestart|p2: Snorlaxchef|Spikes\n|move|p2a: Corviknight|Steel Wing|p1a: Gliscor\n|-crit|p1a: Gliscor\n|-damage|p1a: Gliscor|78\/100 tox\n|\n|-heal|p1a: Gliscor|91\/100 tox|[from] ability: Poison Heal\n|upkeep\n|turn|84\n|\n|t:|1697742743\n|move|p1a: Gliscor|Spikes|p2a: Corviknight\n|-sidestart|p2: Snorlaxchef|Spikes\n|move|p2a: Corviknight|Defog|p1a: Gliscor\n|-unboost|p1a: Gliscor|evasion|1\n|-sideend|p2: Snorlaxchef|Spikes|[from] move: Defog|[of] p2a: Corviknight\n|-sideend|p2: Snorlaxchef|Toxic Spikes|[from] move: Defog|[of] p2a: Corviknight\n|\n|-heal|p1a: Gliscor|100\/100 tox|[from] ability: Poison Heal\n|upkeep\n|turn|85\n|\n|t:|1697742756\n|move|p1a: Gliscor|Spikes|p2a: Corviknight\n|-sidestart|p2: Snorlaxchef|Spikes\n|move|p2a: Corviknight|Steel Wing|p1a: Gliscor\n|-damage|p1a: Gliscor|87\/100 tox\n|\n|-heal|p1a: Gliscor|99\/100 tox|[from] ability: Poison Heal\n|upkeep\n|turn|86\n|inactive|Snorlaxchef has 90 seconds left.\n|\n|t:|1697742791\n|move|p1a: Gliscor|Toxic Spikes|p2a: Corviknight\n|-sidestart|p2: Snorlaxchef|move: Toxic Spikes\n|move|p2a: Corviknight|Defog|p1a: Gliscor\n|-unboost|p1a: Gliscor|evasion|1\n|-sideend|p2: Snorlaxchef|Spikes|[from] move: Defog|[of] p2a: Corviknight\n|-sideend|p2: Snorlaxchef|Toxic Spikes|[from] move: Defog|[of] p2a: Corviknight\n|\n|-heal|p1a: Gliscor|100\/100 tox|[from] ability: Poison Heal\n|upkeep\n|turn|87\n|inactive|lukejn555 has 120 seconds left.\n|\n|t:|1697742824\n|move|p1a: Gliscor|Toxic Spikes|p2a: Corviknight\n|-sidestart|p2: Snorlaxchef|move: Toxic Spikes\n|move|p2a: Corviknight|Steel Wing|p1a: Gliscor\n|-damage|p1a: Gliscor|86\/100 tox\n|\n|-heal|p1a: Gliscor|99\/100 tox|[from] ability: Poison Heal\n|upkeep\n|turn|88\n|inactive|Snorlaxchef has 90 seconds left.\n|\n|t:|1697742832\n|move|p1a: Gliscor|Spikes|p2a: Corviknight\n|-sidestart|p2: Snorlaxchef|Spikes\n|move|p2a: Corviknight|Steel Wing|p1a: Gliscor\n|-damage|p1a: Gliscor|84\/100 tox\n|\n|-heal|p1a: Gliscor|96\/100 tox|[from] ability: Poison Heal\n|upkeep\n|turn|89\n|\n|t:|1697742843\n|move|p1a: Gliscor|Knock Off|p2a: Corviknight\n|-damage|p2a: Corviknight|83\/100\n|move|p2a: Corviknight|Defog|p1a: Gliscor\n|-unboost|p1a: Gliscor|evasion|0\n|-sideend|p2: Snorlaxchef|Spikes|[from] move: Defog|[of] p2a: Corviknight\n|-sideend|p2: Snorlaxchef|Toxic Spikes|[from] move: Defog|[of] p2a: Corviknight\n|\n|-heal|p1a: Gliscor|100\/100 tox|[from] ability: Poison Heal\n|upkeep\n|turn|90\n|inactive|Snorlaxchef has 90 seconds left.\n|\n|t:|1697742863\n|move|p1a: Gliscor|Knock Off|p2a: Corviknight\n|-damage|p2a: Corviknight|75\/100\n|move|p2a: Corviknight|Steel Wing|p1a: Gliscor\n|-damage|p1a: Gliscor|87\/100 tox\n|\n|-heal|p1a: Gliscor|99\/100 tox|[from] ability: Poison Heal\n|upkeep\n|turn|91\n|\n|t:|1697742873\n|move|p2a: Corviknight|Protect|p2a: Corviknight\n|-singleturn|p2a: Corviknight|Protect\n|move|p1a: Gliscor|Knock Off|p2a: Corviknight\n|-activate|p2a: Corviknight|move: Protect\n|\n|-heal|p1a: Gliscor|100\/100 tox|[from] ability: Poison Heal\n|upkeep\n|turn|92\n|inactive|Snorlaxchef has 90 seconds left.\n|\n|t:|1697742891\n|move|p1a: Gliscor|Knock Off|p2a: Corviknight\n|-damage|p2a: Corviknight|65\/100\n|move|p2a: Corviknight|Steel Wing|p1a: Gliscor\n|-damage|p1a: Gliscor|87\/100 tox\n|\n|-heal|p1a: Gliscor|99\/100 tox|[from] ability: Poison Heal\n|upkeep\n|turn|93\n|\n|t:|1697742895\n|move|p1a: Gliscor|Knock Off|p2a: Corviknight\n|-damage|p2a: Corviknight|57\/100\n|move|p2a: Corviknight|Steel Wing|p1a: Gliscor\n|-damage|p1a: Gliscor|86\/100 tox\n|\n|-heal|p1a: Gliscor|99\/100 tox|[from] ability: Poison Heal\n|upkeep\n|turn|94\n|inactive|lukejn555 has 120 seconds left.\n|\n|t:|1697742927\n|move|p2a: Corviknight|Protect|p2a: Corviknight\n|-singleturn|p2a: Corviknight|Protect\n|move|p1a: Gliscor|Knock Off|p2a: Corviknight\n|-activate|p2a: Corviknight|move: Protect\n|\n|-heal|p1a: Gliscor|100\/100 tox|[from] ability: Poison Heal\n|upkeep\n|turn|95\n|inactive|Snorlaxchef has 90 seconds left.\n|\n|t:|1697742947\n|move|p1a: Gliscor|Knock Off|p2a: Corviknight\n|-damage|p2a: Corviknight|48\/100\n|move|p2a: Corviknight|Roost|p2a: Corviknight\n|-heal|p2a: Corviknight|98\/100\n|-singleturn|p2a: Corviknight|move: Roost\n|\n|upkeep\n|turn|96\n|inactive|Snorlaxchef has 90 seconds left.\n|\n|t:|1697742956\n|move|p2a: Corviknight|Protect|p2a: Corviknight\n|-singleturn|p2a: Corviknight|Protect\n|move|p1a: Gliscor|Knock Off|p2a: Corviknight\n|-activate|p2a: Corviknight|move: Protect\n|\n|upkeep\n|turn|97\n|inactive|Snorlaxchef has 90 seconds left.\n|\n|t:|1697742962\n|move|p1a: Gliscor|Knock Off|p2a: Corviknight\n|-damage|p2a: Corviknight|90\/100\n|move|p2a: Corviknight|Steel Wing|p1a: Gliscor\n|-damage|p1a: Gliscor|86\/100 tox\n|\n|-heal|p1a: Gliscor|99\/100 tox|[from] ability: Poison Heal\n|upkeep\n|turn|98\n|inactive|Snorlaxchef has 90 seconds left.\n|\n|t:|1697742970\n|move|p2a: Corviknight|Protect|p2a: Corviknight\n|-singleturn|p2a: Corviknight|Protect\n|move|p1a: Gliscor|Knock Off|p2a: Corviknight\n|-activate|p2a: Corviknight|move: Protect\n|\n|-heal|p1a: Gliscor|100\/100 tox|[from] ability: Poison Heal\n|upkeep\n|turn|99\n|\n|t:|1697742975\n|move|p2a: Corviknight|Protect||[still]\n|-fail|p2a: Corviknight\n|move|p1a: Gliscor|Knock Off|p2a: Corviknight\n|-damage|p2a: Corviknight|81\/100\n|\n|upkeep\n|turn|100\n|\n|t:|1697742977\n|move|p1a: Gliscor|Knock Off|p2a: Corviknight\n|-damage|p2a: Corviknight|72\/100\n|move|p2a: Corviknight|Steel Wing|p1a: Gliscor\n|-damage|p1a: Gliscor|87\/100 tox\n|\n|-heal|p1a: Gliscor|99\/100 tox|[from] ability: Poison Heal\n|upkeep\n|turn|101\n|\n|t:|1697742983\n|move|p1a: Gliscor|Knock Off|p2a: Corviknight\n|-damage|p2a: Corviknight|63\/100\n|move|p2a: Corviknight|Steel Wing|p1a: Gliscor\n|-damage|p1a: Gliscor|86\/100 tox\n|\n|-heal|p1a: Gliscor|99\/100 tox|[from] ability: Poison Heal\n|upkeep\n|turn|102\n|\n|t:|1697742993\n|move|p2a: Corviknight|Protect|p2a: Corviknight\n|-singleturn|p2a: Corviknight|Protect\n|move|p1a: Gliscor|Knock Off|p2a: Corviknight\n|-activate|p2a: Corviknight|move: Protect\n|\n|-heal|p1a: Gliscor|100\/100 tox|[from] ability: Poison Heal\n|upkeep\n|turn|103\n|\n|t:|1697743000\n|switch|p1a: Eternatus|Eternatus|100\/100\n|-ability|p1a: Eternatus|Pressure\n|move|p2a: Corviknight|Roost|p2a: Corviknight\n|-heal|p2a: Corviknight|100\/100\n|-singleturn|p2a: Corviknight|move: Roost\n|\n|upkeep\n|turn|104\n|\n|t:|1697743008\n|switch|p2a: Clodsire|Clodsire, F|100\/100\n|move|p1a: Eternatus|Flamethrower|p2a: Clodsire\n|-damage|p2a: Clodsire|74\/100\n|-damage|p1a: Eternatus|91\/100|[from] item: Life Orb\n|\n|upkeep\n|turn|105\n|inactive|Snorlaxchef has 90 seconds left.\n|\n|t:|1697743026\n|switch|p1a: Gliscor|Gliscor, F, shiny|100\/100 tox\n|move|p2a: Clodsire|Spikes|p1a: Gliscor\n|-sidestart|p1: lukejn555|Spikes\n|\n|upkeep\n|turn|106\n|inactive|Snorlaxchef has 90 seconds left.\n|\n|t:|1697743034\n|switch|p2a: Ditto|Ditto|76\/100 brn\n|-transform|p2a: Ditto|p1a: Gliscor|[from] ability: Imposter\n|move|p1a: Gliscor|Earthquake|p2a: Ditto\n|-immune|p2a: Ditto\n|\n|-damage|p2a: Ditto|70\/100 brn|[from] brn\n|upkeep\n|turn|107\n|inactive|Snorlaxchef has 90 seconds left.\n|\n|t:|1697743050\n|switch|p1a: Eternatus|Eternatus|91\/100\n|-damage|p1a: Eternatus|78\/100|[from] Spikes\n|-ability|p1a: Eternatus|Pressure\n|move|p2a: Ditto|Knock Off|p1a: Eternatus\n|-damage|p1a: Eternatus|69\/100\n|-enditem|p1a: Eternatus|Life Orb|[from] move: Knock Off|[of] p2a: Ditto\n|\n|-damage|p2a: Ditto|64\/100 brn|[from] brn\n|upkeep\n|turn|108\n|c|\u2606Snorlaxchef|Bof\n|\n|t:|1697743063\n|switch|p2a: Clodsire|Clodsire, F|74\/100\n|move|p1a: Eternatus|Dynamax Cannon|p2a: Clodsire\n|-damage|p2a: Clodsire|39\/100\n|\n|upkeep\n|turn|109\n|\n|t:|1697743068\n|move|p1a: Eternatus|Dynamax Cannon|p2a: Clodsire\n|-damage|p2a: Clodsire|9\/100\n|move|p2a: Clodsire|Recover|p2a: Clodsire\n|-heal|p2a: Clodsire|59\/100\n|\n|upkeep\n|turn|110\n|\n|t:|1697743075\n|move|p1a: Eternatus|Dynamax Cannon|p2a: Clodsire\n|-damage|p2a: Clodsire|28\/100\n|move|p2a: Clodsire|Recover|p2a: Clodsire\n|-heal|p2a: Clodsire|78\/100\n|\n|upkeep\n|turn|111\n|\n|t:|1697743091\n|move|p1a: Eternatus|Dynamax Cannon|p2a: Clodsire\n|-damage|p2a: Clodsire|44\/100\n|move|p2a: Clodsire|Recover|p2a: Clodsire\n|-heal|p2a: Clodsire|94\/100\n|\n|upkeep\n|turn|112\n|\n|t:|1697743098\n|switch|p2a: Corviknight|Corviknight, F, shiny|100\/100\n|-ability|p2a: Corviknight|Pressure\n|move|p1a: Eternatus|Dynamax Cannon|p2a: Corviknight\n|-resisted|p2a: Corviknight\n|-damage|p2a: Corviknight|71\/100\n|\n|upkeep\n|turn|113\n|\n|t:|1697743101\n|move|p2a: Corviknight|Protect|p2a: Corviknight\n|-singleturn|p2a: Corviknight|Protect\n|move|p1a: Eternatus|Flamethrower|p2a: Corviknight\n|-activate|p2a: Corviknight|move: Protect\n|\n|upkeep\n|turn|114\n|inactive|Snorlaxchef has 60 seconds left.\n|\n|t:|1697743118\n|move|p1a: Eternatus|Flamethrower|p2a: Corviknight\n|-supereffective|p2a: Corviknight\n|-damage|p2a: Corviknight|0 fnt\n|faint|p2a: Corviknight\n|\n|upkeep\n|inactive|Snorlaxchef has 60 seconds left.\n|\n|t:|1697743126\n|switch|p2a: Clodsire|Clodsire, F|94\/100\n|turn|115\n|inactive|Snorlaxchef has 60 seconds left.\n|\n|t:|1697743138\n|move|p1a: Eternatus|Flamethrower|p2a: Clodsire\n|-damage|p2a: Clodsire|74\/100\n|move|p2a: Clodsire|Earthquake|p1a: Eternatus\n|-supereffective|p1a: Eternatus\n|-damage|p1a: Eternatus|23\/100\n|\n|upkeep\n|turn|116\n|\n|t:|1697743143\n|move|p1a: Eternatus|Flamethrower|p2a: Clodsire\n|-damage|p2a: Clodsire|54\/100\n|move|p2a: Clodsire|Earthquake|p1a: Eternatus\n|-supereffective|p1a: Eternatus\n|-damage|p1a: Eternatus|0 fnt\n|faint|p1a: Eternatus\n|\n|upkeep\n|\n|t:|1697743147\n|switch|p1a: Gliscor|Gliscor, F, shiny|100\/100 tox\n|turn|117\n|inactive|Snorlaxchef has 60 seconds left.\n|\n|t:|1697743164\n|switch|p2a: Ditto|Ditto|64\/100 brn\n|-transform|p2a: Ditto|p1a: Gliscor|[from] ability: Imposter\n|move|p1a: Gliscor|Earthquake|p2a: Ditto\n|-immune|p2a: Ditto\n|\n|-damage|p2a: Ditto|58\/100 brn|[from] brn\n|upkeep\n|turn|118\n|inactive|lukejn555 has 120 seconds left.\n|inactive|Snorlaxchef has 30 seconds left.\n|inactive|lukejn555 has 90 seconds left.\n|\n|t:|1697743224\n|switch|p1a: Arceus|Arceus-Ghost|100\/100\n|-damage|p1a: Arceus|88\/100|[from] Spikes\n|move|p2a: Ditto|Toxic Spikes|p1a: Arceus\n|-sidestart|p1: lukejn555|move: Toxic Spikes\n|\n|-damage|p2a: Ditto|52\/100 brn|[from] brn\n|upkeep\n|turn|119\n|inactive|Snorlaxchef has 30 seconds left this turn.\n|inactive|Snorlaxchef has 20 seconds left.\n|\n|t:|1697743239\n|switch|p2a: Skeledirge|Skeledirge, M|94\/100\n|move|p1a: Arceus|Judgment|p2a: Skeledirge\n|-supereffective|p2a: Skeledirge\n|-damage|p2a: Skeledirge|0 fnt\n|faint|p2a: Skeledirge\n|\n|upkeep\n|inactive|Snorlaxchef has 25 seconds left this turn.\n|\n|t:|1697743241\n|switch|p2a: Clodsire|Clodsire, F|54\/100\n|turn|120\n|inactive|Snorlaxchef has 30 seconds left this turn.\n|inactive|Snorlaxchef has 20 seconds left.\n|\n|t:|1697743252\n|move|p1a: Arceus|Judgment|p2a: Clodsire\n|-crit|p2a: Clodsire\n|-damage|p2a: Clodsire|16\/100\n|move|p2a: Clodsire|Toxic|p1a: Arceus\n|-status|p1a: Arceus|tox\n|\n|-damage|p1a: Arceus|82\/100 tox|[from] psn\n|upkeep\n|turn|121\n|inactive|Snorlaxchef has 25 seconds left this turn.\n|inactive|Snorlaxchef has 20 seconds left.\n|c|\u2606Snorlaxchef|No way\n|inactive|Snorlaxchef has 15 seconds left.\n|\n|t:|1697743264\n|-terastallize|p2a: Clodsire|Dark\n|move|p1a: Arceus|Judgment|p2a: Clodsire\n|-resisted|p2a: Clodsire\n|-damage|p2a: Clodsire|3\/100\n|move|p2a: Clodsire|Recover|p2a: Clodsire\n|-heal|p2a: Clodsire|53\/100\n|\n|-damage|p1a: Arceus|70\/100 tox|[from] psn\n|upkeep\n|turn|122\n|inactive|Snorlaxchef has 20 seconds left this turn.\n|inactive|Snorlaxchef has 15 seconds left.\n|inactive|Snorlaxchef has 10 seconds left.\n|\n|t:|1697743276\n|move|p1a: Arceus|Aura Sphere|p2a: Clodsire\n|-supereffective|p2a: Clodsire\n|-damage|p2a: Clodsire|27\/100\n|move|p2a: Clodsire|Earthquake|p1a: Arceus\n|-damage|p1a: Arceus|53\/100 tox\n|\n|-damage|p1a: Arceus|35\/100 tox|[from] psn\n|upkeep\n|turn|123\n|inactive|Snorlaxchef has 15 seconds left this turn.\n|\n|t:|1697743281\n|switch|p1a: Gliscor|Gliscor, F, shiny|100\/100 tox\n|move|p2a: Clodsire|Earthquake|p1a: Gliscor\n|-immune|p1a: Gliscor\n|\n|upkeep\n|turn|124\n|inactive|Snorlaxchef has 20 seconds left this turn.\n|\n|t:|1697743285\n|switch|p2a: Ditto|Ditto|52\/100 brn\n|-transform|p2a: Ditto|p1a: Gliscor|[from] ability: Imposter\n|move|p1a: Gliscor|Earthquake|p2a: Ditto\n|-immune|p2a: Ditto\n|\n|-damage|p2a: Ditto|46\/100 brn|[from] brn\n|upkeep\n|turn|125\n|inactive|Snorlaxchef has 25 seconds left this turn.\n|inactive|Snorlaxchef has 20 seconds left.\n|\n|t:|1697743294\n|switch|p1a: Arceus|Arceus-Ghost|35\/100 tox\n|-damage|p1a: Arceus|23\/100 tox|[from] Spikes\n|move|p2a: Ditto|Knock Off|p1a: Arceus\n|-supereffective|p1a: Arceus\n|-damage|p1a: Arceus|14\/100 tox\n|\n|-damage|p1a: Arceus|7\/100 tox|[from] psn\n|-damage|p2a: Ditto|40\/100 brn|[from] brn\n|upkeep\n|turn|126\n|inactive|Snorlaxchef has 25 seconds left this turn.\n|inactive|lukejn555 has 120 seconds left.\n|inactive|Snorlaxchef has 20 seconds left.\n|inactive|Snorlaxchef has 15 seconds left.\n|inactive|Snorlaxchef has 10 seconds left.\n|\n|t:|1697743312\n|switch|p2a: Clodsire|Clodsire, F, tera:Dark|27\/100\n|move|p1a: Arceus|Recover|p1a: Arceus\n|-heal|p1a: Arceus|58\/100 tox\n|\n|-damage|p1a: Arceus|45\/100 tox|[from] psn\n|upkeep\n|turn|127\n|inactive|Snorlaxchef has 15 seconds left this turn.\n|\n|t:|1697743316\n|move|p1a: Arceus|Recover|p1a: Arceus\n|-heal|p1a: Arceus|96\/100 tox\n|move|p2a: Clodsire|Earthquake|p1a: Arceus\n|-damage|p1a: Arceus|79\/100 tox\n|\n|-damage|p1a: Arceus|61\/100 tox|[from] psn\n|upkeep\n|turn|128\n|inactive|Snorlaxchef has 20 seconds left this turn.\n|\n|t:|1697743319\n|switch|p1a: Gliscor|Gliscor, F, shiny|100\/100 tox\n|move|p2a: Clodsire|Earthquake|p1a: Gliscor\n|-immune|p1a: Gliscor\n|\n|upkeep\n|turn|129\n|inactive|Snorlaxchef has 25 seconds left this turn.\n|inactive|Snorlaxchef has 20 seconds left.\n|\n|t:|1697743324\n|switch|p2a: Ditto|Ditto|40\/100 brn\n|-transform|p2a: Ditto|p1a: Gliscor|[from] ability: Imposter\n|move|p1a: Gliscor|Earthquake|p2a: Ditto\n|-immune|p2a: Ditto\n|\n|-damage|p2a: Ditto|34\/100 brn|[from] brn\n|upkeep\n|turn|130\n|inactive|Snorlaxchef has 25 seconds left this turn.\n|inactive|Snorlaxchef has 20 seconds left.\n|\n|t:|1697743332\n|move|p2a: Ditto|Spikes|p1a: Gliscor\n|-sidestart|p1: lukejn555|Spikes\n|move|p1a: Gliscor|Earthquake|p2a: Ditto\n|-immune|p2a: Ditto\n|\n|-damage|p2a: Ditto|29\/100 brn|[from] brn\n|upkeep\n|turn|131\n|inactive|Snorlaxchef has 25 seconds left this turn.\n|\n|t:|1697743335\n|move|p2a: Ditto|Spikes|p1a: Gliscor\n|-sidestart|p1: lukejn555|Spikes\n|move|p1a: Gliscor|Earthquake|p2a: Ditto\n|-immune|p2a: Ditto\n|\n|-damage|p2a: Ditto|22\/100 brn|[from] brn\n|upkeep\n|turn|132\n|inactive|Snorlaxchef has 30 seconds left this turn.\n|\n|t:|1697743339\n|move|p2a: Ditto|Spikes||[still]\n|-fail|p2a: Ditto\n|move|p1a: Gliscor|Earthquake|p2a: Ditto\n|-immune|p2a: Ditto\n|\n|-damage|p2a: Ditto|16\/100 brn|[from] brn\n|upkeep\n|turn|133\n|\n|t:|1697743342\n|move|p2a: Ditto|Spikes||[still]\n|-fail|p2a: Ditto\n|move|p1a: Gliscor|Earthquake|p2a: Ditto\n|-immune|p2a: Ditto\n|\n|-damage|p2a: Ditto|10\/100 brn|[from] brn\n|upkeep\n|turn|134\n|\n|t:|1697743352\n|switch|p2a: Clodsire|Clodsire, F, tera:Dark|27\/100\n|move|p1a: Gliscor|Earthquake|p2a: Clodsire\n|-damage|p2a: Clodsire|0 fnt\n|faint|p2a: Clodsire\n|\n|upkeep\n|\n|t:|1697743353\n|switch|p2a: Ditto|Ditto|10\/100 brn\n|-transform|p2a: Ditto|p1a: Gliscor|[from] ability: Imposter\n|turn|135\n|-message|Snorlaxchef forfeited.\n|\n|win|lukejn555\n|raw|lukejn555's rating: 1283 &rarr; <strong>1324<\/strong><br \/>(+41 for winning)\n|raw|Snorlaxchef's rating: 1555 &rarr; <strong>1522<\/strong><br \/>(-33 for losing)\n|l|\u2606Snorlaxchef\n|c|\u2606lukejn555|sucks to suck\n|c|\u2606lukejn555|lmao\n|c|\u2606lukejn555|sat here all this time for nothing\n","uploadtime":1697743403,"views":6,"p1id":"lukejn555","p2id":"snorlaxchef","formatid":"gen9ubers","rating":1324,"private":0,"password":""}