{"id":"gen9ubers-1970779990","p1":"Paragondegree","p2":"GerrytheHeeHo","format":"[Gen 9] Ubers","log":"|j|\u2606Paragondegree\n|j|\u2606GerrytheHeeHo\n|t:|1697666427\n|gametype|singles\n|player|p1|Paragondegree|2|\n|player|p2|GerrytheHeeHo|brock-gen1rb|\n|teamsize|p1|6\n|teamsize|p2|6\n|gen|9\n|tier|[Gen 9] Ubers\n|rule|Sleep Clause Mod: Limit one foe put to sleep\n|rule|Species Clause: Limit one of each Pok\u00e9mon\n|rule|OHKO Clause: OHKO moves are banned\n|rule|Evasion Items Clause: Evasion items are banned\n|rule|Evasion Moves Clause: Evasion moves are banned\n|rule|Endless Battle Clause: Forcing endless battles is banned\n|rule|HP Percentage Mod: HP is shown in percentages\n|clearpoke\n|poke|p1|Cutiefly, M|\n|poke|p1|Shaymin-Sky|\n|poke|p1|Cyclizar, M|\n|poke|p1|Arceus-Fire|\n|poke|p1|Zamazenta-*|\n|poke|p1|Palkia-Origin|\n|poke|p2|Tyranitar, F|\n|poke|p2|Houndstone, M|\n|poke|p2|Magearna|\n|poke|p2|Shaymin-Sky|\n|poke|p2|Donphan, M|\n|poke|p2|Arceus-Grass|\n|teampreview\n|inactive|Battle timer is ON: inactive players will automatically lose when time's up. (requested by Paragondegree)\n|\n|t:|1697666440\n|start\n|switch|p1a: BZZZZZZZZZZZZZZ|Cutiefly, M, shiny|100\/100\n|switch|p2a: so what!|Shaymin-Sky|100\/100\n|turn|1\n|c|\u2606Paragondegree|sand base team?\n|c|\u2606GerrytheHeeHo|ya\n|c|\u2606GerrytheHeeHo|cutiefly is based\n|c|\u2606Paragondegree|very cool\n|\n|t:|1697666453\n|move|p2a: so what!|Air Slash|p1a: BZZZZZZZZZZZZZZ\n|-supereffective|p1a: BZZZZZZZZZZZZZZ\n|-enditem|p1a: BZZZZZZZZZZZZZZ|Focus Sash\n|-damage|p1a: BZZZZZZZZZZZZZZ|1\/100\n|move|p1a: BZZZZZZZZZZZZZZ|Sticky Web|p2a: so what!\n|-sidestart|p2: GerrytheHeeHo|move: Sticky Web\n|\n|upkeep\n|turn|2\n|c|\u2606Paragondegree|60% flinch chance\n|\n|t:|1697666466\n|move|p2a: so what!|Air Slash|p1a: BZZZZZZZZZZZZZZ\n|-supereffective|p1a: BZZZZZZZZZZZZZZ\n|-damage|p1a: BZZZZZZZZZZZZZZ|0 fnt\n|faint|p1a: BZZZZZZZZZZZZZZ\n|\n|upkeep\n|c|\u2606GerrytheHeeHo|no shield dust?\n|c|\u2606Paragondegree|oh i didn't run that\n|inactive|Paragondegree has 270 seconds left.\n|c|\u2606Paragondegree|Iweak Shaymin-sky\n|c|\u2606Paragondegree|!weak shaymin-Sky\n|c| Paragondegree|\/raw <div class=\"infobox\">Shaymin-Sky (ignoring abilities):<br \/><span class=\"message-effect-weak\">Weaknesses<\/span>: Fire, Flying, <b>Ice<\/b>, Poison, Rock<br \/><span class=\"message-effect-resist\">Resistances<\/span>: Fighting, <b>Grass<\/b>, Water<br \/><span class=\"message-effect-immune\">Immunities<\/span>: Ground, Powder moves<\/div>\n|\n|t:|1697666514\n|switch|p1a: Tall grass|Shaymin-Sky|100\/100\n|turn|3\n|\n|t:|1697666520\n|move|p1a: Tall grass|Air Slash|p2a: so what!\n|-supereffective|p2a: so what!\n|-crit|p2a: so what!\n|-damage|p2a: so what!|0 fnt\n|faint|p2a: so what!\n|\n|upkeep\n|\n|t:|1697666525\n|switch|p2a: rayearth|Magearna|100\/100\n|-activate|p2a: rayearth|move: Sticky Web\n|-unboost|p2a: rayearth|spe|1\n|turn|4\n|\n|t:|1697666531\n|switch|p1a: Palkia|Palkia-Origin|100\/100\n|-ability|p1a: Palkia|Pressure\n|move|p2a: rayearth|Calm Mind|p2a: rayearth\n|-boost|p2a: rayearth|spa|1\n|-boost|p2a: rayearth|spd|1\n|\n|upkeep\n|turn|5\n|inactive|Paragondegree has 270 seconds left.\n|\n|t:|1697666540\n|move|p1a: Palkia|Flamethrower|p2a: rayearth\n|-supereffective|p2a: rayearth\n|-crit|p2a: rayearth\n|-damage|p2a: rayearth|8\/100\n|move|p2a: rayearth|Calm Mind|p2a: rayearth\n|-boost|p2a: rayearth|spa|1\n|-boost|p2a: rayearth|spd|1\n|\n|upkeep\n|turn|6\n|\n|t:|1697666547\n|-terastallize|p2a: rayearth|Water\n|move|p1a: Palkia|Flamethrower|p2a: rayearth\n|-resisted|p2a: rayearth\n|-damage|p2a: rayearth|2\/100\n|move|p2a: rayearth|Draining Kiss|p1a: Palkia\n|-supereffective|p1a: Palkia\n|-damage|p1a: Palkia|18\/100\n|-heal|p2a: rayearth|56\/100|[from] drain|[of] p1a: Palkia\n|\n|upkeep\n|turn|7\n|inactive|Paragondegree has 270 seconds left.\n|\n|t:|1697666562\n|move|p1a: Palkia|Spacial Rend|p2a: rayearth\n|-crit|p2a: rayearth\n|-damage|p2a: rayearth|0 fnt\n|faint|p2a: rayearth\n|\n|upkeep\n|\n|t:|1697666566\n|switch|p2a: president grant|Donphan, M|100\/100\n|turn|8\n|\n|t:|1697666574\n|-terastallize|p1a: Palkia|Water\n|move|p1a: Palkia|Surf|p2a: president grant\n|-supereffective|p2a: president grant\n|-ability|p2a: president grant|Sturdy\n|-damage|p2a: president grant|1\/100\n|move|p2a: president grant|Rapid Spin|p1a: Palkia\n|-damage|p1a: Palkia|0 fnt\n|-boost|p2a: president grant|spe|1\n|-sideend|p2: GerrytheHeeHo|Sticky Web|[from] move: Rapid Spin|[of] p2a: president grant\n|faint|p1a: Palkia\n|\n|upkeep\n|c|\u2606Paragondegree|oh ye\n|inactive|Paragondegree has 270 seconds left.\n|\n|t:|1697666592\n|switch|p1a: Zoomer|Cyclizar, M|100\/100\n|turn|9\n|\n|t:|1697666600\n|move|p2a: president grant|Ice Shard|p1a: Zoomer\n|-supereffective|p1a: Zoomer\n|-damage|p1a: Zoomer|49\/100\n|move|p1a: Zoomer|Shed Tail|p1a: Zoomer\n|-fail|p1a: Zoomer|move: Shed Tail|[weak]\n|\n|upkeep\n|turn|10\n|\n|t:|1697666612\n|switch|p1a: dog|Zamazenta-Crowned|100\/100\n|-ability|p1a: dog|Dauntless Shield|boost\n|-boost|p1a: dog|def|1\n|move|p2a: president grant|Ice Shard|p1a: dog\n|-resisted|p1a: dog\n|-damage|p1a: dog|97\/100\n|\n|upkeep\n|turn|11\n|\n|t:|1697666622\n|switch|p2a: jebbey|Arceus-Grass|100\/100\n|move|p1a: dog|Iron Defense|p1a: dog\n|-boost|p1a: dog|def|2\n|\n|upkeep\n|turn|12\n|\n|t:|1697666632\n|move|p1a: dog|Body Press|p2a: jebbey\n|-damage|p2a: jebbey|18\/100\n|move|p2a: jebbey|Roar|p1a: dog\n|drag|p1a: Tall grass|Shaymin-Sky|100\/100\n|\n|upkeep\n|turn|13\n|\n|t:|1697666640\n|move|p1a: Tall grass|Air Slash|p2a: jebbey\n|-supereffective|p2a: jebbey\n|-crit|p2a: jebbey\n|-damage|p2a: jebbey|0 fnt\n|faint|p2a: jebbey\n|\n|upkeep\n|\n|t:|1697666643\n|switch|p2a: lucas|Tyranitar, F|100\/100\n|-weather|Sandstorm|[from] ability: Sand Stream|[of] p2a: lucas\n|turn|14\n|\n|t:|1697666651\n|switch|p1a: Zoomer|Cyclizar, M|82\/100\n|move|p2a: lucas|Thunder Wave|p1a: Zoomer\n|-status|p1a: Zoomer|par\n|\n|-weather|Sandstorm|[upkeep]\n|-damage|p1a: Zoomer|76\/100 par|[from] Sandstorm\n|upkeep\n|turn|15\n|c|\u2606Paragondegree|not cool\n|\n|t:|1697666667\n|move|p1a: Zoomer|Ice Spinner|p2a: lucas\n|-damage|p2a: lucas|83\/100\n|move|p2a: lucas|Low Kick|p1a: Zoomer\n|-supereffective|p1a: Zoomer\n|-damage|p1a: Zoomer|0 fnt\n|faint|p1a: Zoomer\n|\n|-weather|Sandstorm|[upkeep]\n|-heal|p2a: lucas|89\/100|[from] item: Leftovers\n|upkeep\n|\n|t:|1697666683\n|switch|p1a: dog|Zamazenta-Crowned|97\/100\n|turn|16\n|inactive|Paragondegree has 270 seconds left.\n|\n|t:|1697666700\n|move|p1a: dog|Body Press|p2a: lucas\n|-supereffective|p2a: lucas\n|-damage|p2a: lucas|0 fnt\n|faint|p2a: lucas\n|\n|-weather|Sandstorm|[upkeep]\n|upkeep\n|\n|t:|1697666702\n|switch|p2a: RARIATTO!!!|Houndstone, M|100\/100\n|turn|17\n|\n|t:|1697666708\n|move|p2a: RARIATTO!!!|Last Respects|p1a: dog\n|-damage|p1a: dog|0 fnt\n|faint|p1a: dog\n|\n|-weather|Sandstorm|[upkeep]\n|upkeep\n|\n|t:|1697666713\n|switch|p1a: Tall grass|Shaymin-Sky|100\/100\n|turn|18\n|\n|t:|1697666716\n|move|p1a: Tall grass|Air Slash|p2a: RARIATTO!!!|[miss]\n|-miss|p1a: Tall grass|p2a: RARIATTO!!!\n|move|p2a: RARIATTO!!!|Last Respects|p1a: Tall grass\n|-damage|p1a: Tall grass|0 fnt\n|faint|p1a: Tall grass\n|\n|-weather|none\n|upkeep\n|c|\u2606Paragondegree|OH MY FUCKING GOD\n|\n|t:|1697666725\n|switch|p1a: god|Arceus-Fire|100\/100\n|turn|19\n|\n|t:|1697666729\n|move|p1a: god|Judgment|p2a: RARIATTO!!!\n|-damage|p2a: RARIATTO!!!|19\/100\n|move|p2a: RARIATTO!!!|Last Respects|p1a: god\n|-damage|p1a: god|0 fnt\n|faint|p1a: god\n|\n|win|GerrytheHeeHo\n|c|\u2606GerrytheHeeHo|gg\n|c|\u2606Paragondegree|gg\n|l|\u2606Paragondegree\n","uploadtime":1697666741,"views":28,"p1id":"paragondegree","p2id":"gerrytheheeho","formatid":"gen9ubers","rating":0,"private":0,"password":""}