{"id":"gen9ubers-1973114638","p1":"qwerrorwerty","p2":"aiac10","format":"[Gen 9] Ubers","log":"|j|\u2606qwerrorwerty\n|j|\u2606aiac10\n|t:|1697929222\n|gametype|singles\n|player|p1|qwerrorwerty|2|1091\n|player|p2|aiac10|lucas|1114\n|teamsize|p1|6\n|teamsize|p2|6\n|gen|9\n|tier|[Gen 9] Ubers\n|rated|\n|rule|Sleep Clause Mod: Limit one foe put to sleep\n|rule|Species Clause: Limit one of each Pok\u00e9mon\n|rule|OHKO Clause: OHKO moves are banned\n|rule|Evasion Items Clause: Evasion items are banned\n|rule|Evasion Moves Clause: Evasion moves are banned\n|rule|Endless Battle Clause: Forcing endless battles is banned\n|rule|HP Percentage Mod: HP is shown in percentages\n|clearpoke\n|poke|p1|Annihilape, M|\n|poke|p1|Baxcalibur, F|\n|poke|p1|Palafin, M|\n|poke|p1|Espathra, F|\n|poke|p1|Pawmot, M|\n|poke|p1|Ursaluna-Bloodmoon, M|\n|poke|p2|Staraptor, F|\n|poke|p2|Luxray, F|\n|poke|p2|Dialga-Origin|\n|poke|p2|Lucario, M|\n|poke|p2|Giratina-Origin|\n|poke|p2|Garchomp, F|\n|teampreview\n|\n|t:|1697929238\n|start\n|switch|p1a: Annihilape|Annihilape, M|100\/100\n|switch|p2a: Giratina|Giratina-Origin|100\/100\n|turn|1\n|\n|t:|1697929265\n|move|p1a: Annihilape|Phantom Force||[still]\n|-prepare|p1a: Annihilape|Phantom Force\n|move|p2a: Giratina|Dragon Tail|p1a: Annihilape|[miss]\n|-miss|p2a: Giratina|p1a: Annihilape\n|\n|upkeep\n|turn|2\n|\n|t:|1697929277\n|move|p1a: Annihilape|Phantom Force|p2a: Giratina|[from]lockedmove\n|-supereffective|p2a: Giratina\n|-damage|p2a: Giratina|54\/100\n|move|p2a: Giratina|Dragon Tail|p1a: Annihilape\n|-damage|p1a: Annihilape|60\/100\n|drag|p1a: Espathra|Espathra, F|100\/100\n|\n|upkeep\n|turn|3\n|\n|t:|1697929287\n|move|p1a: Espathra|Protect|p1a: Espathra\n|-singleturn|p1a: Espathra|Protect\n|move|p2a: Giratina|Poltergeist|p1a: Espathra\n|-activate|p1a: Espathra|move: Protect\n|\n|-ability|p1a: Espathra|Speed Boost|boost\n|-boost|p1a: Espathra|spe|1\n|upkeep\n|turn|4\n|\n|t:|1697929304\n|switch|p1a: Ursaluna|Ursaluna-Bloodmoon, M|100\/100\n|move|p2a: Giratina|Poltergeist|p1a: Ursaluna\n|-immune|p1a: Ursaluna\n|\n|upkeep\n|turn|5\n|\n|t:|1697929313\n|move|p1a: Ursaluna|Moonblast|p2a: Giratina\n|-supereffective|p2a: Giratina\n|-damage|p2a: Giratina|3\/100\n|move|p2a: Giratina|Dragon Tail|p1a: Ursaluna\n|-damage|p1a: Ursaluna|72\/100\n|drag|p1a: Pawmot|Pawmot, M|100\/100\n|\n|upkeep\n|turn|6\n|\n|t:|1697929329\n|switch|p1a: Ursaluna|Ursaluna-Bloodmoon, M|72\/100\n|move|p2a: Giratina|Dragon Tail|p1a: Ursaluna|[miss]\n|-miss|p2a: Giratina|p1a: Ursaluna\n|\n|-heal|p1a: Ursaluna|78\/100|[from] item: Leftovers\n|upkeep\n|turn|7\n|\n|t:|1697929336\n|move|p1a: Ursaluna|Moonblast|p2a: Giratina\n|-supereffective|p2a: Giratina\n|-damage|p2a: Giratina|0 fnt\n|faint|p2a: Giratina\n|\n|-heal|p1a: Ursaluna|84\/100|[from] item: Leftovers\n|upkeep\n|\n|t:|1697929342\n|switch|p2a: Lucario|Lucario, M|100\/100\n|turn|8\n|\n|t:|1697929352\n|switch|p1a: Annihilape|Annihilape, M|60\/100\n|move|p2a: Lucario|Close Combat|p1a: Annihilape\n|-immune|p1a: Annihilape\n|\n|upkeep\n|turn|9\n|\n|t:|1697929373\n|move|p1a: Annihilape|Gunk Shot|p2a: Lucario\n|-immune|p2a: Lucario\n|move|p2a: Lucario|Steel Beam|p1a: Annihilape\n|-damage|p1a: Annihilape|2\/100\n|-damage|p2a: Lucario|50\/100|[from] steelbeam\n|\n|upkeep\n|turn|10\n|\n|t:|1697929380\n|switch|p1a: Ursaluna|Ursaluna-Bloodmoon, M|84\/100\n|move|p2a: Lucario|Extreme Speed|p1a: Ursaluna\n|-damage|p1a: Ursaluna|71\/100\n|\n|-heal|p1a: Ursaluna|77\/100|[from] item: Leftovers\n|upkeep\n|turn|11\n|\n|t:|1697929388\n|switch|p1a: Annihilape|Annihilape, M|2\/100\n|move|p2a: Lucario|Close Combat|p1a: Annihilape\n|-immune|p1a: Annihilape\n|\n|upkeep\n|turn|12\n|\n|t:|1697929396\n|move|p1a: Annihilape|Cross Chop|p2a: Lucario\n|-supereffective|p2a: Lucario\n|-damage|p2a: Lucario|0 fnt\n|faint|p2a: Lucario\n|\n|upkeep\n|\n|t:|1697929403\n|switch|p2a: Staraptor|Staraptor, F|100\/100\n|-ability|p2a: Staraptor|Intimidate|boost\n|-fail|p1a: Annihilape|unboost|Attack|[from] ability: Inner Focus|[of] p1a: Annihilape\n|turn|13\n|\n|t:|1697929409\n|move|p1a: Annihilape|Cross Chop|p2a: Staraptor|[miss]\n|-miss|p1a: Annihilape|p2a: Staraptor\n|move|p2a: Staraptor|Heat Wave|p1a: Annihilape\n|-damage|p1a: Annihilape|0 fnt\n|faint|p1a: Annihilape\n|\n|upkeep\n|\n|t:|1697929424\n|switch|p1a: Espathra|Espathra, F|100\/100\n|turn|14\n|\n|t:|1697929442\n|move|p1a: Espathra|Protect|p1a: Espathra\n|-singleturn|p1a: Espathra|Protect\n|move|p2a: Staraptor|Brave Bird|p1a: Espathra\n|-activate|p1a: Espathra|move: Protect\n|\n|-ability|p1a: Espathra|Speed Boost|boost\n|-boost|p1a: Espathra|spe|1\n|upkeep\n|turn|15\n|\n|t:|1697929466\n|switch|p2a: Luxray|Luxray, F|100\/100\n|-ability|p2a: Luxray|Intimidate|boost\n|-unboost|p1a: Espathra|atk|1\n|move|p1a: Espathra|Calm Mind|p1a: Espathra\n|-boost|p1a: Espathra|spa|1\n|-boost|p1a: Espathra|spd|1\n|\n|-ability|p1a: Espathra|Speed Boost|boost\n|-boost|p1a: Espathra|spe|1\n|upkeep\n|turn|16\n|\n|t:|1697929505\n|move|p1a: Espathra|Protect|p1a: Espathra\n|-singleturn|p1a: Espathra|Protect\n|move|p2a: Luxray|Crunch|p1a: Espathra\n|-activate|p1a: Espathra|move: Protect\n|\n|-ability|p1a: Espathra|Speed Boost|boost\n|-boost|p1a: Espathra|spe|1\n|upkeep\n|turn|17\n|\n|t:|1697929519\n|move|p1a: Espathra|Stored Power|p2a: Luxray\n|-damage|p2a: Luxray|17\/100\n|-enditem|p2a: Luxray|Sitrus Berry|[eat]\n|-heal|p2a: Luxray|42\/100|[from] item: Sitrus Berry\n|move|p2a: Luxray|Crunch|p1a: Espathra\n|-supereffective|p1a: Espathra\n|-damage|p1a: Espathra|54\/100\n|\n|-ability|p1a: Espathra|Speed Boost|boost\n|-boost|p1a: Espathra|spe|1\n|upkeep\n|turn|18\n|\n|t:|1697929531\n|move|p1a: Espathra|Calm Mind|p1a: Espathra\n|-boost|p1a: Espathra|spa|1\n|-boost|p1a: Espathra|spd|1\n|move|p2a: Luxray|Thunder|p1a: Espathra|[miss]\n|-miss|p2a: Luxray|p1a: Espathra\n|\n|-ability|p1a: Espathra|Speed Boost|boost\n|-boost|p1a: Espathra|spe|1\n|upkeep\n|turn|19\n|\n|t:|1697929543\n|move|p1a: Espathra|Protect|p1a: Espathra\n|-singleturn|p1a: Espathra|Protect\n|move|p2a: Luxray|Thunder|p1a: Espathra\n|-activate|p1a: Espathra|move: Protect\n|\n|-ability|p1a: Espathra|Speed Boost|boost\n|-boost|p1a: Espathra|spe|1\n|upkeep\n|turn|20\n|\n|t:|1697929556\n|move|p1a: Espathra|Calm Mind|p1a: Espathra\n|-boost|p1a: Espathra|spa|1\n|-boost|p1a: Espathra|spd|1\n|move|p2a: Luxray|Crunch|p1a: Espathra\n|-supereffective|p1a: Espathra\n|-damage|p1a: Espathra|2\/100\n|\n|upkeep\n|turn|21\n|\n|t:|1697929564\n|move|p1a: Espathra|Stored Power|p2a: Luxray\n|-damage|p2a: Luxray|0 fnt\n|faint|p2a: Luxray\n|\n|upkeep\n|\n|t:|1697929571\n|switch|p2a: Staraptor|Staraptor, F|100\/100\n|-ability|p2a: Staraptor|Intimidate|boost\n|-unboost|p1a: Espathra|atk|1\n|turn|22\n|\n|t:|1697929575\n|move|p1a: Espathra|Stored Power|p2a: Staraptor\n|-damage|p2a: Staraptor|0 fnt\n|faint|p2a: Staraptor\n|\n|upkeep\n|\n|t:|1697929580\n|switch|p2a: Garchomp|Garchomp, F|100\/100\n|turn|23\n|\n|t:|1697929584\n|move|p1a: Espathra|Stored Power|p2a: Garchomp\n|-damage|p2a: Garchomp|0 fnt\n|faint|p2a: Garchomp\n|\n|upkeep\n|\n|t:|1697929594\n|switch|p2a: Dialga|Dialga-Origin|100\/100\n|-ability|p2a: Dialga|Pressure\n|turn|24\n|\n|t:|1697929601\n|move|p1a: Espathra|Stored Power|p2a: Dialga\n|-resisted|p2a: Dialga\n|-damage|p2a: Dialga|9\/100\n|move|p2a: Dialga|Aura Sphere|p1a: Espathra\n|-resisted|p1a: Espathra\n|-damage|p1a: Espathra|0 fnt\n|faint|p1a: Espathra\n|\n|upkeep\n|\n|t:|1697929610\n|switch|p1a: Palafin|Palafin, M|100\/100\n|turn|25\n|\n|t:|1697929614\n|-terastallize|p1a: Palafin|Water\n|move|p2a: Dialga|Draco Meteor|p1a: Palafin\n|-damage|p1a: Palafin|0 fnt\n|-unboost|p2a: Dialga|spa|2\n|faint|p1a: Palafin\n|\n|upkeep\n|\n|t:|1697929625\n|switch|p1a: Baxcalibur|Baxcalibur, F|100\/100\n|turn|26\n|\n|t:|1697929630\n|move|p2a: Dialga|Draco Meteor|p1a: Baxcalibur\n|-supereffective|p1a: Baxcalibur\n|-damage|p1a: Baxcalibur|9\/100\n|-unboost|p2a: Dialga|spa|2\n|move|p1a: Baxcalibur|Dragon Dance|p1a: Baxcalibur\n|-boost|p1a: Baxcalibur|atk|1\n|-boost|p1a: Baxcalibur|spe|1\n|\n|upkeep\n|turn|27\n|\n|t:|1697929641\n|move|p1a: Baxcalibur|Earthquake|p2a: Dialga\n|-supereffective|p2a: Dialga\n|-damage|p2a: Dialga|0 fnt\n|faint|p2a: Dialga\n|\n|win|qwerrorwerty\n|raw|qwerrorwerty's rating: 1091 &rarr; <strong>1119<\/strong><br \/>(+28 for winning)\n|raw|aiac10's rating: 1114 &rarr; <strong>1087<\/strong><br \/>(-27 for losing)\n|l|\u2606aiac10\n","uploadtime":1697929678,"views":16,"p1id":"qwerrorwerty","p2id":"aiac10","formatid":"gen9ubers","rating":1087,"private":0,"password":""}