{"id":"gen9ubers-1996354808","p1":"Spaghider","p2":"Emilchelo","format":"[Gen 9] Ubers","log":"|j|\u2606Spaghider\n|j|\u203dEmilchelo\n|t:|1700674104\n|gametype|singles\n|player|p1|Spaghider|dawn-gen4pt|1020\n|player|p2|Emilchelo|170|1078\n|teamsize|p1|6\n|teamsize|p2|6\n|gen|9\n|tier|[Gen 9] Ubers\n|rated|\n|rule|Sleep Clause Mod: Limit one foe put to sleep\n|rule|Species Clause: Limit one of each Pok\u00e9mon\n|rule|OHKO Clause: OHKO moves are banned\n|rule|Evasion Items Clause: Evasion items are banned\n|rule|Evasion Moves Clause: Evasion moves are banned\n|rule|Endless Battle Clause: Forcing endless battles is banned\n|rule|HP Percentage Mod: HP is shown in percentages\n|clearpoke\n|poke|p1|Slaking, M|\n|poke|p1|Greninja-*, M|\n|poke|p1|Gholdengo|\n|poke|p1|Iron Bundle|\n|poke|p1|Dudunsparce-*, F|\n|poke|p1|Cinderace, F|\n|poke|p2|Ting-Lu|\n|poke|p2|Regieleki|\n|poke|p2|Groudon|\n|poke|p2|Arceus-Water|\n|poke|p2|Chansey, F|\n|poke|p2|Kingambit, M|\n|teampreview\n|\n|t:|1700674119\n|start\n|switch|p1a: Slaking|Slaking, M|100\/100\n|switch|p2a: Regieleki|Regieleki|100\/100\n|turn|1\n|\n|t:|1700674129\n|-terastallize|p1a: Slaking|Normal\n|move|p2a: Regieleki|Volt Switch|p1a: Slaking\n|-damage|p1a: Slaking|48\/100\n|\n|t:|1700674141\n|switch|p2a: Ting-Lu|Ting-Lu|100\/100|[from] Volt Switch\n|-ability|p2a: Ting-Lu|Vessel of Ruin\n|move|p1a: Slaking|Giga Impact|p2a: Ting-Lu\n|-damage|p2a: Ting-Lu|15\/100\n|-mustrecharge|p1a: Slaking\n|\n|-heal|p2a: Ting-Lu|22\/100|[from] item: Leftovers\n|upkeep\n|turn|2\n|\n|t:|1700674157\n|switch|p2a: Regieleki|Regieleki|100\/100\n|cant|p1a: Slaking|recharge\n|\n|upkeep\n|turn|3\n|\n|t:|1700674165\n|move|p2a: Regieleki|Volt Switch|p1a: Slaking\n|-damage|p1a: Slaking|0 fnt\n|faint|p1a: Slaking\n|\n|t:|1700674173\n|switch|p2a: Arceus|Arceus-Water|100\/100|[from] Volt Switch\n|\n|upkeep\n|\n|t:|1700674187\n|switch|p1a: Sandworm|Dudunsparce-Three-Segment, F, shiny|100\/100\n|turn|4\n|\n|t:|1700674195\n|switch|p2a: Ting-Lu|Ting-Lu|22\/100\n|-ability|p2a: Ting-Lu|Vessel of Ruin\n|move|p1a: Sandworm|Calm Mind|p1a: Sandworm\n|-boost|p1a: Sandworm|spa|1\n|-boost|p1a: Sandworm|spd|1\n|\n|-heal|p2a: Ting-Lu|28\/100|[from] item: Leftovers\n|upkeep\n|turn|5\n|\n|t:|1700674205\n|move|p1a: Sandworm|Dragon Tail|p2a: Ting-Lu\n|-damage|p2a: Ting-Lu|20\/100\n|drag|p2a: Groudon|Groudon|100\/100\n|-weather|SunnyDay|[from] ability: Drought|[of] p2a: Groudon\n|\n|-weather|SunnyDay|[upkeep]\n|upkeep\n|turn|6\n|\n|t:|1700674217\n|move|p2a: Groudon|Body Slam|p1a: Sandworm\n|-crit|p1a: Sandworm\n|-damage|p1a: Sandworm|62\/100\n|move|p1a: Sandworm|Boomburst|p2a: Groudon\n|-damage|p2a: Groudon|17\/100\n|\n|-weather|SunnyDay|[upkeep]\n|upkeep\n|turn|7\n|\n|t:|1700674231\n|move|p2a: Groudon|Body Slam|p1a: Sandworm\n|-damage|p1a: Sandworm|35\/100\n|-status|p1a: Sandworm|par\n|move|p1a: Sandworm|Boomburst|p2a: Groudon\n|-damage|p2a: Groudon|0 fnt\n|faint|p2a: Groudon\n|\n|-weather|SunnyDay|[upkeep]\n|upkeep\n|\n|t:|1700674248\n|switch|p2a: Ting-Lu|Ting-Lu|20\/100\n|-ability|p2a: Ting-Lu|Vessel of Ruin\n|turn|8\n|\n|t:|1700674258\n|move|p2a: Ting-Lu|Stealth Rock|p1a: Sandworm\n|-sidestart|p1: Spaghider|move: Stealth Rock\n|cant|p1a: Sandworm|par\n|\n|-weather|SunnyDay|[upkeep]\n|-heal|p2a: Ting-Lu|26\/100|[from] item: Leftovers\n|upkeep\n|turn|9\n|\n|t:|1700674267\n|move|p1a: Sandworm|Boomburst|p2a: Ting-Lu\n|-damage|p2a: Ting-Lu|0 fnt\n|faint|p2a: Ting-Lu\n|\n|-weather|none\n|upkeep\n|\n|t:|1700674274\n|switch|p2a: Chansey|Chansey, F|100\/100\n|turn|10\n|\n|t:|1700674279\n|move|p2a: Chansey|Seismic Toss|p1a: Sandworm\n|-damage|p1a: Sandworm|13\/100 par\n|move|p1a: Sandworm|Roost|p1a: Sandworm\n|-heal|p1a: Sandworm|63\/100 par\n|-singleturn|p1a: Sandworm|move: Roost\n|\n|upkeep\n|turn|11\n|\n|t:|1700674288\n|move|p2a: Chansey|Seismic Toss|p1a: Sandworm\n|-damage|p1a: Sandworm|41\/100 par\n|move|p1a: Sandworm|Roost|p1a: Sandworm\n|-heal|p1a: Sandworm|91\/100 par\n|-singleturn|p1a: Sandworm|move: Roost\n|\n|upkeep\n|turn|12\n|\n|t:|1700674298\n|move|p2a: Chansey|Seismic Toss|p1a: Sandworm\n|-damage|p1a: Sandworm|69\/100 par\n|move|p1a: Sandworm|Boomburst|p2a: Chansey\n|-damage|p2a: Chansey|83\/100\n|\n|upkeep\n|turn|13\n|\n|t:|1700674309\n|move|p2a: Chansey|Seismic Toss|p1a: Sandworm\n|-damage|p1a: Sandworm|47\/100 par\n|move|p1a: Sandworm|Calm Mind|p1a: Sandworm\n|-boost|p1a: Sandworm|spa|1\n|-boost|p1a: Sandworm|spd|1\n|\n|upkeep\n|turn|14\n|\n|t:|1700674317\n|move|p2a: Chansey|Seismic Toss|p1a: Sandworm\n|-damage|p1a: Sandworm|25\/100 par\n|move|p1a: Sandworm|Roost|p1a: Sandworm\n|-heal|p1a: Sandworm|75\/100 par\n|-singleturn|p1a: Sandworm|move: Roost\n|\n|upkeep\n|turn|15\n|\n|t:|1700674328\n|move|p2a: Chansey|Seismic Toss|p1a: Sandworm\n|-damage|p1a: Sandworm|52\/100 par\n|move|p1a: Sandworm|Boomburst|p2a: Chansey\n|-damage|p2a: Chansey|59\/100\n|\n|upkeep\n|turn|16\n|\n|t:|1700674337\n|switch|p1a: Claus|Gholdengo|100\/100\n|-damage|p1a: Claus|94\/100|[from] Stealth Rock\n|move|p2a: Chansey|Soft-Boiled|p2a: Chansey\n|-heal|p2a: Chansey|100\/100\n|\n|upkeep\n|turn|17\n|\n|t:|1700674348\n|switch|p2a: Regieleki|Regieleki|100\/100\n|move|p1a: Claus|Nasty Plot|p1a: Claus\n|-boost|p1a: Claus|spa|2\n|\n|upkeep\n|turn|18\n|\n|t:|1700674356\n|move|p2a: Regieleki|Volt Switch|p1a: Claus\n|-damage|p1a: Claus|27\/100\n|\n|t:|1700674361\n|switch|p2a: Chansey|Chansey, F|100\/100|[from] Volt Switch\n|move|p1a: Claus|Make It Rain|p2a: Chansey\n|-crit|p2a: Chansey\n|-damage|p2a: Chansey|54\/100\n|-unboost|p1a: Claus|spa|1\n|\n|upkeep\n|turn|19\n|\n|t:|1700674372\n|move|p1a: Claus|Make It Rain|p2a: Chansey\n|-damage|p2a: Chansey|32\/100\n|-unboost|p1a: Claus|spa|1\n|move|p2a: Chansey|Shadow Ball|p1a: Claus\n|-supereffective|p1a: Claus\n|-damage|p1a: Claus|6\/100\n|\n|upkeep\n|turn|20\n|\n|t:|1700674386\n|move|p1a: Claus|Make It Rain|p2a: Chansey\n|-damage|p2a: Chansey|18\/100\n|-unboost|p1a: Claus|spa|1\n|move|p2a: Chansey|Soft-Boiled|p2a: Chansey\n|-heal|p2a: Chansey|68\/100\n|\n|upkeep\n|turn|21\n|\n|t:|1700674399\n|move|p1a: Claus|Make It Rain|p2a: Chansey\n|-damage|p2a: Chansey|59\/100\n|-unboost|p1a: Claus|spa|1\n|move|p2a: Chansey|Shadow Ball|p1a: Claus\n|-supereffective|p1a: Claus\n|-damage|p1a: Claus|0 fnt\n|faint|p1a: Claus\n|\n|upkeep\n|\n|t:|1700674414\n|switch|p1a: Special Delivery!|Iron Bundle|100\/100\n|-damage|p1a: Special Delivery!|76\/100|[from] Stealth Rock\n|-enditem|p1a: Special Delivery!|Booster Energy\n|-activate|p1a: Special Delivery!|ability: Quark Drive|[fromitem]\n|-start|p1a: Special Delivery!|quarkdrivespe\n|turn|22\n|\n|t:|1700674421\n|move|p1a: Special Delivery!|Snowscape|p1a: Special Delivery!\n|-weather|Snow\n|move|p2a: Chansey|Thunder Wave|p1a: Special Delivery!\n|-status|p1a: Special Delivery!|par\n|\n|-weather|Snow|[upkeep]\n|upkeep\n|turn|23\n|\n|t:|1700674430\n|move|p1a: Special Delivery!|Aurora Veil|p1a: Special Delivery!\n|-sidestart|p1: Spaghider|move: Aurora Veil\n|move|p2a: Chansey|Seismic Toss|p1a: Special Delivery!\n|-damage|p1a: Special Delivery!|36\/100 par\n|\n|-weather|Snow|[upkeep]\n|upkeep\n|turn|24\n|\n|t:|1700674438\n|move|p1a: Special Delivery!|Blizzard|p2a: Chansey\n|-damage|p2a: Chansey|49\/100\n|move|p2a: Chansey|Seismic Toss|p1a: Special Delivery!\n|-damage|p1a: Special Delivery!|0 fnt\n|faint|p1a: Special Delivery!\n|-end|p1a: Special Delivery!|Quark Drive|[silent]\n|\n|-weather|Snow|[upkeep]\n|upkeep\n|\n|t:|1700674450\n|switch|p1a: Bnnuy!|Cinderace, F, shiny|100\/100\n|-damage|p1a: Bnnuy!|76\/100|[from] Stealth Rock\n|turn|25\n|\n|t:|1700674458\n|switch|p2a: Arceus|Arceus-Water|100\/100\n|move|p1a: Bnnuy!|Counter||[still]\n|-fail|p1a: Bnnuy!\n|\n|-weather|Snow|[upkeep]\n|upkeep\n|turn|26\n|\n|t:|1700674468\n|move|p2a: Arceus|Calm Mind|p2a: Arceus\n|-boost|p2a: Arceus|spa|1\n|-boost|p2a: Arceus|spd|1\n|move|p1a: Bnnuy!|Super Fang|p2a: Arceus\n|-start|p1a: Bnnuy!|typechange|Normal|[from] ability: Libero\n|-damage|p2a: Arceus|51\/100\n|\n|-weather|none\n|upkeep\n|turn|27\n|\n|t:|1700674479\n|switch|p1a: frog|Greninja, M|100\/100\n|-damage|p1a: frog|88\/100|[from] Stealth Rock\n|move|p2a: Arceus|Judgment|p1a: frog\n|-resisted|p1a: frog\n|-damage|p1a: frog|50\/100\n|\n|-sideend|p1: Spaghider|move: Aurora Veil\n|upkeep\n|turn|28\n|\n|t:|1700674491\n|move|p1a: frog|Substitute|p1a: frog\n|-start|p1a: frog|Substitute\n|-damage|p1a: frog|25\/100\n|move|p2a: Arceus|Recover|p2a: Arceus\n|-heal|p2a: Arceus|100\/100\n|\n|upkeep\n|turn|29\n|\n|t:|1700674500\n|move|p1a: frog|Swords Dance|p1a: frog\n|-boost|p1a: frog|atk|2\n|move|p2a: Arceus|Judgment|p1a: frog\n|-resisted|p1a: frog\n|-end|p1a: frog|Substitute\n|\n|upkeep\n|turn|30\n|\n|t:|1700674511\n|move|p1a: frog|Acrobatics|p2a: Arceus\n|-damage|p2a: Arceus|54\/100\n|move|p2a: Arceus|Judgment|p1a: frog\n|-resisted|p1a: frog\n|-damage|p1a: frog|0 fnt\n|faint|p1a: frog\n|\n|upkeep\n|-message|Spaghider forfeited.\n|\n|win|Emilchelo\n|raw|Spaghider's rating: 1020 &rarr; <strong>1009<\/strong><br \/>(-11 for losing)\n|raw|Emilchelo's rating: 1078 &rarr; <strong>1102<\/strong><br \/>(+24 for winning)\n|l|\u2606Spaghider\n","uploadtime":1700674531,"views":3,"p1id":"spaghider","p2id":"emilchelo","formatid":"gen9ubers","rating":1009,"private":0,"password":""}