{"id":"gen9ubers-1970034059","p1":"ItsmeBlankKnight","p2":"jordblast","format":"[Gen 9] Ubers","log":"|j|\u2606ItsmeBlankKnight\n|j|\u2606jordblast\n|t:|1697587282\n|gametype|singles\n|player|p1|ItsmeBlankKnight|larry|\n|player|p2|jordblast|2|\n|teamsize|p1|6\n|teamsize|p2|6\n|gen|9\n|tier|[Gen 9] Ubers\n|rule|Sleep Clause Mod: Limit one foe put to sleep\n|rule|Species Clause: Limit one of each Pok\u00e9mon\n|rule|OHKO Clause: OHKO moves are banned\n|rule|Evasion Items Clause: Evasion items are banned\n|rule|Evasion Moves Clause: Evasion moves are banned\n|rule|Endless Battle Clause: Forcing endless battles is banned\n|rule|HP Percentage Mod: HP is shown in percentages\n|clearpoke\n|poke|p1|Chi-Yu|\n|poke|p1|Palafin, M|\n|poke|p1|Spectrier|\n|poke|p1|Zacian-*|\n|poke|p1|Arceus-Poison|\n|poke|p1|Masquerain, F|\n|poke|p2|Palkia-Origin|\n|poke|p2|Enamorus-Therian, F|\n|poke|p2|Arceus-Grass|\n|poke|p2|Gholdengo|\n|poke|p2|Iron Moth|\n|poke|p2|Gliscor, M|\n|teampreview\n|inactive|Battle timer is ON: inactive players will automatically lose when time's up. (requested by ItsmeBlankKnight)\n|c|\u2606jordblast|glhf\n|\n|t:|1697587292\n|start\n|switch|p1a: Masquerain|Masquerain, F|100\/100\n|switch|p2a: Palkia|Palkia-Origin|100\/100\n|-ability|p2a: Palkia|Pressure\n|-ability|p1a: Masquerain|Intimidate|boost\n|-unboost|p2a: Palkia|atk|1\n|turn|1\n|\n|t:|1697587300\n|move|p2a: Palkia|Spacial Rend|p1a: Masquerain\n|-damage|p1a: Masquerain|22\/100\n|move|p1a: Masquerain|Sticky Web|p2a: Palkia\n|-sidestart|p2: jordblast|move: Sticky Web\n|\n|upkeep\n|turn|2\n|\n|t:|1697587304\n|move|p2a: Palkia|Spacial Rend|p1a: Masquerain\n|-damage|p1a: Masquerain|0 fnt\n|faint|p1a: Masquerain\n|\n|upkeep\n|\n|t:|1697587310\n|switch|p1a: Zacian|Zacian|100\/100\n|-ability|p1a: Zacian|Intrepid Sword|boost\n|-boost|p1a: Zacian|atk|1\n|turn|3\n|\n|t:|1697587330\n|-terastallize|p2a: Palkia|Water\n|move|p1a: Zacian|Swords Dance|p1a: Zacian\n|-boost|p1a: Zacian|atk|2\n|move|p2a: Palkia|Hydro Pump|p1a: Zacian\n|-damage|p1a: Zacian|9\/100\n|\n|-heal|p1a: Zacian|16\/100|[from] item: Leftovers\n|upkeep\n|turn|4\n|\n|t:|1697587333\n|move|p1a: Zacian|Play Rough|p2a: Palkia\n|-damage|p2a: Palkia|0 fnt\n|faint|p2a: Palkia\n|\n|-heal|p1a: Zacian|22\/100|[from] item: Leftovers\n|upkeep\n|\n|t:|1697587339\n|switch|p2a: Gliscor|Gliscor, M|100\/100\n|turn|5\n|\n|t:|1697587343\n|move|p1a: Zacian|Play Rough|p2a: Gliscor\n|-damage|p2a: Gliscor|39\/100\n|move|p2a: Gliscor|Earthquake|p1a: Zacian\n|-damage|p1a: Zacian|0 fnt\n|faint|p1a: Zacian\n|\n|-status|p2a: Gliscor|tox|[from] item: Toxic Orb\n|upkeep\n|\n|t:|1697587348\n|switch|p1a: Palafin|Palafin, M|100\/100\n|turn|6\n|\n|t:|1697587357\n|detailschange|p1a: Palafin|Palafin-Hero, M\n|switch|p1a: Chi-Yu|Chi-Yu|100\/100\n|-ability|p1a: Chi-Yu|Beads of Ruin\n|move|p2a: Gliscor|Knock Off|p1a: Chi-Yu\n|-resisted|p1a: Chi-Yu\n|-damage|p1a: Chi-Yu|85\/100\n|-enditem|p1a: Chi-Yu|Choice Specs|[from] move: Knock Off|[of] p2a: Gliscor\n|\n|-heal|p2a: Gliscor|52\/100 tox|[from] ability: Poison Heal\n|upkeep\n|turn|7\n|\n|t:|1697587362\n|move|p2a: Gliscor|Protect|p2a: Gliscor\n|-singleturn|p2a: Gliscor|Protect\n|move|p1a: Chi-Yu|Flamethrower|p2a: Gliscor\n|-activate|p2a: Gliscor|move: Protect\n|\n|-heal|p2a: Gliscor|64\/100 tox|[from] ability: Poison Heal\n|upkeep\n|turn|8\n|\n|t:|1697587366\n|move|p1a: Chi-Yu|Flamethrower|p2a: Gliscor\n|-damage|p2a: Gliscor|0 fnt\n|faint|p2a: Gliscor\n|\n|upkeep\n|\n|t:|1697587376\n|switch|p2a: Enamorus|Enamorus-Therian, F|100\/100\n|turn|9\n|\n|t:|1697587382\n|-terastallize|p1a: Chi-Yu|Fire\n|move|p1a: Chi-Yu|Overheat|p2a: Enamorus\n|-damage|p2a: Enamorus|19\/100\n|-unboost|p1a: Chi-Yu|spa|2\n|move|p2a: Enamorus|Earth Power|p1a: Chi-Yu\n|-supereffective|p1a: Chi-Yu\n|-damage|p1a: Chi-Yu|5\/100\n|\n|upkeep\n|turn|10\n|\n|t:|1697587406\n|switch|p2a: Iron Moth|Iron Moth|100\/100\n|-enditem|p2a: Iron Moth|Booster Energy\n|-activate|p2a: Iron Moth|ability: Quark Drive|[fromitem]\n|-start|p2a: Iron Moth|quarkdrivespe\n|-activate|p2a: Iron Moth|move: Sticky Web\n|-unboost|p2a: Iron Moth|spe|1\n|move|p1a: Chi-Yu|Flamethrower|p2a: Iron Moth\n|-resisted|p2a: Iron Moth\n|-damage|p2a: Iron Moth|74\/100\n|\n|upkeep\n|turn|11\n|\n|t:|1697587415\n|switch|p1a: Arceus|Arceus-Poison|100\/100\n|move|p2a: Iron Moth|Energy Ball|p1a: Arceus\n|-resisted|p1a: Arceus\n|-damage|p1a: Arceus|91\/100\n|\n|upkeep\n|turn|12\n|\n|t:|1697587426\n|move|p2a: Iron Moth|Fiery Dance|p1a: Arceus\n|-damage|p1a: Arceus|66\/100\n|move|p1a: Arceus|Swords Dance|p1a: Arceus\n|-boost|p1a: Arceus|atk|2\n|\n|upkeep\n|turn|13\n|\n|t:|1697587435\n|move|p2a: Iron Moth|Fiery Dance|p1a: Arceus\n|-damage|p1a: Arceus|40\/100\n|move|p1a: Arceus|Swords Dance|p1a: Arceus\n|-boost|p1a: Arceus|atk|2\n|\n|upkeep\n|turn|14\n|\n|t:|1697587444\n|move|p1a: Arceus|Extreme Speed|p2a: Iron Moth\n|-damage|p2a: Iron Moth|0 fnt\n|faint|p2a: Iron Moth\n|-end|p2a: Iron Moth|Quark Drive|[silent]\n|\n|upkeep\n|\n|t:|1697587449\n|switch|p2a: Gholdengo|Gholdengo|100\/100\n|-item|p2a: Gholdengo|Air Balloon\n|turn|15\n|\n|t:|1697587456\n|switch|p1a: Chi-Yu|Chi-Yu, tera:Fire|5\/100\n|-ability|p1a: Chi-Yu|Beads of Ruin\n|move|p2a: Gholdengo|Make It Rain|p1a: Chi-Yu\n|-resisted|p1a: Chi-Yu\n|-damage|p1a: Chi-Yu|0 fnt\n|-unboost|p2a: Gholdengo|spa|1\n|faint|p1a: Chi-Yu\n|\n|upkeep\n|\n|t:|1697587461\n|switch|p1a: Spectrier|Spectrier|100\/100\n|turn|16\n|\n|t:|1697587467\n|switch|p2a: Enamorus|Enamorus-Therian, F|19\/100\n|move|p1a: Spectrier|Shadow Ball|p2a: Enamorus\n|-damage|p2a: Enamorus|0 fnt\n|faint|p2a: Enamorus\n|-ability|p1a: Spectrier|Grim Neigh|boost\n|-boost|p1a: Spectrier|spa|1\n|\n|upkeep\n|\n|t:|1697587469\n|switch|p2a: Arceus|Arceus-Grass|100\/100\n|-activate|p2a: Arceus|move: Sticky Web\n|-unboost|p2a: Arceus|spe|1\n|turn|17\n|\n|t:|1697587476\n|move|p1a: Spectrier|Shadow Ball|p2a: Arceus\n|-damage|p2a: Arceus|36\/100\n|move|p2a: Arceus|Calm Mind|p2a: Arceus\n|-boost|p2a: Arceus|spa|1\n|-boost|p2a: Arceus|spd|1\n|\n|upkeep\n|turn|18\n|\n|t:|1697587481\n|move|p1a: Spectrier|Shadow Ball|p2a: Arceus\n|-damage|p2a: Arceus|0 fnt\n|faint|p2a: Arceus\n|-ability|p1a: Spectrier|Grim Neigh|boost\n|-boost|p1a: Spectrier|spa|1\n|\n|upkeep\n|\n|t:|1697587483\n|switch|p2a: Gholdengo|Gholdengo|100\/100\n|-item|p2a: Gholdengo|Air Balloon\n|turn|19\n|\n|t:|1697587487\n|move|p1a: Spectrier|Shadow Ball|p2a: Gholdengo\n|-supereffective|p2a: Gholdengo\n|-damage|p2a: Gholdengo|0 fnt\n|-enditem|p2a: Gholdengo|Air Balloon\n|faint|p2a: Gholdengo\n|\n|win|ItsmeBlankKnight\n|c|\u2606ItsmeBlankKnight|gg\n","uploadtime":1697587497,"views":25,"p1id":"itsmeblankknight","p2id":"jordblast","formatid":"gen9ubers","rating":0,"private":0,"password":""}