{"id":"gen9ubers-1978498662","p1":"Blake-Mamba","p2":"Bulldoger","format":"[Gen 9] Ubers","log":"|j|\u2606Blake-Mamba\n|j|\u2606Bulldoger\n|t:|1698546879\n|gametype|singles\n|player|p1|Blake-Mamba|juan|1356\n|player|p2|Bulldoger|marshal|1464\n|teamsize|p1|6\n|teamsize|p2|6\n|gen|9\n|tier|[Gen 9] Ubers\n|rated|\n|rule|Sleep Clause Mod: Limit one foe put to sleep\n|rule|Species Clause: Limit one of each Pok\u00e9mon\n|rule|OHKO Clause: OHKO moves are banned\n|rule|Evasion Items Clause: Evasion items are banned\n|rule|Evasion Moves Clause: Evasion moves are banned\n|rule|Endless Battle Clause: Forcing endless battles is banned\n|rule|HP Percentage Mod: HP is shown in percentages\n|clearpoke\n|poke|p1|Ogerpon-Hearthflame, F|\n|poke|p1|Vikavolt, F|\n|poke|p1|Kommo-o, M|\n|poke|p1|Ursaluna-Bloodmoon, M|\n|poke|p1|Yanmega, F|\n|poke|p1|Chandelure, M|\n|poke|p2|Rayquaza|\n|poke|p2|Kyogre|\n|poke|p2|Mewtwo|\n|poke|p2|Koraidon|\n|poke|p2|Arceus|\n|poke|p2|Grimmsnarl, M|\n|teampreview\n|inactive|Battle timer is ON: inactive players will automatically lose when time's up. (requested by Bulldoger)\n|c|\u2606Blake-Mamba|Glhf\n|\n|t:|1698546896\n|start\n|switch|p1a: Vikavolt|Vikavolt, F|100\/100\n|switch|p2a: Grimmsnarl|Grimmsnarl, M|100\/100\n|turn|1\n|\n|t:|1698546903\n|move|p2a: Grimmsnarl|Reflect|p2a: Grimmsnarl\n|-sidestart|p2: Bulldoger|Reflect\n|move|p1a: Vikavolt|Sticky Web|p2a: Grimmsnarl\n|-sidestart|p2: Bulldoger|move: Sticky Web\n|\n|upkeep\n|turn|2\n|\n|t:|1698546910\n|move|p2a: Grimmsnarl|Play Rough|p1a: Vikavolt\n|-crit|p1a: Vikavolt\n|-damage|p1a: Vikavolt|24\/100\n|move|p1a: Vikavolt|Thunder|p2a: Grimmsnarl\n|-crit|p2a: Grimmsnarl\n|-damage|p2a: Grimmsnarl|0 fnt\n|faint|p2a: Grimmsnarl\n|\n|upkeep\n|\n|t:|1698546921\n|switch|p2a: Rayquaza|Rayquaza, shiny|100\/100\n|-ability|p2a: Rayquaza|Air Lock\n|turn|3\n|\n|t:|1698546927\n|switch|p1a: Chandelure|Chandelure, M|100\/100\n|move|p2a: Rayquaza|Extreme Speed|p1a: Chandelure\n|-immune|p1a: Chandelure\n|\n|upkeep\n|turn|4\n|\n|t:|1698546935\n|move|p1a: Chandelure|Shadow Ball|p2a: Rayquaza\n|-damage|p2a: Rayquaza|47\/100\n|move|p2a: Rayquaza|Earthquake|p1a: Chandelure\n|-supereffective|p1a: Chandelure\n|-damage|p1a: Chandelure|0 fnt\n|faint|p1a: Chandelure\n|-damage|p2a: Rayquaza|37\/100|[from] item: Life Orb\n|\n|upkeep\n|\n|t:|1698546953\n|switch|p1a: Yanmega|Yanmega, F, shiny|100\/100\n|turn|5\n|\n|t:|1698546958\n|move|p1a: Yanmega|Protect|p1a: Yanmega\n|-singleturn|p1a: Yanmega|Protect\n|move|p2a: Rayquaza|Dragon Ascent|p1a: Yanmega\n|-activate|p1a: Yanmega|move: Protect\n|\n|-ability|p1a: Yanmega|Speed Boost|boost\n|-boost|p1a: Yanmega|spe|1\n|upkeep\n|turn|6\n|\n|t:|1698546967\n|move|p1a: Yanmega|Air Slash|p2a: Rayquaza\n|-damage|p2a: Rayquaza|0 fnt\n|faint|p2a: Rayquaza\n|\n|-ability|p1a: Yanmega|Speed Boost|boost\n|-boost|p1a: Yanmega|spe|1\n|upkeep\n|\n|t:|1698546978\n|switch|p2a: Kyogre|Kyogre|100\/100\n|-activate|p2a: Kyogre|move: Sticky Web\n|-unboost|p2a: Kyogre|spe|1\n|-weather|RainDance|[from] ability: Drizzle|[of] p2a: Kyogre\n|turn|7\n|\n|t:|1698546984\n|move|p1a: Yanmega|Bug Buzz|p2a: Kyogre\n|-damage|p2a: Kyogre|65\/100\n|-enditem|p1a: Yanmega|Throat Spray\n|-boost|p1a: Yanmega|spa|1|[from] item: Throat Spray\n|move|p2a: Kyogre|Thunder|p1a: Yanmega\n|-supereffective|p1a: Yanmega\n|-damage|p1a: Yanmega|0 fnt\n|faint|p1a: Yanmega\n|\n|-weather|RainDance|[upkeep]\n|upkeep\n|\n|t:|1698546999\n|switch|p1a: Kommo-o|Kommo-o, M|100\/100\n|turn|8\n|\n|t:|1698547003\n|move|p1a: Kommo-o|Clangorous Soul|p1a: Kommo-o\n|-boost|p1a: Kommo-o|atk|1\n|-boost|p1a: Kommo-o|def|1\n|-boost|p1a: Kommo-o|spa|1\n|-boost|p1a: Kommo-o|spd|1\n|-boost|p1a: Kommo-o|spe|1\n|-damage|p1a: Kommo-o|68\/100\n|move|p2a: Kyogre|Ice Beam|p1a: Kommo-o\n|-supereffective|p1a: Kommo-o\n|-damage|p1a: Kommo-o|18\/100\n|\n|-weather|RainDance|[upkeep]\n|-heal|p1a: Kommo-o|24\/100|[from] item: Leftovers\n|-sideend|p2: Bulldoger|Reflect\n|upkeep\n|turn|9\n|\n|t:|1698547020\n|-terastallize|p1a: Kommo-o|Steel\n|move|p1a: Kommo-o|Drain Punch|p2a: Kyogre\n|-crit|p2a: Kyogre\n|-damage|p2a: Kyogre|0 fnt\n|-heal|p1a: Kommo-o|56\/100|[from] drain|[of] p2a: Kyogre\n|faint|p2a: Kyogre\n|\n|-weather|RainDance|[upkeep]\n|-heal|p1a: Kommo-o|62\/100|[from] item: Leftovers\n|upkeep\n|\n|t:|1698547026\n|switch|p2a: Mewtwo|Mewtwo|100\/100\n|-activate|p2a: Mewtwo|move: Sticky Web\n|-unboost|p2a: Mewtwo|spe|1\n|-ability|p2a: Mewtwo|Pressure\n|turn|10\n|\n|t:|1698547035\n|move|p1a: Kommo-o|Iron Head|p2a: Mewtwo\n|-damage|p2a: Mewtwo|45\/100\n|move|p2a: Mewtwo|Fire Blast|p1a: Kommo-o\n|-supereffective|p1a: Kommo-o\n|-damage|p1a: Kommo-o|21\/100\n|-damage|p2a: Mewtwo|35\/100|[from] item: Life Orb\n|\n|-weather|RainDance|[upkeep]\n|-heal|p1a: Kommo-o|28\/100|[from] item: Leftovers\n|upkeep\n|turn|11\n|\n|t:|1698547045\n|move|p1a: Kommo-o|Iron Head|p2a: Mewtwo\n|-damage|p2a: Mewtwo|0 fnt\n|faint|p2a: Mewtwo\n|\n|-weather|none\n|-heal|p1a: Kommo-o|34\/100|[from] item: Leftovers\n|upkeep\n|\n|t:|1698547049\n|switch|p2a: Koraidon|Koraidon|100\/100\n|-activate|p2a: Koraidon|move: Sticky Web\n|-unboost|p2a: Koraidon|spe|1\n|-weather|SunnyDay|[from] ability: Orichalcum Pulse|[of] p2a: Koraidon\n|-activate|p2a: Koraidon|Orichalcum Pulse|[source]\n|turn|12\n|\n|t:|1698547058\n|-terastallize|p2a: Koraidon|Fire\n|move|p1a: Kommo-o|Outrage|p2a: Koraidon\n|-damage|p2a: Koraidon|19\/100\n|move|p2a: Koraidon|Scale Shot|p1a: Kommo-o\n|-resisted|p1a: Kommo-o\n|-damage|p1a: Kommo-o|27\/100\n|-resisted|p1a: Kommo-o\n|-damage|p1a: Kommo-o|20\/100\n|-hitcount|p1a: Kommo-o|2\n|-unboost|p2a: Koraidon|def|1\n|-boost|p2a: Koraidon|spe|1\n|-damage|p2a: Koraidon|9\/100|[from] item: Life Orb\n|\n|-weather|SunnyDay|[upkeep]\n|-heal|p1a: Kommo-o|26\/100|[from] item: Leftovers\n|upkeep\n|turn|13\n|\n|t:|1698547074\n|move|p2a: Koraidon|Close Combat|p1a: Kommo-o\n|-supereffective|p1a: Kommo-o\n|-damage|p1a: Kommo-o|0 fnt\n|-unboost|p2a: Koraidon|def|1\n|-unboost|p2a: Koraidon|spd|1\n|faint|p1a: Kommo-o\n|-damage|p2a: Koraidon|0 fnt|[from] item: Life Orb\n|faint|p2a: Koraidon\n|\n|-weather|SunnyDay|[upkeep]\n|upkeep\n|\n|t:|1698547085\n|switch|p2a: Arceus|Arceus|100\/100\n|switch|p1a: Ogerpon|Ogerpon-Hearthflame, F|100\/100\n|-ability|p1a: Ogerpon|Mold Breaker\n|-activate|p2a: Arceus|move: Sticky Web\n|-unboost|p2a: Arceus|spe|1\n|turn|14\n|\n|t:|1698547093\n|move|p1a: Ogerpon|Ivy Cudgel|p2a: Arceus\n|-damage|p2a: Arceus|41\/100\n|move|p2a: Arceus|Swords Dance|p2a: Arceus\n|-boost|p2a: Arceus|atk|2\n|\n|-weather|SunnyDay|[upkeep]\n|upkeep\n|turn|15\n|\n|t:|1698547100\n|move|p2a: Arceus|Extreme Speed|p1a: Ogerpon\n|-damage|p1a: Ogerpon|0 fnt\n|faint|p1a: Ogerpon\n|-damage|p2a: Arceus|31\/100|[from] item: Life Orb\n|\n|-weather|SunnyDay|[upkeep]\n|upkeep\n|\n|t:|1698547107\n|switch|p1a: Ursaluna|Ursaluna-Bloodmoon, M|100\/100\n|turn|16\n|\n|t:|1698547111\n|move|p2a: Arceus|Extreme Speed|p1a: Ursaluna\n|-damage|p1a: Ursaluna|29\/100\n|-damage|p2a: Arceus|21\/100|[from] item: Life Orb\n|move|p1a: Ursaluna|Blood Moon|p2a: Arceus\n|-damage|p2a: Arceus|0 fnt\n|faint|p2a: Arceus\n|\n|win|Blake-Mamba\n|raw|Blake-Mamba's rating: 1356 &rarr; <strong>1382<\/strong><br \/>(+26 for winning)\n|raw|Bulldoger's rating: 1464 &rarr; <strong>1438<\/strong><br \/>(-26 for losing)\n|l|\u2606Bulldoger\n|c|\u2606Blake-Mamba|Gg\n","uploadtime":1698547123,"views":8,"p1id":"blakemamba","p2id":"bulldoger","formatid":"gen9ubers","rating":1382,"private":0,"password":""}