{"id":"gen9ubers-1983422103","p1":"austinerzs","p2":"smithdvan","format":"[Gen 9] Ubers","log":"|j|\u2606austinerzs\n|j|\u2606smithdvan\n|t:|1699128452\n|gametype|singles\n|player|p1|austinerzs|pokefan|\n|player|p2|smithdvan|266|\n|teamsize|p1|6\n|teamsize|p2|6\n|gen|9\n|tier|[Gen 9] Ubers\n|rule|Sleep Clause Mod: Limit one foe put to sleep\n|rule|Species Clause: Limit one of each Pok\u00e9mon\n|rule|OHKO Clause: OHKO moves are banned\n|rule|Evasion Items Clause: Evasion items are banned\n|rule|Evasion Moves Clause: Evasion moves are banned\n|rule|Endless Battle Clause: Forcing endless battles is banned\n|rule|HP Percentage Mod: HP is shown in percentages\n|clearpoke\n|poke|p1|Arceus-Fire|\n|poke|p1|Ursaluna, M|\n|poke|p1|Magearna|\n|poke|p1|Dialga|\n|poke|p1|Crawdaunt, F|\n|poke|p1|Conkeldurr, F|\n|poke|p2|Heatran, M|\n|poke|p2|Cyclizar, F|\n|poke|p2|Espathra, F|\n|poke|p2|Volcarona, M|\n|poke|p2|Houndstone, F|\n|poke|p2|Shaymin-Sky|\n|teampreview\n|inactive|Battle timer is ON: inactive players will automatically lose when time's up. (requested by smithdvan)\n|c|\u2606austinerzs|glhf\n|\n|t:|1699128468\n|start\n|switch|p1a: Arceus|Arceus-Fire|100\/100\n|switch|p2a: Heatran|Heatran, M|100\/100\n|-item|p2a: Heatran|Air Balloon\n|turn|1\n|c|\u2606smithdvan|glhf\n|inactive|smithdvan has 270 seconds left.\n|\n|t:|1699128512\n|switch|p1a: Crawdaunt|Crawdaunt, F|100\/100\n|move|p2a: Heatran|Stealth Rock|p1a: Crawdaunt\n|-sidestart|p1: austinerzs|move: Stealth Rock\n|\n|upkeep\n|turn|2\n|\n|t:|1699128521\n|switch|p2a: Cyclizar|Cyclizar, F|100\/100\n|switch|p1a: Magearna|Magearna|100\/100\n|-damage|p1a: Magearna|94\/100|[from] Stealth Rock\n|\n|-heal|p1a: Magearna|100\/100|[from] item: Leftovers\n|upkeep\n|turn|3\n|inactive|smithdvan has 270 seconds left.\n|\n|t:|1699128537\n|move|p2a: Cyclizar|Shed Tail|p2a: Cyclizar\n|-start|p2a: Cyclizar|Substitute|[from] move: Shed Tail\n|-damage|p2a: Cyclizar|50\/100\n|-enditem|p2a: Cyclizar|Sitrus Berry|[eat]\n|-heal|p2a: Cyclizar|75\/100|[from] item: Sitrus Berry\n|\n|t:|1699128544\n|switch|p2a: Heatran|Heatran, M|100\/100|[from] Shed Tail\n|-item|p2a: Heatran|Air Balloon\n|move|p1a: Magearna|Trick Room|p1a: Magearna\n|-fieldstart|move: Trick Room|[of] p1a: Magearna\n|\n|upkeep\n|turn|4\n|\n|t:|1699128550\n|move|p1a: Magearna|Volt Switch|p2a: Heatran\n|-activate|p2a: Heatran|move: Substitute|[damage]\n|-enditem|p2a: Heatran|Air Balloon\n|\n|t:|1699128557\n|switch|p1a: Crawdaunt|Crawdaunt, F|100\/100|[from] Volt Switch\n|-damage|p1a: Crawdaunt|88\/100|[from] Stealth Rock\n|move|p2a: Heatran|Lava Plume|p1a: Crawdaunt\n|-resisted|p1a: Crawdaunt\n|-damage|p1a: Crawdaunt|48\/100\n|\n|upkeep\n|turn|5\n|\n|t:|1699128567\n|move|p1a: Crawdaunt|Crabhammer|p2a: Heatran\n|-supereffective|p2a: Heatran\n|-end|p2a: Heatran|Substitute\n|-damage|p1a: Crawdaunt|38\/100|[from] item: Life Orb\n|move|p2a: Heatran|Flash Cannon|p1a: Crawdaunt\n|-resisted|p1a: Crawdaunt\n|-damage|p1a: Crawdaunt|2\/100\n|\n|upkeep\n|turn|6\n|\n|t:|1699128577\n|move|p1a: Crawdaunt|Crabhammer|p2a: Heatran\n|-supereffective|p2a: Heatran\n|-damage|p2a: Heatran|0 fnt\n|faint|p2a: Heatran\n|-damage|p1a: Crawdaunt|0 fnt|[from] item: Life Orb\n|faint|p1a: Crawdaunt\n|\n|upkeep\n|\n|t:|1699128582\n|switch|p1a: Dialga|Dialga|100\/100\n|switch|p2a: Cyclizar|Cyclizar, F|100\/100\n|-damage|p1a: Dialga|94\/100|[from] Stealth Rock\n|-ability|p1a: Dialga|Pressure\n|turn|7\n|\n|t:|1699128586\n|move|p1a: Dialga|Draco Meteor|p2a: Cyclizar\n|-supereffective|p2a: Cyclizar\n|-damage|p2a: Cyclizar|0 fnt\n|-unboost|p1a: Dialga|spa|2\n|faint|p2a: Cyclizar\n|\n|-heal|p1a: Dialga|100\/100|[from] item: Leftovers\n|-fieldend|move: Trick Room\n|upkeep\n|\n|t:|1699128596\n|switch|p2a: Espathra|Espathra, F|100\/100\n|turn|8\n|\n|t:|1699128607\n|move|p2a: Espathra|Calm Mind|p2a: Espathra\n|-boost|p2a: Espathra|spa|1\n|-boost|p2a: Espathra|spd|1\n|move|p1a: Dialga|Trick Room|p1a: Dialga\n|-fieldstart|move: Trick Room|[of] p1a: Dialga\n|\n|-ability|p2a: Espathra|Speed Boost|boost\n|-boost|p2a: Espathra|spe|1\n|upkeep\n|turn|9\n|\n|t:|1699128624\n|switch|p1a: Conkeldurr|Conkeldurr, F|100\/100\n|-damage|p1a: Conkeldurr|94\/100|[from] Stealth Rock\n|move|p2a: Espathra|Dazzling Gleam|p1a: Conkeldurr\n|-supereffective|p1a: Conkeldurr\n|-damage|p1a: Conkeldurr|0 fnt\n|faint|p1a: Conkeldurr\n|\n|-ability|p2a: Espathra|Speed Boost|boost\n|-boost|p2a: Espathra|spe|1\n|upkeep\n|\n|t:|1699128631\n|switch|p1a: Ursaluna|Ursaluna, M|100\/100\n|-damage|p1a: Ursaluna|94\/100|[from] Stealth Rock\n|turn|10\n|\n|t:|1699128638\n|move|p2a: Espathra|Protect|p2a: Espathra\n|-singleturn|p2a: Espathra|Protect\n|move|p1a: Ursaluna|Crunch|p2a: Espathra\n|-activate|p2a: Espathra|move: Protect\n|\n|-status|p1a: Ursaluna|brn|[from] item: Flame Orb\n|-ability|p2a: Espathra|Speed Boost|boost\n|-boost|p2a: Espathra|spe|1\n|upkeep\n|turn|11\n|\n|t:|1699128651\n|move|p1a: Ursaluna|Crunch|p2a: Espathra\n|-supereffective|p2a: Espathra\n|-damage|p2a: Espathra|0 fnt\n|faint|p2a: Espathra\n|\n|-damage|p1a: Ursaluna|88\/100 brn|[from] brn\n|upkeep\n|inactive|smithdvan has 270 seconds left.\n|\n|t:|1699128688\n|switch|p2a: Volcarona|Volcarona, M|100\/100\n|turn|12\n|\n|t:|1699128695\n|-terastallize|p2a: Volcarona|Dark\n|move|p1a: Ursaluna|Facade|p2a: Volcarona\n|-damage|p2a: Volcarona|0 fnt\n|faint|p2a: Volcarona\n|\n|-damage|p1a: Ursaluna|82\/100 brn|[from] brn\n|-fieldend|move: Trick Room\n|upkeep\n|\n|t:|1699128702\n|switch|p2a: Shaymin|Shaymin-Sky|100\/100\n|turn|13\n|\n|t:|1699128706\n|-terastallize|p1a: Ursaluna|Normal\n|move|p2a: Shaymin|Seed Flare|p1a: Ursaluna\n|-damage|p1a: Ursaluna|32\/100 brn\n|-unboost|p1a: Ursaluna|spd|2\n|move|p1a: Ursaluna|Facade|p2a: Shaymin\n|-damage|p2a: Shaymin|0 fnt\n|faint|p2a: Shaymin\n|\n|-damage|p1a: Ursaluna|26\/100 brn|[from] brn\n|upkeep\n|\n|t:|1699128715\n|switch|p2a: Houndstone|Houndstone, F|100\/100\n|turn|14\n|\n|t:|1699128720\n|move|p2a: Houndstone|Body Press|p1a: Ursaluna\n|-supereffective|p1a: Ursaluna\n|-damage|p1a: Ursaluna|0 fnt\n|faint|p1a: Ursaluna\n|\n|upkeep\n|\n|t:|1699128722\n|switch|p1a: Arceus|Arceus-Fire|100\/100\n|-damage|p1a: Arceus|76\/100|[from] Stealth Rock\n|turn|15\n|\n|t:|1699128725\n|move|p2a: Houndstone|Body Press|p1a: Arceus\n|-damage|p1a: Arceus|63\/100\n|move|p1a: Arceus|Flare Blitz|p2a: Houndstone\n|-damage|p2a: Houndstone|0 fnt\n|faint|p2a: Houndstone\n|-damage|p1a: Arceus|42\/100|[from] Recoil\n|\n|win|austinerzs\n|c|\u2606austinerzs|gg\n|c|\u2606smithdvan|gg\n","uploadtime":1699128735,"views":15,"p1id":"austinerzs","p2id":"smithdvan","formatid":"gen9ubers","rating":0,"private":0,"password":""}