{"id":"gen9ubers-1968991926","p1":"RubenPaCe","p2":"psicopatic","format":"[Gen 9] Ubers","log":"|j|\u2606RubenPaCe\n|j|\u2606psicopatic\n|t:|1697481109\n|gametype|singles\n|player|p1|RubenPaCe|camper|\n|player|p2|psicopatic|cynthia-gen4|\n|teamsize|p1|6\n|teamsize|p2|6\n|gen|9\n|tier|[Gen 9] Ubers\n|rule|Sleep Clause Mod: Limit one foe put to sleep\n|rule|Species Clause: Limit one of each Pok\u00e9mon\n|rule|OHKO Clause: OHKO moves are banned\n|rule|Evasion Items Clause: Evasion items are banned\n|rule|Evasion Moves Clause: Evasion moves are banned\n|rule|Endless Battle Clause: Forcing endless battles is banned\n|rule|HP Percentage Mod: HP is shown in percentages\n|clearpoke\n|poke|p1|Spectrier|\n|poke|p1|Zacian-*|\n|poke|p1|Ursaluna-Bloodmoon, M|\n|poke|p1|Magearna|\n|poke|p1|Arceus-Poison|\n|poke|p1|Giratina|\n|poke|p2|Espathra, F|\n|poke|p2|Urshifu-*, F|\n|poke|p2|Ninetales-Alola, M|\n|poke|p2|Landorus, M|\n|poke|p2|Arceus-Ice|\n|poke|p2|Cyclizar, F|\n|teampreview\n|c|\u2606psicopatic|gl hf\n|c|\u2606RubenPaCe|hf\n|\n|t:|1697481126\n|start\n|switch|p1a: Spectrier|Spectrier|100\/100\n|switch|p2a: Ninetales|Ninetales-Alola, M|100\/100\n|-weather|Snow|[from] ability: Snow Warning|[of] p2a: Ninetales\n|turn|1\n|\n|t:|1697481135\n|-terastallize|p1a: Spectrier|Fire\n|move|p1a: Spectrier|Tera Blast|p2a: Ninetales|[anim] Tera Blast Fire\n|-supereffective|p2a: Ninetales\n|-damage|p2a: Ninetales|16\/100\n|move|p2a: Ninetales|Aurora Veil|p2a: Ninetales\n|-sidestart|p2: psicopatic|move: Aurora Veil\n|\n|-weather|Snow|[upkeep]\n|upkeep\n|turn|2\n|\n|t:|1697481143\n|move|p1a: Spectrier|Shadow Ball|p2a: Ninetales\n|-crit|p2a: Ninetales\n|-damage|p2a: Ninetales|0 fnt\n|faint|p2a: Ninetales\n|-ability|p1a: Spectrier|Grim Neigh|boost\n|-boost|p1a: Spectrier|spa|1\n|\n|-weather|Snow|[upkeep]\n|upkeep\n|\n|t:|1697481155\n|switch|p2a: Landorus|Landorus, M|100\/100\n|turn|3\n|\n|t:|1697481160\n|move|p1a: Spectrier|Substitute|p1a: Spectrier\n|-start|p1a: Spectrier|Substitute\n|-damage|p1a: Spectrier|76\/100\n|move|p2a: Landorus|Earth Power|p1a: Spectrier\n|-supereffective|p1a: Spectrier\n|-end|p1a: Spectrier|Substitute\n|\n|-weather|Snow|[upkeep]\n|upkeep\n|turn|4\n|\n|t:|1697481168\n|switch|p1a: Giratina|Giratina|100\/100\n|-ability|p1a: Giratina|Pressure\n|move|p2a: Landorus|Earth Power|p1a: Giratina\n|-damage|p1a: Giratina|74\/100\n|\n|-weather|Snow|[upkeep]\n|upkeep\n|turn|5\n|\n|t:|1697481173\n|move|p2a: Landorus|Taunt|p1a: Giratina\n|-start|p1a: Giratina|move: Taunt\n|cant|p1a: Giratina|move: Taunt|Will-O-Wisp\n|\n|-weather|none\n|upkeep\n|turn|6\n|\n|t:|1697481182\n|switch|p2a: Urshifu|Urshifu, F|100\/100\n|move|p1a: Giratina|Hex|p2a: Urshifu\n|-resisted|p2a: Urshifu\n|-damage|p2a: Urshifu|91\/100\n|\n|upkeep\n|turn|7\n|\n|t:|1697481186\n|switch|p1a: Magearna|Magearna|100\/100\n|move|p2a: Urshifu|U-turn|p1a: Magearna\n|-resisted|p1a: Magearna\n|-damage|p1a: Magearna|97\/100\n|\n|t:|1697481198\n|switch|p2a: Landorus|Landorus, M|100\/100|[from] U-turn\n|\n|-heal|p1a: Magearna|100\/100|[from] item: Leftovers\n|upkeep\n|turn|8\n|\n|t:|1697481205\n|move|p2a: Landorus|Stealth Rock|p1a: Magearna\n|-sidestart|p1: RubenPaCe|move: Stealth Rock\n|move|p1a: Magearna|Pain Split|p2a: Landorus\n|-sethp|p2a: Landorus|100\/100|[from] move: Pain Split|[silent]\n|-sethp|p1a: Magearna|94\/100|[from] move: Pain Split\n|\n|-heal|p1a: Magearna|99\/100|[from] item: Leftovers\n|-sideend|p2: psicopatic|move: Aurora Veil\n|upkeep\n|turn|9\n|\n|t:|1697481223\n|switch|p2a: Cyclizar|Cyclizar, F|100\/100\n|switch|p1a: Zacian|Zacian|100\/100\n|-ability|p1a: Zacian|Intrepid Sword|boost\n|-boost|p1a: Zacian|atk|1\n|\n|upkeep\n|turn|10\n|\n|t:|1697481240\n|move|p1a: Zacian|Play Rough|p2a: Cyclizar|[miss]\n|-miss|p1a: Zacian|p2a: Cyclizar\n|move|p2a: Cyclizar|U-turn|p1a: Zacian\n|-resisted|p1a: Zacian\n|-damage|p1a: Zacian|92\/100\n|\n|t:|1697481247\n|switch|p2a: Espathra|Espathra, F|100\/100|[from] U-turn\n|\n|upkeep\n|turn|11\n|\n|t:|1697481253\n|move|p2a: Espathra|Protect|p2a: Espathra\n|-singleturn|p2a: Espathra|Protect\n|move|p1a: Zacian|Swords Dance|p1a: Zacian\n|-boost|p1a: Zacian|atk|2\n|\n|-ability|p2a: Espathra|Speed Boost|boost\n|-boost|p2a: Espathra|spe|1\n|upkeep\n|turn|12\n|c|\u2606psicopatic|:(\n|\n|t:|1697481265\n|-terastallize|p2a: Espathra|Fairy\n|move|p1a: Zacian|Play Rough|p2a: Espathra\n|-damage|p2a: Espathra|2\/100\n|-unboost|p2a: Espathra|atk|1\n|move|p2a: Espathra|Calm Mind|p2a: Espathra\n|-boost|p2a: Espathra|spa|1\n|-boost|p2a: Espathra|spd|1\n|\n|-heal|p2a: Espathra|8\/100|[from] item: Leftovers\n|-ability|p2a: Espathra|Speed Boost|boost\n|-boost|p2a: Espathra|spe|1\n|upkeep\n|turn|13\n|\n|t:|1697481272\n|move|p2a: Espathra|Protect|p2a: Espathra\n|-singleturn|p2a: Espathra|Protect\n|move|p1a: Zacian|Play Rough|p2a: Espathra\n|-activate|p2a: Espathra|move: Protect\n|\n|-heal|p2a: Espathra|14\/100|[from] item: Leftovers\n|-ability|p2a: Espathra|Speed Boost|boost\n|-boost|p2a: Espathra|spe|1\n|upkeep\n|turn|14\n|\n|t:|1697481274\n|move|p2a: Espathra|Stored Power|p1a: Zacian\n|-damage|p1a: Zacian|34\/100\n|move|p1a: Zacian|Close Combat|p2a: Espathra\n|-resisted|p2a: Espathra\n|-damage|p2a: Espathra|0 fnt\n|-unboost|p1a: Zacian|def|1\n|-unboost|p1a: Zacian|spd|1\n|faint|p2a: Espathra\n|\n|upkeep\n|\n|t:|1697481281\n|switch|p2a: Urshifu|Urshifu, F|91\/100\n|turn|15\n|\n|t:|1697481283\n|switch|p1a: Magearna|Magearna|99\/100\n|-damage|p1a: Magearna|94\/100|[from] Stealth Rock\n|move|p2a: Urshifu|Iron Head|p1a: Magearna\n|-damage|p1a: Magearna|76\/100\n|\n|-heal|p1a: Magearna|82\/100|[from] item: Leftovers\n|upkeep\n|turn|16\n|\n|t:|1697481287\n|move|p2a: Urshifu|Iron Head|p1a: Magearna\n|-damage|p1a: Magearna|65\/100\n|move|p1a: Magearna|Volt Switch|p2a: Urshifu\n|-damage|p2a: Urshifu|61\/100\n|\n|t:|1697481290\n|switch|p1a: Arceus|Arceus-Poison|100\/100|[from] Volt Switch\n|-damage|p1a: Arceus|88\/100|[from] Stealth Rock\n|\n|upkeep\n|turn|17\n|\n|t:|1697481348\n|switch|p2a: Cyclizar|Cyclizar, F|100\/100\n|move|p1a: Arceus|Calm Mind|p1a: Arceus\n|-boost|p1a: Arceus|spa|1\n|-boost|p1a: Arceus|spd|1\n|\n|upkeep\n|turn|18\n|\n|t:|1697481353\n|move|p2a: Cyclizar|Shed Tail|p2a: Cyclizar\n|-start|p2a: Cyclizar|Substitute|[from] move: Shed Tail\n|-damage|p2a: Cyclizar|50\/100\n|\n|t:|1697481356\n|switch|p2a: Arceus|Arceus-Ice|100\/100|[from] Shed Tail\n|move|p1a: Arceus|Judgment|p2a: Arceus\n|-end|p2a: Arceus|Substitute\n|\n|upkeep\n|turn|19\n|\n|t:|1697481362\n|move|p1a: Arceus|Judgment|p2a: Arceus\n|-damage|p2a: Arceus|53\/100\n|move|p2a: Arceus|Dragon Dance|p2a: Arceus\n|-boost|p2a: Arceus|atk|1\n|-boost|p2a: Arceus|spe|1\n|\n|upkeep\n|turn|20\n|\n|t:|1697481384\n|move|p2a: Arceus|Dragon Dance|p2a: Arceus\n|-boost|p2a: Arceus|atk|1\n|-boost|p2a: Arceus|spe|1\n|move|p1a: Arceus|Judgment|p2a: Arceus\n|-damage|p2a: Arceus|2\/100\n|\n|upkeep\n|turn|21\n|\n|t:|1697481388\n|move|p2a: Arceus|Earthquake|p1a: Arceus\n|-supereffective|p1a: Arceus\n|-damage|p1a: Arceus|0 fnt\n|faint|p1a: Arceus\n|\n|upkeep\n|\n|t:|1697481400\n|switch|p1a: Ursaluna|Ursaluna-Bloodmoon, M|100\/100\n|-damage|p1a: Ursaluna|94\/100|[from] Stealth Rock\n|turn|22\n|\n|t:|1697481437\n|move|p2a: Arceus|Judgment|p1a: Ursaluna\n|-supereffective|p1a: Ursaluna\n|-damage|p1a: Ursaluna|0 fnt\n|faint|p1a: Ursaluna\n|\n|upkeep\n|\n|t:|1697481446\n|switch|p1a: Giratina|Giratina|74\/100\n|-ability|p1a: Giratina|Pressure\n|turn|23\n|\n|t:|1697481449\n|move|p2a: Arceus|Judgment|p1a: Giratina\n|-supereffective|p1a: Giratina\n|-damage|p1a: Giratina|38\/100\n|move|p1a: Giratina|Hex|p2a: Arceus\n|-damage|p2a: Arceus|0 fnt\n|faint|p2a: Arceus\n|\n|upkeep\n|\n|t:|1697481494\n|switch|p2a: Cyclizar|Cyclizar, F|84\/100\n|turn|24\n|\n|t:|1697481497\n|move|p2a: Cyclizar|Shed Tail|p2a: Cyclizar\n|-start|p2a: Cyclizar|Substitute|[from] move: Shed Tail\n|-damage|p2a: Cyclizar|34\/100\n|\n|t:|1697481500\n|switch|p2a: Landorus|Landorus, M|100\/100|[from] Shed Tail\n|move|p1a: Giratina|Roar|p2a: Landorus\n|drag|p2a: Urshifu|Urshifu, F|61\/100\n|\n|upkeep\n|turn|25\n|\n|t:|1697481506\n|move|p2a: Urshifu|Wicked Blow|p1a: Giratina\n|-supereffective|p1a: Giratina\n|-crit|p1a: Giratina\n|-damage|p1a: Giratina|0 fnt\n|faint|p1a: Giratina\n|\n|upkeep\n|\n|t:|1697481510\n|switch|p1a: Spectrier|Spectrier, tera:Fire|76\/100\n|turn|26\n|\n|t:|1697481513\n|move|p2a: Urshifu|Wicked Blow|p1a: Spectrier\n|-crit|p1a: Spectrier\n|-damage|p1a: Spectrier|0 fnt\n|faint|p1a: Spectrier\n|\n|upkeep\n|\n|t:|1697481516\n|switch|p1a: Magearna|Magearna|65\/100\n|-damage|p1a: Magearna|59\/100|[from] Stealth Rock\n|turn|27\n|\n|t:|1697481527\n|switch|p2a: Cyclizar|Cyclizar, F|67\/100\n|move|p1a: Magearna|Fleur Cannon|p2a: Cyclizar\n|-supereffective|p2a: Cyclizar\n|-damage|p2a: Cyclizar|0 fnt\n|-unboost|p1a: Magearna|spa|2\n|faint|p2a: Cyclizar\n|-ability|p1a: Magearna|Soul-Heart|boost\n|-boost|p1a: Magearna|spa|1\n|\n|-heal|p1a: Magearna|65\/100|[from] item: Leftovers\n|upkeep\n|\n|t:|1697481530\n|switch|p2a: Landorus|Landorus, M|100\/100\n|turn|28\n|\n|t:|1697481534\n|move|p2a: Landorus|Earth Power|p1a: Magearna\n|-supereffective|p1a: Magearna\n|-damage|p1a: Magearna|0 fnt\n|faint|p1a: Magearna\n|\n|upkeep\n|\n|t:|1697481535\n|switch|p1a: Zacian|Zacian|34\/100\n|turn|29\n|\n|t:|1697481541\n|move|p1a: Zacian|Play Rough|p2a: Landorus\n|-damage|p2a: Landorus|47\/100\n|move|p2a: Landorus|Earth Power|p1a: Zacian\n|-damage|p1a: Zacian|0 fnt\n|faint|p1a: Zacian\n|\n|win|psicopatic\n|c|\u2606RubenPaCe|gg\n|c|\u2606RubenPaCe|wanna go again?\n|c|\u2606psicopatic|gg\n","uploadtime":1697481568,"views":20,"p1id":"rubenpace","p2id":"psicopatic","formatid":"gen9ubers","rating":0,"private":0,"password":""}