{"id":"gen9ubers-2000044842","p1":"Sol CPU","p2":"Astyr.Pygos","format":"[Gen 9] Ubers","log":"|j|\u2606Sol CPU\n|j|\u2606Astyr.Pygos\n|t:|1701145407\n|gametype|singles\n|player|p1|Sol CPU|2|\n|player|p2|Astyr.Pygos|rosa|\n|teamsize|p1|6\n|teamsize|p2|6\n|gen|9\n|tier|[Gen 9] Ubers\n|rule|Sleep Clause Mod: Limit one foe put to sleep\n|rule|Species Clause: Limit one of each Pok\u00e9mon\n|rule|OHKO Clause: OHKO moves are banned\n|rule|Evasion Items Clause: Evasion items are banned\n|rule|Evasion Moves Clause: Evasion moves are banned\n|rule|Endless Battle Clause: Forcing endless battles is banned\n|rule|HP Percentage Mod: HP is shown in percentages\n|clearpoke\n|poke|p1|Thundurus, M|\n|poke|p1|Dragalge, F|\n|poke|p1|Great Tusk|\n|poke|p1|Volcarona, F|\n|poke|p1|Meloetta|\n|poke|p1|Articuno|\n|poke|p2|Clodsire, M|\n|poke|p2|Iron Valiant|\n|poke|p2|Rotom-Wash|\n|poke|p2|Ceruledge, M|\n|poke|p2|Tatsugiri, M|\n|poke|p2|Grimmsnarl, M|\n|teampreview\n|j| Squirshawott\n|j| slugmaaa\n|j| pkpowers310\n|j| BLACK METAL 3\n|\n|t:|1701145556\n|start\n|switch|p1a: Not Kingdra|Dragalge, F|100\/100\n|switch|p2a: Grimmsnarl|Grimmsnarl, M|100\/100\n|turn|1\n|\n|t:|1701145567\n|move|p2a: Grimmsnarl|Light Screen|p2a: Grimmsnarl\n|-sidestart|p2: Astyr.Pygos|move: Light Screen\n|move|p1a: Not Kingdra|Toxic Spikes|p2a: Grimmsnarl\n|-sidestart|p2: Astyr.Pygos|move: Toxic Spikes\n|\n|upkeep\n|turn|2\n|\n|t:|1701145598\n|move|p2a: Grimmsnarl|Reflect|p2a: Grimmsnarl\n|-sidestart|p2: Astyr.Pygos|Reflect\n|move|p1a: Not Kingdra|Sludge Bomb|p2a: Grimmsnarl\n|-supereffective|p2a: Grimmsnarl\n|-crit|p2a: Grimmsnarl\n|-damage|p2a: Grimmsnarl|12\/100\n|-status|p2a: Grimmsnarl|psn\n|\n|-damage|p2a: Grimmsnarl|0 fnt|[from] psn\n|faint|p2a: Grimmsnarl\n|upkeep\n|\n|t:|1701145609\n|switch|p2a: Tatsugiri|Tatsugiri, M|100\/100\n|-status|p2a: Tatsugiri|psn\n|turn|3\n|c|\u2606Astyr.Pygos|carried\n|c|\u2606Sol CPU|LOL\n|\n|t:|1701145628\n|move|p1a: Not Kingdra|Protect|p1a: Not Kingdra\n|-singleturn|p1a: Not Kingdra|Protect\n|move|p2a: Tatsugiri|Rapid Spin|p1a: Not Kingdra\n|-activate|p1a: Not Kingdra|move: Protect\n|\n|-damage|p2a: Tatsugiri|88\/100 psn|[from] psn\n|upkeep\n|turn|4\n|\n|t:|1701145642\n|move|p2a: Tatsugiri|Dragon Pulse|p1a: Not Kingdra\n|-supereffective|p1a: Not Kingdra\n|-damage|p1a: Not Kingdra|43\/100\n|move|p1a: Not Kingdra|Dragon Pulse|p2a: Tatsugiri\n|-supereffective|p2a: Tatsugiri\n|-damage|p2a: Tatsugiri|49\/100 psn\n|\n|-heal|p2a: Tatsugiri|56\/100 psn|[from] item: Leftovers\n|-heal|p1a: Not Kingdra|49\/100|[from] item: Black Sludge\n|-damage|p2a: Tatsugiri|43\/100 psn|[from] psn\n|upkeep\n|turn|5\n|\n|t:|1701145701\n|move|p1a: Not Kingdra|Protect|p1a: Not Kingdra\n|-singleturn|p1a: Not Kingdra|Protect\n|move|p2a: Tatsugiri|Dragon Pulse|p1a: Not Kingdra\n|-activate|p1a: Not Kingdra|move: Protect\n|\n|-heal|p2a: Tatsugiri|49\/100 psn|[from] item: Leftovers\n|-heal|p1a: Not Kingdra|55\/100|[from] item: Black Sludge\n|-damage|p2a: Tatsugiri|37\/100 psn|[from] psn\n|upkeep\n|turn|6\n|\n|t:|1701145733\n|switch|p1a: Cave Loiterer|Articuno|100\/100\n|-ability|p1a: Cave Loiterer|Pressure\n|move|p2a: Tatsugiri|Dragon Pulse|p1a: Cave Loiterer\n|-damage|p1a: Cave Loiterer|79\/100\n|\n|-heal|p2a: Tatsugiri|43\/100 psn|[from] item: Leftovers\n|-damage|p2a: Tatsugiri|31\/100 psn|[from] psn\n|upkeep\n|turn|7\n|\n|t:|1701145791\n|switch|p2a: Clodsire|Clodsire, M|100\/100\n|-sideend|p2: Astyr.Pygos|move: Toxic Spikes|[of] p2a: Clodsire\n|move|p1a: Cave Loiterer|Freeze-Dry|p2a: Clodsire\n|-supereffective|p2a: Clodsire\n|-damage|p2a: Clodsire|87\/100\n|\n|upkeep\n|turn|8\n|\n|t:|1701145829\n|move|p1a: Cave Loiterer|Freeze-Dry|p2a: Clodsire\n|-supereffective|p2a: Clodsire\n|-damage|p2a: Clodsire|74\/100\n|-status|p2a: Clodsire|frz\n|cant|p2a: Clodsire|frz\n|\n|-sideend|p2: Astyr.Pygos|move: Light Screen\n|upkeep\n|turn|9\n|\n|t:|1701145912\n|move|p1a: Cave Loiterer|Freeze-Dry|p2a: Clodsire\n|-supereffective|p2a: Clodsire\n|-damage|p2a: Clodsire|49\/100 frz\n|cant|p2a: Clodsire|frz\n|\n|-sideend|p2: Astyr.Pygos|Reflect\n|upkeep\n|turn|10\n|\n|t:|1701145919\n|move|p1a: Cave Loiterer|Freeze-Dry|p2a: Clodsire\n|-supereffective|p2a: Clodsire\n|-damage|p2a: Clodsire|26\/100 frz\n|cant|p2a: Clodsire|frz\n|\n|upkeep\n|turn|11\n|\n|t:|1701145925\n|move|p1a: Cave Loiterer|Freeze-Dry|p2a: Clodsire\n|-supereffective|p2a: Clodsire\n|-damage|p2a: Clodsire|2\/100 frz\n|-enditem|p2a: Clodsire|Aguav Berry|[eat]\n|-heal|p2a: Clodsire|36\/100 frz|[from] item: Aguav Berry\n|cant|p2a: Clodsire|frz\n|\n|upkeep\n|turn|12\n|\n|t:|1701145932\n|move|p1a: Cave Loiterer|Freeze-Dry|p2a: Clodsire\n|-supereffective|p2a: Clodsire\n|-damage|p2a: Clodsire|11\/100 frz\n|-curestatus|p2a: Clodsire|frz|[msg]\n|move|p2a: Clodsire|Recover|p2a: Clodsire\n|-heal|p2a: Clodsire|61\/100\n|\n|upkeep\n|turn|13\n|\n|t:|1701145956\n|move|p1a: Cave Loiterer|Ancient Power|p2a: Clodsire\n|-resisted|p2a: Clodsire\n|-damage|p2a: Clodsire|57\/100\n|move|p2a: Clodsire|Stealth Rock|p1a: Cave Loiterer\n|-sidestart|p1: Sol CPU|move: Stealth Rock\n|\n|upkeep\n|turn|14\n|\n|t:|1701145992\n|move|p1a: Cave Loiterer|Freeze-Dry|p2a: Clodsire\n|-supereffective|p2a: Clodsire\n|-damage|p2a: Clodsire|34\/100\n|move|p2a: Clodsire|Stone Edge|p1a: Cave Loiterer|[miss]\n|-miss|p2a: Clodsire|p1a: Cave Loiterer\n|\n|upkeep\n|turn|15\n|\n|t:|1701146019\n|switch|p1a: GET 'EM BOYS|Great Tusk|100\/100\n|-damage|p1a: GET 'EM BOYS|98\/100|[from] Stealth Rock\n|-enditem|p1a: GET 'EM BOYS|Booster Energy\n|-activate|p1a: GET 'EM BOYS|ability: Protosynthesis|[fromitem]\n|-start|p1a: GET 'EM BOYS|protosynthesisatk\n|move|p2a: Clodsire|Recover|p2a: Clodsire\n|-heal|p2a: Clodsire|84\/100\n|\n|upkeep\n|turn|16\n|\n|t:|1701146042\n|switch|p2a: Rotom|Rotom-Wash|100\/100\n|move|p1a: GET 'EM BOYS|Earthquake|p2a: Rotom\n|-immune|p2a: Rotom|[from] ability: Levitate\n|\n|upkeep\n|turn|17\n|\n|t:|1701146063\n|move|p1a: GET 'EM BOYS|Knock Off|p2a: Rotom\n|-damage|p2a: Rotom|67\/100\n|-enditem|p2a: Rotom|Terrain Extender|[from] move: Knock Off|[of] p1a: GET 'EM BOYS\n|move|p2a: Rotom|Hydro Pump|p1a: GET 'EM BOYS\n|-supereffective|p1a: GET 'EM BOYS\n|-damage|p1a: GET 'EM BOYS|0 fnt\n|faint|p1a: GET 'EM BOYS\n|-end|p1a: GET 'EM BOYS|Protosynthesis|[silent]\n|\n|upkeep\n|\n|t:|1701146072\n|switch|p1a: Cave Loiterer|Articuno|79\/100\n|-damage|p1a: Cave Loiterer|29\/100|[from] Stealth Rock\n|-ability|p1a: Cave Loiterer|Pressure\n|turn|18\n|\n|t:|1701146091\n|move|p2a: Rotom|Volt Switch|p1a: Cave Loiterer\n|-supereffective|p1a: Cave Loiterer\n|-damage|p1a: Cave Loiterer|0 fnt\n|faint|p1a: Cave Loiterer\n|\n|t:|1701146130\n|switch|p2a: Clodsire|Clodsire, M|84\/100|[from] Volt Switch\n|\n|upkeep\n|\n|t:|1701146147\n|switch|p1a: Sing Queen|Meloetta|100\/100\n|-damage|p1a: Sing Queen|88\/100|[from] Stealth Rock\n|turn|19\n|\n|t:|1701146210\n|switch|p2a: Tatsugiri|Tatsugiri, M|31\/100 psn\n|move|p1a: Sing Queen|Psychic|p2a: Tatsugiri\n|-damage|p2a: Tatsugiri|0 fnt\n|faint|p2a: Tatsugiri\n|\n|upkeep\n|\n|t:|1701146258\n|switch|p2a: Ceruledge|Ceruledge, M|100\/100\n|turn|20\n|\n|t:|1701146282\n|switch|p1a: Not Kingdra|Dragalge, F|55\/100\n|-damage|p1a: Not Kingdra|43\/100|[from] Stealth Rock\n|move|p2a: Ceruledge|Bitter Blade|p1a: Not Kingdra\n|-resisted|p1a: Not Kingdra\n|-damage|p1a: Not Kingdra|18\/100\n|\n|-heal|p1a: Not Kingdra|24\/100|[from] item: Black Sludge\n|upkeep\n|turn|21\n|\n|t:|1701146305\n|move|p1a: Not Kingdra|Protect|p1a: Not Kingdra\n|-singleturn|p1a: Not Kingdra|Protect\n|move|p2a: Ceruledge|Swords Dance|p2a: Ceruledge\n|-boost|p2a: Ceruledge|atk|2\n|\n|-heal|p1a: Not Kingdra|30\/100|[from] item: Black Sludge\n|upkeep\n|turn|22\n|\n|t:|1701146321\n|move|p2a: Ceruledge|Bitter Blade|p1a: Not Kingdra\n|-resisted|p1a: Not Kingdra\n|-damage|p1a: Not Kingdra|0 fnt\n|faint|p1a: Not Kingdra\n|\n|upkeep\n|\n|t:|1701146333\n|switch|p1a: M O T H|Volcarona, F|100\/100\n|-damage|p1a: M O T H|51\/100|[from] Stealth Rock\n|turn|23\n|\n|t:|1701146346\n|move|p1a: M O T H|Bug Buzz|p2a: Ceruledge\n|-resisted|p2a: Ceruledge\n|-damage|p2a: Ceruledge|85\/100\n|-unboost|p2a: Ceruledge|spd|1\n|move|p2a: Ceruledge|Bitter Blade|p1a: M O T H\n|-damage|p1a: M O T H|0 fnt\n|-heal|p2a: Ceruledge|100\/100|[from] drain|[of] p1a: M O T H\n|faint|p1a: M O T H\n|\n|upkeep\n|\n|t:|1701146355\n|switch|p1a: Mr. Genie Man|Thundurus, M, shiny|100\/100\n|turn|24\n|\n|t:|1701146367\n|move|p1a: Mr. Genie Man|Sludge Bomb|p2a: Ceruledge\n|-resisted|p2a: Ceruledge\n|-damage|p2a: Ceruledge|75\/100\n|move|p2a: Ceruledge|Bitter Blade|p1a: Mr. Genie Man\n|-damage|p1a: Mr. Genie Man|0 fnt\n|-heal|p2a: Ceruledge|100\/100|[from] drain|[of] p1a: Mr. Genie Man\n|faint|p1a: Mr. Genie Man\n|\n|upkeep\n|\n|t:|1701146376\n|switch|p1a: Sing Queen|Meloetta|88\/100\n|-damage|p1a: Sing Queen|76\/100|[from] Stealth Rock\n|turn|25\n|\n|t:|1701146386\n|move|p2a: Ceruledge|Bitter Blade|p1a: Sing Queen\n|-damage|p1a: Sing Queen|0 fnt\n|faint|p1a: Sing Queen\n|\n|win|Astyr.Pygos\n|l|\u2606Sol CPU\n|l| slugmaaa\n","uploadtime":1701147262,"views":26,"p1id":"solcpu","p2id":"astyrpygos","formatid":"gen9ubers","rating":0,"private":0,"password":""}