{"id":"gen9ubers-1999078833","p1":"Noryemak","p2":"cartoon cat 44","format":"[Gen 9] Ubers","log":"|j|\u2606Noryemak\n|j|\u2606cartoon cat 44\n|t:|1701030888\n|gametype|singles\n|player|p1|Noryemak|102|1009\n|player|p2|cartoon cat 44|red|1003\n|teamsize|p1|6\n|teamsize|p2|6\n|gen|9\n|tier|[Gen 9] Ubers\n|rated|\n|rule|Sleep Clause Mod: Limit one foe put to sleep\n|rule|Species Clause: Limit one of each Pok\u00e9mon\n|rule|OHKO Clause: OHKO moves are banned\n|rule|Evasion Items Clause: Evasion items are banned\n|rule|Evasion Moves Clause: Evasion moves are banned\n|rule|Endless Battle Clause: Forcing endless battles is banned\n|rule|HP Percentage Mod: HP is shown in percentages\n|clearpoke\n|poke|p1|Gholdengo|\n|poke|p1|Zoroark-Hisui, M|\n|poke|p1|Ariados, M|\n|poke|p1|Annihilape, F|\n|poke|p1|Glimmora, M|\n|poke|p1|Rillaboom, F|\n|poke|p2|Koraidon|\n|poke|p2|Miraidon|\n|poke|p2|Palkia|\n|poke|p2|Giratina-Origin|\n|poke|p2|Charizard, F|\n|poke|p2|Gardevoir, F|\n|teampreview\n|inactive|Battle timer is ON: inactive players will automatically lose when time's up. (requested by cartoon cat 44)\n|\n|t:|1701030914\n|start\n|switch|p1a: Ariados|Ariados, M|100\/100\n|switch|p2a: Gardevoir|Gardevoir, F|100\/100\n|-ability|p2a: Gardevoir|Sniper|[from] ability: Trace|[of] p1a: Ariados\n|turn|1\n|\n|t:|1701030926\n|move|p2a: Gardevoir|Misty Explosion|p1a: Ariados\n|-resisted|p1a: Ariados\n|-damage|p1a: Ariados|73\/100\n|faint|p2a: Gardevoir\n|move|p1a: Ariados|Focus Energy|p1a: Ariados\n|-start|p1a: Ariados|move: Focus Energy\n|\n|upkeep\n|\n|t:|1701030929\n|switch|p2a: Charizard|Charizard, F, shiny|100\/100\n|turn|2\n|\n|t:|1701030940\n|move|p2a: Charizard|Dragon Dance|p2a: Charizard\n|-boost|p2a: Charizard|atk|1\n|-boost|p2a: Charizard|spe|1\n|move|p1a: Ariados|Cross Poison|p2a: Charizard\n|-crit|p2a: Charizard\n|-damage|p2a: Charizard|11\/100\n|-damage|p1a: Ariados|56\/100|[from] item: Rocky Helmet|[of] p2a: Charizard\n|\n|upkeep\n|turn|3\n|\n|t:|1701030948\n|move|p2a: Charizard|Dragon Breath|p1a: Ariados\n|-damage|p1a: Ariados|36\/100\n|-status|p1a: Ariados|par\n|move|p1a: Ariados|Night Slash|p2a: Charizard\n|-crit|p2a: Charizard\n|-damage|p2a: Charizard|0 fnt\n|-damage|p1a: Ariados|19\/100 par|[from] item: Rocky Helmet|[of] p2a: Charizard\n|faint|p2a: Charizard\n|\n|upkeep\n|\n|t:|1701030953\n|switch|p2a: Koraidon|Koraidon|100\/100\n|-weather|SunnyDay|[from] ability: Orichalcum Pulse|[of] p2a: Koraidon\n|-activate|p2a: Koraidon|Orichalcum Pulse|[source]\n|turn|4\n|\n|t:|1701030966\n|move|p2a: Koraidon|Collision Course|p1a: Ariados\n|-resisted|p1a: Ariados\n|-crit|p1a: Ariados\n|-damage|p1a: Ariados|0 fnt\n|faint|p1a: Ariados\n|\n|-weather|SunnyDay|[upkeep]\n|upkeep\n|\n|t:|1701030973\n|switch|p1a: Annihilape|Annihilape, F|100\/100\n|turn|5\n|\n|t:|1701030982\n|move|p1a: Annihilape|Body Slam|p2a: Koraidon\n|-damage|p2a: Koraidon|73\/100\n|-status|p2a: Koraidon|par\n|-damage|p1a: Annihilape|84\/100|[from] item: Rocky Helmet|[of] p2a: Koraidon\n|move|p2a: Koraidon|Collision Course|p1a: Annihilape\n|-immune|p1a: Annihilape\n|\n|-weather|SunnyDay|[upkeep]\n|upkeep\n|turn|6\n|\n|t:|1701030993\n|move|p1a: Annihilape|Poltergeist|p2a: Koraidon\n|-activate|p2a: Koraidon|move: Poltergeist|Rocky Helmet\n|-damage|p2a: Koraidon|40\/100 par\n|move|p2a: Koraidon|Draco Meteor|p1a: Annihilape\n|-damage|p1a: Annihilape|0 fnt\n|-unboost|p2a: Koraidon|spa|2\n|replace|p1a: Zoroark|Zoroark-Hisui, M, shiny\n|-end|p1a: Zoroark|Illusion\n|faint|p1a: Zoroark\n|\n|-weather|SunnyDay|[upkeep]\n|upkeep\n|\n|t:|1701031005\n|switch|p1a: Glimmora|Glimmora, M|100\/100\n|turn|7\n|\n|t:|1701031012\n|move|p1a: Glimmora|Power Gem|p2a: Koraidon\n|-resisted|p2a: Koraidon\n|-damage|p2a: Koraidon|21\/100 par\n|move|p2a: Koraidon|Draco Meteor|p1a: Glimmora|[miss]\n|-miss|p2a: Koraidon|p1a: Glimmora\n|\n|-weather|SunnyDay|[upkeep]\n|upkeep\n|turn|8\n|\n|t:|1701031022\n|move|p1a: Glimmora|Earth Power|p2a: Koraidon\n|-damage|p2a: Koraidon|0 fnt\n|faint|p2a: Koraidon\n|\n|-weather|none\n|upkeep\n|\n|t:|1701031028\n|switch|p2a: Palkia|Palkia|100\/100\n|turn|9\n|\n|t:|1701031040\n|move|p1a: Glimmora|Sludge Wave|p2a: Palkia\n|-damage|p2a: Palkia|61\/100\n|move|p2a: Palkia|Dragon Pulse|p1a: Glimmora\n|-damage|p1a: Glimmora|28\/100\n|\n|upkeep\n|turn|10\n|\n|t:|1701031049\n|move|p1a: Glimmora|Power Gem|p2a: Palkia\n|-damage|p2a: Palkia|27\/100\n|move|p2a: Palkia|Aura Sphere|p1a: Glimmora\n|-damage|p1a: Glimmora|0 fnt\n|faint|p1a: Glimmora\n|\n|upkeep\n|\n|t:|1701031069\n|switch|p1a: Gholdengo|Gholdengo|100\/100\n|turn|11\n|\n|t:|1701031078\n|move|p1a: Gholdengo|Thunder Wave|p2a: Palkia\n|-status|p2a: Palkia|par\n|cant|p2a: Palkia|par\n|\n|upkeep\n|turn|12\n|\n|t:|1701031083\n|move|p1a: Gholdengo|Hex|p2a: Palkia\n|-damage|p2a: Palkia|0 fnt\n|faint|p2a: Palkia\n|\n|upkeep\n|\n|t:|1701031086\n|switch|p2a: Giratina|Giratina-Origin|100\/100\n|turn|13\n|\n|t:|1701031091\n|move|p2a: Giratina|Shadow Sneak|p1a: Gholdengo\n|-supereffective|p1a: Gholdengo\n|-damage|p1a: Gholdengo|53\/100\n|move|p1a: Gholdengo|Thunder Wave|p2a: Giratina\n|-status|p2a: Giratina|par\n|\n|upkeep\n|turn|14\n|\n|t:|1701031097\n|move|p1a: Gholdengo|Nasty Plot|p1a: Gholdengo\n|-boost|p1a: Gholdengo|spa|2\n|move|p2a: Giratina|Phantom Force||[still]\n|-prepare|p2a: Giratina|Phantom Force\n|\n|upkeep\n|turn|15\n|\n|t:|1701031109\n|move|p1a: Gholdengo|Hex|p2a: Giratina|[miss]\n|-miss|p1a: Gholdengo|p2a: Giratina\n|move|p2a: Giratina|Phantom Force|p1a: Gholdengo|[from]lockedmove\n|-supereffective|p1a: Gholdengo\n|-damage|p1a: Gholdengo|0 fnt\n|faint|p1a: Gholdengo\n|\n|upkeep\n|\n|t:|1701031119\n|switch|p1a: Rillaboom|Rillaboom, F|100\/100\n|-fieldstart|move: Grassy Terrain|[from] ability: Grassy Surge|[of] p1a: Rillaboom\n|-enditem|p1a: Rillaboom|Grassy Seed\n|-boost|p1a: Rillaboom|def|1|[from] item: Grassy Seed\n|turn|16\n|\n|t:|1701031126\n|move|p1a: Rillaboom|Knock Off|p2a: Giratina\n|-supereffective|p2a: Giratina\n|-damage|p2a: Giratina|71\/100 par\n|cant|p2a: Giratina|par\n|\n|upkeep\n|turn|17\n|\n|t:|1701031135\n|move|p1a: Rillaboom|Knock Off|p2a: Giratina\n|-supereffective|p2a: Giratina\n|-damage|p2a: Giratina|40\/100 par\n|cant|p2a: Giratina|par\n|\n|upkeep\n|turn|18\n|\n|t:|1701031140\n|move|p1a: Rillaboom|Knock Off|p2a: Giratina\n|-supereffective|p2a: Giratina\n|-damage|p2a: Giratina|11\/100 par\n|move|p2a: Giratina|Phantom Force||[still]\n|-prepare|p2a: Giratina|Phantom Force\n|\n|upkeep\n|turn|19\n|\n|t:|1701031148\n|move|p1a: Rillaboom|Grassy Glide|p2a: Giratina|[miss]\n|-miss|p1a: Rillaboom|p2a: Giratina\n|move|p2a: Giratina|Phantom Force|p1a: Rillaboom|[from]lockedmove\n|-damage|p1a: Rillaboom|69\/100\n|\n|-heal|p1a: Rillaboom|75\/100|[from] Grassy Terrain\n|upkeep\n|turn|20\n|\n|t:|1701031155\n|move|p1a: Rillaboom|Knock Off|p2a: Giratina\n|-supereffective|p2a: Giratina\n|-damage|p2a: Giratina|0 fnt\n|faint|p2a: Giratina\n|\n|-heal|p1a: Rillaboom|81\/100|[from] Grassy Terrain\n|-fieldend|move: Grassy Terrain\n|upkeep\n|\n|t:|1701031159\n|switch|p2a: Miraidon|Miraidon|100\/100\n|-fieldstart|move: Electric Terrain|[from] ability: Hadron Engine|[of] p2a: Miraidon\n|turn|21\n|\n|t:|1701031168\n|-terastallize|p2a: Miraidon|Dragon\n|move|p2a: Miraidon|Draco Meteor|p1a: Rillaboom\n|-damage|p1a: Rillaboom|0 fnt\n|-unboost|p2a: Miraidon|spa|2\n|faint|p1a: Rillaboom\n|\n|upkeep\n|\n|t:|1701031177\n|switch|p1a: Annihilape|Annihilape, F|100\/100\n|turn|22\n|\n|t:|1701031187\n|move|p2a: Miraidon|Draco Meteor|p1a: Annihilape\n|-damage|p1a: Annihilape|42\/100\n|-unboost|p2a: Miraidon|spa|2\n|move|p1a: Annihilape|Rage Fist|p2a: Miraidon\n|-damage|p2a: Miraidon|59\/100\n|-damage|p1a: Annihilape|25\/100|[from] item: Rocky Helmet|[of] p2a: Miraidon\n|-enditem|p1a: Annihilape|Mago Berry|[eat]\n|-heal|p1a: Annihilape|58\/100|[from] item: Mago Berry\n|\n|upkeep\n|turn|23\n|\n|t:|1701031197\n|move|p2a: Miraidon|Draco Meteor|p1a: Annihilape|[miss]\n|-miss|p2a: Miraidon|p1a: Annihilape\n|move|p1a: Annihilape|Rage Fist|p2a: Miraidon\n|-damage|p2a: Miraidon|18\/100\n|-damage|p1a: Annihilape|42\/100|[from] item: Rocky Helmet|[of] p2a: Miraidon\n|\n|upkeep\n|turn|24\n|\n|t:|1701031205\n|move|p2a: Miraidon|Electro Drift|p1a: Annihilape\n|-damage|p1a: Annihilape|12\/100\n|move|p1a: Annihilape|Rage Fist|p2a: Miraidon\n|-damage|p2a: Miraidon|0 fnt\n|-damage|p1a: Annihilape|0 fnt|[from] item: Rocky Helmet|[of] p2a: Miraidon\n|faint|p2a: Miraidon\n|faint|p1a: Annihilape\n|\n|win|Noryemak\n|raw|Noryemak's rating: 1009 &rarr; <strong>1047<\/strong><br \/>(+38 for winning)\n|raw|cartoon cat 44's rating: 1003 &rarr; <strong>1000<\/strong><br \/>(-3 for losing)\n","uploadtime":1701031210,"views":4,"p1id":"noryemak","p2id":"cartooncat44","formatid":"gen9ubers","rating":1000,"private":0,"password":""}