{"id":"gen9ubers-1975279038","p1":"AlicieLizzie","p2":"AnUndeadMyth","format":"[Gen 9] Ubers","log":"|j|\u2606AlicieLizzie\n|j|\u203dAnUndeadMyth\n|t:|1698176014\n|gametype|singles\n|player|p1|AlicieLizzie|marnie-masters3|\n|player|p2|AnUndeadMyth|266|\n|teamsize|p1|6\n|teamsize|p2|6\n|gen|9\n|tier|[Gen 9] Ubers\n|rule|Sleep Clause Mod: Limit one foe put to sleep\n|rule|Species Clause: Limit one of each Pok\u00e9mon\n|rule|OHKO Clause: OHKO moves are banned\n|rule|Evasion Items Clause: Evasion items are banned\n|rule|Evasion Moves Clause: Evasion moves are banned\n|rule|Endless Battle Clause: Forcing endless battles is banned\n|rule|HP Percentage Mod: HP is shown in percentages\n|clearpoke\n|poke|p1|Cyclizar, M|\n|poke|p1|Kommo-o, F|\n|poke|p1|Dondozo, M|\n|poke|p1|Shaymin-Sky|\n|poke|p1|Gholdengo|\n|poke|p1|Zacian-*|\n|poke|p2|Slowking-Galar, F|\n|poke|p2|Zapdos|\n|poke|p2|Dialga|\n|poke|p2|Dragapult, M|\n|poke|p2|Cinderace, M|\n|poke|p2|Garchomp, M|\n|teampreview\n|inactive|Battle timer is ON: inactive players will automatically lose when time's up. (requested by AlicieLizzie)\n|\n|t:|1698176024\n|start\n|switch|p1a: Marlon Brandozo|Dondozo, M|100\/100\n|switch|p2a: Garchomp|Garchomp, M|100\/100\n|turn|1\n|\n|t:|1698176031\n|move|p2a: Garchomp|Stealth Rock|p1a: Marlon Brandozo\n|-sidestart|p1: AlicieLizzie|move: Stealth Rock\n|move|p1a: Marlon Brandozo|Liquidation|p2a: Garchomp\n|-damage|p2a: Garchomp|73\/100\n|-damage|p1a: Marlon Brandozo|88\/100|[from] ability: Rough Skin|[of] p2a: Garchomp\n|\n|-heal|p1a: Marlon Brandozo|94\/100|[from] item: Leftovers\n|upkeep\n|turn|2\n|\n|t:|1698176040\n|switch|p2a: Slowking|Slowking-Galar, F|100\/100\n|move|p1a: Marlon Brandozo|Liquidation|p2a: Slowking\n|-damage|p2a: Slowking|67\/100\n|\n|-heal|p1a: Marlon Brandozo|99\/100|[from] item: Leftovers\n|-heal|p2a: Slowking|73\/100|[from] item: Leftovers\n|upkeep\n|turn|3\n|\n|t:|1698176052\n|move|p1a: Marlon Brandozo|Liquidation|p2a: Slowking\n|-damage|p2a: Slowking|42\/100\n|move|p2a: Slowking|Toxic|p1a: Marlon Brandozo\n|-status|p1a: Marlon Brandozo|tox\n|\n|-heal|p1a: Marlon Brandozo|100\/100 tox|[from] item: Leftovers\n|-heal|p2a: Slowking|48\/100|[from] item: Leftovers\n|-damage|p1a: Marlon Brandozo|94\/100 tox|[from] psn\n|upkeep\n|turn|4\n|\n|t:|1698176063\n|move|p1a: Marlon Brandozo|Liquidation|p2a: Slowking\n|-damage|p2a: Slowking|18\/100\n|move|p2a: Slowking|Slack Off|p2a: Slowking\n|-heal|p2a: Slowking|68\/100\n|\n|-heal|p1a: Marlon Brandozo|100\/100 tox|[from] item: Leftovers\n|-heal|p2a: Slowking|74\/100|[from] item: Leftovers\n|-damage|p1a: Marlon Brandozo|88\/100 tox|[from] psn\n|upkeep\n|turn|5\n|\n|t:|1698176075\n|move|p1a: Marlon Brandozo|Liquidation|p2a: Slowking\n|-damage|p2a: Slowking|41\/100\n|move|p2a: Slowking|Chilly Reception|p2a: Slowking\n|-weather|Snow\n|\n|t:|1698176083\n|switch|p2a: Dragapult|Dragapult, M|100\/100|[from] Chilly Reception\n|\n|-weather|Snow|[upkeep]\n|-heal|p1a: Marlon Brandozo|94\/100 tox|[from] item: Leftovers\n|-damage|p1a: Marlon Brandozo|76\/100 tox|[from] psn\n|upkeep\n|turn|6\n|\n|t:|1698176087\n|move|p2a: Dragapult|Thunderbolt|p1a: Marlon Brandozo\n|-supereffective|p1a: Marlon Brandozo\n|-damage|p1a: Marlon Brandozo|0 fnt\n|faint|p1a: Marlon Brandozo\n|\n|-weather|Snow|[upkeep]\n|upkeep\n|\n|t:|1698176095\n|switch|p1a: Cycle Dryer|Cyclizar, M|100\/100\n|turn|7\n|\n|t:|1698176103\n|switch|p2a: Slowking|Slowking-Galar, F|74\/100\n|move|p1a: Cycle Dryer|Knock Off|p2a: Slowking\n|-supereffective|p2a: Slowking\n|-damage|p2a: Slowking|33\/100\n|-enditem|p2a: Slowking|Leftovers|[from] move: Knock Off|[of] p1a: Cycle Dryer\n|\n|-weather|Snow|[upkeep]\n|upkeep\n|turn|8\n|\n|t:|1698176125\n|switch|p2a: Zapdos|Zapdos|100\/100\n|move|p1a: Cycle Dryer|Shed Tail|p1a: Cycle Dryer\n|-start|p1a: Cycle Dryer|Substitute|[from] move: Shed Tail\n|-damage|p1a: Cycle Dryer|50\/100\n|\n|t:|1698176132\n|switch|p1a: Kommo-OH NO|Kommo-o, F|100\/100|[from] Shed Tail\n|-damage|p1a: Kommo-OH NO|94\/100|[from] Stealth Rock\n|\n|-weather|Snow|[upkeep]\n|upkeep\n|turn|9\n|\n|t:|1698176135\n|move|p1a: Kommo-OH NO|Clangorous Soul|p1a: Kommo-OH NO\n|-boost|p1a: Kommo-OH NO|atk|1\n|-boost|p1a: Kommo-OH NO|def|1\n|-boost|p1a: Kommo-OH NO|spa|1\n|-boost|p1a: Kommo-OH NO|spd|1\n|-boost|p1a: Kommo-OH NO|spe|1\n|-damage|p1a: Kommo-OH NO|61\/100\n|-enditem|p1a: Kommo-OH NO|Throat Spray\n|-boost|p1a: Kommo-OH NO|spa|1|[from] item: Throat Spray\n|move|p2a: Zapdos|Hurricane|p1a: Kommo-OH NO\n|-supereffective|p1a: Kommo-OH NO\n|-end|p1a: Kommo-OH NO|Substitute\n|\n|-weather|none\n|upkeep\n|turn|10\n|\n|t:|1698176143\n|switch|p2a: Garchomp|Garchomp, M|73\/100\n|-terastallize|p1a: Kommo-OH NO|Normal\n|move|p1a: Kommo-OH NO|Boomburst|p2a: Garchomp\n|-damage|p2a: Garchomp|0 fnt\n|faint|p2a: Garchomp\n|\n|upkeep\n|\n|t:|1698176164\n|switch|p2a: Dialga|Dialga|100\/100\n|-ability|p2a: Dialga|Pressure\n|turn|11\n|\n|t:|1698176176\n|move|p2a: Dialga|Draco Meteor|p1a: Kommo-OH NO\n|-damage|p1a: Kommo-OH NO|6\/100\n|-unboost|p2a: Dialga|spa|2\n|move|p1a: Kommo-OH NO|Aura Sphere|p2a: Dialga\n|-supereffective|p2a: Dialga\n|-damage|p2a: Dialga|0 fnt\n|faint|p2a: Dialga\n|\n|upkeep\n|\n|t:|1698176182\n|switch|p2a: Dragapult|Dragapult, M|100\/100\n|turn|12\n|\n|t:|1698176187\n|move|p1a: Kommo-OH NO|Clanging Scales|p2a: Dragapult\n|-supereffective|p2a: Dragapult\n|-damage|p2a: Dragapult|0 fnt\n|faint|p2a: Dragapult\n|-unboost|p1a: Kommo-OH NO|def|1\n|\n|upkeep\n|\n|t:|1698176193\n|switch|p2a: Slowking|Slowking-Galar, F|66\/100\n|turn|13\n|\n|t:|1698176196\n|move|p1a: Kommo-OH NO|Boomburst|p2a: Slowking\n|-damage|p2a: Slowking|0 fnt\n|faint|p2a: Slowking\n|\n|upkeep\n|\n|t:|1698176198\n|switch|p2a: Zapdos|Zapdos|100\/100\n|turn|14\n|\n|t:|1698176203\n|move|p1a: Kommo-OH NO|Boomburst|p2a: Zapdos\n|-damage|p2a: Zapdos|0 fnt\n|faint|p2a: Zapdos\n|\n|upkeep\n|\n|t:|1698176206\n|switch|p2a: Cinderace|Cinderace, M|100\/100\n|turn|15\n|\n|t:|1698176207\n|move|p1a: Kommo-OH NO|Boomburst|p2a: Cinderace\n|-damage|p2a: Cinderace|0 fnt\n|faint|p2a: Cinderace\n|\n|win|AlicieLizzie\n|l|\u203dAnUndeadMyth\n","uploadtime":1698176216,"views":24,"p1id":"alicielizzie","p2id":"anundeadmyth","formatid":"gen9ubers","rating":0,"private":0,"password":""}