{"id":"gen9ubers-1984022505","p1":"proakie101","p2":"Halil66","format":"[Gen 9] Ubers","log":"|j|\u2606proakie101\n|j|\u2606Halil66\n|t:|1699210721\n|gametype|singles\n|player|p1|proakie101|265|1155\n|player|p2|Halil66|brock|1130\n|teamsize|p1|6\n|teamsize|p2|6\n|gen|9\n|tier|[Gen 9] Ubers\n|rated|\n|rule|Sleep Clause Mod: Limit one foe put to sleep\n|rule|Species Clause: Limit one of each Pok\u00e9mon\n|rule|OHKO Clause: OHKO moves are banned\n|rule|Evasion Items Clause: Evasion items are banned\n|rule|Evasion Moves Clause: Evasion moves are banned\n|rule|Endless Battle Clause: Forcing endless battles is banned\n|rule|HP Percentage Mod: HP is shown in percentages\n|clearpoke\n|poke|p1|Cinderace, F|\n|poke|p1|Gholdengo|\n|poke|p1|Great Tusk|\n|poke|p1|Toxicroak, F|\n|poke|p1|Arceus-Electric|\n|poke|p1|Samurott-Hisui, F|\n|poke|p2|Ursaluna-Bloodmoon, M|\n|poke|p2|Darkrai|\n|poke|p2|Mewtwo|\n|poke|p2|Rayquaza|\n|poke|p2|Groudon|\n|poke|p2|Giratina-Origin|\n|teampreview\n|inactive|Battle timer is ON: inactive players will automatically lose when time's up. (requested by proakie101)\n|\n|t:|1699210737\n|start\n|switch|p1a: Samurott|Samurott-Hisui, F|100\/100\n|switch|p2a: Ursaluna|Ursaluna-Bloodmoon, M|100\/100\n|turn|1\n|\n|t:|1699210751\n|move|p2a: Ursaluna|Vacuum Wave|p1a: Samurott\n|-supereffective|p1a: Samurott\n|-damage|p1a: Samurott|53\/100\n|move|p1a: Samurott|Ceaseless Edge|p2a: Ursaluna|[miss]\n|-miss|p1a: Samurott|p2a: Ursaluna\n|\n|upkeep\n|turn|2\n|\n|t:|1699210761\n|-terastallize|p1a: Samurott|Ghost\n|move|p2a: Ursaluna|Vacuum Wave|p1a: Samurott\n|-damage|p1a: Samurott|29\/100\n|move|p1a: Samurott|Ceaseless Edge|p2a: Ursaluna\n|-damage|p2a: Ursaluna|71\/100\n|-sidestart|p2: Halil66|Spikes\n|\n|upkeep\n|turn|3\n|\n|t:|1699210778\n|move|p1a: Samurott|Sucker Punch|p2a: Ursaluna\n|-damage|p2a: Ursaluna|50\/100\n|move|p2a: Ursaluna|Blood Moon|p1a: Samurott\n|-crit|p1a: Samurott\n|-damage|p1a: Samurott|0 fnt\n|faint|p1a: Samurott\n|\n|upkeep\n|inactive|proakie101 has 120 seconds left.\n|\n|t:|1699210803\n|switch|p1a: Toxicroak|Toxicroak, F|100\/100\n|turn|4\n|\n|t:|1699210813\n|move|p1a: Toxicroak|Close Combat|p2a: Ursaluna\n|-supereffective|p2a: Ursaluna\n|-damage|p2a: Ursaluna|0 fnt\n|-unboost|p1a: Toxicroak|def|1\n|-unboost|p1a: Toxicroak|spd|1\n|faint|p2a: Ursaluna\n|-damage|p1a: Toxicroak|91\/100|[from] item: Life Orb\n|\n|upkeep\n|\n|t:|1699210836\n|switch|p2a: Groudon|Groudon|100\/100\n|-damage|p2a: Groudon|88\/100|[from] Spikes\n|-weather|SunnyDay|[from] ability: Drought|[of] p2a: Groudon\n|turn|5\n|\n|t:|1699210854\n|move|p1a: Toxicroak|Close Combat|p2a: Groudon\n|-damage|p2a: Groudon|41\/100\n|-unboost|p1a: Toxicroak|def|1\n|-unboost|p1a: Toxicroak|spd|1\n|-damage|p1a: Toxicroak|81\/100|[from] item: Life Orb\n|move|p2a: Groudon|Precipice Blades|p1a: Toxicroak|[miss]\n|-miss|p2a: Groudon|p1a: Toxicroak\n|\n|-weather|SunnyDay|[upkeep]\n|-damage|p1a: Toxicroak|69\/100|[from] ability: Dry Skin|[of] p1a: Toxicroak\n|upkeep\n|turn|6\n|\n|t:|1699210866\n|move|p1a: Toxicroak|Close Combat|p2a: Groudon\n|-damage|p2a: Groudon|0 fnt\n|-unboost|p1a: Toxicroak|def|1\n|-unboost|p1a: Toxicroak|spd|1\n|faint|p2a: Groudon\n|-damage|p1a: Toxicroak|59\/100|[from] item: Life Orb\n|\n|-weather|SunnyDay|[upkeep]\n|-damage|p1a: Toxicroak|46\/100|[from] ability: Dry Skin|[of] p1a: Toxicroak\n|upkeep\n|inactive|Halil66 has 120 seconds left.\n|\n|t:|1699210889\n|switch|p2a: Rayquaza|Rayquaza, shiny|100\/100\n|-ability|p2a: Rayquaza|Air Lock\n|turn|7\n|inactive|Halil66 has 120 seconds left.\n|\n|t:|1699210896\n|-terastallize|p2a: Rayquaza|Normal\n|move|p2a: Rayquaza|Extreme Speed|p1a: Toxicroak\n|-damage|p1a: Toxicroak|0 fnt\n|faint|p1a: Toxicroak\n|\n|-weather|SunnyDay|[upkeep]\n|upkeep\n|\n|t:|1699210914\n|switch|p1a: Great Tusk|Great Tusk|100\/100\n|-enditem|p1a: Great Tusk|Booster Energy\n|-activate|p1a: Great Tusk|ability: Protosynthesis|[fromitem]\n|-start|p1a: Great Tusk|protosynthesisatk\n|turn|8\n|\n|t:|1699210929\n|switch|p2a: Mewtwo|Mewtwo, shiny|100\/100\n|-ability|p2a: Mewtwo|Unnerve\n|-damage|p2a: Mewtwo|88\/100|[from] Spikes\n|move|p1a: Great Tusk|Close Combat|p2a: Mewtwo\n|-resisted|p2a: Mewtwo\n|-damage|p2a: Mewtwo|47\/100\n|-unboost|p1a: Great Tusk|def|1\n|-unboost|p1a: Great Tusk|spd|1\n|\n|-weather|SunnyDay|[upkeep]\n|upkeep\n|turn|9\n|\n|t:|1699210942\n|move|p2a: Mewtwo|Psystrike|p1a: Great Tusk\n|-supereffective|p1a: Great Tusk\n|-damage|p1a: Great Tusk|0 fnt\n|faint|p1a: Great Tusk\n|-end|p1a: Great Tusk|Protosynthesis|[silent]\n|-damage|p2a: Mewtwo|37\/100|[from] item: Life Orb\n|\n|-weather|none\n|upkeep\n|\n|t:|1699210953\n|switch|p1a: Cinderace|Cinderace, F|100\/100\n|turn|10\n|\n|t:|1699210960\n|move|p1a: Cinderace|Sucker Punch|p2a: Mewtwo\n|-start|p1a: Cinderace|typechange|Dark|[from] ability: Libero\n|-supereffective|p2a: Mewtwo\n|-damage|p2a: Mewtwo|0 fnt\n|faint|p2a: Mewtwo\n|\n|upkeep\n|\n|t:|1699210976\n|switch|p2a: Darkrai|Darkrai|100\/100\n|-damage|p2a: Darkrai|88\/100|[from] Spikes\n|turn|11\n|\n|t:|1699210983\n|move|p2a: Darkrai|Focus Blast|p1a: Cinderace\n|-supereffective|p1a: Cinderace\n|-damage|p1a: Cinderace|0 fnt\n|faint|p1a: Cinderace\n|\n|upkeep\n|\n|t:|1699210993\n|switch|p1a: Gholdengo|Gholdengo|100\/100\n|turn|12\n|\n|t:|1699211005\n|move|p2a: Darkrai|Dark Pulse|p1a: Gholdengo\n|-supereffective|p1a: Gholdengo\n|-damage|p1a: Gholdengo|13\/100\n|move|p1a: Gholdengo|Make It Rain|p2a: Darkrai\n|-crit|p2a: Darkrai\n|-damage|p2a: Darkrai|0 fnt\n|-unboost|p1a: Gholdengo|spa|1\n|faint|p2a: Darkrai\n|\n|upkeep\n|\n|t:|1699211019\n|switch|p2a: Rayquaza|Rayquaza, shiny, tera:Normal|100\/100\n|-damage|p2a: Rayquaza|88\/100|[from] Spikes\n|-ability|p2a: Rayquaza|Air Lock\n|turn|13\n|\n|t:|1699211027\n|move|p2a: Rayquaza|Dragon Claw|p1a: Gholdengo\n|-resisted|p1a: Gholdengo\n|-damage|p1a: Gholdengo|0 fnt\n|faint|p1a: Gholdengo\n|\n|upkeep\n|\n|t:|1699211033\n|switch|p1a: Arceus|Arceus-Electric|100\/100\n|turn|14\n|\n|t:|1699211042\n|move|p2a: Rayquaza|Extreme Speed|p1a: Arceus\n|-damage|p1a: Arceus|60\/100\n|move|p1a: Arceus|Thunderbolt|p2a: Rayquaza\n|-damage|p2a: Rayquaza|33\/100\n|\n|upkeep\n|turn|15\n|\n|t:|1699211051\n|move|p2a: Rayquaza|Extreme Speed|p1a: Arceus\n|-damage|p1a: Arceus|17\/100\n|move|p1a: Arceus|Thunderbolt|p2a: Rayquaza\n|-damage|p2a: Rayquaza|0 fnt\n|faint|p2a: Rayquaza\n|\n|upkeep\n|\n|t:|1699211059\n|switch|p2a: Giratina|Giratina-Origin|100\/100\n|turn|16\n|\n|t:|1699211070\n|move|p2a: Giratina|Shadow Sneak|p1a: Arceus\n|-damage|p1a: Arceus|0 fnt\n|faint|p1a: Arceus\n|\n|win|Halil66\n|raw|proakie101's rating: 1155 &rarr; <strong>1128<\/strong><br \/>(-27 for losing)\n|raw|Halil66's rating: 1130 &rarr; <strong>1157<\/strong><br \/>(+27 for winning)\n|l|\u2606proakie101\n","uploadtime":1699211079,"views":3,"p1id":"proakie101","p2id":"halil66","formatid":"gen9ubers","rating":1128,"private":0,"password":""}