{"id":"gen9ubers-1984815853","p1":"XpokVEVO","p2":"Leo Justice","format":"[Gen 9] Ubers","log":"|j|\u2606XpokVEVO\n|j|\u2606Leo Justice\n|t:|1699301365\n|gametype|singles\n|player|p1|XpokVEVO|mustard|\n|player|p2|Leo Justice|carmine|\n|teamsize|p1|6\n|teamsize|p2|6\n|gen|9\n|tier|[Gen 9] Ubers\n|rule|Sleep Clause Mod: Limit one foe put to sleep\n|rule|Species Clause: Limit one of each Pok\u00e9mon\n|rule|OHKO Clause: OHKO moves are banned\n|rule|Evasion Items Clause: Evasion items are banned\n|rule|Evasion Moves Clause: Evasion moves are banned\n|rule|Endless Battle Clause: Forcing endless battles is banned\n|rule|HP Percentage Mod: HP is shown in percentages\n|clearpoke\n|poke|p1|Cyclizar, M|\n|poke|p1|Espathra, F|\n|poke|p1|Zacian-*|\n|poke|p1|Roaring Moon|\n|poke|p1|Arceus-Fire|\n|poke|p1|Magearna|\n|poke|p2|Tyranitar, F|\n|poke|p2|Garchomp, F|\n|poke|p2|Garganacl, F|\n|poke|p2|Dialga|\n|poke|p2|Ursaluna-Bloodmoon, M|\n|poke|p2|Shaymin-Sky|\n|teampreview\n|inactive|Battle timer is ON: inactive players will automatically lose when time's up. (requested by XpokVEVO)\n|inactive|XpokVEVO has 270 seconds left.\n|\n|t:|1699301420\n|start\n|switch|p1a: Akira|Cyclizar, M|100\/100\n|switch|p2a: Tyranitar|Tyranitar, F|100\/100\n|-weather|Sandstorm|[from] ability: Sand Stream|[of] p2a: Tyranitar\n|turn|1\n|\n|t:|1699301428\n|move|p1a: Akira|Shed Tail|p1a: Akira\n|-start|p1a: Akira|Substitute|[from] move: Shed Tail\n|-damage|p1a: Akira|50\/100\n|inactive|XpokVEVO has 270 seconds left.\n|inactive|XpokVEVO has 240 seconds left.\n|inactive|XpokVEVO has 210 seconds left.\n|inactive|XpokVEVO has 180 seconds left.\n|c|\u2606XpokVEVO|my fault\n|\n|t:|1699301556\n|switch|p1a: Princess|Zacian, shiny|100\/100|[from] Shed Tail\n|-ability|p1a: Princess|Intrepid Sword|boost\n|-boost|p1a: Princess|atk|1\n|move|p2a: Tyranitar|Stealth Rock|p1a: Princess\n|-sidestart|p1: XpokVEVO|move: Stealth Rock\n|\n|-weather|Sandstorm|[upkeep]\n|-damage|p1a: Princess|94\/100|[from] Sandstorm\n|upkeep\n|turn|2\n|inactive|XpokVEVO has 180 seconds left.\n|c|\u2606XpokVEVO|how do you hit back\n|c|\u2606XpokVEVO|i genuinely wonder\n|inactive|Leo Justice has 270 seconds left.\n|\n|t:|1699301609\n|switch|p2a: Shaymin|Shaymin-Sky|100\/100\n|move|p1a: Princess|Close Combat|p2a: Shaymin\n|-resisted|p2a: Shaymin\n|-damage|p2a: Shaymin|56\/100\n|-unboost|p1a: Princess|def|1\n|-unboost|p1a: Princess|spd|1\n|-damage|p1a: Princess|84\/100|[from] item: Life Orb\n|\n|-weather|Sandstorm|[upkeep]\n|-damage|p1a: Princess|78\/100|[from] Sandstorm\n|-damage|p2a: Shaymin|50\/100|[from] Sandstorm\n|-heal|p2a: Shaymin|56\/100|[from] item: Leftovers\n|upkeep\n|turn|3\n|inactive|XpokVEVO has 180 seconds left.\n|c|\u2606XpokVEVO|if this is scarfedmin im gonna\n|\n|t:|1699301627\n|switch|p2a: Garganacl|Garganacl, F|100\/100\n|move|p1a: Princess|Crunch|p2a: Garganacl\n|-damage|p2a: Garganacl|75\/100\n|-unboost|p2a: Garganacl|def|1\n|-damage|p1a: Princess|68\/100|[from] item: Life Orb\n|\n|-weather|Sandstorm|[upkeep]\n|-damage|p1a: Princess|62\/100|[from] Sandstorm\n|-heal|p2a: Garganacl|82\/100|[from] item: Leftovers\n|upkeep\n|turn|4\n|c|\u2606XpokVEVO|are you\n|c|\u2606XpokVEVO|trying to fucking ppstall zacian?\n|\n|t:|1699301638\n|-terastallize|p2a: Garganacl|Ghost\n|move|p1a: Princess|Close Combat|p2a: Garganacl\n|-immune|p2a: Garganacl\n|move|p2a: Garganacl|Iron Defense|p2a: Garganacl\n|-boost|p2a: Garganacl|def|2\n|\n|-weather|Sandstorm|[upkeep]\n|-damage|p1a: Princess|56\/100|[from] Sandstorm\n|-damage|p2a: Garganacl|75\/100|[from] Sandstorm\n|-heal|p2a: Garganacl|82\/100|[from] item: Leftovers\n|upkeep\n|turn|5\n|c|\u2606XpokVEVO|ooh\n|\n|t:|1699301648\n|-terastallize|p1a: Princess|Dark\n|move|p1a: Princess|Crunch|p2a: Garganacl\n|-supereffective|p2a: Garganacl\n|-damage|p2a: Garganacl|33\/100\n|-damage|p1a: Princess|46\/100|[from] item: Life Orb\n|move|p2a: Garganacl|Salt Cure|p1a: Princess\n|-activate|p1a: Princess|move: Substitute|[damage]\n|\n|-weather|Sandstorm|[upkeep]\n|-damage|p1a: Princess|40\/100|[from] Sandstorm\n|-damage|p2a: Garganacl|26\/100|[from] Sandstorm\n|-heal|p2a: Garganacl|33\/100|[from] item: Leftovers\n|upkeep\n|turn|6\n|\n|t:|1699301659\n|move|p1a: Princess|Crunch|p2a: Garganacl\n|-supereffective|p2a: Garganacl\n|-damage|p2a: Garganacl|0 fnt\n|faint|p2a: Garganacl\n|-damage|p1a: Princess|30\/100|[from] item: Life Orb\n|\n|-weather|Sandstorm|[upkeep]\n|-damage|p1a: Princess|24\/100|[from] Sandstorm\n|upkeep\n|inactive|Leo Justice has 240 seconds left.\n|c|\u2606Leo Justice|You're right\n|c|\u2606Leo Justice|Hm\n|c|\u2606Leo Justice|I need a better Zacian answer\n|inactive|Leo Justice has 210 seconds left.\n|c|\u2606XpokVEVO|Test\n|c|\u2606XpokVEVO|get quag\n|c|\u2606XpokVEVO|trust\n|c|\u2606Leo Justice|no\n|c|\u2606XpokVEVO|lul\n|\n|t:|1699301726\n|switch|p2a: Garchomp|Garchomp, F|100\/100\n|turn|7\n|c|\u2606XpokVEVO|let me think\n|\n|t:|1699301729\n|move|p1a: Princess|Play Rough|p2a: Garchomp|[miss]\n|-miss|p1a: Princess|p2a: Garchomp\n|move|p2a: Garchomp|Scale Shot|p1a: Princess\n|-end|p1a: Princess|Substitute\n|-crit|p1a: Princess\n|-damage|p1a: Princess|0 fnt\n|faint|p1a: Princess\n|-hitcount|p1: Princess|2\n|-unboost|p2a: Garchomp|def|1\n|-boost|p2a: Garchomp|spe|1\n|\n|-weather|Sandstorm|[upkeep]\n|upkeep\n|c|\u2606XpokVEVO|cheating is also a good zacian answer\n|inactive|XpokVEVO has 210 seconds left.\n|c|\u2606XpokVEVO|i guess\n|c|\u2606Leo Justice|I mean\n|c|\u2606Leo Justice|It is sand veil chomp\n|\n|t:|1699301749\n|switch|p1a: Aunt Fanny|Magearna|100\/100\n|-damage|p1a: Aunt Fanny|95\/100|[from] Stealth Rock\n|turn|8\n|c|\u2606XpokVEVO|oh yeah\n|inactive|XpokVEVO has 210 seconds left.\n|c|\u2606XpokVEVO|unfortunate\n|c|\u2606XpokVEVO|gootbye mag\n|inactive|Leo Justice has 180 seconds left.\n|\n|t:|1699301788\n|switch|p2a: Shaymin|Shaymin-Sky|56\/100\n|move|p1a: Aunt Fanny|Fleur Cannon|p2a: Shaymin\n|-crit|p2a: Shaymin\n|-damage|p2a: Shaymin|0 fnt\n|-unboost|p1a: Aunt Fanny|spa|2\n|-enditem|p1a: Aunt Fanny|Eject Pack\n|faint|p2a: Shaymin\n|-ability|p1a: Aunt Fanny|Soul-Heart|boost\n|-boost|p1a: Aunt Fanny|spa|1\n|c|\u2606XpokVEVO|why?\n|c|\u2606XpokVEVO|you dont kill?\n|c|\u2606XpokVEVO|are you scarfed?\n|c|\u2606XpokVEVO|youre not scarfed\n|c|\u2606XpokVEVO|banded?\n|inactive|XpokVEVO has 180 seconds left.\n|c|\u2606XpokVEVO|you killed with eq\n|c|\u2606XpokVEVO|95-113.6\n|c|\u2606XpokVEVO|thats all\n|\n|t:|1699301838\n|switch|p1a: Akira|Cyclizar, M|84\/100\n|\n|-weather|none\n|upkeep\n|inactive|Leo Justice has 180 seconds left.\n|\n|t:|1699301854\n|switch|p2a: Tyranitar|Tyranitar, F|100\/100\n|-weather|Sandstorm|[from] ability: Sand Stream|[of] p2a: Tyranitar\n|turn|9\n|c|\u2606Leo Justice|Oh right\n|c|\u2606Leo Justice|ur not physically defensive\n|\n|t:|1699301874\n|move|p1a: Akira|Rapid Spin|p2a: Tyranitar\n|-resisted|p2a: Tyranitar\n|-damage|p2a: Tyranitar|94\/100\n|-boost|p1a: Akira|spe|1\n|-sideend|p1: XpokVEVO|Stealth Rock|[from] move: Rapid Spin|[of] p1a: Akira\n|move|p2a: Tyranitar|Stone Edge|p1a: Akira\n|-damage|p1a: Akira|0 fnt\n|faint|p1a: Akira\n|\n|-weather|Sandstorm|[upkeep]\n|upkeep\n|inactive|XpokVEVO has 150 seconds left.\n|\n|t:|1699301903\n|switch|p1a: Aunt Fanny|Magearna|95\/100\n|turn|10\n|inactive|XpokVEVO has 150 seconds left.\n|\n|t:|1699301917\n|switch|p2a: Dialga|Dialga|100\/100\n|-ability|p2a: Dialga|Pressure\n|move|p1a: Aunt Fanny|Volt Switch|p2a: Dialga\n|-resisted|p2a: Dialga\n|-damage|p2a: Dialga|93\/100\n|\n|t:|1699301924\n|switch|p1a: Roaring Peak|Roaring Moon|100\/100|[from] Volt Switch\n|-enditem|p1a: Roaring Peak|Booster Energy\n|-activate|p1a: Roaring Peak|ability: Protosynthesis|[fromitem]\n|-start|p1a: Roaring Peak|protosynthesisspe\n|\n|-weather|Sandstorm|[upkeep]\n|-damage|p1a: Roaring Peak|95\/100|[from] Sandstorm\n|-heal|p2a: Dialga|99\/100|[from] item: Leftovers\n|upkeep\n|turn|11\n|\n|t:|1699301932\n|move|p1a: Roaring Peak|Dragon Dance|p1a: Roaring Peak\n|-boost|p1a: Roaring Peak|atk|1\n|-boost|p1a: Roaring Peak|spe|1\n|move|p2a: Dialga|Thunder Wave|p1a: Roaring Peak\n|-status|p1a: Roaring Peak|par\n|\n|-weather|Sandstorm|[upkeep]\n|-damage|p1a: Roaring Peak|89\/100 par|[from] Sandstorm\n|-heal|p2a: Dialga|100\/100|[from] item: Leftovers\n|upkeep\n|turn|12\n|inactive|Leo Justice has 180 seconds left.\n|\n|t:|1699301941\n|cant|p1a: Roaring Peak|par\n|move|p2a: Dialga|Draco Meteor|p1a: Roaring Peak\n|-supereffective|p1a: Roaring Peak\n|-damage|p1a: Roaring Peak|0 fnt\n|-unboost|p2a: Dialga|spa|2\n|faint|p1a: Roaring Peak\n|-end|p1a: Roaring Peak|Protosynthesis|[silent]\n|\n|-weather|Sandstorm|[upkeep]\n|upkeep\n|\n|t:|1699301945\n|switch|p1a: Emu War|Espathra, F|100\/100\n|turn|13\n|\n|t:|1699301950\n|move|p1a: Emu War|Calm Mind|p1a: Emu War\n|-boost|p1a: Emu War|spa|1\n|-boost|p1a: Emu War|spd|1\n|move|p2a: Dialga|Roar|p1a: Emu War\n|drag|p1a: Ar\u0441eus-Fighting|Arceus-Fire, shiny|100\/100\n|\n|-weather|Sandstorm|[upkeep]\n|-damage|p1a: Ar\u0441eus-Fighting|94\/100|[from] Sandstorm\n|upkeep\n|turn|14\n|c|\u2606XpokVEVO|cancer\n|inactive|XpokVEVO has 180 seconds left.\n|\n|t:|1699301960\n|switch|p2a: Garchomp|Garchomp, F|100\/100\n|move|p1a: Ar\u0441eus-Fighting|Dragon Dance|p1a: Ar\u0441eus-Fighting\n|-boost|p1a: Ar\u0441eus-Fighting|atk|1\n|-boost|p1a: Ar\u0441eus-Fighting|spe|1\n|\n|-weather|Sandstorm|[upkeep]\n|-damage|p1a: Ar\u0441eus-Fighting|88\/100|[from] Sandstorm\n|upkeep\n|turn|15\n|\n|t:|1699301967\n|move|p1a: Ar\u0441eus-Fighting|Flare Blitz|p2a: Garchomp\n|-resisted|p2a: Garchomp\n|-crit|p2a: Garchomp\n|-damage|p2a: Garchomp|16\/100\n|-damage|p1a: Ar\u0441eus-Fighting|66\/100|[from] Recoil\n|move|p2a: Garchomp|Earthquake|p1a: Ar\u0441eus-Fighting\n|-supereffective|p1a: Ar\u0441eus-Fighting\n|-damage|p1a: Ar\u0441eus-Fighting|0 fnt\n|faint|p1a: Ar\u0441eus-Fighting\n|\n|-weather|Sandstorm|[upkeep]\n|upkeep\n|inactive|XpokVEVO has 180 seconds left.\n|\n|t:|1699301980\n|switch|p1a: Emu War|Espathra, F|100\/100\n|turn|16\n|\n|t:|1699301987\n|move|p1a: Emu War|Protect|p1a: Emu War\n|-singleturn|p1a: Emu War|Protect\n|move|p2a: Garchomp|Scale Shot|p1a: Emu War\n|-activate|p1a: Emu War|move: Protect\n|\n|-weather|none\n|-ability|p1a: Emu War|Speed Boost|boost\n|-boost|p1a: Emu War|spe|1\n|upkeep\n|turn|17\n|\n|t:|1699301995\n|move|p1a: Emu War|Dazzling Gleam|p2a: Garchomp\n|-supereffective|p2a: Garchomp\n|-damage|p2a: Garchomp|0 fnt\n|faint|p2a: Garchomp\n|\n|-ability|p1a: Emu War|Speed Boost|boost\n|-boost|p1a: Emu War|spe|1\n|upkeep\n|\n|t:|1699301997\n|switch|p2a: Tyranitar|Tyranitar, F|94\/100\n|-weather|Sandstorm|[from] ability: Sand Stream|[of] p2a: Tyranitar\n|turn|18\n|\n|t:|1699302002\n|switch|p1a: Aunt Fanny|Magearna|95\/100\n|move|p2a: Tyranitar|Knock Off|p1a: Aunt Fanny\n|-resisted|p1a: Aunt Fanny\n|-damage|p1a: Aunt Fanny|76\/100\n|\n|-weather|Sandstorm|[upkeep]\n|upkeep\n|turn|19\n|inactive|XpokVEVO has 210 seconds left.\n|inactive|Leo Justice has 240 seconds left.\n|\n|t:|1699302009\n|switch|p2a: Dialga|Dialga|100\/100\n|-ability|p2a: Dialga|Pressure\n|move|p1a: Aunt Fanny|Fleur Cannon|p2a: Dialga\n|-damage|p2a: Dialga|51\/100\n|-unboost|p1a: Aunt Fanny|spa|2\n|\n|-weather|Sandstorm|[upkeep]\n|-heal|p2a: Dialga|57\/100|[from] item: Leftovers\n|upkeep\n|turn|20\n|inactive|XpokVEVO has 210 seconds left.\n|\n|t:|1699302020\n|move|p2a: Dialga|Thunder Wave|p1a: Aunt Fanny\n|-status|p1a: Aunt Fanny|par\n|move|p1a: Aunt Fanny|Spikes|p2a: Dialga\n|-sidestart|p2: Leo Justice|Spikes\n|\n|-weather|Sandstorm|[upkeep]\n|-heal|p2a: Dialga|64\/100|[from] item: Leftovers\n|upkeep\n|turn|21\n|\n|t:|1699302026\n|switch|p2a: Ursaluna|Ursaluna-Bloodmoon, M|100\/100\n|-damage|p2a: Ursaluna|88\/100|[from] Spikes\n|move|p1a: Aunt Fanny|Spikes|p2a: Ursaluna\n|-sidestart|p2: Leo Justice|Spikes\n|\n|-weather|Sandstorm|[upkeep]\n|-heal|p2a: Ursaluna|94\/100|[from] item: Leftovers\n|upkeep\n|turn|22\n|\n|t:|1699302031\n|move|p2a: Ursaluna|Calm Mind|p2a: Ursaluna\n|-boost|p2a: Ursaluna|spa|1\n|-boost|p2a: Ursaluna|spd|1\n|move|p1a: Aunt Fanny|Encore|p2a: Ursaluna\n|-start|p2a: Ursaluna|Encore\n|\n|-weather|Sandstorm|[upkeep]\n|-heal|p2a: Ursaluna|99\/100|[from] item: Leftovers\n|upkeep\n|turn|23\n|\n|t:|1699302048\n|switch|p2a: Tyranitar|Tyranitar, F|94\/100\n|-damage|p2a: Tyranitar|78\/100|[from] Spikes\n|switch|p1a: Emu War|Espathra, F|100\/100\n|\n|-weather|Sandstorm|[upkeep]\n|-damage|p1a: Emu War|94\/100|[from] Sandstorm\n|upkeep\n|turn|24\n|inactive|XpokVEVO has 240 seconds left.\n|\n|t:|1699302056\n|switch|p1a: Aunt Fanny|Magearna|76\/100 par\n|move|p2a: Tyranitar|Knock Off|p1a: Aunt Fanny\n|-resisted|p1a: Aunt Fanny\n|-damage|p1a: Aunt Fanny|58\/100 par\n|\n|-weather|Sandstorm|[upkeep]\n|upkeep\n|turn|25\n|\n|t:|1699302063\n|switch|p2a: Ursaluna|Ursaluna-Bloodmoon, M|99\/100\n|-damage|p2a: Ursaluna|84\/100|[from] Spikes\n|cant|p1a: Aunt Fanny|par\n|\n|-weather|none\n|-heal|p2a: Ursaluna|90\/100|[from] item: Leftovers\n|upkeep\n|turn|26\n|\n|t:|1699302069\n|move|p2a: Ursaluna|Earth Power|p1a: Aunt Fanny\n|-supereffective|p1a: Aunt Fanny\n|-damage|p1a: Aunt Fanny|0 fnt\n|faint|p1a: Aunt Fanny\n|\n|-heal|p2a: Ursaluna|96\/100|[from] item: Leftovers\n|upkeep\n|\n|t:|1699302071\n|switch|p1a: Emu War|Espathra, F|94\/100\n|turn|27\n|\n|t:|1699302081\n|move|p1a: Emu War|Calm Mind|p1a: Emu War\n|-boost|p1a: Emu War|spa|1\n|-boost|p1a: Emu War|spd|1\n|move|p2a: Ursaluna|Substitute|p2a: Ursaluna\n|-start|p2a: Ursaluna|Substitute\n|-damage|p2a: Ursaluna|71\/100\n|\n|-heal|p2a: Ursaluna|77\/100|[from] item: Leftovers\n|-ability|p1a: Emu War|Speed Boost|boost\n|-boost|p1a: Emu War|spe|1\n|upkeep\n|turn|28\n|\n|t:|1699302087\n|move|p1a: Emu War|Protect|p1a: Emu War\n|-singleturn|p1a: Emu War|Protect\n|move|p2a: Ursaluna|Calm Mind|p2a: Ursaluna\n|-boost|p2a: Ursaluna|spa|1\n|-boost|p2a: Ursaluna|spd|1\n|\n|-heal|p2a: Ursaluna|83\/100|[from] item: Leftovers\n|-ability|p1a: Emu War|Speed Boost|boost\n|-boost|p1a: Emu War|spe|1\n|upkeep\n|turn|29\n|\n|t:|1699302092\n|move|p1a: Emu War|Stored Power|p2a: Ursaluna\n|-end|p2a: Ursaluna|Substitute\n|move|p2a: Ursaluna|Blood Moon|p1a: Emu War\n|-crit|p1a: Emu War\n|-damage|p1a: Emu War|0 fnt\n|faint|p1a: Emu War\n|\n|win|Leo Justice\n|l|\u2606XpokVEVO\n","uploadtime":1699302104,"views":12,"p1id":"xpokvevo","p2id":"leojustice","formatid":"gen9ubers","rating":0,"private":0,"password":""}