{"id":"gen9ubers-1977438842","p1":"SwordIsBored","p2":"mimolette7","format":"[Gen 9] Ubers","log":"|j|\u2606SwordIsBored\n|j|\u2606mimolette7\n|t:|1698417154\n|gametype|singles\n|player|p1|SwordIsBored|irida|\n|player|p2|mimolette7|elesa-masters2|\n|teamsize|p1|6\n|teamsize|p2|6\n|gen|9\n|tier|[Gen 9] Ubers\n|rule|Sleep Clause Mod: Limit one foe put to sleep\n|rule|Species Clause: Limit one of each Pok\u00e9mon\n|rule|OHKO Clause: OHKO moves are banned\n|rule|Evasion Items Clause: Evasion items are banned\n|rule|Evasion Moves Clause: Evasion moves are banned\n|rule|Endless Battle Clause: Forcing endless battles is banned\n|rule|HP Percentage Mod: HP is shown in percentages\n|clearpoke\n|poke|p1|Dragapult, F|\n|poke|p1|Arceus-Fire|\n|poke|p1|Espathra, M|\n|poke|p1|Magearna|\n|poke|p1|Hatterene, F|\n|poke|p1|Zamazenta-*|\n|poke|p2|Arceus-Ice|\n|poke|p2|Cyclizar, F|\n|poke|p2|Alomomola, M|\n|poke|p2|Magearna|\n|poke|p2|Zacian-*|\n|poke|p2|Palafin, F|\n|teampreview\n|inactive|Battle timer is ON: inactive players will automatically lose when time's up. (requested by mimolette7)\n|inactive|SwordIsBored has 270 seconds left.\n|\n|t:|1698417204\n|start\n|switch|p1a: Dragapult|Dragapult, F|100\/100\n|switch|p2a: Palafin|Palafin, F|100\/100\n|turn|1\n|inactive|mimolette7 has 270 seconds left.\n|\n|t:|1698417239\n|detailschange|p2a: Palafin|Palafin-Hero, F\n|switch|p2a: Magearna|Magearna|100\/100\n|move|p1a: Dragapult|Light Screen|p1a: Dragapult\n|-sidestart|p1: SwordIsBored|move: Light Screen\n|\n|upkeep\n|turn|2\n|inactive|mimolette7 has 270 seconds left.\n|\n|t:|1698417252\n|move|p1a: Dragapult|Curse|p2a: Magearna\n|-start|p2a: Magearna|Curse|[of] p1a: Dragapult\n|-damage|p1a: Dragapult|50\/100\n|move|p2a: Magearna|Thunder Wave|p1a: Dragapult\n|-status|p1a: Dragapult|par\n|\n|-damage|p2a: Magearna|76\/100|[from] Curse\n|upkeep\n|turn|3\n|inactive|mimolette7 has 270 seconds left.\n|\n|t:|1698417265\n|move|p1a: Dragapult|Reflect|p1a: Dragapult\n|-sidestart|p1: SwordIsBored|Reflect\n|move|p2a: Magearna|Volt Switch|p1a: Dragapult\n|-resisted|p1a: Dragapult\n|-damage|p1a: Dragapult|45\/100 par\n|inactive|mimolette7 has 270 seconds left.\n|\n|t:|1698417274\n|switch|p2a: Palafin|Palafin-Hero, F|100\/100|[from] Volt Switch\n|-activate|p2a: Palafin|ability: Zero to Hero\n|\n|upkeep\n|turn|4\n|\n|t:|1698417278\n|move|p2a: Palafin|Ice Punch|p1a: Dragapult\n|-supereffective|p1a: Dragapult\n|-damage|p1a: Dragapult|0 fnt\n|-start|p2a: Palafin|Disable|Ice Punch|[from] ability: Cursed Body|[of] p1a: Dragapult\n|faint|p1a: Dragapult\n|\n|upkeep\n|\n|t:|1698417292\n|switch|p1a: Magearna|Magearna|100\/100\n|turn|5\n|\n|t:|1698417300\n|switch|p2a: Magearna|Magearna|76\/100\n|move|p1a: Magearna|Iron Defense|p1a: Magearna\n|-boost|p1a: Magearna|def|2\n|\n|-heal|p2a: Magearna|82\/100|[from] item: Leftovers\n|upkeep\n|turn|6\n|\n|t:|1698417313\n|switch|p1a: Hatterene|Hatterene, F|100\/100\n|move|p2a: Magearna|Volt Switch|p1a: Hatterene\n|-damage|p1a: Hatterene|90\/100\n|\n|t:|1698417333\n|switch|p2a: Arceus|Arceus-Ice|100\/100|[from] Volt Switch\n|\n|-heal|p1a: Hatterene|96\/100|[from] item: Leftovers\n|upkeep\n|turn|7\n|\n|t:|1698417341\n|move|p2a: Arceus|Taunt|p1a: Hatterene\n|move|p1a: Hatterene|Taunt|p2a: Arceus|[from]ability: Magic Bounce\n|-start|p2a: Arceus|move: Taunt\n|move|p1a: Hatterene|Calm Mind|p1a: Hatterene\n|-boost|p1a: Hatterene|spa|1\n|-boost|p1a: Hatterene|spd|1\n|\n|-heal|p1a: Hatterene|100\/100|[from] item: Leftovers\n|upkeep\n|turn|8\n|inactive|mimolette7 has 270 seconds left.\n|\n|t:|1698417390\n|move|p2a: Arceus|Judgment|p1a: Hatterene\n|-damage|p1a: Hatterene|79\/100\n|move|p1a: Hatterene|Calm Mind|p1a: Hatterene\n|-boost|p1a: Hatterene|spa|1\n|-boost|p1a: Hatterene|spd|1\n|\n|-heal|p1a: Hatterene|85\/100|[from] item: Leftovers\n|-sideend|p1: SwordIsBored|move: Light Screen\n|upkeep\n|turn|9\n|\n|t:|1698417401\n|switch|p2a: Magearna|Magearna|82\/100\n|move|p1a: Hatterene|Nuzzle|p2a: Magearna\n|-damage|p2a: Magearna|78\/100\n|-status|p2a: Magearna|par\n|\n|-heal|p1a: Hatterene|91\/100|[from] item: Leftovers\n|-heal|p2a: Magearna|85\/100 par|[from] item: Leftovers\n|upkeep\n|turn|10\n|\n|t:|1698417410\n|move|p1a: Hatterene|Calm Mind|p1a: Hatterene\n|-boost|p1a: Hatterene|spa|1\n|-boost|p1a: Hatterene|spd|1\n|cant|p2a: Magearna|par\n|\n|-heal|p1a: Hatterene|97\/100|[from] item: Leftovers\n|-heal|p2a: Magearna|91\/100 par|[from] item: Leftovers\n|-sideend|p1: SwordIsBored|Reflect\n|upkeep\n|turn|11\n|\n|t:|1698417418\n|move|p1a: Hatterene|Calm Mind|p1a: Hatterene\n|-boost|p1a: Hatterene|spa|1\n|-boost|p1a: Hatterene|spd|1\n|move|p2a: Magearna|Volt Switch|p1a: Hatterene\n|-damage|p1a: Hatterene|90\/100\n|inactive|mimolette7 has 270 seconds left.\n|\n|t:|1698417435\n|switch|p2a: Palafin|Palafin-Hero, F|100\/100|[from] Volt Switch\n|\n|-heal|p1a: Hatterene|96\/100|[from] item: Leftovers\n|upkeep\n|turn|12\n|\n|t:|1698417447\n|-terastallize|p1a: Hatterene|Water\n|move|p2a: Palafin|Flip Turn|p1a: Hatterene\n|-resisted|p1a: Hatterene\n|-damage|p1a: Hatterene|72\/100\n|\n|t:|1698417452\n|switch|p2a: Magearna|Magearna|91\/100 par|[from] Flip Turn\n|move|p1a: Hatterene|Draining Kiss|p2a: Magearna\n|-resisted|p2a: Magearna\n|-damage|p2a: Magearna|69\/100 par\n|-heal|p1a: Hatterene|90\/100|[from] drain|[of] p2a: Magearna\n|\n|-heal|p1a: Hatterene|96\/100|[from] item: Leftovers\n|-heal|p2a: Magearna|75\/100 par|[from] item: Leftovers\n|upkeep\n|turn|13\n|\n|t:|1698417464\n|move|p1a: Hatterene|Calm Mind|p1a: Hatterene\n|-boost|p1a: Hatterene|spa|1\n|-boost|p1a: Hatterene|spd|1\n|cant|p2a: Magearna|par\n|\n|-heal|p1a: Hatterene|100\/100|[from] item: Leftovers\n|-heal|p2a: Magearna|81\/100 par|[from] item: Leftovers\n|upkeep\n|turn|14\n|\n|t:|1698417470\n|move|p1a: Hatterene|Stored Power|p2a: Magearna\n|-resisted|p2a: Magearna\n|-damage|p2a: Magearna|0 fnt\n|faint|p2a: Magearna\n|\n|upkeep\n|inactive|mimolette7 has 270 seconds left.\n|\n|t:|1698417500\n|switch|p2a: Palafin|Palafin-Hero, F|100\/100\n|turn|15\n|\n|t:|1698417505\n|move|p2a: Palafin|Close Combat|p1a: Hatterene\n|-damage|p1a: Hatterene|39\/100\n|-unboost|p2a: Palafin|def|1\n|-unboost|p2a: Palafin|spd|1\n|move|p1a: Hatterene|Draining Kiss|p2a: Palafin\n|-damage|p2a: Palafin|0 fnt\n|-heal|p1a: Hatterene|100\/100|[from] drain|[of] p2a: Palafin\n|faint|p2a: Palafin\n|\n|upkeep\n|inactive|mimolette7 has 270 seconds left.\n|\n|t:|1698417528\n|switch|p2a: Zacian|Zacian|100\/100\n|-ability|p2a: Zacian|Intrepid Sword|boost\n|-boost|p2a: Zacian|atk|1\n|turn|16\n|\n|t:|1698417538\n|move|p2a: Zacian|Play Rough|p1a: Hatterene|[miss]\n|-miss|p2a: Zacian|p1a: Hatterene\n|move|p1a: Hatterene|Stored Power|p2a: Zacian\n|-damage|p2a: Zacian|0 fnt\n|faint|p2a: Zacian\n|\n|upkeep\n|inactive|mimolette7 has 240 seconds left.\n|-message|mimolette7 forfeited.\n|\n|win|SwordIsBored\n|l|\u2606mimolette7\n|c|\u2606SwordIsBored|gg\n|j| PokeOtter\n|l| PokeOtter\n","uploadtime":1698417605,"views":30,"p1id":"swordisbored","p2id":"mimolette7","formatid":"gen9ubers","rating":0,"private":0,"password":""}