{"id":"gen9ubers-1970783026","p1":"Bpixel1017","p2":"Jeusu","format":"[Gen 9] Ubers","log":"|j|\u2606Bpixel1017\n|j|\u2606Jeusu\n|t:|1697666725\n|gametype|singles\n|player|p1|Bpixel1017|ethan|1080\n|player|p2|Jeusu|plasmagruntf|1255\n|teamsize|p1|6\n|teamsize|p2|6\n|gen|9\n|tier|[Gen 9] Ubers\n|rated|\n|rule|Sleep Clause Mod: Limit one foe put to sleep\n|rule|Species Clause: Limit one of each Pok\u00e9mon\n|rule|OHKO Clause: OHKO moves are banned\n|rule|Evasion Items Clause: Evasion items are banned\n|rule|Evasion Moves Clause: Evasion moves are banned\n|rule|Endless Battle Clause: Forcing endless battles is banned\n|rule|HP Percentage Mod: HP is shown in percentages\n|clearpoke\n|poke|p1|Regieleki|\n|poke|p1|Palafin, M|\n|poke|p1|Iron Moth|\n|poke|p1|Urshifu-*, M|\n|poke|p1|Landorus-Therian, M|\n|poke|p1|Corviknight, M|\n|poke|p2|Shaymin-Sky|\n|poke|p2|Miraidon|\n|poke|p2|Hatterene, F|\n|poke|p2|Skeledirge, M|\n|poke|p2|Grimmsnarl, M|\n|poke|p2|Arceus-Ground|\n|teampreview\n|\n|t:|1697666746\n|start\n|switch|p1a: Lando-T|Landorus-Therian, M, shiny|100\/100\n|switch|p2a: Shaymin|Shaymin-Sky|100\/100\n|-ability|p1a: Lando-T|Intimidate|boost\n|-unboost|p2a: Shaymin|atk|1\n|turn|1\n|\n|t:|1697666763\n|move|p2a: Shaymin|Air Slash|p1a: Lando-T\n|-damage|p1a: Lando-T|48\/100\n|-damage|p2a: Shaymin|91\/100|[from] item: Life Orb\n|cant|p1a: Lando-T|flinch\n|\n|-heal|p1a: Lando-T|54\/100|[from] item: Leftovers\n|upkeep\n|turn|2\n|\n|t:|1697666771\n|move|p2a: Shaymin|Air Slash|p1a: Lando-T\n|-damage|p1a: Lando-T|0 fnt\n|faint|p1a: Lando-T\n|-damage|p2a: Shaymin|81\/100|[from] item: Life Orb\n|\n|upkeep\n|\n|t:|1697666778\n|switch|p1a: Speedy Boi|Regieleki, shiny|100\/100\n|turn|3\n|\n|t:|1697666783\n|switch|p2a: Arceus|Arceus-Ground|100\/100\n|-terastallize|p1a: Speedy Boi|Ice\n|move|p1a: Speedy Boi|Tera Blast|p2a: Arceus|[anim] Tera Blast Ice\n|-supereffective|p2a: Arceus\n|-damage|p2a: Arceus|51\/100\n|\n|upkeep\n|turn|4\n|\n|t:|1697666793\n|move|p1a: Speedy Boi|Tera Blast|p2a: Arceus|[anim] Tera Blast Ice\n|-supereffective|p2a: Arceus\n|-crit|p2a: Arceus\n|-damage|p2a: Arceus|0 fnt\n|faint|p2a: Arceus\n|\n|upkeep\n|\n|t:|1697666798\n|switch|p2a: Grimmsnarl|Grimmsnarl, M|100\/100\n|turn|5\n|\n|t:|1697666805\n|move|p2a: Grimmsnarl|Trick|p1a: Speedy Boi\n|-activate|p2a: Grimmsnarl|move: Trick|[of] p1a: Speedy Boi\n|-item|p1a: Speedy Boi|Lagging Tail|[from] move: Trick\n|-item|p2a: Grimmsnarl|Heavy-Duty Boots|[from] move: Trick\n|move|p1a: Speedy Boi|Volt Switch|p2a: Grimmsnarl\n|-damage|p2a: Grimmsnarl|64\/100\n|\n|t:|1697666815\n|switch|p1a: Knighlty Corv|Corviknight, M, shiny|100\/100|[from] Volt Switch\n|\n|upkeep\n|turn|6\n|\n|t:|1697666829\n|move|p2a: Grimmsnarl|Reflect|p2a: Grimmsnarl\n|-sidestart|p2: Jeusu|Reflect\n|move|p1a: Knighlty Corv|Iron Head|p2a: Grimmsnarl\n|-supereffective|p2a: Grimmsnarl\n|-damage|p2a: Grimmsnarl|28\/100\n|\n|upkeep\n|turn|7\n|\n|t:|1697666836\n|move|p2a: Grimmsnarl|Parting Shot|p1a: Knighlty Corv\n|-ability|p1a: Knighlty Corv|Mirror Armor\n|-unboost|p2a: Grimmsnarl|atk|1\n|-ability|p1a: Knighlty Corv|Mirror Armor\n|-unboost|p2a: Grimmsnarl|spa|1\n|\n|t:|1697666851\n|switch|p2a: Miraidon|Miraidon|100\/100|[from] Parting Shot\n|-fieldstart|move: Electric Terrain|[from] ability: Hadron Engine|[of] p2a: Miraidon\n|move|p1a: Knighlty Corv|Defog|p2a: Miraidon\n|-unboost|p2a: Miraidon|evasion|1\n|-sideend|p2: Jeusu|Reflect\n|-fieldend|move: Electric Terrain\n|\n|upkeep\n|turn|8\n|\n|t:|1697666876\n|move|p2a: Miraidon|Electro Drift|p1a: Knighlty Corv\n|-supereffective|p1a: Knighlty Corv\n|-damage|p1a: Knighlty Corv|0 fnt\n|faint|p1a: Knighlty Corv\n|\n|upkeep\n|\n|t:|1697666888\n|switch|p1a: Sun God|Iron Moth, shiny|100\/100\n|-enditem|p1a: Sun God|Booster Energy\n|-activate|p1a: Sun God|ability: Quark Drive|[fromitem]\n|-start|p1a: Sun God|quarkdrivespe\n|turn|9\n|\n|t:|1697666894\n|move|p2a: Miraidon|Electro Drift|p1a: Sun God\n|-damage|p1a: Sun God|49\/100\n|move|p1a: Sun God|Dazzling Gleam|p2a: Miraidon\n|-supereffective|p2a: Miraidon\n|-damage|p2a: Miraidon|52\/100\n|\n|upkeep\n|turn|10\n|\n|t:|1697666901\n|move|p2a: Miraidon|Electro Drift|p1a: Sun God\n|-damage|p1a: Sun God|0 fnt\n|faint|p1a: Sun God\n|-end|p1a: Sun God|Quark Drive|[silent]\n|\n|upkeep\n|\n|t:|1697666904\n|switch|p1a: Speedy Boi|Regieleki, shiny, tera:Ice|100\/100\n|turn|11\n|\n|t:|1697666912\n|switch|p2a: Skeledirge|Skeledirge, M|100\/100\n|move|p1a: Speedy Boi|Tera Blast|p2a: Skeledirge|[anim] Tera Blast Ice\n|-resisted|p2a: Skeledirge\n|-damage|p2a: Skeledirge|87\/100\n|\n|upkeep\n|turn|12\n|\n|t:|1697666919\n|switch|p1a: Nifalap|Palafin, M, shiny|100\/100\n|move|p2a: Skeledirge|Will-O-Wisp|p1a: Nifalap|[miss]\n|-miss|p2a: Skeledirge|p1a: Nifalap\n|\n|upkeep\n|turn|13\n|\n|t:|1697666923\n|move|p1a: Nifalap|Flip Turn|p2a: Skeledirge\n|-supereffective|p2a: Skeledirge\n|-damage|p2a: Skeledirge|51\/100\n|\n|t:|1697666927\n|detailschange|p1a: Nifalap|Palafin-Hero, M, shiny\n|switch|p1a: Speedy Boi|Regieleki, shiny, tera:Ice|100\/100|[from] Flip Turn\n|move|p2a: Skeledirge|Will-O-Wisp|p1a: Speedy Boi\n|-status|p1a: Speedy Boi|brn\n|\n|-damage|p1a: Speedy Boi|95\/100 brn|[from] brn\n|upkeep\n|turn|14\n|\n|t:|1697666932\n|move|p2a: Skeledirge|Slack Off|p2a: Skeledirge\n|-heal|p2a: Skeledirge|100\/100\n|move|p1a: Speedy Boi|Thunderbolt|p2a: Skeledirge\n|-damage|p2a: Skeledirge|67\/100\n|\n|-damage|p1a: Speedy Boi|89\/100 brn|[from] brn\n|upkeep\n|turn|15\n|\n|t:|1697666943\n|move|p2a: Skeledirge|Will-O-Wisp|p1a: Speedy Boi\n|-fail|p1a: Speedy Boi|brn\n|move|p1a: Speedy Boi|Thunderbolt|p2a: Skeledirge\n|-damage|p2a: Skeledirge|28\/100\n|\n|-damage|p1a: Speedy Boi|83\/100 brn|[from] brn\n|upkeep\n|turn|16\n|\n|t:|1697666954\n|move|p2a: Skeledirge|Slack Off|p2a: Skeledirge\n|-heal|p2a: Skeledirge|78\/100\n|move|p1a: Speedy Boi|Thunderbolt|p2a: Skeledirge\n|-damage|p2a: Skeledirge|41\/100\n|\n|-damage|p1a: Speedy Boi|77\/100 brn|[from] brn\n|upkeep\n|turn|17\n|\n|t:|1697666961\n|move|p2a: Skeledirge|Slack Off|p2a: Skeledirge\n|-heal|p2a: Skeledirge|91\/100\n|move|p1a: Speedy Boi|Thunderbolt|p2a: Skeledirge\n|-damage|p2a: Skeledirge|56\/100\n|\n|-damage|p1a: Speedy Boi|71\/100 brn|[from] brn\n|upkeep\n|turn|18\n|\n|t:|1697666965\n|move|p2a: Skeledirge|Torch Song|p1a: Speedy Boi\n|-supereffective|p1a: Speedy Boi\n|-damage|p1a: Speedy Boi|0 fnt\n|-boost|p2a: Skeledirge|spa|1\n|faint|p1a: Speedy Boi\n|\n|upkeep\n|\n|t:|1697666973\n|switch|p1a: Nifalap|Palafin-Hero, M, shiny|100\/100\n|-activate|p1a: Nifalap|ability: Zero to Hero\n|turn|19\n|\n|t:|1697666985\n|switch|p2a: Hatterene|Hatterene, F|100\/100\n|move|p1a: Nifalap|Ice Punch|p2a: Hatterene\n|-damage|p2a: Hatterene|67\/100\n|\n|upkeep\n|turn|20\n|\n|t:|1697666995\n|move|p1a: Nifalap|Ice Punch|p2a: Hatterene\n|-damage|p2a: Hatterene|31\/100\n|move|p2a: Hatterene|Nuzzle|p1a: Nifalap\n|-supereffective|p1a: Nifalap\n|-damage|p1a: Nifalap|91\/100\n|-status|p1a: Nifalap|par\n|\n|upkeep\n|turn|21\n|\n|t:|1697667002\n|cant|p1a: Nifalap|par\n|move|p2a: Hatterene|Draining Kiss|p1a: Nifalap\n|-damage|p1a: Nifalap|55\/100 par\n|-heal|p2a: Hatterene|60\/100|[from] drain|[of] p1a: Nifalap\n|\n|upkeep\n|turn|22\n|\n|t:|1697667006\n|move|p1a: Nifalap|Ice Punch|p2a: Hatterene\n|-damage|p2a: Hatterene|23\/100\n|move|p2a: Hatterene|Draining Kiss|p1a: Nifalap\n|-damage|p1a: Nifalap|24\/100 par\n|-heal|p2a: Hatterene|48\/100|[from] drain|[of] p1a: Nifalap\n|\n|upkeep\n|turn|23\n|\n|t:|1697667013\n|move|p1a: Nifalap|Ice Punch|p2a: Hatterene\n|-damage|p2a: Hatterene|16\/100\n|move|p2a: Hatterene|Draining Kiss|p1a: Nifalap\n|-damage|p1a: Nifalap|0 fnt\n|-heal|p2a: Hatterene|35\/100|[from] drain|[of] p1a: Nifalap\n|faint|p1a: Nifalap\n|\n|upkeep\n|\n|t:|1697667016\n|switch|p1a: Kung-fu Bear|Urshifu, M|100\/100\n|turn|24\n|\n|t:|1697667024\n|move|p1a: Kung-fu Bear|Wicked Blow|p2a: Hatterene\n|-crit|p2a: Hatterene\n|-damage|p2a: Hatterene|0 fnt\n|faint|p2a: Hatterene\n|\n|upkeep\n|\n|t:|1697667028\n|switch|p2a: Grimmsnarl|Grimmsnarl, M|28\/100\n|turn|25\n|\n|t:|1697667034\n|move|p2a: Grimmsnarl|Trick|p1a: Kung-fu Bear\n|-hint|Since gen 7, Dark is immune to Prankster moves.\n|-immune|p1a: Kung-fu Bear\n|move|p1a: Kung-fu Bear|Wicked Blow|p2a: Grimmsnarl\n|-resisted|p2a: Grimmsnarl\n|-crit|p2a: Grimmsnarl\n|-damage|p2a: Grimmsnarl|15\/100\n|\n|upkeep\n|turn|26\n|\n|t:|1697667045\n|move|p2a: Grimmsnarl|Reflect|p2a: Grimmsnarl\n|-sidestart|p2: Jeusu|Reflect\n|move|p1a: Kung-fu Bear|Wicked Blow|p2a: Grimmsnarl\n|-resisted|p2a: Grimmsnarl\n|-crit|p2a: Grimmsnarl\n|-damage|p2a: Grimmsnarl|0 fnt\n|faint|p2a: Grimmsnarl\n|\n|upkeep\n|\n|t:|1697667050\n|switch|p2a: Skeledirge|Skeledirge, M|56\/100\n|turn|27\n|\n|t:|1697667056\n|-terastallize|p2a: Skeledirge|Fairy\n|move|p1a: Kung-fu Bear|Wicked Blow|p2a: Skeledirge\n|-resisted|p2a: Skeledirge\n|-crit|p2a: Skeledirge\n|-damage|p2a: Skeledirge|31\/100\n|move|p2a: Skeledirge|Slack Off|p2a: Skeledirge\n|-heal|p2a: Skeledirge|81\/100\n|\n|upkeep\n|turn|28\n|\n|t:|1697667062\n|move|p1a: Kung-fu Bear|Wicked Blow|p2a: Skeledirge\n|-resisted|p2a: Skeledirge\n|-crit|p2a: Skeledirge\n|-damage|p2a: Skeledirge|57\/100\n|move|p2a: Skeledirge|Will-O-Wisp|p1a: Kung-fu Bear\n|-status|p1a: Kung-fu Bear|brn\n|\n|-damage|p1a: Kung-fu Bear|94\/100 brn|[from] brn\n|upkeep\n|turn|29\n|\n|t:|1697667069\n|move|p1a: Kung-fu Bear|Wicked Blow|p2a: Skeledirge\n|-resisted|p2a: Skeledirge\n|-crit|p2a: Skeledirge\n|-damage|p2a: Skeledirge|44\/100\n|move|p2a: Skeledirge|Slack Off|p2a: Skeledirge\n|-heal|p2a: Skeledirge|94\/100\n|\n|-damage|p1a: Kung-fu Bear|88\/100 brn|[from] brn\n|upkeep\n|turn|30\n|c|\u2606Bpixel1017|gg\n|-message|Bpixel1017 forfeited.\n|\n|win|Jeusu\n|raw|Bpixel1017's rating: 1080 &rarr; <strong>1068<\/strong><br \/>(-12 for losing)\n|raw|Jeusu's rating: 1255 &rarr; <strong>1268<\/strong><br \/>(+13 for winning)\n|l|\u2606Bpixel1017\n","uploadtime":1697667095,"views":13,"p1id":"bpixel1017","p2id":"jeusu","formatid":"gen9ubers","rating":1068,"private":0,"password":""}