{"id":"gen9ubers-1980921713","p1":"clorboycoctopus","p2":"AlicieLizzie","format":"[Gen 9] Ubers","log":"|j|\u2606clorboycoctopus\n|j|\u2606AlicieLizzie\n|t:|1698849192\n|gametype|singles\n|player|p1|clorboycoctopus|blackbelt-gen4dp|\n|player|p2|AlicieLizzie|marnie-masters3|\n|teamsize|p1|6\n|teamsize|p2|6\n|gen|9\n|tier|[Gen 9] Ubers\n|rule|Sleep Clause Mod: Limit one foe put to sleep\n|rule|Species Clause: Limit one of each Pok\u00e9mon\n|rule|OHKO Clause: OHKO moves are banned\n|rule|Evasion Items Clause: Evasion items are banned\n|rule|Evasion Moves Clause: Evasion moves are banned\n|rule|Endless Battle Clause: Forcing endless battles is banned\n|rule|HP Percentage Mod: HP is shown in percentages\n|clearpoke\n|poke|p1|Ninetales-Alola, F|\n|poke|p1|Espathra, F|\n|poke|p1|Cyclizar, F|\n|poke|p1|Arceus-Ice|\n|poke|p1|Zacian-*|\n|poke|p1|Baxcalibur, F|\n|poke|p2|Baxcalibur, M|\n|poke|p2|Ninetales-Alola, F|\n|poke|p2|Arceus-Ghost|\n|poke|p2|Espathra, F|\n|poke|p2|Kommo-o, F|\n|poke|p2|Cyclizar, F|\n|teampreview\n|inactive|Battle timer is ON: inactive players will automatically lose when time's up. (requested by AlicieLizzie)\n|l|\u2606AlicieLizzie\n|inactive|AlicieLizzie disconnected and has 300 seconds to reconnect!\n|player|p2|\n|j|\u2606AlicieLizzie\n|inactive|AlicieLizzie reconnected and has 295 seconds left.\n|player|p2|AlicieLizzie|marnie-masters3\n|\n|t:|1698849208\n|start\n|switch|p1a: Ninetales|Ninetales-Alola, F, shiny|100\/100\n|switch|p2a: Nine Inch Tails|Ninetales-Alola, F|100\/100\n|-weather|Snow|[from] ability: Snow Warning|[of] p1a: Ninetales\n|turn|1\n|\n|t:|1698849212\n|move|p1a: Ninetales|Hypnosis|p2a: Nine Inch Tails|[miss]\n|-miss|p1a: Ninetales|p2a: Nine Inch Tails\n|move|p2a: Nine Inch Tails|Aurora Veil|p2a: Nine Inch Tails\n|-sidestart|p2: AlicieLizzie|move: Aurora Veil\n|\n|-weather|Snow|[upkeep]\n|upkeep\n|turn|2\n|\n|t:|1698849224\n|switch|p2a: Bax Sabbath|Baxcalibur, M|100\/100\n|move|p1a: Ninetales|Aurora Veil|p1a: Ninetales\n|-sidestart|p1: clorboycoctopus|move: Aurora Veil\n|\n|-weather|Snow|[upkeep]\n|upkeep\n|turn|3\n|\n|t:|1698849226\n|move|p1a: Ninetales|Draining Kiss|p2a: Bax Sabbath\n|-supereffective|p2a: Bax Sabbath\n|-damage|p2a: Bax Sabbath|86\/100\n|move|p2a: Bax Sabbath|Swords Dance|p2a: Bax Sabbath\n|-boost|p2a: Bax Sabbath|atk|2\n|\n|-weather|Snow|[upkeep]\n|upkeep\n|turn|4\n|\n|t:|1698849229\n|move|p1a: Ninetales|Encore|p2a: Bax Sabbath\n|-start|p2a: Bax Sabbath|Encore\n|move|p2a: Bax Sabbath|Swords Dance|p2a: Bax Sabbath\n|-boost|p2a: Bax Sabbath|atk|2\n|\n|-weather|Snow|[upkeep]\n|upkeep\n|turn|5\n|\n|t:|1698849233\n|switch|p1a: Baxcalibur|Baxcalibur, F|100\/100\n|move|p2a: Bax Sabbath|Swords Dance|p2a: Bax Sabbath\n|-boost|p2a: Bax Sabbath|atk|2\n|\n|-weather|none\n|upkeep\n|turn|6\n|\n|t:|1698849244\n|move|p2a: Bax Sabbath|Swords Dance|p2a: Bax Sabbath\n|-boost|p2a: Bax Sabbath|atk|0\n|move|p1a: Baxcalibur|Swords Dance|p1a: Baxcalibur\n|-boost|p1a: Baxcalibur|atk|2\n|\n|-end|p2a: Bax Sabbath|Encore\n|upkeep\n|turn|7\n|\n|t:|1698849247\n|-terastallize|p1a: Baxcalibur|Fairy\n|move|p2a: Bax Sabbath|Scale Shot|p1a: Baxcalibur\n|-immune|p1a: Baxcalibur\n|move|p1a: Baxcalibur|Scale Shot|p2a: Bax Sabbath\n|-supereffective|p2a: Bax Sabbath\n|-damage|p2a: Bax Sabbath|54\/100\n|-supereffective|p2a: Bax Sabbath\n|-damage|p2a: Bax Sabbath|21\/100\n|-supereffective|p2a: Bax Sabbath\n|-damage|p2a: Bax Sabbath|0 fnt\n|faint|p2a: Bax Sabbath\n|-hitcount|p2: Bax Sabbath|3\n|-unboost|p1a: Baxcalibur|def|1\n|-boost|p1a: Baxcalibur|spe|1\n|\n|upkeep\n|c|\u2606AlicieLizzie|gah damn\n|\n|t:|1698849260\n|switch|p2a: Pathwood Mac|Espathra, F|100\/100\n|turn|8\n|c|\u2606clorboycoctopus|if i fumbled that it would have been so bad\n|\n|t:|1698849270\n|move|p1a: Baxcalibur|Scale Shot|p2a: Pathwood Mac\n|-damage|p2a: Pathwood Mac|78\/100\n|-damage|p2a: Pathwood Mac|55\/100\n|-damage|p2a: Pathwood Mac|30\/100\n|-damage|p2a: Pathwood Mac|6\/100\n|-hitcount|p2a: Pathwood Mac|4\n|-unboost|p1a: Baxcalibur|def|1\n|-boost|p1a: Baxcalibur|spe|1\n|move|p2a: Pathwood Mac|Calm Mind|p2a: Pathwood Mac\n|-boost|p2a: Pathwood Mac|spa|1\n|-boost|p2a: Pathwood Mac|spd|1\n|\n|-heal|p2a: Pathwood Mac|12\/100|[from] item: Leftovers\n|-sideend|p2: AlicieLizzie|move: Aurora Veil\n|-ability|p2a: Pathwood Mac|Speed Boost|boost\n|-boost|p2a: Pathwood Mac|spe|1\n|upkeep\n|turn|9\n|\n|t:|1698849278\n|move|p2a: Pathwood Mac|Protect|p2a: Pathwood Mac\n|-singleturn|p2a: Pathwood Mac|Protect\n|move|p1a: Baxcalibur|Ice Shard|p2a: Pathwood Mac\n|-activate|p2a: Pathwood Mac|move: Protect\n|\n|-heal|p2a: Pathwood Mac|18\/100|[from] item: Leftovers\n|-sideend|p1: clorboycoctopus|move: Aurora Veil\n|-ability|p2a: Pathwood Mac|Speed Boost|boost\n|-boost|p2a: Pathwood Mac|spe|1\n|upkeep\n|turn|10\n|\n|t:|1698849284\n|move|p1a: Baxcalibur|Ice Shard|p2a: Pathwood Mac\n|-damage|p2a: Pathwood Mac|0 fnt\n|faint|p2a: Pathwood Mac\n|\n|upkeep\n|\n|t:|1698849291\n|switch|p2a: Nine Inch Tails|Ninetales-Alola, F|100\/100\n|-weather|Snow|[from] ability: Snow Warning|[of] p2a: Nine Inch Tails\n|turn|11\n|\n|t:|1698849295\n|move|p1a: Baxcalibur|Swords Dance|p1a: Baxcalibur\n|-boost|p1a: Baxcalibur|atk|2\n|move|p2a: Nine Inch Tails|Aurora Veil|p2a: Nine Inch Tails\n|-sidestart|p2: AlicieLizzie|move: Aurora Veil\n|\n|-weather|Snow|[upkeep]\n|upkeep\n|turn|12\n|\n|t:|1698849299\n|switch|p2a: Ghosts N\u2019 Roses|Arceus-Ghost|100\/100\n|move|p1a: Baxcalibur|Icicle Spear|p2a: Ghosts N\u2019 Roses\n|-damage|p2a: Ghosts N\u2019 Roses|84\/100\n|-damage|p2a: Ghosts N\u2019 Roses|67\/100\n|-damage|p2a: Ghosts N\u2019 Roses|53\/100\n|-damage|p2a: Ghosts N\u2019 Roses|37\/100\n|-hitcount|p2a: Ghosts N\u2019 Roses|4\n|\n|-weather|Snow|[upkeep]\n|upkeep\n|turn|13\n|\n|t:|1698849309\n|move|p2a: Ghosts N\u2019 Roses|Extreme Speed|p1a: Baxcalibur\n|-damage|p1a: Baxcalibur|44\/100\n|move|p1a: Baxcalibur|Scale Shot|p2a: Ghosts N\u2019 Roses|[miss]\n|-miss|p1a: Baxcalibur|p2a: Ghosts N\u2019 Roses\n|\n|-weather|Snow|[upkeep]\n|upkeep\n|turn|14\n|c|\u2606clorboycoctopus|man\n|\n|t:|1698849318\n|move|p2a: Ghosts N\u2019 Roses|Extreme Speed|p1a: Baxcalibur\n|-damage|p1a: Baxcalibur|0 fnt\n|faint|p1a: Baxcalibur\n|\n|-weather|Snow|[upkeep]\n|upkeep\n|\n|t:|1698849324\n|switch|p1a: Cyclizar|Cyclizar, F|100\/100\n|turn|15\n|c|\u2606AlicieLizzie|that sucks\n|\n|t:|1698849328\n|move|p1a: Cyclizar|Shed Tail|p1a: Cyclizar\n|-start|p1a: Cyclizar|Substitute|[from] move: Shed Tail\n|-damage|p1a: Cyclizar|50\/100\n|\n|t:|1698849332\n|switch|p1a: Espathra|Espathra, F|100\/100|[from] Shed Tail\n|move|p2a: Ghosts N\u2019 Roses|Recover|p2a: Ghosts N\u2019 Roses\n|-heal|p2a: Ghosts N\u2019 Roses|87\/100\n|\n|-weather|none\n|upkeep\n|turn|16\n|\n|t:|1698849336\n|move|p1a: Espathra|Calm Mind|p1a: Espathra\n|-boost|p1a: Espathra|spa|1\n|-boost|p1a: Espathra|spd|1\n|move|p2a: Ghosts N\u2019 Roses|Shadow Claw|p1a: Espathra\n|-supereffective|p1a: Espathra\n|-end|p1a: Espathra|Substitute\n|\n|-ability|p1a: Espathra|Speed Boost|boost\n|-boost|p1a: Espathra|spe|1\n|upkeep\n|turn|17\n|\n|t:|1698849343\n|move|p1a: Espathra|Protect|p1a: Espathra\n|-singleturn|p1a: Espathra|Protect\n|move|p2a: Ghosts N\u2019 Roses|Shadow Claw|p1a: Espathra\n|-activate|p1a: Espathra|move: Protect\n|\n|-ability|p1a: Espathra|Speed Boost|boost\n|-boost|p1a: Espathra|spe|1\n|upkeep\n|turn|18\n|\n|t:|1698849349\n|move|p1a: Espathra|Calm Mind|p1a: Espathra\n|-boost|p1a: Espathra|spa|1\n|-boost|p1a: Espathra|spd|1\n|move|p2a: Ghosts N\u2019 Roses|Shadow Claw|p1a: Espathra\n|-supereffective|p1a: Espathra\n|-damage|p1a: Espathra|0 fnt\n|faint|p1a: Espathra\n|\n|-sideend|p2: AlicieLizzie|move: Aurora Veil\n|upkeep\n|\n|t:|1698849353\n|switch|p1a: Ninetales|Ninetales-Alola, F, shiny|100\/100\n|-weather|Snow|[from] ability: Snow Warning|[of] p1a: Ninetales\n|turn|19\n|\n|t:|1698849358\n|move|p1a: Ninetales|Hypnosis|p2a: Ghosts N\u2019 Roses|[miss]\n|-miss|p1a: Ninetales|p2a: Ghosts N\u2019 Roses\n|move|p2a: Ghosts N\u2019 Roses|Swords Dance|p2a: Ghosts N\u2019 Roses\n|-boost|p2a: Ghosts N\u2019 Roses|atk|2\n|\n|-weather|Snow|[upkeep]\n|upkeep\n|turn|20\n|\n|t:|1698849361\n|move|p2a: Ghosts N\u2019 Roses|Extreme Speed|p1a: Ninetales\n|-damage|p1a: Ninetales|52\/100\n|move|p1a: Ninetales|Hypnosis|p2a: Ghosts N\u2019 Roses|[miss]\n|-miss|p1a: Ninetales|p2a: Ghosts N\u2019 Roses\n|\n|-weather|Snow|[upkeep]\n|upkeep\n|turn|21\n|\n|t:|1698849365\n|-terastallize|p2a: Ghosts N\u2019 Roses|Normal\n|move|p2a: Ghosts N\u2019 Roses|Extreme Speed|p1a: Ninetales\n|-damage|p1a: Ninetales|0 fnt\n|faint|p1a: Ninetales\n|\n|-weather|Snow|[upkeep]\n|upkeep\n|\n|t:|1698849368\n|switch|p1a: Arceus|Arceus-Ice|100\/100\n|turn|22\n|\n|t:|1698849373\n|move|p2a: Ghosts N\u2019 Roses|Extreme Speed|p1a: Arceus\n|-damage|p1a: Arceus|52\/100\n|move|p1a: Arceus|Calm Mind|p1a: Arceus\n|-boost|p1a: Arceus|spa|1\n|-boost|p1a: Arceus|spd|1\n|\n|-weather|Snow|[upkeep]\n|upkeep\n|turn|23\n|\n|t:|1698849375\n|move|p2a: Ghosts N\u2019 Roses|Extreme Speed|p1a: Arceus\n|-damage|p1a: Arceus|8\/100\n|move|p1a: Arceus|Judgment|p2a: Ghosts N\u2019 Roses\n|-damage|p2a: Ghosts N\u2019 Roses|33\/100\n|\n|-weather|none\n|upkeep\n|turn|24\n|\n|t:|1698849379\n|move|p2a: Ghosts N\u2019 Roses|Extreme Speed|p1a: Arceus\n|-damage|p1a: Arceus|0 fnt\n|faint|p1a: Arceus\n|\n|upkeep\n|\n|t:|1698849381\n|switch|p1a: Zacian|Zacian|100\/100\n|-ability|p1a: Zacian|Intrepid Sword|boost\n|-boost|p1a: Zacian|atk|1\n|turn|25\n|\n|t:|1698849391\n|move|p2a: Ghosts N\u2019 Roses|Extreme Speed|p1a: Zacian\n|-crit|p1a: Zacian\n|-damage|p1a: Zacian|0 fnt\n|faint|p1a: Zacian\n|\n|upkeep\n|c|\u2606clorboycoctopus|what the fuck\n|\n|t:|1698849399\n|switch|p1a: Cyclizar|Cyclizar, F|84\/100\n|turn|26\n|\n|t:|1698849407\n|move|p1a: Cyclizar|Dragon Claw|p2a: Ghosts N\u2019 Roses\n|-damage|p2a: Ghosts N\u2019 Roses|15\/100\n|move|p2a: Ghosts N\u2019 Roses|Recover|p2a: Ghosts N\u2019 Roses\n|-heal|p2a: Ghosts N\u2019 Roses|65\/100\n|\n|upkeep\n|turn|27\n|\n|t:|1698849413\n|move|p1a: Cyclizar|Dragon Claw|p2a: Ghosts N\u2019 Roses\n|-damage|p2a: Ghosts N\u2019 Roses|46\/100\n|move|p2a: Ghosts N\u2019 Roses|Recover|p2a: Ghosts N\u2019 Roses\n|-heal|p2a: Ghosts N\u2019 Roses|96\/100\n|\n|upkeep\n|turn|28\n|\n|t:|1698849418\n|switch|p2a: Nine Inch Tails|Ninetales-Alola, F|100\/100\n|-weather|Snow|[from] ability: Snow Warning|[of] p2a: Nine Inch Tails\n|move|p1a: Cyclizar|Dragon Claw|p2a: Nine Inch Tails\n|-immune|p2a: Nine Inch Tails\n|\n|-weather|Snow|[upkeep]\n|upkeep\n|turn|29\n|-message|clorboycoctopus forfeited.\n|\n|win|AlicieLizzie\n|c|\u2606AlicieLizzie|gg\n","uploadtime":1698849429,"views":13,"p1id":"clorboycoctopus","p2id":"alicielizzie","formatid":"gen9ubers","rating":0,"private":0,"password":""}