{"id":"gen9ubers-1993502890","p1":"disclobeia15","p2":"Seanketchum","format":"[Gen 9] Ubers","log":"|j|\u2606disclobeia15\n|j|\u2606Seanketchum\n|t:|1700325538\n|gametype|singles\n|player|p1|disclobeia15|2|1000\n|player|p2|Seanketchum|266|1000\n|teamsize|p1|6\n|teamsize|p2|6\n|gen|9\n|tier|[Gen 9] Ubers\n|rated|\n|rule|Sleep Clause Mod: Limit one foe put to sleep\n|rule|Species Clause: Limit one of each Pok\u00e9mon\n|rule|OHKO Clause: OHKO moves are banned\n|rule|Evasion Items Clause: Evasion items are banned\n|rule|Evasion Moves Clause: Evasion moves are banned\n|rule|Endless Battle Clause: Forcing endless battles is banned\n|rule|HP Percentage Mod: HP is shown in percentages\n|clearpoke\n|poke|p1|Breloom, F|\n|poke|p1|Garchomp, M|\n|poke|p1|Great Tusk|\n|poke|p1|Landorus-Therian, M|\n|poke|p1|Maushold|\n|poke|p1|Kyogre|\n|poke|p2|Baxcalibur, M|\n|poke|p2|Kingambit, M|\n|poke|p2|Volcarona, M|\n|poke|p2|Ogerpon-Wellspring, F|\n|poke|p2|Espathra, M|\n|poke|p2|Garganacl, M|\n|teampreview\n|\n|t:|1700325564\n|start\n|switch|p1a: Dinousssaro|Garchomp, M, shiny|100\/100\n|switch|p2a: Espathra|Espathra, M|100\/100\n|turn|1\n|\n|t:|1700325574\n|move|p1a: Dinousssaro|Earthquake|p2a: Espathra\n|-damage|p2a: Espathra|61\/100\n|move|p2a: Espathra|Calm Mind|p2a: Espathra\n|-boost|p2a: Espathra|spa|1\n|-boost|p2a: Espathra|spd|1\n|\n|-heal|p2a: Espathra|67\/100|[from] item: Leftovers\n|-ability|p2a: Espathra|Speed Boost|boost\n|-boost|p2a: Espathra|spe|1\n|upkeep\n|turn|2\n|\n|t:|1700325586\n|move|p2a: Espathra|Dazzling Gleam|p1a: Dinousssaro\n|-supereffective|p1a: Dinousssaro\n|-damage|p1a: Dinousssaro|48\/100\n|move|p1a: Dinousssaro|Fire Blast|p2a: Espathra\n|-damage|p2a: Espathra|50\/100\n|\n|-heal|p2a: Espathra|56\/100|[from] item: Leftovers\n|-ability|p2a: Espathra|Speed Boost|boost\n|-boost|p2a: Espathra|spe|1\n|upkeep\n|turn|3\n|\n|t:|1700325607\n|move|p2a: Espathra|Calm Mind|p2a: Espathra\n|-boost|p2a: Espathra|spa|1\n|-boost|p2a: Espathra|spd|1\n|move|p1a: Dinousssaro|Earthquake|p2a: Espathra\n|-damage|p2a: Espathra|19\/100\n|\n|-heal|p2a: Espathra|26\/100|[from] item: Leftovers\n|-ability|p2a: Espathra|Speed Boost|boost\n|-boost|p2a: Espathra|spe|1\n|upkeep\n|turn|4\n|\n|t:|1700325617\n|move|p2a: Espathra|Dazzling Gleam|p1a: Dinousssaro\n|-supereffective|p1a: Dinousssaro\n|-damage|p1a: Dinousssaro|0 fnt\n|faint|p1a: Dinousssaro\n|\n|-heal|p2a: Espathra|32\/100|[from] item: Leftovers\n|-ability|p2a: Espathra|Speed Boost|boost\n|-boost|p2a: Espathra|spe|1\n|upkeep\n|\n|t:|1700325618\n|switch|p1a: Thais Carla|Kyogre|100\/100\n|-weather|RainDance|[from] ability: Drizzle|[of] p1a: Thais Carla\n|turn|5\n|\n|t:|1700325633\n|move|p2a: Espathra|Stored Power|p1a: Thais Carla\n|-damage|p1a: Thais Carla|0 fnt\n|faint|p1a: Thais Carla\n|\n|-weather|RainDance|[upkeep]\n|-heal|p2a: Espathra|38\/100|[from] item: Leftovers\n|-ability|p2a: Espathra|Speed Boost|boost\n|-boost|p2a: Espathra|spe|1\n|upkeep\n|\n|t:|1700325644\n|switch|p1a: Chapeu vermelho|Breloom, F, shiny|100\/100\n|turn|6\n|\n|t:|1700325648\n|move|p2a: Espathra|Stored Power|p1a: Chapeu vermelho\n|-supereffective|p1a: Chapeu vermelho\n|-damage|p1a: Chapeu vermelho|0 fnt\n|faint|p1a: Chapeu vermelho\n|\n|-weather|RainDance|[upkeep]\n|-heal|p2a: Espathra|44\/100|[from] item: Leftovers\n|-ability|p2a: Espathra|Speed Boost|boost\n|-boost|p2a: Espathra|spe|1\n|upkeep\n|\n|t:|1700325661\n|switch|p1a: Corno|Great Tusk|100\/100\n|-enditem|p1a: Corno|Booster Energy\n|-activate|p1a: Corno|ability: Protosynthesis|[fromitem]\n|-start|p1a: Corno|protosynthesisatk\n|turn|7\n|\n|t:|1700325667\n|move|p2a: Espathra|Stored Power|p1a: Corno\n|-supereffective|p1a: Corno\n|-damage|p1a: Corno|0 fnt\n|faint|p1a: Corno\n|-end|p1a: Corno|Protosynthesis|[silent]\n|\n|-weather|RainDance|[upkeep]\n|-heal|p2a: Espathra|51\/100|[from] item: Leftovers\n|upkeep\n|\n|t:|1700325670\n|switch|p1a: Cachorro vuado|Landorus-Therian, M, shiny|100\/100\n|-ability|p1a: Cachorro vuado|Intimidate|boost\n|-unboost|p2a: Espathra|atk|1\n|turn|8\n|c|\u2606Seanketchum|Gg\n|\n|t:|1700325677\n|move|p2a: Espathra|Stored Power|p1a: Cachorro vuado\n|-crit|p1a: Cachorro vuado\n|-damage|p1a: Cachorro vuado|0 fnt\n|faint|p1a: Cachorro vuado\n|\n|-weather|RainDance|[upkeep]\n|-heal|p2a: Espathra|57\/100|[from] item: Leftovers\n|upkeep\n|\n|t:|1700325679\n|switch|p1a: Fam\u00edlia unida|Maushold, shiny|100\/100\n|turn|9\n|\n|t:|1700325687\n|move|p2a: Espathra|Stored Power|p1a: Fam\u00edlia unida\n|-damage|p1a: Fam\u00edlia unida|0 fnt\n|faint|p1a: Fam\u00edlia unida\n|\n|win|Seanketchum\n|raw|disclobeia15's rating: 1000 &rarr; <strong>1000<\/strong><br \/>(+0 for losing)\n|raw|Seanketchum's rating: 1000 &rarr; <strong>1040<\/strong><br \/>(+40 for winning)\n|l|\u2606disclobeia15\n","uploadtime":1700325695,"views":8,"p1id":"disclobeia15","p2id":"seanketchum","formatid":"gen9ubers","rating":1000,"private":0,"password":""}