{"id":"gen9ubers-1993894611","p1":"Dark King_5","p2":"BigDumbEnergy","format":"[Gen 9] Ubers","log":"|j|\u2606Dark King_5\n|j|\u2606BigDumbEnergy\n|t:|1700371414\n|gametype|singles\n|player|p1|Dark King_5|2|1030\n|player|p2|BigDumbEnergy|2|1179\n|teamsize|p1|6\n|teamsize|p2|6\n|gen|9\n|tier|[Gen 9] Ubers\n|rated|\n|rule|Sleep Clause Mod: Limit one foe put to sleep\n|rule|Species Clause: Limit one of each Pok\u00e9mon\n|rule|OHKO Clause: OHKO moves are banned\n|rule|Evasion Items Clause: Evasion items are banned\n|rule|Evasion Moves Clause: Evasion moves are banned\n|rule|Endless Battle Clause: Forcing endless battles is banned\n|rule|HP Percentage Mod: HP is shown in percentages\n|clearpoke\n|poke|p1|Dipplin, M|\n|poke|p1|Walking Wake|\n|poke|p1|Koraidon|\n|poke|p1|Goodra-Hisui, F|\n|poke|p1|Dragapult, F|\n|poke|p1|Flapple, F|\n|poke|p2|Zacian-*|\n|poke|p2|Regieleki|\n|poke|p2|Miraidon|\n|poke|p2|Spectrier|\n|poke|p2|Arceus-Ground|\n|poke|p2|Kyogre|\n|teampreview\n|inactive|Battle timer is ON: inactive players will automatically lose when time's up. (requested by Dark King_5)\n|inactive|BigDumbEnergy has 120 seconds left.\n|\n|t:|1700371462\n|start\n|switch|p1a: Goodra|Goodra-Hisui, F|100\/100\n|switch|p2a: Regieleki|Regieleki|100\/100\n|turn|1\n|\n|t:|1700371465\n|move|p2a: Regieleki|Volt Switch|p1a: Goodra\n|-resisted|p1a: Goodra\n|-damage|p1a: Goodra|89\/100\n|-damage|p2a: Regieleki|91\/100|[from] item: Life Orb\n|\n|t:|1700371469\n|switch|p2a: Zacian|Zacian-Crowned|100\/100|[from] Volt Switch\n|-ability|p2a: Zacian|Intrepid Sword|boost\n|-boost|p2a: Zacian|atk|1\n|move|p1a: Goodra|Earthquake|p2a: Zacian\n|-supereffective|p2a: Zacian\n|-crit|p2a: Zacian\n|-damage|p2a: Zacian|20\/100\n|\n|upkeep\n|turn|2\n|\n|t:|1700371497\n|move|p2a: Zacian|Behemoth Blade|p1a: Goodra\n|-resisted|p1a: Goodra\n|-damage|p1a: Goodra|54\/100\n|move|p1a: Goodra|Fire Punch|p2a: Zacian\n|-supereffective|p2a: Zacian\n|-damage|p2a: Zacian|0 fnt\n|faint|p2a: Zacian\n|\n|upkeep\n|inactive|BigDumbEnergy has 120 seconds left.\n|\n|t:|1700371507\n|switch|p2a: Arceus|Arceus-Ground|100\/100\n|turn|3\n|\n|t:|1700371510\n|move|p2a: Arceus|Cosmic Power|p2a: Arceus\n|-boost|p2a: Arceus|def|1\n|-boost|p2a: Arceus|spd|1\n|move|p1a: Goodra|Dragon Tail|p2a: Arceus\n|-damage|p2a: Arceus|90\/100\n|drag|p2a: Kyogre|Kyogre|100\/100\n|-weather|RainDance|[from] ability: Drizzle|[of] p2a: Kyogre\n|\n|-weather|RainDance|[upkeep]\n|upkeep\n|turn|4\n|\n|t:|1700371525\n|switch|p2a: Arceus|Arceus-Ground|90\/100\n|move|p1a: Goodra|Heavy Slam|p2a: Arceus\n|-damage|p2a: Arceus|78\/100\n|\n|-weather|RainDance|[upkeep]\n|upkeep\n|turn|5\n|\n|t:|1700371529\n|move|p2a: Arceus|Judgment|p1a: Goodra\n|-supereffective|p1a: Goodra\n|-damage|p1a: Goodra|16\/100\n|move|p1a: Goodra|Dragon Tail|p2a: Arceus\n|-damage|p2a: Arceus|60\/100\n|drag|p2a: Kyogre|Kyogre|100\/100\n|\n|-weather|RainDance|[upkeep]\n|upkeep\n|turn|6\n|\n|t:|1700371540\n|move|p2a: Kyogre|Ice Beam|p1a: Goodra\n|-damage|p1a: Goodra|0 fnt\n|faint|p1a: Goodra\n|\n|-weather|RainDance|[upkeep]\n|upkeep\n|\n|t:|1700371551\n|switch|p1a: Dragapult|Dragapult, F|100\/100\n|turn|7\n|\n|t:|1700371574\n|switch|p2a: Spectrier|Spectrier|100\/100\n|move|p1a: Dragapult|Dragon Darts|p2a: Spectrier\n|-damage|p2a: Spectrier|63\/100\n|-anim|p1a: Dragapult|Dragon Darts|p2a: Spectrier\n|-damage|p2a: Spectrier|23\/100\n|\n|-weather|none\n|upkeep\n|turn|8\n|\n|t:|1700371587\n|move|p1a: Dragapult|Shadow Ball|p2a: Spectrier\n|-supereffective|p2a: Spectrier\n|-damage|p2a: Spectrier|0 fnt\n|faint|p2a: Spectrier\n|\n|upkeep\n|\n|t:|1700371598\n|switch|p2a: Miraidon|Miraidon|100\/100\n|-fieldstart|move: Electric Terrain|[from] ability: Hadron Engine|[of] p2a: Miraidon\n|turn|9\n|\n|t:|1700371604\n|move|p2a: Miraidon|Dazzling Gleam|p1a: Dragapult\n|-supereffective|p1a: Dragapult\n|-damage|p1a: Dragapult|29\/100\n|move|p1a: Dragapult|Dragon Darts|p2a: Miraidon\n|-supereffective|p2a: Miraidon\n|-damage|p2a: Miraidon|47\/100\n|-anim|p1a: Dragapult|Dragon Darts|p2a: Miraidon\n|-supereffective|p2a: Miraidon\n|-damage|p2a: Miraidon|0 fnt\n|faint|p2a: Miraidon\n|\n|upkeep\n|\n|t:|1700371617\n|switch|p2a: Regieleki|Regieleki|91\/100\n|turn|10\n|\n|t:|1700371622\n|move|p1a: Dragapult|Sucker Punch|p2a: Regieleki\n|-damage|p2a: Regieleki|46\/100\n|move|p2a: Regieleki|Thunderbolt|p1a: Dragapult\n|-resisted|p1a: Dragapult\n|-damage|p1a: Dragapult|0 fnt\n|faint|p1a: Dragapult\n|-damage|p2a: Regieleki|36\/100|[from] item: Life Orb\n|\n|upkeep\n|\n|t:|1700371627\n|switch|p1a: Flapple|Flapple, F|100\/100\n|turn|11\n|\n|t:|1700371630\n|-terastallize|p2a: Regieleki|Ice\n|move|p2a: Regieleki|Tera Blast|p1a: Flapple|[anim] Tera Blast Ice\n|-supereffective|p1a: Flapple\n|-damage|p1a: Flapple|0 fnt\n|faint|p1a: Flapple\n|-damage|p2a: Regieleki|26\/100|[from] item: Life Orb\n|\n|upkeep\n|\n|t:|1700371634\n|switch|p1a: Koraidon|Koraidon|100\/100\n|-weather|SunnyDay|[from] ability: Orichalcum Pulse|[of] p1a: Koraidon\n|-activate|p1a: Koraidon|Orichalcum Pulse|[source]\n|turn|12\n|\n|t:|1700371650\n|move|p2a: Regieleki|Volt Switch|p1a: Koraidon\n|-resisted|p1a: Koraidon\n|-damage|p1a: Koraidon|65\/100\n|-damage|p2a: Regieleki|16\/100|[from] item: Life Orb\n|\n|t:|1700371655\n|switch|p2a: Arceus|Arceus-Ground|60\/100|[from] Volt Switch\n|move|p1a: Koraidon|Collision Course|p2a: Arceus\n|-damage|p2a: Arceus|14\/100\n|\n|-weather|SunnyDay|[upkeep]\n|upkeep\n|turn|13\n|\n|t:|1700371663\n|move|p1a: Koraidon|Dragon Claw|p2a: Arceus\n|-damage|p2a: Arceus|0 fnt\n|faint|p2a: Arceus\n|\n|-weather|SunnyDay|[upkeep]\n|-fieldend|move: Electric Terrain\n|upkeep\n|inactive|BigDumbEnergy has 120 seconds left.\n|\n|t:|1700371698\n|switch|p2a: Regieleki|Regieleki, tera:Ice|16\/100\n|turn|14\n|\n|t:|1700371706\n|move|p2a: Regieleki|Tera Blast|p1a: Koraidon|[anim] Tera Blast Ice\n|-supereffective|p1a: Koraidon\n|-damage|p1a: Koraidon|0 fnt\n|faint|p1a: Koraidon\n|-damage|p2a: Regieleki|6\/100|[from] item: Life Orb\n|\n|-weather|SunnyDay|[upkeep]\n|upkeep\n|\n|t:|1700371708\n|switch|p1a: Walking Wake|Walking Wake|100\/100\n|-activate|p1a: Walking Wake|ability: Protosynthesis\n|-start|p1a: Walking Wake|protosynthesisspa\n|turn|15\n|inactive|BigDumbEnergy has 120 seconds left.\n|\n|t:|1700371730\n|move|p2a: Regieleki|Thunderbolt|p1a: Walking Wake\n|-damage|p1a: Walking Wake|28\/100\n|-damage|p2a: Regieleki|0 fnt|[from] item: Life Orb\n|faint|p2a: Regieleki\n|move|p1a: Walking Wake|Draco Meteor|p2: Regieleki|[notarget]\n|-fail|p1a: Walking Wake\n|\n|-weather|SunnyDay|[upkeep]\n|upkeep\n|\n|t:|1700371732\n|switch|p2a: Kyogre|Kyogre|100\/100\n|-weather|RainDance|[from] ability: Drizzle|[of] p2a: Kyogre\n|-end|p1a: Walking Wake|Protosynthesis\n|turn|16\n|\n|t:|1700371747\n|move|p1a: Walking Wake|Draco Meteor|p2a: Kyogre\n|-damage|p2a: Kyogre|53\/100\n|-unboost|p1a: Walking Wake|spa|2\n|move|p2a: Kyogre|Ice Beam|p1a: Walking Wake\n|-damage|p1a: Walking Wake|0 fnt\n|faint|p1a: Walking Wake\n|-end|p1a: Walking Wake|Protosynthesis|[silent]\n|\n|-weather|RainDance|[upkeep]\n|upkeep\n|\n|t:|1700371751\n|switch|p1a: Dipplin|Dipplin, M|100\/100\n|turn|17\n|c|\u2606BigDumbEnergy|gg\n|\n|t:|1700371756\n|-terastallize|p1a: Dipplin|Steel\n|move|p2a: Kyogre|Ice Beam|p1a: Dipplin\n|-resisted|p1a: Dipplin\n|-damage|p1a: Dipplin|90\/100\n|move|p1a: Dipplin|Growth|p1a: Dipplin\n|-boost|p1a: Dipplin|atk|1\n|-boost|p1a: Dipplin|spa|1\n|\n|-weather|RainDance|[upkeep]\n|upkeep\n|turn|18\n|\n|t:|1700371762\n|move|p2a: Kyogre|Ice Beam|p1a: Dipplin\n|-resisted|p1a: Dipplin\n|-damage|p1a: Dipplin|79\/100\n|move|p1a: Dipplin|Syrup Bomb|p2a: Kyogre\n|-supereffective|p2a: Kyogre\n|-damage|p2a: Kyogre|0 fnt\n|faint|p2a: Kyogre\n|\n|win|Dark King_5\n|raw|Dark King_5's rating: 1030 &rarr; <strong>1080<\/strong><br \/>(+50 for winning)\n|raw|BigDumbEnergy's rating: 1179 &rarr; <strong>1144<\/strong><br \/>(-35 for losing)\n|l|\u2606BigDumbEnergy\n","uploadtime":1700371769,"views":8,"p1id":"darkking5","p2id":"bigdumbenergy","formatid":"gen9ubers","rating":1080,"private":0,"password":""}