{"id":"gen9ubers-1989051776","p1":"Bestmaindragonite","p2":"Kizaco","format":"[Gen 9] Ubers","log":"|j|\u2606Bestmaindragonite\n|j|\u2606Kizaco\n|t:|1699806800\n|gametype|singles\n|player|p1|Bestmaindragonite|lillie|\n|player|p2|Kizaco|169|\n|teamsize|p1|6\n|teamsize|p2|6\n|gen|9\n|tier|[Gen 9] Ubers\n|rule|Sleep Clause Mod: Limit one foe put to sleep\n|rule|Species Clause: Limit one of each Pok\u00e9mon\n|rule|OHKO Clause: OHKO moves are banned\n|rule|Evasion Items Clause: Evasion items are banned\n|rule|Evasion Moves Clause: Evasion moves are banned\n|rule|Endless Battle Clause: Forcing endless battles is banned\n|rule|HP Percentage Mod: HP is shown in percentages\n|clearpoke\n|poke|p1|Rillaboom, M|\n|poke|p1|Sneasler, M|\n|poke|p1|Arceus-Rock|\n|poke|p1|Donphan, M|\n|poke|p1|Magearna|\n|poke|p1|Ursaluna-Bloodmoon, M|\n|poke|p2|Masquerain, F|\n|poke|p2|Landorus, M|\n|poke|p2|Palafin, M|\n|poke|p2|Chi-Yu|\n|poke|p2|Zacian-*|\n|poke|p2|Palkia-Origin|\n|teampreview\n|\n|t:|1699806815\n|start\n|switch|p1a: Bloons td 7|Rillaboom, M|100\/100\n|switch|p2a: Masquerain|Masquerain, F|100\/100\n|-ability|p2a: Masquerain|Intimidate|boost\n|-unboost|p1a: Bloons td 7|atk|1\n|-fieldstart|move: Grassy Terrain|[from] ability: Grassy Surge|[of] p1a: Bloons td 7\n|turn|1\n|\n|t:|1699806819\n|switch|p1a: New level of cook|Ursaluna-Bloodmoon, M|100\/100\n|-enditem|p1a: New level of cook|Grassy Seed\n|-boost|p1a: New level of cook|def|1|[from] item: Grassy Seed\n|move|p2a: Masquerain|Sticky Web|p1a: New level of cook\n|-sidestart|p1: Bestmaindragonite|move: Sticky Web\n|\n|upkeep\n|turn|2\n|\n|t:|1699806824\n|move|p2a: Masquerain|Stun Spore|p1a: New level of cook\n|-status|p1a: New level of cook|par\n|cant|p1a: New level of cook|par\n|\n|upkeep\n|turn|3\n|\n|t:|1699806830\n|move|p2a: Masquerain|Air Slash|p1a: New level of cook\n|-damage|p1a: New level of cook|73\/100 par\n|cant|p1a: New level of cook|flinch\n|\n|-heal|p1a: New level of cook|79\/100 par|[from] Grassy Terrain\n|upkeep\n|turn|4\n|\n|t:|1699806834\n|move|p2a: Masquerain|Air Slash|p1a: New level of cook\n|-damage|p1a: New level of cook|51\/100 par\n|move|p1a: New level of cook|Calm Mind|p1a: New level of cook\n|-boost|p1a: New level of cook|spa|1\n|-boost|p1a: New level of cook|spd|1\n|\n|-heal|p1a: New level of cook|57\/100 par|[from] Grassy Terrain\n|upkeep\n|turn|5\n|\n|t:|1699806839\n|move|p1a: New level of cook|Moonlight|p1a: New level of cook\n|-heal|p1a: New level of cook|100\/100 par\n|move|p2a: Masquerain|Whirlwind|p1a: New level of cook\n|drag|p1a: Bloons td 7|Rillaboom, M|100\/100\n|-activate|p1a: Bloons td 7|move: Sticky Web\n|-unboost|p1a: Bloons td 7|spe|1\n|\n|-fieldend|move: Grassy Terrain\n|upkeep\n|turn|6\n|\n|t:|1699806845\n|move|p2a: Masquerain|Air Slash|p1a: Bloons td 7\n|-supereffective|p1a: Bloons td 7\n|-damage|p1a: Bloons td 7|37\/100\n|move|p1a: Bloons td 7|U-turn|p2a: Masquerain\n|-resisted|p2a: Masquerain\n|-crit|p2a: Masquerain\n|-damage|p2a: Masquerain|61\/100\n|\n|t:|1699806850\n|switch|p1a: The classic set|Magearna|100\/100|[from] U-turn\n|-activate|p1a: The classic set|move: Sticky Web\n|-unboost|p1a: The classic set|spe|1\n|\n|upkeep\n|turn|7\n|\n|t:|1699806854\n|move|p2a: Masquerain|Stun Spore|p1a: The classic set\n|-status|p1a: The classic set|par\n|move|p1a: The classic set|Ice Beam|p2a: Masquerain\n|-supereffective|p2a: Masquerain\n|-damage|p2a: Masquerain|0 fnt\n|faint|p2a: Masquerain\n|-ability|p1a: The classic set|Soul-Heart|boost\n|-boost|p1a: The classic set|spa|1\n|\n|upkeep\n|\n|t:|1699806861\n|switch|p2a: Palafin|Palafin, M|100\/100\n|turn|8\n|\n|t:|1699806867\n|detailschange|p2a: Palafin|Palafin-Hero, M\n|switch|p2a: Chi-Yu|Chi-Yu|100\/100\n|-ability|p2a: Chi-Yu|Beads of Ruin\n|cant|p1a: The classic set|par\n|\n|upkeep\n|turn|9\n|\n|t:|1699806871\n|move|p2a: Chi-Yu|Flamethrower|p1a: The classic set\n|-supereffective|p1a: The classic set\n|-damage|p1a: The classic set|28\/100 par\n|move|p1a: The classic set|Draining Kiss|p2a: Chi-Yu\n|-damage|p2a: Chi-Yu|51\/100\n|-heal|p1a: The classic set|59\/100 par|[from] drain|[of] p2a: Chi-Yu\n|\n|upkeep\n|turn|10\n|\n|t:|1699806884\n|switch|p1a: Big ogerpon|Arceus-Rock|100\/100\n|-activate|p1a: Big ogerpon|move: Sticky Web\n|-unboost|p1a: Big ogerpon|spe|1\n|move|p2a: Chi-Yu|Flamethrower|p1a: Big ogerpon\n|-resisted|p1a: Big ogerpon\n|-damage|p1a: Big ogerpon|79\/100\n|\n|upkeep\n|turn|11\n|\n|t:|1699806892\n|move|p2a: Chi-Yu|Nasty Plot|p2a: Chi-Yu\n|-boost|p2a: Chi-Yu|spa|2\n|move|p1a: Big ogerpon|Calm Mind|p1a: Big ogerpon\n|-boost|p1a: Big ogerpon|spa|1\n|-boost|p1a: Big ogerpon|spd|1\n|\n|upkeep\n|turn|12\n|\n|t:|1699806897\n|move|p2a: Chi-Yu|Dark Pulse|p1a: Big ogerpon\n|-damage|p1a: Big ogerpon|25\/100\n|move|p1a: Big ogerpon|Judgment|p2a: Chi-Yu\n|-supereffective|p2a: Chi-Yu\n|-damage|p2a: Chi-Yu|0 fnt\n|faint|p2a: Chi-Yu\n|\n|upkeep\n|\n|t:|1699806904\n|switch|p2a: Palafin|Palafin-Hero, M|100\/100\n|-activate|p2a: Palafin|ability: Zero to Hero\n|turn|13\n|\n|t:|1699806908\n|-terastallize|p1a: Big ogerpon|Grass\n|move|p2a: Palafin|Jet Punch|p1a: Big ogerpon\n|-resisted|p1a: Big ogerpon\n|-damage|p1a: Big ogerpon|10\/100\n|move|p1a: Big ogerpon|Giga Drain|p2a: Palafin\n|-supereffective|p2a: Palafin\n|-damage|p2a: Palafin|0 fnt\n|-heal|p1a: Big ogerpon|48\/100|[from] drain|[of] p2a: Palafin\n|faint|p2a: Palafin\n|\n|upkeep\n|\n|t:|1699806918\n|switch|p2a: Landorus|Landorus, M|100\/100\n|turn|14\n|\n|t:|1699806932\n|move|p2a: Landorus|Nasty Plot|p2a: Landorus\n|-boost|p2a: Landorus|spa|2\n|move|p1a: Big ogerpon|Giga Drain|p2a: Landorus\n|-damage|p2a: Landorus|18\/100\n|-heal|p1a: Big ogerpon|78\/100|[from] drain|[of] p2a: Landorus\n|\n|upkeep\n|turn|15\n|\n|t:|1699806938\n|move|p2a: Landorus|Sludge Bomb|p1a: Big ogerpon\n|-supereffective|p1a: Big ogerpon\n|-damage|p1a: Big ogerpon|0 fnt\n|faint|p1a: Big ogerpon\n|\n|upkeep\n|\n|t:|1699806942\n|switch|p1a: Cute tusk|Donphan, M|100\/100\n|turn|16\n|\n|t:|1699806951\n|-terastallize|p2a: Landorus|Water\n|move|p2a: Landorus|Earth Power|p1a: Cute tusk\n|-ability|p1a: Cute tusk|Sturdy\n|-damage|p1a: Cute tusk|1\/100\n|move|p1a: Cute tusk|Rapid Spin|p2a: Landorus\n|-damage|p2a: Landorus|0 fnt\n|-boost|p1a: Cute tusk|spe|1\n|-sideend|p1: Bestmaindragonite|Sticky Web|[from] move: Rapid Spin|[of] p1a: Cute tusk\n|faint|p2a: Landorus\n|\n|upkeep\n|\n|t:|1699806963\n|switch|p2a: Palkia|Palkia-Origin|100\/100\n|-ability|p2a: Palkia|Pressure\n|turn|17\n|\n|t:|1699806968\n|move|p1a: Cute tusk|Ice Shard|p2a: Palkia\n|-damage|p2a: Palkia|82\/100\n|move|p2a: Palkia|Spacial Rend|p1a: Cute tusk\n|-damage|p1a: Cute tusk|0 fnt\n|faint|p1a: Cute tusk\n|\n|upkeep\n|\n|t:|1699806977\n|switch|p1a: The classic set|Magearna|59\/100 par\n|turn|18\n|\n|t:|1699806984\n|move|p2a: Palkia|Hydro Pump|p1a: The classic set\n|-damage|p1a: The classic set|14\/100 par\n|move|p1a: The classic set|Draining Kiss|p2a: Palkia\n|-supereffective|p2a: Palkia\n|-damage|p2a: Palkia|28\/100\n|-heal|p1a: The classic set|57\/100 par|[from] drain|[of] p2a: Palkia\n|\n|upkeep\n|turn|19\n|\n|t:|1699806992\n|move|p2a: Palkia|Hydro Pump|p1a: The classic set|[miss]\n|-miss|p2a: Palkia|p1a: The classic set\n|move|p1a: The classic set|Draining Kiss|p2a: Palkia\n|-supereffective|p2a: Palkia\n|-damage|p2a: Palkia|0 fnt\n|-heal|p1a: The classic set|79\/100 par|[from] drain|[of] p2a: Palkia\n|faint|p2a: Palkia\n|-ability|p1a: The classic set|Soul-Heart|boost\n|-boost|p1a: The classic set|spa|1\n|\n|upkeep\n|\n|t:|1699806998\n|switch|p2a: Zacian|Zacian|100\/100\n|-ability|p2a: Zacian|Intrepid Sword|boost\n|-boost|p2a: Zacian|atk|1\n|turn|20\n|c|\u2606Bestmaindragonite|gg\n|c|\u2606Kizaco|gg\n|\n|t:|1699807004\n|move|p2a: Zacian|Close Combat|p1a: The classic set\n|-damage|p1a: The classic set|16\/100 par\n|-unboost|p2a: Zacian|def|1\n|-unboost|p2a: Zacian|spd|1\n|move|p1a: The classic set|Flash Cannon|p2a: Zacian\n|-supereffective|p2a: Zacian\n|-damage|p2a: Zacian|0 fnt\n|faint|p2a: Zacian\n|\n|win|Bestmaindragonite\n|l|\u2606Kizaco\n","uploadtime":1699807021,"views":8,"p1id":"bestmaindragonite","p2id":"kizaco","formatid":"gen9ubers","rating":0,"private":0,"password":""}