{"id":"gen9ubers-1982904023","p1":"rustygoomba","p2":"shuckleshellshock","format":"[Gen 9] Ubers","log":"|j|\u2606rustygoomba\n|j|\u2606shuckleshellshock\n|t:|1699056914\n|gametype|singles\n|player|p1|rustygoomba|policeman-gen8|\n|player|p2|shuckleshellshock|nate|\n|teamsize|p1|6\n|teamsize|p2|6\n|gen|9\n|tier|[Gen 9] Ubers\n|rule|Sleep Clause Mod: Limit one foe put to sleep\n|rule|Species Clause: Limit one of each Pok\u00e9mon\n|rule|OHKO Clause: OHKO moves are banned\n|rule|Evasion Items Clause: Evasion items are banned\n|rule|Evasion Moves Clause: Evasion moves are banned\n|rule|Endless Battle Clause: Forcing endless battles is banned\n|rule|HP Percentage Mod: HP is shown in percentages\n|clearpoke\n|poke|p1|Roaring Moon|\n|poke|p1|Tauros-Paldea-Blaze, M|\n|poke|p1|Clodsire, F|\n|poke|p1|Iron Bundle|\n|poke|p1|Frosmoth, F|\n|poke|p1|Mew|\n|poke|p2|Diancie|\n|poke|p2|Volcarona, F|\n|poke|p2|Overqwil, M|\n|poke|p2|Gliscor, F|\n|poke|p2|Goodra-Hisui, F|\n|poke|p2|Garchomp, M|\n|teampreview\n|\n|t:|1699056924\n|start\n|switch|p1a: Mew|Mew|100\/100\n|switch|p2a: Overqwil|Overqwil, M|100\/100\n|-ability|p2a: Overqwil|Intimidate|boost\n|-unboost|p1a: Mew|atk|1\n|turn|1\n|\n|t:|1699056930\n|move|p1a: Mew|Taunt|p2a: Overqwil\n|-start|p2a: Overqwil|move: Taunt\n|cant|p2a: Overqwil|move: Taunt|Toxic Spikes\n|\n|upkeep\n|turn|2\n|\n|t:|1699056935\n|move|p1a: Mew|Spikes|p2a: Overqwil\n|-sidestart|p2: shuckleshellshock|Spikes\n|move|p2a: Overqwil|Barb Barrage|p1a: Mew\n|-damage|p1a: Mew|77\/100\n|-status|p1a: Mew|psn\n|-activate|p1a: Mew|ability: Synchronize\n|-immune|p2a: Overqwil\n|\n|-heal|p1a: Mew|83\/100 psn|[from] item: Leftovers\n|-damage|p1a: Mew|71\/100 psn|[from] psn\n|upkeep\n|turn|3\n|\n|t:|1699056947\n|move|p1a: Mew|Spikes|p2a: Overqwil\n|-sidestart|p2: shuckleshellshock|Spikes\n|move|p2a: Overqwil|Barb Barrage|p1a: Mew\n|-damage|p1a: Mew|28\/100 psn\n|\n|-heal|p1a: Mew|34\/100 psn|[from] item: Leftovers\n|-damage|p1a: Mew|22\/100 psn|[from] psn\n|-end|p2a: Overqwil|move: Taunt\n|upkeep\n|turn|4\n|j| flambojambo\n|\n|t:|1699056959\n|move|p1a: Mew|Taunt|p2a: Overqwil\n|-start|p2a: Overqwil|move: Taunt\n|move|p2a: Overqwil|Barb Barrage|p1a: Mew\n|-damage|p1a: Mew|0 fnt\n|faint|p1a: Mew\n|\n|upkeep\n|\n|t:|1699057000\n|switch|p1a: IIMTHPIWKMS|Iron Bundle|100\/100\n|turn|5\n|\n|t:|1699057012\n|move|p1a: IIMTHPIWKMS|Flip Turn|p2a: Overqwil\n|-damage|p2a: Overqwil|86\/100\n|-damage|p1a: IIMTHPIWKMS|91\/100|[from] item: Life Orb\n|\n|t:|1699057016\n|-end|p1a: IIMTHPIWKMS|Quark Drive|[silent]\n|switch|p1a: Clodsire|Clodsire, F|100\/100|[from] Flip Turn\n|move|p2a: Overqwil|Barb Barrage|p1a: Clodsire\n|-resisted|p1a: Clodsire\n|-damage|p1a: Clodsire|94\/100\n|\n|-heal|p2a: Overqwil|92\/100|[from] item: Black Sludge\n|-heal|p1a: Clodsire|99\/100|[from] item: Black Sludge\n|upkeep\n|turn|6\n|\n|t:|1699057025\n|move|p2a: Overqwil|Barb Barrage|p1a: Clodsire\n|-resisted|p1a: Clodsire\n|-damage|p1a: Clodsire|93\/100\n|move|p1a: Clodsire|Yawn|p2a: Overqwil\n|-start|p2a: Overqwil|move: Yawn|[of] p1a: Clodsire\n|\n|-heal|p2a: Overqwil|98\/100|[from] item: Black Sludge\n|-heal|p1a: Clodsire|99\/100|[from] item: Black Sludge\n|-end|p2a: Overqwil|move: Taunt\n|upkeep\n|turn|7\n|\n|t:|1699057036\n|switch|p1a: Frosmoth|Frosmoth, F|100\/100\n|move|p2a: Overqwil|Toxic Spikes|p1a: Frosmoth\n|-sidestart|p1: rustygoomba|move: Toxic Spikes\n|\n|-heal|p2a: Overqwil|100\/100|[from] item: Black Sludge\n|-end|p2a: Overqwil|move: Yawn|[silent]\n|-status|p2a: Overqwil|slp\n|upkeep\n|turn|8\n|\n|t:|1699057049\n|switch|p2a: Volcarona|Volcarona, F|100\/100\n|move|p1a: Frosmoth|Substitute|p1a: Frosmoth\n|-start|p1a: Frosmoth|Substitute\n|-damage|p1a: Frosmoth|76\/100\n|\n|upkeep\n|turn|9\n|\n|t:|1699057083\n|-terastallize|p1a: Frosmoth|Ice\n|move|p1a: Frosmoth|Quiver Dance|p1a: Frosmoth\n|-boost|p1a: Frosmoth|spa|1\n|-boost|p1a: Frosmoth|spd|1\n|-boost|p1a: Frosmoth|spe|1\n|move|p2a: Volcarona|Flamethrower|p1a: Frosmoth\n|-supereffective|p1a: Frosmoth\n|-end|p1a: Frosmoth|Substitute\n|\n|upkeep\n|turn|10\n|\n|t:|1699057097\n|move|p1a: Frosmoth|Quiver Dance|p1a: Frosmoth\n|-boost|p1a: Frosmoth|spa|1\n|-boost|p1a: Frosmoth|spd|1\n|-boost|p1a: Frosmoth|spe|1\n|move|p2a: Volcarona|Flamethrower|p1a: Frosmoth\n|-supereffective|p1a: Frosmoth\n|-damage|p1a: Frosmoth|49\/100\n|\n|upkeep\n|turn|11\n|\n|t:|1699057106\n|move|p1a: Frosmoth|Quiver Dance|p1a: Frosmoth\n|-boost|p1a: Frosmoth|spa|1\n|-boost|p1a: Frosmoth|spd|1\n|-boost|p1a: Frosmoth|spe|1\n|move|p2a: Volcarona|Flamethrower|p1a: Frosmoth\n|-supereffective|p1a: Frosmoth\n|-damage|p1a: Frosmoth|29\/100\n|-status|p1a: Frosmoth|brn\n|\n|-damage|p1a: Frosmoth|23\/100 brn|[from] brn\n|upkeep\n|turn|12\n|\n|t:|1699057115\n|move|p2a: Volcarona|Protect|p2a: Volcarona\n|-singleturn|p2a: Volcarona|Protect\n|move|p1a: Frosmoth|Ice Beam|p2a: Volcarona\n|-activate|p2a: Volcarona|move: Protect\n|\n|-damage|p1a: Frosmoth|17\/100 brn|[from] brn\n|upkeep\n|turn|13\n|\n|t:|1699057123\n|move|p1a: Frosmoth|Ice Beam|p2a: Volcarona\n|-resisted|p2a: Volcarona\n|-crit|p2a: Volcarona\n|-damage|p2a: Volcarona|0 fnt\n|faint|p2a: Volcarona\n|\n|-damage|p1a: Frosmoth|11\/100 brn|[from] brn\n|upkeep\n|\n|t:|1699057134\n|switch|p2a: Overqwil|Overqwil, M|100\/100 slp\n|-damage|p2a: Overqwil|84\/100 slp|[from] Spikes\n|-ability|p2a: Overqwil|Intimidate|boost\n|-unboost|p1a: Frosmoth|atk|1\n|turn|14\n|\n|t:|1699057139\n|cant|p2a: Overqwil|slp\n|move|p1a: Frosmoth|Ice Beam|p2a: Overqwil\n|-damage|p2a: Overqwil|0 fnt\n|faint|p2a: Overqwil\n|\n|-damage|p1a: Frosmoth|5\/100 brn|[from] brn\n|upkeep\n|\n|t:|1699057148\n|switch|p2a: Gliscor|Gliscor, F|100\/100\n|turn|15\n|\n|t:|1699057152\n|switch|p1a: Clodsire|Clodsire, F|99\/100\n|-sideend|p1: rustygoomba|move: Toxic Spikes|[of] p1a: Clodsire\n|move|p2a: Gliscor|Protect||[still]\n|-fail|p2a: Gliscor\n|\n|-heal|p1a: Clodsire|100\/100|[from] item: Black Sludge\n|-status|p2a: Gliscor|tox|[from] item: Toxic Orb\n|upkeep\n|turn|16\n|\n|t:|1699057157\n|switch|p1a: Tauros|Tauros-Paldea-Blaze, M|100\/100\n|-ability|p1a: Tauros|Intimidate|boost\n|-unboost|p2a: Gliscor|atk|1\n|move|p2a: Gliscor|Knock Off|p1a: Tauros\n|-resisted|p1a: Tauros\n|-damage|p1a: Tauros|96\/100\n|-enditem|p1a: Tauros|Payapa Berry|[from] move: Knock Off|[of] p2a: Gliscor\n|\n|upkeep\n|turn|17\n|\n|t:|1699057177\n|switch|p1a: Frosmoth|Frosmoth, F, tera:Ice|5\/100 brn\n|move|p2a: Gliscor|Earthquake|p1a: Frosmoth\n|-damage|p1a: Frosmoth|0 fnt\n|faint|p1a: Frosmoth\n|\n|upkeep\n|\n|t:|1699057183\n|switch|p1a: Roaring Moon|Roaring Moon|100\/100\n|-enditem|p1a: Roaring Moon|Booster Energy\n|-activate|p1a: Roaring Moon|ability: Protosynthesis|[fromitem]\n|-start|p1a: Roaring Moon|protosynthesisatk\n|turn|18\n|\n|t:|1699057197\n|move|p1a: Roaring Moon|Dragon Dance|p1a: Roaring Moon\n|-boost|p1a: Roaring Moon|atk|1\n|-boost|p1a: Roaring Moon|spe|1\n|move|p2a: Gliscor|Stone Edge|p1a: Roaring Moon\n|-damage|p1a: Roaring Moon|82\/100\n|\n|upkeep\n|turn|19\n|\n|t:|1699057206\n|move|p1a: Roaring Moon|Dragon Dance|p1a: Roaring Moon\n|-boost|p1a: Roaring Moon|atk|1\n|-boost|p1a: Roaring Moon|spe|1\n|move|p2a: Gliscor|Stone Edge|p1a: Roaring Moon\n|-damage|p1a: Roaring Moon|62\/100\n|\n|upkeep\n|turn|20\n|\n|t:|1699057248\n|move|p1a: Roaring Moon|Knock Off|p2a: Gliscor\n|-damage|p2a: Gliscor|0 fnt\n|-enditem|p2a: Gliscor|Toxic Orb|[from] move: Knock Off|[of] p1a: Roaring Moon\n|faint|p2a: Gliscor\n|\n|upkeep\n|\n|t:|1699057251\n|switch|p2a: Diancie|Diancie|100\/100\n|-damage|p2a: Diancie|84\/100|[from] Spikes\n|turn|21\n|\n|t:|1699057263\n|move|p1a: Roaring Moon|Earthquake|p2a: Diancie\n|-supereffective|p2a: Diancie\n|-damage|p2a: Diancie|0 fnt\n|faint|p2a: Diancie\n|\n|upkeep\n|\n|t:|1699057266\n|switch|p2a: Goodra|Goodra-Hisui, F|100\/100\n|-damage|p2a: Goodra|84\/100|[from] Spikes\n|turn|22\n|\n|t:|1699057270\n|move|p1a: Roaring Moon|Earthquake|p2a: Goodra\n|-supereffective|p2a: Goodra\n|-damage|p2a: Goodra|0 fnt\n|faint|p2a: Goodra\n|\n|upkeep\n|\n|t:|1699057272\n|switch|p2a: Garchomp|Garchomp, M|100\/100\n|-damage|p2a: Garchomp|84\/100|[from] Spikes\n|turn|23\n|\n|t:|1699057277\n|move|p1a: Roaring Moon|Knock Off|p2a: Garchomp\n|-damage|p2a: Garchomp|0 fnt\n|-damage|p1a: Roaring Moon|50\/100|[from] ability: Rough Skin|[of] p2a: Garchomp\n|-enditem|p2a: Garchomp|Life Orb|[from] move: Knock Off|[of] p1a: Roaring Moon\n|faint|p2a: Garchomp\n|\n|win|rustygoomba\n","uploadtime":1699057283,"views":14,"p1id":"rustygoomba","p2id":"shuckleshellshock","formatid":"gen9ubers","rating":0,"private":0,"password":""}