{"id":"gen9ubers-1972269765","p1":"1P1o1s1h1e1","p2":"JohnLongGone","format":"[Gen 9] Ubers","log":"|j|\u26061P1o1s1h1e1\n|j|\u203dJohnLongGone\n|t:|1697826687\n|gametype|singles\n|player|p1|1P1o1s1h1e1|169|\n|player|p2|JohnLongGone|caitlin|\n|teamsize|p1|6\n|teamsize|p2|6\n|gen|9\n|tier|[Gen 9] Ubers\n|rule|Sleep Clause Mod: Limit one foe put to sleep\n|rule|Species Clause: Limit one of each Pok\u00e9mon\n|rule|OHKO Clause: OHKO moves are banned\n|rule|Evasion Items Clause: Evasion items are banned\n|rule|Evasion Moves Clause: Evasion moves are banned\n|rule|Endless Battle Clause: Forcing endless battles is banned\n|rule|HP Percentage Mod: HP is shown in percentages\n|clearpoke\n|poke|p1|Masquerain, M|\n|poke|p1|Arceus-Ice|\n|poke|p1|Gholdengo|\n|poke|p1|Palafin, M|\n|poke|p1|Chi-Yu|\n|poke|p1|Zamazenta-*|\n|poke|p2|Hippowdon, M|\n|poke|p2|Garganacl, F|\n|poke|p2|Houndstone, F|\n|poke|p2|Giratina|\n|poke|p2|Magearna|\n|poke|p2|Arceus-Grass|\n|teampreview\n|c|\u26061P1o1s1h1e1|Interesting sand squad\n|c|\u26061P1o1s1h1e1|I have my own sand variant\n|\n|t:|1697826724\n|start\n|switch|p1a: THOUSAND SUNNY|Masquerain, M|100\/100\n|switch|p2a: Garganacl|Garganacl, F|100\/100\n|-ability|p1a: THOUSAND SUNNY|Intimidate|boost\n|-unboost|p2a: Garganacl|atk|1\n|turn|1\n|\n|t:|1697826735\n|switch|p1a: THE DAWG|Zamazenta-Crowned|100\/100\n|-ability|p1a: THE DAWG|Dauntless Shield|boost\n|-boost|p1a: THE DAWG|def|1\n|move|p2a: Garganacl|Salt Cure|p1a: THE DAWG\n|-resisted|p1a: THE DAWG\n|-damage|p1a: THE DAWG|99\/100\n|-start|p1a: THE DAWG|Salt Cure\n|\n|-damage|p1a: THE DAWG|75\/100|[from] Salt Cure\n|upkeep\n|turn|2\n|inactive|Battle timer is ON: inactive players will automatically lose when time's up. (requested by JohnLongGone)\n|\n|t:|1697826762\n|switch|p2a: Giratina|Giratina|100\/100\n|-ability|p2a: Giratina|Pressure\n|move|p1a: THE DAWG|Body Press|p2a: Giratina\n|-immune|p2a: Giratina\n|\n|-damage|p1a: THE DAWG|50\/100|[from] Salt Cure\n|upkeep\n|turn|3\n|\n|t:|1697826778\n|switch|p1a: THE FISH|Chi-Yu|100\/100\n|-ability|p1a: THE FISH|Beads of Ruin\n|move|p2a: Giratina|Will-O-Wisp|p1a: THE FISH\n|-immune|p1a: THE FISH\n|\n|upkeep\n|turn|4\n|\n|t:|1697826803\n|switch|p2a: Magearna|Magearna|100\/100\n|move|p1a: THE FISH|Dark Pulse|p2a: Magearna\n|-resisted|p2a: Magearna\n|-damage|p2a: Magearna|64\/100\n|\n|upkeep\n|turn|5\n|c|\u26061P1o1s1h1e1|Y'know now sure how this sample squad got approved lmao\n|inactive|JohnLongGone has 270 seconds left.\n|c|\u26061P1o1s1h1e1|The chi Yu set is very goofy\n|inactive|1P1o1s1h1e1 has 270 seconds left.\n|\n|t:|1697826839\n|switch|p1a: THOUSAND SUNNY|Masquerain, M|100\/100\n|-ability|p1a: THOUSAND SUNNY|Intimidate|boost\n|-unboost|p2a: Magearna|atk|1\n|-terastallize|p2a: Magearna|Water\n|move|p2a: Magearna|Calm Mind|p2a: Magearna\n|-boost|p2a: Magearna|spa|1\n|-boost|p2a: Magearna|spd|1\n|\n|upkeep\n|turn|6\n|\n|t:|1697826849\n|move|p2a: Magearna|Iron Defense|p2a: Magearna\n|-boost|p2a: Magearna|def|2\n|move|p1a: THOUSAND SUNNY|Whirlwind|p2a: Magearna\n|drag|p2a: Giratina|Giratina|100\/100\n|-ability|p2a: Giratina|Pressure\n|\n|upkeep\n|turn|7\n|\n|t:|1697826860\n|switch|p1a: THE FISH|Chi-Yu|100\/100\n|-ability|p1a: THE FISH|Beads of Ruin\n|move|p2a: Giratina|Defog|p1a: THE FISH\n|-unboost|p1a: THE FISH|evasion|1\n|\n|upkeep\n|turn|8\n|\n|t:|1697826866\n|move|p1a: THE FISH|Dark Pulse|p2a: Giratina\n|-supereffective|p2a: Giratina\n|-damage|p2a: Giratina|12\/100\n|move|p2a: Giratina|Dragon Tail|p1a: THE FISH\n|-damage|p1a: THE FISH|66\/100\n|drag|p1a: THE CHEESESTRING|Gholdengo|100\/100\n|\n|upkeep\n|turn|9\n|\n|t:|1697826873\n|switch|p2a: Hippowdon|Hippowdon, M|100\/100\n|-weather|Sandstorm|[from] ability: Sand Stream|[of] p2a: Hippowdon\n|move|p1a: THE CHEESESTRING|Shadow Ball|p2a: Hippowdon\n|-damage|p2a: Hippowdon|55\/100\n|-unboost|p2a: Hippowdon|spd|1\n|\n|-weather|Sandstorm|[upkeep]\n|upkeep\n|turn|10\n|inactive|JohnLongGone has 270 seconds left.\n|inactive|JohnLongGone has 240 seconds left.\n|\n|t:|1697826938\n|switch|p1a: THE DOLPHIN|Palafin, M|100\/100\n|switch|p2a: Garganacl|Garganacl, F|100\/100\n|\n|-weather|Sandstorm|[upkeep]\n|-damage|p1a: THE DOLPHIN|94\/100|[from] Sandstorm\n|upkeep\n|turn|11\n|\n|t:|1697826944\n|move|p1a: THE DOLPHIN|Flip Turn|p2a: Garganacl\n|-supereffective|p2a: Garganacl\n|-damage|p2a: Garganacl|63\/100\n|\n|t:|1697826954\n|detailschange|p1a: THE DOLPHIN|Palafin-Hero, M\n|switch|p1a: THOUSAND SUNNY|Masquerain, M|100\/100|[from] Flip Turn\n|-ability|p1a: THOUSAND SUNNY|Intimidate|boost\n|-unboost|p2a: Garganacl|atk|1\n|move|p2a: Garganacl|Iron Defense|p2a: Garganacl\n|-boost|p2a: Garganacl|def|2\n|\n|-weather|Sandstorm|[upkeep]\n|-damage|p1a: THOUSAND SUNNY|94\/100|[from] Sandstorm\n|-heal|p2a: Garganacl|69\/100|[from] item: Leftovers\n|upkeep\n|turn|12\n|\n|t:|1697826965\n|move|p2a: Garganacl|Salt Cure|p1a: THOUSAND SUNNY\n|-supereffective|p1a: THOUSAND SUNNY\n|-damage|p1a: THOUSAND SUNNY|31\/100\n|-start|p1a: THOUSAND SUNNY|Salt Cure\n|move|p1a: THOUSAND SUNNY|Whirlwind|p2a: Garganacl\n|drag|p2a: Hippowdon|Hippowdon, M|55\/100\n|\n|-weather|Sandstorm|[upkeep]\n|-damage|p1a: THOUSAND SUNNY|25\/100|[from] Sandstorm\n|-damage|p1a: THOUSAND SUNNY|12\/100|[from] Salt Cure\n|upkeep\n|turn|13\n|\n|t:|1697826974\n|move|p1a: THOUSAND SUNNY|Sticky Web|p2a: Hippowdon\n|-sidestart|p2: JohnLongGone|move: Sticky Web\n|move|p2a: Hippowdon|Stealth Rock|p1a: THOUSAND SUNNY\n|-sidestart|p1: 1P1o1s1h1e1|move: Stealth Rock\n|\n|-weather|Sandstorm|[upkeep]\n|-damage|p1a: THOUSAND SUNNY|6\/100|[from] Sandstorm\n|-damage|p1a: THOUSAND SUNNY|0 fnt|[from] Salt Cure\n|faint|p1a: THOUSAND SUNNY\n|upkeep\n|\n|t:|1697826982\n|switch|p1a: THE DOLPHIN|Palafin-Hero, M|94\/100\n|-damage|p1a: THE DOLPHIN|82\/100|[from] Stealth Rock\n|-activate|p1a: THE DOLPHIN|ability: Zero to Hero\n|turn|14\n|\n|t:|1697826991\n|switch|p2a: Arceus|Arceus-Grass|100\/100\n|-activate|p2a: Arceus|move: Sticky Web\n|-unboost|p2a: Arceus|spe|1\n|move|p1a: THE DOLPHIN|Wave Crash|p2a: Arceus\n|-resisted|p2a: Arceus\n|-damage|p2a: Arceus|59\/100\n|-damage|p1a: THE DOLPHIN|64\/100|[from] Recoil\n|\n|-weather|Sandstorm|[upkeep]\n|-damage|p1a: THE DOLPHIN|58\/100|[from] Sandstorm\n|-damage|p2a: Arceus|53\/100|[from] Sandstorm\n|upkeep\n|turn|15\n|inactive|JohnLongGone has 270 seconds left.\n|\n|t:|1697827002\n|-terastallize|p1a: THE DOLPHIN|Water\n|move|p1a: THE DOLPHIN|Wave Crash|p2a: Arceus\n|-resisted|p2a: Arceus\n|-damage|p2a: Arceus|1\/100\n|-damage|p1a: THE DOLPHIN|36\/100|[from] Recoil\n|move|p2a: Arceus|Recover|p2a: Arceus\n|-heal|p2a: Arceus|51\/100\n|\n|-weather|Sandstorm|[upkeep]\n|-damage|p1a: THE DOLPHIN|30\/100|[from] Sandstorm\n|-damage|p2a: Arceus|45\/100|[from] Sandstorm\n|upkeep\n|turn|16\n|inactive|JohnLongGone has 270 seconds left.\n|\n|t:|1697827012\n|move|p1a: THE DOLPHIN|Wave Crash|p2a: Arceus\n|-resisted|p2a: Arceus\n|-damage|p2a: Arceus|0 fnt\n|faint|p2a: Arceus\n|-damage|p1a: THE DOLPHIN|11\/100|[from] Recoil\n|\n|-weather|none\n|upkeep\n|inactive|JohnLongGone has 270 seconds left.\n|\n|t:|1697827028\n|switch|p2a: Magearna|Magearna, tera:Water|64\/100\n|-activate|p2a: Magearna|move: Sticky Web\n|-unboost|p2a: Magearna|spe|1\n|turn|17\n|\n|t:|1697827033\n|move|p1a: THE DOLPHIN|Wave Crash|p2a: Magearna\n|-resisted|p2a: Magearna\n|-damage|p2a: Magearna|11\/100\n|-damage|p1a: THE DOLPHIN|0 fnt|[from] Recoil\n|faint|p1a: THE DOLPHIN\n|-ability|p2a: Magearna|Soul-Heart|boost\n|-boost|p2a: Magearna|spa|1\n|move|p2a: Magearna|Draining Kiss|p1: THE DOLPHIN|[notarget]\n|-fail|p2a: Magearna\n|\n|upkeep\n|\n|t:|1697827045\n|switch|p1a: Arceus|Arceus-Ice|100\/100\n|-damage|p1a: Arceus|76\/100|[from] Stealth Rock\n|turn|18\n|\n|t:|1697827050\n|move|p1a: Arceus|Thunderbolt|p2a: Magearna\n|-supereffective|p2a: Magearna\n|-damage|p2a: Magearna|0 fnt\n|faint|p2a: Magearna\n|\n|upkeep\n|\n|t:|1697827059\n|switch|p2a: Garganacl|Garganacl, F|69\/100\n|-activate|p2a: Garganacl|move: Sticky Web\n|-unboost|p2a: Garganacl|spe|1\n|turn|19\n|\n|t:|1697827070\n|move|p1a: Arceus|Judgment|p2a: Garganacl\n|-damage|p2a: Garganacl|14\/100\n|move|p2a: Garganacl|Salt Cure|p1a: Arceus\n|-supereffective|p1a: Arceus\n|-damage|p1a: Arceus|54\/100\n|-start|p1a: Arceus|Salt Cure\n|\n|-heal|p2a: Garganacl|20\/100|[from] item: Leftovers\n|-damage|p1a: Arceus|41\/100|[from] Salt Cure\n|upkeep\n|turn|20\n|\n|t:|1697827087\n|move|p1a: Arceus|Judgment|p2a: Garganacl\n|-damage|p2a: Garganacl|0 fnt\n|faint|p2a: Garganacl\n|\n|-damage|p1a: Arceus|29\/100|[from] Salt Cure\n|upkeep\n|\n|t:|1697827095\n|switch|p2a: Hippowdon|Hippowdon, M|55\/100\n|-activate|p2a: Hippowdon|move: Sticky Web\n|-unboost|p2a: Hippowdon|spe|1\n|-weather|Sandstorm|[from] ability: Sand Stream|[of] p2a: Hippowdon\n|turn|21\n|\n|t:|1697827098\n|move|p1a: Arceus|Recover|p1a: Arceus\n|-heal|p1a: Arceus|79\/100\n|move|p2a: Hippowdon|Slack Off|p2a: Hippowdon\n|-heal|p2a: Hippowdon|100\/100\n|\n|-weather|Sandstorm|[upkeep]\n|-damage|p1a: Arceus|73\/100|[from] Sandstorm\n|-damage|p1a: Arceus|61\/100|[from] Salt Cure\n|upkeep\n|turn|22\n|\n|t:|1697827104\n|move|p1a: Arceus|Recover|p1a: Arceus\n|-heal|p1a: Arceus|100\/100\n|move|p2a: Hippowdon|Earthquake|p1a: Arceus\n|-damage|p1a: Arceus|71\/100\n|\n|-weather|Sandstorm|[upkeep]\n|-damage|p1a: Arceus|65\/100|[from] Sandstorm\n|-damage|p1a: Arceus|53\/100|[from] Salt Cure\n|upkeep\n|turn|23\n|\n|t:|1697827106\n|move|p1a: Arceus|Recover|p1a: Arceus\n|-heal|p1a: Arceus|100\/100\n|move|p2a: Hippowdon|Whirlwind|p1a: Arceus\n|drag|p1a: THE DAWG|Zamazenta-Crowned|50\/100\n|-damage|p1a: THE DAWG|47\/100|[from] Stealth Rock\n|\n|-weather|Sandstorm|[upkeep]\n|upkeep\n|turn|24\n|\n|t:|1697827111\n|switch|p2a: Giratina|Giratina|12\/100\n|-ability|p2a: Giratina|Pressure\n|move|p1a: THE DAWG|Body Press|p2a: Giratina\n|-immune|p2a: Giratina\n|\n|-weather|Sandstorm|[upkeep]\n|-damage|p2a: Giratina|6\/100|[from] Sandstorm\n|upkeep\n|turn|25\n|\n|t:|1697827116\n|move|p1a: THE DAWG|Crunch|p2a: Giratina\n|-supereffective|p2a: Giratina\n|-crit|p2a: Giratina\n|-damage|p2a: Giratina|0 fnt\n|faint|p2a: Giratina\n|\n|-weather|Sandstorm|[upkeep]\n|upkeep\n|\n|t:|1697827124\n|switch|p2a: Houndstone|Houndstone, F|100\/100\n|-activate|p2a: Houndstone|move: Sticky Web\n|-unboost|p2a: Houndstone|spe|1\n|turn|26\n|\n|t:|1697827127\n|move|p2a: Houndstone|Last Respects|p1a: THE DAWG\n|-damage|p1a: THE DAWG|0 fnt\n|faint|p1a: THE DAWG\n|\n|-weather|Sandstorm|[upkeep]\n|upkeep\n|\n|t:|1697827130\n|switch|p1a: THE CHEESESTRING|Gholdengo|100\/100\n|-damage|p1a: THE CHEESESTRING|94\/100|[from] Stealth Rock\n|turn|27\n|\n|t:|1697827134\n|move|p1a: THE CHEESESTRING|Shadow Ball|p2a: Houndstone\n|-supereffective|p2a: Houndstone\n|-damage|p2a: Houndstone|0 fnt\n|faint|p2a: Houndstone\n|\n|-weather|Sandstorm|[upkeep]\n|upkeep\n|\n|t:|1697827135\n|switch|p2a: Hippowdon|Hippowdon, M|100\/100\n|-activate|p2a: Hippowdon|move: Sticky Web\n|-unboost|p2a: Hippowdon|spe|1\n|turn|28\n|\n|t:|1697827139\n|move|p1a: THE CHEESESTRING|Shadow Ball|p2a: Hippowdon\n|-damage|p2a: Hippowdon|57\/100\n|move|p2a: Hippowdon|Earthquake|p1a: THE CHEESESTRING\n|-supereffective|p1a: THE CHEESESTRING\n|-damage|p1a: THE CHEESESTRING|11\/100\n|\n|-weather|none\n|upkeep\n|turn|29\n|\n|t:|1697827141\n|move|p1a: THE CHEESESTRING|Shadow Ball|p2a: Hippowdon\n|-damage|p2a: Hippowdon|10\/100\n|move|p2a: Hippowdon|Earthquake|p1a: THE CHEESESTRING\n|-supereffective|p1a: THE CHEESESTRING\n|-damage|p1a: THE CHEESESTRING|0 fnt\n|faint|p1a: THE CHEESESTRING\n|\n|upkeep\n|\n|t:|1697827144\n|switch|p1a: Arceus|Arceus-Ice|100\/100\n|-damage|p1a: Arceus|76\/100|[from] Stealth Rock\n|turn|30\n|c|\u26061P1o1s1h1e1|gg\n|\n|t:|1697827155\n|move|p1a: Arceus|Judgment|p2a: Hippowdon\n|-supereffective|p2a: Hippowdon\n|-damage|p2a: Hippowdon|0 fnt\n|faint|p2a: Hippowdon\n|\n|win|1P1o1s1h1e1\n|l|\u203dJohnLongGone\n","uploadtime":1697827162,"views":21,"p1id":"1p1o1s1h1e1","p2id":"johnlonggone","formatid":"gen9ubers","rating":0,"private":0,"password":""}