{"id":"gen9ubers-1997382738","p1":"david nutter","p2":"Holiss77","format":"[Gen 9] Ubers","log":"|j|\u2606david nutter\n|j|\u2606Holiss77\n|t:|1700796933\n|gametype|singles\n|player|p1|david nutter|red|\n|player|p2|Holiss77|lucas|\n|teamsize|p1|6\n|teamsize|p2|6\n|gen|9\n|tier|[Gen 9] Ubers\n|rule|Sleep Clause Mod: Limit one foe put to sleep\n|rule|Species Clause: Limit one of each Pok\u00e9mon\n|rule|OHKO Clause: OHKO moves are banned\n|rule|Evasion Items Clause: Evasion items are banned\n|rule|Evasion Moves Clause: Evasion moves are banned\n|rule|Endless Battle Clause: Forcing endless battles is banned\n|rule|HP Percentage Mod: HP is shown in percentages\n|clearpoke\n|poke|p1|Ursaluna-Bloodmoon, M|\n|poke|p1|Ninetales-Alola, F|\n|poke|p1|Kommo-o, M|\n|poke|p1|Azelf|\n|poke|p1|Brambleghast, M|\n|poke|p1|Cetitan, M|\n|poke|p2|Electrode-Hisui|\n|poke|p2|Roaring Moon|\n|poke|p2|Ogerpon-Hearthflame, F|\n|poke|p2|Ninetales, F|\n|poke|p2|Shiftry, F|\n|poke|p2|Gyarados, F|\n|teampreview\n|c|\u2606david nutter|gl hf mate\n|c|\u2606Holiss77|Glhf\n|c|\u2606Holiss77|Dmn fire team\n|j| NEdgyman\n|c|\u2606david nutter|yo the link works right nedgy\n|c| NEdgyman|yah\n|c| NEdgyman|When did your name becomes David Nutter\n|c|\u2606david nutter|the executive producer of game of thrones\n|c|\u2606david nutter|just thought his name was funny\n|\n|t:|1700797115\n|start\n|switch|p1a: Azelf|Azelf|100\/100\n|switch|p2a: Roaring Moon|Roaring Moon|100\/100\n|turn|1\n|c| NEdgyman|Bro thinks hes a delicious spread\n|\n|t:|1700797139\n|move|p2a: Roaring Moon|U-turn|p1a: Azelf\n|-supereffective|p1a: Azelf\n|-enditem|p1a: Azelf|Focus Sash\n|-damage|p1a: Azelf|1\/100\n|\n|t:|1700797151\n|-end|p2a: Roaring Moon|Protosynthesis|[silent]\n|switch|p2a: Electrode|Electrode-Hisui|100\/100|[from] U-turn\n|move|p1a: Azelf|U-turn|p2a: Electrode\n|-supereffective|p2a: Electrode\n|-damage|p2a: Electrode|28\/100\n|\n|t:|1700797191\n|switch|p1a: Ninetales|Ninetales-Alola, F, shiny|100\/100|[from] U-turn\n|-weather|Snow|[from] ability: Snow Warning|[of] p1a: Ninetales\n|\n|-weather|Snow|[upkeep]\n|upkeep\n|turn|2\n|\n|t:|1700797231\n|switch|p2a: Ninetales|Ninetales, F|100\/100\n|-weather|SunnyDay|[from] ability: Drought|[of] p2a: Ninetales\n|move|p1a: Ninetales|Snowscape|p1a: Ninetales\n|-weather|Snow\n|\n|-weather|Snow|[upkeep]\n|upkeep\n|turn|3\n|\n|t:|1700797289\n|switch|p2a: Gyarados|Gyarados, F|100\/100\n|move|p1a: Ninetales|Aurora Veil|p1a: Ninetales\n|-sidestart|p1: david nutter|move: Aurora Veil\n|\n|-weather|Snow|[upkeep]\n|upkeep\n|turn|4\n|\n|t:|1700797303\n|switch|p2a: Ninetales|Ninetales, F|100\/100\n|-weather|SunnyDay|[from] ability: Drought|[of] p2a: Ninetales\n|move|p1a: Ninetales|Freeze-Dry|p2a: Ninetales\n|-resisted|p2a: Ninetales\n|-damage|p2a: Ninetales|89\/100\n|\n|-weather|SunnyDay|[upkeep]\n|upkeep\n|turn|5\n|\n|t:|1700797313\n|switch|p1a: Kommo-o|Kommo-o, M|100\/100\n|switch|p2a: Roaring Moon|Roaring Moon|100\/100\n|-activate|p2a: Roaring Moon|ability: Protosynthesis\n|-start|p2a: Roaring Moon|protosynthesisspe\n|\n|-weather|SunnyDay|[upkeep]\n|upkeep\n|turn|6\n|\n|t:|1700797346\n|move|p2a: Roaring Moon|Outrage|p1a: Kommo-o\n|-supereffective|p1a: Kommo-o\n|-damage|p1a: Kommo-o|18\/100\n|move|p1a: Kommo-o|Clanging Scales|p2a: Roaring Moon\n|-supereffective|p2a: Roaring Moon\n|-damage|p2a: Roaring Moon|0 fnt\n|faint|p2a: Roaring Moon\n|-end|p2a: Roaring Moon|Protosynthesis|[silent]\n|-unboost|p1a: Kommo-o|def|1\n|\n|-weather|SunnyDay|[upkeep]\n|upkeep\n|j| BPLD\n|c| BPLD|Happy Thanksgiving nerds\n|c|\u2606david nutter|bp idk why the bot wasnt joining\n|c| BPLD|Do i gotta do everything around here\n|c|\u2606david nutter|yeah man i know ur on holiday\n|c|\u2606david nutter|x1.5 pay\n|\n|t:|1700797446\n|switch|p2a: Electrode|Electrode-Hisui|28\/100\n|turn|7\n|\n|t:|1700797464\n|switch|p1a: Cetitan|Cetitan, M|100\/100\n|-terastallize|p2a: Electrode|Fairy\n|move|p2a: Electrode|Tera Blast|p1a: Cetitan|[anim] Tera Blast Fairy\n|-damage|p1a: Cetitan|84\/100\n|\n|-weather|SunnyDay|[upkeep]\n|upkeep\n|turn|8\n|\n|t:|1700797485\n|switch|p2a: Gyarados|Gyarados, F|100\/100\n|move|p1a: Cetitan|Ice Shard|p2a: Gyarados\n|-damage|p2a: Gyarados|64\/100\n|\n|-weather|SunnyDay|[upkeep]\n|upkeep\n|turn|9\n|\n|t:|1700797495\n|switch|p1a: Ninetales|Ninetales-Alola, F, shiny|100\/100\n|-weather|Snow|[from] ability: Snow Warning|[of] p1a: Ninetales\n|move|p2a: Gyarados|Dragon Dance|p2a: Gyarados\n|-boost|p2a: Gyarados|atk|1\n|-boost|p2a: Gyarados|spe|1\n|\n|-weather|Snow|[upkeep]\n|upkeep\n|turn|10\n|c| BPLD|Do yall have this game privated\n|c|\u2606david nutter|honestly i have no idea\n|c| NEdgyman|I got in just fine\n|c| BPLD|With the link shared right?\n|\n|t:|1700797530\n|move|p2a: Gyarados|Earthquake|p1a: Ninetales\n|-damage|p1a: Ninetales|81\/100\n|move|p1a: Ninetales|Freeze-Dry|p2a: Gyarados\n|-supereffective|p2a: Gyarados\n|-damage|p2a: Gyarados|0 fnt\n|faint|p2a: Gyarados\n|\n|-weather|Snow|[upkeep]\n|-sideend|p1: david nutter|move: Aurora Veil\n|upkeep\n|c| NEdgyman|yeah\n|c| BPLD|I think it may be privated which might through off the bot\n|\n|t:|1700797538\n|switch|p2a: Ogerpon|Ogerpon-Hearthflame, F|100\/100\n|-ability|p2a: Ogerpon|Mold Breaker\n|turn|11\n|c| BPLD|We can just analyze post game\n|\n|t:|1700797566\n|switch|p1a: Azelf|Azelf|1\/100\n|move|p2a: Ogerpon|Trailblaze|p1a: Azelf\n|-damage|p1a: Azelf|0 fnt\n|-boost|p2a: Ogerpon|spe|1\n|faint|p1a: Azelf\n|\n|-weather|Snow|[upkeep]\n|upkeep\n|c| NEdgyman|just list every kill in chat\n|\n|t:|1700797586\n|switch|p1a: Ursaluna|Ursaluna-Bloodmoon, M|100\/100\n|turn|12\n|c| NEdgyman|Kommo killed roaring goat\n|c| NEdgyman|Ninedicks killed gyarados\n|\n|t:|1700797610\n|switch|p2a: Electrode|Electrode-Hisui, tera:Fairy|28\/100\n|move|p1a: Ursaluna|Blood Moon|p2a: Electrode\n|-damage|p2a: Electrode|0 fnt\n|faint|p2a: Electrode\n|\n|-weather|Snow|[upkeep]\n|upkeep\n|c| NEdgyman|Ogerpenis killed Azelf\n|\n|t:|1700797615\n|switch|p2a: Ninetales|Ninetales, F|89\/100\n|-weather|SunnyDay|[from] ability: Drought|[of] p2a: Ninetales\n|turn|13\n|c| NEdgyman|Big bitchin bear killed Elechode\n|c|\u2606david nutter|the bot can get the post recording but ty for the enthusiasm\n|\n|t:|1700797659\n|move|p2a: Ninetales|Flamethrower|p1a: Ursaluna\n|-damage|p1a: Ursaluna|39\/100\n|move|p1a: Ursaluna|Earth Power|p2a: Ninetales\n|-supereffective|p2a: Ninetales\n|-damage|p2a: Ninetales|0 fnt\n|faint|p2a: Ninetales\n|\n|-weather|SunnyDay|[upkeep]\n|upkeep\n|\n|t:|1700797667\n|switch|p2a: Ogerpon|Ogerpon-Hearthflame, F|100\/100\n|-ability|p2a: Ogerpon|Mold Breaker\n|turn|14\n|\n|t:|1700797684\n|move|p1a: Ursaluna|Endure|p1a: Ursaluna\n|-singleturn|p1a: Ursaluna|move: Endure\n|move|p2a: Ogerpon|Ivy Cudgel|p1a: Ursaluna|[anim] Ivy Cudgel Fire\n|-activate|p1a: Ursaluna|move: Endure\n|-damage|p1a: Ursaluna|1\/100\n|\n|-weather|SunnyDay|[upkeep]\n|upkeep\n|turn|15\n|-enditem|p1a: Ursaluna|Custap Berry|[eat]\n|-activate|p1a: Ursaluna|item: Custap Berry|[consumed]\n|\n|t:|1700797696\n|move|p1a: Ursaluna|Blood Moon|p2a: Ogerpon\n|-damage|p2a: Ogerpon|7\/100\n|move|p2a: Ogerpon|Trailblaze|p1a: Ursaluna\n|-supereffective|p1a: Ursaluna\n|-damage|p1a: Ursaluna|0 fnt\n|-boost|p2a: Ogerpon|spe|1\n|faint|p1a: Ursaluna\n|\n|-weather|SunnyDay|[upkeep]\n|upkeep\n|\n|t:|1700797711\n|switch|p1a: Cetitan|Cetitan, M|84\/100\n|turn|16\n|\n|t:|1700797740\n|move|p1a: Cetitan|Ice Shard|p2a: Ogerpon\n|-damage|p2a: Ogerpon|0 fnt\n|faint|p2a: Ogerpon\n|\n|-weather|SunnyDay|[upkeep]\n|upkeep\n|c| NEdgyman|My favorite berry\n|\n|t:|1700797743\n|switch|p2a: Shiftry|Shiftry, F|100\/100\n|turn|17\n|\n|t:|1700797757\n|-terastallize|p1a: Cetitan|Fairy\n|move|p1a: Cetitan|Ice Shard|p2a: Shiftry\n|-supereffective|p2a: Shiftry\n|-enditem|p2a: Shiftry|Focus Sash\n|-damage|p2a: Shiftry|1\/100\n|move|p2a: Shiftry|Weather Ball|p1a: Cetitan\n|-damage|p1a: Cetitan|36\/100\n|\n|-weather|SunnyDay|[upkeep]\n|upkeep\n|turn|18\n|\n|t:|1700797764\n|move|p1a: Cetitan|Ice Shard|p2a: Shiftry\n|-supereffective|p2a: Shiftry\n|-damage|p2a: Shiftry|0 fnt\n|faint|p2a: Shiftry\n|\n|win|david nutter\n|c|\u2606Holiss77|Gg\n|c|\u2606david nutter|gg\n|l|\u2606david nutter\n","uploadtime":1700797795,"views":26,"p1id":"davidnutter","p2id":"holiss77","formatid":"gen9ubers","rating":0,"private":0,"password":""}