{"id":"gen9ubers-1972379370","p1":"efwin2763","p2":"RyanThe27th","format":"[Gen 9] Ubers","log":"|j|\u2606efwin2763\n|j|\u2606RyanThe27th\n|t:|1697836607\n|gametype|singles\n|player|p1|efwin2763|ghetsis-gen5bw|\n|player|p2|RyanThe27th|102|\n|teamsize|p1|6\n|teamsize|p2|6\n|gen|9\n|tier|[Gen 9] Ubers\n|rule|Sleep Clause Mod: Limit one foe put to sleep\n|rule|Species Clause: Limit one of each Pok\u00e9mon\n|rule|OHKO Clause: OHKO moves are banned\n|rule|Evasion Items Clause: Evasion items are banned\n|rule|Evasion Moves Clause: Evasion moves are banned\n|rule|Endless Battle Clause: Forcing endless battles is banned\n|rule|HP Percentage Mod: HP is shown in percentages\n|clearpoke\n|poke|p1|Tyranitar, F|\n|poke|p1|Landorus, M|\n|poke|p1|Ogerpon-Wellspring, F|\n|poke|p1|Zamazenta-*|\n|poke|p1|Ursaluna-Bloodmoon, M|\n|poke|p1|Houndstone, F|\n|poke|p2|Magearna|\n|poke|p2|Landorus, M|\n|poke|p2|Palkia-Origin|\n|poke|p2|Arceus-Fighting|\n|poke|p2|Cyclizar, M|\n|poke|p2|Gliscor, M|\n|teampreview\n|inactive|Battle timer is ON: inactive players will automatically lose when time's up. (requested by efwin2763)\n|\n|t:|1697836617\n|start\n|switch|p1a: Tyranitar|Tyranitar, F|100\/100\n|switch|p2a: Gliscor|Gliscor, M|100\/100\n|-weather|Sandstorm|[from] ability: Sand Stream|[of] p1a: Tyranitar\n|turn|1\n|\n|t:|1697836627\n|move|p2a: Gliscor|Toxic Spikes|p1a: Tyranitar\n|-sidestart|p1: efwin2763|move: Toxic Spikes\n|move|p1a: Tyranitar|Stealth Rock|p2a: Gliscor\n|-sidestart|p2: RyanThe27th|move: Stealth Rock\n|\n|-weather|Sandstorm|[upkeep]\n|-status|p2a: Gliscor|tox|[from] item: Toxic Orb\n|upkeep\n|turn|2\n|\n|t:|1697836639\n|move|p2a: Gliscor|Toxic Spikes|p1a: Tyranitar\n|-sidestart|p1: efwin2763|move: Toxic Spikes\n|move|p1a: Tyranitar|Rock Blast|p2a: Gliscor\n|-damage|p2a: Gliscor|92\/100 tox\n|-damage|p2a: Gliscor|83\/100 tox\n|-damage|p2a: Gliscor|74\/100 tox\n|-damage|p2a: Gliscor|64\/100 tox\n|-damage|p2a: Gliscor|56\/100 tox\n|-hitcount|p2a: Gliscor|5\n|\n|-weather|Sandstorm|[upkeep]\n|-heal|p2a: Gliscor|68\/100 tox|[from] ability: Poison Heal\n|upkeep\n|turn|3\n|\n|t:|1697836644\n|move|p2a: Gliscor|Stealth Rock|p1a: Tyranitar\n|-sidestart|p1: efwin2763|move: Stealth Rock\n|move|p1a: Tyranitar|Rock Blast|p2a: Gliscor\n|-damage|p2a: Gliscor|58\/100 tox\n|-damage|p2a: Gliscor|49\/100 tox\n|-damage|p2a: Gliscor|39\/100 tox\n|-damage|p2a: Gliscor|29\/100 tox\n|-damage|p2a: Gliscor|20\/100 tox\n|-hitcount|p2a: Gliscor|5\n|\n|-weather|Sandstorm|[upkeep]\n|-heal|p2a: Gliscor|32\/100 tox|[from] ability: Poison Heal\n|upkeep\n|turn|4\n|\n|t:|1697836661\n|move|p2a: Gliscor|Earthquake|p1a: Tyranitar\n|-supereffective|p1a: Tyranitar\n|-damage|p1a: Tyranitar|47\/100\n|move|p1a: Tyranitar|Rock Blast|p2a: Gliscor|[miss]\n|-miss|p1a: Tyranitar|p2a: Gliscor\n|\n|-weather|Sandstorm|[upkeep]\n|-heal|p2a: Gliscor|45\/100 tox|[from] ability: Poison Heal\n|upkeep\n|turn|5\n|\n|t:|1697836670\n|move|p2a: Gliscor|Earthquake|p1a: Tyranitar\n|-supereffective|p1a: Tyranitar\n|-damage|p1a: Tyranitar|0 fnt\n|faint|p1a: Tyranitar\n|\n|-weather|Sandstorm|[upkeep]\n|-heal|p2a: Gliscor|57\/100 tox|[from] ability: Poison Heal\n|upkeep\n|\n|t:|1697836690\n|switch|p1a: Landorus|Landorus, M|100\/100\n|-damage|p1a: Landorus|88\/100|[from] Stealth Rock\n|turn|6\n|\n|t:|1697836695\n|move|p1a: Landorus|Nasty Plot|p1a: Landorus\n|-boost|p1a: Landorus|spa|2\n|move|p2a: Gliscor|Facade|p1a: Landorus\n|-damage|p1a: Landorus|50\/100\n|\n|-weather|Sandstorm|[upkeep]\n|-heal|p2a: Gliscor|69\/100 tox|[from] ability: Poison Heal\n|upkeep\n|turn|7\n|\n|t:|1697836702\n|-terastallize|p1a: Landorus|Fairy\n|move|p1a: Landorus|Tera Blast|p2a: Gliscor|[anim] Tera Blast Fairy\n|-damage|p2a: Gliscor|0 fnt\n|faint|p2a: Gliscor\n|-damage|p1a: Landorus|40\/100|[from] item: Life Orb\n|\n|-weather|Sandstorm|[upkeep]\n|-damage|p1a: Landorus|34\/100|[from] Sandstorm\n|upkeep\n|\n|t:|1697836722\n|switch|p2a: Palkia|Palkia-Origin|100\/100\n|-damage|p2a: Palkia|88\/100|[from] Stealth Rock\n|-ability|p2a: Palkia|Pressure\n|turn|8\n|\n|t:|1697836730\n|move|p2a: Palkia|Hydro Pump|p1a: Landorus|[miss]\n|-miss|p2a: Palkia|p1a: Landorus\n|move|p1a: Landorus|Tera Blast|p2a: Palkia|[anim] Tera Blast Fairy\n|-supereffective|p2a: Palkia\n|-damage|p2a: Palkia|0 fnt\n|faint|p2a: Palkia\n|-damage|p1a: Landorus|24\/100|[from] item: Life Orb\n|\n|-weather|none\n|upkeep\n|c|\u2606efwin2763|omg i feel so bad\n|c|\u2606RyanThe27th|it happens\n|\n|t:|1697836746\n|switch|p2a: Arceus|Arceus-Fighting|100\/100\n|-damage|p2a: Arceus|94\/100|[from] Stealth Rock\n|turn|9\n|c|\u2606efwin2763|you are taking that alot better than i wouldve\n|\n|t:|1697836766\n|-terastallize|p2a: Arceus|Normal\n|move|p1a: Landorus|Tera Blast|p2a: Arceus|[anim] Tera Blast Fairy\n|-damage|p2a: Arceus|26\/100\n|-damage|p1a: Landorus|15\/100|[from] item: Life Orb\n|move|p2a: Arceus|Swords Dance|p2a: Arceus\n|-boost|p2a: Arceus|atk|2\n|\n|upkeep\n|turn|10\n|\n|t:|1697836773\n|move|p2a: Arceus|Extreme Speed|p1a: Landorus\n|-damage|p1a: Landorus|0 fnt\n|faint|p1a: Landorus\n|\n|upkeep\n|\n|t:|1697836782\n|switch|p1a: Houndstone|Houndstone, F|100\/100\n|turn|11\n|\n|t:|1697836790\n|move|p2a: Arceus|Recover|p2a: Arceus\n|-heal|p2a: Arceus|76\/100\n|move|p1a: Houndstone|Body Press|p2a: Arceus\n|-supereffective|p2a: Arceus\n|-damage|p2a: Arceus|50\/100\n|\n|upkeep\n|turn|12\n|\n|t:|1697836795\n|move|p2a: Arceus|Recover|p2a: Arceus\n|-heal|p2a: Arceus|100\/100\n|move|p1a: Houndstone|Will-O-Wisp|p2a: Arceus|[miss]\n|-miss|p1a: Houndstone|p2a: Arceus\n|\n|upkeep\n|turn|13\n|c|\u2606RyanThe27th|And now the luck is balanced\n|c|\u2606RyanThe27th|sort of\n|c|\u2606efwin2763|yeah ig\n|\n|t:|1697836825\n|switch|p2a: Cyclizar|Cyclizar, M|100\/100\n|-damage|p2a: Cyclizar|88\/100|[from] Stealth Rock\n|move|p1a: Houndstone|Will-O-Wisp|p2a: Cyclizar\n|-status|p2a: Cyclizar|brn\n|\n|-damage|p2a: Cyclizar|82\/100 brn|[from] brn\n|upkeep\n|turn|14\n|\n|t:|1697836833\n|move|p2a: Cyclizar|Knock Off|p1a: Houndstone\n|-supereffective|p1a: Houndstone\n|-damage|p1a: Houndstone|72\/100\n|-enditem|p1a: Houndstone|Heavy-Duty Boots|[from] move: Knock Off|[of] p2a: Cyclizar\n|move|p1a: Houndstone|Body Press|p2a: Cyclizar\n|-supereffective|p2a: Cyclizar\n|-damage|p2a: Cyclizar|27\/100 brn\n|-enditem|p2a: Cyclizar|Sitrus Berry|[eat]\n|-heal|p2a: Cyclizar|52\/100 brn|[from] item: Sitrus Berry\n|\n|-damage|p2a: Cyclizar|46\/100 brn|[from] brn\n|upkeep\n|turn|15\n|\n|t:|1697836842\n|move|p2a: Cyclizar|U-turn|p1a: Houndstone\n|-resisted|p1a: Houndstone\n|-damage|p1a: Houndstone|68\/100\n|\n|t:|1697836847\n|switch|p2a: Landorus|Landorus, M|100\/100|[from] U-turn\n|-damage|p2a: Landorus|88\/100|[from] Stealth Rock\n|move|p1a: Houndstone|Body Press|p2a: Landorus\n|-resisted|p2a: Landorus\n|-damage|p2a: Landorus|77\/100\n|\n|upkeep\n|turn|16\n|\n|t:|1697836858\n|move|p2a: Landorus|Earth Power|p1a: Houndstone\n|-damage|p1a: Houndstone|0 fnt\n|faint|p1a: Houndstone\n|\n|upkeep\n|\n|t:|1697836867\n|switch|p1a: Ogerpon|Ogerpon-Wellspring, F|100\/100\n|-status|p1a: Ogerpon|tox\n|-damage|p1a: Ogerpon|88\/100 tox|[from] Stealth Rock\n|turn|17\n|\n|t:|1697836879\n|switch|p2a: Cyclizar|Cyclizar, M|79\/100 brn\n|-damage|p2a: Cyclizar|66\/100 brn|[from] Stealth Rock\n|move|p1a: Ogerpon|Ivy Cudgel|p2a: Cyclizar\n|-resisted|p2a: Cyclizar\n|-damage|p2a: Cyclizar|28\/100 brn\n|\n|-damage|p1a: Ogerpon|82\/100 tox|[from] psn\n|-damage|p2a: Cyclizar|21\/100 brn|[from] brn\n|upkeep\n|turn|18\n|\n|t:|1697836886\n|move|p2a: Cyclizar|Knock Off|p1a: Ogerpon\n|-damage|p1a: Ogerpon|72\/100 tox\n|move|p1a: Ogerpon|Swords Dance|p1a: Ogerpon\n|-boost|p1a: Ogerpon|atk|2\n|\n|-damage|p1a: Ogerpon|60\/100 tox|[from] psn\n|-damage|p2a: Cyclizar|15\/100 brn|[from] brn\n|upkeep\n|turn|19\n|\n|t:|1697836892\n|move|p2a: Cyclizar|Rapid Spin|p1a: Ogerpon\n|-damage|p1a: Ogerpon|49\/100 tox\n|-boost|p2a: Cyclizar|spe|1\n|-sideend|p2: RyanThe27th|Stealth Rock|[from] move: Rapid Spin|[of] p2a: Cyclizar\n|move|p1a: Ogerpon|Horn Leech|p2a: Cyclizar\n|-resisted|p2a: Cyclizar\n|-damage|p2a: Cyclizar|0 fnt\n|-heal|p1a: Ogerpon|58\/100 tox|[from] drain|[of] p2a: Cyclizar\n|faint|p2a: Cyclizar\n|\n|-damage|p1a: Ogerpon|40\/100 tox|[from] psn\n|upkeep\n|\n|t:|1697836905\n|switch|p2a: Arceus|Arceus-Fighting, tera:Normal|100\/100\n|turn|20\n|\n|t:|1697836907\n|move|p2a: Arceus|Extreme Speed|p1a: Ogerpon\n|-damage|p1a: Ogerpon|0 fnt\n|faint|p1a: Ogerpon\n|\n|upkeep\n|\n|t:|1697836910\n|switch|p1a: Zamazenta|Zamazenta-Crowned|100\/100\n|-damage|p1a: Zamazenta|97\/100|[from] Stealth Rock\n|-ability|p1a: Zamazenta|Dauntless Shield|boost\n|-boost|p1a: Zamazenta|def|1\n|turn|21\n|\n|t:|1697836922\n|switch|p2a: Magearna|Magearna|100\/100\n|move|p1a: Zamazenta|Iron Defense|p1a: Zamazenta\n|-boost|p1a: Zamazenta|def|2\n|\n|upkeep\n|turn|22\n|\n|t:|1697836930\n|move|p1a: Zamazenta|Body Press|p2a: Magearna\n|-damage|p2a: Magearna|21\/100\n|move|p2a: Magearna|Calm Mind|p2a: Magearna\n|-boost|p2a: Magearna|spa|1\n|-boost|p2a: Magearna|spd|1\n|\n|-heal|p2a: Magearna|27\/100|[from] item: Leftovers\n|upkeep\n|turn|23\n|\n|t:|1697836940\n|move|p1a: Zamazenta|Body Press|p2a: Magearna\n|-damage|p2a: Magearna|0 fnt\n|faint|p2a: Magearna\n|\n|upkeep\n|\n|t:|1697836942\n|switch|p2a: Landorus|Landorus, M|77\/100\n|turn|24\n|\n|t:|1697836949\n|move|p1a: Zamazenta|Substitute|p1a: Zamazenta\n|-start|p1a: Zamazenta|Substitute\n|-damage|p1a: Zamazenta|72\/100\n|move|p2a: Landorus|Earth Power|p1a: Zamazenta\n|-supereffective|p1a: Zamazenta\n|-end|p1a: Zamazenta|Substitute\n|\n|upkeep\n|turn|25\n|\n|t:|1697836955\n|move|p1a: Zamazenta|Substitute|p1a: Zamazenta\n|-start|p1a: Zamazenta|Substitute\n|-damage|p1a: Zamazenta|47\/100\n|move|p2a: Landorus|Earth Power|p1a: Zamazenta\n|-supereffective|p1a: Zamazenta\n|-end|p1a: Zamazenta|Substitute\n|\n|upkeep\n|turn|26\n|\n|t:|1697836959\n|move|p1a: Zamazenta|Body Press|p2a: Landorus\n|-resisted|p2a: Landorus\n|-damage|p2a: Landorus|25\/100\n|move|p2a: Landorus|Earth Power|p1a: Zamazenta\n|-supereffective|p1a: Zamazenta\n|-damage|p1a: Zamazenta|0 fnt\n|faint|p1a: Zamazenta\n|\n|upkeep\n|\n|t:|1697836962\n|switch|p1a: Ursaluna|Ursaluna-Bloodmoon, M|100\/100\n|-status|p1a: Ursaluna|tox\n|-damage|p1a: Ursaluna|95\/100 tox|[from] Stealth Rock\n|turn|27\n|\n|t:|1697836971\n|switch|p2a: Arceus|Arceus-Fighting, tera:Normal|100\/100\n|move|p1a: Ursaluna|Blood Moon|p2a: Arceus\n|-damage|p2a: Arceus|46\/100\n|\n|-heal|p1a: Ursaluna|100\/100 tox|[from] item: Leftovers\n|-damage|p1a: Ursaluna|95\/100 tox|[from] psn\n|upkeep\n|turn|28\n|\n|t:|1697836977\n|move|p2a: Arceus|Judgment|p1a: Ursaluna\n|-supereffective|p1a: Ursaluna\n|-damage|p1a: Ursaluna|0 fnt\n|faint|p1a: Ursaluna\n|\n|win|RyanThe27th\n|c|\u2606efwin2763|gg\n|c|\u2606RyanThe27th|gg\n|l|\u2606efwin2763\n|l|\u2606RyanThe27th\n|j|\u2606efwin2763\n|player|p1|efwin2763|ghetsis-gen5bw\n","uploadtime":1697836999,"views":19,"p1id":"efwin2763","p2id":"ryanthe27th","formatid":"gen9ubers","rating":0,"private":0,"password":""}