{"id":"gen9ubers-1971808784","p1":"pkpowers310","p2":"Sol CPU","format":"[Gen 9] Ubers","log":"|j|\u2606pkpowers310\n|j|\u2606Sol CPU\n|t:|1697774950\n|gametype|singles\n|player|p1|pkpowers310|crasherwake|\n|player|p2|Sol CPU|ethan|\n|teamsize|p1|6\n|teamsize|p2|6\n|gen|9\n|tier|[Gen 9] Ubers\n|rule|Sleep Clause Mod: Limit one foe put to sleep\n|rule|Species Clause: Limit one of each Pok\u00e9mon\n|rule|OHKO Clause: OHKO moves are banned\n|rule|Evasion Items Clause: Evasion items are banned\n|rule|Evasion Moves Clause: Evasion moves are banned\n|rule|Endless Battle Clause: Forcing endless battles is banned\n|rule|HP Percentage Mod: HP is shown in percentages\n|clearpoke\n|poke|p1|Amoonguss, F|\n|poke|p1|Chi-Yu|\n|poke|p1|Glimmora, M|\n|poke|p1|Regieleki|\n|poke|p1|Ting-Lu|\n|poke|p1|Alomomola, F|\n|poke|p2|Great Tusk|\n|poke|p2|Muk-Alola, M|\n|poke|p2|Mismagius, F|\n|poke|p2|Sylveon, F|\n|poke|p2|Volcarona, F|\n|poke|p2|Meloetta|\n|teampreview\n|j| BLACK METAL 3\n|j| Squirshawott\n|j| slugmaaa\n|\n|t:|1697774986\n|start\n|switch|p1a: Glimmora|Glimmora, M|100\/100\n|switch|p2a: The Cooler Muk|Muk-Alola, M|100\/100\n|-item|p1a: Glimmora|Air Balloon\n|turn|1\n|\n|t:|1697774998\n|move|p1a: Glimmora|Toxic|p2a: The Cooler Muk\n|-status|p2a: The Cooler Muk|tox\n|move|p2a: The Cooler Muk|Knock Off|p1a: Glimmora\n|-damage|p1a: Glimmora|53\/100\n|-enditem|p1a: Glimmora|Air Balloon\n|\n|-damage|p2a: The Cooler Muk|94\/100 tox|[from] psn\n|upkeep\n|turn|2\n|\n|t:|1697775007\n|move|p1a: Glimmora|Spiky Shield|p1a: Glimmora\n|-singleturn|p1a: Glimmora|move: Protect\n|move|p2a: The Cooler Muk|Crunch|p1a: Glimmora\n|-activate|p1a: Glimmora|move: Protect\n|-damage|p2a: The Cooler Muk|82\/100 tox|[from] Spiky Shield|[of] p1a: Glimmora\n|\n|-heal|p2a: The Cooler Muk|88\/100 tox|[from] item: Black Sludge\n|-damage|p2a: The Cooler Muk|76\/100 tox|[from] psn\n|upkeep\n|turn|3\n|\n|t:|1697775026\n|switch|p1a: Mrs. Blubby|Alomomola, F|100\/100\n|move|p2a: The Cooler Muk|Crunch|p1a: Mrs. Blubby\n|-damage|p1a: Mrs. Blubby|80\/100\n|-damage|p2a: The Cooler Muk|59\/100 tox|[from] item: Rocky Helmet|[of] p1a: Mrs. Blubby\n|-status|p1a: Mrs. Blubby|psn|[from] ability: Poison Touch|[of] p2a: The Cooler Muk\n|\n|-heal|p2a: The Cooler Muk|65\/100 tox|[from] item: Black Sludge\n|-damage|p2a: The Cooler Muk|47\/100 tox|[from] psn\n|-damage|p1a: Mrs. Blubby|68\/100 psn|[from] psn\n|upkeep\n|turn|4\n|\n|t:|1697775039\n|move|p2a: The Cooler Muk|Knock Off|p1a: Mrs. Blubby\n|-damage|p1a: Mrs. Blubby|44\/100 psn\n|-damage|p2a: The Cooler Muk|31\/100 tox|[from] item: Rocky Helmet|[of] p1a: Mrs. Blubby\n|-enditem|p1a: Mrs. Blubby|Rocky Helmet|[from] move: Knock Off|[of] p2a: The Cooler Muk\n|move|p1a: Mrs. Blubby|Whirlpool|p2a: The Cooler Muk\n|-damage|p2a: The Cooler Muk|26\/100 tox\n|-activate|p2a: The Cooler Muk|move: Whirlpool|[of] p1a: Mrs. Blubby\n|\n|-heal|p2a: The Cooler Muk|32\/100 tox|[from] item: Black Sludge\n|-damage|p2a: The Cooler Muk|8\/100 tox|[from] psn\n|-damage|p1a: Mrs. Blubby|32\/100 psn|[from] psn\n|-damage|p2a: The Cooler Muk|0 fnt|[from] move: Whirlpool|[partiallytrapped]\n|faint|p2a: The Cooler Muk\n|upkeep\n|\n|t:|1697775054\n|switch|p2a: Large Hat Enjoyer|Mismagius, F|100\/100\n|turn|5\n|\n|t:|1697775058\n|switch|p1a: Amoonguss|Amoonguss, F|100\/100\n|move|p2a: Large Hat Enjoyer|Energy Ball|p1a: Amoonguss\n|-resisted|p1a: Amoonguss\n|-damage|p1a: Amoonguss|93\/100\n|\n|-heal|p1a: Amoonguss|99\/100|[from] item: Black Sludge\n|upkeep\n|turn|6\n|\n|t:|1697775068\n|switch|p2a: GET 'EM BOYS|Great Tusk|100\/100\n|-enditem|p2a: GET 'EM BOYS|Booster Energy\n|-activate|p2a: GET 'EM BOYS|ability: Protosynthesis|[fromitem]\n|-start|p2a: GET 'EM BOYS|protosynthesisatk\n|move|p1a: Amoonguss|Spore|p2a: GET 'EM BOYS\n|-status|p2a: GET 'EM BOYS|slp|[from] move: Spore\n|\n|-heal|p1a: Amoonguss|100\/100|[from] item: Black Sludge\n|upkeep\n|turn|7\n|\n|t:|1697775082\n|cant|p2a: GET 'EM BOYS|slp\n|move|p1a: Amoonguss|Giga Drain|p2a: GET 'EM BOYS\n|-supereffective|p2a: GET 'EM BOYS\n|-damage|p2a: GET 'EM BOYS|32\/100 slp\n|\n|upkeep\n|turn|8\n|\n|t:|1697775087\n|-curestatus|p2a: GET 'EM BOYS|slp|[msg]\n|move|p2a: GET 'EM BOYS|Earthquake|p1a: Amoonguss\n|-damage|p1a: Amoonguss|53\/100\n|move|p1a: Amoonguss|Giga Drain|p2a: GET 'EM BOYS\n|-supereffective|p2a: GET 'EM BOYS\n|-damage|p2a: GET 'EM BOYS|0 fnt\n|-heal|p1a: Amoonguss|66\/100|[from] drain|[of] p2a: GET 'EM BOYS\n|faint|p2a: GET 'EM BOYS\n|-end|p2a: GET 'EM BOYS|Protosynthesis|[silent]\n|\n|-heal|p1a: Amoonguss|72\/100|[from] item: Black Sludge\n|upkeep\n|\n|t:|1697775112\n|switch|p2a: M O T H|Volcarona, F|100\/100\n|turn|9\n|\n|t:|1697775121\n|move|p2a: M O T H|Flamethrower|p1a: Amoonguss\n|-supereffective|p1a: Amoonguss\n|-damage|p1a: Amoonguss|0 fnt\n|faint|p1a: Amoonguss\n|\n|upkeep\n|\n|t:|1697775125\n|switch|p1a: Ting-Lu|Ting-Lu|100\/100\n|-ability|p1a: Ting-Lu|Vessel of Ruin\n|turn|10\n|\n|t:|1697775135\n|move|p2a: M O T H|Bug Buzz|p1a: Ting-Lu\n|-supereffective|p1a: Ting-Lu\n|-damage|p1a: Ting-Lu|57\/100\n|move|p1a: Ting-Lu|Rock Slide|p2a: M O T H\n|-supereffective|p2a: M O T H\n|-damage|p2a: M O T H|0 fnt\n|faint|p2a: M O T H\n|\n|-heal|p1a: Ting-Lu|63\/100|[from] item: Leftovers\n|upkeep\n|\n|t:|1697775149\n|switch|p2a: Ribbons Galore|Sylveon, F|100\/100\n|turn|11\n|\n|t:|1697775153\n|move|p2a: Ribbons Galore|Calm Mind|p2a: Ribbons Galore\n|-boost|p2a: Ribbons Galore|spa|1\n|-boost|p2a: Ribbons Galore|spd|1\n|move|p1a: Ting-Lu|Taunt|p2a: Ribbons Galore\n|-start|p2a: Ribbons Galore|move: Taunt\n|\n|-heal|p1a: Ting-Lu|69\/100|[from] item: Leftovers\n|upkeep\n|turn|12\n|\n|t:|1697775166\n|switch|p1a: Glimmora|Glimmora, M|53\/100\n|move|p2a: Ribbons Galore|Hyper Voice|p1a: Glimmora\n|-resisted|p1a: Glimmora\n|-damage|p1a: Glimmora|31\/100\n|\n|upkeep\n|turn|13\n|\n|t:|1697775175\n|move|p1a: Glimmora|Toxic|p2a: Ribbons Galore\n|-status|p2a: Ribbons Galore|tox\n|move|p2a: Ribbons Galore|Hyper Voice|p1a: Glimmora\n|-resisted|p1a: Glimmora\n|-crit|p1a: Glimmora\n|-damage|p1a: Glimmora|0 fnt\n|faint|p1a: Glimmora\n|\n|-damage|p2a: Ribbons Galore|94\/100 tox|[from] psn\n|upkeep\n|\n|t:|1697775200\n|switch|p1a: Ting-Lu|Ting-Lu|69\/100\n|-ability|p1a: Ting-Lu|Vessel of Ruin\n|turn|14\n|\n|t:|1697775206\n|move|p2a: Ribbons Galore|Hyper Voice|p1a: Ting-Lu\n|-supereffective|p1a: Ting-Lu\n|-damage|p1a: Ting-Lu|16\/100\n|move|p1a: Ting-Lu|Spikes|p2a: Ribbons Galore\n|-sidestart|p2: Sol CPU|Spikes\n|\n|-heal|p2a: Ribbons Galore|100\/100 tox|[from] item: Leftovers\n|-heal|p1a: Ting-Lu|23\/100|[from] item: Leftovers\n|-damage|p2a: Ribbons Galore|88\/100 tox|[from] psn\n|-end|p2a: Ribbons Galore|move: Taunt\n|upkeep\n|turn|15\n|\n|t:|1697775224\n|switch|p1a: Regieleki|Regieleki|100\/100\n|move|p2a: Ribbons Galore|Wish|p2a: Ribbons Galore\n|\n|-heal|p2a: Ribbons Galore|94\/100 tox|[from] item: Leftovers\n|-damage|p2a: Ribbons Galore|76\/100 tox|[from] psn\n|upkeep\n|turn|16\n|\n|t:|1697775231\n|move|p1a: Regieleki|Eerie Impulse|p2a: Ribbons Galore\n|-unboost|p2a: Ribbons Galore|spa|2\n|move|p2a: Ribbons Galore|Hyper Voice|p1a: Regieleki\n|-damage|p1a: Regieleki|50\/100\n|\n|-heal|p2a: Ribbons Galore|100\/100 tox|[from] move: Wish|[wisher] Ribbons Galore\n|-damage|p2a: Ribbons Galore|76\/100 tox|[from] psn\n|upkeep\n|turn|17\n|\n|t:|1697775241\n|move|p1a: Regieleki|Eerie Impulse|p2a: Ribbons Galore\n|-unboost|p2a: Ribbons Galore|spa|2\n|move|p2a: Ribbons Galore|Hyper Voice|p1a: Regieleki\n|-damage|p1a: Regieleki|19\/100\n|\n|-heal|p2a: Ribbons Galore|82\/100 tox|[from] item: Leftovers\n|-damage|p2a: Ribbons Galore|52\/100 tox|[from] psn\n|upkeep\n|turn|18\n|\n|t:|1697775251\n|move|p1a: Regieleki|Volt Switch|p2a: Ribbons Galore\n|-damage|p2a: Ribbons Galore|28\/100 tox\n|\n|t:|1697775257\n|switch|p1a: Mrs. Blubby|Alomomola, F|65\/100 psn|[from] Volt Switch\n|move|p2a: Ribbons Galore|Hyper Voice|p1a: Mrs. Blubby\n|-damage|p1a: Mrs. Blubby|45\/100 psn\n|\n|-heal|p2a: Ribbons Galore|34\/100 tox|[from] item: Leftovers\n|-damage|p2a: Ribbons Galore|0 fnt|[from] psn\n|faint|p2a: Ribbons Galore\n|-damage|p1a: Mrs. Blubby|33\/100 psn|[from] psn\n|upkeep\n|\n|t:|1697775268\n|switch|p2a: Sing Queen|Meloetta|100\/100\n|-damage|p2a: Sing Queen|88\/100|[from] Spikes\n|turn|19\n|\n|t:|1697775279\n|move|p2a: Sing Queen|Calm Mind|p2a: Sing Queen\n|-boost|p2a: Sing Queen|spa|1\n|-boost|p2a: Sing Queen|spd|1\n|move|p1a: Mrs. Blubby|Wish|p1a: Mrs. Blubby\n|\n|-damage|p1a: Mrs. Blubby|21\/100 psn|[from] psn\n|upkeep\n|turn|20\n|\n|t:|1697775287\n|move|p2a: Sing Queen|Dazzling Gleam|p1a: Mrs. Blubby\n|-damage|p1a: Mrs. Blubby|0 fnt\n|faint|p1a: Mrs. Blubby\n|\n|upkeep\n|\n|t:|1697775291\n|switch|p1a: Ting-Lu|Ting-Lu|23\/100\n|-ability|p1a: Ting-Lu|Vessel of Ruin\n|turn|21\n|c|\u2606pkpowers310|Oh yeah wish doesnt work if you die\n|c|\u2606pkpowers310|Did I just throw\n|\n|t:|1697775328\n|move|p2a: Sing Queen|Dazzling Gleam|p1a: Ting-Lu\n|-supereffective|p1a: Ting-Lu\n|-damage|p1a: Ting-Lu|0 fnt\n|faint|p1a: Ting-Lu\n|\n|upkeep\n|\n|t:|1697775333\n|switch|p1a: Regieleki|Regieleki|19\/100\n|turn|22\n|\n|t:|1697775349\n|move|p1a: Regieleki|Eerie Impulse|p2a: Sing Queen\n|-unboost|p2a: Sing Queen|spa|2\n|move|p2a: Sing Queen|Dazzling Gleam|p1a: Regieleki\n|-damage|p1a: Regieleki|0 fnt\n|faint|p1a: Regieleki\n|\n|upkeep\n|\n|t:|1697775355\n|switch|p1a: Mr. Blubby|Chi-Yu|100\/100\n|-ability|p1a: Mr. Blubby|Beads of Ruin\n|turn|23\n|\n|t:|1697775362\n|move|p1a: Mr. Blubby|Dark Pulse|p2a: Sing Queen\n|-supereffective|p2a: Sing Queen\n|-damage|p2a: Sing Queen|7\/100\n|move|p2a: Sing Queen|Thunder Wave|p1a: Mr. Blubby\n|-status|p1a: Mr. Blubby|par\n|\n|upkeep\n|turn|24\n|\n|t:|1697775374\n|move|p2a: Sing Queen|Dazzling Gleam|p1a: Mr. Blubby\n|-damage|p1a: Mr. Blubby|78\/100 par\n|cant|p1a: Mr. Blubby|par\n|\n|upkeep\n|turn|25\n|\n|t:|1697775378\n|move|p2a: Sing Queen|Dazzling Gleam|p1a: Mr. Blubby\n|-damage|p1a: Mr. Blubby|54\/100 par\n|move|p1a: Mr. Blubby|Dark Pulse|p2a: Sing Queen\n|-supereffective|p2a: Sing Queen\n|-damage|p2a: Sing Queen|0 fnt\n|faint|p2a: Sing Queen\n|\n|upkeep\n|\n|t:|1697775385\n|switch|p2a: Large Hat Enjoyer|Mismagius, F|100\/100\n|turn|26\n|\n|t:|1697775391\n|move|p2a: Large Hat Enjoyer|Dazzling Gleam|p1a: Mr. Blubby\n|-damage|p1a: Mr. Blubby|27\/100 par\n|cant|p1a: Mr. Blubby|par\n|\n|upkeep\n|turn|27\n|c|\u2606pkpowers310|gg\n|\n|t:|1697775398\n|move|p2a: Large Hat Enjoyer|Dazzling Gleam|p1a: Mr. Blubby\n|-damage|p1a: Mr. Blubby|0 fnt\n|faint|p1a: Mr. Blubby\n|\n|win|Sol CPU\n|c|\u2606Sol CPU|gg\n","uploadtime":1697775407,"views":10,"p1id":"pkpowers310","p2id":"solcpu","formatid":"gen9ubers","rating":0,"private":0,"password":""}