{"id":"gen9ubers-1978480713","p1":"XpokVEVO","p2":"CrackLordGBLN","format":"[Gen 9] Ubers","log":"|j|\u2606XpokVEVO\n|j|\u2606CrackLordGBLN\n|t:|1698544476\n|gametype|singles\n|player|p1|XpokVEVO|rika|\n|player|p2|CrackLordGBLN|ghetsis|\n|teamsize|p1|6\n|teamsize|p2|6\n|gen|9\n|tier|[Gen 9] Ubers\n|rule|Sleep Clause Mod: Limit one foe put to sleep\n|rule|Species Clause: Limit one of each Pok\u00e9mon\n|rule|OHKO Clause: OHKO moves are banned\n|rule|Evasion Items Clause: Evasion items are banned\n|rule|Evasion Moves Clause: Evasion moves are banned\n|rule|Endless Battle Clause: Forcing endless battles is banned\n|rule|HP Percentage Mod: HP is shown in percentages\n|clearpoke\n|poke|p1|Ursaluna, F|\n|poke|p1|Magearna|\n|poke|p1|Dialga|\n|poke|p1|Glastrier|\n|poke|p1|Hoopa-Unbound|\n|poke|p1|Hatterene, F|\n|poke|p2|Gliscor, M|\n|poke|p2|Dragapult, M|\n|poke|p2|Cyclizar, M|\n|poke|p2|Masquerain, F|\n|poke|p2|Chi-Yu|\n|poke|p2|Tinkaton, F|\n|teampreview\n|j| nimjaishot\n|c| nimjaishot|is it alright if i watch or nah\n|inactive|Battle timer is ON: inactive players will automatically lose when time's up. (requested by CrackLordGBLN)\n|\n|t:|1698544552\n|start\n|switch|p1a: Aunt Fanny|Magearna|100\/100\n|switch|p2a: Cyclizar|Cyclizar, M|100\/100\n|turn|1\n|\n|t:|1698544559\n|move|p2a: Cyclizar|Taunt|p1a: Aunt Fanny\n|-start|p1a: Aunt Fanny|move: Taunt\n|cant|p1a: Aunt Fanny|move: Taunt|Trick Room\n|\n|upkeep\n|turn|2\n|inactive|XpokVEVO has 270 seconds left.\n|inactive|XpokVEVO has 240 seconds left.\n|inactive|XpokVEVO has 210 seconds left.\n|\n|t:|1698544653\n|move|p2a: Cyclizar|Shed Tail|p2a: Cyclizar\n|-start|p2a: Cyclizar|Substitute|[from] move: Shed Tail\n|-damage|p2a: Cyclizar|50\/100\n|\n|t:|1698544669\n|switch|p2a: Chi-Yu|Chi-Yu|100\/100|[from] Shed Tail\n|-ability|p2a: Chi-Yu|Beads of Ruin\n|move|p1a: Aunt Fanny|Fleur Cannon|p2a: Chi-Yu\n|-end|p2a: Chi-Yu|Substitute\n|-unboost|p1a: Aunt Fanny|spa|2\n|\n|upkeep\n|turn|3\n|inactive|XpokVEVO has 210 seconds left.\n|inactive|XpokVEVO has 180 seconds left.\n|\n|t:|1698544726\n|-terastallize|p1a: Aunt Fanny|Water\n|move|p2a: Chi-Yu|Nasty Plot|p2a: Chi-Yu\n|-boost|p2a: Chi-Yu|spa|2\n|move|p1a: Aunt Fanny|Volt Switch|p2a: Chi-Yu\n|-damage|p2a: Chi-Yu|84\/100\n|\n|t:|1698544730\n|switch|p1a: ItWILLuseTrickRoom|Hatterene, F, shiny|100\/100|[from] Volt Switch\n|\n|upkeep\n|turn|4\n|\n|t:|1698544739\n|move|p2a: Chi-Yu|Flamethrower|p1a: ItWILLuseTrickRoom\n|-enditem|p1a: ItWILLuseTrickRoom|Focus Sash\n|-damage|p1a: ItWILLuseTrickRoom|1\/100\n|move|p1a: ItWILLuseTrickRoom|Trick Room|p1a: ItWILLuseTrickRoom\n|-fieldstart|move: Trick Room|[of] p1a: ItWILLuseTrickRoom\n|\n|upkeep\n|turn|5\n|\n|t:|1698544751\n|move|p1a: ItWILLuseTrickRoom|Misty Explosion|p2a: Chi-Yu\n|-damage|p2a: Chi-Yu|20\/100\n|faint|p1a: ItWILLuseTrickRoom\n|move|p2a: Chi-Yu|Dark Pulse|p1: ItWILLuseTrickRoom|[notarget]\n|-fail|p2a: Chi-Yu\n|\n|upkeep\n|\n|t:|1698544760\n|switch|p1a: PUBL|Glastrier|100\/100\n|turn|6\n|\n|t:|1698544772\n|switch|p2a: Tinkaton|Tinkaton, F|100\/100\n|-ability|p2a: Tinkaton|Mold Breaker\n|move|p1a: PUBL|High Horsepower|p2a: Tinkaton\n|-supereffective|p2a: Tinkaton\n|-damage|p2a: Tinkaton|0 fnt\n|faint|p2a: Tinkaton\n|-ability|p1a: PUBL|Chilling Neigh|boost\n|-boost|p1a: PUBL|atk|1\n|-damage|p1a: PUBL|91\/100|[from] item: Life Orb\n|\n|upkeep\n|\n|t:|1698544795\n|switch|p2a: Masquerain|Masquerain, F|100\/100\n|-ability|p2a: Masquerain|Intimidate|boost\n|-unboost|p1a: PUBL|atk|1\n|turn|7\n|\n|t:|1698544820\n|switch|p1a: Aunt Fanny|Magearna, tera:Water|100\/100\n|move|p2a: Masquerain|Air Slash|p1a: Aunt Fanny\n|-damage|p1a: Aunt Fanny|80\/100\n|\n|-heal|p1a: Aunt Fanny|86\/100|[from] item: Leftovers\n|upkeep\n|turn|8\n|inactive|CrackLordGBLN has 270 seconds left.\n|\n|t:|1698544845\n|move|p1a: Aunt Fanny|Volt Switch|p2a: Masquerain\n|-supereffective|p2a: Masquerain\n|-damage|p2a: Masquerain|41\/100\n|\n|t:|1698544847\n|switch|p1a: Gootbye|Dialga, shiny|100\/100|[from] Volt Switch\n|-ability|p1a: Gootbye|Pressure\n|move|p2a: Masquerain|Stun Spore|p1a: Gootbye\n|-status|p1a: Gootbye|par\n|\n|-fieldend|move: Trick Room\n|upkeep\n|turn|9\n|\n|t:|1698544860\n|move|p2a: Masquerain|Air Slash|p1a: Gootbye\n|-resisted|p1a: Gootbye\n|-damage|p1a: Gootbye|89\/100 par\n|move|p1a: Gootbye|Trick Room|p1a: Gootbye\n|-fieldstart|move: Trick Room|[of] p1a: Gootbye\n|\n|upkeep\n|turn|10\n|\n|t:|1698544868\n|cant|p1a: Gootbye|par\n|move|p2a: Masquerain|Air Slash|p1a: Gootbye\n|-resisted|p1a: Gootbye\n|-damage|p1a: Gootbye|77\/100 par\n|\n|upkeep\n|turn|11\n|c|\u2606XpokVEVO|LET ME OUT\n|\n|t:|1698544881\n|move|p1a: Gootbye|Draco Meteor|p2a: Masquerain\n|-damage|p2a: Masquerain|0 fnt\n|-unboost|p1a: Gootbye|spa|2\n|-enditem|p1a: Gootbye|Eject Pack\n|faint|p2a: Masquerain\n|\n|t:|1698544896\n|switch|p1a: PUBL|Glastrier|91\/100\n|\n|upkeep\n|\n|t:|1698544911\n|switch|p2a: Gliscor|Gliscor, M|100\/100\n|turn|12\n|\n|t:|1698544922\n|-terastallize|p2a: Gliscor|Normal\n|move|p1a: PUBL|Icicle Crash|p2a: Gliscor\n|-damage|p2a: Gliscor|32\/100\n|-damage|p1a: PUBL|81\/100|[from] item: Life Orb\n|move|p2a: Gliscor|Swords Dance|p2a: Gliscor\n|-boost|p2a: Gliscor|atk|2\n|\n|-status|p2a: Gliscor|tox|[from] item: Toxic Orb\n|upkeep\n|turn|13\n|inactive|CrackLordGBLN has 270 seconds left.\n|\n|t:|1698544962\n|switch|p2a: Chi-Yu|Chi-Yu|20\/100\n|-ability|p2a: Chi-Yu|Beads of Ruin\n|move|p1a: PUBL|Icicle Crash|p2a: Chi-Yu\n|-resisted|p2a: Chi-Yu\n|-damage|p2a: Chi-Yu|0 fnt\n|faint|p2a: Chi-Yu\n|-ability|p1a: PUBL|Chilling Neigh|boost\n|-boost|p1a: PUBL|atk|1\n|-damage|p1a: PUBL|71\/100|[from] item: Life Orb\n|\n|-fieldend|move: Trick Room\n|upkeep\n|inactive|CrackLordGBLN has 240 seconds left.\n|\n|t:|1698544985\n|switch|p2a: Cyclizar|Cyclizar, M|84\/100\n|turn|14\n|inactive|XpokVEVO has 210 seconds left.\n|\n|t:|1698545025\n|move|p2a: Cyclizar|Shed Tail|p2a: Cyclizar\n|-start|p2a: Cyclizar|Substitute|[from] move: Shed Tail\n|-damage|p2a: Cyclizar|33\/100\n|\n|t:|1698545030\n|switch|p2a: Gliscor|Gliscor, M, tera:Normal|32\/100 tox|[from] Shed Tail\n|move|p1a: PUBL|Icicle Crash|p2a: Gliscor\n|-end|p2a: Gliscor|Substitute\n|-damage|p1a: PUBL|61\/100|[from] item: Life Orb\n|\n|-heal|p2a: Gliscor|44\/100 tox|[from] ability: Poison Heal\n|upkeep\n|turn|15\n|inactive|CrackLordGBLN has 240 seconds left.\n|\n|t:|1698545053\n|move|p2a: Gliscor|Facade|p1a: PUBL\n|-damage|p1a: PUBL|22\/100\n|move|p1a: PUBL|Icicle Crash|p2a: Gliscor\n|-damage|p2a: Gliscor|0 fnt\n|faint|p2a: Gliscor\n|-ability|p1a: PUBL|Chilling Neigh|boost\n|-boost|p1a: PUBL|atk|1\n|-damage|p1a: PUBL|12\/100|[from] item: Life Orb\n|\n|upkeep\n|inactive|CrackLordGBLN has 240 seconds left.\n|\n|t:|1698545067\n|switch|p2a: Cyclizar|Cyclizar, M|67\/100\n|turn|16\n|inactive|CrackLordGBLN has 240 seconds left.\n|inactive|XpokVEVO has 210 seconds left.\n|\n|t:|1698545097\n|move|p2a: Cyclizar|Shed Tail|p2a: Cyclizar\n|-start|p2a: Cyclizar|Substitute|[from] move: Shed Tail\n|-damage|p2a: Cyclizar|17\/100\n|\n|t:|1698545100\n|switch|p2a: Dragapult|Dragapult, M|100\/100|[from] Shed Tail\n|move|p1a: PUBL|Icicle Crash|p2a: Dragapult\n|-supereffective|p2a: Dragapult\n|-end|p2a: Dragapult|Substitute\n|-damage|p1a: PUBL|2\/100|[from] item: Life Orb\n|\n|upkeep\n|turn|17\n|inactive|CrackLordGBLN has 240 seconds left.\n|\n|t:|1698545116\n|move|p2a: Dragapult|Dragon Darts|p1a: PUBL\n|-damage|p1a: PUBL|0 fnt\n|faint|p1a: PUBL\n|-damage|p2a: Dragapult|91\/100|[from] item: Life Orb\n|\n|upkeep\n|inactive|XpokVEVO has 210 seconds left.\n|\n|t:|1698545133\n|switch|p1a: Gootbye|Dialga, shiny|77\/100 par\n|-ability|p1a: Gootbye|Pressure\n|turn|18\n|inactive|CrackLordGBLN has 240 seconds left.\n|\n|t:|1698545168\n|switch|p2a: Cyclizar|Cyclizar, M|50\/100\n|cant|p1a: Gootbye|par\n|\n|upkeep\n|turn|19\n|inactive|XpokVEVO has 210 seconds left.\n|\n|t:|1698545186\n|move|p2a: Cyclizar|Taunt|p1a: Gootbye\n|-start|p1a: Gootbye|move: Taunt\n|cant|p1a: Gootbye|move: Taunt|Trick Room\n|\n|upkeep\n|turn|20\n|\n|t:|1698545192\n|switch|p2a: Dragapult|Dragapult, M|91\/100\n|cant|p1a: Gootbye|par\n|\n|upkeep\n|turn|21\n|\n|t:|1698545198\n|switch|p2a: Cyclizar|Cyclizar, M|83\/100\n|move|p1a: Gootbye|Draco Meteor|p2a: Cyclizar\n|-supereffective|p2a: Cyclizar\n|-damage|p2a: Cyclizar|0 fnt\n|-unboost|p1a: Gootbye|spa|2\n|faint|p2a: Cyclizar\n|\n|-end|p1a: Gootbye|move: Taunt\n|upkeep\n|\n|t:|1698545209\n|switch|p2a: Dragapult|Dragapult, M|91\/100\n|turn|22\n|c|\u2606XpokVEVO|Bro take the loss\n|\n|t:|1698545224\n|move|p2a: Dragapult|Dragon Dance|p2a: Dragapult\n|-boost|p2a: Dragapult|atk|1\n|-boost|p2a: Dragapult|spe|1\n|move|p1a: Gootbye|Trick Room|p1a: Gootbye\n|-fieldstart|move: Trick Room|[of] p1a: Gootbye\n|\n|upkeep\n|turn|23\n|\n|t:|1698545232\n|move|p1a: Gootbye|Draco Meteor|p2a: Dragapult\n|-supereffective|p2a: Dragapult\n|-damage|p2a: Dragapult|0 fnt\n|-unboost|p1a: Gootbye|spa|2\n|faint|p2a: Dragapult\n|\n|win|XpokVEVO\n","uploadtime":1698545237,"views":9,"p1id":"xpokvevo","p2id":"cracklordgbln","formatid":"gen9ubers","rating":0,"private":0,"password":""}