{"id":"gen9ubers-1991261118","p1":"Aviated_Froakie","p2":"Yellowfan555","format":"[Gen 9] Ubers","log":"|j|\u2606Aviated_Froakie\n|j|\u2606Yellowfan555\n|t:|1700062223\n|gametype|singles\n|player|p1|Aviated_Froakie|n|1020\n|player|p2|Yellowfan555|101|1031\n|teamsize|p1|6\n|teamsize|p2|6\n|gen|9\n|tier|[Gen 9] Ubers\n|rated|\n|rule|Sleep Clause Mod: Limit one foe put to sleep\n|rule|Species Clause: Limit one of each Pok\u00e9mon\n|rule|OHKO Clause: OHKO moves are banned\n|rule|Evasion Items Clause: Evasion items are banned\n|rule|Evasion Moves Clause: Evasion moves are banned\n|rule|Endless Battle Clause: Forcing endless battles is banned\n|rule|HP Percentage Mod: HP is shown in percentages\n|clearpoke\n|poke|p1|Samurott-Hisui, F|\n|poke|p1|Cinderace, F|\n|poke|p1|Ogerpon, F|\n|poke|p1|Arcanine-Hisui, M|\n|poke|p1|Quaquaval, M|\n|poke|p1|Gliscor, F|\n|poke|p2|Urshifu-*, M|\n|poke|p2|Ursaluna-Bloodmoon, M|\n|poke|p2|Gliscor, F|\n|poke|p2|Mewtwo|\n|poke|p2|Ogerpon-Hearthflame, F|\n|poke|p2|Calyrex-Ice|\n|teampreview\n|\n|t:|1700062234\n|start\n|switch|p1a: \ud83c\udf82|Quaquaval, M|100\/100\n|switch|p2a: Gliscor|Gliscor, F, shiny|100\/100\n|turn|1\n|\n|t:|1700062247\n|-terastallize|p1a: \ud83c\udf82|Dark\n|move|p1a: \ud83c\udf82|Knock Off|p2a: Gliscor\n|-damage|p2a: Gliscor|50\/100\n|-enditem|p2a: Gliscor|Toxic Orb|[from] move: Knock Off|[of] p1a: \ud83c\udf82\n|move|p2a: Gliscor|Substitute|p2a: Gliscor\n|-start|p2a: Gliscor|Substitute\n|-damage|p2a: Gliscor|25\/100\n|\n|upkeep\n|turn|2\n|\n|t:|1700062256\n|move|p1a: \ud83c\udf82|Aqua Step|p2a: Gliscor\n|-supereffective|p2a: Gliscor\n|-end|p2a: Gliscor|Substitute\n|-boost|p1a: \ud83c\udf82|spe|1\n|move|p2a: Gliscor|Toxic|p1a: \ud83c\udf82\n|-status|p1a: \ud83c\udf82|tox\n|\n|-damage|p1a: \ud83c\udf82|94\/100 tox|[from] psn\n|upkeep\n|turn|3\n|\n|t:|1700062269\n|move|p2a: Gliscor|Protect|p2a: Gliscor\n|-singleturn|p2a: Gliscor|Protect\n|move|p1a: \ud83c\udf82|Aqua Step|p2a: Gliscor\n|-activate|p2a: Gliscor|move: Protect\n|\n|-damage|p1a: \ud83c\udf82|82\/100 tox|[from] psn\n|upkeep\n|turn|4\n|\n|t:|1700062277\n|move|p1a: \ud83c\udf82|Ice Spinner|p2a: Gliscor\n|-supereffective|p2a: Gliscor\n|-damage|p2a: Gliscor|0 fnt\n|faint|p2a: Gliscor\n|-ability|p1a: \ud83c\udf82|Moxie|boost\n|-boost|p1a: \ud83c\udf82|atk|1\n|\n|-damage|p1a: \ud83c\udf82|64\/100 tox|[from] psn\n|upkeep\n|\n|t:|1700062293\n|switch|p2a: Ogerpon|Ogerpon-Hearthflame, F|100\/100\n|-ability|p2a: Ogerpon|Mold Breaker\n|turn|5\n|\n|t:|1700062302\n|move|p1a: \ud83c\udf82|Aqua Step|p2a: Ogerpon\n|-damage|p2a: Ogerpon|28\/100\n|-boost|p1a: \ud83c\udf82|spe|1\n|move|p2a: Ogerpon|Play Rough|p1a: \ud83c\udf82|[miss]\n|-miss|p2a: Ogerpon|p1a: \ud83c\udf82\n|\n|-damage|p1a: \ud83c\udf82|39\/100 tox|[from] psn\n|upkeep\n|turn|6\n|\n|t:|1700062313\n|move|p1a: \ud83c\udf82|Aqua Step|p2a: Ogerpon\n|-damage|p2a: Ogerpon|0 fnt\n|-boost|p1a: \ud83c\udf82|spe|1\n|faint|p2a: Ogerpon\n|-ability|p1a: \ud83c\udf82|Moxie|boost\n|-boost|p1a: \ud83c\udf82|atk|1\n|\n|-damage|p1a: \ud83c\udf82|9\/100 tox|[from] psn\n|upkeep\n|\n|t:|1700062321\n|switch|p2a: Urshifu|Urshifu, M|100\/100\n|turn|7\n|\n|t:|1700062328\n|move|p1a: \ud83c\udf82|Close Combat|p2a: Urshifu\n|-supereffective|p2a: Urshifu\n|-damage|p2a: Urshifu|0 fnt\n|-unboost|p1a: \ud83c\udf82|def|1\n|-unboost|p1a: \ud83c\udf82|spd|1\n|faint|p2a: Urshifu\n|-ability|p1a: \ud83c\udf82|Moxie|boost\n|-boost|p1a: \ud83c\udf82|atk|1\n|\n|-damage|p1a: \ud83c\udf82|0 fnt|[from] psn\n|faint|p1a: \ud83c\udf82\n|upkeep\n|inactive|Battle timer is ON: inactive players will automatically lose when time's up. (requested by Yellowfan555)\n|\n|t:|1700062348\n|switch|p1a: Goober|Ogerpon, F|100\/100\n|switch|p2a: Ursaluna|Ursaluna-Bloodmoon, M|100\/100\n|turn|8\n|j| wan aiman\n|\n|t:|1700062354\n|move|p1a: Goober|Swords Dance|p1a: Goober\n|-boost|p1a: Goober|atk|2\n|move|p2a: Ursaluna|Fire Punch|p1a: Goober\n|-supereffective|p1a: Goober\n|-damage|p1a: Goober|68\/100\n|\n|upkeep\n|turn|9\n|\n|t:|1700062361\n|move|p1a: Goober|Ivy Cudgel|p2a: Ursaluna\n|-supereffective|p2a: Ursaluna\n|-damage|p2a: Ursaluna|0 fnt\n|faint|p2a: Ursaluna\n|\n|upkeep\n|\n|t:|1700062369\n|switch|p2a: Calyrex|Calyrex-Ice|100\/100\n|-ability|p2a: Calyrex|As One\n|-ability|p2a: Calyrex|Unnerve\n|turn|10\n|\n|t:|1700062375\n|move|p1a: Goober|Knock Off|p2a: Calyrex\n|-supereffective|p2a: Calyrex\n|-damage|p2a: Calyrex|7\/100\n|-enditem|p2a: Calyrex|Assault Vest|[from] move: Knock Off|[of] p1a: Goober\n|move|p2a: Calyrex|Glacial Lance|p1a: Goober\n|-supereffective|p1a: Goober\n|-damage|p1a: Goober|0 fnt\n|faint|p1a: Goober\n|-ability|p2a: Calyrex|Chilling Neigh|boost\n|-boost|p2a: Calyrex|atk|1\n|\n|upkeep\n|\n|t:|1700062393\n|switch|p1a: Nimbus|Arcanine-Hisui, M, shiny|100\/100\n|-item|p1a: Nimbus|Air Balloon\n|turn|11\n|l| wan aiman\n|\n|t:|1700062397\n|move|p1a: Nimbus|Extreme Speed|p2a: Calyrex\n|-damage|p2a: Calyrex|0 fnt\n|faint|p2a: Calyrex\n|\n|upkeep\n|\n|t:|1700062407\n|switch|p2a: Mewtwo|Mewtwo|100\/100\n|-ability|p2a: Mewtwo|Pressure\n|turn|12\n|\n|t:|1700062415\n|move|p2a: Mewtwo|Aura Sphere|p1a: Nimbus\n|-supereffective|p1a: Nimbus\n|-damage|p1a: Nimbus|0 fnt\n|-enditem|p1a: Nimbus|Air Balloon\n|faint|p1a: Nimbus\n|-damage|p2a: Mewtwo|91\/100|[from] item: Life Orb\n|\n|upkeep\n|\n|t:|1700062423\n|switch|p1a: Rai|Samurott-Hisui, F|100\/100\n|turn|13\n|\n|t:|1700062428\n|move|p2a: Mewtwo|Aura Sphere|p1a: Rai\n|-supereffective|p1a: Rai\n|-enditem|p1a: Rai|Focus Sash\n|-damage|p1a: Rai|1\/100\n|-damage|p2a: Mewtwo|81\/100|[from] item: Life Orb\n|move|p1a: Rai|Ceaseless Edge|p2a: Mewtwo\n|-supereffective|p2a: Mewtwo\n|-damage|p2a: Mewtwo|0 fnt\n|-sidestart|p2: Yellowfan555|Spikes\n|faint|p2a: Mewtwo\n|\n|win|Aviated_Froakie\n|raw|Aviated_Froakie's rating: 1020 &rarr; <strong>1058<\/strong><br \/>(+38 for winning)\n|raw|Yellowfan555's rating: 1031 &rarr; <strong>1016<\/strong><br \/>(-15 for losing)\n|l|\u2606Yellowfan555\n","uploadtime":1700062441,"views":7,"p1id":"aviatedfroakie","p2id":"yellowfan555","formatid":"gen9ubers","rating":1016,"private":0,"password":""}