{"id":"gen9ubers-1997779989","p1":"fobbersoup","p2":"Zoroastre92","format":"[Gen 9] Ubers","log":"|j|\u2606fobbersoup\n|j|\u2606Zoroastre92\n|t:|1700851846\n|gametype|singles\n|player|p1|fobbersoup|101|1150\n|player|p2|Zoroastre92|101|1260\n|teamsize|p1|6\n|teamsize|p2|6\n|gen|9\n|tier|[Gen 9] Ubers\n|rated|\n|rule|Sleep Clause Mod: Limit one foe put to sleep\n|rule|Species Clause: Limit one of each Pok\u00e9mon\n|rule|OHKO Clause: OHKO moves are banned\n|rule|Evasion Items Clause: Evasion items are banned\n|rule|Evasion Moves Clause: Evasion moves are banned\n|rule|Endless Battle Clause: Forcing endless battles is banned\n|rule|HP Percentage Mod: HP is shown in percentages\n|clearpoke\n|poke|p1|Calyrex-Ice|\n|poke|p1|Ursaluna-Bloodmoon, M|\n|poke|p1|Hatterene, F|\n|poke|p1|Magearna|\n|poke|p1|Kyogre|\n|poke|p1|Cresselia, F|\n|poke|p2|Arceus-Ground|\n|poke|p2|Annihilape, M|\n|poke|p2|Zacian-*|\n|poke|p2|Miraidon|\n|poke|p2|Koraidon|\n|poke|p2|Rayquaza|\n|teampreview\n|inactive|Battle timer is ON: inactive players will automatically lose when time's up. (requested by Zoroastre92)\n|inactive|fobbersoup has 120 seconds left.\n|\n|t:|1700851897\n|start\n|switch|p1a: Hatterene|Hatterene, F|100\/100\n|switch|p2a: Annihilape|Annihilape, M|100\/100\n|turn|1\n|\n|t:|1700851919\n|move|p2a: Annihilape|Final Gambit|p1a: Hatterene\n|-enditem|p1a: Hatterene|Focus Sash\n|-damage|p1a: Hatterene|1\/100\n|faint|p2a: Annihilape\n|move|p1a: Hatterene|Trick Room|p1a: Hatterene\n|-fieldstart|move: Trick Room|[of] p1a: Hatterene\n|\n|upkeep\n|\n|t:|1700851930\n|switch|p2a: Arceus|Arceus-Ground|100\/100\n|turn|2\n|\n|t:|1700851942\n|move|p1a: Hatterene|Misty Explosion|p2a: Arceus\n|-damage|p2a: Arceus|59\/100\n|faint|p1a: Hatterene\n|move|p2a: Arceus|Substitute|p2a: Arceus\n|-start|p2a: Arceus|Substitute\n|-damage|p2a: Arceus|34\/100\n|\n|upkeep\n|\n|t:|1700851970\n|switch|p1a: Ursaluna|Ursaluna-Bloodmoon, M|100\/100\n|turn|3\n|inactive|Zoroastre92 has 120 seconds left.\n|\n|t:|1700851993\n|move|p1a: Ursaluna|Hyper Voice|p2a: Arceus\n|-damage|p2a: Arceus|0 fnt\n|faint|p2a: Arceus\n|-damage|p1a: Ursaluna|90\/100|[from] item: Life Orb\n|\n|upkeep\n|inactive|Zoroastre92 has 120 seconds left.\n|\n|t:|1700852008\n|switch|p2a: Zacian|Zacian-Crowned|100\/100\n|-ability|p2a: Zacian|Intrepid Sword|boost\n|-boost|p2a: Zacian|atk|1\n|turn|4\n|inactive|Zoroastre92 has 90 seconds left.\n|\n|t:|1700852042\n|-terastallize|p2a: Zacian|Fairy\n|move|p1a: Ursaluna|Earth Power|p2a: Zacian\n|-damage|p2a: Zacian|38\/100\n|-unboost|p2a: Zacian|spd|1\n|-damage|p1a: Ursaluna|80\/100|[from] item: Life Orb\n|move|p2a: Zacian|Swords Dance|p2a: Zacian\n|-boost|p2a: Zacian|atk|2\n|\n|upkeep\n|turn|5\n|inactive|Zoroastre92 has 90 seconds left.\n|\n|t:|1700852062\n|switch|p2a: Rayquaza|Rayquaza|100\/100\n|-ability|p2a: Rayquaza|Air Lock\n|move|p1a: Ursaluna|Blood Moon|p2a: Rayquaza\n|-enditem|p2a: Rayquaza|Focus Sash\n|-damage|p2a: Rayquaza|1\/100\n|-damage|p1a: Ursaluna|70\/100|[from] item: Life Orb\n|\n|-fieldend|move: Trick Room\n|upkeep\n|turn|6\n|inactive|Zoroastre92 has 90 seconds left.\n|\n|t:|1700852085\n|move|p2a: Rayquaza|Dragon Ascent|p1a: Ursaluna\n|-damage|p1a: Ursaluna|20\/100\n|-unboost|p2a: Rayquaza|def|1\n|-unboost|p2a: Rayquaza|spd|1\n|move|p1a: Ursaluna|Hyper Voice|p2a: Rayquaza\n|-damage|p2a: Rayquaza|0 fnt\n|faint|p2a: Rayquaza\n|-damage|p1a: Ursaluna|10\/100|[from] item: Life Orb\n|\n|upkeep\n|\n|t:|1700852096\n|switch|p2a: Zacian|Zacian-Crowned, tera:Fairy|38\/100\n|turn|7\n|\n|t:|1700852102\n|move|p2a: Zacian|Trailblaze|p1a: Ursaluna\n|-supereffective|p1a: Ursaluna\n|-damage|p1a: Ursaluna|0 fnt\n|-boost|p2a: Zacian|spe|1\n|faint|p1a: Ursaluna\n|\n|upkeep\n|\n|t:|1700852106\n|switch|p1a: Cresselia|Cresselia, F|100\/100\n|turn|8\n|\n|t:|1700852120\n|move|p2a: Zacian|Swords Dance|p2a: Zacian\n|-boost|p2a: Zacian|atk|2\n|move|p1a: Cresselia|Trick Room|p1a: Cresselia\n|-fieldstart|move: Trick Room|[of] p1a: Cresselia\n|\n|upkeep\n|turn|9\n|\n|t:|1700852127\n|move|p1a: Cresselia|Lunar Dance|p1a: Cresselia\n|faint|p1a: Cresselia\n|move|p2a: Zacian|Behemoth Blade|p1: Cresselia|[notarget]\n|-fail|p2a: Zacian\n|\n|upkeep\n|\n|t:|1700852147\n|switch|p1a: Calyrex|Calyrex-Ice|100\/100\n|-ability|p1a: Calyrex|As One\n|-ability|p1a: Calyrex|Unnerve\n|turn|10\n|inactive|Zoroastre92 has 90 seconds left.\n|j| MewchiisCanon\n|c| MewchiisCanon|You win\n|c|\u2606Zoroastre92|no way\n|c| MewchiisCanon|Use Glacial Lance\n|c| MewchiisCanon|and do not stop\n|inactive|Zoroastre92 has 60 seconds left.\n|\n|t:|1700852193\n|-terastallize|p1a: Calyrex|Ice\n|move|p1a: Calyrex|Glacial Lance|p2a: Zacian\n|-damage|p2a: Zacian|0 fnt\n|faint|p2a: Zacian\n|-ability|p1a: Calyrex|Chilling Neigh|boost\n|-boost|p1a: Calyrex|atk|1\n|\n|upkeep\n|\n|t:|1700852205\n|switch|p2a: Koraidon|Koraidon|100\/100\n|-weather|SunnyDay|[from] ability: Orichalcum Pulse|[of] p2a: Koraidon\n|-activate|p2a: Koraidon|Orichalcum Pulse|[source]\n|turn|11\n|c| MewchiisCanon|gg\n|\n|t:|1700852218\n|move|p1a: Calyrex|Glacial Lance|p2a: Koraidon\n|-supereffective|p2a: Koraidon\n|-damage|p2a: Koraidon|0 fnt\n|faint|p2a: Koraidon\n|-ability|p1a: Calyrex|Chilling Neigh|boost\n|-boost|p1a: Calyrex|atk|1\n|\n|-weather|SunnyDay|[upkeep]\n|upkeep\n|c|\u2606Zoroastre92|gg\n|\n|t:|1700852225\n|switch|p2a: Miraidon|Miraidon|100\/100\n|-fieldstart|move: Electric Terrain|[from] ability: Hadron Engine|[of] p2a: Miraidon\n|turn|12\n|\n|t:|1700852232\n|move|p1a: Calyrex|Glacial Lance|p2a: Miraidon\n|-supereffective|p2a: Miraidon\n|-damage|p2a: Miraidon|0 fnt\n|faint|p2a: Miraidon\n|\n|win|fobbersoup\n|raw|fobbersoup's rating: 1150 &rarr; <strong>1183<\/strong><br \/>(+33 for winning)\n|raw|Zoroastre92's rating: 1260 &rarr; <strong>1227<\/strong><br \/>(-33 for losing)\n|l|\u2606fobbersoup\n|l|\u2606Zoroastre92\n","uploadtime":1700852263,"views":4,"p1id":"fobbersoup","p2id":"zoroastre92","formatid":"gen9ubers","rating":1183,"private":0,"password":""}