{"id":"gen9ubers-1978806250","p1":"Acetraineraegis","p2":"Bka Onon","format":"[Gen 9] Ubers","log":"|j|\u2606Acetraineraegis\n|j|\u2606Bka Onon\n|t:|1698597476\n|gametype|singles\n|player|p1|Acetraineraegis|skierf-gen4dp|\n|player|p2|Bka Onon|amelia-shuffle|\n|teamsize|p1|6\n|teamsize|p2|6\n|gen|9\n|tier|[Gen 9] Ubers\n|rule|Sleep Clause Mod: Limit one foe put to sleep\n|rule|Species Clause: Limit one of each Pok\u00e9mon\n|rule|OHKO Clause: OHKO moves are banned\n|rule|Evasion Items Clause: Evasion items are banned\n|rule|Evasion Moves Clause: Evasion moves are banned\n|rule|Endless Battle Clause: Forcing endless battles is banned\n|rule|HP Percentage Mod: HP is shown in percentages\n|clearpoke\n|poke|p1|Giratina|\n|poke|p1|Magearna|\n|poke|p1|Landorus, M|\n|poke|p1|Arceus-Poison|\n|poke|p1|Garganacl, M|\n|poke|p1|Shaymin-Sky|\n|poke|p2|Espathra, F|\n|poke|p2|Arceus-Dragon|\n|poke|p2|Palkia-Origin|\n|poke|p2|Gliscor, M|\n|poke|p2|Cyclizar, M|\n|poke|p2|Grimmsnarl, M|\n|teampreview\n|c|\u2606Bka Onon|hf\n|\n|t:|1698597492\n|start\n|switch|p1a: #1|Magearna|100\/100\n|switch|p2a: Palkia|Palkia-Origin, shiny|100\/100\n|-ability|p2a: Palkia|Pressure\n|turn|1\n|\n|t:|1698597504\n|move|p2a: Palkia|Substitute|p2a: Palkia\n|-start|p2a: Palkia|Substitute\n|-damage|p2a: Palkia|76\/100\n|move|p1a: #1|Fleur Cannon|p2a: Palkia\n|-supereffective|p2a: Palkia\n|-end|p2a: Palkia|Substitute\n|-unboost|p1a: #1|spa|2\n|\n|upkeep\n|turn|2\n|\n|t:|1698597513\n|move|p2a: Palkia|Thunder Wave|p1a: #1\n|-status|p1a: #1|par\n|move|p1a: #1|Volt Switch|p2a: Palkia\n|-damage|p2a: Palkia|66\/100\n|\n|t:|1698597529\n|switch|p1a: 60% chance|Shaymin-Sky|100\/100|[from] Volt Switch\n|\n|upkeep\n|turn|3\n|\n|t:|1698597543\n|switch|p2a: Grimmsnarl|Grimmsnarl, M|100\/100\n|move|p1a: 60% chance|Seed Flare|p2a: Grimmsnarl\n|-damage|p2a: Grimmsnarl|51\/100\n|-unboost|p2a: Grimmsnarl|spd|2\n|\n|upkeep\n|turn|4\n|\n|t:|1698597549\n|move|p2a: Grimmsnarl|Light Screen|p2a: Grimmsnarl\n|-sidestart|p2: Bka Onon|move: Light Screen\n|move|p1a: 60% chance|Seed Flare|p2a: Grimmsnarl\n|-damage|p2a: Grimmsnarl|0 fnt\n|faint|p2a: Grimmsnarl\n|\n|upkeep\n|\n|t:|1698597565\n|switch|p2a: Arceus|Arceus-Dragon|100\/100\n|turn|5\n|\n|t:|1698597569\n|switch|p1a: Big Stalll?|Giratina|100\/100\n|-ability|p1a: Big Stalll?|Pressure\n|move|p2a: Arceus|Bulk Up|p2a: Arceus\n|-boost|p2a: Arceus|atk|1\n|-boost|p2a: Arceus|def|1\n|\n|upkeep\n|turn|6\n|\n|t:|1698597575\n|-terastallize|p1a: Big Stalll?|Ghost\n|move|p2a: Arceus|Dragon Claw|p1a: Big Stalll?\n|-damage|p1a: Big Stalll?|67\/100\n|move|p1a: Big Stalll?|Roar|p2a: Arceus\n|drag|p2a: Espathra|Espathra, F|100\/100\n|\n|upkeep\n|turn|7\n|\n|t:|1698597582\n|move|p2a: Espathra|Calm Mind|p2a: Espathra\n|-boost|p2a: Espathra|spa|1\n|-boost|p2a: Espathra|spd|1\n|move|p1a: Big Stalll?|Defog|p2a: Espathra\n|-unboost|p2a: Espathra|evasion|1\n|-sideend|p2: Bka Onon|move: Light Screen\n|\n|-ability|p2a: Espathra|Speed Boost|boost\n|-boost|p2a: Espathra|spe|1\n|upkeep\n|turn|8\n|\n|t:|1698597585\n|move|p2a: Espathra|Stored Power|p1a: Big Stalll?\n|-damage|p1a: Big Stalll?|47\/100\n|move|p1a: Big Stalll?|Roar|p2a: Espathra\n|drag|p2a: Palkia|Palkia-Origin, shiny|66\/100\n|-ability|p2a: Palkia|Pressure\n|\n|upkeep\n|turn|9\n|\n|t:|1698597592\n|move|p2a: Palkia|Thunder Wave|p1a: Big Stalll?\n|-status|p1a: Big Stalll?|par\n|cant|p1a: Big Stalll?|par\n|\n|upkeep\n|turn|10\n|\n|t:|1698597597\n|move|p2a: Palkia|Hydro Pump|p1a: Big Stalll?\n|-damage|p1a: Big Stalll?|7\/100 par\n|cant|p1a: Big Stalll?|par\n|\n|upkeep\n|turn|11\n|\n|t:|1698597602\n|move|p2a: Palkia|Spacial Rend|p1a: Big Stalll?\n|-damage|p1a: Big Stalll?|0 fnt\n|faint|p1a: Big Stalll?\n|\n|upkeep\n|\n|t:|1698597606\n|switch|p1a: 60% chance|Shaymin-Sky|100\/100\n|turn|12\n|\n|t:|1698597611\n|move|p1a: 60% chance|Air Slash|p2a: Palkia\n|-damage|p2a: Palkia|29\/100\n|move|p2a: Palkia|Thunder Wave|p1a: 60% chance\n|-status|p1a: 60% chance|par\n|\n|upkeep\n|turn|13\n|\n|t:|1698597626\n|move|p2a: Palkia|Spacial Rend|p1a: 60% chance\n|-damage|p1a: 60% chance|10\/100 par\n|move|p1a: 60% chance|Air Slash|p2a: Palkia\n|-damage|p2a: Palkia|0 fnt\n|faint|p2a: Palkia\n|\n|upkeep\n|\n|t:|1698597634\n|switch|p2a: Espathra|Espathra, F|100\/100\n|turn|14\n|\n|t:|1698597645\n|switch|p1a: Stallbreaker|Landorus, M|100\/100\n|move|p2a: Espathra|Calm Mind|p2a: Espathra\n|-boost|p2a: Espathra|spa|1\n|-boost|p2a: Espathra|spd|1\n|\n|-ability|p2a: Espathra|Speed Boost|boost\n|-boost|p2a: Espathra|spe|1\n|upkeep\n|turn|15\n|\n|t:|1698597652\n|move|p2a: Espathra|Calm Mind|p2a: Espathra\n|-boost|p2a: Espathra|spa|1\n|-boost|p2a: Espathra|spd|1\n|move|p1a: Stallbreaker|Earth Power|p2a: Espathra\n|-damage|p2a: Espathra|52\/100\n|\n|-ability|p2a: Espathra|Speed Boost|boost\n|-boost|p2a: Espathra|spe|1\n|upkeep\n|turn|16\n|\n|t:|1698597660\n|move|p2a: Espathra|Calm Mind|p2a: Espathra\n|-boost|p2a: Espathra|spa|1\n|-boost|p2a: Espathra|spd|1\n|move|p1a: Stallbreaker|Earth Power|p2a: Espathra\n|-damage|p2a: Espathra|12\/100\n|\n|-ability|p2a: Espathra|Speed Boost|boost\n|-boost|p2a: Espathra|spe|1\n|upkeep\n|turn|17\n|\n|t:|1698597676\n|move|p2a: Espathra|Stored Power|p1a: Stallbreaker\n|-damage|p1a: Stallbreaker|0 fnt\n|faint|p1a: Stallbreaker\n|\n|-ability|p2a: Espathra|Speed Boost|boost\n|-boost|p2a: Espathra|spe|1\n|upkeep\n|\n|t:|1698597680\n|switch|p1a: #1|Magearna|100\/100 par\n|turn|18\n|\n|t:|1698597683\n|move|p2a: Espathra|Roost|p2a: Espathra\n|-heal|p2a: Espathra|62\/100\n|-singleturn|p2a: Espathra|move: Roost\n|cant|p1a: #1|par\n|\n|-ability|p2a: Espathra|Speed Boost|boost\n|-boost|p2a: Espathra|spe|1\n|upkeep\n|turn|19\n|\n|t:|1698597687\n|move|p2a: Espathra|Roost|p2a: Espathra\n|-heal|p2a: Espathra|100\/100\n|-singleturn|p2a: Espathra|move: Roost\n|move|p1a: #1|Fleur Cannon|p2a: Espathra\n|-crit|p2a: Espathra\n|-damage|p2a: Espathra|0 fnt\n|-unboost|p1a: #1|spa|2\n|faint|p2a: Espathra\n|-ability|p1a: #1|Soul-Heart|boost\n|-boost|p1a: #1|spa|1\n|\n|upkeep\n|\n|t:|1698597697\n|switch|p2a: Arceus|Arceus-Dragon|100\/100\n|turn|20\n|\n|t:|1698597703\n|-terastallize|p2a: Arceus|Poison\n|move|p2a: Arceus|Bulk Up|p2a: Arceus\n|-boost|p2a: Arceus|atk|1\n|-boost|p2a: Arceus|def|1\n|move|p1a: #1|Fleur Cannon|p2a: Arceus\n|-resisted|p2a: Arceus\n|-damage|p2a: Arceus|87\/100\n|-unboost|p1a: #1|spa|2\n|\n|upkeep\n|turn|21\n|\n|t:|1698597708\n|switch|p1a: Arceus|Arceus-Poison|100\/100\n|move|p2a: Arceus|Bulk Up|p2a: Arceus\n|-boost|p2a: Arceus|atk|1\n|-boost|p2a: Arceus|def|1\n|\n|upkeep\n|turn|22\n|\n|t:|1698597711\n|move|p2a: Arceus|Earthquake|p1a: Arceus\n|-supereffective|p1a: Arceus\n|-damage|p1a: Arceus|19\/100\n|move|p1a: Arceus|Earthquake|p2a: Arceus\n|-supereffective|p2a: Arceus\n|-damage|p2a: Arceus|63\/100\n|\n|upkeep\n|turn|23\n|\n|t:|1698597717\n|move|p2a: Arceus|Dragon Claw|p1a: Arceus\n|-damage|p1a: Arceus|0 fnt\n|faint|p1a: Arceus\n|\n|upkeep\n|\n|t:|1698597725\n|switch|p1a: -_(\/_\/)_-|Garganacl, M|100\/100\n|turn|24\n|\n|t:|1698597728\n|move|p2a: Arceus|Earthquake|p1a: -_(\/_\/)_-\n|-supereffective|p1a: -_(\/_\/)_-\n|-crit|p1a: -_(\/_\/)_-\n|-damage|p1a: -_(\/_\/)_-|0 fnt\n|faint|p1a: -_(\/_\/)_-\n|\n|upkeep\n|\n|t:|1698597732\n|switch|p1a: 60% chance|Shaymin-Sky|10\/100 par\n|turn|25\n|\n|t:|1698597734\n|move|p2a: Arceus|Dragon Claw|p1a: 60% chance\n|-damage|p1a: 60% chance|0 fnt\n|faint|p1a: 60% chance\n|\n|upkeep\n|\n|t:|1698597736\n|switch|p1a: #1|Magearna|100\/100 par\n|turn|26\n|\n|t:|1698597739\n|move|p2a: Arceus|Recover|p2a: Arceus\n|-heal|p2a: Arceus|100\/100\n|move|p1a: #1|Flash Cannon|p2a: Arceus\n|-damage|p2a: Arceus|75\/100\n|\n|upkeep\n|turn|27\n|\n|t:|1698597743\n|move|p2a: Arceus|Earthquake|p1a: #1\n|-supereffective|p1a: #1\n|-damage|p1a: #1|18\/100 par\n|move|p1a: #1|Flash Cannon|p2a: Arceus\n|-damage|p2a: Arceus|51\/100\n|-unboost|p2a: Arceus|spd|1\n|\n|-heal|p1a: #1|24\/100 par|[from] item: Leftovers\n|upkeep\n|turn|28\n|\n|t:|1698597749\n|move|p1a: #1|Protect|p1a: #1\n|-singleturn|p1a: #1|Protect\n|move|p2a: Arceus|Earthquake|p1a: #1\n|-activate|p1a: #1|move: Protect\n|\n|-heal|p1a: #1|30\/100 par|[from] item: Leftovers\n|upkeep\n|turn|29\n|\n|t:|1698597752\n|move|p2a: Arceus|Earthquake|p1a: #1\n|-supereffective|p1a: #1\n|-damage|p1a: #1|0 fnt\n|faint|p1a: #1\n|\n|win|Bka Onon\n|c|\u2606Bka Onon|gg\n|c|\u2606Acetraineraegis|Gg\n|l|\u2606Acetraineraegis\n|l|\u2606Bka Onon\n|j|\u2606Bka Onon\n|player|p2|Bka Onon|amelia-shuffle\n","uploadtime":1698597824,"views":26,"p1id":"acetraineraegis","p2id":"bkaonon","formatid":"gen9ubers","rating":0,"private":0,"password":""}