{"id":"gen9ubers-1999799065","p1":"Junky Dummy","p2":"Da noob 6000","format":"[Gen 9] Ubers","log":"|j|\u2606Junky Dummy\n|j|\u203dDa noob 6000\n|t:|1701117744\n|gametype|singles\n|player|p1|Junky Dummy|266|1278\n|player|p2|Da noob 6000|riley|1233\n|teamsize|p1|6\n|teamsize|p2|6\n|gen|9\n|tier|[Gen 9] Ubers\n|rated|\n|rule|Sleep Clause Mod: Limit one foe put to sleep\n|rule|Species Clause: Limit one of each Pok\u00e9mon\n|rule|OHKO Clause: OHKO moves are banned\n|rule|Evasion Items Clause: Evasion items are banned\n|rule|Evasion Moves Clause: Evasion moves are banned\n|rule|Endless Battle Clause: Forcing endless battles is banned\n|rule|HP Percentage Mod: HP is shown in percentages\n|clearpoke\n|poke|p1|Gliscor, M|\n|poke|p1|Skeledirge, F|\n|poke|p1|Giratina-Origin|\n|poke|p1|Kyogre|\n|poke|p1|Zacian-*|\n|poke|p1|Miraidon|\n|poke|p2|Corviknight, M|\n|poke|p2|Skeledirge, M|\n|poke|p2|Zacian-*|\n|poke|p2|Miraidon|\n|poke|p2|Ting-Lu|\n|poke|p2|Koraidon|\n|teampreview\n|inactive|Battle timer is ON: inactive players will automatically lose when time's up. (requested by Da noob 6000)\n|\n|t:|1701117762\n|start\n|switch|p1a: Gliscor|Gliscor, M, shiny|100\/100\n|switch|p2a: Miraidon|Miraidon|100\/100\n|-fieldstart|move: Electric Terrain|[from] ability: Hadron Engine|[of] p2a: Miraidon\n|turn|1\n|\n|t:|1701117770\n|move|p1a: Gliscor|Protect|p1a: Gliscor\n|-singleturn|p1a: Gliscor|Protect\n|move|p2a: Miraidon|Draco Meteor|p1a: Gliscor\n|-activate|p1a: Gliscor|move: Protect\n|\n|-status|p1a: Gliscor|tox|[from] item: Toxic Orb\n|upkeep\n|turn|2\n|\n|t:|1701117795\n|switch|p2a: Corviknight|Corviknight, M, shiny|100\/100\n|move|p1a: Gliscor|Earthquake|p2a: Corviknight\n|-immune|p2a: Corviknight\n|\n|upkeep\n|turn|3\n|\n|t:|1701117809\n|move|p1a: Gliscor|Taunt|p2a: Corviknight\n|-start|p2a: Corviknight|move: Taunt\n|-enditem|p2a: Corviknight|Mental Herb\n|-end|p2a: Corviknight|move: Taunt\n|move|p2a: Corviknight|Iron Head|p1a: Gliscor\n|-damage|p1a: Gliscor|82\/100 tox\n|\n|-heal|p1a: Gliscor|94\/100 tox|[from] ability: Poison Heal\n|upkeep\n|turn|4\n|\n|t:|1701117816\n|move|p1a: Gliscor|Taunt|p2a: Corviknight\n|-start|p2a: Corviknight|move: Taunt\n|move|p2a: Corviknight|Iron Head|p1a: Gliscor\n|-damage|p1a: Gliscor|75\/100 tox\n|\n|-heal|p1a: Gliscor|88\/100 tox|[from] ability: Poison Heal\n|upkeep\n|turn|5\n|inactive|Da noob 6000 has 120 seconds left.\n|\n|t:|1701117851\n|switch|p1a: Miraidon|Miraidon|100\/100\n|-activate|p1a: Miraidon|ability: Hadron Engine\n|move|p2a: Corviknight|Iron Head|p1a: Miraidon\n|-resisted|p1a: Miraidon\n|-damage|p1a: Miraidon|88\/100\n|\n|-fieldend|move: Electric Terrain\n|upkeep\n|turn|6\n|\n|t:|1701117859\n|switch|p2a: Ting-Lu|Ting-Lu|100\/100\n|-ability|p2a: Ting-Lu|Vessel of Ruin\n|move|p1a: Miraidon|U-turn|p2a: Ting-Lu\n|-supereffective|p2a: Ting-Lu\n|-damage|p2a: Ting-Lu|89\/100\n|\n|t:|1701117873\n|switch|p1a: Gliscor|Gliscor, M, shiny|88\/100 tox|[from] U-turn\n|\n|-heal|p2a: Ting-Lu|95\/100|[from] item: Leftovers\n|-heal|p1a: Gliscor|100\/100 tox|[from] ability: Poison Heal\n|upkeep\n|turn|7\n|\n|t:|1701117891\n|switch|p2a: Zacian|Zacian-Crowned|100\/100\n|-ability|p2a: Zacian|Intrepid Sword|boost\n|-boost|p2a: Zacian|atk|1\n|move|p1a: Gliscor|Taunt|p2a: Zacian\n|-start|p2a: Zacian|move: Taunt\n|\n|upkeep\n|turn|8\n|\n|t:|1701117904\n|-terastallize|p2a: Zacian|Ground\n|move|p2a: Zacian|Behemoth Blade|p1a: Gliscor\n|-damage|p1a: Gliscor|33\/100 tox\n|move|p1a: Gliscor|Earthquake|p2a: Zacian\n|-damage|p2a: Zacian|71\/100\n|\n|-heal|p1a: Gliscor|45\/100 tox|[from] ability: Poison Heal\n|upkeep\n|turn|9\n|\n|t:|1701117912\n|move|p1a: Gliscor|Protect|p1a: Gliscor\n|-singleturn|p1a: Gliscor|Protect\n|move|p2a: Zacian|Behemoth Blade|p1a: Gliscor\n|-activate|p1a: Gliscor|move: Protect\n|\n|-heal|p1a: Gliscor|58\/100 tox|[from] ability: Poison Heal\n|-end|p2a: Zacian|move: Taunt\n|upkeep\n|turn|10\n|\n|t:|1701117925\n|switch|p1a: Kyogre|Kyogre, shiny|100\/100\n|-weather|RainDance|[from] ability: Drizzle|[of] p1a: Kyogre\n|move|p2a: Zacian|Behemoth Blade|p1a: Kyogre\n|-resisted|p1a: Kyogre\n|-damage|p1a: Kyogre|63\/100\n|\n|-weather|RainDance|[upkeep]\n|-heal|p1a: Kyogre|70\/100|[from] item: Leftovers\n|upkeep\n|turn|11\n|\n|t:|1701117937\n|move|p2a: Zacian|Play Rough|p1a: Kyogre|[miss]\n|-miss|p2a: Zacian|p1a: Kyogre\n|move|p1a: Kyogre|Ice Beam|p2a: Zacian\n|-supereffective|p2a: Zacian\n|-damage|p2a: Zacian|4\/100\n|\n|-weather|RainDance|[upkeep]\n|-heal|p1a: Kyogre|76\/100|[from] item: Leftovers\n|upkeep\n|turn|12\n|\n|t:|1701117961\n|move|p2a: Zacian|Play Rough|p1a: Kyogre\n|-damage|p1a: Kyogre|3\/100\n|move|p1a: Kyogre|Ice Beam|p2a: Zacian\n|-supereffective|p2a: Zacian\n|-damage|p2a: Zacian|0 fnt\n|faint|p2a: Zacian\n|\n|-weather|RainDance|[upkeep]\n|-heal|p1a: Kyogre|9\/100|[from] item: Leftovers\n|upkeep\n|\n|t:|1701117967\n|switch|p2a: Miraidon|Miraidon|100\/100\n|-fieldstart|move: Electric Terrain|[from] ability: Hadron Engine|[of] p2a: Miraidon\n|turn|13\n|\n|t:|1701117975\n|move|p2a: Miraidon|U-turn|p1a: Kyogre\n|-damage|p1a: Kyogre|0 fnt\n|faint|p1a: Kyogre\n|\n|t:|1701117980\n|switch|p2a: Koraidon|Koraidon|100\/100|[from] U-turn\n|-weather|SunnyDay|[from] ability: Orichalcum Pulse|[of] p2a: Koraidon\n|-activate|p2a: Koraidon|Orichalcum Pulse|[source]\n|\n|-weather|SunnyDay|[upkeep]\n|upkeep\n|\n|t:|1701118002\n|switch|p1a: Gliscor|Gliscor, M, shiny|58\/100 tox\n|turn|14\n|\n|t:|1701118007\n|move|p1a: Gliscor|Protect|p1a: Gliscor\n|-singleturn|p1a: Gliscor|Protect\n|move|p2a: Koraidon|Flame Charge|p1a: Gliscor\n|-activate|p1a: Gliscor|move: Protect\n|\n|-weather|SunnyDay|[upkeep]\n|-heal|p1a: Gliscor|70\/100 tox|[from] ability: Poison Heal\n|upkeep\n|turn|15\n|\n|t:|1701118017\n|move|p2a: Koraidon|Swords Dance|p2a: Koraidon\n|-boost|p2a: Koraidon|atk|2\n|move|p1a: Gliscor|Toxic|p2a: Koraidon\n|-status|p2a: Koraidon|tox\n|\n|-weather|SunnyDay|[upkeep]\n|-damage|p2a: Koraidon|94\/100 tox|[from] psn\n|-heal|p1a: Gliscor|83\/100 tox|[from] ability: Poison Heal\n|upkeep\n|turn|16\n|\n|t:|1701118033\n|move|p1a: Gliscor|Protect|p1a: Gliscor\n|-singleturn|p1a: Gliscor|Protect\n|move|p2a: Koraidon|Swords Dance|p2a: Koraidon\n|-boost|p2a: Koraidon|atk|2\n|\n|-weather|SunnyDay|[upkeep]\n|-heal|p2a: Koraidon|100\/100 tox|[from] item: Leftovers\n|-damage|p2a: Koraidon|88\/100 tox|[from] psn\n|-heal|p1a: Gliscor|95\/100 tox|[from] ability: Poison Heal\n|upkeep\n|turn|17\n|\n|t:|1701118048\n|move|p2a: Koraidon|Flame Charge|p1a: Gliscor\n|-damage|p1a: Gliscor|15\/100 tox\n|-boost|p2a: Koraidon|spe|1\n|move|p1a: Gliscor|Earthquake|p2a: Koraidon\n|-damage|p2a: Koraidon|59\/100 tox\n|\n|-weather|none\n|-heal|p2a: Koraidon|65\/100 tox|[from] item: Leftovers\n|-damage|p2a: Koraidon|47\/100 tox|[from] psn\n|-heal|p1a: Gliscor|27\/100 tox|[from] ability: Poison Heal\n|-fieldend|move: Electric Terrain\n|upkeep\n|turn|18\n|\n|t:|1701118056\n|move|p1a: Gliscor|Protect|p1a: Gliscor\n|-singleturn|p1a: Gliscor|Protect\n|move|p2a: Koraidon|Drain Punch|p1a: Gliscor\n|-activate|p1a: Gliscor|move: Protect\n|\n|-heal|p2a: Koraidon|53\/100 tox|[from] item: Leftovers\n|-damage|p2a: Koraidon|29\/100 tox|[from] psn\n|-heal|p1a: Gliscor|40\/100 tox|[from] ability: Poison Heal\n|upkeep\n|turn|19\n|\n|t:|1701118066\n|move|p1a: Gliscor|Protect|p1a: Gliscor\n|-singleturn|p1a: Gliscor|Protect\n|move|p2a: Koraidon|Drain Punch|p1a: Gliscor\n|-activate|p1a: Gliscor|move: Protect\n|\n|-heal|p2a: Koraidon|35\/100 tox|[from] item: Leftovers\n|-damage|p2a: Koraidon|4\/100 tox|[from] psn\n|-heal|p1a: Gliscor|52\/100 tox|[from] ability: Poison Heal\n|upkeep\n|turn|20\n|\n|t:|1701118076\n|switch|p1a: Skeledirge|Skeledirge, F, shiny|100\/100\n|move|p2a: Koraidon|Drain Punch|p1a: Skeledirge\n|-immune|p1a: Skeledirge\n|\n|-heal|p2a: Koraidon|10\/100 tox|[from] item: Leftovers\n|-damage|p2a: Koraidon|0 fnt|[from] psn\n|faint|p2a: Koraidon\n|upkeep\n|-message|Da noob 6000 forfeited.\n|\n|win|Junky Dummy\n|raw|Junky Dummy's rating: 1278 &rarr; <strong>1300<\/strong><br \/>(+22 for winning)\n|raw|Da noob 6000's rating: 1233 &rarr; <strong>1211<\/strong><br \/>(-22 for losing)\n|l|\u203dDa noob 6000\n","uploadtime":1701118093,"views":10,"p1id":"junkydummy","p2id":"danoob6000","formatid":"gen9ubers","rating":1211,"private":0,"password":""}