{"id":"gen9ubers-1981017560","p1":"masterash","p2":"Zekrom006","format":"[Gen 9] Ubers","log":"|j|\u2606masterash\n|j|\u2606Zekrom006\n|t:|1698857068\n|gametype|singles\n|player|p1|masterash|hilbert|1035\n|player|p2|Zekrom006|red|1093\n|teamsize|p1|6\n|teamsize|p2|6\n|gen|9\n|tier|[Gen 9] Ubers\n|rated|\n|rule|Sleep Clause Mod: Limit one foe put to sleep\n|rule|Species Clause: Limit one of each Pok\u00e9mon\n|rule|OHKO Clause: OHKO moves are banned\n|rule|Evasion Items Clause: Evasion items are banned\n|rule|Evasion Moves Clause: Evasion moves are banned\n|rule|Endless Battle Clause: Forcing endless battles is banned\n|rule|HP Percentage Mod: HP is shown in percentages\n|clearpoke\n|poke|p1|Meowscarada, M|\n|poke|p1|Tinkaton, F|\n|poke|p1|Annihilape, M|\n|poke|p1|Scream Tail|\n|poke|p1|Iron Moth|\n|poke|p1|Palafin, F|\n|poke|p2|Glimmora, F|\n|poke|p2|Zacian-*|\n|poke|p2|Kyogre|\n|poke|p2|Dunsparce, M|\n|poke|p2|Mimikyu, F|\n|poke|p2|Darkrai|\n|teampreview\n|inactive|Battle timer is ON: inactive players will automatically lose when time's up. (requested by Zekrom006)\n|\n|t:|1698857116\n|start\n|switch|p1a: Rocky|Annihilape, M|100\/100\n|switch|p2a: Dunsparce|Dunsparce, M|100\/100\n|turn|1\n|\n|t:|1698857126\n|move|p1a: Rocky|Bulk Up|p1a: Rocky\n|-boost|p1a: Rocky|atk|1\n|-boost|p1a: Rocky|def|1\n|move|p2a: Dunsparce|Coil|p2a: Dunsparce\n|-boost|p2a: Dunsparce|atk|1\n|-boost|p2a: Dunsparce|def|1\n|-boost|p2a: Dunsparce|accuracy|1\n|\n|upkeep\n|turn|2\n|\n|t:|1698857135\n|move|p1a: Rocky|Taunt|p2a: Dunsparce\n|-start|p2a: Dunsparce|move: Taunt\n|cant|p2a: Dunsparce|move: Taunt|Coil\n|\n|upkeep\n|turn|3\n|\n|t:|1698857141\n|move|p1a: Rocky|Bulk Up|p1a: Rocky\n|-boost|p1a: Rocky|atk|1\n|-boost|p1a: Rocky|def|1\n|move|p2a: Dunsparce|Earthquake|p1a: Rocky\n|-damage|p1a: Rocky|81\/100\n|\n|-heal|p1a: Rocky|87\/100|[from] item: Leftovers\n|upkeep\n|turn|4\n|\n|t:|1698857156\n|switch|p2a: Mimikyu|Mimikyu, F|100\/100\n|move|p1a: Rocky|Bulk Up|p1a: Rocky\n|-boost|p1a: Rocky|atk|1\n|-boost|p1a: Rocky|def|1\n|\n|-heal|p1a: Rocky|93\/100|[from] item: Leftovers\n|upkeep\n|turn|5\n|\n|t:|1698857172\n|-terastallize|p1a: Rocky|Fairy\n|move|p2a: Mimikyu|Play Rough|p1a: Rocky|[miss]\n|-miss|p2a: Mimikyu|p1a: Rocky\n|move|p1a: Rocky|Rage Fist|p2a: Mimikyu\n|-activate|p2a: Mimikyu|ability: Disguise\n|-damage|p2a: Mimikyu|100\/100\n|detailschange|p2a: Mimikyu|Mimikyu-Busted, F\n|-damage|p2a: Mimikyu|88\/100|[from] pokemon: Mimikyu-Busted\n|\n|-heal|p1a: Rocky|99\/100|[from] item: Leftovers\n|upkeep\n|turn|6\n|\n|t:|1698857189\n|move|p2a: Mimikyu|Destiny Bond|p2a: Mimikyu\n|-singlemove|p2a: Mimikyu|Destiny Bond\n|move|p1a: Rocky|Rage Fist|p2a: Mimikyu\n|-supereffective|p2a: Mimikyu\n|-damage|p2a: Mimikyu|0 fnt\n|faint|p2a: Mimikyu\n|-activate|p2a: Mimikyu|move: Destiny Bond\n|faint|p1a: Rocky\n|\n|upkeep\n|\n|t:|1698857203\n|switch|p2a: Glimmora|Glimmora, F, shiny|100\/100\n|switch|p1a: Marvel|Palafin, F|100\/100\n|turn|7\n|\n|t:|1698857210\n|move|p1a: Marvel|Flip Turn|p2a: Glimmora\n|-supereffective|p2a: Glimmora\n|-damage|p2a: Glimmora|37\/100\n|-activate|p2a: Glimmora|ability: Toxic Debris\n|-sidestart|p1: masterash|move: Toxic Spikes\n|\n|t:|1698857215\n|detailschange|p1a: Marvel|Palafin-Hero, F\n|switch|p1a: Hammah|Tinkaton, F|100\/100|[from] Flip Turn\n|move|p2a: Glimmora|Stealth Rock|p1a: Hammah\n|-sidestart|p1: masterash|move: Stealth Rock\n|\n|upkeep\n|turn|8\n|\n|t:|1698857229\n|move|p2a: Glimmora|Toxic Spikes|p1a: Hammah\n|-sidestart|p1: masterash|move: Toxic Spikes\n|move|p1a: Hammah|Encore|p2a: Glimmora\n|-start|p2a: Glimmora|Encore\n|\n|upkeep\n|turn|9\n|\n|t:|1698857234\n|move|p2a: Glimmora|Toxic Spikes||[still]\n|-fail|p2a: Glimmora\n|move|p1a: Hammah|Swords Dance|p1a: Hammah\n|-boost|p1a: Hammah|atk|2\n|\n|upkeep\n|turn|10\n|\n|t:|1698857243\n|switch|p2a: Kyogre|Kyogre, shiny|100\/100\n|-weather|RainDance|[from] ability: Drizzle|[of] p2a: Kyogre\n|move|p1a: Hammah|Knock Off|p2a: Kyogre\n|-damage|p2a: Kyogre|62\/100\n|-enditem|p2a: Kyogre|Choice Specs|[from] move: Knock Off|[of] p1a: Hammah\n|\n|-weather|RainDance|[upkeep]\n|upkeep\n|turn|11\n|\n|t:|1698857258\n|move|p2a: Kyogre|Earthquake|p1a: Hammah\n|-supereffective|p1a: Hammah\n|-damage|p1a: Hammah|59\/100\n|move|p1a: Hammah|Gigaton Hammer|p2a: Kyogre\n|-resisted|p2a: Kyogre\n|-damage|p2a: Kyogre|16\/100\n|\n|-weather|RainDance|[upkeep]\n|-heal|p1a: Hammah|65\/100|[from] item: Leftovers\n|upkeep\n|turn|12\n|\n|t:|1698857268\n|move|p2a: Kyogre|Water Spout|p1a: Hammah\n|-damage|p1a: Hammah|51\/100\n|move|p1a: Hammah|Knock Off|p2a: Kyogre\n|-damage|p2a: Kyogre|0 fnt\n|faint|p2a: Kyogre\n|\n|-weather|RainDance|[upkeep]\n|-heal|p1a: Hammah|57\/100|[from] item: Leftovers\n|upkeep\n|\n|t:|1698857287\n|switch|p2a: Dunsparce|Dunsparce, M|100\/100\n|turn|13\n|inactive|masterash has 120 seconds left.\n|\n|t:|1698857323\n|move|p1a: Hammah|Swords Dance|p1a: Hammah\n|-boost|p1a: Hammah|atk|2\n|move|p2a: Dunsparce|Coil|p2a: Dunsparce\n|-boost|p2a: Dunsparce|atk|1\n|-boost|p2a: Dunsparce|def|1\n|-boost|p2a: Dunsparce|accuracy|1\n|\n|-weather|RainDance|[upkeep]\n|-heal|p1a: Hammah|63\/100|[from] item: Leftovers\n|upkeep\n|turn|14\n|inactive|masterash has 120 seconds left.\n|\n|t:|1698857333\n|-terastallize|p2a: Dunsparce|Ground\n|move|p1a: Hammah|Encore|p2a: Dunsparce\n|-start|p2a: Dunsparce|Encore\n|move|p2a: Dunsparce|Coil|p2a: Dunsparce\n|-boost|p2a: Dunsparce|atk|1\n|-boost|p2a: Dunsparce|def|1\n|-boost|p2a: Dunsparce|accuracy|1\n|\n|-weather|none\n|-heal|p1a: Hammah|69\/100|[from] item: Leftovers\n|upkeep\n|turn|15\n|inactive|masterash has 120 seconds left.\n|\n|t:|1698857344\n|move|p1a: Hammah|Gigaton Hammer|p2a: Dunsparce\n|-damage|p2a: Dunsparce|51\/100\n|move|p2a: Dunsparce|Coil|p2a: Dunsparce\n|-boost|p2a: Dunsparce|atk|1\n|-boost|p2a: Dunsparce|def|1\n|-boost|p2a: Dunsparce|accuracy|1\n|\n|-heal|p1a: Hammah|76\/100|[from] item: Leftovers\n|upkeep\n|turn|16\n|\n|t:|1698857354\n|move|p1a: Hammah|Knock Off|p2a: Dunsparce\n|-damage|p2a: Dunsparce|35\/100\n|-enditem|p2a: Dunsparce|Eviolite|[from] move: Knock Off|[of] p1a: Hammah\n|move|p2a: Dunsparce|Coil|p2a: Dunsparce\n|-boost|p2a: Dunsparce|atk|1\n|-boost|p2a: Dunsparce|def|1\n|-boost|p2a: Dunsparce|accuracy|1\n|\n|-heal|p1a: Hammah|82\/100|[from] item: Leftovers\n|-end|p2a: Dunsparce|Encore\n|upkeep\n|turn|17\n|\n|t:|1698857366\n|move|p1a: Hammah|Gigaton Hammer|p2a: Dunsparce\n|-damage|p2a: Dunsparce|0 fnt\n|faint|p2a: Dunsparce\n|\n|-heal|p1a: Hammah|88\/100|[from] item: Leftovers\n|upkeep\n|\n|t:|1698857377\n|switch|p2a: Zacian|Zacian-Crowned, shiny|100\/100\n|-ability|p2a: Zacian|Intrepid Sword|boost\n|-boost|p2a: Zacian|atk|1\n|turn|18\n|\n|t:|1698857396\n|move|p2a: Zacian|Behemoth Blade|p1a: Hammah\n|-damage|p1a: Hammah|0 fnt\n|faint|p1a: Hammah\n|\n|upkeep\n|\n|t:|1698857402\n|switch|p1a: Mr. Bright|Iron Moth|100\/100\n|-sideend|p1: masterash|move: Toxic Spikes|[of] p1a: Mr. Bright\n|-damage|p1a: Mr. Bright|76\/100|[from] Stealth Rock\n|-enditem|p1a: Mr. Bright|Booster Energy\n|-activate|p1a: Mr. Bright|ability: Quark Drive|[fromitem]\n|-start|p1a: Mr. Bright|quarkdrivespa\n|turn|19\n|\n|t:|1698857424\n|move|p2a: Zacian|Close Combat|p1a: Mr. Bright\n|-resisted|p1a: Mr. Bright\n|-damage|p1a: Mr. Bright|12\/100\n|-unboost|p2a: Zacian|def|1\n|-unboost|p2a: Zacian|spd|1\n|move|p1a: Mr. Bright|Fiery Dance|p2a: Zacian\n|-supereffective|p2a: Zacian\n|-damage|p2a: Zacian|0 fnt\n|-boost|p1a: Mr. Bright|spa|1\n|faint|p2a: Zacian\n|\n|upkeep\n|\n|t:|1698857437\n|switch|p2a: Glimmora|Glimmora, F, shiny|37\/100\n|turn|20\n|\n|t:|1698857441\n|move|p1a: Mr. Bright|Energy Ball|p2a: Glimmora\n|-damage|p2a: Glimmora|0 fnt\n|faint|p2a: Glimmora\n|\n|upkeep\n|\n|t:|1698857447\n|switch|p2a: Darkrai|Darkrai, shiny|100\/100\n|turn|21\n|\n|t:|1698857469\n|move|p2a: Darkrai|Sucker Punch|p1a: Mr. Bright\n|-damage|p1a: Mr. Bright|0 fnt\n|faint|p1a: Mr. Bright\n|-end|p1a: Mr. Bright|Quark Drive|[silent]\n|\n|upkeep\n|\n|t:|1698857474\n|switch|p1a: Marvel|Palafin-Hero, F|100\/100\n|-damage|p1a: Marvel|88\/100|[from] Stealth Rock\n|-activate|p1a: Marvel|ability: Zero to Hero\n|turn|22\n|\n|t:|1698857483\n|move|p1a: Marvel|Jet Punch|p2a: Darkrai\n|-damage|p2a: Darkrai|32\/100\n|move|p2a: Darkrai|Knock Off|p1a: Marvel\n|-damage|p1a: Marvel|50\/100\n|-enditem|p1a: Marvel|Choice Band|[from] move: Knock Off|[of] p2a: Darkrai\n|\n|-heal|p2a: Darkrai|38\/100|[from] item: Leftovers\n|upkeep\n|turn|23\n|-message|Zekrom006 forfeited.\n|\n|win|masterash\n|raw|masterash's rating: 1035 &rarr; <strong>1075<\/strong><br \/>(+40 for winning)\n|raw|Zekrom006's rating: 1093 &rarr; <strong>1065<\/strong><br \/>(-28 for losing)\n|l|\u2606Zekrom006\n|c|\u2606masterash|GG\n","uploadtime":1698857518,"views":18,"p1id":"masterash","p2id":"zekrom006","formatid":"gen9ubers","rating":1065,"private":0,"password":""}