{"id":"gen9ubers-1994682687","p1":"Skotchaud","p2":"Asta_RPPLF","format":"[Gen 9] Ubers","log":"|j|\u2606Skotchaud\n|j|\u2606Asta_RPPLF\n|t:|1700480409\n|gametype|singles\n|player|p1|Skotchaud|noland|\n|player|p2|Asta_RPPLF|#wcop2023belgium|\n|teamsize|p1|6\n|teamsize|p2|6\n|gen|9\n|tier|[Gen 9] Ubers\n|rule|Sleep Clause Mod: Limit one foe put to sleep\n|rule|Species Clause: Limit one of each Pok\u00e9mon\n|rule|OHKO Clause: OHKO moves are banned\n|rule|Evasion Items Clause: Evasion items are banned\n|rule|Evasion Moves Clause: Evasion moves are banned\n|rule|Endless Battle Clause: Forcing endless battles is banned\n|rule|HP Percentage Mod: HP is shown in percentages\n|clearpoke\n|poke|p1|Ceruledge, M|\n|poke|p1|Iron Valiant|\n|poke|p1|Rillaboom, F|\n|poke|p1|Great Tusk|\n|poke|p1|Zapdos|\n|poke|p1|Sneasler, F|\n|poke|p2|Ogerpon-Hearthflame, F|\n|poke|p2|Dragonite, F|\n|poke|p2|Iron Valiant|\n|poke|p2|Corviknight, F|\n|poke|p2|Ursaluna-Bloodmoon, M|\n|poke|p2|Slowking-Galar, M|\n|teampreview\n|j| Vincent RPPLF\n|j| AyanYuli\n|\n|t:|1700480457\n|start\n|switch|p1a: Abdel hamid|Iron Valiant|100\/100\n|switch|p2a: Dragonite|Dragonite, F|100\/100\n|turn|1\n|\n|t:|1700480485\n|move|p1a: Abdel hamid|Moonblast|p2a: Dragonite\n|-supereffective|p2a: Dragonite\n|-damage|p2a: Dragonite|55\/100\n|move|p2a: Dragonite|Roost|p2a: Dragonite\n|-heal|p2a: Dragonite|100\/100\n|-singleturn|p2a: Dragonite|move: Roost\n|\n|upkeep\n|turn|2\n|j| oh Miaouss\n|\n|t:|1700480511\n|switch|p2a: Slowking|Slowking-Galar, M|100\/100\n|move|p1a: Abdel hamid|Moonblast|p2a: Slowking\n|-resisted|p2a: Slowking\n|-damage|p2a: Slowking|87\/100\n|\n|upkeep\n|turn|3\n|\n|t:|1700480530\n|-end|p1a: Abdel hamid|Quark Drive|[silent]\n|switch|p1a: Jte plante?|Ceruledge, M|100\/100\n|move|p2a: Slowking|Future Sight|p1a: Jte plante?\n|-start|p2a: Slowking|move: Future Sight\n|\n|upkeep\n|turn|4\n|\n|t:|1700480551\n|switch|p2a: Dragonite|Dragonite, F|100\/100\n|move|p1a: Jte plante?|Swords Dance|p1a: Jte plante?\n|-boost|p1a: Jte plante?|atk|2\n|\n|upkeep\n|turn|5\n|\n|t:|1700480576\n|move|p1a: Jte plante?|Bitter Blade|p2a: Dragonite\n|-resisted|p2a: Dragonite\n|-damage|p2a: Dragonite|76\/100\n|move|p2a: Dragonite|Dragon Dance|p2a: Dragonite\n|-boost|p2a: Dragonite|atk|1\n|-boost|p2a: Dragonite|spe|1\n|\n|-end|p1a: Jte plante?|move: Future Sight\n|-damage|p1a: Jte plante?|43\/100\n|upkeep\n|turn|6\n|\n|t:|1700480592\n|switch|p1a: Zap2.0|Zapdos, shiny|100\/100\n|move|p2a: Dragonite|Earthquake|p1a: Zap2.0\n|-immune|p1a: Zap2.0\n|\n|upkeep\n|turn|7\n|\n|t:|1700480605\n|move|p2a: Dragonite|Roost|p2a: Dragonite\n|-heal|p2a: Dragonite|100\/100\n|-singleturn|p2a: Dragonite|move: Roost\n|move|p1a: Zap2.0|Discharge|p2a: Dragonite\n|-resisted|p2a: Dragonite\n|-damage|p2a: Dragonite|93\/100\n|-status|p2a: Dragonite|par\n|\n|upkeep\n|turn|8\n|\n|t:|1700480619\n|move|p1a: Zap2.0|Volt Switch|p2a: Dragonite\n|-damage|p2a: Dragonite|66\/100 par\n|\n|t:|1700480624\n|switch|p1a: Jamel|Great Tusk, shiny|100\/100|[from] Volt Switch\n|cant|p2a: Dragonite|par\n|\n|upkeep\n|turn|9\n|\n|t:|1700480636\n|switch|p2a: Corviknight|Corviknight, F|100\/100\n|-ability|p2a: Corviknight|Pressure\n|move|p1a: Jamel|Stealth Rock|p2a: Corviknight\n|-sidestart|p2: Asta_RPPLF|move: Stealth Rock\n|\n|upkeep\n|turn|10\n|\n|t:|1700480661\n|-end|p1a: Jamel|Protosynthesis|[silent]\n|switch|p1a: Zap2.0|Zapdos, shiny|100\/100\n|move|p2a: Corviknight|Defog|p1a: Zap2.0\n|-unboost|p1a: Zap2.0|evasion|1\n|-sideend|p2: Asta_RPPLF|Stealth Rock|[from] move: Defog|[of] p2a: Corviknight\n|\n|upkeep\n|turn|11\n|\n|t:|1700480674\n|switch|p2a: Slowking|Slowking-Galar, M|100\/100\n|move|p1a: Zap2.0|Discharge|p2a: Slowking\n|-damage|p2a: Slowking|79\/100\n|\n|upkeep\n|turn|12\n|\n|t:|1700480689\n|move|p1a: Zap2.0|Volt Switch|p2a: Slowking\n|-damage|p2a: Slowking|60\/100\n|\n|t:|1700480700\n|switch|p1a: JaiUneDerbouka|Rillaboom, F|100\/100|[from] Volt Switch\n|-fieldstart|move: Grassy Terrain|[from] ability: Grassy Surge|[of] p1a: JaiUneDerbouka\n|move|p2a: Slowking|Future Sight|p1a: JaiUneDerbouka\n|-start|p2a: Slowking|move: Future Sight\n|\n|-heal|p2a: Slowking|66\/100|[from] Grassy Terrain\n|upkeep\n|turn|13\n|\n|t:|1700480712\n|switch|p2a: Corviknight|Corviknight, F|100\/100\n|-ability|p2a: Corviknight|Pressure\n|move|p1a: JaiUneDerbouka|Knock Off|p2a: Corviknight\n|-damage|p2a: Corviknight|71\/100\n|-damage|p1a: JaiUneDerbouka|84\/100|[from] item: Rocky Helmet|[of] p2a: Corviknight\n|-enditem|p2a: Corviknight|Rocky Helmet|[from] move: Knock Off|[of] p1a: JaiUneDerbouka\n|\n|-heal|p1a: JaiUneDerbouka|90\/100|[from] Grassy Terrain\n|upkeep\n|turn|14\n|\n|t:|1700480735\n|switch|p1a: Jte plante?|Ceruledge, M|43\/100\n|move|p2a: Corviknight|Roost|p2a: Corviknight\n|-heal|p2a: Corviknight|100\/100\n|-singleturn|p2a: Corviknight|move: Roost\n|\n|-end|p1a: Jte plante?|move: Future Sight\n|-damage|p1a: Jte plante?|0 fnt\n|faint|p1a: Jte plante?\n|upkeep\n|\n|t:|1700480747\n|switch|p1a: Zap2.0|Zapdos, shiny|100\/100\n|turn|15\n|\n|t:|1700480762\n|switch|p2a: Ursaluna|Ursaluna-Bloodmoon, M|100\/100\n|move|p1a: Zap2.0|Hurricane|p2a: Ursaluna\n|-damage|p2a: Ursaluna|49\/100\n|-start|p2a: Ursaluna|confusion\n|\n|-heal|p2a: Ursaluna|55\/100|[from] Grassy Terrain\n|-heal|p2a: Ursaluna|61\/100|[from] item: Leftovers\n|upkeep\n|turn|16\n|\n|t:|1700480778\n|switch|p2a: Slowking|Slowking-Galar, M|99\/100\n|move|p1a: Zap2.0|Hurricane|p2a: Slowking|[miss]\n|-miss|p1a: Zap2.0|p2a: Slowking\n|\n|-heal|p2a: Slowking|100\/100|[from] Grassy Terrain\n|-fieldend|move: Grassy Terrain\n|upkeep\n|turn|17\n|\n|t:|1700480795\n|move|p1a: Zap2.0|Volt Switch|p2a: Slowking\n|-damage|p2a: Slowking|81\/100\n|\n|t:|1700480809\n|switch|p1a: JaiUneDerbouka|Rillaboom, F|90\/100|[from] Volt Switch\n|-fieldstart|move: Grassy Terrain|[from] ability: Grassy Surge|[of] p1a: JaiUneDerbouka\n|move|p2a: Slowking|Future Sight|p1a: JaiUneDerbouka\n|-start|p2a: Slowking|move: Future Sight\n|\n|-heal|p1a: JaiUneDerbouka|96\/100|[from] Grassy Terrain\n|-heal|p2a: Slowking|88\/100|[from] Grassy Terrain\n|upkeep\n|turn|18\n|\n|t:|1700480831\n|switch|p2a: Corviknight|Corviknight, F|100\/100\n|-ability|p2a: Corviknight|Pressure\n|move|p1a: JaiUneDerbouka|U-turn|p2a: Corviknight\n|-resisted|p2a: Corviknight\n|-damage|p2a: Corviknight|95\/100\n|\n|t:|1700480834\n|switch|p1a: Zap2.0|Zapdos, shiny|100\/100|[from] U-turn\n|\n|upkeep\n|turn|19\n|\n|t:|1700480849\n|switch|p2a: Slowking|Slowking-Galar, M|100\/100\n|move|p1a: Zap2.0|Discharge|p2a: Slowking\n|-damage|p2a: Slowking|81\/100\n|\n|-end|p1a: Zap2.0|move: Future Sight\n|-damage|p1a: Zap2.0|64\/100\n|-heal|p2a: Slowking|88\/100|[from] Grassy Terrain\n|upkeep\n|turn|20\n|\n|t:|1700480869\n|move|p1a: Zap2.0|Volt Switch|p2a: Slowking\n|-crit|p2a: Slowking\n|-damage|p2a: Slowking|60\/100\n|\n|t:|1700480874\n|switch|p1a: La sweepeuse|Sneasler, F, shiny|100\/100|[from] Volt Switch\n|-enditem|p1a: La sweepeuse|Grassy Seed\n|-boost|p1a: La sweepeuse|def|1|[from] item: Grassy Seed\n|move|p2a: Slowking|Future Sight|p1a: La sweepeuse\n|-start|p2a: Slowking|move: Future Sight\n|\n|-heal|p2a: Slowking|66\/100|[from] Grassy Terrain\n|upkeep\n|turn|21\n|\n|t:|1700480890\n|switch|p2a: Corviknight|Corviknight, F|95\/100\n|-ability|p2a: Corviknight|Pressure\n|move|p1a: La sweepeuse|Swords Dance|p1a: La sweepeuse\n|-boost|p1a: La sweepeuse|atk|2\n|\n|-fieldend|move: Grassy Terrain\n|upkeep\n|turn|22\n|\n|t:|1700480917\n|-terastallize|p1a: La sweepeuse|Flying\n|move|p1a: La sweepeuse|Swords Dance|p1a: La sweepeuse\n|-boost|p1a: La sweepeuse|atk|2\n|move|p2a: Corviknight|Body Press|p1a: La sweepeuse\n|-resisted|p1a: La sweepeuse\n|-damage|p1a: La sweepeuse|86\/100\n|\n|-end|p1a: La sweepeuse|move: Future Sight\n|-damage|p1a: La sweepeuse|25\/100\n|upkeep\n|turn|23\n|\n|t:|1700480952\n|switch|p2a: Ursaluna|Ursaluna-Bloodmoon, M|61\/100\n|move|p1a: La sweepeuse|Close Combat|p2a: Ursaluna\n|-supereffective|p2a: Ursaluna\n|-damage|p2a: Ursaluna|0 fnt\n|-unboost|p1a: La sweepeuse|def|1\n|-unboost|p1a: La sweepeuse|spd|1\n|faint|p2a: Ursaluna\n|\n|upkeep\n|\n|t:|1700480963\n|switch|p2a: Dragonite|Dragonite, F|66\/100 par\n|turn|24\n|\n|t:|1700480989\n|switch|p1a: Jamel|Great Tusk, shiny|100\/100\n|move|p2a: Dragonite|Extreme Speed|p1a: Jamel\n|-damage|p1a: Jamel|85\/100\n|\n|upkeep\n|turn|25\n|\n|t:|1700481002\n|switch|p2a: Corviknight|Corviknight, F|95\/100\n|-ability|p2a: Corviknight|Pressure\n|move|p1a: Jamel|Stealth Rock|p2a: Corviknight\n|-sidestart|p2: Asta_RPPLF|move: Stealth Rock\n|\n|upkeep\n|turn|26\n|\n|t:|1700481009\n|-end|p1a: Jamel|Protosynthesis|[silent]\n|switch|p1a: Zap2.0|Zapdos, shiny|64\/100\n|move|p2a: Corviknight|Defog|p1a: Zap2.0\n|-unboost|p1a: Zap2.0|evasion|1\n|-sideend|p2: Asta_RPPLF|Stealth Rock|[from] move: Defog|[of] p2a: Corviknight\n|\n|upkeep\n|turn|27\n|\n|t:|1700481018\n|switch|p2a: Slowking|Slowking-Galar, M|99\/100\n|move|p1a: Zap2.0|Discharge|p2a: Slowking\n|-damage|p2a: Slowking|79\/100\n|\n|upkeep\n|turn|28\n|\n|t:|1700481029\n|move|p1a: Zap2.0|Roost|p1a: Zap2.0\n|-heal|p1a: Zap2.0|100\/100\n|-singleturn|p1a: Zap2.0|move: Roost\n|move|p2a: Slowking|Future Sight|p1a: Zap2.0\n|-start|p2a: Slowking|move: Future Sight\n|\n|upkeep\n|turn|29\n|l| Vincent RPPLF\n|\n|t:|1700481047\n|move|p1a: Zap2.0|Hurricane|p2a: Slowking|[miss]\n|-miss|p1a: Zap2.0|p2a: Slowking\n|move|p2a: Slowking|Chilly Reception|p2a: Slowking\n|-weather|Snow\n|\n|t:|1700481069\n|switch|p2a: Ogerpon|Ogerpon-Hearthflame, F|100\/100|[from] Chilly Reception\n|-ability|p2a: Ogerpon|Mold Breaker\n|\n|-weather|Snow|[upkeep]\n|upkeep\n|turn|30\n|\n|t:|1700481085\n|-terastallize|p2a: Ogerpon|Fire\n|detailschange|p2a: Ogerpon|Ogerpon-Hearthflame-Tera, F, tera:Fire\n|-ability|p2a: Ogerpon|Embody Aspect (Hearthflame)|boost\n|-boost|p2a: Ogerpon|atk|1\n|move|p2a: Ogerpon|Ivy Cudgel|p1a: Zap2.0|[anim] Ivy Cudgel Fire\n|-damage|p1a: Zap2.0|0 fnt\n|faint|p1a: Zap2.0\n|\n|-weather|Snow|[upkeep]\n|-hint|Future Sight did not hit because the target is fainted.\n|upkeep\n|\n|t:|1700481096\n|switch|p1a: La sweepeuse|Sneasler, F, shiny, tera:Flying|25\/100\n|turn|31\n|\n|t:|1700481116\n|switch|p2a: Corviknight|Corviknight, F|95\/100\n|-ability|p2a: Corviknight|Pressure\n|move|p1a: La sweepeuse|Close Combat|p2a: Corviknight\n|-damage|p2a: Corviknight|54\/100\n|-unboost|p1a: La sweepeuse|def|1\n|-unboost|p1a: La sweepeuse|spd|1\n|\n|-weather|Snow|[upkeep]\n|upkeep\n|turn|32\n|\n|t:|1700481157\n|move|p1a: La sweepeuse|Close Combat|p2a: Corviknight\n|-damage|p2a: Corviknight|15\/100\n|-unboost|p1a: La sweepeuse|def|1\n|-unboost|p1a: La sweepeuse|spd|1\n|move|p2a: Corviknight|Body Press|p1a: La sweepeuse\n|-resisted|p1a: La sweepeuse\n|-damage|p1a: La sweepeuse|0 fnt\n|faint|p1a: La sweepeuse\n|\n|-weather|Snow|[upkeep]\n|upkeep\n|\n|t:|1700481172\n|switch|p1a: Abdel hamid|Iron Valiant|100\/100\n|turn|33\n|\n|t:|1700481197\n|-end|p1a: Abdel hamid|Quark Drive|[silent]\n|switch|p1a: Jamel|Great Tusk, shiny|85\/100\n|move|p2a: Corviknight|Roost|p2a: Corviknight\n|-heal|p2a: Corviknight|65\/100\n|-singleturn|p2a: Corviknight|move: Roost\n|\n|-weather|none\n|upkeep\n|turn|34\n|\n|t:|1700481207\n|move|p1a: Jamel|Stealth Rock|p2a: Corviknight\n|-sidestart|p2: Asta_RPPLF|move: Stealth Rock\n|move|p2a: Corviknight|Roost|p2a: Corviknight\n|-heal|p2a: Corviknight|100\/100\n|-singleturn|p2a: Corviknight|move: Roost\n|\n|upkeep\n|turn|35\n|\n|t:|1700481217\n|-end|p1a: Jamel|Protosynthesis|[silent]\n|switch|p1a: Abdel hamid|Iron Valiant|100\/100\n|move|p2a: Corviknight|Defog|p1a: Abdel hamid\n|-unboost|p1a: Abdel hamid|evasion|1\n|-sideend|p2: Asta_RPPLF|Stealth Rock|[from] move: Defog|[of] p2a: Corviknight\n|\n|upkeep\n|turn|36\n|\n|t:|1700481227\n|switch|p2a: Slowking|Slowking-Galar, M|100\/100\n|move|p1a: Abdel hamid|Aura Sphere|p2a: Slowking\n|-resisted|p2a: Slowking\n|-damage|p2a: Slowking|95\/100\n|\n|upkeep\n|turn|37\n|\n|t:|1700481239\n|-end|p1a: Abdel hamid|Quark Drive|[silent]\n|switch|p1a: JaiUneDerbouka|Rillaboom, F|96\/100\n|-fieldstart|move: Grassy Terrain|[from] ability: Grassy Surge|[of] p1a: JaiUneDerbouka\n|move|p2a: Slowking|Future Sight|p1a: JaiUneDerbouka\n|-start|p2a: Slowking|move: Future Sight\n|\n|-heal|p1a: JaiUneDerbouka|100\/100|[from] Grassy Terrain\n|-heal|p2a: Slowking|100\/100|[from] Grassy Terrain\n|upkeep\n|turn|38\n|\n|t:|1700481253\n|switch|p2a: Corviknight|Corviknight, F|100\/100\n|-ability|p2a: Corviknight|Pressure\n|move|p1a: JaiUneDerbouka|Knock Off|p2a: Corviknight\n|-damage|p2a: Corviknight|79\/100\n|\n|upkeep\n|turn|39\n|\n|t:|1700481265\n|switch|p1a: Jamel|Great Tusk, shiny|85\/100\n|move|p2a: Corviknight|U-turn|p1a: Jamel\n|-resisted|p1a: Jamel\n|-damage|p1a: Jamel|81\/100\n|\n|t:|1700481275\n|switch|p2a: Iron Valiant|Iron Valiant|100\/100|[from] U-turn\n|\n|-end|p1a: Jamel|move: Future Sight\n|-supereffective|p1a: Jamel\n|-damage|p1a: Jamel|0 fnt\n|faint|p1a: Jamel\n|-end|p1a: Jamel|Protosynthesis|[silent]\n|upkeep\n|\n|t:|1700481279\n|switch|p1a: Abdel hamid|Iron Valiant|100\/100\n|turn|40\n|\n|t:|1700481289\n|-end|p2a: Iron Valiant|Quark Drive|[silent]\n|switch|p2a: Slowking|Slowking-Galar, M|100\/100\n|move|p1a: Abdel hamid|Moonblast|p2a: Slowking\n|-resisted|p2a: Slowking\n|-crit|p2a: Slowking\n|-damage|p2a: Slowking|80\/100\n|\n|-heal|p2a: Slowking|86\/100|[from] Grassy Terrain\n|upkeep\n|turn|41\n|-message|Skotchaud forfeited.\n|\n|win|Asta_RPPLF\n|l|\u2606Skotchaud\n|l| oh Miaouss\n","uploadtime":1700481301,"views":3,"p1id":"skotchaud","p2id":"astarpplf","formatid":"gen9ubers","rating":0,"private":0,"password":""}