{"id":"gen9ubers-1998547912","p1":"Cranberry1","p2":"Johnpeterson11","format":"[Gen 9] Ubers","log":"|j|\u2606Cranberry1\n|j|\u2606Johnpeterson11\n|t:|1700954905\n|gametype|singles\n|player|p1|Cranberry1|steven|1076\n|player|p2|Johnpeterson11|lyra|1000\n|teamsize|p1|6\n|teamsize|p2|6\n|gen|9\n|tier|[Gen 9] Ubers\n|rated|\n|rule|Sleep Clause Mod: Limit one foe put to sleep\n|rule|Species Clause: Limit one of each Pok\u00e9mon\n|rule|OHKO Clause: OHKO moves are banned\n|rule|Evasion Items Clause: Evasion items are banned\n|rule|Evasion Moves Clause: Evasion moves are banned\n|rule|Endless Battle Clause: Forcing endless battles is banned\n|rule|HP Percentage Mod: HP is shown in percentages\n|clearpoke\n|poke|p1|Zamazenta-*|\n|poke|p1|Sneasler, F|\n|poke|p1|Zacian-*|\n|poke|p1|Arceus-Bug|\n|poke|p1|Urshifu-*, M|\n|poke|p1|Ursaluna-Bloodmoon, M|\n|poke|p2|Annihilape, F|\n|poke|p2|Gliscor, M|\n|poke|p2|Ogerpon-Hearthflame, F|\n|poke|p2|Urshifu-*, M|\n|poke|p2|Koraidon|\n|poke|p2|Greninja-*, M|\n|teampreview\n|\n|t:|1700954930\n|start\n|switch|p1a: Ursaluna|Ursaluna-Bloodmoon, M|100\/100\n|switch|p2a: Annihilape|Annihilape, F|100\/100\n|turn|1\n|\n|t:|1700954936\n|move|p2a: Annihilape|Close Combat|p1a: Ursaluna\n|-supereffective|p1a: Ursaluna\n|-damage|p1a: Ursaluna|0 fnt\n|-unboost|p2a: Annihilape|def|1\n|-unboost|p2a: Annihilape|spd|1\n|faint|p1a: Ursaluna\n|\n|upkeep\n|\n|t:|1700954943\n|switch|p1a: Zacian|Zacian|100\/100\n|-ability|p1a: Zacian|Intrepid Sword|boost\n|-boost|p1a: Zacian|atk|1\n|turn|2\n|\n|t:|1700954947\n|move|p1a: Zacian|Crunch|p2a: Annihilape\n|-damage|p2a: Annihilape|0 fnt\n|faint|p2a: Annihilape\n|\n|upkeep\n|\n|t:|1700954951\n|switch|p2a: Gliscor|Gliscor, M|100\/100\n|turn|3\n|\n|t:|1700954961\n|move|p1a: Zacian|Crunch|p2a: Gliscor\n|-damage|p2a: Gliscor|39\/100\n|-unboost|p2a: Gliscor|def|1\n|move|p2a: Gliscor|Earthquake|p1a: Zacian\n|-damage|p1a: Zacian|63\/100\n|\n|-heal|p2a: Gliscor|45\/100|[from] item: Leftovers\n|upkeep\n|turn|4\n|\n|t:|1700954970\n|-terastallize|p1a: Zacian|Dark\n|move|p1a: Zacian|Crunch|p2a: Gliscor\n|-damage|p2a: Gliscor|0 fnt\n|faint|p2a: Gliscor\n|\n|upkeep\n|\n|t:|1700954974\n|switch|p2a: Ogerpon|Ogerpon-Hearthflame, F|100\/100\n|-ability|p2a: Ogerpon|Mold Breaker\n|turn|5\n|\n|t:|1700954984\n|move|p1a: Zacian|Crunch|p2a: Ogerpon\n|-damage|p2a: Ogerpon|0 fnt\n|faint|p2a: Ogerpon\n|\n|upkeep\n|\n|t:|1700954987\n|switch|p2a: Urshifu|Urshifu, M|100\/100\n|turn|6\n|\n|t:|1700954990\n|move|p1a: Zacian|Crunch|p2a: Urshifu\n|-resisted|p2a: Urshifu\n|-damage|p2a: Urshifu|77\/100\n|move|p2a: Urshifu|Close Combat|p1a: Zacian\n|-supereffective|p1a: Zacian\n|-damage|p1a: Zacian|0 fnt\n|-unboost|p2a: Urshifu|def|1\n|-unboost|p2a: Urshifu|spd|1\n|faint|p1a: Zacian\n|\n|upkeep\n|\n|t:|1700954995\n|switch|p1a: Urshifu|Urshifu-Rapid-Strike, M|100\/100\n|turn|7\n|\n|t:|1700955001\n|move|p2a: Urshifu|Close Combat|p1a: Urshifu\n|-damage|p1a: Urshifu|19\/100\n|-unboost|p2a: Urshifu|def|1\n|-unboost|p2a: Urshifu|spd|1\n|move|p1a: Urshifu|Poison Jab|p2a: Urshifu\n|-damage|p2a: Urshifu|0 fnt\n|faint|p2a: Urshifu\n|\n|upkeep\n|\n|t:|1700955006\n|switch|p2a: Koraidon|Koraidon|100\/100\n|-weather|SunnyDay|[from] ability: Orichalcum Pulse|[of] p2a: Koraidon\n|-activate|p2a: Koraidon|Orichalcum Pulse|[source]\n|turn|8\n|\n|t:|1700955010\n|move|p2a: Koraidon|Collision Course|p1a: Urshifu\n|-damage|p1a: Urshifu|0 fnt\n|faint|p1a: Urshifu\n|\n|-weather|SunnyDay|[upkeep]\n|upkeep\n|\n|t:|1700955015\n|switch|p1a: Sneasler|Sneasler, F|100\/100\n|turn|9\n|\n|t:|1700955025\n|move|p1a: Sneasler|Fake Out|p2a: Koraidon\n|-damage|p2a: Koraidon|88\/100\n|cant|p2a: Koraidon|flinch\n|\n|-weather|SunnyDay|[upkeep]\n|upkeep\n|turn|10\n|\n|t:|1700955051\n|move|p2a: Koraidon|Collision Course|p1a: Sneasler\n|-resisted|p1a: Sneasler\n|-damage|p1a: Sneasler|40\/100\n|move|p1a: Sneasler|Close Combat|p2a: Koraidon\n|-damage|p2a: Koraidon|32\/100\n|-unboost|p1a: Sneasler|def|1\n|-unboost|p1a: Sneasler|spd|1\n|\n|-weather|SunnyDay|[upkeep]\n|upkeep\n|turn|11\n|\n|t:|1700955064\n|move|p2a: Koraidon|Dragon Claw|p1a: Sneasler\n|-damage|p1a: Sneasler|0 fnt\n|faint|p1a: Sneasler\n|\n|-weather|SunnyDay|[upkeep]\n|upkeep\n|\n|t:|1700955071\n|switch|p1a: Arceus|Arceus-Bug|100\/100\n|turn|12\n|\n|t:|1700955076\n|move|p2a: Koraidon|Flamethrower|p1a: Arceus\n|-supereffective|p1a: Arceus\n|-damage|p1a: Arceus|65\/100\n|move|p1a: Arceus|Calm Mind|p1a: Arceus\n|-boost|p1a: Arceus|spa|1\n|-boost|p1a: Arceus|spd|1\n|\n|-weather|SunnyDay|[upkeep]\n|upkeep\n|turn|13\n|\n|t:|1700955080\n|move|p2a: Koraidon|Flamethrower|p1a: Arceus\n|-supereffective|p1a: Arceus\n|-damage|p1a: Arceus|42\/100\n|-status|p1a: Arceus|brn\n|move|p1a: Arceus|Ice Beam|p2a: Koraidon\n|-supereffective|p2a: Koraidon\n|-damage|p2a: Koraidon|0 fnt\n|faint|p2a: Koraidon\n|\n|-weather|SunnyDay|[upkeep]\n|-damage|p1a: Arceus|36\/100 brn|[from] brn\n|upkeep\n|\n|t:|1700955086\n|switch|p2a: Greninja|Greninja, M|100\/100\n|turn|14\n|\n|t:|1700955092\n|move|p2a: Greninja|Aerial Ace|p1a: Arceus\n|-supereffective|p1a: Arceus\n|-damage|p1a: Arceus|19\/100 brn\n|move|p1a: Arceus|Recover|p1a: Arceus\n|-heal|p1a: Arceus|69\/100 brn\n|\n|-weather|SunnyDay|[upkeep]\n|-damage|p1a: Arceus|63\/100 brn|[from] brn\n|upkeep\n|turn|15\n|\n|t:|1700955102\n|move|p2a: Greninja|Water Shuriken|p1a: Arceus\n|-damage|p1a: Arceus|61\/100 brn\n|-damage|p1a: Arceus|60\/100 brn\n|-damage|p1a: Arceus|59\/100 brn\n|-damage|p1a: Arceus|57\/100 brn\n|-damage|p1a: Arceus|56\/100 brn\n|-hitcount|p1a: Arceus|5\n|move|p1a: Arceus|Ice Beam|p2a: Greninja\n|-resisted|p2a: Greninja\n|-damage|p2a: Greninja|72\/100\n|\n|-weather|none\n|-damage|p1a: Arceus|50\/100 brn|[from] brn\n|upkeep\n|turn|16\n|\n|t:|1700955113\n|move|p2a: Greninja|Ice Beam|p1a: Arceus\n|-damage|p1a: Arceus|38\/100 brn\n|move|p1a: Arceus|Recover|p1a: Arceus\n|-heal|p1a: Arceus|88\/100 brn\n|\n|-damage|p1a: Arceus|82\/100 brn|[from] brn\n|upkeep\n|turn|17\n|\n|t:|1700955118\n|move|p2a: Greninja|Ice Beam|p1a: Arceus\n|-damage|p1a: Arceus|70\/100 brn\n|move|p1a: Arceus|Earth Power|p2a: Greninja\n|-damage|p2a: Greninja|13\/100\n|\n|-damage|p1a: Arceus|64\/100 brn|[from] brn\n|upkeep\n|turn|18\n|\n|t:|1700955123\n|-terastallize|p2a: Greninja|Water\n|move|p2a: Greninja|Water Shuriken|p1a: Arceus\n|-damage|p1a: Arceus|60\/100 brn\n|-damage|p1a: Arceus|55\/100 brn\n|-damage|p1a: Arceus|51\/100 brn\n|-damage|p1a: Arceus|46\/100 brn\n|-hitcount|p1a: Arceus|4\n|move|p1a: Arceus|Earth Power|p2a: Greninja\n|-damage|p2a: Greninja|0 fnt\n|faint|p2a: Greninja\n|\n|win|Cranberry1\n|raw|Cranberry1's rating: 1076 &rarr; <strong>1098<\/strong><br \/>(+22 for winning)\n|raw|Johnpeterson11's rating: 1000 &rarr; <strong>1000<\/strong><br \/>(+0 for losing)\n|c|\u2606Cranberry1|GGS\n|l|\u2606Johnpeterson11\n","uploadtime":1700955131,"views":7,"p1id":"cranberry1","p2id":"johnpeterson11","formatid":"gen9ubers","rating":1000,"private":0,"password":""}