{"id":"gen9ubers-1984995145","p1":"SilverSlime","p2":"Dragon_Undead1","format":"[Gen 9] Ubers","log":"|j|\u2606SilverSlime\n|j|\u2606Dragon_Undead1\n|t:|1699318725\n|gametype|singles\n|player|p1|SilverSlime|larry|\n|player|p2|Dragon_Undead1|veteran|\n|teamsize|p1|6\n|teamsize|p2|6\n|gen|9\n|tier|[Gen 9] Ubers\n|rule|Sleep Clause Mod: Limit one foe put to sleep\n|rule|Species Clause: Limit one of each Pok\u00e9mon\n|rule|OHKO Clause: OHKO moves are banned\n|rule|Evasion Items Clause: Evasion items are banned\n|rule|Evasion Moves Clause: Evasion moves are banned\n|rule|Endless Battle Clause: Forcing endless battles is banned\n|rule|HP Percentage Mod: HP is shown in percentages\n|clearpoke\n|poke|p1|Politoed, M|\n|poke|p1|Barraskewda, F|\n|poke|p1|Basculegion, M|\n|poke|p1|Sinistcha|\n|poke|p1|Kingambit, M|\n|poke|p1|Ludicolo, M|\n|poke|p2|Ogerpon-Hearthflame, F|\n|poke|p2|Gliscor, M|\n|poke|p2|Ribombee, F|\n|poke|p2|Annihilape, M|\n|poke|p2|Kingambit, M|\n|poke|p2|Munkidori, M|\n|teampreview\n|inactive|Battle timer is ON: inactive players will automatically lose when time's up. (requested by SilverSlime)\n|\n|t:|1699318738\n|start\n|switch|p1a: Sinistcha|Sinistcha|100\/100\n|switch|p2a: Annihilape|Annihilape, M|100\/100\n|turn|1\n|\n|t:|1699318753\n|move|p2a: Annihilape|Taunt|p1a: Sinistcha\n|-start|p1a: Sinistcha|move: Taunt\n|cant|p1a: Sinistcha|move: Taunt|Trick Room\n|\n|upkeep\n|turn|2\n|\n|t:|1699318757\n|move|p2a: Annihilape|Bulk Up|p2a: Annihilape\n|-boost|p2a: Annihilape|atk|1\n|-boost|p2a: Annihilape|def|1\n|move|p1a: Sinistcha|Shadow Ball|p2a: Annihilape\n|-supereffective|p2a: Annihilape\n|-damage|p2a: Annihilape|46\/100\n|-unboost|p2a: Annihilape|spd|1\n|-ability|p2a: Annihilape|Defiant|boost\n|-boost|p2a: Annihilape|atk|2\n|\n|-heal|p2a: Annihilape|52\/100|[from] item: Leftovers\n|upkeep\n|turn|3\n|\n|t:|1699318769\n|-terastallize|p1a: Sinistcha|Dark\n|move|p2a: Annihilape|Rage Fist|p1a: Sinistcha\n|-resisted|p1a: Sinistcha\n|-damage|p1a: Sinistcha|59\/100\n|move|p1a: Sinistcha|Shadow Ball|p2a: Annihilape\n|-supereffective|p2a: Annihilape\n|-damage|p2a: Annihilape|0 fnt\n|faint|p2a: Annihilape\n|\n|-heal|p1a: Sinistcha|65\/100|[from] item: Leftovers\n|-end|p1a: Sinistcha|move: Taunt\n|upkeep\n|\n|t:|1699318783\n|switch|p2a: Munkidori|Munkidori, M|100\/100\n|turn|4\n|\n|t:|1699318789\n|move|p2a: Munkidori|Focus Blast|p1a: Sinistcha\n|-supereffective|p1a: Sinistcha\n|-damage|p1a: Sinistcha|0 fnt\n|faint|p1a: Sinistcha\n|\n|upkeep\n|\n|t:|1699318793\n|switch|p1a: Politoed|Politoed, M|100\/100\n|-weather|RainDance|[from] ability: Drizzle|[of] p1a: Politoed\n|turn|5\n|\n|t:|1699318800\n|switch|p1a: Kingambit|Kingambit, M|100\/100\n|-activate|p1a: Kingambit|ability: Supreme Overlord\n|-start|p1a: Kingambit|fallen1|[silent]\n|move|p2a: Munkidori|Focus Blast|p1a: Kingambit\n|-supereffective|p1a: Kingambit\n|-damage|p1a: Kingambit|0 fnt\n|faint|p1a: Kingambit\n|-end|p1a: Kingambit|fallen1|[silent]\n|\n|-weather|RainDance|[upkeep]\n|upkeep\n|c|\u2606SilverSlime|lucky\n|\n|t:|1699318808\n|switch|p1a: Barraskewda|Barraskewda, F|100\/100\n|turn|6\n|c|\u2606Dragon_Undead1|how\n|\n|t:|1699318813\n|move|p1a: Barraskewda|Liquidation|p2a: Munkidori\n|-damage|p2a: Munkidori|0 fnt\n|faint|p2a: Munkidori\n|\n|-weather|RainDance|[upkeep]\n|upkeep\n|c|\u2606SilverSlime|You landed 3 total between this and last game\n|c|\u2606SilverSlime|:(\n|\n|t:|1699318829\n|switch|p2a: Ribombee|Ribombee, F, shiny|100\/100\n|turn|7\n|c|\u2606Dragon_Undead1|first for everything it seems\n|\n|t:|1699318845\n|move|p1a: Barraskewda|Liquidation|p2a: Ribombee\n|-enditem|p2a: Ribombee|Focus Sash\n|-damage|p2a: Ribombee|1\/100\n|move|p2a: Ribombee|Tailwind|p2a: Ribombee\n|-sidestart|p2: Dragon_Undead1|move: Tailwind\n|\n|-weather|RainDance|[upkeep]\n|upkeep\n|turn|8\n|\n|t:|1699318857\n|move|p2a: Ribombee|Sticky Web|p1a: Barraskewda\n|-sidestart|p1: SilverSlime|move: Sticky Web\n|move|p1a: Barraskewda|Liquidation|p2a: Ribombee\n|-damage|p2a: Ribombee|0 fnt\n|faint|p2a: Ribombee\n|\n|-weather|RainDance|[upkeep]\n|upkeep\n|\n|t:|1699318871\n|switch|p2a: Ogerpon|Ogerpon-Hearthflame, F|100\/100\n|-ability|p2a: Ogerpon|Mold Breaker\n|turn|9\n|\n|t:|1699318876\n|move|p2a: Ogerpon|Spiky Shield|p2a: Ogerpon\n|-singleturn|p2a: Ogerpon|move: Protect\n|move|p1a: Barraskewda|Liquidation|p2a: Ogerpon\n|-activate|p2a: Ogerpon|move: Protect\n|-damage|p1a: Barraskewda|88\/100|[from] Spiky Shield|[of] p2a: Ogerpon\n|\n|-weather|RainDance|[upkeep]\n|upkeep\n|turn|10\n|\n|t:|1699318883\n|move|p1a: Barraskewda|Liquidation|p2a: Ogerpon\n|-damage|p2a: Ogerpon|0 fnt\n|faint|p2a: Ogerpon\n|\n|-weather|RainDance|[upkeep]\n|-sideend|p2: Dragon_Undead1|move: Tailwind\n|upkeep\n|\n|t:|1699318889\n|switch|p2a: Kingambit|Kingambit, M|100\/100\n|-activate|p2a: Kingambit|ability: Supreme Overlord\n|-start|p2a: Kingambit|fallen4|[silent]\n|turn|11\n|\n|t:|1699318896\n|move|p2a: Kingambit|Sucker Punch|p1a: Barraskewda\n|-damage|p1a: Barraskewda|0 fnt\n|faint|p1a: Barraskewda\n|\n|-weather|RainDance|[upkeep]\n|upkeep\n|\n|t:|1699318898\n|switch|p1a: Ludicolo|Ludicolo, M|100\/100\n|-activate|p1a: Ludicolo|move: Sticky Web\n|-unboost|p1a: Ludicolo|spe|1\n|turn|12\n|\n|t:|1699318907\n|-terastallize|p2a: Kingambit|Fairy\n|move|p1a: Ludicolo|Weather Ball|p2a: Kingambit\n|-damage|p2a: Kingambit|8\/100\n|-damage|p1a: Ludicolo|91\/100|[from] item: Life Orb\n|move|p2a: Kingambit|Swords Dance|p2a: Kingambit\n|-boost|p2a: Kingambit|atk|2\n|\n|-weather|none\n|upkeep\n|turn|13\n|\n|t:|1699318918\n|move|p2a: Kingambit|Sucker Punch|p1a: Ludicolo\n|-damage|p1a: Ludicolo|0 fnt\n|faint|p1a: Ludicolo\n|\n|upkeep\n|\n|t:|1699318920\n|switch|p1a: Politoed|Politoed, M|100\/100\n|-activate|p1a: Politoed|move: Sticky Web\n|-unboost|p1a: Politoed|spe|1\n|-weather|RainDance|[from] ability: Drizzle|[of] p1a: Politoed\n|turn|14\n|\n|t:|1699318926\n|move|p2a: Kingambit|Sucker Punch|p1a: Politoed\n|-damage|p1a: Politoed|0 fnt\n|faint|p1a: Politoed\n|\n|-weather|RainDance|[upkeep]\n|upkeep\n|\n|t:|1699318928\n|switch|p1a: Basculegion|Basculegion, M|100\/100\n|-activate|p1a: Basculegion|move: Sticky Web\n|-unboost|p1a: Basculegion|spe|1\n|turn|15\n|\n|t:|1699318933\n|move|p1a: Basculegion|Aqua Jet|p2a: Kingambit\n|-damage|p2a: Kingambit|0 fnt\n|faint|p2a: Kingambit\n|-end|p2a: Kingambit|fallen4|[silent]\n|-damage|p1a: Basculegion|91\/100|[from] item: Life Orb\n|\n|-weather|RainDance|[upkeep]\n|upkeep\n|c|\u2606SilverSlime|GG\n|\n|t:|1699318940\n|switch|p2a: Gliscor|Gliscor, M, shiny|100\/100\n|turn|16\n|c|\u2606Dragon_Undead1|GG\n|\n|t:|1699318944\n|move|p1a: Basculegion|Liquidation|p2a: Gliscor\n|-supereffective|p2a: Gliscor\n|-damage|p2a: Gliscor|0 fnt\n|faint|p2a: Gliscor\n|-damage|p1a: Basculegion|81\/100|[from] item: Life Orb\n|\n|win|SilverSlime\n","uploadtime":1699318948,"views":4,"p1id":"silverslime","p2id":"dragonundead1","formatid":"gen9ubers","rating":0,"private":0,"password":""}