{"id":"gen9ubers-1977000320","p1":"Trainer Lore","p2":"ImGoodATM","format":"[Gen 9] Ubers","log":"|j|\u2606Trainer Lore\n|j|\u2606ImGoodATM\n|t:|1698360424\n|gametype|singles\n|player|p1|Trainer Lore|veteranf|\n|player|p2|ImGoodATM|will|\n|teamsize|p1|6\n|teamsize|p2|6\n|gen|9\n|tier|[Gen 9] Ubers\n|rule|Sleep Clause Mod: Limit one foe put to sleep\n|rule|Species Clause: Limit one of each Pok\u00e9mon\n|rule|OHKO Clause: OHKO moves are banned\n|rule|Evasion Items Clause: Evasion items are banned\n|rule|Evasion Moves Clause: Evasion moves are banned\n|rule|Endless Battle Clause: Forcing endless battles is banned\n|rule|HP Percentage Mod: HP is shown in percentages\n|clearpoke\n|poke|p1|Greninja-*, M|\n|poke|p1|Kingambit, F|\n|poke|p1|Roaring Moon|\n|poke|p1|Tyranitar, F|\n|poke|p1|Meowscarada, F|\n|poke|p1|Weavile, F|\n|poke|p2|Iron Moth|\n|poke|p2|Sneasler, F|\n|poke|p2|Glimmora, F|\n|poke|p2|Grafaiai, M|\n|poke|p2|Gengar, F|\n|poke|p2|Toxtricity-Low-Key, F|\n|teampreview\n|inactive|Battle timer is ON: inactive players will automatically lose when time's up. (requested by Trainer Lore)\n|\n|t:|1698360454\n|start\n|switch|p1a: Kaiju|Tyranitar, F|100\/100\n|switch|p2a: Glimmora|Glimmora, F|100\/100\n|-weather|Sandstorm|[from] ability: Sand Stream|[of] p1a: Kaiju\n|turn|1\n|\n|t:|1698360464\n|move|p2a: Glimmora|Spiky Shield|p2a: Glimmora\n|-singleturn|p2a: Glimmora|move: Protect\n|move|p1a: Kaiju|Dragon Dance|p1a: Kaiju\n|-boost|p1a: Kaiju|atk|1\n|-boost|p1a: Kaiju|spe|1\n|\n|-weather|Sandstorm|[upkeep]\n|upkeep\n|turn|2\n|\n|t:|1698360472\n|move|p1a: Kaiju|Earthquake|p2a: Glimmora\n|-supereffective|p2a: Glimmora\n|-enditem|p2a: Glimmora|Focus Sash\n|-damage|p2a: Glimmora|1\/100\n|-activate|p2a: Glimmora|ability: Toxic Debris\n|-sidestart|p1: Trainer Lore|move: Toxic Spikes\n|move|p2a: Glimmora|Stealth Rock|p1a: Kaiju\n|-sidestart|p1: Trainer Lore|move: Stealth Rock\n|\n|-weather|Sandstorm|[upkeep]\n|upkeep\n|turn|3\n|\n|t:|1698360483\n|move|p1a: Kaiju|Dragon Dance|p1a: Kaiju\n|-boost|p1a: Kaiju|atk|1\n|-boost|p1a: Kaiju|spe|1\n|move|p2a: Glimmora|Spikes|p1a: Kaiju\n|-sidestart|p1: Trainer Lore|Spikes\n|\n|-weather|Sandstorm|[upkeep]\n|upkeep\n|turn|4\n|\n|t:|1698360493\n|move|p1a: Kaiju|Earthquake|p2a: Glimmora\n|-supereffective|p2a: Glimmora\n|-damage|p2a: Glimmora|0 fnt\n|-activate|p2a: Glimmora|ability: Toxic Debris\n|-sidestart|p1: Trainer Lore|move: Toxic Spikes\n|faint|p2a: Glimmora\n|\n|-weather|Sandstorm|[upkeep]\n|upkeep\n|\n|t:|1698360498\n|switch|p2a: Sneasler|Sneasler, F|100\/100\n|-item|p2a: Sneasler|Air Balloon\n|turn|5\n|\n|t:|1698360513\n|-terastallize|p1a: Kaiju|Poison\n|move|p1a: Kaiju|Rock Blast|p2a: Sneasler\n|-resisted|p2a: Sneasler\n|-damage|p2a: Sneasler|76\/100\n|-enditem|p2a: Sneasler|Air Balloon\n|-resisted|p2a: Sneasler\n|-damage|p2a: Sneasler|54\/100\n|-resisted|p2a: Sneasler\n|-damage|p2a: Sneasler|32\/100\n|-resisted|p2a: Sneasler\n|-damage|p2a: Sneasler|11\/100\n|-hitcount|p2a: Sneasler|4\n|move|p2a: Sneasler|Close Combat|p1a: Kaiju\n|-resisted|p1a: Kaiju\n|-damage|p1a: Kaiju|68\/100\n|-unboost|p2a: Sneasler|def|1\n|-unboost|p2a: Sneasler|spd|1\n|\n|-weather|none\n|upkeep\n|turn|6\n|\n|t:|1698360530\n|move|p2a: Sneasler|Shadow Claw|p1a: Kaiju\n|-crit|p1a: Kaiju\n|-damage|p1a: Kaiju|34\/100\n|move|p1a: Kaiju|Rock Blast|p2a: Sneasler\n|-resisted|p2a: Sneasler\n|-damage|p2a: Sneasler|0 fnt\n|faint|p2a: Sneasler\n|-hitcount|p2: Sneasler|1\n|\n|upkeep\n|\n|t:|1698360536\n|switch|p2a: Gengar|Gengar, F|100\/100\n|turn|7\n|\n|t:|1698360548\n|move|p1a: Kaiju|Earthquake|p2a: Gengar\n|-supereffective|p2a: Gengar\n|-damage|p2a: Gengar|0 fnt\n|faint|p2a: Gengar\n|\n|upkeep\n|\n|t:|1698360550\n|switch|p2a: Grafaiai|Grafaiai, M|100\/100\n|turn|8\n|\n|t:|1698360555\n|move|p2a: Grafaiai|Sunny Day|p2a: Grafaiai\n|-weather|SunnyDay\n|move|p1a: Kaiju|Earthquake|p2a: Grafaiai\n|-supereffective|p2a: Grafaiai\n|-damage|p2a: Grafaiai|0 fnt\n|faint|p2a: Grafaiai\n|\n|-weather|SunnyDay|[upkeep]\n|upkeep\n|\n|t:|1698360561\n|switch|p2a: Iron Moth|Iron Moth|100\/100\n|turn|9\n|\n|t:|1698360570\n|-terastallize|p2a: Iron Moth|Grass\n|move|p1a: Kaiju|Rock Blast|p2a: Iron Moth\n|-damage|p2a: Iron Moth|58\/100\n|-damage|p2a: Iron Moth|10\/100\n|-damage|p2a: Iron Moth|0 fnt\n|faint|p2a: Iron Moth\n|-end|p2a: Iron Moth|Quark Drive|[silent]\n|-hitcount|p2: Iron Moth|3\n|\n|-weather|SunnyDay|[upkeep]\n|upkeep\n|\n|t:|1698360573\n|switch|p2a: Toxtricity|Toxtricity-Low-Key, F|100\/100\n|turn|10\n|\n|t:|1698360577\n|move|p1a: Kaiju|Earthquake|p2a: Toxtricity\n|-supereffective|p2a: Toxtricity\n|-damage|p2a: Toxtricity|0 fnt\n|faint|p2a: Toxtricity\n|\n|win|Trainer Lore\n|c|\u2606Trainer Lore|geegee\n|l|\u2606ImGoodATM\n|j|\u2606ImGoodATM\n|player|p2|ImGoodATM|will\n|n|\u2606ImGoodATM|imgoodatm\n|l|\u2606ImGoodATM\n|player|p2|\n|l|\u2606Trainer Lore\n|j|\u2606Trainer Lore\n|player|p1|Trainer Lore|veteranf\n","uploadtime":1698360838,"views":18,"p1id":"trainerlore","p2id":"imgoodatm","formatid":"gen9ubers","rating":0,"private":0,"password":""}