{"id":"gen9ubers-1990187227","p1":"Nuttyr","p2":"shuckleshellshock","format":"[Gen 9] Ubers","log":"|j|\u2606Nuttyr\n|j|\u2606shuckleshellshock\n|t:|1699934607\n|gametype|singles\n|player|p1|Nuttyr|lucas|\n|player|p2|shuckleshellshock|nate|\n|teamsize|p1|6\n|teamsize|p2|6\n|gen|9\n|tier|[Gen 9] Ubers\n|rule|Sleep Clause Mod: Limit one foe put to sleep\n|rule|Species Clause: Limit one of each Pok\u00e9mon\n|rule|OHKO Clause: OHKO moves are banned\n|rule|Evasion Items Clause: Evasion items are banned\n|rule|Evasion Moves Clause: Evasion moves are banned\n|rule|Endless Battle Clause: Forcing endless battles is banned\n|rule|HP Percentage Mod: HP is shown in percentages\n|clearpoke\n|poke|p1|Dipplin, M|\n|poke|p1|Samurott-Hisui, F|\n|poke|p1|Garganacl, F|\n|poke|p1|Quaquaval, M|\n|poke|p1|Ninetales-Alola, F|\n|poke|p1|Maushold-Four|\n|poke|p2|Pincurchin, F|\n|poke|p2|Iron Leaves|\n|poke|p2|Azumarill, F|\n|poke|p2|Volcarona, F|\n|poke|p2|Gliscor, F|\n|poke|p2|Goodra-Hisui, M|\n|teampreview\n|inactive|Battle timer is ON: inactive players will automatically lose when time's up. (requested by Nuttyr)\n|inactive|Nuttyr has 270 seconds left.\n|\n|t:|1699934647\n|start\n|switch|p1a: NaCl|Garganacl, F|100\/100\n|switch|p2a: palafin at home|Azumarill, F|100\/100\n|turn|1\n|\n|t:|1699934652\n|-terastallize|p1a: NaCl|Water\n|move|p2a: palafin at home|Belly Drum|p2a: palafin at home\n|-damage|p2a: palafin at home|50\/100\n|-setboost|p2a: palafin at home|atk|6|[from] move: Belly Drum\n|-enditem|p2a: palafin at home|Sitrus Berry|[eat]\n|-heal|p2a: palafin at home|75\/100|[from] item: Sitrus Berry\n|move|p1a: NaCl|Salt Cure|p2a: palafin at home\n|-damage|p2a: palafin at home|61\/100\n|-start|p2a: palafin at home|Salt Cure\n|\n|-damage|p2a: palafin at home|36\/100|[from] Salt Cure\n|upkeep\n|turn|2\n|\n|t:|1699934667\n|switch|p1a: The Throngler|Dipplin, M|100\/100\n|move|p2a: palafin at home|Superpower|p1a: The Throngler\n|-damage|p1a: The Throngler|0 fnt\n|-unboost|p2a: palafin at home|atk|1\n|-unboost|p2a: palafin at home|def|1\n|faint|p1a: The Throngler\n|\n|-damage|p2a: palafin at home|11\/100|[from] Salt Cure\n|upkeep\n|\n|t:|1699934678\n|switch|p1a: Maushold|Maushold-Four|100\/100\n|turn|3\n|\n|t:|1699934683\n|move|p2a: palafin at home|Aqua Jet|p1a: Maushold\n|-damage|p1a: Maushold|0 fnt\n|faint|p1a: Maushold\n|\n|-damage|p2a: palafin at home|0 fnt|[from] Salt Cure\n|faint|p2a: palafin at home\n|upkeep\n|\n|t:|1699934695\n|switch|p1a: NaCl|Garganacl, F, tera:Water|100\/100\n|switch|p2a: immortal snail|Goodra-Hisui, M|100\/100\n|turn|4\n|\n|t:|1699934701\n|move|p2a: immortal snail|Thunderbolt|p1a: NaCl\n|-supereffective|p1a: NaCl\n|-damage|p1a: NaCl|62\/100\n|move|p1a: NaCl|Salt Cure|p2a: immortal snail\n|-resisted|p2a: immortal snail\n|-damage|p2a: immortal snail|94\/100\n|-start|p2a: immortal snail|Salt Cure\n|\n|-heal|p1a: NaCl|68\/100|[from] item: Leftovers\n|-damage|p2a: immortal snail|69\/100|[from] Salt Cure\n|upkeep\n|turn|5\n|\n|t:|1699934708\n|move|p2a: immortal snail|Thunderbolt|p1a: NaCl\n|-supereffective|p1a: NaCl\n|-crit|p1a: NaCl\n|-damage|p1a: NaCl|18\/100\n|move|p1a: NaCl|Recover|p1a: NaCl\n|-heal|p1a: NaCl|68\/100\n|\n|-heal|p1a: NaCl|74\/100|[from] item: Leftovers\n|-damage|p2a: immortal snail|44\/100|[from] Salt Cure\n|upkeep\n|turn|6\n|\n|t:|1699934717\n|move|p2a: immortal snail|Thunderbolt|p1a: NaCl\n|-supereffective|p1a: NaCl\n|-damage|p1a: NaCl|36\/100\n|move|p1a: NaCl|Recover|p1a: NaCl\n|-heal|p1a: NaCl|86\/100\n|\n|-heal|p1a: NaCl|92\/100|[from] item: Leftovers\n|-damage|p2a: immortal snail|19\/100|[from] Salt Cure\n|upkeep\n|turn|7\n|\n|t:|1699934722\n|move|p2a: immortal snail|Thunderbolt|p1a: NaCl\n|-supereffective|p1a: NaCl\n|-damage|p1a: NaCl|58\/100\n|move|p1a: NaCl|Stealth Rock|p2a: immortal snail\n|-sidestart|p2: shuckleshellshock|move: Stealth Rock\n|\n|-heal|p1a: NaCl|64\/100|[from] item: Leftovers\n|-damage|p2a: immortal snail|0 fnt|[from] Salt Cure\n|faint|p2a: immortal snail\n|upkeep\n|\n|t:|1699934732\n|switch|p2a: 11pt uber|Gliscor, F|100\/100\n|-damage|p2a: 11pt uber|88\/100|[from] Stealth Rock\n|turn|8\n|\n|t:|1699934747\n|move|p2a: 11pt uber|Substitute|p2a: 11pt uber\n|-start|p2a: 11pt uber|Substitute\n|-damage|p2a: 11pt uber|63\/100\n|move|p1a: NaCl|Iron Defense|p1a: NaCl\n|-boost|p1a: NaCl|def|2\n|\n|-heal|p1a: NaCl|70\/100|[from] item: Leftovers\n|-status|p2a: 11pt uber|tox|[from] item: Toxic Orb\n|upkeep\n|turn|9\n|\n|t:|1699934755\n|move|p2a: 11pt uber|Toxic|p1a: NaCl\n|-immune|p1a: NaCl|[from] ability: Purifying Salt\n|move|p1a: NaCl|Salt Cure|p2a: 11pt uber\n|-activate|p2a: 11pt uber|move: Substitute|[damage]\n|\n|-heal|p1a: NaCl|76\/100|[from] item: Leftovers\n|-heal|p2a: 11pt uber|76\/100 tox|[from] ability: Poison Heal\n|upkeep\n|turn|10\n|\n|t:|1699934769\n|move|p2a: 11pt uber|Earthquake|p1a: NaCl\n|-damage|p1a: NaCl|64\/100\n|move|p1a: NaCl|Salt Cure|p2a: 11pt uber\n|-activate|p2a: 11pt uber|move: Substitute|[damage]\n|\n|-heal|p1a: NaCl|70\/100|[from] item: Leftovers\n|-heal|p2a: 11pt uber|88\/100 tox|[from] ability: Poison Heal\n|upkeep\n|turn|11\n|\n|t:|1699934774\n|move|p2a: 11pt uber|Earthquake|p1a: NaCl\n|-damage|p1a: NaCl|58\/100\n|move|p1a: NaCl|Salt Cure|p2a: 11pt uber\n|-activate|p2a: 11pt uber|move: Substitute|[damage]\n|\n|-heal|p1a: NaCl|64\/100|[from] item: Leftovers\n|-heal|p2a: 11pt uber|100\/100 tox|[from] ability: Poison Heal\n|upkeep\n|turn|12\n|\n|t:|1699934794\n|switch|p2a: cannon fodder|Pincurchin, F|100\/100\n|-damage|p2a: cannon fodder|88\/100|[from] Stealth Rock\n|-fieldstart|move: Electric Terrain|[from] ability: Electric Surge|[of] p2a: cannon fodder\n|move|p1a: NaCl|Recover|p1a: NaCl\n|-heal|p1a: NaCl|100\/100\n|\n|upkeep\n|turn|13\n|\n|t:|1699934804\n|switch|p1a: Ballcrusher|Ninetales-Alola, F|100\/100\n|-weather|Snow|[from] ability: Snow Warning|[of] p1a: Ballcrusher\n|move|p2a: cannon fodder|Thunder Wave|p1a: Ballcrusher\n|-status|p1a: Ballcrusher|par\n|\n|-weather|Snow|[upkeep]\n|upkeep\n|turn|14\n|\n|t:|1699934808\n|cant|p1a: Ballcrusher|par\n|move|p2a: cannon fodder|Memento|p1a: Ballcrusher\n|-unboost|p1a: Ballcrusher|atk|2\n|-unboost|p1a: Ballcrusher|spa|2\n|faint|p2a: cannon fodder\n|\n|-weather|Snow|[upkeep]\n|upkeep\n|\n|t:|1699934816\n|switch|p2a: papa roach|Volcarona, F|100\/100\n|-damage|p2a: papa roach|50\/100|[from] Stealth Rock\n|turn|15\n|\n|t:|1699934823\n|switch|p1a: Edgelord|Samurott-Hisui, F|100\/100\n|move|p2a: papa roach|Fiery Dance|p1a: Edgelord\n|-resisted|p1a: Edgelord\n|-damage|p1a: Edgelord|67\/100\n|-boost|p2a: papa roach|spa|1\n|\n|-weather|Snow|[upkeep]\n|upkeep\n|turn|16\n|\n|t:|1699934831\n|move|p1a: Edgelord|Aqua Cutter|p2a: papa roach\n|-supereffective|p2a: papa roach\n|-damage|p2a: papa roach|0 fnt\n|faint|p2a: papa roach\n|\n|-weather|Snow|[upkeep]\n|upkeep\n|\n|t:|1699934839\n|switch|p2a: Verizon wireless|Iron Leaves|100\/100\n|-damage|p2a: Verizon wireless|88\/100|[from] Stealth Rock\n|-activate|p2a: Verizon wireless|ability: Quark Drive\n|-start|p2a: Verizon wireless|quarkdriveatk\n|turn|17\n|\n|t:|1699934852\n|switch|p1a: Ballcrusher|Ninetales-Alola, F|100\/100 par\n|move|p2a: Verizon wireless|Leaf Blade|p1a: Ballcrusher\n|-damage|p1a: Ballcrusher|23\/100 par\n|-damage|p2a: Verizon wireless|78\/100|[from] item: Life Orb\n|\n|-weather|none\n|upkeep\n|turn|18\n|\n|t:|1699934858\n|move|p2a: Verizon wireless|Leaf Blade|p1a: Ballcrusher\n|-damage|p1a: Ballcrusher|0 fnt\n|faint|p1a: Ballcrusher\n|-damage|p2a: Verizon wireless|68\/100|[from] item: Life Orb\n|\n|upkeep\n|\n|t:|1699934865\n|switch|p1a: Edgelord|Samurott-Hisui, F|67\/100\n|turn|19\n|\n|t:|1699934868\n|move|p1a: Edgelord|Knock Off|p2a: Verizon wireless\n|-supereffective|p2a: Verizon wireless\n|-damage|p2a: Verizon wireless|0 fnt\n|-enditem|p2a: Verizon wireless|Life Orb|[from] move: Knock Off|[of] p1a: Edgelord\n|faint|p2a: Verizon wireless\n|-end|p2a: Verizon wireless|Quark Drive|[silent]\n|\n|-fieldend|move: Electric Terrain\n|upkeep\n|\n|t:|1699934870\n|switch|p2a: 11pt uber|Gliscor, F|100\/100 tox\n|-damage|p2a: 11pt uber|88\/100 tox|[from] Stealth Rock\n|turn|20\n|\n|t:|1699934879\n|move|p1a: Edgelord|Knock Off|p2a: 11pt uber\n|-damage|p2a: 11pt uber|59\/100 tox\n|-enditem|p2a: 11pt uber|Toxic Orb|[from] move: Knock Off|[of] p1a: Edgelord\n|move|p2a: 11pt uber|Substitute|p2a: 11pt uber\n|-start|p2a: 11pt uber|Substitute\n|-damage|p2a: 11pt uber|34\/100 tox\n|\n|-heal|p2a: 11pt uber|47\/100 tox|[from] ability: Poison Heal\n|upkeep\n|turn|21\n|\n|t:|1699934889\n|move|p1a: Edgelord|Knock Off|p2a: 11pt uber\n|-activate|p2a: 11pt uber|move: Substitute|[damage]\n|move|p2a: 11pt uber|Earthquake|p1a: Edgelord\n|-damage|p1a: Edgelord|31\/100\n|\n|-heal|p2a: 11pt uber|59\/100 tox|[from] ability: Poison Heal\n|upkeep\n|turn|22\n|\n|t:|1699934894\n|move|p1a: Edgelord|Knock Off|p2a: 11pt uber\n|-end|p2a: 11pt uber|Substitute\n|move|p2a: 11pt uber|Earthquake|p1a: Edgelord\n|-damage|p1a: Edgelord|0 fnt\n|faint|p1a: Edgelord\n|\n|-heal|p2a: 11pt uber|72\/100 tox|[from] ability: Poison Heal\n|upkeep\n|\n|t:|1699934898\n|switch|p1a: Howard|Quaquaval, M|100\/100\n|turn|23\n|\n|t:|1699934902\n|move|p1a: Howard|Ice Spinner|p2a: 11pt uber\n|-supereffective|p2a: 11pt uber\n|-damage|p2a: 11pt uber|4\/100 tox\n|move|p2a: 11pt uber|Substitute|p2a: 11pt uber\n|-fail|p2a: 11pt uber|move: Substitute|[weak]\n|\n|-heal|p2a: 11pt uber|16\/100 tox|[from] ability: Poison Heal\n|upkeep\n|turn|24\n|\n|t:|1699934910\n|move|p2a: 11pt uber|Protect|p2a: 11pt uber\n|-singleturn|p2a: 11pt uber|Protect\n|move|p1a: Howard|Aqua Step|p2a: 11pt uber\n|-activate|p2a: 11pt uber|move: Protect\n|\n|-heal|p2a: 11pt uber|29\/100 tox|[from] ability: Poison Heal\n|upkeep\n|turn|25\n|\n|t:|1699934916\n|move|p1a: Howard|Aqua Step|p2a: 11pt uber\n|-supereffective|p2a: 11pt uber\n|-damage|p2a: 11pt uber|0 fnt\n|-boost|p1a: Howard|spe|1\n|faint|p2a: 11pt uber\n|\n|win|Nuttyr\n|l|\u2606shuckleshellshock\n","uploadtime":1699934943,"views":14,"p1id":"nuttyr","p2id":"shuckleshellshock","formatid":"gen9ubers","rating":0,"private":0,"password":""}