{"id":"gen9ubers-1986794587","p1":"SamsungS5","p2":"Pickles0exe","format":"[Gen 9] Ubers","log":"|j|\u2606SamsungS5\n|j|\u2606Pickles0exe\n|t:|1699526314\n|gametype|singles\n|player|p1|SamsungS5|gambler|\n|player|p2|Pickles0exe|policeman-gen4|\n|teamsize|p1|6\n|teamsize|p2|6\n|gen|9\n|tier|[Gen 9] Ubers\n|rule|Sleep Clause Mod: Limit one foe put to sleep\n|rule|Species Clause: Limit one of each Pok\u00e9mon\n|rule|OHKO Clause: OHKO moves are banned\n|rule|Evasion Items Clause: Evasion items are banned\n|rule|Evasion Moves Clause: Evasion moves are banned\n|rule|Endless Battle Clause: Forcing endless battles is banned\n|rule|HP Percentage Mod: HP is shown in percentages\n|clearpoke\n|poke|p1|Ogerpon-Hearthflame, F|\n|poke|p1|Baxcalibur, M|\n|poke|p1|Ditto|\n|poke|p1|Enamorus-Therian, F|\n|poke|p1|Tauros-Paldea-Aqua, M|\n|poke|p1|Squawkabilly-White, M|\n|poke|p2|Arbok, M|\n|poke|p2|Ludicolo, F|\n|poke|p2|Arcanine, M|\n|poke|p2|Electrode|\n|poke|p2|Flamigo, M|\n|poke|p2|Tinkaton, F|\n|teampreview\n|c|\u2606Pickles0exe|glhf\n|c|\u2606SamsungS5|you too\n|\n|t:|1699526356\n|start\n|switch|p1a: Squawkabilly|Squawkabilly-White, M|100\/100\n|switch|p2a: Boop|Arbok, M|100\/100\n|-ability|p2a: Boop|Intimidate|boost\n|-unboost|p1a: Squawkabilly|atk|1\n|turn|1\n|j| StealthR2\n|j| thatguy_313\n|c| StealthR2|hes finally brought the bird\n|j| SandySubway\n|\n|t:|1699526429\n|move|p1a: Squawkabilly|Brave Bird|p2a: Boop\n|-damage|p2a: Boop|37\/100\n|-damage|p1a: Squawkabilly|82\/100|[from] Recoil\n|move|p2a: Boop|Toxic Spikes|p1a: Squawkabilly\n|-sidestart|p1: SamsungS5|move: Toxic Spikes\n|\n|upkeep\n|turn|2\n|j| nicneg\n|\n|t:|1699526479\n|switch|p2a: Desu~|Tinkaton, F|100\/100\n|-ability|p2a: Desu~|Mold Breaker\n|move|p1a: Squawkabilly|Brave Bird|p2a: Desu~\n|-resisted|p2a: Desu~\n|-damage|p2a: Desu~|66\/100\n|-damage|p1a: Squawkabilly|71\/100|[from] Recoil\n|\n|upkeep\n|turn|3\n|l| thatguy_313\n|\n|t:|1699526497\n|move|p2a: Desu~|Knock Off|p1a: Squawkabilly\n|-damage|p1a: Squawkabilly|26\/100\n|-enditem|p1a: Squawkabilly|Wide Lens|[from] move: Knock Off|[of] p2a: Desu~\n|move|p1a: Squawkabilly|U-turn|p2a: Desu~|[miss]\n|-miss|p1a: Squawkabilly|p2a: Desu~\n|\n|upkeep\n|turn|4\n|l| SandySubway\n|\n|t:|1699526513\n|move|p2a: Desu~|Play Rough|p1a: Squawkabilly\n|-damage|p1a: Squawkabilly|0 fnt\n|faint|p1a: Squawkabilly\n|\n|upkeep\n|\n|t:|1699526524\n|switch|p1a: Ogerpon|Ogerpon-Hearthflame, F|100\/100\n|-status|p1a: Ogerpon|psn\n|-ability|p1a: Ogerpon|Mold Breaker\n|turn|5\n|\n|t:|1699526585\n|switch|p2a: Pupper|Arcanine, M|100\/100\n|-ability|p2a: Pupper|Intimidate|boost\n|-unboost|p1a: Ogerpon|atk|1\n|move|p1a: Ogerpon|Ivy Cudgel|p2a: Pupper\n|-resisted|p2a: Pupper\n|-damage|p2a: Pupper|74\/100\n|\n|-damage|p1a: Ogerpon|88\/100 psn|[from] psn\n|upkeep\n|turn|6\n|\n|t:|1699526604\n|move|p1a: Ogerpon|Stomping Tantrum|p2a: Pupper\n|-supereffective|p2a: Pupper\n|-damage|p2a: Pupper|21\/100\n|move|p2a: Pupper|Flare Blitz|p1a: Ogerpon\n|-damage|p1a: Ogerpon|0 fnt\n|faint|p1a: Ogerpon\n|-damage|p2a: Pupper|0 fnt|[from] Recoil\n|faint|p2a: Pupper\n|\n|upkeep\n|\n|t:|1699526628\n|switch|p1a: Enamorus|Enamorus-Therian, F|100\/100\n|switch|p2a: Boop|Arbok, M|37\/100\n|-ability|p2a: Boop|Intimidate|boost\n|-unboost|p1a: Enamorus|atk|1\n|turn|7\n|\n|t:|1699526643\n|switch|p1a: Tauros|Tauros-Paldea-Aqua, M|100\/100\n|-status|p1a: Tauros|psn\n|move|p2a: Boop|Toxic Spikes|p1a: Tauros\n|-sidestart|p1: SamsungS5|move: Toxic Spikes\n|\n|-damage|p1a: Tauros|88\/100 psn|[from] psn\n|upkeep\n|turn|8\n|\n|t:|1699526664\n|move|p2a: Boop|Poison Jab|p1a: Tauros\n|-damage|p1a: Tauros|59\/100 psn\n|move|p1a: Tauros|Raging Bull|p2a: Boop\n|-damage|p2a: Boop|0 fnt\n|faint|p2a: Boop\n|\n|-damage|p1a: Tauros|47\/100 psn|[from] psn\n|upkeep\n|\n|t:|1699526680\n|switch|p2a: AAAAAHHHHHHH|Ludicolo, F|100\/100\n|turn|9\n|\n|t:|1699526692\n|move|p1a: Tauros|Close Combat|p2a: AAAAAHHHHHHH\n|-damage|p2a: AAAAAHHHHHHH|22\/100\n|-unboost|p1a: Tauros|def|1\n|-unboost|p1a: Tauros|spd|1\n|move|p2a: AAAAAHHHHHHH|Leech Seed|p1a: Tauros\n|-start|p1a: Tauros|move: Leech Seed\n|\n|-heal|p2a: AAAAAHHHHHHH|28\/100|[from] item: Leftovers\n|-damage|p1a: Tauros|34\/100 psn|[from] Leech Seed|[of] p2a: AAAAAHHHHHHH\n|-heal|p2a: AAAAAHHHHHHH|40\/100|[silent]\n|-damage|p1a: Tauros|22\/100 psn|[from] psn\n|upkeep\n|-enditem|p1a: Tauros|Liechi Berry|[eat]\n|-boost|p1a: Tauros|atk|1|[from] item: Liechi Berry\n|turn|10\n|\n|t:|1699526705\n|move|p2a: AAAAAHHHHHHH|Protect|p2a: AAAAAHHHHHHH\n|-singleturn|p2a: AAAAAHHHHHHH|Protect\n|move|p1a: Tauros|Close Combat|p2a: AAAAAHHHHHHH\n|-activate|p2a: AAAAAHHHHHHH|move: Protect\n|\n|-heal|p2a: AAAAAHHHHHHH|46\/100|[from] item: Leftovers\n|-damage|p1a: Tauros|10\/100 psn|[from] Leech Seed|[of] p2a: AAAAAHHHHHHH\n|-heal|p2a: AAAAAHHHHHHH|58\/100|[silent]\n|-damage|p1a: Tauros|0 fnt|[from] psn\n|faint|p1a: Tauros\n|upkeep\n|\n|t:|1699526721\n|switch|p1a: Baxcalibur|Baxcalibur, M|100\/100\n|-status|p1a: Baxcalibur|tox\n|turn|11\n|c|\u2606Pickles0exe|that was scary\n|\n|t:|1699526736\n|switch|p2a: Desu~|Tinkaton, F|66\/100\n|-ability|p2a: Desu~|Mold Breaker\n|move|p1a: Baxcalibur|Icicle Spear|p2a: Desu~\n|-resisted|p2a: Desu~\n|-damage|p2a: Desu~|58\/100\n|-resisted|p2a: Desu~\n|-damage|p2a: Desu~|50\/100\n|-resisted|p2a: Desu~\n|-damage|p2a: Desu~|42\/100\n|-resisted|p2a: Desu~\n|-damage|p2a: Desu~|34\/100\n|-resisted|p2a: Desu~\n|-damage|p2a: Desu~|25\/100\n|-hitcount|p2a: Desu~|5\n|\n|-damage|p1a: Baxcalibur|94\/100 tox|[from] psn\n|upkeep\n|turn|12\n|c| StealthR2|ludicolo doesnt look scared\n|\n|t:|1699526754\n|move|p1a: Baxcalibur|Protect|p1a: Baxcalibur\n|-singleturn|p1a: Baxcalibur|Protect\n|move|p2a: Desu~|Play Rough|p1a: Baxcalibur\n|-activate|p1a: Baxcalibur|move: Protect\n|\n|-damage|p1a: Baxcalibur|82\/100 tox|[from] psn\n|upkeep\n|turn|13\n|\n|t:|1699526766\n|move|p2a: Desu~|Gigaton Hammer|p1a: Baxcalibur\n|-supereffective|p1a: Baxcalibur\n|-crit|p1a: Baxcalibur\n|-damage|p1a: Baxcalibur|0 fnt\n|faint|p1a: Baxcalibur\n|\n|upkeep\n|\n|t:|1699526771\n|switch|p1a: Ditto|Ditto|100\/100\n|-status|p1a: Ditto|tox\n|-transform|p1a: Ditto|p2a: Desu~|[from] ability: Imposter\n|-ability|p1a: Ditto|Mold Breaker\n|turn|14\n|\n|t:|1699526791\n|move|p1a: Ditto|Gigaton Hammer|p2a: Desu~\n|-damage|p2a: Desu~|0 fnt\n|faint|p2a: Desu~\n|\n|-damage|p1a: Ditto|94\/100 tox|[from] psn\n|upkeep\n|\n|t:|1699526803\n|switch|p2a: AAAAAHHHHHHH|Ludicolo, F|58\/100\n|turn|15\n|\n|t:|1699526835\n|switch|p1a: Enamorus|Enamorus-Therian, F|100\/100\n|move|p2a: AAAAAHHHHHHH|Giga Drain|p1a: Enamorus\n|-resisted|p1a: Enamorus\n|-damage|p1a: Enamorus|88\/100\n|-heal|p2a: AAAAAHHHHHHH|65\/100|[from] drain|[of] p1a: Enamorus\n|\n|-heal|p2a: AAAAAHHHHHHH|71\/100|[from] item: Leftovers\n|-heal|p1a: Enamorus|94\/100|[from] item: Leftovers\n|upkeep\n|turn|16\n|\n|t:|1699526852\n|switch|p2a: Megumin~|Electrode|100\/100\n|move|p1a: Enamorus|Calm Mind|p1a: Enamorus\n|-boost|p1a: Enamorus|spa|1\n|-boost|p1a: Enamorus|spd|1\n|\n|-heal|p1a: Enamorus|100\/100|[from] item: Leftovers\n|upkeep\n|turn|17\n|\n|t:|1699526868\n|-terastallize|p1a: Enamorus|Fairy\n|move|p2a: Megumin~|Explosion|p1a: Enamorus\n|-damage|p1a: Enamorus|40\/100\n|faint|p2a: Megumin~\n|move|p1a: Enamorus|Moonblast|p2: Megumin~|[notarget]\n|-fail|p1a: Enamorus\n|\n|-heal|p1a: Enamorus|47\/100|[from] item: Leftovers\n|upkeep\n|\n|t:|1699526883\n|switch|p2a: normal bird|Flamigo, M, shiny|100\/100\n|turn|18\n|\n|t:|1699526898\n|move|p2a: normal bird|Dual Wingbeat|p1a: Enamorus\n|-damage|p1a: Enamorus|28\/100\n|-damage|p1a: Enamorus|10\/100\n|-hitcount|p1a: Enamorus|2\n|move|p1a: Enamorus|Moonblast|p2a: normal bird\n|-supereffective|p2a: normal bird\n|-damage|p2a: normal bird|0 fnt\n|faint|p2a: normal bird\n|\n|-heal|p1a: Enamorus|16\/100|[from] item: Leftovers\n|upkeep\n|\n|t:|1699526907\n|switch|p2a: AAAAAHHHHHHH|Ludicolo, F|71\/100\n|turn|19\n|\n|t:|1699526915\n|move|p2a: AAAAAHHHHHHH|Giga Drain|p1a: Enamorus\n|-damage|p1a: Enamorus|0 fnt\n|-heal|p2a: AAAAAHHHHHHH|78\/100|[from] drain|[of] p1a: Enamorus\n|faint|p1a: Enamorus\n|\n|-heal|p2a: AAAAAHHHHHHH|84\/100|[from] item: Leftovers\n|upkeep\n|\n|t:|1699526922\n|switch|p1a: Ditto|Ditto|94\/100 tox\n|-transform|p1a: Ditto|p2a: AAAAAHHHHHHH|[from] ability: Imposter\n|turn|20\n|c|\u2606SamsungS5|ggs\n|\n|t:|1699526946\n|move|p1a: Ditto|Giga Drain|p2a: AAAAAHHHHHHH\n|-damage|p2a: AAAAAHHHHHHH|69\/100\n|-heal|p1a: Ditto|100\/100 tox|[from] drain|[of] p2a: AAAAAHHHHHHH\n|move|p2a: AAAAAHHHHHHH|Rain Dance|p2a: AAAAAHHHHHHH\n|-weather|RainDance\n|\n|-weather|RainDance|[upkeep]\n|-heal|p2a: AAAAAHHHHHHH|75\/100|[from] ability: Rain Dish\n|-heal|p2a: AAAAAHHHHHHH|81\/100|[from] item: Leftovers\n|-damage|p1a: Ditto|94\/100 tox|[from] psn\n|upkeep\n|turn|21\n|\n|t:|1699526959\n|move|p2a: AAAAAHHHHHHH|Protect|p2a: AAAAAHHHHHHH\n|-singleturn|p2a: AAAAAHHHHHHH|Protect\n|move|p1a: Ditto|Giga Drain|p2a: AAAAAHHHHHHH\n|-activate|p2a: AAAAAHHHHHHH|move: Protect\n|\n|-weather|RainDance|[upkeep]\n|-heal|p1a: Ditto|100\/100 tox|[from] ability: Rain Dish\n|-heal|p2a: AAAAAHHHHHHH|87\/100|[from] ability: Rain Dish\n|-heal|p2a: AAAAAHHHHHHH|93\/100|[from] item: Leftovers\n|-damage|p1a: Ditto|88\/100 tox|[from] psn\n|upkeep\n|turn|22\n|\n|t:|1699526972\n|move|p1a: Ditto|Giga Drain|p2a: AAAAAHHHHHHH\n|-damage|p2a: AAAAAHHHHHHH|79\/100\n|-heal|p1a: Ditto|97\/100 tox|[from] drain|[of] p2a: AAAAAHHHHHHH\n|move|p2a: AAAAAHHHHHHH|Giga Drain|p1a: Ditto\n|-damage|p1a: Ditto|77\/100 tox\n|-heal|p2a: AAAAAHHHHHHH|87\/100|[from] drain|[of] p1a: Ditto\n|\n|-weather|RainDance|[upkeep]\n|-heal|p1a: Ditto|83\/100 tox|[from] ability: Rain Dish\n|-heal|p2a: AAAAAHHHHHHH|93\/100|[from] ability: Rain Dish\n|-heal|p2a: AAAAAHHHHHHH|99\/100|[from] item: Leftovers\n|-damage|p1a: Ditto|65\/100 tox|[from] psn\n|upkeep\n|turn|23\n|\n|t:|1699526989\n|move|p2a: AAAAAHHHHHHH|Protect|p2a: AAAAAHHHHHHH\n|-singleturn|p2a: AAAAAHHHHHHH|Protect\n|move|p1a: Ditto|Giga Drain|p2a: AAAAAHHHHHHH\n|-activate|p2a: AAAAAHHHHHHH|move: Protect\n|\n|-weather|RainDance|[upkeep]\n|-heal|p1a: Ditto|71\/100 tox|[from] ability: Rain Dish\n|-heal|p2a: AAAAAHHHHHHH|100\/100|[from] ability: Rain Dish\n|-damage|p1a: Ditto|47\/100 tox|[from] psn\n|upkeep\n|turn|24\n|\n|t:|1699526999\n|move|p1a: Ditto|Giga Drain|p2a: AAAAAHHHHHHH\n|-damage|p2a: AAAAAHHHHHHH|85\/100\n|-heal|p1a: Ditto|56\/100 tox|[from] drain|[of] p2a: AAAAAHHHHHHH\n|move|p2a: AAAAAHHHHHHH|Giga Drain|p1a: Ditto\n|-damage|p1a: Ditto|35\/100 tox\n|-heal|p2a: AAAAAHHHHHHH|94\/100|[from] drain|[of] p1a: Ditto\n|\n|-weather|none\n|-heal|p2a: AAAAAHHHHHHH|99\/100|[from] item: Leftovers\n|-damage|p1a: Ditto|5\/100 tox|[from] psn\n|upkeep\n|turn|25\n|l| nicneg\n|\n|t:|1699527012\n|move|p2a: AAAAAHHHHHHH|Protect|p2a: AAAAAHHHHHHH\n|-singleturn|p2a: AAAAAHHHHHHH|Protect\n|-activate|p1a: Ditto|move: Struggle\n|move|p1a: Ditto|Struggle|p2a: AAAAAHHHHHHH\n|-activate|p2a: AAAAAHHHHHHH|move: Protect\n|\n|-heal|p2a: AAAAAHHHHHHH|100\/100|[from] item: Leftovers\n|-damage|p1a: Ditto|0 fnt|[from] psn\n|faint|p1a: Ditto\n|\n|win|Pickles0exe\n|upkeep\n|c|\u2606SamsungS5|ggs\n|l|\u2606SamsungS5\n|c|\u2606Pickles0exe|gg\n","uploadtime":1699527030,"views":33,"p1id":"samsungs5","p2id":"pickles0exe","formatid":"gen9ubers","rating":0,"private":0,"password":""}