{"id":"gen9ubers-1984271021","p1":"Pakuiui","p2":"KingManwich46","format":"[Gen 9] Ubers","log":"|j|\u2606Pakuiui\n|j|\u2606KingManwich46\n|t:|1699237322\n|gametype|singles\n|player|p1|Pakuiui|265|\n|player|p2|KingManwich46|benga|\n|teamsize|p1|6\n|teamsize|p2|6\n|gen|9\n|tier|[Gen 9] Ubers\n|rule|Sleep Clause Mod: Limit one foe put to sleep\n|rule|Species Clause: Limit one of each Pok\u00e9mon\n|rule|OHKO Clause: OHKO moves are banned\n|rule|Evasion Items Clause: Evasion items are banned\n|rule|Evasion Moves Clause: Evasion moves are banned\n|rule|Endless Battle Clause: Forcing endless battles is banned\n|rule|HP Percentage Mod: HP is shown in percentages\n|clearpoke\n|poke|p1|Talonflame, M|\n|poke|p1|Meowscarada, M|\n|poke|p1|Scream Tail|\n|poke|p1|Garganacl, M|\n|poke|p1|Gyarados, M|\n|poke|p1|Zapdos-Galar|\n|poke|p2|Corviknight, M|\n|poke|p2|Ting-Lu|\n|poke|p2|Froslass, F|\n|poke|p2|Enamorus, F|\n|poke|p2|Sneasler, F|\n|poke|p2|Drednaw, M|\n|teampreview\n|inactive|Battle timer is ON: inactive players will automatically lose when time's up. (requested by Pakuiui)\n|inactive|KingManwich46 has 270 seconds left.\n|\n|t:|1699237355\n|start\n|switch|p1a: Meowscarada|Meowscarada, M|100\/100\n|switch|p2a: Corviknight|Corviknight, M|100\/100\n|turn|1\n|j| Puptup\n|\n|t:|1699237369\n|move|p1a: Meowscarada|U-turn|p2a: Corviknight\n|-start|p1a: Meowscarada|typechange|Bug|[from] ability: Protean\n|-resisted|p2a: Corviknight\n|-damage|p2a: Corviknight|93\/100\n|\n|t:|1699237376\n|switch|p1a: Talonflame|Talonflame, M|100\/100|[from] U-turn\n|move|p2a: Corviknight|Iron Head|p1a: Talonflame\n|-resisted|p1a: Talonflame\n|-damage|p1a: Talonflame|90\/100\n|-status|p2a: Corviknight|brn|[from] ability: Flame Body|[of] p1a: Talonflame\n|\n|-damage|p2a: Corviknight|87\/100 brn|[from] brn\n|upkeep\n|turn|2\n|inactive|KingManwich46 has 270 seconds left.\n|inactive|Pakuiui has 270 seconds left.\n|inactive|KingManwich46 has 240 seconds left.\n|\n|t:|1699237439\n|switch|p2a: Ting-Lu|Ting-Lu|100\/100\n|-ability|p2a: Ting-Lu|Vessel of Ruin\n|move|p1a: Talonflame|Will-O-Wisp|p2a: Ting-Lu\n|-status|p2a: Ting-Lu|brn\n|\n|-damage|p2a: Ting-Lu|94\/100 brn|[from] brn\n|upkeep\n|turn|3\n|inactive|Pakuiui has 270 seconds left.\n|inactive|KingManwich46 has 240 seconds left.\n|\n|t:|1699237458\n|switch|p1a: Zapdos|Zapdos-Galar|100\/100\n|move|p2a: Ting-Lu|Stealth Rock|p1a: Zapdos\n|-sidestart|p1: Pakuiui|move: Stealth Rock\n|\n|-heal|p2a: Ting-Lu|100\/100 brn|[from] item: Leftovers\n|-damage|p2a: Ting-Lu|94\/100 brn|[from] brn\n|upkeep\n|turn|4\n|inactive|Pakuiui has 270 seconds left.\n|inactive|KingManwich46 has 240 seconds left.\n|inactive|KingManwich46 has 210 seconds left.\n|inactive|KingManwich46 has 180 seconds left.\n|\n|t:|1699237540\n|switch|p2a: Froslass|Froslass, F|100\/100\n|move|p1a: Zapdos|U-turn|p2a: Froslass\n|-resisted|p2a: Froslass\n|-damage|p2a: Froslass|79\/100\n|-start|p1a: Zapdos|Disable|U-turn|[from] ability: Cursed Body|[of] p2a: Froslass\n|inactive|Pakuiui has 270 seconds left.\n|\n|t:|1699237568\n|switch|p1a: Meowscarada|Meowscarada, M|100\/100|[from] U-turn\n|-damage|p1a: Meowscarada|88\/100|[from] Stealth Rock\n|\n|upkeep\n|turn|5\n|\n|t:|1699237587\n|switch|p2a: Enamorus|Enamorus, F|100\/100\n|move|p1a: Meowscarada|Knock Off|p2a: Enamorus\n|-start|p1a: Meowscarada|typechange|Dark|[from] ability: Protean\n|-resisted|p2a: Enamorus\n|-damage|p2a: Enamorus|48\/100\n|-enditem|p2a: Enamorus|Leftovers|[from] move: Knock Off|[of] p1a: Meowscarada\n|\n|upkeep\n|turn|6\n|inactive|KingManwich46 has 150 seconds left.\n|\n|t:|1699237626\n|switch|p1a: Scream Tail|Scream Tail|100\/100\n|-damage|p1a: Scream Tail|88\/100|[from] Stealth Rock\n|switch|p2a: Corviknight|Corviknight, M|87\/100 brn\n|\n|-heal|p1a: Scream Tail|94\/100|[from] item: Leftovers\n|-damage|p2a: Corviknight|81\/100 brn|[from] brn\n|upkeep\n|turn|7\n|inactive|Pakuiui has 240 seconds left.\n|\n|t:|1699237652\n|move|p1a: Scream Tail|Protect|p1a: Scream Tail\n|-singleturn|p1a: Scream Tail|Protect\n|move|p2a: Corviknight|Bulk Up|p2a: Corviknight\n|-boost|p2a: Corviknight|atk|1\n|-boost|p2a: Corviknight|def|1\n|\n|-heal|p1a: Scream Tail|100\/100|[from] item: Leftovers\n|-damage|p2a: Corviknight|75\/100 brn|[from] brn\n|upkeep\n|turn|8\n|j| JosephSux\n|inactive|Pakuiui has 240 seconds left.\n|inactive|KingManwich46 has 120 seconds left.\n|l| JosephSux\n|\n|t:|1699237699\n|-end|p1a: Scream Tail|Protosynthesis|[silent]\n|switch|p1a: Talonflame|Talonflame, M|90\/100\n|move|p2a: Corviknight|Bulk Up|p2a: Corviknight\n|-boost|p2a: Corviknight|atk|1\n|-boost|p2a: Corviknight|def|1\n|\n|-damage|p2a: Corviknight|69\/100 brn|[from] brn\n|upkeep\n|turn|9\n|inactive|KingManwich46 has 90 seconds left.\n|inactive|KingManwich46 has 60 seconds left.\n|\n|t:|1699237760\n|switch|p2a: Ting-Lu|Ting-Lu|94\/100 brn\n|-ability|p2a: Ting-Lu|Vessel of Ruin\n|move|p1a: Talonflame|Flamethrower|p2a: Ting-Lu\n|-damage|p2a: Ting-Lu|84\/100 brn\n|\n|-heal|p2a: Ting-Lu|91\/100 brn|[from] item: Leftovers\n|-damage|p2a: Ting-Lu|84\/100 brn|[from] brn\n|upkeep\n|turn|10\n|\n|t:|1699237776\n|move|p1a: Talonflame|Defog|p2a: Ting-Lu\n|-unboost|p2a: Ting-Lu|evasion|1\n|-sideend|p1: Pakuiui|Stealth Rock|[from] move: Defog|[of] p1a: Talonflame\n|move|p2a: Ting-Lu|Stone Edge|p1a: Talonflame\n|-supereffective|p1a: Talonflame\n|-damage|p1a: Talonflame|47\/100\n|\n|-heal|p2a: Ting-Lu|91\/100 brn|[from] item: Leftovers\n|-damage|p2a: Ting-Lu|84\/100 brn|[from] brn\n|upkeep\n|turn|11\n|\n|t:|1699237794\n|move|p1a: Talonflame|Roost|p1a: Talonflame\n|-heal|p1a: Talonflame|97\/100\n|-singleturn|p1a: Talonflame|move: Roost\n|move|p2a: Ting-Lu|Stone Edge|p1a: Talonflame\n|-supereffective|p1a: Talonflame\n|-damage|p1a: Talonflame|75\/100\n|\n|-heal|p2a: Ting-Lu|91\/100 brn|[from] item: Leftovers\n|-damage|p2a: Ting-Lu|84\/100 brn|[from] brn\n|upkeep\n|turn|12\n|inactive|Pakuiui has 240 seconds left.\n|inactive|KingManwich46 has 30 seconds left.\n|c|\u2606Pakuiui|i can turn off timer?\n|inactive|KingManwich46 has 20 seconds left.\n|inactiveoff|Battle timer is now OFF.\n|c|\u2606KingManwich46|sure\n|c|\u2606KingManwich46|thanks\n|\n|t:|1699237871\n|switch|p1a: Meowscarada|Meowscarada, M|88\/100\n|switch|p2a: Drednaw|Drednaw, M, shiny|100\/100\n|\n|upkeep\n|turn|13\n|\n|t:|1699237892\n|switch|p2a: Corviknight|Corviknight, M|69\/100 brn\n|move|p1a: Meowscarada|U-turn|p2a: Corviknight\n|-start|p1a: Meowscarada|typechange|Bug|[from] ability: Protean\n|-resisted|p2a: Corviknight\n|-damage|p2a: Corviknight|62\/100 brn\n|\n|t:|1699237900\n|switch|p1a: Talonflame|Talonflame, M|75\/100|[from] U-turn\n|\n|-damage|p2a: Corviknight|56\/100 brn|[from] brn\n|upkeep\n|turn|14\n|\n|t:|1699237908\n|switch|p2a: Ting-Lu|Ting-Lu|84\/100 brn\n|-ability|p2a: Ting-Lu|Vessel of Ruin\n|move|p1a: Talonflame|Flamethrower|p2a: Ting-Lu\n|-damage|p2a: Ting-Lu|75\/100 brn\n|\n|-heal|p2a: Ting-Lu|81\/100 brn|[from] item: Leftovers\n|-damage|p2a: Ting-Lu|75\/100 brn|[from] brn\n|upkeep\n|turn|15\n|\n|t:|1699237925\n|switch|p1a: Meowscarada|Meowscarada, M|88\/100\n|move|p2a: Ting-Lu|Stone Edge|p1a: Meowscarada\n|-damage|p1a: Meowscarada|69\/100\n|\n|-heal|p2a: Ting-Lu|81\/100 brn|[from] item: Leftovers\n|-damage|p2a: Ting-Lu|75\/100 brn|[from] brn\n|upkeep\n|turn|16\n|\n|t:|1699237934\n|switch|p2a: Corviknight|Corviknight, M|56\/100 brn\n|move|p1a: Meowscarada|Knock Off|p2a: Corviknight\n|-start|p1a: Meowscarada|typechange|Dark|[from] ability: Protean\n|-damage|p2a: Corviknight|14\/100 brn\n|-enditem|p2a: Corviknight|Covert Cloak|[from] move: Knock Off|[of] p1a: Meowscarada\n|\n|-damage|p2a: Corviknight|8\/100 brn|[from] brn\n|upkeep\n|turn|17\n|\n|t:|1699237962\n|switch|p2a: Ting-Lu|Ting-Lu|75\/100 brn\n|-ability|p2a: Ting-Lu|Vessel of Ruin\n|move|p1a: Meowscarada|Knock Off|p2a: Ting-Lu\n|-resisted|p2a: Ting-Lu\n|-damage|p2a: Ting-Lu|57\/100 brn\n|-enditem|p2a: Ting-Lu|Leftovers|[from] move: Knock Off|[of] p1a: Meowscarada\n|\n|-damage|p2a: Ting-Lu|50\/100 brn|[from] brn\n|upkeep\n|turn|18\n|\n|t:|1699238009\n|switch|p1a: Scream Tail|Scream Tail|100\/100\n|move|p2a: Ting-Lu|Stealth Rock|p1a: Scream Tail\n|-sidestart|p1: Pakuiui|move: Stealth Rock\n|\n|-damage|p2a: Ting-Lu|44\/100 brn|[from] brn\n|upkeep\n|turn|19\n|\n|t:|1699238071\n|move|p1a: Scream Tail|Dazzling Gleam|p2a: Ting-Lu\n|-supereffective|p2a: Ting-Lu\n|-damage|p2a: Ting-Lu|28\/100 brn\n|move|p2a: Ting-Lu|Throat Chop|p1a: Scream Tail\n|-damage|p1a: Scream Tail|88\/100\n|-start|p1a: Scream Tail|Throat Chop|[silent]\n|\n|-heal|p1a: Scream Tail|94\/100|[from] item: Leftovers\n|-damage|p2a: Ting-Lu|22\/100 brn|[from] brn\n|upkeep\n|turn|20\n|\n|t:|1699238104\n|switch|p2a: Drednaw|Drednaw, M, shiny|100\/100\n|move|p1a: Scream Tail|Wish|p1a: Scream Tail\n|\n|-heal|p1a: Scream Tail|99\/100|[from] item: Leftovers\n|-end|p1a: Scream Tail|Throat Chop|[silent]\n|upkeep\n|turn|21\n|\n|t:|1699238157\n|switch|p2a: Ting-Lu|Ting-Lu|22\/100 brn\n|-ability|p2a: Ting-Lu|Vessel of Ruin\n|move|p1a: Scream Tail|Thunder Wave|p2a: Ting-Lu\n|-immune|p2a: Ting-Lu\n|\n|-heal|p1a: Scream Tail|100\/100|[from] move: Wish|[wisher] Scream Tail\n|-damage|p2a: Ting-Lu|15\/100 brn|[from] brn\n|upkeep\n|turn|22\n|\n|t:|1699238232\n|move|p1a: Scream Tail|Dazzling Gleam|p2a: Ting-Lu\n|-supereffective|p2a: Ting-Lu\n|-damage|p2a: Ting-Lu|0 fnt\n|faint|p2a: Ting-Lu\n|\n|upkeep\n|\n|t:|1699238279\n|switch|p2a: Sneasler|Sneasler, F|100\/100\n|turn|23\n|\n|t:|1699238287\n|-end|p1a: Scream Tail|Protosynthesis|[silent]\n|switch|p1a: Talonflame|Talonflame, M|75\/100\n|move|p2a: Sneasler|Dire Claw|p1a: Talonflame\n|-damage|p1a: Talonflame|39\/100\n|-status|p1a: Talonflame|psn\n|-status|p2a: Sneasler|brn|[from] ability: Flame Body|[of] p1a: Talonflame\n|\n|-damage|p1a: Talonflame|26\/100 psn|[from] psn\n|-damage|p2a: Sneasler|95\/100 brn|[from] brn\n|upkeep\n|turn|24\n|\n|t:|1699238327\n|move|p2a: Sneasler|Swords Dance|p2a: Sneasler\n|-boost|p2a: Sneasler|atk|2\n|move|p1a: Talonflame|Roost|p1a: Talonflame\n|-heal|p1a: Talonflame|76\/100 psn\n|-singleturn|p1a: Talonflame|move: Roost\n|\n|-damage|p1a: Talonflame|64\/100 psn|[from] psn\n|-damage|p2a: Sneasler|89\/100 brn|[from] brn\n|upkeep\n|turn|25\n|\n|t:|1699238388\n|move|p2a: Sneasler|Close Combat|p1a: Talonflame\n|-resisted|p1a: Talonflame\n|-damage|p1a: Talonflame|36\/100 psn\n|-unboost|p2a: Sneasler|def|1\n|-unboost|p2a: Sneasler|spd|1\n|-enditem|p2a: Sneasler|White Herb\n|-clearnegativeboost|p2a: Sneasler|[silent]\n|move|p1a: Talonflame|Defog|p2a: Sneasler\n|-unboost|p2a: Sneasler|evasion|1\n|-sideend|p1: Pakuiui|Stealth Rock|[from] move: Defog|[of] p1a: Talonflame\n|\n|-damage|p1a: Talonflame|24\/100 psn|[from] psn\n|-damage|p2a: Sneasler|83\/100 brn|[from] brn\n|upkeep\n|turn|26\n|\n|t:|1699238461\n|move|p2a: Sneasler|Dire Claw|p1a: Talonflame\n|-damage|p1a: Talonflame|0 fnt\n|faint|p1a: Talonflame\n|\n|-damage|p2a: Sneasler|77\/100 brn|[from] brn\n|upkeep\n|\n|t:|1699238489\n|switch|p1a: Gyarados|Gyarados, M|100\/100\n|-ability|p1a: Gyarados|Intimidate|boost\n|-unboost|p2a: Sneasler|atk|1\n|turn|27\n|\n|t:|1699238623\n|switch|p2a: Froslass|Froslass, F|79\/100\n|move|p1a: Gyarados|Earthquake|p2a: Froslass\n|-damage|p2a: Froslass|16\/100\n|-start|p1a: Gyarados|Disable|Earthquake|[from] ability: Cursed Body|[of] p2a: Froslass\n|\n|upkeep\n|turn|28\n|l| Puptup\n|\n|t:|1699238653\n|switch|p1a: Garganacl|Garganacl, M|100\/100\n|-terastallize|p2a: Froslass|Electric\n|move|p2a: Froslass|Thunderbolt|p1a: Garganacl\n|-damage|p1a: Garganacl|67\/100\n|\n|-heal|p1a: Garganacl|73\/100|[from] item: Leftovers\n|upkeep\n|turn|29\n|j| Puptup\n|\n|t:|1699238736\n|move|p2a: Froslass|Destiny Bond|p2a: Froslass\n|-singlemove|p2a: Froslass|Destiny Bond\n|move|p1a: Garganacl|Recover|p1a: Garganacl\n|-heal|p1a: Garganacl|100\/100\n|\n|upkeep\n|turn|30\n|\n|t:|1699238743\n|move|p2a: Froslass|Thunderbolt|p1a: Garganacl\n|-damage|p1a: Garganacl|64\/100\n|move|p1a: Garganacl|Stealth Rock|p2a: Froslass\n|-sidestart|p2: KingManwich46|move: Stealth Rock\n|\n|-heal|p1a: Garganacl|70\/100|[from] item: Leftovers\n|upkeep\n|turn|31\n|\n|t:|1699238753\n|move|p2a: Froslass|Ice Beam|p1a: Garganacl\n|-damage|p1a: Garganacl|36\/100\n|move|p1a: Garganacl|Recover|p1a: Garganacl\n|-heal|p1a: Garganacl|86\/100\n|\n|-heal|p1a: Garganacl|92\/100|[from] item: Leftovers\n|upkeep\n|turn|32\n|\n|t:|1699238762\n|move|p2a: Froslass|Destiny Bond|p2a: Froslass\n|-singlemove|p2a: Froslass|Destiny Bond\n|move|p1a: Garganacl|Recover|p1a: Garganacl\n|-heal|p1a: Garganacl|100\/100\n|\n|upkeep\n|turn|33\n|\n|t:|1699238770\n|move|p2a: Froslass|Ice Beam|p1a: Garganacl\n|-damage|p1a: Garganacl|68\/100\n|move|p1a: Garganacl|Salt Cure|p2a: Froslass\n|-damage|p2a: Froslass|0 fnt\n|-start|p1a: Garganacl|Disable|Salt Cure|[from] ability: Cursed Body|[of] p2a: Froslass\n|faint|p2a: Froslass\n|\n|-heal|p1a: Garganacl|74\/100|[from] item: Leftovers\n|upkeep\n|l|\u2606KingManwich46\n|player|p2|\n|j|\u2606KingManwich46\n|player|p2|KingManwich46|benga\n|\n|t:|1699238812\n|switch|p2a: Drednaw|Drednaw, M, shiny|100\/100\n|-damage|p2a: Drednaw|88\/100|[from] Stealth Rock\n|turn|34\n|\n|t:|1699238828\n|move|p2a: Drednaw|Shell Smash|p2a: Drednaw\n|-unboost|p2a: Drednaw|def|1\n|-unboost|p2a: Drednaw|spd|1\n|-boost|p2a: Drednaw|atk|2\n|-boost|p2a: Drednaw|spa|2\n|-boost|p2a: Drednaw|spe|2\n|-enditem|p2a: Drednaw|White Herb\n|-clearnegativeboost|p2a: Drednaw|[silent]\n|move|p1a: Garganacl|Earthquake|p2a: Drednaw\n|-supereffective|p2a: Drednaw\n|-damage|p2a: Drednaw|36\/100\n|\n|-heal|p1a: Garganacl|80\/100|[from] item: Leftovers\n|upkeep\n|turn|35\n|\n|t:|1699238857\n|move|p2a: Drednaw|Liquidation|p1a: Garganacl\n|-supereffective|p1a: Garganacl\n|-damage|p1a: Garganacl|0 fnt\n|faint|p1a: Garganacl\n|\n|upkeep\n|\n|t:|1699238878\n|switch|p1a: Gyarados|Gyarados, M|100\/100\n|-ability|p1a: Gyarados|Intimidate|boost\n|-unboost|p2a: Drednaw|atk|1\n|turn|36\n|\n|t:|1699238925\n|move|p2a: Drednaw|Stone Edge|p1a: Gyarados|[miss]\n|-miss|p2a: Drednaw|p1a: Gyarados\n|move|p1a: Gyarados|Earthquake|p2a: Drednaw\n|-supereffective|p2a: Drednaw\n|-damage|p2a: Drednaw|0 fnt\n|faint|p2a: Drednaw\n|\n|upkeep\n|\n|t:|1699238963\n|switch|p2a: Sneasler|Sneasler, F|77\/100 brn\n|-damage|p2a: Sneasler|71\/100 brn|[from] Stealth Rock\n|turn|37\n|\n|t:|1699238978\n|move|p2a: Sneasler|Dire Claw|p1a: Gyarados\n|-damage|p1a: Gyarados|73\/100\n|move|p1a: Gyarados|Earthquake|p2a: Sneasler\n|-supereffective|p2a: Sneasler\n|-damage|p2a: Sneasler|0 fnt\n|faint|p2a: Sneasler\n|\n|upkeep\n|\n|t:|1699238992\n|switch|p2a: Corviknight|Corviknight, M|8\/100 brn\n|-damage|p2a: Corviknight|0 fnt|[from] Stealth Rock\n|faint|p2a: Corviknight\n|\n|t:|1699238996\n|switch|p2a: Enamorus|Enamorus, F|48\/100\n|-damage|p2a: Enamorus|24\/100|[from] Stealth Rock\n|turn|38\n|\n|t:|1699239002\n|move|p2a: Enamorus|Iron Head|p1a: Gyarados\n|-resisted|p1a: Gyarados\n|-damage|p1a: Gyarados|58\/100\n|cant|p1a: Gyarados|flinch\n|\n|upkeep\n|turn|39\n|\n|t:|1699239009\n|move|p2a: Enamorus|Superpower|p1a: Gyarados\n|-resisted|p1a: Gyarados\n|-damage|p1a: Gyarados|36\/100\n|-boost|p2a: Enamorus|atk|1\n|-boost|p2a: Enamorus|def|1\n|move|p1a: Gyarados|Waterfall|p2a: Enamorus\n|-damage|p2a: Enamorus|0 fnt\n|faint|p2a: Enamorus\n|\n|win|Pakuiui\n|c|\u2606Pakuiui|gg\n|l| Puptup\n|c|\u2606KingManwich46|gg\n","uploadtime":1699239018,"views":25,"p1id":"pakuiui","p2id":"kingmanwich46","formatid":"gen9ubers","rating":0,"private":0,"password":""}