{"id":"gen9ubers-1989322710","p1":"Chuckennigget","p2":"Gengarbo","format":"[Gen 9] Ubers","log":"|j|\u2606Chuckennigget\n|j|\u2606Gengarbo\n|t:|1699836267\n|gametype|singles\n|player|p1|Chuckennigget|dancer|\n|player|p2|Gengarbo|shadowtriad|\n|teamsize|p1|6\n|teamsize|p2|6\n|gen|9\n|tier|[Gen 9] Ubers\n|rule|Sleep Clause Mod: Limit one foe put to sleep\n|rule|Species Clause: Limit one of each Pok\u00e9mon\n|rule|OHKO Clause: OHKO moves are banned\n|rule|Evasion Items Clause: Evasion items are banned\n|rule|Evasion Moves Clause: Evasion moves are banned\n|rule|Endless Battle Clause: Forcing endless battles is banned\n|rule|HP Percentage Mod: HP is shown in percentages\n|clearpoke\n|poke|p1|Gardevoir, F|\n|poke|p1|Ditto|\n|poke|p1|Ninetales, M|\n|poke|p1|Walking Wake|\n|poke|p1|Mandibuzz, F|\n|poke|p1|Heracross, M|\n|poke|p2|Dragapult, F|\n|poke|p2|Gengar, M|\n|poke|p2|Torkoal, F|\n|poke|p2|Slowking, M|\n|poke|p2|Wo-Chien|\n|poke|p2|Eelektross, F|\n|teampreview\n|j| RisingAT\n|c| RisingAT|Ooh, spicy\n|c| RisingAT|I like the electross\n|j| Track Jacket\n|c|\u2606Gengarbo|Everyone in?\n|c|\u2606Chuckennigget|lmk when you're ready\n|c| RisingAT|I'm in\n|c|\u2606Gengarbo|alright get ready for these blunders\n|c|\u2606Gengarbo|ready\n|\n|t:|1699836493\n|start\n|switch|p1a: Wilma|Mandibuzz, F|100\/100\n|switch|p2a: SpicyTurt|Torkoal, F|100\/100\n|-weather|SunnyDay|[from] ability: Drought|[of] p2a: SpicyTurt\n|turn|1\n|\n|t:|1699836551\n|switch|p1a: Walking Dead|Walking Wake|100\/100\n|-activate|p1a: Walking Dead|ability: Protosynthesis\n|-start|p1a: Walking Dead|protosynthesisspa\n|move|p2a: SpicyTurt|Stealth Rock|p1a: Walking Dead\n|-sidestart|p1: Chuckennigget|move: Stealth Rock\n|\n|-weather|SunnyDay|[upkeep]\n|upkeep\n|turn|2\n|\n|t:|1699836630\n|switch|p2a: KazuyaMains|Slowking, M|100\/100\n|move|p1a: Walking Dead|Flamethrower|p2a: KazuyaMains\n|-resisted|p2a: KazuyaMains\n|-damage|p2a: KazuyaMains|79\/100\n|\n|-weather|SunnyDay|[upkeep]\n|upkeep\n|turn|3\n|\n|t:|1699836654\n|move|p1a: Walking Dead|Draco Meteor|p2a: KazuyaMains\n|-damage|p2a: KazuyaMains|13\/100\n|-unboost|p1a: Walking Dead|spa|2\n|move|p2a: KazuyaMains|Future Sight|p1a: Walking Dead\n|-start|p2a: KazuyaMains|move: Future Sight\n|\n|-weather|SunnyDay|[upkeep]\n|upkeep\n|turn|4\n|\n|t:|1699836666\n|move|p1a: Walking Dead|Hydro Steam|p2a: KazuyaMains\n|-resisted|p2a: KazuyaMains\n|-damage|p2a: KazuyaMains|0 fnt\n|faint|p2a: KazuyaMains\n|\n|-weather|SunnyDay|[upkeep]\n|upkeep\n|\n|t:|1699836707\n|switch|p2a: Slug Reaction|Wo-Chien|100\/100\n|-ability|p2a: Slug Reaction|Tablets of Ruin\n|turn|5\n|\n|t:|1699836782\n|-end|p1a: Walking Dead|Protosynthesis|[silent]\n|switch|p1a: Daddy Likes|Gardevoir, F|100\/100\n|-damage|p1a: Daddy Likes|88\/100|[from] Stealth Rock\n|-ability|p1a: Daddy Likes|Tablets of Ruin\n|-ability|p1a: Daddy Likes|Tablets of Ruin|[from] ability: Trace|[of] p2a: Slug Reaction\n|-terastallize|p2a: Slug Reaction|Fairy\n|move|p2a: Slug Reaction|Knock Off|p1a: Daddy Likes\n|-damage|p1a: Daddy Likes|41\/100\n|-enditem|p1a: Daddy Likes|Choice Scarf|[from] move: Knock Off|[of] p2a: Slug Reaction\n|\n|-weather|SunnyDay|[upkeep]\n|-end|p1a: Daddy Likes|move: Future Sight\n|-resisted|p1a: Daddy Likes\n|-damage|p1a: Daddy Likes|17\/100\n|upkeep\n|turn|6\n|\n|t:|1699836833\n|move|p1a: Daddy Likes|Mystical Fire|p2a: Slug Reaction\n|-damage|p2a: Slug Reaction|79\/100\n|-unboost|p2a: Slug Reaction|spa|1\n|move|p2a: Slug Reaction|Foul Play|p1a: Daddy Likes\n|-damage|p1a: Daddy Likes|0 fnt\n|faint|p1a: Daddy Likes\n|\n|-weather|SunnyDay|[upkeep]\n|upkeep\n|\n|t:|1699836845\n|switch|p1a: Megalon|Heracross, M|100\/100\n|-damage|p1a: Megalon|88\/100|[from] Stealth Rock\n|turn|7\n|\n|t:|1699836882\n|switch|p1a: Wilma|Mandibuzz, F|100\/100\n|-damage|p1a: Wilma|75\/100|[from] Stealth Rock\n|move|p2a: Slug Reaction|Knock Off|p1a: Wilma\n|-resisted|p1a: Wilma\n|-damage|p1a: Wilma|67\/100\n|-enditem|p1a: Wilma|Leftovers|[from] move: Knock Off|[of] p2a: Slug Reaction\n|\n|-weather|SunnyDay|[upkeep]\n|upkeep\n|turn|8\n|\n|t:|1699836947\n|switch|p2a: Pultadrag|Dragapult, F|100\/100\n|move|p1a: Wilma|Toxic|p2a: Pultadrag\n|-status|p2a: Pultadrag|tox\n|\n|-weather|none\n|-damage|p2a: Pultadrag|94\/100 tox|[from] psn\n|upkeep\n|turn|9\n|\n|t:|1699836965\n|move|p1a: Wilma|Protect|p1a: Wilma\n|-singleturn|p1a: Wilma|Protect\n|move|p2a: Pultadrag|Curse|p1a: Wilma\n|-start|p1a: Wilma|Curse|[of] p2a: Pultadrag\n|-damage|p2a: Pultadrag|44\/100 tox\n|\n|-damage|p2a: Pultadrag|32\/100 tox|[from] psn\n|-damage|p1a: Wilma|42\/100|[from] Curse\n|upkeep\n|turn|10\n|\n|t:|1699836983\n|switch|p1a: Megalon|Heracross, M|88\/100\n|-damage|p1a: Megalon|76\/100|[from] Stealth Rock\n|move|p2a: Pultadrag|Light Screen|p2a: Pultadrag\n|-sidestart|p2: Gengarbo|move: Light Screen\n|\n|-damage|p2a: Pultadrag|14\/100 tox|[from] psn\n|-status|p1a: Megalon|brn|[from] item: Flame Orb\n|upkeep\n|turn|11\n|\n|t:|1699837010\n|move|p2a: Pultadrag|Dragon Darts|p1a: Megalon\n|-damage|p1a: Megalon|46\/100 brn\n|-anim|p2a: Pultadrag|Dragon Darts|p1a: Megalon\n|-damage|p1a: Megalon|17\/100 brn\n|move|p1a: Megalon|Knock Off|p2a: Pultadrag\n|-supereffective|p2a: Pultadrag\n|-damage|p2a: Pultadrag|0 fnt\n|-enditem|p2a: Pultadrag|Light Clay|[from] move: Knock Off|[of] p1a: Megalon\n|faint|p2a: Pultadrag\n|\n|-damage|p1a: Megalon|11\/100 brn|[from] brn\n|upkeep\n|j| desertdoggo\n|\n|t:|1699837021\n|switch|p2a: SpicyTurt|Torkoal, F|100\/100\n|-weather|SunnyDay|[from] ability: Drought|[of] p2a: SpicyTurt\n|turn|12\n|c| desertdoggo|Hey it me\n|c| RisingAT|Too\n|c| RisingAT|*too\n|c| RisingAT|*yooo\n|\n|t:|1699837049\n|move|p1a: Megalon|Earthquake|p2a: SpicyTurt\n|-supereffective|p2a: SpicyTurt\n|-damage|p2a: SpicyTurt|43\/100\n|move|p2a: SpicyTurt|Lava Plume|p1a: Megalon\n|-supereffective|p1a: Megalon\n|-damage|p1a: Megalon|0 fnt\n|faint|p1a: Megalon\n|\n|-weather|SunnyDay|[upkeep]\n|upkeep\n|c|\u2606Gengarbo|Me and Chomp out here playing 4D Chess\n|c|\u2606Chuckennigget|The last thing I expected was a screen setter dragapult\n|c| RisingAT|More like turn based chess\n|c| RisingAT|Cause pokemon\n|\n|t:|1699837143\n|switch|p1a: Walking Dead|Walking Wake|100\/100\n|-damage|p1a: Walking Dead|88\/100|[from] Stealth Rock\n|-activate|p1a: Walking Dead|ability: Protosynthesis\n|-start|p1a: Walking Dead|protosynthesisspa\n|turn|13\n|c|\u2606Gengarbo|unfortunately, chess is also turn based\n|c|\u2606Gengarbo|LMAO\n|\n|t:|1699837185\n|switch|p2a: DSL King|Eelektross, F|100\/100\n|move|p1a: Walking Dead|Hydro Steam|p2a: DSL King\n|-damage|p2a: DSL King|65\/100\n|\n|-weather|SunnyDay|[upkeep]\n|-heal|p2a: DSL King|72\/100|[from] item: Leftovers\n|upkeep\n|turn|14\n|c| desertdoggo|Lol\n|\n|t:|1699837214\n|-end|p1a: Walking Dead|Protosynthesis|[silent]\n|switch|p1a: It's You|Ditto, shiny|100\/100\n|-damage|p1a: It's You|88\/100|[from] Stealth Rock\n|-transform|p1a: It's You|p2a: DSL King|[from] ability: Imposter\n|move|p2a: DSL King|Dragon Tail|p1a: It's You\n|-damage|p1a: It's You|61\/100\n|drag|p1a: Kin'emon|Ninetales, M|100\/100\n|-damage|p1a: Kin'emon|76\/100|[from] Stealth Rock\n|\n|-weather|SunnyDay|[upkeep]\n|-heal|p2a: DSL King|78\/100|[from] item: Leftovers\n|upkeep\n|turn|15\n|\n|t:|1699837235\n|move|p1a: Kin'emon|Protect|p1a: Kin'emon\n|-singleturn|p1a: Kin'emon|Protect\n|move|p2a: DSL King|Coil|p2a: DSL King\n|-boost|p2a: DSL King|atk|1\n|-boost|p2a: DSL King|def|1\n|-boost|p2a: DSL King|accuracy|1\n|\n|-weather|SunnyDay|[upkeep]\n|-heal|p2a: DSL King|84\/100|[from] item: Leftovers\n|upkeep\n|turn|16\n|\n|t:|1699837277\n|move|p1a: Kin'emon|Will-O-Wisp|p2a: DSL King|[miss]\n|-miss|p1a: Kin'emon|p2a: DSL King\n|move|p2a: DSL King|Drain Punch|p1a: Kin'emon\n|-damage|p1a: Kin'emon|38\/100\n|-heal|p2a: DSL King|100\/100|[from] drain|[of] p1a: Kin'emon\n|\n|-weather|SunnyDay|[upkeep]\n|upkeep\n|turn|17\n|\n|t:|1699837288\n|move|p1a: Kin'emon|Will-O-Wisp|p2a: DSL King|[miss]\n|-miss|p1a: Kin'emon|p2a: DSL King\n|move|p2a: DSL King|Coil|p2a: DSL King\n|-boost|p2a: DSL King|atk|1\n|-boost|p2a: DSL King|def|1\n|-boost|p2a: DSL King|accuracy|1\n|\n|-weather|SunnyDay|[upkeep]\n|-sideend|p2: Gengarbo|move: Light Screen\n|upkeep\n|turn|18\n|\n|t:|1699837296\n|move|p1a: Kin'emon|Will-O-Wisp|p2a: DSL King\n|-status|p2a: DSL King|brn\n|move|p2a: DSL King|Thunder Punch|p1a: Kin'emon\n|-damage|p1a: Kin'emon|2\/100\n|\n|-weather|SunnyDay|[upkeep]\n|-damage|p2a: DSL King|94\/100 brn|[from] brn\n|upkeep\n|turn|19\n|c| Track Jacket|that crazy\n|\n|t:|1699837315\n|move|p1a: Kin'emon|Flamethrower|p2a: DSL King\n|-damage|p2a: DSL King|67\/100 brn\n|move|p2a: DSL King|Dragon Tail|p1a: Kin'emon\n|-damage|p1a: Kin'emon|0 fnt\n|faint|p1a: Kin'emon\n|\n|-weather|none\n|-heal|p2a: DSL King|73\/100 brn|[from] item: Leftovers\n|-damage|p2a: DSL King|67\/100 brn|[from] brn\n|upkeep\n|\n|t:|1699837326\n|switch|p1a: It's You|Ditto, shiny|61\/100\n|-damage|p1a: It's You|49\/100|[from] Stealth Rock\n|-transform|p1a: It's You|p2a: DSL King|[from] ability: Imposter\n|turn|20\n|\n|t:|1699837338\n|move|p1a: It's You|Drain Punch|p2a: DSL King\n|-damage|p2a: DSL King|44\/100 brn\n|-heal|p1a: It's You|67\/100|[from] drain|[of] p2a: DSL King\n|move|p2a: DSL King|Drain Punch|p1a: It's You\n|-damage|p1a: It's You|49\/100\n|-heal|p2a: DSL King|50\/100 brn|[from] drain|[of] p1a: It's You\n|\n|-heal|p2a: DSL King|56\/100 brn|[from] item: Leftovers\n|-damage|p2a: DSL King|50\/100 brn|[from] brn\n|upkeep\n|turn|21\n|\n|t:|1699837351\n|move|p1a: It's You|Drain Punch|p2a: DSL King\n|-damage|p2a: DSL King|29\/100 brn\n|-heal|p1a: It's You|66\/100|[from] drain|[of] p2a: DSL King\n|move|p2a: DSL King|Dragon Tail|p1a: It's You\n|-damage|p1a: It's You|53\/100\n|drag|p1a: Walking Dead|Walking Wake|88\/100\n|-damage|p1a: Walking Dead|76\/100|[from] Stealth Rock\n|\n|-heal|p2a: DSL King|35\/100 brn|[from] item: Leftovers\n|-damage|p2a: DSL King|29\/100 brn|[from] brn\n|upkeep\n|turn|22\n|\n|t:|1699837376\n|move|p1a: Walking Dead|Hydro Steam|p2a: DSL King\n|-damage|p2a: DSL King|0 fnt\n|faint|p2a: DSL King\n|\n|upkeep\n|c|\u2606Gengarbo|nice\n|\n|t:|1699837387\n|switch|p2a: Slug Reaction|Wo-Chien, tera:Fairy|79\/100\n|-ability|p2a: Slug Reaction|Tablets of Ruin\n|turn|23\n|\n|t:|1699837435\n|move|p1a: Walking Dead|Hydro Steam|p2a: Slug Reaction\n|-damage|p2a: Slug Reaction|54\/100\n|move|p2a: Slug Reaction|Rest|p2a: Slug Reaction\n|-status|p2a: Slug Reaction|slp|[from] move: Rest\n|-heal|p2a: Slug Reaction|100\/100 slp|[silent]\n|\n|upkeep\n|turn|24\n|\n|t:|1699837454\n|move|p1a: Walking Dead|Flamethrower|p2a: Slug Reaction\n|-damage|p2a: Slug Reaction|84\/100 slp\n|cant|p2a: Slug Reaction|slp\n|move|p2a: Slug Reaction|Sleep Talk|p2a: Slug Reaction\n|move|p2a: Slug Reaction|Foul Play|p1a: Walking Dead|[from]move: Sleep Talk\n|-damage|p1a: Walking Dead|54\/100\n|\n|upkeep\n|turn|25\n|j| smugvillagertest2\n|l| smugvillagertest2\n|\n|t:|1699837467\n|move|p1a: Walking Dead|Hydro Steam|p2a: Slug Reaction\n|-damage|p2a: Slug Reaction|61\/100 slp\n|cant|p2a: Slug Reaction|slp\n|move|p2a: Slug Reaction|Sleep Talk|p2a: Slug Reaction\n|move|p2a: Slug Reaction|Foul Play|p1a: Walking Dead|[from]move: Sleep Talk\n|-damage|p1a: Walking Dead|29\/100\n|\n|upkeep\n|turn|26\n|j| smugvillagertest2\n|\n|t:|1699837476\n|switch|p2a: Gengarbage|Gengar, M|100\/100\n|move|p1a: Walking Dead|Hydro Steam|p2a: Gengarbage\n|-crit|p2a: Gengarbage\n|-damage|p2a: Gengarbage|0 fnt\n|faint|p2a: Gengarbage\n|\n|upkeep\n|c|\u2606Gengarbo|ayo\n|\n|t:|1699837488\n|switch|p2a: Slug Reaction|Wo-Chien, tera:Fairy|61\/100 slp\n|-ability|p2a: Slug Reaction|Tablets of Ruin\n|turn|27\n|\n|t:|1699837499\n|move|p1a: Walking Dead|Draco Meteor|p2a: Slug Reaction\n|-immune|p2a: Slug Reaction\n|-curestatus|p2a: Slug Reaction|slp|[msg]\n|move|p2a: Slug Reaction|Sleep Talk||[still]\n|-fail|p2a: Slug Reaction\n|\n|upkeep\n|turn|28\n|c|\u2606Chuckennigget|I forgor about tera\n|\n|t:|1699837526\n|-terastallize|p1a: Walking Dead|Ice\n|move|p1a: Walking Dead|Tera Blast|p2a: Slug Reaction|[anim] Tera Blast Ice\n|-damage|p2a: Slug Reaction|36\/100\n|move|p2a: Slug Reaction|Rest|p2a: Slug Reaction\n|-status|p2a: Slug Reaction|slp|[from] move: Rest\n|-heal|p2a: Slug Reaction|100\/100 slp|[silent]\n|\n|upkeep\n|turn|29\n|\n|t:|1699837533\n|move|p1a: Walking Dead|Tera Blast|p2a: Slug Reaction|[anim] Tera Blast Ice\n|-damage|p2a: Slug Reaction|76\/100 slp\n|cant|p2a: Slug Reaction|slp\n|move|p2a: Slug Reaction|Sleep Talk|p2a: Slug Reaction\n|move|p2a: Slug Reaction|Knock Off|p1a: Walking Dead|[from]move: Sleep Talk\n|-damage|p1a: Walking Dead|0 fnt\n|-enditem|p1a: Walking Dead|Assault Vest|[from] move: Knock Off|[of] p2a: Slug Reaction\n|faint|p1a: Walking Dead\n|-end|p1a: Walking Dead|Protosynthesis|[silent]\n|\n|upkeep\n|\n|t:|1699837545\n|switch|p1a: Wilma|Mandibuzz, F|42\/100\n|-damage|p1a: Wilma|17\/100|[from] Stealth Rock\n|turn|30\n|\n|t:|1699837549\n|move|p1a: Wilma|Roost|p1a: Wilma\n|-heal|p1a: Wilma|67\/100\n|-singleturn|p1a: Wilma|move: Roost\n|cant|p2a: Slug Reaction|slp\n|move|p2a: Slug Reaction|Sleep Talk|p2a: Slug Reaction\n|move|p2a: Slug Reaction|Foul Play|p1a: Wilma|[from]move: Sleep Talk\n|-resisted|p1a: Wilma\n|-damage|p1a: Wilma|61\/100\n|\n|upkeep\n|turn|31\n|\n|t:|1699837566\n|switch|p2a: SpicyTurt|Torkoal, F|43\/100\n|-weather|SunnyDay|[from] ability: Drought|[of] p2a: SpicyTurt\n|move|p1a: Wilma|Protect||[still]\n|-fail|p1a: Wilma\n|\n|-weather|SunnyDay|[upkeep]\n|upkeep\n|turn|32\n|\n|t:|1699837576\n|move|p1a: Wilma|Roost|p1a: Wilma\n|-heal|p1a: Wilma|100\/100\n|-singleturn|p1a: Wilma|move: Roost\n|move|p2a: SpicyTurt|Lava Plume|p1a: Wilma\n|-crit|p1a: Wilma\n|-damage|p1a: Wilma|57\/100\n|-status|p1a: Wilma|brn\n|\n|-weather|SunnyDay|[upkeep]\n|-damage|p1a: Wilma|51\/100 brn|[from] brn\n|upkeep\n|turn|33\n|\n|t:|1699837605\n|move|p1a: Wilma|Toxic|p2a: SpicyTurt\n|-status|p2a: SpicyTurt|tox\n|move|p2a: SpicyTurt|Yawn||[still]\n|-fail|p2a: SpicyTurt\n|\n|-weather|SunnyDay|[upkeep]\n|-damage|p2a: SpicyTurt|37\/100 tox|[from] psn\n|-damage|p1a: Wilma|45\/100 brn|[from] brn\n|upkeep\n|turn|34\n|\n|t:|1699837615\n|move|p1a: Wilma|Roost|p1a: Wilma\n|-heal|p1a: Wilma|95\/100 brn\n|-singleturn|p1a: Wilma|move: Roost\n|move|p2a: SpicyTurt|Lava Plume|p1a: Wilma\n|-damage|p1a: Wilma|66\/100 brn\n|\n|-weather|SunnyDay|[upkeep]\n|-damage|p2a: SpicyTurt|24\/100 tox|[from] psn\n|-damage|p1a: Wilma|60\/100 brn|[from] brn\n|upkeep\n|turn|35\n|\n|t:|1699837634\n|move|p1a: Wilma|Protect|p1a: Wilma\n|-singleturn|p1a: Wilma|Protect\n|move|p2a: SpicyTurt|Lava Plume|p1a: Wilma\n|-activate|p1a: Wilma|move: Protect\n|\n|-weather|SunnyDay|[upkeep]\n|-damage|p2a: SpicyTurt|6\/100 tox|[from] psn\n|-damage|p1a: Wilma|54\/100 brn|[from] brn\n|upkeep\n|turn|36\n|\n|t:|1699837645\n|switch|p1a: It's You|Ditto, shiny|53\/100\n|-damage|p1a: It's You|41\/100|[from] Stealth Rock\n|-transform|p1a: It's You|p2a: SpicyTurt|[from] ability: Imposter\n|move|p2a: SpicyTurt|Yawn|p1a: It's You\n|-start|p1a: It's You|move: Yawn|[of] p2a: SpicyTurt\n|\n|-weather|SunnyDay|[upkeep]\n|-damage|p2a: SpicyTurt|0 fnt|[from] psn\n|faint|p2a: SpicyTurt\n|upkeep\n|\n|t:|1699837656\n|switch|p2a: Slug Reaction|Wo-Chien, tera:Fairy|76\/100 slp\n|-ability|p2a: Slug Reaction|Tablets of Ruin\n|turn|37\n|\n|t:|1699837666\n|-curestatus|p2a: Slug Reaction|slp|[msg]\n|move|p2a: Slug Reaction|Sleep Talk||[still]\n|-fail|p2a: Slug Reaction\n|move|p1a: It's You|Rapid Spin|p2a: Slug Reaction\n|-damage|p2a: Slug Reaction|70\/100\n|-boost|p1a: It's You|spe|1\n|-sideend|p1: Chuckennigget|Stealth Rock|[from] move: Rapid Spin|[of] p1a: It's You\n|\n|-weather|SunnyDay|[upkeep]\n|-end|p1a: It's You|move: Yawn|[silent]\n|-status|p1a: It's You|slp\n|upkeep\n|turn|38\n|\n|t:|1699837678\n|move|p2a: Slug Reaction|Knock Off|p1a: It's You\n|-damage|p1a: It's You|17\/100 slp\n|-enditem|p1a: It's You|Choice Scarf|[from] move: Knock Off|[of] p2a: Slug Reaction\n|cant|p1a: It's You|slp\n|\n|-weather|none\n|upkeep\n|turn|39\n|\n|t:|1699837688\n|move|p2a: Slug Reaction|Rest|p2a: Slug Reaction\n|-status|p2a: Slug Reaction|slp|[from] move: Rest\n|-heal|p2a: Slug Reaction|100\/100 slp|[silent]\n|-curestatus|p1a: It's You|slp|[msg]\n|move|p1a: It's You|Rapid Spin|p2a: Slug Reaction\n|-damage|p2a: Slug Reaction|94\/100 slp\n|-boost|p1a: It's You|spe|1\n|\n|upkeep\n|turn|40\n|\n|t:|1699837698\n|cant|p2a: Slug Reaction|slp\n|move|p2a: Slug Reaction|Sleep Talk|p2a: Slug Reaction\n|move|p2a: Slug Reaction|Knock Off|p1a: It's You|[from]move: Sleep Talk\n|-damage|p1a: It's You|0 fnt\n|faint|p1a: It's You\n|\n|upkeep\n|\n|t:|1699837704\n|switch|p1a: Wilma|Mandibuzz, F|54\/100 brn\n|turn|41\n|\n|t:|1699837709\n|move|p1a: Wilma|Roost|p1a: Wilma\n|-heal|p1a: Wilma|100\/100 brn\n|-singleturn|p1a: Wilma|move: Roost\n|cant|p2a: Slug Reaction|slp\n|move|p2a: Slug Reaction|Sleep Talk|p2a: Slug Reaction\n|move|p2a: Slug Reaction|Foul Play|p1a: Wilma|[from]move: Sleep Talk\n|-resisted|p1a: Wilma\n|-damage|p1a: Wilma|95\/100 brn\n|\n|-damage|p1a: Wilma|89\/100 brn|[from] brn\n|upkeep\n|turn|42\n|c| RisingAT|Oh man\n|\n|t:|1699837725\n|move|p1a: Wilma|Foul Play|p2a: Slug Reaction\n|-resisted|p2a: Slug Reaction\n|-damage|p2a: Slug Reaction|90\/100 slp\n|-curestatus|p2a: Slug Reaction|slp|[msg]\n|move|p2a: Slug Reaction|Sleep Talk||[still]\n|-fail|p2a: Slug Reaction\n|\n|-damage|p1a: Wilma|83\/100 brn|[from] brn\n|upkeep\n|turn|43\n|c| Track Jacket|long game\n|\n|t:|1699837734\n|move|p1a: Wilma|Toxic|p2a: Slug Reaction\n|-status|p2a: Slug Reaction|tox\n|move|p2a: Slug Reaction|Knock Off|p1a: Wilma\n|-resisted|p1a: Wilma\n|-damage|p1a: Wilma|77\/100 brn\n|\n|-damage|p2a: Slug Reaction|84\/100 tox|[from] psn\n|-damage|p1a: Wilma|71\/100 brn|[from] brn\n|upkeep\n|turn|44\n|\n|t:|1699837742\n|move|p1a: Wilma|Protect|p1a: Wilma\n|-singleturn|p1a: Wilma|Protect\n|move|p2a: Slug Reaction|Foul Play|p1a: Wilma\n|-activate|p1a: Wilma|move: Protect\n|\n|-damage|p2a: Slug Reaction|72\/100 tox|[from] psn\n|-damage|p1a: Wilma|65\/100 brn|[from] brn\n|upkeep\n|turn|45\n|c| desertdoggo|We in here though\n|\n|t:|1699837750\n|move|p1a: Wilma|Foul Play|p2a: Slug Reaction\n|-resisted|p2a: Slug Reaction\n|-damage|p2a: Slug Reaction|67\/100 tox\n|move|p2a: Slug Reaction|Rest|p2a: Slug Reaction\n|-status|p2a: Slug Reaction|slp|[from] move: Rest\n|-heal|p2a: Slug Reaction|100\/100 slp|[silent]\n|\n|-damage|p1a: Wilma|59\/100 brn|[from] brn\n|upkeep\n|turn|46\n|\n|t:|1699837763\n|move|p1a: Wilma|Foul Play|p2a: Slug Reaction\n|-resisted|p2a: Slug Reaction\n|-damage|p2a: Slug Reaction|95\/100 slp\n|cant|p2a: Slug Reaction|slp\n|move|p2a: Slug Reaction|Sleep Talk|p2a: Slug Reaction\n|move|p2a: Slug Reaction|Rest||[from]move: Sleep Talk|[still]\n|-fail|p2a: Slug Reaction\n|\n|-damage|p1a: Wilma|53\/100 brn|[from] brn\n|upkeep\n|turn|47\n|\n|t:|1699837778\n|move|p1a: Wilma|Foul Play|p2a: Slug Reaction\n|-resisted|p2a: Slug Reaction\n|-damage|p2a: Slug Reaction|91\/100 slp\n|cant|p2a: Slug Reaction|slp\n|move|p2a: Slug Reaction|Sleep Talk|p2a: Slug Reaction\n|move|p2a: Slug Reaction|Knock Off|p1a: Wilma|[from]move: Sleep Talk\n|-resisted|p1a: Wilma\n|-damage|p1a: Wilma|47\/100 brn\n|\n|-damage|p1a: Wilma|41\/100 brn|[from] brn\n|upkeep\n|turn|48\n|\n|t:|1699837797\n|move|p1a: Wilma|Foul Play|p2a: Slug Reaction\n|-resisted|p2a: Slug Reaction\n|-damage|p2a: Slug Reaction|86\/100 slp\n|-curestatus|p2a: Slug Reaction|slp|[msg]\n|move|p2a: Slug Reaction|Foul Play|p1a: Wilma\n|-resisted|p1a: Wilma\n|-damage|p1a: Wilma|36\/100 brn\n|\n|-damage|p1a: Wilma|30\/100 brn|[from] brn\n|upkeep\n|turn|49\n|\n|t:|1699837809\n|move|p1a: Wilma|Roost|p1a: Wilma\n|-heal|p1a: Wilma|80\/100 brn\n|-singleturn|p1a: Wilma|move: Roost\n|move|p2a: Slug Reaction|Foul Play|p1a: Wilma\n|-resisted|p1a: Wilma\n|-damage|p1a: Wilma|74\/100 brn\n|\n|-damage|p1a: Wilma|68\/100 brn|[from] brn\n|upkeep\n|turn|50\n|\n|t:|1699837818\n|move|p1a: Wilma|Toxic|p2a: Slug Reaction\n|-status|p2a: Slug Reaction|tox\n|move|p2a: Slug Reaction|Foul Play|p1a: Wilma\n|-resisted|p1a: Wilma\n|-damage|p1a: Wilma|63\/100 brn\n|\n|-damage|p2a: Slug Reaction|80\/100 tox|[from] psn\n|-damage|p1a: Wilma|57\/100 brn|[from] brn\n|upkeep\n|turn|51\n|\n|t:|1699837826\n|move|p1a: Wilma|Protect|p1a: Wilma\n|-singleturn|p1a: Wilma|Protect\n|move|p2a: Slug Reaction|Foul Play|p1a: Wilma\n|-activate|p1a: Wilma|move: Protect\n|\n|-damage|p2a: Slug Reaction|67\/100 tox|[from] psn\n|-damage|p1a: Wilma|51\/100 brn|[from] brn\n|upkeep\n|turn|52\n|\n|t:|1699837838\n|move|p1a: Wilma|Foul Play|p2a: Slug Reaction\n|-resisted|p2a: Slug Reaction\n|-damage|p2a: Slug Reaction|63\/100 tox\n|move|p2a: Slug Reaction|Rest|p2a: Slug Reaction\n|-status|p2a: Slug Reaction|slp|[from] move: Rest\n|-heal|p2a: Slug Reaction|100\/100 slp|[silent]\n|\n|-damage|p1a: Wilma|45\/100 brn|[from] brn\n|upkeep\n|turn|53\n|\n|t:|1699837848\n|move|p1a: Wilma|Foul Play|p2a: Slug Reaction\n|-resisted|p2a: Slug Reaction\n|-damage|p2a: Slug Reaction|96\/100 slp\n|cant|p2a: Slug Reaction|slp\n|move|p2a: Slug Reaction|Sleep Talk|p2a: Slug Reaction\n|move|p2a: Slug Reaction|Rest||[from]move: Sleep Talk|[still]\n|-fail|p2a: Slug Reaction\n|\n|-damage|p1a: Wilma|38\/100 brn|[from] brn\n|upkeep\n|turn|54\n|\n|t:|1699837858\n|move|p1a: Wilma|Foul Play|p2a: Slug Reaction\n|-resisted|p2a: Slug Reaction\n|-damage|p2a: Slug Reaction|91\/100 slp\n|cant|p2a: Slug Reaction|slp\n|move|p2a: Slug Reaction|Sleep Talk|p2a: Slug Reaction\n|move|p2a: Slug Reaction|Rest||[from]move: Sleep Talk|[still]\n|-fail|p2a: Slug Reaction\n|\n|-damage|p1a: Wilma|32\/100 brn|[from] brn\n|upkeep\n|turn|55\n|\n|t:|1699837869\n|move|p1a: Wilma|Foul Play|p2a: Slug Reaction\n|-resisted|p2a: Slug Reaction\n|-damage|p2a: Slug Reaction|86\/100 slp\n|-curestatus|p2a: Slug Reaction|slp|[msg]\n|move|p2a: Slug Reaction|Foul Play|p1a: Wilma\n|-resisted|p1a: Wilma\n|-damage|p1a: Wilma|26\/100 brn\n|\n|-damage|p1a: Wilma|20\/100 brn|[from] brn\n|upkeep\n|turn|56\n|\n|t:|1699837878\n|move|p1a: Wilma|Toxic|p2a: Slug Reaction\n|-status|p2a: Slug Reaction|tox\n|move|p2a: Slug Reaction|Foul Play|p1a: Wilma\n|-resisted|p1a: Wilma\n|-damage|p1a: Wilma|14\/100 brn\n|\n|-damage|p2a: Slug Reaction|80\/100 tox|[from] psn\n|-damage|p1a: Wilma|8\/100 brn|[from] brn\n|upkeep\n|turn|57\n|\n|t:|1699837887\n|move|p1a: Wilma|Roost|p1a: Wilma\n|-heal|p1a: Wilma|58\/100 brn\n|-singleturn|p1a: Wilma|move: Roost\n|move|p2a: Slug Reaction|Foul Play|p1a: Wilma\n|-resisted|p1a: Wilma\n|-damage|p1a: Wilma|52\/100 brn\n|\n|-damage|p2a: Slug Reaction|68\/100 tox|[from] psn\n|-damage|p1a: Wilma|46\/100 brn|[from] brn\n|upkeep\n|turn|58\n|\n|t:|1699837911\n|move|p1a: Wilma|Foul Play|p2a: Slug Reaction\n|-resisted|p2a: Slug Reaction\n|-damage|p2a: Slug Reaction|63\/100 tox\n|move|p2a: Slug Reaction|Rest|p2a: Slug Reaction\n|-status|p2a: Slug Reaction|slp|[from] move: Rest\n|-heal|p2a: Slug Reaction|100\/100 slp|[silent]\n|\n|-damage|p1a: Wilma|40\/100 brn|[from] brn\n|upkeep\n|turn|59\n|\n|t:|1699837922\n|move|p1a: Wilma|Foul Play|p2a: Slug Reaction\n|-resisted|p2a: Slug Reaction\n|-damage|p2a: Slug Reaction|96\/100 slp\n|cant|p2a: Slug Reaction|slp\n|move|p2a: Slug Reaction|Sleep Talk|p2a: Slug Reaction\n|move|p2a: Slug Reaction|Knock Off|p1a: Wilma|[from]move: Sleep Talk\n|-resisted|p1a: Wilma\n|-damage|p1a: Wilma|34\/100 brn\n|\n|-damage|p1a: Wilma|27\/100 brn|[from] brn\n|upkeep\n|turn|60\n|\n|t:|1699837932\n|move|p1a: Wilma|Foul Play|p2a: Slug Reaction\n|-resisted|p2a: Slug Reaction\n|-damage|p2a: Slug Reaction|91\/100 slp\n|cant|p2a: Slug Reaction|slp\n|move|p2a: Slug Reaction|Sleep Talk|p2a: Slug Reaction\n|move|p2a: Slug Reaction|Rest||[from]move: Sleep Talk|[still]\n|-fail|p2a: Slug Reaction\n|\n|-damage|p1a: Wilma|21\/100 brn|[from] brn\n|upkeep\n|turn|61\n|\n|t:|1699837942\n|move|p1a: Wilma|Foul Play|p2a: Slug Reaction\n|-resisted|p2a: Slug Reaction\n|-damage|p2a: Slug Reaction|86\/100 slp\n|-curestatus|p2a: Slug Reaction|slp|[msg]\n|move|p2a: Slug Reaction|Sleep Talk||[still]\n|-fail|p2a: Slug Reaction\n|\n|-damage|p1a: Wilma|15\/100 brn|[from] brn\n|upkeep\n|turn|62\n|\n|t:|1699837951\n|move|p1a: Wilma|Roost|p1a: Wilma\n|-heal|p1a: Wilma|65\/100 brn\n|-singleturn|p1a: Wilma|move: Roost\n|move|p2a: Slug Reaction|Foul Play|p1a: Wilma\n|-resisted|p1a: Wilma\n|-damage|p1a: Wilma|59\/100 brn\n|\n|-damage|p1a: Wilma|53\/100 brn|[from] brn\n|upkeep\n|turn|63\n|\n|t:|1699837959\n|move|p1a: Wilma|Toxic|p2a: Slug Reaction\n|-status|p2a: Slug Reaction|tox\n|move|p2a: Slug Reaction|Foul Play|p1a: Wilma\n|-resisted|p1a: Wilma\n|-damage|p1a: Wilma|47\/100 brn\n|\n|-damage|p2a: Slug Reaction|80\/100 tox|[from] psn\n|-damage|p1a: Wilma|41\/100 brn|[from] brn\n|upkeep\n|turn|64\n|\n|t:|1699837971\n|move|p1a: Wilma|Foul Play|p2a: Slug Reaction\n|-resisted|p2a: Slug Reaction\n|-damage|p2a: Slug Reaction|75\/100 tox\n|move|p2a: Slug Reaction|Foul Play|p1a: Wilma\n|-resisted|p1a: Wilma\n|-damage|p1a: Wilma|35\/100 brn\n|\n|-damage|p2a: Slug Reaction|63\/100 tox|[from] psn\n|-damage|p1a: Wilma|29\/100 brn|[from] brn\n|upkeep\n|turn|65\n|\n|t:|1699837991\n|move|p1a: Wilma|Foul Play|p2a: Slug Reaction\n|-resisted|p2a: Slug Reaction\n|-damage|p2a: Slug Reaction|58\/100 tox\n|move|p2a: Slug Reaction|Foul Play|p1a: Wilma\n|-resisted|p1a: Wilma\n|-damage|p1a: Wilma|23\/100 brn\n|\n|-damage|p2a: Slug Reaction|39\/100 tox|[from] psn\n|-damage|p1a: Wilma|17\/100 brn|[from] brn\n|upkeep\n|turn|66\n|\n|t:|1699838003\n|move|p1a: Wilma|Roost|p1a: Wilma\n|-heal|p1a: Wilma|67\/100 brn\n|-singleturn|p1a: Wilma|move: Roost\n|move|p2a: Slug Reaction|Foul Play|p1a: Wilma\n|-resisted|p1a: Wilma\n|-damage|p1a: Wilma|61\/100 brn\n|\n|-damage|p2a: Slug Reaction|15\/100 tox|[from] psn\n|-damage|p1a: Wilma|55\/100 brn|[from] brn\n|upkeep\n|turn|67\n|\n|t:|1699838014\n|move|p1a: Wilma|Foul Play|p2a: Slug Reaction\n|-resisted|p2a: Slug Reaction\n|-damage|p2a: Slug Reaction|10\/100 tox\n|move|p2a: Slug Reaction|Rest|p2a: Slug Reaction\n|-status|p2a: Slug Reaction|slp|[from] move: Rest\n|-heal|p2a: Slug Reaction|100\/100 slp|[silent]\n|\n|-damage|p1a: Wilma|49\/100 brn|[from] brn\n|upkeep\n|turn|68\n|\n|t:|1699838029\n|move|p1a: Wilma|Foul Play|p2a: Slug Reaction\n|-resisted|p2a: Slug Reaction\n|-damage|p2a: Slug Reaction|96\/100 slp\n|cant|p2a: Slug Reaction|slp\n|\n|-damage|p1a: Wilma|43\/100 brn|[from] brn\n|upkeep\n|turn|69\n|c|\u2606Chuckennigget|ugh that's it\n|c|\u2606Chuckennigget|DAMN IT\n|c|\u2606Gengarbo|You got more roosts no?\n|c|\u2606Chuckennigget|I'm out\n|c|\u2606Gengarbo|I thought its gg for me\n|c|\u2606Gengarbo|oh shite\n|c| Track Jacket|that was a good game\n|c| Track Jacket|you can scroll over the mon to see the remaining\n|c|\u2606Chuckennigget|how forfeit\n|c| RisingAT|Good game, was anyone's match\n|c| Track Jacket|X\n|-message|Chuckennigget forfeited.\n|\n|win|Gengarbo\n","uploadtime":1699838115,"views":59,"p1id":"chuckennigget","p2id":"gengarbo","formatid":"gen9ubers","rating":0,"private":0,"password":""}