{"id":"gen9ubers-1989405199","p1":"Scottowo","p2":"Jaekling","format":"[Gen 9] Ubers","log":"|j|\u2606Scottowo\n|j|\u2606Jaekling\n|t:|1699846017\n|gametype|singles\n|player|p1|Scottowo|elesa-gen5bw2|\n|player|p2|Jaekling|swimmerf|\n|teamsize|p1|6\n|teamsize|p2|6\n|gen|9\n|tier|[Gen 9] Ubers\n|rule|Sleep Clause Mod: Limit one foe put to sleep\n|rule|Species Clause: Limit one of each Pok\u00e9mon\n|rule|OHKO Clause: OHKO moves are banned\n|rule|Evasion Items Clause: Evasion items are banned\n|rule|Evasion Moves Clause: Evasion moves are banned\n|rule|Endless Battle Clause: Forcing endless battles is banned\n|rule|HP Percentage Mod: HP is shown in percentages\n|clearpoke\n|poke|p1|Beartic, M|\n|poke|p1|Vikavolt, F|\n|poke|p1|Dipplin, M|\n|poke|p1|Garchomp, M|\n|poke|p1|Iron Moth|\n|poke|p1|Pelipper, F|\n|poke|p2|Cinderace, F|\n|poke|p2|Great Tusk|\n|poke|p2|Kommo-o, F|\n|poke|p2|Iron Hands|\n|poke|p2|Ogerpon-Wellspring, F|\n|poke|p2|Sylveon, F|\n|teampreview\n|\n|t:|1699846132\n|start\n|switch|p1a: Michonne|Pelipper, F|100\/100\n|switch|p2a: Freddy|Kommo-o, F|100\/100\n|-weather|RainDance|[from] ability: Drizzle|[of] p1a: Michonne\n|turn|1\n|\n|t:|1699846173\n|move|p2a: Freddy|Sunny Day|p2a: Freddy\n|-weather|SunnyDay\n|move|p1a: Michonne|Hurricane|p2a: Freddy|[miss]\n|-miss|p1a: Michonne|p2a: Freddy\n|\n|-weather|SunnyDay|[upkeep]\n|upkeep\n|turn|2\n|\n|t:|1699846287\n|move|p2a: Freddy|Stealth Rock|p1a: Michonne\n|-sidestart|p1: Scottowo|move: Stealth Rock\n|move|p1a: Michonne|U-turn|p2a: Freddy\n|-resisted|p2a: Freddy\n|-damage|p2a: Freddy|97\/100\n|\n|t:|1699846309\n|switch|p1a: Daryl|Iron Moth|100\/100|[from] U-turn\n|-damage|p1a: Daryl|76\/100|[from] Stealth Rock\n|\n|-weather|SunnyDay|[upkeep]\n|upkeep\n|turn|3\n|\n|t:|1699846380\n|switch|p2a: Chica|Iron Hands|100\/100\n|move|p1a: Daryl|Dazzling Gleam|p2a: Chica\n|-supereffective|p2a: Chica\n|-damage|p2a: Chica|62\/100\n|\n|-weather|SunnyDay|[upkeep]\n|upkeep\n|turn|4\n|\n|t:|1699846523\n|-end|p1a: Daryl|Quark Drive|[silent]\n|switch|p1a: Lori|Vikavolt, F|100\/100\n|move|p2a: Chica|Earthquake|p1a: Lori\n|-immune|p1a: Lori|[from] ability: Levitate\n|\n|-weather|SunnyDay|[upkeep]\n|upkeep\n|turn|5\n|\n|t:|1699846605\n|-end|p2a: Chica|Quark Drive|[silent]\n|switch|p2a: Foxy|Cinderace, F|100\/100\n|move|p1a: Lori|Volt Switch|p2a: Foxy\n|-damage|p2a: Foxy|43\/100\n|\n|t:|1699846617\n|switch|p1a: Michonne|Pelipper, F|100\/100|[from] Volt Switch\n|-weather|RainDance|[from] ability: Drizzle|[of] p1a: Michonne\n|\n|-weather|RainDance|[upkeep]\n|upkeep\n|turn|6\n|\n|t:|1699846647\n|move|p2a: Foxy|U-turn|p1a: Michonne\n|-start|p2a: Foxy|typechange|Bug|[from] ability: Libero\n|-resisted|p1a: Michonne\n|-damage|p1a: Michonne|81\/100\n|\n|t:|1699846664\n|switch|p2a: Chica|Iron Hands|62\/100|[from] U-turn\n|move|p1a: Michonne|Hurricane|p2a: Chica\n|-damage|p2a: Chica|41\/100\n|-start|p2a: Chica|confusion\n|\n|-weather|RainDance|[upkeep]\n|upkeep\n|turn|7\n|\n|t:|1699846680\n|switch|p1a: Shane|Garchomp, M, shiny|100\/100\n|-damage|p1a: Shane|94\/100|[from] Stealth Rock\n|-activate|p2a: Chica|confusion\n|-damage|p2a: Chica|31\/100|[from] confusion\n|\n|-weather|RainDance|[upkeep]\n|upkeep\n|turn|8\n|\n|t:|1699846689\n|move|p1a: Shane|Earthquake|p2a: Chica\n|-supereffective|p2a: Chica\n|-damage|p2a: Chica|0 fnt\n|faint|p2a: Chica\n|-end|p2a: Chica|Quark Drive|[silent]\n|\n|-weather|RainDance|[upkeep]\n|upkeep\n|\n|t:|1699846695\n|switch|p2a: Nightmare Foxy <3|Sylveon, F|100\/100\n|turn|9\n|\n|t:|1699846705\n|switch|p1a: Daryl|Iron Moth|76\/100\n|-damage|p1a: Daryl|51\/100|[from] Stealth Rock\n|move|p2a: Nightmare Foxy <3|Hyper Voice|p1a: Daryl\n|-resisted|p1a: Daryl\n|-damage|p1a: Daryl|40\/100\n|\n|-weather|none\n|upkeep\n|turn|10\n|\n|t:|1699846787\n|move|p1a: Daryl|Sludge Wave|p2a: Nightmare Foxy <3\n|-supereffective|p2a: Nightmare Foxy <3\n|-damage|p2a: Nightmare Foxy <3|20\/100\n|move|p2a: Nightmare Foxy <3|Psyshock|p1a: Daryl\n|-supereffective|p1a: Daryl\n|-damage|p1a: Daryl|0 fnt\n|faint|p1a: Daryl\n|-end|p1a: Daryl|Quark Drive|[silent]\n|\n|-heal|p2a: Nightmare Foxy <3|26\/100|[from] item: Leftovers\n|upkeep\n|\n|t:|1699846822\n|switch|p1a: Shane|Garchomp, M, shiny|94\/100\n|-damage|p1a: Shane|88\/100|[from] Stealth Rock\n|turn|11\n|\n|t:|1699846833\n|move|p2a: Nightmare Foxy <3|Protect|p2a: Nightmare Foxy <3\n|-singleturn|p2a: Nightmare Foxy <3|Protect\n|move|p1a: Shane|Earthquake|p2a: Nightmare Foxy <3\n|-activate|p2a: Nightmare Foxy <3|move: Protect\n|\n|-heal|p2a: Nightmare Foxy <3|32\/100|[from] item: Leftovers\n|upkeep\n|turn|12\n|j| hatev2\n|\n|t:|1699846899\n|switch|p2a: Bonnie|Ogerpon-Wellspring, F|100\/100\n|move|p1a: Shane|Poison Jab|p2a: Bonnie\n|-supereffective|p2a: Bonnie\n|-damage|p2a: Bonnie|29\/100\n|\n|upkeep\n|turn|13\n|\n|t:|1699846952\n|switch|p1a: Carl|Dipplin, M, shiny|100\/100\n|-damage|p1a: Carl|88\/100|[from] Stealth Rock\n|move|p2a: Bonnie|Ivy Cudgel|p1a: Carl\n|-resisted|p1a: Carl\n|-damage|p1a: Carl|82\/100\n|\n|upkeep\n|turn|14\n|\n|t:|1699847003\n|switch|p2a: Foxy|Cinderace, F|43\/100\n|move|p1a: Carl|Energy Ball|p2a: Foxy\n|-resisted|p2a: Foxy\n|-damage|p2a: Foxy|23\/100\n|\n|upkeep\n|turn|15\n|\n|t:|1699847042\n|move|p2a: Foxy|Pyro Ball|p1a: Carl\n|-damage|p1a: Carl|45\/100\n|move|p1a: Carl|Dragon Pulse|p2a: Foxy\n|-damage|p2a: Foxy|0 fnt\n|faint|p2a: Foxy\n|\n|upkeep\n|\n|t:|1699847050\n|switch|p2a: Nightmare Foxy <3|Sylveon, F|32\/100\n|turn|16\n|\n|t:|1699847287\n|switch|p1a: Shane|Garchomp, M, shiny|88\/100\n|-damage|p1a: Shane|82\/100|[from] Stealth Rock\n|move|p2a: Nightmare Foxy <3|Wish|p2a: Nightmare Foxy <3\n|\n|-heal|p2a: Nightmare Foxy <3|38\/100|[from] item: Leftovers\n|upkeep\n|turn|17\n|\n|t:|1699847309\n|move|p2a: Nightmare Foxy <3|Protect|p2a: Nightmare Foxy <3\n|-singleturn|p2a: Nightmare Foxy <3|Protect\n|move|p1a: Shane|Spikes|p2a: Nightmare Foxy <3\n|-sidestart|p2: Jaekling|Spikes\n|\n|-heal|p2a: Nightmare Foxy <3|88\/100|[from] move: Wish|[wisher] Nightmare Foxy <3\n|-heal|p2a: Nightmare Foxy <3|94\/100|[from] item: Leftovers\n|upkeep\n|turn|18\n|\n|t:|1699847423\n|move|p1a: Shane|Poison Jab|p2a: Nightmare Foxy <3\n|-supereffective|p2a: Nightmare Foxy <3\n|-damage|p2a: Nightmare Foxy <3|49\/100\n|move|p2a: Nightmare Foxy <3|Hyper Voice|p1a: Shane\n|-supereffective|p1a: Shane\n|-damage|p1a: Shane|0 fnt\n|faint|p1a: Shane\n|\n|-heal|p2a: Nightmare Foxy <3|56\/100|[from] item: Leftovers\n|upkeep\n|\n|t:|1699847433\n|switch|p1a: Rick|Beartic, M, shiny|100\/100\n|-damage|p1a: Rick|76\/100|[from] Stealth Rock\n|turn|19\n|\n|t:|1699847490\n|move|p2a: Nightmare Foxy <3|Protect|p2a: Nightmare Foxy <3\n|-singleturn|p2a: Nightmare Foxy <3|Protect\n|move|p1a: Rick|Icicle Crash|p2a: Nightmare Foxy <3\n|-activate|p2a: Nightmare Foxy <3|move: Protect\n|\n|-heal|p2a: Nightmare Foxy <3|62\/100|[from] item: Leftovers\n|upkeep\n|turn|20\n|\n|t:|1699847506\n|move|p1a: Rick|Icicle Crash|p2a: Nightmare Foxy <3\n|-damage|p2a: Nightmare Foxy <3|0 fnt\n|faint|p2a: Nightmare Foxy <3\n|\n|upkeep\n|\n|t:|1699847512\n|switch|p2a: Freddy|Kommo-o, F|97\/100\n|-damage|p2a: Freddy|84\/100|[from] Spikes\n|turn|21\n|\n|t:|1699847569\n|-terastallize|p1a: Rick|Fighting\n|move|p2a: Freddy|Sunny Day|p2a: Freddy\n|-weather|SunnyDay\n|move|p1a: Rick|Icicle Crash|p2a: Freddy|[miss]\n|-miss|p1a: Rick|p2a: Freddy\n|\n|-weather|SunnyDay|[upkeep]\n|upkeep\n|turn|22\n|\n|t:|1699847585\n|switch|p2a: Puppet|Great Tusk|100\/100\n|-damage|p2a: Puppet|88\/100|[from] Spikes\n|-activate|p2a: Puppet|ability: Protosynthesis\n|-start|p2a: Puppet|protosynthesisatk\n|move|p1a: Rick|Icicle Crash|p2a: Puppet\n|-supereffective|p2a: Puppet\n|-damage|p2a: Puppet|0 fnt\n|faint|p2a: Puppet\n|-end|p2a: Puppet|Protosynthesis|[silent]\n|\n|-weather|SunnyDay|[upkeep]\n|upkeep\n|\n|t:|1699847601\n|switch|p2a: Bonnie|Ogerpon-Wellspring, F|29\/100\n|-damage|p2a: Bonnie|16\/100|[from] Spikes\n|turn|23\n|\n|t:|1699847608\n|switch|p1a: Carl|Dipplin, M, shiny|45\/100\n|-damage|p1a: Carl|33\/100|[from] Stealth Rock\n|move|p2a: Bonnie|Horn Leech|p1a: Carl\n|-resisted|p1a: Carl\n|-damage|p1a: Carl|28\/100\n|-heal|p2a: Bonnie|19\/100|[from] drain|[of] p1a: Carl\n|\n|-weather|SunnyDay|[upkeep]\n|upkeep\n|turn|24\n|\n|t:|1699847620\n|move|p2a: Bonnie|Trailblaze|p1a: Carl\n|-resisted|p1a: Carl\n|-damage|p1a: Carl|24\/100\n|-boost|p2a: Bonnie|spe|1\n|move|p1a: Carl|Recover|p1a: Carl\n|-heal|p1a: Carl|74\/100\n|\n|-weather|SunnyDay|[upkeep]\n|upkeep\n|turn|25\n|\n|t:|1699847635\n|move|p2a: Bonnie|Ivy Cudgel|p1a: Carl\n|-resisted|p1a: Carl\n|-damage|p1a: Carl|71\/100\n|move|p1a: Carl|Reflect|p1a: Carl\n|-sidestart|p1: Scottowo|Reflect\n|\n|-weather|SunnyDay|[upkeep]\n|upkeep\n|turn|26\n|\n|t:|1699847664\n|move|p2a: Bonnie|Horn Leech|p1a: Carl\n|-resisted|p1a: Carl\n|-damage|p1a: Carl|69\/100\n|-heal|p2a: Bonnie|21\/100|[from] drain|[of] p1a: Carl\n|move|p1a: Carl|Recover|p1a: Carl\n|-heal|p1a: Carl|100\/100\n|\n|-weather|SunnyDay|[upkeep]\n|upkeep\n|turn|27\n|\n|t:|1699847675\n|move|p2a: Bonnie|Horn Leech|p1a: Carl\n|-resisted|p1a: Carl\n|-damage|p1a: Carl|98\/100\n|-heal|p2a: Bonnie|22\/100|[from] drain|[of] p1a: Carl\n|move|p1a: Carl|Energy Ball|p2a: Bonnie\n|-damage|p2a: Bonnie|0 fnt\n|faint|p2a: Bonnie\n|\n|-weather|SunnyDay|[upkeep]\n|upkeep\n|\n|t:|1699847684\n|switch|p2a: Freddy|Kommo-o, F|84\/100\n|-damage|p2a: Freddy|72\/100|[from] Spikes\n|turn|28\n|\n|t:|1699847688\n|move|p2a: Freddy|Taunt|p1a: Carl\n|-start|p1a: Carl|move: Taunt\n|move|p1a: Carl|Dragon Pulse|p2a: Freddy\n|-supereffective|p2a: Freddy\n|-damage|p2a: Freddy|27\/100\n|\n|-weather|none\n|upkeep\n|turn|29\n|\n|t:|1699847695\n|move|p1a: Carl|Dragon Pulse|p2a: Freddy\n|-supereffective|p2a: Freddy\n|-damage|p2a: Freddy|0 fnt\n|faint|p2a: Freddy\n|\n|win|Scottowo\n","uploadtime":1699847700,"views":22,"p1id":"scottowo","p2id":"jaekling","formatid":"gen9ubers","rating":0,"private":0,"password":""}