{"id":"gen9ubers-1976502162","p1":"SamsungS5","p2":"jaymako","format":"[Gen 9] Ubers","log":"|j|\u2606SamsungS5\n|j|\u2606jaymako\n|t:|1698313827\n|gametype|singles\n|player|p1|SamsungS5|170|\n|player|p2|jaymako|musician|\n|teamsize|p1|6\n|teamsize|p2|6\n|gen|9\n|tier|[Gen 9] Ubers\n|rule|Sleep Clause Mod: Limit one foe put to sleep\n|rule|Species Clause: Limit one of each Pok\u00e9mon\n|rule|OHKO Clause: OHKO moves are banned\n|rule|Evasion Items Clause: Evasion items are banned\n|rule|Evasion Moves Clause: Evasion moves are banned\n|rule|Endless Battle Clause: Forcing endless battles is banned\n|rule|HP Percentage Mod: HP is shown in percentages\n|clearpoke\n|poke|p1|Ogerpon-Hearthflame, F|\n|poke|p1|Baxcalibur, F|\n|poke|p1|Ditto|\n|poke|p1|Enamorus-Therian, F|\n|poke|p1|Tauros-Paldea-Aqua, M|\n|poke|p1|Hakamo-o, F|\n|poke|p2|Dragonite, M|\n|poke|p2|Grimmsnarl, M|\n|poke|p2|Avalugg, F|\n|poke|p2|Rotom-Wash|\n|poke|p2|Charizard, M|\n|poke|p2|Skuntank, M|\n|teampreview\n|c|\u2606SamsungS5|there we go\n|c|\u2606SamsungS5|gljf\n|c|\u2606SamsungS5|glhf\n|c|\u2606jaymako|finally\n|c|\u2606jaymako|glhf\n|\n|t:|1698313861\n|start\n|switch|p1a: Ogerpon|Ogerpon-Hearthflame, F|100\/100\n|switch|p2a: Davey|Grimmsnarl, M|100\/100\n|-ability|p1a: Ogerpon|Mold Breaker\n|turn|1\n|\n|t:|1698313874\n|move|p2a: Davey|Light Screen|p2a: Davey\n|-sidestart|p2: jaymako|move: Light Screen\n|move|p1a: Ogerpon|Ivy Cudgel|p2a: Davey\n|-damage|p2a: Davey|31\/100\n|\n|upkeep\n|turn|2\n|\n|t:|1698313879\n|move|p2a: Davey|Reflect|p2a: Davey\n|-sidestart|p2: jaymako|Reflect\n|move|p1a: Ogerpon|Ivy Cudgel|p2a: Davey\n|-damage|p2a: Davey|0 fnt\n|faint|p2a: Davey\n|\n|upkeep\n|\n|t:|1698313896\n|switch|p2a: Davos|Charizard, M|100\/100\n|turn|3\n|\n|t:|1698313905\n|move|p1a: Ogerpon|Spiky Shield|p1a: Ogerpon\n|-singleturn|p1a: Ogerpon|move: Protect\n|move|p2a: Davos|Air Slash|p1a: Ogerpon\n|-activate|p1a: Ogerpon|move: Protect\n|\n|upkeep\n|turn|4\n|\n|t:|1698313916\n|switch|p1a: Baxcalibur|Baxcalibur, F|100\/100\n|move|p2a: Davos|Air Slash|p1a: Baxcalibur\n|-damage|p1a: Baxcalibur|77\/100\n|\n|upkeep\n|turn|5\n|\n|t:|1698313935\n|move|p2a: Davos|Will-O-Wisp|p1a: Baxcalibur|[miss]\n|-miss|p2a: Davos|p1a: Baxcalibur\n|move|p1a: Baxcalibur|Scale Shot|p2a: Davos\n|-damage|p2a: Davos|91\/100\n|-damage|p2a: Davos|84\/100\n|-damage|p2a: Davos|76\/100\n|-damage|p2a: Davos|67\/100\n|-hitcount|p2a: Davos|4\n|-unboost|p1a: Baxcalibur|def|1\n|-boost|p1a: Baxcalibur|spe|1\n|\n|upkeep\n|turn|6\n|\n|t:|1698313951\n|move|p2a: Davos|Will-O-Wisp|p1a: Baxcalibur\n|-immune|p1a: Baxcalibur|[from] ability: Thermal Exchange\n|move|p1a: Baxcalibur|Dragon Dance|p1a: Baxcalibur\n|-boost|p1a: Baxcalibur|atk|1\n|-boost|p1a: Baxcalibur|spe|1\n|\n|upkeep\n|turn|7\n|\n|t:|1698313964\n|switch|p2a: David|Avalugg, F|100\/100\n|move|p1a: Baxcalibur|Scale Shot|p2a: David\n|-damage|p2a: David|97\/100\n|-damage|p2a: David|93\/100\n|-damage|p2a: David|89\/100\n|-damage|p2a: David|86\/100\n|-damage|p2a: David|82\/100\n|-hitcount|p2a: David|5\n|-unboost|p1a: Baxcalibur|def|1\n|-boost|p1a: Baxcalibur|spe|1\n|\n|-heal|p2a: David|88\/100|[from] item: Leftovers\n|upkeep\n|turn|8\n|\n|t:|1698313983\n|switch|p1a: Ogerpon|Ogerpon-Hearthflame, F|100\/100\n|-ability|p1a: Ogerpon|Mold Breaker\n|move|p2a: David|Body Press|p1a: Ogerpon\n|-damage|p1a: Ogerpon|50\/100\n|\n|-heal|p2a: David|94\/100|[from] item: Leftovers\n|-sideend|p2: jaymako|move: Light Screen\n|upkeep\n|turn|9\n|\n|t:|1698314004\n|switch|p2a: Davos|Charizard, M|67\/100\n|move|p1a: Ogerpon|Spiky Shield||[still]\n|-fail|p1a: Ogerpon\n|\n|-sideend|p2: jaymako|Reflect\n|upkeep\n|turn|10\n|\n|t:|1698314019\n|switch|p1a: Enamorus|Enamorus-Therian, F|100\/100\n|move|p2a: Davos|Dragon Pulse|p1a: Enamorus\n|-immune|p1a: Enamorus\n|\n|upkeep\n|turn|11\n|\n|t:|1698314031\n|switch|p2a: Davidthan|Skuntank, M|100\/100\n|move|p1a: Enamorus|Calm Mind|p1a: Enamorus\n|-boost|p1a: Enamorus|spa|1\n|-boost|p1a: Enamorus|spd|1\n|\n|upkeep\n|turn|12\n|\n|t:|1698314044\n|move|p2a: Davidthan|Toxic|p1a: Enamorus\n|-status|p1a: Enamorus|tox\n|move|p1a: Enamorus|Moonblast|p2a: Davidthan\n|-damage|p2a: Davidthan|0 fnt\n|faint|p2a: Davidthan\n|\n|-damage|p1a: Enamorus|94\/100 tox|[from] psn\n|upkeep\n|\n|t:|1698314070\n|switch|p2a: Davie|Rotom-Wash|100\/100\n|turn|13\n|\n|t:|1698314076\n|move|p2a: Davie|Thunderbolt|p1a: Enamorus\n|-supereffective|p1a: Enamorus\n|-damage|p1a: Enamorus|50\/100 tox\n|move|p1a: Enamorus|Moonblast|p2a: Davie\n|-damage|p2a: Davie|7\/100\n|-unboost|p2a: Davie|spa|1\n|\n|-heal|p1a: Enamorus|56\/100 tox|[from] item: Leftovers\n|-damage|p1a: Enamorus|44\/100 tox|[from] psn\n|upkeep\n|turn|14\n|\n|t:|1698314091\n|switch|p2a: Davos|Charizard, M|67\/100\n|-terastallize|p1a: Enamorus|Fairy\n|move|p1a: Enamorus|Moonblast|p2a: Davos\n|-resisted|p2a: Davos\n|-damage|p2a: Davos|0 fnt\n|faint|p2a: Davos\n|\n|-heal|p1a: Enamorus|50\/100 tox|[from] item: Leftovers\n|-damage|p1a: Enamorus|31\/100 tox|[from] psn\n|upkeep\n|\n|t:|1698314099\n|switch|p2a: Davie|Rotom-Wash|7\/100\n|turn|15\n|\n|t:|1698314107\n|move|p2a: Davie|Thunderbolt|p1a: Enamorus\n|-damage|p1a: Enamorus|10\/100 tox\n|move|p1a: Enamorus|Moonblast|p2a: Davie\n|-damage|p2a: Davie|0 fnt\n|faint|p2a: Davie\n|\n|-heal|p1a: Enamorus|17\/100 tox|[from] item: Leftovers\n|-damage|p1a: Enamorus|0 fnt|[from] psn\n|faint|p1a: Enamorus\n|upkeep\n|\n|t:|1698314124\n|switch|p2a: Dave|Dragonite, M|100\/100\n|switch|p1a: Ditto|Ditto|100\/100\n|-transform|p1a: Ditto|p2a: Dave|[from] ability: Imposter\n|turn|16\n|\n|t:|1698314145\n|switch|p2a: David|Avalugg, F|94\/100\n|move|p1a: Ditto|Ice Spinner|p2a: David\n|-resisted|p2a: David\n|-damage|p2a: David|88\/100\n|\n|-heal|p2a: David|94\/100|[from] item: Leftovers\n|upkeep\n|turn|17\n|\n|t:|1698314156\n|switch|p1a: Tauros|Tauros-Paldea-Aqua, M|100\/100\n|move|p2a: David|Iron Defense|p2a: David\n|-boost|p2a: David|def|2\n|\n|-heal|p2a: David|99\/100|[from] item: Leftovers\n|upkeep\n|turn|18\n|\n|t:|1698314168\n|-terastallize|p2a: David|Electric\n|move|p1a: Tauros|Close Combat|p2a: David\n|-damage|p2a: David|87\/100\n|-unboost|p1a: Tauros|def|1\n|-unboost|p1a: Tauros|spd|1\n|move|p2a: David|Iron Defense|p2a: David\n|-boost|p2a: David|def|2\n|\n|-heal|p2a: David|93\/100|[from] item: Leftovers\n|upkeep\n|turn|19\n|\n|t:|1698314199\n|switch|p1a: Ditto|Ditto|100\/100\n|-transform|p1a: Ditto|p2a: David|[from] ability: Imposter\n|move|p2a: David|Body Press|p1a: Ditto\n|-supereffective|p1a: Ditto\n|-damage|p1a: Ditto|57\/100\n|\n|-heal|p2a: David|99\/100|[from] item: Leftovers\n|upkeep\n|-start|p1a: Ditto|typechange|Ice|[silent]\n|turn|20\n|\n|t:|1698314220\n|move|p1a: Ditto|Body Press|p2a: David\n|-damage|p2a: David|82\/100\n|move|p2a: David|Iron Defense|p2a: David\n|-boost|p2a: David|def|2\n|\n|-heal|p2a: David|88\/100|[from] item: Leftovers\n|upkeep\n|turn|21\n|\n|t:|1698314229\n|move|p1a: Ditto|Body Press|p2a: David\n|-damage|p2a: David|76\/100\n|move|p2a: David|Body Press|p1a: Ditto\n|-supereffective|p1a: Ditto\n|-damage|p1a: Ditto|0 fnt\n|faint|p1a: Ditto\n|\n|-heal|p2a: David|82\/100|[from] item: Leftovers\n|upkeep\n|\n|t:|1698314241\n|switch|p1a: Ogerpon|Ogerpon-Hearthflame, F|50\/100\n|-ability|p1a: Ogerpon|Mold Breaker\n|turn|22\n|\n|t:|1698314252\n|move|p1a: Ogerpon|Spiky Shield|p1a: Ogerpon\n|-singleturn|p1a: Ogerpon|move: Protect\n|move|p2a: David|Body Press|p1a: Ogerpon\n|-activate|p1a: Ogerpon|move: Protect\n|-damage|p2a: David|70\/100|[from] Spiky Shield|[of] p1a: Ogerpon\n|\n|-heal|p2a: David|76\/100|[from] item: Leftovers\n|upkeep\n|turn|23\n|\n|t:|1698314270\n|move|p1a: Ogerpon|Ivy Cudgel|p2a: David\n|-damage|p2a: David|70\/100\n|move|p2a: David|Body Press|p1a: Ogerpon\n|-damage|p1a: Ogerpon|0 fnt\n|faint|p1a: Ogerpon\n|\n|-heal|p2a: David|76\/100|[from] item: Leftovers\n|upkeep\n|\n|t:|1698314292\n|switch|p1a: Baxcalibur|Baxcalibur, F|77\/100\n|turn|24\n|\n|t:|1698314300\n|move|p1a: Baxcalibur|Dragon Dance|p1a: Baxcalibur\n|-boost|p1a: Baxcalibur|atk|1\n|-boost|p1a: Baxcalibur|spe|1\n|move|p2a: David|Body Press|p1a: Baxcalibur\n|-supereffective|p1a: Baxcalibur\n|-damage|p1a: Baxcalibur|0 fnt\n|faint|p1a: Baxcalibur\n|\n|-heal|p2a: David|82\/100|[from] item: Leftovers\n|upkeep\n|\n|t:|1698314311\n|switch|p1a: Tauros|Tauros-Paldea-Aqua, M|100\/100\n|turn|25\n|\n|t:|1698314319\n|move|p1a: Tauros|Substitute|p1a: Tauros\n|-start|p1a: Tauros|Substitute\n|-damage|p1a: Tauros|76\/100\n|move|p2a: David|Body Press|p1a: Tauros\n|-end|p1a: Tauros|Substitute\n|\n|-heal|p2a: David|88\/100|[from] item: Leftovers\n|upkeep\n|turn|26\n|\n|t:|1698314331\n|move|p1a: Tauros|Substitute|p1a: Tauros\n|-start|p1a: Tauros|Substitute\n|-damage|p1a: Tauros|51\/100\n|move|p2a: David|Body Press|p1a: Tauros\n|-end|p1a: Tauros|Substitute\n|\n|-heal|p2a: David|94\/100|[from] item: Leftovers\n|upkeep\n|turn|27\n|\n|t:|1698314340\n|move|p1a: Tauros|Substitute|p1a: Tauros\n|-start|p1a: Tauros|Substitute\n|-damage|p1a: Tauros|26\/100\n|move|p2a: David|Body Press|p1a: Tauros\n|-end|p1a: Tauros|Substitute\n|\n|-heal|p2a: David|99\/100|[from] item: Leftovers\n|upkeep\n|turn|28\n|\n|t:|1698314349\n|move|p1a: Tauros|Substitute|p1a: Tauros\n|-start|p1a: Tauros|Substitute\n|-damage|p1a: Tauros|1\/100\n|-enditem|p1a: Tauros|Liechi Berry|[eat]\n|-boost|p1a: Tauros|atk|1|[from] item: Liechi Berry\n|move|p2a: David|Body Press|p1a: Tauros\n|-end|p1a: Tauros|Substitute\n|\n|-heal|p2a: David|100\/100|[from] item: Leftovers\n|upkeep\n|turn|29\n|\n|t:|1698314362\n|move|p1a: Tauros|Close Combat|p2a: David\n|-damage|p2a: David|92\/100\n|-unboost|p1a: Tauros|def|1\n|-unboost|p1a: Tauros|spd|1\n|move|p2a: David|Avalanche|p1a: Tauros\n|-resisted|p1a: Tauros\n|-damage|p1a: Tauros|0 fnt\n|faint|p1a: Tauros\n|\n|-heal|p2a: David|98\/100|[from] item: Leftovers\n|upkeep\n|\n|t:|1698314374\n|switch|p1a: Hakamo-o|Hakamo-o, F|100\/100\n|turn|30\n|\n|t:|1698314383\n|move|p1a: Hakamo-o|Iron Defense|p1a: Hakamo-o\n|-boost|p1a: Hakamo-o|def|2\n|move|p2a: David|Body Press|p1a: Hakamo-o\n|-damage|p1a: Hakamo-o|10\/100\n|\n|-heal|p1a: Hakamo-o|16\/100|[from] item: Leftovers\n|-heal|p2a: David|100\/100|[from] item: Leftovers\n|upkeep\n|turn|31\n|\n|t:|1698314393\n|move|p1a: Hakamo-o|Earthquake|p2a: David\n|-supereffective|p2a: David\n|-damage|p2a: David|97\/100\n|move|p2a: David|Body Press|p1a: Hakamo-o\n|-damage|p1a: Hakamo-o|0 fnt\n|faint|p1a: Hakamo-o\n|\n|win|jaymako\n|c|\u2606SamsungS5|ggs\n|c|\u2606jaymako|gg\n|l|\u2606SamsungS5\n|c|\u2606jaymako|avalugg my lord and saviour\n","uploadtime":1698314414,"views":32,"p1id":"samsungs5","p2id":"jaymako","formatid":"gen9ubers","rating":0,"private":0,"password":""}