{"id":"gen9ubers-1994165189","p1":"nathumain","p2":"nigeriabestcountry","format":"[Gen 9] Ubers","log":"|j|\u2606nathumain\n|j|\u2606nigeriabestcountry\n|t:|1700414415\n|gametype|singles\n|player|p1|nathumain|colress|1193\n|player|p2|nigeriabestcountry|brycen|1275\n|teamsize|p1|6\n|teamsize|p2|6\n|gen|9\n|tier|[Gen 9] Ubers\n|rated|\n|rule|Sleep Clause Mod: Limit one foe put to sleep\n|rule|Species Clause: Limit one of each Pok\u00e9mon\n|rule|OHKO Clause: OHKO moves are banned\n|rule|Evasion Items Clause: Evasion items are banned\n|rule|Evasion Moves Clause: Evasion moves are banned\n|rule|Endless Battle Clause: Forcing endless battles is banned\n|rule|HP Percentage Mod: HP is shown in percentages\n|clearpoke\n|poke|p1|Gliscor, M|\n|poke|p1|Miraidon|\n|poke|p1|Zacian-*|\n|poke|p1|Regieleki|\n|poke|p1|Pelipper, M|\n|poke|p1|Basculegion, M|\n|poke|p2|Kyogre|\n|poke|p2|Gliscor, F|\n|poke|p2|Arceus|\n|poke|p2|Miraidon|\n|poke|p2|Skeledirge, F|\n|poke|p2|Great Tusk|\n|teampreview\n|inactive|Battle timer is ON: inactive players will automatically lose when time's up. (requested by nathumain)\n|\n|t:|1700414425\n|start\n|switch|p1a: Gliscor|Gliscor, M|100\/100\n|switch|p2a: Kyogre|Kyogre|100\/100\n|-weather|RainDance|[from] ability: Drizzle|[of] p2a: Kyogre\n|turn|1\n|\n|t:|1700414438\n|move|p1a: Gliscor|Protect|p1a: Gliscor\n|-singleturn|p1a: Gliscor|Protect\n|move|p2a: Kyogre|Origin Pulse|p1a: Gliscor\n|-activate|p1a: Gliscor|move: Protect\n|\n|-weather|RainDance|[upkeep]\n|-status|p1a: Gliscor|tox|[from] item: Toxic Orb\n|upkeep\n|turn|2\n|c|\u2606nigeriabestcountry|why pelliper? wouldnt kyogre be better\n|\n|t:|1700414462\n|move|p2a: Kyogre|Origin Pulse|p1a: Gliscor\n|-supereffective|p1a: Gliscor\n|-damage|p1a: Gliscor|0 fnt\n|faint|p1a: Gliscor\n|\n|-weather|RainDance|[upkeep]\n|upkeep\n|\n|t:|1700414464\n|switch|p1a: Regieleki|Regieleki|100\/100\n|turn|3\n|\n|t:|1700414471\n|switch|p2a: Gliscor|Gliscor, F, shiny|100\/100\n|move|p1a: Regieleki|Light Screen|p1a: Regieleki\n|-sidestart|p1: nathumain|move: Light Screen\n|\n|-weather|RainDance|[upkeep]\n|-status|p2a: Gliscor|tox|[from] item: Toxic Orb\n|upkeep\n|turn|4\n|\n|t:|1700414477\n|move|p1a: Regieleki|Reflect|p1a: Regieleki\n|-sidestart|p1: nathumain|Reflect\n|move|p2a: Gliscor|Stealth Rock|p1a: Regieleki\n|-sidestart|p1: nathumain|move: Stealth Rock\n|\n|-weather|RainDance|[upkeep]\n|upkeep\n|turn|5\n|\n|t:|1700414481\n|move|p1a: Regieleki|Rapid Spin|p2a: Gliscor\n|-damage|p2a: Gliscor|93\/100 tox\n|-boost|p1a: Regieleki|spe|1\n|-sideend|p1: nathumain|Stealth Rock|[from] move: Rapid Spin|[of] p1a: Regieleki\n|move|p2a: Gliscor|Earthquake|p1a: Regieleki\n|-supereffective|p1a: Regieleki\n|-damage|p1a: Regieleki|45\/100\n|\n|-weather|none\n|-heal|p2a: Gliscor|100\/100 tox|[from] ability: Poison Heal\n|upkeep\n|turn|6\n|\n|t:|1700414491\n|switch|p1a: Miraidon|Miraidon|100\/100\n|-fieldstart|move: Electric Terrain|[from] ability: Hadron Engine|[of] p1a: Miraidon\n|move|p2a: Gliscor|Stealth Rock|p1a: Miraidon\n|-sidestart|p1: nathumain|move: Stealth Rock\n|\n|upkeep\n|turn|7\n|\n|t:|1700414500\n|move|p1a: Miraidon|Calm Mind|p1a: Miraidon\n|-boost|p1a: Miraidon|spa|1\n|-boost|p1a: Miraidon|spd|1\n|move|p2a: Gliscor|Toxic|p1a: Miraidon\n|-status|p1a: Miraidon|tox\n|\n|-damage|p1a: Miraidon|94\/100 tox|[from] psn\n|upkeep\n|turn|8\n|\n|t:|1700414509\n|move|p1a: Miraidon|Calm Mind|p1a: Miraidon\n|-boost|p1a: Miraidon|spa|1\n|-boost|p1a: Miraidon|spd|1\n|move|p2a: Gliscor|Earthquake|p1a: Miraidon\n|-supereffective|p1a: Miraidon\n|-damage|p1a: Miraidon|63\/100 tox\n|\n|-heal|p1a: Miraidon|69\/100 tox|[from] item: Leftovers\n|-damage|p1a: Miraidon|57\/100 tox|[from] psn\n|upkeep\n|turn|9\n|\n|t:|1700414519\n|move|p1a: Miraidon|Dragon Pulse|p2a: Gliscor\n|-damage|p2a: Gliscor|0 fnt\n|faint|p2a: Gliscor\n|\n|-heal|p1a: Miraidon|63\/100 tox|[from] item: Leftovers\n|-damage|p1a: Miraidon|45\/100 tox|[from] psn\n|upkeep\n|\n|t:|1700414534\n|switch|p2a: Skeledirge|Skeledirge, F|100\/100\n|turn|10\n|\n|t:|1700414542\n|move|p1a: Miraidon|Parabolic Charge|p2a: Skeledirge\n|-damage|p2a: Skeledirge|47\/100\n|-heal|p1a: Miraidon|77\/100 tox|[from] drain|[of] p2a: Skeledirge\n|move|p2a: Skeledirge|Hex|p1a: Miraidon\n|-damage|p1a: Miraidon|56\/100 tox\n|\n|-heal|p1a: Miraidon|62\/100 tox|[from] item: Leftovers\n|-heal|p2a: Skeledirge|53\/100|[from] item: Leftovers\n|-damage|p1a: Miraidon|37\/100 tox|[from] psn\n|-sideend|p1: nathumain|move: Light Screen\n|-fieldend|move: Electric Terrain\n|upkeep\n|turn|11\n|inactive|nigeriabestcountry has 120 seconds left.\n|\n|t:|1700414573\n|switch|p2a: Great Tusk|Great Tusk|100\/100\n|move|p1a: Miraidon|Dragon Pulse|p2a: Great Tusk\n|-damage|p2a: Great Tusk|0 fnt\n|faint|p2a: Great Tusk\n|-end|p2a: Great Tusk|Protosynthesis|[silent]\n|\n|-heal|p1a: Miraidon|44\/100 tox|[from] item: Leftovers\n|-damage|p1a: Miraidon|13\/100 tox|[from] psn\n|-sideend|p1: nathumain|Reflect\n|upkeep\n|inactive|nigeriabestcountry has 120 seconds left.\n|\n|t:|1700414590\n|switch|p2a: Arceus|Arceus, shiny|100\/100\n|turn|12\n|\n|t:|1700414595\n|move|p2a: Arceus|Extreme Speed|p1a: Miraidon\n|-damage|p1a: Miraidon|0 fnt\n|faint|p1a: Miraidon\n|\n|upkeep\n|\n|t:|1700414598\n|switch|p1a: Regieleki|Regieleki|45\/100\n|-damage|p1a: Regieleki|33\/100|[from] Stealth Rock\n|turn|13\n|\n|t:|1700414602\n|move|p2a: Arceus|Extreme Speed|p1a: Regieleki\n|-damage|p1a: Regieleki|0 fnt\n|faint|p1a: Regieleki\n|\n|upkeep\n|\n|t:|1700414605\n|switch|p1a: Zacian|Zacian-Crowned|100\/100\n|-damage|p1a: Zacian|94\/100|[from] Stealth Rock\n|-ability|p1a: Zacian|Intrepid Sword|boost\n|-boost|p1a: Zacian|atk|1\n|turn|14\n|\n|t:|1700414617\n|move|p1a: Zacian|Swords Dance|p1a: Zacian\n|-boost|p1a: Zacian|atk|2\n|move|p2a: Arceus|Earthquake|p1a: Zacian\n|-supereffective|p1a: Zacian\n|-damage|p1a: Zacian|21\/100\n|\n|upkeep\n|turn|15\n|\n|t:|1700414626\n|move|p2a: Arceus|Extreme Speed|p1a: Zacian\n|-resisted|p1a: Zacian\n|-damage|p1a: Zacian|0 fnt\n|faint|p1a: Zacian\n|\n|upkeep\n|\n|t:|1700414630\n|switch|p1a: Pelipper|Pelipper, M|100\/100\n|-damage|p1a: Pelipper|76\/100|[from] Stealth Rock\n|-weather|RainDance|[from] ability: Drizzle|[of] p1a: Pelipper\n|turn|16\n|\n|t:|1700414635\n|move|p2a: Arceus|Shadow Claw|p1a: Pelipper\n|-damage|p1a: Pelipper|38\/100\n|move|p1a: Pelipper|Tailwind|p1a: Pelipper\n|-sidestart|p1: nathumain|move: Tailwind\n|\n|-weather|RainDance|[upkeep]\n|upkeep\n|turn|17\n|\n|t:|1700414641\n|move|p2a: Arceus|Extreme Speed|p1a: Pelipper\n|-damage|p1a: Pelipper|0 fnt\n|faint|p1a: Pelipper\n|\n|-weather|RainDance|[upkeep]\n|upkeep\n|\n|t:|1700414644\n|switch|p1a: Basculegion|Basculegion, M|100\/100\n|-damage|p1a: Basculegion|88\/100|[from] Stealth Rock\n|turn|18\n|\n|t:|1700414649\n|-terastallize|p1a: Basculegion|Fighting\n|move|p1a: Basculegion|Tera Blast|p2a: Arceus|[anim] Tera Blast Fighting\n|-supereffective|p2a: Arceus\n|-damage|p2a: Arceus|48\/100\n|move|p2a: Arceus|Shadow Claw|p1a: Basculegion\n|-damage|p1a: Basculegion|53\/100\n|\n|-weather|RainDance|[upkeep]\n|upkeep\n|turn|19\n|\n|t:|1700414657\n|move|p1a: Basculegion|Tera Blast|p2a: Arceus|[anim] Tera Blast Fighting\n|-supereffective|p2a: Arceus\n|-damage|p2a: Arceus|0 fnt\n|faint|p2a: Arceus\n|\n|-weather|RainDance|[upkeep]\n|-sideend|p1: nathumain|move: Tailwind\n|upkeep\n|\n|t:|1700414666\n|switch|p2a: Kyogre|Kyogre|100\/100\n|turn|20\n|\n|t:|1700414670\n|move|p1a: Basculegion|Last Respects|p2a: Kyogre\n|-damage|p2a: Kyogre|0 fnt\n|faint|p2a: Kyogre\n|\n|-weather|RainDance|[upkeep]\n|upkeep\n|\n|t:|1700414675\n|switch|p2a: Skeledirge|Skeledirge, F|53\/100\n|turn|21\n|\n|t:|1700414683\n|move|p1a: Basculegion|Last Respects|p2a: Skeledirge\n|-supereffective|p2a: Skeledirge\n|-damage|p2a: Skeledirge|0 fnt\n|faint|p2a: Skeledirge\n|\n|-weather|RainDance|[upkeep]\n|upkeep\n|\n|t:|1700414688\n|switch|p2a: Miraidon|Miraidon|100\/100\n|-fieldstart|move: Electric Terrain|[from] ability: Hadron Engine|[of] p2a: Miraidon\n|turn|22\n|\n|t:|1700414696\n|move|p1a: Basculegion|Last Respects|p2a: Miraidon\n|-damage|p2a: Miraidon|0 fnt\n|faint|p2a: Miraidon\n|\n|win|nathumain\n|raw|nathumain's rating: 1193 &rarr; <strong>1224<\/strong><br \/>(+31 for winning)\n|raw|nigeriabestcountry's rating: 1275 &rarr; <strong>1244<\/strong><br \/>(-31 for losing)\n|c|\u2606nigeriabestcountry|gg wp\n|l|\u2606nigeriabestcountry\n","uploadtime":1700414711,"views":12,"p1id":"nathumain","p2id":"nigeriabestcountry","formatid":"gen9ubers","rating":1224,"private":0,"password":""}