{"id":"gen9ubers-1993026529","p1":"bennymbs","p2":"babynogalXD","format":"[Gen 9] Ubers","log":"|j|\u2606bennymbs\n|j|\u2606babynogalXD\n|t:|1700256787\n|gametype|singles\n|player|p1|bennymbs|mina|\n|player|p2|babynogalXD|ethan|\n|teamsize|p1|6\n|teamsize|p2|6\n|gen|9\n|tier|[Gen 9] Ubers\n|rule|Sleep Clause Mod: Limit one foe put to sleep\n|rule|Species Clause: Limit one of each Pok\u00e9mon\n|rule|OHKO Clause: OHKO moves are banned\n|rule|Evasion Items Clause: Evasion items are banned\n|rule|Evasion Moves Clause: Evasion moves are banned\n|rule|Endless Battle Clause: Forcing endless battles is banned\n|rule|HP Percentage Mod: HP is shown in percentages\n|clearpoke\n|poke|p1|Torkoal, F|\n|poke|p1|Walking Wake|\n|poke|p1|Chi-Yu|\n|poke|p1|Arceus-Grass|\n|poke|p1|Zacian-*|\n|poke|p1|Magearna-Original|\n|poke|p2|Blissey, F|\n|poke|p2|Quagsire, F|\n|poke|p2|Zamazenta-*|\n|poke|p2|Dialga|\n|poke|p2|Orthworm, M|\n|poke|p2|Arceus-Poison|\n|teampreview\n|inactive|Battle timer is ON: inactive players will automatically lose when time's up. (requested by bennymbs)\n|\n|t:|1700256816\n|start\n|switch|p1a: \ud83e\udec0|Torkoal, F|100\/100\n|switch|p2a: Quagsire|Quagsire, F|100\/100\n|-weather|SunnyDay|[from] ability: Drought|[of] p1a: \ud83e\udec0\n|turn|1\n|\n|t:|1700256835\n|switch|p1a: The Green Stuff|Arceus-Grass|100\/100\n|move|p2a: Quagsire|Stealth Rock|p1a: The Green Stuff\n|-sidestart|p1: bennymbs|move: Stealth Rock\n|\n|-weather|SunnyDay|[upkeep]\n|upkeep\n|turn|2\n|\n|t:|1700256845\n|switch|p2a: Dialga|Dialga|100\/100\n|-ability|p2a: Dialga|Pressure\n|move|p1a: The Green Stuff|Taunt|p2a: Dialga\n|-start|p2a: Dialga|move: Taunt\n|\n|-weather|SunnyDay|[upkeep]\n|upkeep\n|turn|3\n|\n|t:|1700256852\n|switch|p1a: Yours Truly|Magearna-Original|100\/100\n|-damage|p1a: Yours Truly|94\/100|[from] Stealth Rock\n|move|p2a: Dialga|Draco Meteor|p1a: Yours Truly\n|-immune|p1a: Yours Truly\n|\n|-weather|SunnyDay|[upkeep]\n|-heal|p1a: Yours Truly|100\/100|[from] item: Leftovers\n|upkeep\n|turn|4\n|\n|t:|1700256856\n|move|p2a: Dialga|Heavy Slam|p1a: Yours Truly\n|-damage|p1a: Yours Truly|57\/100\n|move|p1a: Yours Truly|Spikes|p2a: Dialga\n|-sidestart|p2: babynogalXD|Spikes\n|\n|-weather|SunnyDay|[upkeep]\n|-heal|p1a: Yours Truly|63\/100|[from] item: Leftovers\n|-end|p2a: Dialga|move: Taunt\n|upkeep\n|turn|5\n|\n|t:|1700256880\n|move|p2a: Dialga|Heavy Slam|p1a: Yours Truly\n|-damage|p1a: Yours Truly|24\/100\n|move|p1a: Yours Truly|Thunder Wave|p2a: Dialga\n|-status|p2a: Dialga|par\n|\n|-weather|SunnyDay|[upkeep]\n|-heal|p1a: Yours Truly|30\/100|[from] item: Leftovers\n|upkeep\n|turn|6\n|\n|t:|1700256895\n|move|p1a: Yours Truly|Volt Switch|p2a: Dialga\n|-resisted|p2a: Dialga\n|-damage|p2a: Dialga|95\/100 par\n|\n|t:|1700256905\n|switch|p1a: Hydrogen Baby|Chi-Yu|100\/100|[from] Volt Switch\n|-damage|p1a: Hydrogen Baby|76\/100|[from] Stealth Rock\n|-ability|p1a: Hydrogen Baby|Beads of Ruin\n|move|p2a: Dialga|Heavy Slam|p1a: Hydrogen Baby\n|-resisted|p1a: Hydrogen Baby\n|-damage|p1a: Hydrogen Baby|35\/100\n|\n|-weather|SunnyDay|[upkeep]\n|upkeep\n|turn|7\n|inactive|babynogalXD has 270 seconds left.\n|\n|t:|1700256939\n|switch|p2a: Blissey|Blissey, F|100\/100\n|move|p1a: Hydrogen Baby|Overheat|p2a: Blissey\n|-damage|p2a: Blissey|53\/100\n|-unboost|p1a: Hydrogen Baby|spa|2\n|\n|-weather|SunnyDay|[upkeep]\n|upkeep\n|turn|8\n|\n|t:|1700256955\n|switch|p1a: Yours Truly|Magearna-Original|30\/100\n|-damage|p1a: Yours Truly|24\/100|[from] Stealth Rock\n|move|p2a: Blissey|Soft-Boiled|p2a: Blissey\n|-heal|p2a: Blissey|100\/100\n|\n|-weather|none\n|-heal|p1a: Yours Truly|30\/100|[from] item: Leftovers\n|upkeep\n|turn|9\n|inactive|babynogalXD has 270 seconds left.\n|inactive|babynogalXD has 240 seconds left.\n|inactive|babynogalXD has 210 seconds left.\n|\n|t:|1700257054\n|move|p1a: Yours Truly|Volt Switch|p2a: Blissey\n|-damage|p2a: Blissey|94\/100\n|inactive|bennymbs has 270 seconds left.\n|\n|t:|1700257069\n|switch|p1a: Ike Dog|Zacian|100\/100|[from] Volt Switch\n|-ability|p1a: Ike Dog|Intrepid Sword|boost\n|-boost|p1a: Ike Dog|atk|1\n|move|p2a: Blissey|Seismic Toss|p1a: Ike Dog\n|-damage|p1a: Ike Dog|70\/100\n|\n|upkeep\n|turn|10\n|inactive|bennymbs has 270 seconds left.\n|inactive|babynogalXD has 180 seconds left.\n|\n|t:|1700257104\n|switch|p2a: Quagsire|Quagsire, F|100\/100\n|move|p1a: Ike Dog|Play Rough|p2a: Quagsire|[miss]\n|-miss|p1a: Ike Dog|p2a: Quagsire\n|\n|upkeep\n|turn|11\n|inactive|bennymbs has 270 seconds left.\n|inactive|babynogalXD has 180 seconds left.\n|\n|t:|1700257110\n|switch|p1a: \ud83e\udec0|Torkoal, F|100\/100\n|-damage|p1a: \ud83e\udec0|75\/100|[from] Stealth Rock\n|-weather|SunnyDay|[from] ability: Drought|[of] p1a: \ud83e\udec0\n|move|p2a: Quagsire|Toxic|p1a: \ud83e\udec0|[miss]\n|-miss|p2a: Quagsire|p1a: \ud83e\udec0\n|\n|-weather|SunnyDay|[upkeep]\n|upkeep\n|turn|12\n|\n|t:|1700257115\n|switch|p2a: Arceus|Arceus-Poison|100\/100\n|-damage|p2a: Arceus|88\/100|[from] Spikes\n|move|p1a: \ud83e\udec0|Rapid Spin|p2a: Arceus\n|-damage|p2a: Arceus|82\/100\n|-boost|p1a: \ud83e\udec0|spe|1\n|-sideend|p1: bennymbs|Stealth Rock|[from] move: Rapid Spin|[of] p1a: \ud83e\udec0\n|\n|-weather|SunnyDay|[upkeep]\n|upkeep\n|turn|13\n|\n|t:|1700257122\n|switch|p1a: Yours Truly|Magearna-Original|30\/100\n|move|p2a: Arceus|Judgment|p1a: Yours Truly\n|-immune|p1a: Yours Truly\n|\n|-weather|SunnyDay|[upkeep]\n|-heal|p1a: Yours Truly|36\/100|[from] item: Leftovers\n|upkeep\n|turn|14\n|\n|t:|1700257126\n|move|p2a: Arceus|Taunt|p1a: Yours Truly\n|-start|p1a: Yours Truly|move: Taunt\n|cant|p1a: Yours Truly|move: Taunt|Thunder Wave\n|\n|-weather|SunnyDay|[upkeep]\n|-heal|p1a: Yours Truly|42\/100|[from] item: Leftovers\n|upkeep\n|turn|15\n|\n|t:|1700257129\n|move|p2a: Arceus|Will-O-Wisp|p1a: Yours Truly|[miss]\n|-miss|p2a: Arceus|p1a: Yours Truly\n|move|p1a: Yours Truly|Volt Switch|p2a: Arceus\n|-damage|p2a: Arceus|69\/100\n|\n|t:|1700257134\n|switch|p1a: Hydrogen Baby|Chi-Yu|35\/100|[from] Volt Switch\n|-ability|p1a: Hydrogen Baby|Beads of Ruin\n|\n|-weather|SunnyDay|[upkeep]\n|upkeep\n|turn|16\n|inactive|babynogalXD has 210 seconds left.\n|\n|t:|1700257174\n|switch|p1a: Ike Dog|Zacian|70\/100\n|move|p2a: Arceus|Judgment|p1a: Ike Dog\n|-supereffective|p1a: Ike Dog\n|-damage|p1a: Ike Dog|0 fnt\n|faint|p1a: Ike Dog\n|\n|-weather|SunnyDay|[upkeep]\n|upkeep\n|inactive|bennymbs has 270 seconds left.\n|\n|t:|1700257206\n|switch|p1a: Suikino|Walking Wake|100\/100\n|-activate|p1a: Suikino|ability: Protosynthesis\n|-start|p1a: Suikino|protosynthesisspe\n|turn|17\n|inactive|babynogalXD has 210 seconds left.\n|\n|t:|1700257215\n|switch|p2a: Blissey|Blissey, F|94\/100\n|move|p1a: Suikino|Hydro Steam|p2a: Blissey\n|-damage|p2a: Blissey|64\/100\n|\n|-weather|SunnyDay|[upkeep]\n|upkeep\n|turn|18\n|\n|t:|1700257227\n|-end|p1a: Suikino|Protosynthesis|[silent]\n|switch|p1a: The Green Stuff|Arceus-Grass|100\/100\n|move|p2a: Blissey|Soft-Boiled|p2a: Blissey\n|-heal|p2a: Blissey|100\/100\n|\n|-weather|none\n|upkeep\n|turn|19\n|\n|t:|1700257233\n|switch|p2a: Arceus|Arceus-Poison|69\/100\n|-damage|p2a: Arceus|56\/100|[from] Spikes\n|move|p1a: The Green Stuff|Taunt|p2a: Arceus\n|-start|p2a: Arceus|move: Taunt\n|\n|upkeep\n|turn|20\n|\n|t:|1700257238\n|switch|p1a: Yours Truly|Magearna-Original|42\/100\n|move|p2a: Arceus|Judgment|p1a: Yours Truly\n|-immune|p1a: Yours Truly\n|\n|-heal|p1a: Yours Truly|48\/100|[from] item: Leftovers\n|upkeep\n|turn|21\n|inactive|babynogalXD has 240 seconds left.\n|\n|t:|1700257248\n|switch|p2a: Orthworm|Orthworm, M|100\/100\n|move|p1a: Yours Truly|Volt Switch|p2a: Orthworm\n|-damage|p2a: Orthworm|66\/100\n|\n|t:|1700257259\n|switch|p1a: Hydrogen Baby|Chi-Yu|35\/100|[from] Volt Switch\n|-ability|p1a: Hydrogen Baby|Beads of Ruin\n|\n|upkeep\n|turn|22\n|\n|t:|1700257269\n|switch|p2a: Dialga|Dialga|95\/100 par\n|-ability|p2a: Dialga|Pressure\n|move|p1a: Hydrogen Baby|Overheat|p2a: Dialga\n|-damage|p2a: Dialga|38\/100 par\n|-unboost|p1a: Hydrogen Baby|spa|2\n|\n|upkeep\n|turn|23\n|\n|t:|1700257276\n|switch|p1a: \ud83e\udec0|Torkoal, F|75\/100\n|-weather|SunnyDay|[from] ability: Drought|[of] p1a: \ud83e\udec0\n|move|p2a: Dialga|Rest|p2a: Dialga\n|-status|p2a: Dialga|slp|[from] move: Rest\n|-heal|p2a: Dialga|100\/100 slp|[silent]\n|\n|-weather|SunnyDay|[upkeep]\n|upkeep\n|turn|24\n|inactive|babynogalXD has 270 seconds left.\n|\n|t:|1700257292\n|switch|p1a: Hydrogen Baby|Chi-Yu|35\/100\n|-ability|p1a: Hydrogen Baby|Beads of Ruin\n|cant|p2a: Dialga|slp\n|\n|-weather|SunnyDay|[upkeep]\n|upkeep\n|turn|25\n|inactive|babynogalXD has 270 seconds left.\n|\n|t:|1700257298\n|move|p1a: Hydrogen Baby|Flamethrower|p2a: Dialga\n|-damage|p2a: Dialga|41\/100 slp\n|cant|p2a: Dialga|slp\n|\n|-weather|SunnyDay|[upkeep]\n|upkeep\n|turn|26\n|\n|t:|1700257319\n|switch|p2a: Blissey|Blissey, F|100\/100\n|-terastallize|p1a: Hydrogen Baby|Fire\n|move|p1a: Hydrogen Baby|Flamethrower|p2a: Blissey\n|-damage|p2a: Blissey|61\/100\n|\n|-weather|SunnyDay|[upkeep]\n|upkeep\n|turn|27\n|\n|t:|1700257326\n|switch|p1a: The Green Stuff|Arceus-Grass|100\/100\n|move|p2a: Blissey|Soft-Boiled|p2a: Blissey\n|-heal|p2a: Blissey|100\/100\n|\n|-weather|SunnyDay|[upkeep]\n|upkeep\n|turn|28\n|\n|t:|1700257331\n|switch|p2a: Dialga|Dialga|41\/100 slp\n|-ability|p2a: Dialga|Pressure\n|move|p1a: The Green Stuff|Taunt|p2a: Dialga\n|-start|p2a: Dialga|move: Taunt\n|\n|-weather|SunnyDay|[upkeep]\n|upkeep\n|turn|29\n|\n|t:|1700257339\n|switch|p1a: Yours Truly|Magearna-Original|48\/100\n|-curestatus|p2a: Dialga|slp|[msg]\n|move|p2a: Dialga|Draco Meteor|p1a: Yours Truly\n|-immune|p1a: Yours Truly\n|\n|-weather|SunnyDay|[upkeep]\n|-heal|p1a: Yours Truly|54\/100|[from] item: Leftovers\n|upkeep\n|turn|30\n|\n|t:|1700257342\n|move|p2a: Dialga|Heavy Slam|p1a: Yours Truly\n|-damage|p1a: Yours Truly|15\/100\n|move|p1a: Yours Truly|Fleur Cannon|p2a: Dialga|[miss]\n|-miss|p1a: Yours Truly|p2a: Dialga\n|\n|-weather|none\n|-heal|p1a: Yours Truly|21\/100|[from] item: Leftovers\n|-end|p2a: Dialga|move: Taunt\n|upkeep\n|turn|31\n|c|\u2606bennymbs|F\n|\n|t:|1700257359\n|move|p2a: Dialga|Heavy Slam|p1a: Yours Truly\n|-damage|p1a: Yours Truly|0 fnt\n|faint|p1a: Yours Truly\n|\n|upkeep\n|\n|t:|1700257363\n|switch|p1a: \ud83e\udec0|Torkoal, F|75\/100\n|-weather|SunnyDay|[from] ability: Drought|[of] p1a: \ud83e\udec0\n|turn|32\n|\n|t:|1700257369\n|switch|p1a: The Green Stuff|Arceus-Grass|100\/100\n|move|p2a: Dialga|Draco Meteor|p1a: The Green Stuff\n|-damage|p1a: The Green Stuff|56\/100\n|-unboost|p2a: Dialga|spa|2\n|\n|-weather|SunnyDay|[upkeep]\n|upkeep\n|turn|33\n|\n|t:|1700257375\n|switch|p2a: Orthworm|Orthworm, M|66\/100\n|move|p1a: The Green Stuff|Recover|p1a: The Green Stuff\n|-heal|p1a: The Green Stuff|100\/100\n|\n|-weather|SunnyDay|[upkeep]\n|upkeep\n|turn|34\n|\n|t:|1700257379\n|move|p1a: The Green Stuff|Taunt|p2a: Orthworm\n|-start|p2a: Orthworm|move: Taunt\n|cant|p2a: Orthworm|move: Taunt|Spikes\n|\n|-weather|SunnyDay|[upkeep]\n|upkeep\n|turn|35\n|\n|t:|1700257385\n|move|p1a: The Green Stuff|Judgment|p2a: Orthworm\n|-resisted|p2a: Orthworm\n|-damage|p2a: Orthworm|30\/100\n|move|p2a: Orthworm|Body Press|p1a: The Green Stuff\n|-damage|p1a: The Green Stuff|80\/100\n|\n|-weather|SunnyDay|[upkeep]\n|upkeep\n|turn|36\n|\n|t:|1700257389\n|switch|p2a: Arceus|Arceus-Poison|56\/100\n|-damage|p2a: Arceus|44\/100|[from] Spikes\n|move|p1a: The Green Stuff|Judgment|p2a: Arceus\n|-resisted|p2a: Arceus\n|-damage|p2a: Arceus|28\/100\n|\n|-weather|SunnyDay|[upkeep]\n|upkeep\n|turn|37\n|\n|t:|1700257399\n|switch|p1a: Suikino|Walking Wake|100\/100\n|-activate|p1a: Suikino|ability: Protosynthesis\n|-start|p1a: Suikino|protosynthesisspe\n|move|p2a: Arceus|Recover|p2a: Arceus\n|-heal|p2a: Arceus|78\/100\n|\n|-weather|SunnyDay|[upkeep]\n|upkeep\n|turn|38\n|\n|t:|1700257402\n|move|p1a: Suikino|Flip Turn|p2a: Arceus\n|-damage|p2a: Arceus|74\/100\n|\n|t:|1700257408\n|-end|p1a: Suikino|Protosynthesis|[silent]\n|switch|p1a: The Green Stuff|Arceus-Grass|80\/100|[from] Flip Turn\n|move|p2a: Arceus|Recover|p2a: Arceus\n|-heal|p2a: Arceus|100\/100\n|\n|-weather|SunnyDay|[upkeep]\n|upkeep\n|turn|39\n|\n|t:|1700257416\n|move|p1a: The Green Stuff|Taunt|p2a: Arceus\n|-start|p2a: Arceus|move: Taunt\n|move|p2a: Arceus|Judgment|p1a: The Green Stuff\n|-supereffective|p1a: The Green Stuff\n|-damage|p1a: The Green Stuff|15\/100\n|\n|-weather|none\n|upkeep\n|turn|40\n|\n|t:|1700257424\n|move|p1a: The Green Stuff|Judgment|p2a: Arceus\n|-resisted|p2a: Arceus\n|-damage|p2a: Arceus|84\/100\n|move|p2a: Arceus|Judgment|p1a: The Green Stuff\n|-supereffective|p1a: The Green Stuff\n|-damage|p1a: The Green Stuff|0 fnt\n|faint|p1a: The Green Stuff\n|\n|upkeep\n|\n|t:|1700257427\n|switch|p1a: \ud83e\udec0|Torkoal, F|75\/100\n|-weather|SunnyDay|[from] ability: Drought|[of] p1a: \ud83e\udec0\n|turn|41\n|\n|t:|1700257429\n|move|p2a: Arceus|Judgment|p1a: \ud83e\udec0\n|-damage|p1a: \ud83e\udec0|9\/100\n|move|p1a: \ud83e\udec0|Will-O-Wisp|p2a: Arceus\n|-status|p2a: Arceus|brn\n|\n|-weather|SunnyDay|[upkeep]\n|-damage|p2a: Arceus|78\/100 brn|[from] brn\n|-end|p2a: Arceus|move: Taunt\n|upkeep\n|turn|42\n|\n|t:|1700257436\n|move|p2a: Arceus|Judgment|p1a: \ud83e\udec0\n|-damage|p1a: \ud83e\udec0|0 fnt\n|faint|p1a: \ud83e\udec0\n|\n|-weather|SunnyDay|[upkeep]\n|-damage|p2a: Arceus|72\/100 brn|[from] brn\n|upkeep\n|\n|t:|1700257439\n|switch|p1a: Suikino|Walking Wake|100\/100\n|-activate|p1a: Suikino|ability: Protosynthesis\n|-start|p1a: Suikino|protosynthesisspe\n|turn|43\n|\n|t:|1700257446\n|switch|p2a: Orthworm|Orthworm, M|30\/100\n|move|p1a: Suikino|Hydro Steam|p2a: Orthworm\n|-damage|p2a: Orthworm|0 fnt\n|faint|p2a: Orthworm\n|\n|-weather|SunnyDay|[upkeep]\n|upkeep\n|\n|t:|1700257454\n|switch|p2a: Dialga|Dialga|41\/100\n|-ability|p2a: Dialga|Pressure\n|turn|44\n|\n|t:|1700257457\n|move|p1a: Suikino|Hydro Steam|p2a: Dialga\n|-resisted|p2a: Dialga\n|-damage|p2a: Dialga|15\/100\n|move|p2a: Dialga|Draco Meteor|p1a: Suikino\n|-supereffective|p1a: Suikino\n|-damage|p1a: Suikino|0 fnt\n|-unboost|p2a: Dialga|spa|2\n|faint|p1a: Suikino\n|-end|p1a: Suikino|Protosynthesis|[silent]\n|\n|-weather|SunnyDay|[upkeep]\n|upkeep\n|\n|t:|1700257461\n|switch|p1a: Hydrogen Baby|Chi-Yu, tera:Fire|35\/100\n|-ability|p1a: Hydrogen Baby|Beads of Ruin\n|turn|45\n|\n|t:|1700257464\n|move|p1a: Hydrogen Baby|Flamethrower|p2a: Dialga\n|-damage|p2a: Dialga|0 fnt\n|faint|p2a: Dialga\n|\n|-weather|SunnyDay|[upkeep]\n|upkeep\n|\n|t:|1700257466\n|switch|p2a: Zamazenta|Zamazenta-Crowned|100\/100\n|-damage|p2a: Zamazenta|88\/100|[from] Spikes\n|-ability|p2a: Zamazenta|Dauntless Shield|boost\n|-boost|p2a: Zamazenta|def|1\n|turn|46\n|\n|t:|1700257470\n|-terastallize|p2a: Zamazenta|Water\n|move|p1a: Hydrogen Baby|Flamethrower|p2a: Zamazenta\n|-resisted|p2a: Zamazenta\n|-damage|p2a: Zamazenta|38\/100\n|move|p2a: Zamazenta|Body Press|p1a: Hydrogen Baby\n|-damage|p1a: Hydrogen Baby|0 fnt\n|faint|p1a: Hydrogen Baby\n|\n|win|babynogalXD\n|c|\u2606bennymbs|Ggd\n|c|\u2606babynogalXD|gg\n|l|\u2606babynogalXD\n|l|\u2606bennymbs\n|j|\u2606babynogalXD\n|player|p2|babynogalXD|ethan\n","uploadtime":1700257489,"views":15,"p1id":"bennymbs","p2id":"babynogalxd","formatid":"gen9ubers","rating":0,"private":0,"password":""}