{"id":"gen9ubers-1981699724","p1":"The crimson wooper","p2":"wamkou","format":"[Gen 9] Ubers","log":"|j|\u2606The crimson wooper\n|j|\u2606wamkou\n|t:|1698934786\n|gametype|singles\n|player|p1|The crimson wooper|265|\n|player|p2|wamkou|elesa-masters2|\n|teamsize|p1|6\n|teamsize|p2|6\n|gen|9\n|tier|[Gen 9] Ubers\n|rule|Sleep Clause Mod: Limit one foe put to sleep\n|rule|Species Clause: Limit one of each Pok\u00e9mon\n|rule|OHKO Clause: OHKO moves are banned\n|rule|Evasion Items Clause: Evasion items are banned\n|rule|Evasion Moves Clause: Evasion moves are banned\n|rule|Endless Battle Clause: Forcing endless battles is banned\n|rule|HP Percentage Mod: HP is shown in percentages\n|clearpoke\n|poke|p1|Ninetales-Alola, F|\n|poke|p1|Baxcalibur, F|\n|poke|p1|Magearna|\n|poke|p1|Chi-Yu|\n|poke|p1|Espathra, M|\n|poke|p1|Zacian-*|\n|poke|p2|Crocalor, F|\n|poke|p2|Garganacl, F|\n|poke|p2|Blissey, F|\n|poke|p2|Arceus-Poison|\n|poke|p2|Clefable, M|\n|poke|p2|Slowking-Galar, F|\n|teampreview\n|inactive|Battle timer is ON: inactive players will automatically lose when time's up. (requested by The crimson wooper)\n|c|\u2606The crimson wooper|There we go\n|c|\u2606The crimson wooper|ty\n|\n|t:|1698934802\n|start\n|switch|p1a: Ninetales|Ninetales-Alola, F|100\/100\n|switch|p2a: Garganacl|Garganacl, F|100\/100\n|-weather|Snow|[from] ability: Snow Warning|[of] p1a: Ninetales\n|turn|1\n|\n|t:|1698934816\n|move|p1a: Ninetales|Aurora Veil|p1a: Ninetales\n|-sidestart|p1: The crimson wooper|move: Aurora Veil\n|move|p2a: Garganacl|Iron Defense|p2a: Garganacl\n|-boost|p2a: Garganacl|def|2\n|\n|-weather|Snow|[upkeep]\n|upkeep\n|turn|2\n|\n|t:|1698934823\n|move|p1a: Ninetales|Encore|p2a: Garganacl\n|-start|p2a: Garganacl|Encore\n|move|p2a: Garganacl|Iron Defense|p2a: Garganacl\n|-boost|p2a: Garganacl|def|2\n|\n|-weather|Snow|[upkeep]\n|upkeep\n|turn|3\n|\n|t:|1698934828\n|switch|p1a: Espathra|Espathra, M|100\/100\n|move|p2a: Garganacl|Iron Defense|p2a: Garganacl\n|-boost|p2a: Garganacl|def|2\n|\n|-weather|Snow|[upkeep]\n|upkeep\n|turn|4\n|\n|t:|1698934836\n|switch|p2a: Clefable|Clefable, M|100\/100\n|move|p1a: Espathra|Calm Mind|p1a: Espathra\n|-boost|p1a: Espathra|spa|1\n|-boost|p1a: Espathra|spd|1\n|\n|-weather|Snow|[upkeep]\n|-ability|p1a: Espathra|Speed Boost|boost\n|-boost|p1a: Espathra|spe|1\n|upkeep\n|turn|5\n|\n|t:|1698934840\n|move|p1a: Espathra|Calm Mind|p1a: Espathra\n|-boost|p1a: Espathra|spa|1\n|-boost|p1a: Espathra|spd|1\n|move|p2a: Clefable|Knock Off|p1a: Espathra\n|-supereffective|p1a: Espathra\n|-damage|p1a: Espathra|87\/100\n|-enditem|p1a: Espathra|Leftovers|[from] move: Knock Off|[of] p2a: Clefable\n|\n|-weather|none\n|-ability|p1a: Espathra|Speed Boost|boost\n|-boost|p1a: Espathra|spe|1\n|upkeep\n|turn|6\n|\n|t:|1698934848\n|move|p1a: Espathra|Calm Mind|p1a: Espathra\n|-boost|p1a: Espathra|spa|1\n|-boost|p1a: Espathra|spd|1\n|move|p2a: Clefable|Encore|p1a: Espathra\n|-start|p1a: Espathra|Encore\n|\n|-ability|p1a: Espathra|Speed Boost|boost\n|-boost|p1a: Espathra|spe|1\n|upkeep\n|turn|7\n|\n|t:|1698934852\n|switch|p2a: Slowking|Slowking-Galar, F|100\/100\n|move|p1a: Espathra|Calm Mind|p1a: Espathra\n|-boost|p1a: Espathra|spa|1\n|-boost|p1a: Espathra|spd|1\n|\n|-ability|p1a: Espathra|Speed Boost|boost\n|-boost|p1a: Espathra|spe|1\n|upkeep\n|turn|8\n|\n|t:|1698934860\n|move|p1a: Espathra|Calm Mind|p1a: Espathra\n|-boost|p1a: Espathra|spa|1\n|-boost|p1a: Espathra|spd|1\n|move|p2a: Slowking|Toxic|p1a: Espathra\n|-status|p1a: Espathra|tox\n|\n|-damage|p1a: Espathra|80\/100 tox|[from] psn\n|-sideend|p1: The crimson wooper|move: Aurora Veil\n|-ability|p1a: Espathra|Speed Boost|boost\n|-boost|p1a: Espathra|spe|1\n|upkeep\n|turn|9\n|\n|t:|1698934871\n|move|p1a: Espathra|Calm Mind|p1a: Espathra\n|-boost|p1a: Espathra|spa|1\n|-boost|p1a: Espathra|spd|1\n|move|p2a: Slowking|Foul Play|p1a: Espathra\n|-supereffective|p1a: Espathra\n|-damage|p1a: Espathra|62\/100 tox\n|\n|-damage|p1a: Espathra|50\/100 tox|[from] psn\n|-end|p1a: Espathra|Encore\n|-ability|p1a: Espathra|Speed Boost|boost\n|-boost|p1a: Espathra|spe|1\n|upkeep\n|turn|10\n|\n|t:|1698934901\n|switch|p2a: Blissey|Blissey, F|100\/100\n|move|p1a: Espathra|Stored Power|p2a: Blissey\n|-damage|p2a: Blissey|0 fnt\n|faint|p2a: Blissey\n|\n|-damage|p1a: Espathra|32\/100 tox|[from] psn\n|upkeep\n|inactive|wamkou has 270 seconds left.\n|\n|t:|1698934921\n|switch|p2a: Slowking|Slowking-Galar, F|100\/100\n|turn|11\n|inactive|wamkou has 270 seconds left.\n|\n|t:|1698934932\n|-terastallize|p2a: Slowking|Dark\n|move|p1a: Espathra|Stored Power|p2a: Slowking\n|-immune|p2a: Slowking\n|move|p2a: Slowking|Foul Play|p1a: Espathra\n|-supereffective|p1a: Espathra\n|-damage|p1a: Espathra|3\/100 tox\n|\n|-damage|p1a: Espathra|0 fnt|[from] psn\n|faint|p1a: Espathra\n|upkeep\n|\n|t:|1698934937\n|switch|p1a: Magearna|Magearna|100\/100\n|turn|12\n|\n|t:|1698934945\n|move|p1a: Magearna|Iron Defense|p1a: Magearna\n|-boost|p1a: Magearna|def|2\n|move|p2a: Slowking|Chilly Reception|p2a: Slowking\n|-weather|Snow\n|inactive|wamkou has 270 seconds left.\n|\n|t:|1698934955\n|switch|p2a: Garganacl|Garganacl, F|100\/100|[from] Chilly Reception\n|\n|-weather|Snow|[upkeep]\n|upkeep\n|turn|13\n|\n|t:|1698934960\n|move|p1a: Magearna|Calm Mind|p1a: Magearna\n|-boost|p1a: Magearna|spa|1\n|-boost|p1a: Magearna|spd|1\n|move|p2a: Garganacl|Salt Cure|p1a: Magearna\n|-resisted|p1a: Magearna\n|-damage|p1a: Magearna|98\/100\n|-start|p1a: Magearna|Salt Cure\n|\n|-weather|Snow|[upkeep]\n|-heal|p1a: Magearna|100\/100|[from] item: Leftovers\n|-damage|p1a: Magearna|75\/100|[from] Salt Cure\n|upkeep\n|turn|14\n|\n|t:|1698934972\n|switch|p2a: Clefable|Clefable, M|100\/100\n|move|p1a: Magearna|Calm Mind|p1a: Magearna\n|-boost|p1a: Magearna|spa|1\n|-boost|p1a: Magearna|spd|1\n|\n|-weather|Snow|[upkeep]\n|-heal|p1a: Magearna|82\/100|[from] item: Leftovers\n|-damage|p1a: Magearna|57\/100|[from] Salt Cure\n|upkeep\n|turn|15\n|\n|t:|1698934981\n|move|p1a: Magearna|Draining Kiss|p2a: Clefable\n|-damage|p2a: Clefable|86\/100\n|-heal|p1a: Magearna|69\/100|[from] drain|[of] p2a: Clefable\n|move|p2a: Clefable|Encore|p1a: Magearna\n|-start|p1a: Magearna|Encore\n|\n|-weather|Snow|[upkeep]\n|-heal|p1a: Magearna|75\/100|[from] item: Leftovers\n|-heal|p2a: Clefable|92\/100|[from] item: Leftovers\n|-damage|p1a: Magearna|50\/100|[from] Salt Cure\n|upkeep\n|turn|16\n|\n|t:|1698934995\n|switch|p1a: Zacian|Zacian|100\/100\n|-ability|p1a: Zacian|Intrepid Sword|boost\n|-boost|p1a: Zacian|atk|1\n|move|p2a: Clefable|Knock Off|p1a: Zacian\n|-resisted|p1a: Zacian\n|-damage|p1a: Zacian|92\/100\n|-enditem|p1a: Zacian|Leftovers|[from] move: Knock Off|[of] p2a: Clefable\n|\n|-weather|none\n|-heal|p2a: Clefable|98\/100|[from] item: Leftovers\n|upkeep\n|turn|17\n|\n|t:|1698935004\n|switch|p2a: Crocalor|Crocalor, F|100\/100\n|move|p1a: Zacian|Play Rough|p2a: Crocalor\n|-resisted|p2a: Crocalor\n|-damage|p2a: Crocalor|88\/100\n|-unboost|p2a: Crocalor|atk|1\n|\n|upkeep\n|turn|18\n|\n|t:|1698935015\n|switch|p1a: Baxcalibur|Baxcalibur, F|100\/100\n|move|p2a: Crocalor|Will-O-Wisp|p1a: Baxcalibur\n|-immune|p1a: Baxcalibur|[from] ability: Thermal Exchange\n|\n|upkeep\n|turn|19\n|\n|t:|1698935023\n|move|p1a: Baxcalibur|Icicle Spear|p2a: Crocalor\n|-resisted|p2a: Crocalor\n|-damage|p2a: Crocalor|85\/100\n|-resisted|p2a: Crocalor\n|-damage|p2a: Crocalor|81\/100\n|-resisted|p2a: Crocalor\n|-damage|p2a: Crocalor|78\/100\n|-resisted|p2a: Crocalor\n|-damage|p2a: Crocalor|73\/100\n|-hitcount|p2a: Crocalor|4\n|move|p2a: Crocalor|Roar|p1a: Baxcalibur\n|drag|p1a: Magearna|Magearna|50\/100\n|\n|-heal|p1a: Magearna|56\/100|[from] item: Leftovers\n|upkeep\n|turn|20\n|\n|t:|1698935041\n|switch|p1a: Baxcalibur|Baxcalibur, F|100\/100\n|move|p2a: Crocalor|Roar|p1a: Baxcalibur\n|drag|p1a: Ninetales|Ninetales-Alola, F|100\/100\n|-weather|Snow|[from] ability: Snow Warning|[of] p1a: Ninetales\n|\n|-weather|Snow|[upkeep]\n|upkeep\n|turn|21\n|\n|t:|1698935057\n|switch|p2a: Garganacl|Garganacl, F|100\/100\n|move|p1a: Ninetales|Encore||[still]\n|-fail|p1a: Ninetales\n|\n|-weather|Snow|[upkeep]\n|upkeep\n|turn|22\n|\n|t:|1698935065\n|move|p1a: Ninetales|Aurora Veil|p1a: Ninetales\n|-sidestart|p1: The crimson wooper|move: Aurora Veil\n|move|p2a: Garganacl|Salt Cure|p1a: Ninetales\n|-supereffective|p1a: Ninetales\n|-damage|p1a: Ninetales|86\/100\n|-start|p1a: Ninetales|Salt Cure\n|\n|-weather|Snow|[upkeep]\n|-damage|p1a: Ninetales|73\/100|[from] Salt Cure\n|upkeep\n|turn|23\n|\n|t:|1698935075\n|move|p1a: Ninetales|Moonblast|p2a: Garganacl\n|-damage|p2a: Garganacl|68\/100\n|-unboost|p2a: Garganacl|spa|1\n|move|p2a: Garganacl|Body Press|p1a: Ninetales\n|-crit|p1a: Ninetales\n|-damage|p1a: Ninetales|23\/100\n|\n|-weather|Snow|[upkeep]\n|-heal|p2a: Garganacl|75\/100|[from] item: Leftovers\n|-damage|p1a: Ninetales|11\/100|[from] Salt Cure\n|upkeep\n|turn|24\n|\n|t:|1698935091\n|switch|p1a: Zacian|Zacian|92\/100\n|move|p2a: Garganacl|Salt Cure|p1a: Zacian\n|-damage|p1a: Zacian|86\/100\n|-start|p1a: Zacian|Salt Cure\n|\n|-weather|none\n|-heal|p2a: Garganacl|81\/100|[from] item: Leftovers\n|-damage|p1a: Zacian|74\/100|[from] Salt Cure\n|upkeep\n|turn|25\n|\n|t:|1698935110\n|move|p1a: Zacian|Close Combat|p2a: Garganacl\n|-supereffective|p2a: Garganacl\n|-damage|p2a: Garganacl|40\/100\n|-unboost|p1a: Zacian|def|1\n|-unboost|p1a: Zacian|spd|1\n|move|p2a: Garganacl|Iron Defense|p2a: Garganacl\n|-boost|p2a: Garganacl|def|2\n|\n|-heal|p2a: Garganacl|46\/100|[from] item: Leftovers\n|-damage|p1a: Zacian|62\/100|[from] Salt Cure\n|upkeep\n|turn|26\n|\n|t:|1698935117\n|switch|p1a: Chi-Yu|Chi-Yu|100\/100\n|-ability|p1a: Chi-Yu|Beads of Ruin\n|move|p2a: Garganacl|Recover|p2a: Garganacl\n|-heal|p2a: Garganacl|96\/100\n|\n|-heal|p2a: Garganacl|100\/100|[from] item: Leftovers\n|upkeep\n|turn|27\n|\n|t:|1698935130\n|-terastallize|p1a: Chi-Yu|Dark\n|move|p1a: Chi-Yu|Dark Pulse|p2a: Garganacl\n|-damage|p2a: Garganacl|28\/100\n|move|p2a: Garganacl|Salt Cure|p1a: Chi-Yu\n|-damage|p1a: Chi-Yu|88\/100\n|-start|p1a: Chi-Yu|Salt Cure\n|\n|-heal|p1a: Chi-Yu|94\/100|[from] item: Leftovers\n|-heal|p2a: Garganacl|34\/100|[from] item: Leftovers\n|-damage|p1a: Chi-Yu|81\/100|[from] Salt Cure\n|upkeep\n|turn|28\n|\n|t:|1698935142\n|switch|p2a: Slowking|Slowking-Galar, F, tera:Dark|100\/100\n|move|p1a: Chi-Yu|Flamethrower|p2a: Slowking\n|-damage|p2a: Slowking|65\/100\n|\n|-heal|p1a: Chi-Yu|87\/100|[from] item: Leftovers\n|-damage|p1a: Chi-Yu|75\/100|[from] Salt Cure\n|upkeep\n|turn|29\n|\n|t:|1698935153\n|move|p1a: Chi-Yu|Flamethrower|p2a: Slowking\n|-damage|p2a: Slowking|30\/100\n|move|p2a: Slowking|Toxic|p1a: Chi-Yu\n|-status|p1a: Chi-Yu|tox\n|\n|-heal|p1a: Chi-Yu|81\/100 tox|[from] item: Leftovers\n|-damage|p1a: Chi-Yu|75\/100 tox|[from] psn\n|-damage|p1a: Chi-Yu|63\/100 tox|[from] Salt Cure\n|-sideend|p1: The crimson wooper|move: Aurora Veil\n|upkeep\n|turn|30\n|\n|t:|1698935174\n|switch|p2a: Clefable|Clefable, M|98\/100\n|move|p1a: Chi-Yu|Dark Pulse|p2a: Clefable\n|-resisted|p2a: Clefable\n|-damage|p2a: Clefable|74\/100\n|\n|-heal|p1a: Chi-Yu|69\/100 tox|[from] item: Leftovers\n|-heal|p2a: Clefable|80\/100|[from] item: Leftovers\n|-damage|p1a: Chi-Yu|57\/100 tox|[from] psn\n|-damage|p1a: Chi-Yu|44\/100 tox|[from] Salt Cure\n|upkeep\n|turn|31\n|inactive|wamkou has 270 seconds left.\n|\n|t:|1698935189\n|move|p1a: Chi-Yu|Flamethrower|p2a: Clefable\n|-damage|p2a: Clefable|41\/100\n|move|p2a: Clefable|Stealth Rock|p1a: Chi-Yu\n|-sidestart|p1: The crimson wooper|move: Stealth Rock\n|\n|-heal|p1a: Chi-Yu|50\/100 tox|[from] item: Leftovers\n|-heal|p2a: Clefable|47\/100|[from] item: Leftovers\n|-damage|p1a: Chi-Yu|32\/100 tox|[from] psn\n|-damage|p1a: Chi-Yu|20\/100 tox|[from] Salt Cure\n|upkeep\n|turn|32\n|inactive|wamkou has 270 seconds left.\n|\n|t:|1698935201\n|move|p1a: Chi-Yu|Flamethrower|p2a: Clefable\n|-damage|p2a: Clefable|5\/100\n|move|p2a: Clefable|Wish|p2a: Clefable\n|\n|-heal|p1a: Chi-Yu|26\/100 tox|[from] item: Leftovers\n|-heal|p2a: Clefable|11\/100|[from] item: Leftovers\n|-damage|p1a: Chi-Yu|2\/100 tox|[from] psn\n|-damage|p1a: Chi-Yu|0 fnt|[from] Salt Cure\n|faint|p1a: Chi-Yu\n|upkeep\n|\n|t:|1698935210\n|switch|p1a: Baxcalibur|Baxcalibur, F|100\/100\n|-damage|p1a: Baxcalibur|76\/100|[from] Stealth Rock\n|turn|33\n|\n|t:|1698935222\n|switch|p2a: Garganacl|Garganacl, F|34\/100\n|move|p1a: Baxcalibur|Earthquake|p2a: Garganacl\n|-supereffective|p2a: Garganacl\n|-damage|p2a: Garganacl|0 fnt\n|faint|p2a: Garganacl\n|\n|upkeep\n|\n|t:|1698935229\n|switch|p2a: Slowking|Slowking-Galar, F, tera:Dark|63\/100\n|turn|34\n|l|\u2606The crimson wooper\n|inactive|The crimson wooper disconnected and has 300 seconds to reconnect!\n|player|p1|\n|inactive|The crimson wooper has 270 seconds to reconnect!\n|j|\u2606The crimson wooper\n|inactive|The crimson wooper reconnected and has 285 seconds left.\n|player|p1|The crimson wooper|265\n|\n|t:|1698935292\n|move|p1a: Baxcalibur|Icicle Spear|p2a: Slowking\n|-damage|p2a: Slowking|48\/100\n|-damage|p2a: Slowking|32\/100\n|-damage|p2a: Slowking|17\/100\n|-damage|p2a: Slowking|1\/100\n|-hitcount|p2a: Slowking|4\n|move|p2a: Slowking|Foul Play|p1a: Baxcalibur\n|-damage|p1a: Baxcalibur|27\/100\n|\n|upkeep\n|turn|35\n|\n|t:|1698935306\n|move|p1a: Baxcalibur|Icicle Spear|p2a: Slowking\n|-damage|p2a: Slowking|0 fnt\n|faint|p2a: Slowking\n|-hitcount|p2: Slowking|1\n|\n|upkeep\n|\n|t:|1698935312\n|switch|p2a: Arceus|Arceus-Poison|100\/100\n|turn|36\n|\n|t:|1698935318\n|switch|p1a: Ninetales|Ninetales-Alola, F|11\/100\n|-damage|p1a: Ninetales|0 fnt|[from] Stealth Rock\n|faint|p1a: Ninetales\n|move|p2a: Arceus|Judgment|p1: Ninetales|[notarget]\n|-fail|p2a: Arceus\n|\n|upkeep\n|\n|t:|1698935322\n|switch|p1a: Magearna|Magearna|56\/100\n|-damage|p1a: Magearna|50\/100|[from] Stealth Rock\n|turn|37\n|\n|t:|1698935328\n|move|p2a: Arceus|Taunt|p1a: Magearna\n|-start|p1a: Magearna|move: Taunt\n|cant|p1a: Magearna|move: Taunt|Calm Mind\n|\n|-heal|p1a: Magearna|56\/100|[from] item: Leftovers\n|upkeep\n|turn|38\n|\n|t:|1698935335\n|move|p2a: Arceus|Earth Power|p1a: Magearna\n|-supereffective|p1a: Magearna\n|-damage|p1a: Magearna|25\/100\n|-unboost|p1a: Magearna|spd|1\n|move|p1a: Magearna|Draining Kiss|p2a: Arceus\n|-resisted|p2a: Arceus\n|-damage|p2a: Arceus|96\/100\n|-heal|p1a: Magearna|30\/100|[from] drain|[of] p2a: Arceus\n|\n|-heal|p1a: Magearna|36\/100|[from] item: Leftovers\n|upkeep\n|turn|39\n|\n|t:|1698935342\n|switch|p1a: Zacian|Zacian|62\/100\n|-damage|p1a: Zacian|49\/100|[from] Stealth Rock\n|move|p2a: Arceus|Earth Power|p1a: Zacian\n|-damage|p1a: Zacian|29\/100\n|\n|upkeep\n|turn|40\n|c|\u2606The crimson wooper|Gg\n|\n|t:|1698935350\n|move|p1a: Zacian|Play Rough|p2a: Arceus\n|-resisted|p2a: Arceus\n|-damage|p2a: Arceus|82\/100\n|move|p2a: Arceus|Judgment|p1a: Zacian\n|-supereffective|p1a: Zacian\n|-damage|p1a: Zacian|0 fnt\n|faint|p1a: Zacian\n|\n|upkeep\n|\n|t:|1698935357\n|switch|p1a: Magearna|Magearna|36\/100\n|-damage|p1a: Magearna|30\/100|[from] Stealth Rock\n|turn|41\n|\n|t:|1698935364\n|move|p2a: Arceus|Taunt|p1a: Magearna\n|-start|p1a: Magearna|move: Taunt\n|move|p1a: Magearna|Stored Power|p2a: Arceus\n|-supereffective|p2a: Arceus\n|-damage|p2a: Arceus|76\/100\n|\n|-heal|p1a: Magearna|36\/100|[from] item: Leftovers\n|upkeep\n|turn|42\n|\n|t:|1698935372\n|move|p2a: Arceus|Earth Power|p1a: Magearna\n|-supereffective|p1a: Magearna\n|-damage|p1a: Magearna|5\/100\n|move|p1a: Magearna|Stored Power|p2a: Arceus\n|-supereffective|p2a: Arceus\n|-crit|p2a: Arceus\n|-damage|p2a: Arceus|66\/100\n|\n|-heal|p1a: Magearna|11\/100|[from] item: Leftovers\n|upkeep\n|turn|43\n|\n|t:|1698935379\n|move|p2a: Arceus|Recover|p2a: Arceus\n|-heal|p2a: Arceus|100\/100\n|move|p1a: Magearna|Stored Power|p2a: Arceus\n|-supereffective|p2a: Arceus\n|-damage|p2a: Arceus|94\/100\n|\n|-heal|p1a: Magearna|18\/100|[from] item: Leftovers\n|-end|p1a: Magearna|move: Taunt\n|upkeep\n|turn|44\n|\n|t:|1698935384\n|move|p2a: Arceus|Earth Power|p1a: Magearna\n|-supereffective|p1a: Magearna\n|-damage|p1a: Magearna|0 fnt\n|faint|p1a: Magearna\n|\n|upkeep\n|\n|t:|1698935387\n|switch|p1a: Baxcalibur|Baxcalibur, F|27\/100\n|-damage|p1a: Baxcalibur|2\/100|[from] Stealth Rock\n|turn|45\n|\n|t:|1698935393\n|move|p1a: Baxcalibur|Earthquake|p2a: Arceus\n|-supereffective|p2a: Arceus\n|-crit|p2a: Arceus\n|-damage|p2a: Arceus|21\/100\n|move|p2a: Arceus|Judgment|p1a: Baxcalibur\n|-damage|p1a: Baxcalibur|0 fnt\n|faint|p1a: Baxcalibur\n|\n|win|wamkou\n|c|\u2606wamkou|gg\n|l|\u2606The crimson wooper\n","uploadtime":1698935406,"views":23,"p1id":"thecrimsonwooper","p2id":"wamkou","formatid":"gen9ubers","rating":0,"private":0,"password":""}