{"id":"gen9ubers-1993551763","p1":"GammaGoGamma","p2":"tocsiqwaste","format":"[Gen 9] Ubers","log":"|j|\u2606GammaGoGamma\n|j|\u2606tocsiqwaste\n|t:|1700330876\n|gametype|singles\n|player|p1|GammaGoGamma|burglar|\n|player|p2|tocsiqwaste|supernerd|\n|teamsize|p1|6\n|teamsize|p2|6\n|gen|9\n|tier|[Gen 9] Ubers\n|rated|Tournament battle\n|rule|Sleep Clause Mod: Limit one foe put to sleep\n|rule|Species Clause: Limit one of each Pok\u00e9mon\n|rule|OHKO Clause: OHKO moves are banned\n|rule|Evasion Items Clause: Evasion items are banned\n|rule|Evasion Moves Clause: Evasion moves are banned\n|rule|Endless Battle Clause: Forcing endless battles is banned\n|rule|HP Percentage Mod: HP is shown in percentages\n|clearpoke\n|poke|p1|Eternatus|\n|poke|p1|Arceus|\n|poke|p1|Kyogre|\n|poke|p1|Gliscor, F|\n|poke|p1|Ting-Lu|\n|poke|p1|Koraidon|\n|poke|p2|Urshifu-*, M|\n|poke|p2|Gliscor, F|\n|poke|p2|Zacian-*|\n|poke|p2|Ribombee, M|\n|poke|p2|Annihilape, F|\n|poke|p2|Skeledirge, F|\n|teampreview\n|\n|t:|1700330903\n|start\n|switch|p1a: Gliscor|Gliscor, F|100\/100\n|switch|p2a: Ribombee|Ribombee, M|100\/100\n|turn|1\n|\n|t:|1700330908\n|move|p1a: Gliscor|Protect|p1a: Gliscor\n|-singleturn|p1a: Gliscor|Protect\n|move|p2a: Ribombee|Sticky Web|p1a: Gliscor\n|-sidestart|p1: GammaGoGamma|move: Sticky Web\n|\n|-status|p1a: Gliscor|tox|[from] item: Toxic Orb\n|upkeep\n|turn|2\n|inactive|Battle timer is ON: inactive players will automatically lose when time's up. (requested by GammaGoGamma)\n|\n|t:|1700330918\n|move|p2a: Ribombee|Moonblast|p1a: Gliscor\n|-damage|p1a: Gliscor|48\/100 tox\n|move|p1a: Gliscor|Spikes|p2a: Ribombee\n|-sidestart|p2: tocsiqwaste|Spikes\n|\n|-heal|p1a: Gliscor|60\/100 tox|[from] ability: Poison Heal\n|upkeep\n|turn|3\n|\n|t:|1700330922\n|move|p1a: Gliscor|Protect|p1a: Gliscor\n|-singleturn|p1a: Gliscor|Protect\n|move|p2a: Ribombee|Moonblast|p1a: Gliscor\n|-activate|p1a: Gliscor|move: Protect\n|\n|-heal|p1a: Gliscor|73\/100 tox|[from] ability: Poison Heal\n|upkeep\n|turn|4\n|\n|t:|1700330933\n|switch|p2a: Urshifu|Urshifu-Rapid-Strike, M|100\/100\n|-damage|p2a: Urshifu|88\/100|[from] Spikes\n|switch|p1a: Eternatus|Eternatus|100\/100\n|-ability|p1a: Eternatus|Pressure\n|\n|upkeep\n|turn|5\n|\n|t:|1700330938\n|switch|p2a: Ribombee|Ribombee, M|100\/100\n|-damage|p2a: Ribombee|88\/100|[from] Spikes\n|move|p1a: Eternatus|Toxic|p2a: Ribombee\n|-status|p2a: Ribombee|tox\n|\n|-damage|p2a: Ribombee|82\/100 tox|[from] psn\n|upkeep\n|turn|6\n|\n|t:|1700330947\n|switch|p1a: Gliscor|Gliscor, F|73\/100 tox\n|move|p2a: Ribombee|Moonblast|p1a: Gliscor\n|-damage|p1a: Gliscor|23\/100 tox\n|\n|-damage|p2a: Ribombee|70\/100 tox|[from] psn\n|-heal|p1a: Gliscor|36\/100 tox|[from] ability: Poison Heal\n|upkeep\n|turn|7\n|\n|t:|1700330951\n|switch|p2a: Urshifu|Urshifu-Rapid-Strike, M|88\/100\n|-damage|p2a: Urshifu|76\/100|[from] Spikes\n|move|p1a: Gliscor|Protect||[still]\n|-fail|p1a: Gliscor\n|\n|-heal|p1a: Gliscor|48\/100 tox|[from] ability: Poison Heal\n|upkeep\n|turn|8\n|\n|t:|1700330961\n|switch|p1a: Eternatus|Eternatus|100\/100\n|-ability|p1a: Eternatus|Pressure\n|move|p2a: Urshifu|Surging Strikes|p1a: Eternatus\n|-resisted|p1a: Eternatus\n|-crit|p1a: Eternatus\n|-damage|p1a: Eternatus|90\/100\n|-resisted|p1a: Eternatus\n|-crit|p1a: Eternatus\n|-damage|p1a: Eternatus|79\/100\n|-resisted|p1a: Eternatus\n|-crit|p1a: Eternatus\n|-damage|p1a: Eternatus|69\/100\n|-hitcount|p1a: Eternatus|3\n|\n|upkeep\n|turn|9\n|\n|t:|1700330972\n|switch|p2a: Zacian|Zacian-Crowned|100\/100\n|-damage|p2a: Zacian|88\/100|[from] Spikes\n|-ability|p2a: Zacian|Intrepid Sword|boost\n|-boost|p2a: Zacian|atk|1\n|move|p1a: Eternatus|Flamethrower|p2a: Zacian\n|-supereffective|p2a: Zacian\n|-damage|p2a: Zacian|38\/100\n|\n|upkeep\n|turn|10\n|\n|t:|1700330985\n|switch|p1a: Gliscor|Gliscor, F|48\/100 tox\n|move|p2a: Zacian|Behemoth Blade|p1a: Gliscor\n|-damage|p1a: Gliscor|0 fnt\n|faint|p1a: Gliscor\n|\n|upkeep\n|\n|t:|1700330994\n|switch|p1a: Ting-Lu|Ting-Lu|100\/100\n|-activate|p1a: Ting-Lu|move: Sticky Web\n|-unboost|p1a: Ting-Lu|spe|1\n|-ability|p1a: Ting-Lu|Vessel of Ruin\n|turn|11\n|\n|t:|1700330998\n|move|p2a: Zacian|Play Rough|p1a: Ting-Lu\n|-supereffective|p1a: Ting-Lu\n|-damage|p1a: Ting-Lu|9\/100\n|move|p1a: Ting-Lu|Earthquake|p2a: Zacian\n|-supereffective|p2a: Zacian\n|-damage|p2a: Zacian|0 fnt\n|faint|p2a: Zacian\n|\n|-heal|p1a: Ting-Lu|16\/100|[from] item: Leftovers\n|upkeep\n|\n|t:|1700331007\n|switch|p2a: Gliscor|Gliscor, F|100\/100\n|turn|12\n|\n|t:|1700331012\n|move|p2a: Gliscor|Knock Off|p1a: Ting-Lu\n|-resisted|p1a: Ting-Lu\n|-damage|p1a: Ting-Lu|8\/100\n|-enditem|p1a: Ting-Lu|Leftovers|[from] move: Knock Off|[of] p2a: Gliscor\n|move|p1a: Ting-Lu|Stealth Rock|p2a: Gliscor\n|-sidestart|p2: tocsiqwaste|move: Stealth Rock\n|\n|-status|p2a: Gliscor|tox|[from] item: Toxic Orb\n|upkeep\n|turn|13\n|\n|t:|1700331017\n|move|p2a: Gliscor|Facade|p1a: Ting-Lu\n|-damage|p1a: Ting-Lu|0 fnt\n|faint|p1a: Ting-Lu\n|\n|upkeep\n|\n|t:|1700331019\n|switch|p1a: Kyogre|Kyogre|100\/100\n|-weather|RainDance|[from] ability: Drizzle|[of] p1a: Kyogre\n|turn|14\n|\n|t:|1700331030\n|-terastallize|p2a: Gliscor|Water\n|move|p2a: Gliscor|Knock Off|p1a: Kyogre\n|-damage|p1a: Kyogre|81\/100\n|-enditem|p1a: Kyogre|Heavy-Duty Boots|[from] move: Knock Off|[of] p2a: Gliscor\n|move|p1a: Kyogre|Origin Pulse|p2a: Gliscor\n|-resisted|p2a: Gliscor\n|-damage|p2a: Gliscor|43\/100 tox\n|\n|-weather|RainDance|[upkeep]\n|-heal|p2a: Gliscor|55\/100 tox|[from] ability: Poison Heal\n|upkeep\n|turn|15\n|\n|t:|1700331038\n|move|p2a: Gliscor|Protect|p2a: Gliscor\n|-singleturn|p2a: Gliscor|Protect\n|move|p1a: Kyogre|Thunder|p2a: Gliscor\n|-activate|p2a: Gliscor|move: Protect\n|\n|-weather|RainDance|[upkeep]\n|-heal|p2a: Gliscor|68\/100 tox|[from] ability: Poison Heal\n|upkeep\n|turn|16\n|\n|t:|1700331050\n|switch|p2a: Annihilape|Annihilape, F|100\/100\n|-damage|p2a: Annihilape|88\/100|[from] Spikes\n|-damage|p2a: Annihilape|82\/100|[from] Stealth Rock\n|move|p1a: Kyogre|Thunder|p2a: Annihilape\n|-damage|p2a: Annihilape|50\/100\n|\n|-weather|RainDance|[upkeep]\n|-heal|p2a: Annihilape|56\/100|[from] item: Leftovers\n|upkeep\n|turn|17\n|\n|t:|1700331057\n|move|p1a: Kyogre|Origin Pulse|p2a: Annihilape|[miss]\n|-miss|p1a: Kyogre|p2a: Annihilape\n|move|p2a: Annihilape|Rage Fist|p1a: Kyogre\n|-damage|p1a: Kyogre|45\/100\n|\n|-weather|RainDance|[upkeep]\n|-heal|p2a: Annihilape|62\/100|[from] item: Leftovers\n|upkeep\n|turn|18\n|\n|t:|1700331065\n|move|p1a: Kyogre|Origin Pulse|p2a: Annihilape\n|-damage|p2a: Annihilape|0 fnt\n|faint|p2a: Annihilape\n|\n|-weather|none\n|upkeep\n|\n|t:|1700331072\n|switch|p2a: Urshifu|Urshifu-Rapid-Strike, M|76\/100\n|-damage|p2a: Urshifu|64\/100|[from] Spikes\n|-damage|p2a: Urshifu|57\/100|[from] Stealth Rock\n|turn|19\n|\n|t:|1700331081\n|switch|p1a: Eternatus|Eternatus|69\/100\n|-ability|p1a: Eternatus|Pressure\n|move|p2a: Urshifu|Close Combat|p1a: Eternatus\n|-resisted|p1a: Eternatus\n|-crit|p1a: Eternatus\n|-damage|p1a: Eternatus|17\/100\n|-unboost|p2a: Urshifu|def|1\n|-unboost|p2a: Urshifu|spd|1\n|\n|upkeep\n|turn|20\n|\n|t:|1700331083\n|move|p1a: Eternatus|Recover|p1a: Eternatus\n|-heal|p1a: Eternatus|67\/100\n|move|p2a: Urshifu|Close Combat|p1a: Eternatus\n|-resisted|p1a: Eternatus\n|-crit|p1a: Eternatus\n|-damage|p1a: Eternatus|20\/100\n|-unboost|p2a: Urshifu|def|1\n|-unboost|p2a: Urshifu|spd|1\n|\n|upkeep\n|turn|21\n|\n|t:|1700331089\n|switch|p2a: Ribombee|Ribombee, M|70\/100 tox\n|-damage|p2a: Ribombee|58\/100 tox|[from] Spikes\n|-damage|p2a: Ribombee|33\/100 tox|[from] Stealth Rock\n|move|p1a: Eternatus|Recover|p1a: Eternatus\n|-heal|p1a: Eternatus|70\/100\n|\n|-damage|p2a: Ribombee|27\/100 tox|[from] psn\n|upkeep\n|turn|22\n|\n|t:|1700331097\n|move|p2a: Ribombee|Moonblast|p1a: Eternatus\n|-damage|p1a: Eternatus|46\/100\n|move|p1a: Eternatus|Recover|p1a: Eternatus\n|-heal|p1a: Eternatus|96\/100\n|\n|-damage|p2a: Ribombee|14\/100 tox|[from] psn\n|upkeep\n|turn|23\n|\n|t:|1700331102\n|move|p2a: Ribombee|Moonblast|p1a: Eternatus\n|-damage|p1a: Eternatus|73\/100\n|-unboost|p1a: Eternatus|spa|1\n|move|p1a: Eternatus|Recover|p1a: Eternatus\n|-heal|p1a: Eternatus|100\/100\n|\n|-damage|p2a: Ribombee|0 fnt|[from] psn\n|faint|p2a: Ribombee\n|upkeep\n|\n|t:|1700331107\n|switch|p2a: Gliscor|Gliscor, F, tera:Water|68\/100 tox\n|-damage|p2a: Gliscor|55\/100 tox|[from] Spikes\n|-damage|p2a: Gliscor|43\/100 tox|[from] Stealth Rock\n|turn|24\n|\n|t:|1700331121\n|switch|p1a: Kyogre|Kyogre|45\/100\n|-activate|p1a: Kyogre|move: Sticky Web\n|-unboost|p1a: Kyogre|spe|1\n|-weather|RainDance|[from] ability: Drizzle|[of] p1a: Kyogre\n|move|p2a: Gliscor|Earthquake|p1a: Kyogre\n|-damage|p1a: Kyogre|15\/100\n|\n|-weather|RainDance|[upkeep]\n|-heal|p2a: Gliscor|55\/100 tox|[from] ability: Poison Heal\n|upkeep\n|turn|25\n|\n|t:|1700331127\n|move|p2a: Gliscor|Earthquake|p1a: Kyogre\n|-damage|p1a: Kyogre|0 fnt\n|faint|p1a: Kyogre\n|\n|-weather|RainDance|[upkeep]\n|-heal|p2a: Gliscor|68\/100 tox|[from] ability: Poison Heal\n|upkeep\n|\n|t:|1700331128\n|switch|p1a: Arceus|Arceus|100\/100\n|-activate|p1a: Arceus|move: Sticky Web\n|-unboost|p1a: Arceus|spe|1\n|turn|26\n|\n|t:|1700331134\n|move|p2a: Gliscor|Knock Off|p1a: Arceus\n|-damage|p1a: Arceus|79\/100\n|-enditem|p1a: Arceus|Lum Berry|[from] move: Knock Off|[of] p2a: Gliscor\n|move|p1a: Arceus|Swords Dance|p1a: Arceus\n|-boost|p1a: Arceus|atk|2\n|\n|-weather|RainDance|[upkeep]\n|-heal|p2a: Gliscor|80\/100 tox|[from] ability: Poison Heal\n|upkeep\n|turn|27\n|\n|t:|1700331142\n|-terastallize|p1a: Arceus|Normal\n|move|p2a: Gliscor|Protect|p2a: Gliscor\n|-singleturn|p2a: Gliscor|Protect\n|move|p1a: Arceus|Extreme Speed|p2a: Gliscor\n|-activate|p2a: Gliscor|move: Protect\n|\n|-weather|RainDance|[upkeep]\n|-heal|p2a: Gliscor|92\/100 tox|[from] ability: Poison Heal\n|upkeep\n|turn|28\n|\n|t:|1700331146\n|move|p2a: Gliscor|Earthquake|p1a: Arceus\n|-damage|p1a: Arceus|49\/100\n|move|p1a: Arceus|Shadow Claw|p2a: Gliscor\n|-damage|p2a: Gliscor|44\/100 tox\n|\n|-weather|none\n|-heal|p2a: Gliscor|56\/100 tox|[from] ability: Poison Heal\n|upkeep\n|turn|29\n|\n|t:|1700331154\n|move|p2a: Gliscor|Protect|p2a: Gliscor\n|-singleturn|p2a: Gliscor|Protect\n|move|p1a: Arceus|Extreme Speed|p2a: Gliscor\n|-activate|p2a: Gliscor|move: Protect\n|\n|-heal|p2a: Gliscor|69\/100 tox|[from] ability: Poison Heal\n|upkeep\n|turn|30\n|\n|t:|1700331157\n|move|p2a: Gliscor|Facade|p1a: Arceus\n|-damage|p1a: Arceus|18\/100\n|move|p1a: Arceus|Shadow Claw|p2a: Gliscor\n|-damage|p2a: Gliscor|17\/100 tox\n|\n|-heal|p2a: Gliscor|29\/100 tox|[from] ability: Poison Heal\n|upkeep\n|turn|31\n|\n|t:|1700331163\n|move|p2a: Gliscor|Protect|p2a: Gliscor\n|-singleturn|p2a: Gliscor|Protect\n|move|p1a: Arceus|Extreme Speed|p2a: Gliscor\n|-activate|p2a: Gliscor|move: Protect\n|\n|-heal|p2a: Gliscor|42\/100 tox|[from] ability: Poison Heal\n|upkeep\n|turn|32\n|\n|t:|1700331165\n|move|p1a: Arceus|Extreme Speed|p2a: Gliscor\n|-damage|p2a: Gliscor|0 fnt\n|faint|p2a: Gliscor\n|\n|upkeep\n|\n|t:|1700331169\n|switch|p2a: Skeledirge|Skeledirge, F|100\/100\n|-damage|p2a: Skeledirge|88\/100|[from] Spikes\n|-damage|p2a: Skeledirge|63\/100|[from] Stealth Rock\n|turn|33\n|\n|t:|1700331173\n|move|p1a: Arceus|Shadow Claw|p2a: Skeledirge\n|-supereffective|p2a: Skeledirge\n|-damage|p2a: Skeledirge|25\/100\n|move|p2a: Skeledirge|Torch Song|p1a: Arceus\n|-damage|p1a: Arceus|0 fnt\n|-boost|p2a: Skeledirge|spa|1\n|faint|p1a: Arceus\n|\n|-heal|p2a: Skeledirge|31\/100|[from] item: Leftovers\n|upkeep\n|\n|t:|1700331180\n|switch|p1a: Eternatus|Eternatus|100\/100\n|-ability|p1a: Eternatus|Pressure\n|turn|34\n|\n|t:|1700331184\n|move|p1a: Eternatus|Dynamax Cannon|p2a: Skeledirge\n|-damage|p2a: Skeledirge|0 fnt\n|faint|p2a: Skeledirge\n|\n|upkeep\n|\n|t:|1700331186\n|switch|p2a: Urshifu|Urshifu-Rapid-Strike, M|57\/100\n|-damage|p2a: Urshifu|45\/100|[from] Spikes\n|-damage|p2a: Urshifu|39\/100|[from] Stealth Rock\n|turn|35\n|\n|t:|1700331189\n|move|p1a: Eternatus|Dynamax Cannon|p2a: Urshifu\n|-damage|p2a: Urshifu|0 fnt\n|faint|p2a: Urshifu\n|\n|win|GammaGoGamma\n|n|\u2606GammaGoGamma|gammagogamma\n|n|\u2606tocsiqwaste|tocsiqwaste\n|l|\u2606tocsiqwaste\n","uploadtime":1700331195,"views":5,"p1id":"gammagogamma","p2id":"tocsiqwaste","formatid":"gen9ubers","rating":0,"private":0,"password":""}