{"id":"gen9ubers-1994445604","p1":"azurviz","p2":"MonkeyManStan","format":"[Gen 9] Ubers","log":"|j|\u2606azurviz\n|j|\u2606MonkeyManStan\n|t:|1700444783\n|gametype|singles\n|player|p1|azurviz|teacher|\n|player|p2|MonkeyManStan|chili|\n|teamsize|p1|6\n|teamsize|p2|6\n|gen|9\n|tier|[Gen 9] Ubers\n|rule|Sleep Clause Mod: Limit one foe put to sleep\n|rule|Species Clause: Limit one of each Pok\u00e9mon\n|rule|OHKO Clause: OHKO moves are banned\n|rule|Evasion Items Clause: Evasion items are banned\n|rule|Evasion Moves Clause: Evasion moves are banned\n|rule|Endless Battle Clause: Forcing endless battles is banned\n|rule|HP Percentage Mod: HP is shown in percentages\n|clearpoke\n|poke|p1|Ribombee, M|\n|poke|p1|Rotom|\n|poke|p1|Hoopa-Unbound|\n|poke|p1|Gholdengo|\n|poke|p1|Gliscor, M|\n|poke|p1|Vaporeon, M|\n|poke|p2|Tornadus-Therian, M|\n|poke|p2|Kilowattrel, F|\n|poke|p2|Politoed, M|\n|poke|p2|Manaphy|\n|poke|p2|Gastrodon-East, M|\n|poke|p2|Overqwil, F|\n|teampreview\n|j| Ace_T_24\n|c|\u2606azurviz|glhf :)\n|j| Join PUDL 420\n|c|\u2606MonkeyManStan|glhf!\n|j| NEdgyman\n|j| PorygonTheBot\n|c| PorygonTheBot|y'all suck\n|\n|t:|1700444935\n|start\n|switch|p1a: Ribombee|Ribombee, M|100\/100\n|switch|p2a: Politoed|Politoed, M, shiny|100\/100\n|-weather|RainDance|[from] ability: Drizzle|[of] p2a: Politoed\n|turn|1\n|\n|t:|1700444955\n|switch|p2a: Kilowattrel|Kilowattrel, F|100\/100\n|move|p1a: Ribombee|Sticky Web|p2a: Kilowattrel\n|-sidestart|p2: MonkeyManStan|move: Sticky Web\n|\n|-weather|RainDance|[upkeep]\n|upkeep\n|turn|2\n|\n|t:|1700445005\n|move|p1a: Ribombee|U-turn|p2a: Kilowattrel\n|-resisted|p2a: Kilowattrel\n|-damage|p2a: Kilowattrel|89\/100\n|\n|t:|1700445011\n|switch|p1a: Gholdengo|Gholdengo|100\/100|[from] U-turn\n|move|p2a: Kilowattrel|Hurricane|p1a: Gholdengo\n|-resisted|p1a: Gholdengo\n|-damage|p1a: Gholdengo|69\/100\n|\n|-weather|RainDance|[upkeep]\n|upkeep\n|turn|3\n|j| BPLD\n|\n|t:|1700445092\n|move|p1a: Gholdengo|Shadow Ball|p2a: Kilowattrel\n|-damage|p2a: Kilowattrel|13\/100\n|move|p2a: Kilowattrel|Weather Ball|p1a: Gholdengo\n|-damage|p1a: Gholdengo|13\/100\n|\n|-weather|RainDance|[upkeep]\n|upkeep\n|turn|4\n|\n|t:|1700445114\n|switch|p2a: Tornadus|Tornadus-Therian, M, shiny|100\/100\n|move|p1a: Gholdengo|Shadow Ball|p2a: Tornadus\n|-damage|p2a: Tornadus|68\/100\n|-unboost|p2a: Tornadus|spd|1\n|\n|-weather|RainDance|[upkeep]\n|upkeep\n|turn|5\n|\n|t:|1700445199\n|switch|p1a: Rotom|Rotom|100\/100\n|switch|p2a: Overqwil|Overqwil, F|100\/100\n|-activate|p2a: Overqwil|move: Sticky Web\n|-unboost|p2a: Overqwil|spe|1\n|\n|-weather|RainDance|[upkeep]\n|upkeep\n|turn|6\n|\n|t:|1700445259\n|move|p1a: Rotom|Thunder|p2a: Overqwil\n|-damage|p2a: Overqwil|25\/100\n|move|p2a: Overqwil|Crunch|p1a: Rotom\n|-supereffective|p1a: Rotom\n|-damage|p1a: Rotom|0 fnt\n|faint|p1a: Rotom\n|\n|-weather|RainDance|[upkeep]\n|-heal|p2a: Overqwil|31\/100|[from] item: Black Sludge\n|upkeep\n|\n|t:|1700445283\n|switch|p1a: Ribombee|Ribombee, M|100\/100\n|turn|7\n|\n|t:|1700445302\n|switch|p2a: Gastrodon|Gastrodon-East, M, shiny|100\/100\n|-activate|p2a: Gastrodon|move: Sticky Web\n|-unboost|p2a: Gastrodon|spe|1\n|move|p1a: Ribombee|Moonblast|p2a: Gastrodon\n|-damage|p2a: Gastrodon|61\/100\n|-unboost|p2a: Gastrodon|spa|1\n|\n|-weather|RainDance|[upkeep]\n|-heal|p2a: Gastrodon|67\/100|[from] item: Leftovers\n|upkeep\n|turn|8\n|\n|t:|1700445344\n|move|p1a: Ribombee|Moonblast|p2a: Gastrodon\n|-damage|p2a: Gastrodon|27\/100\n|-unboost|p2a: Gastrodon|spa|1\n|move|p2a: Gastrodon|Stealth Rock|p1a: Ribombee\n|-sidestart|p1: azurviz|move: Stealth Rock\n|\n|-weather|none\n|-heal|p2a: Gastrodon|33\/100|[from] item: Leftovers\n|upkeep\n|turn|9\n|\n|t:|1700445397\n|switch|p2a: Tornadus|Tornadus-Therian, M, shiny|100\/100\n|move|p1a: Ribombee|Moonblast|p2a: Tornadus\n|-damage|p2a: Tornadus|71\/100\n|\n|upkeep\n|turn|10\n|\n|t:|1700445436\n|switch|p1a: Vaporeon|Vaporeon, M|100\/100\n|-damage|p1a: Vaporeon|88\/100|[from] Stealth Rock\n|move|p2a: Tornadus|Knock Off|p1a: Vaporeon\n|-damage|p1a: Vaporeon|67\/100\n|-enditem|p1a: Vaporeon|Leftovers|[from] move: Knock Off|[of] p2a: Tornadus\n|\n|upkeep\n|turn|11\n|\n|t:|1700445480\n|move|p2a: Tornadus|U-turn|p1a: Vaporeon\n|-damage|p1a: Vaporeon|51\/100\n|j| zLayton\n|\n|t:|1700445511\n|switch|p2a: Politoed|Politoed, M, shiny|100\/100|[from] U-turn\n|-activate|p2a: Politoed|move: Sticky Web\n|-unboost|p2a: Politoed|spe|1\n|-weather|RainDance|[from] ability: Drizzle|[of] p2a: Politoed\n|move|p1a: Vaporeon|Wish|p1a: Vaporeon\n|\n|-weather|RainDance|[upkeep]\n|upkeep\n|turn|12\n|\n|t:|1700445577\n|move|p1a: Vaporeon|Yawn|p2a: Politoed\n|-start|p2a: Politoed|move: Yawn|[of] p1a: Vaporeon\n|move|p2a: Politoed|Mud Shot|p1a: Vaporeon\n|-damage|p1a: Vaporeon|44\/100\n|-unboost|p1a: Vaporeon|spe|1\n|\n|-weather|RainDance|[upkeep]\n|-heal|p1a: Vaporeon|94\/100|[from] move: Wish|[wisher] Vaporeon\n|upkeep\n|turn|13\n|\n|t:|1700445620\n|switch|p2a: Tornadus|Tornadus-Therian, M, shiny|100\/100\n|move|p1a: Vaporeon|Wish|p1a: Vaporeon\n|\n|-weather|RainDance|[upkeep]\n|upkeep\n|turn|14\n|\n|t:|1700445635\n|move|p2a: Tornadus|Knock Off|p1a: Vaporeon\n|-damage|p1a: Vaporeon|80\/100\n|move|p1a: Vaporeon|Flip Turn|p2a: Tornadus\n|-damage|p2a: Tornadus|78\/100\n|\n|t:|1700445639\n|switch|p1a: Gholdengo|Gholdengo|13\/100|[from] Flip Turn\n|-damage|p1a: Gholdengo|7\/100|[from] Stealth Rock\n|\n|-weather|RainDance|[upkeep]\n|-heal|p1a: Gholdengo|80\/100|[from] move: Wish|[wisher] Vaporeon\n|upkeep\n|turn|15\n|\n|t:|1700445720\n|move|p1a: Gholdengo|Power Gem|p2a: Tornadus\n|-supereffective|p2a: Tornadus\n|-damage|p2a: Tornadus|35\/100\n|move|p2a: Tornadus|Knock Off|p1a: Gholdengo\n|-supereffective|p1a: Gholdengo\n|-damage|p1a: Gholdengo|34\/100\n|-enditem|p1a: Gholdengo|Choice Scarf|[from] move: Knock Off|[of] p2a: Tornadus\n|\n|-weather|RainDance|[upkeep]\n|upkeep\n|turn|16\n|\n|t:|1700445753\n|switch|p2a: Gastrodon|Gastrodon-East, M, shiny|33\/100\n|-activate|p2a: Gastrodon|move: Sticky Web\n|-unboost|p2a: Gastrodon|spe|1\n|switch|p1a: Vaporeon|Vaporeon, M|80\/100\n|-damage|p1a: Vaporeon|67\/100|[from] Stealth Rock\n|\n|-weather|RainDance|[upkeep]\n|-heal|p2a: Gastrodon|39\/100|[from] item: Leftovers\n|upkeep\n|turn|17\n|\n|t:|1700445767\n|move|p1a: Vaporeon|Wish|p1a: Vaporeon\n|move|p2a: Gastrodon|Recover|p2a: Gastrodon\n|-heal|p2a: Gastrodon|89\/100\n|\n|-weather|RainDance|[upkeep]\n|-heal|p2a: Gastrodon|95\/100|[from] item: Leftovers\n|upkeep\n|turn|18\n|\n|t:|1700445775\n|move|p1a: Vaporeon|Flip Turn|p2a: Gastrodon\n|-damage|p2a: Gastrodon|75\/100\n|\n|t:|1700445785\n|switch|p1a: Gliscor|Gliscor, M|100\/100|[from] Flip Turn\n|-damage|p1a: Gliscor|88\/100|[from] Stealth Rock\n|move|p2a: Gastrodon|Spikes|p1a: Gliscor\n|-sidestart|p1: azurviz|Spikes\n|\n|-weather|none\n|-heal|p1a: Gliscor|100\/100|[from] move: Wish|[wisher] Vaporeon\n|-heal|p2a: Gastrodon|81\/100|[from] item: Leftovers\n|-status|p1a: Gliscor|tox|[from] item: Toxic Orb\n|upkeep\n|turn|19\n|\n|t:|1700445807\n|switch|p2a: Politoed|Politoed, M, shiny|100\/100\n|-activate|p2a: Politoed|move: Sticky Web\n|-unboost|p2a: Politoed|spe|1\n|-weather|RainDance|[from] ability: Drizzle|[of] p2a: Politoed\n|move|p1a: Gliscor|Stealth Rock|p2a: Politoed\n|-sidestart|p2: MonkeyManStan|move: Stealth Rock\n|\n|-weather|RainDance|[upkeep]\n|upkeep\n|turn|20\n|\n|t:|1700445823\n|switch|p1a: Vaporeon|Vaporeon, M|67\/100\n|-damage|p1a: Vaporeon|55\/100|[from] Stealth Rock\n|-damage|p1a: Vaporeon|43\/100|[from] Spikes\n|switch|p2a: Overqwil|Overqwil, F|31\/100\n|-activate|p2a: Overqwil|move: Sticky Web\n|-unboost|p2a: Overqwil|spe|1\n|-damage|p2a: Overqwil|19\/100|[from] Stealth Rock\n|\n|-weather|RainDance|[upkeep]\n|-heal|p2a: Overqwil|25\/100|[from] item: Black Sludge\n|upkeep\n|turn|21\n|l| BPLD\n|\n|t:|1700445845\n|move|p2a: Overqwil|Swords Dance|p2a: Overqwil\n|-boost|p2a: Overqwil|atk|2\n|move|p1a: Vaporeon|Wish|p1a: Vaporeon\n|\n|-weather|RainDance|[upkeep]\n|-heal|p2a: Overqwil|31\/100|[from] item: Black Sludge\n|upkeep\n|turn|22\n|\n|t:|1700445999\n|switch|p1a: Gliscor|Gliscor, M|100\/100 tox\n|-damage|p1a: Gliscor|88\/100 tox|[from] Stealth Rock\n|move|p2a: Overqwil|Crunch|p1a: Gliscor\n|-damage|p1a: Gliscor|40\/100 tox\n|\n|-weather|RainDance|[upkeep]\n|-heal|p1a: Gliscor|100\/100 tox|[from] move: Wish|[wisher] Vaporeon\n|-heal|p2a: Overqwil|37\/100|[from] item: Black Sludge\n|upkeep\n|turn|23\n|\n|t:|1700446036\n|move|p2a: Overqwil|Liquidation|p1a: Gliscor\n|-supereffective|p1a: Gliscor\n|-damage|p1a: Gliscor|0 fnt\n|faint|p1a: Gliscor\n|\n|-weather|RainDance|[upkeep]\n|-heal|p2a: Overqwil|43\/100|[from] item: Black Sludge\n|upkeep\n|\n|t:|1700446074\n|switch|p1a: Ribombee|Ribombee, M|100\/100\n|-damage|p1a: Ribombee|76\/100|[from] Stealth Rock\n|-damage|p1a: Ribombee|63\/100|[from] Spikes\n|turn|24\n|\n|t:|1700446153\n|switch|p2a: Tornadus|Tornadus-Therian, M, shiny|68\/100\n|-damage|p2a: Tornadus|43\/100|[from] Stealth Rock\n|move|p1a: Ribombee|Moonblast|p2a: Tornadus\n|-crit|p2a: Tornadus\n|-damage|p2a: Tornadus|0 fnt\n|faint|p2a: Tornadus\n|\n|-weather|RainDance|[upkeep]\n|upkeep\n|\n|t:|1700446173\n|switch|p2a: Manaphy|Manaphy|100\/100\n|-activate|p2a: Manaphy|move: Sticky Web\n|-unboost|p2a: Manaphy|spe|1\n|-damage|p2a: Manaphy|88\/100|[from] Stealth Rock\n|turn|25\n|\n|t:|1700446229\n|switch|p1a: Vaporeon|Vaporeon, M|43\/100\n|-damage|p1a: Vaporeon|31\/100|[from] Stealth Rock\n|-damage|p1a: Vaporeon|18\/100|[from] Spikes\n|move|p2a: Manaphy|Take Heart|p2a: Manaphy\n|-boost|p2a: Manaphy|spa|1\n|-boost|p2a: Manaphy|spd|1\n|\n|-weather|RainDance|[upkeep]\n|-heal|p2a: Manaphy|94\/100|[from] item: Leftovers\n|upkeep\n|turn|26\n|\n|t:|1700446321\n|switch|p2a: Kilowattrel|Kilowattrel, F|13\/100\n|move|p1a: Vaporeon|Wish|p1a: Vaporeon\n|\n|-weather|none\n|upkeep\n|turn|27\n|\n|t:|1700446380\n|move|p2a: Kilowattrel|U-turn|p1a: Vaporeon\n|-damage|p1a: Vaporeon|6\/100\n|\n|t:|1700446399\n|switch|p2a: Politoed|Politoed, M, shiny|100\/100|[from] U-turn\n|-activate|p2a: Politoed|move: Sticky Web\n|-unboost|p2a: Politoed|spe|1\n|-damage|p2a: Politoed|88\/100|[from] Stealth Rock\n|-weather|RainDance|[from] ability: Drizzle|[of] p2a: Politoed\n|move|p1a: Vaporeon|Yawn|p2a: Politoed\n|-start|p2a: Politoed|move: Yawn|[of] p1a: Vaporeon\n|\n|-weather|RainDance|[upkeep]\n|-heal|p1a: Vaporeon|56\/100|[from] move: Wish|[wisher] Vaporeon\n|upkeep\n|turn|28\n|\n|t:|1700446432\n|switch|p2a: Gastrodon|Gastrodon-East, M, shiny|81\/100\n|-activate|p2a: Gastrodon|move: Sticky Web\n|-unboost|p2a: Gastrodon|spe|1\n|-damage|p2a: Gastrodon|75\/100|[from] Stealth Rock\n|move|p1a: Vaporeon|Wish|p1a: Vaporeon\n|\n|-weather|RainDance|[upkeep]\n|-heal|p2a: Gastrodon|81\/100|[from] item: Leftovers\n|upkeep\n|turn|29\n|\n|t:|1700446450\n|move|p1a: Vaporeon|Yawn|p2a: Gastrodon\n|-start|p2a: Gastrodon|move: Yawn|[of] p1a: Vaporeon\n|move|p2a: Gastrodon|Earth Power|p1a: Vaporeon\n|-damage|p1a: Vaporeon|36\/100\n|\n|-weather|RainDance|[upkeep]\n|-heal|p1a: Vaporeon|86\/100|[from] move: Wish|[wisher] Vaporeon\n|-heal|p2a: Gastrodon|87\/100|[from] item: Leftovers\n|upkeep\n|turn|30\n|\n|t:|1700446469\n|switch|p2a: Overqwil|Overqwil, F|43\/100\n|-activate|p2a: Overqwil|move: Sticky Web\n|-unboost|p2a: Overqwil|spe|1\n|-damage|p2a: Overqwil|31\/100|[from] Stealth Rock\n|move|p1a: Vaporeon|Wish|p1a: Vaporeon\n|\n|-weather|RainDance|[upkeep]\n|-heal|p2a: Overqwil|37\/100|[from] item: Black Sludge\n|upkeep\n|turn|31\n|\n|t:|1700446481\n|move|p2a: Overqwil|Toxic Spikes|p1a: Vaporeon\n|-sidestart|p1: azurviz|move: Toxic Spikes\n|move|p1a: Vaporeon|Flip Turn|p2a: Overqwil\n|-damage|p2a: Overqwil|14\/100\n|\n|t:|1700446520\n|switch|p1a: Gholdengo|Gholdengo|34\/100|[from] Flip Turn\n|-damage|p1a: Gholdengo|28\/100|[from] Stealth Rock\n|-damage|p1a: Gholdengo|15\/100|[from] Spikes\n|\n|-weather|RainDance|[upkeep]\n|-heal|p1a: Gholdengo|89\/100|[from] move: Wish|[wisher] Vaporeon\n|-heal|p2a: Overqwil|20\/100|[from] item: Black Sludge\n|upkeep\n|turn|32\n|\n|t:|1700446567\n|move|p2a: Overqwil|Crunch|p1a: Gholdengo\n|-supereffective|p1a: Gholdengo\n|-crit|p1a: Gholdengo\n|-damage|p1a: Gholdengo|0 fnt\n|faint|p1a: Gholdengo\n|\n|-weather|RainDance|[upkeep]\n|-heal|p2a: Overqwil|26\/100|[from] item: Black Sludge\n|upkeep\n|\n|t:|1700446683\n|switch|p1a: Vaporeon|Vaporeon, M|86\/100\n|-damage|p1a: Vaporeon|74\/100|[from] Stealth Rock\n|-damage|p1a: Vaporeon|61\/100|[from] Spikes\n|-status|p1a: Vaporeon|psn\n|turn|33\n|\n|t:|1700446702\n|move|p2a: Overqwil|Swords Dance|p2a: Overqwil\n|-boost|p2a: Overqwil|atk|2\n|move|p1a: Vaporeon|Flip Turn|p2a: Overqwil\n|-damage|p2a: Overqwil|4\/100\n|\n|t:|1700446714\n|switch|p1a: Ribombee|Ribombee, M|63\/100|[from] Flip Turn\n|-damage|p1a: Ribombee|38\/100|[from] Stealth Rock\n|-damage|p1a: Ribombee|26\/100|[from] Spikes\n|-status|p1a: Ribombee|psn\n|\n|-weather|RainDance|[upkeep]\n|-heal|p2a: Overqwil|10\/100|[from] item: Black Sludge\n|-damage|p1a: Ribombee|14\/100 psn|[from] psn\n|upkeep\n|turn|34\n|\n|t:|1700446734\n|switch|p2a: Gastrodon|Gastrodon-East, M, shiny|87\/100\n|-activate|p2a: Gastrodon|move: Sticky Web\n|-unboost|p2a: Gastrodon|spe|1\n|-damage|p2a: Gastrodon|81\/100|[from] Stealth Rock\n|move|p1a: Ribombee|Moonblast|p2a: Gastrodon\n|-damage|p2a: Gastrodon|40\/100\n|\n|-weather|none\n|-heal|p2a: Gastrodon|46\/100|[from] item: Leftovers\n|-damage|p1a: Ribombee|2\/100 psn|[from] psn\n|upkeep\n|turn|35\n|j| TheJuicyJake\n|\n|t:|1700446834\n|move|p1a: Ribombee|Moonblast|p2a: Gastrodon\n|-damage|p2a: Gastrodon|5\/100\n|move|p2a: Gastrodon|Recover|p2a: Gastrodon\n|-heal|p2a: Gastrodon|55\/100\n|\n|-heal|p2a: Gastrodon|61\/100|[from] item: Leftovers\n|-damage|p1a: Ribombee|0 fnt|[from] psn\n|faint|p1a: Ribombee\n|upkeep\n|\n|t:|1700446841\n|switch|p1a: Hoopa|Hoopa-Unbound|100\/100\n|-damage|p1a: Hoopa|88\/100|[from] Stealth Rock\n|-damage|p1a: Hoopa|76\/100|[from] Spikes\n|-status|p1a: Hoopa|psn\n|turn|36\n|l| zLayton\n|\n|t:|1700446869\n|switch|p2a: Overqwil|Overqwil, F|10\/100\n|-activate|p2a: Overqwil|move: Sticky Web\n|-unboost|p2a: Overqwil|spe|1\n|-damage|p2a: Overqwil|0 fnt|[from] Stealth Rock\n|faint|p2a: Overqwil\n|move|p1a: Hoopa|Energy Ball|p2: Overqwil|[notarget]\n|-fail|p1a: Hoopa\n|\n|-damage|p1a: Hoopa|64\/100 psn|[from] psn\n|upkeep\n|l| TheJuicyJake\n|\n|t:|1700446881\n|switch|p2a: Politoed|Politoed, M, shiny|88\/100\n|-activate|p2a: Politoed|move: Sticky Web\n|-unboost|p2a: Politoed|spe|1\n|-damage|p2a: Politoed|75\/100|[from] Stealth Rock\n|-weather|RainDance|[from] ability: Drizzle|[of] p2a: Politoed\n|turn|37\n|\n|t:|1700446906\n|-terastallize|p2a: Politoed|Steel\n|move|p1a: Hoopa|Thunderbolt|p2a: Politoed\n|-crit|p2a: Politoed\n|-damage|p2a: Politoed|10\/100\n|-damage|p1a: Hoopa|54\/100 psn|[from] item: Life Orb\n|move|p2a: Politoed|Mud Shot|p1a: Hoopa\n|-damage|p1a: Hoopa|43\/100 psn\n|-unboost|p1a: Hoopa|spe|1\n|\n|-weather|RainDance|[upkeep]\n|-damage|p1a: Hoopa|31\/100 psn|[from] psn\n|upkeep\n|turn|38\n|\n|t:|1700446927\n|move|p1a: Hoopa|Energy Ball|p2a: Politoed\n|-resisted|p2a: Politoed\n|-damage|p2a: Politoed|0 fnt\n|faint|p2a: Politoed\n|-damage|p1a: Hoopa|21\/100 psn|[from] item: Life Orb\n|\n|-weather|RainDance|[upkeep]\n|-damage|p1a: Hoopa|8\/100 psn|[from] psn\n|upkeep\n|\n|t:|1700446947\n|switch|p2a: Kilowattrel|Kilowattrel, F|13\/100\n|turn|39\n|\n|t:|1700446957\n|move|p2a: Kilowattrel|Thunder|p1a: Hoopa\n|-damage|p1a: Hoopa|0 fnt\n|faint|p1a: Hoopa\n|\n|-weather|RainDance|[upkeep]\n|upkeep\n|\n|t:|1700446960\n|switch|p1a: Vaporeon|Vaporeon, M|61\/100 psn\n|-damage|p1a: Vaporeon|49\/100 psn|[from] Stealth Rock\n|-damage|p1a: Vaporeon|37\/100 psn|[from] Spikes\n|turn|40\n|\n|t:|1700446966\n|move|p2a: Kilowattrel|Thunder|p1a: Vaporeon\n|-supereffective|p1a: Vaporeon\n|-damage|p1a: Vaporeon|0 fnt\n|faint|p1a: Vaporeon\n|\n|win|MonkeyManStan\n|c|\u2606MonkeyManStan|ggs\n|l| PorygonTheBot\n","uploadtime":1700446968,"views":11,"p1id":"azurviz","p2id":"monkeymanstan","formatid":"gen9ubers","rating":0,"private":0,"password":""}