{"id":"gen9ubers-2000124730","p1":"It's Garchover","p2":"UbersNub","format":"[Gen 9] Ubers","log":"|j|\u2606It's Garchover\n|j|\u2606UbersNub\n|t:|1701159277\n|gametype|singles\n|player|p1|It's Garchover|unknown|1000\n|player|p2|UbersNub|iris|1096\n|teamsize|p1|6\n|teamsize|p2|6\n|gen|9\n|tier|[Gen 9] Ubers\n|rated|\n|rule|Sleep Clause Mod: Limit one foe put to sleep\n|rule|Species Clause: Limit one of each Pok\u00e9mon\n|rule|OHKO Clause: OHKO moves are banned\n|rule|Evasion Items Clause: Evasion items are banned\n|rule|Evasion Moves Clause: Evasion moves are banned\n|rule|Endless Battle Clause: Forcing endless battles is banned\n|rule|HP Percentage Mod: HP is shown in percentages\n|clearpoke\n|poke|p1|Annihilape, M|\n|poke|p1|Magearna|\n|poke|p1|Garganacl, F|\n|poke|p1|Azelf|\n|poke|p1|Kingambit, F|\n|poke|p1|Flutter Mane|\n|poke|p2|Zacian-*|\n|poke|p2|Mewtwo|\n|poke|p2|Miraidon|\n|poke|p2|Koraidon|\n|poke|p2|Kyogre|\n|poke|p2|Arceus|\n|teampreview\n|inactive|Battle timer is ON: inactive players will automatically lose when time's up. (requested by UbersNub)\n|\n|t:|1701159281\n|start\n|switch|p1a: Azelf|Azelf|100\/100\n|switch|p2a: Zacian|Zacian-Crowned|100\/100\n|-ability|p2a: Zacian|Intrepid Sword|boost\n|-boost|p2a: Zacian|atk|1\n|turn|1\n|\n|t:|1701159289\n|move|p2a: Zacian|Behemoth Blade|p1a: Azelf\n|-enditem|p1a: Azelf|Focus Sash\n|-damage|p1a: Azelf|1\/100\n|move|p1a: Azelf|Stealth Rock|p2a: Zacian\n|-sidestart|p2: UbersNub|move: Stealth Rock\n|\n|upkeep\n|turn|2\n|\n|t:|1701159299\n|move|p2a: Zacian|Swords Dance|p2a: Zacian\n|-boost|p2a: Zacian|atk|2\n|move|p1a: Azelf|Explosion|p2a: Zacian\n|-resisted|p2a: Zacian\n|-damage|p2a: Zacian|62\/100\n|faint|p1a: Azelf\n|\n|upkeep\n|\n|t:|1701159308\n|switch|p1a: Annihilape|Annihilape, M|100\/100\n|turn|3\n|\n|t:|1701159318\n|move|p1a: Annihilape|Final Gambit|p2a: Zacian\n|-damage|p2a: Zacian|0 fnt\n|faint|p1a: Annihilape\n|faint|p2a: Zacian\n|\n|upkeep\n|\n|t:|1701159334\n|switch|p2a: Miraidon|Miraidon|100\/100\n|switch|p1a: Garganacl|Garganacl, F|100\/100\n|-damage|p2a: Miraidon|88\/100|[from] Stealth Rock\n|-fieldstart|move: Electric Terrain|[from] ability: Hadron Engine|[of] p2a: Miraidon\n|turn|4\n|\n|t:|1701159347\n|move|p2a: Miraidon|Electro Drift|p1a: Garganacl\n|-damage|p1a: Garganacl|0 fnt\n|faint|p1a: Garganacl\n|-damage|p2a: Miraidon|78\/100|[from] item: Life Orb\n|\n|upkeep\n|\n|t:|1701159364\n|switch|p1a: Magearna|Magearna|100\/100\n|turn|5\n|\n|t:|1701159375\n|move|p2a: Miraidon|Dazzling Gleam|p1a: Magearna\n|-resisted|p1a: Magearna\n|-damage|p1a: Magearna|80\/100\n|-damage|p2a: Miraidon|68\/100|[from] item: Life Orb\n|move|p1a: Magearna|Misty Explosion|p2a: Miraidon\n|-supereffective|p2a: Miraidon\n|-damage|p2a: Miraidon|0 fnt\n|faint|p1a: Magearna\n|faint|p2a: Miraidon\n|\n|upkeep\n|\n|t:|1701159389\n|switch|p2a: Koraidon|Koraidon|100\/100\n|switch|p1a: Flutter Meme|Flutter Mane|100\/100\n|-damage|p2a: Koraidon|94\/100|[from] Stealth Rock\n|-weather|SunnyDay|[from] ability: Orichalcum Pulse|[of] p2a: Koraidon\n|-activate|p1a: Flutter Meme|ability: Protosynthesis\n|-start|p1a: Flutter Meme|protosynthesisspe\n|-activate|p2a: Koraidon|Orichalcum Pulse|[source]\n|turn|6\n|\n|t:|1701159403\n|move|p1a: Flutter Meme|Moonblast|p2a: Koraidon\n|-supereffective|p2a: Koraidon\n|-damage|p2a: Koraidon|0 fnt\n|faint|p2a: Koraidon\n|\n|-weather|SunnyDay|[upkeep]\n|upkeep\n|\n|t:|1701159420\n|switch|p2a: Mewtwo|Mewtwo|100\/100\n|-damage|p2a: Mewtwo|88\/100|[from] Stealth Rock\n|-ability|p2a: Mewtwo|Pressure\n|turn|7\n|\n|t:|1701159428\n|move|p1a: Flutter Meme|Shadow Ball|p2a: Mewtwo\n|-supereffective|p2a: Mewtwo\n|-damage|p2a: Mewtwo|0 fnt\n|faint|p2a: Mewtwo\n|\n|-weather|SunnyDay|[upkeep]\n|upkeep\n|\n|t:|1701159444\n|switch|p2a: Arceus|Arceus|100\/100\n|-damage|p2a: Arceus|88\/100|[from] Stealth Rock\n|turn|8\n|\n|t:|1701159449\n|move|p2a: Arceus|Extreme Speed|p1a: Flutter Meme\n|-immune|p1a: Flutter Meme\n|move|p1a: Flutter Meme|Memento|p2a: Arceus\n|-unboost|p2a: Arceus|atk|2\n|-unboost|p2a: Arceus|spa|2\n|faint|p1a: Flutter Meme\n|-end|p1a: Flutter Meme|Protosynthesis|[silent]\n|\n|-weather|SunnyDay|[upkeep]\n|-fieldend|move: Electric Terrain\n|upkeep\n|\n|t:|1701159455\n|switch|p1a: Omegalul|Kingambit, F|100\/100\n|turn|9\n|\n|t:|1701159467\n|move|p2a: Arceus|Earthquake|p1a: Omegalul\n|-supereffective|p1a: Omegalul\n|-damage|p1a: Omegalul|62\/100\n|-damage|p2a: Arceus|78\/100|[from] item: Life Orb\n|move|p1a: Omegalul|Swords Dance|p1a: Omegalul\n|-boost|p1a: Omegalul|atk|2\n|\n|-weather|SunnyDay|[upkeep]\n|-heal|p1a: Omegalul|68\/100|[from] item: Leftovers\n|upkeep\n|turn|10\n|\n|t:|1701159479\n|-terastallize|p1a: Omegalul|Flying\n|move|p2a: Arceus|Extreme Speed|p1a: Omegalul\n|-damage|p1a: Omegalul|46\/100\n|-damage|p2a: Arceus|68\/100|[from] item: Life Orb\n|move|p1a: Omegalul|Swords Dance|p1a: Omegalul\n|-boost|p1a: Omegalul|atk|2\n|\n|-weather|none\n|-heal|p1a: Omegalul|52\/100|[from] item: Leftovers\n|upkeep\n|turn|11\n|\n|t:|1701159499\n|move|p2a: Arceus|Extreme Speed|p1a: Omegalul\n|-crit|p1a: Omegalul\n|-damage|p1a: Omegalul|0 fnt\n|faint|p1a: Omegalul\n|-damage|p2a: Arceus|58\/100|[from] item: Life Orb\n|\n|win|UbersNub\n|raw|It&apos;s Garchover's rating: 1000 &rarr; <strong>1000<\/strong><br \/>(+0 for losing)\n|raw|UbersNub's rating: 1096 &rarr; <strong>1115<\/strong><br \/>(+19 for winning)\n|l|\u2606It's Garchover\n|c|\u2606UbersNub|wow that was a big fluke\n","uploadtime":1701159547,"views":3,"p1id":"itsgarchover","p2id":"ubersnub","formatid":"gen9ubers","rating":1000,"private":0,"password":""}