{"id":"gen9ubers-1996622176","p1":"Skyiewxz","p2":"starvinrizleschild","format":"[Gen 9] Ubers","log":"|j|\u2606Skyiewxz\n|j|\u2606starvinrizleschild\n|t:|1700701727\n|gametype|singles\n|player|p1|Skyiewxz|dawn|1560\n|player|p2|starvinrizleschild|zinzolin|1505\n|teamsize|p1|6\n|teamsize|p2|6\n|gen|9\n|tier|[Gen 9] Ubers\n|rated|\n|rule|Sleep Clause Mod: Limit one foe put to sleep\n|rule|Species Clause: Limit one of each Pok\u00e9mon\n|rule|OHKO Clause: OHKO moves are banned\n|rule|Evasion Items Clause: Evasion items are banned\n|rule|Evasion Moves Clause: Evasion moves are banned\n|rule|Endless Battle Clause: Forcing endless battles is banned\n|rule|HP Percentage Mod: HP is shown in percentages\n|clearpoke\n|poke|p1|Koraidon|\n|poke|p1|Flutter Mane|\n|poke|p1|Arceus|\n|poke|p1|Miraidon|\n|poke|p1|Ditto|\n|poke|p1|Grimmsnarl, M|\n|poke|p2|Gholdengo|\n|poke|p2|Arceus|\n|poke|p2|Mewtwo|\n|poke|p2|Ribombee, F|\n|poke|p2|Groudon|\n|poke|p2|Koraidon|\n|teampreview\n|inactive|Battle timer is ON: inactive players will automatically lose when time's up. (requested by starvinrizleschild)\n|\n|t:|1700701776\n|start\n|switch|p1a: Grimmsnarl|Grimmsnarl, M|100\/100\n|switch|p2a: Gholdengo|Gholdengo|100\/100\n|-item|p2a: Gholdengo|Air Balloon\n|turn|1\n|\n|t:|1700701791\n|move|p1a: Grimmsnarl|Light Screen|p1a: Grimmsnarl\n|-sidestart|p1: Skyiewxz|move: Light Screen\n|move|p2a: Gholdengo|Nasty Plot|p2a: Gholdengo\n|-boost|p2a: Gholdengo|spa|2\n|\n|upkeep\n|turn|2\n|\n|t:|1700701816\n|switch|p1a: Ditto|Ditto|100\/100\n|-transform|p1a: Ditto|p2a: Gholdengo|[from] ability: Imposter\n|move|p2a: Gholdengo|Make It Rain|p1a: Ditto\n|-resisted|p1a: Ditto\n|-damage|p1a: Ditto|60\/100\n|-unboost|p2a: Gholdengo|spa|1\n|\n|upkeep\n|turn|3\n|\n|t:|1700701840\n|move|p1a: Ditto|Make It Rain|p2a: Gholdengo\n|-resisted|p2a: Gholdengo\n|-damage|p2a: Gholdengo|20\/100\n|-unboost|p1a: Ditto|spa|1\n|-enditem|p2a: Gholdengo|Air Balloon\n|move|p2a: Gholdengo|Shadow Ball|p1a: Ditto\n|-supereffective|p1a: Ditto\n|-damage|p1a: Ditto|0 fnt\n|faint|p1a: Ditto\n|\n|upkeep\n|inactive|Skyiewxz has 120 seconds left.\n|\n|t:|1700701868\n|switch|p1a: Flutter Mane|Flutter Mane|100\/100\n|turn|4\n|\n|t:|1700701879\n|move|p1a: Flutter Mane|Moonblast|p2a: Gholdengo\n|-resisted|p2a: Gholdengo\n|-damage|p2a: Gholdengo|0 fnt\n|faint|p2a: Gholdengo\n|-damage|p1a: Flutter Mane|91\/100|[from] item: Life Orb\n|\n|upkeep\n|\n|t:|1700701887\n|switch|p2a: Ribombee|Ribombee, F|100\/100\n|turn|5\n|\n|t:|1700701904\n|move|p1a: Flutter Mane|Mystical Fire|p2a: Ribombee\n|-supereffective|p2a: Ribombee\n|-enditem|p2a: Ribombee|Focus Sash\n|-damage|p2a: Ribombee|1\/100\n|-damage|p1a: Flutter Mane|81\/100|[from] item: Life Orb\n|move|p2a: Ribombee|Sticky Web|p1a: Flutter Mane\n|-sidestart|p1: Skyiewxz|move: Sticky Web\n|\n|upkeep\n|turn|6\n|\n|t:|1700701908\n|move|p1a: Flutter Mane|Mystical Fire|p2a: Ribombee\n|-supereffective|p2a: Ribombee\n|-damage|p2a: Ribombee|0 fnt\n|faint|p2a: Ribombee\n|-damage|p1a: Flutter Mane|71\/100|[from] item: Life Orb\n|\n|upkeep\n|\n|t:|1700701920\n|switch|p2a: Arceus|Arceus|100\/100\n|turn|7\n|\n|t:|1700701939\n|move|p1a: Flutter Mane|Moonblast|p2a: Arceus\n|-damage|p2a: Arceus|59\/100\n|-damage|p1a: Flutter Mane|61\/100|[from] item: Life Orb\n|move|p2a: Arceus|Shadow Claw|p1a: Flutter Mane\n|-supereffective|p1a: Flutter Mane\n|-damage|p1a: Flutter Mane|0 fnt\n|faint|p1a: Flutter Mane\n|-end|p1a: Flutter Mane|Protosynthesis|[silent]\n|\n|upkeep\n|\n|t:|1700701946\n|switch|p1a: Koraidon|Koraidon|100\/100\n|-activate|p1a: Koraidon|move: Sticky Web\n|-unboost|p1a: Koraidon|spe|1\n|-weather|SunnyDay|[from] ability: Orichalcum Pulse|[of] p1a: Koraidon\n|-activate|p1a: Koraidon|Orichalcum Pulse|[source]\n|turn|8\n|\n|t:|1700701951\n|switch|p2a: Groudon|Groudon|100\/100\n|move|p1a: Koraidon|Collision Course|p2a: Groudon\n|-damage|p2a: Groudon|60\/100\n|\n|-weather|SunnyDay|[upkeep]\n|-heal|p2a: Groudon|66\/100|[from] item: Leftovers\n|-sideend|p1: Skyiewxz|move: Light Screen\n|upkeep\n|turn|9\n|\n|t:|1700701965\n|-terastallize|p1a: Koraidon|Fire\n|move|p1a: Koraidon|Scale Shot|p2a: Groudon\n|-damage|p2a: Groudon|56\/100\n|-damage|p2a: Groudon|45\/100\n|-damage|p2a: Groudon|36\/100\n|-damage|p2a: Groudon|25\/100\n|-damage|p2a: Groudon|15\/100\n|-hitcount|p2a: Groudon|5\n|-unboost|p1a: Koraidon|def|1\n|-boost|p1a: Koraidon|spe|1\n|move|p2a: Groudon|Will-O-Wisp|p1a: Koraidon|[miss]\n|-miss|p2a: Groudon|p1a: Koraidon\n|\n|-weather|SunnyDay|[upkeep]\n|-heal|p2a: Groudon|21\/100|[from] item: Leftovers\n|upkeep\n|turn|10\n|\n|t:|1700701982\n|move|p2a: Groudon|Protect|p2a: Groudon\n|-singleturn|p2a: Groudon|Protect\n|move|p1a: Koraidon|Scale Shot|p2a: Groudon\n|-activate|p2a: Groudon|move: Protect\n|\n|-weather|SunnyDay|[upkeep]\n|-heal|p2a: Groudon|27\/100|[from] item: Leftovers\n|upkeep\n|turn|11\n|inactive|starvinrizleschild has 120 seconds left.\n|\n|t:|1700702026\n|move|p1a: Koraidon|Scale Shot|p2a: Groudon\n|-damage|p2a: Groudon|17\/100\n|-damage|p2a: Groudon|7\/100\n|-crit|p2a: Groudon\n|-damage|p2a: Groudon|0 fnt\n|faint|p2a: Groudon\n|-hitcount|p2: Groudon|3\n|-unboost|p1a: Koraidon|def|1\n|-boost|p1a: Koraidon|spe|1\n|\n|-weather|SunnyDay|[upkeep]\n|upkeep\n|\n|t:|1700702041\n|switch|p2a: Arceus|Arceus|59\/100\n|turn|12\n|\n|t:|1700702043\n|-terastallize|p2a: Arceus|Normal\n|move|p2a: Arceus|Extreme Speed|p1a: Koraidon\n|-damage|p1a: Koraidon|0 fnt\n|faint|p1a: Koraidon\n|\n|-weather|none\n|upkeep\n|\n|t:|1700702050\n|switch|p1a: Grimmsnarl|Grimmsnarl, M|100\/100\n|-activate|p1a: Grimmsnarl|move: Sticky Web\n|-unboost|p1a: Grimmsnarl|spe|1\n|turn|13\n|\n|t:|1700702055\n|move|p1a: Grimmsnarl|Taunt|p2a: Arceus\n|-start|p2a: Arceus|move: Taunt\n|cant|p2a: Arceus|move: Taunt|Taunt\n|\n|upkeep\n|turn|14\n|\n|t:|1700702066\n|move|p2a: Arceus|Extreme Speed|p1a: Grimmsnarl\n|-damage|p1a: Grimmsnarl|20\/100\n|move|p1a: Grimmsnarl|Reflect|p1a: Grimmsnarl\n|-sidestart|p1: Skyiewxz|Reflect\n|\n|upkeep\n|turn|15\n|inactive|Skyiewxz has 120 seconds left.\n|inactive|starvinrizleschild has 120 seconds left.\n|\n|t:|1700702114\n|switch|p2a: Mewtwo|Mewtwo, shiny|100\/100\n|-ability|p2a: Mewtwo|Pressure\n|move|p1a: Grimmsnarl|Light Screen|p1a: Grimmsnarl\n|-sidestart|p1: Skyiewxz|move: Light Screen\n|\n|upkeep\n|turn|16\n|\n|t:|1700702117\n|move|p2a: Mewtwo|Nasty Plot|p2a: Mewtwo\n|-boost|p2a: Mewtwo|spa|2\n|move|p1a: Grimmsnarl|Spirit Break|p2a: Mewtwo\n|-damage|p2a: Mewtwo|68\/100\n|-unboost|p2a: Mewtwo|spa|1\n|\n|upkeep\n|turn|17\n|\n|t:|1700702127\n|move|p2a: Mewtwo|Nasty Plot|p2a: Mewtwo\n|-boost|p2a: Mewtwo|spa|2\n|move|p1a: Grimmsnarl|Spirit Break|p2a: Mewtwo\n|-damage|p2a: Mewtwo|38\/100\n|-unboost|p2a: Mewtwo|spa|1\n|\n|upkeep\n|turn|18\n|\n|t:|1700702144\n|move|p2a: Mewtwo|Nasty Plot|p2a: Mewtwo\n|-boost|p2a: Mewtwo|spa|2\n|move|p1a: Grimmsnarl|Spirit Break|p2a: Mewtwo\n|-damage|p2a: Mewtwo|6\/100\n|-unboost|p2a: Mewtwo|spa|1\n|\n|upkeep\n|turn|19\n|\n|t:|1700702153\n|move|p2a: Mewtwo|Ice Beam|p1a: Grimmsnarl\n|-damage|p1a: Grimmsnarl|0 fnt\n|faint|p1a: Grimmsnarl\n|-damage|p2a: Mewtwo|0 fnt|[from] item: Life Orb\n|faint|p2a: Mewtwo\n|\n|upkeep\n|\n|t:|1700702163\n|switch|p2a: Arceus|Arceus, tera:Normal|59\/100\n|switch|p1a: Arceus|Arceus|100\/100\n|-activate|p1a: Arceus|move: Sticky Web\n|-unboost|p1a: Arceus|spe|1\n|turn|20\n|inactive|Skyiewxz has 120 seconds left.\n|\n|t:|1700702202\n|move|p2a: Arceus|Taunt|p1a: Arceus\n|-start|p1a: Arceus|move: Taunt\n|cant|p1a: Arceus|move: Taunt|Swords Dance\n|\n|upkeep\n|turn|21\n|\n|t:|1700702210\n|move|p1a: Arceus|Extreme Speed|p2a: Arceus\n|-damage|p2a: Arceus|25\/100\n|move|p2a: Arceus|Swords Dance|p2a: Arceus\n|-boost|p2a: Arceus|atk|2\n|\n|-sideend|p1: Skyiewxz|Reflect\n|upkeep\n|turn|22\n|\n|t:|1700702222\n|move|p2a: Arceus|Extreme Speed|p1a: Arceus\n|-damage|p1a: Arceus|10\/100\n|move|p1a: Arceus|Extreme Speed|p2a: Arceus\n|-crit|p2a: Arceus\n|-damage|p2a: Arceus|0 fnt\n|faint|p2a: Arceus\n|\n|-end|p1a: Arceus|move: Taunt\n|-sideend|p1: Skyiewxz|move: Light Screen\n|upkeep\n|\n|t:|1700702228\n|switch|p2a: Koraidon|Koraidon|100\/100\n|-weather|SunnyDay|[from] ability: Orichalcum Pulse|[of] p2a: Koraidon\n|-activate|p2a: Koraidon|Orichalcum Pulse|[source]\n|turn|23\n|\n|t:|1700702233\n|move|p1a: Arceus|Extreme Speed|p2a: Koraidon\n|-damage|p2a: Koraidon|53\/100\n|move|p2a: Koraidon|Dragon Claw|p1a: Arceus\n|-damage|p1a: Arceus|0 fnt\n|faint|p1a: Arceus\n|\n|-weather|SunnyDay|[upkeep]\n|upkeep\n|\n|t:|1700702236\n|switch|p1a: Miraidon|Miraidon|100\/100\n|-activate|p1a: Miraidon|move: Sticky Web\n|-unboost|p1a: Miraidon|spe|1\n|-fieldstart|move: Electric Terrain|[from] ability: Hadron Engine|[of] p1a: Miraidon\n|turn|24\n|\n|t:|1700702238\n|move|p2a: Koraidon|Dragon Claw|p1a: Miraidon\n|-supereffective|p1a: Miraidon\n|-damage|p1a: Miraidon|0 fnt\n|faint|p1a: Miraidon\n|\n|win|starvinrizleschild\n|raw|Skyiewxz's rating: 1570 &rarr; <strong>1546<\/strong><br \/>(-24 for losing)\n|raw|starvinrizleschild's rating: 1505 &rarr; <strong>1529<\/strong><br \/>(+24 for winning)\n|c|\u2606starvinrizleschild|gg\n","uploadtime":1700702248,"views":2,"p1id":"skyiewxz","p2id":"starvinrizleschild","formatid":"gen9ubers","rating":1529,"private":0,"password":""}