{"id":"gen9ubers-1982289990","p1":"khaodk245","p2":"Powerhit","format":"[Gen 9] Ubers","log":"|j|\u2606khaodk245\n|j|\u2606Powerhit\n|t:|1698990824\n|gametype|singles\n|player|p1|khaodk245|clerk|1036\n|player|p2|Powerhit|170|1082\n|teamsize|p1|6\n|teamsize|p2|6\n|gen|9\n|tier|[Gen 9] Ubers\n|rated|\n|rule|Sleep Clause Mod: Limit one foe put to sleep\n|rule|Species Clause: Limit one of each Pok\u00e9mon\n|rule|OHKO Clause: OHKO moves are banned\n|rule|Evasion Items Clause: Evasion items are banned\n|rule|Evasion Moves Clause: Evasion moves are banned\n|rule|Endless Battle Clause: Forcing endless battles is banned\n|rule|HP Percentage Mod: HP is shown in percentages\n|clearpoke\n|poke|p1|Gliscor, M|\n|poke|p1|Urshifu-*, M|\n|poke|p1|Darkrai|\n|poke|p1|Greninja-*, M|\n|poke|p1|Regieleki|\n|poke|p1|Gastrodon-East, M|\n|poke|p2|Palafin, F|\n|poke|p2|Arcanine, M|\n|poke|p2|Gholdengo|\n|poke|p2|Tyranitar, M|\n|poke|p2|Baxcalibur, M|\n|poke|p2|Quaquaval, M|\n|teampreview\n|\n|t:|1698990835\n|start\n|switch|p1a: Gastrodon|Gastrodon-East, M, shiny|100\/100\n|switch|p2a: Palafin|Palafin, F|100\/100\n|turn|1\n|\n|t:|1698990850\n|move|p1a: Gastrodon|Protect|p1a: Gastrodon\n|-singleturn|p1a: Gastrodon|Protect\n|move|p2a: Palafin|Flip Turn|p1a: Gastrodon\n|-activate|p1a: Gastrodon|move: Protect\n|\n|upkeep\n|turn|2\n|inactive|Battle timer is ON: inactive players will automatically lose when time's up. (requested by Powerhit)\n|\n|t:|1698990863\n|switch|p1a: Urshifu|Urshifu-Rapid-Strike, M|100\/100\n|move|p2a: Palafin|Flip Turn|p1a: Urshifu\n|-resisted|p1a: Urshifu\n|-damage|p1a: Urshifu|92\/100\n|\n|t:|1698990890\n|detailschange|p2a: Palafin|Palafin-Hero, F\n|switch|p2a: Gholdengo|Gholdengo|100\/100|[from] Flip Turn\n|\n|upkeep\n|turn|3\n|inactive|Powerhit has 120 seconds left.\n|\n|t:|1698990913\n|move|p2a: Gholdengo|Thunderbolt|p1a: Urshifu\n|-supereffective|p1a: Urshifu\n|-damage|p1a: Urshifu|0 fnt\n|faint|p1a: Urshifu\n|\n|upkeep\n|inactive|khaodk245 has 120 seconds left.\n|\n|t:|1698990928\n|switch|p1a: Gliscor|Gliscor, M|100\/100\n|turn|4\n|inactive|Powerhit has 120 seconds left.\n|\n|t:|1698990955\n|switch|p2a: Baxcalibur|Baxcalibur, M|100\/100\n|move|p1a: Gliscor|Knock Off|p2a: Baxcalibur\n|-damage|p2a: Baxcalibur|76\/100\n|-enditem|p2a: Baxcalibur|Loaded Dice|[from] move: Knock Off|[of] p1a: Gliscor\n|\n|-status|p1a: Gliscor|tox|[from] item: Toxic Orb\n|upkeep\n|turn|5\n|inactive|khaodk245 has 120 seconds left.\n|\n|t:|1698990971\n|move|p2a: Baxcalibur|Icicle Spear|p1a: Gliscor\n|-supereffective|p1a: Gliscor\n|-damage|p1a: Gliscor|46\/100 tox\n|-supereffective|p1a: Gliscor\n|-damage|p1a: Gliscor|0 fnt\n|faint|p1a: Gliscor\n|-hitcount|p1: Gliscor|2\n|\n|upkeep\n|inactive|khaodk245 has 120 seconds left.\n|\n|t:|1698990982\n|switch|p1a: Darkrai|Darkrai|100\/100\n|turn|6\n|inactive|Powerhit has 120 seconds left.\n|\n|t:|1698990996\n|move|p1a: Darkrai|Hypnosis|p2a: Baxcalibur|[miss]\n|-miss|p1a: Darkrai|p2a: Baxcalibur\n|move|p2a: Baxcalibur|Scale Shot|p1a: Darkrai\n|-damage|p1a: Darkrai|85\/100\n|-damage|p1a: Darkrai|66\/100\n|-damage|p1a: Darkrai|47\/100\n|-hitcount|p1a: Darkrai|3\n|-unboost|p2a: Baxcalibur|def|1\n|-boost|p2a: Baxcalibur|spe|1\n|\n|upkeep\n|turn|7\n|inactive|Powerhit has 120 seconds left.\n|inactive|khaodk245 has 120 seconds left.\n|\n|t:|1698991011\n|move|p2a: Baxcalibur|Scale Shot|p1a: Darkrai\n|-damage|p1a: Darkrai|31\/100\n|-damage|p1a: Darkrai|15\/100\n|-hitcount|p1a: Darkrai|2\n|-unboost|p2a: Baxcalibur|def|1\n|-boost|p2a: Baxcalibur|spe|1\n|move|p1a: Darkrai|Hypnosis|p2a: Baxcalibur|[miss]\n|-miss|p1a: Darkrai|p2a: Baxcalibur\n|\n|upkeep\n|turn|8\n|inactive|khaodk245 has 120 seconds left.\n|\n|t:|1698991027\n|switch|p1a: Gastrodon|Gastrodon-East, M, shiny|100\/100\n|move|p2a: Baxcalibur|Scale Shot|p1a: Gastrodon\n|-crit|p1a: Gastrodon\n|-damage|p1a: Gastrodon|73\/100\n|-damage|p1a: Gastrodon|55\/100\n|-hitcount|p1a: Gastrodon|2\n|-unboost|p2a: Baxcalibur|def|1\n|-boost|p2a: Baxcalibur|spe|1\n|\n|upkeep\n|turn|9\n|inactive|khaodk245 has 120 seconds left.\n|inactive|Powerhit has 120 seconds left.\n|\n|t:|1698991047\n|move|p2a: Baxcalibur|Earthquake|p1a: Gastrodon\n|-damage|p1a: Gastrodon|9\/100\n|move|p1a: Gastrodon|Sludge Bomb|p2a: Baxcalibur\n|-damage|p2a: Baxcalibur|58\/100\n|-status|p2a: Baxcalibur|psn\n|\n|-damage|p2a: Baxcalibur|45\/100 psn|[from] psn\n|upkeep\n|turn|10\n|\n|t:|1698991060\n|move|p2a: Baxcalibur|Earthquake|p1a: Gastrodon\n|-damage|p1a: Gastrodon|0 fnt\n|faint|p1a: Gastrodon\n|\n|-damage|p2a: Baxcalibur|33\/100 psn|[from] psn\n|upkeep\n|\n|t:|1698991071\n|switch|p1a: Regieleki|Regieleki|100\/100\n|turn|11\n|\n|t:|1698991078\n|move|p2a: Baxcalibur|Earthquake|p1a: Regieleki\n|-supereffective|p1a: Regieleki\n|-damage|p1a: Regieleki|0 fnt\n|faint|p1a: Regieleki\n|\n|-damage|p2a: Baxcalibur|21\/100 psn|[from] psn\n|upkeep\n|\n|t:|1698991086\n|switch|p1a: Greninja|Greninja, M, shiny|100\/100\n|turn|12\n|inactive|Powerhit has 120 seconds left.\n|inactive|Powerhit has 90 seconds left.\n|\n|t:|1698991147\n|move|p1a: Greninja|Protect|p1a: Greninja\n|-start|p1a: Greninja|typechange|Normal|[from] ability: Protean\n|-singleturn|p1a: Greninja|Protect\n|move|p2a: Baxcalibur|Scale Shot|p1a: Greninja\n|-activate|p1a: Greninja|move: Protect\n|\n|-damage|p2a: Baxcalibur|8\/100 psn|[from] psn\n|upkeep\n|turn|13\n|\n|t:|1698991165\n|-terastallize|p1a: Greninja|Normal\n|move|p2a: Baxcalibur|Scale Shot|p1a: Greninja\n|-damage|p1a: Greninja|78\/100\n|-damage|p1a: Greninja|59\/100\n|-hitcount|p1a: Greninja|2\n|-unboost|p2a: Baxcalibur|def|1\n|-boost|p2a: Baxcalibur|spe|1\n|move|p1a: Greninja|Lick|p2a: Baxcalibur\n|-damage|p2a: Baxcalibur|0 fnt\n|faint|p2a: Baxcalibur\n|\n|upkeep\n|inactive|Powerhit has 90 seconds left.\n|inactive|Powerhit has 60 seconds left.\n|\n|t:|1698991211\n|switch|p2a: Palafin|Palafin-Hero, F|100\/100\n|-activate|p2a: Palafin|ability: Zero to Hero\n|turn|14\n|\n|t:|1698991230\n|move|p2a: Palafin|Close Combat|p1a: Greninja\n|-supereffective|p1a: Greninja\n|-damage|p1a: Greninja|0 fnt\n|-unboost|p2a: Palafin|def|1\n|-unboost|p2a: Palafin|spd|1\n|faint|p1a: Greninja\n|\n|upkeep\n|\n|t:|1698991238\n|switch|p1a: Darkrai|Darkrai|15\/100\n|turn|15\n|\n|t:|1698991245\n|move|p2a: Palafin|Close Combat|p1a: Darkrai\n|-supereffective|p1a: Darkrai\n|-damage|p1a: Darkrai|0 fnt\n|-unboost|p2a: Palafin|def|1\n|-unboost|p2a: Palafin|spd|1\n|faint|p1a: Darkrai\n|\n|win|Powerhit\n|raw|khaodk245's rating: 1036 &rarr; <strong>1023<\/strong><br \/>(-13 for losing)\n|raw|Powerhit's rating: 1082 &rarr; <strong>1106<\/strong><br \/>(+24 for winning)\n","uploadtime":1698991252,"views":5,"p1id":"khaodk245","p2id":"powerhit","formatid":"gen9ubers","rating":1023,"private":0,"password":""}