{"id":"gen9ubers-1983662174","p1":"loch2009","p2":"The Uber Bad Boy","format":"[Gen 9] Ubers","log":"|j|\u2606loch2009\n|j|\u2606The Uber Bad Boy\n|t:|1699155513\n|gametype|singles\n|player|p1|loch2009|2|\n|player|p2|The Uber Bad Boy|shadowtriad|\n|teamsize|p1|6\n|teamsize|p2|6\n|gen|9\n|tier|[Gen 9] Ubers\n|rated|Tournament battle\n|rule|Sleep Clause Mod: Limit one foe put to sleep\n|rule|Species Clause: Limit one of each Pok\u00e9mon\n|rule|OHKO Clause: OHKO moves are banned\n|rule|Evasion Items Clause: Evasion items are banned\n|rule|Evasion Moves Clause: Evasion moves are banned\n|rule|Endless Battle Clause: Forcing endless battles is banned\n|rule|HP Percentage Mod: HP is shown in percentages\n|clearpoke\n|poke|p1|Miraidon|\n|poke|p1|Shaymin-Sky|\n|poke|p1|Iron Bundle|\n|poke|p1|Chien-Pao|\n|poke|p1|Eternatus|\n|poke|p1|Flutter Mane|\n|poke|p2|Ting-Lu|\n|poke|p2|Miraidon|\n|poke|p2|Giratina-Origin|\n|poke|p2|Skeledirge, M|\n|poke|p2|Arceus|\n|poke|p2|Kyogre|\n|teampreview\n|inactive|Battle timer is ON: inactive players will automatically lose when time's up. (requested by The Uber Bad Boy)\n|j| Henri's Imouto\n|inactive|loch2009 has 120 seconds left.\n|c|\u2606loch2009|have fub\n|c|\u2606loch2009|fun\n|\n|t:|1699155555\n|start\n|switch|p1a: Shaymin|Shaymin-Sky|100\/100\n|switch|p2a: Stormbreaker|Miraidon|100\/100\n|-fieldstart|move: Electric Terrain|[from] ability: Hadron Engine|[of] p2a: Stormbreaker\n|turn|1\n|\n|t:|1699155567\n|switch|p1a: Eternatus|Eternatus|100\/100\n|-ability|p1a: Eternatus|Pressure\n|move|p2a: Stormbreaker|Overheat|p1a: Eternatus\n|-resisted|p1a: Eternatus\n|-damage|p1a: Eternatus|74\/100\n|-unboost|p2a: Stormbreaker|spa|2\n|\n|upkeep\n|turn|2\n|\n|t:|1699155583\n|move|p2a: Stormbreaker|U-turn|p1a: Eternatus\n|-resisted|p1a: Eternatus\n|-damage|p1a: Eternatus|69\/100\n|\n|t:|1699155593\n|switch|p2a: Subterra|Ting-Lu|100\/100|[from] U-turn\n|-ability|p2a: Subterra|Vessel of Ruin\n|move|p1a: Eternatus|Dynamax Cannon|p2a: Subterra\n|-damage|p2a: Subterra|70\/100\n|-damage|p1a: Eternatus|59\/100|[from] item: Life Orb\n|\n|-heal|p2a: Subterra|76\/100|[from] item: Leftovers\n|upkeep\n|turn|3\n|\n|t:|1699155601\n|switch|p1a: Chien-Pao|Chien-Pao|100\/100\n|-ability|p1a: Chien-Pao|Sword of Ruin\n|move|p2a: Subterra|Stealth Rock|p1a: Chien-Pao\n|-sidestart|p1: loch2009|move: Stealth Rock\n|\n|-heal|p2a: Subterra|83\/100|[from] item: Leftovers\n|upkeep\n|turn|4\n|\n|t:|1699155613\n|move|p1a: Chien-Pao|Icicle Crash|p2a: Subterra\n|-supereffective|p2a: Subterra\n|-damage|p2a: Subterra|0 fnt\n|faint|p2a: Subterra\n|\n|upkeep\n|\n|t:|1699155622\n|switch|p2a: Lake Superior|Kyogre|100\/100\n|-weather|RainDance|[from] ability: Drizzle|[of] p2a: Lake Superior\n|turn|5\n|\n|t:|1699155631\n|switch|p1a: Shaymin|Shaymin-Sky|100\/100\n|-damage|p1a: Shaymin|76\/100|[from] Stealth Rock\n|move|p2a: Lake Superior|Thunder Wave|p1a: Shaymin\n|-status|p1a: Shaymin|par\n|\n|-weather|RainDance|[upkeep]\n|-heal|p1a: Shaymin|82\/100 par|[from] item: Leftovers\n|-fieldend|move: Electric Terrain\n|upkeep\n|turn|6\n|\n|t:|1699155637\n|move|p2a: Lake Superior|Icy Wind|p1a: Shaymin\n|-supereffective|p1a: Shaymin\n|-damage|p1a: Shaymin|0 fnt\n|faint|p1a: Shaymin\n|\n|-weather|RainDance|[upkeep]\n|upkeep\n|\n|t:|1699155642\n|switch|p1a: Iron Bundle|Iron Bundle|100\/100\n|-damage|p1a: Iron Bundle|76\/100|[from] Stealth Rock\n|-enditem|p1a: Iron Bundle|Booster Energy\n|-activate|p1a: Iron Bundle|ability: Quark Drive|[fromitem]\n|-start|p1a: Iron Bundle|quarkdrivespe\n|turn|7\n|c|\u2606loch2009|good nickname\n|j| ZowwyCafe\u2764\n|\n|t:|1699155653\n|move|p1a: Iron Bundle|Freeze-Dry|p2a: Lake Superior\n|-supereffective|p2a: Lake Superior\n|-damage|p2a: Lake Superior|64\/100\n|-status|p2a: Lake Superior|frz\n|-enditem|p2a: Lake Superior|Lum Berry|[eat]\n|-curestatus|p2a: Lake Superior|frz|[msg]\n|move|p2a: Lake Superior|Thunder Wave|p1a: Iron Bundle\n|-status|p1a: Iron Bundle|par\n|\n|-weather|RainDance|[upkeep]\n|upkeep\n|turn|8\n|c|\u2606The Uber Bad Boy|thank u\n|c|\u2606The Uber Bad Boy|im from michigan\n|c|\u2606loch2009|nice\n|c|\u2606loch2009|im from ontario\n|\n|t:|1699155674\n|move|p1a: Iron Bundle|Freeze-Dry|p2a: Lake Superior\n|-supereffective|p2a: Lake Superior\n|-damage|p2a: Lake Superior|27\/100\n|move|p2a: Lake Superior|Thunder|p1a: Iron Bundle\n|-supereffective|p1a: Iron Bundle\n|-damage|p1a: Iron Bundle|0 fnt\n|faint|p1a: Iron Bundle\n|-end|p1a: Iron Bundle|Quark Drive|[silent]\n|\n|-weather|RainDance|[upkeep]\n|upkeep\n|c|\u2606The Uber Bad Boy|awesome\n|c|\u2606loch2009|lum berry kinda saved you\n|j| Dregone\n|\n|t:|1699155689\n|switch|p1a: Miraidon|Miraidon|100\/100\n|-damage|p1a: Miraidon|88\/100|[from] Stealth Rock\n|-fieldstart|move: Electric Terrain|[from] ability: Hadron Engine|[of] p1a: Miraidon\n|turn|9\n|c|\u2606The Uber Bad Boy|next door to Canada border lol\n|l| ZowwyCafe\u2764\n|c|\u2606loch2009|cool\n|l| Dregone\n|\n|t:|1699155709\n|move|p1a: Miraidon|Calm Mind|p1a: Miraidon\n|-boost|p1a: Miraidon|spa|1\n|-boost|p1a: Miraidon|spd|1\n|move|p2a: Lake Superior|Icy Wind|p1a: Miraidon\n|-supereffective|p1a: Miraidon\n|-damage|p1a: Miraidon|68\/100\n|-unboost|p1a: Miraidon|spe|1\n|\n|-weather|none\n|upkeep\n|turn|10\n|\n|t:|1699155712\n|move|p1a: Miraidon|Electro Drift|p2a: Lake Superior\n|-supereffective|p2a: Lake Superior\n|-damage|p2a: Lake Superior|0 fnt\n|faint|p2a: Lake Superior\n|\n|upkeep\n|\n|t:|1699155716\n|switch|p2a: Stormbreaker|Miraidon|100\/100\n|-activate|p2a: Stormbreaker|ability: Hadron Engine\n|turn|11\n|\n|t:|1699155721\n|move|p2a: Stormbreaker|Draco Meteor|p1a: Miraidon\n|-supereffective|p1a: Miraidon\n|-damage|p1a: Miraidon|0 fnt\n|-unboost|p2a: Stormbreaker|spa|2\n|faint|p1a: Miraidon\n|\n|upkeep\n|l| Henri's Imouto\n|\n|t:|1699155731\n|switch|p1a: Chien-Pao|Chien-Pao|100\/100\n|-damage|p1a: Chien-Pao|76\/100|[from] Stealth Rock\n|-ability|p1a: Chien-Pao|Sword of Ruin\n|turn|12\n|\n|t:|1699155737\n|switch|p2a: Burnout|Skeledirge, M|100\/100\n|move|p1a: Chien-Pao|Icicle Crash|p2a: Burnout\n|-resisted|p2a: Burnout\n|-damage|p2a: Burnout|76\/100\n|\n|upkeep\n|turn|13\n|\n|t:|1699155743\n|switch|p1a: Eternatus|Eternatus|59\/100\n|-damage|p1a: Eternatus|47\/100|[from] Stealth Rock\n|-ability|p1a: Eternatus|Pressure\n|move|p2a: Burnout|Will-O-Wisp|p1a: Eternatus\n|-status|p1a: Eternatus|brn\n|\n|-damage|p1a: Eternatus|41\/100 brn|[from] brn\n|-fieldend|move: Electric Terrain\n|upkeep\n|turn|14\n|\n|t:|1699155754\n|switch|p2a: Stormbreaker|Miraidon|100\/100\n|-fieldstart|move: Electric Terrain|[from] ability: Hadron Engine|[of] p2a: Stormbreaker\n|move|p1a: Eternatus|Shadow Ball|p2a: Stormbreaker\n|-damage|p2a: Stormbreaker|63\/100\n|-unboost|p2a: Stormbreaker|spd|1\n|-damage|p1a: Eternatus|31\/100 brn|[from] item: Life Orb\n|\n|-damage|p1a: Eternatus|24\/100 brn|[from] brn\n|upkeep\n|turn|15\n|c|\u2606loch2009|that assaul vest\n|c|\u2606The Uber Bad Boy|nope\n|c|\u2606loch2009|37\n|inactive|loch2009 has 120 seconds left.\n|c|\u2606loch2009|i was hoping for more\n|\n|t:|1699155789\n|switch|p1a: Flutter Mane|Flutter Mane|100\/100\n|-damage|p1a: Flutter Mane|88\/100|[from] Stealth Rock\n|-enditem|p1a: Flutter Mane|Booster Energy\n|-activate|p1a: Flutter Mane|ability: Protosynthesis|[fromitem]\n|-start|p1a: Flutter Mane|protosynthesisspe\n|move|p2a: Stormbreaker|Electro Drift|p1a: Flutter Mane\n|-damage|p1a: Flutter Mane|0 fnt\n|faint|p1a: Flutter Mane\n|-end|p1a: Flutter Mane|Protosynthesis|[silent]\n|\n|upkeep\n|\n|t:|1699155800\n|switch|p1a: Chien-Pao|Chien-Pao|76\/100\n|-damage|p1a: Chien-Pao|51\/100|[from] Stealth Rock\n|-ability|p1a: Chien-Pao|Sword of Ruin\n|turn|16\n|\n|t:|1699155805\n|move|p2a: Stormbreaker|Electro Drift|p1a: Chien-Pao\n|-damage|p1a: Chien-Pao|0 fnt\n|faint|p1a: Chien-Pao\n|\n|upkeep\n|\n|t:|1699155810\n|switch|p1a: Eternatus|Eternatus|24\/100 brn\n|-damage|p1a: Eternatus|12\/100 brn|[from] Stealth Rock\n|-ability|p1a: Eternatus|Pressure\n|turn|17\n|c|\u2606The Uber Bad Boy|gg\n|c|\u2606loch2009|gg\n|c|\u2606The Uber Bad Boy|well played\n|\n|t:|1699155817\n|move|p2a: Stormbreaker|Electro Drift|p1a: Eternatus\n|-resisted|p1a: Eternatus\n|-damage|p1a: Eternatus|0 fnt\n|faint|p1a: Eternatus\n|\n|win|The Uber Bad Boy\n|n|\u2606loch2009|loch2009\n|n|\u2606The Uber Bad Boy|theuberbadboy\n","uploadtime":1699155818,"views":5,"p1id":"loch2009","p2id":"theuberbadboy","formatid":"gen9ubers","rating":0,"private":0,"password":""}