{"id":"gen9ubers-1998623378","p1":"Seior","p2":"dwagonhunter","format":"[Gen 9] Ubers","log":"|j|\u2606Seior\n|j|\u2606dwagonhunter\n|t:|1700964255\n|gametype|singles\n|player|p1|Seior|carmine|\n|player|p2|dwagonhunter|lance|\n|teamsize|p1|6\n|teamsize|p2|6\n|gen|9\n|tier|[Gen 9] Ubers\n|rule|Sleep Clause Mod: Limit one foe put to sleep\n|rule|Species Clause: Limit one of each Pok\u00e9mon\n|rule|OHKO Clause: OHKO moves are banned\n|rule|Evasion Items Clause: Evasion items are banned\n|rule|Evasion Moves Clause: Evasion moves are banned\n|rule|Endless Battle Clause: Forcing endless battles is banned\n|rule|HP Percentage Mod: HP is shown in percentages\n|clearpoke\n|poke|p1|Quaquaval, M|\n|poke|p1|Ninetales-Alola, F|\n|poke|p1|Dedenne, M|\n|poke|p1|Zamazenta-*|\n|poke|p1|Carbink|\n|poke|p1|Sandslash-Alola, M|\n|poke|p2|Avalugg-Hisui, F|\n|poke|p2|Ursaluna-Bloodmoon, M|\n|poke|p2|Torterra, F|\n|poke|p2|Alomomola, M|\n|poke|p2|Arcanine-Hisui, M|\n|poke|p2|Bronzong|\n|teampreview\n|c|\u2606dwagonhunter|good luck bro\n|c|\u2606Seior|u2\n|j| BPLD\n|l| BPLD\n|j| BPLD\n|\n|t:|1700964359\n|start\n|switch|p1a: Quaquaval|Quaquaval, M|100\/100\n|switch|p2a: Avalugg|Avalugg-Hisui, F, shiny|100\/100\n|turn|1\n|j| TheJuicyJake\n|\n|t:|1700964389\n|-terastallize|p2a: Avalugg|Ground\n|move|p1a: Quaquaval|Flip Turn|p2a: Avalugg\n|-supereffective|p2a: Avalugg\n|-damage|p2a: Avalugg|73\/100\n|\n|t:|1700964416\n|switch|p1a: Ninetales|Ninetales-Alola, F|100\/100|[from] Flip Turn\n|-weather|Snow|[from] ability: Snow Warning|[of] p1a: Ninetales\n|move|p2a: Avalugg|Stealth Rock|p1a: Ninetales\n|-sidestart|p1: Seior|move: Stealth Rock\n|\n|-weather|Snow|[upkeep]\n|upkeep\n|turn|2\n|\n|t:|1700964449\n|switch|p2a: Arcanine|Arcanine-Hisui, M|100\/100\n|move|p1a: Ninetales|Aurora Veil|p1a: Ninetales\n|-sidestart|p1: Seior|move: Aurora Veil\n|\n|-weather|Snow|[upkeep]\n|upkeep\n|turn|3\n|\n|t:|1700964458\n|move|p2a: Arcanine|Head Smash|p1a: Ninetales\n|-supereffective|p1a: Ninetales\n|-damage|p1a: Ninetales|35\/100\n|move|p1a: Ninetales|Chilling Water|p2a: Arcanine\n|-supereffective|p2a: Arcanine\n|-damage|p2a: Arcanine|34\/100\n|-unboost|p2a: Arcanine|atk|1\n|\n|-weather|Snow|[upkeep]\n|upkeep\n|turn|4\n|\n|t:|1700964468\n|switch|p1a: Zamazenta|Zamazenta-Crowned|100\/100\n|-damage|p1a: Zamazenta|97\/100|[from] Stealth Rock\n|-ability|p1a: Zamazenta|Dauntless Shield|boost\n|-boost|p1a: Zamazenta|def|1\n|move|p2a: Arcanine|Head Smash|p1a: Zamazenta\n|-resisted|p1a: Zamazenta\n|-damage|p1a: Zamazenta|95\/100\n|\n|-weather|Snow|[upkeep]\n|upkeep\n|turn|5\n|\n|t:|1700964483\n|switch|p2a: Alomomola|Alomomola, M|100\/100\n|move|p1a: Zamazenta|Substitute|p1a: Zamazenta\n|-start|p1a: Zamazenta|Substitute\n|-damage|p1a: Zamazenta|70\/100\n|\n|-weather|none\n|upkeep\n|turn|6\n|\n|t:|1700964489\n|move|p1a: Zamazenta|Iron Defense|p1a: Zamazenta\n|-boost|p1a: Zamazenta|def|2\n|move|p2a: Alomomola|Wish|p2a: Alomomola\n|\n|upkeep\n|turn|7\n|\n|t:|1700964494\n|switch|p2a: Arcanine|Arcanine-Hisui, M|34\/100\n|move|p1a: Zamazenta|Iron Defense|p1a: Zamazenta\n|-boost|p1a: Zamazenta|def|2\n|\n|-heal|p2a: Arcanine|100\/100|[from] move: Wish|[wisher] Alomomola\n|upkeep\n|turn|8\n|\n|t:|1700964504\n|switch|p2a: Bronzong|Bronzong|100\/100\n|move|p1a: Zamazenta|Body Press|p2a: Bronzong\n|-damage|p2a: Bronzong|0 fnt\n|faint|p2a: Bronzong\n|\n|upkeep\n|\n|t:|1700964513\n|switch|p2a: Torterra|Torterra, F|100\/100\n|turn|9\n|\n|t:|1700964516\n|move|p1a: Zamazenta|Body Press|p2a: Torterra\n|-damage|p2a: Torterra|0 fnt\n|faint|p2a: Torterra\n|\n|-sideend|p1: Seior|move: Aurora Veil\n|upkeep\n|j| Swagadile\n|c|\u2606dwagonhunter|does body press do more when u use iron defense ?\n|c|\u2606Seior|yeah\n|c|\u2606dwagonhunter|ah i see\n|\n|t:|1700964562\n|switch|p2a: Ursaluna|Ursaluna-Bloodmoon, M|100\/100\n|turn|10\n|c| TheJuicyJake|Just tera ghost bro\n|\n|t:|1700964569\n|move|p2a: Ursaluna|Vacuum Wave|p1a: Zamazenta\n|-supereffective|p1a: Zamazenta\n|-activate|p1a: Zamazenta|move: Substitute|[damage]\n|move|p1a: Zamazenta|Body Press|p2a: Ursaluna\n|-supereffective|p2a: Ursaluna\n|-damage|p2a: Ursaluna|0 fnt\n|faint|p2a: Ursaluna\n|\n|upkeep\n|c| Swagadile|Thought this was QT\n|c|\u2606Seior|wow\n|\n|t:|1700964578\n|switch|p2a: Alomomola|Alomomola, M|100\/100\n|turn|11\n|j| zertiv\n|\n|t:|1700964584\n|move|p1a: Zamazenta|Body Press|p2a: Alomomola\n|-damage|p2a: Alomomola|24\/100\n|-damage|p1a: Zamazenta|53\/100|[from] item: Rocky Helmet|[of] p2a: Alomomola\n|move|p2a: Alomomola|Scald|p1a: Zamazenta\n|-end|p1a: Zamazenta|Substitute\n|\n|upkeep\n|turn|12\n|\n|t:|1700964597\n|move|p1a: Zamazenta|Substitute|p1a: Zamazenta\n|-start|p1a: Zamazenta|Substitute\n|-damage|p1a: Zamazenta|28\/100\n|move|p2a: Alomomola|Scald|p1a: Zamazenta\n|-activate|p1a: Zamazenta|move: Substitute|[damage]\n|\n|upkeep\n|turn|13\n|\n|t:|1700964602\n|move|p1a: Zamazenta|Body Press|p2a: Alomomola\n|-crit|p2a: Alomomola\n|-damage|p2a: Alomomola|0 fnt\n|-damage|p1a: Zamazenta|12\/100|[from] item: Rocky Helmet|[of] p2a: Alomomola\n|faint|p2a: Alomomola\n|\n|upkeep\n|l| zertiv\n|\n|t:|1700964605\n|switch|p2a: Avalugg|Avalugg-Hisui, F, shiny, tera:Ground|73\/100\n|turn|14\n|\n|t:|1700964609\n|move|p1a: Zamazenta|Body Press|p2a: Avalugg\n|-damage|p2a: Avalugg|16\/100\n|move|p2a: Avalugg|Mountain Gale|p1a: Zamazenta\n|-resisted|p1a: Zamazenta\n|-activate|p1a: Zamazenta|move: Substitute|[damage]\n|\n|upkeep\n|turn|15\n|\n|t:|1700964615\n|move|p1a: Zamazenta|Body Press|p2a: Avalugg\n|-damage|p2a: Avalugg|0 fnt\n|faint|p2a: Avalugg\n|\n|upkeep\n|\n|t:|1700964618\n|switch|p2a: Arcanine|Arcanine-Hisui, M|100\/100\n|turn|16\n|\n|t:|1700964624\n|move|p2a: Arcanine|Flare Blitz|p1a: Zamazenta\n|-supereffective|p1a: Zamazenta\n|-end|p1a: Zamazenta|Substitute\n|move|p1a: Zamazenta|Body Press|p2a: Arcanine\n|-supereffective|p2a: Arcanine\n|-damage|p2a: Arcanine|0 fnt\n|faint|p2a: Arcanine\n|\n|win|Seior\n","uploadtime":1700964628,"views":13,"p1id":"seior","p2id":"dwagonhunter","formatid":"gen9ubers","rating":0,"private":0,"password":""}