{"id":"gen9ubers-1980912881","p1":"Code_Error_Shorts","p2":"RandbatsNab69","format":"[Gen 9] Ubers","log":"|j|\u2606Code_Error_Shorts\n|j|\u2606RandbatsNab69\n|t:|1698848419\n|gametype|singles\n|player|p1|Code_Error_Shorts|kieran-festival|\n|player|p2|RandbatsNab69|1|\n|teamsize|p1|6\n|teamsize|p2|6\n|gen|9\n|tier|[Gen 9] Ubers\n|rule|Sleep Clause Mod: Limit one foe put to sleep\n|rule|Species Clause: Limit one of each Pok\u00e9mon\n|rule|OHKO Clause: OHKO moves are banned\n|rule|Evasion Items Clause: Evasion items are banned\n|rule|Evasion Moves Clause: Evasion moves are banned\n|rule|Endless Battle Clause: Forcing endless battles is banned\n|rule|HP Percentage Mod: HP is shown in percentages\n|clearpoke\n|poke|p1|Iron Valiant|\n|poke|p1|Gastrodon, M|\n|poke|p1|Jolteon, F|\n|poke|p1|Mabosstiff, F|\n|poke|p1|Spidops, F|\n|poke|p1|Fletchinder, F|\n|poke|p2|Baxcalibur, M|\n|poke|p2|Enamorus-Therian, F|\n|poke|p2|Slowbro, M|\n|poke|p2|Scyther, F|\n|poke|p2|Pyroar, F|\n|poke|p2|Pawniard, F|\n|teampreview\n|\n|t:|1698848430\n|start\n|switch|p1a: Spidops|Spidops, F, shiny|100\/100\n|switch|p2a: Pyroar|Pyroar, F|100\/100\n|-ability|p2a: Pyroar|Unnerve\n|turn|1\n|c|\u2606RandbatsNab69|Why tf am I so fast\n|c|\u2606RandbatsNab69|Damn\n|\n|t:|1698848453\n|move|p2a: Pyroar|Taunt|p1a: Spidops\n|-start|p1a: Spidops|move: Taunt\n|move|p1a: Spidops|Circle Throw|p2a: Pyroar\n|-supereffective|p2a: Pyroar\n|-damage|p2a: Pyroar|66\/100\n|drag|p2a: Pawniard|Pawniard, F|100\/100\n|\n|upkeep\n|turn|2\n|\n|t:|1698848463\n|switch|p2a: Scyther|Scyther, F|100\/100\n|move|p1a: Spidops|Circle Throw|p2a: Scyther\n|-resisted|p2a: Scyther\n|-damage|p2a: Scyther|97\/100\n|drag|p2a: Baxcalibur|Baxcalibur, M|100\/100\n|\n|upkeep\n|turn|3\n|\n|t:|1698848472\n|switch|p2a: Scyther|Scyther, F|97\/100\n|move|p1a: Spidops|Circle Throw|p2a: Scyther\n|-resisted|p2a: Scyther\n|-damage|p2a: Scyther|92\/100\n|drag|p2a: Pyroar|Pyroar, F|66\/100\n|-ability|p2a: Pyroar|Unnerve\n|\n|-end|p1a: Spidops|move: Taunt\n|upkeep\n|turn|4\n|\n|t:|1698848490\n|move|p2a: Pyroar|Taunt|p1a: Spidops\n|-start|p1a: Spidops|move: Taunt\n|move|p1a: Spidops|Circle Throw|p2a: Pyroar\n|-supereffective|p2a: Pyroar\n|-damage|p2a: Pyroar|36\/100\n|drag|p2a: Baxcalibur|Baxcalibur, M|100\/100\n|\n|upkeep\n|turn|5\n|c|\u2606Code_Error_Shorts|if only I was stakeout\n|c|\u2606RandbatsNab69|Stop pulling this out\n|\n|t:|1698848501\n|switch|p2a: Scyther|Scyther, F|92\/100\n|move|p1a: Spidops|Circle Throw|p2a: Scyther\n|-resisted|p2a: Scyther\n|-damage|p2a: Scyther|88\/100\n|drag|p2a: Slowbro|Slowbro, M|100\/100\n|\n|upkeep\n|turn|6\n|\n|t:|1698848508\n|move|p2a: Slowbro|Thunder Wave|p1a: Spidops|[miss]\n|-miss|p2a: Slowbro|p1a: Spidops\n|move|p1a: Spidops|Circle Throw|p2a: Slowbro\n|-resisted|p2a: Slowbro\n|-damage|p2a: Slowbro|97\/100\n|-damage|p1a: Spidops|84\/100|[from] item: Rocky Helmet|[of] p2a: Slowbro\n|drag|p2a: Baxcalibur|Baxcalibur, M|100\/100\n|\n|-end|p1a: Spidops|move: Taunt\n|upkeep\n|turn|7\n|c|\u2606Code_Error_Shorts|lmfao\n|c|\u2606Code_Error_Shorts|ive missed 0\n|c|\u2606RandbatsNab69|Goddamut mdncjjdndndd\n|\n|t:|1698848531\n|move|p2a: Baxcalibur|Icicle Spear|p1a: Spidops\n|-damage|p1a: Spidops|73\/100\n|-damage|p1a: Spidops|61\/100\n|-damage|p1a: Spidops|50\/100\n|-damage|p1a: Spidops|38\/100\n|-hitcount|p1a: Spidops|4\n|move|p1a: Spidops|Sticky Web|p2a: Baxcalibur\n|-sidestart|p2: RandbatsNab69|move: Sticky Web\n|\n|upkeep\n|turn|8\n|\n|t:|1698848539\n|move|p2a: Baxcalibur|Icicle Spear|p1a: Spidops\n|-damage|p1a: Spidops|27\/100\n|-damage|p1a: Spidops|15\/100\n|-damage|p1a: Spidops|4\/100\n|-damage|p1a: Spidops|0 fnt\n|faint|p1a: Spidops\n|-hitcount|p1: Spidops|4\n|\n|upkeep\n|\n|t:|1698848572\n|switch|p1a: Mabosstiff|Mabosstiff, F, shiny|100\/100\n|-ability|p1a: Mabosstiff|Intimidate|boost\n|-unboost|p2a: Baxcalibur|atk|1\n|turn|9\n|\n|t:|1698848581\n|switch|p2a: Slowbro|Slowbro, M|100\/100\n|-activate|p2a: Slowbro|move: Sticky Web\n|-unboost|p2a: Slowbro|spe|1\n|move|p1a: Mabosstiff|Play Rough|p2a: Slowbro\n|-damage|p2a: Slowbro|82\/100\n|-damage|p1a: Mabosstiff|84\/100|[from] item: Rocky Helmet|[of] p2a: Slowbro\n|\n|upkeep\n|turn|10\n|\n|t:|1698848590\n|move|p1a: Mabosstiff|Jaw Lock|p2a: Slowbro\n|-supereffective|p2a: Slowbro\n|-damage|p2a: Slowbro|28\/100\n|-activate|p1a: Mabosstiff|trapped\n|-activate|p2a: Slowbro|trapped\n|-damage|p1a: Mabosstiff|67\/100|[from] item: Rocky Helmet|[of] p2a: Slowbro\n|move|p2a: Slowbro|Future Sight|p1a: Mabosstiff\n|-start|p2a: Slowbro|move: Future Sight\n|\n|upkeep\n|turn|11\n|\n|t:|1698848597\n|-terastallize|p2a: Slowbro|Fairy\n|move|p1a: Mabosstiff|Trailblaze|p2a: Slowbro\n|-damage|p2a: Slowbro|18\/100\n|-boost|p1a: Mabosstiff|spe|1\n|-damage|p1a: Mabosstiff|51\/100|[from] item: Rocky Helmet|[of] p2a: Slowbro\n|move|p2a: Slowbro|Slack Off|p2a: Slowbro\n|-heal|p2a: Slowbro|68\/100\n|\n|upkeep\n|turn|12\n|\n|t:|1698848610\n|move|p1a: Mabosstiff|Psychic Fangs|p2a: Slowbro\n|-damage|p2a: Slowbro|50\/100\n|-damage|p1a: Mabosstiff|34\/100|[from] item: Rocky Helmet|[of] p2a: Slowbro\n|move|p2a: Slowbro|Slack Off|p2a: Slowbro\n|-heal|p2a: Slowbro|99\/100\n|\n|-end|p1a: Mabosstiff|move: Future Sight\n|-immune|p1a: Mabosstiff\n|upkeep\n|turn|13\n|\n|t:|1698848615\n|move|p1a: Mabosstiff|Psychic Fangs|p2a: Slowbro\n|-damage|p2a: Slowbro|82\/100\n|-damage|p1a: Mabosstiff|17\/100|[from] item: Rocky Helmet|[of] p2a: Slowbro\n|move|p2a: Slowbro|Thunder Wave|p1a: Mabosstiff\n|-status|p1a: Mabosstiff|par\n|\n|upkeep\n|turn|14\n|\n|t:|1698848621\n|move|p1a: Mabosstiff|Psychic Fangs|p2a: Slowbro\n|-damage|p2a: Slowbro|63\/100\n|-damage|p1a: Mabosstiff|1\/100 par|[from] item: Rocky Helmet|[of] p2a: Slowbro\n|move|p2a: Slowbro|Ice Beam|p1a: Mabosstiff\n|-damage|p1a: Mabosstiff|0 fnt\n|faint|p1a: Mabosstiff\n|\n|upkeep\n|\n|t:|1698848635\n|switch|p1a: Gastrodon|Gastrodon, M, shiny|100\/100\n|turn|15\n|\n|t:|1698848641\n|move|p1a: Gastrodon|Stockpile|p1a: Gastrodon\n|-start|p1a: Gastrodon|stockpile1\n|-boost|p1a: Gastrodon|def|1\n|-boost|p1a: Gastrodon|spd|1\n|move|p2a: Slowbro|Future Sight|p1a: Gastrodon\n|-start|p2a: Slowbro|move: Future Sight\n|\n|upkeep\n|turn|16\n|\n|t:|1698848681\n|switch|p2a: Pyroar|Pyroar, F|36\/100\n|-ability|p2a: Pyroar|Unnerve\n|-activate|p2a: Pyroar|move: Sticky Web\n|-unboost|p2a: Pyroar|spe|1\n|move|p1a: Gastrodon|Stockpile|p1a: Gastrodon\n|-start|p1a: Gastrodon|stockpile2\n|-boost|p1a: Gastrodon|def|1\n|-boost|p1a: Gastrodon|spd|1\n|\n|upkeep\n|turn|17\n|\n|t:|1698848693\n|move|p2a: Pyroar|Taunt|p1a: Gastrodon\n|-start|p1a: Gastrodon|move: Taunt\n|move|p1a: Gastrodon|Spit Up|p2a: Pyroar\n|-enditem|p1a: Gastrodon|Normal Gem|[from] gem\n|-damage|p2a: Pyroar|0 fnt\n|faint|p2a: Pyroar\n|-unboost|p1a: Gastrodon|def|2\n|-unboost|p1a: Gastrodon|spd|2\n|-end|p1a: Gastrodon|Stockpile\n|\n|-end|p1a: Gastrodon|move: Future Sight\n|-damage|p1a: Gastrodon|74\/100\n|upkeep\n|c|\u2606RandbatsNab69|!dt spit up\n|raw|<ul class=\"utilichart\"><li class=\"result\"><span class=\"col movenamecol\"><a href=\"https:\/\/dex.pokemonshowdown.com\/moves\/spitup\">Spit Up<\/a><\/span> <span class=\"col typecol\"><img src=\"\/\/play.pokemonshowdown.com\/sprites\/types\/Normal.png\" alt=\"Normal\" width=\"32\" height=\"14\"><img src=\"\/\/play.pokemonshowdown.com\/sprites\/categories\/Special.png\" alt=\"Special\" width=\"32\" height=\"14\"><\/span> <span class=\"col widelabelcol\"><em>Accuracy<\/em><br>100%<\/span> <span class=\"col pplabelcol\"><em>PP<\/em><br>16<\/span> <span class=\"col movedesccol\">More power with more uses of Stockpile.<\/span> <\/li><li style=\"clear:both\"><\/li><\/ul>\n|raw|<font size=\"1\"><font color=\"#686868\">Priority:<\/font> 0&nbsp;|&ThickSpace;<font color=\"#686868\">Gen:<\/font> 3&nbsp;|&ThickSpace;<font color=\"#686868\">Z-Power:<\/font> 100&nbsp;|&ThickSpace;<font color=\"#686868\">Dynamax Power:<\/font> 100&nbsp;|&ThickSpace;<font color=\"#686868\">Target:<\/font> One Adjacent Pok\u00e9mon<\/font>\n\n|c|\u2606Code_Error_Shorts|lmfao\n|c|\u2606RandbatsNab69|Huh\n|c|\u2606RandbatsNab69|Bro spitting\n|c|\u2606Code_Error_Shorts|its 200bp\n|c|\u2606RandbatsNab69|WHAT\n|\n|t:|1698848731\n|switch|p2a: Slowbro|Slowbro, M, tera:Fairy|96\/100\n|-activate|p2a: Slowbro|move: Sticky Web\n|-unboost|p2a: Slowbro|spe|1\n|turn|18\n|\n|t:|1698848747\n|switch|p1a: Fletchinder|Fletchinder, F, shiny|100\/100\n|move|p2a: Slowbro|Future Sight|p1a: Fletchinder\n|-start|p2a: Slowbro|move: Future Sight\n|\n|upkeep\n|turn|19\n|\n|t:|1698848752\n|move|p1a: Fletchinder|Swords Dance|p1a: Fletchinder\n|-boost|p1a: Fletchinder|atk|2\n|move|p2a: Slowbro|Thunder Wave|p1a: Fletchinder\n|-status|p1a: Fletchinder|par\n|\n|upkeep\n|turn|20\n|\n|t:|1698848759\n|move|p1a: Fletchinder|Swords Dance|p1a: Fletchinder\n|-boost|p1a: Fletchinder|atk|2\n|move|p2a: Slowbro|Ice Beam|p1a: Fletchinder\n|-damage|p1a: Fletchinder|69\/100 par\n|\n|-end|p1a: Fletchinder|move: Future Sight\n|-damage|p1a: Fletchinder|6\/100 par\n|upkeep\n|turn|21\n|\n|t:|1698848767\n|cant|p1a: Fletchinder|par\n|move|p2a: Slowbro|Slack Off|p2a: Slowbro\n|-heal|p2a: Slowbro|100\/100\n|\n|upkeep\n|turn|22\n|\n|t:|1698848772\n|cant|p1a: Fletchinder|par\n|move|p2a: Slowbro|Slack Off||[still]\n|-fail|p2a: Slowbro|heal\n|\n|upkeep\n|turn|23\n|c|\u2606RandbatsNab69|Bro\n|c|\u2606Code_Error_Shorts|insane\n|c|\u2606RandbatsNab69|Just\n|c|\u2606RandbatsNab69|Attack\n|\n|t:|1698848780\n|move|p1a: Fletchinder|Dual Wingbeat|p2a: Slowbro\n|-damage|p2a: Slowbro|77\/100\n|-damage|p1a: Fletchinder|0 fnt|[from] item: Rocky Helmet|[of] p2a: Slowbro\n|faint|p1a: Fletchinder\n|-hitcount|p2a: Slowbro|1\n|move|p2a: Slowbro|Slack Off|p2a: Slowbro\n|-heal|p2a: Slowbro|100\/100\n|\n|upkeep\n|\n|t:|1698848789\n|switch|p1a: Gastrodon|Gastrodon, M, shiny|74\/100\n|turn|24\n|\n|t:|1698848803\n|switch|p2a: Pawniard|Pawniard, F|100\/100\n|-activate|p2a: Pawniard|move: Sticky Web\n|-unboost|p2a: Pawniard|spe|1\n|-ability|p2a: Pawniard|Defiant|boost\n|-boost|p2a: Pawniard|atk|2\n|move|p1a: Gastrodon|Stockpile|p1a: Gastrodon\n|-start|p1a: Gastrodon|stockpile1\n|-boost|p1a: Gastrodon|def|1\n|-boost|p1a: Gastrodon|spd|1\n|\n|upkeep\n|turn|25\n|\n|t:|1698848815\n|move|p2a: Pawniard|Night Slash|p1a: Gastrodon\n|-damage|p1a: Gastrodon|28\/100\n|move|p1a: Gastrodon|Yawn|p2a: Pawniard\n|-start|p2a: Pawniard|move: Yawn|[of] p1a: Gastrodon\n|\n|upkeep\n|turn|26\n|\n|t:|1698848823\n|move|p2a: Pawniard|Night Slash|p1a: Gastrodon\n|-damage|p1a: Gastrodon|0 fnt\n|faint|p1a: Gastrodon\n|\n|-end|p2a: Pawniard|move: Yawn|[silent]\n|-status|p2a: Pawniard|slp\n|upkeep\n|c|\u2606Code_Error_Shorts|if u had switched\n|c|\u2606Code_Error_Shorts|I wouldve used spit up and healed\n|c|\u2606RandbatsNab69|Spit up heals?\n|\n|t:|1698848838\n|switch|p1a: Iron Valiant|Iron Valiant, shiny|100\/100\n|-enditem|p1a: Iron Valiant|Booster Energy\n|-activate|p1a: Iron Valiant|ability: Quark Drive|[fromitem]\n|-start|p1a: Iron Valiant|quarkdrivespe\n|turn|27\n|c|\u2606Code_Error_Shorts|yep\n|\n|t:|1698848850\n|switch|p2a: Slowbro|Slowbro, M, tera:Fairy|100\/100\n|-activate|p2a: Slowbro|move: Sticky Web\n|-unboost|p2a: Slowbro|spe|1\n|-terastallize|p1a: Iron Valiant|Steel\n|move|p1a: Iron Valiant|Calm Mind|p1a: Iron Valiant\n|-boost|p1a: Iron Valiant|spa|1\n|-boost|p1a: Iron Valiant|spd|1\n|\n|upkeep\n|turn|28\n|\n|t:|1698848861\n|-end|p1a: Iron Valiant|Quark Drive|[silent]\n|switch|p1a: Jolteon|Jolteon, F, shiny|100\/100\n|move|p2a: Slowbro|Thunder Wave|p1a: Jolteon\n|-immune|p1a: Jolteon|[from] ability: Volt Absorb\n|\n|upkeep\n|turn|29\n|\n|t:|1698848869\n|switch|p2a: Baxcalibur|Baxcalibur, M|100\/100\n|-activate|p2a: Baxcalibur|move: Sticky Web\n|-unboost|p2a: Baxcalibur|spe|1\n|move|p1a: Jolteon|Calm Mind|p1a: Jolteon\n|-boost|p1a: Jolteon|spa|1\n|-boost|p1a: Jolteon|spd|1\n|\n|upkeep\n|turn|30\n|\n|t:|1698848877\n|move|p1a: Jolteon|Volt Switch|p2a: Baxcalibur\n|-resisted|p2a: Baxcalibur\n|-damage|p2a: Baxcalibur|80\/100\n|\n|t:|1698848880\n|switch|p1a: Iron Valiant|Iron Valiant, shiny, tera:Steel|100\/100|[from] Volt Switch\n|move|p2a: Baxcalibur|Glaive Rush|p1a: Iron Valiant\n|-resisted|p1a: Iron Valiant\n|-damage|p1a: Iron Valiant|54\/100\n|-singlemove|p2a: Baxcalibur|Glaive Rush|[silent]\n|\n|upkeep\n|turn|31\n|\n|t:|1698848897\n|switch|p2a: Slowbro|Slowbro, M, tera:Fairy|100\/100\n|-activate|p2a: Slowbro|move: Sticky Web\n|-unboost|p2a: Slowbro|spe|1\n|move|p1a: Iron Valiant|Moonblast|p2a: Slowbro\n|-damage|p2a: Slowbro|55\/100\n|\n|upkeep\n|turn|32\n|\n|t:|1698848904\n|move|p1a: Iron Valiant|Moonblast|p2a: Slowbro\n|-damage|p2a: Slowbro|9\/100\n|move|p2a: Slowbro|Slack Off|p2a: Slowbro\n|-heal|p2a: Slowbro|59\/100\n|\n|upkeep\n|turn|33\n|\n|t:|1698848908\n|move|p1a: Iron Valiant|Moonblast|p2a: Slowbro\n|-damage|p2a: Slowbro|13\/100\n|move|p2a: Slowbro|Thunder Wave|p1a: Iron Valiant|[miss]\n|-miss|p2a: Slowbro|p1a: Iron Valiant\n|\n|upkeep\n|turn|34\n|c|\u2606RandbatsNab69|Jdjcjdjd\n|c|\u2606Code_Error_Shorts|INSANE\n|c|\u2606RandbatsNab69|God fkin dammit\n|\n|t:|1698848933\n|move|p1a: Iron Valiant|Moonblast|p2a: Slowbro\n|-damage|p2a: Slowbro|0 fnt\n|faint|p2a: Slowbro\n|\n|upkeep\n|\n|t:|1698848943\n|switch|p2a: Enamorus|Enamorus-Therian, F|100\/100\n|turn|35\n|c|\u2606RandbatsNab69|I eat\n|c|\u2606RandbatsNab69|Hopefully\n|\n|t:|1698848966\n|move|p1a: Iron Valiant|Thunderbolt|p2a: Enamorus\n|-supereffective|p2a: Enamorus\n|-damage|p2a: Enamorus|41\/100\n|move|p2a: Enamorus|Earth Power|p1a: Iron Valiant\n|-supereffective|p1a: Iron Valiant\n|-damage|p1a: Iron Valiant|0 fnt\n|faint|p1a: Iron Valiant\n|-end|p1a: Iron Valiant|Quark Drive|[silent]\n|\n|-heal|p2a: Enamorus|48\/100|[from] item: Leftovers\n|upkeep\n|c|\u2606RandbatsNab69|Watt\n|\n|t:|1698848971\n|switch|p1a: Jolteon|Jolteon, F, shiny|100\/100\n|turn|36\n|\n|t:|1698848976\n|move|p1a: Jolteon|Calm Mind|p1a: Jolteon\n|-boost|p1a: Jolteon|spa|1\n|-boost|p1a: Jolteon|spd|1\n|move|p2a: Enamorus|Earth Power|p1a: Jolteon\n|-supereffective|p1a: Jolteon\n|-damage|p1a: Jolteon|61\/100\n|\n|-heal|p1a: Jolteon|67\/100|[from] item: Leftovers\n|-heal|p2a: Enamorus|54\/100|[from] item: Leftovers\n|upkeep\n|turn|37\n|c|\u2606RandbatsNab69|Omg\n|\n|t:|1698848986\n|move|p1a: Jolteon|Wish|p1a: Jolteon\n|move|p2a: Enamorus|Earth Power|p1a: Jolteon\n|-supereffective|p1a: Jolteon\n|-damage|p1a: Jolteon|29\/100\n|\n|-heal|p1a: Jolteon|35\/100|[from] item: Leftovers\n|-heal|p2a: Enamorus|60\/100|[from] item: Leftovers\n|upkeep\n|turn|38\n|c|\u2606RandbatsNab69|Ain't\n|c|\u2606RandbatsNab69|No\n|c|\u2606RandbatsNab69|Way\n|c|\u2606Code_Error_Shorts|if I win\n|\n|t:|1698848999\n|move|p1a: Jolteon|Volt Switch|p2a: Enamorus\n|-supereffective|p2a: Enamorus\n|-damage|p2a: Enamorus|0 fnt\n|faint|p2a: Enamorus\n|\n|-heal|p1a: Jolteon|85\/100|[from] move: Wish|[wisher] Jolteon\n|-heal|p1a: Jolteon|91\/100|[from] item: Leftovers\n|upkeep\n|c|\u2606Code_Error_Shorts|ill laugh so hard\n|\n|t:|1698849008\n|switch|p2a: Baxcalibur|Baxcalibur, M|80\/100\n|-activate|p2a: Baxcalibur|move: Sticky Web\n|-unboost|p2a: Baxcalibur|spe|1\n|turn|39\n|\n|t:|1698849017\n|move|p1a: Jolteon|Tera Blast|p2a: Baxcalibur\n|-damage|p2a: Baxcalibur|47\/100\n|move|p2a: Baxcalibur|Glaive Rush|p1a: Jolteon\n|-damage|p1a: Jolteon|0 fnt\n|-singlemove|p2a: Baxcalibur|Glaive Rush|[silent]\n|faint|p1a: Jolteon\n|\n|win|RandbatsNab69\n|c|\u2606RandbatsNab69|Ggs\n|c|\u2606Code_Error_Shorts|gg\n","uploadtime":1698849025,"views":7,"p1id":"codeerrorshorts","p2id":"randbatsnab69","formatid":"gen9ubers","rating":0,"private":0,"password":""}