{"id":"gen9ubers-1987801400","p1":"whaud","p2":"rutriyououiyiyuyt","format":"[Gen 9] Ubers","log":"|j|\u2606whaud\n|j|\u2606rutriyououiyiyuyt\n|t:|1699638127\n|gametype|singles\n|player|p1|whaud|alain|\n|player|p2|rutriyououiyiyuyt|elesa|\n|teamsize|p1|6\n|teamsize|p2|6\n|gen|9\n|tier|[Gen 9] Ubers\n|rule|Sleep Clause Mod: Limit one foe put to sleep\n|rule|Species Clause: Limit one of each Pok\u00e9mon\n|rule|OHKO Clause: OHKO moves are banned\n|rule|Evasion Items Clause: Evasion items are banned\n|rule|Evasion Moves Clause: Evasion moves are banned\n|rule|Endless Battle Clause: Forcing endless battles is banned\n|rule|HP Percentage Mod: HP is shown in percentages\n|clearpoke\n|poke|p1|Baxcalibur, M|\n|poke|p1|Palkia-Origin|\n|poke|p1|Magearna|\n|poke|p1|Shaymin-Sky|\n|poke|p1|Zacian-*|\n|poke|p1|Arceus-Ghost|\n|poke|p2|Meowscarada, F|\n|poke|p2|Ninetales-Alola, F|\n|poke|p2|Arceus-Poison|\n|poke|p2|Gholdengo|\n|poke|p2|Urshifu-*, F|\n|poke|p2|Ogerpon-Wellspring, F|\n|teampreview\n|\n|t:|1699638140\n|start\n|switch|p1a: Palkia|Palkia-Origin|100\/100\n|switch|p2a: Incin|Meowscarada, F|100\/100\n|-ability|p1a: Palkia|Pressure\n|turn|1\n|\n|t:|1699638175\n|move|p2a: Incin|Spikes|p1a: Palkia\n|-start|p2a: Incin|typechange|Ground|[from] ability: Protean\n|-sidestart|p1: whaud|Spikes\n|move|p1a: Palkia|Fire Blast|p2a: Incin\n|-damage|p2a: Incin|30\/100\n|\n|upkeep\n|turn|2\n|\n|t:|1699638182\n|move|p2a: Incin|Flower Trick|p1a: Palkia\n|-crit|p1a: Palkia\n|-damage|p1a: Palkia|66\/100\n|move|p1a: Palkia|Substitute|p1a: Palkia\n|-start|p1a: Palkia|Substitute\n|-damage|p1a: Palkia|41\/100\n|\n|upkeep\n|turn|3\n|\n|t:|1699638185\n|move|p2a: Incin|Flower Trick|p1a: Palkia\n|-crit|p1a: Palkia\n|-end|p1a: Palkia|Substitute\n|move|p1a: Palkia|Hydro Pump|p2a: Incin|[miss]\n|-miss|p1a: Palkia|p2a: Incin\n|\n|upkeep\n|turn|4\n|\n|t:|1699638188\n|move|p2a: Incin|Flower Trick|p1a: Palkia\n|-crit|p1a: Palkia\n|-damage|p1a: Palkia|8\/100\n|move|p1a: Palkia|Hydro Pump|p2a: Incin\n|-supereffective|p2a: Incin\n|-damage|p2a: Incin|0 fnt\n|faint|p2a: Incin\n|\n|upkeep\n|\n|t:|1699638203\n|switch|p2a: Ninetales-Kanto|Ninetales-Alola, F|100\/100\n|-weather|Snow|[from] ability: Snow Warning|[of] p2a: Ninetales-Kanto\n|turn|5\n|\n|t:|1699638207\n|move|p2a: Ninetales-Kanto|Freeze-Dry|p1a: Palkia\n|-supereffective|p1a: Palkia\n|-damage|p1a: Palkia|0 fnt\n|faint|p1a: Palkia\n|\n|-weather|Snow|[upkeep]\n|upkeep\n|\n|t:|1699638211\n|switch|p1a: Magearna|Magearna|100\/100\n|-damage|p1a: Magearna|88\/100|[from] Spikes\n|turn|6\n|\n|t:|1699638216\n|switch|p2a: Dollar Bill|Gholdengo|100\/100\n|move|p1a: Magearna|Iron Defense|p1a: Magearna\n|-boost|p1a: Magearna|def|2\n|\n|-weather|Snow|[upkeep]\n|-heal|p1a: Magearna|94\/100|[from] item: Leftovers\n|upkeep\n|turn|7\n|\n|t:|1699638220\n|move|p2a: Dollar Bill|Thunder Wave|p1a: Magearna\n|-status|p1a: Magearna|par\n|move|p1a: Magearna|Stored Power|p2a: Dollar Bill\n|-resisted|p2a: Dollar Bill\n|-damage|p2a: Dollar Bill|92\/100\n|\n|-weather|Snow|[upkeep]\n|-heal|p1a: Magearna|99\/100 par|[from] item: Leftovers\n|upkeep\n|turn|8\n|\n|t:|1699638225\n|move|p2a: Dollar Bill|Focus Blast|p1a: Magearna\n|-crit|p1a: Magearna\n|-damage|p1a: Magearna|44\/100 par\n|move|p1a: Magearna|Calm Mind|p1a: Magearna\n|-boost|p1a: Magearna|spa|1\n|-boost|p1a: Magearna|spd|1\n|\n|-weather|Snow|[upkeep]\n|-heal|p1a: Magearna|50\/100 par|[from] item: Leftovers\n|upkeep\n|turn|9\n|\n|t:|1699638232\n|move|p2a: Dollar Bill|Focus Blast|p1a: Magearna\n|-damage|p1a: Magearna|25\/100 par\n|move|p1a: Magearna|Draining Kiss|p2a: Dollar Bill\n|-resisted|p2a: Dollar Bill\n|-damage|p2a: Dollar Bill|76\/100\n|-heal|p1a: Magearna|37\/100 par|[from] drain|[of] p2a: Dollar Bill\n|\n|-weather|none\n|-heal|p1a: Magearna|43\/100 par|[from] item: Leftovers\n|upkeep\n|turn|10\n|\n|t:|1699638237\n|move|p2a: Dollar Bill|Make It Rain|p1a: Magearna\n|-crit|p1a: Magearna\n|-damage|p1a: Magearna|0 fnt\n|-unboost|p2a: Dollar Bill|spa|1\n|faint|p1a: Magearna\n|\n|upkeep\n|\n|t:|1699638242\n|switch|p1a: Arceus|Arceus-Ghost|100\/100\n|-damage|p1a: Arceus|88\/100|[from] Spikes\n|turn|11\n|\n|t:|1699638250\n|switch|p2a: Arceus-Toxic|Arceus-Poison|100\/100\n|move|p1a: Arceus|Shadow Claw|p2a: Arceus-Toxic\n|-damage|p2a: Arceus-Toxic|74\/100\n|\n|upkeep\n|turn|12\n|\n|t:|1699638256\n|move|p1a: Arceus|Earthquake|p2a: Arceus-Toxic\n|-supereffective|p2a: Arceus-Toxic\n|-damage|p2a: Arceus-Toxic|29\/100\n|move|p2a: Arceus-Toxic|Will-O-Wisp|p1a: Arceus\n|-status|p1a: Arceus|brn\n|\n|-damage|p1a: Arceus|82\/100 brn|[from] brn\n|upkeep\n|turn|13\n|\n|t:|1699638262\n|move|p1a: Arceus|Earthquake|p2a: Arceus-Toxic\n|-supereffective|p2a: Arceus-Toxic\n|-damage|p2a: Arceus-Toxic|6\/100\n|move|p2a: Arceus-Toxic|Recover|p2a: Arceus-Toxic\n|-heal|p2a: Arceus-Toxic|56\/100\n|\n|-damage|p1a: Arceus|76\/100 brn|[from] brn\n|upkeep\n|turn|14\n|\n|t:|1699638265\n|move|p1a: Arceus|Dragon Dance|p1a: Arceus\n|-boost|p1a: Arceus|atk|1\n|-boost|p1a: Arceus|spe|1\n|move|p2a: Arceus-Toxic|Recover|p2a: Arceus-Toxic\n|-heal|p2a: Arceus-Toxic|100\/100\n|\n|-damage|p1a: Arceus|70\/100 brn|[from] brn\n|upkeep\n|turn|15\n|\n|t:|1699638269\n|move|p1a: Arceus|Taunt|p2a: Arceus-Toxic\n|-start|p2a: Arceus-Toxic|move: Taunt\n|move|p2a: Arceus-Toxic|Earthquake|p1a: Arceus\n|-damage|p1a: Arceus|47\/100 brn\n|\n|-damage|p1a: Arceus|41\/100 brn|[from] brn\n|upkeep\n|turn|16\n|\n|t:|1699638274\n|move|p1a: Arceus|Earthquake|p2a: Arceus-Toxic\n|-supereffective|p2a: Arceus-Toxic\n|-damage|p2a: Arceus-Toxic|70\/100\n|move|p2a: Arceus-Toxic|Poison Jab|p1a: Arceus\n|-resisted|p1a: Arceus\n|-damage|p1a: Arceus|25\/100 brn\n|\n|-damage|p1a: Arceus|19\/100 brn|[from] brn\n|upkeep\n|turn|17\n|\n|t:|1699638280\n|move|p1a: Arceus|Earthquake|p2a: Arceus-Toxic\n|-supereffective|p2a: Arceus-Toxic\n|-damage|p2a: Arceus-Toxic|36\/100\n|move|p2a: Arceus-Toxic|Earthquake|p1a: Arceus\n|-damage|p1a: Arceus|0 fnt\n|faint|p1a: Arceus\n|\n|-end|p2a: Arceus-Toxic|move: Taunt\n|upkeep\n|\n|t:|1699638283\n|switch|p1a: Baxcalibur|Baxcalibur, M|100\/100\n|-damage|p1a: Baxcalibur|88\/100|[from] Spikes\n|turn|18\n|\n|t:|1699638292\n|switch|p2a: Ninetales-Kanto|Ninetales-Alola, F|100\/100\n|-weather|Snow|[from] ability: Snow Warning|[of] p2a: Ninetales-Kanto\n|move|p1a: Baxcalibur|Scale Shot|p2a: Ninetales-Kanto\n|-immune|p2a: Ninetales-Kanto\n|\n|-weather|Snow|[upkeep]\n|upkeep\n|turn|19\n|\n|t:|1699638298\n|switch|p1a: Zacian|Zacian|100\/100\n|-damage|p1a: Zacian|88\/100|[from] Spikes\n|-ability|p1a: Zacian|Intrepid Sword|boost\n|-boost|p1a: Zacian|atk|1\n|move|p2a: Ninetales-Kanto|Moonblast|p1a: Zacian\n|-damage|p1a: Zacian|51\/100\n|\n|-weather|Snow|[upkeep]\n|upkeep\n|turn|20\n|\n|t:|1699638308\n|move|p2a: Ninetales-Kanto|Moonblast|p1a: Zacian\n|-damage|p1a: Zacian|16\/100\n|-unboost|p1a: Zacian|spa|1\n|move|p1a: Zacian|Close Combat|p2a: Ninetales-Kanto\n|-damage|p2a: Ninetales-Kanto|18\/100\n|-unboost|p1a: Zacian|def|1\n|-unboost|p1a: Zacian|spd|1\n|\n|-weather|Snow|[upkeep]\n|upkeep\n|turn|21\n|\n|t:|1699638313\n|move|p2a: Ninetales-Kanto|Moonblast|p1a: Zacian\n|-crit|p1a: Zacian\n|-damage|p1a: Zacian|0 fnt\n|faint|p1a: Zacian\n|\n|-weather|Snow|[upkeep]\n|upkeep\n|\n|t:|1699638323\n|switch|p1a: Baxcalibur|Baxcalibur, M|88\/100\n|-damage|p1a: Baxcalibur|76\/100|[from] Spikes\n|turn|22\n|\n|t:|1699638326\n|move|p2a: Ninetales-Kanto|Moonblast|p1a: Baxcalibur\n|-supereffective|p1a: Baxcalibur\n|-damage|p1a: Baxcalibur|0 fnt\n|faint|p1a: Baxcalibur\n|\n|-weather|none\n|upkeep\n|\n|t:|1699638328\n|switch|p1a: Shaymin|Shaymin-Sky|100\/100\n|turn|23\n|\n|t:|1699638333\n|move|p1a: Shaymin|Seed Flare|p2a: Ninetales-Kanto\n|-damage|p2a: Ninetales-Kanto|0 fnt\n|faint|p2a: Ninetales-Kanto\n|\n|upkeep\n|\n|t:|1699638337\n|switch|p2a: Dollar Bill|Gholdengo|76\/100\n|turn|24\n|\n|t:|1699638340\n|move|p1a: Shaymin|Seed Flare|p2a: Dollar Bill|[miss]\n|-miss|p1a: Shaymin|p2a: Dollar Bill\n|move|p2a: Dollar Bill|Thunder Wave|p1a: Shaymin\n|-status|p1a: Shaymin|par\n|\n|upkeep\n|turn|25\n|\n|t:|1699638347\n|cant|p1a: Shaymin|par\n|move|p2a: Dollar Bill|Make It Rain|p1a: Shaymin\n|-damage|p1a: Shaymin|8\/100 par\n|-unboost|p2a: Dollar Bill|spa|1\n|\n|upkeep\n|turn|26\n|\n|t:|1699638349\n|move|p1a: Shaymin|Seed Flare|p2a: Dollar Bill\n|-resisted|p2a: Dollar Bill\n|-crit|p2a: Dollar Bill\n|-damage|p2a: Dollar Bill|33\/100\n|move|p2a: Dollar Bill|Make It Rain|p1a: Shaymin\n|-damage|p1a: Shaymin|0 fnt\n|-unboost|p2a: Dollar Bill|spa|1\n|faint|p1a: Shaymin\n|\n|win|rutriyououiyiyuyt\n|l|\u2606whaud\n|c|\u2606rutriyououiyiyuyt|gg\n|l|\u2606rutriyououiyiyuyt\n|j|\u2606whaud\n|player|p1|whaud|alain\n|l|\u2606whaud\n|player|p1|\n|j|\u2606whaud\n|player|p1|whaud|alain\n|l|\u2606whaud\n|player|p1|\n|j| Leo Justice\n","uploadtime":1699638831,"views":33,"p1id":"whaud","p2id":"rutriyououiyiyuyt","formatid":"gen9ubers","rating":0,"private":0,"password":""}