{"id":"gen9ubers-1998032095","p1":"Gym Leader Sohniya","p2":"GL Samson","format":"[Gen 9] Ubers","log":"|j|\u2606Gym Leader Sohniya\n|j|\u2606GL Samson\n|t:|1700881378\n|gametype|singles\n|player|p1|Gym Leader Sohniya|colress|\n|player|p2|GL Samson|riley|\n|teamsize|p1|6\n|teamsize|p2|6\n|gen|9\n|tier|[Gen 9] Ubers\n|rule|Sleep Clause Mod: Limit one foe put to sleep\n|rule|Species Clause: Limit one of each Pok\u00e9mon\n|rule|OHKO Clause: OHKO moves are banned\n|rule|Evasion Items Clause: Evasion items are banned\n|rule|Evasion Moves Clause: Evasion moves are banned\n|rule|Endless Battle Clause: Forcing endless battles is banned\n|rule|HP Percentage Mod: HP is shown in percentages\n|clearpoke\n|poke|p1|Dragonite, F|\n|poke|p1|Hydreigon, F|\n|poke|p1|Cyclizar, M|\n|poke|p1|Roaring Moon|\n|poke|p1|Dragapult, M|\n|poke|p1|Dugtrio-Alola, M|\n|poke|p2|Cloyster, M|\n|poke|p2|Baxcalibur, M|\n|poke|p2|Ninetales-Alola, F|\n|poke|p2|Piloswine, M|\n|poke|p2|Frosmoth, F|\n|poke|p2|Roaring Moon|\n|teampreview\n|\n|t:|1700881387\n|start\n|switch|p1a: Cyclizar|Cyclizar, M|100\/100\n|switch|p2a: Mr.Thinkfast|Cloyster, M|100\/100\n|turn|1\n|\n|t:|1700881398\n|move|p1a: Cyclizar|Taunt|p2a: Mr.Thinkfast\n|-start|p2a: Mr.Thinkfast|move: Taunt\n|cant|p2a: Mr.Thinkfast|move: Taunt|Shell Smash\n|\n|upkeep\n|turn|2\n|\n|t:|1700881405\n|move|p1a: Cyclizar|Shed Tail|p1a: Cyclizar\n|-start|p1a: Cyclizar|Substitute|[from] move: Shed Tail\n|-damage|p1a: Cyclizar|50\/100\n|\n|t:|1700881408\n|switch|p1a: Dugtrio|Dugtrio-Alola, M|100\/100|[from] Shed Tail\n|move|p2a: Mr.Thinkfast|Icicle Spear|p1a: Dugtrio\n|-activate|p1a: Dugtrio|move: Substitute|[damage]\n|-end|p1a: Dugtrio|Substitute\n|-damage|p1a: Dugtrio|70\/100\n|-damage|p1a: Dugtrio|41\/100\n|-damage|p1a: Dugtrio|11\/100\n|-hitcount|p1a: Dugtrio|5\n|\n|upkeep\n|turn|3\n|\n|t:|1700881425\n|switch|p2a: Baby|Piloswine, M|100\/100\n|move|p1a: Dugtrio|Earthquake|p2a: Baby\n|-crit|p2a: Baby\n|-damage|p2a: Baby|51\/100\n|\n|upkeep\n|turn|4\n|\n|t:|1700881438\n|move|p1a: Dugtrio|Iron Head|p2a: Baby\n|-supereffective|p2a: Baby\n|-damage|p2a: Baby|0 fnt\n|faint|p2a: Baby\n|\n|upkeep\n|\n|t:|1700881459\n|switch|p2a: Heart Earth|Roaring Moon|100\/100\n|-enditem|p2a: Heart Earth|Booster Energy\n|-activate|p2a: Heart Earth|ability: Protosynthesis|[fromitem]\n|-start|p2a: Heart Earth|protosynthesisatk\n|turn|5\n|\n|t:|1700881493\n|move|p1a: Dugtrio|Swords Dance|p1a: Dugtrio\n|-boost|p1a: Dugtrio|atk|2\n|move|p2a: Heart Earth|Dragon Dance|p2a: Heart Earth\n|-boost|p2a: Heart Earth|atk|1\n|-boost|p2a: Heart Earth|spe|1\n|\n|upkeep\n|turn|6\n|\n|t:|1700881511\n|move|p2a: Heart Earth|Knock Off|p1a: Dugtrio\n|-damage|p1a: Dugtrio|0 fnt\n|-ability|p1a: Dugtrio|Tangling Hair\n|-unboost|p2a: Heart Earth|spe|1\n|-enditem|p1a: Dugtrio|Focus Sash|[from] move: Knock Off|[of] p2a: Heart Earth\n|faint|p1a: Dugtrio\n|\n|upkeep\n|\n|t:|1700881518\n|switch|p1a: Dragonite|Dragonite, F|100\/100\n|turn|7\n|\n|t:|1700881531\n|move|p2a: Heart Earth|Dragon Dance|p2a: Heart Earth\n|-boost|p2a: Heart Earth|atk|1\n|-boost|p2a: Heart Earth|spe|1\n|move|p1a: Dragonite|Encore|p2a: Heart Earth\n|-start|p2a: Heart Earth|Encore\n|\n|upkeep\n|turn|8\n|\n|t:|1700881545\n|-terastallize|p2a: Heart Earth|Ice\n|move|p2a: Heart Earth|Dragon Dance|p2a: Heart Earth\n|-boost|p2a: Heart Earth|atk|1\n|-boost|p2a: Heart Earth|spe|1\n|move|p1a: Dragonite|Dragon Dance|p1a: Dragonite\n|-boost|p1a: Dragonite|atk|1\n|-boost|p1a: Dragonite|spe|1\n|\n|upkeep\n|turn|9\n|\n|t:|1700881557\n|move|p2a: Heart Earth|Dragon Dance|p2a: Heart Earth\n|-boost|p2a: Heart Earth|atk|1\n|-boost|p2a: Heart Earth|spe|1\n|move|p1a: Dragonite|Dragon Dance|p1a: Dragonite\n|-boost|p1a: Dragonite|atk|1\n|-boost|p1a: Dragonite|spe|1\n|\n|upkeep\n|turn|10\n|\n|t:|1700881568\n|-terastallize|p1a: Dragonite|Normal\n|move|p1a: Dragonite|Extreme Speed|p2a: Heart Earth\n|-damage|p2a: Heart Earth|25\/100\n|move|p2a: Heart Earth|Dragon Dance|p2a: Heart Earth\n|-boost|p2a: Heart Earth|atk|1\n|-boost|p2a: Heart Earth|spe|1\n|\n|-end|p2a: Heart Earth|Encore\n|upkeep\n|turn|11\n|\n|t:|1700881584\n|move|p1a: Dragonite|Extreme Speed|p2a: Heart Earth\n|-damage|p2a: Heart Earth|0 fnt\n|faint|p2a: Heart Earth\n|-end|p2a: Heart Earth|Protosynthesis|[silent]\n|\n|upkeep\n|\n|t:|1700881597\n|switch|p2a: Baxibillion|Baxcalibur, M|100\/100\n|turn|12\n|\n|t:|1700881601\n|move|p1a: Dragonite|Outrage|p2a: Baxibillion\n|-supereffective|p2a: Baxibillion\n|-damage|p2a: Baxibillion|0 fnt\n|faint|p2a: Baxibillion\n|\n|upkeep\n|\n|t:|1700881607\n|switch|p2a: Borealis|Ninetales-Alola, F|100\/100\n|-weather|Snow|[from] ability: Snow Warning|[of] p2a: Borealis\n|turn|13\n|\n|t:|1700881621\n|move|p1a: Dragonite|Outrage|p2a: Borealis|[from]lockedmove\n|-immune|p2a: Borealis\n|-start|p1a: Dragonite|confusion|[fatigue]\n|move|p2a: Borealis|Encore|p1a: Dragonite\n|-start|p1a: Dragonite|Encore\n|\n|-weather|Snow|[upkeep]\n|upkeep\n|turn|14\n|\n|t:|1700881630\n|-activate|p1a: Dragonite|confusion\n|-damage|p1a: Dragonite|73\/100|[from] confusion\n|move|p2a: Borealis|Aurora Veil|p2a: Borealis\n|-sidestart|p2: GL Samson|move: Aurora Veil\n|\n|-weather|Snow|[upkeep]\n|upkeep\n|turn|15\n|\n|t:|1700881639\n|switch|p1a: Cyclizar|Cyclizar, M|84\/100\n|move|p2a: Borealis|Blizzard|p1a: Cyclizar\n|-supereffective|p1a: Cyclizar\n|-damage|p1a: Cyclizar|0 fnt\n|faint|p1a: Cyclizar\n|\n|-weather|Snow|[upkeep]\n|upkeep\n|\n|t:|1700881648\n|switch|p1a: Dragapult|Dragapult, M|100\/100\n|turn|16\n|\n|t:|1700881657\n|move|p1a: Dragapult|Flamethrower|p2a: Borealis\n|-supereffective|p2a: Borealis\n|-damage|p2a: Borealis|19\/100\n|move|p2a: Borealis|Blizzard|p1a: Dragapult\n|-supereffective|p1a: Dragapult\n|-damage|p1a: Dragapult|14\/100\n|\n|-weather|Snow|[upkeep]\n|upkeep\n|turn|17\n|\n|t:|1700881676\n|move|p1a: Dragapult|Flamethrower|p2a: Borealis\n|-supereffective|p2a: Borealis\n|-damage|p2a: Borealis|0 fnt\n|faint|p2a: Borealis\n|\n|-weather|none\n|upkeep\n|\n|t:|1700881687\n|switch|p2a: Mr.Thinkfast|Cloyster, M|100\/100\n|turn|18\n|\n|t:|1700881693\n|move|p1a: Dragapult|Flamethrower|p2a: Mr.Thinkfast\n|-damage|p2a: Mr.Thinkfast|0 fnt\n|faint|p2a: Mr.Thinkfast\n|\n|upkeep\n|\n|t:|1700881699\n|switch|p2a: Yuma|Frosmoth, F|100\/100\n|turn|19\n|\n|t:|1700881706\n|move|p1a: Dragapult|Flamethrower|p2a: Yuma\n|-supereffective|p2a: Yuma\n|-damage|p2a: Yuma|0 fnt\n|faint|p2a: Yuma\n|\n|win|Gym Leader Sohniya\n","uploadtime":1700881713,"views":20,"p1id":"gymleadersohniya","p2id":"glsamson","formatid":"gen9ubers","rating":0,"private":0,"password":""}