{"id":"gen9ubers-1985633290","p1":"Dilllll","p2":"Hultygo","format":"[Gen 9] Ubers","log":"|j|\u2606Dilllll\n|j|\u2606Hultygo\n|t:|1699390835\n|gametype|singles\n|player|p1|Dilllll|n|1057\n|player|p2|Hultygo|clown|1060\n|teamsize|p1|6\n|teamsize|p2|6\n|gen|9\n|tier|[Gen 9] Ubers\n|rated|\n|rule|Sleep Clause Mod: Limit one foe put to sleep\n|rule|Species Clause: Limit one of each Pok\u00e9mon\n|rule|OHKO Clause: OHKO moves are banned\n|rule|Evasion Items Clause: Evasion items are banned\n|rule|Evasion Moves Clause: Evasion moves are banned\n|rule|Endless Battle Clause: Forcing endless battles is banned\n|rule|HP Percentage Mod: HP is shown in percentages\n|clearpoke\n|poke|p1|Sandy Shocks|\n|poke|p1|Slither Wing|\n|poke|p1|Zoroark-Hisui, F|\n|poke|p1|Skeledirge, F|\n|poke|p1|Dragonite, M|\n|poke|p1|Carbink|\n|poke|p2|Brambleghast, M|\n|poke|p2|Spectrier|\n|poke|p2|Flutter Mane|\n|poke|p2|Dragapult, M|\n|poke|p2|Ceruledge, M|\n|poke|p2|Wooper-Paldea, F|\n|teampreview\n|inactive|Battle timer is ON: inactive players will automatically lose when time's up. (requested by Hultygo)\n|c|\u2606Dilllll|That wiper is going to murder me isn\u2019t it\n|c|\u2606Dilllll|Wooper\n|\n|t:|1699390860\n|start\n|switch|p1a: Sandy Shocks|Sandy Shocks|100\/100\n|switch|p2a: Wooper|Wooper-Paldea, F|100\/100\n|-enditem|p1a: Sandy Shocks|Booster Energy\n|-activate|p1a: Sandy Shocks|ability: Protosynthesis|[fromitem]\n|-start|p1a: Sandy Shocks|protosynthesisspa\n|turn|1\n|c|\u2606Dilllll|Oh nonpnoonnoonononnoonnononobobobobo\n|c|\u2606Hultygo|It's a challenge from a friend\n|\n|t:|1699390886\n|move|p1a: Sandy Shocks|Stealth Rock|p2a: Wooper\n|-sidestart|p2: Hultygo|move: Stealth Rock\n|move|p2a: Wooper|Body Press|p1a: Sandy Shocks\n|-damage|p1a: Sandy Shocks|89\/100\n|\n|upkeep\n|turn|2\n|\n|t:|1699390892\n|move|p1a: Sandy Shocks|Earth Power|p2a: Wooper\n|-supereffective|p2a: Wooper\n|-enditem|p2a: Wooper|Focus Sash\n|-damage|p2a: Wooper|1\/100\n|move|p2a: Wooper|Poison Jab|p1a: Sandy Shocks\n|-resisted|p1a: Sandy Shocks\n|-damage|p1a: Sandy Shocks|75\/100\n|-status|p1a: Sandy Shocks|psn\n|\n|-damage|p1a: Sandy Shocks|63\/100 psn|[from] psn\n|upkeep\n|turn|3\n|c|\u2606Dilllll|Oh ok\n|\n|t:|1699390906\n|move|p1a: Sandy Shocks|Earth Power|p2a: Wooper\n|-supereffective|p2a: Wooper\n|-damage|p2a: Wooper|0 fnt\n|faint|p2a: Wooper\n|\n|-damage|p1a: Sandy Shocks|50\/100 psn|[from] psn\n|upkeep\n|\n|t:|1699390913\n|switch|p2a: Feuille morte|Brambleghast, M|100\/100\n|-damage|p2a: Feuille morte|88\/100|[from] Stealth Rock\n|turn|4\n|c|\u2606Dilllll|i thought you had like a lvl 1 wooper with endeavor lol\n|\n|t:|1699390930\n|move|p1a: Sandy Shocks|Thunder Wave|p2a: Feuille morte\n|-status|p2a: Feuille morte|par\n|move|p2a: Feuille morte|Power Whip|p1a: Sandy Shocks\n|-supereffective|p1a: Sandy Shocks\n|-damage|p1a: Sandy Shocks|0 fnt\n|faint|p1a: Sandy Shocks\n|-end|p1a: Sandy Shocks|Protosynthesis|[silent]\n|\n|upkeep\n|\n|t:|1699390937\n|switch|p1a: Skeledirge|Skeledirge, F|100\/100\n|turn|5\n|l|\u2606Hultygo\n|inactive|Hultygo disconnected and has a minute to reconnect!\n|player|p2|\n|j|\u2606Hultygo\n|inactive|Hultygo reconnected and has 125 seconds left.\n|player|p2|Hultygo|clown\n|inactive|Hultygo has 120 seconds left.\n|c|\u2606Hultygo|No x)\n|\n|t:|1699390975\n|switch|p2a: Quoicoubaka|Ceruledge, M, shiny|100\/100\n|-damage|p2a: Quoicoubaka|76\/100|[from] Stealth Rock\n|move|p1a: Skeledirge|Torch Song|p2a: Quoicoubaka\n|-resisted|p2a: Quoicoubaka\n|-damage|p2a: Quoicoubaka|47\/100\n|-boost|p1a: Skeledirge|spa|1\n|\n|upkeep\n|turn|6\n|inactive|Hultygo has 120 seconds left.\n|\n|t:|1699390987\n|move|p2a: Quoicoubaka|Shadow Sneak|p1a: Skeledirge\n|-supereffective|p1a: Skeledirge\n|-damage|p1a: Skeledirge|66\/100\n|move|p1a: Skeledirge|Shadow Ball|p2a: Quoicoubaka\n|-supereffective|p2a: Quoicoubaka\n|-damage|p2a: Quoicoubaka|0 fnt\n|faint|p2a: Quoicoubaka\n|\n|upkeep\n|inactive|Hultygo has 120 seconds left.\n|\n|t:|1699390994\n|switch|p2a: Pythagore|Dragapult, M, shiny|100\/100\n|-damage|p2a: Pythagore|88\/100|[from] Stealth Rock\n|turn|7\n|\n|t:|1699390997\n|move|p2a: Pythagore|Phantom Force||[still]\n|-prepare|p2a: Pythagore|Phantom Force\n|move|p1a: Skeledirge|Yawn|p2a: Pythagore|[miss]\n|-miss|p1a: Skeledirge|p2a: Pythagore\n|\n|upkeep\n|turn|8\n|\n|t:|1699391002\n|switch|p1a: Slither Wing|Slither Wing|100\/100\n|move|p2a: Pythagore|Phantom Force|p1a: Slither Wing|[from]lockedmove\n|-immune|p1a: Slither Wing\n|\n|upkeep\n|turn|9\n|\n|t:|1699391010\n|move|p2a: Pythagore|Dragon Darts|p1a: Slither Wing\n|-damage|p1a: Slither Wing|35\/100\n|replace|p1a: Zoroark|Zoroark-Hisui, F, shiny\n|-end|p1a: Zoroark|Illusion\n|-anim|p2a: Pythagore|Dragon Darts|p1a: Zoroark\n|-damage|p1a: Zoroark|0 fnt\n|faint|p1a: Zoroark\n|\n|upkeep\n|\n|t:|1699391024\n|switch|p1a: Dragonite|Dragonite, M|100\/100\n|turn|10\n|\n|t:|1699391029\n|move|p2a: Pythagore|Dragon Darts|p1a: Dragonite\n|-supereffective|p1a: Dragonite\n|-damage|p1a: Dragonite|33\/100\n|-anim|p2a: Pythagore|Dragon Darts|p1a: Dragonite\n|-supereffective|p1a: Dragonite\n|-damage|p1a: Dragonite|0 fnt\n|faint|p1a: Dragonite\n|\n|upkeep\n|\n|t:|1699391037\n|switch|p1a: Skeledirge|Skeledirge, F|66\/100\n|turn|11\n|\n|t:|1699391044\n|-terastallize|p1a: Skeledirge|Fire\n|move|p2a: Pythagore|Phantom Force||[still]\n|-prepare|p2a: Pythagore|Phantom Force\n|move|p1a: Skeledirge|Yawn|p2a: Pythagore|[miss]\n|-miss|p1a: Skeledirge|p2a: Pythagore\n|\n|upkeep\n|turn|12\n|\n|t:|1699391050\n|move|p2a: Pythagore|Phantom Force|p1a: Skeledirge|[from]lockedmove\n|-damage|p1a: Skeledirge|22\/100\n|move|p1a: Skeledirge|Yawn|p2a: Pythagore\n|-start|p2a: Pythagore|move: Yawn|[of] p1a: Skeledirge\n|\n|upkeep\n|turn|13\n|\n|t:|1699391056\n|switch|p1a: Carbink|Carbink|100\/100\n|move|p2a: Pythagore|Dragon Darts|p1a: Carbink\n|-immune|p1a: Carbink\n|\n|-end|p2a: Pythagore|move: Yawn|[silent]\n|-status|p2a: Pythagore|slp\n|upkeep\n|turn|14\n|\n|t:|1699391063\n|switch|p1a: Skeledirge|Skeledirge, F, tera:Fire|22\/100\n|cant|p2a: Pythagore|slp\n|\n|upkeep\n|turn|15\n|\n|t:|1699391067\n|cant|p2a: Pythagore|slp\n|move|p1a: Skeledirge|Shadow Ball|p2a: Pythagore\n|-supereffective|p2a: Pythagore\n|-damage|p2a: Pythagore|0 fnt\n|faint|p2a: Pythagore\n|\n|upkeep\n|\n|t:|1699391072\n|switch|p2a: Im a barbie girl|Flutter Mane, shiny|100\/100\n|-damage|p2a: Im a barbie girl|88\/100|[from] Stealth Rock\n|turn|16\n|\n|t:|1699391077\n|move|p2a: Im a barbie girl|Moonblast|p1a: Skeledirge\n|-resisted|p1a: Skeledirge\n|-damage|p1a: Skeledirge|0 fnt\n|faint|p1a: Skeledirge\n|\n|upkeep\n|\n|t:|1699391079\n|switch|p1a: Slither Wing|Slither Wing|100\/100\n|-enditem|p1a: Slither Wing|Booster Energy\n|-activate|p1a: Slither Wing|ability: Protosynthesis|[fromitem]\n|-start|p1a: Slither Wing|protosynthesisatk\n|turn|17\n|\n|t:|1699391084\n|move|p2a: Im a barbie girl|Moonblast|p1a: Slither Wing\n|-supereffective|p1a: Slither Wing\n|-damage|p1a: Slither Wing|0 fnt\n|faint|p1a: Slither Wing\n|-end|p1a: Slither Wing|Protosynthesis|[silent]\n|\n|upkeep\n|c|\u2606Dilllll|Welp\n|c|\u2606Dilllll|i lost\n|c|\u2606Hultygo|Sorry :\/\n|c|\u2606Dilllll|Carbink only has a fighting move\n|inactive|Dilllll has 120 seconds left.\n|c|\u2606Hultygo|I succeeded in my challenge\n|c|\u2606Dilllll|Dw about it lol\n|\n|t:|1699391120\n|switch|p1a: Carbink|Carbink|100\/100\n|turn|18\n|c|\u2606Hultygo|Nooo \ud83d\ude02\ud83d\ude02\n|\n|t:|1699391125\n|move|p2a: Im a barbie girl|Moonblast|p1a: Carbink\n|-crit|p1a: Carbink\n|-damage|p1a: Carbink|41\/100\n|move|p1a: Carbink|Iron Defense|p1a: Carbink\n|-boost|p1a: Carbink|def|2\n|\n|upkeep\n|turn|19\n|\n|t:|1699391131\n|move|p2a: Im a barbie girl|Moonblast|p1a: Carbink\n|-damage|p1a: Carbink|0 fnt\n|faint|p1a: Carbink\n|\n|win|Hultygo\n|raw|Dilllll's rating: 1057 &rarr; <strong>1039<\/strong><br \/>(-18 for losing)\n|raw|Hultygo's rating: 1060 &rarr; <strong>1091<\/strong><br \/>(+31 for winning)\n|l|\u2606Dilllll\n|c|\u2606Hultygo|Gg bro\n","uploadtime":1699391144,"views":19,"p1id":"dilllll","p2id":"hultygo","formatid":"gen9ubers","rating":1039,"private":0,"password":""}