{"id":"gen9ubers-1980808209","p1":"clorboycoctopus","p2":"OceanicGamer3","format":"[Gen 9] Ubers","log":"|j|\u2606clorboycoctopus\n|j|\u2606OceanicGamer3\n|t:|1698836584\n|gametype|singles\n|player|p1|clorboycoctopus|blackbelt-gen4dp|\n|player|p2|OceanicGamer3|bugcatcher-gen4dp|\n|teamsize|p1|6\n|teamsize|p2|6\n|gen|9\n|tier|[Gen 9] Ubers\n|rule|Sleep Clause Mod: Limit one foe put to sleep\n|rule|Species Clause: Limit one of each Pok\u00e9mon\n|rule|OHKO Clause: OHKO moves are banned\n|rule|Evasion Items Clause: Evasion items are banned\n|rule|Evasion Moves Clause: Evasion moves are banned\n|rule|Endless Battle Clause: Forcing endless battles is banned\n|rule|HP Percentage Mod: HP is shown in percentages\n|clearpoke\n|poke|p1|Spectrier|\n|poke|p1|Masquerain, M|\n|poke|p1|Cyclizar, M|\n|poke|p1|Landorus, M|\n|poke|p1|Zacian-*|\n|poke|p1|Arceus-Fire|\n|poke|p2|Hawlucha, M|\n|poke|p2|Politoed, M|\n|poke|p2|Barraskewda, F|\n|poke|p2|Basculegion-F, F|\n|poke|p2|Giratina|\n|poke|p2|Lucario, F|\n|teampreview\n|\n|t:|1698836603\n|start\n|switch|p1a: Masquerain|Masquerain, M|100\/100\n|switch|p2a: Hawlucha|Hawlucha, M|100\/100\n|-ability|p2a: Hawlucha|Mold Breaker\n|-ability|p1a: Masquerain|Intimidate|boost\n|-unboost|p2a: Hawlucha|atk|1\n|turn|1\n|\n|t:|1698836608\n|move|p2a: Hawlucha|Taunt|p1a: Masquerain\n|-start|p1a: Masquerain|move: Taunt\n|cant|p1a: Masquerain|move: Taunt|Sticky Web\n|\n|upkeep\n|turn|2\n|\n|t:|1698836614\n|move|p2a: Hawlucha|Taunt||[still]\n|-fail|p2a: Hawlucha\n|move|p1a: Masquerain|Chilling Water|p2a: Hawlucha\n|-damage|p2a: Hawlucha|78\/100\n|-unboost|p2a: Hawlucha|atk|1\n|\n|upkeep\n|turn|3\n|\n|t:|1698836618\n|move|p2a: Hawlucha|U-turn|p1a: Masquerain\n|-resisted|p1a: Masquerain\n|-damage|p1a: Masquerain|94\/100\n|\n|t:|1698836625\n|switch|p2a: Politoed|Politoed, M|100\/100|[from] U-turn\n|-weather|RainDance|[from] ability: Drizzle|[of] p2a: Politoed\n|move|p1a: Masquerain|Chilling Water|p2a: Politoed\n|-resisted|p2a: Politoed\n|-damage|p2a: Politoed|90\/100\n|-unboost|p2a: Politoed|atk|1\n|\n|-weather|RainDance|[upkeep]\n|-end|p1a: Masquerain|move: Taunt\n|upkeep\n|turn|4\n|\n|t:|1698836628\n|move|p1a: Masquerain|Sticky Web|p2a: Politoed\n|-sidestart|p2: OceanicGamer3|move: Sticky Web\n|move|p2a: Politoed|Ice Beam|p1a: Masquerain\n|-supereffective|p1a: Masquerain\n|-damage|p1a: Masquerain|14\/100\n|\n|-weather|RainDance|[upkeep]\n|upkeep\n|turn|5\n|\n|t:|1698836632\n|move|p1a: Masquerain|Stun Spore|p2a: Politoed|[miss]\n|-miss|p1a: Masquerain|p2a: Politoed\n|move|p2a: Politoed|Ice Beam|p1a: Masquerain\n|-supereffective|p1a: Masquerain\n|-damage|p1a: Masquerain|0 fnt\n|faint|p1a: Masquerain\n|\n|-weather|RainDance|[upkeep]\n|upkeep\n|\n|t:|1698836644\n|switch|p1a: Cyclizar|Cyclizar, M|100\/100\n|turn|6\n|\n|t:|1698836650\n|move|p1a: Cyclizar|Shed Tail|p1a: Cyclizar\n|-start|p1a: Cyclizar|Substitute|[from] move: Shed Tail\n|-damage|p1a: Cyclizar|50\/100\n|\n|t:|1698836652\n|switch|p1a: Spectrier|Spectrier|100\/100|[from] Shed Tail\n|move|p2a: Politoed|Ice Beam|p1a: Spectrier\n|-end|p1a: Spectrier|Substitute\n|\n|-weather|RainDance|[upkeep]\n|upkeep\n|turn|7\n|\n|t:|1698836657\n|move|p1a: Spectrier|Calm Mind|p1a: Spectrier\n|-boost|p1a: Spectrier|spa|1\n|-boost|p1a: Spectrier|spd|1\n|move|p2a: Politoed|Perish Song|p2a: Politoed\n|-start|p1a: Spectrier|perish3|[silent]\n|-start|p2a: Politoed|perish3|[silent]\n|-fieldactivate|move: Perish Song\n|\n|-weather|RainDance|[upkeep]\n|-start|p1a: Spectrier|perish3\n|-start|p2a: Politoed|perish3\n|upkeep\n|turn|8\n|\n|t:|1698836665\n|move|p1a: Spectrier|Calm Mind|p1a: Spectrier\n|-boost|p1a: Spectrier|spa|1\n|-boost|p1a: Spectrier|spd|1\n|move|p2a: Politoed|Weather Ball|p1a: Spectrier\n|-damage|p1a: Spectrier|57\/100\n|\n|-weather|RainDance|[upkeep]\n|-heal|p1a: Spectrier|63\/100|[from] item: Leftovers\n|-start|p1a: Spectrier|perish2\n|-start|p2a: Politoed|perish2\n|upkeep\n|turn|9\n|\n|t:|1698836671\n|switch|p2a: Lucario|Lucario, F|100\/100\n|-item|p2a: Lucario|Air Balloon\n|move|p1a: Spectrier|Hex|p2a: Lucario\n|-damage|p2a: Lucario|0 fnt\n|-enditem|p2a: Lucario|Air Balloon\n|faint|p2a: Lucario\n|-ability|p1a: Spectrier|Grim Neigh|boost\n|-boost|p1a: Spectrier|spa|1\n|\n|-weather|RainDance|[upkeep]\n|-heal|p1a: Spectrier|70\/100|[from] item: Leftovers\n|-start|p1a: Spectrier|perish1\n|upkeep\n|\n|t:|1698836679\n|switch|p2a: Barraskewda|Barraskewda, F|100\/100\n|-activate|p2a: Barraskewda|move: Sticky Web\n|-unboost|p2a: Barraskewda|spe|1\n|turn|10\n|\n|t:|1698836705\n|switch|p1a: Landorus|Landorus, M|100\/100\n|move|p2a: Barraskewda|Flip Turn|p1a: Landorus\n|-supereffective|p1a: Landorus\n|-damage|p1a: Landorus|0 fnt\n|faint|p1a: Landorus\n|\n|t:|1698836713\n|switch|p2a: Hawlucha|Hawlucha, M|78\/100|[from] Flip Turn\n|-ability|p2a: Hawlucha|Mold Breaker\n|\n|-weather|none\n|upkeep\n|\n|t:|1698836730\n|switch|p1a: Zacian|Zacian|100\/100\n|-ability|p1a: Zacian|Intrepid Sword|boost\n|-boost|p1a: Zacian|atk|1\n|turn|11\n|\n|t:|1698836733\n|move|p1a: Zacian|Play Rough|p2a: Hawlucha\n|-supereffective|p2a: Hawlucha\n|-crit|p2a: Hawlucha\n|-damage|p2a: Hawlucha|0 fnt\n|faint|p2a: Hawlucha\n|\n|upkeep\n|\n|t:|1698836737\n|switch|p2a: Politoed|Politoed, M|90\/100\n|-activate|p2a: Politoed|move: Sticky Web\n|-unboost|p2a: Politoed|spe|1\n|-weather|RainDance|[from] ability: Drizzle|[of] p2a: Politoed\n|turn|12\n|\n|t:|1698836742\n|move|p1a: Zacian|Play Rough|p2a: Politoed\n|-damage|p2a: Politoed|0 fnt\n|faint|p2a: Politoed\n|\n|-weather|RainDance|[upkeep]\n|upkeep\n|\n|t:|1698836748\n|switch|p2a: Barraskewda|Barraskewda, F|100\/100\n|-activate|p2a: Barraskewda|move: Sticky Web\n|-unboost|p2a: Barraskewda|spe|1\n|turn|13\n|\n|t:|1698836759\n|-terastallize|p2a: Barraskewda|Water\n|move|p2a: Barraskewda|Liquidation|p1a: Zacian\n|-damage|p1a: Zacian|0 fnt\n|faint|p1a: Zacian\n|\n|-weather|RainDance|[upkeep]\n|upkeep\n|\n|t:|1698836774\n|switch|p1a: Arceus|Arceus-Fire|100\/100\n|turn|14\n|\n|t:|1698836784\n|-terastallize|p1a: Arceus|Flying\n|move|p2a: Barraskewda|Liquidation|p1a: Arceus\n|-damage|p1a: Arceus|0 fnt\n|faint|p1a: Arceus\n|\n|-weather|RainDance|[upkeep]\n|upkeep\n|\n|t:|1698836790\n|switch|p1a: Cyclizar|Cyclizar, M|83\/100\n|turn|15\n|\n|t:|1698836793\n|move|p2a: Barraskewda|Liquidation|p1a: Cyclizar\n|-resisted|p1a: Cyclizar\n|-damage|p1a: Cyclizar|0 fnt\n|faint|p1a: Cyclizar\n|\n|-weather|RainDance|[upkeep]\n|upkeep\n|\n|t:|1698836796\n|switch|p1a: Spectrier|Spectrier|70\/100\n|turn|16\n|\n|t:|1698836803\n|move|p2a: Barraskewda|Liquidation|p1a: Spectrier\n|-crit|p1a: Spectrier\n|-damage|p1a: Spectrier|0 fnt\n|faint|p1a: Spectrier\n|\n|win|OceanicGamer3\n|c|\u2606clorboycoctopus|gg\n|c|\u2606OceanicGamer3|Barraskewda my beloved\n","uploadtime":1698836820,"views":15,"p1id":"clorboycoctopus","p2id":"oceanicgamer3","formatid":"gen9ubers","rating":0,"private":0,"password":""}