{"id":"gen9ubers-1993831413","p1":"Sl3kii","p2":"Dirty Dilbert","format":"[Gen 9] Ubers","log":"|j|\u2606Sl3kii\n|j|\u2606Dirty Dilbert\n|t:|1700362701\n|gametype|singles\n|player|p1|Sl3kii|allister-masters|\n|player|p2|Dirty Dilbert|artist-gen4|\n|teamsize|p1|6\n|teamsize|p2|6\n|gen|9\n|tier|[Gen 9] Ubers\n|rule|Sleep Clause Mod: Limit one foe put to sleep\n|rule|Species Clause: Limit one of each Pok\u00e9mon\n|rule|OHKO Clause: OHKO moves are banned\n|rule|Evasion Items Clause: Evasion items are banned\n|rule|Evasion Moves Clause: Evasion moves are banned\n|rule|Endless Battle Clause: Forcing endless battles is banned\n|rule|HP Percentage Mod: HP is shown in percentages\n|clearpoke\n|poke|p1|Ninetales-Alola, F|\n|poke|p1|Mamoswine, M|\n|poke|p1|Ogerpon-Wellspring, F|\n|poke|p1|Kilowattrel, F|\n|poke|p1|Pelipper, F|\n|poke|p1|Glimmora, F|\n|poke|p2|Regieleki|\n|poke|p2|Amoonguss, M|\n|poke|p2|Orthworm, M|\n|poke|p2|Iron Hands|\n|poke|p2|Armarouge, M|\n|poke|p2|Quaquaval, M|\n|teampreview\n|\n|t:|1700362721\n|start\n|switch|p1a: nightshade|Glimmora, F|100\/100\n|switch|p2a: W O R M|Orthworm, M, shiny|100\/100\n|turn|1\n|\n|t:|1700362734\n|move|p1a: nightshade|Stealth Rock|p2a: W O R M\n|-sidestart|p2: Dirty Dilbert|move: Stealth Rock\n|move|p2a: W O R M|Stealth Rock|p1a: nightshade\n|-sidestart|p1: Sl3kii|move: Stealth Rock\n|\n|upkeep\n|turn|2\n|j| jblockman77\n|c|\u2606Sl3kii|god i forgot about the worm\n|\n|t:|1700362779\n|switch|p1a: blitzbird|Kilowattrel, F|100\/100\n|-damage|p1a: blitzbird|76\/100|[from] Stealth Rock\n|move|p2a: W O R M|Iron Head|p1a: blitzbird\n|-resisted|p1a: blitzbird\n|-damage|p1a: blitzbird|54\/100\n|\n|-heal|p1a: blitzbird|60\/100|[from] item: Leftovers\n|upkeep\n|turn|3\n|\n|t:|1700362790\n|move|p1a: blitzbird|Thunder Wave|p2a: W O R M\n|-status|p2a: W O R M|par\n|move|p2a: W O R M|Iron Defense|p2a: W O R M\n|-boost|p2a: W O R M|def|2\n|\n|-heal|p1a: blitzbird|66\/100|[from] item: Leftovers\n|upkeep\n|turn|4\n|\n|t:|1700362802\n|switch|p1a: pelekiller|Pelipper, F|100\/100\n|-damage|p1a: pelekiller|76\/100|[from] Stealth Rock\n|-weather|RainDance|[from] ability: Drizzle|[of] p1a: pelekiller\n|cant|p2a: W O R M|par\n|\n|-weather|RainDance|[upkeep]\n|upkeep\n|turn|5\n|\n|t:|1700362814\n|move|p1a: pelekiller|Hurricane|p2a: W O R M\n|-resisted|p2a: W O R M\n|-damage|p2a: W O R M|69\/100 par\n|move|p2a: W O R M|Iron Head|p1a: pelekiller\n|-resisted|p1a: pelekiller\n|-damage|p1a: pelekiller|60\/100\n|\n|-weather|RainDance|[upkeep]\n|-heal|p2a: W O R M|75\/100 par|[from] item: Leftovers\n|upkeep\n|turn|6\n|\n|t:|1700362832\n|switch|p2a: Leki boy|Regieleki, shiny|100\/100\n|-damage|p2a: Leki boy|88\/100|[from] Stealth Rock\n|move|p1a: pelekiller|Weather Ball|p2a: Leki boy\n|-damage|p2a: Leki boy|0 fnt\n|faint|p2a: Leki boy\n|\n|-weather|RainDance|[upkeep]\n|upkeep\n|c|\u2606Sl3kii|OH SHIT\n|c|\u2606Dirty Dilbert|rip\n|\n|t:|1700362846\n|switch|p2a: Hand lad|Iron Hands, shiny|100\/100\n|-damage|p2a: Hand lad|94\/100|[from] Stealth Rock\n|turn|7\n|\n|t:|1700362851\n|-terastallize|p1a: pelekiller|Ground\n|move|p1a: pelekiller|Tera Blast|p2a: Hand lad|[anim] Tera Blast Ground\n|-supereffective|p2a: Hand lad\n|-damage|p2a: Hand lad|35\/100\n|move|p2a: Hand lad|Belly Drum||[still]\n|-fail|p2a: Hand lad\n|\n|-weather|RainDance|[upkeep]\n|-heal|p2a: Hand lad|41\/100|[from] item: Leftovers\n|upkeep\n|turn|8\n|\n|t:|1700362861\n|move|p1a: pelekiller|Tera Blast|p2a: Hand lad|[anim] Tera Blast Ground\n|-supereffective|p2a: Hand lad\n|-damage|p2a: Hand lad|0 fnt\n|faint|p2a: Hand lad\n|-end|p2a: Hand lad|Quark Drive|[silent]\n|\n|-weather|RainDance|[upkeep]\n|upkeep\n|\n|t:|1700362870\n|switch|p2a: Amogus|Amoonguss, M, shiny|100\/100\n|-damage|p2a: Amogus|88\/100|[from] Stealth Rock\n|turn|9\n|\n|t:|1700362876\n|-terastallize|p2a: Amogus|Water\n|move|p1a: pelekiller|Hurricane|p2a: Amogus\n|-damage|p2a: Amogus|47\/100\n|-start|p2a: Amogus|confusion\n|-activate|p2a: Amogus|confusion\n|move|p2a: Amogus|Spore|p1a: pelekiller\n|-status|p1a: pelekiller|slp|[from] move: Spore\n|\n|-weather|RainDance|[upkeep]\n|upkeep\n|turn|10\n|c|\u2606Dirty Dilbert|told ya I lose\n|\n|t:|1700362892\n|switch|p1a: blitzbird|Kilowattrel, F|66\/100\n|-damage|p1a: blitzbird|41\/100|[from] Stealth Rock\n|-end|p2a: Amogus|confusion\n|move|p2a: Amogus|Giga Drain|p1a: blitzbird\n|-resisted|p1a: blitzbird\n|-damage|p1a: blitzbird|20\/100\n|-heal|p2a: Amogus|54\/100|[from] drain|[of] p1a: blitzbird\n|\n|-weather|RainDance|[upkeep]\n|-heal|p1a: blitzbird|26\/100|[from] item: Leftovers\n|upkeep\n|turn|11\n|\n|t:|1700362912\n|move|p2a: Amogus|Protect|p2a: Amogus\n|-singleturn|p2a: Amogus|Protect\n|move|p1a: blitzbird|Thunder|p2a: Amogus\n|-activate|p2a: Amogus|move: Protect\n|\n|-weather|none\n|-heal|p1a: blitzbird|32\/100|[from] item: Leftovers\n|upkeep\n|turn|12\n|j| XAE123\n|\n|t:|1700362933\n|switch|p2a: W O R M|Orthworm, M, shiny|75\/100 par\n|-damage|p2a: W O R M|69\/100 par|[from] Stealth Rock\n|move|p1a: blitzbird|Thunder|p2a: W O R M\n|-damage|p2a: W O R M|0 fnt\n|faint|p2a: W O R M\n|\n|-heal|p1a: blitzbird|38\/100|[from] item: Leftovers\n|upkeep\n|\n|t:|1700362936\n|switch|p2a: Amogus|Amoonguss, M, shiny, tera:Water|87\/100\n|-damage|p2a: Amogus|75\/100|[from] Stealth Rock\n|turn|13\n|c|\u2606Dirty Dilbert|yeah its jover\n|c|\u2606Dirty Dilbert|gg lmao\n|\n|t:|1700362961\n|move|p1a: blitzbird|Thunder|p2a: Amogus\n|-supereffective|p2a: Amogus\n|-damage|p2a: Amogus|0 fnt\n|faint|p2a: Amogus\n|\n|-heal|p1a: blitzbird|44\/100|[from] item: Leftovers\n|upkeep\n|\n|t:|1700362970\n|switch|p2a: zest fest overload|Quaquaval, M|100\/100\n|-damage|p2a: zest fest overload|94\/100|[from] Stealth Rock\n|turn|14\n|c| XAE123|Kilowattrel is cracked\n|c|\u2606Dirty Dilbert|fr\n|\n|t:|1700362986\n|move|p1a: blitzbird|Thunder|p2a: zest fest overload\n|-supereffective|p2a: zest fest overload\n|-damage|p2a: zest fest overload|0 fnt\n|faint|p2a: zest fest overload\n|\n|-heal|p1a: blitzbird|50\/100|[from] item: Leftovers\n|upkeep\n|\n|t:|1700362990\n|switch|p2a: Red mega man|Armarouge, M, shiny|100\/100\n|-damage|p2a: Red mega man|76\/100|[from] Stealth Rock\n|turn|15\n|\n|t:|1700362997\n|move|p1a: blitzbird|Thunder|p2a: Red mega man\n|-damage|p2a: Red mega man|16\/100\n|move|p2a: Red mega man|Destiny Bond|p2a: Red mega man\n|-singlemove|p2a: Red mega man|Destiny Bond\n|\n|-heal|p1a: blitzbird|56\/100|[from] item: Leftovers\n|-heal|p2a: Red mega man|22\/100|[from] item: Leftovers\n|upkeep\n|turn|16\n|c| XAE123|Did bro hit 4 thunders in a row\n|c| XAE123|holy shit\n|c|\u2606Dirty Dilbert|I'm getting 1 mon\n|\n|t:|1700363016\n|switch|p1a: persona|Ogerpon-Wellspring, F|100\/100\n|-damage|p1a: persona|88\/100|[from] Stealth Rock\n|move|p2a: Red mega man|Armor Cannon|p1a: persona\n|-damage|p1a: persona|6\/100\n|-unboost|p2a: Red mega man|def|1\n|-unboost|p2a: Red mega man|spd|1\n|\n|-heal|p2a: Red mega man|29\/100|[from] item: Leftovers\n|upkeep\n|turn|17\n|\n|t:|1700363028\n|move|p1a: persona|Ivy Cudgel|p2a: Red mega man|[anim] Ivy Cudgel Water\n|-supereffective|p2a: Red mega man\n|-damage|p2a: Red mega man|0 fnt\n|faint|p2a: Red mega man\n|\n|win|Sl3kii\n|c| XAE123|Joever\n|c|\u2606Dirty Dilbert|lmao\n","uploadtime":1700363035,"views":16,"p1id":"sl3kii","p2id":"dirtydilbert","formatid":"gen9ubers","rating":0,"private":0,"password":""}