{"id":"gen9ubers-1986461804","p1":"PNG_Trym","p2":"lavenderfires","format":"[Gen 9] Ubers","log":"|j|\u2606PNG_Trym\n|j|\u2606lavenderfires\n|t:|1699481488\n|gametype|singles\n|player|p1|PNG_Trym|lance|1068\n|player|p2|lavenderfires|1|1038\n|teamsize|p1|6\n|teamsize|p2|6\n|gen|9\n|tier|[Gen 9] Ubers\n|rated|\n|rule|Sleep Clause Mod: Limit one foe put to sleep\n|rule|Species Clause: Limit one of each Pok\u00e9mon\n|rule|OHKO Clause: OHKO moves are banned\n|rule|Evasion Items Clause: Evasion items are banned\n|rule|Evasion Moves Clause: Evasion moves are banned\n|rule|Endless Battle Clause: Forcing endless battles is banned\n|rule|HP Percentage Mod: HP is shown in percentages\n|clearpoke\n|poke|p1|Greninja-*, F|\n|poke|p1|Baxcalibur, M|\n|poke|p1|Tyranitar, F|\n|poke|p1|Gholdengo|\n|poke|p1|Walking Wake|\n|poke|p1|Great Tusk|\n|poke|p2|Chesnaught, F|\n|poke|p2|Baxcalibur, F|\n|poke|p2|Breloom, M|\n|poke|p2|Ting-Lu|\n|poke|p2|Raichu-Alola, M|\n|poke|p2|Zoroark-Hisui, F|\n|teampreview\n|\n|t:|1699481498\n|start\n|switch|p1a: Tyranitar|Tyranitar, F|100\/100\n|switch|p2a: Chesnaught|Chesnaught, F, shiny|100\/100\n|-weather|Sandstorm|[from] ability: Sand Stream|[of] p1a: Tyranitar\n|turn|1\n|\n|t:|1699481508\n|-terastallize|p1a: Tyranitar|Flying\n|move|p2a: Chesnaught|Spiky Shield|p2a: Chesnaught\n|-singleturn|p2a: Chesnaught|move: Protect\n|move|p1a: Tyranitar|Dragon Dance|p1a: Tyranitar\n|-boost|p1a: Tyranitar|atk|1\n|-boost|p1a: Tyranitar|spe|1\n|\n|-weather|Sandstorm|[upkeep]\n|-damage|p1a: Tyranitar|94\/100|[from] Sandstorm\n|-damage|p2a: Chesnaught|94\/100|[from] Sandstorm\n|-heal|p2a: Chesnaught|100\/100|[from] item: Leftovers\n|upkeep\n|turn|2\n|\n|t:|1699481524\n|move|p2a: Chesnaught|Spiky Shield|p2a: Chesnaught\n|-singleturn|p2a: Chesnaught|move: Protect\n|move|p1a: Tyranitar|Tera Blast|p2a: Chesnaught|[anim] Tera Blast Flying\n|-activate|p2a: Chesnaught|move: Protect\n|\n|-weather|Sandstorm|[upkeep]\n|-damage|p1a: Tyranitar|88\/100|[from] Sandstorm\n|-damage|p2a: Chesnaught|94\/100|[from] Sandstorm\n|-heal|p2a: Chesnaught|100\/100|[from] item: Leftovers\n|upkeep\n|turn|3\n|\n|t:|1699481535\n|move|p1a: Tyranitar|Dragon Dance|p1a: Tyranitar\n|-boost|p1a: Tyranitar|atk|1\n|-boost|p1a: Tyranitar|spe|1\n|move|p2a: Chesnaught|Dragon Claw|p1a: Tyranitar\n|-damage|p1a: Tyranitar|71\/100\n|\n|-weather|Sandstorm|[upkeep]\n|-damage|p1a: Tyranitar|65\/100|[from] Sandstorm\n|-damage|p2a: Chesnaught|94\/100|[from] Sandstorm\n|-heal|p2a: Chesnaught|100\/100|[from] item: Leftovers\n|upkeep\n|turn|4\n|\n|t:|1699481551\n|move|p1a: Tyranitar|Tera Blast|p2a: Chesnaught|[anim] Tera Blast Flying\n|-supereffective|p2a: Chesnaught\n|-damage|p2a: Chesnaught|0 fnt\n|faint|p2a: Chesnaught\n|\n|-weather|Sandstorm|[upkeep]\n|-damage|p1a: Tyranitar|59\/100|[from] Sandstorm\n|upkeep\n|\n|t:|1699481559\n|switch|p2a: Raichu|Raichu-Alola, M, shiny|100\/100\n|turn|5\n|\n|t:|1699481565\n|move|p1a: Tyranitar|Crunch|p2a: Raichu\n|-supereffective|p2a: Raichu\n|-damage|p2a: Raichu|0 fnt\n|faint|p2a: Raichu\n|\n|-weather|none\n|upkeep\n|\n|t:|1699481573\n|switch|p2a: Breloom|Breloom, M|100\/100\n|turn|6\n|\n|t:|1699481579\n|move|p1a: Tyranitar|Tera Blast|p2a: Breloom|[anim] Tera Blast Flying\n|-supereffective|p2a: Breloom\n|-damage|p2a: Breloom|0 fnt\n|faint|p2a: Breloom\n|\n|upkeep\n|\n|t:|1699481585\n|switch|p2a: Baxcalibur|Baxcalibur, F|100\/100\n|turn|7\n|\n|t:|1699481590\n|move|p1a: Tyranitar|Stone Edge|p2a: Baxcalibur\n|-supereffective|p2a: Baxcalibur\n|-damage|p2a: Baxcalibur|0 fnt\n|faint|p2a: Baxcalibur\n|\n|upkeep\n|\n|t:|1699481595\n|switch|p2a: Ting-Lu|Ting-Lu|100\/100\n|turn|8\n|\n|t:|1699481605\n|move|p1a: Tyranitar|Tera Blast|p2a: Ting-Lu|[anim] Tera Blast Flying\n|-damage|p2a: Ting-Lu|0 fnt\n|replace|p2a: Zoroark|Zoroark-Hisui, F\n|-end|p2a: Zoroark|Illusion\n|faint|p2a: Zoroark\n|\n|upkeep\n|\n|t:|1699481611\n|switch|p2a: Ting-Lu|Ting-Lu|100\/100\n|-ability|p2a: Ting-Lu|Vessel of Ruin\n|turn|9\n|\n|t:|1699481618\n|move|p1a: Tyranitar|Tera Blast|p2a: Ting-Lu|[anim] Tera Blast Flying\n|-damage|p2a: Ting-Lu|58\/100\n|move|p2a: Ting-Lu|Heavy Slam|p1a: Tyranitar\n|-damage|p1a: Tyranitar|39\/100\n|\n|-heal|p2a: Ting-Lu|65\/100|[from] item: Leftovers\n|upkeep\n|turn|10\n|\n|t:|1699481628\n|move|p1a: Tyranitar|Tera Blast|p2a: Ting-Lu|[anim] Tera Blast Flying\n|-damage|p2a: Ting-Lu|23\/100\n|move|p2a: Ting-Lu|Heavy Slam|p1a: Tyranitar\n|-damage|p1a: Tyranitar|19\/100\n|\n|-heal|p2a: Ting-Lu|29\/100|[from] item: Leftovers\n|upkeep\n|turn|11\n|\n|t:|1699481636\n|move|p1a: Tyranitar|Tera Blast|p2a: Ting-Lu|[anim] Tera Blast Flying\n|-damage|p2a: Ting-Lu|0 fnt\n|faint|p2a: Ting-Lu\n|\n|win|PNG_Trym\n|raw|PNG_Trym's rating: 1068 &rarr; <strong>1095<\/strong><br \/>(+27 for winning)\n|raw|lavenderfires's rating: 1038 &rarr; <strong>1024<\/strong><br \/>(-14 for losing)\n|c|\u2606lavenderfires|Gg\n|c|\u2606PNG_Trym|gg\n|l|\u2606lavenderfires\n","uploadtime":1699481652,"views":9,"p1id":"pngtrym","p2id":"lavenderfires","formatid":"gen9ubers","rating":1024,"private":0,"password":""}