{"id":"gen9ubers-1969243418","p1":"Nuttyr","p2":"flambojambo","format":"[Gen 9] Ubers","log":"|j|\u2606Nuttyr\n|j|\u2606flambojambo\n|t:|1697505274\n|gametype|singles\n|player|p1|Nuttyr|101|\n|player|p2|flambojambo|skyla|\n|teamsize|p1|6\n|teamsize|p2|6\n|gen|9\n|tier|[Gen 9] Ubers\n|rule|Sleep Clause Mod: Limit one foe put to sleep\n|rule|Species Clause: Limit one of each Pok\u00e9mon\n|rule|OHKO Clause: OHKO moves are banned\n|rule|Evasion Items Clause: Evasion items are banned\n|rule|Evasion Moves Clause: Evasion moves are banned\n|rule|Endless Battle Clause: Forcing endless battles is banned\n|rule|HP Percentage Mod: HP is shown in percentages\n|clearpoke\n|poke|p1|Ninetales-Alola, M|\n|poke|p1|Garganacl, M|\n|poke|p1|Gholdengo|\n|poke|p1|Samurott-Hisui, M|\n|poke|p1|Quaquaval, M|\n|poke|p1|Typhlosion, M|\n|poke|p2|Skeledirge, F|\n|poke|p2|Decidueye, M|\n|poke|p2|Zamazenta-*|\n|poke|p2|Manaphy|\n|poke|p2|Mamoswine, F|\n|poke|p2|Enamorus, F|\n|teampreview\n|inactive|Battle timer is ON: inactive players will automatically lose when time's up. (requested by Nuttyr)\n|\n|t:|1697505286\n|start\n|switch|p1a: Ninetales|Ninetales-Alola, M|100\/100\n|switch|p2a: Monsert - ROO BEER|Decidueye, M|100\/100\n|-weather|Snow|[from] ability: Snow Warning|[of] p1a: Ninetales\n|turn|1\n|inactive|flambojambo has 270 seconds left.\n|\n|t:|1697505321\n|move|p1a: Ninetales|Aurora Veil|p1a: Ninetales\n|-sidestart|p1: Nuttyr|move: Aurora Veil\n|move|p2a: Monsert - ROO BEER|Spirit Shackle|p1a: Ninetales\n|-damage|p1a: Ninetales|82\/100\n|-activate|p1a: Ninetales|trapped\n|\n|-weather|Snow|[upkeep]\n|upkeep\n|turn|2\n|\n|t:|1697505331\n|move|p1a: Ninetales|Blizzard|p2a: Monsert - ROO BEER\n|-supereffective|p2a: Monsert - ROO BEER\n|-damage|p2a: Monsert - ROO BEER|24\/100\n|move|p2a: Monsert - ROO BEER|Leaf Blade|p1a: Ninetales\n|-damage|p1a: Ninetales|64\/100\n|\n|-weather|Snow|[upkeep]\n|upkeep\n|turn|3\n|inactive|flambojambo has 270 seconds left.\n|\n|t:|1697505348\n|switch|p2a: pebZI|Zamazenta-Crowned|100\/100\n|-ability|p2a: pebZI|Dauntless Shield|boost\n|-boost|p2a: pebZI|def|1\n|move|p1a: Ninetales|Blizzard|p2a: pebZI\n|-resisted|p2a: pebZI\n|-damage|p2a: pebZI|88\/100\n|\n|-weather|Snow|[upkeep]\n|upkeep\n|turn|4\n|inactive|flambojambo has 270 seconds left.\n|\n|t:|1697505369\n|switch|p1a: Gholdengo|Gholdengo|100\/100\n|move|p2a: pebZI|Iron Defense|p2a: pebZI\n|-boost|p2a: pebZI|def|2\n|\n|-weather|Snow|[upkeep]\n|upkeep\n|turn|5\n|\n|t:|1697505396\n|switch|p2a: spirt|Manaphy|100\/100\n|move|p1a: Gholdengo|Shadow Ball|p2a: spirt\n|-damage|p2a: spirt|57\/100\n|\n|-weather|none\n|-heal|p2a: spirt|63\/100|[from] item: Leftovers\n|upkeep\n|turn|6\n|\n|t:|1697505410\n|switch|p1a: Samurott|Samurott-Hisui, M|100\/100\n|move|p2a: spirt|Tail Glow|p2a: spirt\n|-boost|p2a: spirt|spa|3\n|\n|-heal|p2a: spirt|69\/100|[from] item: Leftovers\n|upkeep\n|turn|7\n|inactive|flambojambo has 240 seconds left.\n|j| RektCactus\n|\n|t:|1697505432\n|move|p2a: spirt|Tail Glow|p2a: spirt\n|-boost|p2a: spirt|spa|3\n|move|p1a: Samurott|Knock Off|p2a: spirt\n|-damage|p2a: spirt|14\/100\n|-enditem|p2a: spirt|Leftovers|[from] move: Knock Off|[of] p1a: Samurott\n|-damage|p1a: Samurott|91\/100|[from] item: Life Orb\n|\n|upkeep\n|turn|8\n|inactive|flambojambo has 240 seconds left.\n|\n|t:|1697505443\n|move|p2a: spirt|Surf|p1a: Samurott\n|-resisted|p1a: Samurott\n|-damage|p1a: Samurott|37\/100\n|move|p1a: Samurott|Ceaseless Edge|p2a: spirt\n|-damage|p2a: spirt|0 fnt\n|-sidestart|p2: flambojambo|Spikes\n|faint|p2a: spirt\n|-damage|p1a: Samurott|27\/100|[from] item: Life Orb\n|\n|-sideend|p1: Nuttyr|move: Aurora Veil\n|upkeep\n|\n|t:|1697505472\n|switch|p2a: ROO BEER|Mamoswine, F|100\/100\n|-damage|p2a: ROO BEER|88\/100|[from] Spikes\n|turn|9\n|inactive|flambojambo has 210 seconds left.\n|\n|t:|1697505498\n|switch|p2a: mm dogta pebba|Skeledirge, F|100\/100\n|-damage|p2a: mm dogta pebba|88\/100|[from] Spikes\n|move|p1a: Samurott|Aqua Cutter|p2a: mm dogta pebba\n|-supereffective|p2a: mm dogta pebba\n|-damage|p2a: mm dogta pebba|0 fnt\n|faint|p2a: mm dogta pebba\n|-damage|p1a: Samurott|17\/100|[from] item: Life Orb\n|\n|upkeep\n|\n|t:|1697505513\n|switch|p2a: pebZI|Zamazenta-Crowned|88\/100\n|-damage|p2a: pebZI|76\/100|[from] Spikes\n|turn|10\n|\n|t:|1697505523\n|move|p2a: pebZI|Behemoth Bash|p1a: Samurott\n|-resisted|p1a: Samurott\n|-damage|p1a: Samurott|0 fnt\n|faint|p1a: Samurott\n|\n|upkeep\n|\n|t:|1697505532\n|switch|p1a: Garganacl|Garganacl, M|100\/100\n|turn|11\n|\n|t:|1697505539\n|switch|p2a: Monsert - ROO BEER|Decidueye, M|24\/100\n|-terastallize|p1a: Garganacl|Water\n|move|p1a: Garganacl|Iron Defense|p1a: Garganacl\n|-boost|p1a: Garganacl|def|2\n|\n|upkeep\n|turn|12\n|inactive|flambojambo has 210 seconds left.\n|\n|t:|1697505548\n|switch|p1a: Ninetales|Ninetales-Alola, M|64\/100\n|-weather|Snow|[from] ability: Snow Warning|[of] p1a: Ninetales\n|move|p2a: Monsert - ROO BEER|Grass Knot|p1a: Ninetales\n|-damage|p1a: Ninetales|50\/100\n|\n|-weather|Snow|[upkeep]\n|upkeep\n|turn|13\n|inactive|flambojambo has 210 seconds left.\n|\n|t:|1697505560\n|switch|p2a: pebZI|Zamazenta-Crowned|76\/100\n|-damage|p2a: pebZI|63\/100|[from] Spikes\n|move|p1a: Ninetales|Aurora Veil|p1a: Ninetales\n|-sidestart|p1: Nuttyr|move: Aurora Veil\n|\n|-weather|Snow|[upkeep]\n|upkeep\n|turn|14\n|\n|t:|1697505571\n|switch|p1a: Garganacl|Garganacl, M, tera:Water|100\/100\n|move|p2a: pebZI|Iron Defense|p2a: pebZI\n|-boost|p2a: pebZI|def|2\n|\n|-weather|Snow|[upkeep]\n|upkeep\n|turn|15\n|inactive|flambojambo has 210 seconds left.\n|\n|t:|1697505605\n|move|p2a: pebZI|Body Press|p1a: Garganacl\n|-damage|p1a: Garganacl|76\/100\n|move|p1a: Garganacl|Salt Cure|p2a: pebZI\n|-resisted|p2a: pebZI\n|-damage|p2a: pebZI|62\/100\n|-start|p2a: pebZI|Salt Cure\n|\n|-weather|Snow|[upkeep]\n|-heal|p1a: Garganacl|82\/100|[from] item: Leftovers\n|-damage|p2a: pebZI|37\/100|[from] Salt Cure\n|upkeep\n|turn|16\n|\n|t:|1697505618\n|switch|p2a: Monsert - ROO BEER|Decidueye, M|24\/100\n|move|p1a: Garganacl|Iron Defense|p1a: Garganacl\n|-boost|p1a: Garganacl|def|2\n|\n|-weather|none\n|-heal|p1a: Garganacl|88\/100|[from] item: Leftovers\n|upkeep\n|turn|17\n|\n|t:|1697505627\n|move|p2a: Monsert - ROO BEER|Grass Knot|p1a: Garganacl\n|-supereffective|p1a: Garganacl\n|-damage|p1a: Garganacl|61\/100\n|move|p1a: Garganacl|Salt Cure|p2a: Monsert - ROO BEER\n|-damage|p2a: Monsert - ROO BEER|2\/100\n|-start|p2a: Monsert - ROO BEER|Salt Cure\n|\n|-heal|p1a: Garganacl|68\/100|[from] item: Leftovers\n|-damage|p2a: Monsert - ROO BEER|0 fnt|[from] Salt Cure\n|faint|p2a: Monsert - ROO BEER\n|upkeep\n|\n|t:|1697505641\n|switch|p2a: Enamorus|Enamorus, F|100\/100\n|turn|18\n|\n|t:|1697505655\n|move|p2a: Enamorus|Moonblast|p1a: Garganacl\n|-damage|p1a: Garganacl|45\/100\n|-unboost|p1a: Garganacl|spa|1\n|move|p1a: Garganacl|Salt Cure|p2a: Enamorus\n|-supereffective|p2a: Enamorus\n|-damage|p2a: Enamorus|54\/100\n|-start|p2a: Enamorus|Salt Cure\n|\n|-heal|p1a: Garganacl|51\/100|[from] item: Leftovers\n|-damage|p2a: Enamorus|42\/100|[from] Salt Cure\n|upkeep\n|turn|19\n|\n|t:|1697505665\n|move|p2a: Enamorus|Moonblast|p1a: Garganacl\n|-damage|p1a: Garganacl|25\/100\n|move|p1a: Garganacl|Recover|p1a: Garganacl\n|-heal|p1a: Garganacl|75\/100\n|\n|-heal|p1a: Garganacl|82\/100|[from] item: Leftovers\n|-damage|p2a: Enamorus|29\/100|[from] Salt Cure\n|upkeep\n|turn|20\n|\n|t:|1697505673\n|move|p2a: Enamorus|Moonblast|p1a: Garganacl\n|-damage|p1a: Garganacl|58\/100\n|-unboost|p1a: Garganacl|spa|1\n|move|p1a: Garganacl|Recover|p1a: Garganacl\n|-heal|p1a: Garganacl|100\/100\n|\n|-damage|p2a: Enamorus|17\/100|[from] Salt Cure\n|-sideend|p1: Nuttyr|move: Aurora Veil\n|upkeep\n|turn|21\n|\n|t:|1697505682\n|switch|p1a: Typhlosion|Typhlosion, M|100\/100\n|move|p2a: Enamorus|Moonblast|p1a: Typhlosion\n|-resisted|p1a: Typhlosion\n|-damage|p1a: Typhlosion|64\/100\n|\n|-damage|p2a: Enamorus|4\/100|[from] Salt Cure\n|upkeep\n|turn|22\n|inactive|flambojambo has 210 seconds left.\n|\n|t:|1697505693\n|move|p1a: Typhlosion|Quick Attack|p2a: Enamorus\n|-damage|p2a: Enamorus|0 fnt\n|-start|p1a: Typhlosion|Attract|[from] ability: Cute Charm|[of] p2a: Enamorus\n|faint|p2a: Enamorus\n|-end|p1a: Typhlosion|Attract|[silent]\n|\n|upkeep\n|\n|t:|1697505700\n|switch|p2a: ROO BEER|Mamoswine, F|88\/100\n|-damage|p2a: ROO BEER|76\/100|[from] Spikes\n|turn|23\n|\n|t:|1697505712\n|move|p1a: Typhlosion|Eruption|p2a: ROO BEER\n|-supereffective|p2a: ROO BEER\n|-damage|p2a: ROO BEER|12\/100\n|move|p2a: ROO BEER|Earthquake|p1a: Typhlosion\n|-supereffective|p1a: Typhlosion\n|-damage|p1a: Typhlosion|0 fnt\n|faint|p1a: Typhlosion\n|\n|upkeep\n|\n|t:|1697505734\n|switch|p1a: Quaquaval|Quaquaval, M|100\/100\n|turn|24\n|\n|t:|1697505741\n|move|p2a: ROO BEER|Ice Shard|p1a: Quaquaval\n|-resisted|p1a: Quaquaval\n|-damage|p1a: Quaquaval|86\/100\n|move|p1a: Quaquaval|Aqua Step|p2a: ROO BEER\n|-supereffective|p2a: ROO BEER\n|-crit|p2a: ROO BEER\n|-damage|p2a: ROO BEER|0 fnt\n|-boost|p1a: Quaquaval|spe|1\n|faint|p2a: ROO BEER\n|-ability|p1a: Quaquaval|Moxie|boost\n|-boost|p1a: Quaquaval|atk|1\n|\n|upkeep\n|\n|t:|1697505752\n|switch|p2a: pebZI|Zamazenta-Crowned|37\/100\n|-damage|p2a: pebZI|25\/100|[from] Spikes\n|turn|25\n|\n|t:|1697505764\n|move|p1a: Quaquaval|Close Combat|p2a: pebZI\n|-supereffective|p2a: pebZI\n|-damage|p2a: pebZI|0 fnt\n|-unboost|p1a: Quaquaval|def|1\n|-unboost|p1a: Quaquaval|spd|1\n|faint|p2a: pebZI\n|\n|win|Nuttyr\n|l|\u2606flambojambo\n","uploadtime":1697505863,"views":15,"p1id":"nuttyr","p2id":"flambojambo","formatid":"gen9ubers","rating":0,"private":0,"password":""}