{"id":"gen9ubers-1994871967","p1":"MightL","p2":"pokeperson69420","format":"[Gen 9] Ubers","log":"|j|\u2606MightL\n|j|\u2606pokeperson69420\n|t:|1700500467\n|gametype|singles\n|player|p1|MightL|265|1020\n|player|p2|pokeperson69420|1|1057\n|teamsize|p1|6\n|teamsize|p2|6\n|gen|9\n|tier|[Gen 9] Ubers\n|rated|\n|rule|Sleep Clause Mod: Limit one foe put to sleep\n|rule|Species Clause: Limit one of each Pok\u00e9mon\n|rule|OHKO Clause: OHKO moves are banned\n|rule|Evasion Items Clause: Evasion items are banned\n|rule|Evasion Moves Clause: Evasion moves are banned\n|rule|Endless Battle Clause: Forcing endless battles is banned\n|rule|HP Percentage Mod: HP is shown in percentages\n|clearpoke\n|poke|p1|Kyogre|\n|poke|p1|Krookodile, M|\n|poke|p1|Arcanine, F|\n|poke|p1|Decidueye, F|\n|poke|p1|Breloom, F|\n|poke|p1|Quagsire, M|\n|poke|p2|Ninetales-Alola, F|\n|poke|p2|Baxcalibur, F|\n|poke|p2|Chien-Pao|\n|poke|p2|Mamoswine, F|\n|poke|p2|Sandslash-Alola, F|\n|poke|p2|Frosmoth, F|\n|teampreview\n|inactive|Battle timer is ON: inactive players will automatically lose when time's up. (requested by MightL)\n|c|\u2606pokeperson69420|gl hf\n|\n|t:|1700500476\n|start\n|switch|p1a: Woof|Arcanine, F|100\/100\n|switch|p2a: Snowy:)|Ninetales-Alola, F, shiny|100\/100\n|-weather|Snow|[from] ability: Snow Warning|[of] p2a: Snowy:)\n|turn|1\n|\n|t:|1700500483\n|move|p2a: Snowy:)|Aurora Veil|p2a: Snowy:)\n|-sidestart|p2: pokeperson69420|move: Aurora Veil\n|move|p1a: Woof|Flare Blitz|p2a: Snowy:)\n|-supereffective|p2a: Snowy:)\n|-damage|p2a: Snowy:)|12\/100\n|-damage|p1a: Woof|74\/100|[from] Recoil\n|\n|-weather|Snow|[upkeep]\n|upkeep\n|turn|2\n|\n|t:|1700500491\n|switch|p2a: spikey boi|Sandslash-Alola, F, shiny|100\/100\n|move|p1a: Woof|Flare Blitz|p2a: spikey boi\n|-supereffective|p2a: spikey boi\n|-damage|p2a: spikey boi|0 fnt\n|faint|p2a: spikey boi\n|-damage|p1a: Woof|44\/100|[from] Recoil\n|\n|-weather|Snow|[upkeep]\n|upkeep\n|\n|t:|1700500502\n|switch|p2a: chonk|Mamoswine, F, shiny|100\/100\n|turn|3\n|\n|t:|1700500514\n|switch|p1a: Breloom|Breloom, F|100\/100\n|move|p2a: chonk|Earthquake|p1a: Breloom\n|-resisted|p1a: Breloom\n|-damage|p1a: Breloom|59\/100\n|\n|-weather|Snow|[upkeep]\n|-heal|p1a: Breloom|65\/100|[from] item: Leftovers\n|upkeep\n|turn|4\n|\n|t:|1700500522\n|move|p2a: chonk|Ice Shard|p1a: Breloom\n|-supereffective|p1a: Breloom\n|-damage|p1a: Breloom|0 fnt\n|faint|p1a: Breloom\n|\n|-weather|Snow|[upkeep]\n|upkeep\n|\n|t:|1700500535\n|switch|p1a: SlickRick|Krookodile, M|100\/100\n|turn|5\n|\n|t:|1700500545\n|move|p2a: chonk|Ice Shard|p1a: SlickRick\n|-supereffective|p1a: SlickRick\n|-damage|p1a: SlickRick|40\/100\n|move|p1a: SlickRick|Dragon Pulse|p2a: chonk\n|-damage|p2a: chonk|92\/100\n|\n|-weather|Snow|[upkeep]\n|-sideend|p2: pokeperson69420|move: Aurora Veil\n|upkeep\n|turn|6\n|\n|t:|1700500553\n|switch|p1a: Decidueye|Decidueye, F|100\/100\n|move|p2a: chonk|Ice Shard|p1a: Decidueye\n|-supereffective|p1a: Decidueye\n|-damage|p1a: Decidueye|40\/100\n|\n|-weather|Snow|[upkeep]\n|upkeep\n|turn|7\n|\n|t:|1700500565\n|move|p2a: chonk|Ice Shard|p1a: Decidueye\n|-supereffective|p1a: Decidueye\n|-damage|p1a: Decidueye|0 fnt\n|faint|p1a: Decidueye\n|\n|-weather|Snow|[upkeep]\n|upkeep\n|\n|t:|1700500570\n|switch|p1a: Woof|Arcanine, F|44\/100\n|turn|8\n|\n|t:|1700500574\n|move|p1a: Woof|Flare Blitz|p2a: chonk\n|-supereffective|p2a: chonk\n|-damage|p2a: chonk|29\/100\n|-damage|p1a: Woof|21\/100|[from] Recoil\n|move|p2a: chonk|Earthquake|p1a: Woof\n|-supereffective|p1a: Woof\n|-damage|p1a: Woof|0 fnt\n|faint|p1a: Woof\n|\n|-weather|none\n|upkeep\n|\n|t:|1700500583\n|switch|p1a: WaterHorse|Kyogre|100\/100\n|-weather|RainDance|[from] ability: Drizzle|[of] p1a: WaterHorse\n|turn|9\n|\n|t:|1700500592\n|move|p2a: chonk|Ice Shard|p1a: WaterHorse\n|-resisted|p1a: WaterHorse\n|-damage|p1a: WaterHorse|90\/100\n|move|p1a: WaterHorse|Calm Mind|p1a: WaterHorse\n|-boost|p1a: WaterHorse|spa|1\n|-boost|p1a: WaterHorse|spd|1\n|\n|-weather|RainDance|[upkeep]\n|upkeep\n|turn|10\n|\n|t:|1700500608\n|switch|p2a: Luck10000|Baxcalibur, F, shiny|100\/100\n|move|p1a: WaterHorse|Water Spout|p2a: Luck10000\n|-resisted|p2a: Luck10000\n|-damage|p2a: Luck10000|15\/100\n|\n|-weather|RainDance|[upkeep]\n|upkeep\n|turn|11\n|\n|t:|1700500625\n|move|p2a: Luck10000|Scale Shot|p1a: WaterHorse\n|-damage|p1a: WaterHorse|78\/100\n|-damage|p1a: WaterHorse|66\/100\n|-damage|p1a: WaterHorse|52\/100\n|-crit|p1a: WaterHorse\n|-damage|p1a: WaterHorse|31\/100\n|-hitcount|p1a: WaterHorse|4\n|-unboost|p2a: Luck10000|def|1\n|-boost|p2a: Luck10000|spe|1\n|move|p1a: WaterHorse|Water Spout|p2a: Luck10000\n|-resisted|p2a: Luck10000\n|-damage|p2a: Luck10000|0 fnt\n|faint|p2a: Luck10000\n|\n|-weather|RainDance|[upkeep]\n|upkeep\n|\n|t:|1700500639\n|switch|p2a: leopord|Chien-Pao|100\/100\n|-ability|p2a: leopord|Sword of Ruin\n|turn|12\n|\n|t:|1700500650\n|move|p2a: leopord|Sacred Sword|p1a: WaterHorse\n|-damage|p1a: WaterHorse|0 fnt\n|faint|p1a: WaterHorse\n|\n|-weather|RainDance|[upkeep]\n|upkeep\n|\n|t:|1700500658\n|switch|p1a: SlickRick|Krookodile, M|40\/100\n|turn|13\n|\n|t:|1700500668\n|move|p1a: SlickRick|Stone Edge|p2a: leopord|[miss]\n|-miss|p1a: SlickRick|p2a: leopord\n|move|p2a: leopord|Sacred Sword|p1a: SlickRick\n|-supereffective|p1a: SlickRick\n|-damage|p1a: SlickRick|0 fnt\n|faint|p1a: SlickRick\n|\n|-weather|none\n|upkeep\n|\n|t:|1700500677\n|switch|p1a: Quagsire|Quagsire, M|100\/100\n|turn|14\n|\n|t:|1700500682\n|move|p2a: leopord|Sacred Sword|p1a: Quagsire\n|-damage|p1a: Quagsire|74\/100\n|move|p1a: Quagsire|Toxic Spikes|p2a: leopord\n|-sidestart|p2: pokeperson69420|move: Toxic Spikes\n|\n|-heal|p1a: Quagsire|80\/100|[from] item: Leftovers\n|upkeep\n|turn|15\n|\n|t:|1700500695\n|move|p2a: leopord|Psychic Fangs|p1a: Quagsire\n|-damage|p1a: Quagsire|53\/100\n|move|p1a: Quagsire|Liquidation|p2a: leopord\n|-damage|p2a: leopord|63\/100\n|\n|-heal|p1a: Quagsire|59\/100|[from] item: Leftovers\n|upkeep\n|turn|16\n|\n|t:|1700500707\n|move|p2a: leopord|Crunch|p1a: Quagsire\n|-damage|p1a: Quagsire|19\/100\n|move|p1a: Quagsire|Stockpile|p1a: Quagsire\n|-start|p1a: Quagsire|stockpile1\n|-boost|p1a: Quagsire|def|1\n|-boost|p1a: Quagsire|spd|1\n|\n|-heal|p1a: Quagsire|25\/100|[from] item: Leftovers\n|upkeep\n|turn|17\n|\n|t:|1700500715\n|move|p2a: leopord|Crunch|p1a: Quagsire\n|-damage|p1a: Quagsire|3\/100\n|move|p1a: Quagsire|Recover|p1a: Quagsire\n|-heal|p1a: Quagsire|53\/100\n|\n|-heal|p1a: Quagsire|59\/100|[from] item: Leftovers\n|upkeep\n|turn|18\n|\n|t:|1700500725\n|-terastallize|p2a: leopord|Dark\n|move|p2a: leopord|Sacred Sword|p1a: Quagsire\n|-damage|p1a: Quagsire|31\/100\n|move|p1a: Quagsire|Stockpile|p1a: Quagsire\n|-start|p1a: Quagsire|stockpile2\n|-boost|p1a: Quagsire|def|1\n|-boost|p1a: Quagsire|spd|1\n|\n|-heal|p1a: Quagsire|38\/100|[from] item: Leftovers\n|upkeep\n|turn|19\n|\n|t:|1700500735\n|move|p2a: leopord|Sacred Sword|p1a: Quagsire\n|-damage|p1a: Quagsire|9\/100\n|move|p1a: Quagsire|Recover|p1a: Quagsire\n|-heal|p1a: Quagsire|59\/100\n|\n|-heal|p1a: Quagsire|65\/100|[from] item: Leftovers\n|upkeep\n|turn|20\n|\n|t:|1700500744\n|move|p2a: leopord|Sacred Sword|p1a: Quagsire\n|-damage|p1a: Quagsire|40\/100\n|move|p1a: Quagsire|Stockpile|p1a: Quagsire\n|-start|p1a: Quagsire|stockpile3\n|-boost|p1a: Quagsire|def|1\n|-boost|p1a: Quagsire|spd|1\n|\n|-heal|p1a: Quagsire|46\/100|[from] item: Leftovers\n|upkeep\n|turn|21\n|\n|t:|1700500753\n|switch|p2a: snug as a bug|Frosmoth, F, shiny|100\/100\n|move|p1a: Quagsire|Recover|p1a: Quagsire\n|-heal|p1a: Quagsire|96\/100\n|\n|-heal|p1a: Quagsire|100\/100|[from] item: Leftovers\n|upkeep\n|turn|22\n|\n|t:|1700500760\n|move|p2a: snug as a bug|Giga Drain|p1a: Quagsire\n|-supereffective|p1a: Quagsire\n|-damage|p1a: Quagsire|47\/100\n|move|p1a: Quagsire|Liquidation|p2a: snug as a bug\n|-damage|p2a: snug as a bug|57\/100\n|\n|-heal|p1a: Quagsire|53\/100|[from] item: Leftovers\n|upkeep\n|turn|23\n|\n|t:|1700500769\n|move|p2a: snug as a bug|Giga Drain|p1a: Quagsire\n|-supereffective|p1a: Quagsire\n|-damage|p1a: Quagsire|3\/100\n|-heal|p2a: snug as a bug|92\/100|[from] drain|[of] p1a: Quagsire\n|move|p1a: Quagsire|Recover|p1a: Quagsire\n|-heal|p1a: Quagsire|53\/100\n|\n|-heal|p1a: Quagsire|59\/100|[from] item: Leftovers\n|upkeep\n|turn|24\n|\n|t:|1700500785\n|-terastallize|p1a: Quagsire|Water\n|move|p2a: snug as a bug|Giga Drain|p1a: Quagsire\n|-supereffective|p1a: Quagsire\n|-damage|p1a: Quagsire|33\/100\n|-heal|p2a: snug as a bug|100\/100|[from] drain|[of] p1a: Quagsire\n|move|p1a: Quagsire|Liquidation|p2a: snug as a bug\n|-damage|p2a: snug as a bug|37\/100\n|\n|-heal|p1a: Quagsire|39\/100|[from] item: Leftovers\n|upkeep\n|turn|25\n|c|\u2606pokeperson69420|urgh\n|\n|t:|1700500800\n|move|p2a: snug as a bug|Giga Drain|p1a: Quagsire\n|-supereffective|p1a: Quagsire\n|-damage|p1a: Quagsire|14\/100\n|-heal|p2a: snug as a bug|55\/100|[from] drain|[of] p1a: Quagsire\n|move|p1a: Quagsire|Recover|p1a: Quagsire\n|-heal|p1a: Quagsire|64\/100\n|\n|-heal|p1a: Quagsire|70\/100|[from] item: Leftovers\n|upkeep\n|turn|26\n|\n|t:|1700500808\n|move|p2a: snug as a bug|Giga Drain|p1a: Quagsire\n|-supereffective|p1a: Quagsire\n|-damage|p1a: Quagsire|47\/100\n|-heal|p2a: snug as a bug|71\/100|[from] drain|[of] p1a: Quagsire\n|move|p1a: Quagsire|Liquidation|p2a: snug as a bug\n|-damage|p2a: snug as a bug|8\/100\n|\n|-heal|p1a: Quagsire|53\/100|[from] item: Leftovers\n|upkeep\n|turn|27\n|\n|t:|1700500816\n|move|p2a: snug as a bug|Giga Drain|p1a: Quagsire\n|-supereffective|p1a: Quagsire\n|-damage|p1a: Quagsire|30\/100\n|-heal|p2a: snug as a bug|24\/100|[from] drain|[of] p1a: Quagsire\n|move|p1a: Quagsire|Liquidation|p2a: snug as a bug\n|-damage|p2a: snug as a bug|0 fnt\n|faint|p2a: snug as a bug\n|\n|-heal|p1a: Quagsire|36\/100|[from] item: Leftovers\n|upkeep\n|\n|t:|1700500826\n|switch|p2a: chonk|Mamoswine, F, shiny|29\/100\n|-status|p2a: chonk|psn\n|turn|28\n|\n|t:|1700500844\n|move|p2a: chonk|Iron Head|p1a: Quagsire\n|-resisted|p1a: Quagsire\n|-damage|p1a: Quagsire|32\/100\n|move|p1a: Quagsire|Recover|p1a: Quagsire\n|-heal|p1a: Quagsire|82\/100\n|\n|-heal|p1a: Quagsire|88\/100|[from] item: Leftovers\n|-damage|p2a: chonk|16\/100 psn|[from] psn\n|upkeep\n|turn|29\n|\n|t:|1700500852\n|switch|p2a: Snowy:)|Ninetales-Alola, F, shiny|12\/100\n|-status|p2a: Snowy:)|psn\n|-weather|Snow|[from] ability: Snow Warning|[of] p2a: Snowy:)\n|move|p1a: Quagsire|Liquidation|p2a: Snowy:)\n|-damage|p2a: Snowy:)|0 fnt\n|faint|p2a: Snowy:)\n|\n|-weather|Snow|[upkeep]\n|-heal|p1a: Quagsire|94\/100|[from] item: Leftovers\n|upkeep\n|\n|t:|1700500862\n|switch|p2a: chonk|Mamoswine, F, shiny|16\/100 psn\n|turn|30\n|\n|t:|1700500865\n|move|p2a: chonk|Ice Shard|p1a: Quagsire\n|-resisted|p1a: Quagsire\n|-damage|p1a: Quagsire|91\/100\n|move|p1a: Quagsire|Liquidation|p2a: chonk\n|-supereffective|p2a: chonk\n|-damage|p2a: chonk|0 fnt\n|faint|p2a: chonk\n|\n|-weather|Snow|[upkeep]\n|-heal|p1a: Quagsire|97\/100|[from] item: Leftovers\n|upkeep\n|\n|t:|1700500874\n|switch|p2a: leopord|Chien-Pao, tera:Dark|63\/100\n|-ability|p2a: leopord|Sword of Ruin\n|turn|31\n|\n|t:|1700500881\n|move|p2a: leopord|Sacred Sword|p1a: Quagsire\n|-damage|p1a: Quagsire|68\/100\n|move|p1a: Quagsire|Liquidation|p2a: leopord\n|-damage|p2a: leopord|16\/100\n|-unboost|p2a: leopord|def|1\n|\n|-weather|Snow|[upkeep]\n|-heal|p1a: Quagsire|74\/100|[from] item: Leftovers\n|upkeep\n|turn|32\n|c|\u2606pokeperson69420|gg\n|\n|t:|1700500890\n|move|p2a: leopord|Sacred Sword|p1a: Quagsire\n|-damage|p1a: Quagsire|45\/100\n|move|p1a: Quagsire|Liquidation|p2a: leopord\n|-damage|p2a: leopord|0 fnt\n|faint|p2a: leopord\n|\n|win|MightL\n|raw|MightL's rating: 1020 &rarr; <strong>1061<\/strong><br \/>(+41 for winning)\n|raw|pokeperson69420's rating: 1057 &rarr; <strong>1036<\/strong><br \/>(-21 for losing)\n","uploadtime":1700500913,"views":14,"p1id":"mightl","p2id":"pokeperson69420","formatid":"gen9ubers","rating":1036,"private":0,"password":""}