{"id":"gen9ubers-1968043521","p1":"arigabliel","p2":"firewolfprime2020","format":"[Gen 9] Ubers","log":"|j|\u2606arigabliel\n|j|\u2606firewolfprime2020\n|t:|1697378087\n|gametype|singles\n|player|p1|arigabliel|steven|1087\n|player|p2|firewolfprime2020|benga|1044\n|teamsize|p1|6\n|teamsize|p2|6\n|gen|9\n|tier|[Gen 9] Ubers\n|rated|\n|rule|Sleep Clause Mod: Limit one foe put to sleep\n|rule|Species Clause: Limit one of each Pok\u00e9mon\n|rule|OHKO Clause: OHKO moves are banned\n|rule|Evasion Items Clause: Evasion items are banned\n|rule|Evasion Moves Clause: Evasion moves are banned\n|rule|Endless Battle Clause: Forcing endless battles is banned\n|rule|HP Percentage Mod: HP is shown in percentages\n|clearpoke\n|poke|p1|Zacian-*|\n|poke|p1|Eternatus|\n|poke|p1|Garchomp, F|\n|poke|p1|Meowscarada, F|\n|poke|p1|Zamazenta-*|\n|poke|p1|Ribombee, F|\n|poke|p2|Shaymin-Sky|\n|poke|p2|Rayquaza|\n|poke|p2|Moltres|\n|poke|p2|Kilowattrel, M|\n|poke|p2|Zapdos-Galar|\n|poke|p2|Honchkrow, M|\n|teampreview\n|c|\u2606firewolfprime2020|lets fly\n|\n|t:|1697378116\n|start\n|switch|p1a: Eternatus|Eternatus|100\/100\n|switch|p2a: Shaymin|Shaymin-Sky|100\/100\n|-ability|p1a: Eternatus|Pressure\n|turn|1\n|\n|t:|1697378126\n|move|p1a: Eternatus|Flamethrower|p2a: Shaymin\n|-supereffective|p2a: Shaymin\n|-damage|p2a: Shaymin|36\/100\n|move|p2a: Shaymin|Leech Seed|p1a: Eternatus\n|-start|p1a: Eternatus|move: Leech Seed\n|\n|-damage|p1a: Eternatus|88\/100|[from] Leech Seed|[of] p2a: Shaymin\n|-heal|p2a: Shaymin|50\/100|[silent]\n|upkeep\n|turn|2\n|\n|t:|1697378134\n|move|p1a: Eternatus|Flamethrower|p2a: Shaymin\n|-supereffective|p2a: Shaymin\n|-damage|p2a: Shaymin|0 fnt\n|faint|p2a: Shaymin\n|\n|-heal|p1a: Eternatus|94\/100|[from] item: Leftovers\n|upkeep\n|\n|t:|1697378144\n|switch|p2a: Rayquaza|Rayquaza|100\/100\n|-ability|p2a: Rayquaza|Air Lock\n|turn|3\n|inactive|Battle timer is ON: inactive players will automatically lose when time's up. (requested by arigabliel)\n|\n|t:|1697378155\n|-terastallize|p1a: Eternatus|Poison\n|move|p1a: Eternatus|Dynamax Cannon|p2a: Rayquaza\n|-supereffective|p2a: Rayquaza\n|-enditem|p2a: Rayquaza|Focus Sash\n|-damage|p2a: Rayquaza|1\/100\n|move|p2a: Rayquaza|Dragon Pulse|p1a: Eternatus\n|-damage|p1a: Eternatus|62\/100\n|\n|-heal|p1a: Eternatus|68\/100|[from] item: Leftovers\n|-damage|p1a: Eternatus|56\/100|[from] Leech Seed|[of] p2a: Rayquaza\n|-heal|p2a: Rayquaza|14\/100|[silent]\n|upkeep\n|turn|4\n|\n|t:|1697378170\n|move|p1a: Eternatus|Dynamax Cannon|p2a: Rayquaza\n|-supereffective|p2a: Rayquaza\n|-damage|p2a: Rayquaza|0 fnt\n|faint|p2a: Rayquaza\n|\n|-heal|p1a: Eternatus|62\/100|[from] item: Leftovers\n|upkeep\n|\n|t:|1697378183\n|switch|p2a: Moltres|Moltres, shiny|100\/100\n|turn|5\n|\n|t:|1697378193\n|move|p1a: Eternatus|Dynamax Cannon|p2a: Moltres\n|-damage|p2a: Moltres|39\/100\n|move|p2a: Moltres|Flamethrower|p1a: Eternatus\n|-damage|p1a: Eternatus|30\/100\n|\n|-heal|p1a: Eternatus|37\/100|[from] item: Leftovers\n|-damage|p1a: Eternatus|24\/100|[from] Leech Seed|[of] p2a: Moltres\n|-heal|p2a: Moltres|55\/100|[silent]\n|upkeep\n|turn|6\n|\n|t:|1697378207\n|move|p1a: Eternatus|Dynamax Cannon|p2a: Moltres\n|-damage|p2a: Moltres|0 fnt\n|faint|p2a: Moltres\n|\n|-heal|p1a: Eternatus|30\/100|[from] item: Leftovers\n|upkeep\n|\n|t:|1697378217\n|switch|p2a: Honchkrow|Honchkrow, M|100\/100\n|turn|7\n|\n|t:|1697378225\n|move|p1a: Eternatus|Dynamax Cannon|p2a: Honchkrow\n|-damage|p2a: Honchkrow|33\/100\n|move|p2a: Honchkrow|Comeuppance|p1a: Eternatus\n|-damage|p1a: Eternatus|0 fnt\n|faint|p1a: Eternatus\n|-ability|p2a: Honchkrow|Moxie|boost\n|-boost|p2a: Honchkrow|atk|1\n|\n|upkeep\n|\n|t:|1697378235\n|switch|p1a: Ribombee|Ribombee, F|100\/100\n|turn|8\n|\n|t:|1697378242\n|move|p1a: Ribombee|Bug Buzz|p2a: Honchkrow\n|-damage|p2a: Honchkrow|0 fnt\n|faint|p2a: Honchkrow\n|\n|upkeep\n|\n|t:|1697378246\n|switch|p2a: Kilowattrel|Kilowattrel, M|100\/100\n|turn|9\n|\n|t:|1697378250\n|move|p1a: Ribombee|Moonblast|p2a: Kilowattrel\n|-damage|p2a: Kilowattrel|45\/100\n|move|p2a: Kilowattrel|Air Cutter|p1a: Ribombee\n|-supereffective|p1a: Ribombee\n|-damage|p1a: Ribombee|17\/100\n|\n|upkeep\n|turn|10\n|\n|t:|1697378257\n|move|p1a: Ribombee|Moonblast|p2a: Kilowattrel\n|-damage|p2a: Kilowattrel|0 fnt\n|faint|p2a: Kilowattrel\n|\n|upkeep\n|\n|t:|1697378262\n|switch|p2a: Zapdos|Zapdos-Galar|100\/100\n|turn|11\n|\n|t:|1697378268\n|move|p1a: Ribombee|Moonblast|p2a: Zapdos\n|-supereffective|p2a: Zapdos\n|-damage|p2a: Zapdos|19\/100\n|move|p2a: Zapdos|Dual Wingbeat|p1a: Ribombee\n|-supereffective|p1a: Ribombee\n|-damage|p1a: Ribombee|0 fnt\n|faint|p1a: Ribombee\n|-hitcount|p1: Ribombee|1\n|\n|upkeep\n|\n|t:|1697378277\n|switch|p1a: Zamazenta|Zamazenta-Crowned|100\/100\n|-ability|p1a: Zamazenta|Dauntless Shield|boost\n|-boost|p1a: Zamazenta|def|1\n|turn|12\n|\n|t:|1697378282\n|move|p1a: Zamazenta|Play Rough|p2a: Zapdos\n|-supereffective|p2a: Zapdos\n|-damage|p2a: Zapdos|0 fnt\n|faint|p2a: Zapdos\n|\n|win|arigabliel\n|raw|arigabliel's rating: 1087 &rarr; <strong>1111<\/strong><br \/>(+24 for winning)\n|raw|firewolfprime2020's rating: 1044 &rarr; <strong>1029<\/strong><br \/>(-15 for losing)\n","uploadtime":1697378285,"views":8,"p1id":"arigabliel","p2id":"firewolfprime2020","formatid":"gen9ubers","rating":1029,"private":0,"password":""}