{"id":"gen9ubers-1991546883","p1":"Paty Swift","p2":"Mtygk4","format":"[Gen 9] Ubers","log":"|j|\u2606Paty Swift\n|j|\u2606Mtygk4\n|t:|1700087078\n|gametype|singles\n|player|p1|Paty Swift|lass-gen4dp|\n|player|p2|Mtygk4|101|\n|teamsize|p1|6\n|teamsize|p2|6\n|gen|9\n|tier|[Gen 9] Ubers\n|rule|Sleep Clause Mod: Limit one foe put to sleep\n|rule|Species Clause: Limit one of each Pok\u00e9mon\n|rule|OHKO Clause: OHKO moves are banned\n|rule|Evasion Items Clause: Evasion items are banned\n|rule|Evasion Moves Clause: Evasion moves are banned\n|rule|Endless Battle Clause: Forcing endless battles is banned\n|rule|HP Percentage Mod: HP is shown in percentages\n|clearpoke\n|poke|p1|Arceus-Dark|\n|poke|p1|Kingambit, F|\n|poke|p1|Chien-Pao|\n|poke|p1|Urshifu-*, M|\n|poke|p1|Moltres-Galar|\n|poke|p1|Grimmsnarl, M|\n|poke|p2|Zacian-*|\n|poke|p2|Kingambit, M|\n|poke|p2|Empoleon, F|\n|poke|p2|Corviknight, F|\n|poke|p2|Gliscor, M|\n|poke|p2|Magearna|\n|teampreview\n|\n|t:|1700087103\n|start\n|switch|p1a: Urshifu|Urshifu, M|100\/100\n|switch|p2a: Corviknight|Corviknight, F|100\/100\n|turn|1\n|inactive|Battle timer is ON: inactive players will automatically lose when time's up. (requested by Paty Swift)\n|\n|t:|1700087115\n|move|p1a: Urshifu|U-turn|p2a: Corviknight\n|-resisted|p2a: Corviknight\n|-damage|p2a: Corviknight|97\/100\n|\n|t:|1700087118\n|switch|p1a: Grimmsnarl|Grimmsnarl, M|100\/100|[from] U-turn\n|move|p2a: Corviknight|Body Press|p1a: Grimmsnarl\n|-damage|p1a: Grimmsnarl|80\/100\n|\n|-heal|p2a: Corviknight|100\/100|[from] item: Leftovers\n|upkeep\n|turn|2\n|\n|t:|1700087125\n|move|p1a: Grimmsnarl|Reflect|p1a: Grimmsnarl\n|-sidestart|p1: Paty Swift|Reflect\n|move|p2a: Corviknight|Taunt|p1a: Grimmsnarl\n|-start|p1a: Grimmsnarl|move: Taunt\n|\n|upkeep\n|turn|3\n|\n|t:|1700087134\n|switch|p1a: Moltres|Moltres-Galar|100\/100\n|move|p2a: Corviknight|Iron Defense|p2a: Corviknight\n|-boost|p2a: Corviknight|def|2\n|\n|upkeep\n|turn|4\n|\n|t:|1700087142\n|move|p1a: Moltres|Nasty Plot|p1a: Moltres\n|-boost|p1a: Moltres|spa|2\n|move|p2a: Corviknight|Iron Defense|p2a: Corviknight\n|-boost|p2a: Corviknight|def|2\n|\n|upkeep\n|turn|5\n|\n|t:|1700087150\n|move|p1a: Moltres|Fiery Wrath|p2a: Corviknight\n|-damage|p2a: Corviknight|23\/100\n|move|p2a: Corviknight|Body Press|p1a: Moltres\n|-damage|p1a: Moltres|53\/100\n|\n|-heal|p2a: Corviknight|29\/100|[from] item: Leftovers\n|upkeep\n|turn|6\n|\n|t:|1700087174\n|move|p1a: Moltres|Fiery Wrath|p2a: Corviknight\n|-damage|p2a: Corviknight|0 fnt\n|faint|p2a: Corviknight\n|\n|upkeep\n|\n|t:|1700087185\n|switch|p2a: Zacian|Zacian-Crowned|100\/100\n|-ability|p2a: Zacian|Intrepid Sword|boost\n|-boost|p2a: Zacian|atk|1\n|turn|7\n|\n|t:|1700087203\n|move|p2a: Zacian|Play Rough|p1a: Moltres\n|-supereffective|p1a: Moltres\n|-damage|p1a: Moltres|0 fnt\n|faint|p1a: Moltres\n|\n|upkeep\n|\n|t:|1700087206\n|switch|p1a: Grimmsnarl|Grimmsnarl, M|80\/100\n|turn|8\n|\n|t:|1700087215\n|move|p1a: Grimmsnarl|Light Screen|p1a: Grimmsnarl\n|-sidestart|p1: Paty Swift|move: Light Screen\n|move|p2a: Zacian|Behemoth Blade|p1a: Grimmsnarl\n|-supereffective|p1a: Grimmsnarl\n|-damage|p1a: Grimmsnarl|5\/100\n|\n|upkeep\n|turn|9\n|\n|t:|1700087224\n|move|p1a: Grimmsnarl|Parting Shot|p2a: Zacian\n|-unboost|p2a: Zacian|atk|1\n|-unboost|p2a: Zacian|spa|1\n|\n|t:|1700087234\n|switch|p1a: Arceus|Arceus-Dark|100\/100|[from] Parting Shot\n|move|p2a: Zacian|Swords Dance|p2a: Zacian\n|-boost|p2a: Zacian|atk|2\n|\n|-sideend|p1: Paty Swift|Reflect\n|upkeep\n|turn|10\n|\n|t:|1700087244\n|switch|p1a: Grimmsnarl|Grimmsnarl, M|5\/100\n|move|p2a: Zacian|Play Rough|p1a: Grimmsnarl|[miss]\n|-miss|p2a: Zacian|p1a: Grimmsnarl\n|\n|upkeep\n|turn|11\n|\n|t:|1700087252\n|move|p1a: Grimmsnarl|Reflect|p1a: Grimmsnarl\n|-sidestart|p1: Paty Swift|Reflect\n|move|p2a: Zacian|Trailblaze|p1a: Grimmsnarl\n|-damage|p1a: Grimmsnarl|0 fnt\n|-boost|p2a: Zacian|spe|1\n|faint|p1a: Grimmsnarl\n|\n|upkeep\n|\n|t:|1700087265\n|switch|p1a: Kingambit|Kingambit, F|100\/100\n|-activate|p1a: Kingambit|ability: Supreme Overlord\n|-start|p1a: Kingambit|fallen2|[silent]\n|turn|12\n|\n|t:|1700087271\n|move|p2a: Zacian|Play Rough|p1a: Kingambit\n|-damage|p1a: Kingambit|62\/100\n|move|p1a: Kingambit|Iron Head|p2a: Zacian\n|-damage|p2a: Zacian|50\/100\n|\n|-heal|p1a: Kingambit|69\/100|[from] item: Leftovers\n|upkeep\n|turn|13\n|\n|t:|1700087292\n|switch|p2a: Empoleon|Empoleon, F|100\/100\n|move|p1a: Kingambit|Iron Head|p2a: Empoleon\n|-resisted|p2a: Empoleon\n|-damage|p2a: Empoleon|90\/100\n|\n|-heal|p1a: Kingambit|75\/100|[from] item: Leftovers\n|-heal|p2a: Empoleon|96\/100|[from] item: Leftovers\n|upkeep\n|turn|14\n|\n|t:|1700087302\n|-end|p1a: Kingambit|fallen2|[silent]\n|switch|p1a: Arceus|Arceus-Dark|100\/100\n|move|p2a: Empoleon|Yawn|p1a: Arceus\n|-start|p1a: Arceus|move: Yawn|[of] p2a: Empoleon\n|\n|-heal|p2a: Empoleon|100\/100|[from] item: Leftovers\n|upkeep\n|turn|15\n|\n|t:|1700087311\n|switch|p1a: Urshifu|Urshifu, M|100\/100\n|switch|p2a: Gliscor|Gliscor, M|100\/100\n|\n|-sideend|p1: Paty Swift|move: Light Screen\n|-status|p2a: Gliscor|tox|[from] item: Toxic Orb\n|upkeep\n|turn|16\n|\n|t:|1700087325\n|-terastallize|p2a: Gliscor|Steel\n|move|p1a: Urshifu|Close Combat|p2a: Gliscor\n|-supereffective|p2a: Gliscor\n|-damage|p2a: Gliscor|0 fnt\n|-unboost|p1a: Urshifu|def|1\n|-unboost|p1a: Urshifu|spd|1\n|faint|p2a: Gliscor\n|\n|upkeep\n|\n|t:|1700087338\n|switch|p2a: Magearna|Magearna|100\/100\n|turn|17\n|\n|t:|1700087349\n|switch|p1a: Arceus|Arceus-Dark|100\/100\n|move|p2a: Magearna|Draining Kiss|p1a: Arceus\n|-supereffective|p1a: Arceus\n|-damage|p1a: Arceus|61\/100\n|\n|upkeep\n|turn|18\n|\n|t:|1700087358\n|move|p1a: Arceus|Recover|p1a: Arceus\n|-heal|p1a: Arceus|100\/100\n|move|p2a: Magearna|Calm Mind|p2a: Magearna\n|-boost|p2a: Magearna|spa|1\n|-boost|p2a: Magearna|spd|1\n|\n|-sideend|p1: Paty Swift|Reflect\n|upkeep\n|turn|19\n|\n|t:|1700087368\n|switch|p1a: Kingambit|Kingambit, F|75\/100\n|-activate|p1a: Kingambit|ability: Supreme Overlord\n|-start|p1a: Kingambit|fallen2|[silent]\n|move|p2a: Magearna|Draining Kiss|p1a: Kingambit\n|-damage|p1a: Kingambit|28\/100\n|\n|-heal|p1a: Kingambit|35\/100|[from] item: Leftovers\n|upkeep\n|turn|20\n|\n|t:|1700087377\n|move|p1a: Kingambit|Sucker Punch|p2a: Magearna\n|-resisted|p2a: Magearna\n|-damage|p2a: Magearna|79\/100\n|move|p2a: Magearna|Draining Kiss|p1a: Kingambit\n|-damage|p1a: Kingambit|0 fnt\n|-heal|p2a: Magearna|100\/100|[from] drain|[of] p1a: Kingambit\n|faint|p1a: Kingambit\n|-ability|p2a: Magearna|Soul-Heart|boost\n|-boost|p2a: Magearna|spa|1\n|-end|p1a: Kingambit|fallen2|[silent]\n|\n|upkeep\n|\n|t:|1700087388\n|switch|p1a: Arceus|Arceus-Dark|100\/100\n|turn|21\n|\n|t:|1700087392\n|move|p1a: Arceus|Calm Mind|p1a: Arceus\n|-boost|p1a: Arceus|spa|1\n|-boost|p1a: Arceus|spd|1\n|move|p2a: Magearna|Fleur Cannon|p1a: Arceus\n|-supereffective|p1a: Arceus\n|-damage|p1a: Arceus|0 fnt\n|-unboost|p2a: Magearna|spa|2\n|faint|p1a: Arceus\n|-ability|p2a: Magearna|Soul-Heart|boost\n|-boost|p2a: Magearna|spa|1\n|\n|upkeep\n|\n|t:|1700087394\n|switch|p1a: Chien-Pao|Chien-Pao|100\/100\n|-ability|p1a: Chien-Pao|Sword of Ruin\n|turn|22\n|\n|t:|1700087406\n|move|p1a: Chien-Pao|Sacred Sword|p2a: Magearna\n|-damage|p2a: Magearna|66\/100\n|move|p2a: Magearna|Draining Kiss|p1a: Chien-Pao\n|-supereffective|p1a: Chien-Pao\n|-damage|p1a: Chien-Pao|0 fnt\n|-heal|p2a: Magearna|100\/100|[from] drain|[of] p1a: Chien-Pao\n|faint|p1a: Chien-Pao\n|-ability|p2a: Magearna|Soul-Heart|boost\n|-boost|p2a: Magearna|spa|1\n|\n|upkeep\n|\n|t:|1700087409\n|switch|p1a: Urshifu|Urshifu, M|100\/100\n|turn|23\n|\n|t:|1700087418\n|move|p1a: Urshifu|Close Combat|p2a: Magearna\n|-damage|p2a: Magearna|44\/100\n|-unboost|p1a: Urshifu|def|1\n|-unboost|p1a: Urshifu|spd|1\n|move|p2a: Magearna|Draining Kiss|p1a: Urshifu\n|-supereffective|p1a: Urshifu\n|-damage|p1a: Urshifu|0 fnt\n|-heal|p2a: Magearna|100\/100|[from] drain|[of] p1a: Urshifu\n|faint|p1a: Urshifu\n|\n|win|Mtygk4\n|l|\u2606Paty Swift\n","uploadtime":1700087459,"views":25,"p1id":"patyswift","p2id":"mtygk4","formatid":"gen9ubers","rating":0,"private":0,"password":""}