{"id":"gen9ubers-1979794046","p1":"WowACow","p2":"FatalOblivion","format":"[Gen 9] Ubers","log":"|j|\u2606WowACow\n|j|\u2606FatalOblivion\n|t:|1698713907\n|gametype|singles\n|player|p1|WowACow|hooligans|\n|player|p2|FatalOblivion|marley|\n|teamsize|p1|6\n|teamsize|p2|6\n|gen|9\n|tier|[Gen 9] Ubers\n|rule|Sleep Clause Mod: Limit one foe put to sleep\n|rule|Species Clause: Limit one of each Pok\u00e9mon\n|rule|OHKO Clause: OHKO moves are banned\n|rule|Evasion Items Clause: Evasion items are banned\n|rule|Evasion Moves Clause: Evasion moves are banned\n|rule|Endless Battle Clause: Forcing endless battles is banned\n|rule|HP Percentage Mod: HP is shown in percentages\n|clearpoke\n|poke|p1|Iron Valiant|\n|poke|p1|Giratina-Origin|\n|poke|p1|Gliscor, M|\n|poke|p1|Kyogre|\n|poke|p1|Tinkaton, F|\n|poke|p1|Arceus|\n|poke|p2|Regieleki|\n|poke|p2|Ribombee, M|\n|poke|p2|Landorus, M|\n|poke|p2|Iron Valiant|\n|poke|p2|Rayquaza|\n|poke|p2|Arceus|\n|teampreview\n|inactive|Battle timer is ON: inactive players will automatically lose when time's up. (requested by FatalOblivion)\n|c|\u2606FatalOblivion|Special tink \ud83d\udc80\n|c|\u2606WowACow|GLHF\n|c|\u2606WowACow|Wait till u see it\n|c|\u2606WowACow|Uwont like it\n|\n|t:|1698713936\n|start\n|switch|p1a: Arceus|Arceus|100\/100\n|switch|p2a: Ribombee|Ribombee, M|100\/100\n|turn|1\n|\n|t:|1698713942\n|move|p2a: Ribombee|Sticky Web|p1a: Arceus\n|-sidestart|p1: WowACow|move: Sticky Web\n|move|p1a: Arceus|Light Screen|p1a: Arceus\n|-sidestart|p1: WowACow|move: Light Screen\n|\n|upkeep\n|turn|2\n|\n|t:|1698713946\n|move|p2a: Ribombee|Stun Spore|p1a: Arceus\n|-status|p1a: Arceus|par\n|move|p1a: Arceus|Reflect|p1a: Arceus\n|-sidestart|p1: WowACow|Reflect\n|\n|upkeep\n|turn|3\n|\n|t:|1698713951\n|move|p2a: Ribombee|Play Rough|p1a: Arceus\n|-damage|p1a: Arceus|91\/100 par\n|move|p1a: Arceus|Taunt|p2a: Ribombee\n|-start|p2a: Ribombee|move: Taunt\n|\n|upkeep\n|turn|4\n|\n|t:|1698713957\n|switch|p1a: Gliscor|Gliscor, M|100\/100\n|move|p2a: Ribombee|Play Rough|p1a: Gliscor\n|-damage|p1a: Gliscor|92\/100\n|\n|-status|p1a: Gliscor|tox|[from] item: Toxic Orb\n|upkeep\n|turn|5\n|\n|t:|1698713964\n|move|p2a: Ribombee|U-turn|p1a: Gliscor\n|-resisted|p1a: Gliscor\n|-damage|p1a: Gliscor|89\/100 tox\n|\n|t:|1698713966\n|switch|p2a: Landorus|Landorus, M|100\/100|[from] U-turn\n|move|p1a: Gliscor|Spikes|p2a: Landorus\n|-sidestart|p2: FatalOblivion|Spikes\n|\n|-heal|p1a: Gliscor|100\/100 tox|[from] ability: Poison Heal\n|upkeep\n|turn|6\n|\n|t:|1698713974\n|move|p2a: Landorus|Psychic|p1a: Gliscor\n|-damage|p1a: Gliscor|71\/100 tox\n|move|p1a: Gliscor|Toxic|p2a: Landorus\n|-status|p2a: Landorus|tox\n|\n|-damage|p2a: Landorus|95\/100 tox|[from] psn\n|-heal|p1a: Gliscor|84\/100 tox|[from] ability: Poison Heal\n|upkeep\n|turn|7\n|\n|t:|1698713979\n|move|p1a: Gliscor|Protect|p1a: Gliscor\n|-singleturn|p1a: Gliscor|Protect\n|move|p2a: Landorus|Psychic|p1a: Gliscor\n|-activate|p1a: Gliscor|move: Protect\n|\n|-damage|p2a: Landorus|83\/100 tox|[from] psn\n|-heal|p1a: Gliscor|96\/100 tox|[from] ability: Poison Heal\n|upkeep\n|turn|8\n|\n|t:|1698713985\n|move|p2a: Landorus|Psychic|p1a: Gliscor\n|-damage|p1a: Gliscor|65\/100 tox\n|move|p1a: Gliscor|Spikes|p2a: Landorus\n|-sidestart|p2: FatalOblivion|Spikes\n|\n|-damage|p2a: Landorus|65\/100 tox|[from] psn\n|-heal|p1a: Gliscor|78\/100 tox|[from] ability: Poison Heal\n|-sideend|p1: WowACow|move: Light Screen\n|upkeep\n|turn|9\n|\n|t:|1698713994\n|move|p2a: Landorus|Psychic|p1a: Gliscor\n|-damage|p1a: Gliscor|21\/100 tox\n|move|p1a: Gliscor|Toxic Spikes|p2a: Landorus\n|-sidestart|p2: FatalOblivion|move: Toxic Spikes\n|\n|-damage|p2a: Landorus|41\/100 tox|[from] psn\n|-heal|p1a: Gliscor|34\/100 tox|[from] ability: Poison Heal\n|-sideend|p1: WowACow|Reflect\n|upkeep\n|turn|10\n|\n|t:|1698714000\n|move|p1a: Gliscor|Protect|p1a: Gliscor\n|-singleturn|p1a: Gliscor|Protect\n|move|p2a: Landorus|Psychic|p1a: Gliscor\n|-activate|p1a: Gliscor|move: Protect\n|\n|-damage|p2a: Landorus|11\/100 tox|[from] psn\n|-heal|p1a: Gliscor|46\/100 tox|[from] ability: Poison Heal\n|upkeep\n|turn|11\n|\n|t:|1698714013\n|switch|p1a: Tinkaton|Tinkaton, F|100\/100\n|-activate|p1a: Tinkaton|move: Sticky Web\n|-unboost|p1a: Tinkaton|spe|1\n|-ability|p1a: Tinkaton|Mold Breaker\n|move|p2a: Landorus|Psychic|p1a: Tinkaton\n|-resisted|p1a: Tinkaton\n|-damage|p1a: Tinkaton|84\/100\n|\n|-heal|p1a: Tinkaton|90\/100|[from] item: Leftovers\n|-damage|p2a: Landorus|0 fnt|[from] psn\n|faint|p2a: Landorus\n|upkeep\n|\n|t:|1698714025\n|switch|p2a: Regieleki|Regieleki|100\/100\n|turn|12\n|c|\u2606WowACow|Choice specs go\n|\n|t:|1698714029\n|move|p1a: Tinkaton|Protect|p1a: Tinkaton\n|-singleturn|p1a: Tinkaton|Protect\n|move|p2a: Regieleki|Rapid Spin|p1a: Tinkaton\n|-activate|p1a: Tinkaton|move: Protect\n|\n|-heal|p1a: Tinkaton|96\/100|[from] item: Leftovers\n|upkeep\n|turn|13\n|j| technoblade 1\n|\n|t:|1698714034\n|switch|p2a: Rayquaza|Rayquaza|100\/100\n|-ability|p2a: Rayquaza|Air Lock\n|switch|p1a: Giratina|Giratina-Origin|100\/100\n|\n|upkeep\n|turn|14\n|\n|t:|1698714043\n|move|p2a: Rayquaza|Scale Shot|p1a: Giratina\n|-supereffective|p1a: Giratina\n|-crit|p1a: Giratina\n|-damage|p1a: Giratina|69\/100\n|-supereffective|p1a: Giratina\n|-damage|p1a: Giratina|50\/100\n|-supereffective|p1a: Giratina\n|-damage|p1a: Giratina|30\/100\n|-supereffective|p1a: Giratina\n|-damage|p1a: Giratina|12\/100\n|-hitcount|p1a: Giratina|4\n|-unboost|p2a: Rayquaza|def|1\n|-boost|p2a: Rayquaza|spe|1\n|move|p1a: Giratina|Draco Meteor|p2a: Rayquaza\n|-supereffective|p2a: Rayquaza\n|-damage|p2a: Rayquaza|0 fnt\n|-unboost|p1a: Giratina|spa|2\n|faint|p2a: Rayquaza\n|\n|upkeep\n|c|\u2606WowACow|Goob\n|c|\u2606FatalOblivion|Woooooow\n|\n|t:|1698714064\n|switch|p2a: Regieleki|Regieleki|100\/100\n|turn|15\n|c|\u2606WowACow|Rayquaza a goob\n|c| technoblade 1|beat rad so bad he cant show his face\n|\n|t:|1698714070\n|switch|p1a: Arceus|Arceus|91\/100 par\n|-activate|p1a: Arceus|move: Sticky Web\n|-unboost|p1a: Arceus|spe|1\n|move|p2a: Regieleki|Wild Charge|p1a: Arceus\n|-damage|p1a: Arceus|57\/100 par\n|-damage|p2a: Regieleki|88\/100|[from] Recoil\n|\n|upkeep\n|turn|16\n|\n|t:|1698714076\n|move|p2a: Regieleki|Rapid Spin|p1a: Arceus\n|-damage|p1a: Arceus|47\/100 par\n|-boost|p2a: Regieleki|spe|1\n|-sideend|p2: FatalOblivion|Spikes|[from] move: Rapid Spin|[of] p2a: Regieleki\n|-sideend|p2: FatalOblivion|Toxic Spikes|[from] move: Rapid Spin|[of] p2a: Regieleki\n|move|p1a: Arceus|Healing Wish|p1a: Arceus\n|faint|p1a: Arceus\n|\n|upkeep\n|\n|t:|1698714083\n|switch|p1a: Giratina|Giratina-Origin|12\/100\n|-heal|p1a: Giratina|100\/100|[from] move: Healing Wish\n|turn|17\n|c|\u2606FatalOblivion|:)\n|\n|t:|1698714094\n|switch|p2a: Ribombee|Ribombee, M|100\/100\n|switch|p1a: Gliscor|Gliscor, M|46\/100 tox\n|\n|-heal|p1a: Gliscor|59\/100 tox|[from] ability: Poison Heal\n|upkeep\n|turn|18\n|\n|t:|1698714100\n|switch|p2a: Arceus|Arceus|100\/100\n|move|p1a: Gliscor|Protect||[still]\n|-fail|p1a: Gliscor\n|\n|-heal|p1a: Gliscor|71\/100 tox|[from] ability: Poison Heal\n|upkeep\n|turn|19\n|\n|t:|1698714106\n|move|p2a: Arceus|Swords Dance|p2a: Arceus\n|-boost|p2a: Arceus|atk|2\n|move|p1a: Gliscor|Toxic|p2a: Arceus\n|-status|p2a: Arceus|tox\n|\n|-damage|p2a: Arceus|94\/100 tox|[from] psn\n|-heal|p1a: Gliscor|84\/100 tox|[from] ability: Poison Heal\n|upkeep\n|turn|20\n|\n|t:|1698714110\n|move|p2a: Arceus|Facade|p1a: Gliscor\n|-damage|p1a: Gliscor|0 fnt\n|faint|p1a: Gliscor\n|\n|-damage|p2a: Arceus|82\/100 tox|[from] psn\n|upkeep\n|\n|t:|1698714114\n|switch|p1a: Iron Valiant|Iron Valiant|100\/100\n|-activate|p1a: Iron Valiant|move: Sticky Web\n|-unboost|p1a: Iron Valiant|spe|1\n|-enditem|p1a: Iron Valiant|Booster Energy\n|-activate|p1a: Iron Valiant|ability: Quark Drive|[fromitem]\n|-start|p1a: Iron Valiant|quarkdrivespa\n|turn|21\n|c|\u2606FatalOblivion|:)\n|\n|t:|1698714123\n|-terastallize|p1a: Iron Valiant|Ghost\n|move|p2a: Arceus|Facade|p1a: Iron Valiant\n|-immune|p1a: Iron Valiant\n|move|p1a: Iron Valiant|Encore|p2a: Arceus\n|-start|p2a: Arceus|Encore\n|\n|-damage|p2a: Arceus|64\/100 tox|[from] psn\n|upkeep\n|turn|22\n|c|\u2606WowACow|Goobed\n|c|\u2606FatalOblivion|Tera ghost \ud83d\udc80\n|\n|t:|1698714137\n|switch|p2a: Ribombee|Ribombee, M|100\/100\n|move|p1a: Iron Valiant|Shadow Ball|p2a: Ribombee\n|-damage|p2a: Ribombee|10\/100\n|\n|upkeep\n|turn|23\n|\n|t:|1698714146\n|move|p2a: Ribombee|Play Rough|p1a: Iron Valiant\n|-damage|p1a: Iron Valiant|63\/100\n|move|p1a: Iron Valiant|Calm Mind|p1a: Iron Valiant\n|-boost|p1a: Iron Valiant|spa|1\n|-boost|p1a: Iron Valiant|spd|1\n|\n|upkeep\n|turn|24\n|\n|t:|1698714151\n|move|p2a: Ribombee|Play Rough|p1a: Iron Valiant\n|-damage|p1a: Iron Valiant|26\/100\n|move|p1a: Iron Valiant|Shadow Ball|p2a: Ribombee\n|-damage|p2a: Ribombee|0 fnt\n|faint|p2a: Ribombee\n|\n|upkeep\n|\n|t:|1698714157\n|switch|p2a: Iron Valiant|Iron Valiant|100\/100\n|-enditem|p2a: Iron Valiant|Booster Energy\n|-activate|p2a: Iron Valiant|ability: Quark Drive|[fromitem]\n|-start|p2a: Iron Valiant|quarkdrivespe\n|turn|25\n|l|\u2606WowACow\n|inactive|WowACow disconnected and has 300 seconds to reconnect!\n|player|p1|\n|c|\u2606FatalOblivion|?\n|j|\u2606WowACow\n|inactive|WowACow reconnected and has 300 seconds left.\n|player|p1|WowACow|hooligans\n|\n|t:|1698714172\n|move|p2a: Iron Valiant|Moonblast|p1a: Iron Valiant\n|-damage|p1a: Iron Valiant|0 fnt\n|faint|p1a: Iron Valiant\n|-end|p1a: Iron Valiant|Quark Drive|[silent]\n|\n|upkeep\n|\n|t:|1698714176\n|switch|p1a: Tinkaton|Tinkaton, F|96\/100\n|-activate|p1a: Tinkaton|move: Sticky Web\n|-unboost|p1a: Tinkaton|spe|1\n|-ability|p1a: Tinkaton|Mold Breaker\n|turn|26\n|\n|t:|1698714183\n|-end|p2a: Iron Valiant|Quark Drive|[silent]\n|switch|p2a: Arceus|Arceus|64\/100 tox\n|move|p1a: Tinkaton|Encore||[still]\n|-fail|p1a: Tinkaton\n|\n|-heal|p1a: Tinkaton|100\/100|[from] item: Leftovers\n|-damage|p2a: Arceus|58\/100 tox|[from] psn\n|upkeep\n|turn|27\n|\n|t:|1698714189\n|switch|p1a: Giratina|Giratina-Origin|100\/100\n|move|p2a: Arceus|Earthquake|p1a: Giratina\n|-immune|p1a: Giratina|[from] ability: Levitate\n|\n|-damage|p2a: Arceus|46\/100 tox|[from] psn\n|upkeep\n|turn|28\n|\n|t:|1698714198\n|switch|p1a: Tinkaton|Tinkaton, F|100\/100\n|-activate|p1a: Tinkaton|move: Sticky Web\n|-unboost|p1a: Tinkaton|spe|1\n|-ability|p1a: Tinkaton|Mold Breaker\n|move|p2a: Arceus|Swords Dance|p2a: Arceus\n|-boost|p2a: Arceus|atk|2\n|\n|-damage|p2a: Arceus|28\/100 tox|[from] psn\n|upkeep\n|turn|29\n|\n|t:|1698714205\n|move|p1a: Tinkaton|Protect|p1a: Tinkaton\n|-singleturn|p1a: Tinkaton|Protect\n|move|p2a: Arceus|Earthquake|p1a: Tinkaton\n|-activate|p1a: Tinkaton|move: Protect\n|\n|-damage|p2a: Arceus|3\/100 tox|[from] psn\n|upkeep\n|turn|30\n|\n|t:|1698714211\n|move|p2a: Arceus|Earthquake|p1a: Tinkaton\n|-supereffective|p1a: Tinkaton\n|-damage|p1a: Tinkaton|0 fnt\n|faint|p1a: Tinkaton\n|\n|-damage|p2a: Arceus|0 fnt|[from] psn\n|faint|p2a: Arceus\n|upkeep\n|c|\u2606FatalOblivion|Lel\n|\n|t:|1698714219\n|switch|p2a: Iron Valiant|Iron Valiant|100\/100\n|switch|p1a: Kyogre|Kyogre|100\/100\n|-activate|p1a: Kyogre|move: Sticky Web\n|-unboost|p1a: Kyogre|spe|1\n|-weather|RainDance|[from] ability: Drizzle|[of] p1a: Kyogre\n|turn|31\n|\n|t:|1698714224\n|move|p2a: Iron Valiant|Thunderbolt|p1a: Kyogre\n|-supereffective|p1a: Kyogre\n|-damage|p1a: Kyogre|65\/100\n|move|p1a: Kyogre|Thunder Wave|p2a: Iron Valiant\n|-status|p2a: Iron Valiant|par\n|\n|-weather|RainDance|[upkeep]\n|-heal|p1a: Kyogre|72\/100|[from] item: Leftovers\n|upkeep\n|turn|32\n|\n|t:|1698714232\n|move|p2a: Iron Valiant|Calm Mind|p2a: Iron Valiant\n|-boost|p2a: Iron Valiant|spa|1\n|-boost|p2a: Iron Valiant|spd|1\n|move|p1a: Kyogre|Earthquake|p2a: Iron Valiant\n|-damage|p2a: Iron Valiant|64\/100 par\n|\n|-weather|RainDance|[upkeep]\n|-heal|p1a: Kyogre|78\/100|[from] item: Leftovers\n|upkeep\n|turn|33\n|\n|t:|1698714240\n|move|p2a: Iron Valiant|Thunderbolt|p1a: Kyogre\n|-supereffective|p1a: Kyogre\n|-damage|p1a: Kyogre|30\/100\n|move|p1a: Kyogre|Heavy Slam|p2a: Iron Valiant\n|-supereffective|p2a: Iron Valiant\n|-damage|p2a: Iron Valiant|0 fnt\n|faint|p2a: Iron Valiant\n|-end|p2a: Iron Valiant|Quark Drive|[silent]\n|\n|-weather|RainDance|[upkeep]\n|-heal|p1a: Kyogre|36\/100|[from] item: Leftovers\n|upkeep\n|\n|t:|1698714245\n|switch|p2a: Regieleki|Regieleki|88\/100\n|turn|34\n|\n|t:|1698714250\n|move|p2a: Regieleki|Wild Charge|p1a: Kyogre\n|-supereffective|p1a: Kyogre\n|-damage|p1a: Kyogre|0 fnt\n|faint|p1a: Kyogre\n|-damage|p2a: Regieleki|76\/100|[from] Recoil\n|\n|-weather|RainDance|[upkeep]\n|upkeep\n|\n|t:|1698714252\n|switch|p1a: Giratina|Giratina-Origin|100\/100\n|turn|35\n|\n|t:|1698714257\n|-terastallize|p2a: Regieleki|Ice\n|move|p2a: Regieleki|Tera Blast|p1a: Giratina|[anim] Tera Blast Ice\n|-supereffective|p1a: Giratina\n|-damage|p1a: Giratina|54\/100\n|move|p1a: Giratina|Draco Meteor|p2a: Regieleki\n|-damage|p2a: Regieleki|0 fnt\n|-unboost|p1a: Giratina|spa|2\n|faint|p2a: Regieleki\n|\n|win|WowACow\n|c|\u2606WowACow|Goobed\n|c|\u2606FatalOblivion|Dem\n|c|\u2606WowACow|Gg\n|c|\u2606FatalOblivion|So much protect spam\n|c|\u2606WowACow|Haha\n|c|\u2606FatalOblivion|Wait can we swap teams?\n|c|\u2606WowACow|It's not a chosenonew tour\n|c|\u2606WowACow|U can swap teams\n","uploadtime":1698714285,"views":12,"p1id":"wowacow","p2id":"fataloblivion","formatid":"gen9ubers","rating":0,"private":0,"password":""}