{"id":"gen9ubers-1971441469","p1":"Richard1112","p2":"Flygonsweeper365","format":"[Gen 9] Ubers","log":"|j|\u2606Richard1112\n|j|\u2606Flygonsweeper365\n|t:|1697738753\n|gametype|singles\n|player|p1|Richard1112|volkner|1113\n|player|p2|Flygonsweeper365|riley|1205\n|teamsize|p1|6\n|teamsize|p2|6\n|gen|9\n|tier|[Gen 9] Ubers\n|rated|\n|rule|Sleep Clause Mod: Limit one foe put to sleep\n|rule|Species Clause: Limit one of each Pok\u00e9mon\n|rule|OHKO Clause: OHKO moves are banned\n|rule|Evasion Items Clause: Evasion items are banned\n|rule|Evasion Moves Clause: Evasion moves are banned\n|rule|Endless Battle Clause: Forcing endless battles is banned\n|rule|HP Percentage Mod: HP is shown in percentages\n|clearpoke\n|poke|p1|Meowscarada, F|\n|poke|p1|Wo-Chien|\n|poke|p1|Decidueye-Hisui, M|\n|poke|p1|Amoonguss, M|\n|poke|p1|Rillaboom, M|\n|poke|p1|Torterra, M|\n|poke|p2|Mismagius, M|\n|poke|p2|Groudon|\n|poke|p2|Miraidon|\n|poke|p2|Salazzle, F|\n|poke|p2|Quaquaval, F|\n|poke|p2|Enamorus, F|\n|teampreview\n|inactive|Battle timer is ON: inactive players will automatically lose when time's up. (requested by Richard1112)\n|l|\u2606Richard1112\n|inactive|Richard1112 disconnected and has a minute to reconnect!\n|player|p1|\n|c|\u2606Flygonsweeper365|liking the mono grass team\n|inactive|Flygonsweeper365 has 120 seconds left.\n|j|\u2606Richard1112\n|inactive|Richard1112 reconnected and has 120 seconds left.\n|player|p1|Richard1112|volkner\n|\n|t:|1697738787\n|start\n|switch|p1a: Decidueye|Decidueye-Hisui, M|100\/100\n|switch|p2a: Mismagius|Mismagius, M|100\/100\n|turn|1\n|\n|t:|1697738806\n|switch|p2a: Enamorus|Enamorus, F|100\/100\n|move|p1a: Decidueye|Swords Dance|p1a: Decidueye\n|-boost|p1a: Decidueye|atk|2\n|\n|upkeep\n|turn|2\n|\n|t:|1697738819\n|switch|p1a: Amoonguss|Amoonguss, M|100\/100\n|move|p2a: Enamorus|Moonblast|p1a: Amoonguss\n|-resisted|p1a: Amoonguss\n|-damage|p1a: Amoonguss|62\/100\n|-unboost|p1a: Amoonguss|spa|1\n|\n|-heal|p1a: Amoonguss|68\/100|[from] item: Black Sludge\n|upkeep\n|turn|3\n|\n|t:|1697738828\n|switch|p2a: Miraidon|Miraidon|100\/100\n|-fieldstart|move: Electric Terrain|[from] ability: Hadron Engine|[of] p2a: Miraidon\n|move|p1a: Amoonguss|Sludge Bomb|p2a: Miraidon\n|-damage|p2a: Miraidon|80\/100\n|-status|p2a: Miraidon|psn\n|\n|-heal|p2a: Miraidon|86\/100 psn|[from] item: Leftovers\n|-heal|p1a: Amoonguss|74\/100|[from] item: Black Sludge\n|-damage|p2a: Miraidon|74\/100 psn|[from] psn\n|upkeep\n|turn|4\n|\n|t:|1697738843\n|switch|p2a: Salazzle|Salazzle, F|100\/100\n|switch|p1a: Wo-Chien|Wo-Chien|100\/100\n|-ability|p1a: Wo-Chien|Tablets of Ruin\n|\n|upkeep\n|turn|5\n|\n|t:|1697738853\n|move|p2a: Salazzle|Fire Blast|p1a: Wo-Chien|[miss]\n|-miss|p2a: Salazzle|p1a: Wo-Chien\n|move|p1a: Wo-Chien|Leech Seed|p2a: Salazzle\n|-start|p2a: Salazzle|move: Leech Seed\n|\n|-damage|p2a: Salazzle|88\/100|[from] Leech Seed|[of] p1a: Wo-Chien\n|upkeep\n|turn|6\n|\n|t:|1697738859\n|move|p2a: Salazzle|Fire Blast|p1a: Wo-Chien\n|-supereffective|p1a: Wo-Chien\n|-damage|p1a: Wo-Chien|37\/100\n|move|p1a: Wo-Chien|Substitute|p1a: Wo-Chien\n|-start|p1a: Wo-Chien|Substitute\n|-damage|p1a: Wo-Chien|13\/100\n|\n|-heal|p1a: Wo-Chien|19\/100|[from] item: Leftovers\n|-damage|p2a: Salazzle|76\/100|[from] Leech Seed|[of] p1a: Wo-Chien\n|-heal|p1a: Wo-Chien|28\/100|[silent]\n|upkeep\n|turn|7\n|\n|t:|1697738874\n|move|p1a: Wo-Chien|Protect|p1a: Wo-Chien\n|-singleturn|p1a: Wo-Chien|Protect\n|move|p2a: Salazzle|Fire Blast|p1a: Wo-Chien\n|-activate|p1a: Wo-Chien|move: Protect\n|\n|-heal|p1a: Wo-Chien|34\/100|[from] item: Leftovers\n|-damage|p2a: Salazzle|64\/100|[from] Leech Seed|[of] p1a: Wo-Chien\n|-heal|p1a: Wo-Chien|43\/100|[silent]\n|-fieldend|move: Electric Terrain\n|upkeep\n|turn|8\n|\n|t:|1697738884\n|move|p2a: Salazzle|Fire Blast|p1a: Wo-Chien\n|-supereffective|p1a: Wo-Chien\n|-end|p1a: Wo-Chien|Substitute\n|move|p1a: Wo-Chien|Ruination|p2a: Salazzle\n|-damage|p2a: Salazzle|32\/100\n|\n|-heal|p1a: Wo-Chien|49\/100|[from] item: Leftovers\n|-damage|p2a: Salazzle|20\/100|[from] Leech Seed|[of] p1a: Wo-Chien\n|-heal|p1a: Wo-Chien|58\/100|[silent]\n|upkeep\n|turn|9\n|\n|t:|1697738895\n|move|p1a: Wo-Chien|Protect|p1a: Wo-Chien\n|-singleturn|p1a: Wo-Chien|Protect\n|move|p2a: Salazzle|Fire Blast|p1a: Wo-Chien\n|-activate|p1a: Wo-Chien|move: Protect\n|\n|-heal|p1a: Wo-Chien|64\/100|[from] item: Leftovers\n|-damage|p2a: Salazzle|8\/100|[from] Leech Seed|[of] p1a: Wo-Chien\n|-heal|p1a: Wo-Chien|73\/100|[silent]\n|upkeep\n|turn|10\n|\n|t:|1697738904\n|move|p1a: Wo-Chien|Protect|p1a: Wo-Chien\n|-singleturn|p1a: Wo-Chien|Protect\n|move|p2a: Salazzle|Fire Blast|p1a: Wo-Chien\n|-activate|p1a: Wo-Chien|move: Protect\n|\n|-heal|p1a: Wo-Chien|80\/100|[from] item: Leftovers\n|-damage|p2a: Salazzle|0 fnt|[from] Leech Seed|[of] p1a: Wo-Chien\n|-heal|p1a: Wo-Chien|85\/100|[silent]\n|faint|p2a: Salazzle\n|upkeep\n|\n|t:|1697738934\n|switch|p2a: Enamorus|Enamorus, F|100\/100\n|turn|11\n|\n|t:|1697738947\n|move|p2a: Enamorus|Mystical Fire|p1a: Wo-Chien\n|-supereffective|p1a: Wo-Chien\n|-damage|p1a: Wo-Chien|29\/100\n|-unboost|p1a: Wo-Chien|spa|1\n|move|p1a: Wo-Chien|Substitute|p1a: Wo-Chien\n|-start|p1a: Wo-Chien|Substitute\n|-damage|p1a: Wo-Chien|4\/100\n|\n|-heal|p1a: Wo-Chien|10\/100|[from] item: Leftovers\n|upkeep\n|turn|12\n|\n|t:|1697738955\n|move|p2a: Enamorus|Mystical Fire|p1a: Wo-Chien\n|-supereffective|p1a: Wo-Chien\n|-end|p1a: Wo-Chien|Substitute\n|move|p1a: Wo-Chien|Leech Seed|p2a: Enamorus\n|-start|p2a: Enamorus|move: Leech Seed\n|\n|-heal|p1a: Wo-Chien|16\/100|[from] item: Leftovers\n|-damage|p2a: Enamorus|88\/100|[from] Leech Seed|[of] p1a: Wo-Chien\n|-heal|p1a: Wo-Chien|26\/100|[silent]\n|upkeep\n|turn|13\n|\n|t:|1697738965\n|switch|p2a: Quaquaval|Quaquaval, F|100\/100\n|move|p1a: Wo-Chien|Protect||[still]\n|-fail|p1a: Wo-Chien\n|\n|-heal|p1a: Wo-Chien|32\/100|[from] item: Leftovers\n|upkeep\n|turn|14\n|\n|t:|1697738978\n|move|p2a: Quaquaval|Close Combat|p1a: Wo-Chien\n|-supereffective|p1a: Wo-Chien\n|-damage|p1a: Wo-Chien|0 fnt\n|-unboost|p2a: Quaquaval|def|1\n|-unboost|p2a: Quaquaval|spd|1\n|faint|p1a: Wo-Chien\n|-ability|p2a: Quaquaval|Moxie|boost\n|-boost|p2a: Quaquaval|atk|1\n|\n|upkeep\n|\n|t:|1697738985\n|switch|p1a: Meowscarada|Meowscarada, F|100\/100\n|turn|15\n|\n|t:|1697738993\n|switch|p2a: Mismagius|Mismagius, M|100\/100\n|move|p1a: Meowscarada|Flower Trick|p2a: Mismagius\n|-start|p1a: Meowscarada|typechange|Grass|[from] ability: Protean\n|-crit|p2a: Mismagius\n|-damage|p2a: Mismagius|0 fnt\n|faint|p2a: Mismagius\n|\n|upkeep\n|inactive|Flygonsweeper365 has 120 seconds left.\n|\n|t:|1697739024\n|switch|p2a: Enamorus|Enamorus, F|88\/100\n|turn|16\n|inactive|Flygonsweeper365 has 120 seconds left.\n|\n|t:|1697739032\n|switch|p1a: Amoonguss|Amoonguss, M|100\/100\n|move|p2a: Enamorus|Moonblast|p1a: Amoonguss\n|-resisted|p1a: Amoonguss\n|-damage|p1a: Amoonguss|67\/100\n|\n|-heal|p1a: Amoonguss|73\/100|[from] item: Black Sludge\n|upkeep\n|turn|17\n|\n|t:|1697739041\n|switch|p2a: Miraidon|Miraidon|74\/100 psn\n|-fieldstart|move: Electric Terrain|[from] ability: Hadron Engine|[of] p2a: Miraidon\n|move|p1a: Amoonguss|Sludge Bomb|p2a: Miraidon\n|-damage|p2a: Miraidon|39\/100 psn\n|\n|-heal|p2a: Miraidon|45\/100 psn|[from] item: Leftovers\n|-heal|p1a: Amoonguss|80\/100|[from] item: Black Sludge\n|-damage|p2a: Miraidon|32\/100 psn|[from] psn\n|upkeep\n|turn|18\n|inactive|Flygonsweeper365 has 120 seconds left.\n|\n|t:|1697739057\n|switch|p2a: Quaquaval|Quaquaval, F|100\/100\n|move|p1a: Amoonguss|Sludge Bomb|p2a: Quaquaval\n|-damage|p2a: Quaquaval|43\/100\n|-status|p2a: Quaquaval|psn\n|\n|-heal|p1a: Amoonguss|86\/100|[from] item: Black Sludge\n|-damage|p2a: Quaquaval|31\/100 psn|[from] psn\n|upkeep\n|turn|19\n|\n|t:|1697739066\n|move|p2a: Quaquaval|Knock Off|p1a: Amoonguss\n|-damage|p1a: Amoonguss|53\/100\n|-enditem|p1a: Amoonguss|Black Sludge|[from] move: Knock Off|[of] p2a: Quaquaval\n|move|p1a: Amoonguss|Giga Drain|p2a: Quaquaval\n|-supereffective|p2a: Quaquaval\n|-damage|p2a: Quaquaval|0 fnt\n|-heal|p1a: Amoonguss|64\/100|[from] drain|[of] p2a: Quaquaval\n|faint|p2a: Quaquaval\n|\n|upkeep\n|\n|t:|1697739075\n|switch|p2a: Groudon|Groudon|100\/100\n|-weather|SunnyDay|[from] ability: Drought|[of] p2a: Groudon\n|turn|20\n|\n|t:|1697739080\n|move|p2a: Groudon|Heat Crash|p1a: Amoonguss\n|-supereffective|p1a: Amoonguss\n|-damage|p1a: Amoonguss|0 fnt\n|faint|p1a: Amoonguss\n|\n|-weather|SunnyDay|[upkeep]\n|upkeep\n|\n|t:|1697739085\n|switch|p1a: Torterra|Torterra, M|100\/100\n|turn|21\n|\n|t:|1697739095\n|move|p2a: Groudon|Heat Crash|p1a: Torterra\n|-supereffective|p1a: Torterra\n|-damage|p1a: Torterra|21\/100\n|move|p1a: Torterra|Shell Smash|p1a: Torterra\n|-unboost|p1a: Torterra|def|1\n|-unboost|p1a: Torterra|spd|1\n|-boost|p1a: Torterra|atk|2\n|-boost|p1a: Torterra|spa|2\n|-boost|p1a: Torterra|spe|2\n|\n|-weather|SunnyDay|[upkeep]\n|-fieldend|move: Electric Terrain\n|upkeep\n|turn|22\n|\n|t:|1697739111\n|switch|p2a: Miraidon|Miraidon|32\/100 psn\n|-fieldstart|move: Electric Terrain|[from] ability: Hadron Engine|[of] p2a: Miraidon\n|move|p1a: Torterra|Bullet Seed|p2a: Miraidon\n|-resisted|p2a: Miraidon\n|-damage|p2a: Miraidon|20\/100 psn\n|-resisted|p2a: Miraidon\n|-damage|p2a: Miraidon|8\/100 psn\n|-resisted|p2a: Miraidon\n|-damage|p2a: Miraidon|0 fnt\n|faint|p2a: Miraidon\n|-hitcount|p2: Miraidon|3\n|\n|-weather|SunnyDay|[upkeep]\n|upkeep\n|\n|t:|1697739122\n|switch|p2a: Enamorus|Enamorus, F|88\/100\n|turn|23\n|\n|t:|1697739130\n|move|p1a: Torterra|Rock Blast|p2a: Enamorus\n|-supereffective|p2a: Enamorus\n|-damage|p2a: Enamorus|35\/100\n|-supereffective|p2a: Enamorus\n|-damage|p2a: Enamorus|0 fnt\n|faint|p2a: Enamorus\n|-hitcount|p2: Enamorus|2\n|\n|-weather|SunnyDay|[upkeep]\n|upkeep\n|c|\u2606Flygonsweeper365|gg\n|\n|t:|1697739139\n|switch|p2a: Groudon|Groudon|100\/100\n|turn|24\n|\n|t:|1697739142\n|-terastallize|p1a: Torterra|Grass\n|move|p1a: Torterra|Bullet Seed|p2a: Groudon\n|-supereffective|p2a: Groudon\n|-damage|p2a: Groudon|59\/100\n|-supereffective|p2a: Groudon\n|-damage|p2a: Groudon|17\/100\n|-supereffective|p2a: Groudon\n|-damage|p2a: Groudon|0 fnt\n|faint|p2a: Groudon\n|-hitcount|p2: Groudon|3\n|\n|win|Richard1112\n|raw|Richard1112's rating: 1113 &rarr; <strong>1144<\/strong><br \/>(+31 for winning)\n|raw|Flygonsweeper365's rating: 1205 &rarr; <strong>1174<\/strong><br \/>(-31 for losing)\n|l|\u2606Flygonsweeper365\n","uploadtime":1697739153,"views":7,"p1id":"richard1112","p2id":"flygonsweeper365","formatid":"gen9ubers","rating":1144,"private":0,"password":""}