{"id":"gen9ubers-1975985135","p1":"hannah_xyz","p2":"Nitro524","format":"[Gen 9] Ubers","log":"|j|\u2606hannah_xyz\n|j|\u2606Nitro524\n|t:|1698254342\n|gametype|singles\n|player|p1|hannah_xyz|steven|\n|player|p2|Nitro524|hilbert-wonderlauncher|\n|teamsize|p1|6\n|teamsize|p2|6\n|gen|9\n|tier|[Gen 9] Ubers\n|rule|Sleep Clause Mod: Limit one foe put to sleep\n|rule|Species Clause: Limit one of each Pok\u00e9mon\n|rule|OHKO Clause: OHKO moves are banned\n|rule|Evasion Items Clause: Evasion items are banned\n|rule|Evasion Moves Clause: Evasion moves are banned\n|rule|Endless Battle Clause: Forcing endless battles is banned\n|rule|HP Percentage Mod: HP is shown in percentages\n|clearpoke\n|poke|p1|Chi-Yu|\n|poke|p1|Torkoal, F|\n|poke|p1|Roaring Moon|\n|poke|p1|Walking Wake|\n|poke|p1|Arceus-Fire|\n|poke|p1|Leafeon, F|\n|poke|p2|Pelipper, F|\n|poke|p2|Arceus-Poison|\n|poke|p2|Zacian-*|\n|poke|p2|Palkia-Origin|\n|poke|p2|Basculegion-F, F|\n|poke|p2|Shaymin-Sky|\n|teampreview\n|\n|t:|1698254357\n|start\n|switch|p1a: Torkoal|Torkoal, F|100\/100\n|switch|p2a: Pelipper|Pelipper, F|100\/100\n|-weather|RainDance|[from] ability: Drizzle|[of] p2a: Pelipper\n|-weather|SunnyDay|[from] ability: Drought|[of] p1a: Torkoal\n|turn|1\n|\n|t:|1698254371\n|move|p2a: Pelipper|Knock Off|p1a: Torkoal\n|-damage|p1a: Torkoal|90\/100\n|-enditem|p1a: Torkoal|Heat Rock|[from] move: Knock Off|[of] p2a: Pelipper\n|move|p1a: Torkoal|Stealth Rock|p2a: Pelipper\n|-sidestart|p2: Nitro524|move: Stealth Rock\n|\n|-weather|SunnyDay|[upkeep]\n|upkeep\n|turn|2\n|j| J RabootYT\n|l| J RabootYT\n|\n|t:|1698254387\n|switch|p2a: Palkia|Palkia-Origin|100\/100\n|-damage|p2a: Palkia|88\/100|[from] Stealth Rock\n|-ability|p2a: Palkia|Pressure\n|move|p1a: Torkoal|Lava Plume|p2a: Palkia\n|-resisted|p2a: Palkia\n|-damage|p2a: Palkia|79\/100\n|\n|-weather|SunnyDay|[upkeep]\n|upkeep\n|turn|3\n|\n|t:|1698254399\n|move|p2a: Palkia|Substitute|p2a: Palkia\n|-start|p2a: Palkia|Substitute\n|-damage|p2a: Palkia|54\/100\n|move|p1a: Torkoal|Yawn||[still]\n|-fail|p1a: Torkoal\n|\n|-weather|SunnyDay|[upkeep]\n|upkeep\n|turn|4\n|c|\u2606hannah_xyz|gg lol\n|c|\u2606Nitro524|gg\n|\n|t:|1698254431\n|switch|p1a: Arceus|Arceus-Fire|100\/100\n|move|p2a: Palkia|Scale Shot|p1a: Arceus\n|-damage|p1a: Arceus|94\/100\n|-damage|p1a: Arceus|87\/100\n|-damage|p1a: Arceus|80\/100\n|-damage|p1a: Arceus|73\/100\n|-hitcount|p1a: Arceus|4\n|-unboost|p2a: Palkia|def|1\n|-boost|p2a: Palkia|spe|1\n|\n|-weather|SunnyDay|[upkeep]\n|upkeep\n|turn|5\n|\n|t:|1698254480\n|move|p2a: Palkia|Hydro Pump|p1a: Arceus\n|-supereffective|p1a: Arceus\n|-damage|p1a: Arceus|21\/100\n|move|p1a: Arceus|Earthquake|p2a: Palkia\n|-end|p2a: Palkia|Substitute\n|\n|-weather|SunnyDay|[upkeep]\n|upkeep\n|turn|6\n|\n|t:|1698254495\n|move|p2a: Palkia|Spacial Rend|p1a: Arceus\n|-damage|p1a: Arceus|0 fnt\n|faint|p1a: Arceus\n|\n|-weather|SunnyDay|[upkeep]\n|upkeep\n|\n|t:|1698254517\n|switch|p1a: Roaring Moon|Roaring Moon|100\/100\n|-activate|p1a: Roaring Moon|ability: Protosynthesis\n|-start|p1a: Roaring Moon|protosynthesisspe\n|turn|7\n|c|\u2606Nitro524|sun goes crazy\n|c|\u2606hannah_xyz|it does\n|c|\u2606Nitro524|arc fire taking neutral from pump\n|\n|t:|1698254542\n|-terastallize|p2a: Palkia|Fairy\n|move|p2a: Palkia|Scale Shot|p1a: Roaring Moon\n|-supereffective|p1a: Roaring Moon\n|-crit|p1a: Roaring Moon\n|-damage|p1a: Roaring Moon|59\/100\n|-supereffective|p1a: Roaring Moon\n|-damage|p1a: Roaring Moon|37\/100\n|-supereffective|p1a: Roaring Moon\n|-damage|p1a: Roaring Moon|12\/100\n|-supereffective|p1a: Roaring Moon\n|-damage|p1a: Roaring Moon|0 fnt\n|faint|p1a: Roaring Moon\n|-end|p1a: Roaring Moon|Protosynthesis|[silent]\n|-hitcount|p1: Roaring Moon|4\n|-unboost|p2a: Palkia|def|1\n|-boost|p2a: Palkia|spe|1\n|\n|-weather|SunnyDay|[upkeep]\n|upkeep\n|\n|t:|1698254565\n|switch|p1a: Leafeon|Leafeon, F|100\/100\n|turn|8\n|\n|t:|1698254601\n|move|p2a: Palkia|Spacial Rend|p1a: Leafeon\n|-damage|p1a: Leafeon|0 fnt\n|faint|p1a: Leafeon\n|\n|-weather|none\n|upkeep\n|\n|t:|1698254614\n|switch|p1a: Torkoal|Torkoal, F|90\/100\n|-weather|SunnyDay|[from] ability: Drought|[of] p1a: Torkoal\n|turn|9\n|\n|t:|1698254622\n|move|p2a: Palkia|Substitute|p2a: Palkia\n|-start|p2a: Palkia|Substitute\n|-damage|p2a: Palkia|29\/100\n|move|p1a: Torkoal|Yawn||[still]\n|-fail|p1a: Torkoal\n|\n|-weather|SunnyDay|[upkeep]\n|upkeep\n|turn|10\n|\n|t:|1698254633\n|move|p2a: Palkia|Hydro Pump|p1a: Torkoal|[miss]\n|-miss|p2a: Palkia|p1a: Torkoal\n|move|p1a: Torkoal|Rapid Spin|p2a: Palkia\n|-activate|p2a: Palkia|move: Substitute|[damage]\n|-boost|p1a: Torkoal|spe|1\n|\n|-weather|SunnyDay|[upkeep]\n|upkeep\n|turn|11\n|c|\u2606Nitro524|zamn\n|\n|t:|1698254685\n|move|p2a: Palkia|Hydro Pump|p1a: Torkoal|[miss]\n|-miss|p2a: Palkia|p1a: Torkoal\n|move|p1a: Torkoal|Rapid Spin|p2a: Palkia\n|-end|p2a: Palkia|Substitute\n|-boost|p1a: Torkoal|spe|1\n|\n|-weather|SunnyDay|[upkeep]\n|upkeep\n|turn|12\n|c|\u2606Nitro524|fuck\n|c|\u2606Nitro524|you deserve the win if i miss again\n|\n|t:|1698254707\n|move|p2a: Palkia|Hydro Pump|p1a: Torkoal\n|-supereffective|p1a: Torkoal\n|-damage|p1a: Torkoal|25\/100\n|move|p1a: Torkoal|Yawn|p2a: Palkia\n|-start|p2a: Palkia|move: Yawn|[of] p1a: Torkoal\n|\n|-weather|SunnyDay|[upkeep]\n|upkeep\n|turn|13\n|\n|t:|1698254727\n|switch|p2a: Pelipper|Pelipper, F|100\/100\n|-damage|p2a: Pelipper|75\/100|[from] Stealth Rock\n|-weather|RainDance|[from] ability: Drizzle|[of] p2a: Pelipper\n|move|p1a: Torkoal|Lava Plume|p2a: Pelipper\n|-resisted|p2a: Pelipper\n|-damage|p2a: Pelipper|70\/100\n|-status|p2a: Pelipper|brn\n|\n|-weather|RainDance|[upkeep]\n|-damage|p2a: Pelipper|63\/100 brn|[from] brn\n|upkeep\n|turn|14\n|\n|t:|1698254735\n|switch|p1a: Walking Wake|Walking Wake|100\/100\n|move|p2a: Pelipper|Hurricane|p1a: Walking Wake\n|-damage|p1a: Walking Wake|58\/100\n|-start|p1a: Walking Wake|confusion\n|\n|-weather|RainDance|[upkeep]\n|-damage|p2a: Pelipper|57\/100 brn|[from] brn\n|upkeep\n|turn|15\n|\n|t:|1698254741\n|-end|p1a: Walking Wake|Protosynthesis|[silent]\n|switch|p1a: Chi-Yu|Chi-Yu|100\/100\n|-ability|p1a: Chi-Yu|Beads of Ruin\n|move|p2a: Pelipper|Roost|p2a: Pelipper\n|-heal|p2a: Pelipper|100\/100 brn\n|-singleturn|p2a: Pelipper|move: Roost\n|\n|-weather|RainDance|[upkeep]\n|-damage|p2a: Pelipper|94\/100 brn|[from] brn\n|upkeep\n|turn|16\n|\n|t:|1698254748\n|move|p1a: Chi-Yu|Dark Pulse|p2a: Pelipper\n|-damage|p2a: Pelipper|34\/100 brn\n|move|p2a: Pelipper|Knock Off|p1a: Chi-Yu\n|-resisted|p1a: Chi-Yu\n|-damage|p1a: Chi-Yu|96\/100\n|-enditem|p1a: Chi-Yu|Choice Scarf|[from] move: Knock Off|[of] p2a: Pelipper\n|\n|-weather|RainDance|[upkeep]\n|-damage|p2a: Pelipper|28\/100 brn|[from] brn\n|upkeep\n|turn|17\n|\n|t:|1698254759\n|switch|p1a: Torkoal|Torkoal, F|25\/100\n|-weather|SunnyDay|[from] ability: Drought|[of] p1a: Torkoal\n|switch|p2a: Zacian|Zacian|100\/100\n|-ability|p2a: Zacian|Intrepid Sword|boost\n|-boost|p2a: Zacian|atk|1\n|\n|-weather|SunnyDay|[upkeep]\n|upkeep\n|turn|18\n|\n|t:|1698254768\n|move|p2a: Zacian|Close Combat|p1a: Torkoal\n|-damage|p1a: Torkoal|0 fnt\n|-unboost|p2a: Zacian|def|1\n|-unboost|p2a: Zacian|spd|1\n|faint|p1a: Torkoal\n|\n|-weather|SunnyDay|[upkeep]\n|upkeep\n|c|\u2606Nitro524|ggs\n|\n|t:|1698254773\n|switch|p1a: Walking Wake|Walking Wake|58\/100\n|-activate|p1a: Walking Wake|ability: Protosynthesis\n|-start|p1a: Walking Wake|protosynthesisspe\n|turn|19\n|c|\u2606hannah_xyz|yeah ggs\n|\n|t:|1698254791\n|-terastallize|p1a: Walking Wake|Water\n|move|p1a: Walking Wake|Hydro Steam|p2a: Zacian\n|-damage|p2a: Zacian|0 fnt\n|faint|p2a: Zacian\n|\n|-weather|SunnyDay|[upkeep]\n|upkeep\n|\n|t:|1698254809\n|switch|p2a: Pelipper|Pelipper, F|28\/100 brn\n|-damage|p2a: Pelipper|3\/100 brn|[from] Stealth Rock\n|-weather|RainDance|[from] ability: Drizzle|[of] p2a: Pelipper\n|-end|p1a: Walking Wake|Protosynthesis\n|turn|20\n|\n|t:|1698254828\n|move|p1a: Walking Wake|Hydro Steam|p2a: Pelipper\n|-resisted|p2a: Pelipper\n|-damage|p2a: Pelipper|0 fnt\n|faint|p2a: Pelipper\n|\n|-weather|RainDance|[upkeep]\n|upkeep\n|\n|t:|1698254841\n|switch|p2a: Basculegion|Basculegion-F, F|100\/100\n|-damage|p2a: Basculegion|88\/100|[from] Stealth Rock\n|turn|21\n|\n|t:|1698254853\n|move|p2a: Basculegion|Last Respects|p1a: Walking Wake\n|-crit|p1a: Walking Wake\n|-damage|p1a: Walking Wake|0 fnt\n|faint|p1a: Walking Wake\n|-end|p1a: Walking Wake|Protosynthesis|[silent]\n|\n|-weather|RainDance|[upkeep]\n|upkeep\n|\n|t:|1698254857\n|switch|p1a: Chi-Yu|Chi-Yu|96\/100\n|-ability|p1a: Chi-Yu|Beads of Ruin\n|turn|22\n|\n|t:|1698254861\n|move|p2a: Basculegion|Last Respects|p1a: Chi-Yu\n|-resisted|p1a: Chi-Yu\n|-damage|p1a: Chi-Yu|13\/100\n|move|p1a: Chi-Yu|Dark Pulse|p2a: Basculegion\n|-supereffective|p2a: Basculegion\n|-damage|p2a: Basculegion|0 fnt\n|faint|p2a: Basculegion\n|\n|-weather|RainDance|[upkeep]\n|upkeep\n|\n|t:|1698254870\n|switch|p2a: Arceus|Arceus-Poison|100\/100\n|-damage|p2a: Arceus|88\/100|[from] Stealth Rock\n|turn|23\n|\n|t:|1698254876\n|move|p2a: Arceus|Earth Power|p1a: Chi-Yu\n|-supereffective|p1a: Chi-Yu\n|-damage|p1a: Chi-Yu|0 fnt\n|faint|p1a: Chi-Yu\n|\n|win|Nitro524\n|c|\u2606Nitro524|gg\n|c|\u2606Nitro524|well played\n|c|\u2606hannah_xyz|gg\n|c|\u2606hannah_xyz|u2\n","uploadtime":1698254883,"views":10,"p1id":"hannahxyz","p2id":"nitro524","formatid":"gen9ubers","rating":0,"private":0,"password":""}