{"id":"gen9ubers-1985908641","p1":"7812g2fu8bv","p2":"its a gambit trust","format":"[Gen 9] Ubers","log":"|j|\u26067812g2fu8bv\n|j|\u2606its a gambit trust\n|t:|1699420948\n|gametype|singles\n|player|p1|7812g2fu8bv|101|1070\n|player|p2|its a gambit trust|acerola-masters|1000\n|teamsize|p1|6\n|teamsize|p2|6\n|gen|9\n|tier|[Gen 9] Ubers\n|rated|\n|rule|Sleep Clause Mod: Limit one foe put to sleep\n|rule|Species Clause: Limit one of each Pok\u00e9mon\n|rule|OHKO Clause: OHKO moves are banned\n|rule|Evasion Items Clause: Evasion items are banned\n|rule|Evasion Moves Clause: Evasion moves are banned\n|rule|Endless Battle Clause: Forcing endless battles is banned\n|rule|HP Percentage Mod: HP is shown in percentages\n|clearpoke\n|poke|p1|Maushold-Four|\n|poke|p1|Zacian-*|\n|poke|p1|Blissey, F|\n|poke|p1|Miraidon|\n|poke|p1|Urshifu-*, F|\n|poke|p1|Clodsire, F|\n|poke|p2|Arceus|\n|poke|p2|Koraidon|\n|poke|p2|Zacian-*|\n|poke|p2|Rayquaza|\n|poke|p2|Iron Bundle|\n|poke|p2|Chien-Pao|\n|teampreview\n|inactive|Battle timer is ON: inactive players will automatically lose when time's up. (requested by its a gambit trust)\n|\n|t:|1699420960\n|start\n|switch|p1a: Zacian|Zacian-Crowned|100\/100\n|switch|p2a: Rayquaza|Rayquaza|100\/100\n|-ability|p1a: Zacian|Intrepid Sword|boost\n|-boost|p1a: Zacian|atk|1\n|-ability|p2a: Rayquaza|Air Lock\n|turn|1\n|inactive|7812g2fu8bv has 120 seconds left.\n|\n|t:|1699421001\n|-terastallize|p1a: Zacian|Fairy\n|move|p1a: Zacian|Behemoth Blade|p2a: Rayquaza\n|-enditem|p2a: Rayquaza|Focus Sash\n|-damage|p2a: Rayquaza|1\/100\n|move|p2a: Rayquaza|Stealth Rock|p1a: Zacian\n|-sidestart|p1: 7812g2fu8bv|move: Stealth Rock\n|\n|upkeep\n|turn|2\n|\n|t:|1699421010\n|move|p2a: Rayquaza|Extreme Speed|p1a: Zacian\n|-damage|p1a: Zacian|76\/100\n|move|p1a: Zacian|Crunch|p2a: Rayquaza\n|-damage|p2a: Rayquaza|0 fnt\n|faint|p2a: Rayquaza\n|\n|upkeep\n|\n|t:|1699421025\n|switch|p2a: Arceus|Arceus|100\/100\n|turn|3\n|inactive|7812g2fu8bv has 120 seconds left.\n|\n|t:|1699421037\n|move|p1a: Zacian|Sacred Sword|p2a: Arceus\n|-supereffective|p2a: Arceus\n|-damage|p2a: Arceus|29\/100\n|move|p2a: Arceus|Swords Dance|p2a: Arceus\n|-boost|p2a: Arceus|atk|2\n|\n|upkeep\n|turn|4\n|\n|t:|1699421044\n|move|p2a: Arceus|Extreme Speed|p1a: Zacian\n|-damage|p1a: Zacian|0 fnt\n|faint|p1a: Zacian\n|\n|upkeep\n|\n|t:|1699421050\n|switch|p1a: Clodsire|Clodsire, F|100\/100\n|-damage|p1a: Clodsire|94\/100|[from] Stealth Rock\n|turn|5\n|\n|t:|1699421055\n|move|p2a: Arceus|Earthquake|p1a: Clodsire\n|-supereffective|p1a: Clodsire\n|-damage|p1a: Clodsire|0 fnt\n|faint|p1a: Clodsire\n|\n|upkeep\n|\n|t:|1699421066\n|switch|p1a: Miraidon|Miraidon|100\/100\n|-damage|p1a: Miraidon|88\/100|[from] Stealth Rock\n|-fieldstart|move: Electric Terrain|[from] ability: Hadron Engine|[of] p1a: Miraidon\n|turn|6\n|\n|t:|1699421072\n|move|p2a: Arceus|Extreme Speed|p1a: Miraidon\n|-damage|p1a: Miraidon|0 fnt\n|faint|p1a: Miraidon\n|\n|upkeep\n|\n|t:|1699421083\n|switch|p1a: Blissey|Blissey, F|100\/100\n|-damage|p1a: Blissey|88\/100|[from] Stealth Rock\n|turn|7\n|\n|t:|1699421089\n|move|p2a: Arceus|Extreme Speed|p1a: Blissey\n|-damage|p1a: Blissey|0 fnt\n|faint|p1a: Blissey\n|\n|upkeep\n|\n|t:|1699421094\n|switch|p1a: Urshifu|Urshifu-Rapid-Strike, F|100\/100\n|-damage|p1a: Urshifu|94\/100|[from] Stealth Rock\n|turn|8\n|\n|t:|1699421116\n|move|p2a: Arceus|Extreme Speed|p1a: Urshifu\n|-damage|p1a: Urshifu|0 fnt\n|faint|p1a: Urshifu\n|\n|upkeep\n|\n|t:|1699421121\n|switch|p1a: Maushold|Maushold-Four|100\/100\n|-damage|p1a: Maushold|88\/100|[from] Stealth Rock\n|turn|9\n|\n|t:|1699421126\n|move|p2a: Arceus|Extreme Speed|p1a: Maushold\n|-damage|p1a: Maushold|0 fnt\n|faint|p1a: Maushold\n|\n|win|its a gambit trust\n|raw|7812g2fu8bv's rating: 1070 &rarr; <strong>1045<\/strong><br \/>(-25 for losing)\n|raw|its a gambit trust's rating: 1000 &rarr; <strong>1048<\/strong><br \/>(+48 for winning)\n","uploadtime":1699421133,"views":6,"p1id":"7812g2fu8bv","p2id":"itsagambittrust","formatid":"gen9ubers","rating":1045,"private":0,"password":""}