{"id":"gen9ubers-1987375726","p1":"tbor2002","p2":"PyroGaleZX","format":"[Gen 9] Ubers","log":"|j|\u2606tbor2002\n|j|\u2606PyroGaleZX\n|t:|1699583477\n|gametype|singles\n|player|p1|tbor2002|wattson|\n|player|p2|PyroGaleZX|grusha|\n|teamsize|p1|6\n|teamsize|p2|6\n|gen|9\n|tier|[Gen 9] Ubers\n|rule|Sleep Clause Mod: Limit one foe put to sleep\n|rule|Species Clause: Limit one of each Pok\u00e9mon\n|rule|OHKO Clause: OHKO moves are banned\n|rule|Evasion Items Clause: Evasion items are banned\n|rule|Evasion Moves Clause: Evasion moves are banned\n|rule|Endless Battle Clause: Forcing endless battles is banned\n|rule|HP Percentage Mod: HP is shown in percentages\n|clearpoke\n|poke|p1|Walking Wake|\n|poke|p1|Muk-Alola, F|\n|poke|p1|Jolteon, F|\n|poke|p1|Toxicroak, F|\n|poke|p1|Crabominable, F|\n|poke|p1|Glimmet, F|\n|poke|p2|Samurott-Hisui, M|\n|poke|p2|Enamorus-Therian, F|\n|poke|p2|Arcanine, F|\n|poke|p2|Umbreon, F|\n|poke|p2|Spiritomb, M|\n|poke|p2|Pawmo, M|\n|teampreview\n|\n|t:|1699583505\n|start\n|switch|p1a: Glimmet|Glimmet, F|100\/100\n|switch|p2a: Spiritomb|Spiritomb, M, shiny|100\/100\n|turn|1\n|\n|t:|1699583513\n|move|p1a: Glimmet|Sunny Day|p1a: Glimmet\n|-weather|SunnyDay\n|move|p2a: Spiritomb|Calm Mind|p2a: Spiritomb\n|-boost|p2a: Spiritomb|spa|1\n|-boost|p2a: Spiritomb|spd|1\n|\n|-weather|SunnyDay|[upkeep]\n|upkeep\n|turn|2\n|\n|t:|1699583527\n|-terastallize|p2a: Spiritomb|Dark\n|move|p1a: Glimmet|Stealth Rock|p2a: Spiritomb\n|-sidestart|p2: PyroGaleZX|move: Stealth Rock\n|move|p2a: Spiritomb|Dark Pulse|p1a: Glimmet\n|-enditem|p1a: Glimmet|Focus Sash\n|-damage|p1a: Glimmet|1\/100\n|\n|-weather|SunnyDay|[upkeep]\n|upkeep\n|turn|3\n|j| HeirEhm\n|\n|t:|1699583555\n|move|p1a: Glimmet|Spikes|p2a: Spiritomb\n|-sidestart|p2: PyroGaleZX|Spikes\n|move|p2a: Spiritomb|Calm Mind|p2a: Spiritomb\n|-boost|p2a: Spiritomb|spa|1\n|-boost|p2a: Spiritomb|spd|1\n|\n|-weather|SunnyDay|[upkeep]\n|upkeep\n|turn|4\n|\n|t:|1699583564\n|move|p1a: Glimmet|Spikes|p2a: Spiritomb\n|-sidestart|p2: PyroGaleZX|Spikes\n|move|p2a: Spiritomb|Calm Mind|p2a: Spiritomb\n|-boost|p2a: Spiritomb|spa|1\n|-boost|p2a: Spiritomb|spd|1\n|\n|-weather|SunnyDay|[upkeep]\n|upkeep\n|turn|5\n|\n|t:|1699583575\n|move|p1a: Glimmet|Spikes|p2a: Spiritomb\n|-sidestart|p2: PyroGaleZX|Spikes\n|move|p2a: Spiritomb|Dark Pulse|p1a: Glimmet\n|-damage|p1a: Glimmet|0 fnt\n|faint|p1a: Glimmet\n|\n|-weather|none\n|upkeep\n|\n|t:|1699583604\n|switch|p1a: Toxicroak|Toxicroak, F|100\/100\n|turn|6\n|\n|t:|1699583612\n|move|p1a: Toxicroak|Drain Punch|p2a: Spiritomb\n|-supereffective|p2a: Spiritomb\n|-damage|p2a: Spiritomb|0 fnt\n|faint|p2a: Spiritomb\n|-damage|p1a: Toxicroak|91\/100|[from] item: Life Orb\n|\n|upkeep\n|\n|t:|1699583638\n|switch|p2a: Samurott|Samurott-Hisui, M|100\/100\n|-damage|p2a: Samurott|88\/100|[from] Stealth Rock\n|-damage|p2a: Samurott|63\/100|[from] Spikes\n|turn|7\n|\n|t:|1699583652\n|move|p2a: Samurott|Razor Shell|p1a: Toxicroak\n|-heal|p1a: Toxicroak|100\/100|[from] ability: Dry Skin|[of] p2a: Samurott\n|move|p1a: Toxicroak|Swords Dance|p1a: Toxicroak\n|-boost|p1a: Toxicroak|atk|2\n|\n|upkeep\n|turn|8\n|\n|t:|1699583660\n|move|p1a: Toxicroak|Sucker Punch|p2a: Samurott\n|-resisted|p2a: Samurott\n|-damage|p2a: Samurott|29\/100\n|-damage|p1a: Toxicroak|91\/100|[from] item: Life Orb\n|move|p2a: Samurott|Razor Shell|p1a: Toxicroak\n|-heal|p1a: Toxicroak|100\/100|[from] ability: Dry Skin|[of] p2a: Samurott\n|\n|upkeep\n|turn|9\n|\n|t:|1699583668\n|move|p2a: Samurott|Razor Shell|p1a: Toxicroak\n|-immune|p1a: Toxicroak|[from] ability: Dry Skin\n|move|p1a: Toxicroak|Drain Punch|p2a: Samurott\n|-supereffective|p2a: Samurott\n|-damage|p2a: Samurott|0 fnt\n|faint|p2a: Samurott\n|-damage|p1a: Toxicroak|91\/100|[from] item: Life Orb\n|\n|upkeep\n|\n|t:|1699583671\n|switch|p2a: Arcanine|Arcanine, F|100\/100\n|-ability|p2a: Arcanine|Intimidate|boost\n|-unboost|p1a: Toxicroak|atk|1\n|turn|10\n|\n|t:|1699583690\n|move|p1a: Toxicroak|Drain Punch|p2a: Arcanine\n|-damage|p2a: Arcanine|48\/100\n|-heal|p1a: Toxicroak|100\/100|[from] drain|[of] p2a: Arcanine\n|-damage|p1a: Toxicroak|91\/100|[from] item: Life Orb\n|move|p2a: Arcanine|Flare Blitz|p1a: Toxicroak\n|-damage|p1a: Toxicroak|0 fnt\n|faint|p1a: Toxicroak\n|-damage|p2a: Arcanine|25\/100|[from] Recoil\n|\n|upkeep\n|\n|t:|1699583705\n|switch|p1a: Jolteon|Jolteon, F|100\/100\n|turn|11\n|\n|t:|1699583709\n|move|p1a: Jolteon|Thunderbolt|p2a: Arcanine\n|-damage|p2a: Arcanine|0 fnt\n|faint|p2a: Arcanine\n|\n|upkeep\n|\n|t:|1699583713\n|switch|p2a: Umbreon|Umbreon, F|100\/100\n|-damage|p2a: Umbreon|88\/100|[from] Stealth Rock\n|-damage|p2a: Umbreon|63\/100|[from] Spikes\n|turn|12\n|\n|t:|1699583721\n|move|p1a: Jolteon|Volt Switch|p2a: Umbreon\n|-damage|p2a: Umbreon|47\/100\n|\n|t:|1699583726\n|switch|p1a: Muk|Muk-Alola, F|100\/100|[from] Volt Switch\n|move|p2a: Umbreon|Wish|p2a: Umbreon\n|\n|-heal|p2a: Umbreon|53\/100|[from] item: Leftovers\n|upkeep\n|turn|13\n|\n|t:|1699583734\n|switch|p2a: Enamorus|Enamorus-Therian, F|100\/100\n|-damage|p2a: Enamorus|76\/100|[from] Stealth Rock\n|move|p1a: Muk|Knock Off|p2a: Enamorus\n|-resisted|p2a: Enamorus\n|-damage|p2a: Enamorus|55\/100\n|-enditem|p2a: Enamorus|Big Root|[from] move: Knock Off|[of] p1a: Muk\n|\n|-heal|p2a: Enamorus|100\/100|[from] move: Wish|[wisher] Umbreon\n|upkeep\n|turn|14\n|\n|t:|1699583745\n|move|p2a: Enamorus|Earth Power|p1a: Muk\n|-supereffective|p1a: Muk\n|-damage|p1a: Muk|59\/100\n|move|p1a: Muk|Poison Jab|p2a: Enamorus\n|-supereffective|p2a: Enamorus\n|-damage|p2a: Enamorus|30\/100\n|-status|p2a: Enamorus|psn|[from] ability: Poison Touch|[of] p1a: Muk\n|\n|-damage|p2a: Enamorus|18\/100 psn|[from] psn\n|upkeep\n|turn|15\n|\n|t:|1699583761\n|move|p2a: Enamorus|Earth Power|p1a: Muk\n|-supereffective|p1a: Muk\n|-damage|p1a: Muk|20\/100\n|move|p1a: Muk|Clear Smog|p2a: Enamorus\n|-supereffective|p2a: Enamorus\n|-damage|p2a: Enamorus|0 fnt\n|-clearboost|p2a: Enamorus\n|faint|p2a: Enamorus\n|\n|upkeep\n|\n|t:|1699583767\n|switch|p2a: Umbreon|Umbreon, F|53\/100\n|-damage|p2a: Umbreon|41\/100|[from] Stealth Rock\n|-damage|p2a: Umbreon|16\/100|[from] Spikes\n|turn|16\n|\n|t:|1699583783\n|switch|p2a: Pawmo|Pawmo, M|100\/100\n|-damage|p2a: Pawmo|94\/100|[from] Stealth Rock\n|-damage|p2a: Pawmo|69\/100|[from] Spikes\n|move|p1a: Muk|Knock Off|p2a: Pawmo\n|-resisted|p2a: Pawmo\n|-damage|p2a: Pawmo|36\/100\n|-enditem|p2a: Pawmo|Eviolite|[from] move: Knock Off|[of] p1a: Muk\n|\n|upkeep\n|turn|17\n|\n|t:|1699583795\n|switch|p2a: Umbreon|Umbreon, F|16\/100\n|-damage|p2a: Umbreon|4\/100|[from] Stealth Rock\n|-damage|p2a: Umbreon|0 fnt|[from] Spikes\n|faint|p2a: Umbreon\n|move|p1a: Muk|Clear Smog|p2: Umbreon|[notarget]\n|-fail|p1a: Muk\n|\n|upkeep\n|\n|t:|1699583804\n|switch|p2a: Pawmo|Pawmo, M|36\/100\n|-damage|p2a: Pawmo|30\/100|[from] Stealth Rock\n|-damage|p2a: Pawmo|5\/100|[from] Spikes\n|turn|18\n|\n|t:|1699583810\n|switch|p1a: Jolteon|Jolteon, F|100\/100\n|move|p2a: Pawmo|Fake Out|p1a: Jolteon\n|-damage|p1a: Jolteon|87\/100\n|\n|upkeep\n|turn|19\n|\n|t:|1699583820\n|move|p1a: Jolteon|Rain Dance|p1a: Jolteon\n|-weather|RainDance\n|move|p2a: Pawmo|Volt Switch|p1a: Jolteon\n|-heal|p1a: Jolteon|100\/100|[from] ability: Volt Absorb|[of] p2a: Pawmo\n|\n|-weather|RainDance|[upkeep]\n|upkeep\n|turn|20\n|\n|t:|1699583843\n|move|p1a: Jolteon|Tera Blast|p2a: Pawmo\n|-damage|p2a: Pawmo|0 fnt\n|faint|p2a: Pawmo\n|\n|win|tbor2002\n","uploadtime":1699583850,"views":6,"p1id":"tbor2002","p2id":"pyrogalezx","formatid":"gen9ubers","rating":0,"private":0,"password":""}