{"id":"gen9ubers-1979013023","p1":"Antistyx","p2":"puddle girl","format":"[Gen 9] Ubers","log":"|j|\u2606Antistyx\n|j|\u2606puddle girl\n|t:|1698621101\n|gametype|singles\n|player|p1|Antistyx|gardenia|\n|player|p2|puddle girl|parasollady|\n|teamsize|p1|6\n|teamsize|p2|6\n|gen|9\n|tier|[Gen 9] Ubers\n|rule|Sleep Clause Mod: Limit one foe put to sleep\n|rule|Species Clause: Limit one of each Pok\u00e9mon\n|rule|OHKO Clause: OHKO moves are banned\n|rule|Evasion Items Clause: Evasion items are banned\n|rule|Evasion Moves Clause: Evasion moves are banned\n|rule|Endless Battle Clause: Forcing endless battles is banned\n|rule|HP Percentage Mod: HP is shown in percentages\n|clearpoke\n|poke|p1|Overqwil, M|\n|poke|p1|Zapdos-Galar|\n|poke|p1|Thundurus-Therian, M|\n|poke|p1|Goodra-Hisui, M|\n|poke|p1|Gliscor, M|\n|poke|p1|Ting-Lu|\n|poke|p2|Slowking-Galar, M|\n|poke|p2|Zapdos|\n|poke|p2|Cinderace, F|\n|poke|p2|Zamazenta-*|\n|poke|p2|Ogerpon-Wellspring, F|\n|poke|p2|Tinkaton, F|\n|teampreview\n|j| ThatLilEeveeGirl\n|l| ThatLilEeveeGirl\n|j| ThatLilEeveeGirl\n|\n|t:|1698621354\n|start\n|switch|p1a: Beleron|Ting-Lu|100\/100\n|switch|p2a: Kiki|Ogerpon-Wellspring, F|100\/100\n|-ability|p1a: Beleron|Vessel of Ruin\n|turn|1\n|\n|t:|1698621387\n|switch|p1a: Jin|Overqwil, M, shiny|100\/100\n|-ability|p1a: Jin|Intimidate|boost\n|-unboost|p2a: Kiki|atk|1\n|move|p2a: Kiki|Taunt|p1a: Jin\n|-start|p1a: Jin|move: Taunt\n|\n|upkeep\n|turn|2\n|\n|t:|1698621398\n|move|p2a: Kiki|U-turn|p1a: Jin\n|-damage|p1a: Jin|88\/100\n|\n|t:|1698621465\n|switch|p2a: Jirara|Zapdos, shiny|100\/100|[from] U-turn\n|move|p1a: Jin|Barb Barrage|p2a: Jirara\n|-damage|p2a: Jirara|80\/100\n|\n|-heal|p1a: Jin|94\/100|[from] item: Leftovers\n|upkeep\n|turn|3\n|\n|t:|1698621477\n|switch|p1a: Calibur|Thundurus-Therian, M, shiny|100\/100\n|move|p2a: Jirara|Discharge|p1a: Calibur\n|-immune|p1a: Calibur|[from] ability: Volt Absorb\n|\n|upkeep\n|turn|4\n|\n|t:|1698621493\n|switch|p2a: Slongus|Slowking-Galar, M|100\/100\n|move|p1a: Calibur|Nasty Plot|p1a: Calibur\n|-boost|p1a: Calibur|spa|2\n|\n|upkeep\n|turn|5\n|\n|t:|1698621500\n|move|p1a: Calibur|Psychic|p2a: Slongus\n|-damage|p2a: Slongus|54\/100\n|-unboost|p2a: Slongus|spd|1\n|move|p2a: Slongus|Future Sight|p1a: Calibur\n|-start|p2a: Slongus|move: Future Sight\n|\n|upkeep\n|turn|6\n|\n|t:|1698621534\n|switch|p2a: Cassie|Tinkaton, F|100\/100\n|-ability|p2a: Cassie|Mold Breaker\n|move|p1a: Calibur|Psychic|p2a: Cassie\n|-resisted|p2a: Cassie\n|-damage|p2a: Cassie|71\/100\n|-unboost|p2a: Cassie|spd|1\n|\n|-heal|p2a: Cassie|77\/100|[from] item: Leftovers\n|upkeep\n|turn|7\n|\n|t:|1698621553\n|switch|p1a: Jin|Overqwil, M, shiny|94\/100\n|-ability|p1a: Jin|Intimidate|boost\n|-unboost|p2a: Cassie|atk|1\n|move|p2a: Cassie|Stealth Rock|p1a: Jin\n|-sidestart|p1: Antistyx|move: Stealth Rock\n|\n|-end|p1a: Jin|move: Future Sight\n|-immune|p1a: Jin\n|-heal|p2a: Cassie|83\/100|[from] item: Leftovers\n|-heal|p1a: Jin|99\/100|[from] item: Leftovers\n|upkeep\n|turn|8\n|\n|t:|1698621570\n|move|p2a: Cassie|Knock Off|p1a: Jin\n|-resisted|p1a: Jin\n|-damage|p1a: Jin|96\/100\n|-enditem|p1a: Jin|Leftovers|[from] move: Knock Off|[of] p2a: Cassie\n|move|p1a: Jin|Spikes|p2a: Cassie\n|-sidestart|p2: puddle girl|Spikes\n|\n|-heal|p2a: Cassie|89\/100|[from] item: Leftovers\n|upkeep\n|turn|9\n|\n|t:|1698621582\n|move|p2a: Cassie|Encore|p1a: Jin\n|-start|p1a: Jin|Encore\n|move|p1a: Jin|Spikes|p2a: Cassie\n|-sidestart|p2: puddle girl|Spikes\n|\n|-heal|p2a: Cassie|95\/100|[from] item: Leftovers\n|upkeep\n|turn|10\n|\n|t:|1698621596\n|switch|p2a: Jirara|Zapdos, shiny|80\/100\n|move|p1a: Jin|Spikes|p2a: Jirara\n|-sidestart|p2: puddle girl|Spikes\n|\n|upkeep\n|turn|11\n|\n|t:|1698621605\n|switch|p1a: Calibur|Thundurus-Therian, M, shiny|100\/100\n|-damage|p1a: Calibur|76\/100|[from] Stealth Rock\n|move|p2a: Jirara|Hurricane|p1a: Calibur\n|-resisted|p1a: Calibur\n|-damage|p1a: Calibur|43\/100\n|\n|upkeep\n|turn|12\n|\n|t:|1698621645\n|switch|p2a: Genos|Cinderace, F|100\/100\n|move|p1a: Calibur|Volt Switch|p2a: Genos\n|-damage|p2a: Genos|40\/100\n|\n|t:|1698621655\n|switch|p1a: Beleron|Ting-Lu|100\/100|[from] Volt Switch\n|-damage|p1a: Beleron|94\/100|[from] Stealth Rock\n|-ability|p1a: Beleron|Vessel of Ruin\n|\n|-heal|p1a: Beleron|100\/100|[from] item: Leftovers\n|upkeep\n|turn|13\n|\n|t:|1698621664\n|move|p2a: Genos|U-turn|p1a: Beleron\n|-start|p2a: Genos|typechange|Bug|[from] ability: Libero\n|-supereffective|p1a: Beleron\n|-crit|p1a: Beleron\n|-damage|p1a: Beleron|60\/100\n|\n|t:|1698621669\n|switch|p2a: Jirara|Zapdos, shiny|80\/100|[from] U-turn\n|move|p1a: Beleron|Stealth Rock|p2a: Jirara\n|-sidestart|p2: puddle girl|move: Stealth Rock\n|\n|-heal|p1a: Beleron|66\/100|[from] item: Leftovers\n|upkeep\n|turn|14\n|\n|t:|1698621680\n|move|p2a: Jirara|Hurricane|p1a: Beleron\n|-damage|p1a: Beleron|38\/100\n|-start|p1a: Beleron|confusion\n|-activate|p1a: Beleron|confusion\n|move|p1a: Beleron|Ruination|p2a: Jirara\n|-damage|p2a: Jirara|40\/100\n|\n|-heal|p1a: Beleron|44\/100|[from] item: Leftovers\n|upkeep\n|turn|15\n|\n|t:|1698621692\n|switch|p1a: Maple|Goodra-Hisui, M, shiny|100\/100\n|-damage|p1a: Maple|94\/100|[from] Stealth Rock\n|move|p2a: Jirara|Roost|p2a: Jirara\n|-heal|p2a: Jirara|90\/100\n|-singleturn|p2a: Jirara|move: Roost\n|\n|upkeep\n|turn|16\n|\n|t:|1698621704\n|move|p2a: Jirara|Volt Switch|p1a: Maple\n|-resisted|p1a: Maple\n|-damage|p1a: Maple|88\/100\n|\n|t:|1698621709\n|switch|p2a: Cassie|Tinkaton, F|95\/100|[from] Volt Switch\n|-damage|p2a: Cassie|70\/100|[from] Spikes\n|-damage|p2a: Cassie|64\/100|[from] Stealth Rock\n|-ability|p2a: Cassie|Mold Breaker\n|move|p1a: Maple|Ice Beam|p2a: Cassie\n|-resisted|p2a: Cassie\n|-damage|p2a: Cassie|55\/100\n|\n|-heal|p2a: Cassie|61\/100|[from] item: Leftovers\n|upkeep\n|turn|17\n|\n|t:|1698621730\n|move|p2a: Cassie|Gigaton Hammer|p1a: Maple\n|-resisted|p1a: Maple\n|-damage|p1a: Maple|74\/100\n|move|p1a: Maple|Flash Cannon|p2a: Cassie\n|-damage|p2a: Cassie|37\/100\n|\n|-heal|p2a: Cassie|43\/100|[from] item: Leftovers\n|upkeep\n|turn|18\n|\n|t:|1698621740\n|move|p2a: Cassie|Knock Off|p1a: Maple\n|-damage|p1a: Maple|62\/100\n|-ability|p1a: Maple|Gooey\n|-unboost|p2a: Cassie|spe|1\n|-enditem|p1a: Maple|Assault Vest|[from] move: Knock Off|[of] p2a: Cassie\n|move|p1a: Maple|Flash Cannon|p2a: Cassie\n|-damage|p2a: Cassie|20\/100\n|\n|-heal|p2a: Cassie|26\/100|[from] item: Leftovers\n|upkeep\n|turn|19\n|\n|t:|1698621756\n|switch|p2a: Slongus|Slowking-Galar, M|88\/100\n|move|p1a: Maple|Flash Cannon|p2a: Slongus\n|-damage|p2a: Slongus|70\/100\n|\n|upkeep\n|turn|20\n|\n|t:|1698621772\n|switch|p1a: Jam|Gliscor, M, shiny|100\/100\n|-damage|p1a: Jam|88\/100|[from] Stealth Rock\n|move|p2a: Slongus|Surf|p1a: Jam\n|-supereffective|p1a: Jam\n|-damage|p1a: Jam|37\/100\n|\n|-status|p1a: Jam|tox|[from] item: Toxic Orb\n|upkeep\n|turn|21\n|\n|t:|1698621792\n|switch|p2a: Jirara|Zapdos, shiny|90\/100\n|move|p1a: Jam|Protect||[still]\n|-fail|p1a: Jam\n|\n|-heal|p1a: Jam|50\/100 tox|[from] ability: Poison Heal\n|upkeep\n|turn|22\n|\n|t:|1698621804\n|move|p2a: Jirara|Hurricane|p1a: Jam\n|-damage|p1a: Jam|0 fnt\n|faint|p1a: Jam\n|\n|upkeep\n|\n|t:|1698621825\n|switch|p1a: Nevermore|Zapdos-Galar, shiny|100\/100\n|-damage|p1a: Nevermore|88\/100|[from] Stealth Rock\n|turn|23\n|\n|t:|1698621833\n|move|p1a: Nevermore|Knock Off|p2a: Jirara\n|-damage|p2a: Jirara|59\/100\n|-status|p1a: Nevermore|par|[from] ability: Static|[of] p2a: Jirara\n|-enditem|p2a: Jirara|Heavy-Duty Boots|[from] move: Knock Off|[of] p1a: Nevermore\n|move|p2a: Jirara|Volt Switch|p1a: Nevermore\n|-supereffective|p1a: Nevermore\n|-damage|p1a: Nevermore|18\/100 par\n|\n|t:|1698621843\n|switch|p2a: Slongus|Slowking-Galar, M|100\/100|[from] Volt Switch\n|\n|upkeep\n|turn|24\n|\n|t:|1698621847\n|cant|p1a: Nevermore|par\n|move|p2a: Slongus|Surf|p1a: Nevermore\n|-damage|p1a: Nevermore|0 fnt\n|faint|p1a: Nevermore\n|\n|upkeep\n|\n|t:|1698621855\n|switch|p1a: Calibur|Thundurus-Therian, M, shiny|43\/100\n|-damage|p1a: Calibur|18\/100|[from] Stealth Rock\n|turn|25\n|\n|t:|1698621879\n|switch|p2a: Jirara|Zapdos, shiny|59\/100\n|-damage|p2a: Jirara|34\/100|[from] Stealth Rock\n|move|p1a: Calibur|Psychic|p2a: Jirara\n|-damage|p2a: Jirara|0 fnt\n|faint|p2a: Jirara\n|\n|upkeep\n|\n|t:|1698621895\n|switch|p2a: Genos|Cinderace, F|40\/100\n|turn|26\n|\n|t:|1698621900\n|move|p2a: Genos|Court Change|p2a: Genos\n|-start|p2a: Genos|typechange|Normal|[from] ability: Libero\n|-swapsideconditions\n|-activate|p2a: Genos|move: Court Change\n|move|p1a: Calibur|Volt Switch|p2a: Genos\n|-damage|p2a: Genos|0 fnt\n|faint|p2a: Genos\n|\n|t:|1698621913\n|switch|p1a: Jin|Overqwil, M, shiny|96\/100|[from] Volt Switch\n|-damage|p1a: Jin|72\/100|[from] Spikes\n|-damage|p1a: Jin|59\/100|[from] Stealth Rock\n|\n|upkeep\n|\n|t:|1698621946\n|switch|p2a: Kiki|Ogerpon-Wellspring, F|100\/100\n|-damage|p2a: Kiki|88\/100|[from] Stealth Rock\n|turn|27\n|\n|t:|1698621955\n|-terastallize|p1a: Jin|Grass\n|move|p2a: Kiki|Taunt|p1a: Jin\n|-start|p1a: Jin|move: Taunt\n|move|p1a: Jin|Barb Barrage|p2a: Kiki\n|-supereffective|p2a: Kiki\n|-damage|p2a: Kiki|30\/100\n|\n|upkeep\n|turn|28\n|\n|t:|1698621963\n|move|p2a: Kiki|U-turn|p1a: Jin\n|-supereffective|p1a: Jin\n|-damage|p1a: Jin|21\/100\n|\n|t:|1698621968\n|switch|p2a: Slongus|Slowking-Galar, M|100\/100|[from] U-turn\n|move|p1a: Jin|Barb Barrage|p2a: Slongus\n|-resisted|p2a: Slongus\n|-damage|p2a: Slongus|89\/100\n|\n|upkeep\n|turn|29\n|\n|t:|1698621993\n|move|p1a: Jin|Crunch|p2a: Slongus\n|-supereffective|p2a: Slongus\n|-damage|p2a: Slongus|20\/100\n|move|p2a: Slongus|Future Sight|p1a: Jin\n|-start|p2a: Slongus|move: Future Sight\n|\n|-end|p1a: Jin|move: Taunt\n|upkeep\n|turn|30\n|\n|t:|1698622012\n|switch|p2a: Cassie|Tinkaton, F|26\/100\n|-damage|p2a: Cassie|20\/100|[from] Stealth Rock\n|-ability|p2a: Cassie|Mold Breaker\n|move|p1a: Jin|Crunch|p2a: Cassie\n|-resisted|p2a: Cassie\n|-damage|p2a: Cassie|6\/100\n|-unboost|p2a: Cassie|def|1\n|\n|-heal|p2a: Cassie|12\/100|[from] item: Leftovers\n|upkeep\n|turn|31\n|\n|t:|1698622036\n|move|p2a: Cassie|Knock Off|p1a: Jin\n|-damage|p1a: Jin|13\/100\n|move|p1a: Jin|Swords Dance|p1a: Jin\n|-boost|p1a: Jin|atk|2\n|\n|-end|p1a: Jin|move: Future Sight\n|-damage|p1a: Jin|0 fnt\n|faint|p1a: Jin\n|-heal|p2a: Cassie|18\/100|[from] item: Leftovers\n|upkeep\n|\n|t:|1698622049\n|switch|p1a: Maple|Goodra-Hisui, M, shiny|62\/100\n|-damage|p1a: Maple|37\/100|[from] Spikes\n|-damage|p1a: Maple|31\/100|[from] Stealth Rock\n|turn|32\n|\n|t:|1698622059\n|move|p2a: Cassie|Knock Off|p1a: Maple\n|-crit|p1a: Maple\n|-damage|p1a: Maple|19\/100\n|-ability|p1a: Maple|Gooey\n|-unboost|p2a: Cassie|spe|1\n|move|p1a: Maple|Flash Cannon|p2a: Cassie\n|-damage|p2a: Cassie|0 fnt\n|faint|p2a: Cassie\n|\n|upkeep\n|\n|t:|1698622069\n|switch|p2a: Slongus|Slowking-Galar, M|53\/100\n|turn|33\n|\n|t:|1698622075\n|move|p2a: Slongus|Future Sight|p1a: Maple\n|-start|p2a: Slongus|move: Future Sight\n|move|p1a: Maple|Dragon Tail|p2a: Slongus\n|-damage|p2a: Slongus|35\/100\n|drag|p2a: Kiki|Ogerpon-Wellspring, F|30\/100\n|-damage|p2a: Kiki|18\/100|[from] Stealth Rock\n|\n|upkeep\n|turn|34\n|\n|t:|1698622088\n|move|p2a: Kiki|Horn Leech|p1a: Maple\n|-resisted|p1a: Maple\n|-damage|p1a: Maple|12\/100\n|-heal|p2a: Kiki|23\/100|[from] drain|[of] p1a: Maple\n|-ability|p1a: Maple|Gooey\n|-unboost|p2a: Kiki|spe|1\n|move|p1a: Maple|Draco Meteor|p2a: Kiki\n|-damage|p2a: Kiki|0 fnt\n|-unboost|p1a: Maple|spa|2\n|faint|p2a: Kiki\n|\n|upkeep\n|\n|t:|1698622100\n|switch|p2a: Slongus|Slowking-Galar, M|68\/100\n|turn|35\n|\n|t:|1698622111\n|move|p1a: Maple|Ice Beam|p2a: Slongus\n|-damage|p2a: Slongus|61\/100\n|move|p2a: Slongus|Surf|p1a: Maple\n|-resisted|p1a: Maple\n|-damage|p1a: Maple|5\/100\n|\n|-end|p1a: Maple|move: Future Sight\n|-resisted|p1a: Maple\n|-damage|p1a: Maple|0 fnt\n|faint|p1a: Maple\n|upkeep\n|\n|t:|1698622124\n|switch|p1a: Calibur|Thundurus-Therian, M, shiny|18\/100\n|-damage|p1a: Calibur|0 fnt|[from] Stealth Rock\n|faint|p1a: Calibur\n|\n|t:|1698622128\n|switch|p1a: Beleron|Ting-Lu|44\/100\n|-damage|p1a: Beleron|19\/100|[from] Spikes\n|-damage|p1a: Beleron|13\/100|[from] Stealth Rock\n|-ability|p1a: Beleron|Vessel of Ruin\n|turn|36\n|\n|t:|1698622137\n|move|p1a: Beleron|Earthquake|p2a: Slongus\n|-supereffective|p2a: Slongus\n|-damage|p2a: Slongus|0 fnt\n|faint|p2a: Slongus\n|\n|-heal|p1a: Beleron|19\/100|[from] item: Leftovers\n|upkeep\n|\n|t:|1698622143\n|switch|p2a: Rook|Zamazenta|100\/100\n|-damage|p2a: Rook|94\/100|[from] Stealth Rock\n|-ability|p2a: Rook|Dauntless Shield|boost\n|-boost|p2a: Rook|def|1\n|turn|37\n|\n|t:|1698622156\n|move|p2a: Rook|Iron Defense|p2a: Rook\n|-boost|p2a: Rook|def|2\n|move|p1a: Beleron|Ruination|p2a: Rook|[miss]\n|-miss|p1a: Beleron|p2a: Rook\n|\n|-heal|p2a: Rook|100\/100|[from] item: Leftovers\n|-heal|p1a: Beleron|25\/100|[from] item: Leftovers\n|upkeep\n|turn|38\n|\n|t:|1698622166\n|move|p2a: Rook|Crunch|p1a: Beleron\n|-resisted|p1a: Beleron\n|-damage|p1a: Beleron|21\/100\n|move|p1a: Beleron|Ruination|p2a: Rook\n|-damage|p2a: Rook|50\/100\n|\n|-heal|p2a: Rook|57\/100|[from] item: Leftovers\n|-heal|p1a: Beleron|27\/100|[from] item: Leftovers\n|upkeep\n|turn|39\n|\n|t:|1698622174\n|move|p2a: Rook|Body Press|p1a: Beleron\n|-supereffective|p1a: Beleron\n|-damage|p1a: Beleron|0 fnt\n|faint|p1a: Beleron\n|\n|win|puddle girl\n","uploadtime":1698622215,"views":19,"p1id":"antistyx","p2id":"puddlegirl","formatid":"gen9ubers","rating":0,"private":0,"password":""}