{"id":"gen9ubers-1982199492","p1":"FoxasBat","p2":"PyroGaleZX","format":"[Gen 9] Ubers","log":"|j|\u2606FoxasBat\n|j|\u2606PyroGaleZX\n|t:|1698978353\n|gametype|singles\n|player|p1|FoxasBat|170|\n|player|p2|PyroGaleZX|grusha|\n|teamsize|p1|6\n|teamsize|p2|6\n|gen|9\n|tier|[Gen 9] Ubers\n|rule|Sleep Clause Mod: Limit one foe put to sleep\n|rule|Species Clause: Limit one of each Pok\u00e9mon\n|rule|OHKO Clause: OHKO moves are banned\n|rule|Evasion Items Clause: Evasion items are banned\n|rule|Evasion Moves Clause: Evasion moves are banned\n|rule|Endless Battle Clause: Forcing endless battles is banned\n|rule|HP Percentage Mod: HP is shown in percentages\n|clearpoke\n|poke|p1|Clodsire, F|\n|poke|p1|Roaring Moon|\n|poke|p1|Armarouge, F|\n|poke|p1|Decidueye, M|\n|poke|p1|Sliggoo-Hisui, M|\n|poke|p1|Dunsparce, F|\n|poke|p2|Samurott-Hisui, F|\n|poke|p2|Enamorus-Therian, F|\n|poke|p2|Arcanine, F|\n|poke|p2|Umbreon, F|\n|poke|p2|Rabsca, M|\n|poke|p2|Pawmo, F|\n|teampreview\n|\n|t:|1698978365\n|start\n|switch|p1a: Clodsire|Clodsire, F|100\/100\n|switch|p2a: Samurott|Samurott-Hisui, F|100\/100\n|turn|1\n|\n|t:|1698978373\n|move|p2a: Samurott|Ceaseless Edge|p1a: Clodsire\n|-damage|p1a: Clodsire|25\/100\n|-sidestart|p1: FoxasBat|Spikes\n|move|p1a: Clodsire|Toxic|p2a: Samurott\n|-status|p2a: Samurott|tox\n|\n|-heal|p1a: Clodsire|32\/100|[from] item: Leftovers\n|-damage|p2a: Samurott|94\/100 tox|[from] psn\n|upkeep\n|turn|2\n|\n|t:|1698978390\n|switch|p1a: Roaring Moon|Roaring Moon|100\/100\n|-damage|p1a: Roaring Moon|88\/100|[from] Spikes\n|-enditem|p1a: Roaring Moon|Booster Energy\n|-activate|p1a: Roaring Moon|ability: Protosynthesis|[fromitem]\n|-start|p1a: Roaring Moon|protosynthesisatk\n|move|p2a: Samurott|Ceaseless Edge|p1a: Roaring Moon\n|-resisted|p1a: Roaring Moon\n|-damage|p1a: Roaring Moon|42\/100\n|-sidestart|p1: FoxasBat|Spikes\n|\n|-damage|p2a: Samurott|82\/100 tox|[from] psn\n|upkeep\n|turn|3\n|j| Jam20Jam\n|\n|t:|1698978407\n|switch|p2a: Pawmo|Pawmo, F|100\/100\n|-terastallize|p1a: Roaring Moon|Flying\n|move|p1a: Roaring Moon|Acrobatics|p2a: Pawmo\n|-crit|p2a: Pawmo\n|-damage|p2a: Pawmo|0 fnt\n|faint|p2a: Pawmo\n|\n|upkeep\n|j| BriefStar\n|\n|t:|1698978429\n|switch|p2a: Arcanine|Arcanine, F|100\/100\n|-ability|p2a: Arcanine|Intimidate|boost\n|-unboost|p1a: Roaring Moon|atk|1\n|turn|4\n|\n|t:|1698978437\n|move|p2a: Arcanine|Extreme Speed|p1a: Roaring Moon\n|-damage|p1a: Roaring Moon|13\/100\n|move|p1a: Roaring Moon|Earthquake|p2a: Arcanine\n|-supereffective|p2a: Arcanine\n|-damage|p2a: Arcanine|7\/100\n|\n|upkeep\n|turn|5\n|\n|t:|1698978450\n|move|p2a: Arcanine|Extreme Speed|p1a: Roaring Moon\n|-damage|p1a: Roaring Moon|0 fnt\n|faint|p1a: Roaring Moon\n|-end|p1a: Roaring Moon|Protosynthesis|[silent]\n|\n|upkeep\n|\n|t:|1698978454\n|switch|p1a: Decidueye|Decidueye, M|100\/100\n|turn|6\n|\n|t:|1698978475\n|move|p2a: Arcanine|Morning Sun|p2a: Arcanine\n|-heal|p2a: Arcanine|57\/100\n|move|p1a: Decidueye|Spirit Shackle|p2a: Arcanine\n|-damage|p2a: Arcanine|20\/100\n|-activate|p2a: Arcanine|trapped\n|\n|upkeep\n|turn|7\n|j| lunchbox5536\n|\n|t:|1698978489\n|switch|p1a: Armarouge|Armarouge, F|100\/100\n|-damage|p1a: Armarouge|84\/100|[from] Spikes\n|move|p2a: Arcanine|Flare Blitz|p1a: Armarouge\n|-resisted|p1a: Armarouge\n|-damage|p1a: Armarouge|56\/100\n|-ability|p1a: Armarouge|Weak Armor|boost\n|-unboost|p1a: Armarouge|def|1\n|-boost|p1a: Armarouge|spe|2\n|-damage|p2a: Arcanine|11\/100|[from] Recoil\n|\n|upkeep\n|turn|8\n|\n|t:|1698978511\n|move|p2a: Arcanine|Extreme Speed|p1a: Armarouge\n|-damage|p1a: Armarouge|18\/100\n|-ability|p1a: Armarouge|Weak Armor|boost\n|-unboost|p1a: Armarouge|def|1\n|-boost|p1a: Armarouge|spe|2\n|move|p1a: Armarouge|Stored Power|p2a: Arcanine\n|-damage|p2a: Arcanine|0 fnt\n|faint|p2a: Arcanine\n|\n|upkeep\n|\n|t:|1698978526\n|switch|p2a: Samurott|Samurott-Hisui, F|82\/100 tox\n|turn|9\n|\n|t:|1698978542\n|move|p1a: Armarouge|Endure|p1a: Armarouge\n|-singleturn|p1a: Armarouge|move: Endure\n|move|p2a: Samurott|Ceaseless Edge|p1a: Armarouge\n|-supereffective|p1a: Armarouge\n|-activate|p1a: Armarouge|move: Endure\n|-damage|p1a: Armarouge|1\/100\n|-ability|p1a: Armarouge|Weak Armor|boost\n|-unboost|p1a: Armarouge|def|1\n|-boost|p1a: Armarouge|spe|2\n|-enditem|p1a: Armarouge|Weakness Policy\n|-boost|p1a: Armarouge|atk|2|[from] item: Weakness Policy\n|-boost|p1a: Armarouge|spa|2|[from] item: Weakness Policy\n|-sidestart|p1: FoxasBat|Spikes\n|\n|-damage|p2a: Samurott|76\/100 tox|[from] psn\n|upkeep\n|turn|10\n|\n|t:|1698978558\n|-terastallize|p2a: Samurott|Ghost\n|move|p1a: Armarouge|Flamethrower|p2a: Samurott\n|-damage|p2a: Samurott|0 fnt\n|faint|p2a: Samurott\n|\n|upkeep\n|\n|t:|1698978565\n|switch|p2a: Umbreon|Umbreon, F|100\/100\n|turn|11\n|\n|t:|1698978571\n|move|p1a: Armarouge|Flamethrower|p2a: Umbreon\n|-damage|p2a: Umbreon|49\/100\n|move|p2a: Umbreon|Foul Play|p1a: Armarouge\n|-supereffective|p1a: Armarouge\n|-damage|p1a: Armarouge|0 fnt\n|faint|p1a: Armarouge\n|\n|-heal|p2a: Umbreon|56\/100|[from] item: Leftovers\n|upkeep\n|\n|t:|1698978601\n|switch|p1a: Sliggoo|Sliggoo-Hisui, M|100\/100\n|-damage|p1a: Sliggoo|75\/100|[from] Spikes\n|turn|12\n|j| HeirEhm\n|\n|t:|1698978612\n|move|p2a: Umbreon|Wish|p2a: Umbreon\n|move|p1a: Sliggoo|Acid Spray|p2a: Umbreon\n|-damage|p2a: Umbreon|50\/100\n|-unboost|p2a: Umbreon|spd|2\n|\n|-heal|p2a: Umbreon|57\/100|[from] item: Leftovers\n|upkeep\n|turn|13\n|\n|t:|1698978626\n|move|p2a: Umbreon|Foul Play|p1a: Sliggoo\n|-damage|p1a: Sliggoo|57\/100\n|move|p1a: Sliggoo|Dragon Pulse|p2a: Umbreon\n|-damage|p2a: Umbreon|19\/100\n|\n|-heal|p2a: Umbreon|69\/100|[from] move: Wish|[wisher] Umbreon\n|-heal|p2a: Umbreon|75\/100|[from] item: Leftovers\n|upkeep\n|turn|14\n|\n|t:|1698978637\n|switch|p2a: Rabsca|Rabsca, M|100\/100\n|move|p1a: Sliggoo|Ice Beam|p2a: Rabsca\n|-damage|p2a: Rabsca|77\/100\n|\n|upkeep\n|turn|15\n|j| Dono_XD\n|\n|t:|1698978671\n|move|p1a: Sliggoo|Ice Beam|p2a: Rabsca\n|-damage|p2a: Rabsca|54\/100\n|move|p2a: Rabsca|Revival Blessing|p2a: Rabsca\n|\n|t:|1698978678\n|-heal|p2: Samurott|50\/100|[from] move: Revival Blessing\n|\n|upkeep\n|turn|16\n|\n|t:|1698978690\n|switch|p1a: Decidueye|Decidueye, M|100\/100\n|move|p2a: Rabsca|Psyshock|p1a: Decidueye\n|-damage|p1a: Decidueye|54\/100\n|-damage|p2a: Rabsca|44\/100|[from] item: Life Orb\n|\n|upkeep\n|turn|17\n|\n|t:|1698978702\n|move|p1a: Decidueye|Defog|p2a: Rabsca\n|-unboost|p2a: Rabsca|evasion|1\n|-sideend|p1: FoxasBat|Spikes|[from] move: Defog|[of] p1a: Decidueye\n|move|p2a: Rabsca|Psyshock|p1a: Decidueye\n|-crit|p1a: Decidueye\n|-damage|p1a: Decidueye|0 fnt\n|faint|p1a: Decidueye\n|-damage|p2a: Rabsca|34\/100|[from] item: Life Orb\n|\n|upkeep\n|\n|t:|1698978711\n|switch|p1a: Clodsire|Clodsire, F|32\/100\n|turn|18\n|\n|t:|1698978717\n|move|p2a: Rabsca|Psyshock|p1a: Clodsire\n|-supereffective|p1a: Clodsire\n|-damage|p1a: Clodsire|0 fnt\n|faint|p1a: Clodsire\n|-damage|p2a: Rabsca|25\/100|[from] item: Life Orb\n|\n|upkeep\n|\n|t:|1698978723\n|switch|p1a: Dunsparce|Dunsparce, F|100\/100\n|turn|19\n|\n|t:|1698978732\n|move|p1a: Dunsparce|Coil|p1a: Dunsparce\n|-boost|p1a: Dunsparce|atk|1\n|-boost|p1a: Dunsparce|def|1\n|-boost|p1a: Dunsparce|accuracy|1\n|move|p2a: Rabsca|Bug Buzz|p1a: Dunsparce\n|-damage|p1a: Dunsparce|49\/100\n|-damage|p2a: Rabsca|15\/100|[from] item: Life Orb\n|\n|-heal|p1a: Dunsparce|55\/100|[from] item: Leftovers\n|upkeep\n|turn|20\n|\n|t:|1698978740\n|move|p1a: Dunsparce|Body Slam|p2a: Rabsca\n|-damage|p2a: Rabsca|0 fnt\n|faint|p2a: Rabsca\n|\n|-heal|p1a: Dunsparce|61\/100|[from] item: Leftovers\n|upkeep\n|\n|t:|1698978747\n|switch|p2a: Umbreon|Umbreon, F|75\/100\n|turn|21\n|\n|t:|1698978753\n|move|p2a: Umbreon|Toxic|p1a: Dunsparce\n|-status|p1a: Dunsparce|tox\n|move|p1a: Dunsparce|Body Slam||[still]\n|-damage|p2a: Umbreon|48\/100\n|-status|p2a: Umbreon|par\n|-activate|p2a: Umbreon|ability: Synchronize\n|-fail|p2a: Umbreon\n|\n|-heal|p1a: Dunsparce|68\/100 tox|[from] item: Leftovers\n|-heal|p2a: Umbreon|54\/100 par|[from] item: Leftovers\n|-damage|p1a: Dunsparce|61\/100 tox|[from] psn\n|upkeep\n|turn|22\n|\n|t:|1698978766\n|move|p1a: Dunsparce|Body Slam|p2a: Umbreon\n|-damage|p2a: Umbreon|27\/100 par\n|cant|p2a: Umbreon|par\n|\n|-heal|p1a: Dunsparce|68\/100 tox|[from] item: Leftovers\n|-heal|p2a: Umbreon|33\/100 par|[from] item: Leftovers\n|-damage|p1a: Dunsparce|55\/100 tox|[from] psn\n|upkeep\n|turn|23\n|\n|t:|1698978776\n|move|p1a: Dunsparce|Body Slam|p2a: Umbreon\n|-damage|p2a: Umbreon|8\/100 par\n|move|p2a: Umbreon|Wish|p2a: Umbreon\n|\n|-heal|p1a: Dunsparce|61\/100 tox|[from] item: Leftovers\n|-heal|p2a: Umbreon|14\/100 par|[from] item: Leftovers\n|-damage|p1a: Dunsparce|43\/100 tox|[from] psn\n|upkeep\n|turn|24\n|\n|t:|1698978785\n|move|p1a: Dunsparce|Body Slam|p2a: Umbreon\n|-damage|p2a: Umbreon|0 fnt\n|faint|p2a: Umbreon\n|\n|-heal|p1a: Dunsparce|49\/100 tox|[from] item: Leftovers\n|-damage|p1a: Dunsparce|24\/100 tox|[from] psn\n|upkeep\n|\n|t:|1698978792\n|switch|p2a: Samurott|Samurott-Hisui, F|50\/100\n|turn|25\n|\n|t:|1698978796\n|switch|p1a: Sliggoo|Sliggoo-Hisui, M|57\/100\n|move|p2a: Samurott|Ceaseless Edge|p1a: Sliggoo\n|-damage|p1a: Sliggoo|3\/100\n|-sidestart|p1: FoxasBat|Spikes\n|\n|upkeep\n|turn|26\n|\n|t:|1698978810\n|move|p2a: Samurott|Ceaseless Edge|p1a: Sliggoo\n|-damage|p1a: Sliggoo|0 fnt\n|-sidestart|p1: FoxasBat|Spikes\n|faint|p1a: Sliggoo\n|\n|upkeep\n|\n|t:|1698978814\n|switch|p1a: Dunsparce|Dunsparce, F|24\/100 tox\n|-damage|p1a: Dunsparce|8\/100 tox|[from] Spikes\n|turn|27\n|\n|t:|1698978819\n|move|p2a: Samurott|Ceaseless Edge|p1a: Dunsparce\n|-damage|p1a: Dunsparce|0 fnt\n|-sidestart|p1: FoxasBat|Spikes\n|faint|p1a: Dunsparce\n|\n|win|PyroGaleZX\n|l|\u2606FoxasBat\n","uploadtime":1698978824,"views":5,"p1id":"foxasbat","p2id":"pyrogalezx","formatid":"gen9ubers","rating":0,"private":0,"password":""}