{"id":"gen9ubers-1984298726","p1":"something482","p2":"Lag_247","format":"[Gen 9] Ubers","log":"|j|\u2606something482\n|j|\u2606Lag_247\n|t:|1699240603\n|gametype|singles\n|player|p1|something482|victor|\n|player|p2|Lag_247|169|\n|teamsize|p1|6\n|teamsize|p2|6\n|gen|9\n|tier|[Gen 9] Ubers\n|rule|Sleep Clause Mod: Limit one foe put to sleep\n|rule|Species Clause: Limit one of each Pok\u00e9mon\n|rule|OHKO Clause: OHKO moves are banned\n|rule|Evasion Items Clause: Evasion items are banned\n|rule|Evasion Moves Clause: Evasion moves are banned\n|rule|Endless Battle Clause: Forcing endless battles is banned\n|rule|HP Percentage Mod: HP is shown in percentages\n|clearpoke\n|poke|p1|Chien-Pao|\n|poke|p1|Scream Tail|\n|poke|p1|Glimmora, M|\n|poke|p1|Gholdengo|\n|poke|p1|Pawmot, F|\n|poke|p1|Cinderace, M|\n|poke|p2|Inteleon, M|\n|poke|p2|Baxcalibur, F|\n|poke|p2|Urshifu-*, M|\n|poke|p2|Florges, F|\n|poke|p2|Iron Moth|\n|poke|p2|Slowbro, M|\n|teampreview\n|c|\u2606something482|hey hey! gl hf\n|j| Willish6634\n|c| Willish6634|Baddel\n|j| ampharosaunt11\n|\n|t:|1699240651\n|start\n|switch|p1a: Mercury|Cinderace, M, shiny|100\/100\n|switch|p2a: Inteleon|Inteleon, M|100\/100\n|turn|1\n|j| Graviton Forfeit\n|\n|t:|1699240675\n|switch|p1a: Scream Tail|Scream Tail|100\/100\n|move|p2a: Inteleon|Snipe Shot|p1a: Scream Tail\n|-damage|p1a: Scream Tail|72\/100\n|\n|-heal|p1a: Scream Tail|78\/100|[from] item: Leftovers\n|upkeep\n|turn|2\n|c| Willish6634|Bundles of joy\n|\n|t:|1699240684\n|move|p2a: Inteleon|Dark Pulse|p1a: Scream Tail\n|-damage|p1a: Scream Tail|59\/100\n|move|p1a: Scream Tail|Thunder Wave|p2a: Inteleon\n|-status|p2a: Inteleon|par\n|\n|-heal|p1a: Scream Tail|65\/100|[from] item: Leftovers\n|upkeep\n|turn|3\n|\n|t:|1699240694\n|move|p1a: Scream Tail|Wish|p1a: Scream Tail\n|move|p2a: Inteleon|Snipe Shot|p1a: Scream Tail\n|-damage|p1a: Scream Tail|35\/100\n|\n|-heal|p1a: Scream Tail|42\/100|[from] item: Leftovers\n|upkeep\n|turn|4\n|\n|t:|1699240702\n|move|p1a: Scream Tail|Light Screen|p1a: Scream Tail\n|-sidestart|p1: something482|move: Light Screen\n|cant|p2a: Inteleon|par\n|\n|-heal|p1a: Scream Tail|92\/100|[from] move: Wish|[wisher] Scream Tail\n|-heal|p1a: Scream Tail|98\/100|[from] item: Leftovers\n|upkeep\n|turn|5\n|\n|t:|1699240713\n|move|p1a: Scream Tail|Dazzling Gleam|p2a: Inteleon\n|-damage|p2a: Inteleon|70\/100 par\n|move|p2a: Inteleon|Dark Pulse|p1a: Scream Tail\n|-damage|p1a: Scream Tail|88\/100\n|\n|-heal|p1a: Scream Tail|94\/100|[from] item: Leftovers\n|upkeep\n|turn|6\n|\n|t:|1699240737\n|move|p1a: Scream Tail|Dazzling Gleam|p2a: Inteleon\n|-damage|p2a: Inteleon|33\/100 par\n|move|p2a: Inteleon|Ice Beam|p1a: Scream Tail\n|-damage|p1a: Scream Tail|83\/100\n|\n|-heal|p1a: Scream Tail|90\/100|[from] item: Leftovers\n|upkeep\n|turn|7\n|\n|t:|1699240756\n|move|p1a: Scream Tail|Dazzling Gleam|p2a: Inteleon\n|-damage|p2a: Inteleon|0 fnt\n|faint|p2a: Inteleon\n|\n|-heal|p1a: Scream Tail|96\/100|[from] item: Leftovers\n|upkeep\n|\n|t:|1699240767\n|switch|p2a: Baxcalibur|Baxcalibur, F|100\/100\n|turn|8\n|\n|t:|1699240778\n|-terastallize|p2a: Baxcalibur|Fairy\n|move|p2a: Baxcalibur|Earthquake|p1a: Scream Tail\n|-damage|p1a: Scream Tail|70\/100\n|move|p1a: Scream Tail|Thunder Wave|p2a: Baxcalibur\n|-status|p2a: Baxcalibur|par\n|\n|-heal|p1a: Scream Tail|76\/100|[from] item: Leftovers\n|-sideend|p1: something482|move: Light Screen\n|upkeep\n|turn|9\n|\n|t:|1699240790\n|move|p1a: Scream Tail|Dazzling Gleam|p2a: Baxcalibur\n|-damage|p2a: Baxcalibur|80\/100 par\n|cant|p2a: Baxcalibur|par\n|\n|-heal|p1a: Scream Tail|82\/100|[from] item: Leftovers\n|upkeep\n|turn|10\n|j| LentLicker\n|\n|t:|1699240798\n|move|p1a: Scream Tail|Dazzling Gleam|p2a: Baxcalibur\n|-damage|p2a: Baxcalibur|59\/100 par\n|move|p2a: Baxcalibur|Icicle Crash|p1a: Scream Tail\n|-damage|p1a: Scream Tail|48\/100\n|\n|-heal|p1a: Scream Tail|55\/100|[from] item: Leftovers\n|upkeep\n|turn|11\n|\n|t:|1699240809\n|move|p1a: Scream Tail|Wish|p1a: Scream Tail\n|move|p2a: Baxcalibur|Earthquake|p1a: Scream Tail\n|-damage|p1a: Scream Tail|30\/100\n|\n|-heal|p1a: Scream Tail|37\/100|[from] item: Leftovers\n|upkeep\n|turn|12\n|c| Willish6634|AND THE CROWD GOES MILD\ud83c\udf0a\ud83c\udf0a\ud83c\udf0a\ud83c\udf0a\n|c|\u2606something482|XD\n|\n|t:|1699240829\n|move|p1a: Scream Tail|Dazzling Gleam|p2a: Baxcalibur\n|-damage|p2a: Baxcalibur|38\/100 par\n|move|p2a: Baxcalibur|Icicle Crash|p1a: Scream Tail\n|-damage|p1a: Scream Tail|5\/100\n|\n|-heal|p1a: Scream Tail|55\/100|[from] move: Wish|[wisher] Scream Tail\n|-heal|p1a: Scream Tail|61\/100|[from] item: Leftovers\n|upkeep\n|turn|13\n|\n|t:|1699240839\n|move|p1a: Scream Tail|Wish|p1a: Scream Tail\n|move|p2a: Baxcalibur|Icicle Crash|p1a: Scream Tail\n|-damage|p1a: Scream Tail|31\/100\n|\n|-heal|p1a: Scream Tail|38\/100|[from] item: Leftovers\n|upkeep\n|turn|14\n|\n|t:|1699240847\n|move|p1a: Scream Tail|Dazzling Gleam|p2a: Baxcalibur\n|-damage|p2a: Baxcalibur|20\/100 par\n|move|p2a: Baxcalibur|Icicle Crash|p1a: Scream Tail\n|-damage|p1a: Scream Tail|4\/100\n|\n|-heal|p1a: Scream Tail|54\/100|[from] move: Wish|[wisher] Scream Tail\n|-heal|p1a: Scream Tail|60\/100|[from] item: Leftovers\n|upkeep\n|turn|15\n|c| Willish6634|scream tail pokemon of the week\n|\n|t:|1699240857\n|move|p1a: Scream Tail|Wish|p1a: Scream Tail\n|move|p2a: Baxcalibur|Icicle Crash|p1a: Scream Tail\n|-damage|p1a: Scream Tail|29\/100\n|\n|-heal|p1a: Scream Tail|35\/100|[from] item: Leftovers\n|upkeep\n|turn|16\n|\n|t:|1699240865\n|move|p1a: Scream Tail|Dazzling Gleam|p2a: Baxcalibur\n|-damage|p2a: Baxcalibur|1\/100 par\n|move|p2a: Baxcalibur|Icicle Crash|p1a: Scream Tail\n|-damage|p1a: Scream Tail|5\/100\n|\n|-heal|p1a: Scream Tail|55\/100|[from] move: Wish|[wisher] Scream Tail\n|-heal|p1a: Scream Tail|61\/100|[from] item: Leftovers\n|upkeep\n|turn|17\n|c| Graviton Forfeit|week already decided\n|\n|t:|1699240877\n|move|p2a: Baxcalibur|Ice Shard|p1a: Scream Tail\n|-damage|p1a: Scream Tail|47\/100\n|move|p1a: Scream Tail|Dazzling Gleam|p2a: Baxcalibur\n|-crit|p2a: Baxcalibur\n|-damage|p2a: Baxcalibur|0 fnt\n|faint|p2a: Baxcalibur\n|\n|-heal|p1a: Scream Tail|53\/100|[from] item: Leftovers\n|upkeep\n|\n|t:|1699240888\n|switch|p2a: Urshifu|Urshifu, M|100\/100\n|turn|18\n|\n|t:|1699240894\n|move|p2a: Urshifu|Wicked Blow|p1a: Scream Tail\n|-crit|p1a: Scream Tail\n|-damage|p1a: Scream Tail|11\/100\n|move|p1a: Scream Tail|Dazzling Gleam|p2a: Urshifu\n|-supereffective|p2a: Urshifu\n|-damage|p2a: Urshifu|0 fnt\n|faint|p2a: Urshifu\n|\n|-heal|p1a: Scream Tail|17\/100|[from] item: Leftovers\n|upkeep\n|c| Willish6634|Dagum\n|\n|t:|1699240912\n|switch|p2a: Slowbro|Slowbro, M|100\/100\n|turn|19\n|\n|t:|1699240925\n|move|p1a: Scream Tail|Thunder Wave|p2a: Slowbro|[miss]\n|-miss|p1a: Scream Tail|p2a: Slowbro\n|move|p2a: Slowbro|Nasty Plot|p2a: Slowbro\n|-boost|p2a: Slowbro|spa|2\n|\n|-heal|p1a: Scream Tail|23\/100|[from] item: Leftovers\n|upkeep\n|turn|20\n|c| Willish6634|we plotting nasty things\n|\n|t:|1699240941\n|move|p1a: Scream Tail|Light Screen|p1a: Scream Tail\n|-sidestart|p1: something482|move: Light Screen\n|move|p2a: Slowbro|Stored Power|p1a: Scream Tail\n|-resisted|p1a: Scream Tail\n|-damage|p1a: Scream Tail|13\/100\n|\n|-heal|p1a: Scream Tail|19\/100|[from] item: Leftovers\n|upkeep\n|turn|21\n|c| Willish6634|evil gang\n|\n|t:|1699240951\n|move|p1a: Scream Tail|Thunder Wave|p2a: Slowbro\n|-status|p2a: Slowbro|par\n|move|p2a: Slowbro|Nasty Plot|p2a: Slowbro\n|-boost|p2a: Slowbro|spa|2\n|\n|-heal|p1a: Scream Tail|25\/100|[from] item: Leftovers\n|upkeep\n|turn|22\n|\n|t:|1699240960\n|move|p1a: Scream Tail|Wish|p1a: Scream Tail\n|move|p2a: Slowbro|Calm Mind|p2a: Slowbro\n|-boost|p2a: Slowbro|spa|1\n|-boost|p2a: Slowbro|spd|1\n|\n|-heal|p1a: Scream Tail|31\/100|[from] item: Leftovers\n|upkeep\n|turn|23\n|\n|t:|1699240992\n|-end|p1a: Scream Tail|Protosynthesis|[silent]\n|switch|p1a: Lion-O|Chien-Pao|100\/100\n|-ability|p1a: Lion-O|Sword of Ruin\n|move|p2a: Slowbro|Calm Mind|p2a: Slowbro\n|-boost|p2a: Slowbro|spa|1\n|-boost|p2a: Slowbro|spd|1\n|\n|upkeep\n|turn|24\n|c| Willish6634|this is NOT espathra\ud83d\ude2d\ud83d\ude4f\n|\n|t:|1699241001\n|move|p1a: Lion-O|Crunch|p2a: Slowbro\n|-supereffective|p2a: Slowbro\n|-damage|p2a: Slowbro|0 fnt\n|faint|p2a: Slowbro\n|-damage|p1a: Lion-O|91\/100|[from] item: Life Orb\n|\n|-sideend|p1: something482|move: Light Screen\n|upkeep\n|c| Graviton Forfeit|bro got a whole iron moth just hanging out\n|\n|t:|1699241011\n|switch|p2a: Iron Moth|Iron Moth|100\/100\n|-enditem|p2a: Iron Moth|Booster Energy\n|-activate|p2a: Iron Moth|ability: Quark Drive|[fromitem]\n|-start|p2a: Iron Moth|quarkdrivespa\n|turn|25\n|\n|t:|1699241021\n|switch|p1a: Scream Tail|Scream Tail|31\/100\n|move|p2a: Iron Moth|Fiery Dance|p1a: Scream Tail\n|-damage|p1a: Scream Tail|0 fnt\n|faint|p1a: Scream Tail\n|-end|p1a: Scream Tail|Protosynthesis|[silent]\n|\n|upkeep\n|\n|t:|1699241028\n|switch|p1a: Mercury|Cinderace, M, shiny|100\/100\n|turn|26\n|\n|t:|1699241032\n|move|p1a: Mercury|Zen Headbutt|p2a: Iron Moth\n|-supereffective|p2a: Iron Moth\n|-damage|p2a: Iron Moth|0 fnt\n|faint|p2a: Iron Moth\n|-end|p2a: Iron Moth|Quark Drive|[silent]\n|-damage|p1a: Mercury|91\/100|[from] item: Life Orb\n|\n|upkeep\n|\n|t:|1699241038\n|switch|p2a: Florges|Florges, F|100\/100\n|turn|27\n|\n|t:|1699241045\n|move|p1a: Mercury|Iron Head|p2a: Florges\n|-supereffective|p2a: Florges\n|-damage|p2a: Florges|26\/100\n|-damage|p1a: Mercury|81\/100|[from] item: Life Orb\n|cant|p2a: Florges|flinch\n|\n|upkeep\n|turn|28\n|\n|t:|1699241052\n|move|p1a: Mercury|Iron Head|p2a: Florges\n|-supereffective|p2a: Florges\n|-damage|p2a: Florges|0 fnt\n|faint|p2a: Florges\n|-damage|p1a: Mercury|71\/100|[from] item: Life Orb\n|\n|win|something482\n|c|\u2606something482|gg\n","uploadtime":1699241059,"views":3,"p1id":"something482","p2id":"lag247","formatid":"gen9ubers","rating":0,"private":0,"password":""}