{"id":"gen9ubers-1989169449","p1":"jb291","p2":"starfire77","format":"[Gen 9] Ubers","log":"|j|\u2606jb291\n|j|\u2606starfire77\n|t:|1699819560\n|gametype|singles\n|player|p1|jb291|korrina-masters|\n|player|p2|starfire77|hoopster|\n|teamsize|p1|6\n|teamsize|p2|6\n|gen|9\n|tier|[Gen 9] Ubers\n|rated|Tournament battle\n|rule|Sleep Clause Mod: Limit one foe put to sleep\n|rule|Species Clause: Limit one of each Pok\u00e9mon\n|rule|OHKO Clause: OHKO moves are banned\n|rule|Evasion Items Clause: Evasion items are banned\n|rule|Evasion Moves Clause: Evasion moves are banned\n|rule|Endless Battle Clause: Forcing endless battles is banned\n|rule|HP Percentage Mod: HP is shown in percentages\n|clearpoke\n|poke|p1|Dondozo, M|\n|poke|p1|Giratina-Origin|\n|poke|p1|Clodsire, M|\n|poke|p1|Blissey, F|\n|poke|p1|Alomomola, F|\n|poke|p1|Slowking-Galar, F|\n|poke|p2|Talonflame, M|\n|poke|p2|Miraidon|\n|poke|p2|Koraidon|\n|poke|p2|Flutter Mane|\n|poke|p2|Indeedee-F, F|\n|poke|p2|Basculegion, M|\n|teampreview\n|inactive|Battle timer is ON: inactive players will automatically lose when time's up. (requested by starfire77)\n|inactive|jb291 also wants the timer to be on.\n|\n|t:|1699819578\n|start\n|switch|p1a: Alomomola|Alomomola, F|100\/100\n|switch|p2a: Koraidon|Koraidon|100\/100\n|-weather|SunnyDay|[from] ability: Orichalcum Pulse|[of] p2a: Koraidon\n|-activate|p2a: Koraidon|Orichalcum Pulse|[source]\n|turn|1\n|\n|t:|1699819603\n|move|p2a: Koraidon|Scale Shot|p1a: Alomomola\n|-damage|p1a: Alomomola|90\/100\n|-damage|p1a: Alomomola|81\/100\n|-damage|p1a: Alomomola|71\/100\n|-damage|p1a: Alomomola|62\/100\n|-damage|p1a: Alomomola|51\/100\n|-hitcount|p1a: Alomomola|5\n|-unboost|p2a: Koraidon|def|1\n|-boost|p2a: Koraidon|spe|1\n|move|p1a: Alomomola|Play Rough|p2a: Koraidon\n|-supereffective|p2a: Koraidon\n|-damage|p2a: Koraidon|11\/100\n|\n|-weather|SunnyDay|[upkeep]\n|upkeep\n|turn|2\n|inactive|starfire77 has 120 seconds left.\n|\n|t:|1699819652\n|move|p2a: Koraidon|Scale Shot|p1a: Alomomola\n|-damage|p1a: Alomomola|42\/100\n|-damage|p1a: Alomomola|33\/100\n|-damage|p1a: Alomomola|24\/100\n|-damage|p1a: Alomomola|14\/100\n|-damage|p1a: Alomomola|4\/100\n|-hitcount|p1a: Alomomola|5\n|-unboost|p2a: Koraidon|def|1\n|-boost|p2a: Koraidon|spe|1\n|move|p1a: Alomomola|Play Rough|p2a: Koraidon\n|-supereffective|p2a: Koraidon\n|-damage|p2a: Koraidon|0 fnt\n|faint|p2a: Koraidon\n|\n|-weather|SunnyDay|[upkeep]\n|upkeep\n|inactive|starfire77 has 90 seconds left.\n|\n|t:|1699819681\n|switch|p2a: Talonflame|Talonflame, M|100\/100\n|turn|3\n|\n|t:|1699819694\n|switch|p1a: Slowking|Slowking-Galar, F|100\/100\n|move|p2a: Talonflame|Brave Bird|p1a: Slowking\n|-damage|p1a: Slowking|53\/100\n|-damage|p2a: Talonflame|80\/100|[from] Recoil\n|\n|-weather|SunnyDay|[upkeep]\n|upkeep\n|turn|4\n|inactive|starfire77 has 90 seconds left.\n|\n|t:|1699819719\n|switch|p1a: Alomomola|Alomomola, F|37\/100\n|move|p2a: Talonflame|Flare Blitz|p1a: Alomomola\n|-resisted|p1a: Alomomola\n|-crit|p1a: Alomomola\n|-damage|p1a: Alomomola|9\/100\n|-damage|p2a: Talonflame|63\/100|[from] Recoil\n|\n|-weather|SunnyDay|[upkeep]\n|upkeep\n|turn|5\n|\n|t:|1699819724\n|switch|p1a: Giratina|Giratina-Origin|100\/100\n|move|p2a: Talonflame|Brave Bird|p1a: Giratina\n|-damage|p1a: Giratina|76\/100\n|-damage|p2a: Talonflame|49\/100|[from] Recoil\n|\n|-weather|none\n|upkeep\n|turn|6\n|\n|t:|1699819730\n|move|p2a: Talonflame|Roost|p2a: Talonflame\n|-heal|p2a: Talonflame|99\/100\n|-singleturn|p2a: Talonflame|move: Roost\n|move|p1a: Giratina|Dragon Tail|p2a: Talonflame\n|-damage|p2a: Talonflame|54\/100\n|drag|p2a: Basculegion|Basculegion, M|100\/100\n|\n|upkeep\n|turn|7\n|\n|t:|1699819738\n|switch|p2a: Flutter Mane|Flutter Mane|100\/100\n|-enditem|p2a: Flutter Mane|Booster Energy\n|-activate|p2a: Flutter Mane|ability: Protosynthesis|[fromitem]\n|-start|p2a: Flutter Mane|protosynthesisspe\n|move|p1a: Giratina|Hex|p2a: Flutter Mane\n|-supereffective|p2a: Flutter Mane\n|-damage|p2a: Flutter Mane|43\/100\n|\n|upkeep\n|turn|8\n|inactive|starfire77 has 90 seconds left.\n|\n|t:|1699819744\n|switch|p1a: Slowking|Slowking-Galar, F|86\/100\n|move|p2a: Flutter Mane|Shadow Ball|p1a: Slowking\n|-supereffective|p1a: Slowking\n|-damage|p1a: Slowking|39\/100\n|\n|upkeep\n|turn|9\n|\n|t:|1699819749\n|switch|p1a: Blissey|Blissey, F|100\/100\n|move|p2a: Flutter Mane|Shadow Ball|p1a: Blissey\n|-immune|p1a: Blissey\n|\n|upkeep\n|turn|10\n|\n|t:|1699819753\n|switch|p1a: Slowking|Slowking-Galar, F|72\/100\n|move|p2a: Flutter Mane|Protect||[still]\n|-fail|p2a: Flutter Mane\n|\n|upkeep\n|turn|11\n|\n|t:|1699819755\n|move|p2a: Flutter Mane|Shadow Ball|p1a: Slowking\n|-supereffective|p1a: Slowking\n|-damage|p1a: Slowking|23\/100\n|move|p1a: Slowking|Sludge Bomb|p2a: Flutter Mane\n|-damage|p2a: Flutter Mane|4\/100\n|\n|upkeep\n|turn|12\n|inactive|starfire77 has 120 seconds left.\n|\n|t:|1699819765\n|switch|p1a: Blissey|Blissey, F|100\/100\n|move|p2a: Flutter Mane|Shadow Ball|p1a: Blissey\n|-immune|p1a: Blissey\n|\n|upkeep\n|turn|13\n|\n|t:|1699819771\n|move|p2a: Flutter Mane|Shadow Ball|p1a: Blissey\n|-immune|p1a: Blissey\n|move|p1a: Blissey|Stealth Rock|p2a: Flutter Mane\n|-sidestart|p2: starfire77|move: Stealth Rock\n|\n|upkeep\n|turn|14\n|\n|t:|1699819781\n|switch|p1a: Slowking|Slowking-Galar, F|56\/100\n|move|p2a: Flutter Mane|Draining Kiss|p1a: Slowking\n|-resisted|p1a: Slowking\n|-damage|p1a: Slowking|47\/100\n|-heal|p2a: Flutter Mane|14\/100|[from] drain|[of] p1a: Slowking\n|\n|upkeep\n|turn|15\n|\n|t:|1699819786\n|move|p2a: Flutter Mane|Shadow Ball|p1a: Slowking\n|-supereffective|p1a: Slowking\n|-damage|p1a: Slowking|0 fnt\n|faint|p1a: Slowking\n|\n|upkeep\n|\n|t:|1699819789\n|switch|p1a: Clodsire|Clodsire, M|100\/100\n|turn|16\n|\n|t:|1699819807\n|move|p2a: Flutter Mane|Shadow Ball|p1a: Clodsire\n|-damage|p1a: Clodsire|78\/100\n|move|p1a: Clodsire|Earthquake|p2a: Flutter Mane\n|-damage|p2a: Flutter Mane|0 fnt\n|faint|p2a: Flutter Mane\n|-end|p2a: Flutter Mane|Protosynthesis|[silent]\n|\n|upkeep\n|\n|t:|1699819813\n|switch|p2a: Talonflame|Talonflame, M|54\/100\n|turn|17\n|\n|t:|1699819819\n|switch|p1a: Alomomola|Alomomola, F|42\/100\n|move|p2a: Talonflame|Defog|p1a: Alomomola\n|-unboost|p1a: Alomomola|evasion|1\n|-sideend|p2: starfire77|Stealth Rock|[from] move: Defog|[of] p2a: Talonflame\n|\n|upkeep\n|turn|18\n|\n|t:|1699819824\n|move|p2a: Talonflame|Roost|p2a: Talonflame\n|-heal|p2a: Talonflame|100\/100\n|-singleturn|p2a: Talonflame|move: Roost\n|move|p1a: Alomomola|Wish|p1a: Alomomola\n|\n|upkeep\n|turn|19\n|\n|t:|1699819829\n|move|p2a: Talonflame|Brave Bird|p1a: Alomomola\n|-damage|p1a: Alomomola|18\/100\n|-damage|p2a: Talonflame|86\/100|[from] Recoil\n|move|p1a: Alomomola|Scald|p2a: Talonflame\n|-supereffective|p2a: Talonflame\n|-damage|p2a: Talonflame|44\/100\n|\n|-heal|p1a: Alomomola|68\/100|[from] move: Wish|[wisher] Alomomola\n|upkeep\n|turn|20\n|\n|t:|1699819836\n|move|p2a: Talonflame|Roost|p2a: Talonflame\n|-heal|p2a: Talonflame|94\/100\n|-singleturn|p2a: Talonflame|move: Roost\n|move|p1a: Alomomola|Scald|p2a: Talonflame\n|-supereffective|p2a: Talonflame\n|-damage|p2a: Talonflame|48\/100\n|\n|upkeep\n|turn|21\n|\n|t:|1699819845\n|switch|p2a: Miraidon|Miraidon|100\/100\n|-fieldstart|move: Electric Terrain|[from] ability: Hadron Engine|[of] p2a: Miraidon\n|move|p1a: Alomomola|Scald|p2a: Miraidon\n|-resisted|p2a: Miraidon\n|-damage|p2a: Miraidon|94\/100\n|-status|p2a: Miraidon|brn\n|\n|-damage|p2a: Miraidon|88\/100 brn|[from] brn\n|upkeep\n|turn|22\n|\n|t:|1699819852\n|switch|p1a: Blissey|Blissey, F|100\/100\n|move|p2a: Miraidon|Parabolic Charge|p1a: Blissey\n|-damage|p1a: Blissey|81\/100\n|-heal|p2a: Miraidon|100\/100 brn|[from] drain|[of] p1a: Blissey\n|\n|-damage|p2a: Miraidon|94\/100 brn|[from] brn\n|upkeep\n|turn|23\n|\n|t:|1699819860\n|move|p2a: Miraidon|Electro Drift|p1a: Blissey\n|-damage|p1a: Blissey|51\/100\n|move|p1a: Blissey|Stealth Rock|p2a: Miraidon\n|-sidestart|p2: starfire77|move: Stealth Rock\n|\n|-damage|p2a: Miraidon|88\/100 brn|[from] brn\n|upkeep\n|turn|24\n|\n|t:|1699819868\n|move|p2a: Miraidon|Electro Drift|p1a: Blissey\n|-damage|p1a: Blissey|25\/100\n|move|p1a: Blissey|Soft-Boiled|p1a: Blissey\n|-heal|p1a: Blissey|75\/100\n|\n|-damage|p2a: Miraidon|82\/100 brn|[from] brn\n|upkeep\n|turn|25\n|\n|t:|1699819885\n|switch|p1a: Clodsire|Clodsire, M|78\/100\n|move|p2a: Miraidon|Parabolic Charge|p1a: Clodsire\n|-immune|p1a: Clodsire\n|\n|-damage|p2a: Miraidon|76\/100 brn|[from] brn\n|-fieldend|move: Electric Terrain\n|upkeep\n|turn|26\n|\n|t:|1699819901\n|move|p2a: Miraidon|Flash Cannon|p1a: Clodsire\n|-damage|p1a: Clodsire|62\/100\n|move|p1a: Clodsire|Earthquake|p2a: Miraidon\n|-supereffective|p2a: Miraidon\n|-damage|p2a: Miraidon|17\/100 brn\n|\n|-damage|p2a: Miraidon|11\/100 brn|[from] brn\n|upkeep\n|turn|27\n|\n|t:|1699819911\n|move|p2a: Miraidon|Flash Cannon|p1a: Clodsire\n|-damage|p1a: Clodsire|48\/100\n|move|p1a: Clodsire|Earthquake|p2a: Miraidon\n|-supereffective|p2a: Miraidon\n|-damage|p2a: Miraidon|0 fnt\n|faint|p2a: Miraidon\n|\n|upkeep\n|\n|t:|1699819913\n|switch|p2a: Talonflame|Talonflame, M|48\/100\n|turn|28\n|\n|t:|1699819919\n|move|p2a: Talonflame|Defog|p1a: Clodsire\n|-unboost|p1a: Clodsire|evasion|1\n|-sideend|p2: starfire77|Stealth Rock|[from] move: Defog|[of] p2a: Talonflame\n|move|p1a: Clodsire|Toxic|p2a: Talonflame\n|-status|p2a: Talonflame|tox\n|\n|-damage|p2a: Talonflame|42\/100 tox|[from] psn\n|upkeep\n|turn|29\n|inactive|starfire77 has 120 seconds left.\n|\n|t:|1699819954\n|switch|p1a: Alomomola|Alomomola, F|100\/100\n|move|p2a: Talonflame|Flare Blitz|p1a: Alomomola\n|-resisted|p1a: Alomomola\n|-damage|p1a: Alomomola|89\/100\n|-damage|p2a: Talonflame|35\/100 tox|[from] Recoil\n|\n|-damage|p2a: Talonflame|23\/100 tox|[from] psn\n|upkeep\n|turn|30\n|inactive|starfire77 has 120 seconds left.\n|\n|t:|1699819963\n|move|p2a: Talonflame|Roost|p2a: Talonflame\n|-heal|p2a: Talonflame|73\/100 tox\n|-singleturn|p2a: Talonflame|move: Roost\n|move|p1a: Alomomola|Wish|p1a: Alomomola\n|\n|-damage|p2a: Talonflame|55\/100 tox|[from] psn\n|upkeep\n|turn|31\n|\n|t:|1699819969\n|move|p2a: Talonflame|Roost|p2a: Talonflame\n|-heal|p2a: Talonflame|100\/100 tox\n|-singleturn|p2a: Talonflame|move: Roost\n|move|p1a: Alomomola|Scald|p2a: Talonflame\n|-supereffective|p2a: Talonflame\n|-damage|p2a: Talonflame|59\/100 tox\n|\n|-heal|p1a: Alomomola|100\/100|[from] move: Wish|[wisher] Alomomola\n|-damage|p2a: Talonflame|35\/100 tox|[from] psn\n|upkeep\n|turn|32\n|\n|t:|1699819974\n|move|p2a: Talonflame|Brave Bird|p1a: Alomomola\n|-damage|p1a: Alomomola|75\/100\n|-damage|p2a: Talonflame|20\/100 tox|[from] Recoil\n|move|p1a: Alomomola|Scald|p2a: Talonflame\n|-supereffective|p2a: Talonflame\n|-damage|p2a: Talonflame|0 fnt\n|faint|p2a: Talonflame\n|\n|upkeep\n|\n|t:|1699819979\n|switch|p2a: Indeedee|Indeedee-F, F|100\/100\n|-fieldstart|move: Psychic Terrain|[from] ability: Psychic Surge|[of] p2a: Indeedee\n|turn|33\n|j| KeshBa45\n|\n|t:|1699819986\n|switch|p1a: Blissey|Blissey, F|75\/100\n|move|p2a: Indeedee|Healing Wish|p2a: Indeedee\n|faint|p2a: Indeedee\n|\n|upkeep\n|\n|t:|1699819989\n|switch|p2a: Basculegion|Basculegion, M|100\/100\n|turn|34\n|\n|t:|1699819992\n|switch|p1a: Alomomola|Alomomola, F|100\/100\n|-terastallize|p2a: Basculegion|Fighting\n|move|p2a: Basculegion|Tera Blast|p1a: Alomomola|[anim] Tera Blast Fighting\n|-crit|p1a: Alomomola\n|-damage|p1a: Alomomola|60\/100\n|\n|upkeep\n|turn|35\n|\n|t:|1699819997\n|move|p1a: Alomomola|Protect|p1a: Alomomola\n|-singleturn|p1a: Alomomola|Protect\n|move|p2a: Basculegion|Last Respects|p1a: Alomomola\n|-activate|p1a: Alomomola|move: Protect\n|\n|upkeep\n|turn|36\n|\n|t:|1699820001\n|switch|p1a: Blissey|Blissey, F|75\/100\n|move|p2a: Basculegion|Agility|p2a: Basculegion\n|-boost|p2a: Basculegion|spe|2\n|\n|upkeep\n|turn|37\n|\n|t:|1699820008\n|switch|p1a: Giratina|Giratina-Origin|76\/100\n|move|p2a: Basculegion|Tera Blast|p1a: Giratina|[anim] Tera Blast Fighting\n|-immune|p1a: Giratina\n|\n|upkeep\n|turn|38\n|\n|t:|1699820027\n|-terastallize|p1a: Giratina|Steel\n|move|p2a: Basculegion|Last Respects|p1a: Giratina\n|-damage|p1a: Giratina|6\/100\n|move|p1a: Giratina|Will-O-Wisp|p2a: Basculegion\n|-status|p2a: Basculegion|brn\n|\n|-damage|p2a: Basculegion|94\/100 brn|[from] brn\n|upkeep\n|turn|39\n|l| KeshBa45\n|\n|t:|1699820035\n|move|p2a: Basculegion|Tera Blast|p1a: Giratina|[anim] Tera Blast Fighting\n|-supereffective|p1a: Giratina\n|-damage|p1a: Giratina|0 fnt\n|faint|p1a: Giratina\n|\n|-damage|p2a: Basculegion|88\/100 brn|[from] brn\n|upkeep\n|\n|t:|1699820038\n|switch|p1a: Dondozo|Dondozo, M|100\/100\n|turn|40\n|\n|t:|1699820043\n|move|p2a: Basculegion|Last Respects|p1a: Dondozo\n|-damage|p1a: Dondozo|70\/100\n|move|p1a: Dondozo|Body Press|p2a: Basculegion\n|-damage|p2a: Basculegion|46\/100 brn\n|\n|-damage|p2a: Basculegion|40\/100 brn|[from] brn\n|-fieldend|move: Psychic Terrain\n|upkeep\n|turn|41\n|\n|t:|1699820046\n|move|p2a: Basculegion|Last Respects|p1a: Dondozo\n|-damage|p1a: Dondozo|40\/100\n|move|p1a: Dondozo|Body Press|p2a: Basculegion\n|-damage|p2a: Basculegion|0 fnt\n|faint|p2a: Basculegion\n|\n|win|jb291\n|n|\u2606jb291|jb291\n|n|\u2606starfire77|starfire77\n","uploadtime":1699820049,"views":8,"p1id":"jb291","p2id":"starfire77","formatid":"gen9ubers","rating":0,"private":0,"password":""}