{"id":"gen9ubers-1979756807","p1":"SadaShidz\ufe0f","p2":"Pigbeeef","format":"[Gen 9] Ubers","log":"|j|\u2606SadaShidz\ufe0f\n|j|\u2606Pigbeeef\n|t:|1698710037\n|gametype|singles\n|player|p1|SadaShidz\ufe0f|sada-ai|1245\n|player|p2|Pigbeeef|richboy-gen4|1404\n|teamsize|p1|6\n|teamsize|p2|6\n|gen|9\n|tier|[Gen 9] Ubers\n|rated|\n|rule|Sleep Clause Mod: Limit one foe put to sleep\n|rule|Species Clause: Limit one of each Pok\u00e9mon\n|rule|OHKO Clause: OHKO moves are banned\n|rule|Evasion Items Clause: Evasion items are banned\n|rule|Evasion Moves Clause: Evasion moves are banned\n|rule|Endless Battle Clause: Forcing endless battles is banned\n|rule|HP Percentage Mod: HP is shown in percentages\n|clearpoke\n|poke|p1|Ribombee, M|\n|poke|p1|Shaymin-Sky|\n|poke|p1|Arceus-Ghost|\n|poke|p1|Great Tusk|\n|poke|p1|Roaring Moon|\n|poke|p1|Koraidon|\n|poke|p2|Zacian-*|\n|poke|p2|Giratina-Origin|\n|poke|p2|Arceus-Ground|\n|poke|p2|Miraidon|\n|poke|p2|Koraidon|\n|poke|p2|Skeledirge, M|\n|teampreview\n|inactive|Battle timer is ON: inactive players will automatically lose when time's up. (requested by SadaShidz\ufe0f)\n|\n|t:|1698710041\n|start\n|switch|p1a: Shinobu|Ribombee, M, shiny|100\/100\n|switch|p2a: Koraidon|Koraidon|100\/100\n|-weather|SunnyDay|[from] ability: Orichalcum Pulse|[of] p2a: Koraidon\n|-activate|p2a: Koraidon|Orichalcum Pulse|[source]\n|turn|1\n|\n|t:|1698710049\n|move|p2a: Koraidon|U-turn|p1a: Shinobu\n|-resisted|p1a: Shinobu\n|-damage|p1a: Shinobu|74\/100\n|\n|t:|1698710051\n|switch|p2a: Zacian|Zacian-Crowned|100\/100|[from] U-turn\n|-ability|p2a: Zacian|Intrepid Sword|boost\n|-boost|p2a: Zacian|atk|1\n|move|p1a: Shinobu|Stun Spore|p2a: Zacian|[miss]\n|-miss|p1a: Shinobu|p2a: Zacian\n|\n|-weather|SunnyDay|[upkeep]\n|upkeep\n|turn|2\n|c|\u2606Pigbeeef|You got me\n|c|\u2606Pigbeeef|but it was not enough\n|c|\u2606Pigbeeef|luck issue\n|\n|t:|1698710075\n|move|p2a: Zacian|Behemoth Blade|p1a: Shinobu\n|-supereffective|p1a: Shinobu\n|-damage|p1a: Shinobu|0 fnt\n|faint|p1a: Shinobu\n|\n|-weather|SunnyDay|[upkeep]\n|upkeep\n|\n|t:|1698710080\n|switch|p1a: BigFatBone|Great Tusk|100\/100\n|-activate|p1a: BigFatBone|ability: Protosynthesis\n|-start|p1a: BigFatBone|protosynthesisatk\n|turn|3\n|\n|t:|1698710094\n|switch|p2a: Giratina|Giratina-Origin|100\/100\n|move|p1a: BigFatBone|Headlong Rush|p2a: Giratina\n|-immune|p2a: Giratina|[from] ability: Levitate\n|\n|-weather|SunnyDay|[upkeep]\n|upkeep\n|turn|4\n|\n|t:|1698710104\n|-end|p1a: BigFatBone|Protosynthesis|[silent]\n|switch|p1a: Yamz|Arceus-Ghost, shiny|100\/100\n|move|p2a: Giratina|Will-O-Wisp|p1a: Yamz\n|-status|p1a: Yamz|brn\n|\n|-weather|SunnyDay|[upkeep]\n|-damage|p1a: Yamz|94\/100 brn|[from] brn\n|upkeep\n|turn|5\n|\n|t:|1698710123\n|switch|p2a: Koraidon|Koraidon|100\/100\n|-activate|p2a: Koraidon|ability: Orichalcum Pulse\n|move|p1a: Yamz|Calm Mind|p1a: Yamz\n|-boost|p1a: Yamz|spa|1\n|-boost|p1a: Yamz|spd|1\n|\n|-weather|none\n|-damage|p1a: Yamz|88\/100 brn|[from] brn\n|upkeep\n|turn|6\n|\n|t:|1698710129\n|move|p2a: Koraidon|U-turn|p1a: Yamz\n|-resisted|p1a: Yamz\n|-damage|p1a: Yamz|80\/100 brn\n|\n|t:|1698710141\n|switch|p2a: Miraidon|Miraidon|100\/100|[from] U-turn\n|-fieldstart|move: Electric Terrain|[from] ability: Hadron Engine|[of] p2a: Miraidon\n|move|p1a: Yamz|Judgment|p2a: Miraidon\n|-damage|p2a: Miraidon|36\/100\n|\n|-heal|p2a: Miraidon|42\/100|[from] item: Leftovers\n|-damage|p1a: Yamz|74\/100 brn|[from] brn\n|upkeep\n|turn|7\n|\n|t:|1698710145\n|move|p2a: Miraidon|Taunt|p1a: Yamz\n|-start|p1a: Yamz|move: Taunt\n|move|p1a: Yamz|Judgment|p2a: Miraidon\n|-damage|p2a: Miraidon|0 fnt\n|faint|p2a: Miraidon\n|\n|-damage|p1a: Yamz|68\/100 brn|[from] brn\n|upkeep\n|\n|t:|1698710150\n|switch|p2a: Koraidon|Koraidon|100\/100\n|-weather|SunnyDay|[from] ability: Orichalcum Pulse|[of] p2a: Koraidon\n|-activate|p2a: Koraidon|Orichalcum Pulse|[source]\n|turn|8\n|\n|t:|1698710153\n|-terastallize|p2a: Koraidon|Fire\n|move|p2a: Koraidon|Flare Blitz|p1a: Yamz\n|-damage|p1a: Yamz|0 fnt\n|faint|p1a: Yamz\n|-damage|p2a: Koraidon|71\/100|[from] Recoil\n|\n|-weather|SunnyDay|[upkeep]\n|upkeep\n|\n|t:|1698710166\n|switch|p1a: Roaring Bone|Roaring Moon|100\/100\n|-activate|p1a: Roaring Bone|ability: Protosynthesis\n|-start|p1a: Roaring Bone|protosynthesisspe\n|turn|9\n|\n|t:|1698710172\n|move|p2a: Koraidon|Flare Blitz|p1a: Roaring Bone\n|-resisted|p1a: Roaring Bone\n|-damage|p1a: Roaring Bone|24\/100\n|-damage|p2a: Koraidon|46\/100|[from] Recoil\n|move|p1a: Roaring Bone|Dragon Dance|p1a: Roaring Bone\n|-boost|p1a: Roaring Bone|atk|1\n|-boost|p1a: Roaring Bone|spe|1\n|\n|-weather|SunnyDay|[upkeep]\n|upkeep\n|turn|10\n|\n|t:|1698710179\n|move|p1a: Roaring Bone|Earthquake|p2a: Koraidon\n|-supereffective|p2a: Koraidon\n|-damage|p2a: Koraidon|0 fnt\n|faint|p2a: Koraidon\n|\n|-weather|SunnyDay|[upkeep]\n|-fieldend|move: Electric Terrain\n|upkeep\n|\n|t:|1698710181\n|switch|p2a: Skeledirge|Skeledirge, M|100\/100\n|turn|11\n|\n|t:|1698710186\n|move|p1a: Roaring Bone|Knock Off|p2a: Skeledirge\n|-supereffective|p2a: Skeledirge\n|-damage|p2a: Skeledirge|43\/100\n|-enditem|p2a: Skeledirge|Leftovers|[from] move: Knock Off|[of] p1a: Roaring Bone\n|move|p2a: Skeledirge|Slack Off|p2a: Skeledirge\n|-heal|p2a: Skeledirge|93\/100\n|\n|-weather|SunnyDay|[upkeep]\n|upkeep\n|turn|12\n|\n|t:|1698710190\n|move|p1a: Roaring Bone|Earthquake|p2a: Skeledirge\n|-supereffective|p2a: Skeledirge\n|-damage|p2a: Skeledirge|53\/100\n|move|p2a: Skeledirge|Will-O-Wisp|p1a: Roaring Bone\n|-status|p1a: Roaring Bone|brn\n|\n|-weather|none\n|-end|p1a: Roaring Bone|Protosynthesis\n|-damage|p1a: Roaring Bone|18\/100 brn|[from] brn\n|upkeep\n|-enditem|p1a: Roaring Bone|Booster Energy\n|-activate|p1a: Roaring Bone|ability: Protosynthesis|[fromitem]\n|-start|p1a: Roaring Bone|protosynthesisspe\n|turn|13\n|\n|t:|1698710194\n|move|p1a: Roaring Bone|Earthquake|p2a: Skeledirge\n|-supereffective|p2a: Skeledirge\n|-damage|p2a: Skeledirge|33\/100\n|move|p2a: Skeledirge|Slack Off|p2a: Skeledirge\n|-heal|p2a: Skeledirge|83\/100\n|\n|-damage|p1a: Roaring Bone|12\/100 brn|[from] brn\n|upkeep\n|turn|14\n|\n|t:|1698710200\n|move|p1a: Roaring Bone|Knock Off|p2a: Skeledirge\n|-supereffective|p2a: Skeledirge\n|-damage|p2a: Skeledirge|61\/100\n|move|p2a: Skeledirge|Slack Off|p2a: Skeledirge\n|-heal|p2a: Skeledirge|100\/100\n|\n|-damage|p1a: Roaring Bone|6\/100 brn|[from] brn\n|upkeep\n|turn|15\n|\n|t:|1698710207\n|move|p1a: Roaring Bone|Earthquake|p2a: Skeledirge\n|-supereffective|p2a: Skeledirge\n|-crit|p2a: Skeledirge\n|-damage|p2a: Skeledirge|69\/100\n|move|p2a: Skeledirge|Torch Song|p1a: Roaring Bone\n|-resisted|p1a: Roaring Bone\n|-damage|p1a: Roaring Bone|0 fnt\n|-boost|p2a: Skeledirge|spa|1\n|faint|p1a: Roaring Bone\n|-end|p1a: Roaring Bone|Protosynthesis|[silent]\n|\n|upkeep\n|\n|t:|1698710214\n|switch|p1a: BigFatBone|Great Tusk|100\/100\n|-enditem|p1a: BigFatBone|Booster Energy\n|-activate|p1a: BigFatBone|ability: Protosynthesis|[fromitem]\n|-start|p1a: BigFatBone|protosynthesisatk\n|turn|16\n|\n|t:|1698710227\n|move|p1a: BigFatBone|Headlong Rush|p2a: Skeledirge\n|-supereffective|p2a: Skeledirge\n|-damage|p2a: Skeledirge|0 fnt\n|-unboost|p1a: BigFatBone|def|1\n|-unboost|p1a: BigFatBone|spd|1\n|faint|p2a: Skeledirge\n|\n|upkeep\n|\n|t:|1698710235\n|switch|p2a: Arceus|Arceus-Ground|100\/100\n|turn|17\n|\n|t:|1698710239\n|move|p2a: Arceus|Judgment|p1a: BigFatBone\n|-damage|p1a: BigFatBone|0 fnt\n|faint|p1a: BigFatBone\n|-end|p1a: BigFatBone|Protosynthesis|[silent]\n|\n|upkeep\n|\n|t:|1698710243\n|switch|p1a: Type Bike|Koraidon|100\/100\n|-weather|SunnyDay|[from] ability: Orichalcum Pulse|[of] p1a: Type Bike\n|-activate|p1a: Type Bike|Orichalcum Pulse|[source]\n|turn|18\n|\n|t:|1698710250\n|move|p1a: Type Bike|Bulk Up|p1a: Type Bike\n|-boost|p1a: Type Bike|atk|1\n|-boost|p1a: Type Bike|def|1\n|move|p2a: Arceus|Ice Beam|p1a: Type Bike\n|-supereffective|p1a: Type Bike\n|-damage|p1a: Type Bike|45\/100\n|\n|-weather|SunnyDay|[upkeep]\n|upkeep\n|turn|19\n|\n|t:|1698710263\n|-terastallize|p1a: Type Bike|Fire\n|move|p1a: Type Bike|Collision Course|p2a: Arceus\n|-damage|p2a: Arceus|14\/100\n|move|p2a: Arceus|Ice Beam|p1a: Type Bike\n|-resisted|p1a: Type Bike\n|-damage|p1a: Type Bike|30\/100\n|\n|-weather|SunnyDay|[upkeep]\n|upkeep\n|turn|20\n|\n|t:|1698710273\n|move|p1a: Type Bike|Flame Charge|p2a: Arceus\n|-damage|p2a: Arceus|0 fnt\n|-boost|p1a: Type Bike|spe|1\n|faint|p2a: Arceus\n|\n|-weather|SunnyDay|[upkeep]\n|upkeep\n|\n|t:|1698710277\n|switch|p2a: Giratina|Giratina-Origin|100\/100\n|turn|21\n|\n|t:|1698710279\n|move|p1a: Type Bike|Scale Shot|p2a: Giratina\n|-supereffective|p2a: Giratina\n|-damage|p2a: Giratina|66\/100\n|-supereffective|p2a: Giratina\n|-damage|p2a: Giratina|31\/100\n|-supereffective|p2a: Giratina\n|-damage|p2a: Giratina|0 fnt\n|faint|p2a: Giratina\n|-hitcount|p2: Giratina|3\n|-unboost|p1a: Type Bike|def|1\n|-boost|p1a: Type Bike|spe|1\n|\n|-weather|SunnyDay|[upkeep]\n|upkeep\n|\n|t:|1698710281\n|switch|p2a: Zacian|Zacian-Crowned|100\/100\n|turn|22\n|-message|Pigbeeef forfeited.\n|\n|win|SadaShidz\ufe0f\n|raw|SadaShidz\ufe0f's rating: 1245 &rarr; <strong>1281<\/strong><br \/>(+36 for winning)\n|raw|Pigbeeef's rating: 1404 &rarr; <strong>1375<\/strong><br \/>(-29 for losing)\n|l|\u2606Pigbeeef\n","uploadtime":1698710290,"views":9,"p1id":"sadashidz","p2id":"pigbeeef","formatid":"gen9ubers","rating":1281,"private":0,"password":""}