{"id":"gen9ubers-1994812206","p1":"BrunoMobBoss","p2":"Jadenhess","format":"[Gen 9] Ubers","log":"|j|\u2606BrunoMobBoss\n|j|\u2606Jadenhess\n|t:|1700495094\n|gametype|singles\n|player|p1|BrunoMobBoss|102|1093\n|player|p2|Jadenhess|101|1315\n|teamsize|p1|6\n|teamsize|p2|6\n|gen|9\n|tier|[Gen 9] Ubers\n|rated|\n|rule|Sleep Clause Mod: Limit one foe put to sleep\n|rule|Species Clause: Limit one of each Pok\u00e9mon\n|rule|OHKO Clause: OHKO moves are banned\n|rule|Evasion Items Clause: Evasion items are banned\n|rule|Evasion Moves Clause: Evasion moves are banned\n|rule|Endless Battle Clause: Forcing endless battles is banned\n|rule|HP Percentage Mod: HP is shown in percentages\n|clearpoke\n|poke|p1|Volcarona, F|\n|poke|p1|Palafin, M|\n|poke|p1|Breloom, M|\n|poke|p1|Flutter Mane|\n|poke|p1|Baxcalibur, F|\n|poke|p1|Corviknight, M|\n|poke|p2|Koraidon|\n|poke|p2|Great Tusk|\n|poke|p2|Scream Tail|\n|poke|p2|Roaring Moon|\n|poke|p2|Slither Wing|\n|poke|p2|Walking Wake|\n|teampreview\n|\n|t:|1700495101\n|start\n|switch|p1a: Palafin|Palafin, M|100\/100\n|switch|p2a: Koraidon|Koraidon|100\/100\n|-weather|SunnyDay|[from] ability: Orichalcum Pulse|[of] p2a: Koraidon\n|-activate|p2a: Koraidon|Orichalcum Pulse|[source]\n|turn|1\n|\n|t:|1700495109\n|move|p2a: Koraidon|Flare Blitz|p1a: Palafin\n|-resisted|p1a: Palafin\n|-damage|p1a: Palafin|16\/100\n|-damage|p2a: Koraidon|73\/100|[from] Recoil\n|move|p1a: Palafin|Flip Turn|p2a: Koraidon\n|-resisted|p2a: Koraidon\n|-damage|p2a: Koraidon|68\/100\n|\n|t:|1700495119\n|detailschange|p1a: Palafin|Palafin-Hero, M\n|switch|p1a: Flutter Mane|Flutter Mane|100\/100|[from] Flip Turn\n|-activate|p1a: Flutter Mane|ability: Protosynthesis\n|-start|p1a: Flutter Mane|protosynthesisspa\n|\n|-weather|SunnyDay|[upkeep]\n|upkeep\n|turn|2\n|inactive|Battle timer is ON: inactive players will automatically lose when time's up. (requested by Jadenhess)\n|\n|t:|1700495134\n|move|p2a: Koraidon|Flare Blitz|p1a: Flutter Mane\n|-damage|p1a: Flutter Mane|0 fnt\n|faint|p1a: Flutter Mane\n|-end|p1a: Flutter Mane|Protosynthesis|[silent]\n|-damage|p2a: Koraidon|44\/100|[from] Recoil\n|\n|-weather|SunnyDay|[upkeep]\n|upkeep\n|\n|t:|1700495154\n|switch|p1a: Breloom|Breloom, M|100\/100\n|turn|3\n|\n|t:|1700495157\n|move|p1a: Breloom|Mach Punch|p2a: Koraidon\n|-crit|p2a: Koraidon\n|-damage|p2a: Koraidon|0 fnt\n|faint|p2a: Koraidon\n|\n|-weather|SunnyDay|[upkeep]\n|upkeep\n|\n|t:|1700495172\n|switch|p2a: Slither Wing|Slither Wing|100\/100\n|-activate|p2a: Slither Wing|ability: Protosynthesis\n|-start|p2a: Slither Wing|protosynthesisatk\n|turn|4\n|\n|t:|1700495191\n|move|p2a: Slither Wing|First Impression|p1a: Breloom\n|-enditem|p1a: Breloom|Focus Sash\n|-damage|p1a: Breloom|1\/100\n|-damage|p2a: Slither Wing|91\/100|[from] item: Life Orb\n|move|p1a: Breloom|Spore|p2a: Slither Wing\n|-status|p2a: Slither Wing|slp|[from] move: Spore\n|\n|-weather|SunnyDay|[upkeep]\n|upkeep\n|turn|5\n|\n|t:|1700495200\n|move|p1a: Breloom|Rock Tomb|p2a: Slither Wing\n|-damage|p2a: Slither Wing|50\/100 slp\n|-unboost|p2a: Slither Wing|spe|1\n|cant|p2a: Slither Wing|slp\n|\n|-weather|none\n|-end|p2a: Slither Wing|Protosynthesis\n|upkeep\n|turn|6\n|\n|t:|1700495210\n|move|p1a: Breloom|Rock Tomb|p2a: Slither Wing\n|-damage|p2a: Slither Wing|14\/100 slp\n|-unboost|p2a: Slither Wing|spe|1\n|cant|p2a: Slither Wing|slp\n|\n|upkeep\n|turn|7\n|\n|t:|1700495215\n|move|p1a: Breloom|Rock Tomb|p2a: Slither Wing\n|-damage|p2a: Slither Wing|0 fnt\n|faint|p2a: Slither Wing\n|-end|p2a: Slither Wing|Protosynthesis|[silent]\n|\n|upkeep\n|\n|t:|1700495221\n|switch|p2a: Walking Wake|Walking Wake|100\/100\n|turn|8\n|\n|t:|1700495229\n|move|p1a: Breloom|Mach Punch|p2a: Walking Wake\n|-damage|p2a: Walking Wake|60\/100\n|move|p2a: Walking Wake|Flip Turn|p1a: Breloom\n|-resisted|p1a: Breloom\n|-crit|p1a: Breloom\n|-damage|p1a: Breloom|0 fnt\n|faint|p1a: Breloom\n|\n|t:|1700495237\n|-end|p2a: Walking Wake|Protosynthesis|[silent]\n|switch|p2a: Roaring Moon|Roaring Moon|100\/100|[from] Flip Turn\n|\n|upkeep\n|\n|t:|1700495245\n|switch|p1a: Volcarona|Volcarona, F|100\/100\n|turn|9\n|\n|t:|1700495250\n|move|p2a: Roaring Moon|Dragon Dance|p2a: Roaring Moon\n|-boost|p2a: Roaring Moon|atk|1\n|-boost|p2a: Roaring Moon|spe|1\n|move|p1a: Volcarona|Bug Buzz|p2a: Roaring Moon\n|-supereffective|p2a: Roaring Moon\n|-damage|p2a: Roaring Moon|0 fnt\n|faint|p2a: Roaring Moon\n|-end|p2a: Roaring Moon|Protosynthesis|[silent]\n|\n|upkeep\n|\n|t:|1700495256\n|switch|p2a: Walking Wake|Walking Wake|60\/100\n|turn|10\n|\n|t:|1700495262\n|-terastallize|p1a: Volcarona|Grass\n|move|p2a: Walking Wake|Hydro Steam|p1a: Volcarona\n|-resisted|p1a: Volcarona\n|-damage|p1a: Volcarona|71\/100\n|move|p1a: Volcarona|Quiver Dance|p1a: Volcarona\n|-boost|p1a: Volcarona|spa|1\n|-boost|p1a: Volcarona|spd|1\n|-boost|p1a: Volcarona|spe|1\n|\n|upkeep\n|turn|11\n|\n|t:|1700495270\n|-end|p2a: Walking Wake|Protosynthesis|[silent]\n|switch|p2a: Scream Tail|Scream Tail|100\/100\n|move|p1a: Volcarona|Giga Drain|p2a: Scream Tail\n|-damage|p2a: Scream Tail|56\/100\n|-heal|p1a: Volcarona|100\/100|[from] drain|[of] p2a: Scream Tail\n|\n|-heal|p2a: Scream Tail|62\/100|[from] item: Leftovers\n|upkeep\n|turn|12\n|\n|t:|1700495279\n|move|p1a: Volcarona|Fiery Dance|p2a: Scream Tail\n|-damage|p2a: Scream Tail|15\/100\n|-boost|p1a: Volcarona|spa|1\n|move|p2a: Scream Tail|Encore|p1a: Volcarona\n|-start|p1a: Volcarona|Encore\n|\n|-heal|p2a: Scream Tail|22\/100|[from] item: Leftovers\n|upkeep\n|turn|13\n|\n|t:|1700495286\n|move|p1a: Volcarona|Fiery Dance|p2a: Scream Tail\n|-damage|p2a: Scream Tail|0 fnt\n|-boost|p1a: Volcarona|spa|1\n|faint|p2a: Scream Tail\n|-end|p2a: Scream Tail|Protosynthesis|[silent]\n|\n|upkeep\n|\n|t:|1700495290\n|switch|p2a: Walking Wake|Walking Wake|60\/100\n|turn|14\n|l|\u2606Jadenhess\n|inactive|Jadenhess disconnected and has a minute to reconnect!\n|player|p2|\n|j|\u2606Jadenhess\n|inactive|Jadenhess reconnected and has 115 seconds left.\n|player|p2|Jadenhess|101\n|\n|t:|1700495328\n|move|p1a: Volcarona|Fiery Dance|p2a: Walking Wake\n|-resisted|p2a: Walking Wake\n|-damage|p2a: Walking Wake|25\/100\n|move|p2a: Walking Wake|Flamethrower|p1a: Volcarona\n|-supereffective|p1a: Volcarona\n|-damage|p1a: Volcarona|41\/100\n|\n|upkeep\n|turn|15\n|\n|t:|1700495336\n|move|p1a: Volcarona|Fiery Dance|p2a: Walking Wake\n|-resisted|p2a: Walking Wake\n|-damage|p2a: Walking Wake|0 fnt\n|faint|p2a: Walking Wake\n|-end|p2a: Walking Wake|Protosynthesis|[silent]\n|\n|-end|p1a: Volcarona|Encore\n|upkeep\n|\n|t:|1700495338\n|switch|p2a: Great Tusk|Great Tusk|100\/100\n|turn|16\n|\n|t:|1700495343\n|move|p1a: Volcarona|Giga Drain|p2a: Great Tusk\n|-supereffective|p2a: Great Tusk\n|-damage|p2a: Great Tusk|0 fnt\n|-heal|p1a: Volcarona|100\/100|[from] drain|[of] p2a: Great Tusk\n|faint|p2a: Great Tusk\n|-end|p2a: Great Tusk|Protosynthesis|[silent]\n|\n|win|BrunoMobBoss\n|raw|BrunoMobBoss's rating: 1093 &rarr; <strong>1134<\/strong><br \/>(+41 for winning)\n|raw|Jadenhess's rating: 1315 &rarr; <strong>1284<\/strong><br \/>(-31 for losing)\n|l|\u2606Jadenhess\n","uploadtime":1700495363,"views":3,"p1id":"brunomobboss","p2id":"jadenhess","formatid":"gen9ubers","rating":1134,"private":0,"password":""}