{"id":"gen9ubers-1978658665","p1":"Nightngale","p2":"Arpitraj1","format":"[Gen 9] Ubers","log":"|j|\u2606Nightngale\n|j|\u2606Arpitraj1\n|t:|1698576379\n|gametype|singles\n|player|p1|Nightngale|170|1306\n|player|p2|Arpitraj1|anabel|1409\n|teamsize|p1|6\n|teamsize|p2|6\n|gen|9\n|tier|[Gen 9] Ubers\n|rated|\n|rule|Sleep Clause Mod: Limit one foe put to sleep\n|rule|Species Clause: Limit one of each Pok\u00e9mon\n|rule|OHKO Clause: OHKO moves are banned\n|rule|Evasion Items Clause: Evasion items are banned\n|rule|Evasion Moves Clause: Evasion moves are banned\n|rule|Endless Battle Clause: Forcing endless battles is banned\n|rule|HP Percentage Mod: HP is shown in percentages\n|clearpoke\n|poke|p1|Mewtwo|\n|poke|p1|Zacian-*|\n|poke|p1|Arceus|\n|poke|p1|Miraidon|\n|poke|p1|Ribombee, F|\n|poke|p1|Shaymin-Sky|\n|poke|p2|Miraidon|\n|poke|p2|Koraidon|\n|poke|p2|Hatterene, F|\n|poke|p2|Ditto|\n|poke|p2|Landorus-Therian, M|\n|poke|p2|Arceus-Ground|\n|teampreview\n|inactive|Battle timer is ON: inactive players will automatically lose when time's up. (requested by Nightngale)\n|inactive|Arpitraj1 also wants the timer to be on.\n|inactive|Arpitraj1 has 120 seconds left.\n|inactive|Nightngale has 120 seconds left.\n|\n|t:|1698576416\n|start\n|switch|p1a: pup|Shaymin-Sky|100\/100\n|switch|p2a: Landorus|Landorus-Therian, M|100\/100\n|-ability|p2a: Landorus|Intimidate|boost\n|-unboost|p1a: pup|atk|1\n|turn|1\n|\n|t:|1698576424\n|switch|p2a: Miraidon|Miraidon|100\/100\n|-fieldstart|move: Electric Terrain|[from] ability: Hadron Engine|[of] p2a: Miraidon\n|move|p1a: pup|Air Slash|p2a: Miraidon\n|-resisted|p2a: Miraidon\n|-damage|p2a: Miraidon|85\/100\n|\n|upkeep\n|turn|2\n|\n|t:|1698576431\n|switch|p1a: Ribombee|Ribombee, F|100\/100\n|move|p2a: Miraidon|Electro Drift|p1a: Ribombee\n|-enditem|p1a: Ribombee|Focus Sash\n|-damage|p1a: Ribombee|1\/100\n|\n|upkeep\n|turn|3\n|\n|t:|1698576442\n|move|p2a: Miraidon|Electro Drift|p1a: Ribombee\n|-damage|p1a: Ribombee|0 fnt\n|faint|p1a: Ribombee\n|\n|upkeep\n|\n|t:|1698576454\n|switch|p1a: Miraidon|Miraidon|100\/100\n|-activate|p1a: Miraidon|ability: Hadron Engine\n|turn|4\n|\n|t:|1698576462\n|move|p1a: Miraidon|Dazzling Gleam|p2a: Miraidon\n|-supereffective|p2a: Miraidon\n|-damage|p2a: Miraidon|8\/100\n|move|p2a: Miraidon|Draco Meteor|p1a: Miraidon\n|-supereffective|p1a: Miraidon\n|-damage|p1a: Miraidon|0 fnt\n|-unboost|p2a: Miraidon|spa|2\n|-enditem|p2a: Miraidon|Eject Pack\n|faint|p1a: Miraidon\n|\n|t:|1698576465\n|switch|p2a: Landorus|Landorus-Therian, M|100\/100\n|\n|upkeep\n|\n|t:|1698576470\n|switch|p1a: pup|Shaymin-Sky|100\/100\n|turn|5\n|\n|t:|1698576485\n|switch|p2a: Miraidon|Miraidon|8\/100\n|-activate|p2a: Miraidon|ability: Hadron Engine\n|move|p1a: pup|Air Slash|p2a: Miraidon\n|-resisted|p2a: Miraidon\n|-damage|p2a: Miraidon|0 fnt\n|faint|p2a: Miraidon\n|\n|-fieldend|move: Electric Terrain\n|upkeep\n|\n|t:|1698576489\n|switch|p2a: Koraidon|Koraidon|100\/100\n|-weather|SunnyDay|[from] ability: Orichalcum Pulse|[of] p2a: Koraidon\n|-activate|p2a: Koraidon|Orichalcum Pulse|[source]\n|turn|6\n|\n|t:|1698576492\n|move|p1a: pup|Air Slash|p2a: Koraidon\n|-supereffective|p2a: Koraidon\n|-damage|p2a: Koraidon|31\/100\n|cant|p2a: Koraidon|flinch\n|\n|-weather|SunnyDay|[upkeep]\n|upkeep\n|turn|7\n|\n|t:|1698576498\n|move|p1a: pup|Air Slash|p2a: Koraidon\n|-supereffective|p2a: Koraidon\n|-damage|p2a: Koraidon|0 fnt\n|faint|p2a: Koraidon\n|\n|-weather|SunnyDay|[upkeep]\n|upkeep\n|\n|t:|1698576504\n|switch|p2a: Arceus|Arceus-Ground|100\/100\n|turn|8\n|\n|t:|1698576509\n|switch|p1a: Mewtwo|Mewtwo|100\/100\n|-ability|p1a: Mewtwo|Pressure\n|move|p2a: Arceus|Ice Beam|p1a: Mewtwo\n|-damage|p1a: Mewtwo|70\/100\n|\n|-weather|SunnyDay|[upkeep]\n|upkeep\n|turn|9\n|\n|t:|1698576519\n|move|p1a: Mewtwo|Psystrike|p2a: Arceus\n|-damage|p2a: Arceus|51\/100\n|move|p2a: Arceus|Judgment|p1a: Mewtwo\n|-damage|p1a: Mewtwo|13\/100\n|\n|-weather|SunnyDay|[upkeep]\n|upkeep\n|turn|10\n|\n|t:|1698576523\n|move|p1a: Mewtwo|Psystrike|p2a: Arceus\n|-damage|p2a: Arceus|0 fnt\n|faint|p2a: Arceus\n|\n|-weather|none\n|upkeep\n|\n|t:|1698576528\n|switch|p2a: Landorus|Landorus-Therian, M|100\/100\n|-ability|p2a: Landorus|Intimidate|boost\n|-unboost|p1a: Mewtwo|atk|1\n|turn|11\n|\n|t:|1698576536\n|switch|p1a: Arceus|Arceus, shiny|100\/100\n|move|p2a: Landorus|U-turn|p1a: Arceus\n|-damage|p1a: Arceus|83\/100\n|\n|t:|1698576540\n|switch|p2a: Hatterene|Hatterene, F|100\/100|[from] U-turn\n|\n|upkeep\n|turn|12\n|\n|t:|1698576546\n|move|p1a: Arceus|Extreme Speed|p2a: Hatterene\n|-damage|p2a: Hatterene|28\/100\n|-enditem|p2a: Hatterene|Eject Button\n|\n|t:|1698576552\n|switch|p2a: Landorus|Landorus-Therian, M|100\/100\n|-ability|p2a: Landorus|Intimidate|boost\n|-unboost|p1a: Arceus|atk|1\n|\n|upkeep\n|turn|13\n|\n|t:|1698576559\n|switch|p1a: Mewtwo|Mewtwo|13\/100\n|-ability|p1a: Mewtwo|Pressure\n|move|p2a: Landorus|Earthquake|p1a: Mewtwo\n|-damage|p1a: Mewtwo|0 fnt\n|faint|p1a: Mewtwo\n|\n|upkeep\n|\n|t:|1698576565\n|switch|p1a: pup|Shaymin-Sky|100\/100\n|turn|14\n|\n|t:|1698576578\n|switch|p2a: Hatterene|Hatterene, F|28\/100\n|move|p1a: pup|Air Slash|p2a: Hatterene\n|-damage|p2a: Hatterene|0 fnt\n|faint|p2a: Hatterene\n|\n|upkeep\n|\n|t:|1698576580\n|switch|p2a: Landorus|Landorus-Therian, M|100\/100\n|-ability|p2a: Landorus|Intimidate|boost\n|-unboost|p1a: pup|atk|1\n|turn|15\n|\n|t:|1698576586\n|switch|p2a: Ditto|Ditto|100\/100\n|-transform|p2a: Ditto|p1a: pup|[from] ability: Imposter\n|move|p1a: pup|Air Slash|p2a: Ditto|[miss]\n|-miss|p1a: pup|p2a: Ditto\n|\n|upkeep\n|turn|16\n|\n|t:|1698576605\n|switch|p1a: Arceus|Arceus, shiny|83\/100\n|move|p2a: Ditto|Air Slash|p1a: Arceus\n|-damage|p1a: Arceus|55\/100\n|\n|upkeep\n|turn|17\n|\n|t:|1698576619\n|switch|p2a: Landorus|Landorus-Therian, M|100\/100\n|-ability|p2a: Landorus|Intimidate|boost\n|-unboost|p1a: Arceus|atk|1\n|move|p1a: Arceus|Extreme Speed|p2a: Landorus\n|-damage|p2a: Landorus|73\/100\n|-damage|p1a: Arceus|39\/100|[from] item: Rocky Helmet|[of] p2a: Landorus\n|\n|upkeep\n|turn|18\n|\n|t:|1698576627\n|switch|p1a: pup|Shaymin-Sky|100\/100\n|move|p2a: Landorus|Stealth Rock|p1a: pup\n|-sidestart|p1: Nightngale|move: Stealth Rock\n|\n|upkeep\n|turn|19\n|\n|t:|1698576633\n|switch|p2a: Ditto|Ditto|100\/100\n|-transform|p2a: Ditto|p1a: pup|[from] ability: Imposter\n|move|p1a: pup|Air Slash|p2a: Ditto\n|-supereffective|p2a: Ditto\n|-damage|p2a: Ditto|0 fnt\n|faint|p2a: Ditto\n|\n|upkeep\n|\n|t:|1698576634\n|switch|p2a: Landorus|Landorus-Therian, M|73\/100\n|-ability|p2a: Landorus|Intimidate|boost\n|-unboost|p1a: pup|atk|1\n|turn|20\n|\n|t:|1698576639\n|-terastallize|p2a: Landorus|Water\n|move|p1a: pup|Air Slash|p2a: Landorus\n|-damage|p2a: Landorus|30\/100\n|cant|p2a: Landorus|flinch\n|\n|upkeep\n|turn|21\n|\n|t:|1698576646\n|move|p1a: pup|Air Slash|p2a: Landorus\n|-damage|p2a: Landorus|0 fnt\n|faint|p2a: Landorus\n|\n|win|Nightngale\n|raw|Nightngale's rating: 1306 &rarr; <strong>1333<\/strong><br \/>(+27 for winning)\n|raw|Arpitraj1's rating: 1433 &rarr; <strong>1406<\/strong><br \/>(-27 for losing)\n","uploadtime":1698576651,"views":10,"p1id":"nightngale","p2id":"arpitraj1","formatid":"gen9ubers","rating":1333,"private":0,"password":""}