{"id":"gen9ubers-1998400248","p1":"chinaiscool","p2":"cubecrow","format":"[Gen 9] Ubers","log":"|j|\u2606chinaiscool\n|j|\u2606cubecrow\n|t:|1700938090\n|gametype|singles\n|player|p1|chinaiscool|169|1074\n|player|p2|cubecrow|iris-gen5bw2|1043\n|teamsize|p1|6\n|teamsize|p2|6\n|gen|9\n|tier|[Gen 9] Ubers\n|rated|\n|rule|Sleep Clause Mod: Limit one foe put to sleep\n|rule|Species Clause: Limit one of each Pok\u00e9mon\n|rule|OHKO Clause: OHKO moves are banned\n|rule|Evasion Items Clause: Evasion items are banned\n|rule|Evasion Moves Clause: Evasion moves are banned\n|rule|Endless Battle Clause: Forcing endless battles is banned\n|rule|HP Percentage Mod: HP is shown in percentages\n|clearpoke\n|poke|p1|Gliscor, F|\n|poke|p1|Regieleki|\n|poke|p1|Pawmot, M|\n|poke|p1|Mewtwo|\n|poke|p1|Miraidon|\n|poke|p1|Palafin, M|\n|poke|p2|Houndoom, F|\n|poke|p2|Rabsca, M|\n|poke|p2|Gliscor, M|\n|poke|p2|Azumarill, F|\n|poke|p2|Toxicroak, M|\n|poke|p2|Basculegion, M|\n|teampreview\n|inactive|Battle timer is ON: inactive players will automatically lose when time's up. (requested by cubecrow)\n|\n|t:|1700938102\n|start\n|switch|p1a: Regieleki|Regieleki, shiny|100\/100\n|switch|p2a: Houndoom|Houndoom, F|100\/100\n|turn|1\n|\n|t:|1700938117\n|-terastallize|p1a: Regieleki|Ground\n|move|p1a: Regieleki|Tera Blast|p2a: Houndoom|[anim] Tera Blast Ground\n|-supereffective|p2a: Houndoom\n|-damage|p2a: Houndoom|0 fnt\n|faint|p2a: Houndoom\n|\n|upkeep\n|\n|t:|1700938129\n|switch|p2a: Gliscor|Gliscor, M|100\/100\n|turn|2\n|\n|t:|1700938141\n|switch|p1a: Palafin|Palafin, M|100\/100\n|move|p2a: Gliscor|Quick Attack|p1a: Palafin\n|-damage|p1a: Palafin|86\/100\n|\n|-status|p2a: Gliscor|tox|[from] item: Toxic Orb\n|upkeep\n|turn|3\n|\n|t:|1700938149\n|move|p2a: Gliscor|U-turn|p1a: Palafin\n|-damage|p1a: Palafin|61\/100\n|\n|t:|1700938153\n|switch|p2a: Azumarill|Azumarill, F|100\/100|[from] U-turn\n|move|p1a: Palafin|Flip Turn|p2a: Azumarill\n|-resisted|p2a: Azumarill\n|-damage|p2a: Azumarill|84\/100\n|\n|t:|1700938161\n|detailschange|p1a: Palafin|Palafin-Hero, M\n|switch|p1a: Regieleki|Regieleki, shiny, tera:Ground|100\/100|[from] Flip Turn\n|\n|-heal|p2a: Azumarill|90\/100|[from] item: Leftovers\n|upkeep\n|turn|4\n|\n|t:|1700938169\n|move|p1a: Regieleki|Tera Blast|p2a: Azumarill|[anim] Tera Blast Ground\n|-damage|p2a: Azumarill|51\/100\n|move|p2a: Azumarill|Aqua Ring|p2a: Azumarill\n|-start|p2a: Azumarill|Aqua Ring\n|\n|-heal|p2a: Azumarill|58\/100|[from] item: Leftovers\n|-heal|p2a: Azumarill|64\/100|[from] Aqua Ring\n|upkeep\n|turn|5\n|\n|t:|1700938182\n|switch|p1a: Miraidon|Miraidon|100\/100\n|-fieldstart|move: Electric Terrain|[from] ability: Hadron Engine|[of] p1a: Miraidon\n|move|p2a: Azumarill|Body Slam|p1a: Miraidon\n|-damage|p1a: Miraidon|90\/100\n|\n|-heal|p2a: Azumarill|70\/100|[from] item: Leftovers\n|-heal|p2a: Azumarill|76\/100|[from] Aqua Ring\n|upkeep\n|turn|6\n|\n|t:|1700938196\n|move|p1a: Miraidon|Electro Drift|p2a: Azumarill\n|-supereffective|p2a: Azumarill\n|-damage|p2a: Azumarill|0 fnt\n|faint|p2a: Azumarill\n|-damage|p1a: Miraidon|80\/100|[from] item: Life Orb\n|\n|upkeep\n|\n|t:|1700938203\n|switch|p2a: Gliscor|Gliscor, M|100\/100 tox\n|turn|7\n|\n|t:|1700938210\n|move|p1a: Miraidon|Dragon Pulse|p2a: Gliscor\n|-damage|p2a: Gliscor|0 fnt\n|faint|p2a: Gliscor\n|-damage|p1a: Miraidon|70\/100|[from] item: Life Orb\n|\n|upkeep\n|\n|t:|1700938223\n|switch|p2a: Rabsca|Rabsca, M|100\/100\n|turn|8\n|\n|t:|1700938229\n|move|p1a: Miraidon|Electro Drift|p2a: Rabsca\n|-damage|p2a: Rabsca|20\/100\n|-damage|p1a: Miraidon|60\/100|[from] item: Life Orb\n|move|p2a: Rabsca|Revival Blessing|p2a: Rabsca\n|\n|t:|1700938237\n|-heal|p2: Azumarill|50\/100|[from] move: Revival Blessing\n|\n|upkeep\n|turn|9\n|\n|t:|1700938241\n|move|p1a: Miraidon|Electro Drift|p2a: Rabsca\n|-damage|p2a: Rabsca|0 fnt\n|faint|p2a: Rabsca\n|-damage|p1a: Miraidon|50\/100|[from] item: Life Orb\n|\n|-fieldend|move: Electric Terrain\n|upkeep\n|\n|t:|1700938248\n|switch|p2a: Toxicroak|Toxicroak, M|100\/100\n|turn|10\n|\n|t:|1700938254\n|move|p1a: Miraidon|Electro Drift|p2a: Toxicroak\n|-damage|p2a: Toxicroak|9\/100\n|-damage|p1a: Miraidon|40\/100|[from] item: Life Orb\n|move|p2a: Toxicroak|Toxic|p1a: Miraidon\n|-status|p1a: Miraidon|tox\n|\n|-damage|p1a: Miraidon|34\/100 tox|[from] psn\n|upkeep\n|turn|11\n|\n|t:|1700938265\n|move|p2a: Toxicroak|Bullet Punch|p1a: Miraidon\n|-resisted|p1a: Miraidon\n|-damage|p1a: Miraidon|28\/100 tox\n|move|p1a: Miraidon|Electro Drift|p2a: Toxicroak\n|-damage|p2a: Toxicroak|0 fnt\n|faint|p2a: Toxicroak\n|-damage|p1a: Miraidon|18\/100 tox|[from] item: Life Orb\n|\n|-damage|p1a: Miraidon|6\/100 tox|[from] psn\n|upkeep\n|\n|t:|1700938275\n|switch|p2a: Azumarill|Azumarill, F|50\/100\n|turn|12\n|\n|t:|1700938284\n|switch|p1a: Palafin|Palafin-Hero, M|61\/100\n|-activate|p1a: Palafin|ability: Zero to Hero\n|move|p2a: Azumarill|Draining Kiss|p1a: Palafin\n|-damage|p1a: Palafin|47\/100\n|-heal|p2a: Azumarill|60\/100|[from] drain|[of] p1a: Palafin\n|\n|-heal|p2a: Azumarill|66\/100|[from] item: Leftovers\n|upkeep\n|turn|13\n|\n|t:|1700938294\n|move|p1a: Palafin|Close Combat|p2a: Azumarill\n|-resisted|p2a: Azumarill\n|-damage|p2a: Azumarill|23\/100\n|-unboost|p1a: Palafin|def|1\n|-unboost|p1a: Palafin|spd|1\n|move|p2a: Azumarill|Aqua Ring|p2a: Azumarill\n|-start|p2a: Azumarill|Aqua Ring\n|\n|-heal|p2a: Azumarill|29\/100|[from] item: Leftovers\n|-heal|p2a: Azumarill|36\/100|[from] Aqua Ring\n|upkeep\n|turn|14\n|\n|t:|1700938304\n|switch|p1a: Mewtwo|Mewtwo, shiny|100\/100\n|-ability|p1a: Mewtwo|Pressure\n|move|p2a: Azumarill|Draining Kiss|p1a: Mewtwo\n|-damage|p1a: Mewtwo|88\/100\n|-heal|p2a: Azumarill|44\/100|[from] drain|[of] p1a: Mewtwo\n|\n|-heal|p2a: Azumarill|50\/100|[from] item: Leftovers\n|-heal|p2a: Azumarill|56\/100|[from] Aqua Ring\n|upkeep\n|turn|15\n|\n|t:|1700938328\n|move|p1a: Mewtwo|Blizzard|p2a: Azumarill\n|-resisted|p2a: Azumarill\n|-crit|p2a: Azumarill\n|-damage|p2a: Azumarill|22\/100\n|move|p2a: Azumarill|Draining Kiss|p1a: Mewtwo\n|-crit|p1a: Mewtwo\n|-damage|p1a: Mewtwo|68\/100\n|-heal|p2a: Azumarill|35\/100|[from] drain|[of] p1a: Mewtwo\n|\n|-heal|p2a: Azumarill|41\/100|[from] item: Leftovers\n|-heal|p2a: Azumarill|47\/100|[from] Aqua Ring\n|upkeep\n|turn|16\n|\n|t:|1700938344\n|move|p1a: Mewtwo|Blizzard|p2a: Azumarill|[miss]\n|-miss|p1a: Mewtwo|p2a: Azumarill\n|move|p2a: Azumarill|Draining Kiss|p1a: Mewtwo\n|-damage|p1a: Mewtwo|54\/100\n|-heal|p2a: Azumarill|56\/100|[from] drain|[of] p1a: Mewtwo\n|\n|-heal|p2a: Azumarill|62\/100|[from] item: Leftovers\n|-heal|p2a: Azumarill|68\/100|[from] Aqua Ring\n|upkeep\n|turn|17\n|\n|t:|1700938355\n|switch|p1a: Regieleki|Regieleki, shiny, tera:Ground|100\/100\n|move|p2a: Azumarill|Body Slam|p1a: Regieleki\n|-damage|p1a: Regieleki|80\/100\n|\n|-heal|p2a: Azumarill|75\/100|[from] item: Leftovers\n|-heal|p2a: Azumarill|81\/100|[from] Aqua Ring\n|upkeep\n|turn|18\n|\n|t:|1700938365\n|move|p1a: Regieleki|Thunderbolt|p2a: Azumarill\n|-supereffective|p2a: Azumarill\n|-damage|p2a: Azumarill|0 fnt\n|faint|p2a: Azumarill\n|\n|upkeep\n|\n|t:|1700938369\n|switch|p2a: Basculegion|Basculegion, M|100\/100\n|turn|19\n|\n|t:|1700938373\n|move|p2a: Basculegion|Aqua Jet|p1a: Regieleki\n|-supereffective|p1a: Regieleki\n|-damage|p1a: Regieleki|0 fnt\n|faint|p1a: Regieleki\n|\n|upkeep\n|\n|t:|1700938380\n|switch|p1a: Palafin|Palafin-Hero, M|47\/100\n|turn|20\n|\n|t:|1700938384\n|move|p1a: Palafin|Jet Punch|p2a: Basculegion\n|-resisted|p2a: Basculegion\n|-damage|p2a: Basculegion|61\/100\n|move|p2a: Basculegion|Last Respects|p1a: Palafin\n|-damage|p1a: Palafin|0 fnt\n|faint|p1a: Palafin\n|\n|upkeep\n|\n|t:|1700938397\n|switch|p1a: Gliscor|Gliscor, F, shiny|100\/100\n|turn|21\n|\n|t:|1700938404\n|move|p2a: Basculegion|Aqua Jet|p1a: Gliscor\n|-supereffective|p1a: Gliscor\n|-damage|p1a: Gliscor|52\/100\n|move|p1a: Gliscor|Agility|p1a: Gliscor\n|-boost|p1a: Gliscor|spe|2\n|\n|-status|p1a: Gliscor|tox|[from] item: Toxic Orb\n|upkeep\n|turn|22\n|\n|t:|1700938417\n|move|p2a: Basculegion|Aqua Jet|p1a: Gliscor\n|-supereffective|p1a: Gliscor\n|-damage|p1a: Gliscor|4\/100 tox\n|move|p1a: Gliscor|Earthquake|p2a: Basculegion\n|-damage|p2a: Basculegion|13\/100\n|-enditem|p2a: Basculegion|Aguav Berry|[eat]\n|-heal|p2a: Basculegion|47\/100|[from] item: Aguav Berry\n|\n|-heal|p1a: Gliscor|17\/100 tox|[from] ability: Poison Heal\n|upkeep\n|turn|23\n|\n|t:|1700938426\n|move|p2a: Basculegion|Aqua Jet|p1a: Gliscor\n|-supereffective|p1a: Gliscor\n|-damage|p1a: Gliscor|0 fnt\n|faint|p1a: Gliscor\n|\n|upkeep\n|\n|t:|1700938433\n|switch|p1a: Pawmot|Pawmot, M, shiny|100\/100\n|turn|24\n|\n|t:|1700938436\n|move|p1a: Pawmot|Revival Blessing|p1a: Pawmot\n|-enditem|p1a: Pawmot|Leppa Berry|[eat]\n|-activate|p1a: Pawmot|item: Leppa Berry|Revival Blessing|[consumed]\n|\n|t:|1700938450\n|-heal|p1: Gliscor|50\/100|[from] move: Revival Blessing\n|move|p2a: Basculegion|Last Respects|p1a: Pawmot\n|-damage|p1a: Pawmot|0 fnt\n|faint|p1a: Pawmot\n|\n|upkeep\n|\n|t:|1700938457\n|switch|p1a: Gliscor|Gliscor, F, shiny|50\/100\n|turn|25\n|\n|t:|1700938462\n|move|p2a: Basculegion|Aqua Jet|p1a: Gliscor\n|-supereffective|p1a: Gliscor\n|-damage|p1a: Gliscor|2\/100\n|move|p1a: Gliscor|Knock Off|p2a: Basculegion\n|-supereffective|p2a: Basculegion\n|-damage|p2a: Basculegion|4\/100\n|\n|-status|p1a: Gliscor|tox|[from] item: Toxic Orb\n|upkeep\n|turn|26\n|\n|t:|1700938475\n|move|p2a: Basculegion|Aqua Jet|p1a: Gliscor\n|-supereffective|p1a: Gliscor\n|-damage|p1a: Gliscor|0 fnt\n|faint|p1a: Gliscor\n|\n|upkeep\n|\n|t:|1700938480\n|switch|p1a: Mewtwo|Mewtwo, shiny|54\/100\n|-ability|p1a: Mewtwo|Pressure\n|turn|27\n|\n|t:|1700938501\n|move|p1a: Mewtwo|Aura Sphere|p2a: Basculegion\n|-immune|p2a: Basculegion\n|move|p2a: Basculegion|Last Respects|p1a: Mewtwo\n|-supereffective|p1a: Mewtwo\n|-damage|p1a: Mewtwo|0 fnt\n|faint|p1a: Mewtwo\n|\n|upkeep\n|\n|t:|1700938510\n|switch|p1a: Miraidon|Miraidon|6\/100 tox\n|-fieldstart|move: Electric Terrain|[from] ability: Hadron Engine|[of] p1a: Miraidon\n|turn|28\n|\n|t:|1700938521\n|move|p2a: Basculegion|Aqua Jet|p1a: Miraidon\n|-resisted|p1a: Miraidon\n|-damage|p1a: Miraidon|0 fnt\n|faint|p1a: Miraidon\n|\n|win|cubecrow\n|raw|chinaiscool's rating: 1074 &rarr; <strong>1051<\/strong><br \/>(-23 for losing)\n|raw|cubecrow's rating: 1043 &rarr; <strong>1080<\/strong><br \/>(+37 for winning)\n|c|\u2606cubecrow|gg\n|c|\u2606chinaiscool|gg\n","uploadtime":1700938529,"views":20,"p1id":"chinaiscool","p2id":"cubecrow","formatid":"gen9ubers","rating":1051,"private":0,"password":""}