{"id":"gen9ubers-1987244637","p1":"Anne Frankkkk","p2":"Ex0tic_s0da","format":"[Gen 9] Ubers","log":"|j|\u2606Anne Frankkkk\n|j|\u2606Ex0tic_s0da\n|t:|1699568893\n|gametype|singles\n|player|p1|Anne Frankkkk|hilbert|1114\n|player|p2|Ex0tic_s0da|n|1054\n|teamsize|p1|6\n|teamsize|p2|6\n|gen|9\n|tier|[Gen 9] Ubers\n|rated|\n|rule|Sleep Clause Mod: Limit one foe put to sleep\n|rule|Species Clause: Limit one of each Pok\u00e9mon\n|rule|OHKO Clause: OHKO moves are banned\n|rule|Evasion Items Clause: Evasion items are banned\n|rule|Evasion Moves Clause: Evasion moves are banned\n|rule|Endless Battle Clause: Forcing endless battles is banned\n|rule|HP Percentage Mod: HP is shown in percentages\n|clearpoke\n|poke|p1|Iron Hands|\n|poke|p1|Kyogre|\n|poke|p1|Chien-Pao|\n|poke|p1|Ribombee, F|\n|poke|p1|Miraidon|\n|poke|p1|Flutter Mane|\n|poke|p2|Breloom, M|\n|poke|p2|Ambipom, F|\n|poke|p2|Maushold|\n|poke|p2|Persian, M|\n|poke|p2|Kricketune, F|\n|poke|p2|Scizor, F|\n|teampreview\n|\n|t:|1699568898\n|start\n|switch|p1a: Big Boy|Iron Hands, shiny|100\/100\n|switch|p2a: Maushold|Maushold|100\/100\n|turn|1\n|inactive|Battle timer is ON: inactive players will automatically lose when time's up. (requested by Anne Frankkkk)\n|inactive|Ex0tic_s0da also wants the timer to be on.\n|\n|t:|1699568905\n|move|p1a: Big Boy|Fake Out|p2a: Maushold\n|-damage|p2a: Maushold|75\/100\n|cant|p2a: Maushold|flinch\n|\n|upkeep\n|turn|2\n|\n|t:|1699568911\n|move|p2a: Maushold|Tidy Up|p2a: Maushold\n|-boost|p2a: Maushold|atk|1\n|-boost|p2a: Maushold|spe|1\n|move|p1a: Big Boy|Drain Punch|p2a: Maushold\n|-supereffective|p2a: Maushold\n|-damage|p2a: Maushold|0 fnt\n|faint|p2a: Maushold\n|\n|upkeep\n|\n|t:|1699568920\n|switch|p2a: Persian|Persian, M|100\/100\n|turn|3\n|\n|t:|1699568925\n|move|p2a: Persian|Fake Out|p1a: Big Boy\n|-damage|p1a: Big Boy|82\/100\n|cant|p1a: Big Boy|flinch\n|\n|upkeep\n|turn|4\n|\n|t:|1699568931\n|move|p2a: Persian|Body Slam|p1a: Big Boy\n|-damage|p1a: Big Boy|59\/100\n|move|p1a: Big Boy|Drain Punch|p2a: Persian\n|-supereffective|p2a: Persian\n|-damage|p2a: Persian|0 fnt\n|-heal|p1a: Big Boy|86\/100|[from] drain|[of] p2a: Persian\n|faint|p2a: Persian\n|\n|upkeep\n|\n|t:|1699568944\n|switch|p2a: Kricketune|Kricketune, F|100\/100\n|turn|5\n|\n|t:|1699568949\n|-end|p1a: Big Boy|Quark Drive|[silent]\n|switch|p1a: Ice Cat|Chien-Pao|100\/100\n|-ability|p1a: Ice Cat|Sword of Ruin\n|move|p2a: Kricketune|Sticky Web|p1a: Ice Cat\n|-sidestart|p1: Anne Frankkkk|move: Sticky Web\n|\n|upkeep\n|turn|6\n|\n|t:|1699568958\n|move|p1a: Ice Cat|Ice Spinner|p2a: Kricketune\n|-damage|p2a: Kricketune|28\/100\n|move|p2a: Kricketune|Fury Cutter|p1a: Ice Cat\n|-supereffective|p1a: Ice Cat\n|-damage|p1a: Ice Cat|49\/100\n|\n|upkeep\n|turn|7\n|\n|t:|1699568966\n|move|p1a: Ice Cat|Ice Spinner|p2a: Kricketune\n|-damage|p2a: Kricketune|0 fnt\n|faint|p2a: Kricketune\n|\n|upkeep\n|\n|t:|1699568973\n|switch|p2a: Scizor|Scizor, F|100\/100\n|turn|8\n|\n|t:|1699568978\n|move|p1a: Ice Cat|Sucker Punch|p2a: Scizor\n|-damage|p2a: Scizor|49\/100\n|move|p2a: Scizor|Bullet Punch|p1a: Ice Cat\n|-supereffective|p1a: Ice Cat\n|-damage|p1a: Ice Cat|0 fnt\n|faint|p1a: Ice Cat\n|\n|upkeep\n|\n|t:|1699568982\n|switch|p1a: Big Boy|Iron Hands, shiny|86\/100\n|-activate|p1a: Big Boy|move: Sticky Web\n|-unboost|p1a: Big Boy|spe|1\n|turn|9\n|\n|t:|1699568992\n|move|p1a: Big Boy|Fake Out|p2a: Scizor\n|-resisted|p2a: Scizor\n|-damage|p2a: Scizor|41\/100\n|cant|p2a: Scizor|flinch\n|\n|upkeep\n|turn|10\n|\n|t:|1699568998\n|move|p2a: Scizor|Trailblaze|p1a: Big Boy\n|-damage|p1a: Big Boy|71\/100\n|-boost|p2a: Scizor|spe|1\n|move|p1a: Big Boy|Drain Punch|p2a: Scizor\n|-damage|p2a: Scizor|0 fnt\n|-heal|p1a: Big Boy|82\/100|[from] drain|[of] p2a: Scizor\n|faint|p2a: Scizor\n|\n|upkeep\n|\n|t:|1699569011\n|switch|p2a: Ambipom|Ambipom, F|100\/100\n|turn|11\n|\n|t:|1699569025\n|move|p2a: Ambipom|Fake Out|p1a: Big Boy\n|-damage|p1a: Big Boy|61\/100\n|cant|p1a: Big Boy|flinch\n|\n|upkeep\n|turn|12\n|\n|t:|1699569031\n|move|p2a: Ambipom|Double Hit|p1a: Big Boy\n|-damage|p1a: Big Boy|42\/100\n|-damage|p1a: Big Boy|24\/100\n|-hitcount|p1a: Big Boy|2\n|move|p1a: Big Boy|Drain Punch|p2a: Ambipom\n|-supereffective|p2a: Ambipom\n|-damage|p2a: Ambipom|0 fnt\n|-heal|p1a: Big Boy|53\/100|[from] drain|[of] p2a: Ambipom\n|faint|p2a: Ambipom\n|\n|upkeep\n|\n|t:|1699569042\n|switch|p2a: Breloom|Breloom, M, shiny|100\/100\n|turn|13\n|\n|t:|1699569046\n|move|p2a: Breloom|Swords Dance|p2a: Breloom\n|-boost|p2a: Breloom|atk|2\n|move|p1a: Big Boy|Drain Punch|p2a: Breloom\n|-damage|p2a: Breloom|27\/100\n|-heal|p1a: Big Boy|72\/100|[from] drain|[of] p2a: Breloom\n|\n|upkeep\n|turn|14\n|\n|t:|1699569054\n|move|p2a: Breloom|Bullet Seed|p1a: Big Boy\n|-damage|p1a: Big Boy|39\/100\n|-damage|p1a: Big Boy|1\/100\n|-crit|p1a: Big Boy\n|-damage|p1a: Big Boy|0 fnt\n|faint|p1a: Big Boy\n|-end|p1a: Big Boy|Quark Drive|[silent]\n|-hitcount|p1: Big Boy|3\n|-damage|p2a: Breloom|17\/100|[from] item: Life Orb\n|\n|upkeep\n|\n|t:|1699569057\n|switch|p1a: Moonblast|Ribombee, F, shiny|100\/100\n|-activate|p1a: Moonblast|move: Sticky Web\n|-unboost|p1a: Moonblast|spe|1\n|turn|15\n|\n|t:|1699569067\n|move|p1a: Moonblast|Moonblast|p2a: Breloom\n|-supereffective|p2a: Breloom\n|-damage|p2a: Breloom|0 fnt\n|faint|p2a: Breloom\n|\n|win|Anne Frankkkk\n|raw|Anne Frankkkk's rating: 1114 &rarr; <strong>1135<\/strong><br \/>(+21 for winning)\n|raw|Ex0tic_s0da's rating: 1054 &rarr; <strong>1039<\/strong><br \/>(-15 for losing)\n|l|\u2606Ex0tic_s0da\n","uploadtime":1699569086,"views":9,"p1id":"annefrankkkk","p2id":"ex0tics0da","formatid":"gen9ubers","rating":1039,"private":0,"password":""}