{"id":"gen9ubers-1989195865","p1":"bennymbs","p2":"babynogalXD","format":"[Gen 9] Ubers","log":"|j|\u2606bennymbs\n|j|\u2606babynogalXD\n|t:|1699822261\n|gametype|singles\n|player|p1|bennymbs|mina|\n|player|p2|babynogalXD|ethan|\n|teamsize|p1|6\n|teamsize|p2|6\n|gen|9\n|tier|[Gen 9] Ubers\n|rule|Sleep Clause Mod: Limit one foe put to sleep\n|rule|Species Clause: Limit one of each Pok\u00e9mon\n|rule|OHKO Clause: OHKO moves are banned\n|rule|Evasion Items Clause: Evasion items are banned\n|rule|Evasion Moves Clause: Evasion moves are banned\n|rule|Endless Battle Clause: Forcing endless battles is banned\n|rule|HP Percentage Mod: HP is shown in percentages\n|clearpoke\n|poke|p1|Cyclizar, M|\n|poke|p1|Zacian-*|\n|poke|p1|Magearna|\n|poke|p1|Palkia-Origin|\n|poke|p1|Arceus-Fire|\n|poke|p1|Jirachi|\n|poke|p2|Gholdengo|\n|poke|p2|Urshifu-*, M|\n|poke|p2|Landorus, M|\n|poke|p2|Masquerain, M|\n|poke|p2|Arceus-Grass|\n|poke|p2|Chi-Yu|\n|teampreview\n|inactive|Battle timer is ON: inactive players will automatically lose when time's up. (requested by bennymbs)\n|inactive|bennymbs has 270 seconds left.\n|\n|t:|1699822313\n|start\n|switch|p1a: My GOAT|Cyclizar, M|100\/100\n|switch|p2a: Masquerain|Masquerain, M|100\/100\n|-ability|p2a: Masquerain|Intimidate|boost\n|-unboost|p1a: My GOAT|atk|1\n|turn|1\n|\n|t:|1699822318\n|move|p1a: My GOAT|Shed Tail|p1a: My GOAT\n|-start|p1a: My GOAT|Substitute|[from] move: Shed Tail\n|-damage|p1a: My GOAT|50\/100\n|\n|t:|1699822323\n|switch|p1a: Yours truly|Magearna|100\/100|[from] Shed Tail\n|move|p2a: Masquerain|Sticky Web|p1a: Yours truly\n|-sidestart|p1: bennymbs|move: Sticky Web\n|\n|upkeep\n|turn|2\n|\n|t:|1699822330\n|move|p2a: Masquerain|Bug Buzz|p1a: Yours truly\n|-resisted|p1a: Yours truly\n|-damage|p1a: Yours truly|93\/100\n|move|p1a: Yours truly|Shift Gear|p1a: Yours truly\n|-boost|p1a: Yours truly|spe|2\n|-boost|p1a: Yours truly|atk|1\n|\n|-heal|p1a: Yours truly|99\/100|[from] item: Leftovers\n|upkeep\n|turn|3\n|\n|t:|1699822334\n|move|p1a: Yours truly|Calm Mind|p1a: Yours truly\n|-boost|p1a: Yours truly|spa|1\n|-boost|p1a: Yours truly|spd|1\n|move|p2a: Masquerain|Haze|p2a: Masquerain\n|-clearallboost\n|\n|-heal|p1a: Yours truly|100\/100|[from] item: Leftovers\n|upkeep\n|turn|4\n|\n|t:|1699822339\n|move|p2a: Masquerain|Haze|p2a: Masquerain\n|-clearallboost\n|move|p1a: Yours truly|Shift Gear|p1a: Yours truly\n|-boost|p1a: Yours truly|spe|2\n|-boost|p1a: Yours truly|atk|1\n|\n|upkeep\n|turn|5\n|\n|t:|1699822343\n|move|p1a: Yours truly|Stored Power|p2a: Masquerain\n|-damage|p2a: Masquerain|59\/100\n|move|p2a: Masquerain|Haze|p2a: Masquerain\n|-clearallboost\n|\n|upkeep\n|turn|6\n|\n|t:|1699822358\n|switch|p2a: Landorus|Landorus, M|100\/100\n|move|p1a: Yours truly|Shift Gear|p1a: Yours truly\n|-boost|p1a: Yours truly|spe|2\n|-boost|p1a: Yours truly|atk|1\n|\n|upkeep\n|turn|7\n|\n|t:|1699822366\n|move|p1a: Yours truly|Shift Gear|p1a: Yours truly\n|-boost|p1a: Yours truly|spe|2\n|-boost|p1a: Yours truly|atk|1\n|move|p2a: Landorus|Earth Power|p1a: Yours truly\n|-supereffective|p1a: Yours truly\n|-end|p1a: Yours truly|Substitute\n|\n|upkeep\n|turn|8\n|\n|t:|1699822374\n|switch|p2a: Gholdengo|Gholdengo|100\/100\n|-terastallize|p1a: Yours truly|Water\n|move|p1a: Yours truly|Stored Power|p2a: Gholdengo\n|-resisted|p2a: Gholdengo\n|-damage|p2a: Gholdengo|71\/100\n|\n|upkeep\n|turn|9\n|\n|t:|1699822378\n|move|p1a: Yours truly|Calm Mind|p1a: Yours truly\n|-boost|p1a: Yours truly|spa|1\n|-boost|p1a: Yours truly|spd|1\n|move|p2a: Gholdengo|Trick|p1a: Yours truly\n|-activate|p2a: Gholdengo|move: Trick|[of] p1a: Yours truly\n|-item|p1a: Yours truly|Choice Scarf|[from] move: Trick\n|-item|p2a: Gholdengo|Leftovers|[from] move: Trick\n|\n|-heal|p2a: Gholdengo|77\/100|[from] item: Leftovers\n|upkeep\n|turn|10\n|\n|t:|1699822386\n|move|p1a: Yours truly|Fleur Cannon|p2a: Gholdengo\n|-resisted|p2a: Gholdengo\n|-damage|p2a: Gholdengo|18\/100\n|-unboost|p1a: Yours truly|spa|2\n|move|p2a: Gholdengo|Recover|p2a: Gholdengo\n|-heal|p2a: Gholdengo|68\/100\n|\n|-heal|p2a: Gholdengo|74\/100|[from] item: Leftovers\n|upkeep\n|turn|11\n|\n|t:|1699822394\n|switch|p1a: Oh Moon and Star|Jirachi|100\/100\n|-activate|p1a: Oh Moon and Star|move: Sticky Web\n|-unboost|p1a: Oh Moon and Star|spe|1\n|move|p2a: Gholdengo|Make It Rain|p1a: Oh Moon and Star\n|-resisted|p1a: Oh Moon and Star\n|-damage|p1a: Oh Moon and Star|71\/100\n|-unboost|p2a: Gholdengo|spa|1\n|\n|-heal|p2a: Gholdengo|80\/100|[from] item: Leftovers\n|upkeep\n|turn|12\n|\n|t:|1699822405\n|switch|p2a: Masquerain|Masquerain, M|59\/100\n|-ability|p2a: Masquerain|Intimidate|boost\n|-unboost|p1a: Oh Moon and Star|atk|1\n|move|p1a: Oh Moon and Star|Iron Head|p2a: Masquerain\n|-damage|p2a: Masquerain|19\/100\n|\n|upkeep\n|turn|13\n|\n|t:|1699822414\n|move|p1a: Oh Moon and Star|Iron Head|p2a: Masquerain\n|-damage|p2a: Masquerain|0 fnt\n|faint|p2a: Masquerain\n|\n|upkeep\n|\n|t:|1699822443\n|switch|p2a: Arceus|Arceus-Grass|100\/100\n|turn|14\n|\n|t:|1699822452\n|switch|p1a: My GOAT|Cyclizar, M|84\/100\n|move|p2a: Arceus|Calm Mind|p2a: Arceus\n|-boost|p2a: Arceus|spa|1\n|-boost|p2a: Arceus|spd|1\n|\n|upkeep\n|turn|15\n|\n|t:|1699822457\n|switch|p2a: Gholdengo|Gholdengo|80\/100\n|move|p1a: My GOAT|Rapid Spin|p2a: Gholdengo\n|-immune|p2a: Gholdengo\n|\n|-heal|p2a: Gholdengo|86\/100|[from] item: Leftovers\n|upkeep\n|turn|16\n|\n|t:|1699822485\n|move|p1a: My GOAT|Shed Tail|p1a: My GOAT\n|-start|p1a: My GOAT|Substitute|[from] move: Shed Tail\n|-damage|p1a: My GOAT|34\/100\n|\n|t:|1699822492\n|switch|p1a: HitsHydro3\/8|Palkia-Origin|100\/100|[from] Shed Tail\n|-activate|p1a: HitsHydro3\/8|move: Sticky Web\n|-unboost|p1a: HitsHydro3\/8|spe|1\n|-ability|p1a: HitsHydro3\/8|Pressure\n|move|p2a: Gholdengo|Shadow Ball|p1a: HitsHydro3\/8\n|-end|p1a: HitsHydro3\/8|Substitute\n|\n|-heal|p2a: Gholdengo|92\/100|[from] item: Leftovers\n|upkeep\n|turn|17\n|\n|t:|1699822508\n|switch|p2a: Arceus|Arceus-Grass|100\/100\n|move|p1a: HitsHydro3\/8|Hydro Pump|p2a: Arceus\n|-resisted|p2a: Arceus\n|-damage|p2a: Arceus|75\/100\n|\n|upkeep\n|turn|18\n|\n|t:|1699822521\n|switch|p1a: Oh Moon and Star|Jirachi|71\/100\n|-activate|p1a: Oh Moon and Star|move: Sticky Web\n|-unboost|p1a: Oh Moon and Star|spe|1\n|move|p2a: Arceus|Judgment|p1a: Oh Moon and Star\n|-resisted|p1a: Oh Moon and Star\n|-damage|p1a: Oh Moon and Star|44\/100\n|\n|upkeep\n|turn|19\n|\n|t:|1699822526\n|move|p2a: Arceus|Calm Mind|p2a: Arceus\n|-boost|p2a: Arceus|spa|1\n|-boost|p2a: Arceus|spd|1\n|move|p1a: Oh Moon and Star|U-turn|p2a: Arceus\n|-supereffective|p2a: Arceus\n|-damage|p2a: Arceus|50\/100\n|\n|t:|1699822533\n|switch|p1a: My GOAT|Cyclizar, M|67\/100|[from] U-turn\n|\n|upkeep\n|turn|20\n|\n|t:|1699822541\n|switch|p2a: Gholdengo|Gholdengo|92\/100\n|move|p1a: My GOAT|Knock Off|p2a: Gholdengo\n|-supereffective|p2a: Gholdengo\n|-damage|p2a: Gholdengo|46\/100\n|-enditem|p2a: Gholdengo|Leftovers|[from] move: Knock Off|[of] p1a: My GOAT\n|\n|upkeep\n|turn|21\n|\n|t:|1699822559\n|move|p1a: My GOAT|Overheat|p2a: Gholdengo\n|-supereffective|p2a: Gholdengo\n|-damage|p2a: Gholdengo|0 fnt\n|-unboost|p1a: My GOAT|spa|2\n|faint|p2a: Gholdengo\n|\n|upkeep\n|inactive|babynogalXD has 270 seconds left.\n|c|\u2606bennymbs|Interesting, right?\n|\n|t:|1699822587\n|switch|p2a: Arceus|Arceus-Grass|50\/100\n|turn|22\n|c|\u2606bennymbs|Exactly 100 Sp. Atk investment makes it a guaranteed 1HKO\n|c|\u2606bennymbs|After Knock\n|\n|t:|1699822612\n|move|p1a: My GOAT|Rapid Spin|p2a: Arceus\n|-damage|p2a: Arceus|39\/100\n|-boost|p1a: My GOAT|spe|1\n|-sideend|p1: bennymbs|Sticky Web|[from] move: Rapid Spin|[of] p1a: My GOAT\n|move|p2a: Arceus|Recover|p2a: Arceus\n|-heal|p2a: Arceus|89\/100\n|\n|upkeep\n|turn|23\n|inactive|babynogalXD has 270 seconds left.\n|inactive|babynogalXD has 240 seconds left.\n|inactive|babynogalXD has 210 seconds left.\n|\n|t:|1699822708\n|move|p1a: My GOAT|Shed Tail|p1a: My GOAT\n|-start|p1a: My GOAT|Substitute|[from] move: Shed Tail\n|-damage|p1a: My GOAT|17\/100\n|\n|t:|1699822718\n|switch|p1a: ThisGirlisOnFire|Arceus-Fire|100\/100|[from] Shed Tail\n|move|p2a: Arceus|Calm Mind|p2a: Arceus\n|-boost|p2a: Arceus|spa|1\n|-boost|p2a: Arceus|spd|1\n|\n|upkeep\n|turn|24\n|\n|t:|1699822721\n|move|p2a: Arceus|Earth Power|p1a: ThisGirlisOnFire\n|-supereffective|p1a: ThisGirlisOnFire\n|-end|p1a: ThisGirlisOnFire|Substitute\n|move|p1a: ThisGirlisOnFire|Dragon Dance|p1a: ThisGirlisOnFire\n|-boost|p1a: ThisGirlisOnFire|atk|1\n|-boost|p1a: ThisGirlisOnFire|spe|1\n|\n|upkeep\n|turn|25\n|inactive|babynogalXD has 210 seconds left.\n|\n|t:|1699822736\n|-terastallize|p2a: Arceus|Ground\n|move|p1a: ThisGirlisOnFire|Flare Blitz|p2a: Arceus\n|-damage|p2a: Arceus|9\/100\n|-damage|p1a: ThisGirlisOnFire|71\/100|[from] Recoil\n|move|p2a: Arceus|Earth Power|p1a: ThisGirlisOnFire\n|-supereffective|p1a: ThisGirlisOnFire\n|-damage|p1a: ThisGirlisOnFire|0 fnt\n|faint|p1a: ThisGirlisOnFire\n|\n|upkeep\n|\n|t:|1699822746\n|switch|p1a: Oh Moon and Star|Jirachi|44\/100\n|turn|26\n|\n|t:|1699822756\n|move|p1a: Oh Moon and Star|U-turn|p2a: Arceus\n|-damage|p2a: Arceus|0 fnt\n|faint|p2a: Arceus\n|\n|t:|1699822758\n|switch|p1a: My GOAT|Cyclizar, M|50\/100|[from] U-turn\n|\n|upkeep\n|\n|t:|1699822769\n|switch|p2a: Urshifu|Urshifu, M|100\/100\n|turn|27\n|\n|t:|1699822776\n|switch|p1a: Oh Moon and Star|Jirachi|44\/100\n|move|p2a: Urshifu|Wicked Blow|p1a: Oh Moon and Star\n|-supereffective|p1a: Oh Moon and Star\n|-crit|p1a: Oh Moon and Star\n|-damage|p1a: Oh Moon and Star|0 fnt\n|faint|p1a: Oh Moon and Star\n|\n|upkeep\n|\n|t:|1699822788\n|switch|p1a: Yours truly|Magearna, tera:Water|100\/100\n|turn|28\n|\n|t:|1699822797\n|move|p1a: Yours truly|Fleur Cannon|p2a: Urshifu\n|-supereffective|p2a: Urshifu\n|-damage|p2a: Urshifu|0 fnt\n|-unboost|p1a: Yours truly|spa|2\n|faint|p2a: Urshifu\n|-ability|p1a: Yours truly|Soul-Heart|boost\n|-boost|p1a: Yours truly|spa|1\n|\n|upkeep\n|-message|babynogalXD forfeited.\n|\n|win|bennymbs\n|c|\u2606bennymbs|Gg\n","uploadtime":1699822808,"views":18,"p1id":"bennymbs","p2id":"babynogalxd","formatid":"gen9ubers","rating":0,"private":0,"password":""}