{"id":"gen9ubers-1983425044","p1":"austinerzs","p2":"smithdvan","format":"[Gen 9] Ubers","log":"|j|\u2606austinerzs\n|j|\u2606smithdvan\n|t:|1699128767\n|gametype|singles\n|player|p1|austinerzs|pokefan|\n|player|p2|smithdvan|266|\n|teamsize|p1|6\n|teamsize|p2|6\n|gen|9\n|tier|[Gen 9] Ubers\n|rule|Sleep Clause Mod: Limit one foe put to sleep\n|rule|Species Clause: Limit one of each Pok\u00e9mon\n|rule|OHKO Clause: OHKO moves are banned\n|rule|Evasion Items Clause: Evasion items are banned\n|rule|Evasion Moves Clause: Evasion moves are banned\n|rule|Endless Battle Clause: Forcing endless battles is banned\n|rule|HP Percentage Mod: HP is shown in percentages\n|clearpoke\n|poke|p1|Garchomp, M|\n|poke|p1|Gholdengo|\n|poke|p1|Meowscarada, M|\n|poke|p1|Magearna|\n|poke|p1|Zacian-*|\n|poke|p1|Cyclizar, M|\n|poke|p2|Chi-Yu|\n|poke|p2|Urshifu-*, M|\n|poke|p2|Rillaboom, F|\n|poke|p2|Sneasler, M|\n|poke|p2|Magearna|\n|poke|p2|Iron Valiant|\n|teampreview\n|inactive|Battle timer is ON: inactive players will automatically lose when time's up. (requested by smithdvan)\n|c|\u2606austinerzs|glhf\n|\n|t:|1699128787\n|start\n|switch|p1a: Meowscarada|Meowscarada, M|100\/100\n|switch|p2a: Rillaboom|Rillaboom, F|100\/100\n|-fieldstart|move: Grassy Terrain|[from] ability: Grassy Surge|[of] p2a: Rillaboom\n|turn|1\n|\n|t:|1699128793\n|move|p1a: Meowscarada|Spikes|p2a: Rillaboom\n|-start|p1a: Meowscarada|typechange|Ground|[from] ability: Protean\n|-sidestart|p2: smithdvan|Spikes\n|move|p2a: Rillaboom|Drain Punch|p1a: Meowscarada\n|-crit|p1a: Meowscarada\n|-damage|p1a: Meowscarada|33\/100\n|\n|-heal|p1a: Meowscarada|39\/100|[from] Grassy Terrain\n|upkeep\n|turn|2\n|c|\u2606smithdvan|glhf\n|\n|t:|1699128810\n|move|p1a: Meowscarada|Knock Off|p2a: Rillaboom\n|-damage|p2a: Rillaboom|74\/100\n|-enditem|p2a: Rillaboom|Choice Band|[from] move: Knock Off|[of] p1a: Meowscarada\n|move|p2a: Rillaboom|Drain Punch|p1a: Meowscarada\n|-crit|p1a: Meowscarada\n|-damage|p1a: Meowscarada|0 fnt\n|-heal|p2a: Rillaboom|94\/100|[from] drain|[of] p1a: Meowscarada\n|faint|p1a: Meowscarada\n|\n|-heal|p2a: Rillaboom|99\/100|[from] Grassy Terrain\n|upkeep\n|\n|t:|1699128822\n|switch|p1a: Zacian|Zacian|100\/100\n|-ability|p1a: Zacian|Intrepid Sword|boost\n|-boost|p1a: Zacian|atk|1\n|turn|3\n|\n|t:|1699128840\n|move|p1a: Zacian|Play Rough|p2a: Rillaboom\n|-damage|p2a: Rillaboom|0 fnt\n|faint|p2a: Rillaboom\n|\n|upkeep\n|\n|t:|1699128843\n|switch|p2a: Sneasler|Sneasler, M|100\/100\n|-damage|p2a: Sneasler|88\/100|[from] Spikes\n|-enditem|p2a: Sneasler|Grassy Seed\n|-boost|p2a: Sneasler|def|1|[from] item: Grassy Seed\n|turn|4\n|\n|t:|1699128847\n|-terastallize|p1a: Zacian|Ground\n|move|p2a: Sneasler|Fake Out|p1a: Zacian\n|-damage|p1a: Zacian|86\/100\n|cant|p1a: Zacian|flinch\n|\n|-heal|p2a: Sneasler|94\/100|[from] Grassy Terrain\n|-heal|p1a: Zacian|92\/100|[from] Grassy Terrain\n|upkeep\n|turn|5\n|\n|t:|1699128867\n|switch|p2a: Urshifu|Urshifu-Rapid-Strike, M|100\/100\n|-damage|p2a: Urshifu|88\/100|[from] Spikes\n|switch|p1a: Gholdengo|Gholdengo|100\/100\n|-item|p1a: Gholdengo|Air Balloon\n|\n|-heal|p2a: Urshifu|94\/100|[from] Grassy Terrain\n|-heal|p2a: Urshifu|100\/100|[from] item: Leftovers\n|-fieldend|move: Grassy Terrain\n|upkeep\n|turn|6\n|\n|t:|1699128877\n|move|p2a: Urshifu|Swords Dance|p2a: Urshifu\n|-boost|p2a: Urshifu|atk|2\n|move|p1a: Gholdengo|Nasty Plot|p1a: Gholdengo\n|-boost|p1a: Gholdengo|spa|2\n|\n|upkeep\n|turn|7\n|\n|t:|1699128886\n|move|p2a: Urshifu|Surging Strikes|p1a: Gholdengo\n|-crit|p1a: Gholdengo\n|-damage|p1a: Gholdengo|73\/100\n|-enditem|p1a: Gholdengo|Air Balloon\n|-crit|p1a: Gholdengo\n|-damage|p1a: Gholdengo|47\/100\n|-crit|p1a: Gholdengo\n|-damage|p1a: Gholdengo|21\/100\n|-hitcount|p1a: Gholdengo|3\n|move|p1a: Gholdengo|Shadow Ball|p2a: Urshifu\n|-damage|p2a: Urshifu|0 fnt\n|faint|p2a: Urshifu\n|\n|upkeep\n|\n|t:|1699128914\n|switch|p2a: Magearna|Magearna|100\/100\n|-damage|p2a: Magearna|88\/100|[from] Spikes\n|turn|8\n|\n|t:|1699128927\n|move|p1a: Gholdengo|Recover|p1a: Gholdengo\n|-heal|p1a: Gholdengo|71\/100\n|move|p2a: Magearna|Shadow Ball|p1a: Gholdengo\n|-supereffective|p1a: Gholdengo\n|-damage|p1a: Gholdengo|15\/100\n|-unboost|p1a: Gholdengo|spd|1\n|\n|upkeep\n|turn|9\n|\n|t:|1699128933\n|move|p1a: Gholdengo|Make It Rain|p2a: Magearna\n|-damage|p2a: Magearna|30\/100\n|-unboost|p1a: Gholdengo|spa|1\n|move|p2a: Magearna|Shadow Ball|p1a: Gholdengo\n|-supereffective|p1a: Gholdengo\n|-damage|p1a: Gholdengo|0 fnt\n|faint|p1a: Gholdengo\n|-ability|p2a: Magearna|Soul-Heart|boost\n|-boost|p2a: Magearna|spa|1\n|\n|upkeep\n|\n|t:|1699128940\n|switch|p1a: Zacian|Zacian, tera:Ground|92\/100\n|turn|10\n|\n|t:|1699128958\n|move|p1a: Zacian|Tera Blast|p2a: Magearna|[anim] Tera Blast Ground\n|-supereffective|p2a: Magearna\n|-damage|p2a: Magearna|0 fnt\n|faint|p2a: Magearna\n|\n|upkeep\n|\n|t:|1699128967\n|switch|p2a: Iron Valiant|Iron Valiant|100\/100\n|-damage|p2a: Iron Valiant|88\/100|[from] Spikes\n|-enditem|p2a: Iron Valiant|Booster Energy\n|-activate|p2a: Iron Valiant|ability: Quark Drive|[fromitem]\n|-start|p2a: Iron Valiant|quarkdrivespe\n|turn|11\n|\n|t:|1699128974\n|switch|p1a: Garchomp|Garchomp, M|100\/100\n|-terastallize|p2a: Iron Valiant|Fairy\n|move|p2a: Iron Valiant|Calm Mind|p2a: Iron Valiant\n|-boost|p2a: Iron Valiant|spa|1\n|-boost|p2a: Iron Valiant|spd|1\n|\n|upkeep\n|turn|12\n|\n|t:|1699128985\n|move|p2a: Iron Valiant|Moonblast|p1a: Garchomp\n|-supereffective|p1a: Garchomp\n|-damage|p1a: Garchomp|0 fnt\n|faint|p1a: Garchomp\n|\n|upkeep\n|\n|t:|1699128989\n|switch|p1a: Magearna|Magearna|100\/100\n|turn|13\n|\n|t:|1699129004\n|move|p2a: Iron Valiant|Aura Sphere|p1a: Magearna\n|-damage|p1a: Magearna|47\/100\n|move|p1a: Magearna|Thunder Wave|p2a: Iron Valiant\n|-status|p2a: Iron Valiant|par\n|\n|-heal|p1a: Magearna|53\/100|[from] item: Leftovers\n|upkeep\n|turn|14\n|\n|t:|1699129009\n|move|p2a: Iron Valiant|Aura Sphere|p1a: Magearna\n|-damage|p1a: Magearna|5\/100\n|move|p1a: Magearna|Fleur Cannon|p2a: Iron Valiant\n|-damage|p2a: Iron Valiant|18\/100 par\n|-unboost|p1a: Magearna|spa|2\n|\n|-heal|p1a: Magearna|11\/100|[from] item: Leftovers\n|upkeep\n|turn|15\n|\n|t:|1699129021\n|move|p2a: Iron Valiant|Moonblast|p1a: Magearna\n|-resisted|p1a: Magearna\n|-damage|p1a: Magearna|0 fnt\n|faint|p1a: Magearna\n|\n|upkeep\n|\n|t:|1699129023\n|switch|p1a: Zacian|Zacian, tera:Ground|92\/100\n|turn|16\n|\n|t:|1699129027\n|move|p1a: Zacian|Tera Blast|p2a: Iron Valiant|[anim] Tera Blast Ground\n|-damage|p2a: Iron Valiant|0 fnt\n|faint|p2a: Iron Valiant\n|-end|p2a: Iron Valiant|Quark Drive|[silent]\n|\n|upkeep\n|\n|t:|1699129032\n|switch|p2a: Sneasler|Sneasler, M|94\/100\n|-damage|p2a: Sneasler|82\/100|[from] Spikes\n|turn|17\n|\n|t:|1699129035\n|move|p2a: Sneasler|Fake Out|p1a: Zacian\n|-damage|p1a: Zacian|79\/100\n|cant|p1a: Zacian|flinch\n|\n|upkeep\n|turn|18\n|\n|t:|1699129059\n|move|p1a: Zacian|Tera Blast|p2a: Sneasler|[anim] Tera Blast Ground\n|-supereffective|p2a: Sneasler\n|-damage|p2a: Sneasler|0 fnt\n|faint|p2a: Sneasler\n|\n|upkeep\n|\n|t:|1699129061\n|switch|p2a: Chi-Yu|Chi-Yu|100\/100\n|-damage|p2a: Chi-Yu|88\/100|[from] Spikes\n|-ability|p2a: Chi-Yu|Beads of Ruin\n|turn|19\n|\n|t:|1699129064\n|move|p1a: Zacian|Tera Blast|p2a: Chi-Yu|[anim] Tera Blast Ground\n|-supereffective|p2a: Chi-Yu\n|-damage|p2a: Chi-Yu|0 fnt\n|faint|p2a: Chi-Yu\n|\n|win|austinerzs\n|c|\u2606smithdvan|gg\n|c|\u2606austinerzs|gg\n","uploadtime":1699129072,"views":15,"p1id":"austinerzs","p2id":"smithdvan","formatid":"gen9ubers","rating":0,"private":0,"password":""}