{"id":"gen9ubers-1983517832","p1":"Shortie1118","p2":"meisgroot1","format":"[Gen 9] Ubers","log":"|j|\u2606Shortie1118\n|j|\u2606meisgroot1\n|t:|1699138761\n|gametype|singles\n|player|p1|Shortie1118|marnie-masters2|\n|player|p2|meisgroot1|169|\n|teamsize|p1|6\n|teamsize|p2|6\n|gen|9\n|tier|[Gen 9] Ubers\n|rule|Sleep Clause Mod: Limit one foe put to sleep\n|rule|Species Clause: Limit one of each Pok\u00e9mon\n|rule|OHKO Clause: OHKO moves are banned\n|rule|Evasion Items Clause: Evasion items are banned\n|rule|Evasion Moves Clause: Evasion moves are banned\n|rule|Endless Battle Clause: Forcing endless battles is banned\n|rule|HP Percentage Mod: HP is shown in percentages\n|clearpoke\n|poke|p1|Arceus-Fire|\n|poke|p1|Zacian-*|\n|poke|p1|Meowscarada, M|\n|poke|p1|Cyclizar, F|\n|poke|p1|Espathra, M|\n|poke|p1|Landorus, M|\n|poke|p2|Zamazenta-*|\n|poke|p2|Zacian-*|\n|poke|p2|Palkia-Origin|\n|poke|p2|Walking Wake|\n|poke|p2|Giratina|\n|poke|p2|Ursaluna-Bloodmoon, M|\n|teampreview\n|c|\u2606Shortie1118|glhf\n|c|\u2606meisgroot1|Themx! u too\n|\n|t:|1699138803\n|start\n|switch|p1a: Balaclava|Meowscarada, M|100\/100\n|switch|p2a: Zacian|Zacian, shiny|100\/100\n|-ability|p2a: Zacian|Intrepid Sword|boost\n|-boost|p2a: Zacian|atk|1\n|turn|1\n|\n|t:|1699138822\n|move|p2a: Zacian|Play Rough|p1a: Balaclava\n|-supereffective|p1a: Balaclava\n|-enditem|p1a: Balaclava|Focus Sash\n|-damage|p1a: Balaclava|1\/100\n|move|p1a: Balaclava|Flower Trick|p2a: Zacian\n|-start|p1a: Balaclava|typechange|Grass|[from] ability: Protean\n|-crit|p2a: Zacian\n|-damage|p2a: Zacian|53\/100\n|\n|upkeep\n|turn|2\n|\n|t:|1699138835\n|move|p2a: Zacian|Play Rough|p1a: Balaclava\n|-damage|p1a: Balaclava|0 fnt\n|faint|p1a: Balaclava\n|\n|upkeep\n|\n|t:|1699138840\n|switch|p1a: Firestarter|Arceus-Fire|100\/100\n|turn|3\n|\n|t:|1699138846\n|switch|p2a: Walking Wake|Walking Wake|100\/100\n|-enditem|p2a: Walking Wake|Booster Energy\n|-activate|p2a: Walking Wake|ability: Protosynthesis|[fromitem]\n|-start|p2a: Walking Wake|protosynthesisspe\n|move|p1a: Firestarter|Dragon Dance|p1a: Firestarter\n|-boost|p1a: Firestarter|atk|1\n|-boost|p1a: Firestarter|spe|1\n|\n|upkeep\n|turn|4\n|\n|t:|1699138866\n|-terastallize|p2a: Walking Wake|Fire\n|move|p2a: Walking Wake|Hydro Steam|p1a: Firestarter\n|-supereffective|p1a: Firestarter\n|-damage|p1a: Firestarter|48\/100\n|move|p1a: Firestarter|Earthquake|p2a: Walking Wake\n|-supereffective|p2a: Walking Wake\n|-damage|p2a: Walking Wake|0 fnt\n|faint|p2a: Walking Wake\n|-end|p2a: Walking Wake|Protosynthesis|[silent]\n|\n|upkeep\n|c|\u2606Shortie1118|?\n|c|\u2606Shortie1118|why tera there?\n|c|\u2606meisgroot1|how tf did I outspeed lmao\n|c|\u2606Shortie1118|booster energy\n|c|\u2606meisgroot1|Also expected a dragon claw\n|c|\u2606Shortie1118|fair enough i guess\n|c|\u2606meisgroot1|ye but 1.5 speed\n|c|\u2606Shortie1118|i'm adamant\n|c|\u2606Shortie1118|not jolly\n|c|\u2606meisgroot1|Ah\n|\n|t:|1699138916\n|switch|p2a: Palkia|Palkia-Origin|100\/100\n|-ability|p2a: Palkia|Pressure\n|turn|5\n|\n|t:|1699138924\n|move|p1a: Firestarter|Earthquake|p2a: Palkia\n|-damage|p2a: Palkia|48\/100\n|move|p2a: Palkia|Surf|p1a: Firestarter\n|-supereffective|p1a: Firestarter\n|-damage|p1a: Firestarter|0 fnt\n|faint|p1a: Firestarter\n|\n|upkeep\n|\n|t:|1699138935\n|switch|p1a: Heartbeat|Cyclizar, F|100\/100\n|turn|6\n|\n|t:|1699138959\n|move|p1a: Heartbeat|Draco Meteor|p2a: Palkia\n|-supereffective|p2a: Palkia\n|-damage|p2a: Palkia|0 fnt\n|-unboost|p1a: Heartbeat|spa|2\n|faint|p2a: Palkia\n|\n|upkeep\n|\n|t:|1699138966\n|switch|p2a: Zacian|Zacian, shiny|53\/100\n|turn|7\n|\n|t:|1699138976\n|switch|p1a: Echoes|Espathra, M|100\/100\n|move|p2a: Zacian|Play Rough|p1a: Echoes\n|-damage|p1a: Echoes|0 fnt\n|faint|p1a: Echoes\n|\n|upkeep\n|\n|t:|1699138984\n|switch|p1a: Fox on the Run|Zacian|100\/100\n|-ability|p1a: Fox on the Run|Intrepid Sword|boost\n|-boost|p1a: Fox on the Run|atk|1\n|turn|8\n|\n|t:|1699139048\n|switch|p2a: Zamazenta|Zamazenta-Crowned, shiny|100\/100\n|-ability|p2a: Zamazenta|Dauntless Shield|boost\n|-boost|p2a: Zamazenta|def|1\n|move|p1a: Fox on the Run|Play Rough|p2a: Zamazenta\n|-damage|p2a: Zamazenta|56\/100\n|-unboost|p2a: Zamazenta|atk|1\n|\n|upkeep\n|turn|9\n|\n|t:|1699139061\n|move|p1a: Fox on the Run|Play Rough|p2a: Zamazenta\n|-damage|p2a: Zamazenta|12\/100\n|move|p2a: Zamazenta|Facade|p1a: Fox on the Run\n|-damage|p1a: Fox on the Run|88\/100\n|\n|upkeep\n|turn|10\n|\n|t:|1699139077\n|move|p1a: Fox on the Run|Play Rough|p2a: Zamazenta\n|-damage|p2a: Zamazenta|0 fnt\n|faint|p2a: Zamazenta\n|\n|upkeep\n|\n|t:|1699139082\n|switch|p2a: Ursaluna|Ursaluna-Bloodmoon, M|100\/100\n|turn|11\n|\n|t:|1699139148\n|switch|p1a: Catch The Rainbow|Landorus, M|100\/100\n|move|p2a: Ursaluna|Blood Moon|p1a: Catch The Rainbow\n|-damage|p1a: Catch The Rainbow|3\/100\n|\n|upkeep\n|turn|12\n|\n|t:|1699139157\n|move|p1a: Catch The Rainbow|Focus Blast|p2a: Ursaluna\n|-supereffective|p2a: Ursaluna\n|-damage|p2a: Ursaluna|2\/100\n|move|p2a: Ursaluna|Hyper Voice|p1a: Catch The Rainbow\n|-damage|p1a: Catch The Rainbow|0 fnt\n|faint|p1a: Catch The Rainbow\n|\n|upkeep\n|\n|t:|1699139163\n|switch|p1a: Heartbeat|Cyclizar, F|100\/100\n|turn|13\n|\n|t:|1699139170\n|move|p1a: Heartbeat|Rapid Spin|p2a: Ursaluna\n|-damage|p2a: Ursaluna|0 fnt\n|-boost|p1a: Heartbeat|spe|1\n|faint|p2a: Ursaluna\n|\n|upkeep\n|\n|t:|1699139179\n|switch|p2a: Giratina|Giratina, shiny|100\/100\n|-ability|p2a: Giratina|Pressure\n|turn|14\n|\n|t:|1699139185\n|move|p2a: Giratina|Protect|p2a: Giratina\n|-singleturn|p2a: Giratina|Protect\n|move|p1a: Heartbeat|Draco Meteor|p2a: Giratina\n|-activate|p2a: Giratina|move: Protect\n|\n|upkeep\n|turn|15\n|\n|t:|1699139193\n|move|p1a: Heartbeat|Draco Meteor|p2a: Giratina\n|-supereffective|p2a: Giratina\n|-damage|p2a: Giratina|56\/100\n|-unboost|p1a: Heartbeat|spa|2\n|move|p2a: Giratina|Will-O-Wisp|p1a: Heartbeat\n|-status|p1a: Heartbeat|brn\n|\n|-heal|p2a: Giratina|62\/100|[from] item: Leftovers\n|-damage|p1a: Heartbeat|94\/100 brn|[from] brn\n|upkeep\n|turn|16\n|\n|t:|1699139203\n|move|p2a: Giratina|Protect|p2a: Giratina\n|-singleturn|p2a: Giratina|Protect\n|move|p1a: Heartbeat|Shed Tail|p1a: Heartbeat\n|-start|p1a: Heartbeat|Substitute|[from] move: Shed Tail\n|-damage|p1a: Heartbeat|44\/100 brn\n|\n|t:|1699139209\n|switch|p1a: Fox on the Run|Zacian|88\/100|[from] Shed Tail\n|\n|-heal|p2a: Giratina|68\/100|[from] item: Leftovers\n|upkeep\n|turn|17\n|\n|t:|1699139231\n|move|p1a: Fox on the Run|Play Rough|p2a: Giratina\n|-supereffective|p2a: Giratina\n|-damage|p2a: Giratina|0 fnt\n|faint|p2a: Giratina\n|\n|upkeep\n|c|\u2606meisgroot1|gg\n|\n|t:|1699139239\n|switch|p2a: Zacian|Zacian, shiny|53\/100\n|turn|18\n|c|\u2606Shortie1118|ggwp\n|c|\u2606Shortie1118|unless you get mad lucky here\n|\n|t:|1699139263\n|move|p2a: Zacian|Psychic Fangs|p1a: Fox on the Run\n|-end|p1a: Fox on the Run|Substitute\n|move|p1a: Fox on the Run|Play Rough|p2a: Zacian\n|-damage|p2a: Zacian|0 fnt\n|faint|p2a: Zacian\n|\n|win|Shortie1118\n|c|\u2606Shortie1118|and i miss twice\n|c|\u2606Shortie1118|yeah gg\n|c|\u2606meisgroot1|gg man\n|l|\u2606meisgroot1\n|c|\u2606Shortie1118|i got the replays\n","uploadtime":1699139326,"views":14,"p1id":"shortie1118","p2id":"meisgroot1","formatid":"gen9ubers","rating":0,"private":0,"password":""}