{"id":"gen9ubers-1976768868","p1":"The_Matouflamme","p2":"Drascore666","format":"[Gen 9] Ubers","log":"|j|\u2606The_Matouflamme\n|j|\u2606Drascore666\n|t:|1698339874\n|gametype|singles\n|player|p1|The_Matouflamme|falkner|\n|player|p2|Drascore666|steven|\n|teamsize|p1|6\n|teamsize|p2|6\n|gen|9\n|tier|[Gen 9] Ubers\n|rule|Sleep Clause Mod: Limit one foe put to sleep\n|rule|Species Clause: Limit one of each Pok\u00e9mon\n|rule|OHKO Clause: OHKO moves are banned\n|rule|Evasion Items Clause: Evasion items are banned\n|rule|Evasion Moves Clause: Evasion moves are banned\n|rule|Endless Battle Clause: Forcing endless battles is banned\n|rule|HP Percentage Mod: HP is shown in percentages\n|clearpoke\n|poke|p1|Arceus-Ghost|\n|poke|p1|Zacian-*|\n|poke|p1|Rayquaza|\n|poke|p1|Kyogre|\n|poke|p1|Basculegion, M|\n|poke|p1|Iron Bundle|\n|poke|p2|Arceus|\n|poke|p2|Miraidon|\n|poke|p2|Kyogre|\n|poke|p2|Koraidon|\n|poke|p2|Groudon|\n|poke|p2|Zacian-*|\n|teampreview\n|inactive|Battle timer is ON: inactive players will automatically lose when time's up. (requested by The_Matouflamme)\n|\n|t:|1698339883\n|start\n|switch|p1a: Arceus|Arceus-Ghost|100\/100\n|switch|p2a: Groudon|Groudon|100\/100\n|-weather|SunnyDay|[from] ability: Drought|[of] p2a: Groudon\n|turn|1\n|\n|t:|1698339892\n|move|p1a: Arceus|Taunt|p2a: Groudon\n|-start|p2a: Groudon|move: Taunt\n|cant|p2a: Groudon|move: Taunt|Will-O-Wisp\n|\n|-weather|SunnyDay|[upkeep]\n|upkeep\n|turn|2\n|\n|t:|1698339899\n|move|p1a: Arceus|Focus Blast|p2a: Groudon\n|-damage|p2a: Groudon|74\/100\n|move|p2a: Groudon|Earthquake|p1a: Arceus\n|-damage|p1a: Arceus|60\/100\n|\n|-weather|SunnyDay|[upkeep]\n|-heal|p2a: Groudon|80\/100|[from] item: Leftovers\n|upkeep\n|turn|3\n|\n|t:|1698339907\n|move|p1a: Arceus|Stealth Rock|p2a: Groudon\n|-sidestart|p2: Drascore666|move: Stealth Rock\n|move|p2a: Groudon|Earthquake|p1a: Arceus\n|-damage|p1a: Arceus|20\/100\n|\n|-weather|SunnyDay|[upkeep]\n|-heal|p2a: Groudon|86\/100|[from] item: Leftovers\n|-end|p2a: Groudon|move: Taunt\n|upkeep\n|turn|4\n|\n|t:|1698339916\n|move|p1a: Arceus|Taunt|p2a: Groudon\n|-start|p2a: Groudon|move: Taunt\n|move|p2a: Groudon|Earthquake|p1a: Arceus\n|-damage|p1a: Arceus|0 fnt\n|faint|p1a: Arceus\n|\n|-weather|SunnyDay|[upkeep]\n|-heal|p2a: Groudon|92\/100|[from] item: Leftovers\n|upkeep\n|\n|t:|1698339924\n|switch|p1a: Kyogre|Kyogre|100\/100\n|-weather|RainDance|[from] ability: Drizzle|[of] p1a: Kyogre\n|turn|5\n|\n|t:|1698339937\n|switch|p2a: Kyogre|Kyogre|100\/100\n|-damage|p2a: Kyogre|88\/100|[from] Stealth Rock\n|move|p1a: Kyogre|Ice Beam|p2a: Kyogre\n|-resisted|p2a: Kyogre\n|-damage|p2a: Kyogre|77\/100\n|\n|-weather|RainDance|[upkeep]\n|upkeep\n|turn|6\n|\n|t:|1698339960\n|switch|p1a: Zacian|Zacian-Crowned|100\/100\n|-ability|p1a: Zacian|Intrepid Sword|boost\n|-boost|p1a: Zacian|atk|1\n|move|p2a: Kyogre|Thunder|p1a: Zacian\n|-crit|p1a: Zacian\n|-damage|p1a: Zacian|36\/100\n|\n|-weather|RainDance|[upkeep]\n|upkeep\n|turn|7\n|\n|t:|1698339974\n|move|p1a: Zacian|Behemoth Blade|p2a: Kyogre\n|-resisted|p2a: Kyogre\n|-damage|p2a: Kyogre|40\/100\n|move|p2a: Kyogre|Thunder|p1a: Zacian\n|-damage|p1a: Zacian|0 fnt\n|faint|p1a: Zacian\n|\n|-weather|RainDance|[upkeep]\n|upkeep\n|\n|t:|1698339984\n|switch|p1a: Rayquaza|Rayquaza|100\/100\n|-ability|p1a: Rayquaza|Air Lock\n|turn|8\n|\n|t:|1698339989\n|-terastallize|p1a: Rayquaza|Normal\n|move|p2a: Kyogre|Thunder|p1a: Rayquaza\n|-damage|p1a: Rayquaza|49\/100\n|-status|p1a: Rayquaza|par\n|move|p1a: Rayquaza|Dragon Dance|p1a: Rayquaza\n|-boost|p1a: Rayquaza|atk|1\n|-boost|p1a: Rayquaza|spe|1\n|\n|-weather|RainDance|[upkeep]\n|upkeep\n|turn|9\n|\n|t:|1698340003\n|move|p1a: Rayquaza|Extreme Speed|p2a: Kyogre\n|-damage|p2a: Kyogre|0 fnt\n|faint|p2a: Kyogre\n|\n|-weather|none\n|upkeep\n|\n|t:|1698340013\n|switch|p2a: Miraidon|Miraidon|100\/100\n|-damage|p2a: Miraidon|88\/100|[from] Stealth Rock\n|-fieldstart|move: Electric Terrain|[from] ability: Hadron Engine|[of] p2a: Miraidon\n|turn|10\n|\n|t:|1698340021\n|-terastallize|p2a: Miraidon|Electric\n|move|p1a: Rayquaza|Extreme Speed|p2a: Miraidon\n|-damage|p2a: Miraidon|20\/100\n|move|p2a: Miraidon|Electro Drift|p1a: Rayquaza\n|-damage|p1a: Rayquaza|0 fnt\n|faint|p1a: Rayquaza\n|\n|upkeep\n|\n|t:|1698340033\n|switch|p1a: Kyogre|Kyogre|100\/100\n|-weather|RainDance|[from] ability: Drizzle|[of] p1a: Kyogre\n|turn|11\n|\n|t:|1698340037\n|switch|p1a: Cadoizo|Iron Bundle|100\/100\n|-activate|p1a: Cadoizo|ability: Quark Drive\n|-start|p1a: Cadoizo|quarkdrivespe\n|move|p2a: Miraidon|Electro Drift|p1a: Cadoizo\n|-supereffective|p1a: Cadoizo\n|-damage|p1a: Cadoizo|0 fnt\n|faint|p1a: Cadoizo\n|-end|p1a: Cadoizo|Quark Drive|[silent]\n|\n|-weather|RainDance|[upkeep]\n|upkeep\n|\n|t:|1698340047\n|switch|p1a: Basculegion|Basculegion, M, shiny|100\/100\n|turn|12\n|\n|t:|1698340051\n|move|p1a: Basculegion|Last Respects|p2a: Miraidon\n|-damage|p2a: Miraidon|0 fnt\n|faint|p2a: Miraidon\n|\n|-weather|RainDance|[upkeep]\n|upkeep\n|\n|t:|1698340060\n|switch|p2a: Koraidon|Koraidon|100\/100\n|-damage|p2a: Koraidon|94\/100|[from] Stealth Rock\n|-weather|SunnyDay|[from] ability: Orichalcum Pulse|[of] p2a: Koraidon\n|-activate|p2a: Koraidon|Orichalcum Pulse|[source]\n|turn|13\n|\n|t:|1698340066\n|move|p2a: Koraidon|Outrage|p1a: Basculegion\n|-damage|p1a: Basculegion|0 fnt\n|faint|p1a: Basculegion\n|\n|-weather|SunnyDay|[upkeep]\n|upkeep\n|\n|t:|1698340071\n|switch|p1a: Kyogre|Kyogre|100\/100\n|-weather|RainDance|[from] ability: Drizzle|[of] p1a: Kyogre\n|turn|14\n|\n|t:|1698340077\n|move|p1a: Kyogre|Ice Beam|p2a: Koraidon\n|-supereffective|p2a: Koraidon\n|-damage|p2a: Koraidon|20\/100\n|move|p2a: Koraidon|Outrage|p1a: Kyogre|[from]lockedmove\n|-damage|p1a: Kyogre|3\/100\n|-start|p2a: Koraidon|confusion|[fatigue]\n|\n|-weather|RainDance|[upkeep]\n|-fieldend|move: Electric Terrain\n|upkeep\n|turn|15\n|\n|t:|1698340090\n|move|p1a: Kyogre|Ice Beam|p2a: Koraidon\n|-supereffective|p2a: Koraidon\n|-damage|p2a: Koraidon|0 fnt\n|faint|p2a: Koraidon\n|\n|-weather|RainDance|[upkeep]\n|upkeep\n|\n|t:|1698340095\n|switch|p2a: Groudon|Groudon|92\/100\n|-damage|p2a: Groudon|86\/100|[from] Stealth Rock\n|-weather|SunnyDay|[from] ability: Drought|[of] p2a: Groudon\n|turn|16\n|\n|t:|1698340102\n|move|p1a: Kyogre|Ice Beam|p2a: Groudon\n|-supereffective|p2a: Groudon\n|-damage|p2a: Groudon|38\/100\n|move|p2a: Groudon|Stealth Rock|p1a: Kyogre\n|-sidestart|p1: The_Matouflamme|move: Stealth Rock\n|\n|-weather|SunnyDay|[upkeep]\n|-heal|p2a: Groudon|44\/100|[from] item: Leftovers\n|upkeep\n|turn|17\n|\n|t:|1698340109\n|move|p1a: Kyogre|Ice Beam|p2a: Groudon\n|-supereffective|p2a: Groudon\n|-damage|p2a: Groudon|2\/100\n|move|p2a: Groudon|Earthquake|p1a: Kyogre\n|-damage|p1a: Kyogre|0 fnt\n|faint|p1a: Kyogre\n|\n|win|Drascore666\n","uploadtime":1698340123,"views":7,"p1id":"thematouflamme","p2id":"drascore666","formatid":"gen9ubers","rating":0,"private":0,"password":""}