{"id":"gen9ubers-1989329640","p1":"EhrenApfel6.9","p2":"ItsmeBlankKnight","format":"[Gen 9] Ubers","log":"|j|\u2606EhrenApfel6.9\n|j|\u2606ItsmeBlankKnight\n|t:|1699837056\n|gametype|singles\n|player|p1|EhrenApfel6.9|cyrus|\n|player|p2|ItsmeBlankKnight|larry|\n|teamsize|p1|6\n|teamsize|p2|6\n|gen|9\n|tier|[Gen 9] Ubers\n|rule|Sleep Clause Mod: Limit one foe put to sleep\n|rule|Species Clause: Limit one of each Pok\u00e9mon\n|rule|OHKO Clause: OHKO moves are banned\n|rule|Evasion Items Clause: Evasion items are banned\n|rule|Evasion Moves Clause: Evasion moves are banned\n|rule|Endless Battle Clause: Forcing endless battles is banned\n|rule|HP Percentage Mod: HP is shown in percentages\n|clearpoke\n|poke|p1|Palafin, F|\n|poke|p1|Palkia-Origin|\n|poke|p1|Arceus-Dragon|\n|poke|p1|Magearna|\n|poke|p1|Gholdengo|\n|poke|p1|Chi-Yu|\n|poke|p2|Chi-Yu|\n|poke|p2|Cyclizar, M|\n|poke|p2|Houndstone, F|\n|poke|p2|Torkoal, M|\n|poke|p2|Espathra, M|\n|poke|p2|Regidrago|\n|teampreview\n|inactive|Battle timer is ON: inactive players will automatically lose when time's up. (requested by ItsmeBlankKnight)\n|c|\u2606ItsmeBlankKnight|i am\n|c|\u2606ItsmeBlankKnight|currently cooking\n|c|\u2606EhrenApfel6.9|glhf\n|c|\u2606ItsmeBlankKnight|u2\n|\n|t:|1699837078\n|start\n|switch|p1a: Palafin|Palafin, F|100\/100\n|switch|p2a: Espathra|Espathra, M|100\/100\n|turn|1\n|\n|t:|1699837089\n|move|p1a: Palafin|Flip Turn|p2a: Espathra\n|-damage|p2a: Espathra|52\/100\n|\n|t:|1699837097\n|detailschange|p1a: Palafin|Palafin-Hero, F\n|switch|p1a: Gholdengo|Gholdengo|100\/100|[from] Flip Turn\n|move|p2a: Espathra|Substitute|p2a: Espathra\n|-start|p2a: Espathra|Substitute\n|-damage|p2a: Espathra|28\/100\n|\n|-heal|p2a: Espathra|34\/100|[from] item: Leftovers\n|-ability|p2a: Espathra|Speed Boost|boost\n|-boost|p2a: Espathra|spe|1\n|upkeep\n|turn|2\n|\n|t:|1699837101\n|move|p2a: Espathra|Protect|p2a: Espathra\n|-singleturn|p2a: Espathra|Protect\n|move|p1a: Gholdengo|Trick|p2a: Espathra\n|-activate|p2a: Espathra|move: Protect\n|\n|-heal|p2a: Espathra|40\/100|[from] item: Leftovers\n|-ability|p2a: Espathra|Speed Boost|boost\n|-boost|p2a: Espathra|spe|1\n|upkeep\n|turn|3\n|\n|t:|1699837117\n|move|p2a: Espathra|Stored Power|p1a: Gholdengo\n|-resisted|p1a: Gholdengo\n|-damage|p1a: Gholdengo|83\/100\n|move|p1a: Gholdengo|Trick||[still]\n|-fail|p1a: Gholdengo\n|\n|-heal|p2a: Espathra|46\/100|[from] item: Leftovers\n|-ability|p2a: Espathra|Speed Boost|boost\n|-boost|p2a: Espathra|spe|1\n|upkeep\n|turn|4\n|\n|t:|1699837122\n|switch|p1a: Chi-Yu|Chi-Yu|100\/100\n|-ability|p1a: Chi-Yu|Beads of Ruin\n|move|p2a: Espathra|Calm Mind|p2a: Espathra\n|-boost|p2a: Espathra|spa|1\n|-boost|p2a: Espathra|spd|1\n|\n|-heal|p2a: Espathra|52\/100|[from] item: Leftovers\n|-ability|p2a: Espathra|Speed Boost|boost\n|-boost|p2a: Espathra|spe|1\n|upkeep\n|turn|5\n|\n|t:|1699837126\n|move|p2a: Espathra|Protect|p2a: Espathra\n|-singleturn|p2a: Espathra|Protect\n|move|p1a: Chi-Yu|Flamethrower|p2a: Espathra\n|-activate|p2a: Espathra|move: Protect\n|\n|-heal|p2a: Espathra|58\/100|[from] item: Leftovers\n|-ability|p2a: Espathra|Speed Boost|boost\n|-boost|p2a: Espathra|spe|1\n|upkeep\n|turn|6\n|\n|t:|1699837130\n|switch|p2a: Cyclizar|Cyclizar, M|100\/100\n|move|p1a: Chi-Yu|Flamethrower|p2a: Cyclizar\n|-resisted|p2a: Cyclizar\n|-damage|p2a: Cyclizar|9\/100\n|-status|p2a: Cyclizar|brn\n|\n|-damage|p2a: Cyclizar|3\/100 brn|[from] brn\n|upkeep\n|turn|7\n|\n|t:|1699837136\n|move|p2a: Cyclizar|Draco Meteor|p1a: Chi-Yu\n|-damage|p1a: Chi-Yu|40\/100\n|-unboost|p2a: Cyclizar|spa|2\n|move|p1a: Chi-Yu|Flamethrower|p2a: Cyclizar\n|-resisted|p2a: Cyclizar\n|-damage|p2a: Cyclizar|0 fnt\n|faint|p2a: Cyclizar\n|\n|upkeep\n|c|\u2606ItsmeBlankKnight|damn\n|\n|t:|1699837145\n|switch|p2a: Regidrago|Regidrago|100\/100\n|turn|8\n|\n|t:|1699837148\n|switch|p1a: Magearna|Magearna|100\/100\n|move|p2a: Regidrago|Earth Power|p1a: Magearna\n|-supereffective|p1a: Magearna\n|-damage|p1a: Magearna|52\/100\n|\n|-heal|p1a: Magearna|58\/100|[from] item: Leftovers\n|upkeep\n|turn|9\n|\n|t:|1699837165\n|switch|p2a: Torkoal|Torkoal, M|100\/100\n|-weather|SunnyDay|[from] ability: Drought|[of] p2a: Torkoal\n|move|p1a: Magearna|Thunder Wave|p2a: Torkoal\n|-status|p2a: Torkoal|par\n|\n|-weather|SunnyDay|[upkeep]\n|-heal|p1a: Magearna|64\/100|[from] item: Leftovers\n|upkeep\n|turn|10\n|\n|t:|1699837169\n|move|p1a: Magearna|Spikes|p2a: Torkoal\n|-sidestart|p2: ItsmeBlankKnight|Spikes\n|move|p2a: Torkoal|Earth Power|p1a: Magearna\n|-supereffective|p1a: Magearna\n|-damage|p1a: Magearna|20\/100\n|\n|-weather|SunnyDay|[upkeep]\n|-heal|p1a: Magearna|26\/100|[from] item: Leftovers\n|upkeep\n|turn|11\n|\n|t:|1699837178\n|switch|p1a: Arceus|Arceus-Dragon|100\/100\n|cant|p2a: Torkoal|par\n|\n|-weather|SunnyDay|[upkeep]\n|upkeep\n|turn|12\n|\n|t:|1699837181\n|move|p1a: Arceus|Dragon Dance|p1a: Arceus\n|-boost|p1a: Arceus|atk|1\n|-boost|p1a: Arceus|spe|1\n|move|p2a: Torkoal|Rapid Spin|p1a: Arceus\n|-damage|p1a: Arceus|94\/100\n|-boost|p2a: Torkoal|spe|1\n|-sideend|p2: ItsmeBlankKnight|Spikes|[from] move: Rapid Spin|[of] p2a: Torkoal\n|\n|-weather|SunnyDay|[upkeep]\n|upkeep\n|turn|13\n|\n|t:|1699837184\n|move|p1a: Arceus|Dragon Claw|p2a: Torkoal\n|-damage|p2a: Torkoal|40\/100 par\n|move|p2a: Torkoal|Lava Plume|p1a: Arceus\n|-resisted|p1a: Arceus\n|-damage|p1a: Arceus|76\/100\n|-status|p1a: Arceus|brn\n|\n|-weather|SunnyDay|[upkeep]\n|-damage|p1a: Arceus|70\/100 brn|[from] brn\n|upkeep\n|turn|14\n|\n|t:|1699837187\n|move|p1a: Arceus|Dragon Claw|p2a: Torkoal\n|-damage|p2a: Torkoal|11\/100 par\n|cant|p2a: Torkoal|par\n|\n|-weather|SunnyDay|[upkeep]\n|-damage|p1a: Arceus|64\/100 brn|[from] brn\n|upkeep\n|turn|15\n|\n|t:|1699837190\n|move|p1a: Arceus|Dragon Dance|p1a: Arceus\n|-boost|p1a: Arceus|atk|1\n|-boost|p1a: Arceus|spe|1\n|move|p2a: Torkoal|Stealth Rock|p1a: Arceus\n|-sidestart|p1: EhrenApfel6.9|move: Stealth Rock\n|\n|-weather|SunnyDay|[upkeep]\n|-damage|p1a: Arceus|58\/100 brn|[from] brn\n|upkeep\n|turn|16\n|\n|t:|1699837193\n|move|p1a: Arceus|Dragon Dance|p1a: Arceus\n|-boost|p1a: Arceus|atk|1\n|-boost|p1a: Arceus|spe|1\n|move|p2a: Torkoal|Lava Plume|p1a: Arceus\n|-resisted|p1a: Arceus\n|-damage|p1a: Arceus|41\/100 brn\n|\n|-weather|none\n|-damage|p1a: Arceus|35\/100 brn|[from] brn\n|upkeep\n|turn|17\n|\n|t:|1699837194\n|move|p1a: Arceus|Dragon Dance|p1a: Arceus\n|-boost|p1a: Arceus|atk|1\n|-boost|p1a: Arceus|spe|1\n|move|p2a: Torkoal|Lava Plume|p1a: Arceus\n|-resisted|p1a: Arceus\n|-damage|p1a: Arceus|23\/100 brn\n|\n|-damage|p1a: Arceus|17\/100 brn|[from] brn\n|upkeep\n|turn|18\n|\n|t:|1699837197\n|move|p1a: Arceus|Extreme Speed|p2a: Torkoal\n|-damage|p2a: Torkoal|0 fnt\n|faint|p2a: Torkoal\n|\n|-damage|p1a: Arceus|11\/100 brn|[from] brn\n|upkeep\n|\n|t:|1699837203\n|switch|p2a: Espathra|Espathra, M|58\/100\n|turn|19\n|\n|t:|1699837205\n|move|p2a: Espathra|Protect|p2a: Espathra\n|-singleturn|p2a: Espathra|Protect\n|move|p1a: Arceus|Dragon Dance|p1a: Arceus\n|-boost|p1a: Arceus|atk|1\n|-boost|p1a: Arceus|spe|1\n|\n|-heal|p2a: Espathra|64\/100|[from] item: Leftovers\n|-damage|p1a: Arceus|5\/100 brn|[from] brn\n|-ability|p2a: Espathra|Speed Boost|boost\n|-boost|p2a: Espathra|spe|1\n|upkeep\n|turn|20\n|\n|t:|1699837209\n|switch|p2a: Houndstone|Houndstone, F|100\/100\n|move|p1a: Arceus|Extreme Speed|p2a: Houndstone\n|-immune|p2a: Houndstone\n|\n|-damage|p1a: Arceus|0 fnt|[from] brn\n|faint|p1a: Arceus\n|upkeep\n|\n|t:|1699837216\n|switch|p1a: Chi-Yu|Chi-Yu|40\/100\n|-damage|p1a: Chi-Yu|15\/100|[from] Stealth Rock\n|-ability|p1a: Chi-Yu|Beads of Ruin\n|turn|21\n|\n|t:|1699837219\n|switch|p2a: Regidrago|Regidrago|100\/100\n|move|p1a: Chi-Yu|Overheat|p2a: Regidrago\n|-resisted|p2a: Regidrago\n|-damage|p2a: Regidrago|14\/100\n|-unboost|p1a: Chi-Yu|spa|2\n|\n|upkeep\n|turn|22\n|\n|t:|1699837224\n|move|p2a: Regidrago|Earth Power|p1a: Chi-Yu\n|-supereffective|p1a: Chi-Yu\n|-damage|p1a: Chi-Yu|0 fnt\n|faint|p1a: Chi-Yu\n|\n|upkeep\n|\n|t:|1699837226\n|switch|p1a: Palafin|Palafin-Hero, F|100\/100\n|-damage|p1a: Palafin|88\/100|[from] Stealth Rock\n|-activate|p1a: Palafin|ability: Zero to Hero\n|turn|23\n|\n|t:|1699837231\n|move|p1a: Palafin|Jet Punch|p2a: Regidrago\n|-resisted|p2a: Regidrago\n|-damage|p2a: Regidrago|0 fnt\n|faint|p2a: Regidrago\n|\n|upkeep\n|\n|t:|1699837232\n|switch|p2a: Houndstone|Houndstone, F|100\/100\n|turn|24\n|\n|t:|1699837235\n|-terastallize|p1a: Palafin|Water\n|move|p1a: Palafin|Jet Punch|p2a: Houndstone\n|-crit|p2a: Houndstone\n|-damage|p2a: Houndstone|50\/100\n|move|p2a: Houndstone|Last Respects|p1a: Palafin\n|-damage|p1a: Palafin|0 fnt\n|faint|p1a: Palafin\n|\n|upkeep\n|\n|t:|1699837237\n|switch|p1a: Palkia|Palkia-Origin|100\/100\n|-damage|p1a: Palkia|88\/100|[from] Stealth Rock\n|-ability|p1a: Palkia|Pressure\n|turn|25\n|\n|t:|1699837242\n|move|p1a: Palkia|Hydro Pump|p2a: Houndstone\n|-damage|p2a: Houndstone|0 fnt\n|faint|p2a: Houndstone\n|\n|upkeep\n|c|\u2606ItsmeBlankKnight|that was a crit\n|c|\u2606ItsmeBlankKnight|goddamn\n|c|\u2606ItsmeBlankKnight|the bulk\n|c|\u2606EhrenApfel6.9|damn\n|\n|t:|1699837253\n|switch|p2a: Chi-Yu|Chi-Yu|100\/100\n|-ability|p2a: Chi-Yu|Beads of Ruin\n|turn|26\n|\n|t:|1699837257\n|move|p1a: Palkia|Hydro Pump|p2a: Chi-Yu|[miss]\n|-miss|p1a: Palkia|p2a: Chi-Yu\n|move|p2a: Chi-Yu|Dark Pulse|p1a: Palkia\n|-damage|p1a: Palkia|10\/100\n|\n|upkeep\n|turn|27\n|\n|t:|1699837260\n|move|p1a: Palkia|Hydro Pump|p2a: Chi-Yu|[miss]\n|-miss|p1a: Palkia|p2a: Chi-Yu\n|move|p2a: Chi-Yu|Dark Pulse|p1a: Palkia\n|-damage|p1a: Palkia|0 fnt\n|faint|p1a: Palkia\n|\n|upkeep\n|c|\u2606ItsmeBlankKnight|yay\n|c|\u2606ItsmeBlankKnight|:D\n|c|\u2606ItsmeBlankKnight|unfort tho\n|c|\u2606EhrenApfel6.9|i hate this game\n|\n|t:|1699837276\n|switch|p1a: Magearna|Magearna|26\/100\n|-damage|p1a: Magearna|20\/100|[from] Stealth Rock\n|turn|28\n|c|\u2606ItsmeBlankKnight|lol\n|\n|t:|1699837280\n|move|p2a: Chi-Yu|Dark Pulse|p1a: Magearna\n|-resisted|p1a: Magearna\n|-damage|p1a: Magearna|0 fnt\n|faint|p1a: Magearna\n|\n|upkeep\n|c|\u2606ItsmeBlankKnight|nuh uh\n|\n|t:|1699837290\n|switch|p1a: Gholdengo|Gholdengo|83\/100\n|-damage|p1a: Gholdengo|77\/100|[from] Stealth Rock\n|turn|29\n|c|\u2606ItsmeBlankKnight|gg\n|\n|t:|1699837294\n|move|p1a: Gholdengo|Focus Blast|p2a: Chi-Yu\n|-supereffective|p2a: Chi-Yu\n|-damage|p2a: Chi-Yu|10\/100\n|move|p2a: Chi-Yu|Dark Pulse|p1a: Gholdengo\n|-supereffective|p1a: Gholdengo\n|-damage|p1a: Gholdengo|0 fnt\n|faint|p1a: Gholdengo\n|\n|win|ItsmeBlankKnight\n|c|\u2606EhrenApfel6.9|damn but gg\n","uploadtime":1699837307,"views":17,"p1id":"ehrenapfel69","p2id":"itsmeblankknight","formatid":"gen9ubers","rating":0,"private":0,"password":""}