{"id":"gen9ubers-1983566303","p1":"Ekkogandr","p2":"karbygamer","format":"[Gen 9] Ubers","log":"|j|\u2606Ekkogandr\n|j|\u2606karbygamer\n|t:|1699144129\n|gametype|singles\n|player|p1|Ekkogandr|turo-ai|1139\n|player|p2|karbygamer|iris-gen5bw2|1047\n|teamsize|p1|6\n|teamsize|p2|6\n|gen|9\n|tier|[Gen 9] Ubers\n|rated|\n|rule|Sleep Clause Mod: Limit one foe put to sleep\n|rule|Species Clause: Limit one of each Pok\u00e9mon\n|rule|OHKO Clause: OHKO moves are banned\n|rule|Evasion Items Clause: Evasion items are banned\n|rule|Evasion Moves Clause: Evasion moves are banned\n|rule|Endless Battle Clause: Forcing endless battles is banned\n|rule|HP Percentage Mod: HP is shown in percentages\n|clearpoke\n|poke|p1|Rayquaza|\n|poke|p1|Magearna|\n|poke|p1|Groudon|\n|poke|p1|Giratina-Origin|\n|poke|p1|Skeledirge, F|\n|poke|p1|Miraidon|\n|poke|p2|Garchomp, F|\n|poke|p2|Trevenant, F|\n|poke|p2|Gholdengo|\n|poke|p2|Skeledirge, F|\n|poke|p2|Palafin, F|\n|poke|p2|Tyranitar, M|\n|teampreview\n|inactive|Battle timer is ON: inactive players will automatically lose when time's up. (requested by karbygamer)\n|\n|t:|1699144138\n|start\n|switch|p1a: Nier|Magearna|100\/100\n|switch|p2a: Tyranitar|Tyranitar, M, shiny|100\/100\n|-weather|Sandstorm|[from] ability: Sand Stream|[of] p2a: Tyranitar\n|turn|1\n|\n|t:|1699144144\n|move|p1a: Nier|Reflect|p1a: Nier\n|-sidestart|p1: Ekkogandr|Reflect\n|move|p2a: Tyranitar|Stealth Rock|p1a: Nier\n|-sidestart|p1: Ekkogandr|move: Stealth Rock\n|\n|-weather|Sandstorm|[upkeep]\n|upkeep\n|turn|2\n|\n|t:|1699144151\n|move|p1a: Nier|Light Screen|p1a: Nier\n|-sidestart|p1: Ekkogandr|move: Light Screen\n|move|p2a: Tyranitar|Earthquake|p1a: Nier\n|-supereffective|p1a: Nier\n|-damage|p1a: Nier|70\/100\n|\n|-weather|Sandstorm|[upkeep]\n|upkeep\n|turn|3\n|\n|t:|1699144157\n|move|p1a: Nier|Volt Switch|p2a: Tyranitar\n|-damage|p2a: Tyranitar|91\/100\n|\n|t:|1699144161\n|switch|p1a: Jormungandr|Rayquaza, shiny|100\/100|[from] Volt Switch\n|-ability|p1a: Jormungandr|Air Lock\n|move|p2a: Tyranitar|Earthquake|p1a: Jormungandr\n|-immune|p1a: Jormungandr\n|\n|-weather|Sandstorm|[upkeep]\n|upkeep\n|turn|4\n|\n|t:|1699144172\n|move|p1a: Jormungandr|Substitute|p1a: Jormungandr\n|-start|p1a: Jormungandr|Substitute\n|-damage|p1a: Jormungandr|76\/100\n|move|p2a: Tyranitar|Avalanche|p1a: Jormungandr\n|-supereffective|p1a: Jormungandr\n|-end|p1a: Jormungandr|Substitute\n|\n|-weather|Sandstorm|[upkeep]\n|upkeep\n|turn|5\n|\n|t:|1699144180\n|switch|p1a: Nier|Magearna|70\/100\n|-damage|p1a: Nier|64\/100|[from] Stealth Rock\n|move|p2a: Tyranitar|Avalanche|p1a: Nier\n|-resisted|p1a: Nier\n|-damage|p1a: Nier|60\/100\n|\n|-weather|none\n|upkeep\n|turn|6\n|\n|t:|1699144187\n|move|p1a: Nier|Fleur Cannon|p2a: Tyranitar\n|-supereffective|p2a: Tyranitar\n|-damage|p2a: Tyranitar|12\/100\n|-unboost|p1a: Nier|spa|2\n|move|p2a: Tyranitar|Avalanche|p1a: Nier\n|-resisted|p1a: Nier\n|-damage|p1a: Nier|52\/100\n|\n|upkeep\n|turn|7\n|\n|t:|1699144195\n|move|p1a: Nier|Volt Switch|p2a: Tyranitar\n|-damage|p2a: Tyranitar|5\/100\n|\n|t:|1699144199\n|switch|p1a: Earthbound|Groudon|100\/100|[from] Volt Switch\n|-damage|p1a: Earthbound|94\/100|[from] Stealth Rock\n|-weather|SunnyDay|[from] ability: Drought|[of] p1a: Earthbound\n|move|p2a: Tyranitar|Earthquake|p1a: Earthbound\n|-damage|p1a: Earthbound|84\/100\n|\n|-weather|SunnyDay|[upkeep]\n|-heal|p1a: Earthbound|91\/100|[from] item: Leftovers\n|upkeep\n|turn|8\n|\n|t:|1699144212\n|move|p1a: Earthbound|Crunch|p2a: Tyranitar\n|-resisted|p2a: Tyranitar\n|-damage|p2a: Tyranitar|0 fnt\n|faint|p2a: Tyranitar\n|\n|-weather|SunnyDay|[upkeep]\n|-heal|p1a: Earthbound|97\/100|[from] item: Leftovers\n|-sideend|p1: Ekkogandr|Reflect\n|upkeep\n|\n|t:|1699144218\n|switch|p2a: Palafin|Palafin, F, shiny|100\/100\n|turn|9\n|\n|t:|1699144222\n|move|p2a: Palafin|Close Combat|p1a: Earthbound\n|-damage|p1a: Earthbound|84\/100\n|-unboost|p2a: Palafin|def|1\n|-unboost|p2a: Palafin|spd|1\n|-enditem|p2a: Palafin|Eject Pack\n|\n|t:|1699144232\n|detailschange|p2a: Palafin|Palafin-Hero, F, shiny\n|switch|p2a: Garchomp|Garchomp, F|100\/100\n|move|p1a: Earthbound|Precipice Blades|p2a: Garchomp\n|-damage|p2a: Garchomp|40\/100\n|\n|-weather|SunnyDay|[upkeep]\n|-heal|p1a: Earthbound|90\/100|[from] item: Leftovers\n|-sideend|p1: Ekkogandr|move: Light Screen\n|upkeep\n|turn|10\n|\n|t:|1699144247\n|-terastallize|p2a: Garchomp|Steel\n|move|p2a: Garchomp|Earthquake|p1a: Earthbound\n|-damage|p1a: Earthbound|64\/100\n|move|p1a: Earthbound|Precipice Blades|p2a: Garchomp\n|-supereffective|p2a: Garchomp\n|-damage|p2a: Garchomp|0 fnt\n|faint|p2a: Garchomp\n|\n|-weather|SunnyDay|[upkeep]\n|-heal|p1a: Earthbound|70\/100|[from] item: Leftovers\n|upkeep\n|\n|t:|1699144259\n|switch|p2a: Palafin|Palafin-Hero, F, shiny|100\/100\n|-activate|p2a: Palafin|ability: Zero to Hero\n|turn|11\n|\n|t:|1699144266\n|move|p2a: Palafin|Aqua Tail|p1a: Earthbound|[miss]\n|-miss|p2a: Palafin|p1a: Earthbound\n|move|p1a: Earthbound|Precipice Blades|p2a: Palafin\n|-damage|p2a: Palafin|43\/100\n|\n|-weather|none\n|-heal|p1a: Earthbound|77\/100|[from] item: Leftovers\n|upkeep\n|turn|12\n|\n|t:|1699144282\n|switch|p1a: World Eater|Giratina-Origin, shiny|100\/100\n|-damage|p1a: World Eater|88\/100|[from] Stealth Rock\n|move|p2a: Palafin|Drain Punch|p1a: World Eater\n|-immune|p1a: World Eater\n|\n|upkeep\n|turn|13\n|c|\u2606karbygamer|the nicknames go hard\n|\n|t:|1699144300\n|move|p2a: Palafin|Aqua Tail|p1a: World Eater\n|-resisted|p1a: World Eater\n|-damage|p1a: World Eater|74\/100\n|move|p1a: World Eater|Will-O-Wisp|p2a: Palafin\n|-status|p2a: Palafin|brn\n|\n|-damage|p2a: Palafin|37\/100 brn|[from] brn\n|upkeep\n|turn|14\n|c|\u2606Ekkogandr|thanks\n|\n|t:|1699144310\n|switch|p2a: Skeledirge|Skeledirge, F, shiny|100\/100\n|move|p1a: World Eater|Defog|p2a: Skeledirge\n|-unboost|p2a: Skeledirge|evasion|1\n|-sideend|p1: Ekkogandr|Stealth Rock|[from] move: Defog|[of] p1a: World Eater\n|\n|upkeep\n|turn|15\n|\n|t:|1699144323\n|move|p2a: Skeledirge|Shadow Ball|p1a: World Eater\n|-supereffective|p1a: World Eater\n|-crit|p1a: World Eater\n|-damage|p1a: World Eater|4\/100\n|move|p1a: World Eater|Hex|p2a: Skeledirge\n|-supereffective|p2a: Skeledirge\n|-damage|p2a: Skeledirge|29\/100\n|\n|upkeep\n|turn|16\n|\n|t:|1699144330\n|switch|p1a: Earthbound|Groudon|77\/100\n|-weather|SunnyDay|[from] ability: Drought|[of] p1a: Earthbound\n|move|p2a: Skeledirge|Shadow Ball|p1a: Earthbound\n|-crit|p1a: Earthbound\n|-damage|p1a: Earthbound|25\/100\n|-unboost|p1a: Earthbound|spd|1\n|\n|-weather|SunnyDay|[upkeep]\n|-heal|p1a: Earthbound|32\/100|[from] item: Leftovers\n|upkeep\n|turn|17\n|\n|t:|1699144341\n|move|p2a: Skeledirge|Shadow Ball|p1a: Earthbound\n|-damage|p1a: Earthbound|0 fnt\n|faint|p1a: Earthbound\n|\n|-weather|SunnyDay|[upkeep]\n|upkeep\n|\n|t:|1699144344\n|switch|p1a: Jormungandr|Rayquaza, shiny|76\/100\n|-ability|p1a: Jormungandr|Air Lock\n|turn|18\n|\n|t:|1699144349\n|move|p1a: Jormungandr|Earthquake|p2a: Skeledirge\n|-supereffective|p2a: Skeledirge\n|-damage|p2a: Skeledirge|0 fnt\n|faint|p2a: Skeledirge\n|\n|-weather|SunnyDay|[upkeep]\n|upkeep\n|\n|t:|1699144360\n|switch|p2a: Trevenant|Trevenant, F, shiny|100\/100\n|turn|19\n|\n|t:|1699144374\n|move|p1a: Jormungandr|Dragon Ascent|p2a: Trevenant\n|-supereffective|p2a: Trevenant\n|-damage|p2a: Trevenant|0 fnt\n|-unboost|p1a: Jormungandr|def|1\n|-unboost|p1a: Jormungandr|spd|1\n|faint|p2a: Trevenant\n|\n|-weather|SunnyDay|[upkeep]\n|upkeep\n|\n|t:|1699144394\n|switch|p2a: Gholdengo|Gholdengo|100\/100\n|-item|p2a: Gholdengo|Air Balloon\n|turn|20\n|\n|t:|1699144405\n|switch|p1a: The Maw|Skeledirge, F|100\/100\n|move|p2a: Gholdengo|Make It Rain|p1a: The Maw\n|-resisted|p1a: The Maw\n|-damage|p1a: The Maw|70\/100\n|-unboost|p2a: Gholdengo|spa|1\n|\n|-weather|none\n|upkeep\n|turn|21\n|\n|t:|1699144415\n|move|p2a: Gholdengo|Shadow Ball|p1a: The Maw\n|-supereffective|p1a: The Maw\n|-damage|p1a: The Maw|0 fnt\n|faint|p1a: The Maw\n|\n|upkeep\n|\n|t:|1699144423\n|switch|p1a: Iron Serpent|Miraidon|100\/100\n|-fieldstart|move: Electric Terrain|[from] ability: Hadron Engine|[of] p1a: Iron Serpent\n|turn|22\n|\n|t:|1699144431\n|move|p1a: Iron Serpent|Electro Drift|p2a: Gholdengo\n|-damage|p2a: Gholdengo|0 fnt\n|-enditem|p2a: Gholdengo|Air Balloon\n|faint|p2a: Gholdengo\n|\n|upkeep\n|c|\u2606Ekkogandr|gg\n|\n|t:|1699144438\n|switch|p2a: Palafin|Palafin-Hero, F, shiny|37\/100 brn\n|turn|23\n|c|\u2606karbygamer|gg\n|\n|t:|1699144443\n|move|p1a: Iron Serpent|Electro Drift|p2a: Palafin\n|-supereffective|p2a: Palafin\n|-damage|p2a: Palafin|0 fnt\n|faint|p2a: Palafin\n|\n|win|Ekkogandr\n|raw|Ekkogandr's rating: 1139 &rarr; <strong>1158<\/strong><br \/>(+19 for winning)\n|raw|karbygamer's rating: 1047 &rarr; <strong>1034<\/strong><br \/>(-13 for losing)\n","uploadtime":1699144449,"views":9,"p1id":"ekkogandr","p2id":"karbygamer","formatid":"gen9ubers","rating":1034,"private":0,"password":""}