{"id":"gen9ubers-1983479768","p1":"sgrg32","p2":"S3nKay","format":"[Gen 9] Ubers","log":"|j|\u2606sgrg32\n|j|\u2606S3nKay\n|t:|1699134587\n|gametype|singles\n|player|p1|sgrg32|alec-anime|\n|player|p2|S3nKay|169|\n|teamsize|p1|6\n|teamsize|p2|6\n|gen|9\n|tier|[Gen 9] Ubers\n|rule|Sleep Clause Mod: Limit one foe put to sleep\n|rule|Species Clause: Limit one of each Pok\u00e9mon\n|rule|OHKO Clause: OHKO moves are banned\n|rule|Evasion Items Clause: Evasion items are banned\n|rule|Evasion Moves Clause: Evasion moves are banned\n|rule|Endless Battle Clause: Forcing endless battles is banned\n|rule|HP Percentage Mod: HP is shown in percentages\n|clearpoke\n|poke|p1|Sinistcha-Masterpiece|\n|poke|p1|Empoleon, M|\n|poke|p1|Enamorus, F|\n|poke|p1|Glaceon, M|\n|poke|p1|Cinderace, M|\n|poke|p1|Magneton|\n|poke|p2|Skeledirge, M|\n|poke|p2|Great Tusk|\n|poke|p2|Florges, F|\n|poke|p2|Pawmot, M|\n|poke|p2|Toxapex, M|\n|poke|p2|Gliscor, M|\n|teampreview\n|\n|t:|1699134633\n|start\n|switch|p1a: JTea_|Empoleon, M|100\/100\n|switch|p2a: Pawmot|Pawmot, M|100\/100\n|turn|1\n|j| Buzzwardo\n|\n|t:|1699134660\n|switch|p1a: ice spice|Sinistcha-Masterpiece|100\/100\n|move|p2a: Pawmot|Close Combat|p1a: ice spice\n|-immune|p1a: ice spice\n|\n|upkeep\n|turn|2\n|\n|t:|1699134710\n|switch|p2a: Toxapex|Toxapex, M|100\/100\n|move|p1a: ice spice|Scald|p2a: Toxapex\n|-resisted|p2a: Toxapex\n|-damage|p2a: Toxapex|94\/100\n|\n|-heal|p2a: Toxapex|99\/100|[from] item: Black Sludge\n|upkeep\n|turn|3\n|\n|t:|1699134749\n|switch|p1a: JTea_|Empoleon, M|100\/100\n|move|p2a: Toxapex|Chilling Water|p1a: JTea_\n|-resisted|p1a: JTea_\n|-damage|p1a: JTea_|95\/100\n|-unboost|p1a: JTea_|atk|1\n|-ability|p1a: JTea_|Competitive|boost\n|-boost|p1a: JTea_|spa|2\n|\n|-heal|p2a: Toxapex|100\/100|[from] item: Black Sludge\n|upkeep\n|turn|4\n|\n|t:|1699134759\n|move|p1a: JTea_|Agility|p1a: JTea_\n|-boost|p1a: JTea_|spe|2\n|move|p2a: Toxapex|Haze|p2a: Toxapex\n|-clearallboost\n|\n|upkeep\n|turn|5\n|\n|t:|1699134795\n|move|p2a: Toxapex|Baneful Bunker|p2a: Toxapex\n|-singleturn|p2a: Toxapex|move: Protect\n|move|p1a: JTea_|Agility|p1a: JTea_\n|-boost|p1a: JTea_|spe|2\n|\n|upkeep\n|turn|6\n|\n|t:|1699134809\n|move|p1a: JTea_|Flash Cannon|p2a: Toxapex\n|-resisted|p2a: Toxapex\n|-damage|p2a: Toxapex|90\/100\n|move|p2a: Toxapex|Haze|p2a: Toxapex\n|-clearallboost\n|\n|-heal|p2a: Toxapex|96\/100|[from] item: Black Sludge\n|upkeep\n|turn|7\n|\n|t:|1699134838\n|move|p1a: JTea_|Agility|p1a: JTea_\n|-boost|p1a: JTea_|spe|2\n|move|p2a: Toxapex|Chilling Water|p1a: JTea_\n|-resisted|p1a: JTea_\n|-damage|p1a: JTea_|89\/100\n|-unboost|p1a: JTea_|atk|1\n|-ability|p1a: JTea_|Competitive|boost\n|-boost|p1a: JTea_|spa|2\n|\n|-heal|p2a: Toxapex|100\/100|[from] item: Black Sludge\n|upkeep\n|turn|8\n|\n|t:|1699134852\n|move|p1a: JTea_|Hydro Pump|p2a: Toxapex\n|-resisted|p2a: Toxapex\n|-damage|p2a: Toxapex|66\/100\n|move|p2a: Toxapex|Haze|p2a: Toxapex\n|-clearallboost\n|\n|-heal|p2a: Toxapex|72\/100|[from] item: Black Sludge\n|upkeep\n|turn|9\n|\n|t:|1699134861\n|move|p1a: JTea_|Agility|p1a: JTea_\n|-boost|p1a: JTea_|spe|2\n|move|p2a: Toxapex|Recover|p2a: Toxapex\n|-heal|p2a: Toxapex|100\/100\n|\n|upkeep\n|turn|10\n|\n|t:|1699134872\n|move|p1a: JTea_|Flash Cannon|p2a: Toxapex\n|-resisted|p2a: Toxapex\n|-damage|p2a: Toxapex|88\/100\n|move|p2a: Toxapex|Haze|p2a: Toxapex\n|-clearallboost\n|\n|-heal|p2a: Toxapex|94\/100|[from] item: Black Sludge\n|upkeep\n|turn|11\n|j| Hash_13\n|c| Hash_13|this is an entising battle\n|\n|t:|1699134927\n|move|p1a: JTea_|Agility|p1a: JTea_\n|-boost|p1a: JTea_|spe|2\n|move|p2a: Toxapex|Haze|p2a: Toxapex\n|-clearallboost\n|\n|-heal|p2a: Toxapex|99\/100|[from] item: Black Sludge\n|upkeep\n|turn|12\n|c| Hash_13|i dont think sen wants u to set up agility sg\n|\n|t:|1699134982\n|move|p1a: JTea_|Agility|p1a: JTea_\n|-boost|p1a: JTea_|spe|2\n|move|p2a: Toxapex|Chilling Water|p1a: JTea_\n|-resisted|p1a: JTea_\n|-damage|p1a: JTea_|84\/100\n|-unboost|p1a: JTea_|atk|1\n|-ability|p1a: JTea_|Competitive|boost\n|-boost|p1a: JTea_|spa|2\n|\n|-heal|p2a: Toxapex|100\/100|[from] item: Black Sludge\n|upkeep\n|turn|13\n|c|\u2606sgrg32|wait im playing unite rn\n|\n|t:|1699134992\n|move|p1a: JTea_|Hydro Pump|p2a: Toxapex|[miss]\n|-miss|p1a: JTea_|p2a: Toxapex\n|move|p2a: Toxapex|Haze|p2a: Toxapex\n|-clearallboost\n|\n|upkeep\n|turn|14\n|\n|t:|1699134997\n|move|p1a: JTea_|Agility|p1a: JTea_\n|-boost|p1a: JTea_|spe|2\n|move|p2a: Toxapex|Chilling Water|p1a: JTea_\n|-resisted|p1a: JTea_\n|-damage|p1a: JTea_|79\/100\n|-unboost|p1a: JTea_|atk|1\n|-ability|p1a: JTea_|Competitive|boost\n|-boost|p1a: JTea_|spa|2\n|\n|upkeep\n|turn|15\n|\n|t:|1699134999\n|move|p1a: JTea_|Hydro Pump|p2a: Toxapex|[miss]\n|-miss|p1a: JTea_|p2a: Toxapex\n|move|p2a: Toxapex|Haze|p2a: Toxapex\n|-clearallboost\n|\n|upkeep\n|turn|16\n|\n|t:|1699135003\n|move|p1a: JTea_|Agility|p1a: JTea_\n|-boost|p1a: JTea_|spe|2\n|move|p2a: Toxapex|Chilling Water|p1a: JTea_\n|-resisted|p1a: JTea_\n|-damage|p1a: JTea_|74\/100\n|-unboost|p1a: JTea_|atk|1\n|-ability|p1a: JTea_|Competitive|boost\n|-boost|p1a: JTea_|spa|2\n|\n|upkeep\n|turn|17\n|\n|t:|1699135035\n|move|p1a: JTea_|Hydro Pump|p2a: Toxapex\n|-resisted|p2a: Toxapex\n|-damage|p2a: Toxapex|66\/100\n|move|p2a: Toxapex|Haze|p2a: Toxapex\n|-clearallboost\n|\n|-heal|p2a: Toxapex|72\/100|[from] item: Black Sludge\n|upkeep\n|turn|18\n|\n|t:|1699135057\n|move|p1a: JTea_|Agility|p1a: JTea_\n|-boost|p1a: JTea_|spe|2\n|move|p2a: Toxapex|Chilling Water|p1a: JTea_\n|-resisted|p1a: JTea_\n|-damage|p1a: JTea_|69\/100\n|-unboost|p1a: JTea_|atk|1\n|-ability|p1a: JTea_|Competitive|boost\n|-boost|p1a: JTea_|spa|2\n|\n|-heal|p2a: Toxapex|78\/100|[from] item: Black Sludge\n|upkeep\n|turn|19\n|\n|t:|1699135077\n|move|p1a: JTea_|Hydro Pump|p2a: Toxapex|[miss]\n|-miss|p1a: JTea_|p2a: Toxapex\n|move|p2a: Toxapex|Haze|p2a: Toxapex\n|-clearallboost\n|\n|-heal|p2a: Toxapex|85\/100|[from] item: Black Sludge\n|upkeep\n|turn|20\n|\n|t:|1699135082\n|move|p1a: JTea_|Agility|p1a: JTea_\n|-boost|p1a: JTea_|spe|2\n|move|p2a: Toxapex|Chilling Water|p1a: JTea_\n|-resisted|p1a: JTea_\n|-damage|p1a: JTea_|64\/100\n|-unboost|p1a: JTea_|atk|1\n|-ability|p1a: JTea_|Competitive|boost\n|-boost|p1a: JTea_|spa|2\n|\n|-heal|p2a: Toxapex|91\/100|[from] item: Black Sludge\n|upkeep\n|turn|21\n|\n|t:|1699135094\n|switch|p1a: b-tec sandyshocks|Magneton, shiny|100\/100\n|move|p2a: Toxapex|Haze|p2a: Toxapex\n|-clearallboost\n|\n|-heal|p2a: Toxapex|97\/100|[from] item: Black Sludge\n|upkeep\n|turn|22\n|\n|t:|1699135105\n|switch|p2a: Gliscor|Gliscor, M|100\/100\n|move|p1a: b-tec sandyshocks|Steel Beam|p2a: Gliscor\n|-damage|p2a: Gliscor|15\/100\n|-damage|p1a: b-tec sandyshocks|50\/100|[from] steelbeam\n|\n|-status|p2a: Gliscor|tox|[from] item: Toxic Orb\n|upkeep\n|turn|23\n|\n|t:|1699135111\n|switch|p1a: ice spice|Sinistcha-Masterpiece|100\/100\n|move|p2a: Gliscor|Protect||[still]\n|-fail|p2a: Gliscor\n|\n|-heal|p2a: Gliscor|27\/100 tox|[from] ability: Poison Heal\n|upkeep\n|turn|24\n|\n|t:|1699135124\n|move|p2a: Gliscor|Protect|p2a: Gliscor\n|-singleturn|p2a: Gliscor|Protect\n|move|p1a: ice spice|Scald|p2a: Gliscor\n|-activate|p2a: Gliscor|move: Protect\n|\n|-heal|p2a: Gliscor|39\/100 tox|[from] ability: Poison Heal\n|upkeep\n|turn|25\n|\n|t:|1699135129\n|switch|p2a: Florges|Florges, F|100\/100\n|move|p1a: ice spice|Scald|p2a: Florges\n|-damage|p2a: Florges|90\/100\n|-status|p2a: Florges|brn\n|\n|-heal|p2a: Florges|96\/100 brn|[from] item: Leftovers\n|-damage|p2a: Florges|90\/100 brn|[from] brn\n|upkeep\n|turn|26\n|\n|t:|1699135137\n|move|p2a: Florges|Wish|p2a: Florges\n|move|p1a: ice spice|Hex|p2a: Florges\n|-damage|p2a: Florges|64\/100 brn\n|\n|-heal|p2a: Florges|70\/100 brn|[from] item: Leftovers\n|-damage|p2a: Florges|64\/100 brn|[from] brn\n|upkeep\n|turn|27\n|\n|t:|1699135149\n|switch|p1a: JTea_|Empoleon, M|64\/100\n|move|p2a: Florges|Moonblast|p1a: JTea_\n|-resisted|p1a: JTea_\n|-damage|p1a: JTea_|45\/100\n|\n|-heal|p2a: Florges|100\/100 brn|[from] move: Wish|[wisher] Florges\n|-damage|p2a: Florges|94\/100 brn|[from] brn\n|upkeep\n|turn|28\n|\n|t:|1699135158\n|switch|p2a: Toxapex|Toxapex, M|100\/100\n|move|p1a: JTea_|Agility|p1a: JTea_\n|-boost|p1a: JTea_|spe|2\n|\n|upkeep\n|turn|29\n|\n|t:|1699135181\n|switch|p1a: b-tec sandyshocks|Magneton, shiny|50\/100\n|move|p2a: Toxapex|Haze|p2a: Toxapex\n|-clearallboost\n|\n|upkeep\n|turn|30\n|\n|t:|1699135190\n|move|p2a: Toxapex|Baneful Bunker|p2a: Toxapex\n|-singleturn|p2a: Toxapex|move: Protect\n|move|p1a: b-tec sandyshocks|Volt Switch|p2a: Toxapex\n|-activate|p2a: Toxapex|move: Protect\n|\n|upkeep\n|turn|31\n|\n|t:|1699135215\n|switch|p1a: ice spice|Sinistcha-Masterpiece|100\/100\n|move|p2a: Toxapex|Recover||[still]\n|-fail|p2a: Toxapex|heal\n|\n|upkeep\n|turn|32\n|\n|t:|1699135223\n|move|p1a: ice spice|Matcha Gotcha|p2a: Toxapex\n|-damage|p2a: Toxapex|79\/100\n|move|p2a: Toxapex|Chilling Water|p1a: ice spice\n|-resisted|p1a: ice spice\n|-damage|p1a: ice spice|95\/100\n|-unboost|p1a: ice spice|atk|1\n|\n|-heal|p2a: Toxapex|85\/100|[from] item: Black Sludge\n|upkeep\n|turn|33\n|\n|t:|1699135274\n|move|p2a: Toxapex|Baneful Bunker|p2a: Toxapex\n|-singleturn|p2a: Toxapex|move: Protect\n|move|p1a: ice spice|Matcha Gotcha|p2a: Toxapex\n|-activate|p2a: Toxapex|move: Protect\n|\n|-heal|p2a: Toxapex|91\/100|[from] item: Black Sludge\n|upkeep\n|turn|34\n|\n|t:|1699135293\n|move|p1a: ice spice|Scald|p2a: Toxapex\n|-resisted|p2a: Toxapex\n|-damage|p2a: Toxapex|85\/100\n|move|p2a: Toxapex|Chilling Water|p1a: ice spice\n|-resisted|p1a: ice spice\n|-damage|p1a: ice spice|90\/100\n|-unboost|p1a: ice spice|atk|1\n|\n|-heal|p2a: Toxapex|91\/100|[from] item: Black Sludge\n|upkeep\n|turn|35\n|\n|t:|1699135305\n|move|p1a: ice spice|Matcha Gotcha|p2a: Toxapex|[miss]\n|-miss|p1a: ice spice|p2a: Toxapex\n|move|p2a: Toxapex|Chilling Water|p1a: ice spice\n|-resisted|p1a: ice spice\n|-damage|p1a: ice spice|84\/100\n|-unboost|p1a: ice spice|atk|1\n|\n|-heal|p2a: Toxapex|97\/100|[from] item: Black Sludge\n|upkeep\n|turn|36\n|\n|t:|1699135324\n|move|p1a: ice spice|Matcha Gotcha|p2a: Toxapex\n|-damage|p2a: Toxapex|75\/100\n|-heal|p1a: ice spice|94\/100|[from] drain|[of] p2a: Toxapex\n|move|p2a: Toxapex|Chilling Water|p1a: ice spice\n|-resisted|p1a: ice spice\n|-damage|p1a: ice spice|88\/100\n|-unboost|p1a: ice spice|atk|1\n|\n|-heal|p2a: Toxapex|81\/100|[from] item: Black Sludge\n|upkeep\n|turn|37\n|\n|t:|1699135330\n|move|p2a: Toxapex|Baneful Bunker|p2a: Toxapex\n|-singleturn|p2a: Toxapex|move: Protect\n|move|p1a: ice spice|Scald|p2a: Toxapex\n|-activate|p2a: Toxapex|move: Protect\n|\n|-heal|p2a: Toxapex|88\/100|[from] item: Black Sludge\n|upkeep\n|turn|38\n|\n|t:|1699135341\n|switch|p2a: Florges|Florges, F|94\/100 brn\n|move|p1a: ice spice|Scald|p2a: Florges\n|-damage|p2a: Florges|84\/100 brn\n|\n|-heal|p2a: Florges|90\/100 brn|[from] item: Leftovers\n|-damage|p2a: Florges|84\/100 brn|[from] brn\n|upkeep\n|turn|39\n|\n|t:|1699135350\n|switch|p1a: therealfurrybait|Cinderace, M|100\/100\n|move|p2a: Florges|Wish|p2a: Florges\n|\n|-heal|p2a: Florges|90\/100 brn|[from] item: Leftovers\n|-damage|p2a: Florges|84\/100 brn|[from] brn\n|upkeep\n|turn|40\n|\n|t:|1699135371\n|switch|p2a: Gliscor|Gliscor, M|39\/100 tox\n|move|p1a: therealfurrybait|Pyro Ball|p2a: Gliscor\n|-damage|p2a: Gliscor|8\/100 tox\n|\n|-heal|p2a: Gliscor|59\/100 tox|[from] move: Wish|[wisher] Florges\n|-heal|p2a: Gliscor|71\/100 tox|[from] ability: Poison Heal\n|upkeep\n|turn|41\n|\n|t:|1699135382\n|move|p1a: therealfurrybait|U-turn|p2a: Gliscor\n|-start|p1a: therealfurrybait|typechange|Bug|[from] ability: Libero\n|-resisted|p2a: Gliscor\n|-damage|p2a: Gliscor|63\/100 tox\n|\n|t:|1699135385\n|switch|p1a: ice spice|Sinistcha-Masterpiece|88\/100|[from] U-turn\n|move|p2a: Gliscor|Spikes|p1a: ice spice\n|-sidestart|p1: sgrg32|Spikes\n|\n|-heal|p2a: Gliscor|75\/100 tox|[from] ability: Poison Heal\n|upkeep\n|turn|42\n|\n|t:|1699135392\n|move|p2a: Gliscor|Protect|p2a: Gliscor\n|-singleturn|p2a: Gliscor|Protect\n|move|p1a: ice spice|Scald|p2a: Gliscor\n|-activate|p2a: Gliscor|move: Protect\n|\n|-heal|p2a: Gliscor|88\/100 tox|[from] ability: Poison Heal\n|upkeep\n|turn|43\n|\n|t:|1699135396\n|switch|p2a: Florges|Florges, F|84\/100 brn\n|move|p1a: ice spice|Scald|p2a: Florges\n|-damage|p2a: Florges|72\/100 brn\n|\n|-heal|p2a: Florges|79\/100 brn|[from] item: Leftovers\n|-damage|p2a: Florges|72\/100 brn|[from] brn\n|upkeep\n|turn|44\n|\n|t:|1699135400\n|switch|p1a: therealfurrybait|Cinderace, M|100\/100\n|move|p2a: Florges|Wish|p2a: Florges\n|\n|-heal|p2a: Florges|79\/100 brn|[from] item: Leftovers\n|-damage|p2a: Florges|72\/100 brn|[from] brn\n|upkeep\n|turn|45\n|\n|t:|1699135425\n|switch|p2a: Gliscor|Gliscor, M|88\/100 tox\n|move|p1a: therealfurrybait|Court Change|p1a: therealfurrybait\n|-start|p1a: therealfurrybait|typechange|Normal|[from] ability: Libero\n|-swapsideconditions\n|-activate|p1a: therealfurrybait|move: Court Change\n|\n|-heal|p2a: Gliscor|100\/100 tox|[from] move: Wish|[wisher] Florges\n|upkeep\n|turn|46\n|j| JTeaa)\n|\n|t:|1699135432\n|move|p1a: therealfurrybait|U-turn|p2a: Gliscor\n|-resisted|p2a: Gliscor\n|-damage|p2a: Gliscor|95\/100 tox\n|c| JTeaa)|zzzz\n|\n|t:|1699135434\n|switch|p1a: furry bait pt2|Glaceon, M|100\/100|[from] U-turn\n|move|p2a: Gliscor|Toxic|p1a: furry bait pt2\n|-status|p1a: furry bait pt2|tox\n|\n|-heal|p2a: Gliscor|100\/100 tox|[from] ability: Poison Heal\n|-damage|p1a: furry bait pt2|94\/100 tox|[from] psn\n|upkeep\n|turn|47\n|\n|t:|1699135447\n|switch|p2a: Toxapex|Toxapex, M|100\/100\n|-damage|p2a: Toxapex|88\/100|[from] Spikes\n|move|p1a: furry bait pt2|Freeze-Dry|p2a: Toxapex\n|-supereffective|p2a: Toxapex\n|-damage|p2a: Toxapex|41\/100\n|\n|-heal|p1a: furry bait pt2|100\/100 tox|[from] item: Leftovers\n|-heal|p2a: Toxapex|47\/100|[from] item: Black Sludge\n|-damage|p1a: furry bait pt2|88\/100 tox|[from] psn\n|upkeep\n|turn|48\n|\n|t:|1699135456\n|move|p2a: Toxapex|Baneful Bunker|p2a: Toxapex\n|-singleturn|p2a: Toxapex|move: Protect\n|move|p1a: furry bait pt2|Wish|p1a: furry bait pt2\n|\n|-heal|p1a: furry bait pt2|94\/100 tox|[from] item: Leftovers\n|-heal|p2a: Toxapex|53\/100|[from] item: Black Sludge\n|-damage|p1a: furry bait pt2|76\/100 tox|[from] psn\n|upkeep\n|turn|49\n|\n|t:|1699135465\n|switch|p1a: b-tec sandyshocks|Magneton, shiny|50\/100\n|switch|p2a: Florges|Florges, F|72\/100 brn\n|-damage|p2a: Florges|60\/100 brn|[from] Spikes\n|\n|-heal|p1a: b-tec sandyshocks|100\/100|[from] move: Wish|[wisher] furry bait pt2\n|-heal|p2a: Florges|66\/100 brn|[from] item: Leftovers\n|-damage|p2a: Florges|60\/100 brn|[from] brn\n|upkeep\n|turn|50\n|\n|t:|1699135470\n|move|p2a: Florges|Protect|p2a: Florges\n|-singleturn|p2a: Florges|Protect\n|move|p1a: b-tec sandyshocks|Steel Beam|p2a: Florges\n|-activate|p2a: Florges|move: Protect\n|-damage|p1a: b-tec sandyshocks|50\/100|[from] steelbeam\n|\n|-heal|p2a: Florges|66\/100 brn|[from] item: Leftovers\n|-damage|p2a: Florges|60\/100 brn|[from] brn\n|upkeep\n|turn|51\n|\n|t:|1699135484\n|switch|p1a: therealfurrybait|Cinderace, M|100\/100\n|switch|p2a: Toxapex|Toxapex, M|86\/100\n|-damage|p2a: Toxapex|74\/100|[from] Spikes\n|\n|-heal|p2a: Toxapex|80\/100|[from] item: Black Sludge\n|upkeep\n|turn|52\n|\n|t:|1699135497\n|move|p2a: Toxapex|Baneful Bunker|p2a: Toxapex\n|-singleturn|p2a: Toxapex|move: Protect\n|move|p1a: therealfurrybait|Will-O-Wisp|p2a: Toxapex\n|-activate|p2a: Toxapex|move: Protect\n|\n|-heal|p2a: Toxapex|86\/100|[from] item: Black Sludge\n|upkeep\n|turn|53\n|\n|t:|1699135502\n|move|p1a: therealfurrybait|U-turn|p2a: Toxapex\n|-start|p1a: therealfurrybait|typechange|Bug|[from] ability: Libero\n|-resisted|p2a: Toxapex\n|-crit|p2a: Toxapex\n|-damage|p2a: Toxapex|70\/100\n|\n|t:|1699135506\n|switch|p1a: JTea_|Empoleon, M|45\/100|[from] U-turn\n|move|p2a: Toxapex|Chilling Water|p1a: JTea_\n|-resisted|p1a: JTea_\n|-damage|p1a: JTea_|40\/100\n|-unboost|p1a: JTea_|atk|1\n|-ability|p1a: JTea_|Competitive|boost\n|-boost|p1a: JTea_|spa|2\n|\n|-heal|p2a: Toxapex|76\/100|[from] item: Black Sludge\n|upkeep\n|turn|54\n|\n|t:|1699135510\n|move|p1a: JTea_|Hydro Pump|p2a: Toxapex|[miss]\n|-miss|p1a: JTea_|p2a: Toxapex\n|move|p2a: Toxapex|Haze|p2a: Toxapex\n|-clearallboost\n|\n|-heal|p2a: Toxapex|83\/100|[from] item: Black Sludge\n|upkeep\n|turn|55\n|\n|t:|1699135517\n|switch|p1a: ice spice|Sinistcha-Masterpiece|88\/100\n|move|p2a: Toxapex|Chilling Water|p1a: ice spice\n|-resisted|p1a: ice spice\n|-damage|p1a: ice spice|83\/100\n|-unboost|p1a: ice spice|atk|1\n|\n|-heal|p2a: Toxapex|89\/100|[from] item: Black Sludge\n|upkeep\n|turn|56\n|\n|t:|1699135540\n|move|p1a: ice spice|Matcha Gotcha|p2a: Toxapex|[miss]\n|-miss|p1a: ice spice|p2a: Toxapex\n|move|p2a: Toxapex|Chilling Water|p1a: ice spice\n|-resisted|p1a: ice spice\n|-damage|p1a: ice spice|77\/100\n|-unboost|p1a: ice spice|atk|1\n|\n|-heal|p2a: Toxapex|95\/100|[from] item: Black Sludge\n|upkeep\n|turn|57\n|\n|t:|1699135544\n|move|p2a: Toxapex|Baneful Bunker|p2a: Toxapex\n|-singleturn|p2a: Toxapex|move: Protect\n|move|p1a: ice spice|Matcha Gotcha|p2a: Toxapex\n|-activate|p2a: Toxapex|move: Protect\n|\n|-heal|p2a: Toxapex|100\/100|[from] item: Black Sludge\n|upkeep\n|turn|58\n|\n|t:|1699135583\n|switch|p2a: Florges|Florges, F|60\/100 brn\n|-damage|p2a: Florges|47\/100 brn|[from] Spikes\n|move|p1a: ice spice|Matcha Gotcha|p2a: Florges\n|-damage|p2a: Florges|31\/100 brn\n|-heal|p1a: ice spice|86\/100|[from] drain|[of] p2a: Florges\n|\n|-heal|p2a: Florges|37\/100 brn|[from] item: Leftovers\n|-damage|p2a: Florges|31\/100 brn|[from] brn\n|upkeep\n|turn|59\n|\n|t:|1699135604\n|move|p2a: Florges|Wish|p2a: Florges\n|move|p1a: ice spice|Hex|p2a: Florges\n|-damage|p2a: Florges|2\/100 brn\n|\n|-heal|p2a: Florges|8\/100 brn|[from] item: Leftovers\n|-damage|p2a: Florges|2\/100 brn|[from] brn\n|upkeep\n|turn|60\n|\n|t:|1699135613\n|switch|p1a: therealfurrybait|Cinderace, M|100\/100\n|move|p2a: Florges|Protect||[still]\n|-fail|p2a: Florges\n|\n|-heal|p2a: Florges|52\/100 brn|[from] move: Wish|[wisher] Florges\n|-heal|p2a: Florges|58\/100 brn|[from] item: Leftovers\n|-damage|p2a: Florges|52\/100 brn|[from] brn\n|upkeep\n|turn|61\n|c|\u2606S3nKay|that was too close for comfort\n|\n|t:|1699135626\n|switch|p2a: Gliscor|Gliscor, M|100\/100 tox\n|move|p1a: therealfurrybait|Pyro Ball|p2a: Gliscor\n|-damage|p2a: Gliscor|73\/100 tox\n|\n|-heal|p2a: Gliscor|85\/100 tox|[from] ability: Poison Heal\n|upkeep\n|turn|62\n|\n|t:|1699135649\n|move|p1a: therealfurrybait|U-turn|p2a: Gliscor\n|-start|p1a: therealfurrybait|typechange|Bug|[from] ability: Libero\n|-resisted|p2a: Gliscor\n|-damage|p2a: Gliscor|77\/100 tox\n|\n|t:|1699135658\n|switch|p1a: furry bait pt2|Glaceon, M|76\/100 tox|[from] U-turn\n|move|p2a: Gliscor|Earthquake|p1a: furry bait pt2\n|-damage|p1a: furry bait pt2|46\/100 tox\n|\n|-heal|p1a: furry bait pt2|52\/100 tox|[from] item: Leftovers\n|-heal|p2a: Gliscor|89\/100 tox|[from] ability: Poison Heal\n|-damage|p1a: furry bait pt2|46\/100 tox|[from] psn\n|upkeep\n|turn|63\n|\n|t:|1699135689\n|switch|p2a: Florges|Florges, F|52\/100 brn\n|-damage|p2a: Florges|39\/100 brn|[from] Spikes\n|switch|p1a: trap house|Enamorus, F|100\/100\n|\n|-heal|p2a: Florges|45\/100 brn|[from] item: Leftovers\n|-damage|p2a: Florges|39\/100 brn|[from] brn\n|upkeep\n|turn|64\n|\n|t:|1699135699\n|move|p2a: Florges|Protect|p2a: Florges\n|-singleturn|p2a: Florges|Protect\n|move|p1a: trap house|Substitute|p1a: trap house\n|-start|p1a: trap house|Substitute\n|-damage|p1a: trap house|76\/100\n|\n|-heal|p1a: trap house|82\/100|[from] item: Leftovers\n|-heal|p2a: Florges|45\/100 brn|[from] item: Leftovers\n|-damage|p2a: Florges|39\/100 brn|[from] brn\n|upkeep\n|turn|65\n|\n|t:|1699135708\n|-terastallize|p2a: Florges|Steel\n|move|p1a: trap house|Calm Mind|p1a: trap house\n|-boost|p1a: trap house|spa|1\n|-boost|p1a: trap house|spd|1\n|move|p2a: Florges|Tera Blast|p1a: trap house|[anim] Tera Blast Steel\n|-supereffective|p1a: trap house\n|-end|p1a: trap house|Substitute\n|\n|-heal|p1a: trap house|88\/100|[from] item: Leftovers\n|-heal|p2a: Florges|45\/100 brn|[from] item: Leftovers\n|-damage|p2a: Florges|39\/100 brn|[from] brn\n|upkeep\n|turn|66\n|\n|t:|1699135711\n|move|p1a: trap house|Earth Power|p2a: Florges\n|-supereffective|p2a: Florges\n|-crit|p2a: Florges\n|-damage|p2a: Florges|0 fnt\n|faint|p2a: Florges\n|\n|-heal|p1a: trap house|94\/100|[from] item: Leftovers\n|upkeep\n|\n|t:|1699135720\n|switch|p2a: Toxapex|Toxapex, M|100\/100\n|-damage|p2a: Toxapex|88\/100|[from] Spikes\n|turn|67\n|\n|t:|1699135723\n|move|p1a: trap house|Substitute|p1a: trap house\n|-start|p1a: trap house|Substitute\n|-damage|p1a: trap house|69\/100\n|move|p2a: Toxapex|Haze|p2a: Toxapex\n|-clearallboost\n|\n|-heal|p1a: trap house|76\/100|[from] item: Leftovers\n|-heal|p2a: Toxapex|94\/100|[from] item: Black Sludge\n|upkeep\n|turn|68\n|\n|t:|1699135736\n|move|p1a: trap house|Calm Mind|p1a: trap house\n|-boost|p1a: trap house|spa|1\n|-boost|p1a: trap house|spd|1\n|move|p2a: Toxapex|Chilling Water|p1a: trap house\n|-activate|p1a: trap house|move: Substitute|[damage]\n|\n|-heal|p1a: trap house|82\/100|[from] item: Leftovers\n|-heal|p2a: Toxapex|100\/100|[from] item: Black Sludge\n|upkeep\n|turn|69\n|\n|t:|1699135738\n|move|p1a: trap house|Earth Power|p2a: Toxapex\n|-supereffective|p2a: Toxapex\n|-damage|p2a: Toxapex|35\/100\n|move|p2a: Toxapex|Haze|p2a: Toxapex\n|-clearallboost\n|\n|-heal|p1a: trap house|88\/100|[from] item: Leftovers\n|-heal|p2a: Toxapex|42\/100|[from] item: Black Sludge\n|upkeep\n|turn|70\n|\n|t:|1699135743\n|move|p1a: trap house|Calm Mind|p1a: trap house\n|-boost|p1a: trap house|spa|1\n|-boost|p1a: trap house|spd|1\n|move|p2a: Toxapex|Recover|p2a: Toxapex\n|-heal|p2a: Toxapex|92\/100\n|\n|-heal|p1a: trap house|94\/100|[from] item: Leftovers\n|-heal|p2a: Toxapex|98\/100|[from] item: Black Sludge\n|upkeep\n|turn|71\n|\n|t:|1699135747\n|move|p1a: trap house|Earth Power|p2a: Toxapex\n|-supereffective|p2a: Toxapex\n|-damage|p2a: Toxapex|41\/100\n|move|p2a: Toxapex|Chilling Water|p1a: trap house\n|-activate|p1a: trap house|move: Substitute|[damage]\n|\n|-heal|p1a: trap house|100\/100|[from] item: Leftovers\n|-heal|p2a: Toxapex|47\/100|[from] item: Black Sludge\n|upkeep\n|turn|72\n|\n|t:|1699135755\n|move|p2a: Toxapex|Baneful Bunker|p2a: Toxapex\n|-singleturn|p2a: Toxapex|move: Protect\n|move|p1a: trap house|Earth Power|p2a: Toxapex\n|-activate|p2a: Toxapex|move: Protect\n|\n|-heal|p2a: Toxapex|53\/100|[from] item: Black Sludge\n|upkeep\n|turn|73\n|\n|t:|1699135759\n|move|p1a: trap house|Earth Power|p2a: Toxapex\n|-supereffective|p2a: Toxapex\n|-damage|p2a: Toxapex|0 fnt\n|faint|p2a: Toxapex\n|\n|upkeep\n|\n|t:|1699135782\n|switch|p2a: Skeledirge|Skeledirge, M|100\/100\n|-damage|p2a: Skeledirge|88\/100|[from] Spikes\n|turn|74\n|\n|t:|1699135787\n|move|p1a: trap house|Earth Power|p2a: Skeledirge\n|-supereffective|p2a: Skeledirge\n|-damage|p2a: Skeledirge|22\/100\n|move|p2a: Skeledirge|Torch Song|p1a: trap house\n|-crit|p1a: trap house\n|-damage|p1a: trap house|36\/100\n|-boost|p2a: Skeledirge|spa|1\n|\n|-heal|p1a: trap house|42\/100|[from] item: Leftovers\n|-heal|p2a: Skeledirge|28\/100|[from] item: Leftovers\n|upkeep\n|turn|75\n|\n|t:|1699135801\n|move|p1a: trap house|Earth Power|p2a: Skeledirge\n|-supereffective|p2a: Skeledirge\n|-damage|p2a: Skeledirge|0 fnt\n|faint|p2a: Skeledirge\n|\n|-heal|p1a: trap house|48\/100|[from] item: Leftovers\n|upkeep\n|\n|t:|1699135804\n|switch|p2a: Pawmot|Pawmot, M|100\/100\n|-damage|p2a: Pawmot|88\/100|[from] Spikes\n|turn|76\n|\n|t:|1699135821\n|move|p2a: Pawmot|Mach Punch|p1a: trap house\n|-resisted|p1a: trap house\n|-end|p1a: trap house|Substitute\n|-damage|p2a: Pawmot|78\/100|[from] item: Life Orb\n|move|p1a: trap house|Moonblast|p2a: Pawmot\n|-supereffective|p2a: Pawmot\n|-damage|p2a: Pawmot|0 fnt\n|faint|p2a: Pawmot\n|\n|-heal|p1a: trap house|54\/100|[from] item: Leftovers\n|upkeep\n|\n|t:|1699135824\n|switch|p2a: Great Tusk|Great Tusk|100\/100\n|-damage|p2a: Great Tusk|88\/100|[from] Spikes\n|turn|77\n|\n|t:|1699135833\n|move|p2a: Great Tusk|Ice Spinner|p1a: trap house\n|-supereffective|p1a: trap house\n|-damage|p1a: trap house|0 fnt\n|faint|p1a: trap house\n|\n|upkeep\n|\n|t:|1699135835\n|switch|p1a: ice spice|Sinistcha-Masterpiece|86\/100\n|turn|78\n|\n|t:|1699135838\n|move|p2a: Great Tusk|Ice Spinner|p1a: ice spice\n|-supereffective|p1a: ice spice\n|-damage|p1a: ice spice|46\/100\n|-damage|p2a: Great Tusk|72\/100|[from] item: Rocky Helmet|[of] p1a: ice spice\n|move|p1a: ice spice|Scald|p2a: Great Tusk\n|-supereffective|p2a: Great Tusk\n|-damage|p2a: Great Tusk|10\/100\n|\n|upkeep\n|turn|79\n|\n|t:|1699135844\n|move|p2a: Great Tusk|Ice Spinner|p1a: ice spice\n|-supereffective|p1a: ice spice\n|-damage|p1a: ice spice|9\/100\n|-damage|p2a: Great Tusk|0 fnt|[from] item: Rocky Helmet|[of] p1a: ice spice\n|faint|p2a: Great Tusk\n|-end|p2a: Great Tusk|Protosynthesis|[silent]\n|move|p1a: ice spice|Strength Sap|p2: Great Tusk|[notarget]\n|-fail|p1a: ice spice\n|\n|upkeep\n|\n|t:|1699135847\n|switch|p2a: Gliscor|Gliscor, M|89\/100 tox\n|turn|80\n|\n|t:|1699135867\n|move|p2a: Gliscor|Earthquake|p1a: ice spice\n|-resisted|p1a: ice spice\n|-damage|p1a: ice spice|0 fnt\n|faint|p1a: ice spice\n|\n|-heal|p2a: Gliscor|100\/100 tox|[from] ability: Poison Heal\n|upkeep\n|\n|t:|1699135874\n|switch|p1a: furry bait pt2|Glaceon, M|46\/100 tox\n|turn|81\n|\n|t:|1699135878\n|move|p2a: Gliscor|Protect|p2a: Gliscor\n|-singleturn|p2a: Gliscor|Protect\n|move|p1a: furry bait pt2|Freeze-Dry|p2a: Gliscor\n|-activate|p2a: Gliscor|move: Protect\n|\n|-heal|p1a: furry bait pt2|52\/100 tox|[from] item: Leftovers\n|-damage|p1a: furry bait pt2|46\/100 tox|[from] psn\n|upkeep\n|turn|82\n|\n|t:|1699135923\n|move|p2a: Gliscor|Protect|p2a: Gliscor\n|-singleturn|p2a: Gliscor|Protect\n|move|p1a: furry bait pt2|Freeze-Dry|p2a: Gliscor\n|-activate|p2a: Gliscor|move: Protect\n|\n|-heal|p1a: furry bait pt2|52\/100 tox|[from] item: Leftovers\n|-damage|p1a: furry bait pt2|40\/100 tox|[from] psn\n|upkeep\n|turn|83\n|\n|t:|1699135960\n|move|p2a: Gliscor|Earthquake|p1a: furry bait pt2\n|-damage|p1a: furry bait pt2|10\/100 tox\n|move|p1a: furry bait pt2|Freeze-Dry|p2a: Gliscor\n|-supereffective|p2a: Gliscor\n|-damage|p2a: Gliscor|0 fnt\n|faint|p2a: Gliscor\n|\n|win|sgrg32\n|c|\u2606sgrg32|ggs\n|c|\u2606S3nKay|rip low roll\n|l| JTeaa)\n|l|\u2606S3nKay\n|c|\u2606sgrg32|ill post once my unite game is over\n|l| Buzzwardo\n","uploadtime":1699136485,"views":21,"p1id":"sgrg32","p2id":"s3nkay","formatid":"gen9ubers","rating":0,"private":0,"password":""}