{"id":"gen9ubers-1995648641","p1":"driftin12345","p2":"Sebash221","format":"[Gen 9] Ubers","log":"|j|\u2606driftin12345\n|j|\u2606Sebash221\n|t:|1700590642\n|gametype|singles\n|player|p1|driftin12345|266|1000\n|player|p2|Sebash221|harlequin|1070\n|teamsize|p1|6\n|teamsize|p2|6\n|gen|9\n|tier|[Gen 9] Ubers\n|rated|\n|rule|Sleep Clause Mod: Limit one foe put to sleep\n|rule|Species Clause: Limit one of each Pok\u00e9mon\n|rule|OHKO Clause: OHKO moves are banned\n|rule|Evasion Items Clause: Evasion items are banned\n|rule|Evasion Moves Clause: Evasion moves are banned\n|rule|Endless Battle Clause: Forcing endless battles is banned\n|rule|HP Percentage Mod: HP is shown in percentages\n|clearpoke\n|poke|p1|Kingambit, F|\n|poke|p1|Brute Bonnet|\n|poke|p1|Zoroark, M|\n|poke|p1|Chien-Pao|\n|poke|p1|Ting-Lu|\n|poke|p1|Roaring Moon|\n|poke|p2|Ogerpon-Hearthflame, F|\n|poke|p2|Chi-Yu|\n|poke|p2|Ting-Lu|\n|poke|p2|Wo-Chien|\n|poke|p2|Chien-Pao|\n|poke|p2|Sableye, F|\n|teampreview\n|\n|t:|1700590657\n|start\n|switch|p1a: Ting-Lu|Ting-Lu|100\/100\n|switch|p2a: Ting-Lu|Ting-Lu|100\/100\n|-ability|p2a: Ting-Lu|Vessel of Ruin\n|-ability|p1a: Ting-Lu|Vessel of Ruin\n|turn|1\n|\n|t:|1700590675\n|move|p2a: Ting-Lu|Stealth Rock|p1a: Ting-Lu\n|-sidestart|p1: driftin12345|move: Stealth Rock\n|move|p1a: Ting-Lu|Whirlwind|p2a: Ting-Lu\n|drag|p2a: Sableye|Sableye, F|100\/100\n|\n|upkeep\n|turn|2\n|\n|t:|1700590683\n|move|p2a: Sableye|Will-O-Wisp|p1a: Ting-Lu\n|-hint|Since gen 7, Dark is immune to Prankster moves.\n|-immune|p1a: Ting-Lu\n|move|p1a: Ting-Lu|Stealth Rock|p2a: Sableye\n|-sidestart|p2: Sebash221|move: Stealth Rock\n|\n|upkeep\n|turn|3\n|\n|t:|1700590690\n|move|p2a: Sableye|Knock Off|p1a: Ting-Lu\n|-resisted|p1a: Ting-Lu\n|-damage|p1a: Ting-Lu|93\/100\n|-enditem|p1a: Ting-Lu|Leftovers|[from] move: Knock Off|[of] p2a: Sableye\n|move|p1a: Ting-Lu|Spikes|p2a: Sableye\n|-sidestart|p2: Sebash221|Spikes\n|\n|upkeep\n|turn|4\n|\n|t:|1700590699\n|switch|p2a: Ogerpon|Ogerpon-Hearthflame, F|100\/100\n|-damage|p2a: Ogerpon|76\/100|[from] Stealth Rock\n|-damage|p2a: Ogerpon|63\/100|[from] Spikes\n|-ability|p2a: Ogerpon|Mold Breaker\n|move|p1a: Ting-Lu|Spikes|p2a: Ogerpon\n|-sidestart|p2: Sebash221|Spikes\n|\n|upkeep\n|turn|5\n|\n|t:|1700590707\n|move|p2a: Ogerpon|Swords Dance|p2a: Ogerpon\n|-boost|p2a: Ogerpon|atk|2\n|move|p1a: Ting-Lu|Spikes|p2a: Ogerpon\n|-sidestart|p2: Sebash221|Spikes\n|\n|upkeep\n|turn|6\n|\n|t:|1700590714\n|move|p2a: Ogerpon|Horn Leech|p1a: Ting-Lu\n|-supereffective|p1a: Ting-Lu\n|-damage|p1a: Ting-Lu|0 fnt\n|-heal|p2a: Ogerpon|100\/100|[from] drain|[of] p1a: Ting-Lu\n|faint|p1a: Ting-Lu\n|\n|upkeep\n|\n|t:|1700590740\n|switch|p1a: Roaring Moon|Roaring Moon, shiny|100\/100\n|-damage|p1a: Roaring Moon|88\/100|[from] Stealth Rock\n|turn|7\n|\n|t:|1700590756\n|-terastallize|p2a: Ogerpon|Fire\n|detailschange|p2a: Ogerpon|Ogerpon-Hearthflame-Tera, F, tera:Fire\n|-ability|p2a: Ogerpon|Embody Aspect (Hearthflame)|boost\n|-boost|p2a: Ogerpon|atk|1\n|move|p2a: Ogerpon|Spiky Shield|p2a: Ogerpon\n|-singleturn|p2a: Ogerpon|move: Protect\n|move|p1a: Roaring Moon|Dragon Claw|p2a: Ogerpon\n|-activate|p2a: Ogerpon|move: Protect\n|-damage|p1a: Roaring Moon|76\/100|[from] Spiky Shield|[of] p2a: Ogerpon\n|\n|upkeep\n|turn|8\n|\n|t:|1700590775\n|-terastallize|p1a: Roaring Moon|Dragon\n|move|p1a: Roaring Moon|Dragon Claw|p2a: Ogerpon\n|-damage|p2a: Ogerpon|17\/100\n|move|p2a: Ogerpon|Ivy Cudgel|p1a: Roaring Moon|[anim] Ivy Cudgel Fire\n|-resisted|p1a: Roaring Moon\n|-damage|p1a: Roaring Moon|0 fnt\n|faint|p1a: Roaring Moon\n|-end|p1a: Roaring Moon|Protosynthesis|[silent]\n|\n|upkeep\n|\n|t:|1700590794\n|switch|p1a: Brute Bonnet|Brute Bonnet, shiny|100\/100\n|-damage|p1a: Brute Bonnet|88\/100|[from] Stealth Rock\n|turn|9\n|\n|t:|1700590805\n|move|p2a: Ogerpon|Swords Dance|p2a: Ogerpon\n|-boost|p2a: Ogerpon|atk|2\n|move|p1a: Brute Bonnet|Growth|p1a: Brute Bonnet\n|-boost|p1a: Brute Bonnet|atk|1\n|-boost|p1a: Brute Bonnet|spa|1\n|\n|upkeep\n|turn|10\n|\n|t:|1700590811\n|move|p1a: Brute Bonnet|Sucker Punch|p2a: Ogerpon\n|-damage|p2a: Ogerpon|0 fnt\n|faint|p2a: Ogerpon\n|\n|upkeep\n|\n|t:|1700590817\n|switch|p2a: Chi-Yu|Chi-Yu|100\/100\n|-damage|p2a: Chi-Yu|76\/100|[from] Stealth Rock\n|-damage|p2a: Chi-Yu|51\/100|[from] Spikes\n|-ability|p2a: Chi-Yu|Beads of Ruin\n|turn|11\n|\n|t:|1700590839\n|move|p2a: Chi-Yu|Substitute|p2a: Chi-Yu\n|-start|p2a: Chi-Yu|Substitute\n|-damage|p2a: Chi-Yu|26\/100\n|move|p1a: Brute Bonnet|Close Combat|p2a: Chi-Yu\n|-supereffective|p2a: Chi-Yu\n|-end|p2a: Chi-Yu|Substitute\n|-unboost|p1a: Brute Bonnet|def|1\n|-unboost|p1a: Brute Bonnet|spd|1\n|\n|upkeep\n|turn|12\n|\n|t:|1700590848\n|move|p1a: Brute Bonnet|Sucker Punch|p2a: Chi-Yu\n|-resisted|p2a: Chi-Yu\n|-damage|p2a: Chi-Yu|0 fnt\n|faint|p2a: Chi-Yu\n|\n|upkeep\n|\n|t:|1700590853\n|switch|p2a: Chien-Pao|Chien-Pao|100\/100\n|-damage|p2a: Chien-Pao|76\/100|[from] Stealth Rock\n|-damage|p2a: Chien-Pao|51\/100|[from] Spikes\n|-ability|p2a: Chien-Pao|Sword of Ruin\n|turn|13\n|\n|t:|1700590869\n|move|p2a: Chien-Pao|Ice Spinner|p1a: Brute Bonnet\n|-supereffective|p1a: Brute Bonnet\n|-damage|p1a: Brute Bonnet|0 fnt\n|faint|p1a: Brute Bonnet\n|-end|p1a: Brute Bonnet|Protosynthesis|[silent]\n|-damage|p2a: Chien-Pao|41\/100|[from] item: Life Orb\n|\n|upkeep\n|\n|t:|1700590881\n|switch|p1a: Chien-Pao|Chien-Pao|100\/100\n|-damage|p1a: Chien-Pao|76\/100|[from] Stealth Rock\n|-ability|p1a: Chien-Pao|Sword of Ruin\n|turn|14\n|\n|t:|1700590889\n|move|p2a: Chien-Pao|Sacred Sword|p1a: Chien-Pao\n|-supereffective|p1a: Chien-Pao\n|-damage|p1a: Chien-Pao|0 fnt\n|faint|p1a: Chien-Pao\n|-damage|p2a: Chien-Pao|31\/100|[from] item: Life Orb\n|\n|upkeep\n|\n|t:|1700590897\n|switch|p1a: Kingambit|Kingambit, F, shiny|100\/100\n|-damage|p1a: Kingambit|88\/100|[from] Stealth Rock\n|turn|15\n|\n|t:|1700590921\n|move|p2a: Chien-Pao|Swords Dance|p2a: Chien-Pao\n|-boost|p2a: Chien-Pao|atk|2\n|move|p1a: Kingambit|U-turn|p2a: Chien-Pao\n|-supereffective|p2a: Chien-Pao\n|-damage|p2a: Chien-Pao|0 fnt\n|faint|p2a: Chien-Pao\n|\n|t:|1700590927\n|switch|p1a: Kingambit|Kingambit, F, shiny|100\/100|[from] U-turn\n|-damage|p1a: Kingambit|95\/100|[from] Stealth Rock\n|-activate|p1a: Kingambit|ability: Supreme Overlord\n|-start|p1a: Kingambit|fallen4|[silent]\n|\n|-heal|p1a: Kingambit|100\/100|[from] item: Leftovers\n|upkeep\n|\n|t:|1700590935\n|switch|p2a: Sableye|Sableye, F|100\/100\n|-damage|p2a: Sableye|88\/100|[from] Stealth Rock\n|-damage|p2a: Sableye|63\/100|[from] Spikes\n|turn|16\n|\n|t:|1700590945\n|move|p2a: Sableye|Will-O-Wisp|p1a: Kingambit\n|-hint|Since gen 7, Dark is immune to Prankster moves.\n|-immune|p1a: Kingambit\n|move|p1a: Kingambit|Swords Dance|p1a: Kingambit\n|-boost|p1a: Kingambit|atk|2\n|\n|-heal|p2a: Sableye|69\/100|[from] item: Leftovers\n|upkeep\n|turn|17\n|\n|t:|1700590968\n|move|p1a: Kingambit|Iron Head|p2a: Sableye\n|-damage|p2a: Sableye|0 fnt\n|faint|p2a: Sableye\n|\n|upkeep\n|\n|t:|1700590978\n|switch|p2a: Ting-Lu|Ting-Lu|100\/100\n|-damage|p2a: Ting-Lu|94\/100|[from] Stealth Rock\n|-damage|p2a: Ting-Lu|69\/100|[from] Spikes\n|-ability|p2a: Ting-Lu|Vessel of Ruin\n|turn|18\n|\n|t:|1700590986\n|move|p1a: Kingambit|Iron Head|p2a: Ting-Lu\n|-damage|p2a: Ting-Lu|0 fnt\n|faint|p2a: Ting-Lu\n|\n|upkeep\n|\n|t:|1700590990\n|switch|p2a: Wo-Chien|Wo-Chien|100\/100\n|-damage|p2a: Wo-Chien|88\/100|[from] Stealth Rock\n|-damage|p2a: Wo-Chien|63\/100|[from] Spikes\n|-ability|p2a: Wo-Chien|Tablets of Ruin\n|turn|19\n|\n|t:|1700590998\n|move|p2a: Wo-Chien|Protect|p2a: Wo-Chien\n|-singleturn|p2a: Wo-Chien|Protect\n|move|p1a: Kingambit|Iron Head|p2a: Wo-Chien\n|-activate|p2a: Wo-Chien|move: Protect\n|\n|-heal|p2a: Wo-Chien|69\/100|[from] item: Leftovers\n|upkeep\n|turn|20\n|\n|t:|1700591005\n|move|p1a: Kingambit|Iron Head|p2a: Wo-Chien\n|-damage|p2a: Wo-Chien|0 fnt\n|faint|p2a: Wo-Chien\n|\n|win|driftin12345\n|raw|driftin12345's rating: 1000 &rarr; <strong>1048<\/strong><br \/>(+48 for winning)\n|raw|Sebash221's rating: 1070 &rarr; <strong>1045<\/strong><br \/>(-25 for losing)\n|l|\u2606Sebash221\n","uploadtime":1700591013,"views":27,"p1id":"driftin12345","p2id":"sebash221","formatid":"gen9ubers","rating":1045,"private":0,"password":""}