{"id":"gen9ubers-1973030719","p1":"MeteorAsh15","p2":"Dio Brandflakes","format":"[Gen 9] Ubers","log":"|j|\u2606MeteorAsh15\n|j|\u2606Dio Brandflakes\n|t:|1697920218\n|gametype|singles\n|player|p1|MeteorAsh15|nate|1221\n|player|p2|Dio Brandflakes|carmine-festival|1292\n|teamsize|p1|6\n|teamsize|p2|6\n|gen|9\n|tier|[Gen 9] Ubers\n|rated|\n|rule|Sleep Clause Mod: Limit one foe put to sleep\n|rule|Species Clause: Limit one of each Pok\u00e9mon\n|rule|OHKO Clause: OHKO moves are banned\n|rule|Evasion Items Clause: Evasion items are banned\n|rule|Evasion Moves Clause: Evasion moves are banned\n|rule|Endless Battle Clause: Forcing endless battles is banned\n|rule|HP Percentage Mod: HP is shown in percentages\n|clearpoke\n|poke|p1|Baxcalibur, F|\n|poke|p1|Ninetales-Alola, F|\n|poke|p1|Koraidon|\n|poke|p1|Zacian-*|\n|poke|p1|Tornadus, M|\n|poke|p1|Ribombee, F|\n|poke|p2|Magearna|\n|poke|p2|Giratina-Origin|\n|poke|p2|Palkia-Origin|\n|poke|p2|Arceus-Ghost|\n|poke|p2|Eternatus|\n|poke|p2|Koraidon|\n|teampreview\n|inactive|Battle timer is ON: inactive players will automatically lose when time's up. (requested by Dio Brandflakes)\n|\n|t:|1697920230\n|start\n|switch|p1a: Ribombee|Ribombee, F, shiny|100\/100\n|switch|p2a: Hera|Magearna|100\/100\n|turn|1\n|\n|t:|1697920236\n|move|p1a: Ribombee|Sticky Web|p2a: Hera\n|-sidestart|p2: Dio Brandflakes|move: Sticky Web\n|move|p2a: Hera|Calm Mind|p2a: Hera\n|-boost|p2a: Hera|spa|1\n|-boost|p2a: Hera|spd|1\n|\n|upkeep\n|turn|2\n|\n|t:|1697920242\n|move|p1a: Ribombee|Stun Spore|p2a: Hera\n|-status|p2a: Hera|par\n|move|p2a: Hera|Calm Mind|p2a: Hera\n|-boost|p2a: Hera|spa|1\n|-boost|p2a: Hera|spd|1\n|\n|upkeep\n|turn|3\n|\n|t:|1697920251\n|move|p1a: Ribombee|Tailwind|p1a: Ribombee\n|-sidestart|p1: MeteorAsh15|move: Tailwind\n|move|p2a: Hera|Flash Cannon|p1a: Ribombee\n|-supereffective|p1a: Ribombee\n|-enditem|p1a: Ribombee|Focus Sash\n|-damage|p1a: Ribombee|1\/100\n|-unboost|p1a: Ribombee|spd|1\n|\n|upkeep\n|turn|4\n|\n|t:|1697920260\n|move|p1a: Ribombee|Tailwind||[still]\n|-fail|p1a: Ribombee\n|move|p2a: Hera|Flash Cannon|p1a: Ribombee\n|-supereffective|p1a: Ribombee\n|-damage|p1a: Ribombee|0 fnt\n|faint|p1a: Ribombee\n|-ability|p2a: Hera|Soul-Heart|boost\n|-boost|p2a: Hera|spa|1\n|\n|upkeep\n|\n|t:|1697920269\n|switch|p1a: Koraidon|Koraidon|100\/100\n|-weather|SunnyDay|[from] ability: Orichalcum Pulse|[of] p1a: Koraidon\n|-activate|p1a: Koraidon|Orichalcum Pulse|[source]\n|turn|5\n|\n|t:|1697920276\n|-terastallize|p2a: Hera|Flying\n|move|p1a: Koraidon|Flare Blitz|p2a: Hera\n|-damage|p2a: Hera|32\/100 par\n|-damage|p1a: Koraidon|76\/100|[from] Recoil\n|cant|p2a: Hera|par\n|\n|-weather|SunnyDay|[upkeep]\n|-heal|p2a: Hera|38\/100 par|[from] item: Leftovers\n|upkeep\n|turn|6\n|\n|t:|1697920289\n|move|p1a: Koraidon|Ice Fang|p2a: Hera\n|-supereffective|p2a: Hera\n|-damage|p2a: Hera|0 fnt\n|faint|p2a: Hera\n|\n|-weather|SunnyDay|[upkeep]\n|-sideend|p1: MeteorAsh15|move: Tailwind\n|upkeep\n|\n|t:|1697920293\n|switch|p2a: Deimos|Giratina-Origin, shiny|100\/100\n|turn|7\n|\n|t:|1697920299\n|move|p1a: Koraidon|Dragon Claw|p2a: Deimos\n|-supereffective|p2a: Deimos\n|-damage|p2a: Deimos|36\/100\n|move|p2a: Deimos|Defog|p1a: Koraidon\n|-unboost|p1a: Koraidon|evasion|1\n|-sideend|p2: Dio Brandflakes|Sticky Web|[from] move: Defog|[of] p2a: Deimos\n|\n|-weather|SunnyDay|[upkeep]\n|upkeep\n|turn|8\n|\n|t:|1697920310\n|move|p1a: Koraidon|Dragon Claw|p2a: Deimos\n|-supereffective|p2a: Deimos\n|-damage|p2a: Deimos|0 fnt\n|faint|p2a: Deimos\n|\n|-weather|SunnyDay|[upkeep]\n|upkeep\n|\n|t:|1697920323\n|switch|p2a: Icarus|Koraidon|100\/100\n|-activate|p2a: Icarus|ability: Orichalcum Pulse\n|turn|9\n|\n|t:|1697920329\n|move|p2a: Icarus|Scale Shot|p1a: Koraidon\n|-supereffective|p1a: Koraidon\n|-damage|p1a: Koraidon|42\/100\n|-supereffective|p1a: Koraidon\n|-damage|p1a: Koraidon|9\/100\n|-supereffective|p1a: Koraidon\n|-damage|p1a: Koraidon|0 fnt\n|faint|p1a: Koraidon\n|-hitcount|p1: Koraidon|3\n|-unboost|p2a: Icarus|def|1\n|-boost|p2a: Icarus|spe|1\n|\n|-weather|none\n|upkeep\n|\n|t:|1697920341\n|switch|p1a: Tornadus|Tornadus, M, shiny|100\/100\n|turn|10\n|\n|t:|1697920348\n|switch|p2a: Dionysus|Eternatus|100\/100\n|-ability|p2a: Dionysus|Pressure\n|move|p1a: Tornadus|Tailwind|p1a: Tornadus\n|-sidestart|p1: MeteorAsh15|move: Tailwind\n|\n|upkeep\n|turn|11\n|\n|t:|1697920363\n|switch|p2a: Poseidon|Palkia-Origin, shiny|100\/100\n|-ability|p2a: Poseidon|Pressure\n|move|p1a: Tornadus|U-turn|p2a: Poseidon\n|-damage|p2a: Poseidon|84\/100\n|\n|t:|1697920369\n|switch|p1a: Ninetales|Ninetales-Alola, F|100\/100|[from] U-turn\n|-weather|Snow|[from] ability: Snow Warning|[of] p1a: Ninetales\n|\n|-weather|Snow|[upkeep]\n|upkeep\n|turn|12\n|\n|t:|1697920391\n|move|p1a: Ninetales|Freeze-Dry|p2a: Poseidon\n|-supereffective|p2a: Poseidon\n|-damage|p2a: Poseidon|0 fnt\n|faint|p2a: Poseidon\n|\n|-weather|Snow|[upkeep]\n|upkeep\n|\n|t:|1697920395\n|switch|p2a: Hades|Arceus-Ghost|100\/100\n|turn|13\n|\n|t:|1697920400\n|move|p1a: Ninetales|Aurora Veil|p1a: Ninetales\n|-sidestart|p1: MeteorAsh15|move: Aurora Veil\n|move|p2a: Hades|Calm Mind|p2a: Hades\n|-boost|p2a: Hades|spa|1\n|-boost|p2a: Hades|spd|1\n|\n|-weather|Snow|[upkeep]\n|-sideend|p1: MeteorAsh15|move: Tailwind\n|upkeep\n|turn|14\n|\n|t:|1697920408\n|move|p2a: Hades|Calm Mind|p2a: Hades\n|-boost|p2a: Hades|spa|1\n|-boost|p2a: Hades|spd|1\n|move|p1a: Ninetales|Encore|p2a: Hades\n|-start|p2a: Hades|Encore\n|\n|-weather|Snow|[upkeep]\n|upkeep\n|turn|15\n|\n|t:|1697920416\n|switch|p1a: Baxcalibur|Baxcalibur, F|100\/100\n|move|p2a: Hades|Calm Mind|p2a: Hades\n|-boost|p2a: Hades|spa|1\n|-boost|p2a: Hades|spd|1\n|\n|-weather|none\n|upkeep\n|turn|16\n|\n|t:|1697920424\n|move|p2a: Hades|Calm Mind|p2a: Hades\n|-boost|p2a: Hades|spa|1\n|-boost|p2a: Hades|spd|1\n|move|p1a: Baxcalibur|Swords Dance|p1a: Baxcalibur\n|-boost|p1a: Baxcalibur|atk|2\n|\n|upkeep\n|turn|17\n|\n|t:|1697920431\n|move|p2a: Hades|Calm Mind|p2a: Hades\n|-boost|p2a: Hades|spa|1\n|-boost|p2a: Hades|spd|1\n|move|p1a: Baxcalibur|Scale Shot|p2a: Hades\n|-damage|p2a: Hades|83\/100\n|-damage|p2a: Hades|64\/100\n|-damage|p2a: Hades|44\/100\n|-damage|p2a: Hades|26\/100\n|-hitcount|p2a: Hades|4\n|-unboost|p1a: Baxcalibur|def|1\n|-boost|p1a: Baxcalibur|spe|1\n|\n|-end|p2a: Hades|Encore\n|upkeep\n|turn|18\n|\n|t:|1697920446\n|move|p1a: Baxcalibur|Scale Shot|p2a: Hades\n|-damage|p2a: Hades|9\/100\n|-damage|p2a: Hades|0 fnt\n|faint|p2a: Hades\n|-hitcount|p2: Hades|2\n|-unboost|p1a: Baxcalibur|def|1\n|-boost|p1a: Baxcalibur|spe|1\n|\n|upkeep\n|-message|Dio Brandflakes forfeited.\n|\n|win|MeteorAsh15\n|raw|MeteorAsh15's rating: 1221 &rarr; <strong>1251<\/strong><br \/>(+30 for winning)\n|raw|Dio Brandflakes's rating: 1292 &rarr; <strong>1262<\/strong><br \/>(-30 for losing)\n|l|\u2606Dio Brandflakes\n","uploadtime":1697920463,"views":13,"p1id":"meteorash15","p2id":"diobrandflakes","formatid":"gen9ubers","rating":1251,"private":0,"password":""}