{"id":"gen9ubers-1994285765","p1":"JTeaa)","p2":"sussymatd","format":"[Gen 9] Ubers","log":"|j|\u2606JTeaa)\n|j|\u2606sussymatd\n|t:|1700427104\n|gametype|singles\n|player|p1|JTeaa)|pokemaniac|\n|player|p2|sussymatd|steven|\n|teamsize|p1|6\n|teamsize|p2|6\n|gen|9\n|tier|[Gen 9] Ubers\n|rule|Sleep Clause Mod: Limit one foe put to sleep\n|rule|Species Clause: Limit one of each Pok\u00e9mon\n|rule|OHKO Clause: OHKO moves are banned\n|rule|Evasion Items Clause: Evasion items are banned\n|rule|Evasion Moves Clause: Evasion moves are banned\n|rule|Endless Battle Clause: Forcing endless battles is banned\n|rule|HP Percentage Mod: HP is shown in percentages\n|clearpoke\n|poke|p1|Toedscruel, M|\n|poke|p1|Roaring Moon|\n|poke|p1|Empoleon, F|\n|poke|p1|Ribombee, M|\n|poke|p1|Veluza, F|\n|poke|p1|Flamigo, F|\n|poke|p2|Iron Treads|\n|poke|p2|Milotic, M|\n|poke|p2|Pincurchin, F|\n|poke|p2|Dunsparce, M|\n|poke|p2|Iron Valiant|\n|poke|p2|Arcanine-Hisui, M|\n|teampreview\n|j| sgrg32\n|c|\u2606sussymatd|Hello there\n|c|\u2606JTeaa)|glhf!\n|\n|t:|1700427125\n|start\n|switch|p1a: Sgrg!!|Empoleon, F, shiny|100\/100\n|switch|p2a: The Pawn|Dunsparce, M|100\/100\n|turn|1\n|j| MaseReloaded\n|\n|t:|1700427133\n|move|p1a: Sgrg!!|Stealth Rock|p2a: The Pawn\n|-sidestart|p2: sussymatd|move: Stealth Rock\n|move|p2a: The Pawn|Stealth Rock|p1a: Sgrg!!\n|-sidestart|p1: JTeaa)|move: Stealth Rock\n|\n|upkeep\n|turn|2\n|\n|t:|1700427140\n|move|p1a: Sgrg!!|Flip Turn|p2a: The Pawn\n|-damage|p2a: The Pawn|92\/100\n|\n|t:|1700427145\n|switch|p1a: Shroom Tip|Toedscruel, M|100\/100|[from] Flip Turn\n|-damage|p1a: Shroom Tip|94\/100|[from] Stealth Rock\n|move|p2a: The Pawn|Earthquake|p1a: Shroom Tip\n|-resisted|p1a: Shroom Tip\n|-damage|p1a: Shroom Tip|83\/100\n|\n|upkeep\n|turn|3\n|\n|t:|1700427157\n|switch|p2a: The Knight|Iron Treads|100\/100\n|-damage|p2a: The Knight|98\/100|[from] Stealth Rock\n|move|p1a: Shroom Tip|Rapid Spin|p2a: The Knight\n|-resisted|p2a: The Knight\n|-damage|p2a: The Knight|94\/100\n|-boost|p1a: Shroom Tip|spe|1\n|-sideend|p1: JTeaa)|Stealth Rock|[from] move: Rapid Spin|[of] p1a: Shroom Tip\n|\n|upkeep\n|turn|4\n|\n|t:|1700427162\n|move|p1a: Shroom Tip|Earth Power|p2a: The Knight\n|-supereffective|p2a: The Knight\n|-damage|p2a: The Knight|2\/100\n|move|p2a: The Knight|Rapid Spin|p1a: Shroom Tip\n|-damage|p1a: Shroom Tip|55\/100\n|-boost|p2a: The Knight|spe|1\n|-sideend|p2: sussymatd|Stealth Rock|[from] move: Rapid Spin|[of] p2a: The Knight\n|-damage|p2a: The Knight|0 fnt|[from] item: Life Orb\n|faint|p2a: The Knight\n|-end|p2a: The Knight|Quark Drive|[silent]\n|\n|upkeep\n|\n|t:|1700427182\n|switch|p2a: The Rook|Pincurchin, F|100\/100\n|-fieldstart|move: Electric Terrain|[from] ability: Electric Surge|[of] p2a: The Rook\n|turn|5\n|\n|t:|1700427200\n|move|p1a: Shroom Tip|Earth Power|p2a: The Rook\n|-supereffective|p2a: The Rook\n|-damage|p2a: The Rook|20\/100\n|move|p2a: The Rook|Liquidation|p1a: Shroom Tip\n|-damage|p1a: Shroom Tip|21\/100\n|-unboost|p1a: Shroom Tip|def|1\n|\n|upkeep\n|turn|6\n|\n|t:|1700427205\n|move|p2a: The Rook|Sucker Punch|p1a: Shroom Tip\n|-damage|p1a: Shroom Tip|0 fnt\n|faint|p1a: Shroom Tip\n|\n|upkeep\n|\n|t:|1700427210\n|switch|p1a: Ribombitch|Ribombee, M|100\/100\n|turn|7\n|\n|t:|1700427221\n|move|p1a: Ribombitch|Quiver Dance|p1a: Ribombitch\n|-boost|p1a: Ribombitch|spa|1\n|-boost|p1a: Ribombitch|spd|1\n|-boost|p1a: Ribombitch|spe|1\n|move|p2a: The Rook|Memento|p1a: Ribombitch\n|-unboost|p1a: Ribombitch|atk|2\n|-unboost|p1a: Ribombitch|spa|2\n|faint|p2a: The Rook\n|\n|upkeep\n|\n|t:|1700427223\n|switch|p2a: Week 1 rpeezy|Arcanine-Hisui, M|100\/100\n|-ability|p2a: Week 1 rpeezy|Intimidate|boost\n|-unboost|p1a: Ribombitch|atk|1\n|turn|8\n|c|\u2606sussymatd|U aint ready for it\n|\n|t:|1700427236\n|move|p1a: Ribombitch|Quiver Dance|p1a: Ribombitch\n|-boost|p1a: Ribombitch|spa|1\n|-boost|p1a: Ribombitch|spd|1\n|-boost|p1a: Ribombitch|spe|1\n|move|p2a: Week 1 rpeezy|Flame Charge|p1a: Ribombitch\n|-supereffective|p1a: Ribombitch\n|-enditem|p1a: Ribombitch|Focus Sash\n|-damage|p1a: Ribombitch|1\/100\n|-boost|p2a: Week 1 rpeezy|spe|1\n|\n|upkeep\n|turn|9\n|\n|t:|1700427242\n|move|p1a: Ribombitch|Stored Power|p2a: Week 1 rpeezy\n|-damage|p2a: Week 1 rpeezy|61\/100\n|move|p2a: Week 1 rpeezy|Flame Charge|p1a: Ribombitch\n|-supereffective|p1a: Ribombitch\n|-damage|p1a: Ribombitch|0 fnt\n|-boost|p2a: Week 1 rpeezy|spe|1\n|faint|p1a: Ribombitch\n|\n|upkeep\n|\n|t:|1700427275\n|switch|p1a: Nippy|Veluza, F|100\/100\n|turn|10\n|\n|t:|1700427295\n|-terastallize|p1a: Nippy|Steel\n|move|p2a: Week 1 rpeezy|Flare Blitz|p1a: Nippy\n|-supereffective|p1a: Nippy\n|-damage|p1a: Nippy|0 fnt\n|faint|p1a: Nippy\n|-damage|p2a: Week 1 rpeezy|29\/100|[from] Recoil\n|\n|upkeep\n|\n|t:|1700427304\n|switch|p1a: Pelican|Flamigo, F|100\/100\n|turn|11\n|\n|t:|1700427308\n|move|p2a: Week 1 rpeezy|Psychic Fangs|p1a: Pelican\n|-supereffective|p1a: Pelican\n|-damage|p1a: Pelican|4\/100\n|move|p1a: Pelican|Brave Bird|p2a: Week 1 rpeezy\n|-resisted|p2a: Week 1 rpeezy\n|-damage|p2a: Week 1 rpeezy|0 fnt\n|faint|p2a: Week 1 rpeezy\n|-damage|p1a: Pelican|0 fnt|[from] Recoil\n|faint|p1a: Pelican\n|\n|upkeep\n|\n|t:|1700427312\n|switch|p2a: The Queen|Iron Valiant|100\/100\n|switch|p1a: Shavings|Roaring Moon|100\/100\n|-activate|p2a: The Queen|ability: Quark Drive\n|-start|p2a: The Queen|quarkdrivespe\n|-enditem|p1a: Shavings|Booster Energy\n|-activate|p1a: Shavings|ability: Protosynthesis|[fromitem]\n|-start|p1a: Shavings|protosynthesisspe\n|turn|12\n|\n|t:|1700427322\n|-end|p1a: Shavings|Protosynthesis|[silent]\n|switch|p1a: Sgrg!!|Empoleon, F, shiny|100\/100\n|move|p2a: The Queen|Moonblast|p1a: Sgrg!!\n|-resisted|p1a: Sgrg!!\n|-damage|p1a: Sgrg!!|82\/100\n|-unboost|p1a: Sgrg!!|spa|1\n|-damage|p2a: The Queen|91\/100|[from] item: Life Orb\n|\n|-heal|p1a: Sgrg!!|88\/100|[from] item: Leftovers\n|-fieldend|move: Electric Terrain\n|-end|p2a: The Queen|Quark Drive\n|upkeep\n|turn|13\n|\n|t:|1700427331\n|-end|p2a: The Queen|Quark Drive|[silent]\n|switch|p2a: The Pawn|Dunsparce, M|92\/100\n|move|p1a: Sgrg!!|Stealth Rock|p2a: The Pawn\n|-sidestart|p2: sussymatd|move: Stealth Rock\n|\n|-heal|p1a: Sgrg!!|94\/100|[from] item: Leftovers\n|upkeep\n|turn|14\n|\n|t:|1700427340\n|move|p1a: Sgrg!!|Protect|p1a: Sgrg!!\n|-singleturn|p1a: Sgrg!!|Protect\n|move|p2a: The Pawn|Stealth Rock|p1a: Sgrg!!\n|-sidestart|p1: JTeaa)|move: Stealth Rock\n|\n|-heal|p1a: Sgrg!!|99\/100|[from] item: Leftovers\n|upkeep\n|turn|15\n|\n|t:|1700427344\n|switch|p1a: Shavings|Roaring Moon|100\/100\n|-damage|p1a: Shavings|88\/100|[from] Stealth Rock\n|move|p2a: The Pawn|Earthquake|p1a: Shavings\n|-damage|p1a: Shavings|64\/100\n|\n|upkeep\n|turn|16\n|\n|t:|1700427347\n|move|p1a: Shavings|Dragon Dance|p1a: Shavings\n|-boost|p1a: Shavings|atk|1\n|-boost|p1a: Shavings|spe|1\n|move|p2a: The Pawn|Body Slam|p1a: Shavings\n|-damage|p1a: Shavings|36\/100\n|-status|p1a: Shavings|par\n|\n|upkeep\n|turn|17\n|c|\u2606sussymatd|YEEEEAH\n|\n|t:|1700427353\n|move|p1a: Shavings|Acrobatics|p2a: The Pawn\n|-damage|p2a: The Pawn|63\/100\n|move|p2a: The Pawn|Body Slam|p1a: Shavings\n|-damage|p1a: Shavings|8\/100 par\n|\n|upkeep\n|turn|18\n|\n|t:|1700427356\n|move|p1a: Shavings|Knock Off|p2a: The Pawn\n|-damage|p2a: The Pawn|25\/100\n|-enditem|p2a: The Pawn|Eviolite|[from] move: Knock Off|[of] p1a: Shavings\n|move|p2a: The Pawn|Body Slam|p1a: Shavings\n|-damage|p1a: Shavings|0 fnt\n|faint|p1a: Shavings\n|-end|p1a: Shavings|Protosynthesis|[silent]\n|\n|upkeep\n|\n|t:|1700427358\n|switch|p1a: Sgrg!!|Empoleon, F, shiny|99\/100\n|-damage|p1a: Sgrg!!|94\/100|[from] Stealth Rock\n|turn|19\n|\n|t:|1700427362\n|switch|p2a: The Bishop|Milotic, M|100\/100\n|-damage|p2a: The Bishop|88\/100|[from] Stealth Rock\n|move|p1a: Sgrg!!|Ice Spinner|p2a: The Bishop\n|-resisted|p2a: The Bishop\n|-damage|p2a: The Bishop|78\/100\n|\n|-heal|p1a: Sgrg!!|99\/100|[from] item: Leftovers\n|-status|p2a: The Bishop|brn|[from] item: Flame Orb\n|upkeep\n|turn|20\n|\n|t:|1700427370\n|move|p2a: The Bishop|Scald|p1a: Sgrg!!\n|-resisted|p1a: Sgrg!!\n|-damage|p1a: Sgrg!!|88\/100\n|-status|p1a: Sgrg!!|brn\n|move|p1a: Sgrg!!|Ice Spinner|p2a: The Bishop\n|-resisted|p2a: The Bishop\n|-damage|p2a: The Bishop|74\/100 brn\n|\n|-heal|p1a: Sgrg!!|95\/100 brn|[from] item: Leftovers\n|-damage|p2a: The Bishop|68\/100 brn|[from] brn\n|-damage|p1a: Sgrg!!|88\/100 brn|[from] brn\n|upkeep\n|turn|21\n|\n|t:|1700427375\n|move|p2a: The Bishop|Scald|p1a: Sgrg!!\n|-resisted|p1a: Sgrg!!\n|-damage|p1a: Sgrg!!|76\/100 brn\n|move|p1a: Sgrg!!|Ice Spinner|p2a: The Bishop\n|-resisted|p2a: The Bishop\n|-damage|p2a: The Bishop|65\/100 brn\n|\n|-heal|p1a: Sgrg!!|82\/100 brn|[from] item: Leftovers\n|-damage|p2a: The Bishop|59\/100 brn|[from] brn\n|-damage|p1a: Sgrg!!|76\/100 brn|[from] brn\n|upkeep\n|turn|22\n|\n|t:|1700427381\n|move|p2a: The Bishop|Scald|p1a: Sgrg!!\n|-resisted|p1a: Sgrg!!\n|-damage|p1a: Sgrg!!|66\/100 brn\n|move|p1a: Sgrg!!|Flip Turn|p2a: The Bishop\n|-resisted|p2a: The Bishop\n|-damage|p2a: The Bishop|55\/100 brn\n|\n|-heal|p1a: Sgrg!!|72\/100 brn|[from] item: Leftovers\n|-damage|p2a: The Bishop|49\/100 brn|[from] brn\n|-damage|p1a: Sgrg!!|66\/100 brn|[from] brn\n|upkeep\n|turn|23\n|\n|t:|1700427384\n|move|p2a: The Bishop|Recover|p2a: The Bishop\n|-heal|p2a: The Bishop|99\/100 brn\n|move|p1a: Sgrg!!|Ice Spinner|p2a: The Bishop\n|-resisted|p2a: The Bishop\n|-damage|p2a: The Bishop|95\/100 brn\n|\n|-heal|p1a: Sgrg!!|72\/100 brn|[from] item: Leftovers\n|-damage|p2a: The Bishop|89\/100 brn|[from] brn\n|-damage|p1a: Sgrg!!|66\/100 brn|[from] brn\n|upkeep\n|turn|24\n|c|\u2606JTeaa)|okay gg\n|-message|JTeaa) forfeited.\n|\n|win|sussymatd\n|l|\u2606JTeaa)\n|c|\u2606sussymatd|Gg\n","uploadtime":1700427398,"views":24,"p1id":"jteaa","p2id":"sussymatd","formatid":"gen9ubers","rating":0,"private":0,"password":""}