{"id":"gen9ubers-1977741789","p1":"SadaShidz\ufe0f","p2":"TonCousinKevinn","format":"[Gen 9] Ubers","log":"|j|\u203dSadaShidz\ufe0f\n|j|\u2606TonCousinKevinn\n|t:|1698444279\n|gametype|singles\n|player|p1|SadaShidz\ufe0f|sada-ai|1205\n|player|p2|TonCousinKevinn|juan|1135\n|teamsize|p1|6\n|teamsize|p2|6\n|gen|9\n|tier|[Gen 9] Ubers\n|rated|\n|rule|Sleep Clause Mod: Limit one foe put to sleep\n|rule|Species Clause: Limit one of each Pok\u00e9mon\n|rule|OHKO Clause: OHKO moves are banned\n|rule|Evasion Items Clause: Evasion items are banned\n|rule|Evasion Moves Clause: Evasion moves are banned\n|rule|Endless Battle Clause: Forcing endless battles is banned\n|rule|HP Percentage Mod: HP is shown in percentages\n|clearpoke\n|poke|p1|Ribombee, M|\n|poke|p1|Shaymin-Sky|\n|poke|p1|Amoonguss, M|\n|poke|p1|Darkrai|\n|poke|p1|Manaphy|\n|poke|p1|Koraidon|\n|poke|p2|Annihilape, M|\n|poke|p2|Chien-Pao|\n|poke|p2|Baxcalibur, F|\n|poke|p2|Ribombee, M|\n|poke|p2|Flutter Mane|\n|poke|p2|Chi-Yu|\n|teampreview\n|inactive|Battle timer is ON: inactive players will automatically lose when time's up. (requested by SadaShidz\ufe0f)\n|\n|t:|1698444297\n|start\n|switch|p1a: Ribombee|Ribombee, M, shiny|100\/100\n|switch|p2a: Ribombee|Ribombee, M|100\/100\n|turn|1\n|\n|t:|1698444303\n|move|p1a: Ribombee|Sticky Web|p2a: Ribombee\n|-sidestart|p2: TonCousinKevinn|move: Sticky Web\n|move|p2a: Ribombee|Sticky Web|p1a: Ribombee\n|-sidestart|p1: SadaShidz\ufe0f|move: Sticky Web\n|\n|upkeep\n|turn|2\n|\n|t:|1698444310\n|move|p2a: Ribombee|Moonblast|p1a: Ribombee\n|-damage|p1a: Ribombee|43\/100\n|move|p1a: Ribombee|Stun Spore|p2a: Ribombee\n|-status|p2a: Ribombee|par\n|\n|upkeep\n|turn|3\n|\n|t:|1698444315\n|move|p1a: Ribombee|Moonblast|p2a: Ribombee\n|-damage|p2a: Ribombee|48\/100 par\n|cant|p2a: Ribombee|par\n|\n|upkeep\n|turn|4\n|\n|t:|1698444319\n|move|p1a: Ribombee|Moonblast|p2a: Ribombee\n|-damage|p2a: Ribombee|0 fnt\n|faint|p2a: Ribombee\n|\n|upkeep\n|c|\u2606TonCousinKevinn|bruh\n|\n|t:|1698444330\n|switch|p2a: Chien-Pao|Chien-Pao|100\/100\n|-activate|p2a: Chien-Pao|move: Sticky Web\n|-unboost|p2a: Chien-Pao|spe|1\n|-ability|p2a: Chien-Pao|Sword of Ruin\n|turn|5\n|\n|t:|1698444334\n|move|p2a: Chien-Pao|Ice Shard|p1a: Ribombee\n|-damage|p1a: Ribombee|0 fnt\n|faint|p1a: Ribombee\n|\n|upkeep\n|\n|t:|1698444344\n|switch|p1a: Manaphy|Manaphy, shiny|100\/100\n|-activate|p1a: Manaphy|move: Sticky Web\n|-unboost|p1a: Manaphy|spe|1\n|turn|6\n|\n|t:|1698444351\n|switch|p2a: Annihilape|Annihilape, M|100\/100\n|-activate|p2a: Annihilape|move: Sticky Web\n|-unboost|p2a: Annihilape|spe|1\n|-ability|p2a: Annihilape|Defiant|boost\n|-boost|p2a: Annihilape|atk|2\n|move|p1a: Manaphy|Take Heart|p1a: Manaphy\n|-boost|p1a: Manaphy|spa|1\n|-boost|p1a: Manaphy|spd|1\n|\n|upkeep\n|turn|7\n|\n|t:|1698444365\n|-terastallize|p2a: Annihilape|Water\n|move|p1a: Manaphy|Acid Armor|p1a: Manaphy\n|-boost|p1a: Manaphy|def|2\n|move|p2a: Annihilape|Rage Fist|p1a: Manaphy\n|-damage|p1a: Manaphy|85\/100\n|\n|-heal|p1a: Manaphy|91\/100|[from] item: Leftovers\n|upkeep\n|turn|8\n|\n|t:|1698444375\n|move|p1a: Manaphy|Acid Armor|p1a: Manaphy\n|-boost|p1a: Manaphy|def|2\n|move|p2a: Annihilape|Taunt|p1a: Manaphy\n|-start|p1a: Manaphy|move: Taunt\n|\n|-heal|p1a: Manaphy|97\/100|[from] item: Leftovers\n|upkeep\n|turn|9\n|\n|t:|1698444381\n|move|p1a: Manaphy|Stored Power|p2a: Annihilape\n|-damage|p2a: Annihilape|61\/100\n|move|p2a: Annihilape|Drain Punch|p1a: Manaphy\n|-damage|p1a: Manaphy|80\/100\n|-heal|p2a: Annihilape|69\/100|[from] drain|[of] p1a: Manaphy\n|\n|-heal|p1a: Manaphy|86\/100|[from] item: Leftovers\n|upkeep\n|turn|10\n|\n|t:|1698444388\n|move|p1a: Manaphy|Stored Power|p2a: Annihilape\n|-damage|p2a: Annihilape|26\/100\n|move|p2a: Annihilape|Drain Punch|p1a: Manaphy\n|-damage|p1a: Manaphy|70\/100\n|-heal|p2a: Annihilape|34\/100|[from] drain|[of] p1a: Manaphy\n|\n|-heal|p1a: Manaphy|76\/100|[from] item: Leftovers\n|upkeep\n|turn|11\n|\n|t:|1698444392\n|move|p1a: Manaphy|Stored Power|p2a: Annihilape\n|-damage|p2a: Annihilape|0 fnt\n|faint|p2a: Annihilape\n|\n|-heal|p1a: Manaphy|82\/100|[from] item: Leftovers\n|-end|p1a: Manaphy|move: Taunt\n|upkeep\n|\n|t:|1698444402\n|switch|p2a: Chi-Yu|Chi-Yu|100\/100\n|-activate|p2a: Chi-Yu|move: Sticky Web\n|-unboost|p2a: Chi-Yu|spe|1\n|-ability|p2a: Chi-Yu|Beads of Ruin\n|turn|12\n|\n|t:|1698444406\n|move|p2a: Chi-Yu|Dark Pulse|p1a: Manaphy\n|-damage|p1a: Manaphy|46\/100\n|move|p1a: Manaphy|Scald|p2a: Chi-Yu\n|-supereffective|p2a: Chi-Yu\n|-damage|p2a: Chi-Yu|0 fnt\n|faint|p2a: Chi-Yu\n|\n|-heal|p1a: Manaphy|52\/100|[from] item: Leftovers\n|upkeep\n|\n|t:|1698444419\n|switch|p2a: Flutter Mane|Flutter Mane|100\/100\n|-activate|p2a: Flutter Mane|move: Sticky Web\n|-unboost|p2a: Flutter Mane|spe|1\n|-enditem|p2a: Flutter Mane|Booster Energy\n|-activate|p2a: Flutter Mane|ability: Protosynthesis|[fromitem]\n|-start|p2a: Flutter Mane|protosynthesisspa\n|turn|13\n|\n|t:|1698444426\n|move|p2a: Flutter Mane|Thunderbolt|p1a: Manaphy\n|-supereffective|p1a: Manaphy\n|-damage|p1a: Manaphy|3\/100\n|move|p1a: Manaphy|Scald|p2a: Flutter Mane\n|-damage|p2a: Flutter Mane|44\/100\n|-status|p2a: Flutter Mane|brn\n|\n|-heal|p1a: Manaphy|9\/100|[from] item: Leftovers\n|-damage|p2a: Flutter Mane|38\/100 brn|[from] brn\n|upkeep\n|turn|14\n|c|\u2606TonCousinKevinn|bruh\n|\n|t:|1698444438\n|move|p2a: Flutter Mane|Thunderbolt|p1a: Manaphy\n|-supereffective|p1a: Manaphy\n|-damage|p1a: Manaphy|0 fnt\n|faint|p1a: Manaphy\n|\n|-damage|p2a: Flutter Mane|32\/100 brn|[from] brn\n|upkeep\n|\n|t:|1698444445\n|switch|p1a: Amoonguss|Amoonguss, M, shiny|100\/100\n|-activate|p1a: Amoonguss|move: Sticky Web\n|-unboost|p1a: Amoonguss|spe|1\n|turn|15\n|\n|t:|1698444453\n|move|p2a: Flutter Mane|Moonblast|p1a: Amoonguss\n|-resisted|p1a: Amoonguss\n|-damage|p1a: Amoonguss|68\/100\n|move|p1a: Amoonguss|Sludge Bomb|p2a: Flutter Mane\n|-damage|p2a: Flutter Mane|0 fnt\n|faint|p2a: Flutter Mane\n|-end|p2a: Flutter Mane|Protosynthesis|[silent]\n|\n|-heal|p1a: Amoonguss|75\/100|[from] item: Black Sludge\n|upkeep\n|\n|t:|1698444457\n|switch|p2a: Baxcalibur|Baxcalibur, F|100\/100\n|-activate|p2a: Baxcalibur|move: Sticky Web\n|-unboost|p2a: Baxcalibur|spe|1\n|turn|16\n|\n|t:|1698444462\n|-terastallize|p1a: Amoonguss|Water\n|move|p2a: Baxcalibur|Swords Dance|p2a: Baxcalibur\n|-boost|p2a: Baxcalibur|atk|2\n|move|p1a: Amoonguss|Spore|p2a: Baxcalibur\n|-status|p2a: Baxcalibur|slp|[from] move: Spore\n|\n|-damage|p1a: Amoonguss|62\/100|[from] item: Black Sludge\n|upkeep\n|turn|17\n|\n|t:|1698444469\n|switch|p1a: Koraidon|Koraidon|100\/100\n|-activate|p1a: Koraidon|move: Sticky Web\n|-unboost|p1a: Koraidon|spe|1\n|-weather|SunnyDay|[from] ability: Orichalcum Pulse|[of] p1a: Koraidon\n|-activate|p1a: Koraidon|Orichalcum Pulse|[source]\n|cant|p2a: Baxcalibur|slp\n|\n|-weather|SunnyDay|[upkeep]\n|upkeep\n|turn|18\n|\n|t:|1698444478\n|move|p1a: Koraidon|Scale Shot|p2a: Baxcalibur\n|-supereffective|p2a: Baxcalibur\n|-damage|p2a: Baxcalibur|68\/100 slp\n|-supereffective|p2a: Baxcalibur\n|-damage|p2a: Baxcalibur|35\/100 slp\n|-supereffective|p2a: Baxcalibur\n|-damage|p2a: Baxcalibur|0 fnt\n|faint|p2a: Baxcalibur\n|-hitcount|p2: Baxcalibur|3\n|-unboost|p1a: Koraidon|def|1\n|-boost|p1a: Koraidon|spe|1\n|\n|-weather|SunnyDay|[upkeep]\n|upkeep\n|\n|t:|1698444486\n|switch|p2a: Chien-Pao|Chien-Pao|100\/100\n|-activate|p2a: Chien-Pao|move: Sticky Web\n|-unboost|p2a: Chien-Pao|spe|1\n|-ability|p2a: Chien-Pao|Sword of Ruin\n|turn|19\n|\n|t:|1698444488\n|move|p2a: Chien-Pao|Ice Shard|p1a: Koraidon\n|-supereffective|p1a: Koraidon\n|-damage|p1a: Koraidon|0 fnt\n|faint|p1a: Koraidon\n|\n|-weather|SunnyDay|[upkeep]\n|upkeep\n|\n|t:|1698444494\n|switch|p1a: Amoonguss|Amoonguss, M, shiny, tera:Water|95\/100\n|-activate|p1a: Amoonguss|move: Sticky Web\n|-unboost|p1a: Amoonguss|spe|1\n|turn|20\n|\n|t:|1698444497\n|move|p2a: Chien-Pao|Ice Shard|p1a: Amoonguss\n|-resisted|p1a: Amoonguss\n|-damage|p1a: Amoonguss|75\/100\n|move|p1a: Amoonguss|Spore|p2a: Chien-Pao\n|-status|p2a: Chien-Pao|slp|[from] move: Spore\n|\n|-weather|SunnyDay|[upkeep]\n|-damage|p1a: Amoonguss|62\/100|[from] item: Black Sludge\n|upkeep\n|turn|21\n|\n|t:|1698444504\n|switch|p1a: Darkrai|Darkrai, shiny|100\/100\n|-activate|p1a: Darkrai|move: Sticky Web\n|-unboost|p1a: Darkrai|spe|1\n|cant|p2a: Chien-Pao|slp\n|\n|-weather|none\n|-damage|p2a: Chien-Pao|88\/100 slp|[from] ability: Bad Dreams|[of] p1a: Darkrai\n|upkeep\n|turn|22\n|\n|t:|1698444510\n|-curestatus|p2a: Chien-Pao|slp|[msg]\n|move|p2a: Chien-Pao|Ice Shard|p1a: Darkrai\n|-damage|p1a: Darkrai|51\/100\n|move|p1a: Darkrai|Dark Pulse|p2a: Chien-Pao\n|-resisted|p2a: Chien-Pao\n|-damage|p2a: Chien-Pao|51\/100\n|\n|upkeep\n|turn|23\n|\n|t:|1698444517\n|move|p2a: Chien-Pao|Ice Shard|p1a: Darkrai\n|-damage|p1a: Darkrai|0 fnt\n|faint|p1a: Darkrai\n|\n|upkeep\n|\n|t:|1698444519\n|switch|p1a: Amoonguss|Amoonguss, M, shiny, tera:Water|95\/100\n|-activate|p1a: Amoonguss|move: Sticky Web\n|-unboost|p1a: Amoonguss|spe|1\n|turn|24\n|\n|t:|1698444523\n|move|p2a: Chien-Pao|Ice Shard|p1a: Amoonguss\n|-resisted|p1a: Amoonguss\n|-damage|p1a: Amoonguss|75\/100\n|move|p1a: Amoonguss|Spore|p2a: Chien-Pao\n|-status|p2a: Chien-Pao|slp|[from] move: Spore\n|\n|-damage|p1a: Amoonguss|63\/100|[from] item: Black Sludge\n|upkeep\n|turn|25\n|\n|t:|1698444528\n|cant|p2a: Chien-Pao|slp\n|move|p1a: Amoonguss|Giga Drain|p2a: Chien-Pao\n|-damage|p2a: Chien-Pao|0 fnt\n|-heal|p1a: Amoonguss|81\/100|[from] drain|[of] p2a: Chien-Pao\n|faint|p2a: Chien-Pao\n|\n|win|SadaShidz\ufe0f\n|raw|SadaShidz\ufe0f's rating: 1205 &rarr; <strong>1225<\/strong><br \/>(+20 for winning)\n|raw|TonCousinKevinn's rating: 1135 &rarr; <strong>1115<\/strong><br \/>(-20 for losing)\n|l|\u2606TonCousinKevinn\n","uploadtime":1698444538,"views":10,"p1id":"sadashidz","p2id":"toncousinkevinn","formatid":"gen9ubers","rating":1115,"private":0,"password":""}