{"id":"gen9ubers-1976341954","p1":"TooQuickGrim","p2":"Anne Frankkkk","format":"[Gen 9] Ubers","log":"|j|\u2606TooQuickGrim\n|j|\u2606Anne Frankkkk\n|t:|1698288823\n|gametype|singles\n|player|p1|TooQuickGrim|dancer|1139\n|player|p2|Anne Frankkkk|hilbert|1131\n|teamsize|p1|6\n|teamsize|p2|6\n|gen|9\n|tier|[Gen 9] Ubers\n|rated|\n|rule|Sleep Clause Mod: Limit one foe put to sleep\n|rule|Species Clause: Limit one of each Pok\u00e9mon\n|rule|OHKO Clause: OHKO moves are banned\n|rule|Evasion Items Clause: Evasion items are banned\n|rule|Evasion Moves Clause: Evasion moves are banned\n|rule|Endless Battle Clause: Forcing endless battles is banned\n|rule|HP Percentage Mod: HP is shown in percentages\n|clearpoke\n|poke|p1|Arceus|\n|poke|p1|Chi-Yu|\n|poke|p1|Groudon|\n|poke|p1|Annihilape, M|\n|poke|p1|Espathra, F|\n|poke|p1|Volcarona, F|\n|poke|p2|Iron Hands|\n|poke|p2|Kyogre|\n|poke|p2|Chien-Pao|\n|poke|p2|Ribombee, F|\n|poke|p2|Miraidon|\n|poke|p2|Flutter Mane|\n|teampreview\n|inactive|Battle timer is ON: inactive players will automatically lose when time's up. (requested by Anne Frankkkk)\n|\n|t:|1698288831\n|start\n|switch|p1a: Weevil|Volcarona, F|100\/100\n|switch|p2a: Moonblast|Ribombee, F, shiny|100\/100\n|turn|1\n|\n|t:|1698288838\n|move|p2a: Moonblast|Sticky Web|p1a: Weevil\n|-sidestart|p1: TooQuickGrim|move: Sticky Web\n|move|p1a: Weevil|Quiver Dance|p1a: Weevil\n|-boost|p1a: Weevil|spa|1\n|-boost|p1a: Weevil|spd|1\n|-boost|p1a: Weevil|spe|1\n|\n|upkeep\n|turn|2\n|\n|t:|1698288850\n|-terastallize|p1a: Weevil|Flying\n|move|p1a: Weevil|Air Slash|p2a: Moonblast\n|-supereffective|p2a: Moonblast\n|-enditem|p2a: Moonblast|Focus Sash\n|-damage|p2a: Moonblast|1\/100\n|-damage|p1a: Weevil|91\/100|[from] item: Life Orb\n|move|p2a: Moonblast|Stun Spore|p1a: Weevil\n|-status|p1a: Weevil|par\n|\n|upkeep\n|turn|3\n|\n|t:|1698288860\n|move|p2a: Moonblast|Moonblast|p1a: Weevil\n|-damage|p1a: Weevil|64\/100 par\n|-unboost|p1a: Weevil|spa|1\n|move|p1a: Weevil|Quiver Dance|p1a: Weevil\n|-boost|p1a: Weevil|spa|1\n|-boost|p1a: Weevil|spd|1\n|-boost|p1a: Weevil|spe|1\n|\n|upkeep\n|turn|4\n|\n|t:|1698288872\n|switch|p2a: Ice Cat|Chien-Pao|100\/100\n|-ability|p2a: Ice Cat|Sword of Ruin\n|move|p1a: Weevil|Quiver Dance|p1a: Weevil\n|-boost|p1a: Weevil|spa|1\n|-boost|p1a: Weevil|spd|1\n|-boost|p1a: Weevil|spe|1\n|\n|upkeep\n|turn|5\n|\n|t:|1698288898\n|move|p2a: Ice Cat|Sucker Punch|p1a: Weevil\n|-damage|p1a: Weevil|0 fnt\n|-status|p2a: Ice Cat|brn|[from] ability: Flame Body|[of] p1a: Weevil\n|faint|p1a: Weevil\n|-damage|p2a: Ice Cat|91\/100 brn|[from] item: Life Orb\n|\n|-damage|p2a: Ice Cat|85\/100 brn|[from] brn\n|upkeep\n|\n|t:|1698288907\n|switch|p1a: Beep Beep|Espathra, F|100\/100\n|-activate|p1a: Beep Beep|move: Sticky Web\n|-unboost|p1a: Beep Beep|spe|1\n|turn|6\n|\n|t:|1698288918\n|move|p1a: Beep Beep|Protect|p1a: Beep Beep\n|-singleturn|p1a: Beep Beep|Protect\n|move|p2a: Ice Cat|Swords Dance|p2a: Ice Cat\n|-boost|p2a: Ice Cat|atk|2\n|\n|-damage|p2a: Ice Cat|79\/100 brn|[from] brn\n|-ability|p1a: Beep Beep|Speed Boost|boost\n|-boost|p1a: Beep Beep|spe|1\n|upkeep\n|turn|7\n|\n|t:|1698288930\n|move|p2a: Ice Cat|Sucker Punch||[still]\n|-fail|p2a: Ice Cat\n|move|p1a: Beep Beep|Substitute|p1a: Beep Beep\n|-start|p1a: Beep Beep|Substitute\n|-damage|p1a: Beep Beep|75\/100\n|\n|-damage|p2a: Ice Cat|73\/100 brn|[from] brn\n|-ability|p1a: Beep Beep|Speed Boost|boost\n|-boost|p1a: Beep Beep|spe|1\n|upkeep\n|turn|8\n|\n|t:|1698288950\n|move|p1a: Beep Beep|Shadow Ball|p2a: Ice Cat\n|-resisted|p2a: Ice Cat\n|-damage|p2a: Ice Cat|53\/100 brn\n|move|p2a: Ice Cat|Ice Spinner|p1a: Beep Beep\n|-crit|p1a: Beep Beep\n|-end|p1a: Beep Beep|Substitute\n|-damage|p2a: Ice Cat|43\/100 brn|[from] item: Life Orb\n|\n|-damage|p2a: Ice Cat|37\/100 brn|[from] brn\n|-ability|p1a: Beep Beep|Speed Boost|boost\n|-boost|p1a: Beep Beep|spe|1\n|upkeep\n|turn|9\n|\n|t:|1698288964\n|move|p1a: Beep Beep|Protect|p1a: Beep Beep\n|-singleturn|p1a: Beep Beep|Protect\n|move|p2a: Ice Cat|Sucker Punch||[still]\n|-fail|p2a: Ice Cat\n|\n|-damage|p2a: Ice Cat|31\/100 brn|[from] brn\n|-ability|p1a: Beep Beep|Speed Boost|boost\n|-boost|p1a: Beep Beep|spe|1\n|upkeep\n|turn|10\n|\n|t:|1698288971\n|move|p1a: Beep Beep|Substitute|p1a: Beep Beep\n|-start|p1a: Beep Beep|Substitute\n|-damage|p1a: Beep Beep|50\/100\n|move|p2a: Ice Cat|Ice Spinner|p1a: Beep Beep\n|-end|p1a: Beep Beep|Substitute\n|-damage|p2a: Ice Cat|21\/100 brn|[from] item: Life Orb\n|\n|-damage|p2a: Ice Cat|15\/100 brn|[from] brn\n|-ability|p1a: Beep Beep|Speed Boost|boost\n|-boost|p1a: Beep Beep|spe|1\n|upkeep\n|turn|11\n|\n|t:|1698288980\n|move|p1a: Beep Beep|Protect|p1a: Beep Beep\n|-singleturn|p1a: Beep Beep|Protect\n|move|p2a: Ice Cat|Sucker Punch||[still]\n|-fail|p2a: Ice Cat\n|\n|-damage|p2a: Ice Cat|9\/100 brn|[from] brn\n|-ability|p1a: Beep Beep|Speed Boost|boost\n|-boost|p1a: Beep Beep|spe|1\n|upkeep\n|turn|12\n|\n|t:|1698288990\n|move|p1a: Beep Beep|Substitute|p1a: Beep Beep\n|-start|p1a: Beep Beep|Substitute\n|-damage|p1a: Beep Beep|25\/100\n|move|p2a: Ice Cat|Ice Spinner|p1a: Beep Beep\n|-end|p1a: Beep Beep|Substitute\n|-damage|p2a: Ice Cat|0 fnt|[from] item: Life Orb\n|faint|p2a: Ice Cat\n|\n|-ability|p1a: Beep Beep|Speed Boost|boost\n|-boost|p1a: Beep Beep|spe|1\n|upkeep\n|\n|t:|1698288993\n|switch|p2a: Big Boy|Iron Hands, shiny|100\/100\n|turn|13\n|\n|t:|1698289002\n|move|p1a: Beep Beep|Protect|p1a: Beep Beep\n|-singleturn|p1a: Beep Beep|Protect\n|move|p2a: Big Boy|Fake Out|p1a: Beep Beep\n|-activate|p1a: Beep Beep|move: Protect\n|\n|upkeep\n|turn|14\n|\n|t:|1698289009\n|move|p1a: Beep Beep|Lumina Crash|p2a: Big Boy\n|-supereffective|p2a: Big Boy\n|-damage|p2a: Big Boy|55\/100\n|-unboost|p2a: Big Boy|spd|2\n|move|p2a: Big Boy|Wild Charge|p1a: Beep Beep\n|-damage|p1a: Beep Beep|0 fnt\n|faint|p1a: Beep Beep\n|-damage|p2a: Big Boy|51\/100|[from] Recoil\n|\n|upkeep\n|\n|t:|1698289018\n|switch|p1a: Pyro Chaos 0|Chi-Yu|100\/100\n|-activate|p1a: Pyro Chaos 0|move: Sticky Web\n|-unboost|p1a: Pyro Chaos 0|spe|1\n|-ability|p1a: Pyro Chaos 0|Beads of Ruin\n|turn|15\n|\n|t:|1698289035\n|move|p1a: Pyro Chaos 0|Psychic|p2a: Big Boy\n|-supereffective|p2a: Big Boy\n|-damage|p2a: Big Boy|0 fnt\n|faint|p2a: Big Boy\n|-end|p2a: Big Boy|Quark Drive|[silent]\n|\n|upkeep\n|\n|t:|1698289039\n|switch|p2a: Moonblast|Ribombee, F, shiny|1\/100\n|turn|16\n|\n|t:|1698289050\n|move|p2a: Moonblast|Moonblast|p1a: Pyro Chaos 0\n|-damage|p1a: Pyro Chaos 0|76\/100\n|move|p1a: Pyro Chaos 0|Snarl|p2a: Moonblast\n|-resisted|p2a: Moonblast\n|-damage|p2a: Moonblast|0 fnt\n|faint|p2a: Moonblast\n|\n|upkeep\n|\n|t:|1698289062\n|switch|p2a: Misdreavius|Flutter Mane, shiny|100\/100\n|-enditem|p2a: Misdreavius|Booster Energy\n|-activate|p2a: Misdreavius|ability: Protosynthesis|[fromitem]\n|-start|p2a: Misdreavius|protosynthesisspe\n|turn|17\n|\n|t:|1698289075\n|move|p2a: Misdreavius|Power Gem|p1a: Pyro Chaos 0\n|-supereffective|p1a: Pyro Chaos 0\n|-damage|p1a: Pyro Chaos 0|44\/100\n|move|p1a: Pyro Chaos 0|Ruination|p2a: Misdreavius\n|-damage|p2a: Misdreavius|51\/100\n|\n|upkeep\n|turn|18\n|\n|t:|1698289085\n|move|p2a: Misdreavius|Moonblast|p1a: Pyro Chaos 0\n|-damage|p1a: Pyro Chaos 0|17\/100\n|move|p1a: Pyro Chaos 0|Snarl|p2a: Misdreavius\n|-damage|p2a: Misdreavius|11\/100\n|-unboost|p2a: Misdreavius|spa|1\n|\n|upkeep\n|turn|19\n|\n|t:|1698289098\n|move|p2a: Misdreavius|Power Gem|p1a: Pyro Chaos 0\n|-supereffective|p1a: Pyro Chaos 0\n|-damage|p1a: Pyro Chaos 0|0 fnt\n|faint|p1a: Pyro Chaos 0\n|\n|upkeep\n|\n|t:|1698289105\n|switch|p1a: Jesus|Arceus|100\/100\n|-activate|p1a: Jesus|move: Sticky Web\n|-unboost|p1a: Jesus|spe|1\n|turn|20\n|\n|t:|1698289115\n|move|p2a: Misdreavius|Moonblast|p1a: Jesus\n|-damage|p1a: Jesus|74\/100\n|-unboost|p1a: Jesus|spa|1\n|move|p1a: Jesus|Flash Cannon|p2a: Misdreavius\n|-supereffective|p2a: Misdreavius\n|-damage|p2a: Misdreavius|0 fnt\n|faint|p2a: Misdreavius\n|-end|p2a: Misdreavius|Protosynthesis|[silent]\n|\n|upkeep\n|\n|t:|1698289138\n|switch|p2a: Cyber Lizard|Miraidon|100\/100\n|-fieldstart|move: Electric Terrain|[from] ability: Hadron Engine|[of] p2a: Cyber Lizard\n|-item|p2a: Cyber Lizard|Air Balloon\n|turn|21\n|\n|t:|1698289151\n|move|p1a: Jesus|Extreme Speed|p2a: Cyber Lizard\n|-damage|p2a: Cyber Lizard|51\/100\n|-enditem|p2a: Cyber Lizard|Air Balloon\n|move|p2a: Cyber Lizard|Calm Mind|p2a: Cyber Lizard\n|-boost|p2a: Cyber Lizard|spa|1\n|-boost|p2a: Cyber Lizard|spd|1\n|\n|upkeep\n|turn|22\n|\n|t:|1698289159\n|move|p1a: Jesus|Extreme Speed|p2a: Cyber Lizard\n|-damage|p2a: Cyber Lizard|0 fnt\n|faint|p2a: Cyber Lizard\n|\n|upkeep\n|\n|t:|1698289165\n|switch|p2a: The Flood|Kyogre|100\/100\n|-weather|RainDance|[from] ability: Drizzle|[of] p2a: The Flood\n|turn|23\n|\n|t:|1698289172\n|-terastallize|p2a: The Flood|Water\n|move|p2a: The Flood|Origin Pulse|p1a: Jesus\n|-damage|p1a: Jesus|0 fnt\n|faint|p1a: Jesus\n|\n|-weather|RainDance|[upkeep]\n|upkeep\n|\n|t:|1698289191\n|switch|p1a: You\u2019re Grounded|Groudon|100\/100\n|-activate|p1a: You\u2019re Grounded|move: Sticky Web\n|-unboost|p1a: You\u2019re Grounded|spe|1\n|-weather|SunnyDay|[from] ability: Drought|[of] p1a: You\u2019re Grounded\n|turn|24\n|\n|t:|1698289197\n|switch|p1a: Great Ape Vegeta|Annihilape, M|100\/100\n|-activate|p1a: Great Ape Vegeta|move: Sticky Web\n|-unboost|p1a: Great Ape Vegeta|spe|1\n|-ability|p1a: Great Ape Vegeta|Defiant|boost\n|-boost|p1a: Great Ape Vegeta|atk|2\n|move|p2a: The Flood|Origin Pulse|p1a: Great Ape Vegeta\n|-damage|p1a: Great Ape Vegeta|44\/100\n|-enditem|p1a: Great Ape Vegeta|Sitrus Berry|[eat]\n|-heal|p1a: Great Ape Vegeta|69\/100|[from] item: Sitrus Berry\n|\n|-weather|SunnyDay|[upkeep]\n|upkeep\n|turn|25\n|\n|t:|1698289214\n|move|p2a: The Flood|Origin Pulse|p1a: Great Ape Vegeta\n|-damage|p1a: Great Ape Vegeta|10\/100\n|move|p1a: Great Ape Vegeta|Curse|p2a: The Flood\n|-start|p2a: The Flood|Curse|[of] p1a: Great Ape Vegeta\n|-damage|p1a: Great Ape Vegeta|0 fnt\n|faint|p1a: Great Ape Vegeta\n|\n|-weather|SunnyDay|[upkeep]\n|-damage|p2a: The Flood|76\/100|[from] Curse\n|-fieldend|move: Electric Terrain\n|upkeep\n|\n|t:|1698289226\n|switch|p1a: You\u2019re Grounded|Groudon|100\/100\n|-activate|p1a: You\u2019re Grounded|move: Sticky Web\n|-unboost|p1a: You\u2019re Grounded|spe|1\n|turn|26\n|\n|t:|1698289235\n|move|p2a: The Flood|Origin Pulse|p1a: You\u2019re Grounded\n|-supereffective|p1a: You\u2019re Grounded\n|-damage|p1a: You\u2019re Grounded|0 fnt\n|faint|p1a: You\u2019re Grounded\n|\n|win|Anne Frankkkk\n|raw|TooQuickGrim's rating: 1139 &rarr; <strong>1113<\/strong><br \/>(-26 for losing)\n|raw|Anne Frankkkk's rating: 1131 &rarr; <strong>1157<\/strong><br \/>(+26 for winning)\n|l|\u2606TooQuickGrim\n","uploadtime":1698289241,"views":10,"p1id":"tooquickgrim","p2id":"annefrankkkk","formatid":"gen9ubers","rating":1113,"private":0,"password":""}