{"id":"gen9ubers-1983244070","p1":"silent39","p2":"LITLE0","format":"[Gen 9] Ubers","log":"|j|\u2606silent39\n|j|\u2606LITLE0\n|t:|1699109722\n|gametype|singles\n|player|p1|silent39|102|1132\n|player|p2|LITLE0|alec-anime|1023\n|teamsize|p1|6\n|teamsize|p2|6\n|gen|9\n|tier|[Gen 9] Ubers\n|rated|\n|rule|Sleep Clause Mod: Limit one foe put to sleep\n|rule|Species Clause: Limit one of each Pok\u00e9mon\n|rule|OHKO Clause: OHKO moves are banned\n|rule|Evasion Items Clause: Evasion items are banned\n|rule|Evasion Moves Clause: Evasion moves are banned\n|rule|Endless Battle Clause: Forcing endless battles is banned\n|rule|HP Percentage Mod: HP is shown in percentages\n|clearpoke\n|poke|p1|Volcarona, M|\n|poke|p1|Samurott-Hisui, F|\n|poke|p1|Corviknight, M|\n|poke|p1|Ninetales-Alola, F|\n|poke|p1|Blissey, F|\n|poke|p1|Glimmora, F|\n|poke|p2|Blissey, F|\n|poke|p2|Dondozo, M|\n|poke|p2|Koraidon|\n|poke|p2|Torkoal, M|\n|poke|p2|Kingambit, M|\n|poke|p2|Flutter Mane|\n|teampreview\n|\n|t:|1699109766\n|start\n|switch|p1a: Glimmora|Glimmora, F|100\/100\n|switch|p2a: Torkoal|Torkoal, M|100\/100\n|-weather|SunnyDay|[from] ability: Drought|[of] p2a: Torkoal\n|turn|1\n|\n|t:|1699109790\n|move|p1a: Glimmora|Mortal Spin|p2a: Torkoal\n|-damage|p2a: Torkoal|97\/100\n|-status|p2a: Torkoal|psn\n|move|p2a: Torkoal|Yawn|p1a: Glimmora\n|-start|p1a: Glimmora|move: Yawn|[of] p2a: Torkoal\n|\n|-weather|SunnyDay|[upkeep]\n|-damage|p2a: Torkoal|84\/100 psn|[from] psn\n|upkeep\n|turn|2\n|\n|t:|1699109806\n|switch|p2a: Flutter Mane|Flutter Mane|100\/100\n|-activate|p2a: Flutter Mane|ability: Protosynthesis\n|-start|p2a: Flutter Mane|protosynthesisspe\n|move|p1a: Glimmora|Stealth Rock|p2a: Flutter Mane\n|-sidestart|p2: LITLE0|move: Stealth Rock\n|\n|-weather|SunnyDay|[upkeep]\n|-end|p1a: Glimmora|move: Yawn|[silent]\n|-status|p1a: Glimmora|slp\n|upkeep\n|turn|3\n|\n|t:|1699109816\n|move|p2a: Flutter Mane|Shadow Ball|p1a: Glimmora\n|-damage|p1a: Glimmora|28\/100 slp\n|-damage|p2a: Flutter Mane|91\/100|[from] item: Life Orb\n|cant|p1a: Glimmora|slp\n|\n|-weather|SunnyDay|[upkeep]\n|upkeep\n|turn|4\n|\n|t:|1699109824\n|move|p2a: Flutter Mane|Moonblast|p1a: Glimmora\n|-resisted|p1a: Glimmora\n|-damage|p1a: Glimmora|0 fnt\n|faint|p1a: Glimmora\n|-damage|p2a: Flutter Mane|81\/100|[from] item: Life Orb\n|\n|-weather|SunnyDay|[upkeep]\n|upkeep\n|\n|t:|1699109827\n|switch|p1a: Samurott|Samurott-Hisui, F|100\/100\n|turn|5\n|\n|t:|1699109832\n|move|p2a: Flutter Mane|Moonblast|p1a: Samurott\n|-supereffective|p1a: Samurott\n|-enditem|p1a: Samurott|Focus Sash\n|-damage|p1a: Samurott|1\/100\n|-damage|p2a: Flutter Mane|71\/100|[from] item: Life Orb\n|move|p1a: Samurott|Ceaseless Edge|p2a: Flutter Mane\n|-damage|p2a: Flutter Mane|0 fnt\n|-sidestart|p2: LITLE0|Spikes\n|faint|p2a: Flutter Mane\n|-end|p2a: Flutter Mane|Protosynthesis|[silent]\n|\n|-weather|SunnyDay|[upkeep]\n|upkeep\n|\n|t:|1699109848\n|switch|p2a: Koraidon|Koraidon|100\/100\n|-damage|p2a: Koraidon|94\/100|[from] Stealth Rock\n|-damage|p2a: Koraidon|82\/100|[from] Spikes\n|-activate|p2a: Koraidon|ability: Orichalcum Pulse\n|turn|6\n|\n|t:|1699109855\n|move|p1a: Samurott|Aqua Jet|p2a: Koraidon\n|-resisted|p2a: Koraidon\n|-damage|p2a: Koraidon|78\/100\n|move|p2a: Koraidon|Flame Charge|p1a: Samurott\n|-resisted|p1a: Samurott\n|-damage|p1a: Samurott|0 fnt\n|-boost|p2a: Koraidon|spe|1\n|faint|p1a: Samurott\n|\n|-weather|SunnyDay|[upkeep]\n|upkeep\n|\n|t:|1699109865\n|switch|p1a: Corviknight|Corviknight, M|100\/100\n|turn|7\n|\n|t:|1699109875\n|-terastallize|p2a: Koraidon|Fire\n|move|p2a: Koraidon|Swords Dance|p2a: Koraidon\n|-boost|p2a: Koraidon|atk|2\n|move|p1a: Corviknight|Brave Bird|p2a: Koraidon\n|-damage|p2a: Koraidon|44\/100\n|-damage|p1a: Corviknight|91\/100|[from] Recoil\n|\n|-weather|SunnyDay|[upkeep]\n|-heal|p1a: Corviknight|97\/100|[from] item: Leftovers\n|upkeep\n|turn|8\n|\n|t:|1699109884\n|switch|p1a: Volcarona|Volcarona, M|100\/100\n|move|p2a: Koraidon|Flame Charge|p1a: Volcarona\n|-damage|p1a: Volcarona|0 fnt\n|-boost|p2a: Koraidon|spe|1\n|faint|p1a: Volcarona\n|\n|-weather|none\n|upkeep\n|\n|t:|1699109891\n|switch|p1a: Corviknight|Corviknight, M|97\/100\n|turn|9\n|\n|t:|1699109904\n|move|p2a: Koraidon|Flame Charge|p1a: Corviknight\n|-supereffective|p1a: Corviknight\n|-damage|p1a: Corviknight|20\/100\n|-boost|p2a: Koraidon|spe|1\n|move|p1a: Corviknight|Brave Bird|p2a: Koraidon\n|-damage|p2a: Koraidon|12\/100\n|-damage|p1a: Corviknight|11\/100|[from] Recoil\n|\n|-heal|p1a: Corviknight|17\/100|[from] item: Leftovers\n|upkeep\n|turn|10\n|\n|t:|1699109913\n|move|p2a: Koraidon|Flame Charge|p1a: Corviknight\n|-supereffective|p1a: Corviknight\n|-damage|p1a: Corviknight|0 fnt\n|-boost|p2a: Koraidon|spe|1\n|faint|p1a: Corviknight\n|\n|upkeep\n|\n|t:|1699109917\n|switch|p1a: Ninetales|Ninetales-Alola, F|100\/100\n|-weather|Snow|[from] ability: Snow Warning|[of] p1a: Ninetales\n|turn|11\n|\n|t:|1699109922\n|move|p2a: Koraidon|Flame Charge|p1a: Ninetales\n|-supereffective|p1a: Ninetales\n|-damage|p1a: Ninetales|0 fnt\n|-boost|p2a: Koraidon|spe|1\n|faint|p1a: Ninetales\n|\n|-weather|Snow|[upkeep]\n|upkeep\n|\n|t:|1699109925\n|switch|p1a: Blissey|Blissey, F|100\/100\n|turn|12\n|-message|silent39 forfeited.\n|\n|win|LITLE0\n|raw|silent39's rating: 1132 &rarr; <strong>1099<\/strong><br \/>(-33 for losing)\n|raw|LITLE0's rating: 1023 &rarr; <strong>1071<\/strong><br \/>(+48 for winning)\n|l|\u2606silent39\n|c|\u2606LITLE0|gg\n","uploadtime":1699109934,"views":9,"p1id":"silent39","p2id":"litle0","formatid":"gen9ubers","rating":1071,"private":0,"password":""}