{"id":"gen9ubers-1981758038","p1":"YoWah","p2":"INDsaksham","format":"[Gen 9] Ubers","log":"|j|\u2606YoWah\n|j|\u2606INDsaksham\n|t:|1698939384\n|gametype|singles\n|player|p1|YoWah|170|1040\n|player|p2|INDsaksham|geeta|1000\n|teamsize|p1|6\n|teamsize|p2|6\n|gen|9\n|tier|[Gen 9] Ubers\n|rated|\n|rule|Sleep Clause Mod: Limit one foe put to sleep\n|rule|Species Clause: Limit one of each Pok\u00e9mon\n|rule|OHKO Clause: OHKO moves are banned\n|rule|Evasion Items Clause: Evasion items are banned\n|rule|Evasion Moves Clause: Evasion moves are banned\n|rule|Endless Battle Clause: Forcing endless battles is banned\n|rule|HP Percentage Mod: HP is shown in percentages\n|clearpoke\n|poke|p1|Darkrai|\n|poke|p1|Cetitan, M|\n|poke|p1|Gardevoir, M|\n|poke|p1|Palkia|\n|poke|p1|Maushold-Four|\n|poke|p1|Espathra, M|\n|poke|p2|Espathra, F|\n|poke|p2|Gogoat, F|\n|poke|p2|Veluza, M|\n|poke|p2|Avalugg, F|\n|poke|p2|Kingambit, M|\n|poke|p2|Glimmora, F|\n|teampreview\n|inactive|Battle timer is ON: inactive players will automatically lose when time's up. (requested by INDsaksham)\n|inactive|YoWah has 120 seconds left.\n|\n|t:|1698939427\n|start\n|switch|p1a: Gardevoir|Gardevoir, M|100\/100\n|switch|p2a: Glimmora|Glimmora, F|100\/100\n|-ability|p1a: Gardevoir|Toxic Debris|[from] ability: Trace|[of] p2a: Glimmora\n|turn|1\n|inactive|YoWah has 120 seconds left.\n|inactive|YoWah has 90 seconds left.\n|\n|t:|1698939510\n|move|p2a: Glimmora|Sludge Wave|p1a: Gardevoir\n|-supereffective|p1a: Gardevoir\n|-damage|p1a: Gardevoir|0 fnt\n|faint|p1a: Gardevoir\n|\n|upkeep\n|\n|t:|1698939515\n|switch|p1a: Palkia|Palkia, shiny|100\/100\n|-ability|p1a: Palkia|Pressure\n|turn|2\n|\n|t:|1698939523\n|move|p1a: Palkia|Aqua Tail|p2a: Glimmora\n|-supereffective|p2a: Glimmora\n|-damage|p2a: Glimmora|0 fnt\n|-activate|p2a: Glimmora|ability: Toxic Debris\n|-sidestart|p1: YoWah|move: Toxic Spikes\n|faint|p2a: Glimmora\n|\n|upkeep\n|\n|t:|1698939534\n|switch|p2a: Avalugg|Avalugg, F|100\/100\n|turn|3\n|inactive|YoWah has 60 seconds left.\n|\n|t:|1698939584\n|move|p1a: Palkia|Bulk Up|p1a: Palkia\n|-boost|p1a: Palkia|atk|1\n|-boost|p1a: Palkia|def|1\n|move|p2a: Avalugg|Avalanche|p1a: Palkia\n|-damage|p1a: Palkia|75\/100\n|\n|upkeep\n|turn|4\n|\n|t:|1698939595\n|-terastallize|p2a: Avalugg|Ice\n|move|p1a: Palkia|Aqua Tail|p2a: Avalugg|[miss]\n|-miss|p1a: Palkia|p2a: Avalugg\n|move|p2a: Avalugg|Avalanche|p1a: Palkia\n|-damage|p1a: Palkia|42\/100\n|\n|upkeep\n|turn|5\n|\n|t:|1698939603\n|move|p1a: Palkia|Spacial Rend|p2a: Avalugg\n|-crit|p2a: Avalugg\n|-damage|p2a: Avalugg|0 fnt\n|faint|p2a: Avalugg\n|\n|upkeep\n|\n|t:|1698939608\n|switch|p2a: Espathra|Espathra, F|100\/100\n|turn|6\n|inactive|YoWah has 60 seconds left.\n|\n|t:|1698939640\n|move|p2a: Espathra|Dazzling Gleam|p1a: Palkia\n|-supereffective|p1a: Palkia\n|-damage|p1a: Palkia|1\/100\n|move|p1a: Palkia|Spacial Rend|p2a: Espathra\n|-damage|p2a: Espathra|13\/100\n|\n|upkeep\n|turn|7\n|inactive|INDsaksham has 120 seconds left.\n|\n|t:|1698939676\n|switch|p1a: Cetitan|Cetitan, M, shiny|100\/100\n|-status|p1a: Cetitan|psn\n|move|p2a: Espathra|Quick Attack|p1a: Cetitan\n|-crit|p1a: Cetitan\n|-damage|p1a: Cetitan|91\/100 psn\n|\n|-damage|p1a: Cetitan|78\/100 psn|[from] psn\n|upkeep\n|turn|8\n|inactive|INDsaksham has 120 seconds left.\n|\n|t:|1698939687\n|move|p2a: Espathra|Lumina Crash|p1a: Cetitan\n|-damage|p1a: Cetitan|35\/100 psn\n|-unboost|p1a: Cetitan|spd|2\n|move|p1a: Cetitan|Heavy Slam|p2a: Espathra\n|-damage|p2a: Espathra|0 fnt\n|faint|p2a: Espathra\n|\n|-damage|p1a: Cetitan|23\/100 psn|[from] psn\n|upkeep\n|inactive|INDsaksham has 120 seconds left.\n|\n|t:|1698939696\n|switch|p2a: Veluza|Veluza, M|100\/100\n|-ability|p2a: Veluza|Mold Breaker\n|turn|9\n|\n|t:|1698939704\n|move|p1a: Cetitan|Heavy Slam|p2a: Veluza\n|-resisted|p2a: Veluza\n|-damage|p2a: Veluza|70\/100\n|move|p2a: Veluza|Psycho Cut|p1a: Cetitan\n|-damage|p1a: Cetitan|0 fnt\n|faint|p1a: Cetitan\n|\n|upkeep\n|\n|t:|1698939713\n|switch|p1a: Maushold|Maushold-Four|100\/100\n|-status|p1a: Maushold|psn\n|turn|10\n|\n|t:|1698939718\n|move|p2a: Veluza|Aqua Jet|p1a: Maushold\n|-damage|p1a: Maushold|68\/100 psn\n|move|p1a: Maushold|Population Bomb|p2a: Veluza\n|-damage|p2a: Veluza|61\/100\n|-damage|p2a: Veluza|53\/100\n|-damage|p2a: Veluza|45\/100\n|-crit|p2a: Veluza\n|-damage|p2a: Veluza|32\/100\n|-damage|p2a: Veluza|23\/100\n|-crit|p2a: Veluza\n|-damage|p2a: Veluza|9\/100\n|-damage|p2a: Veluza|0 fnt\n|faint|p2a: Veluza\n|-hitcount|p2: Veluza|7\n|-damage|p1a: Maushold|58\/100 psn|[from] item: Life Orb\n|\n|-damage|p1a: Maushold|46\/100 psn|[from] psn\n|upkeep\n|\n|t:|1698939734\n|switch|p2a: Gogoat|Gogoat, F|100\/100\n|turn|11\n|\n|t:|1698939739\n|move|p1a: Maushold|Population Bomb|p2a: Gogoat\n|-damage|p2a: Gogoat|92\/100\n|-damage|p2a: Gogoat|83\/100\n|-damage|p2a: Gogoat|76\/100\n|-damage|p2a: Gogoat|68\/100\n|-damage|p2a: Gogoat|59\/100\n|-damage|p2a: Gogoat|51\/100\n|-damage|p2a: Gogoat|43\/100\n|-damage|p2a: Gogoat|34\/100\n|-damage|p2a: Gogoat|25\/100\n|-damage|p2a: Gogoat|18\/100\n|-hitcount|p2a: Gogoat|10\n|-damage|p1a: Maushold|36\/100 psn|[from] item: Life Orb\n|move|p2a: Gogoat|Zen Headbutt|p1a: Maushold\n|-damage|p1a: Maushold|0 fnt\n|faint|p1a: Maushold\n|\n|upkeep\n|\n|t:|1698939755\n|switch|p1a: Espathra|Espathra, M|100\/100\n|-status|p1a: Espathra|psn\n|turn|12\n|\n|t:|1698939764\n|move|p1a: Espathra|Brave Bird|p2a: Gogoat\n|-supereffective|p2a: Gogoat\n|-damage|p2a: Gogoat|0 fnt\n|faint|p2a: Gogoat\n|-damage|p1a: Espathra|93\/100 psn|[from] Recoil\n|\n|-damage|p1a: Espathra|81\/100 psn|[from] psn\n|-ability|p1a: Espathra|Speed Boost|boost\n|-boost|p1a: Espathra|spe|1\n|upkeep\n|\n|t:|1698939774\n|switch|p2a: Kingambit|Kingambit, M|100\/100\n|-activate|p2a: Kingambit|ability: Supreme Overlord\n|-start|p2a: Kingambit|fallen5|[silent]\n|turn|13\n|inactive|YoWah has 90 seconds left.\n|\n|t:|1698939787\n|switch|p1a: Darkrai|Darkrai, shiny|100\/100\n|-status|p1a: Darkrai|psn\n|move|p2a: Kingambit|Kowtow Cleave|p1a: Darkrai\n|-resisted|p1a: Darkrai\n|-damage|p1a: Darkrai|45\/100 psn\n|\n|-damage|p1a: Darkrai|33\/100 psn|[from] psn\n|upkeep\n|turn|14\n|inactive|YoWah has 90 seconds left.\n|\n|t:|1698939796\n|move|p1a: Darkrai|Hypnosis|p2a: Kingambit\n|-status|p2a: Kingambit|slp|[from] move: Hypnosis\n|cant|p2a: Kingambit|slp\n|\n|-damage|p1a: Darkrai|20\/100 psn|[from] psn\n|-damage|p2a: Kingambit|88\/100 slp|[from] ability: Bad Dreams|[of] p1a: Darkrai\n|upkeep\n|-enditem|p1a: Darkrai|Aguav Berry|[eat]\n|-heal|p1a: Darkrai|53\/100 psn|[from] item: Aguav Berry\n|turn|15\n|\n|t:|1698939806\n|-singleturn|p1a: Darkrai|move: Focus Punch\n|-curestatus|p2a: Kingambit|slp|[msg]\n|move|p2a: Kingambit|Kowtow Cleave|p1a: Darkrai\n|-resisted|p1a: Darkrai\n|-damage|p1a: Darkrai|2\/100 psn\n|cant|p1a: Darkrai|Focus Punch|Focus Punch\n|\n|-damage|p1a: Darkrai|0 fnt|[from] psn\n|faint|p1a: Darkrai\n|upkeep\n|inactive|YoWah has 90 seconds left.\n|\n|t:|1698939816\n|switch|p1a: Palkia|Palkia, shiny|1\/100\n|-status|p1a: Palkia|psn\n|-ability|p1a: Palkia|Pressure\n|turn|16\n|\n|t:|1698939823\n|move|p1a: Palkia|Spacial Rend|p2a: Kingambit\n|-resisted|p2a: Kingambit\n|-damage|p2a: Kingambit|59\/100\n|move|p2a: Kingambit|Kowtow Cleave|p1a: Palkia\n|-damage|p1a: Palkia|0 fnt\n|faint|p1a: Palkia\n|\n|upkeep\n|\n|t:|1698939827\n|switch|p1a: Espathra|Espathra, M|81\/100 psn\n|turn|17\n|\n|t:|1698939832\n|move|p1a: Espathra|Brave Bird|p2a: Kingambit\n|-resisted|p2a: Kingambit\n|-crit|p2a: Kingambit\n|-damage|p2a: Kingambit|49\/100\n|-damage|p1a: Espathra|76\/100 psn|[from] Recoil\n|move|p2a: Kingambit|Kowtow Cleave|p1a: Espathra\n|-supereffective|p1a: Espathra\n|-damage|p1a: Espathra|0 fnt\n|faint|p1a: Espathra\n|\n|win|INDsaksham\n|raw|YoWah's rating: 1040 &rarr; <strong>1022<\/strong><br \/>(-18 for losing)\n|raw|INDsaksham's rating: 1000 &rarr; <strong>1045<\/strong><br \/>(+45 for winning)\n|l|\u2606YoWah\n|c|\u2606INDsaksham|gg\n","uploadtime":1698939842,"views":12,"p1id":"yowah","p2id":"indsaksham","formatid":"gen9ubers","rating":1022,"private":0,"password":""}