{"id":"gen9ubers-1992188403","p1":"Mini Dee","p2":"Osky03","format":"[Gen 9] Ubers","log":"|j|\u2606Mini Dee\n|j|\u2606Osky03\n|t:|1700162312\n|gametype|singles\n|player|p1|Mini Dee|ltsurge|\n|player|p2|Osky03|102|\n|teamsize|p1|6\n|teamsize|p2|6\n|gen|9\n|tier|[Gen 9] Ubers\n|rule|Sleep Clause Mod: Limit one foe put to sleep\n|rule|Species Clause: Limit one of each Pok\u00e9mon\n|rule|OHKO Clause: OHKO moves are banned\n|rule|Evasion Items Clause: Evasion items are banned\n|rule|Evasion Moves Clause: Evasion moves are banned\n|rule|Endless Battle Clause: Forcing endless battles is banned\n|rule|HP Percentage Mod: HP is shown in percentages\n|clearpoke\n|poke|p1|Furret, F|\n|poke|p1|Goodra-Hisui, F|\n|poke|p1|Graveler-Alola, F|\n|poke|p1|Iron Bundle|\n|poke|p1|Yanmega, F|\n|poke|p1|Basculegion, M|\n|poke|p2|Arcanine-Hisui, M|\n|poke|p2|Baxcalibur, M|\n|poke|p2|Donphan, M|\n|poke|p2|Mew|\n|poke|p2|Vaporeon, F|\n|poke|p2|Pikachu, M|\n|teampreview\n|c|\u2606Mini Dee|Buena suerte\n|\n|t:|1700162353\n|start\n|switch|p1a: Furret|Furret, F, shiny|100\/100\n|switch|p2a: Saul|Donphan, M|100\/100\n|-item|p2a: Saul|Leftovers|[from] ability: Frisk|[of] p1a: Furret|[identify]\n|turn|1\n|\n|t:|1700162381\n|switch|p1a: Yanmega|Yanmega, F, shiny|100\/100\n|move|p2a: Saul|Stealth Rock|p1a: Yanmega\n|-sidestart|p1: Mini Dee|move: Stealth Rock\n|\n|upkeep\n|turn|2\n|j| Zapatillazo34\n|\n|t:|1700162406\n|switch|p2a: Huguitox|Arcanine-Hisui, M|100\/100\n|move|p1a: Yanmega|Giga Drain|p2a: Huguitox\n|-crit|p2a: Huguitox\n|-damage|p2a: Huguitox|49\/100\n|\n|-ability|p1a: Yanmega|Speed Boost|boost\n|-boost|p1a: Yanmega|spe|1\n|upkeep\n|turn|3\n|\n|t:|1700162449\n|move|p1a: Yanmega|Endure|p1a: Yanmega\n|-singleturn|p1a: Yanmega|move: Endure\n|move|p2a: Huguitox|Flare Blitz|p1a: Yanmega\n|-supereffective|p1a: Yanmega\n|-activate|p1a: Yanmega|move: Endure\n|-damage|p1a: Yanmega|1\/100\n|-enditem|p1a: Yanmega|Petaya Berry|[eat]\n|-boost|p1a: Yanmega|spa|1|[from] item: Petaya Berry\n|\n|-ability|p1a: Yanmega|Speed Boost|boost\n|-boost|p1a: Yanmega|spe|1\n|upkeep\n|turn|4\n|\n|t:|1700162472\n|switch|p2a: Osky|Pikachu, M|100\/100\n|move|p1a: Yanmega|Giga Drain|p2a: Osky\n|-damage|p2a: Osky|0 fnt\n|-heal|p1a: Yanmega|35\/100|[from] drain|[of] p2a: Osky\n|faint|p2a: Osky\n|\n|-ability|p1a: Yanmega|Speed Boost|boost\n|-boost|p1a: Yanmega|spe|1\n|upkeep\n|j| Rubenator_64\n|j| balutalol\n|\n|t:|1700162522\n|switch|p2a: MOLINA PAPA|Baxcalibur, M|100\/100\n|turn|5\n|\n|t:|1700162556\n|move|p1a: Yanmega|Bug Buzz|p2a: MOLINA PAPA\n|-damage|p2a: MOLINA PAPA|24\/100\n|move|p2a: MOLINA PAPA|Earthquake|p1a: Yanmega\n|-immune|p1a: Yanmega\n|\n|-ability|p1a: Yanmega|Speed Boost|boost\n|-boost|p1a: Yanmega|spe|1\n|upkeep\n|turn|6\n|c|\u2606Mini Dee|Soy tipo volador \ud83d\ude05\n|\n|t:|1700162585\n|switch|p2a: Ury|Mew|100\/100\n|move|p1a: Yanmega|Air Slash|p2a: Ury\n|-damage|p2a: Ury|48\/100\n|\n|-heal|p2a: Ury|54\/100|[from] item: Leftovers\n|-ability|p1a: Yanmega|Speed Boost|boost\n|-boost|p1a: Yanmega|spe|1\n|upkeep\n|turn|7\n|c|\u2606Osky03|ya pero intento hacer predicts\n|\n|t:|1700162594\n|move|p1a: Yanmega|Bug Buzz|p2a: Ury\n|-supereffective|p2a: Ury\n|-damage|p2a: Ury|0 fnt\n|faint|p2a: Ury\n|\n|-ability|p1a: Yanmega|Speed Boost|boost\n|-boost|p1a: Yanmega|spe|1\n|upkeep\n|c| balutalol|DX\n|\n|t:|1700162605\n|switch|p2a: Huguitox|Arcanine-Hisui, M|49\/100\n|turn|8\n|c|\u2606Mini Dee|No deber\u00edas si no tienes mucha experiencia, es muy arriesgado\n|\n|t:|1700162615\n|move|p1a: Yanmega|Giga Drain|p2a: Huguitox\n|-damage|p2a: Huguitox|0 fnt\n|-heal|p1a: Yanmega|61\/100|[from] drain|[of] p2a: Huguitox\n|faint|p2a: Huguitox\n|\n|upkeep\n|\n|t:|1700162621\n|switch|p2a: Vaquilla|Vaporeon, F|100\/100\n|turn|9\n|c| balutalol|muy risky\n|\n|t:|1700162628\n|move|p2a: Vaquilla|Protect|p2a: Vaquilla\n|-singleturn|p2a: Vaquilla|Protect\n|move|p1a: Yanmega|Giga Drain|p2a: Vaquilla\n|-activate|p2a: Vaquilla|move: Protect\n|\n|upkeep\n|turn|10\n|\n|t:|1700162634\n|move|p1a: Yanmega|Giga Drain|p2a: Vaquilla\n|-supereffective|p2a: Vaquilla\n|-damage|p2a: Vaquilla|38\/100\n|-heal|p1a: Yanmega|100\/100|[from] drain|[of] p2a: Vaquilla\n|move|p2a: Vaquilla|Scald|p1a: Yanmega\n|-damage|p1a: Yanmega|46\/100\n|\n|-heal|p2a: Vaquilla|44\/100|[from] item: Leftovers\n|upkeep\n|turn|11\n|\n|t:|1700162661\n|move|p2a: Vaquilla|Protect|p2a: Vaquilla\n|-singleturn|p2a: Vaquilla|Protect\n|move|p1a: Yanmega|Giga Drain|p2a: Vaquilla\n|-activate|p2a: Vaquilla|move: Protect\n|\n|-heal|p2a: Vaquilla|50\/100|[from] item: Leftovers\n|upkeep\n|turn|12\n|\n|t:|1700162669\n|move|p2a: Vaquilla|Protect||[still]\n|-fail|p2a: Vaquilla\n|move|p1a: Yanmega|Giga Drain|p2a: Vaquilla\n|-supereffective|p2a: Vaquilla\n|-damage|p2a: Vaquilla|0 fnt\n|-heal|p1a: Yanmega|82\/100|[from] drain|[of] p2a: Vaquilla\n|faint|p2a: Vaquilla\n|\n|upkeep\n|\n|t:|1700162680\n|switch|p2a: Saul|Donphan, M|100\/100\n|turn|13\n|\n|t:|1700162688\n|move|p2a: Saul|Ice Shard|p1a: Yanmega\n|-supereffective|p1a: Yanmega\n|-damage|p1a: Yanmega|47\/100\n|move|p1a: Yanmega|Giga Drain|p2a: Saul\n|-supereffective|p2a: Saul\n|-ability|p2a: Saul|Sturdy\n|-damage|p2a: Saul|1\/100\n|-heal|p1a: Yanmega|100\/100|[from] drain|[of] p2a: Saul\n|\n|-heal|p2a: Saul|7\/100|[from] item: Leftovers\n|upkeep\n|turn|14\n|\n|t:|1700162704\n|switch|p2a: MOLINA PAPA|Baxcalibur, M|24\/100\n|move|p1a: Yanmega|Giga Drain|p2a: MOLINA PAPA\n|-resisted|p2a: MOLINA PAPA\n|-damage|p2a: MOLINA PAPA|3\/100\n|\n|upkeep\n|turn|15\n|\n|t:|1700162718\n|move|p1a: Yanmega|Bug Buzz|p2a: MOLINA PAPA\n|-damage|p2a: MOLINA PAPA|0 fnt\n|faint|p2a: MOLINA PAPA\n|\n|upkeep\n|\n|t:|1700162723\n|switch|p2a: Saul|Donphan, M|7\/100\n|turn|16\n|\n|t:|1700162726\n|move|p2a: Saul|Ice Shard|p1a: Yanmega\n|-supereffective|p1a: Yanmega\n|-damage|p1a: Yanmega|62\/100\n|move|p1a: Yanmega|Bug Buzz|p2a: Saul\n|-damage|p2a: Saul|0 fnt\n|faint|p2a: Saul\n|\n|win|Mini Dee\n|c|\u2606Mini Dee|GG\n|l|\u2606Osky03\n","uploadtime":1700162738,"views":16,"p1id":"minidee","p2id":"osky03","formatid":"gen9ubers","rating":0,"private":0,"password":""}