{"id":"gen9ubers-2000549380","p1":"LuukTheGamer","p2":"yuramas","format":"[Gen 9] Ubers","log":"|j|\u2606LuukTheGamer\n|j|\u2606yuramas\n|t:|1701204395\n|gametype|singles\n|player|p1|LuukTheGamer|anabel|\n|player|p2|yuramas|169|\n|teamsize|p1|6\n|teamsize|p2|6\n|gen|9\n|tier|[Gen 9] Ubers\n|rule|Sleep Clause Mod: Limit one foe put to sleep\n|rule|Species Clause: Limit one of each Pok\u00e9mon\n|rule|OHKO Clause: OHKO moves are banned\n|rule|Evasion Items Clause: Evasion items are banned\n|rule|Evasion Moves Clause: Evasion moves are banned\n|rule|Endless Battle Clause: Forcing endless battles is banned\n|rule|HP Percentage Mod: HP is shown in percentages\n|clearpoke\n|poke|p1|Zamazenta-*|\n|poke|p1|Moltres|\n|poke|p1|Garganacl, F|\n|poke|p1|Alomomola, M|\n|poke|p1|Landorus, M|\n|poke|p1|Spectrier|\n|poke|p2|Iron Moth|\n|poke|p2|Houndstone, F|\n|poke|p2|Magearna|\n|poke|p2|Palafin, F|\n|poke|p2|Landorus, M|\n|poke|p2|Arceus-Dragon|\n|teampreview\n|inactive|Battle timer is ON: inactive players will automatically lose when time's up. (requested by LuukTheGamer)\n|inactive|yuramas has 270 seconds left.\n|inactive|yuramas has 240 seconds left.\n|\n|t:|1701204466\n|start\n|switch|p1a: Landorus|Landorus, M|100\/100\n|switch|p2a: Iron Moth|Iron Moth|100\/100\n|-enditem|p2a: Iron Moth|Booster Energy\n|-activate|p2a: Iron Moth|ability: Quark Drive|[fromitem]\n|-start|p2a: Iron Moth|quarkdrivespe\n|turn|1\n|inactive|yuramas has 270 seconds left.\n|\n|t:|1701204499\n|-end|p2a: Iron Moth|Quark Drive|[silent]\n|switch|p2a: Landorus|Landorus, M|100\/100\n|move|p1a: Landorus|Stealth Rock|p2a: Landorus\n|-sidestart|p2: yuramas|move: Stealth Rock\n|\n|upkeep\n|turn|2\n|inactive|yuramas has 270 seconds left.\n|inactive|LuukTheGamer has 270 seconds left.\n|inactive|yuramas has 240 seconds left.\n|\n|t:|1701204545\n|move|p1a: Landorus|Focus Blast|p2a: Landorus\n|-resisted|p2a: Landorus\n|-damage|p2a: Landorus|57\/100\n|move|p2a: Landorus|Focus Blast|p1a: Landorus\n|-resisted|p1a: Landorus\n|-damage|p1a: Landorus|57\/100\n|\n|upkeep\n|turn|3\n|inactive|yuramas has 240 seconds left.\n|inactive|LuukTheGamer has 240 seconds left.\n|\n|t:|1701204581\n|switch|p2a: Iron Moth|Iron Moth|100\/100\n|-damage|p2a: Iron Moth|75\/100|[from] Stealth Rock\n|move|p1a: Landorus|Focus Blast|p2a: Iron Moth\n|-resisted|p2a: Iron Moth\n|-damage|p2a: Iron Moth|44\/100\n|\n|upkeep\n|turn|4\n|inactive|LuukTheGamer has 240 seconds left.\n|\n|t:|1701204603\n|move|p2a: Iron Moth|Fiery Dance|p1a: Landorus\n|-damage|p1a: Landorus|4\/100\n|-boost|p2a: Iron Moth|spa|1\n|move|p1a: Landorus|Sludge Bomb|p2a: Iron Moth\n|-resisted|p2a: Iron Moth\n|-damage|p2a: Iron Moth|23\/100\n|\n|upkeep\n|turn|5\n|inactive|yuramas has 210 seconds left.\n|\n|t:|1701204627\n|move|p2a: Iron Moth|Fiery Dance|p1a: Landorus\n|-damage|p1a: Landorus|0 fnt\n|-boost|p2a: Iron Moth|spa|1\n|faint|p1a: Landorus\n|\n|upkeep\n|\n|t:|1701204643\n|switch|p1a: Spectrier|Spectrier|100\/100\n|turn|6\n|inactive|yuramas has 210 seconds left.\n|\n|t:|1701204663\n|-end|p2a: Iron Moth|Quark Drive|[silent]\n|switch|p2a: Magearna|Magearna|100\/100\n|-damage|p2a: Magearna|94\/100|[from] Stealth Rock\n|move|p1a: Spectrier|Substitute|p1a: Spectrier\n|-start|p1a: Spectrier|Substitute\n|-damage|p1a: Spectrier|76\/100\n|\n|-heal|p1a: Spectrier|82\/100|[from] item: Leftovers\n|-heal|p2a: Magearna|100\/100|[from] item: Leftovers\n|upkeep\n|turn|7\n|inactive|yuramas has 210 seconds left.\n|\n|t:|1701204675\n|move|p1a: Spectrier|Calm Mind|p1a: Spectrier\n|-boost|p1a: Spectrier|spa|1\n|-boost|p1a: Spectrier|spd|1\n|move|p2a: Magearna|Volt Switch|p1a: Spectrier\n|-crit|p1a: Spectrier\n|-end|p1a: Spectrier|Substitute\n|inactive|yuramas has 210 seconds left.\n|\n|t:|1701204685\n|switch|p2a: Arceus|Arceus-Dragon|100\/100|[from] Volt Switch\n|-damage|p2a: Arceus|88\/100|[from] Stealth Rock\n|\n|-heal|p1a: Spectrier|88\/100|[from] item: Leftovers\n|upkeep\n|turn|8\n|inactive|yuramas has 210 seconds left.\n|\n|t:|1701204706\n|move|p1a: Spectrier|Substitute|p1a: Spectrier\n|-start|p1a: Spectrier|Substitute\n|-damage|p1a: Spectrier|63\/100\n|move|p2a: Arceus|Earthquake|p1a: Spectrier\n|-end|p1a: Spectrier|Substitute\n|\n|-heal|p1a: Spectrier|69\/100|[from] item: Leftovers\n|upkeep\n|turn|9\n|inactive|LuukTheGamer has 240 seconds left.\n|\n|t:|1701204723\n|move|p1a: Spectrier|Will-O-Wisp|p2a: Arceus\n|-status|p2a: Arceus|brn\n|move|p2a: Arceus|Outrage|p1a: Spectrier\n|-damage|p1a: Spectrier|7\/100\n|\n|-heal|p1a: Spectrier|13\/100|[from] item: Leftovers\n|-damage|p2a: Arceus|82\/100 brn|[from] brn\n|upkeep\n|turn|10\n|\n|t:|1701204736\n|move|p1a: Spectrier|Hex|p2a: Arceus\n|-damage|p2a: Arceus|0 fnt\n|faint|p2a: Arceus\n|-ability|p1a: Spectrier|Grim Neigh|boost\n|-boost|p1a: Spectrier|spa|1\n|\n|-heal|p1a: Spectrier|19\/100|[from] item: Leftovers\n|upkeep\n|\n|t:|1701204745\n|switch|p2a: Palafin|Palafin, F|100\/100\n|-damage|p2a: Palafin|88\/100|[from] Stealth Rock\n|turn|11\n|inactive|LuukTheGamer has 240 seconds left.\n|inactive|yuramas has 180 seconds left.\n|\n|t:|1701204778\n|switch|p1a: Moltres|Moltres|100\/100\n|move|p2a: Palafin|Jet Punch|p1a: Moltres\n|-supereffective|p1a: Moltres\n|-damage|p1a: Moltres|71\/100\n|\n|-heal|p2a: Palafin|94\/100|[from] item: Leftovers\n|upkeep\n|turn|12\n|inactive|LuukTheGamer has 240 seconds left.\n|\n|t:|1701204795\n|detailschange|p2a: Palafin|Palafin-Hero, F\n|switch|p2a: Iron Moth|Iron Moth|23\/100\n|-damage|p2a: Iron Moth|0 fnt|[from] Stealth Rock\n|faint|p2a: Iron Moth\n|-end|p2a: Iron Moth|Quark Drive|[silent]\n|move|p1a: Moltres|U-turn|p2: Iron Moth|[notarget]\n|-fail|p1a: Moltres\n|\n|upkeep\n|inactive|yuramas has 180 seconds left.\n|\n|t:|1701204829\n|switch|p2a: Palafin|Palafin-Hero, F|94\/100\n|-damage|p2a: Palafin|82\/100|[from] Stealth Rock\n|-activate|p2a: Palafin|ability: Zero to Hero\n|turn|13\n|inactive|yuramas has 150 seconds left.\n|inactive|LuukTheGamer has 240 seconds left.\n|\n|t:|1701204875\n|-terastallize|p2a: Palafin|Water\n|move|p2a: Palafin|Jet Punch|p1a: Moltres\n|-supereffective|p1a: Moltres\n|-damage|p1a: Moltres|0 fnt\n|-status|p2a: Palafin|brn|[from] ability: Flame Body|[of] p1a: Moltres\n|faint|p1a: Moltres\n|\n|-heal|p2a: Palafin|88\/100 brn|[from] item: Leftovers\n|-damage|p2a: Palafin|82\/100 brn|[from] brn\n|upkeep\n|c|\u2606yuramas|bruh\n|inactive|LuukTheGamer has 210 seconds left.\n|\n|t:|1701204909\n|switch|p1a: Zamazenta|Zamazenta-Crowned|100\/100\n|-ability|p1a: Zamazenta|Dauntless Shield|boost\n|-boost|p1a: Zamazenta|def|1\n|turn|14\n|inactive|LuukTheGamer has 210 seconds left.\n|inactive|yuramas has 150 seconds left.\n|\n|t:|1701204926\n|-terastallize|p1a: Zamazenta|Water\n|move|p1a: Zamazenta|Iron Defense|p1a: Zamazenta\n|-boost|p1a: Zamazenta|def|2\n|move|p2a: Palafin|Encore|p1a: Zamazenta\n|-start|p1a: Zamazenta|Encore\n|\n|-heal|p2a: Palafin|88\/100 brn|[from] item: Leftovers\n|-damage|p2a: Palafin|82\/100 brn|[from] brn\n|upkeep\n|turn|15\n|inactive|LuukTheGamer has 210 seconds left.\n|\n|t:|1701204936\n|switch|p2a: Landorus|Landorus, M|57\/100\n|-damage|p2a: Landorus|44\/100|[from] Stealth Rock\n|move|p1a: Zamazenta|Iron Defense|p1a: Zamazenta\n|-boost|p1a: Zamazenta|def|2\n|\n|upkeep\n|turn|16\n|inactive|yuramas has 150 seconds left.\n|inactive|LuukTheGamer has 210 seconds left.\n|\n|t:|1701204957\n|move|p1a: Zamazenta|Iron Defense|p1a: Zamazenta\n|-boost|p1a: Zamazenta|def|1\n|move|p2a: Landorus|Earth Power|p1a: Zamazenta\n|-crit|p1a: Zamazenta\n|-damage|p1a: Zamazenta|23\/100\n|\n|upkeep\n|turn|17\n|\n|t:|1701204969\n|move|p1a: Zamazenta|Iron Defense|p1a: Zamazenta\n|-boost|p1a: Zamazenta|def|0\n|move|p2a: Landorus|Earth Power|p1a: Zamazenta\n|-damage|p1a: Zamazenta|0 fnt\n|faint|p1a: Zamazenta\n|\n|upkeep\n|\n|t:|1701204973\n|switch|p1a: Alomomola|Alomomola, M|100\/100\n|turn|18\n|inactive|LuukTheGamer has 210 seconds left.\n|\n|t:|1701204981\n|switch|p2a: Magearna|Magearna|100\/100\n|-damage|p2a: Magearna|94\/100|[from] Stealth Rock\n|move|p1a: Alomomola|Wish|p1a: Alomomola\n|\n|-heal|p2a: Magearna|100\/100|[from] item: Leftovers\n|upkeep\n|turn|19\n|inactive|LuukTheGamer has 210 seconds left.\n|inactive|yuramas has 150 seconds left.\n|\n|t:|1701205007\n|switch|p1a: Garganacl|Garganacl, F|100\/100\n|move|p2a: Magearna|Volt Switch|p1a: Garganacl\n|-damage|p1a: Garganacl|87\/100\n|inactive|yuramas has 150 seconds left.\n|\n|t:|1701205020\n|switch|p2a: Landorus|Landorus, M|44\/100|[from] Volt Switch\n|-damage|p2a: Landorus|32\/100|[from] Stealth Rock\n|\n|-heal|p1a: Garganacl|100\/100|[from] move: Wish|[wisher] Alomomola\n|upkeep\n|turn|20\n|inactive|LuukTheGamer has 210 seconds left.\n|\n|t:|1701205056\n|switch|p1a: Alomomola|Alomomola, M|100\/100\n|move|p2a: Landorus|Earth Power|p1a: Alomomola\n|-damage|p1a: Alomomola|2\/100\n|\n|upkeep\n|turn|21\n|inactive|yuramas has 150 seconds left.\n|\n|t:|1701205079\n|move|p2a: Landorus|Earth Power|p1a: Alomomola\n|-damage|p1a: Alomomola|0 fnt\n|faint|p1a: Alomomola\n|\n|upkeep\n|\n|t:|1701205082\n|switch|p1a: Spectrier|Spectrier|19\/100\n|turn|22\n|\n|t:|1701205091\n|switch|p2a: Palafin|Palafin-Hero, F, tera:Water|82\/100 brn\n|-damage|p2a: Palafin|70\/100 brn|[from] Stealth Rock\n|move|p1a: Spectrier|Hex|p2a: Palafin\n|-damage|p2a: Palafin|0 fnt\n|faint|p2a: Palafin\n|-ability|p1a: Spectrier|Grim Neigh|boost\n|-boost|p1a: Spectrier|spa|1\n|\n|-heal|p1a: Spectrier|25\/100|[from] item: Leftovers\n|upkeep\n|\n|t:|1701205096\n|switch|p2a: Magearna|Magearna|100\/100\n|-damage|p2a: Magearna|94\/100|[from] Stealth Rock\n|turn|23\n|inactive|LuukTheGamer has 210 seconds left.\n|\n|t:|1701205118\n|switch|p1a: Garganacl|Garganacl, F|100\/100\n|move|p2a: Magearna|Fleur Cannon|p1a: Garganacl\n|-damage|p1a: Garganacl|65\/100\n|-unboost|p2a: Magearna|spa|2\n|\n|-heal|p2a: Magearna|100\/100|[from] item: Leftovers\n|-heal|p1a: Garganacl|71\/100|[from] item: Leftovers\n|upkeep\n|turn|24\n|inactive|LuukTheGamer has 180 seconds left.\n|\n|t:|1701205144\n|move|p2a: Magearna|Volt Switch|p1a: Garganacl\n|-damage|p1a: Garganacl|65\/100\n|\n|t:|1701205149\n|switch|p2a: Houndstone|Houndstone, F|100\/100|[from] Volt Switch\n|-damage|p2a: Houndstone|88\/100|[from] Stealth Rock\n|move|p1a: Garganacl|Salt Cure|p2a: Houndstone\n|-damage|p2a: Houndstone|77\/100\n|-start|p2a: Houndstone|Salt Cure\n|\n|-heal|p2a: Houndstone|83\/100|[from] item: Leftovers\n|-heal|p1a: Garganacl|71\/100|[from] item: Leftovers\n|-damage|p2a: Houndstone|71\/100|[from] Salt Cure\n|upkeep\n|turn|25\n|inactive|LuukTheGamer has 180 seconds left.\n|inactive|yuramas has 150 seconds left.\n|inactive|LuukTheGamer has 150 seconds left.\n|\n|t:|1701205209\n|move|p2a: Houndstone|Will-O-Wisp|p1a: Garganacl|[miss]\n|-miss|p2a: Houndstone|p1a: Garganacl\n|move|p1a: Garganacl|Salt Cure|p2a: Houndstone\n|-damage|p2a: Houndstone|59\/100\n|\n|-heal|p2a: Houndstone|65\/100|[from] item: Leftovers\n|-heal|p1a: Garganacl|77\/100|[from] item: Leftovers\n|-damage|p2a: Houndstone|53\/100|[from] Salt Cure\n|upkeep\n|turn|26\n|inactive|yuramas has 150 seconds left.\n|\n|t:|1701205220\n|move|p2a: Houndstone|Will-O-Wisp|p1a: Garganacl\n|-immune|p1a: Garganacl|[from] ability: Purifying Salt\n|move|p1a: Garganacl|Salt Cure|p2a: Houndstone\n|-damage|p2a: Houndstone|42\/100\n|\n|-heal|p2a: Houndstone|48\/100|[from] item: Leftovers\n|-heal|p1a: Garganacl|83\/100|[from] item: Leftovers\n|-damage|p2a: Houndstone|36\/100|[from] Salt Cure\n|upkeep\n|turn|27\n|\n|t:|1701205230\n|move|p2a: Houndstone|Body Press|p1a: Garganacl\n|-supereffective|p1a: Garganacl\n|-damage|p1a: Garganacl|52\/100\n|move|p1a: Garganacl|Salt Cure|p2a: Houndstone\n|-damage|p2a: Houndstone|25\/100\n|\n|-heal|p2a: Houndstone|32\/100|[from] item: Leftovers\n|-heal|p1a: Garganacl|59\/100|[from] item: Leftovers\n|-damage|p2a: Houndstone|19\/100|[from] Salt Cure\n|upkeep\n|turn|28\n|\n|t:|1701205245\n|move|p2a: Houndstone|Last Respects|p1a: Garganacl\n|-damage|p1a: Garganacl|33\/100\n|move|p1a: Garganacl|Salt Cure|p2a: Houndstone\n|-damage|p2a: Houndstone|9\/100\n|\n|-heal|p2a: Houndstone|15\/100|[from] item: Leftovers\n|-heal|p1a: Garganacl|40\/100|[from] item: Leftovers\n|-damage|p2a: Houndstone|2\/100|[from] Salt Cure\n|upkeep\n|turn|29\n|inactive|LuukTheGamer has 150 seconds left.\n|inactive|yuramas has 150 seconds left.\n|\n|t:|1701205282\n|move|p2a: Houndstone|Last Respects|p1a: Garganacl\n|-damage|p1a: Garganacl|16\/100\n|move|p1a: Garganacl|Recover|p1a: Garganacl\n|-heal|p1a: Garganacl|66\/100\n|\n|-heal|p2a: Houndstone|8\/100|[from] item: Leftovers\n|-heal|p1a: Garganacl|72\/100|[from] item: Leftovers\n|-damage|p2a: Houndstone|0 fnt|[from] Salt Cure\n|faint|p2a: Houndstone\n|upkeep\n|inactive|yuramas has 150 seconds left.\n|\n|t:|1701205288\n|switch|p2a: Landorus|Landorus, M|32\/100\n|-damage|p2a: Landorus|20\/100|[from] Stealth Rock\n|turn|30\n|\n|t:|1701205295\n|move|p2a: Landorus|Earth Power|p1a: Garganacl\n|-supereffective|p1a: Garganacl\n|-damage|p1a: Garganacl|0 fnt\n|faint|p1a: Garganacl\n|\n|upkeep\n|\n|t:|1701205298\n|switch|p1a: Spectrier|Spectrier|25\/100\n|turn|31\n|inactive|LuukTheGamer has 150 seconds left.\n|\n|t:|1701205308\n|move|p1a: Spectrier|Hex|p2a: Landorus\n|-damage|p2a: Landorus|0 fnt\n|faint|p2a: Landorus\n|-ability|p1a: Spectrier|Grim Neigh|boost\n|-boost|p1a: Spectrier|spa|1\n|\n|-heal|p1a: Spectrier|31\/100|[from] item: Leftovers\n|upkeep\n|\n|t:|1701205310\n|switch|p2a: Magearna|Magearna|100\/100\n|-damage|p2a: Magearna|94\/100|[from] Stealth Rock\n|turn|32\n|inactive|yuramas has 180 seconds left.\n|inactive|LuukTheGamer has 150 seconds left.\n|\n|t:|1701205354\n|move|p1a: Spectrier|Substitute|p1a: Spectrier\n|-start|p1a: Spectrier|Substitute\n|-damage|p1a: Spectrier|6\/100\n|move|p2a: Magearna|Fleur Cannon|p1a: Spectrier\n|-end|p1a: Spectrier|Substitute\n|-unboost|p2a: Magearna|spa|2\n|\n|-heal|p1a: Spectrier|13\/100|[from] item: Leftovers\n|-heal|p2a: Magearna|100\/100|[from] item: Leftovers\n|upkeep\n|turn|33\n|inactive|LuukTheGamer has 120 seconds left.\n|c|\u2606LuukTheGamer|gg\n|\n|t:|1701205372\n|move|p1a: Spectrier|Hex|p2a: Magearna\n|-damage|p2a: Magearna|63\/100\n|move|p2a: Magearna|Fleur Cannon|p1a: Spectrier\n|-damage|p1a: Spectrier|0 fnt\n|-unboost|p2a: Magearna|spa|2\n|faint|p1a: Spectrier\n|\n|win|yuramas\n|c|\u2606yuramas|gg\n","uploadtime":1701205387,"views":14,"p1id":"luukthegamer","p2id":"yuramas","formatid":"gen9ubers","rating":0,"private":0,"password":""}