{"id":"gen9ubers-1994809061","p1":"Pappan_X_10","p2":"jacothaptrllr","format":"[Gen 9] Ubers","log":"|j|\u2606Pappan_X_10\n|j|\u2606jacothaptrllr\n|t:|1700494808\n|gametype|singles\n|player|p1|Pappan_X_10|1|1165\n|player|p2|jacothaptrllr|chuck|1166\n|teamsize|p1|6\n|teamsize|p2|6\n|gen|9\n|tier|[Gen 9] Ubers\n|rated|\n|rule|Sleep Clause Mod: Limit one foe put to sleep\n|rule|Species Clause: Limit one of each Pok\u00e9mon\n|rule|OHKO Clause: OHKO moves are banned\n|rule|Evasion Items Clause: Evasion items are banned\n|rule|Evasion Moves Clause: Evasion moves are banned\n|rule|Endless Battle Clause: Forcing endless battles is banned\n|rule|HP Percentage Mod: HP is shown in percentages\n|clearpoke\n|poke|p1|Zacian-*|\n|poke|p1|Chien-Pao|\n|poke|p1|Cloyster, M|\n|poke|p1|Garganacl, M|\n|poke|p1|Polteageist-Antique|\n|poke|p1|Basculegion, M|\n|poke|p2|Flutter Mane|\n|poke|p2|Miraidon|\n|poke|p2|Kyogre|\n|poke|p2|Urshifu-*, M|\n|poke|p2|Iron Valiant|\n|poke|p2|Landorus, M|\n|teampreview\n|inactive|Battle timer is ON: inactive players will automatically lose when time's up. (requested by jacothaptrllr)\n|inactive|Pappan_X_10 also wants the timer to be on.\n|\n|t:|1700494833\n|start\n|switch|p1a: Polteageist|Polteageist-Antique|100\/100\n|switch|p2a: meepy|Kyogre|100\/100\n|-weather|RainDance|[from] ability: Drizzle|[of] p2a: meepy\n|turn|1\n|\n|t:|1700494839\n|move|p2a: meepy|Water Spout|p1a: Polteageist\n|-damage|p1a: Polteageist|0 fnt\n|faint|p1a: Polteageist\n|\n|-weather|RainDance|[upkeep]\n|upkeep\n|\n|t:|1700494845\n|switch|p1a: Garganacl|Garganacl, M|100\/100\n|turn|2\n|\n|t:|1700494855\n|-terastallize|p1a: Garganacl|Grass\n|move|p2a: meepy|Water Spout|p1a: Garganacl\n|-resisted|p1a: Garganacl\n|-damage|p1a: Garganacl|40\/100\n|move|p1a: Garganacl|Salt Cure|p2a: meepy\n|-damage|p2a: meepy|86\/100\n|-start|p2a: meepy|Salt Cure\n|\n|-weather|RainDance|[upkeep]\n|-heal|p1a: Garganacl|46\/100|[from] item: Leftovers\n|-damage|p2a: meepy|61\/100|[from] Salt Cure\n|upkeep\n|turn|3\n|\n|t:|1700494866\n|move|p1a: Garganacl|Protect|p1a: Garganacl\n|-singleturn|p1a: Garganacl|Protect\n|move|p2a: meepy|Ice Beam|p1a: Garganacl\n|-activate|p1a: Garganacl|move: Protect\n|\n|-weather|RainDance|[upkeep]\n|-heal|p1a: Garganacl|52\/100|[from] item: Leftovers\n|-damage|p2a: meepy|36\/100|[from] Salt Cure\n|upkeep\n|turn|4\n|\n|t:|1700494877\n|switch|p2a: cheapy|Miraidon|100\/100\n|-fieldstart|move: Electric Terrain|[from] ability: Hadron Engine|[of] p2a: cheapy\n|switch|p1a: Zacian|Zacian-Crowned|100\/100\n|-ability|p1a: Zacian|Intrepid Sword|boost\n|-boost|p1a: Zacian|atk|1\n|\n|-weather|RainDance|[upkeep]\n|upkeep\n|turn|5\n|\n|t:|1700494897\n|move|p1a: Zacian|Trailblaze|p2a: cheapy\n|-resisted|p2a: cheapy\n|-damage|p2a: cheapy|86\/100\n|-boost|p1a: Zacian|spe|1\n|move|p2a: cheapy|Electro Drift|p1a: Zacian\n|-damage|p1a: Zacian|0 fnt\n|faint|p1a: Zacian\n|-damage|p2a: cheapy|76\/100|[from] item: Life Orb\n|\n|-weather|none\n|upkeep\n|\n|t:|1700494910\n|switch|p1a: Chien-Pao|Chien-Pao|100\/100\n|-ability|p1a: Chien-Pao|Sword of Ruin\n|turn|6\n|inactive|jacothaptrllr has 120 seconds left.\n|\n|t:|1700494943\n|move|p1a: Chien-Pao|Icicle Crash|p2a: cheapy\n|-supereffective|p2a: cheapy\n|-damage|p2a: cheapy|0 fnt\n|faint|p2a: cheapy\n|\n|upkeep\n|\n|t:|1700494946\n|switch|p2a: eepy|Flutter Mane|100\/100\n|-enditem|p2a: eepy|Booster Energy\n|-activate|p2a: eepy|ability: Protosynthesis|[fromitem]\n|-start|p2a: eepy|protosynthesisspe\n|turn|7\n|c|\u2606Pappan_X_10|yoo whats up\n|inactive|jacothaptrllr has 120 seconds left.\n|c|\u2606jacothaptrllr|waddup cuhh\n|c|\u2606Pappan_X_10|whqt\n|\n|t:|1700494971\n|move|p1a: Chien-Pao|Sucker Punch||[still]\n|-fail|p1a: Chien-Pao\n|move|p2a: eepy|Calm Mind|p2a: eepy\n|-boost|p2a: eepy|spa|1\n|-boost|p2a: eepy|spd|1\n|\n|upkeep\n|turn|8\n|inactive|jacothaptrllr has 120 seconds left.\n|\n|t:|1700494982\n|-end|p2a: eepy|Protosynthesis|[silent]\n|switch|p2a: meepy|Kyogre|36\/100\n|-weather|RainDance|[from] ability: Drizzle|[of] p2a: meepy\n|move|p1a: Chien-Pao|Icicle Crash|p2a: meepy\n|-resisted|p2a: meepy\n|-damage|p2a: meepy|9\/100\n|\n|-weather|RainDance|[upkeep]\n|-fieldend|move: Electric Terrain\n|upkeep\n|turn|9\n|inactive|jacothaptrllr has 120 seconds left.\n|\n|t:|1700494994\n|switch|p2a: CORAZON|Iron Valiant|100\/100\n|move|p1a: Chien-Pao|Sucker Punch||[still]\n|-fail|p1a: Chien-Pao\n|\n|-weather|RainDance|[upkeep]\n|upkeep\n|turn|10\n|\n|t:|1700495002\n|move|p1a: Chien-Pao|Psychic Fangs|p2a: CORAZON\n|-supereffective|p2a: CORAZON\n|-damage|p2a: CORAZON|1\/100\n|move|p2a: CORAZON|Encore|p1a: Chien-Pao\n|-start|p1a: Chien-Pao|Encore\n|\n|-weather|RainDance|[upkeep]\n|upkeep\n|turn|11\n|\n|t:|1700495016\n|move|p1a: Chien-Pao|Psychic Fangs|p2a: CORAZON\n|-supereffective|p2a: CORAZON\n|-damage|p2a: CORAZON|0 fnt\n|faint|p2a: CORAZON\n|-end|p2a: CORAZON|Quark Drive|[silent]\n|\n|-weather|RainDance|[upkeep]\n|upkeep\n|\n|t:|1700495018\n|switch|p2a: eepy|Flutter Mane|100\/100\n|turn|12\n|c|\u2606Pappan_X_10|whats the big deal huh\n|\n|t:|1700495034\n|switch|p1a: Cloyster|Cloyster, M|100\/100\n|move|p2a: eepy|Moonblast|p1a: Cloyster\n|-enditem|p1a: Cloyster|Focus Sash\n|-damage|p1a: Cloyster|1\/100\n|\n|-weather|none\n|upkeep\n|turn|13\n|c|\u2606jacothaptrllr|whatchu mean brother\n|\n|t:|1700495047\n|move|p2a: eepy|Moonblast|p1a: Cloyster\n|-damage|p1a: Cloyster|0 fnt\n|faint|p1a: Cloyster\n|\n|upkeep\n|c|\u2606Pappan_X_10|i am gonna beat u\n|\n|t:|1700495063\n|switch|p1a: Chien-Pao|Chien-Pao|100\/100\n|-ability|p1a: Chien-Pao|Sword of Ruin\n|turn|14\n|c|\u2606jacothaptrllr|ohhhhhh you're one of those\n|\n|t:|1700495084\n|-end|p2a: eepy|Protosynthesis|[silent]\n|switch|p2a: Landorus|Landorus, M|100\/100\n|move|p1a: Chien-Pao|Icicle Crash|p2a: Landorus\n|-supereffective|p2a: Landorus\n|-damage|p2a: Landorus|0 fnt\n|faint|p2a: Landorus\n|\n|upkeep\n|\n|t:|1700495091\n|switch|p2a: meepy|Kyogre|9\/100\n|-weather|RainDance|[from] ability: Drizzle|[of] p2a: meepy\n|turn|15\n|c|\u2606Pappan_X_10|i have never been  beaten\n|\n|t:|1700495097\n|switch|p2a: eepy|Flutter Mane|100\/100\n|move|p1a: Chien-Pao|Sucker Punch||[still]\n|-fail|p1a: Chien-Pao\n|\n|-weather|RainDance|[upkeep]\n|upkeep\n|turn|16\n|\n|t:|1700495108\n|-end|p2a: eepy|Protosynthesis|[silent]\n|switch|p2a: reapy|Urshifu-Rapid-Strike, M|100\/100\n|move|p1a: Chien-Pao|Icicle Crash|p2a: reapy|[miss]\n|-miss|p1a: Chien-Pao|p2a: reapy\n|\n|-weather|RainDance|[upkeep]\n|upkeep\n|turn|17\n|c|\u2606Pappan_X_10|will u stop ur fucking shit\n|\n|t:|1700495127\n|move|p1a: Chien-Pao|Psychic Fangs|p2a: reapy\n|-supereffective|p2a: reapy\n|-damage|p2a: reapy|24\/100\n|move|p2a: reapy|Surging Strikes|p1a: Chien-Pao\n|-crit|p1a: Chien-Pao\n|-damage|p1a: Chien-Pao|38\/100\n|-crit|p1a: Chien-Pao\n|-damage|p1a: Chien-Pao|0 fnt\n|faint|p1a: Chien-Pao\n|-hitcount|p1: Chien-Pao|2\n|\n|-weather|RainDance|[upkeep]\n|upkeep\n|\n|t:|1700495137\n|switch|p1a: Garganacl|Garganacl, M, tera:Grass|52\/100\n|turn|18\n|c|\u2606jacothaptrllr|calm down brother\n|\n|t:|1700495144\n|move|p1a: Garganacl|Protect|p1a: Garganacl\n|-singleturn|p1a: Garganacl|Protect\n|move|p2a: reapy|Surging Strikes|p1a: Garganacl\n|-resisted|p1a: Garganacl\n|-crit|p1a: Garganacl\n|-damage|p1a: Garganacl|40\/100\n|-resisted|p1a: Garganacl\n|-crit|p1a: Garganacl\n|-damage|p1a: Garganacl|28\/100\n|-resisted|p1a: Garganacl\n|-crit|p1a: Garganacl\n|-damage|p1a: Garganacl|15\/100\n|-hitcount|p1a: Garganacl|3\n|\n|-weather|RainDance|[upkeep]\n|-heal|p1a: Garganacl|22\/100|[from] item: Leftovers\n|upkeep\n|turn|19\n|\n|t:|1700495158\n|move|p2a: reapy|Surging Strikes|p1a: Garganacl\n|-resisted|p1a: Garganacl\n|-crit|p1a: Garganacl\n|-damage|p1a: Garganacl|9\/100\n|-resisted|p1a: Garganacl\n|-crit|p1a: Garganacl\n|-damage|p1a: Garganacl|0 fnt\n|faint|p1a: Garganacl\n|-hitcount|p1: Garganacl|2\n|\n|-weather|none\n|upkeep\n|\n|t:|1700495165\n|switch|p1a: Basculegion|Basculegion, M|100\/100\n|turn|20\n|\n|t:|1700495173\n|move|p2a: reapy|Surging Strikes|p1a: Basculegion\n|-resisted|p1a: Basculegion\n|-crit|p1a: Basculegion\n|-damage|p1a: Basculegion|86\/100\n|-resisted|p1a: Basculegion\n|-crit|p1a: Basculegion\n|-damage|p1a: Basculegion|72\/100\n|-resisted|p1a: Basculegion\n|-crit|p1a: Basculegion\n|-damage|p1a: Basculegion|57\/100\n|-hitcount|p1a: Basculegion|3\n|move|p1a: Basculegion|Last Respects|p2a: reapy\n|-damage|p2a: reapy|0 fnt\n|faint|p2a: reapy\n|\n|upkeep\n|\n|t:|1700495183\n|switch|p2a: eepy|Flutter Mane|100\/100\n|turn|21\n|\n|t:|1700495186\n|-terastallize|p2a: eepy|Normal\n|move|p2a: eepy|Shadow Ball|p1a: Basculegion\n|-supereffective|p1a: Basculegion\n|-damage|p1a: Basculegion|0 fnt\n|faint|p1a: Basculegion\n|\n|win|jacothaptrllr\n|raw|Pappan_X_10's rating: 1165 &rarr; <strong>1140<\/strong><br \/>(-25 for losing)\n|raw|jacothaptrllr's rating: 1166 &rarr; <strong>1191<\/strong><br \/>(+25 for winning)\n|c|\u2606jacothaptrllr|gg\n|c|\u2606jacothaptrllr|wp\n|c|\u2606Pappan_X_10|oh mannnnnnnn\n|l|\u2606Pappan_X_10\n","uploadtime":1700495121,"views":1,"p1id":"pappanx10","p2id":"jacothaptrllr","formatid":"gen9ubers","rating":1140,"private":0,"password":""}