{"id":"gen9ubers-1996440527","p1":"babbona","p2":"NEK 66666","format":"[Gen 9] Ubers","log":"|j|\u2606babbona\n|j|\u2606NEK 66666\n|t:|1700682236\n|gametype|singles\n|player|p1|babbona|ghetsis-gen5bw|1147\n|player|p2|NEK 66666|swimmer-gen4|1158\n|teamsize|p1|6\n|teamsize|p2|6\n|gen|9\n|tier|[Gen 9] Ubers\n|rated|\n|rule|Sleep Clause Mod: Limit one foe put to sleep\n|rule|Species Clause: Limit one of each Pok\u00e9mon\n|rule|OHKO Clause: OHKO moves are banned\n|rule|Evasion Items Clause: Evasion items are banned\n|rule|Evasion Moves Clause: Evasion moves are banned\n|rule|Endless Battle Clause: Forcing endless battles is banned\n|rule|HP Percentage Mod: HP is shown in percentages\n|clearpoke\n|poke|p1|Annihilape, F|\n|poke|p1|Gliscor, M|\n|poke|p1|Ribombee, M|\n|poke|p1|Calyrex-Ice|\n|poke|p1|Baxcalibur, F|\n|poke|p1|Magearna|\n|poke|p2|Amoonguss, F|\n|poke|p2|Garganacl, M|\n|poke|p2|Ogerpon-Hearthflame, F|\n|poke|p2|Ting-Lu|\n|poke|p2|Azumarill, F|\n|poke|p2|Kingambit, F|\n|teampreview\n|\n|t:|1700682253\n|start\n|switch|p1a: Ribombee|Ribombee, M|100\/100\n|switch|p2a: Ting-Lu|Ting-Lu|100\/100\n|-ability|p2a: Ting-Lu|Vessel of Ruin\n|turn|1\n|\n|t:|1700682259\n|move|p1a: Ribombee|Sticky Web|p2a: Ting-Lu\n|-sidestart|p2: NEK 66666|move: Sticky Web\n|move|p2a: Ting-Lu|Stealth Rock|p1a: Ribombee\n|-sidestart|p1: babbona|move: Stealth Rock\n|\n|upkeep\n|turn|2\n|inactive|Battle timer is ON: inactive players will automatically lose when time's up. (requested by NEK 66666)\n|\n|t:|1700682263\n|move|p1a: Ribombee|Stun Spore|p2a: Ting-Lu\n|-status|p2a: Ting-Lu|par\n|move|p2a: Ting-Lu|Spikes|p1a: Ribombee\n|-sidestart|p1: babbona|Spikes\n|\n|upkeep\n|turn|3\n|\n|t:|1700682281\n|move|p1a: Ribombee|Tailwind|p1a: Ribombee\n|-sidestart|p1: babbona|move: Tailwind\n|move|p2a: Ting-Lu|Spikes|p1a: Ribombee\n|-sidestart|p1: babbona|Spikes\n|\n|upkeep\n|turn|4\n|\n|t:|1700682286\n|move|p1a: Ribombee|U-turn|p2a: Ting-Lu\n|-supereffective|p2a: Ting-Lu\n|-damage|p2a: Ting-Lu|85\/100 par\n|\n|t:|1700682288\n|switch|p1a: Calyrex|Calyrex-Ice|100\/100|[from] U-turn\n|-ability|p1a: Calyrex|As One\n|-ability|p1a: Calyrex|Unnerve\n|cant|p2a: Ting-Lu|par\n|\n|-heal|p2a: Ting-Lu|92\/100 par|[from] item: Leftovers\n|upkeep\n|turn|5\n|\n|t:|1700682301\n|move|p1a: Calyrex|Glacial Lance|p2a: Ting-Lu\n|-supereffective|p2a: Ting-Lu\n|-damage|p2a: Ting-Lu|12\/100 par\n|move|p2a: Ting-Lu|Earthquake|p1a: Calyrex\n|-damage|p1a: Calyrex|77\/100\n|\n|-heal|p2a: Ting-Lu|18\/100 par|[from] item: Leftovers\n|upkeep\n|turn|6\n|\n|t:|1700682312\n|move|p1a: Calyrex|Glacial Lance|p2a: Ting-Lu\n|-supereffective|p2a: Ting-Lu\n|-damage|p2a: Ting-Lu|0 fnt\n|faint|p2a: Ting-Lu\n|-ability|p1a: Calyrex|Chilling Neigh|boost\n|-boost|p1a: Calyrex|atk|1\n|\n|-sideend|p1: babbona|move: Tailwind\n|upkeep\n|\n|t:|1700682321\n|switch|p2a: Kingambit|Kingambit, F|100\/100\n|-activate|p2a: Kingambit|move: Sticky Web\n|-unboost|p2a: Kingambit|spe|1\n|-activate|p2a: Kingambit|ability: Supreme Overlord\n|-start|p2a: Kingambit|fallen1|[silent]\n|turn|7\n|\n|t:|1700682326\n|move|p2a: Kingambit|Sucker Punch|p1a: Calyrex\n|-supereffective|p1a: Calyrex\n|-damage|p1a: Calyrex|21\/100\n|move|p1a: Calyrex|High Horsepower|p2a: Kingambit\n|-supereffective|p2a: Kingambit\n|-damage|p2a: Kingambit|0 fnt\n|faint|p2a: Kingambit\n|-end|p2a: Kingambit|fallen1|[silent]\n|-ability|p1a: Calyrex|Chilling Neigh|boost\n|-boost|p1a: Calyrex|atk|1\n|\n|upkeep\n|\n|t:|1700682355\n|switch|p2a: Azumarill|Azumarill, F|100\/100\n|-activate|p2a: Azumarill|move: Sticky Web\n|-unboost|p2a: Azumarill|spe|1\n|turn|8\n|\n|t:|1700682368\n|move|p2a: Azumarill|Aqua Jet|p1a: Calyrex\n|-damage|p1a: Calyrex|7\/100\n|move|p1a: Calyrex|Seed Bomb|p2a: Azumarill\n|-supereffective|p2a: Azumarill\n|-damage|p2a: Azumarill|0 fnt\n|faint|p2a: Azumarill\n|-ability|p1a: Calyrex|Chilling Neigh|boost\n|-boost|p1a: Calyrex|atk|1\n|\n|upkeep\n|inactive|NEK 66666 has 120 seconds left.\n|\n|t:|1700682393\n|switch|p2a: Garganacl|Garganacl, M|100\/100\n|-activate|p2a: Garganacl|move: Sticky Web\n|-unboost|p2a: Garganacl|spe|1\n|turn|9\n|inactive|NEK 66666 has 120 seconds left.\n|\n|t:|1700682408\n|switch|p2a: ESP4THRA|Amoonguss, F, shiny|100\/100\n|-activate|p2a: ESP4THRA|move: Sticky Web\n|-unboost|p2a: ESP4THRA|spe|1\n|move|p1a: Calyrex|High Horsepower|p2a: ESP4THRA\n|-damage|p2a: ESP4THRA|0 fnt\n|faint|p2a: ESP4THRA\n|-ability|p1a: Calyrex|Chilling Neigh|boost\n|-boost|p1a: Calyrex|atk|1\n|\n|upkeep\n|\n|t:|1700682415\n|switch|p2a: Garganacl|Garganacl, M|100\/100\n|-activate|p2a: Garganacl|move: Sticky Web\n|-unboost|p2a: Garganacl|spe|1\n|turn|10\n|\n|t:|1700682423\n|-terastallize|p2a: Garganacl|Ghost\n|move|p1a: Calyrex|High Horsepower|p2a: Garganacl\n|-damage|p2a: Garganacl|14\/100\n|move|p2a: Garganacl|Salt Cure|p1a: Calyrex\n|-supereffective|p1a: Calyrex\n|-damage|p1a: Calyrex|0 fnt\n|faint|p1a: Calyrex\n|\n|-heal|p2a: Garganacl|20\/100|[from] item: Leftovers\n|upkeep\n|\n|t:|1700682429\n|switch|p1a: Annihilape|Annihilape, F|100\/100\n|-damage|p1a: Annihilape|94\/100|[from] Stealth Rock\n|-damage|p1a: Annihilape|78\/100|[from] Spikes\n|turn|11\n|inactive|NEK 66666 has 120 seconds left.\n|inactive|NEK 66666 has 90 seconds left.\n|\n|t:|1700682471\n|move|p1a: Annihilape|Bulk Up|p1a: Annihilape\n|-boost|p1a: Annihilape|atk|1\n|-boost|p1a: Annihilape|def|1\n|move|p2a: Garganacl|Recover|p2a: Garganacl\n|-heal|p2a: Garganacl|70\/100\n|\n|-heal|p2a: Garganacl|76\/100|[from] item: Leftovers\n|upkeep\n|turn|12\n|inactive|NEK 66666 has 90 seconds left.\n|\n|t:|1700682505\n|move|p1a: Annihilape|Rage Fist|p2a: Garganacl\n|-supereffective|p2a: Garganacl\n|-damage|p2a: Garganacl|48\/100\n|move|p2a: Garganacl|Salt Cure|p1a: Annihilape\n|-resisted|p1a: Annihilape\n|-damage|p1a: Annihilape|74\/100\n|-start|p1a: Annihilape|Salt Cure\n|\n|-heal|p2a: Garganacl|54\/100|[from] item: Leftovers\n|-damage|p1a: Annihilape|61\/100|[from] Salt Cure\n|upkeep\n|turn|13\n|\n|t:|1700682520\n|move|p1a: Annihilape|Rage Fist|p2a: Garganacl\n|-supereffective|p2a: Garganacl\n|-damage|p2a: Garganacl|0 fnt\n|faint|p2a: Garganacl\n|\n|-damage|p1a: Annihilape|49\/100|[from] Salt Cure\n|upkeep\n|inactive|NEK 66666 has 60 seconds left.\n|\n|t:|1700682549\n|switch|p2a: Ogerpon|Ogerpon-Hearthflame, F|100\/100\n|-activate|p2a: Ogerpon|move: Sticky Web\n|-unboost|p2a: Ogerpon|spe|1\n|-ability|p2a: Ogerpon|Mold Breaker\n|turn|14\n|inactive|NEK 66666 has 60 seconds left.\n|\n|t:|1700682559\n|move|p1a: Annihilape|Poison Jab|p2a: Ogerpon\n|-supereffective|p2a: Ogerpon\n|-damage|p2a: Ogerpon|0 fnt\n|faint|p2a: Ogerpon\n|\n|win|babbona\n|raw|babbona's rating: 1147 &rarr; <strong>1173<\/strong><br \/>(+26 for winning)\n|raw|NEK 66666's rating: 1158 &rarr; <strong>1132<\/strong><br \/>(-26 for losing)\n|c|\u2606babbona|gg\n","uploadtime":1700682565,"views":0,"p1id":"babbona","p2id":"nek66666","formatid":"gen9ubers","rating":1132,"private":0,"password":""}