{"id":"gen9ubers-1970092487","p1":"efwin2763","p2":"ThePuzzler13","format":"[Gen 9] Ubers","log":"|j|\u2606efwin2763\n|j|\u2606ThePuzzler13\n|t:|1697593373\n|gametype|singles\n|player|p1|efwin2763|ghetsis-gen5bw|\n|player|p2|ThePuzzler13|265|\n|teamsize|p1|6\n|teamsize|p2|6\n|gen|9\n|tier|[Gen 9] Ubers\n|rule|Sleep Clause Mod: Limit one foe put to sleep\n|rule|Species Clause: Limit one of each Pok\u00e9mon\n|rule|OHKO Clause: OHKO moves are banned\n|rule|Evasion Items Clause: Evasion items are banned\n|rule|Evasion Moves Clause: Evasion moves are banned\n|rule|Endless Battle Clause: Forcing endless battles is banned\n|rule|HP Percentage Mod: HP is shown in percentages\n|clearpoke\n|poke|p1|Zacian-*|\n|poke|p1|Dragapult, F|\n|poke|p1|Shaymin-Sky|\n|poke|p1|Goodra-Hisui, F|\n|poke|p1|Kleavor, F|\n|poke|p1|Palkia-Origin|\n|poke|p2|Masquerain, F|\n|poke|p2|Arceus-Ice|\n|poke|p2|Gholdengo|\n|poke|p2|Palafin, M|\n|poke|p2|Chi-Yu|\n|poke|p2|Zamazenta-*|\n|teampreview\n|inactive|Battle timer is ON: inactive players will automatically lose when time's up. (requested by efwin2763)\n|inactive|ThePuzzler13 also wants the timer to be on.\n|\n|t:|1697593395\n|start\n|switch|p1a: Aggregation|Kleavor, F, shiny|100\/100\n|switch|p2a: Masquerain|Masquerain, F|100\/100\n|-ability|p2a: Masquerain|Intimidate|boost\n|-unboost|p1a: Aggregation|atk|1\n|turn|1\n|\n|t:|1697593399\n|move|p1a: Aggregation|Stone Axe|p2a: Masquerain\n|-supereffective|p2a: Masquerain\n|-enditem|p2a: Masquerain|Focus Sash\n|-damage|p2a: Masquerain|1\/100\n|-sidestart|p2: ThePuzzler13|move: Stealth Rock\n|move|p2a: Masquerain|Sticky Web|p1a: Aggregation\n|-sidestart|p1: efwin2763|move: Sticky Web\n|\n|upkeep\n|turn|2\n|\n|t:|1697593408\n|move|p1a: Aggregation|Stone Axe|p2a: Masquerain\n|-supereffective|p2a: Masquerain\n|-damage|p2a: Masquerain|0 fnt\n|faint|p2a: Masquerain\n|\n|upkeep\n|\n|t:|1697593412\n|switch|p2a: Gholdengo|Gholdengo|100\/100\n|-damage|p2a: Gholdengo|94\/100|[from] Stealth Rock\n|turn|3\n|\n|t:|1697593425\n|switch|p1a: Don't Say Anything|Dragapult, F|100\/100\n|-activate|p1a: Don't Say Anything|move: Sticky Web\n|-unboost|p1a: Don't Say Anything|spe|1\n|move|p2a: Gholdengo|Focus Blast|p1a: Don't Say Anything\n|-immune|p1a: Don't Say Anything\n|\n|upkeep\n|turn|4\n|\n|t:|1697593433\n|switch|p2a: Palafin|Palafin, M|100\/100\n|-damage|p2a: Palafin|88\/100|[from] Stealth Rock\n|move|p1a: Don't Say Anything|Shadow Ball|p2a: Palafin\n|-damage|p2a: Palafin|2\/100\n|-unboost|p2a: Palafin|spd|1\n|\n|upkeep\n|turn|5\n|\n|t:|1697593446\n|detailschange|p2a: Palafin|Palafin-Hero, M\n|switch|p2a: Zamazenta|Zamazenta-Crowned|100\/100\n|-damage|p2a: Zamazenta|97\/100|[from] Stealth Rock\n|-ability|p2a: Zamazenta|Dauntless Shield|boost\n|-boost|p2a: Zamazenta|def|1\n|move|p1a: Don't Say Anything|Shadow Ball|p2a: Zamazenta\n|-damage|p2a: Zamazenta|61\/100\n|\n|upkeep\n|turn|6\n|\n|t:|1697593462\n|switch|p1a: Brieftrager|Goodra-Hisui, F, shiny|100\/100\n|-activate|p1a: Brieftrager|move: Sticky Web\n|-unboost|p1a: Brieftrager|spe|1\n|move|p2a: Zamazenta|Crunch|p1a: Brieftrager\n|-damage|p1a: Brieftrager|80\/100\n|-unboost|p1a: Brieftrager|def|1\n|\n|upkeep\n|turn|7\n|\n|t:|1697593470\n|switch|p1a: Aggregation|Kleavor, F, shiny|100\/100\n|-activate|p1a: Aggregation|move: Sticky Web\n|-unboost|p1a: Aggregation|spe|1\n|move|p2a: Zamazenta|Iron Defense|p2a: Zamazenta\n|-boost|p2a: Zamazenta|def|2\n|\n|upkeep\n|turn|8\n|\n|t:|1697593475\n|move|p2a: Zamazenta|Body Press|p1a: Aggregation\n|-enditem|p1a: Aggregation|Focus Sash\n|-damage|p1a: Aggregation|1\/100\n|move|p1a: Aggregation|Trailblaze|p2a: Zamazenta\n|-resisted|p2a: Zamazenta\n|-damage|p2a: Zamazenta|59\/100\n|-boost|p1a: Aggregation|spe|1\n|\n|upkeep\n|turn|9\n|\n|t:|1697593486\n|move|p1a: Aggregation|Close Combat|p2a: Zamazenta\n|-supereffective|p2a: Zamazenta\n|-damage|p2a: Zamazenta|42\/100\n|-unboost|p1a: Aggregation|def|1\n|-unboost|p1a: Aggregation|spd|1\n|move|p2a: Zamazenta|Crunch|p1a: Aggregation\n|-damage|p1a: Aggregation|0 fnt\n|faint|p1a: Aggregation\n|\n|upkeep\n|\n|t:|1697593502\n|switch|p1a: Don't Say Anything|Dragapult, F|100\/100\n|-activate|p1a: Don't Say Anything|move: Sticky Web\n|-unboost|p1a: Don't Say Anything|spe|1\n|turn|10\n|\n|t:|1697593510\n|move|p2a: Zamazenta|Crunch|p1a: Don't Say Anything\n|-supereffective|p1a: Don't Say Anything\n|-damage|p1a: Don't Say Anything|42\/100\n|-unboost|p1a: Don't Say Anything|def|1\n|move|p1a: Don't Say Anything|Flamethrower|p2a: Zamazenta\n|-supereffective|p2a: Zamazenta\n|-damage|p2a: Zamazenta|0 fnt\n|faint|p2a: Zamazenta\n|\n|upkeep\n|\n|t:|1697593521\n|switch|p2a: Gholdengo|Gholdengo|94\/100\n|-damage|p2a: Gholdengo|88\/100|[from] Stealth Rock\n|turn|11\n|\n|t:|1697593524\n|move|p2a: Gholdengo|Shadow Ball|p1a: Don't Say Anything\n|-supereffective|p1a: Don't Say Anything\n|-damage|p1a: Don't Say Anything|0 fnt\n|faint|p1a: Don't Say Anything\n|\n|upkeep\n|\n|t:|1697593531\n|switch|p1a: Exhumation|Shaymin-Sky, shiny|100\/100\n|turn|12\n|\n|t:|1697593535\n|move|p2a: Gholdengo|Shadow Ball|p1a: Exhumation\n|-damage|p1a: Exhumation|43\/100\n|move|p1a: Exhumation|Earth Power|p2a: Gholdengo\n|-supereffective|p2a: Gholdengo\n|-damage|p2a: Gholdengo|19\/100\n|\n|upkeep\n|turn|13\n|\n|t:|1697593540\n|move|p2a: Gholdengo|Shadow Ball|p1a: Exhumation\n|-damage|p1a: Exhumation|0 fnt\n|faint|p1a: Exhumation\n|\n|upkeep\n|\n|t:|1697593546\n|switch|p1a: Brieftrager|Goodra-Hisui, F, shiny|80\/100\n|-activate|p1a: Brieftrager|move: Sticky Web\n|-unboost|p1a: Brieftrager|spe|1\n|turn|14\n|\n|t:|1697593552\n|move|p2a: Gholdengo|Shadow Ball|p1a: Brieftrager\n|-damage|p1a: Brieftrager|60\/100\n|move|p1a: Brieftrager|Earthquake|p2a: Gholdengo\n|-supereffective|p2a: Gholdengo\n|-damage|p2a: Gholdengo|0 fnt\n|faint|p2a: Gholdengo\n|\n|upkeep\n|\n|t:|1697593563\n|switch|p2a: Chi-Yu|Chi-Yu|100\/100\n|-damage|p2a: Chi-Yu|76\/100|[from] Stealth Rock\n|-ability|p2a: Chi-Yu|Beads of Ruin\n|turn|15\n|\n|t:|1697593573\n|-terastallize|p1a: Brieftrager|Water\n|move|p2a: Chi-Yu|Overheat|p1a: Brieftrager\n|-resisted|p1a: Brieftrager\n|-damage|p1a: Brieftrager|28\/100\n|-unboost|p2a: Chi-Yu|spa|2\n|move|p1a: Brieftrager|Earthquake|p2a: Chi-Yu\n|-supereffective|p2a: Chi-Yu\n|-damage|p2a: Chi-Yu|0 fnt\n|faint|p2a: Chi-Yu\n|\n|upkeep\n|\n|t:|1697593581\n|switch|p2a: Arceus|Arceus-Ice|100\/100\n|-damage|p2a: Arceus|76\/100|[from] Stealth Rock\n|turn|16\n|\n|t:|1697593585\n|move|p2a: Arceus|Thunderbolt|p1a: Brieftrager\n|-supereffective|p1a: Brieftrager\n|-damage|p1a: Brieftrager|0 fnt\n|faint|p1a: Brieftrager\n|\n|upkeep\n|\n|t:|1697593590\n|switch|p1a: Welcome Home|Palkia-Origin, shiny|100\/100\n|-activate|p1a: Welcome Home|move: Sticky Web\n|-unboost|p1a: Welcome Home|spe|1\n|-ability|p1a: Welcome Home|Pressure\n|turn|17\n|\n|t:|1697593600\n|move|p2a: Arceus|Recover|p2a: Arceus\n|-heal|p2a: Arceus|100\/100\n|move|p1a: Welcome Home|Fire Blast|p2a: Arceus\n|-supereffective|p2a: Arceus\n|-damage|p2a: Arceus|39\/100\n|\n|upkeep\n|turn|18\n|\n|t:|1697593606\n|move|p2a: Arceus|Judgment|p1a: Welcome Home\n|-damage|p1a: Welcome Home|41\/100\n|move|p1a: Welcome Home|Fire Blast|p2a: Arceus\n|-supereffective|p2a: Arceus\n|-damage|p2a: Arceus|0 fnt\n|faint|p2a: Arceus\n|\n|upkeep\n|\n|t:|1697593611\n|switch|p2a: Palafin|Palafin-Hero, M|2\/100\n|-damage|p2a: Palafin|0 fnt|[from] Stealth Rock\n|faint|p2a: Palafin\n|\n|win|efwin2763\n|c|\u2606ThePuzzler13|gg\n|c|\u2606efwin2763|gg\n|c|\u2606efwin2763|rematch?\n","uploadtime":1697593616,"views":22,"p1id":"efwin2763","p2id":"thepuzzler13","formatid":"gen9ubers","rating":0,"private":0,"password":""}