{"id":"gen9ubers-1973635601","p1":"ThatGuyAltro","p2":"xegrizzy","format":"[Gen 9] Ubers","log":"|j|\u2606ThatGuyAltro\n|j|\u2606xegrizzy\n|t:|1697998382\n|gametype|singles\n|player|p1|ThatGuyAltro|170|\n|player|p2|xegrizzy|101|\n|teamsize|p1|6\n|teamsize|p2|6\n|gen|9\n|tier|[Gen 9] Ubers\n|rule|Sleep Clause Mod: Limit one foe put to sleep\n|rule|Species Clause: Limit one of each Pok\u00e9mon\n|rule|OHKO Clause: OHKO moves are banned\n|rule|Evasion Items Clause: Evasion items are banned\n|rule|Evasion Moves Clause: Evasion moves are banned\n|rule|Endless Battle Clause: Forcing endless battles is banned\n|rule|HP Percentage Mod: HP is shown in percentages\n|clearpoke\n|poke|p1|Ursaluna, F|\n|poke|p1|Walking Wake|\n|poke|p1|Corviknight, M|\n|poke|p1|Ninetales, M|\n|poke|p1|Slither Wing|\n|poke|p1|Grimmsnarl, M|\n|poke|p2|Goodra-Hisui, F|\n|poke|p2|Clefable, F|\n|poke|p2|Great Tusk|\n|poke|p2|Rotom-Wash|\n|poke|p2|Iron Moth|\n|poke|p2|Charizard, M|\n|teampreview\n|c|\u2606xegrizzy|glhf\n|c|\u2606ThatGuyAltro|glgl\n|j| justinrockin\n|j| DivogoJota\n|\n|t:|1697998437\n|start\n|switch|p1a: V\u00ed\u00f0arr|Slither Wing, shiny|100\/100\n|switch|p2a: Great Tusk|Great Tusk|100\/100\n|turn|1\n|\n|t:|1697998559\n|move|p1a: V\u00ed\u00f0arr|Trailblaze|p2a: Great Tusk\n|-supereffective|p2a: Great Tusk\n|-damage|p2a: Great Tusk|75\/100\n|-boost|p1a: V\u00ed\u00f0arr|spe|1\n|move|p2a: Great Tusk|Stealth Rock|p1a: V\u00ed\u00f0arr\n|-sidestart|p1: ThatGuyAltro|move: Stealth Rock\n|\n|-heal|p2a: Great Tusk|81\/100|[from] item: Leftovers\n|upkeep\n|turn|2\n|\n|t:|1697998581\n|-end|p2a: Great Tusk|Protosynthesis|[silent]\n|switch|p2a: Clefable|Clefable, F|100\/100\n|move|p1a: V\u00ed\u00f0arr|Trailblaze|p2a: Clefable\n|-damage|p2a: Clefable|85\/100\n|-boost|p1a: V\u00ed\u00f0arr|spe|1\n|\n|-heal|p2a: Clefable|91\/100|[from] item: Leftovers\n|upkeep\n|turn|3\n|\n|t:|1697998603\n|switch|p2a: Rotom|Rotom-Wash|100\/100\n|move|p1a: V\u00ed\u00f0arr|Earthquake|p2a: Rotom\n|-immune|p2a: Rotom|[from] ability: Levitate\n|\n|upkeep\n|turn|4\n|\n|t:|1697998620\n|move|p1a: V\u00ed\u00f0arr|Trailblaze|p2a: Rotom\n|-supereffective|p2a: Rotom\n|-damage|p2a: Rotom|58\/100\n|-boost|p1a: V\u00ed\u00f0arr|spe|1\n|move|p2a: Rotom|Will-O-Wisp|p1a: V\u00ed\u00f0arr|[miss]\n|-miss|p2a: Rotom|p1a: V\u00ed\u00f0arr\n|\n|-heal|p2a: Rotom|64\/100|[from] item: Leftovers\n|upkeep\n|turn|5\n|\n|t:|1697998657\n|move|p1a: V\u00ed\u00f0arr|Close Combat|p2a: Rotom\n|-damage|p2a: Rotom|0 fnt\n|-unboost|p1a: V\u00ed\u00f0arr|def|1\n|-unboost|p1a: V\u00ed\u00f0arr|spd|1\n|faint|p2a: Rotom\n|\n|upkeep\n|\n|t:|1697998668\n|switch|p2a: Clefable|Clefable, F|91\/100\n|turn|6\n|\n|t:|1697998683\n|move|p1a: V\u00ed\u00f0arr|Trailblaze|p2a: Clefable\n|-damage|p2a: Clefable|76\/100\n|-boost|p1a: V\u00ed\u00f0arr|spe|1\n|move|p2a: Clefable|Moonblast|p1a: V\u00ed\u00f0arr\n|-supereffective|p1a: V\u00ed\u00f0arr\n|-damage|p1a: V\u00ed\u00f0arr|34\/100\n|\n|-heal|p2a: Clefable|82\/100|[from] item: Leftovers\n|upkeep\n|turn|7\n|\n|t:|1697998696\n|-end|p1a: V\u00ed\u00f0arr|Protosynthesis|[silent]\n|switch|p1a: Thoth|Corviknight, M, shiny|100\/100\n|-damage|p1a: Thoth|88\/100|[from] Stealth Rock\n|move|p2a: Clefable|Moonblast|p1a: Thoth\n|-resisted|p1a: Thoth\n|-damage|p1a: Thoth|74\/100\n|\n|-heal|p1a: Thoth|80\/100|[from] item: Leftovers\n|-heal|p2a: Clefable|88\/100|[from] item: Leftovers\n|upkeep\n|turn|8\n|\n|t:|1697998745\n|switch|p2a: Charizard|Charizard, M|100\/100\n|move|p1a: Thoth|Light Screen|p1a: Thoth\n|-sidestart|p1: ThatGuyAltro|move: Light Screen\n|\n|-heal|p1a: Thoth|86\/100|[from] item: Leftovers\n|upkeep\n|turn|9\n|\n|t:|1697998751\n|move|p2a: Charizard|Brick Break|p1a: Thoth\n|-sideend|p1: ThatGuyAltro|move: Light Screen\n|-damage|p1a: Thoth|78\/100\n|move|p1a: Thoth|Defog|p2a: Charizard\n|-unboost|p2a: Charizard|evasion|1\n|-sideend|p1: ThatGuyAltro|Stealth Rock|[from] move: Defog|[of] p1a: Thoth\n|\n|-heal|p1a: Thoth|84\/100|[from] item: Leftovers\n|upkeep\n|turn|10\n|\n|t:|1697998762\n|move|p2a: Charizard|Will-O-Wisp|p1a: Thoth\n|-status|p1a: Thoth|brn\n|move|p1a: Thoth|U-turn|p2a: Charizard\n|-resisted|p2a: Charizard\n|-crit|p2a: Charizard\n|-damage|p2a: Charizard|96\/100\n|\n|t:|1697998773\n|switch|p1a: Huxian|Ninetales, M, shiny|100\/100|[from] U-turn\n|-weather|SunnyDay|[from] ability: Drought|[of] p1a: Huxian\n|\n|-weather|SunnyDay|[upkeep]\n|-damage|p2a: Charizard|84\/100|[from] ability: Solar Power|[of] p2a: Charizard\n|upkeep\n|turn|11\n|\n|t:|1697998841\n|switch|p1a: Loki|Grimmsnarl, M|100\/100\n|move|p2a: Charizard|Air Slash|p1a: Loki\n|-damage|p1a: Loki|58\/100\n|\n|-weather|SunnyDay|[upkeep]\n|-damage|p2a: Charizard|72\/100|[from] ability: Solar Power|[of] p2a: Charizard\n|upkeep\n|turn|12\n|\n|t:|1697998851\n|switch|p2a: Great Tusk|Great Tusk|81\/100\n|-activate|p2a: Great Tusk|ability: Protosynthesis\n|-start|p2a: Great Tusk|protosynthesisdef\n|move|p1a: Loki|Light Screen|p1a: Loki\n|-sidestart|p1: ThatGuyAltro|move: Light Screen\n|\n|-weather|SunnyDay|[upkeep]\n|-heal|p2a: Great Tusk|88\/100|[from] item: Leftovers\n|upkeep\n|turn|13\n|\n|t:|1697998862\n|move|p1a: Loki|Reflect|p1a: Loki\n|-sidestart|p1: ThatGuyAltro|Reflect\n|move|p2a: Great Tusk|Rapid Spin|p1a: Loki\n|-damage|p1a: Loki|48\/100\n|-boost|p2a: Great Tusk|spe|1\n|\n|-weather|SunnyDay|[upkeep]\n|-heal|p2a: Great Tusk|94\/100|[from] item: Leftovers\n|upkeep\n|turn|14\n|\n|t:|1697998873\n|move|p2a: Great Tusk|Brick Break|p1a: Loki\n|-sideend|p1: ThatGuyAltro|Reflect\n|-sideend|p1: ThatGuyAltro|move: Light Screen\n|-damage|p1a: Loki|4\/100\n|move|p1a: Loki|Spirit Break|p2a: Great Tusk\n|-supereffective|p2a: Great Tusk\n|-damage|p2a: Great Tusk|69\/100\n|-unboost|p2a: Great Tusk|spa|1\n|\n|-weather|SunnyDay|[upkeep]\n|-heal|p2a: Great Tusk|75\/100|[from] item: Leftovers\n|upkeep\n|turn|15\n|l| DivogoJota\n|\n|t:|1697998886\n|move|p1a: Loki|Reflect|p1a: Loki\n|-sidestart|p1: ThatGuyAltro|Reflect\n|move|p2a: Great Tusk|Stealth Rock|p1a: Loki\n|-sidestart|p1: ThatGuyAltro|move: Stealth Rock\n|\n|-weather|SunnyDay|[upkeep]\n|-heal|p2a: Great Tusk|81\/100|[from] item: Leftovers\n|upkeep\n|turn|16\n|\n|t:|1697998891\n|move|p2a: Great Tusk|Brick Break|p1a: Loki\n|-sideend|p1: ThatGuyAltro|Reflect\n|-damage|p1a: Loki|0 fnt\n|faint|p1a: Loki\n|\n|-weather|SunnyDay|[upkeep]\n|-heal|p2a: Great Tusk|88\/100|[from] item: Leftovers\n|upkeep\n|\n|t:|1697998916\n|switch|p1a: Huxian|Ninetales, M, shiny|100\/100\n|-damage|p1a: Huxian|75\/100|[from] Stealth Rock\n|turn|17\n|\n|t:|1697998976\n|-end|p2a: Great Tusk|Protosynthesis|[silent]\n|switch|p2a: Iron Moth|Iron Moth|100\/100\n|-enditem|p2a: Iron Moth|Booster Energy\n|-activate|p2a: Iron Moth|ability: Quark Drive|[fromitem]\n|-start|p2a: Iron Moth|quarkdrivespe\n|move|p1a: Huxian|Solar Beam||[still]\n|-prepare|p1a: Huxian|Solar Beam\n|-anim|p1a: Huxian|Solar Beam|p2a: Iron Moth\n|-resisted|p2a: Iron Moth\n|-damage|p2a: Iron Moth|93\/100\n|\n|-weather|none\n|upkeep\n|turn|18\n|\n|t:|1697998988\n|move|p2a: Iron Moth|Substitute|p2a: Iron Moth\n|-start|p2a: Iron Moth|Substitute\n|-damage|p2a: Iron Moth|68\/100\n|move|p1a: Huxian|Sunny Day|p1a: Huxian\n|-weather|SunnyDay\n|\n|-weather|SunnyDay|[upkeep]\n|upkeep\n|turn|19\n|\n|t:|1697999005\n|switch|p1a: Charon|Walking Wake|100\/100\n|-damage|p1a: Charon|88\/100|[from] Stealth Rock\n|-activate|p1a: Charon|ability: Protosynthesis\n|-start|p1a: Charon|protosynthesisspa\n|move|p2a: Iron Moth|Sludge Wave|p1a: Charon\n|-damage|p1a: Charon|32\/100\n|-status|p1a: Charon|psn\n|\n|-weather|SunnyDay|[upkeep]\n|-damage|p1a: Charon|20\/100 psn|[from] psn\n|upkeep\n|turn|20\n|\n|t:|1697999025\n|move|p2a: Iron Moth|Sludge Wave|p1a: Charon\n|-damage|p1a: Charon|0 fnt\n|faint|p1a: Charon\n|-end|p1a: Charon|Protosynthesis|[silent]\n|\n|-weather|SunnyDay|[upkeep]\n|upkeep\n|\n|t:|1697999042\n|switch|p1a: Khonsu|Ursaluna, F, shiny|100\/100\n|-damage|p1a: Khonsu|94\/100|[from] Stealth Rock\n|turn|21\n|\n|t:|1697999049\n|move|p2a: Iron Moth|Fiery Dance|p1a: Khonsu\n|-damage|p1a: Khonsu|40\/100\n|-boost|p2a: Iron Moth|spa|1\n|move|p1a: Khonsu|Facade|p2a: Iron Moth\n|-end|p2a: Iron Moth|Substitute\n|\n|-weather|SunnyDay|[upkeep]\n|-status|p1a: Khonsu|brn|[from] item: Flame Orb\n|upkeep\n|turn|22\n|\n|t:|1697999061\n|move|p2a: Iron Moth|Fiery Dance|p1a: Khonsu\n|-damage|p1a: Khonsu|0 fnt\n|faint|p1a: Khonsu\n|\n|-weather|SunnyDay|[upkeep]\n|upkeep\n|\n|t:|1697999089\n|switch|p1a: V\u00ed\u00f0arr|Slither Wing, shiny|34\/100\n|-damage|p1a: V\u00ed\u00f0arr|22\/100|[from] Stealth Rock\n|-activate|p1a: V\u00ed\u00f0arr|ability: Protosynthesis\n|-start|p1a: V\u00ed\u00f0arr|protosynthesisatk\n|turn|23\n|\n|t:|1697999156\n|-end|p1a: V\u00ed\u00f0arr|Protosynthesis|[silent]\n|switch|p1a: Huxian|Ninetales, M, shiny|75\/100\n|-damage|p1a: Huxian|50\/100|[from] Stealth Rock\n|move|p2a: Iron Moth|Fiery Dance|p1a: Huxian\n|-resisted|p1a: Huxian\n|-damage|p1a: Huxian|0 fnt\n|-boost|p2a: Iron Moth|spa|1\n|faint|p1a: Huxian\n|\n|-weather|SunnyDay|[upkeep]\n|upkeep\n|\n|t:|1697999168\n|switch|p1a: Thoth|Corviknight, M, shiny|84\/100 brn\n|-damage|p1a: Thoth|72\/100 brn|[from] Stealth Rock\n|turn|24\n|\n|t:|1697999172\n|move|p2a: Iron Moth|Fiery Dance|p1a: Thoth\n|-supereffective|p1a: Thoth\n|-damage|p1a: Thoth|0 fnt\n|faint|p1a: Thoth\n|\n|-weather|SunnyDay|[upkeep]\n|upkeep\n|\n|t:|1697999177\n|switch|p1a: V\u00ed\u00f0arr|Slither Wing, shiny|22\/100\n|-damage|p1a: V\u00ed\u00f0arr|10\/100|[from] Stealth Rock\n|-activate|p1a: V\u00ed\u00f0arr|ability: Protosynthesis\n|-start|p1a: V\u00ed\u00f0arr|protosynthesisatk\n|turn|25\n|\n|t:|1697999184\n|move|p2a: Iron Moth|Fiery Dance|p1a: V\u00ed\u00f0arr\n|-supereffective|p1a: V\u00ed\u00f0arr\n|-damage|p1a: V\u00ed\u00f0arr|0 fnt\n|faint|p1a: V\u00ed\u00f0arr\n|-end|p1a: V\u00ed\u00f0arr|Protosynthesis|[silent]\n|\n|win|xegrizzy\n|c|\u2606xegrizzy|gg\n|c|\u2606ThatGuyAltro|gg\n|l|\u2606ThatGuyAltro\n|c|\u2606xegrizzy|first turns were psychotic xD almost worked tho\n","uploadtime":1697999206,"views":48,"p1id":"thatguyaltro","p2id":"xegrizzy","formatid":"gen9ubers","rating":0,"private":0,"password":""}