{"id":"gen9ubers-1996737697","p1":"Bigsmokemorel","p2":"skrattywithdafatty","format":"[Gen 9] Ubers","log":"|j|\u2606Bigsmokemorel\n|j|\u2606skrattywithdafatty\n|t:|1700716866\n|gametype|singles\n|player|p1|Bigsmokemorel|flannery|\n|player|p2|skrattywithdafatty|1|\n|teamsize|p1|6\n|teamsize|p2|6\n|gen|9\n|tier|[Gen 9] Ubers\n|rule|Sleep Clause Mod: Limit one foe put to sleep\n|rule|Species Clause: Limit one of each Pok\u00e9mon\n|rule|OHKO Clause: OHKO moves are banned\n|rule|Evasion Items Clause: Evasion items are banned\n|rule|Evasion Moves Clause: Evasion moves are banned\n|rule|Endless Battle Clause: Forcing endless battles is banned\n|rule|HP Percentage Mod: HP is shown in percentages\n|clearpoke\n|poke|p1|Heatran, F|\n|poke|p1|Tauros-Paldea-Blaze, M|\n|poke|p1|Sinistcha|\n|poke|p1|Gliscor, F|\n|poke|p1|Azumarill, M|\n|poke|p1|Staraptor, F|\n|poke|p2|Kingambit, F|\n|poke|p2|Ogerpon-Cornerstone, F|\n|poke|p2|Volcanion|\n|poke|p2|Zapdos|\n|poke|p2|Tatsugiri, F|\n|poke|p2|Ursaluna, M|\n|teampreview\n|inactive|Battle timer is ON: inactive players will automatically lose when time's up. (requested by Bigsmokemorel)\n|c|\u2606Bigsmokemorel|gl gamer\n|inactive|Bigsmokemorel has 270 seconds left.\n|inactive|skrattywithdafatty has 270 seconds left.\n|c|\u2606skrattywithdafatty|Gl gamer\n|\n|t:|1700716922\n|start\n|switch|p1a: bobby star|Staraptor, F|100\/100\n|switch|p2a: Ogerpon|Ogerpon-Cornerstone, F|100\/100\n|turn|1\n|c|\u2606skrattywithdafatty|I\u2019m on my phone rn lol\n|\n|t:|1700716939\n|move|p1a: bobby star|U-turn|p2a: Ogerpon\n|-supereffective|p2a: Ogerpon\n|-damage|p2a: Ogerpon|35\/100\n|c|\u2606Bigsmokemorel|good to know you cannot damage calc lets go\n|\n|t:|1700716967\n|switch|p1a: deep purple|Gliscor, F|100\/100|[from] U-turn\n|move|p2a: Ogerpon|Ivy Cudgel|p1a: deep purple|[anim] Ivy Cudgel Rock\n|-damage|p1a: deep purple|51\/100\n|\n|-status|p1a: deep purple|tox|[from] item: Toxic Orb\n|upkeep\n|turn|2\n|inactive|Bigsmokemorel has 270 seconds left.\n|\n|t:|1700717004\n|move|p1a: deep purple|Protect|p1a: deep purple\n|-singleturn|p1a: deep purple|Protect\n|move|p2a: Ogerpon|Ivy Cudgel|p1a: deep purple|[anim] Ivy Cudgel Rock\n|-activate|p1a: deep purple|move: Protect\n|\n|-heal|p1a: deep purple|64\/100 tox|[from] ability: Poison Heal\n|upkeep\n|turn|3\n|\n|t:|1700717016\n|move|p2a: Ogerpon|Ivy Cudgel|p1a: deep purple|[anim] Ivy Cudgel Rock\n|-crit|p1a: deep purple\n|-damage|p1a: deep purple|0 fnt\n|faint|p1a: deep purple\n|\n|upkeep\n|\n|t:|1700717021\n|switch|p1a: bobby star|Staraptor, F|100\/100\n|turn|4\n|c|\u2606skrattywithdafatty|I don\u2019t need damage count I have agency on my side\n|\n|t:|1700717041\n|switch|p2a: Zapdos|Zapdos|100\/100\n|move|p1a: bobby star|U-turn|p2a: Zapdos\n|-resisted|p2a: Zapdos\n|-damage|p2a: Zapdos|84\/100\n|\n|t:|1700717048\n|switch|p1a: sonic|Azumarill, M|100\/100|[from] U-turn\n|\n|upkeep\n|turn|5\n|inactive|Bigsmokemorel has 270 seconds left.\n|\n|t:|1700717054\n|move|p2a: Zapdos|Thunderbolt|p1a: sonic\n|-supereffective|p1a: sonic\n|-damage|p1a: sonic|9\/100\n|move|p1a: sonic|Ice Spinner|p2a: Zapdos\n|-supereffective|p2a: Zapdos\n|-damage|p2a: Zapdos|1\/100\n|\n|upkeep\n|turn|6\n|\n|t:|1700717061\n|move|p1a: sonic|Aqua Jet|p2a: Zapdos\n|-damage|p2a: Zapdos|0 fnt\n|-status|p1a: sonic|par|[from] ability: Static|[of] p2a: Zapdos\n|faint|p2a: Zapdos\n|\n|upkeep\n|\n|t:|1700717071\n|switch|p2a: Volcanion|Volcanion|100\/100\n|turn|7\n|\n|t:|1700717079\n|move|p2a: Volcanion|Substitute|p2a: Volcanion\n|-start|p2a: Volcanion|Substitute\n|-damage|p2a: Volcanion|76\/100\n|cant|p1a: sonic|par\n|\n|-heal|p2a: Volcanion|82\/100|[from] item: Leftovers\n|upkeep\n|turn|8\n|\n|t:|1700717086\n|move|p2a: Volcanion|Steam Eruption|p1a: sonic\n|-resisted|p1a: sonic\n|-damage|p1a: sonic|0 fnt\n|faint|p1a: sonic\n|\n|-heal|p2a: Volcanion|88\/100|[from] item: Leftovers\n|upkeep\n|inactive|Bigsmokemorel has 270 seconds left.\n|inactive|Bigsmokemorel has 240 seconds left.\n|\n|t:|1700717145\n|switch|p1a: booger T|Sinistcha|100\/100\n|turn|9\n|\n|t:|1700717158\n|move|p1a: booger T|Matcha Gotcha|p2a: Volcanion\n|-end|p2a: Volcanion|Substitute\n|move|p2a: Volcanion|Steam Eruption|p1a: booger T\n|-resisted|p1a: booger T\n|-damage|p1a: booger T|58\/100\n|\n|-heal|p1a: booger T|64\/100|[from] item: Leftovers\n|-heal|p2a: Volcanion|94\/100|[from] item: Leftovers\n|upkeep\n|turn|10\n|\n|t:|1700717176\n|switch|p2a: Ogerpon|Ogerpon-Cornerstone, F|35\/100\n|move|p1a: booger T|Matcha Gotcha|p2a: Ogerpon\n|-damage|p2a: Ogerpon|0 fnt\n|-heal|p1a: booger T|81\/100|[from] drain|[of] p2a: Ogerpon\n|faint|p2a: Ogerpon\n|\n|-heal|p1a: booger T|87\/100|[from] item: Leftovers\n|upkeep\n|\n|t:|1700717183\n|switch|p2a: Tatsugiri|Tatsugiri, F|100\/100\n|turn|11\n|\n|t:|1700717196\n|move|p2a: Tatsugiri|Draco Meteor|p1a: booger T\n|-damage|p1a: booger T|11\/100\n|-unboost|p2a: Tatsugiri|spa|2\n|move|p1a: booger T|Matcha Gotcha|p2a: Tatsugiri\n|-damage|p2a: Tatsugiri|43\/100\n|-heal|p1a: booger T|36\/100|[from] drain|[of] p2a: Tatsugiri\n|\n|-heal|p1a: booger T|43\/100|[from] item: Leftovers\n|upkeep\n|turn|12\n|j| Hiza Ketchum\n|\n|t:|1700717210\n|move|p2a: Tatsugiri|Draco Meteor|p1a: booger T\n|-damage|p1a: booger T|0 fnt\n|-unboost|p2a: Tatsugiri|spa|2\n|faint|p1a: booger T\n|\n|upkeep\n|\n|t:|1700717223\n|switch|p1a: bobby star|Staraptor, F|100\/100\n|turn|13\n|\n|t:|1700717233\n|switch|p2a: Ursaluna|Ursaluna, M|100\/100\n|move|p1a: bobby star|U-turn|p2a: Ursaluna\n|-crit|p2a: Ursaluna\n|-damage|p2a: Ursaluna|75\/100\n|\n|t:|1700717250\n|switch|p1a: 2000 Ford Tauros|Tauros-Paldea-Blaze, M|100\/100|[from] U-turn\n|-ability|p1a: 2000 Ford Tauros|Intimidate|boost\n|-unboost|p2a: Ursaluna|atk|1\n|\n|-status|p2a: Ursaluna|brn|[from] item: Flame Orb\n|upkeep\n|turn|14\n|l| Hiza Ketchum\n|inactive|Bigsmokemorel has 240 seconds left.\n|inactive|skrattywithdafatty has 270 seconds left.\n|\n|t:|1700717286\n|move|p1a: 2000 Ford Tauros|Bulk Up|p1a: 2000 Ford Tauros\n|-boost|p1a: 2000 Ford Tauros|atk|1\n|-boost|p1a: 2000 Ford Tauros|def|1\n|move|p2a: Ursaluna|Headlong Rush|p1a: 2000 Ford Tauros\n|-supereffective|p1a: 2000 Ford Tauros\n|-damage|p1a: 2000 Ford Tauros|21\/100\n|-unboost|p2a: Ursaluna|def|1\n|-unboost|p2a: Ursaluna|spd|1\n|\n|-heal|p1a: 2000 Ford Tauros|27\/100|[from] item: Leftovers\n|-damage|p2a: Ursaluna|69\/100 brn|[from] brn\n|upkeep\n|turn|15\n|\n|t:|1700717297\n|move|p1a: 2000 Ford Tauros|Body Press|p2a: Ursaluna\n|-supereffective|p2a: Ursaluna\n|-damage|p2a: Ursaluna|0 fnt\n|faint|p2a: Ursaluna\n|\n|-heal|p1a: 2000 Ford Tauros|33\/100|[from] item: Leftovers\n|upkeep\n|\n|t:|1700717300\n|switch|p2a: Tatsugiri|Tatsugiri, F|43\/100\n|turn|16\n|\n|t:|1700717308\n|switch|p1a: bobby star|Staraptor, F|100\/100\n|move|p2a: Tatsugiri|Hydro Pump|p1a: bobby star\n|-damage|p1a: bobby star|22\/100\n|\n|upkeep\n|turn|17\n|j| twotoes\n|\n|t:|1700717325\n|switch|p2a: Volcanion|Volcanion|94\/100\n|move|p1a: bobby star|U-turn|p2a: Volcanion\n|-resisted|p2a: Volcanion\n|-damage|p2a: Volcanion|84\/100\n|l| twotoes\n|\n|t:|1700717330\n|switch|p1a: mush mouth|Heatran, F|100\/100|[from] U-turn\n|\n|-heal|p2a: Volcanion|90\/100|[from] item: Leftovers\n|upkeep\n|turn|18\n|\n|t:|1700717345\n|move|p1a: mush mouth|Earth Power|p2a: Volcanion\n|-supereffective|p2a: Volcanion\n|-damage|p2a: Volcanion|24\/100\n|-unboost|p2a: Volcanion|spd|1\n|move|p2a: Volcanion|Earth Power|p1a: mush mouth\n|-supereffective|p1a: mush mouth\n|-damage|p1a: mush mouth|0 fnt\n|faint|p1a: mush mouth\n|\n|-heal|p2a: Volcanion|30\/100|[from] item: Leftovers\n|upkeep\n|\n|t:|1700717365\n|switch|p1a: 2000 Ford Tauros|Tauros-Paldea-Blaze, M|33\/100\n|-ability|p1a: 2000 Ford Tauros|Intimidate|boost\n|-unboost|p2a: Volcanion|atk|1\n|turn|19\n|\n|t:|1700717373\n|move|p1a: 2000 Ford Tauros|Body Press|p2a: Volcanion\n|-damage|p2a: Volcanion|0 fnt\n|faint|p2a: Volcanion\n|\n|-heal|p1a: 2000 Ford Tauros|39\/100|[from] item: Leftovers\n|upkeep\n|\n|t:|1700717376\n|switch|p2a: Tatsugiri|Tatsugiri, F|43\/100\n|turn|20\n|\n|t:|1700717383\n|move|p2a: Tatsugiri|Hydro Pump|p1a: 2000 Ford Tauros\n|-supereffective|p1a: 2000 Ford Tauros\n|-damage|p1a: 2000 Ford Tauros|0 fnt\n|faint|p1a: 2000 Ford Tauros\n|\n|upkeep\n|\n|t:|1700717388\n|switch|p1a: bobby star|Staraptor, F|22\/100\n|turn|21\n|inactive|Bigsmokemorel has 240 seconds left.\n|\n|t:|1700717395\n|move|p2a: Tatsugiri|Hydro Pump|p1a: bobby star\n|-damage|p1a: bobby star|0 fnt\n|faint|p1a: bobby star\n|\n|win|skrattywithdafatty\n|c|\u2606Bigsmokemorel|ggs friend\n|c|\u2606skrattywithdafatty|Ggs boss\n|c|\u2606Bigsmokemorel|losing gliscor meant i got owned by big volc\n|l|\u2606skrattywithdafatty\n|l|\u2606Bigsmokemorel\n|j| butter dk\n","uploadtime":1700717433,"views":36,"p1id":"bigsmokemorel","p2id":"skrattywithdafatty","formatid":"gen9ubers","rating":0,"private":0,"password":""}