{"id":"gen9ubers-1983402489","p1":"F-00_MC","p2":"termofservice","format":"[Gen 9] Ubers","log":"|j|\u2606F-00_MC\n|j|\u2606termofservice\n|t:|1699126363\n|gametype|singles\n|player|p1|F-00_MC|hilbert|\n|player|p2|termofservice|cynthia-masters|\n|teamsize|p1|6\n|teamsize|p2|6\n|gen|9\n|tier|[Gen 9] Ubers\n|rule|Sleep Clause Mod: Limit one foe put to sleep\n|rule|Species Clause: Limit one of each Pok\u00e9mon\n|rule|OHKO Clause: OHKO moves are banned\n|rule|Evasion Items Clause: Evasion items are banned\n|rule|Evasion Moves Clause: Evasion moves are banned\n|rule|Endless Battle Clause: Forcing endless battles is banned\n|rule|HP Percentage Mod: HP is shown in percentages\n|clearpoke\n|poke|p1|Pelipper, M|\n|poke|p1|Palafin, M|\n|poke|p1|Basculegion-F, F|\n|poke|p1|Magearna|\n|poke|p1|Arceus-Poison|\n|poke|p1|Dialga|\n|poke|p2|Ninetales-Alola, F|\n|poke|p2|Frosmoth, F|\n|poke|p2|Sandslash-Alola, F|\n|poke|p2|Goodra-Hisui, F|\n|poke|p2|Arceus-Fire|\n|poke|p2|Palafin, M|\n|teampreview\n|inactive|Battle timer is ON: inactive players will automatically lose when time's up. (requested by F-00_MC)\n|inactive|F-00_MC has 270 seconds left.\n|\n|t:|1699126414\n|start\n|switch|p1a: Dialga|Dialga|100\/100\n|switch|p2a: Palafin|Palafin, M|100\/100\n|-ability|p1a: Dialga|Pressure\n|turn|1\n|\n|t:|1699126418\n|move|p2a: Palafin|Flip Turn|p1a: Dialga\n|-resisted|p1a: Dialga\n|-damage|p1a: Dialga|93\/100\n|\n|t:|1699126424\n|detailschange|p2a: Palafin|Palafin-Hero, M\n|switch|p2a: Arceus|Arceus-Fire|100\/100|[from] Flip Turn\n|move|p1a: Dialga|Flash Cannon|p2a: Arceus\n|-resisted|p2a: Arceus\n|-damage|p2a: Arceus|88\/100\n|\n|-heal|p1a: Dialga|99\/100|[from] item: Leftovers\n|upkeep\n|turn|2\n|\n|t:|1699126437\n|move|p2a: Arceus|Will-O-Wisp|p1a: Dialga\n|-status|p1a: Dialga|brn\n|move|p1a: Dialga|Stealth Rock|p2a: Arceus\n|-sidestart|p2: termofservice|move: Stealth Rock\n|\n|-heal|p1a: Dialga|100\/100 brn|[from] item: Leftovers\n|-damage|p1a: Dialga|94\/100 brn|[from] brn\n|upkeep\n|turn|3\n|\n|t:|1699126460\n|switch|p2a: Goodra|Goodra-Hisui, F|100\/100\n|-damage|p2a: Goodra|94\/100|[from] Stealth Rock\n|move|p1a: Dialga|Draco Meteor|p2a: Goodra\n|-damage|p2a: Goodra|69\/100\n|-unboost|p1a: Dialga|spa|2\n|\n|-heal|p1a: Dialga|100\/100 brn|[from] item: Leftovers\n|-damage|p1a: Dialga|94\/100 brn|[from] brn\n|upkeep\n|turn|4\n|\n|t:|1699126484\n|switch|p1a: Magearna|Magearna|100\/100\n|move|p2a: Goodra|Ice Beam|p1a: Magearna\n|-resisted|p1a: Magearna\n|-damage|p1a: Magearna|88\/100\n|\n|-heal|p1a: Magearna|94\/100|[from] item: Leftovers\n|upkeep\n|turn|5\n|inactive|F-00_MC has 270 seconds left.\n|\n|t:|1699126509\n|move|p1a: Magearna|Spikes|p2a: Goodra\n|-sidestart|p2: termofservice|Spikes\n|move|p2a: Goodra|Fire Blast|p1a: Magearna\n|-supereffective|p1a: Magearna\n|-damage|p1a: Magearna|31\/100\n|\n|-heal|p1a: Magearna|37\/100|[from] item: Leftovers\n|upkeep\n|turn|6\n|inactive|F-00_MC has 270 seconds left.\n|\n|t:|1699126520\n|switch|p1a: Palafin|Palafin, M|100\/100\n|move|p2a: Goodra|Fire Blast|p1a: Palafin|[miss]\n|-miss|p2a: Goodra|p1a: Palafin\n|\n|upkeep\n|turn|7\n|\n|t:|1699126527\n|detailschange|p1a: Palafin|Palafin-Hero, M\n|switch|p1a: Pelipper|Pelipper, M|100\/100\n|-weather|RainDance|[from] ability: Drizzle|[of] p1a: Pelipper\n|switch|p2a: Palafin|Palafin-Hero, M|100\/100\n|-damage|p2a: Palafin|88\/100|[from] Stealth Rock\n|-damage|p2a: Palafin|76\/100|[from] Spikes\n|-activate|p2a: Palafin|ability: Zero to Hero\n|\n|-weather|RainDance|[upkeep]\n|upkeep\n|turn|8\n|\n|t:|1699126537\n|-terastallize|p2a: Palafin|Water\n|move|p2a: Palafin|Wave Crash|p1a: Pelipper\n|-resisted|p1a: Pelipper\n|-damage|p1a: Pelipper|48\/100\n|-damage|p2a: Palafin|59\/100|[from] Recoil\n|move|p1a: Pelipper|Hurricane|p2a: Palafin\n|-damage|p2a: Palafin|20\/100\n|\n|-weather|RainDance|[upkeep]\n|upkeep\n|turn|9\n|inactive|F-00_MC has 270 seconds left.\n|inactive|F-00_MC has 240 seconds left.\n|\n|t:|1699126584\n|switch|p1a: Dialga|Dialga|94\/100 brn\n|-ability|p1a: Dialga|Pressure\n|move|p2a: Palafin|Wave Crash|p1a: Dialga\n|-resisted|p1a: Dialga\n|-damage|p1a: Dialga|45\/100 brn\n|-damage|p2a: Palafin|0 fnt|[from] Recoil\n|faint|p2a: Palafin\n|\n|-weather|RainDance|[upkeep]\n|-heal|p1a: Dialga|51\/100 brn|[from] item: Leftovers\n|-damage|p1a: Dialga|45\/100 brn|[from] brn\n|upkeep\n|\n|t:|1699126592\n|switch|p2a: Sandslash|Sandslash-Alola, F|100\/100\n|-damage|p2a: Sandslash|88\/100|[from] Stealth Rock\n|-damage|p2a: Sandslash|76\/100|[from] Spikes\n|turn|10\n|inactive|F-00_MC has 240 seconds left.\n|\n|t:|1699126623\n|switch|p1a: Basculegion|Basculegion-F, F|100\/100\n|move|p2a: Sandslash|Rapid Spin|p1a: Basculegion\n|-immune|p1a: Basculegion\n|\n|-weather|RainDance|[upkeep]\n|upkeep\n|turn|11\n|\n|t:|1699126636\n|switch|p2a: Ninetales|Ninetales-Alola, F|100\/100\n|-damage|p2a: Ninetales|76\/100|[from] Stealth Rock\n|-damage|p2a: Ninetales|64\/100|[from] Spikes\n|-weather|Snow|[from] ability: Snow Warning|[of] p2a: Ninetales\n|move|p1a: Basculegion|Wave Crash|p2a: Ninetales\n|-damage|p2a: Ninetales|7\/100\n|-damage|p1a: Basculegion|86\/100|[from] Recoil\n|\n|-weather|Snow|[upkeep]\n|upkeep\n|turn|12\n|\n|t:|1699126659\n|move|p2a: Ninetales|Aurora Veil|p2a: Ninetales\n|-sidestart|p2: termofservice|move: Aurora Veil\n|move|p1a: Basculegion|Flip Turn|p2a: Ninetales\n|-damage|p2a: Ninetales|0 fnt\n|faint|p2a: Ninetales\n|\n|t:|1699126665\n|switch|p1a: Pelipper|Pelipper, M|48\/100|[from] Flip Turn\n|-weather|RainDance|[from] ability: Drizzle|[of] p1a: Pelipper\n|\n|-weather|RainDance|[upkeep]\n|upkeep\n|\n|t:|1699126681\n|switch|p2a: Arceus|Arceus-Fire|88\/100\n|-damage|p2a: Arceus|63\/100|[from] Stealth Rock\n|-damage|p2a: Arceus|50\/100|[from] Spikes\n|turn|13\n|\n|t:|1699126685\n|move|p2a: Arceus|Recover|p2a: Arceus\n|-heal|p2a: Arceus|100\/100\n|move|p1a: Pelipper|Surf|p2a: Arceus\n|-supereffective|p2a: Arceus\n|-damage|p2a: Arceus|72\/100\n|\n|-weather|RainDance|[upkeep]\n|upkeep\n|turn|14\n|inactive|F-00_MC has 240 seconds left.\n|\n|t:|1699126697\n|move|p2a: Arceus|Calm Mind|p2a: Arceus\n|-boost|p2a: Arceus|spa|1\n|-boost|p2a: Arceus|spd|1\n|move|p1a: Pelipper|Surf|p2a: Arceus\n|-supereffective|p2a: Arceus\n|-damage|p2a: Arceus|53\/100\n|\n|-weather|RainDance|[upkeep]\n|upkeep\n|turn|15\n|inactive|F-00_MC has 240 seconds left.\n|\n|t:|1699126709\n|switch|p1a: Basculegion|Basculegion-F, F|86\/100\n|move|p2a: Arceus|Will-O-Wisp|p1a: Basculegion\n|-status|p1a: Basculegion|brn\n|\n|-weather|RainDance|[upkeep]\n|-damage|p1a: Basculegion|80\/100 brn|[from] brn\n|upkeep\n|turn|16\n|inactive|F-00_MC has 240 seconds left.\n|\n|t:|1699126721\n|move|p1a: Basculegion|Wave Crash|p2a: Arceus\n|-supereffective|p2a: Arceus\n|-damage|p2a: Arceus|24\/100\n|-damage|p1a: Basculegion|69\/100 brn|[from] Recoil\n|move|p2a: Arceus|Recover|p2a: Arceus\n|-heal|p2a: Arceus|75\/100\n|\n|-weather|RainDance|[upkeep]\n|-damage|p1a: Basculegion|63\/100 brn|[from] brn\n|upkeep\n|turn|17\n|inactive|F-00_MC has 240 seconds left.\n|\n|t:|1699126733\n|move|p1a: Basculegion|Flip Turn|p2a: Arceus\n|-supereffective|p2a: Arceus\n|-damage|p2a: Arceus|61\/100\n|\n|t:|1699126745\n|switch|p1a: Dialga|Dialga|45\/100 brn|[from] Flip Turn\n|-ability|p1a: Dialga|Pressure\n|move|p2a: Arceus|Recover|p2a: Arceus\n|-heal|p2a: Arceus|100\/100\n|\n|-weather|RainDance|[upkeep]\n|-heal|p1a: Dialga|51\/100 brn|[from] item: Leftovers\n|-damage|p1a: Dialga|45\/100 brn|[from] brn\n|upkeep\n|turn|18\n|\n|t:|1699126753\n|move|p2a: Arceus|Calm Mind|p2a: Arceus\n|-boost|p2a: Arceus|spa|1\n|-boost|p2a: Arceus|spd|1\n|move|p1a: Dialga|Roar|p2a: Arceus\n|drag|p2a: Goodra|Goodra-Hisui, F|69\/100\n|-damage|p2a: Goodra|63\/100|[from] Stealth Rock\n|-damage|p2a: Goodra|50\/100|[from] Spikes\n|\n|-weather|RainDance|[upkeep]\n|-heal|p1a: Dialga|51\/100 brn|[from] item: Leftovers\n|-damage|p1a: Dialga|45\/100 brn|[from] brn\n|upkeep\n|turn|19\n|inactive|F-00_MC has 240 seconds left.\n|\n|t:|1699126765\n|move|p2a: Goodra|Ice Beam|p1a: Dialga\n|-damage|p1a: Dialga|23\/100 brn\n|move|p1a: Dialga|Roar|p2a: Goodra\n|drag|p2a: Arceus|Arceus-Fire|100\/100\n|-damage|p2a: Arceus|76\/100|[from] Stealth Rock\n|-damage|p2a: Arceus|63\/100|[from] Spikes\n|\n|-weather|none\n|-heal|p1a: Dialga|29\/100 brn|[from] item: Leftovers\n|-damage|p1a: Dialga|23\/100 brn|[from] brn\n|-sideend|p2: termofservice|move: Aurora Veil\n|upkeep\n|turn|20\n|inactive|F-00_MC has 240 seconds left.\n|\n|t:|1699126772\n|move|p2a: Arceus|Judgment|p1a: Dialga\n|-damage|p1a: Dialga|0 fnt\n|faint|p1a: Dialga\n|\n|upkeep\n|\n|t:|1699126776\n|switch|p1a: Pelipper|Pelipper, M|48\/100\n|-weather|RainDance|[from] ability: Drizzle|[of] p1a: Pelipper\n|turn|21\n|\n|t:|1699126779\n|move|p2a: Arceus|Recover|p2a: Arceus\n|-heal|p2a: Arceus|100\/100\n|move|p1a: Pelipper|Surf|p2a: Arceus\n|-supereffective|p2a: Arceus\n|-damage|p2a: Arceus|44\/100\n|\n|-weather|RainDance|[upkeep]\n|upkeep\n|turn|22\n|\n|t:|1699126786\n|move|p2a: Arceus|Calm Mind|p2a: Arceus\n|-boost|p2a: Arceus|spa|1\n|-boost|p2a: Arceus|spd|1\n|move|p1a: Pelipper|Roost|p1a: Pelipper\n|-heal|p1a: Pelipper|98\/100\n|-singleturn|p1a: Pelipper|move: Roost\n|\n|-weather|RainDance|[upkeep]\n|upkeep\n|turn|23\n|\n|t:|1699126789\n|move|p2a: Arceus|Recover|p2a: Arceus\n|-heal|p2a: Arceus|94\/100\n|move|p1a: Pelipper|Surf|p2a: Arceus\n|-supereffective|p2a: Arceus\n|-damage|p2a: Arceus|54\/100\n|\n|-weather|RainDance|[upkeep]\n|upkeep\n|turn|24\n|\n|t:|1699126792\n|move|p2a: Arceus|Calm Mind|p2a: Arceus\n|-boost|p2a: Arceus|spa|1\n|-boost|p2a: Arceus|spd|1\n|move|p1a: Pelipper|Surf|p2a: Arceus\n|-supereffective|p2a: Arceus\n|-damage|p2a: Arceus|26\/100\n|\n|-weather|RainDance|[upkeep]\n|upkeep\n|turn|25\n|\n|t:|1699126795\n|move|p2a: Arceus|Calm Mind|p2a: Arceus\n|-boost|p2a: Arceus|spa|1\n|-boost|p2a: Arceus|spd|1\n|move|p1a: Pelipper|Surf|p2a: Arceus\n|-supereffective|p2a: Arceus\n|-damage|p2a: Arceus|3\/100\n|\n|-weather|RainDance|[upkeep]\n|upkeep\n|turn|26\n|\n|t:|1699126801\n|move|p2a: Arceus|Recover|p2a: Arceus\n|-heal|p2a: Arceus|53\/100\n|move|p1a: Pelipper|Surf|p2a: Arceus\n|-supereffective|p2a: Arceus\n|-damage|p2a: Arceus|28\/100\n|\n|-weather|RainDance|[upkeep]\n|upkeep\n|turn|27\n|\n|t:|1699126805\n|move|p2a: Arceus|Recover|p2a: Arceus\n|-heal|p2a: Arceus|78\/100\n|move|p1a: Pelipper|Surf|p2a: Arceus\n|-supereffective|p2a: Arceus\n|-damage|p2a: Arceus|55\/100\n|\n|-weather|RainDance|[upkeep]\n|upkeep\n|turn|28\n|\n|t:|1699126808\n|move|p2a: Arceus|Calm Mind|p2a: Arceus\n|-boost|p2a: Arceus|spa|1\n|-boost|p2a: Arceus|spd|1\n|move|p1a: Pelipper|Hurricane|p2a: Arceus\n|-damage|p2a: Arceus|47\/100\n|-start|p2a: Arceus|confusion\n|\n|-weather|none\n|upkeep\n|turn|29\n|\n|t:|1699126815\n|-activate|p2a: Arceus|confusion\n|move|p2a: Arceus|Recover|p2a: Arceus\n|-heal|p2a: Arceus|97\/100\n|move|p1a: Pelipper|Surf|p2a: Arceus\n|-supereffective|p2a: Arceus\n|-damage|p2a: Arceus|84\/100\n|\n|upkeep\n|turn|30\n|\n|t:|1699126823\n|switch|p1a: Arceus|Arceus-Poison|100\/100\n|-end|p2a: Arceus|confusion\n|move|p2a: Arceus|Calm Mind|p2a: Arceus\n|-boost|p2a: Arceus|spa|1\n|-boost|p2a: Arceus|spd|1\n|\n|upkeep\n|turn|31\n|\n|t:|1699126828\n|move|p1a: Arceus|Taunt|p2a: Arceus\n|-start|p2a: Arceus|move: Taunt\n|move|p2a: Arceus|Judgment|p1a: Arceus\n|-damage|p1a: Arceus|0 fnt\n|faint|p1a: Arceus\n|\n|upkeep\n|\n|t:|1699126833\n|switch|p1a: Pelipper|Pelipper, M|98\/100\n|-weather|RainDance|[from] ability: Drizzle|[of] p1a: Pelipper\n|turn|32\n|\n|t:|1699126842\n|move|p2a: Arceus|Judgment|p1a: Pelipper\n|-resisted|p1a: Pelipper\n|-damage|p1a: Pelipper|41\/100\n|move|p1a: Pelipper|Hurricane|p2a: Arceus\n|-damage|p2a: Arceus|78\/100\n|\n|-weather|RainDance|[upkeep]\n|upkeep\n|turn|33\n|\n|t:|1699126848\n|move|p2a: Arceus|Judgment|p1a: Pelipper\n|-resisted|p1a: Pelipper\n|-damage|p1a: Pelipper|0 fnt\n|faint|p1a: Pelipper\n|\n|-weather|RainDance|[upkeep]\n|-end|p2a: Arceus|move: Taunt\n|upkeep\n|\n|t:|1699126850\n|switch|p1a: Palafin|Palafin-Hero, M|100\/100\n|-activate|p1a: Palafin|ability: Zero to Hero\n|turn|34\n|\n|t:|1699126858\n|-terastallize|p1a: Palafin|Water\n|move|p1a: Palafin|Jet Punch|p2a: Arceus\n|-supereffective|p2a: Arceus\n|-damage|p2a: Arceus|0 fnt\n|faint|p2a: Arceus\n|\n|-weather|RainDance|[upkeep]\n|upkeep\n|\n|t:|1699126867\n|switch|p2a: Goodra|Goodra-Hisui, F|50\/100\n|-damage|p2a: Goodra|44\/100|[from] Stealth Rock\n|-damage|p2a: Goodra|32\/100|[from] Spikes\n|turn|35\n|\n|t:|1699126872\n|move|p1a: Palafin|Jet Punch|p2a: Goodra\n|-resisted|p2a: Goodra\n|-damage|p2a: Goodra|0 fnt\n|faint|p2a: Goodra\n|\n|-weather|RainDance|[upkeep]\n|upkeep\n|\n|t:|1699126881\n|switch|p2a: Sandslash|Sandslash-Alola, F|76\/100\n|-damage|p2a: Sandslash|63\/100|[from] Stealth Rock\n|-damage|p2a: Sandslash|51\/100|[from] Spikes\n|turn|36\n|\n|t:|1699126885\n|move|p1a: Palafin|Jet Punch|p2a: Sandslash\n|-damage|p2a: Sandslash|0 fnt\n|faint|p2a: Sandslash\n|\n|-weather|RainDance|[upkeep]\n|upkeep\n|\n|t:|1699126887\n|switch|p2a: Frosmoth|Frosmoth, F|100\/100\n|turn|37\n|\n|t:|1699126889\n|move|p1a: Palafin|Jet Punch|p2a: Frosmoth\n|-damage|p2a: Frosmoth|0 fnt\n|faint|p2a: Frosmoth\n|\n|win|F-00_MC\n|c|\u2606termofservice|GG\n|c|\u2606F-00_MC|gg 1 - 1\n|l|\u2606F-00_MC\n|l|\u2606termofservice\n|j|\u2606F-00_MC\n|player|p1|F-00_MC|hilbert\n","uploadtime":1699127200,"views":24,"p1id":"f00mc","p2id":"termofservice","formatid":"gen9ubers","rating":0,"private":0,"password":""}