{"id":"gen9ubers-1984164497","p1":"MitchMachine73","p2":"Anne Frankkkk","format":"[Gen 9] Ubers","log":"|j|\u2606MitchMachine73\n|j|\u2606Anne Frankkkk\n|t:|1699225460\n|gametype|singles\n|player|p1|MitchMachine73|nate|1206\n|player|p2|Anne Frankkkk|hilbert|1226\n|teamsize|p1|6\n|teamsize|p2|6\n|gen|9\n|tier|[Gen 9] Ubers\n|rated|\n|rule|Sleep Clause Mod: Limit one foe put to sleep\n|rule|Species Clause: Limit one of each Pok\u00e9mon\n|rule|OHKO Clause: OHKO moves are banned\n|rule|Evasion Items Clause: Evasion items are banned\n|rule|Evasion Moves Clause: Evasion moves are banned\n|rule|Endless Battle Clause: Forcing endless battles is banned\n|rule|HP Percentage Mod: HP is shown in percentages\n|clearpoke\n|poke|p1|Toxtricity, F|\n|poke|p1|Quaquaval, F|\n|poke|p1|Iron Leaves|\n|poke|p1|Miraidon|\n|poke|p1|Baxcalibur, F|\n|poke|p1|Urshifu-*, F|\n|poke|p2|Iron Hands|\n|poke|p2|Kyogre|\n|poke|p2|Chien-Pao|\n|poke|p2|Ribombee, F|\n|poke|p2|Miraidon|\n|poke|p2|Flutter Mane|\n|teampreview\n|inactive|Battle timer is ON: inactive players will automatically lose when time's up. (requested by MitchMachine73)\n|\n|t:|1699225467\n|start\n|switch|p1a: Toxtricity|Toxtricity, F|100\/100\n|switch|p2a: Moonblast|Ribombee, F, shiny|100\/100\n|turn|1\n|\n|t:|1699225471\n|move|p2a: Moonblast|Sticky Web|p1a: Toxtricity\n|-sidestart|p1: MitchMachine73|move: Sticky Web\n|move|p1a: Toxtricity|Toxic Spikes|p2a: Moonblast\n|-sidestart|p2: Anne Frankkkk|move: Toxic Spikes\n|\n|upkeep\n|turn|2\n|\n|t:|1699225487\n|switch|p2a: Big Boy|Iron Hands, shiny|100\/100\n|-status|p2a: Big Boy|psn\n|move|p1a: Toxtricity|Toxic Spikes|p2a: Big Boy\n|-sidestart|p2: Anne Frankkkk|move: Toxic Spikes\n|\n|-damage|p2a: Big Boy|88\/100 psn|[from] psn\n|upkeep\n|turn|3\n|\n|t:|1699225496\n|move|p1a: Toxtricity|Boomburst|p2a: Big Boy\n|-damage|p2a: Big Boy|50\/100 psn\n|move|p2a: Big Boy|Drain Punch|p1a: Toxtricity\n|-resisted|p1a: Toxtricity\n|-damage|p1a: Toxtricity|67\/100\n|-heal|p2a: Big Boy|59\/100 psn|[from] drain|[of] p1a: Toxtricity\n|\n|-heal|p1a: Toxtricity|73\/100|[from] item: Black Sludge\n|-damage|p2a: Big Boy|47\/100 psn|[from] psn\n|upkeep\n|turn|4\n|\n|t:|1699225502\n|move|p1a: Toxtricity|Boomburst|p2a: Big Boy\n|-damage|p2a: Big Boy|9\/100 psn\n|move|p2a: Big Boy|Wild Charge|p1a: Toxtricity\n|-resisted|p1a: Toxtricity\n|-damage|p1a: Toxtricity|34\/100\n|-damage|p2a: Big Boy|4\/100 psn|[from] Recoil\n|\n|-heal|p1a: Toxtricity|40\/100|[from] item: Black Sludge\n|-damage|p2a: Big Boy|0 fnt|[from] psn\n|faint|p2a: Big Boy\n|-end|p2a: Big Boy|Quark Drive|[silent]\n|upkeep\n|\n|t:|1699225524\n|switch|p2a: Cyber Lizard|Miraidon|100\/100\n|-fieldstart|move: Electric Terrain|[from] ability: Hadron Engine|[of] p2a: Cyber Lizard\n|-item|p2a: Cyber Lizard|Air Balloon\n|turn|5\n|\n|t:|1699225532\n|move|p2a: Cyber Lizard|Calm Mind|p2a: Cyber Lizard\n|-boost|p2a: Cyber Lizard|spa|1\n|-boost|p2a: Cyber Lizard|spd|1\n|move|p1a: Toxtricity|Boomburst|p2a: Cyber Lizard\n|-damage|p2a: Cyber Lizard|66\/100\n|-enditem|p2a: Cyber Lizard|Air Balloon\n|\n|-heal|p1a: Toxtricity|46\/100|[from] item: Black Sludge\n|upkeep\n|turn|6\n|\n|t:|1699225539\n|move|p2a: Cyber Lizard|Dragon Pulse|p1a: Toxtricity\n|-damage|p1a: Toxtricity|0 fnt\n|faint|p1a: Toxtricity\n|\n|upkeep\n|\n|t:|1699225546\n|switch|p1a: Baxcalibur|Baxcalibur, F|100\/100\n|-activate|p1a: Baxcalibur|move: Sticky Web\n|-unboost|p1a: Baxcalibur|spe|1\n|turn|7\n|\n|t:|1699225552\n|move|p2a: Cyber Lizard|Electro Drift|p1a: Baxcalibur\n|-resisted|p1a: Baxcalibur\n|-damage|p1a: Baxcalibur|24\/100\n|move|p1a: Baxcalibur|Glaive Rush|p2a: Cyber Lizard\n|-supereffective|p2a: Cyber Lizard\n|-damage|p2a: Cyber Lizard|0 fnt\n|-singlemove|p1a: Baxcalibur|Glaive Rush|[silent]\n|faint|p2a: Cyber Lizard\n|\n|upkeep\n|\n|t:|1699225562\n|switch|p2a: Ice Cat|Chien-Pao|100\/100\n|-status|p2a: Ice Cat|tox\n|-ability|p2a: Ice Cat|Sword of Ruin\n|turn|8\n|\n|t:|1699225568\n|move|p2a: Ice Cat|Ice Spinner|p1a: Baxcalibur\n|-damage|p1a: Baxcalibur|0 fnt\n|-fieldend|move: Electric Terrain\n|faint|p1a: Baxcalibur\n|-damage|p2a: Ice Cat|91\/100 tox|[from] item: Life Orb\n|\n|-damage|p2a: Ice Cat|85\/100 tox|[from] psn\n|upkeep\n|\n|t:|1699225576\n|switch|p1a: Urshifu|Urshifu, F|100\/100\n|-activate|p1a: Urshifu|move: Sticky Web\n|-unboost|p1a: Urshifu|spe|1\n|turn|9\n|\n|t:|1699225584\n|move|p2a: Ice Cat|Sacred Sword|p1a: Urshifu\n|-supereffective|p1a: Urshifu\n|-damage|p1a: Urshifu|0 fnt\n|faint|p1a: Urshifu\n|-damage|p2a: Ice Cat|75\/100 tox|[from] item: Life Orb\n|\n|-damage|p2a: Ice Cat|63\/100 tox|[from] psn\n|upkeep\n|\n|t:|1699225598\n|switch|p1a: Quaquaval|Quaquaval, F|100\/100\n|-activate|p1a: Quaquaval|move: Sticky Web\n|-unboost|p1a: Quaquaval|spe|1\n|turn|10\n|\n|t:|1699225601\n|move|p2a: Ice Cat|Sacred Sword|p1a: Quaquaval\n|-damage|p1a: Quaquaval|23\/100\n|-damage|p2a: Ice Cat|53\/100 tox|[from] item: Life Orb\n|move|p1a: Quaquaval|Close Combat|p2a: Ice Cat\n|-supereffective|p2a: Ice Cat\n|-damage|p2a: Ice Cat|0 fnt\n|-unboost|p1a: Quaquaval|def|1\n|-unboost|p1a: Quaquaval|spd|1\n|faint|p2a: Ice Cat\n|-ability|p1a: Quaquaval|Moxie|boost\n|-boost|p1a: Quaquaval|atk|1\n|\n|upkeep\n|\n|t:|1699225613\n|switch|p2a: Moonblast|Ribombee, F, shiny|100\/100\n|-status|p2a: Moonblast|tox\n|turn|11\n|\n|t:|1699225618\n|move|p2a: Moonblast|Moonblast|p1a: Quaquaval\n|-supereffective|p1a: Quaquaval\n|-damage|p1a: Quaquaval|0 fnt\n|faint|p1a: Quaquaval\n|\n|-damage|p2a: Moonblast|94\/100 tox|[from] psn\n|upkeep\n|\n|t:|1699225622\n|switch|p1a: Miraidon|Miraidon|100\/100\n|-activate|p1a: Miraidon|move: Sticky Web\n|-unboost|p1a: Miraidon|spe|1\n|-fieldstart|move: Electric Terrain|[from] ability: Hadron Engine|[of] p1a: Miraidon\n|turn|12\n|\n|t:|1699225630\n|-terastallize|p1a: Miraidon|Steel\n|move|p2a: Moonblast|Moonblast|p1a: Miraidon\n|-resisted|p1a: Miraidon\n|-damage|p1a: Miraidon|88\/100\n|move|p1a: Miraidon|Flash Cannon|p2a: Moonblast\n|-supereffective|p2a: Moonblast\n|-crit|p2a: Moonblast\n|-damage|p2a: Moonblast|0 fnt\n|faint|p2a: Moonblast\n|\n|upkeep\n|\n|t:|1699225650\n|switch|p2a: OHKO|Kyogre|100\/100\n|-status|p2a: OHKO|tox\n|-weather|RainDance|[from] ability: Drizzle|[of] p2a: OHKO\n|turn|13\n|\n|t:|1699225654\n|switch|p1a: Iron Leaves|Iron Leaves|100\/100\n|-activate|p1a: Iron Leaves|move: Sticky Web\n|-unboost|p1a: Iron Leaves|spe|1\n|-activate|p1a: Iron Leaves|ability: Quark Drive\n|-start|p1a: Iron Leaves|quarkdriveatk\n|move|p2a: OHKO|Water Spout|p1a: Iron Leaves\n|-resisted|p1a: Iron Leaves\n|-crit|p1a: Iron Leaves\n|-damage|p1a: Iron Leaves|0 fnt\n|faint|p1a: Iron Leaves\n|-end|p1a: Iron Leaves|Quark Drive|[silent]\n|\n|-weather|RainDance|[upkeep]\n|-damage|p2a: OHKO|94\/100 tox|[from] psn\n|upkeep\n|\n|t:|1699225658\n|switch|p1a: Miraidon|Miraidon, tera:Steel|88\/100\n|-activate|p1a: Miraidon|move: Sticky Web\n|-unboost|p1a: Miraidon|spe|1\n|-activate|p1a: Miraidon|ability: Hadron Engine\n|turn|14\n|\n|t:|1699225662\n|move|p2a: OHKO|Water Spout|p1a: Miraidon\n|-damage|p1a: Miraidon|0 fnt\n|faint|p1a: Miraidon\n|\n|win|Anne Frankkkk\n|raw|MitchMachine73's rating: 1206 &rarr; <strong>1182<\/strong><br \/>(-24 for losing)\n|raw|Anne Frankkkk's rating: 1226 &rarr; <strong>1250<\/strong><br \/>(+24 for winning)\n|l|\u2606MitchMachine73\n","uploadtime":1699225670,"views":4,"p1id":"mitchmachine73","p2id":"annefrankkkk","formatid":"gen9ubers","rating":1182,"private":0,"password":""}