{"id":"gen9ubers-1999605282","p1":"DreadHero99","p2":"Mucheeezy","format":"[Gen 9] Ubers","log":"|j|\u2606DreadHero99\n|j|\u2606Mucheeezy\n|t:|1701100485\n|gametype|singles\n|player|p1|DreadHero99|169|\n|player|p2|Mucheeezy|lady-gen4|\n|teamsize|p1|6\n|teamsize|p2|6\n|gen|9\n|tier|[Gen 9] Ubers\n|rule|Sleep Clause Mod: Limit one foe put to sleep\n|rule|Species Clause: Limit one of each Pok\u00e9mon\n|rule|OHKO Clause: OHKO moves are banned\n|rule|Evasion Items Clause: Evasion items are banned\n|rule|Evasion Moves Clause: Evasion moves are banned\n|rule|Endless Battle Clause: Forcing endless battles is banned\n|rule|HP Percentage Mod: HP is shown in percentages\n|clearpoke\n|poke|p1|Quagsire, M|\n|poke|p1|Furret, M|\n|poke|p1|Gholdengo|\n|poke|p1|Zoroark-Hisui, M|\n|poke|p1|Toxapex, M|\n|poke|p1|Cinderace, F|\n|poke|p2|Sneasler, M|\n|poke|p2|Arboliva, F|\n|poke|p2|Torkoal, F|\n|poke|p2|Magnezone|\n|poke|p2|Grimmsnarl, M|\n|poke|p2|Gastrodon, F|\n|teampreview\n|\n|t:|1701100512\n|start\n|switch|p1a: Quagsire|Quagsire, M|100\/100\n|switch|p2a: Torkoal|Torkoal, F|100\/100\n|-weather|SunnyDay|[from] ability: Drought|[of] p2a: Torkoal\n|turn|1\n|\n|t:|1701100521\n|move|p2a: Torkoal|Solar Beam||[still]\n|-prepare|p2a: Torkoal|Solar Beam\n|-anim|p2a: Torkoal|Solar Beam|p1a: Quagsire\n|-supereffective|p1a: Quagsire\n|-damage|p1a: Quagsire|0 fnt\n|faint|p1a: Quagsire\n|\n|-weather|SunnyDay|[upkeep]\n|upkeep\n|\n|t:|1701100544\n|switch|p1a: Cinderace|Cinderace, F|100\/100\n|turn|2\n|\n|t:|1701100558\n|move|p1a: Cinderace|Swords Dance|p1a: Cinderace\n|-start|p1a: Cinderace|typechange|Normal|[from] ability: Libero\n|-boost|p1a: Cinderace|atk|2\n|move|p2a: Torkoal|Flamethrower|p1a: Cinderace\n|-damage|p1a: Cinderace|40\/100\n|\n|-weather|SunnyDay|[upkeep]\n|upkeep\n|turn|3\n|\n|t:|1701100566\n|move|p1a: Cinderace|Gunk Shot|p2a: Torkoal\n|-damage|p2a: Torkoal|48\/100\n|move|p2a: Torkoal|Flamethrower|p1a: Cinderace\n|-damage|p1a: Cinderace|0 fnt\n|faint|p1a: Cinderace\n|\n|-weather|SunnyDay|[upkeep]\n|upkeep\n|\n|t:|1701100592\n|switch|p1a: Walks|Furret, M|100\/100\n|turn|4\n|\n|t:|1701100604\n|move|p1a: Walks|Bitter Malice|p2a: Torkoal\n|-damage|p2a: Torkoal|3\/100\n|-unboost|p2a: Torkoal|atk|1\n|-enditem|p2a: Torkoal|Iapapa Berry|[eat]\n|-heal|p2a: Torkoal|36\/100|[from] item: Iapapa Berry\n|move|p2a: Torkoal|Fire Blast|p1a: Walks\n|-enditem|p1a: Walks|Focus Sash\n|-damage|p1a: Walks|1\/100\n|replace|p1a: Zoroark|Zoroark-Hisui, M\n|-end|p1a: Zoroark|Illusion\n|\n|-weather|SunnyDay|[upkeep]\n|upkeep\n|turn|5\n|\n|t:|1701100624\n|switch|p2a: Grimmsnarl|Grimmsnarl, M|100\/100\n|move|p1a: Zoroark|Bitter Malice|p2a: Grimmsnarl\n|-resisted|p2a: Grimmsnarl\n|-damage|p2a: Grimmsnarl|79\/100\n|-unboost|p2a: Grimmsnarl|atk|1\n|\n|-weather|none\n|upkeep\n|turn|6\n|\n|t:|1701100643\n|switch|p1a: Toxapex|Toxapex, M|100\/100\n|move|p2a: Grimmsnarl|Reflect|p2a: Grimmsnarl\n|-sidestart|p2: Mucheeezy|Reflect\n|\n|upkeep\n|turn|7\n|\n|t:|1701100650\n|move|p2a: Grimmsnarl|Taunt|p1a: Toxapex\n|-start|p1a: Toxapex|move: Taunt\n|cant|p1a: Toxapex|move: Taunt|Toxic Spikes\n|\n|upkeep\n|turn|8\n|\n|t:|1701100655\n|move|p2a: Grimmsnarl|Light Screen|p2a: Grimmsnarl\n|-sidestart|p2: Mucheeezy|move: Light Screen\n|move|p1a: Toxapex|Surf|p2a: Grimmsnarl\n|-damage|p2a: Grimmsnarl|69\/100\n|\n|upkeep\n|turn|9\n|\n|t:|1701100662\n|switch|p1a: Gholdengo|Gholdengo|100\/100\n|move|p2a: Grimmsnarl|Parting Shot|p1a: Gholdengo\n|-immune|p1a: Gholdengo|[from] ability: Good as Gold\n|\n|upkeep\n|turn|10\n|\n|t:|1701100694\n|switch|p2a: Magnezone|Magnezone|100\/100\n|-terastallize|p1a: Gholdengo|Steel\n|move|p1a: Gholdengo|Make It Rain|p2a: Magnezone\n|-resisted|p2a: Magnezone\n|-damage|p2a: Magnezone|90\/100\n|-unboost|p1a: Gholdengo|spa|1\n|\n|upkeep\n|turn|11\n|\n|t:|1701100713\n|move|p1a: Gholdengo|Nasty Plot|p1a: Gholdengo\n|-boost|p1a: Gholdengo|spa|2\n|move|p2a: Magnezone|Thunderbolt|p1a: Gholdengo\n|-damage|p1a: Gholdengo|16\/100\n|\n|upkeep\n|turn|12\n|\n|t:|1701100720\n|move|p1a: Gholdengo|Shadow Ball|p2a: Magnezone\n|-damage|p2a: Magnezone|59\/100\n|move|p2a: Magnezone|Thunderbolt|p1a: Gholdengo\n|-damage|p1a: Gholdengo|0 fnt\n|faint|p1a: Gholdengo\n|\n|upkeep\n|\n|t:|1701100732\n|switch|p1a: Walks|Furret, M|1\/100\n|turn|13\n|\n|t:|1701100738\n|move|p1a: Walks|Flamethrower|p2a: Magnezone\n|-supereffective|p2a: Magnezone\n|-damage|p2a: Magnezone|27\/100\n|move|p2a: Magnezone|Thunderbolt|p1a: Walks\n|-damage|p1a: Walks|0 fnt\n|replace|p1a: Zoroark|Zoroark-Hisui, M\n|-end|p1a: Zoroark|Illusion\n|faint|p1a: Zoroark\n|\n|-sideend|p2: Mucheeezy|Reflect\n|upkeep\n|\n|t:|1701100748\n|switch|p1a: Walks|Furret, M|100\/100\n|-item|p2a: Magnezone|Choice Specs|[from] ability: Frisk|[of] p1a: Walks|[identify]\n|turn|14\n|\n|t:|1701100772\n|switch|p2a: Grimmsnarl|Grimmsnarl, M|69\/100\n|move|p1a: Walks|Tidy Up|p1a: Walks\n|-boost|p1a: Walks|atk|1\n|-boost|p1a: Walks|spe|1\n|\n|upkeep\n|turn|15\n|\n|t:|1701100791\n|move|p2a: Grimmsnarl|Reflect|p2a: Grimmsnarl\n|-sidestart|p2: Mucheeezy|Reflect\n|move|p1a: Walks|Tidy Up|p1a: Walks\n|-boost|p1a: Walks|atk|1\n|-boost|p1a: Walks|spe|1\n|\n|-sideend|p2: Mucheeezy|move: Light Screen\n|upkeep\n|turn|16\n|j| best dk\n|\n|t:|1701100803\n|move|p2a: Grimmsnarl|Parting Shot|p1a: Walks\n|-unboost|p1a: Walks|atk|1\n|-unboost|p1a: Walks|spa|1\n|c| best dk|so damn tidy\n|\n|t:|1701100812\n|switch|p2a: Arboliva|Arboliva, F|100\/100|[from] Parting Shot\n|move|p1a: Walks|Knock Off|p2a: Arboliva\n|-damage|p2a: Arboliva|78\/100\n|-fieldstart|move: Grassy Terrain|[from] ability: Seed Sower|[of] p2a: Arboliva\n|-enditem|p2a: Arboliva|Choice Specs|[from] move: Knock Off|[of] p1a: Walks\n|-damage|p1a: Walks|91\/100|[from] item: Life Orb\n|\n|-heal|p1a: Walks|97\/100|[from] Grassy Terrain\n|-heal|p2a: Arboliva|85\/100|[from] Grassy Terrain\n|upkeep\n|turn|17\n|\n|t:|1701100850\n|move|p1a: Walks|Body Slam|p2a: Arboliva\n|-damage|p2a: Arboliva|55\/100\n|-damage|p1a: Walks|87\/100|[from] item: Life Orb\n|move|p2a: Arboliva|Hyper Voice|p1a: Walks\n|-damage|p1a: Walks|3\/100\n|\n|-heal|p1a: Walks|9\/100|[from] Grassy Terrain\n|-heal|p2a: Arboliva|62\/100|[from] Grassy Terrain\n|upkeep\n|turn|18\n|\n|t:|1701100863\n|move|p1a: Walks|Rest|p1a: Walks\n|-status|p1a: Walks|slp|[from] move: Rest\n|-heal|p1a: Walks|100\/100 slp|[silent]\n|move|p2a: Arboliva|Hyper Voice|p1a: Walks\n|-damage|p1a: Walks|9\/100 slp\n|\n|-heal|p1a: Walks|15\/100 slp|[from] Grassy Terrain\n|-heal|p2a: Arboliva|68\/100|[from] Grassy Terrain\n|upkeep\n|turn|19\n|\n|t:|1701100877\n|cant|p1a: Walks|slp\n|move|p2a: Arboliva|Hyper Voice|p1a: Walks\n|-damage|p1a: Walks|0 fnt\n|faint|p1a: Walks\n|\n|-heal|p2a: Arboliva|74\/100|[from] Grassy Terrain\n|upkeep\n|\n|t:|1701100885\n|switch|p1a: Toxapex|Toxapex, M|100\/100\n|turn|20\n|\n|t:|1701100892\n|switch|p2a: Gastrodon|Gastrodon, F|100\/100\n|move|p1a: Toxapex|Surf|p2a: Gastrodon\n|-ability|p2a: Gastrodon|Storm Drain|boost\n|-boost|p2a: Gastrodon|spa|1\n|\n|-fieldend|move: Grassy Terrain\n|upkeep\n|turn|21\n|\n|t:|1701100901\n|move|p2a: Gastrodon|Earth Power|p1a: Toxapex\n|-supereffective|p1a: Toxapex\n|-damage|p1a: Toxapex|41\/100\n|move|p1a: Toxapex|Haze|p1a: Toxapex\n|-clearallboost\n|\n|-heal|p1a: Toxapex|48\/100|[from] item: Black Sludge\n|upkeep\n|turn|22\n|\n|t:|1701100908\n|move|p2a: Gastrodon|Earth Power|p1a: Toxapex\n|-supereffective|p1a: Toxapex\n|-damage|p1a: Toxapex|11\/100\n|move|p1a: Toxapex|Recover|p1a: Toxapex\n|-heal|p1a: Toxapex|61\/100\n|\n|-heal|p1a: Toxapex|68\/100|[from] item: Black Sludge\n|-sideend|p2: Mucheeezy|Reflect\n|upkeep\n|turn|23\n|\n|t:|1701100918\n|move|p2a: Gastrodon|Earth Power|p1a: Toxapex\n|-supereffective|p1a: Toxapex\n|-damage|p1a: Toxapex|30\/100\n|move|p1a: Toxapex|Recover|p1a: Toxapex\n|-heal|p1a: Toxapex|80\/100\n|\n|-heal|p1a: Toxapex|86\/100|[from] item: Black Sludge\n|upkeep\n|turn|24\n|\n|t:|1701100924\n|move|p2a: Gastrodon|Earth Power|p1a: Toxapex\n|-supereffective|p1a: Toxapex\n|-damage|p1a: Toxapex|52\/100\n|move|p1a: Toxapex|Recover|p1a: Toxapex\n|-heal|p1a: Toxapex|100\/100\n|\n|upkeep\n|turn|25\n|\n|t:|1701100932\n|move|p2a: Gastrodon|Ancient Power|p1a: Toxapex\n|-damage|p1a: Toxapex|92\/100\n|move|p1a: Toxapex|Toxic Spikes|p2a: Gastrodon\n|-sidestart|p2: Mucheeezy|move: Toxic Spikes\n|\n|-heal|p1a: Toxapex|98\/100|[from] item: Black Sludge\n|upkeep\n|turn|26\n|\n|t:|1701100939\n|move|p2a: Gastrodon|Earth Power|p1a: Toxapex\n|-supereffective|p1a: Toxapex\n|-damage|p1a: Toxapex|58\/100\n|move|p1a: Toxapex|Toxic Spikes|p2a: Gastrodon\n|-sidestart|p2: Mucheeezy|move: Toxic Spikes\n|\n|-heal|p1a: Toxapex|65\/100|[from] item: Black Sludge\n|upkeep\n|turn|27\n|\n|t:|1701100945\n|move|p2a: Gastrodon|Earth Power|p1a: Toxapex\n|-supereffective|p1a: Toxapex\n|-damage|p1a: Toxapex|29\/100\n|move|p1a: Toxapex|Recover|p1a: Toxapex\n|-heal|p1a: Toxapex|79\/100\n|\n|-heal|p1a: Toxapex|85\/100|[from] item: Black Sludge\n|upkeep\n|turn|28\n|\n|t:|1701100953\n|move|p2a: Gastrodon|Earth Power|p1a: Toxapex\n|-supereffective|p1a: Toxapex\n|-damage|p1a: Toxapex|50\/100\n|move|p1a: Toxapex|Recover|p1a: Toxapex\n|-heal|p1a: Toxapex|99\/100\n|\n|-heal|p1a: Toxapex|100\/100|[from] item: Black Sludge\n|upkeep\n|turn|29\n|c| best dk|go for the boost\n|\n|t:|1701100971\n|move|p2a: Gastrodon|Earth Power|p1a: Toxapex\n|-supereffective|p1a: Toxapex\n|-damage|p1a: Toxapex|60\/100\n|move|p1a: Toxapex|Surf|p2a: Gastrodon\n|-ability|p2a: Gastrodon|Storm Drain|boost\n|-boost|p2a: Gastrodon|spa|1\n|\n|-heal|p1a: Toxapex|67\/100|[from] item: Black Sludge\n|upkeep\n|turn|30\n|\n|t:|1701100979\n|move|p2a: Gastrodon|Earth Power|p1a: Toxapex\n|-supereffective|p1a: Toxapex\n|-damage|p1a: Toxapex|11\/100\n|move|p1a: Toxapex|Haze|p1a: Toxapex\n|-clearallboost\n|\n|-heal|p1a: Toxapex|17\/100|[from] item: Black Sludge\n|upkeep\n|turn|31\n|\n|t:|1701100987\n|move|p2a: Gastrodon|Earth Power|p1a: Toxapex\n|-supereffective|p1a: Toxapex\n|-damage|p1a: Toxapex|0 fnt\n|faint|p1a: Toxapex\n|\n|win|Mucheeezy\n|l| best dk\n|c|\u2606DreadHero99|GGs\n|l|\u2606DreadHero99\n","uploadtime":1701101161,"views":30,"p1id":"dreadhero99","p2id":"mucheeezy","formatid":"gen9ubers","rating":0,"private":0,"password":""}