{"id":"gen9ubers-1984840973","p1":"gottagonotsofast","p2":"RiddleDog","format":"[Gen 9] Ubers","log":"|j|\u2606gottagonotsofast\n|j|\u2606RiddleDog\n|t:|1699303524\n|gametype|singles\n|player|p1|gottagonotsofast|169|\n|player|p2|RiddleDog|dawn-gen4pt|\n|teamsize|p1|6\n|teamsize|p2|6\n|gen|9\n|tier|[Gen 9] Ubers\n|rule|Sleep Clause Mod: Limit one foe put to sleep\n|rule|Species Clause: Limit one of each Pok\u00e9mon\n|rule|OHKO Clause: OHKO moves are banned\n|rule|Evasion Items Clause: Evasion items are banned\n|rule|Evasion Moves Clause: Evasion moves are banned\n|rule|Endless Battle Clause: Forcing endless battles is banned\n|rule|HP Percentage Mod: HP is shown in percentages\n|clearpoke\n|poke|p1|Kingambit, M|\n|poke|p1|Ribombee, M|\n|poke|p1|Moltres|\n|poke|p1|Ogerpon-Wellspring, F|\n|poke|p1|Poliwrath, F|\n|poke|p1|Landorus, M|\n|poke|p2|Chi-Yu|\n|poke|p2|Meowscarada, F|\n|poke|p2|Iron Treads|\n|poke|p2|Zoroark-Hisui, M|\n|poke|p2|Vaporeon, F|\n|poke|p2|Mimikyu, M|\n|teampreview\n|j| rustygoomba\n|\n|t:|1699303574\n|start\n|switch|p1a: Ribombee|Ribombee, M|100\/100\n|switch|p2a: Ralph|Iron Treads|100\/100\n|-enditem|p2a: Ralph|Booster Energy\n|-activate|p2a: Ralph|ability: Quark Drive|[fromitem]\n|-start|p2a: Ralph|quarkdrivespe\n|turn|1\n|\n|t:|1699303607\n|move|p2a: Ralph|Ice Spinner|p1a: Ribombee\n|-damage|p1a: Ribombee|50\/100\n|move|p1a: Ribombee|U-turn|p2a: Ralph\n|-resisted|p2a: Ralph\n|-damage|p2a: Ralph|94\/100\n|\n|t:|1699303638\n|switch|p1a: Poliwrath|Poliwrath, F|100\/100|[from] U-turn\n|\n|upkeep\n|turn|2\n|\n|t:|1699303660\n|move|p2a: Ralph|Earthquake|p1a: Poliwrath\n|-damage|p1a: Poliwrath|54\/100\n|move|p1a: Poliwrath|Liquidation|p2a: Ralph\n|-supereffective|p2a: Ralph\n|-damage|p2a: Ralph|23\/100\n|-unboost|p2a: Ralph|def|1\n|\n|upkeep\n|turn|3\n|c| rustygoomba|i think we need to change the narrative from calcdex is a liar to i am a sheep that believes what the media tells me\n|c| rustygoomba|i also am that\n|\n|t:|1699303708\n|move|p2a: Ralph|Earthquake|p1a: Poliwrath\n|-damage|p1a: Poliwrath|8\/100\n|move|p1a: Poliwrath|Drain Punch|p2a: Ralph\n|-supereffective|p2a: Ralph\n|-damage|p2a: Ralph|0 fnt\n|-heal|p1a: Poliwrath|17\/100|[from] drain|[of] p2a: Ralph\n|faint|p2a: Ralph\n|-end|p2a: Ralph|Quark Drive|[silent]\n|\n|upkeep\n|\n|t:|1699303738\n|switch|p2a: Morgana|Meowscarada, F, shiny|100\/100\n|turn|4\n|\n|t:|1699303754\n|move|p2a: Morgana|Shadow Ball|p1a: Poliwrath\n|-damage|p1a: Poliwrath|0 fnt\n|faint|p1a: Poliwrath\n|\n|upkeep\n|\n|t:|1699303766\n|switch|p1a: Kingambit|Kingambit, M|100\/100\n|-activate|p1a: Kingambit|ability: Supreme Overlord\n|-start|p1a: Kingambit|fallen1|[silent]\n|turn|5\n|\n|t:|1699303783\n|move|p2a: Morgana|Focus Blast|p1a: Kingambit\n|-supereffective|p1a: Kingambit\n|-damage|p1a: Kingambit|0 fnt\n|faint|p1a: Kingambit\n|-end|p1a: Kingambit|fallen1|[silent]\n|\n|upkeep\n|c| rustygoomba|ope\n|\n|t:|1699303811\n|switch|p1a: Moltres|Moltres|100\/100\n|turn|6\n|\n|t:|1699303840\n|switch|p2a: cat|Vaporeon, F|100\/100\n|move|p1a: Moltres|Flamethrower|p2a: cat\n|-resisted|p2a: cat\n|-damage|p2a: cat|86\/100\n|\n|-heal|p2a: cat|92\/100|[from] item: Leftovers\n|upkeep\n|turn|7\n|\n|t:|1699303860\n|switch|p1a: Ogerpon|Ogerpon-Wellspring, F|100\/100\n|move|p2a: cat|Scald|p1a: Ogerpon\n|-immune|p1a: Ogerpon|[from] ability: Water Absorb\n|\n|-heal|p2a: cat|98\/100|[from] item: Leftovers\n|upkeep\n|turn|8\n|\n|t:|1699303893\n|switch|p2a: Morgana|Meowscarada, F, shiny|100\/100\n|move|p1a: Ogerpon|Swords Dance|p1a: Ogerpon\n|-boost|p1a: Ogerpon|atk|2\n|\n|upkeep\n|turn|9\n|j| Nyamonya\n|\n|t:|1699303903\n|move|p2a: Morgana|U-turn|p1a: Ogerpon\n|-start|p2a: Morgana|typechange|Bug|[from] ability: Protean\n|-supereffective|p1a: Ogerpon\n|-damage|p1a: Ogerpon|0 fnt\n|faint|p1a: Ogerpon\n|\n|t:|1699303918\n|switch|p2a: cat|Vaporeon, F|100\/100|[from] U-turn\n|\n|upkeep\n|\n|t:|1699303924\n|switch|p1a: Ribombee|Ribombee, M|50\/100\n|turn|10\n|c| rustygoomba|always forgettin the protean calc\n|\n|t:|1699303935\n|move|p1a: Ribombee|Sticky Web|p2a: cat\n|-sidestart|p2: RiddleDog|move: Sticky Web\n|move|p2a: cat|Flamethrower|p1a: Ribombee\n|-supereffective|p1a: Ribombee\n|-damage|p1a: Ribombee|0 fnt\n|faint|p1a: Ribombee\n|\n|upkeep\n|c| rustygoomba|woah the cat has flamethrower\n|c| rustygoomba|surely its the cat\n|\n|t:|1699303947\n|switch|p1a: Landorus|Landorus, M|100\/100\n|turn|11\n|c| Nyamonya|in the hat\n|c| Nyamonya|no cap\n|\n|t:|1699303960\n|move|p2a: cat|Shadow Ball|p1a: Landorus\n|-damage|p1a: Landorus|45\/100\n|-unboost|p1a: Landorus|spd|1\n|move|p1a: Landorus|Calm Mind|p1a: Landorus\n|-boost|p1a: Landorus|spa|1\n|-boost|p1a: Landorus|spd|1\n|\n|upkeep\n|turn|12\n|\n|t:|1699303968\n|move|p2a: cat|Shadow Ball|p1a: Landorus\n|-damage|p1a: Landorus|0 fnt\n|faint|p1a: Landorus\n|\n|upkeep\n|\n|t:|1699303972\n|switch|p1a: Moltres|Moltres|100\/100\n|turn|13\n|\n|t:|1699303977\n|move|p2a: cat|Shadow Ball|p1a: Moltres\n|-damage|p1a: Moltres|69\/100\n|move|p1a: Moltres|Hurricane|p2a: cat\n|-enditem|p2a: cat|Focus Sash\n|-damage|p2a: cat|1\/100\n|replace|p2a: Henri|Zoroark-Hisui, M\n|-end|p2a: Henri|Illusion\n|\n|upkeep\n|turn|14\n|\n|t:|1699303987\n|move|p2a: Henri|Shadow Ball|p1a: Moltres\n|-damage|p1a: Moltres|37\/100\n|move|p1a: Moltres|Flamethrower|p2a: Henri\n|-damage|p2a: Henri|0 fnt\n|faint|p2a: Henri\n|\n|upkeep\n|\n|t:|1699303999\n|switch|p2a: cat|Vaporeon, F|98\/100\n|-activate|p2a: cat|move: Sticky Web\n|-unboost|p2a: cat|spe|1\n|turn|15\n|\n|t:|1699304008\n|move|p1a: Moltres|Hurricane|p2a: cat\n|-damage|p2a: cat|61\/100\n|move|p2a: cat|Scald|p1a: Moltres\n|-supereffective|p1a: Moltres\n|-damage|p1a: Moltres|0 fnt\n|faint|p1a: Moltres\n|\n|win|RiddleDog\n","uploadtime":1699304016,"views":5,"p1id":"gottagonotsofast","p2id":"riddledog","formatid":"gen9ubers","rating":0,"private":0,"password":""}