{"id":"gen9ubers-1982013799","p1":"Thorn8617","p2":"ghoulthreeee","format":"[Gen 9] Ubers","log":"|j|\u2606Thorn8617\n|j|\u2606ghoulthreeee\n|t:|1698959663\n|gametype|singles\n|player|p1|Thorn8617|lance|\n|player|p2|ghoulthreeee|preschooler|\n|teamsize|p1|6\n|teamsize|p2|6\n|gen|9\n|tier|[Gen 9] Ubers\n|rule|Sleep Clause Mod: Limit one foe put to sleep\n|rule|Species Clause: Limit one of each Pok\u00e9mon\n|rule|OHKO Clause: OHKO moves are banned\n|rule|Evasion Items Clause: Evasion items are banned\n|rule|Evasion Moves Clause: Evasion moves are banned\n|rule|Endless Battle Clause: Forcing endless battles is banned\n|rule|HP Percentage Mod: HP is shown in percentages\n|clearpoke\n|poke|p1|Cryogonal|\n|poke|p1|Corviknight, M|\n|poke|p1|Roaring Moon|\n|poke|p1|Dusclops, M|\n|poke|p1|Politoed, M|\n|poke|p1|Luxray, M|\n|poke|p2|Walking Wake|\n|poke|p2|Ribombee, F|\n|poke|p2|Glastrier|\n|poke|p2|Thundurus, M|\n|poke|p2|Torkoal, F|\n|poke|p2|Sneasler, M|\n|teampreview\n|c|\u2606Thorn8617|gl hf\n|\n|t:|1698959761\n|start\n|switch|p1a: Absolute 0|Cryogonal|100\/100\n|switch|p2a: Stickymon|Sneasler, M|100\/100\n|turn|1\n|\n|t:|1698959872\n|switch|p1a: Beetlejuice|Dusclops, M|100\/100\n|-item|p2a: Stickymon|Choice Scarf|[from] ability: Frisk|[of] p1a: Beetlejuice|[identify]\n|move|p2a: Stickymon|U-turn|p1a: Beetlejuice\n|-resisted|p1a: Beetlejuice\n|-damage|p1a: Beetlejuice|91\/100\n|\n|t:|1698959878\n|switch|p2a: sata andagi|Thundurus, M|100\/100|[from] U-turn\n|\n|upkeep\n|turn|2\n|\n|t:|1698959973\n|move|p2a: sata andagi|Knock Off|p1a: Beetlejuice\n|-supereffective|p1a: Beetlejuice\n|-damage|p1a: Beetlejuice|50\/100\n|-enditem|p1a: Beetlejuice|Iron Ball|[from] move: Knock Off|[of] p2a: sata andagi\n|move|p1a: Beetlejuice|Trick|p2a: sata andagi\n|-activate|p1a: Beetlejuice|move: Trick|[of] p2a: sata andagi\n|-enditem|p2a: sata andagi|Heavy-Duty Boots|[silent]|[from] move: Trick\n|-item|p1a: Beetlejuice|Heavy-Duty Boots|[from] move: Trick\n|\n|upkeep\n|turn|3\n|\n|t:|1698960079\n|move|p2a: sata andagi|Knock Off|p1a: Beetlejuice\n|-supereffective|p1a: Beetlejuice\n|-damage|p1a: Beetlejuice|10\/100\n|-enditem|p1a: Beetlejuice|Heavy-Duty Boots|[from] move: Knock Off|[of] p2a: sata andagi\n|move|p1a: Beetlejuice|Pain Split|p2a: sata andagi\n|-sethp|p2a: sata andagi|55\/100|[from] move: Pain Split|[silent]\n|-sethp|p1a: Beetlejuice|58\/100|[from] move: Pain Split\n|\n|upkeep\n|turn|4\n|\n|t:|1698960123\n|move|p2a: sata andagi|Nasty Plot|p2a: sata andagi\n|-boost|p2a: sata andagi|spa|2\n|move|p1a: Beetlejuice|Will-O-Wisp|p2a: sata andagi\n|-status|p2a: sata andagi|brn\n|\n|-damage|p2a: sata andagi|49\/100 brn|[from] brn\n|upkeep\n|turn|5\n|\n|t:|1698960181\n|switch|p1a: Raiden|Luxray, M|100\/100\n|-ability|p1a: Raiden|Intimidate|boost\n|-unboost|p2a: sata andagi|atk|1\n|move|p2a: sata andagi|Thunderbolt|p1a: Raiden\n|-resisted|p1a: Raiden\n|-damage|p1a: Raiden|52\/100\n|\n|-damage|p2a: sata andagi|43\/100 brn|[from] brn\n|upkeep\n|turn|6\n|\n|t:|1698960231\n|move|p2a: sata andagi|Thunderbolt|p1a: Raiden\n|-resisted|p1a: Raiden\n|-damage|p1a: Raiden|3\/100\n|move|p1a: Raiden|Light Screen|p1a: Raiden\n|-sidestart|p1: Thorn8617|move: Light Screen\n|\n|-damage|p2a: sata andagi|37\/100 brn|[from] brn\n|upkeep\n|turn|7\n|\n|t:|1698960367\n|move|p2a: sata andagi|Flash Cannon|p1a: Raiden\n|-resisted|p1a: Raiden\n|-crit|p1a: Raiden\n|-damage|p1a: Raiden|0 fnt\n|faint|p1a: Raiden\n|\n|-damage|p2a: sata andagi|31\/100 brn|[from] brn\n|upkeep\n|\n|t:|1698960411\n|switch|p1a: Death Star|Roaring Moon|100\/100\n|-enditem|p1a: Death Star|Booster Energy\n|-activate|p1a: Death Star|ability: Protosynthesis|[fromitem]\n|-start|p1a: Death Star|protosynthesisspe\n|turn|8\n|\n|t:|1698960583\n|switch|p2a: Galvadon|Torkoal, F|100\/100\n|-weather|SunnyDay|[from] ability: Drought|[of] p2a: Galvadon\n|move|p1a: Death Star|Dragon Dance|p1a: Death Star\n|-boost|p1a: Death Star|atk|1\n|-boost|p1a: Death Star|spe|1\n|\n|-weather|SunnyDay|[upkeep]\n|upkeep\n|turn|9\n|\n|t:|1698960640\n|move|p1a: Death Star|Dragon Dance|p1a: Death Star\n|-boost|p1a: Death Star|atk|1\n|-boost|p1a: Death Star|spe|1\n|move|p2a: Galvadon|Flamethrower|p1a: Death Star\n|-resisted|p1a: Death Star\n|-damage|p1a: Death Star|91\/100\n|\n|-weather|SunnyDay|[upkeep]\n|upkeep\n|turn|10\n|\n|t:|1698960649\n|move|p1a: Death Star|Earthquake|p2a: Galvadon\n|-supereffective|p2a: Galvadon\n|-crit|p2a: Galvadon\n|-damage|p2a: Galvadon|0 fnt\n|faint|p2a: Galvadon\n|\n|-weather|SunnyDay|[upkeep]\n|upkeep\n|\n|t:|1698960675\n|switch|p2a: 4 7\/7|Ribombee, F|100\/100\n|turn|11\n|\n|t:|1698960683\n|move|p1a: Death Star|Iron Head|p2a: 4 7\/7\n|-supereffective|p2a: 4 7\/7\n|-enditem|p2a: 4 7\/7|Focus Sash\n|-damage|p2a: 4 7\/7|1\/100\n|move|p2a: 4 7\/7|Moonblast|p1a: Death Star\n|-supereffective|p1a: Death Star\n|-damage|p1a: Death Star|14\/100\n|\n|-weather|SunnyDay|[upkeep]\n|upkeep\n|turn|12\n|\n|t:|1698960694\n|switch|p2a: sata andagi|Thundurus, M|31\/100 brn\n|move|p1a: Death Star|Iron Head|p2a: sata andagi\n|-resisted|p2a: sata andagi\n|-damage|p2a: sata andagi|0 fnt\n|faint|p2a: sata andagi\n|\n|-weather|SunnyDay|[upkeep]\n|upkeep\n|\n|t:|1698960710\n|switch|p2a: Jeff overwatch|Glastrier|100\/100\n|turn|13\n|c|\u2606Thorn8617|thats a crazy name\n|\n|t:|1698960751\n|-terastallize|p2a: Jeff overwatch|Water\n|move|p1a: Death Star|Iron Head|p2a: Jeff overwatch\n|-resisted|p2a: Jeff overwatch\n|-crit|p2a: Jeff overwatch\n|-damage|p2a: Jeff overwatch|75\/100\n|cant|p2a: Jeff overwatch|flinch\n|\n|-weather|SunnyDay|[upkeep]\n|-heal|p2a: Jeff overwatch|82\/100|[from] item: Leftovers\n|-sideend|p1: Thorn8617|move: Light Screen\n|upkeep\n|turn|14\n|\n|t:|1698960829\n|move|p1a: Death Star|Dragon Claw|p2a: Jeff overwatch\n|-damage|p2a: Jeff overwatch|27\/100\n|move|p2a: Jeff overwatch|Swords Dance|p2a: Jeff overwatch\n|-boost|p2a: Jeff overwatch|atk|2\n|\n|-weather|SunnyDay|[upkeep]\n|-heal|p2a: Jeff overwatch|34\/100|[from] item: Leftovers\n|upkeep\n|turn|15\n|\n|t:|1698960837\n|move|p2a: Jeff overwatch|Protect|p2a: Jeff overwatch\n|-singleturn|p2a: Jeff overwatch|Protect\n|move|p1a: Death Star|Dragon Claw|p2a: Jeff overwatch\n|-activate|p2a: Jeff overwatch|move: Protect\n|\n|-weather|none\n|-heal|p2a: Jeff overwatch|40\/100|[from] item: Leftovers\n|upkeep\n|turn|16\n|\n|t:|1698960845\n|move|p1a: Death Star|Dragon Claw|p2a: Jeff overwatch\n|-damage|p2a: Jeff overwatch|0 fnt\n|faint|p2a: Jeff overwatch\n|\n|upkeep\n|\n|t:|1698960849\n|switch|p2a: Stickymon|Sneasler, M|100\/100\n|turn|17\n|\n|t:|1698960861\n|move|p1a: Death Star|Earthquake|p2a: Stickymon\n|-supereffective|p2a: Stickymon\n|-damage|p2a: Stickymon|0 fnt\n|faint|p2a: Stickymon\n|\n|upkeep\n|\n|t:|1698960865\n|switch|p2a: 4 7\/7|Ribombee, F|1\/100\n|turn|18\n|\n|t:|1698960869\n|move|p1a: Death Star|Iron Head|p2a: 4 7\/7\n|-supereffective|p2a: 4 7\/7\n|-damage|p2a: 4 7\/7|0 fnt\n|faint|p2a: 4 7\/7\n|\n|upkeep\n|\n|t:|1698960873\n|switch|p2a: Nice Little Raptor|Walking Wake|100\/100\n|turn|19\n|\n|t:|1698960877\n|move|p1a: Death Star|Dragon Claw|p2a: Nice Little Raptor\n|-supereffective|p2a: Nice Little Raptor\n|-damage|p2a: Nice Little Raptor|0 fnt\n|faint|p2a: Nice Little Raptor\n|-end|p2a: Nice Little Raptor|Protosynthesis|[silent]\n|\n|win|Thorn8617\n|c|\u2606Thorn8617|gg\n","uploadtime":1698960885,"views":32,"p1id":"thorn8617","p2id":"ghoulthreeee","formatid":"gen9ubers","rating":0,"private":0,"password":""}