{"id":"gen9ubers-1985787707","p1":"Dragon Master Rosa","p2":"Pickedman","format":"[Gen 9] Ubers","log":"|j|\u2606Dragon Master Rosa\n|j|\u2606Pickedman\n|t:|1699406152\n|gametype|singles\n|player|p1|Dragon Master Rosa|dragontamer-gen9|\n|player|p2|Pickedman|zinnia|\n|teamsize|p1|6\n|teamsize|p2|6\n|gen|9\n|tier|[Gen 9] Ubers\n|rule|Sleep Clause Mod: Limit one foe put to sleep\n|rule|Species Clause: Limit one of each Pok\u00e9mon\n|rule|OHKO Clause: OHKO moves are banned\n|rule|Evasion Items Clause: Evasion items are banned\n|rule|Evasion Moves Clause: Evasion moves are banned\n|rule|Endless Battle Clause: Forcing endless battles is banned\n|rule|HP Percentage Mod: HP is shown in percentages\n|clearpoke\n|poke|p1|Palafin, F|\n|poke|p1|Corviknight, F|\n|poke|p1|Gyarados, F|\n|poke|p1|Glimmora, M|\n|poke|p1|Gholdengo|\n|poke|p1|Ogerpon-Wellspring, F|\n|poke|p2|Palafin, M|\n|poke|p2|Ting-Lu|\n|poke|p2|Weavile, M|\n|poke|p2|Tornadus-Therian, M|\n|poke|p2|Alomomola, M|\n|poke|p2|Landorus-Therian, M|\n|teampreview\n|\n|t:|1699406175\n|start\n|switch|p1a: Glimmora|Glimmora, M|100\/100\n|switch|p2a: Ting-Lu|Ting-Lu|100\/100\n|-ability|p2a: Ting-Lu|Vessel of Ruin\n|turn|1\n|\n|t:|1699406188\n|move|p1a: Glimmora|Stealth Rock|p2a: Ting-Lu\n|-sidestart|p2: Pickedman|move: Stealth Rock\n|move|p2a: Ting-Lu|Stealth Rock|p1a: Glimmora\n|-sidestart|p1: Dragon Master Rosa|move: Stealth Rock\n|\n|upkeep\n|turn|2\n|\n|t:|1699406190\n|move|p1a: Glimmora|Mortal Spin|p2a: Ting-Lu\n|-resisted|p2a: Ting-Lu\n|-damage|p2a: Ting-Lu|99\/100\n|-status|p2a: Ting-Lu|psn\n|-sideend|p1: Dragon Master Rosa|Stealth Rock|[from] move: Mortal Spin|[of] p1a: Glimmora\n|move|p2a: Ting-Lu|Spikes|p1a: Glimmora\n|-sidestart|p1: Dragon Master Rosa|Spikes\n|\n|-heal|p2a: Ting-Lu|100\/100 psn|[from] item: Leftovers\n|-damage|p2a: Ting-Lu|88\/100 psn|[from] psn\n|upkeep\n|turn|3\n|\n|t:|1699406195\n|move|p1a: Glimmora|Mortal Spin|p2a: Ting-Lu\n|-resisted|p2a: Ting-Lu\n|-damage|p2a: Ting-Lu|87\/100 psn\n|-sideend|p1: Dragon Master Rosa|Spikes|[from] move: Mortal Spin|[of] p1a: Glimmora\n|move|p2a: Ting-Lu|Whirlwind|p1a: Glimmora\n|drag|p1a: Palafin|Palafin, F|100\/100\n|\n|-heal|p2a: Ting-Lu|93\/100 psn|[from] item: Leftovers\n|-damage|p2a: Ting-Lu|81\/100 psn|[from] psn\n|upkeep\n|turn|4\n|\n|t:|1699406205\n|detailschange|p1a: Palafin|Palafin-Hero, F\n|switch|p1a: Glimmora|Glimmora, M|100\/100\n|move|p2a: Ting-Lu|Stealth Rock|p1a: Glimmora\n|-sidestart|p1: Dragon Master Rosa|move: Stealth Rock\n|\n|-heal|p2a: Ting-Lu|87\/100 psn|[from] item: Leftovers\n|-damage|p2a: Ting-Lu|74\/100 psn|[from] psn\n|upkeep\n|turn|5\n|\n|t:|1699406216\n|move|p1a: Glimmora|Mortal Spin|p2a: Ting-Lu\n|-resisted|p2a: Ting-Lu\n|-damage|p2a: Ting-Lu|73\/100 psn\n|-sideend|p1: Dragon Master Rosa|Stealth Rock|[from] move: Mortal Spin|[of] p1a: Glimmora\n|move|p2a: Ting-Lu|Ruination|p1a: Glimmora\n|-damage|p1a: Glimmora|51\/100\n|\n|-heal|p2a: Ting-Lu|79\/100 psn|[from] item: Leftovers\n|-damage|p2a: Ting-Lu|67\/100 psn|[from] psn\n|upkeep\n|turn|6\n|\n|t:|1699406222\n|move|p1a: Glimmora|Energy Ball|p2a: Ting-Lu\n|-supereffective|p2a: Ting-Lu\n|-damage|p2a: Ting-Lu|31\/100 psn\n|move|p2a: Ting-Lu|Stealth Rock|p1a: Glimmora\n|-sidestart|p1: Dragon Master Rosa|move: Stealth Rock\n|\n|-heal|p2a: Ting-Lu|37\/100 psn|[from] item: Leftovers\n|-damage|p2a: Ting-Lu|25\/100 psn|[from] psn\n|upkeep\n|turn|7\n|\n|t:|1699406225\n|move|p1a: Glimmora|Mortal Spin|p2a: Ting-Lu\n|-resisted|p2a: Ting-Lu\n|-damage|p2a: Ting-Lu|23\/100 psn\n|-sideend|p1: Dragon Master Rosa|Stealth Rock|[from] move: Mortal Spin|[of] p1a: Glimmora\n|move|p2a: Ting-Lu|Spikes|p1a: Glimmora\n|-sidestart|p1: Dragon Master Rosa|Spikes\n|\n|-heal|p2a: Ting-Lu|29\/100 psn|[from] item: Leftovers\n|-damage|p2a: Ting-Lu|17\/100 psn|[from] psn\n|upkeep\n|turn|8\n|\n|t:|1699406234\n|move|p1a: Glimmora|Mortal Spin|p2a: Ting-Lu\n|-resisted|p2a: Ting-Lu\n|-damage|p2a: Ting-Lu|16\/100 psn\n|-sideend|p1: Dragon Master Rosa|Spikes|[from] move: Mortal Spin|[of] p1a: Glimmora\n|move|p2a: Ting-Lu|Stealth Rock|p1a: Glimmora\n|-sidestart|p1: Dragon Master Rosa|move: Stealth Rock\n|\n|-heal|p2a: Ting-Lu|22\/100 psn|[from] item: Leftovers\n|-damage|p2a: Ting-Lu|10\/100 psn|[from] psn\n|upkeep\n|turn|9\n|\n|t:|1699406237\n|move|p1a: Glimmora|Mortal Spin|p2a: Ting-Lu\n|-resisted|p2a: Ting-Lu\n|-damage|p2a: Ting-Lu|8\/100 psn\n|-sideend|p1: Dragon Master Rosa|Stealth Rock|[from] move: Mortal Spin|[of] p1a: Glimmora\n|move|p2a: Ting-Lu|Stealth Rock|p1a: Glimmora\n|-sidestart|p1: Dragon Master Rosa|move: Stealth Rock\n|\n|-heal|p2a: Ting-Lu|15\/100 psn|[from] item: Leftovers\n|-damage|p2a: Ting-Lu|2\/100 psn|[from] psn\n|upkeep\n|turn|10\n|\n|t:|1699406266\n|switch|p2a: Tornadus|Tornadus-Therian, M|100\/100\n|move|p1a: Glimmora|Mortal Spin|p2a: Tornadus\n|-damage|p2a: Tornadus|93\/100\n|-status|p2a: Tornadus|psn\n|-sideend|p1: Dragon Master Rosa|Stealth Rock|[from] move: Mortal Spin|[of] p1a: Glimmora\n|\n|-damage|p2a: Tornadus|80\/100 psn|[from] psn\n|upkeep\n|turn|11\n|\n|t:|1699406270\n|move|p2a: Tornadus|Bleakwind Storm|p1a: Glimmora\n|-resisted|p1a: Glimmora\n|-damage|p1a: Glimmora|21\/100\n|move|p1a: Glimmora|Power Gem|p2a: Tornadus\n|-supereffective|p2a: Tornadus\n|-damage|p2a: Tornadus|0 fnt\n|faint|p2a: Tornadus\n|\n|upkeep\n|\n|t:|1699406275\n|switch|p2a: Palafin|Palafin, M|100\/100\n|-damage|p2a: Palafin|88\/100|[from] Stealth Rock\n|turn|12\n|\n|t:|1699406284\n|detailschange|p2a: Palafin|Palafin-Hero, M\n|switch|p2a: Ting-Lu|Ting-Lu|2\/100 psn\n|-damage|p2a: Ting-Lu|0 fnt|[from] Stealth Rock\n|faint|p2a: Ting-Lu\n|move|p1a: Glimmora|Mortal Spin|p2: Ting-Lu|[notarget]\n|-fail|p1a: Glimmora\n|\n|upkeep\n|\n|t:|1699406290\n|switch|p2a: Weavile|Weavile, M|100\/100\n|-ability|p2a: Weavile|Pressure\n|turn|13\n|\n|t:|1699406296\n|move|p2a: Weavile|Knock Off|p1a: Glimmora\n|-damage|p1a: Glimmora|0 fnt\n|-activate|p1a: Glimmora|ability: Toxic Debris\n|-sidestart|p2: Pickedman|move: Toxic Spikes\n|-enditem|p1a: Glimmora|Focus Sash|[from] move: Knock Off|[of] p2a: Weavile\n|faint|p1a: Glimmora\n|\n|upkeep\n|\n|t:|1699406311\n|switch|p1a: Gyarados|Gyarados, F|100\/100\n|turn|14\n|\n|t:|1699406322\n|switch|p2a: Alomomola|Alomomola, M|100\/100\n|-damage|p2a: Alomomola|88\/100|[from] Stealth Rock\n|-status|p2a: Alomomola|psn\n|move|p1a: Gyarados|Dragon Dance|p1a: Gyarados\n|-boost|p1a: Gyarados|atk|1\n|-boost|p1a: Gyarados|spe|1\n|\n|-damage|p2a: Alomomola|76\/100 psn|[from] psn\n|upkeep\n|turn|15\n|\n|t:|1699406335\n|move|p1a: Gyarados|Dragon Dance|p1a: Gyarados\n|-boost|p1a: Gyarados|atk|1\n|-boost|p1a: Gyarados|spe|1\n|move|p2a: Alomomola|Scald|p1a: Gyarados\n|-resisted|p1a: Gyarados\n|-damage|p1a: Gyarados|94\/100\n|\n|-damage|p2a: Alomomola|63\/100 psn|[from] psn\n|upkeep\n|turn|16\n|\n|t:|1699406346\n|move|p1a: Gyarados|Waterfall|p2a: Alomomola\n|-resisted|p2a: Alomomola\n|-damage|p2a: Alomomola|34\/100 psn\n|-enditem|p2a: Alomomola|Red Card|[of] p1a: Gyarados\n|drag|p1a: Gholdengo|Gholdengo|100\/100\n|cant|p2a: Alomomola|flinch\n|\n|-damage|p2a: Alomomola|22\/100 psn|[from] psn\n|upkeep\n|turn|17\n|\n|t:|1699406360\n|switch|p2a: Weavile|Weavile, M|100\/100\n|-ability|p2a: Weavile|Pressure\n|move|p1a: Gholdengo|Shadow Ball|p2a: Weavile\n|-resisted|p2a: Weavile\n|-damage|p2a: Weavile|67\/100\n|-unboost|p2a: Weavile|spd|1\n|\n|upkeep\n|turn|18\n|\n|t:|1699406378\n|-terastallize|p1a: Gholdengo|Steel\n|move|p2a: Weavile|Knock Off|p1a: Gholdengo\n|-damage|p1a: Gholdengo|53\/100\n|-enditem|p1a: Gholdengo|Leftovers|[from] move: Knock Off|[of] p2a: Weavile\n|move|p1a: Gholdengo|Make It Rain|p2a: Weavile\n|-supereffective|p2a: Weavile\n|-damage|p2a: Weavile|0 fnt\n|-unboost|p1a: Gholdengo|spa|1\n|faint|p2a: Weavile\n|\n|upkeep\n|\n|t:|1699406411\n|switch|p2a: Landorus|Landorus-Therian, M|100\/100\n|-damage|p2a: Landorus|88\/100|[from] Stealth Rock\n|-ability|p2a: Landorus|Intimidate|boost\n|-unboost|p1a: Gholdengo|atk|1\n|turn|19\n|\n|t:|1699406425\n|switch|p1a: Gyarados|Gyarados, F|94\/100\n|move|p2a: Landorus|U-turn|p1a: Gyarados\n|-resisted|p1a: Gyarados\n|-damage|p1a: Gyarados|67\/100\n|\n|t:|1699406433\n|switch|p2a: Palafin|Palafin-Hero, M|88\/100|[from] U-turn\n|-damage|p2a: Palafin|76\/100|[from] Stealth Rock\n|-status|p2a: Palafin|psn\n|-activate|p2a: Palafin|ability: Zero to Hero\n|\n|-damage|p2a: Palafin|63\/100 psn|[from] psn\n|upkeep\n|turn|20\n|\n|t:|1699406439\n|move|p1a: Gyarados|Dragon Dance|p1a: Gyarados\n|-boost|p1a: Gyarados|atk|1\n|-boost|p1a: Gyarados|spe|1\n|move|p2a: Palafin|Boomburst|p1a: Gyarados\n|-damage|p1a: Gyarados|0 fnt\n|faint|p1a: Gyarados\n|\n|-damage|p2a: Palafin|51\/100 psn|[from] psn\n|upkeep\n|\n|t:|1699406446\n|switch|p1a: Ogerpon|Ogerpon-Wellspring, F|100\/100\n|turn|21\n|\n|t:|1699406464\n|switch|p2a: Landorus|Landorus-Therian, M|88\/100\n|-damage|p2a: Landorus|76\/100|[from] Stealth Rock\n|-ability|p2a: Landorus|Intimidate|boost\n|-unboost|p1a: Ogerpon|atk|1\n|move|p1a: Ogerpon|Ivy Cudgel|p2a: Landorus\n|-supereffective|p2a: Landorus\n|-damage|p2a: Landorus|3\/100\n|\n|upkeep\n|turn|22\n|\n|t:|1699406470\n|move|p1a: Ogerpon|Spikes|p2a: Landorus\n|-sidestart|p2: Pickedman|Spikes\n|move|p2a: Landorus|U-turn|p1a: Ogerpon\n|-supereffective|p1a: Ogerpon\n|-damage|p1a: Ogerpon|0 fnt\n|faint|p1a: Ogerpon\n|\n|t:|1699406475\n|switch|p2a: Palafin|Palafin-Hero, M|51\/100 psn|[from] U-turn\n|-damage|p2a: Palafin|38\/100 psn|[from] Stealth Rock\n|-damage|p2a: Palafin|26\/100 psn|[from] Spikes\n|\n|-damage|p2a: Palafin|13\/100 psn|[from] psn\n|upkeep\n|\n|t:|1699406478\n|switch|p1a: Palafin|Palafin-Hero, F|100\/100\n|-activate|p1a: Palafin|ability: Zero to Hero\n|turn|23\n|\n|t:|1699406483\n|move|p1a: Palafin|Jet Punch|p2a: Palafin\n|-resisted|p2a: Palafin\n|-damage|p2a: Palafin|0 fnt\n|faint|p2a: Palafin\n|\n|upkeep\n|\n|t:|1699406486\n|switch|p2a: Alomomola|Alomomola, M|55\/100 psn\n|-damage|p2a: Alomomola|43\/100 psn|[from] Stealth Rock\n|-damage|p2a: Alomomola|31\/100 psn|[from] Spikes\n|turn|24\n|\n|t:|1699406490\n|move|p1a: Palafin|Close Combat|p2a: Alomomola\n|-damage|p2a: Alomomola|6\/100 psn\n|-unboost|p1a: Palafin|def|1\n|-unboost|p1a: Palafin|spd|1\n|move|p2a: Alomomola|Wish|p2a: Alomomola\n|\n|-damage|p2a: Alomomola|0 fnt|[from] psn\n|faint|p2a: Alomomola\n|upkeep\n|c|\u2606Dragon Master Rosa|ggwp\n|\n|t:|1699406512\n|switch|p2a: Landorus|Landorus-Therian, M|3\/100\n|-damage|p2a: Landorus|0 fnt|[from] Stealth Rock\n|faint|p2a: Landorus\n|\n|win|Dragon Master Rosa\n|c|\u2606Pickedman|ggwp\n|l|\u2606Pickedman\n","uploadtime":1699406519,"views":6,"p1id":"dragonmasterrosa","p2id":"pickedman","formatid":"gen9ubers","rating":0,"private":0,"password":""}