{"id":"gen9ubers-1981751033","p1":"pi.4","p2":"flytoadream","format":"[Gen 9] Ubers","log":"|j|\u2606pi.4\n|j|\u2606flytoadream\n|t:|1698938855\n|gametype|singles\n|player|p1|pi.4|wattson|1230\n|player|p2|flytoadream|2|1132\n|teamsize|p1|6\n|teamsize|p2|6\n|gen|9\n|tier|[Gen 9] Ubers\n|rated|\n|rule|Sleep Clause Mod: Limit one foe put to sleep\n|rule|Species Clause: Limit one of each Pok\u00e9mon\n|rule|OHKO Clause: OHKO moves are banned\n|rule|Evasion Items Clause: Evasion items are banned\n|rule|Evasion Moves Clause: Evasion moves are banned\n|rule|Endless Battle Clause: Forcing endless battles is banned\n|rule|HP Percentage Mod: HP is shown in percentages\n|clearpoke\n|poke|p1|Gholdengo|\n|poke|p1|Magearna|\n|poke|p1|Urshifu-*, M|\n|poke|p1|Shaymin-Sky|\n|poke|p1|Leavanny, M|\n|poke|p1|Electrode-Hisui|\n|poke|p2|Annihilape, F|\n|poke|p2|Flutter Mane|\n|poke|p2|Spectrier|\n|poke|p2|Gengar, M|\n|poke|p2|Giratina-Origin|\n|poke|p2|Skeledirge, F|\n|teampreview\n|inactive|Battle timer is ON: inactive players will automatically lose when time's up. (requested by flytoadream)\n|\n|t:|1698938889\n|start\n|switch|p1a: Leavanny|Leavanny, M|100\/100\n|switch|p2a: Skeledirge|Skeledirge, F|100\/100\n|turn|1\n|\n|t:|1698938904\n|move|p1a: Leavanny|Sticky Web|p2a: Skeledirge\n|-sidestart|p2: flytoadream|move: Sticky Web\n|move|p2a: Skeledirge|Torch Song|p1a: Leavanny\n|-supereffective|p1a: Leavanny\n|-enditem|p1a: Leavanny|Focus Sash\n|-damage|p1a: Leavanny|1\/100\n|-boost|p2a: Skeledirge|spa|1\n|\n|upkeep\n|turn|2\n|inactive|pi.4 has 120 seconds left.\n|\n|t:|1698938937\n|move|p1a: Leavanny|Screech|p2a: Skeledirge\n|-unboost|p2a: Skeledirge|def|2\n|move|p2a: Skeledirge|Torch Song|p1a: Leavanny\n|-supereffective|p1a: Leavanny\n|-damage|p1a: Leavanny|0 fnt\n|-boost|p2a: Skeledirge|spa|1\n|faint|p1a: Leavanny\n|\n|upkeep\n|inactive|pi.4 has 120 seconds left.\n|inactive|pi.4 has 90 seconds left.\n|\n|t:|1698938995\n|switch|p1a: Urshifu|Urshifu, M|100\/100\n|turn|3\n|\n|t:|1698939016\n|-terastallize|p1a: Urshifu|Dark\n|move|p1a: Urshifu|Wicked Blow|p2a: Skeledirge\n|-supereffective|p2a: Skeledirge\n|-crit|p2a: Skeledirge\n|-damage|p2a: Skeledirge|0 fnt\n|faint|p2a: Skeledirge\n|\n|upkeep\n|\n|t:|1698939026\n|switch|p2a: Gengar|Gengar, M, shiny|100\/100\n|-activate|p2a: Gengar|move: Sticky Web\n|-unboost|p2a: Gengar|spe|1\n|turn|4\n|\n|t:|1698939033\n|move|p1a: Urshifu|Wicked Blow|p2a: Gengar\n|-supereffective|p2a: Gengar\n|-crit|p2a: Gengar\n|-enditem|p2a: Gengar|Focus Sash\n|-damage|p2a: Gengar|1\/100\n|-start|p1a: Urshifu|Disable|Wicked Blow|[from] ability: Cursed Body|[of] p2a: Gengar\n|move|p2a: Gengar|Toxic|p1a: Urshifu\n|-status|p1a: Urshifu|tox\n|\n|-damage|p1a: Urshifu|94\/100 tox|[from] psn\n|upkeep\n|turn|5\n|inactive|pi.4 has 90 seconds left.\n|\n|t:|1698939044\n|switch|p1a: Electrode|Electrode-Hisui|100\/100\n|move|p2a: Gengar|Destiny Bond|p2a: Gengar\n|-singlemove|p2a: Gengar|Destiny Bond\n|\n|upkeep\n|turn|6\n|\n|t:|1698939051\n|move|p1a: Electrode|Leech Seed|p2a: Gengar\n|-start|p2a: Gengar|move: Leech Seed\n|move|p2a: Gengar|Sludge Bomb|p1a: Electrode\n|-supereffective|p1a: Electrode\n|-enditem|p1a: Electrode|Focus Sash\n|-damage|p1a: Electrode|1\/100\n|-status|p1a: Electrode|psn\n|\n|-damage|p2a: Gengar|0 fnt|[from] Leech Seed|[of] p1a: Electrode\n|-heal|p1a: Electrode|1\/100 psn|[silent]\n|faint|p2a: Gengar\n|-damage|p1a: Electrode|0 fnt|[from] psn\n|faint|p1a: Electrode\n|upkeep\n|\n|t:|1698939073\n|switch|p1a: Urshifu|Urshifu, M, tera:Dark|94\/100 tox\n|switch|p2a: Spectrier|Spectrier|100\/100\n|-activate|p2a: Spectrier|move: Sticky Web\n|-unboost|p2a: Spectrier|spe|1\n|turn|7\n|\n|t:|1698939084\n|move|p1a: Urshifu|Wicked Blow|p2a: Spectrier\n|-supereffective|p2a: Spectrier\n|-crit|p2a: Spectrier\n|-damage|p2a: Spectrier|0 fnt\n|faint|p2a: Spectrier\n|\n|-damage|p1a: Urshifu|88\/100 tox|[from] psn\n|upkeep\n|c|\u2606pi.4|bonk\n|inactive|flytoadream has 120 seconds left.\n|\n|t:|1698939105\n|switch|p2a: Annihilape|Annihilape, F|100\/100\n|-activate|p2a: Annihilape|move: Sticky Web\n|-unboost|p2a: Annihilape|spe|1\n|turn|8\n|inactive|flytoadream has 120 seconds left.\n|\n|t:|1698939112\n|move|p1a: Urshifu|Wicked Blow|p2a: Annihilape\n|-crit|p2a: Annihilape\n|-damage|p2a: Annihilape|0 fnt\n|faint|p2a: Annihilape\n|\n|-damage|p1a: Urshifu|76\/100 tox|[from] psn\n|upkeep\n|inactive|flytoadream has 120 seconds left.\n|\n|t:|1698939118\n|switch|p2a: Flutter Mane|Flutter Mane|100\/100\n|-activate|p2a: Flutter Mane|move: Sticky Web\n|-unboost|p2a: Flutter Mane|spe|1\n|-enditem|p2a: Flutter Mane|Booster Energy\n|-activate|p2a: Flutter Mane|ability: Protosynthesis|[fromitem]\n|-start|p2a: Flutter Mane|protosynthesisspa\n|turn|9\n|c|\u2606pi.4|having fun\n|\n|t:|1698939125\n|move|p1a: Urshifu|Wicked Blow|p2a: Flutter Mane\n|-crit|p2a: Flutter Mane\n|-damage|p2a: Flutter Mane|0 fnt\n|faint|p2a: Flutter Mane\n|-end|p2a: Flutter Mane|Protosynthesis|[silent]\n|\n|-damage|p1a: Urshifu|58\/100 tox|[from] psn\n|upkeep\n|-message|flytoadream forfeited.\n|\n|win|pi.4\n|raw|pi.4's rating: 1230 &rarr; <strong>1248<\/strong><br \/>(+18 for winning)\n|raw|flytoadream's rating: 1132 &rarr; <strong>1114<\/strong><br \/>(-18 for losing)\n|l|\u2606flytoadream\n","uploadtime":1698939310,"views":4,"p1id":"pi4","p2id":"flytoadream","formatid":"gen9ubers","rating":1114,"private":0,"password":""}