{"id":"gen9ubers-1969467762","p1":"fungoos469","p2":"IspamObjection","format":"[Gen 9] Ubers","log":"|j|\u2606fungoos469\n|j|\u2606IspamObjection\n|t:|1697535839\n|gametype|singles\n|player|p1|fungoos469|101|\n|player|p2|IspamObjection|lance-gen2|\n|teamsize|p1|6\n|teamsize|p2|6\n|gen|9\n|tier|[Gen 9] Ubers\n|rule|Sleep Clause Mod: Limit one foe put to sleep\n|rule|Species Clause: Limit one of each Pok\u00e9mon\n|rule|OHKO Clause: OHKO moves are banned\n|rule|Evasion Items Clause: Evasion items are banned\n|rule|Evasion Moves Clause: Evasion moves are banned\n|rule|Endless Battle Clause: Forcing endless battles is banned\n|rule|HP Percentage Mod: HP is shown in percentages\n|clearpoke\n|poke|p1|Masquerain, F|\n|poke|p1|Palkia-Origin|\n|poke|p1|Dondozo, F|\n|poke|p1|Gholdengo|\n|poke|p1|Palafin, F|\n|poke|p1|Hoopa-Unbound|\n|poke|p2|Masquerain, F|\n|poke|p2|Urshifu-*, M|\n|poke|p2|Gholdengo|\n|poke|p2|Zacian-*|\n|poke|p2|Arceus-Fire|\n|poke|p2|Dialga|\n|teampreview\n|\n|t:|1697535872\n|start\n|switch|p1a: Palkia|Palkia-Origin|100\/100\n|switch|p2a: Gholdengo|Gholdengo|100\/100\n|-ability|p1a: Palkia|Pressure\n|turn|1\n|\n|t:|1697535889\n|move|p2a: Gholdengo|Shadow Ball|p1a: Palkia\n|-damage|p1a: Palkia|58\/100\n|move|p1a: Palkia|Surf|p2a: Gholdengo\n|-damage|p2a: Gholdengo|30\/100\n|\n|upkeep\n|turn|2\n|\n|t:|1697535905\n|switch|p2a: Dialga|Dialga|100\/100\n|-ability|p2a: Dialga|Pressure\n|move|p1a: Palkia|Surf|p2a: Dialga\n|-resisted|p2a: Dialga\n|-damage|p2a: Dialga|76\/100\n|\n|-heal|p2a: Dialga|82\/100|[from] item: Leftovers\n|upkeep\n|turn|3\n|\n|t:|1697535929\n|-terastallize|p1a: Palkia|Water\n|move|p1a: Palkia|Spacial Rend|p2a: Dialga\n|-damage|p2a: Dialga|22\/100\n|move|p2a: Dialga|Stealth Rock|p1a: Palkia\n|-sidestart|p1: fungoos469|move: Stealth Rock\n|\n|-heal|p2a: Dialga|28\/100|[from] item: Leftovers\n|upkeep\n|turn|4\n|\n|t:|1697535966\n|move|p1a: Palkia|Surf|p2a: Dialga\n|-resisted|p2a: Dialga\n|-damage|p2a: Dialga|0 fnt\n|faint|p2a: Dialga\n|\n|upkeep\n|\n|t:|1697535969\n|switch|p2a: Masquerain|Masquerain, F|100\/100\n|-ability|p2a: Masquerain|Intimidate|boost\n|-unboost|p1a: Palkia|atk|1\n|turn|5\n|\n|t:|1697535977\n|move|p1a: Palkia|Ice Beam|p2a: Masquerain\n|-supereffective|p2a: Masquerain\n|-enditem|p2a: Masquerain|Focus Sash\n|-damage|p2a: Masquerain|1\/100\n|move|p2a: Masquerain|Sticky Web|p1a: Palkia\n|-sidestart|p1: fungoos469|move: Sticky Web\n|\n|upkeep\n|turn|6\n|\n|t:|1697535987\n|move|p1a: Palkia|Surf|p2a: Masquerain\n|-crit|p2a: Masquerain\n|-damage|p2a: Masquerain|0 fnt\n|faint|p2a: Masquerain\n|\n|upkeep\n|\n|t:|1697536013\n|switch|p2a: Urshifu|Urshifu, M|100\/100\n|turn|7\n|\n|t:|1697536024\n|switch|p1a: Dondozo|Dondozo, F|100\/100\n|-damage|p1a: Dondozo|88\/100|[from] Stealth Rock\n|-activate|p1a: Dondozo|move: Sticky Web\n|-unboost|p1a: Dondozo|spe|1\n|move|p2a: Urshifu|Wicked Blow|p1a: Dondozo\n|-crit|p1a: Dondozo\n|-damage|p1a: Dondozo|43\/100\n|\n|-heal|p1a: Dondozo|50\/100|[from] item: Leftovers\n|upkeep\n|turn|8\n|\n|t:|1697536042\n|-terastallize|p2a: Urshifu|Dark\n|move|p2a: Urshifu|Wicked Blow|p1a: Dondozo\n|-crit|p1a: Dondozo\n|-damage|p1a: Dondozo|0 fnt\n|faint|p1a: Dondozo\n|\n|upkeep\n|\n|t:|1697536061\n|switch|p1a: Palkia|Palkia-Origin, tera:Water|58\/100\n|-damage|p1a: Palkia|46\/100|[from] Stealth Rock\n|-activate|p1a: Palkia|move: Sticky Web\n|-unboost|p1a: Palkia|spe|1\n|-ability|p1a: Palkia|Pressure\n|turn|9\n|\n|t:|1697536070\n|move|p2a: Urshifu|Wicked Blow|p1a: Palkia\n|-crit|p1a: Palkia\n|-damage|p1a: Palkia|0 fnt\n|faint|p1a: Palkia\n|\n|upkeep\n|\n|t:|1697536076\n|switch|p1a: Gholdengo|Gholdengo|100\/100\n|-damage|p1a: Gholdengo|94\/100|[from] Stealth Rock\n|-activate|p1a: Gholdengo|move: Sticky Web\n|-unboost|p1a: Gholdengo|spe|1\n|turn|10\n|\n|t:|1697536084\n|move|p2a: Urshifu|Wicked Blow|p1a: Gholdengo\n|-supereffective|p1a: Gholdengo\n|-crit|p1a: Gholdengo\n|-damage|p1a: Gholdengo|0 fnt\n|faint|p1a: Gholdengo\n|\n|upkeep\n|\n|t:|1697536093\n|switch|p1a: Palafin|Palafin, F|100\/100\n|-damage|p1a: Palafin|88\/100|[from] Stealth Rock\n|-activate|p1a: Palafin|move: Sticky Web\n|-unboost|p1a: Palafin|spe|1\n|turn|11\n|\n|t:|1697536099\n|detailschange|p1a: Palafin|Palafin-Hero, F\n|switch|p1a: Masquerain|Masquerain, F|100\/100\n|-ability|p1a: Masquerain|Intimidate|boost\n|-unboost|p2a: Urshifu|atk|1\n|move|p2a: Urshifu|Wicked Blow|p1a: Masquerain\n|-crit|p1a: Masquerain\n|-damage|p1a: Masquerain|0 fnt\n|faint|p1a: Masquerain\n|\n|upkeep\n|\n|t:|1697536115\n|switch|p1a: Palafin|Palafin-Hero, F|88\/100\n|-damage|p1a: Palafin|76\/100|[from] Stealth Rock\n|-activate|p1a: Palafin|move: Sticky Web\n|-unboost|p1a: Palafin|spe|1\n|-activate|p1a: Palafin|ability: Zero to Hero\n|turn|12\n|\n|t:|1697536122\n|move|p1a: Palafin|Jet Punch|p2a: Urshifu\n|-damage|p2a: Urshifu|49\/100\n|move|p2a: Urshifu|Wicked Blow|p1a: Palafin\n|-crit|p1a: Palafin\n|-damage|p1a: Palafin|0 fnt\n|faint|p1a: Palafin\n|\n|upkeep\n|\n|t:|1697536130\n|switch|p1a: Hoopa|Hoopa-Unbound|100\/100\n|-damage|p1a: Hoopa|88\/100|[from] Stealth Rock\n|-activate|p1a: Hoopa|move: Sticky Web\n|-unboost|p1a: Hoopa|spe|1\n|turn|13\n|\n|t:|1697536136\n|move|p2a: Urshifu|Wicked Blow|p1a: Hoopa\n|-crit|p1a: Hoopa\n|-damage|p1a: Hoopa|0 fnt\n|faint|p1a: Hoopa\n|\n|win|IspamObjection\n|l|\u2606fungoos469\n","uploadtime":1697536141,"views":26,"p1id":"fungoos469","p2id":"ispamobjection","formatid":"gen9ubers","rating":0,"private":0,"password":""}