{"id":"gen9ubers-1984189045","p1":"bsball8806","p2":"TheJuicyJake","format":"[Gen 9] Ubers","log":"|j|\u2606bsball8806\n|j|\u2606TheJuicyJake\n|t:|1699228170\n|gametype|singles\n|player|p1|bsball8806|marlon|\n|player|p2|TheJuicyJake|boarder|\n|teamsize|p1|6\n|teamsize|p2|6\n|gen|9\n|tier|[Gen 9] Ubers\n|rule|Sleep Clause Mod: Limit one foe put to sleep\n|rule|Species Clause: Limit one of each Pok\u00e9mon\n|rule|OHKO Clause: OHKO moves are banned\n|rule|Evasion Items Clause: Evasion items are banned\n|rule|Evasion Moves Clause: Evasion moves are banned\n|rule|Endless Battle Clause: Forcing endless battles is banned\n|rule|HP Percentage Mod: HP is shown in percentages\n|clearpoke\n|poke|p1|Dragapult, F|\n|poke|p1|Cinderace, F|\n|poke|p1|Zarude|\n|poke|p1|Fezandipiti, M|\n|poke|p1|Quagsire, M|\n|poke|p1|Blissey, F|\n|poke|p2|Charizard, F|\n|poke|p2|Iron Treads|\n|poke|p2|Walking Wake|\n|poke|p2|Sawsbuck, M|\n|poke|p2|Torkoal, F|\n|poke|p2|Scream Tail|\n|teampreview\n|c|\u2606bsball8806|gl hf!\n|c|\u2606TheJuicyJake|GL, time to win some rolls.\n|\n|t:|1699228193\n|start\n|switch|p1a: Zarude|Zarude|100\/100\n|switch|p2a: Mullet Mon|Scream Tail|100\/100\n|turn|1\n|\n|t:|1699228205\n|move|p1a: Zarude|Fling|p2a: Mullet Mon\n|-damage|p2a: Mullet Mon|91\/100\n|-status|p2a: Mullet Mon|tox\n|-enditem|p1a: Zarude|Toxic Orb|[from] move: Fling\n|move|p2a: Mullet Mon|Thunder Wave|p1a: Zarude\n|-status|p1a: Zarude|par\n|\n|-heal|p2a: Mullet Mon|97\/100 tox|[from] item: Leftovers\n|-damage|p2a: Mullet Mon|91\/100 tox|[from] psn\n|upkeep\n|turn|2\n|\n|t:|1699228220\n|-end|p2a: Mullet Mon|Protosynthesis|[silent]\n|switch|p2a: Lung Buster|Torkoal, F|100\/100\n|-weather|SunnyDay|[from] ability: Drought|[of] p2a: Lung Buster\n|cant|p1a: Zarude|par\n|\n|-weather|SunnyDay|[upkeep]\n|upkeep\n|turn|3\n|\n|t:|1699228232\n|-terastallize|p1a: Zarude|Dark\n|move|p1a: Zarude|Knock Off|p2a: Lung Buster\n|-damage|p2a: Lung Buster|60\/100\n|-enditem|p2a: Lung Buster|Heat Rock|[from] move: Knock Off|[of] p1a: Zarude\n|move|p2a: Lung Buster|Lava Plume|p1a: Zarude\n|-damage|p1a: Zarude|65\/100 par\n|\n|-weather|SunnyDay|[upkeep]\n|upkeep\n|turn|4\n|\n|t:|1699228308\n|switch|p1a: Quagsire|Quagsire, M|100\/100\n|switch|p2a: Mullet Mon|Scream Tail|91\/100 tox\n|-activate|p2a: Mullet Mon|ability: Protosynthesis\n|-start|p2a: Mullet Mon|protosynthesisspe\n|\n|-weather|SunnyDay|[upkeep]\n|-heal|p2a: Mullet Mon|97\/100 tox|[from] item: Leftovers\n|-damage|p2a: Mullet Mon|91\/100 tox|[from] psn\n|upkeep\n|turn|5\n|\n|t:|1699228324\n|-end|p2a: Mullet Mon|Protosynthesis|[silent]\n|switch|p2a: Stackin Bucks|Sawsbuck, M|100\/100\n|move|p1a: Quagsire|Stealth Rock|p2a: Stackin Bucks\n|-sidestart|p2: TheJuicyJake|move: Stealth Rock\n|\n|-weather|SunnyDay|[upkeep]\n|upkeep\n|turn|6\n|\n|t:|1699228364\n|switch|p1a: Zarude|Zarude, tera:Dark|65\/100 par\n|move|p2a: Stackin Bucks|Trailblaze|p1a: Zarude\n|-damage|p1a: Zarude|41\/100 par\n|-boost|p2a: Stackin Bucks|spe|1\n|\n|-weather|SunnyDay|[upkeep]\n|upkeep\n|turn|7\n|\n|t:|1699228375\n|move|p2a: Stackin Bucks|Play Rough|p1a: Zarude|[miss]\n|-miss|p2a: Stackin Bucks|p1a: Zarude\n|move|p1a: Zarude|Knock Off|p2a: Stackin Bucks\n|-damage|p2a: Stackin Bucks|11\/100\n|-enditem|p2a: Stackin Bucks|Expert Belt|[from] move: Knock Off|[of] p1a: Zarude\n|\n|-weather|SunnyDay|[upkeep]\n|upkeep\n|turn|8\n|c|\u2606TheJuicyJake|NO NOT PLAY ROUGH MISSING\n|c|\u2606TheJuicyJake|layton was right, this move is ass\n|c|\u2606bsball8806|lol sorry\n|\n|t:|1699228418\n|move|p2a: Stackin Bucks|Play Rough|p1a: Zarude\n|-supereffective|p1a: Zarude\n|-damage|p1a: Zarude|0 fnt\n|faint|p1a: Zarude\n|\n|-weather|SunnyDay|[upkeep]\n|upkeep\n|\n|t:|1699228450\n|switch|p1a: Fezandipiti|Fezandipiti, M|100\/100\n|turn|9\n|\n|t:|1699228465\n|move|p2a: Stackin Bucks|High Horsepower|p1a: Fezandipiti\n|-supereffective|p1a: Fezandipiti\n|-damage|p1a: Fezandipiti|37\/100\n|move|p1a: Fezandipiti|Moonblast|p2a: Stackin Bucks\n|-damage|p2a: Stackin Bucks|0 fnt\n|faint|p2a: Stackin Bucks\n|\n|-weather|none\n|-heal|p1a: Fezandipiti|43\/100|[from] item: Leftovers\n|upkeep\n|\n|t:|1699228507\n|switch|p2a: Sick Treads|Iron Treads|100\/100\n|-damage|p2a: Sick Treads|97\/100|[from] Stealth Rock\n|-enditem|p2a: Sick Treads|Booster Energy\n|-activate|p2a: Sick Treads|ability: Quark Drive|[fromitem]\n|-start|p2a: Sick Treads|quarkdrivespe\n|turn|10\n|\n|t:|1699228529\n|switch|p1a: Quagsire|Quagsire, M|100\/100\n|move|p2a: Sick Treads|Earthquake|p1a: Quagsire\n|-damage|p1a: Quagsire|68\/100\n|\n|-heal|p1a: Quagsire|74\/100|[from] item: Leftovers\n|upkeep\n|turn|11\n|\n|t:|1699228551\n|-end|p2a: Sick Treads|Quark Drive|[silent]\n|switch|p2a: Mullet Mon|Scream Tail|91\/100 tox\n|-damage|p2a: Mullet Mon|78\/100 tox|[from] Stealth Rock\n|move|p1a: Quagsire|Surf|p2a: Mullet Mon\n|-damage|p2a: Mullet Mon|64\/100 tox\n|\n|-heal|p2a: Mullet Mon|70\/100 tox|[from] item: Leftovers\n|-heal|p1a: Quagsire|80\/100|[from] item: Leftovers\n|-damage|p2a: Mullet Mon|64\/100 tox|[from] psn\n|upkeep\n|turn|12\n|\n|t:|1699228589\n|move|p2a: Mullet Mon|Wish|p2a: Mullet Mon\n|move|p1a: Quagsire|Surf|p2a: Mullet Mon\n|-damage|p2a: Mullet Mon|49\/100 tox\n|\n|-heal|p2a: Mullet Mon|55\/100 tox|[from] item: Leftovers\n|-heal|p1a: Quagsire|86\/100|[from] item: Leftovers\n|-damage|p2a: Mullet Mon|43\/100 tox|[from] psn\n|upkeep\n|turn|13\n|\n|t:|1699228619\n|move|p2a: Mullet Mon|Play Rough|p1a: Quagsire\n|-damage|p1a: Quagsire|70\/100\n|move|p1a: Quagsire|Toxic|p2a: Mullet Mon\n|-fail|p2a: Mullet Mon|tox\n|\n|-heal|p2a: Mullet Mon|93\/100 tox|[from] move: Wish|[wisher] Mullet Mon\n|-heal|p2a: Mullet Mon|99\/100 tox|[from] item: Leftovers\n|-heal|p1a: Quagsire|76\/100|[from] item: Leftovers\n|-damage|p2a: Mullet Mon|80\/100 tox|[from] psn\n|upkeep\n|turn|14\n|\n|t:|1699228635\n|move|p2a: Mullet Mon|Wish|p2a: Mullet Mon\n|move|p1a: Quagsire|Toxic|p2a: Mullet Mon\n|-fail|p2a: Mullet Mon|tox\n|\n|-heal|p2a: Mullet Mon|86\/100 tox|[from] item: Leftovers\n|-heal|p1a: Quagsire|82\/100|[from] item: Leftovers\n|-damage|p2a: Mullet Mon|62\/100 tox|[from] psn\n|upkeep\n|turn|15\n|\n|t:|1699228644\n|-end|p2a: Mullet Mon|Protosynthesis|[silent]\n|switch|p2a: Walking Dub|Walking Wake|100\/100\n|-damage|p2a: Walking Dub|88\/100|[from] Stealth Rock\n|move|p1a: Quagsire|Toxic|p2a: Walking Dub\n|-status|p2a: Walking Dub|tox\n|\n|-heal|p2a: Walking Dub|100\/100 tox|[from] move: Wish|[wisher] Mullet Mon\n|-heal|p1a: Quagsire|89\/100|[from] item: Leftovers\n|-damage|p2a: Walking Dub|94\/100 tox|[from] psn\n|upkeep\n|turn|16\n|\n|t:|1699228651\n|switch|p1a: Blissey|Blissey, F|100\/100\n|move|p2a: Walking Dub|Draco Meteor|p1a: Blissey\n|-damage|p1a: Blissey|75\/100\n|-unboost|p2a: Walking Dub|spa|2\n|-enditem|p1a: Blissey|Eject Button\n|\n|t:|1699228671\n|switch|p1a: Fezandipiti|Fezandipiti, M|43\/100\n|\n|-heal|p1a: Fezandipiti|49\/100|[from] item: Leftovers\n|-damage|p2a: Walking Dub|82\/100 tox|[from] psn\n|upkeep\n|turn|17\n|\n|t:|1699228699\n|-end|p2a: Walking Dub|Protosynthesis|[silent]\n|switch|p2a: Sick Treads|Iron Treads|97\/100\n|-damage|p2a: Sick Treads|94\/100|[from] Stealth Rock\n|switch|p1a: Cinderace|Cinderace, F|100\/100\n|\n|upkeep\n|turn|18\n|\n|t:|1699228748\n|move|p1a: Cinderace|Pyro Ball|p2a: Sick Treads\n|-supereffective|p2a: Sick Treads\n|-damage|p2a: Sick Treads|0 fnt\n|faint|p2a: Sick Treads\n|-end|p2a: Sick Treads|Quark Drive|[silent]\n|\n|upkeep\n|\n|t:|1699228763\n|switch|p2a: Black Air Force|Charizard, F, shiny|100\/100\n|turn|19\n|\n|t:|1699228771\n|move|p1a: Cinderace|Taunt|p2a: Black Air Force\n|-start|p2a: Black Air Force|move: Taunt\n|cant|p2a: Black Air Force|move: Taunt|Dragon Dance\n|\n|upkeep\n|turn|20\n|\n|t:|1699228786\n|move|p1a: Cinderace|Super Fang|p2a: Black Air Force\n|-damage|p2a: Black Air Force|51\/100\n|move|p2a: Black Air Force|Earthquake|p1a: Cinderace\n|-supereffective|p1a: Cinderace\n|-damage|p1a: Cinderace|28\/100\n|\n|upkeep\n|turn|21\n|\n|t:|1699228814\n|switch|p2a: Mullet Mon|Scream Tail|62\/100 tox\n|-damage|p2a: Mullet Mon|49\/100 tox|[from] Stealth Rock\n|move|p1a: Cinderace|Pyro Ball|p2a: Mullet Mon\n|-damage|p2a: Mullet Mon|0 fnt\n|faint|p2a: Mullet Mon\n|-end|p2a: Mullet Mon|Protosynthesis|[silent]\n|\n|upkeep\n|\n|t:|1699228831\n|switch|p2a: Walking Dub|Walking Wake|82\/100 tox\n|-damage|p2a: Walking Dub|70\/100 tox|[from] Stealth Rock\n|turn|22\n|\n|t:|1699228846\n|switch|p1a: Blissey|Blissey, F|75\/100\n|move|p2a: Walking Dub|Hydro Steam|p1a: Blissey\n|-damage|p1a: Blissey|57\/100\n|\n|-damage|p2a: Walking Dub|63\/100 tox|[from] psn\n|upkeep\n|turn|23\n|\n|t:|1699228860\n|-end|p2a: Walking Dub|Protosynthesis|[silent]\n|switch|p2a: Lung Buster|Torkoal, F|60\/100\n|-damage|p2a: Lung Buster|35\/100|[from] Stealth Rock\n|-weather|SunnyDay|[from] ability: Drought|[of] p2a: Lung Buster\n|move|p1a: Blissey|Soft-Boiled|p1a: Blissey\n|-heal|p1a: Blissey|100\/100\n|\n|-weather|SunnyDay|[upkeep]\n|upkeep\n|turn|24\n|\n|t:|1699228883\n|switch|p1a: Dragapult|Dragapult, F|100\/100\n|move|p2a: Lung Buster|Yawn|p1a: Dragapult\n|-start|p1a: Dragapult|move: Yawn|[of] p2a: Lung Buster\n|\n|-weather|SunnyDay|[upkeep]\n|upkeep\n|turn|25\n|\n|t:|1699228923\n|switch|p1a: Quagsire|Quagsire, M|89\/100\n|move|p2a: Lung Buster|Yawn|p1a: Quagsire\n|-start|p1a: Quagsire|move: Yawn|[of] p2a: Lung Buster\n|\n|-weather|SunnyDay|[upkeep]\n|-heal|p1a: Quagsire|95\/100|[from] item: Leftovers\n|upkeep\n|turn|26\n|\n|t:|1699228928\n|switch|p1a: Dragapult|Dragapult, F|100\/100\n|move|p2a: Lung Buster|Solar Beam||[still]\n|-prepare|p2a: Lung Buster|Solar Beam\n|-anim|p2a: Lung Buster|Solar Beam|p1a: Dragapult\n|-resisted|p1a: Dragapult\n|-damage|p1a: Dragapult|85\/100\n|\n|-weather|SunnyDay|[upkeep]\n|upkeep\n|turn|27\n|\n|t:|1699228960\n|move|p1a: Dragapult|Shadow Ball|p2a: Lung Buster\n|-damage|p2a: Lung Buster|0 fnt\n|faint|p2a: Lung Buster\n|\n|-weather|none\n|upkeep\n|\n|t:|1699228970\n|switch|p2a: Walking Dub|Walking Wake|63\/100 tox\n|-damage|p2a: Walking Dub|51\/100 tox|[from] Stealth Rock\n|turn|28\n|\n|t:|1699228986\n|switch|p1a: Quagsire|Quagsire, M|95\/100\n|move|p2a: Walking Dub|Draco Meteor|p1a: Quagsire\n|-damage|p1a: Quagsire|12\/100\n|-unboost|p2a: Walking Dub|spa|2\n|\n|-heal|p1a: Quagsire|19\/100|[from] item: Leftovers\n|-damage|p2a: Walking Dub|45\/100 tox|[from] psn\n|upkeep\n|turn|29\n|\n|t:|1699229004\n|-end|p2a: Walking Dub|Protosynthesis|[silent]\n|switch|p2a: Black Air Force|Charizard, F, shiny|51\/100\n|switch|p1a: Blissey|Blissey, F|100\/100\n|\n|upkeep\n|turn|30\n|\n|t:|1699229014\n|-terastallize|p2a: Black Air Force|Ground\n|move|p2a: Black Air Force|Dragon Dance|p2a: Black Air Force\n|-boost|p2a: Black Air Force|atk|1\n|-boost|p2a: Black Air Force|spe|1\n|move|p1a: Blissey|Seismic Toss|p2a: Black Air Force\n|-damage|p2a: Black Air Force|17\/100\n|\n|upkeep\n|turn|31\n|\n|t:|1699229025\n|move|p2a: Black Air Force|Fire Punch|p1a: Blissey\n|-damage|p1a: Blissey|37\/100\n|move|p1a: Blissey|Seismic Toss|p2a: Black Air Force\n|-damage|p2a: Black Air Force|0 fnt\n|faint|p2a: Black Air Force\n|\n|upkeep\n|\n|t:|1699229031\n|switch|p2a: Walking Dub|Walking Wake|45\/100 tox\n|-damage|p2a: Walking Dub|32\/100 tox|[from] Stealth Rock\n|turn|32\n|\n|t:|1699229035\n|move|p2a: Walking Dub|Draco Meteor|p1a: Blissey\n|-damage|p1a: Blissey|11\/100\n|-unboost|p2a: Walking Dub|spa|2\n|move|p1a: Blissey|Seismic Toss|p2a: Walking Dub\n|-damage|p2a: Walking Dub|3\/100 tox\n|\n|-damage|p2a: Walking Dub|0 fnt|[from] psn\n|faint|p2a: Walking Dub\n|-end|p2a: Walking Dub|Protosynthesis|[silent]\n|\n|win|bsball8806\n|upkeep\n","uploadtime":1699229040,"views":10,"p1id":"bsball8806","p2id":"thejuicyjake","formatid":"gen9ubers","rating":0,"private":0,"password":""}