{"id":"gen9ubers-1985901289","p1":"portobellomushroom","p2":"Vholtninja","format":"[Gen 9] Ubers","log":"|j|\u2606portobellomushroom\n|j|\u2606Vholtninja\n|t:|1699419788\n|gametype|singles\n|player|p1|portobellomushroom|cynthia|\n|player|p2|Vholtninja|serena-masters2|\n|teamsize|p1|6\n|teamsize|p2|6\n|gen|9\n|tier|[Gen 9] Ubers\n|rule|Sleep Clause Mod: Limit one foe put to sleep\n|rule|Species Clause: Limit one of each Pok\u00e9mon\n|rule|OHKO Clause: OHKO moves are banned\n|rule|Evasion Items Clause: Evasion items are banned\n|rule|Evasion Moves Clause: Evasion moves are banned\n|rule|Endless Battle Clause: Forcing endless battles is banned\n|rule|HP Percentage Mod: HP is shown in percentages\n|clearpoke\n|poke|p1|Cutiefly, F|\n|poke|p1|Urshifu-*, F|\n|poke|p1|Landorus, M|\n|poke|p1|Arceus-Ghost|\n|poke|p1|Slowking-Galar, F|\n|poke|p1|Baxcalibur, M|\n|poke|p2|Roaring Moon|\n|poke|p2|Cyclizar, M|\n|poke|p2|Zacian-*|\n|poke|p2|Magearna-Original|\n|poke|p2|Urshifu-*, M|\n|poke|p2|Volcarona, F|\n|teampreview\n|c|\u2606Vholtninja|glhf\n|c|\u2606portobellomushroom|gl hf\n|\n|t:|1699419811\n|start\n|switch|p1a: smol \ud83c\udd71\ufe0f|Cutiefly, F|100\/100\n|switch|p2a: Volcarona|Volcarona, F|100\/100\n|turn|1\n|\n|t:|1699419816\n|move|p2a: Volcarona|Quiver Dance|p2a: Volcarona\n|-boost|p2a: Volcarona|spa|1\n|-boost|p2a: Volcarona|spd|1\n|-boost|p2a: Volcarona|spe|1\n|move|p1a: smol \ud83c\udd71\ufe0f|Sticky Web|p2a: Volcarona\n|-sidestart|p2: Vholtninja|move: Sticky Web\n|\n|upkeep\n|turn|2\n|\n|t:|1699419827\n|move|p2a: Volcarona|Quiver Dance|p2a: Volcarona\n|-boost|p2a: Volcarona|spa|1\n|-boost|p2a: Volcarona|spd|1\n|-boost|p2a: Volcarona|spe|1\n|move|p1a: smol \ud83c\udd71\ufe0f|Stun Spore|p2a: Volcarona\n|-status|p2a: Volcarona|par\n|\n|upkeep\n|turn|3\n|\n|t:|1699419833\n|move|p2a: Volcarona|Quiver Dance|p2a: Volcarona\n|-boost|p2a: Volcarona|spa|1\n|-boost|p2a: Volcarona|spd|1\n|-boost|p2a: Volcarona|spe|1\n|move|p1a: smol \ud83c\udd71\ufe0f|U-turn|p2a: Volcarona\n|-resisted|p2a: Volcarona\n|-damage|p2a: Volcarona|95\/100 par\n|\n|t:|1699419837\n|switch|p1a: glowking|Slowking-Galar, F|100\/100|[from] U-turn\n|\n|upkeep\n|turn|4\n|\n|t:|1699419844\n|cant|p2a: Volcarona|par\n|move|p1a: glowking|Future Sight|p2a: Volcarona\n|-start|p1a: glowking|move: Future Sight\n|\n|upkeep\n|turn|5\n|\n|t:|1699419849\n|move|p2a: Volcarona|Quiver Dance|p2a: Volcarona\n|-boost|p2a: Volcarona|spa|1\n|-boost|p2a: Volcarona|spd|1\n|-boost|p2a: Volcarona|spe|1\n|move|p1a: glowking|Sludge Bomb|p2a: Volcarona\n|-damage|p2a: Volcarona|84\/100 par\n|\n|upkeep\n|turn|6\n|\n|t:|1699419857\n|switch|p1a: smol \ud83c\udd71\ufe0f|Cutiefly, F|100\/100\n|move|p2a: Volcarona|Quiver Dance|p2a: Volcarona\n|-boost|p2a: Volcarona|spa|1\n|-boost|p2a: Volcarona|spd|1\n|-boost|p2a: Volcarona|spe|1\n|\n|-end|p2a: Volcarona|move: Future Sight\n|-damage|p2a: Volcarona|71\/100 par\n|upkeep\n|turn|7\n|\n|t:|1699419861\n|switch|p1a: glowking|Slowking-Galar, F|100\/100\n|move|p2a: Volcarona|Morning Sun|p2a: Volcarona\n|-heal|p2a: Volcarona|100\/100 par\n|\n|upkeep\n|turn|8\n|\n|t:|1699419866\n|move|p2a: Volcarona|Quiver Dance|p2a: Volcarona\n|-boost|p2a: Volcarona|spa|1\n|-boost|p2a: Volcarona|spd|1\n|-boost|p2a: Volcarona|spe|1\n|move|p1a: glowking|Future Sight|p2a: Volcarona\n|-start|p1a: glowking|move: Future Sight\n|\n|upkeep\n|turn|9\n|\n|t:|1699419869\n|move|p2a: Volcarona|Bug Buzz|p1a: glowking\n|-damage|p1a: glowking|3\/100\n|-enditem|p1a: glowking|Red Card|[of] p2a: Volcarona\n|drag|p2a: Roaring Moon|Roaring Moon|100\/100\n|-activate|p2a: Roaring Moon|move: Sticky Web\n|-unboost|p2a: Roaring Moon|spe|1\n|-enditem|p2a: Roaring Moon|Booster Energy\n|-activate|p2a: Roaring Moon|ability: Protosynthesis|[fromitem]\n|-start|p2a: Roaring Moon|protosynthesisatk\n|move|p1a: glowking|Sludge Bomb|p2a: Roaring Moon\n|-damage|p2a: Roaring Moon|67\/100\n|-status|p2a: Roaring Moon|psn\n|\n|-damage|p2a: Roaring Moon|55\/100 psn|[from] psn\n|upkeep\n|turn|10\n|\n|t:|1699419890\n|switch|p1a: that one anime|Urshifu, F|100\/100\n|move|p2a: Roaring Moon|Dragon Claw|p1a: that one anime\n|-damage|p1a: that one anime|40\/100\n|\n|-end|p2a: Roaring Moon|move: Future Sight\n|-immune|p2a: Roaring Moon\n|-damage|p2a: Roaring Moon|42\/100 psn|[from] psn\n|upkeep\n|turn|11\n|\n|t:|1699419903\n|move|p1a: that one anime|Wicked Blow|p2a: Roaring Moon\n|-resisted|p2a: Roaring Moon\n|-crit|p2a: Roaring Moon\n|-damage|p2a: Roaring Moon|0 fnt\n|faint|p2a: Roaring Moon\n|-end|p2a: Roaring Moon|Protosynthesis|[silent]\n|\n|upkeep\n|\n|t:|1699419908\n|switch|p2a: A clock?|Magearna-Original|100\/100\n|-activate|p2a: A clock?|move: Sticky Web\n|-unboost|p2a: A clock?|spe|1\n|turn|12\n|\n|t:|1699419927\n|switch|p1a: smol \ud83c\udd71\ufe0f|Cutiefly, F|100\/100\n|move|p2a: A clock?|Spikes|p1a: smol \ud83c\udd71\ufe0f\n|-sidestart|p1: portobellomushroom|Spikes\n|\n|upkeep\n|turn|13\n|\n|t:|1699419936\n|move|p1a: smol \ud83c\udd71\ufe0f|Stun Spore|p2a: A clock?\n|-status|p2a: A clock?|par\n|move|p2a: A clock?|Volt Switch|p1a: smol \ud83c\udd71\ufe0f\n|-damage|p1a: smol \ud83c\udd71\ufe0f|54\/100\n|\n|t:|1699419943\n|switch|p2a: Cyclizar|Cyclizar, M|100\/100|[from] Volt Switch\n|-activate|p2a: Cyclizar|move: Sticky Web\n|-unboost|p2a: Cyclizar|spe|1\n|\n|upkeep\n|turn|14\n|\n|t:|1699419952\n|move|p1a: smol \ud83c\udd71\ufe0f|Stun Spore|p2a: Cyclizar\n|-status|p2a: Cyclizar|par\n|move|p2a: Cyclizar|Shed Tail|p2a: Cyclizar\n|-start|p2a: Cyclizar|Substitute|[from] move: Shed Tail\n|-damage|p2a: Cyclizar|50\/100 par\n|-enditem|p2a: Cyclizar|Sitrus Berry|[eat]\n|-heal|p2a: Cyclizar|75\/100 par|[from] item: Sitrus Berry\n|\n|t:|1699419958\n|switch|p2a: Urshifu|Urshifu, M|100\/100|[from] Shed Tail\n|-activate|p2a: Urshifu|move: Sticky Web\n|-unboost|p2a: Urshifu|spe|1\n|\n|upkeep\n|turn|15\n|\n|t:|1699419964\n|move|p1a: smol \ud83c\udd71\ufe0f|U-turn|p2a: Urshifu\n|-activate|p2a: Urshifu|move: Substitute|[damage]\n|\n|t:|1699419969\n|switch|p1a: glowking|Slowking-Galar, F|37\/100|[from] U-turn\n|-damage|p1a: glowking|24\/100|[from] Spikes\n|move|p2a: Urshifu|Swords Dance|p2a: Urshifu\n|-boost|p2a: Urshifu|atk|2\n|\n|upkeep\n|turn|16\n|\n|t:|1699419972\n|move|p2a: Urshifu|Wicked Blow|p1a: glowking\n|-supereffective|p1a: glowking\n|-crit|p1a: glowking\n|-damage|p1a: glowking|0 fnt\n|faint|p1a: glowking\n|-damage|p2a: Urshifu|91\/100|[from] item: Life Orb\n|\n|upkeep\n|\n|t:|1699419975\n|switch|p1a: that one anime|Urshifu, F|40\/100\n|-damage|p1a: that one anime|28\/100|[from] Spikes\n|turn|17\n|\n|t:|1699419983\n|move|p1a: that one anime|Close Combat|p2a: Urshifu\n|-supereffective|p2a: Urshifu\n|-end|p2a: Urshifu|Substitute\n|-unboost|p1a: that one anime|def|1\n|-unboost|p1a: that one anime|spd|1\n|move|p2a: Urshifu|Wicked Blow|p1a: that one anime\n|-resisted|p1a: that one anime\n|-crit|p1a: that one anime\n|-damage|p1a: that one anime|0 fnt\n|faint|p1a: that one anime\n|-damage|p2a: Urshifu|81\/100|[from] item: Life Orb\n|\n|upkeep\n|inactive|Battle timer is ON: inactive players will automatically lose when time's up. (requested by Vholtninja)\n|\n|t:|1699420044\n|switch|p1a: October 2|Arceus-Ghost|100\/100\n|-damage|p1a: October 2|88\/100|[from] Spikes\n|turn|18\n|\n|t:|1699420052\n|-terastallize|p1a: October 2|Normal\n|move|p2a: Urshifu|Sucker Punch||[still]\n|-fail|p2a: Urshifu\n|move|p1a: October 2|Swords Dance|p1a: October 2\n|-boost|p1a: October 2|atk|2\n|\n|upkeep\n|turn|19\n|\n|t:|1699420061\n|move|p1a: October 2|Extreme Speed|p2a: Urshifu\n|-damage|p2a: Urshifu|0 fnt\n|faint|p2a: Urshifu\n|\n|upkeep\n|\n|t:|1699420070\n|switch|p2a: Zacian|Zacian, shiny|100\/100\n|-activate|p2a: Zacian|move: Sticky Web\n|-unboost|p2a: Zacian|spe|1\n|-ability|p2a: Zacian|Intrepid Sword|boost\n|-boost|p2a: Zacian|atk|1\n|turn|20\n|\n|t:|1699420077\n|move|p1a: October 2|Extreme Speed|p2a: Zacian\n|-damage|p2a: Zacian|27\/100\n|move|p2a: Zacian|Close Combat|p1a: October 2\n|-supereffective|p1a: October 2\n|-damage|p1a: October 2|0 fnt\n|-unboost|p2a: Zacian|def|1\n|-unboost|p2a: Zacian|spd|1\n|faint|p1a: October 2\n|\n|upkeep\n|\n|t:|1699420100\n|switch|p1a: true landorus|Landorus, M|100\/100\n|turn|21\n|\n|t:|1699420107\n|switch|p2a: Cyclizar|Cyclizar, M|100\/100 par\n|-activate|p2a: Cyclizar|move: Sticky Web\n|-unboost|p2a: Cyclizar|spe|1\n|move|p1a: true landorus|Earth Power|p2a: Cyclizar\n|-damage|p2a: Cyclizar|0 fnt\n|faint|p2a: Cyclizar\n|\n|upkeep\n|\n|t:|1699420110\n|switch|p2a: Volcarona|Volcarona, F|100\/100 par\n|turn|22\n|\n|t:|1699420114\n|move|p1a: true landorus|Earth Power|p2a: Volcarona\n|-damage|p2a: Volcarona|19\/100 par\n|cant|p2a: Volcarona|par\n|\n|upkeep\n|turn|23\n|\n|t:|1699420118\n|move|p1a: true landorus|Earth Power|p2a: Volcarona\n|-damage|p2a: Volcarona|0 fnt\n|faint|p2a: Volcarona\n|\n|upkeep\n|\n|t:|1699420122\n|switch|p2a: Zacian|Zacian, shiny|27\/100\n|-activate|p2a: Zacian|move: Sticky Web\n|-unboost|p2a: Zacian|spe|1\n|turn|24\n|\n|t:|1699420133\n|-terastallize|p2a: Zacian|Steel\n|move|p2a: Zacian|Iron Head|p1a: true landorus\n|-damage|p1a: true landorus|51\/100\n|move|p1a: true landorus|Earth Power|p2a: Zacian\n|-supereffective|p2a: Zacian\n|-damage|p2a: Zacian|0 fnt\n|faint|p2a: Zacian\n|\n|upkeep\n|\n|t:|1699420139\n|switch|p2a: A clock?|Magearna-Original|100\/100 par\n|-activate|p2a: A clock?|move: Sticky Web\n|-unboost|p2a: A clock?|spe|1\n|turn|25\n|\n|t:|1699420141\n|move|p1a: true landorus|Earth Power|p2a: A clock?\n|-supereffective|p2a: A clock?\n|-damage|p2a: A clock?|8\/100 par\n|move|p2a: A clock?|Fleur Cannon|p1a: true landorus\n|-damage|p1a: true landorus|0 fnt\n|-unboost|p2a: A clock?|spa|2\n|faint|p1a: true landorus\n|-ability|p2a: A clock?|Soul-Heart|boost\n|-boost|p2a: A clock?|spa|1\n|\n|-heal|p2a: A clock?|14\/100 par|[from] item: Leftovers\n|upkeep\n|\n|t:|1699420145\n|switch|p1a: sheisty shamone|Baxcalibur, M|100\/100\n|-damage|p1a: sheisty shamone|88\/100|[from] Spikes\n|turn|26\n|\n|t:|1699420153\n|move|p1a: sheisty shamone|Earthquake|p2a: A clock?\n|-supereffective|p2a: A clock?\n|-damage|p2a: A clock?|0 fnt\n|faint|p2a: A clock?\n|\n|win|portobellomushroom\n|c|\u2606portobellomushroom|gg\n|c|\u2606Vholtninja|gg\n","uploadtime":1699420160,"views":61,"p1id":"portobellomushroom","p2id":"vholtninja","formatid":"gen9ubers","rating":0,"private":0,"password":""}