{"id":"gen9ubers-1969803750","p1":"AstralGenesis","p2":"EpicGamer069420","format":"[Gen 9] Ubers","log":"|j|\u2606AstralGenesis\n|j|\u2606EpicGamer069420\n|t:|1697566617\n|gametype|singles\n|player|p1|AstralGenesis|acetrainer|1491\n|player|p2|EpicGamer069420|lucas|1538\n|teamsize|p1|6\n|teamsize|p2|6\n|gen|9\n|tier|[Gen 9] Ubers\n|rated|\n|rule|Sleep Clause Mod: Limit one foe put to sleep\n|rule|Species Clause: Limit one of each Pok\u00e9mon\n|rule|OHKO Clause: OHKO moves are banned\n|rule|Evasion Items Clause: Evasion items are banned\n|rule|Evasion Moves Clause: Evasion moves are banned\n|rule|Endless Battle Clause: Forcing endless battles is banned\n|rule|HP Percentage Mod: HP is shown in percentages\n|clearpoke\n|poke|p1|Arceus|\n|poke|p1|Kyogre|\n|poke|p1|Koraidon|\n|poke|p1|Miraidon|\n|poke|p1|Groudon|\n|poke|p1|Calyrex-Ice|\n|poke|p2|Gliscor, M|\n|poke|p2|Miraidon|\n|poke|p2|Koraidon|\n|poke|p2|Arceus|\n|poke|p2|Clodsire, F|\n|poke|p2|Flutter Mane|\n|teampreview\n|inactive|Battle timer is ON: inactive players will automatically lose when time's up. (requested by EpicGamer069420)\n|inactive|AstralGenesis also wants the timer to be on.\n|\n|t:|1697566622\n|start\n|switch|p1a: Miraidon|Miraidon|100\/100\n|switch|p2a: Miraidon|Miraidon|100\/100\n|-fieldstart|move: Electric Terrain|[from] ability: Hadron Engine|[of] p2a: Miraidon\n|-activate|p1a: Miraidon|ability: Hadron Engine\n|turn|1\n|\n|t:|1697566631\n|move|p2a: Miraidon|Draco Meteor|p1a: Miraidon|[miss]\n|-miss|p2a: Miraidon|p1a: Miraidon\n|move|p1a: Miraidon|Draco Meteor|p2a: Miraidon\n|-supereffective|p2a: Miraidon\n|-damage|p2a: Miraidon|0 fnt\n|-unboost|p1a: Miraidon|spa|2\n|faint|p2a: Miraidon\n|\n|upkeep\n|c|\u2606EpicGamer069420|...\n|\n|t:|1697566642\n|switch|p2a: Flutter Mane|Flutter Mane|100\/100\n|turn|2\n|\n|t:|1697566648\n|move|p1a: Miraidon|U-turn|p2a: Flutter Mane\n|-resisted|p2a: Flutter Mane\n|-damage|p2a: Flutter Mane|94\/100\n|\n|t:|1697566654\n|switch|p1a: Calyrex|Calyrex-Ice|100\/100|[from] U-turn\n|-ability|p1a: Calyrex|As One\n|-ability|p1a: Calyrex|Unnerve\n|move|p2a: Flutter Mane|Moonblast|p1a: Calyrex\n|-damage|p1a: Calyrex|49\/100\n|\n|upkeep\n|turn|3\n|\n|t:|1697566660\n|move|p2a: Flutter Mane|Moonblast|p1a: Calyrex\n|-damage|p1a: Calyrex|1\/100\n|move|p1a: Calyrex|Glacial Lance|p2a: Flutter Mane\n|-damage|p2a: Flutter Mane|0 fnt\n|faint|p2a: Flutter Mane\n|-end|p2a: Flutter Mane|Protosynthesis|[silent]\n|-ability|p1a: Calyrex|Chilling Neigh|boost\n|-boost|p1a: Calyrex|atk|1\n|-damage|p1a: Calyrex|0 fnt|[from] item: Life Orb\n|faint|p1a: Calyrex\n|\n|upkeep\n|\n|t:|1697566685\n|switch|p2a: Koraidon|Koraidon|100\/100\n|switch|p1a: Miraidon|Miraidon|100\/100\n|-activate|p1a: Miraidon|ability: Hadron Engine\n|-weather|SunnyDay|[from] ability: Orichalcum Pulse|[of] p2a: Koraidon\n|-activate|p2a: Koraidon|Orichalcum Pulse|[source]\n|turn|4\n|\n|t:|1697566709\n|move|p2a: Koraidon|Outrage|p1a: Miraidon\n|-supereffective|p1a: Miraidon\n|-damage|p1a: Miraidon|0 fnt\n|faint|p1a: Miraidon\n|\n|-weather|SunnyDay|[upkeep]\n|upkeep\n|\n|t:|1697566717\n|switch|p1a: Kyogre|Kyogre|100\/100\n|-weather|RainDance|[from] ability: Drizzle|[of] p1a: Kyogre\n|turn|5\n|\n|t:|1697566720\n|move|p1a: Kyogre|Ice Beam|p2a: Koraidon\n|-supereffective|p2a: Koraidon\n|-damage|p2a: Koraidon|32\/100\n|move|p2a: Koraidon|Outrage|p1a: Kyogre|[from]lockedmove\n|-damage|p1a: Kyogre|34\/100\n|-start|p2a: Koraidon|confusion|[fatigue]\n|\n|-weather|RainDance|[upkeep]\n|-fieldend|move: Electric Terrain\n|upkeep\n|turn|6\n|\n|t:|1697566724\n|switch|p2a: Clodsire|Clodsire, F|100\/100\n|move|p1a: Kyogre|Ice Beam|p2a: Clodsire\n|-supereffective|p2a: Clodsire\n|-damage|p2a: Clodsire|66\/100\n|-status|p2a: Clodsire|frz\n|\n|-weather|RainDance|[upkeep]\n|upkeep\n|turn|7\n|c|\u2606AstralGenesis|my baf\n|c|\u2606AstralGenesis|bad*\n|\n|t:|1697566740\n|move|p1a: Kyogre|Ice Beam|p2a: Clodsire\n|-supereffective|p2a: Clodsire\n|-damage|p2a: Clodsire|28\/100 frz\n|cant|p2a: Clodsire|frz\n|\n|-weather|RainDance|[upkeep]\n|upkeep\n|turn|8\n|\n|t:|1697566742\n|move|p1a: Kyogre|Ice Beam|p2a: Clodsire\n|-supereffective|p2a: Clodsire\n|-damage|p2a: Clodsire|0 fnt\n|faint|p2a: Clodsire\n|\n|-weather|RainDance|[upkeep]\n|upkeep\n|\n|t:|1697566744\n|switch|p2a: Arceus|Arceus|100\/100\n|turn|9\n|\n|t:|1697566748\n|switch|p1a: Koraidon|Koraidon|100\/100\n|-weather|SunnyDay|[from] ability: Orichalcum Pulse|[of] p1a: Koraidon\n|-activate|p1a: Koraidon|Orichalcum Pulse|[source]\n|move|p2a: Arceus|Swords Dance|p2a: Arceus\n|-boost|p2a: Arceus|atk|2\n|\n|-weather|SunnyDay|[upkeep]\n|upkeep\n|turn|10\n|\n|t:|1697566755\n|-terastallize|p2a: Arceus|Ghost\n|move|p1a: Koraidon|Dragon Claw|p2a: Arceus\n|-damage|p2a: Arceus|38\/100\n|move|p2a: Arceus|Swords Dance|p2a: Arceus\n|-boost|p2a: Arceus|atk|2\n|\n|-weather|SunnyDay|[upkeep]\n|upkeep\n|turn|11\n|\n|t:|1697566760\n|move|p2a: Arceus|Extreme Speed|p1a: Koraidon\n|-damage|p1a: Koraidon|0 fnt\n|faint|p1a: Koraidon\n|\n|-weather|SunnyDay|[upkeep]\n|upkeep\n|\n|t:|1697566761\n|switch|p1a: Groudon|Groudon|100\/100\n|turn|12\n|\n|t:|1697566764\n|move|p2a: Arceus|Extreme Speed|p1a: Groudon\n|-damage|p1a: Groudon|10\/100\n|move|p1a: Groudon|Crunch|p2a: Arceus\n|-supereffective|p2a: Arceus\n|-damage|p2a: Arceus|0 fnt\n|faint|p2a: Arceus\n|\n|-weather|SunnyDay|[upkeep]\n|-heal|p1a: Groudon|16\/100|[from] item: Leftovers\n|upkeep\n|\n|t:|1697566792\n|switch|p2a: Gliscor|Gliscor, M|100\/100\n|turn|13\n|\n|t:|1697566809\n|move|p2a: Gliscor|Spikes|p1a: Groudon\n|-sidestart|p1: AstralGenesis|Spikes\n|move|p1a: Groudon|Spikes|p2a: Gliscor\n|-sidestart|p2: EpicGamer069420|Spikes\n|\n|-weather|none\n|-heal|p1a: Groudon|22\/100|[from] item: Leftovers\n|-status|p2a: Gliscor|tox|[from] item: Toxic Orb\n|upkeep\n|turn|14\n|\n|t:|1697566814\n|switch|p1a: Kyogre|Kyogre|34\/100\n|-damage|p1a: Kyogre|21\/100|[from] Spikes\n|-weather|RainDance|[from] ability: Drizzle|[of] p1a: Kyogre\n|move|p2a: Gliscor|Toxic|p1a: Kyogre\n|-status|p1a: Kyogre|tox\n|\n|-weather|RainDance|[upkeep]\n|-damage|p1a: Kyogre|15\/100 tox|[from] psn\n|upkeep\n|turn|15\n|\n|t:|1697566816\n|move|p2a: Gliscor|Protect|p2a: Gliscor\n|-singleturn|p2a: Gliscor|Protect\n|move|p1a: Kyogre|Ice Beam|p2a: Gliscor\n|-activate|p2a: Gliscor|move: Protect\n|\n|-weather|RainDance|[upkeep]\n|-damage|p1a: Kyogre|3\/100 tox|[from] psn\n|upkeep\n|turn|16\n|\n|t:|1697566832\n|switch|p2a: Koraidon|Koraidon|32\/100\n|-weather|SunnyDay|[from] ability: Orichalcum Pulse|[of] p2a: Koraidon\n|-activate|p2a: Koraidon|Orichalcum Pulse|[source]\n|move|p1a: Kyogre|Ice Beam|p2a: Koraidon\n|-supereffective|p2a: Koraidon\n|-damage|p2a: Koraidon|0 fnt\n|faint|p2a: Koraidon\n|\n|-weather|SunnyDay|[upkeep]\n|-damage|p1a: Kyogre|0 fnt|[from] psn\n|faint|p1a: Kyogre\n|upkeep\n|\n|t:|1697566843\n|switch|p2a: Gliscor|Gliscor, M|100\/100 tox\n|switch|p1a: Arceus|Arceus|100\/100\n|-damage|p1a: Arceus|88\/100|[from] Spikes\n|turn|17\n|\n|t:|1697566847\n|-terastallize|p1a: Arceus|Normal\n|move|p1a: Arceus|Extreme Speed|p2a: Gliscor\n|-damage|p2a: Gliscor|57\/100 tox\n|move|p2a: Gliscor|Toxic|p1a: Arceus\n|-status|p1a: Arceus|tox\n|\n|-weather|SunnyDay|[upkeep]\n|-damage|p1a: Arceus|82\/100 tox|[from] psn\n|-heal|p2a: Gliscor|70\/100 tox|[from] ability: Poison Heal\n|upkeep\n|turn|18\n|\n|t:|1697566853\n|move|p1a: Arceus|Dragon Dance|p1a: Arceus\n|-boost|p1a: Arceus|atk|1\n|-boost|p1a: Arceus|spe|1\n|move|p2a: Gliscor|Earthquake|p1a: Arceus\n|-damage|p1a: Arceus|58\/100 tox\n|\n|-weather|SunnyDay|[upkeep]\n|-damage|p1a: Arceus|46\/100 tox|[from] psn\n|-heal|p2a: Gliscor|82\/100 tox|[from] ability: Poison Heal\n|upkeep\n|turn|19\n|\n|t:|1697566860\n|move|p1a: Arceus|Dragon Dance|p1a: Arceus\n|-boost|p1a: Arceus|atk|1\n|-boost|p1a: Arceus|spe|1\n|move|p2a: Gliscor|Earthquake|p1a: Arceus\n|-damage|p1a: Arceus|22\/100 tox\n|\n|-weather|SunnyDay|[upkeep]\n|-damage|p1a: Arceus|4\/100 tox|[from] psn\n|-heal|p2a: Gliscor|95\/100 tox|[from] ability: Poison Heal\n|upkeep\n|turn|20\n|\n|t:|1697566862\n|move|p2a: Gliscor|Protect|p2a: Gliscor\n|-singleturn|p2a: Gliscor|Protect\n|move|p1a: Arceus|Extreme Speed|p2a: Gliscor\n|-activate|p2a: Gliscor|move: Protect\n|\n|-weather|none\n|-damage|p1a: Arceus|0 fnt|[from] psn\n|faint|p1a: Arceus\n|-heal|p2a: Gliscor|100\/100 tox|[from] ability: Poison Heal\n|upkeep\n|-message|AstralGenesis forfeited.\n|\n|win|EpicGamer069420\n|raw|AstralGenesis's rating: 1491 &rarr; <strong>1474<\/strong><br \/>(-17 for losing)\n|raw|EpicGamer069420's rating: 1538 &rarr; <strong>1555<\/strong><br \/>(+17 for winning)\n|l|\u2606AstralGenesis\n","uploadtime":1697566876,"views":9,"p1id":"astralgenesis","p2id":"epicgamer069420","formatid":"gen9ubers","rating":1474,"private":0,"password":""}