{"id":"gen9ubers-1997648372","p1":"Hanumantha","p2":"contila","format":"[Gen 9] Ubers","log":"|j|\u2606Hanumantha\n|j|\u2606contila\n|t:|1700837331\n|gametype|singles\n|player|p1|Hanumantha|shadowtriad|1047\n|player|p2|contila|parasollady-gen4|1000\n|teamsize|p1|6\n|teamsize|p2|6\n|gen|9\n|tier|[Gen 9] Ubers\n|rated|\n|rule|Sleep Clause Mod: Limit one foe put to sleep\n|rule|Species Clause: Limit one of each Pok\u00e9mon\n|rule|OHKO Clause: OHKO moves are banned\n|rule|Evasion Items Clause: Evasion items are banned\n|rule|Evasion Moves Clause: Evasion moves are banned\n|rule|Endless Battle Clause: Forcing endless battles is banned\n|rule|HP Percentage Mod: HP is shown in percentages\n|clearpoke\n|poke|p1|Koraidon|\n|poke|p1|Roaring Moon|\n|poke|p1|Annihilape, M|\n|poke|p1|Ogerpon-Hearthflame, F|\n|poke|p1|Ribombee, M|\n|poke|p1|Ceruledge, F|\n|poke|p2|Giratina-Origin|\n|poke|p2|Miraidon|\n|poke|p2|Koraidon|\n|poke|p2|Ribombee, F|\n|poke|p2|Zacian-*|\n|poke|p2|Great Tusk|\n|teampreview\n|inactive|Battle timer is ON: inactive players will automatically lose when time's up. (requested by Hanumantha)\n|inactive|Hanumantha has 120 seconds left.\n|inactive|contila has 120 seconds left.\n|inactive|Hanumantha has 90 seconds left.\n|\n|t:|1700837394\n|start\n|switch|p1a: Ribombee|Ribombee, M|100\/100\n|switch|p2a: Ribombee|Ribombee, F|100\/100\n|turn|1\n|\n|t:|1700837399\n|move|p1a: Ribombee|Stun Spore|p2a: Ribombee|[miss]\n|-miss|p1a: Ribombee|p2a: Ribombee\n|move|p2a: Ribombee|Sticky Web|p1a: Ribombee\n|-sidestart|p1: Hanumantha|move: Sticky Web\n|\n|upkeep\n|turn|2\n|\n|t:|1700837402\n|move|p1a: Ribombee|Sticky Web|p2a: Ribombee\n|-sidestart|p2: contila|move: Sticky Web\n|move|p2a: Ribombee|Moonblast|p1a: Ribombee\n|-damage|p1a: Ribombee|57\/100\n|\n|upkeep\n|turn|3\n|\n|t:|1700837406\n|move|p2a: Ribombee|Moonblast|p1a: Ribombee\n|-damage|p1a: Ribombee|13\/100\n|move|p1a: Ribombee|Moonblast|p2a: Ribombee\n|-damage|p2a: Ribombee|55\/100\n|\n|upkeep\n|turn|4\n|\n|t:|1700837409\n|move|p2a: Ribombee|Moonblast|p1a: Ribombee\n|-damage|p1a: Ribombee|0 fnt\n|faint|p1a: Ribombee\n|\n|upkeep\n|\n|t:|1700837433\n|switch|p1a: Koraidon|Koraidon|100\/100\n|-activate|p1a: Koraidon|move: Sticky Web\n|-unboost|p1a: Koraidon|spe|1\n|-weather|SunnyDay|[from] ability: Orichalcum Pulse|[of] p1a: Koraidon\n|-activate|p1a: Koraidon|Orichalcum Pulse|[source]\n|turn|5\n|inactive|contila has 120 seconds left.\n|\n|t:|1700837473\n|-terastallize|p1a: Koraidon|Fairy\n|move|p2a: Ribombee|Stun Spore|p1a: Koraidon\n|-status|p1a: Koraidon|par\n|move|p1a: Koraidon|Flame Charge|p2a: Ribombee\n|-supereffective|p2a: Ribombee\n|-damage|p2a: Ribombee|0 fnt\n|-boost|p1a: Koraidon|spe|1\n|faint|p2a: Ribombee\n|\n|-weather|SunnyDay|[upkeep]\n|upkeep\n|\n|t:|1700837485\n|switch|p2a: Great Tusk|Great Tusk|100\/100\n|-activate|p2a: Great Tusk|ability: Protosynthesis\n|-start|p2a: Great Tusk|protosynthesisdef\n|turn|6\n|\n|t:|1700837504\n|switch|p1a: Annihilape|Annihilape, M|100\/100\n|-activate|p1a: Annihilape|move: Sticky Web\n|-unboost|p1a: Annihilape|spe|1\n|-ability|p1a: Annihilape|Defiant|boost\n|-boost|p1a: Annihilape|atk|2\n|move|p2a: Great Tusk|Rapid Spin|p1a: Annihilape\n|-immune|p1a: Annihilape\n|\n|-weather|SunnyDay|[upkeep]\n|upkeep\n|turn|7\n|\n|t:|1700837510\n|move|p2a: Great Tusk|Stealth Rock|p1a: Annihilape\n|-sidestart|p1: Hanumantha|move: Stealth Rock\n|move|p1a: Annihilape|Bulk Up|p1a: Annihilape\n|-boost|p1a: Annihilape|atk|1\n|-boost|p1a: Annihilape|def|1\n|\n|-weather|SunnyDay|[upkeep]\n|upkeep\n|turn|8\n|\n|t:|1700837518\n|-end|p2a: Great Tusk|Protosynthesis|[silent]\n|switch|p2a: Giratina|Giratina-Origin|100\/100\n|move|p1a: Annihilape|Bulk Up|p1a: Annihilape\n|-boost|p1a: Annihilape|atk|1\n|-boost|p1a: Annihilape|def|1\n|\n|-weather|SunnyDay|[upkeep]\n|upkeep\n|turn|9\n|\n|t:|1700837522\n|move|p2a: Giratina|Shadow Ball|p1a: Annihilape\n|-supereffective|p1a: Annihilape\n|-damage|p1a: Annihilape|8\/100\n|-enditem|p1a: Annihilape|Sitrus Berry|[eat]\n|-heal|p1a: Annihilape|33\/100|[from] item: Sitrus Berry\n|move|p1a: Annihilape|Lash Out|p2a: Giratina\n|-supereffective|p2a: Giratina\n|-damage|p2a: Giratina|0 fnt\n|faint|p2a: Giratina\n|\n|-weather|SunnyDay|[upkeep]\n|upkeep\n|\n|t:|1700837529\n|switch|p2a: Miraidon|Miraidon|100\/100\n|-activate|p2a: Miraidon|move: Sticky Web\n|-unboost|p2a: Miraidon|spe|1\n|-fieldstart|move: Electric Terrain|[from] ability: Hadron Engine|[of] p2a: Miraidon\n|turn|10\n|\n|t:|1700837532\n|move|p2a: Miraidon|Electro Drift|p1a: Annihilape\n|-damage|p1a: Annihilape|0 fnt\n|faint|p1a: Annihilape\n|-damage|p2a: Miraidon|91\/100|[from] item: Life Orb\n|\n|-weather|SunnyDay|[upkeep]\n|upkeep\n|\n|t:|1700837536\n|switch|p1a: Koraidon|Koraidon, tera:Fairy|100\/100 par\n|-activate|p1a: Koraidon|move: Sticky Web\n|-unboost|p1a: Koraidon|spe|1\n|-damage|p1a: Koraidon|88\/100 par|[from] Stealth Rock\n|-activate|p1a: Koraidon|ability: Orichalcum Pulse\n|turn|11\n|\n|t:|1700837539\n|move|p2a: Miraidon|Volt Switch|p1a: Koraidon\n|-damage|p1a: Koraidon|2\/100 par\n|-damage|p2a: Miraidon|81\/100|[from] item: Life Orb\n|\n|t:|1700837542\n|switch|p2a: Great Tusk|Great Tusk|100\/100|[from] Volt Switch\n|-activate|p2a: Great Tusk|ability: Protosynthesis\n|-start|p2a: Great Tusk|protosynthesisdef\n|move|p1a: Koraidon|Collision Course|p2a: Great Tusk\n|-damage|p2a: Great Tusk|64\/100\n|\n|-weather|SunnyDay|[upkeep]\n|upkeep\n|turn|12\n|\n|t:|1700837548\n|move|p2a: Great Tusk|Rapid Spin|p1a: Koraidon\n|-damage|p1a: Koraidon|0 fnt\n|-boost|p2a: Great Tusk|spe|1\n|-sideend|p2: contila|Sticky Web|[from] move: Rapid Spin|[of] p2a: Great Tusk\n|faint|p1a: Koraidon\n|\n|-weather|none\n|-end|p2a: Great Tusk|Protosynthesis\n|upkeep\n|-message|Hanumantha forfeited.\n|\n|win|contila\n|raw|Hanumantha's rating: 1047 &rarr; <strong>1030<\/strong><br \/>(-17 for losing)\n|raw|contila's rating: 1040 &rarr; <strong>1075<\/strong><br \/>(+35 for winning)\n|l|\u2606Hanumantha\n","uploadtime":1700837556,"views":3,"p1id":"hanumantha","p2id":"contila","formatid":"gen9ubers","rating":1030,"private":0,"password":""}