{"id":"gen9ubers-1993198456","p1":"best dk","p2":"OTS Helpdesk","format":"[Gen 9] Ubers","log":"|j|\u2606best dk\n|j|\u2606OTS Helpdesk\n|t:|1700276928\n|gametype|singles\n|player|p1|best dk|170|\n|player|p2|OTS Helpdesk|2|\n|teamsize|p1|6\n|teamsize|p2|6\n|gen|9\n|tier|[Gen 9] Ubers\n|rule|Sleep Clause Mod: Limit one foe put to sleep\n|rule|Species Clause: Limit one of each Pok\u00e9mon\n|rule|OHKO Clause: OHKO moves are banned\n|rule|Evasion Items Clause: Evasion items are banned\n|rule|Evasion Moves Clause: Evasion moves are banned\n|rule|Endless Battle Clause: Forcing endless battles is banned\n|rule|HP Percentage Mod: HP is shown in percentages\n|clearpoke\n|poke|p1|Volcarona, M|\n|poke|p1|Rotom-Wash|\n|poke|p1|Clefable, F|\n|poke|p1|Hoopa-Unbound|\n|poke|p1|Mamoswine, F|\n|poke|p1|Overqwil, F|\n|poke|p2|Espathra, F|\n|poke|p2|Great Tusk|\n|poke|p2|Sawsbuck-Winter, M|\n|poke|p2|Muk-Alola, M|\n|poke|p2|Corviknight, M|\n|poke|p2|Hydreigon, F|\n|teampreview\n|c|\u2606best dk|gl\n|c|\u2606OTS Helpdesk|glhf\n|\n|t:|1700276965\n|start\n|switch|p1a: Big Pig|Mamoswine, F|100\/100\n|switch|p2a: Compensating|Great Tusk|100\/100\n|turn|1\n|j| butter dk\n|c| butter dk|new lex just dropped\n|j| pbrake12\n|\n|t:|1700277006\n|-end|p2a: Compensating|Protosynthesis|[silent]\n|switch|p2a: I like big Muks...|Muk-Alola, M|100\/100\n|move|p1a: Big Pig|Icicle Crash|p2a: I like big Muks...\n|-damage|p2a: I like big Muks...|47\/100\n|\n|-heal|p2a: I like big Muks...|53\/100|[from] item: Black Sludge\n|upkeep\n|turn|2\n|\n|t:|1700277019\n|move|p2a: I like big Muks...|Protect|p2a: I like big Muks...\n|-singleturn|p2a: I like big Muks...|Protect\n|move|p1a: Big Pig|Icicle Crash|p2a: I like big Muks...\n|-activate|p2a: I like big Muks...|move: Protect\n|\n|-heal|p2a: I like big Muks...|59\/100|[from] item: Black Sludge\n|upkeep\n|turn|3\n|\n|t:|1700277026\n|move|p1a: Big Pig|Stealth Rock|p2a: I like big Muks...\n|-sidestart|p2: OTS Helpdesk|move: Stealth Rock\n|move|p2a: I like big Muks...|Drain Punch|p1a: Big Pig\n|-supereffective|p1a: Big Pig\n|-damage|p1a: Big Pig|60\/100\n|-heal|p2a: I like big Muks...|77\/100|[from] drain|[of] p1a: Big Pig\n|-status|p1a: Big Pig|psn|[from] ability: Poison Touch|[of] p2a: I like big Muks...\n|\n|-heal|p2a: I like big Muks...|83\/100|[from] item: Black Sludge\n|-damage|p1a: Big Pig|47\/100 psn|[from] psn\n|upkeep\n|turn|4\n|c| butter dk|damn we even gave jared the deaft w sawsbuck\n|\n|t:|1700277051\n|switch|p1a: Q from 3rd Strike|Overqwil, F, shiny|100\/100\n|-ability|p1a: Q from 3rd Strike|Intimidate|boost\n|-unboost|p2a: I like big Muks...|atk|1\n|move|p2a: I like big Muks...|Knock Off|p1a: Q from 3rd Strike\n|-resisted|p1a: Q from 3rd Strike\n|-damage|p1a: Q from 3rd Strike|92\/100\n|-enditem|p1a: Q from 3rd Strike|Leftovers|[from] move: Knock Off|[of] p2a: I like big Muks...\n|\n|-heal|p2a: I like big Muks...|89\/100|[from] item: Black Sludge\n|upkeep\n|turn|5\n|\n|t:|1700277078\n|move|p1a: Q from 3rd Strike|Spikes|p2a: I like big Muks...\n|-sidestart|p2: OTS Helpdesk|Spikes\n|move|p2a: I like big Muks...|Drain Punch|p1a: Q from 3rd Strike\n|-crit|p1a: Q from 3rd Strike\n|-damage|p1a: Q from 3rd Strike|73\/100\n|-heal|p2a: I like big Muks...|97\/100|[from] drain|[of] p1a: Q from 3rd Strike\n|\n|-heal|p2a: I like big Muks...|100\/100|[from] item: Black Sludge\n|upkeep\n|turn|6\n|c|\u2606best dk|jared did not bring what I expected\n|c|\u2606OTS Helpdesk|I looked at the mons with the big numbers\n|c|\u2606OTS Helpdesk|and sawsbuck\n|\n|t:|1700277125\n|switch|p1a: Tricot Appliance|Rotom-Wash|100\/100\n|switch|p2a: Compensating|Great Tusk|100\/100\n|-damage|p2a: Compensating|98\/100|[from] Stealth Rock\n|-damage|p2a: Compensating|85\/100|[from] Spikes\n|\n|-heal|p2a: Compensating|91\/100|[from] item: Leftovers\n|upkeep\n|turn|7\n|c| butter dk|he brought 3 heads instead of 6\n|\n|t:|1700277180\n|-end|p2a: Compensating|Protosynthesis|[silent]\n|switch|p2a: Donner|Sawsbuck-Winter, M|100\/100\n|-damage|p2a: Donner|88\/100|[from] Stealth Rock\n|-damage|p2a: Donner|76\/100|[from] Spikes\n|move|p1a: Tricot Appliance|Hydro Pump|p2a: Donner\n|-resisted|p2a: Donner\n|-damage|p2a: Donner|48\/100\n|\n|upkeep\n|turn|8\n|\n|t:|1700277195\n|switch|p1a: Q from 3rd Strike|Overqwil, F, shiny|73\/100\n|-ability|p1a: Q from 3rd Strike|Intimidate|boost\n|-unboost|p2a: Donner|atk|1\n|move|p2a: Donner|Headbutt|p1a: Q from 3rd Strike\n|-damage|p1a: Q from 3rd Strike|57\/100\n|\n|upkeep\n|turn|9\n|c|\u2606best dk|LOL\n|c| butter dk|get heabutt\n|c|\u2606OTS Helpdesk|bonk\n|\n|t:|1700277218\n|move|p2a: Donner|Headbutt|p1a: Q from 3rd Strike\n|-damage|p1a: Q from 3rd Strike|40\/100\n|cant|p1a: Q from 3rd Strike|flinch\n|\n|upkeep\n|turn|10\n|c| butter dk|me when i GET YOU\n|\n|t:|1700277247\n|switch|p1a: Bugbert|Volcarona, M, shiny|100\/100\n|move|p2a: Donner|Headbutt|p1a: Bugbert\n|-damage|p1a: Bugbert|78\/100\n|\n|upkeep\n|turn|11\n|\n|t:|1700277255\n|-terastallize|p1a: Bugbert|Steel\n|move|p2a: Donner|Headbutt|p1a: Bugbert\n|-resisted|p1a: Bugbert\n|-damage|p1a: Bugbert|66\/100\n|-status|p2a: Donner|brn|[from] ability: Flame Body|[of] p1a: Bugbert\n|move|p1a: Bugbert|Quiver Dance|p1a: Bugbert\n|-boost|p1a: Bugbert|spa|1\n|-boost|p1a: Bugbert|spd|1\n|-boost|p1a: Bugbert|spe|1\n|\n|-damage|p2a: Donner|42\/100 brn|[from] brn\n|upkeep\n|turn|12\n|\n|t:|1700277268\n|switch|p2a: Compensating|Great Tusk|91\/100\n|-damage|p2a: Compensating|88\/100|[from] Stealth Rock\n|-damage|p2a: Compensating|76\/100|[from] Spikes\n|move|p1a: Bugbert|Quiver Dance|p1a: Bugbert\n|-boost|p1a: Bugbert|spa|1\n|-boost|p1a: Bugbert|spd|1\n|-boost|p1a: Bugbert|spe|1\n|\n|-heal|p2a: Compensating|82\/100|[from] item: Leftovers\n|upkeep\n|turn|13\n|\n|t:|1700277283\n|move|p1a: Bugbert|Giga Drain|p2a: Compensating\n|-supereffective|p2a: Compensating\n|-damage|p2a: Compensating|0 fnt\n|-heal|p1a: Bugbert|100\/100|[from] drain|[of] p2a: Compensating\n|faint|p2a: Compensating\n|-end|p2a: Compensating|Protosynthesis|[silent]\n|\n|upkeep\n|c|\u2606best dk|ggs\n|c|\u2606OTS Helpdesk|rough\n|c| butter dk|damn bm ggs\n|c| pbrake12|woooow\n|\n|t:|1700277305\n|switch|p2a: Foxy Cleopathra|Espathra, F|100\/100\n|-damage|p2a: Foxy Cleopathra|88\/100|[from] Stealth Rock\n|-damage|p2a: Foxy Cleopathra|76\/100|[from] Spikes\n|turn|14\n|c|\u2606best dk|im tryna make it into his epic magikarp sweep vid\n|\n|t:|1700277328\n|move|p1a: Bugbert|Flamethrower|p2a: Foxy Cleopathra\n|-damage|p2a: Foxy Cleopathra|0 fnt\n|faint|p2a: Foxy Cleopathra\n|\n|upkeep\n|\n|t:|1700277333\n|switch|p2a: Avian Saber|Corviknight, M, shiny|100\/100\n|-damage|p2a: Avian Saber|88\/100|[from] Stealth Rock\n|-ability|p2a: Avian Saber|Pressure\n|turn|15\n|\n|t:|1700277338\n|move|p1a: Bugbert|Flamethrower|p2a: Avian Saber\n|-supereffective|p2a: Avian Saber\n|-damage|p2a: Avian Saber|0 fnt\n|faint|p2a: Avian Saber\n|\n|upkeep\n|j| applebottombruhs\n|\n|t:|1700277343\n|switch|p2a: I like big Muks...|Muk-Alola, M|100\/100\n|-damage|p2a: I like big Muks...|88\/100|[from] Stealth Rock\n|-damage|p2a: I like big Muks...|76\/100|[from] Spikes\n|turn|16\n|\n|t:|1700277354\n|move|p2a: I like big Muks...|Protect|p2a: I like big Muks...\n|-singleturn|p2a: I like big Muks...|Protect\n|move|p1a: Bugbert|Bug Buzz|p2a: I like big Muks...\n|-activate|p2a: I like big Muks...|move: Protect\n|\n|-heal|p2a: I like big Muks...|82\/100|[from] item: Black Sludge\n|upkeep\n|turn|17\n|c| butter dk|muk eats this up\n|c| applebottombruhs|u r a cheater\n|c|\u2606best dk|he does damn\n|l| applebottombruhs\n|\n|t:|1700277365\n|move|p1a: Bugbert|Bug Buzz|p2a: I like big Muks...\n|-damage|p2a: I like big Muks...|19\/100\n|move|p2a: I like big Muks...|Drain Punch|p1a: Bugbert\n|-supereffective|p1a: Bugbert\n|-damage|p1a: Bugbert|62\/100\n|-heal|p2a: I like big Muks...|35\/100|[from] drain|[of] p1a: Bugbert\n|\n|-heal|p2a: I like big Muks...|41\/100|[from] item: Black Sludge\n|upkeep\n|turn|18\n|c| butter dk|yummy\n|\n|t:|1700277375\n|move|p2a: I like big Muks...|Protect|p2a: I like big Muks...\n|-singleturn|p2a: I like big Muks...|Protect\n|move|p1a: Bugbert|Quiver Dance|p1a: Bugbert\n|-boost|p1a: Bugbert|spa|1\n|-boost|p1a: Bugbert|spd|1\n|-boost|p1a: Bugbert|spe|1\n|\n|-heal|p2a: I like big Muks...|47\/100|[from] item: Black Sludge\n|upkeep\n|turn|19\n|j| applebottombruhs\n|c| pbrake12|aint nothing for him\n|c| applebottombruhs|i was just kidding\n|\n|t:|1700277385\n|move|p1a: Bugbert|Bug Buzz|p2a: I like big Muks...\n|-damage|p2a: I like big Muks...|0 fnt\n|faint|p2a: I like big Muks...\n|\n|upkeep\n|\n|t:|1700277390\n|switch|p2a: 3 HEADS R BETERN 2|Hydreigon, F|100\/100\n|-damage|p2a: 3 HEADS R BETERN 2|88\/100|[from] Stealth Rock\n|turn|20\n|\n|t:|1700277397\n|move|p1a: Bugbert|Bug Buzz|p2a: 3 HEADS R BETERN 2\n|-supereffective|p2a: 3 HEADS R BETERN 2\n|-crit|p2a: 3 HEADS R BETERN 2\n|-damage|p2a: 3 HEADS R BETERN 2|0 fnt\n|faint|p2a: 3 HEADS R BETERN 2\n|\n|upkeep\n|\n|t:|1700277401\n|switch|p2a: Donner|Sawsbuck-Winter, M|42\/100 brn\n|-damage|p2a: Donner|30\/100 brn|[from] Stealth Rock\n|-damage|p2a: Donner|17\/100 brn|[from] Spikes\n|turn|21\n|c| butter dk|sawsbuck clears\n|\n|t:|1700277407\n|move|p1a: Bugbert|Bug Buzz|p2a: Donner\n|-supereffective|p2a: Donner\n|-damage|p2a: Donner|0 fnt\n|faint|p2a: Donner\n|\n|win|best dk\n|c|\u2606OTS Helpdesk|I got cheesed\n|c|\u2606best dk|ggs\n|c| applebottombruhs|volcarona\n|c| butter dk|bgs tbh\n|c| applebottombruhs|actual bg\n|c| pbrake12|The utilization of Tera-Steel Quiver Dance Volcarona truly showed Jayson's skill.\n|c| butter dk|jay cheesed\n","uploadtime":1700277429,"views":7,"p1id":"bestdk","p2id":"otshelpdesk","formatid":"gen9ubers","rating":0,"private":0,"password":""}