{"id":"gen9ubers-1981518146","p1":"BieberDialga","p2":"thingamagig","format":"[Gen 9] Ubers","log":"|j|\u2606BieberDialga\n|j|\u2606thingamagig\n|t:|1698910971\n|gametype|singles\n|player|p1|BieberDialga|carmine-festival|\n|player|p2|thingamagig|buck|\n|teamsize|p1|6\n|teamsize|p2|6\n|gen|9\n|tier|[Gen 9] Ubers\n|rule|Sleep Clause Mod: Limit one foe put to sleep\n|rule|Species Clause: Limit one of each Pok\u00e9mon\n|rule|OHKO Clause: OHKO moves are banned\n|rule|Evasion Items Clause: Evasion items are banned\n|rule|Evasion Moves Clause: Evasion moves are banned\n|rule|Endless Battle Clause: Forcing endless battles is banned\n|rule|HP Percentage Mod: HP is shown in percentages\n|clearpoke\n|poke|p1|Cyclizar, M|\n|poke|p1|Dialga|\n|poke|p1|Zacian-*|\n|poke|p1|Moltres|\n|poke|p1|Spectrier|\n|poke|p1|Arceus-Fighting|\n|poke|p2|Torkoal, M|\n|poke|p2|Arceus-Grass|\n|poke|p2|Zacian-*|\n|poke|p2|Dragapult, M|\n|poke|p2|Gliscor, F|\n|poke|p2|Cinderace, M|\n|teampreview\n|j| someguy459\n|c| someguy459|dantdm's wife\n|j| The K Tank\n|\n|t:|1698911046\n|start\n|switch|p1a: Justin|Dialga|100\/100\n|switch|p2a: Dragapult|Dragapult, M|100\/100\n|-ability|p1a: Justin|Pressure\n|turn|1\n|c| someguy459|john mother\n|\n|t:|1698911089\n|move|p2a: Dragapult|U-turn|p1a: Justin\n|-resisted|p1a: Justin\n|-damage|p1a: Justin|95\/100\n|c| The K Tank|whos mother\n|j| C4CTUSK1NG\n|\n|t:|1698911092\n|switch|p2a: Torkoal|Torkoal, M|100\/100|[from] U-turn\n|-weather|SunnyDay|[from] ability: Drought|[of] p2a: Torkoal\n|move|p1a: Justin|Stealth Rock|p2a: Torkoal\n|-sidestart|p2: thingamagig|move: Stealth Rock\n|\n|-weather|SunnyDay|[upkeep]\n|-heal|p1a: Justin|100\/100|[from] item: Leftovers\n|upkeep\n|turn|2\n|\n|t:|1698911104\n|switch|p1a: DJ Khaled|Cyclizar, M|100\/100\n|move|p2a: Torkoal|Yawn|p1a: DJ Khaled\n|-start|p1a: DJ Khaled|move: Yawn|[of] p2a: Torkoal\n|\n|-weather|SunnyDay|[upkeep]\n|upkeep\n|turn|3\n|\n|t:|1698911119\n|move|p1a: DJ Khaled|Shed Tail|p1a: DJ Khaled\n|-start|p1a: DJ Khaled|Substitute|[from] move: Shed Tail\n|-damage|p1a: DJ Khaled|50\/100\n|c| C4CTUSK1NG|skibidi rizzy glizzy ratio\n|\n|t:|1698911131\n|switch|p1a: Usher|Arceus-Fighting|100\/100|[from] Shed Tail\n|move|p2a: Torkoal|Lava Plume|p1a: Usher\n|-end|p1a: Usher|Substitute\n|\n|-weather|SunnyDay|[upkeep]\n|upkeep\n|turn|4\n|\n|t:|1698911145\n|switch|p1a: DJ Khaled|Cyclizar, M|84\/100\n|move|p2a: Torkoal|Yawn|p1a: DJ Khaled\n|-start|p1a: DJ Khaled|move: Yawn|[of] p2a: Torkoal\n|\n|-weather|SunnyDay|[upkeep]\n|upkeep\n|turn|5\n|j| PabloTheCommunist\n|\n|t:|1698911156\n|move|p1a: DJ Khaled|U-turn|p2a: Torkoal\n|-resisted|p2a: Torkoal\n|-damage|p2a: Torkoal|95\/100\n|\n|t:|1698911162\n|switch|p1a: Chance|Moltres|100\/100|[from] U-turn\n|move|p2a: Torkoal|Lava Plume|p1a: Chance\n|-resisted|p1a: Chance\n|-damage|p1a: Chance|83\/100\n|\n|-weather|SunnyDay|[upkeep]\n|upkeep\n|turn|6\n|\n|t:|1698911179\n|switch|p2a: Cinderace|Cinderace, M|100\/100\n|move|p1a: Chance|Flamethrower|p2a: Cinderace\n|-resisted|p2a: Cinderace\n|-damage|p2a: Cinderace|59\/100\n|\n|-weather|SunnyDay|[upkeep]\n|upkeep\n|turn|7\n|\n|t:|1698911188\n|move|p2a: Cinderace|Court Change|p2a: Cinderace\n|-start|p2a: Cinderace|typechange|Normal|[from] ability: Libero\n|-swapsideconditions\n|-activate|p2a: Cinderace|move: Court Change\n|move|p1a: Chance|Flamethrower|p2a: Cinderace\n|-damage|p2a: Cinderace|0 fnt\n|faint|p2a: Cinderace\n|\n|-weather|SunnyDay|[upkeep]\n|upkeep\n|\n|t:|1698911202\n|switch|p2a: Dragapult|Dragapult, M|100\/100\n|turn|8\n|\n|t:|1698911207\n|switch|p1a: Justin|Dialga|100\/100\n|-damage|p1a: Justin|94\/100|[from] Stealth Rock\n|-ability|p1a: Justin|Pressure\n|move|p2a: Dragapult|Draco Meteor|p1a: Justin\n|-damage|p1a: Justin|43\/100\n|-unboost|p2a: Dragapult|spa|2\n|\n|-weather|none\n|-heal|p1a: Justin|49\/100|[from] item: Leftovers\n|upkeep\n|turn|9\n|\n|t:|1698911243\n|switch|p2a: Gliscor|Gliscor, F|100\/100\n|move|p1a: Justin|Stealth Rock|p2a: Gliscor\n|-sidestart|p2: thingamagig|move: Stealth Rock\n|\n|-heal|p1a: Justin|55\/100|[from] item: Leftovers\n|-status|p2a: Gliscor|tox|[from] item: Toxic Orb\n|upkeep\n|turn|10\n|\n|t:|1698911261\n|switch|p1a: Usher|Arceus-Fighting|100\/100\n|-damage|p1a: Usher|94\/100|[from] Stealth Rock\n|move|p2a: Gliscor|Knock Off|p1a: Usher\n|-resisted|p1a: Usher\n|-damage|p1a: Usher|90\/100\n|\n|upkeep\n|turn|11\n|\n|t:|1698911280\n|move|p1a: Usher|Body Press|p2a: Gliscor\n|-resisted|p2a: Gliscor\n|-damage|p2a: Gliscor|80\/100 tox\n|move|p2a: Gliscor|U-turn|p1a: Usher\n|-resisted|p1a: Usher\n|-damage|p1a: Usher|85\/100\n|\n|t:|1698911286\n|switch|p2a: Zacian|Zacian|100\/100|[from] U-turn\n|-damage|p2a: Zacian|88\/100|[from] Stealth Rock\n|-ability|p2a: Zacian|Intrepid Sword|boost\n|-boost|p2a: Zacian|atk|1\n|\n|upkeep\n|turn|12\n|\n|t:|1698911293\n|switch|p1a: Chance|Moltres|83\/100\n|-terastallize|p2a: Zacian|Fairy\n|move|p2a: Zacian|Play Rough|p1a: Chance\n|-resisted|p1a: Chance\n|-damage|p1a: Chance|39\/100\n|\n|upkeep\n|turn|13\n|\n|t:|1698911362\n|move|p2a: Zacian|Play Rough|p1a: Chance\n|-resisted|p1a: Chance\n|-damage|p1a: Chance|0 fnt\n|faint|p1a: Chance\n|\n|upkeep\n|c| someguy459|in the name of the rizzler, the tax, and the skibidi toilet, fanum\n|c| The K Tank|amen\n|\n|t:|1698911412\n|switch|p1a: Usher|Arceus-Fighting|85\/100\n|-damage|p1a: Usher|79\/100|[from] Stealth Rock\n|turn|14\n|\n|t:|1698911417\n|-terastallize|p1a: Usher|Steel\n|move|p2a: Zacian|Play Rough|p1a: Usher\n|-resisted|p1a: Usher\n|-damage|p1a: Usher|47\/100\n|move|p1a: Usher|Cosmic Power|p1a: Usher\n|-boost|p1a: Usher|def|1\n|-boost|p1a: Usher|spd|1\n|\n|upkeep\n|turn|15\n|\n|t:|1698911449\n|switch|p2a: Torkoal|Torkoal, M|95\/100\n|-damage|p2a: Torkoal|70\/100|[from] Stealth Rock\n|-weather|SunnyDay|[from] ability: Drought|[of] p2a: Torkoal\n|move|p1a: Usher|Cosmic Power|p1a: Usher\n|-boost|p1a: Usher|def|1\n|-boost|p1a: Usher|spd|1\n|\n|-weather|SunnyDay|[upkeep]\n|upkeep\n|turn|16\n|c| someguy459|both these mfs thinking, hmm how will i big stall this turn\n|\n|t:|1698911479\n|move|p1a: Usher|Cosmic Power|p1a: Usher\n|-boost|p1a: Usher|def|1\n|-boost|p1a: Usher|spd|1\n|move|p2a: Torkoal|Yawn|p1a: Usher\n|-start|p1a: Usher|move: Yawn|[of] p2a: Torkoal\n|\n|-weather|SunnyDay|[upkeep]\n|upkeep\n|turn|17\n|c| The K Tank|big stall wins again\n|l| C4CTUSK1NG\n|\n|t:|1698911505\n|switch|p2a: Arceus|Arceus-Grass|100\/100\n|-damage|p2a: Arceus|88\/100|[from] Stealth Rock\n|move|p1a: Usher|Recover|p1a: Usher\n|-heal|p1a: Usher|97\/100\n|\n|-weather|SunnyDay|[upkeep]\n|-end|p1a: Usher|move: Yawn|[silent]\n|-status|p1a: Usher|slp\n|upkeep\n|turn|18\n|\n|t:|1698911514\n|move|p2a: Arceus|Calm Mind|p2a: Arceus\n|-boost|p2a: Arceus|spa|1\n|-boost|p2a: Arceus|spd|1\n|cant|p1a: Usher|slp\n|\n|-weather|SunnyDay|[upkeep]\n|upkeep\n|turn|19\n|\n|t:|1698911525\n|move|p2a: Arceus|Calm Mind|p2a: Arceus\n|-boost|p2a: Arceus|spa|1\n|-boost|p2a: Arceus|spd|1\n|-curestatus|p1a: Usher|slp|[msg]\n|move|p1a: Usher|Cosmic Power|p1a: Usher\n|-boost|p1a: Usher|def|1\n|-boost|p1a: Usher|spd|1\n|\n|-weather|SunnyDay|[upkeep]\n|upkeep\n|turn|20\n|\n|t:|1698911529\n|move|p2a: Arceus|Flamethrower|p1a: Usher\n|-supereffective|p1a: Usher\n|-crit|p1a: Usher\n|-damage|p1a: Usher|0 fnt\n|faint|p1a: Usher\n|\n|-weather|SunnyDay|[upkeep]\n|upkeep\n|\n|t:|1698911549\n|switch|p1a: DJ Khaled|Cyclizar, M|100\/100\n|-damage|p1a: DJ Khaled|88\/100|[from] Stealth Rock\n|turn|21\n|\n|t:|1698911562\n|move|p1a: DJ Khaled|U-turn|p2a: Arceus\n|-supereffective|p2a: Arceus\n|-damage|p2a: Arceus|70\/100\n|\n|t:|1698911578\n|switch|p1a: Justin|Dialga|55\/100|[from] U-turn\n|-damage|p1a: Justin|49\/100|[from] Stealth Rock\n|-ability|p1a: Justin|Pressure\n|move|p2a: Arceus|Flamethrower|p1a: Justin\n|-damage|p1a: Justin|2\/100\n|\n|-weather|SunnyDay|[upkeep]\n|-heal|p1a: Justin|9\/100|[from] item: Leftovers\n|upkeep\n|turn|22\n|\n|t:|1698911587\n|move|p2a: Arceus|Flamethrower|p1a: Justin\n|-damage|p1a: Justin|0 fnt\n|faint|p1a: Justin\n|\n|-weather|none\n|upkeep\n|\n|t:|1698911593\n|switch|p1a: Quavo|Zacian|100\/100\n|-damage|p1a: Quavo|88\/100|[from] Stealth Rock\n|-ability|p1a: Quavo|Intrepid Sword|boost\n|-boost|p1a: Quavo|atk|1\n|turn|23\n|\n|t:|1698911604\n|move|p1a: Quavo|Play Rough|p2a: Arceus\n|-damage|p2a: Arceus|25\/100\n|move|p2a: Arceus|Judgment|p1a: Quavo\n|-crit|p1a: Quavo\n|-damage|p1a: Quavo|0 fnt\n|faint|p1a: Quavo\n|\n|upkeep\n|\n|t:|1698911617\n|switch|p1a: Weezy|Spectrier|100\/100\n|-damage|p1a: Weezy|88\/100|[from] Stealth Rock\n|turn|24\n|\n|t:|1698911621\n|move|p1a: Weezy|Shadow Ball|p2a: Arceus\n|-damage|p2a: Arceus|6\/100\n|-damage|p1a: Weezy|78\/100|[from] item: Life Orb\n|move|p2a: Arceus|Judgment|p1a: Weezy\n|-damage|p1a: Weezy|0 fnt\n|faint|p1a: Weezy\n|\n|upkeep\n|\n|t:|1698911628\n|switch|p1a: DJ Khaled|Cyclizar, M|100\/100\n|-damage|p1a: DJ Khaled|88\/100|[from] Stealth Rock\n|turn|25\n|\n|t:|1698911632\n|move|p1a: DJ Khaled|U-turn|p2a: Arceus\n|-supereffective|p2a: Arceus\n|-damage|p2a: Arceus|0 fnt\n|faint|p2a: Arceus\n|\n|upkeep\n|\n|t:|1698911636\n|switch|p2a: Dragapult|Dragapult, M|100\/100\n|-damage|p2a: Dragapult|88\/100|[from] Stealth Rock\n|turn|26\n|\n|t:|1698911639\n|move|p1a: DJ Khaled|U-turn|p2a: Dragapult\n|-resisted|p2a: Dragapult\n|-damage|p2a: Dragapult|78\/100\n|move|p2a: Dragapult|Draco Meteor|p1a: DJ Khaled\n|-supereffective|p1a: DJ Khaled\n|-damage|p1a: DJ Khaled|0 fnt\n|-unboost|p2a: Dragapult|spa|2\n|faint|p1a: DJ Khaled\n|\n|win|thingamagig\n|l|\u2606BieberDialga\n|l| PabloTheCommunist\n|j| C4CTUSK1NG\n","uploadtime":1698912330,"views":9,"p1id":"bieberdialga","p2id":"thingamagig","formatid":"gen9ubers","rating":0,"private":0,"password":""}