{"id":"gen9ubers-1987712387","p1":"zthyyds","p2":"boi in the back","format":"[Gen 9] Ubers","log":"|j|\u2606zthyyds\n|j|\u2606boi in the back\n|t:|1699630039\n|gametype|singles\n|player|p1|zthyyds|cynthia-gen4|1123\n|player|p2|boi in the back|arven-v|1081\n|teamsize|p1|6\n|teamsize|p2|6\n|gen|9\n|tier|[Gen 9] Ubers\n|rated|\n|rule|Sleep Clause Mod: Limit one foe put to sleep\n|rule|Species Clause: Limit one of each Pok\u00e9mon\n|rule|OHKO Clause: OHKO moves are banned\n|rule|Evasion Items Clause: Evasion items are banned\n|rule|Evasion Moves Clause: Evasion moves are banned\n|rule|Endless Battle Clause: Forcing endless battles is banned\n|rule|HP Percentage Mod: HP is shown in percentages\n|clearpoke\n|poke|p1|Chi-Yu|\n|poke|p1|Chien-Pao|\n|poke|p1|Landorus-Therian, M|\n|poke|p1|Urshifu-*, F|\n|poke|p1|Rillaboom, F|\n|poke|p1|Groudon|\n|poke|p2|Ursaluna-Bloodmoon, M|\n|poke|p2|Brute Bonnet|\n|poke|p2|Calyrex-Ice|\n|poke|p2|Great Tusk|\n|poke|p2|Magearna|\n|poke|p2|Ting-Lu|\n|teampreview\n|inactive|Battle timer is ON: inactive players will automatically lose when time's up. (requested by boi in the back)\n|inactive|zthyyds also wants the timer to be on.\n|\n|t:|1699630055\n|start\n|switch|p1a: Groudon|Groudon|100\/100\n|switch|p2a: Great Tusk|Great Tusk|100\/100\n|-weather|SunnyDay|[from] ability: Drought|[of] p1a: Groudon\n|-activate|p2a: Great Tusk|ability: Protosynthesis\n|-start|p2a: Great Tusk|protosynthesisatk\n|turn|1\n|\n|t:|1699630067\n|move|p1a: Groudon|Stealth Rock|p2a: Great Tusk\n|-sidestart|p2: boi in the back|move: Stealth Rock\n|move|p2a: Great Tusk|Bulk Up|p2a: Great Tusk\n|-boost|p2a: Great Tusk|atk|1\n|-boost|p2a: Great Tusk|def|1\n|\n|-weather|SunnyDay|[upkeep]\n|upkeep\n|turn|2\n|\n|t:|1699630075\n|move|p1a: Groudon|Will-O-Wisp|p2a: Great Tusk\n|-status|p2a: Great Tusk|brn\n|move|p2a: Great Tusk|Rapid Spin|p1a: Groudon\n|-damage|p1a: Groudon|91\/100\n|-boost|p2a: Great Tusk|spe|1\n|-sideend|p2: boi in the back|Stealth Rock|[from] move: Rapid Spin|[of] p2a: Great Tusk\n|\n|-weather|SunnyDay|[upkeep]\n|-damage|p2a: Great Tusk|94\/100 brn|[from] brn\n|upkeep\n|turn|3\n|\n|t:|1699630087\n|move|p2a: Great Tusk|Bulk Up|p2a: Great Tusk\n|-boost|p2a: Great Tusk|atk|1\n|-boost|p2a: Great Tusk|def|1\n|move|p1a: Groudon|Spikes|p2a: Great Tusk\n|-sidestart|p2: boi in the back|Spikes\n|\n|-weather|SunnyDay|[upkeep]\n|-heal|p2a: Great Tusk|100\/100 brn|[from] item: Leftovers\n|-damage|p2a: Great Tusk|94\/100 brn|[from] brn\n|upkeep\n|turn|4\n|\n|t:|1699630100\n|switch|p1a: Landorus|Landorus-Therian, M|100\/100\n|-ability|p1a: Landorus|Intimidate|boost\n|-unboost|p2a: Great Tusk|atk|1\n|move|p2a: Great Tusk|Headlong Rush|p1a: Landorus\n|-immune|p1a: Landorus\n|\n|-weather|SunnyDay|[upkeep]\n|-heal|p2a: Great Tusk|100\/100 brn|[from] item: Leftovers\n|-damage|p2a: Great Tusk|94\/100 brn|[from] brn\n|upkeep\n|turn|5\n|\n|t:|1699630112\n|-terastallize|p1a: Landorus|Ground\n|move|p1a: Landorus|Earthquake|p2a: Great Tusk\n|-damage|p2a: Great Tusk|72\/100 brn\n|move|p2a: Great Tusk|Rapid Spin|p1a: Landorus\n|-damage|p1a: Landorus|83\/100\n|-boost|p2a: Great Tusk|spe|1\n|-sideend|p2: boi in the back|Spikes|[from] move: Rapid Spin|[of] p2a: Great Tusk\n|\n|-weather|none\n|-end|p2a: Great Tusk|Protosynthesis\n|-heal|p2a: Great Tusk|78\/100 brn|[from] item: Leftovers\n|-damage|p2a: Great Tusk|72\/100 brn|[from] brn\n|upkeep\n|turn|6\n|\n|t:|1699630125\n|switch|p1a: Chien-Pao|Chien-Pao|100\/100\n|-ability|p1a: Chien-Pao|Sword of Ruin\n|move|p2a: Great Tusk|Bulk Up|p2a: Great Tusk\n|-boost|p2a: Great Tusk|atk|1\n|-boost|p2a: Great Tusk|def|1\n|\n|-heal|p2a: Great Tusk|78\/100 brn|[from] item: Leftovers\n|-damage|p2a: Great Tusk|72\/100 brn|[from] brn\n|upkeep\n|turn|7\n|\n|t:|1699630137\n|move|p2a: Great Tusk|Body Press|p1a: Chien-Pao\n|-supereffective|p1a: Chien-Pao\n|-enditem|p1a: Chien-Pao|Focus Sash\n|-damage|p1a: Chien-Pao|1\/100\n|move|p1a: Chien-Pao|Icicle Crash|p2a: Great Tusk\n|-supereffective|p2a: Great Tusk\n|-damage|p2a: Great Tusk|45\/100 brn\n|\n|-heal|p2a: Great Tusk|52\/100 brn|[from] item: Leftovers\n|-damage|p2a: Great Tusk|45\/100 brn|[from] brn\n|upkeep\n|turn|8\n|\n|t:|1699630148\n|move|p1a: Chien-Pao|Sucker Punch|p2a: Great Tusk\n|-resisted|p2a: Great Tusk\n|-damage|p2a: Great Tusk|40\/100 brn\n|move|p2a: Great Tusk|Rapid Spin|p1a: Chien-Pao\n|-damage|p1a: Chien-Pao|0 fnt\n|-boost|p2a: Great Tusk|spe|1\n|faint|p1a: Chien-Pao\n|\n|-heal|p2a: Great Tusk|46\/100 brn|[from] item: Leftovers\n|-damage|p2a: Great Tusk|40\/100 brn|[from] brn\n|upkeep\n|\n|t:|1699630162\n|switch|p1a: Landorus|Landorus-Therian, M, tera:Ground|83\/100\n|-ability|p1a: Landorus|Intimidate|boost\n|-unboost|p2a: Great Tusk|atk|1\n|turn|9\n|\n|t:|1699630170\n|move|p2a: Great Tusk|Body Press|p1a: Landorus\n|-damage|p1a: Landorus|38\/100\n|move|p1a: Landorus|U-turn|p2a: Great Tusk\n|-resisted|p2a: Great Tusk\n|-damage|p2a: Great Tusk|37\/100 brn\n|-message|zthyyds forfeited.\n|\n|win|boi in the back\n|raw|zthyyds's rating: 1123 &rarr; <strong>1095<\/strong><br \/>(-28 for losing)\n|raw|boi in the back's rating: 1081 &rarr; <strong>1112<\/strong><br \/>(+31 for winning)\n|l|\u2606zthyyds\n","uploadtime":1699630180,"views":5,"p1id":"zthyyds","p2id":"boiintheback","formatid":"gen9ubers","rating":1095,"private":0,"password":""}