{"id":"gen9ubers-1973782288","p1":"Velocitar32","p2":"Slovenberg","format":"[Gen 9] Ubers","log":"|j|\u2606Velocitar32\n|j|\u2606Slovenberg\n|t:|1698012899\n|gametype|singles\n|player|p1|Velocitar32|hugh|1321\n|player|p2|Slovenberg|2|1236\n|teamsize|p1|6\n|teamsize|p2|6\n|gen|9\n|tier|[Gen 9] Ubers\n|rated|\n|rule|Sleep Clause Mod: Limit one foe put to sleep\n|rule|Species Clause: Limit one of each Pok\u00e9mon\n|rule|OHKO Clause: OHKO moves are banned\n|rule|Evasion Items Clause: Evasion items are banned\n|rule|Evasion Moves Clause: Evasion moves are banned\n|rule|Endless Battle Clause: Forcing endless battles is banned\n|rule|HP Percentage Mod: HP is shown in percentages\n|clearpoke\n|poke|p1|Arceus-Ground|\n|poke|p1|Annihilape, M|\n|poke|p1|Zacian-*|\n|poke|p1|Miraidon|\n|poke|p1|Koraidon|\n|poke|p1|Rayquaza|\n|poke|p2|Annihilape, M|\n|poke|p2|Regieleki|\n|poke|p2|Arceus-Fairy|\n|poke|p2|Rayquaza|\n|poke|p2|Chien-Pao|\n|poke|p2|Kyogre|\n|teampreview\n|inactive|Battle timer is ON: inactive players will automatically lose when time's up. (requested by Velocitar32)\n|\n|t:|1698012946\n|start\n|switch|p1a: Kong|Annihilape, M, shiny|100\/100\n|switch|p2a: Annihilape|Annihilape, M|100\/100\n|turn|1\n|\n|t:|1698012953\n|move|p1a: Kong|Taunt|p2a: Annihilape\n|-start|p2a: Annihilape|move: Taunt\n|cant|p2a: Annihilape|move: Taunt|Taunt\n|\n|upkeep\n|turn|2\n|\n|t:|1698012960\n|move|p1a: Kong|Stealth Rock|p2a: Annihilape\n|-sidestart|p2: Slovenberg|move: Stealth Rock\n|move|p2a: Annihilape|Rage Fist|p1a: Kong\n|-supereffective|p1a: Kong\n|-damage|p1a: Kong|59\/100\n|\n|upkeep\n|turn|3\n|\n|t:|1698012967\n|move|p2a: Annihilape|Rage Fist|p1a: Kong\n|-supereffective|p1a: Kong\n|-damage|p1a: Kong|18\/100\n|move|p1a: Kong|Rage Fist|p2a: Annihilape\n|-supereffective|p2a: Annihilape\n|-damage|p2a: Annihilape|4\/100\n|-enditem|p2a: Annihilape|Aguav Berry|[eat]\n|-heal|p2a: Annihilape|38\/100|[from] item: Aguav Berry\n|-start|p2a: Annihilape|confusion\n|\n|-end|p2a: Annihilape|move: Taunt\n|upkeep\n|turn|4\n|\n|t:|1698012983\n|move|p1a: Kong|Taunt|p2a: Annihilape\n|-start|p2a: Annihilape|move: Taunt\n|-activate|p2a: Annihilape|confusion\n|move|p2a: Annihilape|Rage Fist|p1a: Kong\n|-supereffective|p1a: Kong\n|-damage|p1a: Kong|0 fnt\n|faint|p1a: Kong\n|\n|upkeep\n|inactive|Velocitar32 has 120 seconds left.\n|\n|t:|1698013006\n|switch|p1a: Laxus|Miraidon|100\/100\n|-fieldstart|move: Electric Terrain|[from] ability: Hadron Engine|[of] p1a: Laxus\n|turn|5\n|inactive|Velocitar32 has 120 seconds left.\n|\n|t:|1698013018\n|move|p1a: Laxus|Dazzling Gleam|p2a: Annihilape\n|-supereffective|p2a: Annihilape\n|-damage|p2a: Annihilape|0 fnt\n|faint|p2a: Annihilape\n|\n|upkeep\n|\n|t:|1698013026\n|switch|p2a: Kyogre|Kyogre|100\/100\n|-damage|p2a: Kyogre|88\/100|[from] Stealth Rock\n|-weather|RainDance|[from] ability: Drizzle|[of] p2a: Kyogre\n|turn|6\n|\n|t:|1698013037\n|switch|p1a: Z-sword|Zacian-Crowned, shiny|100\/100\n|-ability|p1a: Z-sword|Intrepid Sword|boost\n|-boost|p1a: Z-sword|atk|1\n|move|p2a: Kyogre|Ice Beam|p1a: Z-sword\n|-resisted|p1a: Z-sword\n|-damage|p1a: Z-sword|84\/100\n|\n|-weather|RainDance|[upkeep]\n|upkeep\n|turn|7\n|\n|t:|1698013045\n|switch|p2a: Arceus|Arceus-Fairy|100\/100\n|-damage|p2a: Arceus|88\/100|[from] Stealth Rock\n|move|p1a: Z-sword|Trailblaze|p2a: Arceus\n|-damage|p2a: Arceus|64\/100\n|-boost|p1a: Z-sword|spe|1\n|\n|-weather|RainDance|[upkeep]\n|upkeep\n|turn|8\n|\n|t:|1698013056\n|move|p1a: Z-sword|Behemoth Blade|p2a: Arceus\n|-supereffective|p2a: Arceus\n|-damage|p2a: Arceus|0 fnt\n|faint|p2a: Arceus\n|\n|-weather|RainDance|[upkeep]\n|upkeep\n|\n|t:|1698013064\n|switch|p2a: Kyogre|Kyogre|88\/100\n|-damage|p2a: Kyogre|76\/100|[from] Stealth Rock\n|turn|9\n|\n|t:|1698013069\n|move|p1a: Z-sword|Trailblaze|p2a: Kyogre\n|-supereffective|p2a: Kyogre\n|-damage|p2a: Kyogre|11\/100\n|-boost|p1a: Z-sword|spe|1\n|move|p2a: Kyogre|Water Spout|p1a: Z-sword\n|-damage|p1a: Z-sword|71\/100\n|\n|-weather|RainDance|[upkeep]\n|-fieldend|move: Electric Terrain\n|upkeep\n|turn|10\n|-message|Slovenberg forfeited.\n|\n|win|Velocitar32\n|raw|Velocitar32's rating: 1321 &rarr; <strong>1336<\/strong><br \/>(+15 for winning)\n|raw|Slovenberg's rating: 1236 &rarr; <strong>1217<\/strong><br \/>(-19 for losing)\n|l|\u2606Slovenberg\n","uploadtime":1698013088,"views":12,"p1id":"velocitar32","p2id":"slovenberg","formatid":"gen9ubers","rating":1217,"private":0,"password":""}