{"id":"gen9ubers-1983572987","p1":"Tec_WIZard409","p2":"nightshadeslasher","format":"[Gen 9] Ubers","log":"|j|\u2606Tec_WIZard409\n|j|\u2606nightshadeslasher\n|t:|1699144860\n|gametype|singles\n|player|p1|Tec_WIZard409|veteran|1016\n|player|p2|nightshadeslasher|geeta|1026\n|teamsize|p1|6\n|teamsize|p2|6\n|gen|9\n|tier|[Gen 9] Ubers\n|rated|\n|rule|Sleep Clause Mod: Limit one foe put to sleep\n|rule|Species Clause: Limit one of each Pok\u00e9mon\n|rule|OHKO Clause: OHKO moves are banned\n|rule|Evasion Items Clause: Evasion items are banned\n|rule|Evasion Moves Clause: Evasion moves are banned\n|rule|Endless Battle Clause: Forcing endless battles is banned\n|rule|HP Percentage Mod: HP is shown in percentages\n|clearpoke\n|poke|p1|Landorus, M|\n|poke|p1|Tornadus-Therian, M|\n|poke|p1|Groudon|\n|poke|p1|Amoonguss, M|\n|poke|p1|Miraidon|\n|poke|p1|Rillaboom, M|\n|poke|p2|Lycanroc, F|\n|poke|p2|Pawmot, F|\n|poke|p2|Ceruledge, F|\n|poke|p2|Arboliva, F|\n|poke|p2|Goodra, F|\n|poke|p2|Quaquaval, F|\n|teampreview\n|\n|t:|1699144876\n|start\n|switch|p1a: Rillaboom|Rillaboom, M, shiny|100\/100\n|switch|p2a: Lycanroc|Lycanroc, F|100\/100\n|-fieldstart|move: Grassy Terrain|[from] ability: Grassy Surge|[of] p1a: Rillaboom\n|turn|1\n|\n|t:|1699144906\n|move|p2a: Lycanroc|Stealth Rock|p1a: Rillaboom\n|-sidestart|p1: Tec_WIZard409|move: Stealth Rock\n|move|p1a: Rillaboom|Leaf Storm|p2a: Lycanroc\n|-supereffective|p2a: Lycanroc\n|-enditem|p2a: Lycanroc|Focus Sash\n|-damage|p2a: Lycanroc|1\/100\n|-unboost|p1a: Rillaboom|spa|2\n|\n|-heal|p2a: Lycanroc|7\/100|[from] Grassy Terrain\n|upkeep\n|turn|2\n|\n|t:|1699144918\n|move|p2a: Lycanroc|Accelerock|p1a: Rillaboom\n|-damage|p1a: Rillaboom|84\/100\n|move|p1a: Rillaboom|Leaf Storm|p2a: Lycanroc\n|-supereffective|p2a: Lycanroc\n|-damage|p2a: Lycanroc|0 fnt\n|-unboost|p1a: Rillaboom|spa|2\n|faint|p2a: Lycanroc\n|\n|-heal|p1a: Rillaboom|90\/100|[from] Grassy Terrain\n|upkeep\n|\n|t:|1699144928\n|switch|p2a: Goodra|Goodra, F|100\/100\n|turn|3\n|\n|t:|1699144942\n|move|p1a: Rillaboom|Giga Drain|p2a: Goodra\n|-ability|p2a: Goodra|Sap Sipper|boost\n|-boost|p2a: Goodra|atk|1\n|move|p2a: Goodra|Flamethrower|p1a: Rillaboom\n|-supereffective|p1a: Rillaboom\n|-damage|p1a: Rillaboom|22\/100\n|-status|p1a: Rillaboom|brn\n|\n|-heal|p1a: Rillaboom|28\/100 brn|[from] Grassy Terrain\n|-damage|p1a: Rillaboom|22\/100 brn|[from] brn\n|upkeep\n|turn|4\n|\n|t:|1699144952\n|move|p1a: Rillaboom|Leaf Storm|p2a: Goodra\n|-ability|p2a: Goodra|Sap Sipper|boost\n|-boost|p2a: Goodra|atk|1\n|move|p2a: Goodra|Flamethrower|p1a: Rillaboom\n|-supereffective|p1a: Rillaboom\n|-damage|p1a: Rillaboom|0 fnt\n|faint|p1a: Rillaboom\n|\n|upkeep\n|\n|t:|1699144972\n|switch|p1a: Electro|Miraidon|100\/100\n|-damage|p1a: Electro|88\/100|[from] Stealth Rock\n|-fieldstart|move: Electric Terrain|[from] ability: Hadron Engine|[of] p1a: Electro\n|turn|5\n|\n|t:|1699144986\n|move|p1a: Electro|Electro Drift|p2a: Goodra\n|-resisted|p2a: Goodra\n|-damage|p2a: Goodra|81\/100\n|move|p2a: Goodra|Dragon Pulse|p1a: Electro\n|-supereffective|p1a: Electro\n|-damage|p1a: Electro|26\/100\n|\n|upkeep\n|turn|6\n|\n|t:|1699144994\n|move|p1a: Electro|Electro Drift|p2a: Goodra\n|-resisted|p2a: Goodra\n|-damage|p2a: Goodra|61\/100\n|move|p2a: Goodra|Dragon Pulse|p1a: Electro\n|-supereffective|p1a: Electro\n|-damage|p1a: Electro|0 fnt\n|faint|p1a: Electro\n|\n|upkeep\n|\n|t:|1699145008\n|switch|p1a: Groudon|Groudon, shiny|100\/100\n|-damage|p1a: Groudon|94\/100|[from] Stealth Rock\n|-weather|SunnyDay|[from] ability: Drought|[of] p1a: Groudon\n|turn|7\n|\n|t:|1699145025\n|move|p1a: Groudon|Eruption|p2a: Goodra\n|-resisted|p2a: Goodra\n|-damage|p2a: Goodra|51\/100\n|move|p2a: Goodra|Flamethrower|p1a: Groudon\n|-damage|p1a: Groudon|47\/100\n|\n|-weather|SunnyDay|[upkeep]\n|upkeep\n|turn|8\n|\n|t:|1699145037\n|move|p1a: Groudon|Overheat|p2a: Goodra\n|-resisted|p2a: Goodra\n|-damage|p2a: Goodra|41\/100\n|-unboost|p1a: Groudon|spa|2\n|move|p2a: Goodra|Flamethrower|p1a: Groudon\n|-damage|p1a: Groudon|2\/100\n|\n|-weather|SunnyDay|[upkeep]\n|upkeep\n|turn|9\n|\n|t:|1699145055\n|move|p1a: Groudon|Precipice Blades|p2a: Goodra\n|-damage|p2a: Goodra|0 fnt\n|faint|p2a: Goodra\n|\n|-weather|SunnyDay|[upkeep]\n|-fieldend|move: Electric Terrain\n|upkeep\n|c|\u2606nightshadeslasher|No offense, but are you going easy on me?\n|\n|t:|1699145072\n|switch|p2a: Pawmot|Pawmot, F|100\/100\n|-item|p2a: Pawmot|Air Balloon\n|turn|10\n|\n|t:|1699145082\n|move|p2a: Pawmot|Ice Punch|p1a: Groudon\n|-supereffective|p1a: Groudon\n|-damage|p1a: Groudon|0 fnt\n|-damage|p2a: Pawmot|84\/100|[from] item: Rocky Helmet|[of] p1a: Groudon\n|faint|p1a: Groudon\n|\n|-weather|SunnyDay|[upkeep]\n|upkeep\n|\n|t:|1699145095\n|switch|p1a: Among us!!!!!|Amoonguss, M, shiny|100\/100\n|-damage|p1a: Among us!!!!!|88\/100|[from] Stealth Rock\n|turn|11\n|\n|t:|1699145101\n|move|p2a: Pawmot|Ice Punch|p1a: Among us!!!!!\n|-supereffective|p1a: Among us!!!!!\n|-damage|p1a: Among us!!!!!|28\/100\n|move|p1a: Among us!!!!!|Toxic|p2a: Pawmot\n|-status|p2a: Pawmot|tox\n|\n|-weather|none\n|-damage|p2a: Pawmot|78\/100 tox|[from] psn\n|upkeep\n|turn|12\n|\n|t:|1699145111\n|move|p2a: Pawmot|Ice Punch|p1a: Among us!!!!!\n|-supereffective|p1a: Among us!!!!!\n|-damage|p1a: Among us!!!!!|0 fnt\n|faint|p1a: Among us!!!!!\n|\n|-damage|p2a: Pawmot|66\/100 tox|[from] psn\n|upkeep\n|\n|t:|1699145127\n|switch|p1a: Tornadus|Tornadus-Therian, M, shiny|100\/100\n|-damage|p1a: Tornadus|76\/100|[from] Stealth Rock\n|turn|13\n|\n|t:|1699145132\n|move|p2a: Pawmot|Double Shock|p1a: Tornadus\n|-supereffective|p1a: Tornadus\n|-damage|p1a: Tornadus|0 fnt\n|-start|p2a: Pawmot|typechange|???\/Fighting|[from] move: Double Shock\n|faint|p1a: Tornadus\n|\n|-damage|p2a: Pawmot|48\/100 tox|[from] psn\n|upkeep\n|\n|t:|1699145142\n|switch|p1a: Landon|Landorus, M|100\/100\n|-damage|p1a: Landon|88\/100|[from] Stealth Rock\n|turn|14\n|\n|t:|1699145151\n|move|p2a: Pawmot|Ice Punch|p1a: Landon\n|-supereffective|p1a: Landon\n|-damage|p1a: Landon|0 fnt\n|faint|p1a: Landon\n|\n|win|nightshadeslasher\n|raw|Tec_WIZard409's rating: 1016 &rarr; <strong>1004<\/strong><br \/>(-12 for losing)\n|raw|nightshadeslasher's rating: 1026 &rarr; <strong>1061<\/strong><br \/>(+35 for winning)\n|c|\u2606nightshadeslasher|gg\n|l|\u2606Tec_WIZard409\n","uploadtime":1699145167,"views":9,"p1id":"tecwizard409","p2id":"nightshadeslasher","formatid":"gen9ubers","rating":1004,"private":0,"password":""}