{"id":"gen9ubers-1980860463","p1":"astojojo","p2":"Neutralist","format":"[Gen 9] Ubers","log":"|j|\u2606astojojo\n|j|\u2606Neutralist\n|t:|1698843325\n|gametype|singles\n|player|p1|astojojo|101|1296\n|player|p2|Neutralist|101|1384\n|teamsize|p1|6\n|teamsize|p2|6\n|gen|9\n|tier|[Gen 9] Ubers\n|rated|\n|rule|Sleep Clause Mod: Limit one foe put to sleep\n|rule|Species Clause: Limit one of each Pok\u00e9mon\n|rule|OHKO Clause: OHKO moves are banned\n|rule|Evasion Items Clause: Evasion items are banned\n|rule|Evasion Moves Clause: Evasion moves are banned\n|rule|Endless Battle Clause: Forcing endless battles is banned\n|rule|HP Percentage Mod: HP is shown in percentages\n|clearpoke\n|poke|p1|Kyogre|\n|poke|p1|Arceus-Ground|\n|poke|p1|Koraidon|\n|poke|p1|Miraidon|\n|poke|p1|Flutter Mane|\n|poke|p1|Skeledirge, M|\n|poke|p2|Koraidon|\n|poke|p2|Ogerpon-Hearthflame, F|\n|poke|p2|Zacian-*|\n|poke|p2|Regieleki|\n|poke|p2|Arceus-Ground|\n|poke|p2|Flutter Mane|\n|teampreview\n|inactive|Battle timer is ON: inactive players will automatically lose when time's up. (requested by astojojo)\n|\n|t:|1698843345\n|start\n|switch|p1a: Kyogre|Kyogre, shiny|100\/100\n|switch|p2a: Teraflare|Regieleki|100\/100\n|-weather|RainDance|[from] ability: Drizzle|[of] p1a: Kyogre\n|turn|1\n|\n|t:|1698843351\n|switch|p1a: Arceus|Arceus-Ground|100\/100\n|move|p2a: Teraflare|Light Screen|p2a: Teraflare\n|-sidestart|p2: Neutralist|move: Light Screen\n|\n|-weather|RainDance|[upkeep]\n|upkeep\n|turn|2\n|\n|t:|1698843374\n|switch|p2a: Bonk|Ogerpon-Hearthflame, F|100\/100\n|-ability|p2a: Bonk|Mold Breaker\n|move|p1a: Arceus|Judgment|p2a: Bonk\n|-damage|p2a: Bonk|75\/100\n|\n|-weather|RainDance|[upkeep]\n|upkeep\n|turn|3\n|\n|t:|1698843389\n|switch|p1a: Koraidon|Koraidon|100\/100\n|-weather|SunnyDay|[from] ability: Orichalcum Pulse|[of] p1a: Koraidon\n|-activate|p1a: Koraidon|Orichalcum Pulse|[source]\n|move|p2a: Bonk|Horn Leech|p1a: Koraidon\n|-resisted|p1a: Koraidon\n|-damage|p1a: Koraidon|79\/100\n|-heal|p2a: Bonk|87\/100|[from] drain|[of] p1a: Koraidon\n|\n|-weather|SunnyDay|[upkeep]\n|upkeep\n|turn|4\n|\n|t:|1698843406\n|switch|p2a: Jenova|Arceus-Ground|100\/100\n|move|p1a: Koraidon|Flare Blitz|p2a: Jenova\n|-damage|p2a: Jenova|54\/100\n|-damage|p1a: Koraidon|59\/100|[from] Recoil\n|\n|-weather|SunnyDay|[upkeep]\n|upkeep\n|turn|5\n|\n|t:|1698843419\n|move|p1a: Koraidon|Low Kick|p2a: Jenova\n|-damage|p2a: Jenova|12\/100\n|move|p2a: Jenova|Judgment|p1a: Koraidon\n|-damage|p1a: Koraidon|14\/100\n|\n|-weather|SunnyDay|[upkeep]\n|upkeep\n|turn|6\n|\n|t:|1698843425\n|switch|p2a: OP|Flutter Mane|100\/100\n|-activate|p2a: OP|ability: Protosynthesis\n|-start|p2a: OP|protosynthesisspe\n|move|p1a: Koraidon|Scale Shot|p2a: OP\n|-immune|p2a: OP\n|\n|-weather|SunnyDay|[upkeep]\n|upkeep\n|turn|7\n|\n|t:|1698843431\n|move|p2a: OP|Shadow Ball|p1a: Koraidon\n|-damage|p1a: Koraidon|0 fnt\n|faint|p1a: Koraidon\n|\n|-weather|none\n|-end|p2a: OP|Protosynthesis\n|upkeep\n|\n|t:|1698843452\n|switch|p1a: Kyogre|Kyogre, shiny|100\/100\n|-weather|RainDance|[from] ability: Drizzle|[of] p1a: Kyogre\n|turn|8\n|\n|t:|1698843457\n|-terastallize|p1a: Kyogre|Water\n|move|p1a: Kyogre|Water Spout|p2a: OP\n|-damage|p2a: OP|9\/100\n|move|p2a: OP|Shadow Ball|p1a: Kyogre\n|-damage|p1a: Kyogre|52\/100\n|\n|-weather|RainDance|[upkeep]\n|-sideend|p2: Neutralist|move: Light Screen\n|upkeep\n|turn|9\n|\n|t:|1698843463\n|-end|p2a: OP|Protosynthesis|[silent]\n|switch|p2a: KING|Koraidon|100\/100\n|-weather|SunnyDay|[from] ability: Orichalcum Pulse|[of] p2a: KING\n|-activate|p2a: KING|Orichalcum Pulse|[source]\n|move|p1a: Kyogre|Water Spout|p2a: KING\n|-resisted|p2a: KING\n|-damage|p2a: KING|86\/100\n|\n|-weather|SunnyDay|[upkeep]\n|upkeep\n|turn|10\n|\n|t:|1698843473\n|switch|p1a: Skeledirge|Skeledirge, M|100\/100\n|move|p2a: KING|Flare Blitz|p1a: Skeledirge\n|-resisted|p1a: Skeledirge\n|-damage|p1a: Skeledirge|73\/100\n|-damage|p2a: KING|75\/100|[from] Recoil\n|\n|-weather|SunnyDay|[upkeep]\n|upkeep\n|turn|11\n|\n|t:|1698843481\n|switch|p2a: Bonk|Ogerpon-Hearthflame, F|87\/100\n|-ability|p2a: Bonk|Mold Breaker\n|move|p1a: Skeledirge|Will-O-Wisp|p2a: Bonk\n|-immune|p2a: Bonk\n|\n|-weather|SunnyDay|[upkeep]\n|upkeep\n|turn|12\n|\n|t:|1698843497\n|move|p2a: Bonk|Ivy Cudgel|p1a: Skeledirge\n|-resisted|p1a: Skeledirge\n|-damage|p1a: Skeledirge|45\/100\n|move|p1a: Skeledirge|Slack Off|p1a: Skeledirge\n|-heal|p1a: Skeledirge|95\/100\n|\n|-weather|SunnyDay|[upkeep]\n|upkeep\n|turn|13\n|\n|t:|1698843516\n|switch|p2a: Teraflare|Regieleki|100\/100\n|switch|p1a: Miraidon|Miraidon|100\/100\n|-fieldstart|move: Electric Terrain|[from] ability: Hadron Engine|[of] p1a: Miraidon\n|\n|-weather|none\n|upkeep\n|turn|14\n|\n|t:|1698843522\n|move|p2a: Teraflare|Light Screen|p2a: Teraflare\n|-sidestart|p2: Neutralist|move: Light Screen\n|move|p1a: Miraidon|Substitute|p1a: Miraidon\n|-start|p1a: Miraidon|Substitute\n|-damage|p1a: Miraidon|76\/100\n|\n|upkeep\n|turn|15\n|\n|t:|1698843524\n|move|p2a: Teraflare|Volt Switch|p1a: Miraidon\n|-resisted|p1a: Miraidon\n|-activate|p1a: Miraidon|move: Substitute|[damage]\n|\n|t:|1698843538\n|switch|p2a: Bonk|Ogerpon-Hearthflame, F|87\/100|[from] Volt Switch\n|-ability|p2a: Bonk|Mold Breaker\n|move|p1a: Miraidon|Calm Mind|p1a: Miraidon\n|-boost|p1a: Miraidon|spa|1\n|-boost|p1a: Miraidon|spd|1\n|\n|upkeep\n|turn|16\n|\n|t:|1698843544\n|move|p1a: Miraidon|Parabolic Charge|p2a: Bonk\n|-resisted|p2a: Bonk\n|-damage|p2a: Bonk|52\/100\n|-heal|p1a: Miraidon|91\/100|[from] drain|[of] p2a: Bonk\n|-damage|p1a: Miraidon|81\/100|[from] item: Life Orb\n|move|p2a: Bonk|Horn Leech|p1a: Miraidon\n|-resisted|p1a: Miraidon\n|-end|p1a: Miraidon|Substitute\n|-heal|p2a: Bonk|60\/100|[from] drain|[of] p1a: Miraidon\n|\n|upkeep\n|turn|17\n|\n|t:|1698843552\n|move|p1a: Miraidon|Substitute|p1a: Miraidon\n|-start|p1a: Miraidon|Substitute\n|-damage|p1a: Miraidon|56\/100\n|move|p2a: Bonk|Trailblaze|p1a: Miraidon\n|-resisted|p1a: Miraidon\n|-activate|p1a: Miraidon|move: Substitute|[damage]\n|-boost|p2a: Bonk|spe|1\n|\n|-fieldend|move: Electric Terrain\n|upkeep\n|turn|18\n|\n|t:|1698843560\n|move|p2a: Bonk|Swords Dance|p2a: Bonk\n|-boost|p2a: Bonk|atk|2\n|move|p1a: Miraidon|Draco Meteor|p2a: Bonk\n|-damage|p2a: Bonk|0 fnt\n|-unboost|p1a: Miraidon|spa|2\n|faint|p2a: Bonk\n|-damage|p1a: Miraidon|46\/100|[from] item: Life Orb\n|\n|upkeep\n|\n|t:|1698843569\n|switch|p2a: Omnislash|Zacian-Crowned|100\/100\n|-ability|p2a: Omnislash|Intrepid Sword|boost\n|-boost|p2a: Omnislash|atk|1\n|turn|19\n|\n|t:|1698843577\n|switch|p1a: Skeledirge|Skeledirge, M|95\/100\n|move|p2a: Omnislash|Behemoth Blade|p1a: Skeledirge\n|-resisted|p1a: Skeledirge\n|-damage|p1a: Skeledirge|77\/100\n|\n|upkeep\n|turn|20\n|\n|t:|1698843585\n|switch|p2a: Jenova|Arceus-Ground|12\/100\n|move|p1a: Skeledirge|Will-O-Wisp|p2a: Jenova\n|-status|p2a: Jenova|brn\n|\n|-damage|p2a: Jenova|5\/100 brn|[from] brn\n|upkeep\n|turn|21\n|\n|t:|1698843595\n|switch|p1a: Arceus|Arceus-Ground|100\/100\n|move|p2a: Jenova|Judgment|p1a: Arceus\n|-damage|p1a: Arceus|71\/100\n|\n|-damage|p2a: Jenova|0 fnt|[from] brn\n|faint|p2a: Jenova\n|-sideend|p2: Neutralist|move: Light Screen\n|upkeep\n|\n|t:|1698843606\n|switch|p2a: KING|Koraidon|75\/100\n|-weather|SunnyDay|[from] ability: Orichalcum Pulse|[of] p2a: KING\n|-activate|p2a: KING|Orichalcum Pulse|[source]\n|turn|22\n|\n|t:|1698843621\n|switch|p1a: Skeledirge|Skeledirge, M|77\/100\n|move|p2a: KING|Bulk Up|p2a: KING\n|-boost|p2a: KING|atk|1\n|-boost|p2a: KING|def|1\n|\n|-weather|SunnyDay|[upkeep]\n|upkeep\n|turn|23\n|\n|t:|1698843624\n|-terastallize|p2a: KING|Fire\n|move|p2a: KING|Scale Shot|p1a: Skeledirge\n|-damage|p1a: Skeledirge|67\/100\n|-crit|p1a: Skeledirge\n|-damage|p1a: Skeledirge|49\/100\n|-damage|p1a: Skeledirge|38\/100\n|-damage|p1a: Skeledirge|26\/100\n|-damage|p1a: Skeledirge|15\/100\n|-hitcount|p1a: Skeledirge|5\n|-unboost|p2a: KING|def|1\n|-boost|p2a: KING|spe|1\n|move|p1a: Skeledirge|Slack Off|p1a: Skeledirge\n|-heal|p1a: Skeledirge|65\/100\n|\n|-weather|SunnyDay|[upkeep]\n|upkeep\n|turn|24\n|\n|t:|1698843629\n|move|p2a: KING|Scale Shot|p1a: Skeledirge\n|-damage|p1a: Skeledirge|55\/100\n|-damage|p1a: Skeledirge|44\/100\n|-damage|p1a: Skeledirge|33\/100\n|-damage|p1a: Skeledirge|21\/100\n|-hitcount|p1a: Skeledirge|4\n|-unboost|p2a: KING|def|1\n|-boost|p2a: KING|spe|1\n|move|p1a: Skeledirge|Slack Off|p1a: Skeledirge\n|-heal|p1a: Skeledirge|71\/100\n|\n|-weather|SunnyDay|[upkeep]\n|upkeep\n|turn|25\n|\n|t:|1698843633\n|move|p2a: KING|Scale Shot|p1a: Skeledirge\n|-damage|p1a: Skeledirge|59\/100\n|-crit|p1a: Skeledirge\n|-damage|p1a: Skeledirge|45\/100\n|-damage|p1a: Skeledirge|33\/100\n|-damage|p1a: Skeledirge|23\/100\n|-hitcount|p1a: Skeledirge|4\n|-unboost|p2a: KING|def|1\n|-boost|p2a: KING|spe|1\n|move|p1a: Skeledirge|Will-O-Wisp|p2a: KING\n|-immune|p2a: KING\n|\n|-weather|SunnyDay|[upkeep]\n|upkeep\n|turn|26\n|\n|t:|1698843640\n|move|p2a: KING|Flare Blitz|p1a: Skeledirge\n|-resisted|p1a: Skeledirge\n|-damage|p1a: Skeledirge|0 fnt\n|faint|p1a: Skeledirge\n|-damage|p2a: KING|66\/100|[from] Recoil\n|\n|-weather|none\n|upkeep\n|\n|t:|1698843642\n|switch|p1a: Flutter Mane|Flutter Mane|100\/100\n|-enditem|p1a: Flutter Mane|Booster Energy\n|-activate|p1a: Flutter Mane|ability: Protosynthesis|[fromitem]\n|-start|p1a: Flutter Mane|protosynthesisspe\n|turn|27\n|\n|t:|1698843645\n|move|p2a: KING|Flare Blitz|p1a: Flutter Mane\n|-crit|p1a: Flutter Mane\n|-damage|p1a: Flutter Mane|0 fnt\n|faint|p1a: Flutter Mane\n|-end|p1a: Flutter Mane|Protosynthesis|[silent]\n|-damage|p2a: KING|42\/100|[from] Recoil\n|\n|upkeep\n|\n|t:|1698843650\n|switch|p1a: Miraidon|Miraidon|46\/100\n|-fieldstart|move: Electric Terrain|[from] ability: Hadron Engine|[of] p1a: Miraidon\n|turn|28\n|\n|t:|1698843652\n|move|p2a: KING|Drain Punch|p1a: Miraidon\n|-damage|p1a: Miraidon|0 fnt\n|-heal|p2a: KING|64\/100|[from] drain|[of] p1a: Miraidon\n|faint|p1a: Miraidon\n|\n|upkeep\n|-message|astojojo forfeited.\n|\n|win|Neutralist\n|raw|astojojo's rating: 1296 &rarr; <strong>1277<\/strong><br \/>(-19 for losing)\n|raw|Neutralist's rating: 1384 &rarr; <strong>1399<\/strong><br \/>(+15 for winning)\n|l|\u2606astojojo\n","uploadtime":1698843717,"views":7,"p1id":"astojojo","p2id":"neutralist","formatid":"gen9ubers","rating":1277,"private":0,"password":""}