{"id":"gen9ubers-1995307765","p1":"Geoff Keighly","p2":"Ryane65","format":"[Gen 9] Ubers","log":"|j|\u2606Geoff Keighly\n|j|\u2606Ryane65\n|t:|1700550907\n|gametype|singles\n|player|p1|Geoff Keighly|eusine|\n|player|p2|Ryane65|265|\n|teamsize|p1|6\n|teamsize|p2|6\n|gen|9\n|tier|[Gen 9] Ubers\n|rule|Sleep Clause Mod: Limit one foe put to sleep\n|rule|Species Clause: Limit one of each Pok\u00e9mon\n|rule|OHKO Clause: OHKO moves are banned\n|rule|Evasion Items Clause: Evasion items are banned\n|rule|Evasion Moves Clause: Evasion moves are banned\n|rule|Endless Battle Clause: Forcing endless battles is banned\n|rule|HP Percentage Mod: HP is shown in percentages\n|clearpoke\n|poke|p1|Vivillon-Marine, F|\n|poke|p1|Rotom-Mow|\n|poke|p1|Lycanroc, M|\n|poke|p1|Espathra, F|\n|poke|p1|Revavroom, F|\n|poke|p1|Ditto|\n|poke|p2|Baxcalibur, M|\n|poke|p2|Glimmora, M|\n|poke|p2|Ninetales-Alola, F|\n|poke|p2|Iron Moth|\n|poke|p2|Dondozo, F|\n|poke|p2|Torterra, F|\n|teampreview\n|inactive|Battle timer is ON: inactive players will automatically lose when time's up. (requested by Ryane65)\n|inactiveoff|Battle timer is now OFF.\n|\n|t:|1700550946\n|start\n|switch|p1a: Baldur's Gate III|Lycanroc, M|100\/100\n|switch|p2a: Glimmora|Glimmora, M|100\/100\n|turn|1\n|\n|t:|1700550986\n|move|p2a: Glimmora|Earth Power|p1a: Baldur's Gate III\n|-supereffective|p1a: Baldur's Gate III\n|-enditem|p1a: Baldur's Gate III|Focus Sash\n|-damage|p1a: Baldur's Gate III|1\/100\n|move|p1a: Baldur's Gate III|Stone Edge|p2a: Glimmora\n|-damage|p2a: Glimmora|45\/100\n|-activate|p2a: Glimmora|ability: Toxic Debris\n|-sidestart|p1: Geoff Keighly|move: Toxic Spikes\n|\n|upkeep\n|turn|2\n|\n|t:|1700551005\n|switch|p2a: Dondozo|Dondozo, F|100\/100\n|move|p1a: Baldur's Gate III|Stone Edge|p2a: Dondozo\n|-damage|p2a: Dondozo|81\/100\n|\n|-heal|p2a: Dondozo|87\/100|[from] item: Leftovers\n|upkeep\n|turn|3\n|\n|t:|1700551018\n|move|p1a: Baldur's Gate III|Stealth Rock|p2a: Dondozo\n|-sidestart|p2: Ryane65|move: Stealth Rock\n|move|p2a: Dondozo|Liquidation|p1a: Baldur's Gate III\n|-supereffective|p1a: Baldur's Gate III\n|-damage|p1a: Baldur's Gate III|0 fnt\n|faint|p1a: Baldur's Gate III\n|\n|-heal|p2a: Dondozo|93\/100|[from] item: Leftovers\n|upkeep\n|\n|t:|1700551039\n|switch|p1a: Spider-Man 2|Rotom-Mow|100\/100\n|turn|4\n|\n|t:|1700551048\n|switch|p2a: Torterra|Torterra, F|100\/100\n|-damage|p2a: Torterra|94\/100|[from] Stealth Rock\n|move|p1a: Spider-Man 2|Will-O-Wisp|p2a: Torterra|[miss]\n|-miss|p1a: Spider-Man 2|p2a: Torterra\n|\n|upkeep\n|turn|5\n|\n|t:|1700551067\n|switch|p2a: Baxcalibur|Baxcalibur, M|100\/100\n|-damage|p2a: Baxcalibur|76\/100|[from] Stealth Rock\n|move|p1a: Spider-Man 2|Will-O-Wisp|p2a: Baxcalibur|[miss]\n|-miss|p1a: Spider-Man 2|p2a: Baxcalibur\n|\n|upkeep\n|turn|6\n|\n|t:|1700551095\n|move|p1a: Spider-Man 2|Volt Switch|p2a: Baxcalibur\n|-resisted|p2a: Baxcalibur\n|-damage|p2a: Baxcalibur|60\/100\n|\n|t:|1700551105\n|switch|p1a: Mario Bros Wonder|Ditto|100\/100|[from] Volt Switch\n|-status|p1a: Mario Bros Wonder|psn\n|-transform|p1a: Mario Bros Wonder|p2a: Baxcalibur|[from] ability: Imposter\n|move|p2a: Baxcalibur|Scale Shot|p1a: Mario Bros Wonder\n|-supereffective|p1a: Mario Bros Wonder\n|-damage|p1a: Mario Bros Wonder|64\/100 psn\n|-supereffective|p1a: Mario Bros Wonder\n|-damage|p1a: Mario Bros Wonder|27\/100 psn\n|-supereffective|p1a: Mario Bros Wonder\n|-damage|p1a: Mario Bros Wonder|0 fnt\n|faint|p1a: Mario Bros Wonder\n|-hitcount|p1: Mario Bros Wonder|3\n|-unboost|p2a: Baxcalibur|def|1\n|-boost|p2a: Baxcalibur|spe|1\n|\n|upkeep\n|\n|t:|1700551133\n|switch|p1a: Alan Wake 2|Revavroom, F|100\/100\n|-item|p1a: Alan Wake 2|Air Balloon\n|turn|7\n|\n|t:|1700551146\n|switch|p2a: Iron Moth|Iron Moth|100\/100\n|-damage|p2a: Iron Moth|76\/100|[from] Stealth Rock\n|-item|p2a: Iron Moth|Air Balloon\n|move|p1a: Alan Wake 2|Shift Gear|p1a: Alan Wake 2\n|-boost|p1a: Alan Wake 2|spe|2\n|-boost|p1a: Alan Wake 2|atk|1\n|\n|upkeep\n|turn|8\n|\n|t:|1700551170\n|move|p1a: Alan Wake 2|Iron Head|p2a: Iron Moth\n|-resisted|p2a: Iron Moth\n|-damage|p2a: Iron Moth|22\/100\n|-enditem|p2a: Iron Moth|Air Balloon\n|move|p2a: Iron Moth|Fiery Dance|p1a: Alan Wake 2\n|-supereffective|p1a: Alan Wake 2\n|-damage|p1a: Alan Wake 2|0 fnt\n|-boost|p2a: Iron Moth|spa|1\n|-enditem|p1a: Alan Wake 2|Air Balloon\n|faint|p1a: Alan Wake 2\n|\n|upkeep\n|\n|t:|1700551183\n|switch|p1a: Zelda:TotK|Espathra, F, shiny|100\/100\n|-status|p1a: Zelda:TotK|psn\n|turn|9\n|\n|t:|1700551231\n|move|p2a: Iron Moth|Sludge Wave|p1a: Zelda:TotK\n|-damage|p1a: Zelda:TotK|0 fnt\n|faint|p1a: Zelda:TotK\n|\n|upkeep\n|\n|t:|1700551242\n|switch|p1a: Spider-Man 2|Rotom-Mow|100\/100\n|turn|10\n|\n|t:|1700551250\n|move|p2a: Iron Moth|Sludge Wave|p1a: Spider-Man 2\n|-supereffective|p1a: Spider-Man 2\n|-damage|p1a: Spider-Man 2|0 fnt\n|faint|p1a: Spider-Man 2\n|\n|upkeep\n|\n|t:|1700551255\n|switch|p1a: Resident Evil 4|Vivillon-Marine, F|100\/100\n|turn|11\n|\n|t:|1700551263\n|move|p2a: Iron Moth|Fiery Dance|p1a: Resident Evil 4\n|-supereffective|p1a: Resident Evil 4\n|-damage|p1a: Resident Evil 4|0 fnt\n|faint|p1a: Resident Evil 4\n|\n|win|Ryane65\n|c|\u2606Ryane65|gg\n","uploadtime":1700551272,"views":36,"p1id":"geoffkeighly","p2id":"ryane65","formatid":"gen9ubers","rating":0,"private":0,"password":""}