{"id":"gen9ubers-1988467561","p1":"1P1o1s1h1e1","p2":"Nitro524","format":"[Gen 9] Ubers","log":"|j|\u26061P1o1s1h1e1\n|j|\u2606Nitro524\n|t:|1699726077\n|gametype|singles\n|player|p1|1P1o1s1h1e1|170|\n|player|p2|Nitro524|hilbert|\n|teamsize|p1|6\n|teamsize|p2|6\n|gen|9\n|tier|[Gen 9] Ubers\n|rule|Sleep Clause Mod: Limit one foe put to sleep\n|rule|Species Clause: Limit one of each Pok\u00e9mon\n|rule|OHKO Clause: OHKO moves are banned\n|rule|Evasion Items Clause: Evasion items are banned\n|rule|Evasion Moves Clause: Evasion moves are banned\n|rule|Endless Battle Clause: Forcing endless battles is banned\n|rule|HP Percentage Mod: HP is shown in percentages\n|clearpoke\n|poke|p1|Indeedee, M|\n|poke|p1|Armarouge, M|\n|poke|p1|Cyclizar, M|\n|poke|p1|Sneasler, F|\n|poke|p1|Chi-Yu|\n|poke|p1|Palkia-Origin|\n|poke|p2|Torkoal, F|\n|poke|p2|Chi-Yu|\n|poke|p2|Shaymin-Sky|\n|poke|p2|Arceus-Fire|\n|poke|p2|Roaring Moon|\n|poke|p2|Walking Wake|\n|teampreview\n|inactive|Battle timer is ON: inactive players will automatically lose when time's up. (requested by Nitro524)\n|c|\u2606Nitro524|glhf\n|c|\u26061P1o1s1h1e1|u2\n|inactive|1P1o1s1h1e1 has 270 seconds left.\n|inactive|1P1o1s1h1e1 has 240 seconds left.\n|\n|t:|1699726151\n|start\n|switch|p1a: GhostBusters!|Indeedee, M|100\/100\n|switch|p2a: Arceus|Arceus-Fire|100\/100\n|-fieldstart|move: Psychic Terrain|[from] ability: Psychic Surge|[of] p1a: GhostBusters!\n|turn|1\n|\n|t:|1699726160\n|move|p2a: Arceus|Dragon Dance|p2a: Arceus\n|-boost|p2a: Arceus|atk|1\n|-boost|p2a: Arceus|spe|1\n|move|p1a: GhostBusters!|Encore|p2a: Arceus\n|-start|p2a: Arceus|Encore\n|\n|upkeep\n|turn|2\n|\n|t:|1699726167\n|switch|p1a: Animal Control|Armarouge, M|100\/100\n|move|p2a: Arceus|Dragon Dance|p2a: Arceus\n|-boost|p2a: Arceus|atk|1\n|-boost|p2a: Arceus|spe|1\n|\n|upkeep\n|turn|3\n|j| OceanicGamer3\n|\n|t:|1699726180\n|move|p2a: Arceus|Dragon Dance|p2a: Arceus\n|-boost|p2a: Arceus|atk|1\n|-boost|p2a: Arceus|spe|1\n|move|p1a: Animal Control|Iron Defense|p1a: Animal Control\n|-boost|p1a: Animal Control|def|2\n|\n|upkeep\n|turn|4\n|c| OceanicGamer3|hi guys\n|\n|t:|1699726205\n|move|p2a: Arceus|Dragon Dance|p2a: Arceus\n|-boost|p2a: Arceus|atk|1\n|-boost|p2a: Arceus|spe|1\n|move|p1a: Animal Control|Iron Defense|p1a: Animal Control\n|-boost|p1a: Animal Control|def|2\n|\n|-end|p2a: Arceus|Encore\n|upkeep\n|turn|5\n|inactive|Nitro524 has 270 seconds left.\n|\n|t:|1699726227\n|move|p2a: Arceus|Dragon Dance|p2a: Arceus\n|-boost|p2a: Arceus|atk|1\n|-boost|p2a: Arceus|spe|1\n|move|p1a: Animal Control|Iron Defense|p1a: Animal Control\n|-boost|p1a: Animal Control|def|2\n|\n|upkeep\n|turn|6\n|inactive|Nitro524 has 270 seconds left.\n|c| OceanicGamer3|that is one bulky armorouge\n|\n|t:|1699726241\n|switch|p2a: Did Not Smile Back|Chi-Yu|100\/100\n|-ability|p2a: Did Not Smile Back|Beads of Ruin\n|move|p1a: Animal Control|Calm Mind|p1a: Animal Control\n|-boost|p1a: Animal Control|spa|1\n|-boost|p1a: Animal Control|spd|1\n|\n|upkeep\n|turn|7\n|inactive|Nitro524 has 270 seconds left.\n|\n|t:|1699726258\n|-terastallize|p1a: Animal Control|Poison\n|move|p2a: Did Not Smile Back|Dark Pulse|p1a: Animal Control\n|-damage|p1a: Animal Control|54\/100\n|move|p1a: Animal Control|Calm Mind|p1a: Animal Control\n|-boost|p1a: Animal Control|spa|1\n|-boost|p1a: Animal Control|spd|1\n|\n|upkeep\n|turn|8\n|inactive|Nitro524 has 270 seconds left.\n|\n|t:|1699726269\n|switch|p2a: Bring The Sun|Torkoal, F|100\/100\n|-weather|SunnyDay|[from] ability: Drought|[of] p2a: Bring The Sun\n|move|p1a: Animal Control|Armor Cannon|p2a: Bring The Sun\n|-resisted|p2a: Bring The Sun\n|-damage|p2a: Bring The Sun|0 fnt\n|-unboost|p1a: Animal Control|def|1\n|-unboost|p1a: Animal Control|spd|1\n|faint|p2a: Bring The Sun\n|\n|-weather|SunnyDay|[upkeep]\n|-fieldend|move: Psychic Terrain\n|upkeep\n|\n|t:|1699726274\n|switch|p2a: Did Not Smile Back|Chi-Yu|100\/100\n|-ability|p2a: Did Not Smile Back|Beads of Ruin\n|turn|9\n|l| OceanicGamer3\n|c|\u2606Nitro524|i'm still good to play\n|inactive|1P1o1s1h1e1 has 270 seconds left.\n|\n|t:|1699726321\n|switch|p1a: Gas Pro Shop|Chi-Yu|100\/100\n|-ability|p1a: Gas Pro Shop|Beads of Ruin\n|move|p2a: Did Not Smile Back|Psychic|p1a: Gas Pro Shop\n|-immune|p1a: Gas Pro Shop\n|\n|-weather|SunnyDay|[upkeep]\n|upkeep\n|turn|10\n|\n|t:|1699726331\n|switch|p2a: Arceus|Arceus-Fire|100\/100\n|move|p1a: Gas Pro Shop|Fire Blast|p2a: Arceus\n|-resisted|p2a: Arceus\n|-damage|p2a: Arceus|61\/100\n|\n|-weather|SunnyDay|[upkeep]\n|upkeep\n|turn|11\n|\n|t:|1699726345\n|move|p1a: Gas Pro Shop|Fire Blast|p2a: Arceus\n|-resisted|p2a: Arceus\n|-damage|p2a: Arceus|17\/100\n|move|p2a: Arceus|Dragon Dance|p2a: Arceus\n|-boost|p2a: Arceus|atk|1\n|-boost|p2a: Arceus|spe|1\n|\n|-weather|SunnyDay|[upkeep]\n|upkeep\n|turn|12\n|inactive|1P1o1s1h1e1 has 270 seconds left.\n|\n|t:|1699726353\n|switch|p1a: Animal Control|Armarouge, M, tera:Poison|54\/100\n|move|p2a: Arceus|Recover|p2a: Arceus\n|-heal|p2a: Arceus|67\/100\n|\n|-weather|SunnyDay|[upkeep]\n|upkeep\n|turn|13\n|\n|t:|1699726360\n|move|p2a: Arceus|Earthquake|p1a: Animal Control\n|-supereffective|p1a: Animal Control\n|-damage|p1a: Animal Control|0 fnt\n|faint|p1a: Animal Control\n|\n|-weather|SunnyDay|[upkeep]\n|upkeep\n|c|\u2606Nitro524|rip\n|inactive|1P1o1s1h1e1 has 270 seconds left.\n|\n|t:|1699726373\n|switch|p1a: Trojan Wrap|Palkia-Origin|100\/100\n|-ability|p1a: Trojan Wrap|Pressure\n|turn|14\n|\n|t:|1699726382\n|move|p2a: Arceus|Earthquake|p1a: Trojan Wrap\n|-damage|p1a: Trojan Wrap|37\/100\n|move|p1a: Trojan Wrap|Scale Shot|p2a: Arceus\n|-damage|p2a: Arceus|59\/100\n|-damage|p2a: Arceus|51\/100\n|-damage|p2a: Arceus|44\/100\n|-hitcount|p2a: Arceus|3\n|-unboost|p1a: Trojan Wrap|def|1\n|-boost|p1a: Trojan Wrap|spe|1\n|\n|-weather|SunnyDay|[upkeep]\n|upkeep\n|turn|15\n|\n|t:|1699726402\n|move|p1a: Trojan Wrap|Spacial Rend|p2a: Arceus\n|-damage|p2a: Arceus|0 fnt\n|faint|p2a: Arceus\n|\n|-weather|none\n|upkeep\n|\n|t:|1699726417\n|switch|p2a: Did Not Smile Back|Chi-Yu|100\/100\n|-ability|p2a: Did Not Smile Back|Beads of Ruin\n|turn|16\n|\n|t:|1699726430\n|move|p1a: Trojan Wrap|Hydro Pump|p2a: Did Not Smile Back\n|-supereffective|p2a: Did Not Smile Back\n|-damage|p2a: Did Not Smile Back|0 fnt\n|faint|p2a: Did Not Smile Back\n|\n|upkeep\n|inactive|Nitro524 has 270 seconds left.\n|\n|t:|1699726453\n|switch|p2a: Hector Salamanca|Roaring Moon|100\/100\n|-enditem|p2a: Hector Salamanca|Booster Energy\n|-activate|p2a: Hector Salamanca|ability: Protosynthesis|[fromitem]\n|-start|p2a: Hector Salamanca|protosynthesisspe\n|turn|17\n|\n|t:|1699726460\n|-terastallize|p2a: Hector Salamanca|Steel\n|move|p1a: Trojan Wrap|Spacial Rend|p2a: Hector Salamanca\n|-resisted|p2a: Hector Salamanca\n|-damage|p2a: Hector Salamanca|69\/100\n|move|p2a: Hector Salamanca|Dragon Dance|p2a: Hector Salamanca\n|-boost|p2a: Hector Salamanca|atk|1\n|-boost|p2a: Hector Salamanca|spe|1\n|\n|upkeep\n|turn|18\n|inactive|Nitro524 has 270 seconds left.\n|\n|t:|1699726473\n|move|p2a: Hector Salamanca|Knock Off|p1a: Trojan Wrap\n|-damage|p1a: Trojan Wrap|0 fnt\n|faint|p1a: Trojan Wrap\n|\n|upkeep\n|\n|t:|1699726487\n|switch|p1a: GhostBusters!|Indeedee, M|100\/100\n|-fieldstart|move: Psychic Terrain|[from] ability: Psychic Surge|[of] p1a: GhostBusters!\n|turn|19\n|\n|t:|1699726494\n|move|p2a: Hector Salamanca|Knock Off|p1a: GhostBusters!\n|-supereffective|p1a: GhostBusters!\n|-damage|p1a: GhostBusters!|0 fnt\n|-enditem|p1a: GhostBusters!|Terrain Extender|[from] move: Knock Off|[of] p2a: Hector Salamanca\n|faint|p1a: GhostBusters!\n|\n|upkeep\n|\n|t:|1699726496\n|switch|p1a: Mulch Muncher|Sneasler, F|100\/100\n|-enditem|p1a: Mulch Muncher|Psychic Seed\n|-boost|p1a: Mulch Muncher|spd|1|[from] item: Psychic Seed\n|turn|20\n|\n|t:|1699726508\n|move|p2a: Hector Salamanca|Earthquake|p1a: Mulch Muncher\n|-supereffective|p1a: Mulch Muncher\n|-damage|p1a: Mulch Muncher|0 fnt\n|faint|p1a: Mulch Muncher\n|\n|upkeep\n|\n|t:|1699726511\n|switch|p1a: Gas Pro Shop|Chi-Yu|100\/100\n|-ability|p1a: Gas Pro Shop|Beads of Ruin\n|turn|21\n|\n|t:|1699726515\n|move|p2a: Hector Salamanca|Earthquake|p1a: Gas Pro Shop\n|-supereffective|p1a: Gas Pro Shop\n|-damage|p1a: Gas Pro Shop|0 fnt\n|faint|p1a: Gas Pro Shop\n|\n|upkeep\n|-message|1P1o1s1h1e1 forfeited.\n|\n|win|Nitro524\n","uploadtime":1699726532,"views":4,"p1id":"1p1o1s1h1e1","p2id":"nitro524","formatid":"gen9ubers","rating":0,"private":0,"password":""}