{"id":"gen9ubers-1997459754","p1":"344sead","p2":"XXI6130","format":"[Gen 9] Ubers","log":"|j|\u2606344sead\n|j|\u2606XXI6130\n|t:|1700809089\n|gametype|singles\n|player|p1|344sead|1|1000\n|player|p2|XXI6130|elesa|1026\n|teamsize|p1|6\n|teamsize|p2|6\n|gen|9\n|tier|[Gen 9] Ubers\n|rated|\n|rule|Sleep Clause Mod: Limit one foe put to sleep\n|rule|Species Clause: Limit one of each Pok\u00e9mon\n|rule|OHKO Clause: OHKO moves are banned\n|rule|Evasion Items Clause: Evasion items are banned\n|rule|Evasion Moves Clause: Evasion moves are banned\n|rule|Endless Battle Clause: Forcing endless battles is banned\n|rule|HP Percentage Mod: HP is shown in percentages\n|clearpoke\n|poke|p1|Koraidon|\n|poke|p1|Miraidon|\n|poke|p1|Skeledirge, F|\n|poke|p1|Urshifu-*, M|\n|poke|p1|Zacian-*|\n|poke|p1|Eternatus|\n|poke|p2|Ceruledge, M|\n|poke|p2|Ursaluna-Bloodmoon, M|\n|poke|p2|Glimmora, M|\n|poke|p2|Manaphy|\n|poke|p2|Cloyster, M|\n|poke|p2|Rillaboom, M|\n|teampreview\n|inactive|Battle timer is ON: inactive players will automatically lose when time's up. (requested by XXI6130)\n|\n|t:|1700809115\n|start\n|switch|p1a: Eternatus|Eternatus|100\/100\n|switch|p2a: Glimmora|Glimmora, M|100\/100\n|-ability|p1a: Eternatus|Pressure\n|turn|1\n|\n|t:|1700809134\n|switch|p1a: Urshifu|Urshifu-Rapid-Strike, M|100\/100\n|move|p2a: Glimmora|Toxic|p1a: Urshifu\n|-status|p1a: Urshifu|tox\n|\n|-damage|p1a: Urshifu|94\/100 tox|[from] psn\n|upkeep\n|turn|2\n|\n|t:|1700809145\n|move|p1a: Urshifu|Surging Strikes|p2a: Glimmora\n|-supereffective|p2a: Glimmora\n|-crit|p2a: Glimmora\n|-damage|p2a: Glimmora|58\/100\n|-supereffective|p2a: Glimmora\n|-crit|p2a: Glimmora\n|-damage|p2a: Glimmora|9\/100\n|-supereffective|p2a: Glimmora\n|-crit|p2a: Glimmora\n|-damage|p2a: Glimmora|0 fnt\n|faint|p2a: Glimmora\n|-hitcount|p2: Glimmora|3\n|\n|-damage|p1a: Urshifu|82\/100 tox|[from] psn\n|upkeep\n|\n|t:|1700809155\n|switch|p2a: Rillaboom|Rillaboom, M|100\/100\n|-fieldstart|move: Grassy Terrain|[from] ability: Grassy Surge|[of] p2a: Rillaboom\n|turn|3\n|\n|t:|1700809166\n|switch|p1a: Eternatus|Eternatus|100\/100\n|-ability|p1a: Eternatus|Pressure\n|move|p2a: Rillaboom|Knock Off|p1a: Eternatus\n|-damage|p1a: Eternatus|70\/100\n|-enditem|p1a: Eternatus|Leftovers|[from] move: Knock Off|[of] p2a: Rillaboom\n|\n|-heal|p1a: Eternatus|76\/100|[from] Grassy Terrain\n|upkeep\n|turn|4\n|\n|t:|1700809179\n|move|p1a: Eternatus|Flamethrower|p2a: Rillaboom\n|-supereffective|p2a: Rillaboom\n|-damage|p2a: Rillaboom|20\/100\n|move|p2a: Rillaboom|Knock Off|p1a: Eternatus\n|-damage|p1a: Eternatus|53\/100\n|\n|-heal|p1a: Eternatus|59\/100|[from] Grassy Terrain\n|-heal|p2a: Rillaboom|26\/100|[from] Grassy Terrain\n|upkeep\n|turn|5\n|\n|t:|1700809185\n|move|p1a: Eternatus|Flamethrower|p2a: Rillaboom\n|-supereffective|p2a: Rillaboom\n|-damage|p2a: Rillaboom|0 fnt\n|faint|p2a: Rillaboom\n|\n|-heal|p1a: Eternatus|65\/100|[from] Grassy Terrain\n|upkeep\n|\n|t:|1700809189\n|switch|p2a: The Big Clam|Cloyster, M, shiny|100\/100\n|turn|6\n|\n|t:|1700809202\n|move|p1a: Eternatus|Toxic|p2a: The Big Clam\n|-status|p2a: The Big Clam|tox\n|move|p2a: The Big Clam|Shell Smash|p2a: The Big Clam\n|-unboost|p2a: The Big Clam|def|1\n|-unboost|p2a: The Big Clam|spd|1\n|-boost|p2a: The Big Clam|atk|2\n|-boost|p2a: The Big Clam|spa|2\n|-boost|p2a: The Big Clam|spe|2\n|-enditem|p2a: The Big Clam|White Herb\n|-clearnegativeboost|p2a: The Big Clam|[silent]\n|\n|-heal|p1a: Eternatus|72\/100|[from] Grassy Terrain\n|-damage|p2a: The Big Clam|94\/100 tox|[from] psn\n|upkeep\n|turn|7\n|\n|t:|1700809209\n|switch|p1a: Skeledirge|Skeledirge, F|100\/100\n|-terastallize|p2a: The Big Clam|Steel\n|move|p2a: The Big Clam|Icicle Spear|p1a: Skeledirge\n|-resisted|p1a: Skeledirge\n|-damage|p1a: Skeledirge|96\/100\n|-resisted|p1a: Skeledirge\n|-damage|p1a: Skeledirge|91\/100\n|-resisted|p1a: Skeledirge\n|-damage|p1a: Skeledirge|86\/100\n|-resisted|p1a: Skeledirge\n|-damage|p1a: Skeledirge|81\/100\n|-resisted|p1a: Skeledirge\n|-damage|p1a: Skeledirge|76\/100\n|-hitcount|p1a: Skeledirge|5\n|\n|-heal|p2a: The Big Clam|100\/100 tox|[from] Grassy Terrain\n|-heal|p1a: Skeledirge|82\/100|[from] Grassy Terrain\n|-damage|p2a: The Big Clam|88\/100 tox|[from] psn\n|-fieldend|move: Grassy Terrain\n|upkeep\n|turn|8\n|\n|t:|1700809217\n|move|p2a: The Big Clam|Rock Blast|p1a: Skeledirge\n|-supereffective|p1a: Skeledirge\n|-damage|p1a: Skeledirge|68\/100\n|-supereffective|p1a: Skeledirge\n|-damage|p1a: Skeledirge|54\/100\n|-supereffective|p1a: Skeledirge\n|-damage|p1a: Skeledirge|41\/100\n|-supereffective|p1a: Skeledirge\n|-damage|p1a: Skeledirge|28\/100\n|-supereffective|p1a: Skeledirge\n|-damage|p1a: Skeledirge|16\/100\n|-hitcount|p1a: Skeledirge|5\n|move|p1a: Skeledirge|Torch Song|p2a: The Big Clam\n|-supereffective|p2a: The Big Clam\n|-damage|p2a: The Big Clam|0 fnt\n|-boost|p1a: Skeledirge|spa|1\n|faint|p2a: The Big Clam\n|\n|upkeep\n|\n|t:|1700809229\n|switch|p2a: Manaphy|Manaphy|100\/100\n|turn|9\n|\n|t:|1700809234\n|move|p2a: Manaphy|Scald|p1a: Skeledirge\n|-supereffective|p1a: Skeledirge\n|-damage|p1a: Skeledirge|0 fnt\n|faint|p1a: Skeledirge\n|\n|upkeep\n|\n|t:|1700809238\n|switch|p1a: Miraidon|Miraidon|100\/100\n|-fieldstart|move: Electric Terrain|[from] ability: Hadron Engine|[of] p1a: Miraidon\n|turn|10\n|inactive|344sead has 120 seconds left.\n|-message|XXI6130 forfeited.\n|\n|win|344sead\n|raw|344sead's rating: 1000 &rarr; <strong>1043<\/strong><br \/>(+43 for winning)\n|raw|XXI6130's rating: 1026 &rarr; <strong>1011<\/strong><br \/>(-15 for losing)\n|l|\u2606XXI6130\n","uploadtime":1700809289,"views":8,"p1id":"344sead","p2id":"xxi6130","formatid":"gen9ubers","rating":1011,"private":0,"password":""}