{"id":"gen9ubers-1974320590","p1":"Civil gym funky","p2":"Anne Frankkkk","format":"[Gen 9] Ubers","log":"|j|\u2606Civil gym funky\n|j|\u2606Anne Frankkkk\n|t:|1698077640\n|gametype|singles\n|player|p1|Civil gym funky|cynthia-gen4|1153\n|player|p2|Anne Frankkkk|hilbert|1120\n|teamsize|p1|6\n|teamsize|p2|6\n|gen|9\n|tier|[Gen 9] Ubers\n|rated|\n|rule|Sleep Clause Mod: Limit one foe put to sleep\n|rule|Species Clause: Limit one of each Pok\u00e9mon\n|rule|OHKO Clause: OHKO moves are banned\n|rule|Evasion Items Clause: Evasion items are banned\n|rule|Evasion Moves Clause: Evasion moves are banned\n|rule|Endless Battle Clause: Forcing endless battles is banned\n|rule|HP Percentage Mod: HP is shown in percentages\n|clearpoke\n|poke|p1|Torkoal, M|\n|poke|p1|Roaring Moon|\n|poke|p1|Dachsbun, M|\n|poke|p1|Samurott-Hisui, M|\n|poke|p1|Miraidon|\n|poke|p1|Gholdengo|\n|poke|p2|Iron Hands|\n|poke|p2|Kyogre|\n|poke|p2|Chien-Pao|\n|poke|p2|Ribombee, M|\n|poke|p2|Miraidon|\n|poke|p2|Flutter Mane|\n|teampreview\n|inactive|Battle timer is ON: inactive players will automatically lose when time's up. (requested by Civil gym funky)\n|\n|t:|1698077645\n|start\n|switch|p1a: 1k sunny|Torkoal, M, shiny|100\/100\n|switch|p2a: Ribombee|Ribombee, M, shiny|100\/100\n|-weather|SunnyDay|[from] ability: Drought|[of] p1a: 1k sunny\n|turn|1\n|\n|t:|1698077657\n|move|p2a: Ribombee|Sticky Web|p1a: 1k sunny\n|-sidestart|p1: Civil gym funky|move: Sticky Web\n|move|p1a: 1k sunny|Stealth Rock|p2a: Ribombee\n|-sidestart|p2: Anne Frankkkk|move: Stealth Rock\n|\n|-weather|SunnyDay|[upkeep]\n|upkeep\n|turn|2\n|\n|t:|1698077664\n|switch|p2a: Flutter Mane|Flutter Mane, shiny|100\/100\n|-damage|p2a: Flutter Mane|88\/100|[from] Stealth Rock\n|-activate|p2a: Flutter Mane|ability: Protosynthesis\n|-start|p2a: Flutter Mane|protosynthesisspe\n|move|p1a: 1k sunny|Lava Plume|p2a: Flutter Mane\n|-damage|p2a: Flutter Mane|47\/100\n|\n|-weather|SunnyDay|[upkeep]\n|upkeep\n|turn|3\n|\n|t:|1698077672\n|switch|p1a: Zoro|Samurott-Hisui, M, shiny|100\/100\n|-activate|p1a: Zoro|move: Sticky Web\n|-unboost|p1a: Zoro|spe|1\n|move|p2a: Flutter Mane|Power Gem|p1a: Zoro\n|-damage|p1a: Zoro|54\/100\n|\n|-weather|SunnyDay|[upkeep]\n|upkeep\n|turn|4\n|\n|t:|1698077678\n|move|p2a: Flutter Mane|Moonblast|p1a: Zoro\n|-supereffective|p1a: Zoro\n|-damage|p1a: Zoro|0 fnt\n|faint|p1a: Zoro\n|\n|-weather|SunnyDay|[upkeep]\n|upkeep\n|\n|t:|1698077682\n|switch|p1a: Nami|Dachsbun, M, shiny|100\/100\n|-activate|p1a: Nami|move: Sticky Web\n|-unboost|p1a: Nami|spe|1\n|turn|5\n|\n|t:|1698077688\n|move|p2a: Flutter Mane|Moonblast|p1a: Nami\n|-damage|p1a: Nami|41\/100\n|move|p1a: Nami|Yawn|p2a: Flutter Mane\n|-start|p2a: Flutter Mane|move: Yawn|[of] p1a: Nami\n|\n|-weather|none\n|-end|p2a: Flutter Mane|Protosynthesis\n|-heal|p1a: Nami|47\/100|[from] item: Leftovers\n|upkeep\n|-enditem|p2a: Flutter Mane|Booster Energy\n|-activate|p2a: Flutter Mane|ability: Protosynthesis|[fromitem]\n|-start|p2a: Flutter Mane|protosynthesisspe\n|turn|6\n|\n|t:|1698077710\n|move|p1a: Nami|Protect|p1a: Nami\n|-singleturn|p1a: Nami|Protect\n|move|p2a: Flutter Mane|Moonblast|p1a: Nami\n|-activate|p1a: Nami|move: Protect\n|\n|-heal|p1a: Nami|53\/100|[from] item: Leftovers\n|-end|p2a: Flutter Mane|move: Yawn|[silent]\n|-status|p2a: Flutter Mane|slp\n|upkeep\n|turn|7\n|\n|t:|1698077714\n|cant|p2a: Flutter Mane|slp\n|move|p1a: Nami|Wish|p1a: Nami\n|\n|-heal|p1a: Nami|59\/100|[from] item: Leftovers\n|upkeep\n|turn|8\n|\n|t:|1698077718\n|cant|p2a: Flutter Mane|slp\n|move|p1a: Nami|Play Rough|p2a: Flutter Mane\n|-damage|p2a: Flutter Mane|0 fnt\n|faint|p2a: Flutter Mane\n|-end|p2a: Flutter Mane|Protosynthesis|[silent]\n|\n|-heal|p1a: Nami|100\/100|[from] move: Wish|[wisher] Nami\n|upkeep\n|\n|t:|1698077726\n|switch|p2a: Kyogre|Kyogre|100\/100\n|-damage|p2a: Kyogre|88\/100|[from] Stealth Rock\n|-weather|RainDance|[from] ability: Drizzle|[of] p2a: Kyogre\n|turn|9\n|inactive|Civil gym funky has 120 seconds left.\n|\n|t:|1698077763\n|move|p2a: Kyogre|Water Spout|p1a: Nami\n|-damage|p1a: Nami|0 fnt\n|faint|p1a: Nami\n|\n|-weather|RainDance|[upkeep]\n|upkeep\n|\n|t:|1698077767\n|switch|p1a: Gholdengo|Gholdengo, shiny|100\/100\n|-activate|p1a: Gholdengo|move: Sticky Web\n|-unboost|p1a: Gholdengo|spe|1\n|turn|10\n|\n|t:|1698077769\n|move|p1a: Gholdengo|Protect|p1a: Gholdengo\n|-singleturn|p1a: Gholdengo|Protect\n|move|p2a: Kyogre|Water Spout|p1a: Gholdengo\n|-activate|p1a: Gholdengo|move: Protect\n|\n|-weather|RainDance|[upkeep]\n|upkeep\n|turn|11\n|\n|t:|1698077772\n|move|p2a: Kyogre|Water Spout|p1a: Gholdengo\n|-damage|p1a: Gholdengo|0 fnt\n|faint|p1a: Gholdengo\n|\n|-weather|RainDance|[upkeep]\n|upkeep\n|\n|t:|1698077776\n|switch|p1a: Enel|Miraidon|100\/100\n|-activate|p1a: Enel|move: Sticky Web\n|-unboost|p1a: Enel|spe|1\n|-fieldstart|move: Electric Terrain|[from] ability: Hadron Engine|[of] p1a: Enel\n|turn|12\n|\n|t:|1698077781\n|-terastallize|p2a: Kyogre|Water\n|move|p2a: Kyogre|Water Spout|p1a: Enel\n|-resisted|p1a: Enel\n|-damage|p1a: Enel|0 fnt\n|faint|p1a: Enel\n|\n|-weather|RainDance|[upkeep]\n|upkeep\n|\n|t:|1698077793\n|switch|p1a: 1k sunny|Torkoal, M, shiny|100\/100\n|-activate|p1a: 1k sunny|move: Sticky Web\n|-unboost|p1a: 1k sunny|spe|1\n|-weather|SunnyDay|[from] ability: Drought|[of] p1a: 1k sunny\n|turn|13\n|\n|t:|1698077796\n|move|p2a: Kyogre|Water Spout|p1a: 1k sunny\n|-supereffective|p1a: 1k sunny\n|-damage|p1a: 1k sunny|0 fnt\n|faint|p1a: 1k sunny\n|\n|-weather|SunnyDay|[upkeep]\n|upkeep\n|\n|t:|1698077799\n|switch|p1a: Kaido|Roaring Moon, shiny|100\/100\n|-activate|p1a: Kaido|move: Sticky Web\n|-unboost|p1a: Kaido|spe|1\n|-activate|p1a: Kaido|ability: Protosynthesis\n|-start|p1a: Kaido|protosynthesisatk\n|turn|14\n|\n|t:|1698077802\n|-terastallize|p1a: Kaido|Flying\n|move|p2a: Kyogre|Water Spout|p1a: Kaido\n|-damage|p1a: Kaido|32\/100\n|move|p1a: Kaido|Dragon Dance|p1a: Kaido\n|-boost|p1a: Kaido|atk|1\n|-boost|p1a: Kaido|spe|1\n|\n|-weather|SunnyDay|[upkeep]\n|upkeep\n|turn|15\n|\n|t:|1698077807\n|move|p1a: Kaido|Acrobatics|p2a: Kyogre\n|-damage|p2a: Kyogre|16\/100\n|move|p2a: Kyogre|Water Spout|p1a: Kaido\n|-damage|p1a: Kaido|20\/100\n|\n|-weather|SunnyDay|[upkeep]\n|upkeep\n|turn|16\n|\n|t:|1698077822\n|move|p1a: Kaido|Dragon Claw|p2a: Kyogre\n|-damage|p2a: Kyogre|0 fnt\n|faint|p2a: Kyogre\n|\n|-weather|SunnyDay|[upkeep]\n|-fieldend|move: Electric Terrain\n|upkeep\n|\n|t:|1698077829\n|switch|p2a: Ribombee|Ribombee, M, shiny|100\/100\n|-damage|p2a: Ribombee|76\/100|[from] Stealth Rock\n|turn|17\n|\n|t:|1698077841\n|move|p2a: Ribombee|Moonblast|p1a: Kaido\n|-damage|p1a: Kaido|0 fnt\n|faint|p1a: Kaido\n|-end|p1a: Kaido|Protosynthesis|[silent]\n|\n|win|Anne Frankkkk\n|raw|Civil gym funky's rating: 1105 &rarr; <strong>1081<\/strong><br \/>(-24 for losing)\n|raw|Anne Frankkkk's rating: 1120 &rarr; <strong>1144<\/strong><br \/>(+24 for winning)\n|l|\u2606Civil gym funky\n","uploadtime":1698077847,"views":11,"p1id":"civilgymfunky","p2id":"annefrankkkk","formatid":"gen9ubers","rating":1081,"private":0,"password":""}