{"id":"gen9ubers-1994268259","p1":"Rubyboi711","p2":"Piteno","format":"[Gen 9] Ubers","log":"|j|\u2606Rubyboi711\n|j|\u2606Piteno\n|t:|1700425319\n|gametype|singles\n|player|p1|Rubyboi711|volkner|1180\n|player|p2|Piteno|101|1099\n|teamsize|p1|6\n|teamsize|p2|6\n|gen|9\n|tier|[Gen 9] Ubers\n|rated|\n|rule|Sleep Clause Mod: Limit one foe put to sleep\n|rule|Species Clause: Limit one of each Pok\u00e9mon\n|rule|OHKO Clause: OHKO moves are banned\n|rule|Evasion Items Clause: Evasion items are banned\n|rule|Evasion Moves Clause: Evasion moves are banned\n|rule|Endless Battle Clause: Forcing endless battles is banned\n|rule|HP Percentage Mod: HP is shown in percentages\n|clearpoke\n|poke|p1|Mewtwo|\n|poke|p1|Avalugg-Hisui, M|\n|poke|p1|Gliscor, M|\n|poke|p1|Koraidon|\n|poke|p1|Miraidon|\n|poke|p1|Arceus-Water|\n|poke|p2|Corviknight, F|\n|poke|p2|Ceruledge, F|\n|poke|p2|Arceus|\n|poke|p2|Glimmora, M|\n|poke|p2|Kyogre|\n|poke|p2|Landorus-Therian, M|\n|teampreview\n|\n|t:|1700425326\n|start\n|switch|p1a: Gliscor|Gliscor, M|100\/100\n|switch|p2a: Glimmora|Glimmora, M|100\/100\n|turn|1\n|\n|t:|1700425333\n|move|p1a: Gliscor|Swords Dance|p1a: Gliscor\n|-boost|p1a: Gliscor|atk|2\n|move|p2a: Glimmora|Toxic|p1a: Gliscor\n|-status|p1a: Gliscor|tox\n|\n|upkeep\n|turn|2\n|\n|t:|1700425360\n|move|p1a: Gliscor|Swords Dance|p1a: Gliscor\n|-boost|p1a: Gliscor|atk|2\n|move|p2a: Glimmora|Stealth Rock|p1a: Gliscor\n|-sidestart|p1: Rubyboi711|move: Stealth Rock\n|\n|upkeep\n|turn|3\n|\n|t:|1700425372\n|move|p1a: Gliscor|Swords Dance|p1a: Gliscor\n|-boost|p1a: Gliscor|atk|2\n|move|p2a: Glimmora|Spikes|p1a: Gliscor\n|-sidestart|p1: Rubyboi711|Spikes\n|\n|upkeep\n|turn|4\n|\n|t:|1700425378\n|move|p1a: Gliscor|Earthquake|p2a: Glimmora\n|-supereffective|p2a: Glimmora\n|-damage|p2a: Glimmora|0 fnt\n|-activate|p2a: Glimmora|ability: Toxic Debris\n|-sidestart|p1: Rubyboi711|move: Toxic Spikes\n|faint|p2a: Glimmora\n|\n|upkeep\n|\n|t:|1700425385\n|switch|p2a: Corviknight|Corviknight, F|100\/100\n|-ability|p2a: Corviknight|Pressure\n|turn|5\n|inactive|Battle timer is ON: inactive players will automatically lose when time's up. (requested by Piteno)\n|\n|t:|1700425425\n|move|p1a: Gliscor|Knock Off|p2a: Corviknight\n|-damage|p2a: Corviknight|19\/100\n|-enditem|p2a: Corviknight|Leftovers|[from] move: Knock Off|[of] p1a: Gliscor\n|move|p2a: Corviknight|Air Slash|p1a: Gliscor\n|-damage|p1a: Gliscor|75\/100 tox\n|\n|-heal|p1a: Gliscor|88\/100 tox|[from] ability: Poison Heal\n|upkeep\n|turn|6\n|\n|t:|1700425437\n|move|p1a: Gliscor|Knock Off|p2a: Corviknight\n|-damage|p2a: Corviknight|0 fnt\n|faint|p2a: Corviknight\n|\n|-heal|p1a: Gliscor|99\/100 tox|[from] ability: Poison Heal\n|upkeep\n|\n|t:|1700425446\n|switch|p2a: Landorus|Landorus-Therian, M|100\/100\n|-ability|p2a: Landorus|Intimidate|boost\n|-unboost|p1a: Gliscor|atk|1\n|turn|7\n|\n|t:|1700425451\n|move|p1a: Gliscor|Facade|p2a: Landorus\n|-damage|p2a: Landorus|0 fnt\n|faint|p2a: Landorus\n|\n|-heal|p1a: Gliscor|100\/100 tox|[from] ability: Poison Heal\n|upkeep\n|-message|Piteno forfeited.\n|\n|win|Rubyboi711\n|raw|Rubyboi711's rating: 1180 &rarr; <strong>1199<\/strong><br \/>(+19 for winning)\n|raw|Piteno's rating: 1099 &rarr; <strong>1080<\/strong><br \/>(-19 for losing)\n|l|\u2606Piteno\n","uploadtime":1700425464,"views":10,"p1id":"rubyboi711","p2id":"piteno","formatid":"gen9ubers","rating":1080,"private":0,"password":""}