{"id":"gen9ubers-1990641920","p1":"Tinkisgaming","p2":"Misterharout0811","format":"[Gen 9] Ubers","log":"|j|\u2606Tinkisgaming\n|j|\u2606Misterharout0811\n|t:|1699988065\n|gametype|singles\n|player|p1|Tinkisgaming|ghetsis|\n|player|p2|Misterharout0811|2|\n|teamsize|p1|6\n|teamsize|p2|6\n|gen|9\n|tier|[Gen 9] Ubers\n|rule|Sleep Clause Mod: Limit one foe put to sleep\n|rule|Species Clause: Limit one of each Pok\u00e9mon\n|rule|OHKO Clause: OHKO moves are banned\n|rule|Evasion Items Clause: Evasion items are banned\n|rule|Evasion Moves Clause: Evasion moves are banned\n|rule|Endless Battle Clause: Forcing endless battles is banned\n|rule|HP Percentage Mod: HP is shown in percentages\n|clearpoke\n|poke|p1|Iron Moth|\n|poke|p1|Glimmora, F|\n|poke|p1|Spiritomb, M|\n|poke|p1|Krookodile, M|\n|poke|p1|Ribombee, F|\n|poke|p1|Altaria, M|\n|poke|p2|Regieleki|\n|poke|p2|Charizard, F|\n|poke|p2|Mimikyu, F|\n|poke|p2|Garganacl, M|\n|poke|p2|Gardevoir, F|\n|poke|p2|Zarude|\n|teampreview\n|c|\u2606Tinkisgaming|good luck\n|c|\u2606Misterharout0811|gl hf\n|j| butter dk\n|j| ralph smogon\n|c| butter dk|\ud83d\udde3\ufe0f\ud83d\udde3\ufe0f\ud83d\udde3\ufe0f\ud83d\udde3\ufe0f\ud83d\udde3\ufe0f\n|c| ralph smogon|how  i turn this fucked up music off\n|c| ralph smogon|help\n|c| ralph smogon|its so loud\n|c|\u2606Tinkisgaming|i just mute the site\n|c|\u2606Misterharout0811|top right\n|c| butter dk|top right lex\n|c|\u2606Misterharout0811|volume\n|c| ralph smogon|ty\n|c| butter dk|hrants team kinda spooky\n|\n|t:|1699988139\n|start\n|switch|p1a: blub|Glimmora, F|100\/100\n|switch|p2a: Garganacl|Garganacl, M, shiny|100\/100\n|turn|1\n|\n|t:|1699988165\n|switch|p1a: borb|Altaria, M|100\/100\n|-ability|p1a: borb|Cloud Nine\n|move|p2a: Garganacl|Earthquake|p1a: borb\n|-immune|p1a: borb\n|\n|upkeep\n|turn|2\n|\n|t:|1699988179\n|move|p1a: borb|Fire Spin|p2a: Garganacl|[miss]\n|-miss|p1a: borb|p2a: Garganacl\n|move|p2a: Garganacl|Salt Cure|p1a: borb\n|-supereffective|p1a: borb\n|-damage|p1a: borb|72\/100\n|-start|p1a: borb|Salt Cure\n|\n|-heal|p1a: borb|78\/100|[from] item: Leftovers\n|-damage|p1a: borb|65\/100|[from] Salt Cure\n|upkeep\n|turn|3\n|\n|t:|1699988191\n|move|p1a: borb|Fire Spin|p2a: Garganacl\n|-resisted|p2a: Garganacl\n|-crit|p2a: Garganacl\n|-damage|p2a: Garganacl|97\/100\n|-activate|p2a: Garganacl|move: Fire Spin|[of] p1a: borb\n|move|p2a: Garganacl|Stealth Rock|p1a: borb\n|-sidestart|p1: Tinkisgaming|move: Stealth Rock\n|\n|-heal|p1a: borb|72\/100|[from] item: Leftovers\n|-heal|p2a: Garganacl|100\/100|[from] item: Leftovers\n|-damage|p1a: borb|59\/100|[from] Salt Cure\n|-damage|p2a: Garganacl|88\/100|[from] move: Fire Spin|[partiallytrapped]\n|upkeep\n|turn|4\n|j| Bigsmokemorel\n|\n|t:|1699988205\n|move|p1a: borb|Perish Song|p1a: borb\n|-start|p1a: borb|perish3|[silent]\n|-start|p2a: Garganacl|perish3|[silent]\n|-fieldactivate|move: Perish Song\n|move|p2a: Garganacl|Salt Cure|p1a: borb\n|-supereffective|p1a: borb\n|-damage|p1a: borb|32\/100\n|\n|-heal|p1a: borb|38\/100|[from] item: Leftovers\n|-heal|p2a: Garganacl|94\/100|[from] item: Leftovers\n|-damage|p1a: borb|26\/100|[from] Salt Cure\n|-damage|p2a: Garganacl|82\/100|[from] move: Fire Spin|[partiallytrapped]\n|-start|p1a: borb|perish3\n|-start|p2a: Garganacl|perish3\n|upkeep\n|turn|5\n|\n|t:|1699988217\n|move|p1a: borb|Roost|p1a: borb\n|-heal|p1a: borb|76\/100\n|-singleturn|p1a: borb|move: Roost\n|move|p2a: Garganacl|Salt Cure|p1a: borb\n|-damage|p1a: borb|60\/100\n|\n|-heal|p1a: borb|67\/100|[from] item: Leftovers\n|-heal|p2a: Garganacl|88\/100|[from] item: Leftovers\n|-damage|p1a: borb|54\/100|[from] Salt Cure\n|-damage|p2a: Garganacl|76\/100|[from] move: Fire Spin|[partiallytrapped]\n|-start|p1a: borb|perish2\n|-start|p2a: Garganacl|perish2\n|upkeep\n|turn|6\n|c| ralph smogon|oh shit\n|c| butter dk|bro is Perishing\n|\n|t:|1699988237\n|move|p1a: borb|Roost|p1a: borb\n|-heal|p1a: borb|100\/100\n|-singleturn|p1a: borb|move: Roost\n|move|p2a: Garganacl|Salt Cure|p1a: borb\n|-damage|p1a: borb|87\/100\n|\n|-heal|p1a: borb|93\/100|[from] item: Leftovers\n|-heal|p2a: Garganacl|82\/100|[from] item: Leftovers\n|-damage|p1a: borb|80\/100|[from] Salt Cure\n|-damage|p2a: Garganacl|70\/100|[from] move: Fire Spin|[partiallytrapped]\n|-start|p1a: borb|perish1\n|-start|p2a: Garganacl|perish1\n|upkeep\n|turn|7\n|c| Bigsmokemorel|The immovable object vs the irresistible force\n|c|\u2606Tinkisgaming|i had no idea what to do about this mon so like\n|c| ralph smogon|can altaria just hit the bricks now\n|\n|t:|1699988265\n|switch|p1a: blub|Glimmora, F|100\/100\n|-damage|p1a: blub|88\/100|[from] Stealth Rock\n|move|p2a: Garganacl|Earthquake|p1a: blub\n|-supereffective|p1a: blub\n|-damage|p1a: blub|0 fnt\n|-activate|p1a: blub|ability: Toxic Debris\n|-sidestart|p2: Misterharout0811|move: Toxic Spikes\n|faint|p1a: blub\n|\n|-heal|p2a: Garganacl|76\/100|[from] item: Leftovers\n|-end|p2a: Garganacl|Fire Spin|[partiallytrapped]\n|-start|p2a: Garganacl|perish0\n|upkeep\n|faint|p2a: Garganacl\n|c| butter dk|the read\n|j| pbrake12\n|c| butter dk|how does hrant see it so differently\n|c| butter dk|harout\n|c|\u2606Tinkisgaming|that hurt the soul\n|\n|t:|1699988290\n|switch|p1a: scott|Krookodile, M|100\/100\n|switch|p2a: Mimikyu|Mimikyu, F|100\/100\n|-damage|p1a: scott|94\/100|[from] Stealth Rock\n|turn|8\n|c| Bigsmokemorel|zard bouta go brazy\n|\n|t:|1699988354\n|switch|p1a: butter?|Ribombee, F|100\/100\n|move|p2a: Mimikyu|Swords Dance|p2a: Mimikyu\n|-boost|p2a: Mimikyu|atk|2\n|\n|upkeep\n|turn|9\n|\n|t:|1699988373\n|move|p1a: butter?|Moonblast|p2a: Mimikyu\n|-activate|p2a: Mimikyu|ability: Disguise\n|-damage|p2a: Mimikyu|100\/100\n|detailschange|p2a: Mimikyu|Mimikyu-Busted, F\n|-damage|p2a: Mimikyu|88\/100|[from] pokemon: Mimikyu-Busted\n|move|p2a: Mimikyu|Play Rough|p1a: butter?\n|-damage|p1a: butter?|0 fnt\n|faint|p1a: butter?\n|\n|upkeep\n|\n|t:|1699988398\n|switch|p1a: scott|Krookodile, M|94\/100\n|-damage|p1a: scott|88\/100|[from] Stealth Rock\n|turn|10\n|\n|t:|1699988412\n|move|p1a: scott|Earthquake|p2a: Mimikyu\n|-damage|p2a: Mimikyu|14\/100\n|move|p2a: Mimikyu|Play Rough|p1a: scott\n|-supereffective|p1a: scott\n|-crit|p1a: scott\n|-damage|p1a: scott|0 fnt\n|faint|p1a: scott\n|\n|upkeep\n|c| ralph smogon|beast\n|\n|t:|1699988420\n|switch|p1a: vortex|Spiritomb, M|100\/100\n|-damage|p1a: vortex|88\/100|[from] Stealth Rock\n|turn|11\n|\n|t:|1699988435\n|move|p2a: Mimikyu|Shadow Sneak|p1a: vortex\n|-damage|p1a: vortex|52\/100\n|move|p1a: vortex|Sucker Punch||[still]\n|-fail|p1a: vortex\n|\n|-heal|p1a: vortex|59\/100|[from] item: Leftovers\n|upkeep\n|turn|12\n|c| ralph smogon|LOL\n|c|\u2606Tinkisgaming|huh\n|c| butter dk|oh shit\n|\n|t:|1699988444\n|move|p1a: vortex|Shadow Sneak|p2a: Mimikyu\n|-supereffective|p2a: Mimikyu\n|-damage|p2a: Mimikyu|0 fnt\n|faint|p2a: Mimikyu\n|\n|-heal|p1a: vortex|65\/100|[from] item: Leftovers\n|upkeep\n|c| butter dk|his different\n|c|\u2606Tinkisgaming|i didnt know thats how that worked\n|c| butter dk|hes\n|\n|t:|1699988459\n|switch|p2a: Zarude|Zarude|100\/100\n|-status|p2a: Zarude|psn\n|turn|13\n|c| ralph smogon|whats that lil thing behind spiritomb\n|c| butter dk|he hides in that\n|c| ralph smogon|wtf\n|\n|t:|1699988502\n|move|p2a: Zarude|Bulk Up|p2a: Zarude\n|-boost|p2a: Zarude|atk|1\n|-boost|p2a: Zarude|def|1\n|move|p1a: vortex|Poltergeist|p2a: Zarude\n|-activate|p2a: Zarude|move: Poltergeist|Leftovers\n|-resisted|p2a: Zarude\n|-damage|p2a: Zarude|91\/100 psn\n|\n|-heal|p2a: Zarude|97\/100 psn|[from] item: Leftovers\n|-heal|p1a: vortex|71\/100|[from] item: Leftovers\n|-damage|p2a: Zarude|85\/100 psn|[from] psn\n|upkeep\n|turn|14\n|\n|t:|1699988514\n|switch|p1a: borb|Altaria, M|80\/100\n|-damage|p1a: borb|56\/100|[from] Stealth Rock\n|-ability|p1a: borb|Cloud Nine\n|move|p2a: Zarude|Knock Off|p1a: borb\n|-damage|p1a: borb|0 fnt\n|-enditem|p1a: borb|Leftovers|[from] move: Knock Off|[of] p2a: Zarude\n|faint|p1a: borb\n|\n|-heal|p2a: Zarude|91\/100 psn|[from] item: Leftovers\n|-damage|p2a: Zarude|78\/100 psn|[from] psn\n|upkeep\n|\n|t:|1699988517\n|switch|p1a: mothron|Iron Moth|100\/100\n|-damage|p1a: mothron|76\/100|[from] Stealth Rock\n|-enditem|p1a: mothron|Booster Energy\n|-activate|p1a: mothron|ability: Quark Drive|[fromitem]\n|-start|p1a: mothron|quarkdrivespa\n|turn|15\n|c| ralph smogon|god damn\n|\n|t:|1699988541\n|switch|p2a: Charizard|Charizard, F|100\/100\n|-terastallize|p1a: mothron|Grass\n|move|p1a: mothron|Fiery Dance|p2a: Charizard\n|-resisted|p2a: Charizard\n|-damage|p2a: Charizard|58\/100\n|-boost|p1a: mothron|spa|1\n|\n|upkeep\n|turn|16\n|c| butter dk|this moth so quarked up\n|c| ralph smogon|oh no\n|\n|t:|1699988598\n|-end|p1a: mothron|Quark Drive|[silent]\n|switch|p1a: vortex|Spiritomb, M|71\/100\n|-damage|p1a: vortex|59\/100|[from] Stealth Rock\n|-terastallize|p2a: Charizard|Dragon\n|move|p2a: Charizard|Flare Blitz|p1a: vortex\n|-damage|p1a: vortex|10\/100\n|-damage|p2a: Charizard|42\/100|[from] Recoil\n|\n|-heal|p1a: vortex|17\/100|[from] item: Leftovers\n|upkeep\n|turn|17\n|\n|t:|1699988610\n|move|p1a: vortex|Sucker Punch|p2a: Charizard\n|-damage|p2a: Charizard|0 fnt\n|faint|p2a: Charizard\n|\n|-heal|p1a: vortex|23\/100|[from] item: Leftovers\n|upkeep\n|\n|t:|1699988622\n|switch|p2a: Regieleki|Regieleki, shiny|100\/100\n|-item|p2a: Regieleki|Air Balloon\n|turn|18\n|c| butter dk|look at him bounce\n|\n|t:|1699988637\n|move|p1a: vortex|Sucker Punch|p2a: Regieleki\n|-damage|p2a: Regieleki|41\/100\n|-enditem|p2a: Regieleki|Air Balloon\n|move|p2a: Regieleki|Volt Switch|p1a: vortex\n|-damage|p1a: vortex|0 fnt\n|faint|p1a: vortex\n|c| Bigsmokemorel|wait harouts tera is zard and not regi LOL\n|c| butter dk|yeah lmao\n|\n|t:|1699988650\n|switch|p2a: Gardevoir|Gardevoir, F|100\/100|[from] Volt Switch\n|-status|p2a: Gardevoir|psn\n|\n|-damage|p2a: Gardevoir|88\/100 psn|[from] psn\n|upkeep\n|\n|t:|1699988657\n|switch|p1a: mothron|Iron Moth, tera:Grass|76\/100\n|-damage|p1a: mothron|63\/100|[from] Stealth Rock\n|turn|19\n|\n|t:|1699988672\n|move|p2a: Gardevoir|Moonblast|p1a: mothron\n|-damage|p1a: mothron|15\/100\n|move|p1a: mothron|Sludge Wave|p2a: Gardevoir\n|-supereffective|p2a: Gardevoir\n|-damage|p2a: Gardevoir|0 fnt\n|faint|p2a: Gardevoir\n|\n|upkeep\n|\n|t:|1699988683\n|switch|p2a: Regieleki|Regieleki, shiny|41\/100\n|-status|p2a: Regieleki|psn\n|turn|20\n|c| ralph smogon|did moth not outspeed zard\n|c| ralph smogon|i thought that was gg\n|c|\u2606Tinkisgaming|i didnt want to stick around to find out\n|c| ralph smogon|respect\n|\n|t:|1699988710\n|move|p2a: Regieleki|Electro Ball|p1a: mothron\n|-resisted|p1a: mothron\n|-damage|p1a: mothron|0 fnt\n|faint|p1a: mothron\n|-end|p1a: mothron|Quark Drive|[silent]\n|\n|win|Misterharout0811\n|c| butter dk|boom u wont\n|c|\u2606Tinkisgaming|should have tho\n|c|\u2606Tinkisgaming|gg\n|c|\u2606Misterharout0811|gg\n","uploadtime":1699988729,"views":28,"p1id":"tinkisgaming","p2id":"misterharout0811","formatid":"gen9ubers","rating":0,"private":0,"password":""}