{"id":"gen9ubers-1998729863","p1":"kadomatsu","p2":"TheKingoftheCucks","format":"[Gen 9] Ubers","log":"|j|\u2606kadomatsu\n|j|\u2606TheKingoftheCucks\n|t:|1700979220\n|gametype|singles\n|player|p1|kadomatsu|leaf-masters|\n|player|p2|TheKingoftheCucks|1|\n|teamsize|p1|6\n|teamsize|p2|6\n|gen|9\n|tier|[Gen 9] Ubers\n|rule|Sleep Clause Mod: Limit one foe put to sleep\n|rule|Species Clause: Limit one of each Pok\u00e9mon\n|rule|OHKO Clause: OHKO moves are banned\n|rule|Evasion Items Clause: Evasion items are banned\n|rule|Evasion Moves Clause: Evasion moves are banned\n|rule|Endless Battle Clause: Forcing endless battles is banned\n|rule|HP Percentage Mod: HP is shown in percentages\n|clearpoke\n|poke|p1|Samurott-Hisui, F|\n|poke|p1|Walking Wake|\n|poke|p1|Empoleon, M|\n|poke|p1|Espeon, F|\n|poke|p1|Zapdos|\n|poke|p1|Pelipper, F|\n|poke|p2|Baxcalibur, F|\n|poke|p2|Abomasnow, F|\n|poke|p2|Cutiefly, F|\n|poke|p2|Qwilfish, M|\n|poke|p2|Sandslash-Alola, F|\n|poke|p2|Annihilape, F|\n|teampreview\n|inactive|Battle timer is ON: inactive players will automatically lose when time's up. (requested by kadomatsu)\n|inactive|kadomatsu has 270 seconds left.\n|\n|t:|1700979263\n|start\n|switch|p1a: Zapdos|Zapdos|100\/100\n|switch|p2a: Abomasnow|Abomasnow, F|100\/100\n|-weather|Snow|[from] ability: Snow Warning|[of] p2a: Abomasnow\n|turn|1\n|\n|t:|1700979271\n|-terastallize|p2a: Abomasnow|Water\n|move|p1a: Zapdos|Hurricane|p2a: Abomasnow\n|-damage|p2a: Abomasnow|46\/100\n|move|p2a: Abomasnow|Blizzard|p1a: Zapdos\n|-supereffective|p1a: Zapdos\n|-damage|p1a: Zapdos|0 fnt\n|faint|p1a: Zapdos\n|\n|-weather|Snow|[upkeep]\n|upkeep\n|inactive|kadomatsu has 270 seconds left.\n|\n|t:|1700979322\n|switch|p1a: Walking Wake|Walking Wake|100\/100\n|turn|2\n|\n|t:|1700979336\n|switch|p2a: Cutiefly|Cutiefly, F|100\/100\n|move|p1a: Walking Wake|Dragon Pulse|p2a: Cutiefly\n|-immune|p2a: Cutiefly\n|\n|-weather|Snow|[upkeep]\n|upkeep\n|turn|3\n|inactive|TheKingoftheCucks has 270 seconds left.\n|\n|t:|1700979370\n|-end|p1a: Walking Wake|Protosynthesis|[silent]\n|switch|p1a: Espeon|Espeon, F|100\/100\n|switch|p2a: Abomasnow|Abomasnow, F, tera:Water|46\/100\n|\n|-weather|Snow|[upkeep]\n|upkeep\n|turn|4\n|inactive|TheKingoftheCucks has 270 seconds left.\n|inactive|kadomatsu has 240 seconds left.\n|\n|t:|1700979404\n|-terastallize|p1a: Espeon|Fairy\n|move|p1a: Espeon|Calm Mind|p1a: Espeon\n|-boost|p1a: Espeon|spa|1\n|-boost|p1a: Espeon|spd|1\n|move|p2a: Abomasnow|Leaf Storm|p1a: Espeon|[miss]\n|-miss|p2a: Abomasnow|p1a: Espeon\n|\n|-weather|Snow|[upkeep]\n|upkeep\n|turn|5\n|inactive|TheKingoftheCucks has 270 seconds left.\n|inactive|kadomatsu has 240 seconds left.\n|\n|t:|1700979426\n|move|p1a: Espeon|Reflect|p1a: Espeon\n|-sidestart|p1: kadomatsu|Reflect\n|move|p2a: Abomasnow|Leaf Storm|p1a: Espeon\n|-damage|p1a: Espeon|22\/100\n|-unboost|p2a: Abomasnow|spa|2\n|\n|-weather|none\n|upkeep\n|turn|6\n|\n|t:|1700979434\n|move|p1a: Espeon|Draining Kiss|p2a: Abomasnow\n|-damage|p2a: Abomasnow|2\/100\n|-heal|p1a: Espeon|66\/100|[from] drain|[of] p2a: Abomasnow\n|move|p2a: Abomasnow|Leaf Storm|p1a: Espeon\n|-damage|p1a: Espeon|29\/100\n|-unboost|p2a: Abomasnow|spa|2\n|\n|upkeep\n|turn|7\n|inactive|kadomatsu has 240 seconds left.\n|inactive|TheKingoftheCucks has 270 seconds left.\n|\n|t:|1700979474\n|switch|p2a: Cutiefly|Cutiefly, F|100\/100\n|move|p1a: Espeon|Draining Kiss|p2a: Cutiefly\n|-enditem|p2a: Cutiefly|Focus Sash\n|-damage|p2a: Cutiefly|1\/100\n|-heal|p1a: Espeon|86\/100|[from] drain|[of] p2a: Cutiefly\n|\n|upkeep\n|turn|8\n|inactive|TheKingoftheCucks has 270 seconds left.\n|inactive|kadomatsu has 210 seconds left.\n|\n|t:|1700979489\n|move|p1a: Espeon|Calm Mind|p1a: Espeon\n|-boost|p1a: Espeon|spa|1\n|-boost|p1a: Espeon|spd|1\n|move|p2a: Cutiefly|Thief|p1a: Espeon\n|-resisted|p1a: Espeon\n|-damage|p1a: Espeon|84\/100\n|-enditem|p1a: Espeon|Kee Berry|[silent]|[from] move: Thief|[of] p2a: Cutiefly\n|-item|p2a: Cutiefly|Kee Berry|[from] move: Thief|[of] p1a: Espeon\n|\n|upkeep\n|turn|9\n|inactive|kadomatsu has 210 seconds left.\n|inactive|TheKingoftheCucks has 270 seconds left.\n|\n|t:|1700979515\n|switch|p2a: Abomasnow|Abomasnow, F, tera:Water|2\/100\n|-weather|Snow|[from] ability: Snow Warning|[of] p2a: Abomasnow\n|move|p1a: Espeon|Calm Mind|p1a: Espeon\n|-boost|p1a: Espeon|spa|1\n|-boost|p1a: Espeon|spd|1\n|\n|-weather|Snow|[upkeep]\n|-sideend|p1: kadomatsu|Reflect\n|upkeep\n|turn|10\n|inactive|TheKingoftheCucks has 270 seconds left.\n|\n|t:|1700979525\n|move|p1a: Espeon|Reflect|p1a: Espeon\n|-sidestart|p1: kadomatsu|Reflect\n|move|p2a: Abomasnow|Blizzard|p1a: Espeon\n|-damage|p1a: Espeon|44\/100\n|\n|-weather|Snow|[upkeep]\n|upkeep\n|turn|11\n|inactive|TheKingoftheCucks has 270 seconds left.\n|\n|t:|1700979531\n|move|p1a: Espeon|Draining Kiss|p2a: Abomasnow\n|-damage|p2a: Abomasnow|0 fnt\n|-heal|p1a: Espeon|45\/100|[from] drain|[of] p2a: Abomasnow\n|faint|p2a: Abomasnow\n|\n|-weather|Snow|[upkeep]\n|upkeep\n|inactive|TheKingoftheCucks has 270 seconds left.\n|\n|t:|1700979539\n|switch|p2a: Sandslash|Sandslash-Alola, F|100\/100\n|turn|12\n|inactive|kadomatsu has 210 seconds left.\n|inactive|TheKingoftheCucks has 270 seconds left.\n|\n|t:|1700979560\n|switch|p1a: Pelipper|Pelipper, F|100\/100\n|-weather|RainDance|[from] ability: Drizzle|[of] p1a: Pelipper\n|move|p2a: Sandslash|Ice Spinner|p1a: Pelipper\n|-damage|p1a: Pelipper|86\/100\n|\n|-weather|RainDance|[upkeep]\n|upkeep\n|turn|13\n|inactive|TheKingoftheCucks has 270 seconds left.\n|j| Apezilla\n|inactive|TheKingoftheCucks has 240 seconds left.\n|\n|t:|1700979601\n|switch|p2a: Qwilfish|Qwilfish, M|100\/100\n|move|p1a: Pelipper|Chilling Water|p2a: Qwilfish\n|-resisted|p2a: Qwilfish\n|-damage|p2a: Qwilfish|82\/100\n|-unboost|p2a: Qwilfish|atk|1\n|\n|-weather|RainDance|[upkeep]\n|-heal|p2a: Qwilfish|88\/100|[from] item: Black Sludge\n|upkeep\n|turn|14\n|inactive|kadomatsu has 210 seconds left.\n|inactive|TheKingoftheCucks has 240 seconds left.\n|inactive|kadomatsu has 180 seconds left.\n|\n|t:|1700979656\n|switch|p1a: Empoleon|Empoleon, M|100\/100\n|move|p2a: Qwilfish|Spikes|p1a: Empoleon\n|-sidestart|p1: kadomatsu|Spikes\n|\n|-weather|RainDance|[upkeep]\n|-heal|p2a: Qwilfish|94\/100|[from] item: Black Sludge\n|-sideend|p1: kadomatsu|Reflect\n|upkeep\n|turn|15\n|\n|t:|1700979671\n|move|p2a: Qwilfish|Flip Turn|p1a: Empoleon\n|-resisted|p1a: Empoleon\n|-damage|p1a: Empoleon|89\/100\n|inactive|TheKingoftheCucks has 210 seconds left.\n|\n|t:|1700979693\n|switch|p2a: Cutiefly|Cutiefly, F|1\/100|[from] Flip Turn\n|move|p1a: Empoleon|Agility|p1a: Empoleon\n|-boost|p1a: Empoleon|spe|2\n|\n|-weather|RainDance|[upkeep]\n|upkeep\n|turn|16\n|inactive|TheKingoftheCucks has 210 seconds left.\n|\n|t:|1700979712\n|move|p1a: Empoleon|Surf|p2a: Cutiefly\n|-damage|p2a: Cutiefly|0 fnt\n|faint|p2a: Cutiefly\n|-damage|p1a: Empoleon|80\/100|[from] item: Life Orb\n|\n|-weather|RainDance|[upkeep]\n|upkeep\n|inactive|TheKingoftheCucks has 180 seconds left.\n|\n|t:|1700979746\n|switch|p2a: Qwilfish|Qwilfish, M|94\/100\n|turn|17\n|inactive|kadomatsu has 180 seconds left.\n|\n|t:|1700979760\n|move|p2a: Qwilfish|Spikes|p1a: Empoleon\n|-sidestart|p1: kadomatsu|Spikes\n|move|p1a: Empoleon|Flash Cannon|p2a: Qwilfish\n|-resisted|p2a: Qwilfish\n|-crit|p2a: Qwilfish\n|-damage|p2a: Qwilfish|33\/100\n|-damage|p1a: Empoleon|70\/100|[from] item: Life Orb\n|\n|-weather|RainDance|[upkeep]\n|-heal|p2a: Qwilfish|39\/100|[from] item: Black Sludge\n|upkeep\n|turn|18\n|inactive|kadomatsu has 180 seconds left.\n|\n|t:|1700979769\n|move|p2a: Qwilfish|Destiny Bond|p2a: Qwilfish\n|-singlemove|p2a: Qwilfish|Destiny Bond\n|move|p1a: Empoleon|Flash Cannon|p2a: Qwilfish\n|-resisted|p2a: Qwilfish\n|-damage|p2a: Qwilfish|0 fnt\n|faint|p2a: Qwilfish\n|-activate|p2a: Qwilfish|move: Destiny Bond\n|faint|p1a: Empoleon\n|\n|-weather|RainDance|[upkeep]\n|upkeep\n|inactive|TheKingoftheCucks has 180 seconds left.\n|c|\u2606kadomatsu|bro\n|\n|t:|1700979795\n|switch|p2a: Annihilape|Annihilape, F|100\/100\n|switch|p1a: Pelipper|Pelipper, F|86\/100\n|turn|19\n|inactive|TheKingoftheCucks has 180 seconds left.\n|inactive|kadomatsu has 180 seconds left.\n|c|\u2606TheKingoftheCucks|get fucked\n|c| Apezilla|*bruv\n|\n|t:|1700979829\n|move|p2a: Annihilape|Substitute|p2a: Annihilape\n|-start|p2a: Annihilape|Substitute\n|-damage|p2a: Annihilape|76\/100\n|move|p1a: Pelipper|Chilling Water|p2a: Annihilape\n|-activate|p2a: Annihilape|move: Substitute|[damage]\n|\n|-weather|none\n|upkeep\n|turn|20\n|inactive|TheKingoftheCucks has 180 seconds left.\n|\n|t:|1700979852\n|move|p2a: Annihilape|Bulk Up|p2a: Annihilape\n|-boost|p2a: Annihilape|atk|1\n|-boost|p2a: Annihilape|def|1\n|move|p1a: Pelipper|Chilling Water|p2a: Annihilape\n|-end|p2a: Annihilape|Substitute\n|\n|upkeep\n|turn|21\n|inactive|TheKingoftheCucks has 180 seconds left.\n|inactive|kadomatsu has 150 seconds left.\n|\n|t:|1700979876\n|move|p2a: Annihilape|Substitute|p2a: Annihilape\n|-start|p2a: Annihilape|Substitute\n|-damage|p2a: Annihilape|51\/100\n|move|p1a: Pelipper|Soak||[still]\n|-fail|p1a: Pelipper\n|\n|upkeep\n|turn|22\n|\n|t:|1700979882\n|move|p2a: Annihilape|Bulk Up|p2a: Annihilape\n|-boost|p2a: Annihilape|atk|1\n|-boost|p2a: Annihilape|def|1\n|move|p1a: Pelipper|Chilling Water|p2a: Annihilape\n|-activate|p2a: Annihilape|move: Substitute|[damage]\n|\n|upkeep\n|turn|23\n|\n|t:|1700979896\n|move|p2a: Annihilape|Drain Punch|p1a: Pelipper\n|-resisted|p1a: Pelipper\n|-damage|p1a: Pelipper|55\/100\n|-heal|p2a: Annihilape|63\/100|[from] drain|[of] p1a: Pelipper\n|move|p1a: Pelipper|Chilling Water|p2a: Annihilape\n|-end|p2a: Annihilape|Substitute\n|\n|upkeep\n|turn|24\n|\n|t:|1700979916\n|move|p2a: Annihilape|Substitute|p2a: Annihilape\n|-start|p2a: Annihilape|Substitute\n|-damage|p2a: Annihilape|38\/100\n|move|p1a: Pelipper|Chilling Water|p2a: Annihilape\n|-activate|p2a: Annihilape|move: Substitute|[damage]\n|\n|upkeep\n|turn|25\n|inactive|TheKingoftheCucks has 180 seconds left.\n|\n|t:|1700979945\n|move|p2a: Annihilape|Drain Punch|p1a: Pelipper\n|-resisted|p1a: Pelipper\n|-damage|p1a: Pelipper|27\/100\n|-heal|p2a: Annihilape|49\/100|[from] drain|[of] p1a: Pelipper\n|move|p1a: Pelipper|Chilling Water|p2a: Annihilape\n|-end|p2a: Annihilape|Substitute\n|\n|upkeep\n|turn|26\n|inactive|TheKingoftheCucks has 180 seconds left.\n|inactive|kadomatsu has 150 seconds left.\n|inactive|kadomatsu has 120 seconds left.\n|\n|t:|1700979991\n|move|p2a: Annihilape|Substitute|p2a: Annihilape\n|-start|p2a: Annihilape|Substitute\n|-damage|p2a: Annihilape|24\/100\n|move|p1a: Pelipper|Hurricane|p2a: Annihilape\n|-supereffective|p2a: Annihilape\n|-end|p2a: Annihilape|Substitute\n|\n|upkeep\n|turn|27\n|inactive|kadomatsu has 120 seconds left.\n|inactive|TheKingoftheCucks has 180 seconds left.\n|\n|t:|1700980006\n|switch|p1a: Walking Wake|Walking Wake|100\/100\n|-damage|p1a: Walking Wake|84\/100|[from] Spikes\n|move|p2a: Annihilape|Drain Punch|p1a: Walking Wake\n|-damage|p1a: Walking Wake|4\/100\n|-heal|p2a: Annihilape|56\/100|[from] drain|[of] p1a: Walking Wake\n|\n|upkeep\n|turn|28\n|inactive|TheKingoftheCucks has 180 seconds left.\n|inactive|kadomatsu has 120 seconds left.\n|\n|t:|1700980029\n|move|p1a: Walking Wake|Scald|p2a: Annihilape\n|-damage|p2a: Annihilape|7\/100\n|move|p2a: Annihilape|Drain Punch|p1a: Walking Wake\n|-damage|p1a: Walking Wake|0 fnt\n|-heal|p2a: Annihilape|8\/100|[from] drain|[of] p1a: Walking Wake\n|faint|p1a: Walking Wake\n|-end|p1a: Walking Wake|Protosynthesis|[silent]\n|\n|upkeep\n|\n|t:|1700980051\n|switch|p1a: Espeon|Espeon, F, tera:Fairy|45\/100\n|-damage|p1a: Espeon|28\/100|[from] Spikes\n|turn|29\n|\n|t:|1700980072\n|move|p1a: Espeon|Draining Kiss|p2a: Annihilape\n|-supereffective|p2a: Annihilape\n|-damage|p2a: Annihilape|0 fnt\n|-heal|p1a: Espeon|36\/100|[from] drain|[of] p2a: Annihilape\n|faint|p2a: Annihilape\n|\n|upkeep\n|\n|t:|1700980079\n|switch|p2a: Sandslash|Sandslash-Alola, F|100\/100\n|turn|30\n|\n|t:|1700980090\n|switch|p1a: Pelipper|Pelipper, F|27\/100\n|-weather|RainDance|[from] ability: Drizzle|[of] p1a: Pelipper\n|move|p2a: Sandslash|Ice Spinner|p1a: Pelipper\n|-damage|p1a: Pelipper|0 fnt\n|faint|p1a: Pelipper\n|\n|-weather|RainDance|[upkeep]\n|upkeep\n|\n|t:|1700980100\n|switch|p1a: Samurott|Samurott-Hisui, F|100\/100\n|-damage|p1a: Samurott|84\/100|[from] Spikes\n|turn|31\n|\n|t:|1700980115\n|move|p1a: Samurott|Sacred Sword|p2a: Sandslash\n|-supereffective|p2a: Sandslash\n|-damage|p2a: Sandslash|0 fnt\n|faint|p2a: Sandslash\n|-damage|p1a: Samurott|74\/100|[from] item: Life Orb\n|\n|-weather|RainDance|[upkeep]\n|upkeep\n|\n|t:|1700980129\n|switch|p2a: Baxcalibur|Baxcalibur, F|100\/100\n|turn|32\n|\n|t:|1700980142\n|move|p2a: Baxcalibur|Scale Shot|p1a: Samurott\n|-damage|p1a: Samurott|56\/100\n|-damage|p1a: Samurott|36\/100\n|-damage|p1a: Samurott|18\/100\n|-damage|p1a: Samurott|0 fnt\n|faint|p1a: Samurott\n|-hitcount|p1: Samurott|4\n|-unboost|p2a: Baxcalibur|def|1\n|-boost|p2a: Baxcalibur|spe|1\n|\n|-weather|RainDance|[upkeep]\n|upkeep\n|\n|t:|1700980153\n|switch|p1a: Espeon|Espeon, F, tera:Fairy|36\/100\n|-damage|p1a: Espeon|20\/100|[from] Spikes\n|turn|33\n|\n|t:|1700980158\n|move|p2a: Baxcalibur|Icicle Spear|p1a: Espeon\n|-damage|p1a: Espeon|0 fnt\n|faint|p1a: Espeon\n|-hitcount|p1: Espeon|1\n|\n|win|TheKingoftheCucks\n","uploadtime":1700980164,"views":7,"p1id":"kadomatsu","p2id":"thekingofthecucks","formatid":"gen9ubers","rating":0,"private":0,"password":""}