{"id":"gen9ubers-1977858559","p1":"XpokVEVO","p2":"SephieFox","format":"[Gen 9] Ubers","log":"|j|\u2606XpokVEVO\n|j|\u2606SephieFox\n|t:|1698458316\n|gametype|singles\n|player|p1|XpokVEVO|rika|\n|player|p2|SephieFox|iris-masters|\n|teamsize|p1|6\n|teamsize|p2|6\n|gen|9\n|tier|[Gen 9] Ubers\n|rule|Sleep Clause Mod: Limit one foe put to sleep\n|rule|Species Clause: Limit one of each Pok\u00e9mon\n|rule|OHKO Clause: OHKO moves are banned\n|rule|Evasion Items Clause: Evasion items are banned\n|rule|Evasion Moves Clause: Evasion moves are banned\n|rule|Endless Battle Clause: Forcing endless battles is banned\n|rule|HP Percentage Mod: HP is shown in percentages\n|clearpoke\n|poke|p1|Arceus-Fire|\n|poke|p1|Cyclizar, F|\n|poke|p1|Espathra, F|\n|poke|p1|Zacian-*|\n|poke|p1|Pelipper, M|\n|poke|p1|Basculegion-F, F|\n|poke|p2|Basculegion-F, F|\n|poke|p2|Magearna|\n|poke|p2|Arceus-Fire|\n|poke|p2|Zacian-*|\n|poke|p2|Dondozo, F|\n|poke|p2|Shaymin-Sky|\n|teampreview\n|inactive|Battle timer is ON: inactive players will automatically lose when time's up. (requested by SephieFox)\n|inactive|XpokVEVO has 270 seconds left.\n|\n|t:|1698458368\n|start\n|switch|p1a: Cyclizar|Cyclizar, F|100\/100\n|switch|p2a: 60-40 Simulator|Shaymin-Sky|100\/100\n|turn|1\n|\n|t:|1698458381\n|move|p2a: 60-40 Simulator|Air Slash|p1a: Cyclizar\n|-damage|p1a: Cyclizar|44\/100\n|cant|p1a: Cyclizar|flinch\n|\n|upkeep\n|turn|2\n|\n|t:|1698458389\n|switch|p1a: Pelipper|Pelipper, M, shiny|100\/100\n|-weather|RainDance|[from] ability: Drizzle|[of] p1a: Pelipper\n|move|p2a: 60-40 Simulator|Air Slash|p1a: Pelipper\n|-damage|p1a: Pelipper|61\/100\n|\n|-weather|RainDance|[upkeep]\n|upkeep\n|turn|3\n|\n|t:|1698458395\n|move|p2a: 60-40 Simulator|Air Slash|p1a: Pelipper\n|-damage|p1a: Pelipper|11\/100\n|cant|p1a: Pelipper|flinch\n|\n|-weather|RainDance|[upkeep]\n|upkeep\n|turn|4\n|\n|t:|1698458412\n|switch|p1a: Zacian|Zacian, shiny|100\/100\n|-ability|p1a: Zacian|Intrepid Sword|boost\n|-boost|p1a: Zacian|atk|1\n|move|p2a: 60-40 Simulator|Seed Flare|p1a: Zacian\n|-damage|p1a: Zacian|49\/100\n|\n|-weather|RainDance|[upkeep]\n|upkeep\n|turn|5\n|\n|t:|1698458437\n|switch|p2a: Ekiller at home|Arceus-Fire|100\/100\n|move|p1a: Zacian|Crunch|p2a: Ekiller at home\n|-damage|p2a: Ekiller at home|62\/100\n|\n|-weather|RainDance|[upkeep]\n|upkeep\n|turn|6\n|\n|t:|1698458442\n|move|p1a: Zacian|Crunch|p2a: Ekiller at home\n|-damage|p2a: Ekiller at home|17\/100\n|move|p2a: Ekiller at home|Dragon Dance|p2a: Ekiller at home\n|-boost|p2a: Ekiller at home|atk|1\n|-boost|p2a: Ekiller at home|spe|1\n|\n|-weather|none\n|upkeep\n|turn|7\n|\n|t:|1698458447\n|move|p2a: Ekiller at home|Earthquake|p1a: Zacian\n|-damage|p1a: Zacian|3\/100\n|move|p1a: Zacian|Crunch|p2a: Ekiller at home\n|-crit|p2a: Ekiller at home\n|-damage|p2a: Ekiller at home|0 fnt\n|faint|p2a: Ekiller at home\n|\n|upkeep\n|\n|t:|1698458458\n|switch|p2a: No normals?|Basculegion-F, F|100\/100\n|turn|8\n|\n|t:|1698458466\n|move|p2a: No normals?|Flip Turn|p1a: Zacian\n|-damage|p1a: Zacian|0 fnt\n|faint|p1a: Zacian\n|\n|t:|1698458474\n|switch|p2a: 60-40 Simulator|Shaymin-Sky|100\/100|[from] Flip Turn\n|\n|upkeep\n|\n|t:|1698458481\n|switch|p1a: Arceus|Arceus-Fire, shiny|100\/100\n|turn|9\n|\n|t:|1698458489\n|move|p2a: 60-40 Simulator|Air Slash|p1a: Arceus\n|-damage|p1a: Arceus|73\/100\n|cant|p1a: Arceus|flinch\n|\n|upkeep\n|turn|10\n|\n|t:|1698458497\n|move|p2a: 60-40 Simulator|Air Slash|p1a: Arceus\n|-damage|p1a: Arceus|36\/100\n|cant|p1a: Arceus|flinch\n|\n|upkeep\n|turn|11\n|\n|t:|1698458501\n|move|p2a: 60-40 Simulator|Earth Power|p1a: Arceus\n|-supereffective|p1a: Arceus\n|-crit|p1a: Arceus\n|-damage|p1a: Arceus|0 fnt\n|faint|p1a: Arceus\n|\n|upkeep\n|\n|t:|1698458511\n|switch|p1a: Espathra|Espathra, F|100\/100\n|turn|12\n|inactive|XpokVEVO has 270 seconds left.\n|inactive|XpokVEVO has 240 seconds left.\n|\n|t:|1698458585\n|move|p1a: Espathra|Protect|p1a: Espathra\n|-singleturn|p1a: Espathra|Protect\n|move|p2a: 60-40 Simulator|Seed Flare|p1a: Espathra\n|-activate|p1a: Espathra|move: Protect\n|\n|-ability|p1a: Espathra|Speed Boost|boost\n|-boost|p1a: Espathra|spe|1\n|upkeep\n|turn|13\n|\n|t:|1698458592\n|move|p1a: Espathra|Calm Mind|p1a: Espathra\n|-boost|p1a: Espathra|spa|1\n|-boost|p1a: Espathra|spd|1\n|move|p2a: 60-40 Simulator|Seed Flare|p1a: Espathra\n|-damage|p1a: Espathra|43\/100\n|-unboost|p1a: Espathra|spd|2\n|\n|-ability|p1a: Espathra|Speed Boost|boost\n|-boost|p1a: Espathra|spe|1\n|upkeep\n|turn|14\n|inactive|XpokVEVO has 240 seconds left.\n|inactive|XpokVEVO has 210 seconds left.\n|\n|t:|1698458649\n|move|p1a: Espathra|Protect|p1a: Espathra\n|-singleturn|p1a: Espathra|Protect\n|move|p2a: 60-40 Simulator|Seed Flare|p1a: Espathra\n|-activate|p1a: Espathra|move: Protect\n|\n|-ability|p1a: Espathra|Speed Boost|boost\n|-boost|p1a: Espathra|spe|1\n|upkeep\n|turn|15\n|\n|t:|1698458660\n|move|p1a: Espathra|Calm Mind|p1a: Espathra\n|-boost|p1a: Espathra|spa|1\n|-boost|p1a: Espathra|spd|1\n|move|p2a: 60-40 Simulator|Seed Flare|p1a: Espathra\n|-damage|p1a: Espathra|0 fnt\n|faint|p1a: Espathra\n|\n|upkeep\n|c|\u2606XpokVEVO|How\n|inactive|XpokVEVO has 180 seconds left.\n|\n|t:|1698458685\n|switch|p1a: Cyclizar|Cyclizar, F|77\/100\n|turn|16\n|\n|t:|1698458709\n|move|p2a: 60-40 Simulator|Air Slash|p1a: Cyclizar\n|-damage|p1a: Cyclizar|29\/100\n|move|p1a: Cyclizar|U-turn|p2a: 60-40 Simulator\n|-damage|p2a: 60-40 Simulator|80\/100\n|inactive|XpokVEVO has 180 seconds left.\n|\n|t:|1698458733\n|switch|p1a: Pelipper|Pelipper, M, shiny|11\/100|[from] U-turn\n|-weather|RainDance|[from] ability: Drizzle|[of] p1a: Pelipper\n|\n|-weather|RainDance|[upkeep]\n|upkeep\n|turn|17\n|c|\u2606XpokVEVO|4th move?\n|c|\u2606XpokVEVO|Just curuous\n|c|\u2606SephieFox|healing wish\n|inactive|SephieFox has 270 seconds left.\n|\n|t:|1698458762\n|switch|p2a: Magearna|Magearna|100\/100\n|switch|p1a: Cyclizar|Cyclizar, F|62\/100\n|\n|-weather|RainDance|[upkeep]\n|upkeep\n|turn|18\n|\n|t:|1698458766\n|move|p1a: Cyclizar|Shed Tail|p1a: Cyclizar\n|-start|p1a: Cyclizar|Substitute|[from] move: Shed Tail\n|-damage|p1a: Cyclizar|12\/100\n|\n|t:|1698458769\n|switch|p1a: Basculegion|Basculegion-F, F, shiny|100\/100|[from] Shed Tail\n|move|p2a: Magearna|Draining Kiss|p1a: Basculegion\n|-end|p1a: Basculegion|Substitute\n|\n|-weather|RainDance|[upkeep]\n|upkeep\n|turn|19\n|\n|t:|1698458774\n|move|p1a: Basculegion|Last Respects|p2a: Magearna\n|-damage|p2a: Magearna|30\/100\n|-damage|p1a: Basculegion|91\/100|[from] item: Life Orb\n|move|p2a: Magearna|Iron Defense|p2a: Magearna\n|-boost|p2a: Magearna|def|2\n|\n|-weather|RainDance|[upkeep]\n|-heal|p2a: Magearna|36\/100|[from] item: Leftovers\n|upkeep\n|turn|20\n|\n|t:|1698458777\n|move|p1a: Basculegion|Last Respects|p2a: Magearna\n|-damage|p2a: Magearna|1\/100\n|-damage|p1a: Basculegion|81\/100|[from] item: Life Orb\n|move|p2a: Magearna|Draining Kiss|p1a: Basculegion\n|-damage|p1a: Basculegion|54\/100\n|-heal|p2a: Magearna|22\/100|[from] drain|[of] p1a: Basculegion\n|\n|-weather|none\n|-heal|p2a: Magearna|28\/100|[from] item: Leftovers\n|upkeep\n|turn|21\n|\n|t:|1698458784\n|move|p1a: Basculegion|Flip Turn|p2a: Magearna\n|-damage|p2a: Magearna|18\/100\n|-damage|p1a: Basculegion|44\/100|[from] item: Life Orb\n|\n|t:|1698458787\n|switch|p1a: Pelipper|Pelipper, M, shiny|11\/100|[from] Flip Turn\n|-weather|RainDance|[from] ability: Drizzle|[of] p1a: Pelipper\n|move|p2a: Magearna|Draining Kiss|p1a: Pelipper\n|-damage|p1a: Pelipper|0 fnt\n|-heal|p2a: Magearna|24\/100|[from] drain|[of] p1a: Pelipper\n|faint|p1a: Pelipper\n|-ability|p2a: Magearna|Soul-Heart|boost\n|-boost|p2a: Magearna|spa|1\n|\n|-weather|RainDance|[upkeep]\n|-heal|p2a: Magearna|31\/100|[from] item: Leftovers\n|upkeep\n|\n|t:|1698458788\n|switch|p1a: Basculegion|Basculegion-F, F, shiny|44\/100\n|turn|22\n|\n|t:|1698458796\n|move|p1a: Basculegion|Last Respects|p2a: Magearna\n|-damage|p2a: Magearna|0 fnt\n|faint|p2a: Magearna\n|-damage|p1a: Basculegion|34\/100|[from] item: Life Orb\n|\n|-weather|RainDance|[upkeep]\n|upkeep\n|\n|t:|1698458805\n|switch|p2a: Zacian|Zacian|100\/100\n|-ability|p2a: Zacian|Intrepid Sword|boost\n|-boost|p2a: Zacian|atk|1\n|turn|23\n|\n|t:|1698458810\n|move|p1a: Basculegion|Last Respects|p2a: Zacian\n|-damage|p2a: Zacian|0 fnt\n|faint|p2a: Zacian\n|-damage|p1a: Basculegion|24\/100|[from] item: Life Orb\n|\n|-weather|RainDance|[upkeep]\n|upkeep\n|\n|t:|1698458815\n|switch|p2a: 60-40 Simulator|Shaymin-Sky|80\/100\n|turn|24\n|\n|t:|1698458818\n|move|p1a: Basculegion|Last Respects|p2a: 60-40 Simulator\n|-damage|p2a: 60-40 Simulator|0 fnt\n|faint|p2a: 60-40 Simulator\n|-damage|p1a: Basculegion|14\/100|[from] item: Life Orb\n|\n|-weather|RainDance|[upkeep]\n|upkeep\n|\n|t:|1698458822\n|switch|p2a: Dondozo|Dondozo, F|100\/100\n|turn|25\n|\n|t:|1698458825\n|move|p1a: Basculegion|Last Respects|p2a: Dondozo\n|-crit|p2a: Dondozo\n|-damage|p2a: Dondozo|0 fnt\n|faint|p2a: Dondozo\n|-damage|p1a: Basculegion|4\/100|[from] item: Life Orb\n|\n|-weather|none\n|upkeep\n|\n|t:|1698458828\n|switch|p2a: No normals?|Basculegion-F, F|100\/100\n|turn|26\n|\n|t:|1698458830\n|move|p2a: No normals?|Last Respects|p1a: Basculegion\n|-supereffective|p1a: Basculegion\n|-damage|p1a: Basculegion|0 fnt\n|faint|p1a: Basculegion\n|\n|upkeep\n|\n|t:|1698458831\n|switch|p1a: Cyclizar|Cyclizar, F|45\/100\n|turn|27\n|\n|t:|1698458836\n|move|p2a: No normals?|Last Respects|p1a: Cyclizar\n|-immune|p1a: Cyclizar\n|move|p1a: Cyclizar|Taunt|p2a: No normals?\n|-start|p2a: No normals?|move: Taunt\n|\n|upkeep\n|turn|28\n|c|\u2606XpokVEVO|No\n|c|\u2606SephieFox|i have made an error\n|c|\u2606XpokVEVO|Way\n|c|\u2606SephieFox|lmao\n|c|\u2606XpokVEVO|Youre scarfed?\n|c|\u2606SephieFox|yeah it's scarf bascu\n|inactive|XpokVEVO has 270 seconds left.\n|inactive|SephieFox has 270 seconds left.\n|c|\u2606XpokVEVO|I was tera normal too\n|c|\u2606XpokVEVO|On my bascu\n|c|\u2606XpokVEVO|Didnt use it cuz i had sard\n|c|\u2606SephieFox|the counter to a counter lol\n|inactive|SephieFox has 240 seconds left.\n|c|\u2606SephieFox|you got me tho. GGs man\n|c|\u2606XpokVEVO|Gg\n|-message|SephieFox forfeited.\n|\n|win|XpokVEVO\n|l|\u2606SephieFox\n","uploadtime":1698458911,"views":9,"p1id":"xpokvevo","p2id":"sephiefox","formatid":"gen9ubers","rating":0,"private":0,"password":""}