{"id":"gen9ubers-1996327458","p1":"mlgpokeballer","p2":"default0","format":"[Gen 9] Ubers","log":"|j|\u2606mlgpokeballer\n|j|\u2606default0\n|t:|1700671515\n|gametype|singles\n|player|p1|mlgpokeballer|crasherwake|\n|player|p2|default0|skierf-gen4dp|\n|teamsize|p1|6\n|teamsize|p2|6\n|gen|9\n|tier|[Gen 9] Ubers\n|rated|Tournament battle\n|rule|Sleep Clause Mod: Limit one foe put to sleep\n|rule|Species Clause: Limit one of each Pok\u00e9mon\n|rule|OHKO Clause: OHKO moves are banned\n|rule|Evasion Items Clause: Evasion items are banned\n|rule|Evasion Moves Clause: Evasion moves are banned\n|rule|Endless Battle Clause: Forcing endless battles is banned\n|rule|HP Percentage Mod: HP is shown in percentages\n|clearpoke\n|poke|p1|Koraidon|\n|poke|p1|Chi-Yu|\n|poke|p1|Flutter Mane|\n|poke|p1|Arceus-Ground|\n|poke|p1|Rayquaza|\n|poke|p1|Regieleki|\n|poke|p2|Kyogre|\n|poke|p2|Ting-Lu|\n|poke|p2|Arceus-Water|\n|poke|p2|Corviknight, M|\n|poke|p2|Koraidon|\n|poke|p2|Spectrier|\n|teampreview\n|j| ZowwyCafe\u2764\n|c|\u2606mlgpokeballer|glhf\n|j| i love wo chien\n|\n|t:|1700671556\n|start\n|switch|p1a: Koraidon|Koraidon|100\/100\n|switch|p2a: Koraidon|Koraidon|100\/100\n|-weather|SunnyDay|[from] ability: Orichalcum Pulse|[of] p2a: Koraidon\n|-activate|p2a: Koraidon|Orichalcum Pulse|[source]\n|-activate|p1a: Koraidon|ability: Orichalcum Pulse\n|turn|1\n|l| ZowwyCafe\u2764\n|\n|t:|1700671571\n|move|p2a: Koraidon|U-turn|p1a: Koraidon\n|-resisted|p1a: Koraidon\n|-damage|p1a: Koraidon|76\/100\n|\n|t:|1700671583\n|switch|p2a: Arceus|Arceus-Water|100\/100|[from] U-turn\n|move|p1a: Koraidon|Scale Shot|p2a: Arceus\n|-damage|p2a: Arceus|92\/100\n|-damage|p2a: Arceus|83\/100\n|-damage|p2a: Arceus|73\/100\n|-damage|p2a: Arceus|65\/100\n|-hitcount|p2a: Arceus|4\n|-unboost|p1a: Koraidon|def|1\n|-boost|p1a: Koraidon|spe|1\n|\n|-weather|SunnyDay|[upkeep]\n|upkeep\n|turn|2\n|\n|t:|1700671604\n|move|p1a: Koraidon|Swords Dance|p1a: Koraidon\n|-boost|p1a: Koraidon|atk|2\n|move|p2a: Arceus|Recover|p2a: Arceus\n|-heal|p2a: Arceus|100\/100\n|\n|-weather|SunnyDay|[upkeep]\n|upkeep\n|turn|3\n|\n|t:|1700671611\n|move|p1a: Koraidon|Scale Shot|p2a: Arceus\n|-damage|p2a: Arceus|82\/100\n|-damage|p2a: Arceus|65\/100\n|-damage|p2a: Arceus|48\/100\n|-damage|p2a: Arceus|31\/100\n|-hitcount|p2a: Arceus|4\n|-unboost|p1a: Koraidon|def|1\n|-boost|p1a: Koraidon|spe|1\n|move|p2a: Arceus|Ice Beam|p1a: Koraidon\n|-supereffective|p1a: Koraidon\n|-damage|p1a: Koraidon|29\/100\n|\n|-weather|SunnyDay|[upkeep]\n|upkeep\n|turn|4\n|\n|t:|1700671617\n|move|p1a: Koraidon|Collision Course|p2a: Arceus\n|-damage|p2a: Arceus|0 fnt\n|faint|p2a: Arceus\n|\n|-weather|SunnyDay|[upkeep]\n|upkeep\n|\n|t:|1700671624\n|switch|p2a: Kyogre|Kyogre|100\/100\n|-weather|RainDance|[from] ability: Drizzle|[of] p2a: Kyogre\n|turn|5\n|j| ThePlumber7\n|\n|t:|1700671633\n|move|p1a: Koraidon|Collision Course|p2a: Kyogre\n|-damage|p2a: Kyogre|27\/100\n|move|p2a: Kyogre|Ice Beam|p1a: Koraidon\n|-supereffective|p1a: Koraidon\n|-damage|p1a: Koraidon|0 fnt\n|faint|p1a: Koraidon\n|\n|-weather|RainDance|[upkeep]\n|-heal|p2a: Kyogre|33\/100|[from] item: Leftovers\n|upkeep\n|\n|t:|1700671644\n|switch|p1a: Flutter Mane|Flutter Mane, shiny|100\/100\n|turn|6\n|\n|t:|1700671652\n|move|p1a: Flutter Mane|Moonblast|p2a: Kyogre\n|-damage|p2a: Kyogre|2\/100\n|move|p2a: Kyogre|Origin Pulse|p1a: Flutter Mane\n|-crit|p1a: Flutter Mane\n|-damage|p1a: Flutter Mane|0 fnt\n|faint|p1a: Flutter Mane\n|-end|p1a: Flutter Mane|Protosynthesis|[silent]\n|\n|-weather|RainDance|[upkeep]\n|-heal|p2a: Kyogre|9\/100|[from] item: Leftovers\n|upkeep\n|\n|t:|1700671695\n|switch|p1a: Rayquaza|Rayquaza, shiny|100\/100\n|-ability|p1a: Rayquaza|Air Lock\n|turn|7\n|\n|t:|1700671700\n|move|p1a: Rayquaza|Extreme Speed|p2a: Kyogre\n|-damage|p2a: Kyogre|0 fnt\n|faint|p2a: Kyogre\n|-damage|p1a: Rayquaza|91\/100|[from] item: Life Orb\n|\n|-weather|RainDance|[upkeep]\n|upkeep\n|\n|t:|1700671711\n|switch|p2a: Spectrier|Spectrier|100\/100\n|turn|8\n|\n|t:|1700671719\n|-terastallize|p2a: Spectrier|Fairy\n|move|p2a: Spectrier|Tera Blast|p1a: Rayquaza|[anim] Tera Blast Fairy\n|-supereffective|p1a: Rayquaza\n|-damage|p1a: Rayquaza|0 fnt\n|faint|p1a: Rayquaza\n|-ability|p2a: Spectrier|Grim Neigh|boost\n|-boost|p2a: Spectrier|spa|1\n|\n|-weather|RainDance|[upkeep]\n|upkeep\n|\n|t:|1700671726\n|switch|p1a: Arceus|Arceus-Ground, shiny|100\/100\n|turn|9\n|j| ZowwyCafe\u2764\n|\n|t:|1700671732\n|move|p2a: Spectrier|Tera Blast|p1a: Arceus|[anim] Tera Blast Fairy\n|-damage|p1a: Arceus|47\/100\n|move|p1a: Arceus|Dragon Dance|p1a: Arceus\n|-boost|p1a: Arceus|atk|1\n|-boost|p1a: Arceus|spe|1\n|\n|-weather|none\n|upkeep\n|turn|10\n|\n|t:|1700671738\n|-terastallize|p1a: Arceus|Ground\n|move|p2a: Spectrier|Tera Blast|p1a: Arceus|[anim] Tera Blast Fairy\n|-damage|p1a: Arceus|0 fnt\n|faint|p1a: Arceus\n|-ability|p2a: Spectrier|Grim Neigh|boost\n|-boost|p2a: Spectrier|spa|1\n|\n|upkeep\n|\n|t:|1700671743\n|switch|p1a: Chi-Yu|Chi-Yu|100\/100\n|-ability|p1a: Chi-Yu|Beads of Ruin\n|turn|11\n|\n|t:|1700671755\n|move|p2a: Spectrier|Tera Blast|p1a: Chi-Yu|[anim] Tera Blast Fairy\n|-damage|p1a: Chi-Yu|0 fnt\n|faint|p1a: Chi-Yu\n|-ability|p2a: Spectrier|Grim Neigh|boost\n|-boost|p2a: Spectrier|spa|1\n|\n|upkeep\n|\n|t:|1700671759\n|switch|p1a: Regieleki|Regieleki, shiny|100\/100\n|turn|12\n|-message|mlgpokeballer forfeited.\n|\n|win|default0\n|n|\u2606mlgpokeballer|mlgpokeballer\n|n|\u2606default0|default0\n|n| i love wo chien|ilovewochien\n|n| ThePlumber7|theplumber7\n|n| ZowwyCafe\u2764|zowwycafe\n","uploadtime":1700671763,"views":11,"p1id":"mlgpokeballer","p2id":"default0","formatid":"gen9ubers","rating":0,"private":0,"password":""}