{"id":"gen9ubers-1980318570","p1":"Joshh103","p2":"Joyboy Tickler","format":"[Gen 9] Ubers","log":"|j|\u2606Joshh103\n|j|\u2606Joyboy Tickler\n|t:|1698774944\n|gametype|singles\n|player|p1|Joshh103|102|1052\n|player|p2|Joyboy Tickler|266|1113\n|teamsize|p1|6\n|teamsize|p2|6\n|gen|9\n|tier|[Gen 9] Ubers\n|rated|\n|rule|Sleep Clause Mod: Limit one foe put to sleep\n|rule|Species Clause: Limit one of each Pok\u00e9mon\n|rule|OHKO Clause: OHKO moves are banned\n|rule|Evasion Items Clause: Evasion items are banned\n|rule|Evasion Moves Clause: Evasion moves are banned\n|rule|Endless Battle Clause: Forcing endless battles is banned\n|rule|HP Percentage Mod: HP is shown in percentages\n|clearpoke\n|poke|p1|Miraidon|\n|poke|p1|Giratina-Origin|\n|poke|p1|Chien-Pao|\n|poke|p1|Arceus-Fire|\n|poke|p1|Iron Bundle|\n|poke|p1|Dialga-Origin|\n|poke|p2|Calyrex-Ice|\n|poke|p2|Koraidon|\n|poke|p2|Toxapex, F|\n|poke|p2|Ting-Lu|\n|poke|p2|Arceus|\n|poke|p2|Miraidon|\n|teampreview\n|\n|t:|1698774959\n|start\n|switch|p1a: Dialga|Dialga-Origin|100\/100\n|switch|p2a: Koraidon|Koraidon|100\/100\n|-weather|SunnyDay|[from] ability: Orichalcum Pulse|[of] p2a: Koraidon\n|-activate|p2a: Koraidon|Orichalcum Pulse|[source]\n|-ability|p1a: Dialga|Pressure\n|turn|1\n|\n|t:|1698774971\n|move|p2a: Koraidon|Low Kick|p1a: Dialga\n|-supereffective|p1a: Dialga\n|-damage|p1a: Dialga|0 fnt\n|faint|p1a: Dialga\n|\n|-weather|SunnyDay|[upkeep]\n|upkeep\n|\n|t:|1698774988\n|switch|p1a: Chien-Pao|Chien-Pao|100\/100\n|-ability|p1a: Chien-Pao|Sword of Ruin\n|turn|2\n|\n|t:|1698774993\n|move|p2a: Koraidon|Low Kick|p1a: Chien-Pao\n|-supereffective|p1a: Chien-Pao\n|-damage|p1a: Chien-Pao|0 fnt\n|faint|p1a: Chien-Pao\n|\n|-weather|SunnyDay|[upkeep]\n|upkeep\n|\n|t:|1698775001\n|switch|p1a: Break|Miraidon|100\/100\n|-fieldstart|move: Electric Terrain|[from] ability: Hadron Engine|[of] p1a: Break\n|turn|3\n|\n|t:|1698775005\n|switch|p2a: Ting-Lu|Ting-Lu|100\/100\n|-ability|p2a: Ting-Lu|Vessel of Ruin\n|move|p1a: Break|Draco Meteor|p2a: Ting-Lu|[miss]\n|-miss|p1a: Break|p2a: Ting-Lu\n|\n|-weather|SunnyDay|[upkeep]\n|upkeep\n|turn|4\n|\n|t:|1698775016\n|move|p1a: Break|Draco Meteor|p2a: Ting-Lu\n|-damage|p2a: Ting-Lu|42\/100\n|-unboost|p1a: Break|spa|2\n|move|p2a: Ting-Lu|Spikes|p1a: Break\n|-sidestart|p1: Joshh103|Spikes\n|\n|-weather|SunnyDay|[upkeep]\n|-heal|p2a: Ting-Lu|48\/100|[from] item: Leftovers\n|upkeep\n|turn|5\n|\n|t:|1698775026\n|switch|p1a: Giratina|Giratina-Origin, shiny|100\/100\n|move|p2a: Ting-Lu|Spikes|p1a: Giratina\n|-sidestart|p1: Joshh103|Spikes\n|\n|-weather|none\n|-heal|p2a: Ting-Lu|54\/100|[from] item: Leftovers\n|upkeep\n|turn|6\n|\n|t:|1698775035\n|switch|p2a: Calyrex|Calyrex-Ice|100\/100\n|-ability|p2a: Calyrex|As One\n|-ability|p2a: Calyrex|Unnerve\n|move|p1a: Giratina|Defog|p2a: Calyrex\n|-unboost|p2a: Calyrex|evasion|1\n|-sideend|p1: Joshh103|Spikes|[from] move: Defog|[of] p1a: Giratina\n|-fieldend|move: Electric Terrain\n|\n|upkeep\n|turn|7\n|\n|t:|1698775054\n|-terastallize|p2a: Calyrex|Fire\n|move|p1a: Giratina|Shadow Sneak|p2a: Calyrex\n|-damage|p2a: Calyrex|83\/100\n|move|p2a: Calyrex|Swords Dance|p2a: Calyrex\n|-boost|p2a: Calyrex|atk|2\n|\n|upkeep\n|turn|8\n|\n|t:|1698775061\n|move|p1a: Giratina|Poltergeist|p2a: Calyrex\n|-activate|p2a: Calyrex|move: Poltergeist|Heavy-Duty Boots\n|-damage|p2a: Calyrex|38\/100\n|move|p2a: Calyrex|Trick Room|p2a: Calyrex\n|-fieldstart|move: Trick Room|[of] p2a: Calyrex\n|\n|upkeep\n|turn|9\n|\n|t:|1698775068\n|move|p2a: Calyrex|Glacial Lance|p1a: Giratina\n|-supereffective|p1a: Giratina\n|-damage|p1a: Giratina|0 fnt\n|faint|p1a: Giratina\n|-ability|p2a: Calyrex|Chilling Neigh|boost\n|-boost|p2a: Calyrex|atk|1\n|\n|upkeep\n|\n|t:|1698775077\n|switch|p1a: Arceus|Arceus-Fire|100\/100\n|turn|10\n|\n|t:|1698775082\n|move|p2a: Calyrex|High Horsepower|p1a: Arceus\n|-supereffective|p1a: Arceus\n|-damage|p1a: Arceus|0 fnt\n|faint|p1a: Arceus\n|-ability|p2a: Calyrex|Chilling Neigh|boost\n|-boost|p2a: Calyrex|atk|1\n|\n|upkeep\n|\n|t:|1698775090\n|switch|p1a: Break|Miraidon|100\/100\n|-fieldstart|move: Electric Terrain|[from] ability: Hadron Engine|[of] p1a: Break\n|turn|11\n|\n|t:|1698775094\n|move|p2a: Calyrex|Glacial Lance|p1a: Break\n|-supereffective|p1a: Break\n|-damage|p1a: Break|0 fnt\n|faint|p1a: Break\n|-ability|p2a: Calyrex|Chilling Neigh|boost\n|-boost|p2a: Calyrex|atk|1\n|\n|upkeep\n|\n|t:|1698775122\n|switch|p1a: Iron Bundle|Iron Bundle|100\/100\n|-activate|p1a: Iron Bundle|ability: Quark Drive\n|-start|p1a: Iron Bundle|quarkdrivespe\n|turn|12\n|\n|t:|1698775155\n|move|p2a: Calyrex|High Horsepower|p1a: Iron Bundle\n|-damage|p1a: Iron Bundle|0 fnt\n|faint|p1a: Iron Bundle\n|-end|p1a: Iron Bundle|Quark Drive|[silent]\n|\n|win|Joyboy Tickler\n|raw|Joshh103's rating: 1052 &rarr; <strong>1037<\/strong><br \/>(-15 for losing)\n|raw|Joyboy Tickler's rating: 1113 &rarr; <strong>1134<\/strong><br \/>(+21 for winning)\n|l|\u2606Joshh103\n","uploadtime":1698775164,"views":8,"p1id":"joshh103","p2id":"joyboytickler","formatid":"gen9ubers","rating":1037,"private":0,"password":""}