{"id":"gen9ubers-1983656887","p1":"ttvdphr","p2":"loch2009","format":"[Gen 9] Ubers","log":"|j|\u2606ttvdphr\n|j|\u2606loch2009\n|t:|1699154809\n|gametype|singles\n|player|p1|ttvdphr|170|\n|player|p2|loch2009|2|\n|teamsize|p1|6\n|teamsize|p2|6\n|gen|9\n|tier|[Gen 9] Ubers\n|rated|Tournament battle\n|rule|Sleep Clause Mod: Limit one foe put to sleep\n|rule|Species Clause: Limit one of each Pok\u00e9mon\n|rule|OHKO Clause: OHKO moves are banned\n|rule|Evasion Items Clause: Evasion items are banned\n|rule|Evasion Moves Clause: Evasion moves are banned\n|rule|Endless Battle Clause: Forcing endless battles is banned\n|rule|HP Percentage Mod: HP is shown in percentages\n|clearpoke\n|poke|p1|Flutter Mane|\n|poke|p1|Arceus-Fairy|\n|poke|p1|Palafin, F|\n|poke|p1|Thundurus-Therian, M|\n|poke|p1|Zamazenta-*|\n|poke|p1|Kyogre|\n|poke|p2|Miraidon|\n|poke|p2|Shaymin-Sky|\n|poke|p2|Iron Bundle|\n|poke|p2|Chien-Pao|\n|poke|p2|Eternatus|\n|poke|p2|Flutter Mane|\n|teampreview\n|\n|t:|1699154820\n|start\n|switch|p1a: Palafin|Palafin, F|100\/100\n|switch|p2a: Shaymin|Shaymin-Sky|100\/100\n|turn|1\n|\n|t:|1699154828\n|move|p2a: Shaymin|Substitute|p2a: Shaymin\n|-start|p2a: Shaymin|Substitute\n|-damage|p2a: Shaymin|76\/100\n|move|p1a: Palafin|Flip Turn|p2a: Shaymin\n|-resisted|p2a: Shaymin\n|-activate|p2a: Shaymin|move: Substitute|[damage]\n|-damage|p1a: Palafin|91\/100|[from] item: Life Orb\n|\n|t:|1699154848\n|detailschange|p1a: Palafin|Palafin-Hero, F\n|switch|p1a: Thundurus|Thundurus-Therian, M|100\/100|[from] Flip Turn\n|\n|-heal|p2a: Shaymin|82\/100|[from] item: Leftovers\n|upkeep\n|turn|2\n|\n|t:|1699154859\n|-terastallize|p1a: Thundurus|Electric\n|move|p2a: Shaymin|Seed Flare|p1a: Thundurus\n|-damage|p1a: Thundurus|16\/100\n|move|p1a: Thundurus|Discharge|p2a: Shaymin\n|-end|p2a: Shaymin|Substitute\n|\n|-heal|p2a: Shaymin|88\/100|[from] item: Leftovers\n|upkeep\n|turn|3\n|\n|t:|1699154867\n|move|p2a: Shaymin|Air Slash|p1a: Thundurus\n|-resisted|p1a: Thundurus\n|-damage|p1a: Thundurus|0 fnt\n|faint|p1a: Thundurus\n|\n|-heal|p2a: Shaymin|94\/100|[from] item: Leftovers\n|upkeep\n|\n|t:|1699154876\n|switch|p1a: Flutter Mane|Flutter Mane|100\/100\n|-enditem|p1a: Flutter Mane|Booster Energy\n|-activate|p1a: Flutter Mane|ability: Protosynthesis|[fromitem]\n|-start|p1a: Flutter Mane|protosynthesisspe\n|turn|4\n|\n|t:|1699154885\n|move|p1a: Flutter Mane|Shadow Ball|p2a: Shaymin\n|-damage|p2a: Shaymin|42\/100\n|move|p2a: Shaymin|Seed Flare|p1a: Flutter Mane\n|-damage|p1a: Flutter Mane|37\/100\n|-unboost|p1a: Flutter Mane|spd|2\n|\n|-heal|p2a: Shaymin|48\/100|[from] item: Leftovers\n|upkeep\n|turn|5\n|\n|t:|1699154896\n|switch|p2a: Chien-Pao|Chien-Pao|100\/100\n|-ability|p2a: Chien-Pao|Sword of Ruin\n|move|p1a: Flutter Mane|Shadow Ball|p2a: Chien-Pao\n|-resisted|p2a: Chien-Pao\n|-damage|p2a: Chien-Pao|69\/100\n|\n|upkeep\n|turn|6\n|\n|t:|1699154905\n|move|p2a: Chien-Pao|Sucker Punch|p1a: Flutter Mane\n|-damage|p1a: Flutter Mane|0 fnt\n|faint|p1a: Flutter Mane\n|-end|p1a: Flutter Mane|Protosynthesis|[silent]\n|\n|upkeep\n|\n|t:|1699154914\n|switch|p1a: Arceus|Arceus-Fairy|100\/100\n|turn|7\n|\n|t:|1699154921\n|switch|p2a: Eternatus|Eternatus|100\/100\n|-ability|p2a: Eternatus|Pressure\n|move|p1a: Arceus|Judgment|p2a: Eternatus\n|-damage|p2a: Eternatus|59\/100\n|\n|upkeep\n|turn|8\n|\n|t:|1699154935\n|move|p2a: Eternatus|Sludge Bomb|p1a: Arceus\n|-supereffective|p1a: Arceus\n|-crit|p1a: Arceus\n|-damage|p1a: Arceus|0 fnt\n|faint|p1a: Arceus\n|-damage|p2a: Eternatus|49\/100|[from] item: Life Orb\n|\n|upkeep\n|\n|t:|1699154941\n|switch|p1a: Kyogre|Kyogre|100\/100\n|-weather|RainDance|[from] ability: Drizzle|[of] p1a: Kyogre\n|turn|9\n|\n|t:|1699154969\n|move|p2a: Eternatus|Dynamax Cannon|p1a: Kyogre\n|-damage|p1a: Kyogre|49\/100\n|-damage|p2a: Eternatus|39\/100|[from] item: Life Orb\n|move|p1a: Kyogre|Blizzard|p2a: Eternatus|[miss]\n|-miss|p1a: Kyogre|p2a: Eternatus\n|\n|-weather|RainDance|[upkeep]\n|upkeep\n|turn|10\n|c|\u2606loch2009|blizzard\n|\n|t:|1699154980\n|move|p2a: Eternatus|Dynamax Cannon|p1a: Kyogre\n|-damage|p1a: Kyogre|0 fnt\n|faint|p1a: Kyogre\n|-damage|p2a: Eternatus|29\/100|[from] item: Life Orb\n|\n|-weather|RainDance|[upkeep]\n|upkeep\n|c|\u2606loch2009|why not ice beam\n|\n|t:|1699154988\n|switch|p1a: Zamazenta|Zamazenta-Crowned|100\/100\n|-ability|p1a: Zamazenta|Dauntless Shield|boost\n|-boost|p1a: Zamazenta|def|1\n|turn|11\n|j| The Uber Bad Boy\n|c|\u2606ttvdphr|ngl i just made my first ubers team bro\n|\n|t:|1699155012\n|move|p2a: Eternatus|Flamethrower|p1a: Zamazenta\n|-supereffective|p1a: Zamazenta\n|-damage|p1a: Zamazenta|73\/100\n|-damage|p2a: Eternatus|19\/100|[from] item: Life Orb\n|move|p1a: Zamazenta|Behemoth Bash|p2a: Eternatus\n|-damage|p2a: Eternatus|0 fnt\n|faint|p2a: Eternatus\n|\n|-weather|RainDance|[upkeep]\n|upkeep\n|c|\u2606loch2009|ok\n|c|\u2606loch2009|i would recomend ice beam\n|\n|t:|1699155028\n|switch|p2a: Chien-Pao|Chien-Pao|69\/100\n|-ability|p2a: Chien-Pao|Sword of Ruin\n|turn|12\n|\n|t:|1699155038\n|move|p2a: Chien-Pao|Sacred Sword|p1a: Zamazenta\n|-supereffective|p1a: Zamazenta\n|-damage|p1a: Zamazenta|0 fnt\n|faint|p1a: Zamazenta\n|\n|-weather|RainDance|[upkeep]\n|upkeep\n|\n|t:|1699155044\n|switch|p1a: Palafin|Palafin-Hero, F|91\/100\n|-activate|p1a: Palafin|ability: Zero to Hero\n|turn|13\n|\n|t:|1699155053\n|-singleturn|p1a: Palafin|move: Focus Punch\n|move|p2a: Chien-Pao|Sacred Sword|p1a: Palafin\n|-damage|p1a: Palafin|31\/100\n|cant|p1a: Palafin|Focus Punch|Focus Punch\n|\n|-weather|none\n|upkeep\n|turn|14\n|c|\u2606ttvdphr|gg\n|c|\u2606loch2009|dont use focus punch\n|\n|t:|1699155066\n|move|p2a: Chien-Pao|Sacred Sword|p1a: Palafin\n|-damage|p1a: Palafin|0 fnt\n|faint|p1a: Palafin\n|\n|win|loch2009\n|n|\u2606ttvdphr|ttvdphr\n|n|\u2606loch2009|loch2009\n|n| The Uber Bad Boy|theuberbadboy\n|c|\u2606loch2009|gg\n|l|\u2606ttvdphr\n|c|\u2606loch2009|try drain pucnh\n","uploadtime":1699155079,"views":4,"p1id":"ttvdphr","p2id":"loch2009","formatid":"gen9ubers","rating":0,"private":0,"password":""}