{"id":"gen9ubers-1975878230","p1":"ateup","p2":"LadyCynthia32","format":"[Gen 9] Ubers","log":"|j|\u2606ateup\n|j|\u2606LadyCynthia32\n|t:|1698245957\n|gametype|singles\n|player|p1|ateup|pokemaniac|\n|player|p2|LadyCynthia32|cynthia-gen4|\n|teamsize|p1|6\n|teamsize|p2|6\n|gen|9\n|tier|[Gen 9] Ubers\n|rule|Sleep Clause Mod: Limit one foe put to sleep\n|rule|Species Clause: Limit one of each Pok\u00e9mon\n|rule|OHKO Clause: OHKO moves are banned\n|rule|Evasion Items Clause: Evasion items are banned\n|rule|Evasion Moves Clause: Evasion moves are banned\n|rule|Endless Battle Clause: Forcing endless battles is banned\n|rule|HP Percentage Mod: HP is shown in percentages\n|clearpoke\n|poke|p1|Pelipper, F|\n|poke|p1|Basculegion-F, F|\n|poke|p1|Thundurus-Therian, M|\n|poke|p1|Zacian-*|\n|poke|p1|Palkia-Origin|\n|poke|p1|Arceus-Grass|\n|poke|p2|Dialga|\n|poke|p2|Palkia-Origin|\n|poke|p2|Giratina|\n|poke|p2|Arceus-Dark|\n|poke|p2|Chi-Yu|\n|poke|p2|Magearna|\n|teampreview\n|inactive|Battle timer is ON: inactive players will automatically lose when time's up. (requested by ateup)\n|c|\u2606LadyCynthia32|welp game 3\n|c|\u2606ateup|using a full on rain team this time lmfao\n|c|\u2606LadyCynthia32|yeah I see\n|\n|t:|1698245981\n|start\n|switch|p1a: Pelipper|Pelipper, F|100\/100\n|switch|p2a: Magearna|Magearna|100\/100\n|-weather|RainDance|[from] ability: Drizzle|[of] p1a: Pelipper\n|turn|1\n|\n|t:|1698245989\n|move|p2a: Magearna|Shift Gear|p2a: Magearna\n|-boost|p2a: Magearna|spe|2\n|-boost|p2a: Magearna|atk|1\n|move|p1a: Pelipper|U-turn|p2a: Magearna\n|-resisted|p2a: Magearna\n|-damage|p2a: Magearna|99\/100\n|\n|t:|1698245998\n|switch|p1a: Palkia|Palkia-Origin|100\/100|[from] U-turn\n|-ability|p1a: Palkia|Pressure\n|\n|-weather|RainDance|[upkeep]\n|-heal|p2a: Magearna|100\/100|[from] item: Leftovers\n|upkeep\n|turn|2\n|\n|t:|1698246005\n|move|p1a: Palkia|Hydro Pump|p2a: Magearna\n|-damage|p2a: Magearna|0 fnt\n|faint|p2a: Magearna\n|\n|-weather|RainDance|[upkeep]\n|upkeep\n|c|\u2606LadyCynthia32|omg\n|inactive|LadyCynthia32 has 270 seconds left.\n|\n|t:|1698246037\n|switch|p2a: Arceus|Arceus-Dark|100\/100\n|turn|3\n|\n|t:|1698246053\n|move|p1a: Palkia|Hydro Pump|p2a: Arceus\n|-damage|p2a: Arceus|22\/100\n|move|p2a: Arceus|Thunder Wave|p1a: Palkia\n|-status|p1a: Palkia|par\n|\n|-weather|RainDance|[upkeep]\n|upkeep\n|turn|4\n|\n|t:|1698246061\n|move|p2a: Arceus|Recover|p2a: Arceus\n|-heal|p2a: Arceus|72\/100\n|move|p1a: Palkia|Hydro Pump|p2a: Arceus\n|-damage|p2a: Arceus|0 fnt\n|faint|p2a: Arceus\n|\n|-weather|RainDance|[upkeep]\n|upkeep\n|\n|t:|1698246068\n|switch|p2a: Palkia|Palkia-Origin|100\/100\n|-ability|p2a: Palkia|Pressure\n|turn|5\n|\n|t:|1698246073\n|-terastallize|p1a: Palkia|Fairy\n|move|p2a: Palkia|Spacial Rend|p1a: Palkia\n|-immune|p1a: Palkia\n|move|p1a: Palkia|Spacial Rend|p2a: Palkia\n|-supereffective|p2a: Palkia\n|-damage|p2a: Palkia|0 fnt\n|faint|p2a: Palkia\n|\n|-weather|RainDance|[upkeep]\n|upkeep\n|\n|t:|1698246078\n|switch|p2a: Giratina|Giratina|100\/100\n|-ability|p2a: Giratina|Pressure\n|turn|6\n|\n|t:|1698246092\n|move|p2a: Giratina|Poltergeist|p1a: Palkia\n|-activate|p1a: Palkia|move: Poltergeist|Lustrous Globe\n|-damage|p1a: Palkia|52\/100 par\n|move|p1a: Palkia|Spacial Rend|p2a: Giratina\n|-supereffective|p2a: Giratina\n|-damage|p2a: Giratina|29\/100\n|\n|-weather|RainDance|[upkeep]\n|-heal|p2a: Giratina|35\/100|[from] item: Leftovers\n|upkeep\n|turn|7\n|\n|t:|1698246100\n|move|p2a: Giratina|Poltergeist|p1a: Palkia\n|-activate|p1a: Palkia|move: Poltergeist|Lustrous Globe\n|-damage|p1a: Palkia|0 fnt\n|faint|p1a: Palkia\n|\n|-weather|RainDance|[upkeep]\n|-heal|p2a: Giratina|41\/100|[from] item: Leftovers\n|upkeep\n|\n|t:|1698246107\n|switch|p1a: Zacian|Zacian|100\/100\n|-ability|p1a: Zacian|Intrepid Sword|boost\n|-boost|p1a: Zacian|atk|1\n|turn|8\n|\n|t:|1698246114\n|move|p1a: Zacian|Play Rough|p2a: Giratina\n|-supereffective|p2a: Giratina\n|-damage|p2a: Giratina|0 fnt\n|faint|p2a: Giratina\n|\n|-weather|none\n|upkeep\n|\n|t:|1698246117\n|switch|p2a: Chi-Yu|Chi-Yu|100\/100\n|-ability|p2a: Chi-Yu|Beads of Ruin\n|turn|9\n|\n|t:|1698246124\n|-terastallize|p2a: Chi-Yu|Fairy\n|move|p2a: Chi-Yu|Flamethrower|p1a: Zacian\n|-damage|p1a: Zacian|36\/100\n|move|p1a: Zacian|Close Combat|p2a: Chi-Yu\n|-resisted|p2a: Chi-Yu\n|-damage|p2a: Chi-Yu|51\/100\n|-unboost|p1a: Zacian|def|1\n|-unboost|p1a: Zacian|spd|1\n|\n|upkeep\n|turn|10\n|\n|t:|1698246132\n|move|p2a: Chi-Yu|Flamethrower|p1a: Zacian\n|-damage|p1a: Zacian|0 fnt\n|faint|p1a: Zacian\n|\n|upkeep\n|\n|t:|1698246140\n|switch|p1a: Thundurus|Thundurus-Therian, M|100\/100\n|turn|11\n|c|\u2606LadyCynthia32|yeah I lose to basc now\n|c|\u2606LadyCynthia32|it's already over\n|\n|t:|1698246148\n|switch|p2a: Dialga|Dialga|100\/100\n|-ability|p2a: Dialga|Pressure\n|move|p1a: Thundurus|Volt Switch|p2a: Dialga\n|-resisted|p2a: Dialga\n|-damage|p2a: Dialga|73\/100\n|-damage|p1a: Thundurus|91\/100|[from] item: Life Orb\n|\n|t:|1698246157\n|switch|p1a: Pelipper|Pelipper, F|100\/100|[from] Volt Switch\n|-weather|RainDance|[from] ability: Drizzle|[of] p1a: Pelipper\n|\n|-weather|RainDance|[upkeep]\n|-heal|p2a: Dialga|79\/100|[from] item: Leftovers\n|upkeep\n|turn|12\n|\n|t:|1698246163\n|move|p2a: Dialga|Stealth Rock|p1a: Pelipper\n|-sidestart|p1: ateup|move: Stealth Rock\n|move|p1a: Pelipper|U-turn|p2a: Dialga\n|-resisted|p2a: Dialga\n|-damage|p2a: Dialga|75\/100\n|\n|t:|1698246168\n|switch|p1a: Thundurus|Thundurus-Therian, M|91\/100|[from] U-turn\n|-damage|p1a: Thundurus|66\/100|[from] Stealth Rock\n|\n|-weather|RainDance|[upkeep]\n|-heal|p2a: Dialga|81\/100|[from] item: Leftovers\n|upkeep\n|turn|13\n|\n|t:|1698246185\n|move|p1a: Thundurus|Weather Ball|p2a: Dialga\n|-resisted|p2a: Dialga\n|-damage|p2a: Dialga|45\/100\n|-damage|p1a: Thundurus|56\/100|[from] item: Life Orb\n|move|p2a: Dialga|Thunder Wave|p1a: Thundurus\n|-heal|p1a: Thundurus|81\/100|[from] ability: Volt Absorb|[of] p2a: Dialga\n|\n|-weather|RainDance|[upkeep]\n|-heal|p2a: Dialga|51\/100|[from] item: Leftovers\n|upkeep\n|turn|14\n|\n|t:|1698246190\n|switch|p1a: Basculegion|Basculegion-F, F|100\/100\n|-damage|p1a: Basculegion|88\/100|[from] Stealth Rock\n|move|p2a: Dialga|Draco Meteor|p1a: Basculegion|[miss]\n|-miss|p2a: Dialga|p1a: Basculegion\n|\n|-weather|RainDance|[upkeep]\n|-heal|p2a: Dialga|57\/100|[from] item: Leftovers\n|upkeep\n|turn|15\n|c|\u2606LadyCynthia32|fuck\n|c|\u2606LadyCynthia32|that was the game on the line\n|\n|t:|1698246201\n|move|p1a: Basculegion|Last Respects|p2a: Dialga\n|-damage|p2a: Dialga|0 fnt\n|faint|p2a: Dialga\n|\n|-weather|RainDance|[upkeep]\n|upkeep\n|c|\u2606LadyCynthia32|gg\n|c|\u2606LadyCynthia32|thanks Dialga\n|\n|t:|1698246207\n|switch|p2a: Chi-Yu|Chi-Yu, tera:Fairy|51\/100\n|-ability|p2a: Chi-Yu|Beads of Ruin\n|turn|16\n|c|\u2606ateup|never say gg too early\n|\n|t:|1698246213\n|move|p1a: Basculegion|Last Respects|p2a: Chi-Yu\n|-crit|p2a: Chi-Yu\n|-damage|p2a: Chi-Yu|0 fnt\n|faint|p2a: Chi-Yu\n|\n|win|ateup\n|c|\u2606LadyCynthia32|no it's over\n|c|\u2606ateup|gggwp\n|c|\u2606LadyCynthia32|I don't live Last Respects\n","uploadtime":1698246231,"views":17,"p1id":"ateup","p2id":"ladycynthia32","formatid":"gen9ubers","rating":0,"private":0,"password":""}