{"id":"gen9ubers-1998424862","p1":"volcadon","p2":"jacothaptrllr","format":"[Gen 9] Ubers","log":"|j|\u2606volcadon\n|j|\u2606jacothaptrllr\n|t:|1700940837\n|gametype|singles\n|player|p1|volcadon|buck|1073\n|player|p2|jacothaptrllr|chuck|1133\n|teamsize|p1|6\n|teamsize|p2|6\n|gen|9\n|tier|[Gen 9] Ubers\n|rated|\n|rule|Sleep Clause Mod: Limit one foe put to sleep\n|rule|Species Clause: Limit one of each Pok\u00e9mon\n|rule|OHKO Clause: OHKO moves are banned\n|rule|Evasion Items Clause: Evasion items are banned\n|rule|Evasion Moves Clause: Evasion moves are banned\n|rule|Endless Battle Clause: Forcing endless battles is banned\n|rule|HP Percentage Mod: HP is shown in percentages\n|clearpoke\n|poke|p1|Volcarona, F|\n|poke|p1|Vaporeon, F|\n|poke|p1|Corviknight, F|\n|poke|p1|Decidueye, M|\n|poke|p1|Umbreon, M|\n|poke|p1|Gliscor, F|\n|poke|p2|Flutter Mane|\n|poke|p2|Miraidon|\n|poke|p2|Chien-Pao|\n|poke|p2|Koraidon|\n|poke|p2|Arceus-Bug|\n|poke|p2|Skeledirge, F|\n|teampreview\n|inactive|Battle timer is ON: inactive players will automatically lose when time's up. (requested by jacothaptrllr)\n|\n|t:|1700940858\n|start\n|switch|p1a: Volcarona|Volcarona, F|100\/100\n|switch|p2a: Bob Lazar|Miraidon|100\/100\n|-fieldstart|move: Electric Terrain|[from] ability: Hadron Engine|[of] p2a: Bob Lazar\n|turn|1\n|\n|t:|1700940867\n|move|p2a: Bob Lazar|Draco Meteor|p1a: Volcarona\n|-damage|p1a: Volcarona|0 fnt\n|-unboost|p2a: Bob Lazar|spa|2\n|faint|p1a: Volcarona\n|-damage|p2a: Bob Lazar|91\/100|[from] item: Life Orb\n|\n|upkeep\n|\n|t:|1700940875\n|switch|p1a: Gliscor|Gliscor, F|100\/100\n|turn|2\n|\n|t:|1700940881\n|move|p2a: Bob Lazar|Draco Meteor|p1a: Gliscor\n|-damage|p1a: Gliscor|18\/100\n|-unboost|p2a: Bob Lazar|spa|2\n|-damage|p2a: Bob Lazar|81\/100|[from] item: Life Orb\n|move|p1a: Gliscor|Agility|p1a: Gliscor\n|-boost|p1a: Gliscor|spe|2\n|\n|-status|p1a: Gliscor|tox|[from] item: Toxic Orb\n|upkeep\n|turn|3\n|\n|t:|1700940889\n|move|p1a: Gliscor|Earthquake|p2a: Bob Lazar\n|-supereffective|p2a: Bob Lazar\n|-damage|p2a: Bob Lazar|0 fnt\n|faint|p2a: Bob Lazar\n|\n|-heal|p1a: Gliscor|31\/100 tox|[from] ability: Poison Heal\n|upkeep\n|\n|t:|1700940898\n|switch|p2a: Jeremy knapp|Flutter Mane|100\/100\n|-enditem|p2a: Jeremy knapp|Booster Energy\n|-activate|p2a: Jeremy knapp|ability: Protosynthesis|[fromitem]\n|-start|p2a: Jeremy knapp|protosynthesisspe\n|turn|4\n|\n|t:|1700940916\n|move|p2a: Jeremy knapp|Moonblast|p1a: Gliscor\n|-damage|p1a: Gliscor|0 fnt\n|faint|p1a: Gliscor\n|\n|upkeep\n|\n|t:|1700940927\n|switch|p1a: Corviknight|Corviknight, F|100\/100\n|-ability|p1a: Corviknight|Pressure\n|turn|5\n|\n|t:|1700940936\n|move|p2a: Jeremy knapp|Taunt|p1a: Corviknight\n|-start|p1a: Corviknight|move: Taunt\n|move|p1a: Corviknight|Drill Peck|p2a: Jeremy knapp\n|-damage|p2a: Jeremy knapp|29\/100\n|\n|-fieldend|move: Electric Terrain\n|upkeep\n|turn|6\n|\n|t:|1700940947\n|move|p2a: Jeremy knapp|Shadow Ball|p1a: Corviknight\n|-damage|p1a: Corviknight|52\/100\n|move|p1a: Corviknight|Iron Head|p2a: Jeremy knapp\n|-supereffective|p2a: Jeremy knapp\n|-damage|p2a: Jeremy knapp|0 fnt\n|faint|p2a: Jeremy knapp\n|-end|p2a: Jeremy knapp|Protosynthesis|[silent]\n|\n|upkeep\n|\n|t:|1700940953\n|switch|p2a: Skeledirge|Skeledirge, F|100\/100\n|turn|7\n|\n|t:|1700940965\n|switch|p1a: Vaporeon|Vaporeon, F|100\/100\n|move|p2a: Skeledirge|Torch Song|p1a: Vaporeon\n|-resisted|p1a: Vaporeon\n|-damage|p1a: Vaporeon|89\/100\n|-boost|p2a: Skeledirge|spa|1\n|\n|upkeep\n|turn|8\n|\n|t:|1700940972\n|move|p2a: Skeledirge|Will-O-Wisp|p1a: Vaporeon\n|-status|p1a: Vaporeon|brn\n|move|p1a: Vaporeon|Ice Beam|p2a: Skeledirge\n|-resisted|p2a: Skeledirge\n|-damage|p2a: Skeledirge|85\/100\n|\n|-damage|p1a: Vaporeon|83\/100 brn|[from] brn\n|upkeep\n|turn|9\n|\n|t:|1700940987\n|-terastallize|p1a: Vaporeon|Water\n|move|p2a: Skeledirge|Hex|p1a: Vaporeon\n|-damage|p1a: Vaporeon|32\/100 brn\n|move|p1a: Vaporeon|Water Pulse|p2a: Skeledirge\n|-supereffective|p2a: Skeledirge\n|-damage|p2a: Skeledirge|0 fnt\n|faint|p2a: Skeledirge\n|\n|-damage|p1a: Vaporeon|26\/100 brn|[from] brn\n|upkeep\n|\n|t:|1700940994\n|switch|p2a: Arceus|Arceus-Bug|100\/100\n|turn|10\n|\n|t:|1700941007\n|switch|p1a: Corviknight|Corviknight, F|52\/100\n|-ability|p1a: Corviknight|Pressure\n|move|p2a: Arceus|Dragon Dance|p2a: Arceus\n|-boost|p2a: Arceus|atk|1\n|-boost|p2a: Arceus|spe|1\n|\n|upkeep\n|turn|11\n|\n|t:|1700941020\n|-terastallize|p2a: Arceus|Dragon\n|move|p2a: Arceus|Dragon Dance|p2a: Arceus\n|-boost|p2a: Arceus|atk|1\n|-boost|p2a: Arceus|spe|1\n|move|p1a: Corviknight|Roost|p1a: Corviknight\n|-heal|p1a: Corviknight|100\/100\n|-singleturn|p1a: Corviknight|move: Roost\n|\n|upkeep\n|turn|12\n|\n|t:|1700941032\n|move|p2a: Arceus|Dragon Dance|p2a: Arceus\n|-boost|p2a: Arceus|atk|1\n|-boost|p2a: Arceus|spe|1\n|move|p1a: Corviknight|Drill Peck|p2a: Arceus\n|-damage|p2a: Arceus|81\/100\n|\n|upkeep\n|turn|13\n|\n|t:|1700941040\n|switch|p1a: Vaporeon|Vaporeon, F, tera:Water|26\/100 brn\n|move|p2a: Arceus|Dragon Dance|p2a: Arceus\n|-boost|p2a: Arceus|atk|1\n|-boost|p2a: Arceus|spe|1\n|\n|-damage|p1a: Vaporeon|19\/100 brn|[from] brn\n|upkeep\n|turn|14\n|\n|t:|1700941046\n|move|p2a: Arceus|Extreme Speed|p1a: Vaporeon\n|-damage|p1a: Vaporeon|0 fnt\n|faint|p1a: Vaporeon\n|\n|upkeep\n|\n|t:|1700941051\n|switch|p1a: Umbreon|Umbreon, M|100\/100\n|turn|15\n|\n|t:|1700941057\n|move|p2a: Arceus|Extreme Speed|p1a: Umbreon\n|-damage|p1a: Umbreon|60\/100\n|move|p1a: Umbreon|Foul Play|p2a: Arceus\n|-damage|p2a: Arceus|7\/100\n|\n|-heal|p1a: Umbreon|66\/100|[from] item: Leftovers\n|upkeep\n|turn|16\n|\n|t:|1700941064\n|move|p2a: Arceus|Iron Head|p1a: Umbreon\n|-damage|p1a: Umbreon|27\/100\n|cant|p1a: Umbreon|flinch\n|\n|-heal|p1a: Umbreon|33\/100|[from] item: Leftovers\n|upkeep\n|turn|17\n|\n|t:|1700941069\n|move|p1a: Umbreon|Protect|p1a: Umbreon\n|-singleturn|p1a: Umbreon|Protect\n|move|p2a: Arceus|Iron Head|p1a: Umbreon\n|-activate|p1a: Umbreon|move: Protect\n|\n|-heal|p1a: Umbreon|39\/100|[from] item: Leftovers\n|upkeep\n|turn|18\n|\n|t:|1700941083\n|move|p2a: Arceus|Iron Head|p1a: Umbreon\n|-damage|p1a: Umbreon|0 fnt\n|faint|p1a: Umbreon\n|\n|upkeep\n|\n|t:|1700941095\n|switch|p1a: Decidueye|Decidueye, M|100\/100\n|turn|19\n|\n|t:|1700941104\n|move|p2a: Arceus|Recover|p2a: Arceus\n|-heal|p2a: Arceus|57\/100\n|move|p1a: Decidueye|Leaf Blade|p2a: Arceus\n|-resisted|p2a: Arceus\n|-damage|p2a: Arceus|44\/100\n|-damage|p1a: Decidueye|91\/100|[from] item: Life Orb\n|\n|upkeep\n|turn|20\n|\n|t:|1700941111\n|move|p2a: Arceus|Recover|p2a: Arceus\n|-heal|p2a: Arceus|94\/100\n|move|p1a: Decidueye|Swords Dance|p1a: Decidueye\n|-boost|p1a: Decidueye|atk|2\n|\n|upkeep\n|turn|21\n|\n|t:|1700941120\n|move|p2a: Arceus|Iron Head|p1a: Decidueye\n|-damage|p1a: Decidueye|0 fnt\n|faint|p1a: Decidueye\n|\n|upkeep\n|\n|t:|1700941125\n|switch|p1a: Corviknight|Corviknight, F|100\/100\n|-ability|p1a: Corviknight|Pressure\n|turn|22\n|\n|t:|1700941131\n|move|p2a: Arceus|Extreme Speed|p1a: Corviknight\n|-resisted|p1a: Corviknight\n|-damage|p1a: Corviknight|64\/100\n|-damage|p2a: Arceus|77\/100|[from] item: Rocky Helmet|[of] p1a: Corviknight\n|move|p1a: Corviknight|Bulk Up|p1a: Corviknight\n|-boost|p1a: Corviknight|atk|1\n|-boost|p1a: Corviknight|def|1\n|\n|upkeep\n|turn|23\n|\n|t:|1700941138\n|move|p2a: Arceus|Extreme Speed|p1a: Corviknight\n|-resisted|p1a: Corviknight\n|-damage|p1a: Corviknight|42\/100\n|-damage|p2a: Arceus|61\/100|[from] item: Rocky Helmet|[of] p1a: Corviknight\n|move|p1a: Corviknight|Roost|p1a: Corviknight\n|-heal|p1a: Corviknight|92\/100\n|-singleturn|p1a: Corviknight|move: Roost\n|\n|upkeep\n|turn|24\n|\n|t:|1700941145\n|move|p2a: Arceus|Recover|p2a: Arceus\n|-heal|p2a: Arceus|100\/100\n|move|p1a: Corviknight|Bulk Up|p1a: Corviknight\n|-boost|p1a: Corviknight|atk|1\n|-boost|p1a: Corviknight|def|1\n|\n|upkeep\n|turn|25\n|\n|t:|1700941151\n|move|p2a: Arceus|Extreme Speed|p1a: Corviknight\n|-resisted|p1a: Corviknight\n|-crit|p1a: Corviknight\n|-damage|p1a: Corviknight|43\/100\n|-damage|p2a: Arceus|84\/100|[from] item: Rocky Helmet|[of] p1a: Corviknight\n|move|p1a: Corviknight|Roost|p1a: Corviknight\n|-heal|p1a: Corviknight|93\/100\n|-singleturn|p1a: Corviknight|move: Roost\n|\n|upkeep\n|turn|26\n|\n|t:|1700941169\n|move|p2a: Arceus|Dragon Dance|p2a: Arceus\n|-boost|p2a: Arceus|atk|1\n|-boost|p2a: Arceus|spe|1\n|move|p1a: Corviknight|Bulk Up|p1a: Corviknight\n|-boost|p1a: Corviknight|atk|1\n|-boost|p1a: Corviknight|def|1\n|\n|upkeep\n|turn|27\n|\n|t:|1700941176\n|move|p2a: Arceus|Dragon Dance|p2a: Arceus\n|-boost|p2a: Arceus|atk|1\n|-boost|p2a: Arceus|spe|1\n|move|p1a: Corviknight|Roost|p1a: Corviknight\n|-heal|p1a: Corviknight|100\/100\n|-singleturn|p1a: Corviknight|move: Roost\n|\n|upkeep\n|turn|28\n|\n|t:|1700941184\n|move|p2a: Arceus|Iron Head|p1a: Corviknight\n|-resisted|p1a: Corviknight\n|-damage|p1a: Corviknight|83\/100\n|-damage|p2a: Arceus|67\/100|[from] item: Rocky Helmet|[of] p1a: Corviknight\n|move|p1a: Corviknight|Bulk Up|p1a: Corviknight\n|-boost|p1a: Corviknight|atk|1\n|-boost|p1a: Corviknight|def|1\n|\n|upkeep\n|turn|29\n|\n|t:|1700941197\n|move|p2a: Arceus|Iron Head|p1a: Corviknight\n|-resisted|p1a: Corviknight\n|-damage|p1a: Corviknight|68\/100\n|-damage|p2a: Arceus|51\/100|[from] item: Rocky Helmet|[of] p1a: Corviknight\n|cant|p1a: Corviknight|flinch\n|\n|upkeep\n|turn|30\n|\n|t:|1700941209\n|move|p2a: Arceus|Recover|p2a: Arceus\n|-heal|p2a: Arceus|100\/100\n|move|p1a: Corviknight|Roost|p1a: Corviknight\n|-heal|p1a: Corviknight|100\/100\n|-singleturn|p1a: Corviknight|move: Roost\n|\n|upkeep\n|turn|31\n|\n|t:|1700941214\n|move|p2a: Arceus|Iron Head|p1a: Corviknight\n|-resisted|p1a: Corviknight\n|-damage|p1a: Corviknight|86\/100\n|-damage|p2a: Arceus|84\/100|[from] item: Rocky Helmet|[of] p1a: Corviknight\n|move|p1a: Corviknight|Bulk Up|p1a: Corviknight\n|-boost|p1a: Corviknight|atk|1\n|-boost|p1a: Corviknight|def|1\n|\n|upkeep\n|turn|32\n|\n|t:|1700941224\n|move|p2a: Arceus|Iron Head|p1a: Corviknight\n|-resisted|p1a: Corviknight\n|-damage|p1a: Corviknight|73\/100\n|-damage|p2a: Arceus|67\/100|[from] item: Rocky Helmet|[of] p1a: Corviknight\n|move|p1a: Corviknight|Bulk Up|p1a: Corviknight\n|-boost|p1a: Corviknight|atk|1\n|-boost|p1a: Corviknight|def|1\n|\n|upkeep\n|turn|33\n|\n|t:|1700941231\n|move|p2a: Arceus|Iron Head|p1a: Corviknight\n|-resisted|p1a: Corviknight\n|-damage|p1a: Corviknight|62\/100\n|-damage|p2a: Arceus|51\/100|[from] item: Rocky Helmet|[of] p1a: Corviknight\n|cant|p1a: Corviknight|flinch\n|\n|upkeep\n|turn|34\n|\n|t:|1700941236\n|move|p2a: Arceus|Recover|p2a: Arceus\n|-heal|p2a: Arceus|100\/100\n|move|p1a: Corviknight|Roost|p1a: Corviknight\n|-heal|p1a: Corviknight|100\/100\n|-singleturn|p1a: Corviknight|move: Roost\n|\n|upkeep\n|turn|35\n|\n|t:|1700941241\n|move|p2a: Arceus|Iron Head|p1a: Corviknight\n|-resisted|p1a: Corviknight\n|-damage|p1a: Corviknight|89\/100\n|-damage|p2a: Arceus|84\/100|[from] item: Rocky Helmet|[of] p1a: Corviknight\n|cant|p1a: Corviknight|flinch\n|\n|upkeep\n|turn|36\n|\n|t:|1700941248\n|move|p2a: Arceus|Iron Head|p1a: Corviknight\n|-resisted|p1a: Corviknight\n|-damage|p1a: Corviknight|76\/100\n|-damage|p2a: Arceus|67\/100|[from] item: Rocky Helmet|[of] p1a: Corviknight\n|cant|p1a: Corviknight|flinch\n|\n|upkeep\n|turn|37\n|\n|t:|1700941260\n|move|p2a: Arceus|Iron Head|p1a: Corviknight\n|-resisted|p1a: Corviknight\n|-damage|p1a: Corviknight|65\/100\n|-damage|p2a: Arceus|51\/100|[from] item: Rocky Helmet|[of] p1a: Corviknight\n|move|p1a: Corviknight|Iron Head|p2a: Arceus\n|-damage|p2a: Arceus|0 fnt\n|faint|p2a: Arceus\n|\n|upkeep\n|\n|t:|1700941266\n|switch|p2a: Koraidon|Koraidon|100\/100\n|-weather|SunnyDay|[from] ability: Orichalcum Pulse|[of] p2a: Koraidon\n|-activate|p2a: Koraidon|Orichalcum Pulse|[source]\n|turn|38\n|\n|t:|1700941274\n|move|p2a: Koraidon|Flare Blitz|p1a: Corviknight\n|-supereffective|p1a: Corviknight\n|-damage|p1a: Corviknight|6\/100\n|-damage|p2a: Koraidon|84\/100|[from] item: Rocky Helmet|[of] p1a: Corviknight\n|-damage|p2a: Koraidon|65\/100|[from] Recoil\n|move|p1a: Corviknight|Drill Peck|p2a: Koraidon\n|-supereffective|p2a: Koraidon\n|-damage|p2a: Koraidon|0 fnt\n|faint|p2a: Koraidon\n|\n|-weather|SunnyDay|[upkeep]\n|upkeep\n|\n|t:|1700941280\n|switch|p2a: David Grusch|Chien-Pao|100\/100\n|-ability|p2a: David Grusch|Sword of Ruin\n|turn|39\n|\n|t:|1700941290\n|move|p2a: David Grusch|Ice Shard|p1a: Corviknight\n|-damage|p1a: Corviknight|0 fnt\n|faint|p1a: Corviknight\n|\n|win|jacothaptrllr\n|raw|volcadon's rating: 1073 &rarr; <strong>1056<\/strong><br \/>(-17 for losing)\n|raw|jacothaptrllr's rating: 1133 &rarr; <strong>1154<\/strong><br \/>(+21 for winning)\n|c|\u2606jacothaptrllr|ggggggggggg\n","uploadtime":1700941299,"views":3,"p1id":"volcadon","p2id":"jacothaptrllr","formatid":"gen9ubers","rating":1056,"private":0,"password":""}