{"id":"gen9ubers-1984555488","p1":"Dorklyshuckle","p2":"SkyPrincess420","format":"[Gen 9] Ubers","log":"|j|\u2606Dorklyshuckle\n|j|\u2606SkyPrincess420\n|t:|1699279373\n|gametype|singles\n|player|p1|Dorklyshuckle|swimmerf-gen4|1000\n|player|p2|SkyPrincess420|caitlin|1000\n|teamsize|p1|6\n|teamsize|p2|6\n|gen|9\n|tier|[Gen 9] Ubers\n|rated|\n|rule|Sleep Clause Mod: Limit one foe put to sleep\n|rule|Species Clause: Limit one of each Pok\u00e9mon\n|rule|OHKO Clause: OHKO moves are banned\n|rule|Evasion Items Clause: Evasion items are banned\n|rule|Evasion Moves Clause: Evasion moves are banned\n|rule|Endless Battle Clause: Forcing endless battles is banned\n|rule|HP Percentage Mod: HP is shown in percentages\n|clearpoke\n|poke|p1|Zacian-*|\n|poke|p1|Chi-Yu|\n|poke|p1|Corviknight, F|\n|poke|p1|Dondozo, M|\n|poke|p1|Arceus-Ghost|\n|poke|p1|Palafin, M|\n|poke|p2|Pelipper, F|\n|poke|p2|Palafin, F|\n|poke|p2|Regieleki|\n|poke|p2|Palkia-Origin|\n|poke|p2|Ting-Lu|\n|poke|p2|Basculegion, M|\n|teampreview\n|\n|t:|1699279388\n|start\n|switch|p1a: Arceus|Arceus-Ghost|100\/100\n|switch|p2a: Regieleki|Regieleki|100\/100\n|turn|1\n|\n|t:|1699279396\n|move|p2a: Regieleki|Volt Switch|p1a: Arceus\n|-damage|p1a: Arceus|69\/100\n|\n|t:|1699279400\n|switch|p2a: Ting-Lu|Ting-Lu|100\/100|[from] Volt Switch\n|-ability|p2a: Ting-Lu|Vessel of Ruin\n|move|p1a: Arceus|Dragon Dance|p1a: Arceus\n|-boost|p1a: Arceus|atk|1\n|-boost|p1a: Arceus|spe|1\n|\n|upkeep\n|turn|2\n|\n|t:|1699279411\n|move|p1a: Arceus|Taunt|p2a: Ting-Lu\n|-start|p2a: Ting-Lu|move: Taunt\n|cant|p2a: Ting-Lu|move: Taunt|Whirlwind\n|\n|upkeep\n|turn|3\n|\n|t:|1699279431\n|switch|p2a: Palafin|Palafin, F|100\/100\n|move|p1a: Arceus|Dragon Dance|p1a: Arceus\n|-boost|p1a: Arceus|atk|1\n|-boost|p1a: Arceus|spe|1\n|\n|upkeep\n|turn|4\n|\n|t:|1699279443\n|detailschange|p2a: Palafin|Palafin-Hero, F\n|switch|p2a: Pelipper|Pelipper, F|100\/100\n|-weather|RainDance|[from] ability: Drizzle|[of] p2a: Pelipper\n|move|p1a: Arceus|Earthquake|p2a: Pelipper\n|-immune|p2a: Pelipper\n|\n|-weather|RainDance|[upkeep]\n|upkeep\n|turn|5\n|inactive|Battle timer is ON: inactive players will automatically lose when time's up. (requested by SkyPrincess420)\n|\n|t:|1699279452\n|move|p1a: Arceus|Shadow Claw|p2a: Pelipper\n|-damage|p2a: Pelipper|37\/100\n|move|p2a: Pelipper|U-turn|p1a: Arceus\n|-resisted|p1a: Arceus\n|-damage|p1a: Arceus|66\/100\n|\n|t:|1699279456\n|switch|p2a: Palafin|Palafin-Hero, F|100\/100|[from] U-turn\n|-activate|p2a: Palafin|ability: Zero to Hero\n|\n|-weather|RainDance|[upkeep]\n|upkeep\n|turn|6\n|\n|t:|1699279466\n|-terastallize|p2a: Palafin|Water\n|move|p2a: Palafin|Jet Punch|p1a: Arceus\n|-damage|p1a: Arceus|0 fnt\n|faint|p1a: Arceus\n|\n|-weather|RainDance|[upkeep]\n|upkeep\n|\n|t:|1699279476\n|switch|p1a: Dondozo|Dondozo, M|100\/100\n|turn|7\n|\n|t:|1699279485\n|switch|p2a: Pelipper|Pelipper, F|37\/100\n|move|p1a: Dondozo|Curse|p1a: Dondozo\n|-unboost|p1a: Dondozo|spe|1\n|-boost|p1a: Dondozo|atk|1\n|-boost|p1a: Dondozo|def|1\n|\n|-weather|RainDance|[upkeep]\n|upkeep\n|turn|8\n|\n|t:|1699279496\n|move|p2a: Pelipper|Roost|p2a: Pelipper\n|-heal|p2a: Pelipper|87\/100\n|-singleturn|p2a: Pelipper|move: Roost\n|move|p1a: Dondozo|Liquidation|p2a: Pelipper\n|-resisted|p2a: Pelipper\n|-damage|p2a: Pelipper|62\/100\n|\n|-weather|RainDance|[upkeep]\n|upkeep\n|turn|9\n|\n|t:|1699279505\n|move|p2a: Pelipper|U-turn|p1a: Dondozo\n|-damage|p1a: Dondozo|98\/100\n|\n|t:|1699279507\n|switch|p2a: Palkia|Palkia-Origin|100\/100|[from] U-turn\n|-ability|p2a: Palkia|Pressure\n|move|p1a: Dondozo|Curse|p1a: Dondozo\n|-unboost|p1a: Dondozo|spe|1\n|-boost|p1a: Dondozo|atk|1\n|-boost|p1a: Dondozo|def|1\n|\n|-weather|RainDance|[upkeep]\n|-heal|p1a: Dondozo|100\/100|[from] item: Leftovers\n|upkeep\n|turn|10\n|\n|t:|1699279519\n|move|p2a: Palkia|Thunder|p1a: Dondozo\n|-supereffective|p1a: Dondozo\n|-damage|p1a: Dondozo|22\/100\n|-status|p1a: Dondozo|par\n|move|p1a: Dondozo|Curse|p1a: Dondozo\n|-unboost|p1a: Dondozo|spe|1\n|-boost|p1a: Dondozo|atk|1\n|-boost|p1a: Dondozo|def|1\n|\n|-weather|RainDance|[upkeep]\n|-heal|p1a: Dondozo|28\/100 par|[from] item: Leftovers\n|upkeep\n|turn|11\n|\n|t:|1699279533\n|move|p2a: Palkia|Thunder|p1a: Dondozo\n|-supereffective|p1a: Dondozo\n|-damage|p1a: Dondozo|0 fnt\n|faint|p1a: Dondozo\n|\n|-weather|none\n|upkeep\n|\n|t:|1699279544\n|switch|p1a: Zacian|Zacian-Crowned|100\/100\n|-ability|p1a: Zacian|Intrepid Sword|boost\n|-boost|p1a: Zacian|atk|1\n|turn|12\n|\n|t:|1699279552\n|switch|p2a: Pelipper|Pelipper, F|62\/100\n|-weather|RainDance|[from] ability: Drizzle|[of] p2a: Pelipper\n|move|p1a: Zacian|Swords Dance|p1a: Zacian\n|-boost|p1a: Zacian|atk|2\n|\n|-weather|RainDance|[upkeep]\n|upkeep\n|turn|13\n|\n|t:|1699279571\n|switch|p2a: Ting-Lu|Ting-Lu|100\/100\n|-ability|p2a: Ting-Lu|Vessel of Ruin\n|move|p1a: Zacian|Play Rough|p2a: Ting-Lu\n|-supereffective|p2a: Ting-Lu\n|-damage|p2a: Ting-Lu|0 fnt\n|faint|p2a: Ting-Lu\n|\n|-weather|RainDance|[upkeep]\n|upkeep\n|\n|t:|1699279587\n|switch|p2a: Palafin|Palafin-Hero, F, tera:Water|100\/100\n|turn|14\n|\n|t:|1699279591\n|move|p2a: Palafin|Jet Punch|p1a: Zacian\n|-damage|p1a: Zacian|0 fnt\n|faint|p1a: Zacian\n|\n|-weather|RainDance|[upkeep]\n|upkeep\n|\n|t:|1699279598\n|switch|p1a: Palafin|Palafin, M|100\/100\n|turn|15\n|l|\u2606Dorklyshuckle\n|inactive|Dorklyshuckle disconnected and has a minute to reconnect!\n|player|p1|\n|j|\u2606Dorklyshuckle\n|inactive|Dorklyshuckle reconnected and has 130 seconds left.\n|player|p1|Dorklyshuckle|swimmerf-gen4\n|\n|t:|1699279621\n|move|p2a: Palafin|Jet Punch|p1a: Palafin\n|-resisted|p1a: Palafin\n|-damage|p1a: Palafin|20\/100\n|move|p1a: Palafin|Flip Turn|p2a: Palafin\n|-resisted|p2a: Palafin\n|-damage|p2a: Palafin|77\/100\n|\n|t:|1699279627\n|detailschange|p1a: Palafin|Palafin-Hero, M\n|switch|p1a: Corviknight|Corviknight, F|100\/100|[from] Flip Turn\n|-ability|p1a: Corviknight|Pressure\n|\n|-weather|RainDance|[upkeep]\n|upkeep\n|turn|16\n|\n|t:|1699279643\n|move|p2a: Palafin|Jet Punch|p1a: Corviknight\n|-damage|p1a: Corviknight|17\/100\n|move|p1a: Corviknight|U-turn|p2a: Palafin\n|-damage|p2a: Palafin|66\/100\n|\n|t:|1699279648\n|switch|p1a: Palafin|Palafin-Hero, M|20\/100|[from] U-turn\n|-activate|p1a: Palafin|ability: Zero to Hero\n|\n|-weather|RainDance|[upkeep]\n|upkeep\n|turn|17\n|\n|t:|1699279656\n|-terastallize|p1a: Palafin|Water\n|move|p1a: Palafin|Jet Punch|p2a: Palafin\n|-resisted|p2a: Palafin\n|-damage|p2a: Palafin|18\/100\n|move|p2a: Palafin|Jet Punch|p1a: Palafin\n|-resisted|p1a: Palafin\n|-damage|p1a: Palafin|0 fnt\n|faint|p1a: Palafin\n|\n|-weather|RainDance|[upkeep]\n|upkeep\n|c|\u2606Dorklyshuckle|Gg\n|\n|t:|1699279667\n|switch|p1a: Corviknight|Corviknight, F|17\/100\n|-ability|p1a: Corviknight|Pressure\n|turn|18\n|\n|t:|1699279671\n|move|p2a: Palafin|Jet Punch|p1a: Corviknight\n|-damage|p1a: Corviknight|0 fnt\n|faint|p1a: Corviknight\n|\n|-weather|RainDance|[upkeep]\n|upkeep\n|\n|t:|1699279674\n|switch|p1a: Chi-Yu|Chi-Yu|100\/100\n|-ability|p1a: Chi-Yu|Beads of Ruin\n|turn|19\n|c|\u2606Dorklyshuckle|Gg\n|c|\u2606SkyPrincess420|Super Dolphin saves the day\n|c|\u2606SkyPrincess420|Gg\n|\n|t:|1699279696\n|move|p2a: Palafin|Jet Punch|p1a: Chi-Yu\n|-supereffective|p1a: Chi-Yu\n|-damage|p1a: Chi-Yu|0 fnt\n|faint|p1a: Chi-Yu\n|\n|win|SkyPrincess420\n|raw|Dorklyshuckle's rating: 1000 &rarr; <strong>1000<\/strong><br \/>(+0 for losing)\n|raw|SkyPrincess420's rating: 1000 &rarr; <strong>1040<\/strong><br \/>(+40 for winning)\n|c|\u2606Dorklyshuckle|Yup :)\n|c|\u2606SkyPrincess420|Nice team btw\n|c|\u2606SkyPrincess420|:)\n|c|\u2606Dorklyshuckle|Thx\n","uploadtime":1699279729,"views":4,"p1id":"dorklyshuckle","p2id":"skyprincess420","formatid":"gen9ubers","rating":1000,"private":0,"password":""}