{"id":"gen9ubers-1973916414","p1":"Pickedman","p2":"Arcanine Numbers","format":"[Gen 9] Ubers","log":"|j|\u2606Pickedman\n|j|\u2606Arcanine Numbers\n|inactive|Battle timer is ON: inactive players will automatically lose when time's up.\n|t:|1698027776\n|gametype|singles\n|player|p1|Pickedman|zinnia|\n|player|p2|Arcanine Numbers|cynthia-masters|\n|teamsize|p1|6\n|teamsize|p2|6\n|gen|9\n|tier|[Gen 9] Ubers\n|rated|Tournament battle\n|rule|Sleep Clause Mod: Limit one foe put to sleep\n|rule|Species Clause: Limit one of each Pok\u00e9mon\n|rule|OHKO Clause: OHKO moves are banned\n|rule|Evasion Items Clause: Evasion items are banned\n|rule|Evasion Moves Clause: Evasion moves are banned\n|rule|Endless Battle Clause: Forcing endless battles is banned\n|rule|HP Percentage Mod: HP is shown in percentages\n|clearpoke\n|poke|p1|Koraidon|\n|poke|p1|Ting-Lu|\n|poke|p1|Giratina-Origin|\n|poke|p1|Zacian-*|\n|poke|p1|Chien-Pao|\n|poke|p1|Skeledirge, M|\n|poke|p2|Gliscor, F|\n|poke|p2|Koraidon|\n|poke|p2|Zacian-*|\n|poke|p2|Arceus|\n|poke|p2|Miraidon|\n|poke|p2|Toxapex, M|\n|teampreview\n|j|*Lady Monita \u263d\n|inactive|Arcanine Numbers also wants the timer to be on.\n|\n|t:|1698027794\n|start\n|switch|p1a: Skeledirge|Skeledirge, M|100\/100\n|switch|p2a: Zacian|Zacian-Crowned|100\/100\n|-ability|p2a: Zacian|Intrepid Sword|boost\n|-boost|p2a: Zacian|atk|1\n|turn|1\n|\n|t:|1698027800\n|switch|p2a: Miraidon|Miraidon|100\/100\n|-fieldstart|move: Electric Terrain|[from] ability: Hadron Engine|[of] p2a: Miraidon\n|move|p1a: Skeledirge|Will-O-Wisp|p2a: Miraidon\n|-status|p2a: Miraidon|brn\n|\n|-damage|p2a: Miraidon|94\/100 brn|[from] brn\n|upkeep\n|turn|2\n|\n|t:|1698027818\n|switch|p1a: Ting-Lu|Ting-Lu|100\/100\n|-ability|p1a: Ting-Lu|Vessel of Ruin\n|move|p2a: Miraidon|U-turn|p1a: Ting-Lu\n|-supereffective|p1a: Ting-Lu\n|-damage|p1a: Ting-Lu|93\/100\n|\n|t:|1698027821\n|switch|p2a: Koraidon|Koraidon|100\/100|[from] U-turn\n|-weather|SunnyDay|[from] ability: Orichalcum Pulse|[of] p2a: Koraidon\n|-activate|p2a: Koraidon|Orichalcum Pulse|[source]\n|\n|-weather|SunnyDay|[upkeep]\n|upkeep\n|turn|3\n|\n|t:|1698027835\n|switch|p1a: Skeledirge|Skeledirge, M|100\/100\n|move|p2a: Koraidon|U-turn|p1a: Skeledirge\n|-resisted|p1a: Skeledirge\n|-damage|p1a: Skeledirge|96\/100\n|\n|t:|1698027849\n|switch|p2a: Miraidon|Miraidon|94\/100 brn|[from] U-turn\n|-activate|p2a: Miraidon|ability: Hadron Engine\n|\n|-weather|SunnyDay|[upkeep]\n|-damage|p2a: Miraidon|88\/100 brn|[from] brn\n|upkeep\n|turn|4\n|\n|t:|1698027867\n|move|p2a: Miraidon|Draco Meteor|p1a: Skeledirge\n|-damage|p1a: Skeledirge|0 fnt\n|-unboost|p2a: Miraidon|spa|2\n|faint|p1a: Skeledirge\n|\n|-weather|SunnyDay|[upkeep]\n|-damage|p2a: Miraidon|82\/100 brn|[from] brn\n|upkeep\n|\n|t:|1698027876\n|switch|p1a: Koraidon|Koraidon|100\/100\n|-activate|p1a: Koraidon|ability: Orichalcum Pulse\n|turn|5\n|\n|t:|1698027884\n|switch|p2a: Toxapex|Toxapex, M|100\/100\n|move|p1a: Koraidon|Scale Shot|p2a: Toxapex\n|-damage|p2a: Toxapex|90\/100\n|-damage|p2a: Toxapex|79\/100\n|-damage|p2a: Toxapex|68\/100\n|-damage|p2a: Toxapex|57\/100\n|-damage|p2a: Toxapex|46\/100\n|-hitcount|p2a: Toxapex|5\n|-unboost|p1a: Koraidon|def|1\n|-boost|p1a: Koraidon|spe|1\n|\n|-weather|SunnyDay|[upkeep]\n|-fieldend|move: Electric Terrain\n|upkeep\n|turn|6\n|\n|t:|1698027898\n|move|p2a: Toxapex|Baneful Bunker|p2a: Toxapex\n|-singleturn|p2a: Toxapex|move: Protect\n|move|p1a: Koraidon|Scale Shot|p2a: Toxapex\n|-activate|p2a: Toxapex|move: Protect\n|\n|-weather|none\n|upkeep\n|turn|7\n|\n|t:|1698027913\n|move|p1a: Koraidon|Swords Dance|p1a: Koraidon\n|-boost|p1a: Koraidon|atk|2\n|move|p2a: Toxapex|Haze|p2a: Toxapex\n|-clearallboost\n|\n|upkeep\n|turn|8\n|\n|t:|1698027921\n|switch|p1a: Zacian|Zacian-Crowned|100\/100\n|-ability|p1a: Zacian|Intrepid Sword|boost\n|-boost|p1a: Zacian|atk|1\n|move|p2a: Toxapex|Toxic|p1a: Zacian\n|-immune|p1a: Zacian\n|\n|upkeep\n|turn|9\n|\n|t:|1698027932\n|move|p1a: Zacian|Crunch|p2a: Toxapex\n|-damage|p2a: Toxapex|18\/100\n|-damage|p1a: Zacian|84\/100|[from] item: Rocky Helmet|[of] p2a: Toxapex\n|move|p2a: Toxapex|Haze|p2a: Toxapex\n|-clearallboost\n|\n|upkeep\n|turn|10\n|\n|t:|1698027940\n|move|p2a: Toxapex|Baneful Bunker|p2a: Toxapex\n|-singleturn|p2a: Toxapex|move: Protect\n|move|p1a: Zacian|Swords Dance|p1a: Zacian\n|-boost|p1a: Zacian|atk|2\n|\n|upkeep\n|turn|11\n|\n|t:|1698027945\n|move|p2a: Toxapex|Baneful Bunker||[still]\n|-fail|p2a: Toxapex\n|move|p1a: Zacian|Crunch|p2a: Toxapex\n|-damage|p2a: Toxapex|0 fnt\n|-damage|p1a: Zacian|67\/100|[from] item: Rocky Helmet|[of] p2a: Toxapex\n|faint|p2a: Toxapex\n|\n|upkeep\n|\n|t:|1698027950\n|switch|p2a: Koraidon|Koraidon|100\/100\n|-weather|SunnyDay|[from] ability: Orichalcum Pulse|[of] p2a: Koraidon\n|-activate|p2a: Koraidon|Orichalcum Pulse|[source]\n|turn|12\n|\n|t:|1698027961\n|move|p2a: Koraidon|Low Kick|p1a: Zacian\n|-damage|p1a: Zacian|0 fnt\n|faint|p1a: Zacian\n|\n|-weather|SunnyDay|[upkeep]\n|upkeep\n|\n|t:|1698027970\n|switch|p1a: Chien-Pao|Chien-Pao|100\/100\n|-ability|p1a: Chien-Pao|Sword of Ruin\n|turn|13\n|\n|t:|1698027984\n|-terastallize|p1a: Chien-Pao|Ghost\n|move|p2a: Koraidon|Low Kick|p1a: Chien-Pao\n|-immune|p1a: Chien-Pao\n|move|p1a: Chien-Pao|Ice Spinner|p2a: Koraidon\n|-supereffective|p2a: Koraidon\n|-damage|p2a: Koraidon|3\/100\n|\n|-weather|SunnyDay|[upkeep]\n|upkeep\n|turn|14\n|\n|t:|1698027997\n|switch|p2a: Zacian|Zacian-Crowned|100\/100\n|move|p1a: Chien-Pao|Crunch|p2a: Zacian\n|-resisted|p2a: Zacian\n|-crit|p2a: Zacian\n|-damage|p2a: Zacian|65\/100\n|\n|-weather|SunnyDay|[upkeep]\n|upkeep\n|turn|15\n|\n|t:|1698028007\n|move|p2a: Zacian|Behemoth Blade|p1a: Chien-Pao\n|-damage|p1a: Chien-Pao|14\/100\n|move|p1a: Chien-Pao|Crunch|p2a: Zacian\n|-resisted|p2a: Zacian\n|-damage|p2a: Zacian|43\/100\n|\n|-weather|SunnyDay|[upkeep]\n|upkeep\n|turn|16\n|\n|t:|1698028015\n|move|p1a: Chien-Pao|Sucker Punch|p2a: Zacian\n|-resisted|p2a: Zacian\n|-damage|p2a: Zacian|22\/100\n|move|p2a: Zacian|Behemoth Blade|p1a: Chien-Pao\n|-damage|p1a: Chien-Pao|0 fnt\n|faint|p1a: Chien-Pao\n|\n|-weather|none\n|upkeep\n|\n|t:|1698028025\n|switch|p1a: Giratina|Giratina-Origin|100\/100\n|turn|17\n|\n|t:|1698028034\n|switch|p2a: Gliscor|Gliscor, F|100\/100\n|move|p1a: Giratina|Will-O-Wisp|p2a: Gliscor\n|-status|p2a: Gliscor|brn\n|\n|-damage|p2a: Gliscor|94\/100 brn|[from] brn\n|upkeep\n|turn|18\n|j|+mushamu\n|\n|t:|1698028049\n|move|p2a: Gliscor|Toxic|p1a: Giratina\n|-status|p1a: Giratina|tox\n|move|p1a: Giratina|Draco Meteor|p2a: Gliscor\n|-damage|p2a: Gliscor|43\/100 brn\n|-unboost|p1a: Giratina|spa|2\n|\n|-damage|p1a: Giratina|94\/100 tox|[from] psn\n|-damage|p2a: Gliscor|37\/100 brn|[from] brn\n|upkeep\n|turn|19\n|l|+mushamu\n|\n|t:|1698028059\n|switch|p1a: Koraidon|Koraidon|100\/100\n|-weather|SunnyDay|[from] ability: Orichalcum Pulse|[of] p1a: Koraidon\n|-activate|p1a: Koraidon|Orichalcum Pulse|[source]\n|move|p2a: Gliscor|Spikes|p1a: Koraidon\n|-sidestart|p1: Pickedman|Spikes\n|\n|-weather|SunnyDay|[upkeep]\n|-damage|p2a: Gliscor|31\/100 brn|[from] brn\n|upkeep\n|turn|20\n|\n|t:|1698028068\n|move|p1a: Koraidon|Scale Shot|p2a: Gliscor\n|-damage|p2a: Gliscor|15\/100 brn\n|-damage|p2a: Gliscor|0 fnt\n|faint|p2a: Gliscor\n|-hitcount|p2: Gliscor|2\n|-unboost|p1a: Koraidon|def|1\n|-boost|p1a: Koraidon|spe|1\n|\n|-weather|SunnyDay|[upkeep]\n|upkeep\n|\n|t:|1698028079\n|switch|p2a: Arceus|Arceus|100\/100\n|turn|21\n|\n|t:|1698028083\n|move|p1a: Koraidon|Low Kick|p2a: Arceus\n|-supereffective|p2a: Arceus\n|-damage|p2a: Arceus|0 fnt\n|faint|p2a: Arceus\n|\n|-weather|SunnyDay|[upkeep]\n|upkeep\n|\n|t:|1698028097\n|switch|p2a: Koraidon|Koraidon|3\/100\n|-activate|p2a: Koraidon|ability: Orichalcum Pulse\n|turn|22\n|\n|t:|1698028105\n|-terastallize|p2a: Koraidon|Steel\n|move|p1a: Koraidon|Low Kick|p2a: Koraidon\n|-supereffective|p2a: Koraidon\n|-damage|p2a: Koraidon|0 fnt\n|faint|p2a: Koraidon\n|\n|-weather|SunnyDay|[upkeep]\n|upkeep\n|-message|Arcanine Numbers forfeited.\n|\n|win|Pickedman\n|n|\u2606Pickedman|pickedman\n|n|\u2606Arcanine Numbers|arcaninenumbers\n|n|*Lady Monita \u263d|ladymonita\n|l|*Lady Monita \u263d\n|l|\u2606Arcanine Numbers\n|c|\u2606Pickedman|gg\n|l|\u2606Pickedman\n|j|\u2606Pickedman\n|player|p1|Pickedman|zinnia\n","uploadtime":1698028268,"views":16,"p1id":"pickedman","p2id":"arcaninenumbers","formatid":"gen9ubers","rating":0,"private":0,"password":""}