{"id":"gen9ubers-1975360311","p1":"guess the memes","p2":"Mileage","format":"[Gen 9] Ubers","log":"|j|\u2606guess the memes\n|j|\u2606Mileage\n|t:|1698183184\n|gametype|singles\n|player|p1|guess the memes|acetrainerf|\n|player|p2|Mileage|hilda|\n|teamsize|p1|6\n|teamsize|p2|6\n|gen|9\n|tier|[Gen 9] Ubers\n|rule|Sleep Clause Mod: Limit one foe put to sleep\n|rule|Species Clause: Limit one of each Pok\u00e9mon\n|rule|OHKO Clause: OHKO moves are banned\n|rule|Evasion Items Clause: Evasion items are banned\n|rule|Evasion Moves Clause: Evasion moves are banned\n|rule|Endless Battle Clause: Forcing endless battles is banned\n|rule|HP Percentage Mod: HP is shown in percentages\n|clearpoke\n|poke|p1|Magearna|\n|poke|p1|Manaphy|\n|poke|p1|Cyclizar, M|\n|poke|p1|Zacian-*|\n|poke|p1|Arceus-Poison|\n|poke|p1|Quagsire, F|\n|poke|p2|Cyclizar, M|\n|poke|p2|Espathra, F|\n|poke|p2|Zacian-*|\n|poke|p2|Arceus-Fighting|\n|poke|p2|Magearna|\n|poke|p2|Ogerpon-Wellspring, F|\n|teampreview\n|\n|t:|1698183206\n|start\n|switch|p1a: Cyclizar|Cyclizar, M|100\/100\n|switch|p2a: Cyclizar|Cyclizar, M|100\/100\n|turn|1\n|\n|t:|1698183213\n|move|p1a: Cyclizar|Shed Tail|p1a: Cyclizar\n|-start|p1a: Cyclizar|Substitute|[from] move: Shed Tail\n|-damage|p1a: Cyclizar|50\/100\n|\n|t:|1698183216\n|switch|p1a: Zacian|Zacian|100\/100|[from] Shed Tail\n|-ability|p1a: Zacian|Intrepid Sword|boost\n|-boost|p1a: Zacian|atk|1\n|move|p2a: Cyclizar|Shed Tail|p2a: Cyclizar\n|-start|p2a: Cyclizar|Substitute|[from] move: Shed Tail\n|-damage|p2a: Cyclizar|50\/100\n|\n|t:|1698183220\n|switch|p2a: Magearna|Magearna|100\/100|[from] Shed Tail\n|\n|upkeep\n|turn|2\n|\n|t:|1698183229\n|move|p1a: Zacian|Swords Dance|p1a: Zacian\n|-boost|p1a: Zacian|atk|2\n|move|p2a: Magearna|Shift Gear|p2a: Magearna\n|-boost|p2a: Magearna|spe|2\n|-boost|p2a: Magearna|atk|1\n|\n|upkeep\n|turn|3\n|\n|t:|1698183244\n|-terastallize|p1a: Zacian|Ground\n|move|p2a: Magearna|Calm Mind|p2a: Magearna\n|-boost|p2a: Magearna|spa|1\n|-boost|p2a: Magearna|spd|1\n|move|p1a: Zacian|Tera Blast|p2a: Magearna|[anim] Tera Blast Ground\n|-supereffective|p2a: Magearna\n|-crit|p2a: Magearna\n|-end|p2a: Magearna|Substitute\n|\n|upkeep\n|turn|4\n|\n|t:|1698183255\n|-terastallize|p2a: Magearna|Water\n|move|p2a: Magearna|Stored Power|p1a: Zacian\n|-end|p1a: Zacian|Substitute\n|move|p1a: Zacian|Tera Blast|p2a: Magearna|[anim] Tera Blast Ground\n|-damage|p2a: Magearna|26\/100\n|\n|upkeep\n|turn|5\n|\n|t:|1698183265\n|move|p2a: Magearna|Stored Power|p1a: Zacian\n|-damage|p1a: Zacian|49\/100\n|move|p1a: Zacian|Close Combat|p2a: Magearna\n|-damage|p2a: Magearna|0 fnt\n|-unboost|p1a: Zacian|def|1\n|-unboost|p1a: Zacian|spd|1\n|faint|p2a: Magearna\n|\n|upkeep\n|\n|t:|1698183285\n|switch|p2a: Zacian|Zacian|100\/100\n|-ability|p2a: Zacian|Intrepid Sword|boost\n|-boost|p2a: Zacian|atk|1\n|turn|6\n|\n|t:|1698183292\n|move|p1a: Zacian|Tera Blast|p2a: Zacian|[anim] Tera Blast Ground\n|-damage|p2a: Zacian|4\/100\n|move|p2a: Zacian|Play Rough|p1a: Zacian\n|-damage|p1a: Zacian|0 fnt\n|faint|p1a: Zacian\n|\n|upkeep\n|\n|t:|1698183297\n|switch|p1a: Arceus|Arceus-Poison|100\/100\n|turn|7\n|\n|t:|1698183312\n|switch|p2a: Cyclizar|Cyclizar, M|84\/100\n|move|p1a: Arceus|Extreme Speed|p2a: Cyclizar\n|-damage|p2a: Cyclizar|50\/100\n|\n|upkeep\n|turn|8\n|\n|t:|1698183319\n|switch|p2a: Arceus|Arceus-Fighting|100\/100\n|move|p1a: Arceus|Extreme Speed|p2a: Arceus\n|-damage|p2a: Arceus|85\/100\n|\n|upkeep\n|turn|9\n|\n|t:|1698183335\n|move|p2a: Arceus|Stealth Rock|p1a: Arceus\n|-sidestart|p1: guess the memes|move: Stealth Rock\n|move|p1a: Arceus|Dragon Dance|p1a: Arceus\n|-boost|p1a: Arceus|atk|1\n|-boost|p1a: Arceus|spe|1\n|\n|upkeep\n|turn|10\n|\n|t:|1698183348\n|switch|p2a: Ogerpon|Ogerpon-Wellspring, F|100\/100\n|move|p1a: Arceus|Dragon Dance|p1a: Arceus\n|-boost|p1a: Arceus|atk|1\n|-boost|p1a: Arceus|spe|1\n|\n|upkeep\n|turn|11\n|\n|t:|1698183352\n|move|p1a: Arceus|Poison Jab|p2a: Ogerpon\n|-supereffective|p2a: Ogerpon\n|-damage|p2a: Ogerpon|0 fnt\n|faint|p2a: Ogerpon\n|\n|upkeep\n|\n|t:|1698183355\n|switch|p2a: Espathra|Espathra, F|100\/100\n|turn|12\n|\n|t:|1698183364\n|move|p1a: Arceus|Poison Jab|p2a: Espathra\n|-damage|p2a: Espathra|18\/100\n|-status|p2a: Espathra|psn\n|move|p2a: Espathra|Calm Mind|p2a: Espathra\n|-boost|p2a: Espathra|spa|1\n|-boost|p2a: Espathra|spd|1\n|\n|-heal|p2a: Espathra|24\/100 psn|[from] item: Leftovers\n|-damage|p2a: Espathra|12\/100 psn|[from] psn\n|-ability|p2a: Espathra|Speed Boost|boost\n|-boost|p2a: Espathra|spe|1\n|upkeep\n|turn|13\n|\n|t:|1698183371\n|move|p1a: Arceus|Extreme Speed|p2a: Espathra\n|-damage|p2a: Espathra|0 fnt\n|faint|p2a: Espathra\n|\n|upkeep\n|\n|t:|1698183375\n|switch|p2a: Cyclizar|Cyclizar, M|84\/100\n|turn|14\n|\n|t:|1698183379\n|move|p1a: Arceus|Extreme Speed|p2a: Cyclizar\n|-damage|p2a: Cyclizar|15\/100\n|move|p2a: Cyclizar|Outrage|p1a: Arceus\n|-crit|p1a: Arceus\n|-damage|p1a: Arceus|59\/100\n|\n|upkeep\n|turn|15\n|\n|t:|1698183385\n|move|p1a: Arceus|Extreme Speed|p2a: Cyclizar\n|-damage|p2a: Cyclizar|0 fnt\n|faint|p2a: Cyclizar\n|\n|upkeep\n|\n|t:|1698183387\n|switch|p2a: Arceus|Arceus-Fighting|85\/100\n|turn|16\n|\n|t:|1698183393\n|move|p1a: Arceus|Poison Jab|p2a: Arceus\n|-damage|p2a: Arceus|30\/100\n|-status|p2a: Arceus|psn\n|move|p2a: Arceus|Healing Wish|p2a: Arceus\n|faint|p2a: Arceus\n|\n|upkeep\n|\n|t:|1698183397\n|switch|p2a: Zacian|Zacian|4\/100\n|-heal|p2a: Zacian|100\/100|[from] move: Healing Wish\n|turn|17\n|\n|t:|1698183402\n|move|p1a: Arceus|Poison Jab|p2a: Zacian\n|-supereffective|p2a: Zacian\n|-damage|p2a: Zacian|0 fnt\n|faint|p2a: Zacian\n|\n|win|guess the memes\n|l|\u2606guess the memes\n|l|\u2606Mileage\n|j|\u2606guess the memes\n|player|p1|guess the memes|acetrainerf\n|l|\u2606guess the memes\n|player|p1|\n|j|\u2606guess the memes\n|player|p1|guess the memes|acetrainerf\n|l|\u2606guess the memes\n|player|p1|\n|j| uubers account\n|j|\u2606guess the memes\n|player|p1|guess the memes|acetrainerf\n","uploadtime":1698183412,"views":37,"p1id":"guessthememes","p2id":"mileage","formatid":"gen9ubers","rating":0,"private":0,"password":""}