{"id":"gen9ubers-1984979900","p1":"tourney goer","p2":"Acetraineraegis","format":"[Gen 9] Ubers","log":"|j|\u2606tourney goer\n|j|\u2606Acetraineraegis\n|t:|1699317107\n|gametype|singles\n|player|p1|tourney goer|worker-gen4|\n|player|p2|Acetraineraegis|skierf-gen4dp|\n|teamsize|p1|6\n|teamsize|p2|6\n|gen|9\n|tier|[Gen 9] Ubers\n|rule|Sleep Clause Mod: Limit one foe put to sleep\n|rule|Species Clause: Limit one of each Pok\u00e9mon\n|rule|OHKO Clause: OHKO moves are banned\n|rule|Evasion Items Clause: Evasion items are banned\n|rule|Evasion Moves Clause: Evasion moves are banned\n|rule|Endless Battle Clause: Forcing endless battles is banned\n|rule|HP Percentage Mod: HP is shown in percentages\n|clearpoke\n|poke|p1|Masquerain, F|\n|poke|p1|Zacian-*|\n|poke|p1|Spectrier|\n|poke|p1|Shaymin-Sky|\n|poke|p1|Houndstone, F|\n|poke|p1|Iron Valiant|\n|poke|p2|Arceus-Ice|\n|poke|p2|Ninetales-Alola, F|\n|poke|p2|Zacian-*|\n|poke|p2|Shaymin-Sky|\n|poke|p2|Volcarona, M|\n|poke|p2|Baxcalibur, M|\n|teampreview\n|\n|t:|1699317114\n|start\n|switch|p1a: Masquerain|Masquerain, F|100\/100\n|switch|p2a: Ninetales|Ninetales-Alola, F|100\/100\n|-weather|Snow|[from] ability: Snow Warning|[of] p2a: Ninetales\n|-ability|p1a: Masquerain|Intimidate|boost\n|-unboost|p2a: Ninetales|atk|1\n|turn|1\n|\n|t:|1699317124\n|move|p2a: Ninetales|Aurora Veil|p2a: Ninetales\n|-sidestart|p2: Acetraineraegis|move: Aurora Veil\n|move|p1a: Masquerain|Sticky Web|p2a: Ninetales\n|-sidestart|p2: Acetraineraegis|move: Sticky Web\n|\n|-weather|Snow|[upkeep]\n|upkeep\n|turn|2\n|\n|t:|1699317131\n|switch|p2a: Arceus|Arceus-Ice|100\/100\n|-activate|p2a: Arceus|move: Sticky Web\n|-unboost|p2a: Arceus|spe|1\n|switch|p1a: Spectrier|Spectrier|100\/100\n|\n|-weather|Snow|[upkeep]\n|upkeep\n|turn|3\n|\n|t:|1699317137\n|switch|p1a: Masquerain|Masquerain, F|100\/100\n|-ability|p1a: Masquerain|Intimidate|boost\n|-unboost|p2a: Arceus|atk|1\n|move|p2a: Arceus|Calm Mind|p2a: Arceus\n|-boost|p2a: Arceus|spa|1\n|-boost|p2a: Arceus|spd|1\n|\n|-weather|Snow|[upkeep]\n|upkeep\n|turn|4\n|\n|t:|1699317144\n|move|p1a: Masquerain|Stun Spore|p2a: Arceus\n|-status|p2a: Arceus|par\n|cant|p2a: Arceus|par\n|\n|-weather|Snow|[upkeep]\n|upkeep\n|turn|5\n|\n|t:|1699317149\n|move|p2a: Arceus|Ice Beam|p1a: Masquerain\n|-supereffective|p1a: Masquerain\n|-enditem|p1a: Masquerain|Focus Sash\n|-damage|p1a: Masquerain|1\/100\n|move|p1a: Masquerain|Whirlwind|p2a: Arceus\n|drag|p2a: Zacian|Zacian|100\/100\n|-activate|p2a: Zacian|move: Sticky Web\n|-unboost|p2a: Zacian|spe|1\n|-ability|p2a: Zacian|Intrepid Sword|boost\n|-boost|p2a: Zacian|atk|1\n|\n|-weather|none\n|-sideend|p2: Acetraineraegis|move: Aurora Veil\n|upkeep\n|turn|6\n|\n|t:|1699317160\n|switch|p2a: Ninetales|Ninetales-Alola, F|100\/100\n|-weather|Snow|[from] ability: Snow Warning|[of] p2a: Ninetales\n|move|p1a: Masquerain|Stun Spore|p2a: Ninetales\n|-status|p2a: Ninetales|par\n|\n|-weather|Snow|[upkeep]\n|upkeep\n|turn|7\n|\n|t:|1699317167\n|move|p2a: Ninetales|Aurora Veil|p2a: Ninetales\n|-sidestart|p2: Acetraineraegis|move: Aurora Veil\n|move|p1a: Masquerain|Whirlwind|p2a: Ninetales\n|drag|p2a: Zacian|Zacian|100\/100\n|-activate|p2a: Zacian|move: Sticky Web\n|-unboost|p2a: Zacian|spe|1\n|\n|-weather|Snow|[upkeep]\n|upkeep\n|turn|8\n|\n|t:|1699317170\n|switch|p2a: Volcarona|Volcarona, M|100\/100\n|move|p1a: Masquerain|Stun Spore|p2a: Volcarona\n|-status|p2a: Volcarona|par\n|\n|-weather|Snow|[upkeep]\n|upkeep\n|turn|9\n|\n|t:|1699317173\n|move|p2a: Volcarona|Fiery Dance|p1a: Masquerain\n|-supereffective|p1a: Masquerain\n|-damage|p1a: Masquerain|0 fnt\n|faint|p1a: Masquerain\n|\n|-weather|Snow|[upkeep]\n|upkeep\n|\n|t:|1699317177\n|switch|p1a: Houndstone|Houndstone, F|100\/100\n|turn|10\n|\n|t:|1699317181\n|move|p1a: Houndstone|Trick|p2a: Volcarona\n|-activate|p1a: Houndstone|move: Trick|[of] p2a: Volcarona\n|-item|p2a: Volcarona|Choice Scarf|[from] move: Trick\n|-item|p1a: Houndstone|Heavy-Duty Boots|[from] move: Trick\n|cant|p2a: Volcarona|par\n|\n|-weather|none\n|upkeep\n|turn|11\n|\n|t:|1699317190\n|switch|p1a: Iron Valiant|Iron Valiant|100\/100\n|cant|p2a: Volcarona|par\n|\n|-sideend|p2: Acetraineraegis|move: Aurora Veil\n|upkeep\n|turn|12\n|\n|t:|1699317194\n|move|p1a: Iron Valiant|Swords Dance|p1a: Iron Valiant\n|-boost|p1a: Iron Valiant|atk|2\n|move|p2a: Volcarona|Fiery Dance|p1a: Iron Valiant\n|-damage|p1a: Iron Valiant|22\/100\n|-boost|p2a: Volcarona|spa|1\n|\n|upkeep\n|turn|13\n|\n|t:|1699317202\n|move|p1a: Iron Valiant|Knock Off|p2a: Volcarona\n|-damage|p2a: Volcarona|0 fnt\n|-status|p1a: Iron Valiant|brn|[from] ability: Flame Body|[of] p2a: Volcarona\n|-enditem|p2a: Volcarona|Choice Scarf|[from] move: Knock Off|[of] p1a: Iron Valiant\n|faint|p2a: Volcarona\n|\n|-damage|p1a: Iron Valiant|15\/100 brn|[from] brn\n|upkeep\n|\n|t:|1699317211\n|switch|p2a: Shaymin|Shaymin-Sky|100\/100\n|turn|14\n|\n|t:|1699317218\n|move|p2a: Shaymin|Air Slash|p1a: Iron Valiant\n|-supereffective|p1a: Iron Valiant\n|-damage|p1a: Iron Valiant|0 fnt\n|faint|p1a: Iron Valiant\n|-end|p1a: Iron Valiant|Quark Drive|[silent]\n|\n|upkeep\n|\n|t:|1699317219\n|switch|p1a: Zacian|Zacian|100\/100\n|-ability|p1a: Zacian|Intrepid Sword|boost\n|-boost|p1a: Zacian|atk|1\n|turn|15\n|\n|t:|1699317221\n|move|p2a: Shaymin|Air Slash|p1a: Zacian\n|-damage|p1a: Zacian|64\/100\n|cant|p1a: Zacian|flinch\n|\n|upkeep\n|turn|16\n|\n|t:|1699317225\n|move|p2a: Shaymin|Air Slash|p1a: Zacian\n|-damage|p1a: Zacian|29\/100\n|move|p1a: Zacian|Play Rough|p2a: Shaymin\n|-damage|p2a: Shaymin|13\/100\n|\n|upkeep\n|turn|17\n|\n|t:|1699317230\n|switch|p1a: Houndstone|Houndstone, F|100\/100\n|move|p2a: Shaymin|Air Slash|p1a: Houndstone\n|-damage|p1a: Houndstone|52\/100\n|\n|upkeep\n|turn|18\n|\n|t:|1699317235\n|move|p1a: Houndstone|Shadow Sneak|p2a: Shaymin\n|-damage|p2a: Shaymin|0 fnt\n|faint|p2a: Shaymin\n|\n|upkeep\n|\n|t:|1699317240\n|switch|p2a: Ninetales|Ninetales-Alola, F|100\/100 par\n|-weather|Snow|[from] ability: Snow Warning|[of] p2a: Ninetales\n|turn|19\n|\n|t:|1699317262\n|move|p1a: Houndstone|Last Respects|p2a: Ninetales\n|-damage|p2a: Ninetales|48\/100 par\n|move|p2a: Ninetales|Aurora Veil|p2a: Ninetales\n|-sidestart|p2: Acetraineraegis|move: Aurora Veil\n|\n|-weather|Snow|[upkeep]\n|upkeep\n|turn|20\n|\n|t:|1699317277\n|switch|p1a: Zacian|Zacian|29\/100\n|switch|p2a: Baxcalibur|Baxcalibur, M|100\/100\n|-activate|p2a: Baxcalibur|move: Sticky Web\n|-unboost|p2a: Baxcalibur|spe|1\n|\n|-weather|Snow|[upkeep]\n|upkeep\n|turn|21\n|\n|t:|1699317285\n|move|p1a: Zacian|Play Rough|p2a: Baxcalibur|[miss]\n|-miss|p1a: Zacian|p2a: Baxcalibur\n|move|p2a: Baxcalibur|Iron Head|p1a: Zacian\n|-supereffective|p1a: Zacian\n|-damage|p1a: Zacian|0 fnt\n|faint|p1a: Zacian\n|\n|-weather|Snow|[upkeep]\n|upkeep\n|\n|t:|1699317291\n|switch|p1a: Shaymin|Shaymin-Sky|100\/100\n|turn|22\n|\n|t:|1699317294\n|move|p1a: Shaymin|Air Slash|p2a: Baxcalibur\n|-damage|p2a: Baxcalibur|82\/100\n|cant|p2a: Baxcalibur|flinch\n|\n|-weather|Snow|[upkeep]\n|upkeep\n|turn|23\n|\n|t:|1699317298\n|move|p1a: Shaymin|Air Slash|p2a: Baxcalibur\n|-damage|p2a: Baxcalibur|64\/100\n|cant|p2a: Baxcalibur|flinch\n|\n|-weather|none\n|-sideend|p2: Acetraineraegis|move: Aurora Veil\n|upkeep\n|turn|24\n|\n|t:|1699317302\n|move|p1a: Shaymin|Air Slash|p2a: Baxcalibur\n|-damage|p2a: Baxcalibur|25\/100\n|cant|p2a: Baxcalibur|flinch\n|\n|upkeep\n|turn|25\n|\n|t:|1699317308\n|move|p1a: Shaymin|Earth Power|p2a: Baxcalibur\n|-damage|p2a: Baxcalibur|0 fnt\n|faint|p2a: Baxcalibur\n|\n|upkeep\n|\n|t:|1699317317\n|switch|p2a: Arceus|Arceus-Ice|100\/100 par\n|-activate|p2a: Arceus|move: Sticky Web\n|-unboost|p2a: Arceus|spe|1\n|turn|26\n|\n|t:|1699317324\n|move|p1a: Shaymin|Air Slash|p2a: Arceus\n|-damage|p2a: Arceus|77\/100 par\n|move|p2a: Arceus|Ice Beam|p1a: Shaymin\n|-supereffective|p1a: Shaymin\n|-damage|p1a: Shaymin|0 fnt\n|faint|p1a: Shaymin\n|\n|upkeep\n|\n|t:|1699317328\n|switch|p1a: Spectrier|Spectrier|100\/100\n|turn|27\n|\n|t:|1699317331\n|move|p1a: Spectrier|Nasty Plot|p1a: Spectrier\n|-boost|p1a: Spectrier|spa|2\n|move|p2a: Arceus|Calm Mind|p2a: Arceus\n|-boost|p2a: Arceus|spa|1\n|-boost|p2a: Arceus|spd|1\n|\n|upkeep\n|turn|28\n|\n|t:|1699317337\n|move|p1a: Spectrier|Shadow Ball|p2a: Arceus\n|-damage|p2a: Arceus|38\/100 par\n|move|p2a: Arceus|Ice Beam|p1a: Spectrier\n|-damage|p1a: Spectrier|9\/100\n|\n|-heal|p1a: Spectrier|15\/100|[from] item: Leftovers\n|upkeep\n|turn|29\n|\n|t:|1699317345\n|-terastallize|p1a: Spectrier|Ghost\n|move|p1a: Spectrier|Shadow Ball|p2a: Arceus\n|-damage|p2a: Arceus|0 fnt\n|faint|p2a: Arceus\n|-ability|p1a: Spectrier|Grim Neigh|boost\n|-boost|p1a: Spectrier|spa|1\n|\n|-heal|p1a: Spectrier|21\/100|[from] item: Leftovers\n|upkeep\n|\n|t:|1699317347\n|switch|p2a: Zacian|Zacian|100\/100\n|-activate|p2a: Zacian|move: Sticky Web\n|-unboost|p2a: Zacian|spe|1\n|turn|30\n|\n|t:|1699317351\n|move|p1a: Spectrier|Shadow Ball|p2a: Zacian\n|-damage|p2a: Zacian|0 fnt\n|faint|p2a: Zacian\n|-ability|p1a: Spectrier|Grim Neigh|boost\n|-boost|p1a: Spectrier|spa|1\n|\n|-heal|p1a: Spectrier|27\/100|[from] item: Leftovers\n|upkeep\n|\n|t:|1699317352\n|switch|p2a: Ninetales|Ninetales-Alola, F|48\/100 par\n|-weather|Snow|[from] ability: Snow Warning|[of] p2a: Ninetales\n|turn|31\n|\n|t:|1699317356\n|move|p1a: Spectrier|Shadow Ball|p2a: Ninetales\n|-damage|p2a: Ninetales|0 fnt\n|faint|p2a: Ninetales\n|\n|win|tourney goer\n|c|\u2606Acetraineraegis|Gg\n|c|\u2606tourney goer|gg\n","uploadtime":1699317363,"views":34,"p1id":"tourneygoer","p2id":"acetraineraegis","formatid":"gen9ubers","rating":0,"private":0,"password":""}