{"id":"gen9ubers-1973543009","p1":"Leovaldezdalton","p2":"The Endorsi","format":"[Gen 9] Ubers","log":"|j|\u2606Leovaldezdalton\n|j|\u2606The Endorsi\n|t:|1697989033\n|gametype|singles\n|player|p1|Leovaldezdalton|cynthia-gen4|1061\n|player|p2|The Endorsi|alder|1069\n|teamsize|p1|6\n|teamsize|p2|6\n|gen|9\n|tier|[Gen 9] Ubers\n|rated|\n|rule|Sleep Clause Mod: Limit one foe put to sleep\n|rule|Species Clause: Limit one of each Pok\u00e9mon\n|rule|OHKO Clause: OHKO moves are banned\n|rule|Evasion Items Clause: Evasion items are banned\n|rule|Evasion Moves Clause: Evasion moves are banned\n|rule|Endless Battle Clause: Forcing endless battles is banned\n|rule|HP Percentage Mod: HP is shown in percentages\n|clearpoke\n|poke|p1|Revavroom, F|\n|poke|p1|Mabosstiff, M|\n|poke|p1|Cyclizar, F|\n|poke|p1|Maushold|\n|poke|p1|Ceruledge, M|\n|poke|p1|Baxcalibur, F|\n|poke|p2|Groudon|\n|poke|p2|Flutter Mane|\n|poke|p2|Corviknight, F|\n|poke|p2|Toxicroak, F|\n|poke|p2|Ogerpon-Hearthflame, F|\n|poke|p2|Annihilape, M|\n|teampreview\n|inactive|Battle timer is ON: inactive players will automatically lose when time's up. (requested by Leovaldezdalton)\n|\n|t:|1697989040\n|start\n|switch|p1a: Mabosstiff|Mabosstiff, M|100\/100\n|switch|p2a: Groudon|Groudon|100\/100\n|-ability|p1a: Mabosstiff|Intimidate|boost\n|-unboost|p2a: Groudon|atk|1\n|-weather|SunnyDay|[from] ability: Drought|[of] p2a: Groudon\n|turn|1\n|\n|t:|1697989054\n|move|p1a: Mabosstiff|Crunch|p2a: Groudon\n|-damage|p2a: Groudon|51\/100\n|-unboost|p2a: Groudon|def|1\n|-damage|p1a: Mabosstiff|84\/100|[from] item: Rocky Helmet|[of] p2a: Groudon\n|move|p2a: Groudon|Stealth Rock|p1a: Mabosstiff\n|-sidestart|p1: Leovaldezdalton|move: Stealth Rock\n|\n|-weather|SunnyDay|[upkeep]\n|upkeep\n|turn|2\n|\n|t:|1697989070\n|move|p1a: Mabosstiff|Crunch|p2a: Groudon\n|-damage|p2a: Groudon|0 fnt\n|-damage|p1a: Mabosstiff|67\/100|[from] item: Rocky Helmet|[of] p2a: Groudon\n|faint|p2a: Groudon\n|\n|-weather|SunnyDay|[upkeep]\n|upkeep\n|\n|t:|1697989076\n|switch|p2a: Flutter Mane|Flutter Mane, shiny|100\/100\n|-activate|p2a: Flutter Mane|ability: Protosynthesis\n|-start|p2a: Flutter Mane|protosynthesisspa\n|turn|3\n|\n|t:|1697989081\n|move|p2a: Flutter Mane|Moonblast|p1a: Mabosstiff\n|-supereffective|p1a: Mabosstiff\n|-damage|p1a: Mabosstiff|0 fnt\n|faint|p1a: Mabosstiff\n|\n|-weather|SunnyDay|[upkeep]\n|upkeep\n|\n|t:|1697989093\n|switch|p1a: Revavroom|Revavroom, F|100\/100\n|-damage|p1a: Revavroom|95\/100|[from] Stealth Rock\n|-item|p1a: Revavroom|Air Balloon\n|turn|4\n|\n|t:|1697989098\n|move|p2a: Flutter Mane|Moonblast|p1a: Revavroom\n|-resisted|p1a: Revavroom\n|-damage|p1a: Revavroom|66\/100\n|-enditem|p1a: Revavroom|Air Balloon\n|move|p1a: Revavroom|Shift Gear|p1a: Revavroom\n|-boost|p1a: Revavroom|spe|2\n|-boost|p1a: Revavroom|atk|1\n|\n|-weather|SunnyDay|[upkeep]\n|upkeep\n|turn|5\n|\n|t:|1697989110\n|-end|p2a: Flutter Mane|Protosynthesis|[silent]\n|switch|p2a: Ogerpon|Ogerpon-Hearthflame, F|100\/100\n|-ability|p2a: Ogerpon|Mold Breaker\n|move|p1a: Revavroom|Iron Head|p2a: Ogerpon\n|-resisted|p2a: Ogerpon\n|-damage|p2a: Ogerpon|58\/100\n|\n|-weather|none\n|upkeep\n|turn|6\n|\n|t:|1697989123\n|-terastallize|p2a: Ogerpon|Fire\n|detailschange|p2a: Ogerpon|Ogerpon-Hearthflame-Tera, F, tera:Fire\n|-ability|p2a: Ogerpon|Embody Aspect (Hearthflame)|boost\n|-boost|p2a: Ogerpon|atk|1\n|move|p1a: Revavroom|Gunk Shot|p2a: Ogerpon\n|-damage|p2a: Ogerpon|0 fnt\n|faint|p2a: Ogerpon\n|\n|upkeep\n|\n|t:|1697989138\n|switch|p2a: Annihilape|Annihilape, M, shiny|100\/100\n|turn|7\n|\n|t:|1697989145\n|move|p1a: Revavroom|Iron Head|p2a: Annihilape\n|-damage|p2a: Annihilape|17\/100\n|move|p2a: Annihilape|Fire Punch|p1a: Revavroom\n|-supereffective|p1a: Revavroom\n|-damage|p1a: Revavroom|10\/100\n|\n|upkeep\n|turn|8\n|\n|t:|1697989152\n|switch|p2a: Toxicroak|Toxicroak, F|100\/100\n|move|p1a: Revavroom|Iron Head|p2a: Toxicroak\n|-damage|p2a: Toxicroak|5\/100\n|\n|upkeep\n|turn|9\n|\n|t:|1697989158\n|move|p2a: Toxicroak|Fake Out|p1a: Revavroom\n|-resisted|p1a: Revavroom\n|-damage|p1a: Revavroom|2\/100\n|cant|p1a: Revavroom|flinch\n|\n|upkeep\n|turn|10\n|\n|t:|1697989166\n|switch|p2a: Annihilape|Annihilape, M, shiny|17\/100\n|move|p1a: Revavroom|Iron Head|p2a: Annihilape\n|-damage|p2a: Annihilape|0 fnt\n|faint|p2a: Annihilape\n|\n|upkeep\n|\n|t:|1697989172\n|switch|p2a: Toxicroak|Toxicroak, F|5\/100\n|turn|11\n|\n|t:|1697989176\n|move|p2a: Toxicroak|Fake Out|p1a: Revavroom\n|-resisted|p1a: Revavroom\n|-damage|p1a: Revavroom|0 fnt\n|faint|p1a: Revavroom\n|\n|upkeep\n|\n|t:|1697989179\n|switch|p1a: Cyclizar|Cyclizar, F|100\/100\n|-damage|p1a: Cyclizar|88\/100|[from] Stealth Rock\n|turn|12\n|\n|t:|1697989185\n|move|p2a: Toxicroak|Fake Out||[still]\n|-hint|Fake Out only works on your first turn out.\n|-fail|p2a: Toxicroak\n|move|p1a: Cyclizar|Rapid Spin|p2a: Toxicroak\n|-damage|p2a: Toxicroak|0 fnt\n|-boost|p1a: Cyclizar|spe|1\n|-sideend|p1: Leovaldezdalton|Stealth Rock|[from] move: Rapid Spin|[of] p1a: Cyclizar\n|faint|p2a: Toxicroak\n|\n|-heal|p1a: Cyclizar|94\/100|[from] item: Leftovers\n|upkeep\n|\n|t:|1697989195\n|switch|p2a: Flutter Mane|Flutter Mane, shiny|100\/100\n|turn|13\n|\n|t:|1697989204\n|move|p1a: Cyclizar|Shed Tail|p1a: Cyclizar\n|-start|p1a: Cyclizar|Substitute|[from] move: Shed Tail\n|-damage|p1a: Cyclizar|44\/100\n|\n|t:|1697989208\n|switch|p1a: Maushold|Maushold|100\/100|[from] Shed Tail\n|move|p2a: Flutter Mane|Moonblast|p1a: Maushold\n|-end|p1a: Maushold|Substitute\n|\n|upkeep\n|turn|14\n|\n|t:|1697989216\n|move|p2a: Flutter Mane|Moonblast|p1a: Maushold\n|-damage|p1a: Maushold|18\/100\n|move|p1a: Maushold|Bullet Seed|p2a: Flutter Mane\n|-damage|p2a: Flutter Mane|81\/100\n|-damage|p2a: Flutter Mane|59\/100\n|-crit|p2a: Flutter Mane\n|-damage|p2a: Flutter Mane|31\/100\n|-damage|p2a: Flutter Mane|11\/100\n|-damage|p2a: Flutter Mane|0 fnt\n|faint|p2a: Flutter Mane\n|-end|p2a: Flutter Mane|Protosynthesis|[silent]\n|-hitcount|p2: Flutter Mane|5\n|\n|upkeep\n|\n|t:|1697989227\n|switch|p2a: Corviknight|Corviknight, F|100\/100\n|turn|15\n|\n|t:|1697989233\n|move|p1a: Maushold|Tidy Up|p1a: Maushold\n|-boost|p1a: Maushold|atk|1\n|-boost|p1a: Maushold|spe|1\n|move|p2a: Corviknight|Iron Head|p1a: Maushold\n|-damage|p1a: Maushold|0 fnt\n|faint|p1a: Maushold\n|\n|upkeep\n|\n|t:|1697989236\n|switch|p1a: Cyclizar|Cyclizar, F|77\/100\n|turn|16\n|\n|t:|1697989245\n|move|p1a: Cyclizar|Body Slam|p2a: Corviknight\n|-resisted|p2a: Corviknight\n|-damage|p2a: Corviknight|88\/100\n|move|p2a: Corviknight|Brave Bird|p1a: Cyclizar\n|-damage|p1a: Cyclizar|3\/100\n|-damage|p2a: Corviknight|71\/100|[from] Recoil\n|\n|-heal|p1a: Cyclizar|9\/100|[from] item: Leftovers\n|upkeep\n|turn|17\n|\n|t:|1697989255\n|move|p1a: Cyclizar|Body Slam|p2a: Corviknight\n|-resisted|p2a: Corviknight\n|-damage|p2a: Corviknight|58\/100\n|-status|p2a: Corviknight|par\n|move|p2a: Corviknight|Iron Head|p1a: Cyclizar\n|-damage|p1a: Cyclizar|0 fnt\n|faint|p1a: Cyclizar\n|\n|upkeep\n|\n|t:|1697989259\n|switch|p1a: Ceruledge|Ceruledge, M|100\/100\n|turn|18\n|\n|t:|1697989270\n|move|p1a: Ceruledge|Bitter Blade|p2a: Corviknight\n|-supereffective|p2a: Corviknight\n|-damage|p2a: Corviknight|0 fnt\n|faint|p2a: Corviknight\n|-damage|p1a: Ceruledge|91\/100|[from] item: Life Orb\n|\n|win|Leovaldezdalton\n|raw|Leovaldezdalton's rating: 1061 &rarr; <strong>1093<\/strong><br \/>(+32 for winning)\n|raw|The Endorsi's rating: 1069 &rarr; <strong>1048<\/strong><br \/>(-21 for losing)\n","uploadtime":1697989274,"views":10,"p1id":"leovaldezdalton","p2id":"theendorsi","formatid":"gen9ubers","rating":1048,"private":0,"password":""}