{"id":"gen9ubers-1969859083","p1":"Jumilapipe RPPLF","p2":"Vilja RPPLF","format":"[Gen 9] Ubers","log":"|j|\u2606Jumilapipe RPPLF\n|j|\u2606Vilja RPPLF\n|t:|1697570931\n|gametype|singles\n|player|p1|Jumilapipe RPPLF|169|\n|player|p2|Vilja RPPLF|cynthia-masters|\n|teamsize|p1|6\n|teamsize|p2|6\n|gen|9\n|tier|[Gen 9] Ubers\n|rule|Sleep Clause Mod: Limit one foe put to sleep\n|rule|Species Clause: Limit one of each Pok\u00e9mon\n|rule|OHKO Clause: OHKO moves are banned\n|rule|Evasion Items Clause: Evasion items are banned\n|rule|Evasion Moves Clause: Evasion moves are banned\n|rule|Endless Battle Clause: Forcing endless battles is banned\n|rule|HP Percentage Mod: HP is shown in percentages\n|clearpoke\n|poke|p1|Victreebel, F|\n|poke|p1|Tauros-Paldea-Blaze, M|\n|poke|p1|Maushold|\n|poke|p1|Perrserker, F|\n|poke|p1|Palossand, F|\n|poke|p1|Lucario, M|\n|poke|p2|Shiftry, F|\n|poke|p2|Rillaboom, M|\n|poke|p2|Zapdos|\n|poke|p2|Rotom-Wash|\n|poke|p2|Iron Hands|\n|poke|p2|Ogerpon-Wellspring, F|\n|teampreview\n|inactive|Battle timer is ON: inactive players will automatically lose when time's up. (requested by Vilja RPPLF)\n|inactiveoff|Battle timer is now OFF.\n|c|\u2606Vilja RPPLF|Bon match les gars\n|c|\u2606Jumilapipe RPPLF|Bon match !\n|\n|t:|1697570983\n|start\n|switch|p1a: Perrserker|Perrserker, F|100\/100\n|switch|p2a: Shiftry|Shiftry, F|100\/100\n|turn|1\n|\n|t:|1697570991\n|move|p1a: Perrserker|Fake Out|p2a: Shiftry\n|-damage|p2a: Shiftry|72\/100\n|cant|p2a: Shiftry|flinch\n|\n|upkeep\n|turn|2\n|\n|t:|1697570999\n|move|p2a: Shiftry|Tailwind|p2a: Shiftry\n|-sidestart|p2: Vilja RPPLF|move: Tailwind\n|-ability|p2a: Shiftry|Wind Rider|boost\n|-boost|p2a: Shiftry|atk|1\n|move|p1a: Perrserker|U-turn|p2a: Shiftry\n|-supereffective|p2a: Shiftry\n|-damage|p2a: Shiftry|0 fnt\n|faint|p2a: Shiftry\n|\n|t:|1697571013\n|switch|p1a: Robert Plante|Victreebel, F|100\/100|[from] U-turn\n|\n|upkeep\n|\n|t:|1697571018\n|switch|p2a: Zapdos|Zapdos, shiny|100\/100\n|turn|3\n|\n|t:|1697571022\n|switch|p1a: Palossand|Palossand, F|100\/100\n|move|p2a: Zapdos|Rain Dance|p2a: Zapdos\n|-weather|RainDance\n|\n|-weather|RainDance|[upkeep]\n|upkeep\n|turn|4\n|\n|t:|1697571033\n|move|p2a: Zapdos|Weather Ball|p1a: Palossand\n|-supereffective|p1a: Palossand\n|-damage|p1a: Palossand|24\/100\n|-ability|p1a: Palossand|Water Compaction|boost\n|-boost|p1a: Palossand|def|2\n|move|p1a: Palossand|Sludge Bomb|p2a: Zapdos\n|-damage|p2a: Zapdos|77\/100\n|-status|p2a: Zapdos|psn\n|\n|-weather|RainDance|[upkeep]\n|-damage|p2a: Zapdos|65\/100 psn|[from] psn\n|upkeep\n|turn|5\n|\n|t:|1697571046\n|switch|p1a: Perrserker|Perrserker, F|100\/100\n|move|p2a: Zapdos|Hurricane|p1a: Perrserker\n|-resisted|p1a: Perrserker\n|-damage|p1a: Perrserker|77\/100\n|\n|-weather|RainDance|[upkeep]\n|-damage|p2a: Zapdos|52\/100 psn|[from] psn\n|-sideend|p2: Vilja RPPLF|move: Tailwind\n|upkeep\n|turn|6\n|\n|t:|1697571060\n|move|p2a: Zapdos|Thunder|p1a: Perrserker\n|-damage|p1a: Perrserker|28\/100\n|move|p1a: Perrserker|Iron Head|p2a: Zapdos\n|-resisted|p2a: Zapdos\n|-damage|p2a: Zapdos|19\/100 psn\n|\n|-weather|RainDance|[upkeep]\n|-damage|p2a: Zapdos|7\/100 psn|[from] psn\n|upkeep\n|turn|7\n|\n|t:|1697571083\n|switch|p1a: Robert Plante|Victreebel, F|100\/100\n|move|p2a: Zapdos|Hurricane|p1a: Robert Plante\n|-supereffective|p1a: Robert Plante\n|-damage|p1a: Robert Plante|0 fnt\n|faint|p1a: Robert Plante\n|\n|-weather|none\n|-damage|p2a: Zapdos|0 fnt|[from] psn\n|faint|p2a: Zapdos\n|upkeep\n|\n|t:|1697571127\n|switch|p2a: Rotom|Rotom-Wash|100\/100\n|switch|p1a: Maushold|Maushold|100\/100\n|turn|8\n|\n|t:|1697571138\n|move|p1a: Maushold|Substitute|p1a: Maushold\n|-start|p1a: Maushold|Substitute\n|-damage|p1a: Maushold|76\/100\n|move|p2a: Rotom|Will-O-Wisp||[still]\n|-fail|p2a: Rotom\n|\n|upkeep\n|turn|9\n|\n|t:|1697571145\n|move|p1a: Maushold|Tidy Up|p1a: Maushold\n|-end|p1a: Maushold|Substitute\n|-activate|p1a: Maushold|move: Tidy Up\n|-boost|p1a: Maushold|atk|1\n|-boost|p1a: Maushold|spe|1\n|move|p2a: Rotom|Volt Switch|p1a: Maushold\n|-damage|p1a: Maushold|35\/100\n|\n|t:|1697571150\n|switch|p2a: Rillaboom|Rillaboom, M|100\/100|[from] Volt Switch\n|-fieldstart|move: Grassy Terrain|[from] ability: Grassy Surge|[of] p2a: Rillaboom\n|-enditem|p2a: Rillaboom|Grassy Seed\n|-boost|p2a: Rillaboom|def|1|[from] item: Grassy Seed\n|\n|-heal|p1a: Maushold|41\/100|[from] Grassy Terrain\n|upkeep\n|turn|10\n|\n|t:|1697571170\n|switch|p1a: Palossand|Palossand, F|24\/100\n|move|p2a: Rillaboom|Grassy Glide|p1a: Palossand\n|-supereffective|p1a: Palossand\n|-damage|p1a: Palossand|0 fnt\n|-damage|p2a: Rillaboom|84\/100|[from] item: Rocky Helmet|[of] p1a: Palossand\n|faint|p1a: Palossand\n|\n|-heal|p2a: Rillaboom|90\/100|[from] Grassy Terrain\n|upkeep\n|\n|t:|1697571181\n|switch|p1a: Tauros|Tauros-Paldea-Blaze, M|100\/100\n|-ability|p1a: Tauros|Intimidate|boost\n|-unboost|p2a: Rillaboom|atk|1\n|turn|11\n|\n|t:|1697571186\n|switch|p2a: Rotom|Rotom-Wash|100\/100\n|move|p1a: Tauros|Bulk Up|p1a: Tauros\n|-boost|p1a: Tauros|atk|1\n|-boost|p1a: Tauros|def|1\n|\n|upkeep\n|turn|12\n|\n|t:|1697571195\n|switch|p1a: Perrserker|Perrserker, F|28\/100\n|move|p2a: Rotom|Hydro Pump|p1a: Perrserker|[miss]\n|-miss|p2a: Rotom|p1a: Perrserker\n|\n|-heal|p1a: Perrserker|34\/100|[from] Grassy Terrain\n|upkeep\n|turn|13\n|\n|t:|1697571205\n|move|p1a: Perrserker|Fake Out|p2a: Rotom\n|-damage|p2a: Rotom|82\/100\n|cant|p2a: Rotom|flinch\n|\n|-heal|p2a: Rotom|89\/100|[from] item: Leftovers\n|-heal|p1a: Perrserker|40\/100|[from] Grassy Terrain\n|-fieldend|move: Grassy Terrain\n|upkeep\n|turn|14\n|\n|t:|1697571214\n|move|p2a: Rotom|Volt Switch|p1a: Perrserker\n|-damage|p1a: Perrserker|16\/100\n|\n|t:|1697571218\n|switch|p2a: Ogerpon|Ogerpon-Wellspring, F|100\/100|[from] Volt Switch\n|move|p1a: Perrserker|Close Combat|p2a: Ogerpon\n|-damage|p2a: Ogerpon|34\/100\n|-unboost|p1a: Perrserker|def|1\n|-unboost|p1a: Perrserker|spd|1\n|\n|upkeep\n|turn|15\n|\n|t:|1697571228\n|move|p2a: Ogerpon|Horn Leech|p1a: Perrserker\n|-resisted|p1a: Perrserker\n|-damage|p1a: Perrserker|0 fnt\n|-heal|p2a: Ogerpon|41\/100|[from] drain|[of] p1a: Perrserker\n|faint|p1a: Perrserker\n|\n|upkeep\n|\n|t:|1697571234\n|switch|p1a: Maushold|Maushold|41\/100\n|turn|16\n|\n|t:|1697571243\n|move|p1a: Maushold|Population Bomb|p2a: Ogerpon\n|-damage|p2a: Ogerpon|28\/100\n|-damage|p2a: Ogerpon|15\/100\n|-damage|p2a: Ogerpon|0 fnt\n|faint|p2a: Ogerpon\n|-hitcount|p2: Ogerpon|3\n|\n|upkeep\n|\n|t:|1697571252\n|switch|p2a: Rillaboom|Rillaboom, M|90\/100\n|-fieldstart|move: Grassy Terrain|[from] ability: Grassy Surge|[of] p2a: Rillaboom\n|turn|17\n|\n|t:|1697571263\n|switch|p2a: Rotom|Rotom-Wash|89\/100\n|move|p1a: Maushold|Population Bomb|p2a: Rotom\n|-damage|p2a: Rotom|75\/100\n|-damage|p2a: Rotom|62\/100\n|-damage|p2a: Rotom|50\/100\n|-damage|p2a: Rotom|37\/100\n|-damage|p2a: Rotom|26\/100\n|-damage|p2a: Rotom|14\/100\n|-damage|p2a: Rotom|3\/100\n|-damage|p2a: Rotom|0 fnt\n|faint|p2a: Rotom\n|-hitcount|p2: Rotom|8\n|\n|-heal|p1a: Maushold|47\/100|[from] Grassy Terrain\n|upkeep\n|\n|t:|1697571269\n|switch|p2a: Rillaboom|Rillaboom, M|90\/100\n|turn|18\n|\n|t:|1697571283\n|switch|p1a: Tauros|Tauros-Paldea-Blaze, M|100\/100\n|-ability|p1a: Tauros|Intimidate|boost\n|-unboost|p2a: Rillaboom|atk|1\n|move|p2a: Rillaboom|Swords Dance|p2a: Rillaboom\n|-boost|p2a: Rillaboom|atk|2\n|\n|-heal|p2a: Rillaboom|96\/100|[from] Grassy Terrain\n|upkeep\n|turn|19\n|\n|t:|1697571292\n|move|p2a: Rillaboom|Swords Dance|p2a: Rillaboom\n|-boost|p2a: Rillaboom|atk|2\n|move|p1a: Tauros|Bulk Up|p1a: Tauros\n|-boost|p1a: Tauros|atk|1\n|-boost|p1a: Tauros|def|1\n|\n|-heal|p2a: Rillaboom|100\/100|[from] Grassy Terrain\n|upkeep\n|turn|20\n|\n|t:|1697571326\n|-terastallize|p2a: Rillaboom|Electric\n|move|p2a: Rillaboom|Tera Blast|p1a: Tauros|[anim] Tera Blast Electric\n|-damage|p1a: Tauros|54\/100\n|move|p1a: Tauros|Raging Bull|p2a: Rillaboom\n|-damage|p2a: Rillaboom|46\/100\n|\n|-heal|p2a: Rillaboom|52\/100|[from] Grassy Terrain\n|-heal|p1a: Tauros|60\/100|[from] Grassy Terrain\n|-heal|p1a: Tauros|66\/100|[from] item: Leftovers\n|upkeep\n|turn|21\n|\n|t:|1697571340\n|switch|p2a: Iron Hands|Iron Hands|100\/100\n|move|p1a: Tauros|Body Press|p2a: Iron Hands\n|-damage|p2a: Iron Hands|62\/100\n|\n|-heal|p1a: Tauros|72\/100|[from] Grassy Terrain\n|-heal|p1a: Tauros|78\/100|[from] item: Leftovers\n|-heal|p2a: Iron Hands|69\/100|[from] Grassy Terrain\n|-fieldend|move: Grassy Terrain\n|upkeep\n|turn|22\n|\n|t:|1697571358\n|move|p1a: Tauros|Body Press|p2a: Iron Hands\n|-damage|p2a: Iron Hands|30\/100\n|move|p2a: Iron Hands|Earthquake|p1a: Tauros\n|-supereffective|p1a: Tauros\n|-damage|p1a: Tauros|32\/100\n|\n|-heal|p1a: Tauros|38\/100|[from] item: Leftovers\n|upkeep\n|turn|23\n|\n|t:|1697571369\n|move|p1a: Tauros|Protect|p1a: Tauros\n|-singleturn|p1a: Tauros|Protect\n|move|p2a: Iron Hands|Drain Punch|p1a: Tauros\n|-activate|p1a: Tauros|move: Protect\n|\n|-heal|p1a: Tauros|44\/100|[from] item: Leftovers\n|upkeep\n|turn|24\n|\n|t:|1697571377\n|move|p1a: Tauros|Body Press|p2a: Iron Hands\n|-damage|p2a: Iron Hands|0 fnt\n|faint|p2a: Iron Hands\n|-end|p2a: Iron Hands|Quark Drive|[silent]\n|\n|-heal|p1a: Tauros|50\/100|[from] item: Leftovers\n|upkeep\n|\n|t:|1697571380\n|switch|p2a: Rillaboom|Rillaboom, M, tera:Electric|52\/100\n|-fieldstart|move: Grassy Terrain|[from] ability: Grassy Surge|[of] p2a: Rillaboom\n|turn|25\n|\n|t:|1697571388\n|move|p2a: Rillaboom|Tera Blast|p1a: Tauros|[anim] Tera Blast Electric\n|-damage|p1a: Tauros|32\/100\n|move|p1a: Tauros|Body Press|p2a: Rillaboom\n|-damage|p2a: Rillaboom|0 fnt\n|faint|p2a: Rillaboom\n|\n|win|Jumilapipe RPPLF\n|c|\u2606Vilja RPPLF|GG\n|c|\u2606Jumilapipe RPPLF|gg !\n","uploadtime":1697571464,"views":17,"p1id":"jumilapiperpplf","p2id":"viljarpplf","formatid":"gen9ubers","rating":0,"private":0,"password":""}