{"id":"gen9ubers-1975336221","p1":"Nick268","p2":"bydy2","format":"[Gen 9] Ubers","log":"|j|\u2606Nick268\n|j|\u2606bydy2\n|t:|1698180931\n|gametype|singles\n|player|p1|Nick268|n|\n|player|p2|bydy2|barry|\n|teamsize|p1|6\n|teamsize|p2|6\n|gen|9\n|tier|[Gen 9] Ubers\n|rule|Sleep Clause Mod: Limit one foe put to sleep\n|rule|Species Clause: Limit one of each Pok\u00e9mon\n|rule|OHKO Clause: OHKO moves are banned\n|rule|Evasion Items Clause: Evasion items are banned\n|rule|Evasion Moves Clause: Evasion moves are banned\n|rule|Endless Battle Clause: Forcing endless battles is banned\n|rule|HP Percentage Mod: HP is shown in percentages\n|clearpoke\n|poke|p1|Iron Valiant|\n|poke|p1|Greninja-*, M|\n|poke|p1|Rotom-Heat|\n|poke|p1|Clodsire, M|\n|poke|p1|Froslass, F|\n|poke|p1|Ludicolo, F|\n|poke|p2|Dragapult, M|\n|poke|p2|Enamorus, F|\n|poke|p2|Torterra, F|\n|poke|p2|Slowking-Galar, F|\n|poke|p2|Rotom-Wash|\n|poke|p2|Cinderace, M|\n|teampreview\n|c|\u2606bydy2|glhf\n|j| Inkaying\n|\n|t:|1698180974\n|start\n|switch|p1a: Rotom|Rotom-Heat|100\/100\n|switch|p2a: Cinderace|Cinderace, M|100\/100\n|turn|1\n|c| Inkaying|Good luck\n|c| Inkaying|to both\n|\n|t:|1698180991\n|move|p2a: Cinderace|U-turn|p1a: Rotom\n|-start|p2a: Cinderace|typechange|Bug|[from] ability: Libero\n|-resisted|p1a: Rotom\n|-damage|p1a: Rotom|79\/100\n|\n|t:|1698180998\n|switch|p2a: Rotom|Rotom-Wash|100\/100|[from] U-turn\n|move|p1a: Rotom|Volt Switch|p2a: Rotom\n|-damage|p2a: Rotom|66\/100\n|\n|t:|1698181008\n|switch|p1a: Ludicolo|Ludicolo, F, shiny|100\/100|[from] Volt Switch\n|\n|upkeep\n|turn|2\n|\n|t:|1698181020\n|move|p2a: Rotom|Light Screen|p2a: Rotom\n|-sidestart|p2: bydy2|move: Light Screen\n|move|p1a: Ludicolo|Rain Dance|p1a: Ludicolo\n|-weather|RainDance\n|\n|-weather|RainDance|[upkeep]\n|upkeep\n|turn|3\n|\n|t:|1698181029\n|move|p2a: Rotom|Volt Switch|p1a: Ludicolo\n|-damage|p1a: Ludicolo|77\/100\n|\n|t:|1698181054\n|switch|p2a: Cinderace|Cinderace, M|100\/100|[from] Volt Switch\n|move|p1a: Ludicolo|Giga Drain|p2a: Cinderace\n|-resisted|p2a: Cinderace\n|-damage|p2a: Cinderace|89\/100\n|-heal|p1a: Ludicolo|82\/100|[from] drain|[of] p2a: Cinderace\n|\n|-weather|RainDance|[upkeep]\n|-heal|p1a: Ludicolo|88\/100|[from] ability: Rain Dish\n|-heal|p1a: Ludicolo|94\/100|[from] item: Leftovers\n|upkeep\n|turn|4\n|\n|t:|1698181076\n|move|p2a: Cinderace|U-turn|p1a: Ludicolo\n|-start|p2a: Cinderace|typechange|Bug|[from] ability: Libero\n|-supereffective|p1a: Ludicolo\n|-damage|p1a: Ludicolo|7\/100\n|\n|t:|1698181082\n|switch|p2a: Rotom|Rotom-Wash|66\/100|[from] U-turn\n|move|p1a: Ludicolo|Weather Ball|p2a: Rotom\n|-resisted|p2a: Rotom\n|-damage|p2a: Rotom|49\/100\n|\n|-weather|RainDance|[upkeep]\n|-heal|p1a: Ludicolo|13\/100|[from] ability: Rain Dish\n|-heal|p1a: Ludicolo|19\/100|[from] item: Leftovers\n|upkeep\n|turn|5\n|\n|t:|1698181123\n|switch|p1a: Greninja|Greninja, M, shiny|100\/100\n|move|p2a: Rotom|Volt Switch|p1a: Greninja\n|-supereffective|p1a: Greninja\n|-damage|p1a: Greninja|24\/100\n|\n|t:|1698181140\n|switch|p2a: Dragapult|Dragapult, M|100\/100|[from] Volt Switch\n|\n|-weather|RainDance|[upkeep]\n|upkeep\n|turn|6\n|\n|t:|1698181156\n|switch|p1a: Clodsire|Clodsire, M|100\/100\n|move|p2a: Dragapult|U-turn|p1a: Clodsire\n|-resisted|p1a: Clodsire\n|-damage|p1a: Clodsire|86\/100\n|\n|t:|1698181169\n|switch|p2a: Slowking|Slowking-Galar, F|100\/100|[from] U-turn\n|\n|-weather|none\n|-heal|p1a: Clodsire|92\/100|[from] item: Leftovers\n|upkeep\n|turn|7\n|l| Inkaying\n|\n|t:|1698181183\n|move|p2a: Slowking|Psyshock|p1a: Clodsire\n|-supereffective|p1a: Clodsire\n|-damage|p1a: Clodsire|0 fnt\n|faint|p1a: Clodsire\n|\n|upkeep\n|j| Inkaying\n|j| swoloyeg\n|c| Inkaying|Rip\n|\n|t:|1698181224\n|switch|p1a: Iron Valiant|Iron Valiant|100\/100\n|-enditem|p1a: Iron Valiant|Booster Energy\n|-activate|p1a: Iron Valiant|ability: Quark Drive|[fromitem]\n|-start|p1a: Iron Valiant|quarkdrivespe\n|turn|8\n|\n|t:|1698181237\n|-end|p1a: Iron Valiant|Quark Drive|[silent]\n|switch|p1a: Greninja|Greninja, M, shiny|24\/100\n|move|p2a: Slowking|Sludge Bomb|p1a: Greninja\n|-damage|p1a: Greninja|0 fnt\n|faint|p1a: Greninja\n|\n|upkeep\n|c| Inkaying|Damn\n|\n|t:|1698181254\n|switch|p1a: Rotom|Rotom-Heat|79\/100\n|turn|9\n|\n|t:|1698181261\n|move|p1a: Rotom|Will-O-Wisp|p2a: Slowking\n|-status|p2a: Slowking|brn\n|move|p2a: Slowking|Chilly Reception|p2a: Slowking\n|-weather|Snow\n|\n|t:|1698181275\n|switch|p2a: Torterra|Torterra, F|100\/100|[from] Chilly Reception\n|\n|-weather|Snow|[upkeep]\n|-sideend|p2: bydy2|move: Light Screen\n|upkeep\n|turn|10\n|\n|t:|1698181285\n|-terastallize|p2a: Torterra|Fire\n|move|p1a: Rotom|Will-O-Wisp|p2a: Torterra\n|-immune|p2a: Torterra\n|move|p2a: Torterra|Shell Smash|p2a: Torterra\n|-unboost|p2a: Torterra|def|1\n|-unboost|p2a: Torterra|spd|1\n|-boost|p2a: Torterra|atk|2\n|-boost|p2a: Torterra|spa|2\n|-boost|p2a: Torterra|spe|2\n|\n|-weather|Snow|[upkeep]\n|upkeep\n|turn|11\n|\n|t:|1698181303\n|move|p2a: Torterra|Rock Blast|p1a: Rotom\n|-supereffective|p1a: Rotom\n|-damage|p1a: Rotom|37\/100\n|-supereffective|p1a: Rotom\n|-damage|p1a: Rotom|0 fnt\n|faint|p1a: Rotom\n|-hitcount|p1: Rotom|2\n|\n|-weather|Snow|[upkeep]\n|upkeep\n|\n|t:|1698181328\n|switch|p1a: Ludicolo|Ludicolo, F, shiny|19\/100\n|turn|12\n|c| Inkaying|No white herb?\n|c|\u2606bydy2|Loaded Dice\n|\n|t:|1698181367\n|move|p2a: Torterra|Tera Blast|p1a: Ludicolo|[anim] Tera Blast Fire\n|-damage|p1a: Ludicolo|0 fnt\n|faint|p1a: Ludicolo\n|\n|-weather|Snow|[upkeep]\n|upkeep\n|\n|t:|1698181377\n|switch|p1a: Iron Valiant|Iron Valiant|100\/100\n|turn|13\n|\n|t:|1698181390\n|move|p2a: Torterra|Headlong Rush|p1a: Iron Valiant\n|-damage|p1a: Iron Valiant|0 fnt\n|-unboost|p2a: Torterra|def|1\n|-unboost|p2a: Torterra|spd|1\n|faint|p1a: Iron Valiant\n|-end|p1a: Iron Valiant|Quark Drive|[silent]\n|\n|-weather|none\n|upkeep\n|\n|t:|1698181399\n|switch|p1a: Froslass|Froslass, F|100\/100\n|turn|14\n|\n|t:|1698181406\n|-terastallize|p1a: Froslass|Water\n|move|p2a: Torterra|Tera Blast|p1a: Froslass|[anim] Tera Blast Fire\n|-resisted|p1a: Froslass\n|-damage|p1a: Froslass|30\/100\n|-start|p2a: Torterra|Disable|Tera Blast|[from] ability: Cursed Body|[of] p1a: Froslass\n|move|p1a: Froslass|Tera Blast|p2a: Torterra|[anim] Tera Blast Water\n|-supereffective|p2a: Torterra\n|-damage|p2a: Torterra|0 fnt\n|faint|p2a: Torterra\n|\n|upkeep\n|c|\u2606bydy2|no my 6-0\n|\n|t:|1698181416\n|switch|p2a: Dragapult|Dragapult, M|100\/100\n|turn|15\n|\n|t:|1698181423\n|move|p2a: Dragapult|Phantom Force||[still]\n|-prepare|p2a: Dragapult|Phantom Force\n|move|p1a: Froslass|Ice Beam|p2a: Dragapult|[miss]\n|-miss|p1a: Froslass|p2a: Dragapult\n|\n|upkeep\n|turn|16\n|\n|t:|1698181430\n|move|p2a: Dragapult|Phantom Force|p1a: Froslass|[from]lockedmove\n|-damage|p1a: Froslass|0 fnt\n|faint|p1a: Froslass\n|\n|win|bydy2\n|c|\u2606bydy2|gg\n|c| Inkaying|Wow\n|l|\u2606Nick268\n","uploadtime":1698181443,"views":18,"p1id":"nick268","p2id":"bydy2","formatid":"gen9ubers","rating":0,"private":0,"password":""}