{"id":"gen9ubers-1969271325","p1":"Dregone","p2":"the zest of lie","format":"[Gen 9] Ubers","log":"|j|\u2606Dregone\n|j|\u2606the zest of lie\n|inactive|Battle timer is ON: inactive players will automatically lose when time's up.\n|t:|1697508307\n|gametype|singles\n|player|p1|Dregone|cynthia-masters|\n|player|p2|the zest of lie|170|\n|teamsize|p1|6\n|teamsize|p2|6\n|gen|9\n|tier|[Gen 9] Ubers\n|rated|Tournament battle\n|rule|Sleep Clause Mod: Limit one foe put to sleep\n|rule|Species Clause: Limit one of each Pok\u00e9mon\n|rule|OHKO Clause: OHKO moves are banned\n|rule|Evasion Items Clause: Evasion items are banned\n|rule|Evasion Moves Clause: Evasion moves are banned\n|rule|Endless Battle Clause: Forcing endless battles is banned\n|rule|HP Percentage Mod: HP is shown in percentages\n|rule|Inverse Mod: Weaknesses become resistances, while resistances and immunities become weaknesses.\n|clearpoke\n|poke|p1|Calyrex-Ice|\n|poke|p1|Magearna|\n|poke|p1|Kyogre|\n|poke|p1|Ursaluna, M|\n|poke|p1|Koraidon|\n|poke|p1|Arceus|\n|poke|p2|Grimmsnarl, M|\n|poke|p2|Koraidon|\n|poke|p2|Flutter Mane|\n|poke|p2|Arceus|\n|poke|p2|Zacian-*|\n|poke|p2|Calyrex-Ice|\n|teampreview\n|j|*Lady Monita \u263d\n|inactive|Dregone also wants the timer to be on.\n|c|\u2606the zest of lie|hf\n|c|\u2606Dregone|u2\n|j| happysh\n|\n|t:|1697508335\n|start\n|switch|p1a: Koraidon|Koraidon|100\/100\n|switch|p2a: Grimmsnarl|Grimmsnarl, M|100\/100\n|-weather|SunnyDay|[from] ability: Orichalcum Pulse|[of] p1a: Koraidon\n|-activate|p1a: Koraidon|Orichalcum Pulse|[source]\n|turn|1\n|\n|t:|1697508350\n|move|p2a: Grimmsnarl|Reflect|p2a: Grimmsnarl\n|-sidestart|p2: the zest of lie|Reflect\n|move|p1a: Koraidon|Outrage|p2a: Grimmsnarl\n|-supereffective|p2a: Grimmsnarl\n|-damage|p2a: Grimmsnarl|1\/100\n|\n|-weather|SunnyDay|[upkeep]\n|upkeep\n|turn|2\n|\n|t:|1697508361\n|switch|p2a: Koraidon|Koraidon|100\/100\n|-activate|p2a: Koraidon|ability: Orichalcum Pulse\n|move|p1a: Koraidon|Outrage|p2a: Koraidon|[from]lockedmove\n|-resisted|p2a: Koraidon\n|-crit|p2a: Koraidon\n|-damage|p2a: Koraidon|46\/100\n|-start|p1a: Koraidon|confusion|[fatigue]\n|\n|-weather|SunnyDay|[upkeep]\n|upkeep\n|turn|3\n|\n|t:|1697508380\n|switch|p1a: Magearna|Magearna|100\/100\n|move|p2a: Koraidon|Scale Shot|p1a: Magearna|[miss]\n|-miss|p2a: Koraidon|p1a: Magearna\n|\n|-weather|SunnyDay|[upkeep]\n|upkeep\n|turn|4\n|c|\u2606Dregone|sorry\n|c|\u2606the zest of lie|np\n|inactive|Dregone has 120 seconds left.\n|\n|t:|1697508409\n|-terastallize|p1a: Magearna|Flying\n|move|p2a: Koraidon|Scale Shot|p1a: Magearna|[miss]\n|-miss|p2a: Koraidon|p1a: Magearna\n|move|p1a: Magearna|Trick Room|p1a: Magearna\n|-fieldstart|move: Trick Room|[of] p1a: Magearna\n|\n|-weather|SunnyDay|[upkeep]\n|upkeep\n|turn|5\n|inactive|Dregone has 120 seconds left.\n|\n|t:|1697508420\n|move|p1a: Magearna|Volt Switch|p2a: Koraidon\n|-supereffective|p2a: Koraidon\n|-damage|p2a: Koraidon|0 fnt\n|faint|p2a: Koraidon\n|-ability|p1a: Magearna|Soul-Heart|boost\n|-boost|p1a: Magearna|spa|1\n|inactive|Dregone has 120 seconds left.\n|\n|t:|1697508428\n|switch|p1a: Calyrex|Calyrex-Ice|100\/100|[from] Volt Switch\n|-ability|p1a: Calyrex|As One\n|-ability|p1a: Calyrex|Unnerve\n|\n|-weather|none\n|upkeep\n|\n|t:|1697508439\n|switch|p2a: Calyrex|Calyrex-Ice|100\/100\n|-ability|p2a: Calyrex|As One\n|-ability|p2a: Calyrex|Unnerve\n|turn|6\n|\n|t:|1697508464\n|move|p1a: Calyrex|Glacial Lance|p2a: Calyrex\n|-supereffective|p2a: Calyrex\n|-damage|p2a: Calyrex|53\/100\n|move|p2a: Calyrex|Glacial Lance|p1a: Calyrex\n|-supereffective|p1a: Calyrex\n|-damage|p1a: Calyrex|6\/100\n|\n|upkeep\n|turn|7\n|inactive|Dregone has 120 seconds left.\n|\n|t:|1697508488\n|move|p1a: Calyrex|Glacial Lance|p2a: Calyrex\n|-supereffective|p2a: Calyrex\n|-damage|p2a: Calyrex|4\/100\n|move|p2a: Calyrex|Glacial Lance|p1a: Calyrex\n|-supereffective|p1a: Calyrex\n|-damage|p1a: Calyrex|0 fnt\n|faint|p1a: Calyrex\n|-ability|p2a: Calyrex|Chilling Neigh|boost\n|-boost|p2a: Calyrex|atk|1\n|\n|upkeep\n|inactive|Dregone has 120 seconds left.\n|\n|t:|1697508495\n|switch|p1a: Arceus|Arceus|100\/100\n|turn|8\n|c|\u2606the zest of lie|damn two speed ties lost\n|c|\u2606the zest of lie|unfort\n|\n|t:|1697508514\n|move|p1a: Arceus|Extreme Speed|p2a: Calyrex\n|-damage|p2a: Calyrex|0 fnt\n|faint|p2a: Calyrex\n|-damage|p1a: Arceus|91\/100|[from] item: Life Orb\n|\n|-sideend|p2: the zest of lie|Reflect\n|-fieldend|move: Trick Room\n|upkeep\n|c|\u2606Dregone|and two ss misses\n|c|\u2606Dregone|crazy unlucky\n|\n|t:|1697508522\n|switch|p2a: Arceus|Arceus|100\/100\n|turn|9\n|\n|t:|1697508529\n|move|p2a: Arceus|Swords Dance|p2a: Arceus\n|-boost|p2a: Arceus|atk|2\n|move|p1a: Arceus|Swords Dance|p1a: Arceus\n|-boost|p1a: Arceus|atk|2\n|\n|upkeep\n|turn|10\n|\n|t:|1697508536\n|move|p2a: Arceus|Shadow Claw|p1a: Arceus\n|-supereffective|p1a: Arceus\n|-damage|p1a: Arceus|20\/100\n|move|p1a: Arceus|Shadow Claw|p2a: Arceus\n|-supereffective|p2a: Arceus\n|-crit|p2a: Arceus\n|-damage|p2a: Arceus|0 fnt\n|faint|p2a: Arceus\n|-damage|p1a: Arceus|10\/100|[from] item: Life Orb\n|\n|upkeep\n|c|\u2606Dregone|._.\n|\n|t:|1697508547\n|switch|p2a: Grimmsnarl|Grimmsnarl, M|1\/100\n|turn|11\n|\n|t:|1697508550\n|move|p1a: Arceus|Extreme Speed|p2a: Grimmsnarl\n|-damage|p2a: Grimmsnarl|0 fnt\n|faint|p2a: Grimmsnarl\n|-damage|p1a: Arceus|0 fnt|[from] item: Life Orb\n|faint|p1a: Arceus\n|\n|upkeep\n|\n|t:|1697508562\n|switch|p1a: Magearna|Magearna, tera:Flying|100\/100\n|switch|p2a: Flutter Mane|Flutter Mane|100\/100\n|turn|12\n|\n|t:|1697508566\n|move|p2a: Flutter Mane|Taunt|p1a: Magearna\n|-start|p1a: Magearna|move: Taunt\n|cant|p1a: Magearna|move: Taunt|Trick Room\n|\n|upkeep\n|turn|13\n|\n|t:|1697508571\n|move|p2a: Flutter Mane|Calm Mind|p2a: Flutter Mane\n|-boost|p2a: Flutter Mane|spa|1\n|-boost|p2a: Flutter Mane|spd|1\n|move|p1a: Magearna|Volt Switch|p2a: Flutter Mane\n|-damage|p2a: Flutter Mane|83\/100\n|\n|t:|1697508588\n|switch|p1a: Koraidon|Koraidon|100\/100|[from] Volt Switch\n|-weather|SunnyDay|[from] ability: Orichalcum Pulse|[of] p1a: Koraidon\n|-activate|p2a: Flutter Mane|ability: Protosynthesis\n|-start|p2a: Flutter Mane|protosynthesisspa\n|-activate|p1a: Koraidon|Orichalcum Pulse|[source]\n|\n|-weather|SunnyDay|[upkeep]\n|upkeep\n|turn|14\n|\n|t:|1697508612\n|move|p1a: Koraidon|U-turn|p2a: Flutter Mane\n|-supereffective|p2a: Flutter Mane\n|-damage|p2a: Flutter Mane|0 fnt\n|faint|p2a: Flutter Mane\n|-end|p2a: Flutter Mane|Protosynthesis|[silent]\n|\n|t:|1697508616\n|switch|p1a: Magearna|Magearna, tera:Flying|100\/100|[from] U-turn\n|\n|-weather|SunnyDay|[upkeep]\n|upkeep\n|\n|t:|1697508620\n|switch|p2a: Zacian|Zacian-Crowned|100\/100\n|-ability|p2a: Zacian|Intrepid Sword|boost\n|-boost|p2a: Zacian|atk|1\n|turn|15\n|c|\u2606the zest of lie|gg\n|\n|t:|1697508626\n|move|p2a: Zacian|Swords Dance|p2a: Zacian\n|-boost|p2a: Zacian|atk|2\n|move|p1a: Magearna|Trick Room|p1a: Magearna\n|-fieldstart|move: Trick Room|[of] p1a: Magearna\n|\n|-weather|SunnyDay|[upkeep]\n|upkeep\n|turn|16\n|\n|t:|1697508638\n|move|p1a: Magearna|Fleur Cannon|p2a: Zacian|[miss]\n|-miss|p1a: Magearna|p2a: Zacian\n|move|p2a: Zacian|Play Rough|p1a: Magearna\n|-damage|p1a: Magearna|0 fnt\n|faint|p1a: Magearna\n|\n|-weather|SunnyDay|[upkeep]\n|upkeep\n|\n|t:|1697508645\n|switch|p1a: Ursaluna|Ursaluna, M|100\/100\n|turn|17\n|\n|t:|1697508651\n|-terastallize|p2a: Zacian|Fire\n|move|p1a: Ursaluna|Facade|p2a: Zacian\n|-damage|p2a: Zacian|60\/100\n|move|p2a: Zacian|Wild Charge|p1a: Ursaluna\n|-supereffective|p1a: Ursaluna\n|-damage|p1a: Ursaluna|0 fnt\n|faint|p1a: Ursaluna\n|-damage|p2a: Zacian|24\/100|[from] Recoil\n|\n|-weather|none\n|upkeep\n|\n|t:|1697508656\n|switch|p1a: Kyogre|Kyogre|100\/100\n|-weather|RainDance|[from] ability: Drizzle|[of] p1a: Kyogre\n|turn|18\n|\n|t:|1697508659\n|move|p1a: Kyogre|Ice Beam|p2a: Zacian\n|-supereffective|p2a: Zacian\n|-damage|p2a: Zacian|0 fnt\n|faint|p2a: Zacian\n|\n|win|Dregone\n|n|\u2606Dregone|dregone\n|n|\u2606the zest of lie|thezestoflie\n|n|*Lady Monita \u263d|ladymonita\n|n| happysh|happysh\n","uploadtime":1697508660,"views":15,"p1id":"dregone","p2id":"thezestoflie","formatid":"gen9ubers","rating":0,"private":0,"password":""}