{"id":"gen9ubers-1970392520","p1":"Kabunger","p2":"Bestmaindragonite","format":"[Gen 9] Ubers","log":"|j|\u2606Kabunger\n|j|\u2606Bestmaindragonite\n|t:|1697635072\n|gametype|singles\n|player|p1|Kabunger|hilda-wonderlauncher|\n|player|p2|Bestmaindragonite|lillie|\n|teamsize|p1|6\n|teamsize|p2|6\n|gen|9\n|tier|[Gen 9] Ubers\n|rule|Sleep Clause Mod: Limit one foe put to sleep\n|rule|Species Clause: Limit one of each Pok\u00e9mon\n|rule|OHKO Clause: OHKO moves are banned\n|rule|Evasion Items Clause: Evasion items are banned\n|rule|Evasion Moves Clause: Evasion moves are banned\n|rule|Endless Battle Clause: Forcing endless battles is banned\n|rule|HP Percentage Mod: HP is shown in percentages\n|clearpoke\n|poke|p1|Palafin, M|\n|poke|p1|Cyclizar, M|\n|poke|p1|Dialga|\n|poke|p1|Weezing-Galar, F|\n|poke|p1|Chi-Yu|\n|poke|p1|Gastrodon-East, M|\n|poke|p2|Arceus-Dragon|\n|poke|p2|Magearna|\n|poke|p2|Manaphy|\n|poke|p2|Donphan, F|\n|poke|p2|Zacian-*|\n|poke|p2|Cyclizar, F|\n|teampreview\n|c|\u2606Kabunger|no way\n|c|\u2606Kabunger|average tusks\n|\n|t:|1697635091\n|start\n|switch|p1a: Palafin|Palafin, M|100\/100\n|switch|p2a: Cyclizar|Cyclizar, F|100\/100\n|turn|1\n|c|\u2606Bestmaindragonite|This is my first team\n|c|\u2606Kabunger|same here\n|\n|t:|1697635101\n|move|p2a: Cyclizar|Draco Meteor|p1a: Palafin\n|-damage|p1a: Palafin|50\/100\n|-unboost|p2a: Cyclizar|spa|2\n|move|p1a: Palafin|Ice Punch|p2a: Cyclizar\n|-supereffective|p2a: Cyclizar\n|-damage|p2a: Cyclizar|53\/100\n|\n|upkeep\n|turn|2\n|\n|t:|1697635113\n|detailschange|p1a: Palafin|Palafin-Hero, M\n|switch|p1a: Gastrodon|Gastrodon-East, M|100\/100\n|move|p2a: Cyclizar|Shed Tail|p2a: Cyclizar\n|-start|p2a: Cyclizar|Substitute|[from] move: Shed Tail\n|-damage|p2a: Cyclizar|3\/100\n|-enditem|p2a: Cyclizar|Sitrus Berry|[eat]\n|-heal|p2a: Cyclizar|27\/100|[from] item: Sitrus Berry\n|\n|t:|1697635136\n|switch|p2a: Magearna|Magearna|100\/100|[from] Shed Tail\n|\n|upkeep\n|turn|3\n|\n|t:|1697635140\n|move|p2a: Magearna|Calm Mind|p2a: Magearna\n|-boost|p2a: Magearna|spa|1\n|-boost|p2a: Magearna|spd|1\n|move|p1a: Gastrodon|Earth Power|p2a: Magearna\n|-supereffective|p2a: Magearna\n|-end|p2a: Magearna|Substitute\n|\n|upkeep\n|turn|4\n|inactive|Battle timer is ON: inactive players will automatically lose when time's up. (requested by Kabunger)\n|\n|t:|1697635159\n|move|p2a: Magearna|Calm Mind|p2a: Magearna\n|-boost|p2a: Magearna|spa|1\n|-boost|p2a: Magearna|spd|1\n|move|p1a: Gastrodon|Spikes|p2a: Magearna\n|-sidestart|p2: Bestmaindragonite|Spikes\n|\n|upkeep\n|turn|5\n|\n|t:|1697635162\n|move|p2a: Magearna|Calm Mind|p2a: Magearna\n|-boost|p2a: Magearna|spa|1\n|-boost|p2a: Magearna|spd|1\n|move|p1a: Gastrodon|Earth Power|p2a: Magearna\n|-supereffective|p2a: Magearna\n|-crit|p2a: Magearna\n|-damage|p2a: Magearna|21\/100\n|\n|-heal|p2a: Magearna|27\/100|[from] item: Leftovers\n|upkeep\n|turn|6\n|c|\u2606Kabunger|mb\n|\n|t:|1697635172\n|-terastallize|p1a: Gastrodon|Steel\n|move|p2a: Magearna|Draining Kiss|p1a: Gastrodon\n|-resisted|p1a: Gastrodon\n|-damage|p1a: Gastrodon|66\/100\n|-heal|p2a: Magearna|57\/100|[from] drain|[of] p1a: Gastrodon\n|move|p1a: Gastrodon|Earth Power|p2a: Magearna\n|-supereffective|p2a: Magearna\n|-damage|p2a: Magearna|32\/100\n|-unboost|p2a: Magearna|spd|1\n|\n|-heal|p2a: Magearna|38\/100|[from] item: Leftovers\n|-heal|p1a: Gastrodon|73\/100|[from] item: Leftovers\n|upkeep\n|turn|7\n|c|\u2606Kabunger|that did way more than I thought it would\n|\n|t:|1697635186\n|move|p2a: Magearna|Draining Kiss|p1a: Gastrodon\n|-resisted|p1a: Gastrodon\n|-damage|p1a: Gastrodon|43\/100\n|-heal|p2a: Magearna|64\/100|[from] drain|[of] p1a: Gastrodon\n|move|p1a: Gastrodon|Earth Power|p2a: Magearna\n|-supereffective|p2a: Magearna\n|-damage|p2a: Magearna|34\/100\n|\n|-heal|p2a: Magearna|40\/100|[from] item: Leftovers\n|-heal|p1a: Gastrodon|49\/100|[from] item: Leftovers\n|upkeep\n|turn|8\n|\n|t:|1697635201\n|move|p2a: Magearna|Draining Kiss|p1a: Gastrodon\n|-resisted|p1a: Gastrodon\n|-damage|p1a: Gastrodon|16\/100\n|-heal|p2a: Magearna|69\/100|[from] drain|[of] p1a: Gastrodon\n|move|p1a: Gastrodon|Recover|p1a: Gastrodon\n|-heal|p1a: Gastrodon|66\/100\n|\n|-heal|p2a: Magearna|75\/100|[from] item: Leftovers\n|-heal|p1a: Gastrodon|72\/100|[from] item: Leftovers\n|upkeep\n|turn|9\n|\n|t:|1697635208\n|move|p2a: Magearna|Calm Mind|p2a: Magearna\n|-boost|p2a: Magearna|spa|1\n|-boost|p2a: Magearna|spd|1\n|move|p1a: Gastrodon|Earth Power|p2a: Magearna\n|-supereffective|p2a: Magearna\n|-damage|p2a: Magearna|52\/100\n|\n|-heal|p2a: Magearna|58\/100|[from] item: Leftovers\n|-heal|p1a: Gastrodon|78\/100|[from] item: Leftovers\n|upkeep\n|turn|10\n|\n|t:|1697635211\n|move|p2a: Magearna|Draining Kiss|p1a: Gastrodon\n|-resisted|p1a: Gastrodon\n|-damage|p1a: Gastrodon|39\/100\n|-heal|p2a: Magearna|91\/100|[from] drain|[of] p1a: Gastrodon\n|move|p1a: Gastrodon|Earth Power|p2a: Magearna\n|-supereffective|p2a: Magearna\n|-damage|p2a: Magearna|69\/100\n|\n|-heal|p2a: Magearna|75\/100|[from] item: Leftovers\n|-heal|p1a: Gastrodon|45\/100|[from] item: Leftovers\n|upkeep\n|turn|11\n|\n|t:|1697635231\n|move|p2a: Magearna|Calm Mind|p2a: Magearna\n|-boost|p2a: Magearna|spa|1\n|-boost|p2a: Magearna|spd|1\n|move|p1a: Gastrodon|Earth Power|p2a: Magearna\n|-supereffective|p2a: Magearna\n|-damage|p2a: Magearna|57\/100\n|\n|-heal|p2a: Magearna|63\/100|[from] item: Leftovers\n|-heal|p1a: Gastrodon|51\/100|[from] item: Leftovers\n|upkeep\n|turn|12\n|\n|t:|1697635237\n|move|p2a: Magearna|Calm Mind|p2a: Magearna\n|-boost|p2a: Magearna|spa|1\n|-boost|p2a: Magearna|spd|1\n|move|p1a: Gastrodon|Earth Power|p2a: Magearna\n|-supereffective|p2a: Magearna\n|-damage|p2a: Magearna|48\/100\n|\n|-heal|p2a: Magearna|54\/100|[from] item: Leftovers\n|-heal|p1a: Gastrodon|58\/100|[from] item: Leftovers\n|upkeep\n|turn|13\n|\n|t:|1697635239\n|move|p2a: Magearna|Draining Kiss|p1a: Gastrodon\n|-resisted|p1a: Gastrodon\n|-damage|p1a: Gastrodon|10\/100\n|-heal|p2a: Magearna|96\/100|[from] drain|[of] p1a: Gastrodon\n|move|p1a: Gastrodon|Earth Power|p2a: Magearna\n|-supereffective|p2a: Magearna\n|-damage|p2a: Magearna|79\/100\n|\n|-heal|p2a: Magearna|85\/100|[from] item: Leftovers\n|-heal|p1a: Gastrodon|16\/100|[from] item: Leftovers\n|upkeep\n|turn|14\n|\n|t:|1697635243\n|move|p2a: Magearna|Iron Defense|p2a: Magearna\n|-boost|p2a: Magearna|def|2\n|move|p1a: Gastrodon|Earth Power|p2a: Magearna\n|-supereffective|p2a: Magearna\n|-damage|p2a: Magearna|69\/100\n|\n|-heal|p2a: Magearna|75\/100|[from] item: Leftovers\n|-heal|p1a: Gastrodon|22\/100|[from] item: Leftovers\n|upkeep\n|turn|15\n|c|\u2606Kabunger|maybe I should've kept yawn\n|\n|t:|1697635273\n|move|p2a: Magearna|Draining Kiss|p1a: Gastrodon\n|-resisted|p1a: Gastrodon\n|-damage|p1a: Gastrodon|0 fnt\n|-heal|p2a: Magearna|94\/100|[from] drain|[of] p1a: Gastrodon\n|faint|p1a: Gastrodon\n|\n|-heal|p2a: Magearna|99\/100|[from] item: Leftovers\n|upkeep\n|\n|t:|1697635281\n|switch|p1a: Palafin|Palafin-Hero, M|50\/100\n|-activate|p1a: Palafin|ability: Zero to Hero\n|turn|16\n|\n|t:|1697635296\n|move|p1a: Palafin|Wave Crash|p2a: Magearna\n|-damage|p2a: Magearna|62\/100\n|-damage|p1a: Palafin|38\/100|[from] Recoil\n|move|p2a: Magearna|Draining Kiss|p1a: Palafin\n|-damage|p1a: Palafin|0 fnt\n|-heal|p2a: Magearna|91\/100|[from] drain|[of] p1a: Palafin\n|faint|p1a: Palafin\n|\n|-heal|p2a: Magearna|97\/100|[from] item: Leftovers\n|upkeep\n|\n|t:|1697635301\n|switch|p1a: Dialga|Dialga|100\/100\n|-ability|p1a: Dialga|Pressure\n|turn|17\n|\n|t:|1697635324\n|move|p2a: Magearna|Stored Power|p1a: Dialga\n|-resisted|p1a: Dialga\n|-damage|p1a: Dialga|0 fnt\n|faint|p1a: Dialga\n|\n|-heal|p2a: Magearna|100\/100|[from] item: Leftovers\n|upkeep\n|c|\u2606Bestmaindragonite|gg\n|-message|Kabunger forfeited.\n|\n|win|Bestmaindragonite\n|c|\u2606Kabunger|ggs\n|l|\u2606Kabunger\n","uploadtime":1697635341,"views":28,"p1id":"kabunger","p2id":"bestmaindragonite","formatid":"gen9ubers","rating":0,"private":0,"password":""}