{"id":"gen9ubers-1979130897","p1":"godiamsosorry","p2":"Pickedman","format":"[Gen 9] Ubers","log":"|j|\u2606godiamsosorry\n|j|\u2606Pickedman\n|t:|1698636415\n|gametype|singles\n|player|p1|godiamsosorry|scientistf|\n|player|p2|Pickedman|zinnia|\n|teamsize|p1|6\n|teamsize|p2|6\n|gen|9\n|tier|[Gen 9] Ubers\n|rule|Sleep Clause Mod: Limit one foe put to sleep\n|rule|Species Clause: Limit one of each Pok\u00e9mon\n|rule|OHKO Clause: OHKO moves are banned\n|rule|Evasion Items Clause: Evasion items are banned\n|rule|Evasion Moves Clause: Evasion moves are banned\n|rule|Endless Battle Clause: Forcing endless battles is banned\n|rule|HP Percentage Mod: HP is shown in percentages\n|clearpoke\n|poke|p1|Zoroark, F|\n|poke|p1|Salazzle, F|\n|poke|p1|Toedscruel, F|\n|poke|p1|Greninja-*, M|\n|poke|p1|Slowking-Galar, M|\n|poke|p1|Infernape, F|\n|poke|p2|Landorus-Therian, M|\n|poke|p2|Thundurus, M|\n|poke|p2|Braviary-Hisui, M|\n|poke|p2|Koraidon|\n|poke|p2|Walking Wake|\n|poke|p2|Slowking-Galar, M|\n|teampreview\n|\n|t:|1698636436\n|start\n|switch|p1a: Salazzle|Salazzle, F|100\/100\n|switch|p2a: Thundurus|Thundurus, M|100\/100\n|turn|1\n|\n|t:|1698636442\n|move|p2a: Thundurus|U-turn|p1a: Salazzle\n|-supereffective|p1a: Salazzle\n|-damage|p1a: Salazzle|7\/100\n|replace|p1a: Zoroark|Zoroark, F\n|-end|p1a: Zoroark|Illusion\n|\n|t:|1698636447\n|switch|p2a: Koraidon|Koraidon|100\/100|[from] U-turn\n|-weather|SunnyDay|[from] ability: Orichalcum Pulse|[of] p2a: Koraidon\n|-activate|p2a: Koraidon|Orichalcum Pulse|[source]\n|move|p1a: Zoroark|Toxic|p2a: Koraidon|[miss]\n|-miss|p1a: Zoroark|p2a: Koraidon\n|\n|-weather|SunnyDay|[upkeep]\n|upkeep\n|turn|2\n|\n|t:|1698636455\n|move|p2a: Koraidon|Fire Spin|p1a: Zoroark|[miss]\n|-miss|p2a: Koraidon|p1a: Zoroark\n|move|p1a: Zoroark|Toxic|p2a: Koraidon\n|-status|p2a: Koraidon|tox\n|\n|-weather|SunnyDay|[upkeep]\n|-damage|p2a: Koraidon|94\/100 tox|[from] psn\n|upkeep\n|turn|3\n|c|\u2606godiamsosorry|WE\u00b4RE SO BACK!\n|\n|t:|1698636462\n|switch|p1a: Slowking|Slowking-Galar, M|100\/100\n|move|p2a: Koraidon|Fire Spin|p1a: Slowking|[miss]\n|-miss|p2a: Koraidon|p1a: Slowking\n|\n|-weather|SunnyDay|[upkeep]\n|-heal|p2a: Koraidon|100\/100 tox|[from] item: Leftovers\n|-damage|p2a: Koraidon|88\/100 tox|[from] psn\n|upkeep\n|turn|4\n|\n|t:|1698636466\n|move|p2a: Koraidon|Taunt|p1a: Slowking\n|-start|p1a: Slowking|move: Taunt\n|cant|p1a: Slowking|move: Taunt|Chilly Reception\n|\n|-weather|SunnyDay|[upkeep]\n|-heal|p2a: Koraidon|94\/100 tox|[from] item: Leftovers\n|-damage|p2a: Koraidon|76\/100 tox|[from] psn\n|upkeep\n|turn|5\n|\n|t:|1698636470\n|switch|p1a: Infernape|Infernape, F|100\/100\n|move|p2a: Koraidon|Fire Spin|p1a: Infernape\n|-resisted|p1a: Infernape\n|-damage|p1a: Infernape|89\/100\n|-activate|p1a: Infernape|move: Fire Spin|[of] p2a: Koraidon\n|\n|-weather|none\n|-heal|p2a: Koraidon|82\/100 tox|[from] item: Leftovers\n|-damage|p2a: Koraidon|57\/100 tox|[from] psn\n|-damage|p1a: Infernape|77\/100|[from] move: Fire Spin|[partiallytrapped]\n|upkeep\n|turn|6\n|\n|t:|1698636475\n|move|p2a: Koraidon|Flamethrower|p1a: Infernape\n|-resisted|p1a: Infernape\n|-damage|p1a: Infernape|57\/100\n|move|p1a: Infernape|Swords Dance|p1a: Infernape\n|-boost|p1a: Infernape|atk|2\n|\n|-heal|p2a: Koraidon|64\/100 tox|[from] item: Leftovers\n|-damage|p2a: Koraidon|33\/100 tox|[from] psn\n|-damage|p1a: Infernape|45\/100|[from] move: Fire Spin|[partiallytrapped]\n|upkeep\n|turn|7\n|\n|t:|1698636478\n|move|p2a: Koraidon|Focus Blast|p1a: Infernape\n|-damage|p1a: Infernape|0 fnt\n|faint|p1a: Infernape\n|\n|-heal|p2a: Koraidon|39\/100 tox|[from] item: Leftovers\n|-damage|p2a: Koraidon|2\/100 tox|[from] psn\n|upkeep\n|\n|t:|1698636485\n|switch|p1a: Salazzle|Salazzle, F|100\/100\n|turn|8\n|\n|t:|1698636488\n|move|p1a: Salazzle|Protect|p1a: Salazzle\n|-singleturn|p1a: Salazzle|Protect\n|move|p2a: Koraidon|Taunt|p1a: Salazzle\n|-activate|p1a: Salazzle|move: Protect\n|\n|-heal|p2a: Koraidon|8\/100 tox|[from] item: Leftovers\n|-damage|p2a: Koraidon|0 fnt|[from] psn\n|faint|p2a: Koraidon\n|upkeep\n|\n|t:|1698636493\n|switch|p2a: Landorus|Landorus-Therian, M|100\/100\n|-ability|p2a: Landorus|Intimidate|boost\n|-unboost|p1a: Salazzle|atk|1\n|turn|9\n|\n|t:|1698636503\n|move|p1a: Salazzle|Toxic|p2a: Landorus\n|-status|p2a: Landorus|tox\n|move|p2a: Landorus|Nasty Plot|p2a: Landorus\n|-boost|p2a: Landorus|spa|2\n|\n|-damage|p2a: Landorus|95\/100 tox|[from] psn\n|upkeep\n|turn|10\n|\n|t:|1698636508\n|move|p1a: Salazzle|Taunt|p2a: Landorus\n|-start|p2a: Landorus|move: Taunt\n|move|p2a: Landorus|Earth Power|p1a: Salazzle\n|-supereffective|p1a: Salazzle\n|-damage|p1a: Salazzle|0 fnt\n|faint|p1a: Salazzle\n|\n|-heal|p2a: Landorus|100\/100 tox|[from] item: Leftovers\n|-damage|p2a: Landorus|89\/100 tox|[from] psn\n|upkeep\n|\n|t:|1698636512\n|switch|p1a: Greninja|Greninja, M|7\/100\n|turn|11\n|\n|t:|1698636516\n|move|p1a: Greninja|Knock Off|p2a: Landorus\n|-damage|p2a: Landorus|38\/100 tox\n|-enditem|p2a: Landorus|Leftovers|[from] move: Knock Off|[of] p1a: Greninja\n|move|p2a: Landorus|Earth Power|p1a: Greninja\n|-damage|p1a: Greninja|0 fnt\n|replace|p1a: Zoroark|Zoroark, F\n|-end|p1a: Zoroark|Illusion\n|faint|p1a: Zoroark\n|\n|-damage|p2a: Landorus|20\/100 tox|[from] psn\n|upkeep\n|c|\u2606godiamsosorry|Oh I just realised this team has Bbond gren...\n|\n|t:|1698636540\n|switch|p1a: Greninja|Greninja, M|100\/100\n|turn|12\n|\n|t:|1698636544\n|move|p1a: Greninja|Swords Dance|p1a: Greninja\n|-boost|p1a: Greninja|atk|2\n|move|p2a: Landorus|Grass Knot|p1a: Greninja\n|-supereffective|p1a: Greninja\n|-enditem|p1a: Greninja|Focus Sash\n|-damage|p1a: Greninja|1\/100\n|\n|-damage|p2a: Landorus|0 fnt|[from] psn\n|faint|p2a: Landorus\n|upkeep\n|c|\u2606godiamsosorry|Go ahead and kill him lol,,,\n|\n|t:|1698636557\n|switch|p2a: Walking Wake|Walking Wake|100\/100\n|turn|13\n|c|\u2606godiamsosorry|If you win this I will count it dw,,,\n|\n|t:|1698636561\n|move|p1a: Greninja|Swords Dance|p1a: Greninja\n|-boost|p1a: Greninja|atk|2\n|move|p2a: Walking Wake|Crunch|p1a: Greninja\n|-resisted|p1a: Greninja\n|-damage|p1a: Greninja|0 fnt\n|faint|p1a: Greninja\n|-damage|p2a: Walking Wake|91\/100|[from] item: Life Orb\n|\n|upkeep\n|c|\u2606Pickedman|alr\n|\n|t:|1698636564\n|switch|p1a: Toedscruel|Toedscruel, F|100\/100\n|turn|14\n|\n|t:|1698636572\n|-end|p2a: Walking Wake|Protosynthesis|[silent]\n|switch|p2a: Braviary|Braviary-Hisui, M|100\/100\n|move|p1a: Toedscruel|Spore|p2a: Braviary\n|-status|p2a: Braviary|slp|[from] move: Spore\n|\n|upkeep\n|turn|15\n|c|\u2606godiamsosorry|Gg probably,,,\n|\n|t:|1698636578\n|switch|p2a: Walking Wake|Walking Wake|91\/100\n|move|p1a: Toedscruel|Leech Seed|p2a: Walking Wake|[miss]\n|-miss|p1a: Toedscruel|p2a: Walking Wake\n|\n|upkeep\n|turn|16\n|\n|t:|1698636582\n|move|p2a: Walking Wake|Hone Claws|p2a: Walking Wake\n|-boost|p2a: Walking Wake|atk|1\n|-boost|p2a: Walking Wake|accuracy|1\n|move|p1a: Toedscruel|Leech Seed|p2a: Walking Wake\n|-start|p2a: Walking Wake|move: Leech Seed\n|\n|-damage|p2a: Walking Wake|78\/100|[from] Leech Seed|[of] p1a: Toedscruel\n|upkeep\n|turn|17\n|\n|t:|1698636590\n|move|p2a: Walking Wake|Hone Claws|p2a: Walking Wake\n|-boost|p2a: Walking Wake|atk|1\n|-boost|p2a: Walking Wake|accuracy|1\n|move|p1a: Toedscruel|Rapid Spin|p2a: Walking Wake\n|-damage|p2a: Walking Wake|69\/100\n|-boost|p1a: Toedscruel|spe|1\n|\n|-damage|p2a: Walking Wake|56\/100|[from] Leech Seed|[of] p1a: Toedscruel\n|upkeep\n|turn|18\n|\n|t:|1698636594\n|move|p1a: Toedscruel|Knock Off|p2a: Walking Wake\n|-damage|p2a: Walking Wake|39\/100\n|-enditem|p2a: Walking Wake|Life Orb|[from] move: Knock Off|[of] p1a: Toedscruel\n|move|p2a: Walking Wake|Dragon Rush|p1a: Toedscruel\n|-damage|p1a: Toedscruel|0 fnt\n|faint|p1a: Toedscruel\n|\n|upkeep\n|\n|t:|1698636596\n|switch|p1a: Slowking|Slowking-Galar, M|100\/100\n|turn|19\n|\n|t:|1698636600\n|move|p2a: Walking Wake|Crunch|p1a: Slowking\n|-supereffective|p1a: Slowking\n|-damage|p1a: Slowking|36\/100\n|move|p1a: Slowking|Foul Play|p2a: Walking Wake\n|-damage|p2a: Walking Wake|0 fnt\n|faint|p2a: Walking Wake\n|-end|p2a: Walking Wake|Protosynthesis|[silent]\n|\n|upkeep\n|\n|t:|1698636606\n|switch|p2a: Slowking|Slowking-Galar, M|100\/100\n|turn|20\n|\n|t:|1698636609\n|-terastallize|p2a: Slowking|Ground\n|move|p2a: Slowking|Earthquake|p1a: Slowking\n|-supereffective|p1a: Slowking\n|-damage|p1a: Slowking|0 fnt\n|faint|p1a: Slowking\n|\n|win|Pickedman\n|c|\u2606Pickedman|gg\n|c|\u2606godiamsosorry|Gg,,,\n","uploadtime":1698636615,"views":20,"p1id":"godiamsosorry","p2id":"pickedman","formatid":"gen9ubers","rating":0,"private":0,"password":""}