{"id":"gen9ubers-1986127020","p1":"Chris6497","p2":"SylverOmega","format":"[Gen 9] Ubers","log":"|j|\u203dChris6497\n|j|\u2606SylverOmega\n|t:|1699452799\n|gametype|singles\n|player|p1|Chris6497|koga|1248\n|player|p2|SylverOmega|palmer|1209\n|teamsize|p1|6\n|teamsize|p2|6\n|gen|9\n|tier|[Gen 9] Ubers\n|rated|\n|rule|Sleep Clause Mod: Limit one foe put to sleep\n|rule|Species Clause: Limit one of each Pok\u00e9mon\n|rule|OHKO Clause: OHKO moves are banned\n|rule|Evasion Items Clause: Evasion items are banned\n|rule|Evasion Moves Clause: Evasion moves are banned\n|rule|Endless Battle Clause: Forcing endless battles is banned\n|rule|HP Percentage Mod: HP is shown in percentages\n|clearpoke\n|poke|p1|Koraidon|\n|poke|p1|Miraidon|\n|poke|p1|Giratina-Origin|\n|poke|p1|Darkrai|\n|poke|p1|Espathra, F|\n|poke|p1|Arceus-Ghost|\n|poke|p2|Rotom-Mow|\n|poke|p2|Miraidon|\n|poke|p2|Jolteon, M|\n|poke|p2|Arceus-Electric|\n|poke|p2|Iron Hands|\n|poke|p2|Morpeko, F|\n|teampreview\n|inactive|Battle timer is ON: inactive players will automatically lose when time's up. (requested by SylverOmega)\n|inactive|Chris6497 also wants the timer to be on.\n|c|\u2606SylverOmega|Hf\n|j| LightningSword6354\n|l| LightningSword6354\n|\n|t:|1699452815\n|start\n|switch|p1a: Espathra|Espathra, F|100\/100\n|switch|p2a: Jolteon|Jolteon, M|100\/100\n|turn|1\n|\n|t:|1699452822\n|move|p2a: Jolteon|Volt Switch|p1a: Espathra\n|-damage|p1a: Espathra|51\/100\n|\n|t:|1699452825\n|switch|p2a: Miraidon|Miraidon|100\/100|[from] Volt Switch\n|-fieldstart|move: Electric Terrain|[from] ability: Hadron Engine|[of] p2a: Miraidon\n|move|p1a: Espathra|Calm Mind|p1a: Espathra\n|-boost|p1a: Espathra|spa|1\n|-boost|p1a: Espathra|spd|1\n|\n|-heal|p1a: Espathra|57\/100|[from] item: Leftovers\n|-ability|p1a: Espathra|Speed Boost|boost\n|-boost|p1a: Espathra|spe|1\n|upkeep\n|turn|2\n|\n|t:|1699452837\n|move|p1a: Espathra|Protect|p1a: Espathra\n|-singleturn|p1a: Espathra|Protect\n|move|p2a: Miraidon|Agility|p2a: Miraidon\n|-boost|p2a: Miraidon|spe|2\n|\n|-heal|p1a: Espathra|63\/100|[from] item: Leftovers\n|-ability|p1a: Espathra|Speed Boost|boost\n|-boost|p1a: Espathra|spe|1\n|upkeep\n|turn|3\n|\n|t:|1699452848\n|switch|p1a: Giratina|Giratina-Origin|100\/100\n|move|p2a: Miraidon|Calm Mind|p2a: Miraidon\n|-boost|p2a: Miraidon|spa|1\n|-boost|p2a: Miraidon|spd|1\n|\n|upkeep\n|turn|4\n|\n|t:|1699452858\n|-terastallize|p2a: Miraidon|Electric\n|move|p2a: Miraidon|Dragon Pulse|p1a: Giratina\n|-supereffective|p1a: Giratina\n|-damage|p1a: Giratina|20\/100\n|move|p1a: Giratina|Draco Meteor|p2a: Miraidon|[miss]\n|-miss|p1a: Giratina|p2a: Miraidon\n|\n|upkeep\n|turn|5\n|\n|t:|1699452867\n|move|p1a: Giratina|Shadow Sneak|p2a: Miraidon\n|-damage|p2a: Miraidon|89\/100\n|move|p2a: Miraidon|Calm Mind|p2a: Miraidon\n|-boost|p2a: Miraidon|spa|1\n|-boost|p2a: Miraidon|spd|1\n|\n|-heal|p2a: Miraidon|95\/100|[from] item: Leftovers\n|-fieldend|move: Electric Terrain\n|upkeep\n|turn|6\n|\n|t:|1699452877\n|move|p1a: Giratina|Shadow Sneak|p2a: Miraidon\n|-damage|p2a: Miraidon|84\/100\n|move|p2a: Miraidon|Dragon Pulse|p1a: Giratina\n|-supereffective|p1a: Giratina\n|-damage|p1a: Giratina|0 fnt\n|faint|p1a: Giratina\n|\n|-heal|p2a: Miraidon|90\/100|[from] item: Leftovers\n|upkeep\n|\n|t:|1699452879\n|switch|p1a: Arceus|Arceus-Ghost|100\/100\n|turn|7\n|\n|t:|1699452891\n|move|p2a: Miraidon|Calm Mind|p2a: Miraidon\n|-boost|p2a: Miraidon|spa|1\n|-boost|p2a: Miraidon|spd|1\n|move|p1a: Arceus|Roar|p2a: Miraidon\n|drag|p2a: Jolteon|Jolteon, M|100\/100\n|\n|-status|p2a: Jolteon|brn|[from] item: Flame Orb\n|upkeep\n|turn|8\n|c|\u2606SylverOmega|:'(\n|\n|t:|1699452906\n|move|p2a: Jolteon|Volt Switch|p1a: Arceus\n|-damage|p1a: Arceus|75\/100\n|\n|t:|1699452910\n|switch|p2a: Iron Hands|Iron Hands|100\/100|[from] Volt Switch\n|move|p1a: Arceus|Hex|p2a: Iron Hands\n|-damage|p2a: Iron Hands|79\/100\n|\n|-heal|p2a: Iron Hands|86\/100|[from] item: Leftovers\n|upkeep\n|turn|9\n|\n|t:|1699452921\n|move|p1a: Arceus|Will-O-Wisp|p2a: Iron Hands\n|-status|p2a: Iron Hands|brn\n|move|p2a: Iron Hands|Ice Punch|p1a: Arceus\n|-damage|p1a: Arceus|68\/100\n|\n|-heal|p2a: Iron Hands|92\/100 brn|[from] item: Leftovers\n|-damage|p2a: Iron Hands|86\/100 brn|[from] brn\n|upkeep\n|turn|10\n|\n|t:|1699452935\n|-end|p2a: Iron Hands|Quark Drive|[silent]\n|switch|p2a: Morpeko|Morpeko, F|100\/100\n|move|p1a: Arceus|Hex|p2a: Morpeko\n|-resisted|p2a: Morpeko\n|-damage|p2a: Morpeko|67\/100\n|\n|-formechange|p2a: Morpeko|Morpeko-Hangry||[from] ability: Hunger Switch\n|upkeep\n|turn|11\n|\n|t:|1699452944\n|move|p1a: Arceus|Will-O-Wisp|p2a: Morpeko\n|-status|p2a: Morpeko|brn\n|move|p2a: Morpeko|Aura Wheel|p1a: Arceus\n|-supereffective|p1a: Arceus\n|-damage|p1a: Arceus|37\/100\n|-boost|p2a: Morpeko|spe|1\n|\n|-damage|p2a: Morpeko|60\/100 brn|[from] brn\n|-formechange|p2a: Morpeko|Morpeko||[from] ability: Hunger Switch\n|upkeep\n|turn|12\n|\n|t:|1699452957\n|move|p2a: Morpeko|Knock Off|p1a: Arceus\n|-supereffective|p1a: Arceus\n|-damage|p1a: Arceus|17\/100\n|move|p1a: Arceus|Recover|p1a: Arceus\n|-heal|p1a: Arceus|67\/100\n|\n|-damage|p2a: Morpeko|54\/100 brn|[from] brn\n|-formechange|p2a: Morpeko|Morpeko-Hangry||[from] ability: Hunger Switch\n|upkeep\n|turn|13\n|\n|t:|1699452968\n|move|p2a: Morpeko|Aura Wheel|p1a: Arceus\n|-supereffective|p1a: Arceus\n|-damage|p1a: Arceus|35\/100\n|-boost|p2a: Morpeko|spe|1\n|move|p1a: Arceus|Recover|p1a: Arceus\n|-heal|p1a: Arceus|85\/100\n|\n|-damage|p2a: Morpeko|48\/100 brn|[from] brn\n|-formechange|p2a: Morpeko|Morpeko||[from] ability: Hunger Switch\n|upkeep\n|turn|14\n|\n|t:|1699452979\n|move|p2a: Morpeko|Knock Off|p1a: Arceus\n|-supereffective|p1a: Arceus\n|-damage|p1a: Arceus|66\/100\n|move|p1a: Arceus|Hex|p2a: Morpeko\n|-resisted|p2a: Morpeko\n|-damage|p2a: Morpeko|0 fnt\n|faint|p2a: Morpeko\n|\n|upkeep\n|\n|t:|1699452988\n|switch|p2a: Rotom|Rotom-Mow|100\/100\n|turn|15\n|\n|t:|1699452993\n|move|p2a: Rotom|Trick||[still]\n|-fail|p2a: Rotom\n|move|p1a: Arceus|Recover|p1a: Arceus\n|-heal|p1a: Arceus|100\/100\n|\n|upkeep\n|turn|16\n|\n|t:|1699453004\n|switch|p2a: Jolteon|Jolteon, M|100\/100 brn\n|move|p1a: Arceus|Will-O-Wisp|p2a: Jolteon\n|-fail|p2a: Jolteon|brn\n|\n|-damage|p2a: Jolteon|95\/100 brn|[from] brn\n|upkeep\n|turn|17\n|\n|t:|1699453013\n|move|p2a: Jolteon|Volt Switch|p1a: Arceus\n|-damage|p1a: Arceus|77\/100\n|\n|t:|1699453017\n|switch|p2a: Rotom|Rotom-Mow|100\/100|[from] Volt Switch\n|move|p1a: Arceus|Will-O-Wisp|p2a: Rotom\n|-status|p2a: Rotom|brn\n|\n|-damage|p2a: Rotom|94\/100 brn|[from] brn\n|upkeep\n|turn|18\n|\n|t:|1699453028\n|move|p2a: Rotom|Volt Switch|p1a: Arceus\n|-damage|p1a: Arceus|52\/100\n|\n|t:|1699453032\n|switch|p2a: Miraidon|Miraidon, tera:Electric|90\/100|[from] Volt Switch\n|-fieldstart|move: Electric Terrain|[from] ability: Hadron Engine|[of] p2a: Miraidon\n|move|p1a: Arceus|Roar|p2a: Miraidon\n|drag|p2a: Jolteon|Jolteon, M|95\/100 brn\n|\n|-damage|p2a: Jolteon|89\/100 brn|[from] brn\n|upkeep\n|turn|19\n|\n|t:|1699453046\n|switch|p1a: Koraidon|Koraidon|100\/100\n|-weather|SunnyDay|[from] ability: Orichalcum Pulse|[of] p1a: Koraidon\n|-activate|p1a: Koraidon|Orichalcum Pulse|[source]\n|move|p2a: Jolteon|Volt Switch|p1a: Koraidon\n|-resisted|p1a: Koraidon\n|-damage|p1a: Koraidon|76\/100\n|\n|t:|1699453054\n|switch|p2a: Arceus|Arceus-Electric|100\/100|[from] Volt Switch\n|\n|-weather|SunnyDay|[upkeep]\n|upkeep\n|turn|20\n|\n|t:|1699453062\n|move|p1a: Koraidon|U-turn|p2a: Arceus\n|-damage|p2a: Arceus|78\/100\n|\n|t:|1699453066\n|switch|p1a: Miraidon|Miraidon|100\/100|[from] U-turn\n|-activate|p1a: Miraidon|ability: Hadron Engine\n|-enditem|p1a: Miraidon|Electric Seed\n|-boost|p1a: Miraidon|def|1|[from] item: Electric Seed\n|move|p2a: Arceus|Bulk Up|p2a: Arceus\n|-boost|p2a: Arceus|atk|1\n|-boost|p2a: Arceus|def|1\n|\n|-weather|SunnyDay|[upkeep]\n|upkeep\n|turn|21\n|\n|t:|1699453080\n|-terastallize|p1a: Miraidon|Grass\n|move|p1a: Miraidon|Draco Meteor|p2a: Arceus\n|-crit|p2a: Arceus\n|-damage|p2a: Arceus|12\/100\n|-unboost|p1a: Miraidon|spa|2\n|move|p2a: Arceus|Bulk Up|p2a: Arceus\n|-boost|p2a: Arceus|atk|1\n|-boost|p2a: Arceus|def|1\n|\n|-weather|SunnyDay|[upkeep]\n|upkeep\n|turn|22\n|\n|t:|1699453093\n|move|p2a: Arceus|Extreme Speed|p1a: Miraidon\n|-damage|p1a: Miraidon|71\/100\n|move|p1a: Miraidon|Electro Drift|p2a: Arceus\n|-resisted|p2a: Arceus\n|-damage|p2a: Arceus|0 fnt\n|faint|p2a: Arceus\n|\n|-weather|SunnyDay|[upkeep]\n|-fieldend|move: Electric Terrain\n|upkeep\n|j| Itsmeheats\n|\n|t:|1699453104\n|switch|p2a: Iron Hands|Iron Hands|86\/100 brn\n|turn|23\n|\n|t:|1699453110\n|move|p1a: Miraidon|Solar Beam||[still]\n|-prepare|p1a: Miraidon|Solar Beam\n|-anim|p1a: Miraidon|Solar Beam|p2a: Iron Hands\n|-damage|p2a: Iron Hands|63\/100 brn\n|move|p2a: Iron Hands|Swords Dance|p2a: Iron Hands\n|-boost|p2a: Iron Hands|atk|2\n|\n|-weather|none\n|-heal|p2a: Iron Hands|70\/100 brn|[from] item: Leftovers\n|-damage|p2a: Iron Hands|63\/100 brn|[from] brn\n|upkeep\n|turn|24\n|\n|t:|1699453122\n|move|p1a: Miraidon|Draco Meteor|p2a: Iron Hands\n|-damage|p2a: Iron Hands|42\/100 brn\n|-unboost|p1a: Miraidon|spa|2\n|move|p2a: Iron Hands|Ice Punch|p1a: Miraidon\n|-supereffective|p1a: Miraidon\n|-crit|p1a: Miraidon\n|-damage|p1a: Miraidon|0 fnt\n|faint|p1a: Miraidon\n|\n|-heal|p2a: Iron Hands|48\/100 brn|[from] item: Leftovers\n|-damage|p2a: Iron Hands|42\/100 brn|[from] brn\n|upkeep\n|\n|t:|1699453127\n|switch|p1a: Espathra|Espathra, F|63\/100\n|turn|25\n|\n|t:|1699453138\n|move|p1a: Espathra|Calm Mind|p1a: Espathra\n|-boost|p1a: Espathra|spa|1\n|-boost|p1a: Espathra|spd|1\n|move|p2a: Iron Hands|Thunder Punch|p1a: Espathra\n|-damage|p1a: Espathra|32\/100\n|\n|-heal|p1a: Espathra|39\/100|[from] item: Leftovers\n|-heal|p2a: Iron Hands|48\/100 brn|[from] item: Leftovers\n|-damage|p2a: Iron Hands|42\/100 brn|[from] brn\n|-ability|p1a: Espathra|Speed Boost|boost\n|-boost|p1a: Espathra|spe|1\n|upkeep\n|turn|26\n|\n|t:|1699453151\n|move|p1a: Espathra|Protect|p1a: Espathra\n|-singleturn|p1a: Espathra|Protect\n|move|p2a: Iron Hands|Thunder Punch|p1a: Espathra\n|-activate|p1a: Espathra|move: Protect\n|\n|-heal|p1a: Espathra|45\/100|[from] item: Leftovers\n|-heal|p2a: Iron Hands|48\/100 brn|[from] item: Leftovers\n|-damage|p2a: Iron Hands|42\/100 brn|[from] brn\n|-ability|p1a: Espathra|Speed Boost|boost\n|-boost|p1a: Espathra|spe|1\n|upkeep\n|turn|27\n|\n|t:|1699453164\n|move|p1a: Espathra|Calm Mind|p1a: Espathra\n|-boost|p1a: Espathra|spa|1\n|-boost|p1a: Espathra|spd|1\n|move|p2a: Iron Hands|Thunder Punch|p1a: Espathra\n|-damage|p1a: Espathra|14\/100\n|\n|-heal|p1a: Espathra|20\/100|[from] item: Leftovers\n|-heal|p2a: Iron Hands|48\/100 brn|[from] item: Leftovers\n|-damage|p2a: Iron Hands|42\/100 brn|[from] brn\n|-ability|p1a: Espathra|Speed Boost|boost\n|-boost|p1a: Espathra|spe|1\n|upkeep\n|turn|28\n|\n|t:|1699453177\n|move|p1a: Espathra|Protect|p1a: Espathra\n|-singleturn|p1a: Espathra|Protect\n|move|p2a: Iron Hands|Thunder Punch|p1a: Espathra\n|-activate|p1a: Espathra|move: Protect\n|\n|-heal|p1a: Espathra|26\/100|[from] item: Leftovers\n|-heal|p2a: Iron Hands|48\/100 brn|[from] item: Leftovers\n|-damage|p2a: Iron Hands|42\/100 brn|[from] brn\n|-ability|p1a: Espathra|Speed Boost|boost\n|-boost|p1a: Espathra|spe|1\n|upkeep\n|turn|29\n|\n|t:|1699453190\n|move|p1a: Espathra|Stored Power|p2a: Iron Hands\n|-supereffective|p2a: Iron Hands\n|-damage|p2a: Iron Hands|0 fnt\n|faint|p2a: Iron Hands\n|-end|p2a: Iron Hands|Quark Drive|[silent]\n|\n|-heal|p1a: Espathra|32\/100|[from] item: Leftovers\n|-ability|p1a: Espathra|Speed Boost|boost\n|-boost|p1a: Espathra|spe|1\n|upkeep\n|\n|t:|1699453202\n|switch|p2a: Miraidon|Miraidon, tera:Electric|90\/100\n|-fieldstart|move: Electric Terrain|[from] ability: Hadron Engine|[of] p2a: Miraidon\n|turn|30\n|\n|t:|1699453209\n|move|p1a: Espathra|Stored Power|p2a: Miraidon\n|-damage|p2a: Miraidon|0 fnt\n|faint|p2a: Miraidon\n|\n|-heal|p1a: Espathra|39\/100|[from] item: Leftovers\n|-ability|p1a: Espathra|Speed Boost|boost\n|-boost|p1a: Espathra|spe|1\n|upkeep\n|-message|SylverOmega forfeited.\n|\n|win|Chris6497\n|raw|Chris6497's rating: 1248 &rarr; <strong>1270<\/strong><br \/>(+22 for winning)\n|raw|SylverOmega's rating: 1209 &rarr; <strong>1187<\/strong><br \/>(-22 for losing)\n|l|\u2606SylverOmega\n","uploadtime":1699453217,"views":6,"p1id":"chris6497","p2id":"sylveromega","formatid":"gen9ubers","rating":1187,"private":0,"password":""}