{"id":"gen9ubers-2000605047","p1":"trucksarenice","p2":"Bennett7b3","format":"[Gen 9] Ubers","log":"|j|\u2606trucksarenice\n|j|\u2606Bennett7b3\n|t:|1701209728\n|gametype|singles\n|player|p1|trucksarenice|170|1053\n|player|p2|Bennett7b3|1|1000\n|teamsize|p1|6\n|teamsize|p2|6\n|gen|9\n|tier|[Gen 9] Ubers\n|rated|\n|rule|Sleep Clause Mod: Limit one foe put to sleep\n|rule|Species Clause: Limit one of each Pok\u00e9mon\n|rule|OHKO Clause: OHKO moves are banned\n|rule|Evasion Items Clause: Evasion items are banned\n|rule|Evasion Moves Clause: Evasion moves are banned\n|rule|Endless Battle Clause: Forcing endless battles is banned\n|rule|HP Percentage Mod: HP is shown in percentages\n|clearpoke\n|poke|p1|Azumarill, M|\n|poke|p1|Heatran, F|\n|poke|p1|Annihilape, M|\n|poke|p1|Ditto|\n|poke|p1|Zarude|\n|poke|p1|Koraidon|\n|poke|p2|Charizard, F|\n|poke|p2|Azumarill, F|\n|poke|p2|Scizor, F|\n|poke|p2|Ampharos, M|\n|poke|p2|Mew|\n|poke|p2|Haxorus, M|\n|teampreview\n|\n|t:|1701209732\n|start\n|switch|p1a: Azumarill|Azumarill, M|100\/100\n|switch|p2a: Haxorus|Haxorus, M, shiny|100\/100\n|-ability|p2a: Haxorus|Mold Breaker\n|turn|1\n|\n|t:|1701209748\n|switch|p2a: Scizor|Scizor, F, shiny|100\/100\n|move|p1a: Azumarill|Substitute|p1a: Azumarill\n|-start|p1a: Azumarill|Substitute\n|-damage|p1a: Azumarill|76\/100\n|\n|-heal|p1a: Azumarill|82\/100|[from] item: Leftovers\n|upkeep\n|turn|2\n|\n|t:|1701209758\n|move|p2a: Scizor|Bullet Punch|p1a: Azumarill\n|-end|p1a: Azumarill|Substitute\n|move|p1a: Azumarill|Belly Drum|p1a: Azumarill\n|-damage|p1a: Azumarill|32\/100\n|-setboost|p1a: Azumarill|atk|6|[from] move: Belly Drum\n|\n|-heal|p1a: Azumarill|38\/100|[from] item: Leftovers\n|upkeep\n|turn|3\n|\n|t:|1701209766\n|move|p2a: Scizor|Bullet Punch|p1a: Azumarill\n|-damage|p1a: Azumarill|7\/100\n|move|p1a: Azumarill|Aqua Jet|p2a: Scizor\n|-crit|p2a: Scizor\n|-damage|p2a: Scizor|0 fnt\n|faint|p2a: Scizor\n|\n|-heal|p1a: Azumarill|13\/100|[from] item: Leftovers\n|upkeep\n|\n|t:|1701209775\n|switch|p2a: Haxorus|Haxorus, M, shiny|100\/100\n|-ability|p2a: Haxorus|Mold Breaker\n|turn|4\n|\n|t:|1701209779\n|move|p1a: Azumarill|Aqua Jet|p2a: Haxorus\n|-resisted|p2a: Haxorus\n|-damage|p2a: Haxorus|46\/100\n|move|p2a: Haxorus|Dragon Claw|p1a: Azumarill\n|-immune|p1a: Azumarill\n|\n|-heal|p1a: Azumarill|19\/100|[from] item: Leftovers\n|upkeep\n|turn|5\n|\n|t:|1701209788\n|switch|p2a: Mew|Mew, shiny|100\/100\n|move|p1a: Azumarill|Aqua Jet|p2a: Mew\n|-damage|p2a: Mew|6\/100\n|\n|-heal|p1a: Azumarill|25\/100|[from] item: Leftovers\n|upkeep\n|turn|6\n|\n|t:|1701209798\n|move|p1a: Azumarill|Aqua Jet|p2a: Mew\n|-damage|p2a: Mew|0 fnt\n|faint|p2a: Mew\n|\n|-heal|p1a: Azumarill|31\/100|[from] item: Leftovers\n|upkeep\n|\n|t:|1701209804\n|switch|p2a: Haxorus|Haxorus, M, shiny|46\/100\n|-ability|p2a: Haxorus|Mold Breaker\n|turn|7\n|\n|t:|1701209810\n|move|p1a: Azumarill|Aqua Jet|p2a: Haxorus\n|-resisted|p2a: Haxorus\n|-damage|p2a: Haxorus|0 fnt\n|faint|p2a: Haxorus\n|\n|-heal|p1a: Azumarill|38\/100|[from] item: Leftovers\n|upkeep\n|\n|t:|1701209816\n|switch|p2a: Azumarill|Azumarill, F, shiny|100\/100\n|turn|8\n|\n|t:|1701209825\n|move|p1a: Azumarill|Aqua Jet|p2a: Azumarill\n|-resisted|p2a: Azumarill\n|-damage|p2a: Azumarill|53\/100\n|move|p2a: Azumarill|Belly Drum|p2a: Azumarill\n|-damage|p2a: Azumarill|3\/100\n|-setboost|p2a: Azumarill|atk|6|[from] move: Belly Drum\n|\n|-heal|p1a: Azumarill|44\/100|[from] item: Leftovers\n|-heal|p2a: Azumarill|9\/100|[from] item: Leftovers\n|upkeep\n|turn|9\n|\n|t:|1701209834\n|move|p1a: Azumarill|Aqua Jet|p2a: Azumarill\n|-resisted|p2a: Azumarill\n|-damage|p2a: Azumarill|0 fnt\n|faint|p2a: Azumarill\n|\n|-heal|p1a: Azumarill|50\/100|[from] item: Leftovers\n|upkeep\n|\n|t:|1701209840\n|switch|p2a: Ampharos|Ampharos, M, shiny|100\/100\n|turn|10\n|c|\u2606trucksarenice|azumaril is op\n|\n|t:|1701209848\n|move|p2a: Ampharos|Protect|p2a: Ampharos\n|-singleturn|p2a: Ampharos|Protect\n|move|p1a: Azumarill|Aqua Jet|p2a: Ampharos\n|-activate|p2a: Ampharos|move: Protect\n|\n|-heal|p1a: Azumarill|56\/100|[from] item: Leftovers\n|upkeep\n|turn|11\n|\n|t:|1701209861\n|switch|p2a: Charizard|Charizard, F, shiny|100\/100\n|move|p1a: Azumarill|Aqua Jet|p2a: Charizard\n|-supereffective|p2a: Charizard\n|-enditem|p2a: Charizard|Focus Sash\n|-damage|p2a: Charizard|1\/100\n|\n|-heal|p1a: Azumarill|62\/100|[from] item: Leftovers\n|upkeep\n|turn|12\n|\n|t:|1701209882\n|-terastallize|p2a: Charizard|Fire\n|move|p1a: Azumarill|Aqua Jet|p2a: Charizard\n|-supereffective|p2a: Charizard\n|-damage|p2a: Charizard|0 fnt\n|faint|p2a: Charizard\n|\n|-heal|p1a: Azumarill|68\/100|[from] item: Leftovers\n|upkeep\n|\n|t:|1701209889\n|switch|p2a: Ampharos|Ampharos, M, shiny|100\/100\n|turn|13\n|\n|t:|1701209894\n|move|p1a: Azumarill|Aqua Jet|p2a: Ampharos\n|-damage|p2a: Ampharos|0 fnt\n|faint|p2a: Ampharos\n|\n|win|trucksarenice\n|raw|trucksarenice's rating: 1053 &rarr; <strong>1080<\/strong><br \/>(+27 for winning)\n|raw|Bennett7b3's rating: 1000 &rarr; <strong>1000<\/strong><br \/>(+0 for losing)\n|l|\u2606Bennett7b3\n|player|p1|trucksarenice|170\n","uploadtime":1701209963,"views":10,"p1id":"trucksarenice","p2id":"bennett7b3","formatid":"gen9ubers","rating":1000,"private":0,"password":""}