{"id":"gen9ubers-1985778086","p1":"NewHoovybeast05","p2":"Kinesquared","format":"[Gen 9] Ubers","log":"|j|\u2606NewHoovybeast05\n|j|\u2606Kinesquared\n|t:|1699405135\n|gametype|singles\n|player|p1|NewHoovybeast05|palmer|\n|player|p2|Kinesquared|scientist-gen4dp|\n|teamsize|p1|6\n|teamsize|p2|6\n|gen|9\n|tier|[Gen 9] Ubers\n|rule|Sleep Clause Mod: Limit one foe put to sleep\n|rule|Species Clause: Limit one of each Pok\u00e9mon\n|rule|OHKO Clause: OHKO moves are banned\n|rule|Evasion Items Clause: Evasion items are banned\n|rule|Evasion Moves Clause: Evasion moves are banned\n|rule|Endless Battle Clause: Forcing endless battles is banned\n|rule|HP Percentage Mod: HP is shown in percentages\n|clearpoke\n|poke|p1|Palkia-Origin|\n|poke|p1|Shaymin-Sky|\n|poke|p1|Arceus-Poison|\n|poke|p1|Magearna|\n|poke|p1|Chi-Yu|\n|poke|p1|Donphan, M|\n|poke|p2|Magearna|\n|poke|p2|Ursaluna, M|\n|poke|p2|Dialga|\n|poke|p2|Hoopa-Unbound|\n|poke|p2|Cinderace, F|\n|poke|p2|Cresselia, F|\n|teampreview\n|\n|t:|1699405154\n|start\n|switch|p1a: Palkia-0rigin|Palkia-Origin|100\/100\n|switch|p2a: Magearna|Magearna|100\/100\n|-ability|p1a: Palkia-0rigin|Pressure\n|turn|1\n|c|\u2606NewHoovybeast05|this\n|c|\u2606Kinesquared|this\n|\n|t:|1699405167\n|move|p1a: Palkia-0rigin|Flamethrower|p2a: Magearna\n|-supereffective|p2a: Magearna\n|-damage|p2a: Magearna|46\/100\n|move|p2a: Magearna|Trick Room|p2a: Magearna\n|-fieldstart|move: Trick Room|[of] p2a: Magearna\n|\n|-heal|p2a: Magearna|52\/100|[from] item: Leftovers\n|upkeep\n|turn|2\n|\n|t:|1699405174\n|switch|p1a: Donphen|Donphan, M|100\/100\n|move|p2a: Magearna|Fleur Cannon|p1a: Donphen\n|-damage|p1a: Donphen|23\/100\n|-unboost|p2a: Magearna|spa|2\n|\n|-heal|p2a: Magearna|58\/100|[from] item: Leftovers\n|-heal|p1a: Donphen|29\/100|[from] item: Leftovers\n|upkeep\n|turn|3\n|\n|t:|1699405182\n|move|p2a: Magearna|Fleur Cannon|p1a: Donphen\n|-damage|p1a: Donphen|0 fnt\n|-unboost|p2a: Magearna|spa|2\n|faint|p1a: Donphen\n|-ability|p2a: Magearna|Soul-Heart|boost\n|-boost|p2a: Magearna|spa|1\n|\n|-heal|p2a: Magearna|64\/100|[from] item: Leftovers\n|upkeep\n|\n|t:|1699405188\n|switch|p1a: Ar\u0441eus-Ghost|Arceus-Poison|100\/100\n|turn|4\n|\n|t:|1699405195\n|move|p2a: Magearna|Volt Switch|p1a: Ar\u0441eus-Ghost\n|-damage|p1a: Ar\u0441eus-Ghost|95\/100\n|\n|t:|1699405198\n|switch|p2a: Ursaluna|Ursaluna, M|100\/100|[from] Volt Switch\n|move|p1a: Ar\u0441eus-Ghost|Will-O-Wisp|p2a: Ursaluna\n|-status|p2a: Ursaluna|brn\n|\n|-damage|p2a: Ursaluna|94\/100 brn|[from] brn\n|upkeep\n|turn|5\n|\n|t:|1699405214\n|switch|p1a: Skymin|Shaymin-Sky|100\/100\n|move|p2a: Ursaluna|Substitute|p2a: Ursaluna\n|-start|p2a: Ursaluna|Substitute\n|-damage|p2a: Ursaluna|70\/100 brn\n|\n|-damage|p2a: Ursaluna|64\/100 brn|[from] brn\n|-fieldend|move: Trick Room\n|upkeep\n|turn|6\n|c|\u2606Kinesquared|unfortunate burn\n|j| FrostyRandom02\n|\n|t:|1699405223\n|move|p1a: Skymin|Substitute|p1a: Skymin\n|-start|p1a: Skymin|Substitute\n|-damage|p1a: Skymin|76\/100\n|move|p2a: Ursaluna|Facade|p1a: Skymin\n|-end|p1a: Skymin|Substitute\n|\n|-damage|p2a: Ursaluna|58\/100 brn|[from] brn\n|upkeep\n|turn|7\n|\n|t:|1699405234\n|move|p1a: Skymin|Substitute|p1a: Skymin\n|-start|p1a: Skymin|Substitute\n|-damage|p1a: Skymin|51\/100\n|move|p2a: Ursaluna|Facade|p1a: Skymin\n|-end|p1a: Skymin|Substitute\n|\n|-damage|p2a: Ursaluna|51\/100 brn|[from] brn\n|upkeep\n|turn|8\n|\n|t:|1699405242\n|move|p1a: Skymin|Substitute|p1a: Skymin\n|-start|p1a: Skymin|Substitute\n|-damage|p1a: Skymin|26\/100\n|move|p2a: Ursaluna|Facade|p1a: Skymin\n|-end|p1a: Skymin|Substitute\n|\n|-damage|p2a: Ursaluna|45\/100 brn|[from] brn\n|upkeep\n|turn|9\n|\n|t:|1699405250\n|switch|p1a: Ar\u0441eus-Ghost|Arceus-Poison|95\/100\n|move|p2a: Ursaluna|Facade|p1a: Ar\u0441eus-Ghost\n|-damage|p1a: Ar\u0441eus-Ghost|37\/100\n|\n|-damage|p2a: Ursaluna|39\/100 brn|[from] brn\n|upkeep\n|turn|10\n|\n|t:|1699405262\n|move|p1a: Ar\u0441eus-Ghost|Judgment|p2a: Ursaluna\n|-resisted|p2a: Ursaluna\n|-activate|p2a: Ursaluna|move: Substitute|[damage]\n|move|p2a: Ursaluna|Headlong Rush|p1a: Ar\u0441eus-Ghost\n|-supereffective|p1a: Ar\u0441eus-Ghost\n|-damage|p1a: Ar\u0441eus-Ghost|0 fnt\n|-unboost|p2a: Ursaluna|def|1\n|-unboost|p2a: Ursaluna|spd|1\n|faint|p1a: Ar\u0441eus-Ghost\n|\n|-damage|p2a: Ursaluna|33\/100 brn|[from] brn\n|upkeep\n|c|\u2606Kinesquared|no sub break??\n|c|\u2606Kinesquared|wowow\n|-message|NewHoovybeast05 forfeited.\n|\n|win|Kinesquared\n","uploadtime":1699405277,"views":16,"p1id":"newhoovybeast05","p2id":"kinesquared","formatid":"gen9ubers","rating":0,"private":0,"password":""}