{"id":"gen9ubers-1970569885","p1":"SenkTheMoth","p2":"A Thing23","format":"[Gen 9] Ubers","log":"|j|\u2606SenkTheMoth\n|j|\u2606A Thing23\n|t:|1697649134\n|gametype|singles\n|player|p1|SenkTheMoth|dawn-gen4pt|\n|player|p2|A Thing23|101|\n|teamsize|p1|6\n|teamsize|p2|6\n|gen|9\n|tier|[Gen 9] Ubers\n|rule|Sleep Clause Mod: Limit one foe put to sleep\n|rule|Species Clause: Limit one of each Pok\u00e9mon\n|rule|OHKO Clause: OHKO moves are banned\n|rule|Evasion Items Clause: Evasion items are banned\n|rule|Evasion Moves Clause: Evasion moves are banned\n|rule|Endless Battle Clause: Forcing endless battles is banned\n|rule|HP Percentage Mod: HP is shown in percentages\n|clearpoke\n|poke|p1|Zacian-*|\n|poke|p1|Palkia-Origin|\n|poke|p1|Arceus-Ice|\n|poke|p1|Magearna|\n|poke|p1|Zamazenta-*|\n|poke|p1|Shaymin-Sky|\n|poke|p2|Espathra, M|\n|poke|p2|Dragapult, M|\n|poke|p2|Palkia-Origin|\n|poke|p2|Ogerpon-Wellspring, F|\n|poke|p2|Zamazenta-*|\n|poke|p2|Landorus, M|\n|teampreview\n|inactive|Battle timer is ON: inactive players will automatically lose when time's up. (requested by A Thing23)\n|\n|t:|1697649152\n|start\n|switch|p1a: Arceus|Arceus-Ice|100\/100\n|switch|p2a: Dragapult|Dragapult, M|100\/100\n|turn|1\n|\n|t:|1697649173\n|switch|p2a: Zamazenta|Zamazenta-Crowned|100\/100\n|-ability|p2a: Zamazenta|Dauntless Shield|boost\n|-boost|p2a: Zamazenta|def|1\n|move|p1a: Arceus|Judgment|p2a: Zamazenta\n|-resisted|p2a: Zamazenta\n|-damage|p2a: Zamazenta|85\/100\n|\n|upkeep\n|turn|2\n|\n|t:|1697649198\n|switch|p1a: Shaymin|Shaymin-Sky|100\/100\n|move|p2a: Zamazenta|Iron Defense|p2a: Zamazenta\n|-boost|p2a: Zamazenta|def|2\n|\n|upkeep\n|turn|3\n|\n|t:|1697649213\n|move|p1a: Shaymin|Earth Power|p2a: Zamazenta\n|-supereffective|p2a: Zamazenta\n|-damage|p2a: Zamazenta|45\/100\n|move|p2a: Zamazenta|Body Press|p1a: Shaymin\n|-resisted|p1a: Shaymin\n|-damage|p1a: Shaymin|30\/100\n|\n|upkeep\n|turn|4\n|\n|t:|1697649223\n|move|p1a: Shaymin|Earth Power|p2a: Zamazenta\n|-supereffective|p2a: Zamazenta\n|-damage|p2a: Zamazenta|4\/100\n|-unboost|p2a: Zamazenta|spd|1\n|move|p2a: Zamazenta|Agility|p2a: Zamazenta\n|-boost|p2a: Zamazenta|spe|2\n|\n|upkeep\n|turn|5\n|\n|t:|1697649234\n|move|p2a: Zamazenta|Body Press|p1a: Shaymin\n|-resisted|p1a: Shaymin\n|-damage|p1a: Shaymin|0 fnt\n|faint|p1a: Shaymin\n|\n|upkeep\n|\n|t:|1697649245\n|switch|p1a: Zamazenta|Zamazenta-Crowned|100\/100\n|-ability|p1a: Zamazenta|Dauntless Shield|boost\n|-boost|p1a: Zamazenta|def|1\n|turn|6\n|\n|t:|1697649259\n|-terastallize|p1a: Zamazenta|Flying\n|move|p2a: Zamazenta|Body Press|p1a: Zamazenta\n|-resisted|p1a: Zamazenta\n|-damage|p1a: Zamazenta|71\/100\n|move|p1a: Zamazenta|Iron Defense|p1a: Zamazenta\n|-boost|p1a: Zamazenta|def|2\n|\n|upkeep\n|turn|7\n|\n|t:|1697649287\n|move|p2a: Zamazenta|Behemoth Bash|p1a: Zamazenta\n|-damage|p1a: Zamazenta|60\/100\n|move|p1a: Zamazenta|Body Press|p2a: Zamazenta\n|-supereffective|p2a: Zamazenta\n|-damage|p2a: Zamazenta|0 fnt\n|faint|p2a: Zamazenta\n|\n|upkeep\n|inactive|A Thing23 has 270 seconds left.\n|\n|t:|1697649304\n|switch|p2a: Landorus|Landorus, M|100\/100\n|turn|8\n|inactive|A Thing23 has 270 seconds left.\n|\n|t:|1697649313\n|move|p1a: Zamazenta|Body Press|p2a: Landorus\n|-resisted|p2a: Landorus\n|-damage|p2a: Landorus|46\/100\n|move|p2a: Landorus|Psychic|p1a: Zamazenta\n|-damage|p1a: Zamazenta|19\/100\n|\n|upkeep\n|turn|9\n|\n|t:|1697649345\n|move|p1a: Zamazenta|Body Press|p2a: Landorus\n|-resisted|p2a: Landorus\n|-damage|p2a: Landorus|0 fnt\n|faint|p2a: Landorus\n|\n|upkeep\n|inactive|A Thing23 has 270 seconds left.\n|\n|t:|1697649361\n|switch|p2a: Espathra|Espathra, M|100\/100\n|turn|10\n|\n|t:|1697649366\n|move|p2a: Espathra|Protect|p2a: Espathra\n|-singleturn|p2a: Espathra|Protect\n|move|p1a: Zamazenta|Crunch|p2a: Espathra\n|-activate|p2a: Espathra|move: Protect\n|\n|-ability|p2a: Espathra|Speed Boost|boost\n|-boost|p2a: Espathra|spe|1\n|upkeep\n|turn|11\n|\n|t:|1697649380\n|move|p2a: Espathra|Dazzling Gleam|p1a: Zamazenta\n|-damage|p1a: Zamazenta|0 fnt\n|faint|p1a: Zamazenta\n|-damage|p2a: Espathra|91\/100|[from] item: Life Orb\n|\n|-ability|p2a: Espathra|Speed Boost|boost\n|-boost|p2a: Espathra|spe|1\n|upkeep\n|\n|t:|1697649396\n|switch|p1a: Zacian|Zacian|100\/100\n|-ability|p1a: Zacian|Intrepid Sword|boost\n|-boost|p1a: Zacian|atk|1\n|turn|12\n|inactive|A Thing23 has 270 seconds left.\n|\n|t:|1697649418\n|move|p2a: Espathra|Protect|p2a: Espathra\n|-singleturn|p2a: Espathra|Protect\n|move|p1a: Zacian|Play Rough|p2a: Espathra\n|-activate|p2a: Espathra|move: Protect\n|\n|-ability|p2a: Espathra|Speed Boost|boost\n|-boost|p2a: Espathra|spe|1\n|upkeep\n|turn|13\n|\n|t:|1697649424\n|move|p2a: Espathra|Stored Power|p1a: Zacian\n|-damage|p1a: Zacian|53\/100\n|-damage|p2a: Espathra|81\/100|[from] item: Life Orb\n|move|p1a: Zacian|Play Rough|p2a: Espathra\n|-damage|p2a: Espathra|0 fnt\n|faint|p2a: Espathra\n|\n|upkeep\n|\n|t:|1697649432\n|switch|p2a: Ogerpon|Ogerpon-Wellspring, F|100\/100\n|turn|14\n|\n|t:|1697649442\n|move|p1a: Zacian|Play Rough|p2a: Ogerpon|[miss]\n|-miss|p1a: Zacian|p2a: Ogerpon\n|move|p2a: Ogerpon|Ivy Cudgel|p1a: Zacian\n|-damage|p1a: Zacian|0 fnt\n|faint|p1a: Zacian\n|\n|upkeep\n|c|\u2606SenkTheMoth|wait\n|c|\u2606SenkTheMoth|i accidentally didn't give my arceus a nature\n|c|\u2606SenkTheMoth|dang\n|inactive|SenkTheMoth has 270 seconds left.\n|\n|t:|1697649473\n|switch|p1a: Magearna|Magearna|100\/100\n|turn|15\n|\n|t:|1697649481\n|move|p2a: Ogerpon|Swords Dance|p2a: Ogerpon\n|-boost|p2a: Ogerpon|atk|2\n|move|p1a: Magearna|Thunder Wave|p2a: Ogerpon\n|-status|p2a: Ogerpon|par\n|\n|upkeep\n|turn|16\n|\n|t:|1697649488\n|cant|p2a: Ogerpon|par\n|move|p1a: Magearna|Draining Kiss|p2a: Ogerpon\n|-damage|p2a: Ogerpon|77\/100 par\n|\n|upkeep\n|turn|17\n|\n|t:|1697649492\n|cant|p2a: Ogerpon|par\n|move|p1a: Magearna|Draining Kiss|p2a: Ogerpon\n|-damage|p2a: Ogerpon|54\/100 par\n|\n|upkeep\n|turn|18\n|\n|t:|1697649496\n|move|p2a: Ogerpon|Ivy Cudgel|p1a: Magearna\n|-damage|p1a: Magearna|32\/100\n|move|p1a: Magearna|Draining Kiss|p2a: Ogerpon\n|-damage|p2a: Ogerpon|30\/100 par\n|-heal|p1a: Magearna|47\/100|[from] drain|[of] p2a: Ogerpon\n|\n|-heal|p1a: Magearna|53\/100|[from] item: Leftovers\n|upkeep\n|turn|19\n|\n|t:|1697649501\n|cant|p2a: Ogerpon|par\n|move|p1a: Magearna|Draining Kiss|p2a: Ogerpon\n|-damage|p2a: Ogerpon|3\/100 par\n|-heal|p1a: Magearna|70\/100|[from] drain|[of] p2a: Ogerpon\n|\n|-heal|p1a: Magearna|76\/100|[from] item: Leftovers\n|upkeep\n|turn|20\n|\n|t:|1697649504\n|cant|p2a: Ogerpon|par\n|move|p1a: Magearna|Draining Kiss|p2a: Ogerpon\n|-damage|p2a: Ogerpon|0 fnt\n|-heal|p1a: Magearna|77\/100|[from] drain|[of] p2a: Ogerpon\n|faint|p2a: Ogerpon\n|-ability|p1a: Magearna|Soul-Heart|boost\n|-boost|p1a: Magearna|spa|1\n|\n|-heal|p1a: Magearna|83\/100|[from] item: Leftovers\n|upkeep\n|\n|t:|1697649520\n|switch|p2a: Palkia|Palkia-Origin|100\/100\n|-ability|p2a: Palkia|Pressure\n|turn|21\n|\n|t:|1697649529\n|-terastallize|p2a: Palkia|Water\n|move|p2a: Palkia|Surf|p1a: Magearna\n|-damage|p1a: Magearna|2\/100\n|move|p1a: Magearna|Draining Kiss|p2a: Palkia\n|-damage|p2a: Palkia|69\/100\n|-heal|p1a: Magearna|23\/100|[from] drain|[of] p2a: Palkia\n|\n|-heal|p1a: Magearna|29\/100|[from] item: Leftovers\n|upkeep\n|turn|22\n|\n|t:|1697649538\n|move|p2a: Palkia|Flamethrower|p1a: Magearna\n|-supereffective|p1a: Magearna\n|-damage|p1a: Magearna|0 fnt\n|faint|p1a: Magearna\n|\n|upkeep\n|\n|t:|1697649551\n|switch|p1a: Palkia|Palkia-Origin|100\/100\n|-ability|p1a: Palkia|Pressure\n|turn|23\n|\n|t:|1697649556\n|move|p1a: Palkia|Spacial Rend|p2a: Palkia\n|-damage|p2a: Palkia|4\/100\n|move|p2a: Palkia|Spacial Rend|p1a: Palkia\n|-supereffective|p1a: Palkia\n|-damage|p1a: Palkia|0 fnt\n|faint|p1a: Palkia\n|\n|upkeep\n|\n|t:|1697649559\n|switch|p1a: Arceus|Arceus-Ice|100\/100\n|turn|24\n|\n|t:|1697649564\n|move|p1a: Arceus|Thunderbolt|p2a: Palkia\n|-supereffective|p2a: Palkia\n|-damage|p2a: Palkia|0 fnt\n|faint|p2a: Palkia\n|\n|upkeep\n|\n|t:|1697649569\n|switch|p2a: Dragapult|Dragapult, M|100\/100\n|turn|25\n|\n|t:|1697649573\n|move|p2a: Dragapult|Dragon Darts|p1a: Arceus\n|-damage|p1a: Arceus|78\/100\n|-anim|p2a: Dragapult|Dragon Darts|p1a: Arceus\n|-damage|p1a: Arceus|54\/100\n|-damage|p2a: Dragapult|91\/100|[from] item: Life Orb\n|move|p1a: Arceus|Judgment|p2a: Dragapult\n|-supereffective|p2a: Dragapult\n|-damage|p2a: Dragapult|0 fnt\n|faint|p2a: Dragapult\n|\n|win|SenkTheMoth\n|c|\u2606SenkTheMoth|gg\n|c|\u2606A Thing23|gg\n","uploadtime":1697649595,"views":29,"p1id":"senkthemoth","p2id":"athing23","formatid":"gen9ubers","rating":0,"private":0,"password":""}