{"id":"gen9ubers-1978093931","p1":"VigilanteVigoroth","p2":"The8thSamurai","format":"[Gen 9] Ubers","log":"|j|\u2606VigilanteVigoroth\n|j|\u2606The8thSamurai\n|t:|1698498406\n|gametype|singles\n|player|p1|VigilanteVigoroth|#teamvictini|\n|player|p2|The8thSamurai|benga|\n|teamsize|p1|6\n|teamsize|p2|6\n|gen|9\n|tier|[Gen 9] Ubers\n|rule|Sleep Clause Mod: Limit one foe put to sleep\n|rule|Species Clause: Limit one of each Pok\u00e9mon\n|rule|OHKO Clause: OHKO moves are banned\n|rule|Evasion Items Clause: Evasion items are banned\n|rule|Evasion Moves Clause: Evasion moves are banned\n|rule|Endless Battle Clause: Forcing endless battles is banned\n|rule|HP Percentage Mod: HP is shown in percentages\n|clearpoke\n|poke|p1|Basculegion-F, F|\n|poke|p1|Arceus-Grass|\n|poke|p1|Zacian-*|\n|poke|p1|Dondozo, M|\n|poke|p1|Gholdengo|\n|poke|p1|Amoonguss, F|\n|poke|p2|Chi-Yu|\n|poke|p2|Magearna|\n|poke|p2|Giratina|\n|poke|p2|Zacian-*|\n|poke|p2|Shaymin-Sky|\n|poke|p2|Palafin, F|\n|teampreview\n|inactive|Battle timer is ON: inactive players will automatically lose when time's up. (requested by The8thSamurai)\n|c|\u2606VigilanteVigoroth|gl\n|c|\u2606The8thSamurai|gl\n|inactive|VigilanteVigoroth has 270 seconds left.\n|\n|t:|1698498440\n|start\n|switch|p1a: Amoonguss|Amoonguss, F|100\/100\n|switch|p2a: Palafin|Palafin, F, shiny|100\/100\n|turn|1\n|\n|t:|1698498446\n|detailschange|p2a: Palafin|Palafin-Hero, F, shiny\n|switch|p2a: Shaymin|Shaymin-Sky|100\/100\n|move|p1a: Amoonguss|Toxic|p2a: Shaymin\n|-status|p2a: Shaymin|tox\n|\n|-damage|p2a: Shaymin|94\/100 tox|[from] psn\n|upkeep\n|turn|2\n|\n|t:|1698498462\n|switch|p1a: Gholdengo|Gholdengo|100\/100\n|-item|p1a: Gholdengo|Air Balloon\n|move|p2a: Shaymin|Air Slash|p1a: Gholdengo\n|-resisted|p1a: Gholdengo\n|-damage|p1a: Gholdengo|82\/100\n|-enditem|p1a: Gholdengo|Air Balloon\n|\n|-damage|p2a: Shaymin|82\/100 tox|[from] psn\n|upkeep\n|turn|3\n|\n|t:|1698498480\n|switch|p2a: Chi-Yu|Chi-Yu|100\/100\n|-ability|p2a: Chi-Yu|Beads of Ruin\n|move|p1a: Gholdengo|Make It Rain|p2a: Chi-Yu\n|-resisted|p2a: Chi-Yu\n|-damage|p2a: Chi-Yu|58\/100\n|-unboost|p1a: Gholdengo|spa|1\n|\n|upkeep\n|turn|4\n|\n|t:|1698498490\n|move|p2a: Chi-Yu|Overheat|p1a: Gholdengo\n|-supereffective|p1a: Gholdengo\n|-damage|p1a: Gholdengo|0 fnt\n|-unboost|p2a: Chi-Yu|spa|2\n|faint|p1a: Gholdengo\n|\n|upkeep\n|\n|t:|1698498504\n|switch|p1a: Zacian|Zacian|100\/100\n|-ability|p1a: Zacian|Intrepid Sword|boost\n|-boost|p1a: Zacian|atk|1\n|turn|5\n|\n|t:|1698498509\n|switch|p2a: Giratina|Giratina, shiny|100\/100\n|-ability|p2a: Giratina|Pressure\n|move|p1a: Zacian|Swords Dance|p1a: Zacian\n|-boost|p1a: Zacian|atk|2\n|\n|upkeep\n|turn|6\n|\n|t:|1698498516\n|move|p1a: Zacian|Play Rough|p2a: Giratina\n|-supereffective|p2a: Giratina\n|-damage|p2a: Giratina|2\/100\n|move|p2a: Giratina|Will-O-Wisp|p1a: Zacian\n|-status|p1a: Zacian|brn\n|\n|-heal|p2a: Giratina|9\/100|[from] item: Leftovers\n|-damage|p1a: Zacian|94\/100 brn|[from] brn\n|upkeep\n|turn|7\n|\n|t:|1698498525\n|move|p1a: Zacian|Crunch|p2a: Giratina\n|-supereffective|p2a: Giratina\n|-damage|p2a: Giratina|0 fnt\n|faint|p2a: Giratina\n|\n|-damage|p1a: Zacian|88\/100 brn|[from] brn\n|upkeep\n|\n|t:|1698498546\n|switch|p2a: Palafin|Palafin-Hero, F, shiny|100\/100\n|-activate|p2a: Palafin|ability: Zero to Hero\n|turn|8\n|\n|t:|1698498551\n|move|p1a: Zacian|Play Rough|p2a: Palafin\n|-damage|p2a: Palafin|54\/100\n|move|p2a: Palafin|Bulk Up|p2a: Palafin\n|-boost|p2a: Palafin|atk|1\n|-boost|p2a: Palafin|def|1\n|\n|-heal|p2a: Palafin|60\/100|[from] item: Leftovers\n|-damage|p1a: Zacian|82\/100 brn|[from] brn\n|upkeep\n|turn|9\n|\n|t:|1698498562\n|switch|p1a: Dondozo|Dondozo, M|100\/100\n|move|p2a: Palafin|Jet Punch|p1a: Dondozo\n|-resisted|p1a: Dondozo\n|-damage|p1a: Dondozo|94\/100\n|\n|-heal|p2a: Palafin|66\/100|[from] item: Leftovers\n|-heal|p1a: Dondozo|99\/100|[from] item: Leftovers\n|upkeep\n|turn|10\n|\n|t:|1698498574\n|move|p2a: Palafin|Taunt|p1a: Dondozo\n|-start|p1a: Dondozo|move: Taunt\n|move|p1a: Dondozo|Liquidation|p2a: Palafin\n|-resisted|p2a: Palafin\n|-damage|p2a: Palafin|53\/100\n|\n|-heal|p2a: Palafin|59\/100|[from] item: Leftovers\n|-heal|p1a: Dondozo|100\/100|[from] item: Leftovers\n|upkeep\n|turn|11\n|\n|t:|1698498582\n|move|p2a: Palafin|Drain Punch|p1a: Dondozo\n|-damage|p1a: Dondozo|88\/100\n|-heal|p2a: Palafin|67\/100|[from] drain|[of] p1a: Dondozo\n|move|p1a: Dondozo|Earthquake|p2a: Palafin\n|-damage|p2a: Palafin|46\/100\n|\n|-heal|p2a: Palafin|52\/100|[from] item: Leftovers\n|-heal|p1a: Dondozo|94\/100|[from] item: Leftovers\n|upkeep\n|turn|12\n|j| Cw1999\n|\n|t:|1698498597\n|switch|p2a: Magearna|Magearna|100\/100\n|move|p1a: Dondozo|Earthquake|p2a: Magearna\n|-supereffective|p2a: Magearna\n|-damage|p2a: Magearna|61\/100\n|\n|-heal|p1a: Dondozo|99\/100|[from] item: Leftovers\n|-end|p1a: Dondozo|move: Taunt\n|upkeep\n|turn|13\n|\n|t:|1698498608\n|switch|p1a: Amoonguss|Amoonguss, F|100\/100\n|move|p2a: Magearna|Pain Split|p1a: Amoonguss\n|-sethp|p1a: Amoonguss|76\/100|[from] move: Pain Split|[silent]\n|-sethp|p2a: Magearna|90\/100|[from] move: Pain Split\n|\n|-heal|p1a: Amoonguss|82\/100|[from] item: Leftovers\n|upkeep\n|turn|14\n|\n|t:|1698498623\n|switch|p2a: Shaymin|Shaymin-Sky|82\/100 tox\n|switch|p1a: Zacian|Zacian|82\/100 brn\n|\n|-damage|p2a: Shaymin|76\/100 tox|[from] psn\n|-damage|p1a: Zacian|76\/100 brn|[from] brn\n|upkeep\n|turn|15\n|\n|t:|1698498631\n|move|p1a: Zacian|Play Rough|p2a: Shaymin\n|-damage|p2a: Shaymin|48\/100 tox\n|-unboost|p2a: Shaymin|atk|1\n|move|p2a: Shaymin|Seed Flare|p1a: Zacian\n|-damage|p1a: Zacian|24\/100 brn\n|-unboost|p1a: Zacian|spd|2\n|\n|-damage|p2a: Shaymin|35\/100 tox|[from] psn\n|-damage|p1a: Zacian|18\/100 brn|[from] brn\n|upkeep\n|turn|16\n|\n|t:|1698498641\n|switch|p2a: Palafin|Palafin-Hero, F, shiny|52\/100\n|move|p1a: Zacian|Play Rough|p2a: Palafin\n|-damage|p2a: Palafin|33\/100\n|\n|-heal|p2a: Palafin|39\/100|[from] item: Leftovers\n|-damage|p1a: Zacian|12\/100 brn|[from] brn\n|upkeep\n|turn|17\n|\n|t:|1698498646\n|move|p2a: Palafin|Jet Punch|p1a: Zacian\n|-damage|p1a: Zacian|0 fnt\n|faint|p1a: Zacian\n|\n|-heal|p2a: Palafin|45\/100|[from] item: Leftovers\n|upkeep\n|\n|t:|1698498655\n|switch|p1a: Dondozo|Dondozo, M|99\/100\n|turn|18\n|\n|t:|1698498664\n|switch|p2a: Magearna|Magearna|90\/100\n|move|p1a: Dondozo|Earthquake|p2a: Magearna\n|-supereffective|p2a: Magearna\n|-damage|p2a: Magearna|49\/100\n|\n|-heal|p1a: Dondozo|100\/100|[from] item: Leftovers\n|upkeep\n|turn|19\n|\n|t:|1698498673\n|move|p2a: Magearna|Pain Split|p1a: Dondozo\n|-sethp|p1a: Dondozo|68\/100|[from] move: Pain Split|[silent]\n|-sethp|p2a: Magearna|94\/100|[from] move: Pain Split\n|move|p1a: Dondozo|Earthquake|p2a: Magearna\n|-supereffective|p2a: Magearna\n|-damage|p2a: Magearna|57\/100\n|\n|-heal|p1a: Dondozo|74\/100|[from] item: Leftovers\n|upkeep\n|turn|20\n|\n|t:|1698498695\n|move|p2a: Magearna|Pain Split|p1a: Dondozo\n|-sethp|p1a: Dondozo|57\/100|[from] move: Pain Split|[silent]\n|-sethp|p2a: Magearna|79\/100|[from] move: Pain Split\n|move|p1a: Dondozo|Earthquake|p2a: Magearna\n|-supereffective|p2a: Magearna\n|-damage|p2a: Magearna|43\/100\n|\n|-heal|p1a: Dondozo|64\/100|[from] item: Leftovers\n|upkeep\n|turn|21\n|\n|t:|1698498706\n|move|p2a: Magearna|Volt Switch|p1a: Dondozo\n|-supereffective|p1a: Dondozo\n|-damage|p1a: Dondozo|31\/100\n|\n|t:|1698498712\n|switch|p2a: Zacian|Zacian, shiny|100\/100|[from] Volt Switch\n|-ability|p2a: Zacian|Intrepid Sword|boost\n|-boost|p2a: Zacian|atk|1\n|move|p1a: Dondozo|Liquidation|p2a: Zacian\n|-damage|p2a: Zacian|74\/100\n|\n|-heal|p1a: Dondozo|37\/100|[from] item: Leftovers\n|upkeep\n|turn|22\n|\n|t:|1698498722\n|move|p2a: Zacian|Wild Charge|p1a: Dondozo\n|-supereffective|p1a: Dondozo\n|-crit|p1a: Dondozo\n|-damage|p1a: Dondozo|0 fnt\n|faint|p1a: Dondozo\n|-damage|p2a: Zacian|60\/100|[from] Recoil\n|\n|upkeep\n|\n|t:|1698498725\n|switch|p1a: Amoonguss|Amoonguss, F|100\/100\n|turn|23\n|\n|t:|1698498734\n|switch|p2a: Shaymin|Shaymin-Sky|35\/100 tox\n|move|p1a: Amoonguss|Clear Smog|p2a: Shaymin\n|-supereffective|p2a: Shaymin\n|-damage|p2a: Shaymin|0 fnt\n|-clearboost|p2a: Shaymin\n|faint|p2a: Shaymin\n|\n|upkeep\n|\n|t:|1698498744\n|switch|p2a: Chi-Yu|Chi-Yu|58\/100\n|-ability|p2a: Chi-Yu|Beads of Ruin\n|turn|24\n|\n|t:|1698498758\n|-terastallize|p2a: Chi-Yu|Fire\n|-terastallize|p1a: Amoonguss|Water\n|move|p2a: Chi-Yu|Overheat|p1a: Amoonguss\n|-resisted|p1a: Amoonguss\n|-damage|p1a: Amoonguss|40\/100\n|-unboost|p2a: Chi-Yu|spa|2\n|move|p1a: Amoonguss|Spore|p2a: Chi-Yu\n|-status|p2a: Chi-Yu|slp|[from] move: Spore\n|\n|-heal|p1a: Amoonguss|46\/100|[from] item: Leftovers\n|upkeep\n|turn|25\n|\n|t:|1698498770\n|switch|p2a: Magearna|Magearna|43\/100\n|switch|p1a: Basculegion|Basculegion-F, F|100\/100\n|\n|upkeep\n|turn|26\n|\n|t:|1698498775\n|move|p1a: Basculegion|Last Respects|p2a: Magearna\n|-damage|p2a: Magearna|0 fnt\n|faint|p2a: Magearna\n|\n|upkeep\n|\n|t:|1698498781\n|switch|p2a: Zacian|Zacian, shiny|60\/100\n|turn|27\n|\n|t:|1698498788\n|switch|p1a: Amoonguss|Amoonguss, F, tera:Water|79\/100\n|move|p2a: Zacian|Wild Charge|p1a: Amoonguss\n|-supereffective|p1a: Amoonguss\n|-damage|p1a: Amoonguss|0 fnt\n|faint|p1a: Amoonguss\n|-damage|p2a: Zacian|34\/100|[from] Recoil\n|\n|upkeep\n|\n|t:|1698498807\n|switch|p1a: Arceus|Arceus-Grass, shiny|100\/100\n|turn|28\n|\n|t:|1698498811\n|switch|p2a: Chi-Yu|Chi-Yu, tera:Fire|58\/100 slp\n|-ability|p2a: Chi-Yu|Beads of Ruin\n|move|p1a: Arceus|Judgment|p2a: Chi-Yu\n|-resisted|p2a: Chi-Yu\n|-damage|p2a: Chi-Yu|30\/100 slp\n|\n|upkeep\n|turn|29\n|\n|t:|1698498820\n|move|p1a: Arceus|Judgment|p2a: Chi-Yu\n|-resisted|p2a: Chi-Yu\n|-damage|p2a: Chi-Yu|2\/100 slp\n|cant|p2a: Chi-Yu|slp\n|\n|upkeep\n|turn|30\n|\n|t:|1698498823\n|move|p1a: Arceus|Judgment|p2a: Chi-Yu\n|-resisted|p2a: Chi-Yu\n|-damage|p2a: Chi-Yu|0 fnt\n|faint|p2a: Chi-Yu\n|\n|upkeep\n|\n|t:|1698498826\n|switch|p2a: Zacian|Zacian, shiny|34\/100\n|turn|31\n|\n|t:|1698498836\n|move|p2a: Zacian|Play Rough|p1a: Arceus\n|-damage|p1a: Arceus|56\/100\n|move|p1a: Arceus|Judgment|p2a: Zacian\n|-damage|p2a: Zacian|0 fnt\n|faint|p2a: Zacian\n|\n|upkeep\n|\n|t:|1698498841\n|switch|p2a: Palafin|Palafin-Hero, F, shiny|45\/100\n|turn|32\n|c|\u2606The8thSamurai|gg\n|\n|t:|1698498848\n|move|p1a: Arceus|Judgment|p2a: Palafin\n|-supereffective|p2a: Palafin\n|-crit|p2a: Palafin\n|-damage|p2a: Palafin|0 fnt\n|faint|p2a: Palafin\n|\n|win|VigilanteVigoroth\n|c|\u2606VigilanteVigoroth|ggwp\n|l| Cw1999\n|c|\u2606The8thSamurai|Did I at least perform decently against one of the heads of the tournament?\n|c|\u2606VigilanteVigoroth|yea\n|c|\u2606VigilanteVigoroth|def\n|c|\u2606VigilanteVigoroth|couldve lost both games\n|c|\u2606The8thSamurai|Thanks that's good to hear\n|c|\u2606VigilanteVigoroth|gl for ur other games\n|c|\u2606The8thSamurai|Thanks you too\n|l|\u2606VigilanteVigoroth\n","uploadtime":1698498859,"views":20,"p1id":"vigilantevigoroth","p2id":"the8thsamurai","formatid":"gen9ubers","rating":0,"private":0,"password":""}