{"id":"gen9ubers-1974371846","p1":"bowsori","p2":"Theminals","format":"[Gen 9] Ubers","log":"|j|\u2606bowsori\n|j|\u2606Theminals\n|t:|1698081719\n|gametype|singles\n|player|p1|bowsori|ruinmaniac|\n|player|p2|Theminals|depotagent|\n|teamsize|p1|6\n|teamsize|p2|6\n|gen|9\n|tier|[Gen 9] Ubers\n|rule|Sleep Clause Mod: Limit one foe put to sleep\n|rule|Species Clause: Limit one of each Pok\u00e9mon\n|rule|OHKO Clause: OHKO moves are banned\n|rule|Evasion Items Clause: Evasion items are banned\n|rule|Evasion Moves Clause: Evasion moves are banned\n|rule|Endless Battle Clause: Forcing endless battles is banned\n|rule|HP Percentage Mod: HP is shown in percentages\n|clearpoke\n|poke|p1|Landorus, M|\n|poke|p1|Houndstone, M|\n|poke|p1|Magearna|\n|poke|p1|Tyranitar, F|\n|poke|p1|Zacian-*|\n|poke|p1|Arceus-Bug|\n|poke|p2|Magearna|\n|poke|p2|Palkia-Origin|\n|poke|p2|Zacian-*|\n|poke|p2|Arceus-Poison|\n|poke|p2|Cyclizar, M|\n|poke|p2|Urshifu-*, M|\n|teampreview\n|\n|t:|1698081732\n|start\n|switch|p1a: Tyranitar|Tyranitar, F|100\/100\n|switch|p2a: Zacian|Zacian|100\/100\n|-ability|p2a: Zacian|Intrepid Sword|boost\n|-boost|p2a: Zacian|atk|1\n|-weather|Sandstorm|[from] ability: Sand Stream|[of] p1a: Tyranitar\n|turn|1\n|c|\u2606bowsori|glhf\n|\n|t:|1698081744\n|switch|p1a: Arceus Grass|Arceus-Bug|100\/100\n|move|p2a: Zacian|Iron Head|p1a: Arceus Grass\n|-damage|p1a: Arceus Grass|69\/100\n|\n|-weather|Sandstorm|[upkeep]\n|-damage|p2a: Zacian|94\/100|[from] Sandstorm\n|-damage|p1a: Arceus Grass|63\/100|[from] Sandstorm\n|upkeep\n|turn|2\n|\n|t:|1698081753\n|move|p2a: Zacian|Iron Head|p1a: Arceus Grass\n|-damage|p1a: Arceus Grass|33\/100\n|cant|p1a: Arceus Grass|flinch\n|\n|-weather|Sandstorm|[upkeep]\n|-damage|p2a: Zacian|88\/100|[from] Sandstorm\n|-damage|p1a: Arceus Grass|27\/100|[from] Sandstorm\n|upkeep\n|turn|3\n|\n|t:|1698081762\n|move|p2a: Zacian|Iron Head|p1a: Arceus Grass\n|-damage|p1a: Arceus Grass|0 fnt\n|faint|p1a: Arceus Grass\n|\n|-weather|Sandstorm|[upkeep]\n|-damage|p2a: Zacian|82\/100|[from] Sandstorm\n|upkeep\n|\n|t:|1698081800\n|switch|p1a: Magearna|Magearna|100\/100\n|turn|4\n|\n|t:|1698081809\n|move|p2a: Zacian|Iron Head|p1a: Magearna\n|-damage|p1a: Magearna|51\/100\n|move|p1a: Magearna|Thunder Wave|p2a: Zacian|[miss]\n|-miss|p1a: Magearna|p2a: Zacian\n|\n|-weather|Sandstorm|[upkeep]\n|-damage|p2a: Zacian|76\/100|[from] Sandstorm\n|-heal|p1a: Magearna|57\/100|[from] item: Leftovers\n|upkeep\n|turn|5\n|\n|t:|1698081819\n|move|p2a: Zacian|Iron Head|p1a: Magearna\n|-damage|p1a: Magearna|5\/100\n|move|p1a: Magearna|Volt Switch|p2a: Zacian\n|-damage|p2a: Zacian|56\/100\n|\n|t:|1698081826\n|switch|p1a: Zacian|Zacian, shiny|100\/100|[from] Volt Switch\n|-ability|p1a: Zacian|Intrepid Sword|boost\n|-boost|p1a: Zacian|atk|1\n|\n|-weather|Sandstorm|[upkeep]\n|-damage|p2a: Zacian|50\/100|[from] Sandstorm\n|-damage|p1a: Zacian|94\/100|[from] Sandstorm\n|upkeep\n|turn|6\n|\n|t:|1698081835\n|move|p2a: Zacian|Iron Head|p1a: Zacian\n|-supereffective|p1a: Zacian\n|-crit|p1a: Zacian\n|-damage|p1a: Zacian|0 fnt\n|faint|p1a: Zacian\n|\n|-weather|Sandstorm|[upkeep]\n|-damage|p2a: Zacian|44\/100|[from] Sandstorm\n|upkeep\n|c|\u2606Theminals|sorry\n|c|\u2606bowsori|what the hell\n|\n|t:|1698081848\n|switch|p1a: Magearna|Magearna|5\/100\n|turn|7\n|\n|t:|1698081852\n|move|p2a: Zacian|Iron Head|p1a: Magearna\n|-damage|p1a: Magearna|0 fnt\n|faint|p1a: Magearna\n|\n|-weather|Sandstorm|[upkeep]\n|-damage|p2a: Zacian|38\/100|[from] Sandstorm\n|upkeep\n|\n|t:|1698081860\n|switch|p1a: Houndstone|Houndstone, M|100\/100\n|turn|8\n|\n|t:|1698081862\n|move|p1a: Houndstone|Play Rough|p2a: Zacian\n|-damage|p2a: Zacian|0 fnt\n|faint|p2a: Zacian\n|\n|-weather|none\n|upkeep\n|\n|t:|1698081866\n|switch|p2a: Urshifu|Urshifu, M|100\/100\n|turn|9\n|\n|t:|1698081874\n|switch|p1a: Tyranitar|Tyranitar, F|100\/100\n|-weather|Sandstorm|[from] ability: Sand Stream|[of] p1a: Tyranitar\n|move|p2a: Urshifu|Wicked Blow|p1a: Tyranitar\n|-resisted|p1a: Tyranitar\n|-crit|p1a: Tyranitar\n|-damage|p1a: Tyranitar|69\/100\n|-damage|p2a: Urshifu|91\/100|[from] item: Life Orb\n|\n|-weather|Sandstorm|[upkeep]\n|-damage|p2a: Urshifu|84\/100|[from] Sandstorm\n|upkeep\n|turn|10\n|\n|t:|1698081886\n|move|p2a: Urshifu|Close Combat|p1a: Tyranitar\n|-supereffective|p1a: Tyranitar\n|-damage|p1a: Tyranitar|0 fnt\n|-unboost|p2a: Urshifu|def|1\n|-unboost|p2a: Urshifu|spd|1\n|faint|p1a: Tyranitar\n|-damage|p2a: Urshifu|74\/100|[from] item: Life Orb\n|\n|-weather|Sandstorm|[upkeep]\n|-damage|p2a: Urshifu|68\/100|[from] Sandstorm\n|upkeep\n|\n|t:|1698081895\n|switch|p1a: Houndstone|Houndstone, M|100\/100\n|turn|11\n|\n|t:|1698081907\n|move|p2a: Urshifu|Sucker Punch|p1a: Houndstone\n|-supereffective|p1a: Houndstone\n|-damage|p1a: Houndstone|0 fnt\n|faint|p1a: Houndstone\n|-damage|p2a: Urshifu|58\/100|[from] item: Life Orb\n|\n|-weather|Sandstorm|[upkeep]\n|-damage|p2a: Urshifu|52\/100|[from] Sandstorm\n|upkeep\n|\n|t:|1698081913\n|switch|p1a: Landorus|Landorus, M|100\/100\n|turn|12\n|\n|t:|1698081921\n|move|p2a: Urshifu|Sucker Punch|p1a: Landorus\n|-damage|p1a: Landorus|43\/100\n|-damage|p2a: Urshifu|42\/100|[from] item: Life Orb\n|move|p1a: Landorus|Focus Blast|p2a: Urshifu\n|-supereffective|p2a: Urshifu\n|-damage|p2a: Urshifu|0 fnt\n|faint|p2a: Urshifu\n|\n|-weather|Sandstorm|[upkeep]\n|upkeep\n|\n|t:|1698081933\n|switch|p2a: Palkia|Palkia-Origin|100\/100\n|-ability|p2a: Palkia|Pressure\n|turn|13\n|\n|t:|1698081939\n|-terastallize|p1a: Landorus|Ground\n|move|p2a: Palkia|Spacial Rend|p1a: Landorus\n|-damage|p1a: Landorus|0 fnt\n|faint|p1a: Landorus\n|\n|win|Theminals\n|c|\u2606bowsori|welp\n|c|\u2606Theminals|gg\n|c|\u2606bowsori|gg\n","uploadtime":1698081948,"views":43,"p1id":"bowsori","p2id":"theminals","formatid":"gen9ubers","rating":0,"private":0,"password":""}