{"id":"gen9ubers-1993346995","p1":"LatvianCow","p2":"torttin","format":"[Gen 9] Ubers","log":"|j|\u2606LatvianCow\n|j|\u2606torttin\n|t:|1700303153\n|gametype|singles\n|player|p1|LatvianCow|whitney|1133\n|player|p2|torttin|waiter-gen4|1023\n|teamsize|p1|6\n|teamsize|p2|6\n|gen|9\n|tier|[Gen 9] Ubers\n|rated|\n|rule|Sleep Clause Mod: Limit one foe put to sleep\n|rule|Species Clause: Limit one of each Pok\u00e9mon\n|rule|OHKO Clause: OHKO moves are banned\n|rule|Evasion Items Clause: Evasion items are banned\n|rule|Evasion Moves Clause: Evasion moves are banned\n|rule|Endless Battle Clause: Forcing endless battles is banned\n|rule|HP Percentage Mod: HP is shown in percentages\n|clearpoke\n|poke|p1|Revavroom, F|\n|poke|p1|Hariyama, M|\n|poke|p1|Gengar, F|\n|poke|p1|Slowking, M|\n|poke|p1|Pincurchin, M|\n|poke|p1|Moltres-Galar|\n|poke|p2|Landorus, M|\n|poke|p2|Toxapex, M|\n|poke|p2|Breloom, F|\n|poke|p2|Urshifu-*, M|\n|poke|p2|Flutter Mane|\n|poke|p2|Garganacl, M|\n|teampreview\n|inactive|Battle timer is ON: inactive players will automatically lose when time's up. (requested by LatvianCow)\n|\n|t:|1700303160\n|start\n|switch|p1a: Revavroom|Revavroom, F|100\/100\n|switch|p2a: Erch|Toxapex, M|100\/100\n|-item|p1a: Revavroom|Air Balloon\n|turn|1\n|\n|t:|1700303178\n|move|p1a: Revavroom|Parting Shot|p2a: Erch\n|-unboost|p2a: Erch|atk|1\n|-unboost|p2a: Erch|spa|1\n|inactive|LatvianCow has 120 seconds left.\n|\n|t:|1700303199\n|switch|p1a: Gengar|Gengar, F|100\/100|[from] Parting Shot\n|move|p2a: Erch|Toxic Spikes|p1a: Gengar\n|-sidestart|p1: LatvianCow|move: Toxic Spikes\n|\n|upkeep\n|turn|2\n|inactive|LatvianCow has 120 seconds left.\n|\n|t:|1700303223\n|move|p2a: Erch|Baneful Bunker|p2a: Erch\n|-singleturn|p2a: Erch|move: Protect\n|move|p1a: Gengar|Trick Room|p1a: Gengar\n|-fieldstart|move: Trick Room|[of] p1a: Gengar\n|\n|upkeep\n|turn|3\n|inactive|LatvianCow has 120 seconds left.\n|\n|t:|1700303236\n|switch|p1a: Revavroom|Revavroom, F|100\/100\n|-item|p1a: Revavroom|Air Balloon\n|move|p2a: Erch|Lunge|p1a: Revavroom\n|-resisted|p1a: Revavroom\n|-damage|p1a: Revavroom|99\/100\n|-unboost|p1a: Revavroom|atk|1\n|-enditem|p1a: Revavroom|Air Balloon\n|\n|upkeep\n|turn|4\n|j| points_nd\n|inactive|LatvianCow has 120 seconds left.\n|\n|t:|1700303253\n|switch|p2a: Lando|Landorus, M|100\/100\n|move|p1a: Revavroom|Thief|p2a: Lando\n|-damage|p2a: Lando|87\/100\n|-enditem|p2a: Lando|Assault Vest|[silent]|[from] move: Thief|[of] p1a: Revavroom\n|-item|p1a: Revavroom|Assault Vest|[from] move: Thief|[of] p2a: Lando\n|\n|upkeep\n|turn|5\n|inactive|LatvianCow has 120 seconds left.\n|\n|t:|1700303273\n|switch|p1a: Gengar|Gengar, F|100\/100\n|-sideend|p1: LatvianCow|move: Toxic Spikes|[of] p1a: Gengar\n|move|p2a: Lando|Earthquake|p1a: Gengar\n|-supereffective|p1a: Gengar\n|-damage|p1a: Gengar|0 fnt\n|-start|p2a: Lando|Disable|Earthquake|[from] ability: Cursed Body|[of] p1a: Gengar\n|faint|p1a: Gengar\n|\n|upkeep\n|\n|t:|1700303281\n|switch|p1a: Slowking|Slowking, M|100\/100\n|turn|6\n|\n|t:|1700303290\n|move|p1a: Slowking|Focus Blast|p2a: Lando\n|-resisted|p2a: Lando\n|-damage|p2a: Lando|70\/100\n|move|p2a: Lando|Crunch|p1a: Slowking\n|-supereffective|p1a: Slowking\n|-crit|p1a: Slowking\n|-damage|p1a: Slowking|35\/100\n|\n|-fieldend|move: Trick Room\n|upkeep\n|turn|7\n|inactive|LatvianCow has 120 seconds left.\n|\n|t:|1700303317\n|switch|p1a: Pincurchin|Pincurchin, M|100\/100\n|-fieldstart|move: Electric Terrain|[from] ability: Electric Surge|[of] p1a: Pincurchin\n|move|p2a: Lando|U-turn|p1a: Pincurchin\n|-damage|p1a: Pincurchin|68\/100\n|\n|t:|1700303328\n|switch|p2a: Salz|Garganacl, M|100\/100|[from] U-turn\n|\n|upkeep\n|turn|8\n|\n|t:|1700303338\n|-terastallize|p1a: Pincurchin|Water\n|move|p2a: Salz|Stealth Rock|p1a: Pincurchin\n|-sidestart|p1: LatvianCow|move: Stealth Rock\n|move|p1a: Pincurchin|Surf|p2a: Salz\n|-supereffective|p2a: Salz\n|-damage|p2a: Salz|0 fnt\n|faint|p2a: Salz\n|\n|upkeep\n|\n|t:|1700303350\n|switch|p2a: Brit bear|Urshifu-Rapid-Strike, M|100\/100\n|turn|9\n|j| Hacker x8\n|l| Hacker x8\n|\n|t:|1700303368\n|switch|p1a: Slowking|Slowking, M|69\/100\n|-damage|p1a: Slowking|56\/100|[from] Stealth Rock\n|move|p2a: Brit bear|Close Combat|p1a: Slowking\n|-resisted|p1a: Slowking\n|-damage|p1a: Slowking|26\/100\n|-unboost|p2a: Brit bear|def|1\n|-unboost|p2a: Brit bear|spd|1\n|\n|upkeep\n|turn|10\n|\n|t:|1700303388\n|move|p2a: Brit bear|U-turn|p1a: Slowking\n|-supereffective|p1a: Slowking\n|-damage|p1a: Slowking|0 fnt\n|faint|p1a: Slowking\n|\n|t:|1700303393\n|switch|p2a: Spooks|Flutter Mane, shiny|100\/100|[from] U-turn\n|\n|upkeep\n|\n|t:|1700303404\n|switch|p1a: Moltres|Moltres-Galar|100\/100\n|-damage|p1a: Moltres|76\/100|[from] Stealth Rock\n|turn|11\n|\n|t:|1700303427\n|move|p1a: Moltres|Protect|p1a: Moltres\n|-singleturn|p1a: Moltres|Protect\n|move|p2a: Spooks|Moonblast|p1a: Moltres\n|-activate|p1a: Moltres|move: Protect\n|\n|-fieldend|move: Electric Terrain\n|upkeep\n|turn|12\n|\n|t:|1700303436\n|move|p2a: Spooks|Moonblast|p1a: Moltres\n|-supereffective|p1a: Moltres\n|-damage|p1a: Moltres|0 fnt\n|faint|p1a: Moltres\n|\n|upkeep\n|inactive|LatvianCow has 90 seconds left.\n|\n|t:|1700303458\n|switch|p1a: Hariyama|Hariyama, M|100\/100\n|-damage|p1a: Hariyama|94\/100|[from] Stealth Rock\n|turn|13\n|inactive|LatvianCow has 90 seconds left.\n|\n|t:|1700303474\n|move|p2a: Spooks|Moonblast|p1a: Hariyama\n|-supereffective|p1a: Hariyama\n|-damage|p1a: Hariyama|0 fnt\n|faint|p1a: Hariyama\n|\n|upkeep\n|\n|t:|1700303481\n|switch|p1a: Revavroom|Revavroom, F|99\/100\n|-damage|p1a: Revavroom|93\/100|[from] Stealth Rock\n|turn|14\n|\n|t:|1700303488\n|move|p2a: Spooks|Mystical Fire|p1a: Revavroom\n|-supereffective|p1a: Revavroom\n|-damage|p1a: Revavroom|57\/100\n|-unboost|p1a: Revavroom|spa|1\n|move|p1a: Revavroom|High Horsepower|p2a: Spooks\n|-damage|p2a: Spooks|43\/100\n|\n|upkeep\n|turn|15\n|\n|t:|1700303500\n|move|p2a: Spooks|Mystical Fire|p1a: Revavroom\n|-supereffective|p1a: Revavroom\n|-damage|p1a: Revavroom|19\/100\n|-unboost|p1a: Revavroom|spa|1\n|move|p1a: Revavroom|High Horsepower|p2a: Spooks\n|-damage|p2a: Spooks|0 fnt\n|faint|p2a: Spooks\n|-end|p2a: Spooks|Protosynthesis|[silent]\n|\n|upkeep\n|\n|t:|1700303510\n|switch|p2a: Brit bear|Urshifu-Rapid-Strike, M|100\/100\n|turn|16\n|\n|t:|1700303516\n|switch|p1a: Pincurchin|Pincurchin, M, tera:Water|68\/100\n|-damage|p1a: Pincurchin|56\/100|[from] Stealth Rock\n|-fieldstart|move: Electric Terrain|[from] ability: Electric Surge|[of] p1a: Pincurchin\n|move|p2a: Brit bear|Drain Punch|p1a: Pincurchin\n|-damage|p1a: Pincurchin|0 fnt\n|faint|p1a: Pincurchin\n|\n|upkeep\n|\n|t:|1700303524\n|switch|p1a: Revavroom|Revavroom, F|19\/100\n|-damage|p1a: Revavroom|13\/100|[from] Stealth Rock\n|turn|17\n|\n|t:|1700303531\n|move|p2a: Brit bear|Drain Punch|p1a: Revavroom\n|-damage|p1a: Revavroom|0 fnt\n|faint|p1a: Revavroom\n|\n|win|torttin\n|raw|LatvianCow's rating: 1133 &rarr; <strong>1100<\/strong><br \/>(-33 for losing)\n|raw|torttin's rating: 1023 &rarr; <strong>1071<\/strong><br \/>(+48 for winning)\n|l|\u2606LatvianCow\n","uploadtime":1700303546,"views":14,"p1id":"latviancow","p2id":"torttin","formatid":"gen9ubers","rating":1071,"private":0,"password":""}