{"id":"gen9ubers-1979955577","p1":"Slopandslimeher","p2":"Bananas0","format":"[Gen 9] Ubers","log":"|j|\u2606Slopandslimeher\n|j|\u2606Bananas0\n|t:|1698736499\n|gametype|singles\n|player|p1|Slopandslimeher|scientist|1000\n|player|p2|Bananas0|cyrus|1032\n|teamsize|p1|6\n|teamsize|p2|6\n|gen|9\n|tier|[Gen 9] Ubers\n|rated|\n|rule|Sleep Clause Mod: Limit one foe put to sleep\n|rule|Species Clause: Limit one of each Pok\u00e9mon\n|rule|OHKO Clause: OHKO moves are banned\n|rule|Evasion Items Clause: Evasion items are banned\n|rule|Evasion Moves Clause: Evasion moves are banned\n|rule|Endless Battle Clause: Forcing endless battles is banned\n|rule|HP Percentage Mod: HP is shown in percentages\n|clearpoke\n|poke|p1|Gallade, M|\n|poke|p1|Samurott-Hisui, F|\n|poke|p1|Greninja-*, M|\n|poke|p1|Espeon, F|\n|poke|p1|Scizor, F|\n|poke|p1|Salamence, F|\n|poke|p2|Ogerpon-Hearthflame, F|\n|poke|p2|Annihilape, F|\n|poke|p2|Chien-Pao|\n|poke|p2|Urshifu-*, M|\n|poke|p2|Flutter Mane|\n|poke|p2|Calyrex-Ice|\n|teampreview\n|c|\u2606Bananas0|hf\n|c|\u2606Slopandslimeher|Whoops meant to click ou\n|\n|t:|1698736526\n|start\n|switch|p1a: Greninja|Greninja, M|100\/100\n|switch|p2a: Ogerpon|Ogerpon-Hearthflame, F|100\/100\n|-ability|p2a: Ogerpon|Mold Breaker\n|turn|1\n|\n|t:|1698736537\n|move|p1a: Greninja|U-turn|p2a: Ogerpon\n|-start|p1a: Greninja|typechange|Bug|[from] ability: Protean\n|-damage|p2a: Ogerpon|61\/100\n|\n|t:|1698736549\n|switch|p1a: Salamence|Salamence, F|100\/100|[from] U-turn\n|move|p2a: Ogerpon|Horn Leech|p1a: Salamence\n|-resisted|p1a: Salamence\n|-damage|p1a: Salamence|87\/100\n|-heal|p2a: Ogerpon|69\/100|[from] drain|[of] p1a: Salamence\n|\n|upkeep\n|turn|2\n|\n|t:|1698736559\n|switch|p2a: Calyrex|Calyrex-Ice|100\/100\n|-ability|p2a: Calyrex|As One\n|-ability|p2a: Calyrex|Unnerve\n|-terastallize|p1a: Salamence|Fire\n|move|p1a: Salamence|Dragon Dance|p1a: Salamence\n|-boost|p1a: Salamence|atk|1\n|-boost|p1a: Salamence|spe|1\n|\n|upkeep\n|turn|3\n|\n|t:|1698736572\n|move|p1a: Salamence|Tera Blast|p2a: Calyrex|[anim] Tera Blast Fire\n|-supereffective|p2a: Calyrex\n|-damage|p2a: Calyrex|17\/100\n|-enditem|p2a: Calyrex|Weakness Policy\n|-boost|p2a: Calyrex|atk|2|[from] item: Weakness Policy\n|-boost|p2a: Calyrex|spa|2|[from] item: Weakness Policy\n|move|p2a: Calyrex|Glacial Lance|p1a: Salamence\n|-resisted|p1a: Salamence\n|-damage|p1a: Salamence|0 fnt\n|faint|p1a: Salamence\n|-ability|p2a: Calyrex|Chilling Neigh|boost\n|-boost|p2a: Calyrex|atk|1\n|\n|upkeep\n|\n|t:|1698736580\n|switch|p1a: Greninja|Greninja, M|100\/100\n|turn|4\n|\n|t:|1698736586\n|-terastallize|p2a: Calyrex|Fairy\n|move|p1a: Greninja|U-turn|p2a: Calyrex\n|-start|p1a: Greninja|typechange|Bug|[from] ability: Protean\n|-resisted|p2a: Calyrex\n|-damage|p2a: Calyrex|8\/100\n|\n|t:|1698736593\n|switch|p1a: Scizor|Scizor, F|100\/100|[from] U-turn\n|move|p2a: Calyrex|Seed Bomb|p1a: Scizor\n|-resisted|p1a: Scizor\n|-damage|p1a: Scizor|77\/100\n|\n|upkeep\n|turn|5\n|\n|t:|1698736600\n|move|p1a: Scizor|U-turn|p2a: Calyrex\n|-resisted|p2a: Calyrex\n|-damage|p2a: Calyrex|0 fnt\n|faint|p2a: Calyrex\n|\n|t:|1698736609\n|switch|p1a: Greninja|Greninja, M|100\/100|[from] U-turn\n|\n|upkeep\n|\n|t:|1698736613\n|switch|p2a: Ogerpon|Ogerpon-Hearthflame, F|69\/100\n|-ability|p2a: Ogerpon|Mold Breaker\n|turn|6\n|\n|t:|1698736618\n|move|p1a: Greninja|Gunk Shot|p2a: Ogerpon\n|-start|p1a: Greninja|typechange|Poison|[from] ability: Protean\n|-supereffective|p2a: Ogerpon\n|-damage|p2a: Ogerpon|0 fnt\n|faint|p2a: Ogerpon\n|\n|upkeep\n|inactive|Battle timer is ON: inactive players will automatically lose when time's up. (requested by Slopandslimeher)\n|\n|t:|1698736629\n|switch|p2a: Chien-Pao|Chien-Pao|100\/100\n|-ability|p2a: Chien-Pao|Sword of Ruin\n|turn|7\n|\n|t:|1698736639\n|move|p1a: Greninja|Gunk Shot|p2a: Chien-Pao\n|-damage|p2a: Chien-Pao|35\/100\n|move|p2a: Chien-Pao|Dark Pulse|p1a: Greninja\n|-damage|p1a: Greninja|48\/100\n|\n|-heal|p2a: Chien-Pao|41\/100|[from] item: Leftovers\n|upkeep\n|turn|8\n|-message|Bananas0 forfeited.\n|\n|win|Slopandslimeher\n|raw|Slopandslimeher's rating: 1000 &rarr; <strong>1044<\/strong><br \/>(+44 for winning)\n|raw|Bananas0's rating: 1032 &rarr; <strong>1016<\/strong><br \/>(-16 for losing)\n|l|\u2606Bananas0\n","uploadtime":1698736653,"views":18,"p1id":"slopandslimeher","p2id":"bananas0","formatid":"gen9ubers","rating":1016,"private":0,"password":""}