{"id":"gen9ubers-1983512784","p1":"CodenameCAT","p2":"Akro Agency","format":"[Gen 9] Ubers","log":"|j|\u2606CodenameCAT\n|j|\u2606Akro Agency\n|t:|1699138222\n|gametype|singles\n|player|p1|CodenameCAT|cogita|\n|player|p2|Akro Agency|caitlin|\n|teamsize|p1|6\n|teamsize|p2|6\n|gen|9\n|tier|[Gen 9] Ubers\n|rule|Sleep Clause Mod: Limit one foe put to sleep\n|rule|Species Clause: Limit one of each Pok\u00e9mon\n|rule|OHKO Clause: OHKO moves are banned\n|rule|Evasion Items Clause: Evasion items are banned\n|rule|Evasion Moves Clause: Evasion moves are banned\n|rule|Endless Battle Clause: Forcing endless battles is banned\n|rule|HP Percentage Mod: HP is shown in percentages\n|clearpoke\n|poke|p1|Magearna|\n|poke|p1|Ursaluna, F|\n|poke|p1|Dialga-Origin|\n|poke|p1|Hatterene, F|\n|poke|p1|Arceus-Fighting|\n|poke|p1|Basculegion-F, F|\n|poke|p2|Grimmsnarl, M|\n|poke|p2|Espathra, F|\n|poke|p2|Zacian-*|\n|poke|p2|Dragonite, M|\n|poke|p2|Maushold|\n|poke|p2|Magearna|\n|teampreview\n|inactive|Battle timer is ON: inactive players will automatically lose when time's up. (requested by CodenameCAT)\n|c|\u2606CodenameCAT|glhf\n|\n|t:|1699138233\n|start\n|switch|p1a: Hatterene|Hatterene, F|100\/100\n|switch|p2a: Mauscarriage|Maushold|100\/100\n|turn|1\n|\n|t:|1699138243\n|switch|p1a: Magearna|Magearna|100\/100\n|move|p2a: Mauscarriage|Population Bomb|p1a: Magearna\n|-resisted|p1a: Magearna\n|-damage|p1a: Magearna|97\/100\n|-resisted|p1a: Magearna\n|-damage|p1a: Magearna|94\/100\n|-resisted|p1a: Magearna\n|-damage|p1a: Magearna|90\/100\n|-resisted|p1a: Magearna\n|-damage|p1a: Magearna|87\/100\n|-resisted|p1a: Magearna\n|-damage|p1a: Magearna|83\/100\n|-resisted|p1a: Magearna\n|-crit|p1a: Magearna\n|-damage|p1a: Magearna|79\/100\n|-resisted|p1a: Magearna\n|-damage|p1a: Magearna|75\/100\n|-resisted|p1a: Magearna\n|-damage|p1a: Magearna|72\/100\n|-resisted|p1a: Magearna\n|-damage|p1a: Magearna|68\/100\n|-resisted|p1a: Magearna\n|-damage|p1a: Magearna|65\/100\n|-hitcount|p1a: Magearna|10\n|\n|-heal|p1a: Magearna|71\/100|[from] item: Leftovers\n|upkeep\n|turn|2\n|c|\u2606Akro Agency|Glhf\n|inactive|Akro Agency has 270 seconds left.\n|\n|t:|1699138278\n|move|p2a: Mauscarriage|Taunt|p1a: Magearna\n|-start|p1a: Magearna|move: Taunt\n|cant|p1a: Magearna|move: Taunt|Trick Room\n|\n|-heal|p1a: Magearna|77\/100|[from] item: Leftovers\n|upkeep\n|turn|3\n|inactive|Akro Agency has 270 seconds left.\n|\n|t:|1699138297\n|switch|p2a: Cartman Poker Face|Espathra, F|100\/100\n|move|p1a: Magearna|Fleur Cannon|p2a: Cartman Poker Face\n|-damage|p2a: Cartman Poker Face|21\/100\n|-unboost|p1a: Magearna|spa|2\n|\n|-heal|p2a: Cartman Poker Face|27\/100|[from] item: Leftovers\n|-heal|p1a: Magearna|83\/100|[from] item: Leftovers\n|upkeep\n|turn|4\n|inactive|Akro Agency has 270 seconds left.\n|\n|t:|1699138312\n|move|p2a: Cartman Poker Face|Protect|p2a: Cartman Poker Face\n|-singleturn|p2a: Cartman Poker Face|Protect\n|move|p1a: Magearna|Fleur Cannon|p2a: Cartman Poker Face\n|-activate|p2a: Cartman Poker Face|move: Protect\n|\n|-heal|p2a: Cartman Poker Face|33\/100|[from] item: Leftovers\n|-heal|p1a: Magearna|89\/100|[from] item: Leftovers\n|-end|p1a: Magearna|move: Taunt\n|-ability|p2a: Cartman Poker Face|Speed Boost|boost\n|-boost|p2a: Cartman Poker Face|spe|1\n|upkeep\n|turn|5\n|inactive|Akro Agency has 270 seconds left.\n|\n|t:|1699138327\n|move|p2a: Cartman Poker Face|Calm Mind|p2a: Cartman Poker Face\n|-boost|p2a: Cartman Poker Face|spa|1\n|-boost|p2a: Cartman Poker Face|spd|1\n|move|p1a: Magearna|Fleur Cannon|p2a: Cartman Poker Face\n|-damage|p2a: Cartman Poker Face|8\/100\n|-unboost|p1a: Magearna|spa|2\n|\n|-heal|p2a: Cartman Poker Face|14\/100|[from] item: Leftovers\n|-heal|p1a: Magearna|95\/100|[from] item: Leftovers\n|-ability|p2a: Cartman Poker Face|Speed Boost|boost\n|-boost|p2a: Cartman Poker Face|spe|1\n|upkeep\n|turn|6\n|inactive|Akro Agency has 270 seconds left.\n|\n|t:|1699138354\n|move|p2a: Cartman Poker Face|Protect|p2a: Cartman Poker Face\n|-singleturn|p2a: Cartman Poker Face|Protect\n|move|p1a: Magearna|Trick Room|p1a: Magearna\n|-fieldstart|move: Trick Room|[of] p1a: Magearna\n|\n|-heal|p1a: Magearna|100\/100|[from] item: Leftovers\n|-heal|p2a: Cartman Poker Face|20\/100|[from] item: Leftovers\n|-ability|p2a: Cartman Poker Face|Speed Boost|boost\n|-boost|p2a: Cartman Poker Face|spe|1\n|upkeep\n|turn|7\n|l|\u2606CodenameCAT\n|inactive|CodenameCAT disconnected and has 300 seconds to reconnect!\n|player|p1|\n|j|\u2606CodenameCAT\n|inactive|CodenameCAT reconnected and has 290 seconds left.\n|player|p1|CodenameCAT|cogita\n|\n|t:|1699138379\n|move|p1a: Magearna|Volt Switch|p2a: Cartman Poker Face\n|-damage|p2a: Cartman Poker Face|14\/100\n|\n|t:|1699138383\n|switch|p1a: Ursaluna|Ursaluna, F|100\/100|[from] Volt Switch\n|move|p2a: Cartman Poker Face|Stored Power|p1a: Ursaluna\n|-damage|p1a: Ursaluna|47\/100\n|\n|-heal|p2a: Cartman Poker Face|20\/100|[from] item: Leftovers\n|-status|p1a: Ursaluna|brn|[from] item: Flame Orb\n|-ability|p2a: Cartman Poker Face|Speed Boost|boost\n|-boost|p2a: Cartman Poker Face|spe|1\n|upkeep\n|turn|8\n|\n|t:|1699138394\n|move|p2a: Cartman Poker Face|Protect|p2a: Cartman Poker Face\n|-singleturn|p2a: Cartman Poker Face|Protect\n|move|p1a: Ursaluna|Facade|p2a: Cartman Poker Face\n|-activate|p2a: Cartman Poker Face|move: Protect\n|\n|-heal|p2a: Cartman Poker Face|26\/100|[from] item: Leftovers\n|-damage|p1a: Ursaluna|40\/100 brn|[from] brn\n|-ability|p2a: Cartman Poker Face|Speed Boost|boost\n|-boost|p2a: Cartman Poker Face|spe|1\n|upkeep\n|turn|9\n|\n|t:|1699138411\n|move|p2a: Cartman Poker Face|Protect|p2a: Cartman Poker Face\n|-singleturn|p2a: Cartman Poker Face|Protect\n|move|p1a: Ursaluna|Facade|p2a: Cartman Poker Face\n|-activate|p2a: Cartman Poker Face|move: Protect\n|\n|-heal|p2a: Cartman Poker Face|32\/100|[from] item: Leftovers\n|-damage|p1a: Ursaluna|34\/100 brn|[from] brn\n|-ability|p2a: Cartman Poker Face|Speed Boost|boost\n|-boost|p2a: Cartman Poker Face|spe|1\n|upkeep\n|turn|10\n|j| incredibleking\n|j| 1P1o1s1h1e1\n|\n|t:|1699138424\n|move|p2a: Cartman Poker Face|Protect||[still]\n|-fail|p2a: Cartman Poker Face\n|move|p1a: Ursaluna|Facade|p2a: Cartman Poker Face\n|-damage|p2a: Cartman Poker Face|0 fnt\n|faint|p2a: Cartman Poker Face\n|\n|-damage|p1a: Ursaluna|28\/100 brn|[from] brn\n|-fieldend|move: Trick Room\n|upkeep\n|inactive|Akro Agency has 240 seconds left.\n|\n|t:|1699138450\n|switch|p2a: literal bot|Magearna|100\/100\n|turn|11\n|\n|t:|1699138459\n|move|p2a: literal bot|Flash Cannon|p1a: Ursaluna\n|-damage|p1a: Ursaluna|0 fnt\n|faint|p1a: Ursaluna\n|-ability|p2a: literal bot|Soul-Heart|boost\n|-boost|p2a: literal bot|spa|1\n|\n|upkeep\n|\n|t:|1699138467\n|switch|p1a: Dialga|Dialga-Origin|100\/100\n|-ability|p1a: Dialga|Pressure\n|turn|12\n|inactive|Akro Agency has 240 seconds left.\n|\n|t:|1699138501\n|move|p2a: literal bot|Flash Cannon|p1a: Dialga\n|-resisted|p1a: Dialga\n|-damage|p1a: Dialga|65\/100\n|move|p1a: Dialga|Stealth Rock|p2a: literal bot\n|-sidestart|p2: Akro Agency|move: Stealth Rock\n|\n|upkeep\n|turn|13\n|\n|t:|1699138507\n|switch|p2a: RAP DEVIL|Grimmsnarl, M|100\/100\n|-damage|p2a: RAP DEVIL|88\/100|[from] Stealth Rock\n|move|p1a: Dialga|Fire Blast|p2a: RAP DEVIL|[miss]\n|-miss|p1a: Dialga|p2a: RAP DEVIL\n|\n|upkeep\n|turn|14\n|\n|t:|1699138518\n|switch|p1a: Magearna|Magearna|100\/100\n|move|p2a: RAP DEVIL|Light Screen|p2a: RAP DEVIL\n|-sidestart|p2: Akro Agency|move: Light Screen\n|\n|upkeep\n|turn|15\n|\n|t:|1699138536\n|move|p2a: RAP DEVIL|Parting Shot|p1a: Magearna\n|-unboost|p1a: Magearna|atk|1\n|-unboost|p1a: Magearna|spa|1\n|\n|t:|1699138539\n|switch|p2a: PandaExpressMeat|Zacian|100\/100|[from] Parting Shot\n|-ability|p2a: PandaExpressMeat|Intrepid Sword|boost\n|-boost|p2a: PandaExpressMeat|atk|1\n|move|p1a: Magearna|Spikes|p2a: PandaExpressMeat\n|-sidestart|p2: Akro Agency|Spikes\n|\n|upkeep\n|turn|16\n|\n|t:|1699138552\n|-terastallize|p2a: PandaExpressMeat|Fire\n|move|p2a: PandaExpressMeat|Swords Dance|p2a: PandaExpressMeat\n|-boost|p2a: PandaExpressMeat|atk|2\n|move|p1a: Magearna|Trick Room|p1a: Magearna\n|-fieldstart|move: Trick Room|[of] p1a: Magearna\n|\n|upkeep\n|turn|17\n|\n|t:|1699138560\n|move|p1a: Magearna|Volt Switch|p2a: PandaExpressMeat\n|-damage|p2a: PandaExpressMeat|94\/100\n|\n|t:|1699138562\n|switch|p1a: Hatterene|Hatterene, F|100\/100|[from] Volt Switch\n|move|p2a: PandaExpressMeat|Tera Blast|p1a: Hatterene|[anim] Tera Blast Fire\n|-damage|p1a: Hatterene|0 fnt\n|faint|p1a: Hatterene\n|\n|upkeep\n|\n|t:|1699138567\n|switch|p1a: Dialga|Dialga-Origin|65\/100\n|-ability|p1a: Dialga|Pressure\n|turn|18\n|inactive|Akro Agency has 240 seconds left.\n|\n|t:|1699138580\n|move|p1a: Dialga|Draco Meteor|p2a: PandaExpressMeat\n|-damage|p2a: PandaExpressMeat|48\/100\n|-unboost|p1a: Dialga|spa|2\n|move|p2a: PandaExpressMeat|Close Combat|p1a: Dialga\n|-supereffective|p1a: Dialga\n|-damage|p1a: Dialga|0 fnt\n|-unboost|p2a: PandaExpressMeat|def|1\n|-unboost|p2a: PandaExpressMeat|spd|1\n|faint|p1a: Dialga\n|\n|upkeep\n|\n|t:|1699138588\n|switch|p1a: Arceus|Arceus-Fighting|100\/100\n|turn|19\n|inactive|Akro Agency has 240 seconds left.\n|\n|t:|1699138607\n|switch|p2a: literal bot|Magearna|100\/100\n|-damage|p2a: literal bot|94\/100|[from] Stealth Rock\n|-damage|p2a: literal bot|82\/100|[from] Spikes\n|move|p1a: Arceus|Judgment|p2a: literal bot\n|-damage|p2a: literal bot|60\/100\n|\n|upkeep\n|turn|20\n|inactive|Akro Agency has 240 seconds left.\n|\n|t:|1699138621\n|move|p2a: literal bot|Flash Cannon|p1a: Arceus\n|-damage|p1a: Arceus|53\/100\n|move|p1a: Arceus|Taunt|p2a: literal bot\n|-start|p2a: literal bot|move: Taunt\n|\n|-fieldend|move: Trick Room\n|upkeep\n|turn|21\n|inactive|Akro Agency has 240 seconds left.\n|\n|t:|1699138636\n|move|p1a: Arceus|Calm Mind|p1a: Arceus\n|-boost|p1a: Arceus|spa|1\n|-boost|p1a: Arceus|spd|1\n|move|p2a: literal bot|Flash Cannon|p1a: Arceus\n|-damage|p1a: Arceus|25\/100\n|\n|-sideend|p2: Akro Agency|move: Light Screen\n|upkeep\n|turn|22\n|inactive|Akro Agency has 240 seconds left.\n|\n|t:|1699138672\n|switch|p2a: :3 user|Dragonite, M|100\/100\n|move|p1a: Arceus|Calm Mind|p1a: Arceus\n|-boost|p1a: Arceus|spa|1\n|-boost|p1a: Arceus|spd|1\n|\n|upkeep\n|turn|23\n|inactive|Akro Agency has 210 seconds left.\n|\n|t:|1699138694\n|move|p2a: :3 user|Extreme Speed|p1a: Arceus\n|-damage|p1a: Arceus|6\/100\n|move|p1a: Arceus|Recover|p1a: Arceus\n|-heal|p1a: Arceus|56\/100\n|\n|upkeep\n|turn|24\n|inactive|Akro Agency has 210 seconds left.\n|\n|t:|1699138704\n|move|p1a: Arceus|Taunt|p2a: :3 user\n|-start|p2a: :3 user|move: Taunt\n|cant|p2a: :3 user|move: Taunt|Dragon Dance\n|\n|upkeep\n|turn|25\n|inactive|Akro Agency has 210 seconds left.\n|\n|t:|1699138711\n|move|p1a: Arceus|Calm Mind|p1a: Arceus\n|-boost|p1a: Arceus|spa|1\n|-boost|p1a: Arceus|spd|1\n|move|p2a: :3 user|Earthquake|p1a: Arceus\n|-damage|p1a: Arceus|33\/100\n|\n|upkeep\n|turn|26\n|\n|t:|1699138721\n|switch|p2a: RAP DEVIL|Grimmsnarl, M|88\/100\n|-damage|p2a: RAP DEVIL|76\/100|[from] Stealth Rock\n|-damage|p2a: RAP DEVIL|63\/100|[from] Spikes\n|move|p1a: Arceus|Recover|p1a: Arceus\n|-heal|p1a: Arceus|83\/100\n|\n|upkeep\n|turn|27\n|l|\u2606CodenameCAT\n|inactive|CodenameCAT disconnected and has 290 seconds to reconnect!\n|player|p1|\n|inactive|Akro Agency has 210 seconds left.\n|inactive|CodenameCAT has 270 seconds to reconnect!\n|j|\u2606CodenameCAT\n|inactive|CodenameCAT reconnected and has 290 seconds left.\n|player|p1|CodenameCAT|cogita\n|\n|t:|1699138757\n|move|p2a: RAP DEVIL|Thunder Wave|p1a: Arceus\n|-status|p1a: Arceus|par\n|move|p1a: Arceus|Taunt|p2a: RAP DEVIL\n|-start|p2a: RAP DEVIL|move: Taunt\n|\n|upkeep\n|turn|28\n|inactive|Akro Agency has 210 seconds left.\n|\n|t:|1699138788\n|switch|p2a: :3 user|Dragonite, M|100\/100\n|move|p1a: Arceus|Judgment|p2a: :3 user\n|-resisted|p2a: :3 user\n|-damage|p2a: :3 user|69\/100\n|\n|upkeep\n|turn|29\n|\n|t:|1699138800\n|move|p2a: :3 user|Extreme Speed|p1a: Arceus\n|-damage|p1a: Arceus|65\/100 par\n|move|p1a: Arceus|Calm Mind|p1a: Arceus\n|-boost|p1a: Arceus|spa|1\n|-boost|p1a: Arceus|spd|1\n|\n|upkeep\n|turn|30\n|\n|t:|1699138808\n|move|p2a: :3 user|Earthquake|p1a: Arceus\n|-damage|p1a: Arceus|41\/100 par\n|move|p1a: Arceus|Recover|p1a: Arceus\n|-heal|p1a: Arceus|91\/100 par\n|\n|upkeep\n|turn|31\n|\n|t:|1699138819\n|switch|p2a: RAP DEVIL|Grimmsnarl, M|63\/100\n|-damage|p2a: RAP DEVIL|51\/100|[from] Stealth Rock\n|-damage|p2a: RAP DEVIL|38\/100|[from] Spikes\n|move|p1a: Arceus|Judgment|p2a: RAP DEVIL\n|-damage|p2a: RAP DEVIL|0 fnt\n|faint|p2a: RAP DEVIL\n|\n|upkeep\n|inactive|Akro Agency has 180 seconds left.\n|\n|t:|1699138871\n|switch|p2a: PandaExpressMeat|Zacian, tera:Fire|48\/100\n|turn|32\n|\n|t:|1699138879\n|-terastallize|p1a: Arceus|Water\n|move|p2a: PandaExpressMeat|Play Rough|p1a: Arceus|[miss]\n|-miss|p2a: PandaExpressMeat|p1a: Arceus\n|move|p1a: Arceus|Judgment|p2a: PandaExpressMeat\n|-damage|p2a: PandaExpressMeat|0 fnt\n|faint|p2a: PandaExpressMeat\n|\n|upkeep\n|c|\u2606CodenameCAT|mb\n|inactive|Akro Agency has 150 seconds left.\n|\n|t:|1699138894\n|switch|p2a: Mauscarriage|Maushold|100\/100\n|-damage|p2a: Mauscarriage|88\/100|[from] Stealth Rock\n|-damage|p2a: Mauscarriage|76\/100|[from] Spikes\n|turn|33\n|\n|t:|1699138903\n|move|p2a: Mauscarriage|Population Bomb|p1a: Arceus\n|-damage|p1a: Arceus|84\/100 par\n|-damage|p1a: Arceus|77\/100 par\n|-damage|p1a: Arceus|69\/100 par\n|-damage|p1a: Arceus|61\/100 par\n|-damage|p1a: Arceus|53\/100 par\n|-damage|p1a: Arceus|47\/100 par\n|-damage|p1a: Arceus|40\/100 par\n|-damage|p1a: Arceus|32\/100 par\n|-damage|p1a: Arceus|25\/100 par\n|-damage|p1a: Arceus|19\/100 par\n|-hitcount|p1a: Arceus|10\n|cant|p1a: Arceus|par\n|\n|upkeep\n|turn|34\n|inactive|Akro Agency has 150 seconds left.\n|\n|t:|1699138920\n|move|p2a: Mauscarriage|Population Bomb|p1a: Arceus\n|-damage|p1a: Arceus|11\/100 par\n|-damage|p1a: Arceus|4\/100 par\n|-crit|p1a: Arceus\n|-damage|p1a: Arceus|0 fnt\n|faint|p1a: Arceus\n|-hitcount|p1: Arceus|3\n|\n|upkeep\n|\n|t:|1699138932\n|switch|p1a: Basculegion|Basculegion-F, F|100\/100\n|turn|35\n|c|\u2606Akro Agency|I\u2019ve had way better rng tbh don\u2019t apologize\n|\n|t:|1699138946\n|move|p1a: Basculegion|Wave Crash|p2a: Mauscarriage\n|-damage|p2a: Mauscarriage|0 fnt\n|faint|p2a: Mauscarriage\n|-damage|p1a: Basculegion|82\/100|[from] Recoil\n|\n|upkeep\n|inactive|Akro Agency has 150 seconds left.\n|\n|t:|1699138957\n|switch|p2a: :3 user|Dragonite, M|69\/100\n|turn|36\n|\n|t:|1699138969\n|switch|p1a: Magearna|Magearna|100\/100\n|move|p2a: :3 user|Roost|p2a: :3 user\n|-heal|p2a: :3 user|100\/100\n|-singleturn|p2a: :3 user|move: Roost\n|\n|upkeep\n|turn|37\n|\n|t:|1699138983\n|move|p2a: :3 user|Earthquake|p1a: Magearna\n|-supereffective|p1a: Magearna\n|-damage|p1a: Magearna|55\/100\n|move|p1a: Magearna|Volt Switch|p2a: :3 user\n|-damage|p2a: :3 user|90\/100\n|\n|t:|1699138997\n|switch|p1a: Basculegion|Basculegion-F, F|82\/100|[from] Volt Switch\n|\n|upkeep\n|turn|38\n|\n|t:|1699139011\n|move|p1a: Basculegion|Last Respects|p2a: :3 user\n|-damage|p2a: :3 user|0 fnt\n|faint|p2a: :3 user\n|\n|upkeep\n|\n|t:|1699139016\n|switch|p2a: literal bot|Magearna|60\/100\n|-damage|p2a: literal bot|54\/100|[from] Stealth Rock\n|-damage|p2a: literal bot|42\/100|[from] Spikes\n|turn|39\n|c|\u2606CodenameCAT|gg\n|c|\u2606Akro Agency|Gg\n|\n|t:|1699139035\n|move|p1a: Basculegion|Last Respects|p2a: literal bot\n|-damage|p2a: literal bot|0 fnt\n|faint|p2a: literal bot\n|\n|win|CodenameCAT\n","uploadtime":1699139041,"views":21,"p1id":"codenamecat","p2id":"akroagency","formatid":"gen9ubers","rating":0,"private":0,"password":""}