{"id":"gen9ubers-1968127127","p1":"fmfnr","p2":"Cyrenux","format":"[Gen 9] Ubers","log":"|j|\u2606fmfnr\n|j|\u2606Cyrenux\n|t:|1697387035\n|gametype|singles\n|player|p1|fmfnr|hilbert|1315\n|player|p2|Cyrenux|170|1285\n|teamsize|p1|6\n|teamsize|p2|6\n|gen|9\n|tier|[Gen 9] Ubers\n|rated|\n|rule|Sleep Clause Mod: Limit one foe put to sleep\n|rule|Species Clause: Limit one of each Pok\u00e9mon\n|rule|OHKO Clause: OHKO moves are banned\n|rule|Evasion Items Clause: Evasion items are banned\n|rule|Evasion Moves Clause: Evasion moves are banned\n|rule|Endless Battle Clause: Forcing endless battles is banned\n|rule|HP Percentage Mod: HP is shown in percentages\n|clearpoke\n|poke|p1|Chien-Pao|\n|poke|p1|Koraidon|\n|poke|p1|Flutter Mane|\n|poke|p1|Great Tusk|\n|poke|p1|Skeledirge, M|\n|poke|p1|Toxapex, F|\n|poke|p2|Dialga-Origin|\n|poke|p2|Palkia-Origin|\n|poke|p2|Giratina-Origin|\n|poke|p2|Arceus|\n|poke|p2|Groudon|\n|poke|p2|Eternatus|\n|teampreview\n|inactive|Battle timer is ON: inactive players will automatically lose when time's up. (requested by Cyrenux)\n|\n|t:|1697387080\n|start\n|switch|p1a: Koraidon|Koraidon|100\/100\n|switch|p2a: Groudon|Groudon|100\/100\n|-weather|SunnyDay|[from] ability: Orichalcum Pulse|[of] p1a: Koraidon\n|-activate|p1a: Koraidon|Orichalcum Pulse|[source]\n|turn|1\n|inactive|fmfnr has 120 seconds left.\n|\n|t:|1697387112\n|move|p1a: Koraidon|U-turn|p2a: Groudon\n|-damage|p2a: Groudon|70\/100\n|inactive|fmfnr has 120 seconds left.\n|\n|t:|1697387118\n|switch|p1a: Great Tusk|Great Tusk|100\/100|[from] U-turn\n|-activate|p1a: Great Tusk|ability: Protosynthesis\n|-start|p1a: Great Tusk|protosynthesisatk\n|move|p2a: Groudon|Will-O-Wisp|p1a: Great Tusk\n|-status|p1a: Great Tusk|brn\n|\n|-weather|SunnyDay|[upkeep]\n|-heal|p2a: Groudon|76\/100|[from] item: Leftovers\n|-damage|p1a: Great Tusk|94\/100 brn|[from] brn\n|upkeep\n|turn|2\n|\n|t:|1697387127\n|move|p2a: Groudon|Protect|p2a: Groudon\n|-singleturn|p2a: Groudon|Protect\n|move|p1a: Great Tusk|Ice Spinner|p2a: Groudon\n|-activate|p2a: Groudon|move: Protect\n|\n|-weather|SunnyDay|[upkeep]\n|-heal|p2a: Groudon|83\/100|[from] item: Leftovers\n|-damage|p1a: Great Tusk|88\/100 brn|[from] brn\n|upkeep\n|turn|3\n|\n|t:|1697387142\n|switch|p2a: Palkia|Palkia-Origin|100\/100\n|-ability|p2a: Palkia|Pressure\n|move|p1a: Great Tusk|Ice Spinner|p2a: Palkia\n|-damage|p2a: Palkia|80\/100\n|\n|-weather|SunnyDay|[upkeep]\n|-damage|p1a: Great Tusk|82\/100 brn|[from] brn\n|upkeep\n|turn|4\n|\n|t:|1697387159\n|move|p2a: Palkia|Thunder Wave|p1a: Great Tusk\n|-immune|p1a: Great Tusk\n|move|p1a: Great Tusk|Headlong Rush|p2a: Palkia\n|-damage|p2a: Palkia|29\/100\n|-unboost|p1a: Great Tusk|def|1\n|-unboost|p1a: Great Tusk|spd|1\n|\n|-weather|SunnyDay|[upkeep]\n|-damage|p1a: Great Tusk|76\/100 brn|[from] brn\n|upkeep\n|turn|5\n|\n|t:|1697387176\n|-end|p1a: Great Tusk|Protosynthesis|[silent]\n|switch|p1a: Toxapex|Toxapex, F|100\/100\n|move|p2a: Palkia|Spacial Rend|p1a: Toxapex\n|-damage|p1a: Toxapex|46\/100\n|\n|-weather|none\n|upkeep\n|turn|6\n|\n|t:|1697387184\n|switch|p1a: Great Tusk|Great Tusk|76\/100 brn\n|move|p2a: Palkia|Hydro Pump|p1a: Great Tusk\n|-supereffective|p1a: Great Tusk\n|-damage|p1a: Great Tusk|0 fnt\n|faint|p1a: Great Tusk\n|-end|p1a: Great Tusk|Protosynthesis|[silent]\n|\n|upkeep\n|\n|t:|1697387188\n|switch|p1a: Flutter Mane|Flutter Mane|100\/100\n|turn|7\n|\n|t:|1697387201\n|switch|p2a: Eternatus|Eternatus|100\/100\n|-ability|p2a: Eternatus|Pressure\n|move|p1a: Flutter Mane|Shadow Ball|p2a: Eternatus\n|-damage|p2a: Eternatus|56\/100\n|-damage|p1a: Flutter Mane|91\/100|[from] item: Life Orb\n|\n|upkeep\n|turn|8\n|\n|t:|1697387211\n|move|p2a: Eternatus|Sludge Bomb|p1a: Flutter Mane\n|-damage|p1a: Flutter Mane|37\/100\n|move|p1a: Flutter Mane|Psyshock|p2a: Eternatus\n|-supereffective|p2a: Eternatus\n|-damage|p2a: Eternatus|0 fnt\n|faint|p2a: Eternatus\n|-damage|p1a: Flutter Mane|27\/100|[from] item: Life Orb\n|\n|upkeep\n|\n|t:|1697387226\n|switch|p2a: Groudon|Groudon|83\/100\n|-weather|SunnyDay|[from] ability: Drought|[of] p2a: Groudon\n|-activate|p1a: Flutter Mane|ability: Protosynthesis\n|-start|p1a: Flutter Mane|protosynthesisspe\n|turn|9\n|\n|t:|1697387236\n|move|p2a: Groudon|Protect|p2a: Groudon\n|-singleturn|p2a: Groudon|Protect\n|move|p1a: Flutter Mane|Moonblast|p2a: Groudon\n|-activate|p2a: Groudon|move: Protect\n|\n|-weather|SunnyDay|[upkeep]\n|-heal|p2a: Groudon|89\/100|[from] item: Leftovers\n|upkeep\n|turn|10\n|\n|t:|1697387244\n|move|p1a: Flutter Mane|Moonblast|p2a: Groudon\n|-damage|p2a: Groudon|47\/100\n|-unboost|p2a: Groudon|spa|1\n|-damage|p1a: Flutter Mane|17\/100|[from] item: Life Orb\n|move|p2a: Groudon|Spikes|p1a: Flutter Mane\n|-sidestart|p1: fmfnr|Spikes\n|\n|-weather|SunnyDay|[upkeep]\n|-heal|p2a: Groudon|53\/100|[from] item: Leftovers\n|upkeep\n|turn|11\n|\n|t:|1697387252\n|move|p2a: Groudon|Protect|p2a: Groudon\n|-singleturn|p2a: Groudon|Protect\n|move|p1a: Flutter Mane|Moonblast|p2a: Groudon\n|-activate|p2a: Groudon|move: Protect\n|\n|-weather|SunnyDay|[upkeep]\n|-heal|p2a: Groudon|59\/100|[from] item: Leftovers\n|upkeep\n|turn|12\n|\n|t:|1697387256\n|move|p1a: Flutter Mane|Moonblast|p2a: Groudon\n|-damage|p2a: Groudon|17\/100\n|-damage|p1a: Flutter Mane|7\/100|[from] item: Life Orb\n|move|p2a: Groudon|Spikes|p1a: Flutter Mane\n|-sidestart|p1: fmfnr|Spikes\n|\n|-weather|SunnyDay|[upkeep]\n|-heal|p2a: Groudon|24\/100|[from] item: Leftovers\n|upkeep\n|turn|13\n|\n|t:|1697387266\n|-end|p1a: Flutter Mane|Protosynthesis|[silent]\n|switch|p1a: Koraidon|Koraidon|100\/100\n|-damage|p1a: Koraidon|84\/100|[from] Spikes\n|-activate|p1a: Koraidon|ability: Orichalcum Pulse\n|move|p2a: Groudon|Protect||[still]\n|-fail|p2a: Groudon\n|\n|-weather|none\n|-heal|p2a: Groudon|30\/100|[from] item: Leftovers\n|upkeep\n|turn|14\n|\n|t:|1697387271\n|move|p1a: Koraidon|Dragon Claw|p2a: Groudon\n|-crit|p2a: Groudon\n|-damage|p2a: Groudon|0 fnt\n|faint|p2a: Groudon\n|\n|upkeep\n|\n|t:|1697387290\n|switch|p2a: Dialga|Dialga-Origin|100\/100\n|-ability|p2a: Dialga|Pressure\n|turn|15\n|\n|t:|1697387297\n|switch|p1a: Skeledirge|Skeledirge, M|100\/100\n|-damage|p1a: Skeledirge|84\/100|[from] Spikes\n|move|p2a: Dialga|Thunder Wave|p1a: Skeledirge\n|-status|p1a: Skeledirge|par\n|\n|upkeep\n|turn|16\n|\n|t:|1697387301\n|move|p2a: Dialga|Stealth Rock|p1a: Skeledirge\n|-sidestart|p1: fmfnr|move: Stealth Rock\n|move|p1a: Skeledirge|Torch Song|p2a: Dialga\n|-damage|p2a: Dialga|65\/100\n|-boost|p1a: Skeledirge|spa|1\n|-enditem|p1a: Skeledirge|Throat Spray\n|-boost|p1a: Skeledirge|spa|1|[from] item: Throat Spray\n|\n|upkeep\n|turn|17\n|\n|t:|1697387304\n|move|p2a: Dialga|Draco Meteor|p1a: Skeledirge\n|-damage|p1a: Skeledirge|0 fnt\n|-unboost|p2a: Dialga|spa|2\n|faint|p1a: Skeledirge\n|\n|upkeep\n|inactive|fmfnr has 120 seconds left.\n|\n|t:|1697387340\n|switch|p1a: Chien-Pao|Chien-Pao|100\/100\n|-damage|p1a: Chien-Pao|84\/100|[from] Spikes\n|-damage|p1a: Chien-Pao|59\/100|[from] Stealth Rock\n|-ability|p1a: Chien-Pao|Sword of Ruin\n|turn|18\n|\n|t:|1697387342\n|move|p1a: Chien-Pao|Sacred Sword|p2a: Dialga\n|-supereffective|p2a: Dialga\n|-damage|p2a: Dialga|0 fnt\n|faint|p2a: Dialga\n|\n|upkeep\n|\n|t:|1697387350\n|switch|p2a: Arceus|Arceus, shiny|100\/100\n|turn|19\n|\n|t:|1697387357\n|-terastallize|p2a: Arceus|Normal\n|move|p2a: Arceus|Extreme Speed|p1a: Chien-Pao\n|-damage|p1a: Chien-Pao|0 fnt\n|faint|p1a: Chien-Pao\n|\n|upkeep\n|\n|t:|1697387373\n|switch|p1a: Toxapex|Toxapex, F|79\/100\n|-damage|p1a: Toxapex|62\/100|[from] Spikes\n|-damage|p1a: Toxapex|50\/100|[from] Stealth Rock\n|turn|20\n|\n|t:|1697387382\n|move|p2a: Arceus|Taunt|p1a: Toxapex\n|-start|p1a: Toxapex|move: Taunt\n|cant|p1a: Toxapex|move: Taunt|Recover\n|\n|upkeep\n|turn|21\n|\n|t:|1697387389\n|switch|p1a: Flutter Mane|Flutter Mane|7\/100\n|-damage|p1a: Flutter Mane|0 fnt|[from] Spikes\n|faint|p1a: Flutter Mane\n|-end|p1a: Flutter Mane|Protosynthesis|[silent]\n|move|p2a: Arceus|Swords Dance|p2a: Arceus\n|-boost|p2a: Arceus|atk|2\n|\n|upkeep\n|\n|t:|1697387400\n|switch|p1a: Koraidon|Koraidon|84\/100\n|-damage|p1a: Koraidon|68\/100|[from] Spikes\n|-damage|p1a: Koraidon|61\/100|[from] Stealth Rock\n|-weather|SunnyDay|[from] ability: Orichalcum Pulse|[of] p1a: Koraidon\n|-activate|p1a: Koraidon|Orichalcum Pulse|[source]\n|turn|22\n|\n|t:|1697387402\n|move|p2a: Arceus|Extreme Speed|p1a: Koraidon\n|-damage|p1a: Koraidon|0 fnt\n|faint|p1a: Koraidon\n|\n|-weather|SunnyDay|[upkeep]\n|upkeep\n|\n|t:|1697387405\n|switch|p1a: Toxapex|Toxapex, F|83\/100\n|-damage|p1a: Toxapex|67\/100|[from] Spikes\n|-damage|p1a: Toxapex|54\/100|[from] Stealth Rock\n|turn|23\n|\n|t:|1697387408\n|move|p2a: Arceus|Taunt|p1a: Toxapex\n|-start|p1a: Toxapex|move: Taunt\n|cant|p1a: Toxapex|move: Taunt|Haze\n|\n|-weather|SunnyDay|[upkeep]\n|upkeep\n|turn|24\n|\n|t:|1697387410\n|move|p2a: Arceus|Extreme Speed|p1a: Toxapex\n|-damage|p1a: Toxapex|0 fnt\n|-damage|p2a: Arceus|84\/100|[from] item: Rocky Helmet|[of] p1a: Toxapex\n|faint|p1a: Toxapex\n|\n|win|Cyrenux\n|raw|fmfnr's rating: 1315 &rarr; <strong>1293<\/strong><br \/>(-22 for losing)\n|raw|Cyrenux's rating: 1285 &rarr; <strong>1312<\/strong><br \/>(+27 for winning)\n","uploadtime":1697387414,"views":11,"p1id":"fmfnr","p2id":"cyrenux","formatid":"gen9ubers","rating":1293,"private":0,"password":""}