{"id":"gen9ubers-1969263477","p1":"jvitorfufu09","p2":"GratedsShtickface","format":"[Gen 9] Ubers","log":"|j|\u2606jvitorfufu09\n|j|\u2606GratedsShtickface\n|t:|1697507475\n|gametype|singles\n|player|p1|jvitorfufu09|266|\n|player|p2|GratedsShtickface|hiker-gen4|\n|teamsize|p1|6\n|teamsize|p2|6\n|gen|9\n|tier|[Gen 9] Ubers\n|rule|Sleep Clause Mod: Limit one foe put to sleep\n|rule|Species Clause: Limit one of each Pok\u00e9mon\n|rule|OHKO Clause: OHKO moves are banned\n|rule|Evasion Items Clause: Evasion items are banned\n|rule|Evasion Moves Clause: Evasion moves are banned\n|rule|Endless Battle Clause: Forcing endless battles is banned\n|rule|HP Percentage Mod: HP is shown in percentages\n|clearpoke\n|poke|p1|Volcarona, F|\n|poke|p1|Torkoal, F|\n|poke|p1|Magearna|\n|poke|p1|Arceus-Fire|\n|poke|p1|Shaymin-Sky|\n|poke|p1|Walking Wake|\n|poke|p2|Meowscarada, M|\n|poke|p2|Gholdengo|\n|poke|p2|Dialga|\n|poke|p2|Zacian-*|\n|poke|p2|Magearna|\n|poke|p2|Cyclizar, M|\n|teampreview\n|inactive|Battle timer is ON: inactive players will automatically lose when time's up. (requested by GratedsShtickface)\n|c|\u2606jvitorfufu09|glhf\n|c|\u2606GratedsShtickface|glhf\n|c|\u2606jvitorfufu09|my second match on the format, let's see xD\n|\n|t:|1697507496\n|start\n|switch|p1a: Torkoal|Torkoal, F|100\/100\n|switch|p2a: Flesh Serpent|Cyclizar, M|100\/100\n|-weather|SunnyDay|[from] ability: Drought|[of] p1a: Torkoal\n|turn|1\n|\n|t:|1697507508\n|move|p2a: Flesh Serpent|Taunt|p1a: Torkoal\n|-start|p1a: Torkoal|move: Taunt\n|cant|p1a: Torkoal|move: Taunt|Stealth Rock\n|\n|-weather|SunnyDay|[upkeep]\n|upkeep\n|turn|2\n|\n|t:|1697507537\n|switch|p1a: Walking Wake|Walking Wake|100\/100\n|-activate|p1a: Walking Wake|ability: Protosynthesis\n|-start|p1a: Walking Wake|protosynthesisspe\n|move|p2a: Flesh Serpent|Knock Off|p1a: Walking Wake\n|-damage|p1a: Walking Wake|76\/100\n|-enditem|p1a: Walking Wake|Choice Specs|[from] move: Knock Off|[of] p2a: Flesh Serpent\n|\n|-weather|SunnyDay|[upkeep]\n|upkeep\n|turn|3\n|\n|t:|1697507557\n|move|p1a: Walking Wake|Flamethrower|p2a: Flesh Serpent\n|-resisted|p2a: Flesh Serpent\n|-damage|p2a: Flesh Serpent|66\/100\n|move|p2a: Flesh Serpent|Shed Tail|p2a: Flesh Serpent\n|-start|p2a: Flesh Serpent|Substitute|[from] move: Shed Tail\n|-damage|p2a: Flesh Serpent|15\/100\n|\n|t:|1697507571\n|switch|p2a: Jimothy|Gholdengo|100\/100|[from] Shed Tail\n|-item|p2a: Jimothy|Air Balloon\n|\n|-weather|SunnyDay|[upkeep]\n|upkeep\n|turn|4\n|\n|t:|1697507575\n|move|p1a: Walking Wake|Flamethrower|p2a: Jimothy\n|-supereffective|p2a: Jimothy\n|-end|p2a: Jimothy|Substitute\n|-enditem|p2a: Jimothy|Air Balloon\n|move|p2a: Jimothy|Shadow Ball|p1a: Walking Wake\n|-damage|p1a: Walking Wake|29\/100\n|\n|-weather|SunnyDay|[upkeep]\n|upkeep\n|turn|5\n|\n|t:|1697507589\n|switch|p2a: Flesh Serpent|Cyclizar, M|49\/100\n|move|p1a: Walking Wake|Flamethrower|p2a: Flesh Serpent\n|-resisted|p2a: Flesh Serpent\n|-damage|p2a: Flesh Serpent|14\/100\n|\n|-weather|SunnyDay|[upkeep]\n|upkeep\n|turn|6\n|\n|t:|1697507600\n|switch|p2a: Time Lord|Dialga, shiny|100\/100\n|-ability|p2a: Time Lord|Pressure\n|move|p1a: Walking Wake|Flamethrower|p2a: Time Lord\n|-crit|p2a: Time Lord\n|-damage|p2a: Time Lord|60\/100\n|\n|-weather|SunnyDay|[upkeep]\n|-heal|p2a: Time Lord|66\/100|[from] item: Leftovers\n|upkeep\n|turn|7\n|\n|t:|1697507618\n|-end|p1a: Walking Wake|Protosynthesis|[silent]\n|switch|p1a: Shaymin|Shaymin-Sky|100\/100\n|move|p2a: Time Lord|Stealth Rock|p1a: Shaymin\n|-sidestart|p1: jvitorfufu09|move: Stealth Rock\n|\n|-weather|SunnyDay|[upkeep]\n|-heal|p2a: Time Lord|72\/100|[from] item: Leftovers\n|upkeep\n|turn|8\n|\n|t:|1697507625\n|move|p1a: Shaymin|Earth Power|p2a: Time Lord\n|-supereffective|p2a: Time Lord\n|-damage|p2a: Time Lord|18\/100\n|-damage|p1a: Shaymin|91\/100|[from] item: Life Orb\n|move|p2a: Time Lord|Roar|p1a: Shaymin\n|drag|p1a: Volcarona|Volcarona, F|100\/100\n|\n|-weather|none\n|-heal|p2a: Time Lord|25\/100|[from] item: Leftovers\n|upkeep\n|turn|9\n|\n|t:|1697507641\n|-terastallize|p1a: Volcarona|Ground\n|move|p1a: Volcarona|Tera Blast|p2a: Time Lord|[anim] Tera Blast Ground\n|-supereffective|p2a: Time Lord\n|-damage|p2a: Time Lord|0 fnt\n|faint|p2a: Time Lord\n|\n|upkeep\n|\n|t:|1697507645\n|switch|p2a: Hempurr|Meowscarada, M|100\/100\n|turn|10\n|\n|t:|1697507653\n|switch|p1a: Torkoal|Torkoal, F|100\/100\n|-damage|p1a: Torkoal|76\/100|[from] Stealth Rock\n|-weather|SunnyDay|[from] ability: Drought|[of] p1a: Torkoal\n|move|p2a: Hempurr|Taunt|p1a: Torkoal\n|-start|p1a: Torkoal|move: Taunt\n|\n|-weather|SunnyDay|[upkeep]\n|upkeep\n|turn|11\n|\n|t:|1697507668\n|switch|p2a: Flesh Serpent|Cyclizar, M|48\/100\n|move|p1a: Torkoal|Lava Plume|p2a: Flesh Serpent\n|-resisted|p2a: Flesh Serpent\n|-damage|p2a: Flesh Serpent|20\/100\n|-status|p2a: Flesh Serpent|brn\n|\n|-weather|SunnyDay|[upkeep]\n|-damage|p2a: Flesh Serpent|14\/100 brn|[from] brn\n|upkeep\n|turn|12\n|\n|t:|1697507690\n|switch|p1a: Walking Wake|Walking Wake|29\/100\n|-damage|p1a: Walking Wake|17\/100|[from] Stealth Rock\n|-activate|p1a: Walking Wake|ability: Protosynthesis\n|-start|p1a: Walking Wake|protosynthesisspe\n|move|p2a: Flesh Serpent|Knock Off|p1a: Walking Wake\n|-damage|p1a: Walking Wake|9\/100\n|\n|-weather|SunnyDay|[upkeep]\n|-damage|p2a: Flesh Serpent|8\/100 brn|[from] brn\n|upkeep\n|turn|13\n|\n|t:|1697507698\n|move|p1a: Walking Wake|Flamethrower|p2a: Flesh Serpent\n|-resisted|p2a: Flesh Serpent\n|-damage|p2a: Flesh Serpent|0 fnt\n|faint|p2a: Flesh Serpent\n|\n|-weather|SunnyDay|[upkeep]\n|upkeep\n|\n|t:|1697507709\n|switch|p2a: Hempurr|Meowscarada, M|100\/100\n|turn|14\n|\n|t:|1697507711\n|move|p1a: Walking Wake|Flamethrower|p2a: Hempurr\n|-supereffective|p2a: Hempurr\n|-enditem|p2a: Hempurr|Focus Sash\n|-damage|p2a: Hempurr|1\/100\n|move|p2a: Hempurr|Flower Trick|p1a: Walking Wake\n|-crit|p1a: Walking Wake\n|-damage|p1a: Walking Wake|0 fnt\n|faint|p1a: Walking Wake\n|-end|p1a: Walking Wake|Protosynthesis|[silent]\n|\n|-weather|SunnyDay|[upkeep]\n|upkeep\n|\n|t:|1697507727\n|switch|p1a: Shaymin|Shaymin-Sky|91\/100\n|-damage|p1a: Shaymin|66\/100|[from] Stealth Rock\n|turn|15\n|\n|t:|1697507741\n|switch|p2a: Sif|Zacian|100\/100\n|-ability|p2a: Sif|Intrepid Sword|boost\n|-boost|p2a: Sif|atk|1\n|move|p1a: Shaymin|Earth Power|p2a: Sif\n|-crit|p2a: Sif\n|-damage|p2a: Sif|44\/100\n|-damage|p1a: Shaymin|56\/100|[from] item: Life Orb\n|\n|-weather|SunnyDay|[upkeep]\n|upkeep\n|turn|16\n|\n|t:|1697507765\n|switch|p1a: Magearna|Magearna|100\/100\n|-damage|p1a: Magearna|94\/100|[from] Stealth Rock\n|move|p2a: Sif|Play Rough|p1a: Magearna\n|-resisted|p1a: Magearna\n|-damage|p1a: Magearna|67\/100\n|\n|-weather|SunnyDay|[upkeep]\n|-heal|p1a: Magearna|73\/100|[from] item: Leftovers\n|upkeep\n|turn|17\n|\n|t:|1697507780\n|-terastallize|p2a: Sif|Fire\n|move|p2a: Sif|Tera Blast|p1a: Magearna|[anim] Tera Blast Fire\n|-supereffective|p1a: Magearna\n|-damage|p1a: Magearna|0 fnt\n|faint|p1a: Magearna\n|\n|-weather|none\n|upkeep\n|\n|t:|1697507789\n|switch|p1a: Volcarona|Volcarona, F, tera:Ground|100\/100\n|turn|18\n|\n|t:|1697507805\n|move|p2a: Sif|Play Rough|p1a: Volcarona|[miss]\n|-miss|p2a: Sif|p1a: Volcarona\n|move|p1a: Volcarona|Quiver Dance|p1a: Volcarona\n|-boost|p1a: Volcarona|spa|1\n|-boost|p1a: Volcarona|spd|1\n|-boost|p1a: Volcarona|spe|1\n|\n|upkeep\n|turn|19\n|\n|t:|1697507816\n|move|p1a: Volcarona|Tera Blast|p2a: Sif|[anim] Tera Blast Ground\n|-supereffective|p2a: Sif\n|-damage|p2a: Sif|0 fnt\n|faint|p2a: Sif\n|\n|upkeep\n|\n|t:|1697507821\n|switch|p2a: Jimothy|Gholdengo|100\/100\n|turn|20\n|\n|t:|1697507828\n|move|p1a: Volcarona|Flamethrower|p2a: Jimothy\n|-supereffective|p2a: Jimothy\n|-damage|p2a: Jimothy|8\/100\n|move|p2a: Jimothy|Make It Rain|p1a: Volcarona\n|-damage|p1a: Volcarona|63\/100\n|-unboost|p2a: Jimothy|spa|1\n|\n|upkeep\n|turn|21\n|\n|t:|1697507835\n|move|p1a: Volcarona|Flamethrower|p2a: Jimothy\n|-supereffective|p2a: Jimothy\n|-damage|p2a: Jimothy|0 fnt\n|faint|p2a: Jimothy\n|\n|upkeep\n|\n|t:|1697507840\n|switch|p2a: Music Box Doll|Magearna|100\/100\n|turn|22\n|\n|t:|1697507847\n|move|p1a: Volcarona|Flamethrower|p2a: Music Box Doll\n|-supereffective|p2a: Music Box Doll\n|-damage|p2a: Music Box Doll|4\/100\n|move|p2a: Music Box Doll|Ice Beam|p1a: Volcarona\n|-supereffective|p1a: Volcarona\n|-damage|p1a: Volcarona|30\/100\n|\n|-heal|p2a: Music Box Doll|10\/100|[from] item: Leftovers\n|upkeep\n|turn|23\n|\n|t:|1697507852\n|move|p1a: Volcarona|Flamethrower|p2a: Music Box Doll\n|-supereffective|p2a: Music Box Doll\n|-damage|p2a: Music Box Doll|0 fnt\n|faint|p2a: Music Box Doll\n|\n|upkeep\n|\n|t:|1697507862\n|switch|p2a: Hempurr|Meowscarada, M|1\/100\n|turn|24\n|c|\u2606GratedsShtickface|gg\n|\n|t:|1697507869\n|move|p1a: Volcarona|Flamethrower|p2a: Hempurr\n|-supereffective|p2a: Hempurr\n|-damage|p2a: Hempurr|0 fnt\n|faint|p2a: Hempurr\n|\n|win|jvitorfufu09\n|c|\u2606jvitorfufu09|ggs\n|c|\u2606GratedsShtickface|I'll send the vod\n","uploadtime":1697507881,"views":25,"p1id":"jvitorfufu09","p2id":"gratedsshtickface","formatid":"gen9ubers","rating":0,"private":0,"password":""}