{"id":"gen9ubers-1984481863","p1":"MewchiisCanon","p2":"subishan","format":"[Gen 9] Ubers","log":"|j|\u2606MewchiisCanon\n|j|\u2606subishan\n|t:|1699270543\n|gametype|singles\n|player|p1|MewchiisCanon|170|1243\n|player|p2|subishan|265|1058\n|teamsize|p1|6\n|teamsize|p2|6\n|gen|9\n|tier|[Gen 9] Ubers\n|rated|\n|rule|Sleep Clause Mod: Limit one foe put to sleep\n|rule|Species Clause: Limit one of each Pok\u00e9mon\n|rule|OHKO Clause: OHKO moves are banned\n|rule|Evasion Items Clause: Evasion items are banned\n|rule|Evasion Moves Clause: Evasion moves are banned\n|rule|Endless Battle Clause: Forcing endless battles is banned\n|rule|HP Percentage Mod: HP is shown in percentages\n|clearpoke\n|poke|p1|Mewtwo|\n|poke|p1|Arceus-Ground|\n|poke|p1|Koraidon|\n|poke|p1|Ting-Lu|\n|poke|p1|Zacian-*|\n|poke|p1|Calyrex-Ice|\n|poke|p2|Flutter Mane|\n|poke|p2|Koraidon|\n|poke|p2|Toxapex, M|\n|poke|p2|Iron Bundle|\n|poke|p2|Annihilape, F|\n|poke|p2|Landorus-Therian, M|\n|teampreview\n|inactive|Battle timer is ON: inactive players will automatically lose when time's up. (requested by MewchiisCanon)\n|inactive|MewchiisCanon has 120 seconds left.\n|\n|t:|1699270603\n|start\n|switch|p1a: Ting-Lu|Ting-Lu|100\/100\n|switch|p2a: \u53d7|Toxapex, M, shiny|100\/100\n|-ability|p1a: Ting-Lu|Vessel of Ruin\n|turn|1\n|\n|t:|1699270620\n|move|p1a: Ting-Lu|Stealth Rock|p2a: \u53d7\n|-sidestart|p2: subishan|move: Stealth Rock\n|move|p2a: \u53d7|Toxic|p1a: Ting-Lu\n|-status|p1a: Ting-Lu|tox\n|\n|-damage|p1a: Ting-Lu|94\/100 tox|[from] psn\n|upkeep\n|turn|2\n|\n|t:|1699270630\n|switch|p1a: Arceus|Arceus-Ground, shiny|100\/100\n|move|p2a: \u53d7|Icy Wind|p1a: Arceus\n|-supereffective|p1a: Arceus\n|-damage|p1a: Arceus|84\/100\n|-unboost|p1a: Arceus|spe|1\n|\n|upkeep\n|turn|3\n|\n|t:|1699270638\n|move|p2a: \u53d7|Baneful Bunker|p2a: \u53d7\n|-singleturn|p2a: \u53d7|move: Protect\n|move|p1a: Arceus|Dragon Dance|p1a: Arceus\n|-boost|p1a: Arceus|atk|1\n|-boost|p1a: Arceus|spe|1\n|\n|upkeep\n|turn|4\n|\n|t:|1699270644\n|move|p1a: Arceus|Earthquake|p2a: \u53d7\n|-supereffective|p2a: \u53d7\n|-damage|p2a: \u53d7|0 fnt\n|faint|p2a: \u53d7\n|\n|upkeep\n|\n|t:|1699270651\n|switch|p2a: \u6700\u5f3a\u866b\u7cfb|Landorus-Therian, M|100\/100\n|-damage|p2a: \u6700\u5f3a\u866b\u7cfb|88\/100|[from] Stealth Rock\n|-ability|p2a: \u6700\u5f3a\u866b\u7cfb|Intimidate|boost\n|-unboost|p1a: Arceus|atk|1\n|turn|5\n|\n|t:|1699270657\n|switch|p1a: Ting-Lu|Ting-Lu|94\/100 tox\n|-ability|p1a: Ting-Lu|Vessel of Ruin\n|move|p2a: \u6700\u5f3a\u866b\u7cfb|Taunt|p1a: Ting-Lu\n|-start|p1a: Ting-Lu|move: Taunt\n|\n|-heal|p2a: \u6700\u5f3a\u866b\u7cfb|94\/100|[from] item: Leftovers\n|-heal|p1a: Ting-Lu|100\/100 tox|[from] item: Leftovers\n|-damage|p1a: Ting-Lu|94\/100 tox|[from] psn\n|upkeep\n|turn|6\n|\n|t:|1699270669\n|move|p2a: \u6700\u5f3a\u866b\u7cfb|Scary Face|p1a: Ting-Lu\n|-unboost|p1a: Ting-Lu|spe|2\n|move|p1a: Ting-Lu|Ruination|p2a: \u6700\u5f3a\u866b\u7cfb\n|-damage|p2a: \u6700\u5f3a\u866b\u7cfb|47\/100\n|\n|-heal|p2a: \u6700\u5f3a\u866b\u7cfb|53\/100|[from] item: Leftovers\n|-heal|p1a: Ting-Lu|100\/100 tox|[from] item: Leftovers\n|-damage|p1a: Ting-Lu|88\/100 tox|[from] psn\n|upkeep\n|turn|7\n|\n|t:|1699270678\n|move|p2a: \u6700\u5f3a\u866b\u7cfb|U-turn|p1a: Ting-Lu\n|-supereffective|p1a: Ting-Lu\n|-damage|p1a: Ting-Lu|58\/100 tox\n|\n|t:|1699270684\n|switch|p2a: \u6c14\u6b7b\u5076\u7c7b|Annihilape, F|100\/100|[from] U-turn\n|-damage|p2a: \u6c14\u6b7b\u5076\u7c7b|94\/100|[from] Stealth Rock\n|move|p1a: Ting-Lu|Ruination|p2a: \u6c14\u6b7b\u5076\u7c7b|[miss]\n|-miss|p1a: Ting-Lu|p2a: \u6c14\u6b7b\u5076\u7c7b\n|\n|-heal|p2a: \u6c14\u6b7b\u5076\u7c7b|100\/100|[from] item: Leftovers\n|-heal|p1a: Ting-Lu|64\/100 tox|[from] item: Leftovers\n|-damage|p1a: Ting-Lu|46\/100 tox|[from] psn\n|-end|p1a: Ting-Lu|move: Taunt\n|upkeep\n|turn|8\n|\n|t:|1699270700\n|move|p2a: \u6c14\u6b7b\u5076\u7c7b|Rage Fist|p1a: Ting-Lu\n|-resisted|p1a: Ting-Lu\n|-damage|p1a: Ting-Lu|40\/100 tox\n|move|p1a: Ting-Lu|Whirlwind|p2a: \u6c14\u6b7b\u5076\u7c7b\n|drag|p2a: \u6700\u5f3a\u866b\u7cfb|Landorus-Therian, M|53\/100\n|-damage|p2a: \u6700\u5f3a\u866b\u7cfb|41\/100|[from] Stealth Rock\n|-ability|p2a: \u6700\u5f3a\u866b\u7cfb|Intimidate|boost\n|-unboost|p1a: Ting-Lu|atk|1\n|\n|-heal|p2a: \u6700\u5f3a\u866b\u7cfb|47\/100|[from] item: Leftovers\n|-heal|p1a: Ting-Lu|46\/100 tox|[from] item: Leftovers\n|-damage|p1a: Ting-Lu|21\/100 tox|[from] psn\n|upkeep\n|turn|9\n|\n|t:|1699270724\n|move|p2a: \u6700\u5f3a\u866b\u7cfb|U-turn|p1a: Ting-Lu\n|-supereffective|p1a: Ting-Lu\n|-damage|p1a: Ting-Lu|0 fnt\n|faint|p1a: Ting-Lu\n|inactive|subishan has 120 seconds left.\n|\n|t:|1699270745\n|switch|p2a: Koraidon|Koraidon|100\/100|[from] U-turn\n|-damage|p2a: Koraidon|94\/100|[from] Stealth Rock\n|-weather|SunnyDay|[from] ability: Orichalcum Pulse|[of] p2a: Koraidon\n|-activate|p2a: Koraidon|Orichalcum Pulse|[source]\n|\n|-weather|SunnyDay|[upkeep]\n|upkeep\n|\n|t:|1699270751\n|switch|p1a: Arceus|Arceus-Ground, shiny|84\/100\n|turn|10\n|\n|t:|1699270762\n|move|p2a: Koraidon|Collision Course|p1a: Arceus\n|-damage|p1a: Arceus|25\/100\n|move|p1a: Arceus|Dragon Dance|p1a: Arceus\n|-boost|p1a: Arceus|atk|1\n|-boost|p1a: Arceus|spe|1\n|\n|-weather|SunnyDay|[upkeep]\n|upkeep\n|turn|11\n|\n|t:|1699270769\n|move|p1a: Arceus|Earthquake|p2a: Koraidon\n|-damage|p2a: Koraidon|10\/100\n|move|p2a: Koraidon|Collision Course|p1a: Arceus\n|-damage|p1a: Arceus|0 fnt\n|faint|p1a: Arceus\n|\n|-weather|SunnyDay|[upkeep]\n|upkeep\n|\n|t:|1699270781\n|switch|p1a: Mewtwo|Mewtwo|100\/100\n|-ability|p1a: Mewtwo|Unnerve\n|turn|12\n|\n|t:|1699270788\n|move|p2a: Koraidon|Collision Course|p1a: Mewtwo\n|-resisted|p1a: Mewtwo\n|-damage|p1a: Mewtwo|63\/100\n|move|p1a: Mewtwo|Agility|p1a: Mewtwo\n|-boost|p1a: Mewtwo|spe|2\n|\n|-weather|SunnyDay|[upkeep]\n|upkeep\n|turn|13\n|\n|t:|1699270802\n|move|p1a: Mewtwo|Tera Blast|p2a: Koraidon\n|-crit|p2a: Koraidon\n|-damage|p2a: Koraidon|0 fnt\n|faint|p2a: Koraidon\n|\n|-weather|none\n|upkeep\n|\n|t:|1699270811\n|switch|p2a: \u6700\u5f3a\u866b\u7cfb|Landorus-Therian, M|47\/100\n|-damage|p2a: \u6700\u5f3a\u866b\u7cfb|35\/100|[from] Stealth Rock\n|-ability|p2a: \u6700\u5f3a\u866b\u7cfb|Intimidate|boost\n|-unboost|p1a: Mewtwo|atk|1\n|turn|14\n|\n|t:|1699270817\n|-terastallize|p1a: Mewtwo|Dragon\n|move|p1a: Mewtwo|Tera Blast|p2a: \u6700\u5f3a\u866b\u7cfb|[anim] Tera Blast Dragon\n|-damage|p2a: \u6700\u5f3a\u866b\u7cfb|0 fnt\n|faint|p2a: \u6700\u5f3a\u866b\u7cfb\n|\n|upkeep\n|\n|t:|1699270823\n|switch|p2a: \u516b\u516b\u5915\u5915\u529b\u4e09|Flutter Mane|100\/100\n|-damage|p2a: \u516b\u516b\u5915\u5915\u529b\u4e09|88\/100|[from] Stealth Rock\n|turn|15\n|\n|t:|1699270828\n|-terastallize|p2a: \u516b\u516b\u5915\u5915\u529b\u4e09|Fairy\n|move|p1a: Mewtwo|Shadow Ball|p2a: \u516b\u516b\u5915\u5915\u529b\u4e09\n|-damage|p2a: \u516b\u516b\u5915\u5915\u529b\u4e09|52\/100\n|move|p2a: \u516b\u516b\u5915\u5915\u529b\u4e09|Moonblast|p1a: Mewtwo\n|-supereffective|p1a: Mewtwo\n|-damage|p1a: Mewtwo|0 fnt\n|faint|p1a: Mewtwo\n|\n|upkeep\n|\n|t:|1699270844\n|switch|p1a: Zacian|Zacian-Crowned, shiny|100\/100\n|-ability|p1a: Zacian|Intrepid Sword|boost\n|-boost|p1a: Zacian|atk|1\n|turn|16\n|\n|t:|1699270858\n|move|p1a: Zacian|Play Rough|p2a: \u516b\u516b\u5915\u5915\u529b\u4e09\n|-damage|p2a: \u516b\u516b\u5915\u5915\u529b\u4e09|0 fnt\n|faint|p2a: \u516b\u516b\u5915\u5915\u529b\u4e09\n|-end|p2a: \u516b\u516b\u5915\u5915\u529b\u4e09|Protosynthesis|[silent]\n|\n|upkeep\n|\n|t:|1699270868\n|switch|p2a: cai xu kun|Iron Bundle|100\/100\n|-damage|p2a: cai xu kun|76\/100|[from] Stealth Rock\n|-enditem|p2a: cai xu kun|Booster Energy\n|-activate|p2a: cai xu kun|ability: Quark Drive|[fromitem]\n|-start|p2a: cai xu kun|quarkdrivespe\n|turn|17\n|\n|t:|1699270883\n|move|p2a: cai xu kun|Blizzard|p1a: Zacian|[miss]\n|-miss|p2a: cai xu kun|p1a: Zacian\n|move|p1a: Zacian|Close Combat|p2a: cai xu kun\n|-supereffective|p2a: cai xu kun\n|-damage|p2a: cai xu kun|0 fnt\n|-unboost|p1a: Zacian|def|1\n|-unboost|p1a: Zacian|spd|1\n|faint|p2a: cai xu kun\n|-end|p2a: cai xu kun|Quark Drive|[silent]\n|\n|upkeep\n|\n|t:|1699270892\n|switch|p2a: \u6c14\u6b7b\u5076\u7c7b|Annihilape, F|100\/100\n|-damage|p2a: \u6c14\u6b7b\u5076\u7c7b|94\/100|[from] Stealth Rock\n|turn|18\n|\n|t:|1699270896\n|move|p1a: Zacian|Play Rough|p2a: \u6c14\u6b7b\u5076\u7c7b\n|-supereffective|p2a: \u6c14\u6b7b\u5076\u7c7b\n|-damage|p2a: \u6c14\u6b7b\u5076\u7c7b|0 fnt\n|faint|p2a: \u6c14\u6b7b\u5076\u7c7b\n|\n|win|MewchiisCanon\n|raw|MewchiisCanon's rating: 1243 &rarr; <strong>1256<\/strong><br \/>(+13 for winning)\n|raw|subishan's rating: 1058 &rarr; <strong>1048<\/strong><br \/>(-10 for losing)\n","uploadtime":1699270900,"views":8,"p1id":"mewchiiscanon","p2id":"subishan","formatid":"gen9ubers","rating":1048,"private":0,"password":""}