{"id":"gen9ubers-1986749554","p1":"ohiotrainer69","p2":"Bka Onon","format":"[Gen 9] Ubers","log":"|j|\u2606ohiotrainer69\n|j|\u2606Bka Onon\n|t:|1699519038\n|gametype|singles\n|player|p1|ohiotrainer69|101|\n|player|p2|Bka Onon|amelia-shuffle|\n|teamsize|p1|6\n|teamsize|p2|6\n|gen|9\n|tier|[Gen 9] Ubers\n|rule|Sleep Clause Mod: Limit one foe put to sleep\n|rule|Species Clause: Limit one of each Pok\u00e9mon\n|rule|OHKO Clause: OHKO moves are banned\n|rule|Evasion Items Clause: Evasion items are banned\n|rule|Evasion Moves Clause: Evasion moves are banned\n|rule|Endless Battle Clause: Forcing endless battles is banned\n|rule|HP Percentage Mod: HP is shown in percentages\n|clearpoke\n|poke|p1|Calyrex-Ice|\n|poke|p1|Clodsire, F|\n|poke|p1|Koraidon|\n|poke|p1|Miraidon|\n|poke|p1|Zacian-*|\n|poke|p1|Arceus-Fairy|\n|poke|p2|Arceus-Fairy|\n|poke|p2|Corviknight, M|\n|poke|p2|Koraidon|\n|poke|p2|Zacian-*|\n|poke|p2|Clodsire, F|\n|poke|p2|Groudon|\n|teampreview\n|inactive|Battle timer is ON: inactive players will automatically lose when time's up. (requested by ohiotrainer69)\n|j| Ad.... 067 \u30c4\n|l| Ad.... 067 \u30c4\n|c|\u2606ohiotrainer69|Any linkers ?\n|c|\u2606Bka Onon|hf\n|c|\u2606ohiotrainer69|I am on college wifi\n|c|\u2606ohiotrainer69|So forgive me for any dc\n|inactive|ohiotrainer69 has 270 seconds left.\n|inactive|Bka Onon has 270 seconds left.\n|c|\u2606ohiotrainer69|Hf !\n|c|\u2606Bka Onon|just turn off timer\n|inactiveoff|Battle timer is now OFF.\n|\n|t:|1699519082\n|start\n|switch|p1a: Clodsire|Clodsire, F|100\/100\n|switch|p2a: OH LA LA|Koraidon|100\/100\n|-weather|SunnyDay|[from] ability: Orichalcum Pulse|[of] p2a: OH LA LA\n|-activate|p2a: OH LA LA|Orichalcum Pulse|[source]\n|turn|1\n|\n|t:|1699519095\n|switch|p2a: Favonius|Corviknight, M|100\/100\n|-ability|p2a: Favonius|Pressure\n|move|p1a: Clodsire|Toxic|p2a: Favonius\n|-immune|p2a: Favonius\n|\n|-weather|SunnyDay|[upkeep]\n|upkeep\n|turn|2\n|\n|t:|1699519104\n|move|p2a: Favonius|Body Press|p1a: Clodsire\n|-resisted|p1a: Clodsire\n|-damage|p1a: Clodsire|86\/100\n|move|p1a: Clodsire|Spikes|p2a: Favonius\n|-sidestart|p2: Bka Onon|Spikes\n|\n|-weather|SunnyDay|[upkeep]\n|-heal|p1a: Clodsire|93\/100|[from] item: Leftovers\n|upkeep\n|turn|3\n|\n|t:|1699519114\n|move|p2a: Favonius|Body Press|p1a: Clodsire\n|-resisted|p1a: Clodsire\n|-damage|p1a: Clodsire|79\/100\n|move|p1a: Clodsire|Toxic|p2a: Favonius\n|-immune|p2a: Favonius\n|\n|-weather|SunnyDay|[upkeep]\n|-heal|p1a: Clodsire|85\/100|[from] item: Leftovers\n|upkeep\n|turn|4\n|\n|t:|1699519118\n|move|p2a: Favonius|Defog|p1a: Clodsire\n|-unboost|p1a: Clodsire|evasion|1\n|-sideend|p2: Bka Onon|Spikes|[from] move: Defog|[of] p2a: Favonius\n|move|p1a: Clodsire|Spikes|p2a: Favonius\n|-sidestart|p2: Bka Onon|Spikes\n|\n|-weather|SunnyDay|[upkeep]\n|-heal|p1a: Clodsire|92\/100|[from] item: Leftovers\n|upkeep\n|turn|5\n|\n|t:|1699519123\n|switch|p1a: Miraidon|Miraidon|100\/100\n|-fieldstart|move: Electric Terrain|[from] ability: Hadron Engine|[of] p1a: Miraidon\n|move|p2a: Favonius|Body Press|p1a: Miraidon\n|-damage|p1a: Miraidon|75\/100\n|\n|-weather|none\n|upkeep\n|turn|6\n|\n|t:|1699519129\n|switch|p2a: icanttalkplshelpme|Clodsire, F|100\/100\n|-damage|p2a: icanttalkplshelpme|88\/100|[from] Spikes\n|move|p1a: Miraidon|Taunt|p2a: icanttalkplshelpme\n|-start|p2a: icanttalkplshelpme|move: Taunt\n|\n|upkeep\n|turn|7\n|\n|t:|1699519134\n|switch|p1a: Arceus|Arceus-Fairy|100\/100\n|move|p2a: icanttalkplshelpme|Earthquake|p1a: Arceus\n|-damage|p1a: Arceus|85\/100\n|\n|upkeep\n|turn|8\n|\n|t:|1699519144\n|switch|p2a: Favonius|Corviknight, M|100\/100\n|-ability|p2a: Favonius|Pressure\n|move|p1a: Arceus|Earth Power|p2a: Favonius\n|-immune|p2a: Favonius\n|\n|upkeep\n|turn|9\n|\n|t:|1699519147\n|move|p1a: Arceus|Calm Mind|p1a: Arceus\n|-boost|p1a: Arceus|spa|1\n|-boost|p1a: Arceus|spd|1\n|move|p2a: Favonius|Defog|p1a: Arceus\n|-unboost|p1a: Arceus|evasion|1\n|-sideend|p2: Bka Onon|Spikes|[from] move: Defog|[of] p2a: Favonius\n|-fieldend|move: Electric Terrain\n|\n|upkeep\n|turn|10\n|\n|t:|1699519150\n|move|p1a: Arceus|Judgment|p2a: Favonius\n|-resisted|p2a: Favonius\n|-damage|p2a: Favonius|66\/100\n|move|p2a: Favonius|U-turn|p1a: Arceus\n|-resisted|p1a: Arceus\n|-damage|p1a: Arceus|80\/100\n|\n|t:|1699519159\n|switch|p2a: Dog III|Zacian-Crowned|100\/100|[from] U-turn\n|-ability|p2a: Dog III|Intrepid Sword|boost\n|-boost|p2a: Dog III|atk|1\n|\n|upkeep\n|turn|11\n|\n|t:|1699519162\n|move|p2a: Dog III|Behemoth Blade|p1a: Arceus\n|-supereffective|p1a: Arceus\n|-damage|p1a: Arceus|0 fnt\n|faint|p1a: Arceus\n|\n|upkeep\n|j| Zygarde is Bae\n|\n|t:|1699519168\n|switch|p1a: Zacian|Zacian-Crowned|100\/100\n|-ability|p1a: Zacian|Intrepid Sword|boost\n|-boost|p1a: Zacian|atk|1\n|turn|12\n|\n|t:|1699519177\n|switch|p2a: Gold D. Don|Groudon, shiny|100\/100\n|-weather|SunnyDay|[from] ability: Drought|[of] p2a: Gold D. Don\n|move|p1a: Zacian|Behemoth Blade|p2a: Gold D. Don\n|-damage|p2a: Gold D. Don|55\/100\n|\n|-weather|SunnyDay|[upkeep]\n|-heal|p2a: Gold D. Don|61\/100|[from] item: Leftovers\n|upkeep\n|turn|13\n|\n|t:|1699519184\n|switch|p1a: Koraidon|Koraidon|100\/100\n|-activate|p1a: Koraidon|ability: Orichalcum Pulse\n|move|p2a: Gold D. Don|Protect||[still]\n|-fail|p2a: Gold D. Don\n|\n|-weather|SunnyDay|[upkeep]\n|-heal|p2a: Gold D. Don|67\/100|[from] item: Leftovers\n|upkeep\n|turn|14\n|\n|t:|1699519189\n|move|p2a: Gold D. Don|Protect|p2a: Gold D. Don\n|-singleturn|p2a: Gold D. Don|Protect\n|move|p1a: Koraidon|Swords Dance|p1a: Koraidon\n|-boost|p1a: Koraidon|atk|2\n|\n|-weather|SunnyDay|[upkeep]\n|-heal|p2a: Gold D. Don|74\/100|[from] item: Leftovers\n|upkeep\n|turn|15\n|c| Zygarde is Bae|Dw here to root for you bka\n|c| Zygarde is Bae|<3\n|\n|t:|1699519194\n|-terastallize|p2a: Gold D. Don|Fairy\n|move|p1a: Koraidon|Scale Shot|p2a: Gold D. Don\n|-immune|p2a: Gold D. Don\n|move|p2a: Gold D. Don|Will-O-Wisp|p1a: Koraidon\n|-status|p1a: Koraidon|brn\n|\n|-weather|SunnyDay|[upkeep]\n|-heal|p2a: Gold D. Don|80\/100|[from] item: Leftovers\n|-damage|p1a: Koraidon|94\/100 brn|[from] brn\n|upkeep\n|turn|16\n|\n|t:|1699519204\n|switch|p1a: Clodsire|Clodsire, F|92\/100\n|move|p2a: Gold D. Don|Protect||[still]\n|-fail|p2a: Gold D. Don\n|\n|-weather|none\n|-heal|p2a: Gold D. Don|86\/100|[from] item: Leftovers\n|-heal|p1a: Clodsire|98\/100|[from] item: Leftovers\n|upkeep\n|turn|17\n|\n|t:|1699519209\n|switch|p2a: Dog III|Zacian-Crowned|100\/100\n|move|p1a: Clodsire|Toxic|p2a: Dog III\n|-immune|p2a: Dog III\n|\n|-heal|p1a: Clodsire|100\/100|[from] item: Leftovers\n|upkeep\n|turn|18\n|\n|t:|1699519226\n|switch|p2a: Favonius|Corviknight, M|66\/100\n|-ability|p2a: Favonius|Pressure\n|move|p1a: Clodsire|Spikes|p2a: Favonius\n|-sidestart|p2: Bka Onon|Spikes\n|\n|-heal|p2a: Favonius|72\/100|[from] item: Leftovers\n|upkeep\n|turn|19\n|\n|t:|1699519229\n|switch|p1a: Calyrex|Calyrex-Ice|100\/100\n|-ability|p1a: Calyrex|As One\n|-ability|p1a: Calyrex|Unnerve\n|move|p2a: Favonius|Defog|p1a: Calyrex\n|-unboost|p1a: Calyrex|evasion|1\n|-sideend|p2: Bka Onon|Spikes|[from] move: Defog|[of] p2a: Favonius\n|\n|-heal|p2a: Favonius|78\/100|[from] item: Leftovers\n|upkeep\n|turn|20\n|\n|t:|1699519236\n|move|p2a: Favonius|U-turn|p1a: Calyrex\n|-supereffective|p1a: Calyrex\n|-damage|p1a: Calyrex|84\/100\n|\n|t:|1699519243\n|switch|p2a: Pixie d'Arc|Arceus-Fairy|100\/100|[from] U-turn\n|move|p1a: Calyrex|Trick Room|p1a: Calyrex\n|-fieldstart|move: Trick Room|[of] p1a: Calyrex\n|\n|upkeep\n|turn|21\n|\n|t:|1699519254\n|move|p1a: Calyrex|Swords Dance|p1a: Calyrex\n|-boost|p1a: Calyrex|atk|2\n|move|p2a: Pixie d'Arc|Judgment|p1a: Calyrex\n|-damage|p1a: Calyrex|51\/100\n|\n|upkeep\n|turn|22\n|\n|t:|1699519263\n|move|p1a: Calyrex|Glacial Lance|p2a: Pixie d'Arc\n|-crit|p2a: Pixie d'Arc\n|-damage|p2a: Pixie d'Arc|0 fnt\n|faint|p2a: Pixie d'Arc\n|-ability|p1a: Calyrex|Chilling Neigh|boost\n|-boost|p1a: Calyrex|atk|1\n|\n|upkeep\n|\n|t:|1699519271\n|switch|p2a: Gold D. Don|Groudon, shiny, tera:Fairy|86\/100\n|-weather|SunnyDay|[from] ability: Drought|[of] p2a: Gold D. Don\n|turn|23\n|\n|t:|1699519273\n|move|p2a: Gold D. Don|Protect|p2a: Gold D. Don\n|-singleturn|p2a: Gold D. Don|Protect\n|move|p1a: Calyrex|Glacial Lance|p2a: Gold D. Don\n|-activate|p2a: Gold D. Don|move: Protect\n|\n|-weather|SunnyDay|[upkeep]\n|-heal|p2a: Gold D. Don|92\/100|[from] item: Leftovers\n|upkeep\n|turn|24\n|\n|t:|1699519279\n|switch|p2a: Dog III|Zacian-Crowned|100\/100\n|move|p1a: Calyrex|Glacial Lance|p2a: Dog III\n|-resisted|p2a: Dog III\n|-damage|p2a: Dog III|10\/100\n|\n|-weather|SunnyDay|[upkeep]\n|-fieldend|move: Trick Room\n|upkeep\n|turn|25\n|\n|t:|1699519288\n|-terastallize|p1a: Calyrex|Fire\n|move|p2a: Dog III|Behemoth Blade|p1a: Calyrex\n|-resisted|p1a: Calyrex\n|-damage|p1a: Calyrex|35\/100\n|move|p1a: Calyrex|Trick Room|p1a: Calyrex\n|-fieldstart|move: Trick Room|[of] p1a: Calyrex\n|\n|-weather|SunnyDay|[upkeep]\n|upkeep\n|turn|26\n|\n|t:|1699519294\n|move|p1a: Calyrex|Glacial Lance|p2a: Dog III\n|-resisted|p2a: Dog III\n|-damage|p2a: Dog III|0 fnt\n|faint|p2a: Dog III\n|-ability|p1a: Calyrex|Chilling Neigh|boost\n|-boost|p1a: Calyrex|atk|1\n|\n|-weather|SunnyDay|[upkeep]\n|upkeep\n|\n|t:|1699519298\n|switch|p2a: Gold D. Don|Groudon, shiny, tera:Fairy|92\/100\n|turn|27\n|\n|t:|1699519301\n|move|p2a: Gold D. Don|Protect|p2a: Gold D. Don\n|-singleturn|p2a: Gold D. Don|Protect\n|move|p1a: Calyrex|Glacial Lance|p2a: Gold D. Don\n|-activate|p2a: Gold D. Don|move: Protect\n|\n|-weather|none\n|-heal|p2a: Gold D. Don|99\/100|[from] item: Leftovers\n|upkeep\n|turn|28\n|\n|t:|1699519305\n|switch|p2a: Favonius|Corviknight, M|78\/100\n|-ability|p2a: Favonius|Pressure\n|move|p1a: Calyrex|Glacial Lance|p2a: Favonius\n|-damage|p2a: Favonius|0 fnt\n|faint|p2a: Favonius\n|-ability|p1a: Calyrex|Chilling Neigh|boost\n|-boost|p1a: Calyrex|atk|1\n|\n|upkeep\n|\n|t:|1699519307\n|switch|p2a: Gold D. Don|Groudon, shiny, tera:Fairy|99\/100\n|-weather|SunnyDay|[from] ability: Drought|[of] p2a: Gold D. Don\n|turn|29\n|\n|t:|1699519312\n|move|p2a: Gold D. Don|Protect|p2a: Gold D. Don\n|-singleturn|p2a: Gold D. Don|Protect\n|move|p1a: Calyrex|Glacial Lance|p2a: Gold D. Don\n|-activate|p2a: Gold D. Don|move: Protect\n|\n|-weather|SunnyDay|[upkeep]\n|-heal|p2a: Gold D. Don|100\/100|[from] item: Leftovers\n|-fieldend|move: Trick Room\n|upkeep\n|turn|30\n|\n|t:|1699519320\n|move|p2a: Gold D. Don|Precipice Blades|p1a: Calyrex\n|-supereffective|p1a: Calyrex\n|-damage|p1a: Calyrex|0 fnt\n|faint|p1a: Calyrex\n|\n|-weather|SunnyDay|[upkeep]\n|upkeep\n|\n|t:|1699519322\n|switch|p1a: Clodsire|Clodsire, F|100\/100\n|turn|31\n|\n|t:|1699519326\n|move|p2a: Gold D. Don|Precipice Blades|p1a: Clodsire\n|-supereffective|p1a: Clodsire\n|-damage|p1a: Clodsire|0 fnt\n|faint|p1a: Clodsire\n|\n|-weather|SunnyDay|[upkeep]\n|upkeep\n|\n|t:|1699519329\n|switch|p1a: Zacian|Zacian-Crowned|100\/100\n|turn|32\n|\n|t:|1699519341\n|move|p1a: Zacian|Swords Dance|p1a: Zacian\n|-boost|p1a: Zacian|atk|2\n|move|p2a: Gold D. Don|Will-O-Wisp|p1a: Zacian\n|-status|p1a: Zacian|brn\n|\n|-weather|SunnyDay|[upkeep]\n|-damage|p1a: Zacian|94\/100 brn|[from] brn\n|upkeep\n|turn|33\n|\n|t:|1699519344\n|move|p1a: Zacian|Behemoth Blade|p2a: Gold D. Don\n|-supereffective|p2a: Gold D. Don\n|-crit|p2a: Gold D. Don\n|-damage|p2a: Gold D. Don|10\/100\n|move|p2a: Gold D. Don|Precipice Blades|p1a: Zacian\n|-supereffective|p1a: Zacian\n|-damage|p1a: Zacian|0 fnt\n|faint|p1a: Zacian\n|\n|-weather|none\n|-heal|p2a: Gold D. Don|17\/100|[from] item: Leftovers\n|upkeep\n|\n|t:|1699519346\n|switch|p1a: Miraidon|Miraidon|75\/100\n|-fieldstart|move: Electric Terrain|[from] ability: Hadron Engine|[of] p1a: Miraidon\n|turn|34\n|\n|t:|1699519351\n|move|p1a: Miraidon|Parabolic Charge|p2a: Gold D. Don\n|-damage|p2a: Gold D. Don|0 fnt\n|-heal|p1a: Miraidon|84\/100|[from] drain|[of] p2a: Gold D. Don\n|faint|p2a: Gold D. Don\n|-damage|p1a: Miraidon|74\/100|[from] item: Life Orb\n|\n|upkeep\n|\n|t:|1699519355\n|switch|p2a: OH LA LA|Koraidon|100\/100\n|-weather|SunnyDay|[from] ability: Orichalcum Pulse|[of] p2a: OH LA LA\n|-activate|p2a: OH LA LA|Orichalcum Pulse|[source]\n|turn|35\n|\n|t:|1699519358\n|move|p2a: OH LA LA|Dragon Claw|p1a: Miraidon\n|-supereffective|p1a: Miraidon\n|-damage|p1a: Miraidon|0 fnt\n|faint|p1a: Miraidon\n|\n|-weather|SunnyDay|[upkeep]\n|upkeep\n|\n|t:|1699519360\n|switch|p1a: Koraidon|Koraidon|94\/100 brn\n|-activate|p1a: Koraidon|ability: Orichalcum Pulse\n|turn|36\n|\n|t:|1699519363\n|move|p2a: OH LA LA|Dragon Claw|p1a: Koraidon\n|-supereffective|p1a: Koraidon\n|-damage|p1a: Koraidon|0 fnt\n|faint|p1a: Koraidon\n|\n|win|Bka Onon\n|c|\u2606Bka Onon|gg\n|c|\u2606ohiotrainer69|Gg\n|l| Zygarde is Bae\n|l|\u2606Bka Onon\n|l|\u2606ohiotrainer69\n|j|\u2606ohiotrainer69\n|player|p1|ohiotrainer69|101\n","uploadtime":1699519370,"views":48,"p1id":"ohiotrainer69","p2id":"bkaonon","formatid":"gen9ubers","rating":0,"private":0,"password":""}