{"id":"gen9ubers-1984154766","p1":"Spectrum725","p2":"BlazerZX","format":"[Gen 9] Ubers","log":"|j|\u2606Spectrum725\n|j|\u2606BlazerZX\n|t:|1699224405\n|gametype|singles\n|player|p1|Spectrum725|waiter-gen4dp|\n|player|p2|BlazerZX|clair|\n|teamsize|p1|6\n|teamsize|p2|6\n|gen|9\n|tier|[Gen 9] Ubers\n|rule|Sleep Clause Mod: Limit one foe put to sleep\n|rule|Species Clause: Limit one of each Pok\u00e9mon\n|rule|OHKO Clause: OHKO moves are banned\n|rule|Evasion Items Clause: Evasion items are banned\n|rule|Evasion Moves Clause: Evasion moves are banned\n|rule|Endless Battle Clause: Forcing endless battles is banned\n|rule|HP Percentage Mod: HP is shown in percentages\n|clearpoke\n|poke|p1|Torkoal, F|\n|poke|p1|Walking Wake|\n|poke|p1|Chi-Yu|\n|poke|p1|Arceus-Grass|\n|poke|p1|Zacian-*|\n|poke|p1|Magearna-Original|\n|poke|p2|Urshifu-*, F|\n|poke|p2|Shaymin-Sky|\n|poke|p2|Dialga|\n|poke|p2|Zacian-*|\n|poke|p2|Spectrier|\n|poke|p2|Ursaluna-Bloodmoon, M|\n|teampreview\n|c|\u2606Spectrum725|can you post replay1\n|c|\u2606BlazerZX|okay\n|c|\u2606Spectrum725|ty\n|c|\u2606Spectrum725|im on mobile so itd disconnect me\n|\n|t:|1699224491\n|start\n|switch|p1a: Magearna|Magearna-Original|100\/100\n|switch|p2a: Urshifu|Urshifu-Rapid-Strike, F|100\/100\n|turn|1\n|\n|t:|1699224509\n|move|p2a: Urshifu|U-turn|p1a: Magearna\n|-resisted|p1a: Magearna\n|-damage|p1a: Magearna|93\/100\n|\n|t:|1699224520\n|switch|p2a: Dialga|Dialga|100\/100|[from] U-turn\n|-ability|p2a: Dialga|Pressure\n|move|p1a: Magearna|Spikes|p2a: Dialga\n|-sidestart|p2: BlazerZX|Spikes\n|\n|-heal|p1a: Magearna|99\/100|[from] item: Leftovers\n|upkeep\n|turn|2\n|\n|t:|1699224530\n|move|p2a: Dialga|Stealth Rock|p1a: Magearna\n|-sidestart|p1: Spectrum725|move: Stealth Rock\n|move|p1a: Magearna|Thunder Wave|p2a: Dialga\n|-status|p2a: Dialga|par\n|\n|-heal|p1a: Magearna|100\/100|[from] item: Leftovers\n|upkeep\n|turn|3\n|\n|t:|1699224539\n|move|p1a: Magearna|Spikes|p2a: Dialga\n|-sidestart|p2: BlazerZX|Spikes\n|move|p2a: Dialga|Flash Cannon|p1a: Magearna\n|-damage|p1a: Magearna|70\/100\n|\n|-heal|p1a: Magearna|76\/100|[from] item: Leftovers\n|upkeep\n|turn|4\n|\n|t:|1699224548\n|move|p1a: Magearna|Thunder Wave|p2a: Dialga\n|-fail|p2a: Dialga|par\n|move|p2a: Dialga|Flash Cannon|p1a: Magearna\n|-crit|p1a: Magearna\n|-damage|p1a: Magearna|26\/100\n|-unboost|p1a: Magearna|spd|1\n|\n|-heal|p1a: Magearna|32\/100|[from] item: Leftovers\n|upkeep\n|turn|5\n|c|\u2606Spectrum725|w misclick\n|c|\u2606Spectrum725|eugh\n|\n|t:|1699224559\n|move|p1a: Magearna|Spikes|p2a: Dialga\n|-sidestart|p2: BlazerZX|Spikes\n|move|p2a: Dialga|Flash Cannon|p1a: Magearna\n|-damage|p1a: Magearna|0 fnt\n|faint|p1a: Magearna\n|\n|upkeep\n|\n|t:|1699224576\n|switch|p1a: Torkoal|Torkoal, F|100\/100\n|-damage|p1a: Torkoal|75\/100|[from] Stealth Rock\n|-weather|SunnyDay|[from] ability: Drought|[of] p1a: Torkoal\n|turn|6\n|l|\u2606Spectrum725\n|player|p1|\n|j|\u2606Spectrum725\n|player|p1|Spectrum725|waiter-gen4dp\n|inactive|Battle timer is ON: inactive players will automatically lose when time's up. (requested by Spectrum725)\n|inactiveoff|Battle timer is now OFF.\n|\n|t:|1699224710\n|switch|p2a: Ursaluna|Ursaluna-Bloodmoon, M|100\/100\n|-damage|p2a: Ursaluna|76\/100|[from] Spikes\n|move|p1a: Torkoal|Rapid Spin|p2a: Ursaluna\n|-damage|p2a: Ursaluna|71\/100\n|-boost|p1a: Torkoal|spe|1\n|-sideend|p1: Spectrum725|Stealth Rock|[from] move: Rapid Spin|[of] p1a: Torkoal\n|\n|-weather|SunnyDay|[upkeep]\n|upkeep\n|turn|7\n|\n|t:|1699224719\n|switch|p1a: Arceus|Arceus-Grass|100\/100\n|move|p2a: Ursaluna|Earth Power|p1a: Arceus\n|-resisted|p1a: Arceus\n|-damage|p1a: Arceus|88\/100\n|\n|-weather|SunnyDay|[upkeep]\n|upkeep\n|turn|8\n|\n|t:|1699224728\n|switch|p2a: Shaymin|Shaymin-Sky|100\/100\n|move|p1a: Arceus|Taunt|p2a: Shaymin\n|-start|p2a: Shaymin|move: Taunt\n|\n|-weather|SunnyDay|[upkeep]\n|upkeep\n|turn|9\n|\n|t:|1699224736\n|switch|p1a: Walking Wake|Walking Wake|100\/100\n|-activate|p1a: Walking Wake|ability: Protosynthesis\n|-start|p1a: Walking Wake|protosynthesisspe\n|move|p2a: Shaymin|Air Slash|p1a: Walking Wake\n|-damage|p1a: Walking Wake|46\/100\n|\n|-weather|SunnyDay|[upkeep]\n|upkeep\n|turn|10\n|\n|t:|1699224801\n|switch|p2a: Ursaluna|Ursaluna-Bloodmoon, M|71\/100\n|-damage|p2a: Ursaluna|46\/100|[from] Spikes\n|move|p1a: Walking Wake|Hydro Steam|p2a: Ursaluna\n|-supereffective|p2a: Ursaluna\n|-damage|p2a: Ursaluna|0 fnt\n|faint|p2a: Ursaluna\n|\n|-weather|SunnyDay|[upkeep]\n|upkeep\n|\n|t:|1699224813\n|switch|p2a: Shaymin|Shaymin-Sky|100\/100\n|turn|11\n|\n|t:|1699224821\n|move|p1a: Walking Wake|Hydro Steam|p2a: Shaymin\n|-resisted|p2a: Shaymin\n|-damage|p2a: Shaymin|42\/100\n|move|p2a: Shaymin|Substitute|p2a: Shaymin\n|-start|p2a: Shaymin|Substitute\n|-damage|p2a: Shaymin|17\/100\n|\n|-weather|SunnyDay|[upkeep]\n|upkeep\n|turn|12\n|\n|t:|1699224827\n|move|p1a: Walking Wake|Hydro Steam|p2a: Shaymin\n|-resisted|p2a: Shaymin\n|-end|p2a: Shaymin|Substitute\n|move|p2a: Shaymin|Air Slash|p1a: Walking Wake\n|-damage|p1a: Walking Wake|0 fnt\n|faint|p1a: Walking Wake\n|-end|p1a: Walking Wake|Protosynthesis|[silent]\n|\n|-weather|SunnyDay|[upkeep]\n|upkeep\n|\n|t:|1699224835\n|switch|p1a: Chi-Yu|Chi-Yu|100\/100\n|-ability|p1a: Chi-Yu|Beads of Ruin\n|turn|13\n|l|\u2606Spectrum725\n|player|p1|\n|\n|t:|1699224891\n|switch|p2a: Spectrier|Spectrier|100\/100\n|move|p1a: Chi-Yu|Psychic|p2a: Spectrier\n|-damage|p2a: Spectrier|49\/100\n|\n|-weather|none\n|upkeep\n|turn|14\n|j|\u2606Spectrum725\n|player|p1|Spectrum725|waiter-gen4dp\n|\n|t:|1699224904\n|move|p1a: Chi-Yu|Psychic|p2a: Spectrier\n|-damage|p2a: Spectrier|0 fnt\n|faint|p2a: Spectrier\n|\n|upkeep\n|\n|t:|1699224914\n|switch|p2a: Dialga|Dialga|100\/100 par\n|-damage|p2a: Dialga|75\/100 par|[from] Spikes\n|-ability|p2a: Dialga|Pressure\n|turn|15\n|\n|t:|1699224927\n|switch|p1a: Arceus|Arceus-Grass|88\/100\n|move|p2a: Dialga|Stealth Rock|p1a: Arceus\n|-sidestart|p1: Spectrum725|move: Stealth Rock\n|\n|upkeep\n|turn|16\n|\n|t:|1699224938\n|move|p1a: Arceus|Calm Mind|p1a: Arceus\n|-boost|p1a: Arceus|spa|1\n|-boost|p1a: Arceus|spd|1\n|move|p2a: Dialga|Flash Cannon|p1a: Arceus\n|-damage|p1a: Arceus|67\/100\n|\n|upkeep\n|turn|17\n|\n|t:|1699224949\n|switch|p2a: Shaymin|Shaymin-Sky|17\/100\n|move|p1a: Arceus|Judgment|p2a: Shaymin\n|-resisted|p2a: Shaymin\n|-damage|p2a: Shaymin|0 fnt\n|faint|p2a: Shaymin\n|\n|upkeep\n|\n|t:|1699224960\n|switch|p2a: Zacian|Zacian|100\/100\n|-damage|p2a: Zacian|76\/100|[from] Spikes\n|-ability|p2a: Zacian|Intrepid Sword|boost\n|-boost|p2a: Zacian|atk|1\n|turn|18\n|\n|t:|1699224967\n|move|p2a: Zacian|Swords Dance|p2a: Zacian\n|-boost|p2a: Zacian|atk|2\n|move|p1a: Arceus|Judgment|p2a: Zacian\n|-damage|p2a: Zacian|9\/100\n|\n|upkeep\n|turn|19\n|\n|t:|1699224976\n|move|p2a: Zacian|Play Rough|p1a: Arceus\n|-damage|p1a: Arceus|0 fnt\n|faint|p1a: Arceus\n|\n|upkeep\n|\n|t:|1699224979\n|switch|p1a: Torkoal|Torkoal, F|75\/100\n|-damage|p1a: Torkoal|50\/100|[from] Stealth Rock\n|-weather|SunnyDay|[from] ability: Drought|[of] p1a: Torkoal\n|turn|20\n|\n|t:|1699224991\n|move|p2a: Zacian|Close Combat|p1a: Torkoal\n|-damage|p1a: Torkoal|0 fnt\n|-unboost|p2a: Zacian|def|1\n|-unboost|p2a: Zacian|spd|1\n|faint|p1a: Torkoal\n|\n|-weather|SunnyDay|[upkeep]\n|upkeep\n|\n|t:|1699225007\n|switch|p1a: Chi-Yu|Chi-Yu|100\/100\n|-damage|p1a: Chi-Yu|76\/100|[from] Stealth Rock\n|-ability|p1a: Chi-Yu|Beads of Ruin\n|turn|21\n|\n|t:|1699225021\n|move|p1a: Chi-Yu|Flamethrower|p2a: Zacian\n|-damage|p2a: Zacian|0 fnt\n|faint|p2a: Zacian\n|\n|-weather|SunnyDay|[upkeep]\n|upkeep\n|\n|t:|1699225027\n|switch|p2a: Urshifu|Urshifu-Rapid-Strike, F|100\/100\n|-damage|p2a: Urshifu|76\/100|[from] Spikes\n|turn|22\n|\n|t:|1699225035\n|-terastallize|p1a: Chi-Yu|Fire\n|move|p1a: Chi-Yu|Flamethrower|p2a: Urshifu\n|-resisted|p2a: Urshifu\n|-damage|p2a: Urshifu|0 fnt\n|faint|p2a: Urshifu\n|\n|-weather|SunnyDay|[upkeep]\n|upkeep\n|\n|t:|1699225041\n|switch|p2a: Dialga|Dialga|75\/100 par\n|-damage|p2a: Dialga|50\/100 par|[from] Spikes\n|-ability|p2a: Dialga|Pressure\n|turn|23\n|\n|t:|1699225053\n|-terastallize|p2a: Dialga|Water\n|move|p1a: Chi-Yu|Flamethrower|p2a: Dialga\n|-resisted|p2a: Dialga\n|-damage|p2a: Dialga|0 fnt\n|faint|p2a: Dialga\n|\n|win|Spectrum725\n|c|\u2606Spectrum725|gg\n|l|\u2606Spectrum725\n|c|\u2606BlazerZX|gg\n","uploadtime":1699225063,"views":21,"p1id":"spectrum725","p2id":"blazerzx","formatid":"gen9ubers","rating":0,"private":0,"password":""}