{"id":"gen9ubers-1999293070","p1":"curtisthecacnea","p2":"RyzEr Chris","format":"[Gen 9] Ubers","log":"|j|\u2606curtisthecacnea\n|j|\u2606RyzEr Chris\n|t:|1701056080\n|gametype|singles\n|player|p1|curtisthecacnea|veteran|\n|player|p2|RyzEr Chris|266|\n|teamsize|p1|6\n|teamsize|p2|6\n|gen|9\n|tier|[Gen 9] Ubers\n|rule|Sleep Clause Mod: Limit one foe put to sleep\n|rule|Species Clause: Limit one of each Pok\u00e9mon\n|rule|OHKO Clause: OHKO moves are banned\n|rule|Evasion Items Clause: Evasion items are banned\n|rule|Evasion Moves Clause: Evasion moves are banned\n|rule|Endless Battle Clause: Forcing endless battles is banned\n|rule|HP Percentage Mod: HP is shown in percentages\n|clearpoke\n|poke|p1|Samurott-Hisui, M|\n|poke|p1|Gholdengo|\n|poke|p1|Espeon, F|\n|poke|p1|Sylveon, M|\n|poke|p1|Cinderace, M|\n|poke|p1|Grafaiai, M|\n|poke|p2|Annihilape, F|\n|poke|p2|Chi-Yu|\n|poke|p2|Amoonguss, F|\n|poke|p2|Baxcalibur, F|\n|poke|p2|Iron Jugulis|\n|poke|p2|Orthworm, F|\n|teampreview\n|c|\u2606RyzEr Chris|glhf\n|j| The ShaqtusLOL\n|j| Scottowo\n|j| IshaNn\n|j| Ghantist\n|j| hatev2\n|j| Siffs\n|c|\u2606curtisthecacnea|gl hf\n|\n|t:|1701056149\n|start\n|switch|p1a: Espeon|Espeon, F|100\/100\n|switch|p2a: Chi-Yu|Chi-Yu|100\/100\n|-ability|p2a: Chi-Yu|Beads of Ruin\n|turn|1\n|l| Scottowo\n|\n|t:|1701056179\n|switch|p1a: Samurott|Samurott-Hisui, M|100\/100\n|move|p2a: Chi-Yu|Fire Blast|p1a: Samurott\n|-resisted|p1a: Samurott\n|-damage|p1a: Samurott|66\/100\n|\n|upkeep\n|turn|2\n|\n|t:|1701056193\n|switch|p2a: Amoonguss|Amoonguss, F|100\/100\n|move|p1a: Samurott|Ceaseless Edge|p2a: Amoonguss\n|-damage|p2a: Amoonguss|54\/100\n|-damage|p1a: Samurott|49\/100|[from] item: Rocky Helmet|[of] p2a: Amoonguss\n|-sidestart|p2: RyzEr Chris|Spikes\n|\n|upkeep\n|turn|3\n|\n|t:|1701056218\n|switch|p1a: Gholdengo|Gholdengo|100\/100\n|move|p2a: Amoonguss|Spore|p1a: Gholdengo\n|-immune|p1a: Gholdengo|[from] ability: Good as Gold\n|\n|upkeep\n|turn|4\n|\n|t:|1701056264\n|switch|p2a: Chi-Yu|Chi-Yu|100\/100\n|-damage|p2a: Chi-Yu|88\/100|[from] Spikes\n|-ability|p2a: Chi-Yu|Beads of Ruin\n|move|p1a: Gholdengo|Make It Rain|p2a: Chi-Yu\n|-resisted|p2a: Chi-Yu\n|-damage|p2a: Chi-Yu|50\/100\n|-unboost|p1a: Gholdengo|spa|1\n|\n|upkeep\n|turn|5\n|\n|t:|1701056335\n|switch|p1a: Samurott|Samurott-Hisui, M|49\/100\n|move|p2a: Chi-Yu|Fire Blast|p1a: Samurott\n|-resisted|p1a: Samurott\n|-damage|p1a: Samurott|12\/100\n|-status|p1a: Samurott|brn\n|\n|-damage|p1a: Samurott|6\/100 brn|[from] brn\n|upkeep\n|turn|6\n|\n|t:|1701056369\n|switch|p2a: Amoonguss|Amoonguss, F|88\/100\n|-damage|p2a: Amoonguss|75\/100|[from] Spikes\n|move|p1a: Samurott|Sucker Punch||[still]\n|-fail|p1a: Samurott\n|\n|-damage|p1a: Samurott|0 fnt|[from] brn\n|faint|p1a: Samurott\n|upkeep\n|\n|t:|1701056393\n|switch|p1a: Cinderace|Cinderace, M|100\/100\n|turn|7\n|\n|t:|1701056440\n|switch|p2a: Iron Jugulis|Iron Jugulis|100\/100\n|-enditem|p2a: Iron Jugulis|Booster Energy\n|-activate|p2a: Iron Jugulis|ability: Quark Drive|[fromitem]\n|-start|p2a: Iron Jugulis|quarkdrivespe\n|move|p1a: Cinderace|Pyro Ball|p2a: Iron Jugulis\n|-damage|p2a: Iron Jugulis|25\/100\n|\n|upkeep\n|turn|8\n|\n|t:|1701056453\n|switch|p1a: Sylveon|Sylveon, M|100\/100\n|move|p2a: Iron Jugulis|Earth Power|p1a: Sylveon\n|-damage|p1a: Sylveon|85\/100\n|\n|-heal|p1a: Sylveon|91\/100|[from] item: Leftovers\n|upkeep\n|turn|9\n|j| ThatGuyAltro\n|\n|t:|1701056472\n|-end|p2a: Iron Jugulis|Quark Drive|[silent]\n|switch|p2a: Orthworm|Orthworm, F|100\/100\n|-damage|p2a: Orthworm|88\/100|[from] Spikes\n|move|p1a: Sylveon|Hyper Voice|p2a: Orthworm\n|-resisted|p2a: Orthworm\n|-damage|p2a: Orthworm|54\/100\n|\n|-heal|p1a: Sylveon|97\/100|[from] item: Leftovers\n|upkeep\n|turn|10\n|\n|t:|1701056491\n|switch|p1a: Espeon|Espeon, F|100\/100\n|move|p2a: Orthworm|Stealth Rock|p1a: Espeon\n|move|p1a: Espeon|Stealth Rock|p2a: Orthworm|[from]ability: Magic Bounce\n|-sidestart|p2: RyzEr Chris|move: Stealth Rock\n|\n|upkeep\n|turn|11\n|\n|t:|1701056540\n|move|p1a: Espeon|Shadow Ball|p2a: Orthworm\n|-damage|p2a: Orthworm|0 fnt\n|faint|p2a: Orthworm\n|\n|upkeep\n|\n|t:|1701056557\n|switch|p2a: Baxcalibur|Baxcalibur, F|100\/100\n|-damage|p2a: Baxcalibur|88\/100|[from] Spikes\n|-damage|p2a: Baxcalibur|63\/100|[from] Stealth Rock\n|turn|12\n|\n|t:|1701056612\n|switch|p1a: Grafaiai|Grafaiai, M|100\/100\n|move|p2a: Baxcalibur|Dragon Dance|p2a: Baxcalibur\n|-boost|p2a: Baxcalibur|atk|1\n|-boost|p2a: Baxcalibur|spe|1\n|\n|upkeep\n|turn|13\n|\n|t:|1701056625\n|move|p1a: Grafaiai|Encore|p2a: Baxcalibur\n|-start|p2a: Baxcalibur|Encore\n|move|p2a: Baxcalibur|Dragon Dance|p2a: Baxcalibur\n|-boost|p2a: Baxcalibur|atk|1\n|-boost|p2a: Baxcalibur|spe|1\n|\n|upkeep\n|turn|14\n|c| Ghantist|classic\n|\n|t:|1701056638\n|switch|p2a: Annihilape|Annihilape, F|100\/100\n|-damage|p2a: Annihilape|88\/100|[from] Spikes\n|-damage|p2a: Annihilape|82\/100|[from] Stealth Rock\n|move|p1a: Grafaiai|Poison Jab|p2a: Annihilape\n|-resisted|p2a: Annihilape\n|-damage|p2a: Annihilape|63\/100\n|\n|-heal|p2a: Annihilape|69\/100|[from] item: Leftovers\n|upkeep\n|turn|15\n|\n|t:|1701056684\n|move|p1a: Grafaiai|Toxic|p2a: Annihilape\n|-status|p2a: Annihilape|tox\n|move|p2a: Annihilape|Drain Punch|p1a: Grafaiai\n|-damage|p1a: Grafaiai|61\/100\n|-heal|p2a: Annihilape|85\/100 tox|[from] drain|[of] p1a: Grafaiai\n|\n|-heal|p2a: Annihilape|91\/100 tox|[from] item: Leftovers\n|-damage|p2a: Annihilape|85\/100 tox|[from] psn\n|upkeep\n|turn|16\n|\n|t:|1701056694\n|move|p1a: Grafaiai|Parting Shot|p2a: Annihilape\n|-unboost|p2a: Annihilape|atk|1\n|-ability|p2a: Annihilape|Defiant|boost\n|-boost|p2a: Annihilape|atk|2\n|-unboost|p2a: Annihilape|spa|1\n|-ability|p2a: Annihilape|Defiant|boost\n|-boost|p2a: Annihilape|atk|2\n|\n|t:|1701056696\n|switch|p1a: Gholdengo|Gholdengo|100\/100|[from] Parting Shot\n|move|p2a: Annihilape|Drain Punch|p1a: Gholdengo\n|-immune|p1a: Gholdengo\n|\n|-heal|p2a: Annihilape|91\/100 tox|[from] item: Leftovers\n|-damage|p2a: Annihilape|79\/100 tox|[from] psn\n|upkeep\n|turn|17\n|\n|t:|1701056741\n|switch|p1a: Grafaiai|Grafaiai, M|61\/100\n|move|p2a: Annihilape|Rage Fist|p1a: Grafaiai\n|-immune|p1a: Grafaiai\n|\n|-heal|p2a: Annihilape|85\/100 tox|[from] item: Leftovers\n|-damage|p2a: Annihilape|66\/100 tox|[from] psn\n|upkeep\n|turn|18\n|\n|t:|1701056763\n|move|p1a: Grafaiai|Encore|p2a: Annihilape\n|-start|p2a: Annihilape|Encore\n|move|p2a: Annihilape|Rage Fist|p1a: Grafaiai\n|-immune|p1a: Grafaiai\n|\n|-heal|p2a: Annihilape|72\/100 tox|[from] item: Leftovers\n|-damage|p2a: Annihilape|48\/100 tox|[from] psn\n|upkeep\n|turn|19\n|\n|t:|1701056785\n|switch|p2a: Amoonguss|Amoonguss, F|100\/100\n|-damage|p2a: Amoonguss|88\/100|[from] Spikes\n|-damage|p2a: Amoonguss|76\/100|[from] Stealth Rock\n|move|p1a: Grafaiai|Poison Jab|p2a: Amoonguss\n|-damage|p2a: Amoonguss|39\/100\n|-damage|p1a: Grafaiai|45\/100|[from] item: Rocky Helmet|[of] p2a: Amoonguss\n|\n|upkeep\n|turn|20\n|\n|t:|1701056800\n|move|p1a: Grafaiai|Parting Shot|p2a: Amoonguss\n|-unboost|p2a: Amoonguss|atk|1\n|-unboost|p2a: Amoonguss|spa|1\n|\n|t:|1701056803\n|switch|p1a: Gholdengo|Gholdengo|100\/100|[from] Parting Shot\n|move|p2a: Amoonguss|Spore|p1a: Gholdengo\n|-immune|p1a: Gholdengo|[from] ability: Good as Gold\n|\n|upkeep\n|turn|21\n|\n|t:|1701056820\n|move|p1a: Gholdengo|Make It Rain|p2a: Amoonguss\n|-damage|p2a: Amoonguss|0 fnt\n|-unboost|p1a: Gholdengo|spa|1\n|faint|p2a: Amoonguss\n|\n|upkeep\n|\n|t:|1701056859\n|switch|p2a: Iron Jugulis|Iron Jugulis|25\/100\n|-damage|p2a: Iron Jugulis|0 fnt|[from] Stealth Rock\n|faint|p2a: Iron Jugulis\n|-end|p2a: Iron Jugulis|Quark Drive|[silent]\n|\n|t:|1701056872\n|switch|p2a: Chi-Yu|Chi-Yu|50\/100\n|-damage|p2a: Chi-Yu|38\/100|[from] Spikes\n|-damage|p2a: Chi-Yu|13\/100|[from] Stealth Rock\n|-ability|p2a: Chi-Yu|Beads of Ruin\n|turn|22\n|\n|t:|1701056906\n|switch|p1a: Cinderace|Cinderace, M|100\/100\n|move|p2a: Chi-Yu|Fire Blast|p1a: Cinderace\n|-resisted|p1a: Cinderace\n|-damage|p1a: Cinderace|43\/100\n|\n|upkeep\n|turn|23\n|\n|t:|1701056919\n|move|p1a: Cinderace|U-turn|p2a: Chi-Yu\n|-start|p1a: Cinderace|typechange|Bug|[from] ability: Libero\n|-damage|p2a: Chi-Yu|0 fnt\n|faint|p2a: Chi-Yu\n|\n|t:|1701056924\n|switch|p1a: Espeon|Espeon, F|100\/100|[from] U-turn\n|\n|upkeep\n|l| IshaNn\n|\n|t:|1701056931\n|switch|p2a: Annihilape|Annihilape, F|48\/100 tox\n|-damage|p2a: Annihilape|35\/100 tox|[from] Spikes\n|-damage|p2a: Annihilape|29\/100 tox|[from] Stealth Rock\n|turn|24\n|\n|t:|1701056937\n|move|p1a: Espeon|Dazzling Gleam|p2a: Annihilape\n|-supereffective|p2a: Annihilape\n|-damage|p2a: Annihilape|0 fnt\n|faint|p2a: Annihilape\n|\n|upkeep\n|\n|t:|1701056941\n|switch|p2a: Baxcalibur|Baxcalibur, F|63\/100\n|-damage|p2a: Baxcalibur|51\/100|[from] Spikes\n|-damage|p2a: Baxcalibur|26\/100|[from] Stealth Rock\n|turn|25\n|c|\u2606RyzEr Chris|gg\n|\n|t:|1701056946\n|move|p1a: Espeon|Dazzling Gleam|p2a: Baxcalibur\n|-supereffective|p2a: Baxcalibur\n|-damage|p2a: Baxcalibur|0 fnt\n|faint|p2a: Baxcalibur\n|\n|win|curtisthecacnea\n|c|\u2606curtisthecacnea|gg\n|c| hatev2|gg's chat\n|l| hatev2\n|l|\u2606RyzEr Chris\n","uploadtime":1701056966,"views":14,"p1id":"curtisthecacnea","p2id":"ryzerchris","formatid":"gen9ubers","rating":0,"private":0,"password":""}