{"id":"gen9ubers-1970013560","p1":"Albaz Brand","p2":"Lord Femboy","format":"[Gen 9] Ubers","log":"|j|\u2606Albaz Brand\n|j|\u2606Lord Femboy\n|t:|1697585143\n|gametype|singles\n|player|p1|Albaz Brand|bellelba|\n|player|p2|Lord Femboy|2|\n|teamsize|p1|6\n|teamsize|p2|6\n|gen|9\n|tier|[Gen 9] Ubers\n|rule|Sleep Clause Mod: Limit one foe put to sleep\n|rule|Species Clause: Limit one of each Pok\u00e9mon\n|rule|OHKO Clause: OHKO moves are banned\n|rule|Evasion Items Clause: Evasion items are banned\n|rule|Evasion Moves Clause: Evasion moves are banned\n|rule|Endless Battle Clause: Forcing endless battles is banned\n|rule|HP Percentage Mod: HP is shown in percentages\n|clearpoke\n|poke|p1|Spectrier|\n|poke|p1|Zacian-*|\n|poke|p1|Palkia-Origin|\n|poke|p1|Roaring Moon|\n|poke|p1|Iron Moth|\n|poke|p1|Palafin, F|\n|poke|p2|Magearna|\n|poke|p2|Cyclizar, F|\n|poke|p2|Ursaluna, F|\n|poke|p2|Dialga-Origin|\n|poke|p2|Cresselia, F|\n|poke|p2|Zacian-*|\n|teampreview\n|c|\u2606Albaz Brand|GLHF\n|c|\u2606Lord Femboy|okie zero\n|c|\u2606Lord Femboy|u2\n|\n|t:|1697585164\n|start\n|switch|p1a: Iron Moth|Iron Moth|100\/100\n|switch|p2a: Magearna|Magearna|100\/100\n|-enditem|p1a: Iron Moth|Booster Energy\n|-activate|p1a: Iron Moth|ability: Quark Drive|[fromitem]\n|-start|p1a: Iron Moth|quarkdrivespe\n|turn|1\n|\n|t:|1697585169\n|move|p1a: Iron Moth|Fiery Dance|p2a: Magearna\n|-supereffective|p2a: Magearna\n|-damage|p2a: Magearna|53\/100\n|-boost|p1a: Iron Moth|spa|1\n|move|p2a: Magearna|Trick Room|p2a: Magearna\n|-fieldstart|move: Trick Room|[of] p2a: Magearna\n|\n|upkeep\n|turn|2\n|\n|t:|1697585176\n|move|p2a: Magearna|Spikes|p1a: Iron Moth\n|-sidestart|p1: Albaz Brand|Spikes\n|move|p1a: Iron Moth|Fiery Dance|p2a: Magearna\n|-supereffective|p2a: Magearna\n|-damage|p2a: Magearna|0 fnt\n|faint|p2a: Magearna\n|\n|upkeep\n|\n|t:|1697585179\n|switch|p2a: Ursaluna|Ursaluna, F, shiny|100\/100\n|turn|3\n|\n|t:|1697585183\n|-terastallize|p1a: Iron Moth|Grass\n|move|p2a: Ursaluna|Headlong Rush|p1a: Iron Moth\n|-resisted|p1a: Iron Moth\n|-damage|p1a: Iron Moth|44\/100\n|-unboost|p2a: Ursaluna|def|1\n|-unboost|p2a: Ursaluna|spd|1\n|move|p1a: Iron Moth|Energy Ball|p2a: Ursaluna\n|-supereffective|p2a: Ursaluna\n|-damage|p2a: Ursaluna|0 fnt\n|faint|p2a: Ursaluna\n|\n|upkeep\n|\n|t:|1697585187\n|switch|p2a: Dialga|Dialga-Origin|100\/100\n|-ability|p2a: Dialga|Pressure\n|turn|4\n|\n|t:|1697585194\n|move|p2a: Dialga|Flash Cannon|p1a: Iron Moth\n|-damage|p1a: Iron Moth|0 fnt\n|faint|p1a: Iron Moth\n|-end|p1a: Iron Moth|Quark Drive|[silent]\n|\n|upkeep\n|\n|t:|1697585199\n|switch|p1a: Palafin|Palafin, F|100\/100\n|-damage|p1a: Palafin|88\/100|[from] Spikes\n|turn|5\n|\n|t:|1697585210\n|move|p2a: Dialga|Draco Meteor|p1a: Palafin\n|-damage|p1a: Palafin|0 fnt\n|-unboost|p2a: Dialga|spa|2\n|faint|p1a: Palafin\n|\n|-fieldend|move: Trick Room\n|upkeep\n|\n|t:|1697585220\n|switch|p1a: Zacian|Zacian|100\/100\n|-damage|p1a: Zacian|88\/100|[from] Spikes\n|-ability|p1a: Zacian|Intrepid Sword|boost\n|-boost|p1a: Zacian|atk|1\n|turn|6\n|\n|t:|1697585228\n|switch|p2a: Cresselia|Cresselia, F, shiny|100\/100\n|move|p1a: Zacian|Close Combat|p2a: Cresselia\n|-resisted|p2a: Cresselia\n|-damage|p2a: Cresselia|73\/100\n|-unboost|p1a: Zacian|def|1\n|-unboost|p1a: Zacian|spd|1\n|-damage|p1a: Zacian|78\/100|[from] item: Life Orb\n|\n|-heal|p2a: Cresselia|79\/100|[from] item: Leftovers\n|upkeep\n|turn|7\n|\n|t:|1697585235\n|move|p1a: Zacian|Iron Head|p2a: Cresselia\n|-damage|p2a: Cresselia|46\/100\n|-damage|p1a: Zacian|68\/100|[from] item: Life Orb\n|move|p2a: Cresselia|Trick Room|p2a: Cresselia\n|-fieldstart|move: Trick Room|[of] p2a: Cresselia\n|\n|-heal|p2a: Cresselia|52\/100|[from] item: Leftovers\n|upkeep\n|turn|8\n|\n|t:|1697585245\n|move|p2a: Cresselia|Lunar Dance|p2a: Cresselia\n|faint|p2a: Cresselia\n|move|p1a: Zacian|Play Rough|p2: Cresselia|[notarget]\n|-fail|p1a: Zacian\n|\n|upkeep\n|\n|t:|1697585249\n|switch|p2a: Dialga|Dialga-Origin|100\/100\n|-heal|p2a: Dialga|100\/100|[from] move: Lunar Dance\n|-ability|p2a: Dialga|Pressure\n|turn|9\n|\n|t:|1697585252\n|move|p2a: Dialga|Flash Cannon|p1a: Zacian\n|-supereffective|p1a: Zacian\n|-damage|p1a: Zacian|0 fnt\n|faint|p1a: Zacian\n|\n|upkeep\n|\n|t:|1697585260\n|switch|p1a: Palkia|Palkia-Origin|100\/100\n|-damage|p1a: Palkia|88\/100|[from] Spikes\n|-ability|p1a: Palkia|Pressure\n|turn|10\n|\n|t:|1697585263\n|move|p2a: Dialga|Draco Meteor|p1a: Palkia\n|-supereffective|p1a: Palkia\n|-damage|p1a: Palkia|0 fnt\n|-unboost|p2a: Dialga|spa|2\n|faint|p1a: Palkia\n|\n|upkeep\n|\n|t:|1697585267\n|switch|p1a: Spectrier|Spectrier|100\/100\n|-damage|p1a: Spectrier|88\/100|[from] Spikes\n|turn|11\n|\n|t:|1697585275\n|switch|p2a: Cyclizar|Cyclizar, F|100\/100\n|move|p1a: Spectrier|Draining Kiss|p2a: Cyclizar\n|-supereffective|p2a: Cyclizar\n|-damage|p2a: Cyclizar|50\/100\n|-heal|p1a: Spectrier|100\/100|[from] drain|[of] p2a: Cyclizar\n|\n|-fieldend|move: Trick Room\n|upkeep\n|turn|12\n|\n|t:|1697585282\n|move|p1a: Spectrier|Draining Kiss|p2a: Cyclizar\n|-supereffective|p2a: Cyclizar\n|-damage|p2a: Cyclizar|0 fnt\n|faint|p2a: Cyclizar\n|-ability|p1a: Spectrier|Grim Neigh|boost\n|-boost|p1a: Spectrier|spa|1\n|\n|upkeep\n|\n|t:|1697585286\n|switch|p2a: Dialga|Dialga-Origin|100\/100\n|-ability|p2a: Dialga|Pressure\n|turn|13\n|\n|t:|1697585290\n|move|p1a: Spectrier|Shadow Ball|p2a: Dialga\n|-damage|p2a: Dialga|48\/100\n|move|p2a: Dialga|Draco Meteor|p1a: Spectrier|[miss]\n|-miss|p2a: Dialga|p1a: Spectrier\n|\n|upkeep\n|turn|14\n|c|\u2606Albaz Brand|tougph miss\n|c|\u2606Lord Femboy|yeah\n|\n|t:|1697585308\n|switch|p2a: Zacian|Zacian, shiny|100\/100\n|-ability|p2a: Zacian|Intrepid Sword|boost\n|-boost|p2a: Zacian|atk|1\n|move|p1a: Spectrier|Shadow Ball|p2a: Zacian\n|-damage|p2a: Zacian|36\/100\n|\n|upkeep\n|turn|15\n|\n|t:|1697585315\n|move|p2a: Zacian|Play Rough|p1a: Spectrier|[miss]\n|-miss|p2a: Zacian|p1a: Spectrier\n|move|p1a: Spectrier|Shadow Ball|p2a: Zacian\n|-damage|p2a: Zacian|0 fnt\n|faint|p2a: Zacian\n|-ability|p1a: Spectrier|Grim Neigh|boost\n|-boost|p1a: Spectrier|spa|1\n|\n|upkeep\n|c|\u2606Albaz Brand|ufff\n|c|\u2606Lord Femboy|oo\n|\n|t:|1697585322\n|switch|p2a: Dialga|Dialga-Origin|48\/100\n|-ability|p2a: Dialga|Pressure\n|turn|16\n|c|\u2606Albaz Brand|yeah\n|c|\u2606Lord Femboy|wait\n|c|\u2606Albaz Brand|no terra yet\n|c|\u2606Lord Femboy|what happened to my healing wish\n|c|\u2606Albaz Brand|u switched into dialga into full HP\n|c|\u2606Lord Femboy|wait\n|c|\u2606Lord Femboy|dialga didn't take any damage previously though?\n|\n|t:|1697585369\n|move|p1a: Spectrier|Shadow Ball|p2a: Dialga\n|-damage|p2a: Dialga|0 fnt\n|faint|p2a: Dialga\n|\n|win|Albaz Brand\n|c|\u2606Albaz Brand|yep\n|c|\u2606Lord Femboy|wait how does lunar dance work\n|c|\u2606Albaz Brand|wana go again\n|c|\u2606Albaz Brand|?\n|c|\u2606Lord Femboy|sure\n|c|\u2606Albaz Brand|luna dance heals and takes of eff such as burn and para\n|l|\u2606Albaz Brand\n|c|\u2606Lord Femboy|can't you store it though?\n","uploadtime":1697585418,"views":21,"p1id":"albazbrand","p2id":"lordfemboy","formatid":"gen9ubers","rating":0,"private":0,"password":""}