{"id":"gen9ubers-1995441843","p1":"Dark Specter 4","p2":"h4v0ckn1ght","format":"[Gen 9] Ubers","log":"|j|\u2606Dark Specter 4\n|j|\u2606h4v0ckn1ght\n|t:|1700571225\n|gametype|singles\n|player|p1|Dark Specter 4|2|1207\n|player|p2|h4v0ckn1ght|unknownf|1479\n|teamsize|p1|6\n|teamsize|p2|6\n|gen|9\n|tier|[Gen 9] Ubers\n|rated|\n|rule|Sleep Clause Mod: Limit one foe put to sleep\n|rule|Species Clause: Limit one of each Pok\u00e9mon\n|rule|OHKO Clause: OHKO moves are banned\n|rule|Evasion Items Clause: Evasion items are banned\n|rule|Evasion Moves Clause: Evasion moves are banned\n|rule|Endless Battle Clause: Forcing endless battles is banned\n|rule|HP Percentage Mod: HP is shown in percentages\n|clearpoke\n|poke|p1|Ting-Lu|\n|poke|p1|Eternatus|\n|poke|p1|Skeledirge, F|\n|poke|p1|Gliscor, F|\n|poke|p1|Koraidon|\n|poke|p1|Arceus-Fairy|\n|poke|p2|Arceus|\n|poke|p2|Gliscor, F|\n|poke|p2|Kyogre|\n|poke|p2|Iron Treads|\n|poke|p2|Zacian-*|\n|poke|p2|Skeledirge, M|\n|teampreview\n|inactive|Battle timer is ON: inactive players will automatically lose when time's up. (requested by h4v0ckn1ght)\n|\n|t:|1700571232\n|start\n|switch|p1a: Eternatus|Eternatus|100\/100\n|switch|p2a: Gliscor|Gliscor, F|100\/100\n|-ability|p1a: Eternatus|Pressure\n|turn|1\n|\n|t:|1700571250\n|move|p1a: Eternatus|Flamethrower|p2a: Gliscor\n|-damage|p2a: Gliscor|75\/100\n|move|p2a: Gliscor|Spikes|p1a: Eternatus\n|-sidestart|p1: Dark Specter 4|Spikes\n|\n|-status|p2a: Gliscor|tox|[from] item: Toxic Orb\n|upkeep\n|turn|2\n|\n|t:|1700571265\n|switch|p1a: Gliscor|Gliscor, F|100\/100\n|move|p2a: Gliscor|Spikes|p1a: Gliscor\n|-sidestart|p1: Dark Specter 4|Spikes\n|\n|-heal|p2a: Gliscor|88\/100 tox|[from] ability: Poison Heal\n|-status|p1a: Gliscor|tox|[from] item: Toxic Orb\n|upkeep\n|turn|3\n|\n|t:|1700571276\n|switch|p2a: Kyogre|Kyogre|100\/100\n|-weather|RainDance|[from] ability: Drizzle|[of] p2a: Kyogre\n|move|p1a: Gliscor|Knock Off|p2a: Kyogre\n|-damage|p2a: Kyogre|76\/100\n|-enditem|p2a: Kyogre|Choice Scarf|[from] move: Knock Off|[of] p1a: Gliscor\n|\n|-weather|RainDance|[upkeep]\n|upkeep\n|turn|4\n|\n|t:|1700571291\n|switch|p1a: Koraidon|Koraidon|100\/100\n|-damage|p1a: Koraidon|84\/100|[from] Spikes\n|-weather|SunnyDay|[from] ability: Orichalcum Pulse|[of] p1a: Koraidon\n|-activate|p1a: Koraidon|Orichalcum Pulse|[source]\n|move|p2a: Kyogre|Origin Pulse|p1a: Koraidon\n|-resisted|p1a: Koraidon\n|-damage|p1a: Koraidon|69\/100\n|\n|-weather|SunnyDay|[upkeep]\n|upkeep\n|turn|5\n|\n|t:|1700571300\n|switch|p2a: Skeledirge|Skeledirge, M|100\/100\n|move|p1a: Koraidon|Drain Punch|p2a: Skeledirge\n|-immune|p2a: Skeledirge\n|\n|-weather|SunnyDay|[upkeep]\n|upkeep\n|turn|6\n|\n|t:|1700571312\n|switch|p1a: Eternatus|Eternatus|100\/100\n|-ability|p1a: Eternatus|Pressure\n|move|p2a: Skeledirge|Torch Song|p1a: Eternatus\n|-resisted|p1a: Eternatus\n|-damage|p1a: Eternatus|87\/100\n|-boost|p2a: Skeledirge|spa|1\n|\n|-weather|SunnyDay|[upkeep]\n|upkeep\n|turn|7\n|\n|t:|1700571322\n|move|p1a: Eternatus|Toxic|p2a: Skeledirge\n|-status|p2a: Skeledirge|tox\n|move|p2a: Skeledirge|Earth Power|p1a: Eternatus\n|-supereffective|p1a: Eternatus\n|-damage|p1a: Eternatus|45\/100\n|\n|-weather|SunnyDay|[upkeep]\n|-damage|p2a: Skeledirge|94\/100 tox|[from] psn\n|upkeep\n|turn|8\n|\n|t:|1700571330\n|move|p1a: Eternatus|Recover|p1a: Eternatus\n|-heal|p1a: Eternatus|95\/100\n|move|p2a: Skeledirge|Earth Power|p1a: Eternatus\n|-supereffective|p1a: Eternatus\n|-damage|p1a: Eternatus|52\/100\n|\n|-weather|none\n|-damage|p2a: Skeledirge|82\/100 tox|[from] psn\n|upkeep\n|turn|9\n|\n|t:|1700571339\n|switch|p2a: Gliscor|Gliscor, F|88\/100 tox\n|move|p1a: Eternatus|Recover|p1a: Eternatus\n|-heal|p1a: Eternatus|100\/100\n|\n|-heal|p2a: Gliscor|99\/100 tox|[from] ability: Poison Heal\n|upkeep\n|turn|10\n|\n|t:|1700571350\n|switch|p1a: Gliscor|Gliscor, F|100\/100 tox\n|move|p2a: Gliscor|Spikes|p1a: Gliscor\n|-sidestart|p1: Dark Specter 4|Spikes\n|\n|-heal|p2a: Gliscor|100\/100 tox|[from] ability: Poison Heal\n|upkeep\n|turn|11\n|\n|t:|1700571379\n|switch|p2a: Kyogre|Kyogre|76\/100\n|-weather|RainDance|[from] ability: Drizzle|[of] p2a: Kyogre\n|move|p1a: Gliscor|Knock Off|p2a: Kyogre\n|-damage|p2a: Kyogre|61\/100\n|\n|-weather|RainDance|[upkeep]\n|upkeep\n|turn|12\n|\n|t:|1700571387\n|switch|p1a: Eternatus|Eternatus|100\/100\n|-ability|p1a: Eternatus|Pressure\n|move|p2a: Kyogre|Ice Beam|p1a: Eternatus\n|-supereffective|p1a: Eternatus\n|-damage|p1a: Eternatus|59\/100\n|\n|-weather|RainDance|[upkeep]\n|upkeep\n|turn|13\n|inactive|h4v0ckn1ght has 120 seconds left.\n|\n|t:|1700571410\n|move|p1a: Eternatus|Recover|p1a: Eternatus\n|-heal|p1a: Eternatus|100\/100\n|move|p2a: Kyogre|Ice Beam|p1a: Eternatus\n|-supereffective|p1a: Eternatus\n|-damage|p1a: Eternatus|56\/100\n|\n|-weather|RainDance|[upkeep]\n|upkeep\n|turn|14\n|\n|t:|1700571417\n|move|p1a: Eternatus|Toxic|p2a: Kyogre\n|-status|p2a: Kyogre|tox\n|move|p2a: Kyogre|Ice Beam|p1a: Eternatus\n|-supereffective|p1a: Eternatus\n|-damage|p1a: Eternatus|8\/100\n|\n|-weather|RainDance|[upkeep]\n|-damage|p2a: Kyogre|55\/100 tox|[from] psn\n|upkeep\n|turn|15\n|\n|t:|1700571430\n|switch|p2a: Iron Treads|Iron Treads|100\/100\n|move|p1a: Eternatus|Recover|p1a: Eternatus\n|-heal|p1a: Eternatus|58\/100\n|\n|-weather|none\n|upkeep\n|turn|16\n|\n|t:|1700571437\n|move|p1a: Eternatus|Flamethrower|p2a: Iron Treads\n|-supereffective|p2a: Iron Treads\n|-crit|p2a: Iron Treads\n|-damage|p2a: Iron Treads|0 fnt\n|faint|p2a: Iron Treads\n|-end|p2a: Iron Treads|Quark Drive|[silent]\n|\n|upkeep\n|\n|t:|1700571440\n|switch|p2a: Gliscor|Gliscor, F|100\/100 tox\n|turn|17\n|\n|t:|1700571448\n|switch|p1a: Arceus|Arceus-Fairy|100\/100\n|-damage|p1a: Arceus|75\/100|[from] Spikes\n|move|p2a: Gliscor|Earthquake|p1a: Arceus\n|-damage|p1a: Arceus|53\/100\n|\n|upkeep\n|turn|18\n|\n|t:|1700571467\n|-terastallize|p1a: Arceus|Poison\n|move|p1a: Arceus|Judgment|p2a: Gliscor\n|-damage|p2a: Gliscor|54\/100 tox\n|move|p2a: Gliscor|Toxic|p1a: Arceus|[miss]\n|-miss|p2a: Gliscor|p1a: Arceus\n|\n|-heal|p2a: Gliscor|66\/100 tox|[from] ability: Poison Heal\n|upkeep\n|turn|19\n|\n|t:|1700571482\n|move|p1a: Arceus|Recover|p1a: Arceus\n|-heal|p1a: Arceus|100\/100\n|move|p2a: Gliscor|Earthquake|p1a: Arceus\n|-supereffective|p1a: Arceus\n|-damage|p1a: Arceus|53\/100\n|\n|-heal|p2a: Gliscor|79\/100 tox|[from] ability: Poison Heal\n|upkeep\n|turn|20\n|\n|t:|1700571489\n|move|p1a: Arceus|Judgment|p2a: Gliscor\n|-damage|p2a: Gliscor|31\/100 tox\n|move|p2a: Gliscor|Earthquake|p1a: Arceus\n|-supereffective|p1a: Arceus\n|-damage|p1a: Arceus|3\/100\n|\n|-heal|p2a: Gliscor|43\/100 tox|[from] ability: Poison Heal\n|upkeep\n|turn|21\n|\n|t:|1700571498\n|move|p2a: Gliscor|Protect|p2a: Gliscor\n|-singleturn|p2a: Gliscor|Protect\n|move|p1a: Arceus|Judgment|p2a: Gliscor\n|-activate|p2a: Gliscor|move: Protect\n|\n|-heal|p2a: Gliscor|56\/100 tox|[from] ability: Poison Heal\n|upkeep\n|turn|22\n|\n|t:|1700571505\n|move|p1a: Arceus|Recover|p1a: Arceus\n|-heal|p1a: Arceus|53\/100\n|move|p2a: Gliscor|Earthquake|p1a: Arceus\n|-supereffective|p1a: Arceus\n|-crit|p1a: Arceus\n|-damage|p1a: Arceus|0 fnt\n|faint|p1a: Arceus\n|\n|-heal|p2a: Gliscor|68\/100 tox|[from] ability: Poison Heal\n|upkeep\n|\n|t:|1700571516\n|switch|p1a: Ting-Lu|Ting-Lu|100\/100\n|-damage|p1a: Ting-Lu|76\/100|[from] Spikes\n|-ability|p1a: Ting-Lu|Vessel of Ruin\n|turn|23\n|\n|t:|1700571522\n|switch|p1a: Gliscor|Gliscor, F|100\/100 tox\n|move|p2a: Gliscor|Toxic|p1a: Gliscor\n|-fail|p1a: Gliscor|tox\n|\n|-heal|p2a: Gliscor|81\/100 tox|[from] ability: Poison Heal\n|upkeep\n|turn|24\n|\n|t:|1700571533\n|switch|p2a: Kyogre|Kyogre|55\/100 tox\n|-weather|RainDance|[from] ability: Drizzle|[of] p2a: Kyogre\n|move|p1a: Gliscor|Knock Off|p2a: Kyogre\n|-damage|p2a: Kyogre|38\/100 tox\n|\n|-weather|RainDance|[upkeep]\n|-damage|p2a: Kyogre|32\/100 tox|[from] psn\n|upkeep\n|turn|25\n|\n|t:|1700571542\n|move|p1a: Gliscor|Protect|p1a: Gliscor\n|-singleturn|p1a: Gliscor|Protect\n|move|p2a: Kyogre|Ice Beam|p1a: Gliscor\n|-activate|p1a: Gliscor|move: Protect\n|\n|-weather|RainDance|[upkeep]\n|-damage|p2a: Kyogre|20\/100 tox|[from] psn\n|upkeep\n|turn|26\n|\n|t:|1700571553\n|switch|p1a: Eternatus|Eternatus|58\/100\n|-ability|p1a: Eternatus|Pressure\n|move|p2a: Kyogre|Origin Pulse|p1a: Eternatus\n|-resisted|p1a: Eternatus\n|-damage|p1a: Eternatus|29\/100\n|\n|-weather|RainDance|[upkeep]\n|-damage|p2a: Kyogre|1\/100 tox|[from] psn\n|upkeep\n|turn|27\n|\n|t:|1700571561\n|move|p1a: Eternatus|Recover|p1a: Eternatus\n|-heal|p1a: Eternatus|79\/100\n|move|p2a: Kyogre|Ice Beam|p1a: Eternatus\n|-supereffective|p1a: Eternatus\n|-damage|p1a: Eternatus|31\/100\n|\n|-weather|RainDance|[upkeep]\n|-damage|p2a: Kyogre|0 fnt|[from] psn\n|faint|p2a: Kyogre\n|upkeep\n|\n|t:|1700571568\n|switch|p2a: Zacian|Zacian-Crowned|100\/100\n|-ability|p2a: Zacian|Intrepid Sword|boost\n|-boost|p2a: Zacian|atk|1\n|turn|28\n|\n|t:|1700571580\n|switch|p1a: Skeledirge|Skeledirge, F|100\/100\n|move|p2a: Zacian|Behemoth Blade|p1a: Skeledirge\n|-resisted|p1a: Skeledirge\n|-damage|p1a: Skeledirge|83\/100\n|\n|-weather|none\n|upkeep\n|turn|29\n|\n|t:|1700571592\n|switch|p2a: Gliscor|Gliscor, F|81\/100 tox\n|move|p1a: Skeledirge|Torch Song|p2a: Gliscor\n|-damage|p2a: Gliscor|54\/100 tox\n|-boost|p1a: Skeledirge|spa|1\n|\n|-heal|p2a: Gliscor|67\/100 tox|[from] ability: Poison Heal\n|upkeep\n|turn|30\n|\n|t:|1700571600\n|switch|p1a: Gliscor|Gliscor, F|100\/100 tox\n|move|p2a: Gliscor|Toxic|p1a: Gliscor\n|-fail|p1a: Gliscor|tox\n|\n|-heal|p2a: Gliscor|79\/100 tox|[from] ability: Poison Heal\n|upkeep\n|turn|31\n|\n|t:|1700571625\n|switch|p2a: Skeledirge|Skeledirge, M|82\/100 tox\n|move|p1a: Gliscor|Knock Off|p2a: Skeledirge\n|-supereffective|p2a: Skeledirge\n|-crit|p2a: Skeledirge\n|-damage|p2a: Skeledirge|45\/100 tox\n|-enditem|p2a: Skeledirge|Heavy-Duty Boots|[from] move: Knock Off|[of] p1a: Gliscor\n|\n|-damage|p2a: Skeledirge|39\/100 tox|[from] psn\n|upkeep\n|turn|32\n|\n|t:|1700571636\n|switch|p2a: Gliscor|Gliscor, F|79\/100 tox\n|move|p1a: Gliscor|Protect||[still]\n|-fail|p1a: Gliscor\n|\n|-heal|p2a: Gliscor|91\/100 tox|[from] ability: Poison Heal\n|upkeep\n|turn|33\n|\n|t:|1700571642\n|move|p1a: Gliscor|Knock Off|p2a: Gliscor\n|-damage|p2a: Gliscor|76\/100 tox\n|-enditem|p2a: Gliscor|Toxic Orb|[from] move: Knock Off|[of] p1a: Gliscor\n|move|p2a: Gliscor|Spikes||[still]\n|-fail|p2a: Gliscor\n|\n|-heal|p2a: Gliscor|88\/100 tox|[from] ability: Poison Heal\n|upkeep\n|turn|34\n|\n|t:|1700571659\n|switch|p1a: Koraidon|Koraidon|69\/100\n|-damage|p1a: Koraidon|44\/100|[from] Spikes\n|-weather|SunnyDay|[from] ability: Orichalcum Pulse|[of] p1a: Koraidon\n|-activate|p1a: Koraidon|Orichalcum Pulse|[source]\n|move|p2a: Gliscor|Spikes||[still]\n|-fail|p2a: Gliscor\n|\n|-weather|SunnyDay|[upkeep]\n|-heal|p2a: Gliscor|100\/100 tox|[from] ability: Poison Heal\n|upkeep\n|turn|35\n|\n|t:|1700571668\n|switch|p1a: Gliscor|Gliscor, F|100\/100 tox\n|move|p2a: Gliscor|Toxic|p1a: Gliscor\n|-fail|p1a: Gliscor|tox\n|\n|-weather|SunnyDay|[upkeep]\n|upkeep\n|turn|36\n|\n|t:|1700571676\n|switch|p1a: Eternatus|Eternatus|31\/100\n|-ability|p1a: Eternatus|Pressure\n|move|p2a: Gliscor|Spikes||[still]\n|-fail|p2a: Gliscor\n|\n|-weather|SunnyDay|[upkeep]\n|upkeep\n|turn|37\n|\n|t:|1700571683\n|switch|p1a: Gliscor|Gliscor, F|100\/100 tox\n|move|p2a: Gliscor|Earthquake|p1a: Gliscor\n|-immune|p1a: Gliscor\n|\n|-weather|SunnyDay|[upkeep]\n|upkeep\n|turn|38\n|\n|t:|1700571691\n|move|p1a: Gliscor|Knock Off|p2a: Gliscor\n|-damage|p2a: Gliscor|89\/100 tox\n|move|p2a: Gliscor|Earthquake|p1a: Gliscor\n|-immune|p1a: Gliscor\n|\n|-weather|none\n|-heal|p2a: Gliscor|100\/100 tox|[from] ability: Poison Heal\n|upkeep\n|turn|39\n|\n|t:|1700571705\n|move|p1a: Gliscor|Knock Off|p2a: Gliscor\n|-damage|p2a: Gliscor|90\/100 tox\n|move|p2a: Gliscor|Earthquake|p1a: Gliscor\n|-immune|p1a: Gliscor\n|\n|-heal|p2a: Gliscor|100\/100 tox|[from] ability: Poison Heal\n|upkeep\n|turn|40\n|\n|t:|1700571712\n|move|p1a: Gliscor|Knock Off|p2a: Gliscor\n|-damage|p2a: Gliscor|88\/100 tox\n|move|p2a: Gliscor|Spikes||[still]\n|-fail|p2a: Gliscor\n|\n|-heal|p2a: Gliscor|100\/100 tox|[from] ability: Poison Heal\n|upkeep\n|turn|41\n|\n|t:|1700571720\n|move|p1a: Gliscor|Protect|p1a: Gliscor\n|-singleturn|p1a: Gliscor|Protect\n|move|p2a: Gliscor|Spikes||[still]\n|-fail|p2a: Gliscor\n|\n|upkeep\n|turn|42\n|\n|t:|1700571726\n|move|p1a: Gliscor|Toxic|p2a: Gliscor\n|-fail|p2a: Gliscor|tox\n|move|p2a: Gliscor|Spikes||[still]\n|-fail|p2a: Gliscor\n|\n|upkeep\n|turn|43\n|\n|t:|1700571733\n|move|p1a: Gliscor|Earthquake|p2a: Gliscor\n|-immune|p2a: Gliscor\n|move|p2a: Gliscor|Spikes||[still]\n|-fail|p2a: Gliscor\n|\n|upkeep\n|turn|44\n|\n|t:|1700571740\n|switch|p1a: Eternatus|Eternatus|31\/100\n|-ability|p1a: Eternatus|Pressure\n|move|p2a: Gliscor|Spikes||[still]\n|-fail|p2a: Gliscor\n|\n|upkeep\n|turn|45\n|\n|t:|1700571747\n|switch|p1a: Gliscor|Gliscor, F|100\/100 tox\n|move|p2a: Gliscor|Spikes||[still]\n|-fail|p2a: Gliscor\n|\n|upkeep\n|turn|46\n|\n|t:|1700571755\n|move|p1a: Gliscor|Earthquake|p2a: Gliscor\n|-immune|p2a: Gliscor\n|move|p2a: Gliscor|Spikes||[still]\n|-fail|p2a: Gliscor\n|\n|upkeep\n|turn|47\n|\n|t:|1700571763\n|switch|p1a: Eternatus|Eternatus|31\/100\n|-ability|p1a: Eternatus|Pressure\n|move|p2a: Gliscor|Spikes||[still]\n|-fail|p2a: Gliscor\n|\n|upkeep\n|turn|48\n|\n|t:|1700571771\n|move|p1a: Eternatus|Recover|p1a: Eternatus\n|-heal|p1a: Eternatus|81\/100\n|move|p2a: Gliscor|Spikes||[still]\n|-fail|p2a: Gliscor\n|\n|upkeep\n|turn|49\n|\n|t:|1700571778\n|move|p1a: Eternatus|Flamethrower|p2a: Gliscor\n|-damage|p2a: Gliscor|74\/100 tox\n|move|p2a: Gliscor|Earthquake|p1a: Eternatus\n|-supereffective|p1a: Eternatus\n|-damage|p1a: Eternatus|27\/100\n|\n|-heal|p2a: Gliscor|87\/100 tox|[from] ability: Poison Heal\n|upkeep\n|turn|50\n|\n|t:|1700571789\n|move|p1a: Eternatus|Recover|p1a: Eternatus\n|-heal|p1a: Eternatus|77\/100\n|move|p2a: Gliscor|Earthquake|p1a: Eternatus\n|-supereffective|p1a: Eternatus\n|-damage|p1a: Eternatus|23\/100\n|\n|-heal|p2a: Gliscor|99\/100 tox|[from] ability: Poison Heal\n|upkeep\n|turn|51\n|\n|t:|1700571799\n|switch|p1a: Gliscor|Gliscor, F|100\/100 tox\n|switch|p2a: Zacian|Zacian-Crowned|100\/100\n|\n|upkeep\n|turn|52\n|\n|t:|1700571820\n|switch|p2a: Gliscor|Gliscor, F|99\/100 tox\n|move|p1a: Gliscor|Earthquake|p2a: Gliscor\n|-immune|p2a: Gliscor\n|\n|-heal|p2a: Gliscor|100\/100 tox|[from] ability: Poison Heal\n|upkeep\n|turn|53\n|\n|t:|1700571830\n|move|p1a: Gliscor|Knock Off|p2a: Gliscor\n|-damage|p2a: Gliscor|88\/100 tox\n|move|p2a: Gliscor|Spikes||[still]\n|-fail|p2a: Gliscor\n|\n|-heal|p2a: Gliscor|100\/100 tox|[from] ability: Poison Heal\n|upkeep\n|turn|54\n|\n|t:|1700571838\n|move|p1a: Gliscor|Knock Off|p2a: Gliscor\n|-damage|p2a: Gliscor|89\/100 tox\n|move|p2a: Gliscor|Spikes||[still]\n|-fail|p2a: Gliscor\n|\n|-heal|p2a: Gliscor|100\/100 tox|[from] ability: Poison Heal\n|upkeep\n|turn|55\n|\n|t:|1700571849\n|move|p1a: Gliscor|Knock Off|p2a: Gliscor\n|-damage|p2a: Gliscor|89\/100 tox\n|move|p2a: Gliscor|Spikes||[still]\n|-fail|p2a: Gliscor\n|\n|-heal|p2a: Gliscor|100\/100 tox|[from] ability: Poison Heal\n|upkeep\n|turn|56\n|\n|t:|1700571856\n|move|p1a: Gliscor|Knock Off|p2a: Gliscor\n|-damage|p2a: Gliscor|89\/100 tox\n|move|p2a: Gliscor|Spikes||[still]\n|-fail|p2a: Gliscor\n|\n|-heal|p2a: Gliscor|100\/100 tox|[from] ability: Poison Heal\n|upkeep\n|turn|57\n|\n|t:|1700571863\n|move|p1a: Gliscor|Knock Off|p2a: Gliscor\n|-damage|p2a: Gliscor|90\/100 tox\n|move|p2a: Gliscor|Spikes||[still]\n|-fail|p2a: Gliscor\n|\n|-heal|p2a: Gliscor|100\/100 tox|[from] ability: Poison Heal\n|upkeep\n|turn|58\n|\n|t:|1700571870\n|move|p1a: Gliscor|Knock Off|p2a: Gliscor\n|-damage|p2a: Gliscor|89\/100 tox\n|move|p2a: Gliscor|Spikes||[still]\n|-fail|p2a: Gliscor\n|\n|-heal|p2a: Gliscor|100\/100 tox|[from] ability: Poison Heal\n|upkeep\n|turn|59\n|\n|t:|1700571878\n|move|p1a: Gliscor|Knock Off|p2a: Gliscor\n|-damage|p2a: Gliscor|89\/100 tox\n|move|p2a: Gliscor|Spikes||[still]\n|-fail|p2a: Gliscor\n|\n|-heal|p2a: Gliscor|100\/100 tox|[from] ability: Poison Heal\n|upkeep\n|turn|60\n|\n|t:|1700571884\n|move|p1a: Gliscor|Knock Off|p2a: Gliscor\n|-damage|p2a: Gliscor|89\/100 tox\n|move|p2a: Gliscor|Spikes||[still]\n|-fail|p2a: Gliscor\n|\n|-heal|p2a: Gliscor|100\/100 tox|[from] ability: Poison Heal\n|upkeep\n|turn|61\n|\n|t:|1700571893\n|switch|p1a: Skeledirge|Skeledirge, F|83\/100\n|move|p2a: Gliscor|Spikes||[still]\n|-fail|p2a: Gliscor\n|\n|upkeep\n|turn|62\n|\n|t:|1700571900\n|switch|p1a: Gliscor|Gliscor, F|100\/100 tox\n|move|p2a: Gliscor|Earthquake|p1a: Gliscor\n|-immune|p1a: Gliscor\n|\n|upkeep\n|turn|63\n|\n|t:|1700571906\n|switch|p2a: Skeledirge|Skeledirge, M|39\/100 tox\n|move|p1a: Gliscor|Knock Off|p2a: Skeledirge\n|-supereffective|p2a: Skeledirge\n|-damage|p2a: Skeledirge|20\/100 tox\n|\n|-damage|p2a: Skeledirge|14\/100 tox|[from] psn\n|upkeep\n|turn|64\n|\n|t:|1700571915\n|move|p1a: Gliscor|Knock Off|p2a: Skeledirge\n|-supereffective|p2a: Skeledirge\n|-damage|p2a: Skeledirge|0 fnt\n|faint|p2a: Skeledirge\n|\n|upkeep\n|\n|t:|1700571933\n|switch|p2a: Zacian|Zacian-Crowned|100\/100\n|turn|65\n|\n|t:|1700571936\n|move|p2a: Zacian|Swords Dance|p2a: Zacian\n|-boost|p2a: Zacian|atk|2\n|move|p1a: Gliscor|Earthquake|p2a: Zacian\n|-supereffective|p2a: Zacian\n|-damage|p2a: Zacian|41\/100\n|\n|upkeep\n|turn|66\n|\n|t:|1700571942\n|move|p2a: Zacian|Behemoth Blade|p1a: Gliscor\n|-damage|p1a: Gliscor|32\/100 tox\n|move|p1a: Gliscor|Earthquake|p2a: Zacian\n|-supereffective|p2a: Zacian\n|-damage|p2a: Zacian|0 fnt\n|faint|p2a: Zacian\n|\n|-heal|p1a: Gliscor|44\/100 tox|[from] ability: Poison Heal\n|upkeep\n|\n|t:|1700571946\n|switch|p2a: Arceus|Arceus|100\/100\n|turn|67\n|\n|t:|1700571952\n|-terastallize|p2a: Arceus|Normal\n|move|p2a: Arceus|Extreme Speed|p1a: Gliscor\n|-damage|p1a: Gliscor|0 fnt\n|faint|p1a: Gliscor\n|\n|upkeep\n|\n|t:|1700571958\n|switch|p1a: Skeledirge|Skeledirge, F|83\/100\n|turn|68\n|\n|t:|1700571961\n|switch|p2a: Gliscor|Gliscor, F|100\/100 tox\n|move|p1a: Skeledirge|Torch Song|p2a: Gliscor\n|-damage|p2a: Gliscor|75\/100 tox\n|-boost|p1a: Skeledirge|spa|1\n|\n|-heal|p2a: Gliscor|88\/100 tox|[from] ability: Poison Heal\n|upkeep\n|turn|69\n|\n|t:|1700571972\n|move|p2a: Gliscor|Toxic|p1a: Skeledirge\n|-status|p1a: Skeledirge|tox\n|move|p1a: Skeledirge|Hex|p2a: Gliscor\n|-damage|p2a: Gliscor|27\/100 tox\n|\n|-heal|p2a: Gliscor|40\/100 tox|[from] ability: Poison Heal\n|-damage|p1a: Skeledirge|76\/100 tox|[from] psn\n|upkeep\n|turn|70\n|\n|t:|1700571987\n|switch|p1a: Eternatus|Eternatus|23\/100\n|-ability|p1a: Eternatus|Pressure\n|move|p2a: Gliscor|Protect||[still]\n|-fail|p2a: Gliscor\n|\n|-heal|p2a: Gliscor|52\/100 tox|[from] ability: Poison Heal\n|upkeep\n|turn|71\n|\n|t:|1700571997\n|move|p1a: Eternatus|Dynamax Cannon|p2a: Gliscor\n|-damage|p2a: Gliscor|15\/100 tox\n|move|p2a: Gliscor|Earthquake|p1a: Eternatus\n|-supereffective|p1a: Eternatus\n|-damage|p1a: Eternatus|0 fnt\n|faint|p1a: Eternatus\n|\n|-heal|p2a: Gliscor|27\/100 tox|[from] ability: Poison Heal\n|upkeep\n|\n|t:|1700572005\n|switch|p1a: Koraidon|Koraidon|44\/100\n|-damage|p1a: Koraidon|19\/100|[from] Spikes\n|-weather|SunnyDay|[from] ability: Orichalcum Pulse|[of] p1a: Koraidon\n|-activate|p1a: Koraidon|Orichalcum Pulse|[source]\n|turn|72\n|\n|t:|1700572014\n|move|p1a: Koraidon|Flare Blitz|p2a: Gliscor\n|-damage|p2a: Gliscor|0 fnt\n|faint|p2a: Gliscor\n|-damage|p1a: Koraidon|10\/100|[from] Recoil\n|\n|-weather|SunnyDay|[upkeep]\n|upkeep\n|\n|t:|1700572017\n|switch|p2a: Arceus|Arceus, tera:Normal|100\/100\n|turn|73\n|\n|t:|1700572027\n|move|p2a: Arceus|Extreme Speed|p1a: Koraidon\n|-damage|p1a: Koraidon|0 fnt\n|faint|p1a: Koraidon\n|\n|-weather|SunnyDay|[upkeep]\n|upkeep\n|\n|t:|1700572032\n|switch|p1a: Skeledirge|Skeledirge, F|76\/100 tox\n|turn|74\n|\n|t:|1700572035\n|move|p2a: Arceus|Shadow Claw|p1a: Skeledirge\n|-supereffective|p1a: Skeledirge\n|-damage|p1a: Skeledirge|47\/100 tox\n|move|p1a: Skeledirge|Will-O-Wisp|p2a: Arceus|[miss]\n|-miss|p1a: Skeledirge|p2a: Arceus\n|\n|-weather|SunnyDay|[upkeep]\n|-damage|p1a: Skeledirge|41\/100 tox|[from] psn\n|upkeep\n|turn|75\n|\n|t:|1700572043\n|move|p2a: Arceus|Shadow Claw|p1a: Skeledirge\n|-supereffective|p1a: Skeledirge\n|-damage|p1a: Skeledirge|12\/100 tox\n|move|p1a: Skeledirge|Will-O-Wisp|p2a: Arceus\n|-status|p2a: Arceus|brn\n|\n|-weather|SunnyDay|[upkeep]\n|-damage|p1a: Skeledirge|0 fnt|[from] psn\n|faint|p1a: Skeledirge\n|-damage|p2a: Arceus|94\/100 brn|[from] brn\n|upkeep\n|\n|t:|1700572053\n|switch|p1a: Ting-Lu|Ting-Lu|76\/100\n|-damage|p1a: Ting-Lu|51\/100|[from] Spikes\n|-ability|p1a: Ting-Lu|Vessel of Ruin\n|turn|76\n|\n|t:|1700572059\n|move|p2a: Arceus|Swords Dance|p2a: Arceus\n|-boost|p2a: Arceus|atk|2\n|move|p1a: Ting-Lu|Ruination|p2a: Arceus\n|-damage|p2a: Arceus|48\/100 brn\n|\n|-weather|none\n|-heal|p1a: Ting-Lu|57\/100|[from] item: Leftovers\n|-damage|p2a: Arceus|42\/100 brn|[from] brn\n|upkeep\n|turn|77\n|\n|t:|1700572068\n|move|p2a: Arceus|Recover|p2a: Arceus\n|-heal|p2a: Arceus|92\/100 brn\n|move|p1a: Ting-Lu|Earthquake|p2a: Arceus\n|-damage|p2a: Arceus|66\/100 brn\n|\n|-heal|p1a: Ting-Lu|63\/100|[from] item: Leftovers\n|-damage|p2a: Arceus|60\/100 brn|[from] brn\n|upkeep\n|turn|78\n|\n|t:|1700572075\n|move|p2a: Arceus|Swords Dance|p2a: Arceus\n|-boost|p2a: Arceus|atk|2\n|move|p1a: Ting-Lu|Ruination|p2a: Arceus\n|-damage|p2a: Arceus|30\/100 brn\n|\n|-heal|p1a: Ting-Lu|69\/100|[from] item: Leftovers\n|-damage|p2a: Arceus|24\/100 brn|[from] brn\n|upkeep\n|turn|79\n|\n|t:|1700572083\n|move|p2a: Arceus|Recover|p2a: Arceus\n|-heal|p2a: Arceus|74\/100 brn\n|move|p1a: Ting-Lu|Ruination|p2a: Arceus\n|-damage|p2a: Arceus|37\/100 brn\n|\n|-heal|p1a: Ting-Lu|76\/100|[from] item: Leftovers\n|-damage|p2a: Arceus|31\/100 brn|[from] brn\n|upkeep\n|turn|80\n|\n|t:|1700572090\n|move|p2a: Arceus|Recover|p2a: Arceus\n|-heal|p2a: Arceus|81\/100 brn\n|move|p1a: Ting-Lu|Ruination|p2a: Arceus\n|-damage|p2a: Arceus|41\/100 brn\n|\n|-heal|p1a: Ting-Lu|82\/100|[from] item: Leftovers\n|-damage|p2a: Arceus|35\/100 brn|[from] brn\n|upkeep\n|turn|81\n|\n|t:|1700572098\n|move|p2a: Arceus|Recover|p2a: Arceus\n|-heal|p2a: Arceus|85\/100 brn\n|move|p1a: Ting-Lu|Ruination|p2a: Arceus\n|-damage|p2a: Arceus|43\/100 brn\n|\n|-heal|p1a: Ting-Lu|88\/100|[from] item: Leftovers\n|-damage|p2a: Arceus|37\/100 brn|[from] brn\n|upkeep\n|turn|82\n|\n|t:|1700572105\n|move|p2a: Arceus|Extreme Speed|p1a: Ting-Lu\n|-damage|p1a: Ting-Lu|29\/100\n|move|p1a: Ting-Lu|Ruination|p2a: Arceus\n|-damage|p2a: Arceus|19\/100 brn\n|\n|-heal|p1a: Ting-Lu|35\/100|[from] item: Leftovers\n|-damage|p2a: Arceus|13\/100 brn|[from] brn\n|upkeep\n|turn|83\n|\n|t:|1700572113\n|move|p2a: Arceus|Extreme Speed|p1a: Ting-Lu\n|-damage|p1a: Ting-Lu|0 fnt\n|faint|p1a: Ting-Lu\n|\n|win|h4v0ckn1ght\n|raw|Dark Specter 4's rating: 1207 &rarr; <strong>1198<\/strong><br \/>(-9 for losing)\n|raw|h4v0ckn1ght's rating: 1479 &rarr; <strong>1486<\/strong><br \/>(+7 for winning)\n","uploadtime":1700572117,"views":0,"p1id":"darkspecter4","p2id":"h4v0ckn1ght","formatid":"gen9ubers","rating":1198,"private":0,"password":""}