{"id":"gen9ubers-1983395300","p1":"mckatra","p2":"DethMaker","format":"[Gen 9] Ubers","log":"|j|\u2606mckatra\n|j|\u2606DethMaker\n|t:|1699125609\n|gametype|singles\n|player|p1|mckatra|volkner|1000\n|player|p2|DethMaker|guitarist|1054\n|teamsize|p1|6\n|teamsize|p2|6\n|gen|9\n|tier|[Gen 9] Ubers\n|rated|\n|rule|Sleep Clause Mod: Limit one foe put to sleep\n|rule|Species Clause: Limit one of each Pok\u00e9mon\n|rule|OHKO Clause: OHKO moves are banned\n|rule|Evasion Items Clause: Evasion items are banned\n|rule|Evasion Moves Clause: Evasion moves are banned\n|rule|Endless Battle Clause: Forcing endless battles is banned\n|rule|HP Percentage Mod: HP is shown in percentages\n|clearpoke\n|poke|p1|Rayquaza|\n|poke|p1|Garchomp, M|\n|poke|p1|Lucario, M|\n|poke|p1|Charizard, M|\n|poke|p1|Dragapult, M|\n|poke|p1|Iron Valiant|\n|poke|p2|Torterra, M|\n|poke|p2|Skeledirge, M|\n|poke|p2|Iron Valiant|\n|poke|p2|Tinkaton, F|\n|poke|p2|Baxcalibur, M|\n|poke|p2|Kingambit, M|\n|teampreview\n|\n|t:|1699125614\n|start\n|switch|p1a: Dragapult|Dragapult, M, shiny|100\/100\n|switch|p2a: Skeledirge|Skeledirge, M|100\/100\n|turn|1\n|\n|t:|1699125627\n|move|p1a: Dragapult|Acrobatics|p2a: Skeledirge\n|-damage|p2a: Skeledirge|87\/100\n|move|p2a: Skeledirge|Will-O-Wisp|p1a: Dragapult\n|-status|p1a: Dragapult|brn\n|\n|-heal|p2a: Skeledirge|93\/100|[from] item: Leftovers\n|-damage|p1a: Dragapult|94\/100 brn|[from] brn\n|upkeep\n|turn|2\n|\n|t:|1699125640\n|move|p1a: Dragapult|Dragon Dance|p1a: Dragapult\n|-boost|p1a: Dragapult|atk|1\n|-boost|p1a: Dragapult|spe|1\n|move|p2a: Skeledirge|Hex|p1a: Dragapult\n|-supereffective|p1a: Dragapult\n|-damage|p1a: Dragapult|0 fnt\n|faint|p1a: Dragapult\n|\n|-heal|p2a: Skeledirge|99\/100|[from] item: Leftovers\n|upkeep\n|\n|t:|1699125655\n|switch|p1a: Lucario|Lucario, M|100\/100\n|turn|3\n|\n|t:|1699125663\n|move|p1a: Lucario|Close Combat|p2a: Skeledirge\n|-immune|p2a: Skeledirge\n|move|p2a: Skeledirge|Torch Song|p1a: Lucario\n|-supereffective|p1a: Lucario\n|-crit|p1a: Lucario\n|-enditem|p1a: Lucario|Focus Sash\n|-damage|p1a: Lucario|1\/100\n|-boost|p2a: Skeledirge|spa|1\n|\n|-heal|p2a: Skeledirge|100\/100|[from] item: Leftovers\n|upkeep\n|turn|4\n|\n|t:|1699125680\n|move|p1a: Lucario|Bullet Punch|p2a: Skeledirge\n|-resisted|p2a: Skeledirge\n|-damage|p2a: Skeledirge|94\/100\n|move|p2a: Skeledirge|Torch Song|p1a: Lucario\n|-supereffective|p1a: Lucario\n|-damage|p1a: Lucario|0 fnt\n|-boost|p2a: Skeledirge|spa|1\n|faint|p1a: Lucario\n|\n|-heal|p2a: Skeledirge|99\/100|[from] item: Leftovers\n|upkeep\n|\n|t:|1699125694\n|switch|p1a: Charizard|Charizard, M, shiny|100\/100\n|turn|5\n|\n|t:|1699125715\n|move|p1a: Charizard|Acrobatics|p2a: Skeledirge\n|-damage|p2a: Skeledirge|86\/100\n|move|p2a: Skeledirge|Hex|p1a: Charizard\n|-damage|p1a: Charizard|22\/100\n|-enditem|p1a: Charizard|Aguav Berry|[eat]\n|-heal|p1a: Charizard|55\/100|[from] item: Aguav Berry\n|\n|-heal|p2a: Skeledirge|92\/100|[from] item: Leftovers\n|upkeep\n|turn|6\n|\n|t:|1699125731\n|move|p2a: Skeledirge|Hex|p1a: Charizard\n|-damage|p1a: Charizard|0 fnt\n|faint|p1a: Charizard\n|\n|-heal|p2a: Skeledirge|98\/100|[from] item: Leftovers\n|upkeep\n|\n|t:|1699125742\n|switch|p1a: Iron Valiant|Iron Valiant|100\/100\n|turn|7\n|\n|t:|1699125752\n|move|p1a: Iron Valiant|Dazzling Gleam|p2a: Skeledirge\n|-resisted|p2a: Skeledirge\n|-damage|p2a: Skeledirge|79\/100\n|move|p2a: Skeledirge|Torch Song|p1a: Iron Valiant\n|-damage|p1a: Iron Valiant|0 fnt\n|-boost|p2a: Skeledirge|spa|1\n|faint|p1a: Iron Valiant\n|-end|p1a: Iron Valiant|Quark Drive|[silent]\n|\n|-heal|p2a: Skeledirge|85\/100|[from] item: Leftovers\n|upkeep\n|\n|t:|1699125769\n|switch|p1a: Garchomp|Garchomp, M, shiny|100\/100\n|turn|8\n|\n|t:|1699125784\n|move|p1a: Garchomp|Draco Meteor|p2a: Skeledirge\n|-damage|p2a: Skeledirge|47\/100\n|-unboost|p1a: Garchomp|spa|2\n|move|p2a: Skeledirge|Will-O-Wisp|p1a: Garchomp\n|-status|p1a: Garchomp|brn\n|\n|-heal|p2a: Skeledirge|53\/100|[from] item: Leftovers\n|-damage|p1a: Garchomp|94\/100 brn|[from] brn\n|upkeep\n|turn|9\n|\n|t:|1699125802\n|move|p1a: Garchomp|Body Slam|p2a: Skeledirge\n|-immune|p2a: Skeledirge\n|move|p2a: Skeledirge|Hex|p1a: Garchomp\n|-damage|p1a: Garchomp|0 fnt\n|faint|p1a: Garchomp\n|\n|-heal|p2a: Skeledirge|59\/100|[from] item: Leftovers\n|upkeep\n|\n|t:|1699125814\n|switch|p1a: Rayquaza|Rayquaza, shiny|100\/100\n|-ability|p1a: Rayquaza|Air Lock\n|turn|10\n|\n|t:|1699125823\n|-terastallize|p1a: Rayquaza|Dragon\n|move|p1a: Rayquaza|Draco Meteor|p2a: Skeledirge\n|-damage|p2a: Skeledirge|0 fnt\n|-unboost|p1a: Rayquaza|spa|2\n|faint|p2a: Skeledirge\n|\n|upkeep\n|\n|t:|1699125841\n|switch|p2a: Tinkaton|Tinkaton, F|100\/100\n|turn|11\n|\n|t:|1699125850\n|move|p2a: Tinkaton|Play Rough|p1a: Rayquaza\n|-supereffective|p1a: Rayquaza\n|-damage|p1a: Rayquaza|35\/100\n|-enditem|p1a: Rayquaza|Oran Berry|[eat]\n|-heal|p1a: Rayquaza|38\/100|[from] item: Oran Berry\n|move|p1a: Rayquaza|Dragon Dance|p1a: Rayquaza\n|-boost|p1a: Rayquaza|atk|1\n|-boost|p1a: Rayquaza|spe|1\n|\n|upkeep\n|turn|12\n|\n|t:|1699125865\n|move|p1a: Rayquaza|Body Slam|p2a: Tinkaton\n|-resisted|p2a: Tinkaton\n|-damage|p2a: Tinkaton|69\/100\n|move|p2a: Tinkaton|Play Rough|p1a: Rayquaza\n|-supereffective|p1a: Rayquaza\n|-damage|p1a: Rayquaza|0 fnt\n|faint|p1a: Rayquaza\n|\n|win|DethMaker\n|raw|mckatra's rating: 1000 &rarr; <strong>1000<\/strong><br \/>(+0 for losing)\n|raw|DethMaker's rating: 1054 &rarr; <strong>1081<\/strong><br \/>(+27 for winning)\n","uploadtime":1699125878,"views":13,"p1id":"mckatra","p2id":"dethmaker","formatid":"gen9ubers","rating":1000,"private":0,"password":""}