{"id":"gen9ubers-1971565184","p1":"eragon123","p2":"Anne Frankkkk","format":"[Gen 9] Ubers","log":"|j|\u2606eragon123\n|j|\u2606Anne Frankkkk\n|t:|1697748869\n|gametype|singles\n|player|p1|eragon123|youngster-gen4dp|1065\n|player|p2|Anne Frankkkk|hilbert|1181\n|teamsize|p1|6\n|teamsize|p2|6\n|gen|9\n|tier|[Gen 9] Ubers\n|rated|\n|rule|Sleep Clause Mod: Limit one foe put to sleep\n|rule|Species Clause: Limit one of each Pok\u00e9mon\n|rule|OHKO Clause: OHKO moves are banned\n|rule|Evasion Items Clause: Evasion items are banned\n|rule|Evasion Moves Clause: Evasion moves are banned\n|rule|Endless Battle Clause: Forcing endless battles is banned\n|rule|HP Percentage Mod: HP is shown in percentages\n|clearpoke\n|poke|p1|Darkrai|\n|poke|p1|Ceruledge, F|\n|poke|p1|Volcarona, M|\n|poke|p1|Lilligant-Hisui, F|\n|poke|p1|Dragapult, F|\n|poke|p1|Regieleki|\n|poke|p2|Iron Hands|\n|poke|p2|Kyogre|\n|poke|p2|Chien-Pao|\n|poke|p2|Donphan, F|\n|poke|p2|Miraidon|\n|poke|p2|Iron Moth|\n|teampreview\n|inactive|Battle timer is ON: inactive players will automatically lose when time's up. (requested by Anne Frankkkk)\n|\n|t:|1697748880\n|start\n|switch|p1a: Regieleki|Regieleki|100\/100\n|switch|p2a: Chien-Pao|Chien-Pao|100\/100\n|-item|p1a: Regieleki|Air Balloon\n|-ability|p2a: Chien-Pao|Sword of Ruin\n|turn|1\n|\n|t:|1697748889\n|move|p1a: Regieleki|Thunder Cage|p2a: Chien-Pao\n|-damage|p2a: Chien-Pao|24\/100\n|-activate|p2a: Chien-Pao|move: Thunder Cage|[of] p1a: Regieleki\n|move|p2a: Chien-Pao|Swords Dance|p2a: Chien-Pao\n|-boost|p2a: Chien-Pao|atk|2\n|\n|-damage|p2a: Chien-Pao|11\/100|[from] move: Thunder Cage|[partiallytrapped]\n|upkeep\n|turn|2\n|\n|t:|1697748898\n|move|p2a: Chien-Pao|Sucker Punch|p1a: Regieleki\n|-damage|p1a: Regieleki|0 fnt\n|-enditem|p1a: Regieleki|Air Balloon\n|faint|p1a: Regieleki\n|-damage|p2a: Chien-Pao|1\/100|[from] item: Life Orb\n|\n|-end|p2a: Chien-Pao|Thunder Cage|[partiallytrapped]|[silent]\n|upkeep\n|\n|t:|1697748908\n|switch|p1a: Dragapult|Dragapult, F|100\/100\n|turn|3\n|\n|t:|1697748913\n|-terastallize|p1a: Dragapult|Dragon\n|move|p2a: Chien-Pao|Sucker Punch|p1a: Dragapult\n|-damage|p1a: Dragapult|0 fnt\n|faint|p1a: Dragapult\n|-damage|p2a: Chien-Pao|0 fnt|[from] item: Life Orb\n|faint|p2a: Chien-Pao\n|\n|upkeep\n|\n|t:|1697748928\n|switch|p2a: Iron Hands|Iron Hands, shiny|100\/100\n|switch|p1a: Darkrai|Darkrai|100\/100\n|turn|4\n|\n|t:|1697748933\n|move|p2a: Iron Hands|Fake Out|p1a: Darkrai\n|-damage|p1a: Darkrai|80\/100\n|cant|p1a: Darkrai|flinch\n|\n|upkeep\n|turn|5\n|\n|t:|1697748939\n|move|p1a: Darkrai|Dark Void|p2a: Iron Hands|[miss]\n|-miss|p1a: Darkrai|p2a: Iron Hands\n|move|p2a: Iron Hands|Drain Punch|p1a: Darkrai\n|-supereffective|p1a: Darkrai\n|-damage|p1a: Darkrai|0 fnt\n|faint|p1a: Darkrai\n|\n|upkeep\n|\n|t:|1697748947\n|switch|p1a: Volcarona|Volcarona, M|100\/100\n|turn|6\n|\n|t:|1697748952\n|move|p1a: Volcarona|Quiver Dance|p1a: Volcarona\n|-boost|p1a: Volcarona|spa|1\n|-boost|p1a: Volcarona|spd|1\n|-boost|p1a: Volcarona|spe|1\n|move|p2a: Iron Hands|Drain Punch|p1a: Volcarona\n|-resisted|p1a: Volcarona\n|-damage|p1a: Volcarona|68\/100\n|\n|upkeep\n|turn|7\n|\n|t:|1697748963\n|-end|p2a: Iron Hands|Quark Drive|[silent]\n|switch|p2a: Kyogre|Kyogre|100\/100\n|-weather|RainDance|[from] ability: Drizzle|[of] p2a: Kyogre\n|move|p1a: Volcarona|Quiver Dance|p1a: Volcarona\n|-boost|p1a: Volcarona|spa|1\n|-boost|p1a: Volcarona|spd|1\n|-boost|p1a: Volcarona|spe|1\n|\n|-weather|RainDance|[upkeep]\n|upkeep\n|turn|8\n|\n|t:|1697748976\n|-terastallize|p2a: Kyogre|Water\n|move|p1a: Volcarona|Bug Buzz|p2a: Kyogre\n|-damage|p2a: Kyogre|21\/100\n|move|p2a: Kyogre|Origin Pulse|p1a: Volcarona\n|-supereffective|p1a: Volcarona\n|-damage|p1a: Volcarona|0 fnt\n|faint|p1a: Volcarona\n|\n|-weather|RainDance|[upkeep]\n|upkeep\n|\n|t:|1697748987\n|switch|p1a: Lilligant|Lilligant-Hisui, F|100\/100\n|turn|9\n|\n|t:|1697748991\n|move|p2a: Kyogre|Origin Pulse|p1a: Lilligant|[miss]\n|-miss|p2a: Kyogre|p1a: Lilligant\n|move|p1a: Lilligant|Sleep Powder|p2a: Kyogre\n|-status|p2a: Kyogre|slp|[from] move: Sleep Powder\n|\n|-weather|RainDance|[upkeep]\n|upkeep\n|turn|10\n|\n|t:|1697749002\n|switch|p2a: Iron Moth|Iron Moth, shiny|100\/100\n|move|p1a: Lilligant|Substitute|p1a: Lilligant\n|-start|p1a: Lilligant|Substitute\n|-damage|p1a: Lilligant|76\/100\n|\n|-weather|RainDance|[upkeep]\n|upkeep\n|turn|11\n|\n|t:|1697749009\n|move|p2a: Iron Moth|Fiery Dance|p1a: Lilligant\n|-supereffective|p1a: Lilligant\n|-end|p1a: Lilligant|Substitute\n|-damage|p2a: Iron Moth|91\/100|[from] item: Life Orb\n|move|p1a: Lilligant|Solar Blade||[still]\n|-prepare|p1a: Lilligant|Solar Blade\n|\n|-weather|none\n|upkeep\n|turn|12\n|\n|t:|1697749018\n|move|p2a: Iron Moth|Fiery Dance|p1a: Lilligant\n|-supereffective|p1a: Lilligant\n|-damage|p1a: Lilligant|0 fnt\n|faint|p1a: Lilligant\n|-damage|p2a: Iron Moth|81\/100|[from] item: Life Orb\n|\n|upkeep\n|\n|t:|1697749024\n|switch|p1a: Ceruledge|Ceruledge, F|100\/100\n|turn|13\n|\n|t:|1697749027\n|move|p2a: Iron Moth|Sludge Wave|p1a: Ceruledge\n|-resisted|p1a: Ceruledge\n|-damage|p1a: Ceruledge|63\/100\n|-damage|p2a: Iron Moth|71\/100|[from] item: Life Orb\n|move|p1a: Ceruledge|Psycho Cut|p2a: Iron Moth\n|-supereffective|p2a: Iron Moth\n|-damage|p2a: Iron Moth|0 fnt\n|faint|p2a: Iron Moth\n|-end|p2a: Iron Moth|Quark Drive|[silent]\n|\n|upkeep\n|\n|t:|1697749033\n|switch|p2a: Donphan|Donphan, F, shiny|100\/100\n|turn|14\n|\n|t:|1697749039\n|move|p1a: Ceruledge|Bitter Blade|p2a: Donphan\n|-damage|p2a: Donphan|63\/100\n|-heal|p1a: Ceruledge|87\/100|[from] drain|[of] p2a: Donphan\n|move|p2a: Donphan|Earthquake|p1a: Ceruledge\n|-supereffective|p1a: Ceruledge\n|-damage|p1a: Ceruledge|0 fnt\n|faint|p1a: Ceruledge\n|\n|win|Anne Frankkkk\n|raw|eragon123's rating: 1065 &rarr; <strong>1052<\/strong><br \/>(-13 for losing)\n|raw|Anne Frankkkk's rating: 1181 &rarr; <strong>1198<\/strong><br \/>(+17 for winning)\n","uploadtime":1697749049,"views":13,"p1id":"eragon123","p2id":"annefrankkkk","formatid":"gen9ubers","rating":1052,"private":0,"password":""}