{"id":"gen9ubers-1975046773","p1":"Funni gen 3 boi","p2":"lol1345","format":"[Gen 9] Ubers","log":"|j|\u2606Funni gen 3 boi\n|j|\u2606lol1345\n|t:|1698157703\n|gametype|singles\n|player|p1|Funni gen 3 boi|102|1080\n|player|p2|lol1345|101|1070\n|teamsize|p1|6\n|teamsize|p2|6\n|gen|9\n|tier|[Gen 9] Ubers\n|rated|\n|rule|Sleep Clause Mod: Limit one foe put to sleep\n|rule|Species Clause: Limit one of each Pok\u00e9mon\n|rule|OHKO Clause: OHKO moves are banned\n|rule|Evasion Items Clause: Evasion items are banned\n|rule|Evasion Moves Clause: Evasion moves are banned\n|rule|Endless Battle Clause: Forcing endless battles is banned\n|rule|HP Percentage Mod: HP is shown in percentages\n|clearpoke\n|poke|p1|Chi-Yu|\n|poke|p1|Koraidon|\n|poke|p1|Flutter Mane|\n|poke|p1|Regieleki|\n|poke|p1|Miraidon|\n|poke|p1|Arceus|\n|poke|p2|Dragapult, M|\n|poke|p2|Volcarona, M|\n|poke|p2|Corviknight, F|\n|poke|p2|Gholdengo|\n|poke|p2|Greninja-*, M|\n|poke|p2|Rotom-Wash|\n|teampreview\n|\n|t:|1698157716\n|start\n|switch|p1a: Koraidon|Koraidon|100\/100\n|switch|p2a: Volcarona|Volcarona, M, shiny|100\/100\n|-weather|SunnyDay|[from] ability: Orichalcum Pulse|[of] p1a: Koraidon\n|-activate|p1a: Koraidon|Orichalcum Pulse|[source]\n|turn|1\n|\n|t:|1698157735\n|move|p1a: Koraidon|Stomping Tantrum|p2a: Volcarona\n|-damage|p2a: Volcarona|57\/100\n|move|p2a: Volcarona|Quiver Dance|p2a: Volcarona\n|-boost|p2a: Volcarona|spa|1\n|-boost|p2a: Volcarona|spd|1\n|-boost|p2a: Volcarona|spe|1\n|\n|-weather|SunnyDay|[upkeep]\n|upkeep\n|turn|2\n|\n|t:|1698157746\n|move|p2a: Volcarona|Giga Drain|p1a: Koraidon\n|-resisted|p1a: Koraidon\n|-damage|p1a: Koraidon|90\/100\n|-heal|p2a: Volcarona|62\/100|[from] drain|[of] p1a: Koraidon\n|move|p1a: Koraidon|Collision Course|p2a: Volcarona\n|-resisted|p2a: Volcarona\n|-damage|p2a: Volcarona|18\/100\n|-status|p1a: Koraidon|brn|[from] ability: Flame Body|[of] p2a: Volcarona\n|\n|-weather|SunnyDay|[upkeep]\n|-damage|p1a: Koraidon|83\/100 brn|[from] brn\n|upkeep\n|turn|3\n|\n|t:|1698157759\n|move|p2a: Volcarona|Bug Buzz|p1a: Koraidon\n|-resisted|p1a: Koraidon\n|-damage|p1a: Koraidon|61\/100 brn\n|move|p1a: Koraidon|Collision Course|p2a: Volcarona\n|-resisted|p2a: Volcarona\n|-damage|p2a: Volcarona|0 fnt\n|faint|p2a: Volcarona\n|\n|-weather|SunnyDay|[upkeep]\n|-damage|p1a: Koraidon|54\/100 brn|[from] brn\n|upkeep\n|\n|t:|1698157774\n|switch|p2a: Dragapult|Dragapult, M, shiny|100\/100\n|turn|4\n|c|\u2606Funni gen 3 boi|Well my Koraidon's out the game now lol\n|\n|t:|1698157790\n|switch|p1a: Flutter Mane|Flutter Mane|100\/100\n|-activate|p1a: Flutter Mane|ability: Protosynthesis\n|-start|p1a: Flutter Mane|protosynthesisspe\n|-terastallize|p2a: Dragapult|Ghost\n|move|p2a: Dragapult|Dragon Darts|p1a: Flutter Mane\n|-immune|p1a: Flutter Mane\n|\n|-weather|SunnyDay|[upkeep]\n|upkeep\n|turn|5\n|\n|t:|1698157817\n|move|p1a: Flutter Mane|Moonblast|p2a: Dragapult\n|-damage|p2a: Dragapult|0 fnt\n|faint|p2a: Dragapult\n|\n|-weather|none\n|-end|p1a: Flutter Mane|Protosynthesis\n|upkeep\n|\n|t:|1698157824\n|switch|p2a: Gholdengo|Gholdengo, shiny|100\/100\n|turn|6\n|\n|t:|1698157831\n|-end|p1a: Flutter Mane|Protosynthesis|[silent]\n|switch|p1a: Koraidon|Koraidon|54\/100 brn\n|-weather|SunnyDay|[from] ability: Orichalcum Pulse|[of] p1a: Koraidon\n|-activate|p1a: Koraidon|Orichalcum Pulse|[source]\n|move|p2a: Gholdengo|Shadow Ball|p1a: Koraidon\n|-damage|p1a: Koraidon|26\/100 brn\n|\n|-weather|SunnyDay|[upkeep]\n|-damage|p1a: Koraidon|20\/100 brn|[from] brn\n|upkeep\n|turn|7\n|\n|t:|1698157843\n|move|p1a: Koraidon|Stomping Tantrum|p2a: Gholdengo\n|-supereffective|p2a: Gholdengo\n|-damage|p2a: Gholdengo|65\/100\n|-enditem|p2a: Gholdengo|Red Card|[of] p1a: Koraidon\n|drag|p1a: Chi-Yu|Chi-Yu|100\/100\n|-ability|p1a: Chi-Yu|Beads of Ruin\n|move|p2a: Gholdengo|Dazzling Gleam|p1a: Chi-Yu\n|-damage|p1a: Chi-Yu|67\/100\n|\n|-weather|SunnyDay|[upkeep]\n|upkeep\n|turn|8\n|c|\u2606Funni gen 3 boi|Huh that's strange I thought fairy was strong on dark\n|c|\u2606Funni gen 3 boi|I guess I havent played for too long\n|\n|t:|1698157883\n|switch|p2a: Rotom|Rotom-Wash, shiny|100\/100\n|move|p1a: Chi-Yu|Flamethrower|p2a: Rotom\n|-resisted|p2a: Rotom\n|-damage|p2a: Rotom|39\/100\n|\n|-weather|SunnyDay|[upkeep]\n|upkeep\n|turn|9\n|\n|t:|1698157896\n|move|p1a: Chi-Yu|Flamethrower|p2a: Rotom\n|-resisted|p2a: Rotom\n|-crit|p2a: Rotom\n|-damage|p2a: Rotom|0 fnt\n|faint|p2a: Rotom\n|\n|-weather|SunnyDay|[upkeep]\n|upkeep\n|\n|t:|1698157903\n|switch|p2a: Greninja|Greninja, M, shiny|100\/100\n|turn|10\n|\n|t:|1698157924\n|switch|p1a: Miraidon|Miraidon|100\/100\n|-fieldstart|move: Electric Terrain|[from] ability: Hadron Engine|[of] p1a: Miraidon\n|move|p2a: Greninja|Liquidation|p1a: Miraidon\n|-start|p2a: Greninja|typechange|Water|[from] ability: Protean\n|-resisted|p1a: Miraidon\n|-crit|p1a: Miraidon\n|-damage|p1a: Miraidon|90\/100\n|\n|-weather|none\n|upkeep\n|turn|11\n|\n|t:|1698157937\n|switch|p2a: Corviknight|Corviknight, F|100\/100\n|-ability|p2a: Corviknight|Unnerve\n|move|p1a: Miraidon|Electro Drift|p2a: Corviknight\n|-supereffective|p2a: Corviknight\n|-damage|p2a: Corviknight|0 fnt\n|faint|p2a: Corviknight\n|\n|upkeep\n|c|\u2606Funni gen 3 boi|gg man miraidon cleans now\n|\n|t:|1698157956\n|switch|p2a: Greninja|Greninja, M, shiny|100\/100\n|turn|12\n|\n|t:|1698157967\n|move|p1a: Miraidon|Electro Drift|p2a: Greninja\n|-supereffective|p2a: Greninja\n|-damage|p2a: Greninja|0 fnt\n|faint|p2a: Greninja\n|\n|upkeep\n|\n|t:|1698157974\n|switch|p2a: Gholdengo|Gholdengo, shiny|65\/100\n|turn|13\n|c|\u2606Funni gen 3 boi|Strange of you not to run full speed greninja in this fast af metagame\n|\n|t:|1698157988\n|move|p1a: Miraidon|Overheat|p2a: Gholdengo\n|-supereffective|p2a: Gholdengo\n|-damage|p2a: Gholdengo|0 fnt\n|-unboost|p1a: Miraidon|spa|2\n|faint|p2a: Gholdengo\n|\n|win|Funni gen 3 boi\n|raw|Funni gen 3 boi's rating: 1080 &rarr; <strong>1107<\/strong><br \/>(+27 for winning)\n|raw|lol1345's rating: 1070 &rarr; <strong>1050<\/strong><br \/>(-20 for losing)\n|c|\u2606Funni gen 3 boi|gg\n|l|\u2606Funni gen 3 boi\n|j|\u2606Funni gen 3 boi\n|player|p1|Funni gen 3 boi|102\n","uploadtime":1698158017,"views":8,"p1id":"funnigen3boi","p2id":"lol1345","formatid":"gen9ubers","rating":1050,"private":0,"password":""}