{"id":"gen9ubers-1978350698","p1":"fwuffypetsowo","p2":"CrackLordGBLN","format":"[Gen 9] Ubers","log":"|j|\u2606fwuffypetsowo\n|j|\u2606CrackLordGBLN\n|t:|1698528178\n|gametype|singles\n|player|p1|fwuffypetsowo|zinnia|\n|player|p2|CrackLordGBLN|ghetsis|\n|teamsize|p1|6\n|teamsize|p2|6\n|gen|9\n|tier|[Gen 9] Ubers\n|rule|Sleep Clause Mod: Limit one foe put to sleep\n|rule|Species Clause: Limit one of each Pok\u00e9mon\n|rule|OHKO Clause: OHKO moves are banned\n|rule|Evasion Items Clause: Evasion items are banned\n|rule|Evasion Moves Clause: Evasion moves are banned\n|rule|Endless Battle Clause: Forcing endless battles is banned\n|rule|HP Percentage Mod: HP is shown in percentages\n|clearpoke\n|poke|p1|Torkoal, M|\n|poke|p1|Walking Wake|\n|poke|p1|Chi-Yu|\n|poke|p1|Arceus-Grass|\n|poke|p1|Zacian-*|\n|poke|p1|Magearna-Original|\n|poke|p2|Torkoal, F|\n|poke|p2|Ninetales-Alola, F|\n|poke|p2|Ursaluna-Bloodmoon, M|\n|poke|p2|Chandelure, F|\n|poke|p2|Walking Wake|\n|poke|p2|Pawmot, M|\n|teampreview\n|c|\u2606CrackLordGBLN|glhf\n|\n|t:|1698528206\n|start\n|switch|p1a: Chi-Yu|Chi-Yu|100\/100\n|switch|p2a: King Kunta|Walking Wake|100\/100\n|-ability|p1a: Chi-Yu|Beads of Ruin\n|turn|1\n|inactive|Battle timer is ON: inactive players will automatically lose when time's up. (requested by fwuffypetsowo)\n|\n|t:|1698528223\n|switch|p1a: Arceus|Arceus-Grass|100\/100\n|move|p2a: King Kunta|Hydro Steam|p1a: Arceus\n|-resisted|p1a: Arceus\n|-damage|p1a: Arceus|81\/100\n|\n|upkeep\n|turn|2\n|\n|t:|1698528239\n|-end|p2a: King Kunta|Protosynthesis|[silent]\n|switch|p2a: Really Doe|Chandelure, F|100\/100\n|move|p1a: Arceus|Calm Mind|p1a: Arceus\n|-boost|p1a: Arceus|spa|1\n|-boost|p1a: Arceus|spd|1\n|\n|upkeep\n|turn|3\n|j| uubers account\n|inactive|fwuffypetsowo has 270 seconds left.\n|\n|t:|1698528269\n|move|p1a: Arceus|Calm Mind|p1a: Arceus\n|-boost|p1a: Arceus|spa|1\n|-boost|p1a: Arceus|spd|1\n|move|p2a: Really Doe|Overheat|p1a: Arceus|[miss]\n|-miss|p2a: Really Doe|p1a: Arceus\n|\n|upkeep\n|turn|4\n|\n|t:|1698528286\n|move|p1a: Arceus|Calm Mind|p1a: Arceus\n|-boost|p1a: Arceus|spa|1\n|-boost|p1a: Arceus|spd|1\n|move|p2a: Really Doe|Trick Room|p2a: Really Doe\n|-fieldstart|move: Trick Room|[of] p2a: Really Doe\n|\n|upkeep\n|turn|5\n|\n|t:|1698528297\n|move|p2a: Really Doe|Overheat|p1a: Arceus\n|-supereffective|p1a: Arceus\n|-damage|p1a: Arceus|38\/100\n|-unboost|p2a: Really Doe|spa|2\n|move|p1a: Arceus|Recover|p1a: Arceus\n|-heal|p1a: Arceus|88\/100\n|\n|upkeep\n|turn|6\n|\n|t:|1698528309\n|switch|p2a: knots|Pawmot, M|100\/100\n|move|p1a: Arceus|Calm Mind|p1a: Arceus\n|-boost|p1a: Arceus|spa|1\n|-boost|p1a: Arceus|spd|1\n|\n|upkeep\n|turn|7\n|\n|t:|1698528316\n|move|p2a: knots|Ice Punch|p1a: Arceus\n|-supereffective|p1a: Arceus\n|-damage|p1a: Arceus|52\/100\n|-status|p1a: Arceus|frz\n|cant|p1a: Arceus|frz\n|\n|upkeep\n|turn|8\n|\n|t:|1698528334\n|switch|p2a: Alive (nightmare)|Ursaluna-Bloodmoon, M|100\/100\n|switch|p1a: Torkoal|Torkoal, M|100\/100\n|-weather|SunnyDay|[from] ability: Drought|[of] p1a: Torkoal\n|\n|-weather|SunnyDay|[upkeep]\n|-fieldend|move: Trick Room\n|upkeep\n|turn|9\n|\n|t:|1698528345\n|switch|p1a: Zacian|Zacian|100\/100\n|-ability|p1a: Zacian|Intrepid Sword|boost\n|-boost|p1a: Zacian|atk|1\n|move|p2a: Alive (nightmare)|Calm Mind|p2a: Alive (nightmare)\n|-boost|p2a: Alive (nightmare)|spa|1\n|-boost|p2a: Alive (nightmare)|spd|1\n|\n|-weather|SunnyDay|[upkeep]\n|upkeep\n|turn|10\n|\n|t:|1698528362\n|-terastallize|p2a: Alive (nightmare)|Water\n|move|p1a: Zacian|Close Combat|p2a: Alive (nightmare)\n|-damage|p2a: Alive (nightmare)|58\/100\n|-unboost|p1a: Zacian|def|1\n|-unboost|p1a: Zacian|spd|1\n|move|p2a: Alive (nightmare)|Blood Moon|p1a: Zacian\n|-damage|p1a: Zacian|0 fnt\n|faint|p1a: Zacian\n|\n|-weather|SunnyDay|[upkeep]\n|-heal|p2a: Alive (nightmare)|64\/100|[from] item: Leftovers\n|upkeep\n|\n|t:|1698528372\n|switch|p1a: Chi-Yu|Chi-Yu|100\/100\n|-ability|p1a: Chi-Yu|Beads of Ruin\n|turn|11\n|\n|t:|1698528381\n|-terastallize|p1a: Chi-Yu|Fire\n|move|p1a: Chi-Yu|Overheat|p2a: Alive (nightmare)\n|-resisted|p2a: Alive (nightmare)\n|-damage|p2a: Alive (nightmare)|0 fnt\n|-unboost|p1a: Chi-Yu|spa|2\n|faint|p2a: Alive (nightmare)\n|\n|-weather|SunnyDay|[upkeep]\n|upkeep\n|j| Cw1999\n|\n|t:|1698528399\n|switch|p2a: knots|Pawmot, M|100\/100\n|turn|12\n|\n|t:|1698528405\n|move|p1a: Chi-Yu|Overheat|p2a: knots\n|-damage|p2a: knots|0 fnt\n|-unboost|p1a: Chi-Yu|spa|2\n|faint|p2a: knots\n|\n|-weather|SunnyDay|[upkeep]\n|upkeep\n|\n|t:|1698528417\n|switch|p2a: King Kunta|Walking Wake|100\/100\n|-activate|p2a: King Kunta|ability: Protosynthesis\n|-start|p2a: King Kunta|protosynthesisspe\n|turn|13\n|\n|t:|1698528435\n|switch|p1a: Arceus|Arceus-Grass|52\/100 frz\n|move|p2a: King Kunta|Weather Ball|p1a: Arceus\n|-supereffective|p1a: Arceus\n|-damage|p1a: Arceus|0 fnt\n|faint|p1a: Arceus\n|\n|-weather|SunnyDay|[upkeep]\n|upkeep\n|\n|t:|1698528441\n|switch|p1a: Walking Wake|Walking Wake|100\/100\n|-activate|p1a: Walking Wake|ability: Protosynthesis\n|-start|p1a: Walking Wake|protosynthesisspe\n|turn|14\n|c|\u2606CrackLordGBLN|AGENCY WAKE\n|\n|t:|1698528453\n|-end|p2a: King Kunta|Protosynthesis|[silent]\n|switch|p2a: Buried Alive|Ninetales-Alola, F|100\/100\n|-weather|Snow|[from] ability: Snow Warning|[of] p2a: Buried Alive\n|-end|p1a: Walking Wake|Protosynthesis\n|move|p1a: Walking Wake|Flamethrower|p2a: Buried Alive\n|-supereffective|p2a: Buried Alive\n|-damage|p2a: Buried Alive|17\/100\n|\n|-weather|Snow|[upkeep]\n|upkeep\n|turn|15\n|inactive|CrackLordGBLN has 270 seconds left.\n|c|\u2606CrackLordGBLN|This speed tie is big\n|\n|t:|1698528490\n|-end|p1a: Walking Wake|Protosynthesis|[silent]\n|switch|p1a: Torkoal|Torkoal, M|100\/100\n|-weather|SunnyDay|[from] ability: Drought|[of] p1a: Torkoal\n|move|p2a: Buried Alive|Freeze-Dry|p1a: Torkoal\n|-resisted|p1a: Torkoal\n|-damage|p1a: Torkoal|87\/100\n|\n|-weather|SunnyDay|[upkeep]\n|upkeep\n|turn|16\n|\n|t:|1698528505\n|switch|p2a: Really Doe|Chandelure, F|100\/100\n|switch|p1a: Chi-Yu|Chi-Yu, tera:Fire|100\/100\n|-ability|p1a: Chi-Yu|Beads of Ruin\n|\n|-weather|SunnyDay|[upkeep]\n|upkeep\n|turn|17\n|\n|t:|1698528518\n|switch|p2a: Buried Alive|Ninetales-Alola, F|17\/100\n|-weather|Snow|[from] ability: Snow Warning|[of] p2a: Buried Alive\n|move|p1a: Chi-Yu|Dark Pulse|p2a: Buried Alive\n|-resisted|p2a: Buried Alive\n|-damage|p2a: Buried Alive|0 fnt\n|faint|p2a: Buried Alive\n|\n|-weather|Snow|[upkeep]\n|upkeep\n|\n|t:|1698528532\n|switch|p2a: King Kunta|Walking Wake|100\/100\n|turn|18\n|\n|t:|1698528540\n|switch|p1a: Magearna|Magearna-Original|100\/100\n|move|p2a: King Kunta|Draco Meteor|p1a: Magearna\n|-immune|p1a: Magearna\n|\n|-weather|Snow|[upkeep]\n|upkeep\n|turn|19\n|\n|t:|1698528549\n|-end|p2a: King Kunta|Protosynthesis|[silent]\n|switch|p2a: Really Doe|Chandelure, F|100\/100\n|move|p1a: Magearna|Volt Switch|p2a: Really Doe\n|-damage|p2a: Really Doe|76\/100\n|\n|t:|1698528552\n|switch|p1a: Chi-Yu|Chi-Yu, tera:Fire|100\/100|[from] Volt Switch\n|-ability|p1a: Chi-Yu|Beads of Ruin\n|\n|-weather|Snow|[upkeep]\n|upkeep\n|turn|20\n|\n|t:|1698528566\n|switch|p2a: King Kunta|Walking Wake|100\/100\n|move|p1a: Chi-Yu|Dark Pulse|p2a: King Kunta\n|-damage|p2a: King Kunta|31\/100\n|\n|-weather|Snow|[upkeep]\n|upkeep\n|turn|21\n|\n|t:|1698528573\n|move|p1a: Chi-Yu|Dark Pulse|p2a: King Kunta\n|-damage|p2a: King Kunta|0 fnt\n|faint|p2a: King Kunta\n|-end|p2a: King Kunta|Protosynthesis|[silent]\n|\n|-weather|none\n|upkeep\n|\n|t:|1698528581\n|switch|p2a: Headlights|Torkoal, F|100\/100\n|-weather|SunnyDay|[from] ability: Drought|[of] p2a: Headlights\n|turn|22\n|inactive|CrackLordGBLN has 270 seconds left.\n|c|\u2606CrackLordGBLN|gg\n|c|\u2606CrackLordGBLN|Very very well played\n|-message|CrackLordGBLN forfeited.\n|\n|win|fwuffypetsowo\n|l|\u2606CrackLordGBLN\n","uploadtime":1698528654,"views":13,"p1id":"fwuffypetsowo","p2id":"cracklordgbln","formatid":"gen9ubers","rating":0,"private":0,"password":""}