{"id":"gen9ubers-1989392941","p1":"AtomBomb69","p2":"Chau20003","format":"[Gen 9] Ubers","log":"|j|\u2606AtomBomb69\n|j|\u2606Chau20003\n|t:|1699844505\n|gametype|singles\n|player|p1|AtomBomb69|swimmerf-gen4|1177\n|player|p2|Chau20003|169|1313\n|teamsize|p1|6\n|teamsize|p2|6\n|gen|9\n|tier|[Gen 9] Ubers\n|rated|\n|rule|Sleep Clause Mod: Limit one foe put to sleep\n|rule|Species Clause: Limit one of each Pok\u00e9mon\n|rule|OHKO Clause: OHKO moves are banned\n|rule|Evasion Items Clause: Evasion items are banned\n|rule|Evasion Moves Clause: Evasion moves are banned\n|rule|Endless Battle Clause: Forcing endless battles is banned\n|rule|HP Percentage Mod: HP is shown in percentages\n|clearpoke\n|poke|p1|Regieleki|\n|poke|p1|Regidrago|\n|poke|p1|Giratina-Origin|\n|poke|p1|Miraidon|\n|poke|p1|Zamazenta-*|\n|poke|p1|Kingambit, M|\n|poke|p2|Arceus|\n|poke|p2|Ninetales-Alola, M|\n|poke|p2|Baxcalibur, F|\n|poke|p2|Flutter Mane|\n|poke|p2|Ogerpon-Hearthflame, F|\n|poke|p2|Sandslash-Alola, M|\n|teampreview\n|inactive|Battle timer is ON: inactive players will automatically lose when time's up. (requested by Chau20003)\n|inactive|AtomBomb69 also wants the timer to be on.\n|\n|t:|1699844521\n|start\n|switch|p1a: Regieleki|Regieleki|100\/100\n|switch|p2a: Ninetales|Ninetales-Alola, M|100\/100\n|-weather|Snow|[from] ability: Snow Warning|[of] p2a: Ninetales\n|turn|1\n|\n|t:|1699844530\n|move|p1a: Regieleki|Light Screen|p1a: Regieleki\n|-sidestart|p1: AtomBomb69|move: Light Screen\n|move|p2a: Ninetales|Aurora Veil|p2a: Ninetales\n|-sidestart|p2: Chau20003|move: Aurora Veil\n|\n|-weather|Snow|[upkeep]\n|upkeep\n|turn|2\n|\n|t:|1699844536\n|switch|p2a: Sandslash|Sandslash-Alola, M|100\/100\n|move|p1a: Regieleki|Reflect|p1a: Regieleki\n|-sidestart|p1: AtomBomb69|Reflect\n|\n|-weather|Snow|[upkeep]\n|upkeep\n|turn|3\n|\n|t:|1699844545\n|move|p1a: Regieleki|Volt Switch|p2a: Sandslash\n|-damage|p2a: Sandslash|79\/100\n|\n|t:|1699844551\n|switch|p1a: Zamazenta|Zamazenta-Crowned|100\/100|[from] Volt Switch\n|-ability|p1a: Zamazenta|Dauntless Shield|boost\n|-boost|p1a: Zamazenta|def|1\n|move|p2a: Sandslash|Brick Break|p1a: Zamazenta\n|-sideend|p1: AtomBomb69|Reflect\n|-sideend|p1: AtomBomb69|move: Light Screen\n|-supereffective|p1a: Zamazenta\n|-damage|p1a: Zamazenta|80\/100\n|\n|-weather|Snow|[upkeep]\n|upkeep\n|turn|4\n|inactive|Chau20003 has 120 seconds left.\n|\n|t:|1699844587\n|move|p2a: Sandslash|Brick Break|p1a: Zamazenta\n|-supereffective|p1a: Zamazenta\n|-damage|p1a: Zamazenta|58\/100\n|move|p1a: Zamazenta|Iron Defense|p1a: Zamazenta\n|-boost|p1a: Zamazenta|def|2\n|\n|-weather|Snow|[upkeep]\n|upkeep\n|turn|5\n|inactive|Chau20003 has 120 seconds left.\n|\n|t:|1699844595\n|switch|p2a: Arceus|Arceus|100\/100\n|move|p1a: Zamazenta|Body Press|p2a: Arceus\n|-supereffective|p2a: Arceus\n|-crit|p2a: Arceus\n|-damage|p2a: Arceus|0 fnt\n|faint|p2a: Arceus\n|\n|-weather|none\n|upkeep\n|inactive|Chau20003 has 120 seconds left.\n|\n|t:|1699844602\n|switch|p2a: Flutter Mane|Flutter Mane|100\/100\n|-enditem|p2a: Flutter Mane|Booster Energy\n|-activate|p2a: Flutter Mane|ability: Protosynthesis|[fromitem]\n|-start|p2a: Flutter Mane|protosynthesisspa\n|turn|6\n|\n|t:|1699844611\n|-terastallize|p1a: Zamazenta|Steel\n|move|p2a: Flutter Mane|Mystical Fire|p1a: Zamazenta\n|-supereffective|p1a: Zamazenta\n|-damage|p1a: Zamazenta|8\/100\n|-unboost|p1a: Zamazenta|spa|1\n|move|p1a: Zamazenta|Behemoth Bash|p2a: Flutter Mane\n|-supereffective|p2a: Flutter Mane\n|-damage|p2a: Flutter Mane|0 fnt\n|faint|p2a: Flutter Mane\n|-end|p2a: Flutter Mane|Protosynthesis|[silent]\n|\n|upkeep\n|\n|t:|1699844623\n|switch|p2a: Ninetales|Ninetales-Alola, M|100\/100\n|-weather|Snow|[from] ability: Snow Warning|[of] p2a: Ninetales\n|turn|7\n|\n|t:|1699844629\n|move|p2a: Ninetales|Moonblast|p1a: Zamazenta\n|-resisted|p1a: Zamazenta\n|-damage|p1a: Zamazenta|0 fnt\n|faint|p1a: Zamazenta\n|\n|-weather|Snow|[upkeep]\n|upkeep\n|\n|t:|1699844637\n|switch|p1a: Regieleki|Regieleki|100\/100\n|turn|8\n|\n|t:|1699844648\n|move|p1a: Regieleki|Volt Switch|p2a: Ninetales\n|-damage|p2a: Ninetales|83\/100\n|\n|t:|1699844652\n|switch|p1a: Giratina|Giratina-Origin|100\/100|[from] Volt Switch\n|move|p2a: Ninetales|Encore||[still]\n|-fail|p2a: Ninetales\n|\n|-weather|Snow|[upkeep]\n|-sideend|p2: Chau20003|move: Aurora Veil\n|upkeep\n|turn|9\n|\n|t:|1699844660\n|move|p2a: Ninetales|Aurora Veil|p2a: Ninetales\n|-sidestart|p2: Chau20003|move: Aurora Veil\n|move|p1a: Giratina|Will-O-Wisp|p2a: Ninetales\n|-status|p2a: Ninetales|brn\n|\n|-weather|Snow|[upkeep]\n|-damage|p2a: Ninetales|77\/100 brn|[from] brn\n|upkeep\n|turn|10\n|\n|t:|1699844670\n|move|p2a: Ninetales|Blizzard|p1a: Giratina\n|-supereffective|p1a: Giratina\n|-damage|p1a: Giratina|48\/100\n|-status|p1a: Giratina|frz\n|-curestatus|p1a: Giratina|frz|[msg]\n|move|p1a: Giratina|Defog|p2a: Ninetales\n|-unboost|p2a: Ninetales|evasion|1\n|-sideend|p2: Chau20003|move: Aurora Veil\n|\n|-weather|Snow|[upkeep]\n|-damage|p2a: Ninetales|71\/100 brn|[from] brn\n|upkeep\n|turn|11\n|\n|t:|1699844687\n|switch|p1a: Kingambit|Kingambit, M, shiny|100\/100\n|-activate|p1a: Kingambit|ability: Supreme Overlord\n|-start|p1a: Kingambit|fallen1|[silent]\n|move|p2a: Ninetales|Aurora Veil|p2a: Ninetales\n|-sidestart|p2: Chau20003|move: Aurora Veil\n|\n|-weather|none\n|-damage|p2a: Ninetales|64\/100 brn|[from] brn\n|upkeep\n|turn|12\n|\n|t:|1699844698\n|move|p2a: Ninetales|Moonblast|p1a: Kingambit\n|-damage|p1a: Kingambit|65\/100\n|move|p1a: Kingambit|Poison Jab|p2a: Ninetales\n|-supereffective|p2a: Ninetales\n|-damage|p2a: Ninetales|12\/100 brn\n|\n|-damage|p2a: Ninetales|6\/100 brn|[from] brn\n|upkeep\n|turn|13\n|\n|t:|1699844707\n|move|p1a: Kingambit|Sucker Punch|p2a: Ninetales\n|-resisted|p2a: Ninetales\n|-damage|p2a: Ninetales|0 fnt\n|faint|p2a: Ninetales\n|\n|upkeep\n|\n|t:|1699844711\n|switch|p2a: Baxcalibur|Baxcalibur, F|100\/100\n|turn|14\n|\n|t:|1699844715\n|move|p2a: Baxcalibur|Dragon Dance|p2a: Baxcalibur\n|-boost|p2a: Baxcalibur|atk|1\n|-boost|p2a: Baxcalibur|spe|1\n|move|p1a: Kingambit|Brick Break|p2a: Baxcalibur\n|-sideend|p2: Chau20003|move: Aurora Veil\n|-supereffective|p2a: Baxcalibur\n|-damage|p2a: Baxcalibur|33\/100\n|\n|upkeep\n|turn|15\n|\n|t:|1699844724\n|-terastallize|p2a: Baxcalibur|Ground\n|move|p1a: Kingambit|Sucker Punch|p2a: Baxcalibur\n|-damage|p2a: Baxcalibur|0 fnt\n|faint|p2a: Baxcalibur\n|\n|upkeep\n|-message|Chau20003 forfeited.\n|\n|win|AtomBomb69\n|raw|AtomBomb69's rating: 1177 &rarr; <strong>1211<\/strong><br \/>(+34 for winning)\n|raw|Chau20003's rating: 1313 &rarr; <strong>1286<\/strong><br \/>(-27 for losing)\n|l|\u2606Chau20003\n","uploadtime":1699844737,"views":19,"p1id":"atombomb69","p2id":"chau20003","formatid":"gen9ubers","rating":1211,"private":0,"password":""}