{"id":"gen9ubers-1972348963","p1":"silv3rcr33d","p2":"DeShawn Banks","format":"[Gen 9] Ubers","log":"|j|\u2606silv3rcr33d\n|j|\u2606DeShawn Banks\n|t:|1697833701\n|gametype|singles\n|player|p1|silv3rcr33d|2|1105\n|player|p2|DeShawn Banks|linebacker|1000\n|teamsize|p1|6\n|teamsize|p2|6\n|gen|9\n|tier|[Gen 9] Ubers\n|rated|\n|rule|Sleep Clause Mod: Limit one foe put to sleep\n|rule|Species Clause: Limit one of each Pok\u00e9mon\n|rule|OHKO Clause: OHKO moves are banned\n|rule|Evasion Items Clause: Evasion items are banned\n|rule|Evasion Moves Clause: Evasion moves are banned\n|rule|Endless Battle Clause: Forcing endless battles is banned\n|rule|HP Percentage Mod: HP is shown in percentages\n|clearpoke\n|poke|p1|Cinderace, M|\n|poke|p1|Meowscarada, M|\n|poke|p1|Greninja-*, M|\n|poke|p1|Garganacl, F|\n|poke|p1|Grimmsnarl, M|\n|poke|p1|Espathra, M|\n|poke|p2|Kingambit, M|\n|poke|p2|Snorlax, F|\n|poke|p2|Kommo-o, F|\n|poke|p2|Chandelure, M|\n|poke|p2|Milotic, F|\n|poke|p2|Mamoswine, M|\n|teampreview\n|inactive|Battle timer is ON: inactive players will automatically lose when time's up. (requested by DeShawn Banks)\n|\n|t:|1697833708\n|start\n|switch|p1a: Greninja|Greninja, M|100\/100\n|switch|p2a: Chandelure|Chandelure, M, shiny|100\/100\n|turn|1\n|c|\u2606DeShawn Banks|Glhf\n|\n|t:|1697833729\n|move|p1a: Greninja|Hydro Pump|p2a: Chandelure\n|-start|p1a: Greninja|typechange|Water|[from] ability: Protean\n|-supereffective|p2a: Chandelure\n|-damage|p2a: Chandelure|0 fnt\n|faint|p2a: Chandelure\n|\n|upkeep\n|\n|t:|1697833744\n|switch|p2a: Kommo-o|Kommo-o, F, shiny|100\/100\n|turn|2\n|\n|t:|1697833756\n|switch|p1a: sleepy|Grimmsnarl, M|100\/100\n|move|p2a: Kommo-o|Boomburst|p1a: sleepy\n|-damage|p1a: sleepy|58\/100\n|-enditem|p2a: Kommo-o|Throat Spray\n|-boost|p2a: Kommo-o|spa|1|[from] item: Throat Spray\n|\n|-heal|p1a: sleepy|64\/100|[from] item: Leftovers\n|upkeep\n|turn|3\n|inactive|DeShawn Banks has 120 seconds left.\n|\n|t:|1697833774\n|-terastallize|p2a: Kommo-o|Normal\n|move|p1a: sleepy|Bulk Up|p1a: sleepy\n|-boost|p1a: sleepy|atk|1\n|-boost|p1a: sleepy|def|1\n|move|p2a: Kommo-o|Boomburst|p1a: sleepy\n|-damage|p1a: sleepy|0 fnt\n|faint|p1a: sleepy\n|\n|upkeep\n|\n|t:|1697833784\n|switch|p1a: Cinderace|Cinderace, M|100\/100\n|turn|4\n|\n|t:|1697833790\n|move|p1a: Cinderace|High Jump Kick|p2a: Kommo-o\n|-start|p1a: Cinderace|typechange|Fighting|[from] ability: Libero\n|-supereffective|p2a: Kommo-o\n|-damage|p2a: Kommo-o|0 fnt\n|faint|p2a: Kommo-o\n|\n|upkeep\n|\n|t:|1697833798\n|switch|p2a: Milotic|Milotic, F, shiny|100\/100\n|turn|5\n|\n|t:|1697833806\n|switch|p1a: Greninja|Greninja, M|100\/100\n|move|p2a: Milotic|Scald|p1a: Greninja\n|-resisted|p1a: Greninja\n|-damage|p1a: Greninja|76\/100\n|\n|-status|p2a: Milotic|brn|[from] item: Flame Orb\n|upkeep\n|turn|6\n|\n|t:|1697833819\n|move|p1a: Greninja|Dark Pulse|p2a: Milotic\n|-start|p1a: Greninja|typechange|Dark|[from] ability: Protean\n|-damage|p2a: Milotic|74\/100 brn\n|move|p2a: Milotic|Mirror Coat|p1a: Greninja\n|-immune|p1a: Greninja\n|\n|-damage|p2a: Milotic|68\/100 brn|[from] brn\n|upkeep\n|turn|7\n|\n|t:|1697833834\n|move|p1a: Greninja|Water Shuriken|p2a: Milotic\n|-resisted|p2a: Milotic\n|-damage|p2a: Milotic|66\/100 brn\n|-resisted|p2a: Milotic\n|-damage|p2a: Milotic|65\/100 brn\n|-hitcount|p2a: Milotic|2\n|move|p2a: Milotic|Ice Beam|p1a: Greninja\n|-damage|p1a: Greninja|39\/100\n|\n|-damage|p2a: Milotic|59\/100 brn|[from] brn\n|upkeep\n|turn|8\n|\n|t:|1697833843\n|move|p1a: Greninja|Dark Pulse|p2a: Milotic\n|-damage|p2a: Milotic|35\/100 brn\n|move|p2a: Milotic|Recover|p2a: Milotic\n|-heal|p2a: Milotic|85\/100 brn\n|\n|-damage|p2a: Milotic|79\/100 brn|[from] brn\n|upkeep\n|turn|9\n|\n|t:|1697833850\n|switch|p1a: Meowscarada|Meowscarada, M|100\/100\n|move|p2a: Milotic|Scald|p1a: Meowscarada\n|-resisted|p1a: Meowscarada\n|-damage|p1a: Meowscarada|85\/100\n|\n|-damage|p2a: Milotic|73\/100 brn|[from] brn\n|upkeep\n|turn|10\n|\n|t:|1697833854\n|move|p1a: Meowscarada|Flower Trick|p2a: Milotic\n|-start|p1a: Meowscarada|typechange|Grass|[from] ability: Protean\n|-supereffective|p2a: Milotic\n|-crit|p2a: Milotic\n|-damage|p2a: Milotic|19\/100 brn\n|move|p2a: Milotic|Ice Beam|p1a: Meowscarada\n|-supereffective|p1a: Meowscarada\n|-damage|p1a: Meowscarada|33\/100\n|\n|-damage|p2a: Milotic|13\/100 brn|[from] brn\n|upkeep\n|turn|11\n|\n|t:|1697833863\n|move|p1a: Meowscarada|Flower Trick|p2a: Milotic\n|-supereffective|p2a: Milotic\n|-crit|p2a: Milotic\n|-damage|p2a: Milotic|0 fnt\n|faint|p2a: Milotic\n|\n|upkeep\n|\n|t:|1697833868\n|switch|p2a: Mamoswine|Mamoswine, M, shiny|100\/100\n|turn|12\n|\n|t:|1697833873\n|switch|p1a: Greninja|Greninja, M|39\/100\n|move|p2a: Mamoswine|Ice Shard|p1a: Greninja\n|-resisted|p1a: Greninja\n|-damage|p1a: Greninja|15\/100\n|-damage|p2a: Mamoswine|91\/100|[from] item: Life Orb\n|\n|upkeep\n|turn|13\n|\n|t:|1697833878\n|move|p2a: Mamoswine|Ice Shard|p1a: Greninja\n|-resisted|p1a: Greninja\n|-damage|p1a: Greninja|0 fnt\n|faint|p1a: Greninja\n|-damage|p2a: Mamoswine|81\/100|[from] item: Life Orb\n|\n|upkeep\n|\n|t:|1697833882\n|switch|p1a: Meowscarada|Meowscarada, M|33\/100\n|turn|14\n|\n|t:|1697833886\n|move|p2a: Mamoswine|Ice Shard|p1a: Meowscarada\n|-supereffective|p1a: Meowscarada\n|-damage|p1a: Meowscarada|0 fnt\n|faint|p1a: Meowscarada\n|-damage|p2a: Mamoswine|71\/100|[from] item: Life Orb\n|\n|upkeep\n|\n|t:|1697833888\n|switch|p1a: Espathra|Espathra, M|100\/100\n|turn|15\n|\n|t:|1697833896\n|move|p1a: Espathra|Calm Mind|p1a: Espathra\n|-boost|p1a: Espathra|spa|1\n|-boost|p1a: Espathra|spd|1\n|move|p2a: Mamoswine|Knock Off|p1a: Espathra\n|-supereffective|p1a: Espathra\n|-damage|p1a: Espathra|0 fnt\n|-enditem|p1a: Espathra|Life Orb|[from] move: Knock Off|[of] p2a: Mamoswine\n|faint|p1a: Espathra\n|-damage|p2a: Mamoswine|61\/100|[from] item: Life Orb\n|\n|upkeep\n|\n|t:|1697833900\n|switch|p1a: Garganacl|Garganacl, F|100\/100\n|turn|16\n|\n|t:|1697833910\n|move|p2a: Mamoswine|Earthquake|p1a: Garganacl\n|-supereffective|p1a: Garganacl\n|-damage|p1a: Garganacl|19\/100\n|-damage|p2a: Mamoswine|51\/100|[from] item: Life Orb\n|move|p1a: Garganacl|Salt Cure|p2a: Mamoswine\n|-damage|p2a: Mamoswine|35\/100\n|-start|p2a: Mamoswine|Salt Cure\n|\n|-heal|p1a: Garganacl|25\/100|[from] item: Leftovers\n|-damage|p2a: Mamoswine|22\/100|[from] Salt Cure\n|upkeep\n|turn|17\n|\n|t:|1697833915\n|move|p2a: Mamoswine|Earthquake|p1a: Garganacl\n|-supereffective|p1a: Garganacl\n|-damage|p1a: Garganacl|0 fnt\n|faint|p1a: Garganacl\n|-damage|p2a: Mamoswine|12\/100|[from] item: Life Orb\n|\n|-damage|p2a: Mamoswine|0 fnt|[from] Salt Cure\n|faint|p2a: Mamoswine\n|upkeep\n|\n|t:|1697833918\n|switch|p2a: Snorlax|Snorlax, F, shiny|100\/100\n|switch|p1a: Cinderace|Cinderace, M|100\/100\n|turn|18\n|\n|t:|1697833925\n|move|p1a: Cinderace|High Jump Kick|p2a: Snorlax|[miss]\n|-start|p1a: Cinderace|typechange|Fighting|[from] ability: Libero\n|-miss|p1a: Cinderace|p2a: Snorlax\n|-damage|p1a: Cinderace|51\/100|[from] highjumpkick\n|move|p2a: Snorlax|Belly Drum|p2a: Snorlax\n|-damage|p2a: Snorlax|50\/100\n|-setboost|p2a: Snorlax|atk|6|[from] move: Belly Drum\n|\n|upkeep\n|turn|19\n|\n|t:|1697833932\n|move|p1a: Cinderace|High Jump Kick|p2a: Snorlax\n|-supereffective|p2a: Snorlax\n|-damage|p2a: Snorlax|0 fnt\n|faint|p2a: Snorlax\n|\n|upkeep\n|\n|t:|1697833935\n|switch|p2a: Kingambit|Kingambit, M, shiny|100\/100\n|turn|20\n|\n|t:|1697833939\n|move|p2a: Kingambit|Sucker Punch|p1a: Cinderace\n|-resisted|p1a: Cinderace\n|-damage|p1a: Cinderace|23\/100\n|move|p1a: Cinderace|Pyro Ball|p2a: Kingambit\n|-supereffective|p2a: Kingambit\n|-damage|p2a: Kingambit|41\/100\n|\n|upkeep\n|turn|21\n|\n|t:|1697833951\n|move|p2a: Kingambit|Sucker Punch|p1a: Cinderace\n|-resisted|p1a: Cinderace\n|-damage|p1a: Cinderace|0 fnt\n|faint|p1a: Cinderace\n|\n|win|DeShawn Banks\n|raw|silv3rcr33d's rating: 1105 &rarr; <strong>1073<\/strong><br \/>(-32 for losing)\n|raw|DeShawn Banks's rating: 1000 &rarr; <strong>1052<\/strong><br \/>(+52 for winning)\n|l|\u2606silv3rcr33d\n","uploadtime":1697833958,"views":12,"p1id":"silv3rcr33d","p2id":"deshawnbanks","formatid":"gen9ubers","rating":1052,"private":0,"password":""}