{"id":"gen9ubers-1980227331","p1":"Gummball","p2":"Theviking52","format":"[Gen 9] Ubers","log":"|j|\u2606Gummball\n|j|\u2606Theviking52\n|t:|1698767858\n|gametype|singles\n|player|p1|Gummball|265|\n|player|p2|Theviking52|linebacker|\n|teamsize|p1|6\n|teamsize|p2|6\n|gen|9\n|tier|[Gen 9] Ubers\n|rule|Sleep Clause Mod: Limit one foe put to sleep\n|rule|Species Clause: Limit one of each Pok\u00e9mon\n|rule|OHKO Clause: OHKO moves are banned\n|rule|Evasion Items Clause: Evasion items are banned\n|rule|Evasion Moves Clause: Evasion moves are banned\n|rule|Endless Battle Clause: Forcing endless battles is banned\n|rule|HP Percentage Mod: HP is shown in percentages\n|clearpoke\n|poke|p1|Pelipper, M|\n|poke|p1|Basculegion-F, F|\n|poke|p1|Thundurus-Therian, M|\n|poke|p1|Zacian-*|\n|poke|p1|Palkia-Origin|\n|poke|p1|Arceus-Grass|\n|poke|p2|Tyranitar, F|\n|poke|p2|Magearna|\n|poke|p2|Palkia-Origin|\n|poke|p2|Houndstone, M|\n|poke|p2|Zacian-*|\n|poke|p2|Landorus, M|\n|teampreview\n|\n|t:|1698767868\n|start\n|switch|p1a: Pelipper|Pelipper, M|100\/100\n|switch|p2a: Landorus|Landorus, M|100\/100\n|-weather|RainDance|[from] ability: Drizzle|[of] p1a: Pelipper\n|turn|1\n|\n|t:|1698767878\n|move|p2a: Landorus|U-turn|p1a: Pelipper\n|-resisted|p1a: Pelipper\n|-damage|p1a: Pelipper|89\/100\n|\n|t:|1698767881\n|switch|p2a: Palkia|Palkia-Origin|100\/100|[from] U-turn\n|-ability|p2a: Palkia|Pressure\n|move|p1a: Pelipper|Knock Off|p2a: Palkia\n|-damage|p2a: Palkia|91\/100\n|\n|-weather|RainDance|[upkeep]\n|upkeep\n|turn|2\n|\n|t:|1698767891\n|move|p2a: Palkia|Substitute|p2a: Palkia\n|-start|p2a: Palkia|Substitute\n|-damage|p2a: Palkia|66\/100\n|move|p1a: Pelipper|U-turn|p2a: Palkia\n|-activate|p2a: Palkia|move: Substitute|[damage]\n|\n|t:|1698767896\n|switch|p1a: Arceus|Arceus-Grass|100\/100|[from] U-turn\n|\n|-weather|RainDance|[upkeep]\n|upkeep\n|turn|3\n|\n|t:|1698767900\n|move|p1a: Arceus|Judgment|p2a: Palkia\n|-end|p2a: Palkia|Substitute\n|move|p2a: Palkia|Draco Meteor|p1a: Arceus\n|-damage|p1a: Arceus|38\/100\n|-unboost|p2a: Palkia|spa|2\n|\n|-weather|RainDance|[upkeep]\n|upkeep\n|turn|4\n|\n|t:|1698767912\n|switch|p2a: Magearna|Magearna|100\/100\n|move|p1a: Arceus|Judgment|p2a: Magearna\n|-resisted|p2a: Magearna\n|-damage|p2a: Magearna|80\/100\n|\n|-weather|RainDance|[upkeep]\n|-heal|p2a: Magearna|86\/100|[from] item: Leftovers\n|upkeep\n|turn|5\n|\n|t:|1698767919\n|move|p1a: Arceus|Earth Power|p2a: Magearna\n|-supereffective|p2a: Magearna\n|-damage|p2a: Magearna|46\/100\n|move|p2a: Magearna|Ice Beam|p1a: Arceus\n|-supereffective|p1a: Arceus\n|-damage|p1a: Arceus|0 fnt\n|faint|p1a: Arceus\n|-ability|p2a: Magearna|Soul-Heart|boost\n|-boost|p2a: Magearna|spa|1\n|\n|-weather|RainDance|[upkeep]\n|-heal|p2a: Magearna|52\/100|[from] item: Leftovers\n|upkeep\n|\n|t:|1698767924\n|switch|p1a: Zacian|Zacian|100\/100\n|-ability|p1a: Zacian|Intrepid Sword|boost\n|-boost|p1a: Zacian|atk|1\n|turn|6\n|\n|t:|1698767939\n|move|p1a: Zacian|Close Combat|p2a: Magearna\n|-damage|p2a: Magearna|2\/100\n|-unboost|p1a: Zacian|def|1\n|-unboost|p1a: Zacian|spd|1\n|move|p2a: Magearna|Ice Beam|p1a: Zacian\n|-damage|p1a: Zacian|34\/100\n|\n|-weather|RainDance|[upkeep]\n|-heal|p2a: Magearna|8\/100|[from] item: Leftovers\n|upkeep\n|turn|7\n|\n|t:|1698767950\n|switch|p2a: Houndstone|Houndstone, M|100\/100\n|move|p1a: Zacian|Close Combat|p2a: Houndstone\n|-immune|p2a: Houndstone\n|\n|-weather|RainDance|[upkeep]\n|upkeep\n|turn|8\n|\n|t:|1698767957\n|-terastallize|p2a: Houndstone|Ghost\n|move|p2a: Houndstone|Shadow Sneak|p1a: Zacian\n|-damage|p1a: Zacian|0 fnt\n|faint|p1a: Zacian\n|\n|-weather|none\n|upkeep\n|\n|t:|1698767964\n|switch|p1a: Pelipper|Pelipper, M|89\/100\n|-weather|RainDance|[from] ability: Drizzle|[of] p1a: Pelipper\n|turn|9\n|\n|t:|1698767969\n|switch|p2a: Magearna|Magearna|8\/100\n|move|p1a: Pelipper|Knock Off|p2a: Magearna\n|-resisted|p2a: Magearna\n|-damage|p2a: Magearna|4\/100\n|-enditem|p2a: Magearna|Leftovers|[from] move: Knock Off|[of] p1a: Pelipper\n|\n|-weather|RainDance|[upkeep]\n|upkeep\n|turn|10\n|\n|t:|1698767977\n|move|p2a: Magearna|Volt Switch|p1a: Pelipper\n|-supereffective|p1a: Pelipper\n|-damage|p1a: Pelipper|0 fnt\n|faint|p1a: Pelipper\n|-ability|p2a: Magearna|Soul-Heart|boost\n|-boost|p2a: Magearna|spa|1\n|\n|t:|1698767983\n|switch|p2a: Tyranitar|Tyranitar, F|100\/100|[from] Volt Switch\n|-weather|Sandstorm|[from] ability: Sand Stream|[of] p2a: Tyranitar\n|\n|-weather|Sandstorm|[upkeep]\n|upkeep\n|\n|t:|1698767986\n|switch|p1a: Palkia|Palkia-Origin|100\/100\n|-ability|p1a: Palkia|Pressure\n|turn|11\n|\n|t:|1698767995\n|switch|p2a: Magearna|Magearna|4\/100\n|-terastallize|p1a: Palkia|Fairy\n|move|p1a: Palkia|Hydro Pump|p2a: Magearna\n|-damage|p2a: Magearna|0 fnt\n|faint|p2a: Magearna\n|\n|-weather|Sandstorm|[upkeep]\n|-damage|p1a: Palkia|94\/100|[from] Sandstorm\n|upkeep\n|\n|t:|1698768006\n|switch|p2a: Landorus|Landorus, M|100\/100\n|turn|12\n|\n|t:|1698768012\n|move|p1a: Palkia|Spacial Rend|p2a: Landorus\n|-damage|p2a: Landorus|7\/100\n|move|p2a: Landorus|Earthquake|p1a: Palkia\n|-damage|p1a: Palkia|22\/100\n|\n|-weather|Sandstorm|[upkeep]\n|-damage|p1a: Palkia|16\/100|[from] Sandstorm\n|upkeep\n|turn|13\n|\n|t:|1698768020\n|move|p1a: Palkia|Spacial Rend|p2a: Landorus\n|-damage|p2a: Landorus|0 fnt\n|faint|p2a: Landorus\n|\n|-weather|Sandstorm|[upkeep]\n|-damage|p1a: Palkia|10\/100|[from] Sandstorm\n|upkeep\n|\n|t:|1698768026\n|switch|p2a: Houndstone|Houndstone, M, tera:Ghost|100\/100\n|turn|14\n|\n|t:|1698768031\n|move|p2a: Houndstone|Last Respects|p1a: Palkia\n|-damage|p1a: Palkia|0 fnt\n|faint|p1a: Palkia\n|\n|-weather|none\n|upkeep\n|\n|t:|1698768034\n|switch|p1a: Thundurus|Thundurus-Therian, M|100\/100\n|turn|15\n|\n|t:|1698768041\n|switch|p2a: Tyranitar|Tyranitar, F|100\/100\n|-weather|Sandstorm|[from] ability: Sand Stream|[of] p2a: Tyranitar\n|move|p1a: Thundurus|Sludge Bomb|p2a: Tyranitar\n|-resisted|p2a: Tyranitar\n|-crit|p2a: Tyranitar\n|-damage|p2a: Tyranitar|87\/100\n|-damage|p1a: Thundurus|91\/100|[from] item: Life Orb\n|\n|-weather|Sandstorm|[upkeep]\n|-damage|p1a: Thundurus|85\/100|[from] Sandstorm\n|upkeep\n|turn|16\n|\n|t:|1698768053\n|move|p1a: Thundurus|Weather Ball|p2a: Tyranitar\n|-damage|p2a: Tyranitar|65\/100\n|-damage|p1a: Thundurus|75\/100|[from] item: Life Orb\n|move|p2a: Tyranitar|Knock Off|p1a: Thundurus\n|-damage|p1a: Thundurus|2\/100\n|-enditem|p1a: Thundurus|Life Orb|[from] move: Knock Off|[of] p2a: Tyranitar\n|\n|-weather|Sandstorm|[upkeep]\n|-damage|p1a: Thundurus|0 fnt|[from] Sandstorm\n|faint|p1a: Thundurus\n|upkeep\n|\n|t:|1698768059\n|switch|p1a: Basculegion|Basculegion-F, F|100\/100\n|turn|17\n|\n|t:|1698768065\n|move|p1a: Basculegion|Aqua Jet|p2a: Tyranitar\n|-supereffective|p2a: Tyranitar\n|-damage|p2a: Tyranitar|12\/100\n|move|p2a: Tyranitar|Knock Off|p1a: Basculegion\n|-supereffective|p1a: Basculegion\n|-damage|p1a: Basculegion|0 fnt\n|-enditem|p1a: Basculegion|Choice Band|[from] move: Knock Off|[of] p2a: Tyranitar\n|faint|p1a: Basculegion\n|\n|win|Theviking52\n|c|\u2606Theviking52|gg\n|c|\u2606Gummball|ggwp\n|l|\u2606Gummball\n","uploadtime":1698768116,"views":23,"p1id":"gummball","p2id":"theviking52","formatid":"gen9ubers","rating":0,"private":0,"password":""}