{"id":"gen9ubers-1975849589","p1":"Noah Aloha","p2":"Ryuko_pkmn","format":"[Gen 9] Ubers","log":"|j|\u2606Noah Aloha\n|j|\u2606Ryuko_pkmn\n|t:|1698243644\n|gametype|singles\n|player|p1|Noah Aloha|backersf|1394\n|player|p2|Ryuko_pkmn|wallace|1328\n|teamsize|p1|6\n|teamsize|p2|6\n|gen|9\n|tier|[Gen 9] Ubers\n|rated|\n|rule|Sleep Clause Mod: Limit one foe put to sleep\n|rule|Species Clause: Limit one of each Pok\u00e9mon\n|rule|OHKO Clause: OHKO moves are banned\n|rule|Evasion Items Clause: Evasion items are banned\n|rule|Evasion Moves Clause: Evasion moves are banned\n|rule|Endless Battle Clause: Forcing endless battles is banned\n|rule|HP Percentage Mod: HP is shown in percentages\n|clearpoke\n|poke|p1|Grimmsnarl, M|\n|poke|p1|Magearna|\n|poke|p1|Koraidon|\n|poke|p1|Miraidon|\n|poke|p1|Arceus-Ground|\n|poke|p1|Skeledirge, F|\n|poke|p2|Iron Treads|\n|poke|p2|Rayquaza|\n|poke|p2|Arceus-Ghost|\n|poke|p2|Flutter Mane|\n|poke|p2|Iron Valiant|\n|poke|p2|Zacian-*|\n|teampreview\n|c|\u2606Ryuko_pkmn|Nice, first +1300 in 19 matchs :'(((\n|\n|t:|1698243662\n|start\n|switch|p1a: Arceus|Arceus-Ground|100\/100\n|switch|p2a: Iron Treads|Iron Treads|100\/100\n|turn|1\n|\n|t:|1698243666\n|move|p2a: Iron Treads|Stealth Rock|p1a: Arceus\n|-sidestart|p1: Noah Aloha|move: Stealth Rock\n|move|p1a: Arceus|Dragon Dance|p1a: Arceus\n|-boost|p1a: Arceus|atk|1\n|-boost|p1a: Arceus|spe|1\n|\n|upkeep\n|turn|2\n|\n|t:|1698243677\n|move|p1a: Arceus|Dragon Dance|p1a: Arceus\n|-boost|p1a: Arceus|atk|1\n|-boost|p1a: Arceus|spe|1\n|move|p2a: Iron Treads|Iron Head|p1a: Arceus\n|-damage|p1a: Arceus|80\/100\n|\n|upkeep\n|turn|3\n|\n|t:|1698243681\n|move|p1a: Arceus|Dragon Dance|p1a: Arceus\n|-boost|p1a: Arceus|atk|1\n|-boost|p1a: Arceus|spe|1\n|move|p2a: Iron Treads|Iron Head|p1a: Arceus\n|-damage|p1a: Arceus|61\/100\n|\n|upkeep\n|turn|4\n|\n|t:|1698243684\n|move|p1a: Arceus|Dragon Dance|p1a: Arceus\n|-boost|p1a: Arceus|atk|1\n|-boost|p1a: Arceus|spe|1\n|move|p2a: Iron Treads|Iron Head|p1a: Arceus\n|-damage|p1a: Arceus|40\/100\n|\n|upkeep\n|turn|5\n|\n|t:|1698243685\n|move|p1a: Arceus|Recover|p1a: Arceus\n|-heal|p1a: Arceus|90\/100\n|move|p2a: Iron Treads|Iron Head|p1a: Arceus\n|-damage|p1a: Arceus|70\/100\n|\n|upkeep\n|turn|6\n|\n|t:|1698243688\n|move|p1a: Arceus|Iron Head|p2a: Iron Treads\n|-resisted|p2a: Iron Treads\n|-damage|p2a: Iron Treads|70\/100\n|move|p2a: Iron Treads|Iron Head|p1a: Arceus\n|-damage|p1a: Arceus|49\/100\n|\n|upkeep\n|turn|7\n|\n|t:|1698243692\n|move|p1a: Arceus|Recover|p1a: Arceus\n|-heal|p1a: Arceus|99\/100\n|move|p2a: Iron Treads|Iron Head|p1a: Arceus\n|-damage|p1a: Arceus|81\/100\n|\n|upkeep\n|turn|8\n|\n|t:|1698243709\n|move|p1a: Arceus|Dragon Dance|p1a: Arceus\n|-boost|p1a: Arceus|atk|1\n|-boost|p1a: Arceus|spe|1\n|move|p2a: Iron Treads|Iron Head|p1a: Arceus\n|-damage|p1a: Arceus|60\/100\n|\n|upkeep\n|turn|9\n|\n|t:|1698243717\n|move|p1a: Arceus|Dragon Dance|p1a: Arceus\n|-boost|p1a: Arceus|atk|1\n|-boost|p1a: Arceus|spe|1\n|move|p2a: Iron Treads|Iron Head|p1a: Arceus\n|-damage|p1a: Arceus|42\/100\n|\n|upkeep\n|turn|10\n|\n|t:|1698243720\n|move|p1a: Arceus|Recover|p1a: Arceus\n|-heal|p1a: Arceus|92\/100\n|move|p2a: Iron Treads|Iron Head|p1a: Arceus\n|-damage|p1a: Arceus|70\/100\n|\n|upkeep\n|turn|11\n|\n|t:|1698243727\n|move|p1a: Arceus|Recover|p1a: Arceus\n|-heal|p1a: Arceus|100\/100\n|move|p2a: Iron Treads|Iron Head|p1a: Arceus\n|-damage|p1a: Arceus|82\/100\n|\n|upkeep\n|turn|12\n|\n|t:|1698243729\n|move|p1a: Arceus|Earthquake|p2a: Iron Treads\n|-supereffective|p2a: Iron Treads\n|-damage|p2a: Iron Treads|0 fnt\n|faint|p2a: Iron Treads\n|-end|p2a: Iron Treads|Quark Drive|[silent]\n|\n|upkeep\n|\n|t:|1698243733\n|switch|p2a: Rayquaza|Rayquaza|100\/100\n|-ability|p2a: Rayquaza|Air Lock\n|turn|13\n|\n|t:|1698243757\n|-terastallize|p1a: Arceus|Steel\n|move|p1a: Arceus|Iron Head|p2a: Rayquaza\n|-enditem|p2a: Rayquaza|Focus Sash\n|-damage|p2a: Rayquaza|1\/100\n|cant|p2a: Rayquaza|flinch\n|\n|upkeep\n|turn|14\n|c|\u2606Ryuko_pkmn|...\n|\n|t:|1698243777\n|move|p2a: Rayquaza|Extreme Speed|p1a: Arceus\n|-resisted|p1a: Arceus\n|-damage|p1a: Arceus|71\/100\n|move|p1a: Arceus|Iron Head|p2a: Rayquaza\n|-damage|p2a: Rayquaza|0 fnt\n|faint|p2a: Rayquaza\n|\n|upkeep\n|\n|t:|1698243780\n|switch|p2a: Arceus|Arceus-Ghost|100\/100\n|turn|15\n|\n|t:|1698243785\n|-terastallize|p2a: Arceus|Water\n|move|p1a: Arceus|Earthquake|p2a: Arceus\n|-damage|p2a: Arceus|0 fnt\n|faint|p2a: Arceus\n|\n|upkeep\n|c|\u2606Ryuko_pkmn|gg, luck always win\n|-message|Ryuko_pkmn forfeited.\n|\n|win|Noah Aloha\n|raw|Noah Aloha's rating: 1394 &rarr; <strong>1410<\/strong><br \/>(+16 for winning)\n|raw|Ryuko_pkmn's rating: 1328 &rarr; <strong>1312<\/strong><br \/>(-16 for losing)\n|l|\u2606Ryuko_pkmn\n","uploadtime":1698243891,"views":11,"p1id":"noahaloha","p2id":"ryukopkmn","formatid":"gen9ubers","rating":1312,"private":0,"password":""}