{"id":"gen9ubers-1990319083","p1":"snakeydookey","p2":"Hydrolucario","format":"[Gen 9] Ubers","log":"|j|\u2606snakeydookey\n|j|\u2606Hydrolucario\n|t:|1699956072\n|gametype|singles\n|player|p1|snakeydookey|dawn-gen4pt|\n|player|p2|Hydrolucario|169|\n|teamsize|p1|6\n|teamsize|p2|6\n|gen|9\n|tier|[Gen 9] Ubers\n|rule|Sleep Clause Mod: Limit one foe put to sleep\n|rule|Species Clause: Limit one of each Pok\u00e9mon\n|rule|OHKO Clause: OHKO moves are banned\n|rule|Evasion Items Clause: Evasion items are banned\n|rule|Evasion Moves Clause: Evasion moves are banned\n|rule|Endless Battle Clause: Forcing endless battles is banned\n|rule|HP Percentage Mod: HP is shown in percentages\n|clearpoke\n|poke|p1|Gliscor, F|\n|poke|p1|Sneasler, F|\n|poke|p1|Weavile, F|\n|poke|p1|Mimikyu, F|\n|poke|p1|Kommo-o, M|\n|poke|p1|Bronzong|\n|poke|p2|Ogerpon, F|\n|poke|p2|Okidogi, M|\n|poke|p2|Coalossal, F|\n|poke|p2|Meloetta|\n|poke|p2|Vaporeon, M|\n|poke|p2|Roaring Moon|\n|teampreview\n|c|\u2606snakeydookey|glhf\n|c|\u2606Hydrolucario|u2\n|\n|t:|1699956087\n|start\n|switch|p1a: Gliscor|Gliscor, F, shiny|100\/100\n|switch|p2a: Ogerpon|Ogerpon, F|100\/100\n|turn|1\n|\n|t:|1699956097\n|move|p2a: Ogerpon|Spikes|p1a: Gliscor\n|-sidestart|p1: snakeydookey|Spikes\n|move|p1a: Gliscor|Spikes|p2a: Ogerpon\n|-sidestart|p2: Hydrolucario|Spikes\n|\n|-status|p1a: Gliscor|tox|[from] item: Toxic Orb\n|upkeep\n|turn|2\n|\n|t:|1699956103\n|move|p2a: Ogerpon|Spikes|p1a: Gliscor\n|-sidestart|p1: snakeydookey|Spikes\n|move|p1a: Gliscor|Spikes|p2a: Ogerpon\n|-sidestart|p2: Hydrolucario|Spikes\n|\n|upkeep\n|turn|3\n|\n|t:|1699956109\n|move|p2a: Ogerpon|Spikes|p1a: Gliscor\n|-sidestart|p1: snakeydookey|Spikes\n|move|p1a: Gliscor|Toxic Spikes|p2a: Ogerpon\n|-sidestart|p2: Hydrolucario|move: Toxic Spikes\n|\n|upkeep\n|turn|4\n|\n|t:|1699956116\n|move|p2a: Ogerpon|Ivy Cudgel|p1a: Gliscor\n|-damage|p1a: Gliscor|62\/100 tox\n|move|p1a: Gliscor|Spikes|p2a: Ogerpon\n|-sidestart|p2: Hydrolucario|Spikes\n|\n|-heal|p1a: Gliscor|75\/100 tox|[from] ability: Poison Heal\n|upkeep\n|turn|5\n|\n|t:|1699956172\n|move|p1a: Gliscor|Protect|p1a: Gliscor\n|-singleturn|p1a: Gliscor|Protect\n|move|p2a: Ogerpon|U-turn|p1a: Gliscor\n|-activate|p1a: Gliscor|move: Protect\n|\n|-heal|p1a: Gliscor|87\/100 tox|[from] ability: Poison Heal\n|upkeep\n|turn|6\n|\n|t:|1699956181\n|move|p2a: Ogerpon|U-turn|p1a: Gliscor\n|-resisted|p1a: Gliscor\n|-damage|p1a: Gliscor|78\/100 tox\n|inactive|Battle timer is ON: inactive players will automatically lose when time's up. (requested by snakeydookey)\n|\n|t:|1699956213\n|switch|p2a: Okidogi|Okidogi, M|100\/100|[from] U-turn\n|-damage|p2a: Okidogi|75\/100|[from] Spikes\n|-sideend|p2: Hydrolucario|move: Toxic Spikes|[of] p2a: Okidogi\n|move|p1a: Gliscor|Earthquake|p2a: Okidogi\n|-supereffective|p2a: Okidogi\n|-damage|p2a: Okidogi|30\/100\n|\n|-heal|p1a: Gliscor|91\/100 tox|[from] ability: Poison Heal\n|upkeep\n|turn|7\n|\n|t:|1699956226\n|move|p1a: Gliscor|Earthquake|p2a: Okidogi\n|-supereffective|p2a: Okidogi\n|-damage|p2a: Okidogi|0 fnt\n|faint|p2a: Okidogi\n|\n|-heal|p1a: Gliscor|100\/100 tox|[from] ability: Poison Heal\n|upkeep\n|\n|t:|1699956230\n|switch|p2a: Coalossal|Coalossal, F|100\/100\n|-damage|p2a: Coalossal|75\/100|[from] Spikes\n|turn|8\n|c|\u2606Hydrolucario|oh shit\n|inactive|Hydrolucario has 270 seconds left.\n|\n|t:|1699956262\n|move|p1a: Gliscor|Earthquake|p2a: Coalossal\n|-supereffective|p2a: Coalossal\n|-damage|p2a: Coalossal|0 fnt\n|faint|p2a: Coalossal\n|\n|upkeep\n|inactive|Hydrolucario has 270 seconds left.\n|\n|t:|1699956271\n|switch|p2a: Roaring Moon|Roaring Moon|100\/100\n|-damage|p2a: Roaring Moon|75\/100|[from] Spikes\n|-enditem|p2a: Roaring Moon|Booster Energy\n|-activate|p2a: Roaring Moon|ability: Protosynthesis|[fromitem]\n|-start|p2a: Roaring Moon|protosynthesisatk\n|turn|9\n|\n|t:|1699956285\n|move|p2a: Roaring Moon|Dragon Dance|p2a: Roaring Moon\n|-boost|p2a: Roaring Moon|atk|1\n|-boost|p2a: Roaring Moon|spe|1\n|move|p1a: Gliscor|Earthquake|p2a: Roaring Moon\n|-damage|p2a: Roaring Moon|35\/100\n|\n|upkeep\n|turn|10\n|inactive|Hydrolucario has 270 seconds left.\n|\n|t:|1699956306\n|switch|p1a: Mimikyu|Mimikyu, F, shiny|100\/100\n|-damage|p1a: Mimikyu|76\/100|[from] Spikes\n|move|p2a: Roaring Moon|Knock Off|p1a: Mimikyu\n|-activate|p1a: Mimikyu|ability: Disguise\n|-damage|p1a: Mimikyu|76\/100\n|-enditem|p1a: Mimikyu|Red Card|[from] move: Knock Off|[of] p2a: Roaring Moon\n|detailschange|p1a: Mimikyu|Mimikyu-Busted, F, shiny\n|-damage|p1a: Mimikyu|63\/100|[from] pokemon: Mimikyu-Busted\n|\n|upkeep\n|turn|11\n|inactive|Hydrolucario has 270 seconds left.\n|\n|t:|1699956338\n|move|p1a: Mimikyu|Shadow Sneak|p2a: Roaring Moon\n|-resisted|p2a: Roaring Moon\n|-damage|p2a: Roaring Moon|24\/100\n|move|p2a: Roaring Moon|Earthquake|p1a: Mimikyu\n|-damage|p1a: Mimikyu|0 fnt\n|faint|p1a: Mimikyu\n|\n|upkeep\n|\n|t:|1699956342\n|switch|p1a: Weavile|Weavile, F, shiny|100\/100\n|-damage|p1a: Weavile|76\/100|[from] Spikes\n|-ability|p1a: Weavile|Pressure\n|turn|12\n|\n|t:|1699956350\n|-terastallize|p2a: Roaring Moon|Steel\n|move|p1a: Weavile|Ice Shard|p2a: Roaring Moon\n|-resisted|p2a: Roaring Moon\n|-damage|p2a: Roaring Moon|8\/100\n|-damage|p1a: Weavile|66\/100|[from] item: Life Orb\n|move|p2a: Roaring Moon|Earthquake|p1a: Weavile\n|-damage|p1a: Weavile|0 fnt\n|faint|p1a: Weavile\n|\n|upkeep\n|\n|t:|1699956374\n|switch|p1a: Bronzong|Bronzong, shiny|100\/100\n|-damage|p1a: Bronzong|76\/100|[from] Spikes\n|turn|13\n|inactive|Hydrolucario has 270 seconds left.\n|\n|t:|1699956382\n|-terastallize|p1a: Bronzong|Fairy\n|move|p2a: Roaring Moon|Earthquake|p1a: Bronzong\n|-damage|p1a: Bronzong|4\/100\n|move|p1a: Bronzong|Body Press|p2a: Roaring Moon\n|-supereffective|p2a: Roaring Moon\n|-damage|p2a: Roaring Moon|0 fnt\n|faint|p2a: Roaring Moon\n|-end|p2a: Roaring Moon|Protosynthesis|[silent]\n|\n|-status|p1a: Bronzong|tox|[from] item: Toxic Orb\n|upkeep\n|inactive|Hydrolucario has 270 seconds left.\n|\n|t:|1699956413\n|switch|p2a: Ogerpon|Ogerpon, F|100\/100\n|-damage|p2a: Ogerpon|76\/100|[from] Spikes\n|turn|14\n|\n|t:|1699956417\n|move|p2a: Ogerpon|Ivy Cudgel|p1a: Bronzong\n|-damage|p1a: Bronzong|0 fnt\n|faint|p1a: Bronzong\n|\n|upkeep\n|\n|t:|1699956425\n|switch|p1a: Sneasler|Sneasler, F, shiny|100\/100\n|-item|p1a: Sneasler|Air Balloon\n|turn|15\n|\n|t:|1699956434\n|move|p1a: Sneasler|Swords Dance|p1a: Sneasler\n|-boost|p1a: Sneasler|atk|2\n|move|p2a: Ogerpon|Ivy Cudgel|p1a: Sneasler\n|-resisted|p1a: Sneasler\n|-damage|p1a: Sneasler|64\/100\n|-enditem|p1a: Sneasler|Air Balloon\n|\n|upkeep\n|turn|16\n|inactive|Hydrolucario has 270 seconds left.\n|\n|t:|1699956441\n|move|p1a: Sneasler|Dire Claw|p2a: Ogerpon\n|-supereffective|p2a: Ogerpon\n|-damage|p2a: Ogerpon|0 fnt\n|faint|p2a: Ogerpon\n|\n|upkeep\n|\n|t:|1699956444\n|switch|p2a: Vaporeon|Vaporeon, M|100\/100\n|-damage|p2a: Vaporeon|76\/100|[from] Spikes\n|turn|17\n|\n|t:|1699956447\n|move|p2a: Vaporeon|Protect|p2a: Vaporeon\n|-singleturn|p2a: Vaporeon|Protect\n|move|p1a: Sneasler|Close Combat|p2a: Vaporeon\n|-activate|p2a: Vaporeon|move: Protect\n|\n|-heal|p2a: Vaporeon|82\/100|[from] item: Leftovers\n|upkeep\n|turn|18\n|\n|t:|1699956453\n|move|p1a: Sneasler|Close Combat|p2a: Vaporeon\n|-damage|p2a: Vaporeon|0 fnt\n|-unboost|p1a: Sneasler|def|1\n|-unboost|p1a: Sneasler|spd|1\n|faint|p2a: Vaporeon\n|\n|upkeep\n|\n|t:|1699956456\n|switch|p2a: Meloetta|Meloetta|100\/100\n|-damage|p2a: Meloetta|76\/100|[from] Spikes\n|turn|19\n|\n|t:|1699956461\n|move|p1a: Sneasler|Close Combat|p2a: Meloetta\n|-damage|p2a: Meloetta|0 fnt\n|-unboost|p1a: Sneasler|def|1\n|-unboost|p1a: Sneasler|spd|1\n|faint|p2a: Meloetta\n|\n|win|snakeydookey\n|c|\u2606snakeydookey|gg\n|c|\u2606Hydrolucario|gg\n","uploadtime":1699956470,"views":8,"p1id":"snakeydookey","p2id":"hydrolucario","formatid":"gen9ubers","rating":0,"private":0,"password":""}