{"id":"gen9ubers-1987312173","p1":"IchiNiAndKevin!","p2":"blowdwicked","format":"[Gen 9] Ubers","log":"|j|\u2606IchiNiAndKevin!\n|j|\u2606blowdwicked\n|t:|1699576225\n|gametype|singles\n|player|p1|IchiNiAndKevin!|irida|1105\n|player|p2|blowdwicked|skyla|1040\n|teamsize|p1|6\n|teamsize|p2|6\n|gen|9\n|tier|[Gen 9] Ubers\n|rated|\n|rule|Sleep Clause Mod: Limit one foe put to sleep\n|rule|Species Clause: Limit one of each Pok\u00e9mon\n|rule|OHKO Clause: OHKO moves are banned\n|rule|Evasion Items Clause: Evasion items are banned\n|rule|Evasion Moves Clause: Evasion moves are banned\n|rule|Endless Battle Clause: Forcing endless battles is banned\n|rule|HP Percentage Mod: HP is shown in percentages\n|clearpoke\n|poke|p1|Chi-Yu|\n|poke|p1|Iron Hands|\n|poke|p1|Arceus-Dragon|\n|poke|p1|Eternatus|\n|poke|p1|Giratina-Origin|\n|poke|p1|Zamazenta-*|\n|poke|p2|Cresselia, F|\n|poke|p2|Ursaluna, F|\n|poke|p2|Kingambit, F|\n|poke|p2|Amoonguss, M|\n|poke|p2|Gholdengo|\n|poke|p2|Rillaboom, F|\n|teampreview\n|inactive|Battle timer is ON: inactive players will automatically lose when time's up. (requested by IchiNiAndKevin!)\n|\n|t:|1699576250\n|start\n|switch|p1a: Checks Everything|Iron Hands|100\/100\n|switch|p2a: Cresselia|Cresselia, F, shiny|100\/100\n|turn|1\n|\n|t:|1699576261\n|move|p1a: Checks Everything|Fake Out|p2a: Cresselia\n|-damage|p2a: Cresselia|86\/100\n|cant|p2a: Cresselia|flinch\n|\n|upkeep\n|turn|2\n|\n|t:|1699576268\n|move|p1a: Checks Everything|Heavy Slam|p2a: Cresselia\n|-damage|p2a: Cresselia|57\/100\n|move|p2a: Cresselia|Trick Room|p2a: Cresselia\n|-fieldstart|move: Trick Room|[of] p2a: Cresselia\n|\n|upkeep\n|turn|3\n|\n|t:|1699576281\n|switch|p2a: Ursaluna|Ursaluna, F|100\/100\n|move|p1a: Checks Everything|Heavy Slam|p2a: Ursaluna\n|-crit|p2a: Ursaluna\n|-damage|p2a: Ursaluna|83\/100\n|\n|-status|p2a: Ursaluna|brn|[from] item: Flame Orb\n|upkeep\n|turn|4\n|\n|t:|1699576291\n|-terastallize|p2a: Ursaluna|Ground\n|move|p2a: Ursaluna|Belly Drum|p2a: Ursaluna\n|-damage|p2a: Ursaluna|33\/100 brn\n|-setboost|p2a: Ursaluna|atk|6|[from] move: Belly Drum\n|move|p1a: Checks Everything|Drain Punch|p2a: Ursaluna\n|-damage|p2a: Ursaluna|1\/100 brn\n|\n|-damage|p2a: Ursaluna|0 fnt|[from] brn\n|faint|p2a: Ursaluna\n|upkeep\n|c|\u2606blowdwicked|kkkkkk\n|\n|t:|1699576309\n|switch|p2a: Amoonguss|Amoonguss, M, shiny|100\/100\n|turn|5\n|\n|t:|1699576315\n|move|p2a: Amoonguss|Pollen Puff|p1a: Checks Everything\n|-resisted|p1a: Checks Everything\n|-damage|p1a: Checks Everything|95\/100\n|move|p1a: Checks Everything|Heavy Slam|p2a: Amoonguss\n|-damage|p2a: Amoonguss|46\/100\n|\n|upkeep\n|turn|6\n|\n|t:|1699576335\n|move|p2a: Amoonguss|Spore|p1a: Checks Everything\n|-status|p1a: Checks Everything|slp|[from] move: Spore\n|cant|p1a: Checks Everything|slp\n|\n|-fieldend|move: Trick Room\n|upkeep\n|turn|7\n|\n|t:|1699576344\n|-end|p1a: Checks Everything|Quark Drive|[silent]\n|switch|p1a: Giratina|Giratina-Origin, shiny|100\/100\n|move|p2a: Amoonguss|Spore|p1a: Giratina\n|-message|Sleep Clause Mod activated.\n|-hint|Sleep Clause Mod prevents players from putting more than one of their opponent's Pok\u00e9mon to sleep at a time\n|\n|upkeep\n|turn|8\n|\n|t:|1699576354\n|move|p1a: Giratina|Shadow Force||[still]\n|-prepare|p1a: Giratina|Shadow Force\n|move|p2a: Amoonguss|Spore|p1a: Giratina|[miss]\n|-miss|p2a: Amoonguss|p1a: Giratina\n|\n|upkeep\n|turn|9\n|\n|t:|1699576359\n|move|p2a: Amoonguss|Protect|p2a: Amoonguss\n|-singleturn|p2a: Amoonguss|Protect\n|move|p1a: Giratina|Shadow Force|p2a: Amoonguss|[from]lockedmove\n|-activate|p2a: Amoonguss|move: Shadow Force|[broken]\n|-damage|p2a: Amoonguss|0 fnt\n|faint|p2a: Amoonguss\n|\n|upkeep\n|\n|t:|1699576367\n|switch|p2a: Kingambit|Kingambit, F, shiny|100\/100\n|turn|10\n|\n|t:|1699576379\n|move|p2a: Kingambit|Sucker Punch|p1a: Giratina\n|-supereffective|p1a: Giratina\n|-damage|p1a: Giratina|49\/100\n|move|p1a: Giratina|Shadow Force||[still]\n|-prepare|p1a: Giratina|Shadow Force\n|\n|upkeep\n|turn|11\n|\n|t:|1699576392\n|move|p1a: Giratina|Shadow Force|p2a: Kingambit|[from]lockedmove\n|-resisted|p2a: Kingambit\n|-damage|p2a: Kingambit|78\/100\n|move|p2a: Kingambit|Tera Blast|p1a: Giratina\n|-immune|p1a: Giratina\n|\n|upkeep\n|turn|12\n|\n|t:|1699576398\n|move|p2a: Kingambit|Sucker Punch|p1a: Giratina\n|-supereffective|p1a: Giratina\n|-damage|p1a: Giratina|0 fnt\n|faint|p1a: Giratina\n|\n|upkeep\n|\n|t:|1699576403\n|switch|p1a: Chi-Yu|Chi-Yu|100\/100\n|-ability|p1a: Chi-Yu|Beads of Ruin\n|turn|13\n|\n|t:|1699576413\n|move|p2a: Kingambit|Sucker Punch|p1a: Chi-Yu\n|-resisted|p1a: Chi-Yu\n|-damage|p1a: Chi-Yu|70\/100\n|move|p1a: Chi-Yu|Overheat|p2a: Kingambit|[miss]\n|-miss|p1a: Chi-Yu|p2a: Kingambit\n|\n|upkeep\n|turn|14\n|\n|t:|1699576419\n|move|p2a: Kingambit|Sucker Punch|p1a: Chi-Yu\n|-resisted|p1a: Chi-Yu\n|-crit|p1a: Chi-Yu\n|-damage|p1a: Chi-Yu|20\/100\n|move|p1a: Chi-Yu|Overheat|p2a: Kingambit\n|-supereffective|p2a: Kingambit\n|-damage|p2a: Kingambit|0 fnt\n|-unboost|p1a: Chi-Yu|spa|2\n|faint|p2a: Kingambit\n|\n|upkeep\n|\n|t:|1699576428\n|switch|p2a: Gholdengo|Gholdengo|100\/100\n|turn|15\n|\n|t:|1699576436\n|move|p1a: Chi-Yu|Overheat|p2a: Gholdengo\n|-supereffective|p2a: Gholdengo\n|-damage|p2a: Gholdengo|0 fnt\n|-unboost|p1a: Chi-Yu|spa|2\n|faint|p2a: Gholdengo\n|\n|upkeep\n|\n|t:|1699576442\n|switch|p2a: Cresselia|Cresselia, F, shiny|57\/100\n|turn|16\n|\n|t:|1699576447\n|switch|p1a: Arceus|Arceus-Dragon|100\/100\n|move|p2a: Cresselia|Moonblast|p1a: Arceus\n|-supereffective|p1a: Arceus\n|-damage|p1a: Arceus|71\/100\n|-unboost|p1a: Arceus|spa|1\n|\n|upkeep\n|turn|17\n|\n|t:|1699576456\n|move|p1a: Arceus|Swords Dance|p1a: Arceus\n|-boost|p1a: Arceus|atk|2\n|move|p2a: Cresselia|Trick Room|p2a: Cresselia\n|-fieldstart|move: Trick Room|[of] p2a: Cresselia\n|\n|upkeep\n|turn|18\n|\n|t:|1699576460\n|move|p1a: Arceus|Extreme Speed|p2a: Cresselia\n|-damage|p2a: Cresselia|10\/100\n|-enditem|p2a: Cresselia|Sitrus Berry|[eat]\n|-heal|p2a: Cresselia|35\/100|[from] item: Sitrus Berry\n|move|p2a: Cresselia|Calm Mind|p2a: Cresselia\n|-boost|p2a: Cresselia|spa|1\n|-boost|p2a: Cresselia|spd|1\n|\n|upkeep\n|turn|19\n|\n|t:|1699576469\n|move|p1a: Arceus|Extreme Speed|p2a: Cresselia\n|-damage|p2a: Cresselia|0 fnt\n|faint|p2a: Cresselia\n|\n|upkeep\n|\n|t:|1699576474\n|switch|p2a: Rillaboom|Rillaboom, F|100\/100\n|-fieldstart|move: Grassy Terrain|[from] ability: Grassy Surge|[of] p2a: Rillaboom\n|turn|20\n|\n|t:|1699576482\n|move|p2a: Rillaboom|Fake Out|p1a: Arceus\n|-damage|p1a: Arceus|61\/100\n|cant|p1a: Arceus|flinch\n|\n|-heal|p1a: Arceus|68\/100|[from] Grassy Terrain\n|upkeep\n|turn|21\n|\n|t:|1699576487\n|move|p2a: Rillaboom|Trailblaze|p1a: Arceus\n|-resisted|p1a: Arceus\n|-damage|p1a: Arceus|56\/100\n|-boost|p2a: Rillaboom|spe|1\n|move|p1a: Arceus|Judgment|p2a: Rillaboom\n|-damage|p2a: Rillaboom|80\/100\n|\n|-heal|p1a: Arceus|62\/100|[from] Grassy Terrain\n|-heal|p2a: Rillaboom|86\/100|[from] Grassy Terrain\n|-fieldend|move: Trick Room\n|upkeep\n|turn|22\n|\n|t:|1699576498\n|move|p1a: Arceus|Extreme Speed|p2a: Rillaboom\n|-damage|p2a: Rillaboom|28\/100\n|move|p2a: Rillaboom|Trailblaze|p1a: Arceus\n|-resisted|p1a: Arceus\n|-damage|p1a: Arceus|51\/100\n|-boost|p2a: Rillaboom|spe|1\n|\n|-heal|p2a: Rillaboom|35\/100|[from] Grassy Terrain\n|-heal|p1a: Arceus|57\/100|[from] Grassy Terrain\n|upkeep\n|turn|23\n|\n|t:|1699576509\n|move|p2a: Rillaboom|Wood Hammer|p1a: Arceus\n|-resisted|p1a: Arceus\n|-damage|p1a: Arceus|30\/100\n|-damage|p2a: Rillaboom|24\/100|[from] Recoil\n|move|p1a: Arceus|Swords Dance|p1a: Arceus\n|-boost|p1a: Arceus|atk|2\n|\n|-heal|p2a: Rillaboom|30\/100|[from] Grassy Terrain\n|-heal|p1a: Arceus|36\/100|[from] Grassy Terrain\n|upkeep\n|turn|24\n|\n|t:|1699576518\n|move|p2a: Rillaboom|Wood Hammer|p1a: Arceus\n|-resisted|p1a: Arceus\n|-damage|p1a: Arceus|7\/100\n|-damage|p2a: Rillaboom|19\/100|[from] Recoil\n|move|p1a: Arceus|Swords Dance|p1a: Arceus\n|-boost|p1a: Arceus|atk|2\n|\n|-heal|p2a: Rillaboom|25\/100|[from] Grassy Terrain\n|-heal|p1a: Arceus|13\/100|[from] Grassy Terrain\n|-fieldend|move: Grassy Terrain\n|upkeep\n|turn|25\n|\n|t:|1699576529\n|move|p2a: Rillaboom|Trailblaze|p1a: Arceus\n|-resisted|p1a: Arceus\n|-damage|p1a: Arceus|4\/100\n|-boost|p2a: Rillaboom|spe|1\n|move|p1a: Arceus|Judgment|p2a: Rillaboom\n|-damage|p2a: Rillaboom|3\/100\n|\n|upkeep\n|turn|26\n|\n|t:|1699576536\n|move|p1a: Arceus|Extreme Speed|p2a: Rillaboom\n|-crit|p2a: Rillaboom\n|-damage|p2a: Rillaboom|0 fnt\n|faint|p2a: Rillaboom\n|\n|win|IchiNiAndKevin!\n|raw|IchiNiAndKevin!'s rating: 1105 &rarr; <strong>1125<\/strong><br \/>(+20 for winning)\n|raw|blowdwicked's rating: 1040 &rarr; <strong>1027<\/strong><br \/>(-13 for losing)\n","uploadtime":1699576539,"views":5,"p1id":"ichiniandkevin","p2id":"blowdwicked","formatid":"gen9ubers","rating":1027,"private":0,"password":""}