{"id":"gen9ubers-1974659335","p1":"Sonad~","p2":"darkmoju","format":"[Gen 9] Ubers","log":"|j|\u2606Sonad~\n|j|\u2606darkmoju\n|t:|1698107576\n|gametype|singles\n|player|p1|Sonad~|zinnia|\n|player|p2|darkmoju|ghetsis-gen5bw|\n|teamsize|p1|6\n|teamsize|p2|6\n|gen|9\n|tier|[Gen 9] Ubers\n|rule|Sleep Clause Mod: Limit one foe put to sleep\n|rule|Species Clause: Limit one of each Pok\u00e9mon\n|rule|OHKO Clause: OHKO moves are banned\n|rule|Evasion Items Clause: Evasion items are banned\n|rule|Evasion Moves Clause: Evasion moves are banned\n|rule|Endless Battle Clause: Forcing endless battles is banned\n|rule|HP Percentage Mod: HP is shown in percentages\n|clearpoke\n|poke|p1|Ursaluna-Bloodmoon, M|\n|poke|p1|Miraidon|\n|poke|p1|Shaymin-Sky|\n|poke|p1|Urshifu-*, M|\n|poke|p1|Chi-Yu|\n|poke|p1|Zacian-*|\n|poke|p2|Dialga-Origin|\n|poke|p2|Palkia-Origin|\n|poke|p2|Giratina-Origin|\n|poke|p2|Arceus|\n|poke|p2|Groudon|\n|poke|p2|Eternatus|\n|teampreview\n|c|\u2606darkmoju|AJ\n|c|\u2606Sonad~|N\n|c|\u2606darkmoju|We have had the most exciting sets of the tournament\n|c|\u2606Sonad~|oh absolutely\n|c|\u2606darkmoju|lets make this one ubers set to remember!\n|j| Hand0fD00m\n|c|\u2606Sonad~|it's what we do\n|c| Hand0fD00m|agreed, gl guys!\n|c| Hand0fD00m|game 3?\n|c|\u2606Sonad~|2\n|c|\u2606darkmoju|glhf\n|c|\u2606Sonad~|?\n|c|\u2606darkmoju|1?\n|c|\u2606Sonad~|0?!\n|c|\u2606darkmoju|10?!?!\n|c|\u2606Sonad~|no dont be silly\n|c|\u2606darkmoju|sorry i cant count\n|c|\u2606Sonad~|lol\n|\n|t:|1698107668\n|start\n|switch|p1a: Urshifu|Urshifu-Rapid-Strike, M|100\/100\n|switch|p2a: Groudon|Groudon|100\/100\n|-weather|SunnyDay|[from] ability: Drought|[of] p2a: Groudon\n|turn|1\n|\n|t:|1698107678\n|switch|p1a: Chi-Yu|Chi-Yu|100\/100\n|-ability|p1a: Chi-Yu|Beads of Ruin\n|switch|p2a: Palkia|Palkia-Origin|100\/100\n|-ability|p2a: Palkia|Pressure\n|\n|-weather|SunnyDay|[upkeep]\n|upkeep\n|turn|2\n|c|\u2606darkmoju|oh hi there\n|c| Hand0fD00m|no i mean can we get a game 3 lol\n|c|\u2606Sonad~|10?!\n|c| Hand0fD00m|game 14\n|c|\u2606darkmoju|as much as id like that\n|c|\u2606darkmoju|i dont want it ultimately XD\n|c|\u2606darkmoju|im on a timer\n|\n|t:|1698107712\n|move|p2a: Palkia|Spacial Rend|p1a: Chi-Yu\n|-damage|p1a: Chi-Yu|18\/100\n|move|p1a: Chi-Yu|Dark Pulse|p2a: Palkia\n|-damage|p2a: Palkia|47\/100\n|\n|-weather|SunnyDay|[upkeep]\n|upkeep\n|turn|3\n|c| Hand0fD00m|true that lol\n|c|\u2606Sonad~|best of 14\n|\n|t:|1698107730\n|switch|p1a: Zacian|Zacian-Crowned|100\/100\n|-ability|p1a: Zacian|Intrepid Sword|boost\n|-boost|p1a: Zacian|atk|1\n|move|p2a: Palkia|Fire Blast|p1a: Zacian|[miss]\n|-miss|p2a: Palkia|p1a: Zacian\n|\n|-weather|SunnyDay|[upkeep]\n|upkeep\n|turn|4\n|c|\u2606darkmoju|FUCK\n|c|\u2606Sonad~|dan\n|c|\u2606Sonad~|damn\n|c|\u2606Sonad~|scary\n|c| Hand0fD00m|jesus the cursed misses\n|c|\u2606darkmoju|Bro im being punished for being 5 head\n|c|\u2606Sonad~|here i was thinkin you crippled ur palkia with sun\n|j| Rival Andrew\n|\n|t:|1698107827\n|move|p1a: Zacian|Play Rough|p2a: Palkia\n|-supereffective|p2a: Palkia\n|-damage|p2a: Palkia|0 fnt\n|faint|p2a: Palkia\n|\n|-weather|SunnyDay|[upkeep]\n|upkeep\n|c| Rival Andrew|schnasty\n|\n|t:|1698107860\n|switch|p2a: Groudon|Groudon|100\/100\n|turn|5\n|\n|t:|1698107897\n|switch|p1a: Chi-Yu|Chi-Yu|18\/100\n|-ability|p1a: Chi-Yu|Beads of Ruin\n|move|p2a: Groudon|Will-O-Wisp|p1a: Chi-Yu\n|-immune|p1a: Chi-Yu\n|\n|-weather|none\n|upkeep\n|turn|6\n|\n|t:|1698107905\n|move|p1a: Chi-Yu|Will-O-Wisp|p2a: Groudon\n|-status|p2a: Groudon|brn\n|move|p2a: Groudon|Precipice Blades|p1a: Chi-Yu\n|-supereffective|p1a: Chi-Yu\n|-damage|p1a: Chi-Yu|0 fnt\n|faint|p1a: Chi-Yu\n|\n|-damage|p2a: Groudon|94\/100 brn|[from] brn\n|upkeep\n|c|\u2606Sonad~|classic\n|\n|t:|1698107925\n|switch|p1a: Urshifu|Urshifu-Rapid-Strike, M|100\/100\n|turn|7\n|\n|t:|1698107931\n|move|p1a: Urshifu|Surging Strikes|p2a: Groudon\n|-supereffective|p2a: Groudon\n|-crit|p2a: Groudon\n|-damage|p2a: Groudon|69\/100 brn\n|-supereffective|p2a: Groudon\n|-crit|p2a: Groudon\n|-damage|p2a: Groudon|44\/100 brn\n|-supereffective|p2a: Groudon\n|-crit|p2a: Groudon\n|-damage|p2a: Groudon|20\/100 brn\n|-hitcount|p2a: Groudon|3\n|move|p2a: Groudon|Will-O-Wisp|p1a: Urshifu\n|-status|p1a: Urshifu|brn\n|\n|-heal|p2a: Groudon|27\/100 brn|[from] item: Leftovers\n|-damage|p1a: Urshifu|94\/100 brn|[from] brn\n|-damage|p2a: Groudon|20\/100 brn|[from] brn\n|upkeep\n|turn|8\n|c|\u2606Sonad~|finally! urshifu does dam-\n|c|\u2606Sonad~|oop\/\n|c|\u2606Sonad~|nvm.\n|c|\u2606darkmoju|LOL\n|c|\u2606darkmoju|what a guy\n|c|\u2606Sonad~|fuckin useless man\n|c|\u2606darkmoju|this urshifu fella\n|c|\u2606Sonad~|what a waste of a team slot\n|\n|t:|1698107960\n|move|p1a: Urshifu|Surging Strikes|p2a: Groudon\n|-supereffective|p2a: Groudon\n|-crit|p2a: Groudon\n|-damage|p2a: Groudon|9\/100 brn\n|-supereffective|p2a: Groudon\n|-crit|p2a: Groudon\n|-damage|p2a: Groudon|0 fnt\n|faint|p2a: Groudon\n|-hitcount|p2: Groudon|2\n|\n|-damage|p1a: Urshifu|88\/100 brn|[from] brn\n|upkeep\n|\n|t:|1698107969\n|switch|p2a: Eternatus|Eternatus|100\/100\n|-ability|p2a: Eternatus|Pressure\n|turn|9\n|c| Rival Andrew|too broken for OU\n|c| Rival Andrew|too bad for Ubers\n|c| Rival Andrew|mr inbetween\n|c|\u2606Sonad~|should taken arceus instead and i would be in a much better spot\n|c|\u2606Sonad~|or eternatus\n|c|\u2606Sonad~|or literally anything\n|c| Hand0fD00m|arceus has been so good\n|\n|t:|1698108021\n|move|p1a: Urshifu|Protect|p1a: Urshifu\n|-singleturn|p1a: Urshifu|Protect\n|move|p2a: Eternatus|Fire Blast|p1a: Urshifu\n|-activate|p1a: Urshifu|move: Protect\n|\n|-damage|p1a: Urshifu|82\/100 brn|[from] brn\n|upkeep\n|turn|10\n|\n|t:|1698108063\n|switch|p2a: Dialga|Dialga-Origin|100\/100\n|-ability|p2a: Dialga|Pressure\n|move|p1a: Urshifu|Drain Punch|p2a: Dialga\n|-supereffective|p2a: Dialga\n|-damage|p2a: Dialga|69\/100\n|-heal|p1a: Urshifu|98\/100 brn|[from] drain|[of] p2a: Dialga\n|\n|-damage|p1a: Urshifu|91\/100 brn|[from] brn\n|upkeep\n|turn|11\n|c| Hand0fD00m|urshifus trying to prove his worth\n|\n|t:|1698108093\n|move|p1a: Urshifu|Drain Punch|p2a: Dialga\n|-supereffective|p2a: Dialga\n|-damage|p2a: Dialga|37\/100\n|-heal|p1a: Urshifu|100\/100 brn|[from] drain|[of] p2a: Dialga\n|move|p2a: Dialga|Draco Meteor|p1a: Urshifu\n|-enditem|p1a: Urshifu|Focus Sash\n|-damage|p1a: Urshifu|1\/100 brn\n|-unboost|p2a: Dialga|spa|2\n|\n|-damage|p1a: Urshifu|0 fnt|[from] brn\n|faint|p1a: Urshifu\n|upkeep\n|c|\u2606Sonad~|shoulda been a lum berry\n|\n|t:|1698108123\n|switch|p1a: Shaymin|Shaymin-Sky|100\/100\n|turn|12\n|\n|t:|1698108129\n|move|p1a: Shaymin|Earth Power|p2a: Dialga\n|-supereffective|p2a: Dialga\n|-damage|p2a: Dialga|0 fnt\n|faint|p2a: Dialga\n|\n|upkeep\n|\n|t:|1698108137\n|switch|p2a: Arceus|Arceus, shiny|100\/100\n|turn|13\n|c|\u2606Sonad~|shaymin tho? unexpected mvp\n|c|\u2606Sonad~|i love serene grace\n|c|\u2606Sonad~|it's such a ~me~ ability\n|c| Hand0fD00m|the bane of Mar's existence\n|\n|t:|1698108195\n|switch|p1a: Zacian|Zacian-Crowned|100\/100\n|move|p2a: Arceus|Swords Dance|p2a: Arceus\n|-boost|p2a: Arceus|atk|2\n|\n|upkeep\n|turn|14\n|\n|t:|1698108211\n|move|p1a: Zacian|Behemoth Blade|p2a: Arceus\n|-damage|p2a: Arceus|60\/100\n|move|p2a: Arceus|Shadow Claw|p1a: Zacian\n|-damage|p1a: Zacian|50\/100\n|\n|upkeep\n|turn|15\n|\n|t:|1698108218\n|move|p1a: Zacian|Behemoth Blade|p2a: Arceus\n|-damage|p2a: Arceus|21\/100\n|move|p2a: Arceus|Shadow Claw|p1a: Zacian\n|-damage|p1a: Zacian|5\/100\n|\n|upkeep\n|turn|16\n|c|\u2606Sonad~|wwooooo\n|c|\u2606Sonad~|min\/max lets gooo\n|c|\u2606Sonad~|oh\n|c|\u2606Sonad~|wait a sec..\n|c|\u2606Sonad~|hahah\n|c|\u2606darkmoju|hmmm\n|c|\u2606Sonad~|i earned this kill\n|c|\u2606Sonad~|imo\n|c|\u2606darkmoju|arceus go brr\n|c|\u2606darkmoju|BRRR\n|c|\u2606Sonad~|hahaha\n|c|\u2606Sonad~|noooo\n|\n|t:|1698108267\n|move|p2a: Arceus|Extreme Speed|p1a: Zacian\n|-resisted|p1a: Zacian\n|-damage|p1a: Zacian|0 fnt\n|faint|p1a: Zacian\n|\n|upkeep\n|c|\u2606darkmoju|you think if i tera normal E speed will kill?\n|c|\u2606darkmoju|the rest of your team?\n|c|\u2606Sonad~|yes, as my team sits currently\n|\n|t:|1698108302\n|switch|p1a: Shaymin|Shaymin-Sky|100\/100\n|turn|17\n|\n|t:|1698108321\n|-terastallize|p1a: Shaymin|Steel\n|-terastallize|p2a: Arceus|Normal\n|move|p2a: Arceus|Extreme Speed|p1a: Shaymin\n|-resisted|p1a: Shaymin\n|-damage|p1a: Shaymin|20\/100\n|move|p1a: Shaymin|Tera Blast|p2a: Arceus|[anim] Tera Blast Steel\n|-damage|p2a: Arceus|0 fnt\n|faint|p2a: Arceus\n|\n|upkeep\n|c|\u2606darkmoju|am i getting bamboozled\n|\n|t:|1698108327\n|switch|p2a: Giratina|Giratina-Origin, shiny|100\/100\n|turn|18\n|c|\u2606Sonad~|lol\n|\n|t:|1698108362\n|switch|p1a: Miraidon|Miraidon|100\/100\n|-fieldstart|move: Electric Terrain|[from] ability: Hadron Engine|[of] p1a: Miraidon\n|move|p2a: Giratina|Shadow Sneak|p1a: Miraidon\n|-damage|p1a: Miraidon|78\/100\n|\n|upkeep\n|turn|19\n|\n|t:|1698108375\n|move|p1a: Miraidon|Dragon Pulse|p2a: Giratina\n|-supereffective|p2a: Giratina\n|-damage|p2a: Giratina|0 fnt\n|faint|p2a: Giratina\n|\n|upkeep\n|\n|t:|1698108377\n|switch|p2a: Eternatus|Eternatus|100\/100\n|-ability|p2a: Eternatus|Pressure\n|turn|20\n|c|\u2606Sonad~|:\/\n|c|\u2606darkmoju|scarfed?\n|c|\u2606Sonad~|specs\n|\n|t:|1698108411\n|move|p2a: Eternatus|Dynamax Cannon|p1a: Miraidon\n|-supereffective|p1a: Miraidon\n|-damage|p1a: Miraidon|0 fnt\n|faint|p1a: Miraidon\n|\n|upkeep\n|c| Hand0fD00m|its up to the bear\n|\n|t:|1698108415\n|switch|p1a: Ursaluna|Ursaluna-Bloodmoon, M|100\/100\n|turn|21\n|\n|t:|1698108422\n|move|p2a: Eternatus|Dynamax Cannon|p1a: Ursaluna\n|-damage|p1a: Ursaluna|34\/100\n|move|p1a: Ursaluna|Earth Power|p2a: Eternatus\n|-supereffective|p2a: Eternatus\n|-damage|p2a: Eternatus|0 fnt\n|faint|p2a: Eternatus\n|-damage|p1a: Ursaluna|24\/100|[from] item: Life Orb\n|\n|win|Sonad~\n|c|\u2606Sonad~|yoo\n|c|\u2606darkmoju|gg!\n|c|\u2606Sonad~|gj bear!\n|c|\u2606Sonad~|match 3\n|c| Hand0fD00m|hell yeah we got a game 3!\n|l|\u2606darkmoju\n","uploadtime":1698108439,"views":7,"p1id":"sonad","p2id":"darkmoju","formatid":"gen9ubers","rating":0,"private":0,"password":""}