{"id":"gen9ubers-1989427454","p1":"02_strelizia","p2":"Gliscornumber1","format":"[Gen 9] Ubers","log":"|j|\u260602_strelizia\n|j|\u203dGliscornumber1\n|t:|1699848937\n|gametype|singles\n|player|p1|02_strelizia|unknownf|1212\n|player|p2|Gliscornumber1|giovanni|1320\n|teamsize|p1|6\n|teamsize|p2|6\n|gen|9\n|tier|[Gen 9] Ubers\n|rated|\n|rule|Sleep Clause Mod: Limit one foe put to sleep\n|rule|Species Clause: Limit one of each Pok\u00e9mon\n|rule|OHKO Clause: OHKO moves are banned\n|rule|Evasion Items Clause: Evasion items are banned\n|rule|Evasion Moves Clause: Evasion moves are banned\n|rule|Endless Battle Clause: Forcing endless battles is banned\n|rule|HP Percentage Mod: HP is shown in percentages\n|clearpoke\n|poke|p1|Kingambit, M|\n|poke|p1|Ceruledge, M|\n|poke|p1|Walking Wake|\n|poke|p1|Groudon|\n|poke|p1|Flutter Mane|\n|poke|p1|Regieleki|\n|poke|p2|Koraidon|\n|poke|p2|Gliscor, M|\n|poke|p2|Chi-Yu|\n|poke|p2|Regieleki|\n|poke|p2|Espathra, F|\n|poke|p2|Ursaluna-Bloodmoon, M|\n|teampreview\n|\n|t:|1699848945\n|start\n|switch|p1a: Groudon|Groudon|100\/100\n|switch|p2a: Regieleki|Regieleki|100\/100\n|-weather|SunnyDay|[from] ability: Drought|[of] p1a: Groudon\n|turn|1\n|\n|t:|1699848954\n|switch|p2a: Gliscor|Gliscor, M|100\/100\n|move|p1a: Groudon|Precipice Blades|p2a: Gliscor\n|-immune|p2a: Gliscor\n|\n|-weather|SunnyDay|[upkeep]\n|-status|p2a: Gliscor|tox|[from] item: Toxic Orb\n|upkeep\n|turn|2\n|\n|t:|1699848963\n|move|p2a: Gliscor|Toxic|p1a: Groudon\n|-status|p1a: Groudon|tox\n|move|p1a: Groudon|Stealth Rock|p2a: Gliscor\n|-sidestart|p2: Gliscornumber1|move: Stealth Rock\n|\n|-weather|SunnyDay|[upkeep]\n|-damage|p1a: Groudon|94\/100 tox|[from] psn\n|upkeep\n|turn|3\n|\n|t:|1699848991\n|switch|p1a: Regieleki|Regieleki|100\/100\n|move|p2a: Gliscor|Spikes|p1a: Regieleki\n|-sidestart|p1: 02_strelizia|Spikes\n|\n|-weather|SunnyDay|[upkeep]\n|upkeep\n|turn|4\n|\n|t:|1699849013\n|switch|p2a: Regieleki|Regieleki|100\/100\n|move|p1a: Regieleki|Rapid Spin|p2a: Regieleki\n|-damage|p2a: Regieleki|80\/100\n|-boost|p1a: Regieleki|spe|1\n|-sideend|p1: 02_strelizia|Spikes|[from] move: Rapid Spin|[of] p1a: Regieleki\n|\n|-weather|SunnyDay|[upkeep]\n|upkeep\n|turn|5\n|\n|t:|1699849026\n|move|p1a: Regieleki|Tera Blast|p2a: Regieleki\n|-damage|p2a: Regieleki|29\/100\n|move|p2a: Regieleki|Rapid Spin|p1a: Regieleki\n|-damage|p1a: Regieleki|81\/100\n|-boost|p2a: Regieleki|spe|1\n|-sideend|p2: Gliscornumber1|Stealth Rock|[from] move: Rapid Spin|[of] p2a: Regieleki\n|\n|-weather|none\n|upkeep\n|turn|6\n|\n|t:|1699849036\n|move|p2a: Regieleki|Volt Switch|p1a: Regieleki\n|-resisted|p1a: Regieleki\n|-damage|p1a: Regieleki|44\/100\n|\n|t:|1699849054\n|switch|p2a: Espathra|Espathra, F|100\/100|[from] Volt Switch\n|move|p1a: Regieleki|Tera Blast|p2a: Espathra\n|-damage|p2a: Espathra|59\/100\n|\n|-heal|p2a: Espathra|65\/100|[from] item: Leftovers\n|upkeep\n|turn|7\n|\n|t:|1699849069\n|move|p2a: Espathra|Protect|p2a: Espathra\n|-singleturn|p2a: Espathra|Protect\n|move|p1a: Regieleki|Volt Switch|p2a: Espathra\n|-activate|p2a: Espathra|move: Protect\n|\n|-heal|p2a: Espathra|71\/100|[from] item: Leftovers\n|-ability|p2a: Espathra|Speed Boost|boost\n|-boost|p2a: Espathra|spe|1\n|upkeep\n|turn|8\n|\n|t:|1699849073\n|move|p1a: Regieleki|Volt Switch|p2a: Espathra\n|-damage|p2a: Espathra|0 fnt\n|faint|p2a: Espathra\n|\n|t:|1699849077\n|switch|p1a: Groudon|Groudon|94\/100 tox|[from] Volt Switch\n|-weather|SunnyDay|[from] ability: Drought|[of] p1a: Groudon\n|\n|-weather|SunnyDay|[upkeep]\n|-heal|p1a: Groudon|100\/100 tox|[from] item: Leftovers\n|-damage|p1a: Groudon|94\/100 tox|[from] psn\n|upkeep\n|\n|t:|1699849085\n|switch|p2a: Gliscor|Gliscor, M|100\/100 tox\n|turn|9\n|\n|t:|1699849098\n|switch|p1a: Walking Wake|Walking Wake|100\/100\n|-activate|p1a: Walking Wake|ability: Protosynthesis\n|-start|p1a: Walking Wake|protosynthesisspa\n|move|p2a: Gliscor|Spikes|p1a: Walking Wake\n|-sidestart|p1: 02_strelizia|Spikes\n|\n|-weather|SunnyDay|[upkeep]\n|upkeep\n|turn|10\n|\n|t:|1699849106\n|switch|p2a: Koraidon|Koraidon|100\/100\n|-activate|p2a: Koraidon|ability: Orichalcum Pulse\n|move|p1a: Walking Wake|Agility|p1a: Walking Wake\n|-boost|p1a: Walking Wake|spe|2\n|\n|-weather|SunnyDay|[upkeep]\n|upkeep\n|turn|11\n|\n|t:|1699849115\n|-terastallize|p2a: Koraidon|Fire\n|move|p1a: Walking Wake|Draco Meteor|p2a: Koraidon\n|-damage|p2a: Koraidon|0 fnt\n|-unboost|p1a: Walking Wake|spa|2\n|faint|p2a: Koraidon\n|-damage|p1a: Walking Wake|91\/100|[from] item: Life Orb\n|\n|-weather|SunnyDay|[upkeep]\n|upkeep\n|\n|t:|1699849123\n|switch|p2a: Regieleki|Regieleki|29\/100\n|turn|12\n|\n|t:|1699849134\n|move|p2a: Regieleki|Thunderbolt|p1a: Walking Wake\n|-damage|p1a: Walking Wake|47\/100\n|move|p1a: Walking Wake|Hydro Steam|p2a: Regieleki\n|-damage|p2a: Regieleki|0 fnt\n|faint|p2a: Regieleki\n|-damage|p1a: Walking Wake|38\/100|[from] item: Life Orb\n|\n|-weather|none\n|-end|p1a: Walking Wake|Protosynthesis\n|upkeep\n|\n|t:|1699849151\n|switch|p2a: Chi-Yu|Chi-Yu|100\/100\n|-ability|p2a: Chi-Yu|Beads of Ruin\n|turn|13\n|\n|t:|1699849159\n|-end|p1a: Walking Wake|Protosynthesis|[silent]\n|switch|p1a: Ceruledge|Ceruledge, M|100\/100\n|move|p2a: Chi-Yu|Dark Pulse|p1a: Ceruledge\n|-supereffective|p1a: Ceruledge\n|-damage|p1a: Ceruledge|0 fnt\n|faint|p1a: Ceruledge\n|\n|upkeep\n|\n|t:|1699849165\n|switch|p1a: Groudon|Groudon|94\/100 tox\n|-damage|p1a: Groudon|82\/100 tox|[from] Spikes\n|-weather|SunnyDay|[from] ability: Drought|[of] p1a: Groudon\n|turn|14\n|\n|t:|1699849187\n|switch|p2a: Gliscor|Gliscor, M|100\/100 tox\n|switch|p1a: Kingambit|Kingambit, M|100\/100\n|-damage|p1a: Kingambit|88\/100|[from] Spikes\n|-activate|p1a: Kingambit|ability: Supreme Overlord\n|-start|p1a: Kingambit|fallen1|[silent]\n|\n|-weather|SunnyDay|[upkeep]\n|upkeep\n|turn|15\n|\n|t:|1699849192\n|move|p2a: Gliscor|Earthquake|p1a: Kingambit\n|-supereffective|p1a: Kingambit\n|-damage|p1a: Kingambit|37\/100\n|move|p1a: Kingambit|Swords Dance|p1a: Kingambit\n|-boost|p1a: Kingambit|atk|2\n|\n|-weather|SunnyDay|[upkeep]\n|upkeep\n|turn|16\n|\n|t:|1699849199\n|-terastallize|p1a: Kingambit|Flying\n|move|p2a: Gliscor|Spikes|p1a: Kingambit\n|-sidestart|p1: 02_strelizia|Spikes\n|move|p1a: Kingambit|Swords Dance|p1a: Kingambit\n|-boost|p1a: Kingambit|atk|2\n|\n|-weather|SunnyDay|[upkeep]\n|upkeep\n|turn|17\n|\n|t:|1699849211\n|move|p1a: Kingambit|Sucker Punch||[still]\n|-fail|p1a: Kingambit\n|move|p2a: Gliscor|Toxic|p1a: Kingambit\n|-status|p1a: Kingambit|tox\n|\n|-weather|SunnyDay|[upkeep]\n|-damage|p1a: Kingambit|30\/100 tox|[from] psn\n|upkeep\n|turn|18\n|\n|t:|1699849217\n|move|p1a: Kingambit|Sucker Punch||[still]\n|-fail|p1a: Kingambit\n|move|p2a: Gliscor|Spikes|p1a: Kingambit\n|-sidestart|p1: 02_strelizia|Spikes\n|\n|-weather|none\n|-damage|p1a: Kingambit|18\/100 tox|[from] psn\n|upkeep\n|turn|19\n|\n|t:|1699849227\n|switch|p2a: Ursaluna|Ursaluna-Bloodmoon, M|100\/100\n|move|p1a: Kingambit|Sucker Punch||[still]\n|-fail|p1a: Kingambit\n|\n|-damage|p1a: Kingambit|0 fnt|[from] psn\n|faint|p1a: Kingambit\n|-end|p1a: Kingambit|fallen1|[silent]\n|upkeep\n|\n|t:|1699849230\n|switch|p1a: Regieleki|Regieleki|44\/100\n|-damage|p1a: Regieleki|19\/100|[from] Spikes\n|turn|20\n|\n|t:|1699849236\n|move|p1a: Regieleki|Rapid Spin|p2a: Ursaluna\n|-damage|p2a: Ursaluna|94\/100\n|-boost|p1a: Regieleki|spe|1\n|-sideend|p1: 02_strelizia|Spikes|[from] move: Rapid Spin|[of] p1a: Regieleki\n|move|p2a: Ursaluna|Calm Mind|p2a: Ursaluna\n|-boost|p2a: Ursaluna|spa|1\n|-boost|p2a: Ursaluna|spd|1\n|\n|-heal|p2a: Ursaluna|99\/100|[from] item: Leftovers\n|upkeep\n|turn|21\n|\n|t:|1699849240\n|move|p1a: Regieleki|Explosion|p2a: Ursaluna\n|-damage|p2a: Ursaluna|65\/100\n|faint|p1a: Regieleki\n|move|p2a: Ursaluna|Earth Power|p1: Regieleki|[notarget]\n|-fail|p2a: Ursaluna\n|\n|-heal|p2a: Ursaluna|71\/100|[from] item: Leftovers\n|upkeep\n|\n|t:|1699849251\n|switch|p1a: Groudon|Groudon|82\/100 tox\n|-weather|SunnyDay|[from] ability: Drought|[of] p1a: Groudon\n|turn|22\n|\n|t:|1699849257\n|move|p1a: Groudon|Precipice Blades|p2a: Ursaluna\n|-damage|p2a: Ursaluna|27\/100\n|move|p2a: Ursaluna|Calm Mind|p2a: Ursaluna\n|-boost|p2a: Ursaluna|spa|1\n|-boost|p2a: Ursaluna|spd|1\n|\n|-weather|SunnyDay|[upkeep]\n|-heal|p1a: Groudon|88\/100 tox|[from] item: Leftovers\n|-heal|p2a: Ursaluna|33\/100|[from] item: Leftovers\n|-damage|p1a: Groudon|82\/100 tox|[from] psn\n|upkeep\n|turn|23\n|\n|t:|1699849261\n|move|p1a: Groudon|Precipice Blades|p2a: Ursaluna\n|-damage|p2a: Ursaluna|0 fnt\n|faint|p2a: Ursaluna\n|\n|-weather|SunnyDay|[upkeep]\n|-heal|p1a: Groudon|88\/100 tox|[from] item: Leftovers\n|-damage|p1a: Groudon|76\/100 tox|[from] psn\n|upkeep\n|\n|t:|1699849264\n|switch|p2a: Gliscor|Gliscor, M|100\/100 tox\n|turn|24\n|\n|t:|1699849272\n|switch|p1a: Walking Wake|Walking Wake|38\/100\n|-activate|p1a: Walking Wake|ability: Protosynthesis\n|-start|p1a: Walking Wake|protosynthesisspa\n|move|p2a: Gliscor|Earthquake|p1a: Walking Wake\n|-damage|p1a: Walking Wake|0 fnt\n|faint|p1a: Walking Wake\n|-end|p1a: Walking Wake|Protosynthesis|[silent]\n|\n|-weather|SunnyDay|[upkeep]\n|upkeep\n|\n|t:|1699849278\n|switch|p1a: Flutter Mane|Flutter Mane|100\/100\n|-activate|p1a: Flutter Mane|ability: Protosynthesis\n|-start|p1a: Flutter Mane|protosynthesisspe\n|turn|25\n|\n|t:|1699849287\n|move|p1a: Flutter Mane|Moonblast|p2a: Gliscor\n|-damage|p2a: Gliscor|9\/100 tox\n|move|p2a: Gliscor|Knock Off|p1a: Flutter Mane\n|-damage|p1a: Flutter Mane|57\/100\n|-enditem|p1a: Flutter Mane|Choice Specs|[from] move: Knock Off|[of] p2a: Gliscor\n|\n|-weather|SunnyDay|[upkeep]\n|-heal|p2a: Gliscor|21\/100 tox|[from] ability: Poison Heal\n|upkeep\n|turn|26\n|\n|t:|1699849296\n|move|p1a: Flutter Mane|Moonblast|p2a: Gliscor\n|-damage|p2a: Gliscor|0 fnt\n|faint|p2a: Gliscor\n|\n|-weather|none\n|-end|p1a: Flutter Mane|Protosynthesis\n|upkeep\n|\n|t:|1699849299\n|switch|p2a: Chi-Yu|Chi-Yu|100\/100\n|-ability|p2a: Chi-Yu|Beads of Ruin\n|turn|27\n|\n|t:|1699849304\n|move|p2a: Chi-Yu|Flamethrower|p1a: Flutter Mane\n|-damage|p1a: Flutter Mane|0 fnt\n|faint|p1a: Flutter Mane\n|-end|p1a: Flutter Mane|Protosynthesis|[silent]\n|\n|upkeep\n|\n|t:|1699849307\n|switch|p1a: Groudon|Groudon|76\/100 tox\n|-weather|SunnyDay|[from] ability: Drought|[of] p1a: Groudon\n|turn|28\n|\n|t:|1699849310\n|move|p2a: Chi-Yu|Flamethrower|p1a: Groudon\n|-damage|p1a: Groudon|0 fnt\n|faint|p1a: Groudon\n|\n|win|Gliscornumber1\n|raw|02_strelizia's rating: 1212 &rarr; <strong>1195<\/strong><br \/>(-17 for losing)\n|raw|Gliscornumber1's rating: 1320 &rarr; <strong>1334<\/strong><br \/>(+14 for winning)\n|l|\u260602_strelizia\n","uploadtime":1699849318,"views":20,"p1id":"02strelizia","p2id":"gliscornumber1","formatid":"gen9ubers","rating":1195,"private":0,"password":""}