{"id":"gen9ubers-1979396109","p1":"SadaShidz\ufe0f","p2":"yourfather308","format":"[Gen 9] Ubers","log":"|j|\u2606SadaShidz\ufe0f\n|j|\u2606yourfather308\n|t:|1698679350\n|gametype|singles\n|player|p1|SadaShidz\ufe0f|sada-ai|1209\n|player|p2|yourfather308|1|1297\n|teamsize|p1|6\n|teamsize|p2|6\n|gen|9\n|tier|[Gen 9] Ubers\n|rated|\n|rule|Sleep Clause Mod: Limit one foe put to sleep\n|rule|Species Clause: Limit one of each Pok\u00e9mon\n|rule|OHKO Clause: OHKO moves are banned\n|rule|Evasion Items Clause: Evasion items are banned\n|rule|Evasion Moves Clause: Evasion moves are banned\n|rule|Endless Battle Clause: Forcing endless battles is banned\n|rule|HP Percentage Mod: HP is shown in percentages\n|clearpoke\n|poke|p1|Ribombee, M|\n|poke|p1|Shaymin-Sky|\n|poke|p1|Arceus-Ghost|\n|poke|p1|Great Tusk|\n|poke|p1|Roaring Moon|\n|poke|p1|Koraidon|\n|poke|p2|Koraidon|\n|poke|p2|Zacian-*|\n|poke|p2|Flutter Mane|\n|poke|p2|Miraidon|\n|poke|p2|Ribombee, F|\n|poke|p2|Arceus-Ground|\n|teampreview\n|inactive|Battle timer is ON: inactive players will automatically lose when time's up. (requested by SadaShidz\ufe0f)\n|\n|t:|1698679367\n|start\n|switch|p1a: Shinobu|Ribombee, M, shiny|100\/100\n|switch|p2a: Flutter Mane|Flutter Mane, shiny|100\/100\n|-enditem|p2a: Flutter Mane|Booster Energy\n|-activate|p2a: Flutter Mane|ability: Protosynthesis|[fromitem]\n|-start|p2a: Flutter Mane|protosynthesisspe\n|turn|1\n|\n|t:|1698679376\n|move|p2a: Flutter Mane|Mystical Fire|p1a: Shinobu\n|-supereffective|p1a: Shinobu\n|-damage|p1a: Shinobu|22\/100\n|move|p1a: Shinobu|Sticky Web|p2a: Flutter Mane\n|-sidestart|p2: yourfather308|move: Sticky Web\n|\n|upkeep\n|turn|2\n|\n|t:|1698679386\n|move|p2a: Flutter Mane|Mystical Fire|p1a: Shinobu\n|-supereffective|p1a: Shinobu\n|-damage|p1a: Shinobu|0 fnt\n|faint|p1a: Shinobu\n|\n|upkeep\n|\n|t:|1698679388\n|switch|p1a: Yamz|Arceus-Ghost, shiny|100\/100\n|turn|3\n|inactive|yourfather308 has 120 seconds left.\n|\n|t:|1698679422\n|move|p2a: Flutter Mane|Moonblast|p1a: Yamz\n|-damage|p1a: Yamz|64\/100\n|move|p1a: Yamz|Judgment|p2a: Flutter Mane\n|-supereffective|p2a: Flutter Mane\n|-damage|p2a: Flutter Mane|0 fnt\n|faint|p2a: Flutter Mane\n|-end|p2a: Flutter Mane|Protosynthesis|[silent]\n|\n|upkeep\n|\n|t:|1698679427\n|switch|p2a: Koraidon|Koraidon|100\/100\n|-activate|p2a: Koraidon|move: Sticky Web\n|-unboost|p2a: Koraidon|spe|1\n|-weather|SunnyDay|[from] ability: Orichalcum Pulse|[of] p2a: Koraidon\n|-activate|p2a: Koraidon|Orichalcum Pulse|[source]\n|turn|4\n|\n|t:|1698679431\n|move|p1a: Yamz|Judgment|p2a: Koraidon\n|-damage|p2a: Koraidon|51\/100\n|move|p2a: Koraidon|Scale Shot|p1a: Yamz\n|-damage|p1a: Yamz|53\/100\n|-damage|p1a: Yamz|41\/100\n|-damage|p1a: Yamz|29\/100\n|-damage|p1a: Yamz|17\/100\n|-damage|p1a: Yamz|5\/100\n|-hitcount|p1a: Yamz|5\n|-unboost|p2a: Koraidon|def|1\n|-boost|p2a: Koraidon|spe|1\n|\n|-weather|SunnyDay|[upkeep]\n|upkeep\n|turn|5\n|\n|t:|1698679437\n|move|p2a: Koraidon|Scale Shot|p1a: Yamz\n|-damage|p1a: Yamz|0 fnt\n|faint|p1a: Yamz\n|-hitcount|p1: Yamz|1\n|-unboost|p2a: Koraidon|def|1\n|-boost|p2a: Koraidon|spe|1\n|\n|-weather|SunnyDay|[upkeep]\n|upkeep\n|\n|t:|1698679445\n|switch|p1a: Type Bike|Koraidon|100\/100\n|-activate|p1a: Type Bike|ability: Orichalcum Pulse\n|turn|6\n|\n|t:|1698679453\n|-terastallize|p1a: Type Bike|Fire\n|move|p2a: Koraidon|Scale Shot|p1a: Type Bike\n|-damage|p1a: Type Bike|86\/100\n|-damage|p1a: Type Bike|69\/100\n|-damage|p1a: Type Bike|53\/100\n|-damage|p1a: Type Bike|37\/100\n|-hitcount|p1a: Type Bike|4\n|-unboost|p2a: Koraidon|def|1\n|-boost|p2a: Koraidon|spe|1\n|move|p1a: Type Bike|Scale Shot|p2a: Koraidon\n|-supereffective|p2a: Koraidon\n|-damage|p2a: Koraidon|0 fnt\n|faint|p2a: Koraidon\n|-hitcount|p2: Koraidon|1\n|-unboost|p1a: Type Bike|def|1\n|-boost|p1a: Type Bike|spe|1\n|\n|-weather|SunnyDay|[upkeep]\n|upkeep\n|\n|t:|1698679463\n|switch|p2a: Ribombee|Ribombee, F|100\/100\n|-activate|p2a: Ribombee|move: Sticky Web\n|-unboost|p2a: Ribombee|spe|1\n|turn|7\n|\n|t:|1698679469\n|move|p1a: Type Bike|Flame Charge|p2a: Ribombee\n|-supereffective|p2a: Ribombee\n|-enditem|p2a: Ribombee|Focus Sash\n|-damage|p2a: Ribombee|1\/100\n|-boost|p1a: Type Bike|spe|1\n|move|p2a: Ribombee|Tailwind|p2a: Ribombee\n|-sidestart|p2: yourfather308|move: Tailwind\n|\n|-weather|SunnyDay|[upkeep]\n|upkeep\n|turn|8\n|\n|t:|1698679477\n|move|p1a: Type Bike|Flame Charge|p2a: Ribombee\n|-supereffective|p2a: Ribombee\n|-damage|p2a: Ribombee|0 fnt\n|-boost|p1a: Type Bike|spe|1\n|faint|p2a: Ribombee\n|\n|-weather|none\n|upkeep\n|\n|t:|1698679482\n|switch|p2a: Arceus|Arceus-Ground|100\/100\n|-activate|p2a: Arceus|move: Sticky Web\n|-unboost|p2a: Arceus|spe|1\n|turn|9\n|\n|t:|1698679494\n|switch|p1a: BigFatBone|Great Tusk|100\/100\n|-enditem|p1a: BigFatBone|Booster Energy\n|-activate|p1a: BigFatBone|ability: Protosynthesis|[fromitem]\n|-start|p1a: BigFatBone|protosynthesisatk\n|move|p2a: Arceus|Extreme Speed|p1a: BigFatBone\n|-damage|p1a: BigFatBone|80\/100\n|\n|upkeep\n|turn|10\n|\n|t:|1698679501\n|move|p2a: Arceus|Swords Dance|p2a: Arceus\n|-boost|p2a: Arceus|atk|2\n|move|p1a: BigFatBone|Ice Spinner|p2a: Arceus\n|-supereffective|p2a: Arceus\n|-damage|p2a: Arceus|42\/100\n|\n|-sideend|p2: yourfather308|move: Tailwind\n|upkeep\n|turn|11\n|\n|t:|1698679508\n|move|p1a: BigFatBone|Ice Spinner|p2a: Arceus\n|-supereffective|p2a: Arceus\n|-damage|p2a: Arceus|0 fnt\n|faint|p2a: Arceus\n|\n|upkeep\n|\n|t:|1698679514\n|switch|p2a: Zacian|Zacian-Crowned|100\/100\n|-activate|p2a: Zacian|move: Sticky Web\n|-unboost|p2a: Zacian|spe|1\n|-ability|p2a: Zacian|Intrepid Sword|boost\n|-boost|p2a: Zacian|atk|1\n|turn|12\n|\n|t:|1698679517\n|-terastallize|p2a: Zacian|Water\n|move|p2a: Zacian|Trailblaze|p1a: BigFatBone\n|-supereffective|p1a: BigFatBone\n|-damage|p1a: BigFatBone|42\/100\n|-boost|p2a: Zacian|spe|1\n|move|p1a: BigFatBone|Headlong Rush|p2a: Zacian\n|-damage|p2a: Zacian|21\/100\n|-unboost|p1a: BigFatBone|def|1\n|-unboost|p1a: BigFatBone|spd|1\n|\n|upkeep\n|turn|13\n|\n|t:|1698679525\n|move|p2a: Zacian|Play Rough|p1a: BigFatBone\n|-supereffective|p1a: BigFatBone\n|-damage|p1a: BigFatBone|0 fnt\n|faint|p1a: BigFatBone\n|-end|p1a: BigFatBone|Protosynthesis|[silent]\n|\n|upkeep\n|\n|t:|1698679546\n|switch|p1a: Roaring Bone|Roaring Moon|100\/100\n|-enditem|p1a: Roaring Bone|Booster Energy\n|-activate|p1a: Roaring Bone|ability: Protosynthesis|[fromitem]\n|-start|p1a: Roaring Bone|protosynthesisspe\n|turn|14\n|\n|t:|1698679553\n|move|p1a: Roaring Bone|Scale Shot|p2a: Zacian\n|-damage|p2a: Zacian|7\/100\n|-damage|p2a: Zacian|0 fnt\n|faint|p2a: Zacian\n|-hitcount|p2: Zacian|2\n|-unboost|p1a: Roaring Bone|def|1\n|-boost|p1a: Roaring Bone|spe|1\n|\n|upkeep\n|\n|t:|1698679556\n|switch|p2a: Miraidon|Miraidon|100\/100\n|-activate|p2a: Miraidon|move: Sticky Web\n|-unboost|p2a: Miraidon|spe|1\n|-fieldstart|move: Electric Terrain|[from] ability: Hadron Engine|[of] p2a: Miraidon\n|turn|15\n|\n|t:|1698679562\n|move|p1a: Roaring Bone|Scale Shot|p2a: Miraidon\n|-supereffective|p2a: Miraidon\n|-damage|p2a: Miraidon|72\/100\n|-supereffective|p2a: Miraidon\n|-damage|p2a: Miraidon|45\/100\n|-hitcount|p2a: Miraidon|2\n|-unboost|p1a: Roaring Bone|def|1\n|-boost|p1a: Roaring Bone|spe|1\n|move|p2a: Miraidon|Draco Meteor|p1a: Roaring Bone\n|-supereffective|p1a: Roaring Bone\n|-damage|p1a: Roaring Bone|0 fnt\n|-unboost|p2a: Miraidon|spa|2\n|faint|p1a: Roaring Bone\n|-end|p1a: Roaring Bone|Protosynthesis|[silent]\n|\n|upkeep\n|\n|t:|1698679569\n|switch|p1a: Type Bike|Koraidon, tera:Fire|37\/100\n|-weather|SunnyDay|[from] ability: Orichalcum Pulse|[of] p1a: Type Bike\n|-activate|p1a: Type Bike|Orichalcum Pulse|[source]\n|turn|16\n|\n|t:|1698679573\n|move|p2a: Miraidon|Draco Meteor|p1a: Type Bike\n|-damage|p1a: Type Bike|0 fnt\n|-unboost|p2a: Miraidon|spa|2\n|faint|p1a: Type Bike\n|\n|-weather|SunnyDay|[upkeep]\n|upkeep\n|\n|t:|1698679576\n|switch|p1a: Pal|Shaymin-Sky, shiny|100\/100\n|turn|17\n|\n|t:|1698679580\n|move|p2a: Miraidon|Draco Meteor|p1a: Pal|[miss]\n|-miss|p2a: Miraidon|p1a: Pal\n|move|p1a: Pal|Dazzling Gleam|p2a: Miraidon\n|-supereffective|p2a: Miraidon\n|-crit|p2a: Miraidon\n|-damage|p2a: Miraidon|0 fnt\n|faint|p2a: Miraidon\n|\n|win|SadaShidz\ufe0f\n|raw|SadaShidz\ufe0f's rating: 1209 &rarr; <strong>1239<\/strong><br \/>(+30 for winning)\n|raw|yourfather308's rating: 1279 &rarr; <strong>1249<\/strong><br \/>(-30 for losing)\n|l|\u2606yourfather308\n|c|\u2606SadaShidz\ufe0f|Gg\n","uploadtime":1698679598,"views":5,"p1id":"sadashidz","p2id":"yourfather308","formatid":"gen9ubers","rating":1239,"private":0,"password":""}