{"id":"gen9ubers-1989925742","p1":"0 Vermillion 0","p2":"NEK 66666","format":"[Gen 9] Ubers","log":"|j|\u26060 Vermillion 0\n|j|\u2606NEK 66666\n|t:|1699907292\n|gametype|singles\n|player|p1|0 Vermillion 0|alec-anime|1051\n|player|p2|NEK 66666|265|1242\n|teamsize|p1|6\n|teamsize|p2|6\n|gen|9\n|tier|[Gen 9] Ubers\n|rated|\n|rule|Sleep Clause Mod: Limit one foe put to sleep\n|rule|Species Clause: Limit one of each Pok\u00e9mon\n|rule|OHKO Clause: OHKO moves are banned\n|rule|Evasion Items Clause: Evasion items are banned\n|rule|Evasion Moves Clause: Evasion moves are banned\n|rule|Endless Battle Clause: Forcing endless battles is banned\n|rule|HP Percentage Mod: HP is shown in percentages\n|clearpoke\n|poke|p1|Regieleki|\n|poke|p1|Zacian-*|\n|poke|p1|Eternatus|\n|poke|p1|Ting-Lu|\n|poke|p1|Koraidon|\n|poke|p1|Calyrex-Ice|\n|poke|p2|Amoonguss, M|\n|poke|p2|Garganacl, F|\n|poke|p2|Ogerpon-Hearthflame, F|\n|poke|p2|Ting-Lu|\n|poke|p2|Azumarill, F|\n|poke|p2|Kingambit, F|\n|teampreview\n|\n|t:|1699907315\n|start\n|switch|p1a: Regieleki|Regieleki, shiny|100\/100\n|switch|p2a: Ting-Lu|Ting-Lu|100\/100\n|-ability|p2a: Ting-Lu|Vessel of Ruin\n|turn|1\n|\n|t:|1699907331\n|move|p1a: Regieleki|Reflect|p1a: Regieleki\n|-sidestart|p1: 0 Vermillion 0|Reflect\n|move|p2a: Ting-Lu|Stealth Rock|p1a: Regieleki\n|-sidestart|p1: 0 Vermillion 0|move: Stealth Rock\n|\n|upkeep\n|turn|2\n|\n|t:|1699907335\n|move|p1a: Regieleki|Light Screen|p1a: Regieleki\n|-sidestart|p1: 0 Vermillion 0|move: Light Screen\n|move|p2a: Ting-Lu|Earthquake|p1a: Regieleki\n|-supereffective|p1a: Regieleki\n|-damage|p1a: Regieleki|37\/100\n|\n|upkeep\n|turn|3\n|\n|t:|1699907345\n|move|p1a: Regieleki|Rapid Spin|p2a: Ting-Lu\n|-damage|p2a: Ting-Lu|95\/100\n|-boost|p1a: Regieleki|spe|1\n|-sideend|p1: 0 Vermillion 0|Stealth Rock|[from] move: Rapid Spin|[of] p1a: Regieleki\n|move|p2a: Ting-Lu|Earthquake|p1a: Regieleki\n|-supereffective|p1a: Regieleki\n|-crit|p1a: Regieleki\n|-damage|p1a: Regieleki|0 fnt\n|faint|p1a: Regieleki\n|\n|-heal|p2a: Ting-Lu|100\/100|[from] item: Leftovers\n|upkeep\n|\n|t:|1699907360\n|switch|p1a: Calyrex|Calyrex-Ice|100\/100\n|-ability|p1a: Calyrex|As One\n|-ability|p1a: Calyrex|Unnerve\n|turn|4\n|\n|t:|1699907370\n|move|p2a: Ting-Lu|Stealth Rock|p1a: Calyrex\n|-sidestart|p1: 0 Vermillion 0|move: Stealth Rock\n|move|p1a: Calyrex|Swords Dance|p1a: Calyrex\n|-boost|p1a: Calyrex|atk|2\n|\n|upkeep\n|turn|5\n|\n|t:|1699907375\n|move|p2a: Ting-Lu|Spikes|p1a: Calyrex\n|-sidestart|p1: 0 Vermillion 0|Spikes\n|move|p1a: Calyrex|Trick Room|p1a: Calyrex\n|-fieldstart|move: Trick Room|[of] p1a: Calyrex\n|\n|upkeep\n|turn|6\n|\n|t:|1699907389\n|move|p1a: Calyrex|Glacial Lance|p2a: Ting-Lu\n|-supereffective|p2a: Ting-Lu\n|-damage|p2a: Ting-Lu|0 fnt\n|faint|p2a: Ting-Lu\n|-ability|p1a: Calyrex|Chilling Neigh|boost\n|-boost|p1a: Calyrex|atk|1\n|\n|upkeep\n|\n|t:|1699907398\n|switch|p2a: Kingambit|Kingambit, F|100\/100\n|-activate|p2a: Kingambit|ability: Supreme Overlord\n|-start|p2a: Kingambit|fallen1|[silent]\n|turn|7\n|\n|t:|1699907408\n|move|p1a: Calyrex|High Horsepower|p2a: Kingambit\n|-supereffective|p2a: Kingambit\n|-damage|p2a: Kingambit|0 fnt\n|faint|p2a: Kingambit\n|-end|p2a: Kingambit|fallen1|[silent]\n|-ability|p1a: Calyrex|Chilling Neigh|boost\n|-boost|p1a: Calyrex|atk|1\n|\n|upkeep\n|\n|t:|1699907417\n|switch|p2a: ESP4THRA|Amoonguss, M, shiny|100\/100\n|turn|8\n|\n|t:|1699907419\n|move|p2a: ESP4THRA|Spore|p1a: Calyrex\n|-status|p1a: Calyrex|slp|[from] move: Spore\n|cant|p1a: Calyrex|slp\n|\n|-sideend|p1: 0 Vermillion 0|Reflect\n|upkeep\n|turn|9\n|\n|t:|1699907425\n|switch|p2a: Azumarill|Azumarill, F|100\/100\n|cant|p1a: Calyrex|slp\n|\n|-sideend|p1: 0 Vermillion 0|move: Light Screen\n|-fieldend|move: Trick Room\n|upkeep\n|turn|10\n|\n|t:|1699907434\n|move|p2a: Azumarill|Belly Drum|p2a: Azumarill\n|-damage|p2a: Azumarill|50\/100\n|-setboost|p2a: Azumarill|atk|6|[from] move: Belly Drum\n|-curestatus|p1a: Calyrex|slp|[msg]\n|move|p1a: Calyrex|Trick Room|p1a: Calyrex\n|-fieldstart|move: Trick Room|[of] p1a: Calyrex\n|\n|upkeep\n|turn|11\n|\n|t:|1699907457\n|move|p2a: Azumarill|Aqua Jet|p1a: Calyrex\n|-damage|p1a: Calyrex|45\/100\n|move|p1a: Calyrex|Glacial Lance|p2a: Azumarill\n|-resisted|p2a: Azumarill\n|-damage|p2a: Azumarill|0 fnt\n|faint|p2a: Azumarill\n|-ability|p1a: Calyrex|Chilling Neigh|boost\n|-boost|p1a: Calyrex|atk|1\n|\n|upkeep\n|\n|t:|1699907462\n|switch|p2a: ESP4THRA|Amoonguss, M, shiny|100\/100\n|turn|12\n|\n|t:|1699907468\n|move|p2a: ESP4THRA|Spore|p1a: Calyrex\n|-status|p1a: Calyrex|slp|[from] move: Spore\n|cant|p1a: Calyrex|slp\n|\n|upkeep\n|turn|13\n|\n|t:|1699907494\n|switch|p2a: Ogerpon|Ogerpon-Hearthflame, F|100\/100\n|-ability|p2a: Ogerpon|Mold Breaker\n|-curestatus|p1a: Calyrex|slp|[msg]\n|move|p1a: Calyrex|High Horsepower|p2a: Ogerpon\n|-damage|p2a: Ogerpon|0 fnt\n|faint|p2a: Ogerpon\n|-ability|p1a: Calyrex|Chilling Neigh|boost\n|-boost|p1a: Calyrex|atk|1\n|\n|upkeep\n|\n|t:|1699907502\n|switch|p2a: ESP4THRA|Amoonguss, M, shiny|100\/100\n|turn|14\n|\n|t:|1699907512\n|move|p2a: ESP4THRA|Spore|p1a: Calyrex\n|-status|p1a: Calyrex|slp|[from] move: Spore\n|cant|p1a: Calyrex|slp\n|\n|-fieldend|move: Trick Room\n|upkeep\n|turn|15\n|\n|t:|1699907522\n|switch|p2a: Garganacl|Garganacl, F|100\/100\n|cant|p1a: Calyrex|slp\n|\n|upkeep\n|turn|16\n|\n|t:|1699907533\n|-terastallize|p2a: Garganacl|Ghost\n|cant|p1a: Calyrex|slp\n|move|p2a: Garganacl|Salt Cure|p1a: Calyrex\n|-supereffective|p1a: Calyrex\n|-damage|p1a: Calyrex|26\/100 slp\n|-start|p1a: Calyrex|Salt Cure\n|-enditem|p1a: Calyrex|Weakness Policy\n|-boost|p1a: Calyrex|atk|0\n|-boost|p1a: Calyrex|spa|2|[from] item: Weakness Policy\n|\n|-damage|p1a: Calyrex|14\/100 slp|[from] Salt Cure\n|upkeep\n|turn|17\n|\n|t:|1699907544\n|-curestatus|p1a: Calyrex|slp|[msg]\n|move|p1a: Calyrex|Glacial Lance|p2a: Garganacl\n|-damage|p2a: Garganacl|0 fnt\n|faint|p2a: Garganacl\n|\n|-damage|p1a: Calyrex|1\/100|[from] Salt Cure\n|upkeep\n|\n|t:|1699907548\n|switch|p2a: ESP4THRA|Amoonguss, M, shiny|100\/100\n|turn|18\n|\n|t:|1699907553\n|move|p1a: Calyrex|Glacial Lance|p2a: ESP4THRA\n|-supereffective|p2a: ESP4THRA\n|-damage|p2a: ESP4THRA|0 fnt\n|faint|p2a: ESP4THRA\n|\n|win|0 Vermillion 0\n|raw|0 Vermillion 0's rating: 1051 &rarr; <strong>1098<\/strong><br \/>(+47 for winning)\n|raw|NEK 66666's rating: 1223 &rarr; <strong>1187<\/strong><br \/>(-36 for losing)\n|l|\u2606NEK 66666\n","uploadtime":1699907700,"views":5,"p1id":"0vermillion0","p2id":"nek66666","formatid":"gen9ubers","rating":1098,"private":0,"password":""}