{"id":"gen9ubers-1984116918","p1":"the tr4sh man","p2":"AlicieLizzie","format":"[Gen 9] Ubers","log":"|j|\u2606the tr4sh man\n|j|\u2606AlicieLizzie\n|t:|1699220419\n|gametype|singles\n|player|p1|the tr4sh man|xerosic|\n|player|p2|AlicieLizzie|marnie-masters3|\n|teamsize|p1|6\n|teamsize|p2|6\n|gen|9\n|tier|[Gen 9] Ubers\n|rule|Sleep Clause Mod: Limit one foe put to sleep\n|rule|Species Clause: Limit one of each Pok\u00e9mon\n|rule|OHKO Clause: OHKO moves are banned\n|rule|Evasion Items Clause: Evasion items are banned\n|rule|Evasion Moves Clause: Evasion moves are banned\n|rule|Endless Battle Clause: Forcing endless battles is banned\n|rule|HP Percentage Mod: HP is shown in percentages\n|clearpoke\n|poke|p1|Rillaboom, M|\n|poke|p1|Basculin-White-Striped, M|\n|poke|p1|Slowking-Galar, M|\n|poke|p1|Gardevoir, M|\n|poke|p1|Flapple, M|\n|poke|p1|Arceus-Poison|\n|poke|p2|Pelipper, M|\n|poke|p2|Overqwil, F|\n|poke|p2|Zapdos|\n|poke|p2|Palkia-Origin|\n|poke|p2|Landorus, M|\n|poke|p2|Arceus-Grass|\n|teampreview\n|inactive|Battle timer is ON: inactive players will automatically lose when time's up. (requested by AlicieLizzie)\n|\n|t:|1699220432\n|start\n|switch|p1a: Rillaboom|Rillaboom, M|100\/100\n|switch|p2a: der nebel kommt|Pelipper, M|100\/100\n|-fieldstart|move: Grassy Terrain|[from] ability: Grassy Surge|[of] p1a: Rillaboom\n|-weather|RainDance|[from] ability: Drizzle|[of] p2a: der nebel kommt\n|turn|1\n|\n|t:|1699220441\n|switch|p2a: shockzwei|Zapdos|100\/100\n|move|p1a: Rillaboom|Knock Off|p2a: shockzwei\n|-damage|p2a: shockzwei|75\/100\n|-status|p1a: Rillaboom|par|[from] ability: Static|[of] p2a: shockzwei\n|-enditem|p2a: shockzwei|Heavy-Duty Boots|[from] move: Knock Off|[of] p1a: Rillaboom\n|\n|-weather|RainDance|[upkeep]\n|upkeep\n|turn|2\n|\n|t:|1699220444\n|switch|p1a: Slowking|Slowking-Galar, M|100\/100\n|move|p2a: shockzwei|Hurricane|p1a: Slowking\n|-crit|p1a: Slowking\n|-damage|p1a: Slowking|26\/100\n|\n|-weather|RainDance|[upkeep]\n|-heal|p1a: Slowking|32\/100|[from] Grassy Terrain\n|upkeep\n|turn|3\n|\n|t:|1699220449\n|switch|p1a: Arceus|Arceus-Poison|100\/100\n|move|p2a: shockzwei|Thunder|p1a: Arceus\n|-damage|p1a: Arceus|62\/100\n|-status|p1a: Arceus|par\n|\n|-weather|RainDance|[upkeep]\n|-heal|p1a: Arceus|68\/100 par|[from] Grassy Terrain\n|upkeep\n|turn|4\n|\n|t:|1699220453\n|move|p2a: shockzwei|Thunder|p1a: Arceus\n|-damage|p1a: Arceus|31\/100 par\n|cant|p1a: Arceus|par\n|\n|-weather|RainDance|[upkeep]\n|-heal|p1a: Arceus|37\/100 par|[from] Grassy Terrain\n|upkeep\n|turn|5\n|\n|t:|1699220458\n|move|p2a: shockzwei|Thunder|p1a: Arceus\n|-damage|p1a: Arceus|0 fnt\n|faint|p1a: Arceus\n|\n|-weather|RainDance|[upkeep]\n|upkeep\n|\n|t:|1699220459\n|switch|p1a: Slowking|Slowking-Galar, M|65\/100\n|turn|6\n|\n|t:|1699220464\n|move|p2a: shockzwei|Thunder|p1a: Slowking\n|-damage|p1a: Slowking|17\/100\n|move|p1a: Slowking|Chilly Reception|p1a: Slowking\n|-weather|Snow\n|\n|t:|1699220471\n|switch|p1a: Gardevoir|Gardevoir, M|100\/100|[from] Chilly Reception\n|-ability|p1a: Gardevoir|Static|[from] ability: Trace|[of] p2a: shockzwei\n|\n|-weather|Snow|[upkeep]\n|upkeep\n|turn|7\n|\n|t:|1699220475\n|move|p2a: shockzwei|Weather Ball|p1a: Gardevoir\n|-damage|p1a: Gardevoir|68\/100\n|move|p1a: Gardevoir|Future Sight|p2a: shockzwei\n|-start|p1a: Gardevoir|move: Future Sight\n|\n|-weather|Snow|[upkeep]\n|-heal|p1a: Gardevoir|74\/100|[from] Grassy Terrain\n|-heal|p1a: Gardevoir|80\/100|[from] item: Leftovers\n|upkeep\n|turn|8\n|\n|t:|1699220485\n|switch|p2a: dad (with belt)|Landorus, M|100\/100\n|move|p1a: Gardevoir|Gravity|p1a: Gardevoir\n|-fieldstart|move: Gravity\n|\n|-weather|Snow|[upkeep]\n|-heal|p1a: Gardevoir|86\/100|[from] Grassy Terrain\n|-heal|p1a: Gardevoir|93\/100|[from] item: Leftovers\n|-fieldend|move: Grassy Terrain\n|upkeep\n|turn|9\n|\n|t:|1699220500\n|switch|p1a: Rillaboom|Rillaboom, M|100\/100 par\n|-fieldstart|move: Grassy Terrain|[from] ability: Grassy Surge|[of] p1a: Rillaboom\n|move|p2a: dad (with belt)|Weather Ball|p1a: Rillaboom\n|-supereffective|p1a: Rillaboom\n|-damage|p1a: Rillaboom|6\/100 par\n|-damage|p2a: dad (with belt)|91\/100|[from] item: Life Orb\n|\n|-weather|Snow|[upkeep]\n|-end|p2a: dad (with belt)|move: Future Sight\n|-damage|p2a: dad (with belt)|31\/100\n|-heal|p2a: dad (with belt)|37\/100|[from] Grassy Terrain\n|-heal|p1a: Rillaboom|13\/100 par|[from] Grassy Terrain\n|upkeep\n|turn|10\n|\n|t:|1699220508\n|move|p1a: Rillaboom|Grassy Glide|p2a: dad (with belt)\n|-damage|p2a: dad (with belt)|2\/100\n|move|p2a: dad (with belt)|Weather Ball|p1a: Rillaboom\n|-supereffective|p1a: Rillaboom\n|-damage|p1a: Rillaboom|0 fnt\n|faint|p1a: Rillaboom\n|-damage|p2a: dad (with belt)|0 fnt|[from] item: Life Orb\n|faint|p2a: dad (with belt)\n|\n|-weather|none\n|upkeep\n|\n|t:|1699220513\n|switch|p2a: der nebel kommt|Pelipper, M|100\/100\n|switch|p1a: Flapple|Flapple, M|100\/100\n|-weather|RainDance|[from] ability: Drizzle|[of] p2a: der nebel kommt\n|turn|11\n|c|\u2606the tr4sh man|it is time.\n|\n|t:|1699220522\n|-terastallize|p1a: Flapple|Grass\n|move|p1a: Flapple|Grassy Glide|p2a: der nebel kommt\n|-damage|p2a: der nebel kommt|11\/100\n|move|p2a: der nebel kommt|Hurricane|p1a: Flapple\n|-supereffective|p1a: Flapple\n|-damage|p1a: Flapple|0 fnt\n|faint|p1a: Flapple\n|\n|-weather|RainDance|[upkeep]\n|-heal|p2a: der nebel kommt|18\/100|[from] Grassy Terrain\n|upkeep\n|c|\u2606the tr4sh man|dang.\n|c|\u2606AlicieLizzie|no it's not\n|\n|t:|1699220537\n|switch|p1a: Slowking|Slowking-Galar, M|50\/100\n|turn|12\n|\n|t:|1699220541\n|switch|p1a: Gardevoir|Gardevoir, M|93\/100\n|-ability|p1a: Gardevoir|Drizzle|[from] ability: Trace|[of] p2a: der nebel kommt\n|move|p2a: der nebel kommt|Hydro Pump|p1a: Gardevoir\n|-damage|p1a: Gardevoir|40\/100\n|\n|-weather|RainDance|[upkeep]\n|-heal|p1a: Gardevoir|46\/100|[from] Grassy Terrain\n|-heal|p1a: Gardevoir|53\/100|[from] item: Leftovers\n|-heal|p2a: der nebel kommt|24\/100|[from] Grassy Terrain\n|-fieldend|move: Gravity\n|upkeep\n|turn|13\n|c|\u2606the tr4sh man|true\n|c|\u2606the tr4sh man|but it would've been cool tho\n|c|\u2606AlicieLizzie|yeah defo\n|\n|t:|1699220551\n|switch|p2a: fuckin honse|Palkia-Origin|100\/100\n|-ability|p2a: fuckin honse|Pressure\n|move|p1a: Gardevoir|Future Sight|p2a: fuckin honse\n|-start|p1a: Gardevoir|move: Future Sight\n|\n|-weather|RainDance|[upkeep]\n|-heal|p1a: Gardevoir|59\/100|[from] Grassy Terrain\n|-heal|p1a: Gardevoir|65\/100|[from] item: Leftovers\n|upkeep\n|turn|14\n|\n|t:|1699220557\n|move|p2a: fuckin honse|Hydro Pump|p1a: Gardevoir\n|-damage|p1a: Gardevoir|0 fnt\n|faint|p1a: Gardevoir\n|\n|-weather|RainDance|[upkeep]\n|upkeep\n|\n|t:|1699220558\n|switch|p1a: Slowking|Slowking-Galar, M|83\/100\n|turn|15\n|\n|t:|1699220562\n|move|p2a: fuckin honse|Earth Power|p1a: Slowking\n|-supereffective|p1a: Slowking\n|-damage|p1a: Slowking|27\/100\n|move|p1a: Slowking|Chilly Reception|p1a: Slowking\n|-weather|Snow\n|\n|t:|1699220563\n|switch|p1a: Basculin|Basculin-White-Striped, M|100\/100|[from] Chilly Reception\n|-ability|p1a: Basculin|Mold Breaker\n|\n|-weather|Snow|[upkeep]\n|-end|p2a: fuckin honse|move: Future Sight\n|-damage|p2a: fuckin honse|57\/100\n|-heal|p2a: fuckin honse|63\/100|[from] Grassy Terrain\n|upkeep\n|turn|16\n|\n|t:|1699220572\n|move|p1a: Basculin|Protect|p1a: Basculin\n|-singleturn|p1a: Basculin|Protect\n|move|p2a: fuckin honse|Spacial Rend|p1a: Basculin\n|-activate|p1a: Basculin|move: Protect\n|\n|-weather|Snow|[upkeep]\n|-heal|p2a: fuckin honse|70\/100|[from] Grassy Terrain\n|-fieldend|move: Grassy Terrain\n|upkeep\n|turn|17\n|\n|t:|1699220575\n|move|p2a: fuckin honse|Spacial Rend|p1a: Basculin\n|-damage|p1a: Basculin|0 fnt\n|faint|p1a: Basculin\n|\n|-weather|Snow|[upkeep]\n|upkeep\n|\n|t:|1699220577\n|switch|p1a: Slowking|Slowking-Galar, M|60\/100\n|turn|18\n|c|\u2606the tr4sh man|gg\n|\n|t:|1699220580\n|move|p2a: fuckin honse|Earth Power|p1a: Slowking\n|-supereffective|p1a: Slowking\n|-damage|p1a: Slowking|1\/100\n|move|p1a: Slowking|Sludge Bomb|p2a: fuckin honse\n|-damage|p2a: fuckin honse|39\/100\n|-status|p2a: fuckin honse|psn\n|\n|-weather|Snow|[upkeep]\n|-damage|p2a: fuckin honse|27\/100 psn|[from] psn\n|upkeep\n|turn|19\n|c|\u2606AlicieLizzie|gg\n|\n|t:|1699220585\n|move|p2a: fuckin honse|Earth Power|p1a: Slowking\n|-supereffective|p1a: Slowking\n|-damage|p1a: Slowking|0 fnt\n|faint|p1a: Slowking\n|\n|win|AlicieLizzie\n","uploadtime":1699220589,"views":7,"p1id":"thetr4shman","p2id":"alicielizzie","formatid":"gen9ubers","rating":0,"private":0,"password":""}