{"id":"gen9ubers-1990593014","p1":"AlicieLizzie","p2":"GamOurs","format":"[Gen 9] Ubers","log":"|j|\u2606AlicieLizzie\n|j|\u2606GamOurs\n|t:|1699984129\n|gametype|singles\n|player|p1|AlicieLizzie|marnie-masters3|\n|player|p2|GamOurs|colress|\n|teamsize|p1|6\n|teamsize|p2|6\n|gen|9\n|tier|[Gen 9] Ubers\n|rule|Sleep Clause Mod: Limit one foe put to sleep\n|rule|Species Clause: Limit one of each Pok\u00e9mon\n|rule|OHKO Clause: OHKO moves are banned\n|rule|Evasion Items Clause: Evasion items are banned\n|rule|Evasion Moves Clause: Evasion moves are banned\n|rule|Endless Battle Clause: Forcing endless battles is banned\n|rule|HP Percentage Mod: HP is shown in percentages\n|clearpoke\n|poke|p1|Jirachi|\n|poke|p1|Arceus-Fire|\n|poke|p1|Kommo-o, M|\n|poke|p1|Cyclizar, M|\n|poke|p1|Ursaluna, M|\n|poke|p1|Gholdengo|\n|poke|p2|Pelipper, F|\n|poke|p2|Samurott-Hisui, F|\n|poke|p2|Walking Wake|\n|poke|p2|Palafin, F|\n|poke|p2|Magearna|\n|poke|p2|Urshifu-*, M|\n|teampreview\n|inactive|Battle timer is ON: inactive players will automatically lose when time's up. (requested by AlicieLizzie)\n|\n|t:|1699984144\n|start\n|switch|p1a: Round and Round|Cyclizar, M|100\/100\n|switch|p2a: Samurott|Samurott-Hisui, F|100\/100\n|turn|1\n|\n|t:|1699984151\n|move|p1a: Round and Round|Shed Tail|p1a: Round and Round\n|-start|p1a: Round and Round|Substitute|[from] move: Shed Tail\n|-damage|p1a: Round and Round|50\/100\n|\n|t:|1699984154\n|switch|p1a: Shiroyama|Kommo-o, M|100\/100|[from] Shed Tail\n|move|p2a: Samurott|Ceaseless Edge|p1a: Shiroyama\n|-resisted|p1a: Shiroyama\n|-activate|p1a: Shiroyama|move: Substitute|[damage]\n|-sidestart|p1: AlicieLizzie|Spikes\n|\n|upkeep\n|turn|2\n|c|\u2606GamOurs|Shed Tail is banned no? I remember seeing it in the Discord server\n|\n|t:|1699984181\n|move|p2a: Samurott|Ceaseless Edge|p1a: Shiroyama\n|-resisted|p1a: Shiroyama\n|-end|p1a: Shiroyama|Substitute\n|-sidestart|p1: AlicieLizzie|Spikes\n|move|p1a: Shiroyama|Clangorous Soul|p1a: Shiroyama\n|-boost|p1a: Shiroyama|atk|1\n|-boost|p1a: Shiroyama|def|1\n|-boost|p1a: Shiroyama|spa|1\n|-boost|p1a: Shiroyama|spd|1\n|-boost|p1a: Shiroyama|spe|1\n|-damage|p1a: Shiroyama|68\/100\n|-enditem|p1a: Shiroyama|Throat Spray\n|-boost|p1a: Shiroyama|spa|1|[from] item: Throat Spray\n|\n|upkeep\n|turn|3\n|c|\u2606AlicieLizzie|no it\u2019s not\n|c|\u2606GamOurs|Ok ok.\n|c|\u2606AlicieLizzie|only Pok\u00e9mon are banned\n|inactive|GamOurs has 270 seconds left.\n|\n|t:|1699984210\n|-terastallize|p1a: Shiroyama|Normal\n|move|p1a: Shiroyama|Boomburst|p2a: Samurott\n|-enditem|p2a: Samurott|Focus Sash\n|-damage|p2a: Samurott|1\/100\n|move|p2a: Samurott|Ceaseless Edge|p1a: Shiroyama\n|-damage|p1a: Shiroyama|37\/100\n|-sidestart|p1: AlicieLizzie|Spikes\n|\n|upkeep\n|turn|4\n|\n|t:|1699984216\n|move|p1a: Shiroyama|Boomburst|p2a: Samurott\n|-damage|p2a: Samurott|0 fnt\n|faint|p2a: Samurott\n|\n|upkeep\n|\n|t:|1699984228\n|switch|p2a: Walking Wake|Walking Wake|100\/100\n|turn|5\n|\n|t:|1699984233\n|move|p2a: Walking Wake|Hydro Steam|p1a: Shiroyama\n|-damage|p1a: Shiroyama|4\/100\n|move|p1a: Shiroyama|Clanging Scales|p2a: Walking Wake\n|-supereffective|p2a: Walking Wake\n|-damage|p2a: Walking Wake|0 fnt\n|faint|p2a: Walking Wake\n|-end|p2a: Walking Wake|Protosynthesis|[silent]\n|-unboost|p1a: Shiroyama|def|1\n|\n|upkeep\n|\n|t:|1699984238\n|switch|p2a: Palafin|Palafin, F|100\/100\n|turn|6\n|\n|t:|1699984241\n|move|p2a: Palafin|Flip Turn|p1a: Shiroyama\n|-damage|p1a: Shiroyama|0 fnt\n|faint|p1a: Shiroyama\n|\n|t:|1699984244\n|detailschange|p2a: Palafin|Palafin-Hero, F\n|switch|p2a: Pelipper|Pelipper, F|100\/100|[from] Flip Turn\n|\n|upkeep\n|\n|t:|1699984255\n|switch|p1a: Iron (Head) Man|Jirachi|100\/100\n|-damage|p1a: Iron (Head) Man|76\/100|[from] Spikes\n|turn|7\n|c|\u2606AlicieLizzie|did you forget to give pelipper drizzle?\n|c|\u2606GamOurs|...LOL I DIDN'T PUT THE GOO TALENT I'M DUMB\n|c|\u2606AlicieLizzie|lmao\n|\n|t:|1699984281\n|move|p1a: Iron (Head) Man|Iron Head|p2a: Pelipper\n|-resisted|p2a: Pelipper\n|-damage|p2a: Pelipper|83\/100\n|cant|p2a: Pelipper|flinch\n|\n|upkeep\n|turn|8\n|\n|t:|1699984285\n|move|p1a: Iron (Head) Man|Iron Head|p2a: Pelipper\n|-resisted|p2a: Pelipper\n|-damage|p2a: Pelipper|65\/100\n|cant|p2a: Pelipper|flinch\n|\n|upkeep\n|turn|9\n|\n|t:|1699984288\n|move|p1a: Iron (Head) Man|Iron Head|p2a: Pelipper\n|-resisted|p2a: Pelipper\n|-damage|p2a: Pelipper|45\/100\n|move|p2a: Pelipper|U-turn|p1a: Iron (Head) Man\n|-damage|p1a: Iron (Head) Man|66\/100\n|\n|t:|1699984292\n|switch|p2a: Palafin|Palafin-Hero, F|100\/100|[from] U-turn\n|-activate|p2a: Palafin|ability: Zero to Hero\n|\n|upkeep\n|turn|10\n|\n|t:|1699984296\n|move|p1a: Iron (Head) Man|Iron Head|p2a: Palafin\n|-resisted|p2a: Palafin\n|-damage|p2a: Palafin|82\/100\n|cant|p2a: Palafin|flinch\n|\n|upkeep\n|turn|11\n|\n|t:|1699984300\n|move|p1a: Iron (Head) Man|Iron Head|p2a: Palafin\n|-resisted|p2a: Palafin\n|-damage|p2a: Palafin|65\/100\n|move|p2a: Palafin|Wave Crash|p1a: Iron (Head) Man\n|-damage|p1a: Iron (Head) Man|0 fnt\n|faint|p1a: Iron (Head) Man\n|-damage|p2a: Palafin|43\/100|[from] Recoil\n|\n|upkeep\n|\n|t:|1699984306\n|switch|p1a: Money|Gholdengo|100\/100\n|-damage|p1a: Money|76\/100|[from] Spikes\n|turn|12\n|\n|t:|1699984312\n|move|p2a: Palafin|Wave Crash|p1a: Money\n|-damage|p1a: Money|0 fnt\n|faint|p1a: Money\n|-damage|p2a: Palafin|20\/100|[from] Recoil\n|\n|upkeep\n|\n|t:|1699984318\n|switch|p1a: Jump in the Fire|Arceus-Fire|100\/100\n|-damage|p1a: Jump in the Fire|76\/100|[from] Spikes\n|turn|13\n|\n|t:|1699984321\n|move|p1a: Jump in the Fire|Extreme Speed|p2a: Palafin\n|-damage|p2a: Palafin|0 fnt\n|faint|p2a: Palafin\n|\n|upkeep\n|\n|t:|1699984327\n|switch|p2a: Urshifu|Urshifu-Rapid-Strike, M|100\/100\n|turn|14\n|\n|t:|1699984334\n|move|p1a: Jump in the Fire|Extreme Speed|p2a: Urshifu\n|-damage|p2a: Urshifu|72\/100\n|move|p2a: Urshifu|Surging Strikes|p1a: Jump in the Fire\n|-supereffective|p1a: Jump in the Fire\n|-crit|p1a: Jump in the Fire\n|-damage|p1a: Jump in the Fire|38\/100\n|-supereffective|p1a: Jump in the Fire\n|-crit|p1a: Jump in the Fire\n|-damage|p1a: Jump in the Fire|0 fnt\n|faint|p1a: Jump in the Fire\n|-hitcount|p1: Jump in the Fire|2\n|\n|upkeep\n|\n|t:|1699984339\n|switch|p1a: Round and Round|Cyclizar, M|84\/100\n|turn|15\n|\n|t:|1699984344\n|move|p1a: Round and Round|Shed Tail|p1a: Round and Round\n|-start|p1a: Round and Round|Substitute|[from] move: Shed Tail\n|-damage|p1a: Round and Round|33\/100\n|\n|t:|1699984345\n|switch|p1a: WelcomeToTheJungle|Ursaluna, M|100\/100|[from] Shed Tail\n|-damage|p1a: WelcomeToTheJungle|76\/100|[from] Spikes\n|move|p2a: Urshifu|Surging Strikes|p1a: WelcomeToTheJungle\n|-supereffective|p1a: WelcomeToTheJungle\n|-crit|p1a: WelcomeToTheJungle\n|-end|p1a: WelcomeToTheJungle|Substitute\n|-supereffective|p1a: WelcomeToTheJungle\n|-crit|p1a: WelcomeToTheJungle\n|-damage|p1a: WelcomeToTheJungle|37\/100\n|-supereffective|p1a: WelcomeToTheJungle\n|-crit|p1a: WelcomeToTheJungle\n|-damage|p1a: WelcomeToTheJungle|0 fnt\n|faint|p1a: WelcomeToTheJungle\n|-hitcount|p1: WelcomeToTheJungle|3\n|\n|upkeep\n|\n|t:|1699984349\n|switch|p1a: Round and Round|Cyclizar, M|67\/100\n|turn|16\n|\n|t:|1699984353\n|switch|p2a: Pelipper|Pelipper, F|45\/100\n|move|p1a: Round and Round|Knock Off|p2a: Pelipper\n|-damage|p2a: Pelipper|23\/100\n|-enditem|p2a: Pelipper|Heavy-Duty Boots|[from] move: Knock Off|[of] p1a: Round and Round\n|\n|upkeep\n|turn|17\n|c|\u2606AlicieLizzie|gg\n|\n|t:|1699984359\n|move|p1a: Round and Round|Rapid Spin|p2a: Pelipper\n|-damage|p2a: Pelipper|5\/100\n|-boost|p1a: Round and Round|spe|1\n|-sideend|p1: AlicieLizzie|Spikes|[from] move: Rapid Spin|[of] p1a: Round and Round\n|move|p2a: Pelipper|Chilling Water|p1a: Round and Round\n|-resisted|p1a: Round and Round\n|-damage|p1a: Round and Round|55\/100\n|-unboost|p1a: Round and Round|atk|1\n|\n|upkeep\n|turn|18\n|c|\u2606GamOurs|GG\n|\n|t:|1699984364\n|move|p1a: Round and Round|Rapid Spin|p2a: Pelipper\n|-damage|p2a: Pelipper|0 fnt\n|-boost|p1a: Round and Round|spe|1\n|faint|p2a: Pelipper\n|\n|upkeep\n|\n|t:|1699984365\n|switch|p2a: Magearna|Magearna|100\/100\n|turn|19\n|\n|t:|1699984369\n|move|p1a: Round and Round|Knock Off|p2a: Magearna\n|-resisted|p2a: Magearna\n|-damage|p2a: Magearna|94\/100\n|-enditem|p2a: Magearna|Assault Vest|[from] move: Knock Off|[of] p1a: Round and Round\n|move|p2a: Magearna|Fleur Cannon|p1a: Round and Round\n|-supereffective|p1a: Round and Round\n|-damage|p1a: Round and Round|0 fnt\n|-unboost|p2a: Magearna|spa|2\n|faint|p1a: Round and Round\n|\n|win|GamOurs\n|l|\u2606GamOurs\n","uploadtime":1699984374,"views":7,"p1id":"alicielizzie","p2id":"gamours","formatid":"gen9ubers","rating":0,"private":0,"password":""}