{"id":"gen9ubers-1971133491","p1":"Paulwks","p2":"Snorlaxchef","format":"[Gen 9] Ubers","log":"|j|\u2606Paulwks\n|j|\u2606Snorlaxchef\n|t:|1697711010\n|gametype|singles\n|player|p1|Paulwks|bruno|1250\n|player|p2|Snorlaxchef|baker|1495\n|teamsize|p1|6\n|teamsize|p2|6\n|gen|9\n|tier|[Gen 9] Ubers\n|rated|\n|rule|Sleep Clause Mod: Limit one foe put to sleep\n|rule|Species Clause: Limit one of each Pok\u00e9mon\n|rule|OHKO Clause: OHKO moves are banned\n|rule|Evasion Items Clause: Evasion items are banned\n|rule|Evasion Moves Clause: Evasion moves are banned\n|rule|Endless Battle Clause: Forcing endless battles is banned\n|rule|HP Percentage Mod: HP is shown in percentages\n|clearpoke\n|poke|p1|Chien-Pao|\n|poke|p1|Gholdengo|\n|poke|p1|Tyranitar, M|\n|poke|p1|Zacian-*|\n|poke|p1|Miraidon|\n|poke|p1|Roaring Moon|\n|poke|p2|Corviknight, F|\n|poke|p2|Blissey, F|\n|poke|p2|Clodsire, F|\n|poke|p2|Toxapex, M|\n|poke|p2|Dondozo, F|\n|poke|p2|Skeledirge, M|\n|teampreview\n|inactive|Battle timer is ON: inactive players will automatically lose when time's up. (requested by Snorlaxchef)\n|inactive|Paulwks also wants the timer to be on.\n|inactive|Snorlaxchef has 120 seconds left.\n|\n|t:|1697711070\n|start\n|switch|p1a: Zacian|Zacian-Crowned|100\/100\n|switch|p2a: Blissey|Blissey, F, shiny|100\/100\n|-ability|p1a: Zacian|Intrepid Sword|boost\n|-boost|p1a: Zacian|atk|1\n|turn|1\n|\n|t:|1697711078\n|switch|p2a: Skeledirge|Skeledirge, M|100\/100\n|move|p1a: Zacian|Play Rough|p2a: Skeledirge|[miss]\n|-miss|p1a: Zacian|p2a: Skeledirge\n|\n|upkeep\n|turn|2\n|\n|t:|1697711086\n|switch|p1a: Tyranitar|Tyranitar, M|100\/100\n|-weather|Sandstorm|[from] ability: Sand Stream|[of] p1a: Tyranitar\n|move|p2a: Skeledirge|Will-O-Wisp|p1a: Tyranitar\n|-status|p1a: Tyranitar|brn\n|\n|-weather|Sandstorm|[upkeep]\n|-damage|p2a: Skeledirge|94\/100|[from] Sandstorm\n|-damage|p1a: Tyranitar|94\/100 brn|[from] brn\n|upkeep\n|turn|3\n|\n|t:|1697711095\n|switch|p2a: Toxapex|Toxapex, M|100\/100\n|move|p1a: Tyranitar|Crunch|p2a: Toxapex\n|-damage|p2a: Toxapex|91\/100\n|-damage|p1a: Tyranitar|78\/100 brn|[from] item: Rocky Helmet|[of] p2a: Toxapex\n|\n|-weather|Sandstorm|[upkeep]\n|-damage|p2a: Toxapex|84\/100|[from] Sandstorm\n|-damage|p1a: Tyranitar|72\/100 brn|[from] brn\n|upkeep\n|turn|4\n|\n|t:|1697711106\n|switch|p1a: Zacian|Zacian-Crowned|100\/100\n|move|p2a: Toxapex|Infestation|p1a: Zacian\n|-resisted|p1a: Zacian\n|-damage|p1a: Zacian|99\/100\n|-activate|p1a: Zacian|move: Infestation|[of] p2a: Toxapex\n|\n|-weather|Sandstorm|[upkeep]\n|-damage|p2a: Toxapex|78\/100|[from] Sandstorm\n|-damage|p1a: Zacian|88\/100|[from] move: Infestation|[partiallytrapped]\n|upkeep\n|turn|5\n|\n|t:|1697711135\n|switch|p2a: Skeledirge|Skeledirge, M|94\/100\n|move|p1a: Zacian|Wild Charge|p2a: Skeledirge\n|-damage|p2a: Skeledirge|74\/100\n|-damage|p1a: Zacian|81\/100|[from] Recoil\n|\n|-weather|Sandstorm|[upkeep]\n|-damage|p2a: Skeledirge|68\/100|[from] Sandstorm\n|-end|p1a: Zacian|Infestation|[partiallytrapped]|[silent]\n|upkeep\n|turn|6\n|\n|t:|1697711145\n|switch|p1a: Tyranitar|Tyranitar, M|72\/100 brn\n|move|p2a: Skeledirge|Slack Off|p2a: Skeledirge\n|-heal|p2a: Skeledirge|100\/100\n|\n|-weather|none\n|-damage|p1a: Tyranitar|65\/100 brn|[from] brn\n|upkeep\n|turn|7\n|\n|t:|1697711156\n|switch|p2a: Corviknight|Corviknight, F, shiny|100\/100\n|-ability|p2a: Corviknight|Pressure\n|move|p1a: Tyranitar|Crunch|p2a: Corviknight\n|-damage|p2a: Corviknight|89\/100\n|\n|-heal|p2a: Corviknight|95\/100|[from] item: Leftovers\n|-damage|p1a: Tyranitar|59\/100 brn|[from] brn\n|upkeep\n|turn|8\n|\n|t:|1697711169\n|switch|p1a: Miraidon|Miraidon|100\/100\n|-fieldstart|move: Electric Terrain|[from] ability: Hadron Engine|[of] p1a: Miraidon\n|move|p2a: Corviknight|Steel Wing|p1a: Miraidon\n|-resisted|p1a: Miraidon\n|-damage|p1a: Miraidon|90\/100\n|\n|-heal|p2a: Corviknight|100\/100|[from] item: Leftovers\n|upkeep\n|turn|9\n|\n|t:|1697711180\n|move|p2a: Corviknight|Protect|p2a: Corviknight\n|-singleturn|p2a: Corviknight|Protect\n|move|p1a: Miraidon|Draco Meteor|p2a: Corviknight\n|-activate|p2a: Corviknight|move: Protect\n|\n|upkeep\n|turn|10\n|\n|t:|1697711187\n|switch|p2a: Blissey|Blissey, F, shiny|100\/100\n|move|p1a: Miraidon|Draco Meteor|p2a: Blissey\n|-damage|p2a: Blissey|60\/100\n|-unboost|p1a: Miraidon|spa|2\n|\n|upkeep\n|turn|11\n|\n|t:|1697711200\n|switch|p1a: Roaring Moon|Roaring Moon|100\/100\n|move|p2a: Blissey|Stealth Rock|p1a: Roaring Moon\n|-sidestart|p1: Paulwks|move: Stealth Rock\n|\n|upkeep\n|turn|12\n|\n|t:|1697711207\n|switch|p2a: Skeledirge|Skeledirge, M|100\/100\n|move|p1a: Roaring Moon|Dragon Dance|p1a: Roaring Moon\n|-boost|p1a: Roaring Moon|atk|1\n|-boost|p1a: Roaring Moon|spe|1\n|\n|-fieldend|move: Electric Terrain\n|upkeep\n|turn|13\n|\n|t:|1697711213\n|-end|p1a: Roaring Moon|Protosynthesis|[silent]\n|switch|p1a: Tyranitar|Tyranitar, M|59\/100 brn\n|-damage|p1a: Tyranitar|47\/100 brn|[from] Stealth Rock\n|-weather|Sandstorm|[from] ability: Sand Stream|[of] p1a: Tyranitar\n|move|p2a: Skeledirge|Will-O-Wisp|p1a: Tyranitar\n|-fail|p1a: Tyranitar|brn\n|\n|-weather|Sandstorm|[upkeep]\n|-damage|p2a: Skeledirge|94\/100|[from] Sandstorm\n|-damage|p1a: Tyranitar|41\/100 brn|[from] brn\n|upkeep\n|turn|14\n|\n|t:|1697711232\n|move|p2a: Skeledirge|Torch Song|p1a: Tyranitar\n|-resisted|p1a: Tyranitar\n|-damage|p1a: Tyranitar|37\/100 brn\n|-boost|p2a: Skeledirge|spa|1\n|move|p1a: Tyranitar|Crunch|p2a: Skeledirge\n|-supereffective|p2a: Skeledirge\n|-damage|p2a: Skeledirge|74\/100\n|\n|-weather|Sandstorm|[upkeep]\n|-damage|p2a: Skeledirge|68\/100|[from] Sandstorm\n|-damage|p1a: Tyranitar|31\/100 brn|[from] brn\n|upkeep\n|turn|15\n|\n|t:|1697711253\n|move|p2a: Skeledirge|Hex|p1a: Tyranitar\n|-resisted|p1a: Tyranitar\n|-damage|p1a: Tyranitar|21\/100 brn\n|move|p1a: Tyranitar|Crunch|p2a: Skeledirge\n|-supereffective|p2a: Skeledirge\n|-damage|p2a: Skeledirge|47\/100\n|\n|-weather|Sandstorm|[upkeep]\n|-damage|p2a: Skeledirge|41\/100|[from] Sandstorm\n|-damage|p1a: Tyranitar|15\/100 brn|[from] brn\n|upkeep\n|turn|16\n|inactive|Paulwks has 120 seconds left.\n|\n|t:|1697711295\n|move|p2a: Skeledirge|Slack Off|p2a: Skeledirge\n|-heal|p2a: Skeledirge|91\/100\n|move|p1a: Tyranitar|Crunch|p2a: Skeledirge\n|-supereffective|p2a: Skeledirge\n|-damage|p2a: Skeledirge|70\/100\n|\n|-weather|Sandstorm|[upkeep]\n|-damage|p2a: Skeledirge|64\/100|[from] Sandstorm\n|-damage|p1a: Tyranitar|8\/100 brn|[from] brn\n|upkeep\n|turn|17\n|\n|t:|1697711310\n|move|p2a: Skeledirge|Slack Off|p2a: Skeledirge\n|-heal|p2a: Skeledirge|100\/100\n|move|p1a: Tyranitar|Crunch|p2a: Skeledirge\n|-supereffective|p2a: Skeledirge\n|-damage|p2a: Skeledirge|81\/100\n|\n|-weather|none\n|-damage|p1a: Tyranitar|2\/100 brn|[from] brn\n|upkeep\n|turn|18\n|\n|t:|1697711333\n|move|p2a: Skeledirge|Hex|p1a: Tyranitar\n|-resisted|p1a: Tyranitar\n|-damage|p1a: Tyranitar|0 fnt\n|faint|p1a: Tyranitar\n|\n|upkeep\n|\n|t:|1697711341\n|switch|p1a: Chien-Pao|Chien-Pao|100\/100\n|-damage|p1a: Chien-Pao|76\/100|[from] Stealth Rock\n|-ability|p1a: Chien-Pao|Sword of Ruin\n|turn|19\n|\n|t:|1697711350\n|switch|p2a: Dondozo|Dondozo, F, shiny|100\/100\n|move|p1a: Chien-Pao|Crunch|p2a: Dondozo\n|-damage|p2a: Dondozo|77\/100\n|\n|upkeep\n|turn|20\n|\n|t:|1697711356\n|move|p1a: Chien-Pao|Crunch|p2a: Dondozo\n|-damage|p2a: Dondozo|54\/100\n|move|p2a: Dondozo|Curse|p2a: Dondozo\n|-unboost|p2a: Dondozo|spe|1\n|-boost|p2a: Dondozo|atk|1\n|-boost|p2a: Dondozo|def|1\n|\n|upkeep\n|turn|21\n|\n|t:|1697711366\n|switch|p1a: Gholdengo|Gholdengo|100\/100\n|-damage|p1a: Gholdengo|94\/100|[from] Stealth Rock\n|move|p2a: Dondozo|Rest|p2a: Dondozo\n|-status|p2a: Dondozo|slp|[from] move: Rest\n|-heal|p2a: Dondozo|100\/100 slp|[silent]\n|\n|-heal|p1a: Gholdengo|100\/100|[from] item: Leftovers\n|upkeep\n|turn|22\n|inactive|Snorlaxchef has 120 seconds left.\n|\n|t:|1697711404\n|switch|p2a: Clodsire|Clodsire, F|100\/100\n|move|p1a: Gholdengo|Nasty Plot|p1a: Gholdengo\n|-boost|p1a: Gholdengo|spa|2\n|\n|upkeep\n|turn|23\n|\n|t:|1697711411\n|move|p1a: Gholdengo|Make It Rain|p2a: Clodsire\n|-damage|p2a: Clodsire|64\/100\n|-unboost|p1a: Gholdengo|spa|1\n|move|p2a: Clodsire|Earthquake|p1a: Gholdengo\n|-supereffective|p1a: Gholdengo\n|-damage|p1a: Gholdengo|46\/100\n|\n|-heal|p1a: Gholdengo|52\/100|[from] item: Leftovers\n|upkeep\n|turn|24\n|inactive|Paulwks has 120 seconds left.\n|\n|t:|1697711427\n|move|p1a: Gholdengo|Shadow Ball|p2a: Clodsire\n|-damage|p2a: Clodsire|40\/100\n|move|p2a: Clodsire|Recover|p2a: Clodsire\n|-heal|p2a: Clodsire|90\/100\n|\n|-heal|p1a: Gholdengo|58\/100|[from] item: Leftovers\n|upkeep\n|turn|25\n|\n|t:|1697711438\n|move|p1a: Gholdengo|Recover|p1a: Gholdengo\n|-heal|p1a: Gholdengo|100\/100\n|move|p2a: Clodsire|Spikes|p1a: Gholdengo\n|-sidestart|p1: Paulwks|Spikes\n|\n|upkeep\n|turn|26\n|\n|t:|1697711445\n|move|p1a: Gholdengo|Nasty Plot|p1a: Gholdengo\n|-boost|p1a: Gholdengo|spa|2\n|move|p2a: Clodsire|Earthquake|p1a: Gholdengo\n|-supereffective|p1a: Gholdengo\n|-damage|p1a: Gholdengo|52\/100\n|\n|-heal|p1a: Gholdengo|58\/100|[from] item: Leftovers\n|upkeep\n|turn|27\n|\n|t:|1697711452\n|move|p1a: Gholdengo|Make It Rain|p2a: Clodsire\n|-damage|p2a: Clodsire|55\/100\n|-unboost|p1a: Gholdengo|spa|1\n|move|p2a: Clodsire|Earthquake|p1a: Gholdengo\n|-supereffective|p1a: Gholdengo\n|-damage|p1a: Gholdengo|9\/100\n|\n|-heal|p1a: Gholdengo|15\/100|[from] item: Leftovers\n|upkeep\n|turn|28\n|\n|t:|1697711465\n|move|p1a: Gholdengo|Recover|p1a: Gholdengo\n|-heal|p1a: Gholdengo|65\/100\n|move|p2a: Clodsire|Recover|p2a: Clodsire\n|-heal|p2a: Clodsire|100\/100\n|\n|-heal|p1a: Gholdengo|71\/100|[from] item: Leftovers\n|upkeep\n|turn|29\n|\n|t:|1697711471\n|move|p1a: Gholdengo|Nasty Plot|p1a: Gholdengo\n|-boost|p1a: Gholdengo|spa|2\n|move|p2a: Clodsire|Earthquake|p1a: Gholdengo\n|-supereffective|p1a: Gholdengo\n|-damage|p1a: Gholdengo|15\/100\n|\n|-heal|p1a: Gholdengo|21\/100|[from] item: Leftovers\n|upkeep\n|turn|30\n|\n|t:|1697711479\n|move|p1a: Gholdengo|Make It Rain|p2a: Clodsire\n|-damage|p2a: Clodsire|61\/100\n|-unboost|p1a: Gholdengo|spa|1\n|move|p2a: Clodsire|Earthquake|p1a: Gholdengo\n|-supereffective|p1a: Gholdengo\n|-damage|p1a: Gholdengo|0 fnt\n|faint|p1a: Gholdengo\n|\n|upkeep\n|\n|t:|1697711488\n|switch|p1a: Roaring Moon|Roaring Moon|100\/100\n|-damage|p1a: Roaring Moon|88\/100|[from] Stealth Rock\n|-damage|p1a: Roaring Moon|76\/100|[from] Spikes\n|turn|31\n|\n|t:|1697711499\n|move|p1a: Roaring Moon|Dragon Dance|p1a: Roaring Moon\n|-boost|p1a: Roaring Moon|atk|1\n|-boost|p1a: Roaring Moon|spe|1\n|move|p2a: Clodsire|Toxic|p1a: Roaring Moon\n|-status|p1a: Roaring Moon|tox\n|\n|-damage|p1a: Roaring Moon|70\/100 tox|[from] psn\n|upkeep\n|turn|32\n|\n|t:|1697711507\n|switch|p2a: Skeledirge|Skeledirge, M|81\/100\n|move|p1a: Roaring Moon|Dragon Dance|p1a: Roaring Moon\n|-boost|p1a: Roaring Moon|atk|1\n|-boost|p1a: Roaring Moon|spe|1\n|\n|-damage|p1a: Roaring Moon|58\/100 tox|[from] psn\n|upkeep\n|turn|33\n|\n|t:|1697711519\n|move|p1a: Roaring Moon|Crunch|p2a: Skeledirge\n|-supereffective|p2a: Skeledirge\n|-damage|p2a: Skeledirge|3\/100\n|-damage|p1a: Roaring Moon|48\/100 tox|[from] item: Life Orb\n|move|p2a: Skeledirge|Slack Off|p2a: Skeledirge\n|-heal|p2a: Skeledirge|53\/100\n|\n|-damage|p1a: Roaring Moon|30\/100 tox|[from] psn\n|upkeep\n|turn|34\n|\n|t:|1697711536\n|switch|p2a: Dondozo|Dondozo, F, shiny|100\/100 slp\n|move|p1a: Roaring Moon|Crunch|p2a: Dondozo\n|-damage|p2a: Dondozo|73\/100 slp\n|-unboost|p2a: Dondozo|def|1\n|-damage|p1a: Roaring Moon|20\/100 tox|[from] item: Life Orb\n|\n|-damage|p1a: Roaring Moon|0 fnt|[from] psn\n|faint|p1a: Roaring Moon\n|-end|p1a: Roaring Moon|Protosynthesis|[silent]\n|upkeep\n|\n|t:|1697711548\n|switch|p1a: Miraidon|Miraidon|90\/100\n|-damage|p1a: Miraidon|78\/100|[from] Stealth Rock\n|-damage|p1a: Miraidon|65\/100|[from] Spikes\n|-fieldstart|move: Electric Terrain|[from] ability: Hadron Engine|[of] p1a: Miraidon\n|turn|35\n|\n|t:|1697711558\n|switch|p2a: Blissey|Blissey, F, shiny|60\/100\n|move|p1a: Miraidon|Draco Meteor|p2a: Blissey\n|-damage|p2a: Blissey|18\/100\n|-unboost|p1a: Miraidon|spa|2\n|\n|upkeep\n|turn|36\n|\n|t:|1697711568\n|move|p1a: Miraidon|Draco Meteor|p2a: Blissey|[miss]\n|-miss|p1a: Miraidon|p2a: Blissey\n|move|p2a: Blissey|Soft-Boiled|p2a: Blissey\n|-heal|p2a: Blissey|68\/100\n|\n|upkeep\n|turn|37\n|\n|t:|1697711575\n|move|p1a: Miraidon|Draco Meteor|p2a: Blissey\n|-damage|p2a: Blissey|50\/100\n|-unboost|p1a: Miraidon|spa|2\n|move|p2a: Blissey|Soft-Boiled|p2a: Blissey\n|-heal|p2a: Blissey|99\/100\n|\n|upkeep\n|turn|38\n|c|\u2606Paulwks|nice stall\n|c|\u2606Paulwks|qwyu fcking afgot piuece of shit\n|c|\u2606Paulwks|we\n|c|\u2606Paulwks|f\n|c|\u2606Paulwks|\u00e7qe3w\n|c|\u2606Paulwks|\u00e7fqew\n|c|\u2606Paulwks|\u00e7\n|c|\u2606Paulwks|qVBr324\n|l|\u2606Paulwks\n|inactive|Paulwks disconnected and has a minute to reconnect!\n|player|p1|\n|inactive|Paulwks has 30 seconds to reconnect!\n|inactive|Paulwks has 20 seconds to reconnect!\n|inactive|Paulwks has 15 seconds to reconnect!\n|inactive|Paulwks has 10 seconds to reconnect!\n|inactive|Paulwks has 5 seconds to reconnect!\n|-message|Paulwks lost due to inactivity.\n|\n|win|Snorlaxchef\n|raw|Paulwks's rating: 1250 &rarr; <strong>1240<\/strong><br \/>(-10 for losing)\n|raw|Snorlaxchef's rating: 1495 &rarr; <strong>1503<\/strong><br \/>(+8 for winning)\n","uploadtime":1697711591,"views":17,"p1id":"paulwks","p2id":"snorlaxchef","formatid":"gen9ubers","rating":1240,"private":0,"password":""}