{"id":"gen9ubers-1973389896","p1":"AB The Goat","p2":"Abubakrcl7","format":"[Gen 9] Ubers","log":"|j|\u203dAB The Goat\n|j|\u2606Abubakrcl7\n|t:|1697967041\n|gametype|singles\n|player|p1|AB The Goat|silver-masters|\n|player|p2|Abubakrcl7|102|\n|teamsize|p1|6\n|teamsize|p2|6\n|gen|9\n|tier|[Gen 9] Ubers\n|rated|Tournament battle\n|rule|Sleep Clause Mod: Limit one foe put to sleep\n|rule|Species Clause: Limit one of each Pok\u00e9mon\n|rule|OHKO Clause: OHKO moves are banned\n|rule|Evasion Items Clause: Evasion items are banned\n|rule|Evasion Moves Clause: Evasion moves are banned\n|rule|Endless Battle Clause: Forcing endless battles is banned\n|rule|HP Percentage Mod: HP is shown in percentages\n|clearpoke\n|poke|p1|Koraidon|\n|poke|p1|Arceus-Fairy|\n|poke|p1|Toxapex, M|\n|poke|p1|Ting-Lu|\n|poke|p1|Zacian-*|\n|poke|p1|Miraidon|\n|poke|p2|Urshifu-*, M|\n|poke|p2|Regieleki|\n|poke|p2|Ursaluna-Bloodmoon, M|\n|poke|p2|Ogerpon-Hearthflame, F|\n|poke|p2|Kyogre|\n|poke|p2|Giratina|\n|teampreview\n|inactive|Battle timer is ON: inactive players will automatically lose when time's up. (requested by AB The Goat)\n|j| ZowwyCafe\u2764\n|\n|t:|1697967058\n|start\n|switch|p1a: Koraidon|Koraidon|100\/100\n|switch|p2a: Kyogre|Kyogre, shiny|100\/100\n|-weather|SunnyDay|[from] ability: Orichalcum Pulse|[of] p1a: Koraidon\n|-activate|p1a: Koraidon|Orichalcum Pulse|[source]\n|-weather|RainDance|[from] ability: Drizzle|[of] p2a: Kyogre\n|turn|1\n|j| Abi Eshuh\n|\n|t:|1697967070\n|move|p1a: Koraidon|Low Kick|p2a: Kyogre\n|-damage|p2a: Kyogre|19\/100\n|move|p2a: Kyogre|Thunder Wave|p1a: Koraidon\n|-status|p1a: Koraidon|par\n|\n|-weather|RainDance|[upkeep]\n|upkeep\n|turn|2\n|\n|t:|1697967078\n|switch|p1a: Zacian|Zacian-Crowned|100\/100\n|-ability|p1a: Zacian|Intrepid Sword|boost\n|-boost|p1a: Zacian|atk|1\n|move|p2a: Kyogre|Origin Pulse|p1a: Zacian\n|-damage|p1a: Zacian|0 fnt\n|faint|p1a: Zacian\n|-damage|p2a: Kyogre|9\/100|[from] item: Life Orb\n|\n|-weather|RainDance|[upkeep]\n|upkeep\n|\n|t:|1697967084\n|switch|p1a: Arceus|Arceus-Fairy|100\/100\n|turn|3\n|c|\u2606Abubakrcl7|glhf\n|\n|t:|1697967097\n|move|p1a: Arceus|Judgment|p2a: Kyogre\n|-damage|p2a: Kyogre|0 fnt\n|faint|p2a: Kyogre\n|\n|-weather|RainDance|[upkeep]\n|upkeep\n|\n|t:|1697967105\n|switch|p2a: Ursaluna|Ursaluna-Bloodmoon, M|100\/100\n|turn|4\n|j|%shrang\n|\n|t:|1697967114\n|switch|p1a: Ting-Lu|Ting-Lu|100\/100\n|-ability|p1a: Ting-Lu|Vessel of Ruin\n|move|p2a: Ursaluna|Calm Mind|p2a: Ursaluna\n|-boost|p2a: Ursaluna|spa|1\n|-boost|p2a: Ursaluna|spd|1\n|\n|-weather|RainDance|[upkeep]\n|upkeep\n|turn|5\n|\n|t:|1697967122\n|move|p2a: Ursaluna|Blood Moon|p1a: Ting-Lu\n|-damage|p1a: Ting-Lu|53\/100\n|move|p1a: Ting-Lu|Spikes|p2a: Ursaluna\n|-sidestart|p2: Abubakrcl7|Spikes\n|\n|-weather|none\n|-heal|p1a: Ting-Lu|59\/100|[from] item: Leftovers\n|upkeep\n|turn|6\n|\n|t:|1697967125\n|move|p2a: Ursaluna|Moonblast|p1a: Ting-Lu\n|-supereffective|p1a: Ting-Lu\n|-damage|p1a: Ting-Lu|15\/100\n|move|p1a: Ting-Lu|Whirlwind|p2a: Ursaluna\n|drag|p2a: Ogerpon|Ogerpon-Hearthflame, F|100\/100\n|-damage|p2a: Ogerpon|88\/100|[from] Spikes\n|-ability|p2a: Ogerpon|Mold Breaker\n|\n|-heal|p1a: Ting-Lu|22\/100|[from] item: Leftovers\n|upkeep\n|turn|7\n|\n|t:|1697967133\n|switch|p1a: Miraidon|Miraidon|100\/100\n|-fieldstart|move: Electric Terrain|[from] ability: Hadron Engine|[of] p1a: Miraidon\n|move|p2a: Ogerpon|Swords Dance|p2a: Ogerpon\n|-boost|p2a: Ogerpon|atk|2\n|\n|upkeep\n|turn|8\n|\n|t:|1697967138\n|move|p1a: Miraidon|Draco Meteor|p2a: Ogerpon\n|-damage|p2a: Ogerpon|0 fnt\n|-unboost|p1a: Miraidon|spa|2\n|faint|p2a: Ogerpon\n|\n|upkeep\n|\n|t:|1697967141\n|switch|p2a: Giratina|Giratina, shiny|100\/100\n|-damage|p2a: Giratina|88\/100|[from] Spikes\n|-ability|p2a: Giratina|Pressure\n|turn|9\n|\n|t:|1697967150\n|move|p1a: Miraidon|Taunt|p2a: Giratina\n|-start|p2a: Giratina|move: Taunt\n|move|p2a: Giratina|Shadow Ball|p1a: Miraidon\n|-damage|p1a: Miraidon|69\/100\n|\n|-heal|p2a: Giratina|94\/100|[from] item: Leftovers\n|upkeep\n|turn|10\n|l|%shrang\n|\n|t:|1697967156\n|switch|p1a: Arceus|Arceus-Fairy|100\/100\n|move|p2a: Giratina|Dragon Pulse|p1a: Arceus\n|-immune|p1a: Arceus\n|\n|-heal|p2a: Giratina|99\/100|[from] item: Leftovers\n|upkeep\n|turn|11\n|\n|t:|1697967161\n|move|p1a: Arceus|Stealth Rock|p2a: Giratina\n|-sidestart|p2: Abubakrcl7|move: Stealth Rock\n|move|p2a: Giratina|Shadow Ball|p1a: Arceus\n|-damage|p1a: Arceus|73\/100\n|\n|-heal|p2a: Giratina|100\/100|[from] item: Leftovers\n|-end|p2a: Giratina|move: Taunt\n|-fieldend|move: Electric Terrain\n|upkeep\n|turn|12\n|\n|t:|1697967165\n|move|p1a: Arceus|Taunt|p2a: Giratina\n|-start|p2a: Giratina|move: Taunt\n|move|p2a: Giratina|Shadow Ball|p1a: Arceus\n|-damage|p1a: Arceus|47\/100\n|\n|upkeep\n|turn|13\n|\n|t:|1697967169\n|move|p1a: Arceus|Judgment|p2a: Giratina\n|-supereffective|p2a: Giratina\n|-damage|p2a: Giratina|48\/100\n|move|p2a: Giratina|Shadow Ball|p1a: Arceus\n|-damage|p1a: Arceus|22\/100\n|\n|-heal|p2a: Giratina|54\/100|[from] item: Leftovers\n|upkeep\n|turn|14\n|\n|t:|1697967175\n|move|p1a: Arceus|Recover|p1a: Arceus\n|-heal|p1a: Arceus|72\/100\n|move|p2a: Giratina|Shadow Ball|p1a: Arceus\n|-damage|p1a: Arceus|44\/100\n|\n|-heal|p2a: Giratina|60\/100|[from] item: Leftovers\n|-end|p2a: Giratina|move: Taunt\n|upkeep\n|turn|15\n|\n|t:|1697967179\n|move|p1a: Arceus|Taunt|p2a: Giratina\n|-start|p2a: Giratina|move: Taunt\n|move|p2a: Giratina|Shadow Ball|p1a: Arceus\n|-damage|p1a: Arceus|15\/100\n|\n|-heal|p2a: Giratina|66\/100|[from] item: Leftovers\n|upkeep\n|turn|16\n|\n|t:|1697967182\n|move|p1a: Arceus|Recover|p1a: Arceus\n|-heal|p1a: Arceus|65\/100\n|move|p2a: Giratina|Shadow Ball|p1a: Arceus\n|-damage|p1a: Arceus|37\/100\n|\n|-heal|p2a: Giratina|72\/100|[from] item: Leftovers\n|upkeep\n|turn|17\n|\n|t:|1697967187\n|move|p1a: Arceus|Judgment|p2a: Giratina\n|-supereffective|p2a: Giratina\n|-damage|p2a: Giratina|16\/100\n|move|p2a: Giratina|Shadow Ball|p1a: Arceus\n|-damage|p1a: Arceus|10\/100\n|\n|-heal|p2a: Giratina|22\/100|[from] item: Leftovers\n|-end|p2a: Giratina|move: Taunt\n|upkeep\n|turn|18\n|\n|t:|1697967191\n|move|p1a: Arceus|Judgment|p2a: Giratina\n|-supereffective|p2a: Giratina\n|-damage|p2a: Giratina|0 fnt\n|faint|p2a: Giratina\n|\n|upkeep\n|\n|t:|1697967195\n|switch|p2a: Regieleki|Regieleki, shiny|100\/100\n|-damage|p2a: Regieleki|88\/100|[from] Spikes\n|-damage|p2a: Regieleki|76\/100|[from] Stealth Rock\n|turn|19\n|j|%shrang\n|\n|t:|1697967202\n|-terastallize|p2a: Regieleki|Ice\n|move|p2a: Regieleki|Tera Blast|p1a: Arceus|[anim] Tera Blast Ice\n|-damage|p1a: Arceus|0 fnt\n|faint|p1a: Arceus\n|\n|upkeep\n|\n|t:|1697967215\n|switch|p1a: Koraidon|Koraidon|100\/100 par\n|-weather|SunnyDay|[from] ability: Orichalcum Pulse|[of] p1a: Koraidon\n|-activate|p1a: Koraidon|Orichalcum Pulse|[source]\n|turn|20\n|\n|t:|1697967223\n|move|p2a: Regieleki|Tera Blast|p1a: Koraidon|[anim] Tera Blast Ice\n|-supereffective|p1a: Koraidon\n|-damage|p1a: Koraidon|20\/100 par\n|move|p1a: Koraidon|Low Kick|p2a: Regieleki\n|-supereffective|p2a: Regieleki\n|-damage|p2a: Regieleki|0 fnt\n|faint|p2a: Regieleki\n|\n|-weather|SunnyDay|[upkeep]\n|upkeep\n|\n|t:|1697967230\n|switch|p2a: Ursaluna|Ursaluna-Bloodmoon, M|100\/100\n|-damage|p2a: Ursaluna|88\/100|[from] Spikes\n|-damage|p2a: Ursaluna|82\/100|[from] Stealth Rock\n|turn|21\n|\n|t:|1697967235\n|cant|p1a: Koraidon|par\n|move|p2a: Ursaluna|Blood Moon|p1a: Koraidon\n|-damage|p1a: Koraidon|0 fnt\n|faint|p1a: Koraidon\n|\n|-weather|SunnyDay|[upkeep]\n|upkeep\n|\n|t:|1697967239\n|switch|p1a: Miraidon|Miraidon|69\/100\n|-fieldstart|move: Electric Terrain|[from] ability: Hadron Engine|[of] p1a: Miraidon\n|turn|22\n|\n|t:|1697967243\n|move|p1a: Miraidon|Draco Meteor|p2a: Ursaluna\n|-damage|p2a: Ursaluna|0 fnt\n|-unboost|p1a: Miraidon|spa|2\n|faint|p2a: Ursaluna\n|\n|-weather|SunnyDay|[upkeep]\n|upkeep\n|\n|t:|1697967246\n|switch|p2a: Urshifu|Urshifu-Rapid-Strike, M|100\/100\n|-damage|p2a: Urshifu|88\/100|[from] Spikes\n|-damage|p2a: Urshifu|82\/100|[from] Stealth Rock\n|turn|23\n|\n|t:|1697967248\n|move|p1a: Miraidon|Electro Drift|p2a: Urshifu\n|-supereffective|p2a: Urshifu\n|-damage|p2a: Urshifu|0 fnt\n|faint|p2a: Urshifu\n|\n|win|AB The Goat\n|n|\u203dAB The Goat|abthegoat\n|n|\u2606Abubakrcl7|abubakrcl7\n|n| ZowwyCafe\u2764|zowwycafe\n|n| Abi Eshuh|abieshuh\n|n| shrang|shrang\n|c|\u2606Abubakrcl7|gg\n","uploadtime":1697967252,"views":16,"p1id":"abthegoat","p2id":"abubakrcl7","formatid":"gen9ubers","rating":0,"private":0,"password":""}