{"id":"gen9ubers-1994420238","p1":"MonkeyManStan","p2":"azurviz","format":"[Gen 9] Ubers","log":"|j|\u2606MonkeyManStan\n|j|\u2606azurviz\n|t:|1700441924\n|gametype|singles\n|player|p1|MonkeyManStan|chili|\n|player|p2|azurviz|teacher|\n|teamsize|p1|6\n|teamsize|p2|6\n|gen|9\n|tier|[Gen 9] Ubers\n|rule|Sleep Clause Mod: Limit one foe put to sleep\n|rule|Species Clause: Limit one of each Pok\u00e9mon\n|rule|OHKO Clause: OHKO moves are banned\n|rule|Evasion Items Clause: Evasion items are banned\n|rule|Evasion Moves Clause: Evasion moves are banned\n|rule|Endless Battle Clause: Forcing endless battles is banned\n|rule|HP Percentage Mod: HP is shown in percentages\n|clearpoke\n|poke|p1|Tornadus-Therian, M|\n|poke|p1|Kilowattrel, M|\n|poke|p1|Politoed, F|\n|poke|p1|Manaphy|\n|poke|p1|Gastrodon-East, M|\n|poke|p1|Overqwil, F|\n|poke|p2|Ribombee, F|\n|poke|p2|Rotom|\n|poke|p2|Hoopa-Unbound|\n|poke|p2|Gholdengo|\n|poke|p2|Gliscor, M|\n|poke|p2|Vaporeon, M|\n|teampreview\n|c|\u2606MonkeyManStan|glhf!\n|c|\u2606azurviz|gl :) hf\n|\n|t:|1700441946\n|start\n|switch|p1a: Gastrodon|Gastrodon-East, M, shiny|100\/100\n|switch|p2a: Ribombee|Ribombee, F|100\/100\n|turn|1\n|\n|t:|1700441954\n|move|p2a: Ribombee|Sticky Web|p1a: Gastrodon\n|-sidestart|p1: MonkeyManStan|move: Sticky Web\n|move|p1a: Gastrodon|Stealth Rock|p2a: Ribombee\n|-sidestart|p2: azurviz|move: Stealth Rock\n|\n|upkeep\n|turn|2\n|\n|t:|1700441991\n|move|p2a: Ribombee|U-turn|p1a: Gastrodon\n|-damage|p1a: Gastrodon|89\/100\n|\n|t:|1700442002\n|switch|p2a: Vaporeon|Vaporeon, M|100\/100|[from] U-turn\n|-damage|p2a: Vaporeon|88\/100|[from] Stealth Rock\n|move|p1a: Gastrodon|Spikes|p2a: Vaporeon\n|-sidestart|p2: azurviz|Spikes\n|\n|-heal|p2a: Vaporeon|94\/100|[from] item: Leftovers\n|-heal|p1a: Gastrodon|95\/100|[from] item: Leftovers\n|upkeep\n|turn|3\n|\n|t:|1700442020\n|switch|p1a: Politoed|Politoed, F, shiny|100\/100\n|-activate|p1a: Politoed|move: Sticky Web\n|-unboost|p1a: Politoed|spe|1\n|-weather|RainDance|[from] ability: Drizzle|[of] p1a: Politoed\n|move|p2a: Vaporeon|Yawn|p1a: Politoed\n|-start|p1a: Politoed|move: Yawn|[of] p2a: Vaporeon\n|\n|-weather|RainDance|[upkeep]\n|-heal|p2a: Vaporeon|99\/100|[from] item: Leftovers\n|upkeep\n|turn|4\n|\n|t:|1700442082\n|switch|p1a: Overqwil|Overqwil, F|100\/100\n|-activate|p1a: Overqwil|move: Sticky Web\n|-unboost|p1a: Overqwil|spe|1\n|move|p2a: Vaporeon|Flip Turn|p1a: Overqwil\n|-damage|p1a: Overqwil|77\/100\n|\n|t:|1700442097\n|switch|p2a: Gliscor|Gliscor, M|100\/100|[from] Flip Turn\n|-damage|p2a: Gliscor|88\/100|[from] Stealth Rock\n|\n|-weather|RainDance|[upkeep]\n|-heal|p1a: Overqwil|83\/100|[from] item: Black Sludge\n|-status|p2a: Gliscor|tox|[from] item: Toxic Orb\n|upkeep\n|turn|5\n|\n|t:|1700442149\n|move|p2a: Gliscor|Protect|p2a: Gliscor\n|-singleturn|p2a: Gliscor|Protect\n|move|p1a: Overqwil|Swords Dance|p1a: Overqwil\n|-boost|p1a: Overqwil|atk|2\n|\n|-weather|RainDance|[upkeep]\n|-heal|p1a: Overqwil|90\/100|[from] item: Black Sludge\n|-heal|p2a: Gliscor|100\/100 tox|[from] ability: Poison Heal\n|upkeep\n|turn|6\n|\n|t:|1700442174\n|move|p1a: Overqwil|Liquidation|p2a: Gliscor\n|-supereffective|p2a: Gliscor\n|-damage|p2a: Gliscor|0 fnt\n|faint|p2a: Gliscor\n|\n|-weather|RainDance|[upkeep]\n|-heal|p1a: Overqwil|96\/100|[from] item: Black Sludge\n|upkeep\n|\n|t:|1700442187\n|switch|p2a: Vaporeon|Vaporeon, M|99\/100\n|-damage|p2a: Vaporeon|88\/100|[from] Stealth Rock\n|-damage|p2a: Vaporeon|76\/100|[from] Spikes\n|turn|7\n|\n|t:|1700442237\n|move|p1a: Overqwil|Crunch|p2a: Vaporeon\n|-damage|p2a: Vaporeon|0 fnt\n|faint|p2a: Vaporeon\n|\n|-weather|RainDance|[upkeep]\n|-heal|p1a: Overqwil|100\/100|[from] item: Black Sludge\n|upkeep\n|\n|t:|1700442247\n|switch|p2a: Rotom|Rotom|100\/100\n|-damage|p2a: Rotom|88\/100|[from] Stealth Rock\n|turn|8\n|\n|t:|1700442257\n|move|p2a: Rotom|Thunder|p1a: Overqwil\n|-crit|p1a: Overqwil\n|-damage|p1a: Overqwil|0 fnt\n|faint|p1a: Overqwil\n|\n|-weather|RainDance|[upkeep]\n|upkeep\n|c|\u2606MonkeyManStan|crit nooo\n|\n|t:|1700442331\n|switch|p1a: Kilowattrel|Kilowattrel, M|100\/100\n|turn|9\n|\n|t:|1700442410\n|switch|p2a: Gholdengo|Gholdengo|100\/100\n|-damage|p2a: Gholdengo|94\/100|[from] Stealth Rock\n|-damage|p2a: Gholdengo|82\/100|[from] Spikes\n|-terastallize|p1a: Kilowattrel|Water\n|move|p1a: Kilowattrel|Weather Ball|p2a: Gholdengo\n|-damage|p2a: Gholdengo|0 fnt\n|faint|p2a: Gholdengo\n|\n|-weather|RainDance|[upkeep]\n|upkeep\n|\n|t:|1700442455\n|switch|p2a: Ribombee|Ribombee, F|100\/100\n|-damage|p2a: Ribombee|76\/100|[from] Stealth Rock\n|-damage|p2a: Ribombee|63\/100|[from] Spikes\n|turn|10\n|\n|t:|1700442496\n|switch|p1a: Gastrodon|Gastrodon-East, M, shiny|95\/100\n|-activate|p1a: Gastrodon|move: Sticky Web\n|-unboost|p1a: Gastrodon|spe|1\n|move|p2a: Ribombee|Stun Spore|p1a: Gastrodon\n|-status|p1a: Gastrodon|par\n|\n|-weather|none\n|-heal|p1a: Gastrodon|100\/100 par|[from] item: Leftovers\n|upkeep\n|turn|11\n|\n|t:|1700442517\n|move|p2a: Ribombee|U-turn|p1a: Gastrodon\n|-damage|p1a: Gastrodon|89\/100 par\n|\n|t:|1700442525\n|switch|p2a: Hoopa|Hoopa-Unbound|100\/100|[from] U-turn\n|-damage|p2a: Hoopa|88\/100|[from] Stealth Rock\n|-damage|p2a: Hoopa|76\/100|[from] Spikes\n|move|p1a: Gastrodon|Spikes|p2a: Hoopa\n|-sidestart|p2: azurviz|Spikes\n|\n|-heal|p1a: Gastrodon|95\/100 par|[from] item: Leftovers\n|upkeep\n|turn|12\n|\n|t:|1700442550\n|move|p2a: Hoopa|Energy Ball|p1a: Gastrodon\n|-supereffective|p1a: Gastrodon\n|-damage|p1a: Gastrodon|0 fnt\n|faint|p1a: Gastrodon\n|-damage|p2a: Hoopa|66\/100|[from] item: Life Orb\n|\n|upkeep\n|\n|t:|1700442602\n|switch|p1a: Tornadus|Tornadus-Therian, M, shiny|100\/100\n|turn|13\n|\n|t:|1700442684\n|move|p1a: Tornadus|U-turn|p2a: Hoopa\n|-supereffective|p2a: Hoopa\n|-damage|p2a: Hoopa|0 fnt\n|faint|p2a: Hoopa\n|\n|t:|1700442715\n|switch|p1a: Politoed|Politoed, F, shiny|100\/100|[from] U-turn\n|-activate|p1a: Politoed|move: Sticky Web\n|-unboost|p1a: Politoed|spe|1\n|-weather|RainDance|[from] ability: Drizzle|[of] p1a: Politoed\n|\n|-weather|RainDance|[upkeep]\n|upkeep\n|\n|t:|1700442754\n|switch|p2a: Rotom|Rotom|88\/100\n|-damage|p2a: Rotom|76\/100|[from] Stealth Rock\n|turn|14\n|\n|t:|1700442821\n|switch|p1a: Kilowattrel|Kilowattrel, M, tera:Water|100\/100\n|move|p2a: Rotom|Hex|p1a: Kilowattrel\n|-damage|p1a: Kilowattrel|55\/100\n|\n|-weather|RainDance|[upkeep]\n|upkeep\n|turn|15\n|\n|t:|1700442830\n|move|p2a: Rotom|Hex|p1a: Kilowattrel\n|-damage|p1a: Kilowattrel|8\/100\n|move|p1a: Kilowattrel|Weather Ball|p2a: Rotom\n|-damage|p2a: Rotom|0 fnt\n|faint|p2a: Rotom\n|\n|-weather|RainDance|[upkeep]\n|upkeep\n|\n|t:|1700442836\n|switch|p2a: Ribombee|Ribombee, F|63\/100\n|-damage|p2a: Ribombee|38\/100|[from] Stealth Rock\n|-damage|p2a: Ribombee|22\/100|[from] Spikes\n|turn|16\n|\n|t:|1700442847\n|switch|p1a: Tornadus|Tornadus-Therian, M, shiny|100\/100\n|move|p2a: Ribombee|Moonblast|p1a: Tornadus\n|-damage|p1a: Tornadus|73\/100\n|\n|-weather|RainDance|[upkeep]\n|upkeep\n|turn|17\n|\n|t:|1700442855\n|move|p2a: Ribombee|Stun Spore|p1a: Tornadus\n|-status|p1a: Tornadus|par\n|move|p1a: Tornadus|Hurricane|p2a: Ribombee\n|-supereffective|p2a: Ribombee\n|-damage|p2a: Ribombee|0 fnt\n|faint|p2a: Ribombee\n|\n|win|MonkeyManStan\n|c|\u2606MonkeyManStan|ggs\n","uploadtime":1700442869,"views":33,"p1id":"monkeymanstan","p2id":"azurviz","formatid":"gen9ubers","rating":0,"private":0,"password":""}