{"id":"gen9ubers-1987891441","p1":"GreenCatKid","p2":"KaiserreduxFan","format":"[Gen 9] Ubers","log":"|j|\u2606GreenCatKid\n|j|\u2606KaiserreduxFan\n|t:|1699646436\n|gametype|singles\n|player|p1|GreenCatKid|fisherman-gen4|\n|player|p2|KaiserreduxFan|lucas|\n|teamsize|p1|6\n|teamsize|p2|6\n|gen|9\n|tier|[Gen 9] Ubers\n|rule|Sleep Clause Mod: Limit one foe put to sleep\n|rule|Species Clause: Limit one of each Pok\u00e9mon\n|rule|OHKO Clause: OHKO moves are banned\n|rule|Evasion Items Clause: Evasion items are banned\n|rule|Evasion Moves Clause: Evasion moves are banned\n|rule|Endless Battle Clause: Forcing endless battles is banned\n|rule|HP Percentage Mod: HP is shown in percentages\n|clearpoke\n|poke|p1|Pelipper, F|\n|poke|p1|Overqwil, M|\n|poke|p1|Thundurus-Therian, M|\n|poke|p1|Palkia-Origin|\n|poke|p1|Landorus, M|\n|poke|p1|Arceus-Grass|\n|poke|p2|Meowscarada, M|\n|poke|p2|Gholdengo|\n|poke|p2|Dialga|\n|poke|p2|Zacian-*|\n|poke|p2|Magearna|\n|poke|p2|Cyclizar, F|\n|teampreview\n|inactive|Battle timer is ON: inactive players will automatically lose when time's up. (requested by GreenCatKid)\n|inactive|KaiserreduxFan also wants the timer to be on.\n|c|\u2606GreenCatKid|glhf\n|c|\u2606KaiserreduxFan|hf\n|inactive|GreenCatKid has 270 seconds left.\n|\n|t:|1699646478\n|start\n|switch|p1a: Pelipper|Pelipper, F|100\/100\n|switch|p2a: Dialga|Dialga|100\/100\n|-ability|p2a: Dialga|Pressure\n|-weather|RainDance|[from] ability: Drizzle|[of] p1a: Pelipper\n|turn|1\n|\n|t:|1699646493\n|move|p2a: Dialga|Stealth Rock|p1a: Pelipper\n|-sidestart|p1: GreenCatKid|move: Stealth Rock\n|move|p1a: Pelipper|U-turn|p2a: Dialga\n|-resisted|p2a: Dialga\n|-damage|p2a: Dialga|97\/100\n|\n|t:|1699646504\n|switch|p1a: Landorus|Landorus, M|100\/100|[from] U-turn\n|-damage|p1a: Landorus|88\/100|[from] Stealth Rock\n|\n|-weather|RainDance|[upkeep]\n|-heal|p2a: Dialga|100\/100|[from] item: Leftovers\n|upkeep\n|turn|2\n|\n|t:|1699646511\n|switch|p2a: Meowscarada|Meowscarada, M|100\/100\n|move|p1a: Landorus|Sandsear Storm|p2a: Meowscarada\n|-resisted|p2a: Meowscarada\n|-damage|p2a: Meowscarada|37\/100\n|\n|-weather|RainDance|[upkeep]\n|upkeep\n|turn|3\n|\n|t:|1699646526\n|move|p2a: Meowscarada|Knock Off|p1a: Landorus\n|-damage|p1a: Landorus|36\/100\n|-enditem|p1a: Landorus|Life Orb|[from] move: Knock Off|[of] p2a: Meowscarada\n|move|p1a: Landorus|Weather Ball|p2a: Meowscarada\n|-resisted|p2a: Meowscarada\n|-damage|p2a: Meowscarada|2\/100\n|\n|-weather|RainDance|[upkeep]\n|upkeep\n|turn|4\n|\n|t:|1699646550\n|move|p2a: Meowscarada|Flower Trick|p1a: Landorus\n|-crit|p1a: Landorus\n|-damage|p1a: Landorus|0 fnt\n|faint|p1a: Landorus\n|\n|-weather|RainDance|[upkeep]\n|upkeep\n|inactive|GreenCatKid has 270 seconds left.\n|\n|t:|1699646571\n|switch|p1a: Thundurus|Thundurus-Therian, M|100\/100\n|turn|5\n|\n|t:|1699646574\n|move|p2a: Meowscarada|Knock Off|p1a: Thundurus\n|-damage|p1a: Thundurus|30\/100\n|-enditem|p1a: Thundurus|Heavy-Duty Boots|[from] move: Knock Off|[of] p2a: Meowscarada\n|move|p1a: Thundurus|Volt Switch|p2a: Meowscarada\n|-resisted|p2a: Meowscarada\n|-damage|p2a: Meowscarada|0 fnt\n|faint|p2a: Meowscarada\n|inactive|GreenCatKid has 270 seconds left.\n|\n|t:|1699646589\n|switch|p1a: Arceus-Ass|Arceus-Grass|100\/100|[from] Volt Switch\n|-damage|p1a: Arceus-Ass|88\/100|[from] Stealth Rock\n|\n|-weather|RainDance|[upkeep]\n|upkeep\n|\n|t:|1699646596\n|switch|p2a: Magearna|Magearna|100\/100\n|turn|6\n|inactive|GreenCatKid has 270 seconds left.\n|\n|t:|1699646621\n|move|p1a: Arceus-Ass|Earth Power|p2a: Magearna\n|-supereffective|p2a: Magearna\n|-damage|p2a: Magearna|58\/100\n|-unboost|p2a: Magearna|spd|1\n|move|p2a: Magearna|Spikes|p1a: Arceus-Ass\n|-sidestart|p1: GreenCatKid|Spikes\n|\n|-weather|RainDance|[upkeep]\n|-heal|p2a: Magearna|64\/100|[from] item: Leftovers\n|upkeep\n|turn|7\n|inactive|KaiserreduxFan has 270 seconds left.\n|\n|t:|1699646668\n|switch|p2a: Gholdengo|Gholdengo|100\/100\n|-item|p2a: Gholdengo|Air Balloon\n|move|p1a: Arceus-Ass|Earth Power|p2a: Gholdengo\n|-immune|p2a: Gholdengo\n|\n|-weather|RainDance|[upkeep]\n|upkeep\n|turn|8\n|\n|t:|1699646675\n|move|p1a: Arceus-Ass|Judgment|p2a: Gholdengo\n|-resisted|p2a: Gholdengo\n|-damage|p2a: Gholdengo|81\/100\n|-enditem|p2a: Gholdengo|Air Balloon\n|move|p2a: Gholdengo|Nasty Plot|p2a: Gholdengo\n|-boost|p2a: Gholdengo|spa|2\n|\n|-weather|none\n|upkeep\n|turn|9\n|inactive|GreenCatKid has 240 seconds left.\n|\n|t:|1699646710\n|move|p1a: Arceus-Ass|Calm Mind|p1a: Arceus-Ass\n|-boost|p1a: Arceus-Ass|spa|1\n|-boost|p1a: Arceus-Ass|spd|1\n|move|p2a: Gholdengo|Make It Rain|p1a: Arceus-Ass\n|-damage|p1a: Arceus-Ass|44\/100\n|-unboost|p2a: Gholdengo|spa|1\n|\n|upkeep\n|turn|10\n|\n|t:|1699646716\n|move|p1a: Arceus-Ass|Earth Power|p2a: Gholdengo\n|-supereffective|p2a: Gholdengo\n|-damage|p2a: Gholdengo|33\/100\n|move|p2a: Gholdengo|Shadow Ball|p1a: Arceus-Ass\n|-damage|p1a: Arceus-Ass|18\/100\n|\n|upkeep\n|turn|11\n|\n|t:|1699646723\n|move|p1a: Arceus-Ass|Recover|p1a: Arceus-Ass\n|-heal|p1a: Arceus-Ass|68\/100\n|move|p2a: Gholdengo|Recover|p2a: Gholdengo\n|-heal|p2a: Gholdengo|83\/100\n|\n|upkeep\n|turn|12\n|inactive|GreenCatKid has 240 seconds left.\n|\n|t:|1699646739\n|move|p1a: Arceus-Ass|Earth Power|p2a: Gholdengo\n|-supereffective|p2a: Gholdengo\n|-damage|p2a: Gholdengo|34\/100\n|move|p2a: Gholdengo|Shadow Ball|p1a: Arceus-Ass\n|-damage|p1a: Arceus-Ass|45\/100\n|\n|upkeep\n|turn|13\n|\n|t:|1699646747\n|move|p1a: Arceus-Ass|Recover|p1a: Arceus-Ass\n|-heal|p1a: Arceus-Ass|95\/100\n|move|p2a: Gholdengo|Make It Rain|p1a: Arceus-Ass\n|-damage|p1a: Arceus-Ass|60\/100\n|-unboost|p2a: Gholdengo|spa|1\n|\n|upkeep\n|turn|14\n|inactive|GreenCatKid has 240 seconds left.\n|\n|t:|1699646756\n|move|p1a: Arceus-Ass|Earth Power|p2a: Gholdengo\n|-supereffective|p2a: Gholdengo\n|-damage|p2a: Gholdengo|0 fnt\n|faint|p2a: Gholdengo\n|\n|upkeep\n|\n|t:|1699646758\n|switch|p2a: Zacian|Zacian|100\/100\n|-ability|p2a: Zacian|Intrepid Sword|boost\n|-boost|p2a: Zacian|atk|1\n|turn|15\n|inactive|GreenCatKid has 240 seconds left.\n|\n|t:|1699646784\n|move|p2a: Zacian|Swords Dance|p2a: Zacian\n|-boost|p2a: Zacian|atk|2\n|move|p1a: Arceus-Ass|Judgment|p2a: Zacian\n|-damage|p2a: Zacian|48\/100\n|\n|upkeep\n|turn|16\n|\n|t:|1699646791\n|move|p2a: Zacian|Play Rough|p1a: Arceus-Ass\n|-damage|p1a: Arceus-Ass|0 fnt\n|faint|p1a: Arceus-Ass\n|\n|upkeep\n|\n|t:|1699646800\n|switch|p1a: Pelipper|Pelipper, F|100\/100\n|-damage|p1a: Pelipper|75\/100|[from] Stealth Rock\n|-weather|RainDance|[from] ability: Drizzle|[of] p1a: Pelipper\n|turn|17\n|inactive|GreenCatKid has 240 seconds left.\n|inactive|GreenCatKid has 210 seconds left.\n|\n|t:|1699646836\n|move|p2a: Zacian|Play Rough|p1a: Pelipper\n|-damage|p1a: Pelipper|0 fnt\n|faint|p1a: Pelipper\n|\n|-weather|RainDance|[upkeep]\n|upkeep\n|inactive|GreenCatKid has 210 seconds left.\n|\n|t:|1699646841\n|switch|p1a: Overqwil|Overqwil, M|100\/100\n|turn|18\n|inactive|GreenCatKid has 210 seconds left.\n|\n|t:|1699646874\n|move|p1a: Overqwil|Swords Dance|p1a: Overqwil\n|-boost|p1a: Overqwil|atk|2\n|move|p2a: Zacian|Play Rough|p1a: Overqwil\n|-damage|p1a: Overqwil|0 fnt\n|faint|p1a: Overqwil\n|\n|-weather|RainDance|[upkeep]\n|upkeep\n|-message|GreenCatKid forfeited.\n|\n|win|KaiserreduxFan\n|c|\u2606GreenCatKid|gg\n|c|\u2606KaiserreduxFan|gg\n|l|\u2606KaiserreduxFan\n|l|\u2606GreenCatKid\n|j|\u2606GreenCatKid\n|player|p1|GreenCatKid|fisherman-gen4\n","uploadtime":1699646890,"views":65,"p1id":"greencatkid","p2id":"kaiserreduxfan","formatid":"gen9ubers","rating":0,"private":0,"password":""}