{"id":"gen9ubers-1994349422","p1":"WornP7154","p2":"AniMason","format":"[Gen 9] Ubers","log":"|j|\u2606WornP7154\n|j|\u2606AniMason\n|t:|1700433874\n|gametype|singles\n|player|p1|WornP7154|lucas|1073\n|player|p2|AniMason|101|1051\n|teamsize|p1|6\n|teamsize|p2|4\n|gen|9\n|tier|[Gen 9] Ubers\n|rated|\n|rule|Sleep Clause Mod: Limit one foe put to sleep\n|rule|Species Clause: Limit one of each Pok\u00e9mon\n|rule|OHKO Clause: OHKO moves are banned\n|rule|Evasion Items Clause: Evasion items are banned\n|rule|Evasion Moves Clause: Evasion moves are banned\n|rule|Endless Battle Clause: Forcing endless battles is banned\n|rule|HP Percentage Mod: HP is shown in percentages\n|clearpoke\n|poke|p1|Umbreon, M|\n|poke|p1|Garchomp, F|\n|poke|p1|Sylveon, F|\n|poke|p1|Iron Bundle|\n|poke|p1|Zacian-*|\n|poke|p1|Volcarona, F|\n|poke|p2|Frosmoth, F|\n|poke|p2|Venomoth, M|\n|poke|p2|Vivillon, M|\n|poke|p2|Volcarona, F|\n|teampreview\n|c|\u2606AniMason|moth\n|\n|t:|1700433892\n|start\n|switch|p1a: Volcarona|Volcarona, F, shiny|100\/100\n|switch|p2a: VenVen|Venomoth, M, shiny|100\/100\n|turn|1\n|\n|t:|1700433900\n|move|p2a: VenVen|Sleep Powder|p1a: Volcarona|[miss]\n|-miss|p2a: VenVen|p1a: Volcarona\n|move|p1a: Volcarona|Quiver Dance|p1a: Volcarona\n|-boost|p1a: Volcarona|spa|1\n|-boost|p1a: Volcarona|spd|1\n|-boost|p1a: Volcarona|spe|1\n|\n|upkeep\n|turn|2\n|\n|t:|1700433908\n|move|p1a: Volcarona|Fiery Dance|p2a: VenVen\n|-supereffective|p2a: VenVen\n|-damage|p2a: VenVen|0 fnt\n|faint|p2a: VenVen\n|\n|upkeep\n|\n|t:|1700433916\n|switch|p2a: Vivvy|Vivillon, M, shiny|100\/100\n|turn|3\n|\n|t:|1700433922\n|move|p1a: Volcarona|Fiery Dance|p2a: Vivvy\n|-supereffective|p2a: Vivvy\n|-damage|p2a: Vivvy|0 fnt\n|faint|p2a: Vivvy\n|\n|upkeep\n|\n|t:|1700433928\n|switch|p2a: Volly|Volcarona, F|100\/100\n|turn|4\n|\n|t:|1700433938\n|-terastallize|p1a: Volcarona|Flying\n|move|p1a: Volcarona|Fiery Dance|p2a: Volly\n|-damage|p2a: Volly|38\/100\n|-boost|p1a: Volcarona|spa|1\n|move|p2a: Volly|Giga Drain|p1a: Volcarona\n|-resisted|p1a: Volcarona\n|-damage|p1a: Volcarona|93\/100\n|-heal|p2a: Volly|41\/100|[from] drain|[of] p1a: Volcarona\n|\n|-heal|p2a: Volly|47\/100|[from] item: Leftovers\n|upkeep\n|turn|5\n|\n|t:|1700433951\n|-terastallize|p2a: Volly|Bug\n|move|p1a: Volcarona|Fiery Dance|p2a: Volly\n|-supereffective|p2a: Volly\n|-damage|p2a: Volly|0 fnt\n|-boost|p1a: Volcarona|spa|1\n|faint|p2a: Volly\n|\n|upkeep\n|inactive|Battle timer is ON: inactive players will automatically lose when time's up. (requested by WornP7154)\n|\n|t:|1700433960\n|switch|p2a: Frossy|Frosmoth, F|100\/100\n|turn|6\n|\n|t:|1700433964\n|move|p1a: Volcarona|Fiery Dance|p2a: Frossy\n|-supereffective|p2a: Frossy\n|-enditem|p2a: Frossy|Focus Sash\n|-damage|p2a: Frossy|1\/100\n|move|p2a: Frossy|Ice Beam|p1a: Volcarona\n|-supereffective|p1a: Volcarona\n|-damage|p1a: Volcarona|33\/100\n|\n|upkeep\n|turn|7\n|\n|t:|1700433972\n|move|p1a: Volcarona|Fiery Dance|p2a: Frossy\n|-supereffective|p2a: Frossy\n|-damage|p2a: Frossy|0 fnt\n|faint|p2a: Frossy\n|\n|win|WornP7154\n|raw|WornP7154's rating: 1073 &rarr; <strong>1100<\/strong><br \/>(+27 for winning)\n|raw|AniMason's rating: 1051 &rarr; <strong>1034<\/strong><br \/>(-17 for losing)\n","uploadtime":1700433978,"views":12,"p1id":"wornp7154","p2id":"animason","formatid":"gen9ubers","rating":1034,"private":0,"password":""}