{"id":"gen9ubers-1978562713","p1":"godiamsosorry","p2":"Dragon Master Rosa","format":"[Gen 9] Ubers","log":"|j|\u2606godiamsosorry\n|j|\u2606Dragon Master Rosa\n|t:|1698556509\n|gametype|singles\n|player|p1|godiamsosorry|scientistf|\n|player|p2|Dragon Master Rosa|rosa|\n|teamsize|p1|6\n|teamsize|p2|6\n|gen|9\n|tier|[Gen 9] Ubers\n|rule|Sleep Clause Mod: Limit one foe put to sleep\n|rule|Species Clause: Limit one of each Pok\u00e9mon\n|rule|OHKO Clause: OHKO moves are banned\n|rule|Evasion Items Clause: Evasion items are banned\n|rule|Evasion Moves Clause: Evasion moves are banned\n|rule|Endless Battle Clause: Forcing endless battles is banned\n|rule|HP Percentage Mod: HP is shown in percentages\n|clearpoke\n|poke|p1|Gholdengo|\n|poke|p1|Infernape, M|\n|poke|p1|Azelf|\n|poke|p1|Ting-Lu|\n|poke|p1|Greninja-*, F|\n|poke|p1|Toedscruel, M|\n|poke|p2|Shaymin-Sky|\n|poke|p2|Landorus-Therian, M|\n|poke|p2|Palafin, M|\n|poke|p2|Slowking-Galar, F|\n|poke|p2|Toedscruel, F|\n|poke|p2|Empoleon, M|\n|teampreview\n|\n|t:|1698556529\n|start\n|switch|p1a: Ting-Lu|Ting-Lu|100\/100\n|switch|p2a: Shaymin|Shaymin-Sky|100\/100\n|-ability|p1a: Ting-Lu|Vessel of Ruin\n|turn|1\n|\n|t:|1698556540\n|move|p2a: Shaymin|Swords Dance|p2a: Shaymin\n|-boost|p2a: Shaymin|atk|2\n|move|p1a: Ting-Lu|Stealth Rock|p2a: Shaymin\n|-sidestart|p2: Dragon Master Rosa|move: Stealth Rock\n|\n|upkeep\n|turn|2\n|\n|t:|1698556547\n|move|p2a: Shaymin|Seed Bomb|p1a: Ting-Lu\n|-supereffective|p1a: Ting-Lu\n|-damage|p1a: Ting-Lu|23\/100\n|-damage|p2a: Shaymin|91\/100|[from] item: Life Orb\n|move|p1a: Ting-Lu|Whirlwind|p2a: Shaymin\n|drag|p2a: Toedscruel|Toedscruel, F|100\/100\n|-damage|p2a: Toedscruel|94\/100|[from] Stealth Rock\n|\n|-heal|p2a: Toedscruel|100\/100|[from] item: Leftovers\n|-heal|p1a: Ting-Lu|29\/100|[from] item: Leftovers\n|upkeep\n|turn|3\n|\n|t:|1698556559\n|move|p2a: Toedscruel|Leech Seed|p1a: Ting-Lu\n|-start|p1a: Ting-Lu|move: Leech Seed\n|move|p1a: Ting-Lu|Whirlwind|p2a: Toedscruel\n|drag|p2a: Landorus|Landorus-Therian, M|100\/100\n|-damage|p2a: Landorus|88\/100|[from] Stealth Rock\n|-ability|p2a: Landorus|Intimidate|boost\n|-unboost|p1a: Ting-Lu|atk|1\n|\n|-heal|p2a: Landorus|94\/100|[from] item: Leftovers\n|-heal|p1a: Ting-Lu|36\/100|[from] item: Leftovers\n|-damage|p1a: Ting-Lu|23\/100|[from] Leech Seed|[of] p2a: Landorus\n|-heal|p2a: Landorus|100\/100|[silent]\n|upkeep\n|turn|4\n|\n|t:|1698556569\n|move|p2a: Landorus|Earth Power|p1a: Ting-Lu\n|-damage|p1a: Ting-Lu|0 fnt\n|faint|p1a: Ting-Lu\n|\n|upkeep\n|\n|t:|1698556576\n|switch|p1a: Greninja|Greninja, F|100\/100\n|turn|5\n|\n|t:|1698556582\n|switch|p2a: Palafin|Palafin, M|100\/100\n|-damage|p2a: Palafin|88\/100|[from] Stealth Rock\n|move|p1a: Greninja|Liquidation|p2a: Palafin\n|-start|p1a: Greninja|typechange|Water|[from] ability: Protean\n|-resisted|p2a: Palafin\n|-damage|p2a: Palafin|52\/100\n|\n|upkeep\n|turn|6\n|\n|t:|1698556588\n|detailschange|p2a: Palafin|Palafin-Hero, M\n|switch|p2a: Empoleon|Empoleon, M|100\/100\n|-damage|p2a: Empoleon|94\/100|[from] Stealth Rock\n|move|p1a: Greninja|Liquidation|p2a: Empoleon\n|-resisted|p2a: Empoleon\n|-damage|p2a: Empoleon|65\/100\n|\n|-heal|p2a: Empoleon|71\/100|[from] item: Leftovers\n|upkeep\n|turn|7\n|\n|t:|1698556593\n|switch|p1a: Toedscruel|Toedscruel, M|100\/100\n|move|p2a: Empoleon|Stealth Rock|p1a: Toedscruel\n|-sidestart|p1: godiamsosorry|move: Stealth Rock\n|\n|-heal|p2a: Empoleon|77\/100|[from] item: Leftovers\n|upkeep\n|turn|8\n|\n|t:|1698556598\n|move|p2a: Empoleon|Flip Turn|p1a: Toedscruel\n|-damage|p1a: Toedscruel|74\/100\n|\n|t:|1698556604\n|switch|p2a: Toedscruel|Toedscruel, F|100\/100|[from] Flip Turn\n|-damage|p2a: Toedscruel|94\/100|[from] Stealth Rock\n|move|p1a: Toedscruel|Toxic Spikes|p2a: Toedscruel\n|-sidestart|p2: Dragon Master Rosa|move: Toxic Spikes\n|\n|-heal|p2a: Toedscruel|100\/100|[from] item: Leftovers\n|upkeep\n|turn|9\n|\n|t:|1698556609\n|move|p2a: Toedscruel|Knock Off|p1a: Toedscruel\n|-damage|p1a: Toedscruel|53\/100\n|-enditem|p1a: Toedscruel|Heavy-Duty Boots|[from] move: Knock Off|[of] p2a: Toedscruel\n|move|p1a: Toedscruel|Rapid Spin|p2a: Toedscruel\n|-damage|p2a: Toedscruel|90\/100\n|-boost|p1a: Toedscruel|spe|1\n|-sideend|p1: godiamsosorry|Stealth Rock|[from] move: Rapid Spin|[of] p1a: Toedscruel\n|\n|-heal|p2a: Toedscruel|96\/100|[from] item: Leftovers\n|upkeep\n|turn|10\n|\n|t:|1698556616\n|switch|p1a: Gholdengo|Gholdengo|100\/100\n|move|p2a: Toedscruel|Rapid Spin|p1a: Gholdengo\n|-immune|p1a: Gholdengo\n|\n|-heal|p2a: Toedscruel|100\/100|[from] item: Leftovers\n|upkeep\n|turn|11\n|\n|t:|1698556623\n|move|p2a: Toedscruel|Knock Off|p1a: Gholdengo\n|-supereffective|p1a: Gholdengo\n|-damage|p1a: Gholdengo|76\/100\n|-enditem|p1a: Gholdengo|Leftovers|[from] move: Knock Off|[of] p2a: Toedscruel\n|move|p1a: Gholdengo|Poltergeist|p2a: Toedscruel\n|-activate|p2a: Toedscruel|move: Poltergeist|Leftovers\n|-damage|p2a: Toedscruel|68\/100\n|\n|-heal|p2a: Toedscruel|74\/100|[from] item: Leftovers\n|upkeep\n|turn|12\n|\n|t:|1698556639\n|move|p1a: Gholdengo|Thunder Wave|p2a: Toedscruel\n|-immune|p2a: Toedscruel\n|move|p2a: Toedscruel|Spikes|p1a: Gholdengo\n|-sidestart|p1: godiamsosorry|Spikes\n|\n|-heal|p2a: Toedscruel|80\/100|[from] item: Leftovers\n|upkeep\n|turn|13\n|\n|t:|1698556644\n|switch|p2a: Landorus|Landorus-Therian, M|100\/100\n|-damage|p2a: Landorus|88\/100|[from] Stealth Rock\n|-ability|p2a: Landorus|Intimidate|boost\n|-unboost|p1a: Gholdengo|atk|1\n|switch|p1a: Infernape|Infernape, M|100\/100\n|-damage|p1a: Infernape|88\/100|[from] Spikes\n|\n|-heal|p2a: Landorus|94\/100|[from] item: Leftovers\n|upkeep\n|turn|14\n|\n|t:|1698556650\n|move|p1a: Infernape|U-turn|p2a: Landorus\n|-resisted|p2a: Landorus\n|-damage|p2a: Landorus|84\/100\n|\n|t:|1698556654\n|switch|p1a: Azelf|Azelf|100\/100|[from] U-turn\n|move|p2a: Landorus|Earth Power|p1a: Azelf\n|-immune|p1a: Azelf|[from] ability: Levitate\n|\n|-heal|p2a: Landorus|90\/100|[from] item: Leftovers\n|upkeep\n|turn|15\n|\n|t:|1698556658\n|move|p1a: Azelf|Nasty Plot|p1a: Azelf\n|-boost|p1a: Azelf|spa|2\n|move|p2a: Landorus|Substitute|p2a: Landorus\n|-start|p2a: Landorus|Substitute\n|-damage|p2a: Landorus|65\/100\n|\n|-heal|p2a: Landorus|71\/100|[from] item: Leftovers\n|upkeep\n|turn|16\n|\n|t:|1698556665\n|-terastallize|p2a: Landorus|Flying\n|move|p1a: Azelf|Psyshock|p2a: Landorus\n|-end|p2a: Landorus|Substitute\n|move|p2a: Landorus|Tera Blast|p1a: Azelf|[anim] Tera Blast Flying\n|-crit|p1a: Azelf\n|-damage|p1a: Azelf|0 fnt\n|faint|p1a: Azelf\n|\n|-heal|p2a: Landorus|77\/100|[from] item: Leftovers\n|upkeep\n|\n|t:|1698556668\n|switch|p1a: Infernape|Infernape, M|88\/100\n|-damage|p1a: Infernape|76\/100|[from] Spikes\n|turn|17\n|\n|t:|1698556676\n|switch|p2a: Slowking|Slowking-Galar, F|100\/100\n|-sideend|p2: Dragon Master Rosa|move: Toxic Spikes|[of] p2a: Slowking\n|move|p1a: Infernape|Thunder Punch|p2a: Slowking\n|-damage|p2a: Slowking|81\/100\n|\n|upkeep\n|turn|18\n|\n|t:|1698556682\n|switch|p1a: Toedscruel|Toedscruel, M|53\/100\n|-damage|p1a: Toedscruel|41\/100|[from] Spikes\n|move|p2a: Slowking|Chilly Reception|p2a: Slowking\n|-weather|Snow\n|\n|t:|1698556691\n|switch|p2a: Landorus|Landorus-Therian, M, tera:Flying|77\/100|[from] Chilly Reception\n|-damage|p2a: Landorus|52\/100|[from] Stealth Rock\n|-ability|p2a: Landorus|Intimidate|boost\n|-unboost|p1a: Toedscruel|atk|1\n|\n|-weather|Snow|[upkeep]\n|-heal|p2a: Landorus|58\/100|[from] item: Leftovers\n|upkeep\n|turn|19\n|\n|t:|1698556696\n|move|p1a: Toedscruel|Rapid Spin|p2a: Landorus\n|-damage|p2a: Landorus|53\/100\n|-boost|p1a: Toedscruel|spe|1\n|-sideend|p1: godiamsosorry|Spikes|[from] move: Rapid Spin|[of] p1a: Toedscruel\n|move|p2a: Landorus|Tera Blast|p1a: Toedscruel|[anim] Tera Blast Flying\n|-supereffective|p1a: Toedscruel\n|-damage|p1a: Toedscruel|0 fnt\n|faint|p1a: Toedscruel\n|\n|-weather|Snow|[upkeep]\n|-heal|p2a: Landorus|59\/100|[from] item: Leftovers\n|upkeep\n|\n|t:|1698556700\n|switch|p1a: Greninja|Greninja, F|100\/100\n|turn|20\n|\n|t:|1698556710\n|switch|p2a: Empoleon|Empoleon, M|77\/100\n|-damage|p2a: Empoleon|71\/100|[from] Stealth Rock\n|-terastallize|p1a: Greninja|Water\n|move|p1a: Greninja|Liquidation|p2a: Empoleon\n|-resisted|p2a: Empoleon\n|-damage|p2a: Empoleon|32\/100\n|-unboost|p2a: Empoleon|def|1\n|\n|-weather|Snow|[upkeep]\n|-heal|p2a: Empoleon|38\/100|[from] item: Leftovers\n|upkeep\n|turn|21\n|\n|t:|1698556721\n|move|p1a: Greninja|Liquidation|p2a: Empoleon\n|-resisted|p2a: Empoleon\n|-damage|p2a: Empoleon|0 fnt\n|faint|p2a: Empoleon\n|\n|-weather|Snow|[upkeep]\n|upkeep\n|c|\u2606godiamsosorry|Hooray for random bullshit!!!\n|\n|t:|1698556730\n|switch|p2a: Landorus|Landorus-Therian, M, tera:Flying|59\/100\n|-damage|p2a: Landorus|34\/100|[from] Stealth Rock\n|-ability|p2a: Landorus|Intimidate|boost\n|-unboost|p1a: Greninja|atk|1\n|turn|22\n|\n|t:|1698556735\n|move|p1a: Greninja|Liquidation|p2a: Landorus\n|-damage|p2a: Landorus|0 fnt\n|faint|p2a: Landorus\n|\n|-weather|none\n|upkeep\n|\n|t:|1698556738\n|switch|p2a: Slowking|Slowking-Galar, F|100\/100\n|turn|23\n|\n|t:|1698556742\n|switch|p1a: Gholdengo|Gholdengo|76\/100\n|move|p2a: Slowking|Foul Play|p1a: Gholdengo\n|-supereffective|p1a: Gholdengo\n|-damage|p1a: Gholdengo|57\/100\n|\n|upkeep\n|turn|24\n|\n|t:|1698556747\n|switch|p2a: Toedscruel|Toedscruel, F|80\/100\n|-damage|p2a: Toedscruel|74\/100|[from] Stealth Rock\n|move|p1a: Gholdengo|Poltergeist|p2a: Toedscruel|[miss]\n|-miss|p1a: Gholdengo|p2a: Toedscruel\n|\n|-heal|p2a: Toedscruel|80\/100|[from] item: Leftovers\n|upkeep\n|turn|25\n|\n|t:|1698556750\n|move|p1a: Gholdengo|Reflect|p1a: Gholdengo\n|-sidestart|p1: godiamsosorry|Reflect\n|move|p2a: Toedscruel|Spikes|p1a: Gholdengo\n|-sidestart|p1: godiamsosorry|Spikes\n|\n|-heal|p2a: Toedscruel|86\/100|[from] item: Leftovers\n|upkeep\n|turn|26\n|\n|t:|1698556755\n|switch|p1a: Greninja|Greninja, F, tera:Water|100\/100\n|-damage|p1a: Greninja|88\/100|[from] Spikes\n|move|p2a: Toedscruel|Spikes|p1a: Greninja\n|-sidestart|p1: godiamsosorry|Spikes\n|\n|-heal|p2a: Toedscruel|92\/100|[from] item: Leftovers\n|upkeep\n|turn|27\n|\n|t:|1698556758\n|move|p1a: Greninja|Liquidation|p2a: Toedscruel\n|-damage|p2a: Toedscruel|0 fnt\n|faint|p2a: Toedscruel\n|\n|upkeep\n|\n|t:|1698556762\n|switch|p2a: Slowking|Slowking-Galar, F|100\/100\n|turn|28\n|\n|t:|1698556768\n|move|p1a: Greninja|Liquidation|p2a: Slowking\n|-damage|p2a: Slowking|49\/100\n|-unboost|p2a: Slowking|def|1\n|move|p2a: Slowking|Toxic|p1a: Greninja\n|-status|p1a: Greninja|tox\n|\n|-damage|p1a: Greninja|82\/100 tox|[from] psn\n|upkeep\n|turn|29\n|\n|t:|1698556773\n|switch|p2a: Shaymin|Shaymin-Sky|91\/100\n|-damage|p2a: Shaymin|66\/100|[from] Stealth Rock\n|move|p1a: Greninja|Liquidation|p2a: Shaymin\n|-resisted|p2a: Shaymin\n|-damage|p2a: Shaymin|22\/100\n|\n|-damage|p1a: Greninja|70\/100 tox|[from] psn\n|-sideend|p1: godiamsosorry|Reflect\n|upkeep\n|turn|30\n|\n|t:|1698556779\n|switch|p1a: Gholdengo|Gholdengo|57\/100\n|-damage|p1a: Gholdengo|40\/100|[from] Spikes\n|move|p2a: Shaymin|Seed Bomb|p1a: Gholdengo\n|-resisted|p1a: Gholdengo\n|-damage|p1a: Gholdengo|25\/100\n|-damage|p2a: Shaymin|12\/100|[from] item: Life Orb\n|\n|upkeep\n|turn|31\n|\n|t:|1698556784\n|move|p2a: Shaymin|Seed Bomb|p1a: Gholdengo\n|-resisted|p1a: Gholdengo\n|-crit|p1a: Gholdengo\n|-damage|p1a: Gholdengo|2\/100\n|-damage|p2a: Shaymin|2\/100|[from] item: Life Orb\n|move|p1a: Gholdengo|Thunder Wave|p2a: Shaymin|[miss]\n|-miss|p1a: Gholdengo|p2a: Shaymin\n|\n|upkeep\n|turn|32\n|\n|t:|1698556795\n|move|p2a: Shaymin|Seed Bomb|p1a: Gholdengo\n|-resisted|p1a: Gholdengo\n|-damage|p1a: Gholdengo|0 fnt\n|faint|p1a: Gholdengo\n|-damage|p2a: Shaymin|0 fnt|[from] item: Life Orb\n|faint|p2a: Shaymin\n|\n|upkeep\n|\n|t:|1698556801\n|switch|p2a: Slowking|Slowking-Galar, F|82\/100\n|switch|p1a: Infernape|Infernape, M|76\/100\n|-damage|p1a: Infernape|60\/100|[from] Spikes\n|turn|33\n|\n|t:|1698556808\n|move|p1a: Infernape|Flare Blitz|p2a: Slowking\n|-damage|p2a: Slowking|46\/100\n|-damage|p1a: Infernape|44\/100|[from] Recoil\n|move|p2a: Slowking|Chilly Reception|p2a: Slowking\n|-weather|Snow\n|\n|t:|1698556810\n|switch|p2a: Palafin|Palafin-Hero, M|52\/100|[from] Chilly Reception\n|-damage|p2a: Palafin|39\/100|[from] Stealth Rock\n|-activate|p2a: Palafin|ability: Zero to Hero\n|\n|-weather|Snow|[upkeep]\n|upkeep\n|turn|34\n|\n|t:|1698556813\n|move|p1a: Infernape|Flare Blitz|p2a: Palafin\n|-resisted|p2a: Palafin\n|-damage|p2a: Palafin|13\/100\n|-damage|p1a: Infernape|33\/100|[from] Recoil\n|move|p2a: Palafin|Surf|p1a: Infernape\n|-supereffective|p1a: Infernape\n|-damage|p1a: Infernape|0 fnt\n|faint|p1a: Infernape\n|\n|-weather|Snow|[upkeep]\n|upkeep\n|\n|t:|1698556817\n|switch|p1a: Greninja|Greninja, F, tera:Water|70\/100 tox\n|-damage|p1a: Greninja|54\/100 tox|[from] Spikes\n|turn|35\n|\n|t:|1698556820\n|move|p1a: Greninja|Liquidation|p2a: Palafin\n|-resisted|p2a: Palafin\n|-damage|p2a: Palafin|0 fnt\n|faint|p2a: Palafin\n|\n|-weather|Snow|[upkeep]\n|-damage|p1a: Greninja|48\/100 tox|[from] psn\n|upkeep\n|\n|t:|1698556825\n|switch|p2a: Slowking|Slowking-Galar, F|79\/100\n|turn|36\n|\n|t:|1698556827\n|move|p1a: Greninja|Liquidation|p2a: Slowking\n|-damage|p2a: Slowking|28\/100\n|move|p2a: Slowking|Slack Off|p2a: Slowking\n|-heal|p2a: Slowking|78\/100\n|\n|-weather|Snow|[upkeep]\n|-damage|p1a: Greninja|36\/100 tox|[from] psn\n|upkeep\n|turn|37\n|\n|t:|1698556830\n|move|p1a: Greninja|Liquidation|p2a: Slowking\n|-crit|p2a: Slowking\n|-damage|p2a: Slowking|3\/100\n|-unboost|p2a: Slowking|def|1\n|move|p2a: Slowking|Slack Off|p2a: Slowking\n|-heal|p2a: Slowking|53\/100\n|\n|-weather|none\n|-damage|p1a: Greninja|18\/100 tox|[from] psn\n|upkeep\n|turn|38\n|\n|t:|1698556833\n|move|p1a: Greninja|Liquidation|p2a: Slowking\n|-damage|p2a: Slowking|0 fnt\n|faint|p2a: Slowking\n|\n|win|godiamsosorry\n|c|\u2606Dragon Master Rosa|Kms\n","uploadtime":1698556844,"views":20,"p1id":"godiamsosorry","p2id":"dragonmasterrosa","formatid":"gen9ubers","rating":0,"private":0,"password":""}