{"id":"gen9ubers-1977417002","p1":"gndu36","p2":"meisgroot1","format":"[Gen 9] Ubers","log":"|j|\u2606gndu36\n|j|\u2606meisgroot1\n|t:|1698415267\n|gametype|singles\n|player|p1|gndu36|170|\n|player|p2|meisgroot1|2|\n|teamsize|p1|6\n|teamsize|p2|6\n|gen|9\n|tier|[Gen 9] Ubers\n|rule|Sleep Clause Mod: Limit one foe put to sleep\n|rule|Species Clause: Limit one of each Pok\u00e9mon\n|rule|OHKO Clause: OHKO moves are banned\n|rule|Evasion Items Clause: Evasion items are banned\n|rule|Evasion Moves Clause: Evasion moves are banned\n|rule|Endless Battle Clause: Forcing endless battles is banned\n|rule|HP Percentage Mod: HP is shown in percentages\n|clearpoke\n|poke|p1|Toxapex, F|\n|poke|p1|Amoonguss, F|\n|poke|p1|Cinderace, M|\n|poke|p1|Palkia-Origin|\n|poke|p1|Kingambit, M|\n|poke|p1|Great Tusk|\n|poke|p2|Iron Valiant|\n|poke|p2|Cetitan, F|\n|poke|p2|Dialga-Origin|\n|poke|p2|Ogerpon-Wellspring, F|\n|poke|p2|Basculin-White-Striped, M|\n|poke|p2|Giratina|\n|teampreview\n|\n|t:|1698415274\n|start\n|switch|p1a: Cinderace|Cinderace, M|100\/100\n|switch|p2a: Dialga|Dialga-Origin|100\/100\n|-ability|p2a: Dialga|Pressure\n|turn|1\n|\n|t:|1698415285\n|move|p1a: Cinderace|Pyro Ball|p2a: Dialga\n|-damage|p2a: Dialga|61\/100\n|move|p2a: Dialga|Earth Power|p1a: Cinderace\n|-supereffective|p1a: Cinderace\n|-damage|p1a: Cinderace|11\/100\n|\n|upkeep\n|turn|2\n|\n|t:|1698415292\n|move|p1a: Cinderace|Pyro Ball|p2a: Dialga\n|-damage|p2a: Dialga|26\/100\n|move|p2a: Dialga|Earth Power|p1a: Cinderace\n|-supereffective|p1a: Cinderace\n|-damage|p1a: Cinderace|0 fnt\n|faint|p1a: Cinderace\n|\n|upkeep\n|\n|t:|1698415300\n|switch|p1a: Palkia|Palkia-Origin|100\/100\n|-ability|p1a: Palkia|Pressure\n|turn|3\n|\n|t:|1698415311\n|move|p1a: Palkia|Aura Sphere|p2a: Dialga\n|-supereffective|p2a: Dialga\n|-damage|p2a: Dialga|0 fnt\n|faint|p2a: Dialga\n|\n|upkeep\n|\n|t:|1698415316\n|switch|p2a: Iron Valiant|Iron Valiant|100\/100\n|-enditem|p2a: Iron Valiant|Booster Energy\n|-activate|p2a: Iron Valiant|ability: Quark Drive|[fromitem]\n|-start|p2a: Iron Valiant|quarkdrivespe\n|turn|4\n|\n|t:|1698415322\n|switch|p1a: Amoonguss|Amoonguss, F|100\/100\n|move|p2a: Iron Valiant|Swords Dance|p2a: Iron Valiant\n|-boost|p2a: Iron Valiant|atk|2\n|\n|upkeep\n|turn|5\n|\n|t:|1698415344\n|move|p2a: Iron Valiant|Close Combat|p1a: Amoonguss\n|-resisted|p1a: Amoonguss\n|-damage|p1a: Amoonguss|43\/100\n|-unboost|p2a: Iron Valiant|def|1\n|-unboost|p2a: Iron Valiant|spd|1\n|move|p1a: Amoonguss|Spore|p2a: Iron Valiant\n|-status|p2a: Iron Valiant|slp|[from] move: Spore\n|\n|-heal|p1a: Amoonguss|49\/100|[from] item: Leftovers\n|upkeep\n|turn|6\n|\n|t:|1698415358\n|switch|p1a: Palkia|Palkia-Origin|100\/100\n|-ability|p1a: Palkia|Pressure\n|cant|p2a: Iron Valiant|slp\n|\n|upkeep\n|turn|7\n|\n|t:|1698415363\n|-curestatus|p2a: Iron Valiant|slp|[msg]\n|move|p2a: Iron Valiant|Swords Dance|p2a: Iron Valiant\n|-boost|p2a: Iron Valiant|atk|2\n|move|p1a: Palkia|Surf|p2a: Iron Valiant\n|-damage|p2a: Iron Valiant|0 fnt\n|faint|p2a: Iron Valiant\n|-end|p2a: Iron Valiant|Quark Drive|[silent]\n|\n|upkeep\n|\n|t:|1698415377\n|switch|p2a: Ogerpon|Ogerpon-Wellspring, F|100\/100\n|turn|8\n|\n|t:|1698415381\n|move|p1a: Palkia|Spacial Rend|p2a: Ogerpon\n|-damage|p2a: Ogerpon|13\/100\n|move|p2a: Ogerpon|Swords Dance|p2a: Ogerpon\n|-boost|p2a: Ogerpon|atk|2\n|\n|upkeep\n|turn|9\n|\n|t:|1698415388\n|move|p1a: Palkia|Aura Sphere|p2a: Ogerpon\n|-damage|p2a: Ogerpon|0 fnt\n|faint|p2a: Ogerpon\n|\n|upkeep\n|\n|t:|1698415392\n|switch|p2a: Cetitan|Cetitan, F|100\/100\n|turn|10\n|\n|t:|1698415395\n|-terastallize|p1a: Palkia|Fire\n|move|p1a: Palkia|Flamethrower|p2a: Cetitan\n|-supereffective|p2a: Cetitan\n|-damage|p2a: Cetitan|37\/100\n|-enditem|p2a: Cetitan|Sitrus Berry|[eat]\n|-heal|p2a: Cetitan|62\/100|[from] item: Sitrus Berry\n|move|p2a: Cetitan|Belly Drum|p2a: Cetitan\n|-damage|p2a: Cetitan|12\/100\n|-setboost|p2a: Cetitan|atk|6|[from] move: Belly Drum\n|\n|upkeep\n|turn|11\n|\n|t:|1698415414\n|move|p1a: Palkia|Flamethrower|p2a: Cetitan\n|-supereffective|p2a: Cetitan\n|-damage|p2a: Cetitan|0 fnt\n|faint|p2a: Cetitan\n|\n|upkeep\n|\n|t:|1698415418\n|switch|p2a: Basculin|Basculin-White-Striped, M, shiny|100\/100\n|turn|12\n|\n|t:|1698415421\n|-terastallize|p2a: Basculin|Ghost\n|move|p2a: Basculin|Last Respects|p1a: Palkia\n|-damage|p1a: Palkia|0 fnt\n|faint|p1a: Palkia\n|\n|upkeep\n|\n|t:|1698415426\n|switch|p1a: Kingambit|Kingambit, M|100\/100\n|-activate|p1a: Kingambit|ability: Supreme Overlord\n|-start|p1a: Kingambit|fallen2|[silent]\n|turn|13\n|\n|t:|1698415440\n|move|p1a: Kingambit|Sucker Punch|p2a: Basculin\n|-supereffective|p2a: Basculin\n|-damage|p2a: Basculin|0 fnt\n|faint|p2a: Basculin\n|\n|upkeep\n|inactive|Battle timer is ON: inactive players will automatically lose when time's up. (requested by gndu36)\n|c|\u2606meisgroot1|wp\n|\n|t:|1698415446\n|switch|p2a: Giratina|Giratina|100\/100\n|-ability|p2a: Giratina|Pressure\n|turn|14\n|\n|t:|1698415450\n|move|p1a: Kingambit|Kowtow Cleave|p2a: Giratina\n|-supereffective|p2a: Giratina\n|-damage|p2a: Giratina|42\/100\n|move|p2a: Giratina|Dragon Tail|p1a: Kingambit\n|-resisted|p1a: Kingambit\n|-damage|p1a: Kingambit|92\/100\n|-end|p1a: Kingambit|fallen2|[silent]\n|drag|p1a: Toxapex|Toxapex, F|100\/100\n|\n|-heal|p2a: Giratina|48\/100|[from] item: Leftovers\n|upkeep\n|turn|15\n|c|\u2606gndu36|Thanks for the rematch\n|\n|t:|1698415479\n|switch|p1a: Kingambit|Kingambit, M|92\/100\n|-activate|p1a: Kingambit|ability: Supreme Overlord\n|-start|p1a: Kingambit|fallen2|[silent]\n|move|p2a: Giratina|Will-O-Wisp|p1a: Kingambit\n|-status|p1a: Kingambit|brn\n|\n|-heal|p2a: Giratina|54\/100|[from] item: Leftovers\n|-damage|p1a: Kingambit|86\/100 brn|[from] brn\n|upkeep\n|turn|16\n|\n|t:|1698415490\n|move|p1a: Kingambit|Kowtow Cleave|p2a: Giratina\n|-supereffective|p2a: Giratina\n|-damage|p2a: Giratina|25\/100\n|move|p2a: Giratina|Dragon Tail|p1a: Kingambit\n|-resisted|p1a: Kingambit\n|-crit|p1a: Kingambit\n|-damage|p1a: Kingambit|73\/100 brn\n|-end|p1a: Kingambit|fallen2|[silent]\n|drag|p1a: Great Tusk|Great Tusk|100\/100\n|\n|-heal|p2a: Giratina|31\/100|[from] item: Leftovers\n|upkeep\n|turn|17\n|\n|t:|1698415504\n|move|p1a: Great Tusk|Headlong Rush|p2a: Giratina\n|-damage|p2a: Giratina|2\/100\n|-unboost|p1a: Great Tusk|def|1\n|-unboost|p1a: Great Tusk|spd|1\n|move|p2a: Giratina|Rest|p2a: Giratina\n|-status|p2a: Giratina|slp|[from] move: Rest\n|-heal|p2a: Giratina|100\/100 slp|[silent]\n|\n|upkeep\n|turn|18\n|c|\u2606meisgroot1|Bruh\n|inactive|meisgroot1 has 270 seconds left.\n|\n|t:|1698415535\n|move|p1a: Great Tusk|Play Rough|p2a: Giratina\n|-supereffective|p2a: Giratina\n|-damage|p2a: Giratina|71\/100 slp\n|cant|p2a: Giratina|slp\n|\n|-heal|p2a: Giratina|78\/100 slp|[from] item: Leftovers\n|upkeep\n|turn|19\n|\n|t:|1698415555\n|move|p1a: Great Tusk|Headlong Rush|p2a: Giratina\n|-damage|p2a: Giratina|48\/100 slp\n|-unboost|p1a: Great Tusk|def|1\n|-unboost|p1a: Great Tusk|spd|1\n|cant|p2a: Giratina|slp\n|\n|-heal|p2a: Giratina|54\/100 slp|[from] item: Leftovers\n|upkeep\n|turn|20\n|\n|t:|1698415572\n|move|p1a: Great Tusk|Headlong Rush|p2a: Giratina\n|-damage|p2a: Giratina|21\/100 slp\n|-unboost|p1a: Great Tusk|def|1\n|-unboost|p1a: Great Tusk|spd|1\n|-curestatus|p2a: Giratina|slp|[msg]\n|move|p2a: Giratina|Will-O-Wisp|p1a: Great Tusk|[miss]\n|-miss|p2a: Giratina|p1a: Great Tusk\n|\n|-heal|p2a: Giratina|27\/100|[from] item: Leftovers\n|upkeep\n|turn|21\n|\n|t:|1698415581\n|move|p1a: Great Tusk|Headlong Rush|p2a: Giratina\n|-damage|p2a: Giratina|0 fnt\n|-unboost|p1a: Great Tusk|def|1\n|-unboost|p1a: Great Tusk|spd|1\n|faint|p2a: Giratina\n|\n|win|gndu36\n|c|\u2606gndu36|gg\n|c|\u2606meisgroot1|gg\n|l|\u2606meisgroot1\n","uploadtime":1698415594,"views":10,"p1id":"gndu36","p2id":"meisgroot1","formatid":"gen9ubers","rating":0,"private":0,"password":""}