{"id":"gen9ubers-1975778565","p1":"CUDD","p2":"Anne Frankkkk","format":"[Gen 9] Ubers","log":"|j|\u2606CUDD\n|j|\u2606Anne Frankkkk\n|t:|1698237068\n|gametype|singles\n|player|p1|CUDD|palmer|1046\n|player|p2|Anne Frankkkk|hilbert|1175\n|teamsize|p1|6\n|teamsize|p2|6\n|gen|9\n|tier|[Gen 9] Ubers\n|rated|\n|rule|Sleep Clause Mod: Limit one foe put to sleep\n|rule|Species Clause: Limit one of each Pok\u00e9mon\n|rule|OHKO Clause: OHKO moves are banned\n|rule|Evasion Items Clause: Evasion items are banned\n|rule|Evasion Moves Clause: Evasion moves are banned\n|rule|Endless Battle Clause: Forcing endless battles is banned\n|rule|HP Percentage Mod: HP is shown in percentages\n|clearpoke\n|poke|p1|Arceus-Flying|\n|poke|p1|Palkia-Origin|\n|poke|p1|Giratina|\n|poke|p1|Zamazenta-*|\n|poke|p1|Miraidon|\n|poke|p1|Urshifu-*, M|\n|poke|p2|Iron Hands|\n|poke|p2|Kyogre|\n|poke|p2|Chien-Pao|\n|poke|p2|Ribombee, F|\n|poke|p2|Miraidon|\n|poke|p2|Flutter Mane|\n|teampreview\n|inactive|Battle timer is ON: inactive players will automatically lose when time's up. (requested by CUDD)\n|\n|t:|1698237076\n|start\n|switch|p1a: Urshifu|Urshifu, M|100\/100\n|switch|p2a: Moonblast|Ribombee, F, shiny|100\/100\n|turn|1\n|\n|t:|1698237089\n|move|p2a: Moonblast|Sticky Web|p1a: Urshifu\n|-sidestart|p1: CUDD|move: Sticky Web\n|move|p1a: Urshifu|Wicked Blow|p2a: Moonblast\n|-resisted|p2a: Moonblast\n|-crit|p2a: Moonblast\n|-damage|p2a: Moonblast|9\/100\n|\n|upkeep\n|turn|2\n|\n|t:|1698237094\n|move|p2a: Moonblast|Moonblast|p1a: Urshifu\n|-supereffective|p1a: Urshifu\n|-damage|p1a: Urshifu|0 fnt\n|faint|p1a: Urshifu\n|\n|upkeep\n|\n|t:|1698237099\n|switch|p1a: Palkia|Palkia-Origin|100\/100\n|-activate|p1a: Palkia|move: Sticky Web\n|-unboost|p1a: Palkia|spe|1\n|-ability|p1a: Palkia|Pressure\n|turn|3\n|\n|t:|1698237111\n|move|p2a: Moonblast|Moonblast|p1a: Palkia\n|-supereffective|p1a: Palkia\n|-damage|p1a: Palkia|25\/100\n|move|p1a: Palkia|Hydro Pump|p2a: Moonblast\n|-damage|p2a: Moonblast|0 fnt\n|faint|p2a: Moonblast\n|\n|upkeep\n|\n|t:|1698237127\n|switch|p2a: Ice Cat|Chien-Pao|100\/100\n|-ability|p2a: Ice Cat|Sword of Ruin\n|turn|4\n|\n|t:|1698237144\n|switch|p1a: Miraidon|Miraidon|100\/100\n|-activate|p1a: Miraidon|move: Sticky Web\n|-unboost|p1a: Miraidon|spe|1\n|-fieldstart|move: Electric Terrain|[from] ability: Hadron Engine|[of] p1a: Miraidon\n|move|p2a: Ice Cat|Ice Spinner|p1a: Miraidon\n|-supereffective|p1a: Miraidon\n|-damage|p1a: Miraidon|0 fnt\n|-fieldend|move: Electric Terrain\n|faint|p1a: Miraidon\n|-damage|p2a: Ice Cat|91\/100|[from] item: Life Orb\n|\n|upkeep\n|\n|t:|1698237156\n|switch|p1a: Giratina|Giratina|100\/100\n|-ability|p1a: Giratina|Pressure\n|turn|5\n|\n|t:|1698237168\n|move|p2a: Ice Cat|Ice Spinner|p1a: Giratina\n|-supereffective|p1a: Giratina\n|-damage|p1a: Giratina|37\/100\n|-damage|p2a: Ice Cat|81\/100|[from] item: Life Orb\n|move|p1a: Giratina|Dragon Tail|p2a: Ice Cat\n|-damage|p2a: Ice Cat|51\/100\n|drag|p2a: The Flood|Kyogre|100\/100\n|-weather|RainDance|[from] ability: Drizzle|[of] p2a: The Flood\n|\n|-weather|RainDance|[upkeep]\n|upkeep\n|turn|6\n|\n|t:|1698237183\n|switch|p1a: Zamazenta|Zamazenta-Crowned|100\/100\n|-activate|p1a: Zamazenta|move: Sticky Web\n|-unboost|p1a: Zamazenta|spe|1\n|-ability|p1a: Zamazenta|Dauntless Shield|boost\n|-boost|p1a: Zamazenta|def|1\n|move|p2a: The Flood|Ice Beam|p1a: Zamazenta\n|-resisted|p1a: Zamazenta\n|-damage|p1a: Zamazenta|84\/100\n|\n|-weather|RainDance|[upkeep]\n|upkeep\n|turn|7\n|\n|t:|1698237195\n|switch|p2a: Big Boy|Iron Hands, shiny|100\/100\n|move|p1a: Zamazenta|Iron Defense|p1a: Zamazenta\n|-boost|p1a: Zamazenta|def|2\n|\n|-weather|RainDance|[upkeep]\n|upkeep\n|turn|8\n|\n|t:|1698237206\n|move|p1a: Zamazenta|Iron Defense|p1a: Zamazenta\n|-boost|p1a: Zamazenta|def|2\n|move|p2a: Big Boy|Drain Punch|p1a: Zamazenta\n|-supereffective|p1a: Zamazenta\n|-damage|p1a: Zamazenta|67\/100\n|\n|-weather|RainDance|[upkeep]\n|upkeep\n|turn|9\n|\n|t:|1698237223\n|move|p1a: Zamazenta|Body Press|p2a: Big Boy\n|-damage|p2a: Big Boy|13\/100\n|move|p2a: Big Boy|Drain Punch|p1a: Zamazenta\n|-supereffective|p1a: Zamazenta\n|-damage|p1a: Zamazenta|49\/100\n|-heal|p2a: Big Boy|20\/100|[from] drain|[of] p1a: Zamazenta\n|\n|-weather|none\n|upkeep\n|turn|10\n|\n|t:|1698237231\n|move|p1a: Zamazenta|Body Press|p2a: Big Boy\n|-damage|p2a: Big Boy|0 fnt\n|faint|p2a: Big Boy\n|-end|p2a: Big Boy|Quark Drive|[silent]\n|\n|upkeep\n|\n|t:|1698237240\n|switch|p2a: The Flood|Kyogre|100\/100\n|-weather|RainDance|[from] ability: Drizzle|[of] p2a: The Flood\n|turn|11\n|\n|t:|1698237246\n|move|p2a: The Flood|Water Spout|p1a: Zamazenta\n|-damage|p1a: Zamazenta|0 fnt\n|faint|p1a: Zamazenta\n|\n|-weather|RainDance|[upkeep]\n|upkeep\n|\n|t:|1698237252\n|switch|p1a: Arceus|Arceus-Flying|100\/100\n|turn|12\n|\n|t:|1698237259\n|move|p1a: Arceus|Judgment|p2a: The Flood\n|-crit|p2a: The Flood\n|-damage|p2a: The Flood|49\/100\n|move|p2a: The Flood|Water Spout|p1a: Arceus\n|-damage|p1a: Arceus|33\/100\n|\n|-weather|RainDance|[upkeep]\n|upkeep\n|turn|13\n|\n|t:|1698237269\n|switch|p2a: Cyber Lizard|Miraidon|100\/100\n|-fieldstart|move: Electric Terrain|[from] ability: Hadron Engine|[of] p2a: Cyber Lizard\n|-item|p2a: Cyber Lizard|Air Balloon\n|move|p1a: Arceus|Judgment|p2a: Cyber Lizard\n|-resisted|p2a: Cyber Lizard\n|-damage|p2a: Cyber Lizard|77\/100\n|-enditem|p2a: Cyber Lizard|Air Balloon\n|\n|-weather|RainDance|[upkeep]\n|upkeep\n|turn|14\n|\n|t:|1698237285\n|move|p1a: Arceus|Recover|p1a: Arceus\n|-heal|p1a: Arceus|84\/100\n|move|p2a: Cyber Lizard|Electro Drift|p1a: Arceus\n|-supereffective|p1a: Arceus\n|-damage|p1a: Arceus|0 fnt\n|faint|p1a: Arceus\n|\n|-weather|RainDance|[upkeep]\n|upkeep\n|\n|t:|1698237297\n|switch|p1a: Giratina|Giratina|37\/100\n|-ability|p1a: Giratina|Pressure\n|turn|15\n|\n|t:|1698237311\n|move|p2a: Cyber Lizard|Dragon Pulse|p1a: Giratina\n|-supereffective|p1a: Giratina\n|-damage|p1a: Giratina|0 fnt\n|faint|p1a: Giratina\n|\n|-weather|none\n|upkeep\n|\n|t:|1698237316\n|switch|p1a: Palkia|Palkia-Origin|25\/100\n|-activate|p1a: Palkia|move: Sticky Web\n|-unboost|p1a: Palkia|spe|1\n|-ability|p1a: Palkia|Pressure\n|turn|16\n|c|\u2606CUDD|gg\n|\n|t:|1698237323\n|move|p2a: Cyber Lizard|Electro Drift|p1a: Palkia\n|-damage|p1a: Palkia|0 fnt\n|faint|p1a: Palkia\n|\n|win|Anne Frankkkk\n|raw|CUDD's rating: 1046 &rarr; <strong>1035<\/strong><br \/>(-11 for losing)\n|raw|Anne Frankkkk's rating: 1175 &rarr; <strong>1191<\/strong><br \/>(+16 for winning)\n|l|\u2606CUDD\n","uploadtime":1698237330,"views":8,"p1id":"cudd","p2id":"annefrankkkk","formatid":"gen9ubers","rating":1035,"private":0,"password":""}