{"id":"gen9ubers-1980378290","p1":"clorboycoctopus","p2":"lolgz","format":"[Gen 9] Ubers","log":"|j|\u2606clorboycoctopus\n|j|\u2606lolgz\n|t:|1698779731\n|gametype|singles\n|player|p1|clorboycoctopus|blackbelt-gen4dp|\n|player|p2|lolgz|265|\n|teamsize|p1|6\n|teamsize|p2|6\n|gen|9\n|tier|[Gen 9] Ubers\n|rule|Sleep Clause Mod: Limit one foe put to sleep\n|rule|Species Clause: Limit one of each Pok\u00e9mon\n|rule|OHKO Clause: OHKO moves are banned\n|rule|Evasion Items Clause: Evasion items are banned\n|rule|Evasion Moves Clause: Evasion moves are banned\n|rule|Endless Battle Clause: Forcing endless battles is banned\n|rule|HP Percentage Mod: HP is shown in percentages\n|clearpoke\n|poke|p1|Spectrier|\n|poke|p1|Masquerain, F|\n|poke|p1|Cyclizar, F|\n|poke|p1|Landorus, M|\n|poke|p1|Zacian-*|\n|poke|p1|Arceus-Fire|\n|poke|p2|Magearna|\n|poke|p2|Zacian-*|\n|poke|p2|Cyclizar, M|\n|poke|p2|Palkia-Origin|\n|poke|p2|Arceus-Fire|\n|poke|p2|Garchomp, F|\n|teampreview\n|inactive|Battle timer is ON: inactive players will automatically lose when time's up. (requested by lolgz)\n|c|\u2606clorboycoctopus|where do i put the vod\n|inactive|clorboycoctopus has 270 seconds left.\n|\n|t:|1698779784\n|start\n|switch|p1a: Zacian|Zacian|100\/100\n|switch|p2a: Cyclizar|Cyclizar, M|100\/100\n|-ability|p1a: Zacian|Intrepid Sword|boost\n|-boost|p1a: Zacian|atk|1\n|turn|1\n|\n|t:|1698779799\n|move|p2a: Cyclizar|Shed Tail|p2a: Cyclizar\n|-start|p2a: Cyclizar|Substitute|[from] move: Shed Tail\n|-damage|p2a: Cyclizar|50\/100\n|\n|t:|1698779807\n|switch|p2a: Magearna|Magearna|100\/100|[from] Shed Tail\n|move|p1a: Zacian|Close Combat|p2a: Magearna\n|-end|p2a: Magearna|Substitute\n|-unboost|p1a: Zacian|def|1\n|-unboost|p1a: Zacian|spd|1\n|\n|upkeep\n|turn|2\n|\n|t:|1698779836\n|switch|p1a: Cyclizar|Cyclizar, F|100\/100\n|move|p2a: Magearna|Shift Gear|p2a: Magearna\n|-boost|p2a: Magearna|spe|2\n|-boost|p2a: Magearna|atk|1\n|\n|upkeep\n|turn|3\n|\n|t:|1698779841\n|move|p1a: Cyclizar|Shed Tail|p1a: Cyclizar\n|-start|p1a: Cyclizar|Substitute|[from] move: Shed Tail\n|-damage|p1a: Cyclizar|50\/100\n|\n|t:|1698779844\n|switch|p1a: Masquerain|Masquerain, F|100\/100|[from] Shed Tail\n|-ability|p1a: Masquerain|Intimidate|boost\n|-unboost|p2a: Magearna|atk|1\n|move|p2a: Magearna|Calm Mind|p2a: Magearna\n|-boost|p2a: Magearna|spa|1\n|-boost|p2a: Magearna|spd|1\n|\n|upkeep\n|turn|4\n|\n|t:|1698779849\n|move|p2a: Magearna|Draining Kiss|p1a: Masquerain\n|-crit|p1a: Masquerain\n|-end|p1a: Masquerain|Substitute\n|move|p1a: Masquerain|Sticky Web|p2a: Magearna\n|-sidestart|p2: lolgz|move: Sticky Web\n|\n|upkeep\n|turn|5\n|\n|t:|1698779860\n|move|p2a: Magearna|Stored Power|p1a: Masquerain\n|-damage|p1a: Masquerain|39\/100\n|move|p1a: Masquerain|Haze|p1a: Masquerain\n|-clearallboost\n|\n|upkeep\n|turn|6\n|\n|t:|1698779866\n|move|p1a: Masquerain|Stun Spore|p2a: Magearna\n|-status|p2a: Magearna|par\n|move|p2a: Magearna|Draining Kiss|p1a: Masquerain\n|-damage|p1a: Masquerain|9\/100\n|\n|upkeep\n|turn|7\n|\n|t:|1698779874\n|move|p1a: Masquerain|Chilling Water|p2a: Magearna\n|-damage|p2a: Magearna|88\/100 par\n|-unboost|p2a: Magearna|atk|1\n|move|p2a: Magearna|Draining Kiss|p1a: Masquerain\n|-damage|p1a: Masquerain|0 fnt\n|-heal|p2a: Magearna|92\/100 par|[from] drain|[of] p1a: Masquerain\n|faint|p1a: Masquerain\n|-ability|p2a: Magearna|Soul-Heart|boost\n|-boost|p2a: Magearna|spa|1\n|\n|-heal|p2a: Magearna|98\/100 par|[from] item: Leftovers\n|upkeep\n|\n|t:|1698779879\n|switch|p1a: Landorus|Landorus, M|100\/100\n|turn|8\n|\n|t:|1698779885\n|-terastallize|p2a: Magearna|Water\n|move|p1a: Landorus|Earth Power|p2a: Magearna\n|-damage|p2a: Magearna|34\/100 par\n|move|p2a: Magearna|Shift Gear|p2a: Magearna\n|-boost|p2a: Magearna|spe|2\n|-boost|p2a: Magearna|atk|1\n|\n|-heal|p2a: Magearna|40\/100 par|[from] item: Leftovers\n|upkeep\n|turn|9\n|\n|t:|1698779888\n|move|p1a: Landorus|Sludge Bomb|p2a: Magearna\n|-damage|p2a: Magearna|0 fnt\n|faint|p2a: Magearna\n|\n|upkeep\n|\n|t:|1698779891\n|switch|p2a: Cyclizar|Cyclizar, M|84\/100\n|-activate|p2a: Cyclizar|move: Sticky Web\n|-unboost|p2a: Cyclizar|spe|1\n|turn|10\n|\n|t:|1698779894\n|move|p2a: Cyclizar|Rapid Spin|p1a: Landorus\n|-crit|p1a: Landorus\n|-damage|p1a: Landorus|77\/100\n|-boost|p2a: Cyclizar|spe|1\n|-sideend|p2: lolgz|Sticky Web|[from] move: Rapid Spin|[of] p2a: Cyclizar\n|move|p1a: Landorus|Focus Blast|p2a: Cyclizar\n|-supereffective|p2a: Cyclizar\n|-damage|p2a: Cyclizar|0 fnt\n|faint|p2a: Cyclizar\n|\n|upkeep\n|\n|t:|1698779904\n|switch|p2a: Garchomp|Garchomp, F|100\/100\n|turn|11\n|\n|t:|1698779908\n|move|p2a: Garchomp|Swords Dance|p2a: Garchomp\n|-boost|p2a: Garchomp|atk|2\n|move|p1a: Landorus|Earth Power|p2a: Garchomp\n|-damage|p2a: Garchomp|10\/100\n|\n|upkeep\n|turn|12\n|\n|t:|1698779911\n|move|p2a: Garchomp|Scale Shot|p1a: Landorus\n|-damage|p1a: Landorus|45\/100\n|-damage|p1a: Landorus|15\/100\n|-damage|p1a: Landorus|0 fnt\n|faint|p1a: Landorus\n|-hitcount|p1: Landorus|3\n|-unboost|p2a: Garchomp|def|1\n|-boost|p2a: Garchomp|spe|1\n|\n|upkeep\n|\n|t:|1698779924\n|switch|p1a: Arceus|Arceus-Fire|100\/100\n|turn|13\n|\n|t:|1698779926\n|move|p2a: Garchomp|Earthquake|p1a: Arceus\n|-supereffective|p1a: Arceus\n|-damage|p1a: Arceus|0 fnt\n|faint|p1a: Arceus\n|\n|upkeep\n|\n|t:|1698779929\n|switch|p1a: Zacian|Zacian|100\/100\n|turn|14\n|\n|t:|1698779935\n|move|p2a: Garchomp|Earthquake|p1a: Zacian\n|-damage|p1a: Zacian|0 fnt\n|faint|p1a: Zacian\n|\n|upkeep\n|\n|t:|1698779937\n|switch|p1a: Cyclizar|Cyclizar, F|83\/100\n|turn|15\n|\n|t:|1698779942\n|move|p2a: Garchomp|Scale Shot|p1a: Cyclizar\n|-supereffective|p1a: Cyclizar\n|-damage|p1a: Cyclizar|0 fnt\n|faint|p1a: Cyclizar\n|-hitcount|p1: Cyclizar|1\n|-unboost|p2a: Garchomp|def|1\n|-boost|p2a: Garchomp|spe|1\n|\n|upkeep\n|\n|t:|1698779943\n|switch|p1a: Spectrier|Spectrier|100\/100\n|turn|16\n|\n|t:|1698779948\n|move|p2a: Garchomp|Scale Shot|p1a: Spectrier\n|-damage|p1a: Spectrier|64\/100\n|-damage|p1a: Spectrier|27\/100\n|-damage|p1a: Spectrier|0 fnt\n|faint|p1a: Spectrier\n|-hitcount|p1: Spectrier|3\n|\n|win|lolgz\n|c|\u2606lolgz|put vof\n|c|\u2606lolgz|vod pls\n","uploadtime":1698779982,"views":10,"p1id":"clorboycoctopus","p2id":"lolgz","formatid":"gen9ubers","rating":0,"private":0,"password":""}