{"id":"gen9ubers-1968269067","p1":"IoSonoNeon","p2":"Ralsei Hatty","format":"[Gen 9] Ubers","log":"|j|\u2606IoSonoNeon\n|j|\u2606Ralsei Hatty\n|inactive|Battle timer is ON: inactive players will automatically lose when time's up.\n|t:|1697400782\n|gametype|singles\n|player|p1|IoSonoNeon|#dpppliii|\n|player|p2|Ralsei Hatty|kieran|\n|teamsize|p1|6\n|teamsize|p2|6\n|gen|9\n|tier|[Gen 9] Ubers\n|rated|Tournament battle\n|rule|Sleep Clause Mod: Limit one foe put to sleep\n|rule|Species Clause: Limit one of each Pok\u00e9mon\n|rule|OHKO Clause: OHKO moves are banned\n|rule|Evasion Items Clause: Evasion items are banned\n|rule|Evasion Moves Clause: Evasion moves are banned\n|rule|Endless Battle Clause: Forcing endless battles is banned\n|rule|HP Percentage Mod: HP is shown in percentages\n|clearpoke\n|poke|p1|Glimmora, M|\n|poke|p1|Koraidon|\n|poke|p1|Ogerpon-Hearthflame, F|\n|poke|p1|Arceus-Ground|\n|poke|p1|Flutter Mane|\n|poke|p1|Kingambit, M|\n|poke|p2|Flutter Mane|\n|poke|p2|Koraidon|\n|poke|p2|Annihilape, F|\n|poke|p2|Chien-Pao|\n|poke|p2|Ogerpon-Hearthflame, F|\n|poke|p2|Zacian-*|\n|teampreview\n|j| Darkreye\n|c|\u2606Ralsei Hatty|oh, Iosono!\n|c|\u2606Ralsei Hatty|GLHF\n|c|\u2606IoSonoNeon|u2\n|c|\u2606Ralsei Hatty|j\u00e1 disse isso antes e repito, seu avatar \u00e9 bonito\n|\n|t:|1697400805\n|start\n|switch|p1a: Glimmora|Glimmora, M|100\/100\n|switch|p2a: WinKin|Koraidon|100\/100\n|-weather|SunnyDay|[from] ability: Orichalcum Pulse|[of] p2a: WinKin\n|-activate|p2a: WinKin|Orichalcum Pulse|[source]\n|turn|1\n|\n|t:|1697400813\n|move|p2a: WinKin|Collision Course|p1a: Glimmora\n|-damage|p1a: Glimmora|7\/100\n|-activate|p1a: Glimmora|ability: Toxic Debris\n|-sidestart|p2: Ralsei Hatty|move: Toxic Spikes\n|move|p1a: Glimmora|Stealth Rock|p2a: WinKin\n|-sidestart|p2: Ralsei Hatty|move: Stealth Rock\n|\n|-weather|SunnyDay|[upkeep]\n|upkeep\n|turn|2\n|\n|t:|1697400826\n|move|p2a: WinKin|Collision Course|p1a: Glimmora\n|-damage|p1a: Glimmora|0 fnt\n|-activate|p1a: Glimmora|ability: Toxic Debris\n|-sidestart|p2: Ralsei Hatty|move: Toxic Spikes\n|faint|p1a: Glimmora\n|\n|-weather|SunnyDay|[upkeep]\n|upkeep\n|c|\u2606IoSonoNeon|voce\n|\n|t:|1697400842\n|switch|p1a: Flutter Mane|Flutter Mane|100\/100\n|-activate|p1a: Flutter Mane|ability: Protosynthesis\n|-start|p1a: Flutter Mane|protosynthesisspe\n|turn|3\n|c|\u2606Ralsei Hatty|eu\n|\n|t:|1697400848\n|switch|p2a: Zacian|Zacian-Crowned|100\/100\n|-damage|p2a: Zacian|94\/100|[from] Stealth Rock\n|-ability|p2a: Zacian|Intrepid Sword|boost\n|-boost|p2a: Zacian|atk|1\n|move|p1a: Flutter Mane|Moonblast|p2a: Zacian\n|-resisted|p2a: Zacian\n|-damage|p2a: Zacian|70\/100\n|\n|-weather|SunnyDay|[upkeep]\n|upkeep\n|turn|4\n|\n|t:|1697400856\n|-end|p1a: Flutter Mane|Protosynthesis|[silent]\n|switch|p1a: Arceus|Arceus-Ground|100\/100\n|move|p2a: Zacian|Behemoth Blade|p1a: Arceus\n|-damage|p1a: Arceus|58\/100\n|\n|-weather|SunnyDay|[upkeep]\n|upkeep\n|turn|5\n|\n|t:|1697400861\n|-terastallize|p2a: Zacian|Flying\n|move|p2a: Zacian|Play Rough|p1a: Arceus\n|-crit|p1a: Arceus\n|-damage|p1a: Arceus|0 fnt\n|faint|p1a: Arceus\n|\n|-weather|none\n|upkeep\n|c|\u2606Ralsei Hatty|pff\n|\n|t:|1697400868\n|switch|p1a: Flutter Mane|Flutter Mane|100\/100\n|turn|6\n|c|\u2606Ralsei Hatty|gastei tera a toa\n|\n|t:|1697400871\n|-terastallize|p1a: Flutter Mane|Fairy\n|move|p1a: Flutter Mane|Moonblast|p2a: Zacian\n|-damage|p2a: Zacian|4\/100\n|move|p2a: Zacian|Behemoth Blade|p1a: Flutter Mane\n|-supereffective|p1a: Flutter Mane\n|-damage|p1a: Flutter Mane|0 fnt\n|faint|p1a: Flutter Mane\n|-end|p1a: Flutter Mane|Protosynthesis|[silent]\n|\n|upkeep\n|c|\u2606Ralsei Hatty|eita\n|\n|t:|1697400877\n|switch|p1a: Kingambit|Kingambit, M|100\/100\n|-activate|p1a: Kingambit|ability: Supreme Overlord\n|-start|p1a: Kingambit|fallen3|[silent]\n|turn|7\n|\n|t:|1697400887\n|move|p1a: Kingambit|Sucker Punch|p2a: Zacian\n|-damage|p2a: Zacian|0 fnt\n|faint|p2a: Zacian\n|\n|upkeep\n|j| ThePlumber7\n|c|\u2606Ralsei Hatty|king of coin flip\n|j| EpicGamer069420\n|\n|t:|1697400902\n|switch|p2a: WinKin|Koraidon|100\/100\n|-status|p2a: WinKin|tox\n|-damage|p2a: WinKin|94\/100 tox|[from] Stealth Rock\n|-weather|SunnyDay|[from] ability: Orichalcum Pulse|[of] p2a: WinKin\n|-activate|p2a: WinKin|Orichalcum Pulse|[source]\n|turn|8\n|\n|t:|1697400905\n|move|p2a: WinKin|Collision Course|p1a: Kingambit\n|-supereffective|p1a: Kingambit\n|-damage|p1a: Kingambit|0 fnt\n|faint|p1a: Kingambit\n|-end|p1a: Kingambit|fallen3|[silent]\n|\n|-weather|SunnyDay|[upkeep]\n|-damage|p2a: WinKin|88\/100 tox|[from] psn\n|upkeep\n|\n|t:|1697400909\n|switch|p1a: Koraidon|Koraidon|100\/100\n|-activate|p1a: Koraidon|ability: Orichalcum Pulse\n|turn|9\n|\n|t:|1697400917\n|switch|p2a: Bread|Chien-Pao|100\/100\n|-status|p2a: Bread|tox\n|-damage|p2a: Bread|76\/100 tox|[from] Stealth Rock\n|-ability|p2a: Bread|Sword of Ruin\n|move|p1a: Koraidon|Scale Shot|p2a: Bread\n|-damage|p2a: Bread|49\/100 tox\n|-damage|p2a: Bread|23\/100 tox\n|-damage|p2a: Bread|0 fnt\n|faint|p2a: Bread\n|-hitcount|p2: Bread|3\n|-unboost|p1a: Koraidon|def|1\n|-boost|p1a: Koraidon|spe|1\n|\n|-weather|SunnyDay|[upkeep]\n|upkeep\n|\n|t:|1697400921\n|switch|p2a: WinKin|Koraidon|88\/100 tox\n|-damage|p2a: WinKin|82\/100 tox|[from] Stealth Rock\n|-activate|p2a: WinKin|ability: Orichalcum Pulse\n|turn|10\n|\n|t:|1697400927\n|move|p1a: Koraidon|Scale Shot|p2a: WinKin\n|-supereffective|p2a: WinKin\n|-damage|p2a: WinKin|50\/100 tox\n|-supereffective|p2a: WinKin\n|-damage|p2a: WinKin|17\/100 tox\n|-supereffective|p2a: WinKin\n|-damage|p2a: WinKin|0 fnt\n|faint|p2a: WinKin\n|-hitcount|p2: WinKin|3\n|-unboost|p1a: Koraidon|def|1\n|-boost|p1a: Koraidon|spe|1\n|\n|-weather|SunnyDay|[upkeep]\n|upkeep\n|c|\u2606Ralsei Hatty|medo genuino\n|\n|t:|1697400931\n|switch|p2a: FluMane|Flutter Mane|100\/100\n|-status|p2a: FluMane|tox\n|-damage|p2a: FluMane|88\/100 tox|[from] Stealth Rock\n|-activate|p2a: FluMane|ability: Protosynthesis\n|-start|p2a: FluMane|protosynthesisspe\n|turn|11\n|c|\u2606Ralsei Hatty|se p\u00e1 eu perco\n|c|\u2606Ralsei Hatty|eu acho q perdi\n|\n|t:|1697400941\n|move|p1a: Koraidon|Flare Blitz|p2a: FluMane\n|-damage|p2a: FluMane|0 fnt\n|faint|p2a: FluMane\n|-end|p2a: FluMane|Protosynthesis|[silent]\n|-damage|p1a: Koraidon|79\/100|[from] Recoil\n|\n|-weather|SunnyDay|[upkeep]\n|upkeep\n|c|\u2606Ralsei Hatty|GG\n|\n|t:|1697400946\n|switch|p2a: Died of Rage|Annihilape, F|100\/100\n|-status|p2a: Died of Rage|tox\n|-damage|p2a: Died of Rage|94\/100 tox|[from] Stealth Rock\n|turn|12\n|\n|t:|1697400955\n|move|p1a: Koraidon|Scale Shot|p2a: Died of Rage\n|-damage|p2a: Died of Rage|76\/100 tox\n|-damage|p2a: Died of Rage|59\/100 tox\n|-damage|p2a: Died of Rage|43\/100 tox\n|-damage|p2a: Died of Rage|25\/100 tox\n|-damage|p2a: Died of Rage|8\/100 tox\n|-hitcount|p2a: Died of Rage|5\n|-unboost|p1a: Koraidon|def|1\n|-boost|p1a: Koraidon|spe|1\n|move|p2a: Died of Rage|Drain Punch|p1a: Koraidon\n|-damage|p1a: Koraidon|0 fnt\n|-heal|p2a: Died of Rage|43\/100 tox|[from] drain|[of] p1a: Koraidon\n|faint|p1a: Koraidon\n|\n|-weather|none\n|-damage|p2a: Died of Rage|37\/100 tox|[from] psn\n|upkeep\n|c|\u2606Ralsei Hatty|eita\n|c|\u2606Ralsei Hatty|incr\u00edvel\n|\n|t:|1697400968\n|switch|p1a: Ogerpon|Ogerpon-Hearthflame, F|100\/100\n|-ability|p1a: Ogerpon|Mold Breaker\n|turn|13\n|\n|t:|1697400974\n|move|p1a: Ogerpon|Ivy Cudgel|p2a: Died of Rage\n|-damage|p2a: Died of Rage|0 fnt\n|faint|p2a: Died of Rage\n|\n|upkeep\n|\n|t:|1697400978\n|switch|p2a: Pon|Ogerpon-Hearthflame, F|100\/100\n|-status|p2a: Pon|tox\n|-damage|p2a: Pon|76\/100 tox|[from] Stealth Rock\n|-ability|p2a: Pon|Mold Breaker\n|turn|14\n|\n|t:|1697400981\n|move|p1a: Ogerpon|Ivy Cudgel|p2a: Pon\n|-crit|p2a: Pon\n|-damage|p2a: Pon|0 fnt\n|faint|p2a: Pon\n|\n|win|IoSonoNeon\n|n|\u2606IoSonoNeon|iosononeon\n|n|\u2606Ralsei Hatty|ralseihatty\n|n| Darkreye|darkreye\n|n| ThePlumber7|theplumber7\n|n| EpicGamer069420|epicgamer069420\n","uploadtime":1697400981,"views":13,"p1id":"iosononeon","p2id":"ralseihatty","formatid":"gen9ubers","rating":0,"private":0,"password":""}