{"id":"gen9ubers-1993255998","p1":"fahkjgakf","p2":"Lxnatic","format":"[Gen 9] Ubers","log":"|j|\u2606fahkjgakf\n|j|\u2606Lxnatic\n|t:|1700285167\n|gametype|singles\n|player|p1|fahkjgakf|cheren-gen5bw2|\n|player|p2|Lxnatic|265|\n|teamsize|p1|6\n|teamsize|p2|6\n|gen|9\n|tier|[Gen 9] Ubers\n|rule|Sleep Clause Mod: Limit one foe put to sleep\n|rule|Species Clause: Limit one of each Pok\u00e9mon\n|rule|OHKO Clause: OHKO moves are banned\n|rule|Evasion Items Clause: Evasion items are banned\n|rule|Evasion Moves Clause: Evasion moves are banned\n|rule|Endless Battle Clause: Forcing endless battles is banned\n|rule|HP Percentage Mod: HP is shown in percentages\n|clearpoke\n|poke|p1|Gliscor, M|\n|poke|p1|Iron Valiant|\n|poke|p1|Slowking-Galar, F|\n|poke|p1|Vaporeon, F|\n|poke|p1|Rillaboom, M|\n|poke|p1|Hawlucha, F|\n|poke|p2|Gardevoir, F|\n|poke|p2|Sableye, M|\n|poke|p2|Clodsire, F|\n|poke|p2|Regieleki|\n|poke|p2|Landorus-Therian, M|\n|poke|p2|Palafin, F|\n|teampreview\n|inactive|Battle timer is ON: inactive players will automatically lose when time's up. (requested by fahkjgakf)\n|\n|t:|1700285185\n|start\n|switch|p1a: Gliscor|Gliscor, M|100\/100\n|switch|p2a: Regieleki|Regieleki|100\/100\n|turn|1\n|\n|t:|1700285197\n|switch|p2a: Palafin|Palafin, F|100\/100\n|move|p1a: Gliscor|Toxic|p2a: Palafin\n|-status|p2a: Palafin|tox\n|\n|-damage|p2a: Palafin|94\/100 tox|[from] psn\n|-status|p1a: Gliscor|tox|[from] item: Toxic Orb\n|upkeep\n|turn|2\n|\n|t:|1700285207\n|move|p2a: Palafin|Ice Punch|p1a: Gliscor\n|-supereffective|p1a: Gliscor\n|-damage|p1a: Gliscor|30\/100 tox\n|move|p1a: Gliscor|Knock Off|p2a: Palafin\n|-damage|p2a: Palafin|66\/100 tox\n|-enditem|p2a: Palafin|Choice Band|[from] move: Knock Off|[of] p1a: Gliscor\n|\n|-damage|p2a: Palafin|53\/100 tox|[from] psn\n|-heal|p1a: Gliscor|43\/100 tox|[from] ability: Poison Heal\n|upkeep\n|turn|3\n|\n|t:|1700285217\n|move|p1a: Gliscor|Protect|p1a: Gliscor\n|-singleturn|p1a: Gliscor|Protect\n|move|p2a: Palafin|Ice Punch|p1a: Gliscor\n|-activate|p1a: Gliscor|move: Protect\n|\n|-damage|p2a: Palafin|35\/100 tox|[from] psn\n|-heal|p1a: Gliscor|55\/100 tox|[from] ability: Poison Heal\n|upkeep\n|turn|4\n|\n|t:|1700285222\n|switch|p1a: Vaporeon|Vaporeon, F|100\/100\n|move|p2a: Palafin|Flip Turn|p1a: Vaporeon\n|-immune|p1a: Vaporeon|[from] ability: Water Absorb\n|\n|-damage|p2a: Palafin|10\/100 tox|[from] psn\n|upkeep\n|turn|5\n|\n|t:|1700285231\n|detailschange|p2a: Palafin|Palafin-Hero, F\n|switch|p2a: Regieleki|Regieleki|100\/100\n|move|p1a: Vaporeon|Calm Mind|p1a: Vaporeon\n|-boost|p1a: Vaporeon|spa|1\n|-boost|p1a: Vaporeon|spd|1\n|\n|upkeep\n|turn|6\n|\n|t:|1700285236\n|move|p2a: Regieleki|Thunder|p1a: Vaporeon|[miss]\n|-miss|p2a: Regieleki|p1a: Vaporeon\n|move|p1a: Vaporeon|Scald|p2a: Regieleki\n|-damage|p2a: Regieleki|12\/100\n|\n|upkeep\n|turn|7\n|\n|t:|1700285243\n|move|p2a: Regieleki|Thunder|p1a: Vaporeon\n|-supereffective|p1a: Vaporeon\n|-damage|p1a: Vaporeon|37\/100\n|move|p1a: Vaporeon|Scald|p2a: Regieleki\n|-damage|p2a: Regieleki|0 fnt\n|faint|p2a: Regieleki\n|\n|upkeep\n|\n|t:|1700285250\n|switch|p2a: Palafin|Palafin-Hero, F|10\/100 tox\n|-activate|p2a: Palafin|ability: Zero to Hero\n|turn|8\n|\n|t:|1700285263\n|switch|p2a: Sableye|Sableye, M|100\/100\n|move|p1a: Vaporeon|Wish|p1a: Vaporeon\n|\n|upkeep\n|turn|9\n|\n|t:|1700285271\n|move|p1a: Vaporeon|Scald|p2a: Sableye\n|-damage|p2a: Sableye|51\/100\n|move|p2a: Sableye|Knock Off|p1a: Vaporeon\n|-damage|p1a: Vaporeon|19\/100\n|-enditem|p1a: Vaporeon|Heavy-Duty Boots|[from] move: Knock Off|[of] p2a: Sableye\n|\n|-heal|p1a: Vaporeon|69\/100|[from] move: Wish|[wisher] Vaporeon\n|upkeep\n|turn|10\n|\n|t:|1700285282\n|move|p2a: Sableye|Thunder Wave|p1a: Vaporeon\n|-status|p1a: Vaporeon|par\n|move|p1a: Vaporeon|Wish|p1a: Vaporeon\n|\n|upkeep\n|turn|11\n|\n|t:|1700285292\n|switch|p2a: Clodsire|Clodsire, F|100\/100\n|move|p1a: Vaporeon|Calm Mind|p1a: Vaporeon\n|-boost|p1a: Vaporeon|spa|1\n|-boost|p1a: Vaporeon|spd|1\n|\n|-heal|p1a: Vaporeon|100\/100 par|[from] move: Wish|[wisher] Vaporeon\n|upkeep\n|turn|12\n|\n|t:|1700285298\n|move|p1a: Vaporeon|Scald|p2a: Clodsire\n|-supereffective|p2a: Clodsire\n|-damage|p2a: Clodsire|69\/100\n|move|p2a: Clodsire|Stealth Rock|p1a: Vaporeon\n|-sidestart|p1: fahkjgakf|move: Stealth Rock\n|\n|-heal|p2a: Clodsire|75\/100|[from] item: Leftovers\n|upkeep\n|turn|13\n|\n|t:|1700285304\n|cant|p1a: Vaporeon|par\n|move|p2a: Clodsire|Toxic Spikes|p1a: Vaporeon\n|-sidestart|p1: fahkjgakf|move: Toxic Spikes\n|\n|-heal|p2a: Clodsire|82\/100|[from] item: Leftovers\n|upkeep\n|turn|14\n|\n|t:|1700285309\n|move|p1a: Vaporeon|Scald|p2a: Clodsire\n|-supereffective|p2a: Clodsire\n|-damage|p2a: Clodsire|49\/100\n|move|p2a: Clodsire|Spikes|p1a: Vaporeon\n|-sidestart|p1: fahkjgakf|Spikes\n|\n|-heal|p2a: Clodsire|55\/100|[from] item: Leftovers\n|upkeep\n|turn|15\n|\n|t:|1700285315\n|move|p1a: Vaporeon|Scald|p2a: Clodsire\n|-supereffective|p2a: Clodsire\n|-damage|p2a: Clodsire|25\/100\n|-status|p2a: Clodsire|brn\n|move|p2a: Clodsire|Spikes|p1a: Vaporeon\n|-sidestart|p1: fahkjgakf|Spikes\n|\n|-heal|p2a: Clodsire|32\/100 brn|[from] item: Leftovers\n|-damage|p2a: Clodsire|25\/100 brn|[from] brn\n|upkeep\n|turn|16\n|\n|t:|1700285321\n|cant|p1a: Vaporeon|par\n|move|p2a: Clodsire|Toxic Spikes|p1a: Vaporeon\n|-sidestart|p1: fahkjgakf|move: Toxic Spikes\n|\n|-heal|p2a: Clodsire|32\/100 brn|[from] item: Leftovers\n|-damage|p2a: Clodsire|25\/100 brn|[from] brn\n|upkeep\n|turn|17\n|\n|t:|1700285329\n|-terastallize|p2a: Clodsire|Poison\n|cant|p1a: Vaporeon|par\n|move|p2a: Clodsire|Spikes|p1a: Vaporeon\n|-sidestart|p1: fahkjgakf|Spikes\n|\n|-heal|p2a: Clodsire|32\/100 brn|[from] item: Leftovers\n|-damage|p2a: Clodsire|25\/100 brn|[from] brn\n|upkeep\n|turn|18\n|c|\u2606Lxnatic|Oops\n|c|\u2606Lxnatic|Accidemt\n|inactive|fahkjgakf has 270 seconds left.\n|\n|t:|1700285361\n|move|p1a: Vaporeon|Scald|p2a: Clodsire\n|-damage|p2a: Clodsire|10\/100 brn\n|move|p2a: Clodsire|Earthquake|p1a: Vaporeon\n|-damage|p1a: Vaporeon|91\/100 par\n|\n|-heal|p2a: Clodsire|16\/100 brn|[from] item: Leftovers\n|-damage|p2a: Clodsire|10\/100 brn|[from] brn\n|upkeep\n|turn|19\n|\n|t:|1700285375\n|move|p1a: Vaporeon|Scald|p2a: Clodsire\n|-damage|p2a: Clodsire|0 fnt\n|faint|p2a: Clodsire\n|\n|upkeep\n|\n|t:|1700285382\n|switch|p2a: Sableye|Sableye, M|51\/100\n|turn|20\n|\n|t:|1700285385\n|move|p2a: Sableye|Fake Out|p1a: Vaporeon\n|-damage|p1a: Vaporeon|86\/100 par\n|cant|p1a: Vaporeon|flinch\n|\n|upkeep\n|turn|21\n|\n|t:|1700285389\n|move|p2a: Sableye|Knock Off|p1a: Vaporeon\n|-damage|p1a: Vaporeon|73\/100 par\n|move|p1a: Vaporeon|Scald|p2a: Sableye\n|-damage|p2a: Sableye|0 fnt\n|faint|p2a: Sableye\n|\n|upkeep\n|\n|t:|1700285396\n|switch|p2a: Landorus|Landorus-Therian, M|100\/100\n|-ability|p2a: Landorus|Intimidate|boost\n|-unboost|p1a: Vaporeon|atk|1\n|turn|22\n|\n|t:|1700285406\n|move|p2a: Landorus|U-turn|p1a: Vaporeon\n|-damage|p1a: Vaporeon|46\/100 par\n|-damage|p2a: Landorus|91\/100|[from] item: Life Orb\n|\n|t:|1700285411\n|switch|p2a: Gardevoir|Gardevoir, F|100\/100|[from] U-turn\n|-ability|p2a: Gardevoir|Water Absorb|[from] ability: Trace|[of] p1a: Vaporeon\n|move|p1a: Vaporeon|Ice Beam|p2a: Gardevoir\n|-damage|p2a: Gardevoir|47\/100\n|-status|p2a: Gardevoir|frz\n|\n|upkeep\n|turn|23\n|\n|t:|1700285416\n|-curestatus|p2a: Gardevoir|frz|[msg]\n|move|p2a: Gardevoir|Moonblast|p1a: Vaporeon\n|-damage|p1a: Vaporeon|19\/100 par\n|move|p1a: Vaporeon|Scald|p2a: Gardevoir\n|-heal|p2a: Gardevoir|72\/100|[from] ability: Water Absorb|[of] p1a: Vaporeon\n|\n|upkeep\n|turn|24\n|\n|t:|1700285435\n|move|p2a: Gardevoir|Moonblast|p1a: Vaporeon\n|-damage|p1a: Vaporeon|0 fnt\n|faint|p1a: Vaporeon\n|\n|upkeep\n|\n|t:|1700285444\n|switch|p1a: Slowking|Slowking-Galar, F|100\/100\n|-damage|p1a: Slowking|88\/100|[from] Stealth Rock\n|-sideend|p1: fahkjgakf|move: Toxic Spikes|[of] p1a: Slowking\n|-damage|p1a: Slowking|63\/100|[from] Spikes\n|turn|25\n|\n|t:|1700285451\n|switch|p2a: Landorus|Landorus-Therian, M|91\/100\n|-ability|p2a: Landorus|Intimidate|boost\n|-unboost|p1a: Slowking|atk|1\n|move|p1a: Slowking|Chilly Reception|p1a: Slowking\n|-weather|Snow\n|\n|t:|1700285463\n|switch|p1a: Gliscor|Gliscor, M|55\/100 tox|[from] Chilly Reception\n|-damage|p1a: Gliscor|43\/100 tox|[from] Stealth Rock\n|\n|-weather|Snow|[upkeep]\n|-heal|p1a: Gliscor|55\/100 tox|[from] ability: Poison Heal\n|upkeep\n|turn|26\n|\n|t:|1700285474\n|move|p1a: Gliscor|Protect|p1a: Gliscor\n|-singleturn|p1a: Gliscor|Protect\n|move|p2a: Landorus|Swords Dance|p2a: Landorus\n|-boost|p2a: Landorus|atk|2\n|\n|-weather|Snow|[upkeep]\n|-heal|p1a: Gliscor|68\/100 tox|[from] ability: Poison Heal\n|upkeep\n|turn|27\n|\n|t:|1700285486\n|move|p2a: Landorus|Crunch|p1a: Gliscor\n|-damage|p1a: Gliscor|19\/100 tox\n|-unboost|p1a: Gliscor|def|1\n|-damage|p2a: Landorus|81\/100|[from] item: Life Orb\n|move|p1a: Gliscor|Toxic|p2a: Landorus\n|-status|p2a: Landorus|tox\n|\n|-weather|Snow|[upkeep]\n|-damage|p2a: Landorus|75\/100 tox|[from] psn\n|-heal|p1a: Gliscor|31\/100 tox|[from] ability: Poison Heal\n|upkeep\n|turn|28\n|\n|t:|1700285490\n|move|p1a: Gliscor|Protect|p1a: Gliscor\n|-singleturn|p1a: Gliscor|Protect\n|move|p2a: Landorus|Crunch|p1a: Gliscor\n|-activate|p1a: Gliscor|move: Protect\n|\n|-weather|Snow|[upkeep]\n|-damage|p2a: Landorus|63\/100 tox|[from] psn\n|-heal|p1a: Gliscor|43\/100 tox|[from] ability: Poison Heal\n|upkeep\n|turn|29\n|\n|t:|1700285505\n|move|p1a: Gliscor|Protect||[still]\n|-fail|p1a: Gliscor\n|move|p2a: Landorus|Crunch|p1a: Gliscor\n|-damage|p1a: Gliscor|0 fnt\n|faint|p1a: Gliscor\n|-damage|p2a: Landorus|53\/100 tox|[from] item: Life Orb\n|\n|-weather|none\n|-damage|p2a: Landorus|36\/100 tox|[from] psn\n|upkeep\n|\n|t:|1700285515\n|switch|p1a: Rillaboom|Rillaboom, M|100\/100\n|-damage|p1a: Rillaboom|88\/100|[from] Stealth Rock\n|-damage|p1a: Rillaboom|63\/100|[from] Spikes\n|-fieldstart|move: Grassy Terrain|[from] ability: Grassy Surge|[of] p1a: Rillaboom\n|turn|30\n|\n|t:|1700285523\n|move|p1a: Rillaboom|Grassy Glide|p2a: Landorus\n|-damage|p2a: Landorus|0 fnt\n|faint|p2a: Landorus\n|\n|-heal|p1a: Rillaboom|69\/100|[from] Grassy Terrain\n|upkeep\n|\n|t:|1700285528\n|switch|p2a: Palafin|Palafin-Hero, F|10\/100 tox\n|turn|31\n|\n|t:|1700285531\n|move|p1a: Rillaboom|Grassy Glide|p2a: Palafin\n|-supereffective|p2a: Palafin\n|-damage|p2a: Palafin|0 fnt\n|faint|p2a: Palafin\n|\n|-heal|p1a: Rillaboom|76\/100|[from] Grassy Terrain\n|upkeep\n|\n|t:|1700285533\n|switch|p2a: Gardevoir|Gardevoir, F|72\/100\n|-ability|p2a: Gardevoir|Grassy Surge|[from] ability: Trace|[of] p1a: Rillaboom\n|turn|32\n|\n|t:|1700285538\n|move|p1a: Rillaboom|Grassy Glide|p2a: Gardevoir\n|-damage|p2a: Gardevoir|0 fnt\n|faint|p2a: Gardevoir\n|\n|win|fahkjgakf\n|l|\u2606Lxnatic\n","uploadtime":1700285544,"views":8,"p1id":"fahkjgakf","p2id":"lxnatic","formatid":"gen9ubers","rating":0,"private":0,"password":""}