{"id":"gen9ubers-1973371699","p1":"L+RATIO+LOL","p2":"GingerKAMINAI","format":"[Gen 9] Ubers","log":"|j|\u2606L+RATIO+LOL\n|j|\u2606GingerKAMINAI\n|t:|1697963680\n|gametype|singles\n|player|p1|L+RATIO+LOL|swimmerf|1226\n|player|p2|GingerKAMINAI|cynthia|1198\n|teamsize|p1|6\n|teamsize|p2|6\n|gen|9\n|tier|[Gen 9] Ubers\n|rated|\n|rule|Sleep Clause Mod: Limit one foe put to sleep\n|rule|Species Clause: Limit one of each Pok\u00e9mon\n|rule|OHKO Clause: OHKO moves are banned\n|rule|Evasion Items Clause: Evasion items are banned\n|rule|Evasion Moves Clause: Evasion moves are banned\n|rule|Endless Battle Clause: Forcing endless battles is banned\n|rule|HP Percentage Mod: HP is shown in percentages\n|clearpoke\n|poke|p1|Miraidon|\n|poke|p1|Koraidon|\n|poke|p1|Eternatus|\n|poke|p1|Arceus|\n|poke|p1|Zacian-*|\n|poke|p1|Groudon|\n|poke|p2|Eternatus|\n|poke|p2|Dondozo, F|\n|poke|p2|Toxapex, M|\n|poke|p2|Maushold-Four|\n|poke|p2|Azumarill, M|\n|poke|p2|Kyogre|\n|teampreview\n|inactive|Battle timer is ON: inactive players will automatically lose when time's up. (requested by L+RATIO+LOL)\n|c|\u2606L+RATIO+LOL|You r bad\n|\n|t:|1697963696\n|start\n|switch|p1a: Groudon|Groudon|100\/100\n|switch|p2a: Maushold|Maushold-Four|100\/100\n|-weather|SunnyDay|[from] ability: Drought|[of] p1a: Groudon\n|turn|1\n|\n|t:|1697963705\n|-terastallize|p2a: Maushold|Normal\n|move|p2a: Maushold|Population Bomb|p1a: Groudon\n|-damage|p1a: Groudon|93\/100\n|-damage|p2a: Maushold|84\/100|[from] item: Rocky Helmet|[of] p1a: Groudon\n|-damage|p1a: Groudon|84\/100\n|-damage|p2a: Maushold|67\/100|[from] item: Rocky Helmet|[of] p1a: Groudon\n|-damage|p1a: Groudon|76\/100\n|-damage|p2a: Maushold|51\/100|[from] item: Rocky Helmet|[of] p1a: Groudon\n|-damage|p1a: Groudon|68\/100\n|-damage|p2a: Maushold|34\/100|[from] item: Rocky Helmet|[of] p1a: Groudon\n|-damage|p1a: Groudon|60\/100\n|-damage|p2a: Maushold|18\/100|[from] item: Rocky Helmet|[of] p1a: Groudon\n|-damage|p1a: Groudon|51\/100\n|-damage|p2a: Maushold|1\/100|[from] item: Rocky Helmet|[of] p1a: Groudon\n|-crit|p1a: Groudon\n|-damage|p1a: Groudon|39\/100\n|-damage|p2a: Maushold|0 fnt|[from] item: Rocky Helmet|[of] p1a: Groudon\n|faint|p2a: Maushold\n|-hitcount|p1a: Groudon|7\n|move|p1a: Groudon|Will-O-Wisp|p2: Maushold|[notarget]\n|-fail|p1a: Groudon\n|\n|-weather|SunnyDay|[upkeep]\n|upkeep\n|c|\u2606L+RATIO+LOL|Lol\n|c|\u2606L+RATIO+LOL|Hahahhahahahahgahqg\n|\n|t:|1697963729\n|switch|p2a: Kyogre|Kyogre|100\/100\n|-weather|RainDance|[from] ability: Drizzle|[of] p2a: Kyogre\n|turn|2\n|\n|t:|1697963738\n|switch|p1a: Miraidon|Miraidon|100\/100\n|-fieldstart|move: Electric Terrain|[from] ability: Hadron Engine|[of] p1a: Miraidon\n|move|p2a: Kyogre|Water Spout|p1a: Miraidon\n|-resisted|p1a: Miraidon\n|-damage|p1a: Miraidon|12\/100\n|\n|-weather|RainDance|[upkeep]\n|upkeep\n|turn|3\n|c|\u2606GingerKAMINAI|\u88c5\u5c3c\u739b\n|\n|t:|1697963746\n|move|p1a: Miraidon|Volt Switch|p2a: Kyogre\n|-supereffective|p2a: Kyogre\n|-damage|p2a: Kyogre|0 fnt\n|faint|p2a: Kyogre\n|-damage|p1a: Miraidon|2\/100|[from] item: Life Orb\n|\n|t:|1697963752\n|switch|p1a: Groudon|Groudon|39\/100|[from] Volt Switch\n|-weather|SunnyDay|[from] ability: Drought|[of] p1a: Groudon\n|\n|-weather|SunnyDay|[upkeep]\n|upkeep\n|\n|t:|1697963761\n|switch|p2a: Azumarill|Azumarill, M|100\/100\n|turn|4\n|c|\u2606L+RATIO+LOL|Stupid bith\n|c|\u2606L+RATIO+LOL|Bich\n|\n|t:|1697963775\n|move|p1a: Groudon|Will-O-Wisp|p2a: Azumarill\n|-status|p2a: Azumarill|brn\n|move|p2a: Azumarill|Belly Drum|p2a: Azumarill\n|-damage|p2a: Azumarill|50\/100 brn\n|-setboost|p2a: Azumarill|atk|6|[from] move: Belly Drum\n|-enditem|p2a: Azumarill|Sitrus Berry|[eat]\n|-heal|p2a: Azumarill|75\/100 brn|[from] item: Sitrus Berry\n|\n|-weather|SunnyDay|[upkeep]\n|-damage|p2a: Azumarill|69\/100 brn|[from] brn\n|upkeep\n|turn|5\n|\n|t:|1697963780\n|move|p2a: Azumarill|Aqua Jet|p1a: Groudon\n|-supereffective|p1a: Groudon\n|-damage|p1a: Groudon|15\/100\n|-damage|p2a: Azumarill|53\/100 brn|[from] item: Rocky Helmet|[of] p1a: Groudon\n|move|p1a: Groudon|Stealth Rock|p2a: Azumarill\n|-sidestart|p2: GingerKAMINAI|move: Stealth Rock\n|\n|-weather|SunnyDay|[upkeep]\n|-damage|p2a: Azumarill|46\/100 brn|[from] brn\n|upkeep\n|turn|6\n|\n|t:|1697963783\n|move|p2a: Azumarill|Aqua Jet|p1a: Groudon\n|-supereffective|p1a: Groudon\n|-damage|p1a: Groudon|0 fnt\n|-damage|p2a: Azumarill|30\/100 brn|[from] item: Rocky Helmet|[of] p1a: Groudon\n|faint|p1a: Groudon\n|\n|-weather|SunnyDay|[upkeep]\n|-damage|p2a: Azumarill|24\/100 brn|[from] brn\n|-fieldend|move: Electric Terrain\n|upkeep\n|\n|t:|1697963791\n|switch|p1a: Arceus|Arceus|100\/100\n|turn|7\n|\n|t:|1697963804\n|move|p1a: Arceus|Swords Dance|p1a: Arceus\n|-boost|p1a: Arceus|atk|2\n|move|p2a: Azumarill|Brick Break|p1a: Arceus\n|-supereffective|p1a: Arceus\n|-damage|p1a: Arceus|21\/100\n|\n|-weather|none\n|-heal|p1a: Arceus|27\/100|[from] item: Leftovers\n|-damage|p2a: Azumarill|17\/100 brn|[from] brn\n|upkeep\n|turn|8\n|\n|t:|1697963808\n|move|p1a: Arceus|Extreme Speed|p2a: Azumarill\n|-damage|p2a: Azumarill|0 fnt\n|faint|p2a: Azumarill\n|\n|-heal|p1a: Arceus|34\/100|[from] item: Leftovers\n|upkeep\n|c|\u2606GingerKAMINAI|\u6709\u7d20\u8d28\n|\n|t:|1697963825\n|switch|p2a: Eternatus|Eternatus|100\/100\n|-damage|p2a: Eternatus|88\/100|[from] Stealth Rock\n|-ability|p2a: Eternatus|Pressure\n|turn|9\n|c|\u2606L+RATIO+LOL|Atop\n|\n|t:|1697963831\n|move|p1a: Arceus|Extreme Speed|p2a: Eternatus\n|-damage|p2a: Eternatus|33\/100\n|move|p2a: Eternatus|Toxic|p1a: Arceus\n|-status|p1a: Arceus|tox\n|\n|-heal|p2a: Eternatus|39\/100|[from] item: Black Sludge\n|-heal|p1a: Arceus|40\/100 tox|[from] item: Leftovers\n|-damage|p1a: Arceus|34\/100 tox|[from] psn\n|upkeep\n|turn|10\n|c|\u2606L+RATIO+LOL|\u05dc\u05da \u05d6\u05d3\u05d9\u05d9\u05df \u05d9\u05d0 \u05d0\u05e4\u05e1\n|c|\u2606L+RATIO+LOL|\u05d1\u05d5\u05d0 \u05de\u05db\u05d5\u05ea\n|inactive|L+RATIO+LOL has 120 seconds left.\n|c|\u2606L+RATIO+LOL|\u05d0\u05ea\u05d4 \u05de\u05e9\u05d5\u05d5\u05d9\u05e5 \u05e9\u05d0\u05e0\u05d9 \u05dc\u05d0 \u05d9\u05d5\u05d3\u05e2 \u05de\u05d4 \u05d0\u05ea\u05d4 \u05d0\u05d5\u05de\u05e8\n|c|\u2606L+RATIO+LOL|\u05dc\u05da \u05ea\u05e7\u05d0\u05d5\u05d5\u05d3\n|\n|t:|1697963872\n|move|p2a: Eternatus|Protect|p2a: Eternatus\n|-singleturn|p2a: Eternatus|Protect\n|move|p1a: Arceus|Extreme Speed|p2a: Eternatus\n|-activate|p2a: Eternatus|move: Protect\n|\n|-heal|p2a: Eternatus|45\/100|[from] item: Black Sludge\n|-heal|p1a: Arceus|40\/100 tox|[from] item: Leftovers\n|-damage|p1a: Arceus|27\/100 tox|[from] psn\n|upkeep\n|turn|11\n|c|\u2606L+RATIO+LOL|\u05db\u05df\n|inactive|GingerKAMINAI has 120 seconds left.\n|c|\u2606GingerKAMINAI|fu cki ng      mo ther    bi ch\n|\n|t:|1697963921\n|move|p1a: Arceus|Extreme Speed|p2a: Eternatus\n|-damage|p2a: Eternatus|0 fnt\n|faint|p2a: Eternatus\n|\n|-heal|p1a: Arceus|34\/100 tox|[from] item: Leftovers\n|-damage|p1a: Arceus|15\/100 tox|[from] psn\n|upkeep\n|\n|t:|1697963926\n|switch|p2a: Toxapex|Toxapex, M|100\/100\n|-damage|p2a: Toxapex|88\/100|[from] Stealth Rock\n|turn|12\n|inactive|L+RATIO+LOL has 120 seconds left.\n|\n|t:|1697963946\n|move|p1a: Arceus|Extreme Speed|p2a: Toxapex\n|-damage|p2a: Toxapex|24\/100\n|move|p2a: Toxapex|Substitute|p2a: Toxapex\n|-fail|p2a: Toxapex|move: Substitute|[weak]\n|\n|-heal|p1a: Arceus|21\/100 tox|[from] item: Leftovers\n|-heal|p2a: Toxapex|30\/100|[from] item: Black Sludge\n|-damage|p1a: Arceus|0 fnt|[from] psn\n|faint|p1a: Arceus\n|upkeep\n|\n|t:|1697963949\n|switch|p1a: Miraidon|Miraidon|2\/100\n|-fieldstart|move: Electric Terrain|[from] ability: Hadron Engine|[of] p1a: Miraidon\n|turn|13\n|\n|t:|1697963954\n|move|p2a: Toxapex|Baneful Bunker|p2a: Toxapex\n|-singleturn|p2a: Toxapex|move: Protect\n|move|p1a: Miraidon|Electro Drift|p2a: Toxapex\n|-activate|p2a: Toxapex|move: Protect\n|-status|p1a: Miraidon|psn\n|\n|-heal|p2a: Toxapex|36\/100|[from] item: Black Sludge\n|-damage|p1a: Miraidon|0 fnt|[from] psn\n|faint|p1a: Miraidon\n|upkeep\n|\n|t:|1697963962\n|switch|p1a: Eternatus|Eternatus|100\/100\n|-ability|p1a: Eternatus|Pressure\n|turn|14\n|c|\u2606GingerKAMINAI|la ji\n|\n|t:|1697963979\n|switch|p2a: Dondozo|Dondozo, F|100\/100\n|-damage|p2a: Dondozo|88\/100|[from] Stealth Rock\n|move|p1a: Eternatus|Dynamax Cannon|p2a: Dondozo\n|-damage|p2a: Dondozo|35\/100\n|\n|-heal|p2a: Dondozo|42\/100|[from] item: Leftovers\n|upkeep\n|turn|15\n|\n|t:|1697963985\n|move|p2a: Dondozo|Protect|p2a: Dondozo\n|-singleturn|p2a: Dondozo|Protect\n|move|p1a: Eternatus|Dynamax Cannon|p2a: Dondozo\n|-activate|p2a: Dondozo|move: Protect\n|\n|-heal|p2a: Dondozo|48\/100|[from] item: Leftovers\n|upkeep\n|turn|16\n|c|\u2606L+RATIO+LOL|Wow\n|\n|t:|1697963998\n|move|p1a: Eternatus|Dynamax Cannon|p2a: Dondozo\n|-damage|p2a: Dondozo|0 fnt\n|faint|p2a: Dondozo\n|\n|upkeep\n|c|\u2606L+RATIO+LOL|So abd\n|\n|t:|1697964001\n|switch|p2a: Toxapex|Toxapex, M|69\/100\n|-damage|p2a: Toxapex|57\/100|[from] Stealth Rock\n|turn|17\n|inactive|GingerKAMINAI has 120 seconds left.\n|c|\u2606L+RATIO+LOL|Lol.\n|c|\u2606GingerKAMINAI|you know chinese\uff1f\n|c|\u2606L+RATIO+LOL|Not clicking\n|c|\u2606GingerKAMINAI|bi ch\n|-message|GingerKAMINAI forfeited.\n|\n|win|L+RATIO+LOL\n|raw|L+RATIO+LOL's rating: 1226 &rarr; <strong>1249<\/strong><br \/>(+23 for winning)\n|raw|GingerKAMINAI's rating: 1198 &rarr; <strong>1175<\/strong><br \/>(-23 for losing)\n|l|\u2606GingerKAMINAI\n|j|\u2606GingerKAMINAI\n|player|p2|GingerKAMINAI|cynthia\n","uploadtime":1697963767,"views":12,"p1id":"lratiolol","p2id":"gingerkaminai","formatid":"gen9ubers","rating":1175,"private":0,"password":""}