{"id":"gen9ubers-1990038748","p1":"MrCatKing07","p2":"SDK04","format":"[Gen 9] Ubers","log":"|j|\u2606MrCatKing07\n|j|\u2606SDK04\n|t:|1699917964\n|gametype|singles\n|player|p1|MrCatKing07|preschoolers|\n|player|p2|SDK04|unknown|\n|teamsize|p1|6\n|teamsize|p2|6\n|gen|9\n|tier|[Gen 9] Ubers\n|rated|Tournament battle\n|rule|Sleep Clause Mod: Limit one foe put to sleep\n|rule|Species Clause: Limit one of each Pok\u00e9mon\n|rule|OHKO Clause: OHKO moves are banned\n|rule|Evasion Items Clause: Evasion items are banned\n|rule|Evasion Moves Clause: Evasion moves are banned\n|rule|Endless Battle Clause: Forcing endless battles is banned\n|rule|HP Percentage Mod: HP is shown in percentages\n|clearpoke\n|poke|p1|Arceus|\n|poke|p1|Koraidon|\n|poke|p1|Miraidon|\n|poke|p1|Zacian-*|\n|poke|p1|Ribombee, M|\n|poke|p1|Darkrai|\n|poke|p2|Grimmsnarl, M|\n|poke|p2|Miraidon|\n|poke|p2|Koraidon|\n|poke|p2|Zacian-*|\n|poke|p2|Iron Treads|\n|poke|p2|Gliscor, F|\n|teampreview\n|inactive|Battle timer is ON: inactive players will automatically lose when time's up. (requested by MrCatKing07)\n|j|+corvere\u2665\n|inactive|MrCatKing07 has 120 seconds left.\n|\n|t:|1699917998\n|start\n|switch|p1a: Ribombee|Ribombee, M|100\/100\n|switch|p2a: Scary Monsters|Grimmsnarl, M|100\/100\n|turn|1\n|\n|t:|1699918002\n|move|p2a: Scary Monsters|Light Screen|p2a: Scary Monsters\n|-sidestart|p2: SDK04|move: Light Screen\n|move|p1a: Ribombee|Sticky Web|p2a: Scary Monsters\n|-sidestart|p2: SDK04|move: Sticky Web\n|\n|upkeep\n|turn|2\n|\n|t:|1699918006\n|move|p2a: Scary Monsters|Reflect|p2a: Scary Monsters\n|-sidestart|p2: SDK04|Reflect\n|move|p1a: Ribombee|Stun Spore|p2a: Scary Monsters\n|-status|p2a: Scary Monsters|par\n|\n|upkeep\n|turn|3\n|\n|t:|1699918010\n|cant|p2a: Scary Monsters|par\n|move|p1a: Ribombee|Moonblast|p2a: Scary Monsters\n|-supereffective|p2a: Scary Monsters\n|-damage|p2a: Scary Monsters|65\/100 par\n|-unboost|p2a: Scary Monsters|spa|1\n|\n|upkeep\n|turn|4\n|\n|t:|1699918013\n|move|p2a: Scary Monsters|Parting Shot|p1a: Ribombee\n|-unboost|p1a: Ribombee|atk|1\n|-unboost|p1a: Ribombee|spa|1\n|\n|t:|1699918014\n|switch|p2a: Himiko|Gliscor, F|100\/100|[from] Parting Shot\n|move|p1a: Ribombee|Moonblast|p2a: Himiko\n|-damage|p2a: Himiko|85\/100\n|\n|-status|p2a: Himiko|tox|[from] item: Toxic Orb\n|upkeep\n|turn|5\n|j| Dregone\n|\n|t:|1699918033\n|switch|p1a: Darkrai|Darkrai|100\/100\n|move|p2a: Himiko|Agility|p2a: Himiko\n|-boost|p2a: Himiko|spe|2\n|\n|-heal|p2a: Himiko|98\/100 tox|[from] ability: Poison Heal\n|upkeep\n|turn|6\n|c|\u2606SDK04|Yeah, you all just saw that.\n|\n|t:|1699918049\n|move|p2a: Himiko|Swords Dance|p2a: Himiko\n|-boost|p2a: Himiko|atk|2\n|move|p1a: Darkrai|Hypnosis||[still]\n|-fail|p1a: Darkrai\n|\n|-heal|p2a: Himiko|100\/100 tox|[from] ability: Poison Heal\n|upkeep\n|turn|7\n|c| Dregone|goated\n|c|\u2606MrCatKing07|ikr\n|\n|t:|1699918073\n|-terastallize|p2a: Himiko|Flying\n|move|p2a: Himiko|Swords Dance|p2a: Himiko\n|-boost|p2a: Himiko|atk|2\n|move|p1a: Darkrai|Dark Pulse|p2a: Himiko\n|-damage|p2a: Himiko|70\/100 tox\n|\n|-heal|p2a: Himiko|82\/100 tox|[from] ability: Poison Heal\n|upkeep\n|turn|8\n|c|\u2606SDK04|**HIMIKO SWEEPS AGAIN**\n|\n|t:|1699918080\n|move|p2a: Himiko|Dual Wingbeat|p1a: Darkrai\n|-damage|p1a: Darkrai|14\/100\n|-damage|p1a: Darkrai|0 fnt\n|faint|p1a: Darkrai\n|-hitcount|p1: Darkrai|2\n|\n|-heal|p2a: Himiko|95\/100 tox|[from] ability: Poison Heal\n|-sideend|p2: SDK04|move: Light Screen\n|upkeep\n|c|\u2606SDK04|NOW SWITCH THE BROKENS IN\n|c|\u2606SDK04|I WANT EVERYONE TO SEE THIS\n|\n|t:|1699918096\n|switch|p1a: Ribombee|Ribombee, M|100\/100\n|turn|9\n|\n|t:|1699918103\n|move|p2a: Himiko|Dual Wingbeat|p1a: Ribombee\n|-supereffective|p1a: Ribombee\n|-enditem|p1a: Ribombee|Focus Sash\n|-damage|p1a: Ribombee|1\/100\n|-supereffective|p1a: Ribombee\n|-damage|p1a: Ribombee|0 fnt\n|faint|p1a: Ribombee\n|-hitcount|p1: Ribombee|2\n|\n|-heal|p2a: Himiko|100\/100 tox|[from] ability: Poison Heal\n|-sideend|p2: SDK04|Reflect\n|upkeep\n|c| Dregone|unless u miss\n|\n|t:|1699918114\n|switch|p1a: Zacian|Zacian-Crowned|100\/100\n|-ability|p1a: Zacian|Intrepid Sword|boost\n|-boost|p1a: Zacian|atk|1\n|turn|10\n|\n|t:|1699918117\n|-terastallize|p1a: Zacian|Ground\n|move|p2a: Himiko|Earthquake|p1a: Zacian\n|-damage|p1a: Zacian|0 fnt\n|faint|p1a: Zacian\n|\n|upkeep\n|\n|t:|1699918122\n|switch|p1a: Arceus|Arceus|100\/100\n|turn|11\n|\n|t:|1699918125\n|move|p1a: Arceus|Extreme Speed|p2a: Himiko\n|-damage|p2a: Himiko|64\/100 tox\n|move|p2a: Himiko|Dual Wingbeat|p1a: Arceus\n|-damage|p1a: Arceus|57\/100\n|-damage|p1a: Arceus|16\/100\n|-hitcount|p1a: Arceus|2\n|\n|-heal|p2a: Himiko|76\/100 tox|[from] ability: Poison Heal\n|upkeep\n|turn|12\n|\n|t:|1699918137\n|move|p1a: Arceus|Extreme Speed|p2a: Himiko\n|-damage|p2a: Himiko|33\/100 tox\n|move|p2a: Himiko|Earthquake|p1a: Arceus\n|-damage|p1a: Arceus|0 fnt\n|faint|p1a: Arceus\n|\n|-heal|p2a: Himiko|46\/100 tox|[from] ability: Poison Heal\n|upkeep\n|l|+corvere\u2665\n|\n|t:|1699918143\n|switch|p1a: Koraidon|Koraidon|100\/100\n|-weather|SunnyDay|[from] ability: Orichalcum Pulse|[of] p1a: Koraidon\n|-activate|p1a: Koraidon|Orichalcum Pulse|[source]\n|turn|13\n|\n|t:|1699918149\n|move|p2a: Himiko|Dual Wingbeat|p1a: Koraidon\n|-supereffective|p1a: Koraidon\n|-damage|p1a: Koraidon|0 fnt\n|faint|p1a: Koraidon\n|-hitcount|p1: Koraidon|1\n|\n|-weather|SunnyDay|[upkeep]\n|-heal|p2a: Himiko|58\/100 tox|[from] ability: Poison Heal\n|upkeep\n|l| Dregone\n|c|\u2606SDK04|gg\n|c|\u2606SDK04|wp\n|c|\u2606MrCatKing07|geges\n|\n|t:|1699918163\n|switch|p1a: Miraidon|Miraidon|100\/100\n|-fieldstart|move: Electric Terrain|[from] ability: Hadron Engine|[of] p1a: Miraidon\n|turn|14\n|-message|MrCatKing07 forfeited.\n|\n|win|SDK04\n|n|\u2606MrCatKing07|mrcatking07\n|n|\u2606SDK04|sdk04\n|c|\u2606MrCatKing07|nope\n","uploadtime":1699918174,"views":5,"p1id":"mrcatking07","p2id":"sdk04","formatid":"gen9ubers","rating":0,"private":0,"password":""}