{"id":"gen9ubers-1988732153","p1":"dumpy lump","p2":"Oomaester1234","format":"[Gen 9] Ubers","log":"|j|\u2606dumpy lump\n|j|\u2606Oomaester1234\n|t:|1699756095\n|gametype|singles\n|player|p1|dumpy lump|volo|\n|player|p2|Oomaester1234|teamrocket|\n|teamsize|p1|6\n|teamsize|p2|6\n|gen|9\n|tier|[Gen 9] Ubers\n|rule|Sleep Clause Mod: Limit one foe put to sleep\n|rule|Species Clause: Limit one of each Pok\u00e9mon\n|rule|OHKO Clause: OHKO moves are banned\n|rule|Evasion Items Clause: Evasion items are banned\n|rule|Evasion Moves Clause: Evasion moves are banned\n|rule|Endless Battle Clause: Forcing endless battles is banned\n|rule|HP Percentage Mod: HP is shown in percentages\n|clearpoke\n|poke|p1|Dialga-Origin|\n|poke|p1|Chi-Yu|\n|poke|p1|Magearna|\n|poke|p1|Ursaluna, F|\n|poke|p1|Cresselia, F|\n|poke|p1|Azumarill, F|\n|poke|p2|Landorus, M|\n|poke|p2|Kommo-o, M|\n|poke|p2|Orthworm, M|\n|poke|p2|Weezing-Galar, F|\n|poke|p2|Palafin, F|\n|poke|p2|Shaymin-Sky|\n|teampreview\n|c|\u2606dumpy lump|yknow i have other teams but fuck it we tr\n|\n|t:|1699756114\n|start\n|switch|p1a: Magearna|Magearna|100\/100\n|switch|p2a: Weezing|Weezing-Galar, F|100\/100\n|turn|1\n|c|\u2606Oomaester1234|i feel you\n|\n|t:|1699756121\n|move|p2a: Weezing|Taunt|p1a: Magearna\n|-start|p1a: Magearna|move: Taunt\n|cant|p1a: Magearna|move: Taunt|Trick Room\n|\n|upkeep\n|turn|2\n|c|\u2606Oomaester1234|except ive used 3 diff eteams\n|c|\u2606dumpy lump|he brought taunt\n|c|\u2606Oomaester1234|i forgot this thing had taunt\n|c|\u2606Oomaester1234|lowkey\n|c|\u2606dumpy lump|i can't believe it\n|\n|t:|1699756140\n|switch|p2a: Palafin|Palafin, F|100\/100\n|move|p1a: Magearna|Volt Switch|p2a: Palafin\n|-supereffective|p2a: Palafin\n|-damage|p2a: Palafin|44\/100\n|c|\u2606Oomaester1234|likr this was the first team i made\n|\n|t:|1699756146\n|switch|p1a: Dialga|Dialga-Origin|100\/100|[from] Volt Switch\n|-ability|p1a: Dialga|Pressure\n|\n|upkeep\n|turn|3\n|\n|t:|1699756150\n|move|p2a: Palafin|Close Combat|p1a: Dialga\n|-supereffective|p1a: Dialga\n|-damage|p1a: Dialga|61\/100\n|-unboost|p2a: Palafin|def|1\n|-unboost|p2a: Palafin|spd|1\n|move|p1a: Dialga|Trick Room|p1a: Dialga\n|-fieldstart|move: Trick Room|[of] p1a: Dialga\n|\n|upkeep\n|turn|4\n|\n|t:|1699756155\n|detailschange|p2a: Palafin|Palafin-Hero, F\n|switch|p2a: Weezing|Weezing-Galar, F|100\/100\n|move|p1a: Dialga|Dragon Pulse|p2a: Weezing\n|-immune|p2a: Weezing\n|\n|upkeep\n|turn|5\n|c|\u2606dumpy lump|should have seen that coming\n|\n|t:|1699756169\n|move|p2a: Weezing|Strange Steam|p1a: Dialga\n|-damage|p1a: Dialga|43\/100\n|move|p1a: Dialga|Flash Cannon|p2a: Weezing\n|-supereffective|p2a: Weezing\n|-damage|p2a: Weezing|0 fnt\n|faint|p2a: Weezing\n|\n|upkeep\n|\n|t:|1699756185\n|switch|p2a: Orthworm|Orthworm, M|100\/100\n|turn|6\n|\n|t:|1699756196\n|move|p1a: Dialga|Dragon Pulse|p2a: Orthworm\n|-resisted|p2a: Orthworm\n|-damage|p2a: Orthworm|53\/100\n|move|p2a: Orthworm|Shed Tail|p2a: Orthworm\n|-start|p2a: Orthworm|Substitute|[from] move: Shed Tail\n|-damage|p2a: Orthworm|3\/100\n|-enditem|p2a: Orthworm|Sitrus Berry|[eat]\n|-heal|p2a: Orthworm|27\/100|[from] item: Sitrus Berry\n|c|\u2606dumpy lump|didn't expect to outspeed that tbh\n|c|\u2606Oomaester1234|orth is slow af\n|c|\u2606Oomaester1234|im surprised to\n|c|\u2606Oomaester1234|lowkey\n|\n|t:|1699756232\n|switch|p2a: Landorus|Landorus, M|100\/100|[from] Shed Tail\n|\n|upkeep\n|turn|7\n|\n|t:|1699756263\n|-terastallize|p1a: Dialga|Flying\n|move|p1a: Dialga|Ice Beam|p2a: Landorus\n|-supereffective|p2a: Landorus\n|-end|p2a: Landorus|Substitute\n|move|p2a: Landorus|Nasty Plot|p2a: Landorus\n|-boost|p2a: Landorus|spa|2\n|\n|-fieldend|move: Trick Room\n|upkeep\n|turn|8\n|\n|t:|1699756269\n|move|p2a: Landorus|Sludge Bomb|p1a: Dialga\n|-damage|p1a: Dialga|0 fnt\n|faint|p1a: Dialga\n|\n|upkeep\n|\n|t:|1699756284\n|switch|p1a: Cresselia|Cresselia, F, shiny|100\/100\n|turn|9\n|\n|t:|1699756287\n|move|p2a: Landorus|Sludge Bomb|p1a: Cresselia\n|-damage|p1a: Cresselia|55\/100\n|move|p1a: Cresselia|Trick Room|p1a: Cresselia\n|-fieldstart|move: Trick Room|[of] p1a: Cresselia\n|\n|upkeep\n|turn|10\n|\n|t:|1699756300\n|move|p1a: Cresselia|Light Screen|p1a: Cresselia\n|-sidestart|p1: dumpy lump|move: Light Screen\n|move|p2a: Landorus|Sludge Bomb|p1a: Cresselia\n|-damage|p1a: Cresselia|32\/100\n|\n|upkeep\n|turn|11\n|\n|t:|1699756307\n|switch|p1a: Azumarill|Azumarill, F, shiny|100\/100\n|move|p2a: Landorus|Earth Power|p1a: Azumarill\n|-damage|p1a: Azumarill|21\/100\n|-enditem|p1a: Azumarill|Sitrus Berry|[eat]\n|-heal|p1a: Azumarill|46\/100|[from] item: Sitrus Berry\n|\n|upkeep\n|turn|12\n|\n|t:|1699756314\n|move|p1a: Azumarill|Liquidation|p2a: Landorus\n|-supereffective|p2a: Landorus\n|-damage|p2a: Landorus|0 fnt\n|faint|p2a: Landorus\n|\n|upkeep\n|\n|t:|1699756321\n|switch|p2a: Shaymin|Shaymin-Sky|100\/100\n|turn|13\n|\n|t:|1699756334\n|move|p2a: Shaymin|Protect|p2a: Shaymin\n|-singleturn|p2a: Shaymin|Protect\n|move|p1a: Azumarill|Play Rough|p2a: Shaymin\n|-activate|p2a: Shaymin|move: Protect\n|\n|-fieldend|move: Trick Room\n|upkeep\n|turn|14\n|\n|t:|1699756340\n|move|p1a: Azumarill|Aqua Jet|p2a: Shaymin\n|-resisted|p2a: Shaymin\n|-damage|p2a: Shaymin|86\/100\n|move|p2a: Shaymin|Seed Flare|p1a: Azumarill\n|-supereffective|p1a: Azumarill\n|-damage|p1a: Azumarill|0 fnt\n|faint|p1a: Azumarill\n|\n|-heal|p2a: Shaymin|92\/100|[from] item: Leftovers\n|-sideend|p1: dumpy lump|move: Light Screen\n|upkeep\n|\n|t:|1699756346\n|switch|p1a: Magearna|Magearna|100\/100\n|turn|15\n|\n|t:|1699756349\n|move|p2a: Shaymin|Leech Seed|p1a: Magearna\n|-start|p1a: Magearna|move: Leech Seed\n|move|p1a: Magearna|Trick Room|p1a: Magearna\n|-fieldstart|move: Trick Room|[of] p1a: Magearna\n|\n|-heal|p2a: Shaymin|98\/100|[from] item: Leftovers\n|-damage|p1a: Magearna|88\/100|[from] Leech Seed|[of] p2a: Shaymin\n|-heal|p2a: Shaymin|100\/100|[silent]\n|upkeep\n|turn|16\n|\n|t:|1699756357\n|move|p2a: Shaymin|Protect|p2a: Shaymin\n|-singleturn|p2a: Shaymin|Protect\n|move|p1a: Magearna|Encore|p2a: Shaymin\n|-activate|p2a: Shaymin|move: Protect\n|\n|-heal|p1a: Magearna|94\/100|[from] item: Leftovers\n|-damage|p1a: Magearna|82\/100|[from] Leech Seed|[of] p2a: Shaymin\n|upkeep\n|turn|17\n|\n|t:|1699756370\n|move|p1a: Magearna|Volt Switch|p2a: Shaymin\n|-damage|p2a: Shaymin|78\/100\n|\n|t:|1699756378\n|switch|p1a: Chi-Yu|Chi-Yu|100\/100|[from] Volt Switch\n|-ability|p1a: Chi-Yu|Beads of Ruin\n|move|p2a: Shaymin|Seed Flare|p1a: Chi-Yu\n|-resisted|p1a: Chi-Yu\n|-damage|p1a: Chi-Yu|75\/100\n|-unboost|p1a: Chi-Yu|spd|2\n|\n|-heal|p2a: Shaymin|84\/100|[from] item: Leftovers\n|upkeep\n|turn|18\n|\n|t:|1699756386\n|switch|p2a: Orthworm|Orthworm, M|27\/100\n|move|p1a: Chi-Yu|Overheat|p2a: Orthworm\n|-supereffective|p2a: Orthworm\n|-damage|p2a: Orthworm|0 fnt\n|-unboost|p1a: Chi-Yu|spa|2\n|faint|p2a: Orthworm\n|\n|upkeep\n|\n|t:|1699756391\n|switch|p2a: Shaymin|Shaymin-Sky|84\/100\n|turn|19\n|\n|t:|1699756396\n|switch|p1a: Magearna|Magearna|82\/100\n|move|p2a: Shaymin|Protect||[still]\n|-fail|p2a: Shaymin\n|\n|-heal|p1a: Magearna|88\/100|[from] item: Leftovers\n|-heal|p2a: Shaymin|90\/100|[from] item: Leftovers\n|-fieldend|move: Trick Room\n|upkeep\n|turn|20\n|\n|t:|1699756400\n|move|p2a: Shaymin|Leech Seed|p1a: Magearna|[miss]\n|-miss|p2a: Shaymin|p1a: Magearna\n|move|p1a: Magearna|Trick Room|p1a: Magearna\n|-fieldstart|move: Trick Room|[of] p1a: Magearna\n|\n|-heal|p1a: Magearna|94\/100|[from] item: Leftovers\n|-heal|p2a: Shaymin|96\/100|[from] item: Leftovers\n|upkeep\n|turn|21\n|\n|t:|1699756408\n|move|p2a: Shaymin|Protect|p2a: Shaymin\n|-singleturn|p2a: Shaymin|Protect\n|move|p1a: Magearna|Encore|p2a: Shaymin\n|-activate|p2a: Shaymin|move: Protect\n|\n|-heal|p1a: Magearna|99\/100|[from] item: Leftovers\n|-heal|p2a: Shaymin|100\/100|[from] item: Leftovers\n|upkeep\n|turn|22\n|\n|t:|1699756414\n|move|p1a: Magearna|Encore|p2a: Shaymin\n|-start|p2a: Shaymin|Encore\n|move|p2a: Shaymin|Protect||[still]\n|-fail|p2a: Shaymin\n|\n|-heal|p1a: Magearna|100\/100|[from] item: Leftovers\n|upkeep\n|turn|23\n|\n|t:|1699756426\n|switch|p1a: Chi-Yu|Chi-Yu|75\/100\n|-ability|p1a: Chi-Yu|Beads of Ruin\n|move|p2a: Shaymin|Protect||[still]\n|-fail|p2a: Shaymin\n|\n|upkeep\n|turn|24\n|\n|t:|1699756438\n|switch|p2a: Kommo-o|Kommo-o, M|100\/100\n|move|p1a: Chi-Yu|Overheat|p2a: Kommo-o\n|-resisted|p2a: Kommo-o\n|-crit|p2a: Kommo-o\n|-damage|p2a: Kommo-o|0 fnt\n|-unboost|p1a: Chi-Yu|spa|2\n|faint|p2a: Kommo-o\n|\n|-fieldend|move: Trick Room\n|upkeep\n|c|\u2606Oomaester1234|damn\n|\n|t:|1699756449\n|switch|p2a: Palafin|Palafin-Hero, F|44\/100\n|-activate|p2a: Palafin|ability: Zero to Hero\n|turn|25\n|c|\u2606dumpy lump|crit didn't matter i dont think\n|c|\u2606Oomaester1234|eyah\n|c|\u2606Oomaester1234|i dont think it did\n|c|\u2606Oomaester1234|its just it did so much\n|\n|t:|1699756465\n|switch|p1a: Magearna|Magearna|100\/100\n|move|p2a: Palafin|Jet Punch|p1a: Magearna\n|-damage|p1a: Magearna|63\/100\n|\n|-heal|p1a: Magearna|69\/100|[from] item: Leftovers\n|upkeep\n|turn|26\n|\n|t:|1699756570\n|-terastallize|p2a: Palafin|Fighting\n|move|p2a: Palafin|Close Combat|p1a: Magearna\n|-damage|p1a: Magearna|7\/100\n|-unboost|p2a: Palafin|def|1\n|-unboost|p2a: Palafin|spd|1\n|move|p1a: Magearna|Trick Room|p1a: Magearna\n|-fieldstart|move: Trick Room|[of] p1a: Magearna\n|\n|-heal|p1a: Magearna|13\/100|[from] item: Leftovers\n|upkeep\n|turn|27\n|c|\u2606dumpy lump|that didnt kill thats crazy\n|c|\u2606Oomaester1234|yeah\n|\n|t:|1699756603\n|move|p2a: Palafin|Jet Punch|p1a: Magearna\n|-damage|p1a: Magearna|0 fnt\n|faint|p1a: Magearna\n|\n|upkeep\n|c|\u2606Oomaester1234|i might eb screwed\n|c|\u2606dumpy lump|idk\n|\n|t:|1699756612\n|switch|p1a: Ursaluna|Ursaluna, F|100\/100\n|turn|28\n|\n|t:|1699756622\n|switch|p2a: Shaymin|Shaymin-Sky|100\/100\n|move|p1a: Ursaluna|Facade|p2a: Shaymin\n|-damage|p2a: Shaymin|53\/100\n|\n|-heal|p2a: Shaymin|59\/100|[from] item: Leftovers\n|-status|p1a: Ursaluna|brn|[from] item: Flame Orb\n|upkeep\n|turn|29\n|\n|t:|1699756629\n|move|p2a: Shaymin|Protect|p2a: Shaymin\n|-singleturn|p2a: Shaymin|Protect\n|move|p1a: Ursaluna|Facade|p2a: Shaymin\n|-activate|p2a: Shaymin|move: Protect\n|\n|-heal|p2a: Shaymin|65\/100|[from] item: Leftovers\n|-damage|p1a: Ursaluna|94\/100 brn|[from] brn\n|upkeep\n|turn|30\n|c|\u2606Oomaester1234|yo\n|c|\u2606Oomaester1234|pls\n|\n|t:|1699756642\n|move|p2a: Shaymin|Protect||[still]\n|-fail|p2a: Shaymin\n|move|p1a: Ursaluna|Facade|p2a: Shaymin\n|-damage|p2a: Shaymin|0 fnt\n|faint|p2a: Shaymin\n|\n|-damage|p1a: Ursaluna|88\/100 brn|[from] brn\n|-fieldend|move: Trick Room\n|upkeep\n|c|\u2606Oomaester1234|shaymin\n|c|\u2606Oomaester1234|NO\n|\n|t:|1699756646\n|switch|p2a: Palafin|Palafin-Hero, F, tera:Fighting|44\/100\n|turn|31\n|c|\u2606dumpy lump|idk about this one\n|c|\u2606Oomaester1234|all up to my boi ig\n|\n|t:|1699756658\n|move|p2a: Palafin|Close Combat|p1a: Ursaluna\n|-supereffective|p1a: Ursaluna\n|-damage|p1a: Ursaluna|0 fnt\n|-unboost|p2a: Palafin|def|1\n|-unboost|p2a: Palafin|spd|1\n|faint|p1a: Ursaluna\n|\n|upkeep\n|\n|t:|1699756667\n|switch|p1a: Cresselia|Cresselia, F, shiny|32\/100\n|turn|32\n|\n|t:|1699756672\n|move|p2a: Palafin|Jet Punch|p1a: Cresselia\n|-damage|p1a: Cresselia|0 fnt\n|faint|p1a: Cresselia\n|\n|upkeep\n|c|\u2606Oomaester1234|scary team\n|\n|t:|1699756676\n|switch|p1a: Chi-Yu|Chi-Yu|75\/100\n|-ability|p1a: Chi-Yu|Beads of Ruin\n|turn|33\n|c|\u2606Oomaester1234|scaries team ive faced\n|c|\u2606dumpy lump|i have no idea if i live this\n|c|\u2606dumpy lump|probably not\n|c|\u2606Oomaester1234|i dont htink so\n|\n|t:|1699756693\n|move|p2a: Palafin|Jet Punch|p1a: Chi-Yu\n|-supereffective|p1a: Chi-Yu\n|-damage|p1a: Chi-Yu|0 fnt\n|faint|p1a: Chi-Yu\n|\n|win|Oomaester1234\n|c|\u2606dumpy lump|maaaaan\n|c|\u2606Oomaester1234|i gave it mystic water\n|c|\u2606dumpy lump|gg\n|c|\u2606Oomaester1234|damnn\n|c|\u2606Oomaester1234|ggs\n|c|\u2606Oomaester1234|that was acctually such a hard game\n|c|\u2606dumpy lump|that was so close\n|c|\u2606Oomaester1234|you gave me arun for my money\n|c|\u2606Oomaester1234|ggs you played well\n|c|\u2606Oomaester1234|do i post all 3 replays\n|c|\u2606dumpy lump|what no rng bullshit does to a mf\n|c|\u2606dumpy lump|ggs\n|c|\u2606dumpy lump|yeah\n|c|\u2606Oomaester1234|bet bet\n","uploadtime":1699756703,"views":26,"p1id":"dumpylump","p2id":"oomaester1234","formatid":"gen9ubers","rating":0,"private":0,"password":""}