{"id":"gen9ubers-1990652936","p1":"Skotchaud","p2":"Romano RPPLF","format":"[Gen 9] Ubers","log":"|j|\u2606Skotchaud\n|j|\u2606Romano RPPLF\n|t:|1699988975\n|gametype|singles\n|player|p1|Skotchaud|noland|\n|player|p2|Romano RPPLF|1|\n|teamsize|p1|6\n|teamsize|p2|6\n|gen|9\n|tier|[Gen 9] Ubers\n|rule|Sleep Clause Mod: Limit one foe put to sleep\n|rule|Species Clause: Limit one of each Pok\u00e9mon\n|rule|OHKO Clause: OHKO moves are banned\n|rule|Evasion Items Clause: Evasion items are banned\n|rule|Evasion Moves Clause: Evasion moves are banned\n|rule|Endless Battle Clause: Forcing endless battles is banned\n|rule|HP Percentage Mod: HP is shown in percentages\n|clearpoke\n|poke|p1|Dragapult, M|\n|poke|p1|Cinderace, M|\n|poke|p1|Rillaboom, F|\n|poke|p1|Sneasler, F|\n|poke|p1|Dondozo, F|\n|poke|p1|Enamorus, F|\n|poke|p2|Weavile, F|\n|poke|p2|Rillaboom, M|\n|poke|p2|Sneasler, F|\n|poke|p2|Enamorus, F|\n|poke|p2|Hawlucha, F|\n|poke|p2|Jirachi|\n|teampreview\n|\n|t:|1699988993\n|start\n|switch|p1a: L. martinez|Cinderace, M|100\/100\n|switch|p2a: Spectre|Weavile, F|100\/100\n|-ability|p2a: Spectre|Pressure\n|turn|1\n|\n|t:|1699989001\n|move|p2a: Spectre|Knock Off|p1a: L. martinez\n|-damage|p1a: L. martinez|30\/100\n|-enditem|p1a: L. martinez|Heavy-Duty Boots|[from] move: Knock Off|[of] p2a: Spectre\n|move|p1a: L. martinez|Pyro Ball|p2a: Spectre\n|-supereffective|p2a: Spectre\n|-enditem|p2a: Spectre|Focus Sash\n|-damage|p2a: Spectre|1\/100\n|\n|upkeep\n|turn|2\n|\n|t:|1699989037\n|move|p1a: L. martinez|Sucker Punch|p2a: Spectre\n|-start|p1a: L. martinez|typechange|Dark|[from] ability: Libero\n|-resisted|p2a: Spectre\n|-damage|p2a: Spectre|0 fnt\n|faint|p2a: Spectre\n|\n|upkeep\n|\n|t:|1699989051\n|switch|p2a: Sol|Hawlucha, F|100\/100\n|turn|3\n|\n|t:|1699989061\n|move|p1a: L. martinez|Pyro Ball|p2a: Sol|[miss]\n|-miss|p1a: L. martinez|p2a: Sol\n|move|p2a: Sol|Encore|p1a: L. martinez\n|-start|p1a: L. martinez|Encore\n|\n|upkeep\n|turn|4\n|\n|t:|1699989072\n|switch|p2a: Feu|Enamorus, F|100\/100\n|move|p1a: L. martinez|Pyro Ball|p2a: Feu|[miss]\n|-miss|p1a: L. martinez|p2a: Feu\n|\n|upkeep\n|turn|5\n|\n|t:|1699989083\n|move|p1a: L. martinez|Pyro Ball|p2a: Feu\n|-damage|p2a: Feu|34\/100\n|-status|p2a: Feu|brn\n|move|p2a: Feu|Moonblast|p1a: L. martinez\n|-supereffective|p1a: L. martinez\n|-damage|p1a: L. martinez|0 fnt\n|faint|p1a: L. martinez\n|\n|-heal|p2a: Feu|41\/100 brn|[from] item: Leftovers\n|-damage|p2a: Feu|34\/100 brn|[from] brn\n|upkeep\n|\n|t:|1699989101\n|switch|p1a: Dragapute|Dragapult, M|100\/100\n|turn|6\n|\n|t:|1699989109\n|switch|p2a: Sol|Hawlucha, F|100\/100\n|move|p1a: Dragapute|Shadow Ball|p2a: Sol\n|-damage|p2a: Sol|34\/100\n|\n|upkeep\n|turn|7\n|\n|t:|1699989117\n|move|p1a: Dragapute|Shadow Ball|p2a: Sol\n|-damage|p2a: Sol|0 fnt\n|faint|p2a: Sol\n|\n|upkeep\n|\n|t:|1699989120\n|switch|p2a: Plante|Rillaboom, M|100\/100\n|-fieldstart|move: Grassy Terrain|[from] ability: Grassy Surge|[of] p2a: Plante\n|turn|8\n|\n|t:|1699989144\n|switch|p1a: La sweepeuse|Sneasler, F, shiny|100\/100\n|-enditem|p1a: La sweepeuse|Grassy Seed\n|-boost|p1a: La sweepeuse|def|1|[from] item: Grassy Seed\n|move|p2a: Plante|Knock Off|p1a: La sweepeuse\n|-resisted|p1a: La sweepeuse\n|-crit|p1a: La sweepeuse\n|-damage|p1a: La sweepeuse|70\/100\n|\n|-heal|p1a: La sweepeuse|76\/100|[from] Grassy Terrain\n|upkeep\n|turn|9\n|\n|t:|1699989156\n|switch|p2a: Feu|Enamorus, F|34\/100 brn\n|move|p1a: La sweepeuse|Acrobatics|p2a: Feu\n|-damage|p2a: Feu|0 fnt\n|faint|p2a: Feu\n|\n|-heal|p1a: La sweepeuse|82\/100|[from] Grassy Terrain\n|upkeep\n|\n|t:|1699989166\n|switch|p2a: Combat|Sneasler, F|100\/100\n|-enditem|p2a: Combat|Grassy Seed\n|-boost|p2a: Combat|def|1|[from] item: Grassy Seed\n|turn|10\n|\n|t:|1699989169\n|-terastallize|p2a: Combat|Flying\n|move|p2a: Combat|Fake Out|p1a: La sweepeuse\n|-crit|p1a: La sweepeuse\n|-damage|p1a: La sweepeuse|44\/100\n|cant|p1a: La sweepeuse|flinch\n|\n|-heal|p1a: La sweepeuse|50\/100|[from] Grassy Terrain\n|upkeep\n|turn|11\n|\n|t:|1699989192\n|move|p2a: Combat|Acrobatics|p1a: La sweepeuse\n|-supereffective|p1a: La sweepeuse\n|-damage|p1a: La sweepeuse|0 fnt\n|faint|p1a: La sweepeuse\n|\n|upkeep\n|\n|t:|1699989198\n|switch|p1a: On baizz?|Dondozo, F|100\/100\n|turn|12\n|\n|t:|1699989209\n|switch|p2a: Plante|Rillaboom, M|100\/100\n|move|p1a: On baizz?|Curse|p1a: On baizz?\n|-unboost|p1a: On baizz?|spe|1\n|-boost|p1a: On baizz?|atk|1\n|-boost|p1a: On baizz?|def|1\n|\n|-fieldend|move: Grassy Terrain\n|upkeep\n|turn|13\n|\n|t:|1699989215\n|-terastallize|p1a: On baizz?|Dragon\n|move|p2a: Plante|Wood Hammer|p1a: On baizz?\n|-resisted|p1a: On baizz?\n|-damage|p1a: On baizz?|89\/100\n|-damage|p2a: Plante|96\/100|[from] Recoil\n|move|p1a: On baizz?|Curse|p1a: On baizz?\n|-unboost|p1a: On baizz?|spe|1\n|-boost|p1a: On baizz?|atk|1\n|-boost|p1a: On baizz?|def|1\n|\n|upkeep\n|turn|14\n|\n|t:|1699989224\n|move|p2a: Plante|U-turn|p1a: On baizz?\n|-damage|p1a: On baizz?|83\/100\n|\n|t:|1699989227\n|switch|p2a: Psy|Jirachi|100\/100|[from] U-turn\n|move|p1a: On baizz?|Liquidation|p2a: Psy\n|-damage|p2a: Psy|38\/100\n|\n|upkeep\n|turn|15\n|\n|t:|1699989230\n|move|p2a: Psy|Iron Head|p1a: On baizz?\n|-damage|p1a: On baizz?|76\/100\n|move|p1a: On baizz?|Liquidation|p2a: Psy\n|-damage|p2a: Psy|0 fnt\n|faint|p2a: Psy\n|\n|upkeep\n|\n|t:|1699989233\n|switch|p2a: Combat|Sneasler, F, tera:Flying|100\/100\n|turn|16\n|\n|t:|1699989235\n|move|p2a: Combat|Acrobatics|p1a: On baizz?\n|-damage|p1a: On baizz?|62\/100\n|move|p1a: On baizz?|Liquidation|p2a: Combat\n|-damage|p2a: Combat|1\/100\n|\n|upkeep\n|turn|17\n|\n|t:|1699989248\n|move|p2a: Combat|Fake Out||[still]\n|-hint|Fake Out only works on your first turn out.\n|-fail|p2a: Combat\n|move|p1a: On baizz?|Liquidation|p2a: Combat\n|-crit|p2a: Combat\n|-damage|p2a: Combat|0 fnt\n|faint|p2a: Combat\n|\n|upkeep\n|\n|t:|1699989253\n|switch|p2a: Plante|Rillaboom, M|96\/100\n|-fieldstart|move: Grassy Terrain|[from] ability: Grassy Surge|[of] p2a: Plante\n|turn|18\n|\n|t:|1699989255\n|move|p2a: Plante|Wood Hammer|p1a: On baizz?\n|-resisted|p1a: On baizz?\n|-damage|p1a: On baizz?|50\/100\n|-damage|p2a: Plante|91\/100|[from] Recoil\n|move|p1a: On baizz?|Body Press|p2a: Plante\n|-crit|p2a: Plante\n|-damage|p2a: Plante|19\/100\n|\n|-heal|p2a: Plante|25\/100|[from] Grassy Terrain\n|-heal|p1a: On baizz?|56\/100|[from] Grassy Terrain\n|upkeep\n|turn|19\n|\n|t:|1699989263\n|move|p2a: Plante|Knock Off|p1a: On baizz?\n|-damage|p1a: On baizz?|49\/100\n|-enditem|p1a: On baizz?|Covert Cloak|[from] move: Knock Off|[of] p2a: Plante\n|move|p1a: On baizz?|Body Press|p2a: Plante\n|-damage|p2a: Plante|0 fnt\n|faint|p2a: Plante\n|\n|win|Skotchaud\n","uploadtime":1699989268,"views":20,"p1id":"skotchaud","p2id":"romanorpplf","formatid":"gen9ubers","rating":0,"private":0,"password":""}