{"id":"gen9ubers-1982674708","p1":"IDAHAN","p2":"TheSilvySilv","format":"[Gen 9] Ubers","log":"|j|\u2606IDAHAN\n|j|\u2606TheSilvySilv\n|t:|1699034789\n|gametype|singles\n|player|p1|IDAHAN|ethan|\n|player|p2|TheSilvySilv|ghetsis|\n|teamsize|p1|6\n|teamsize|p2|6\n|gen|9\n|tier|[Gen 9] Ubers\n|rule|Sleep Clause Mod: Limit one foe put to sleep\n|rule|Species Clause: Limit one of each Pok\u00e9mon\n|rule|OHKO Clause: OHKO moves are banned\n|rule|Evasion Items Clause: Evasion items are banned\n|rule|Evasion Moves Clause: Evasion moves are banned\n|rule|Endless Battle Clause: Forcing endless battles is banned\n|rule|HP Percentage Mod: HP is shown in percentages\n|clearpoke\n|poke|p1|Houndstone, F|\n|poke|p1|Magearna|\n|poke|p1|Chi-Yu|\n|poke|p1|Shaymin-Sky|\n|poke|p1|Zacian-*|\n|poke|p1|Arceus-Poison|\n|poke|p2|Alomomola, F|\n|poke|p2|Zamazenta-*|\n|poke|p2|Chi-Yu|\n|poke|p2|Palkia-Origin|\n|poke|p2|Arceus-Poison|\n|poke|p2|Ursaluna-Bloodmoon, M|\n|teampreview\n|c|\u2606IDAHAN|glhf :)\n|c|\u2606TheSilvySilv|thx yt\n|inactive|Battle timer is ON: inactive players will automatically lose when time's up. (requested by IDAHAN)\n|\n|t:|1699034827\n|start\n|switch|p1a: Magearna|Magearna|100\/100\n|switch|p2a: Palkia|Palkia-Origin|100\/100\n|-ability|p2a: Palkia|Pressure\n|turn|1\n|\n|t:|1699034834\n|switch|p2a: Arceus|Arceus-Poison|100\/100\n|move|p1a: Magearna|Spikes|p2a: Arceus\n|-sidestart|p2: TheSilvySilv|Spikes\n|\n|upkeep\n|turn|2\n|\n|t:|1699034839\n|move|p2a: Arceus|Earthquake|p1a: Magearna\n|-supereffective|p1a: Magearna\n|-crit|p1a: Magearna\n|-damage|p1a: Magearna|48\/100\n|move|p1a: Magearna|Thunder Wave|p2a: Arceus\n|-status|p2a: Arceus|par\n|\n|-heal|p1a: Magearna|54\/100|[from] item: Leftovers\n|upkeep\n|turn|3\n|\n|t:|1699034849\n|move|p2a: Arceus|Earthquake|p1a: Magearna\n|-supereffective|p1a: Magearna\n|-damage|p1a: Magearna|24\/100\n|move|p1a: Magearna|Spikes|p2a: Arceus\n|-sidestart|p2: TheSilvySilv|Spikes\n|\n|-heal|p1a: Magearna|30\/100|[from] item: Leftovers\n|upkeep\n|turn|4\n|\n|t:|1699034857\n|switch|p1a: Shaymin|Shaymin-Sky|100\/100\n|move|p2a: Arceus|Earthquake|p1a: Shaymin\n|-immune|p1a: Shaymin\n|\n|upkeep\n|turn|5\n|\n|t:|1699034861\n|move|p1a: Shaymin|Substitute|p1a: Shaymin\n|-start|p1a: Shaymin|Substitute\n|-damage|p1a: Shaymin|76\/100\n|cant|p2a: Arceus|par\n|\n|-heal|p1a: Shaymin|82\/100|[from] item: Leftovers\n|upkeep\n|turn|6\n|\n|t:|1699034870\n|move|p1a: Shaymin|Leech Seed|p2a: Arceus\n|-start|p2a: Arceus|move: Leech Seed\n|move|p2a: Arceus|Gunk Shot|p1a: Shaymin|[miss]\n|-miss|p2a: Arceus|p1a: Shaymin\n|\n|-heal|p1a: Shaymin|88\/100|[from] item: Leftovers\n|-damage|p2a: Arceus|88\/100 par|[from] Leech Seed|[of] p1a: Shaymin\n|-heal|p1a: Shaymin|100\/100|[silent]\n|upkeep\n|turn|7\n|\n|t:|1699034875\n|switch|p2a: Chi-Yu|Chi-Yu|100\/100\n|-ability|p2a: Chi-Yu|Beads of Ruin\n|move|p1a: Shaymin|Air Slash|p2a: Chi-Yu\n|-damage|p2a: Chi-Yu|56\/100\n|\n|upkeep\n|turn|8\n|\n|t:|1699034880\n|move|p1a: Shaymin|Air Slash|p2a: Chi-Yu\n|-damage|p2a: Chi-Yu|16\/100\n|cant|p2a: Chi-Yu|flinch\n|\n|upkeep\n|turn|9\n|\n|t:|1699034884\n|switch|p2a: Arceus|Arceus-Poison|88\/100 par\n|-damage|p2a: Arceus|71\/100 par|[from] Spikes\n|move|p1a: Shaymin|Air Slash|p2a: Arceus\n|-damage|p2a: Arceus|45\/100 par\n|\n|upkeep\n|turn|10\n|\n|t:|1699034886\n|move|p1a: Shaymin|Air Slash|p2a: Arceus\n|-damage|p2a: Arceus|20\/100 par\n|cant|p2a: Arceus|flinch\n|\n|upkeep\n|turn|11\n|\n|t:|1699034900\n|move|p1a: Shaymin|Air Slash|p2a: Arceus\n|-damage|p2a: Arceus|0 fnt\n|faint|p2a: Arceus\n|\n|upkeep\n|\n|t:|1699034907\n|switch|p2a: Zamazenta|Zamazenta-Crowned|100\/100\n|-damage|p2a: Zamazenta|84\/100|[from] Spikes\n|-ability|p2a: Zamazenta|Dauntless Shield|boost\n|-boost|p2a: Zamazenta|def|1\n|turn|12\n|\n|t:|1699034911\n|move|p2a: Zamazenta|Ice Fang|p1a: Shaymin\n|-supereffective|p1a: Shaymin\n|-end|p1a: Shaymin|Substitute\n|move|p1a: Shaymin|Leech Seed|p2a: Zamazenta|[miss]\n|-miss|p1a: Shaymin|p2a: Zamazenta\n|\n|upkeep\n|turn|13\n|\n|t:|1699034917\n|switch|p1a: Houndstone|Houndstone, F|100\/100\n|move|p2a: Zamazenta|Iron Defense|p2a: Zamazenta\n|-boost|p2a: Zamazenta|def|2\n|\n|upkeep\n|turn|14\n|\n|t:|1699034921\n|move|p2a: Zamazenta|Iron Defense|p2a: Zamazenta\n|-boost|p2a: Zamazenta|def|2\n|move|p1a: Houndstone|Will-O-Wisp|p2a: Zamazenta\n|-status|p2a: Zamazenta|brn\n|\n|-damage|p2a: Zamazenta|78\/100 brn|[from] brn\n|upkeep\n|turn|15\n|\n|t:|1699034927\n|move|p2a: Zamazenta|Behemoth Bash|p1a: Houndstone\n|-damage|p1a: Houndstone|92\/100\n|move|p1a: Houndstone|Body Press|p2a: Zamazenta\n|-supereffective|p2a: Zamazenta\n|-damage|p2a: Zamazenta|67\/100 brn\n|\n|-heal|p1a: Houndstone|98\/100|[from] item: Leftovers\n|-damage|p2a: Zamazenta|60\/100 brn|[from] brn\n|upkeep\n|turn|16\n|\n|t:|1699034935\n|switch|p2a: Alomomola|Alomomola, F|100\/100\n|move|p1a: Houndstone|Body Press|p2a: Alomomola\n|-crit|p2a: Alomomola\n|-damage|p2a: Alomomola|80\/100\n|\n|-heal|p1a: Houndstone|100\/100|[from] item: Leftovers\n|upkeep\n|turn|17\n|\n|t:|1699034941\n|switch|p1a: Magearna|Magearna|30\/100\n|move|p2a: Alomomola|Wish|p2a: Alomomola\n|\n|-heal|p1a: Magearna|36\/100|[from] item: Leftovers\n|upkeep\n|turn|18\n|\n|t:|1699034945\n|move|p2a: Alomomola|Flip Turn|p1a: Magearna\n|-damage|p1a: Magearna|27\/100\n|\n|t:|1699034948\n|switch|p2a: Chi-Yu|Chi-Yu|16\/100|[from] Flip Turn\n|-ability|p2a: Chi-Yu|Beads of Ruin\n|move|p1a: Magearna|Volt Switch|p2a: Chi-Yu\n|-damage|p2a: Chi-Yu|0 fnt\n|faint|p2a: Chi-Yu\n|-ability|p1a: Magearna|Soul-Heart|boost\n|-boost|p1a: Magearna|spa|1\n|\n|t:|1699034958\n|switch|p1a: Arceus|Arceus-Poison|100\/100|[from] Volt Switch\n|\n|upkeep\n|\n|t:|1699034974\n|switch|p2a: Ursaluna|Ursaluna-Bloodmoon, M|100\/100\n|-damage|p2a: Ursaluna|84\/100|[from] Spikes\n|turn|19\n|\n|t:|1699034988\n|move|p1a: Arceus|Swords Dance|p1a: Arceus\n|-boost|p1a: Arceus|atk|2\n|move|p2a: Ursaluna|Earth Power|p1a: Arceus\n|-supereffective|p1a: Arceus\n|-damage|p1a: Arceus|18\/100\n|-damage|p2a: Ursaluna|74\/100|[from] item: Life Orb\n|\n|upkeep\n|turn|20\n|\n|t:|1699035007\n|switch|p2a: Zamazenta|Zamazenta-Crowned|60\/100 brn\n|-damage|p2a: Zamazenta|44\/100 brn|[from] Spikes\n|move|p1a: Arceus|Earthquake|p2a: Zamazenta\n|-supereffective|p2a: Zamazenta\n|-crit|p2a: Zamazenta\n|-damage|p2a: Zamazenta|0 fnt\n|faint|p2a: Zamazenta\n|\n|upkeep\n|\n|t:|1699035010\n|switch|p2a: Palkia|Palkia-Origin|100\/100\n|-damage|p2a: Palkia|84\/100|[from] Spikes\n|-ability|p2a: Palkia|Pressure\n|turn|21\n|\n|t:|1699035015\n|move|p1a: Arceus|Poison Jab|p2a: Palkia\n|-damage|p2a: Palkia|4\/100\n|move|p2a: Palkia|Spacial Rend|p1a: Arceus\n|-damage|p1a: Arceus|0 fnt\n|faint|p1a: Arceus\n|\n|upkeep\n|\n|t:|1699035021\n|switch|p1a: Zacian|Zacian|100\/100\n|-ability|p1a: Zacian|Intrepid Sword|boost\n|-boost|p1a: Zacian|atk|1\n|turn|22\n|\n|t:|1699035030\n|move|p1a: Zacian|Play Rough|p2a: Palkia\n|-supereffective|p2a: Palkia\n|-damage|p2a: Palkia|0 fnt\n|faint|p2a: Palkia\n|\n|upkeep\n|\n|t:|1699035032\n|switch|p2a: Alomomola|Alomomola, F|100\/100\n|turn|23\n|\n|t:|1699035034\n|move|p1a: Zacian|Play Rough|p2a: Alomomola\n|-damage|p2a: Alomomola|47\/100\n|move|p2a: Alomomola|Wish|p2a: Alomomola\n|\n|upkeep\n|turn|24\n|\n|t:|1699035037\n|move|p2a: Alomomola|Protect|p2a: Alomomola\n|-singleturn|p2a: Alomomola|Protect\n|move|p1a: Zacian|Play Rough|p2a: Alomomola\n|-activate|p2a: Alomomola|move: Protect\n|\n|-heal|p2a: Alomomola|97\/100|[from] move: Wish|[wisher] Alomomola\n|upkeep\n|turn|25\n|\n|t:|1699035041\n|switch|p1a: Shaymin|Shaymin-Sky|100\/100\n|move|p2a: Alomomola|Wish|p2a: Alomomola\n|\n|upkeep\n|turn|26\n|\n|t:|1699035047\n|switch|p2a: Ursaluna|Ursaluna-Bloodmoon, M|74\/100\n|-damage|p2a: Ursaluna|57\/100|[from] Spikes\n|move|p1a: Shaymin|Substitute|p1a: Shaymin\n|-start|p1a: Shaymin|Substitute\n|-damage|p1a: Shaymin|76\/100\n|\n|-heal|p2a: Ursaluna|100\/100|[from] move: Wish|[wisher] Alomomola\n|-heal|p1a: Shaymin|82\/100|[from] item: Leftovers\n|upkeep\n|turn|27\n|\n|t:|1699035051\n|move|p1a: Shaymin|Seed Flare|p2a: Ursaluna\n|-supereffective|p2a: Ursaluna\n|-damage|p2a: Ursaluna|0 fnt\n|faint|p2a: Ursaluna\n|\n|-heal|p1a: Shaymin|88\/100|[from] item: Leftovers\n|upkeep\n|-message|TheSilvySilv forfeited.\n|\n|win|IDAHAN\n|l|\u2606TheSilvySilv\n|l|\u2606IDAHAN\n|j|\u2606IDAHAN\n|player|p1|IDAHAN|ethan\n","uploadtime":1699035066,"views":15,"p1id":"idahan","p2id":"thesilvysilv","formatid":"gen9ubers","rating":0,"private":0,"password":""}