{"id":"gen9ubers-1994557119","p1":"dUNCCC","p2":"TheDarkestZe","format":"[Gen 9] Ubers","log":"|j|\u2606dUNCCC\n|j|\u2606TheDarkestZe\n|t:|1700459426\n|gametype|singles\n|player|p1|dUNCCC|cyrus|1000\n|player|p2|TheDarkestZe|cynthia|1108\n|teamsize|p1|6\n|teamsize|p2|6\n|gen|9\n|tier|[Gen 9] Ubers\n|rated|\n|rule|Sleep Clause Mod: Limit one foe put to sleep\n|rule|Species Clause: Limit one of each Pok\u00e9mon\n|rule|OHKO Clause: OHKO moves are banned\n|rule|Evasion Items Clause: Evasion items are banned\n|rule|Evasion Moves Clause: Evasion moves are banned\n|rule|Endless Battle Clause: Forcing endless battles is banned\n|rule|HP Percentage Mod: HP is shown in percentages\n|clearpoke\n|poke|p1|Sneasler, F|\n|poke|p1|Garganacl, M|\n|poke|p1|Greninja-*, M|\n|poke|p1|Scizor, F|\n|poke|p1|Rotom-Mow|\n|poke|p1|Lurantis, F|\n|poke|p2|Rotom-Wash|\n|poke|p2|Arcanine, F|\n|poke|p2|Gengar, M|\n|poke|p2|Rayquaza|\n|poke|p2|Darkrai|\n|poke|p2|Sylveon, F|\n|teampreview\n|\n|t:|1700459442\n|start\n|switch|p1a: Lurantis|Lurantis, F|100\/100\n|switch|p2a: Arcanine|Arcanine, F|100\/100\n|-ability|p2a: Arcanine|Intimidate|boost\n|-boost|p1a: Lurantis|atk|1\n|turn|1\n|\n|t:|1700459456\n|move|p2a: Arcanine|Sunny Day|p2a: Arcanine\n|-weather|SunnyDay\n|move|p1a: Lurantis|Superpower|p2a: Arcanine\n|-damage|p2a: Arcanine|49\/100\n|-boost|p1a: Lurantis|atk|1\n|-boost|p1a: Lurantis|def|1\n|\n|-weather|SunnyDay|[upkeep]\n|upkeep\n|turn|2\n|\n|t:|1700459468\n|move|p2a: Arcanine|Flare Blitz|p1a: Lurantis\n|-supereffective|p1a: Lurantis\n|-crit|p1a: Lurantis\n|-damage|p1a: Lurantis|0 fnt\n|faint|p1a: Lurantis\n|-damage|p2a: Arcanine|20\/100|[from] Recoil\n|\n|-weather|SunnyDay|[upkeep]\n|upkeep\n|\n|t:|1700459474\n|switch|p1a: Scizor|Scizor, F|100\/100\n|turn|3\n|\n|t:|1700459484\n|move|p1a: Scizor|Bullet Punch|p2a: Arcanine\n|-resisted|p2a: Arcanine\n|-damage|p2a: Arcanine|0 fnt\n|faint|p2a: Arcanine\n|\n|-weather|SunnyDay|[upkeep]\n|upkeep\n|\n|t:|1700459500\n|switch|p2a: Rayquaza|Rayquaza, shiny|100\/100\n|-ability|p2a: Rayquaza|Air Lock\n|turn|4\n|\n|t:|1700459507\n|-terastallize|p1a: Scizor|Bug\n|move|p2a: Rayquaza|Dragon Ascent|p1a: Scizor\n|-supereffective|p1a: Scizor\n|-damage|p1a: Scizor|0 fnt\n|-unboost|p2a: Rayquaza|def|1\n|-unboost|p2a: Rayquaza|spd|1\n|faint|p1a: Scizor\n|-damage|p2a: Rayquaza|91\/100|[from] item: Life Orb\n|\n|-weather|SunnyDay|[upkeep]\n|upkeep\n|\n|t:|1700459518\n|switch|p1a: Garganacl|Garganacl, M|100\/100\n|turn|5\n|\n|t:|1700459524\n|move|p2a: Rayquaza|Dragon Ascent|p1a: Garganacl\n|-resisted|p1a: Garganacl\n|-damage|p1a: Garganacl|67\/100\n|-unboost|p2a: Rayquaza|def|1\n|-unboost|p2a: Rayquaza|spd|1\n|-damage|p2a: Rayquaza|81\/100|[from] item: Life Orb\n|move|p1a: Garganacl|Iron Defense|p1a: Garganacl\n|-boost|p1a: Garganacl|def|2\n|\n|-weather|none\n|-heal|p1a: Garganacl|74\/100|[from] item: Leftovers\n|upkeep\n|turn|6\n|\n|t:|1700459535\n|switch|p2a: Rotom|Rotom-Wash|100\/100\n|move|p1a: Garganacl|Iron Defense|p1a: Garganacl\n|-boost|p1a: Garganacl|def|2\n|\n|-heal|p1a: Garganacl|80\/100|[from] item: Leftovers\n|upkeep\n|turn|7\n|\n|t:|1700459549\n|move|p2a: Rotom|Hydro Pump|p1a: Garganacl\n|-supereffective|p1a: Garganacl\n|-damage|p1a: Garganacl|0 fnt\n|faint|p1a: Garganacl\n|\n|upkeep\n|\n|t:|1700459560\n|switch|p1a: Greninja|Greninja, M|100\/100\n|turn|8\n|\n|t:|1700459577\n|switch|p2a: Sylveon|Sylveon, F|100\/100\n|move|p1a: Greninja|Acrobatics|p2a: Sylveon\n|-damage|p2a: Sylveon|85\/100\n|\n|upkeep\n|turn|9\n|\n|t:|1700459588\n|move|p1a: Greninja|Hydro Pump|p2a: Sylveon|[miss]\n|-miss|p1a: Greninja|p2a: Sylveon\n|move|p2a: Sylveon|Light Screen|p2a: Sylveon\n|-sidestart|p2: TheDarkestZe|move: Light Screen\n|\n|upkeep\n|turn|10\n|\n|t:|1700459596\n|move|p1a: Greninja|Acrobatics|p2a: Sylveon\n|-damage|p2a: Sylveon|70\/100\n|move|p2a: Sylveon|Hyper Voice|p1a: Greninja\n|-supereffective|p1a: Greninja\n|-damage|p1a: Greninja|0 fnt\n|faint|p1a: Greninja\n|\n|upkeep\n|\n|t:|1700459603\n|switch|p1a: Sneasler|Sneasler, F|100\/100\n|turn|11\n|\n|t:|1700459608\n|move|p1a: Sneasler|Switcheroo|p2a: Sylveon\n|-activate|p1a: Sneasler|move: Trick|[of] p2a: Sylveon\n|-item|p2a: Sylveon|Big Nugget|[from] move: Switcheroo\n|-item|p1a: Sneasler|Pixie Plate|[from] move: Switcheroo\n|move|p2a: Sylveon|Hyper Voice|p1a: Sneasler\n|-damage|p1a: Sneasler|22\/100\n|\n|upkeep\n|turn|12\n|c|\u2606TheDarkestZe|gg\n|\n|t:|1700459617\n|move|p1a: Sneasler|Fling|p2a: Sylveon\n|-resisted|p2a: Sylveon\n|-damage|p2a: Sylveon|51\/100\n|-enditem|p1a: Sneasler|Pixie Plate|[from] move: Fling\n|move|p2a: Sylveon|Hyper Voice|p1a: Sneasler\n|-damage|p1a: Sneasler|0 fnt\n|faint|p1a: Sneasler\n|\n|upkeep\n|\n|t:|1700459624\n|switch|p1a: Rotom|Rotom-Mow|100\/100\n|turn|13\n|\n|t:|1700459628\n|move|p1a: Rotom|Trick|p2a: Sylveon\n|-activate|p1a: Rotom|move: Trick|[of] p2a: Sylveon\n|-item|p2a: Sylveon|Ring Target|[from] move: Trick\n|-item|p1a: Rotom|Big Nugget|[from] move: Trick\n|move|p2a: Sylveon|Moonblast|p1a: Rotom\n|-damage|p1a: Rotom|51\/100\n|\n|-sideend|p2: TheDarkestZe|move: Light Screen\n|upkeep\n|turn|14\n|\n|t:|1700459637\n|move|p1a: Rotom|Night Shade|p2a: Sylveon\n|-damage|p2a: Sylveon|23\/100\n|move|p2a: Sylveon|Hyper Voice|p1a: Rotom\n|-damage|p1a: Rotom|0 fnt\n|faint|p1a: Rotom\n|\n|win|TheDarkestZe\n|raw|dUNCCC's rating: 1000 &rarr; <strong>1000<\/strong><br \/>(+0 for losing)\n|raw|TheDarkestZe's rating: 1108 &rarr; <strong>1125<\/strong><br \/>(+17 for winning)\n","uploadtime":1700459644,"views":4,"p1id":"dunccc","p2id":"thedarkestze","formatid":"gen9ubers","rating":1000,"private":0,"password":""}