{"id":"gen9ubers-1980753760","p1":"Supraxd","p2":"xcellofantastic","format":"[Gen 9] Ubers","log":"|j|\u2606Supraxd\n|j|\u2606xcellofantastic\n|t:|1698826344\n|gametype|singles\n|player|p1|Supraxd|steven|1157\n|player|p2|xcellofantastic|101|1253\n|teamsize|p1|6\n|teamsize|p2|6\n|gen|9\n|tier|[Gen 9] Ubers\n|rated|\n|rule|Sleep Clause Mod: Limit one foe put to sleep\n|rule|Species Clause: Limit one of each Pok\u00e9mon\n|rule|OHKO Clause: OHKO moves are banned\n|rule|Evasion Items Clause: Evasion items are banned\n|rule|Evasion Moves Clause: Evasion moves are banned\n|rule|Endless Battle Clause: Forcing endless battles is banned\n|rule|HP Percentage Mod: HP is shown in percentages\n|clearpoke\n|poke|p1|Forretress, M|\n|poke|p1|Lokix, F|\n|poke|p1|Ribombee, M|\n|poke|p1|Kleavor, M|\n|poke|p1|Volcarona, M|\n|poke|p1|Slither Wing|\n|poke|p2|Rayquaza|\n|poke|p2|Ribombee, F|\n|poke|p2|Roaring Moon|\n|poke|p2|Kyogre|\n|poke|p2|Miraidon|\n|poke|p2|Koraidon|\n|teampreview\n|\n|t:|1698826379\n|start\n|switch|p1a: Forretress|Forretress, M|100\/100\n|switch|p2a: SILVERWING|Miraidon|100\/100\n|-fieldstart|move: Electric Terrain|[from] ability: Hadron Engine|[of] p2a: SILVERWING\n|turn|1\n|\n|t:|1698826438\n|move|p2a: SILVERWING|Substitute|p2a: SILVERWING\n|-start|p2a: SILVERWING|Substitute\n|-damage|p2a: SILVERWING|76\/100\n|move|p1a: Forretress|Volt Switch|p2a: SILVERWING\n|-resisted|p2a: SILVERWING\n|-activate|p2a: SILVERWING|move: Substitute|[damage]\n|\n|t:|1698826442\n|switch|p1a: Ribombee|Ribombee, M|100\/100|[from] Volt Switch\n|\n|upkeep\n|turn|2\n|\n|t:|1698826447\n|move|p2a: SILVERWING|Parabolic Charge|p1a: Ribombee\n|-enditem|p1a: Ribombee|Focus Sash\n|-damage|p1a: Ribombee|1\/100\n|-heal|p2a: SILVERWING|100\/100|[from] drain|[of] p1a: Ribombee\n|-damage|p2a: SILVERWING|91\/100|[from] item: Life Orb\n|move|p1a: Ribombee|Sticky Web|p2a: SILVERWING\n|-sidestart|p2: xcellofantastic|move: Sticky Web\n|\n|upkeep\n|turn|3\n|\n|t:|1698826457\n|move|p2a: SILVERWING|Parabolic Charge|p1a: Ribombee\n|-damage|p1a: Ribombee|0 fnt\n|-heal|p2a: SILVERWING|91\/100|[from] drain|[of] p1a: Ribombee\n|faint|p1a: Ribombee\n|-damage|p2a: SILVERWING|81\/100|[from] item: Life Orb\n|\n|upkeep\n|\n|t:|1698826469\n|switch|p1a: Lokix|Lokix, F|100\/100\n|turn|4\n|\n|t:|1698826475\n|move|p1a: Lokix|First Impression|p2a: SILVERWING\n|-end|p2a: SILVERWING|Substitute\n|move|p2a: SILVERWING|Parabolic Charge|p1a: Lokix\n|-damage|p1a: Lokix|0 fnt\n|-heal|p2a: SILVERWING|100\/100|[from] drain|[of] p1a: Lokix\n|faint|p1a: Lokix\n|-damage|p2a: SILVERWING|91\/100|[from] item: Life Orb\n|\n|upkeep\n|\n|t:|1698826480\n|switch|p1a: Slither Wing|Slither Wing|100\/100\n|-enditem|p1a: Slither Wing|Booster Energy\n|-activate|p1a: Slither Wing|ability: Protosynthesis|[fromitem]\n|-start|p1a: Slither Wing|protosynthesisatk\n|turn|5\n|\n|t:|1698826491\n|switch|p2a: BARTH|Ribombee, F|100\/100\n|-activate|p2a: BARTH|move: Sticky Web\n|-unboost|p2a: BARTH|spe|1\n|move|p1a: Slither Wing|Flame Charge|p2a: BARTH\n|-supereffective|p2a: BARTH\n|-damage|p2a: BARTH|26\/100\n|-boost|p1a: Slither Wing|spe|1\n|\n|-fieldend|move: Electric Terrain\n|upkeep\n|turn|6\n|\n|t:|1698826527\n|move|p1a: Slither Wing|Flame Charge|p2a: BARTH\n|-supereffective|p2a: BARTH\n|-damage|p2a: BARTH|0 fnt\n|-boost|p1a: Slither Wing|spe|1\n|faint|p2a: BARTH\n|\n|upkeep\n|\n|t:|1698826532\n|switch|p2a: BALERION|Rayquaza, shiny|100\/100\n|-ability|p2a: BALERION|Air Lock\n|turn|7\n|\n|t:|1698826538\n|move|p1a: Slither Wing|Acrobatics|p2a: BALERION\n|-damage|p2a: BALERION|42\/100\n|move|p2a: BALERION|Dragon Ascent|p1a: Slither Wing\n|-supereffective|p1a: Slither Wing\n|-damage|p1a: Slither Wing|0 fnt\n|-unboost|p2a: BALERION|def|1\n|-unboost|p2a: BALERION|spd|1\n|faint|p1a: Slither Wing\n|-end|p1a: Slither Wing|Protosynthesis|[silent]\n|\n|upkeep\n|\n|t:|1698826546\n|switch|p1a: Kleavor|Kleavor, M|100\/100\n|turn|8\n|\n|t:|1698826557\n|move|p2a: BALERION|Stealth Rock|p1a: Kleavor\n|-sidestart|p1: Supraxd|move: Stealth Rock\n|move|p1a: Kleavor|Stone Axe|p2a: BALERION\n|-supereffective|p2a: BALERION\n|-damage|p2a: BALERION|0 fnt\n|-sidestart|p2: xcellofantastic|move: Stealth Rock\n|faint|p2a: BALERION\n|\n|upkeep\n|\n|t:|1698826567\n|switch|p2a: CARAXES|Koraidon|100\/100\n|-activate|p2a: CARAXES|move: Sticky Web\n|-unboost|p2a: CARAXES|spe|1\n|-damage|p2a: CARAXES|94\/100|[from] Stealth Rock\n|-weather|SunnyDay|[from] ability: Orichalcum Pulse|[of] p2a: CARAXES\n|-activate|p2a: CARAXES|Orichalcum Pulse|[source]\n|turn|9\n|\n|t:|1698826591\n|move|p1a: Kleavor|Trailblaze|p2a: CARAXES\n|-resisted|p2a: CARAXES\n|-damage|p2a: CARAXES|86\/100\n|-boost|p1a: Kleavor|spe|1\n|move|p2a: CARAXES|Swords Dance|p2a: CARAXES\n|-boost|p2a: CARAXES|atk|2\n|\n|-weather|SunnyDay|[upkeep]\n|upkeep\n|turn|10\n|\n|t:|1698826608\n|move|p1a: Kleavor|Close Combat|p2a: CARAXES\n|-damage|p2a: CARAXES|47\/100\n|-unboost|p1a: Kleavor|def|1\n|-unboost|p1a: Kleavor|spd|1\n|move|p2a: CARAXES|Flare Blitz|p1a: Kleavor\n|-enditem|p1a: Kleavor|Focus Sash\n|-damage|p1a: Kleavor|1\/100\n|-damage|p2a: CARAXES|20\/100|[from] Recoil\n|\n|-weather|SunnyDay|[upkeep]\n|upkeep\n|turn|11\n|\n|t:|1698826658\n|move|p1a: Kleavor|Close Combat|p2a: CARAXES\n|-damage|p2a: CARAXES|0 fnt\n|-unboost|p1a: Kleavor|def|1\n|-unboost|p1a: Kleavor|spd|1\n|faint|p2a: CARAXES\n|\n|-weather|SunnyDay|[upkeep]\n|upkeep\n|\n|t:|1698826679\n|switch|p2a: SILVERWING|Miraidon|91\/100\n|-activate|p2a: SILVERWING|move: Sticky Web\n|-unboost|p2a: SILVERWING|spe|1\n|-damage|p2a: SILVERWING|78\/100|[from] Stealth Rock\n|-fieldstart|move: Electric Terrain|[from] ability: Hadron Engine|[of] p2a: SILVERWING\n|turn|12\n|\n|t:|1698826736\n|move|p1a: Kleavor|Stone Axe|p2a: SILVERWING\n|-damage|p2a: SILVERWING|25\/100\n|move|p2a: SILVERWING|Parabolic Charge|p1a: Kleavor\n|-damage|p1a: Kleavor|0 fnt\n|-heal|p2a: SILVERWING|25\/100|[from] drain|[of] p1a: Kleavor\n|faint|p1a: Kleavor\n|-damage|p2a: SILVERWING|15\/100|[from] item: Life Orb\n|\n|-weather|SunnyDay|[upkeep]\n|upkeep\n|\n|t:|1698826741\n|switch|p1a: Volcarona|Volcarona, M|100\/100\n|turn|13\n|\n|t:|1698826751\n|-terastallize|p1a: Volcarona|Grass\n|move|p1a: Volcarona|Quiver Dance|p1a: Volcarona\n|-boost|p1a: Volcarona|spa|1\n|-boost|p1a: Volcarona|spd|1\n|-boost|p1a: Volcarona|spe|1\n|move|p2a: SILVERWING|Parabolic Charge|p1a: Volcarona\n|-resisted|p1a: Volcarona\n|-damage|p1a: Volcarona|72\/100\n|-heal|p2a: SILVERWING|28\/100|[from] drain|[of] p1a: Volcarona\n|-damage|p2a: SILVERWING|18\/100|[from] item: Life Orb\n|\n|-weather|none\n|upkeep\n|turn|14\n|\n|t:|1698826770\n|move|p1a: Volcarona|Fiery Dance|p2a: SILVERWING\n|-resisted|p2a: SILVERWING\n|-damage|p2a: SILVERWING|0 fnt\n|faint|p2a: SILVERWING\n|\n|upkeep\n|\n|t:|1698826795\n|switch|p2a: DAEMON|Roaring Moon|100\/100\n|-activate|p2a: DAEMON|move: Sticky Web\n|-unboost|p2a: DAEMON|spe|1\n|-damage|p2a: DAEMON|88\/100|[from] Stealth Rock\n|-enditem|p2a: DAEMON|Booster Energy\n|-activate|p2a: DAEMON|ability: Protosynthesis|[fromitem]\n|-start|p2a: DAEMON|protosynthesisatk\n|turn|15\n|\n|t:|1698826804\n|-terastallize|p2a: DAEMON|Flying\n|move|p1a: Volcarona|Bug Buzz|p2a: DAEMON\n|-resisted|p2a: DAEMON\n|-damage|p2a: DAEMON|53\/100\n|move|p2a: DAEMON|Acrobatics|p1a: Volcarona\n|-supereffective|p1a: Volcarona\n|-damage|p1a: Volcarona|0 fnt\n|faint|p1a: Volcarona\n|\n|upkeep\n|\n|t:|1698826807\n|switch|p1a: Forretress|Forretress, M|100\/100\n|turn|16\n|\n|t:|1698826809\n|move|p2a: DAEMON|Dragon Dance|p2a: DAEMON\n|-boost|p2a: DAEMON|atk|1\n|-boost|p2a: DAEMON|spe|1\n|move|p1a: Forretress|Gyro Ball|p2a: DAEMON\n|-damage|p2a: DAEMON|11\/100\n|\n|-fieldend|move: Electric Terrain\n|upkeep\n|turn|17\n|\n|t:|1698826818\n|move|p2a: DAEMON|Acrobatics|p1a: Forretress\n|-damage|p1a: Forretress|32\/100\n|move|p1a: Forretress|Rapid Spin|p2a: DAEMON\n|-damage|p2a: DAEMON|0 fnt\n|-boost|p1a: Forretress|spe|1\n|-sideend|p1: Supraxd|Stealth Rock|[from] move: Rapid Spin|[of] p1a: Forretress\n|faint|p2a: DAEMON\n|-end|p2a: DAEMON|Protosynthesis|[silent]\n|\n|upkeep\n|\n|t:|1698826824\n|switch|p2a: QUELLON|Kyogre|100\/100\n|-activate|p2a: QUELLON|move: Sticky Web\n|-unboost|p2a: QUELLON|spe|1\n|-damage|p2a: QUELLON|88\/100|[from] Stealth Rock\n|-weather|RainDance|[from] ability: Drizzle|[of] p2a: QUELLON\n|turn|18\n|c|\u2606Supraxd|Gg\n|\n|t:|1698826830\n|move|p2a: QUELLON|Water Spout|p1a: Forretress\n|-damage|p1a: Forretress|0 fnt\n|faint|p1a: Forretress\n|\n|win|xcellofantastic\n|raw|Supraxd's rating: 1157 &rarr; <strong>1139<\/strong><br \/>(-18 for losing)\n|raw|xcellofantastic's rating: 1253 &rarr; <strong>1271<\/strong><br \/>(+18 for winning)\n|c|\u2606xcellofantastic|Gg\n|c|\u2606Supraxd|Good batt'e\n|c|\u2606Supraxd|Battle\n","uploadtime":1698826901,"views":13,"p1id":"supraxd","p2id":"xcellofantastic","formatid":"gen9ubers","rating":1139,"private":0,"password":""}