{"id":"gen9ubers-1980258445","p1":"ganzert1502","p2":"Blake-Mamba","format":"[Gen 9] Ubers","log":"|j|\u2606ganzert1502\n|j|\u2606Blake-Mamba\n|t:|1698770259\n|gametype|singles\n|player|p1|ganzert1502|red|1239\n|player|p2|Blake-Mamba|juan|1319\n|teamsize|p1|6\n|teamsize|p2|6\n|gen|9\n|tier|[Gen 9] Ubers\n|rated|\n|rule|Sleep Clause Mod: Limit one foe put to sleep\n|rule|Species Clause: Limit one of each Pok\u00e9mon\n|rule|OHKO Clause: OHKO moves are banned\n|rule|Evasion Items Clause: Evasion items are banned\n|rule|Evasion Moves Clause: Evasion moves are banned\n|rule|Endless Battle Clause: Forcing endless battles is banned\n|rule|HP Percentage Mod: HP is shown in percentages\n|clearpoke\n|poke|p1|Gengar, F|\n|poke|p1|Dragonite, M|\n|poke|p1|Volcarona, F|\n|poke|p1|Snorlax, M|\n|poke|p1|Giratina|\n|poke|p1|Kyogre|\n|poke|p2|Ogerpon-Hearthflame, F|\n|poke|p2|Vikavolt, M|\n|poke|p2|Kommo-o, M|\n|poke|p2|Ursaluna-Bloodmoon, M|\n|poke|p2|Yanmega, F|\n|poke|p2|Chandelure, F|\n|teampreview\n|inactive|Battle timer is ON: inactive players will automatically lose when time's up. (requested by Blake-Mamba)\n|\n|t:|1698770267\n|start\n|switch|p1a: Kyogre|Kyogre|100\/100\n|switch|p2a: Vikavolt|Vikavolt, M|100\/100\n|-weather|RainDance|[from] ability: Drizzle|[of] p1a: Kyogre\n|turn|1\n|\n|t:|1698770275\n|-terastallize|p1a: Kyogre|Ground\n|move|p1a: Kyogre|Water Spout|p2a: Vikavolt\n|-damage|p2a: Vikavolt|0 fnt\n|faint|p2a: Vikavolt\n|\n|-weather|RainDance|[upkeep]\n|upkeep\n|\n|t:|1698770287\n|switch|p2a: Kommo-o|Kommo-o, M|100\/100\n|turn|2\n|\n|t:|1698770291\n|move|p1a: Kyogre|Water Spout|p2a: Kommo-o\n|-resisted|p2a: Kommo-o\n|-damage|p2a: Kommo-o|43\/100\n|move|p2a: Kommo-o|Drain Punch|p1a: Kyogre\n|-damage|p1a: Kyogre|59\/100\n|-heal|p2a: Kommo-o|63\/100|[from] drain|[of] p1a: Kyogre\n|\n|-weather|RainDance|[upkeep]\n|-heal|p2a: Kommo-o|69\/100|[from] item: Leftovers\n|upkeep\n|turn|3\n|\n|t:|1698770303\n|switch|p1a: Gengar|Gengar, F|100\/100\n|move|p2a: Kommo-o|Clangorous Soul|p2a: Kommo-o\n|-boost|p2a: Kommo-o|atk|1\n|-boost|p2a: Kommo-o|def|1\n|-boost|p2a: Kommo-o|spa|1\n|-boost|p2a: Kommo-o|spd|1\n|-boost|p2a: Kommo-o|spe|1\n|-damage|p2a: Kommo-o|37\/100\n|\n|-weather|RainDance|[upkeep]\n|-heal|p2a: Kommo-o|43\/100|[from] item: Leftovers\n|upkeep\n|turn|4\n|\n|t:|1698770315\n|move|p1a: Gengar|Dazzling Gleam|p2a: Kommo-o\n|-supereffective|p2a: Kommo-o\n|-damage|p2a: Kommo-o|0 fnt\n|faint|p2a: Kommo-o\n|\n|-weather|RainDance|[upkeep]\n|upkeep\n|\n|t:|1698770329\n|switch|p2a: Yanmega|Yanmega, F, shiny|100\/100\n|turn|5\n|\n|t:|1698770335\n|switch|p1a: Volcarona|Volcarona, F|100\/100\n|move|p2a: Yanmega|Protect||[still]\n|-fail|p2a: Yanmega\n|\n|-weather|none\n|-ability|p2a: Yanmega|Speed Boost|boost\n|-boost|p2a: Yanmega|spe|1\n|upkeep\n|turn|6\n|\n|t:|1698770344\n|move|p2a: Yanmega|Air Slash|p1a: Volcarona\n|-supereffective|p1a: Volcarona\n|-damage|p1a: Volcarona|12\/100\n|cant|p1a: Volcarona|flinch\n|\n|-ability|p2a: Yanmega|Speed Boost|boost\n|-boost|p2a: Yanmega|spe|1\n|upkeep\n|turn|7\n|\n|t:|1698770353\n|move|p2a: Yanmega|Bug Buzz|p1a: Volcarona\n|-resisted|p1a: Volcarona\n|-damage|p1a: Volcarona|0 fnt\n|faint|p1a: Volcarona\n|-enditem|p2a: Yanmega|Throat Spray\n|-boost|p2a: Yanmega|spa|1|[from] item: Throat Spray\n|\n|-ability|p2a: Yanmega|Speed Boost|boost\n|-boost|p2a: Yanmega|spe|1\n|upkeep\n|\n|t:|1698770365\n|switch|p1a: Giratina|Giratina|100\/100\n|-ability|p1a: Giratina|Pressure\n|turn|8\n|\n|t:|1698770370\n|move|p2a: Yanmega|Air Slash|p1a: Giratina|[miss]\n|-miss|p2a: Yanmega|p1a: Giratina\n|move|p1a: Giratina|Will-O-Wisp|p2a: Yanmega\n|-status|p2a: Yanmega|brn\n|\n|-damage|p2a: Yanmega|94\/100 brn|[from] brn\n|-ability|p2a: Yanmega|Speed Boost|boost\n|-boost|p2a: Yanmega|spe|1\n|upkeep\n|turn|9\n|\n|t:|1698770380\n|move|p2a: Yanmega|Air Slash|p1a: Giratina\n|-damage|p1a: Giratina|67\/100\n|move|p1a: Giratina|Hex|p2a: Yanmega\n|-damage|p2a: Yanmega|30\/100 brn\n|\n|-heal|p1a: Giratina|74\/100|[from] item: Leftovers\n|-damage|p2a: Yanmega|24\/100 brn|[from] brn\n|-ability|p2a: Yanmega|Speed Boost|boost\n|-boost|p2a: Yanmega|spe|1\n|upkeep\n|turn|10\n|\n|t:|1698770390\n|move|p2a: Yanmega|Air Slash|p1a: Giratina\n|-damage|p1a: Giratina|38\/100\n|move|p1a: Giratina|Calm Mind|p1a: Giratina\n|-boost|p1a: Giratina|spa|1\n|-boost|p1a: Giratina|spd|1\n|\n|-heal|p1a: Giratina|44\/100|[from] item: Leftovers\n|-damage|p2a: Yanmega|18\/100 brn|[from] brn\n|-ability|p2a: Yanmega|Speed Boost|boost\n|-boost|p2a: Yanmega|spe|1\n|upkeep\n|turn|11\n|\n|t:|1698770401\n|move|p2a: Yanmega|Air Slash|p1a: Giratina\n|-damage|p1a: Giratina|19\/100\n|cant|p1a: Giratina|flinch\n|\n|-heal|p1a: Giratina|25\/100|[from] item: Leftovers\n|-damage|p2a: Yanmega|12\/100 brn|[from] brn\n|upkeep\n|turn|12\n|\n|t:|1698770410\n|move|p2a: Yanmega|Air Slash|p1a: Giratina\n|-damage|p1a: Giratina|4\/100\n|move|p1a: Giratina|Rest|p1a: Giratina\n|-status|p1a: Giratina|slp|[from] move: Rest\n|-heal|p1a: Giratina|100\/100 slp|[silent]\n|\n|-damage|p2a: Yanmega|6\/100 brn|[from] brn\n|upkeep\n|turn|13\n|\n|t:|1698770421\n|move|p2a: Yanmega|Air Slash|p1a: Giratina\n|-damage|p1a: Giratina|79\/100 slp\n|cant|p1a: Giratina|slp\n|\n|-heal|p1a: Giratina|86\/100 slp|[from] item: Leftovers\n|-damage|p2a: Yanmega|0 fnt|[from] brn\n|faint|p2a: Yanmega\n|upkeep\n|\n|t:|1698770430\n|switch|p2a: Ursaluna|Ursaluna-Bloodmoon, M|100\/100\n|turn|14\n|\n|t:|1698770434\n|cant|p1a: Giratina|slp\n|move|p2a: Ursaluna|Calm Mind|p2a: Ursaluna\n|-boost|p2a: Ursaluna|spa|1\n|-boost|p2a: Ursaluna|spd|1\n|\n|-heal|p1a: Giratina|92\/100 slp|[from] item: Leftovers\n|upkeep\n|turn|15\n|\n|t:|1698770446\n|-curestatus|p1a: Giratina|slp|[msg]\n|move|p1a: Giratina|Will-O-Wisp|p2a: Ursaluna\n|-status|p2a: Ursaluna|brn\n|move|p2a: Ursaluna|Calm Mind|p2a: Ursaluna\n|-boost|p2a: Ursaluna|spa|1\n|-boost|p2a: Ursaluna|spd|1\n|\n|-heal|p1a: Giratina|98\/100|[from] item: Leftovers\n|-damage|p2a: Ursaluna|94\/100 brn|[from] brn\n|upkeep\n|turn|16\n|\n|t:|1698770458\n|move|p1a: Giratina|Calm Mind|p1a: Giratina\n|-boost|p1a: Giratina|spa|1\n|-boost|p1a: Giratina|spd|1\n|move|p2a: Ursaluna|Calm Mind|p2a: Ursaluna\n|-boost|p2a: Ursaluna|spa|1\n|-boost|p2a: Ursaluna|spd|1\n|\n|-heal|p1a: Giratina|100\/100|[from] item: Leftovers\n|-heal|p2a: Ursaluna|100\/100 brn|[from] item: Leftovers\n|-damage|p2a: Ursaluna|94\/100 brn|[from] brn\n|upkeep\n|turn|17\n|\n|t:|1698770470\n|move|p1a: Giratina|Calm Mind|p1a: Giratina\n|-boost|p1a: Giratina|spa|1\n|-boost|p1a: Giratina|spd|1\n|move|p2a: Ursaluna|Calm Mind|p2a: Ursaluna\n|-boost|p2a: Ursaluna|spa|1\n|-boost|p2a: Ursaluna|spd|1\n|\n|-heal|p2a: Ursaluna|100\/100 brn|[from] item: Leftovers\n|-damage|p2a: Ursaluna|94\/100 brn|[from] brn\n|upkeep\n|turn|18\n|\n|t:|1698770481\n|move|p1a: Giratina|Calm Mind|p1a: Giratina\n|-boost|p1a: Giratina|spa|1\n|-boost|p1a: Giratina|spd|1\n|move|p2a: Ursaluna|Calm Mind|p2a: Ursaluna\n|-boost|p2a: Ursaluna|spa|1\n|-boost|p2a: Ursaluna|spd|1\n|\n|-heal|p2a: Ursaluna|100\/100 brn|[from] item: Leftovers\n|-damage|p2a: Ursaluna|94\/100 brn|[from] brn\n|upkeep\n|turn|19\n|\n|t:|1698770491\n|-terastallize|p2a: Ursaluna|Normal\n|move|p1a: Giratina|Calm Mind|p1a: Giratina\n|-boost|p1a: Giratina|spa|1\n|-boost|p1a: Giratina|spd|1\n|move|p2a: Ursaluna|Blood Moon|p1a: Giratina\n|-damage|p1a: Giratina|33\/100\n|\n|-heal|p1a: Giratina|39\/100|[from] item: Leftovers\n|-heal|p2a: Ursaluna|100\/100 brn|[from] item: Leftovers\n|-damage|p2a: Ursaluna|94\/100 brn|[from] brn\n|upkeep\n|turn|20\n|\n|t:|1698770506\n|move|p1a: Giratina|Calm Mind|p1a: Giratina\n|-boost|p1a: Giratina|spa|1\n|-boost|p1a: Giratina|spd|1\n|move|p2a: Ursaluna|Calm Mind|p2a: Ursaluna\n|-boost|p2a: Ursaluna|spa|1\n|-boost|p2a: Ursaluna|spd|1\n|\n|-heal|p1a: Giratina|46\/100|[from] item: Leftovers\n|-heal|p2a: Ursaluna|100\/100 brn|[from] item: Leftovers\n|-damage|p2a: Ursaluna|94\/100 brn|[from] brn\n|upkeep\n|turn|21\n|\n|t:|1698770517\n|move|p1a: Giratina|Rest|p1a: Giratina\n|-status|p1a: Giratina|slp|[from] move: Rest\n|-heal|p1a: Giratina|100\/100 slp|[silent]\n|move|p2a: Ursaluna|Blood Moon|p1a: Giratina\n|-damage|p1a: Giratina|37\/100 slp\n|\n|-heal|p1a: Giratina|43\/100 slp|[from] item: Leftovers\n|-heal|p2a: Ursaluna|100\/100 brn|[from] item: Leftovers\n|-damage|p2a: Ursaluna|94\/100 brn|[from] brn\n|upkeep\n|turn|22\n|\n|t:|1698770529\n|cant|p1a: Giratina|slp\n|move|p2a: Ursaluna|Earth Power|p1a: Giratina\n|-damage|p1a: Giratina|12\/100 slp\n|\n|-heal|p1a: Giratina|18\/100 slp|[from] item: Leftovers\n|-heal|p2a: Ursaluna|100\/100 brn|[from] item: Leftovers\n|-damage|p2a: Ursaluna|94\/100 brn|[from] brn\n|upkeep\n|turn|23\n|\n|t:|1698770540\n|cant|p1a: Giratina|slp\n|move|p2a: Ursaluna|Earth Power|p1a: Giratina\n|-damage|p1a: Giratina|0 fnt\n|faint|p1a: Giratina\n|\n|-heal|p2a: Ursaluna|100\/100 brn|[from] item: Leftovers\n|-damage|p2a: Ursaluna|94\/100 brn|[from] brn\n|upkeep\n|\n|t:|1698770550\n|switch|p1a: Dragonite|Dragonite, M|100\/100\n|turn|24\n|\n|t:|1698770554\n|move|p1a: Dragonite|Outrage|p2a: Ursaluna\n|-damage|p2a: Ursaluna|34\/100 brn\n|-damage|p1a: Dragonite|91\/100|[from] item: Life Orb\n|move|p2a: Ursaluna|Blood Moon|p1a: Dragonite\n|-damage|p1a: Dragonite|0 fnt\n|faint|p1a: Dragonite\n|\n|-heal|p2a: Ursaluna|40\/100 brn|[from] item: Leftovers\n|-damage|p2a: Ursaluna|34\/100 brn|[from] brn\n|upkeep\n|\n|t:|1698770566\n|switch|p1a: Kyogre|Kyogre, tera:Ground|59\/100\n|-weather|RainDance|[from] ability: Drizzle|[of] p1a: Kyogre\n|turn|25\n|\n|t:|1698770571\n|move|p1a: Kyogre|Water Spout|p2a: Ursaluna\n|-damage|p2a: Ursaluna|13\/100 brn\n|move|p2a: Ursaluna|Moonlight|p2a: Ursaluna\n|-heal|p2a: Ursaluna|38\/100 brn\n|\n|-weather|RainDance|[upkeep]\n|-heal|p2a: Ursaluna|45\/100 brn|[from] item: Leftovers\n|-damage|p2a: Ursaluna|38\/100 brn|[from] brn\n|upkeep\n|turn|26\n|\n|t:|1698770583\n|move|p1a: Kyogre|Water Spout|p2a: Ursaluna\n|-damage|p2a: Ursaluna|19\/100 brn\n|move|p2a: Ursaluna|Earth Power|p1a: Kyogre\n|-damage|p1a: Kyogre|0 fnt\n|faint|p1a: Kyogre\n|\n|-weather|RainDance|[upkeep]\n|-heal|p2a: Ursaluna|25\/100 brn|[from] item: Leftovers\n|-damage|p2a: Ursaluna|19\/100 brn|[from] brn\n|upkeep\n|\n|t:|1698770594\n|switch|p1a: Gengar|Gengar, F|100\/100\n|turn|27\n|\n|t:|1698770598\n|move|p1a: Gengar|Sludge Bomb|p2a: Ursaluna\n|-damage|p2a: Ursaluna|4\/100 brn\n|move|p2a: Ursaluna|Blood Moon|p1a: Gengar\n|-damage|p1a: Gengar|0 fnt\n|-start|p2a: Ursaluna|Disable|Blood Moon|[from] ability: Cursed Body|[of] p1a: Gengar\n|faint|p1a: Gengar\n|\n|-weather|RainDance|[upkeep]\n|-heal|p2a: Ursaluna|10\/100 brn|[from] item: Leftovers\n|-damage|p2a: Ursaluna|4\/100 brn|[from] brn\n|upkeep\n|\n|t:|1698770610\n|switch|p1a: Snorlax|Snorlax, M|100\/100\n|turn|28\n|\n|t:|1698770614\n|move|p2a: Ursaluna|Earth Power|p1a: Snorlax\n|-damage|p1a: Snorlax|0 fnt\n|faint|p1a: Snorlax\n|\n|win|Blake-Mamba\n|raw|ganzert1502's rating: 1239 &rarr; <strong>1220<\/strong><br \/>(-19 for losing)\n|raw|Blake-Mamba's rating: 1319 &rarr; <strong>1334<\/strong><br \/>(+15 for winning)\n","uploadtime":1698770623,"views":9,"p1id":"ganzert1502","p2id":"blakemamba","formatid":"gen9ubers","rating":1220,"private":0,"password":""}