{"id":"gen9ubers-1984203632","p1":"GratedsShtickface","p2":"Kinesquared","format":"[Gen 9] Ubers","log":"|j|\u2606GratedsShtickface\n|j|\u2606Kinesquared\n|t:|1699229788\n|gametype|singles\n|player|p1|GratedsShtickface|hiker-gen4|\n|player|p2|Kinesquared|scientist-gen4dp|\n|teamsize|p1|6\n|teamsize|p2|6\n|gen|9\n|tier|[Gen 9] Ubers\n|rule|Sleep Clause Mod: Limit one foe put to sleep\n|rule|Species Clause: Limit one of each Pok\u00e9mon\n|rule|OHKO Clause: OHKO moves are banned\n|rule|Evasion Items Clause: Evasion items are banned\n|rule|Evasion Moves Clause: Evasion moves are banned\n|rule|Endless Battle Clause: Forcing endless battles is banned\n|rule|HP Percentage Mod: HP is shown in percentages\n|clearpoke\n|poke|p1|Rillaboom, M|\n|poke|p1|Sneasler, M|\n|poke|p1|Espathra, M|\n|poke|p1|Magearna|\n|poke|p1|Arceus-Fire|\n|poke|p1|Palafin, M|\n|poke|p2|Magearna|\n|poke|p2|Ursaluna, F|\n|poke|p2|Dialga|\n|poke|p2|Hoopa-Unbound|\n|poke|p2|Cinderace, M|\n|poke|p2|Cresselia, F|\n|teampreview\n|c|\u2606Kinesquared|yo\n|c|\u2606GratedsShtickface|glhf\n|c|\u2606Kinesquared|gl\n|\n|t:|1699229814\n|start\n|switch|p1a: Random Finizen|Palafin, M|100\/100\n|switch|p2a: Magearna|Magearna|100\/100\n|turn|1\n|\n|t:|1699229825\n|detailschange|p1a: Random Finizen|Palafin-Hero, M\n|switch|p1a: Ar\u0441eus-Fighting|Arceus-Fire|100\/100\n|move|p2a: Magearna|Trick Room|p2a: Magearna\n|-fieldstart|move: Trick Room|[of] p2a: Magearna\n|\n|upkeep\n|turn|2\n|\n|t:|1699229835\n|move|p2a: Magearna|Volt Switch|p1a: Ar\u0441eus-Fighting\n|-crit|p1a: Ar\u0441eus-Fighting\n|-damage|p1a: Ar\u0441eus-Fighting|82\/100\n|\n|t:|1699229838\n|switch|p2a: Ursaluna|Ursaluna, F|100\/100|[from] Volt Switch\n|move|p1a: Ar\u0441eus-Fighting|Flare Blitz|p2a: Ursaluna\n|-crit|p2a: Ursaluna\n|-damage|p2a: Ursaluna|17\/100\n|-damage|p1a: Ar\u0441eus-Fighting|52\/100|[from] Recoil\n|\n|-status|p2a: Ursaluna|brn|[from] item: Flame Orb\n|upkeep\n|turn|3\n|\n|t:|1699229849\n|move|p1a: Ar\u0441eus-Fighting|Extreme Speed|p2a: Ursaluna\n|-damage|p2a: Ursaluna|0 fnt\n|faint|p2a: Ursaluna\n|\n|upkeep\n|\n|t:|1699229854\n|switch|p2a: Dialga|Dialga|100\/100\n|-ability|p2a: Dialga|Pressure\n|turn|4\n|\n|t:|1699229861\n|move|p2a: Dialga|Earth Power|p1a: Ar\u0441eus-Fighting\n|-supereffective|p1a: Ar\u0441eus-Fighting\n|-damage|p1a: Ar\u0441eus-Fighting|2\/100\n|move|p1a: Ar\u0441eus-Fighting|Recover|p1a: Ar\u0441eus-Fighting\n|-heal|p1a: Ar\u0441eus-Fighting|52\/100\n|\n|upkeep\n|turn|5\n|\n|t:|1699229869\n|switch|p1a: Harambe|Rillaboom, M|100\/100\n|-fieldstart|move: Grassy Terrain|[from] ability: Grassy Surge|[of] p1a: Harambe\n|move|p2a: Dialga|Draco Meteor|p1a: Harambe\n|-damage|p1a: Harambe|0 fnt\n|-unboost|p2a: Dialga|spa|2\n|-enditem|p2a: Dialga|Eject Pack\n|faint|p1a: Harambe\n|\n|t:|1699229883\n|switch|p2a: Magearna|Magearna|100\/100\n|\n|-fieldend|move: Trick Room\n|upkeep\n|\n|t:|1699229891\n|switch|p1a: Ar\u0441eus-Fighting|Arceus-Fire|52\/100\n|turn|6\n|\n|t:|1699229898\n|-terastallize|p2a: Magearna|Water\n|move|p1a: Ar\u0441eus-Fighting|Flare Blitz|p2a: Magearna\n|-resisted|p2a: Magearna\n|-damage|p2a: Magearna|75\/100\n|-status|p2a: Magearna|brn\n|-damage|p1a: Ar\u0441eus-Fighting|45\/100|[from] Recoil\n|move|p2a: Magearna|Trick Room|p2a: Magearna\n|-fieldstart|move: Trick Room|[of] p2a: Magearna\n|\n|-heal|p2a: Magearna|81\/100 brn|[from] Grassy Terrain\n|-heal|p2a: Magearna|87\/100 brn|[from] item: Leftovers\n|-heal|p1a: Ar\u0441eus-Fighting|51\/100|[from] Grassy Terrain\n|-damage|p2a: Magearna|81\/100 brn|[from] brn\n|upkeep\n|turn|7\n|\n|t:|1699229912\n|move|p2a: Magearna|Volt Switch|p1a: Ar\u0441eus-Fighting\n|-damage|p1a: Ar\u0441eus-Fighting|38\/100\n|\n|t:|1699229934\n|switch|p2a: Cinderace|Cinderace, M|100\/100|[from] Volt Switch\n|move|p1a: Ar\u0441eus-Fighting|Recover|p1a: Ar\u0441eus-Fighting\n|-heal|p1a: Ar\u0441eus-Fighting|88\/100\n|\n|-heal|p1a: Ar\u0441eus-Fighting|94\/100|[from] Grassy Terrain\n|upkeep\n|turn|8\n|\n|t:|1699229944\n|move|p1a: Ar\u0441eus-Fighting|Extreme Speed|p2a: Cinderace\n|-damage|p2a: Cinderace|57\/100\n|move|p2a: Cinderace|U-turn|p1a: Ar\u0441eus-Fighting\n|-start|p2a: Cinderace|typechange|Bug|[from] ability: Libero\n|-resisted|p1a: Ar\u0441eus-Fighting\n|-damage|p1a: Ar\u0441eus-Fighting|81\/100\n|\n|t:|1699229957\n|switch|p2a: Dialga|Dialga|100\/100|[from] U-turn\n|-ability|p2a: Dialga|Pressure\n|\n|-heal|p1a: Ar\u0441eus-Fighting|88\/100|[from] Grassy Terrain\n|upkeep\n|turn|9\n|\n|t:|1699229965\n|move|p2a: Dialga|Draco Meteor|p1a: Ar\u0441eus-Fighting\n|-damage|p1a: Ar\u0441eus-Fighting|37\/100\n|-unboost|p2a: Dialga|spa|2\n|move|p1a: Ar\u0441eus-Fighting|Flare Blitz|p2a: Dialga\n|-damage|p2a: Dialga|41\/100\n|-damage|p1a: Ar\u0441eus-Fighting|19\/100|[from] Recoil\n|\n|-heal|p2a: Dialga|47\/100|[from] Grassy Terrain\n|-heal|p1a: Ar\u0441eus-Fighting|25\/100|[from] Grassy Terrain\n|-fieldend|move: Grassy Terrain\n|upkeep\n|turn|10\n|\n|t:|1699229977\n|move|p2a: Dialga|Draco Meteor|p1a: Ar\u0441eus-Fighting\n|-damage|p1a: Ar\u0441eus-Fighting|0 fnt\n|-unboost|p2a: Dialga|spa|2\n|faint|p1a: Ar\u0441eus-Fighting\n|\n|-fieldend|move: Trick Room\n|upkeep\n|\n|t:|1699229982\n|switch|p1a: Haha Long Boi|Sneasler, M, shiny|100\/100\n|turn|11\n|\n|t:|1699229992\n|switch|p2a: Cresselia|Cresselia, F|100\/100\n|move|p1a: Haha Long Boi|Close Combat|p2a: Cresselia\n|-resisted|p2a: Cresselia\n|-damage|p2a: Cresselia|84\/100\n|-unboost|p1a: Haha Long Boi|def|1\n|-unboost|p1a: Haha Long Boi|spd|1\n|\n|-heal|p2a: Cresselia|90\/100|[from] item: Leftovers\n|upkeep\n|turn|12\n|\n|t:|1699230001\n|move|p1a: Haha Long Boi|Dire Claw|p2a: Cresselia\n|-damage|p2a: Cresselia|67\/100\n|-status|p2a: Cresselia|psn\n|move|p2a: Cresselia|Trick Room|p2a: Cresselia\n|-fieldstart|move: Trick Room|[of] p2a: Cresselia\n|\n|-heal|p2a: Cresselia|73\/100 psn|[from] item: Leftovers\n|-damage|p2a: Cresselia|60\/100 psn|[from] psn\n|upkeep\n|turn|13\n|\n|t:|1699230012\n|switch|p2a: Dialga|Dialga|47\/100\n|-ability|p2a: Dialga|Pressure\n|switch|p1a: Magearna|Magearna|100\/100\n|\n|upkeep\n|turn|14\n|\n|t:|1699230019\n|move|p2a: Dialga|Earth Power|p1a: Magearna\n|-supereffective|p1a: Magearna\n|-damage|p1a: Magearna|41\/100\n|move|p1a: Magearna|Fleur Cannon|p2a: Dialga\n|-damage|p2a: Dialga|0 fnt\n|-unboost|p1a: Magearna|spa|2\n|faint|p2a: Dialga\n|-ability|p1a: Magearna|Soul-Heart|boost\n|-boost|p1a: Magearna|spa|1\n|\n|-heal|p1a: Magearna|47\/100|[from] item: Leftovers\n|upkeep\n|\n|t:|1699230035\n|switch|p2a: Cinderace|Cinderace, M|57\/100\n|turn|15\n|\n|t:|1699230046\n|switch|p1a: Haha Long Boi|Sneasler, M, shiny|100\/100\n|move|p2a: Cinderace|U-turn|p1a: Haha Long Boi\n|-start|p2a: Cinderace|typechange|Bug|[from] ability: Libero\n|-resisted|p1a: Haha Long Boi\n|-damage|p1a: Haha Long Boi|85\/100\n|\n|t:|1699230053\n|switch|p2a: Hoopa|Hoopa-Unbound|100\/100|[from] U-turn\n|\n|upkeep\n|turn|16\n|\n|t:|1699230068\n|switch|p1a: Magearna|Magearna|47\/100\n|move|p2a: Hoopa|Zen Headbutt|p1a: Magearna|[miss]\n|-miss|p2a: Hoopa|p1a: Magearna\n|\n|-heal|p1a: Magearna|53\/100|[from] item: Leftovers\n|-fieldend|move: Trick Room\n|upkeep\n|turn|17\n|\n|t:|1699230078\n|switch|p2a: Cresselia|Cresselia, F|60\/100 psn\n|move|p1a: Magearna|Fleur Cannon|p2a: Cresselia|[miss]\n|-miss|p1a: Magearna|p2a: Cresselia\n|\n|-heal|p1a: Magearna|59\/100|[from] item: Leftovers\n|-heal|p2a: Cresselia|66\/100 psn|[from] item: Leftovers\n|-damage|p2a: Cresselia|54\/100 psn|[from] psn\n|upkeep\n|turn|18\n|\n|t:|1699230087\n|move|p1a: Magearna|Spikes|p2a: Cresselia\n|-sidestart|p2: Kinesquared|Spikes\n|move|p2a: Cresselia|Moonlight|p2a: Cresselia\n|-heal|p2a: Cresselia|100\/100 psn\n|\n|-heal|p1a: Magearna|65\/100|[from] item: Leftovers\n|-damage|p2a: Cresselia|88\/100 psn|[from] psn\n|upkeep\n|turn|19\n|\n|t:|1699230095\n|move|p1a: Magearna|Spikes|p2a: Cresselia\n|-sidestart|p2: Kinesquared|Spikes\n|move|p2a: Cresselia|Trick Room|p2a: Cresselia\n|-fieldstart|move: Trick Room|[of] p2a: Cresselia\n|\n|-heal|p2a: Cresselia|94\/100 psn|[from] item: Leftovers\n|-heal|p1a: Magearna|71\/100|[from] item: Leftovers\n|-damage|p2a: Cresselia|82\/100 psn|[from] psn\n|upkeep\n|turn|20\n|\n|t:|1699230103\n|switch|p2a: Cinderace|Cinderace, M|57\/100\n|move|p1a: Magearna|Volt Switch|p2a: Cinderace\n|-damage|p2a: Cinderace|26\/100\n|\n|t:|1699230109\n|switch|p1a: Random Finizen|Palafin-Hero, M|100\/100|[from] Volt Switch\n|-activate|p1a: Random Finizen|ability: Zero to Hero\n|\n|upkeep\n|turn|21\n|\n|t:|1699230116\n|move|p1a: Random Finizen|Jet Punch|p2a: Cinderace\n|-supereffective|p2a: Cinderace\n|-damage|p2a: Cinderace|0 fnt\n|faint|p2a: Cinderace\n|\n|upkeep\n|\n|t:|1699230121\n|switch|p2a: Hoopa|Hoopa-Unbound|100\/100\n|-damage|p2a: Hoopa|84\/100|[from] Spikes\n|turn|22\n|\n|t:|1699230129\n|move|p1a: Random Finizen|Jet Punch|p2a: Hoopa\n|-damage|p2a: Hoopa|0 fnt\n|faint|p2a: Hoopa\n|\n|upkeep\n|c|\u2606Kinesquared|darn\n|c|\u2606Kinesquared|ggs\n|\n|t:|1699230136\n|switch|p2a: Magearna|Magearna, tera:Water|81\/100 brn\n|-damage|p2a: Magearna|65\/100 brn|[from] Spikes\n|turn|23\n|\n|t:|1699230142\n|switch|p1a: Magearna|Magearna|71\/100\n|move|p2a: Magearna|Fleur Cannon|p1a: Magearna\n|-resisted|p1a: Magearna\n|-damage|p1a: Magearna|49\/100\n|-unboost|p2a: Magearna|spa|2\n|\n|-heal|p2a: Magearna|71\/100 brn|[from] item: Leftovers\n|-heal|p1a: Magearna|55\/100|[from] item: Leftovers\n|-damage|p2a: Magearna|65\/100 brn|[from] brn\n|-fieldend|move: Trick Room\n|upkeep\n|turn|24\n|\n|t:|1699230153\n|move|p1a: Magearna|Volt Switch|p2a: Magearna\n|-supereffective|p2a: Magearna\n|-damage|p2a: Magearna|30\/100 brn\n|\n|t:|1699230159\n|switch|p1a: Haha Long Boi|Sneasler, M, shiny|85\/100|[from] Volt Switch\n|move|p2a: Magearna|Encore||[still]\n|-fail|p2a: Magearna\n|\n|-heal|p2a: Magearna|36\/100 brn|[from] item: Leftovers\n|-damage|p2a: Magearna|30\/100 brn|[from] brn\n|upkeep\n|turn|25\n|\n|t:|1699230175\n|switch|p2a: Cresselia|Cresselia, F|82\/100 psn\n|move|p1a: Haha Long Boi|Close Combat|p2a: Cresselia\n|-resisted|p2a: Cresselia\n|-damage|p2a: Cresselia|66\/100 psn\n|-unboost|p1a: Haha Long Boi|def|1\n|-unboost|p1a: Haha Long Boi|spd|1\n|\n|-heal|p2a: Cresselia|72\/100 psn|[from] item: Leftovers\n|-damage|p2a: Cresselia|59\/100 psn|[from] psn\n|upkeep\n|turn|26\n|\n|t:|1699230185\n|move|p1a: Haha Long Boi|Swords Dance|p1a: Haha Long Boi\n|-boost|p1a: Haha Long Boi|atk|2\n|move|p2a: Cresselia|Calm Mind|p2a: Cresselia\n|-boost|p2a: Cresselia|spa|1\n|-boost|p2a: Cresselia|spd|1\n|\n|-heal|p2a: Cresselia|65\/100 psn|[from] item: Leftovers\n|-damage|p2a: Cresselia|53\/100 psn|[from] psn\n|upkeep\n|turn|27\n|\n|t:|1699230202\n|move|p1a: Haha Long Boi|Dire Claw|p2a: Cresselia\n|-damage|p2a: Cresselia|5\/100 psn\n|move|p2a: Cresselia|Moonblast|p1a: Haha Long Boi\n|-damage|p1a: Haha Long Boi|32\/100\n|\n|-heal|p2a: Cresselia|11\/100 psn|[from] item: Leftovers\n|-damage|p2a: Cresselia|0 fnt|[from] psn\n|faint|p2a: Cresselia\n|upkeep\n|\n|t:|1699230210\n|switch|p2a: Magearna|Magearna, tera:Water|30\/100 brn\n|-damage|p2a: Magearna|14\/100 brn|[from] Spikes\n|turn|28\n|c|\u2606GratedsShtickface|gg\n|\n|t:|1699230216\n|move|p1a: Haha Long Boi|Dire Claw|p2a: Magearna\n|-damage|p2a: Magearna|0 fnt\n|faint|p2a: Magearna\n|\n|win|GratedsShtickface\n|c|\u2606GratedsShtickface|thank you, random finizen\n|c|\u2606Kinesquared|u down to run another?\n|c|\u2606GratedsShtickface|yeah gimme a bit\n|c|\u2606Kinesquared|nah thank u crit flare blitz on ursaluna\n|l|\u2606GratedsShtickface\n|j| XpokVEVO\n|l| XpokVEVO\n|j|\u2606GratedsShtickface\n|player|p1|GratedsShtickface|hiker-gen4\n|l|\u2606GratedsShtickface\n|player|p1|\n|j| ttkilla\n|l| ttkilla\n|j| ttkilla\n|l| ttkilla\n|j|\u2606GratedsShtickface\n|player|p1|GratedsShtickface|hiker-gen4\n","uploadtime":1699230225,"views":7,"p1id":"gratedsshtickface","p2id":"kinesquared","formatid":"gen9ubers","rating":0,"private":0,"password":""}