{"id":"gen9ubers-1969823468","p1":"ShirosakiAoi","p2":"RhinoThatDino_YT","format":"[Gen 9] Ubers","log":"|j|\u2606ShirosakiAoi\n|j|\u2606RhinoThatDino_YT\n|t:|1697568105\n|gametype|singles\n|player|p1|ShirosakiAoi|169|1120\n|player|p2|RhinoThatDino_YT|cyclist-gen4|1238\n|teamsize|p1|6\n|teamsize|p2|6\n|gen|9\n|tier|[Gen 9] Ubers\n|rated|\n|rule|Sleep Clause Mod: Limit one foe put to sleep\n|rule|Species Clause: Limit one of each Pok\u00e9mon\n|rule|OHKO Clause: OHKO moves are banned\n|rule|Evasion Items Clause: Evasion items are banned\n|rule|Evasion Moves Clause: Evasion moves are banned\n|rule|Endless Battle Clause: Forcing endless battles is banned\n|rule|HP Percentage Mod: HP is shown in percentages\n|clearpoke\n|poke|p1|Annihilape, M|\n|poke|p1|Landorus, M|\n|poke|p1|Miraidon|\n|poke|p1|Flutter Mane|\n|poke|p1|Baxcalibur, M|\n|poke|p1|Koraidon|\n|poke|p2|Miraidon|\n|poke|p2|Ceruledge, M|\n|poke|p2|Greninja-*, M|\n|poke|p2|Zacian-*|\n|poke|p2|Kyogre|\n|poke|p2|Zamazenta-*|\n|teampreview\n|\n|t:|1697568121\n|start\n|switch|p1a: Skylar Vox|Miraidon|100\/100\n|switch|p2a: Zamazenta|Zamazenta-Crowned, shiny|100\/100\n|-fieldstart|move: Electric Terrain|[from] ability: Hadron Engine|[of] p1a: Skylar Vox\n|-ability|p2a: Zamazenta|Dauntless Shield|boost\n|-boost|p2a: Zamazenta|def|1\n|turn|1\n|\n|t:|1697568130\n|move|p1a: Skylar Vox|Electro Drift|p2a: Zamazenta\n|-damage|p2a: Zamazenta|0 fnt\n|faint|p2a: Zamazenta\n|\n|upkeep\n|\n|t:|1697568144\n|switch|p2a: Zacian|Zacian-Crowned, shiny|100\/100\n|-ability|p2a: Zacian|Intrepid Sword|boost\n|-boost|p2a: Zacian|atk|1\n|turn|2\n|\n|t:|1697568149\n|move|p1a: Skylar Vox|Electro Drift|p2a: Zacian\n|-damage|p2a: Zacian|0 fnt\n|faint|p2a: Zacian\n|\n|upkeep\n|\n|t:|1697568156\n|switch|p2a: Greninja|Greninja, M|100\/100\n|turn|3\n|\n|t:|1697568163\n|move|p1a: Skylar Vox|Electro Drift|p2a: Greninja\n|-supereffective|p2a: Greninja\n|-damage|p2a: Greninja|0 fnt\n|faint|p2a: Greninja\n|\n|upkeep\n|\n|t:|1697568167\n|switch|p2a: Miraidon|Miraidon|100\/100\n|-activate|p2a: Miraidon|ability: Hadron Engine\n|turn|4\n|\n|t:|1697568172\n|switch|p1a: Daruk|Landorus, M|100\/100\n|-terastallize|p2a: Miraidon|Electric\n|move|p2a: Miraidon|Dragon Pulse|p1a: Daruk\n|-damage|p1a: Daruk|16\/100\n|\n|upkeep\n|turn|5\n|\n|t:|1697568180\n|move|p2a: Miraidon|Dragon Pulse|p1a: Daruk\n|-damage|p1a: Daruk|0 fnt\n|faint|p1a: Daruk\n|\n|-fieldend|move: Electric Terrain\n|upkeep\n|\n|t:|1697568187\n|switch|p1a: Baxcalibur|Baxcalibur, M, shiny|100\/100\n|turn|6\n|\n|t:|1697568193\n|-terastallize|p1a: Baxcalibur|Fairy\n|move|p2a: Miraidon|Dragon Pulse|p1a: Baxcalibur\n|-immune|p1a: Baxcalibur\n|move|p1a: Baxcalibur|Dragon Dance|p1a: Baxcalibur\n|-boost|p1a: Baxcalibur|atk|1\n|-boost|p1a: Baxcalibur|spe|1\n|\n|upkeep\n|turn|7\n|\n|t:|1697568201\n|move|p1a: Baxcalibur|Glaive Rush|p2a: Miraidon\n|-damage|p2a: Miraidon|0 fnt\n|-singlemove|p1a: Baxcalibur|Glaive Rush|[silent]\n|faint|p2a: Miraidon\n|\n|upkeep\n|\n|t:|1697568207\n|switch|p2a: Kyogre|Kyogre, shiny|100\/100\n|-weather|RainDance|[from] ability: Drizzle|[of] p2a: Kyogre\n|turn|8\n|\n|t:|1697568226\n|move|p1a: Baxcalibur|Glaive Rush|p2a: Kyogre\n|-damage|p2a: Kyogre|0 fnt\n|-singlemove|p1a: Baxcalibur|Glaive Rush|[silent]\n|faint|p2a: Kyogre\n|\n|-weather|RainDance|[upkeep]\n|upkeep\n|\n|t:|1697568231\n|switch|p2a: Ceruledge|Ceruledge, M, shiny|100\/100\n|turn|9\n|\n|t:|1697568238\n|move|p1a: Baxcalibur|Glaive Rush|p2a: Ceruledge\n|-damage|p2a: Ceruledge|0 fnt\n|-singlemove|p1a: Baxcalibur|Glaive Rush|[silent]\n|faint|p2a: Ceruledge\n|\n|win|ShirosakiAoi\n|raw|ShirosakiAoi's rating: 1120 &rarr; <strong>1153<\/strong><br \/>(+33 for winning)\n|raw|RhinoThatDino_YT's rating: 1238 &rarr; <strong>1205<\/strong><br \/>(-33 for losing)\n","uploadtime":1697568247,"views":6,"p1id":"shirosakiaoi","p2id":"rhinothatdinoyt","formatid":"gen9ubers","rating":1153,"private":0,"password":""}