{"id":"gen9ubers-1984207911","p1":"Chris6497","p2":"djchrisalpha","format":"[Gen 9] Ubers","log":"|j|\u2606Chris6497\n|j|\u2606djchrisalpha\n|t:|1699230268\n|gametype|singles\n|player|p1|Chris6497|koga|1298\n|player|p2|djchrisalpha|lass-gen4dp|1157\n|teamsize|p1|6\n|teamsize|p2|6\n|gen|9\n|tier|[Gen 9] Ubers\n|rated|\n|rule|Sleep Clause Mod: Limit one foe put to sleep\n|rule|Species Clause: Limit one of each Pok\u00e9mon\n|rule|OHKO Clause: OHKO moves are banned\n|rule|Evasion Items Clause: Evasion items are banned\n|rule|Evasion Moves Clause: Evasion moves are banned\n|rule|Endless Battle Clause: Forcing endless battles is banned\n|rule|HP Percentage Mod: HP is shown in percentages\n|clearpoke\n|poke|p1|Dialga|\n|poke|p1|Mewtwo|\n|poke|p1|Zacian-*|\n|poke|p1|Rayquaza|\n|poke|p1|Palkia|\n|poke|p1|Samurott-Hisui, M|\n|poke|p2|Volcarona, F|\n|poke|p2|Annihilape, F|\n|poke|p2|Chi-Yu|\n|poke|p2|Miraidon|\n|poke|p2|Landorus, M|\n|poke|p2|Palafin, M|\n|teampreview\n|inactive|Battle timer is ON: inactive players will automatically lose when time's up. (requested by Chris6497)\n|\n|t:|1699230291\n|start\n|switch|p1a: Samurott|Samurott-Hisui, M|100\/100\n|switch|p2a: Landorus|Landorus, M|100\/100\n|turn|1\n|\n|t:|1699230306\n|move|p2a: Landorus|Focus Blast|p1a: Samurott\n|-supereffective|p1a: Samurott\n|-damage|p1a: Samurott|0 fnt\n|faint|p1a: Samurott\n|\n|upkeep\n|\n|t:|1699230308\n|switch|p1a: Rayquaza|Rayquaza|100\/100\n|-ability|p1a: Rayquaza|Air Lock\n|turn|2\n|\n|t:|1699230314\n|move|p2a: Landorus|Psychic|p1a: Rayquaza\n|-damage|p1a: Rayquaza|69\/100\n|move|p1a: Rayquaza|Dragon Dance|p1a: Rayquaza\n|-boost|p1a: Rayquaza|atk|1\n|-boost|p1a: Rayquaza|spe|1\n|\n|upkeep\n|turn|3\n|c|\u2606Chris6497|Oh by goodness oh my god\n|c|\u2606Chris6497|forgot how hard that thing hits\n|\n|t:|1699230331\n|move|p1a: Rayquaza|Dragon Dance|p1a: Rayquaza\n|-boost|p1a: Rayquaza|atk|1\n|-boost|p1a: Rayquaza|spe|1\n|move|p2a: Landorus|Psychic|p1a: Rayquaza\n|-damage|p1a: Rayquaza|38\/100\n|\n|upkeep\n|turn|4\n|\n|t:|1699230349\n|move|p1a: Rayquaza|Dragon Ascent|p2a: Landorus\n|-damage|p2a: Landorus|0 fnt\n|-unboost|p1a: Rayquaza|def|1\n|-unboost|p1a: Rayquaza|spd|1\n|faint|p2a: Landorus\n|\n|upkeep\n|\n|t:|1699230360\n|switch|p2a: Palafin|Palafin, M|100\/100\n|turn|5\n|\n|t:|1699230363\n|detailschange|p2a: Palafin|Palafin-Hero, M\n|switch|p2a: Volcarona|Volcarona, F|100\/100\n|move|p1a: Rayquaza|Dragon Ascent|p2a: Volcarona\n|-supereffective|p2a: Volcarona\n|-damage|p2a: Volcarona|0 fnt\n|-unboost|p1a: Rayquaza|def|1\n|-unboost|p1a: Rayquaza|spd|1\n|-status|p1a: Rayquaza|brn|[from] ability: Flame Body|[of] p2a: Volcarona\n|-enditem|p1a: Rayquaza|Lum Berry|[eat]\n|-curestatus|p1a: Rayquaza|brn|[msg]\n|faint|p2a: Volcarona\n|\n|upkeep\n|\n|t:|1699230374\n|switch|p2a: Palafin|Palafin-Hero, M|100\/100\n|-activate|p2a: Palafin|ability: Zero to Hero\n|turn|6\n|\n|t:|1699230378\n|-terastallize|p1a: Rayquaza|Normal\n|move|p1a: Rayquaza|Extreme Speed|p2a: Palafin\n|-damage|p2a: Palafin|0 fnt\n|faint|p2a: Palafin\n|\n|upkeep\n|\n|t:|1699230385\n|switch|p2a: Annihilape|Annihilape, F|100\/100\n|turn|7\n|\n|t:|1699230391\n|move|p1a: Rayquaza|Dragon Ascent|p2a: Annihilape\n|-supereffective|p2a: Annihilape\n|-damage|p2a: Annihilape|0 fnt\n|-unboost|p1a: Rayquaza|def|1\n|-unboost|p1a: Rayquaza|spd|1\n|-damage|p1a: Rayquaza|21\/100|[from] item: Rocky Helmet|[of] p2a: Annihilape\n|faint|p2a: Annihilape\n|\n|upkeep\n|\n|t:|1699230399\n|switch|p2a: Miraidon|Miraidon|100\/100\n|-fieldstart|move: Electric Terrain|[from] ability: Hadron Engine|[of] p2a: Miraidon\n|turn|8\n|\n|t:|1699230407\n|move|p1a: Rayquaza|Earthquake|p2a: Miraidon\n|-supereffective|p2a: Miraidon\n|-damage|p2a: Miraidon|0 fnt\n|faint|p2a: Miraidon\n|\n|upkeep\n|-message|djchrisalpha forfeited.\n|\n|win|Chris6497\n|raw|Chris6497's rating: 1298 &rarr; <strong>1313<\/strong><br \/>(+15 for winning)\n|raw|djchrisalpha's rating: 1157 &rarr; <strong>1142<\/strong><br \/>(-15 for losing)\n|l|\u2606djchrisalpha\n","uploadtime":1699230416,"views":5,"p1id":"chris6497","p2id":"djchrisalpha","formatid":"gen9ubers","rating":1142,"private":0,"password":""}