{"id":"gen9ubers-1999958676","p1":"knwndinwjbx","p2":"Tonylades","format":"[Gen 9] Ubers","log":"|j|\u2606knwndinwjbx\n|j|\u2606Tonylades\n|t:|1701134637\n|gametype|singles\n|player|p1|knwndinwjbx|266|\n|player|p2|Tonylades|skierf|\n|teamsize|p1|6\n|teamsize|p2|6\n|gen|9\n|tier|[Gen 9] Ubers\n|rule|Sleep Clause Mod: Limit one foe put to sleep\n|rule|Species Clause: Limit one of each Pok\u00e9mon\n|rule|OHKO Clause: OHKO moves are banned\n|rule|Evasion Items Clause: Evasion items are banned\n|rule|Evasion Moves Clause: Evasion moves are banned\n|rule|Endless Battle Clause: Forcing endless battles is banned\n|rule|HP Percentage Mod: HP is shown in percentages\n|clearpoke\n|poke|p1|Miraidon|\n|poke|p1|Iron Bundle|\n|poke|p1|Masquerain, F|\n|poke|p1|Great Tusk|\n|poke|p1|Rotom-Frost|\n|poke|p1|Scizor, M|\n|poke|p2|Chien-Pao|\n|poke|p2|Abomasnow, M|\n|poke|p2|Sandslash-Alola, M|\n|poke|p2|Eiscue, M|\n|poke|p2|Cetitan, M|\n|poke|p2|Avalugg, F|\n|teampreview\n|\n|t:|1701134645\n|start\n|switch|p1a: Miraidon|Miraidon|100\/100\n|switch|p2a: Abomasnow|Abomasnow, M|100\/100\n|-fieldstart|move: Electric Terrain|[from] ability: Hadron Engine|[of] p1a: Miraidon\n|-weather|Snow|[from] ability: Snow Warning|[of] p2a: Abomasnow\n|turn|1\n|\n|t:|1701134667\n|-terastallize|p2a: Abomasnow|Fire\n|move|p1a: Miraidon|Overheat|p2a: Abomasnow\n|-resisted|p2a: Abomasnow\n|-damage|p2a: Abomasnow|69\/100\n|-unboost|p1a: Miraidon|spa|2\n|move|p2a: Abomasnow|Earthquake|p1a: Miraidon\n|-supereffective|p1a: Miraidon\n|-crit|p1a: Miraidon\n|-damage|p1a: Miraidon|41\/100\n|\n|-weather|Snow|[upkeep]\n|upkeep\n|turn|2\n|\n|t:|1701134695\n|move|p2a: Abomasnow|Protect|p2a: Abomasnow\n|-singleturn|p2a: Abomasnow|Protect\n|move|p1a: Miraidon|Overheat|p2a: Abomasnow\n|-activate|p2a: Abomasnow|move: Protect\n|\n|-weather|Snow|[upkeep]\n|upkeep\n|turn|3\n|\n|t:|1701134717\n|move|p1a: Miraidon|Overheat|p2a: Abomasnow\n|-resisted|p2a: Abomasnow\n|-damage|p2a: Abomasnow|54\/100\n|-unboost|p1a: Miraidon|spa|2\n|move|p2a: Abomasnow|Earthquake|p1a: Miraidon\n|-supereffective|p1a: Miraidon\n|-damage|p1a: Miraidon|1\/100\n|\n|-weather|Snow|[upkeep]\n|upkeep\n|turn|4\n|\n|t:|1701134732\n|move|p1a: Miraidon|Overheat|p2a: Abomasnow\n|-resisted|p2a: Abomasnow\n|-damage|p2a: Abomasnow|43\/100\n|-unboost|p1a: Miraidon|spa|2\n|move|p2a: Abomasnow|Earthquake|p1a: Miraidon\n|-supereffective|p1a: Miraidon\n|-damage|p1a: Miraidon|0 fnt\n|faint|p1a: Miraidon\n|\n|-weather|Snow|[upkeep]\n|upkeep\n|\n|t:|1701134743\n|switch|p1a: Iron Bundle|Iron Bundle|100\/100\n|-activate|p1a: Iron Bundle|ability: Quark Drive\n|-start|p1a: Iron Bundle|quarkdrivespe\n|turn|5\n|\n|t:|1701134761\n|move|p2a: Abomasnow|Protect|p2a: Abomasnow\n|-singleturn|p2a: Abomasnow|Protect\n|move|p1a: Iron Bundle|Flip Turn|p2a: Abomasnow\n|-activate|p2a: Abomasnow|move: Protect\n|\n|-weather|none\n|-fieldend|move: Electric Terrain\n|-end|p1a: Iron Bundle|Quark Drive\n|upkeep\n|turn|6\n|\n|t:|1701134790\n|-end|p1a: Iron Bundle|Quark Drive|[silent]\n|switch|p1a: Scizor|Scizor, M|100\/100\n|switch|p2a: Avalugg|Avalugg, F|100\/100\n|\n|upkeep\n|turn|7\n|\n|t:|1701134801\n|move|p1a: Scizor|Swords Dance|p1a: Scizor\n|-boost|p1a: Scizor|atk|2\n|move|p2a: Avalugg|Snowscape|p2a: Avalugg\n|-weather|Snow\n|\n|-weather|Snow|[upkeep]\n|upkeep\n|turn|8\n|\n|t:|1701134813\n|move|p1a: Scizor|Swords Dance|p1a: Scizor\n|-boost|p1a: Scizor|atk|2\n|move|p2a: Avalugg|Aurora Veil|p2a: Avalugg\n|-sidestart|p2: Tonylades|move: Aurora Veil\n|\n|-weather|Snow|[upkeep]\n|upkeep\n|turn|9\n|\n|t:|1701134829\n|switch|p2a: Eiscue|Eiscue, M, shiny|100\/100\n|move|p1a: Scizor|Bullet Punch|p2a: Eiscue\n|-activate|p2a: Eiscue|ability: Ice Face\n|-damage|p2a: Eiscue|100\/100\n|detailschange|p2a: Eiscue|Eiscue-Noice, M, shiny\n|\n|-weather|Snow|[upkeep]\n|upkeep\n|turn|10\n|\n|t:|1701134852\n|move|p1a: Scizor|Bullet Punch|p2a: Eiscue\n|-supereffective|p2a: Eiscue\n|-damage|p2a: Eiscue|0 fnt\n|faint|p2a: Eiscue\n|\n|-weather|Snow|[upkeep]\n|upkeep\n|\n|t:|1701134859\n|switch|p2a: Chien-Pao|Chien-Pao|100\/100\n|-ability|p2a: Chien-Pao|Sword of Ruin\n|turn|11\n|\n|t:|1701134890\n|switch|p1a: Great Tusk|Great Tusk|100\/100\n|-enditem|p1a: Great Tusk|Booster Energy\n|-activate|p1a: Great Tusk|ability: Protosynthesis|[fromitem]\n|-start|p1a: Great Tusk|protosynthesisatk\n|move|p2a: Chien-Pao|Sacred Sword|p1a: Great Tusk\n|-damage|p1a: Great Tusk|68\/100\n|\n|-weather|none\n|upkeep\n|turn|12\n|\n|t:|1701134908\n|move|p2a: Chien-Pao|Ice Spinner|p1a: Great Tusk\n|-supereffective|p1a: Great Tusk\n|-damage|p1a: Great Tusk|0 fnt\n|faint|p1a: Great Tusk\n|-end|p1a: Great Tusk|Protosynthesis|[silent]\n|\n|-sideend|p2: Tonylades|move: Aurora Veil\n|upkeep\n|\n|t:|1701134921\n|switch|p1a: Scizor|Scizor, M|100\/100\n|turn|13\n|\n|t:|1701134935\n|-terastallize|p1a: Scizor|Steel\n|move|p2a: Chien-Pao|Ice Spinner|p1a: Scizor\n|-resisted|p1a: Scizor\n|-damage|p1a: Scizor|74\/100\n|move|p1a: Scizor|Close Combat|p2a: Chien-Pao\n|-supereffective|p2a: Chien-Pao\n|-damage|p2a: Chien-Pao|0 fnt\n|-unboost|p1a: Scizor|def|1\n|-unboost|p1a: Scizor|spd|1\n|faint|p2a: Chien-Pao\n|\n|upkeep\n|\n|t:|1701134947\n|switch|p2a: Sandslash|Sandslash-Alola, M|100\/100\n|turn|14\n|\n|t:|1701134961\n|move|p2a: Sandslash|Protect|p2a: Sandslash\n|-singleturn|p2a: Sandslash|Protect\n|move|p1a: Scizor|Bullet Punch|p2a: Sandslash\n|-activate|p2a: Sandslash|move: Protect\n|\n|upkeep\n|turn|15\n|\n|t:|1701134971\n|switch|p2a: Abomasnow|Abomasnow, M, tera:Fire|43\/100\n|-weather|Snow|[from] ability: Snow Warning|[of] p2a: Abomasnow\n|move|p1a: Scizor|Bullet Punch|p2a: Abomasnow\n|-resisted|p2a: Abomasnow\n|-damage|p2a: Abomasnow|11\/100\n|\n|-weather|Snow|[upkeep]\n|upkeep\n|turn|16\n|\n|t:|1701135005\n|move|p2a: Abomasnow|Protect|p2a: Abomasnow\n|-singleturn|p2a: Abomasnow|Protect\n|move|p1a: Scizor|Swords Dance|p1a: Scizor\n|-boost|p1a: Scizor|atk|2\n|\n|-weather|Snow|[upkeep]\n|upkeep\n|turn|17\n|\n|t:|1701135017\n|switch|p2a: Sandslash|Sandslash-Alola, M|100\/100\n|move|p1a: Scizor|Swords Dance|p1a: Scizor\n|-boost|p1a: Scizor|atk|2\n|\n|-weather|Snow|[upkeep]\n|upkeep\n|turn|18\n|\n|t:|1701135042\n|move|p2a: Sandslash|Icicle Spear|p1a: Scizor\n|-resisted|p1a: Scizor\n|-damage|p1a: Scizor|65\/100\n|-resisted|p1a: Scizor\n|-damage|p1a: Scizor|55\/100\n|-resisted|p1a: Scizor\n|-crit|p1a: Scizor\n|-damage|p1a: Scizor|43\/100\n|-resisted|p1a: Scizor\n|-damage|p1a: Scizor|35\/100\n|-resisted|p1a: Scizor\n|-damage|p1a: Scizor|25\/100\n|-hitcount|p1a: Scizor|5\n|move|p1a: Scizor|Swords Dance|p1a: Scizor\n|-boost|p1a: Scizor|atk|2\n|\n|-weather|Snow|[upkeep]\n|upkeep\n|turn|19\n|\n|t:|1701135068\n|switch|p1a: Iron Bundle|Iron Bundle|100\/100\n|move|p2a: Sandslash|Icicle Spear|p1a: Iron Bundle\n|-resisted|p1a: Iron Bundle\n|-damage|p1a: Iron Bundle|98\/100\n|-resisted|p1a: Iron Bundle\n|-damage|p1a: Iron Bundle|96\/100\n|-resisted|p1a: Iron Bundle\n|-damage|p1a: Iron Bundle|93\/100\n|-resisted|p1a: Iron Bundle\n|-damage|p1a: Iron Bundle|91\/100\n|-resisted|p1a: Iron Bundle\n|-damage|p1a: Iron Bundle|89\/100\n|-hitcount|p1a: Iron Bundle|5\n|\n|-weather|none\n|upkeep\n|turn|20\n|\n|t:|1701135097\n|-end|p1a: Iron Bundle|Quark Drive|[silent]\n|switch|p1a: Rotom|Rotom-Frost|100\/100\n|move|p2a: Sandslash|Swords Dance|p2a: Sandslash\n|-boost|p2a: Sandslash|atk|2\n|\n|upkeep\n|turn|21\n|\n|t:|1701135108\n|move|p2a: Sandslash|Protect|p2a: Sandslash\n|-singleturn|p2a: Sandslash|Protect\n|move|p1a: Rotom|Volt Switch|p2a: Sandslash\n|-activate|p2a: Sandslash|move: Protect\n|\n|upkeep\n|turn|22\n|\n|t:|1701135126\n|switch|p1a: Scizor|Scizor, M, tera:Steel|25\/100\n|switch|p2a: Abomasnow|Abomasnow, M, tera:Fire|11\/100\n|-weather|Snow|[from] ability: Snow Warning|[of] p2a: Abomasnow\n|\n|-weather|Snow|[upkeep]\n|upkeep\n|turn|23\n|\n|t:|1701135137\n|switch|p2a: Avalugg|Avalugg, F|100\/100\n|move|p1a: Scizor|Bullet Punch|p2a: Avalugg\n|-supereffective|p2a: Avalugg\n|-crit|p2a: Avalugg\n|-damage|p2a: Avalugg|60\/100\n|\n|-weather|Snow|[upkeep]\n|-heal|p2a: Avalugg|66\/100|[from] ability: Ice Body\n|-heal|p2a: Avalugg|72\/100|[from] item: Leftovers\n|upkeep\n|turn|24\n|\n|t:|1701135147\n|move|p1a: Scizor|Swords Dance|p1a: Scizor\n|-boost|p1a: Scizor|atk|2\n|move|p2a: Avalugg|Aurora Veil|p2a: Avalugg\n|-sidestart|p2: Tonylades|move: Aurora Veil\n|\n|-weather|Snow|[upkeep]\n|-heal|p2a: Avalugg|78\/100|[from] ability: Ice Body\n|-heal|p2a: Avalugg|84\/100|[from] item: Leftovers\n|upkeep\n|turn|25\n|\n|t:|1701135159\n|move|p1a: Scizor|Swords Dance|p1a: Scizor\n|-boost|p1a: Scizor|atk|2\n|move|p2a: Avalugg|Earthquake|p1a: Scizor\n|-supereffective|p1a: Scizor\n|-damage|p1a: Scizor|0 fnt\n|faint|p1a: Scizor\n|\n|-weather|Snow|[upkeep]\n|-heal|p2a: Avalugg|90\/100|[from] ability: Ice Body\n|-heal|p2a: Avalugg|96\/100|[from] item: Leftovers\n|upkeep\n|\n|t:|1701135180\n|switch|p1a: Masquerain|Masquerain, F|100\/100\n|-ability|p1a: Masquerain|Intimidate|boost\n|-unboost|p2a: Avalugg|atk|1\n|turn|26\n|\n|t:|1701135189\n|switch|p2a: Sandslash|Sandslash-Alola, M|100\/100\n|move|p1a: Masquerain|Stun Spore|p2a: Sandslash\n|-status|p2a: Sandslash|par\n|\n|-weather|none\n|upkeep\n|turn|27\n|\n|t:|1701135208\n|switch|p2a: Avalugg|Avalugg, F|96\/100\n|move|p1a: Masquerain|Sticky Web|p2a: Avalugg\n|-sidestart|p2: Tonylades|move: Sticky Web\n|\n|-heal|p2a: Avalugg|100\/100|[from] item: Leftovers\n|upkeep\n|turn|28\n|\n|t:|1701135220\n|move|p1a: Masquerain|Stun Spore|p2a: Avalugg\n|-status|p2a: Avalugg|par\n|move|p2a: Avalugg|Snowscape|p2a: Avalugg\n|-weather|Snow\n|\n|-weather|Snow|[upkeep]\n|-sideend|p2: Tonylades|move: Aurora Veil\n|upkeep\n|turn|29\n|\n|t:|1701135234\n|move|p1a: Masquerain|Sticky Web||[still]\n|-fail|p1a: Masquerain\n|move|p2a: Avalugg|Aurora Veil|p2a: Avalugg\n|-sidestart|p2: Tonylades|move: Aurora Veil\n|\n|-weather|Snow|[upkeep]\n|upkeep\n|turn|30\n|\n|t:|1701135248\n|switch|p2a: Sandslash|Sandslash-Alola, M|100\/100 par\n|-activate|p2a: Sandslash|move: Sticky Web\n|-unboost|p2a: Sandslash|spe|1\n|move|p1a: Masquerain|Air Slash|p2a: Sandslash\n|-resisted|p2a: Sandslash\n|-damage|p2a: Sandslash|91\/100 par\n|\n|-weather|Snow|[upkeep]\n|upkeep\n|turn|31\n|\n|t:|1701135271\n|switch|p1a: Rotom|Rotom-Frost|100\/100\n|move|p2a: Sandslash|Swords Dance|p2a: Sandslash\n|-boost|p2a: Sandslash|atk|2\n|\n|-weather|Snow|[upkeep]\n|upkeep\n|turn|32\n|\n|t:|1701135309\n|move|p1a: Rotom|Trick|p2a: Sandslash\n|-activate|p1a: Rotom|move: Trick|[of] p2a: Sandslash\n|-item|p2a: Sandslash|Choice Scarf|[from] move: Trick\n|-item|p1a: Rotom|Loaded Dice|[from] move: Trick\n|cant|p2a: Sandslash|par\n|\n|-weather|none\n|upkeep\n|turn|33\n|\n|t:|1701135328\n|move|p1a: Rotom|Volt Switch|p2a: Sandslash\n|-damage|p2a: Sandslash|66\/100 par\n|\n|t:|1701135332\n|switch|p1a: Iron Bundle|Iron Bundle|89\/100|[from] Volt Switch\n|move|p2a: Sandslash|Iron Head|p1a: Iron Bundle\n|-damage|p1a: Iron Bundle|0 fnt\n|faint|p1a: Iron Bundle\n|-end|p1a: Iron Bundle|Quark Drive|[silent]\n|\n|-sideend|p2: Tonylades|move: Aurora Veil\n|upkeep\n|\n|t:|1701135336\n|switch|p1a: Rotom|Rotom-Frost|100\/100\n|turn|34\n|\n|t:|1701135347\n|move|p1a: Rotom|Volt Switch|p2a: Sandslash\n|-damage|p2a: Sandslash|19\/100 par\n|\n|t:|1701135352\n|switch|p1a: Masquerain|Masquerain, F|100\/100|[from] Volt Switch\n|-ability|p1a: Masquerain|Intimidate|boost\n|-unboost|p2a: Sandslash|atk|1\n|move|p2a: Sandslash|Iron Head|p1a: Masquerain\n|-crit|p1a: Masquerain\n|-enditem|p1a: Masquerain|Focus Sash\n|-damage|p1a: Masquerain|1\/100\n|\n|upkeep\n|turn|35\n|\n|t:|1701135360\n|switch|p2a: Cetitan|Cetitan, M|100\/100\n|-activate|p2a: Cetitan|move: Sticky Web\n|-unboost|p2a: Cetitan|spe|1\n|move|p1a: Masquerain|Air Slash|p2a: Cetitan\n|-damage|p2a: Cetitan|75\/100\n|\n|upkeep\n|turn|36\n|\n|t:|1701135378\n|move|p1a: Masquerain|Air Slash|p2a: Cetitan\n|-damage|p2a: Cetitan|52\/100\n|move|p2a: Cetitan|Belly Drum|p2a: Cetitan\n|-damage|p2a: Cetitan|2\/100\n|-setboost|p2a: Cetitan|atk|6|[from] move: Belly Drum\n|-enditem|p2a: Cetitan|Aguav Berry|[eat]\n|-heal|p2a: Cetitan|35\/100|[from] item: Aguav Berry\n|\n|upkeep\n|turn|37\n|\n|t:|1701135396\n|move|p2a: Cetitan|Ice Shard|p1a: Masquerain\n|-supereffective|p1a: Masquerain\n|-damage|p1a: Masquerain|0 fnt\n|faint|p1a: Masquerain\n|\n|upkeep\n|\n|t:|1701135402\n|switch|p1a: Rotom|Rotom-Frost|100\/100\n|turn|38\n|\n|t:|1701135408\n|move|p2a: Cetitan|Ice Shard|p1a: Rotom\n|-resisted|p1a: Rotom\n|-damage|p1a: Rotom|49\/100\n|move|p1a: Rotom|Volt Switch|p2a: Cetitan\n|-damage|p2a: Cetitan|6\/100\n|\n|upkeep\n|turn|39\n|\n|t:|1701135422\n|move|p2a: Cetitan|Ice Shard|p1a: Rotom\n|-resisted|p1a: Rotom\n|-damage|p1a: Rotom|0 fnt\n|faint|p1a: Rotom\n|\n|win|Tonylades\n","uploadtime":1701135435,"views":1,"p1id":"knwndinwjbx","p2id":"tonylades","formatid":"gen9ubers","rating":0,"private":0,"password":""}