{"id":"gen9ubers-1985331608","p1":"omegroudon","p2":"bringlepringle","format":"[Gen 9] Ubers","log":"|j|\u2606omegroudon\n|j|\u2606bringlepringle\n|t:|1699365313\n|gametype|singles\n|player|p1|omegroudon|dragontamer|\n|player|p2|bringlepringle|ingo|\n|teamsize|p1|6\n|teamsize|p2|6\n|gen|9\n|tier|[Gen 9] Ubers\n|rule|Sleep Clause Mod: Limit one foe put to sleep\n|rule|Species Clause: Limit one of each Pok\u00e9mon\n|rule|OHKO Clause: OHKO moves are banned\n|rule|Evasion Items Clause: Evasion items are banned\n|rule|Evasion Moves Clause: Evasion moves are banned\n|rule|Endless Battle Clause: Forcing endless battles is banned\n|rule|HP Percentage Mod: HP is shown in percentages\n|clearpoke\n|poke|p1|Annihilape, M|\n|poke|p1|Baxcalibur, M|\n|poke|p1|Arcanine-Hisui, M|\n|poke|p1|Jolteon, M|\n|poke|p1|Moltres-Galar|\n|poke|p1|Ursaluna-Bloodmoon, M|\n|poke|p2|Flutter Mane|\n|poke|p2|Mimikyu, M|\n|poke|p2|Zacian-*|\n|poke|p2|Iron Valiant|\n|poke|p2|Azumarill, F|\n|poke|p2|Magearna|\n|teampreview\n|c|\u2606bringlepringle|oh golly gee\n|\n|t:|1699365331\n|start\n|switch|p1a: Jolteon|Jolteon, M|100\/100\n|switch|p2a: Azumarill|Azumarill, F, shiny|100\/100\n|turn|1\n|\n|t:|1699365337\n|move|p1a: Jolteon|Volt Switch|p2a: Azumarill\n|-supereffective|p2a: Azumarill\n|-damage|p2a: Azumarill|8\/100\n|c|\u2606omegroudon|gottem\n|c|\u2606bringlepringle|i have something planned\n|\n|t:|1699365358\n|switch|p1a: Annihilape|Annihilape, M, shiny|100\/100|[from] Volt Switch\n|move|p2a: Azumarill|Sing|p1a: Annihilape\n|-status|p1a: Annihilape|slp|[from] move: Sing\n|\n|upkeep\n|turn|2\n|c|\u2606omegroudon|it dont matter ngl\n|\n|t:|1699365371\n|switch|p1a: Arcanine|Arcanine-Hisui, M, shiny|100\/100\n|move|p2a: Azumarill|Play Rough|p1a: Arcanine\n|-resisted|p1a: Arcanine\n|-damage|p1a: Arcanine|62\/100\n|\n|upkeep\n|turn|3\n|\n|t:|1699365378\n|move|p1a: Arcanine|Flare Blitz|p2a: Azumarill\n|-resisted|p2a: Azumarill\n|-damage|p2a: Azumarill|0 fnt\n|faint|p2a: Azumarill\n|\n|upkeep\n|c|\u2606bringlepringle|you still dont know her TRUE POWER\n|\n|t:|1699365407\n|switch|p2a: Iron Valiant|Iron Valiant|100\/100\n|-enditem|p2a: Iron Valiant|Booster Energy\n|-activate|p2a: Iron Valiant|ability: Quark Drive|[fromitem]\n|-start|p2a: Iron Valiant|quarkdrivespe\n|turn|4\n|c|\u2606omegroudon|yes i do\n|\n|t:|1699365416\n|switch|p1a: Annihilape|Annihilape, M, shiny|100\/100 slp\n|move|p2a: Iron Valiant|Brick Break|p1a: Annihilape\n|-immune|p1a: Annihilape\n|\n|upkeep\n|turn|5\n|c|\u2606bringlepringle|what is it then?\n|\n|t:|1699365426\n|move|p2a: Iron Valiant|Spirit Break|p1a: Annihilape\n|-supereffective|p1a: Annihilape\n|-crit|p1a: Annihilape\n|-damage|p1a: Annihilape|0 fnt\n|faint|p1a: Annihilape\n|\n|upkeep\n|c|\u2606omegroudon|dez nuts\n|c|\u2606bringlepringle|HOW????\n|c|\u2606bringlepringle|HOW DID YOU KNOW???\n|\n|t:|1699365457\n|switch|p1a: Ursaluna|Ursaluna-Bloodmoon, M|100\/100\n|turn|6\n|\n|t:|1699365464\n|-terastallize|p1a: Ursaluna|Ghost\n|move|p2a: Iron Valiant|Knock Off|p1a: Ursaluna\n|-supereffective|p1a: Ursaluna\n|-damage|p1a: Ursaluna|53\/100\n|-enditem|p1a: Ursaluna|Silk Scarf|[from] move: Knock Off|[of] p2a: Iron Valiant\n|move|p1a: Ursaluna|Blood Moon|p2a: Iron Valiant\n|-damage|p2a: Iron Valiant|0 fnt\n|faint|p2a: Iron Valiant\n|-end|p2a: Iron Valiant|Quark Drive|[silent]\n|\n|upkeep\n|\n|t:|1699365476\n|switch|p2a: Flutter Mane|Flutter Mane|100\/100\n|turn|7\n|\n|t:|1699365480\n|move|p2a: Flutter Mane|Shadow Ball|p1a: Ursaluna\n|-supereffective|p1a: Ursaluna\n|-damage|p1a: Ursaluna|0 fnt\n|faint|p1a: Ursaluna\n|\n|upkeep\n|\n|t:|1699365485\n|switch|p1a: Moltres|Moltres-Galar, shiny|100\/100\n|turn|8\n|c|\u2606omegroudon|fair team\n|\n|t:|1699365492\n|move|p2a: Flutter Mane|Shadow Ball|p1a: Moltres\n|-resisted|p1a: Moltres\n|-damage|p1a: Moltres|78\/100\n|move|p1a: Moltres|Agility|p1a: Moltres\n|-boost|p1a: Moltres|spe|2\n|\n|upkeep\n|turn|9\n|\n|t:|1699365501\n|-end|p2a: Flutter Mane|Protosynthesis|[silent]\n|switch|p2a: Zacian|Zacian-Crowned|100\/100\n|-ability|p2a: Zacian|Intrepid Sword|boost\n|-boost|p2a: Zacian|atk|1\n|move|p1a: Moltres|Agility|p1a: Moltres\n|-boost|p1a: Moltres|spe|2\n|\n|upkeep\n|turn|10\n|\n|t:|1699365519\n|move|p1a: Moltres|Air Slash|p2a: Zacian\n|-resisted|p2a: Zacian\n|-crit|p2a: Zacian\n|-damage|p2a: Zacian|75\/100\n|cant|p2a: Zacian|flinch\n|\n|upkeep\n|turn|11\n|c|\u2606bringlepringle|wow\n|\n|t:|1699365528\n|move|p1a: Moltres|Air Slash|p2a: Zacian|[miss]\n|-miss|p1a: Moltres|p2a: Zacian\n|move|p2a: Zacian|Behemoth Blade|p1a: Moltres\n|-damage|p1a: Moltres|0 fnt\n|faint|p1a: Moltres\n|\n|upkeep\n|c|\u2606omegroudon|i love this game\n|c|\u2606bringlepringle|fair mon\n|\n|t:|1699365537\n|switch|p1a: Baxcalibur|Baxcalibur, M|100\/100\n|turn|12\n|\n|t:|1699365542\n|move|p2a: Zacian|Behemoth Blade|p1a: Baxcalibur\n|-supereffective|p1a: Baxcalibur\n|-damage|p1a: Baxcalibur|0 fnt\n|faint|p1a: Baxcalibur\n|\n|upkeep\n|n|\u203domegroudon|omegroudon\n|n|\u203dbringlepringle|bringlepringle\n|-message|omegroudon forfeited.\n|\n|win|bringlepringle\n","uploadtime":1699365553,"views":4,"p1id":"omegroudon","p2id":"bringlepringle","formatid":"gen9ubers","rating":0,"private":0,"password":""}