{"id":"gen9ubers-1997669664","p1":"RujandoruX","p2":"Sakatel","format":"[Gen 9] Ubers","log":"|j|\u2606RujandoruX\n|j|\u2606Sakatel\n|t:|1700839836\n|gametype|singles\n|player|p1|RujandoruX|101|\n|player|p2|Sakatel|101|\n|teamsize|p1|6\n|teamsize|p2|6\n|gen|9\n|tier|[Gen 9] Ubers\n|rule|Sleep Clause Mod: Limit one foe put to sleep\n|rule|Species Clause: Limit one of each Pok\u00e9mon\n|rule|OHKO Clause: OHKO moves are banned\n|rule|Evasion Items Clause: Evasion items are banned\n|rule|Evasion Moves Clause: Evasion moves are banned\n|rule|Endless Battle Clause: Forcing endless battles is banned\n|rule|HP Percentage Mod: HP is shown in percentages\n|clearpoke\n|poke|p1|Sneasler, F|\n|poke|p1|Bronzong|\n|poke|p1|Muk-Alola, F|\n|poke|p1|Donphan, F|\n|poke|p1|Persian-Alola, F|\n|poke|p1|Thundurus-Therian, M|\n|poke|p2|Meowscarada, F|\n|poke|p2|Goodra, F|\n|poke|p2|Glaceon, M|\n|poke|p2|Ogerpon-Wellspring, F|\n|poke|p2|Rotom-Wash|\n|poke|p2|Abomasnow, F|\n|teampreview\n|j| Damien Leruss\n|c|\u2606RujandoruX|glhf\n|j| Underrated Battler\n|\n|t:|1700839861\n|start\n|switch|p1a: Mitya|Bronzong|100\/100\n|switch|p2a: Meowscarada|Meowscarada, F|100\/100\n|turn|1\n|j| screencheaters\n|j| Elseworlda\n|j| PokeFAC\n|c| PokeFAC|peep this\n|c| PokeFAC|mitya mash\n|j| hunbb\n|\n|t:|1700839913\n|switch|p1a: Kajima|Persian-Alola, F, shiny|100\/100\n|move|p2a: Meowscarada|Power Gem|p1a: Kajima\n|-start|p2a: Meowscarada|typechange|Rock|[from] ability: Protean\n|-damage|p1a: Kajima|63\/100\n|\n|upkeep\n|turn|2\n|c|\u2606RujandoruX|completely unexpected\n|c| screencheaters|what the hell\n|c| PokeFAC|insane read\n|c| PokeFAC|out of this world\n|\n|t:|1700839970\n|switch|p2a: Goodra|Goodra, F|100\/100\n|move|p1a: Kajima|Fake Out|p2a: Goodra\n|-damage|p2a: Goodra|91\/100\n|\n|upkeep\n|turn|3\n|c| PokeFAC|nice fur coat IDIOT\n|\n|t:|1700839985\n|move|p2a: Goodra|Dragon Pulse|p1a: Kajima\n|-damage|p1a: Kajima|11\/100\n|move|p1a: Kajima|Parting Shot|p2a: Goodra\n|-unboost|p2a: Goodra|atk|1\n|-unboost|p2a: Goodra|spa|1\n|\n|t:|1700839992\n|switch|p1a: Mitya|Bronzong|100\/100|[from] Parting Shot\n|\n|upkeep\n|turn|4\n|c|\u2606RujandoruX|with scarfed goodra like\n|c| PokeFAC|you're cooked\n|c|\u2606RujandoruX|what am i witnessing\n|c| PokeFAC|you're just cooked\n|j| schmoepesci\n|c| PokeFAC|I'll meet you on the 0-2 bench come saturday bro\n|c| PokeFAC|sunday*\n|\n|t:|1700840059\n|switch|p2a: Meowscarada|Meowscarada, F|100\/100\n|move|p1a: Mitya|Light Screen|p1a: Mitya\n|-sidestart|p1: RujandoruX|move: Light Screen\n|\n|upkeep\n|turn|5\n|\n|t:|1700840071\n|move|p2a: Meowscarada|Brick Break|p1a: Mitya\n|-start|p2a: Meowscarada|typechange|Fighting|[from] ability: Protean\n|-sideend|p1: RujandoruX|move: Light Screen\n|-damage|p1a: Mitya|62\/100\n|move|p1a: Mitya|Reflect|p1a: Mitya\n|-sidestart|p1: RujandoruX|Reflect\n|\n|upkeep\n|turn|6\n|c| Elseworlda|Wow\n|l|\u2606Sakatel\n|player|p2|\n|c| Underrated Battler|forgot poke lost the battle of attrition\n|j|\u2606Sakatel\n|player|p2|Sakatel|101\n|c| Underrated Battler|we win.\n|c| Underrated Battler|oh.\n|c| PokeFAC|christ\n|c| schmoepesci|we?\n|c| Elseworlda|Gio's gone \ud83d\udc80\n|c| screencheaters|the only time overgrow > protean\n|c| PokeFAC|he's back already\n|c| PokeFAC|fym\n|c| PokeFAC|this bronzong is about to press steel bema\n|c| PokeFAC|beam\n|\n|t:|1700840132\n|switch|p1a: Yu|Muk-Alola, F, shiny|100\/100\n|move|p2a: Meowscarada|Brick Break|p1a: Yu\n|-sideend|p1: RujandoruX|Reflect\n|-damage|p1a: Yu|55\/100\n|\n|upkeep\n|turn|7\n|c| PokeFAC|HAHAHAHA HOLY **SHIT**\n|c| schmoepesci|through reflect?\n|\n|t:|1700840152\n|move|p2a: Meowscarada|Brick Break|p1a: Yu\n|-damage|p1a: Yu|12\/100\n|move|p1a: Yu|Knock Off|p2a: Meowscarada\n|-resisted|p2a: Meowscarada\n|-damage|p2a: Meowscarada|66\/100\n|-enditem|p2a: Meowscarada|Choice Band|[from] move: Knock Off|[of] p1a: Yu\n|\n|upkeep\n|turn|8\n|c| PokeFAC|reflect ignores screens\n|c| schmoepesci|the cat is free\n|l| hunbb\n|c| PokeFAC|brick break*\n|c| Underrated Battler|uncaged dog\n|c| PokeFAC|this cat is UNHINGED\n|\n|t:|1700840173\n|move|p2a: Meowscarada|Brick Break|p1a: Yu\n|-damage|p1a: Yu|0 fnt\n|faint|p1a: Yu\n|\n|upkeep\n|j| hunbb\n|c| schmoepesci|bluffing the cb after knock off\n|\n|t:|1700840197\n|switch|p1a: Zeke|Sneasler, F|100\/100\n|turn|9\n|c| screencheaters|uh oh cheaterrr\n|c|\u2606RujandoruX|damn actually\n|c| PokeFAC|gio came in this week SWINGING\n|c| Elseworlda|Big nugget fling unburden acrobatics\n|c| PokeFAC|peep this the cat knows extrasensory and is about to OHKO\n|\n|t:|1700840296\n|switch|p2a: Rotom|Rotom-Wash|100\/100\n|switch|p1a: Kajima|Persian-Alola, F, shiny|11\/100\n|\n|upkeep\n|turn|10\n|\n|t:|1700840310\n|move|p1a: Kajima|Fake Out|p2a: Rotom\n|-damage|p2a: Rotom|94\/100\n|cant|p2a: Rotom|flinch\n|\n|-heal|p2a: Rotom|100\/100|[from] item: Leftovers\n|upkeep\n|turn|11\n|\n|t:|1700840318\n|move|p1a: Kajima|Parting Shot|p2a: Rotom\n|-unboost|p2a: Rotom|atk|1\n|-unboost|p2a: Rotom|spa|1\n|c| schmoepesci|there's too many cats on both teams\n|\n|t:|1700840345\n|switch|p1a: Mitya|Bronzong|62\/100|[from] Parting Shot\n|move|p2a: Rotom|Volt Switch|p1a: Mitya\n|-damage|p1a: Mitya|48\/100\n|c| PokeFAC|amazing turn\n|\n|t:|1700840358\n|switch|p2a: Meowscarada|Meowscarada, F|66\/100|[from] Volt Switch\n|\n|upkeep\n|turn|12\n|c| schmoepesci|hide your bricks\n|\n|t:|1700840372\n|switch|p1a: Kajima|Persian-Alola, F, shiny|11\/100\n|move|p2a: Meowscarada|Brick Break|p1a: Kajima\n|-start|p2a: Meowscarada|typechange|Fighting|[from] ability: Protean\n|-supereffective|p1a: Kajima\n|-damage|p1a: Kajima|0 fnt\n|-damage|p2a: Meowscarada|50\/100|[from] item: Rocky Helmet|[of] p1a: Kajima\n|faint|p1a: Kajima\n|\n|upkeep\n|\n|t:|1700840387\n|switch|p1a: Syngianne|Thundurus-Therian, M|100\/100\n|turn|13\n|\n|t:|1700840419\n|-terastallize|p1a: Syngianne|Flying\n|-terastallize|p2a: Meowscarada|Ground\n|move|p1a: Syngianne|Tera Blast|p2a: Meowscarada|[anim] Tera Blast Flying\n|-crit|p2a: Meowscarada\n|-damage|p2a: Meowscarada|0 fnt\n|faint|p2a: Meowscarada\n|\n|upkeep\n|\n|t:|1700840429\n|switch|p2a: Glaceon|Glaceon, M|100\/100\n|turn|14\n|\n|t:|1700840442\n|switch|p1a: Mitya|Bronzong|48\/100\n|move|p2a: Glaceon|Ice Beam|p1a: Mitya\n|-resisted|p1a: Mitya\n|-damage|p1a: Mitya|30\/100\n|\n|upkeep\n|turn|15\n|c| screencheaters|steel beam!!!\n|\n|t:|1700840460\n|switch|p2a: Goodra|Goodra, F|91\/100\n|move|p1a: Mitya|Light Screen|p1a: Mitya\n|-sidestart|p1: RujandoruX|move: Light Screen\n|\n|upkeep\n|turn|16\n|\n|t:|1700840465\n|move|p2a: Goodra|Earthquake|p1a: Mitya\n|-immune|p1a: Mitya|[from] ability: Levitate\n|move|p1a: Mitya|Reflect|p1a: Mitya\n|-sidestart|p1: RujandoruX|Reflect\n|\n|upkeep\n|turn|17\n|c| Underrated Battler|...\n|\n|t:|1700840480\n|switch|p2a: Abomasnow|Abomasnow, F|100\/100\n|-weather|Snow|[from] ability: Snow Warning|[of] p2a: Abomasnow\n|move|p1a: Mitya|Stealth Rock|p2a: Abomasnow\n|-sidestart|p2: Sakatel|move: Stealth Rock\n|\n|-weather|Snow|[upkeep]\n|upkeep\n|turn|18\n|c| Underrated Battler|he had to test it\n|c| screencheaters|growth? :)\n|\n|t:|1700840510\n|switch|p1a: Zeke|Sneasler, F|100\/100\n|move|p2a: Abomasnow|Aurora Veil|p2a: Abomasnow\n|-sidestart|p2: Sakatel|move: Aurora Veil\n|\n|-weather|Snow|[upkeep]\n|upkeep\n|turn|19\n|\n|t:|1700840534\n|move|p1a: Zeke|Swords Dance|p1a: Zeke\n|-boost|p1a: Zeke|atk|2\n|move|p2a: Abomasnow|Earthquake|p1a: Zeke\n|-supereffective|p1a: Zeke\n|-damage|p1a: Zeke|50\/100\n|-enditem|p1a: Zeke|Kee Berry|[eat]\n|-boost|p1a: Zeke|def|1|[from] item: Kee Berry\n|\n|-weather|Snow|[upkeep]\n|upkeep\n|turn|20\n|c| screencheaters|:(\n|c| schmoepesci|sigh\n|c| Underrated Battler|gg\n|\n|t:|1700840552\n|move|p1a: Zeke|Close Combat|p2a: Abomasnow\n|-supereffective|p2a: Abomasnow\n|-damage|p2a: Abomasnow|8\/100\n|-unboost|p1a: Zeke|def|1\n|-unboost|p1a: Zeke|spd|1\n|move|p2a: Abomasnow|Earthquake|p1a: Zeke\n|-supereffective|p1a: Zeke\n|-damage|p1a: Zeke|0 fnt\n|faint|p1a: Zeke\n|\n|-weather|Snow|[upkeep]\n|-heal|p2a: Abomasnow|14\/100|[from] item: Leftovers\n|upkeep\n|c|\u2606RujandoruX|elite\n|c| Underrated Battler|EZ\n|c| schmoepesci|BYE BYE SNEASLER\n|c| screencheaters|damn\n|c| Underrated Battler|YAHOO\n|c| PokeFAC|LMAO\n|c| schmoepesci|fake mvp\n|c| Underrated Battler|that ice boost veil is cooking\n|c| Elseworlda|Fraud allegations getting real serious\n|c| schmoepesci|that was a head calc\n|\n|t:|1700840594\n|switch|p1a: Mitya|Bronzong|30\/100\n|turn|21\n|\n|t:|1700840617\n|move|p2a: Abomasnow|Earthquake|p1a: Mitya\n|-immune|p1a: Mitya|[from] ability: Levitate\n|move|p1a: Mitya|Grass Knot|p2a: Abomasnow\n|-resisted|p2a: Abomasnow\n|-damage|p2a: Abomasnow|9\/100\n|\n|-weather|none\n|-heal|p2a: Abomasnow|16\/100|[from] item: Leftovers\n|upkeep\n|turn|22\n|c| Elseworlda|Eq again\n|c| Elseworlda|I WAS KIDDING\n|c| Underrated Battler|AHAHAHHAHA\n|c| screencheaters|i want to use that word...\n|c| Damien Leruss|teehee\n|c| schmoepesci|the bell tolls\n|c| screencheaters|ends with an a\n|c| Elseworlda|Ninja\n|c|\u2606RujandoruX|damn\n|c| Underrated Battler|\"but then you said: 'THATS WHAT THE MASK IS', so i think you're a -\"\n|c|\u2606RujandoruX|really shoulda just sded again with the kee boost\n|c| PokeFAC|british cigar\n|\n|t:|1700840705\n|move|p2a: Abomasnow|Trailblaze|p1a: Mitya\n|-resisted|p1a: Mitya\n|-damage|p1a: Mitya|26\/100\n|-boost|p2a: Abomasnow|spe|1\n|move|p1a: Mitya|Grass Knot|p2a: Abomasnow\n|-resisted|p2a: Abomasnow\n|-damage|p2a: Abomasnow|11\/100\n|\n|-heal|p2a: Abomasnow|17\/100|[from] item: Leftovers\n|-sideend|p1: RujandoruX|move: Light Screen\n|-sideend|p2: Sakatel|move: Aurora Veil\n|upkeep\n|turn|23\n|c| screencheaters|@rujandorux yeah\n|c| Elseworlda|The snowman gets faster\n|c| PokeFAC|what the fuck are you grass knotting for bruh\n|\n|t:|1700840736\n|move|p2a: Abomasnow|Blizzard|p1a: Mitya\n|-resisted|p1a: Mitya\n|-damage|p1a: Mitya|13\/100\n|move|p1a: Mitya|Reflect||[still]\n|-fail|p1a: Mitya\n|\n|-heal|p2a: Abomasnow|23\/100|[from] item: Leftovers\n|-sideend|p1: RujandoruX|Reflect\n|upkeep\n|turn|24\n|c|\u2606RujandoruX|oops\n|\n|t:|1700840747\n|move|p2a: Abomasnow|Trailblaze|p1a: Mitya\n|-resisted|p1a: Mitya\n|-damage|p1a: Mitya|4\/100\n|-boost|p2a: Abomasnow|spe|1\n|move|p1a: Mitya|Light Screen|p1a: Mitya\n|-sidestart|p1: RujandoruX|move: Light Screen\n|\n|-heal|p2a: Abomasnow|30\/100|[from] item: Leftovers\n|upkeep\n|turn|25\n|\n|t:|1700840755\n|move|p2a: Abomasnow|Trailblaze|p1a: Mitya\n|-resisted|p1a: Mitya\n|-damage|p1a: Mitya|0 fnt\n|-boost|p2a: Abomasnow|spe|1\n|faint|p1a: Mitya\n|\n|-heal|p2a: Abomasnow|36\/100|[from] item: Leftovers\n|upkeep\n|c| PokeFAC|go hard thundurus rn\n|c| schmoepesci|the snowman is fast\n|\n|t:|1700840762\n|switch|p1a: Brenn|Donphan, F|100\/100\n|turn|26\n|\n|t:|1700840766\n|move|p2a: Abomasnow|Trailblaze|p1a: Brenn\n|-supereffective|p1a: Brenn\n|-damage|p1a: Brenn|64\/100\n|-boost|p2a: Abomasnow|spe|1\n|move|p1a: Brenn|Gunk Shot|p2a: Abomasnow\n|-supereffective|p2a: Abomasnow\n|-damage|p2a: Abomasnow|0 fnt\n|faint|p2a: Abomasnow\n|\n|upkeep\n|c| Elseworlda|The snowman is really fast\n|c| schmoepesci|huh\n|c| screencheaters|donphan sweep\n|\n|t:|1700840783\n|switch|p2a: Glaceon|Glaceon, M|100\/100\n|-damage|p2a: Glaceon|76\/100|[from] Stealth Rock\n|turn|27\n|c| Underrated Battler|sigh\n|\n|t:|1700840794\n|move|p2a: Glaceon|Ice Beam|p1a: Brenn\n|-supereffective|p1a: Brenn\n|-damage|p1a: Brenn|0 fnt\n|faint|p1a: Brenn\n|\n|upkeep\n|c| PokeFAC|donphan is already more of a poison type than cheesenel is\n|\n|t:|1700840801\n|switch|p1a: Syngianne|Thundurus-Therian, M, tera:Flying|100\/100\n|turn|28\n|c| screencheaters|agility rn\n|c|\u2606RujandoruX|sigh\n|c|\u2606RujandoruX|yeah i lost\n|c| Elseworlda|Peep the nasty plot sweep\n|c| Underrated Battler|gg\n|c|\u2606RujandoruX|gg\n|c| screencheaters|t-therian with prankster would be elite\n|\n|t:|1700840855\n|move|p1a: Syngianne|Thunderbolt|p2a: Glaceon\n|-damage|p2a: Glaceon|41\/100\n|move|p2a: Glaceon|Ice Beam|p1a: Syngianne\n|-supereffective|p1a: Syngianne\n|-damage|p1a: Syngianne|35\/100\n|-status|p1a: Syngianne|frz\n|\n|upkeep\n|turn|29\n|c| PokeFAC|WOW\n|\n|t:|1700840863\n|cant|p1a: Syngianne|frz\n|move|p2a: Glaceon|Ice Beam|p1a: Syngianne\n|-supereffective|p1a: Syngianne\n|-damage|p1a: Syngianne|0 fnt\n|faint|p1a: Syngianne\n|\n|win|Sakatel\n|c| Elseworlda|WOW\n|c| schmoepesci|chilly\n|c| schmoepesci|gg\n|c| Underrated Battler|contrary to popular belief this was a match\n|c| screencheaters|gio did it\n|l| hunbb\n|c| Elseworlda|Wassup with all the top players this season?\n|l| schmoepesci\n|l| Elseworlda\n","uploadtime":1700840874,"views":32,"p1id":"rujandorux","p2id":"sakatel","formatid":"gen9ubers","rating":0,"private":0,"password":""}