{"id":"gen9ubers-1969315127","p1":"Underhours","p2":"TheSilvySilv","format":"[Gen 9] Ubers","log":"|j|\u2606Underhours\n|j|\u2606TheSilvySilv\n|t:|1697513132\n|gametype|singles\n|player|p1|Underhours|brock-gen2|\n|player|p2|TheSilvySilv|ghetsis|\n|teamsize|p1|6\n|teamsize|p2|6\n|gen|9\n|tier|[Gen 9] Ubers\n|rule|Sleep Clause Mod: Limit one foe put to sleep\n|rule|Species Clause: Limit one of each Pok\u00e9mon\n|rule|OHKO Clause: OHKO moves are banned\n|rule|Evasion Items Clause: Evasion items are banned\n|rule|Evasion Moves Clause: Evasion moves are banned\n|rule|Endless Battle Clause: Forcing endless battles is banned\n|rule|HP Percentage Mod: HP is shown in percentages\n|clearpoke\n|poke|p1|Pelipper, F|\n|poke|p1|Arceus-Grass|\n|poke|p1|Palkia-Origin|\n|poke|p1|Magearna|\n|poke|p1|Zamazenta-*|\n|poke|p1|Basculegion-F, F|\n|poke|p2|Ninetales-Alola, M|\n|poke|p2|Arceus-Ice|\n|poke|p2|Dragapult, M|\n|poke|p2|Volcarona, M|\n|poke|p2|Landorus, M|\n|poke|p2|Zacian-*|\n|teampreview\n|inactive|Battle timer is ON: inactive players will automatically lose when time's up. (requested by Underhours)\n|\n|t:|1697513162\n|start\n|switch|p1a: Zamazenta|Zamazenta-Crowned|100\/100\n|switch|p2a: Arceus|Arceus-Ice|100\/100\n|-ability|p1a: Zamazenta|Dauntless Shield|boost\n|-boost|p1a: Zamazenta|def|1\n|turn|1\n|\n|t:|1697513171\n|switch|p2a: Landorus|Landorus, M|100\/100\n|move|p1a: Zamazenta|Behemoth Bash|p2a: Landorus\n|-damage|p2a: Landorus|53\/100\n|\n|upkeep\n|turn|2\n|\n|t:|1697513182\n|switch|p1a: Pelipper|Pelipper, F|100\/100\n|-weather|RainDance|[from] ability: Drizzle|[of] p1a: Pelipper\n|move|p2a: Landorus|Nasty Plot|p2a: Landorus\n|-boost|p2a: Landorus|spa|2\n|\n|-weather|RainDance|[upkeep]\n|upkeep\n|turn|3\n|\n|t:|1697513209\n|move|p2a: Landorus|Sludge Bomb|p1a: Pelipper\n|-damage|p1a: Pelipper|9\/100\n|move|p1a: Pelipper|Hurricane|p2a: Landorus\n|-damage|p2a: Landorus|7\/100\n|\n|-weather|RainDance|[upkeep]\n|upkeep\n|turn|4\n|inactive|Underhours has 270 seconds left.\n|\n|t:|1697513236\n|switch|p1a: Arceus|Arceus-Grass|100\/100\n|move|p2a: Landorus|Focus Blast|p1a: Arceus\n|-damage|p1a: Arceus|17\/100\n|\n|-weather|RainDance|[upkeep]\n|upkeep\n|turn|5\n|\n|t:|1697513243\n|move|p1a: Arceus|Judgment|p2a: Landorus\n|-damage|p2a: Landorus|0 fnt\n|faint|p2a: Landorus\n|\n|-weather|RainDance|[upkeep]\n|upkeep\n|\n|t:|1697513258\n|switch|p2a: Ninetales|Ninetales-Alola, M|100\/100\n|-weather|Snow|[from] ability: Snow Warning|[of] p2a: Ninetales\n|turn|6\n|\n|t:|1697513264\n|move|p1a: Arceus|Recover|p1a: Arceus\n|-heal|p1a: Arceus|67\/100\n|move|p2a: Ninetales|Freeze-Dry|p1a: Arceus\n|-supereffective|p1a: Arceus\n|-damage|p1a: Arceus|42\/100\n|\n|-weather|Snow|[upkeep]\n|upkeep\n|turn|7\n|inactive|Underhours has 270 seconds left.\n|\n|t:|1697513282\n|switch|p1a: Palkia|Palkia-Origin|100\/100\n|-ability|p1a: Palkia|Pressure\n|move|p2a: Ninetales|Aurora Veil|p2a: Ninetales\n|-sidestart|p2: TheSilvySilv|move: Aurora Veil\n|\n|-weather|Snow|[upkeep]\n|upkeep\n|turn|8\n|\n|t:|1697513290\n|switch|p1a: Zamazenta|Zamazenta-Crowned|100\/100\n|move|p2a: Ninetales|Encore||[still]\n|-fail|p2a: Ninetales\n|\n|-weather|Snow|[upkeep]\n|upkeep\n|turn|9\n|\n|t:|1697513299\n|move|p1a: Zamazenta|Iron Defense|p1a: Zamazenta\n|-boost|p1a: Zamazenta|def|2\n|move|p2a: Ninetales|Encore|p1a: Zamazenta\n|-start|p1a: Zamazenta|Encore\n|\n|-weather|Snow|[upkeep]\n|upkeep\n|turn|10\n|\n|t:|1697513302\n|switch|p2a: Volcarona|Volcarona, M|100\/100\n|move|p1a: Zamazenta|Iron Defense|p1a: Zamazenta\n|-boost|p1a: Zamazenta|def|2\n|\n|-weather|none\n|upkeep\n|turn|11\n|\n|t:|1697513324\n|switch|p1a: Palkia|Palkia-Origin|100\/100\n|-ability|p1a: Palkia|Pressure\n|move|p2a: Volcarona|Quiver Dance|p2a: Volcarona\n|-boost|p2a: Volcarona|spa|1\n|-boost|p2a: Volcarona|spd|1\n|-boost|p2a: Volcarona|spe|1\n|\n|upkeep\n|turn|12\n|\n|t:|1697513332\n|move|p2a: Volcarona|Quiver Dance|p2a: Volcarona\n|-boost|p2a: Volcarona|spa|1\n|-boost|p2a: Volcarona|spd|1\n|-boost|p2a: Volcarona|spe|1\n|move|p1a: Palkia|Substitute|p1a: Palkia\n|-start|p1a: Palkia|Substitute\n|-damage|p1a: Palkia|76\/100\n|\n|upkeep\n|turn|13\n|\n|t:|1697513346\n|-terastallize|p2a: Volcarona|Fairy\n|move|p2a: Volcarona|Quiver Dance|p2a: Volcarona\n|-boost|p2a: Volcarona|spa|1\n|-boost|p2a: Volcarona|spd|1\n|-boost|p2a: Volcarona|spe|1\n|move|p1a: Palkia|Hydro Pump|p2a: Volcarona\n|-damage|p2a: Volcarona|86\/100\n|\n|upkeep\n|turn|14\n|\n|t:|1697513357\n|switch|p1a: Pelipper|Pelipper, F|9\/100\n|-weather|RainDance|[from] ability: Drizzle|[of] p1a: Pelipper\n|move|p2a: Volcarona|Quiver Dance|p2a: Volcarona\n|-boost|p2a: Volcarona|spa|1\n|-boost|p2a: Volcarona|spd|1\n|-boost|p2a: Volcarona|spe|1\n|\n|-weather|RainDance|[upkeep]\n|-sideend|p2: TheSilvySilv|move: Aurora Veil\n|upkeep\n|turn|15\n|\n|t:|1697513365\n|switch|p1a: Arceus|Arceus-Grass|42\/100\n|move|p2a: Volcarona|Quiver Dance|p2a: Volcarona\n|-boost|p2a: Volcarona|spa|1\n|-boost|p2a: Volcarona|spd|1\n|-boost|p2a: Volcarona|spe|1\n|\n|-weather|RainDance|[upkeep]\n|upkeep\n|turn|16\n|\n|t:|1697513369\n|move|p2a: Volcarona|Tera Blast|p1a: Arceus|[anim] Tera Blast Fairy\n|-damage|p1a: Arceus|0 fnt\n|faint|p1a: Arceus\n|\n|-weather|RainDance|[upkeep]\n|upkeep\n|\n|t:|1697513382\n|switch|p1a: Zamazenta|Zamazenta-Crowned|100\/100\n|turn|17\n|\n|t:|1697513405\n|-terastallize|p1a: Zamazenta|Ghost\n|move|p2a: Volcarona|Tera Blast|p1a: Zamazenta|[anim] Tera Blast Fairy\n|-damage|p1a: Zamazenta|0 fnt\n|faint|p1a: Zamazenta\n|\n|-weather|RainDance|[upkeep]\n|upkeep\n|\n|t:|1697513412\n|switch|p1a: Magearna|Magearna|100\/100\n|turn|18\n|\n|t:|1697513415\n|move|p2a: Volcarona|Flamethrower|p1a: Magearna\n|-supereffective|p1a: Magearna\n|-damage|p1a: Magearna|0 fnt\n|faint|p1a: Magearna\n|\n|-weather|RainDance|[upkeep]\n|upkeep\n|\n|t:|1697513418\n|switch|p1a: Basculegion|Basculegion-F, F|100\/100\n|turn|19\n|c|\u2606TheSilvySilv|gg\n|\n|t:|1697513428\n|move|p1a: Basculegion|Aqua Jet|p2a: Volcarona\n|-damage|p2a: Volcarona|31\/100\n|-status|p1a: Basculegion|brn|[from] ability: Flame Body|[of] p2a: Volcarona\n|move|p2a: Volcarona|Tera Blast|p1a: Basculegion|[anim] Tera Blast Fairy\n|-damage|p1a: Basculegion|0 fnt\n|faint|p1a: Basculegion\n|\n|-weather|RainDance|[upkeep]\n|upkeep\n|\n|t:|1697513432\n|switch|p1a: Palkia|Palkia-Origin|76\/100\n|-ability|p1a: Palkia|Pressure\n|turn|20\n|\n|t:|1697513436\n|move|p2a: Volcarona|Giga Drain|p1a: Palkia\n|-damage|p1a: Palkia|0 fnt\n|-heal|p2a: Volcarona|67\/100|[from] drain|[of] p1a: Palkia\n|faint|p1a: Palkia\n|\n|-weather|RainDance|[upkeep]\n|upkeep\n|\n|t:|1697513438\n|switch|p1a: Pelipper|Pelipper, F|9\/100\n|turn|21\n|c|\u2606Underhours|gg\n|\n|t:|1697513442\n|move|p2a: Volcarona|Tera Blast|p1a: Pelipper|[anim] Tera Blast Fairy\n|-damage|p1a: Pelipper|0 fnt\n|faint|p1a: Pelipper\n|\n|win|TheSilvySilv\n","uploadtime":1697513444,"views":23,"p1id":"underhours","p2id":"thesilvysilv","formatid":"gen9ubers","rating":0,"private":0,"password":""}