{"id":"gen9ubers-1990524430","p1":"IceColdd","p2":"AlicieLizzie","format":"[Gen 9] Ubers","log":"|j|\u2606IceColdd\n|j|\u2606AlicieLizzie\n|t:|1699978551\n|gametype|singles\n|player|p1|IceColdd|guzma|\n|player|p2|AlicieLizzie|marnie-masters3|\n|teamsize|p1|6\n|teamsize|p2|6\n|gen|9\n|tier|[Gen 9] Ubers\n|rule|Sleep Clause Mod: Limit one foe put to sleep\n|rule|Species Clause: Limit one of each Pok\u00e9mon\n|rule|OHKO Clause: OHKO moves are banned\n|rule|Evasion Items Clause: Evasion items are banned\n|rule|Evasion Moves Clause: Evasion moves are banned\n|rule|Endless Battle Clause: Forcing endless battles is banned\n|rule|HP Percentage Mod: HP is shown in percentages\n|clearpoke\n|poke|p1|Landorus, M|\n|poke|p1|Flapple, F|\n|poke|p1|Dialga|\n|poke|p1|Ninetales-Alola, M|\n|poke|p1|Baxcalibur, M|\n|poke|p1|Cyclizar, F|\n|poke|p2|Cyclizar, M|\n|poke|p2|Jirachi|\n|poke|p2|Zacian-*|\n|poke|p2|Rillaboom, M|\n|poke|p2|Chi-Yu|\n|poke|p2|Palafin, F|\n|teampreview\n|inactive|Battle timer is ON: inactive players will automatically lose when time's up. (requested by IceColdd)\n|inactive|AlicieLizzie also wants the timer to be on.\n|c|\u2606IceColdd|gl hf\n|inactive|IceColdd has 270 seconds left.\n|\n|t:|1699978583\n|start\n|switch|p1a: Dialga|Dialga|100\/100\n|switch|p2a: Palafinal Fantasy|Palafin, F|100\/100\n|-ability|p1a: Dialga|Pressure\n|turn|1\n|\n|t:|1699978594\n|move|p2a: Palafinal Fantasy|Flip Turn|p1a: Dialga\n|-resisted|p1a: Dialga\n|-damage|p1a: Dialga|90\/100\n|\n|t:|1699978597\n|detailschange|p2a: Palafinal Fantasy|Palafin-Hero, F\n|switch|p2a: Donkey Kong|Rillaboom, M|100\/100|[from] Flip Turn\n|-fieldstart|move: Grassy Terrain|[from] ability: Grassy Surge|[of] p2a: Donkey Kong\n|move|p1a: Dialga|Thunderbolt|p2a: Donkey Kong\n|-resisted|p2a: Donkey Kong\n|-damage|p2a: Donkey Kong|84\/100\n|\n|-heal|p2a: Donkey Kong|90\/100|[from] Grassy Terrain\n|-heal|p1a: Dialga|96\/100|[from] Grassy Terrain\n|upkeep\n|turn|2\n|\n|t:|1699978602\n|move|p2a: Donkey Kong|Fake Out|p1a: Dialga\n|-resisted|p1a: Dialga\n|-damage|p1a: Dialga|91\/100\n|cant|p1a: Dialga|flinch\n|\n|-heal|p2a: Donkey Kong|96\/100|[from] Grassy Terrain\n|-heal|p1a: Dialga|97\/100|[from] Grassy Terrain\n|upkeep\n|turn|3\n|\n|t:|1699978616\n|move|p2a: Donkey Kong|Knock Off|p1a: Dialga\n|-damage|p1a: Dialga|72\/100\n|-enditem|p1a: Dialga|Assault Vest|[from] move: Knock Off|[of] p2a: Donkey Kong\n|move|p1a: Dialga|Draco Meteor|p2a: Donkey Kong\n|-damage|p2a: Donkey Kong|28\/100\n|-unboost|p1a: Dialga|spa|2\n|\n|-heal|p2a: Donkey Kong|34\/100|[from] Grassy Terrain\n|-heal|p1a: Dialga|78\/100|[from] Grassy Terrain\n|upkeep\n|turn|4\n|\n|t:|1699978630\n|move|p2a: Donkey Kong|U-turn|p1a: Dialga\n|-resisted|p1a: Dialga\n|-damage|p1a: Dialga|69\/100\n|\n|t:|1699978637\n|switch|p2a: Metal Gear Solid|Jirachi|100\/100|[from] U-turn\n|move|p1a: Dialga|Draco Meteor|p2a: Metal Gear Solid\n|-resisted|p2a: Metal Gear Solid\n|-damage|p2a: Metal Gear Solid|82\/100\n|-unboost|p1a: Dialga|spa|2\n|\n|-heal|p2a: Metal Gear Solid|88\/100|[from] Grassy Terrain\n|-heal|p1a: Dialga|75\/100|[from] Grassy Terrain\n|upkeep\n|turn|5\n|\n|t:|1699978661\n|switch|p1a: Landorus|Landorus, M|100\/100\n|move|p2a: Metal Gear Solid|Drain Punch|p1a: Landorus\n|-resisted|p1a: Landorus\n|-damage|p1a: Landorus|87\/100\n|-heal|p2a: Metal Gear Solid|94\/100|[from] drain|[of] p1a: Landorus\n|\n|-heal|p2a: Metal Gear Solid|99\/100|[from] Grassy Terrain\n|-fieldend|move: Grassy Terrain\n|upkeep\n|turn|6\n|\n|t:|1699978670\n|switch|p2a: Katamari|Cyclizar, M|100\/100\n|move|p1a: Landorus|Sandsear Storm|p2a: Katamari|[miss]\n|-miss|p1a: Landorus|p2a: Katamari\n|\n|upkeep\n|turn|7\n|\n|t:|1699978677\n|move|p2a: Katamari|Knock Off|p1a: Landorus\n|-damage|p1a: Landorus|61\/100\n|-enditem|p1a: Landorus|Life Orb|[from] move: Knock Off|[of] p2a: Katamari\n|move|p1a: Landorus|Gravity|p1a: Landorus\n|-fieldstart|move: Gravity\n|\n|upkeep\n|turn|8\n|\n|t:|1699978683\n|move|p2a: Katamari|Shed Tail|p2a: Katamari\n|-start|p2a: Katamari|Substitute|[from] move: Shed Tail\n|-damage|p2a: Katamari|50\/100\n|\n|t:|1699978685\n|switch|p2a: Palafinal Fantasy|Palafin-Hero, F|100\/100|[from] Shed Tail\n|-activate|p2a: Palafinal Fantasy|ability: Zero to Hero\n|move|p1a: Landorus|Focus Blast|p2a: Palafinal Fantasy\n|-end|p2a: Palafinal Fantasy|Substitute\n|\n|upkeep\n|turn|9\n|\n|t:|1699978707\n|switch|p1a: Flapple|Flapple, F|100\/100\n|move|p2a: Palafinal Fantasy|Jet Punch|p1a: Flapple\n|-resisted|p1a: Flapple\n|-damage|p1a: Flapple|82\/100\n|\n|upkeep\n|turn|10\n|\n|t:|1699978713\n|switch|p2a: Diablo|Chi-Yu|100\/100\n|-ability|p2a: Diablo|Beads of Ruin\n|move|p1a: Flapple|Dragon Dance|p1a: Flapple\n|-boost|p1a: Flapple|atk|1\n|-boost|p1a: Flapple|spe|1\n|\n|upkeep\n|turn|11\n|\n|t:|1699978730\n|move|p2a: Diablo|Overheat|p1a: Flapple\n|-damage|p1a: Flapple|0 fnt\n|-unboost|p2a: Diablo|spa|2\n|faint|p1a: Flapple\n|\n|-fieldend|move: Gravity\n|upkeep\n|inactive|IceColdd has 270 seconds left.\n|\n|t:|1699978752\n|switch|p1a: Cyclizar|Cyclizar, F|100\/100\n|turn|12\n|inactive|IceColdd has 270 seconds left.\n|\n|t:|1699978765\n|switch|p2a: Metal Gear Solid|Jirachi|99\/100\n|move|p1a: Cyclizar|Shed Tail|p1a: Cyclizar\n|-start|p1a: Cyclizar|Substitute|[from] move: Shed Tail\n|-damage|p1a: Cyclizar|50\/100\n|-enditem|p1a: Cyclizar|Sitrus Berry|[eat]\n|-heal|p1a: Cyclizar|75\/100|[from] item: Sitrus Berry\n|inactive|IceColdd has 270 seconds left.\n|\n|t:|1699978775\n|switch|p1a: Ninetales|Ninetales-Alola, M|100\/100|[from] Shed Tail\n|-weather|Snow|[from] ability: Snow Warning|[of] p1a: Ninetales\n|\n|-weather|Snow|[upkeep]\n|upkeep\n|turn|13\n|\n|t:|1699978780\n|move|p2a: Metal Gear Solid|Iron Head|p1a: Ninetales\n|-supereffective|p1a: Ninetales\n|-end|p1a: Ninetales|Substitute\n|move|p1a: Ninetales|Charm|p2a: Metal Gear Solid\n|-unboost|p2a: Metal Gear Solid|atk|2\n|\n|-weather|Snow|[upkeep]\n|upkeep\n|turn|14\n|inactive|IceColdd has 270 seconds left.\n|\n|t:|1699978796\n|move|p2a: Metal Gear Solid|Iron Head|p1a: Ninetales\n|-supereffective|p1a: Ninetales\n|-damage|p1a: Ninetales|48\/100\n|cant|p1a: Ninetales|flinch\n|\n|-weather|Snow|[upkeep]\n|upkeep\n|turn|15\n|\n|t:|1699978802\n|move|p2a: Metal Gear Solid|Iron Head|p1a: Ninetales\n|-supereffective|p1a: Ninetales\n|-damage|p1a: Ninetales|0 fnt\n|faint|p1a: Ninetales\n|\n|-weather|Snow|[upkeep]\n|upkeep\n|inactive|IceColdd has 270 seconds left.\n|\n|t:|1699978814\n|switch|p1a: Dialga|Dialga|75\/100\n|-ability|p1a: Dialga|Pressure\n|turn|16\n|\n|t:|1699978820\n|switch|p2a: Nintendogs|Zacian|100\/100\n|-ability|p2a: Nintendogs|Intrepid Sword|boost\n|-boost|p2a: Nintendogs|atk|1\n|move|p1a: Dialga|Earth Power|p2a: Nintendogs\n|-damage|p2a: Nintendogs|66\/100\n|\n|-weather|none\n|upkeep\n|turn|17\n|\n|t:|1699978830\n|switch|p1a: Landorus|Landorus, M|61\/100\n|move|p2a: Nintendogs|Close Combat|p1a: Landorus\n|-resisted|p1a: Landorus\n|-damage|p1a: Landorus|13\/100\n|-unboost|p2a: Nintendogs|def|1\n|-unboost|p2a: Nintendogs|spd|1\n|\n|upkeep\n|turn|18\n|\n|t:|1699978836\n|move|p2a: Nintendogs|Close Combat|p1a: Landorus\n|-resisted|p1a: Landorus\n|-damage|p1a: Landorus|0 fnt\n|-unboost|p2a: Nintendogs|def|1\n|-unboost|p2a: Nintendogs|spd|1\n|faint|p1a: Landorus\n|\n|upkeep\n|\n|t:|1699978853\n|switch|p1a: Baxcalibur|Baxcalibur, M|100\/100\n|turn|19\n|\n|t:|1699978864\n|switch|p1a: Cyclizar|Cyclizar, F|100\/100\n|move|p2a: Nintendogs|Close Combat|p1a: Cyclizar\n|-supereffective|p1a: Cyclizar\n|-damage|p1a: Cyclizar|0 fnt\n|-unboost|p2a: Nintendogs|def|1\n|-unboost|p2a: Nintendogs|spd|1\n|faint|p1a: Cyclizar\n|\n|upkeep\n|\n|t:|1699978869\n|switch|p1a: Dialga|Dialga|75\/100\n|-ability|p1a: Dialga|Pressure\n|turn|20\n|\n|t:|1699978871\n|move|p2a: Nintendogs|Close Combat|p1a: Dialga\n|-supereffective|p1a: Dialga\n|-damage|p1a: Dialga|0 fnt\n|-unboost|p2a: Nintendogs|def|1\n|-unboost|p2a: Nintendogs|spd|1\n|faint|p1a: Dialga\n|\n|upkeep\n|\n|t:|1699978873\n|switch|p1a: Baxcalibur|Baxcalibur, M|100\/100\n|turn|21\n|\n|t:|1699978875\n|move|p1a: Baxcalibur|Ice Shard|p2a: Nintendogs\n|-damage|p2a: Nintendogs|0 fnt\n|faint|p2a: Nintendogs\n|\n|upkeep\n|\n|t:|1699978880\n|switch|p2a: Donkey Kong|Rillaboom, M|34\/100\n|-fieldstart|move: Grassy Terrain|[from] ability: Grassy Surge|[of] p2a: Donkey Kong\n|turn|22\n|c|\u2606IceColdd|lessgo!!\n|c|\u2606IceColdd|18%\n|c|\u2606IceColdd|lost anyway though\n|\n|t:|1699978895\n|move|p2a: Donkey Kong|Fake Out|p1a: Baxcalibur\n|-damage|p1a: Baxcalibur|87\/100\n|cant|p1a: Baxcalibur|flinch\n|\n|-heal|p1a: Baxcalibur|93\/100|[from] Grassy Terrain\n|-heal|p2a: Donkey Kong|40\/100|[from] Grassy Terrain\n|upkeep\n|turn|23\n|\n|t:|1699978897\n|move|p1a: Baxcalibur|Icicle Spear|p2a: Donkey Kong\n|-supereffective|p2a: Donkey Kong\n|-damage|p2a: Donkey Kong|8\/100\n|-supereffective|p2a: Donkey Kong\n|-damage|p2a: Donkey Kong|0 fnt\n|faint|p2a: Donkey Kong\n|-hitcount|p2: Donkey Kong|2\n|\n|-heal|p1a: Baxcalibur|99\/100|[from] Grassy Terrain\n|upkeep\n|\n|t:|1699978901\n|switch|p2a: Metal Gear Solid|Jirachi|99\/100\n|turn|24\n|\n|t:|1699978906\n|move|p2a: Metal Gear Solid|Iron Head|p1a: Baxcalibur\n|-supereffective|p1a: Baxcalibur\n|-damage|p1a: Baxcalibur|31\/100\n|move|p1a: Baxcalibur|Scale Shot|p2a: Metal Gear Solid\n|-resisted|p2a: Metal Gear Solid\n|-damage|p2a: Metal Gear Solid|93\/100\n|-resisted|p2a: Metal Gear Solid\n|-damage|p2a: Metal Gear Solid|85\/100\n|-resisted|p2a: Metal Gear Solid\n|-damage|p2a: Metal Gear Solid|78\/100\n|-resisted|p2a: Metal Gear Solid\n|-damage|p2a: Metal Gear Solid|70\/100\n|-hitcount|p2a: Metal Gear Solid|4\n|-unboost|p1a: Baxcalibur|def|1\n|-boost|p1a: Baxcalibur|spe|1\n|\n|-heal|p2a: Metal Gear Solid|76\/100|[from] Grassy Terrain\n|-heal|p1a: Baxcalibur|37\/100|[from] Grassy Terrain\n|upkeep\n|turn|25\n|\n|t:|1699978911\n|move|p2a: Metal Gear Solid|Iron Head|p1a: Baxcalibur\n|-supereffective|p1a: Baxcalibur\n|-damage|p1a: Baxcalibur|0 fnt\n|faint|p1a: Baxcalibur\n|\n|win|AlicieLizzie\n|c|\u2606IceColdd|gg wp\n|c|\u2606AlicieLizzie|gg\n|l|\u2606IceColdd\n","uploadtime":1699978919,"views":7,"p1id":"icecoldd","p2id":"alicielizzie","formatid":"gen9ubers","rating":0,"private":0,"password":""}