{"id":"gen9ubers-1990268289","p1":"Steven Stone 007","p2":"1P1o1s1h1e1","format":"[Gen 9] Ubers","log":"|j|\u2606Steven Stone 007\n|j|\u26061P1o1s1h1e1\n|t:|1699947849\n|gametype|singles\n|player|p1|Steven Stone 007|steven|\n|player|p2|1P1o1s1h1e1|170|\n|teamsize|p1|6\n|teamsize|p2|6\n|gen|9\n|tier|[Gen 9] Ubers\n|rule|Sleep Clause Mod: Limit one foe put to sleep\n|rule|Species Clause: Limit one of each Pok\u00e9mon\n|rule|OHKO Clause: OHKO moves are banned\n|rule|Evasion Items Clause: Evasion items are banned\n|rule|Evasion Moves Clause: Evasion moves are banned\n|rule|Endless Battle Clause: Forcing endless battles is banned\n|rule|HP Percentage Mod: HP is shown in percentages\n|clearpoke\n|poke|p1|Ninetales-Alola, M|\n|poke|p1|Baxcalibur, M|\n|poke|p1|Cyclizar, M|\n|poke|p1|Magearna|\n|poke|p1|Zacian-*|\n|poke|p1|Arceus-Poison|\n|poke|p2|Slowking-Galar, F|\n|poke|p2|Blissey, F|\n|poke|p2|Cyclizar, M|\n|poke|p2|Quagsire, M|\n|poke|p2|Gholdengo|\n|poke|p2|Tyranitar, F|\n|teampreview\n|c|\u2606Steven Stone 007|GL\n|c|\u26061P1o1s1h1e1|u2\n|\n|t:|1699947875\n|start\n|switch|p1a: Cyclizar|Cyclizar, M|100\/100\n|switch|p2a: Slowking|Slowking-Galar, F|100\/100\n|turn|1\n|\n|t:|1699947896\n|move|p1a: Cyclizar|Shed Tail|p1a: Cyclizar\n|-start|p1a: Cyclizar|Substitute|[from] move: Shed Tail\n|-damage|p1a: Cyclizar|50\/100\n|\n|t:|1699947899\n|switch|p1a: Arceus|Arceus-Poison|100\/100|[from] Shed Tail\n|move|p2a: Slowking|Sludge Bomb|p1a: Arceus\n|-resisted|p1a: Arceus\n|-activate|p1a: Arceus|move: Substitute|[damage]\n|\n|upkeep\n|turn|2\n|\n|t:|1699947906\n|move|p1a: Arceus|Calm Mind|p1a: Arceus\n|-boost|p1a: Arceus|spa|1\n|-boost|p1a: Arceus|spd|1\n|move|p2a: Slowking|Toxic Spikes|p1a: Arceus\n|-sidestart|p1: Steven Stone 007|move: Toxic Spikes\n|\n|upkeep\n|turn|3\n|\n|t:|1699947911\n|switch|p2a: Tyranitar|Tyranitar, F|100\/100\n|-weather|Sandstorm|[from] ability: Sand Stream|[of] p2a: Tyranitar\n|move|p1a: Arceus|Calm Mind|p1a: Arceus\n|-boost|p1a: Arceus|spa|1\n|-boost|p1a: Arceus|spd|1\n|\n|-weather|Sandstorm|[upkeep]\n|-damage|p1a: Arceus|94\/100|[from] Sandstorm\n|upkeep\n|turn|4\n|\n|t:|1699947915\n|move|p1a: Arceus|Earth Power|p2a: Tyranitar\n|-supereffective|p2a: Tyranitar\n|-damage|p2a: Tyranitar|64\/100\n|move|p2a: Tyranitar|Roar|p1a: Arceus\n|drag|p1a: Cyclizar|Cyclizar, M|84\/100\n|-status|p1a: Cyclizar|psn\n|\n|-weather|Sandstorm|[upkeep]\n|-damage|p1a: Cyclizar|78\/100 psn|[from] Sandstorm\n|-heal|p2a: Tyranitar|71\/100|[from] item: Leftovers\n|-damage|p1a: Cyclizar|65\/100 psn|[from] psn\n|upkeep\n|turn|5\n|\n|t:|1699947928\n|move|p1a: Cyclizar|U-turn|p2a: Tyranitar\n|-supereffective|p2a: Tyranitar\n|-damage|p2a: Tyranitar|50\/100\n|\n|t:|1699947935\n|switch|p1a: Arceus|Arceus-Poison|94\/100|[from] U-turn\n|-sideend|p1: Steven Stone 007|move: Toxic Spikes|[of] p1a: Arceus\n|move|p2a: Tyranitar|Stealth Rock|p1a: Arceus\n|-sidestart|p1: Steven Stone 007|move: Stealth Rock\n|\n|-weather|Sandstorm|[upkeep]\n|-damage|p1a: Arceus|88\/100|[from] Sandstorm\n|-heal|p2a: Tyranitar|56\/100|[from] item: Leftovers\n|upkeep\n|turn|6\n|\n|t:|1699947945\n|switch|p2a: Blissey|Blissey, F|100\/100\n|move|p1a: Arceus|Earth Power|p2a: Blissey\n|-damage|p2a: Blissey|93\/100\n|-unboost|p2a: Blissey|spd|1\n|\n|-weather|Sandstorm|[upkeep]\n|-damage|p1a: Arceus|82\/100|[from] Sandstorm\n|-damage|p2a: Blissey|87\/100|[from] Sandstorm\n|upkeep\n|turn|7\n|\n|t:|1699947974\n|switch|p1a: Cyclizar|Cyclizar, M|98\/100 psn\n|-damage|p1a: Cyclizar|86\/100 psn|[from] Stealth Rock\n|move|p2a: Blissey|Calm Mind|p2a: Blissey\n|-boost|p2a: Blissey|spa|1\n|-boost|p2a: Blissey|spd|1\n|\n|-weather|none\n|-damage|p1a: Cyclizar|73\/100 psn|[from] psn\n|upkeep\n|turn|8\n|\n|t:|1699947985\n|move|p1a: Cyclizar|Shed Tail|p1a: Cyclizar\n|-start|p1a: Cyclizar|Substitute|[from] move: Shed Tail\n|-damage|p1a: Cyclizar|23\/100 psn\n|\n|t:|1699947990\n|switch|p1a: Magearna|Magearna|100\/100|[from] Shed Tail\n|-damage|p1a: Magearna|94\/100|[from] Stealth Rock\n|move|p2a: Blissey|Seismic Toss|p1a: Magearna\n|-end|p1a: Magearna|Substitute\n|\n|-heal|p1a: Magearna|100\/100|[from] item: Leftovers\n|upkeep\n|turn|9\n|\n|t:|1699947998\n|move|p1a: Magearna|Spikes|p2a: Blissey\n|-sidestart|p2: 1P1o1s1h1e1|Spikes\n|move|p2a: Blissey|Calm Mind|p2a: Blissey\n|-boost|p2a: Blissey|spa|1\n|-boost|p2a: Blissey|spd|1\n|\n|upkeep\n|turn|10\n|\n|t:|1699948011\n|move|p1a: Magearna|Encore|p2a: Blissey\n|-start|p2a: Blissey|Encore\n|move|p2a: Blissey|Calm Mind|p2a: Blissey\n|-boost|p2a: Blissey|spa|1\n|-boost|p2a: Blissey|spd|1\n|\n|upkeep\n|turn|11\n|\n|t:|1699948019\n|switch|p2a: Tyranitar|Tyranitar, F|56\/100\n|-damage|p2a: Tyranitar|44\/100|[from] Spikes\n|-weather|Sandstorm|[from] ability: Sand Stream|[of] p2a: Tyranitar\n|move|p1a: Magearna|Spikes|p2a: Tyranitar\n|-sidestart|p2: 1P1o1s1h1e1|Spikes\n|\n|-weather|Sandstorm|[upkeep]\n|-heal|p2a: Tyranitar|50\/100|[from] item: Leftovers\n|upkeep\n|turn|12\n|\n|t:|1699948026\n|move|p1a: Magearna|Fleur Cannon|p2a: Tyranitar\n|-supereffective|p2a: Tyranitar\n|-damage|p2a: Tyranitar|1\/100\n|-unboost|p1a: Magearna|spa|2\n|move|p2a: Tyranitar|Knock Off|p1a: Magearna\n|-resisted|p1a: Magearna\n|-damage|p1a: Magearna|83\/100\n|-enditem|p1a: Magearna|Leftovers|[from] move: Knock Off|[of] p2a: Tyranitar\n|\n|-weather|Sandstorm|[upkeep]\n|-heal|p2a: Tyranitar|7\/100|[from] item: Leftovers\n|upkeep\n|turn|13\n|\n|t:|1699948049\n|switch|p2a: Blissey|Blissey, F|87\/100\n|move|p1a: Magearna|Fleur Cannon|p2a: Blissey\n|-damage|p2a: Blissey|77\/100\n|-unboost|p1a: Magearna|spa|2\n|\n|-weather|Sandstorm|[upkeep]\n|-damage|p2a: Blissey|71\/100|[from] Sandstorm\n|upkeep\n|turn|14\n|\n|t:|1699948065\n|move|p1a: Magearna|Spikes|p2a: Blissey\n|-sidestart|p2: 1P1o1s1h1e1|Spikes\n|move|p2a: Blissey|Seismic Toss|p1a: Magearna\n|-damage|p1a: Magearna|56\/100\n|\n|-weather|Sandstorm|[upkeep]\n|-damage|p2a: Blissey|64\/100|[from] Sandstorm\n|upkeep\n|turn|15\n|\n|t:|1699948077\n|switch|p1a: Cyclizar|Cyclizar, M|56\/100 psn\n|-damage|p1a: Cyclizar|44\/100 psn|[from] Stealth Rock\n|switch|p2a: Cyclizar|Cyclizar, M|100\/100\n|\n|-weather|none\n|-damage|p1a: Cyclizar|31\/100 psn|[from] psn\n|upkeep\n|turn|16\n|\n|t:|1699948085\n|move|p1a: Cyclizar|Draco Meteor|p2a: Cyclizar\n|-supereffective|p2a: Cyclizar\n|-damage|p2a: Cyclizar|0 fnt\n|-unboost|p1a: Cyclizar|spa|2\n|faint|p2a: Cyclizar\n|\n|-damage|p1a: Cyclizar|19\/100 psn|[from] psn\n|upkeep\n|\n|t:|1699948093\n|switch|p2a: Gholdengo|Gholdengo|100\/100\n|-damage|p2a: Gholdengo|76\/100|[from] Spikes\n|turn|17\n|\n|t:|1699948103\n|switch|p1a: Magearna|Magearna|56\/100\n|-damage|p1a: Magearna|50\/100|[from] Stealth Rock\n|move|p2a: Gholdengo|Nasty Plot|p2a: Gholdengo\n|-boost|p2a: Gholdengo|spa|2\n|\n|-heal|p2a: Gholdengo|82\/100|[from] item: Leftovers\n|upkeep\n|turn|18\n|\n|t:|1699948139\n|move|p2a: Gholdengo|Make It Rain|p1a: Magearna\n|-damage|p1a: Magearna|0 fnt\n|-unboost|p2a: Gholdengo|spa|1\n|faint|p1a: Magearna\n|\n|-heal|p2a: Gholdengo|88\/100|[from] item: Leftovers\n|upkeep\n|\n|t:|1699948149\n|switch|p1a: Zacian|Zacian|100\/100\n|-ability|p1a: Zacian|Intrepid Sword|boost\n|-boost|p1a: Zacian|atk|1\n|turn|19\n|\n|t:|1699948184\n|-terastallize|p1a: Zacian|Fire\n|move|p1a: Zacian|Tera Blast|p2a: Gholdengo|[anim] Tera Blast Fire\n|-supereffective|p2a: Gholdengo\n|-damage|p2a: Gholdengo|0 fnt\n|faint|p2a: Gholdengo\n|\n|upkeep\n|\n|t:|1699948189\n|switch|p2a: Quagsire|Quagsire, M|100\/100\n|turn|20\n|\n|t:|1699948206\n|switch|p1a: Cyclizar|Cyclizar, M|52\/100 psn\n|-damage|p1a: Cyclizar|39\/100 psn|[from] Stealth Rock\n|-terastallize|p2a: Quagsire|Poison\n|move|p2a: Quagsire|Earthquake|p1a: Cyclizar\n|-damage|p1a: Cyclizar|0 fnt\n|faint|p1a: Cyclizar\n|\n|upkeep\n|\n|t:|1699948218\n|switch|p1a: Baxcalibur|Baxcalibur, M|100\/100\n|-damage|p1a: Baxcalibur|76\/100|[from] Stealth Rock\n|turn|21\n|\n|t:|1699948222\n|move|p1a: Baxcalibur|Earthquake|p2a: Quagsire\n|-supereffective|p2a: Quagsire\n|-damage|p2a: Quagsire|46\/100\n|move|p2a: Quagsire|Toxic|p1a: Baxcalibur\n|-status|p1a: Baxcalibur|tox\n|\n|-damage|p1a: Baxcalibur|70\/100 tox|[from] psn\n|upkeep\n|turn|22\n|\n|t:|1699948239\n|move|p1a: Baxcalibur|Earthquake|p2a: Quagsire\n|-supereffective|p2a: Quagsire\n|-damage|p2a: Quagsire|0 fnt\n|faint|p2a: Quagsire\n|\n|-damage|p1a: Baxcalibur|57\/100 tox|[from] psn\n|upkeep\n|\n|t:|1699948248\n|switch|p2a: Slowking|Slowking-Galar, F|100\/100\n|-damage|p2a: Slowking|76\/100|[from] Spikes\n|turn|23\n|\n|t:|1699948266\n|move|p1a: Baxcalibur|Earthquake|p2a: Slowking\n|-supereffective|p2a: Slowking\n|-damage|p2a: Slowking|18\/100\n|move|p2a: Slowking|Sludge Bomb|p1a: Baxcalibur\n|-damage|p1a: Baxcalibur|22\/100 tox\n|\n|-damage|p1a: Baxcalibur|3\/100 tox|[from] psn\n|upkeep\n|turn|24\n|\n|t:|1699948274\n|switch|p2a: Tyranitar|Tyranitar, F|7\/100\n|-damage|p2a: Tyranitar|0 fnt|[from] Spikes\n|faint|p2a: Tyranitar\n|move|p1a: Baxcalibur|Icicle Spear|p2: Tyranitar|[notarget]\n|-fail|p1a: Baxcalibur\n|\n|-damage|p1a: Baxcalibur|0 fnt|[from] psn\n|faint|p1a: Baxcalibur\n|upkeep\n|\n|t:|1699948278\n|switch|p1a: Zacian|Zacian, tera:Fire|100\/100\n|switch|p2a: Slowking|Slowking-Galar, F|52\/100\n|-damage|p2a: Slowking|27\/100|[from] Spikes\n|turn|25\n|-message|1P1o1s1h1e1 forfeited.\n|\n|win|Steven Stone 007\n|c|\u2606Steven Stone 007|GG\n","uploadtime":1699948288,"views":42,"p1id":"stevenstone007","p2id":"1p1o1s1h1e1","formatid":"gen9ubers","rating":0,"private":0,"password":""}