{"id":"gen9ubers-1968504855","p1":"BlackAceX19","p2":"something482","format":"[Gen 9] Ubers","log":"|j|\u2606BlackAceX19\n|j|\u2606something482\n|t:|1697425925\n|gametype|singles\n|player|p1|BlackAceX19|wally-masters|\n|player|p2|something482|victor|\n|teamsize|p1|6\n|teamsize|p2|6\n|gen|9\n|tier|[Gen 9] Ubers\n|rule|Sleep Clause Mod: Limit one foe put to sleep\n|rule|Species Clause: Limit one of each Pok\u00e9mon\n|rule|OHKO Clause: OHKO moves are banned\n|rule|Evasion Items Clause: Evasion items are banned\n|rule|Evasion Moves Clause: Evasion moves are banned\n|rule|Endless Battle Clause: Forcing endless battles is banned\n|rule|HP Percentage Mod: HP is shown in percentages\n|clearpoke\n|poke|p1|Amoonguss, F|\n|poke|p1|Iron Bundle|\n|poke|p1|Kommo-o, M|\n|poke|p1|Infernape, F|\n|poke|p1|Ninetales-Alola, F|\n|poke|p1|Garganacl, M|\n|poke|p2|Chien-Pao|\n|poke|p2|Cinderace, M|\n|poke|p2|Dragapult, M|\n|poke|p2|Ursaluna, M|\n|poke|p2|Gholdengo|\n|poke|p2|Glimmora, F|\n|teampreview\n|c|\u2606something482|hey hey! gl hf\n|c|\u2606BlackAceX19|gl hf\n|c|\u2606something482|just dropped the link in chat\n|c|\u2606something482|should we wait for people or jump in\n|c|\u2606BlackAceX19|we can give them a few mins\n|c|\u2606something482|sounds good\n|j| Smoocheh\n|l| Smoocheh\n|j| Smoocheh\n|c|\u2606BlackAceX19|im good to go\n|c|\u2606something482|same\n|\n|t:|1697426095\n|start\n|switch|p1a: Garganacl|Garganacl, M|100\/100\n|switch|p2a: Rawk|Glimmora, F|100\/100\n|turn|1\n|\n|t:|1697426135\n|switch|p2a: Terra|Ursaluna, M, shiny|100\/100\n|move|p1a: Garganacl|Salt Cure|p2a: Terra\n|-resisted|p2a: Terra\n|-damage|p2a: Terra|96\/100\n|-start|p2a: Terra|Salt Cure\n|\n|-heal|p2a: Terra|100\/100|[from] item: Leftovers\n|-damage|p2a: Terra|88\/100|[from] Salt Cure\n|upkeep\n|turn|2\n|\n|t:|1697426152\n|switch|p1a: Amoonguss|Amoonguss, F, shiny|100\/100\n|move|p2a: Terra|Drain Punch|p1a: Amoonguss\n|-resisted|p1a: Amoonguss\n|-damage|p1a: Amoonguss|91\/100\n|-heal|p2a: Terra|92\/100|[from] drain|[of] p1a: Amoonguss\n|-damage|p2a: Terra|76\/100|[from] item: Rocky Helmet|[of] p1a: Amoonguss\n|\n|-heal|p2a: Terra|82\/100|[from] item: Leftovers\n|-damage|p2a: Terra|69\/100|[from] Salt Cure\n|upkeep\n|turn|3\n|\n|t:|1697426166\n|switch|p2a: Rawk|Glimmora, F|100\/100\n|move|p1a: Amoonguss|Foul Play|p2a: Rawk\n|-damage|p2a: Rawk|85\/100\n|-activate|p2a: Rawk|ability: Toxic Debris\n|-sidestart|p1: BlackAceX19|move: Toxic Spikes\n|\n|upkeep\n|turn|4\n|\n|t:|1697426177\n|switch|p1a: Garganacl|Garganacl, M|100\/100\n|move|p2a: Rawk|Stealth Rock|p1a: Garganacl\n|-sidestart|p1: BlackAceX19|move: Stealth Rock\n|\n|upkeep\n|turn|5\n|\n|t:|1697426195\n|move|p2a: Rawk|Sludge Wave|p1a: Garganacl\n|-resisted|p1a: Garganacl\n|-damage|p1a: Garganacl|84\/100\n|move|p1a: Garganacl|Stealth Rock|p2a: Rawk\n|-sidestart|p2: something482|move: Stealth Rock\n|\n|-heal|p1a: Garganacl|90\/100|[from] item: Leftovers\n|upkeep\n|turn|6\n|\n|t:|1697426207\n|move|p2a: Rawk|Mortal Spin|p1a: Garganacl\n|-resisted|p1a: Garganacl\n|-damage|p1a: Garganacl|88\/100\n|-sideend|p2: something482|Stealth Rock|[from] move: Mortal Spin|[of] p2a: Rawk\n|move|p1a: Garganacl|Body Press|p2a: Rawk\n|-damage|p2a: Rawk|59\/100\n|-activate|p2a: Rawk|ability: Toxic Debris\n|-sidestart|p1: BlackAceX19|move: Toxic Spikes\n|\n|-heal|p1a: Garganacl|94\/100|[from] item: Leftovers\n|upkeep\n|turn|7\n|\n|t:|1697426217\n|switch|p2a: Terra|Ursaluna, M, shiny|69\/100\n|move|p1a: Garganacl|Salt Cure|p2a: Terra\n|-resisted|p2a: Terra\n|-damage|p2a: Terra|64\/100\n|-start|p2a: Terra|Salt Cure\n|\n|-heal|p2a: Terra|71\/100|[from] item: Leftovers\n|-heal|p1a: Garganacl|100\/100|[from] item: Leftovers\n|-damage|p2a: Terra|58\/100|[from] Salt Cure\n|upkeep\n|turn|8\n|\n|t:|1697426244\n|switch|p1a: Amoonguss|Amoonguss, F, shiny|100\/100\n|-sideend|p1: BlackAceX19|move: Toxic Spikes|[of] p1a: Amoonguss\n|-damage|p1a: Amoonguss|88\/100|[from] Stealth Rock\n|move|p2a: Terra|Headlong Rush|p1a: Amoonguss\n|-damage|p1a: Amoonguss|38\/100\n|-unboost|p2a: Terra|def|1\n|-unboost|p2a: Terra|spd|1\n|-damage|p2a: Terra|41\/100|[from] item: Rocky Helmet|[of] p1a: Amoonguss\n|\n|-heal|p2a: Terra|48\/100|[from] item: Leftovers\n|-damage|p2a: Terra|35\/100|[from] Salt Cure\n|upkeep\n|turn|9\n|j| Willish6634\n|\n|t:|1697426258\n|switch|p2a: Rawk|Glimmora, F|59\/100\n|move|p1a: Amoonguss|Spore|p2a: Rawk\n|-status|p2a: Rawk|slp|[from] move: Spore\n|\n|upkeep\n|turn|10\n|\n|t:|1697426266\n|cant|p2a: Rawk|slp\n|move|p1a: Amoonguss|Leaf Storm|p2a: Rawk\n|-damage|p2a: Rawk|6\/100 slp\n|-unboost|p1a: Amoonguss|spa|2\n|\n|upkeep\n|turn|11\n|\n|t:|1697426272\n|switch|p1a: Garganacl|Garganacl, M|100\/100\n|-damage|p1a: Garganacl|88\/100|[from] Stealth Rock\n|-curestatus|p2a: Rawk|slp|[msg]\n|move|p2a: Rawk|Sludge Wave|p1a: Garganacl\n|-resisted|p1a: Garganacl\n|-damage|p1a: Garganacl|71\/100\n|\n|-heal|p1a: Garganacl|77\/100|[from] item: Leftovers\n|upkeep\n|turn|12\n|\n|t:|1697426284\n|move|p2a: Rawk|Sludge Wave|p1a: Garganacl\n|-resisted|p1a: Garganacl\n|-damage|p1a: Garganacl|61\/100\n|move|p1a: Garganacl|Stealth Rock|p2a: Rawk\n|-sidestart|p2: something482|move: Stealth Rock\n|\n|-heal|p1a: Garganacl|68\/100|[from] item: Leftovers\n|upkeep\n|turn|13\n|j| Judgieiscool\n|\n|t:|1697426290\n|move|p2a: Rawk|Mortal Spin|p1a: Garganacl\n|-resisted|p1a: Garganacl\n|-damage|p1a: Garganacl|65\/100\n|-sideend|p2: something482|Stealth Rock|[from] move: Mortal Spin|[of] p2a: Rawk\n|move|p1a: Garganacl|Salt Cure|p2a: Rawk\n|-damage|p2a: Rawk|0 fnt\n|-activate|p2a: Rawk|ability: Toxic Debris\n|-sidestart|p1: BlackAceX19|move: Toxic Spikes\n|faint|p2a: Rawk\n|\n|-heal|p1a: Garganacl|72\/100|[from] item: Leftovers\n|upkeep\n|\n|t:|1697426307\n|switch|p2a: Terra|Ursaluna, M, shiny|35\/100\n|turn|14\n|\n|t:|1697426314\n|switch|p1a: Amoonguss|Amoonguss, F, shiny|71\/100\n|-damage|p1a: Amoonguss|59\/100|[from] Stealth Rock\n|-sideend|p1: BlackAceX19|move: Toxic Spikes|[of] p1a: Amoonguss\n|move|p2a: Terra|Headlong Rush|p1a: Amoonguss\n|-damage|p1a: Amoonguss|15\/100\n|-unboost|p2a: Terra|def|1\n|-unboost|p2a: Terra|spd|1\n|-damage|p2a: Terra|19\/100|[from] item: Rocky Helmet|[of] p1a: Amoonguss\n|\n|-heal|p2a: Terra|25\/100|[from] item: Leftovers\n|upkeep\n|turn|15\n|\n|t:|1697426327\n|move|p2a: Terra|Drain Punch|p1a: Amoonguss\n|-resisted|p1a: Amoonguss\n|-damage|p1a: Amoonguss|5\/100\n|-heal|p2a: Terra|30\/100|[from] drain|[of] p1a: Amoonguss\n|-damage|p2a: Terra|13\/100|[from] item: Rocky Helmet|[of] p1a: Amoonguss\n|move|p1a: Amoonguss|Leaf Storm|p2a: Terra\n|-supereffective|p2a: Terra\n|-damage|p2a: Terra|0 fnt\n|-unboost|p1a: Amoonguss|spa|2\n|faint|p2a: Terra\n|\n|upkeep\n|\n|t:|1697426341\n|switch|p2a: Mercury|Cinderace, M, shiny|100\/100\n|turn|16\n|\n|t:|1697426346\n|switch|p1a: Garganacl|Garganacl, M|72\/100\n|-damage|p1a: Garganacl|59\/100|[from] Stealth Rock\n|move|p2a: Mercury|U-turn|p1a: Garganacl\n|-start|p2a: Mercury|typechange|Bug|[from] ability: Libero\n|-damage|p1a: Garganacl|32\/100\n|-damage|p2a: Mercury|91\/100|[from] item: Life Orb\n|\n|t:|1697426365\n|switch|p2a: Lion-O|Chien-Pao|100\/100|[from] U-turn\n|-ability|p2a: Lion-O|Sword of Ruin\n|\n|-heal|p1a: Garganacl|38\/100|[from] item: Leftovers\n|upkeep\n|turn|17\n|\n|t:|1697426387\n|move|p2a: Lion-O|Brick Break|p1a: Garganacl\n|-supereffective|p1a: Garganacl\n|-damage|p1a: Garganacl|0 fnt\n|faint|p1a: Garganacl\n|\n|upkeep\n|\n|t:|1697426394\n|switch|p1a: Ninetales|Ninetales-Alola, F|100\/100\n|-damage|p1a: Ninetales|76\/100|[from] Stealth Rock\n|-weather|Snow|[from] ability: Snow Warning|[of] p1a: Ninetales\n|turn|18\n|\n|t:|1697426432\n|switch|p2a: Mercury|Cinderace, M, shiny|91\/100\n|move|p1a: Ninetales|Aurora Veil|p1a: Ninetales\n|-sidestart|p1: BlackAceX19|move: Aurora Veil\n|\n|-weather|Snow|[upkeep]\n|upkeep\n|turn|19\n|\n|t:|1697426468\n|switch|p1a: Amoonguss|Amoonguss, F, shiny|38\/100\n|-damage|p1a: Amoonguss|26\/100|[from] Stealth Rock\n|move|p2a: Mercury|Iron Head|p1a: Amoonguss\n|-start|p2a: Mercury|typechange|Steel|[from] ability: Libero\n|-damage|p1a: Amoonguss|8\/100\n|-damage|p2a: Mercury|74\/100|[from] item: Rocky Helmet|[of] p1a: Amoonguss\n|-damage|p2a: Mercury|64\/100|[from] item: Life Orb\n|\n|-weather|Snow|[upkeep]\n|upkeep\n|turn|20\n|\n|t:|1697426488\n|move|p2a: Mercury|Iron Head|p1a: Amoonguss\n|-damage|p1a: Amoonguss|0 fnt\n|-damage|p2a: Mercury|47\/100|[from] item: Rocky Helmet|[of] p1a: Amoonguss\n|faint|p1a: Amoonguss\n|-damage|p2a: Mercury|37\/100|[from] item: Life Orb\n|\n|-weather|Snow|[upkeep]\n|upkeep\n|\n|t:|1697426490\n|switch|p1a: Kommo-o|Kommo-o, M|100\/100\n|-damage|p1a: Kommo-o|94\/100|[from] Stealth Rock\n|turn|21\n|j| ampharosaunt11\n|\n|t:|1697426545\n|move|p2a: Mercury|U-turn|p1a: Kommo-o\n|-resisted|p1a: Kommo-o\n|-damage|p1a: Kommo-o|87\/100\n|-damage|p2a: Mercury|27\/100|[from] item: Life Orb\n|\n|t:|1697426549\n|switch|p2a: Nyoom|Dragapult, M, shiny|100\/100|[from] U-turn\n|move|p1a: Kommo-o|Clangorous Soul|p1a: Kommo-o\n|-boost|p1a: Kommo-o|atk|1\n|-boost|p1a: Kommo-o|def|1\n|-boost|p1a: Kommo-o|spa|1\n|-boost|p1a: Kommo-o|spd|1\n|-boost|p1a: Kommo-o|spe|1\n|-damage|p1a: Kommo-o|54\/100\n|\n|-weather|Snow|[upkeep]\n|upkeep\n|turn|22\n|\n|t:|1697426578\n|-terastallize|p1a: Kommo-o|Fighting\n|-terastallize|p2a: Nyoom|Steel\n|move|p1a: Kommo-o|Shadow Claw|p2a: Nyoom\n|-damage|p2a: Nyoom|67\/100\n|move|p2a: Nyoom|Dragon Darts|p1a: Kommo-o\n|-crit|p1a: Kommo-o\n|-damage|p1a: Kommo-o|26\/100\n|-anim|p2a: Nyoom|Dragon Darts|p1a: Kommo-o\n|-damage|p1a: Kommo-o|13\/100\n|\n|-weather|none\n|-heal|p2a: Nyoom|73\/100|[from] item: Leftovers\n|upkeep\n|turn|23\n|\n|t:|1697426588\n|move|p1a: Kommo-o|Drain Punch|p2a: Nyoom\n|-supereffective|p2a: Nyoom\n|-damage|p2a: Nyoom|0 fnt\n|-heal|p1a: Kommo-o|61\/100|[from] drain|[of] p2a: Nyoom\n|faint|p2a: Nyoom\n|\n|upkeep\n|\n|t:|1697426597\n|switch|p2a: Lion-O|Chien-Pao|100\/100\n|-ability|p2a: Lion-O|Sword of Ruin\n|turn|24\n|\n|t:|1697426606\n|switch|p2a: DaveNBusters|Gholdengo|100\/100\n|move|p1a: Kommo-o|Drain Punch|p2a: DaveNBusters\n|-immune|p2a: DaveNBusters\n|\n|upkeep\n|turn|25\n|\n|t:|1697426613\n|move|p1a: Kommo-o|Shadow Claw|p2a: DaveNBusters\n|-supereffective|p2a: DaveNBusters\n|-damage|p2a: DaveNBusters|41\/100\n|move|p2a: DaveNBusters|Make It Rain|p1a: Kommo-o\n|-crit|p1a: Kommo-o\n|-damage|p1a: Kommo-o|0 fnt\n|-unboost|p2a: DaveNBusters|spa|1\n|faint|p1a: Kommo-o\n|\n|-heal|p2a: DaveNBusters|47\/100|[from] item: Leftovers\n|-sideend|p1: BlackAceX19|move: Aurora Veil\n|upkeep\n|\n|t:|1697426627\n|switch|p1a: Ninetales|Ninetales-Alola, F|76\/100\n|-damage|p1a: Ninetales|51\/100|[from] Stealth Rock\n|-weather|Snow|[from] ability: Snow Warning|[of] p1a: Ninetales\n|turn|26\n|\n|t:|1697426634\n|move|p1a: Ninetales|Aurora Veil|p1a: Ninetales\n|-sidestart|p1: BlackAceX19|move: Aurora Veil\n|move|p2a: DaveNBusters|Recover|p2a: DaveNBusters\n|-heal|p2a: DaveNBusters|97\/100\n|\n|-weather|Snow|[upkeep]\n|-heal|p2a: DaveNBusters|100\/100|[from] item: Leftovers\n|upkeep\n|turn|27\n|\n|t:|1697426649\n|move|p1a: Ninetales|Blizzard|p2a: DaveNBusters\n|-resisted|p2a: DaveNBusters\n|-damage|p2a: DaveNBusters|89\/100\n|-status|p2a: DaveNBusters|frz\n|-curestatus|p2a: DaveNBusters|frz|[msg]\n|move|p2a: DaveNBusters|Make It Rain|p1a: Ninetales\n|-supereffective|p1a: Ninetales\n|-damage|p1a: Ninetales|0 fnt\n|-unboost|p2a: DaveNBusters|spa|1\n|faint|p1a: Ninetales\n|\n|-weather|Snow|[upkeep]\n|-heal|p2a: DaveNBusters|95\/100|[from] item: Leftovers\n|upkeep\n|\n|t:|1697426654\n|switch|p1a: Iron Bundle|Iron Bundle, shiny|100\/100\n|-damage|p1a: Iron Bundle|76\/100|[from] Stealth Rock\n|turn|28\n|\n|t:|1697426664\n|move|p1a: Iron Bundle|Blizzard|p2a: DaveNBusters\n|-resisted|p2a: DaveNBusters\n|-crit|p2a: DaveNBusters\n|-damage|p2a: DaveNBusters|56\/100\n|-status|p2a: DaveNBusters|frz\n|-damage|p1a: Iron Bundle|66\/100|[from] item: Life Orb\n|cant|p2a: DaveNBusters|frz\n|\n|-weather|Snow|[upkeep]\n|-heal|p2a: DaveNBusters|62\/100 frz|[from] item: Leftovers\n|upkeep\n|turn|29\n|\n|t:|1697426679\n|move|p1a: Iron Bundle|Blizzard|p2a: DaveNBusters\n|-resisted|p2a: DaveNBusters\n|-damage|p2a: DaveNBusters|32\/100 frz\n|-damage|p1a: Iron Bundle|56\/100|[from] item: Life Orb\n|-curestatus|p2a: DaveNBusters|frz|[msg]\n|move|p2a: DaveNBusters|Recover|p2a: DaveNBusters\n|-heal|p2a: DaveNBusters|82\/100\n|\n|-weather|Snow|[upkeep]\n|-heal|p2a: DaveNBusters|88\/100|[from] item: Leftovers\n|upkeep\n|turn|30\n|\n|t:|1697426684\n|move|p1a: Iron Bundle|Blizzard|p2a: DaveNBusters\n|-resisted|p2a: DaveNBusters\n|-damage|p2a: DaveNBusters|60\/100\n|-damage|p1a: Iron Bundle|46\/100|[from] item: Life Orb\n|move|p2a: DaveNBusters|Nasty Plot|p2a: DaveNBusters\n|-boost|p2a: DaveNBusters|spa|2\n|\n|-weather|none\n|-heal|p2a: DaveNBusters|66\/100|[from] item: Leftovers\n|upkeep\n|turn|31\n|\n|t:|1697426691\n|move|p1a: Iron Bundle|Flip Turn|p2a: DaveNBusters\n|-crit|p2a: DaveNBusters\n|-damage|p2a: DaveNBusters|38\/100\n|-damage|p1a: Iron Bundle|36\/100|[from] item: Life Orb\n|\n|t:|1697426694\n|-end|p1a: Iron Bundle|Quark Drive|[silent]\n|switch|p1a: Infernape|Infernape, F|100\/100|[from] Flip Turn\n|-damage|p1a: Infernape|88\/100|[from] Stealth Rock\n|move|p2a: DaveNBusters|Recover|p2a: DaveNBusters\n|-heal|p2a: DaveNBusters|88\/100\n|\n|-heal|p2a: DaveNBusters|94\/100|[from] item: Leftovers\n|upkeep\n|turn|32\n|c| Smoocheh|Wtf going on\n|\n|t:|1697426709\n|switch|p2a: Mercury|Cinderace, M, shiny|27\/100\n|move|p1a: Infernape|Nasty Plot|p1a: Infernape\n|-boost|p1a: Infernape|spa|2\n|\n|upkeep\n|turn|33\n|c| ampharosaunt11|#bundle\n|l| Judgieiscool\n|\n|t:|1697426722\n|move|p1a: Infernape|Vacuum Wave|p2a: Mercury\n|-damage|p2a: Mercury|0 fnt\n|faint|p2a: Mercury\n|\n|-sideend|p1: BlackAceX19|move: Aurora Veil\n|upkeep\n|\n|t:|1697426754\n|switch|p2a: DaveNBusters|Gholdengo|94\/100\n|turn|34\n|\n|t:|1697426763\n|move|p1a: Infernape|Fire Blast|p2a: DaveNBusters|[miss]\n|-miss|p1a: Infernape|p2a: DaveNBusters\n|-enditem|p1a: Infernape|Blunder Policy\n|-boost|p1a: Infernape|spe|2\n|move|p2a: DaveNBusters|Make It Rain|p1a: Infernape\n|-resisted|p1a: Infernape\n|-damage|p1a: Infernape|43\/100\n|-unboost|p2a: DaveNBusters|spa|1\n|\n|-heal|p2a: DaveNBusters|99\/100|[from] item: Leftovers\n|upkeep\n|turn|35\n|\n|t:|1697426773\n|move|p1a: Infernape|Fire Blast|p2a: DaveNBusters\n|-supereffective|p2a: DaveNBusters\n|-damage|p2a: DaveNBusters|0 fnt\n|faint|p2a: DaveNBusters\n|\n|upkeep\n|\n|t:|1697426777\n|switch|p2a: Lion-O|Chien-Pao|100\/100\n|-ability|p2a: Lion-O|Sword of Ruin\n|turn|36\n|\n|t:|1697426784\n|move|p1a: Infernape|Vacuum Wave|p2a: Lion-O\n|-supereffective|p2a: Lion-O\n|-damage|p2a: Lion-O|0 fnt\n|faint|p2a: Lion-O\n|\n|win|BlackAceX19\n|c|\u2606something482|gg\n|l| ampharosaunt11\n|l|\u2606BlackAceX19\n|l| Smoocheh\n|l|\u2606something482\n|l| Willish6634\n|j|\u2606BlackAceX19\n|player|p1|BlackAceX19|wally-masters\n","uploadtime":1697426797,"views":31,"p1id":"blackacex19","p2id":"something482","formatid":"gen9ubers","rating":0,"private":0,"password":""}