{"id":"gen9ubers-1993827812","p1":"The Shards","p2":"Guizin3150#","format":"[Gen 9] Ubers","log":"|j|\u2606The Shards\n|j|\u2606Guizin3150#\n|t:|1700362249\n|gametype|singles\n|player|p1|The Shards|lucas|1100\n|player|p2|Guizin3150#|red|1050\n|teamsize|p1|6\n|teamsize|p2|6\n|gen|9\n|tier|[Gen 9] Ubers\n|rated|\n|rule|Sleep Clause Mod: Limit one foe put to sleep\n|rule|Species Clause: Limit one of each Pok\u00e9mon\n|rule|OHKO Clause: OHKO moves are banned\n|rule|Evasion Items Clause: Evasion items are banned\n|rule|Evasion Moves Clause: Evasion moves are banned\n|rule|Endless Battle Clause: Forcing endless battles is banned\n|rule|HP Percentage Mod: HP is shown in percentages\n|clearpoke\n|poke|p1|Ribombee, F|\n|poke|p1|Koraidon|\n|poke|p1|Basculegion, M|\n|poke|p1|Flutter Mane|\n|poke|p1|Arceus-Ground|\n|poke|p1|Rayquaza|\n|poke|p2|Urshifu-*, F|\n|poke|p2|Ursaluna-Bloodmoon, M|\n|poke|p2|Annihilape, F|\n|poke|p2|Zacian-*|\n|poke|p2|Tyranitar, M|\n|poke|p2|Giratina|\n|teampreview\n|\n|t:|1700362265\n|start\n|switch|p1a: Ribombee|Ribombee, F, shiny|100\/100\n|switch|p2a: Giratina|Giratina|100\/100\n|-ability|p2a: Giratina|Pressure\n|turn|1\n|\n|t:|1700362275\n|-terastallize|p2a: Giratina|Ghost\n|move|p1a: Ribombee|Sticky Web|p2a: Giratina\n|-sidestart|p2: Guizin3150#|move: Sticky Web\n|move|p2a: Giratina|Will-O-Wisp|p1a: Ribombee\n|-status|p1a: Ribombee|brn\n|\n|-damage|p1a: Ribombee|94\/100 brn|[from] brn\n|upkeep\n|turn|2\n|\n|t:|1700362285\n|move|p1a: Ribombee|Stun Spore|p2a: Giratina\n|-status|p2a: Giratina|par\n|move|p2a: Giratina|Hex|p1a: Ribombee\n|-crit|p1a: Ribombee\n|-damage|p1a: Ribombee|0 fnt\n|faint|p1a: Ribombee\n|\n|upkeep\n|\n|t:|1700362292\n|switch|p1a: Basculegion|Basculegion, M, shiny|100\/100\n|turn|3\n|\n|t:|1700362300\n|move|p1a: Basculegion|Last Respects|p2a: Giratina\n|-supereffective|p2a: Giratina\n|-damage|p2a: Giratina|48\/100 par\n|move|p2a: Giratina|Will-O-Wisp|p1a: Basculegion\n|-status|p1a: Basculegion|brn\n|\n|-heal|p2a: Giratina|54\/100 par|[from] item: Leftovers\n|-damage|p1a: Basculegion|94\/100 brn|[from] brn\n|upkeep\n|turn|4\n|\n|t:|1700362313\n|switch|p1a: Arceus|Arceus-Ground|100\/100\n|move|p2a: Giratina|Hex|p1a: Arceus\n|-damage|p1a: Arceus|80\/100\n|\n|-heal|p2a: Giratina|60\/100 par|[from] item: Leftovers\n|upkeep\n|turn|5\n|\n|t:|1700362320\n|move|p1a: Arceus|Calm Mind|p1a: Arceus\n|-boost|p1a: Arceus|spa|1\n|-boost|p1a: Arceus|spd|1\n|cant|p2a: Giratina|par\n|\n|-heal|p2a: Giratina|67\/100 par|[from] item: Leftovers\n|upkeep\n|turn|6\n|\n|t:|1700362326\n|move|p1a: Arceus|Judgment|p2a: Giratina\n|-crit|p2a: Giratina\n|-damage|p2a: Giratina|0 fnt\n|faint|p2a: Giratina\n|\n|upkeep\n|\n|t:|1700362334\n|switch|p2a: Urshifu|Urshifu-Rapid-Strike, F|100\/100\n|-activate|p2a: Urshifu|move: Sticky Web\n|-unboost|p2a: Urshifu|spe|1\n|turn|7\n|\n|t:|1700362342\n|-terastallize|p1a: Arceus|Fairy\n|move|p1a: Arceus|Judgment|p2a: Urshifu\n|-damage|p2a: Urshifu|0 fnt\n|faint|p2a: Urshifu\n|\n|upkeep\n|\n|t:|1700362354\n|switch|p2a: Annihilape|Annihilape, F|100\/100\n|-activate|p2a: Annihilape|move: Sticky Web\n|-unboost|p2a: Annihilape|spe|1\n|-ability|p2a: Annihilape|Defiant|boost\n|-boost|p2a: Annihilape|atk|2\n|turn|8\n|\n|t:|1700362368\n|move|p1a: Arceus|Judgment|p2a: Annihilape\n|-crit|p2a: Annihilape\n|-damage|p2a: Annihilape|13\/100\n|move|p2a: Annihilape|Poison Jab|p1a: Arceus\n|-supereffective|p1a: Arceus\n|-damage|p1a: Arceus|19\/100\n|\n|-heal|p2a: Annihilape|20\/100|[from] item: Leftovers\n|upkeep\n|turn|9\n|\n|t:|1700362380\n|move|p1a: Arceus|Judgment|p2a: Annihilape\n|-damage|p2a: Annihilape|0 fnt\n|faint|p2a: Annihilape\n|\n|upkeep\n|\n|t:|1700362385\n|switch|p2a: Zacian|Zacian-Crowned|100\/100\n|-activate|p2a: Zacian|move: Sticky Web\n|-unboost|p2a: Zacian|spe|1\n|-ability|p2a: Zacian|Intrepid Sword|boost\n|-boost|p2a: Zacian|atk|1\n|turn|10\n|\n|t:|1700362394\n|move|p1a: Arceus|Judgment|p2a: Zacian\n|-supereffective|p2a: Zacian\n|-damage|p2a: Zacian|0 fnt\n|faint|p2a: Zacian\n|\n|upkeep\n|\n|t:|1700362405\n|switch|p2a: Ursaluna|Ursaluna-Bloodmoon, M|100\/100\n|turn|11\n|\n|t:|1700362414\n|move|p1a: Arceus|Recover|p1a: Arceus\n|-heal|p1a: Arceus|69\/100\n|move|p2a: Ursaluna|Blood Moon|p1a: Arceus\n|-damage|p1a: Arceus|32\/100\n|\n|upkeep\n|turn|12\n|\n|t:|1700362428\n|move|p1a: Arceus|Recover|p1a: Arceus\n|-heal|p1a: Arceus|82\/100\n|move|p2a: Ursaluna|Earth Power|p1a: Arceus\n|-damage|p1a: Arceus|60\/100\n|\n|upkeep\n|turn|13\n|\n|t:|1700362436\n|move|p1a: Arceus|Calm Mind|p1a: Arceus\n|-boost|p1a: Arceus|spa|1\n|-boost|p1a: Arceus|spd|1\n|move|p2a: Ursaluna|Blood Moon|p1a: Arceus\n|-damage|p1a: Arceus|30\/100\n|\n|upkeep\n|turn|14\n|\n|t:|1700362445\n|move|p1a: Arceus|Recover|p1a: Arceus\n|-heal|p1a: Arceus|80\/100\n|move|p2a: Ursaluna|Earth Power|p1a: Arceus\n|-damage|p1a: Arceus|63\/100\n|\n|upkeep\n|turn|15\n|\n|t:|1700362450\n|move|p1a: Arceus|Ice Beam|p2a: Ursaluna\n|-supereffective|p2a: Ursaluna\n|-damage|p2a: Ursaluna|0 fnt\n|faint|p2a: Ursaluna\n|\n|upkeep\n|\n|t:|1700362455\n|switch|p2a: Tyranitar|Tyranitar, M|100\/100\n|-activate|p2a: Tyranitar|move: Sticky Web\n|-unboost|p2a: Tyranitar|spe|1\n|-weather|Sandstorm|[from] ability: Sand Stream|[of] p2a: Tyranitar\n|turn|16\n|inactive|Battle timer is ON: inactive players will automatically lose when time's up. (requested by The Shards)\n|inactive|Guizin3150# has 120 seconds left.\n|c|\u2606Guizin3150#|mother fuck, noob\n|inactive|Guizin3150# has 90 seconds left.\n|-message|Guizin3150# forfeited.\n|\n|win|The Shards\n|raw|The Shards's rating: 1100 &rarr; <strong>1121<\/strong><br \/>(+21 for winning)\n|raw|Guizin3150#'s rating: 1050 &rarr; <strong>1035<\/strong><br \/>(-15 for losing)\n|l|\u2606Guizin3150#\n","uploadtime":1700362515,"views":7,"p1id":"theshards","p2id":"guizin3150","formatid":"gen9ubers","rating":1035,"private":0,"password":""}