{"id":"gen9ubers-1996263781","p1":"Anne Frankkkk","p2":"Annachu","format":"[Gen 9] Ubers","log":"|j|\u2606Anne Frankkkk\n|j|\u2606Annachu\n|t:|1700665358\n|gametype|singles\n|player|p1|Anne Frankkkk|hilbert|1093\n|player|p2|Annachu|flannery|1000\n|teamsize|p1|6\n|teamsize|p2|6\n|gen|9\n|tier|[Gen 9] Ubers\n|rated|\n|rule|Sleep Clause Mod: Limit one foe put to sleep\n|rule|Species Clause: Limit one of each Pok\u00e9mon\n|rule|OHKO Clause: OHKO moves are banned\n|rule|Evasion Items Clause: Evasion items are banned\n|rule|Evasion Moves Clause: Evasion moves are banned\n|rule|Endless Battle Clause: Forcing endless battles is banned\n|rule|HP Percentage Mod: HP is shown in percentages\n|clearpoke\n|poke|p1|Regieleki|\n|poke|p1|Kyogre|\n|poke|p1|Chien-Pao|\n|poke|p1|Ribombee, F|\n|poke|p1|Miraidon|\n|poke|p1|Flutter Mane|\n|poke|p2|Corviknight, M|\n|poke|p2|Infernape, M|\n|poke|p2|Greninja-*, M|\n|poke|p2|Arcanine, M|\n|poke|p2|Garchomp, M|\n|poke|p2|Lucario, M|\n|teampreview\n|inactive|Battle timer is ON: inactive players will automatically lose when time's up. (requested by Anne Frankkkk)\n|\n|t:|1700665373\n|start\n|switch|p1a: Bzzzzt|Regieleki, shiny|100\/100\n|switch|p2a: Greninja|Greninja, M|100\/100\n|turn|1\n|\n|t:|1700665379\n|move|p2a: Greninja|Water Shuriken|p1a: Bzzzzt\n|-damage|p1a: Bzzzzt|81\/100\n|-damage|p1a: Bzzzzt|62\/100\n|-damage|p1a: Bzzzzt|44\/100\n|-damage|p1a: Bzzzzt|24\/100\n|-damage|p1a: Bzzzzt|5\/100\n|-hitcount|p1a: Bzzzzt|5\n|move|p1a: Bzzzzt|Thunderbolt|p2a: Greninja\n|-supereffective|p2a: Greninja\n|-damage|p2a: Greninja|0 fnt\n|faint|p2a: Greninja\n|\n|upkeep\n|\n|t:|1700665391\n|switch|p2a: Garchomp|Garchomp, M|100\/100\n|turn|2\n|\n|t:|1700665394\n|-terastallize|p1a: Bzzzzt|Ice\n|move|p1a: Bzzzzt|Tera Blast|p2a: Garchomp|[anim] Tera Blast Ice\n|-supereffective|p2a: Garchomp\n|-damage|p2a: Garchomp|0 fnt\n|faint|p2a: Garchomp\n|\n|upkeep\n|\n|t:|1700665401\n|switch|p2a: Corviknight|Corviknight, M|100\/100\n|-ability|p2a: Corviknight|Pressure\n|turn|3\n|\n|t:|1700665407\n|move|p1a: Bzzzzt|Thunderbolt|p2a: Corviknight\n|-supereffective|p2a: Corviknight\n|-damage|p2a: Corviknight|0 fnt\n|faint|p2a: Corviknight\n|\n|upkeep\n|\n|t:|1700665411\n|switch|p2a: Lucario|Lucario, M|100\/100\n|turn|4\n|\n|t:|1700665416\n|-terastallize|p2a: Lucario|Fighting\n|move|p1a: Bzzzzt|Thunderbolt|p2a: Lucario\n|-damage|p2a: Lucario|0 fnt\n|faint|p2a: Lucario\n|\n|upkeep\n|\n|t:|1700665421\n|switch|p2a: Arcanine|Arcanine, M|100\/100\n|turn|5\n|\n|t:|1700665425\n|move|p1a: Bzzzzt|Thunderbolt|p2a: Arcanine\n|-damage|p2a: Arcanine|12\/100\n|move|p2a: Arcanine|Wild Charge|p1a: Bzzzzt\n|-damage|p1a: Bzzzzt|0 fnt\n|faint|p1a: Bzzzzt\n|-damage|p2a: Arcanine|11\/100|[from] Recoil\n|-damage|p2a: Arcanine|1\/100|[from] item: Life Orb\n|\n|upkeep\n|\n|t:|1700665435\n|switch|p1a: Misdreavius|Flutter Mane, shiny|100\/100\n|-enditem|p1a: Misdreavius|Booster Energy\n|-activate|p1a: Misdreavius|ability: Protosynthesis|[fromitem]\n|-start|p1a: Misdreavius|protosynthesisspe\n|turn|6\n|\n|t:|1700665440\n|move|p2a: Arcanine|Extreme Speed|p1a: Misdreavius\n|-immune|p1a: Misdreavius\n|move|p1a: Misdreavius|Moonblast|p2a: Arcanine\n|-resisted|p2a: Arcanine\n|-damage|p2a: Arcanine|0 fnt\n|faint|p2a: Arcanine\n|\n|upkeep\n|-message|Annachu forfeited.\n|\n|win|Anne Frankkkk\n|raw|Anne Frankkkk's rating: 1093 &rarr; <strong>1112<\/strong><br \/>(+19 for winning)\n|raw|Annachu's rating: 1000 &rarr; <strong>1000<\/strong><br \/>(+0 for losing)\n|l|\u2606Annachu\n","uploadtime":1700665448,"views":0,"p1id":"annefrankkkk","p2id":"annachu","formatid":"gen9ubers","rating":1000,"private":0,"password":""}