{"id":"gen9ubers-1996509995","p1":"Lux2821","p2":"Elix1","format":"[Gen 9] Ubers","log":"|j|\u2606Lux2821\n|j|\u2606Elix1\n|t:|1700689057\n|gametype|singles\n|player|p1|Lux2821|lusamine-nihilego|\n|player|p2|Elix1|volkner|\n|teamsize|p1|6\n|teamsize|p2|6\n|gen|9\n|tier|[Gen 9] Ubers\n|rule|Sleep Clause Mod: Limit one foe put to sleep\n|rule|Species Clause: Limit one of each Pok\u00e9mon\n|rule|OHKO Clause: OHKO moves are banned\n|rule|Evasion Items Clause: Evasion items are banned\n|rule|Evasion Moves Clause: Evasion moves are banned\n|rule|Endless Battle Clause: Forcing endless battles is banned\n|rule|HP Percentage Mod: HP is shown in percentages\n|clearpoke\n|poke|p1|Cyclizar, M|\n|poke|p1|Espathra, M|\n|poke|p1|Dachsbun, F|\n|poke|p1|Breloom, M|\n|poke|p1|Iron Valiant|\n|poke|p1|Kingambit, M|\n|poke|p2|Miraidon|\n|poke|p2|Flutter Mane|\n|poke|p2|Koraidon|\n|poke|p2|Shiftry, F|\n|poke|p2|Great Tusk|\n|poke|p2|Groudon|\n|teampreview\n|inactive|Battle timer is ON: inactive players will automatically lose when time's up. (requested by Lux2821)\n|inactive|Elix1 also wants the timer to be on.\n|c|\u2606Elix1|Glhf\n|c|\u2606Lux2821|u2\n|j| Jixel\n|\n|t:|1700689075\n|start\n|switch|p1a: Harley Davidfather|Cyclizar, M|100\/100\n|switch|p2a: Koraidon|Koraidon|100\/100\n|-weather|SunnyDay|[from] ability: Orichalcum Pulse|[of] p2a: Koraidon\n|-activate|p2a: Koraidon|Orichalcum Pulse|[source]\n|turn|1\n|\n|t:|1700689084\n|move|p2a: Koraidon|Collision Course|p1a: Harley Davidfather\n|-supereffective|p1a: Harley Davidfather\n|-damage|p1a: Harley Davidfather|0 fnt\n|faint|p1a: Harley Davidfather\n|-damage|p2a: Koraidon|91\/100|[from] item: Life Orb\n|\n|-weather|SunnyDay|[upkeep]\n|upkeep\n|\n|t:|1700689088\n|switch|p1a: Monarch|Iron Valiant|100\/100\n|-enditem|p1a: Monarch|Booster Energy\n|-activate|p1a: Monarch|ability: Quark Drive|[fromitem]\n|-start|p1a: Monarch|quarkdrivespe\n|turn|2\n|c|\u2606Elix1|Ok\n|inactive|Elix1 has 270 seconds left.\n|\n|t:|1700689130\n|-terastallize|p1a: Monarch|Fairy\n|-terastallize|p2a: Koraidon|Fire\n|move|p1a: Monarch|Moonblast|p2a: Koraidon\n|-resisted|p2a: Koraidon\n|-damage|p2a: Koraidon|60\/100\n|-unboost|p2a: Koraidon|spa|1\n|move|p2a: Koraidon|Flare Blitz|p1a: Monarch\n|-damage|p1a: Monarch|0 fnt\n|faint|p1a: Monarch\n|-end|p1a: Monarch|Quark Drive|[silent]\n|-damage|p2a: Koraidon|32\/100|[from] Recoil\n|-damage|p2a: Koraidon|22\/100|[from] item: Life Orb\n|\n|-weather|SunnyDay|[upkeep]\n|upkeep\n|\n|t:|1700689141\n|switch|p1a: Fungaroo|Breloom, M, shiny|100\/100\n|turn|3\n|\n|t:|1700689143\n|move|p1a: Fungaroo|Mach Punch|p2a: Koraidon\n|-damage|p2a: Koraidon|0 fnt\n|faint|p2a: Koraidon\n|\n|-weather|SunnyDay|[upkeep]\n|upkeep\n|inactive|Elix1 has 270 seconds left.\n|\n|t:|1700689156\n|switch|p2a: Flutter Mane|Flutter Mane|100\/100\n|-activate|p2a: Flutter Mane|ability: Protosynthesis\n|-start|p2a: Flutter Mane|protosynthesisspe\n|turn|4\n|\n|t:|1700689162\n|move|p2a: Flutter Mane|Moonblast|p1a: Fungaroo\n|-supereffective|p1a: Fungaroo\n|-damage|p1a: Fungaroo|0 fnt\n|faint|p1a: Fungaroo\n|\n|-weather|SunnyDay|[upkeep]\n|upkeep\n|\n|t:|1700689170\n|switch|p1a: Emoo|Espathra, M|100\/100\n|turn|5\n|\n|t:|1700689174\n|switch|p1a: Doughy|Dachsbun, F|100\/100\n|move|p2a: Flutter Mane|Moonblast|p1a: Doughy\n|-damage|p1a: Doughy|0 fnt\n|faint|p1a: Doughy\n|\n|-weather|none\n|-end|p2a: Flutter Mane|Protosynthesis\n|upkeep\n|\n|t:|1700689176\n|switch|p1a: Samuroyal|Kingambit, M|100\/100\n|-activate|p1a: Samuroyal|ability: Supreme Overlord\n|-start|p1a: Samuroyal|fallen4|[silent]\n|turn|6\n|\n|t:|1700689183\n|-end|p2a: Flutter Mane|Protosynthesis|[silent]\n|switch|p2a: Groudon|Groudon|100\/100\n|-weather|SunnyDay|[from] ability: Drought|[of] p2a: Groudon\n|move|p1a: Samuroyal|Sucker Punch||[still]\n|-fail|p1a: Samuroyal\n|\n|-weather|SunnyDay|[upkeep]\n|upkeep\n|turn|7\n|\n|t:|1700689189\n|move|p2a: Groudon|Precipice Blades|p1a: Samuroyal\n|-supereffective|p1a: Samuroyal\n|-damage|p1a: Samuroyal|19\/100\n|move|p1a: Samuroyal|Swords Dance|p1a: Samuroyal\n|-boost|p1a: Samuroyal|atk|2\n|\n|-weather|SunnyDay|[upkeep]\n|upkeep\n|turn|8\n|c|\u2606Lux2821|run\n|c|\u2606Lux2821|run\n|c|\u2606Lux2821|run\n|c|\u2606Lux2821|get out\n|\n|t:|1700689205\n|switch|p2a: Great Tusk|Great Tusk|100\/100\n|-activate|p2a: Great Tusk|ability: Protosynthesis\n|-start|p2a: Great Tusk|protosynthesisatk\n|move|p1a: Samuroyal|Kowtow Cleave|p2a: Great Tusk\n|-resisted|p2a: Great Tusk\n|-damage|p2a: Great Tusk|51\/100\n|\n|-weather|SunnyDay|[upkeep]\n|-heal|p2a: Great Tusk|57\/100|[from] item: Leftovers\n|upkeep\n|turn|9\n|c|\u2606Lux2821|perish\n|c|\u2606Elix1|Sure\n|\n|t:|1700689223\n|move|p2a: Great Tusk|Earthquake|p1a: Samuroyal\n|-supereffective|p1a: Samuroyal\n|-damage|p1a: Samuroyal|0 fnt\n|faint|p1a: Samuroyal\n|-end|p1a: Samuroyal|fallen4|[silent]\n|\n|-weather|SunnyDay|[upkeep]\n|-heal|p2a: Great Tusk|63\/100|[from] item: Leftovers\n|upkeep\n|\n|t:|1700689226\n|switch|p1a: Emoo|Espathra, M|100\/100\n|turn|10\n|\n|t:|1700689230\n|move|p1a: Emoo|Dazzling Gleam|p2a: Great Tusk\n|-supereffective|p2a: Great Tusk\n|-damage|p2a: Great Tusk|0 fnt\n|faint|p2a: Great Tusk\n|-end|p2a: Great Tusk|Protosynthesis|[silent]\n|\n|-weather|SunnyDay|[upkeep]\n|-ability|p1a: Emoo|Speed Boost|boost\n|-boost|p1a: Emoo|spe|1\n|upkeep\n|\n|t:|1700689233\n|switch|p2a: Shiftry|Shiftry, F|100\/100\n|turn|11\n|\n|t:|1700689237\n|move|p2a: Shiftry|Knock Off|p1a: Emoo\n|-supereffective|p1a: Emoo\n|-damage|p1a: Emoo|0 fnt\n|-enditem|p1a: Emoo|Leftovers|[from] move: Knock Off|[of] p2a: Shiftry\n|faint|p1a: Emoo\n|\n|win|Elix1\n|c|\u2606Lux2821|gg\n|c|\u2606Elix1|Gg\n|c|\u2606Elix1|Wp\n","uploadtime":1700689244,"views":2,"p1id":"lux2821","p2id":"elix1","formatid":"gen9ubers","rating":0,"private":0,"password":""}