{"id":"gen9ubers-1981193346","p1":"Osda12","p2":"Docteur Grandhomme","format":"[Gen 9] Ubers","log":"|j|\u2606Osda12\n|j|\u2606Docteur Grandhomme\n|inactive|Battle timer is ON: inactive players will automatically lose when time's up.\n|t:|1698871289\n|gametype|singles\n|player|p1|Osda12|nate|\n|player|p2|Docteur Grandhomme|diantha-masters|\n|teamsize|p1|6\n|teamsize|p2|6\n|gen|9\n|tier|[Gen 9] Ubers\n|rated|Tournament battle\n|rule|Sleep Clause Mod: Limit one foe put to sleep\n|rule|Species Clause: Limit one of each Pok\u00e9mon\n|rule|OHKO Clause: OHKO moves are banned\n|rule|Evasion Items Clause: Evasion items are banned\n|rule|Evasion Moves Clause: Evasion moves are banned\n|rule|Endless Battle Clause: Forcing endless battles is banned\n|rule|HP Percentage Mod: HP is shown in percentages\n|clearpoke\n|poke|p1|Iron Bundle|\n|poke|p1|Palafin, F|\n|poke|p1|Chi-Yu|\n|poke|p1|Miraidon|\n|poke|p1|Annihilape, F|\n|poke|p1|Chien-Pao|\n|poke|p2|Koraidon|\n|poke|p2|Ting-Lu|\n|poke|p2|Arceus|\n|poke|p2|Skeledirge, M|\n|poke|p2|Great Tusk|\n|poke|p2|Zacian-*|\n|teampreview\n|j|*Lady Monita \u263d\n|inactive|Docteur Grandhomme also wants the timer to be on.\n|j| Gamungadooshmuggle\n|\n|t:|1698871316\n|start\n|switch|p1a: Palafin|Palafin, F|100\/100\n|switch|p2a: Ting-Lu|Ting-Lu|100\/100\n|-ability|p2a: Ting-Lu|Vessel of Ruin\n|turn|1\n|\n|t:|1698871323\n|detailschange|p1a: Palafin|Palafin-Hero, F\n|switch|p1a: Annihilape|Annihilape, F|100\/100\n|move|p2a: Ting-Lu|Spikes|p1a: Annihilape\n|-sidestart|p1: Osda12|Spikes\n|\n|upkeep\n|turn|2\n|\n|t:|1698871328\n|move|p1a: Annihilape|Taunt|p2a: Ting-Lu\n|-start|p2a: Ting-Lu|move: Taunt\n|cant|p2a: Ting-Lu|move: Taunt|Spikes\n|\n|upkeep\n|turn|3\n|\n|t:|1698871331\n|move|p1a: Annihilape|Bulk Up|p1a: Annihilape\n|-boost|p1a: Annihilape|atk|1\n|-boost|p1a: Annihilape|def|1\n|move|p2a: Ting-Lu|Ruination|p1a: Annihilape\n|-damage|p1a: Annihilape|51\/100\n|\n|-heal|p1a: Annihilape|57\/100|[from] item: Leftovers\n|upkeep\n|turn|4\n|\n|t:|1698871342\n|switch|p2a: Skeledirge|Skeledirge, M|100\/100\n|move|p1a: Annihilape|Bulk Up|p1a: Annihilape\n|-boost|p1a: Annihilape|atk|1\n|-boost|p1a: Annihilape|def|1\n|\n|-heal|p1a: Annihilape|63\/100|[from] item: Leftovers\n|upkeep\n|turn|5\n|\n|t:|1698871351\n|-terastallize|p1a: Annihilape|Water\n|move|p1a: Annihilape|Rage Fist|p2a: Skeledirge\n|-supereffective|p2a: Skeledirge\n|-damage|p2a: Skeledirge|55\/100\n|move|p2a: Skeledirge|Torch Song|p1a: Annihilape\n|-resisted|p1a: Annihilape\n|-damage|p1a: Annihilape|54\/100\n|-boost|p2a: Skeledirge|spa|1\n|\n|-heal|p1a: Annihilape|60\/100|[from] item: Leftovers\n|upkeep\n|turn|6\n|\n|t:|1698871361\n|move|p1a: Annihilape|Rage Fist|p2a: Skeledirge\n|-supereffective|p2a: Skeledirge\n|-damage|p2a: Skeledirge|0 fnt\n|faint|p2a: Skeledirge\n|\n|-heal|p1a: Annihilape|66\/100|[from] item: Leftovers\n|upkeep\n|\n|t:|1698871372\n|switch|p2a: Great Tusk|Great Tusk|100\/100\n|turn|7\n|\n|t:|1698871375\n|move|p2a: Great Tusk|Knock Off|p1a: Annihilape\n|-damage|p1a: Annihilape|51\/100\n|-enditem|p1a: Annihilape|Leftovers|[from] move: Knock Off|[of] p2a: Great Tusk\n|move|p1a: Annihilape|Drain Punch|p2a: Great Tusk\n|-damage|p2a: Great Tusk|67\/100\n|-heal|p1a: Annihilape|69\/100|[from] drain|[of] p2a: Great Tusk\n|\n|upkeep\n|turn|8\n|\n|t:|1698871385\n|-end|p2a: Great Tusk|Protosynthesis|[silent]\n|switch|p2a: Koraidon|Koraidon|100\/100\n|-weather|SunnyDay|[from] ability: Orichalcum Pulse|[of] p2a: Koraidon\n|-activate|p2a: Koraidon|Orichalcum Pulse|[source]\n|move|p1a: Annihilape|Bulk Up|p1a: Annihilape\n|-boost|p1a: Annihilape|atk|1\n|-boost|p1a: Annihilape|def|1\n|\n|-weather|SunnyDay|[upkeep]\n|upkeep\n|turn|9\n|\n|t:|1698871390\n|move|p2a: Koraidon|U-turn|p1a: Annihilape\n|-damage|p1a: Annihilape|56\/100\n|\n|t:|1698871392\n|switch|p2a: Ting-Lu|Ting-Lu|100\/100|[from] U-turn\n|-ability|p2a: Ting-Lu|Vessel of Ruin\n|move|p1a: Annihilape|Drain Punch|p2a: Ting-Lu\n|-supereffective|p2a: Ting-Lu\n|-damage|p2a: Ting-Lu|25\/100\n|-heal|p1a: Annihilape|100\/100|[from] drain|[of] p2a: Ting-Lu\n|\n|-weather|SunnyDay|[upkeep]\n|-heal|p2a: Ting-Lu|31\/100|[from] item: Leftovers\n|upkeep\n|turn|10\n|inactive|Osda12 has 120 seconds left.\n|inactive|Osda12 has 90 seconds left.\n|inactive|Osda12 has 60 seconds left.\n|inactive|Osda12 has 30 seconds left.\n|inactive|Osda12 has 20 seconds left.\n|inactive|Osda12 has 15 seconds left.\n|inactive|Osda12 has 10 seconds left.\n|inactive|Osda12 has 5 seconds left.\n|-message|Osda12 lost due to inactivity.\n|\n|win|Docteur Grandhomme\n|n|\u2606Osda12|osda12\n|n|\u2606Docteur Grandhomme|docteurgrandhomme\n|n|*Lady Monita \u263d|ladymonita\n|n| Gamungadooshmuggle|gamungadooshmuggle\n|l|*Lady Monita \u263d\n","uploadtime":1698871547,"views":13,"p1id":"osda12","p2id":"docteurgrandhomme","formatid":"gen9ubers","rating":0,"private":0,"password":""}