{"id":"gen9ubers-1987913426","p1":"MichaeltheMink","p2":"something482","format":"[Gen 9] Ubers","log":"|j|\u2606MichaeltheMink\n|j|\u2606something482\n|t:|1699648581\n|gametype|singles\n|player|p1|MichaeltheMink|hilbert-wonderlauncher|\n|player|p2|something482|victor|\n|teamsize|p1|6\n|teamsize|p2|6\n|gen|9\n|tier|[Gen 9] Ubers\n|rule|Sleep Clause Mod: Limit one foe put to sleep\n|rule|Species Clause: Limit one of each Pok\u00e9mon\n|rule|OHKO Clause: OHKO moves are banned\n|rule|Evasion Items Clause: Evasion items are banned\n|rule|Evasion Moves Clause: Evasion moves are banned\n|rule|Endless Battle Clause: Forcing endless battles is banned\n|rule|HP Percentage Mod: HP is shown in percentages\n|clearpoke\n|poke|p1|Orthworm, F|\n|poke|p1|Slither Wing|\n|poke|p1|Azumarill, F|\n|poke|p1|Donphan, F|\n|poke|p1|Gyarados, F|\n|poke|p1|Muk-Alola, M|\n|poke|p2|Empoleon, M|\n|poke|p2|Dragapult, M|\n|poke|p2|Cinderace, M|\n|poke|p2|Gholdengo|\n|poke|p2|Chien-Pao|\n|poke|p2|Glimmora, F|\n|teampreview\n|\n|t:|1699648598\n|start\n|switch|p1a: Muk|Muk-Alola, M|100\/100\n|switch|p2a: Neeeeyoom|Dragapult, M, shiny|100\/100\n|turn|1\n|\n|t:|1699648636\n|move|p2a: Neeeeyoom|U-turn|p1a: Muk\n|-damage|p1a: Muk|77\/100\n|-damage|p2a: Neeeeyoom|91\/100|[from] item: Life Orb\n|\n|t:|1699648644\n|switch|p2a: Rawk|Glimmora, F|100\/100|[from] U-turn\n|move|p1a: Muk|Poison Jab|p2a: Rawk\n|-resisted|p2a: Rawk\n|-damage|p2a: Rawk|92\/100\n|-activate|p2a: Rawk|ability: Toxic Debris\n|-sidestart|p1: MichaeltheMink|move: Toxic Spikes\n|\n|-heal|p1a: Muk|83\/100|[from] item: Black Sludge\n|upkeep\n|turn|2\n|\n|t:|1699648655\n|move|p2a: Rawk|Spikes|p1a: Muk\n|-sidestart|p1: MichaeltheMink|Spikes\n|move|p1a: Muk|Drain Punch|p2a: Rawk\n|-damage|p2a: Rawk|69\/100\n|-heal|p1a: Muk|92\/100|[from] drain|[of] p2a: Rawk\n|-activate|p2a: Rawk|ability: Toxic Debris\n|-sidestart|p1: MichaeltheMink|move: Toxic Spikes\n|\n|-heal|p1a: Muk|98\/100|[from] item: Black Sludge\n|upkeep\n|turn|3\n|\n|t:|1699648671\n|move|p2a: Rawk|Spikes|p1a: Muk\n|-sidestart|p1: MichaeltheMink|Spikes\n|move|p1a: Muk|Drain Punch|p2a: Rawk\n|-damage|p2a: Rawk|47\/100\n|-heal|p1a: Muk|100\/100|[from] drain|[of] p2a: Rawk\n|\n|upkeep\n|turn|4\n|\n|t:|1699648681\n|move|p2a: Rawk|Spikes|p1a: Muk\n|-sidestart|p1: MichaeltheMink|Spikes\n|move|p1a: Muk|Thunder Punch|p2a: Rawk\n|-damage|p2a: Rawk|26\/100\n|-status|p2a: Rawk|par\n|\n|upkeep\n|turn|5\n|\n|t:|1699648695\n|move|p2a: Rawk|Energy Ball|p1a: Muk\n|-resisted|p1a: Muk\n|-damage|p1a: Muk|91\/100\n|move|p1a: Muk|Thunder Punch|p2a: Rawk\n|-damage|p2a: Rawk|5\/100 par\n|\n|-heal|p1a: Muk|97\/100|[from] item: Black Sludge\n|upkeep\n|turn|6\n|\n|t:|1699648707\n|move|p2a: Rawk|Energy Ball|p1a: Muk\n|-resisted|p1a: Muk\n|-damage|p1a: Muk|87\/100\n|move|p1a: Muk|Thunder Punch|p2a: Rawk\n|-damage|p2a: Rawk|0 fnt\n|faint|p2a: Rawk\n|\n|-heal|p1a: Muk|93\/100|[from] item: Black Sludge\n|upkeep\n|\n|t:|1699648715\n|switch|p2a: DaveNBusters|Gholdengo|100\/100\n|turn|7\n|\n|t:|1699648720\n|move|p1a: Muk|Protect|p1a: Muk\n|-singleturn|p1a: Muk|Protect\n|move|p2a: DaveNBusters|Dazzling Gleam|p1a: Muk\n|-activate|p1a: Muk|move: Protect\n|\n|-heal|p1a: Muk|99\/100|[from] item: Black Sludge\n|upkeep\n|turn|8\n|\n|t:|1699648747\n|move|p2a: DaveNBusters|Dazzling Gleam|p1a: Muk\n|-damage|p1a: Muk|82\/100\n|move|p1a: Muk|Poison Jab|p2a: DaveNBusters\n|-immune|p2a: DaveNBusters\n|\n|-heal|p1a: Muk|88\/100|[from] item: Black Sludge\n|upkeep\n|turn|9\n|\n|t:|1699648776\n|move|p2a: DaveNBusters|Nasty Plot|p2a: DaveNBusters\n|-boost|p2a: DaveNBusters|spa|2\n|move|p1a: Muk|Thunder Punch|p2a: DaveNBusters\n|-damage|p2a: DaveNBusters|85\/100\n|\n|-heal|p2a: DaveNBusters|91\/100|[from] item: Leftovers\n|-heal|p1a: Muk|94\/100|[from] item: Black Sludge\n|upkeep\n|turn|10\n|\n|t:|1699648784\n|move|p2a: DaveNBusters|Nasty Plot|p2a: DaveNBusters\n|-boost|p2a: DaveNBusters|spa|2\n|move|p1a: Muk|Thunder Punch|p2a: DaveNBusters\n|-damage|p2a: DaveNBusters|73\/100\n|\n|-heal|p2a: DaveNBusters|79\/100|[from] item: Leftovers\n|-heal|p1a: Muk|99\/100|[from] item: Black Sludge\n|upkeep\n|turn|11\n|\n|t:|1699648792\n|move|p2a: DaveNBusters|Nasty Plot|p2a: DaveNBusters\n|-boost|p2a: DaveNBusters|spa|2\n|move|p1a: Muk|Thunder Punch|p2a: DaveNBusters\n|-damage|p2a: DaveNBusters|62\/100\n|\n|-heal|p2a: DaveNBusters|68\/100|[from] item: Leftovers\n|-heal|p1a: Muk|100\/100|[from] item: Black Sludge\n|upkeep\n|turn|12\n|\n|t:|1699648801\n|move|p2a: DaveNBusters|Recover|p2a: DaveNBusters\n|-heal|p2a: DaveNBusters|100\/100\n|move|p1a: Muk|Thunder Punch|p2a: DaveNBusters\n|-damage|p2a: DaveNBusters|83\/100\n|\n|-heal|p2a: DaveNBusters|89\/100|[from] item: Leftovers\n|upkeep\n|turn|13\n|\n|t:|1699648808\n|move|p2a: DaveNBusters|Make It Rain|p1a: Muk\n|-damage|p1a: Muk|0 fnt\n|-unboost|p2a: DaveNBusters|spa|1\n|faint|p1a: Muk\n|\n|-heal|p2a: DaveNBusters|95\/100|[from] item: Leftovers\n|upkeep\n|\n|t:|1699648821\n|switch|p1a: Slither Wing|Slither Wing|100\/100\n|-status|p1a: Slither Wing|tox\n|-damage|p1a: Slither Wing|76\/100 tox|[from] Spikes\n|turn|14\n|\n|t:|1699648830\n|move|p1a: Slither Wing|First Impression|p2a: DaveNBusters\n|-resisted|p2a: DaveNBusters\n|-damage|p2a: DaveNBusters|75\/100\n|move|p2a: DaveNBusters|Dazzling Gleam|p1a: Slither Wing\n|-supereffective|p1a: Slither Wing\n|-damage|p1a: Slither Wing|0 fnt\n|faint|p1a: Slither Wing\n|-end|p1a: Slither Wing|Protosynthesis|[silent]\n|\n|-heal|p2a: DaveNBusters|81\/100|[from] item: Leftovers\n|upkeep\n|\n|t:|1699648839\n|switch|p1a: Gyarados|Gyarados, F|100\/100\n|-ability|p1a: Gyarados|Intimidate|boost\n|-unboost|p2a: DaveNBusters|atk|1\n|turn|15\n|\n|t:|1699648847\n|move|p1a: Gyarados|Thunder Wave|p2a: DaveNBusters\n|-immune|p2a: DaveNBusters|[from] ability: Good as Gold\n|move|p2a: DaveNBusters|Make It Rain|p1a: Gyarados\n|-resisted|p1a: Gyarados\n|-damage|p1a: Gyarados|0 fnt\n|-unboost|p2a: DaveNBusters|spa|1\n|faint|p1a: Gyarados\n|\n|-heal|p2a: DaveNBusters|87\/100|[from] item: Leftovers\n|upkeep\n|\n|t:|1699648863\n|switch|p1a: Orthworm|Orthworm, F|100\/100\n|-damage|p1a: Orthworm|76\/100|[from] Spikes\n|turn|16\n|\n|t:|1699648875\n|move|p2a: DaveNBusters|Make It Rain|p1a: Orthworm\n|-resisted|p1a: Orthworm\n|-damage|p1a: Orthworm|0 fnt\n|-unboost|p2a: DaveNBusters|spa|1\n|faint|p1a: Orthworm\n|\n|-heal|p2a: DaveNBusters|93\/100|[from] item: Leftovers\n|upkeep\n|\n|t:|1699648883\n|switch|p1a: Azumarill|Azumarill, F|100\/100\n|-status|p1a: Azumarill|tox\n|-damage|p1a: Azumarill|76\/100 tox|[from] Spikes\n|turn|17\n|\n|t:|1699648890\n|move|p1a: Azumarill|Aqua Jet|p2a: DaveNBusters\n|-damage|p2a: DaveNBusters|71\/100\n|move|p2a: DaveNBusters|Make It Rain|p1a: Azumarill\n|-damage|p1a: Azumarill|0 fnt\n|-unboost|p2a: DaveNBusters|spa|1\n|faint|p1a: Azumarill\n|\n|-heal|p2a: DaveNBusters|77\/100|[from] item: Leftovers\n|upkeep\n|\n|t:|1699648899\n|switch|p1a: Donphan|Donphan, F|100\/100\n|-status|p1a: Donphan|tox\n|-damage|p1a: Donphan|75\/100 tox|[from] Spikes\n|turn|18\n|\n|t:|1699648916\n|move|p2a: DaveNBusters|Make It Rain|p1a: Donphan\n|-damage|p1a: Donphan|0 fnt\n|-unboost|p2a: DaveNBusters|spa|1\n|faint|p1a: Donphan\n|\n|win|something482\n","uploadtime":1699648926,"views":36,"p1id":"michaelthemink","p2id":"something482","formatid":"gen9ubers","rating":0,"private":0,"password":""}